{"id":"gen9vgc2023regulationc-1847398608","p1":"spikemuthcutie","p2":"123datastage123","format":"[Gen 9] VGC 2023 Regulation C","log":"|j|\u2606spikemuthcutie\n|j|\u2606123datastage123\n|t:|1681950492\n|gametype|doubles\n|player|p1|spikemuthcutie|guitarist|1174\n|player|p2|123datastage123|biker-gen4|1210\n|teamsize|p1|6\n|teamsize|p2|6\n|gen|9\n|tier|[Gen 9] VGC 2023 Regulation C\n|rated|\n|rule|Species Clause: Limit one of each Pok\u00e9mon\n|rule|Item Clause: Limit one of each item\n|clearpoke\n|poke|p1|Torkoal, L50, F|\n|poke|p1|Lilligant, L50, F|\n|poke|p1|Flutter Mane, L50|\n|poke|p1|Dachsbun, L50, F|\n|poke|p1|Wo-Chien, L50|\n|poke|p1|Chi-Yu, L50|\n|poke|p2|Flutter Mane, L50|\n|poke|p2|Palafin, L50, M|\n|poke|p2|Arcanine, L50, M|\n|poke|p2|Amoonguss, L50, M|\n|poke|p2|Ting-Lu, L50|\n|poke|p2|Corviknight, L50, M|\n|teampreview|4\n|\n|t:|1681950552\n|start\n|switch|p1a: Lilligant|Lilligant, L50, F|100\/100\n|switch|p1b: Torkoal|Torkoal, L50, F|100\/100\n|switch|p2a: Flutter Mane|Flutter Mane, L50, shiny|100\/100\n|switch|p2b: Amoonguss|Amoonguss, L50, M, shiny|100\/100\n|-weather|SunnyDay|[from] ability: Drought|[of] p1b: Torkoal\n|-activate|p2a: Flutter Mane|ability: Protosynthesis\n|-start|p2a: Flutter Mane|protosynthesisspe\n|turn|1\n|\n|t:|1681950572\n|-terastallize|p2b: Amoonguss|Water\n|move|p1a: Lilligant|After You|p1b: Torkoal\n|-activate|p1b: Torkoal|move: After You\n|move|p1b: Torkoal|Eruption|p2b: Amoonguss|[spread] p2a,p2b\n|-resisted|p2b: Amoonguss\n|-damage|p2a: Flutter Mane|17\/100\n|-damage|p2b: Amoonguss|59\/100\n|move|p2a: Flutter Mane|Dazzling Gleam|p1b: Torkoal|[spread] p1a,p1b\n|-resisted|p1b: Torkoal\n|-damage|p1a: Lilligant|43\/100\n|-damage|p1b: Torkoal|73\/100\n|move|p2b: Amoonguss|Spore|p1b: Torkoal\n|-status|p1b: Torkoal|slp|[from] move: Spore\n|\n|-weather|SunnyDay|[upkeep]\n|upkeep\n|turn|2\n|\n|t:|1681950604\n|switch|p2b: Arcanine|Arcanine, L50, M|100\/100\n|-ability|p2b: Arcanine|Intimidate|boost\n|-unboost|p1a: Lilligant|atk|1\n|-unboost|p1b: Torkoal|atk|1\n|cant|p1b: Torkoal|slp\n|move|p1a: Lilligant|Leaf Storm|p2b: Arcanine\n|-resisted|p2b: Arcanine\n|-damage|p2b: Arcanine|73\/100\n|-unboost|p1a: Lilligant|spa|2\n|move|p2a: Flutter Mane|Dazzling Gleam|p1a: Lilligant|[spread] p1a,p1b\n|-resisted|p1b: Torkoal\n|-damage|p1a: Lilligant|0 fnt\n|-damage|p1b: Torkoal|46\/100 slp\n|faint|p1a: Lilligant\n|\n|-weather|SunnyDay|[upkeep]\n|upkeep\n|\n|t:|1681950618\n|switch|p1a: Chi-Yu|Chi-Yu, L50|100\/100\n|-ability|p1a: Chi-Yu|Beads of Ruin\n|turn|3\n|\n|t:|1681950639\n|switch|p1b: Dachsbun|Dachsbun, L50, F|100\/100\n|move|p2a: Flutter Mane|Dazzling Gleam|p1a: Chi-Yu|[spread] p1a,p1b\n|-damage|p1a: Chi-Yu|50\/100\n|-damage|p1b: Dachsbun|40\/100\n|move|p1a: Chi-Yu|Lava Plume|p2a: Flutter Mane|[spread] p2a,p2b\n|-ability|p1b: Dachsbun|Well-Baked Body|boost\n|-boost|p1b: Dachsbun|def|2\n|-resisted|p2b: Arcanine\n|-damage|p2a: Flutter Mane|0 fnt\n|-damage|p2b: Arcanine|40\/100\n|faint|p2a: Flutter Mane\n|-end|p2a: Flutter Mane|Protosynthesis|[silent]\n|move|p2b: Arcanine|Flare Blitz|p1a: Chi-Yu\n|-resisted|p1a: Chi-Yu\n|-damage|p1a: Chi-Yu|0 fnt\n|faint|p1a: Chi-Yu\n|-damage|p2b: Arcanine|29\/100|[from] Recoil\n|\n|-weather|SunnyDay|[upkeep]\n|-heal|p1b: Dachsbun|46\/100|[from] item: Leftovers\n|upkeep\n|\n|t:|1681950660\n|switch|p2a: Corviknight|Corviknight, L50, M, shiny|100\/100\n|switch|p1a: Torkoal|Torkoal, L50, F|46\/100 slp\n|turn|4\n|\n|t:|1681950686\n|move|p1b: Dachsbun|Protect|p1b: Dachsbun\n|-singleturn|p1b: Dachsbun|Protect\n|-curestatus|p1a: Torkoal|slp|[msg]\n|move|p1a: Torkoal|Protect|p1a: Torkoal\n|-singleturn|p1a: Torkoal|Protect\n|move|p2b: Arcanine|Howl|p2b: Arcanine|[spread] p2a,p2b\n|-boost|p2a: Corviknight|atk|1\n|-boost|p2b: Arcanine|atk|1\n|move|p2a: Corviknight|Iron Head|p1b: Dachsbun\n|-activate|p1b: Dachsbun|move: Protect\n|\n|-weather|SunnyDay|[upkeep]\n|-heal|p1b: Dachsbun|52\/100|[from] item: Leftovers\n|upkeep\n|turn|5\n|\n|t:|1681950711\n|-terastallize|p1b: Dachsbun|Fighting\n|move|p2b: Arcanine|Flare Blitz|p1a: Torkoal\n|-resisted|p1a: Torkoal\n|-damage|p1a: Torkoal|0 fnt\n|faint|p1a: Torkoal\n|-damage|p2b: Arcanine|16\/100|[from] Recoil\n|move|p1b: Dachsbun|Body Press|p2a: Corviknight\n|-damage|p2a: Corviknight|44\/100\n|move|p2a: Corviknight|Iron Head|p1b: Dachsbun\n|-damage|p1b: Dachsbun|35\/100\n|\n|-weather|none\n|-heal|p1b: Dachsbun|41\/100|[from] item: Leftovers\n|upkeep\n|turn|6\n|\n|t:|1681950736\n|switch|p2a: Amoonguss|Amoonguss, L50, M, shiny, tera:Water|93\/100\n|move|p1b: Dachsbun|Protect|p1b: Dachsbun\n|-singleturn|p1b: Dachsbun|Protect\n|move|p2b: Arcanine|Extreme Speed|p1b: Dachsbun\n|-activate|p1b: Dachsbun|move: Protect\n|\n|-heal|p1b: Dachsbun|47\/100|[from] item: Leftovers\n|upkeep\n|turn|7\n|\n|t:|1681950754\n|move|p2b: Arcanine|Flare Blitz|p1b: Dachsbun\n|-ability|p1b: Dachsbun|Well-Baked Body|boost\n|-boost|p1b: Dachsbun|def|2\n|move|p1b: Dachsbun|Body Press|p2a: Amoonguss\n|-damage|p2a: Amoonguss|4\/100\n|-enditem|p2a: Amoonguss|Sitrus Berry|[eat]\n|-heal|p2a: Amoonguss|28\/100|[from] item: Sitrus Berry\n|move|p2a: Amoonguss|Spore|p1b: Dachsbun\n|-status|p1b: Dachsbun|slp|[from] move: Spore\n|\n|-heal|p1b: Dachsbun|53\/100 slp|[from] item: Leftovers\n|upkeep\n|turn|8\n|-message|spikemuthcutie forfeited.\n|\n|win|123datastage123\n|raw|spikemuthcutie's rating: 1174 → 1152<\/strong> (-22 for losing)\n|raw|123datastage123's rating: 1210 → 1232<\/strong> (+22 for winning)\n|l|\u2606spikemuthcutie\n","uploadtime":1681950770,"views":5,"p1id":"spikemuthcutie","p2id":"123datastage123","formatid":"gen9vgc2023regulationc","rating":1152,"private":0,"password":""}