{"id":"gen9vgc2023regulationc-1855252835","p1":"pnutbutrsemicolon","p2":"Hvv bi f dt gdgcf","format":"[Gen 9] VGC 2023 Regulation C","log":"|j|\u2606pnutbutrsemicolon\n|j|\u2606Hvv bi f dt gdgcf\n|t:|1682923410\n|gametype|doubles\n|player|p1|pnutbutrsemicolon|iris|1000\n|player|p2|Hvv bi f dt gdgcf|falkner|1040\n|teamsize|p1|6\n|teamsize|p2|6\n|gen|9\n|tier|[Gen 9] VGC 2023 Regulation C\n|rated|\n|rule|Species Clause: Limit one of each Pok\u00e9mon\n|rule|Item Clause: Limit one of each item\n|clearpoke\n|poke|p1|Scream Tail, L50|\n|poke|p1|Iron Hands, L50|\n|poke|p1|Arcanine, L50, M|\n|poke|p1|Amoonguss, L50, F|\n|poke|p1|Hydreigon, L50, F|\n|poke|p1|Pawmot, L50, M|\n|poke|p2|Flutter Mane, L50|\n|poke|p2|Great Tusk, L50|\n|poke|p2|Ting-Lu, L50|\n|poke|p2|Amoonguss, L50, M|\n|poke|p2|Arcanine, L50, M|\n|poke|p2|Iron Hands, L50|\n|teampreview|4\n|inactive|Battle timer is ON: inactive players will automatically lose when time's up. (requested by Hvv bi f dt gdgcf)\npnutbutrsemicolon rejected open team sheets.\n|inactive|Hvv bi f dt gdgcf has 60 seconds left.\n|\n|t:|1682923448\n|start\n|switch|p1a: Scream Tail|Scream Tail, L50|100\/100\n|switch|p1b: Amoonguss|Amoonguss, L50, F|100\/100\n|switch|p2a: Flutter Mane|Flutter Mane, L50, shiny|100\/100\n|switch|p2b: Iron Hands|Iron Hands, L50, shiny|100\/100\n|-enditem|p2a: Flutter Mane|Booster Energy\n|-activate|p2a: Flutter Mane|ability: Protosynthesis|[fromitem]\n|-start|p2a: Flutter Mane|protosynthesisspa\n|turn|1\n|\n|t:|1682923468\n|move|p2b: Iron Hands|Fake Out|p1a: Scream Tail\n|-damage|p1a: Scream Tail|88\/100\n|move|p1b: Amoonguss|Rage Powder|p1b: Amoonguss\n|-singleturn|p1b: Amoonguss|move: Rage Powder\n|move|p2a: Flutter Mane|Taunt|p1b: Amoonguss\n|-start|p1b: Amoonguss|move: Taunt\n|cant|p1a: Scream Tail|flinch\n|\n|-heal|p1a: Scream Tail|94\/100|[from] item: Leftovers\n|upkeep\n|turn|2\n|c|\u2606pnutbutrsemicolon|i did not know fake out went before rage powder\n|inactive|pnutbutrsemicolon has 30 seconds left.\n|\n|t:|1682923502\n|move|p2a: Flutter Mane|Taunt|p1a: Scream Tail\n|-start|p1a: Scream Tail|move: Taunt\n|move|p1a: Scream Tail|Dazzling Gleam|p2b: Iron Hands|[spread] p2a,p2b\n|-supereffective|p2b: Iron Hands\n|-damage|p2a: Flutter Mane|84\/100\n|-damage|p2b: Iron Hands|71\/100\n|move|p2b: Iron Hands|Swords Dance|p2b: Iron Hands\n|-boost|p2b: Iron Hands|atk|2\n|move|p1b: Amoonguss|Giga Drain|p2a: Flutter Mane\n|-damage|p2a: Flutter Mane|47\/100\n|\n|-heal|p1a: Scream Tail|99\/100|[from] item: Leftovers\n|-heal|p2b: Iron Hands|77\/100|[from] item: Leftovers\n|upkeep\n|turn|3\n|\n|t:|1682923527\n|-end|p2a: Flutter Mane|Protosynthesis|[silent]\n|switch|p2a: Amoonguss|Amoonguss, L50, M, shiny|100\/100\n|move|p1a: Scream Tail|Dazzling Gleam|p2a: Amoonguss|[spread] p2a,p2b\n|-resisted|p2a: Amoonguss\n|-supereffective|p2b: Iron Hands\n|-damage|p2a: Amoonguss|94\/100\n|-damage|p2b: Iron Hands|49\/100\n|move|p2b: Iron Hands|Drain Punch|p1b: Amoonguss\n|-resisted|p1b: Amoonguss\n|-crit|p1b: Amoonguss\n|-damage|p1b: Amoonguss|26\/100\n|-heal|p2b: Iron Hands|81\/100|[from] drain|[of] p1b: Amoonguss\n|-enditem|p1b: Amoonguss|Sitrus Berry|[eat]\n|-heal|p1b: Amoonguss|51\/100|[from] item: Sitrus Berry\n|move|p1b: Amoonguss|Clear Smog|p2b: Iron Hands\n|-damage|p2b: Iron Hands|60\/100\n|-clearboost|p2b: Iron Hands\n|\n|-heal|p1a: Scream Tail|100\/100|[from] item: Leftovers\n|-heal|p2b: Iron Hands|66\/100|[from] item: Leftovers\n|upkeep\n|turn|4\n|inactive|pnutbutrsemicolon has 30 seconds left.\n|\n|t:|1682923561\n|move|p1a: Scream Tail|Dazzling Gleam|p2a: Amoonguss|[spread] p2a,p2b\n|-resisted|p2a: Amoonguss\n|-supereffective|p2b: Iron Hands\n|-damage|p2a: Amoonguss|88\/100\n|-damage|p2b: Iron Hands|38\/100\n|move|p2b: Iron Hands|Wild Charge|p1a: Scream Tail\n|-damage|p1a: Scream Tail|59\/100\n|-damage|p2b: Iron Hands|29\/100|[from] Recoil\n|move|p1b: Amoonguss|Giga Drain|p2b: Iron Hands\n|-damage|p2b: Iron Hands|0 fnt\n|-heal|p1b: Amoonguss|68\/100|[from] drain|[of] p2b: Iron Hands\n|faint|p2b: Iron Hands\n|-end|p2b: Iron Hands|Quark Drive|[silent]\n|move|p2a: Amoonguss|Pollen Puff|p2: Iron Hands|[notarget]\n|-fail|p2a: Amoonguss\n|\n|-heal|p1a: Scream Tail|64\/100|[from] item: Leftovers\n|-end|p1a: Scream Tail|move: Taunt\n|-end|p1b: Amoonguss|move: Taunt\n|upkeep\n|\n|t:|1682923572\n|switch|p2b: Flutter Mane|Flutter Mane, L50, shiny|47\/100\n|turn|5\n|\n|t:|1682923589\n|move|p1b: Amoonguss|Rage Powder|p1b: Amoonguss\n|-singleturn|p1b: Amoonguss|move: Rage Powder\n|move|p2a: Amoonguss|Rage Powder|p2a: Amoonguss\n|-singleturn|p2a: Amoonguss|move: Rage Powder\n|move|p2b: Flutter Mane|Dark Pulse|p1b: Amoonguss\n|-damage|p1b: Amoonguss|36\/100\n|move|p1a: Scream Tail|Dazzling Gleam|p2b: Flutter Mane|[spread] p2a,p2b\n|-resisted|p2a: Amoonguss\n|-damage|p2a: Amoonguss|81\/100\n|-damage|p2b: Flutter Mane|30\/100\n|\n|-heal|p1a: Scream Tail|70\/100|[from] item: Leftovers\n|upkeep\n|turn|6\n|\n|t:|1682923611\n|-terastallize|p2b: Flutter Mane|Fairy\n|move|p2b: Flutter Mane|Dazzling Gleam|p1b: Amoonguss|[spread] p1a,p1b\n|-resisted|p1b: Amoonguss\n|-damage|p1a: Scream Tail|37\/100\n|-damage|p1b: Amoonguss|14\/100\n|move|p1a: Scream Tail|Light Screen|p1a: Scream Tail\n|-sidestart|p1: pnutbutrsemicolon|move: Light Screen\n|move|p1b: Amoonguss|Giga Drain|p2b: Flutter Mane\n|-damage|p2b: Flutter Mane|0 fnt\n|-heal|p1b: Amoonguss|23\/100|[from] drain|[of] p2b: Flutter Mane\n|faint|p2b: Flutter Mane\n|-end|p2b: Flutter Mane|Protosynthesis|[silent]\n|move|p2a: Amoonguss|Pollen Puff|p2: Flutter Mane|[notarget]\n|-fail|p2a: Amoonguss\n|\n|-heal|p1a: Scream Tail|43\/100|[from] item: Leftovers\n|upkeep\n|\n|t:|1682923620\n|switch|p2b: Great Tusk|Great Tusk, L50, shiny|100\/100\n|turn|7\n|\n|t:|1682923632\n|move|p1b: Amoonguss|Rage Powder|p1b: Amoonguss\n|-singleturn|p1b: Amoonguss|move: Rage Powder\n|move|p2a: Amoonguss|Rage Powder|p2a: Amoonguss\n|-singleturn|p2a: Amoonguss|move: Rage Powder\n|move|p1a: Scream Tail|Reflect|p1a: Scream Tail\n|-sidestart|p1: pnutbutrsemicolon|Reflect\n|move|p2b: Great Tusk|Ice Spinner|p1b: Amoonguss\n|-supereffective|p1b: Amoonguss\n|-damage|p1b: Amoonguss|0 fnt\n|-status|p2b: Great Tusk|par|[from] ability: Effect Spore|[of] p1b: Amoonguss\n|faint|p1b: Amoonguss\n|-damage|p2b: Great Tusk|91\/100 par|[from] item: Life Orb\n|\n|-heal|p1a: Scream Tail|49\/100|[from] item: Leftovers\n|upkeep\n|\n|t:|1682923643\n|switch|p1b: Arcanine|Arcanine, L50, M|100\/100\n|-ability|p1b: Arcanine|Intimidate|boost\n|-unboost|p2a: Amoonguss|atk|1\n|-unboost|p2b: Great Tusk|atk|1\n|turn|8\n|\n|t:|1682923661\n|move|p1b: Arcanine|Protect|p1b: Arcanine\n|-singleturn|p1b: Arcanine|Protect\n|move|p1a: Scream Tail|Encore|p2a: Amoonguss\n|-start|p2a: Amoonguss|Encore\n|move|p2b: Great Tusk|Headlong Rush|p1b: Arcanine\n|-activate|p1b: Arcanine|move: Protect\n|move|p2a: Amoonguss|Rage Powder|p2a: Amoonguss\n|-singleturn|p2a: Amoonguss|move: Rage Powder\n|\n|-heal|p1a: Scream Tail|55\/100|[from] item: Leftovers\n|upkeep\n|turn|9\n|l|\u2606Hvv bi f dt gdgcf\n|inactive|Hvv bi f dt gdgcf disconnected and has a minute to reconnect!\n|player|p2|\n|\n|t:|1682923675\n|move|p2a: Amoonguss|Rage Powder|p2a: Amoonguss\n|-singleturn|p2a: Amoonguss|move: Rage Powder\n|move|p1a: Scream Tail|Dazzling Gleam|p2a: Amoonguss|[spread] p2a,p2b\n|-resisted|p2a: Amoonguss\n|-supereffective|p2b: Great Tusk\n|-damage|p2a: Amoonguss|75\/100\n|-damage|p2b: Great Tusk|42\/100 par\n|move|p1b: Arcanine|Flare Blitz|p2a: Amoonguss\n|-supereffective|p2a: Amoonguss\n|-damage|p2a: Amoonguss|1\/100\n|-damage|p1b: Arcanine|84\/100|[from] item: Rocky Helmet|[of] p2a: Amoonguss\n|-damage|p1b: Arcanine|57\/100|[from] Recoil\n|move|p2b: Great Tusk|Headlong Rush|p1b: Arcanine\n|-supereffective|p1b: Arcanine\n|-damage|p1b: Arcanine|0 fnt\n|-unboost|p2b: Great Tusk|def|1\n|-unboost|p2b: Great Tusk|spd|1\n|faint|p1b: Arcanine\n|-damage|p2b: Great Tusk|32\/100 par|[from] item: Life Orb\n|\n|-heal|p1a: Scream Tail|60\/100|[from] item: Leftovers\n|upkeep\n|\n|t:|1682923692\n|switch|p1b: Iron Hands|Iron Hands, L50|100\/100\n|turn|10\n|inactive|Hvv bi f dt gdgcf has 30 seconds left.\n|inactive|Hvv bi f dt gdgcf has 20 seconds left.\n|inactive|Hvv bi f dt gdgcf has 15 seconds left.\n|inactive|Hvv bi f dt gdgcf has 10 seconds left.\n|inactive|Hvv bi f dt gdgcf has 5 seconds left.\n|-message|Hvv bi f dt gdgcf lost due to inactivity.\n|\n|win|pnutbutrsemicolon\n|raw|pnutbutrsemicolon's rating: 1000 → 1045<\/strong> (+45 for winning)\n|raw|Hvv bi f dt gdgcf's rating: 1040 → 1022<\/strong> (-18 for losing)\n","uploadtime":1682923750,"views":22,"p1id":"pnutbutrsemicolon","p2id":"hvvbifdtgdgcf","formatid":"gen9vgc2023regulationc","rating":1022,"private":0,"password":""}