{"id":"gen9vgc2023regulationc-1859157972","p1":"Arcacagne","p2":"darkpom","format":"[Gen 9] VGC 2023 Regulation C","log":"|j|\u2606Arcacagne\n|j|\u2606darkpom\n|t:|1683411518\n|gametype|doubles\n|player|p1|Arcacagne|170|1323\n|player|p2|darkpom|102|1288\n|teamsize|p1|6\n|teamsize|p2|6\n|gen|9\n|tier|[Gen 9] VGC 2023 Regulation C\n|rated|\n|rule|Species Clause: Limit one of each Pok\u00e9mon\n|rule|Item Clause: Limit one of each item\n|clearpoke\n|poke|p1|Abomasnow, L50, M|\n|poke|p1|Iron Bundle, L50|\n|poke|p1|Rotom-Heat, L50|\n|poke|p1|Amoonguss, L50, M|\n|poke|p1|Iron Hands, L50|\n|poke|p1|Ting-Lu, L50|\n|poke|p2|Maushold, L50|\n|poke|p2|Murkrow, L50, M|\n|poke|p2|Annihilape, L50, M|\n|poke|p2|Dondozo, L50, F|\n|poke|p2|Tatsugiri, L50, F|\n|poke|p2|Flamigo, L50, M|\n|teampreview|4\n|inactive|Battle timer is ON: inactive players will automatically lose when time's up. (requested by Arcacagne)\n|\n|t:|1683411544\n|start\n|switch|p1a: Abomasnow|Abomasnow, L50, M|100\/100\n|switch|p1b: Iron Hands|Iron Hands, L50|100\/100\n|switch|p2a: Maushold|Maushold, L50|100\/100\n|switch|p2b: Annihilape|Annihilape, L50, M|100\/100\n|-weather|Snow|[from] ability: Snow Warning|[of] p1a: Abomasnow\n|turn|1\n|\n|t:|1683411567\n|-terastallize|p1a: Abomasnow|Water\n|move|p2b: Annihilape|Close Combat|p1a: Abomasnow\n|-damage|p1a: Abomasnow|37\/100\n|-unboost|p2b: Annihilape|def|1\n|-unboost|p2b: Annihilape|spd|1\n|move|p2a: Maushold|Population Bomb|p1a: Abomasnow\n|-crit|p1a: Abomasnow\n|-damage|p1a: Abomasnow|19\/100\n|-damage|p1a: Abomasnow|6\/100\n|-damage|p1a: Abomasnow|0 fnt\n|faint|p1a: Abomasnow\n|-hitcount|p1: Abomasnow|3\n|move|p1b: Iron Hands|Volt Switch|p2a: Maushold\n|-crit|p2a: Maushold\n|-damage|p2a: Maushold|70\/100\n|\n|t:|1683411582\n|-end|p1b: Iron Hands|Quark Drive|[silent]\n|switch|p1b: Iron Bundle|Iron Bundle, L50|100\/100|[from] Volt Switch\n|-enditem|p1b: Iron Bundle|Booster Energy\n|-activate|p1b: Iron Bundle|ability: Quark Drive|[fromitem]\n|-start|p1b: Iron Bundle|quarkdrivespe\n|\n|-weather|Snow|[upkeep]\n|upkeep\n|\n|t:|1683411588\n|switch|p1a: Iron Hands|Iron Hands, L50|100\/100\n|turn|2\n|\n|t:|1683411595\n|move|p1a: Iron Hands|Fake Out|p2a: Maushold\n|-damage|p2a: Maushold|46\/100\n|cant|p2a: Maushold|flinch\n|move|p1b: Iron Bundle|Blizzard|p2a: Maushold|[spread] p2a,p2b\n|-damage|p2a: Maushold|0 fnt\n|-damage|p2b: Annihilape|44\/100\n|faint|p2a: Maushold\n|move|p2b: Annihilape|Close Combat|p1b: Iron Bundle\n|-supereffective|p1b: Iron Bundle\n|-damage|p1b: Iron Bundle|18\/100\n|-unboost|p2b: Annihilape|def|1\n|-unboost|p2b: Annihilape|spd|1\n|\n|-weather|Snow|[upkeep]\n|upkeep\n|\n|t:|1683411607\n|switch|p2a: Dondozo|Dondozo, L50, F|100\/100\n|turn|3\n|\n|t:|1683411625\n|switch|p2b: Tatsugiri|Tatsugiri, L50, F|100\/100\n|-activate|p2b: Tatsugiri|ability: Commander|[of] p2a: Dondozo\n|-boost|p2a: Dondozo|atk|2\n|-boost|p2a: Dondozo|spa|2\n|-boost|p2a: Dondozo|spe|2\n|-boost|p2a: Dondozo|def|2\n|-boost|p2a: Dondozo|spd|2\n|move|p1b: Iron Bundle|Blizzard|p2b: Tatsugiri|[spread] p2a\n|-miss|p1b: Iron Bundle|p2b: Tatsugiri\n|-resisted|p2a: Dondozo\n|-damage|p2a: Dondozo|92\/100\n|move|p2a: Dondozo|Order Up|p1b: Iron Bundle\n|-damage|p1b: Iron Bundle|0 fnt\n|faint|p1b: Iron Bundle\n|-end|p1b: Iron Bundle|Quark Drive|[silent]\n|-boost|p2a: Dondozo|atk|1\n|move|p1a: Iron Hands|Wild Charge|p2a: Dondozo\n|-supereffective|p2a: Dondozo\n|-damage|p2a: Dondozo|64\/100\n|-damage|p1a: Iron Hands|93\/100|[from] Recoil\n|\n|-weather|Snow|[upkeep]\n|-heal|p2a: Dondozo|70\/100|[from] item: Leftovers\n|upkeep\n|\n|t:|1683411645\n|switch|p1b: Amoonguss|Amoonguss, L50, M|100\/100\n|turn|4\n|\n|t:|1683411663\n|move|p2a: Dondozo|Wave Crash|p1a: Iron Hands\n|-damage|p1a: Iron Hands|0 fnt\n|faint|p1a: Iron Hands\n|-end|p1a: Iron Hands|Quark Drive|[silent]\n|-damage|p2a: Dondozo|39\/100|[from] Recoil\n|move|p1b: Amoonguss|Spore|p2a: Dondozo\n|-status|p2a: Dondozo|slp|[from] move: Spore\n|\n|-weather|Snow|[upkeep]\n|-heal|p2a: Dondozo|45\/100 slp|[from] item: Leftovers\n|upkeep\n|turn|5\n|\n|t:|1683411674\n|cant|p2a: Dondozo|slp\n|move|p2a: Dondozo|Sleep Talk|p2a: Dondozo\n|move|p2a: Dondozo|Rest||[from]move: Sleep Talk|[still]\n|-fail|p2a: Dondozo\n|move|p1b: Amoonguss|Clear Smog|p2a: Dondozo\n|-damage|p2a: Dondozo|37\/100 slp\n|-clearboost|p2a: Dondozo\n|\n|-weather|none\n|-heal|p2a: Dondozo|44\/100 slp|[from] item: Leftovers\n|upkeep\n|turn|6\n|\n|t:|1683411689\n|-curestatus|p2a: Dondozo|slp|[msg]\n|move|p2a: Dondozo|Sleep Talk||[still]\n|-fail|p2a: Dondozo\n|move|p1b: Amoonguss|Clear Smog|p2a: Dondozo\n|-damage|p2a: Dondozo|27\/100\n|-clearboost|p2a: Dondozo\n|\n|-heal|p2a: Dondozo|34\/100|[from] item: Leftovers\n|upkeep\n|turn|7\n|\n|t:|1683411699\n|move|p2a: Dondozo|Rest|p2a: Dondozo\n|-status|p2a: Dondozo|slp|[from] move: Rest\n|-heal|p2a: Dondozo|100\/100 slp|[silent]\n|move|p1b: Amoonguss|Clear Smog|p2a: Dondozo\n|-damage|p2a: Dondozo|86\/100 slp\n|-clearboost|p2a: Dondozo\n|\n|-heal|p2a: Dondozo|92\/100 slp|[from] item: Leftovers\n|upkeep\n|turn|8\n|\n|t:|1683411709\n|cant|p2a: Dondozo|slp\n|move|p2a: Dondozo|Sleep Talk|p2a: Dondozo\n|move|p2a: Dondozo|Wave Crash|p1b: Amoonguss|[from]move: Sleep Talk\n|-resisted|p1b: Amoonguss\n|-damage|p1b: Amoonguss|76\/100\n|-damage|p2a: Dondozo|85\/100 slp|[from] Recoil\n|move|p1b: Amoonguss|Clear Smog|p2a: Dondozo\n|-damage|p2a: Dondozo|69\/100 slp\n|-clearboost|p2a: Dondozo\n|\n|-heal|p2a: Dondozo|75\/100 slp|[from] item: Leftovers\n|upkeep\n|turn|9\n|\n|t:|1683411721\n|cant|p2a: Dondozo|slp\n|move|p2a: Dondozo|Sleep Talk|p2a: Dondozo\n|move|p2a: Dondozo|Wave Crash|p1b: Amoonguss|[from]move: Sleep Talk\n|-resisted|p1b: Amoonguss\n|-damage|p1b: Amoonguss|50\/100\n|-enditem|p1b: Amoonguss|Sitrus Berry|[eat]\n|-heal|p1b: Amoonguss|75\/100|[from] item: Sitrus Berry\n|-damage|p2a: Dondozo|67\/100 slp|[from] Recoil\n|move|p1b: Amoonguss|Clear Smog|p2a: Dondozo\n|-damage|p2a: Dondozo|52\/100 slp\n|-clearboost|p2a: Dondozo\n|\n|-heal|p2a: Dondozo|58\/100 slp|[from] item: Leftovers\n|upkeep\n|turn|10\n|\n|t:|1683411736\n|-curestatus|p2a: Dondozo|slp|[msg]\n|move|p2a: Dondozo|Order Up|p1b: Amoonguss\n|-damage|p1b: Amoonguss|54\/100\n|-boost|p2a: Dondozo|atk|1\n|move|p1b: Amoonguss|Spore|p2a: Dondozo\n|-status|p2a: Dondozo|slp|[from] move: Spore\n|\n|-heal|p2a: Dondozo|64\/100 slp|[from] item: Leftovers\n|upkeep\n|turn|11\n|\n|t:|1683411748\n|cant|p2a: Dondozo|slp\n|move|p2a: Dondozo|Sleep Talk|p2a: Dondozo\n|move|p2a: Dondozo|Wave Crash|p1b: Amoonguss|[from]move: Sleep Talk\n|-resisted|p1b: Amoonguss\n|-crit|p1b: Amoonguss\n|-damage|p1b: Amoonguss|0 fnt\n|faint|p1b: Amoonguss\n|-damage|p2a: Dondozo|49\/100 slp|[from] Recoil\n|\n|win|darkpom\n|raw|Arcacagne's rating: 1323 → 1301<\/strong> (-22 for losing)\n|raw|darkpom's rating: 1288 → 1316<\/strong> (+28 for winning)\n","uploadtime":1683411757,"views":7,"p1id":"arcacagne","p2id":"darkpom","formatid":"gen9vgc2023regulationc","rating":1301,"private":0,"password":""}