{"id":"gen9vgc2023regulationc-1860235925","p1":"Pikakado","p2":"wochientcg","format":"[Gen 9] VGC 2023 Regulation C","log":"|j|\u2606Pikakado\n|j|\u2606wochientcg\n|t:|1683615714\n|gametype|doubles\n|player|p1|Pikakado|265|1218\n|player|p2|wochientcg|ninjaboy|1310\n|teamsize|p1|6\n|teamsize|p2|6\n|gen|9\n|tier|[Gen 9] VGC 2023 Regulation C\n|rated|\n|rule|Species Clause: Limit one of each Pok\u00e9mon\n|rule|Item Clause: Limit one of each item\n|clearpoke\n|poke|p1|Garganacl, L50, F|\n|poke|p1|Rotom-Wash, L50|\n|poke|p1|Klefki, L50, F|\n|poke|p1|Ting-Lu, L50|\n|poke|p1|Hawlucha, L50, M|\n|poke|p1|Scizor, L50, F|\n|poke|p2|Chi-Yu, L50|\n|poke|p2|Kingambit, L50, M|\n|poke|p2|Iron Bundle, L50|\n|poke|p2|Murkrow, L50, F|\n|poke|p2|Great Tusk, L50|\n|poke|p2|Flutter Mane, L50|\n|teampreview|4\n|\n|t:|1683615768\n|start\n|switch|p1a: Rotom|Rotom-Wash, L50|100\/100\n|switch|p1b: Klefki|Klefki, L50, F|100\/100\n|switch|p2a: Iron Bundle|Iron Bundle, L50, shiny|100\/100\n|switch|p2b: Chi-Yu|Chi-Yu, L50|100\/100\n|-ability|p2b: Chi-Yu|Beads of Ruin\n|-enditem|p2a: Iron Bundle|Booster Energy\n|-activate|p2a: Iron Bundle|ability: Quark Drive|[fromitem]\n|-start|p2a: Iron Bundle|quarkdrivespe\n|turn|1\n|\n|t:|1683615816\n|switch|p1a: Ting-Lu|Ting-Lu, L50|100\/100\n|-ability|p1a: Ting-Lu|Vessel of Ruin\n|move|p1b: Klefki|Light Screen|p1b: Klefki\n|-sidestart|p1: Pikakado|move: Light Screen\n|move|p2a: Iron Bundle|Freeze-Dry|p1a: Ting-Lu\n|-supereffective|p1a: Ting-Lu\n|-damage|p1a: Ting-Lu|78\/100\n|move|p2b: Chi-Yu|Heat Wave|p1a: Ting-Lu|[spread] p1a,p1b\n|-supereffective|p1b: Klefki\n|-damage|p1a: Ting-Lu|68\/100\n|-damage|p1b: Klefki|49\/100\n|\n|upkeep\n|turn|2\n|\n|t:|1683615860\n|switch|p1b: Rotom|Rotom-Wash, L50|100\/100\n|-terastallize|p1a: Ting-Lu|Poison\n|move|p2a: Iron Bundle|Hydro Pump|p1a: Ting-Lu\n|-damage|p1a: Ting-Lu|53\/100\n|move|p2b: Chi-Yu|Heat Wave|p1b: Rotom|[spread] p1a,p1b\n|-resisted|p1b: Rotom\n|-damage|p1a: Ting-Lu|43\/100\n|-damage|p1b: Rotom|89\/100\n|move|p1a: Ting-Lu|Earthquake|p2b: Chi-Yu|[spread] p2a,p2b\n|-immune|p1b: Rotom|[from] ability: Levitate\n|-supereffective|p2b: Chi-Yu\n|-damage|p2a: Iron Bundle|61\/100\n|-damage|p2b: Chi-Yu|21\/100\n|\n|-heal|p2b: Chi-Yu|28\/100|[from] item: Leftovers\n|upkeep\n|turn|3\n|\n|t:|1683615901\n|switch|p1b: Klefki|Klefki, L50, F|49\/100\n|move|p2b: Chi-Yu|Protect|p2b: Chi-Yu\n|-singleturn|p2b: Chi-Yu|Protect\n|move|p2a: Iron Bundle|Freeze-Dry|p1b: Klefki\n|-resisted|p1b: Klefki\n|-damage|p1b: Klefki|36\/100\n|move|p1a: Ting-Lu|Heavy Slam|p2a: Iron Bundle\n|-damage|p2a: Iron Bundle|13\/100\n|\n|-heal|p2b: Chi-Yu|34\/100|[from] item: Leftovers\n|upkeep\n|turn|4\n|\n|t:|1683615921\n|-end|p2a: Iron Bundle|Quark Drive|[silent]\n|switch|p2a: Great Tusk|Great Tusk, L50|100\/100\n|switch|p1b: Rotom|Rotom-Wash, L50|89\/100\n|move|p2b: Chi-Yu|Heat Wave|p1b: Rotom|[spread] p1a,p1b\n|-resisted|p1b: Rotom\n|-damage|p1a: Ting-Lu|32\/100\n|-damage|p1b: Rotom|77\/100\n|move|p1a: Ting-Lu|Earthquake|p2a: Great Tusk|[spread] p2a,p2b\n|-immune|p1b: Rotom|[from] ability: Levitate\n|-supereffective|p2b: Chi-Yu\n|-crit|p2b: Chi-Yu\n|-damage|p2a: Great Tusk|75\/100\n|-damage|p2b: Chi-Yu|0 fnt\n|faint|p2b: Chi-Yu\n|\n|upkeep\n|\n|t:|1683615931\n|switch|p2b: Iron Bundle|Iron Bundle, L50, shiny|13\/100\n|turn|5\n|\n|t:|1683615956\n|switch|p1a: Hawlucha|Hawlucha, L50, M|100\/100\n|move|p2a: Great Tusk|Headlong Rush|p1a: Hawlucha\n|-immune|p1a: Hawlucha\n|move|p2b: Iron Bundle|Freeze-Dry|p1b: Rotom\n|-supereffective|p1b: Rotom\n|-damage|p1b: Rotom|24\/100\n|move|p1b: Rotom|Will-O-Wisp|p2a: Great Tusk\n|-status|p2a: Great Tusk|brn\n|\n|-damage|p2a: Great Tusk|69\/100 brn|[from] brn\n|upkeep\n|turn|6\n|\n|t:|1683616007\n|-end|p2a: Great Tusk|Protosynthesis|[silent]\n|switch|p2a: Flutter Mane|Flutter Mane, L50|100\/100\n|switch|p1b: Ting-Lu|Ting-Lu, L50, tera:Poison|32\/100\n|-ability|p1b: Ting-Lu|Vessel of Ruin\n|move|p2b: Iron Bundle|Protect|p2b: Iron Bundle\n|-singleturn|p2b: Iron Bundle|Protect\n|move|p1a: Hawlucha|Sky Attack||[still]\n|-prepare|p1a: Hawlucha|Sky Attack\n|-enditem|p1a: Hawlucha|Power Herb\n|-anim|p1a: Hawlucha|Sky Attack|p2a: Flutter Mane\n|-damage|p2a: Flutter Mane|0 fnt\n|faint|p2a: Flutter Mane\n|-end|p2a: Flutter Mane|Protosynthesis|[silent]\n|\n|upkeep\n|-message|wochientcg forfeited.\n|\n|win|Pikakado\n|raw|Pikakado's rating: 1218 → 1248<\/strong> (+30 for winning)\n|raw|wochientcg's rating: 1291 → 1261<\/strong> (-30 for losing)\n|l|\u2606wochientcg\n|l|\u2606Pikakado\n|j|\u2606Pikakado\n|player|p1|Pikakado|265\n","uploadtime":1683616813,"views":10,"p1id":"pikakado","p2id":"wochientcg","formatid":"gen9vgc2023regulationc","rating":1248,"private":0,"password":""}