{"id":"gen9vgc2023regulationc-1845002255","p1":"Enrico96v","p2":"Rals3","format":"[Gen 9] VGC 2023 Regulation C","log":"|j|\u2606Enrico96v\n|j|\u2606Rals3\n|t:|1681672864\n|gametype|doubles\n|player|p1|Enrico96v|unknown|1039\n|player|p2|Rals3|170|1101\n|teamsize|p1|6\n|teamsize|p2|6\n|gen|9\n|tier|[Gen 9] VGC 2023 Regulation C\n|rated|\n|rule|Species Clause: Limit one of each Pok\u00e9mon\n|rule|Item Clause: Limit one of each item\n|clearpoke\n|poke|p1|Amoonguss, L50, M|\n|poke|p1|Flutter Mane, L50|\n|poke|p1|Gyarados, L50, M|\n|poke|p1|Chi-Yu, L50|\n|poke|p1|Ting-Lu, L50|\n|poke|p1|Kingambit, L50, M|\n|poke|p2|Chien-Pao, L50|\n|poke|p2|Dragonite, L50, M|\n|poke|p2|Amoonguss, L50, M|\n|poke|p2|Flutter Mane, L50|\n|poke|p2|Gyarados, L50, F|\n|poke|p2|Toxapex, L50, M|\n|teampreview|4\nEnrico96v has agreed to open team sheets.\nRals3 has agreed to open team sheets.\n|\n|t:|1681672965\n|start\n|switch|p1a: Ting-Lu|Ting-Lu, L50|100\/100\n|switch|p1b: Gyarados|Gyarados, L50, M, shiny|100\/100\n|switch|p2a: Toxapex|Toxapex, L50, M|100\/100\n|switch|p2b: Amoonguss|Amoonguss, L50, M|100\/100\n|-ability|p1b: Gyarados|Intimidate|boost\n|-unboost|p2a: Toxapex|atk|1\n|-unboost|p2b: Amoonguss|atk|1\n|-ability|p1a: Ting-Lu|Vessel of Ruin\n|turn|1\n|\n|t:|1681673013\n|-terastallize|p1a: Ting-Lu|Grass\n|move|p1b: Gyarados|Taunt|p2b: Amoonguss\n|-start|p2b: Amoonguss|move: Taunt\n|move|p1a: Ting-Lu|Sand Tomb|p2b: Amoonguss\n|-crit|p2b: Amoonguss\n|-damage|p2b: Amoonguss|83\/100\n|-activate|p2b: Amoonguss|move: Sand Tomb|[of] p1a: Ting-Lu\n|move|p2a: Toxapex|Toxic|p1a: Ting-Lu\n|-status|p1a: Ting-Lu|tox\n|cant|p2b: Amoonguss|move: Taunt|Spore\n|\n|-damage|p1a: Ting-Lu|94\/100 tox|[from] psn\n|-damage|p2b: Amoonguss|71\/100|[from] move: Sand Tomb|[partiallytrapped]\n|upkeep\n|turn|2\n|\n|t:|1681673068\n|move|p1b: Gyarados|Protect|p1b: Gyarados\n|-singleturn|p1b: Gyarados|Protect\n|move|p1a: Ting-Lu|Ruination|p2a: Toxapex|[miss]\n|-miss|p1a: Ting-Lu|p2a: Toxapex\n|move|p2a: Toxapex|Toxic|p1b: Gyarados\n|-activate|p1b: Gyarados|move: Protect\n|move|p2b: Amoonguss|Pollen Puff|p1a: Ting-Lu\n|-supereffective|p1a: Ting-Lu\n|-damage|p1a: Ting-Lu|80\/100 tox\n|\n|-damage|p1a: Ting-Lu|68\/100 tox|[from] psn\n|-damage|p2b: Amoonguss|58\/100|[from] move: Sand Tomb|[partiallytrapped]\n|upkeep\n|turn|3\n|\n|t:|1681673104\n|switch|p1a: Flutter Mane|Flutter Mane, L50|100\/100\n|move|p1b: Gyarados|Taunt|p2a: Toxapex\n|-start|p2a: Toxapex|move: Taunt\n|cant|p2a: Toxapex|move: Taunt|Toxic\n|move|p2b: Amoonguss|Pollen Puff|p1a: Flutter Mane\n|-resisted|p1a: Flutter Mane\n|-damage|p1a: Flutter Mane|96\/100\n|\n|-end|p2b: Amoonguss|Sand Tomb|[partiallytrapped]|[silent]\n|-end|p2b: Amoonguss|move: Taunt\n|upkeep\n|turn|4\n|\n|t:|1681673158\n|move|p2b: Amoonguss|Protect|p2b: Amoonguss\n|-singleturn|p2b: Amoonguss|Protect\n|move|p1a: Flutter Mane|Shadow Ball|p2a: Toxapex\n|-damage|p2a: Toxapex|55\/100\n|move|p1b: Gyarados|Taunt|p2b: Amoonguss\n|-activate|p2b: Amoonguss|move: Protect\n|move|p2a: Toxapex|Liquidation|p1a: Flutter Mane\n|-damage|p1a: Flutter Mane|70\/100\n|\n|-heal|p2a: Toxapex|60\/100|[from] item: Black Sludge\n|upkeep\n|turn|5\n|\n|t:|1681673199\n|move|p1a: Flutter Mane|Shadow Ball|p2b: Amoonguss\n|-crit|p2b: Amoonguss\n|-damage|p2b: Amoonguss|0 fnt\n|faint|p2b: Amoonguss\n|move|p1b: Gyarados|Waterfall|p2a: Toxapex\n|-resisted|p2a: Toxapex\n|-damage|p2a: Toxapex|48\/100\n|move|p2a: Toxapex|Liquidation|p1a: Flutter Mane\n|-damage|p1a: Flutter Mane|40\/100\n|-unboost|p1a: Flutter Mane|def|1\n|\n|-heal|p2a: Toxapex|53\/100|[from] item: Black Sludge\n|-end|p2a: Toxapex|move: Taunt\n|upkeep\n|\n|t:|1681673216\n|switch|p2b: Chien-Pao|Chien-Pao, L50|100\/100\n|-ability|p2b: Chien-Pao|Sword of Ruin\n|turn|6\n|\n|t:|1681673242\n|-end|p1a: Flutter Mane|Protosynthesis|[silent]\n|switch|p1a: Ting-Lu|Ting-Lu, L50, tera:Grass|68\/100 tox\n|-ability|p1a: Ting-Lu|Vessel of Ruin\n|move|p1b: Gyarados|Protect|p1b: Gyarados\n|-singleturn|p1b: Gyarados|Protect\n|move|p2b: Chien-Pao|Sucker Punch||[still]\n|-fail|p2b: Chien-Pao\n|move|p2a: Toxapex|Toxic|p1b: Gyarados\n|-activate|p1b: Gyarados|move: Protect\n|\n|-heal|p2a: Toxapex|59\/100|[from] item: Black Sludge\n|-damage|p1a: Ting-Lu|62\/100 tox|[from] psn\n|upkeep\n|turn|7\n|\n|t:|1681673285\n|switch|p2a: Dragonite|Dragonite, L50, M|100\/100\n|move|p2b: Chien-Pao|Ice Spinner|p1a: Ting-Lu\n|-supereffective|p1a: Ting-Lu\n|-damage|p1a: Ting-Lu|7\/100 tox\n|move|p1b: Gyarados|Taunt|p2a: Dragonite\n|-start|p2a: Dragonite|move: Taunt\n|move|p1a: Ting-Lu|Heavy Slam|p2b: Chien-Pao\n|-supereffective|p2b: Chien-Pao\n|-damage|p2b: Chien-Pao|36\/100\n|\n|-damage|p1a: Ting-Lu|0 fnt|[from] psn\n|faint|p1a: Ting-Lu\n|upkeep\n|\n|t:|1681673322\n|switch|p1a: Flutter Mane|Flutter Mane, L50|40\/100\n|turn|8\n|\n|t:|1681673359\n|-end|p1a: Flutter Mane|Protosynthesis|[silent]\n|switch|p1a: Chi-Yu|Chi-Yu, L50|100\/100\n|-ability|p1a: Chi-Yu|Beads of Ruin\n|-terastallize|p2a: Dragonite|Normal\n|move|p2b: Chien-Pao|Sucker Punch||[still]\n|-fail|p2b: Chien-Pao\n|move|p2a: Dragonite|Thunder Punch|p1b: Gyarados\n|-supereffective|p1b: Gyarados\n|-damage|p1b: Gyarados|0 fnt\n|faint|p1b: Gyarados\n|\n|upkeep\n|\n|t:|1681673370\n|switch|p1b: Flutter Mane|Flutter Mane, L50|40\/100\n|turn|9\n|\n|t:|1681673400\n|move|p1a: Chi-Yu|Protect|p1a: Chi-Yu\n|-singleturn|p1a: Chi-Yu|Protect\n|move|p2b: Chien-Pao|Sucker Punch|p1b: Flutter Mane\n|-damage|p1b: Flutter Mane|0 fnt\n|faint|p1b: Flutter Mane\n|-end|p1b: Flutter Mane|Protosynthesis|[silent]\n|move|p2a: Dragonite|Thunder Punch|p1a: Chi-Yu\n|-activate|p1a: Chi-Yu|move: Protect\n|\n|-end|p2a: Dragonite|move: Taunt\n|upkeep\n|turn|10\n|\n|t:|1681673429\n|switch|p2a: Toxapex|Toxapex, L50, M|92\/100\n|move|p2b: Chien-Pao|Protect|p2b: Chien-Pao\n|-singleturn|p2b: Chien-Pao|Protect\n|move|p1a: Chi-Yu|Heat Wave|p2b: Chien-Pao|[spread] p2a\n|-activate|p2b: Chien-Pao|move: Protect\n|-resisted|p2a: Toxapex\n|-damage|p2a: Toxapex|74\/100\n|\n|-heal|p2a: Toxapex|80\/100|[from] item: Black Sludge\n|upkeep\n|turn|11\n|\n|t:|1681673463\n|move|p2b: Chien-Pao|Sucker Punch|p1a: Chi-Yu\n|-resisted|p1a: Chi-Yu\n|-damage|p1a: Chi-Yu|65\/100\n|move|p1a: Chi-Yu|Dark Pulse|p2a: Toxapex\n|-damage|p2a: Toxapex|36\/100\n|cant|p2a: Toxapex|flinch\n|\n|-heal|p2a: Toxapex|42\/100|[from] item: Black Sludge\n|upkeep\n|turn|12\n|\n|t:|1681673496\n|move|p2a: Toxapex|Baneful Bunker|p2a: Toxapex\n|-singleturn|p2a: Toxapex|move: Protect\n|move|p2b: Chien-Pao|Sucker Punch|p1a: Chi-Yu\n|-resisted|p1a: Chi-Yu\n|-damage|p1a: Chi-Yu|30\/100\n|move|p1a: Chi-Yu|Overheat|p2b: Chien-Pao\n|-supereffective|p2b: Chien-Pao\n|-damage|p2b: Chien-Pao|0 fnt\n|-unboost|p1a: Chi-Yu|spa|2\n|faint|p2b: Chien-Pao\n|\n|-heal|p2a: Toxapex|48\/100|[from] item: Black Sludge\n|upkeep\n|\n|t:|1681673508\n|switch|p2b: Dragonite|Dragonite, L50, M, tera:Normal|100\/100\n|turn|13\n|\n|t:|1681673513\n|move|p2b: Dragonite|Extreme Speed|p1a: Chi-Yu\n|-damage|p1a: Chi-Yu|0 fnt\n|faint|p1a: Chi-Yu\n|\n|win|Rals3\n|raw|Enrico96v's rating: 1039 → 1026<\/strong> (-13 for losing)\n|raw|Rals3's rating: 1101 → 1122<\/strong> (+21 for winning)\n|l|\u2606Enrico96v\n","uploadtime":1681673558,"views":8,"p1id":"enrico96v","p2id":"rals3","formatid":"gen9vgc2023regulationc","rating":1026,"private":0,"password":""}