{"id":"gen9vgc2023regulationc-1847913087","p1":"Gaalaxio","p2":"E179","format":"[Gen 9] VGC 2023 Regulation C","log":"|j|\u2606Gaalaxio\n|j|\u2606E179\n|t:|1682012174\n|gametype|doubles\n|player|p1|Gaalaxio|102|1100\n|player|p2|E179|2|1199\n|teamsize|p1|6\n|teamsize|p2|6\n|gen|9\n|tier|[Gen 9] VGC 2023 Regulation C\n|rated|\n|rule|Species Clause: Limit one of each Pok\u00e9mon\n|rule|Item Clause: Limit one of each item\n|clearpoke\n|poke|p1|Lilligant, L50, F|\n|poke|p1|Torkoal, L50, F|\n|poke|p1|Flutter Mane, L50|\n|poke|p1|Kingambit, L50, F|\n|poke|p1|Dragonite, L50, F|\n|poke|p1|Great Tusk, L50|\n|poke|p2|Chien-Pao, L50|\n|poke|p2|Palafin, L50, M|\n|poke|p2|Kingambit, L50, M|\n|poke|p2|Ting-Lu, L50|\n|poke|p2|Dragonite, L50, M|\n|poke|p2|Flutter Mane, L50|\n|teampreview|4\nGaalaxio rejected open team sheets.\n|inactive|Battle timer is ON: inactive players will automatically lose when time's up. (requested by Gaalaxio)\n|inactive|E179 has 60 seconds left.\n|\n|t:|1682012275\n|start\n|switch|p1a: Breakthrough|Torkoal, L50, F, shiny|100\/100\n|switch|p1b: TT|Lilligant, L50, F, shiny|100\/100\n|switch|p2a: Kingambit|Kingambit, L50, M|100\/100\n|switch|p2b: Ting-Lu|Ting-Lu, L50|100\/100\n|-ability|p2b: Ting-Lu|Vessel of Ruin\n|-weather|SunnyDay|[from] ability: Drought|[of] p1a: Breakthrough\n|turn|1\n|inactive|E179 has 30 seconds left.\n|inactive|E179 has 20 seconds left.\n|inactive|E179 has 15 seconds left.\n|\n|t:|1682012319\n|-terastallize|p2a: Kingambit|Fire\n|move|p1b: TT|After You|p1a: Breakthrough\n|-activate|p1a: Breakthrough|move: After You\n|move|p1a: Breakthrough|Eruption|p2b: Ting-Lu|[spread] p2a,p2b\n|-resisted|p2a: Kingambit\n|-damage|p2a: Kingambit|73\/100\n|-damage|p2b: Ting-Lu|76\/100\n|move|p2a: Kingambit|Tera Blast|p1b: TT\n|-supereffective|p1b: TT\n|-enditem|p1b: TT|Focus Sash\n|-damage|p1b: TT|1\/100\n|move|p2b: Ting-Lu|Ruination|p1a: Breakthrough\n|-damage|p1a: Breakthrough|51\/100\n|\n|-weather|SunnyDay|[upkeep]\n|upkeep\n|turn|2\n|inactive|E179 has 30 seconds left.\n|inactive|E179 has 20 seconds left.\n|inactive|E179 has 15 seconds left.\n|\n|t:|1682012360\n|move|p1b: TT|After You|p1a: Breakthrough\n|-activate|p1a: Breakthrough|move: After You\n|move|p1a: Breakthrough|Earth Power|p2a: Kingambit\n|-supereffective|p2a: Kingambit\n|-damage|p2a: Kingambit|34\/100\n|move|p2a: Kingambit|Kowtow Cleave|p1a: Breakthrough\n|-damage|p1a: Breakthrough|10\/100\n|move|p2b: Ting-Lu|Stomping Tantrum|p1b: TT\n|-resisted|p1b: TT\n|-damage|p1b: TT|0 fnt\n|faint|p1b: TT\n|\n|-weather|SunnyDay|[upkeep]\n|upkeep\n|\n|t:|1682012382\n|switch|p1b: FANCY|Flutter Mane, L50, shiny|100\/100\n|-activate|p1b: FANCY|ability: Protosynthesis\n|-start|p1b: FANCY|protosynthesisspa\n|turn|3\n|\n|t:|1682012401\n|-terastallize|p1b: FANCY|Fairy\n|move|p1a: Breakthrough|Protect|p1a: Breakthrough\n|-singleturn|p1a: Breakthrough|Protect\n|move|p2a: Kingambit|Sucker Punch|p1b: FANCY\n|-resisted|p1b: FANCY\n|-damage|p1b: FANCY|59\/100\n|move|p1b: FANCY|Dazzling Gleam|p2a: Kingambit|[spread] p2a,p2b\n|-resisted|p2a: Kingambit\n|-supereffective|p2b: Ting-Lu\n|-damage|p2a: Kingambit|2\/100\n|-damage|p2b: Ting-Lu|23\/100\n|move|p2b: Ting-Lu|Heavy Slam|p1b: FANCY\n|-supereffective|p1b: FANCY\n|-damage|p1b: FANCY|0 fnt\n|faint|p1b: FANCY\n|-end|p1b: FANCY|Protosynthesis|[silent]\n|\n|-weather|SunnyDay|[upkeep]\n|upkeep\n|\n|t:|1682012413\n|switch|p1b: HOT|Kingambit, L50, F, shiny|100\/100\n|turn|4\n|\n|t:|1682012433\n|move|p2a: Kingambit|Protect|p2a: Kingambit\n|-singleturn|p2a: Kingambit|Protect\n|move|p1b: HOT|Sucker Punch|p2b: Ting-Lu\n|-resisted|p2b: Ting-Lu\n|-damage|p2b: Ting-Lu|13\/100\n|move|p2b: Ting-Lu|Stomping Tantrum|p1a: Breakthrough\n|-supereffective|p1a: Breakthrough\n|-damage|p1a: Breakthrough|0 fnt\n|faint|p1a: Breakthrough\n|\n|-weather|SunnyDay|[upkeep]\n|upkeep\n|turn|5\n|inactive|Gaalaxio has 30 seconds left.\n|\n|t:|1682012460\n|move|p1b: HOT|Sucker Punch|p2b: Ting-Lu\n|-resisted|p2b: Ting-Lu\n|-damage|p2b: Ting-Lu|3\/100\n|move|p2a: Kingambit|Tera Blast|p1b: HOT\n|-supereffective|p1b: HOT\n|-damage|p1b: HOT|0 fnt\n|faint|p1b: HOT\n|\n|win|E179\n|raw|Gaalaxio's rating: 1100 → 1082<\/strong> (-18 for losing)\n|raw|E179's rating: 1199 → 1217<\/strong> (+18 for winning)\n|l|\u2606Gaalaxio\n|l|\u2606E179\n|j|\u2606E179\n|player|p2|E179|2\n","uploadtime":1682012494,"views":14,"p1id":"gaalaxio","p2id":"e179","formatid":"gen9vgc2023regulationc","rating":1082,"private":0,"password":""}