{"id":"gen9vgc2023regulationc-1858061961","p1":"JimboDaMighty","p2":"carlospe1205","format":"[Gen 9] VGC 2023 Regulation C","log":"|j|\u2606JimboDaMighty\n|j|\u2606carlospe1205\n|t:|1683269059\n|gametype|doubles\n|player|p1|JimboDaMighty|265|1063\n|player|p2|carlospe1205|bugsy|1039\n|teamsize|p1|6\n|teamsize|p2|6\n|gen|9\n|tier|[Gen 9] VGC 2023 Regulation C\n|rated|\n|rule|Species Clause: Limit one of each Pok\u00e9mon\n|rule|Item Clause: Limit one of each item\n|clearpoke\n|poke|p1|Flutter Mane, L50|\n|poke|p1|Chi-Yu, L50|\n|poke|p1|Roaring Moon, L50|\n|poke|p1|Jumpluff, L50, M|\n|poke|p1|Wo-Chien, L50|\n|poke|p1|Torkoal, L50, F|\n|poke|p2|Baxcalibur, L50, M|\n|poke|p2|Talonflame, L50, M|\n|poke|p2|Amoonguss, L50, F|\n|poke|p2|Grimmsnarl, L50, M|\n|poke|p2|Flutter Mane, L50|\n|poke|p2|Chi-Yu, L50|\n|teampreview|4\n|\n|t:|1683269086\n|start\n|switch|p1a: Flutter Mane|Flutter Mane, L50|100\/100\n|switch|p1b: Wo-Chien|Wo-Chien, L50|100\/100\n|switch|p2a: Krompus|Grimmsnarl, L50, M|100\/100\n|switch|p2b: Lourdes|Talonflame, L50, M|100\/100\n|-ability|p1b: Wo-Chien|Tablets of Ruin\n|turn|1\n|\n|t:|1683269101\n|switch|p1b: Torkoal|Torkoal, L50, F|100\/100\n|-weather|SunnyDay|[from] ability: Drought|[of] p1b: Torkoal\n|-activate|p1a: Flutter Mane|ability: Protosynthesis\n|-start|p1a: Flutter Mane|protosynthesisspa\n|move|p2a: Krompus|Light Screen|p2a: Krompus\n|-sidestart|p2: carlospe1205|move: Light Screen\n|move|p2b: Lourdes|Taunt|p1b: Torkoal\n|-start|p1b: Torkoal|move: Taunt\n|move|p1a: Flutter Mane|Trick Room|p1a: Flutter Mane\n|-fieldstart|move: Trick Room|[of] p1a: Flutter Mane\n|\n|-weather|SunnyDay|[upkeep]\n|upkeep\n|turn|2\n|\n|t:|1683269123\n|switch|p2a: Luz|Chi-Yu, L50|100\/100\n|-ability|p2a: Luz|Beads of Ruin\n|move|p2b: Lourdes|Brave Bird|p1a: Flutter Mane\n|-damage|p1a: Flutter Mane|48\/100\n|-damage|p2b: Lourdes|82\/100|[from] Recoil\n|move|p1b: Torkoal|Eruption|p2b: Lourdes|[spread] p2a,p2b\n|-resisted|p2a: Luz\n|-resisted|p2b: Lourdes\n|-damage|p2a: Luz|65\/100\n|-damage|p2b: Lourdes|4\/100\n|move|p1a: Flutter Mane|Dazzling Gleam|p2a: Luz|[spread] p2a,p2b\n|-resisted|p2b: Lourdes\n|-damage|p2a: Luz|44\/100\n|-damage|p2b: Lourdes|0 fnt\n|faint|p2b: Lourdes\n|\n|-weather|SunnyDay|[upkeep]\n|upkeep\n|\n|t:|1683269128\n|switch|p2b: AMOGUS|Amoonguss, L50, F|100\/100\n|turn|3\n|\n|t:|1683269153\n|switch|p1b: Jumpluff|Jumpluff, L50, M|100\/100\n|move|p2a: Luz|Protect|p2a: Luz\n|-singleturn|p2a: Luz|Protect\n|move|p2b: AMOGUS|Spore|p1b: Jumpluff\n|-immune|p1b: Jumpluff\n|move|p1a: Flutter Mane|Dazzling Gleam|p2a: Luz|[spread] p2b\n|-activate|p2a: Luz|move: Protect\n|-resisted|p2b: AMOGUS\n|-damage|p2b: AMOGUS|85\/100\n|\n|-weather|SunnyDay|[upkeep]\n|upkeep\n|turn|4\n|\n|t:|1683269180\n|move|p1b: Jumpluff|Protect|p1b: Jumpluff\n|-singleturn|p1b: Jumpluff|Protect\n|move|p2b: AMOGUS|Pollen Puff|p2a: Luz\n|-heal|p2a: Luz|94\/100\n|move|p1a: Flutter Mane|Substitute|p1a: Flutter Mane\n|-start|p1a: Flutter Mane|Substitute\n|-damage|p1a: Flutter Mane|23\/100\n|move|p2a: Luz|Heat Wave|p1b: Jumpluff|[spread] \n|-activate|p1b: Jumpluff|move: Protect\n|-miss|p2a: Luz|p1a: Flutter Mane\n|\n|-weather|SunnyDay|[upkeep]\n|upkeep\n|turn|5\n|\n|t:|1683269207\n|move|p2b: AMOGUS|Rage Powder|p2b: AMOGUS\n|-singleturn|p2b: AMOGUS|move: Rage Powder\n|move|p1b: Jumpluff|Rage Powder|p1b: Jumpluff\n|-singleturn|p1b: Jumpluff|move: Rage Powder\n|move|p1a: Flutter Mane|Dazzling Gleam|p2b: AMOGUS|[spread] p2a,p2b\n|-resisted|p2b: AMOGUS\n|-damage|p2a: Luz|73\/100\n|-damage|p2b: AMOGUS|69\/100\n|move|p2a: Luz|Heat Wave|p1a: Flutter Mane|[spread] p1a,p1b\n|-end|p1a: Flutter Mane|Substitute\n|-supereffective|p1b: Jumpluff\n|-enditem|p1b: Jumpluff|Focus Sash\n|-damage|p1b: Jumpluff|1\/100\n|-damage|p2a: Luz|63\/100|[from] item: Life Orb\n|\n|-weather|none\n|-end|p1a: Flutter Mane|Protosynthesis\n|-fieldend|move: Trick Room\n|upkeep\n|turn|6\n|\n|t:|1683269225\n|move|p1b: Jumpluff|Sleep Powder|p2a: Luz\n|-status|p2a: Luz|slp|[from] move: Sleep Powder\n|cant|p2a: Luz|slp\n|move|p1a: Flutter Mane|Shadow Ball|p2b: AMOGUS\n|-damage|p2b: AMOGUS|40\/100\n|move|p2b: AMOGUS|Pollen Puff|p2a: Luz\n|-heal|p2a: Luz|100\/100 slp\n|\n|upkeep\n|turn|7\n|\n|t:|1683269243\n|switch|p2b: Krompus|Grimmsnarl, L50, M|100\/100\n|-curestatus|p2a: Luz|slp|[msg]\n|move|p2a: Luz|Protect|p2a: Luz\n|-singleturn|p2a: Luz|Protect\n|move|p1b: Jumpluff|Rage Powder|p1b: Jumpluff\n|-singleturn|p1b: Jumpluff|move: Rage Powder\n|move|p1a: Flutter Mane|Dazzling Gleam|p2a: Luz|[spread] p2b\n|-activate|p2a: Luz|move: Protect\n|-supereffective|p2b: Krompus\n|-damage|p2b: Krompus|32\/100\n|\n|upkeep\n|turn|8\n|\n|t:|1683269255\n|move|p2b: Krompus|Fake Out|p1b: Jumpluff\n|-crit|p1b: Jumpluff\n|-damage|p1b: Jumpluff|0 fnt\n|faint|p1b: Jumpluff\n|move|p2a: Luz|Nasty Plot|p2a: Luz\n|-boost|p2a: Luz|spa|2\n|move|p1a: Flutter Mane|Dazzling Gleam|p2a: Luz|[spread] p2a,p2b\n|-supereffective|p2b: Krompus\n|-damage|p2a: Luz|84\/100\n|-damage|p2b: Krompus|0 fnt\n|faint|p2b: Krompus\n|\n|-sideend|p2: carlospe1205|move: Light Screen\n|upkeep\n|\n|t:|1683269262\n|switch|p1b: Torkoal|Torkoal, L50, F|100\/100\n|switch|p2b: AMOGUS|Amoonguss, L50, F|73\/100\n|-weather|SunnyDay|[from] ability: Drought|[of] p1b: Torkoal\n|-activate|p1a: Flutter Mane|ability: Protosynthesis\n|-start|p1a: Flutter Mane|protosynthesisspa\n|turn|9\n|\n|t:|1683269286\n|-terastallize|p1b: Torkoal|Fire\n|move|p2a: Luz|Heat Wave|p1b: Torkoal|[spread] p1a,p1b\n|-resisted|p1b: Torkoal\n|-damage|p1a: Flutter Mane|0 fnt\n|-damage|p1b: Torkoal|0 fnt\n|faint|p1a: Flutter Mane\n|-end|p1a: Flutter Mane|Protosynthesis|[silent]\n|faint|p1b: Torkoal\n|-damage|p2a: Luz|74\/100|[from] item: Life Orb\n|move|p2b: AMOGUS|Spore|p1: Flutter Mane|[notarget]\n|-fail|p2b: AMOGUS\n|\n|-weather|SunnyDay|[upkeep]\n|upkeep\n|-message|JimboDaMighty forfeited.\n|\n|win|carlospe1205\n|raw|JimboDaMighty's rating: 1063 → 1042<\/strong> (-21 for losing)\n|raw|carlospe1205's rating: 1039 → 1076<\/strong> (+37 for winning)\n|l|\u2606JimboDaMighty\n","uploadtime":1683269302,"views":5,"p1id":"jimbodamighty","p2id":"carlospe1205","formatid":"gen9vgc2023regulationc","rating":1042,"private":0,"password":""}