{"id":"gen9vgc2023regulationc-1846940072","p1":"LordSno","p2":"Caltax","format":"[Gen 9] VGC 2023 Regulation C","log":"|j|\u2606LordSno\n|j|\u2606Caltax\n|t:|1681903832\n|gametype|doubles\n|player|p1|LordSno|169|1296\n|player|p2|Caltax|steven|1215\n|teamsize|p1|6\n|teamsize|p2|6\n|gen|9\n|tier|[Gen 9] VGC 2023 Regulation C\n|rated|\n|rule|Species Clause: Limit one of each Pok\u00e9mon\n|rule|Item Clause: Limit one of each item\n|clearpoke\n|poke|p1|Chi-Yu, L50|\n|poke|p1|Flutter Mane, L50|\n|poke|p1|Torkoal, L50, F|\n|poke|p1|Jumpluff, L50, F|\n|poke|p1|Great Tusk, L50|\n|poke|p1|Wo-Chien, L50|\n|poke|p2|Palafin, L50, F|\n|poke|p2|Chien-Pao, L50|\n|poke|p2|Dragapult, L50, F|\n|poke|p2|Amoonguss, L50, F|\n|poke|p2|Arcanine, L50, M|\n|poke|p2|Flutter Mane, L50|\n|teampreview|4\n|\n|t:|1681903861\n|start\n|switch|p1a: Jumpluff|Jumpluff, L50, F|100\/100\n|switch|p1b: Torkoal|Torkoal, L50, F|100\/100\n|switch|p2a: Dnite|Dragapult, L50, F|100\/100\n|switch|p2b: Bundle|Chien-Pao, L50|100\/100\n|-ability|p2b: Bundle|Sword of Ruin\n|-weather|SunnyDay|[from] ability: Drought|[of] p1b: Torkoal\n|turn|1\n|\n|t:|1681903898\n|move|p1a: Jumpluff|Sleep Powder|p2b: Bundle\n|-status|p2b: Bundle|slp|[from] move: Sleep Powder\n|move|p2a: Dnite|Dragon Darts|p1b: Torkoal\n|-damage|p1b: Torkoal|64\/100\n|-anim|p2a: Dnite|Dragon Darts|p1a: Jumpluff\n|-damage|p1a: Jumpluff|33\/100\n|cant|p2b: Bundle|slp\n|move|p1b: Torkoal|Overheat|p2b: Bundle\n|-supereffective|p2b: Bundle\n|-enditem|p2b: Bundle|Focus Sash\n|-damage|p2b: Bundle|1\/100 slp\n|-unboost|p1b: Torkoal|spa|2\n|-enditem|p1b: Torkoal|Eject Pack\n|\n|t:|1681903911\n|switch|p1b: Chi-Yu|Chi-Yu, L50|100\/100\n|-ability|p1b: Chi-Yu|Beads of Ruin\n|\n|-weather|SunnyDay|[upkeep]\n|upkeep\n|turn|2\n|\n|t:|1681903935\n|cant|p2b: Bundle|slp\n|move|p1a: Jumpluff|Sleep Powder|p2a: Dnite\n|-status|p2a: Dnite|slp|[from] move: Sleep Powder\n|cant|p2a: Dnite|slp\n|move|p1b: Chi-Yu|Nasty Plot|p1b: Chi-Yu\n|-boost|p1b: Chi-Yu|spa|2\n|\n|-weather|SunnyDay|[upkeep]\n|upkeep\n|turn|3\n|\n|t:|1681903968\n|-terastallize|p1b: Chi-Yu|Fire\n|cant|p2b: Bundle|slp\n|move|p1a: Jumpluff|Tailwind|p1a: Jumpluff\n|-sidestart|p1: LordSno|move: Tailwind\n|move|p1b: Chi-Yu|Heat Wave|p2a: Dnite|[spread] p2a,p2b\n|-resisted|p2a: Dnite\n|-supereffective|p2b: Bundle\n|-damage|p2a: Dnite|0 fnt\n|-damage|p2b: Bundle|0 fnt\n|faint|p2a: Dnite\n|faint|p2b: Bundle\n|-damage|p1b: Chi-Yu|90\/100|[from] item: Life Orb\n|\n|-weather|SunnyDay|[upkeep]\n|upkeep\n|\n|t:|1681903977\n|switch|p2a: ChiYu|Arcanine, L50, M|100\/100\n|switch|p2b: Mimi|Flutter Mane, L50|100\/100\n|-activate|p2b: Mimi|ability: Protosynthesis\n|-start|p2b: Mimi|protosynthesisspa\n|-ability|p2a: ChiYu|Intimidate|boost\n|-unboost|p1a: Jumpluff|atk|1\n|-unboost|p1b: Chi-Yu|atk|1\n|turn|4\n|\n|t:|1681904001\n|move|p2b: Mimi|Protect|p2b: Mimi\n|-singleturn|p2b: Mimi|Protect\n|move|p2a: ChiYu|Extreme Speed|p1a: Jumpluff\n|-damage|p1a: Jumpluff|2\/100\n|move|p1a: Jumpluff|Sleep Powder|p2a: ChiYu\n|-activate|p2a: ChiYu|item: Safety Goggles|Sleep Powder\n|move|p1b: Chi-Yu|Heat Wave|p2a: ChiYu|[spread] p2a\n|-activate|p2b: Mimi|move: Protect\n|-resisted|p2a: ChiYu\n|-damage|p2a: ChiYu|0 fnt\n|faint|p2a: ChiYu\n|-damage|p1b: Chi-Yu|80\/100|[from] item: Life Orb\n|\n|-weather|SunnyDay|[upkeep]\n|upkeep\n|turn|5\n|-message|Caltax forfeited.\n|\n|win|LordSno\n|raw|LordSno's rating: 1296 → 1315<\/strong> (+19 for winning)\n|raw|Caltax's rating: 1215 → 1196<\/strong> (-19 for losing)\n","uploadtime":1681904024,"views":16,"p1id":"lordsno","p2id":"caltax","formatid":"gen9vgc2023regulationc","rating":1196,"private":0,"password":""}