{"id":"gen9vgc2023regulationc-1850596123","p1":"GAPDHD","p2":"Sharpievgc","format":"[Gen 9] VGC 2023 Regulation C","log":"|j|\u2606GAPDHD\n|j|\u2606Sharpievgc\n|t:|1682351660\n|gametype|doubles\n|player|p1|GAPDHD|ruinmaniac|1648\n|player|p2|Sharpievgc|nate|1666\n|teamsize|p1|6\n|teamsize|p2|6\n|gen|9\n|tier|[Gen 9] VGC 2023 Regulation C\n|rated|\n|rule|Species Clause: Limit one of each Pok\u00e9mon\n|rule|Item Clause: Limit one of each item\n|clearpoke\n|poke|p1|Dondozo, L50, M|\n|poke|p1|Tatsugiri, L50, M|\n|poke|p1|Glimmora, L50, M|\n|poke|p1|Klefki, L50, F|\n|poke|p1|Gothitelle, L50, M|\n|poke|p1|Meowscarada, L50, F|\n|poke|p2|Armarouge, L50, F|\n|poke|p2|Iron Hands, L50|\n|poke|p2|Indeedee-F, L50, F|\n|poke|p2|Annihilape, L50, F|\n|poke|p2|Torkoal, L50, M|\n|poke|p2|Dragapult, L50, M|\n|teampreview|4\nGAPDHD has agreed to open team sheets.\nSharpievgc has agreed to open team sheets.\n|j| jdarcan\n|\n|t:|1682351699\n|start\n|switch|p1a: Glimmora|Glimmora, L50, M|100\/100\n|switch|p1b: Klefki|Klefki, L50, F|100\/100\n|switch|p2a: Indeedee|Indeedee-F, L50, F|100\/100\n|switch|p2b: Annihilape|Annihilape, L50, F|100\/100\n|-fieldstart|move: Psychic Terrain|[from] ability: Psychic Surge|[of] p2a: Indeedee\n|turn|1\n|\n|t:|1682351718\n|move|p1b: Klefki|Light Screen|p1b: Klefki\n|-sidestart|p1: GAPDHD|move: Light Screen\n|move|p2b: Annihilape|Final Gambit|p1a: Glimmora\n|-damage|p1a: Glimmora|0 fnt\n|faint|p2b: Annihilape\n|faint|p1a: Glimmora\n|move|p2a: Indeedee|Trick Room|p2a: Indeedee\n|-fieldstart|move: Trick Room|[of] p2a: Indeedee\n|\n|upkeep\n|\n|t:|1682351726\n|switch|p1a: Dondozo|Dondozo, L50, M|100\/100\n|switch|p2b: Torkoal|Torkoal, L50, M|100\/100\n|-weather|SunnyDay|[from] ability: Drought|[of] p2b: Torkoal\n|turn|2\n|\n|t:|1682351744\n|switch|p2a: Iron Hands|Iron Hands, L50|100\/100\n|-enditem|p2a: Iron Hands|Booster Energy\n|-activate|p2a: Iron Hands|ability: Quark Drive|[fromitem]\n|-start|p2a: Iron Hands|quarkdriveatk\n|move|p1b: Klefki|Reflect|p1b: Klefki\n|-sidestart|p1: GAPDHD|Reflect\n|move|p2b: Torkoal|Clear Smog|p1a: Dondozo\n|-damage|p1a: Dondozo|92\/100\n|-clearboost|p1a: Dondozo\n|move|p1a: Dondozo|Substitute|p1a: Dondozo\n|-start|p1a: Dondozo|Substitute\n|-damage|p1a: Dondozo|67\/100\n|\n|-weather|SunnyDay|[upkeep]\n|-heal|p1a: Dondozo|73\/100|[from] item: Leftovers\n|upkeep\n|turn|3\n|j| mpudi\n|\n|t:|1682351767\n|switch|p1b: Tatsugiri|Tatsugiri, L50, M|100\/100\n|-activate|p1b: Tatsugiri|ability: Commander|[of] p1a: Dondozo\n|-boost|p1a: Dondozo|atk|2\n|-boost|p1a: Dondozo|spa|2\n|-boost|p1a: Dondozo|spe|2\n|-boost|p1a: Dondozo|def|2\n|-boost|p1a: Dondozo|spd|2\n|-terastallize|p2a: Iron Hands|Grass\n|move|p2b: Torkoal|Protect|p2b: Torkoal\n|-singleturn|p2b: Torkoal|Protect\n|move|p2a: Iron Hands|Wild Charge|p1a: Dondozo\n|-supereffective|p1a: Dondozo\n|-end|p1a: Dondozo|Substitute\n|-damage|p2a: Iron Hands|95\/100|[from] Recoil|[of] p1a: Dondozo\n|move|p1a: Dondozo|Earthquake|p2b: Torkoal|[spread] p2a\n|-miss|p1a: Dondozo|p1b: Tatsugiri\n|-activate|p2b: Torkoal|move: Protect\n|-resisted|p2a: Iron Hands\n|-damage|p2a: Iron Hands|81\/100\n|\n|-weather|SunnyDay|[upkeep]\n|-heal|p1a: Dondozo|79\/100|[from] item: Leftovers\n|upkeep\n|turn|4\n|\n|t:|1682351788\n|move|p1a: Dondozo|Protect|p1a: Dondozo\n|-singleturn|p1a: Dondozo|Protect\n|move|p2b: Torkoal|Clear Smog|p1a: Dondozo\n|-activate|p1a: Dondozo|move: Protect\n|move|p2a: Iron Hands|Wild Charge|p1a: Dondozo\n|-activate|p1a: Dondozo|move: Protect\n|\n|-weather|SunnyDay|[upkeep]\n|-heal|p1a: Dondozo|84\/100|[from] item: Leftovers\n|upkeep\n|turn|5\n|l|\u2606Sharpievgc\n|player|p2|\n|j|\u2606Sharpievgc\n|player|p2|Sharpievgc|nate\n|\n|t:|1682351822\n|-terastallize|p1a: Dondozo|Steel\n|move|p2b: Torkoal|Clear Smog|p1a: Dondozo\n|-immune|p1a: Dondozo\n|move|p2a: Iron Hands|Drain Punch|p1a: Dondozo\n|-supereffective|p1a: Dondozo\n|-damage|p1a: Dondozo|57\/100\n|-heal|p2a: Iron Hands|93\/100|[from] drain|[of] p1a: Dondozo\n|move|p1a: Dondozo|Earthquake|p2a: Iron Hands|[spread] p2a,p2b\n|-miss|p1a: Dondozo|p1b: Tatsugiri\n|-resisted|p2a: Iron Hands\n|-crit|p2a: Iron Hands\n|-supereffective|p2b: Torkoal\n|-damage|p2a: Iron Hands|72\/100\n|-damage|p2b: Torkoal|36\/100\n|\n|-weather|SunnyDay|[upkeep]\n|-heal|p1a: Dondozo|63\/100|[from] item: Leftovers\n|-fieldend|move: Trick Room\n|-fieldend|move: Psychic Terrain\n|upkeep\n|turn|6\n|\n|t:|1682351850\n|move|p2b: Torkoal|Protect|p2b: Torkoal\n|-singleturn|p2b: Torkoal|Protect\n|move|p1a: Dondozo|Earthquake|p2a: Iron Hands|[spread] p2a\n|-miss|p1a: Dondozo|p1b: Tatsugiri\n|-activate|p2b: Torkoal|move: Protect\n|-resisted|p2a: Iron Hands\n|-damage|p2a: Iron Hands|57\/100\n|move|p2a: Iron Hands|Drain Punch|p1a: Dondozo\n|-supereffective|p1a: Dondozo\n|-damage|p1a: Dondozo|36\/100\n|-heal|p2a: Iron Hands|70\/100|[from] drain|[of] p1a: Dondozo\n|\n|-weather|none\n|-heal|p1a: Dondozo|42\/100|[from] item: Leftovers\n|upkeep\n|turn|7\n|\n|t:|1682351869\n|switch|p2b: Indeedee|Indeedee-F, L50, F|100\/100\n|-fieldstart|move: Psychic Terrain|[from] ability: Psychic Surge|[of] p2b: Indeedee\n|move|p1a: Dondozo|Earthquake|p2a: Iron Hands|[spread] p2a,p2b\n|-miss|p1a: Dondozo|p1b: Tatsugiri\n|-resisted|p2a: Iron Hands\n|-damage|p2a: Iron Hands|55\/100\n|-damage|p2b: Indeedee|47\/100\n|move|p2a: Iron Hands|Drain Punch|p1a: Dondozo\n|-supereffective|p1a: Dondozo\n|-damage|p1a: Dondozo|18\/100\n|-heal|p2a: Iron Hands|66\/100|[from] drain|[of] p1a: Dondozo\n|\n|-heal|p1a: Dondozo|24\/100|[from] item: Leftovers\n|upkeep\n|turn|8\n|\n|t:|1682351901\n|move|p1a: Dondozo|Order Up|p2a: Iron Hands\n|-damage|p2a: Iron Hands|34\/100\n|-boost|p1a: Dondozo|atk|1\n|move|p2a: Iron Hands|Drain Punch|p1a: Dondozo\n|-supereffective|p1a: Dondozo\n|-damage|p1a: Dondozo|0 fnt\n|-heal|p2a: Iron Hands|45\/100|[from] drain|[of] p1a: Dondozo\n|faint|p1a: Dondozo\n|move|p2b: Indeedee|Trick Room|p2b: Indeedee\n|-fieldstart|move: Trick Room|[of] p2b: Indeedee\n|\n|-sideend|p1: GAPDHD|move: Light Screen\n|upkeep\n|\n|t:|1682351912\n|switch|p1a: Klefki|Klefki, L50, F|100\/100\n|turn|9\n|inactive|Battle timer is ON: inactive players will automatically lose when time's up. (requested by Sharpievgc)\n|inactive|Sharpievgc has 60 seconds left.\n|\n|t:|1682351944\n|move|p2b: Indeedee|Follow Me|p2b: Indeedee\n|-singleturn|p2b: Indeedee|move: Follow Me\n|move|p2a: Iron Hands|Drain Punch|p1b: Tatsugiri\n|-damage|p1b: Tatsugiri|31\/100\n|-heal|p2a: Iron Hands|64\/100|[from] drain|[of] p1b: Tatsugiri\n|move|p1a: Klefki|Dazzling Gleam|p2a: Iron Hands|[spread] p2a,p2b\n|-damage|p2a: Iron Hands|47\/100\n|-damage|p2b: Indeedee|34\/100\n|move|p1b: Tatsugiri|Muddy Water|p2a: Iron Hands|[spread] p2a\n|-miss|p1b: Tatsugiri|p2b: Indeedee\n|-resisted|p2a: Iron Hands\n|-damage|p2a: Iron Hands|31\/100\n|\n|-sideend|p1: GAPDHD|Reflect\n|upkeep\n|turn|10\n|\n|t:|1682351964\n|switch|p2b: Torkoal|Torkoal, L50, M|36\/100\n|-weather|SunnyDay|[from] ability: Drought|[of] p2b: Torkoal\n|move|p1b: Tatsugiri|Protect|p1b: Tatsugiri\n|-singleturn|p1b: Tatsugiri|Protect\n|move|p2a: Iron Hands|Drain Punch|p1a: Klefki\n|-damage|p1a: Klefki|25\/100\n|-heal|p2a: Iron Hands|55\/100|[from] drain|[of] p1a: Klefki\n|move|p1a: Klefki|Dazzling Gleam|p2b: Torkoal|[spread] p2a,p2b\n|-resisted|p2b: Torkoal\n|-damage|p2a: Iron Hands|39\/100\n|-damage|p2b: Torkoal|23\/100\n|\n|-weather|SunnyDay|[upkeep]\n|upkeep\n|turn|11\n|-message|GAPDHD forfeited.\n|\n|win|Sharpievgc\n|raw|GAPDHD's rating: 1648 → 1629<\/strong> (-19 for losing)\n|raw|Sharpievgc's rating: 1666 → 1685<\/strong> (+19 for winning)\n|l|\u2606GAPDHD\n","uploadtime":1682351982,"views":20,"p1id":"gapdhd","p2id":"sharpievgc","formatid":"gen9vgc2023regulationc","rating":1629,"private":0,"password":""}