{"id":"gen9vgc2023regulationc-1849889808","p1":"lagodude","p2":"cap4816","format":"[Gen 9] VGC 2023 Regulation C","log":"|j|\u2606lagodude\n|j|\u2606cap4816\n|t:|1682264951\n|gametype|doubles\n|player|p1|lagodude|102|1308\n|player|p2|cap4816|pokekid|1369\n|teamsize|p1|6\n|teamsize|p2|6\n|gen|9\n|tier|[Gen 9] VGC 2023 Regulation C\n|rated|\n|rule|Species Clause: Limit one of each Pok\u00e9mon\n|rule|Item Clause: Limit one of each item\n|clearpoke\n|poke|p1|Chi-Yu, L50|\n|poke|p1|Dachsbun, L50, F|\n|poke|p1|Ceruledge, L50, F|\n|poke|p1|Torkoal, L50, F|\n|poke|p1|Talonflame, L50, M|\n|poke|p1|Garchomp, L50, M|\n|poke|p2|Great Tusk, L50|\n|poke|p2|Flutter Mane, L50|\n|poke|p2|Iron Bundle, L50|\n|poke|p2|Chi-Yu, L50|\n|poke|p2|Chien-Pao, L50|\n|poke|p2|Murkrow, L50, F|\n|teampreview|4\n|inactive|Battle timer is ON: inactive players will automatically lose when time's up. (requested by lagodude)\nlagodude has agreed to open team sheets.\n|inactive|lagodude has 60 seconds left.\n|inactive|cap4816 has 60 seconds left.\n|inactive|cap4816 has 30 seconds left.\n|\n|t:|1682265021\n|start\n|switch|p1a: Talonflame|Talonflame, L50, M|100\/100\n|switch|p1b: Garchomp|Garchomp, L50, M|100\/100\n|switch|p2a: \u5d91\u5dbc|Great Tusk, L50|100\/100\n|switch|p2b: \u771f\u9ed1|Murkrow, L50, F|100\/100\n|turn|1\n|\n|t:|1682265031\n|-terastallize|p2a: \u5d91\u5dbc|Ground\n|move|p1b: Garchomp|Protect|p1b: Garchomp\n|-singleturn|p1b: Garchomp|Protect\n|move|p2b: \u771f\u9ed1|Taunt|p1a: Talonflame\n|-start|p1a: Talonflame|move: Taunt\n|cant|p1a: Talonflame|move: Taunt|Taunt\n|move|p2a: \u5d91\u5dbc|Headlong Rush|p1b: Garchomp\n|-activate|p1b: Garchomp|move: Protect\n|\n|upkeep\n|turn|2\n|inactive|lagodude has 30 seconds left.\n|\n|t:|1682265062\n|switch|p1a: Ceruledge|Ceruledge, L50, F|100\/100\n|switch|p1b: Torkoal|Torkoal, L50, F|100\/100\n|-weather|SunnyDay|[from] ability: Drought|[of] p1b: Torkoal\n|-activate|p2a: \u5d91\u5dbc|ability: Protosynthesis\n|-start|p2a: \u5d91\u5dbc|protosynthesisatk\n|move|p2b: \u771f\u9ed1|Tailwind|p2b: \u771f\u9ed1\n|-sidestart|p2: cap4816|move: Tailwind\n|move|p2a: \u5d91\u5dbc|Headlong Rush|p1b: Torkoal\n|-supereffective|p1b: Torkoal\n|-damage|p1b: Torkoal|0 fnt\n|-unboost|p2a: \u5d91\u5dbc|def|1\n|-unboost|p2a: \u5d91\u5dbc|spd|1\n|faint|p1b: Torkoal\n|-damage|p2a: \u5d91\u5dbc|91\/100|[from] item: Life Orb\n|\n|-weather|SunnyDay|[upkeep]\n|upkeep\n|inactive|lagodude has 30 seconds left.\n|\n|t:|1682265089\n|switch|p1b: Talonflame|Talonflame, L50, M|100\/100\n|turn|3\n|\n|t:|1682265101\n|-terastallize|p1a: Ceruledge|Grass\n|move|p2b: \u771f\u9ed1|Taunt|p1b: Talonflame\n|-start|p1b: Talonflame|move: Taunt\n|cant|p1b: Talonflame|move: Taunt|Tailwind\n|move|p2a: \u5d91\u5dbc|Earthquake|p1b: Talonflame|[spread] p1a\n|-immune|p2b: \u771f\u9ed1\n|-immune|p1b: Talonflame\n|-resisted|p1a: Ceruledge\n|-damage|p1a: Ceruledge|49\/100\n|-damage|p2a: \u5d91\u5dbc|81\/100|[from] item: Life Orb\n|move|p1a: Ceruledge|Solar Blade||[still]\n|-prepare|p1a: Ceruledge|Solar Blade\n|-anim|p1a: Ceruledge|Solar Blade|p2a: \u5d91\u5dbc\n|-supereffective|p2a: \u5d91\u5dbc\n|-damage|p2a: \u5d91\u5dbc|0 fnt\n|faint|p2a: \u5d91\u5dbc\n|-end|p2a: \u5d91\u5dbc|Protosynthesis|[silent]\n|\n|-weather|SunnyDay|[upkeep]\n|upkeep\n|\n|t:|1682265125\n|switch|p2a: \u7956\u6bcd\u7da0|Flutter Mane, L50|100\/100\n|-activate|p2a: \u7956\u6bcd\u7da0|ability: Protosynthesis\n|-start|p2a: \u7956\u6bcd\u7da0|protosynthesisspa\n|turn|4\n|\n|t:|1682265133\n|switch|p1b: Garchomp|Garchomp, L50, M|100\/100\n|move|p2a: \u7956\u6bcd\u7da0|Protect|p2a: \u7956\u6bcd\u7da0\n|-singleturn|p2a: \u7956\u6bcd\u7da0|Protect\n|move|p1a: Ceruledge|Shadow Sneak|p2a: \u7956\u6bcd\u7da0\n|-activate|p2a: \u7956\u6bcd\u7da0|move: Protect\n|move|p2b: \u771f\u9ed1|Brave Bird|p1a: Ceruledge\n|-supereffective|p1a: Ceruledge\n|-damage|p1a: Ceruledge|0 fnt\n|faint|p1a: Ceruledge\n|-damage|p2b: \u771f\u9ed1|86\/100|[from] Recoil\n|\n|-weather|SunnyDay|[upkeep]\n|upkeep\n|\n|t:|1682265145\n|switch|p1a: Talonflame|Talonflame, L50, M|100\/100\n|turn|5\n|\n|t:|1682265163\n|move|p1b: Garchomp|Protect|p1b: Garchomp\n|-singleturn|p1b: Garchomp|Protect\n|move|p2b: \u771f\u9ed1|Taunt|p1a: Talonflame\n|-start|p1a: Talonflame|move: Taunt\n|move|p2a: \u7956\u6bcd\u7da0|Moonblast|p1b: Garchomp\n|-activate|p1b: Garchomp|move: Protect\n|move|p1a: Talonflame|Flare Blitz|p2a: \u7956\u6bcd\u7da0\n|-damage|p2a: \u7956\u6bcd\u7da0|20\/100\n|-damage|p1a: Talonflame|80\/100|[from] Recoil\n|\n|-weather|SunnyDay|[upkeep]\n|-sideend|p2: cap4816|move: Tailwind\n|upkeep\n|turn|6\n|\n|t:|1682265181\n|move|p1b: Garchomp|Protect|p1b: Garchomp\n|-singleturn|p1b: Garchomp|Protect\n|move|p2b: \u771f\u9ed1|Tailwind|p2b: \u771f\u9ed1\n|-sidestart|p2: cap4816|move: Tailwind\n|move|p2a: \u7956\u6bcd\u7da0|Moonblast|p1b: Garchomp\n|-activate|p1b: Garchomp|move: Protect\n|move|p1a: Talonflame|Flare Blitz|p2a: \u7956\u6bcd\u7da0\n|-damage|p2a: \u7956\u6bcd\u7da0|0 fnt\n|faint|p2a: \u7956\u6bcd\u7da0\n|-end|p2a: \u7956\u6bcd\u7da0|Protosynthesis|[silent]\n|-damage|p1a: Talonflame|75\/100|[from] Recoil\n|\n|-weather|SunnyDay|[upkeep]\n|upkeep\n|\n|t:|1682265184\n|switch|p2a: Yui|Chi-Yu, L50|100\/100\n|-ability|p2a: Yui|Beads of Ruin\n|turn|7\n|\n|t:|1682265198\n|move|p2a: Yui|Dark Pulse|p1b: Garchomp\n|-damage|p1b: Garchomp|37\/100\n|move|p2b: \u771f\u9ed1|Brave Bird|p1b: Garchomp\n|-damage|p1b: Garchomp|0 fnt\n|-damage|p2b: \u771f\u9ed1|74\/100|[from] ability: Rough Skin|[of] p1b: Garchomp\n|faint|p1b: Garchomp\n|-damage|p2b: \u771f\u9ed1|60\/100|[from] Recoil\n|move|p1a: Talonflame|Flare Blitz|p2b: \u771f\u9ed1\n|-damage|p2b: \u771f\u9ed1|10\/100\n|-damage|p1a: Talonflame|60\/100|[from] Recoil\n|\n|-weather|SunnyDay|[upkeep]\n|-end|p1a: Talonflame|move: Taunt\n|upkeep\n|turn|8\n|-message|lagodude forfeited.\n|\n|win|cap4816\n|raw|lagodude's rating: 1308 → 1291<\/strong> (-17 for losing)\n|raw|cap4816's rating: 1369 → 1386<\/strong> (+17 for winning)\n|l|\u2606lagodude\n","uploadtime":1682265424,"views":12,"p1id":"lagodude","p2id":"cap4816","formatid":"gen9vgc2023regulationc","rating":1291,"private":0,"password":""}