{"id":"gen9vgc2023regulationc-1857956998","p1":"SavannahPandaVGC","p2":"EverCoop","format":"[Gen 9] VGC 2023 Regulation C","log":"|j|\u2606SavannahPandaVGC\n|j|\u2606EverCoop\n|t:|1683252163\n|gametype|doubles\n|player|p1|SavannahPandaVGC|2|1379\n|player|p2|EverCoop|blue-gen1rbchampion|1461\n|teamsize|p1|6\n|teamsize|p2|6\n|gen|9\n|tier|[Gen 9] VGC 2023 Regulation C\n|rated|\n|rule|Species Clause: Limit one of each Pok\u00e9mon\n|rule|Item Clause: Limit one of each item\n|clearpoke\n|poke|p1|Flutter Mane, L50|\n|poke|p1|Iron Hands, L50|\n|poke|p1|Corviknight, L50, F|\n|poke|p1|Gyarados, L50, M|\n|poke|p1|Chi-Yu, L50|\n|poke|p1|Amoonguss, L50, M|\n|poke|p2|Dragonite, L50, F|\n|poke|p2|Chien-Pao, L50|\n|poke|p2|Orthworm, L50, M|\n|poke|p2|Iron Moth, L50|\n|poke|p2|Rotom-Wash, L50|\n|poke|p2|Corviknight, L50, M|\n|teampreview|4\n|inactive|Battle timer is ON: inactive players will automatically lose when time's up. (requested by EverCoop)\nSavannahPandaVGC has agreed to open team sheets.\nEverCoop has agreed to open team sheets.\n|inactive|SavannahPandaVGC has 60 seconds left.\n|inactive|SavannahPandaVGC has 30 seconds left.\n|inactive|SavannahPandaVGC has 20 seconds left.\n|inactive|SavannahPandaVGC has 15 seconds left.\n|inactive|SavannahPandaVGC has 10 seconds left.\n|inactive|SavannahPandaVGC has 5 seconds left.\n|\n|t:|1683252250\n|start\n|switch|p1a: Iron Hands|Iron Hands, L50|100\/100\n|switch|p1b: Gyarados|Gyarados, L50, M|100\/100\n|switch|p2a: Iron Moth|Iron Moth, L50|100\/100\n|switch|p2b: Rotom|Rotom-Wash, L50|100\/100\n|-ability|p1b: Gyarados|Intimidate|boost\n|-unboost|p2a: Iron Moth|atk|1\n|-unboost|p2b: Rotom|atk|1\n|-enditem|p2a: Iron Moth|Booster Energy\n|-activate|p2a: Iron Moth|ability: Quark Drive|[fromitem]\n|-start|p2a: Iron Moth|quarkdrivespa\n|turn|1\n|inactive|SavannahPandaVGC has 30 seconds left.\n|\n|t:|1683252283\n|-terastallize|p2a: Iron Moth|Water\n|move|p1a: Iron Hands|Fake Out|p2b: Rotom\n|-damage|p2b: Rotom|85\/100\n|move|p2a: Iron Moth|Energy Ball|p1b: Gyarados\n|-damage|p1b: Gyarados|67\/100\n|cant|p2b: Rotom|flinch\n|move|p1b: Gyarados|Thunder Wave|p2a: Iron Moth\n|-status|p2a: Iron Moth|par\n|\n|upkeep\n|turn|2\n|inactive|SavannahPandaVGC has 30 seconds left.\n|inactive|SavannahPandaVGC has 20 seconds left.\n|inactive|SavannahPandaVGC has 15 seconds left.\n|inactive|SavannahPandaVGC has 10 seconds left.\n|inactive|SavannahPandaVGC has 5 seconds left.\n|\n|t:|1683252336\n|switch|p2b: Corviknight|Corviknight, L50, M|100\/100\n|-end|p1a: Iron Hands|Quark Drive|[silent]\n|switch|p1a: Amoonguss|Amoonguss, L50, M|100\/100\n|move|p1b: Gyarados|Protect|p1b: Gyarados\n|-singleturn|p1b: Gyarados|Protect\n|cant|p2a: Iron Moth|par\n|\n|upkeep\n|turn|3\n|inactive|SavannahPandaVGC has 30 seconds left.\n|\n|t:|1683252368\n|switch|p1b: Iron Hands|Iron Hands, L50|100\/100\n|-terastallize|p1a: Amoonguss|Water\n|move|p2b: Corviknight|Brave Bird|p1a: Amoonguss\n|-damage|p1a: Amoonguss|58\/100\n|-damage|p2b: Corviknight|85\/100|[from] Recoil\n|move|p2a: Iron Moth|Sludge Wave|p1a: Amoonguss|[spread] p1a,p1b\n|-immune|p2b: Corviknight\n|-damage|p1a: Amoonguss|11\/100\n|-damage|p1b: Iron Hands|75\/100\n|-enditem|p1a: Amoonguss|Sitrus Berry|[eat]\n|-heal|p1a: Amoonguss|36\/100|[from] item: Sitrus Berry\n|move|p1a: Amoonguss|Spore|p2b: Corviknight\n|-status|p2b: Corviknight|slp|[from] move: Spore\n|\n|upkeep\n|turn|4\n|inactive|SavannahPandaVGC has 30 seconds left.\n|inactive|SavannahPandaVGC has 20 seconds left.\n|inactive|SavannahPandaVGC has 15 seconds left.\n|inactive|SavannahPandaVGC has 10 seconds left.\n|\n|t:|1683252415\n|switch|p1a: Flutter Mane|Flutter Mane, L50|100\/100\n|cant|p2b: Corviknight|slp\n|move|p2a: Iron Moth|Sludge Wave|p1a: Flutter Mane|[spread] p1a,p1b\n|-immune|p2b: Corviknight\n|-crit|p1b: Iron Hands\n|-damage|p1a: Flutter Mane|47\/100\n|-damage|p1b: Iron Hands|33\/100\n|move|p1b: Iron Hands|Wild Charge|p2b: Corviknight\n|-supereffective|p2b: Corviknight\n|-damage|p2b: Corviknight|0 fnt\n|-damage|p1b: Iron Hands|17\/100|[from] item: Rocky Helmet|[of] p2b: Corviknight\n|faint|p2b: Corviknight\n|-damage|p1b: Iron Hands|0 fnt|[from] Recoil\n|faint|p1b: Iron Hands\n|-end|p1b: Iron Hands|Quark Drive|[silent]\n|\n|upkeep\n|inactive|SavannahPandaVGC has 30 seconds left.\n|\n|t:|1683252442\n|switch|p2b: Dragonite|Dragonite, L50, F|100\/100\n|switch|p1b: Gyarados|Gyarados, L50, M|67\/100\n|-ability|p1b: Gyarados|Intimidate|boost\n|-unboost|p2a: Iron Moth|atk|1\n|-unboost|p2b: Dragonite|atk|1\n|turn|5\n|inactive|SavannahPandaVGC has 30 seconds left.\n|inactive|SavannahPandaVGC has 20 seconds left.\n|inactive|SavannahPandaVGC has 15 seconds left.\n|inactive|SavannahPandaVGC has 10 seconds left.\n|inactive|SavannahPandaVGC has 5 seconds left.\n|\n|t:|1683252497\n|switch|p2b: Rotom|Rotom-Wash, L50|85\/100\n|move|p1a: Flutter Mane|Dazzling Gleam|p2a: Iron Moth|[spread] p2a,p2b\n|-damage|p2a: Iron Moth|55\/100 par\n|-damage|p2b: Rotom|43\/100\n|move|p1b: Gyarados|Waterfall|p2b: Rotom\n|-resisted|p2b: Rotom\n|-damage|p2b: Rotom|25\/100\n|move|p2a: Iron Moth|Heat Wave|p1a: Flutter Mane|[spread] p1a,p1b\n|-resisted|p1b: Gyarados\n|-damage|p1a: Flutter Mane|0 fnt\n|-damage|p1b: Gyarados|51\/100\n|faint|p1a: Flutter Mane\n|-end|p1a: Flutter Mane|Protosynthesis|[silent]\n|\n|upkeep\n|\n|t:|1683252509\n|switch|p1a: Amoonguss|Amoonguss, L50, M, tera:Water|70\/100\n|turn|6\n|\n|t:|1683252525\n|move|p1b: Gyarados|Protect|p1b: Gyarados\n|-singleturn|p1b: Gyarados|Protect\n|move|p2b: Rotom|Thunderbolt|p1a: Amoonguss\n|-supereffective|p1a: Amoonguss\n|-damage|p1a: Amoonguss|7\/100\n|move|p2a: Iron Moth|Energy Ball|p1a: Amoonguss\n|-supereffective|p1a: Amoonguss\n|-damage|p1a: Amoonguss|0 fnt\n|faint|p1a: Amoonguss\n|\n|upkeep\n|turn|7\n|\n|t:|1683252536\n|move|p2b: Rotom|Thunderbolt|p1b: Gyarados\n|-supereffective|p1b: Gyarados\n|-damage|p1b: Gyarados|0 fnt\n|faint|p1b: Gyarados\n|\n|win|EverCoop\n|raw|SavannahPandaVGC's rating: 1379 → 1364<\/strong> (-15 for losing)\n|raw|EverCoop's rating: 1461 → 1476<\/strong> (+15 for winning)\n|l|\u2606EverCoop\n","uploadtime":1683252568,"views":9,"p1id":"savannahpandavgc","p2id":"evercoop","formatid":"gen9vgc2023regulationc","rating":1364,"private":0,"password":""}