{"id":"gen9vgc2023regulationc-1848316122","p1":"Kammala","p2":"Steakman5","format":"[Gen 9] VGC 2023 Regulation C","log":"|j|\u2606Kammala\n|j|\u2606Steakman5\n|t:|1682059183\n|gametype|doubles\n|player|p1|Kammala|266|1409\n|player|p2|Steakman5|swimmer-gen4|1304\n|teamsize|p1|6\n|teamsize|p2|6\n|gen|9\n|tier|[Gen 9] VGC 2023 Regulation C\n|rated|\n|rule|Species Clause: Limit one of each Pok\u00e9mon\n|rule|Item Clause: Limit one of each item\n|clearpoke\n|poke|p1|Azumarill, L50, M|\n|poke|p1|Amoonguss, L50, F|\n|poke|p1|Tauros-Paldea-Blaze, L50, M|\n|poke|p1|Ting-Lu, L50|\n|poke|p1|Baxcalibur, L50, M|\n|poke|p1|Flutter Mane, L50|\n|poke|p2|Torkoal, L50, F|\n|poke|p2|Lilligant, L50, F|\n|poke|p2|Arcanine, L50, F|\n|poke|p2|Baxcalibur, L50, F|\n|poke|p2|Armarouge, L50, F|\n|poke|p2|Flutter Mane, L50|\n|teampreview|4\n|inactive|Battle timer is ON: inactive players will automatically lose when time's up. (requested by Kammala)\nKammala has agreed to open team sheets.\n|inactive|Kammala has 60 seconds left.\n|inactive|Steakman5 has 60 seconds left.\n|\n|t:|1682059221\n|start\n|switch|p1a: Tauros|Tauros-Paldea-Blaze, L50, M|100\/100\n|switch|p1b: Flutter Mane|Flutter Mane, L50|100\/100\n|switch|p2a: Torkoal|Torkoal, L50, F|100\/100\n|switch|p2b: Armarouge|Armarouge, L50, F|100\/100\n|-ability|p1a: Tauros|Intimidate|boost\n|-unboost|p2a: Torkoal|atk|1\n|-unboost|p2b: Armarouge|atk|1\n|-weather|SunnyDay|[from] ability: Drought|[of] p2a: Torkoal\n|-activate|p1b: Flutter Mane|ability: Protosynthesis\n|-start|p1b: Flutter Mane|protosynthesisspa\n|turn|1\n|\n|t:|1682059244\n|move|p2b: Armarouge|Protect|p2b: Armarouge\n|-singleturn|p2b: Armarouge|Protect\n|move|p1b: Flutter Mane|Shadow Ball|p2b: Armarouge\n|-activate|p2b: Armarouge|move: Protect\n|move|p1a: Tauros|Close Combat|p2b: Armarouge\n|-activate|p2b: Armarouge|move: Protect\n|move|p2a: Torkoal|Eruption|p1a: Tauros|[spread] p1a,p1b\n|-resisted|p1a: Tauros\n|-damage|p1a: Tauros|49\/100\n|-damage|p1b: Flutter Mane|18\/100\n|\n|-weather|SunnyDay|[upkeep]\n|upkeep\n|turn|2\n|inactive|Kammala has 30 seconds left.\n|inactive|Steakman5 has 30 seconds left.\n|\n|t:|1682059277\n|-terastallize|p2b: Armarouge|Fire\n|move|p1b: Flutter Mane|Shadow Ball|p2a: Torkoal\n|-damage|p2a: Torkoal|16\/100\n|move|p1a: Tauros|Close Combat|p2b: Armarouge\n|-damage|p2b: Armarouge|53\/100\n|-unboost|p1a: Tauros|def|1\n|-unboost|p1a: Tauros|spd|1\n|move|p2b: Armarouge|Heat Wave|p1b: Flutter Mane|[spread] p1a\n|-miss|p2b: Armarouge|p1b: Flutter Mane\n|-resisted|p1a: Tauros\n|-damage|p1a: Tauros|0 fnt\n|faint|p1a: Tauros\n|-damage|p2b: Armarouge|43\/100|[from] item: Life Orb\n|move|p2a: Torkoal|Eruption|p1b: Flutter Mane\n|-damage|p1b: Flutter Mane|0 fnt\n|faint|p1b: Flutter Mane\n|-end|p1b: Flutter Mane|Protosynthesis|[silent]\n|\n|-weather|SunnyDay|[upkeep]\n|upkeep\n|\n|t:|1682059290\n|switch|p1b: Azumarill|Azumarill, L50, M|100\/100\n|switch|p1a: Ting-Lu|Ting-Lu, L50|100\/100\n|-ability|p1a: Ting-Lu|Vessel of Ruin\n|turn|3\n|\n|t:|1682059307\n|move|p2b: Armarouge|Solar Beam||[still]\n|-prepare|p2b: Armarouge|Solar Beam\n|-anim|p2b: Armarouge|Solar Beam|p1b: Azumarill\n|-supereffective|p1b: Azumarill\n|-damage|p1b: Azumarill|52\/100\n|-damage|p2b: Armarouge|33\/100|[from] item: Life Orb\n|move|p1b: Azumarill|Liquidation|p2b: Armarouge\n|-supereffective|p2b: Armarouge\n|-damage|p2b: Armarouge|0 fnt\n|faint|p2b: Armarouge\n|move|p1a: Ting-Lu|Stealth Rock|p2a: Torkoal\n|-sidestart|p2: Steakman5|move: Stealth Rock\n|move|p2a: Torkoal|Clear Smog|p1b: Azumarill\n|-supereffective|p1b: Azumarill\n|-damage|p1b: Azumarill|35\/100\n|-clearboost|p1b: Azumarill\n|\n|-weather|SunnyDay|[upkeep]\n|upkeep\n|\n|t:|1682059326\n|switch|p2b: Arcanine|Arcanine, L50, F|100\/100\n|-damage|p2b: Arcanine|76\/100|[from] Stealth Rock\n|-ability|p2b: Arcanine|Intimidate|boost\n|-unboost|p1a: Ting-Lu|atk|1\n|-unboost|p1b: Azumarill|atk|1\n|turn|4\n|inactive|Kammala has 30 seconds left.\n|\n|t:|1682059354\n|-terastallize|p1b: Azumarill|Water\n|move|p1a: Ting-Lu|Protect|p1a: Ting-Lu\n|-singleturn|p1a: Ting-Lu|Protect\n|move|p2a: Torkoal|Protect|p2a: Torkoal\n|-singleturn|p2a: Torkoal|Protect\n|move|p2b: Arcanine|Extreme Speed|p1b: Azumarill\n|-damage|p1b: Azumarill|8\/100\n|move|p1b: Azumarill|Liquidation|p2b: Arcanine\n|-supereffective|p2b: Arcanine\n|-damage|p2b: Arcanine|15\/100\n|-unboost|p2b: Arcanine|def|1\n|-enditem|p2b: Arcanine|Sitrus Berry|[eat]\n|-heal|p2b: Arcanine|40\/100|[from] item: Sitrus Berry\n|\n|-weather|SunnyDay|[upkeep]\n|upkeep\n|turn|5\n|\n|t:|1682059374\n|move|p2b: Arcanine|Extreme Speed|p1b: Azumarill\n|-damage|p1b: Azumarill|0 fnt\n|faint|p1b: Azumarill\n|move|p1a: Ting-Lu|Heavy Slam|p2a: Torkoal\n|-resisted|p2a: Torkoal\n|-damage|p2a: Torkoal|5\/100\n|move|p2a: Torkoal|Earth Power|p1a: Ting-Lu\n|-damage|p1a: Ting-Lu|87\/100\n|\n|-weather|SunnyDay|[upkeep]\n|-heal|p1a: Ting-Lu|93\/100|[from] item: Leftovers\n|upkeep\n|turn|6\n|\n|t:|1682059390\n|move|p2a: Torkoal|Protect|p2a: Torkoal\n|-singleturn|p2a: Torkoal|Protect\n|move|p2b: Arcanine|Morning Sun|p2b: Arcanine\n|-heal|p2b: Arcanine|100\/100\n|move|p1a: Ting-Lu|Heavy Slam|p2b: Arcanine\n|-resisted|p2b: Arcanine\n|-damage|p2b: Arcanine|80\/100\n|\n|-weather|SunnyDay|[upkeep]\n|-heal|p1a: Ting-Lu|99\/100|[from] item: Leftovers\n|upkeep\n|turn|7\n|\n|t:|1682059407\n|switch|p2a: Baxcalibur|Baxcalibur, L50, F|100\/100\n|-damage|p2a: Baxcalibur|76\/100|[from] Stealth Rock\n|move|p2b: Arcanine|Extreme Speed|p1a: Ting-Lu\n|-damage|p1a: Ting-Lu|84\/100\n|move|p1a: Ting-Lu|Heavy Slam|p2a: Baxcalibur\n|-supereffective|p2a: Baxcalibur\n|-damage|p2a: Baxcalibur|37\/100\n|\n|-weather|SunnyDay|[upkeep]\n|-heal|p1a: Ting-Lu|90\/100|[from] item: Leftovers\n|upkeep\n|turn|8\n|\n|t:|1682059423\n|move|p2b: Arcanine|Flare Blitz|p1a: Ting-Lu\n|-damage|p1a: Ting-Lu|32\/100\n|-damage|p2b: Arcanine|53\/100|[from] Recoil\n|move|p2a: Baxcalibur|Icicle Spear|p1a: Ting-Lu\n|-supereffective|p1a: Ting-Lu\n|-damage|p1a: Ting-Lu|16\/100\n|-supereffective|p1a: Ting-Lu\n|-damage|p1a: Ting-Lu|0 fnt\n|faint|p1a: Ting-Lu\n|-hitcount|p1: Ting-Lu|2\n|\n|win|Steakman5\n|raw|Kammala's rating: 1409 → 1383<\/strong> (-26 for losing)\n|raw|Steakman5's rating: 1304 → 1330<\/strong> (+26 for winning)\n","uploadtime":1682059433,"views":8,"p1id":"kammala","p2id":"steakman5","formatid":"gen9vgc2023regulationc","rating":1330,"private":0,"password":""}