{"id":"gen9vgc2023regulationc-1855415115","p1":"WillieDangerously","p2":"Cheenz","format":"[Gen 9] VGC 2023 Regulation C","log":"|j|\u2606WillieDangerously\n|j|\u2606Cheenz\n|t:|1682949205\n|gametype|doubles\n|player|p1|WillieDangerously|psychic-gen4|1322\n|player|p2|Cheenz|crasherwake|1252\n|teamsize|p1|6\n|teamsize|p2|6\n|gen|9\n|tier|[Gen 9] VGC 2023 Regulation C\n|rated|\n|rule|Species Clause: Limit one of each Pok\u00e9mon\n|rule|Item Clause: Limit one of each item\n|clearpoke\n|poke|p1|Chien-Pao, L50|\n|poke|p1|Amoonguss, L50, F|\n|poke|p1|Palafin, L50, F|\n|poke|p1|Dragapult, L50, M|\n|poke|p1|Scream Tail, L50|\n|poke|p1|Arcanine, L50, F|\n|poke|p2|Chi-Yu, L50|\n|poke|p2|Flutter Mane, L50|\n|poke|p2|Palafin, L50, F|\n|poke|p2|Tsareena, L50, F|\n|poke|p2|Iron Jugulis, L50|\n|poke|p2|Iron Hands, L50|\n|teampreview|4\n|\n|t:|1682949256\n|start\n|switch|p1a: Dragapult|Dragapult, L50, M|100\/100\n|switch|p1b: Scream Tail|Scream Tail, L50|100\/100\n|switch|p2a: Iron Jugulis|Iron Jugulis, L50|100\/100\n|switch|p2b: Chi-Yu|Chi-Yu, L50|100\/100\n|-ability|p2b: Chi-Yu|Beads of Ruin\n|-enditem|p2a: Iron Jugulis|Booster Energy\n|-activate|p2a: Iron Jugulis|ability: Quark Drive|[fromitem]\n|-start|p2a: Iron Jugulis|quarkdrivespe\n|-enditem|p1b: Scream Tail|Booster Energy\n|-activate|p1b: Scream Tail|ability: Protosynthesis|[fromitem]\n|-start|p1b: Scream Tail|protosynthesisspe\n|turn|1\n|\n|t:|1682949289\n|move|p1a: Dragapult|Protect|p1a: Dragapult\n|-singleturn|p1a: Dragapult|Protect\n|move|p2a: Iron Jugulis|Tailwind|p2a: Iron Jugulis\n|-sidestart|p2: Cheenz|move: Tailwind\n|move|p2b: Chi-Yu|Dark Pulse|p1a: Dragapult\n|-activate|p1a: Dragapult|move: Protect\n|move|p1b: Scream Tail|Thunder Wave|p2b: Chi-Yu\n|-status|p2b: Chi-Yu|par\n|\n|upkeep\n|turn|2\n|\n|t:|1682949307\n|move|p2a: Iron Jugulis|Snarl|p1b: Scream Tail|[spread] p1a,p1b\n|-supereffective|p1a: Dragapult\n|-damage|p1a: Dragapult|26\/100\n|-damage|p1b: Scream Tail|84\/100\n|-unboost|p1b: Scream Tail|spa|1\n|move|p2b: Chi-Yu|Dark Pulse|p1a: Dragapult\n|-supereffective|p1a: Dragapult\n|-damage|p1a: Dragapult|0 fnt\n|faint|p1a: Dragapult\n|move|p1b: Scream Tail|Howl|p1b: Scream Tail\n|-boost|p1b: Scream Tail|atk|1\n|\n|upkeep\n|\n|t:|1682949327\n|switch|p1a: Arcanine|Arcanine, L50, F|100\/100\n|-ability|p1a: Arcanine|Intimidate|boost\n|-unboost|p2a: Iron Jugulis|atk|1\n|-unboost|p2b: Chi-Yu|atk|1\n|turn|3\n|\n|t:|1682949363\n|move|p1a: Arcanine|Protect|p1a: Arcanine\n|-singleturn|p1a: Arcanine|Protect\n|move|p2a: Iron Jugulis|Air Slash|p1b: Scream Tail\n|-crit|p1b: Scream Tail\n|-damage|p1b: Scream Tail|35\/100\n|cant|p2b: Chi-Yu|par\n|move|p1b: Scream Tail|Thunder Wave|p2a: Iron Jugulis\n|-status|p2a: Iron Jugulis|par\n|\n|upkeep\n|turn|4\n|\n|t:|1682949389\n|move|p2a: Iron Jugulis|Air Slash|p1b: Scream Tail\n|-damage|p1b: Scream Tail|3\/100\n|cant|p2b: Chi-Yu|par\n|cant|p1b: Scream Tail|flinch\n|move|p1a: Arcanine|Flare Blitz|p2a: Iron Jugulis\n|-damage|p2a: Iron Jugulis|39\/100 par\n|-damage|p1a: Arcanine|80\/100|[from] Recoil\n|\n|-sideend|p2: Cheenz|move: Tailwind\n|upkeep\n|turn|5\n|\n|t:|1682949416\n|move|p1b: Scream Tail|Howl|p1b: Scream Tail|[spread] p1a,p1b\n|-boost|p1a: Arcanine|atk|1\n|-boost|p1b: Scream Tail|atk|1\n|move|p1a: Arcanine|Flare Blitz|p2a: Iron Jugulis\n|-damage|p2a: Iron Jugulis|0 fnt\n|faint|p2a: Iron Jugulis\n|-end|p2a: Iron Jugulis|Quark Drive|[silent]\n|-damage|p1a: Arcanine|68\/100|[from] Recoil\n|move|p2b: Chi-Yu|Dark Pulse|p1b: Scream Tail\n|-damage|p1b: Scream Tail|0 fnt\n|faint|p1b: Scream Tail\n|-end|p1b: Scream Tail|Protosynthesis|[silent]\n|\n|upkeep\n|\n|t:|1682949427\n|switch|p2a: Iron Hands|Iron Hands, L50|100\/100\n|switch|p1b: Amoonguss|Amoonguss, L50, F|100\/100\n|turn|6\n|\n|t:|1682949458\n|-terastallize|p2a: Iron Hands|Grass\n|move|p1a: Arcanine|Protect|p1a: Arcanine\n|-singleturn|p1a: Arcanine|Protect\n|move|p2a: Iron Hands|Fake Out|p1a: Arcanine\n|-activate|p1a: Arcanine|move: Protect\n|move|p2b: Chi-Yu|Dark Pulse|p1a: Arcanine\n|-activate|p1a: Arcanine|move: Protect\n|move|p1b: Amoonguss|Pollen Puff|p2b: Chi-Yu\n|-damage|p2b: Chi-Yu|77\/100 par\n|\n|upkeep\n|turn|7\n|\n|t:|1682949490\n|move|p1a: Arcanine|Flare Blitz|p2a: Iron Hands\n|-supereffective|p2a: Iron Hands\n|-damage|p2a: Iron Hands|2\/100\n|-damage|p1a: Arcanine|20\/100|[from] Recoil\n|move|p2b: Chi-Yu|Dark Pulse|p1a: Arcanine\n|-damage|p1a: Arcanine|0 fnt\n|faint|p1a: Arcanine\n|move|p2a: Iron Hands|Earthquake|p1b: Amoonguss|[spread] p2b,p1b\n|-supereffective|p2b: Chi-Yu\n|-damage|p2b: Chi-Yu|0 fnt\n|-damage|p1b: Amoonguss|67\/100\n|faint|p2b: Chi-Yu\n|move|p1b: Amoonguss|Pollen Puff|p1: Arcanine|[notarget]\n|-fail|p1b: Amoonguss\n|\n|upkeep\n|-message|WillieDangerously forfeited.\n|\n|win|Cheenz\n|raw|WillieDangerously's rating: 1322 → 1298<\/strong> (-24 for losing)\n|raw|Cheenz's rating: 1252 → 1282<\/strong> (+30 for winning)\n|l|\u2606WillieDangerously\n","uploadtime":1682949501,"views":12,"p1id":"williedangerously","p2id":"cheenz","formatid":"gen9vgc2023regulationc","rating":1282,"private":0,"password":""}