{"id":"gen9vgc2023regulationc-1857090880","p1":"nsyjntznghh","p2":"Vengeful potato","format":"[Gen 9] VGC 2023 Regulation C","log":"|j|\u2606nsyjntznghh\n|j|\u2606Vengeful potato\n|t:|1683144849\n|gametype|doubles\n|player|p1|nsyjntznghh|265|1206\n|player|p2|Vengeful potato|swimmer-gen4|1293\n|teamsize|p1|6\n|teamsize|p2|6\n|gen|9\n|tier|[Gen 9] VGC 2023 Regulation C\n|rated|\n|rule|Species Clause: Limit one of each Pok\u00e9mon\n|rule|Item Clause: Limit one of each item\n|clearpoke\n|poke|p1|Iron Bundle, L50|\n|poke|p1|Flutter Mane, L50|\n|poke|p1|Maushold, L50|\n|poke|p1|Chi-Yu, L50|\n|poke|p1|Ceruledge, L50, M|\n|poke|p1|Dragonite, L50, F|\n|poke|p2|Dudunsparce-*, L50, M|\n|poke|p2|Hariyama, L50, M|\n|poke|p2|Chi-Yu, L50|\n|poke|p2|Salamence, L50, F|\n|poke|p2|Tinkaton, L50, F|\n|poke|p2|Rotom-Wash, L50|\n|teampreview|4\n|\n|t:|1683144894\n|start\n|switch|p1a: Flutter Mane|Flutter Mane, L50|100\/100\n|switch|p1b: Iron Bundle|Iron Bundle, L50|100\/100\n|switch|p2a: Double Down|Dudunsparce, L50, M|100\/100\n|switch|p2b: THICC!|Hariyama, L50, M, shiny|100\/100\n|-enditem|p1a: Flutter Mane|Booster Energy\n|-activate|p1a: Flutter Mane|ability: Protosynthesis|[fromitem]\n|-start|p1a: Flutter Mane|protosynthesisspe\n|turn|1\n|\n|t:|1683144932\n|-terastallize|p2b: THICC!|Steel\n|move|p2b: THICC!|Bullet Punch|p1a: Flutter Mane\n|-supereffective|p1a: Flutter Mane\n|-damage|p1a: Flutter Mane|23\/100\n|move|p1a: Flutter Mane|Moonblast|p2a: Double Down\n|-damage|p2a: Double Down|51\/100\n|move|p1b: Iron Bundle|Hydro Pump|p2a: Double Down\n|-damage|p2a: Double Down|1\/100\n|-enditem|p2a: Double Down|Sitrus Berry|[eat]\n|-heal|p2a: Double Down|26\/100|[from] item: Sitrus Berry\n|move|p2a: Double Down|Glare|p1b: Iron Bundle\n|-status|p1b: Iron Bundle|par\n|\n|upkeep\n|turn|2\n|\n|t:|1683144956\n|-end|p1a: Flutter Mane|Protosynthesis|[silent]\n|switch|p1a: Ceruledge|Ceruledge, L50, M|100\/100\n|move|p2a: Double Down|Roost|p2a: Double Down\n|-heal|p2a: Double Down|76\/100\n|-singleturn|p2a: Double Down|move: Roost\n|move|p1b: Iron Bundle|Encore|p2b: THICC!\n|-start|p2b: THICC!|Encore\n|move|p2b: THICC!|Bullet Punch|p1b: Iron Bundle\n|-damage|p1b: Iron Bundle|78\/100 par\n|\n|upkeep\n|turn|3\n|\n|t:|1683144967\n|switch|p2b: Nemo|Chi-Yu, L50|100\/100\n|-ability|p2b: Nemo|Beads of Ruin\n|move|p1a: Ceruledge|Bulk Up|p1a: Ceruledge\n|-boost|p1a: Ceruledge|atk|1\n|-boost|p1a: Ceruledge|def|1\n|move|p2a: Double Down|Glare|p1a: Ceruledge\n|-status|p1a: Ceruledge|par\n|move|p1b: Iron Bundle|Encore|p2a: Double Down\n|-start|p2a: Double Down|Encore\n|\n|upkeep\n|turn|4\n|\n|t:|1683145013\n|switch|p2b: \ud83d\udca6|Rotom-Wash, L50, shiny|100\/100\n|switch|p2a: THICC!|Hariyama, L50, M, shiny, tera:Steel|100\/100\n|-terastallize|p1a: Ceruledge|Steel\n|move|p1b: Iron Bundle|Hydro Pump|p2b: \ud83d\udca6|[miss]\n|-miss|p1b: Iron Bundle|p2b: \ud83d\udca6\n|cant|p1a: Ceruledge|par\n|\n|upkeep\n|turn|5\n|\n|t:|1683145036\n|cant|p1a: Ceruledge|par\n|move|p2a: THICC!|Fake Out|p1a: Ceruledge\n|-resisted|p1a: Ceruledge\n|-damage|p1a: Ceruledge|96\/100 par\n|move|p2b: \ud83d\udca6|Volt Switch|p1b: Iron Bundle\n|-supereffective|p1b: Iron Bundle\n|-damage|p1b: Iron Bundle|0 fnt\n|faint|p1b: Iron Bundle\n|-end|p1b: Iron Bundle|Quark Drive|[silent]\n|\n|t:|1683145048\n|switch|p2b: Nemo|Chi-Yu, L50|100\/100|[from] Volt Switch\n|-ability|p2b: Nemo|Beads of Ruin\n|\n|-heal|p1a: Ceruledge|100\/100 par|[from] item: Leftovers\n|upkeep\n|\n|t:|1683145051\n|switch|p1b: Dragonite|Dragonite, L50, F|100\/100\n|turn|6\n|\n|t:|1683145066\n|move|p1b: Dragonite|Extreme Speed|p2a: THICC!\n|-resisted|p2a: THICC!\n|-damage|p2a: THICC!|78\/100\n|move|p2b: Nemo|Dark Pulse|p1a: Ceruledge\n|-damage|p1a: Ceruledge|15\/100 par\n|move|p2a: THICC!|Drain Punch|p1a: Ceruledge\n|-supereffective|p1a: Ceruledge\n|-damage|p1a: Ceruledge|0 fnt\n|-heal|p2a: THICC!|84\/100|[from] drain|[of] p1a: Ceruledge\n|faint|p1a: Ceruledge\n|\n|upkeep\n|-message|nsyjntznghh forfeited.\n|\n|win|Vengeful potato\n|raw|nsyjntznghh's rating: 1206 → 1187<\/strong> (-19 for losing)\n|raw|Vengeful potato's rating: 1293 → 1312<\/strong> (+19 for winning)\n|l|\u2606nsyjntznghh\n|c|\u2606Vengeful potato|Ggs\n","uploadtime":1683145136,"views":7,"p1id":"nsyjntznghh","p2id":"vengefulpotato","formatid":"gen9vgc2023regulationc","rating":1187,"private":0,"password":""}