{"id":"gen9vgc2023regulationc-1857719097","p1":"AirForestOne","p2":"turok050","format":"[Gen 9] VGC 2023 Regulation C","log":"|j|\u2606AirForestOne\n|j|\u2606turok050\n|t:|1683225376\n|gametype|doubles\n|player|p1|AirForestOne|pokemonbreeder-gen4|1100\n|player|p2|turok050|2|1154\n|teamsize|p1|6\n|teamsize|p2|6\n|gen|9\n|tier|[Gen 9] VGC 2023 Regulation C\n|rated|\n|rule|Species Clause: Limit one of each Pok\u00e9mon\n|rule|Item Clause: Limit one of each item\n|clearpoke\n|poke|p1|Scizor, L50, M|\n|poke|p1|Amoonguss, L50, M|\n|poke|p1|Ting-Lu, L50|\n|poke|p1|Iron Hands, L50|\n|poke|p1|Iron Bundle, L50|\n|poke|p1|Ceruledge, L50, F|\n|poke|p2|Tyranitar, L50, F|\n|poke|p2|Wo-Chien, L50|\n|poke|p2|Gastrodon, L50, F|\n|poke|p2|Lycanroc, L50, F|\n|poke|p2|Glimmora, L50, M|\n|poke|p2|Talonflame, L50, F|\n|teampreview|4\n|inactive|Battle timer is ON: inactive players will automatically lose when time's up. (requested by turok050)\n|\n|t:|1683225424\n|start\n|switch|p1a: Scizor|Scizor, L50, M|100\/100\n|switch|p1b: Ting-Lu|Ting-Lu, L50|100\/100\n|switch|p2a: Tyranitar|Tyranitar, L50, F|100\/100\n|switch|p2b: Talonflame|Talonflame, L50, F|100\/100\n|-weather|Sandstorm|[from] ability: Sand Stream|[of] p2a: Tyranitar\n|-ability|p1b: Ting-Lu|Vessel of Ruin\n|turn|1\n|\n|t:|1683225448\n|-terastallize|p2a: Tyranitar|Ground\n|move|p2b: Talonflame|Will-O-Wisp|p1b: Ting-Lu\n|-status|p1b: Ting-Lu|brn\n|move|p2a: Tyranitar|Dragon Dance|p2a: Tyranitar\n|-boost|p2a: Tyranitar|atk|1\n|-boost|p2a: Tyranitar|spe|1\n|move|p1a: Scizor|X-Scissor|p2a: Tyranitar\n|-damage|p2a: Tyranitar|47\/100\n|-damage|p1a: Scizor|91\/100|[from] item: Life Orb\n|move|p1b: Ting-Lu|Ruination|p2b: Talonflame\n|-damage|p2b: Talonflame|51\/100\n|\n|-weather|Sandstorm|[upkeep]\n|-damage|p2b: Talonflame|45\/100|[from] Sandstorm\n|-damage|p1b: Ting-Lu|95\/100 brn|[from] brn\n|upkeep\n|turn|2\n|inactive|AirForestOne has 30 seconds left.\n|inactive|AirForestOne has 20 seconds left.\n|inactive|AirForestOne has 15 seconds left.\n|\n|t:|1683225493\n|move|p1a: Scizor|Bullet Punch|p2b: Talonflame\n|-resisted|p2b: Talonflame\n|-damage|p2b: Talonflame|9\/100\n|-damage|p1a: Scizor|81\/100|[from] item: Life Orb\n|move|p2a: Tyranitar|Rock Slide|p1a: Scizor|[spread] p1a,p1b\n|-resisted|p1b: Ting-Lu\n|-damage|p1a: Scizor|38\/100\n|-damage|p1b: Ting-Lu|81\/100 brn\n|move|p2b: Talonflame|Will-O-Wisp|p1a: Scizor\n|-status|p1a: Scizor|brn\n|move|p1b: Ting-Lu|Stomping Tantrum|p2a: Tyranitar\n|-damage|p2a: Tyranitar|30\/100\n|\n|-weather|Sandstorm|[upkeep]\n|-damage|p2b: Talonflame|3\/100|[from] Sandstorm\n|-heal|p1b: Ting-Lu|87\/100 brn|[from] item: Leftovers\n|-damage|p1a: Scizor|32\/100 brn|[from] brn\n|-damage|p1b: Ting-Lu|81\/100 brn|[from] brn\n|upkeep\n|turn|3\n|\n|t:|1683225517\n|move|p1b: Ting-Lu|Protect|p1b: Ting-Lu\n|-singleturn|p1b: Ting-Lu|Protect\n|move|p1a: Scizor|Bullet Punch|p2a: Tyranitar\n|-damage|p2a: Tyranitar|10\/100\n|-damage|p1a: Scizor|23\/100 brn|[from] item: Life Orb\n|move|p2a: Tyranitar|Earthquake|p1b: Ting-Lu|[spread] p1a\n|-activate|p1b: Ting-Lu|move: Protect\n|-immune|p2b: Talonflame\n|-damage|p1a: Scizor|0 fnt\n|faint|p1a: Scizor\n|move|p2b: Talonflame|Flare Blitz|p1b: Ting-Lu\n|-activate|p1b: Ting-Lu|move: Protect\n|\n|-weather|Sandstorm|[upkeep]\n|-damage|p2b: Talonflame|0 fnt|[from] Sandstorm\n|faint|p2b: Talonflame\n|-heal|p1b: Ting-Lu|87\/100 brn|[from] item: Leftovers\n|-damage|p1b: Ting-Lu|81\/100 brn|[from] brn\n|upkeep\n|\n|t:|1683225540\n|switch|p2b: Glimmora|Glimmora, L50, M|100\/100\n|switch|p1a: Amoonguss|Amoonguss, L50, M|100\/100\n|turn|4\n|\n|t:|1683225562\n|move|p2b: Glimmora|Spiky Shield|p2b: Glimmora\n|-singleturn|p2b: Glimmora|move: Protect\n|move|p2a: Tyranitar|Rock Slide|p1a: Amoonguss|[spread] p1a,p1b\n|-resisted|p1b: Ting-Lu\n|-damage|p1a: Amoonguss|56\/100\n|-damage|p1b: Ting-Lu|67\/100 brn\n|cant|p1b: Ting-Lu|flinch\n|move|p1a: Amoonguss|Spore|p2b: Glimmora\n|-activate|p2b: Glimmora|move: Protect\n|\n|-weather|Sandstorm|[upkeep]\n|-damage|p1a: Amoonguss|50\/100|[from] Sandstorm\n|-heal|p1b: Ting-Lu|73\/100 brn|[from] item: Leftovers\n|-damage|p1b: Ting-Lu|67\/100 brn|[from] brn\n|upkeep\n|turn|5\n|inactive|AirForestOne has 30 seconds left.\n|inactive|turok050 has 30 seconds left.\n|\n|t:|1683225595\n|switch|p1a: Ceruledge|Ceruledge, L50, F|100\/100\n|move|p2a: Tyranitar|Rock Slide|p1a: Ceruledge|[spread] p1a,p1b\n|-supereffective|p1a: Ceruledge\n|-resisted|p1b: Ting-Lu\n|-enditem|p1a: Ceruledge|Focus Sash\n|-damage|p1a: Ceruledge|1\/100\n|-damage|p1b: Ting-Lu|54\/100 brn\n|move|p2b: Glimmora|Ancient Power|p1a: Ceruledge\n|-supereffective|p1a: Ceruledge\n|-damage|p1a: Ceruledge|0 fnt\n|-boost|p2b: Glimmora|atk|1\n|-boost|p2b: Glimmora|def|1\n|-boost|p2b: Glimmora|spa|1\n|-boost|p2b: Glimmora|spd|1\n|-boost|p2b: Glimmora|spe|1\n|faint|p1a: Ceruledge\n|cant|p1b: Ting-Lu|flinch\n|\n|-weather|Sandstorm|[upkeep]\n|-heal|p1b: Ting-Lu|60\/100 brn|[from] item: Leftovers\n|-damage|p1b: Ting-Lu|54\/100 brn|[from] brn\n|upkeep\n|\n|t:|1683225614\n|switch|p1a: Amoonguss|Amoonguss, L50, M|50\/100\n|turn|6\n|c|\u2606AirForestOne|why did glim get the boosts?\n|\n|t:|1683225631\n|move|p2b: Glimmora|Spiky Shield|p2b: Glimmora\n|-singleturn|p2b: Glimmora|move: Protect\n|move|p2a: Tyranitar|Earthquake|p1a: Amoonguss|[spread] p1a,p1b\n|-activate|p2b: Glimmora|move: Protect\n|-damage|p1a: Amoonguss|0 fnt\n|-damage|p1b: Ting-Lu|15\/100 brn\n|faint|p1a: Amoonguss\n|move|p1b: Ting-Lu|Stomping Tantrum|p2a: Tyranitar\n|-damage|p2a: Tyranitar|0 fnt\n|faint|p2a: Tyranitar\n|\n|-weather|Sandstorm|[upkeep]\n|-heal|p1b: Ting-Lu|21\/100 brn|[from] item: Leftovers\n|-damage|p1b: Ting-Lu|15\/100 brn|[from] brn\n|upkeep\n|\n|t:|1683225647\n|switch|p2a: Wo-Chien|Wo-Chien, L50|100\/100\n|-ability|p2a: Wo-Chien|Tablets of Ruin\n|turn|7\n|\n|t:|1683225656\n|move|p2b: Glimmora|Ancient Power|p1b: Ting-Lu\n|-resisted|p1b: Ting-Lu\n|-damage|p1b: Ting-Lu|3\/100 brn\n|-boost|p2b: Glimmora|atk|1\n|-boost|p2b: Glimmora|def|1\n|-boost|p2b: Glimmora|spa|1\n|-boost|p2b: Glimmora|spd|1\n|-boost|p2b: Glimmora|spe|1\n|move|p2a: Wo-Chien|Leech Seed|p1b: Ting-Lu\n|-start|p1b: Ting-Lu|move: Leech Seed\n|move|p1b: Ting-Lu|Fissure|p2b: Glimmora|[miss]\n|-miss|p1b: Ting-Lu|p2b: Glimmora\n|\n|-weather|Sandstorm|[upkeep]\n|-damage|p2a: Wo-Chien|94\/100|[from] Sandstorm\n|-heal|p2a: Wo-Chien|100\/100|[from] item: Leftovers\n|-heal|p1b: Ting-Lu|8\/100 brn|[from] item: Leftovers\n|-damage|p1b: Ting-Lu|0 fnt|[from] Leech Seed|[of] p2a: Wo-Chien\n|faint|p1b: Ting-Lu\n|\n|win|turok050\n|upkeep\n|raw|AirForestOne's rating: 1100 → 1079<\/strong> (-21 for losing)\n|raw|turok050's rating: 1154 → 1175<\/strong> (+21 for winning)\n|c|\u2606AirForestOne|?\n|l|\u2606turok050\n","uploadtime":1683225741,"views":11,"p1id":"airforestone","p2id":"turok050","formatid":"gen9vgc2023regulationc","rating":1079,"private":0,"password":""}