{"id":"gen9vgc2023regulationc-1858214561","p1":"PokeReplaysVGC","p2":"NidoRich","format":"[Gen 9] VGC 2023 Regulation C","log":"|j|\u2606PokeReplaysVGC\n|j|\u2606NidoRich\n|t:|1683291841\n|gametype|doubles\n|player|p1|PokeReplaysVGC|170|\n|player|p2|NidoRich|170|\n|teamsize|p1|6\n|teamsize|p2|6\n|gen|9\n|tier|[Gen 9] VGC 2023 Regulation C\n|rule|Species Clause: Limit one of each Pok\u00e9mon\n|rule|Item Clause: Limit one of each item\n|clearpoke\n|poke|p1|Iron Bundle, L50|\n|poke|p1|Abomasnow, L50, F|\n|poke|p1|Talonflame, L50, M|\n|poke|p1|Great Tusk, L50|\n|poke|p1|Flutter Mane, L50|\n|poke|p1|Arcanine, L50, F|\n|poke|p2|Iron Bundle, L50|\n|poke|p2|Chi-Yu, L50|\n|poke|p2|Amoonguss, L50, M|\n|poke|p2|Grimmsnarl, L50, M|\n|poke|p2|Flutter Mane, L50|\n|poke|p2|Iron Hands, L50|\n|teampreview|4\nPokeReplaysVGC has agreed to open team sheets.\nNidoRich has agreed to open team sheets.\n|c|\u2606NidoRich|G3\n|\n|t:|1683292741\n|start\n|switch|p1a: Iron Bundle|Iron Bundle, L50|100\/100\n|switch|p1b: Flutter Mane|Flutter Mane, L50|100\/100\n|switch|p2a: Chi-Yu|Chi-Yu, L50|100\/100\n|switch|p2b: Flutter Mane|Flutter Mane, L50|100\/100\n|-ability|p2a: Chi-Yu|Beads of Ruin\n|-enditem|p1a: Iron Bundle|Booster Energy\n|-activate|p1a: Iron Bundle|ability: Quark Drive|[fromitem]\n|-start|p1a: Iron Bundle|quarkdrivespe\n|turn|1\n|\n|t:|1683292794\n|-terastallize|p2b: Flutter Mane|Water\n|move|p1a: Iron Bundle|Protect|p1a: Iron Bundle\n|-singleturn|p1a: Iron Bundle|Protect\n|move|p2b: Flutter Mane|Dazzling Gleam|p1a: Iron Bundle|[spread] p1b\n|-activate|p1a: Iron Bundle|move: Protect\n|-damage|p1b: Flutter Mane|46\/100\n|move|p1b: Flutter Mane|Shadow Ball|p2b: Flutter Mane\n|-damage|p2b: Flutter Mane|23\/100\n|move|p2a: Chi-Yu|Heat Wave|p1b: Flutter Mane|[spread] p1b\n|-activate|p1a: Iron Bundle|move: Protect\n|-damage|p1b: Flutter Mane|4\/100\n|\n|upkeep\n|turn|2\n|\n|t:|1683292846\n|move|p1a: Iron Bundle|Hydro Pump|p2a: Chi-Yu\n|-supereffective|p2a: Chi-Yu\n|-damage|p2a: Chi-Yu|2\/100\n|move|p2b: Flutter Mane|Dazzling Gleam|p1b: Flutter Mane|[spread] p1a,p1b\n|-damage|p1a: Iron Bundle|0 fnt\n|-damage|p1b: Flutter Mane|0 fnt\n|faint|p1a: Iron Bundle\n|-end|p1a: Iron Bundle|Quark Drive|[silent]\n|faint|p1b: Flutter Mane\n|-end|p1b: Flutter Mane|Protosynthesis|[silent]\n|move|p2a: Chi-Yu|Heat Wave|p1: Iron Bundle|[notarget]\n|-fail|p2a: Chi-Yu\n|\n|upkeep\n|\n|t:|1683292853\n|switch|p1a: Great Tusk|Great Tusk, L50|100\/100\n|switch|p1b: Talonflame|Talonflame, L50, M|100\/100\n|turn|3\n|\n|t:|1683292887\n|move|p1b: Talonflame|Tailwind|p1b: Talonflame\n|-sidestart|p1: PokeReplaysVGC|move: Tailwind\n|move|p1a: Great Tusk|Earthquake|p2a: Chi-Yu|[spread] p2a,p2b\n|-immune|p1b: Talonflame\n|-supereffective|p2a: Chi-Yu\n|-damage|p2a: Chi-Yu|0 fnt\n|-damage|p2b: Flutter Mane|0 fnt\n|faint|p2a: Chi-Yu\n|faint|p2b: Flutter Mane\n|-end|p2b: Flutter Mane|Protosynthesis|[silent]\n|-damage|p1a: Great Tusk|91\/100|[from] item: Life Orb\n|\n|upkeep\n|\n|t:|1683292899\n|switch|p2b: Iron Hands|Iron Hands, L50, shiny|100\/100\n|switch|p2a: Iron Bundle|Iron Bundle, L50, shiny|100\/100\n|-enditem|p2a: Iron Bundle|Booster Energy\n|-activate|p2a: Iron Bundle|ability: Quark Drive|[fromitem]\n|-start|p2a: Iron Bundle|quarkdrivespe\n|turn|4\n|\n|t:|1683292915\n|move|p1b: Talonflame|Protect|p1b: Talonflame\n|-singleturn|p1b: Talonflame|Protect\n|move|p2a: Iron Bundle|Protect|p2a: Iron Bundle\n|-singleturn|p2a: Iron Bundle|Protect\n|move|p1a: Great Tusk|Protect|p1a: Great Tusk\n|-singleturn|p1a: Great Tusk|Protect\n|move|p2b: Iron Hands|Wild Charge|p1b: Talonflame\n|-activate|p1b: Talonflame|move: Protect\n|\n|upkeep\n|turn|5\n|\n|t:|1683292946\n|-terastallize|p1a: Great Tusk|Ground\n|move|p1b: Talonflame|Brave Bird|p2a: Iron Bundle\n|-damage|p2a: Iron Bundle|35\/100\n|-damage|p1b: Talonflame|81\/100|[from] Recoil\n|move|p2a: Iron Bundle|Hydro Pump|p1a: Great Tusk|[miss]\n|-miss|p2a: Iron Bundle|p1a: Great Tusk\n|move|p1a: Great Tusk|Earthquake|p2a: Iron Bundle|[spread] p2a,p2b\n|-immune|p1b: Talonflame\n|-supereffective|p2b: Iron Hands\n|-damage|p2a: Iron Bundle|0 fnt\n|-damage|p2b: Iron Hands|17\/100\n|faint|p2a: Iron Bundle\n|-end|p2a: Iron Bundle|Quark Drive|[silent]\n|-damage|p1a: Great Tusk|81\/100|[from] item: Life Orb\n|move|p2b: Iron Hands|Wild Charge|p1b: Talonflame\n|-supereffective|p1b: Talonflame\n|-damage|p1b: Talonflame|0 fnt\n|faint|p1b: Talonflame\n|-damage|p2b: Iron Hands|4\/100|[from] Recoil\n|\n|upkeep\n|turn|6\n|c|\u2606NidoRich|Well\n|\n|t:|1683292981\n|move|p1a: Great Tusk|Headlong Rush|p2b: Iron Hands\n|-supereffective|p2b: Iron Hands\n|-damage|p2b: Iron Hands|0 fnt\n|-unboost|p1a: Great Tusk|def|1\n|-unboost|p1a: Great Tusk|spd|1\n|faint|p2b: Iron Hands\n|-end|p2b: Iron Hands|Quark Drive|[silent]\n|-damage|p1a: Great Tusk|71\/100|[from] item: Life Orb\n|\n|win|PokeReplaysVGC\n|c|\u2606PokeReplaysVGC|gg sorry about the miss :( your a great player we need a frinedly rematch at some point\n|c|\u2606NidoRich|Yeah gg, its alright\n","uploadtime":1683292998,"views":14,"p1id":"pokereplaysvgc","p2id":"nidorich","formatid":"gen9vgc2023regulationc","rating":0,"private":0,"password":""}