{"id":"gen9vgc2023regulationc-1848039532","p1":"MrTedno","p2":"qwillava","format":"[Gen 9] VGC 2023 Regulation C","log":"|j|\u2606MrTedno\n|j|\u2606qwillava\n|t:|1682023178\n|gametype|doubles\n|player|p1|MrTedno|barry|1231\n|player|p2|qwillava|crasherwake|1300\n|teamsize|p1|6\n|teamsize|p2|6\n|gen|9\n|tier|[Gen 9] VGC 2023 Regulation C\n|rated|\n|rule|Species Clause: Limit one of each Pok\u00e9mon\n|rule|Item Clause: Limit one of each item\n|clearpoke\n|poke|p1|Dondozo, L50, M|\n|poke|p1|Tatsugiri, L50, M|\n|poke|p1|Arcanine, L50, M|\n|poke|p1|Amoonguss, L50, F|\n|poke|p1|Ting-Lu, L50|\n|poke|p1|Flutter Mane, L50|\n|poke|p2|Medicham, L50, M|\n|poke|p2|Dondozo, L50, F|\n|poke|p2|Tatsugiri, L50, F|\n|poke|p2|Wo-Chien, L50|\n|poke|p2|Arcanine, L50, F|\n|poke|p2|Gholdengo, L50|\n|teampreview|4\nMrTedno has agreed to open team sheets.\n|c|\u2606MrTedno|sheets?\nqwillava has agreed to open team sheets.\n|c|\u2606MrTedno|glhf\n|c|\u2606qwillava|sure\n|c|\u2606qwillava|u2\n|\n|t:|1682023265\n|start\n|switch|p1a: Arcanine|Arcanine, L50, M|100\/100\n|switch|p1b: Ting-Lu|Ting-Lu, L50|100\/100\n|switch|p2a: Medicham|Medicham, L50, M|100\/100\n|switch|p2b: Arcanine|Arcanine, L50, F|100\/100\n|-ability|p1a: Arcanine|Intimidate|boost\n|-unboost|p2a: Medicham|atk|1\n|-unboost|p2b: Arcanine|atk|1\n|-ability|p2b: Arcanine|Intimidate|boost\n|-unboost|p1a: Arcanine|atk|1\n|-unboost|p1b: Ting-Lu|atk|1\n|-ability|p1b: Ting-Lu|Vessel of Ruin\n|turn|1\n|\n|t:|1682023307\n|switch|p1b: Flutter Mane|Flutter Mane, L50|100\/100\n|move|p2a: Medicham|Skill Swap|p2b: Arcanine\n|-activate|p2a: Medicham|move: Skill Swap|||[of] p2b: Arcanine\n|-ability|p2a: Medicham|Intimidate|boost\n|-unboost|p1a: Arcanine|atk|1\n|-unboost|p1b: Flutter Mane|atk|1\n|move|p1a: Arcanine|Will-O-Wisp|p2a: Medicham\n|-status|p2a: Medicham|brn\n|move|p2b: Arcanine|Will-O-Wisp|p1b: Flutter Mane\n|-status|p1b: Flutter Mane|brn\n|\n|-damage|p2a: Medicham|95\/100 brn|[from] brn\n|-damage|p1b: Flutter Mane|95\/100 brn|[from] brn\n|upkeep\n|turn|2\n|\n|t:|1682023339\n|switch|p2a: Gholdengo|Gholdengo, L50|100\/100\n|-end|p1b: Flutter Mane|Protosynthesis|[silent]\n|switch|p1b: Ting-Lu|Ting-Lu, L50|100\/100\n|-ability|p1b: Ting-Lu|Vessel of Ruin\n|switch|p1a: Amoonguss|Amoonguss, L50, F|100\/100\n|move|p2b: Arcanine|Flare Blitz|p1b: Ting-Lu\n|-damage|p1b: Ting-Lu|64\/100\n|-status|p1b: Ting-Lu|brn\n|-damage|p2b: Arcanine|84\/100|[from] Recoil\n|\n|-damage|p1b: Ting-Lu|58\/100 brn|[from] brn\n|upkeep\n|turn|3\n|\n|t:|1682023371\n|switch|p2a: Wo-Chien|Wo-Chien, L50|100\/100\n|-ability|p2a: Wo-Chien|Tablets of Ruin\n|switch|p1b: Arcanine|Arcanine, L50, M|100\/100\n|-ability|p1b: Arcanine|Intimidate|boost\n|-unboost|p2a: Wo-Chien|atk|1\n|-unboost|p2b: Arcanine|atk|1\n|move|p1a: Amoonguss|Protect|p1a: Amoonguss\n|-singleturn|p1a: Amoonguss|Protect\n|move|p2b: Arcanine|Flare Blitz|p1a: Amoonguss\n|-activate|p1a: Amoonguss|move: Protect\n|\n|upkeep\n|turn|4\n|\n|t:|1682023394\n|switch|p2b: Gholdengo|Gholdengo, L50|100\/100\n|switch|p1a: Ting-Lu|Ting-Lu, L50|58\/100 brn\n|-ability|p1a: Ting-Lu|Vessel of Ruin\n|-terastallize|p2a: Wo-Chien|Water\n|move|p1b: Arcanine|Flare Blitz|p2a: Wo-Chien\n|-resisted|p2a: Wo-Chien\n|-damage|p2a: Wo-Chien|83\/100\n|-damage|p1b: Arcanine|94\/100|[from] Recoil\n|move|p2a: Wo-Chien|Leech Seed|p1b: Arcanine\n|-start|p1b: Arcanine|move: Leech Seed\n|\n|-damage|p1b: Arcanine|82\/100|[from] Leech Seed|[of] p2a: Wo-Chien\n|-heal|p2a: Wo-Chien|97\/100|[silent]\n|-damage|p1a: Ting-Lu|52\/100 brn|[from] brn\n|upkeep\n|turn|5\n|\n|t:|1682023427\n|switch|p2b: Arcanine|Arcanine, L50, F|84\/100\n|-ability|p2b: Arcanine|Intimidate|boost\n|-unboost|p1a: Ting-Lu|atk|1\n|-unboost|p1b: Arcanine|atk|1\n|move|p1b: Arcanine|Flare Blitz|p2b: Arcanine\n|-resisted|p2b: Arcanine\n|-damage|p2b: Arcanine|71\/100\n|-damage|p1b: Arcanine|76\/100|[from] Recoil\n|move|p2a: Wo-Chien|Leech Seed|p1a: Ting-Lu\n|-start|p1a: Ting-Lu|move: Leech Seed\n|move|p1a: Ting-Lu|Stomping Tantrum|p2b: Arcanine\n|-supereffective|p2b: Arcanine\n|-damage|p2b: Arcanine|49\/100\n|\n|-damage|p1b: Arcanine|64\/100|[from] Leech Seed|[of] p2a: Wo-Chien\n|-heal|p2a: Wo-Chien|100\/100|[silent]\n|-damage|p1a: Ting-Lu|39\/100 brn|[from] Leech Seed|[of] p2a: Wo-Chien\n|-damage|p1a: Ting-Lu|33\/100 brn|[from] brn\n|upkeep\n|turn|6\n|\n|t:|1682023466\n|switch|p1b: Amoonguss|Amoonguss, L50, F|100\/100\n|move|p2b: Arcanine|Flare Blitz|p1b: Amoonguss\n|-supereffective|p1b: Amoonguss\n|-damage|p1b: Amoonguss|46\/100\n|-status|p1b: Amoonguss|brn\n|-enditem|p1b: Amoonguss|Sitrus Berry|[eat]\n|-heal|p1b: Amoonguss|71\/100 brn|[from] item: Sitrus Berry\n|-damage|p2b: Arcanine|29\/100|[from] Recoil\n|move|p2a: Wo-Chien|Pollen Puff|p2b: Arcanine\n|-heal|p2b: Arcanine|79\/100\n|move|p1a: Ting-Lu|Stomping Tantrum|p2b: Arcanine\n|-supereffective|p2b: Arcanine\n|-damage|p2b: Arcanine|59\/100\n|\n|-damage|p1a: Ting-Lu|21\/100 brn|[from] Leech Seed|[of] p2a: Wo-Chien\n|-damage|p1a: Ting-Lu|15\/100 brn|[from] brn\n|-damage|p1b: Amoonguss|65\/100 brn|[from] brn\n|upkeep\n|turn|7\n|\n|t:|1682023492\n|switch|p1a: Arcanine|Arcanine, L50, M|64\/100\n|-ability|p1a: Arcanine|Intimidate|boost\n|-unboost|p2a: Wo-Chien|atk|1\n|-unboost|p2b: Arcanine|atk|1\n|move|p2b: Arcanine|Flare Blitz|p1b: Amoonguss\n|-supereffective|p1b: Amoonguss\n|-damage|p1b: Amoonguss|29\/100 brn\n|-damage|p2b: Arcanine|46\/100|[from] Recoil\n|move|p2a: Wo-Chien|Pollen Puff|p2b: Arcanine\n|-heal|p2b: Arcanine|95\/100\n|move|p1b: Amoonguss|Spore|p2a: Wo-Chien\n|-status|p2a: Wo-Chien|slp|[from] move: Spore\n|\n|-damage|p1b: Amoonguss|23\/100 brn|[from] brn\n|upkeep\n|turn|8\n|\n|t:|1682023522\n|switch|p1a: Flutter Mane|Flutter Mane, L50|95\/100 brn\n|move|p2b: Arcanine|Protect|p2b: Arcanine\n|-singleturn|p2b: Arcanine|Protect\n|move|p1b: Amoonguss|Protect|p1b: Amoonguss\n|-singleturn|p1b: Amoonguss|Protect\n|cant|p2a: Wo-Chien|slp\n|\n|-damage|p1a: Flutter Mane|89\/100 brn|[from] brn\n|-damage|p1b: Amoonguss|17\/100 brn|[from] brn\n|upkeep\n|turn|9\n|\n|t:|1682023542\n|switch|p2b: Medicham|Medicham, L50, M|95\/100 brn\n|switch|p1b: Arcanine|Arcanine, L50, M|64\/100\n|-ability|p1b: Arcanine|Intimidate|boost\n|-unboost|p2a: Wo-Chien|atk|1\n|-unboost|p2b: Medicham|atk|1\n|move|p1a: Flutter Mane|Thunderbolt|p2a: Wo-Chien\n|-supereffective|p2a: Wo-Chien\n|-damage|p2a: Wo-Chien|58\/100 slp\n|cant|p2a: Wo-Chien|slp\n|\n|-damage|p2b: Medicham|89\/100 brn|[from] brn\n|-damage|p1a: Flutter Mane|83\/100 brn|[from] brn\n|upkeep\n|turn|10\n|\n|t:|1682023571\n|switch|p1b: Amoonguss|Amoonguss, L50, F|50\/100 brn\n|-curestatus|p2a: Wo-Chien|slp|[msg]\n|move|p2a: Wo-Chien|Protect|p2a: Wo-Chien\n|-singleturn|p2a: Wo-Chien|Protect\n|move|p2b: Medicham|Zen Headbutt|p1a: Flutter Mane\n|-damage|p1a: Flutter Mane|64\/100 brn\n|move|p1a: Flutter Mane|Thunderbolt|p2a: Wo-Chien\n|-activate|p2a: Wo-Chien|move: Protect\n|\n|-damage|p2b: Medicham|83\/100 brn|[from] brn\n|-damage|p1a: Flutter Mane|58\/100 brn|[from] brn\n|-damage|p1b: Amoonguss|44\/100 brn|[from] brn\n|upkeep\n|turn|11\n|\n|t:|1682023593\n|-end|p1a: Flutter Mane|Protosynthesis|[silent]\n|switch|p1a: Ting-Lu|Ting-Lu, L50|15\/100 brn\n|-ability|p1a: Ting-Lu|Vessel of Ruin\n|move|p2b: Medicham|Zen Headbutt|p1a: Ting-Lu\n|-immune|p1a: Ting-Lu\n|move|p2a: Wo-Chien|Leech Seed|p1a: Ting-Lu\n|-start|p1a: Ting-Lu|move: Leech Seed\n|move|p1b: Amoonguss|Pollen Puff|p1a: Ting-Lu\n|-heal|p1a: Ting-Lu|65\/100 brn\n|\n|-damage|p1a: Ting-Lu|53\/100 brn|[from] Leech Seed|[of] p2a: Wo-Chien\n|-heal|p2a: Wo-Chien|80\/100|[silent]\n|-damage|p2b: Medicham|77\/100 brn|[from] brn\n|-damage|p1a: Ting-Lu|47\/100 brn|[from] brn\n|-damage|p1b: Amoonguss|39\/100 brn|[from] brn\n|upkeep\n|turn|12\n|\n|t:|1682023631\n|switch|p2b: Gholdengo|Gholdengo, L50|100\/100\n|switch|p1a: Arcanine|Arcanine, L50, M|64\/100\n|-ability|p1a: Arcanine|Intimidate|boost\n|-unboost|p2a: Wo-Chien|atk|1\n|-unboost|p2b: Gholdengo|atk|1\n|move|p2a: Wo-Chien|Protect|p2a: Wo-Chien\n|-singleturn|p2a: Wo-Chien|Protect\n|move|p1b: Amoonguss|Spore|p2a: Wo-Chien\n|-activate|p2a: Wo-Chien|move: Protect\n|\n|-damage|p1b: Amoonguss|33\/100 brn|[from] brn\n|upkeep\n|turn|13\n|\n|t:|1682023659\n|switch|p2a: Arcanine|Arcanine, L50, F|95\/100\n|-ability|p2a: Arcanine|Intimidate|boost\n|-unboost|p1a: Arcanine|atk|1\n|-unboost|p1b: Amoonguss|atk|1\n|move|p1a: Arcanine|Flare Blitz|p2b: Gholdengo\n|-supereffective|p2b: Gholdengo\n|-damage|p2b: Gholdengo|29\/100\n|-damage|p1a: Arcanine|36\/100|[from] Recoil\n|move|p2b: Gholdengo|Make It Rain|p1a: Arcanine|[spread] p1a,p1b\n|-resisted|p1a: Arcanine\n|-crit|p1b: Amoonguss\n|-damage|p1a: Arcanine|0 fnt\n|-damage|p1b: Amoonguss|0 fnt\n|-unboost|p2b: Gholdengo|spa|1\n|faint|p1a: Arcanine\n|faint|p1b: Amoonguss\n|\n|upkeep\n|\n|t:|1682023668\n|switch|p1a: Ting-Lu|Ting-Lu, L50|47\/100 brn\n|switch|p1b: Flutter Mane|Flutter Mane, L50|58\/100 brn\n|-ability|p1a: Ting-Lu|Vessel of Ruin\n|turn|14\n|\n|t:|1682023690\n|-terastallize|p1b: Flutter Mane|Grass\n|move|p2a: Arcanine|Protect|p2a: Arcanine\n|-singleturn|p2a: Arcanine|Protect\n|move|p1b: Flutter Mane|Shadow Ball|p2a: Arcanine\n|-activate|p2a: Arcanine|move: Protect\n|move|p2b: Gholdengo|Make It Rain|p1a: Ting-Lu|[spread] p1a,p1b\n|-damage|p1a: Ting-Lu|25\/100 brn\n|-damage|p1b: Flutter Mane|21\/100 brn\n|-unboost|p2b: Gholdengo|spa|1\n|move|p1a: Ting-Lu|Stomping Tantrum|p2a: Arcanine\n|-activate|p2a: Arcanine|move: Protect\n|\n|-damage|p1b: Flutter Mane|16\/100 brn|[from] brn\n|-damage|p1a: Ting-Lu|19\/100 brn|[from] brn\n|upkeep\n|turn|15\n|-message|MrTedno forfeited.\n|\n|win|qwillava\n|raw|MrTedno's rating: 1231 → 1211<\/strong> (-20 for losing)\n|raw|qwillava's rating: 1300 → 1320<\/strong> (+20 for winning)\n|l|\u2606MrTedno\n|c|\u2606qwillava|gg\n","uploadtime":1682023713,"views":12,"p1id":"mrtedno","p2id":"qwillava","formatid":"gen9vgc2023regulationc","rating":1211,"private":0,"password":""}