{"id":"gen9vgc2023regulationc-1847737383","p1":"Bac0nat0r","p2":"qiin5","format":"[Gen 9] VGC 2023 Regulation C","log":"|j|\u2606Bac0nat0r\n|j|\u2606qiin5\n|t:|1681997638\n|gametype|doubles\n|player|p1|Bac0nat0r|gambler|1505\n|player|p2|qiin5|policeman|1554\n|teamsize|p1|6\n|teamsize|p2|6\n|gen|9\n|tier|[Gen 9] VGC 2023 Regulation C\n|rated|\n|rule|Species Clause: Limit one of each Pok\u00e9mon\n|rule|Item Clause: Limit one of each item\n|clearpoke\n|poke|p1|Iron Bundle, L50|\n|poke|p1|Flutter Mane, L50|\n|poke|p1|Sableye, L50, M|\n|poke|p1|Ceruledge, L50, M|\n|poke|p1|Amoonguss, L50, M|\n|poke|p1|Iron Hands, L50|\n|poke|p2|Amoonguss, L50, F|\n|poke|p2|Arcanine, L50, M|\n|poke|p2|Palafin, L50, F|\n|poke|p2|Ting-Lu, L50|\n|poke|p2|Flutter Mane, L50|\n|poke|p2|Baxcalibur, L50, F|\n|teampreview|4\n|inactive|Battle timer is ON: inactive players will automatically lose when time's up. (requested by Bac0nat0r)\n|j| KounoTaro\n|inactive|Bac0nat0r has 60 seconds left.\n|inactive|qiin5 has 60 seconds left.\n|\n|t:|1681997686\n|start\n|switch|p1a: Ceruledge|Ceruledge, L50, M|100\/100\n|switch|p1b: Sableye|Sableye, L50, M|100\/100\n|switch|p2a: Baxcalibur|Baxcalibur, L50, F|100\/100\n|switch|p2b: Flutter Mane|Flutter Mane, L50|100\/100\n|turn|1\n|j| gorilnx\n|l| gorilnx\n|j| gorilnx\n|l| KounoTaro\n|l| gorilnx\n|\n|t:|1681997697\n|move|p1a: Ceruledge|Protect|p1a: Ceruledge\n|-singleturn|p1a: Ceruledge|Protect\n|move|p1b: Sableye|Light Screen|p1b: Sableye\n|-sidestart|p1: Bac0nat0r|move: Light Screen\n|move|p2b: Flutter Mane|Shadow Ball|p1a: Ceruledge\n|-activate|p1a: Ceruledge|move: Protect\n|move|p2a: Baxcalibur|Icicle Crash|p1a: Ceruledge\n|-activate|p1a: Ceruledge|move: Protect\n|\n|upkeep\n|turn|2\n|\n|t:|1681997712\n|-terastallize|p1a: Ceruledge|Grass\n|move|p1b: Sableye|Disable|p2a: Baxcalibur\n|-start|p2a: Baxcalibur|Disable|Icicle Crash\n|move|p2b: Flutter Mane|Shadow Ball|p1a: Ceruledge\n|-damage|p1a: Ceruledge|66\/100\n|cant|p2a: Baxcalibur|Disable|Icicle Crash\n|move|p1a: Ceruledge|Bitter Blade|p2b: Flutter Mane\n|-damage|p2b: Flutter Mane|33\/100\n|-heal|p1a: Ceruledge|93\/100|[from] drain|[of] p2b: Flutter Mane\n|\n|-heal|p1a: Ceruledge|99\/100|[from] item: Leftovers\n|upkeep\n|turn|3\n|\n|t:|1681997729\n|-end|p2b: Flutter Mane|Protosynthesis|[silent]\n|switch|p2b: Ting-Lu|Ting-Lu, L50|100\/100\n|-ability|p2b: Ting-Lu|Vessel of Ruin\n|move|p1a: Ceruledge|Shadow Sneak|p2b: Ting-Lu\n|-resisted|p2b: Ting-Lu\n|-damage|p2b: Ting-Lu|94\/100\n|move|p1b: Sableye|Encore|p2a: Baxcalibur\n|-start|p2a: Baxcalibur|Encore\n|cant|p2a: Baxcalibur|Disable|Icicle Crash\n|\n|-heal|p1a: Ceruledge|100\/100|[from] item: Leftovers\n|upkeep\n|turn|4\n|\n|t:|1681997741\n|switch|p2a: Amoonguss|Amoonguss, L50, F|100\/100\n|move|p1b: Sableye|Reflect|p1b: Sableye\n|-sidestart|p1: Bac0nat0r|Reflect\n|move|p1a: Ceruledge|Bulk Up|p1a: Ceruledge\n|-boost|p1a: Ceruledge|atk|1\n|-boost|p1a: Ceruledge|def|1\n|move|p2b: Ting-Lu|Fissure|p1a: Ceruledge|[miss]\n|-miss|p2b: Ting-Lu|p1a: Ceruledge\n|\n|upkeep\n|turn|5\n|j| jkjhvghc\n|inactive|Bac0nat0r has 30 seconds left.\n|l| jkjhvghc\n|j| jkjhvghc\n|inactive|qiin5 has 30 seconds left.\n|\n|t:|1681997781\n|switch|p1b: Iron Hands|Iron Hands, L50|100\/100\n|-terastallize|p2a: Amoonguss|Water\n|move|p1a: Ceruledge|Bitter Blade|p2a: Amoonguss\n|-resisted|p2a: Amoonguss\n|-damage|p2a: Amoonguss|72\/100\n|move|p2b: Ting-Lu|Stomping Tantrum|p1b: Iron Hands\n|-supereffective|p1b: Iron Hands\n|-damage|p1b: Iron Hands|29\/100\n|move|p2a: Amoonguss|Clear Smog|p1a: Ceruledge\n|-supereffective|p1a: Ceruledge\n|-damage|p1a: Ceruledge|85\/100\n|-clearboost|p1a: Ceruledge\n|\n|-heal|p1a: Ceruledge|91\/100|[from] item: Leftovers\n|upkeep\n|turn|6\n|l| jkjhvghc\n|j| KounoTaro\n|inactive|qiin5 has 30 seconds left.\n|\n|t:|1681997808\n|move|p1b: Iron Hands|Fake Out|p2b: Ting-Lu\n|-damage|p2b: Ting-Lu|79\/100\n|-damage|p1b: Iron Hands|19\/100|[from] item: Life Orb\n|move|p1a: Ceruledge|Bitter Blade|p2b: Ting-Lu\n|-damage|p2b: Ting-Lu|54\/100\n|-heal|p1a: Ceruledge|100\/100|[from] drain|[of] p2b: Ting-Lu\n|cant|p2b: Ting-Lu|flinch\n|move|p2a: Amoonguss|Clear Smog|p1a: Ceruledge\n|-supereffective|p1a: Ceruledge\n|-damage|p1a: Ceruledge|85\/100\n|-clearboost|p1a: Ceruledge\n|\n|-heal|p1a: Ceruledge|91\/100|[from] item: Leftovers\n|upkeep\n|turn|7\n|\n|t:|1681997828\n|move|p1a: Ceruledge|Bitter Blade|p2a: Amoonguss\n|-resisted|p2a: Amoonguss\n|-damage|p2a: Amoonguss|52\/100\n|-heal|p1a: Ceruledge|100\/100|[from] drain|[of] p2a: Amoonguss\n|move|p1b: Iron Hands|Drain Punch|p2b: Ting-Lu\n|-supereffective|p2b: Ting-Lu\n|-damage|p2b: Ting-Lu|0 fnt\n|-heal|p1b: Iron Hands|45\/100|[from] drain|[of] p2b: Ting-Lu\n|faint|p2b: Ting-Lu\n|-damage|p1b: Iron Hands|35\/100|[from] item: Life Orb\n|move|p2a: Amoonguss|Pollen Puff|p2: Ting-Lu|[notarget]\n|-fail|p2a: Amoonguss\n|\n|upkeep\n|j| hibi8\n|-message|qiin5 forfeited.\n|\n|win|Bac0nat0r\n|raw|Bac0nat0r's rating: 1505 → 1528<\/strong> (+23 for winning)\n|raw|qiin5's rating: 1554 → 1531<\/strong> (-23 for losing)\n|l|\u2606qiin5\n|l|\u2606Bac0nat0r\n|l| hibi8\n","uploadtime":1681997977,"views":8,"p1id":"bac0nat0r","p2id":"qiin5","formatid":"gen9vgc2023regulationc","rating":1528,"private":0,"password":""}