{"id":"gen9vgc2023regulationc-1850016701","p1":"Onlyshiny","p2":"Nosejugarpokemones","format":"[Gen 9] VGC 2023 Regulation C","log":"|j|\u2606Onlyshiny\n|j|\u2606Nosejugarpokemones\n|t:|1682278324\n|gametype|doubles\n|player|p1|Onlyshiny|n|\n|player|p2|Nosejugarpokemones|1|\n|teamsize|p1|6\n|teamsize|p2|6\n|gen|9\n|tier|[Gen 9] VGC 2023 Regulation C\n|rule|Species Clause: Limit one of each Pok\u00e9mon\n|rule|Item Clause: Limit one of each item\n|clearpoke\n|poke|p1|Chien-Pao, L50|\n|poke|p1|Dragonite, L50, M|\n|poke|p1|Tatsugiri, L50, M|\n|poke|p1|Flutter Mane, L50|\n|poke|p1|Chi-Yu, L50|\n|poke|p1|Dondozo, L50, M|\n|poke|p2|Annihilape, L50, M|\n|poke|p2|Maushold-Four, L50|\n|poke|p2|Ting-Lu, L50|\n|poke|p2|Flutter Mane, L50|\n|poke|p2|Chien-Pao, L50|\n|poke|p2|Dragonite, L50, M|\n|teampreview|4\nOnlyshiny has agreed to open team sheets.\n|c|\u2606Nosejugarpokemones|G3.2\nNosejugarpokemones has agreed to open team sheets.\n|\n|t:|1682278401\n|start\n|switch|p1a: Dondozo|Dondozo, L50, M|100\/100\n|switch|p1b: Nemo|Chi-Yu, L50|100\/100\n|switch|p2a: Chien-Pao|Chien-Pao, L50|100\/100\n|switch|p2b: Ting-Lu|Ting-Lu, L50|100\/100\n|-ability|p2a: Chien-Pao|Sword of Ruin\n|-ability|p1b: Nemo|Beads of Ruin\n|-ability|p2b: Ting-Lu|Vessel of Ruin\n|turn|1\n|\n|t:|1682278451\n|switch|p1b: La Pelos|Flutter Mane, L50|100\/100\n|-enditem|p1b: La Pelos|Booster Energy\n|-activate|p1b: La Pelos|ability: Protosynthesis|[fromitem]\n|-start|p1b: La Pelos|protosynthesisspa\n|-terastallize|p2b: Ting-Lu|Water\n|move|p2a: Chien-Pao|Haze|p2a: Chien-Pao\n|-clearallboost\n|move|p1a: Dondozo|Wave Crash|p2a: Chien-Pao\n|-damage|p2a: Chien-Pao|28\/100\n|-damage|p1a: Dondozo|84\/100|[from] Recoil\n|move|p2b: Ting-Lu|Ruination|p1a: Dondozo\n|-damage|p1a: Dondozo|43\/100\n|\n|-heal|p1a: Dondozo|49\/100|[from] item: Leftovers\n|upkeep\n|turn|2\n|\n|t:|1682278477\n|move|p1b: La Pelos|Protect|p1b: La Pelos\n|-singleturn|p1b: La Pelos|Protect\n|move|p1a: Dondozo|Protect|p1a: Dondozo\n|-singleturn|p1a: Dondozo|Protect\n|move|p2a: Chien-Pao|Sucker Punch||[still]\n|-fail|p2a: Chien-Pao\n|move|p2b: Ting-Lu|Snarl|p1b: La Pelos|[spread] \n|-activate|p1a: Dondozo|move: Protect\n|-activate|p1b: La Pelos|move: Protect\n|\n|-heal|p1a: Dondozo|55\/100|[from] item: Leftovers\n|upkeep\n|turn|3\n|\n|t:|1682278503\n|-end|p1b: La Pelos|Protosynthesis|[silent]\n|switch|p1b: Tatsugiri|Tatsugiri, L50, M, shiny|100\/100\n|-activate|p1b: Tatsugiri|ability: Commander|[of] p1a: Dondozo\n|-boost|p1a: Dondozo|atk|2\n|-boost|p1a: Dondozo|spa|2\n|-boost|p1a: Dondozo|spe|2\n|-boost|p1a: Dondozo|def|2\n|-boost|p1a: Dondozo|spd|2\n|-terastallize|p1a: Dondozo|Grass\n|move|p2a: Chien-Pao|Haze|p2a: Chien-Pao\n|-clearallboost\n|move|p1a: Dondozo|Earthquake|p2b: Ting-Lu|[spread] p2a,p2b\n|-miss|p1a: Dondozo|p1b: Tatsugiri\n|-damage|p2a: Chien-Pao|2\/100\n|-damage|p2b: Ting-Lu|86\/100\n|move|p2b: Ting-Lu|Body Press|p1a: Dondozo\n|-damage|p1a: Dondozo|33\/100\n|\n|-heal|p1a: Dondozo|39\/100|[from] item: Leftovers\n|upkeep\n|turn|4\n|\n|t:|1682278542\n|move|p2a: Chien-Pao|Icicle Crash|p1a: Dondozo\n|-supereffective|p1a: Dondozo\n|-damage|p1a: Dondozo|0 fnt\n|faint|p1a: Dondozo\n|move|p2b: Ting-Lu|Body Press|p1b: Tatsugiri\n|-damage|p1b: Tatsugiri|35\/100\n|\n|upkeep\n|\n|t:|1682278551\n|switch|p1a: La Pelos|Flutter Mane, L50|100\/100\n|turn|5\n|\n|t:|1682278586\n|-end|p1a: La Pelos|Protosynthesis|[silent]\n|switch|p1a: Nemo|Chi-Yu, L50|100\/100\n|-ability|p1a: Nemo|Beads of Ruin\n|move|p2a: Chien-Pao|Sucker Punch|p1b: Tatsugiri\n|-damage|p1b: Tatsugiri|0 fnt\n|faint|p1b: Tatsugiri\n|move|p2b: Ting-Lu|Heavy Slam|p1a: Nemo\n|-resisted|p1a: Nemo\n|-damage|p1a: Nemo|68\/100\n|\n|upkeep\n|c|\u2606Onlyshiny|muy buena lectura de cambio al tatsu bro\n|c|\u2606Onlyshiny|eso fue desisivo\n|\n|t:|1682278595\n|switch|p1b: La Pelos|Flutter Mane, L50|100\/100\n|turn|6\n|c|\u2606Onlyshiny|ya con ese turno yo quede atras\n|\n|t:|1682278628\n|move|p2a: Chien-Pao|Sacred Sword|p1a: Nemo\n|-supereffective|p1a: Nemo\n|-damage|p1a: Nemo|0 fnt\n|faint|p1a: Nemo\n|move|p1b: La Pelos|Thunderbolt|p2b: Ting-Lu\n|-supereffective|p2b: Ting-Lu\n|-damage|p2b: Ting-Lu|65\/100\n|move|p2b: Ting-Lu|Snarl|p1b: La Pelos\n|-damage|p1b: La Pelos|91\/100\n|-unboost|p1b: La Pelos|spa|1\n|\n|upkeep\n|turn|7\n|-message|Onlyshiny forfeited.\n|\n|win|Nosejugarpokemones\n|c|\u2606Onlyshiny|gg\n|c|\u2606Nosejugarpokemones|muy buenas hermano\n|c|\u2606Nosejugarpokemones|un gusto jugar contra usted\n|l|\u2606Onlyshiny\n","uploadtime":1682278787,"views":10,"p1id":"onlyshiny","p2id":"nosejugarpokemones","formatid":"gen9vgc2023regulationc","rating":0,"private":0,"password":""}