{"id":"gen9vgc2023regulationc-1845005745","p1":"Lewlo","p2":"michisio","format":"[Gen 9] VGC 2023 Regulation C","log":"|j|\u2606Lewlo\n|j|\u2606michisio\n|t:|1681673226\n|gametype|doubles\n|player|p1|Lewlo|pokemonbreeder-gen4|1329\n|player|p2|michisio|102|1258\n|teamsize|p1|6\n|teamsize|p2|6\n|gen|9\n|tier|[Gen 9] VGC 2023 Regulation C\n|rated|\n|rule|Species Clause: Limit one of each Pok\u00e9mon\n|rule|Item Clause: Limit one of each item\n|clearpoke\n|poke|p1|Azumarill, L50, M|\n|poke|p1|Amoonguss, L50, F|\n|poke|p1|Arcanine, L50, F|\n|poke|p1|Orthworm, L50, M|\n|poke|p1|Flutter Mane, L50|\n|poke|p1|Ting-Lu, L50|\n|poke|p2|Wo-Chien, L50|\n|poke|p2|Arcanine, L50, M|\n|poke|p2|Glimmora, L50, F|\n|poke|p2|Ting-Lu, L50|\n|poke|p2|Slowbro, L50, F|\n|poke|p2|Klefki, L50, F|\n|teampreview|4\n|inactive|Battle timer is ON: inactive players will automatically lose when time's up. (requested by Lewlo)\nLewlo has agreed to open team sheets.\n|inactive|Lewlo has 60 seconds left.\n|inactive|michisio has 60 seconds left.\n|inactive|michisio has 30 seconds left.\n|inactive|michisio has 20 seconds left.\n|\n|t:|1681673301\n|start\n|switch|p1a: Arcanine|Arcanine, L50, F|100\/100\n|switch|p1b: Erm Kinda cringe|Ting-Lu, L50|100\/100\n|switch|p2a: Wo-Chien|Wo-Chien, L50|100\/100\n|switch|p2b: Arcanine|Arcanine, L50, M|100\/100\n|-ability|p2b: Arcanine|Intimidate|boost\n|-unboost|p1a: Arcanine|atk|1\n|-unboost|p1b: Erm Kinda cringe|atk|1\n|-ability|p1a: Arcanine|Intimidate|boost\n|-unboost|p2a: Wo-Chien|atk|1\n|-unboost|p2b: Arcanine|atk|1\n|-ability|p2a: Wo-Chien|Tablets of Ruin\n|-ability|p1b: Erm Kinda cringe|Vessel of Ruin\n|turn|1\n|\n|t:|1681673321\n|switch|p1a: Amoonguss|Amoonguss, L50, F|100\/100\n|move|p2b: Arcanine|Will-O-Wisp|p1b: Erm Kinda cringe\n|-status|p1b: Erm Kinda cringe|brn\n|move|p2a: Wo-Chien|Leech Seed|p1b: Erm Kinda cringe\n|-start|p1b: Erm Kinda cringe|move: Leech Seed\n|move|p1b: Erm Kinda cringe|Ruination|p2a: Wo-Chien\n|-damage|p2a: Wo-Chien|50\/100\n|\n|-damage|p1b: Erm Kinda cringe|88\/100 brn|[from] Leech Seed|[of] p2a: Wo-Chien\n|-heal|p2a: Wo-Chien|72\/100|[silent]\n|-damage|p1b: Erm Kinda cringe|82\/100 brn|[from] brn\n|upkeep\n|turn|2\n|\n|t:|1681673345\n|switch|p1b: Arcanine|Arcanine, L50, F|100\/100\n|-ability|p1b: Arcanine|Intimidate|boost\n|-unboost|p2a: Wo-Chien|atk|1\n|-unboost|p2b: Arcanine|atk|1\n|move|p2b: Arcanine|Flare Blitz|p1a: Amoonguss\n|-supereffective|p1a: Amoonguss\n|-crit|p1a: Amoonguss\n|-damage|p1a: Amoonguss|5\/100\n|-damage|p2b: Arcanine|84\/100|[from] item: Rocky Helmet|[of] p1a: Amoonguss\n|-damage|p2b: Arcanine|46\/100|[from] Recoil\n|move|p2a: Wo-Chien|Ruination|p1b: Arcanine\n|-damage|p1b: Arcanine|51\/100\n|move|p1a: Amoonguss|Pollen Puff|p2a: Wo-Chien\n|-supereffective|p2a: Wo-Chien\n|-damage|p2a: Wo-Chien|12\/100\n|\n|upkeep\n|turn|3\n|inactive|Lewlo has 30 seconds left.\n|inactive|michisio has 30 seconds left.\n|\n|t:|1681673377\n|switch|p2a: Slowbro|Slowbro, L50, F|100\/100\n|switch|p1a: Erm Kinda cringe|Ting-Lu, L50|82\/100 brn\n|-ability|p1a: Erm Kinda cringe|Vessel of Ruin\n|move|p1b: Arcanine|Extreme Speed|p2a: Slowbro\n|-damage|p2a: Slowbro|81\/100\n|move|p2b: Arcanine|Flare Blitz|p1a: Erm Kinda cringe\n|-crit|p1a: Erm Kinda cringe\n|-damage|p1a: Erm Kinda cringe|50\/100 brn\n|-damage|p2b: Arcanine|31\/100|[from] Recoil\n|\n|-damage|p1a: Erm Kinda cringe|44\/100 brn|[from] brn\n|upkeep\n|turn|4\n|inactive|Lewlo has 30 seconds left.\n|\n|t:|1681673411\n|move|p2b: Arcanine|Protect|p2b: Arcanine\n|-singleturn|p2b: Arcanine|Protect\n|move|p1b: Arcanine|Protect|p1b: Arcanine\n|-singleturn|p1b: Arcanine|Protect\n|move|p1a: Erm Kinda cringe|Stomping Tantrum|p2b: Arcanine\n|-activate|p2b: Arcanine|move: Protect\n|move|p2a: Slowbro|Trick Room|p2a: Slowbro\n|-fieldstart|move: Trick Room|[of] p2a: Slowbro\n|\n|-damage|p1a: Erm Kinda cringe|38\/100 brn|[from] brn\n|upkeep\n|turn|5\n|inactive|Lewlo has 30 seconds left.\n|\n|t:|1681673438\n|switch|p2b: Wo-Chien|Wo-Chien, L50|12\/100\n|-ability|p2b: Wo-Chien|Tablets of Ruin\n|move|p1b: Arcanine|Extreme Speed|p2b: Wo-Chien\n|-damage|p2b: Wo-Chien|0 fnt\n|faint|p2b: Wo-Chien\n|move|p2a: Slowbro|Heal Pulse|p2: Wo-Chien|[notarget]\n|-fail|p2a: Slowbro\n|move|p1a: Erm Kinda cringe|Ruination|p2a: Slowbro\n|-damage|p2a: Slowbro|41\/100\n|\n|-damage|p1a: Erm Kinda cringe|32\/100 brn|[from] brn\n|upkeep\n|\n|t:|1681673447\n|switch|p2b: Arcanine|Arcanine, L50, M|31\/100\n|-ability|p2b: Arcanine|Intimidate|boost\n|-unboost|p1a: Erm Kinda cringe|atk|1\n|-unboost|p1b: Arcanine|atk|1\n|turn|6\n|\n|t:|1681673464\n|switch|p1b: Amoonguss|Amoonguss, L50, F|38\/100\n|move|p2b: Arcanine|Protect|p2b: Arcanine\n|-singleturn|p2b: Arcanine|Protect\n|move|p2a: Slowbro|Hydro Pump|p1b: Amoonguss\n|-resisted|p1b: Amoonguss\n|-damage|p1b: Amoonguss|25\/100\n|move|p1a: Erm Kinda cringe|Stomping Tantrum|p2b: Arcanine\n|-activate|p2b: Arcanine|move: Protect\n|\n|-damage|p1a: Erm Kinda cringe|26\/100 brn|[from] brn\n|upkeep\n|turn|7\n|\n|t:|1681673477\n|switch|p1b: Arcanine|Arcanine, L50, F|51\/100\n|-ability|p1b: Arcanine|Intimidate|boost\n|-unboost|p2a: Slowbro|atk|1\n|-unboost|p2b: Arcanine|atk|1\n|switch|p2b: Ting-Lu|Ting-Lu, L50|100\/100\n|-ability|p2b: Ting-Lu|Vessel of Ruin\n|move|p2a: Slowbro|Yawn|p1b: Arcanine\n|-start|p1b: Arcanine|move: Yawn|[of] p2a: Slowbro\n|move|p1a: Erm Kinda cringe|Stomping Tantrum|p2b: Ting-Lu\n|-damage|p2b: Ting-Lu|95\/100\n|\n|-heal|p2b: Ting-Lu|100\/100|[from] item: Leftovers\n|-damage|p1a: Erm Kinda cringe|20\/100 brn|[from] brn\n|upkeep\n|turn|8\n|\n|t:|1681673500\n|switch|p2a: Arcanine|Arcanine, L50, M|31\/100\n|-ability|p2a: Arcanine|Intimidate|boost\n|-unboost|p1a: Erm Kinda cringe|atk|1\n|-unboost|p1b: Arcanine|atk|1\n|switch|p1b: Amoonguss|Amoonguss, L50, F|58\/100\n|move|p2b: Ting-Lu|Sand Tomb|p1b: Amoonguss\n|-damage|p1b: Amoonguss|43\/100\n|-activate|p1b: Amoonguss|move: Sand Tomb|[of] p2b: Ting-Lu\n|move|p1a: Erm Kinda cringe|Ruination|p2b: Ting-Lu\n|-damage|p2b: Ting-Lu|50\/100\n|\n|-heal|p2b: Ting-Lu|57\/100|[from] item: Leftovers\n|-damage|p1a: Erm Kinda cringe|13\/100 brn|[from] brn\n|-damage|p1b: Amoonguss|31\/100|[from] move: Sand Tomb|[partiallytrapped]\n|-fieldend|move: Trick Room\n|upkeep\n|turn|9\n|inactive|Lewlo has 30 seconds left.\n|\n|t:|1681673532\n|switch|p2a: Slowbro|Slowbro, L50, F|74\/100\n|-terastallize|p2b: Ting-Lu|Grass\n|move|p1a: Erm Kinda cringe|Ruination|p2b: Ting-Lu\n|-damage|p2b: Ting-Lu|29\/100\n|move|p2b: Ting-Lu|Sand Tomb|p1a: Erm Kinda cringe\n|-damage|p1a: Erm Kinda cringe|6\/100 brn\n|-activate|p1a: Erm Kinda cringe|move: Sand Tomb|[of] p2b: Ting-Lu\n|move|p1b: Amoonguss|Spore|p2b: Ting-Lu\n|-immune|p2b: Ting-Lu\n|\n|-heal|p2b: Ting-Lu|35\/100|[from] item: Leftovers\n|-damage|p1a: Erm Kinda cringe|0 fnt|[from] brn\n|faint|p1a: Erm Kinda cringe\n|-damage|p1b: Amoonguss|19\/100|[from] move: Sand Tomb|[partiallytrapped]\n|upkeep\n|\n|t:|1681673544\n|switch|p1a: Arcanine|Arcanine, L50, F|51\/100\n|-ability|p1a: Arcanine|Intimidate|boost\n|-unboost|p2a: Slowbro|atk|1\n|-unboost|p2b: Ting-Lu|atk|1\n|turn|10\n|\n|t:|1681673560\n|switch|p2b: Arcanine|Arcanine, L50, M|31\/100\n|-ability|p2b: Arcanine|Intimidate|boost\n|-unboost|p1a: Arcanine|atk|1\n|-unboost|p1b: Amoonguss|atk|1\n|-terastallize|p1a: Arcanine|Normal\n|move|p1a: Arcanine|Flare Blitz|p2b: Arcanine\n|-resisted|p2b: Arcanine\n|-damage|p2b: Arcanine|9\/100\n|-damage|p1a: Arcanine|44\/100|[from] Recoil\n|move|p2a: Slowbro|Heal Pulse|p2b: Arcanine\n|-heal|p2b: Arcanine|59\/100\n|move|p1b: Amoonguss|Pollen Puff|p1a: Arcanine\n|-heal|p1a: Arcanine|93\/100\n|\n|-end|p1b: Amoonguss|Sand Tomb|[partiallytrapped]|[silent]\n|upkeep\n|turn|11\n|inactive|Lewlo has 30 seconds left.\n|inactive|michisio has 30 seconds left.\n|\n|t:|1681673587\n|move|p1b: Amoonguss|Rage Powder|p1b: Amoonguss\n|-singleturn|p1b: Amoonguss|move: Rage Powder\n|move|p2b: Arcanine|Will-O-Wisp|p1a: Arcanine\n|-status|p1a: Arcanine|brn\n|move|p1a: Arcanine|Howl|p1a: Arcanine|[spread] p1a,p1b\n|-boost|p1a: Arcanine|atk|1\n|-boost|p1b: Amoonguss|atk|1\n|move|p2a: Slowbro|Heal Pulse|p1b: Amoonguss\n|-heal|p1b: Amoonguss|69\/100\n|\n|-damage|p1a: Arcanine|87\/100 brn|[from] brn\n|upkeep\n|turn|12\n|\n|t:|1681673604\n|switch|p2a: Ting-Lu|Ting-Lu, L50, tera:Grass|35\/100\n|-ability|p2a: Ting-Lu|Vessel of Ruin\n|move|p1b: Amoonguss|Protect|p1b: Amoonguss\n|-singleturn|p1b: Amoonguss|Protect\n|move|p2b: Arcanine|Flare Blitz|p1b: Amoonguss\n|-activate|p1b: Amoonguss|move: Protect\n|move|p1a: Arcanine|Howl|p1a: Arcanine|[spread] p1a,p1b\n|-boost|p1a: Arcanine|atk|1\n|-boost|p1b: Amoonguss|atk|1\n|\n|-heal|p2a: Ting-Lu|41\/100|[from] item: Leftovers\n|-damage|p1a: Arcanine|81\/100 brn|[from] brn\n|upkeep\n|turn|13\n|\n|t:|1681673624\n|move|p2b: Arcanine|Flare Blitz|p1b: Amoonguss\n|-supereffective|p1b: Amoonguss\n|-crit|p1b: Amoonguss\n|-damage|p1b: Amoonguss|0 fnt\n|-damage|p2b: Arcanine|42\/100|[from] item: Rocky Helmet|[of] p1b: Amoonguss\n|faint|p1b: Amoonguss\n|-damage|p2b: Arcanine|16\/100|[from] Recoil\n|move|p1a: Arcanine|Flare Blitz|p2a: Ting-Lu\n|-supereffective|p2a: Ting-Lu\n|-damage|p2a: Ting-Lu|0 fnt\n|faint|p2a: Ting-Lu\n|-damage|p1a: Arcanine|64\/100 brn|[from] Recoil\n|\n|-damage|p1a: Arcanine|57\/100 brn|[from] brn\n|upkeep\n|\n|t:|1681673637\n|switch|p2a: Slowbro|Slowbro, L50, F|100\/100\n|switch|p1b: Flutter Mane|Flutter Mane, L50|100\/100\n|-enditem|p1b: Flutter Mane|Booster Energy\n|-activate|p1b: Flutter Mane|ability: Protosynthesis|[fromitem]\n|-start|p1b: Flutter Mane|protosynthesisspa\n|turn|14\n|\n|t:|1681673646\n|move|p2b: Arcanine|Protect|p2b: Arcanine\n|-singleturn|p2b: Arcanine|Protect\n|move|p1a: Arcanine|Extreme Speed|p2b: Arcanine\n|-activate|p2b: Arcanine|move: Protect\n|move|p1b: Flutter Mane|Shadow Ball|p2a: Slowbro\n|-supereffective|p2a: Slowbro\n|-crit|p2a: Slowbro\n|-damage|p2a: Slowbro|0 fnt\n|faint|p2a: Slowbro\n|\n|-damage|p1a: Arcanine|51\/100 brn|[from] brn\n|upkeep\n|turn|15\n|-message|michisio forfeited.\n|\n|win|Lewlo\n|raw|Lewlo's rating: 1329 → 1345<\/strong> (+16 for winning)\n|raw|michisio's rating: 1258 → 1238<\/strong> (-20 for losing)\n|l|\u2606michisio\n|c|\u2606Lewlo|gg\n","uploadtime":1681673778,"views":7,"p1id":"lewlo","p2id":"michisio","formatid":"gen9vgc2023regulationc","rating":1238,"private":0,"password":""}