{"id":"gen9vgc2023regulationc-1856899301","p1":"Inwaves22","p2":"SpikeMike","format":"[Gen 9] VGC 2023 Regulation C","log":"|j|\u2606Inwaves22\n|j|\u2606SpikeMike\n|t:|1683123988\n|gametype|doubles\n|player|p1|Inwaves22|falkner|1209\n|player|p2|SpikeMike|molayne|1166\n|teamsize|p1|6\n|teamsize|p2|6\n|gen|9\n|tier|[Gen 9] VGC 2023 Regulation C\n|rated|\n|rule|Species Clause: Limit one of each Pok\u00e9mon\n|rule|Item Clause: Limit one of each item\n|clearpoke\n|poke|p1|Glimmora, L50, F|\n|poke|p1|Chi-Yu, L50|\n|poke|p1|Flutter Mane, L50|\n|poke|p1|Dragonite, L50, F|\n|poke|p1|Dondozo, L50, M|\n|poke|p1|Tatsugiri, L50, F|\n|poke|p2|Grafaiai, L50, M|\n|poke|p2|Slaking, L50, F|\n|poke|p2|Dragonite, L50, F|\n|poke|p2|Chien-Pao, L50|\n|poke|p2|Iron Hands, L50|\n|poke|p2|Amoonguss, L50, M|\n|teampreview|4\n|inactive|Battle timer is ON: inactive players will automatically lose when time's up. (requested by SpikeMike)\n|\n|t:|1683124004\n|start\n|switch|p1a: Glimmora|Glimmora, L50, F|100\/100\n|switch|p1b: Dondozo|Dondozo, L50, M|100\/100\n|switch|p2a: Charlie Puth|Chien-Pao, L50|100\/100\n|switch|p2b: Lewis Capaldi|Iron Hands, L50|100\/100\n|-ability|p2a: Charlie Puth|Sword of Ruin\n|-enditem|p2b: Lewis Capaldi|Booster Energy\n|-activate|p2b: Lewis Capaldi|ability: Quark Drive|[fromitem]\n|-start|p2b: Lewis Capaldi|quarkdriveatk\n|turn|1\n|inactive|Inwaves22 has 30 seconds left.\n|inactive|SpikeMike has 30 seconds left.\n|\n|t:|1683124031\n|move|p1b: Dondozo|Protect|p1b: Dondozo\n|-singleturn|p1b: Dondozo|Protect\n|move|p2a: Charlie Puth|Sacred Sword|p1b: Dondozo\n|-activate|p1b: Dondozo|move: Protect\n|move|p1a: Glimmora|Toxic|p2b: Lewis Capaldi\n|-status|p2b: Lewis Capaldi|tox\n|move|p2b: Lewis Capaldi|Wild Charge|p1b: Dondozo\n|-activate|p1b: Dondozo|move: Protect\n|\n|-damage|p2b: Lewis Capaldi|94\/100 tox|[from] psn\n|upkeep\n|turn|2\n|\n|t:|1683124049\n|move|p2a: Charlie Puth|Sacred Sword|p1b: Dondozo\n|-damage|p1b: Dondozo|75\/100\n|move|p1a: Glimmora|Power Gem|p2b: Lewis Capaldi\n|-resisted|p2b: Lewis Capaldi\n|-crit|p2b: Lewis Capaldi\n|-damage|p2b: Lewis Capaldi|67\/100 tox\n|move|p2b: Lewis Capaldi|Wild Charge|p1b: Dondozo\n|-supereffective|p1b: Dondozo\n|-crit|p1b: Dondozo\n|-damage|p1b: Dondozo|0 fnt\n|faint|p1b: Dondozo\n|-damage|p2b: Lewis Capaldi|48\/100 tox|[from] Recoil\n|\n|-damage|p2b: Lewis Capaldi|36\/100 tox|[from] psn\n|upkeep\n|\n|t:|1683124061\n|switch|p1b: Dragonite|Dragonite, L50, F|100\/100\n|turn|3\n|\n|t:|1683124073\n|-terastallize|p1b: Dragonite|Flying\n|move|p2a: Charlie Puth|Sacred Sword|p1b: Dragonite\n|-resisted|p1b: Dragonite\n|-damage|p1b: Dragonite|89\/100\n|move|p1a: Glimmora|Power Gem|p2a: Charlie Puth\n|-supereffective|p2a: Charlie Puth\n|-enditem|p2a: Charlie Puth|Focus Sash\n|-damage|p2a: Charlie Puth|1\/100\n|move|p1b: Dragonite|Tera Blast|p2b: Lewis Capaldi\n|-damage|p2b: Lewis Capaldi|0 fnt\n|faint|p2b: Lewis Capaldi\n|-end|p2b: Lewis Capaldi|Quark Drive|[silent]\n|\n|upkeep\n|\n|t:|1683124079\n|switch|p2b: Bruno Mars|Dragonite, L50, F|100\/100\n|turn|4\n|inactive|SpikeMike has 30 seconds left.\n|\n|t:|1683124113\n|-terastallize|p2a: Charlie Puth|Ghost\n|move|p2a: Charlie Puth|Ice Spinner|p1b: Dragonite\n|-supereffective|p1b: Dragonite\n|-damage|p1b: Dragonite|0 fnt\n|faint|p1b: Dragonite\n|move|p1a: Glimmora|Toxic|p2b: Bruno Mars\n|-status|p2b: Bruno Mars|tox\n|move|p2b: Bruno Mars|Dragon Claw|p1a: Glimmora\n|-damage|p1a: Glimmora|19\/100\n|-activate|p1a: Glimmora|ability: Toxic Debris\n|-sidestart|p2: SpikeMike|move: Toxic Spikes\n|\n|-damage|p2b: Bruno Mars|95\/100 tox|[from] psn\n|upkeep\n|\n|t:|1683124131\n|switch|p1b: Chi-Yu|Chi-Yu, L50|100\/100\n|-ability|p1b: Chi-Yu|Beads of Ruin\n|turn|5\n|\n|t:|1683124139\n|move|p1a: Glimmora|Spiky Shield|p1a: Glimmora\n|-singleturn|p1a: Glimmora|move: Protect\n|move|p1b: Chi-Yu|Protect|p1b: Chi-Yu\n|-singleturn|p1b: Chi-Yu|Protect\n|move|p2b: Bruno Mars|Extreme Speed|p1a: Glimmora\n|-activate|p1a: Glimmora|move: Protect\n|-damage|p2b: Bruno Mars|83\/100 tox|[from] Spiky Shield|[of] p1a: Glimmora\n|move|p2a: Charlie Puth|Sacred Sword|p1b: Chi-Yu\n|-activate|p1b: Chi-Yu|move: Protect\n|\n|-damage|p2b: Bruno Mars|71\/100 tox|[from] psn\n|upkeep\n|turn|6\n|inactive|Inwaves22 has 30 seconds left.\n|\n|t:|1683124166\n|move|p2b: Bruno Mars|Extreme Speed|p1a: Glimmora\n|-resisted|p1a: Glimmora\n|-damage|p1a: Glimmora|0 fnt\n|-activate|p1a: Glimmora|ability: Toxic Debris\n|-sidestart|p2: SpikeMike|move: Toxic Spikes\n|faint|p1a: Glimmora\n|move|p2a: Charlie Puth|Sacred Sword|p1b: Chi-Yu\n|-supereffective|p1b: Chi-Yu\n|-damage|p1b: Chi-Yu|0 fnt\n|faint|p1b: Chi-Yu\n|\n|win|SpikeMike\n|raw|Inwaves22's rating: 1209 → 1181<\/strong> (-28 for losing)\n|raw|SpikeMike's rating: 1166 → 1194<\/strong> (+28 for winning)\n|c|\u2606SpikeMike|gg\n|c|\u2606Inwaves22|gg\n|c|\u2606SpikeMike|wp\n","uploadtime":1683124272,"views":6,"p1id":"inwaves22","p2id":"spikemike","formatid":"gen9vgc2023regulationc","rating":1181,"private":0,"password":""}