{"id":"gen9vgc2023regulationc-1860676562","p1":"Bambambi","p2":"wife_material1","format":"[Gen 9] VGC 2023 Regulation C","log":"|j|\u2606Bambambi\n|j|\u2606wife_material1\n|t:|1683665171\n|gametype|doubles\n|player|p1|Bambambi|wallace-gen6|1117\n|player|p2|wife_material1|2|1048\n|teamsize|p1|6\n|teamsize|p2|6\n|gen|9\n|tier|[Gen 9] VGC 2023 Regulation C\n|rated|\n|rule|Species Clause: Limit one of each Pok\u00e9mon\n|rule|Item Clause: Limit one of each item\n|clearpoke\n|poke|p1|Flutter Mane, L50|\n|poke|p1|Chi-Yu, L50|\n|poke|p1|Gothitelle, L50, F|\n|poke|p1|Scream Tail, L50|\n|poke|p1|Murkrow, L50, F|\n|poke|p1|Great Tusk, L50|\n|poke|p2|Grimmsnarl, L50, M|\n|poke|p2|Jolteon, L50, F|\n|poke|p2|Mudsdale, L50, F|\n|poke|p2|Annihilape, L50, F|\n|poke|p2|Amoonguss, L50, M|\n|poke|p2|Volcarona, L50, F|\n|teampreview|4\n|\n|t:|1683665191\n|start\n|switch|p1a: Mr. God|Murkrow, L50, F, shiny|100\/100\n|switch|p1b: Ironmouse|Gothitelle, L50, F, shiny|100\/100\n|switch|p2a: Grimmsnarl|Grimmsnarl, L50, M|100\/100\n|switch|p2b: Mudsdale|Mudsdale, L50, F|100\/100\n|turn|1\n|\n|t:|1683665216\n|move|p1b: Ironmouse|Fake Out|p2a: Grimmsnarl\n|-damage|p2a: Grimmsnarl|94\/100\n|move|p1a: Mr. God|Perish Song|p1a: Mr. God\n|-start|p1a: Mr. God|perish3|[silent]\n|-start|p1b: Ironmouse|perish3|[silent]\n|-start|p2a: Grimmsnarl|perish3|[silent]\n|-start|p2b: Mudsdale|perish3|[silent]\n|-fieldactivate|move: Perish Song\n|cant|p2a: Grimmsnarl|flinch\n|move|p2b: Mudsdale|Iron Defense|p2b: Mudsdale\n|-boost|p2b: Mudsdale|def|2\n|\n|-start|p1a: Mr. God|perish3\n|-start|p1b: Ironmouse|perish3\n|-start|p2a: Grimmsnarl|perish3\n|-start|p2b: Mudsdale|perish3\n|upkeep\n|turn|2\n|\n|t:|1683665248\n|move|p1a: Mr. God|Sunny Day|p1a: Mr. God\n|-weather|SunnyDay\n|move|p1b: Ironmouse|Reflect|p1b: Ironmouse\n|-sidestart|p1: Bambambi|Reflect\n|move|p2a: Grimmsnarl|Play Rough|p1a: Mr. God\n|-supereffective|p1a: Mr. God\n|-damage|p1a: Mr. God|33\/100\n|move|p2b: Mudsdale|Rock Slide|p1a: Mr. God|[spread] p1a,p1b\n|-supereffective|p1a: Mr. God\n|-crit|p1b: Ironmouse\n|-damage|p1a: Mr. God|6\/100\n|-damage|p1b: Ironmouse|78\/100\n|\n|-weather|SunnyDay|[upkeep]\n|-start|p1a: Mr. God|perish2\n|-start|p1b: Ironmouse|perish2\n|-start|p2a: Grimmsnarl|perish2\n|-start|p2b: Mudsdale|perish2\n|upkeep\n|turn|3\n|\n|t:|1683665270\n|move|p1b: Ironmouse|Protect|p1b: Ironmouse\n|-singleturn|p1b: Ironmouse|Protect\n|move|p1a: Mr. God|Tailwind|p1a: Mr. God\n|-sidestart|p1: Bambambi|move: Tailwind\n|move|p2a: Grimmsnarl|Thunder Wave|p1b: Ironmouse\n|-activate|p1b: Ironmouse|move: Protect\n|move|p2b: Mudsdale|Rock Slide|p1b: Ironmouse|[spread] p1a\n|-activate|p1b: Ironmouse|move: Protect\n|-supereffective|p1a: Mr. God\n|-damage|p1a: Mr. God|0 fnt\n|faint|p1a: Mr. God\n|\n|-weather|SunnyDay|[upkeep]\n|-start|p1b: Ironmouse|perish1\n|-start|p2a: Grimmsnarl|perish1\n|-start|p2b: Mudsdale|perish1\n|upkeep\n|\n|t:|1683665279\n|switch|p1a: Great Tusk|Great Tusk, L50|100\/100\n|-activate|p1a: Great Tusk|ability: Protosynthesis\n|-start|p1a: Great Tusk|protosynthesisdef\n|turn|4\n|\n|t:|1683665308\n|move|p1a: Great Tusk|Protect|p1a: Great Tusk\n|-singleturn|p1a: Great Tusk|Protect\n|move|p1b: Ironmouse|Protect||[still]\n|-fail|p1b: Ironmouse\n|move|p2a: Grimmsnarl|Thunder Wave|p1a: Great Tusk\n|-activate|p1a: Great Tusk|move: Protect\n|move|p2b: Mudsdale|Rock Slide|p1a: Great Tusk|[spread] p1b\n|-activate|p1a: Great Tusk|move: Protect\n|-damage|p1b: Ironmouse|69\/100\n|\n|-weather|SunnyDay|[upkeep]\n|-start|p1b: Ironmouse|perish0\n|-start|p2a: Grimmsnarl|perish0\n|-start|p2b: Mudsdale|perish0\n|faint|p1b: Ironmouse\n|faint|p2a: Grimmsnarl\n|faint|p2b: Mudsdale\n|upkeep\n|\n|t:|1683665327\n|switch|p1b: Chi-Yu|Chi-Yu, L50|100\/100\n|switch|p2a: Annihilape|Annihilape, L50, F|100\/100\n|switch|p2b: Amoonguss|Amoonguss, L50, M|100\/100\n|-ability|p1b: Chi-Yu|Beads of Ruin\n|turn|5\n|\n|t:|1683665355\n|-terastallize|p1b: Chi-Yu|Grass\n|move|p1b: Chi-Yu|Heat Wave|p2a: Annihilape|[spread] p2a,p2b\n|-supereffective|p2b: Amoonguss\n|-damage|p2a: Annihilape|20\/100\n|-damage|p2b: Amoonguss|0 fnt\n|faint|p2b: Amoonguss\n|-damage|p1b: Chi-Yu|91\/100|[from] item: Life Orb\n|move|p1a: Great Tusk|Earthquake|p2a: Annihilape|[spread] p1b,p2a\n|-resisted|p1b: Chi-Yu\n|-damage|p1b: Chi-Yu|73\/100\n|-damage|p2a: Annihilape|0 fnt\n|faint|p2a: Annihilape\n|\n|win|Bambambi\n|raw|Bambambi's rating: 1117 → 1137<\/strong> (+20 for winning)\n|raw|wife_material1's rating: 1048 → 1034<\/strong> (-14 for losing)\n","uploadtime":1683665367,"views":11,"p1id":"bambambi","p2id":"wifematerial1","formatid":"gen9vgc2023regulationc","rating":1034,"private":0,"password":""}