{"id":"gen9vgc2023regulationc-1859914764","p1":"bgcfranky","p2":"A.S.Hyeda","format":"[Gen 9] VGC 2023 Regulation C","log":"|j|\u2606bgcfranky\n|j|\u203dA.S.Hyeda\n|t:|1683575337\n|gametype|doubles\n|player|p1|bgcfranky|rocketgrunt|1251\n|player|p2|A.S.Hyeda|1|1191\n|teamsize|p1|6\n|teamsize|p2|6\n|gen|9\n|tier|[Gen 9] VGC 2023 Regulation C\n|rated|\n|rule|Species Clause: Limit one of each Pok\u00e9mon\n|rule|Item Clause: Limit one of each item\n|clearpoke\n|poke|p1|Volcarona, L50, F|\n|poke|p1|Wo-Chien, L50|\n|poke|p1|Grimmsnarl, L50, M|\n|poke|p1|Iron Hands, L50|\n|poke|p1|Slowking, L50, M|\n|poke|p1|Salamence, L50, F|\n|poke|p2|Chi-Yu, L50|\n|poke|p2|Dachsbun, L50, F|\n|poke|p2|Dragonite, L50, M|\n|poke|p2|Flutter Mane, L50|\n|poke|p2|Azumarill, L50, M|\n|poke|p2|Chien-Pao, L50|\n|teampreview|4\n|inactive|Battle timer is ON: inactive players will automatically lose when time's up. (requested by A.S.Hyeda)\n|\n|t:|1683575370\n|start\n|switch|p1a: Iron Hands|Iron Hands, L50|100\/100\n|switch|p1b: Slowking|Slowking, L50, M|100\/100\n|switch|p2a: Chi-Yu|Chi-Yu, L50|100\/100\n|switch|p2b: Dachsbun|Dachsbun, L50, F|100\/100\n|-ability|p2a: Chi-Yu|Beads of Ruin\n|turn|1\n|inactive|bgcfranky has 30 seconds left.\n|\n|t:|1683575407\n|-terastallize|p2a: Chi-Yu|Ghost\n|-terastallize|p1b: Slowking|Water\n|move|p1a: Iron Hands|Fake Out|p2b: Dachsbun\n|-damage|p2b: Dachsbun|88\/100\n|move|p2a: Chi-Yu|Lava Plume|p1b: Slowking|[spread] p1a,p1b\n|-ability|p2b: Dachsbun|Well-Baked Body|boost\n|-boost|p2b: Dachsbun|def|2\n|-resisted|p1b: Slowking\n|-damage|p1a: Iron Hands|68\/100\n|-damage|p1b: Slowking|85\/100\n|cant|p2b: Dachsbun|flinch\n|move|p1b: Slowking|Hydro Pump|p2a: Chi-Yu\n|-damage|p2a: Chi-Yu|18\/100\n|\n|-heal|p2b: Dachsbun|94\/100|[from] item: Leftovers\n|upkeep\n|turn|2\n|inactive|bgcfranky has 30 seconds left.\n|inactive|bgcfranky has 20 seconds left.\n|\n|t:|1683575443\n|-end|p1a: Iron Hands|Quark Drive|[silent]\n|switch|p1a: Wo-Chien|Wo-Chien, L50|100\/100\n|-ability|p1a: Wo-Chien|Tablets of Ruin\n|move|p2a: Chi-Yu|Lava Plume|p1a: Wo-Chien|[spread] p1a,p1b\n|-ability|p2b: Dachsbun|Well-Baked Body|boost\n|-boost|p2b: Dachsbun|def|2\n|-supereffective|p1a: Wo-Chien\n|-resisted|p1b: Slowking\n|-damage|p1a: Wo-Chien|60\/100\n|-damage|p1b: Slowking|68\/100\n|-status|p1a: Wo-Chien|brn\n|move|p2b: Dachsbun|Yawn||[still]\n|-fail|p2b: Dachsbun\n|move|p1b: Slowking|Trick Room|p1b: Slowking\n|-fieldstart|move: Trick Room|[of] p1b: Slowking\n|\n|-heal|p2b: Dachsbun|100\/100|[from] item: Leftovers\n|-damage|p1a: Wo-Chien|54\/100 brn|[from] brn\n|upkeep\n|turn|3\n|inactive|bgcfranky has 30 seconds left.\n|inactive|bgcfranky has 20 seconds left.\n|\n|t:|1683575478\n|move|p1b: Slowking|Hydro Pump|p2b: Dachsbun\n|-damage|p2b: Dachsbun|21\/100\n|move|p1a: Wo-Chien|Ruination|p2b: Dachsbun\n|-damage|p2b: Dachsbun|11\/100\n|move|p2b: Dachsbun|Body Press|p1a: Wo-Chien\n|-supereffective|p1a: Wo-Chien\n|-damage|p1a: Wo-Chien|0 fnt\n|faint|p1a: Wo-Chien\n|move|p2a: Chi-Yu|Lava Plume|p1b: Slowking|[spread] p1b\n|-ability|p2b: Dachsbun|Well-Baked Body|boost\n|-boost|p2b: Dachsbun|def|2\n|-resisted|p1b: Slowking\n|-damage|p1b: Slowking|53\/100\n|\n|-heal|p2b: Dachsbun|17\/100|[from] item: Leftovers\n|upkeep\n|\n|t:|1683575501\n|switch|p1a: Iron Hands|Iron Hands, L50|68\/100\n|turn|4\n|\n|t:|1683575519\n|move|p2b: Dachsbun|Protect|p2b: Dachsbun\n|-singleturn|p2b: Dachsbun|Protect\n|move|p1b: Slowking|Hydro Pump|p2b: Dachsbun\n|-activate|p2b: Dachsbun|move: Protect\n|move|p1a: Iron Hands|Thunder Punch|p2a: Chi-Yu\n|-damage|p2a: Chi-Yu|0 fnt\n|faint|p2a: Chi-Yu\n|\n|-heal|p2b: Dachsbun|23\/100|[from] item: Leftovers\n|upkeep\n|\n|t:|1683575536\n|switch|p2a: Flutter Mane|Flutter Mane, L50|100\/100\n|-enditem|p2a: Flutter Mane|Booster Energy\n|-activate|p2a: Flutter Mane|ability: Protosynthesis|[fromitem]\n|-start|p2a: Flutter Mane|protosynthesisspe\n|turn|5\n|\n|t:|1683575557\n|move|p1b: Slowking|Hydro Pump|p2a: Flutter Mane\n|-damage|p2a: Flutter Mane|29\/100\n|move|p1a: Iron Hands|Thunder Punch|p2a: Flutter Mane\n|-damage|p2a: Flutter Mane|0 fnt\n|faint|p2a: Flutter Mane\n|-end|p2a: Flutter Mane|Protosynthesis|[silent]\n|move|p2b: Dachsbun|Body Press|p1b: Slowking\n|-damage|p1b: Slowking|0 fnt\n|faint|p1b: Slowking\n|\n|-heal|p2b: Dachsbun|29\/100|[from] item: Leftovers\n|upkeep\n|\n|t:|1683575569\n|switch|p1b: Volcarona|Volcarona, L50, F|100\/100\n|switch|p2a: Chien-Pao|Chien-Pao, L50|100\/100\n|-ability|p2a: Chien-Pao|Sword of Ruin\n|turn|6\n|\n|t:|1683575592\n|move|p2b: Dachsbun|Protect|p2b: Dachsbun\n|-singleturn|p2b: Dachsbun|Protect\n|move|p2a: Chien-Pao|Protect|p2a: Chien-Pao\n|-singleturn|p2a: Chien-Pao|Protect\n|move|p1a: Iron Hands|Thunder Punch|p2b: Dachsbun\n|-activate|p2b: Dachsbun|move: Protect\n|move|p1b: Volcarona|Tera Blast|p2b: Dachsbun\n|-activate|p2b: Dachsbun|move: Protect\n|\n|-heal|p2b: Dachsbun|35\/100|[from] item: Leftovers\n|-fieldend|move: Trick Room\n|upkeep\n|turn|7\n|\n|t:|1683575615\n|move|p2a: Chien-Pao|Throat Chop|p1b: Volcarona\n|-damage|p1b: Volcarona|45\/100\n|-start|p1b: Volcarona|Throat Chop|[silent]\n|move|p1b: Volcarona|Fiery Dance|p2a: Chien-Pao\n|-supereffective|p2a: Chien-Pao\n|-enditem|p2a: Chien-Pao|Focus Sash\n|-damage|p2a: Chien-Pao|1\/100\n|-boost|p1b: Volcarona|spa|1\n|move|p2b: Dachsbun|Body Press|p1b: Volcarona\n|-resisted|p1b: Volcarona\n|-damage|p1b: Volcarona|0 fnt\n|-status|p2b: Dachsbun|brn|[from] ability: Flame Body|[of] p1b: Volcarona\n|faint|p1b: Volcarona\n|move|p1a: Iron Hands|Drain Punch|p2a: Chien-Pao\n|-supereffective|p2a: Chien-Pao\n|-damage|p2a: Chien-Pao|0 fnt\n|-heal|p1a: Iron Hands|69\/100|[from] drain|[of] p2a: Chien-Pao\n|faint|p2a: Chien-Pao\n|\n|-heal|p2b: Dachsbun|41\/100 brn|[from] item: Leftovers\n|-damage|p2b: Dachsbun|35\/100 brn|[from] brn\n|upkeep\n|turn|8\n|inactive|bgcfranky has 30 seconds left.\n|\n|t:|1683575642\n|move|p2b: Dachsbun|Protect|p2b: Dachsbun\n|-singleturn|p2b: Dachsbun|Protect\n|move|p1a: Iron Hands|Thunder Punch|p2b: Dachsbun\n|-activate|p2b: Dachsbun|move: Protect\n|\n|-heal|p2b: Dachsbun|41\/100 brn|[from] item: Leftovers\n|-damage|p2b: Dachsbun|35\/100 brn|[from] brn\n|upkeep\n|turn|9\n|\n|t:|1683575652\n|move|p2b: Dachsbun|Wish|p2b: Dachsbun\n|move|p1a: Iron Hands|Thunder Punch|p2b: Dachsbun\n|-damage|p2b: Dachsbun|25\/100 brn\n|\n|-heal|p2b: Dachsbun|32\/100 brn|[from] item: Leftovers\n|-damage|p2b: Dachsbun|25\/100 brn|[from] brn\n|upkeep\n|turn|10\n|\n|t:|1683575660\n|move|p2b: Dachsbun|Protect|p2b: Dachsbun\n|-singleturn|p2b: Dachsbun|Protect\n|move|p1a: Iron Hands|Belly Drum|p1a: Iron Hands\n|-damage|p1a: Iron Hands|19\/100\n|-setboost|p1a: Iron Hands|atk|6|[from] move: Belly Drum\n|-enditem|p1a: Iron Hands|Sitrus Berry|[eat]\n|-heal|p1a: Iron Hands|44\/100|[from] item: Sitrus Berry\n|\n|-heal|p2b: Dachsbun|75\/100 brn|[from] move: Wish|[wisher] Dachsbun\n|-heal|p2b: Dachsbun|82\/100 brn|[from] item: Leftovers\n|-damage|p2b: Dachsbun|75\/100 brn|[from] brn\n|upkeep\n|turn|11\n|\n|t:|1683575677\n|move|p2b: Dachsbun|Body Press|p1a: Iron Hands\n|-damage|p1a: Iron Hands|19\/100\n|move|p1a: Iron Hands|Drain Punch|p2b: Dachsbun\n|-resisted|p2b: Dachsbun\n|-damage|p2b: Dachsbun|57\/100 brn\n|-heal|p1a: Iron Hands|25\/100|[from] drain|[of] p2b: Dachsbun\n|\n|-heal|p2b: Dachsbun|63\/100 brn|[from] item: Leftovers\n|-damage|p2b: Dachsbun|57\/100 brn|[from] brn\n|upkeep\n|turn|12\n|\n|t:|1683575689\n|move|p2b: Dachsbun|Body Press|p1a: Iron Hands\n|-damage|p1a: Iron Hands|0 fnt\n|faint|p1a: Iron Hands\n|-end|p1a: Iron Hands|Quark Drive|[silent]\n|\n|win|A.S.Hyeda\n|raw|bgcfranky's rating: 1251 → 1222<\/strong> (-29 for losing)\n|raw|A.S.Hyeda's rating: 1191 → 1220<\/strong> (+29 for winning)\n","uploadtime":1683575697,"views":7,"p1id":"bgcfranky","p2id":"ashyeda","formatid":"gen9vgc2023regulationc","rating":1220,"private":0,"password":""}