{"id":"gen9vgc2023regulationc-1852216527","p1":"jeffman323","p2":"marinkitagawa3","format":"[Gen 9] VGC 2023 Regulation C","log":"|j|\u2606jeffman323\n|j|\u2606marinkitagawa3\n|t:|1682533752\n|gametype|doubles\n|player|p1|jeffman323|steven|1651\n|player|p2|marinkitagawa3|beauty-gen4dp|1670\n|teamsize|p1|6\n|teamsize|p2|6\n|gen|9\n|tier|[Gen 9] VGC 2023 Regulation C\n|rated|\n|rule|Species Clause: Limit one of each Pok\u00e9mon\n|rule|Item Clause: Limit one of each item\n|clearpoke\n|poke|p1|Hatterene, L50, F|\n|poke|p1|Azumarill, L50, F|\n|poke|p1|Brute Bonnet, L50|\n|poke|p1|Kingambit, L50, F|\n|poke|p1|Iron Hands, L50|\n|poke|p1|Stantler, L50, M|\n|poke|p2|Dondozo, L50, M|\n|poke|p2|Tatsugiri, L50, M|\n|poke|p2|Corviknight, L50, M|\n|poke|p2|Ting-Lu, L50|\n|poke|p2|Glimmora, L50, M|\n|poke|p2|Flutter Mane, L50|\n|teampreview|4\njeffman323 has agreed to open team sheets.\n|inactive|Battle timer is ON: inactive players will automatically lose when time's up. (requested by marinkitagawa3)\n|\n|t:|1682533788\n|start\n|switch|p1a: Iron Hands|Iron Hands, L50|100\/100\n|switch|p1b: Hatterene|Hatterene, L50, F|100\/100\n|switch|p2a: Glimmora|Glimmora, L50, M|100\/100\n|switch|p2b: Ting-Lu|Ting-Lu, L50|100\/100\n|-ability|p2b: Ting-Lu|Vessel of Ruin\n|turn|1\n|\n|t:|1682533797\n|-terastallize|p2a: Glimmora|Grass\n|move|p1a: Iron Hands|Fake Out|p2b: Ting-Lu\n|-damage|p2b: Ting-Lu|91\/100\n|move|p2a: Glimmora|Mortal Spin|p1b: Hatterene|[spread] p1a,p1b\n|-supereffective|p1b: Hatterene\n|-damage|p1a: Iron Hands|98\/100\n|-damage|p1b: Hatterene|90\/100\n|-status|p1a: Iron Hands|psn\n|-status|p1b: Hatterene|psn\n|cant|p2b: Ting-Lu|flinch\n|move|p1b: Hatterene|Trick Room|p1b: Hatterene\n|-fieldstart|move: Trick Room|[of] p1b: Hatterene\n|\n|-damage|p1b: Hatterene|77\/100 psn|[from] psn\n|-damage|p1a: Iron Hands|86\/100 psn|[from] psn\n|upkeep\n|turn|2\n|\n|t:|1682533814\n|move|p1b: Hatterene|Dazzling Gleam|p2a: Glimmora|[spread] p2a,p2b\n|-supereffective|p2b: Ting-Lu\n|-damage|p2a: Glimmora|79\/100\n|-damage|p2b: Ting-Lu|55\/100\n|move|p1a: Iron Hands|Drain Punch|p2b: Ting-Lu\n|-supereffective|p2b: Ting-Lu\n|-damage|p2b: Ting-Lu|4\/100\n|-heal|p1a: Iron Hands|100\/100 psn|[from] drain|[of] p2b: Ting-Lu\n|-enditem|p2b: Ting-Lu|Sitrus Berry|[eat]\n|-heal|p2b: Ting-Lu|29\/100|[from] item: Sitrus Berry\n|move|p2b: Ting-Lu|Earthquake|p1b: Hatterene|[spread] p2a,p1a,p1b\n|-resisted|p2a: Glimmora\n|-supereffective|p1a: Iron Hands\n|-damage|p2a: Glimmora|60\/100\n|-damage|p1a: Iron Hands|59\/100 psn\n|-damage|p1b: Hatterene|35\/100 psn\n|-activate|p2a: Glimmora|ability: Toxic Debris\n|-sidestart|p1: jeffman323|move: Toxic Spikes\n|move|p2a: Glimmora|Venoshock|p1b: Hatterene\n|-supereffective|p1b: Hatterene\n|-damage|p1b: Hatterene|0 fnt\n|faint|p1b: Hatterene\n|\n|-damage|p1a: Iron Hands|47\/100 psn|[from] psn\n|upkeep\n|j| Piccolo Ruiz\n|\n|t:|1682533833\n|switch|p1b: Brute Bonnet|Brute Bonnet, L50|100\/100\n|-status|p1b: Brute Bonnet|psn\n|turn|3\n|\n|t:|1682533849\n|move|p2b: Ting-Lu|Protect|p2b: Ting-Lu\n|-singleturn|p2b: Ting-Lu|Protect\n|move|p1b: Brute Bonnet|Sucker Punch|p2a: Glimmora\n|-damage|p2a: Glimmora|19\/100\n|-activate|p2a: Glimmora|ability: Toxic Debris\n|-sidestart|p1: jeffman323|move: Toxic Spikes\n|move|p1a: Iron Hands|Drain Punch|p2a: Glimmora\n|-damage|p2a: Glimmora|0 fnt\n|-heal|p1a: Iron Hands|54\/100 psn|[from] drain|[of] p2a: Glimmora\n|faint|p2a: Glimmora\n|\n|-damage|p1a: Iron Hands|41\/100 psn|[from] psn\n|-damage|p1b: Brute Bonnet|88\/100 psn|[from] psn\n|upkeep\n|\n|t:|1682533858\n|switch|p2a: Dondozo|Dondozo, L50, M|100\/100\n|turn|4\n|\n|t:|1682533871\n|move|p2a: Dondozo|Protect|p2a: Dondozo\n|-singleturn|p2a: Dondozo|Protect\n|move|p1a: Iron Hands|Drain Punch|p2b: Ting-Lu\n|-supereffective|p2b: Ting-Lu\n|-damage|p2b: Ting-Lu|0 fnt\n|-heal|p1a: Iron Hands|56\/100 psn|[from] drain|[of] p2b: Ting-Lu\n|faint|p2b: Ting-Lu\n|move|p1b: Brute Bonnet|Spore|p2a: Dondozo\n|-activate|p2a: Dondozo|move: Protect\n|\n|-damage|p1a: Iron Hands|43\/100 psn|[from] psn\n|-damage|p1b: Brute Bonnet|76\/100 psn|[from] psn\n|upkeep\n|\n|t:|1682533880\n|switch|p2b: Tatsugiri|Tatsugiri, L50, M|100\/100\n|-activate|p2b: Tatsugiri|ability: Commander|[of] p2a: Dondozo\n|-boost|p2a: Dondozo|atk|2\n|-boost|p2a: Dondozo|spa|2\n|-boost|p2a: Dondozo|spe|2\n|-boost|p2a: Dondozo|def|2\n|-boost|p2a: Dondozo|spd|2\n|turn|5\n|\n|t:|1682533891\n|move|p2a: Dondozo|Protect||[still]\n|-fail|p2a: Dondozo\n|move|p1a: Iron Hands|Thunder Punch|p2a: Dondozo\n|-supereffective|p2a: Dondozo\n|-damage|p2a: Dondozo|68\/100\n|move|p1b: Brute Bonnet|Spore|p2a: Dondozo\n|-status|p2a: Dondozo|slp|[from] move: Spore\n|\n|-heal|p2a: Dondozo|74\/100 slp|[from] item: Leftovers\n|-damage|p1a: Iron Hands|31\/100 psn|[from] psn\n|-damage|p1b: Brute Bonnet|63\/100 psn|[from] psn\n|-fieldend|move: Trick Room\n|upkeep\n|turn|6\n|\n|t:|1682533904\n|cant|p2a: Dondozo|slp\n|move|p1b: Brute Bonnet|Bullet Seed|p2a: Dondozo\n|-supereffective|p2a: Dondozo\n|-damage|p2a: Dondozo|64\/100 slp\n|-supereffective|p2a: Dondozo\n|-damage|p2a: Dondozo|55\/100 slp\n|-supereffective|p2a: Dondozo\n|-damage|p2a: Dondozo|47\/100 slp\n|-supereffective|p2a: Dondozo\n|-damage|p2a: Dondozo|39\/100 slp\n|-supereffective|p2a: Dondozo\n|-damage|p2a: Dondozo|28\/100 slp\n|-hitcount|p2a: Dondozo|5\n|move|p1a: Iron Hands|Thunder Punch|p2a: Dondozo\n|-supereffective|p2a: Dondozo\n|-damage|p2a: Dondozo|0 fnt\n|faint|p2a: Dondozo\n|\n|-damage|p1b: Brute Bonnet|51\/100 psn|[from] psn\n|-damage|p1a: Iron Hands|19\/100 psn|[from] psn\n|upkeep\n|turn|7\n|j| NaughtyGirl-chan\n|\n|t:|1682533922\n|move|p1b: Brute Bonnet|Protect|p1b: Brute Bonnet\n|-singleturn|p1b: Brute Bonnet|Protect\n|move|p2b: Tatsugiri|Icy Wind|p1b: Brute Bonnet|[spread] p1a\n|-activate|p1b: Brute Bonnet|move: Protect\n|-damage|p1a: Iron Hands|10\/100 psn\n|-unboost|p1a: Iron Hands|spe|1\n|move|p1a: Iron Hands|Thunder Punch|p2b: Tatsugiri\n|-damage|p2b: Tatsugiri|20\/100\n|\n|-damage|p1b: Brute Bonnet|39\/100 psn|[from] psn\n|-damage|p1a: Iron Hands|0 fnt|[from] psn\n|faint|p1a: Iron Hands\n|-end|p1a: Iron Hands|Quark Drive|[silent]\n|upkeep\n|\n|t:|1682533927\n|switch|p1a: Kingambit|Kingambit, L50, F|100\/100\n|turn|8\n|\n|t:|1682533931\n|move|p1a: Kingambit|Sucker Punch|p2b: Tatsugiri\n|-crit|p2b: Tatsugiri\n|-damage|p2b: Tatsugiri|0 fnt\n|faint|p2b: Tatsugiri\n|\n|win|jeffman323\n|raw|jeffman323's rating: 1651 → 1672<\/strong> (+21 for winning)\n|raw|marinkitagawa3's rating: 1670 → 1649<\/strong> (-21 for losing)\n","uploadtime":1682533935,"views":10,"p1id":"jeffman323","p2id":"marinkitagawa3","formatid":"gen9vgc2023regulationc","rating":1649,"private":0,"password":""}