{"id":"gen9vgc2023regulationc-1864178119","p1":"revocolombia","p2":"Flytrapin","format":"[Gen 9] VGC 2023 Regulation C","log":"|j|\u2606revocolombia\n|j|\u2606Flytrapin\n|t:|1684130923\n|gametype|doubles\n|player|p1|revocolombia|pokemonranger-gen4|1234\n|player|p2|Flytrapin|alder|1275\n|teamsize|p1|6\n|teamsize|p2|6\n|gen|9\n|tier|[Gen 9] VGC 2023 Regulation C\n|rated|\n|rule|Species Clause: Limit one of each Pok\u00e9mon\n|rule|Item Clause: Limit one of each item\n|clearpoke\n|poke|p1|Flutter Mane, L50|\n|poke|p1|Annihilape, L50, F|\n|poke|p1|Dragonite, L50, M|\n|poke|p1|Chien-Pao, L50|\n|poke|p1|Murkrow, L50, M|\n|poke|p1|Chi-Yu, L50|\n|poke|p2|Scizor, L50, M|\n|poke|p2|Torkoal, L50, F|\n|poke|p2|Lycanroc, L50, M|\n|poke|p2|Tyranitar, L50, F|\n|poke|p2|Flutter Mane, L50|\n|poke|p2|Jumpluff, L50, F|\n|teampreview|4\n|inactive|Battle timer is ON: inactive players will automatically lose when time's up. (requested by Flytrapin)\n|\n|t:|1684130951\n|start\n|switch|p1a: Annihilape|Annihilape, L50, F, shiny|100\/100\n|switch|p1b: Murkrow|Murkrow, L50, M|100\/100\n|switch|p2a: Torkoal|Torkoal, L50, F|100\/100\n|switch|p2b: Jumpluff|Jumpluff, L50, F|100\/100\n|-weather|SunnyDay|[from] ability: Drought|[of] p2a: Torkoal\n|turn|1\n|\n|t:|1684130978\n|-terastallize|p1a: Annihilape|Fire\n|move|p1b: Murkrow|Taunt|p2b: Jumpluff\n|-start|p2b: Jumpluff|move: Taunt\n|move|p2b: Jumpluff|Pollen Puff|p1b: Murkrow\n|-damage|p1b: Murkrow|87\/100\n|move|p1a: Annihilape|Bulk Up|p1a: Annihilape\n|-boost|p1a: Annihilape|atk|1\n|-boost|p1a: Annihilape|def|1\n|move|p2a: Torkoal|Eruption|p1a: Annihilape|[spread] p1a,p1b\n|-resisted|p1a: Annihilape\n|-damage|p1a: Annihilape|74\/100\n|-damage|p1b: Murkrow|23\/100\n|\n|-weather|SunnyDay|[upkeep]\n|-heal|p1a: Annihilape|80\/100|[from] item: Leftovers\n|upkeep\n|turn|2\n|\n|t:|1684131002\n|switch|p2b: Lycanroc|Lycanroc, L50, M|100\/100\n|move|p1b: Murkrow|Tailwind|p1b: Murkrow\n|-sidestart|p1: revocolombia|move: Tailwind\n|move|p1a: Annihilape|Rage Fist|p2a: Torkoal\n|-damage|p2a: Torkoal|46\/100\n|move|p2a: Torkoal|Eruption|p1b: Murkrow|[spread] p1a,p1b\n|-resisted|p1a: Annihilape\n|-damage|p1a: Annihilape|68\/100\n|-damage|p1b: Murkrow|0 fnt\n|faint|p1b: Murkrow\n|\n|-weather|SunnyDay|[upkeep]\n|-heal|p1a: Annihilape|74\/100|[from] item: Leftovers\n|upkeep\n|\n|t:|1684131024\n|switch|p1b: Dragonite|Dragonite, L50, M|100\/100\n|turn|3\n|\n|t:|1684131037\n|move|p2b: Lycanroc|Quick Guard|p2b: Lycanroc\n|-singleturn|p2b: Lycanroc|Quick Guard\n|move|p1b: Dragonite|Extreme Speed|p2b: Lycanroc\n|-activate|p2b: Lycanroc|move: Quick Guard\n|move|p1a: Annihilape|Drain Punch|p2b: Lycanroc\n|-supereffective|p2b: Lycanroc\n|-enditem|p2b: Lycanroc|Focus Sash\n|-damage|p2b: Lycanroc|1\/100\n|-heal|p1a: Annihilape|100\/100|[from] drain|[of] p2b: Lycanroc\n|move|p2a: Torkoal|Will-O-Wisp|p1b: Dragonite\n|-status|p1b: Dragonite|brn\n|-enditem|p1b: Dragonite|Lum Berry|[eat]\n|-curestatus|p1b: Dragonite|brn|[msg]\n|\n|-weather|SunnyDay|[upkeep]\n|upkeep\n|turn|4\n|\n|t:|1684131059\n|move|p1b: Dragonite|Extreme Speed|p2b: Lycanroc\n|-resisted|p2b: Lycanroc\n|-damage|p2b: Lycanroc|0 fnt\n|faint|p2b: Lycanroc\n|move|p1a: Annihilape|Rage Fist|p2a: Torkoal\n|-damage|p2a: Torkoal|0 fnt\n|faint|p2a: Torkoal\n|\n|-weather|SunnyDay|[upkeep]\n|upkeep\n|\n|t:|1684131064\n|switch|p2b: Flutter Mane|Flutter Mane, L50|100\/100\n|switch|p2a: Jumpluff|Jumpluff, L50, F|100\/100\n|-activate|p2b: Flutter Mane|ability: Protosynthesis\n|-start|p2b: Flutter Mane|protosynthesisspe\n|turn|5\n|inactive|Flytrapin has 30 seconds left.\n|inactive|Flytrapin has 20 seconds left.\n|\n|t:|1684131102\n|-terastallize|p2b: Flutter Mane|Fairy\n|move|p1b: Dragonite|Extreme Speed|p2a: Jumpluff\n|-damage|p2a: Jumpluff|63\/100\n|move|p2a: Jumpluff|Strength Sap|p1b: Dragonite\n|-unboost|p1b: Dragonite|atk|1\n|-heal|p2a: Jumpluff|100\/100\n|move|p2b: Flutter Mane|Dazzling Gleam|p1a: Annihilape|[spread] p1a,p1b\n|-resisted|p1a: Annihilape\n|-supereffective|p1b: Dragonite\n|-damage|p1a: Annihilape|75\/100\n|-damage|p1b: Dragonite|31\/100\n|move|p1a: Annihilape|Rage Fist|p2b: Flutter Mane\n|-damage|p2b: Flutter Mane|0 fnt\n|faint|p2b: Flutter Mane\n|-end|p2b: Flutter Mane|Protosynthesis|[silent]\n|\n|-weather|none\n|-heal|p1a: Annihilape|81\/100|[from] item: Leftovers\n|-sideend|p1: revocolombia|move: Tailwind\n|upkeep\n|turn|6\n|inactive|revocolombia has 30 seconds left.\n|\n|t:|1684131127\n|move|p2a: Jumpluff|Encore|p1a: Annihilape\n|-start|p1a: Annihilape|Encore\n|move|p1b: Dragonite|Dragon Dance|p1b: Dragonite\n|-boost|p1b: Dragonite|atk|1\n|-boost|p1b: Dragonite|spe|1\n|move|p1a: Annihilape|Rage Fist|p2a: Jumpluff\n|-damage|p2a: Jumpluff|0 fnt\n|faint|p2a: Jumpluff\n|\n|win|revocolombia\n|raw|revocolombia's rating: 1234 → 1262<\/strong> (+28 for winning)\n|raw|Flytrapin's rating: 1275 → 1247<\/strong> (-28 for losing)\n|l|\u2606Flytrapin\n","uploadtime":1684131139,"views":6,"p1id":"revocolombia","p2id":"flytrapin","formatid":"gen9vgc2023regulationc","rating":1247,"private":0,"password":""}