{"id":"gen9vgc2023regulationc-1853268099","p1":"Chi U R Dead","p2":"19402u","format":"[Gen 9] VGC 2023 Regulation C","log":"|j|\u2606Chi U R Dead\n|j|\u260619402u\n|t:|1682657873\n|gametype|doubles\n|player|p1|Chi U R Dead|170|1722\n|player|p2|19402u|170|1682\n|teamsize|p1|6\n|teamsize|p2|6\n|gen|9\n|tier|[Gen 9] VGC 2023 Regulation C\n|rated|\n|rule|Species Clause: Limit one of each Pok\u00e9mon\n|rule|Item Clause: Limit one of each item\n|clearpoke\n|poke|p1|Palafin, L50, M|\n|poke|p1|Arcanine, L50, M|\n|poke|p1|Amoonguss, L50, F|\n|poke|p1|Flutter Mane, L50|\n|poke|p1|Ting-Lu, L50|\n|poke|p1|Bronzong, L50|\n|poke|p2|Glimmora, L50, M|\n|poke|p2|Dragonite, L50, M|\n|poke|p2|Dondozo, L50, M|\n|poke|p2|Tatsugiri, L50, F|\n|poke|p2|Chi-Yu, L50|\n|poke|p2|Iron Bundle, L50|\n|teampreview|4\n|j| LC77777\n19402u has agreed to open team sheets.\nChi U R Dead has agreed to open team sheets.\n|j| THUNDERSND77\n|\n|t:|1682657927\n|start\n|switch|p1a: Bronzong|Bronzong, L50|100\/100\n|switch|p1b: Ting-Lu|Ting-Lu, L50|100\/100\n|switch|p2a: Dondozo|Dondozo, L50, M|100\/100\n|switch|p2b: Iron Bundle|Iron Bundle, L50, shiny|100\/100\n|-ability|p1b: Ting-Lu|Vessel of Ruin\n|-enditem|p2b: Iron Bundle|Booster Energy\n|-activate|p2b: Iron Bundle|ability: Quark Drive|[fromitem]\n|-start|p2b: Iron Bundle|quarkdrivespe\n|turn|1\n|inactive|Battle timer is ON: inactive players will automatically lose when time's up. (requested by Chi U R Dead)\n|\n|t:|1682657955\n|move|p2b: Iron Bundle|Freeze-Dry|p1b: Ting-Lu\n|-supereffective|p1b: Ting-Lu\n|-damage|p1b: Ting-Lu|68\/100\n|move|p2a: Dondozo|Wave Crash|p1b: Ting-Lu\n|-supereffective|p1b: Ting-Lu\n|-crit|p1b: Ting-Lu\n|-damage|p1b: Ting-Lu|0 fnt\n|faint|p1b: Ting-Lu\n|-damage|p2a: Dondozo|76\/100|[from] Recoil\n|move|p1a: Bronzong|Iron Defense|p1a: Bronzong\n|-boost|p1a: Bronzong|def|2\n|\n|-heal|p2a: Dondozo|82\/100|[from] item: Leftovers\n|upkeep\n|\n|t:|1682657964\n|switch|p1b: Amoonguss|Amoonguss, L50, F|100\/100\n|turn|2\n|inactive|19402u has 30 seconds left.\n|\n|t:|1682657993\n|move|p2b: Iron Bundle|Protect|p2b: Iron Bundle\n|-singleturn|p2b: Iron Bundle|Protect\n|move|p2a: Dondozo|Wave Crash|p1b: Amoonguss\n|-resisted|p1b: Amoonguss\n|-damage|p1b: Amoonguss|79\/100\n|-damage|p2a: Dondozo|75\/100|[from] Recoil\n|move|p1b: Amoonguss|Spore|p2a: Dondozo\n|-status|p2a: Dondozo|slp|[from] move: Spore\n|move|p1a: Bronzong|Body Press|p2b: Iron Bundle\n|-activate|p2b: Iron Bundle|move: Protect\n|\n|-heal|p2a: Dondozo|81\/100 slp|[from] item: Leftovers\n|upkeep\n|turn|3\n|\n|t:|1682658013\n|switch|p1b: Flutter Mane|Flutter Mane, L50|100\/100\n|-enditem|p1b: Flutter Mane|Booster Energy\n|-activate|p1b: Flutter Mane|ability: Protosynthesis|[fromitem]\n|-start|p1b: Flutter Mane|protosynthesisspa\n|move|p2b: Iron Bundle|Freeze-Dry|p1b: Flutter Mane\n|-damage|p1b: Flutter Mane|65\/100\n|cant|p2a: Dondozo|slp\n|move|p1a: Bronzong|Body Press|p2b: Iron Bundle\n|-supereffective|p2b: Iron Bundle\n|-damage|p2b: Iron Bundle|0 fnt\n|faint|p2b: Iron Bundle\n|-end|p2b: Iron Bundle|Quark Drive|[silent]\n|\n|-heal|p2a: Dondozo|87\/100 slp|[from] item: Leftovers\n|upkeep\n|\n|t:|1682658037\n|switch|p2b: Chi-Yu|Chi-Yu, L50|100\/100\n|-ability|p2b: Chi-Yu|Beads of Ruin\n|turn|4\n|inactive|Chi U R Dead has 30 seconds left.\n|\n|t:|1682658062\n|move|p2b: Chi-Yu|Protect|p2b: Chi-Yu\n|-singleturn|p2b: Chi-Yu|Protect\n|move|p1b: Flutter Mane|Dazzling Gleam|p2b: Chi-Yu|[spread] p2a\n|-activate|p2b: Chi-Yu|move: Protect\n|-damage|p2a: Dondozo|37\/100 slp\n|-curestatus|p2a: Dondozo|slp|[msg]\n|move|p2a: Dondozo|Wave Crash|p1b: Flutter Mane\n|-damage|p1b: Flutter Mane|0 fnt\n|faint|p1b: Flutter Mane\n|-end|p1b: Flutter Mane|Protosynthesis|[silent]\n|-damage|p2a: Dondozo|24\/100|[from] Recoil\n|move|p1a: Bronzong|Body Press|p2b: Chi-Yu\n|-activate|p2b: Chi-Yu|move: Protect\n|\n|-heal|p2a: Dondozo|30\/100|[from] item: Leftovers\n|upkeep\n|\n|t:|1682658065\n|switch|p1b: Amoonguss|Amoonguss, L50, F|100\/100\n|turn|5\n|inactive|Chi U R Dead has 30 seconds left.\n|inactive|19402u has 30 seconds left.\n|inactive|Chi U R Dead has 20 seconds left.\n|inactive|19402u has 20 seconds left.\n|inactive|Chi U R Dead has 15 seconds left.\n|inactive|Chi U R Dead has 10 seconds left.\n|inactive|Chi U R Dead has 5 seconds left.\n|inactive|19402u has 15 seconds left.\n|\n|t:|1682658119\n|-terastallize|p1a: Bronzong|Grass\n|move|p2b: Chi-Yu|Overheat|p1a: Bronzong\n|-supereffective|p1a: Bronzong\n|-damage|p1a: Bronzong|0 fnt\n|-unboost|p2b: Chi-Yu|spa|2\n|faint|p1a: Bronzong\n|move|p2a: Dondozo|Wave Crash|p1b: Amoonguss\n|-resisted|p1b: Amoonguss\n|-damage|p1b: Amoonguss|80\/100\n|-damage|p2a: Dondozo|23\/100|[from] Recoil\n|move|p1b: Amoonguss|Spore|p2b: Chi-Yu\n|-status|p2b: Chi-Yu|slp|[from] move: Spore\n|\n|-heal|p2a: Dondozo|29\/100|[from] item: Leftovers\n|upkeep\n|turn|6\n|-message|Chi U R Dead forfeited.\n|\n|win|19402u\n|raw|Chi U R Dead's rating: 1722 → 1700<\/strong> (-22 for losing)\n|raw|19402u's rating: 1682 → 1704<\/strong> (+22 for winning)\n|l|\u2606Chi U R Dead\n|l| LC77777\n","uploadtime":1682658129,"views":9,"p1id":"chiurdead","p2id":"19402u","formatid":"gen9vgc2023regulationc","rating":1700,"private":0,"password":""}