{"id":"gen9vgc2023regulationc-1861019199","p1":"Karajony","p2":"iuubhbhvl","format":"[Gen 9] VGC 2023 Regulation C","log":"|j|\u2606Karajony\n|j|\u2606iuubhbhvl\n|t:|1683715383\n|gametype|doubles\n|player|p1|Karajony|worker-gen4|1413\n|player|p2|iuubhbhvl|red|1492\n|teamsize|p1|6\n|teamsize|p2|6\n|gen|9\n|tier|[Gen 9] VGC 2023 Regulation C\n|rated|\n|rule|Species Clause: Limit one of each Pok\u00e9mon\n|rule|Item Clause: Limit one of each item\n|clearpoke\n|poke|p1|Bronzong, L50|\n|poke|p1|Flutter Mane, L50|\n|poke|p1|Ting-Lu, L50|\n|poke|p1|Dragonite, L50, M|\n|poke|p1|Arcanine, L50, M|\n|poke|p1|Corviknight, L50, F|\n|poke|p2|Flutter Mane, L50|\n|poke|p2|Great Tusk, L50|\n|poke|p2|Arcanine, L50, M|\n|poke|p2|Torkoal, L50, M|\n|poke|p2|Iron Hands, L50|\n|poke|p2|Amoonguss, L50, M|\n|teampreview|4\n|inactive|Battle timer is ON: inactive players will automatically lose when time's up. (requested by Karajony)\n|inactive|iuubhbhvl has 60 seconds left.\n|\n|t:|1683715419\n|start\n|switch|p1a: Ting-Lu|Ting-Lu, L50|100\/100\n|switch|p1b: Dragonite|Dragonite, L50, M|100\/100\n|switch|p2a: Flutter Mane|Flutter Mane, L50|100\/100\n|switch|p2b: Great Tusk|Great Tusk, L50|100\/100\n|-ability|p1a: Ting-Lu|Vessel of Ruin\n|turn|1\n|inactive|Karajony has 30 seconds left.\n|inactive|Karajony has 20 seconds left.\n|\n|t:|1683715455\n|-terastallize|p1b: Dragonite|Flying\n|move|p2b: Great Tusk|Close Combat|p1a: Ting-Lu\n|-supereffective|p1a: Ting-Lu\n|-damage|p1a: Ting-Lu|23\/100\n|-unboost|p2b: Great Tusk|def|1\n|-unboost|p2b: Great Tusk|spd|1\n|move|p1b: Dragonite|Tera Blast|p2b: Great Tusk\n|-supereffective|p2b: Great Tusk\n|-enditem|p2b: Great Tusk|Focus Sash\n|-damage|p2b: Great Tusk|1\/100\n|move|p1a: Ting-Lu|Earthquake|p2a: Flutter Mane|[spread] p2a,p2b\n|-immune|p1b: Dragonite\n|-damage|p2a: Flutter Mane|60\/100\n|-damage|p2b: Great Tusk|0 fnt\n|faint|p2b: Great Tusk\n|-end|p2b: Great Tusk|Protosynthesis|[silent]\n|move|p2a: Flutter Mane|Trick Room|p2a: Flutter Mane\n|-fieldstart|move: Trick Room|[of] p2a: Flutter Mane\n|\n|upkeep\n|\n|t:|1683715473\n|switch|p2b: Torkoal|Torkoal, L50, M|100\/100\n|-weather|SunnyDay|[from] ability: Drought|[of] p2b: Torkoal\n|-activate|p2a: Flutter Mane|ability: Protosynthesis\n|-start|p2a: Flutter Mane|protosynthesisspa\n|turn|2\n|\n|t:|1683715485\n|-terastallize|p2b: Torkoal|Fire\n|move|p2b: Torkoal|Eruption|p1a: Ting-Lu|[spread] p1a,p1b\n|-damage|p1a: Ting-Lu|0 fnt\n|-damage|p1b: Dragonite|59\/100\n|faint|p1a: Ting-Lu\n|move|p2a: Flutter Mane|Shadow Ball|p1b: Dragonite\n|-damage|p1b: Dragonite|19\/100\n|move|p1b: Dragonite|Tera Blast|p2b: Torkoal\n|-damage|p2b: Torkoal|25\/100\n|\n|-weather|SunnyDay|[upkeep]\n|upkeep\n|\n|t:|1683715498\n|switch|p1a: Arcanine|Arcanine, L50, M|100\/100\n|-ability|p1a: Arcanine|Intimidate|boost\n|-unboost|p2a: Flutter Mane|atk|1\n|-unboost|p2b: Torkoal|atk|1\n|turn|3\n|\n|t:|1683715508\n|switch|p1b: Bronzong|Bronzong, L50|100\/100\n|move|p1a: Arcanine|Protect|p1a: Arcanine\n|-singleturn|p1a: Arcanine|Protect\n|move|p2b: Torkoal|Heat Wave|p1a: Arcanine|[spread] p1b\n|-activate|p1a: Arcanine|move: Protect\n|-supereffective|p1b: Bronzong\n|-damage|p1b: Bronzong|0 fnt\n|faint|p1b: Bronzong\n|move|p2a: Flutter Mane|Shadow Ball|p1a: Arcanine\n|-activate|p1a: Arcanine|move: Protect\n|\n|-weather|SunnyDay|[upkeep]\n|upkeep\n|\n|t:|1683715520\n|switch|p1b: Dragonite|Dragonite, L50, M, tera:Flying|19\/100\n|turn|4\n|\n|t:|1683715527\n|move|p1b: Dragonite|Extreme Speed|p2b: Torkoal\n|-damage|p2b: Torkoal|0 fnt\n|faint|p2b: Torkoal\n|move|p2a: Flutter Mane|Shadow Ball|p1a: Arcanine\n|-damage|p1a: Arcanine|58\/100\n|move|p1a: Arcanine|Flare Blitz|p2a: Flutter Mane\n|-damage|p2a: Flutter Mane|0 fnt\n|faint|p2a: Flutter Mane\n|-end|p2a: Flutter Mane|Protosynthesis|[silent]\n|-damage|p1a: Arcanine|42\/100|[from] Recoil\n|\n|-weather|SunnyDay|[upkeep]\n|upkeep\n|\n|t:|1683715536\n|switch|p2b: Arcanine|Arcanine, L50, M|100\/100\n|-ability|p2b: Arcanine|Intimidate|boost\n|-unboost|p1a: Arcanine|atk|1\n|-unboost|p1b: Dragonite|atk|1\n|turn|5\n|\n|t:|1683715544\n|move|p1b: Dragonite|Extreme Speed|p2b: Arcanine\n|-damage|p2b: Arcanine|69\/100\n|move|p2b: Arcanine|Will-O-Wisp|p1b: Dragonite\n|-status|p1b: Dragonite|brn\n|move|p1a: Arcanine|Morning Sun|p1a: Arcanine\n|-heal|p1a: Arcanine|100\/100\n|\n|-weather|SunnyDay|[upkeep]\n|-damage|p1b: Dragonite|13\/100 brn|[from] brn\n|-fieldend|move: Trick Room\n|upkeep\n|turn|6\n|-message|iuubhbhvl forfeited.\n|\n|win|Karajony\n|raw|Karajony's rating: 1413 → 1437<\/strong> (+24 for winning)\n|raw|iuubhbhvl's rating: 1492 → 1468<\/strong> (-24 for losing)\n|l|\u2606iuubhbhvl\n||Ladder isn't responding, score probably updated but might not have (Request timeout).\n","uploadtime":1683715726,"views":16,"p1id":"karajony","p2id":"iuubhbhvl","formatid":"gen9vgc2023regulationc","rating":1437,"private":0,"password":""}