{"id":"gen9vgc2023regulationc-1846205339","p1":"hasan123456","p2":"LimeadeGuy","format":"[Gen 9] VGC 2023 Regulation C","log":"|j|\u2606hasan123456\n|j|\u2606LimeadeGuy\n|t:|1681821013\n|gametype|doubles\n|player|p1|hasan123456|266|1116\n|player|p2|LimeadeGuy|gentleman-gen4|1050\n|teamsize|p1|6\n|teamsize|p2|6\n|gen|9\n|tier|[Gen 9] VGC 2023 Regulation C\n|rated|\n|rule|Species Clause: Limit one of each Pok\u00e9mon\n|rule|Item Clause: Limit one of each item\n|clearpoke\n|poke|p1|Azumarill, L50, M|\n|poke|p1|Chi-Yu, L50|\n|poke|p1|Dachsbun, L50, F|\n|poke|p1|Sableye, L50, M|\n|poke|p1|Wo-Chien, L50|\n|poke|p1|Hatterene, L50, F|\n|poke|p2|Torkoal, L50, F|\n|poke|p2|Bronzong, L50|\n|poke|p2|Breloom, L50, M|\n|poke|p2|Abomasnow, L50, F|\n|poke|p2|Maushold-Four, L50|\n|poke|p2|Iron Bundle, L50|\n|teampreview|4\n|\n|t:|1681821035\n|start\n|switch|p1a: Chi-Yu|Chi-Yu, L50|100\/100\n|switch|p1b: Dachsbun|Dachsbun, L50, F|100\/100\n|switch|p2a: Fe10|Iron Bundle, L50|100\/100\n|switch|p2b: bronzdong v2|Bronzong, L50|100\/100\n|-ability|p1a: Chi-Yu|Beads of Ruin\n|-enditem|p2a: Fe10|Booster Energy\n|-activate|p2a: Fe10|ability: Quark Drive|[fromitem]\n|-start|p2a: Fe10|quarkdrivespa\n|turn|1\n|\n|t:|1681821055\n|move|p1a: Chi-Yu|Lava Plume|p2a: Fe10|[spread] p2a,p2b\n|-ability|p1b: Dachsbun|Well-Baked Body|boost\n|-boost|p1b: Dachsbun|def|2\n|-supereffective|p2b: bronzdong v2\n|-damage|p2a: Fe10|45\/100\n|-damage|p2b: bronzdong v2|58\/100\n|-status|p2b: bronzdong v2|brn\n|move|p2a: Fe10|Hydro Pump|p1a: Chi-Yu\n|-supereffective|p1a: Chi-Yu\n|-damage|p1a: Chi-Yu|0 fnt\n|faint|p1a: Chi-Yu\n|move|p1b: Dachsbun|Body Press|p2a: Fe10\n|-supereffective|p2a: Fe10\n|-damage|p2a: Fe10|0 fnt\n|faint|p2a: Fe10\n|-end|p2a: Fe10|Quark Drive|[silent]\n|move|p2b: bronzdong v2|Trick Room|p2b: bronzdong v2\n|-fieldstart|move: Trick Room|[of] p2b: bronzdong v2\n|\n|-damage|p2b: bronzdong v2|55\/100 brn|[from] brn\n|upkeep\n|\n|t:|1681821071\n|switch|p2a: BIG MAN|Torkoal, L50, F|100\/100\n|switch|p1a: Hatterene|Hatterene, L50, F|100\/100\n|-weather|SunnyDay|[from] ability: Drought|[of] p2a: BIG MAN\n|turn|2\n|\n|t:|1681821105\n|-terastallize|p2a: BIG MAN|Fire\n|-terastallize|p1a: Hatterene|Dark\n|move|p2a: BIG MAN|Eruption|p1a: Hatterene|[spread] p1a\n|-ability|p1b: Dachsbun|Well-Baked Body|boost\n|-boost|p1b: Dachsbun|def|2\n|-damage|p1a: Hatterene|0 fnt\n|faint|p1a: Hatterene\n|move|p2b: bronzdong v2|Body Slam|p1b: Dachsbun\n|-damage|p1b: Dachsbun|97\/100\n|move|p1b: Dachsbun|Body Press|p2b: bronzdong v2\n|-damage|p2b: bronzdong v2|0 fnt\n|faint|p2b: bronzdong v2\n|\n|-weather|SunnyDay|[upkeep]\n|-heal|p1b: Dachsbun|100\/100|[from] item: Leftovers\n|upkeep\n|\n|t:|1681821119\n|switch|p1a: Wo-Chien|Wo-Chien, L50|100\/100\n|switch|p2b: shroom|Breloom, L50, M|100\/100\n|-ability|p1a: Wo-Chien|Tablets of Ruin\n|turn|3\n|\n|t:|1681821131\n|move|p1a: Wo-Chien|Protect|p1a: Wo-Chien\n|-singleturn|p1a: Wo-Chien|Protect\n|move|p2a: BIG MAN|Eruption|p1b: Dachsbun|[spread] \n|-activate|p1a: Wo-Chien|move: Protect\n|-ability|p1b: Dachsbun|Well-Baked Body|boost\n|-boost|p1b: Dachsbun|def|2\n|move|p1b: Dachsbun|Body Press|p2b: shroom\n|-damage|p2b: shroom|0 fnt\n|faint|p2b: shroom\n|\n|-weather|SunnyDay|[upkeep]\n|upkeep\n|turn|4\n|\n|t:|1681821145\n|move|p2a: BIG MAN|Eruption|p1b: Dachsbun|[spread] p1a\n|-immune|p1b: Dachsbun|[from] ability: Well-Baked Body\n|-supereffective|p1a: Wo-Chien\n|-damage|p1a: Wo-Chien|0 fnt\n|faint|p1a: Wo-Chien\n|move|p1b: Dachsbun|Body Press|p2a: BIG MAN\n|-damage|p2a: BIG MAN|22\/100\n|\n|-weather|SunnyDay|[upkeep]\n|upkeep\n|turn|5\n|\n|t:|1681821155\n|move|p2a: BIG MAN|Eruption|p1b: Dachsbun\n|-immune|p1b: Dachsbun|[from] ability: Well-Baked Body\n|move|p1b: Dachsbun|Body Press|p2a: BIG MAN\n|-damage|p2a: BIG MAN|0 fnt\n|faint|p2a: BIG MAN\n|\n|win|hasan123456\n|raw|hasan123456's rating: 1116 → 1136<\/strong> (+20 for winning)\n|raw|LimeadeGuy's rating: 1050 → 1036<\/strong> (-14 for losing)\n|l|\u2606hasan123456\n","uploadtime":1681821177,"views":8,"p1id":"hasan123456","p2id":"limeadeguy","formatid":"gen9vgc2023regulationc","rating":1036,"private":0,"password":""}