{"id":"gen9vgc2023regulationc-1857271166","p1":"aaduvgc","p2":"JumboJoshVGC","format":"[Gen 9] VGC 2023 Regulation C","log":"|j|\u2606aaduvgc\n|j|\u2606JumboJoshVGC\n|t:|1683166039\n|gametype|doubles\n|player|p1|aaduvgc|169|1506\n|player|p2|JumboJoshVGC|colress|1567\n|teamsize|p1|6\n|teamsize|p2|6\n|gen|9\n|tier|[Gen 9] VGC 2023 Regulation C\n|rated|\n|rule|Species Clause: Limit one of each Pok\u00e9mon\n|rule|Item Clause: Limit one of each item\n|clearpoke\n|poke|p1|Dondozo, L50, M|\n|poke|p1|Iron Bundle, L50|\n|poke|p1|Gholdengo, L50|\n|poke|p1|Tatsugiri, L50, F|\n|poke|p1|Dragonite, L50, M|\n|poke|p1|Chien-Pao, L50|\n|poke|p2|Tyranitar, L50, M|\n|poke|p2|Houndstone, L50, F|\n|poke|p2|Garchomp, L50, F|\n|poke|p2|Flutter Mane, L50|\n|poke|p2|Gyarados, L50, F|\n|poke|p2|Amoonguss, L50, M|\n|teampreview|4\n|\n|t:|1683166091\n|start\n|switch|p1a: Iron Bundle|Iron Bundle, L50, shiny|100\/100\n|switch|p1b: Gholdengo|Gholdengo, L50|100\/100\n|switch|p2a: Gyarados|Gyarados, L50, F|100\/100\n|switch|p2b: Flutter Mane|Flutter Mane, L50|100\/100\n|-ability|p2a: Gyarados|Intimidate|boost\n|-unboost|p1a: Iron Bundle|atk|1\n|-unboost|p1b: Gholdengo|atk|1\n|-enditem|p1a: Iron Bundle|Booster Energy\n|-activate|p1a: Iron Bundle|ability: Quark Drive|[fromitem]\n|-start|p1a: Iron Bundle|quarkdrivespe\n|turn|1\n|\n|t:|1683166106\n|-terastallize|p2a: Gyarados|Steel\n|move|p1a: Iron Bundle|Icy Wind|p2a: Gyarados|[spread] p2b\n|-miss|p1a: Iron Bundle|p2a: Gyarados\n|-damage|p2b: Flutter Mane|82\/100\n|-unboost|p2b: Flutter Mane|spe|1\n|move|p1b: Gholdengo|Make It Rain|p2b: Flutter Mane|[spread] p2a,p2b\n|-resisted|p2a: Gyarados\n|-supereffective|p2b: Flutter Mane\n|-damage|p2a: Gyarados|72\/100\n|-damage|p2b: Flutter Mane|0 fnt\n|-unboost|p1b: Gholdengo|spa|1\n|faint|p2b: Flutter Mane\n|-end|p2b: Flutter Mane|Protosynthesis|[silent]\n|move|p2a: Gyarados|Thunder Wave|p1a: Iron Bundle\n|-status|p1a: Iron Bundle|par\n|\n|upkeep\n|\n|t:|1683166121\n|switch|p2b: Houndstone|Houndstone, L50, F|100\/100\n|turn|2\n|\n|t:|1683166131\n|switch|p2a: Amoonguss|Amoonguss, L50, M|100\/100\n|move|p1a: Iron Bundle|Hydro Pump|p2a: Amoonguss\n|-resisted|p2a: Amoonguss\n|-damage|p2a: Amoonguss|75\/100\n|move|p1b: Gholdengo|Make It Rain|p2a: Amoonguss|[spread] p2a,p2b\n|-damage|p2a: Amoonguss|35\/100\n|-damage|p2b: Houndstone|47\/100\n|-unboost|p1b: Gholdengo|spa|1\n|-enditem|p2a: Amoonguss|Sitrus Berry|[eat]\n|-heal|p2a: Amoonguss|60\/100|[from] item: Sitrus Berry\n|move|p2b: Houndstone|Last Respects|p1b: Gholdengo\n|-supereffective|p1b: Gholdengo\n|-damage|p1b: Gholdengo|0 fnt\n|faint|p1b: Gholdengo\n|\n|upkeep\n|\n|t:|1683166148\n|switch|p1b: Dondozo|Dondozo, L50, M|100\/100\n|turn|3\n|\n|t:|1683166162\n|switch|p2b: Gyarados|Gyarados, L50, F, tera:Steel|72\/100\n|-ability|p2b: Gyarados|Intimidate|boost\n|-unboost|p1a: Iron Bundle|atk|1\n|-fail|p1b: Dondozo|unboost|Attack|[from] ability: Oblivious|[of] p1b: Dondozo\n|move|p1b: Dondozo|Protect|p1b: Dondozo\n|-singleturn|p1b: Dondozo|Protect\n|cant|p1a: Iron Bundle|par\n|move|p2a: Amoonguss|Spore|p1b: Dondozo\n|-activate|p1b: Dondozo|move: Protect\n|\n|upkeep\n|turn|4\n|\n|t:|1683166191\n|switch|p1b: Tatsugiri|Tatsugiri, L50, F|100\/100\n|cant|p1a: Iron Bundle|par\n|move|p2b: Gyarados|Iron Head|p1a: Iron Bundle\n|-damage|p1a: Iron Bundle|54\/100 par\n|move|p2a: Amoonguss|Spore|p1b: Tatsugiri\n|-status|p1b: Tatsugiri|slp|[from] move: Spore\n|\n|upkeep\n|turn|5\n|\n|t:|1683166227\n|cant|p1b: Tatsugiri|slp\n|move|p1b: Tatsugiri|Sleep Talk|p1b: Tatsugiri\n|move|p1b: Tatsugiri|Draco Meteor|p2b: Gyarados|[from]move: Sleep Talk\n|-resisted|p2b: Gyarados\n|-damage|p2b: Gyarados|46\/100\n|-unboost|p1b: Tatsugiri|spa|2\n|move|p1a: Iron Bundle|Freeze-Dry|p2a: Amoonguss\n|-supereffective|p2a: Amoonguss\n|-damage|p2a: Amoonguss|0 fnt\n|faint|p2a: Amoonguss\n|move|p2b: Gyarados|Iron Head|p1a: Iron Bundle\n|-damage|p1a: Iron Bundle|5\/100 par\n|\n|upkeep\n|\n|t:|1683166238\n|switch|p2a: Houndstone|Houndstone, L50, F|47\/100\n|turn|6\n|\n|t:|1683166250\n|-end|p1a: Iron Bundle|Quark Drive|[silent]\n|switch|p1a: Dondozo|Dondozo, L50, M|100\/100\n|-activate|p1b: Tatsugiri|ability: Commander|[of] p1a: Dondozo\n|-boost|p1a: Dondozo|atk|2\n|-boost|p1a: Dondozo|spa|2\n|-boost|p1a: Dondozo|spe|2\n|-boost|p1a: Dondozo|def|2\n|-boost|p1a: Dondozo|spd|2\n|move|p2b: Gyarados|Iron Head|p1a: Dondozo\n|-resisted|p1a: Dondozo\n|-damage|p1a: Dondozo|93\/100\n|move|p2a: Houndstone|Last Respects|p1b: Tatsugiri|[miss]\n|-miss|p2a: Houndstone|p1b: Tatsugiri\n|\n|upkeep\n|turn|7\n|\n|t:|1683166265\n|move|p1a: Dondozo|Wave Crash|p2a: Houndstone\n|-damage|p2a: Houndstone|0 fnt\n|faint|p2a: Houndstone\n|-damage|p1a: Dondozo|82\/100|[from] Recoil\n|-damage|p1a: Dondozo|72\/100|[from] item: Life Orb\n|move|p2b: Gyarados|Thunder Wave|p1a: Dondozo|[miss]\n|-miss|p2b: Gyarados|p1a: Dondozo\n|\n|upkeep\n|turn|8\n|-message|JumboJoshVGC forfeited.\n|\n|win|aaduvgc\n|raw|aaduvgc's rating: 1506 → 1529<\/strong> (+23 for winning)\n|raw|JumboJoshVGC's rating: 1567 → 1544<\/strong> (-23 for losing)\n|l|\u2606JumboJoshVGC\n","uploadtime":1683166476,"views":10,"p1id":"aaduvgc","p2id":"jumbojoshvgc","formatid":"gen9vgc2023regulationc","rating":1529,"private":0,"password":""}