{"id":"gen9vgc2023regulationc-1852403682","p1":"Silver33534","p2":"omgiloveEboys","format":"[Gen 9] VGC 2023 Regulation C","log":"|j|\u2606Silver33534\n|j|\u2606omgiloveEboys\n|t:|1682553370\n|gametype|doubles\n|player|p1|Silver33534|gambler|1192\n|player|p2|omgiloveEboys|saturn|1102\n|teamsize|p1|6\n|teamsize|p2|6\n|gen|9\n|tier|[Gen 9] VGC 2023 Regulation C\n|rated|\n|rule|Species Clause: Limit one of each Pok\u00e9mon\n|rule|Item Clause: Limit one of each item\n|clearpoke\n|poke|p1|Roaring Moon, L50|\n|poke|p1|Garchomp, L50, M|\n|poke|p1|Iron Hands, L50|\n|poke|p1|Brute Bonnet, L50|\n|poke|p1|Flutter Mane, L50|\n|poke|p1|Chien-Pao, L50|\n|poke|p2|Ting-Lu, L50|\n|poke|p2|Chien-Pao, L50|\n|poke|p2|Amoonguss, L50, F|\n|poke|p2|Arcanine, L50, M|\n|poke|p2|Cyclizar, L50, M|\n|poke|p2|Palafin, L50, F|\n|teampreview|4\n|inactive|Battle timer is ON: inactive players will automatically lose when time's up. (requested by Silver33534)\nSilver33534 has agreed to open team sheets.\n|inactive|Silver33534 has 60 seconds left.\n|\n|t:|1682553409\n|start\n|switch|p1a: Garchomp|Garchomp, L50, M|100\/100\n|switch|p1b: Roaring Moon|Roaring Moon, L50|100\/100\n|switch|p2a: Chien-Pao|Chien-Pao, L50|100\/100\n|switch|p2b: Palafin|Palafin, L50, F|100\/100\n|-ability|p2a: Chien-Pao|Sword of Ruin\n|-enditem|p1b: Roaring Moon|Booster Energy\n|-activate|p1b: Roaring Moon|ability: Protosynthesis|[fromitem]\n|-start|p1b: Roaring Moon|protosynthesisatk\n|turn|1\n|inactive|omgiloveEboys has 30 seconds left.\n|\n|t:|1682553445\n|move|p1a: Garchomp|Protect|p1a: Garchomp\n|-singleturn|p1a: Garchomp|Protect\n|move|p2a: Chien-Pao|Swords Dance|p2a: Chien-Pao\n|-boost|p2a: Chien-Pao|atk|2\n|move|p1b: Roaring Moon|Tailwind|p1b: Roaring Moon\n|-sidestart|p1: Silver33534|move: Tailwind\n|move|p2b: Palafin|Ice Punch|p1a: Garchomp\n|-activate|p1a: Garchomp|move: Protect\n|\n|upkeep\n|turn|2\n|\n|t:|1682553464\n|detailschange|p2b: Palafin|Palafin-Hero, L50, F\n|switch|p2b: Amoonguss|Amoonguss, L50, F|100\/100\n|move|p1b: Roaring Moon|Protect|p1b: Roaring Moon\n|-singleturn|p1b: Roaring Moon|Protect\n|move|p1a: Garchomp|Earthquake|p2b: Amoonguss|[spread] p2a,p2b\n|-activate|p1b: Roaring Moon|move: Protect\n|-damage|p2a: Chien-Pao|46\/100\n|-damage|p2b: Amoonguss|52\/100\n|move|p2a: Chien-Pao|Ice Spinner|p1a: Garchomp\n|-supereffective|p1a: Garchomp\n|-damage|p1a: Garchomp|0 fnt\n|faint|p1a: Garchomp\n|\n|-heal|p2b: Amoonguss|58\/100|[from] item: Black Sludge\n|upkeep\n|\n|t:|1682553475\n|switch|p1a: Iron Hands|Iron Hands, L50|100\/100\n|turn|3\n|\n|t:|1682553497\n|move|p1a: Iron Hands|Fake Out|p2a: Chien-Pao\n|-crit|p2a: Chien-Pao\n|-damage|p2a: Chien-Pao|9\/100\n|move|p1b: Roaring Moon|Acrobatics|p2b: Amoonguss\n|-supereffective|p2b: Amoonguss\n|-damage|p2b: Amoonguss|0 fnt\n|faint|p2b: Amoonguss\n|cant|p2a: Chien-Pao|flinch\n|\n|upkeep\n|\n|t:|1682553504\n|switch|p2b: Arcanine|Arcanine, L50, M|100\/100\n|-ability|p2b: Arcanine|Intimidate|boost\n|-unboost|p1a: Iron Hands|atk|1\n|-unboost|p1b: Roaring Moon|atk|1\n|turn|4\n|\n|t:|1682553518\n|switch|p2a: Palafin|Palafin-Hero, L50, F|100\/100\n|-activate|p2a: Palafin|ability: Zero to Hero\n|move|p1b: Roaring Moon|Taunt|p2b: Arcanine\n|-start|p2b: Arcanine|move: Taunt\n|move|p1a: Iron Hands|Drain Punch|p2a: Palafin\n|-damage|p2a: Palafin|73\/100\n|cant|p2b: Arcanine|move: Taunt|Will-O-Wisp\n|\n|-sideend|p1: Silver33534|move: Tailwind\n|upkeep\n|turn|5\n|\n|t:|1682553534\n|-terastallize|p2b: Arcanine|Fire\n|move|p2a: Palafin|Protect|p2a: Palafin\n|-singleturn|p2a: Palafin|Protect\n|move|p1b: Roaring Moon|Tailwind|p1b: Roaring Moon\n|-sidestart|p1: Silver33534|move: Tailwind\n|move|p1a: Iron Hands|Wild Charge|p2a: Palafin\n|-activate|p2a: Palafin|move: Protect\n|move|p2b: Arcanine|Flare Blitz|p1a: Iron Hands\n|-damage|p1a: Iron Hands|51\/100\n|-damage|p2b: Arcanine|78\/100|[from] Recoil\n|\n|upkeep\n|turn|6\n|\n|t:|1682553550\n|-terastallize|p1a: Iron Hands|Grass\n|move|p1b: Roaring Moon|Acrobatics|p2b: Arcanine\n|-damage|p2b: Arcanine|39\/100\n|-enditem|p2b: Arcanine|Sitrus Berry|[eat]\n|-heal|p2b: Arcanine|64\/100|[from] item: Sitrus Berry\n|move|p1a: Iron Hands|Wild Charge|p2a: Palafin\n|-supereffective|p2a: Palafin\n|-damage|p2a: Palafin|3\/100\n|-damage|p1a: Iron Hands|38\/100|[from] Recoil\n|move|p2a: Palafin|Close Combat|p1b: Roaring Moon\n|-supereffective|p1b: Roaring Moon\n|-damage|p1b: Roaring Moon|0 fnt\n|-unboost|p2a: Palafin|def|1\n|-unboost|p2a: Palafin|spd|1\n|faint|p1b: Roaring Moon\n|-end|p1b: Roaring Moon|Protosynthesis|[silent]\n|-damage|p2a: Palafin|0 fnt|[from] item: Life Orb\n|faint|p2a: Palafin\n|move|p2b: Arcanine|Flare Blitz|p1a: Iron Hands\n|-supereffective|p1a: Iron Hands\n|-damage|p1a: Iron Hands|0 fnt\n|faint|p1a: Iron Hands\n|-end|p1a: Iron Hands|Quark Drive|[silent]\n|-damage|p2b: Arcanine|47\/100|[from] Recoil\n|\n|-end|p2b: Arcanine|move: Taunt\n|upkeep\n|inactive|Silver33534 has 30 seconds left.\n|\n|t:|1682553576\n|switch|p2a: Chien-Pao|Chien-Pao, L50|9\/100\n|switch|p1a: Flutter Mane|Flutter Mane, L50|100\/100\n|-ability|p2a: Chien-Pao|Sword of Ruin\n|turn|7\n|\n|t:|1682553591\n|move|p1a: Flutter Mane|Moonblast|p2a: Chien-Pao\n|-supereffective|p2a: Chien-Pao\n|-damage|p2a: Chien-Pao|0 fnt\n|faint|p2a: Chien-Pao\n|move|p2b: Arcanine|Flare Blitz|p1a: Flutter Mane\n|-enditem|p1a: Flutter Mane|Focus Sash\n|-damage|p1a: Flutter Mane|1\/100\n|-damage|p2b: Arcanine|24\/100|[from] Recoil\n|\n|upkeep\n|turn|8\n|\n|t:|1682553602\n|move|p1a: Flutter Mane|Shadow Ball|p2b: Arcanine\n|-damage|p2b: Arcanine|0 fnt\n|faint|p2b: Arcanine\n|\n|win|Silver33534\n|raw|Silver33534's rating: 1192 → 1211<\/strong> (+19 for winning)\n|raw|omgiloveEboys's rating: 1102 → 1083<\/strong> (-19 for losing)\n|l|\u2606omgiloveEboys\n|c|\u2606Silver33534|gg\n","uploadtime":1682553611,"views":11,"p1id":"silver33534","p2id":"omgiloveeboys","formatid":"gen9vgc2023regulationc","rating":1083,"private":0,"password":""}