{"id":"gen9vgc2023regulationc-1849259971","p1":"brighteyes9","p2":"AzenNate","format":"[Gen 9] VGC 2023 Regulation C","log":"|j|\u2606brighteyes9\n|j|\u2606AzenNate\n|t:|1682178899\n|gametype|doubles\n|player|p1|brighteyes9|flannery|1106\n|player|p2|AzenNate|169|1052\n|teamsize|p1|6\n|teamsize|p2|6\n|gen|9\n|tier|[Gen 9] VGC 2023 Regulation C\n|rated|\n|rule|Species Clause: Limit one of each Pok\u00e9mon\n|rule|Item Clause: Limit one of each item\n|clearpoke\n|poke|p1|Salamence, L50, M|\n|poke|p1|Amoonguss, L50, M|\n|poke|p1|Dondozo, L50, M|\n|poke|p1|Tatsugiri-Droopy, L50, F|\n|poke|p1|Ting-Lu, L50|\n|poke|p1|Gholdengo, L50|\n|poke|p2|Cyclizar, L50, F|\n|poke|p2|Roaring Moon, L50|\n|poke|p2|Palafin, L50, F|\n|poke|p2|Flutter Mane, L50|\n|poke|p2|Arcanine, L50, M|\n|poke|p2|Meowscarada, L50, M|\n|teampreview|4\n|inactive|Battle timer is ON: inactive players will automatically lose when time's up. (requested by brighteyes9)\n|\n|t:|1682178947\n|start\n|switch|p1a: Salamence|Salamence, L50, M|100\/100\n|switch|p1b: Gholdengo|Gholdengo, L50|100\/100\n|switch|p2a: Cyclizar|Cyclizar, L50, F|100\/100\n|switch|p2b: Palafin|Palafin, L50, F|100\/100\n|-ability|p1a: Salamence|Intimidate|boost\n|-unboost|p2a: Cyclizar|atk|1\n|-unboost|p2b: Palafin|atk|1\n|turn|1\n|inactive|AzenNate has 30 seconds left.\n|inactive|brighteyes9 has 30 seconds left.\n|\n|t:|1682178985\n|detailschange|p2b: Palafin|Palafin-Hero, L50, F\n|switch|p2b: Arcanine|Arcanine, L50, M, shiny|100\/100\n|-ability|p2b: Arcanine|Intimidate|boost\n|-unboost|p1a: Salamence|atk|1\n|-unboost|p1b: Gholdengo|atk|1\n|-terastallize|p1a: Salamence|Steel\n|move|p2a: Cyclizar|Shed Tail|p2a: Cyclizar\n|-start|p2a: Cyclizar|Substitute|[from] move: Shed Tail\n|-damage|p2a: Cyclizar|50\/100\n|-enditem|p2a: Cyclizar|Sitrus Berry|[eat]\n|-heal|p2a: Cyclizar|75\/100|[from] item: Sitrus Berry\n|\n|t:|1682178996\n|switch|p2a: Palafin|Palafin-Hero, L50, F|100\/100|[from] Shed Tail\n|-activate|p2a: Palafin|ability: Zero to Hero\n|move|p1a: Salamence|Dragon Dance|p1a: Salamence\n|-boost|p1a: Salamence|atk|1\n|-boost|p1a: Salamence|spe|1\n|move|p1b: Gholdengo|Make It Rain|p2a: Palafin|[spread] p2a,p2b\n|-resisted|p2a: Palafin\n|-end|p2a: Palafin|Substitute\n|-resisted|p2b: Arcanine\n|-damage|p2b: Arcanine|59\/100\n|-unboost|p1b: Gholdengo|spa|1\n|\n|upkeep\n|turn|2\n|\n|t:|1682179016\n|move|p1a: Salamence|Dual Wingbeat|p2a: Palafin\n|-damage|p2a: Palafin|79\/100\n|-damage|p2a: Palafin|59\/100\n|-hitcount|p2a: Palafin|2\n|move|p2b: Arcanine|Flare Blitz|p1a: Salamence\n|-supereffective|p1a: Salamence\n|-enditem|p1a: Salamence|Focus Sash\n|-damage|p1a: Salamence|1\/100\n|-damage|p2b: Arcanine|26\/100|[from] Recoil\n|move|p1b: Gholdengo|Make It Rain|p2a: Palafin|[spread] p2a,p2b\n|-resisted|p2a: Palafin\n|-resisted|p2b: Arcanine\n|-damage|p2a: Palafin|37\/100\n|-damage|p2b: Arcanine|0 fnt\n|-unboost|p1b: Gholdengo|spa|1\n|faint|p2b: Arcanine\n|move|p2a: Palafin|Wave Crash|p1a: Salamence\n|-damage|p1a: Salamence|0 fnt\n|faint|p1a: Salamence\n|-damage|p2a: Palafin|36\/100|[from] Recoil\n|\n|upkeep\n|\n|t:|1682179036\n|switch|p2b: Meowscarada|Meowscarada, L50, M|100\/100\n|switch|p1a: Tatsugiri|Tatsugiri-Droopy, L50, F|100\/100\n|turn|3\n|\n|t:|1682179058\n|switch|p1b: Dondozo|Dondozo, L50, M|100\/100\n|-activate|p1a: Tatsugiri|ability: Commander|[of] p1b: Dondozo\n|-boost|p1b: Dondozo|atk|2\n|-boost|p1b: Dondozo|spa|2\n|-boost|p1b: Dondozo|spe|2\n|-boost|p1b: Dondozo|def|2\n|-boost|p1b: Dondozo|spd|2\n|move|p2b: Meowscarada|Knock Off|p1b: Dondozo\n|-damage|p1b: Dondozo|87\/100\n|-enditem|p1b: Dondozo|Leftovers|[from] move: Knock Off|[of] p2b: Meowscarada\n|move|p2a: Palafin|Haze|p2a: Palafin\n|-clearallboost\n|\n|upkeep\n|turn|4\n|\n|t:|1682179088\n|move|p2a: Palafin|Protect|p2a: Palafin\n|-singleturn|p2a: Palafin|Protect\n|move|p2b: Meowscarada|Flower Trick|p1b: Dondozo\n|-supereffective|p1b: Dondozo\n|-crit|p1b: Dondozo\n|-damage|p1b: Dondozo|29\/100\n|move|p1b: Dondozo|Yawn|p2b: Meowscarada\n|-start|p2b: Meowscarada|move: Yawn|[of] p1b: Dondozo\n|\n|upkeep\n|turn|5\n|\n|t:|1682179106\n|switch|p2b: Cyclizar|Cyclizar, L50, F|100\/100\n|move|p1b: Dondozo|Protect|p1b: Dondozo\n|-singleturn|p1b: Dondozo|Protect\n|move|p2a: Palafin|Wave Crash|p1b: Dondozo\n|-activate|p1b: Dondozo|move: Protect\n|\n|upkeep\n|turn|6\n|\n|t:|1682179116\n|move|p2b: Cyclizar|Shed Tail|p2b: Cyclizar\n|-start|p2b: Cyclizar|Substitute|[from] move: Shed Tail\n|-damage|p2b: Cyclizar|50\/100\n|\n|t:|1682179119\n|switch|p2b: Meowscarada|Meowscarada, L50, M|100\/100|[from] Shed Tail\n|move|p2a: Palafin|Wave Crash|p1b: Dondozo\n|-resisted|p1b: Dondozo\n|-damage|p1b: Dondozo|2\/100\n|-damage|p2a: Palafin|25\/100|[from] Recoil\n|move|p1b: Dondozo|Order Up|p2b: Meowscarada\n|-activate|p2b: Meowscarada|move: Substitute|[damage]\n|-boost|p1b: Dondozo|def|1\n|\n|upkeep\n|turn|7\n|inactive|AzenNate has 30 seconds left.\n|\n|t:|1682179148\n|move|p2a: Palafin|Jet Punch|p1b: Dondozo\n|-resisted|p1b: Dondozo\n|-damage|p1b: Dondozo|0 fnt\n|faint|p1b: Dondozo\n|move|p2b: Meowscarada|Flower Trick|p1a: Tatsugiri\n|-crit|p1a: Tatsugiri\n|-damage|p1a: Tatsugiri|14\/100\n|\n|upkeep\n|\n|t:|1682179155\n|switch|p1b: Gholdengo|Gholdengo, L50|100\/100\n|turn|8\n|\n|t:|1682179167\n|move|p2a: Palafin|Jet Punch|p1a: Tatsugiri\n|-resisted|p1a: Tatsugiri\n|-crit|p1a: Tatsugiri\n|-damage|p1a: Tatsugiri|0 fnt\n|faint|p1a: Tatsugiri\n|move|p2b: Meowscarada|Knock Off|p1b: Gholdengo\n|-supereffective|p1b: Gholdengo\n|-damage|p1b: Gholdengo|2\/100\n|-enditem|p1b: Gholdengo|Choice Specs|[from] move: Knock Off|[of] p2b: Meowscarada\n|move|p1b: Gholdengo|Make It Rain|p2b: Meowscarada|[spread] p2a,p2b\n|-end|p2b: Meowscarada|Substitute\n|-resisted|p2a: Palafin\n|-damage|p2a: Palafin|5\/100\n|-unboost|p1b: Gholdengo|spa|1\n|\n|upkeep\n|turn|9\n|-message|brighteyes9 forfeited.\n|\n|win|AzenNate\n|raw|brighteyes9's rating: 1106 → 1077<\/strong> (-29 for losing)\n|raw|AzenNate's rating: 1052 → 1089<\/strong> (+37 for winning)\n|l|\u2606brighteyes9\n","uploadtime":1682179327,"views":10,"p1id":"brighteyes9","p2id":"azennate","formatid":"gen9vgc2023regulationc","rating":1077,"private":0,"password":""}