{"id":"gen9vgc2023regulationc-1853006780","p1":"bostonl1","p2":"KrisKiwii","format":"[Gen 9] VGC 2023 Regulation C","log":"|j|\u2606bostonl1\n|j|\u2606KrisKiwii\n|t:|1682625057\n|gametype|doubles\n|player|p1|bostonl1|morty|\n|player|p2|KrisKiwii|doubleteam|\n|teamsize|p1|6\n|teamsize|p2|6\n|gen|9\n|tier|[Gen 9] VGC 2023 Regulation C\n|rule|Species Clause: Limit one of each Pok\u00e9mon\n|rule|Item Clause: Limit one of each item\n|clearpoke\n|poke|p1|Lycanroc, L50, F|\n|poke|p1|Tyranitar, L50, M|\n|poke|p1|Garchomp, L50, M|\n|poke|p1|Talonflame, L50, F|\n|poke|p1|Iron Bundle, L50|\n|poke|p1|Flutter Mane, L50|\n|poke|p2|Indeedee-F, L50, F|\n|poke|p2|Armarouge, L50, F|\n|poke|p2|Torkoal, L50, M|\n|poke|p2|Hatterene, L50, F|\n|poke|p2|Kingambit, L50, M|\n|poke|p2|Annihilape, L50, M|\n|teampreview|4\n|c|\u2606bostonl1|g2\n|j| Lugiabirb\n|j| PKV Pokevin\n|j| Inazuma-Fulgur\n|j| ggtc\n|j| KnickNom\n|c| KnickNom|who won game 1\n|\n|t:|1682625705\n|start\n|switch|p1a: Talonflame|Talonflame, L50, F|100\/100\n|switch|p1b: Garchomp|Garchomp, L50, M|100\/100\n|switch|p2a: Annihilape|Annihilape, L50, M|100\/100\n|switch|p2b: Hatterene|Hatterene, L50, F|100\/100\n|turn|1\n|c|\u2606bostonl1|kris\n|j| PincherD\n|\n|t:|1682625754\n|move|p1a: Talonflame|Tailwind|p1a: Talonflame\n|-sidestart|p1: bostonl1|move: Tailwind\n|move|p1b: Garchomp|Earthquake|p2a: Annihilape|[spread] p2a,p2b\n|-immune|p1a: Talonflame\n|-damage|p2a: Annihilape|60\/100\n|-damage|p2b: Hatterene|51\/100\n|move|p2a: Annihilape|U-turn|p1b: Garchomp\n|-damage|p1b: Garchomp|83\/100\n|l| Inazuma-Fulgur\n|\n|t:|1682625767\n|switch|p2a: Torkoal|Torkoal, L50, M|100\/100|[from] U-turn\n|-weather|SunnyDay|[from] ability: Drought|[of] p2a: Torkoal\n|move|p2b: Hatterene|Trick Room|p2b: Hatterene\n|-fieldstart|move: Trick Room|[of] p2b: Hatterene\n|\n|-weather|SunnyDay|[upkeep]\n|upkeep\n|turn|2\n|\n|t:|1682625811\n|-terastallize|p2a: Torkoal|Fire\n|-terastallize|p1b: Garchomp|Fire\n|move|p1a: Talonflame|Brave Bird|p2a: Torkoal\n|-damage|p2a: Torkoal|72\/100\n|-damage|p1a: Talonflame|90\/100|[from] Recoil\n|move|p2a: Torkoal|Eruption|p1a: Talonflame|[spread] p1a,p1b\n|-resisted|p1a: Talonflame\n|-resisted|p1b: Garchomp\n|-damage|p1a: Talonflame|34\/100\n|-damage|p1b: Garchomp|36\/100\n|move|p2b: Hatterene|Dazzling Gleam|p1b: Garchomp|[spread] p1a,p1b\n|-resisted|p1a: Talonflame\n|-resisted|p1b: Garchomp\n|-damage|p1a: Talonflame|6\/100\n|-damage|p1b: Garchomp|12\/100\n|-damage|p2b: Hatterene|42\/100|[from] item: Life Orb\n|move|p1b: Garchomp|Earthquake|p2a: Torkoal|[spread] p2a,p2b\n|-immune|p1a: Talonflame\n|-supereffective|p2a: Torkoal\n|-damage|p2a: Torkoal|13\/100\n|-damage|p2b: Hatterene|0 fnt\n|faint|p2b: Hatterene\n|\n|-weather|SunnyDay|[upkeep]\n|upkeep\n|\n|t:|1682625828\n|switch|p2b: Kingambit|Kingambit, L50, M|100\/100\n|turn|3\n|\n|t:|1682625854\n|move|p2a: Torkoal|Flamethrower|p1b: Garchomp\n|-resisted|p1b: Garchomp\n|-damage|p1b: Garchomp|0 fnt\n|faint|p1b: Garchomp\n|move|p2b: Kingambit|Iron Head|p1a: Talonflame\n|-resisted|p1a: Talonflame\n|-damage|p1a: Talonflame|0 fnt\n|faint|p1a: Talonflame\n|\n|-weather|SunnyDay|[upkeep]\n|upkeep\n|\n|t:|1682625860\n|switch|p1b: Flutter Mane|Flutter Mane, L50|100\/100\n|switch|p1a: Tyranitar|Tyranitar, L50, M|100\/100\n|-weather|Sandstorm|[from] ability: Sand Stream|[of] p1a: Tyranitar\n|turn|4\n|\n|t:|1682625892\n|move|p1b: Flutter Mane|Protect|p1b: Flutter Mane\n|-singleturn|p1b: Flutter Mane|Protect\n|move|p2a: Torkoal|Earth Power|p1a: Tyranitar\n|-supereffective|p1a: Tyranitar\n|-damage|p1a: Tyranitar|81\/100\n|move|p2b: Kingambit|Iron Head|p1a: Tyranitar\n|-supereffective|p1a: Tyranitar\n|-damage|p1a: Tyranitar|4\/100\n|move|p1a: Tyranitar|Low Kick|p2b: Kingambit\n|-supereffective|p2b: Kingambit\n|-damage|p2b: Kingambit|0 fnt\n|faint|p2b: Kingambit\n|\n|-weather|Sandstorm|[upkeep]\n|-damage|p2a: Torkoal|7\/100|[from] Sandstorm\n|-damage|p1b: Flutter Mane|94\/100|[from] Sandstorm\n|-sideend|p1: bostonl1|move: Tailwind\n|upkeep\n|\n|t:|1682625903\n|switch|p2b: Annihilape|Annihilape, L50, M|60\/100\n|turn|5\n|\n|t:|1682625932\n|move|p1b: Flutter Mane|Protect||[still]\n|-fail|p1b: Flutter Mane\n|move|p2a: Torkoal|Flamethrower|p1b: Flutter Mane\n|-damage|p1b: Flutter Mane|27\/100\n|move|p1a: Tyranitar|Rock Slide|p2a: Torkoal|[spread] p2a,p2b\n|-supereffective|p2a: Torkoal\n|-resisted|p2b: Annihilape\n|-crit|p2b: Annihilape\n|-damage|p2a: Torkoal|0 fnt\n|-damage|p2b: Annihilape|36\/100\n|faint|p2a: Torkoal\n|move|p2b: Annihilape|Shadow Claw|p1a: Tyranitar\n|-resisted|p1a: Tyranitar\n|-damage|p1a: Tyranitar|0 fnt\n|faint|p1a: Tyranitar\n|\n|-weather|Sandstorm|[upkeep]\n|-damage|p1b: Flutter Mane|20\/100|[from] Sandstorm\n|-damage|p2b: Annihilape|30\/100|[from] Sandstorm\n|-fieldend|move: Trick Room\n|upkeep\n|turn|6\n|c|\u2606bostonl1|oh\n|c|\u2606bostonl1|well\n|\n|t:|1682625959\n|move|p2b: Annihilape|Shadow Claw|p1b: Flutter Mane\n|-supereffective|p1b: Flutter Mane\n|-damage|p1b: Flutter Mane|0 fnt\n|faint|p1b: Flutter Mane\n|-end|p1b: Flutter Mane|Protosynthesis|[silent]\n|\n|win|KrisKiwii\n|c|\u2606bostonl1|gg lmao\n|c|\u2606KrisKiwii|gg man\n|l| Lugiabirb\n|c|\u2606bostonl1|i played that wrong\n|l| KnickNom\n|l| PincherD\n|c|\u2606bostonl1|https:\/\/replay.pokemonshowdown.com\/gen9vgc2023regulationc-1853006780\n|l| PKV Pokevin\n|l| ggtc\n","uploadtime":1682625976,"views":16,"p1id":"bostonl1","p2id":"kriskiwii","formatid":"gen9vgc2023regulationc","rating":0,"private":0,"password":""}