{"id":"gen9vgc2023regulationc-1847324343","p1":"metakross","p2":"Ricardo Randorez","format":"[Gen 9] VGC 2023 Regulation C","log":"|j|\u2606metakross\n|j|\u2606Ricardo Randorez\n|t:|1681938545\n|gametype|doubles\n|player|p1|metakross|flannery|1227\n|player|p2|Ricardo Randorez|1|1164\n|teamsize|p1|6\n|teamsize|p2|6\n|gen|9\n|tier|[Gen 9] VGC 2023 Regulation C\n|rated|\n|rule|Species Clause: Limit one of each Pok\u00e9mon\n|rule|Item Clause: Limit one of each item\n|clearpoke\n|poke|p1|Oranguru, L50, M|\n|poke|p1|Dudunsparce-*, L50, M|\n|poke|p1|Torkoal, L50, M|\n|poke|p1|Hatterene, L50, F|\n|poke|p1|Kingambit, L50, F|\n|poke|p1|Hariyama, L50, F|\n|poke|p2|Pachirisu, L50, M|\n|poke|p2|Gholdengo, L50|\n|poke|p2|Azumarill, L50, F|\n|poke|p2|Chien-Pao, L50|\n|poke|p2|Dragonite, L50, M|\n|poke|p2|Brute Bonnet, L50|\n|teampreview|4\n|inactive|Battle timer is ON: inactive players will automatically lose when time's up. (requested by metakross)\n|inactive|Ricardo Randorez has 60 seconds left.\n|\n|t:|1681938595\n|start\n|switch|p1a: Oranguru|Oranguru, L50, M|100\/100\n|switch|p1b: Hatterene|Hatterene, L50, F|100\/100\n|switch|p2a: Gholdengo|Gholdengo, L50|100\/100\n|switch|p2b: Brute Bonnet|Brute Bonnet, L50|100\/100\n|turn|1\n|inactive|Ricardo Randorez has 30 seconds left.\n|\n|t:|1681938623\n|move|p1b: Hatterene|Protect|p1b: Hatterene\n|-singleturn|p1b: Hatterene|Protect\n|move|p2a: Gholdengo|Shadow Ball|p1b: Hatterene\n|-activate|p1b: Hatterene|move: Protect\n|move|p2b: Brute Bonnet|Spore|p1a: Oranguru\n|-status|p1a: Oranguru|slp|[from] move: Spore\n|cant|p1a: Oranguru|slp\n|\n|upkeep\n|turn|2\n|inactive|metakross has 30 seconds left.\n|inactive|Ricardo Randorez has 30 seconds left.\n|\n|t:|1681938650\n|-terastallize|p1b: Hatterene|Fire\n|move|p2a: Gholdengo|Shadow Ball|p1b: Hatterene\n|-damage|p1b: Hatterene|53\/100\n|-unboost|p1b: Hatterene|spd|1\n|move|p2b: Brute Bonnet|Seed Bomb|p1b: Hatterene\n|-resisted|p1b: Hatterene\n|-damage|p1b: Hatterene|27\/100\n|move|p1b: Hatterene|Dazzling Gleam|p2a: Gholdengo|[spread] p2a,p2b\n|-resisted|p2a: Gholdengo\n|-supereffective|p2b: Brute Bonnet\n|-damage|p2a: Gholdengo|77\/100\n|-damage|p2b: Brute Bonnet|28\/100\n|-damage|p1b: Hatterene|17\/100|[from] item: Life Orb\n|cant|p1a: Oranguru|slp\n|\n|-heal|p2a: Gholdengo|83\/100|[from] item: Leftovers\n|upkeep\n|turn|3\n|\n|t:|1681938674\n|move|p1b: Hatterene|Protect|p1b: Hatterene\n|-singleturn|p1b: Hatterene|Protect\n|move|p2a: Gholdengo|Make It Rain|p1a: Oranguru|[spread] p1a\n|-activate|p1b: Hatterene|move: Protect\n|-damage|p1a: Oranguru|72\/100 slp\n|-unboost|p2a: Gholdengo|spa|1\n|move|p2b: Brute Bonnet|Seed Bomb|p1a: Oranguru\n|-damage|p1a: Oranguru|24\/100 slp\n|cant|p1a: Oranguru|slp\n|\n|-heal|p2a: Gholdengo|89\/100|[from] item: Leftovers\n|upkeep\n|turn|4\n|\n|t:|1681938687\n|-curestatus|p1a: Oranguru|slp|[msg]\n|move|p1a: Oranguru|Protect|p1a: Oranguru\n|-singleturn|p1a: Oranguru|Protect\n|move|p2a: Gholdengo|Make It Rain|p1a: Oranguru|[spread] p1b\n|-activate|p1a: Oranguru|move: Protect\n|-resisted|p1b: Hatterene\n|-damage|p1b: Hatterene|0 fnt\n|-unboost|p2a: Gholdengo|spa|1\n|faint|p1b: Hatterene\n|move|p2b: Brute Bonnet|Seed Bomb|p1a: Oranguru\n|-activate|p1a: Oranguru|move: Protect\n|\n|-heal|p2a: Gholdengo|95\/100|[from] item: Leftovers\n|upkeep\n|\n|t:|1681938699\n|switch|p1b: Dudunsparce|Dudunsparce, L50, M|100\/100\n|turn|5\n|\n|t:|1681938714\n|switch|p2a: Dragonite|Dragonite, L50, M|100\/100\n|move|p1b: Dudunsparce|Protect|p1b: Dudunsparce\n|-singleturn|p1b: Dudunsparce|Protect\n|move|p2b: Brute Bonnet|Close Combat|p1b: Dudunsparce\n|-activate|p1b: Dudunsparce|move: Protect\n|move|p1a: Oranguru|Trick Room|p1a: Oranguru\n|-fieldstart|move: Trick Room|[of] p1a: Oranguru\n|\n|upkeep\n|turn|6\n|\n|t:|1681938731\n|-terastallize|p2a: Dragonite|Normal\n|move|p2a: Dragonite|Extreme Speed|p1a: Oranguru\n|-damage|p1a: Oranguru|0 fnt\n|faint|p1a: Oranguru\n|-damage|p2a: Dragonite|91\/100|[from] item: Life Orb\n|move|p2b: Brute Bonnet|Sucker Punch|p1b: Dudunsparce\n|-damage|p1b: Dudunsparce|69\/100\n|move|p1b: Dudunsparce|Rock Slide|p2a: Dragonite|[spread] p2a,p2b\n|-damage|p2a: Dragonite|73\/100\n|-damage|p2b: Brute Bonnet|12\/100\n|-enditem|p2b: Brute Bonnet|Aguav Berry|[eat]\n|-heal|p2b: Brute Bonnet|45\/100|[from] item: Aguav Berry\n|\n|upkeep\n|-message|metakross forfeited.\n|\n|win|Ricardo Randorez\n|raw|metakross's rating: 1227 → 1198<\/strong> (-29 for losing)\n|raw|Ricardo Randorez's rating: 1164 → 1193<\/strong> (+29 for winning)\n|l|\u2606metakross\n","uploadtime":1681938749,"views":6,"p1id":"metakross","p2id":"ricardorandorez","formatid":"gen9vgc2023regulationc","rating":1193,"private":0,"password":""}