{"id":"gen9vgc2023regulationc-1850859314","p1":"primeluke","p2":"ljhartman","format":"[Gen 9] VGC 2023 Regulation C","log":"|j|\u2606primeluke\n|j|\u2606ljhartman\n|t:|1682375217\n|gametype|doubles\n|player|p1|primeluke|red|1206\n|player|p2|ljhartman|1|1129\n|teamsize|p1|6\n|teamsize|p2|6\n|gen|9\n|tier|[Gen 9] VGC 2023 Regulation C\n|rated|\n|rule|Species Clause: Limit one of each Pok\u00e9mon\n|rule|Item Clause: Limit one of each item\n|clearpoke\n|poke|p1|Sandy Shocks, L50|\n|poke|p1|Annihilape, L50, F|\n|poke|p1|Chien-Pao, L50|\n|poke|p1|Gastrodon-East, L50, M|\n|poke|p1|Ceruledge, L50, F|\n|poke|p1|Dragonite, L50, M|\n|poke|p2|Arcanine, L50, M|\n|poke|p2|Haxorus, L50, M|\n|poke|p2|Amoonguss, L50, M|\n|poke|p2|Flutter Mane, L50|\n|poke|p2|Gyarados, L50, F|\n|poke|p2|Vivillon-Fancy, L50, F|\n|teampreview|4\n|inactive|Battle timer is ON: inactive players will automatically lose when time's up. (requested by primeluke)\nprimeluke rejected open team sheets.\n|\n|t:|1682375242\n|start\n|switch|p1a: Sandy Shocks|Sandy Shocks, L50|100\/100\n|switch|p1b: Annihilape|Annihilape, L50, F|100\/100\n|switch|p2a: Gyarados|Gyarados, L50, F|100\/100\n|switch|p2b: Haxorus|Haxorus, L50, M|100\/100\n|-ability|p2a: Gyarados|Intimidate|boost\n|-unboost|p1a: Sandy Shocks|atk|1\n|-unboost|p1b: Annihilape|atk|1\n|-ability|p1b: Annihilape|Defiant|boost\n|-boost|p1b: Annihilape|atk|2\n|-ability|p2b: Haxorus|Mold Breaker\n|-enditem|p1a: Sandy Shocks|Booster Energy\n|-activate|p1a: Sandy Shocks|ability: Protosynthesis|[fromitem]\n|-start|p1a: Sandy Shocks|protosynthesisspe\n|turn|1\n|\n|t:|1682375267\n|-terastallize|p2a: Gyarados|Flying\n|-terastallize|p1b: Annihilape|Fire\n|move|p1a: Sandy Shocks|Earthquake|p2a: Gyarados|[spread] p1b,p2b\n|-immune|p2a: Gyarados\n|-supereffective|p1b: Annihilape\n|-damage|p1b: Annihilape|76\/100\n|-damage|p2b: Haxorus|87\/100\n|-enditem|p1b: Annihilape|Weakness Policy\n|-boost|p1b: Annihilape|atk|2|[from] item: Weakness Policy\n|-boost|p1b: Annihilape|spa|2|[from] item: Weakness Policy\n|move|p2a: Gyarados|Tera Blast|p1b: Annihilape\n|-damage|p1b: Annihilape|24\/100\n|move|p2b: Haxorus|Dragon Dance|p2b: Haxorus\n|-boost|p2b: Haxorus|atk|1\n|-boost|p2b: Haxorus|spe|1\n|move|p1b: Annihilape|Rage Fist|p2a: Gyarados\n|-damage|p2a: Gyarados|0 fnt\n|faint|p2a: Gyarados\n|\n|-heal|p2b: Haxorus|93\/100|[from] item: Leftovers\n|upkeep\n|\n|t:|1682375289\n|switch|p2a: Flutter Mane|Flutter Mane, L50|100\/100\n|-enditem|p2a: Flutter Mane|Booster Energy\n|-activate|p2a: Flutter Mane|ability: Protosynthesis|[fromitem]\n|-start|p2a: Flutter Mane|protosynthesisspe\n|turn|2\n|inactive|ljhartman has 30 seconds left.\n|\n|t:|1682375316\n|move|p2a: Flutter Mane|Protect|p2a: Flutter Mane\n|-singleturn|p2a: Flutter Mane|Protect\n|move|p1b: Annihilape|Protect|p1b: Annihilape\n|-singleturn|p1b: Annihilape|Protect\n|move|p1a: Sandy Shocks|Earth Power|p2b: Haxorus\n|-damage|p2b: Haxorus|44\/100\n|move|p2b: Haxorus|Earthquake|p1a: Sandy Shocks|[spread] p1a\n|-activate|p2a: Flutter Mane|move: Protect\n|-activate|p1b: Annihilape|move: Protect\n|-supereffective|p1a: Sandy Shocks\n|-damage|p1a: Sandy Shocks|10\/100\n|\n|-heal|p2b: Haxorus|50\/100|[from] item: Leftovers\n|upkeep\n|turn|3\n|\n|t:|1682375331\n|move|p2a: Flutter Mane|Dazzling Gleam|p1a: Sandy Shocks|[spread] p1a,p1b\n|-resisted|p1b: Annihilape\n|-damage|p1a: Sandy Shocks|0 fnt\n|-damage|p1b: Annihilape|14\/100\n|faint|p1a: Sandy Shocks\n|-end|p1a: Sandy Shocks|Protosynthesis|[silent]\n|move|p2b: Haxorus|Dragon Dance|p2b: Haxorus\n|-boost|p2b: Haxorus|atk|1\n|-boost|p2b: Haxorus|spe|1\n|move|p1b: Annihilape|Rage Fist|p2a: Flutter Mane\n|-supereffective|p2a: Flutter Mane\n|-damage|p2a: Flutter Mane|0 fnt\n|faint|p2a: Flutter Mane\n|-end|p2a: Flutter Mane|Protosynthesis|[silent]\n|\n|-heal|p2b: Haxorus|56\/100|[from] item: Leftovers\n|upkeep\n|\n|t:|1682375343\n|switch|p2a: Arcanine|Arcanine, L50, M|100\/100\n|switch|p1a: Chien-Pao|Chien-Pao, L50|100\/100\n|-ability|p1a: Chien-Pao|Sword of Ruin\n|-ability|p2a: Arcanine|Intimidate|boost\n|-unboost|p1a: Chien-Pao|atk|1\n|-unboost|p1b: Annihilape|atk|1\n|-ability|p1b: Annihilape|Defiant|boost\n|-boost|p1b: Annihilape|atk|2\n|turn|4\n|\n|t:|1682375355\n|move|p2b: Haxorus|Protect|p2b: Haxorus\n|-singleturn|p2b: Haxorus|Protect\n|move|p1a: Chien-Pao|Ice Spinner|p2b: Haxorus\n|-activate|p2b: Haxorus|move: Protect\n|move|p2a: Arcanine|Heat Wave|p1a: Chien-Pao|[spread] p1a,p1b\n|-supereffective|p1a: Chien-Pao\n|-resisted|p1b: Annihilape\n|-damage|p1a: Chien-Pao|22\/100\n|-damage|p1b: Annihilape|6\/100\n|move|p1b: Annihilape|Rage Fist|p2a: Arcanine\n|-damage|p2a: Arcanine|0 fnt\n|faint|p2a: Arcanine\n|\n|-heal|p2b: Haxorus|62\/100|[from] item: Leftovers\n|upkeep\n|turn|5\n|\n|t:|1682375370\n|move|p1b: Annihilape|Protect|p1b: Annihilape\n|-singleturn|p1b: Annihilape|Protect\n|move|p1a: Chien-Pao|Sucker Punch|p2b: Haxorus\n|-damage|p2b: Haxorus|29\/100\n|move|p2b: Haxorus|Earthquake|p1a: Chien-Pao|[spread] p1a\n|-activate|p1b: Annihilape|move: Protect\n|-damage|p1a: Chien-Pao|0 fnt\n|faint|p1a: Chien-Pao\n|\n|-heal|p2b: Haxorus|35\/100|[from] item: Leftovers\n|upkeep\n|\n|t:|1682375376\n|switch|p1a: Dragonite|Dragonite, L50, M|100\/100\n|turn|6\n|\n|t:|1682375384\n|move|p2b: Haxorus|Iron Head|p1b: Annihilape\n|-resisted|p1b: Annihilape\n|-damage|p1b: Annihilape|0 fnt\n|faint|p1b: Annihilape\n|move|p1a: Dragonite|Ice Spinner|p2b: Haxorus\n|-supereffective|p2b: Haxorus\n|-damage|p2b: Haxorus|0 fnt\n|faint|p2b: Haxorus\n|\n|win|primeluke\n|raw|primeluke's rating: 1206 → 1226<\/strong> (+20 for winning)\n|raw|ljhartman's rating: 1129 → 1109<\/strong> (-20 for losing)\n|c|\u2606ljhartman|gg\n|l|\u2606primeluke\n","uploadtime":1682375394,"views":24,"p1id":"primeluke","p2id":"ljhartman","formatid":"gen9vgc2023regulationc","rating":1109,"private":0,"password":""}