{"id":"gen9vgc2023regulationc-1862934089","p1":"yy20041025","p2":"Hector101010","format":"[Gen 9] VGC 2023 Regulation C","log":"|j|\u2606yy20041025\n|j|\u2606Hector101010\n|t:|1683940473\n|gametype|doubles\n|player|p1|yy20041025|lyra|1083\n|player|p2|Hector101010|tuber|1136\n|teamsize|p1|6\n|teamsize|p2|6\n|gen|9\n|tier|[Gen 9] VGC 2023 Regulation C\n|rated|\n|rule|Species Clause: Limit one of each Pok\u00e9mon\n|rule|Item Clause: Limit one of each item\n|clearpoke\n|poke|p1|Pelipper, L50, M|\n|poke|p1|Iron Hands, L50|\n|poke|p1|Palafin, L50, M|\n|poke|p1|Gholdengo, L50|\n|poke|p1|Drednaw, L50, M|\n|poke|p1|Chien-Pao, L50|\n|poke|p2|Grimmsnarl, L50, M|\n|poke|p2|Hatterene, L50, F|\n|poke|p2|Torkoal, L50, M|\n|poke|p2|Gastrodon, L50, F|\n|poke|p2|Tatsugiri, L50, F|\n|poke|p2|Dondozo, L50, F|\n|teampreview|4\n|\n|t:|1683940533\n|start\n|switch|p1a: Palafin|Palafin, L50, M, shiny|100\/100\n|switch|p1b: Drednaw|Drednaw, L50, M, shiny|100\/100\n|switch|p2a: Hatterene|Hatterene, L50, F|100\/100\n|switch|p2b: Grimmsnarl|Grimmsnarl, L50, M|100\/100\n|turn|1\n|\n|t:|1683940562\n|detailschange|p1a: Palafin|Palafin-Hero, L50, M, shiny\n|switch|p1a: Iron Hands|Iron Hands, L50, shiny|100\/100\n|move|p2b: Grimmsnarl|Fake Out|p1a: Iron Hands\n|-damage|p1a: Iron Hands|92\/100\n|move|p1b: Drednaw|Rock Slide|p2b: Grimmsnarl|[spread] p2a,p2b\n|-damage|p2a: Hatterene|69\/100\n|-damage|p2b: Grimmsnarl|64\/100\n|move|p2a: Hatterene|Trick Room|p2a: Hatterene\n|-fieldstart|move: Trick Room|[of] p2a: Hatterene\n|\n|upkeep\n|turn|2\n|\n|t:|1683940577\n|move|p1a: Iron Hands|Fake Out|p2a: Hatterene\n|-damage|p2a: Hatterene|54\/100\n|move|p2b: Grimmsnarl|Reflect|p2b: Grimmsnarl\n|-sidestart|p2: Hector101010|Reflect\n|cant|p2a: Hatterene|flinch\n|move|p1b: Drednaw|Rock Slide|p2b: Grimmsnarl|[spread] p2a,p2b\n|-damage|p2a: Hatterene|32\/100\n|-damage|p2b: Grimmsnarl|43\/100\n|\n|upkeep\n|turn|3\n|\n|t:|1683940606\n|move|p1b: Drednaw|Protect|p1b: Drednaw\n|-singleturn|p1b: Drednaw|Protect\n|move|p2a: Hatterene|Dazzling Gleam|p1b: Drednaw|[spread] p1a\n|-activate|p1b: Drednaw|move: Protect\n|-supereffective|p1a: Iron Hands\n|-damage|p1a: Iron Hands|46\/100\n|-damage|p2a: Hatterene|22\/100|[from] item: Life Orb\n|move|p2b: Grimmsnarl|Spirit Break|p1a: Iron Hands\n|-supereffective|p1a: Iron Hands\n|-damage|p1a: Iron Hands|0 fnt\n|faint|p1a: Iron Hands\n|-end|p1a: Iron Hands|Quark Drive|[silent]\n|\n|upkeep\n|\n|t:|1683940618\n|switch|p1a: Palafin|Palafin-Hero, L50, M, shiny|100\/100\n|-activate|p1a: Palafin|ability: Zero to Hero\n|turn|4\n|\n|t:|1683940648\n|switch|p2a: Gastrodon|Gastrodon, L50, F|100\/100\n|switch|p1b: Pelipper|Pelipper, L50, M, shiny|100\/100\n|-weather|RainDance|[from] ability: Drizzle|[of] p1b: Pelipper\n|move|p2b: Grimmsnarl|Parting Shot|p1a: Palafin\n|-unboost|p1a: Palafin|atk|1\n|-unboost|p1a: Palafin|spa|1\n|\n|t:|1683940658\n|switch|p2b: Torkoal|Torkoal, L50, M|100\/100|[from] Parting Shot\n|-weather|SunnyDay|[from] ability: Drought|[of] p2b: Torkoal\n|move|p1a: Palafin|Jet Punch|p2a: Gastrodon\n|-ability|p2a: Gastrodon|Storm Drain|boost\n|-boost|p2a: Gastrodon|spa|1\n|\n|-weather|SunnyDay|[upkeep]\n|upkeep\n|turn|5\n|\n|t:|1683940675\n|switch|p1b: Drednaw|Drednaw, L50, M, shiny|100\/100\n|-terastallize|p2b: Torkoal|Fire\n|move|p1a: Palafin|Protect|p1a: Palafin\n|-singleturn|p1a: Palafin|Protect\n|move|p2b: Torkoal|Eruption|p1b: Drednaw|[spread] p1b\n|-activate|p1a: Palafin|move: Protect\n|-resisted|p1b: Drednaw\n|-damage|p1b: Drednaw|63\/100\n|move|p2a: Gastrodon|Earth Power|p1a: Palafin\n|-activate|p1a: Palafin|move: Protect\n|\n|-weather|SunnyDay|[upkeep]\n|-fieldend|move: Trick Room\n|upkeep\n|turn|6\n|\n|t:|1683940694\n|switch|p1a: Pelipper|Pelipper, L50, M, shiny|100\/100\n|-weather|RainDance|[from] ability: Drizzle|[of] p1a: Pelipper\n|-terastallize|p1b: Drednaw|Grass\n|move|p1b: Drednaw|Tera Blast|p2a: Gastrodon\n|-supereffective|p2a: Gastrodon\n|-damage|p2a: Gastrodon|0 fnt\n|faint|p2a: Gastrodon\n|move|p2b: Torkoal|Eruption|p1a: Pelipper|[spread] p1a,p1b\n|-resisted|p1a: Pelipper\n|-crit|p1a: Pelipper\n|-supereffective|p1b: Drednaw\n|-damage|p1a: Pelipper|71\/100\n|-damage|p1b: Drednaw|0 fnt\n|faint|p1b: Drednaw\n|\n|-weather|RainDance|[upkeep]\n|upkeep\n|\n|t:|1683940710\n|switch|p1b: Palafin|Palafin-Hero, L50, M, shiny|100\/100\n|switch|p2a: Hatterene|Hatterene, L50, F|22\/100\n|turn|7\n|\n|t:|1683940723\n|switch|p2b: Grimmsnarl|Grimmsnarl, L50, M|43\/100\n|move|p1b: Palafin|Jet Punch|p2a: Hatterene\n|-damage|p2a: Hatterene|0 fnt\n|faint|p2a: Hatterene\n|move|p1a: Pelipper|Hurricane|p2b: Grimmsnarl\n|-damage|p2b: Grimmsnarl|3\/100\n|\n|-weather|RainDance|[upkeep]\n|upkeep\n|\n|t:|1683940729\n|switch|p2a: Torkoal|Torkoal, L50, M, tera:Fire|100\/100\n|-weather|SunnyDay|[from] ability: Drought|[of] p2a: Torkoal\n|turn|8\n|\n|t:|1683940744\n|move|p1b: Palafin|Jet Punch|p2b: Grimmsnarl\n|-damage|p2b: Grimmsnarl|0 fnt\n|faint|p2b: Grimmsnarl\n|move|p1a: Pelipper|Hydro Pump|p2a: Torkoal\n|-supereffective|p2a: Torkoal\n|-crit|p2a: Torkoal\n|-damage|p2a: Torkoal|35\/100\n|move|p2a: Torkoal|Eruption|p1b: Palafin|[spread] p1a,p1b\n|-resisted|p1a: Pelipper\n|-resisted|p1b: Palafin\n|-damage|p1a: Pelipper|51\/100\n|-damage|p1b: Palafin|84\/100\n|\n|-weather|SunnyDay|[upkeep]\n|upkeep\n|turn|9\n|\n|t:|1683940757\n|move|p1b: Palafin|Protect|p1b: Palafin\n|-singleturn|p1b: Palafin|Protect\n|move|p1a: Pelipper|Protect|p1a: Pelipper\n|-singleturn|p1a: Pelipper|Protect\n|move|p2a: Torkoal|Heat Wave|p1a: Pelipper|[spread] \n|-activate|p1a: Pelipper|move: Protect\n|-activate|p1b: Palafin|move: Protect\n|\n|-weather|SunnyDay|[upkeep]\n|-sideend|p2: Hector101010|Reflect\n|upkeep\n|turn|10\n|\n|t:|1683940771\n|move|p1b: Palafin|Wave Crash|p2a: Torkoal\n|-supereffective|p2a: Torkoal\n|-damage|p2a: Torkoal|0 fnt\n|faint|p2a: Torkoal\n|-damage|p1b: Palafin|74\/100|[from] Recoil\n|\n|win|yy20041025\n|raw|yy20041025's rating: 1083 → 1115<\/strong> (+32 for winning)\n|raw|Hector101010's rating: 1136 → 1107<\/strong> (-29 for losing)\n","uploadtime":1683940933,"views":7,"p1id":"yy20041025","p2id":"hector101010","formatid":"gen9vgc2023regulationc","rating":1107,"private":0,"password":""}