{"id":"gen9vgc2023regulationc-1852142216","p1":"KayraKayra","p2":"Aigashu-15","format":"[Gen 9] VGC 2023 Regulation C","log":"|j|\u2606KayraKayra\n|j|\u2606Aigashu-15\n|t:|1682527602\n|gametype|doubles\n|player|p1|KayraKayra|steven|1161\n|player|p2|Aigashu-15|1|1110\n|teamsize|p1|6\n|teamsize|p2|6\n|gen|9\n|tier|[Gen 9] VGC 2023 Regulation C\n|rated|\n|rule|Species Clause: Limit one of each Pok\u00e9mon\n|rule|Item Clause: Limit one of each item\n|clearpoke\n|poke|p1|Dondozo, L50, M|\n|poke|p1|Tatsugiri, L50, M|\n|poke|p1|Chi-Yu, L50|\n|poke|p1|Eelektross, L50, F|\n|poke|p1|Lumineon, L50, M|\n|poke|p1|Bruxish, L50, M|\n|poke|p2|Arboliva, L50, M|\n|poke|p2|Iron Hands, L50|\n|poke|p2|Farigiraf, L50, F|\n|poke|p2|Glimmora, L50, M|\n|poke|p2|Mimikyu, L50, F|\n|poke|p2|Slowking, L50, M|\n|teampreview|4\nAigashu-15 has agreed to open team sheets.\n|\n|t:|1682527714\n|start\n|switch|p1a: Eelektross|Eelektross, L50, F|100\/100\n|switch|p1b: Dondozo|Dondozo, L50, M|100\/100\n|switch|p2a: Slowking|Slowking, L50, M|100\/100\n|switch|p2b: GurrenLagan|Glimmora, L50, M|100\/100\n|turn|1\n|\n|t:|1682527764\n|move|p2b: GurrenLagan|Mortal Spin|p1b: Dondozo|[spread] p1a,p1b\n|-damage|p1a: Eelektross|94\/100\n|-damage|p1b: Dondozo|97\/100\n|-status|p1a: Eelektross|psn\n|-status|p1b: Dondozo|psn\n|move|p1a: Eelektross|Wild Charge|p2a: Slowking\n|-supereffective|p2a: Slowking\n|-damage|p2a: Slowking|7\/100\n|-damage|p1a: Eelektross|71\/100 psn|[from] Recoil\n|move|p1b: Dondozo|Substitute|p1b: Dondozo\n|-start|p1b: Dondozo|Substitute\n|-damage|p1b: Dondozo|72\/100 psn\n|move|p2a: Slowking|Trick Room|p2a: Slowking\n|-fieldstart|move: Trick Room|[of] p2a: Slowking\n|\n|-heal|p1b: Dondozo|78\/100 psn|[from] item: Leftovers\n|-damage|p1b: Dondozo|66\/100 psn|[from] psn\n|-damage|p1a: Eelektross|59\/100 psn|[from] psn\n|upkeep\n|turn|2\n|\n|t:|1682527794\n|move|p2a: Slowking|Slack Off|p2a: Slowking\n|-heal|p2a: Slowking|57\/100\n|move|p1b: Dondozo|Order Up|p2a: Slowking\n|-damage|p2a: Slowking|39\/100\n|move|p1a: Eelektross|Stomping Tantrum|p2b: GurrenLagan\n|-supereffective|p2b: GurrenLagan\n|-damage|p2b: GurrenLagan|0 fnt\n|-activate|p2b: GurrenLagan|ability: Toxic Debris\n|-sidestart|p1: KayraKayra|move: Toxic Spikes\n|faint|p2b: GurrenLagan\n|\n|-heal|p1b: Dondozo|72\/100 psn|[from] item: Leftovers\n|-damage|p1b: Dondozo|60\/100 psn|[from] psn\n|-damage|p1a: Eelektross|46\/100 psn|[from] psn\n|upkeep\n|\n|t:|1682527803\n|switch|p2b: Majar\u00e9|Arboliva, L50, M, shiny|100\/100\n|turn|3\n|\n|t:|1682527819\n|move|p2a: Slowking|Slack Off|p2a: Slowking\n|-heal|p2a: Slowking|89\/100\n|move|p1b: Dondozo|Order Up|p2a: Slowking\n|-damage|p2a: Slowking|71\/100\n|move|p2b: Majar\u00e9|Strength Sap|p1a: Eelektross\n|-unboost|p1a: Eelektross|atk|1\n|move|p1a: Eelektross|Close Combat|p2b: Majar\u00e9\n|-supereffective|p2b: Majar\u00e9\n|-damage|p2b: Majar\u00e9|30\/100\n|-unboost|p1a: Eelektross|def|1\n|-unboost|p1a: Eelektross|spd|1\n|-fieldstart|move: Grassy Terrain|[from] ability: Seed Sower|[of] p2b: Majar\u00e9\n|\n|-heal|p2a: Slowking|77\/100|[from] Grassy Terrain\n|-heal|p1b: Dondozo|66\/100 psn|[from] Grassy Terrain\n|-heal|p1b: Dondozo|72\/100 psn|[from] item: Leftovers\n|-heal|p2b: Majar\u00e9|35\/100|[from] Grassy Terrain\n|-damage|p1b: Dondozo|60\/100 psn|[from] psn\n|-damage|p1a: Eelektross|34\/100 psn|[from] psn\n|upkeep\n|turn|4\n|\n|t:|1682527850\n|move|p2a: Slowking|Psychic|p1a: Eelektross\n|-damage|p1a: Eelektross|0 fnt\n|faint|p1a: Eelektross\n|move|p1b: Dondozo|Order Up|p2a: Slowking\n|-damage|p2a: Slowking|61\/100\n|move|p2b: Majar\u00e9|Hyper Voice|p1b: Dondozo\n|-damage|p1b: Dondozo|25\/100 psn\n|-enditem|p2b: Majar\u00e9|Throat Spray\n|-boost|p2b: Majar\u00e9|spa|1|[from] item: Throat Spray\n|\n|-heal|p2a: Slowking|67\/100|[from] Grassy Terrain\n|-heal|p1b: Dondozo|31\/100 psn|[from] Grassy Terrain\n|-heal|p1b: Dondozo|37\/100 psn|[from] item: Leftovers\n|-heal|p2b: Majar\u00e9|41\/100|[from] Grassy Terrain\n|-damage|p1b: Dondozo|25\/100 psn|[from] psn\n|upkeep\n|\n|t:|1682527878\n|switch|p1a: Tatsugiri|Tatsugiri, L50, M|100\/100\n|-activate|p1a: Tatsugiri|ability: Commander|[of] p1b: Dondozo\n|-boost|p1b: Dondozo|atk|2\n|-boost|p1b: Dondozo|spa|2\n|-boost|p1b: Dondozo|spe|2\n|-boost|p1b: Dondozo|def|2\n|-boost|p1b: Dondozo|spd|2\n|turn|5\n|\n|t:|1682527913\n|move|p1b: Dondozo|Protect|p1b: Dondozo\n|-singleturn|p1b: Dondozo|Protect\n|move|p2a: Slowking|Chilling Water|p1b: Dondozo\n|-activate|p1b: Dondozo|move: Protect\n|move|p2b: Majar\u00e9|Hyper Voice|p1a: Tatsugiri|[spread] \n|-miss|p2b: Majar\u00e9|p1a: Tatsugiri\n|-activate|p1b: Dondozo|move: Protect\n|\n|-heal|p2a: Slowking|73\/100|[from] Grassy Terrain\n|-heal|p2b: Majar\u00e9|47\/100|[from] Grassy Terrain\n|-heal|p1b: Dondozo|31\/100 psn|[from] Grassy Terrain\n|-heal|p1b: Dondozo|37\/100 psn|[from] item: Leftovers\n|-damage|p1b: Dondozo|25\/100 psn|[from] psn\n|-fieldend|move: Trick Room\n|upkeep\n|turn|6\n|\n|t:|1682527940\n|move|p1b: Dondozo|Order Up|p2b: Majar\u00e9\n|-damage|p2b: Majar\u00e9|4\/100\n|-boost|p1b: Dondozo|atk|1\n|move|p2b: Majar\u00e9|Hyper Voice|p1b: Dondozo|[spread] p1b\n|-miss|p2b: Majar\u00e9|p1a: Tatsugiri\n|-damage|p1b: Dondozo|12\/100 psn\n|move|p2a: Slowking|Trick Room|p2a: Slowking\n|-fieldstart|move: Trick Room|[of] p2a: Slowking\n|\n|-heal|p2a: Slowking|79\/100|[from] Grassy Terrain\n|-heal|p2b: Majar\u00e9|10\/100|[from] Grassy Terrain\n|-heal|p1b: Dondozo|18\/100 psn|[from] Grassy Terrain\n|-heal|p1b: Dondozo|24\/100 psn|[from] item: Leftovers\n|-damage|p1b: Dondozo|12\/100 psn|[from] psn\n|upkeep\n|turn|7\n|\n|t:|1682527958\n|move|p1b: Dondozo|Protect|p1b: Dondozo\n|-singleturn|p1b: Dondozo|Protect\n|move|p2a: Slowking|Psychic|p1b: Dondozo\n|-activate|p1b: Dondozo|move: Protect\n|move|p2b: Majar\u00e9|Strength Sap|p1b: Dondozo\n|-activate|p1b: Dondozo|move: Protect\n|\n|-heal|p2a: Slowking|85\/100|[from] Grassy Terrain\n|-heal|p2b: Majar\u00e9|16\/100|[from] Grassy Terrain\n|-heal|p1b: Dondozo|18\/100 psn|[from] Grassy Terrain\n|-heal|p1b: Dondozo|24\/100 psn|[from] item: Leftovers\n|-damage|p1b: Dondozo|12\/100 psn|[from] psn\n|-fieldend|move: Grassy Terrain\n|upkeep\n|turn|8\n|\n|t:|1682527983\n|move|p2a: Slowking|Psychic|p1b: Dondozo\n|-crit|p1b: Dondozo\n|-end|p1b: Dondozo|Substitute\n|move|p2b: Majar\u00e9|Terrain Pulse|p1b: Dondozo\n|-damage|p1b: Dondozo|2\/100 psn\n|move|p1b: Dondozo|Order Up|p2b: Majar\u00e9\n|-damage|p2b: Majar\u00e9|0 fnt\n|-fieldstart|move: Grassy Terrain|[from] ability: Seed Sower|[of] p2b: Majar\u00e9\n|faint|p2b: Majar\u00e9\n|-boost|p1b: Dondozo|atk|1\n|\n|-heal|p2a: Slowking|90\/100|[from] Grassy Terrain\n|-heal|p1b: Dondozo|8\/100 psn|[from] Grassy Terrain\n|-heal|p1b: Dondozo|15\/100 psn|[from] item: Leftovers\n|-damage|p1b: Dondozo|2\/100 psn|[from] psn\n|upkeep\n|\n|t:|1682527996\n|switch|p2b: Manoalegre|Iron Hands, L50|100\/100\n|turn|9\n|\n|t:|1682528005\n|move|p1b: Dondozo|Protect|p1b: Dondozo\n|-singleturn|p1b: Dondozo|Protect\n|move|p2b: Manoalegre|Fake Out|p1b: Dondozo\n|-activate|p1b: Dondozo|move: Protect\n|move|p2a: Slowking|Psychic|p1a: Tatsugiri|[miss]\n|-miss|p2a: Slowking|p1a: Tatsugiri\n|\n|-heal|p2a: Slowking|96\/100|[from] Grassy Terrain\n|-heal|p1b: Dondozo|8\/100 psn|[from] Grassy Terrain\n|-heal|p1b: Dondozo|15\/100 psn|[from] item: Leftovers\n|-damage|p1b: Dondozo|2\/100 psn|[from] psn\n|upkeep\n|turn|10\n|\n|t:|1682528024\n|move|p2a: Slowking|Psychic|p1b: Dondozo\n|-damage|p1b: Dondozo|0 fnt\n|faint|p1b: Dondozo\n|move|p2b: Manoalegre|Play Rough|p1a: Tatsugiri\n|-supereffective|p1a: Tatsugiri\n|-damage|p1a: Tatsugiri|0 fnt\n|faint|p1a: Tatsugiri\n|\n|-heal|p2a: Slowking|100\/100|[from] Grassy Terrain\n|-fieldend|move: Trick Room\n|upkeep\n|\n|t:|1682528035\n|switch|p1a: Bruxish|Bruxish, L50, M|100\/100\n|-status|p1a: Bruxish|psn\n|turn|11\n|\n|t:|1682528048\n|-terastallize|p1a: Bruxish|Fairy\n|move|p1a: Bruxish|Psychic Fangs|p2b: Manoalegre\n|-supereffective|p2b: Manoalegre\n|-damage|p2b: Manoalegre|53\/100\n|move|p2b: Manoalegre|Thunder Punch|p1a: Bruxish\n|-damage|p1a: Bruxish|21\/100 psn\n|move|p2a: Slowking|Chilling Water|p1a: Bruxish\n|-damage|p1a: Bruxish|0 fnt\n|faint|p1a: Bruxish\n|\n|win|Aigashu-15\n|raw|KayraKayra's rating: 1161 → 1132<\/strong> (-29 for losing)\n|raw|Aigashu-15's rating: 1110 → 1139<\/strong> (+29 for winning)\n|l|\u2606KayraKayra\n","uploadtime":1682528058,"views":17,"p1id":"kayrakayra","p2id":"aigashu15","formatid":"gen9vgc2023regulationc","rating":1132,"private":0,"password":""}