{"id":"gen9vgc2023regulationc-1846240578","p1":"LunesMoon","p2":"Zuutokei2","format":"[Gen 9] VGC 2023 Regulation C","log":"|j|\u2606LunesMoon\n|j|\u2606Zuutokei2\n|t:|1681824583\n|gametype|doubles\n|player|p1|LunesMoon|guitarist|1240\n|player|p2|Zuutokei2|lucas|1321\n|teamsize|p1|6\n|teamsize|p2|6\n|gen|9\n|tier|[Gen 9] VGC 2023 Regulation C\n|rated|\n|rule|Species Clause: Limit one of each Pok\u00e9mon\n|rule|Item Clause: Limit one of each item\n|clearpoke\n|poke|p1|Sylveon, L50, F|\n|poke|p1|Amoonguss, L50, M|\n|poke|p1|Palafin, L50, F|\n|poke|p1|Chi-Yu, L50|\n|poke|p1|Flutter Mane, L50|\n|poke|p1|Kingambit, L50, F|\n|poke|p2|Dragonite, L50, M|\n|poke|p2|Chien-Pao, L50|\n|poke|p2|Amoonguss, L50, F|\n|poke|p2|Arcanine, L50, M|\n|poke|p2|Ting-Lu, L50|\n|poke|p2|Flutter Mane, L50|\n|teampreview|4\n|\n|t:|1681824619\n|start\n|switch|p1a: Sylveon|Sylveon, L50, F, shiny|100\/100\n|switch|p1b: Kingambit|Kingambit, L50, F|100\/100\n|switch|p2a: Ting-Lu|Ting-Lu, L50|100\/100\n|switch|p2b: Dragonite|Dragonite, L50, M|100\/100\n|-ability|p2a: Ting-Lu|Vessel of Ruin\n|turn|1\n|\n|t:|1681824649\n|-terastallize|p1b: Kingambit|Flying\n|-terastallize|p2a: Ting-Lu|Poison\n|move|p2b: Dragonite|Protect|p2b: Dragonite\n|-singleturn|p2b: Dragonite|Protect\n|move|p1a: Sylveon|Hyper Voice|p2a: Ting-Lu|[spread] p2a\n|-activate|p2b: Dragonite|move: Protect\n|-resisted|p2a: Ting-Lu\n|-damage|p2a: Ting-Lu|95\/100\n|-enditem|p1a: Sylveon|Throat Spray\n|-boost|p1a: Sylveon|spa|1|[from] item: Throat Spray\n|move|p1b: Kingambit|Tera Blast|p2a: Ting-Lu\n|-damage|p2a: Ting-Lu|70\/100\n|move|p2a: Ting-Lu|Earthquake|p1b: Kingambit|[spread] p1a\n|-activate|p2b: Dragonite|move: Protect\n|-immune|p1b: Kingambit\n|-damage|p1a: Sylveon|69\/100\n|\n|upkeep\n|turn|2\n|\n|t:|1681824686\n|switch|p2b: Amoonguss|Amoonguss, L50, F|100\/100\n|move|p1a: Sylveon|Yawn|p2a: Ting-Lu\n|-start|p2a: Ting-Lu|move: Yawn|[of] p1a: Sylveon\n|move|p1b: Kingambit|Iron Head|p2a: Ting-Lu\n|-damage|p2a: Ting-Lu|42\/100\n|move|p2a: Ting-Lu|Heavy Slam|p1a: Sylveon\n|-supereffective|p1a: Sylveon\n|-damage|p1a: Sylveon|13\/100\n|\n|upkeep\n|turn|3\n|\n|t:|1681824735\n|move|p1a: Sylveon|Yawn|p2b: Amoonguss\n|-start|p2b: Amoonguss|move: Yawn|[of] p1a: Sylveon\n|move|p1b: Kingambit|Iron Head|p2a: Ting-Lu\n|-damage|p2a: Ting-Lu|18\/100\n|cant|p2a: Ting-Lu|flinch\n|move|p2b: Amoonguss|Spore|p1b: Kingambit\n|-status|p1b: Kingambit|slp|[from] move: Spore\n|\n|-end|p2a: Ting-Lu|move: Yawn|[silent]\n|-status|p2a: Ting-Lu|slp\n|upkeep\n|turn|4\n|\n|t:|1681824763\n|switch|p2b: Dragonite|Dragonite, L50, M|100\/100\n|move|p1a: Sylveon|Protect|p1a: Sylveon\n|-singleturn|p1a: Sylveon|Protect\n|cant|p1b: Kingambit|slp\n|cant|p2a: Ting-Lu|slp\n|\n|upkeep\n|turn|5\n|\n|t:|1681824786\n|switch|p1a: Flutter Mane|Flutter Mane, L50|100\/100\n|switch|p1b: Chi-Yu|Chi-Yu, L50|100\/100\n|-ability|p1b: Chi-Yu|Beads of Ruin\n|move|p2b: Dragonite|Extreme Speed|p1a: Flutter Mane\n|-immune|p1a: Flutter Mane\n|-curestatus|p2a: Ting-Lu|slp|[msg]\n|move|p2a: Ting-Lu|Ruination|p1b: Chi-Yu\n|-damage|p1b: Chi-Yu|50\/100\n|\n|upkeep\n|turn|6\n|\n|t:|1681824824\n|move|p2b: Dragonite|Protect|p2b: Dragonite\n|-singleturn|p2b: Dragonite|Protect\n|move|p1a: Flutter Mane|Dazzling Gleam|p2b: Dragonite|[spread] p2a\n|-activate|p2b: Dragonite|move: Protect\n|-resisted|p2a: Ting-Lu\n|-damage|p2a: Ting-Lu|8\/100\n|move|p1b: Chi-Yu|Heat Wave|p2b: Dragonite|[spread] p2a\n|-activate|p2b: Dragonite|move: Protect\n|-damage|p2a: Ting-Lu|0 fnt\n|faint|p2a: Ting-Lu\n|\n|upkeep\n|\n|t:|1681824839\n|switch|p2a: Chien-Pao|Chien-Pao, L50|100\/100\n|-ability|p2a: Chien-Pao|Sword of Ruin\n|turn|7\n|\n|t:|1681824862\n|move|p2a: Chien-Pao|Protect|p2a: Chien-Pao\n|-singleturn|p2a: Chien-Pao|Protect\n|move|p1a: Flutter Mane|Dazzling Gleam|p2b: Dragonite|[spread] p2b\n|-activate|p2a: Chien-Pao|move: Protect\n|-supereffective|p2b: Dragonite\n|-damage|p2b: Dragonite|0 fnt\n|faint|p2b: Dragonite\n|move|p1b: Chi-Yu|Heat Wave|p2a: Chien-Pao\n|-activate|p2a: Chien-Pao|move: Protect\n|\n|upkeep\n|\n|t:|1681824873\n|switch|p2b: Amoonguss|Amoonguss, L50, F|100\/100\n|turn|8\n|\n|t:|1681824880\n|move|p2a: Chien-Pao|Sacred Sword|p1b: Chi-Yu\n|-supereffective|p1b: Chi-Yu\n|-damage|p1b: Chi-Yu|0 fnt\n|faint|p1b: Chi-Yu\n|move|p1a: Flutter Mane|Dazzling Gleam|p2b: Amoonguss|[spread] p2a,p2b\n|-supereffective|p2a: Chien-Pao\n|-resisted|p2b: Amoonguss\n|-enditem|p2a: Chien-Pao|Focus Sash\n|-damage|p2a: Chien-Pao|1\/100\n|-damage|p2b: Amoonguss|81\/100\n|move|p2b: Amoonguss|Spore|p1a: Flutter Mane\n|-status|p1a: Flutter Mane|slp|[from] move: Spore\n|\n|upkeep\n|\n|t:|1681824893\n|switch|p1b: Kingambit|Kingambit, L50, F, tera:Flying|100\/100 slp\n|turn|9\n|\n|t:|1681824901\n|cant|p1b: Kingambit|slp\n|move|p2a: Chien-Pao|Ice Spinner|p1b: Kingambit\n|-supereffective|p1b: Kingambit\n|-damage|p1b: Kingambit|20\/100 slp\n|cant|p1a: Flutter Mane|slp\n|move|p2b: Amoonguss|Pollen Puff|p2a: Chien-Pao\n|-heal|p2a: Chien-Pao|51\/100\n|\n|upkeep\n|turn|10\n|\n|t:|1681824923\n|-curestatus|p1b: Kingambit|slp|[msg]\n|move|p1b: Kingambit|Sucker Punch|p2a: Chien-Pao\n|-resisted|p2a: Chien-Pao\n|-damage|p2a: Chien-Pao|24\/100\n|move|p2a: Chien-Pao|Ice Spinner|p1b: Kingambit\n|-supereffective|p1b: Kingambit\n|-damage|p1b: Kingambit|0 fnt\n|faint|p1b: Kingambit\n|cant|p1a: Flutter Mane|slp\n|move|p2b: Amoonguss|Pollen Puff|p2a: Chien-Pao\n|-heal|p2a: Chien-Pao|74\/100\n|\n|upkeep\n|\n|t:|1681824936\n|switch|p1b: Sylveon|Sylveon, L50, F, shiny|13\/100\n|turn|11\n|\n|t:|1681824952\n|move|p2a: Chien-Pao|Protect|p2a: Chien-Pao\n|-singleturn|p2a: Chien-Pao|Protect\n|-curestatus|p1a: Flutter Mane|slp|[msg]\n|move|p1a: Flutter Mane|Dazzling Gleam|p2a: Chien-Pao|[spread] p2b\n|-activate|p2a: Chien-Pao|move: Protect\n|-resisted|p2b: Amoonguss\n|-damage|p2b: Amoonguss|63\/100\n|move|p1b: Sylveon|Hyper Voice|p2b: Amoonguss|[spread] p2b\n|-activate|p2a: Chien-Pao|move: Protect\n|-resisted|p2b: Amoonguss\n|-damage|p2b: Amoonguss|50\/100\n|move|p2b: Amoonguss|Spore|p1b: Sylveon\n|-status|p1b: Sylveon|slp|[from] move: Spore\n|\n|upkeep\n|turn|12\n|\n|t:|1681824976\n|move|p2a: Chien-Pao|Ice Spinner|p1a: Flutter Mane\n|-damage|p1a: Flutter Mane|2\/100\n|move|p1a: Flutter Mane|Dazzling Gleam|p2a: Chien-Pao|[spread] p2a,p2b\n|-supereffective|p2a: Chien-Pao\n|-resisted|p2b: Amoonguss\n|-damage|p2a: Chien-Pao|0 fnt\n|-damage|p2b: Amoonguss|29\/100\n|faint|p2a: Chien-Pao\n|cant|p1b: Sylveon|slp\n|move|p2b: Amoonguss|Spore|p1a: Flutter Mane\n|-status|p1a: Flutter Mane|slp|[from] move: Spore\n|\n|upkeep\n|turn|13\n|\n|t:|1681824992\n|cant|p1a: Flutter Mane|slp\n|-curestatus|p1b: Sylveon|slp|[msg]\n|move|p1b: Sylveon|Hyper Voice|p2b: Amoonguss\n|-resisted|p2b: Amoonguss\n|-damage|p2b: Amoonguss|10\/100\n|-enditem|p2b: Amoonguss|Aguav Berry|[eat]\n|-heal|p2b: Amoonguss|43\/100|[from] item: Aguav Berry\n|move|p2b: Amoonguss|Clear Smog|p1b: Sylveon\n|-supereffective|p1b: Sylveon\n|-crit|p1b: Sylveon\n|-damage|p1b: Sylveon|0 fnt\n|-clearboost|p1b: Sylveon\n|faint|p1b: Sylveon\n|\n|upkeep\n|turn|14\n|\n|t:|1681825008\n|cant|p1a: Flutter Mane|slp\n|move|p2b: Amoonguss|Clear Smog|p1a: Flutter Mane\n|-damage|p1a: Flutter Mane|0 fnt\n|-clearboost|p1a: Flutter Mane\n|faint|p1a: Flutter Mane\n|-end|p1a: Flutter Mane|Protosynthesis|[silent]\n|\n|win|Zuutokei2\n|raw|LunesMoon's rating: 1240 → 1221<\/strong> (-19 for losing)\n|raw|Zuutokei2's rating: 1321 → 1336<\/strong> (+15 for winning)\n|c|\u2606LunesMoon|gg\n","uploadtime":1681825024,"views":5,"p1id":"lunesmoon","p2id":"zuutokei2","formatid":"gen9vgc2023regulationc","rating":1221,"private":0,"password":""}