{"id":"gen9vgc2023regulationc-1863498037","p1":"LemonadeeeVGC","p2":"Mystic_Spearit","format":"[Gen 9] VGC 2023 Regulation C","log":"|j|\u2606LemonadeeeVGC\n|j|\u2606Mystic_Spearit\n|t:|1684025557\n|gametype|doubles\n|player|p1|LemonadeeeVGC|101|1507\n|player|p2|Mystic_Spearit|hilbert|1586\n|teamsize|p1|6\n|teamsize|p2|6\n|gen|9\n|tier|[Gen 9] VGC 2023 Regulation C\n|rated|\n|rule|Species Clause: Limit one of each Pok\u00e9mon\n|rule|Item Clause: Limit one of each item\n|clearpoke\n|poke|p1|Flutter Mane, L50|\n|poke|p1|Garganacl, L50, F|\n|poke|p1|Amoonguss, L50, M|\n|poke|p1|Dragonite, L50, F|\n|poke|p1|Chi-Yu, L50|\n|poke|p1|Iron Hands, L50|\n|poke|p2|Ceruledge, L50, M|\n|poke|p2|Chien-Pao, L50|\n|poke|p2|Salazzle, L50, F|\n|poke|p2|Flutter Mane, L50|\n|poke|p2|Great Tusk, L50|\n|poke|p2|Gyarados, L50, M|\n|teampreview|4\n|inactive|Battle timer is ON: inactive players will automatically lose when time's up. (requested by LemonadeeeVGC)\nLemonadeeeVGC has agreed to open team sheets.\nMystic_Spearit has agreed to open team sheets.\n|inactive|LemonadeeeVGC has 60 seconds left.\n|inactive|Mystic_Spearit has 60 seconds left.\n|inactive|Mystic_Spearit has 30 seconds left.\n|\n|t:|1684025627\n|start\n|switch|p1a: Garganacl|Garganacl, L50, F|100\/100\n|switch|p1b: Iron Hands|Iron Hands, L50|100\/100\n|switch|p2a: Flutter Mane|Flutter Mane, L50|100\/100\n|switch|p2b: Salazzle|Salazzle, L50, F|100\/100\n|-item|p2b: Salazzle|Air Balloon\n|turn|1\n|\n|t:|1684025648\n|move|p1b: Iron Hands|Protect|p1b: Iron Hands\n|-singleturn|p1b: Iron Hands|Protect\n|move|p2b: Salazzle|Fake Out|p1b: Iron Hands\n|-activate|p1b: Iron Hands|move: Protect\n|move|p2a: Flutter Mane|Substitute|p2a: Flutter Mane\n|-start|p2a: Flutter Mane|Substitute\n|-damage|p2a: Flutter Mane|75\/100\n|move|p1a: Garganacl|Salt Cure|p2a: Flutter Mane\n|-activate|p2a: Flutter Mane|move: Substitute|[damage]\n|\n|-heal|p2a: Flutter Mane|82\/100|[from] item: Leftovers\n|upkeep\n|turn|2\n|\n|t:|1684025672\n|-terastallize|p1b: Iron Hands|Grass\n|move|p2a: Flutter Mane|Protect|p2a: Flutter Mane\n|-singleturn|p2a: Flutter Mane|Protect\n|move|p2b: Salazzle|Acid Spray|p1b: Iron Hands\n|-supereffective|p1b: Iron Hands\n|-crit|p1b: Iron Hands\n|-damage|p1b: Iron Hands|45\/100\n|-unboost|p1b: Iron Hands|spd|2\n|move|p1b: Iron Hands|Wild Charge|p2a: Flutter Mane\n|-activate|p2a: Flutter Mane|move: Protect\n|move|p1a: Garganacl|Salt Cure|p2b: Salazzle\n|-supereffective|p2b: Salazzle\n|-damage|p2b: Salazzle|45\/100\n|-start|p2b: Salazzle|Salt Cure\n|-enditem|p2b: Salazzle|Air Balloon\n|\n|-heal|p2a: Flutter Mane|88\/100|[from] item: Leftovers\n|-damage|p2b: Salazzle|32\/100|[from] Salt Cure\n|upkeep\n|turn|3\n|\n|t:|1684025694\n|-end|p1b: Iron Hands|Quark Drive|[silent]\n|switch|p1b: Dragonite|Dragonite, L50, F|100\/100\n|move|p2a: Flutter Mane|Shadow Ball|p1b: Dragonite\n|-damage|p1b: Dragonite|85\/100\n|-unboost|p1b: Dragonite|spd|1\n|move|p2b: Salazzle|Acid Spray|p1a: Garganacl\n|-resisted|p1a: Garganacl\n|-damage|p1a: Garganacl|94\/100\n|-unboost|p1a: Garganacl|spd|2\n|move|p1a: Garganacl|Salt Cure|p2a: Flutter Mane\n|-end|p2a: Flutter Mane|Substitute\n|\n|-heal|p2a: Flutter Mane|94\/100|[from] item: Leftovers\n|-heal|p1a: Garganacl|99\/100|[from] item: Leftovers\n|-damage|p2b: Salazzle|20\/100|[from] Salt Cure\n|upkeep\n|turn|4\n|inactive|Mystic_Spearit has 30 seconds left.\n|j| THUNDERSND77\n|\n|t:|1684025729\n|switch|p2b: Gyarados|Gyarados, L50, M|100\/100\n|-ability|p2b: Gyarados|Intimidate|boost\n|-unboost|p1a: Garganacl|atk|1\n|-unboost|p1b: Dragonite|atk|1\n|move|p2a: Flutter Mane|Protect|p2a: Flutter Mane\n|-singleturn|p2a: Flutter Mane|Protect\n|move|p1b: Dragonite|Protect|p1b: Dragonite\n|-singleturn|p1b: Dragonite|Protect\n|move|p1a: Garganacl|Salt Cure|p2a: Flutter Mane\n|-activate|p2a: Flutter Mane|move: Protect\n|\n|-heal|p2a: Flutter Mane|100\/100|[from] item: Leftovers\n|-heal|p1a: Garganacl|100\/100|[from] item: Leftovers\n|upkeep\n|turn|5\n|inactive|Mystic_Spearit has 30 seconds left.\n|\n|t:|1684025757\n|move|p2a: Flutter Mane|Moonblast|p1a: Garganacl\n|-damage|p1a: Garganacl|48\/100\n|-unboost|p1a: Garganacl|spa|1\n|move|p2b: Gyarados|Waterfall|p1a: Garganacl\n|-supereffective|p1a: Garganacl\n|-damage|p1a: Garganacl|0 fnt\n|faint|p1a: Garganacl\n|move|p1b: Dragonite|Ice Spinner|p2a: Flutter Mane\n|-damage|p2a: Flutter Mane|72\/100\n|\n|-heal|p2a: Flutter Mane|79\/100|[from] item: Leftovers\n|upkeep\n|\n|t:|1684025774\n|switch|p1a: Flutter Mane|Flutter Mane, L50|100\/100\n|turn|6\n|\n|t:|1684025784\n|switch|p1b: Iron Hands|Iron Hands, L50, tera:Grass|45\/100\n|move|p2a: Flutter Mane|Protect|p2a: Flutter Mane\n|-singleturn|p2a: Flutter Mane|Protect\n|move|p1a: Flutter Mane|Shadow Ball|p2a: Flutter Mane\n|-activate|p2a: Flutter Mane|move: Protect\n|move|p2b: Gyarados|Thunder Wave|p1a: Flutter Mane\n|-status|p1a: Flutter Mane|par\n|\n|-heal|p2a: Flutter Mane|85\/100|[from] item: Leftovers\n|upkeep\n|turn|7\n|\n|t:|1684025802\n|-end|p2a: Flutter Mane|Protosynthesis|[silent]\n|switch|p2a: Salazzle|Salazzle, L50, F|20\/100\n|move|p2b: Gyarados|Protect|p2b: Gyarados\n|-singleturn|p2b: Gyarados|Protect\n|move|p1a: Flutter Mane|Shadow Ball|p2a: Salazzle\n|-damage|p2a: Salazzle|0 fnt\n|faint|p2a: Salazzle\n|move|p1b: Iron Hands|Wild Charge|p2b: Gyarados\n|-activate|p2b: Gyarados|move: Protect\n|\n|upkeep\n|\n|t:|1684025821\n|switch|p2a: Great Tusk|Great Tusk, L50|100\/100\n|turn|8\n|\n|t:|1684025842\n|move|p1b: Iron Hands|Protect|p1b: Iron Hands\n|-singleturn|p1b: Iron Hands|Protect\n|move|p2a: Great Tusk|Ice Spinner|p1b: Iron Hands\n|-activate|p1b: Iron Hands|move: Protect\n|move|p2b: Gyarados|Waterfall|p1a: Flutter Mane\n|-damage|p1a: Flutter Mane|17\/100 par\n|cant|p1a: Flutter Mane|par\n|\n|upkeep\n|turn|9\n|\n|t:|1684025862\n|-end|p1a: Flutter Mane|Protosynthesis|[silent]\n|switch|p1a: Dragonite|Dragonite, L50, F|85\/100\n|move|p1b: Iron Hands|Protect||[still]\n|-fail|p1b: Iron Hands\n|move|p2a: Great Tusk|Ice Spinner|p1b: Iron Hands\n|-supereffective|p1b: Iron Hands\n|-damage|p1b: Iron Hands|2\/100\n|move|p2b: Gyarados|Waterfall|p1a: Dragonite\n|-resisted|p1a: Dragonite\n|-damage|p1a: Dragonite|67\/100\n|\n|upkeep\n|turn|10\n|\n|t:|1684025880\n|move|p1b: Iron Hands|Protect|p1b: Iron Hands\n|-singleturn|p1b: Iron Hands|Protect\n|move|p2a: Great Tusk|Ice Spinner|p1a: Dragonite\n|-supereffective|p1a: Dragonite\n|-damage|p1a: Dragonite|0 fnt\n|faint|p1a: Dragonite\n|move|p2b: Gyarados|Waterfall|p1b: Iron Hands\n|-activate|p1b: Iron Hands|move: Protect\n|\n|upkeep\n|-message|LemonadeeeVGC forfeited.\n|\n|win|Mystic_Spearit\n|raw|LemonadeeeVGC's rating: 1507 → 1491<\/strong> (-16 for losing)\n|raw|Mystic_Spearit's rating: 1586 → 1602<\/strong> (+16 for winning)\n|l|\u2606LemonadeeeVGC\n|l|\u2606Mystic_Spearit\n|j| LasermanZ111\n","uploadtime":1684025900,"views":7,"p1id":"lemonadeeevgc","p2id":"mysticspearit","formatid":"gen9vgc2023regulationc","rating":1491,"private":0,"password":""}