{"id":"gen9vgc2023regulationc-1857696982","p1":"Arcacagne","p2":"assprinatschool","format":"[Gen 9] VGC 2023 Regulation C","log":"|j|\u2606Arcacagne\n|j|\u2606assprinatschool\n|t:|1683223185\n|gametype|doubles\n|player|p1|Arcacagne|170|1266\n|player|p2|assprinatschool|2|1270\n|teamsize|p1|6\n|teamsize|p2|6\n|gen|9\n|tier|[Gen 9] VGC 2023 Regulation C\n|rated|\n|rule|Species Clause: Limit one of each Pok\u00e9mon\n|rule|Item Clause: Limit one of each item\n|clearpoke\n|poke|p1|Chi-Yu, L50|\n|poke|p1|Flutter Mane, L50|\n|poke|p1|Amoonguss, L50, F|\n|poke|p1|Palafin, L50, F|\n|poke|p1|Kingambit, L50, M|\n|poke|p1|Arcanine, L50, F|\n|poke|p2|Glimmora, L50, M|\n|poke|p2|Garganacl, L50, M|\n|poke|p2|Tyranitar, L50, M|\n|poke|p2|Houndstone, L50, F|\n|poke|p2|Gyarados, L50, F|\n|poke|p2|Rotom-Mow, L50|\n|teampreview|4\nassprinatschool has agreed to open team sheets.\n|\n|t:|1683223240\n|start\n|switch|p1a: Kingambit|Kingambit, L50, M|100\/100\n|switch|p1b: Palafin|Palafin, L50, F|100\/100\n|switch|p2a: Houndstone|Houndstone, L50, F|100\/100\n|switch|p2b: Tyranitar|Tyranitar, L50, M|100\/100\n|-weather|Sandstorm|[from] ability: Sand Stream|[of] p2b: Tyranitar\n|turn|1\n|\n|t:|1683223256\n|detailschange|p1b: Palafin|Palafin-Hero, L50, F\n|switch|p1b: Arcanine|Arcanine, L50, F|100\/100\n|-ability|p1b: Arcanine|Intimidate|boost\n|-unboost|p2a: Houndstone|atk|1\n|-fail|p2b: Tyranitar|unboost|[from] item: Clear Amulet|[of] p2b: Tyranitar\n|move|p2a: Houndstone|Will-O-Wisp|p1a: Kingambit\n|-status|p1a: Kingambit|brn\n|-enditem|p1a: Kingambit|Lum Berry|[eat]\n|-curestatus|p1a: Kingambit|brn|[msg]\n|move|p2b: Tyranitar|Rock Slide|p1b: Arcanine|[spread] p1a,p1b\n|-resisted|p1a: Kingambit\n|-supereffective|p1b: Arcanine\n|-damage|p1a: Kingambit|88\/100\n|-damage|p1b: Arcanine|45\/100\n|move|p1a: Kingambit|Swords Dance|p1a: Kingambit\n|-boost|p1a: Kingambit|atk|2\n|\n|-weather|Sandstorm|[upkeep]\n|-damage|p1b: Arcanine|39\/100|[from] Sandstorm\n|upkeep\n|turn|2\n|\n|t:|1683223288\n|move|p2b: Tyranitar|Protect|p2b: Tyranitar\n|-singleturn|p2b: Tyranitar|Protect\n|move|p2a: Houndstone|Will-O-Wisp|p1a: Kingambit\n|-status|p1a: Kingambit|brn\n|move|p1b: Arcanine|Will-O-Wisp|p2b: Tyranitar\n|-activate|p2b: Tyranitar|move: Protect\n|move|p1a: Kingambit|Kowtow Cleave|p2a: Houndstone\n|-supereffective|p2a: Houndstone\n|-damage|p2a: Houndstone|19\/100\n|-enditem|p2a: Houndstone|Sitrus Berry|[eat]\n|-heal|p2a: Houndstone|44\/100|[from] item: Sitrus Berry\n|\n|-weather|Sandstorm|[upkeep]\n|-damage|p1b: Arcanine|32\/100|[from] Sandstorm\n|-damage|p1a: Kingambit|82\/100 brn|[from] brn\n|upkeep\n|turn|3\n|\n|t:|1683223310\n|switch|p1b: Amoonguss|Amoonguss, L50, F|100\/100\n|move|p2a: Houndstone|Howl|p2a: Houndstone|[spread] p2a,p2b\n|-boost|p2a: Houndstone|atk|1\n|-boost|p2b: Tyranitar|atk|1\n|move|p2b: Tyranitar|Rock Slide|p1a: Kingambit|[spread] p1a,p1b\n|-resisted|p1a: Kingambit\n|-damage|p1a: Kingambit|64\/100 brn\n|-damage|p1b: Amoonguss|58\/100\n|move|p1a: Kingambit|Swords Dance|p1a: Kingambit\n|-boost|p1a: Kingambit|atk|2\n|\n|-weather|Sandstorm|[upkeep]\n|-damage|p1b: Amoonguss|53\/100|[from] Sandstorm\n|-damage|p1a: Kingambit|58\/100 brn|[from] brn\n|upkeep\n|turn|4\n|\n|t:|1683223338\n|-terastallize|p2b: Tyranitar|Flying\n|move|p2a: Houndstone|Howl|p2a: Houndstone|[spread] p2a,p2b\n|-boost|p2a: Houndstone|atk|1\n|-boost|p2b: Tyranitar|atk|1\n|move|p2b: Tyranitar|Tera Blast|p1b: Amoonguss\n|-supereffective|p1b: Amoonguss\n|-crit|p1b: Amoonguss\n|-damage|p1b: Amoonguss|0 fnt\n|faint|p1b: Amoonguss\n|move|p1a: Kingambit|Iron Head|p2b: Tyranitar\n|-damage|p2b: Tyranitar|38\/100\n|\n|-weather|Sandstorm|[upkeep]\n|-damage|p2b: Tyranitar|32\/100|[from] Sandstorm\n|-damage|p1a: Kingambit|52\/100 brn|[from] brn\n|upkeep\n|\n|t:|1683223352\n|switch|p1b: Palafin|Palafin-Hero, L50, F|100\/100\n|-activate|p1b: Palafin|ability: Zero to Hero\n|turn|5\n|\n|t:|1683223365\n|move|p1b: Palafin|Jet Punch|p2a: Houndstone\n|-damage|p2a: Houndstone|6\/100\n|move|p1a: Kingambit|Sucker Punch|p2b: Tyranitar\n|-damage|p2b: Tyranitar|0 fnt\n|faint|p2b: Tyranitar\n|move|p2a: Houndstone|Will-O-Wisp|p1b: Palafin\n|-status|p1b: Palafin|brn\n|\n|-weather|none\n|-damage|p1b: Palafin|94\/100 brn|[from] brn\n|-damage|p1a: Kingambit|46\/100 brn|[from] brn\n|upkeep\n|\n|t:|1683223372\n|switch|p2b: Glimmora|Glimmora, L50, M|100\/100\n|turn|6\n|\n|t:|1683223386\n|move|p1b: Palafin|Jet Punch|p2a: Houndstone\n|-damage|p2a: Houndstone|0 fnt\n|faint|p2a: Houndstone\n|move|p2b: Glimmora|Earth Power|p1a: Kingambit\n|-supereffective|p1a: Kingambit\n|-damage|p1a: Kingambit|0 fnt\n|faint|p1a: Kingambit\n|\n|-damage|p1b: Palafin|88\/100 brn|[from] brn\n|upkeep\n|\n|t:|1683223395\n|switch|p2a: Rotom|Rotom-Mow, L50|100\/100\n|switch|p1a: Arcanine|Arcanine, L50, F|32\/100\n|-ability|p1a: Arcanine|Intimidate|boost\n|-unboost|p2a: Rotom|atk|1\n|-unboost|p2b: Glimmora|atk|1\n|-enditem|p2a: Rotom|White Herb\n|-clearnegativeboost|p2a: Rotom|[silent]\n|turn|7\n|\n|t:|1683223412\n|-terastallize|p1a: Arcanine|Grass\n|move|p1b: Palafin|Wave Crash|p2b: Glimmora\n|-supereffective|p2b: Glimmora\n|-damage|p2b: Glimmora|13\/100\n|-activate|p2b: Glimmora|ability: Toxic Debris\n|-sidestart|p1: Arcacagne|move: Toxic Spikes\n|-damage|p1b: Palafin|57\/100 brn|[from] Recoil\n|move|p2a: Rotom|Leaf Storm|p1b: Palafin\n|-supereffective|p1b: Palafin\n|-damage|p1b: Palafin|0 fnt\n|-unboost|p2a: Rotom|spa|2\n|faint|p1b: Palafin\n|move|p1a: Arcanine|Flare Blitz|p2a: Rotom\n|-supereffective|p2a: Rotom\n|-damage|p2a: Rotom|0 fnt\n|faint|p2a: Rotom\n|-damage|p1a: Arcanine|6\/100|[from] Recoil\n|-enditem|p1a: Arcanine|Aguav Berry|[eat]\n|-heal|p1a: Arcanine|39\/100|[from] item: Aguav Berry\n|move|p2b: Glimmora|Power Gem|p1a: Arcanine\n|-damage|p1a: Arcanine|0 fnt\n|faint|p1a: Arcanine\n|\n|win|assprinatschool\n|raw|Arcacagne's rating: 1266 → 1241<\/strong> (-25 for losing)\n|raw|assprinatschool's rating: 1270 → 1295<\/strong> (+25 for winning)\n|l|\u2606assprinatschool\n","uploadtime":1683223441,"views":20,"p1id":"arcacagne","p2id":"assprinatschool","formatid":"gen9vgc2023regulationc","rating":1241,"private":0,"password":""}