{"id":"gen9vgc2023regulationc-1851713953","p1":"cottoncandycaleb","p2":"CblonVGC","format":"[Gen 9] VGC 2023 Regulation C","log":"|j|\u2606cottoncandycaleb\n|j|\u2606CblonVGC\n|t:|1682473235\n|gametype|doubles\n|player|p1|cottoncandycaleb|roughneck-gen4|1260\n|player|p2|CblonVGC|preschooler|1382\n|teamsize|p1|6\n|teamsize|p2|6\n|gen|9\n|tier|[Gen 9] VGC 2023 Regulation C\n|rated|\n|rule|Species Clause: Limit one of each Pok\u00e9mon\n|rule|Item Clause: Limit one of each item\n|clearpoke\n|poke|p1|Lycanroc-Midnight, L50, M|\n|poke|p1|Medicham, L50, F|\n|poke|p1|Dondozo, L50, M|\n|poke|p1|Tatsugiri-Stretchy, L50, M|\n|poke|p1|Mimikyu, L50, M|\n|poke|p1|Ting-Lu, L50|\n|poke|p2|Amoonguss, L50, M|\n|poke|p2|Tyranitar, L50, M|\n|poke|p2|Garchomp, L50, M|\n|poke|p2|Palafin, L50, F|\n|poke|p2|Corviknight, L50, M|\n|poke|p2|Glimmora, L50, M|\n|teampreview|4\n|\n|t:|1682473268\n|start\n|switch|p1a: Lycanroc|Lycanroc-Midnight, L50, M|100\/100\n|switch|p1b: Medicham|Medicham, L50, F|100\/100\n|switch|p2a: Corviknight|Corviknight, L50, M|100\/100\n|switch|p2b: Garchomp|Garchomp, L50, M|100\/100\n|turn|1\n|\n|t:|1682473302\n|move|p1b: Medicham|Fake Out|p2b: Garchomp\n|-damage|p2b: Garchomp|83\/100\n|move|p1a: Lycanroc|Stone Edge|p2a: Corviknight\n|-damage|p2a: Corviknight|59\/100\n|cant|p2b: Garchomp|flinch\n|move|p2a: Corviknight|Brave Bird|p1b: Medicham\n|-supereffective|p1b: Medicham\n|-enditem|p1b: Medicham|Focus Sash\n|-damage|p1b: Medicham|1\/100\n|-damage|p2a: Corviknight|37\/100|[from] Recoil\n|\n|upkeep\n|turn|2\n|\n|t:|1682473325\n|move|p1b: Medicham|Skill Swap|p1a: Lycanroc\n|-activate|p1b: Medicham|move: Skill Swap|||[of] p1a: Lycanroc\n|move|p1a: Lycanroc|Rock Slide|p2b: Garchomp|[spread] p2a,p2b\n|-resisted|p2b: Garchomp\n|-damage|p2a: Corviknight|0 fnt\n|-damage|p2b: Garchomp|56\/100\n|faint|p2a: Corviknight\n|move|p2b: Garchomp|Earthquake|p1b: Medicham|[spread] p1a,p1b\n|-supereffective|p1a: Lycanroc\n|-damage|p1a: Lycanroc|0 fnt\n|-damage|p1b: Medicham|0 fnt\n|faint|p1a: Lycanroc\n|faint|p1b: Medicham\n|\n|upkeep\n|\n|t:|1682473332\n|switch|p1b: Tatsugiri|Tatsugiri-Stretchy, L50, M|100\/100\n|switch|p1a: Dondozo|Dondozo, L50, M|100\/100\n|switch|p2a: Amoonguss|Amoonguss, L50, M, shiny|100\/100\n|-activate|p1b: Tatsugiri|ability: Commander|[of] p1a: Dondozo\n|-boost|p1a: Dondozo|atk|2\n|-boost|p1a: Dondozo|spa|2\n|-boost|p1a: Dondozo|spe|2\n|-boost|p1a: Dondozo|def|2\n|-boost|p1a: Dondozo|spd|2\n|turn|3\n|\n|t:|1682473356\n|move|p2b: Garchomp|Protect|p2b: Garchomp\n|-singleturn|p2b: Garchomp|Protect\n|move|p1a: Dondozo|Fissure|p2a: Amoonguss|[miss]\n|-miss|p1a: Dondozo|p2a: Amoonguss\n|move|p2a: Amoonguss|Clear Smog|p1a: Dondozo\n|-damage|p1a: Dondozo|93\/100\n|-clearboost|p1a: Dondozo\n|\n|-heal|p1a: Dondozo|99\/100|[from] item: Leftovers\n|upkeep\n|turn|4\n|\n|t:|1682473370\n|move|p2b: Garchomp|Rock Slide|p1b: Tatsugiri|[spread] p1a\n|-miss|p2b: Garchomp|p1b: Tatsugiri\n|-damage|p1a: Dondozo|84\/100\n|cant|p1a: Dondozo|flinch\n|move|p2a: Amoonguss|Spore|p1a: Dondozo\n|-status|p1a: Dondozo|slp|[from] move: Spore\n|\n|-heal|p1a: Dondozo|91\/100 slp|[from] item: Leftovers\n|upkeep\n|turn|5\n|-message|cottoncandycaleb forfeited.\n|\n|win|CblonVGC\n|raw|cottoncandycaleb's rating: 1260 → 1243<\/strong> (-17 for losing)\n|raw|CblonVGC's rating: 1382 → 1395<\/strong> (+13 for winning)\n|l|\u2606cottoncandycaleb\n|l|\u2606CblonVGC\n|j|\u2606CblonVGC\n|player|p2|CblonVGC|preschooler\n","uploadtime":1682473389,"views":12,"p1id":"cottoncandycaleb","p2id":"cblonvgc","formatid":"gen9vgc2023regulationc","rating":1243,"private":0,"password":""}