{"id":"gen9vgc2023regulationc-1845157981","p1":"luzonvgc","p2":"Treeckoguy1","format":"[Gen 9] VGC 2023 Regulation C","log":"|j|\u2606luzonvgc\n|j|\u2606Treeckoguy1\n|t:|1681690491\n|gametype|doubles\n|player|p1|luzonvgc|lisia|1323\n|player|p2|Treeckoguy1|2|1340\n|teamsize|p1|6\n|teamsize|p2|6\n|gen|9\n|tier|[Gen 9] VGC 2023 Regulation C\n|rated|\n|rule|Species Clause: Limit one of each Pok\u00e9mon\n|rule|Item Clause: Limit one of each item\n|clearpoke\n|poke|p1|Dragonite, L50, F|\n|poke|p1|Lilligant, L50, F|\n|poke|p1|Great Tusk, L50|\n|poke|p1|Torkoal, L50, F|\n|poke|p1|Chien-Pao, L50|\n|poke|p1|Flutter Mane, L50|\n|poke|p2|Ceruledge, L50, F|\n|poke|p2|Grafaiai, L50, M|\n|poke|p2|Tatsugiri-Droopy, L50, F|\n|poke|p2|Dondozo, L50, F|\n|poke|p2|Wo-Chien, L50|\n|poke|p2|Lucario, L50, F|\n|teampreview|4\n|\n|t:|1681690520\n|start\n|switch|p1a: Barney|Dragonite, L50, F|100\/100\n|switch|p1b: Chien-Pao|Chien-Pao, L50|100\/100\n|switch|p2a: Ceruledge|Ceruledge, L50, F|100\/100\n|switch|p2b: Dondozo|Dondozo, L50, F|100\/100\n|-ability|p1b: Chien-Pao|Sword of Ruin\n|turn|1\n|\n|t:|1681690551\n|move|p1b: Chien-Pao|Protect|p1b: Chien-Pao\n|-singleturn|p1b: Chien-Pao|Protect\n|move|p2a: Ceruledge|Protect|p2a: Ceruledge\n|-singleturn|p2a: Ceruledge|Protect\n|move|p1a: Barney|Stomping Tantrum|p2a: Ceruledge\n|-activate|p2a: Ceruledge|move: Protect\n|move|p2b: Dondozo|Surf|p1b: Chien-Pao|[spread] p1a\n|-activate|p2a: Ceruledge|move: Protect\n|-activate|p1b: Chien-Pao|move: Protect\n|-resisted|p1a: Barney\n|-damage|p1a: Barney|97\/100\n|\n|upkeep\n|turn|2\n|\n|t:|1681690578\n|switch|p1a: Great Tusk|Great Tusk, L50|100\/100\n|switch|p2a: Wo-Chien|Wo-Chien, L50|100\/100\n|-ability|p2a: Wo-Chien|Tablets of Ruin\n|move|p1b: Chien-Pao|Sacred Sword|p2b: Dondozo\n|-damage|p2b: Dondozo|83\/100\n|move|p2b: Dondozo|Rock Slide|p1a: Great Tusk|[spread] p1a,p1b\n|-resisted|p1a: Great Tusk\n|-supereffective|p1b: Chien-Pao\n|-damage|p1a: Great Tusk|98\/100\n|-damage|p1b: Chien-Pao|66\/100\n|\n|upkeep\n|turn|3\n|\n|t:|1681690596\n|move|p2a: Wo-Chien|Protect|p2a: Wo-Chien\n|-singleturn|p2a: Wo-Chien|Protect\n|move|p1a: Great Tusk|Close Combat|p2a: Wo-Chien\n|-activate|p2a: Wo-Chien|move: Protect\n|move|p1b: Chien-Pao|Ice Spinner|p2a: Wo-Chien\n|-activate|p2a: Wo-Chien|move: Protect\n|move|p2b: Dondozo|Wave Crash|p1a: Great Tusk\n|-supereffective|p1a: Great Tusk\n|-damage|p1a: Great Tusk|13\/100\n|-damage|p2b: Dondozo|62\/100|[from] Recoil\n|\n|upkeep\n|turn|4\n|\n|t:|1681690610\n|switch|p2a: Ceruledge|Ceruledge, L50, F|100\/100\n|move|p1b: Chien-Pao|Sucker Punch|p2b: Dondozo\n|-damage|p2b: Dondozo|39\/100\n|move|p1a: Great Tusk|Close Combat|p2b: Dondozo\n|-damage|p2b: Dondozo|0 fnt\n|-unboost|p1a: Great Tusk|def|1\n|-unboost|p1a: Great Tusk|spd|1\n|faint|p2b: Dondozo\n|\n|upkeep\n|\n|t:|1681690626\n|switch|p2b: Wo-Chien|Wo-Chien, L50|100\/100\n|-ability|p2b: Wo-Chien|Tablets of Ruin\n|turn|5\n|\n|t:|1681690645\n|move|p1b: Chien-Pao|Protect|p1b: Chien-Pao\n|-singleturn|p1b: Chien-Pao|Protect\n|move|p2a: Ceruledge|Shadow Sneak|p1a: Great Tusk\n|-damage|p1a: Great Tusk|0 fnt\n|faint|p1a: Great Tusk\n|-end|p1a: Great Tusk|Protosynthesis|[silent]\n|move|p2b: Wo-Chien|Pollen Puff|p1b: Chien-Pao\n|-activate|p1b: Chien-Pao|move: Protect\n|\n|upkeep\n|\n|t:|1681690660\n|switch|p1a: Vitany|Flutter Mane, L50, shiny|100\/100\n|turn|6\n|\n|t:|1681690683\n|-terastallize|p1a: Vitany|Steel\n|-terastallize|p2b: Wo-Chien|Water\n|move|p2a: Ceruledge|Protect|p2a: Ceruledge\n|-singleturn|p2a: Ceruledge|Protect\n|move|p1b: Chien-Pao|Sucker Punch||[still]\n|-fail|p1b: Chien-Pao\n|move|p1a: Vitany|Moonblast|p2b: Wo-Chien\n|-damage|p2b: Wo-Chien|50\/100\n|move|p2b: Wo-Chien|Pollen Puff|p1b: Chien-Pao\n|-supereffective|p1b: Chien-Pao\n|-damage|p1b: Chien-Pao|0 fnt\n|faint|p1b: Chien-Pao\n|\n|-heal|p2b: Wo-Chien|56\/100|[from] item: Leftovers\n|upkeep\n|\n|t:|1681690698\n|switch|p1b: Barney|Dragonite, L50, F|97\/100\n|turn|7\n|\n|t:|1681690721\n|switch|p2a: Tatsugiri|Tatsugiri-Droopy, L50, F, shiny|100\/100\n|move|p1a: Vitany|Moonblast|p2a: Tatsugiri\n|-supereffective|p2a: Tatsugiri\n|-enditem|p2a: Tatsugiri|Focus Sash\n|-damage|p2a: Tatsugiri|1\/100\n|move|p1b: Barney|Stomping Tantrum|p2a: Tatsugiri\n|-damage|p2a: Tatsugiri|0 fnt\n|faint|p2a: Tatsugiri\n|move|p2b: Wo-Chien|Leech Seed|p1a: Vitany\n|-start|p1a: Vitany|move: Leech Seed\n|\n|-heal|p2b: Wo-Chien|62\/100|[from] item: Leftovers\n|-damage|p1a: Vitany|88\/100|[from] Leech Seed|[of] p2b: Wo-Chien\n|-heal|p2b: Wo-Chien|71\/100|[silent]\n|upkeep\n|\n|t:|1681690727\n|switch|p2a: Ceruledge|Ceruledge, L50, F|100\/100\n|turn|8\n|\n|t:|1681690735\n|move|p2a: Ceruledge|Protect|p2a: Ceruledge\n|-singleturn|p2a: Ceruledge|Protect\n|move|p1a: Vitany|Moonblast|p2a: Ceruledge\n|-activate|p2a: Ceruledge|move: Protect\n|move|p1b: Barney|Stomping Tantrum|p2a: Ceruledge\n|-activate|p2a: Ceruledge|move: Protect\n|move|p2b: Wo-Chien|Leech Seed|p1b: Barney\n|-start|p1b: Barney|move: Leech Seed\n|\n|-heal|p2b: Wo-Chien|77\/100|[from] item: Leftovers\n|-damage|p1a: Vitany|76\/100|[from] Leech Seed|[of] p2b: Wo-Chien\n|-heal|p2b: Wo-Chien|85\/100|[silent]\n|-damage|p1b: Barney|85\/100|[from] Leech Seed|[of] p2b: Wo-Chien\n|-heal|p2b: Wo-Chien|97\/100|[silent]\n|upkeep\n|turn|9\n|\n|t:|1681690753\n|move|p1a: Vitany|Moonblast|p2a: Ceruledge\n|-resisted|p2a: Ceruledge\n|-damage|p2a: Ceruledge|63\/100\n|-unboost|p2a: Ceruledge|spa|1\n|move|p1b: Barney|Stomping Tantrum|p2a: Ceruledge\n|-supereffective|p2a: Ceruledge\n|-damage|p2a: Ceruledge|0 fnt\n|faint|p2a: Ceruledge\n|move|p2b: Wo-Chien|Pollen Puff|p2: Ceruledge|[notarget]\n|-fail|p2b: Wo-Chien\n|\n|-heal|p2b: Wo-Chien|100\/100|[from] item: Leftovers\n|-damage|p1a: Vitany|64\/100|[from] Leech Seed|[of] p2b: Wo-Chien\n|-damage|p1b: Barney|73\/100|[from] Leech Seed|[of] p2b: Wo-Chien\n|upkeep\n|turn|10\n|\n|t:|1681690765\n|move|p2b: Wo-Chien|Protect|p2b: Wo-Chien\n|-singleturn|p2b: Wo-Chien|Protect\n|move|p1a: Vitany|Moonblast|p2b: Wo-Chien\n|-activate|p2b: Wo-Chien|move: Protect\n|move|p1b: Barney|Stomping Tantrum|p2b: Wo-Chien\n|-activate|p2b: Wo-Chien|move: Protect\n|\n|-damage|p1a: Vitany|52\/100|[from] Leech Seed|[of] p2b: Wo-Chien\n|-damage|p1b: Barney|61\/100|[from] Leech Seed|[of] p2b: Wo-Chien\n|upkeep\n|turn|11\n|\n|t:|1681690773\n|move|p1a: Vitany|Moonblast|p2b: Wo-Chien\n|-damage|p2b: Wo-Chien|52\/100\n|move|p1b: Barney|Stomping Tantrum|p2b: Wo-Chien\n|-damage|p2b: Wo-Chien|27\/100\n|move|p2b: Wo-Chien|Giga Drain|p1a: Vitany\n|-resisted|p1a: Vitany\n|-damage|p1a: Vitany|40\/100\n|-heal|p2b: Wo-Chien|31\/100|[from] drain|[of] p1a: Vitany\n|\n|-heal|p2b: Wo-Chien|37\/100|[from] item: Leftovers\n|-damage|p1a: Vitany|28\/100|[from] Leech Seed|[of] p2b: Wo-Chien\n|-heal|p2b: Wo-Chien|46\/100|[silent]\n|-damage|p1b: Barney|49\/100|[from] Leech Seed|[of] p2b: Wo-Chien\n|-heal|p2b: Wo-Chien|58\/100|[silent]\n|upkeep\n|turn|12\n|\n|t:|1681690788\n|move|p2b: Wo-Chien|Protect|p2b: Wo-Chien\n|-singleturn|p2b: Wo-Chien|Protect\n|move|p1a: Vitany|Moonblast|p2b: Wo-Chien\n|-activate|p2b: Wo-Chien|move: Protect\n|move|p1b: Barney|Stomping Tantrum|p2b: Wo-Chien\n|-activate|p2b: Wo-Chien|move: Protect\n|\n|-heal|p2b: Wo-Chien|64\/100|[from] item: Leftovers\n|-damage|p1a: Vitany|16\/100|[from] Leech Seed|[of] p2b: Wo-Chien\n|-heal|p2b: Wo-Chien|72\/100|[silent]\n|-damage|p1b: Barney|36\/100|[from] Leech Seed|[of] p2b: Wo-Chien\n|-heal|p2b: Wo-Chien|84\/100|[silent]\n|upkeep\n|turn|13\n|\n|t:|1681690797\n|move|p1a: Vitany|Moonblast|p2b: Wo-Chien\n|-damage|p2b: Wo-Chien|30\/100\n|move|p1b: Barney|Stomping Tantrum|p2b: Wo-Chien\n|-damage|p2b: Wo-Chien|4\/100\n|move|p2b: Wo-Chien|Giga Drain|p1a: Vitany\n|-resisted|p1a: Vitany\n|-damage|p1a: Vitany|4\/100\n|-heal|p2b: Wo-Chien|9\/100|[from] drain|[of] p1a: Vitany\n|\n|-heal|p2b: Wo-Chien|15\/100|[from] item: Leftovers\n|-damage|p1a: Vitany|0 fnt|[from] Leech Seed|[of] p2b: Wo-Chien\n|-heal|p2b: Wo-Chien|17\/100|[silent]\n|faint|p1a: Vitany\n|-end|p1a: Vitany|Protosynthesis|[silent]\n|-damage|p1b: Barney|24\/100|[from] Leech Seed|[of] p2b: Wo-Chien\n|-heal|p2b: Wo-Chien|29\/100|[silent]\n|upkeep\n|turn|14\n|\n|t:|1681690804\n|move|p2b: Wo-Chien|Protect|p2b: Wo-Chien\n|-singleturn|p2b: Wo-Chien|Protect\n|move|p1b: Barney|Stomping Tantrum|p2b: Wo-Chien\n|-activate|p2b: Wo-Chien|move: Protect\n|\n|-heal|p2b: Wo-Chien|35\/100|[from] item: Leftovers\n|-damage|p1b: Barney|12\/100|[from] Leech Seed|[of] p2b: Wo-Chien\n|-heal|p2b: Wo-Chien|47\/100|[silent]\n|upkeep\n|turn|15\n|\n|t:|1681690810\n|move|p1b: Barney|Stomping Tantrum|p2b: Wo-Chien\n|-damage|p2b: Wo-Chien|21\/100\n|move|p2b: Wo-Chien|Giga Drain|p1b: Barney\n|-resisted|p1b: Barney\n|-damage|p1b: Barney|6\/100\n|-heal|p2b: Wo-Chien|24\/100|[from] drain|[of] p1b: Barney\n|\n|-heal|p2b: Wo-Chien|31\/100|[from] item: Leftovers\n|-damage|p1b: Barney|0 fnt|[from] Leech Seed|[of] p2b: Wo-Chien\n|-heal|p2b: Wo-Chien|36\/100|[silent]\n|faint|p1b: Barney\n|\n|win|Treeckoguy1\n|upkeep\n|raw|luzonvgc's rating: 1323 → 1304<\/strong> (-19 for losing)\n|raw|Treeckoguy1's rating: 1340 → 1359<\/strong> (+19 for winning)\n|l|\u2606luzonvgc\n","uploadtime":1681690926,"views":12,"p1id":"luzonvgc","p2id":"treeckoguy1","formatid":"gen9vgc2023regulationc","rating":1304,"private":0,"password":""}