{"id":"gen9vgc2023regulationc-1861547933","p1":"Warkon99","p2":"GeasGX","format":"[Gen 9] VGC 2023 Regulation C","log":"|j|\u2606Warkon99\n|j|\u2606GeasGX\n|t:|1683771633\n|gametype|doubles\n|player|p1|Warkon99|lillie-masters|\n|player|p2|GeasGX|hugh|\n|teamsize|p1|6\n|teamsize|p2|6\n|gen|9\n|tier|[Gen 9] VGC 2023 Regulation C\n|rule|Species Clause: Limit one of each Pok\u00e9mon\n|rule|Item Clause: Limit one of each item\n|clearpoke\n|poke|p1|Lycanroc, L50, M|\n|poke|p1|Tyranitar, L50, M|\n|poke|p1|Dondozo, L50, M|\n|poke|p1|Tatsugiri, L50, M|\n|poke|p1|Meowscarada, L50, M|\n|poke|p1|Rotom-Heat, L50|\n|poke|p2|Gastrodon, L50, M|\n|poke|p2|Dragonite, L50, M|\n|poke|p2|Chien-Pao, L50|\n|poke|p2|Gallade, L50, M|\n|poke|p2|Arcanine, L50, F|\n|poke|p2|Flutter Mane, L50|\n|teampreview|4\n|j| MeteorPlayz_\n|j| Slandorxs\n|\n|t:|1683771668\n|start\n|switch|p1a: Lycanroc|Lycanroc, L50, M|100\/100\n|switch|p1b: Tyranitar|Tyranitar, L50, M|100\/100\n|switch|p2a: PaoGasol|Chien-Pao, L50|100\/100\n|switch|p2b: NormalOsborn|Dragonite, L50, M|100\/100\n|-ability|p2a: PaoGasol|Sword of Ruin\n|-weather|Sandstorm|[from] ability: Sand Stream|[of] p1b: Tyranitar\n|turn|1\n|\n|t:|1683771695\n|-terastallize|p1a: Lycanroc|Ghost\n|move|p2a: PaoGasol|Protect|p2a: PaoGasol\n|-singleturn|p2a: PaoGasol|Protect\n|move|p1a: Lycanroc|Rock Slide|p2b: NormalOsborn|[spread] p2b\n|-activate|p2a: PaoGasol|move: Protect\n|-supereffective|p2b: NormalOsborn\n|-damage|p2b: NormalOsborn|63\/100\n|move|p2b: NormalOsborn|Tailwind|p2b: NormalOsborn\n|-sidestart|p2: GeasGX|move: Tailwind\n|move|p1b: Tyranitar|Rock Slide|p2a: PaoGasol|[spread] p2b\n|-activate|p2a: PaoGasol|move: Protect\n|-supereffective|p2b: NormalOsborn\n|-damage|p2b: NormalOsborn|0 fnt\n|faint|p2b: NormalOsborn\n|\n|-weather|Sandstorm|[upkeep]\n|-damage|p2a: PaoGasol|95\/100|[from] Sandstorm\n|upkeep\n|\n|t:|1683771713\n|switch|p2b: SnarlsBarkley|Arcanine, L50, F|100\/100\n|-ability|p2b: SnarlsBarkley|Intimidate|boost\n|-unboost|p1a: Lycanroc|atk|1\n|-unboost|p1b: Tyranitar|atk|1\n|turn|2\n|\n|t:|1683771732\n|-terastallize|p2b: SnarlsBarkley|Grass\n|move|p2a: PaoGasol|Crunch|p1a: Lycanroc\n|-supereffective|p1a: Lycanroc\n|-enditem|p1a: Lycanroc|Focus Sash\n|-damage|p1a: Lycanroc|1\/100\n|-damage|p2a: PaoGasol|85\/100|[from] item: Life Orb\n|move|p1a: Lycanroc|Close Combat|p2a: PaoGasol\n|-supereffective|p2a: PaoGasol\n|-damage|p2a: PaoGasol|0 fnt\n|-unboost|p1a: Lycanroc|def|1\n|-unboost|p1a: Lycanroc|spd|1\n|faint|p2a: PaoGasol\n|move|p2b: SnarlsBarkley|Close Combat|p1b: Tyranitar\n|-supereffective|p1b: Tyranitar\n|-damage|p1b: Tyranitar|0 fnt\n|-unboost|p2b: SnarlsBarkley|def|1\n|-unboost|p2b: SnarlsBarkley|spd|1\n|faint|p1b: Tyranitar\n|\n|-weather|Sandstorm|[upkeep]\n|-damage|p2b: SnarlsBarkley|95\/100|[from] Sandstorm\n|upkeep\n|\n|t:|1683771754\n|switch|p2a: GastroDonCorleone|Gastrodon, L50, M|100\/100\n|switch|p1b: Dondozo|Dondozo, L50, M|100\/100\n|turn|3\n|\n|t:|1683771780\n|move|p1b: Dondozo|Protect|p1b: Dondozo\n|-singleturn|p1b: Dondozo|Protect\n|move|p1a: Lycanroc|Endeavor|p2a: GastroDonCorleone\n|-damage|p2a: GastroDonCorleone|1\/100\n|-enditem|p2a: GastroDonCorleone|Sitrus Berry|[eat]\n|-heal|p2a: GastroDonCorleone|26\/100|[from] item: Sitrus Berry\n|move|p2b: SnarlsBarkley|Psychic Fangs|p1a: Lycanroc\n|-damage|p1a: Lycanroc|0 fnt\n|faint|p1a: Lycanroc\n|move|p2a: GastroDonCorleone|Earth Power|p1b: Dondozo\n|-activate|p1b: Dondozo|move: Protect\n|\n|-weather|Sandstorm|[upkeep]\n|-damage|p2b: SnarlsBarkley|89\/100|[from] Sandstorm\n|-damage|p1b: Dondozo|94\/100|[from] Sandstorm\n|-heal|p1b: Dondozo|100\/100|[from] item: Leftovers\n|upkeep\n|\n|t:|1683771797\n|switch|p1a: Tatsugiri|Tatsugiri, L50, M|100\/100\n|-activate|p1a: Tatsugiri|ability: Commander|[of] p1b: Dondozo\n|-boost|p1b: Dondozo|atk|2\n|-boost|p1b: Dondozo|spa|2\n|-boost|p1b: Dondozo|spe|2\n|-boost|p1b: Dondozo|def|2\n|-boost|p1b: Dondozo|spd|2\n|turn|4\n|\n|t:|1683771812\n|move|p2a: GastroDonCorleone|Helping Hand|p2b: SnarlsBarkley\n|-singleturn|p2b: SnarlsBarkley|Helping Hand|[of] p2a: GastroDonCorleone\n|move|p2b: SnarlsBarkley|Close Combat|p1b: Dondozo\n|-damage|p1b: Dondozo|84\/100\n|-unboost|p2b: SnarlsBarkley|def|1\n|-unboost|p2b: SnarlsBarkley|spd|1\n|move|p1b: Dondozo|Order Up|p2a: GastroDonCorleone\n|-damage|p2a: GastroDonCorleone|0 fnt\n|faint|p2a: GastroDonCorleone\n|-boost|p1b: Dondozo|atk|1\n|\n|-weather|Sandstorm|[upkeep]\n|-damage|p2b: SnarlsBarkley|83\/100|[from] Sandstorm\n|-damage|p1a: Tatsugiri|94\/100|[from] Sandstorm\n|-damage|p1b: Dondozo|78\/100|[from] Sandstorm\n|-heal|p1b: Dondozo|84\/100|[from] item: Leftovers\n|-sideend|p2: GeasGX|move: Tailwind\n|upkeep\n|turn|5\n|\n|t:|1683771836\n|move|p1b: Dondozo|Order Up|p2b: SnarlsBarkley\n|-damage|p2b: SnarlsBarkley|25\/100\n|-boost|p1b: Dondozo|atk|1\n|move|p2b: SnarlsBarkley|Psychic Fangs|p1b: Dondozo\n|-damage|p1b: Dondozo|76\/100\n|\n|-weather|none\n|-heal|p1b: Dondozo|82\/100|[from] item: Leftovers\n|upkeep\n|turn|6\n|\n|t:|1683771852\n|move|p1b: Dondozo|Order Up|p2b: SnarlsBarkley\n|-damage|p2b: SnarlsBarkley|0 fnt\n|faint|p2b: SnarlsBarkley\n|\n|win|Warkon99\n|l|\u2606GeasGX\n","uploadtime":1683771860,"views":19,"p1id":"warkon99","p2id":"geasgx","formatid":"gen9vgc2023regulationc","rating":0,"private":0,"password":""}