{"id":"gen9vgc2023regulationc-1847117097","p1":"Redox310","p2":"squazo","format":"[Gen 9] VGC 2023 Regulation C","log":"|j|\u2606Redox310\n|j|\u2606squazo\n|t:|1681920469\n|gametype|doubles\n|player|p1|Redox310|veteran|1074\n|player|p2|squazo|102|1087\n|teamsize|p1|6\n|teamsize|p2|6\n|gen|9\n|tier|[Gen 9] VGC 2023 Regulation C\n|rated|\n|rule|Species Clause: Limit one of each Pok\u00e9mon\n|rule|Item Clause: Limit one of each item\n|clearpoke\n|poke|p1|Arcanine, L50, F|\n|poke|p1|Chansey, L50, F|\n|poke|p1|Grimmsnarl, L50, M|\n|poke|p1|Iron Hands, L50|\n|poke|p1|Iron Bundle, L50|\n|poke|p1|Iron Treads, L50|\n|poke|p2|Great Tusk, L50|\n|poke|p2|Talonflame, L50, M|\n|poke|p2|Amoonguss, L50, M|\n|poke|p2|Palafin, L50, F|\n|poke|p2|Tauros-Paldea-Blaze, L50, M|\n|poke|p2|Tinkaton, L50, F|\n|teampreview|4\nsquazo has agreed to open team sheets.\nRedox310 has agreed to open team sheets.\n|inactive|Battle timer is ON: inactive players will automatically lose when time's up. (requested by squazo)\n|inactive|Redox310 has 60 seconds left.\n|\n|t:|1681920580\n|start\n|switch|p1a: Iron Bundle|Iron Bundle, L50|100\/100\n|switch|p1b: Iron Hands|Iron Hands, L50|100\/100\n|switch|p2a: Talonflame|Talonflame, L50, M|100\/100\n|switch|p2b: Palafin|Palafin, L50, F|100\/100\n|-enditem|p1a: Iron Bundle|Booster Energy\n|-activate|p1a: Iron Bundle|ability: Quark Drive|[fromitem]\n|-start|p1a: Iron Bundle|quarkdrivespe\n|turn|1\n|\n|t:|1681920598\n|detailschange|p2b: Palafin|Palafin-Hero, L50, F\n|switch|p2b: Great Tusk|Great Tusk, L50|100\/100\n|move|p1b: Iron Hands|Fake Out|p2a: Talonflame\n|-damage|p2a: Talonflame|78\/100\n|move|p1a: Iron Bundle|Hydro Pump|p2a: Talonflame\n|-supereffective|p2a: Talonflame\n|-damage|p2a: Talonflame|0 fnt\n|faint|p2a: Talonflame\n|\n|upkeep\n|\n|t:|1681920607\n|switch|p2a: Tinkaton|Tinkaton, L50, F|100\/100\n|-ability|p2a: Tinkaton|Mold Breaker\n|turn|2\n|\n|t:|1681920619\n|-end|p1b: Iron Hands|Quark Drive|[silent]\n|switch|p1b: Arcanine|Arcanine, L50, F|100\/100\n|-ability|p1b: Arcanine|Intimidate|boost\n|-unboost|p2a: Tinkaton|atk|1\n|-unboost|p2b: Great Tusk|atk|1\n|-terastallize|p2a: Tinkaton|Flying\n|move|p2a: Tinkaton|Fake Out|p1a: Iron Bundle\n|-damage|p1a: Iron Bundle|94\/100\n|cant|p1a: Iron Bundle|flinch\n|move|p2b: Great Tusk|Earthquake|p1a: Iron Bundle|[spread] p1a,p1b\n|-immune|p2a: Tinkaton\n|-supereffective|p1b: Arcanine\n|-damage|p1a: Iron Bundle|56\/100\n|-damage|p1b: Arcanine|60\/100\n|\n|upkeep\n|turn|3\n|\n|t:|1681920642\n|-end|p2b: Great Tusk|Protosynthesis|[silent]\n|switch|p2b: Palafin|Palafin-Hero, L50, F|100\/100\n|-activate|p2b: Palafin|ability: Zero to Hero\n|move|p1a: Iron Bundle|Hydro Pump|p2b: Palafin\n|-resisted|p2b: Palafin\n|-damage|p2b: Palafin|68\/100\n|move|p1b: Arcanine|Will-O-Wisp|p2a: Tinkaton\n|-status|p2a: Tinkaton|brn\n|move|p2a: Tinkaton|Swords Dance|p2a: Tinkaton\n|-boost|p2a: Tinkaton|atk|2\n|\n|-damage|p2a: Tinkaton|95\/100 brn|[from] brn\n|upkeep\n|turn|4\n|\n|t:|1681920664\n|switch|p1b: Chansey|Chansey, L50, F|100\/100\n|move|p2b: Palafin|Jet Punch|p1b: Chansey\n|-damage|p1b: Chansey|71\/100\n|move|p1a: Iron Bundle|Freeze-Dry|p2b: Palafin\n|-supereffective|p2b: Palafin\n|-damage|p2b: Palafin|0 fnt\n|faint|p2b: Palafin\n|move|p2a: Tinkaton|Gigaton Hammer|p1a: Iron Bundle\n|-crit|p1a: Iron Bundle\n|-damage|p1a: Iron Bundle|0 fnt\n|faint|p1a: Iron Bundle\n|-end|p1a: Iron Bundle|Quark Drive|[silent]\n|\n|-damage|p2a: Tinkaton|89\/100 brn|[from] brn\n|upkeep\n|\n|t:|1681920681\n|switch|p1a: Arcanine|Arcanine, L50, F|60\/100\n|switch|p2b: Great Tusk|Great Tusk, L50|100\/100\n|-ability|p1a: Arcanine|Intimidate|boost\n|-unboost|p2a: Tinkaton|atk|1\n|-unboost|p2b: Great Tusk|atk|1\n|turn|5\n|\n|t:|1681920694\n|-terastallize|p1a: Arcanine|Grass\n|move|p2b: Great Tusk|Protect|p2b: Great Tusk\n|-singleturn|p2b: Great Tusk|Protect\n|move|p1a: Arcanine|Will-O-Wisp|p2b: Great Tusk\n|-activate|p2b: Great Tusk|move: Protect\n|move|p2a: Tinkaton|Swords Dance|p2a: Tinkaton\n|-boost|p2a: Tinkaton|atk|2\n|move|p1b: Chansey|Life Dew|p1b: Chansey|[spread] p1a,p1b\n|-heal|p1a: Arcanine|85\/100\n|-heal|p1b: Chansey|96\/100\n|\n|-damage|p2a: Tinkaton|83\/100 brn|[from] brn\n|upkeep\n|turn|6\n|inactive|Redox310 has 30 seconds left.\n|\n|t:|1681920720\n|move|p2b: Great Tusk|Close Combat|p1a: Arcanine\n|-damage|p1a: Arcanine|52\/100\n|-unboost|p2b: Great Tusk|def|1\n|-unboost|p2b: Great Tusk|spd|1\n|move|p1a: Arcanine|Flamethrower|p2b: Great Tusk\n|-damage|p2b: Great Tusk|30\/100\n|move|p2a: Tinkaton|Gigaton Hammer|p1a: Arcanine\n|-damage|p1a: Arcanine|16\/100\n|-enditem|p1a: Arcanine|Sitrus Berry|[eat]\n|-heal|p1a: Arcanine|41\/100|[from] item: Sitrus Berry\n|move|p1b: Chansey|Seismic Toss|p2a: Tinkaton\n|-damage|p2a: Tinkaton|56\/100 brn\n|\n|-damage|p2a: Tinkaton|50\/100 brn|[from] brn\n|upkeep\n|turn|7\n|\n|t:|1681920742\n|move|p2b: Great Tusk|Earthquake|p1b: Chansey|[spread] p1a,p1b\n|-immune|p2a: Tinkaton\n|-resisted|p1a: Arcanine\n|-damage|p1a: Arcanine|29\/100\n|-damage|p1b: Chansey|76\/100\n|move|p1a: Arcanine|Morning Sun|p1a: Arcanine\n|-heal|p1a: Arcanine|79\/100\n|move|p2a: Tinkaton|Play Rough|p1a: Arcanine\n|-damage|p1a: Arcanine|61\/100\n|move|p1b: Chansey|Seismic Toss|p2a: Tinkaton\n|-damage|p2a: Tinkaton|23\/100 brn\n|-enditem|p2a: Tinkaton|Aguav Berry|[eat]\n|-heal|p2a: Tinkaton|56\/100 brn|[from] item: Aguav Berry\n|\n|-damage|p2a: Tinkaton|50\/100 brn|[from] brn\n|upkeep\n|turn|8\n|\n|t:|1681920763\n|move|p2b: Great Tusk|Protect|p2b: Great Tusk\n|-singleturn|p2b: Great Tusk|Protect\n|move|p1a: Arcanine|Flamethrower|p2b: Great Tusk\n|-activate|p2b: Great Tusk|move: Protect\n|move|p2a: Tinkaton|Gigaton Hammer|p1b: Chansey\n|-damage|p1b: Chansey|46\/100\n|move|p1b: Chansey|Seismic Toss|p2a: Tinkaton\n|-damage|p2a: Tinkaton|24\/100 brn\n|\n|-damage|p2a: Tinkaton|18\/100 brn|[from] brn\n|upkeep\n|turn|9\n|-message|squazo forfeited.\n|\n|win|Redox310\n|raw|Redox310's rating: 1074 → 1104<\/strong> (+30 for winning)\n|raw|squazo's rating: 1087 → 1063<\/strong> (-24 for losing)\n|l|\u2606squazo\n","uploadtime":1681920817,"views":4,"p1id":"redox310","p2id":"squazo","formatid":"gen9vgc2023regulationc","rating":1063,"private":0,"password":""}