{"id":"gen9vgc2023regulationc-1846702046","p1":"Shiny Palkias","p2":"ATM079","format":"[Gen 9] VGC 2023 Regulation C","log":"|j|\u2606Shiny Palkias\n|j|\u2606ATM079\n|t:|1681867693\n|gametype|doubles\n|player|p1|Shiny Palkias|hiker-gen4|1048\n|player|p2|ATM079|cyclistf-gen4|1097\n|teamsize|p1|6\n|teamsize|p2|6\n|gen|9\n|tier|[Gen 9] VGC 2023 Regulation C\n|rated|\n|rule|Species Clause: Limit one of each Pok\u00e9mon\n|rule|Item Clause: Limit one of each item\n|clearpoke\n|poke|p1|Torkoal, L50, F|\n|poke|p1|Oranguru, L50, F|\n|poke|p1|Armarouge, L50, M|\n|poke|p1|Brute Bonnet, L50|\n|poke|p1|Espathra, L50, M|\n|poke|p1|Lilligant, L50, F|\n|poke|p2|Ting-Lu, L50|\n|poke|p2|Klefki, L50, F|\n|poke|p2|Arcanine, L50, F|\n|poke|p2|Garganacl, L50, M|\n|poke|p2|Gastrodon, L50, M|\n|poke|p2|Amoonguss, L50, M|\n|teampreview|4\n|inactive|Battle timer is ON: inactive players will automatically lose when time's up. (requested by Shiny Palkias)\n|inactive|ATM079 has 60 seconds left.\n|\n|t:|1681867733\n|start\n|switch|p1a: Torkoal|Torkoal, L50, F|100\/100\n|switch|p1b: Oranguru|Oranguru, L50, F|100\/100\n|switch|p2a: Ting-Lu|Ting-Lu, L50|100\/100\n|switch|p2b: Klefki|Klefki, L50, F|100\/100\n|-ability|p2a: Ting-Lu|Vessel of Ruin\n|-weather|SunnyDay|[from] ability: Drought|[of] p1a: Torkoal\n|turn|1\n|inactive|ATM079 has 30 seconds left.\n|\n|t:|1681867758\n|move|p1a: Torkoal|Protect|p1a: Torkoal\n|-singleturn|p1a: Torkoal|Protect\n|move|p2b: Klefki|Light Screen|p2b: Klefki\n|-sidestart|p2: ATM079|move: Light Screen\n|move|p2a: Ting-Lu|Fissure|p1b: Oranguru|[miss]\n|-miss|p2a: Ting-Lu|p1b: Oranguru\n|move|p1b: Oranguru|Trick Room|p1b: Oranguru\n|-fieldstart|move: Trick Room|[of] p1b: Oranguru\n|\n|-weather|SunnyDay|[upkeep]\n|upkeep\n|turn|2\n|\n|t:|1681867781\n|-terastallize|p2a: Ting-Lu|Rock\n|move|p2b: Klefki|Sandstorm|p2b: Klefki\n|-weather|Sandstorm\n|move|p1a: Torkoal|Eruption|p2b: Klefki|[spread] p2a,p2b\n|-resisted|p2a: Ting-Lu\n|-supereffective|p2b: Klefki\n|-damage|p2a: Ting-Lu|96\/100\n|-damage|p2b: Klefki|40\/100\n|move|p2a: Ting-Lu|Stomping Tantrum|p1a: Torkoal\n|-supereffective|p1a: Torkoal\n|-damage|p1a: Torkoal|21\/100\n|move|p1b: Oranguru|Instruct|p1a: Torkoal\n|-singleturn|p1a: Torkoal|move: Instruct|[of] p1b: Oranguru\n|move|p1a: Torkoal|Eruption|p2a: Ting-Lu|[spread] p2a,p2b\n|-resisted|p2a: Ting-Lu\n|-supereffective|p2b: Klefki\n|-damage|p2a: Ting-Lu|94\/100\n|-damage|p2b: Klefki|29\/100\n|\n|-weather|Sandstorm|[upkeep]\n|-damage|p1a: Torkoal|15\/100|[from] Sandstorm\n|-damage|p1b: Oranguru|94\/100|[from] Sandstorm\n|upkeep\n|turn|3\n|inactive|ATM079 has 30 seconds left.\n|inactive|ATM079 has 20 seconds left.\n|inactive|ATM079 has 15 seconds left.\n|\n|t:|1681867825\n|move|p2b: Klefki|Reflect|p2b: Klefki\n|-sidestart|p2: ATM079|Reflect\n|move|p1a: Torkoal|Earth Power|p2a: Ting-Lu\n|-supereffective|p2a: Ting-Lu\n|-damage|p2a: Ting-Lu|84\/100\n|move|p2a: Ting-Lu|Fissure|p1b: Oranguru\n|-damage|p1b: Oranguru|0 fnt\n|faint|p1b: Oranguru\n|-ohko\n|\n|-weather|Sandstorm|[upkeep]\n|-damage|p1a: Torkoal|9\/100|[from] Sandstorm\n|upkeep\n|\n|t:|1681867839\n|switch|p1b: Armarouge|Armarouge, L50, M|100\/100\n|turn|4\n|\n|t:|1681867858\n|switch|p2b: Garganacl|Garganacl, L50, M|100\/100\n|-terastallize|p1b: Armarouge|Grass\n|move|p1a: Torkoal|Eruption|p2b: Garganacl|[spread] p2a,p2b\n|-resisted|p2a: Ting-Lu\n|-resisted|p2b: Garganacl\n|-damage|p2a: Ting-Lu|84\/100\n|-damage|p2b: Garganacl|99\/100\n|move|p2a: Ting-Lu|Fissure|p1b: Armarouge\n|-damage|p1b: Armarouge|0 fnt\n|faint|p1b: Armarouge\n|-ohko\n|\n|-weather|Sandstorm|[upkeep]\n|-damage|p1a: Torkoal|3\/100|[from] Sandstorm\n|upkeep\n|\n|t:|1681867869\n|switch|p1b: Brute Bonnet|Brute Bonnet, L50|100\/100\n|turn|5\n|\n|t:|1681867882\n|switch|p2a: Amoonguss|Amoonguss, L50, M|100\/100\n|move|p1a: Torkoal|Earth Power|p2a: Amoonguss\n|-damage|p2a: Amoonguss|84\/100\n|move|p2b: Garganacl|Salt Cure|p1b: Brute Bonnet\n|-damage|p1b: Brute Bonnet|91\/100\n|-start|p1b: Brute Bonnet|Salt Cure\n|move|p1b: Brute Bonnet|Crunch|p2a: Amoonguss\n|-damage|p2a: Amoonguss|66\/100\n|\n|-weather|Sandstorm|[upkeep]\n|-damage|p1a: Torkoal|0 fnt|[from] Sandstorm\n|-damage|p2a: Amoonguss|60\/100|[from] Sandstorm\n|-damage|p1b: Brute Bonnet|85\/100|[from] Sandstorm\n|faint|p1a: Torkoal\n|-damage|p1b: Brute Bonnet|73\/100|[from] Salt Cure\n|-sideend|p2: ATM079|move: Light Screen\n|-fieldend|move: Trick Room\n|upkeep\n|turn|6\n|-message|Shiny Palkias forfeited.\n|\n|win|ATM079\n|raw|Shiny Palkias's rating: 1048 → 1033<\/strong> (-15 for losing)\n|raw|ATM079's rating: 1097 → 1119<\/strong> (+22 for winning)\n|l|\u2606Shiny Palkias\n","uploadtime":1681867935,"views":17,"p1id":"shinypalkias","p2id":"atm079","formatid":"gen9vgc2023regulationc","rating":1033,"private":0,"password":""}