{"id":"gen9vgc2023regulationc-1844942450","p1":"hotfemme","p2":"SilverDragon550","format":"[Gen 9] VGC 2023 Regulation C","log":"|j|\u2606hotfemme\n|j|\u2606SilverDragon550\n|t:|1681666559\n|gametype|doubles\n|player|p1|hotfemme|bertha|\n|player|p2|SilverDragon550|silver|\n|teamsize|p1|6\n|teamsize|p2|6\n|gen|9\n|tier|[Gen 9] VGC 2023 Regulation C\n|rule|Species Clause: Limit one of each Pok\u00e9mon\n|rule|Item Clause: Limit one of each item\n|clearpoke\n|poke|p1|Flutter Mane, L50|\n|poke|p1|Ting-Lu, L50|\n|poke|p1|Grimmsnarl, L50, M|\n|poke|p1|Baxcalibur, L50, F|\n|poke|p1|Tauros-Paldea-Blaze, L50, M|\n|poke|p1|Gastrodon-East, L50, F|\n|poke|p2|Iron Valiant, L50|\n|poke|p2|Chien-Pao, L50|\n|poke|p2|Talonflame, L50, F|\n|poke|p2|Garganacl, L50, F|\n|poke|p2|Ting-Lu, L50|\n|poke|p2|Iron Bundle, L50|\n|teampreview|4\n|c|\u2606hotfemme|glhf\nhotfemme has agreed to open team sheets.\n|c|\u2606SilverDragon550|glhf\nSilverDragon550 has agreed to open team sheets.\n|\n|t:|1681666665\n|start\n|switch|p1a: Flutter Mane|Flutter Mane, L50|100\/100\n|switch|p1b: Tauros|Tauros-Paldea-Blaze, L50, M|100\/100\n|switch|p2a: Bing Chiling|Chien-Pao, L50|100\/100\n|switch|p2b: Santa 2077|Iron Bundle, L50|100\/100\n|-ability|p2a: Bing Chiling|Sword of Ruin\n|-ability|p1b: Tauros|Intimidate|boost\n|-unboost|p2a: Bing Chiling|atk|1\n|-unboost|p2b: Santa 2077|atk|1\n|-enditem|p2b: Santa 2077|Booster Energy\n|-activate|p2b: Santa 2077|ability: Quark Drive|[fromitem]\n|-start|p2b: Santa 2077|quarkdrivespe\n|turn|1\n|\n|t:|1681666734\n|-end|p1a: Flutter Mane|Protosynthesis|[silent]\n|switch|p1a: Gastrodon|Gastrodon-East, L50, F, shiny|100\/100\n|move|p2b: Santa 2077|Protect|p2b: Santa 2077\n|-singleturn|p2b: Santa 2077|Protect\n|move|p2a: Bing Chiling|Protect|p2a: Bing Chiling\n|-singleturn|p2a: Bing Chiling|Protect\n|move|p1b: Tauros|Close Combat|p2b: Santa 2077\n|-activate|p2b: Santa 2077|move: Protect\n|\n|upkeep\n|turn|2\n|\n|t:|1681666792\n|switch|p2a: The Deer|Ting-Lu, L50|100\/100\n|-ability|p2a: The Deer|Vessel of Ruin\n|-terastallize|p2b: Santa 2077|Water\n|move|p1a: Gastrodon|Protect|p1a: Gastrodon\n|-singleturn|p1a: Gastrodon|Protect\n|move|p2b: Santa 2077|Freeze-Dry|p1a: Gastrodon\n|-activate|p1a: Gastrodon|move: Protect\n|move|p1b: Tauros|Close Combat|p2a: The Deer\n|-supereffective|p2a: The Deer\n|-damage|p2a: The Deer|46\/100\n|-unboost|p1b: Tauros|def|1\n|-unboost|p1b: Tauros|spd|1\n|\n|upkeep\n|turn|3\n|\n|t:|1681666859\n|switch|p2a: Love Wins|Iron Valiant, L50|100\/100\n|-terastallize|p1a: Gastrodon|Fire\n|move|p2b: Santa 2077|Freeze-Dry|p1a: Gastrodon\n|-resisted|p1a: Gastrodon\n|-damage|p1a: Gastrodon|81\/100\n|move|p1b: Tauros|Close Combat|p2a: Love Wins\n|-resisted|p2a: Love Wins\n|-damage|p2a: Love Wins|70\/100\n|-unboost|p1b: Tauros|def|1\n|-unboost|p1b: Tauros|spd|1\n|move|p1a: Gastrodon|Earth Power|p2b: Santa 2077\n|-damage|p2b: Santa 2077|25\/100\n|\n|-heal|p1a: Gastrodon|87\/100|[from] item: Leftovers\n|upkeep\n|turn|4\n|\n|t:|1681666931\n|-end|p2b: Santa 2077|Quark Drive|[silent]\n|switch|p2b: The Deer|Ting-Lu, L50|46\/100\n|-ability|p2b: The Deer|Vessel of Ruin\n|switch|p1b: Flutter Mane|Flutter Mane, L50|100\/100\n|move|p2a: Love Wins|Spirit Break|p1b: Flutter Mane\n|-damage|p1b: Flutter Mane|28\/100\n|-unboost|p1b: Flutter Mane|spa|1\n|-damage|p2a: Love Wins|60\/100|[from] item: Life Orb\n|move|p1a: Gastrodon|Earth Power|p2b: The Deer\n|-damage|p2b: The Deer|33\/100\n|\n|-heal|p1a: Gastrodon|93\/100|[from] item: Leftovers\n|upkeep\n|turn|5\n|\n|t:|1681666976\n|switch|p1a: Tauros|Tauros-Paldea-Blaze, L50, M|100\/100\n|-ability|p1a: Tauros|Intimidate|boost\n|-unboost|p2a: Love Wins|atk|1\n|-unboost|p2b: The Deer|atk|1\n|move|p2a: Love Wins|Protect|p2a: Love Wins\n|-singleturn|p2a: Love Wins|Protect\n|move|p1b: Flutter Mane|Dazzling Gleam|p2a: Love Wins|[spread] p2b\n|-activate|p2a: Love Wins|move: Protect\n|-supereffective|p2b: The Deer\n|-crit|p2b: The Deer\n|-damage|p2b: The Deer|0 fnt\n|faint|p2b: The Deer\n|\n|upkeep\n|\n|t:|1681666989\n|switch|p2b: Bing Chiling|Chien-Pao, L50|100\/100\n|-ability|p2b: Bing Chiling|Sword of Ruin\n|turn|6\n|\n|t:|1681666997\n|move|p2b: Bing Chiling|Sucker Punch|p1b: Flutter Mane\n|-damage|p1b: Flutter Mane|0 fnt\n|faint|p1b: Flutter Mane\n|-end|p1b: Flutter Mane|Protosynthesis|[silent]\n|move|p2a: Love Wins|Spirit Break|p1a: Tauros\n|-damage|p1a: Tauros|59\/100\n|-unboost|p1a: Tauros|spa|1\n|-damage|p2a: Love Wins|50\/100|[from] item: Life Orb\n|move|p1a: Tauros|Will-O-Wisp|p2a: Love Wins\n|-status|p2a: Love Wins|brn\n|\n|-damage|p2a: Love Wins|44\/100 brn|[from] brn\n|upkeep\n|\n|t:|1681667018\n|switch|p1b: Gastrodon|Gastrodon-East, L50, F, shiny, tera:Fire|93\/100\n|turn|7\n|\n|t:|1681667061\n|move|p2a: Love Wins|Protect|p2a: Love Wins\n|-singleturn|p2a: Love Wins|Protect\n|move|p2b: Bing Chiling|Ice Spinner|p1a: Tauros\n|-resisted|p1a: Tauros\n|-damage|p1a: Tauros|33\/100\n|move|p1a: Tauros|Close Combat|p2b: Bing Chiling\n|-supereffective|p2b: Bing Chiling\n|-enditem|p2b: Bing Chiling|Focus Sash\n|-damage|p2b: Bing Chiling|1\/100\n|-unboost|p1a: Tauros|def|1\n|-unboost|p1a: Tauros|spd|1\n|move|p1b: Gastrodon|Earth Power|p2b: Bing Chiling\n|-damage|p2b: Bing Chiling|0 fnt\n|faint|p2b: Bing Chiling\n|\n|-heal|p1b: Gastrodon|99\/100|[from] item: Leftovers\n|-damage|p2a: Love Wins|38\/100 brn|[from] brn\n|upkeep\n|\n|t:|1681667070\n|switch|p2b: Santa 2077|Iron Bundle, L50, tera:Water|25\/100\n|turn|8\n|\n|t:|1681667111\n|move|p1a: Tauros|Protect|p1a: Tauros\n|-singleturn|p1a: Tauros|Protect\n|move|p2b: Santa 2077|Freeze-Dry|p1a: Tauros\n|-activate|p1a: Tauros|move: Protect\n|move|p2a: Love Wins|Swords Dance|p2a: Love Wins\n|-boost|p2a: Love Wins|atk|2\n|-enditem|p1a: Tauros|Mirror Herb\n|-boost|p1a: Tauros|atk|2|[from] item: Mirror Herb\n|move|p1b: Gastrodon|Earth Power|p2a: Love Wins\n|-damage|p2a: Love Wins|0 fnt\n|faint|p2a: Love Wins\n|-end|p2a: Love Wins|Quark Drive|[silent]\n|\n|-heal|p1b: Gastrodon|100\/100|[from] item: Leftovers\n|upkeep\n|turn|9\n|\n|t:|1681667126\n|move|p2b: Santa 2077|Freeze-Dry|p1a: Tauros\n|-resisted|p1a: Tauros\n|-damage|p1a: Tauros|0 fnt\n|faint|p1a: Tauros\n|move|p1b: Gastrodon|Earth Power|p2b: Santa 2077\n|-damage|p2b: Santa 2077|0 fnt\n|faint|p2b: Santa 2077\n|-end|p2b: Santa 2077|Quark Drive|[silent]\n|\n|win|hotfemme\n|c|\u2606hotfemme|gg!\n|c|\u2606SilverDragon550|ggs\n|l|\u2606SilverDragon550\n","uploadtime":1681667138,"views":15,"p1id":"hotfemme","p2id":"silverdragon550","formatid":"gen9vgc2023regulationc","rating":0,"private":0,"password":""}