{"id":"gen9vgc2023regulationc-1851772707","p1":"anshar_training","p2":"lanakillah98","format":"[Gen 9] VGC 2023 Regulation C","log":"|j|\u2606anshar_training\n|j|\u2606lanakillah98\n|t:|1682481241\n|gametype|doubles\n|player|p1|anshar_training|pokemaniac|1205\n|player|p2|lanakillah98|brycen|1188\n|teamsize|p1|6\n|teamsize|p2|6\n|gen|9\n|tier|[Gen 9] VGC 2023 Regulation C\n|rated|\n|rule|Species Clause: Limit one of each Pok\u00e9mon\n|rule|Item Clause: Limit one of each item\n|clearpoke\n|poke|p1|Dragapult, L50, M|\n|poke|p1|Amoonguss, L50, M|\n|poke|p1|Chien-Pao, L50|\n|poke|p1|Arcanine, L50, F|\n|poke|p1|Flutter Mane, L50|\n|poke|p1|Palafin, L50, M|\n|poke|p2|Garchomp, L50, M|\n|poke|p2|Braviary, L50, M|\n|poke|p2|Quaquaval, L50, F|\n|poke|p2|Flutter Mane, L50|\n|poke|p2|Arcanine, L50, F|\n|poke|p2|Amoonguss, L50, M|\n|teampreview|4\n|\n|t:|1682481296\n|start\n|switch|p1a: PlusUltra|Palafin, L50, M|100\/100\n|switch|p1b: Dogordito|Arcanine, L50, F|100\/100\n|switch|p2a: Braviary|Braviary, L50, M, shiny|100\/100\n|switch|p2b: Arcanine|Arcanine, L50, F|100\/100\n|-ability|p2b: Arcanine|Intimidate|boost\n|-unboost|p1a: PlusUltra|atk|1\n|-unboost|p1b: Dogordito|atk|1\n|-ability|p1b: Dogordito|Intimidate|boost\n|-unboost|p2a: Braviary|atk|1\n|-ability|p2a: Braviary|Defiant|boost\n|-boost|p2a: Braviary|atk|2\n|-unboost|p2b: Arcanine|atk|1\n|turn|1\n|\n|t:|1682481339\n|move|p1a: PlusUltra|Wave Crash|p2b: Arcanine\n|-supereffective|p2b: Arcanine\n|-damage|p2b: Arcanine|30\/100\n|-damage|p1a: PlusUltra|74\/100|[from] Recoil\n|move|p2b: Arcanine|Will-O-Wisp|p1a: PlusUltra|[miss]\n|-miss|p2b: Arcanine|p1a: PlusUltra\n|move|p1b: Dogordito|Will-O-Wisp|p2a: Braviary\n|-status|p2a: Braviary|brn\n|-enditem|p2a: Braviary|Lum Berry|[eat]\n|-curestatus|p2a: Braviary|brn|[msg]\n|move|p2a: Braviary|Brave Bird|p1b: Dogordito\n|-damage|p1b: Dogordito|4\/100\n|-damage|p2a: Braviary|70\/100|[from] Recoil\n|\n|upkeep\n|turn|2\n|\n|t:|1682481360\n|move|p2b: Arcanine|Protect|p2b: Arcanine\n|-singleturn|p2b: Arcanine|Protect\n|move|p1b: Dogordito|Extreme Speed|p2a: Braviary\n|-damage|p2a: Braviary|55\/100\n|move|p1a: PlusUltra|Jet Punch|p2b: Arcanine\n|-activate|p2b: Arcanine|move: Protect\n|move|p2a: Braviary|Tailwind|p2a: Braviary\n|-sidestart|p2: lanakillah98|move: Tailwind\n|\n|upkeep\n|turn|3\n|\n|t:|1682481388\n|move|p1a: PlusUltra|Jet Punch|p2b: Arcanine\n|-supereffective|p2b: Arcanine\n|-damage|p2b: Arcanine|0 fnt\n|faint|p2b: Arcanine\n|move|p2a: Braviary|Brave Bird|p1a: PlusUltra\n|-damage|p1a: PlusUltra|0 fnt\n|faint|p1a: PlusUltra\n|-damage|p2a: Braviary|33\/100|[from] Recoil\n|move|p1b: Dogordito|Will-O-Wisp|p2a: Braviary\n|-status|p2a: Braviary|brn\n|\n|-damage|p2a: Braviary|27\/100 brn|[from] brn\n|upkeep\n|\n|t:|1682481409\n|switch|p1a: Maverick|Dragapult, L50, M|100\/100\n|switch|p2b: Quaquaval|Quaquaval, L50, F|100\/100\n|turn|4\n|\n|t:|1682481435\n|move|p1b: Dogordito|Protect|p1b: Dogordito\n|-singleturn|p1b: Dogordito|Protect\n|move|p2b: Quaquaval|Swords Dance|p2b: Quaquaval\n|-boost|p2b: Quaquaval|atk|2\n|move|p2a: Braviary|Roost|p2a: Braviary\n|-heal|p2a: Braviary|78\/100 brn\n|-singleturn|p2a: Braviary|move: Roost\n|move|p1a: Maverick|Phantom Force||[still]\n|-prepare|p1a: Maverick|Phantom Force\n|\n|-damage|p2a: Braviary|72\/100 brn|[from] brn\n|upkeep\n|turn|5\n|\n|t:|1682481455\n|move|p1b: Dogordito|Extreme Speed|p2b: Quaquaval\n|-damage|p2b: Quaquaval|87\/100\n|move|p2b: Quaquaval|Aqua Step|p1b: Dogordito\n|-supereffective|p1b: Dogordito\n|-damage|p1b: Dogordito|0 fnt\n|-boost|p2b: Quaquaval|spe|1\n|faint|p1b: Dogordito\n|-ability|p2b: Quaquaval|Moxie|boost\n|-boost|p2b: Quaquaval|atk|1\n|-damage|p2b: Quaquaval|77\/100|[from] item: Life Orb\n|move|p2a: Braviary|Roost|p2a: Braviary\n|-heal|p2a: Braviary|100\/100 brn\n|-singleturn|p2a: Braviary|move: Roost\n|move|p1a: Maverick|Phantom Force|p2b: Quaquaval|[from]lockedmove\n|-damage|p2b: Quaquaval|5\/100\n|\n|-damage|p2a: Braviary|95\/100 brn|[from] brn\n|-sideend|p2: lanakillah98|move: Tailwind\n|upkeep\n|\n|t:|1682481476\n|switch|p1b: Elena|Flutter Mane, L50|100\/100\n|-enditem|p1b: Elena|Booster Energy\n|-activate|p1b: Elena|ability: Protosynthesis|[fromitem]\n|-start|p1b: Elena|protosynthesisspe\n|turn|6\n|\n|t:|1682481497\n|-terastallize|p1b: Elena|Fairy\n|move|p1b: Elena|Dazzling Gleam|p2b: Quaquaval|[spread] p2a,p2b\n|-supereffective|p2b: Quaquaval\n|-damage|p2a: Braviary|56\/100 brn\n|-damage|p2b: Quaquaval|0 fnt\n|faint|p2b: Quaquaval\n|move|p1a: Maverick|Phantom Force||[still]\n|-prepare|p1a: Maverick|Phantom Force\n|move|p2a: Braviary|Tailwind|p2a: Braviary\n|-sidestart|p2: lanakillah98|move: Tailwind\n|\n|-damage|p2a: Braviary|50\/100 brn|[from] brn\n|upkeep\n|\n|t:|1682481509\n|switch|p2b: Flutter Mane|Flutter Mane, L50|100\/100\n|-enditem|p2b: Flutter Mane|Booster Energy\n|-activate|p2b: Flutter Mane|ability: Protosynthesis|[fromitem]\n|-start|p2b: Flutter Mane|protosynthesisspa\n|turn|7\n|\n|t:|1682481524\n|-terastallize|p2b: Flutter Mane|Fairy\n|move|p2b: Flutter Mane|Moonblast|p1b: Elena\n|-damage|p1b: Elena|11\/100\n|move|p1b: Elena|Dazzling Gleam|p2a: Braviary|[spread] p2a,p2b\n|-damage|p2a: Braviary|7\/100 brn\n|-damage|p2b: Flutter Mane|61\/100\n|move|p2a: Braviary|Facade|p1b: Elena\n|-damage|p1b: Elena|0 fnt\n|faint|p1b: Elena\n|-end|p1b: Elena|Protosynthesis|[silent]\n|move|p1a: Maverick|Phantom Force|p2a: Braviary|[from]lockedmove\n|-immune|p2a: Braviary\n|\n|-damage|p2a: Braviary|1\/100 brn|[from] brn\n|upkeep\n|turn|8\n|\n|t:|1682481551\n|move|p2b: Flutter Mane|Moonblast|p1a: Maverick\n|-supereffective|p1a: Maverick\n|-crit|p1a: Maverick\n|-damage|p1a: Maverick|0 fnt\n|faint|p1a: Maverick\n|\n|win|lanakillah98\n|raw|anshar_training's rating: 1205 → 1179<\/strong> (-26 for losing)\n|raw|lanakillah98's rating: 1188 → 1214<\/strong> (+26 for winning)\n","uploadtime":1682481559,"views":8,"p1id":"anshartraining","p2id":"lanakillah98","formatid":"gen9vgc2023regulationc","rating":1179,"private":0,"password":""}