{"id":"gen9vgc2023regulationc-1863484028","p1":"LemonadeeeVGC","p2":"Revocolombia","format":"[Gen 9] VGC 2023 Regulation C","log":"|j|\u2606LemonadeeeVGC\n|j|\u2606Revocolombia\n|t:|1684023560\n|gametype|doubles\n|player|p1|LemonadeeeVGC|101|1424\n|player|p2|Revocolombia|101|1499\n|teamsize|p1|6\n|teamsize|p2|6\n|gen|9\n|tier|[Gen 9] VGC 2023 Regulation C\n|rated|\n|rule|Species Clause: Limit one of each Pok\u00e9mon\n|rule|Item Clause: Limit one of each item\n|clearpoke\n|poke|p1|Flutter Mane, L50|\n|poke|p1|Garganacl, L50, M|\n|poke|p1|Amoonguss, L50, M|\n|poke|p1|Dragonite, L50, M|\n|poke|p1|Chi-Yu, L50|\n|poke|p1|Iron Hands, L50|\n|poke|p2|Flutter Mane, L50|\n|poke|p2|Annihilape, L50, F|\n|poke|p2|Dragonite, L50, M|\n|poke|p2|Chien-Pao, L50|\n|poke|p2|Murkrow, L50, M|\n|poke|p2|Gholdengo, L50|\n|teampreview|4\n|inactive|Battle timer is ON: inactive players will automatically lose when time's up. (requested by LemonadeeeVGC)\n|\n|t:|1684023585\n|start\n|switch|p1a: Chi-Yu|Chi-Yu, L50|100\/100\n|switch|p1b: Amoonguss|Amoonguss, L50, M|100\/100\n|switch|p2a: Murkrow|Murkrow, L50, M|100\/100\n|switch|p2b: Annihilape|Annihilape, L50, F|100\/100\n|-ability|p1a: Chi-Yu|Beads of Ruin\n|turn|1\n|inactive|LemonadeeeVGC has 30 seconds left.\n|\n|t:|1684023616\n|-terastallize|p2b: Annihilape|Fire\n|move|p1b: Amoonguss|Protect|p1b: Amoonguss\n|-singleturn|p1b: Amoonguss|Protect\n|move|p2a: Murkrow|Taunt|p1b: Amoonguss\n|-activate|p1b: Amoonguss|move: Protect\n|move|p1a: Chi-Yu|Nasty Plot|p1a: Chi-Yu\n|-boost|p1a: Chi-Yu|spa|2\n|move|p2b: Annihilape|Bulk Up|p2b: Annihilape\n|-boost|p2b: Annihilape|atk|1\n|-boost|p2b: Annihilape|def|1\n|\n|upkeep\n|turn|2\n|inactive|Revocolombia has 30 seconds left.\n|\n|t:|1684023642\n|move|p1b: Amoonguss|Rage Powder|p1b: Amoonguss\n|-singleturn|p1b: Amoonguss|move: Rage Powder\n|move|p2a: Murkrow|Tailwind|p2a: Murkrow\n|-sidestart|p2: Revocolombia|move: Tailwind\n|move|p2b: Annihilape|Drain Punch|p1b: Amoonguss\n|-resisted|p1b: Amoonguss\n|-damage|p1b: Amoonguss|80\/100\n|move|p1a: Chi-Yu|Dark Pulse|p2b: Annihilape\n|-damage|p2b: Annihilape|0 fnt\n|faint|p2b: Annihilape\n|-damage|p1a: Chi-Yu|91\/100|[from] item: Life Orb\n|\n|upkeep\n|\n|t:|1684023653\n|switch|p2b: Dragonite|Dragonite, L50, M|100\/100\n|turn|3\n|j| xerntest\n|\n|t:|1684023674\n|move|p1b: Amoonguss|Rage Powder|p1b: Amoonguss\n|-singleturn|p1b: Amoonguss|move: Rage Powder\n|move|p2a: Murkrow|Haze|p2a: Murkrow\n|-clearallboost\n|move|p2b: Dragonite|Dragon Dance|p2b: Dragonite\n|-boost|p2b: Dragonite|atk|1\n|-boost|p2b: Dragonite|spe|1\n|move|p1a: Chi-Yu|Heat Wave|p2a: Murkrow|[spread] p2a,p2b\n|-resisted|p2b: Dragonite\n|-damage|p2a: Murkrow|32\/100\n|-damage|p2b: Dragonite|81\/100\n|-damage|p1a: Chi-Yu|81\/100|[from] item: Life Orb\n|\n|upkeep\n|turn|4\n|\n|t:|1684023697\n|move|p2b: Dragonite|Extreme Speed|p1a: Chi-Yu\n|-damage|p1a: Chi-Yu|21\/100\n|move|p1b: Amoonguss|Rage Powder|p1b: Amoonguss\n|-singleturn|p1b: Amoonguss|move: Rage Powder\n|move|p2a: Murkrow|Taunt|p1b: Amoonguss\n|-start|p1b: Amoonguss|move: Taunt\n|move|p1a: Chi-Yu|Heat Wave|p2a: Murkrow|[spread] p2a,p2b\n|-resisted|p2b: Dragonite\n|-crit|p2b: Dragonite\n|-damage|p2a: Murkrow|0 fnt\n|-damage|p2b: Dragonite|30\/100\n|faint|p2a: Murkrow\n|-damage|p1a: Chi-Yu|11\/100|[from] item: Life Orb\n|\n|upkeep\n|\n|t:|1684023709\n|switch|p2a: Gholdengo|Gholdengo, L50|100\/100\n|turn|5\n|\n|t:|1684023729\n|switch|p1b: Iron Hands|Iron Hands, L50|100\/100\n|move|p1a: Chi-Yu|Protect|p1a: Chi-Yu\n|-singleturn|p1a: Chi-Yu|Protect\n|move|p2b: Dragonite|Extreme Speed|p1a: Chi-Yu\n|-activate|p1a: Chi-Yu|move: Protect\n|move|p2a: Gholdengo|Shadow Ball|p1b: Iron Hands\n|-damage|p1b: Iron Hands|27\/100\n|-damage|p2a: Gholdengo|91\/100|[from] item: Life Orb\n|\n|-sideend|p2: Revocolombia|move: Tailwind\n|upkeep\n|turn|6\n|\n|t:|1684023751\n|switch|p1a: Flutter Mane|Flutter Mane, L50|100\/100\n|-end|p1b: Iron Hands|Quark Drive|[silent]\n|switch|p1b: Amoonguss|Amoonguss, L50, M|100\/100\n|move|p2a: Gholdengo|Protect|p2a: Gholdengo\n|-singleturn|p2a: Gholdengo|Protect\n|move|p2b: Dragonite|Extreme Speed|p1a: Flutter Mane\n|-immune|p1a: Flutter Mane\n|\n|upkeep\n|turn|7\n|\n|t:|1684023775\n|move|p1a: Flutter Mane|Protect|p1a: Flutter Mane\n|-singleturn|p1a: Flutter Mane|Protect\n|move|p2b: Dragonite|Thunder Punch|p1a: Flutter Mane\n|-activate|p1a: Flutter Mane|move: Protect\n|move|p2a: Gholdengo|Shadow Ball|p1b: Amoonguss\n|-damage|p1b: Amoonguss|40\/100\n|-enditem|p1b: Amoonguss|Sitrus Berry|[eat]\n|-heal|p1b: Amoonguss|65\/100|[from] item: Sitrus Berry\n|-damage|p2a: Gholdengo|81\/100|[from] item: Life Orb\n|move|p1b: Amoonguss|Spore|p2b: Dragonite\n|-status|p2b: Dragonite|slp|[from] move: Spore\n|-enditem|p2b: Dragonite|Lum Berry|[eat]\n|-curestatus|p2b: Dragonite|slp|[msg]\n|\n|upkeep\n|turn|8\n|inactive|LemonadeeeVGC has 30 seconds left.\n|\n|t:|1684023801\n|move|p1b: Amoonguss|Rage Powder|p1b: Amoonguss\n|-singleturn|p1b: Amoonguss|move: Rage Powder\n|move|p1a: Flutter Mane|Dazzling Gleam|p2a: Gholdengo|[spread] p2a,p2b\n|-resisted|p2a: Gholdengo\n|-supereffective|p2b: Dragonite\n|-damage|p2a: Gholdengo|62\/100\n|-damage|p2b: Dragonite|0 fnt\n|faint|p2b: Dragonite\n|move|p2a: Gholdengo|Shadow Ball|p1b: Amoonguss\n|-damage|p1b: Amoonguss|7\/100\n|-damage|p2a: Gholdengo|52\/100|[from] item: Life Orb\n|\n|upkeep\n|turn|9\n|\n|t:|1684023822\n|move|p1b: Amoonguss|Rage Powder|p1b: Amoonguss\n|-singleturn|p1b: Amoonguss|move: Rage Powder\n|move|p1a: Flutter Mane|Shadow Ball|p2a: Gholdengo\n|-supereffective|p2a: Gholdengo\n|-damage|p2a: Gholdengo|0 fnt\n|faint|p2a: Gholdengo\n|\n|win|LemonadeeeVGC\n|raw|LemonadeeeVGC's rating: 1424 → 1448<\/strong> (+24 for winning)\n|raw|Revocolombia's rating: 1499 → 1475<\/strong> (-24 for losing)\n","uploadtime":1684023830,"views":8,"p1id":"lemonadeeevgc","p2id":"revocolombia","formatid":"gen9vgc2023regulationc","rating":1448,"private":0,"password":""}