{"id":"gen9vgc2023regulationc-1861563521","p1":"ScalonetaPibe","p2":"Yarep","format":"[Gen 9] VGC 2023 Regulation C","log":"|j|\u2606ScalonetaPibe\n|j|\u2606Yarep\n|t:|1683773736\n|gametype|doubles\n|player|p1|ScalonetaPibe|pokemaniac|\n|player|p2|Yarep|volkner|\n|teamsize|p1|6\n|teamsize|p2|6\n|gen|9\n|tier|[Gen 9] VGC 2023 Regulation C\n|rule|Species Clause: Limit one of each Pok\u00e9mon\n|rule|Item Clause: Limit one of each item\n|clearpoke\n|poke|p1|Flutter Mane, L50|\n|poke|p1|Medicham, L50, M|\n|poke|p1|Dragonite, L50, F|\n|poke|p1|Chien-Pao, L50|\n|poke|p1|Arcanine, L50, F|\n|poke|p1|Amoonguss, L50, M|\n|poke|p2|Torkoal, L50, F|\n|poke|p2|Chi-Yu, L50|\n|poke|p2|Farigiraf, L50, M|\n|poke|p2|Wo-Chien, L50|\n|poke|p2|Flutter Mane, L50|\n|poke|p2|Great Tusk, L50|\n|teampreview|4\nScalonetaPibe has agreed to open team sheets.\n|j| MeteorPlayz_\n|\n|t:|1683773805\n|start\n|switch|p1a: yeti|Chien-Pao, L50|100\/100\n|switch|p1b: Tryhard|Flutter Mane, L50, shiny|100\/100\n|switch|p2a: Farigiraf|Farigiraf, L50, M|100\/100\n|switch|p2b: Great Tusk|Great Tusk, L50|100\/100\n|-ability|p1a: yeti|Sword of Ruin\n|turn|1\n|\n|t:|1683773845\n|-terastallize|p2a: Farigiraf|Fairy\n|move|p1a: yeti|Taunt|p2a: Farigiraf\n|-start|p2a: Farigiraf|move: Taunt\n|move|p1b: Tryhard|Dazzling Gleam|p2b: Great Tusk|[spread] p2a,p2b\n|-supereffective|p2b: Great Tusk\n|-damage|p2a: Farigiraf|59\/100\n|-damage|p2b: Great Tusk|0 fnt\n|faint|p2b: Great Tusk\n|-end|p2b: Great Tusk|Protosynthesis|[silent]\n|cant|p2a: Farigiraf|move: Taunt|Trick Room\n|\n|upkeep\n|\n|t:|1683773851\n|switch|p2b: Chi-Yu|Chi-Yu, L50|100\/100\n|-ability|p2b: Chi-Yu|Beads of Ruin\n|turn|2\n|\n|t:|1683773862\n|move|p2b: Chi-Yu|Heat Wave|p1a: yeti|[spread] p1a,p1b\n|-supereffective|p1a: yeti\n|-enditem|p1a: yeti|Focus Sash\n|-damage|p1a: yeti|1\/100\n|-damage|p1b: Tryhard|49\/100\n|move|p1a: yeti|Ice Spinner|p2a: Farigiraf\n|-damage|p2a: Farigiraf|10\/100\n|-enditem|p2a: Farigiraf|Sitrus Berry|[eat]\n|-heal|p2a: Farigiraf|35\/100|[from] item: Sitrus Berry\n|move|p1b: Tryhard|Dazzling Gleam|p2a: Farigiraf|[spread] p2a,p2b\n|-damage|p2a: Farigiraf|0 fnt\n|-damage|p2b: Chi-Yu|47\/100\n|faint|p2a: Farigiraf\n|\n|upkeep\n|\n|t:|1683773868\n|switch|p2a: Torkoal|Torkoal, L50, F|100\/100\n|-weather|SunnyDay|[from] ability: Drought|[of] p2a: Torkoal\n|-activate|p1b: Tryhard|ability: Protosynthesis\n|-start|p1b: Tryhard|protosynthesisspa\n|turn|3\n|\n|t:|1683773883\n|move|p1a: yeti|Sucker Punch|p2b: Chi-Yu\n|-resisted|p2b: Chi-Yu\n|-damage|p2b: Chi-Yu|10\/100\n|move|p2b: Chi-Yu|Heat Wave|p1a: yeti|[spread] p1a,p1b\n|-supereffective|p1a: yeti\n|-crit|p1b: Tryhard\n|-damage|p1a: yeti|0 fnt\n|-damage|p1b: Tryhard|0 fnt\n|faint|p1a: yeti\n|faint|p1b: Tryhard\n|-end|p1b: Tryhard|Protosynthesis|[silent]\n|move|p2a: Torkoal|Heat Wave|p1: yeti|[notarget]\n|-fail|p2a: Torkoal\n|\n|-weather|SunnyDay|[upkeep]\n|upkeep\n|\n|t:|1683773886\n|switch|p1a: :)|Dragonite, L50, F|100\/100\n|switch|p1b: Luigi|Amoonguss, L50, M, shiny|100\/100\n|turn|4\n|\n|t:|1683773893\n|-terastallize|p1b: Luigi|Water\n|move|p1a: :)|Extreme Speed|p2b: Chi-Yu\n|-damage|p2b: Chi-Yu|0 fnt\n|faint|p2b: Chi-Yu\n|move|p1b: Luigi|Spore|p2a: Torkoal\n|-status|p2a: Torkoal|slp|[from] move: Spore\n|cant|p2a: Torkoal|slp\n|\n|-weather|SunnyDay|[upkeep]\n|upkeep\n|turn|5\n|\n|t:|1683773902\n|move|p1a: :)|Stomping Tantrum|p2a: Torkoal\n|-supereffective|p2a: Torkoal\n|-damage|p2a: Torkoal|47\/100 slp\n|move|p1b: Luigi|Clear Smog|p2a: Torkoal\n|-damage|p2a: Torkoal|27\/100 slp\n|-clearboost|p2a: Torkoal\n|cant|p2a: Torkoal|slp\n|\n|-weather|SunnyDay|[upkeep]\n|upkeep\n|turn|6\n|\n|t:|1683773912\n|move|p1a: :)|Stomping Tantrum|p2a: Torkoal\n|-supereffective|p2a: Torkoal\n|-damage|p2a: Torkoal|0 fnt\n|faint|p2a: Torkoal\n|\n|win|ScalonetaPibe\n","uploadtime":1683773916,"views":18,"p1id":"scalonetapibe","p2id":"yarep","formatid":"gen9vgc2023regulationc","rating":0,"private":0,"password":""}