{"id":"gen9vgc2023regulationc-1864133438","p1":"BravadoMercenary","p2":"milagri","format":"[Gen 9] VGC 2023 Regulation C","log":"|j|\u2606BravadoMercenary\n|j|\u2606milagri\n|t:|1684122441\n|gametype|doubles\n|player|p1|BravadoMercenary|265|1248\n|player|p2|milagri|265|1260\n|teamsize|p1|6\n|teamsize|p2|6\n|gen|9\n|tier|[Gen 9] VGC 2023 Regulation C\n|rated|\n|rule|Species Clause: Limit one of each Pok\u00e9mon\n|rule|Item Clause: Limit one of each item\n|clearpoke\n|poke|p1|Murkrow, L50, F|\n|poke|p1|Brute Bonnet, L50|\n|poke|p1|Flutter Mane, L50|\n|poke|p1|Great Tusk, L50|\n|poke|p1|Chi-Yu, L50|\n|poke|p1|Gholdengo, L50|\n|poke|p2|Qwilfish, L50, F|\n|poke|p2|Gogoat, L50, M|\n|poke|p2|Klefki, L50, M|\n|poke|p2|Rotom-Heat, L50|\n|poke|p2|Goodra, L50, F|\n|poke|p2|Braviary, L50, M|\n|teampreview|4\n|\n|t:|1684122477\n|start\n|switch|p1a: Emo Penguin|Murkrow, L50, F|100\/100\n|switch|p1b: Great Tusk|Great Tusk, L50|100\/100\n|switch|p2a: Goodra|Goodra, L50, F|100\/100\n|switch|p2b: Klefki|Klefki, L50, M|100\/100\n|turn|1\n|\n|t:|1684122514\n|-terastallize|p1b: Great Tusk|Ground\n|move|p1a: Emo Penguin|Sunny Day|p1a: Emo Penguin\n|-weather|SunnyDay\n|-activate|p1b: Great Tusk|ability: Protosynthesis\n|-start|p1b: Great Tusk|protosynthesisatk\n|move|p2b: Klefki|Reflect|p2b: Klefki\n|-sidestart|p2: milagri|Reflect\n|move|p1b: Great Tusk|Headlong Rush|p2a: Goodra\n|-damage|p2a: Goodra|9\/100\n|-unboost|p1b: Great Tusk|def|1\n|-unboost|p1b: Great Tusk|spd|1\n|move|p2a: Goodra|Power Whip|p1b: Great Tusk|[miss]\n|-miss|p2a: Goodra|p1b: Great Tusk\n|\n|-weather|SunnyDay|[upkeep]\n|upkeep\n|turn|2\n|\n|t:|1684122545\n|switch|p2a: Qwilfish|Qwilfish, L50, F|100\/100\n|-ability|p2a: Qwilfish|Intimidate|boost\n|-unboost|p1a: Emo Penguin|atk|1\n|-unboost|p1b: Great Tusk|atk|1\n|move|p1a: Emo Penguin|Haze|p1a: Emo Penguin\n|-clearallboost\n|move|p1b: Great Tusk|Earthquake|p2b: Klefki|[spread] p2a,p2b\n|-immune|p1a: Emo Penguin\n|-supereffective|p2a: Qwilfish\n|-supereffective|p2b: Klefki\n|-damage|p2a: Qwilfish|0 fnt\n|-damage|p2b: Klefki|8\/100\n|faint|p2a: Qwilfish\n|move|p2b: Klefki|Foul Play|p1b: Great Tusk\n|-damage|p1b: Great Tusk|77\/100\n|\n|-weather|SunnyDay|[upkeep]\n|upkeep\n|\n|t:|1684122562\n|switch|p2a: Gogoat|Gogoat, L50, M|100\/100\n|turn|3\n|\n|t:|1684122577\n|move|p2b: Klefki|Light Screen|p2b: Klefki\n|-sidestart|p2: milagri|move: Light Screen\n|move|p1b: Great Tusk|Close Combat|p2a: Gogoat\n|-damage|p2a: Gogoat|52\/100\n|-unboost|p1b: Great Tusk|def|1\n|-unboost|p1b: Great Tusk|spd|1\n|move|p1a: Emo Penguin|Foul Play|p2b: Klefki\n|-resisted|p2b: Klefki\n|-damage|p2b: Klefki|0 fnt\n|faint|p2b: Klefki\n|move|p2a: Gogoat|Leech Seed|p1b: Great Tusk\n|-start|p1b: Great Tusk|move: Leech Seed\n|\n|-weather|SunnyDay|[upkeep]\n|-heal|p2a: Gogoat|58\/100|[from] item: Leftovers\n|-damage|p1b: Great Tusk|65\/100|[from] Leech Seed|[of] p2a: Gogoat\n|-heal|p2a: Gogoat|70\/100|[silent]\n|upkeep\n|\n|t:|1684122593\n|switch|p2b: Goodra|Goodra, L50, F|9\/100\n|turn|4\n|\n|t:|1684122606\n|move|p1a: Emo Penguin|Haze|p1a: Emo Penguin\n|-clearallboost\n|move|p1b: Great Tusk|Earthquake|p2a: Gogoat|[spread] p2a,p2b\n|-immune|p1a: Emo Penguin\n|-resisted|p2a: Gogoat\n|-damage|p2a: Gogoat|50\/100\n|-damage|p2b: Goodra|0 fnt\n|faint|p2b: Goodra\n|move|p2a: Gogoat|Leaf Blade|p1b: Great Tusk\n|-supereffective|p1b: Great Tusk\n|-damage|p1b: Great Tusk|20\/100\n|\n|-weather|SunnyDay|[upkeep]\n|-heal|p2a: Gogoat|56\/100|[from] item: Leftovers\n|-damage|p1b: Great Tusk|8\/100|[from] Leech Seed|[of] p2a: Gogoat\n|-heal|p2a: Gogoat|68\/100|[silent]\n|upkeep\n|turn|5\n|\n|t:|1684122627\n|move|p2a: Gogoat|Protect|p2a: Gogoat\n|-singleturn|p2a: Gogoat|Protect\n|move|p1b: Great Tusk|Close Combat|p2a: Gogoat\n|-activate|p2a: Gogoat|move: Protect\n|move|p1a: Emo Penguin|Foul Play|p2a: Gogoat\n|-activate|p2a: Gogoat|move: Protect\n|\n|-weather|none\n|-end|p1b: Great Tusk|Protosynthesis\n|-heal|p2a: Gogoat|74\/100|[from] item: Leftovers\n|-damage|p1b: Great Tusk|0 fnt|[from] Leech Seed|[of] p2a: Gogoat\n|-heal|p2a: Gogoat|81\/100|[silent]\n|faint|p1b: Great Tusk\n|-end|p1b: Great Tusk|Protosynthesis|[silent]\n|upkeep\n|\n|t:|1684122632\n|switch|p1b: Flutter Mane|Flutter Mane, L50|100\/100\n|turn|6\n|\n|t:|1684122653\n|switch|p1a: Chi-Yu|Chi-Yu, L50|100\/100\n|-ability|p1a: Chi-Yu|Beads of Ruin\n|move|p1b: Flutter Mane|Moonblast|p2a: Gogoat\n|-damage|p2a: Gogoat|24\/100\n|move|p2a: Gogoat|Leech Seed|p1b: Flutter Mane|[miss]\n|-miss|p2a: Gogoat|p1b: Flutter Mane\n|\n|-heal|p2a: Gogoat|30\/100|[from] item: Leftovers\n|upkeep\n|turn|7\n|\n|t:|1684122665\n|move|p2a: Gogoat|Protect|p2a: Gogoat\n|-singleturn|p2a: Gogoat|Protect\n|move|p1a: Chi-Yu|Overheat|p2a: Gogoat\n|-activate|p2a: Gogoat|move: Protect\n|move|p1b: Flutter Mane|Moonblast|p2a: Gogoat\n|-activate|p2a: Gogoat|move: Protect\n|\n|-heal|p2a: Gogoat|36\/100|[from] item: Leftovers\n|upkeep\n|turn|8\n|\n|t:|1684122676\n|-terastallize|p2a: Gogoat|Water\n|move|p1a: Chi-Yu|Overheat|p2a: Gogoat\n|-resisted|p2a: Gogoat\n|-damage|p2a: Gogoat|7\/100\n|-unboost|p1a: Chi-Yu|spa|2\n|move|p1b: Flutter Mane|Moonblast|p2a: Gogoat\n|-crit|p2a: Gogoat\n|-damage|p2a: Gogoat|0 fnt\n|faint|p2a: Gogoat\n|\n|win|BravadoMercenary\n|raw|BravadoMercenary's rating: 1248 → 1274<\/strong> (+26 for winning)\n|raw|milagri's rating: 1260 → 1234<\/strong> (-26 for losing)\n","uploadtime":1684122689,"views":7,"p1id":"bravadomercenary","p2id":"milagri","formatid":"gen9vgc2023regulationc","rating":1234,"private":0,"password":""}