{"id":"gen9vgc2023regulationc-1847357851","p1":"Fockz","p2":"Rehtycs","format":"[Gen 9] VGC 2023 Regulation C","log":"|j|\u2606Fockz\n|j|\u2606Rehtycs\n|t:|1681942077\n|gametype|doubles\n|player|p1|Fockz|harlequin|1423\n|player|p2|Rehtycs|red|1424\n|teamsize|p1|6\n|teamsize|p2|6\n|gen|9\n|tier|[Gen 9] VGC 2023 Regulation C\n|rated|\n|rule|Species Clause: Limit one of each Pok\u00e9mon\n|rule|Item Clause: Limit one of each item\n|clearpoke\n|poke|p1|Kingambit, L50, M|\n|poke|p1|Annihilape, L50, M|\n|poke|p1|Ting-Lu, L50|\n|poke|p1|Roaring Moon, L50|\n|poke|p1|Glimmora, L50, F|\n|poke|p1|Chi-Yu, L50|\n|poke|p2|Glimmora, L50, F|\n|poke|p2|Dragonite, L50, F|\n|poke|p2|Iron Bundle, L50|\n|poke|p2|Chi-Yu, L50|\n|poke|p2|Kingambit, L50, F|\n|poke|p2|Wo-Chien, L50|\n|teampreview|4\nFockz has agreed to open team sheets.\n|inactive|Battle timer is ON: inactive players will automatically lose when time's up. (requested by Fockz)\n|inactive|Rehtycs has 60 seconds left.\n|\n|t:|1681942116\n|start\n|switch|p1a: Roaring Moon|Roaring Moon, L50|100\/100\n|switch|p1b: Glimmora|Glimmora, L50, F|100\/100\n|switch|p2a: Chi-Yu|Chi-Yu, L50|100\/100\n|switch|p2b: Iron Bundle|Iron Bundle, L50, shiny|100\/100\n|-ability|p2a: Chi-Yu|Beads of Ruin\n|-enditem|p2b: Iron Bundle|Booster Energy\n|-activate|p2b: Iron Bundle|ability: Quark Drive|[fromitem]\n|-start|p2b: Iron Bundle|quarkdrivespe\n|-enditem|p1a: Roaring Moon|Booster Energy\n|-activate|p1a: Roaring Moon|ability: Protosynthesis|[fromitem]\n|-start|p1a: Roaring Moon|protosynthesisatk\n|turn|1\n|inactive|Fockz has 30 seconds left.\n|inactive|Fockz has 20 seconds left.\n|inactive|Fockz has 15 seconds left.\n|inactive|Fockz has 10 seconds left.\n|inactive|Fockz has 5 seconds left.\n|\n|t:|1681942166\n|move|p2b: Iron Bundle|Icy Wind|p1b: Glimmora|[spread] p1a,p1b\n|-supereffective|p1a: Roaring Moon\n|-damage|p1a: Roaring Moon|49\/100\n|-damage|p1b: Glimmora|67\/100\n|-unboost|p1a: Roaring Moon|spe|1\n|-unboost|p1b: Glimmora|spe|1\n|move|p2a: Chi-Yu|Snarl|p1a: Roaring Moon|[spread] p1a,p1b\n|-resisted|p1a: Roaring Moon\n|-crit|p1a: Roaring Moon\n|-damage|p1a: Roaring Moon|29\/100\n|-damage|p1b: Glimmora|29\/100\n|-unboost|p1a: Roaring Moon|spa|1\n|-unboost|p1b: Glimmora|spa|1\n|move|p1a: Roaring Moon|Tailwind|p1a: Roaring Moon\n|-sidestart|p1: Fockz|move: Tailwind\n|move|p1b: Glimmora|Power Gem|p2b: Iron Bundle\n|-supereffective|p2b: Iron Bundle\n|-damage|p2b: Iron Bundle|0 fnt\n|faint|p2b: Iron Bundle\n|-end|p2b: Iron Bundle|Quark Drive|[silent]\n|\n|upkeep\n|inactive|Rehtycs has 30 seconds left.\n|\n|t:|1681942197\n|switch|p2b: Dragonite|Dragonite, L50, F|100\/100\n|turn|2\n|\n|t:|1681942216\n|switch|p2a: Kingambit|Kingambit, L50, F|100\/100\n|-terastallize|p2b: Dragonite|Normal\n|move|p1a: Roaring Moon|Breaking Swipe|p2a: Kingambit|[spread] p2a,p2b\n|-resisted|p2a: Kingambit\n|-damage|p2a: Kingambit|87\/100\n|-damage|p2b: Dragonite|85\/100\n|-unboost|p2a: Kingambit|atk|1\n|-ability|p2a: Kingambit|Defiant|boost\n|-boost|p2a: Kingambit|atk|2\n|-unboost|p2b: Dragonite|atk|1\n|move|p1b: Glimmora|Earth Power|p2a: Kingambit\n|-supereffective|p2a: Kingambit\n|-damage|p2a: Kingambit|54\/100\n|-unboost|p2a: Kingambit|spd|1\n|-ability|p2a: Kingambit|Defiant|boost\n|-boost|p2a: Kingambit|atk|2\n|move|p2b: Dragonite|Rock Slide|p1a: Roaring Moon|[spread] p1a,p1b\n|-damage|p1a: Roaring Moon|8\/100\n|-damage|p1b: Glimmora|0 fnt\n|-activate|p1b: Glimmora|ability: Toxic Debris\n|-sidestart|p2: Rehtycs|move: Toxic Spikes\n|faint|p1b: Glimmora\n|\n|upkeep\n|inactive|Fockz has 30 seconds left.\n|\n|t:|1681942242\n|switch|p1b: Kingambit|Kingambit, L50, M|100\/100\n|turn|3\n|\n|t:|1681942261\n|switch|p2b: Chi-Yu|Chi-Yu, L50|100\/100\n|-status|p2b: Chi-Yu|psn\n|-ability|p2b: Chi-Yu|Beads of Ruin\n|-terastallize|p1b: Kingambit|Dark\n|move|p2a: Kingambit|Protect|p2a: Kingambit\n|-singleturn|p2a: Kingambit|Protect\n|move|p1b: Kingambit|Sucker Punch||[still]\n|-fail|p1b: Kingambit\n|move|p1a: Roaring Moon|Acrobatics|p2a: Kingambit\n|-activate|p2a: Kingambit|move: Protect\n|\n|-damage|p2b: Chi-Yu|89\/100 psn|[from] psn\n|upkeep\n|turn|4\n|\n|t:|1681942279\n|move|p1b: Kingambit|Sucker Punch|p2a: Kingambit\n|-resisted|p2a: Kingambit\n|-damage|p2a: Kingambit|29\/100\n|move|p2b: Chi-Yu|Heat Wave|p1b: Kingambit|[spread] p1a,p1b\n|-resisted|p1a: Roaring Moon\n|-damage|p1a: Roaring Moon|0 fnt\n|-damage|p1b: Kingambit|52\/100\n|faint|p1a: Roaring Moon\n|-end|p1a: Roaring Moon|Protosynthesis|[silent]\n|move|p2a: Kingambit|Iron Head|p1b: Kingambit\n|-damage|p1b: Kingambit|0 fnt\n|faint|p1b: Kingambit\n|\n|-damage|p2b: Chi-Yu|77\/100 psn|[from] psn\n|-sideend|p1: Fockz|move: Tailwind\n|upkeep\n|\n|t:|1681942294\n|switch|p1b: Annihilape|Annihilape, L50, M|100\/100\n|turn|5\n|\n|t:|1681942301\n|move|p2a: Kingambit|Sucker Punch|p1b: Annihilape\n|-damage|p1b: Annihilape|13\/100\n|move|p2b: Chi-Yu|Heat Wave|p1b: Annihilape\n|-crit|p1b: Annihilape\n|-damage|p1b: Annihilape|0 fnt\n|faint|p1b: Annihilape\n|\n|win|Rehtycs\n|raw|Fockz's rating: 1423 → 1403<\/strong> (-20 for losing)\n|raw|Rehtycs's rating: 1424 → 1444<\/strong> (+20 for winning)\n|l|\u2606Fockz\n","uploadtime":1681942314,"views":6,"p1id":"fockz","p2id":"rehtycs","formatid":"gen9vgc2023regulationc","rating":1403,"private":0,"password":""}