{"id":"gen9vgc2023regulationc-1855522812","p1":"spidopssweep","p2":"NaughtyGirl-chan","format":"[Gen 9] VGC 2023 Regulation C","log":"|j|\u2606spidopssweep\n|j|\u2606NaughtyGirl-chan\n|t:|1682958938\n|gametype|doubles\n|player|p1|spidopssweep|iris-gen5bw2|1306\n|player|p2|NaughtyGirl-chan|iono|1399\n|teamsize|p1|6\n|teamsize|p2|6\n|gen|9\n|tier|[Gen 9] VGC 2023 Regulation C\n|rated|\n|rule|Species Clause: Limit one of each Pok\u00e9mon\n|rule|Item Clause: Limit one of each item\n|clearpoke\n|poke|p1|Chi-Yu, L50|\n|poke|p1|Flutter Mane, L50|\n|poke|p1|Amoonguss, L50, M|\n|poke|p1|Gyarados, L50, M|\n|poke|p1|Ting-Lu, L50|\n|poke|p1|Baxcalibur, L50, M|\n|poke|p2|Chien-Pao, L50|\n|poke|p2|Flutter Mane, L50|\n|poke|p2|Dragonite, L50, M|\n|poke|p2|Ting-Lu, L50|\n|poke|p2|Orthworm, L50, F|\n|poke|p2|Gyarados, L50, M|\n|teampreview|4\n|inactive|Battle timer is ON: inactive players will automatically lose when time's up. (requested by NaughtyGirl-chan)\nspidopssweep has agreed to open team sheets.\nNaughtyGirl-chan has agreed to open team sheets.\n|inactive|spidopssweep has 60 seconds left.\n|inactive|NaughtyGirl-chan has 60 seconds left.\n|inactive|spidopssweep has 30 seconds left.\n|inactive|NaughtyGirl-chan has 30 seconds left.\n|inactive|spidopssweep has 20 seconds left.\n|inactive|NaughtyGirl-chan has 20 seconds left.\n|inactive|spidopssweep has 15 seconds left.\n|inactive|NaughtyGirl-chan has 15 seconds left.\n|inactive|spidopssweep has 10 seconds left.\n|inactive|NaughtyGirl-chan has 10 seconds left.\n|inactive|NaughtyGirl-chan has 5 seconds left.\n|\n|t:|1682959027\n|start\n|switch|p1a: Baxcalibur|Baxcalibur, L50, M|100\/100\n|switch|p1b: Gyarados|Gyarados, L50, M|100\/100\n|switch|p2a: Gyarados|Gyarados, L50, M|100\/100\n|switch|p2b: Orthworm|Orthworm, L50, F|100\/100\n|-ability|p2a: Gyarados|Intimidate|boost\n|-fail|p1a: Baxcalibur|unboost|[from] item: Clear Amulet|[of] p1a: Baxcalibur\n|-unboost|p1b: Gyarados|atk|1\n|-ability|p1b: Gyarados|Intimidate|boost\n|-unboost|p2a: Gyarados|atk|1\n|-unboost|p2b: Orthworm|atk|1\n|turn|1\n|inactive|spidopssweep has 30 seconds left.\n|inactive|NaughtyGirl-chan has 30 seconds left.\n|inactive|NaughtyGirl-chan has 20 seconds left.\n|\n|t:|1682959066\n|move|p2a: Gyarados|Taunt|p1b: Gyarados\n|-start|p1b: Gyarados|move: Taunt\n|cant|p1b: Gyarados|move: Taunt|Taunt\n|move|p1a: Baxcalibur|Glaive Rush|p2a: Gyarados\n|-crit|p2a: Gyarados\n|-damage|p2a: Gyarados|0 fnt\n|-singlemove|p1a: Baxcalibur|Glaive Rush|[silent]\n|faint|p2a: Gyarados\n|move|p2b: Orthworm|Shed Tail|p2b: Orthworm\n|-start|p2b: Orthworm|Substitute|[from] move: Shed Tail\n|-damage|p2b: Orthworm|50\/100\n|-enditem|p2b: Orthworm|Sitrus Berry|[eat]\n|-heal|p2b: Orthworm|75\/100|[from] item: Sitrus Berry\n|\n|t:|1682959076\n|switch|p2b: Flutter Mane|Flutter Mane, L50|100\/100|[from] Shed Tail\n|\n|upkeep\n|\n|t:|1682959079\n|switch|p2a: Dragonite|Dragonite, L50, M|100\/100\n|turn|2\n|inactive|spidopssweep has 30 seconds left.\n|inactive|NaughtyGirl-chan has 30 seconds left.\n|inactive|spidopssweep has 20 seconds left.\n|inactive|spidopssweep has 15 seconds left.\n|inactive|spidopssweep has 10 seconds left.\n|\n|t:|1682959126\n|switch|p1b: Chi-Yu|Chi-Yu, L50|100\/100\n|-ability|p1b: Chi-Yu|Beads of Ruin\n|-terastallize|p2a: Dragonite|Flying\n|move|p1a: Baxcalibur|Protect|p1a: Baxcalibur\n|-singleturn|p1a: Baxcalibur|Protect\n|move|p2b: Flutter Mane|Dazzling Gleam|p1b: Chi-Yu|[spread] p1b\n|-activate|p1a: Baxcalibur|move: Protect\n|-damage|p1b: Chi-Yu|52\/100\n|move|p2a: Dragonite|Tera Blast|p1a: Baxcalibur\n|-activate|p1a: Baxcalibur|move: Protect\n|\n|upkeep\n|turn|3\n|inactive|spidopssweep has 30 seconds left.\n|inactive|NaughtyGirl-chan has 30 seconds left.\n|inactive|NaughtyGirl-chan has 20 seconds left.\n|inactive|NaughtyGirl-chan has 15 seconds left.\n|\n|t:|1682959166\n|switch|p1b: Gyarados|Gyarados, L50, M|100\/100\n|-ability|p1b: Gyarados|Intimidate|boost\n|-unboost|p2a: Dragonite|atk|1\n|-immune|p2b: Flutter Mane\n|-terastallize|p1a: Baxcalibur|Poison\n|move|p2b: Flutter Mane|Dazzling Gleam|p1b: Gyarados|[spread] p1a,p1b\n|-resisted|p1a: Baxcalibur\n|-damage|p1a: Baxcalibur|80\/100\n|-damage|p1b: Gyarados|59\/100\n|move|p2a: Dragonite|Tera Blast|p1a: Baxcalibur\n|-damage|p1a: Baxcalibur|46\/100\n|move|p1a: Baxcalibur|Glaive Rush|p2a: Dragonite\n|-damage|p2a: Dragonite|63\/100\n|-singlemove|p1a: Baxcalibur|Glaive Rush|[silent]\n|\n|upkeep\n|turn|4\n|inactive|spidopssweep has 30 seconds left.\n|inactive|spidopssweep has 20 seconds left.\n|\n|t:|1682959203\n|switch|p2a: Orthworm|Orthworm, L50, F|75\/100\n|move|p1a: Baxcalibur|Ice Shard|p2b: Flutter Mane\n|-end|p2b: Flutter Mane|Substitute\n|move|p2b: Flutter Mane|Dazzling Gleam|p1b: Gyarados|[spread] p1a,p1b\n|-resisted|p1a: Baxcalibur\n|-damage|p1a: Baxcalibur|28\/100\n|-damage|p1b: Gyarados|16\/100\n|move|p1b: Gyarados|Waterfall|p2b: Flutter Mane\n|-damage|p2b: Flutter Mane|30\/100\n|\n|upkeep\n|turn|5\n|inactive|NaughtyGirl-chan has 30 seconds left.\n|inactive|NaughtyGirl-chan has 20 seconds left.\n|inactive|NaughtyGirl-chan has 15 seconds left.\n|inactive|NaughtyGirl-chan has 10 seconds left.\n|inactive|NaughtyGirl-chan has 5 seconds left.\n|\n|t:|1682959256\n|move|p1a: Baxcalibur|Ice Shard|p2b: Flutter Mane\n|-damage|p2b: Flutter Mane|0 fnt\n|faint|p2b: Flutter Mane\n|-end|p2b: Flutter Mane|Protosynthesis|[silent]\n|move|p1b: Gyarados|Taunt|p2a: Orthworm\n|-start|p2a: Orthworm|move: Taunt\n|move|p2a: Orthworm|Body Press|p1a: Baxcalibur\n|-resisted|p1a: Baxcalibur\n|-damage|p1a: Baxcalibur|14\/100\n|\n|upkeep\n|\n|t:|1682959259\n|switch|p2b: Dragonite|Dragonite, L50, M, tera:Flying|63\/100\n|turn|6\n|\n|t:|1682959278\n|move|p1a: Baxcalibur|Ice Shard|p2b: Dragonite\n|-supereffective|p2b: Dragonite\n|-damage|p2b: Dragonite|12\/100\n|move|p2b: Dragonite|Rock Slide|p1a: Baxcalibur|[spread] p1a\n|-miss|p2b: Dragonite|p1b: Gyarados\n|-damage|p1a: Baxcalibur|0 fnt\n|faint|p1a: Baxcalibur\n|move|p1b: Gyarados|Waterfall|p2b: Dragonite\n|-damage|p2b: Dragonite|0 fnt\n|faint|p2b: Dragonite\n|move|p2a: Orthworm|Body Press|p1b: Gyarados\n|-resisted|p1b: Gyarados\n|-damage|p1b: Gyarados|0 fnt\n|faint|p1b: Gyarados\n|\n|upkeep\n|\n|t:|1682959282\n|switch|p1b: Flutter Mane|Flutter Mane, L50|100\/100\n|switch|p1a: Chi-Yu|Chi-Yu, L50|52\/100\n|-ability|p1a: Chi-Yu|Beads of Ruin\n|turn|7\n|\n|t:|1682959290\n|move|p1b: Flutter Mane|Shadow Ball|p2a: Orthworm\n|-damage|p2a: Orthworm|0 fnt\n|faint|p2a: Orthworm\n|\n|win|spidopssweep\n|raw|spidopssweep's rating: 1306 → 1331<\/strong> (+25 for winning)\n|raw|NaughtyGirl-chan's rating: 1399 → 1374<\/strong> (-25 for losing)\n|l|\u2606NaughtyGirl-chan\n","uploadtime":1682959311,"views":25,"p1id":"spidopssweep","p2id":"naughtygirlchan","formatid":"gen9vgc2023regulationc","rating":1331,"private":0,"password":""}