{"id":"gen9vgc2023regulationc-1848619347","p1":"Destiny03","p2":"Ym949","format":"[Gen 9] VGC 2023 Regulation C","log":"|j|\u2606Destiny03\n|j|\u2606Ym949\n|t:|1682095039\n|gametype|doubles\n|player|p1|Destiny03|cynthia|\n|player|p2|Ym949|acetrainer|\n|teamsize|p1|6\n|teamsize|p2|6\n|gen|9\n|tier|[Gen 9] VGC 2023 Regulation C\n|rule|Species Clause: Limit one of each Pok\u00e9mon\n|rule|Item Clause: Limit one of each item\n|clearpoke\n|poke|p1|Garganacl, L50, F|\n|poke|p1|Gyarados, L50, M|\n|poke|p1|Arcanine, L50, M|\n|poke|p1|Gholdengo, L50|\n|poke|p1|Sylveon, L50, F|\n|poke|p1|Farigiraf, L50, F|\n|poke|p2|Ting-Lu, L50|\n|poke|p2|Flutter Mane, L50|\n|poke|p2|Amoonguss, L50, M|\n|poke|p2|Iron Bundle, L50|\n|poke|p2|Dragonite, L50, F|\n|poke|p2|Tauros-Paldea-Blaze, L50, M|\n|teampreview|4\n|\n|t:|1682095102\n|start\n|switch|p1a: Gholdengo|Gholdengo, L50|100\/100\n|switch|p1b: Sylveon|Sylveon, L50, F|100\/100\n|switch|p2a: Ting-Lu|Ting-Lu, L50|100\/100\n|switch|p2b: Iron Bundle|Iron Bundle, L50|100\/100\n|-item|p1a: Gholdengo|Air Balloon\n|-ability|p2a: Ting-Lu|Vessel of Ruin\n|-enditem|p2b: Iron Bundle|Booster Energy\n|-activate|p2b: Iron Bundle|ability: Quark Drive|[fromitem]\n|-start|p2b: Iron Bundle|quarkdrivespe\n|turn|1\n|\n|t:|1682095131\n|-terastallize|p2a: Ting-Lu|Fire\n|move|p1a: Gholdengo|Protect|p1a: Gholdengo\n|-singleturn|p1a: Gholdengo|Protect\n|move|p2b: Iron Bundle|Freeze-Dry|p1a: Gholdengo\n|-activate|p1a: Gholdengo|move: Protect\n|move|p1b: Sylveon|Hyper Voice|p2a: Ting-Lu|[spread] p2a,p2b\n|-resisted|p2a: Ting-Lu\n|-damage|p2a: Ting-Lu|88\/100\n|-damage|p2b: Iron Bundle|39\/100\n|-enditem|p1b: Sylveon|Throat Spray\n|-boost|p1b: Sylveon|spa|1|[from] item: Throat Spray\n|move|p2a: Ting-Lu|Stomping Tantrum|p1a: Gholdengo\n|-activate|p1a: Gholdengo|move: Protect\n|\n|upkeep\n|turn|2\n|inactive|Battle timer is ON: inactive players will automatically lose when time's up. (requested by Ym949)\n|\n|t:|1682095169\n|-end|p2b: Iron Bundle|Quark Drive|[silent]\n|switch|p2b: Tauros|Tauros-Paldea-Blaze, L50, M|100\/100\n|-ability|p2b: Tauros|Intimidate|boost\n|-unboost|p1a: Gholdengo|atk|1\n|-unboost|p1b: Sylveon|atk|1\n|move|p1a: Gholdengo|Shadow Ball|p2a: Ting-Lu\n|-damage|p2a: Ting-Lu|58\/100\n|move|p1b: Sylveon|Hyper Voice|p2a: Ting-Lu|[spread] p2a,p2b\n|-resisted|p2a: Ting-Lu\n|-damage|p2a: Ting-Lu|41\/100\n|-damage|p2b: Tauros|21\/100\n|-enditem|p2b: Tauros|Sitrus Berry|[eat]\n|-heal|p2b: Tauros|46\/100|[from] item: Sitrus Berry\n|move|p2a: Ting-Lu|Heavy Slam|p1b: Sylveon\n|-supereffective|p1b: Sylveon\n|-damage|p1b: Sylveon|0 fnt\n|faint|p1b: Sylveon\n|\n|upkeep\n|\n|t:|1682095188\n|switch|p1b: Gyarados|Gyarados, L50, M|100\/100\n|-ability|p1b: Gyarados|Intimidate|boost\n|-fail|p2a: Ting-Lu|unboost|[from] item: Clear Amulet|[of] p2a: Ting-Lu\n|-unboost|p2b: Tauros|atk|1\n|turn|3\n|\n|t:|1682095211\n|move|p1a: Gholdengo|Protect|p1a: Gholdengo\n|-singleturn|p1a: Gholdengo|Protect\n|move|p2b: Tauros|Will-O-Wisp|p1b: Gyarados|[miss]\n|-miss|p2b: Tauros|p1b: Gyarados\n|move|p1b: Gyarados|Dragon Dance|p1b: Gyarados\n|-boost|p1b: Gyarados|atk|1\n|-boost|p1b: Gyarados|spe|1\n|move|p2a: Ting-Lu|Rock Slide|p1b: Gyarados|[spread] \n|-activate|p1a: Gholdengo|move: Protect\n|-miss|p2a: Ting-Lu|p1b: Gyarados\n|\n|upkeep\n|turn|4\n|inactive|Destiny03 has 30 seconds left.\n|\n|t:|1682095246\n|move|p1b: Gyarados|Protect|p1b: Gyarados\n|-singleturn|p1b: Gyarados|Protect\n|move|p2b: Tauros|Will-O-Wisp|p1b: Gyarados\n|-activate|p1b: Gyarados|move: Protect\n|move|p1a: Gholdengo|Make It Rain|p2a: Ting-Lu|[spread] p2a,p2b\n|-resisted|p2a: Ting-Lu\n|-resisted|p2b: Tauros\n|-damage|p2a: Ting-Lu|27\/100\n|-damage|p2b: Tauros|13\/100\n|-unboost|p1a: Gholdengo|spa|1\n|move|p2a: Ting-Lu|Rock Slide|p1b: Gyarados|[spread] p1a\n|-activate|p1b: Gyarados|move: Protect\n|-resisted|p1a: Gholdengo\n|-damage|p1a: Gholdengo|89\/100\n|-enditem|p1a: Gholdengo|Air Balloon\n|\n|upkeep\n|turn|5\n|inactive|Destiny03 has 30 seconds left.\n|inactive|Ym949 has 30 seconds left.\n|\n|t:|1682095277\n|move|p1b: Gyarados|Waterfall|p2b: Tauros\n|-supereffective|p2b: Tauros\n|-damage|p2b: Tauros|0 fnt\n|faint|p2b: Tauros\n|move|p1a: Gholdengo|Nasty Plot|p1a: Gholdengo\n|-boost|p1a: Gholdengo|spa|2\n|move|p2a: Ting-Lu|Stomping Tantrum|p1a: Gholdengo\n|-supereffective|p1a: Gholdengo\n|-damage|p1a: Gholdengo|5\/100\n|\n|upkeep\n|\n|t:|1682095295\n|switch|p2b: Iron Bundle|Iron Bundle, L50|39\/100\n|turn|6\n|\n|t:|1682095311\n|-terastallize|p1b: Gyarados|Water\n|move|p2b: Iron Bundle|Freeze-Dry|p1b: Gyarados\n|-supereffective|p1b: Gyarados\n|-damage|p1b: Gyarados|50\/100\n|move|p1b: Gyarados|Waterfall|p2b: Iron Bundle\n|-resisted|p2b: Iron Bundle\n|-damage|p2b: Iron Bundle|0 fnt\n|faint|p2b: Iron Bundle\n|-end|p2b: Iron Bundle|Quark Drive|[silent]\n|move|p1a: Gholdengo|Make It Rain|p2a: Ting-Lu\n|-resisted|p2a: Ting-Lu\n|-damage|p2a: Ting-Lu|0 fnt\n|-unboost|p1a: Gholdengo|spa|1\n|faint|p2a: Ting-Lu\n|\n|-heal|p1b: Gyarados|57\/100|[from] item: Leftovers\n|upkeep\n|\n|t:|1682095331\n|switch|p2b: Flutter Mane|Flutter Mane, L50|100\/100\n|turn|7\n|\n|t:|1682095338\n|move|p1b: Gyarados|Protect|p1b: Gyarados\n|-singleturn|p1b: Gyarados|Protect\n|move|p1a: Gholdengo|Protect|p1a: Gholdengo\n|-singleturn|p1a: Gholdengo|Protect\n|move|p2b: Flutter Mane|Dazzling Gleam|p1b: Gyarados|[spread] \n|-activate|p1a: Gholdengo|move: Protect\n|-activate|p1b: Gyarados|move: Protect\n|\n|-heal|p1b: Gyarados|63\/100|[from] item: Leftovers\n|upkeep\n|turn|8\n|\n|t:|1682095355\n|move|p2b: Flutter Mane|Dazzling Gleam|p1b: Gyarados|[spread] p1a,p1b\n|-resisted|p1a: Gholdengo\n|-damage|p1a: Gholdengo|0 fnt\n|-damage|p1b: Gyarados|19\/100\n|faint|p1a: Gholdengo\n|move|p1b: Gyarados|Waterfall|p2b: Flutter Mane\n|-damage|p2b: Flutter Mane|0 fnt\n|faint|p2b: Flutter Mane\n|-end|p2b: Flutter Mane|Protosynthesis|[silent]\n|\n|win|Destiny03\n","uploadtime":1682095365,"views":6,"p1id":"destiny03","p2id":"ym949","formatid":"gen9vgc2023regulationc","rating":0,"private":0,"password":""}