{"id":"gen9vgc2023regulationc-1862785749","p1":"grafaudawg","p2":"A1ge7","format":"[Gen 9] VGC 2023 Regulation C","log":"|j|\u2606grafaudawg\n|j|\u2606A1ge7\n|t:|1683921730\n|gametype|doubles\n|player|p1|grafaudawg|170|1140\n|player|p2|A1ge7|n|1042\n|teamsize|p1|6\n|teamsize|p2|6\n|gen|9\n|tier|[Gen 9] VGC 2023 Regulation C\n|rated|\n|rule|Species Clause: Limit one of each Pok\u00e9mon\n|rule|Item Clause: Limit one of each item\n|clearpoke\n|poke|p1|Iron Hands, L50|\n|poke|p1|Gholdengo, L50|\n|poke|p1|Chi-Yu, L50|\n|poke|p1|Palafin, L50, M|\n|poke|p1|Iron Bundle, L50|\n|poke|p1|Flutter Mane, L50|\n|poke|p2|Dondozo, L50, F|\n|poke|p2|Tatsugiri-Stretchy, L50, F|\n|poke|p2|Flutter Mane, L50|\n|poke|p2|Sylveon, L50, M|\n|poke|p2|Gholdengo, L50|\n|poke|p2|Garchomp, L50, M|\n|teampreview|4\n|inactive|Battle timer is ON: inactive players will automatically lose when time's up. (requested by grafaudawg)\n|\n|t:|1683921764\n|start\n|switch|p1a: Chi-Yu|Chi-Yu, L50|100\/100\n|switch|p1b: Palafin|Palafin, L50, M|100\/100\n|switch|p2a: Flutter Mane|Flutter Mane, L50|100\/100\n|switch|p2b: Tatsugiri|Tatsugiri-Stretchy, L50, F, shiny|100\/100\n|-ability|p1a: Chi-Yu|Beads of Ruin\n|-enditem|p2a: Flutter Mane|Booster Energy\n|-activate|p2a: Flutter Mane|ability: Protosynthesis|[fromitem]\n|-start|p2a: Flutter Mane|protosynthesisspe\n|turn|1\n|c|\u2606A1ge7|Glhf\n|inactive|grafaudawg has 30 seconds left.\n|inactive|grafaudawg has 20 seconds left.\n|\n|t:|1683921799\n|detailschange|p1b: Palafin|Palafin-Hero, L50, M\n|switch|p1b: Iron Hands|Iron Hands, L50|100\/100\n|-terastallize|p1a: Chi-Yu|Grass\n|move|p2a: Flutter Mane|Perish Song|p2a: Flutter Mane\n|-start|p1a: Chi-Yu|perish3|[silent]\n|-start|p1b: Iron Hands|perish3|[silent]\n|-start|p2a: Flutter Mane|perish3|[silent]\n|-start|p2b: Tatsugiri|perish3|[silent]\n|-fieldactivate|move: Perish Song\n|move|p1a: Chi-Yu|Tera Blast|p2b: Tatsugiri\n|-damage|p2b: Tatsugiri|48\/100\n|move|p2b: Tatsugiri|Counter||[still]\n|-fail|p2b: Tatsugiri\n|\n|-start|p2a: Flutter Mane|perish3\n|-start|p1a: Chi-Yu|perish3\n|-start|p2b: Tatsugiri|perish3\n|-start|p1b: Iron Hands|perish3\n|upkeep\n|turn|2\n|inactive|grafaudawg has 30 seconds left.\n|\n|t:|1683921832\n|-end|p2a: Flutter Mane|Protosynthesis|[silent]\n|switch|p2a: Dondozo|Dondozo, L50, F|100\/100\n|-activate|p2b: Tatsugiri|ability: Commander|[of] p2a: Dondozo\n|-boost|p2a: Dondozo|atk|2\n|-boost|p2a: Dondozo|spa|2\n|-boost|p2a: Dondozo|spe|2\n|-boost|p2a: Dondozo|def|2\n|-boost|p2a: Dondozo|spd|2\n|move|p1a: Chi-Yu|Protect|p1a: Chi-Yu\n|-singleturn|p1a: Chi-Yu|Protect\n|move|p1b: Iron Hands|Heavy Slam|p2a: Dondozo\n|-resisted|p2a: Dondozo\n|-damage|p2a: Dondozo|98\/100\n|\n|-start|p1a: Chi-Yu|perish2\n|-start|p2b: Tatsugiri|perish2\n|-start|p1b: Iron Hands|perish2\n|upkeep\n|turn|3\n|inactive|grafaudawg has 30 seconds left.\n|\n|t:|1683921859\n|switch|p1a: Palafin|Palafin-Hero, L50, M|100\/100\n|-activate|p1a: Palafin|ability: Zero to Hero\n|-terastallize|p2a: Dondozo|Steel\n|move|p2a: Dondozo|Order Up|p1b: Iron Hands\n|-damage|p1b: Iron Hands|69\/100\n|-boost|p2a: Dondozo|spe|1\n|move|p1b: Iron Hands|Thunder Punch|p2a: Dondozo\n|-damage|p2a: Dondozo|86\/100\n|\n|-start|p2b: Tatsugiri|perish1\n|-start|p1b: Iron Hands|perish1\n|upkeep\n|turn|4\n|inactive|grafaudawg has 30 seconds left.\n|inactive|A1ge7 has 30 seconds left.\n|\n|t:|1683921885\n|-end|p1b: Iron Hands|Quark Drive|[silent]\n|switch|p1b: Iron Bundle|Iron Bundle, L50|100\/100\n|-enditem|p1b: Iron Bundle|Booster Energy\n|-activate|p1b: Iron Bundle|ability: Quark Drive|[fromitem]\n|-start|p1b: Iron Bundle|quarkdrivespe\n|move|p2a: Dondozo|Order Up|p1b: Iron Bundle\n|-damage|p1b: Iron Bundle|53\/100\n|-boost|p2a: Dondozo|spe|1\n|move|p1a: Palafin|Haze|p1a: Palafin\n|-clearallboost\n|\n|-start|p2b: Tatsugiri|perish0\n|upkeep\n|faint|p2b: Tatsugiri\n|inactive|A1ge7 has 30 seconds left.\n|inactive|A1ge7 has 20 seconds left.\n|inactive|A1ge7 has 15 seconds left.\n|c|\u2606A1ge7|U bitch\n|inactive|A1ge7 has 10 seconds left.\n|\n|t:|1683921931\n|switch|p2b: Flutter Mane|Flutter Mane, L50|100\/100\n|turn|5\n|c|\u2606A1ge7|I had a perfect plan you massive cuny\n|n|!A1ge7|a1ge7\n|inactive|grafaudawg has 30 seconds left.\n|inactive|A1ge7 has 30 seconds left.\n|\n|t:|1683921964\n|move|p1a: Palafin|Protect|p1a: Palafin\n|-singleturn|p1a: Palafin|Protect\n|move|p1b: Iron Bundle|Icy Wind|p2a: Dondozo|[spread] p2a,p2b\n|-resisted|p2a: Dondozo\n|-crit|p2a: Dondozo\n|-damage|p2a: Dondozo|72\/100\n|-damage|p2b: Flutter Mane|82\/100\n|-unboost|p2a: Dondozo|spe|1\n|-unboost|p2b: Flutter Mane|spe|1\n|move|p2b: Flutter Mane|Moonblast|p1a: Palafin\n|-activate|p1a: Palafin|move: Protect\n|move|p2a: Dondozo|Order Up|p1b: Iron Bundle\n|-damage|p1b: Iron Bundle|29\/100\n|-boost|p2a: Dondozo|spe|1\n|\n|upkeep\n|turn|6\n|inactive|grafaudawg has 30 seconds left.\n|\n|t:|1683921998\n|move|p1b: Iron Bundle|Hydro Pump|p2a: Dondozo|[miss]\n|-miss|p1b: Iron Bundle|p2a: Dondozo\n|move|p2b: Flutter Mane|Shadow Ball|p1a: Palafin\n|-damage|p1a: Palafin|59\/100\n|move|p1a: Palafin|Wave Crash|p2b: Flutter Mane\n|-damage|p2b: Flutter Mane|0 fnt\n|faint|p2b: Flutter Mane\n|-end|p2b: Flutter Mane|Protosynthesis|[silent]\n|-damage|p1a: Palafin|43\/100|[from] Recoil\n|move|p2a: Dondozo|Order Up|p1b: Iron Bundle\n|-damage|p1b: Iron Bundle|7\/100\n|-boost|p2a: Dondozo|spe|1\n|\n|upkeep\n|\n|t:|1683922016\n|switch|p2b: Sylveon|Sylveon, L50, M|100\/100\n|turn|7\n|\n|t:|1683922032\n|move|p2b: Sylveon|Protect|p2b: Sylveon\n|-singleturn|p2b: Sylveon|Protect\n|move|p1a: Palafin|Jet Punch|p2a: Dondozo\n|-damage|p2a: Dondozo|46\/100\n|move|p1b: Iron Bundle|Freeze-Dry|p2b: Sylveon\n|-activate|p2b: Sylveon|move: Protect\n|move|p2a: Dondozo|Zen Headbutt|p1a: Palafin\n|-damage|p1a: Palafin|21\/100\n|\n|-status|p2b: Sylveon|brn|[from] item: Flame Orb\n|upkeep\n|turn|8\n|inactive|grafaudawg has 30 seconds left.\n|inactive|grafaudawg has 20 seconds left.\n|\n|t:|1683922070\n|move|p2a: Dondozo|Protect|p2a: Dondozo\n|-singleturn|p2a: Dondozo|Protect\n|move|p1b: Iron Bundle|Freeze-Dry|p2b: Sylveon\n|-damage|p2b: Sylveon|79\/100 brn\n|move|p1a: Palafin|Wave Crash|p2a: Dondozo\n|-activate|p2a: Dondozo|move: Protect\n|move|p2b: Sylveon|Hyper Voice|p1b: Iron Bundle|[spread] p1a,p1b\n|-damage|p1a: Palafin|0 fnt\n|-damage|p1b: Iron Bundle|0 fnt\n|faint|p1a: Palafin\n|faint|p1b: Iron Bundle\n|-end|p1b: Iron Bundle|Quark Drive|[silent]\n|\n|-damage|p2b: Sylveon|74\/100 brn|[from] brn\n|upkeep\n|\n|t:|1683922084\n|switch|p1b: Chi-Yu|Chi-Yu, L50, tera:Grass|100\/100\n|switch|p1a: Iron Hands|Iron Hands, L50|69\/100\n|-ability|p1b: Chi-Yu|Beads of Ruin\n|turn|9\n|inactive|grafaudawg has 30 seconds left.\n|\n|t:|1683922116\n|move|p1a: Iron Hands|Fake Out|p2b: Sylveon\n|-damage|p2b: Sylveon|51\/100 brn\n|move|p1b: Chi-Yu|Heat Wave|p2b: Sylveon|[spread] p2a,p2b\n|-supereffective|p2a: Dondozo\n|-damage|p2a: Dondozo|0 fnt\n|-damage|p2b: Sylveon|19\/100 brn\n|faint|p2a: Dondozo\n|cant|p2b: Sylveon|flinch\n|\n|-damage|p2b: Sylveon|13\/100 brn|[from] brn\n|upkeep\n|turn|10\n|\n|t:|1683922133\n|move|p1b: Chi-Yu|Heat Wave|p2b: Sylveon\n|-damage|p2b: Sylveon|0 fnt\n|faint|p2b: Sylveon\n|\n|win|grafaudawg\n|raw|grafaudawg's rating: 1140 → 1158<\/strong> (+18 for winning)\n|raw|A1ge7's rating: 1042 → 1030<\/strong> (-12 for losing)\n","uploadtime":1683921951,"views":5,"p1id":"grafaudawg","p2id":"a1ge7","formatid":"gen9vgc2023regulationc","rating":1030,"private":0,"password":""}