{"id":"gen9vgc2023regulationc-1863271503","p1":"oojclops","p2":"pisari","format":"[Gen 9] VGC 2023 Regulation C","log":"|j|\u2606oojclops\n|j|\u2606pisari\n|t:|1683996238\n|gametype|doubles\n|player|p1|oojclops|rocketgruntf|1121\n|player|p2|pisari|ninjaboy|1122\n|teamsize|p1|6\n|teamsize|p2|6\n|gen|9\n|tier|[Gen 9] VGC 2023 Regulation C\n|rated|\n|rule|Species Clause: Limit one of each Pok\u00e9mon\n|rule|Item Clause: Limit one of each item\n|clearpoke\n|poke|p1|Arcanine, L50, M|\n|poke|p1|Flutter Mane, L50|\n|poke|p1|Kingambit, L50, F|\n|poke|p1|Gothitelle, L50, M|\n|poke|p1|Maushold, L50|\n|poke|p1|Breloom, L50, F|\n|poke|p2|Talonflame, L50, M|\n|poke|p2|Kilowattrel, L50, M|\n|poke|p2|Dragonite, L50, F|\n|poke|p2|Oranguru, L50, F|\n|poke|p2|Hydreigon, L50, F|\n|poke|p2|Orthworm, L50, F|\n|teampreview|4\n|inactive|Battle timer is ON: inactive players will automatically lose when time's up. (requested by pisari)\n|inactive|oojclops has 60 seconds left.\n|inactive|pisari has 60 seconds left.\n|inactive|pisari has 30 seconds left.\n|inactive|pisari has 20 seconds left.\n|\n|t:|1683996311\n|start\n|switch|p1a: Flutter Mane|Flutter Mane, L50|100\/100\n|switch|p1b: Breloom|Breloom, L50, F|100\/100\n|switch|p2a: Hydreigon|Hydreigon, L50, F, shiny|100\/100\n|switch|p2b: Orthworm|Orthworm, L50, F, shiny|100\/100\n|-enditem|p1a: Flutter Mane|Booster Energy\n|-activate|p1a: Flutter Mane|ability: Protosynthesis|[fromitem]\n|-start|p1a: Flutter Mane|protosynthesisspe\n|turn|1\n|\n|t:|1683996336\n|move|p2a: Hydreigon|Protect|p2a: Hydreigon\n|-singleturn|p2a: Hydreigon|Protect\n|move|p1a: Flutter Mane|Substitute|p1a: Flutter Mane\n|-start|p1a: Flutter Mane|Substitute\n|-damage|p1a: Flutter Mane|75\/100\n|move|p1b: Breloom|Spore|p2b: Orthworm\n|-status|p2b: Orthworm|slp|[from] move: Spore\n|cant|p2b: Orthworm|slp\n|\n|upkeep\n|turn|2\n|inactive|oojclops has 30 seconds left.\n|inactive|oojclops has 20 seconds left.\n|\n|t:|1683996371\n|switch|p2b: Talonflame|Talonflame, L50, M, shiny|100\/100\n|-terastallize|p2a: Hydreigon|Steel\n|move|p1b: Breloom|Mach Punch|p2b: Talonflame\n|-resisted|p2b: Talonflame\n|-damage|p2b: Talonflame|74\/100\n|move|p1a: Flutter Mane|Icy Wind|p2a: Hydreigon|[spread] p2a,p2b\n|-resisted|p2a: Hydreigon\n|-damage|p2a: Hydreigon|95\/100\n|-damage|p2b: Talonflame|54\/100\n|-unboost|p2a: Hydreigon|spe|1\n|move|p2a: Hydreigon|Heat Wave|p1a: Flutter Mane|[spread] p1b\n|-miss|p2a: Hydreigon|p1a: Flutter Mane\n|-supereffective|p1b: Breloom\n|-damage|p1b: Breloom|11\/100\n|\n|upkeep\n|turn|3\n|inactive|oojclops has 30 seconds left.\n|inactive|oojclops has 20 seconds left.\n|inactive|oojclops has 15 seconds left.\n|\n|t:|1683996413\n|move|p2b: Talonflame|Protect|p2b: Talonflame\n|-singleturn|p2b: Talonflame|Protect\n|move|p1b: Breloom|Protect|p1b: Breloom\n|-singleturn|p1b: Breloom|Protect\n|move|p1a: Flutter Mane|Icy Wind|p2b: Talonflame|[spread] p2a\n|-activate|p2b: Talonflame|move: Protect\n|-resisted|p2a: Hydreigon\n|-damage|p2a: Hydreigon|89\/100\n|-unboost|p2a: Hydreigon|spe|1\n|move|p2a: Hydreigon|Heat Wave|p1b: Breloom|[spread] p1a\n|-activate|p1b: Breloom|move: Protect\n|-activate|p1a: Flutter Mane|move: Substitute|[damage]\n|\n|upkeep\n|turn|4\n|\n|t:|1683996437\n|move|p2a: Hydreigon|Protect|p2a: Hydreigon\n|-singleturn|p2a: Hydreigon|Protect\n|move|p1b: Breloom|Mach Punch|p2a: Hydreigon\n|-activate|p2a: Hydreigon|move: Protect\n|move|p1a: Flutter Mane|Shadow Ball|p2b: Talonflame\n|-damage|p2b: Talonflame|0 fnt\n|faint|p2b: Talonflame\n|\n|upkeep\n|\n|t:|1683996450\n|switch|p2b: Orthworm|Orthworm, L50, F, shiny|100\/100 slp\n|turn|5\n|\n|t:|1683996465\n|switch|p2a: Dragonite|Dragonite, L50, F, shiny|100\/100\n|move|p1a: Flutter Mane|Shadow Ball|p2b: Orthworm\n|-damage|p2b: Orthworm|45\/100 slp\n|move|p1b: Breloom|Spore|p2a: Dragonite\n|-status|p2a: Dragonite|slp|[from] move: Spore\n|-curestatus|p2b: Orthworm|slp|[msg]\n|move|p2b: Orthworm|Rock Slide|p1b: Breloom|[spread] p1a,p1b\n|-end|p1a: Flutter Mane|Substitute\n|-resisted|p1b: Breloom\n|-damage|p1b: Breloom|0 fnt\n|faint|p1b: Breloom\n|\n|upkeep\n|\n|t:|1683996478\n|switch|p1b: Arcanine|Arcanine, L50, M|100\/100\n|-ability|p1b: Arcanine|Intimidate|boost\n|-fail|p2a: Dragonite|unboost|Attack|[from] ability: Inner Focus|[of] p2a: Dragonite\n|-unboost|p2b: Orthworm|atk|1\n|turn|6\n|inactive|oojclops has 30 seconds left.\n|\n|t:|1683996509\n|-terastallize|p1a: Flutter Mane|Steel\n|move|p1a: Flutter Mane|Icy Wind|p2b: Orthworm|[spread] p2a,p2b\n|-supereffective|p2a: Dragonite\n|-resisted|p2b: Orthworm\n|-damage|p2a: Dragonite|57\/100 slp\n|-damage|p2b: Orthworm|35\/100\n|-unboost|p2a: Dragonite|spe|1\n|-unboost|p2b: Orthworm|spe|1\n|move|p1b: Arcanine|Flare Blitz|p2b: Orthworm\n|-supereffective|p2b: Orthworm\n|-damage|p2b: Orthworm|0 fnt\n|faint|p2b: Orthworm\n|-damage|p1b: Arcanine|90\/100|[from] Recoil\n|cant|p2a: Dragonite|slp\n|\n|upkeep\n|\n|t:|1683996524\n|switch|p2b: Hydreigon|Hydreigon, L50, F, shiny, tera:Steel|89\/100\n|turn|7\n|\n|t:|1683996530\n|move|p1a: Flutter Mane|Icy Wind|p2a: Dragonite|[spread] p2a,p2b\n|-supereffective|p2a: Dragonite\n|-resisted|p2b: Hydreigon\n|-damage|p2a: Dragonite|8\/100 slp\n|-damage|p2b: Hydreigon|83\/100\n|-unboost|p2a: Dragonite|spe|1\n|-unboost|p2b: Hydreigon|spe|1\n|move|p1b: Arcanine|Flare Blitz|p2b: Hydreigon\n|-supereffective|p2b: Hydreigon\n|-damage|p2b: Hydreigon|0 fnt\n|faint|p2b: Hydreigon\n|-damage|p1b: Arcanine|62\/100|[from] Recoil\n|cant|p2a: Dragonite|slp\n|\n|upkeep\n|turn|8\n|c|\u2606oojclops|Gg\n|-message|pisari forfeited.\n|\n|win|oojclops\n|raw|oojclops's rating: 1121 → 1146<\/strong> (+25 for winning)\n|raw|pisari's rating: 1122 → 1097<\/strong> (-25 for losing)\n|l|\u2606pisari\n","uploadtime":1683996552,"views":4,"p1id":"oojclops","p2id":"pisari","formatid":"gen9vgc2023regulationc","rating":1097,"private":0,"password":""}