{"id":"gen9vgc2023regulationc-1847962901","p1":"Jalapeppah","p2":"t0rchlit","format":"[Gen 9] VGC 2023 Regulation C","log":"|j|\u2606Jalapeppah\n|j|\u2606t0rchlit\n|t:|1682016226\n|gametype|doubles\n|player|p1|Jalapeppah|flint|1301\n|player|p2|t0rchlit|lady-gen4|1291\n|teamsize|p1|6\n|teamsize|p2|6\n|gen|9\n|tier|[Gen 9] VGC 2023 Regulation C\n|rated|\n|rule|Species Clause: Limit one of each Pok\u00e9mon\n|rule|Item Clause: Limit one of each item\n|clearpoke\n|poke|p1|Tyranitar, L50, F|\n|poke|p1|Lycanroc, L50, M|\n|poke|p1|Flutter Mane, L50|\n|poke|p1|Chi-Yu, L50|\n|poke|p1|Gastrodon-East, L50, F|\n|poke|p1|Salamence, L50, M|\n|poke|p2|Flutter Mane, L50|\n|poke|p2|Arcanine, L50, F|\n|poke|p2|Palafin, L50, F|\n|poke|p2|Amoonguss, L50, F|\n|poke|p2|Lycanroc, L50, F|\n|poke|p2|Tyranitar, L50, M|\n|teampreview|4\nt0rchlit has agreed to open team sheets.\n|c|\u2606t0rchlit|nice\n|inactive|Battle timer is ON: inactive players will automatically lose when time's up. (requested by Jalapeppah)\n|\n|t:|1682016260\n|start\n|switch|p1a: Flutter Mane|Flutter Mane, L50|100\/100\n|switch|p1b: Salamence|Salamence, L50, M|100\/100\n|switch|p2a: Flutter Mane|Flutter Mane, L50|100\/100\n|switch|p2b: Lycanroc|Lycanroc, L50, F|100\/100\n|-ability|p1b: Salamence|Intimidate|boost\n|-unboost|p2a: Flutter Mane|atk|1\n|-unboost|p2b: Lycanroc|atk|1\n|-enditem|p2a: Flutter Mane|Booster Energy\n|-activate|p2a: Flutter Mane|ability: Protosynthesis|[fromitem]\n|-start|p2a: Flutter Mane|protosynthesisspa\n|-enditem|p1a: Flutter Mane|Booster Energy\n|-activate|p1a: Flutter Mane|ability: Protosynthesis|[fromitem]\n|-start|p1a: Flutter Mane|protosynthesisspa\n|turn|1\n|\n|t:|1682016283\n|-terastallize|p2a: Flutter Mane|Fairy\n|-terastallize|p1b: Salamence|Steel\n|move|p1a: Flutter Mane|Protect|p1a: Flutter Mane\n|-singleturn|p1a: Flutter Mane|Protect\n|move|p2a: Flutter Mane|Dazzling Gleam|p1a: Flutter Mane|[spread] p1b\n|-activate|p1a: Flutter Mane|move: Protect\n|-resisted|p1b: Salamence\n|-damage|p1b: Salamence|64\/100\n|move|p1b: Salamence|Tailwind|p1b: Salamence\n|-sidestart|p1: Jalapeppah|move: Tailwind\n|move|p2b: Lycanroc|Close Combat|p1b: Salamence\n|-supereffective|p1b: Salamence\n|-damage|p1b: Salamence|0 fnt\n|-unboost|p2b: Lycanroc|def|1\n|-unboost|p2b: Lycanroc|spd|1\n|faint|p1b: Salamence\n|\n|upkeep\n|\n|t:|1682016302\n|switch|p1b: Gastrodon|Gastrodon-East, L50, F|100\/100\n|turn|2\n|\n|t:|1682016314\n|move|p2a: Flutter Mane|Protect|p2a: Flutter Mane\n|-singleturn|p2a: Flutter Mane|Protect\n|move|p1a: Flutter Mane|Moonblast|p2a: Flutter Mane\n|-activate|p2a: Flutter Mane|move: Protect\n|move|p2b: Lycanroc|Endeavor|p1b: Gastrodon\n|-damage|p1b: Gastrodon|73\/100\n|move|p1b: Gastrodon|Icy Wind|p2b: Lycanroc|[spread] p2b\n|-activate|p2a: Flutter Mane|move: Protect\n|-damage|p2b: Lycanroc|72\/100\n|-unboost|p2b: Lycanroc|spe|1\n|\n|-heal|p1b: Gastrodon|79\/100|[from] item: Leftovers\n|upkeep\n|turn|3\n|\n|t:|1682016334\n|switch|p2b: Arcanine|Arcanine, L50, F|100\/100\n|-ability|p2b: Arcanine|Intimidate|boost\n|-unboost|p1a: Flutter Mane|atk|1\n|-unboost|p1b: Gastrodon|atk|1\n|move|p1a: Flutter Mane|Dazzling Gleam|p2b: Arcanine|[spread] p2a,p2b\n|-resisted|p2b: Arcanine\n|-damage|p2a: Flutter Mane|59\/100\n|-damage|p2b: Arcanine|78\/100\n|move|p2a: Flutter Mane|Dazzling Gleam|p1a: Flutter Mane|[spread] p1a,p1b\n|-damage|p1a: Flutter Mane|51\/100\n|-damage|p1b: Gastrodon|25\/100\n|move|p1b: Gastrodon|Earth Power|p2a: Flutter Mane\n|-damage|p2a: Flutter Mane|27\/100\n|\n|-heal|p1b: Gastrodon|31\/100|[from] item: Leftovers\n|upkeep\n|turn|4\n|inactive|t0rchlit has 30 seconds left.\n|\n|t:|1682016364\n|move|p1a: Flutter Mane|Protect|p1a: Flutter Mane\n|-singleturn|p1a: Flutter Mane|Protect\n|move|p2a: Flutter Mane|Protect|p2a: Flutter Mane\n|-singleturn|p2a: Flutter Mane|Protect\n|move|p2b: Arcanine|Extreme Speed|p1b: Gastrodon\n|-damage|p1b: Gastrodon|12\/100\n|move|p1b: Gastrodon|Icy Wind|p2b: Arcanine|[spread] p2b\n|-activate|p2a: Flutter Mane|move: Protect\n|-resisted|p2b: Arcanine\n|-damage|p2b: Arcanine|72\/100\n|-unboost|p2b: Arcanine|spe|1\n|\n|-heal|p1b: Gastrodon|18\/100|[from] item: Leftovers\n|-sideend|p1: Jalapeppah|move: Tailwind\n|upkeep\n|turn|5\n|inactive|Jalapeppah has 30 seconds left.\n|\n|t:|1682016392\n|-end|p2a: Flutter Mane|Protosynthesis|[silent]\n|switch|p2a: Amoongsus|Amoonguss, L50, F|100\/100\n|move|p1b: Gastrodon|Protect|p1b: Gastrodon\n|-singleturn|p1b: Gastrodon|Protect\n|move|p1a: Flutter Mane|Dazzling Gleam|p2a: Amoongsus|[spread] p2a,p2b\n|-resisted|p2a: Amoongsus\n|-resisted|p2b: Arcanine\n|-damage|p2a: Amoongsus|86\/100\n|-damage|p2b: Arcanine|50\/100\n|move|p2b: Arcanine|Flare Blitz|p1a: Flutter Mane\n|-damage|p1a: Flutter Mane|0 fnt\n|faint|p1a: Flutter Mane\n|-end|p1a: Flutter Mane|Protosynthesis|[silent]\n|-damage|p2b: Arcanine|38\/100|[from] Recoil\n|\n|-heal|p1b: Gastrodon|25\/100|[from] item: Leftovers\n|upkeep\n|\n|t:|1682016397\n|switch|p1a: Ttar|Tyranitar, L50, F|100\/100\n|-weather|Sandstorm|[from] ability: Sand Stream|[of] p1a: Ttar\n|turn|6\n|inactive|t0rchlit has 30 seconds left.\n|\n|t:|1682016428\n|move|p1a: Ttar|Rock Slide|p2b: Arcanine|[spread] p2a,p2b\n|-supereffective|p2b: Arcanine\n|-damage|p2a: Amoongsus|50\/100\n|-damage|p2b: Arcanine|0 fnt\n|-enditem|p2a: Amoongsus|Sitrus Berry|[eat]\n|-heal|p2a: Amoongsus|75\/100|[from] item: Sitrus Berry\n|faint|p2b: Arcanine\n|move|p1b: Gastrodon|Icy Wind|p2a: Amoongsus\n|-supereffective|p2a: Amoongsus\n|-damage|p2a: Amoongsus|55\/100\n|-unboost|p2a: Amoongsus|spe|1\n|move|p2a: Amoongsus|Spore|p1b: Gastrodon\n|-status|p1b: Gastrodon|slp|[from] move: Spore\n|\n|-weather|Sandstorm|[upkeep]\n|-damage|p2a: Amoongsus|49\/100|[from] Sandstorm\n|-heal|p1b: Gastrodon|31\/100 slp|[from] item: Leftovers\n|upkeep\n|-message|Jalapeppah forfeited.\n|\n|win|t0rchlit\n|raw|Jalapeppah's rating: 1301 → 1280<\/strong> (-21 for losing)\n|raw|t0rchlit's rating: 1291 → 1317<\/strong> (+26 for winning)\n|l|\u2606Jalapeppah\n","uploadtime":1682016444,"views":13,"p1id":"jalapeppah","p2id":"t0rchlit","formatid":"gen9vgc2023regulationc","rating":1280,"private":0,"password":""}