{"id":"gen9vgc2023regulationc-1863357916","p1":"R2VGC","p2":"Inferno prodigy","format":"[Gen 9] VGC 2023 Regulation C","log":"|j|\u2606R2VGC\n|j|\u2606Inferno prodigy\n|t:|1684006765\n|gametype|doubles\n|player|p1|R2VGC|102|1309\n|player|p2|Inferno prodigy|170|1287\n|teamsize|p1|6\n|teamsize|p2|6\n|gen|9\n|tier|[Gen 9] VGC 2023 Regulation C\n|rated|\n|rule|Species Clause: Limit one of each Pok\u00e9mon\n|rule|Item Clause: Limit one of each item\n|clearpoke\n|poke|p1|Amoonguss, L50, F|\n|poke|p1|Arcanine, L50, M|\n|poke|p1|Flutter Mane, L50|\n|poke|p1|Kingambit, L50, F|\n|poke|p1|Palafin, L50, M|\n|poke|p1|Baxcalibur, L50, M|\n|poke|p2|Orthworm, L50, M|\n|poke|p2|Ting-Lu, L50|\n|poke|p2|Dragonite, L50, M|\n|poke|p2|Gyarados, L50, M|\n|poke|p2|Flutter Mane, L50|\n|poke|p2|Chien-Pao, L50|\n|teampreview|4\nR2VGC has agreed to open team sheets.\n|\n|t:|1684006820\n|start\n|switch|p1a: Flutter Mane|Flutter Mane, L50|100\/100\n|switch|p1b: Palafin|Palafin, L50, M|100\/100\n|switch|p2a: Orthworm|Orthworm, L50, M|100\/100\n|switch|p2b: Ting-Lu|Ting-Lu, L50|100\/100\n|-ability|p2b: Ting-Lu|Vessel of Ruin\n|-enditem|p1a: Flutter Mane|Booster Energy\n|-activate|p1a: Flutter Mane|ability: Protosynthesis|[fromitem]\n|-start|p1a: Flutter Mane|protosynthesisspe\n|turn|1\n|\n|t:|1684006846\n|detailschange|p1b: Palafin|Palafin-Hero, L50, M\n|switch|p1b: Arcanine|Arcanine, L50, M|100\/100\n|-ability|p1b: Arcanine|Intimidate|boost\n|-unboost|p2a: Orthworm|atk|1\n|-unboost|p2b: Ting-Lu|atk|1\n|move|p1a: Flutter Mane|Moonblast|p2b: Ting-Lu\n|-supereffective|p2b: Ting-Lu\n|-damage|p2b: Ting-Lu|49\/100\n|move|p2a: Orthworm|Shed Tail|p2a: Orthworm\n|-start|p2a: Orthworm|Substitute|[from] move: Shed Tail\n|-damage|p2a: Orthworm|50\/100\n|-enditem|p2a: Orthworm|Sitrus Berry|[eat]\n|-heal|p2a: Orthworm|75\/100|[from] item: Sitrus Berry\n|\n|t:|1684006859\n|switch|p2a: Dragonite|Dragonite, L50, M|100\/100|[from] Shed Tail\n|move|p2b: Ting-Lu|Earthquake|p1b: Arcanine|[spread] p1a,p1b\n|-immune|p2a: Dragonite\n|-supereffective|p1b: Arcanine\n|-damage|p1a: Flutter Mane|29\/100\n|-damage|p1b: Arcanine|30\/100\n|\n|upkeep\n|turn|2\n|\n|t:|1684006886\n|move|p1b: Arcanine|Extreme Speed|p2a: Dragonite\n|-activate|p2a: Dragonite|move: Substitute|[damage]\n|move|p1a: Flutter Mane|Moonblast|p2b: Ting-Lu\n|-supereffective|p2b: Ting-Lu\n|-damage|p2b: Ting-Lu|0 fnt\n|faint|p2b: Ting-Lu\n|move|p2a: Dragonite|Dragon Dance|p2a: Dragonite\n|-boost|p2a: Dragonite|atk|1\n|-boost|p2a: Dragonite|spe|1\n|\n|upkeep\n|\n|t:|1684006915\n|switch|p2b: Orthworm|Orthworm, L50, M|75\/100\n|turn|3\n|\n|t:|1684006931\n|move|p1a: Flutter Mane|Protect|p1a: Flutter Mane\n|-singleturn|p1a: Flutter Mane|Protect\n|move|p2a: Dragonite|Earthquake|p1b: Arcanine|[spread] p1b\n|-activate|p1a: Flutter Mane|move: Protect\n|-heal|p2b: Orthworm|100\/100|[from] ability: Earth Eater|[of] p2a: Dragonite\n|-supereffective|p1b: Arcanine\n|-damage|p1b: Arcanine|0 fnt\n|faint|p1b: Arcanine\n|move|p2b: Orthworm|Shed Tail|p2b: Orthworm\n|-start|p2b: Orthworm|Substitute|[from] move: Shed Tail\n|-damage|p2b: Orthworm|50\/100\n|\n|t:|1684006936\n|switch|p2b: Chien-Pao|Chien-Pao, L50|100\/100|[from] Shed Tail\n|-ability|p2b: Chien-Pao|Sword of Ruin\n|\n|upkeep\n|\n|t:|1684006951\n|switch|p1b: Kingambit|Kingambit, L50, F|100\/100\n|turn|4\n|\n|t:|1684006969\n|-terastallize|p2b: Chien-Pao|Flying\n|-terastallize|p1b: Kingambit|Dark\n|move|p2b: Chien-Pao|Sucker Punch|p1a: Flutter Mane\n|-damage|p1a: Flutter Mane|0 fnt\n|faint|p1a: Flutter Mane\n|-end|p1a: Flutter Mane|Protosynthesis|[silent]\n|move|p2a: Dragonite|Earthquake|p1b: Kingambit|[spread] p1b\n|-immune|p2b: Chien-Pao\n|-damage|p1b: Kingambit|56\/100\n|move|p1b: Kingambit|Assurance|p2a: Dragonite\n|-end|p2a: Dragonite|Substitute\n|\n|upkeep\n|\n|t:|1684006982\n|switch|p1a: Palafin|Palafin-Hero, L50, M|100\/100\n|-activate|p1a: Palafin|ability: Zero to Hero\n|turn|5\n|\n|t:|1684007003\n|move|p2b: Chien-Pao|Sucker Punch|p1b: Kingambit\n|-resisted|p1b: Kingambit\n|-damage|p1b: Kingambit|37\/100\n|move|p1a: Palafin|Jet Punch|p2a: Dragonite\n|-resisted|p2a: Dragonite\n|-damage|p2a: Dragonite|85\/100\n|move|p2a: Dragonite|Earthquake|p1a: Palafin|[spread] p1a,p1b\n|-immune|p2b: Chien-Pao\n|-damage|p1a: Palafin|48\/100\n|-damage|p1b: Kingambit|0 fnt\n|faint|p1b: Kingambit\n|\n|upkeep\n|turn|6\n|\n|t:|1684007016\n|move|p2a: Dragonite|Extreme Speed|p1a: Palafin\n|-damage|p1a: Palafin|0 fnt\n|faint|p1a: Palafin\n|\n|win|Inferno prodigy\n|raw|R2VGC's rating: 1309 → 1287<\/strong> (-22 for losing)\n|raw|Inferno prodigy's rating: 1269 → 1297<\/strong> (+28 for winning)\n|c|\u2606R2VGC|ggs\n","uploadtime":1684007034,"views":15,"p1id":"r2vgc","p2id":"infernoprodigy","formatid":"gen9vgc2023regulationc","rating":1287,"private":0,"password":""}