{"id":"gen9vgc2023regulationc-1846267568","p1":"civa1234","p2":"hysaaron","format":"[Gen 9] VGC 2023 Regulation C","log":"|j|\u2606civa1234\n|j|\u2606hysaaron\n|t:|1681826981\n|gametype|doubles\n|player|p1|civa1234|265|1178\n|player|p2|hysaaron|1|1120\n|teamsize|p1|6\n|teamsize|p2|6\n|gen|9\n|tier|[Gen 9] VGC 2023 Regulation C\n|rated|\n|rule|Species Clause: Limit one of each Pok\u00e9mon\n|rule|Item Clause: Limit one of each item\n|clearpoke\n|poke|p1|Flutter Mane, L50|\n|poke|p1|Chi-Yu, L50|\n|poke|p1|Glimmora, L50, F|\n|poke|p1|Ting-Lu, L50|\n|poke|p1|Amoonguss, L50, M|\n|poke|p1|Gyarados, L50, F|\n|poke|p2|Annihilape, L50, F|\n|poke|p2|Maushold, L50|\n|poke|p2|Chien-Pao, L50|\n|poke|p2|Scizor, L50, F|\n|poke|p2|Gyarados, L50, F|\n|poke|p2|Ting-Lu, L50|\n|teampreview|4\n|inactive|Battle timer is ON: inactive players will automatically lose when time's up. (requested by hysaaron)\n|inactive|hysaaron has 60 seconds left.\n|\n|t:|1681827035\n|start\n|switch|p1a: YoruNiKakeru|Flutter Mane, L50|100\/100\n|switch|p1b: Sangenshoku|Chi-Yu, L50|100\/100\n|switch|p2a: Maushold|Maushold, L50|100\/100\n|switch|p2b: Annihilape|Annihilape, L50, F|100\/100\n|-ability|p1b: Sangenshoku|Beads of Ruin\n|-enditem|p1a: YoruNiKakeru|Booster Energy\n|-activate|p1a: YoruNiKakeru|ability: Protosynthesis|[fromitem]\n|-start|p1a: YoruNiKakeru|protosynthesisspe\n|turn|1\n|inactive|hysaaron has 30 seconds left.\n|\n|t:|1681827064\n|-terastallize|p1a: YoruNiKakeru|Fairy\n|-terastallize|p2b: Annihilape|Fire\n|move|p2a: Maushold|Protect|p2a: Maushold\n|-singleturn|p2a: Maushold|Protect\n|move|p1a: YoruNiKakeru|Moonblast|p2a: Maushold\n|-activate|p2a: Maushold|move: Protect\n|move|p1b: Sangenshoku|Nasty Plot|p1b: Sangenshoku\n|-boost|p1b: Sangenshoku|spa|2\n|move|p2b: Annihilape|Bulk Up|p2b: Annihilape\n|-boost|p2b: Annihilape|atk|1\n|-boost|p2b: Annihilape|def|1\n|\n|upkeep\n|turn|2\n|inactive|hysaaron has 30 seconds left.\n|inactive|hysaaron has 20 seconds left.\n|inactive|hysaaron has 15 seconds left.\n|\n|t:|1681827106\n|move|p1a: YoruNiKakeru|Moonblast|p2a: Maushold\n|-crit|p2a: Maushold\n|-damage|p2a: Maushold|0 fnt\n|faint|p2a: Maushold\n|move|p1b: Sangenshoku|Dark Pulse|p2b: Annihilape\n|-damage|p2b: Annihilape|26\/100\n|move|p2b: Annihilape|Rage Fist|p1a: YoruNiKakeru\n|-damage|p1a: YoruNiKakeru|12\/100\n|\n|-heal|p2b: Annihilape|32\/100|[from] item: Leftovers\n|upkeep\n|inactive|hysaaron has 30 seconds left.\n|\n|t:|1681827131\n|switch|p2a: Chien-Pao|Chien-Pao, L50|100\/100\n|-ability|p2a: Chien-Pao|Sword of Ruin\n|turn|3\n|inactive|hysaaron has 30 seconds left.\n|\n|t:|1681827160\n|move|p1a: YoruNiKakeru|Protect|p1a: YoruNiKakeru\n|-singleturn|p1a: YoruNiKakeru|Protect\n|move|p2b: Annihilape|Protect|p2b: Annihilape\n|-singleturn|p2b: Annihilape|Protect\n|move|p2a: Chien-Pao|Ice Spinner|p1a: YoruNiKakeru\n|-activate|p1a: YoruNiKakeru|move: Protect\n|move|p1b: Sangenshoku|Heat Wave|p2a: Chien-Pao|[spread] p2a\n|-activate|p2b: Annihilape|move: Protect\n|-supereffective|p2a: Chien-Pao\n|-enditem|p2a: Chien-Pao|Focus Sash\n|-damage|p2a: Chien-Pao|1\/100\n|\n|-heal|p2b: Annihilape|38\/100|[from] item: Leftovers\n|upkeep\n|turn|4\n|inactive|civa1234 has 30 seconds left.\n|inactive|hysaaron has 30 seconds left.\n|inactive|hysaaron has 20 seconds left.\n|inactive|hysaaron has 15 seconds left.\n|inactive|hysaaron has 10 seconds left.\n|\n|t:|1681827208\n|move|p1a: YoruNiKakeru|Protect||[still]\n|-fail|p1a: YoruNiKakeru\n|move|p2a: Chien-Pao|Sucker Punch||[still]\n|-fail|p2a: Chien-Pao\n|move|p1b: Sangenshoku|Heat Wave|p2b: Annihilape|[spread] p2a\n|-miss|p1b: Sangenshoku|p2b: Annihilape\n|-supereffective|p2a: Chien-Pao\n|-damage|p2a: Chien-Pao|0 fnt\n|faint|p2a: Chien-Pao\n|move|p2b: Annihilape|Drain Punch|p1b: Sangenshoku\n|-supereffective|p1b: Sangenshoku\n|-damage|p1b: Sangenshoku|0 fnt\n|-heal|p2b: Annihilape|75\/100|[from] drain|[of] p1b: Sangenshoku\n|faint|p1b: Sangenshoku\n|\n|-heal|p2b: Annihilape|81\/100|[from] item: Leftovers\n|upkeep\n|\n|t:|1681827226\n|switch|p2a: Gyarados|Gyarados, L50, F, shiny|100\/100\n|switch|p1b: Halzion|Amoonguss, L50, M, shiny|100\/100\n|-ability|p2a: Gyarados|Intimidate|boost\n|-unboost|p1a: YoruNiKakeru|atk|1\n|-unboost|p1b: Halzion|atk|1\n|turn|5\n|inactive|hysaaron has 30 seconds left.\n|\n|t:|1681827255\n|move|p2b: Annihilape|Protect|p2b: Annihilape\n|-singleturn|p2b: Annihilape|Protect\n|move|p1a: YoruNiKakeru|Shadow Ball|p2b: Annihilape\n|-activate|p2b: Annihilape|move: Protect\n|move|p2a: Gyarados|Iron Head|p1a: YoruNiKakeru\n|-supereffective|p1a: YoruNiKakeru\n|-damage|p1a: YoruNiKakeru|0 fnt\n|faint|p1a: YoruNiKakeru\n|-end|p1a: YoruNiKakeru|Protosynthesis|[silent]\n|move|p1b: Halzion|Pollen Puff|p1: YoruNiKakeru|[notarget]\n|-fail|p1b: Halzion\n|\n|-heal|p2b: Annihilape|87\/100|[from] item: Leftovers\n|upkeep\n|\n|t:|1681827263\n|switch|p1a: Gunjou|Gyarados, L50, F, shiny|100\/100\n|-ability|p1a: Gunjou|Intimidate|boost\n|-unboost|p2a: Gyarados|atk|1\n|-unboost|p2b: Annihilape|atk|1\n|-ability|p2b: Annihilape|Defiant|boost\n|-boost|p2b: Annihilape|atk|2\n|turn|6\n|c|\u2606civa1234|thanks that miss\n|-message|civa1234 forfeited.\n|\n|win|hysaaron\n|raw|civa1234's rating: 1178 → 1149<\/strong> (-29 for losing)\n|raw|hysaaron's rating: 1120 → 1149<\/strong> (+29 for winning)\n|l|\u2606civa1234\n","uploadtime":1681827289,"views":4,"p1id":"civa1234","p2id":"hysaaron","formatid":"gen9vgc2023regulationc","rating":1149,"private":0,"password":""}