{"id":"gen9vgc2023regulationc-1863745253","p1":"JessieE","p2":"Annie Key","format":"[Gen 9] VGC 2023 Regulation C","log":"|j|\u2606JessieE\n|j|\u2606Annie Key\n|t:|1684071029\n|gametype|doubles\n|player|p1|JessieE|169|\n|player|p2|Annie Key|hilda-wonderlauncher|\n|teamsize|p1|6\n|teamsize|p2|6\n|gen|9\n|tier|[Gen 9] VGC 2023 Regulation C\n|rule|Species Clause: Limit one of each Pok\u00e9mon\n|rule|Item Clause: Limit one of each item\n|clearpoke\n|poke|p1|Staraptor, L50, F|\n|poke|p1|Mismagius, L50, F|\n|poke|p1|Honchkrow, L50, M|\n|poke|p1|Rotom-Fan, L50|\n|poke|p1|Magnezone, L50|\n|poke|p1|Drifblim, L50, F|\n|poke|p2|Haxorus, L50, F|\n|poke|p2|Volcarona, L50, F|\n|poke|p2|Braviary, L50, M|\n|poke|p2|Amoonguss, L50, F|\n|poke|p2|Alomomola, L50, F|\n|poke|p2|Bisharp, L50, F|\n|teampreview|4\n|\n|t:|1684071058\n|start\n|switch|p1a: Sammy|Staraptor, L50, F|100\/100\n|switch|p1b: Penguin Zero|Honchkrow, L50, M|100\/100\n|switch|p2a: Haxorus|Haxorus, L50, F|100\/100\n|switch|p2b: Alomomola|Alomomola, L50, F|100\/100\n|-ability|p2a: Haxorus|Mold Breaker\n|turn|1\n|\n|t:|1684071087\n|move|p1a: Sammy|Brave Bird|p2a: Haxorus\n|-damage|p2a: Haxorus|0 fnt\n|faint|p2a: Haxorus\n|-damage|p1a: Sammy|69\/100|[from] Recoil\n|-damage|p1a: Sammy|59\/100|[from] item: Life Orb\n|move|p1b: Penguin Zero|Night Slash|p2b: Alomomola\n|-crit|p2b: Alomomola\n|-damage|p2b: Alomomola|67\/100\n|move|p2b: Alomomola|Chilling Water|p1a: Sammy\n|-damage|p1a: Sammy|44\/100\n|-unboost|p1a: Sammy|atk|1\n|\n|upkeep\n|\n|t:|1684071104\n|switch|p2a: Amoonguss|Amoonguss, L50, F|100\/100\n|turn|2\n|\n|t:|1684071135\n|switch|p1a: Z|Mismagius, L50, F|100\/100\n|move|p1b: Penguin Zero|Taunt|p2a: Amoonguss\n|-start|p2a: Amoonguss|move: Taunt\n|move|p2b: Alomomola|Baton Pass|p2b: Alomomola\n|\n|t:|1684071142\n|switch|p2b: Volcarona|Volcarona, L50, F|100\/100|[from] Baton Pass\n|cant|p2a: Amoonguss|move: Taunt|Spore\n|\n|upkeep\n|turn|3\n|\n|t:|1684071166\n|switch|p1b: Vriska|Drifblim, L50, F|100\/100\n|move|p2b: Volcarona|Protect|p2b: Volcarona\n|-singleturn|p2b: Volcarona|Protect\n|move|p1a: Z|Perish Song|p1a: Z\n|-start|p1a: Z|perish3|[silent]\n|-start|p1b: Vriska|perish3|[silent]\n|-start|p2a: Amoonguss|perish3|[silent]\n|-start|p2b: Volcarona|perish3|[silent]\n|-fieldactivate|move: Perish Song\n|move|p2a: Amoonguss|Foul Play|p1a: Z\n|-supereffective|p1a: Z\n|-damage|p1a: Z|65\/100\n|\n|-start|p1a: Z|perish3\n|-start|p2b: Volcarona|perish3\n|-start|p1b: Vriska|perish3\n|-start|p2a: Amoonguss|perish3\n|upkeep\n|turn|4\n|\n|t:|1684071207\n|move|p1a: Z|Mean Look|p2b: Volcarona\n|-activate|p2b: Volcarona|trapped\n|move|p2b: Volcarona|Fiery Dance|p1b: Vriska\n|-damage|p1b: Vriska|67\/100\n|-boost|p2b: Volcarona|spa|1\n|move|p2a: Amoonguss|Foul Play|p1a: Z\n|-supereffective|p1a: Z\n|-damage|p1a: Z|27\/100\n|move|p1b: Vriska|Trick|p2b: Volcarona\n|-activate|p1b: Vriska|move: Trick|[of] p2b: Volcarona\n|-item|p2b: Volcarona|Lagging Tail|[from] move: Trick\n|-item|p1b: Vriska|Sitrus Berry|[from] move: Trick\n|\n|-end|p2a: Amoonguss|move: Taunt\n|-start|p1a: Z|perish2\n|-start|p2b: Volcarona|perish2\n|-start|p1b: Vriska|perish2\n|-start|p2a: Amoonguss|perish2\n|upkeep\n|turn|5\n|\n|t:|1684071258\n|move|p1a: Z|Destiny Bond|p1a: Z\n|-singlemove|p1a: Z|Destiny Bond\n|move|p1b: Vriska|Tailwind|p1b: Vriska\n|-sidestart|p1: JessieE|move: Tailwind\n|move|p2a: Amoonguss|Foul Play|p1a: Z\n|-supereffective|p1a: Z\n|-damage|p1a: Z|0 fnt\n|faint|p1a: Z\n|-activate|p1a: Z|move: Destiny Bond\n|faint|p2a: Amoonguss\n|move|p2b: Volcarona|Fiery Dance|p1b: Vriska\n|-damage|p1b: Vriska|17\/100\n|-enditem|p1b: Vriska|Sitrus Berry|[eat]\n|-heal|p1b: Vriska|42\/100|[from] item: Sitrus Berry\n|\n|-start|p1b: Vriska|perish1\n|-start|p2b: Volcarona|perish1\n|upkeep\n|\n|t:|1684071276\n|switch|p1a: Sammy|Staraptor, L50, F|44\/100\n|switch|p2a: Alomomola|Alomomola, L50, F|100\/100\n|turn|6\n|\n|t:|1684071324\n|switch|p1b: Penguin Zero|Honchkrow, L50, M|100\/100\n|move|p1a: Sammy|Brave Bird|p2b: Volcarona\n|-supereffective|p2b: Volcarona\n|-damage|p2b: Volcarona|0 fnt\n|-status|p1a: Sammy|brn|[from] ability: Flame Body|[of] p2b: Volcarona\n|faint|p2b: Volcarona\n|-damage|p1a: Sammy|6\/100 brn|[from] Recoil\n|-damage|p1a: Sammy|0 fnt|[from] item: Life Orb\n|faint|p1a: Sammy\n|move|p2a: Alomomola|Chilling Water|p1b: Penguin Zero\n|-damage|p1b: Penguin Zero|88\/100\n|-unboost|p1b: Penguin Zero|atk|1\n|\n|upkeep\n|\n|t:|1684071337\n|switch|p1a: Vriska|Drifblim, L50, F|42\/100\n|turn|7\n|\n|t:|1684071351\n|move|p1a: Vriska|Haze|p1a: Vriska\n|-clearallboost\n|move|p1b: Penguin Zero|Night Slash|p2a: Alomomola\n|-crit|p2a: Alomomola\n|-damage|p2a: Alomomola|67\/100\n|move|p2a: Alomomola|Chilling Water|p1a: Vriska\n|-damage|p1a: Vriska|36\/100\n|-unboost|p1a: Vriska|atk|1\n|\n|upkeep\n|turn|8\n|\n|t:|1684071397\n|-terastallize|p1b: Penguin Zero|Dark\n|move|p1a: Vriska|Haze|p1a: Vriska\n|-clearallboost\n|move|p1b: Penguin Zero|Night Slash|p2a: Alomomola\n|-crit|p2a: Alomomola\n|-damage|p2a: Alomomola|24\/100\n|-enditem|p2a: Alomomola|Starf Berry|[eat]\n|-boost|p2a: Alomomola|def|2|[from] item: Starf Berry\n|move|p2a: Alomomola|Calm Mind|p2a: Alomomola\n|-boost|p2a: Alomomola|spa|1\n|-boost|p2a: Alomomola|spd|1\n|\n|-sideend|p1: JessieE|move: Tailwind\n|upkeep\n|turn|9\n|\n|t:|1684071448\n|move|p1a: Vriska|Haze|p1a: Vriska\n|-clearallboost\n|move|p1b: Penguin Zero|Night Slash|p2a: Alomomola\n|-crit|p2a: Alomomola\n|-damage|p2a: Alomomola|0 fnt\n|faint|p2a: Alomomola\n|\n|win|JessieE\n","uploadtime":1684071461,"views":15,"p1id":"jessiee","p2id":"anniekey","formatid":"gen9vgc2023regulationc","rating":0,"private":0,"password":""}