{"id":"gen9vgc2023regulationc-1858527078","p1":"Gabu29","p2":"Inwaves22","format":"[Gen 9] VGC 2023 Regulation C","log":"|j|\u2606Gabu29\n|j|\u2606Inwaves22\n|t:|1683321537\n|gametype|doubles\n|player|p1|Gabu29|hilbert|1071\n|player|p2|Inwaves22|ethan|1174\n|teamsize|p1|6\n|teamsize|p2|6\n|gen|9\n|tier|[Gen 9] VGC 2023 Regulation C\n|rated|\n|rule|Species Clause: Limit one of each Pok\u00e9mon\n|rule|Item Clause: Limit one of each item\n|clearpoke\n|poke|p1|Amoonguss, L50, F|\n|poke|p1|Flutter Mane, L50|\n|poke|p1|Chi-Yu, L50|\n|poke|p1|Gyarados, L50, M|\n|poke|p1|Iron Hands, L50|\n|poke|p1|Ting-Lu, L50|\n|poke|p2|Annihilape, L50, M|\n|poke|p2|Iron Bundle, L50|\n|poke|p2|Arcanine, L50, F|\n|poke|p2|Roaring Moon, L50|\n|poke|p2|Gholdengo, L50|\n|poke|p2|Maushold-Four, L50|\n|teampreview|4\n|inactive|Battle timer is ON: inactive players will automatically lose when time's up. (requested by Gabu29)\n|inactive|Gabu29 has 60 seconds left.\n|\n|t:|1683321568\n|start\n|switch|p1a: FerroPajas|Iron Hands, L50|100\/100\n|switch|p1b: Ting-Lin|Ting-Lu, L50|100\/100\n|switch|p2a: Maushold|Maushold-Four, L50|100\/100\n|switch|p2b: Annihilape|Annihilape, L50, M|100\/100\n|-ability|p1b: Ting-Lin|Vessel of Ruin\n|turn|1\n|\n|t:|1683321589\n|move|p2a: Maushold|Protect|p2a: Maushold\n|-singleturn|p2a: Maushold|Protect\n|move|p1a: FerroPajas|Fake Out|p2a: Maushold\n|-activate|p2a: Maushold|move: Protect\n|move|p2b: Annihilape|Bulk Up|p2b: Annihilape\n|-boost|p2b: Annihilape|atk|1\n|-boost|p2b: Annihilape|def|1\n|move|p1b: Ting-Lin|Fissure|p2b: Annihilape\n|-damage|p2b: Annihilape|0 fnt\n|faint|p2b: Annihilape\n|-ohko\n|\n|upkeep\n|\n|t:|1683321599\n|switch|p2b: Roaring Moon|Roaring Moon, L50|100\/100\n|-enditem|p2b: Roaring Moon|Booster Energy\n|-activate|p2b: Roaring Moon|ability: Protosynthesis|[fromitem]\n|-start|p2b: Roaring Moon|protosynthesisatk\n|turn|2\n|\n|t:|1683321608\n|-terastallize|p2b: Roaring Moon|Flying\n|move|p2b: Roaring Moon|Acrobatics|p1a: FerroPajas\n|-damage|p1a: FerroPajas|45\/100\n|move|p2a: Maushold|Super Fang|p1b: Ting-Lin\n|-damage|p1b: Ting-Lin|51\/100\n|move|p1a: FerroPajas|Brick Break|p2b: Roaring Moon\n|-resisted|p2b: Roaring Moon\n|-damage|p2b: Roaring Moon|81\/100\n|move|p1b: Ting-Lin|Fissure|p2a: Maushold\n|-damage|p2a: Maushold|0 fnt\n|faint|p2a: Maushold\n|-ohko\n|\n|upkeep\n|\n|t:|1683321620\n|switch|p2a: Arcanine|Arcanine, L50, F|100\/100\n|-ability|p2a: Arcanine|Intimidate|boost\n|-unboost|p1a: FerroPajas|atk|1\n|-unboost|p1b: Ting-Lin|atk|1\n|turn|3\n|\n|t:|1683321632\n|-end|p1a: FerroPajas|Quark Drive|[silent]\n|switch|p1a: Gyarados|Gyarados, L50, M|100\/100\n|-ability|p1a: Gyarados|Intimidate|boost\n|-unboost|p2a: Arcanine|atk|1\n|-unboost|p2b: Roaring Moon|atk|1\n|move|p2b: Roaring Moon|Acrobatics|p1a: Gyarados\n|-damage|p1a: Gyarados|39\/100\n|move|p2a: Arcanine|Close Combat|p1b: Ting-Lin\n|-supereffective|p1b: Ting-Lin\n|-damage|p1b: Ting-Lin|17\/100\n|-unboost|p2a: Arcanine|def|1\n|-unboost|p2a: Arcanine|spd|1\n|move|p1b: Ting-Lin|Stomping Tantrum|p2a: Arcanine\n|-supereffective|p2a: Arcanine\n|-damage|p2a: Arcanine|0 fnt\n|faint|p2a: Arcanine\n|\n|upkeep\n|turn|4\n|inactive|Gabu29 has 30 seconds left.\n|inactive|Inwaves22 has 30 seconds left.\n|inactive|Gabu29 has 20 seconds left.\n|\n|t:|1683321669\n|move|p2b: Roaring Moon|Acrobatics|p1b: Ting-Lin\n|-damage|p1b: Ting-Lin|0 fnt\n|faint|p1b: Ting-Lin\n|move|p1a: Gyarados|Waterfall|p2b: Roaring Moon\n|-damage|p2b: Roaring Moon|33\/100\n|\n|upkeep\n|\n|t:|1683321676\n|switch|p1b: FerroPajas|Iron Hands, L50|45\/100\n|turn|5\n|\n|t:|1683321701\n|-terastallize|p1a: Gyarados|Flying\n|move|p1b: FerroPajas|Fake Out|p2b: Roaring Moon\n|-damage|p2b: Roaring Moon|15\/100\n|cant|p2b: Roaring Moon|flinch\n|move|p1a: Gyarados|Tera Blast|p2b: Roaring Moon\n|-damage|p2b: Roaring Moon|0 fnt\n|faint|p2b: Roaring Moon\n|-end|p2b: Roaring Moon|Protosynthesis|[silent]\n|\n|win|Gabu29\n|raw|Gabu29's rating: 1071 → 1109<\/strong> (+38 for winning)\n|raw|Inwaves22's rating: 1174 → 1142<\/strong> (-32 for losing)\n|l|\u2606Inwaves22\n","uploadtime":1683321724,"views":7,"p1id":"gabu29","p2id":"inwaves22","formatid":"gen9vgc2023regulationc","rating":1109,"private":0,"password":""}