{"id":"gen9vgc2023regulationc-1851457758","p1":"BIGDRAGONLIKEUGEOK","p2":"to-sin","format":"[Gen 9] VGC 2023 Regulation C","log":"|j|\u2606BIGDRAGONLIKEUGEOK\n|j|\u2606to-sin\n|t:|1682446731\n|gametype|doubles\n|player|p1|BIGDRAGONLIKEUGEOK|2|1441\n|player|p2|to-sin|1|1417\n|teamsize|p1|6\n|teamsize|p2|6\n|gen|9\n|tier|[Gen 9] VGC 2023 Regulation C\n|rated|\n|rule|Species Clause: Limit one of each Pok\u00e9mon\n|rule|Item Clause: Limit one of each item\n|clearpoke\n|poke|p1|Garganacl, L50, F|\n|poke|p1|Arcanine, L50, M|\n|poke|p1|Ting-Lu, L50|\n|poke|p1|Iron Bundle, L50|\n|poke|p1|Amoonguss, L50, M|\n|poke|p1|Roaring Moon, L50|\n|poke|p2|Flutter Mane, L50|\n|poke|p2|Torkoal, L50, F|\n|poke|p2|Great Tusk, L50|\n|poke|p2|Oranguru, L50, M|\n|poke|p2|Lilligant, L50, F|\n|poke|p2|Indeedee-F, L50, F|\n|teampreview|4\n|inactive|Battle timer is ON: inactive players will automatically lose when time's up. (requested by to-sin)\n|\n|t:|1682446768\n|start\n|switch|p1a: Garganacl|Garganacl, L50, F|100\/100\n|switch|p1b: Arcanine|Arcanine, L50, M|100\/100\n|switch|p2a: Lilligant|Lilligant, L50, F|100\/100\n|switch|p2b: Torkoal|Torkoal, L50, F|100\/100\n|-ability|p1b: Arcanine|Intimidate|boost\n|-unboost|p2a: Lilligant|atk|1\n|-unboost|p2b: Torkoal|atk|1\n|-weather|SunnyDay|[from] ability: Drought|[of] p2b: Torkoal\n|turn|1\n|inactive|BIGDRAGONLIKEUGEOK has 30 seconds left.\n|inactive|to-sin has 30 seconds left.\n|\n|t:|1682446797\n|switch|p1b: Ting-Lu|Ting-Lu, L50|100\/100\n|-ability|p1b: Ting-Lu|Vessel of Ruin\n|move|p2a: Lilligant|Protect|p2a: Lilligant\n|-singleturn|p2a: Lilligant|Protect\n|move|p1a: Garganacl|Salt Cure|p2b: Torkoal\n|-supereffective|p2b: Torkoal\n|-damage|p2b: Torkoal|76\/100\n|-start|p2b: Torkoal|Salt Cure\n|move|p2b: Torkoal|Flamethrower|p1b: Ting-Lu\n|-damage|p1b: Ting-Lu|73\/100\n|\n|-weather|SunnyDay|[upkeep]\n|-damage|p2b: Torkoal|64\/100|[from] Salt Cure\n|upkeep\n|turn|2\n|inactive|BIGDRAGONLIKEUGEOK has 30 seconds left.\n|inactive|to-sin has 30 seconds left.\n|inactive|BIGDRAGONLIKEUGEOK has 20 seconds left.\n|inactive|to-sin has 20 seconds left.\n|inactive|BIGDRAGONLIKEUGEOK has 15 seconds left.\n|inactive|BIGDRAGONLIKEUGEOK has 10 seconds left.\n|\n|t:|1682446845\n|switch|p2a: Great Tusk|Great Tusk, L50|100\/100\n|-activate|p2a: Great Tusk|ability: Protosynthesis\n|-start|p2a: Great Tusk|protosynthesisatk\n|switch|p2b: Oranguru|Oranguru, L50, M|100\/100\n|move|p1a: Garganacl|Protect|p1a: Garganacl\n|-singleturn|p1a: Garganacl|Protect\n|move|p1b: Ting-Lu|Payback|p2a: Great Tusk\n|-resisted|p2a: Great Tusk\n|-damage|p2a: Great Tusk|91\/100\n|\n|-weather|SunnyDay|[upkeep]\n|upkeep\n|turn|3\n|inactive|BIGDRAGONLIKEUGEOK has 30 seconds left.\n|inactive|to-sin has 30 seconds left.\n|inactive|BIGDRAGONLIKEUGEOK has 20 seconds left.\n|inactive|to-sin has 20 seconds left.\n|inactive|BIGDRAGONLIKEUGEOK has 15 seconds left.\n|inactive|to-sin has 15 seconds left.\n|inactive|BIGDRAGONLIKEUGEOK has 10 seconds left.\n|inactive|BIGDRAGONLIKEUGEOK has 5 seconds left.\n|\n|t:|1682446900\n|move|p2a: Great Tusk|Close Combat|p1a: Garganacl\n|-supereffective|p1a: Garganacl\n|-damage|p1a: Garganacl|0 fnt\n|-unboost|p2a: Great Tusk|def|1\n|-unboost|p2a: Great Tusk|spd|1\n|faint|p1a: Garganacl\n|move|p1b: Ting-Lu|Ruination|p2b: Oranguru\n|-damage|p2b: Oranguru|51\/100\n|move|p2b: Oranguru|Instruct|p2a: Great Tusk\n|-singleturn|p2a: Great Tusk|move: Instruct|[of] p2b: Oranguru\n|move|p2a: Great Tusk|Close Combat|p1b: Ting-Lu\n|-supereffective|p1b: Ting-Lu\n|-damage|p1b: Ting-Lu|0 fnt\n|-unboost|p2a: Great Tusk|def|1\n|-unboost|p2a: Great Tusk|spd|1\n|faint|p1b: Ting-Lu\n|\n|-weather|SunnyDay|[upkeep]\n|upkeep\n|\n|t:|1682446904\n|switch|p1b: Arcanine|Arcanine, L50, M|100\/100\n|switch|p1a: Roaring Moon|Roaring Moon, L50|100\/100\n|-activate|p1a: Roaring Moon|ability: Protosynthesis\n|-start|p1a: Roaring Moon|protosynthesisspe\n|-ability|p1b: Arcanine|Intimidate|boost\n|-unboost|p2a: Great Tusk|atk|1\n|-unboost|p2b: Oranguru|atk|1\n|turn|4\n|inactive|to-sin has 30 seconds left.\n|\n|t:|1682446933\n|-end|p2a: Great Tusk|Protosynthesis|[silent]\n|switch|p2a: Lilligant|Lilligant, L50, F|100\/100\n|-terastallize|p1a: Roaring Moon|Flying\n|move|p1a: Roaring Moon|Acrobatics|p2b: Oranguru\n|-damage|p2b: Oranguru|27\/100\n|move|p1b: Arcanine|Will-O-Wisp|p2a: Lilligant\n|-status|p2a: Lilligant|brn\n|move|p2b: Oranguru|Trick Room|p2b: Oranguru\n|-fieldstart|move: Trick Room|[of] p2b: Oranguru\n|\n|-weather|SunnyDay|[upkeep]\n|-damage|p2a: Lilligant|95\/100 brn|[from] brn\n|upkeep\n|turn|5\n|inactive|BIGDRAGONLIKEUGEOK has 30 seconds left.\n|inactive|to-sin has 30 seconds left.\n|inactive|to-sin has 20 seconds left.\n|inactive|to-sin has 15 seconds left.\n|inactive|to-sin has 10 seconds left.\n|inactive|to-sin has 5 seconds left.\n|\n|t:|1682446986\n|move|p2b: Oranguru|Foul Play|p1a: Roaring Moon\n|-damage|p1a: Roaring Moon|59\/100\n|move|p1b: Arcanine|Flare Blitz|p2b: Oranguru\n|-damage|p2b: Oranguru|0 fnt\n|faint|p2b: Oranguru\n|-damage|p1b: Arcanine|91\/100|[from] Recoil\n|move|p1a: Roaring Moon|Dragon Dance|p1a: Roaring Moon\n|-boost|p1a: Roaring Moon|atk|1\n|-boost|p1a: Roaring Moon|spe|1\n|move|p2a: Lilligant|Pollen Puff|p2: Oranguru|[notarget]\n|-fail|p2a: Lilligant\n|\n|-weather|none\n|-end|p1a: Roaring Moon|Protosynthesis\n|-damage|p2a: Lilligant|89\/100 brn|[from] brn\n|upkeep\n|-enditem|p1a: Roaring Moon|Booster Energy\n|-activate|p1a: Roaring Moon|ability: Protosynthesis|[fromitem]\n|-start|p1a: Roaring Moon|protosynthesisspe\n|\n|t:|1682447005\n|switch|p2b: Torkoal|Torkoal, L50, F|64\/100\n|-weather|SunnyDay|[from] ability: Drought|[of] p2b: Torkoal\n|turn|6\n|\n|t:|1682447023\n|-terastallize|p2b: Torkoal|Fire\n|move|p1a: Roaring Moon|Protect|p1a: Roaring Moon\n|-singleturn|p1a: Roaring Moon|Protect\n|move|p2b: Torkoal|Flamethrower|p1a: Roaring Moon\n|-activate|p1a: Roaring Moon|move: Protect\n|move|p1b: Arcanine|Flare Blitz|p2a: Lilligant\n|-supereffective|p2a: Lilligant\n|-damage|p2a: Lilligant|0 fnt\n|faint|p2a: Lilligant\n|-damage|p1b: Arcanine|63\/100|[from] Recoil\n|\n|-weather|SunnyDay|[upkeep]\n|upkeep\n|\n|t:|1682447037\n|switch|p2a: Great Tusk|Great Tusk, L50|91\/100\n|-activate|p2a: Great Tusk|ability: Protosynthesis\n|-start|p2a: Great Tusk|protosynthesisatk\n|turn|7\n|inactive|BIGDRAGONLIKEUGEOK has 30 seconds left.\n|\n|t:|1682447069\n|move|p1a: Roaring Moon|Protect||[still]\n|-fail|p1a: Roaring Moon\n|move|p2b: Torkoal|Eruption|p1b: Arcanine|[spread] p1a,p1b\n|-resisted|p1b: Arcanine\n|-damage|p1a: Roaring Moon|0 fnt\n|-damage|p1b: Arcanine|20\/100\n|-enditem|p1b: Arcanine|Sitrus Berry|[eat]\n|-heal|p1b: Arcanine|45\/100|[from] item: Sitrus Berry\n|faint|p1a: Roaring Moon\n|-end|p1a: Roaring Moon|Protosynthesis|[silent]\n|move|p1b: Arcanine|Flare Blitz|p2a: Great Tusk\n|-damage|p2a: Great Tusk|34\/100\n|-damage|p1b: Arcanine|25\/100|[from] Recoil\n|move|p2a: Great Tusk|Rock Slide|p1b: Arcanine\n|-supereffective|p1b: Arcanine\n|-damage|p1b: Arcanine|0 fnt\n|faint|p1b: Arcanine\n|\n|win|to-sin\n|raw|BIGDRAGONLIKEUGEOK's rating: 1441 → 1420<\/strong> (-21 for losing)\n|raw|to-sin's rating: 1417 → 1438<\/strong> (+21 for winning)\n","uploadtime":1682447089,"views":5,"p1id":"bigdragonlikeugeok","p2id":"tosin","formatid":"gen9vgc2023regulationc","rating":1420,"private":0,"password":""}