{"id":"gen9vgc2023regulationc-1844873752","p1":"NijiaTW","p2":"RyokouTsuki","format":"[Gen 9] VGC 2023 Regulation C","log":"|j|\u2606NijiaTW\n|j|\u2606RyokouTsuki\n|t:|1681659045\n|gametype|doubles\n|player|p1|NijiaTW|steven|1074\n|player|p2|RyokouTsuki|rosa|1138\n|teamsize|p1|6\n|teamsize|p2|6\n|gen|9\n|tier|[Gen 9] VGC 2023 Regulation C\n|rated|\n|rule|Species Clause: Limit one of each Pok\u00e9mon\n|rule|Item Clause: Limit one of each item\n|clearpoke\n|poke|p1|Palafin, L50, M|\n|poke|p1|Chien-Pao, L50|\n|poke|p1|Dragapult, L50, F|\n|poke|p1|Amoonguss, L50, M|\n|poke|p1|Arcanine, L50, F|\n|poke|p1|Flutter Mane, L50|\n|poke|p2|Talonflame, L50, F|\n|poke|p2|Palafin, L50, F|\n|poke|p2|Chien-Pao, L50|\n|poke|p2|Gyarados, L50, F|\n|poke|p2|Flutter Mane, L50|\n|poke|p2|Annihilape, L50, M|\n|teampreview|4\n|inactive|Battle timer is ON: inactive players will automatically lose when time's up. (requested by NijiaTW)\n|\n|t:|1681659069\n|start\n|switch|p1a: Dozo|Palafin, L50, M|100\/100\n|switch|p1b: Dnite|Dragapult, L50, F|100\/100\n|switch|p2a: Talonflame|Talonflame, L50, F|100\/100\n|switch|p2b: Annihilape|Annihilape, L50, M|100\/100\n|turn|1\n|inactive|RyokouTsuki has 30 seconds left.\n|\n|t:|1681659095\n|move|p2a: Talonflame|Tailwind|p2a: Talonflame\n|-sidestart|p2: RyokouTsuki|move: Tailwind\n|move|p1a: Dozo|Jet Punch|p2a: Talonflame\n|-supereffective|p2a: Talonflame\n|-damage|p2a: Talonflame|18\/100\n|move|p2b: Annihilape|Bulk Up|p2b: Annihilape\n|-boost|p2b: Annihilape|atk|1\n|-boost|p2b: Annihilape|def|1\n|move|p1b: Dnite|Dragon Darts|p2a: Talonflame\n|-damage|p2a: Talonflame|0 fnt\n|-anim|p1b: Dnite|Dragon Darts|p2b: Annihilape\n|-damage|p2b: Annihilape|77\/100\n|faint|p2a: Talonflame\n|\n|-heal|p2b: Annihilape|83\/100|[from] item: Leftovers\n|upkeep\n|\n|t:|1681659112\n|switch|p2a: Gyarados|Gyarados, L50, F|100\/100\n|-ability|p2a: Gyarados|Intimidate|boost\n|-unboost|p1a: Dozo|atk|1\n|-fail|p1b: Dnite|unboost|[from] ability: Clear Body|[of] p1b: Dnite\n|turn|2\n|inactive|RyokouTsuki has 30 seconds left.\n|inactive|RyokouTsuki has 20 seconds left.\n|\n|t:|1681659147\n|detailschange|p1a: Dozo|Palafin-Hero, L50, M\n|switch|p1a: Mimi|Flutter Mane, L50|100\/100\n|-enditem|p1a: Mimi|Booster Energy\n|-activate|p1a: Mimi|ability: Protosynthesis|[fromitem]\n|-start|p1a: Mimi|protosynthesisspa\n|-terastallize|p1b: Dnite|Steel\n|move|p2b: Annihilape|Rage Fist|p1b: Dnite\n|-crit|p1b: Dnite\n|-damage|p1b: Dnite|21\/100\n|move|p1b: Dnite|Dragon Darts|p2b: Annihilape\n|-damage|p2b: Annihilape|57\/100\n|-anim|p1b: Dnite|Dragon Darts|p2a: Gyarados\n|-damage|p2a: Gyarados|60\/100\n|move|p2a: Gyarados|Dragon Dance|p2a: Gyarados\n|-boost|p2a: Gyarados|atk|1\n|-boost|p2a: Gyarados|spe|1\n|\n|-heal|p2b: Annihilape|63\/100|[from] item: Leftovers\n|upkeep\n|turn|3\n|inactive|RyokouTsuki has 30 seconds left.\n|\n|t:|1681659173\n|move|p2a: Gyarados|Waterfall|p1b: Dnite\n|-damage|p1b: Dnite|0 fnt\n|faint|p1b: Dnite\n|-damage|p2a: Gyarados|51\/100|[from] item: Life Orb\n|move|p2b: Annihilape|Rage Fist|p1a: Mimi\n|-supereffective|p1a: Mimi\n|-damage|p1a: Mimi|0 fnt\n|faint|p1a: Mimi\n|-end|p1a: Mimi|Protosynthesis|[silent]\n|\n|-heal|p2b: Annihilape|69\/100|[from] item: Leftovers\n|upkeep\n|\n|t:|1681659184\n|switch|p1b: Dozo|Palafin-Hero, L50, M|100\/100\n|switch|p1a: ChiYu|Arcanine, L50, F|100\/100\n|-ability|p1a: ChiYu|Intimidate|boost\n|-unboost|p2a: Gyarados|atk|1\n|-unboost|p2b: Annihilape|atk|1\n|-activate|p1b: Dozo|ability: Zero to Hero\n|turn|4\n|\n|t:|1681659201\n|move|p2b: Annihilape|Protect|p2b: Annihilape\n|-singleturn|p2b: Annihilape|Protect\n|move|p2a: Gyarados|Thunder Wave|p1b: Dozo\n|-status|p1b: Dozo|par\n|move|p1a: ChiYu|Will-O-Wisp|p2a: Gyarados\n|-status|p2a: Gyarados|brn\n|move|p1b: Dozo|Wave Crash|p2b: Annihilape\n|-activate|p2b: Annihilape|move: Protect\n|\n|-heal|p2b: Annihilape|75\/100|[from] item: Leftovers\n|-damage|p2a: Gyarados|45\/100 brn|[from] brn\n|-sideend|p2: RyokouTsuki|move: Tailwind\n|upkeep\n|turn|5\n|inactive|RyokouTsuki has 30 seconds left.\n|\n|t:|1681659232\n|move|p1a: ChiYu|Protect|p1a: ChiYu\n|-singleturn|p1a: ChiYu|Protect\n|move|p2a: Gyarados|Thunder Wave|p1a: ChiYu\n|-activate|p1a: ChiYu|move: Protect\n|move|p2b: Annihilape|Rage Fist|p1a: ChiYu\n|-activate|p1a: ChiYu|move: Protect\n|move|p1b: Dozo|Wave Crash|p2a: Gyarados\n|-resisted|p2a: Gyarados\n|-damage|p2a: Gyarados|0 fnt\n|faint|p2a: Gyarados\n|-damage|p1b: Dozo|86\/100 par|[from] Recoil\n|\n|-heal|p2b: Annihilape|81\/100|[from] item: Leftovers\n|upkeep\n|\n|t:|1681659246\n|switch|p2a: Chien-Pao|Chien-Pao, L50|100\/100\n|-ability|p2a: Chien-Pao|Sword of Ruin\n|turn|6\n|\n|t:|1681659268\n|move|p2a: Chien-Pao|Crunch|p1b: Dozo\n|-damage|p1b: Dozo|40\/100 par\n|move|p1a: ChiYu|Flare Blitz|p2b: Annihilape\n|-damage|p2b: Annihilape|39\/100\n|-damage|p1a: ChiYu|85\/100|[from] Recoil\n|move|p2b: Annihilape|Rage Fist|p1a: ChiYu\n|-damage|p1a: ChiYu|3\/100\n|move|p1b: Dozo|Wave Crash|p2b: Annihilape\n|-damage|p2b: Annihilape|0 fnt\n|faint|p2b: Annihilape\n|-damage|p1b: Dozo|26\/100 par|[from] Recoil\n|\n|upkeep\n|turn|7\n|\n|t:|1681659293\n|move|p1a: ChiYu|Extreme Speed|p2a: Chien-Pao\n|-damage|p2a: Chien-Pao|71\/100\n|move|p1b: Dozo|Jet Punch|p2a: Chien-Pao\n|-damage|p2a: Chien-Pao|11\/100\n|move|p2a: Chien-Pao|Crunch|p1b: Dozo\n|-damage|p1b: Dozo|0 fnt\n|faint|p1b: Dozo\n|\n|upkeep\n|turn|8\n|\n|t:|1681659306\n|move|p1a: ChiYu|Extreme Speed|p2a: Chien-Pao\n|-damage|p2a: Chien-Pao|0 fnt\n|faint|p2a: Chien-Pao\n|\n|win|NijiaTW\n|raw|NijiaTW's rating: 1074 → 1108<\/strong> (+34 for winning)\n|raw|RyokouTsuki's rating: 1138 → 1108<\/strong> (-30 for losing)\n|l|\u2606RyokouTsuki\n","uploadtime":1681659312,"views":15,"p1id":"nijiatw","p2id":"ryokoutsuki","formatid":"gen9vgc2023regulationc","rating":1108,"private":0,"password":""}