{"id":"gen9vgc2023regulationc-1847630057","p1":"Waschmaschine","p2":"eggplanet07","format":"[Gen 9] VGC 2023 Regulation C","log":"|j|\u2606Waschmaschine\n|j|\u2606eggplanet07\n|t:|1681984608\n|gametype|doubles\n|player|p1|Waschmaschine|1|1080\n|player|p2|eggplanet07|hilda|1181\n|teamsize|p1|6\n|teamsize|p2|6\n|gen|9\n|tier|[Gen 9] VGC 2023 Regulation C\n|rated|\n|rule|Species Clause: Limit one of each Pok\u00e9mon\n|rule|Item Clause: Limit one of each item\n|clearpoke\n|poke|p1|Flutter Mane, L50|\n|poke|p1|Palafin, L50, M|\n|poke|p1|Amoonguss, L50, M|\n|poke|p1|Chien-Pao, L50|\n|poke|p1|Arcanine, L50, F|\n|poke|p1|Glimmora, L50, F|\n|poke|p2|Raichu, L50, M|\n|poke|p2|Ting-Lu, L50|\n|poke|p2|Amoonguss, L50, F|\n|poke|p2|Gyarados, L50, F|\n|poke|p2|Flutter Mane, L50|\n|poke|p2|Palafin, L50, F|\n|teampreview|4\n|inactive|Battle timer is ON: inactive players will automatically lose when time's up. (requested by eggplanet07)\nWaschmaschine rejected open team sheets.\n|inactive|Waschmaschine has 60 seconds left.\n|inactive|eggplanet07 has 60 seconds left.\n|\n|t:|1681984640\n|start\n|switch|p1a: Palafin|Palafin, L50, M|100\/100\n|switch|p1b: Flutter Mane|Flutter Mane, L50|100\/100\n|switch|p2a: Palafin|Palafin, L50, F|100\/100\n|switch|p2b: Gyarados|Gyarados, L50, F, shiny|100\/100\n|-ability|p2b: Gyarados|Intimidate|boost\n|-unboost|p1a: Palafin|atk|1\n|-unboost|p1b: Flutter Mane|atk|1\n|turn|1\n|inactive|eggplanet07 has 30 seconds left.\n|inactive|Waschmaschine has 30 seconds left.\n|inactive|eggplanet07 has 20 seconds left.\n|inactive|eggplanet07 has 15 seconds left.\n|inactive|Waschmaschine has 20 seconds left.\n|inactive|Waschmaschine has 15 seconds left.\n|\n|t:|1681984692\n|detailschange|p1a: Palafin|Palafin-Hero, L50, M\n|switch|p1a: Arcanine|Arcanine, L50, F|100\/100\n|-ability|p1a: Arcanine|Intimidate|boost\n|-unboost|p2a: Palafin|atk|1\n|-unboost|p2b: Gyarados|atk|1\n|detailschange|p2a: Palafin|Palafin-Hero, L50, F\n|switch|p2a: Ting-Lu|Ting-Lu, L50|100\/100\n|-ability|p2a: Ting-Lu|Vessel of Ruin\n|move|p1b: Flutter Mane|Moonblast|p2b: Gyarados\n|-damage|p2b: Gyarados|64\/100\n|move|p2b: Gyarados|Waterfall|p1b: Flutter Mane\n|-damage|p1b: Flutter Mane|52\/100\n|\n|upkeep\n|turn|2\n|inactive|eggplanet07 has 30 seconds left.\n|inactive|eggplanet07 has 20 seconds left.\n|\n|t:|1681984727\n|-end|p1b: Flutter Mane|Protosynthesis|[silent]\n|switch|p1b: Palafin|Palafin-Hero, L50, M|100\/100\n|-activate|p1b: Palafin|ability: Zero to Hero\n|move|p2a: Ting-Lu|Protect|p2a: Ting-Lu\n|-singleturn|p2a: Ting-Lu|Protect\n|move|p1a: Arcanine|Will-O-Wisp|p2b: Gyarados\n|-status|p2b: Gyarados|brn\n|move|p2b: Gyarados|Rain Dance|p2b: Gyarados\n|-weather|RainDance\n|\n|-weather|RainDance|[upkeep]\n|-damage|p2b: Gyarados|59\/100 brn|[from] brn\n|upkeep\n|turn|3\n|inactive|eggplanet07 has 30 seconds left.\n|\n|t:|1681984755\n|switch|p2b: Amoonguss|Amoonguss, L50, F|100\/100\n|move|p1b: Palafin|Jet Punch|p2a: Ting-Lu\n|-supereffective|p2a: Ting-Lu\n|-damage|p2a: Ting-Lu|15\/100\n|-damage|p1b: Palafin|91\/100|[from] item: Life Orb\n|move|p1a: Arcanine|Howl|p1a: Arcanine|[spread] p1a,p1b\n|-boost|p1a: Arcanine|atk|1\n|-boost|p1b: Palafin|atk|1\n|move|p2a: Ting-Lu|Stomping Tantrum|p1a: Arcanine\n|-supereffective|p1a: Arcanine\n|-damage|p1a: Arcanine|29\/100\n|\n|-weather|RainDance|[upkeep]\n|-heal|p2a: Ting-Lu|21\/100|[from] item: Leftovers\n|upkeep\n|turn|4\n|inactive|eggplanet07 has 30 seconds left.\n|\n|t:|1681984783\n|move|p1a: Arcanine|Howl|p1a: Arcanine|[spread] p1a,p1b\n|-boost|p1a: Arcanine|atk|1\n|-boost|p1b: Palafin|atk|1\n|move|p1b: Palafin|Wave Crash|p2b: Amoonguss\n|-resisted|p2b: Amoonguss\n|-damage|p2b: Amoonguss|0 fnt\n|-damage|p1b: Palafin|74\/100|[from] item: Rocky Helmet|[of] p2b: Amoonguss\n|faint|p2b: Amoonguss\n|-damage|p1b: Palafin|39\/100|[from] Recoil\n|-damage|p1b: Palafin|29\/100|[from] item: Life Orb\n|move|p2a: Ting-Lu|Stomping Tantrum|p1a: Arcanine\n|-supereffective|p1a: Arcanine\n|-damage|p1a: Arcanine|0 fnt\n|faint|p1a: Arcanine\n|\n|-weather|RainDance|[upkeep]\n|-heal|p2a: Ting-Lu|27\/100|[from] item: Leftovers\n|upkeep\n|\n|t:|1681984801\n|switch|p1a: Flutter Mane|Flutter Mane, L50|52\/100\n|switch|p2b: Gyarados|Gyarados, L50, F, shiny|59\/100 brn\n|-ability|p2b: Gyarados|Intimidate|boost\n|-unboost|p1a: Flutter Mane|atk|1\n|-unboost|p1b: Palafin|atk|1\n|turn|5\n|\n|t:|1681984824\n|move|p1b: Palafin|Protect|p1b: Palafin\n|-singleturn|p1b: Palafin|Protect\n|move|p2a: Ting-Lu|Protect|p2a: Ting-Lu\n|-singleturn|p2a: Ting-Lu|Protect\n|move|p1a: Flutter Mane|Moonblast|p2a: Ting-Lu\n|-activate|p2a: Ting-Lu|move: Protect\n|move|p2b: Gyarados|Waterfall|p1a: Flutter Mane\n|-damage|p1a: Flutter Mane|0 fnt\n|faint|p1a: Flutter Mane\n|-end|p1a: Flutter Mane|Protosynthesis|[silent]\n|\n|-weather|RainDance|[upkeep]\n|-heal|p2a: Ting-Lu|33\/100|[from] item: Leftovers\n|-damage|p2b: Gyarados|53\/100 brn|[from] brn\n|upkeep\n|\n|t:|1681984836\n|switch|p1a: Chien-Pao|Chien-Pao, L50|100\/100\n|-ability|p1a: Chien-Pao|Sword of Ruin\n|turn|6\n|\n|t:|1681984850\n|move|p1a: Chien-Pao|Protect|p1a: Chien-Pao\n|-singleturn|p1a: Chien-Pao|Protect\n|move|p1b: Palafin|Jet Punch|p2a: Ting-Lu\n|-supereffective|p2a: Ting-Lu\n|-damage|p2a: Ting-Lu|0 fnt\n|faint|p2a: Ting-Lu\n|-damage|p1b: Palafin|19\/100|[from] item: Life Orb\n|move|p2b: Gyarados|Waterfall|p1b: Palafin\n|-resisted|p1b: Palafin\n|-damage|p1b: Palafin|0 fnt\n|faint|p1b: Palafin\n|\n|-weather|none\n|-damage|p2b: Gyarados|47\/100 brn|[from] brn\n|upkeep\n|-message|Waschmaschine forfeited.\n|\n|win|eggplanet07\n|raw|Waschmaschine's rating: 1080 → 1064<\/strong> (-16 for losing)\n|raw|eggplanet07's rating: 1181 → 1199<\/strong> (+18 for winning)\n|l|\u2606Waschmaschine\n","uploadtime":1681984867,"views":58,"p1id":"waschmaschine","p2id":"eggplanet07","formatid":"gen9vgc2023regulationc","rating":1064,"private":0,"password":""}