{"id":"gen9vgc2023regulationc-1850873962","p1":"HotcocoSSBU","p2":"TehTerminator128","format":"[Gen 9] VGC 2023 Regulation C","log":"|j|\u2606HotcocoSSBU\n|j|\u2606TehTerminator128\n|t:|1682376916\n|gametype|doubles\n|player|p1|HotcocoSSBU|veteran|1113\n|player|p2|TehTerminator128|1|1085\n|teamsize|p1|6\n|teamsize|p2|6\n|gen|9\n|tier|[Gen 9] VGC 2023 Regulation C\n|rated|\n|rule|Species Clause: Limit one of each Pok\u00e9mon\n|rule|Item Clause: Limit one of each item\n|clearpoke\n|poke|p1|Gyarados, L50, F|\n|poke|p1|Tyranitar, L50, M|\n|poke|p1|Pawmot, L50, F|\n|poke|p1|Corviknight, L50, F|\n|poke|p1|Dragapult, L50, M|\n|poke|p1|Wo-Chien, L50|\n|poke|p2|Palafin, L50, F|\n|poke|p2|Garganacl, L50, M|\n|poke|p2|Grimmsnarl, L50, M|\n|poke|p2|Roaring Moon, L50|\n|poke|p2|Gholdengo, L50|\n|poke|p2|Hydreigon, L50, M|\n|teampreview|4\n|\n|t:|1682376968\n|start\n|switch|p1a: Dragon deez|Dragapult, L50, M|100\/100\n|switch|p1b: Lorax|Wo-Chien, L50|100\/100\n|switch|p2a: Winter|Palafin, L50, F, shiny|100\/100\n|switch|p2b: The Immortal|Garganacl, L50, M, shiny|100\/100\n|-ability|p1b: Lorax|Tablets of Ruin\n|turn|1\n|\n|t:|1682376985\n|move|p2a: Winter|Flip Turn|p1a: Dragon deez\n|-resisted|p1a: Dragon deez\n|-damage|p1a: Dragon deez|90\/100\n|\n|t:|1682376990\n|detailschange|p2a: Winter|Palafin-Hero, L50, F, shiny\n|switch|p2a: Porky|Grimmsnarl, L50, M, shiny|100\/100|[from] Flip Turn\n|move|p1a: Dragon deez|Dragon Darts|p2b: The Immortal\n|-crit|p2b: The Immortal\n|-damage|p2b: The Immortal|72\/100\n|-anim|p1a: Dragon deez|Dragon Darts|p2b: The Immortal\n|-damage|p2b: The Immortal|54\/100\n|move|p1b: Lorax|Leech Seed|p2b: The Immortal\n|-start|p2b: The Immortal|move: Leech Seed\n|move|p2b: The Immortal|Iron Defense|p2b: The Immortal\n|-boost|p2b: The Immortal|def|2\n|\n|-heal|p2b: The Immortal|60\/100|[from] item: Leftovers\n|-damage|p2b: The Immortal|48\/100|[from] Leech Seed|[of] p1b: Lorax\n|upkeep\n|turn|2\n|\n|t:|1682377008\n|move|p2a: Porky|Reflect|p2a: Porky\n|-sidestart|p2: TehTerminator128|Reflect\n|move|p1a: Dragon deez|Dragon Darts|p2b: The Immortal\n|-damage|p2b: The Immortal|42\/100\n|-anim|p1a: Dragon deez|Dragon Darts|p2b: The Immortal\n|-damage|p2b: The Immortal|36\/100\n|move|p1b: Lorax|Leech Seed|p2a: Porky\n|-start|p2a: Porky|move: Leech Seed\n|move|p2b: The Immortal|Recover|p2b: The Immortal\n|-heal|p2b: The Immortal|86\/100\n|\n|-heal|p2b: The Immortal|92\/100|[from] item: Leftovers\n|-damage|p2a: Porky|88\/100|[from] Leech Seed|[of] p1b: Lorax\n|-damage|p2b: The Immortal|80\/100|[from] Leech Seed|[of] p1b: Lorax\n|upkeep\n|turn|3\n|\n|t:|1682377025\n|switch|p1a: No more fun|Gyarados, L50, F, shiny|100\/100\n|-ability|p1a: No more fun|Intimidate|boost\n|-unboost|p2a: Porky|atk|1\n|-unboost|p2b: The Immortal|atk|1\n|move|p2a: Porky|Light Screen|p2a: Porky\n|-sidestart|p2: TehTerminator128|move: Light Screen\n|move|p1b: Lorax|Giga Drain|p2b: The Immortal\n|-supereffective|p2b: The Immortal\n|-damage|p2b: The Immortal|55\/100\n|move|p2b: The Immortal|Iron Defense|p2b: The Immortal\n|-boost|p2b: The Immortal|def|2\n|\n|-heal|p2b: The Immortal|61\/100|[from] item: Leftovers\n|-damage|p2a: Porky|76\/100|[from] Leech Seed|[of] p1b: Lorax\n|-damage|p2b: The Immortal|49\/100|[from] Leech Seed|[of] p1b: Lorax\n|upkeep\n|turn|4\n|\n|t:|1682377047\n|move|p2a: Porky|Parting Shot|p1a: No more fun\n|-unboost|p1a: No more fun|atk|1\n|-unboost|p1a: No more fun|spa|1\n|\n|t:|1682377052\n|switch|p2a: Cheesy|Gholdengo, L50|100\/100|[from] Parting Shot\n|move|p1a: No more fun|Thunder Wave|p2b: The Immortal\n|-immune|p2b: The Immortal|[from] ability: Purifying Salt\n|move|p1b: Lorax|Giga Drain|p2b: The Immortal\n|-supereffective|p2b: The Immortal\n|-damage|p2b: The Immortal|23\/100\n|move|p2b: The Immortal|Salt Cure|p1a: No more fun\n|-supereffective|p1a: No more fun\n|-damage|p1a: No more fun|89\/100\n|-start|p1a: No more fun|Salt Cure\n|\n|-heal|p2b: The Immortal|29\/100|[from] item: Leftovers\n|-damage|p2b: The Immortal|17\/100|[from] Leech Seed|[of] p1b: Lorax\n|-damage|p1a: No more fun|64\/100|[from] Salt Cure\n|upkeep\n|turn|5\n|\n|t:|1682377081\n|move|p2a: Cheesy|Nasty Plot|p2a: Cheesy\n|-boost|p2a: Cheesy|spa|2\n|move|p1a: No more fun|Waterfall|p2a: Cheesy\n|-damage|p2a: Cheesy|87\/100\n|move|p1b: Lorax|Snarl|p2b: The Immortal|[spread] p2a,p2b\n|-supereffective|p2a: Cheesy\n|-damage|p2a: Cheesy|65\/100\n|-damage|p2b: The Immortal|9\/100\n|-unboost|p2a: Cheesy|spa|1\n|-unboost|p2b: The Immortal|spa|1\n|move|p2b: The Immortal|Recover|p2b: The Immortal\n|-heal|p2b: The Immortal|59\/100\n|\n|-heal|p2b: The Immortal|65\/100|[from] item: Leftovers\n|-damage|p2b: The Immortal|53\/100|[from] Leech Seed|[of] p1b: Lorax\n|-damage|p1a: No more fun|39\/100|[from] Salt Cure\n|upkeep\n|turn|6\n|\n|t:|1682377109\n|switch|p1a: Literally Pikachu|Pawmot, L50, F|100\/100\n|move|p2a: Cheesy|Make It Rain|p1b: Lorax|[spread] p1a,p1b\n|-resisted|p1a: Literally Pikachu\n|-damage|p1a: Literally Pikachu|28\/100\n|-damage|p1b: Lorax|49\/100\n|-unboost|p2a: Cheesy|spa|1\n|move|p1b: Lorax|Snarl|p2a: Cheesy|[spread] p2a,p2b\n|-supereffective|p2a: Cheesy\n|-damage|p2a: Cheesy|42\/100\n|-damage|p2b: The Immortal|46\/100\n|-unboost|p2a: Cheesy|spa|1\n|-unboost|p2b: The Immortal|spa|1\n|move|p2b: The Immortal|Body Press|p1b: Lorax\n|-supereffective|p1b: Lorax\n|-damage|p1b: Lorax|0 fnt\n|faint|p1b: Lorax\n|\n|-heal|p2b: The Immortal|51\/100|[from] item: Leftovers\n|upkeep\n|\n|t:|1682377132\n|switch|p1b: Dragon deez|Dragapult, L50, M|90\/100\n|turn|7\n|\n|t:|1682377159\n|-terastallize|p1b: Dragon deez|Steel\n|-terastallize|p2a: Cheesy|Steel\n|move|p1b: Dragon deez|Tera Blast|p2a: Cheesy\n|-resisted|p2a: Cheesy\n|-damage|p2a: Cheesy|20\/100\n|move|p1a: Literally Pikachu|Nuzzle|p2a: Cheesy\n|-damage|p2a: Cheesy|12\/100\n|-status|p2a: Cheesy|par\n|move|p2a: Cheesy|Shadow Ball|p1b: Dragon deez\n|-damage|p1b: Dragon deez|51\/100\n|move|p2b: The Immortal|Body Press|p1a: Literally Pikachu\n|-damage|p1a: Literally Pikachu|0 fnt\n|faint|p1a: Literally Pikachu\n|\n|-heal|p2b: The Immortal|57\/100|[from] item: Leftovers\n|-damage|p2b: The Immortal|45\/100|[from] Leech Seed|[of] p1b: Dragon deez\n|-heal|p1b: Dragon deez|66\/100|[silent]\n|upkeep\n|\n|t:|1682377170\n|switch|p1a: No more fun|Gyarados, L50, F, shiny|39\/100\n|-ability|p1a: No more fun|Intimidate|boost\n|-unboost|p2a: Cheesy|atk|1\n|-unboost|p2b: The Immortal|atk|1\n|turn|8\n|\n|t:|1682377196\n|cant|p2a: Cheesy|par\n|move|p1b: Dragon deez|Tera Blast|p2b: The Immortal\n|-supereffective|p2b: The Immortal\n|-damage|p2b: The Immortal|29\/100\n|move|p1a: No more fun|Waterfall|p2a: Cheesy\n|-damage|p2a: Cheesy|0 fnt\n|faint|p2a: Cheesy\n|move|p2b: The Immortal|Recover|p2b: The Immortal\n|-heal|p2b: The Immortal|79\/100\n|\n|-heal|p2b: The Immortal|85\/100|[from] item: Leftovers\n|-damage|p2b: The Immortal|73\/100|[from] Leech Seed|[of] p1b: Dragon deez\n|-heal|p1b: Dragon deez|82\/100|[silent]\n|upkeep\n|\n|t:|1682377216\n|switch|p2a: Winter|Palafin-Hero, L50, F, shiny|100\/100\n|-activate|p2a: Winter|ability: Zero to Hero\n|turn|9\n|\n|t:|1682377228\n|move|p2a: Winter|Flip Turn|p1a: No more fun\n|-resisted|p1a: No more fun\n|-damage|p1a: No more fun|24\/100\n|\n|t:|1682377231\n|switch|p2a: Porky|Grimmsnarl, L50, M, shiny|76\/100|[from] Flip Turn\n|move|p1b: Dragon deez|Tera Blast|p2b: The Immortal\n|-supereffective|p2b: The Immortal\n|-damage|p2b: The Immortal|55\/100\n|move|p1a: No more fun|Thunder Wave|p2a: Porky|[miss]\n|-miss|p1a: No more fun|p2a: Porky\n|move|p2b: The Immortal|Body Press|p1b: Dragon deez\n|-supereffective|p1b: Dragon deez\n|-damage|p1b: Dragon deez|0 fnt\n|faint|p1b: Dragon deez\n|\n|-heal|p2b: The Immortal|61\/100|[from] item: Leftovers\n|-sideend|p2: TehTerminator128|Reflect\n|upkeep\n|turn|10\n|-message|HotcocoSSBU forfeited.\n|\n|win|TehTerminator128\n|raw|HotcocoSSBU's rating: 1113 → 1086<\/strong> (-27 for losing)\n|raw|TehTerminator128's rating: 1085 → 1114<\/strong> (+29 for winning)\n|l|\u2606HotcocoSSBU\n","uploadtime":1682377250,"views":13,"p1id":"hotcocossbu","p2id":"tehterminator128","formatid":"gen9vgc2023regulationc","rating":1086,"private":0,"password":""}