{"id":"gen9vgc2023regulationc-1863357568","p1":"CavaleiroTeutao","p2":"Barbie120","format":"[Gen 9] VGC 2023 Regulation C","log":"|j|\u2606CavaleiroTeutao\n|j|\u2606Barbie120\n|t:|1684006723\n|gametype|doubles\n|player|p1|CavaleiroTeutao|bruno|1145\n|player|p2|Barbie120|drayden|1249\n|teamsize|p1|6\n|teamsize|p2|6\n|gen|9\n|tier|[Gen 9] VGC 2023 Regulation C\n|rated|\n|rule|Species Clause: Limit one of each Pok\u00e9mon\n|rule|Item Clause: Limit one of each item\n|clearpoke\n|poke|p1|Chien-Pao, L50|\n|poke|p1|Scizor, L50, M|\n|poke|p1|Garchomp, L50, F|\n|poke|p1|Iron Hands, L50|\n|poke|p1|Gyarados, L50, F|\n|poke|p1|Farigiraf, L50, F|\n|poke|p2|Annihilape, L50, F|\n|poke|p2|Maushold-Four, L50|\n|poke|p2|Abomasnow, L50, F|\n|poke|p2|Iron Bundle, L50|\n|poke|p2|Arcanine, L50, M|\n|poke|p2|Flutter Mane, L50|\n|teampreview|4\n|inactive|Battle timer is ON: inactive players will automatically lose when time's up. (requested by CavaleiroTeutao)\n|\n|t:|1684006756\n|start\n|switch|p1a: Chien-Pao|Chien-Pao, L50|100\/100\n|switch|p1b: Garchomp|Garchomp, L50, F|100\/100\n|switch|p2a: Arcanine|Arcanine, L50, M|100\/100\n|switch|p2b: Maushold|Maushold-Four, L50|100\/100\n|-ability|p1a: Chien-Pao|Sword of Ruin\n|-ability|p2a: Arcanine|Intimidate|boost\n|-unboost|p1a: Chien-Pao|atk|1\n|-unboost|p1b: Garchomp|atk|1\n|turn|1\n|inactive|CavaleiroTeutao has 30 seconds left.\n|inactive|CavaleiroTeutao has 20 seconds left.\n|\n|t:|1684006795\n|switch|p1b: Iron Hands|Iron Hands, L50|100\/100\n|switch|p2a: Annihilape|Annihilape, L50, F|100\/100\n|move|p1a: Chien-Pao|Protect|p1a: Chien-Pao\n|-singleturn|p1a: Chien-Pao|Protect\n|move|p2b: Maushold|Protect||[still]\n|-fail|p2b: Maushold\n|\n|upkeep\n|turn|2\n|inactive|CavaleiroTeutao has 30 seconds left.\n|\n|t:|1684006822\n|switch|p1a: Garchomp|Garchomp, L50, F|100\/100\n|switch|p2b: Arcanine|Arcanine, L50, M|100\/100\n|-ability|p2b: Arcanine|Intimidate|boost\n|-unboost|p1a: Garchomp|atk|1\n|-unboost|p1b: Iron Hands|atk|1\n|move|p1b: Iron Hands|Fake Out|p2b: Arcanine\n|-damage|p2b: Arcanine|88\/100\n|move|p2a: Annihilape|Drain Punch|p1a: Garchomp\n|-damage|p1a: Garchomp|70\/100\n|-damage|p2a: Annihilape|88\/100|[from] ability: Rough Skin|[of] p1a: Garchomp\n|\n|-heal|p2a: Annihilape|94\/100|[from] item: Leftovers\n|upkeep\n|turn|3\n|inactive|CavaleiroTeutao has 30 seconds left.\n|inactive|CavaleiroTeutao has 20 seconds left.\n|inactive|CavaleiroTeutao has 15 seconds left.\n|\n|t:|1684006866\n|switch|p1a: Chien-Pao|Chien-Pao, L50|100\/100\n|-ability|p1a: Chien-Pao|Sword of Ruin\n|move|p2b: Arcanine|Protect|p2b: Arcanine\n|-singleturn|p2b: Arcanine|Protect\n|move|p2a: Annihilape|Bulk Up|p2a: Annihilape\n|-boost|p2a: Annihilape|atk|1\n|-boost|p2a: Annihilape|def|1\n|move|p1b: Iron Hands|Heavy Slam|p2a: Annihilape\n|-damage|p2a: Annihilape|64\/100\n|\n|-heal|p2a: Annihilape|71\/100|[from] item: Leftovers\n|upkeep\n|turn|4\n|\n|t:|1684006885\n|switch|p2b: Maushold|Maushold-Four, L50|100\/100\n|-terastallize|p1a: Chien-Pao|Flying\n|move|p1a: Chien-Pao|Haze|p1a: Chien-Pao\n|-clearallboost\n|move|p2a: Annihilape|Drain Punch|p1a: Chien-Pao\n|-resisted|p1a: Chien-Pao\n|-damage|p1a: Chien-Pao|80\/100\n|-heal|p2a: Annihilape|78\/100|[from] drain|[of] p1a: Chien-Pao\n|move|p1b: Iron Hands|Heavy Slam|p2a: Annihilape\n|-damage|p2a: Annihilape|31\/100\n|\n|-heal|p2a: Annihilape|37\/100|[from] item: Leftovers\n|upkeep\n|turn|5\n|inactive|Barbie120 has 30 seconds left.\n|inactive|CavaleiroTeutao has 30 seconds left.\n|inactive|Barbie120 has 20 seconds left.\n|\n|t:|1684006922\n|move|p2b: Maushold|Follow Me|p2b: Maushold\n|-singleturn|p2b: Maushold|move: Follow Me\n|move|p1a: Chien-Pao|Sucker Punch||[still]\n|-fail|p1a: Chien-Pao\n|move|p2a: Annihilape|Rage Fist|p1a: Chien-Pao\n|-damage|p1a: Chien-Pao|0 fnt\n|faint|p1a: Chien-Pao\n|move|p1b: Iron Hands|Wild Charge|p2b: Maushold\n|-damage|p2b: Maushold|40\/100\n|-damage|p1b: Iron Hands|90\/100|[from] Recoil\n|\n|-heal|p2a: Annihilape|43\/100|[from] item: Leftovers\n|upkeep\n|\n|t:|1684006942\n|switch|p1a: Scizor|Scizor, L50, M|100\/100\n|turn|6\n|\n|t:|1684006949\n|switch|p2b: Arcanine|Arcanine, L50, M|88\/100\n|-ability|p2b: Arcanine|Intimidate|boost\n|-unboost|p1a: Scizor|atk|1\n|-unboost|p1b: Iron Hands|atk|1\n|move|p2a: Annihilape|Protect|p2a: Annihilape\n|-singleturn|p2a: Annihilape|Protect\n|move|p1a: Scizor|U-turn|p2b: Arcanine\n|-resisted|p2b: Arcanine\n|-damage|p2b: Arcanine|67\/100\n|\n|t:|1684006957\n|switch|p1a: Garchomp|Garchomp, L50, F|70\/100|[from] U-turn\n|move|p1b: Iron Hands|Heavy Slam|p2a: Annihilape\n|-activate|p2a: Annihilape|move: Protect\n|\n|-heal|p2a: Annihilape|50\/100|[from] item: Leftovers\n|upkeep\n|turn|7\n|\n|t:|1684006970\n|switch|p2a: Maushold|Maushold-Four, L50|40\/100\n|-end|p1b: Iron Hands|Quark Drive|[silent]\n|switch|p1b: Scizor|Scizor, L50, M|100\/100\n|move|p1a: Garchomp|Stomping Tantrum|p2b: Arcanine\n|-supereffective|p2b: Arcanine\n|-damage|p2b: Arcanine|11\/100\n|-enditem|p2b: Arcanine|Aguav Berry|[eat]\n|-heal|p2b: Arcanine|44\/100|[from] item: Aguav Berry\n|move|p2b: Arcanine|Will-O-Wisp|p1a: Garchomp\n|-status|p1a: Garchomp|brn\n|\n|-damage|p1a: Garchomp|64\/100 brn|[from] brn\n|upkeep\n|turn|8\n|inactive|Barbie120 has 30 seconds left.\n|\n|t:|1684007003\n|move|p2a: Maushold|Follow Me|p2a: Maushold\n|-singleturn|p2a: Maushold|move: Follow Me\n|move|p1a: Garchomp|Stomping Tantrum|p2a: Maushold\n|-damage|p2a: Maushold|16\/100\n|move|p2b: Arcanine|Flare Blitz|p1b: Scizor\n|-supereffective|p1b: Scizor\n|-damage|p1b: Scizor|0 fnt\n|faint|p1b: Scizor\n|-damage|p2b: Arcanine|12\/100|[from] Recoil\n|\n|-damage|p1a: Garchomp|58\/100 brn|[from] brn\n|upkeep\n|\n|t:|1684007011\n|switch|p1b: Iron Hands|Iron Hands, L50|90\/100\n|turn|9\n|\n|t:|1684007021\n|move|p2a: Maushold|Protect|p2a: Maushold\n|-singleturn|p2a: Maushold|Protect\n|move|p2b: Arcanine|Protect|p2b: Arcanine\n|-singleturn|p2b: Arcanine|Protect\n|move|p1b: Iron Hands|Fake Out|p2a: Maushold\n|-activate|p2a: Maushold|move: Protect\n|move|p1a: Garchomp|Stomping Tantrum|p2b: Arcanine\n|-activate|p2b: Arcanine|move: Protect\n|\n|-damage|p1a: Garchomp|52\/100 brn|[from] brn\n|upkeep\n|turn|10\n|\n|t:|1684007038\n|switch|p2a: Annihilape|Annihilape, L50, F|50\/100\n|switch|p2b: Abomasnow|Abomasnow, L50, F|100\/100\n|-weather|Snow|[from] ability: Snow Warning|[of] p2b: Abomasnow\n|move|p1a: Garchomp|Stomping Tantrum|p2b: Abomasnow\n|-resisted|p2b: Abomasnow\n|-damage|p2b: Abomasnow|94\/100\n|move|p1b: Iron Hands|Drain Punch|p2a: Annihilape\n|-immune|p2a: Annihilape\n|\n|-weather|Snow|[upkeep]\n|-heal|p2a: Annihilape|56\/100|[from] item: Leftovers\n|-damage|p1a: Garchomp|46\/100 brn|[from] brn\n|upkeep\n|turn|11\n|-message|CavaleiroTeutao forfeited.\n|\n|win|Barbie120\n|raw|CavaleiroTeutao's rating: 1145 → 1127<\/strong> (-18 for losing)\n|raw|Barbie120's rating: 1249 → 1267<\/strong> (+18 for winning)\n|l|\u2606CavaleiroTeutao\n","uploadtime":1684007062,"views":14,"p1id":"cavaleiroteutao","p2id":"barbie120","formatid":"gen9vgc2023regulationc","rating":1127,"private":0,"password":""}