{"id":"gen9vgc2023regulationc-1857127058","p1":"Kyogre Canucks","p2":"Ciq108","format":"[Gen 9] VGC 2023 Regulation C","log":"|j|\u2606Kyogre Canucks\n|j|\u2606Ciq108\n|t:|1683148541\n|gametype|doubles\n|player|p1|Kyogre Canucks|flannery|\n|player|p2|Ciq108|102|\n|teamsize|p1|6\n|teamsize|p2|6\n|gen|9\n|tier|[Gen 9] VGC 2023 Regulation C\n|rule|Species Clause: Limit one of each Pok\u00e9mon\n|rule|Item Clause: Limit one of each item\n|clearpoke\n|poke|p1|Dragonite, L50, F|\n|poke|p1|Garganacl, L50, F|\n|poke|p1|Tauros-Paldea-Aqua, L50, M|\n|poke|p1|Pachirisu, L50, F|\n|poke|p1|Bruxish, L50, M|\n|poke|p1|Gothitelle, L50, F|\n|poke|p2|Garchomp, L50, F|\n|poke|p2|Orthworm, L50, F|\n|poke|p2|Hydreigon, L50, F|\n|poke|p2|Tauros-Paldea-Blaze, L50, M|\n|poke|p2|Kilowattrel, L50, F|\n|poke|p2|Gardevoir, L50, M|\n|teampreview|4\n|c|\u2606Kyogre Canucks|g2\nKyogre Canucks rejected open team sheets.\n|c|\u2606Kyogre Canucks|glhf\n|j| Jennayy\n|j| Memebasedgod\n|c|\u2606Ciq108|U2\n|j| MattStarVGC\n|\n|t:|1683149212\n|start\n|switch|p1a: Radioactive|Tauros-Paldea-Aqua, L50, M|100\/100\n|switch|p1b: Believer|Dragonite, L50, F|100\/100\n|switch|p2a: da birb boi|Kilowattrel, L50, F|100\/100\n|switch|p2b: da chompy boi|Garchomp, L50, F|100\/100\n|-ability|p1a: Radioactive|Intimidate|boost\n|-unboost|p2a: da birb boi|atk|1\n|-ability|p2a: da birb boi|Competitive|boost\n|-boost|p2a: da birb boi|spa|2\n|-fail|p2b: da chompy boi|unboost|[from] item: Clear Amulet|[of] p2b: da chompy boi\n|turn|1\n|\n|t:|1683149231\n|-terastallize|p1b: Believer|Normal\n|move|p1b: Believer|Extreme Speed|p2a: da birb boi\n|-damage|p2a: da birb boi|7\/100\n|move|p1a: Radioactive|Aqua Jet|p2a: da birb boi\n|-damage|p2a: da birb boi|0 fnt\n|faint|p2a: da birb boi\n|move|p2b: da chompy boi|Substitute|p2b: da chompy boi\n|-start|p2b: da chompy boi|Substitute\n|-damage|p2b: da chompy boi|76\/100\n|\n|upkeep\n|c| MattStarVGC|oof\n|\n|t:|1683149249\n|switch|p2a: da waifu boi|Gardevoir, L50, M|100\/100\n|turn|2\n|\n|t:|1683149258\n|move|p1a: Radioactive|Protect|p1a: Radioactive\n|-singleturn|p1a: Radioactive|Protect\n|move|p2a: da waifu boi|Protect|p2a: da waifu boi\n|-singleturn|p2a: da waifu boi|Protect\n|move|p2b: da chompy boi|Earthquake|p1a: Radioactive|[spread] p1b\n|-activate|p2a: da waifu boi|move: Protect\n|-activate|p1a: Radioactive|move: Protect\n|-damage|p1b: Believer|63\/100\n|move|p1b: Believer|Iron Head|p2a: da waifu boi\n|-activate|p2a: da waifu boi|move: Protect\n|\n|upkeep\n|turn|3\n|\n|t:|1683149379\n|-terastallize|p2a: da waifu boi|Ghost\n|move|p1b: Believer|Extreme Speed|p2a: da waifu boi\n|-immune|p2a: da waifu boi\n|move|p2b: da chompy boi|Earthquake|p1a: Radioactive|[spread] p1a,p1b\n|-activate|p2a: da waifu boi|ability: Telepathy\n|-damage|p1a: Radioactive|59\/100\n|-damage|p1b: Believer|24\/100\n|move|p1a: Radioactive|Wave Crash|p2a: da waifu boi\n|-damage|p2a: da waifu boi|29\/100\n|-damage|p1a: Radioactive|31\/100|[from] Recoil\n|move|p2a: da waifu boi|Moonblast|p1a: Radioactive\n|-supereffective|p1a: Radioactive\n|-damage|p1a: Radioactive|0 fnt\n|faint|p1a: Radioactive\n|\n|upkeep\n|\n|t:|1683149396\n|switch|p1a: Demons|Bruxish, L50, M|100\/100\n|turn|4\n|\n|t:|1683149422\n|move|p2b: da chompy boi|Protect|p2b: da chompy boi\n|-singleturn|p2b: da chompy boi|Protect\n|move|p1b: Believer|Extreme Speed|p2b: da chompy boi\n|-activate|p2b: da chompy boi|move: Protect\n|move|p1a: Demons|Wave Crash|p2b: da chompy boi\n|-activate|p2b: da chompy boi|move: Protect\n|move|p2a: da waifu boi|Shadow Ball|p1a: Demons\n|-supereffective|p1a: Demons\n|-damage|p1a: Demons|0 fnt\n|faint|p1a: Demons\n|\n|upkeep\n|\n|t:|1683149427\n|switch|p1a: Start Over|Garganacl, L50, F|100\/100\n|turn|5\n|\n|t:|1683149439\n|move|p1b: Believer|Extreme Speed|p2b: da chompy boi\n|-end|p2b: da chompy boi|Substitute\n|move|p2b: da chompy boi|Iron Head|p1b: Believer\n|-damage|p1b: Believer|0 fnt\n|faint|p1b: Believer\n|move|p2a: da waifu boi|Taunt|p1a: Start Over\n|-start|p1a: Start Over|move: Taunt\n|move|p1a: Start Over|Salt Cure|p2a: da waifu boi\n|-damage|p2a: da waifu boi|11\/100\n|-start|p2a: da waifu boi|Salt Cure\n|-enditem|p2a: da waifu boi|Aguav Berry|[eat]\n|-heal|p2a: da waifu boi|44\/100|[from] item: Aguav Berry\n|\n|-damage|p2a: da waifu boi|32\/100|[from] Salt Cure\n|upkeep\n|turn|6\n|\n|t:|1683149456\n|move|p2b: da chompy boi|Substitute|p2b: da chompy boi\n|-start|p2b: da chompy boi|Substitute\n|-damage|p2b: da chompy boi|51\/100\n|move|p2a: da waifu boi|Moonblast|p1a: Start Over\n|-damage|p1a: Start Over|69\/100\n|move|p1a: Start Over|Salt Cure|p2a: da waifu boi\n|-damage|p2a: da waifu boi|16\/100\n|\n|-heal|p1a: Start Over|75\/100|[from] item: Leftovers\n|-damage|p2a: da waifu boi|4\/100|[from] Salt Cure\n|upkeep\n|turn|7\n|c|\u2606Kyogre Canucks|gg\n|\n|t:|1683149470\n|move|p2b: da chompy boi|Earthquake|p1a: Start Over|[spread] p1a\n|-activate|p2a: da waifu boi|ability: Telepathy\n|-supereffective|p1a: Start Over\n|-damage|p1a: Start Over|22\/100\n|move|p2a: da waifu boi|Moonblast|p1a: Start Over\n|-damage|p1a: Start Over|0 fnt\n|faint|p1a: Start Over\n|\n|win|Ciq108\n|c| MattStarVGC|ggs guys\n|c|\u2606Ciq108|Ggs\n|l| MattStarVGC\n|l| Jennayy\n|l| Memebasedgod\n|l|\u2606Ciq108\n|j| Aarontmarshall\n|l| Aarontmarshall\n","uploadtime":1683149487,"views":12,"p1id":"kyogrecanucks","p2id":"ciq108","formatid":"gen9vgc2023regulationc","rating":0,"private":0,"password":""}