{"id":"gen9vgc2023regulationc-1846800111","p1":"KewlTheo","p2":"espectr0l","format":"[Gen 9] VGC 2023 Regulation C","log":"|j|\u2606KewlTheo\n|j|\u2606espectr0l\n|t:|1681881508\n|gametype|doubles\n|player|p1|KewlTheo|hilbert|1005\n|player|p2|espectr0l|bruno|1103\n|teamsize|p1|6\n|teamsize|p2|6\n|gen|9\n|tier|[Gen 9] VGC 2023 Regulation C\n|rated|\n|rule|Species Clause: Limit one of each Pok\u00e9mon\n|rule|Item Clause: Limit one of each item\n|clearpoke\n|poke|p1|Breloom, L50, M|\n|poke|p1|Tinkaton, L50, F|\n|poke|p1|Eelektross, L50, M|\n|poke|p1|Tauros-Paldea-Aqua, L50, M|\n|poke|p1|Iron Jugulis, L50|\n|poke|p1|Chi-Yu, L50|\n|poke|p2|Iron Bundle, L50|\n|poke|p2|Iron Hands, L50|\n|poke|p2|Flutter Mane, L50|\n|poke|p2|Baxcalibur, L50, M|\n|poke|p2|Arcanine, L50, F|\n|poke|p2|Garganacl, L50, M|\n|teampreview|4\n|inactive|Battle timer is ON: inactive players will automatically lose when time's up. (requested by espectr0l)\n|inactive|KewlTheo has 60 seconds left.\n|inactive|espectr0l has 60 seconds left.\n|\n|t:|1681881568\n|start\n|switch|p1a: Tinkaton|Tinkaton, L50, F|100\/100\n|switch|p1b: Eelektross|Eelektross, L50, M|100\/100\n|switch|p2a: Flutter Mane|Flutter Mane, L50|100\/100\n|switch|p2b: Iron Bundle|Iron Bundle, L50|100\/100\n|-ability|p1a: Tinkaton|Mold Breaker\n|-enditem|p2b: Iron Bundle|Booster Energy\n|-activate|p2b: Iron Bundle|ability: Quark Drive|[fromitem]\n|-start|p2b: Iron Bundle|quarkdrivespe\n|turn|1\n|inactive|KewlTheo has 30 seconds left.\n|inactive|espectr0l has 30 seconds left.\n|\n|t:|1681881600\n|move|p2b: Iron Bundle|Protect|p2b: Iron Bundle\n|-singleturn|p2b: Iron Bundle|Protect\n|move|p1a: Tinkaton|Fake Out|p2b: Iron Bundle\n|-activate|p2b: Iron Bundle|move: Protect\n|move|p2a: Flutter Mane|Perish Song|p2a: Flutter Mane\n|-start|p1a: Tinkaton|perish3|[silent]\n|-start|p1b: Eelektross|perish3|[silent]\n|-start|p2a: Flutter Mane|perish3|[silent]\n|-start|p2b: Iron Bundle|perish3|[silent]\n|-fieldactivate|move: Perish Song\n|move|p1b: Eelektross|Volt Switch|p2b: Iron Bundle\n|-activate|p2b: Iron Bundle|move: Protect\n|\n|-start|p2b: Iron Bundle|perish3\n|-start|p2a: Flutter Mane|perish3\n|-start|p1a: Tinkaton|perish3\n|-start|p1b: Eelektross|perish3\n|upkeep\n|turn|2\n|inactive|espectr0l has 30 seconds left.\n|inactive|espectr0l has 20 seconds left.\n|inactive|espectr0l has 15 seconds left.\n|inactive|espectr0l has 10 seconds left.\n|\n|t:|1681881647\n|-end|p2a: Flutter Mane|Protosynthesis|[silent]\n|switch|p2a: Iron Hands|Iron Hands, L50|100\/100\n|-terastallize|p2b: Iron Bundle|Ice\n|move|p2b: Iron Bundle|Icy Wind|p1a: Tinkaton|[spread] p1a,p1b\n|-resisted|p1a: Tinkaton\n|-damage|p1a: Tinkaton|89\/100\n|-damage|p1b: Eelektross|77\/100\n|-unboost|p1a: Tinkaton|spe|1\n|-unboost|p1b: Eelektross|spe|1\n|move|p1a: Tinkaton|Gigaton Hammer|p2a: Iron Hands\n|-resisted|p2a: Iron Hands\n|-damage|p2a: Iron Hands|86\/100\n|move|p1b: Eelektross|Volt Switch|p2b: Iron Bundle\n|-damage|p2b: Iron Bundle|40\/100\n|\n|t:|1681881666\n|switch|p1b: Breloom|Breloom, L50, M|100\/100|[from] Volt Switch\n|\n|-heal|p1a: Tinkaton|95\/100|[from] item: Leftovers\n|-start|p2b: Iron Bundle|perish2\n|-start|p1a: Tinkaton|perish2\n|upkeep\n|turn|3\n|inactive|espectr0l has 30 seconds left.\n|inactive|espectr0l has 20 seconds left.\n|\n|t:|1681881705\n|switch|p1a: Tauros|Tauros-Paldea-Aqua, L50, M|100\/100\n|-ability|p1a: Tauros|Intimidate|boost\n|-unboost|p2a: Iron Hands|atk|1\n|-unboost|p2b: Iron Bundle|atk|1\n|move|p2a: Iron Hands|Fake Out|p1a: Tauros\n|-damage|p1a: Tauros|89\/100\n|move|p1b: Breloom|Mach Punch|p2b: Iron Bundle\n|-supereffective|p2b: Iron Bundle\n|-damage|p2b: Iron Bundle|0 fnt\n|faint|p2b: Iron Bundle\n|-end|p2b: Iron Bundle|Quark Drive|[silent]\n|\n|upkeep\n|\n|t:|1681881721\n|switch|p2b: Flutter Mane|Flutter Mane, L50|100\/100\n|turn|4\n|\n|t:|1681881745\n|switch|p1b: Eelektross|Eelektross, L50, M|77\/100\n|-terastallize|p1a: Tauros|Ground\n|move|p2b: Flutter Mane|Fake Tears|p1b: Eelektross\n|-unboost|p1b: Eelektross|spd|2\n|move|p1a: Tauros|Earthquake|p2a: Iron Hands|[spread] p2a,p2b\n|-immune|p1b: Eelektross|[from] ability: Levitate\n|-supereffective|p2a: Iron Hands\n|-damage|p2a: Iron Hands|32\/100\n|-damage|p2b: Flutter Mane|20\/100\n|move|p2a: Iron Hands|Thunder Punch|p1a: Tauros\n|-immune|p1a: Tauros\n|\n|upkeep\n|turn|5\n|l|\u2606espectr0l\n|inactive|espectr0l disconnected and has a minute to reconnect!\n|player|p2|\n|inactive|KewlTheo has 30 seconds left.\n|inactive|espectr0l has 30 seconds left.\n|inactive|espectr0l has 20 seconds left.\n|inactive|espectr0l has 15 seconds left.\n|inactive|espectr0l has 10 seconds left.\n|inactive|espectr0l has 5 seconds left.\n|-message|espectr0l lost due to inactivity.\n|\n|win|KewlTheo\n|raw|KewlTheo's rating: 1005 → 1055<\/strong> (+50 for winning)\n|raw|espectr0l's rating: 1103 → 1071<\/strong> (-32 for losing)\n","uploadtime":1681881899,"views":8,"p1id":"kewltheo","p2id":"espectr0l","formatid":"gen9vgc2023regulationc","rating":1055,"private":0,"password":""}