{"id":"gen9vgc2023regulationc-1850274161","p1":"Xanxus111","p2":"megaprawn","format":"[Gen 9] VGC 2023 Regulation C","log":"|j|\u2606Xanxus111\n|j|\u2606megaprawn\n|t:|1682309269\n|gametype|doubles\n|player|p1|Xanxus111|hugh|1189\n|player|p2|megaprawn|brycen|1210\n|teamsize|p1|6\n|teamsize|p2|6\n|gen|9\n|tier|[Gen 9] VGC 2023 Regulation C\n|rated|\n|rule|Species Clause: Limit one of each Pok\u00e9mon\n|rule|Item Clause: Limit one of each item\n|clearpoke\n|poke|p1|Tyranitar, L50, F|\n|poke|p1|Garchomp, L50, F|\n|poke|p1|Amoonguss, L50, F|\n|poke|p1|Corviknight, L50, M|\n|poke|p1|Arcanine, L50, F|\n|poke|p1|Flutter Mane, L50|\n|poke|p2|Armarouge, L50, M|\n|poke|p2|Great Tusk, L50|\n|poke|p2|Talonflame, L50, F|\n|poke|p2|Indeedee-F, L50, F|\n|poke|p2|Gyarados, L50, F|\n|poke|p2|Flutter Mane, L50|\n|teampreview|4\nmegaprawn has agreed to open team sheets.\n|inactive|Battle timer is ON: inactive players will automatically lose when time's up. (requested by Xanxus111)\n|\n|t:|1682309282\n|start\n|switch|p1a: Tyranitar|Tyranitar, L50, F|100\/100\n|switch|p1b: Garchomp|Garchomp, L50, F|100\/100\n|switch|p2a: Great Tusk|Great Tusk, L50|100\/100\n|switch|p2b: Gyarados|Gyarados, L50, F, shiny|100\/100\n|-ability|p2b: Gyarados|Intimidate|boost\n|-unboost|p1a: Tyranitar|atk|1\n|-unboost|p1b: Garchomp|atk|1\n|-weather|Sandstorm|[from] ability: Sand Stream|[of] p1a: Tyranitar\n|turn|1\n|inactive|megaprawn has 30 seconds left.\n|\n|t:|1682309309\n|switch|p1b: Arcanine|Arcanine, L50, F|100\/100\n|-ability|p1b: Arcanine|Intimidate|boost\n|-unboost|p2a: Great Tusk|atk|1\n|-unboost|p2b: Gyarados|atk|1\n|switch|p2b: Indeedee|Indeedee-F, L50, F|100\/100\n|-fieldstart|move: Psychic Terrain|[from] ability: Psychic Surge|[of] p2b: Indeedee\n|-terastallize|p1a: Tyranitar|Flying\n|move|p2a: Great Tusk|Rock Slide|p1b: Arcanine|[spread] p1a,p1b\n|-supereffective|p1a: Tyranitar\n|-supereffective|p1b: Arcanine\n|-damage|p1a: Tyranitar|76\/100\n|-damage|p1b: Arcanine|72\/100\n|move|p1a: Tyranitar|Tera Blast|p2a: Great Tusk\n|-supereffective|p2a: Great Tusk\n|-damage|p2a: Great Tusk|52\/100\n|\n|-weather|Sandstorm|[upkeep]\n|-damage|p1a: Tyranitar|71\/100|[from] Sandstorm\n|upkeep\n|turn|2\n|inactive|megaprawn has 30 seconds left.\n|inactive|megaprawn has 20 seconds left.\n|\n|t:|1682309344\n|-terastallize|p2a: Great Tusk|Rock\n|move|p2b: Indeedee|Helping Hand|p2a: Great Tusk\n|-singleturn|p2a: Great Tusk|Helping Hand|[of] p2b: Indeedee\n|move|p2a: Great Tusk|Rock Slide|p1b: Arcanine|[spread] p1a,p1b\n|-supereffective|p1a: Tyranitar\n|-supereffective|p1b: Arcanine\n|-damage|p1a: Tyranitar|18\/100\n|-damage|p1b: Arcanine|0 fnt\n|faint|p1b: Arcanine\n|move|p1a: Tyranitar|Crunch|p2b: Indeedee\n|-supereffective|p2b: Indeedee\n|-damage|p2b: Indeedee|36\/100\n|\n|-weather|Sandstorm|[upkeep]\n|-damage|p1a: Tyranitar|13\/100|[from] Sandstorm\n|upkeep\n|\n|t:|1682309352\n|switch|p1b: Garchomp|Garchomp, L50, F|100\/100\n|turn|3\n|\n|t:|1682309369\n|-end|p2a: Great Tusk|Protosynthesis|[silent]\n|switch|p2a: Gyarados|Gyarados, L50, F, shiny|100\/100\n|-ability|p2a: Gyarados|Intimidate|boost\n|-unboost|p1a: Tyranitar|atk|1\n|-unboost|p1b: Garchomp|atk|1\n|-enditem|p2a: Gyarados|Psychic Seed\n|-boost|p2a: Gyarados|spd|1|[from] item: Psychic Seed\n|move|p1b: Garchomp|Earthquake|p2b: Indeedee|[spread] p2b\n|-immune|p1a: Tyranitar\n|-immune|p2a: Gyarados\n|-damage|p2b: Indeedee|0 fnt\n|faint|p2b: Indeedee\n|move|p1a: Tyranitar|Crunch|p2a: Gyarados\n|-damage|p2a: Gyarados|76\/100\n|\n|-weather|Sandstorm|[upkeep]\n|-damage|p2a: Gyarados|70\/100|[from] Sandstorm\n|-damage|p1a: Tyranitar|7\/100|[from] Sandstorm\n|upkeep\n|\n|t:|1682309391\n|switch|p2b: Armarouge|Armarouge, L50, M|100\/100\n|turn|4\n|\n|t:|1682309398\n|switch|p1b: Flutter Mane|Flutter Mane, L50|100\/100\n|-enditem|p1b: Flutter Mane|Booster Energy\n|-activate|p1b: Flutter Mane|ability: Protosynthesis|[fromitem]\n|-start|p1b: Flutter Mane|protosynthesisspe\n|move|p2b: Armarouge|Expanding Force|p1b: Flutter Mane|[spread] p1a,p1b\n|-damage|p1a: Tyranitar|0 fnt\n|-damage|p1b: Flutter Mane|27\/100\n|faint|p1a: Tyranitar\n|move|p2a: Gyarados|Waterfall|p1b: Flutter Mane\n|-damage|p1b: Flutter Mane|0 fnt\n|faint|p1b: Flutter Mane\n|-end|p1b: Flutter Mane|Protosynthesis|[silent]\n|\n|-weather|Sandstorm|[upkeep]\n|-damage|p2b: Armarouge|94\/100|[from] Sandstorm\n|-damage|p2a: Gyarados|64\/100|[from] Sandstorm\n|upkeep\n|\n|t:|1682309409\n|switch|p1b: Garchomp|Garchomp, L50, F|100\/100\n|turn|5\n|\n|t:|1682309419\n|switch|p2a: Great Tusk|Great Tusk, L50, tera:Rock|52\/100\n|move|p2b: Armarouge|Endure|p2b: Armarouge\n|-singleturn|p2b: Armarouge|move: Endure\n|move|p1b: Garchomp|Dragon Claw|p2a: Great Tusk\n|-damage|p2a: Great Tusk|5\/100\n|\n|-weather|none\n|-fieldend|move: Psychic Terrain\n|upkeep\n|turn|6\n|\n|t:|1682309438\n|move|p2a: Great Tusk|Headlong Rush|p1b: Garchomp\n|-damage|p1b: Garchomp|38\/100\n|-unboost|p2a: Great Tusk|def|1\n|-unboost|p2a: Great Tusk|spd|1\n|move|p1b: Garchomp|Dragon Claw|p2a: Great Tusk\n|-damage|p2a: Great Tusk|0 fnt\n|faint|p2a: Great Tusk\n|-end|p2a: Great Tusk|Protosynthesis|[silent]\n|move|p2b: Armarouge|Expanding Force|p1b: Garchomp\n|-damage|p1b: Garchomp|0 fnt\n|faint|p1b: Garchomp\n|\n|win|megaprawn\n|raw|Xanxus111's rating: 1189 → 1166<\/strong> (-23 for losing)\n|raw|megaprawn's rating: 1210 → 1233<\/strong> (+23 for winning)\n","uploadtime":1682309447,"views":40,"p1id":"xanxus111","p2id":"megaprawn","formatid":"gen9vgc2023regulationc","rating":1166,"private":0,"password":""}