{"id":"gen9vgc2023regulationc-1861592198","p1":"Thebunnylord","p2":"foiledfeline","format":"[Gen 9] VGC 2023 Regulation C","log":"|j|\u203dThebunnylord\n|j|\u2606foiledfeline\n|t:|1683777977\n|gametype|doubles\n|player|p1|Thebunnylord|2|1085\n|player|p2|foiledfeline|steven|1175\n|teamsize|p1|6\n|teamsize|p2|6\n|gen|9\n|tier|[Gen 9] VGC 2023 Regulation C\n|rated|\n|rule|Species Clause: Limit one of each Pok\u00e9mon\n|rule|Item Clause: Limit one of each item\n|clearpoke\n|poke|p1|Arcanine, L50, F|\n|poke|p1|Amoonguss, L50, M|\n|poke|p1|Palafin, L50, M|\n|poke|p1|Flutter Mane, L50|\n|poke|p1|Ting-Lu, L50|\n|poke|p1|Roaring Moon, L50|\n|poke|p2|Flutter Mane, L50|\n|poke|p2|Talonflame, L50, M|\n|poke|p2|Breloom, L50, M|\n|poke|p2|Iron Bundle, L50|\n|poke|p2|Great Tusk, L50|\n|poke|p2|Baxcalibur, L50, M|\n|teampreview|4\nfoiledfeline has agreed to open team sheets.\n|inactive|Battle timer is ON: inactive players will automatically lose when time's up. (requested by Thebunnylord)\n|\n|t:|1683778005\n|start\n|switch|p1a: Arcanine|Arcanine, L50, F|100\/100\n|switch|p1b: Flutter Mane|Flutter Mane, L50|100\/100\n|switch|p2a: Talonflame|Talonflame, L50, M|100\/100\n|switch|p2b: Baxcalibur|Baxcalibur, L50, M|100\/100\n|-ability|p1a: Arcanine|Intimidate|boost\n|-unboost|p2a: Talonflame|atk|1\n|-fail|p2b: Baxcalibur|unboost|[from] item: Clear Amulet|[of] p2b: Baxcalibur\n|-enditem|p1b: Flutter Mane|Booster Energy\n|-activate|p1b: Flutter Mane|ability: Protosynthesis|[fromitem]\n|-start|p1b: Flutter Mane|protosynthesisspe\n|turn|1\n|\n|t:|1683778025\n|-terastallize|p2b: Baxcalibur|Poison\n|move|p2a: Talonflame|Tailwind|p2a: Talonflame\n|-sidestart|p2: foiledfeline|move: Tailwind\n|move|p1b: Flutter Mane|Moonblast|p2b: Baxcalibur\n|-resisted|p2b: Baxcalibur\n|-damage|p2b: Baxcalibur|78\/100\n|move|p2b: Baxcalibur|Earthquake|p1a: Arcanine|[spread] p1a,p1b\n|-immune|p2a: Talonflame\n|-supereffective|p1a: Arcanine\n|-damage|p1a: Arcanine|40\/100\n|-damage|p1b: Flutter Mane|31\/100\n|move|p1a: Arcanine|Flare Blitz|p2b: Baxcalibur\n|-damage|p2b: Baxcalibur|37\/100\n|-ability|p2b: Baxcalibur|Thermal Exchange|boost\n|-boost|p2b: Baxcalibur|atk|1\n|-damage|p1a: Arcanine|24\/100|[from] Recoil\n|\n|upkeep\n|turn|2\n|inactive|foiledfeline has 30 seconds left.\n|\n|t:|1683778051\n|move|p1a: Arcanine|Extreme Speed|p2b: Baxcalibur\n|-damage|p2b: Baxcalibur|17\/100\n|move|p2a: Talonflame|Brave Bird|p1b: Flutter Mane\n|-damage|p1b: Flutter Mane|0 fnt\n|faint|p1b: Flutter Mane\n|-end|p1b: Flutter Mane|Protosynthesis|[silent]\n|-damage|p2a: Talonflame|92\/100|[from] Recoil\n|-damage|p2a: Talonflame|82\/100|[from] item: Life Orb\n|move|p2b: Baxcalibur|Earthquake|p1a: Arcanine|[spread] p1a\n|-immune|p2a: Talonflame\n|-supereffective|p1a: Arcanine\n|-damage|p1a: Arcanine|0 fnt\n|faint|p1a: Arcanine\n|\n|upkeep\n|\n|t:|1683778058\n|switch|p1b: Palafin|Palafin, L50, M, shiny|100\/100\n|switch|p1a: Ting-Lu|Ting-Lu, L50|100\/100\n|-ability|p1a: Ting-Lu|Vessel of Ruin\n|turn|3\n|\n|t:|1683778075\n|move|p2b: Baxcalibur|Ice Shard|p1a: Ting-Lu\n|-supereffective|p1a: Ting-Lu\n|-damage|p1a: Ting-Lu|62\/100\n|move|p1b: Palafin|Jet Punch|p2b: Baxcalibur\n|-damage|p2b: Baxcalibur|0 fnt\n|faint|p2b: Baxcalibur\n|move|p2a: Talonflame|Will-O-Wisp|p1b: Palafin|[miss]\n|-miss|p2a: Talonflame|p1b: Palafin\n|move|p1a: Ting-Lu|Rock Slide|p2a: Talonflame\n|-supereffective|p2a: Talonflame\n|-damage|p2a: Talonflame|0 fnt\n|faint|p2a: Talonflame\n|\n|-heal|p1a: Ting-Lu|68\/100|[from] item: Leftovers\n|upkeep\n|\n|t:|1683778088\n|switch|p2a: Breloom|Breloom, L50, M|100\/100\n|switch|p2b: Iron Bundle|Iron Bundle, L50|100\/100\n|-enditem|p2b: Iron Bundle|Booster Energy\n|-activate|p2b: Iron Bundle|ability: Quark Drive|[fromitem]\n|-start|p2b: Iron Bundle|quarkdrivespe\n|turn|4\n|\n|t:|1683778104\n|move|p2b: Iron Bundle|Freeze-Dry|p1b: Palafin\n|-supereffective|p1b: Palafin\n|-damage|p1b: Palafin|27\/100\n|move|p2a: Breloom|Bullet Seed|p1a: Ting-Lu\n|-supereffective|p1a: Ting-Lu\n|-damage|p1a: Ting-Lu|46\/100\n|-supereffective|p1a: Ting-Lu\n|-damage|p1a: Ting-Lu|23\/100\n|-supereffective|p1a: Ting-Lu\n|-damage|p1a: Ting-Lu|1\/100\n|-hitcount|p1a: Ting-Lu|3\n|move|p1b: Palafin|Drain Punch|p2b: Iron Bundle\n|-supereffective|p2b: Iron Bundle\n|-damage|p2b: Iron Bundle|57\/100\n|-heal|p1b: Palafin|44\/100|[from] drain|[of] p2b: Iron Bundle\n|move|p1a: Ting-Lu|Fissure|p2b: Iron Bundle|[miss]\n|-miss|p1a: Ting-Lu|p2b: Iron Bundle\n|\n|-heal|p1a: Ting-Lu|7\/100|[from] item: Leftovers\n|-sideend|p2: foiledfeline|move: Tailwind\n|upkeep\n|turn|5\n|inactive|Thebunnylord has 30 seconds left.\n|\n|t:|1683778132\n|move|p1a: Ting-Lu|Protect|p1a: Ting-Lu\n|-singleturn|p1a: Ting-Lu|Protect\n|move|p2a: Breloom|Mach Punch|p1a: Ting-Lu\n|-activate|p1a: Ting-Lu|move: Protect\n|move|p2b: Iron Bundle|Freeze-Dry|p1b: Palafin\n|-supereffective|p1b: Palafin\n|-damage|p1b: Palafin|0 fnt\n|faint|p1b: Palafin\n|\n|-heal|p1a: Ting-Lu|13\/100|[from] item: Leftovers\n|upkeep\n|turn|6\n|-message|Thebunnylord forfeited.\n|\n|win|foiledfeline\n|raw|Thebunnylord's rating: 1085 → 1068<\/strong> (-17 for losing)\n|raw|foiledfeline's rating: 1175 → 1194<\/strong> (+19 for winning)\n|l|\u203dThebunnylord\n","uploadtime":1683778151,"views":17,"p1id":"thebunnylord","p2id":"foiledfeline","formatid":"gen9vgc2023regulationc","rating":1068,"private":0,"password":""}