{"id":"gen9vgc2023regulationc-1858835845","p1":"sspark","p2":"shiro07","format":"[Gen 9] VGC 2023 Regulation C","log":"|j|\u2606sspark\n|j|\u2606shiro07\n|t:|1683370747\n|gametype|doubles\n|player|p1|sspark|1|1483\n|player|p2|shiro07|kris-masters|1590\n|teamsize|p1|6\n|teamsize|p2|6\n|gen|9\n|tier|[Gen 9] VGC 2023 Regulation C\n|rated|\n|rule|Species Clause: Limit one of each Pok\u00e9mon\n|rule|Item Clause: Limit one of each item\n|clearpoke\n|poke|p1|Ceruledge, L50, M|\n|poke|p1|Iron Bundle, L50|\n|poke|p1|Tsareena, L50, F|\n|poke|p1|Flutter Mane, L50|\n|poke|p1|Chien-Pao, L50|\n|poke|p1|Dragonite, L50, F|\n|poke|p2|Garganacl, L50, M|\n|poke|p2|Hatterene, L50, F|\n|poke|p2|Wo-Chien, L50|\n|poke|p2|Iron Hands, L50|\n|poke|p2|Maushold-Four, L50|\n|poke|p2|Volcarona, L50, M|\n|teampreview|4\n|j| Nigeriane 4TW\n|inactive|Battle timer is ON: inactive players will automatically lose when time's up. (requested by sspark)\n|inactive|sspark has 60 seconds left.\n|\n|t:|1683370822\n|start\n|switch|p1a: Iron Bundle|Iron Bundle, L50|100\/100\n|switch|p1b: Ceruledge|Ceruledge, L50, M|100\/100\n|switch|p2a: Iron Hands|Iron Hands, L50|100\/100\n|switch|p2b: Hatterene|Hatterene, L50, F|100\/100\n|turn|1\n|\n|t:|1683370846\n|switch|p2b: Garganacl|Garganacl, L50, M|100\/100\n|-terastallize|p1a: Iron Bundle|Ghost\n|move|p1a: Iron Bundle|Flip Turn|p1b: Ceruledge\n|-supereffective|p1b: Ceruledge\n|-damage|p1b: Ceruledge|68\/100\n|-ability|p1b: Ceruledge|Weak Armor|boost\n|-unboost|p1b: Ceruledge|def|1\n|-boost|p1b: Ceruledge|spe|2\n|-enditem|p1b: Ceruledge|Weakness Policy\n|-boost|p1b: Ceruledge|atk|2|[from] item: Weakness Policy\n|-boost|p1b: Ceruledge|spa|2|[from] item: Weakness Policy\n|\n|t:|1683370851\n|-end|p1a: Iron Bundle|Quark Drive|[silent]\n|switch|p1a: Flutter Mane|Flutter Mane, L50|100\/100|[from] Flip Turn\n|-enditem|p1a: Flutter Mane|Booster Energy\n|-activate|p1a: Flutter Mane|ability: Protosynthesis|[fromitem]\n|-start|p1a: Flutter Mane|protosynthesisspa\n|move|p1b: Ceruledge|Bitter Blade|p2b: Garganacl\n|-resisted|p2b: Garganacl\n|-crit|p2b: Garganacl\n|-damage|p2b: Garganacl|58\/100\n|-heal|p1b: Ceruledge|97\/100|[from] drain|[of] p2b: Garganacl\n|move|p2a: Iron Hands|Wild Charge|p1b: Ceruledge\n|-damage|p1b: Ceruledge|0 fnt\n|faint|p1b: Ceruledge\n|-damage|p2a: Iron Hands|85\/100|[from] Recoil\n|\n|-heal|p2b: Garganacl|64\/100|[from] item: Leftovers\n|upkeep\n|\n|t:|1683370861\n|switch|p1b: Iron Bundle|Iron Bundle, L50, tera:Ghost|100\/100\n|turn|2\n|\n|t:|1683370880\n|-terastallize|p2b: Garganacl|Poison\n|move|p1b: Iron Bundle|Freeze-Dry|p2a: Iron Hands\n|-damage|p2a: Iron Hands|64\/100\n|move|p1a: Flutter Mane|Dazzling Gleam|p2a: Iron Hands|[spread] p2a,p2b\n|-supereffective|p2a: Iron Hands\n|-resisted|p2b: Garganacl\n|-damage|p2a: Iron Hands|14\/100\n|-damage|p2b: Garganacl|49\/100\n|move|p2a: Iron Hands|Wild Charge|p1a: Flutter Mane\n|-damage|p1a: Flutter Mane|27\/100\n|-damage|p2a: Iron Hands|3\/100|[from] Recoil\n|move|p2b: Garganacl|Recover|p2b: Garganacl\n|-heal|p2b: Garganacl|99\/100\n|\n|-heal|p2b: Garganacl|100\/100|[from] item: Leftovers\n|upkeep\n|turn|3\n|j| MelvinCalvin\n|\n|t:|1683370899\n|move|p1b: Iron Bundle|Freeze-Dry|p2b: Garganacl\n|-damage|p2b: Garganacl|75\/100\n|move|p1a: Flutter Mane|Dazzling Gleam|p2b: Garganacl|[spread] p2a,p2b\n|-supereffective|p2a: Iron Hands\n|-resisted|p2b: Garganacl\n|-damage|p2a: Iron Hands|0 fnt\n|-damage|p2b: Garganacl|61\/100\n|faint|p2a: Iron Hands\n|-end|p2a: Iron Hands|Quark Drive|[silent]\n|move|p2b: Garganacl|Salt Cure|p1b: Iron Bundle\n|-damage|p1b: Iron Bundle|82\/100\n|-start|p1b: Iron Bundle|Salt Cure\n|\n|-heal|p2b: Garganacl|67\/100|[from] item: Leftovers\n|-damage|p1b: Iron Bundle|70\/100|[from] Salt Cure\n|upkeep\n|\n|t:|1683370903\n|switch|p2a: Volcarona|Volcarona, L50, M|100\/100\n|turn|4\n|\n|t:|1683370914\n|-end|p1b: Iron Bundle|Quark Drive|[silent]\n|switch|p1b: Chien-Pao|Chien-Pao, L50|100\/100\n|-ability|p1b: Chien-Pao|Sword of Ruin\n|move|p1a: Flutter Mane|Protect|p1a: Flutter Mane\n|-singleturn|p1a: Flutter Mane|Protect\n|move|p2a: Volcarona|Quiver Dance|p2a: Volcarona\n|-boost|p2a: Volcarona|spa|1\n|-boost|p2a: Volcarona|spd|1\n|-boost|p2a: Volcarona|spe|1\n|move|p2b: Garganacl|Recover|p2b: Garganacl\n|-heal|p2b: Garganacl|100\/100\n|\n|upkeep\n|turn|5\n|\n|t:|1683370932\n|move|p2a: Volcarona|Heat Wave|p1b: Chien-Pao|[spread] p1a\n|-miss|p2a: Volcarona|p1b: Chien-Pao\n|-damage|p1a: Flutter Mane|0 fnt\n|faint|p1a: Flutter Mane\n|-end|p1a: Flutter Mane|Protosynthesis|[silent]\n|move|p1b: Chien-Pao|Ice Spinner|p2a: Volcarona\n|-resisted|p2a: Volcarona\n|-damage|p2a: Volcarona|68\/100\n|move|p2b: Garganacl|Salt Cure|p1b: Chien-Pao\n|-supereffective|p1b: Chien-Pao\n|-damage|p1b: Chien-Pao|58\/100\n|-start|p1b: Chien-Pao|Salt Cure\n|\n|-damage|p1b: Chien-Pao|46\/100|[from] Salt Cure\n|upkeep\n|\n|t:|1683370940\n|switch|p1a: Iron Bundle|Iron Bundle, L50, tera:Ghost|70\/100\n|turn|6\n|\n|t:|1683370953\n|move|p1a: Iron Bundle|Hydro Pump|p2a: Volcarona\n|-supereffective|p2a: Volcarona\n|-damage|p2a: Volcarona|1\/100\n|-enditem|p2a: Volcarona|Sitrus Berry|[eat]\n|-heal|p2a: Volcarona|26\/100|[from] item: Sitrus Berry\n|move|p2a: Volcarona|Heat Wave|p1a: Iron Bundle|[spread] p1a,p1b\n|-supereffective|p1b: Chien-Pao\n|-damage|p1a: Iron Bundle|0 fnt\n|-damage|p1b: Chien-Pao|0 fnt\n|faint|p1a: Iron Bundle\n|-end|p1a: Iron Bundle|Quark Drive|[silent]\n|faint|p1b: Chien-Pao\n|\n|win|shiro07\n|raw|sspark's rating: 1483 → 1469<\/strong> (-14 for losing)\n|raw|shiro07's rating: 1590 → 1604<\/strong> (+14 for winning)\n|l|\u2606sspark\n","uploadtime":1683370969,"views":21,"p1id":"sspark","p2id":"shiro07","formatid":"gen9vgc2023regulationc","rating":1469,"private":0,"password":""}