{"id":"gen9vgc2023regulationc-1857823884","p1":"nightamara","p2":"N8zaGr8","format":"[Gen 9] VGC 2023 Regulation C","log":"|j|\u2606nightamara\n|j|\u2606N8zaGr8\n|t:|1683235636\n|gametype|doubles\n|player|p1|nightamara|greta-gen3|\n|player|p2|N8zaGr8|cynthia-gen4|\n|teamsize|p1|6\n|teamsize|p2|6\n|gen|9\n|tier|[Gen 9] VGC 2023 Regulation C\n|rated|Tournament battle\n|rule|Species Clause: Limit one of each Pok\u00e9mon\n|rule|Item Clause: Limit one of each item\n|clearpoke\n|poke|p1|Scream Tail, L50|\n|poke|p1|Flutter Mane, L50|\n|poke|p1|Ting-Lu, L50|\n|poke|p1|Gothitelle, L50, F|\n|poke|p1|Arcanine, L50, M|\n|poke|p1|Palafin, L50, F|\n|poke|p2|Iron Bundle, L50|\n|poke|p2|Ting-Lu, L50|\n|poke|p2|Amoonguss, L50, F|\n|poke|p2|Bronzong, L50|\n|poke|p2|Ceruledge, L50, M|\n|poke|p2|Staraptor, L50, M|\n|teampreview|4\n|raw| Open Team Sheet for nightamara<\/summary>Sung Suho (Scream Tail) @ Booster Energy Ability: Protosynthesis Level: 50 Tera Type: Steel - Play Rough - Protect - Disable - Perish Song Cha Hae In (Flutter Mane) @ Focus Sash Ability: Protosynthesis Level: 50 Tera Type: Fairy - Dazzling Gleam - Shadow Ball - Perish Song - Protect Go Gunhee (Ting-Lu) @ Leftovers Ability: Vessel of Ruin Level: 50 Tera Type: Poison - Fissure - Stomping Tantrum - Heavy Slam - Protect Sung Jinah (Gothitelle) @ Sitrus Berry Ability: Shadow Tag Level: 50 Tera Type: Water - Fake Out - Heal Pulse - Protect - Psychic Yoo Jinho (Arcanine) @ Safety Goggles Ability: Intimidate Level: 50 Tera Type: Water - Flare Blitz - Extreme Speed - Protect - Will-O-Wisp Sung Jinwoo (Palafin) @ Mystic Water Ability: Zero to Hero Level: 50 Tera Type: Water - Wave Crash - Jet Punch - Protect - Haze <\/details><\/div> Open Team Sheet for N8zaGr8<\/summary>Fearful Leader (Iron Bundle) @ Booster Energy Ability: Quark Drive Level: 50 Tera Type: Ghost - Freeze-Dry - Hydro Pump - Encore - Protect Father Help (Ting-Lu) @ Assault Vest Ability: Vessel of Ruin Level: 50 Tera Type: Water - Earthquake - Ruination - Heavy Slam - Rock Slide Friend (Amoonguss) @ Leftovers Ability: Regenerator Level: 50 Tera Type: Water - Spore - Pollen Puff - Rage Powder - Protect dong (Bronzong) @ Safety Goggles Ability: Levitate Level: 50 Tera Type: Poison - Body Press - Heavy Slam - Iron Defense - Trick Room GrAss Blaster (Ceruledge) @ Clear Amulet Ability: Flash Fire Level: 50 Tera Type: Grass - Bitter Blade - Shadow Sneak - Tera Blast - Protect GO BIRD (Staraptor) @ Choice Scarf Ability: Reckless Level: 50 Tera Type: Flying - Final Gambit - Close Combat - U-turn - Brave Bird <\/details><\/div>\n|j| 17th Sylveon\n|j|%Therazer456\n|\n|t:|1683235711\n|start\n|switch|p1a: Sung Jinwoo|Palafin, L50, F|100\/100\n|switch|p1b: Cha Hae In|Flutter Mane, L50|100\/100\n|switch|p2a: GO BIRD|Staraptor, L50, M|100\/100\n|switch|p2b: Fearful Leader|Iron Bundle, L50|100\/100\n|-enditem|p2b: Fearful Leader|Booster Energy\n|-activate|p2b: Fearful Leader|ability: Quark Drive|[fromitem]\n|-start|p2b: Fearful Leader|quarkdrivespe\n|turn|1\n|inactive|Battle timer is ON: inactive players will automatically lose when time's up. (requested by nightamara)\n|\n|t:|1683235732\n|detailschange|p1a: Sung Jinwoo|Palafin-Hero, L50, F\n|switch|p1a: Sung Jinah|Gothitelle, L50, F|100\/100\n|move|p2b: Fearful Leader|Protect|p2b: Fearful Leader\n|-singleturn|p2b: Fearful Leader|Protect\n|move|p2a: GO BIRD|U-turn|p1b: Cha Hae In\n|-resisted|p1b: Cha Hae In\n|-damage|p1b: Cha Hae In|88\/100\n|\n|t:|1683235739\n|switch|p2a: GrAss Blaster|Ceruledge, L50, M|100\/100|[from] U-turn\n|move|p1b: Cha Hae In|Perish Song|p1b: Cha Hae In\n|-start|p1a: Sung Jinah|perish3|[silent]\n|-start|p1b: Cha Hae In|perish3|[silent]\n|-start|p2a: GrAss Blaster|perish3|[silent]\n|-start|p2b: Fearful Leader|perish3|[silent]\n|-fieldactivate|move: Perish Song\n|\n|-start|p2b: Fearful Leader|perish3\n|-start|p1b: Cha Hae In|perish3\n|-start|p2a: GrAss Blaster|perish3\n|-start|p1a: Sung Jinah|perish3\n|upkeep\n|turn|2\n|inactive|nightamara has 30 seconds left.\n|j| WeirdPolyCouple\n|\n|t:|1683235768\n|-end|p1b: Cha Hae In|Protosynthesis|[silent]\n|switch|p1b: Sung Jinwoo|Palafin-Hero, L50, F|100\/100\n|-activate|p1b: Sung Jinwoo|ability: Zero to Hero\n|switch|p2a: GO BIRD|Staraptor, L50, M|100\/100\n|-terastallize|p2b: Fearful Leader|Ghost\n|move|p1a: Sung Jinah|Fake Out|p2b: Fearful Leader\n|-immune|p2b: Fearful Leader\n|move|p2b: Fearful Leader|Encore||[still]\n|-fail|p2b: Fearful Leader\n|\n|-start|p2b: Fearful Leader|perish2\n|-start|p1a: Sung Jinah|perish2\n|upkeep\n|turn|3\n|inactive|nightamara has 30 seconds left.\n|inactive|N8zaGr8 has 30 seconds left.\n|inactive|nightamara has 20 seconds left.\n|inactive|N8zaGr8 has 20 seconds left.\n|inactive|N8zaGr8 has 15 seconds left.\n|\n|t:|1683235808\n|switch|p1a: Yoo Jinho|Arcanine, L50, M|100\/100\n|-ability|p1a: Yoo Jinho|Intimidate|boost\n|-unboost|p2a: GO BIRD|atk|1\n|-unboost|p2b: Fearful Leader|atk|1\n|-terastallize|p1b: Sung Jinwoo|Water\n|move|p1b: Sung Jinwoo|Jet Punch|p2a: GO BIRD\n|-damage|p2a: GO BIRD|11\/100\n|move|p2b: Fearful Leader|Freeze-Dry|p1b: Sung Jinwoo\n|-supereffective|p1b: Sung Jinwoo\n|-damage|p1b: Sung Jinwoo|30\/100\n|move|p2a: GO BIRD|U-turn|p1a: Yoo Jinho\n|-resisted|p1a: Yoo Jinho\n|-damage|p1a: Yoo Jinho|91\/100\n|\n|t:|1683235822\n|switch|p2a: Friend|Amoonguss, L50, F|100\/100|[from] U-turn\n|\n|-start|p2b: Fearful Leader|perish1\n|upkeep\n|turn|4\n|\n|t:|1683235832\n|-end|p2b: Fearful Leader|Quark Drive|[silent]\n|switch|p2b: GO BIRD|Staraptor, L50, M|11\/100\n|switch|p2a: GrAss Blaster|Ceruledge, L50, M|100\/100\n|move|p1a: Yoo Jinho|Flare Blitz|p2a: GrAss Blaster\n|-start|p2a: GrAss Blaster|ability: Flash Fire\n|move|p1b: Sung Jinwoo|Wave Crash|p2a: GrAss Blaster\n|-supereffective|p2a: GrAss Blaster\n|-damage|p2a: GrAss Blaster|0 fnt\n|faint|p2a: GrAss Blaster\n|-damage|p1b: Sung Jinwoo|2\/100|[from] Recoil\n|\n|upkeep\n|\n|t:|1683235851\n|switch|p2a: Fearful Leader|Iron Bundle, L50, tera:Ghost|100\/100\n|turn|5\n|\n|t:|1683235860\n|switch|p2b: Friend|Amoonguss, L50, F|100\/100\n|move|p1a: Yoo Jinho|Extreme Speed|p2b: Friend\n|-damage|p2b: Friend|81\/100\n|move|p1b: Sung Jinwoo|Jet Punch|p2a: Fearful Leader\n|-damage|p2a: Fearful Leader|30\/100\n|move|p2a: Fearful Leader|Hydro Pump|p1a: Yoo Jinho\n|-supereffective|p1a: Yoo Jinho\n|-damage|p1a: Yoo Jinho|0 fnt\n|faint|p1a: Yoo Jinho\n|\n|-heal|p2b: Friend|87\/100|[from] item: Leftovers\n|upkeep\n|\n|t:|1683235879\n|switch|p1a: Sung Jinah|Gothitelle, L50, F|100\/100\n|turn|6\n|\n|t:|1683235884\n|move|p2a: Fearful Leader|Protect|p2a: Fearful Leader\n|-singleturn|p2a: Fearful Leader|Protect\n|move|p2b: Friend|Protect|p2b: Friend\n|-singleturn|p2b: Friend|Protect\n|move|p1a: Sung Jinah|Fake Out|p2b: Friend\n|-activate|p2b: Friend|move: Protect\n|move|p1b: Sung Jinwoo|Jet Punch|p2a: Fearful Leader\n|-activate|p2a: Fearful Leader|move: Protect\n|\n|-heal|p2b: Friend|93\/100|[from] item: Leftovers\n|upkeep\n|turn|7\n|\n|t:|1683235893\n|move|p2b: Friend|Rage Powder|p2b: Friend\n|-singleturn|p2b: Friend|move: Rage Powder\n|move|p1b: Sung Jinwoo|Jet Punch|p2b: Friend\n|-resisted|p2b: Friend\n|-damage|p2b: Friend|68\/100\n|move|p2a: Fearful Leader|Freeze-Dry|p1b: Sung Jinwoo\n|-supereffective|p1b: Sung Jinwoo\n|-damage|p1b: Sung Jinwoo|0 fnt\n|faint|p1b: Sung Jinwoo\n|move|p1a: Sung Jinah|Heal Pulse|p2b: Friend\n|-heal|p2b: Friend|100\/100\n|\n|upkeep\n|\n|t:|1683235901\n|switch|p1b: Cha Hae In|Flutter Mane, L50|88\/100\n|turn|8\n|\n|t:|1683235919\n|move|p2a: Fearful Leader|Protect|p2a: Fearful Leader\n|-singleturn|p2a: Fearful Leader|Protect\n|move|p1b: Cha Hae In|Dazzling Gleam|p2b: Friend|[spread] p2b\n|-activate|p2a: Fearful Leader|move: Protect\n|-resisted|p2b: Friend\n|-damage|p2b: Friend|86\/100\n|move|p1a: Sung Jinah|Psychic|p2b: Friend\n|-supereffective|p2b: Friend\n|-damage|p2b: Friend|37\/100\n|move|p2b: Friend|Spore|p1b: Cha Hae In\n|-status|p1b: Cha Hae In|slp|[from] move: Spore\n|\n|-heal|p2b: Friend|43\/100|[from] item: Leftovers\n|upkeep\n|turn|9\n|j| higashi no gab\n|inactive|N8zaGr8 has 30 seconds left.\n|\n|t:|1683235948\n|move|p2b: Friend|Rage Powder|p2b: Friend\n|-singleturn|p2b: Friend|move: Rage Powder\n|cant|p1b: Cha Hae In|slp\n|move|p2a: Fearful Leader|Hydro Pump|p1b: Cha Hae In\n|-damage|p1b: Cha Hae In|27\/100 slp\n|move|p1a: Sung Jinah|Psychic|p2b: Friend\n|-supereffective|p2b: Friend\n|-damage|p2b: Friend|0 fnt\n|faint|p2b: Friend\n|\n|upkeep\n|\n|t:|1683235955\n|switch|p2b: GO BIRD|Staraptor, L50, M|11\/100\n|turn|10\n|\n|t:|1683235963\n|move|p2b: GO BIRD|Brave Bird|p1b: Cha Hae In\n|-damage|p1b: Cha Hae In|0 fnt\n|faint|p1b: Cha Hae In\n|-end|p1b: Cha Hae In|Protosynthesis|[silent]\n|-damage|p2b: GO BIRD|4\/100|[from] Recoil\n|move|p2a: Fearful Leader|Hydro Pump|p1a: Sung Jinah|[miss]\n|-miss|p2a: Fearful Leader|p1a: Sung Jinah\n|move|p1a: Sung Jinah|Psychic|p2b: GO BIRD\n|-damage|p2b: GO BIRD|0 fnt\n|faint|p2b: GO BIRD\n|\n|upkeep\n|turn|11\n|\n|t:|1683235972\n|move|p2a: Fearful Leader|Freeze-Dry|p1a: Sung Jinah\n|-damage|p1a: Sung Jinah|75\/100\n|move|p1a: Sung Jinah|Psychic|p2a: Fearful Leader\n|-damage|p2a: Fearful Leader|0 fnt\n|faint|p2a: Fearful Leader\n|-end|p2a: Fearful Leader|Quark Drive|[silent]\n|\n|win|nightamara\n|n|\u2606nightamara|nightamara\n|n|\u2606N8zaGr8|n8zagr8\n|n| 17th Sylveon|17thsylveon\n|n| Therazer456|therazer456\n|n| WeirdPolyCouple|weirdpolycouple\n|n| higashi no gab|higashinogab\n|c|\u2606N8zaGr8|gg\n|c|\u2606nightamara|gg\n|l| Therazer456\n|l| 17th Sylveon\n","uploadtime":1683235974,"views":10,"p1id":"nightamara","p2id":"n8zagr8","formatid":"gen9vgc2023regulationc","rating":0,"private":0,"password":""}