{"id":"gen9vgc2023regulationc-1856011741","p1":"SM0KESgirl","p2":"ProR7","format":"[Gen 9] VGC 2023 Regulation C","log":"|j|\u2606SM0KESgirl\n|j|\u2606ProR7\n|t:|1683016915\n|gametype|doubles\n|player|p1|SM0KESgirl|skyla|1290\n|player|p2|ProR7|n|1210\n|teamsize|p1|6\n|teamsize|p2|6\n|gen|9\n|tier|[Gen 9] VGC 2023 Regulation C\n|rated|\n|rule|Species Clause: Limit one of each Pok\u00e9mon\n|rule|Item Clause: Limit one of each item\n|clearpoke\n|poke|p1|Gholdengo, L50|\n|poke|p1|Murkrow, L50, M|\n|poke|p1|Baxcalibur, L50, F|\n|poke|p1|Annihilape, L50, F|\n|poke|p1|Flutter Mane, L50|\n|poke|p1|Amoonguss, L50, M|\n|poke|p2|Arcanine, L50, M|\n|poke|p2|Kingambit, L50, F|\n|poke|p2|Flutter Mane, L50|\n|poke|p2|Amoonguss, L50, F|\n|poke|p2|Iron Hands, L50|\n|poke|p2|Azumarill, L50, M|\n|teampreview|4\n|inactive|Battle timer is ON: inactive players will automatically lose when time's up. (requested by ProR7)\n|inactive|SM0KESgirl has 60 seconds left.\n|\n|t:|1683016968\n|start\n|switch|p1a: Murkrow|Murkrow, L50, M|100\/100\n|switch|p1b: Gholdengo|Gholdengo, L50|100\/100\n|switch|p2a: Azumarill|Azumarill, L50, M|100\/100\n|switch|p2b: Arcanine|Arcanine, L50, M|100\/100\n|-ability|p2b: Arcanine|Intimidate|boost\n|-unboost|p1a: Murkrow|atk|1\n|-unboost|p1b: Gholdengo|atk|1\n|turn|1\n|inactive|SM0KESgirl has 30 seconds left.\n|\n|t:|1683016993\n|move|p1a: Murkrow|Tailwind|p1a: Murkrow\n|-sidestart|p1: SM0KESgirl|move: Tailwind\n|move|p1b: Gholdengo|Make It Rain|p2b: Arcanine|[spread] p2a,p2b\n|-resisted|p2b: Arcanine\n|-damage|p2a: Azumarill|48\/100\n|-damage|p2b: Arcanine|69\/100\n|-unboost|p1b: Gholdengo|spa|1\n|move|p2b: Arcanine|Flare Blitz|p1b: Gholdengo\n|-supereffective|p1b: Gholdengo\n|-damage|p1b: Gholdengo|9\/100\n|-damage|p2b: Arcanine|39\/100|[from] Recoil\n|move|p2a: Azumarill|Ice Spinner|p1a: Murkrow\n|-supereffective|p1a: Murkrow\n|-damage|p1a: Murkrow|65\/100\n|\n|upkeep\n|turn|2\n|\n|t:|1683017018\n|move|p1a: Murkrow|Haze|p1a: Murkrow\n|-clearallboost\n|move|p2a: Azumarill|Aqua Jet|p1b: Gholdengo\n|-damage|p1b: Gholdengo|0 fnt\n|faint|p1b: Gholdengo\n|move|p2b: Arcanine|Morning Sun|p2b: Arcanine\n|-heal|p2b: Arcanine|89\/100\n|\n|upkeep\n|\n|t:|1683017031\n|switch|p1b: Baxcalibur|Baxcalibur, L50, F|100\/100\n|turn|3\n|\n|t:|1683017053\n|switch|p2b: Amoonguss|Amoonguss, L50, F, shiny|100\/100\n|-terastallize|p1b: Baxcalibur|Ground\n|move|p1a: Murkrow|Thunder Wave|p2a: Azumarill|[miss]\n|-miss|p1a: Murkrow|p2a: Azumarill\n|move|p1b: Baxcalibur|Earthquake|p2a: Azumarill|[spread] p2a,p2b\n|-immune|p1a: Murkrow\n|-damage|p2a: Azumarill|1\/100\n|-damage|p2b: Amoonguss|60\/100\n|move|p2a: Azumarill|Ice Spinner|p1a: Murkrow\n|-supereffective|p1a: Murkrow\n|-damage|p1a: Murkrow|32\/100\n|\n|-heal|p2b: Amoonguss|66\/100|[from] item: Leftovers\n|upkeep\n|turn|4\n|inactive|SM0KESgirl has 30 seconds left.\n|\n|t:|1683017079\n|move|p2b: Amoonguss|Protect|p2b: Amoonguss\n|-singleturn|p2b: Amoonguss|Protect\n|move|p1a: Murkrow|Thunder Wave|p2b: Amoonguss\n|-activate|p2b: Amoonguss|move: Protect\n|move|p2a: Azumarill|Aqua Jet|p1a: Murkrow\n|-damage|p1a: Murkrow|18\/100\n|move|p1b: Baxcalibur|Earthquake|p2a: Azumarill|[spread] p2a\n|-activate|p2b: Amoonguss|move: Protect\n|-immune|p1a: Murkrow\n|-damage|p2a: Azumarill|0 fnt\n|faint|p2a: Azumarill\n|\n|-heal|p2b: Amoonguss|72\/100|[from] item: Leftovers\n|-sideend|p1: SM0KESgirl|move: Tailwind\n|upkeep\n|\n|t:|1683017090\n|switch|p2a: Arcanine|Arcanine, L50, M|89\/100\n|-ability|p2a: Arcanine|Intimidate|boost\n|-unboost|p1a: Murkrow|atk|1\n|-unboost|p1b: Baxcalibur|atk|1\n|turn|5\n|inactive|SM0KESgirl has 30 seconds left.\n|\n|t:|1683017116\n|-terastallize|p2a: Arcanine|Grass\n|move|p2a: Arcanine|Extreme Speed|p1a: Murkrow\n|-damage|p1a: Murkrow|0 fnt\n|faint|p1a: Murkrow\n|move|p1b: Baxcalibur|Ice Shard|p2a: Arcanine\n|-supereffective|p2a: Arcanine\n|-damage|p2a: Arcanine|52\/100\n|move|p2b: Amoonguss|Spore|p1b: Baxcalibur\n|-status|p1b: Baxcalibur|slp|[from] move: Spore\n|\n|-heal|p2b: Amoonguss|77\/100|[from] item: Leftovers\n|upkeep\n|\n|t:|1683017130\n|switch|p1a: Annihilape|Annihilape, L50, F|100\/100\n|turn|6\n|\n|t:|1683017152\n|switch|p2a: Flutter Mane|Flutter Mane, L50|100\/100\n|-enditem|p2a: Flutter Mane|Booster Energy\n|-activate|p2a: Flutter Mane|ability: Protosynthesis|[fromitem]\n|-start|p2a: Flutter Mane|protosynthesisspa\n|move|p1a: Annihilape|Protect|p1a: Annihilape\n|-singleturn|p1a: Annihilape|Protect\n|move|p2b: Amoonguss|Rage Powder|p2b: Amoonguss\n|-singleturn|p2b: Amoonguss|move: Rage Powder\n|cant|p1b: Baxcalibur|slp\n|\n|-heal|p2b: Amoonguss|83\/100|[from] item: Leftovers\n|upkeep\n|turn|7\n|inactive|SM0KESgirl has 30 seconds left.\n|\n|t:|1683017186\n|move|p2b: Amoonguss|Rage Powder|p2b: Amoonguss\n|-singleturn|p2b: Amoonguss|move: Rage Powder\n|move|p2a: Flutter Mane|Shadow Ball|p1a: Annihilape\n|-supereffective|p1a: Annihilape\n|-damage|p1a: Annihilape|33\/100\n|-unboost|p1a: Annihilape|spd|1\n|-ability|p1a: Annihilape|Defiant|boost\n|-boost|p1a: Annihilape|atk|2\n|move|p1a: Annihilape|Bulk Up|p1a: Annihilape\n|-boost|p1a: Annihilape|atk|1\n|-boost|p1a: Annihilape|def|1\n|cant|p1b: Baxcalibur|slp\n|\n|-heal|p1a: Annihilape|39\/100|[from] item: Leftovers\n|-heal|p2b: Amoonguss|89\/100|[from] item: Leftovers\n|upkeep\n|turn|8\n|inactive|SM0KESgirl has 30 seconds left.\n|inactive|SM0KESgirl has 20 seconds left.\n|\n|t:|1683017221\n|move|p2b: Amoonguss|Rage Powder|p2b: Amoonguss\n|-singleturn|p2b: Amoonguss|move: Rage Powder\n|move|p2a: Flutter Mane|Dazzling Gleam|p1a: Annihilape|[spread] p1a,p1b\n|-supereffective|p1a: Annihilape\n|-damage|p1a: Annihilape|0 fnt\n|-damage|p1b: Baxcalibur|78\/100 slp\n|faint|p1a: Annihilape\n|-curestatus|p1b: Baxcalibur|slp|[msg]\n|move|p1b: Baxcalibur|Icicle Spear|p2b: Amoonguss\n|-supereffective|p2b: Amoonguss\n|-damage|p2b: Amoonguss|70\/100\n|-supereffective|p2b: Amoonguss\n|-damage|p2b: Amoonguss|50\/100\n|-supereffective|p2b: Amoonguss\n|-damage|p2b: Amoonguss|31\/100\n|-supereffective|p2b: Amoonguss\n|-damage|p2b: Amoonguss|14\/100\n|-hitcount|p2b: Amoonguss|4\n|\n|-heal|p2b: Amoonguss|20\/100|[from] item: Leftovers\n|upkeep\n|turn|9\n|\n|t:|1683017245\n|move|p2b: Amoonguss|Protect|p2b: Amoonguss\n|-singleturn|p2b: Amoonguss|Protect\n|move|p2a: Flutter Mane|Shadow Ball|p1b: Baxcalibur\n|-damage|p1b: Baxcalibur|48\/100\n|move|p1b: Baxcalibur|Earthquake|p2b: Amoonguss|[spread] p2a\n|-activate|p2b: Amoonguss|move: Protect\n|-damage|p2a: Flutter Mane|60\/100\n|\n|-heal|p2b: Amoonguss|26\/100|[from] item: Leftovers\n|upkeep\n|turn|10\n|\n|t:|1683017264\n|move|p2a: Flutter Mane|Shadow Ball|p1b: Baxcalibur\n|-damage|p1b: Baxcalibur|18\/100\n|move|p1b: Baxcalibur|Icicle Spear|p2a: Flutter Mane\n|-damage|p2a: Flutter Mane|47\/100\n|-damage|p2a: Flutter Mane|31\/100\n|-damage|p2a: Flutter Mane|16\/100\n|-damage|p2a: Flutter Mane|3\/100\n|-damage|p2a: Flutter Mane|0 fnt\n|faint|p2a: Flutter Mane\n|-end|p2a: Flutter Mane|Protosynthesis|[silent]\n|-hitcount|p2: Flutter Mane|5\n|move|p2b: Amoonguss|Spore|p1b: Baxcalibur\n|-status|p1b: Baxcalibur|slp|[from] move: Spore\n|\n|-heal|p2b: Amoonguss|32\/100|[from] item: Leftovers\n|upkeep\n|\n|t:|1683017274\n|switch|p2a: Arcanine|Arcanine, L50, M, tera:Grass|52\/100\n|-ability|p2a: Arcanine|Intimidate|boost\n|-unboost|p1b: Baxcalibur|atk|1\n|turn|11\n|\n|t:|1683017288\n|move|p2a: Arcanine|Extreme Speed|p1b: Baxcalibur\n|-crit|p1b: Baxcalibur\n|-damage|p1b: Baxcalibur|0 fnt\n|faint|p1b: Baxcalibur\n|\n|win|ProR7\n|raw|SM0KESgirl's rating: 1290 → 1259<\/strong> (-31 for losing)\n|raw|ProR7's rating: 1210 → 1241<\/strong> (+31 for winning)\n|l|\u2606ProR7\n","uploadtime":1683017296,"views":13,"p1id":"sm0kesgirl","p2id":"pror7","formatid":"gen9vgc2023regulationc","rating":1241,"private":0,"password":""}