{"id":"gen9vgc2023regulationc-1859884368","p1":"bpinela","p2":"bigemilywangfan69","format":"[Gen 9] VGC 2023 Regulation C","log":"|j|\u2606bpinela\n|j|\u2606bigemilywangfan69\n|t:|1683572656\n|gametype|doubles\n|player|p1|bpinela|kimonogirl|1171\n|player|p2|bigemilywangfan69|265|1182\n|teamsize|p1|6\n|teamsize|p2|6\n|gen|9\n|tier|[Gen 9] VGC 2023 Regulation C\n|rated|\n|rule|Species Clause: Limit one of each Pok\u00e9mon\n|rule|Item Clause: Limit one of each item\n|clearpoke\n|poke|p1|Pincurchin, L50, M|\n|poke|p1|Iron Treads, L50|\n|poke|p1|Iron Bundle, L50|\n|poke|p1|Gothitelle, L50, F|\n|poke|p1|Brute Bonnet, L50|\n|poke|p1|Arcanine, L50, M|\n|poke|p2|Flutter Mane, L50|\n|poke|p2|Torkoal, L50, F|\n|poke|p2|Jumpluff, L50, F|\n|poke|p2|Great Tusk, L50|\n|poke|p2|Gastrodon, L50, M|\n|poke|p2|Chien-Pao, L50|\n|teampreview|4\n|inactive|Battle timer is ON: inactive players will automatically lose when time's up. (requested by bigemilywangfan69)\n|inactive|bpinela has 60 seconds left.\n|\n|t:|1683572722\n|start\n|switch|p1a: Pincurchin|Pincurchin, L50, M|100\/100\n|switch|p1b: Iron Treads|Iron Treads, L50|100\/100\n|switch|p2a: Torkoal|Torkoal, L50, F|100\/100\n|switch|p2b: Jumpluff|Jumpluff, L50, F|100\/100\n|-weather|SunnyDay|[from] ability: Drought|[of] p2a: Torkoal\n|-fieldstart|move: Electric Terrain|[from] ability: Electric Surge|[of] p1a: Pincurchin\n|-activate|p1b: Iron Treads|ability: Quark Drive\n|-start|p1b: Iron Treads|quarkdriveatk\n|turn|1\n|inactive|bigemilywangfan69 has 30 seconds left.\n|inactive|bigemilywangfan69 has 20 seconds left.\n|inactive|bigemilywangfan69 has 15 seconds left.\n|\n|t:|1683572763\n|-terastallize|p1b: Iron Treads|Water\n|move|p2b: Jumpluff|Tailwind|p2b: Jumpluff\n|-sidestart|p2: bigemilywangfan69|move: Tailwind\n|move|p1b: Iron Treads|Rock Slide|p2b: Jumpluff|[spread] p2a,p2b\n|-supereffective|p2a: Torkoal\n|-supereffective|p2b: Jumpluff\n|-damage|p2a: Torkoal|62\/100\n|-damage|p2b: Jumpluff|29\/100\n|move|p2a: Torkoal|Heat Wave|p1a: Pincurchin|[spread] p1a\n|-miss|p2a: Torkoal|p1b: Iron Treads\n|-damage|p1a: Pincurchin|34\/100\n|move|p1a: Pincurchin|Thunderbolt|p2b: Jumpluff\n|-damage|p2b: Jumpluff|0 fnt\n|faint|p2b: Jumpluff\n|\n|-weather|SunnyDay|[upkeep]\n|upkeep\n|\n|t:|1683572782\n|switch|p2b: Flutter Mane|Flutter Mane, L50|100\/100\n|-activate|p2b: Flutter Mane|ability: Protosynthesis\n|-start|p2b: Flutter Mane|protosynthesisspe\n|turn|2\n|\n|t:|1683572795\n|switch|p2a: Great Tusk|Great Tusk, L50|100\/100\n|-activate|p2a: Great Tusk|ability: Protosynthesis\n|-start|p2a: Great Tusk|protosynthesisatk\n|move|p2b: Flutter Mane|Energy Ball|p1b: Iron Treads\n|-supereffective|p1b: Iron Treads\n|-enditem|p1b: Iron Treads|Focus Sash\n|-damage|p1b: Iron Treads|1\/100\n|-damage|p2b: Flutter Mane|90\/100|[from] item: Life Orb\n|move|p1b: Iron Treads|Iron Head|p2b: Flutter Mane\n|-supereffective|p2b: Flutter Mane\n|-damage|p2b: Flutter Mane|0 fnt\n|faint|p2b: Flutter Mane\n|-end|p2b: Flutter Mane|Protosynthesis|[silent]\n|move|p1a: Pincurchin|Thunderbolt|p2a: Great Tusk\n|-immune|p2a: Great Tusk\n|\n|-weather|SunnyDay|[upkeep]\n|upkeep\n|\n|t:|1683572811\n|switch|p2b: Torkoal|Torkoal, L50, F|62\/100\n|turn|3\n|\n|t:|1683572822\n|move|p1b: Iron Treads|Protect|p1b: Iron Treads\n|-singleturn|p1b: Iron Treads|Protect\n|move|p2b: Torkoal|Protect|p2b: Torkoal\n|-singleturn|p2b: Torkoal|Protect\n|move|p2a: Great Tusk|Earthquake|p1b: Iron Treads|[spread] p1a\n|-activate|p2b: Torkoal|move: Protect\n|-activate|p1b: Iron Treads|move: Protect\n|-supereffective|p1a: Pincurchin\n|-damage|p1a: Pincurchin|0 fnt\n|faint|p1a: Pincurchin\n|\n|-weather|SunnyDay|[upkeep]\n|upkeep\n|\n|t:|1683572838\n|switch|p1a: Iron Bundle|Iron Bundle, L50|100\/100\n|-activate|p1a: Iron Bundle|ability: Quark Drive\n|-start|p1a: Iron Bundle|quarkdrivespe\n|turn|4\n|inactive|bigemilywangfan69 has 30 seconds left.\n|\n|t:|1683572864\n|move|p1a: Iron Bundle|Protect|p1a: Iron Bundle\n|-singleturn|p1a: Iron Bundle|Protect\n|move|p2a: Great Tusk|Close Combat|p1a: Iron Bundle\n|-activate|p1a: Iron Bundle|move: Protect\n|move|p1b: Iron Treads|Stomping Tantrum|p2b: Torkoal\n|-supereffective|p2b: Torkoal\n|-damage|p2b: Torkoal|0 fnt\n|faint|p2b: Torkoal\n|\n|-weather|SunnyDay|[upkeep]\n|-sideend|p2: bigemilywangfan69|move: Tailwind\n|upkeep\n|turn|5\n|\n|t:|1683572879\n|move|p1a: Iron Bundle|Icy Wind|p2a: Great Tusk\n|-supereffective|p2a: Great Tusk\n|-damage|p2a: Great Tusk|40\/100\n|-unboost|p2a: Great Tusk|spe|1\n|move|p1b: Iron Treads|Stomping Tantrum|p2a: Great Tusk\n|-damage|p2a: Great Tusk|4\/100\n|move|p2a: Great Tusk|Close Combat|p1a: Iron Bundle\n|-supereffective|p1a: Iron Bundle\n|-damage|p1a: Iron Bundle|0 fnt\n|-unboost|p2a: Great Tusk|def|1\n|-unboost|p2a: Great Tusk|spd|1\n|faint|p1a: Iron Bundle\n|-end|p1a: Iron Bundle|Quark Drive|[silent]\n|\n|-weather|none\n|-end|p2a: Great Tusk|Protosynthesis\n|-fieldend|move: Electric Terrain\n|-end|p1b: Iron Treads|Quark Drive\n|upkeep\n|\n|t:|1683572887\n|switch|p1a: Brute Bonnet|Brute Bonnet, L50|100\/100\n|turn|6\n|-message|bigemilywangfan69 forfeited.\n|\n|win|bpinela\n|raw|bpinela's rating: 1171 → 1197<\/strong> (+26 for winning)\n|raw|bigemilywangfan69's rating: 1182 → 1156<\/strong> (-26 for losing)\n|l|\u2606bigemilywangfan69\n","uploadtime":1683572898,"views":17,"p1id":"bpinela","p2id":"bigemilywangfan69","formatid":"gen9vgc2023regulationc","rating":1156,"private":0,"password":""}