{"id":"gen9vgc2023regulationc-1847387337","p1":"carmixxx","p2":"decerk","format":"[Gen 9] VGC 2023 Regulation C","log":"|j|\u2606carmixxx\n|j|\u2606decerk\n|t:|1681949148\n|gametype|doubles\n|player|p1|carmixxx|265|1008\n|player|p2|decerk|dawn|1114\n|teamsize|p1|6\n|teamsize|p2|6\n|gen|9\n|tier|[Gen 9] VGC 2023 Regulation C\n|rated|\n|rule|Species Clause: Limit one of each Pok\u00e9mon\n|rule|Item Clause: Limit one of each item\n|clearpoke\n|poke|p1|Chi-Yu, L50|\n|poke|p1|Glimmora, L50, F|\n|poke|p1|Hydreigon, L50, M|\n|poke|p1|Armarouge, L50, F|\n|poke|p1|Indeedee-F, L50, F|\n|poke|p1|Dachsbun, L50, M|\n|poke|p2|Amoonguss, L50, F|\n|poke|p2|Dragonite, L50, F|\n|poke|p2|Chien-Pao, L50|\n|poke|p2|Palafin, L50, F|\n|poke|p2|Arcanine, L50, F|\n|poke|p2|Flutter Mane, L50|\n|teampreview|4\n|\n|t:|1681949190\n|start\n|switch|p1a: Indeedee|Indeedee-F, L50, F|100\/100\n|switch|p1b: Hydreigon|Hydreigon, L50, M|100\/100\n|switch|p2a: Chien-Pao|Chien-Pao, L50|100\/100\n|switch|p2b: Dragonite|Dragonite, L50, F, shiny|100\/100\n|-ability|p2a: Chien-Pao|Sword of Ruin\n|-fieldstart|move: Psychic Terrain|[from] ability: Psychic Surge|[of] p1a: Indeedee\n|turn|1\n|inactive|Battle timer is ON: inactive players will automatically lose when time's up. (requested by carmixxx)\n|\n|t:|1681949220\n|switch|p2b: Amoonguss|Amoonguss, L50, F, shiny|100\/100\n|-terastallize|p1b: Hydreigon|Electric\n|move|p1a: Indeedee|Follow Me|p1a: Indeedee\n|-singleturn|p1a: Indeedee|move: Follow Me\n|move|p2a: Chien-Pao|Ice Spinner|p1a: Indeedee\n|-damage|p1a: Indeedee|38\/100\n|-fieldend|move: Psychic Terrain\n|move|p1b: Hydreigon|Tera Blast|p2b: Amoonguss\n|-resisted|p2b: Amoonguss\n|-damage|p2b: Amoonguss|77\/100\n|\n|upkeep\n|turn|2\n|inactive|carmixxx has 30 seconds left.\n|\n|t:|1681949253\n|switch|p1a: Chi-Yu|Chi-Yu, L50|100\/100\n|-ability|p1a: Chi-Yu|Beads of Ruin\n|move|p2a: Chien-Pao|Protect|p2a: Chien-Pao\n|-singleturn|p2a: Chien-Pao|Protect\n|move|p1b: Hydreigon|Tailwind|p1b: Hydreigon\n|-sidestart|p1: carmixxx|move: Tailwind\n|move|p2b: Amoonguss|Spore|p1a: Chi-Yu\n|-status|p1a: Chi-Yu|slp|[from] move: Spore\n|\n|upkeep\n|turn|3\n|inactive|carmixxx has 30 seconds left.\n|\n|t:|1681949279\n|move|p2b: Amoonguss|Rage Powder|p2b: Amoonguss\n|-singleturn|p2b: Amoonguss|move: Rage Powder\n|cant|p1a: Chi-Yu|slp\n|move|p1b: Hydreigon|Draco Meteor|p2b: Amoonguss\n|-damage|p2b: Amoonguss|34\/100\n|-unboost|p1b: Hydreigon|spa|2\n|-enditem|p2b: Amoonguss|Sitrus Berry|[eat]\n|-heal|p2b: Amoonguss|58\/100|[from] item: Sitrus Berry\n|move|p2a: Chien-Pao|Ice Spinner|p1b: Hydreigon\n|-damage|p1b: Hydreigon|39\/100\n|-enditem|p1b: Hydreigon|Sitrus Berry|[eat]\n|-heal|p1b: Hydreigon|64\/100|[from] item: Sitrus Berry\n|\n|upkeep\n|turn|4\n|\n|t:|1681949298\n|switch|p1b: Indeedee|Indeedee-F, L50, F|38\/100\n|-fieldstart|move: Psychic Terrain|[from] ability: Psychic Surge|[of] p1b: Indeedee\n|switch|p2b: Arcanine|Arcanine, L50, F, shiny|100\/100\n|-ability|p2b: Arcanine|Intimidate|boost\n|-unboost|p1a: Chi-Yu|atk|1\n|-unboost|p1b: Indeedee|atk|1\n|-curestatus|p1a: Chi-Yu|slp|[msg]\n|move|p1a: Chi-Yu|Lava Plume|p2b: Arcanine|[spread] p1b,p2a,p2b\n|-supereffective|p2a: Chien-Pao\n|-resisted|p2b: Arcanine\n|-damage|p1b: Indeedee|2\/100\n|-enditem|p2a: Chien-Pao|Focus Sash\n|-damage|p2a: Chien-Pao|1\/100\n|-damage|p2b: Arcanine|81\/100\n|move|p2a: Chien-Pao|Ice Spinner|p1b: Indeedee\n|-damage|p1b: Indeedee|0 fnt\n|-fieldend|move: Psychic Terrain\n|faint|p1b: Indeedee\n|\n|upkeep\n|\n|t:|1681949313\n|switch|p1b: Dachsbun|Dachsbun, L50, M|100\/100\n|turn|5\n|inactive|decerk has 30 seconds left.\n|\n|t:|1681949340\n|move|p2a: Chien-Pao|Protect|p2a: Chien-Pao\n|-singleturn|p2a: Chien-Pao|Protect\n|move|p2b: Arcanine|Extreme Speed|p1a: Chi-Yu\n|-damage|p1a: Chi-Yu|52\/100\n|move|p1a: Chi-Yu|Lava Plume|p2b: Arcanine|[spread] p2b\n|-activate|p2a: Chien-Pao|move: Protect\n|-ability|p1b: Dachsbun|Well-Baked Body|boost\n|-boost|p1b: Dachsbun|def|2\n|-resisted|p2b: Arcanine\n|-damage|p2b: Arcanine|64\/100\n|move|p1b: Dachsbun|Yawn|p2a: Chien-Pao\n|-activate|p2a: Chien-Pao|move: Protect\n|\n|-sideend|p1: carmixxx|move: Tailwind\n|upkeep\n|turn|6\n|inactive|carmixxx has 30 seconds left.\n|inactive|decerk has 30 seconds left.\n|inactive|carmixxx has 20 seconds left.\n|inactive|decerk has 20 seconds left.\n|inactive|carmixxx has 15 seconds left.\n|inactive|decerk has 15 seconds left.\n|\n|t:|1681949384\n|move|p2b: Arcanine|Extreme Speed|p1a: Chi-Yu\n|-damage|p1a: Chi-Yu|12\/100\n|move|p2a: Chien-Pao|Ice Spinner|p1b: Dachsbun\n|-damage|p1b: Dachsbun|74\/100\n|move|p1a: Chi-Yu|Lava Plume|p2b: Arcanine|[spread] p2a,p2b\n|-ability|p1b: Dachsbun|Well-Baked Body|boost\n|-boost|p1b: Dachsbun|def|2\n|-supereffective|p2a: Chien-Pao\n|-resisted|p2b: Arcanine\n|-damage|p2a: Chien-Pao|0 fnt\n|-damage|p2b: Arcanine|45\/100\n|faint|p2a: Chien-Pao\n|move|p1b: Dachsbun|Body Press|p2b: Arcanine\n|-damage|p2b: Arcanine|0 fnt\n|faint|p2b: Arcanine\n|\n|-heal|p1b: Dachsbun|80\/100|[from] item: Leftovers\n|upkeep\n|\n|t:|1681949404\n|switch|p2a: Amoonguss|Amoonguss, L50, F, shiny|91\/100\n|switch|p2b: Dragonite|Dragonite, L50, F, shiny|100\/100\n|turn|7\n|inactive|carmixxx has 30 seconds left.\n|\n|t:|1681949431\n|switch|p1a: Hydreigon|Hydreigon, L50, M, tera:Electric|64\/100\n|move|p2b: Dragonite|Extreme Speed|p1a: Hydreigon\n|-damage|p1a: Hydreigon|5\/100\n|move|p1b: Dachsbun|Body Press|p2a: Amoonguss\n|-resisted|p2a: Amoonguss\n|-damage|p2a: Amoonguss|58\/100\n|move|p2a: Amoonguss|Spore|p1b: Dachsbun\n|-status|p1b: Dachsbun|slp|[from] move: Spore\n|\n|-heal|p1b: Dachsbun|86\/100 slp|[from] item: Leftovers\n|upkeep\n|turn|8\n|\n|t:|1681949454\n|-terastallize|p2b: Dragonite|Normal\n|move|p1a: Hydreigon|Protect|p1a: Hydreigon\n|-singleturn|p1a: Hydreigon|Protect\n|move|p2b: Dragonite|Extreme Speed|p1b: Dachsbun\n|-damage|p1b: Dachsbun|64\/100 slp\n|cant|p1b: Dachsbun|slp\n|move|p2a: Amoonguss|Pollen Puff|p1a: Hydreigon\n|-activate|p1a: Hydreigon|move: Protect\n|\n|-heal|p1b: Dachsbun|70\/100 slp|[from] item: Leftovers\n|upkeep\n|turn|9\n|\n|t:|1681949473\n|move|p2b: Dragonite|Extreme Speed|p1b: Dachsbun\n|-damage|p1b: Dachsbun|49\/100 slp\n|move|p1a: Hydreigon|Tailwind|p1a: Hydreigon\n|-sidestart|p1: carmixxx|move: Tailwind\n|cant|p1b: Dachsbun|slp\n|move|p2a: Amoonguss|Pollen Puff|p1a: Hydreigon\n|-damage|p1a: Hydreigon|0 fnt\n|faint|p1a: Hydreigon\n|\n|-heal|p1b: Dachsbun|55\/100 slp|[from] item: Leftovers\n|upkeep\n|\n|t:|1681949479\n|switch|p1a: Chi-Yu|Chi-Yu, L50|12\/100\n|-ability|p1a: Chi-Yu|Beads of Ruin\n|turn|10\n|\n|t:|1681949494\n|move|p2b: Dragonite|Extreme Speed|p1a: Chi-Yu\n|-damage|p1a: Chi-Yu|0 fnt\n|faint|p1a: Chi-Yu\n|move|p2a: Amoonguss|Rage Powder|p2a: Amoonguss\n|-singleturn|p2a: Amoonguss|move: Rage Powder\n|cant|p1b: Dachsbun|slp\n|\n|-heal|p1b: Dachsbun|61\/100 slp|[from] item: Leftovers\n|upkeep\n|turn|11\n|\n|t:|1681949510\n|-curestatus|p1b: Dachsbun|slp|[msg]\n|move|p1b: Dachsbun|Protect|p1b: Dachsbun\n|-singleturn|p1b: Dachsbun|Protect\n|move|p2b: Dragonite|Extreme Speed|p1b: Dachsbun\n|-activate|p1b: Dachsbun|move: Protect\n|move|p2a: Amoonguss|Rage Powder|p2a: Amoonguss\n|-singleturn|p2a: Amoonguss|move: Rage Powder\n|\n|-heal|p1b: Dachsbun|68\/100|[from] item: Leftovers\n|upkeep\n|turn|12\n|\n|t:|1681949531\n|move|p2b: Dragonite|Extreme Speed|p1b: Dachsbun\n|-damage|p1b: Dachsbun|42\/100\n|move|p2a: Amoonguss|Rage Powder|p2a: Amoonguss\n|-singleturn|p2a: Amoonguss|move: Rage Powder\n|move|p1b: Dachsbun|Yawn|p2a: Amoonguss\n|-start|p2a: Amoonguss|move: Yawn|[of] p1b: Dachsbun\n|\n|-heal|p1b: Dachsbun|48\/100|[from] item: Leftovers\n|-sideend|p1: carmixxx|move: Tailwind\n|upkeep\n|turn|13\n|\n|t:|1681949547\n|move|p1b: Dachsbun|Protect|p1b: Dachsbun\n|-singleturn|p1b: Dachsbun|Protect\n|move|p2b: Dragonite|Extreme Speed|p1b: Dachsbun\n|-activate|p1b: Dachsbun|move: Protect\n|move|p2a: Amoonguss|Rage Powder|p2a: Amoonguss\n|-singleturn|p2a: Amoonguss|move: Rage Powder\n|\n|-heal|p1b: Dachsbun|54\/100|[from] item: Leftovers\n|-end|p2a: Amoonguss|move: Yawn|[silent]\n|-status|p2a: Amoonguss|slp\n|upkeep\n|turn|14\n|\n|t:|1681949560\n|move|p2b: Dragonite|Extreme Speed|p1b: Dachsbun\n|-damage|p1b: Dachsbun|30\/100\n|cant|p2a: Amoonguss|slp\n|move|p1b: Dachsbun|Body Press|p2b: Dragonite\n|-supereffective|p2b: Dragonite\n|-damage|p2b: Dragonite|40\/100\n|\n|-heal|p1b: Dachsbun|36\/100|[from] item: Leftovers\n|upkeep\n|turn|15\n|\n|t:|1681949574\n|move|p1b: Dachsbun|Body Press|p2b: Dragonite\n|-supereffective|p2b: Dragonite\n|-damage|p2b: Dragonite|0 fnt\n|faint|p2b: Dragonite\n|cant|p2a: Amoonguss|slp\n|\n|-heal|p1b: Dachsbun|43\/100|[from] item: Leftovers\n|upkeep\n|turn|16\n|inactive|carmixxx has 30 seconds left.\n|\n|t:|1681949599\n|move|p1b: Dachsbun|Body Press|p2a: Amoonguss\n|-resisted|p2a: Amoonguss\n|-damage|p2a: Amoonguss|24\/100 slp\n|cant|p2a: Amoonguss|slp\n|\n|-heal|p1b: Dachsbun|49\/100|[from] item: Leftovers\n|upkeep\n|turn|17\n|\n|t:|1681949606\n|move|p1b: Dachsbun|Protect|p1b: Dachsbun\n|-singleturn|p1b: Dachsbun|Protect\n|-curestatus|p2a: Amoonguss|slp|[msg]\n|move|p2a: Amoonguss|Pollen Puff|p1b: Dachsbun\n|-activate|p1b: Dachsbun|move: Protect\n|\n|-heal|p1b: Dachsbun|55\/100|[from] item: Leftovers\n|upkeep\n|turn|18\n|c|\u2606carmixxx|gg\n|\n|t:|1681949616\n|move|p1b: Dachsbun|Body Press|p2a: Amoonguss\n|-resisted|p2a: Amoonguss\n|-damage|p2a: Amoonguss|0 fnt\n|faint|p2a: Amoonguss\n|\n|win|carmixxx\n|raw|carmixxx's rating: 1008 → 1058<\/strong> (+50 for winning)\n|raw|decerk's rating: 1114 → 1082<\/strong> (-32 for losing)\n|c|\u2606carmixxx|nice\n","uploadtime":1681949626,"views":17,"p1id":"carmixxx","p2id":"decerk","formatid":"gen9vgc2023regulationc","rating":1058,"private":0,"password":""}