{"id":"gen9vgc2023regulationc-1859681447","p1":"chin8","p2":"GiovanniLor","format":"[Gen 9] VGC 2023 Regulation C","log":"|j|\u2606chin8\n|j|\u2606GiovanniLor\n|t:|1683555620\n|gametype|doubles\n|player|p1|chin8|gentleman-gen4dp|1562\n|player|p2|GiovanniLor|102|1516\n|teamsize|p1|6\n|teamsize|p2|6\n|gen|9\n|tier|[Gen 9] VGC 2023 Regulation C\n|rated|\n|rule|Species Clause: Limit one of each Pok\u00e9mon\n|rule|Item Clause: Limit one of each item\n|clearpoke\n|poke|p1|Masquerain, L50, M|\n|poke|p1|Annihilape, L50, M|\n|poke|p1|Rotom-Wash, L50|\n|poke|p1|Ceruledge, L50, F|\n|poke|p1|Maushold, L50|\n|poke|p1|Gholdengo, L50|\n|poke|p2|Murkrow, L50, M|\n|poke|p2|Flutter Mane, L50|\n|poke|p2|Great Tusk, L50|\n|poke|p2|Amoonguss, L50, M|\n|poke|p2|Gyarados, L50, F|\n|poke|p2|Gholdengo, L50|\n|teampreview|4\n|inactive|Battle timer is ON: inactive players will automatically lose when time's up. (requested by chin8)\n|inactive|GiovanniLor has 60 seconds left.\n|inactive|GiovanniLor has 30 seconds left.\n|\n|t:|1683555703\n|start\n|switch|p1a: Spada|Ceruledge, L50, F|100\/100\n|switch|p1b: Platino|Rotom-Wash, L50|100\/100\n|switch|p2a: Murkrow|Murkrow, L50, M|100\/100\n|switch|p2b: Great Tusk|Great Tusk, L50|100\/100\n|turn|1\n|\n|t:|1683555717\n|move|p1a: Spada|Protect|p1a: Spada\n|-singleturn|p1a: Spada|Protect\n|move|p2a: Murkrow|Sunny Day|p2a: Murkrow\n|-weather|SunnyDay\n|-activate|p2b: Great Tusk|ability: Protosynthesis\n|-start|p2b: Great Tusk|protosynthesisatk\n|move|p2b: Great Tusk|Rock Slide|p1b: Platino|[spread] p1b\n|-activate|p1a: Spada|move: Protect\n|-damage|p1b: Platino|79\/100\n|cant|p1b: Platino|flinch\n|\n|-weather|SunnyDay|[upkeep]\n|upkeep\n|turn|2\n|\n|t:|1683555735\n|switch|p1a: Scudo|Maushold, L50|100\/100\n|move|p2b: Great Tusk|Rock Slide|p1b: Platino|[spread] p1a,p1b\n|-crit|p1a: Scudo\n|-damage|p1a: Scudo|51\/100\n|-damage|p1b: Platino|63\/100\n|move|p2a: Murkrow|Foul Play|p1a: Scudo\n|-damage|p1a: Scudo|21\/100\n|cant|p1b: Platino|flinch\n|\n|-weather|SunnyDay|[upkeep]\n|upkeep\n|turn|3\n|j| EnrolledAgent\n|\n|t:|1683555750\n|move|p1a: Scudo|Protect|p1a: Scudo\n|-singleturn|p1a: Scudo|Protect\n|move|p2a: Murkrow|Tailwind|p2a: Murkrow\n|-sidestart|p2: GiovanniLor|move: Tailwind\n|move|p2b: Great Tusk|Rock Slide|p1b: Platino|[spread] p1b\n|-activate|p1a: Scudo|move: Protect\n|-damage|p1b: Platino|48\/100\n|-enditem|p1b: Platino|Sitrus Berry|[eat]\n|-heal|p1b: Platino|72\/100|[from] item: Sitrus Berry\n|move|p1b: Platino|Will-O-Wisp|p2b: Great Tusk\n|-status|p2b: Great Tusk|brn\n|\n|-weather|SunnyDay|[upkeep]\n|-damage|p2b: Great Tusk|95\/100 brn|[from] brn\n|upkeep\n|turn|4\n|\n|t:|1683555768\n|move|p2b: Great Tusk|Rock Slide|p1b: Platino|[spread] p1a\n|-miss|p2b: Great Tusk|p1b: Platino\n|-damage|p1a: Scudo|5\/100\n|move|p2a: Murkrow|Foul Play|p1a: Scudo\n|-damage|p1a: Scudo|0 fnt\n|faint|p1a: Scudo\n|move|p1b: Platino|Will-O-Wisp|p2a: Murkrow\n|-status|p2a: Murkrow|brn\n|\n|-weather|SunnyDay|[upkeep]\n|-damage|p2b: Great Tusk|89\/100 brn|[from] brn\n|-damage|p2a: Murkrow|95\/100 brn|[from] brn\n|upkeep\n|\n|t:|1683555777\n|switch|p1a: Scimmia|Annihilape, L50, M|100\/100\n|turn|5\n|\n|t:|1683555791\n|-end|p2b: Great Tusk|Protosynthesis|[silent]\n|switch|p2b: Amoonguss|Amoonguss, L50, M|100\/100\n|move|p2a: Murkrow|Foul Play|p1b: Platino\n|-damage|p1b: Platino|66\/100\n|move|p1a: Scimmia|Rage Fist|p2b: Amoonguss\n|-damage|p2b: Amoonguss|82\/100\n|move|p1b: Platino|Volt Switch|p2b: Amoonguss\n|-resisted|p2b: Amoonguss\n|-damage|p2b: Amoonguss|72\/100\n|\n|t:|1683555796\n|switch|p1b: Spada|Ceruledge, L50, F|100\/100|[from] Volt Switch\n|\n|-weather|none\n|-damage|p2a: Murkrow|89\/100 brn|[from] brn\n|upkeep\n|turn|6\n|\n|t:|1683555821\n|move|p1b: Spada|Protect|p1b: Spada\n|-singleturn|p1b: Spada|Protect\n|move|p2a: Murkrow|Foul Play|p1b: Spada\n|-activate|p1b: Spada|move: Protect\n|move|p1a: Scimmia|Bulk Up|p1a: Scimmia\n|-boost|p1a: Scimmia|atk|1\n|-boost|p1a: Scimmia|def|1\n|move|p2b: Amoonguss|Spore|p1a: Scimmia\n|-immune|p1a: Scimmia|[from] ability: Vital Spirit\n|\n|-damage|p2a: Murkrow|83\/100 brn|[from] brn\n|-sideend|p2: GiovanniLor|move: Tailwind\n|upkeep\n|turn|7\n|\n|t:|1683555837\n|switch|p2b: Great Tusk|Great Tusk, L50|89\/100 brn\n|move|p2a: Murkrow|Haze|p2a: Murkrow\n|-clearallboost\n|move|p1a: Scimmia|Drain Punch|p2a: Murkrow\n|-damage|p2a: Murkrow|51\/100 brn\n|move|p1b: Spada|Bitter Blade|p2a: Murkrow\n|-damage|p2a: Murkrow|12\/100 brn\n|\n|-damage|p2b: Great Tusk|83\/100 brn|[from] brn\n|-damage|p2a: Murkrow|6\/100 brn|[from] brn\n|upkeep\n|turn|8\n|\n|t:|1683555856\n|switch|p1a: Platino|Rotom-Wash, L50|66\/100\n|move|p1b: Spada|Protect|p1b: Spada\n|-singleturn|p1b: Spada|Protect\n|move|p2a: Murkrow|Sunny Day|p2a: Murkrow\n|-weather|SunnyDay\n|-activate|p2b: Great Tusk|ability: Protosynthesis\n|-start|p2b: Great Tusk|protosynthesisatk\n|move|p2b: Great Tusk|Headlong Rush|p1b: Spada\n|-activate|p1b: Spada|move: Protect\n|\n|-weather|SunnyDay|[upkeep]\n|-damage|p2b: Great Tusk|77\/100 brn|[from] brn\n|-damage|p2a: Murkrow|0 fnt|[from] brn\n|faint|p2a: Murkrow\n|upkeep\n|\n|t:|1683555867\n|switch|p2a: Flutter Mane|Flutter Mane, L50|100\/100\n|-activate|p2a: Flutter Mane|ability: Protosynthesis\n|-start|p2a: Flutter Mane|protosynthesisspe\n|turn|9\n|\n|t:|1683555876\n|-terastallize|p2a: Flutter Mane|Fairy\n|-terastallize|p1b: Spada|Flying\n|move|p1a: Platino|Protect|p1a: Platino\n|-singleturn|p1a: Platino|Protect\n|move|p2a: Flutter Mane|Dazzling Gleam|p1b: Spada|[spread] p1b\n|-activate|p1a: Platino|move: Protect\n|-damage|p1b: Spada|53\/100\n|move|p2b: Great Tusk|Headlong Rush|p1b: Spada\n|-immune|p1b: Spada\n|move|p1b: Spada|Bitter Blade|p2a: Flutter Mane\n|-damage|p2a: Flutter Mane|2\/100\n|-heal|p1b: Spada|89\/100|[from] drain|[of] p2a: Flutter Mane\n|\n|-weather|SunnyDay|[upkeep]\n|-damage|p2b: Great Tusk|72\/100 brn|[from] brn\n|upkeep\n|turn|10\n|-message|GiovanniLor forfeited.\n|\n|win|chin8\n|raw|chin8's rating: 1562 → 1579<\/strong> (+17 for winning)\n|raw|GiovanniLor's rating: 1516 → 1499<\/strong> (-17 for losing)\n|l|\u2606GiovanniLor\n|l|\u2606chin8\n","uploadtime":1683555945,"views":5,"p1id":"chin8","p2id":"giovannilor","formatid":"gen9vgc2023regulationc","rating":1499,"private":0,"password":""}