{"id":"gen9vgc2023regulationc-1855412471","p1":"NuovoSangue","p2":"Vengeful potato","format":"[Gen 9] VGC 2023 Regulation C","log":"|j|\u2606NuovoSangue\n|j|\u2606Vengeful potato\n|t:|1682948941\n|gametype|doubles\n|player|p1|NuovoSangue|ghetsis-gen5bw|1311\n|player|p2|Vengeful potato|swimmer-gen4|1341\n|teamsize|p1|6\n|teamsize|p2|6\n|gen|9\n|tier|[Gen 9] VGC 2023 Regulation C\n|rated|\n|rule|Species Clause: Limit one of each Pok\u00e9mon\n|rule|Item Clause: Limit one of each item\n|clearpoke\n|poke|p1|Chien-Pao, L50|\n|poke|p1|Chi-Yu, L50|\n|poke|p1|Dragonite, L50, F|\n|poke|p1|Amoonguss, L50, M|\n|poke|p1|Flutter Mane, L50|\n|poke|p1|Iron Hands, L50|\n|poke|p2|Dudunsparce-*, L50, M|\n|poke|p2|Hariyama, L50, M|\n|poke|p2|Gholdengo, L50|\n|poke|p2|Salamence, L50, F|\n|poke|p2|Amoonguss, L50, F|\n|poke|p2|Drednaw, L50, M|\n|teampreview|4\n|inactive|Battle timer is ON: inactive players will automatically lose when time's up. (requested by NuovoSangue)\n|inactive|Vengeful potato has 60 seconds left.\n|\n|t:|1682948983\n|start\n|switch|p1a: Depressino|Flutter Mane, L50|100\/100\n|switch|p1b: Red army|Chi-Yu, L50|100\/100\n|switch|p2a: It\u2019s Sparcin\u2019 time|Dudunsparce, L50, M|100\/100\n|switch|p2b: THICC|Hariyama, L50, M, shiny|100\/100\n|-ability|p1b: Red army|Beads of Ruin\n|-enditem|p1a: Depressino|Booster Energy\n|-activate|p1a: Depressino|ability: Protosynthesis|[fromitem]\n|-start|p1a: Depressino|protosynthesisspe\n|turn|1\n|\n|t:|1682948999\n|move|p2b: THICC|Wide Guard|p2b: THICC\n|-singleturn|p2b: THICC|Wide Guard\n|move|p1a: Depressino|Dazzling Gleam|p2b: THICC|[spread] \n|-activate|p2a: It\u2019s Sparcin\u2019 time|move: Wide Guard\n|-activate|p2b: THICC|move: Wide Guard\n|move|p1b: Red army|Heat Wave|p2a: It\u2019s Sparcin\u2019 time|[spread] \n|-activate|p2a: It\u2019s Sparcin\u2019 time|move: Wide Guard\n|-activate|p2b: THICC|move: Wide Guard\n|move|p2a: It\u2019s Sparcin\u2019 time|Glare|p1a: Depressino\n|-status|p1a: Depressino|par\n|\n|upkeep\n|turn|2\n|\n|t:|1682949015\n|switch|p1b: Union|Chien-Pao, L50|100\/100\n|-ability|p1b: Union|Sword of Ruin\n|move|p2b: THICC|Wide Guard|p2b: THICC\n|-singleturn|p2b: THICC|Wide Guard\n|move|p1a: Depressino|Moonblast|p2b: THICC\n|-supereffective|p2b: THICC\n|-damage|p2b: THICC|10\/100\n|-enditem|p2b: THICC|Aguav Berry|[eat]\n|-heal|p2b: THICC|43\/100|[from] item: Aguav Berry\n|move|p2a: It\u2019s Sparcin\u2019 time|Glare|p1b: Union\n|-status|p1b: Union|par\n|\n|upkeep\n|turn|3\n|\n|t:|1682949039\n|-terastallize|p2b: THICC|Steel\n|move|p2b: THICC|Bullet Punch|p1a: Depressino\n|-supereffective|p1a: Depressino\n|-crit|p1a: Depressino\n|-damage|p1a: Depressino|0 fnt\n|faint|p1a: Depressino\n|-end|p1a: Depressino|Protosynthesis|[silent]\n|move|p2a: It\u2019s Sparcin\u2019 time|Rock Slide|p1b: Union\n|-supereffective|p1b: Union\n|-damage|p1b: Union|55\/100 par\n|cant|p1b: Union|flinch\n|\n|upkeep\n|\n|t:|1682949046\n|switch|p1a: Red army|Chi-Yu, L50|100\/100\n|-ability|p1a: Red army|Beads of Ruin\n|turn|4\n|\n|t:|1682949060\n|switch|p2b: Croissant|Salamence, L50, F|100\/100\n|-ability|p2b: Croissant|Intimidate|boost\n|-unboost|p1a: Red army|atk|1\n|-unboost|p1b: Union|atk|1\n|move|p1a: Red army|Flamethrower|p2b: Croissant\n|-resisted|p2b: Croissant\n|-damage|p2b: Croissant|68\/100\n|-status|p2b: Croissant|brn\n|move|p2a: It\u2019s Sparcin\u2019 time|Glare|p1a: Red army\n|-status|p1a: Red army|par\n|move|p1b: Union|Sacred Sword|p2a: It\u2019s Sparcin\u2019 time\n|-supereffective|p2a: It\u2019s Sparcin\u2019 time\n|-damage|p2a: It\u2019s Sparcin\u2019 time|57\/100\n|\n|-damage|p2b: Croissant|62\/100 brn|[from] brn\n|upkeep\n|turn|5\n|\n|t:|1682949078\n|switch|p1a: Soviet|Dragonite, L50, F|100\/100\n|switch|p2b: S.S. Anne|Drednaw, L50, M, shiny|100\/100\n|move|p2a: It\u2019s Sparcin\u2019 time|Rock Slide|p1b: Union|[spread] p1a,p1b\n|-supereffective|p1a: Soviet\n|-supereffective|p1b: Union\n|-damage|p1a: Soviet|60\/100\n|-damage|p1b: Union|22\/100 par\n|cant|p1b: Union|flinch\n|\n|upkeep\n|turn|6\n|\n|t:|1682949094\n|-terastallize|p1a: Soviet|Normal\n|move|p1a: Soviet|Extreme Speed|p2a: It\u2019s Sparcin\u2019 time\n|-damage|p2a: It\u2019s Sparcin\u2019 time|0 fnt\n|faint|p2a: It\u2019s Sparcin\u2019 time\n|cant|p1b: Union|par\n|move|p2b: S.S. Anne|Rock Slide|p1a: Soviet|[spread] p1a,p1b\n|-crit|p1a: Soviet\n|-supereffective|p1b: Union\n|-damage|p1a: Soviet|0 fnt\n|-damage|p1b: Union|0 fnt\n|faint|p1a: Soviet\n|faint|p1b: Union\n|\n|upkeep\n|-message|NuovoSangue forfeited.\n|\n|win|Vengeful potato\n|raw|NuovoSangue's rating: 1311 → 1293<\/strong> (-18 for losing)\n|raw|Vengeful potato's rating: 1341 → 1359<\/strong> (+18 for winning)\n|l|\u2606NuovoSangue\n|c|\u2606Vengeful potato|Ggs\n","uploadtime":1682949110,"views":14,"p1id":"nuovosangue","p2id":"vengefulpotato","formatid":"gen9vgc2023regulationc","rating":1293,"private":0,"password":""}