{"id":"gen9vgc2023regulationc-1846681241","p1":"idontknow25","p2":"mathtass","format":"[Gen 9] VGC 2023 Regulation C","log":"|j|\u2606idontknow25\n|j|\u2606mathtass\n|t:|1681865194\n|gametype|doubles\n|player|p1|idontknow25|101|\n|player|p2|mathtass|170|\n|teamsize|p1|6\n|teamsize|p2|6\n|gen|9\n|tier|[Gen 9] VGC 2023 Regulation C\n|rated|Tournament battle\n|rule|Species Clause: Limit one of each Pok\u00e9mon\n|rule|Item Clause: Limit one of each item\n|clearpoke\n|poke|p1|Chi-Yu, L50|\n|poke|p1|Talonflame, L50, M|\n|poke|p1|Kingambit, L50, M|\n|poke|p1|Flutter Mane, L50|\n|poke|p1|Gyarados, L50, F|\n|poke|p1|Garchomp, L50, M|\n|poke|p2|Amoonguss, L50, F|\n|poke|p2|Chi-Yu, L50|\n|poke|p2|Arcanine, L50, F|\n|poke|p2|Dragonite, L50, M|\n|poke|p2|Flutter Mane, L50|\n|poke|p2|Iron Hands, L50|\n|teampreview|4\n|raw| Open Team Sheet for idontknow25<\/summary>Chi-Yu @ Life Orb Ability: Beads of Ruin Level: 50 Tera Type: Flying - Heat Wave - Dark Pulse - Overheat - Protect Talonflame @ Covert Cloak Ability: Gale Wings Level: 50 Shiny: Yes Tera Type: Ghost - Tailwind - Will-O-Wisp - Brave Bird - Quick Guard Kingambit @ Assault Vest Ability: Defiant Level: 50 Tera Type: Fairy - Tera Blast - Sucker Punch - Kowtow Cleave - Iron Head Flutter Mane @ Choice Specs Ability: Protosynthesis Level: 50 Tera Type: Water - Dazzling Gleam - Moonblast - Shadow Ball - Power Gem Gyarados @ Safety Goggles Ability: Intimidate Level: 50 Shiny: Yes Tera Type: Steel - Waterfall - Thunder Wave - Taunt - Helping Hand Garchomp @ Choice Scarf Ability: Rough Skin Level: 50 Shiny: Yes Tera Type: Steel - Earthquake - Stomping Tantrum - Dragon Claw - Iron Head <\/details><\/div> Open Team Sheet for mathtass<\/summary>Amoonguss (F) @ Leftovers Ability: Regenerator Level: 50 Shiny: Yes Tera Type: Water - Pollen Puff - Rage Powder - Spore - Clear Smog Chi-Yu @ Life Orb Ability: Beads of Ruin Level: 50 Tera Type: Grass - Protect - Heat Wave - Snarl - Dark Pulse Arcanine @ Sitrus Berry Ability: Intimidate Level: 50 Tera Type: Flying - Flare Blitz - Snarl - Will-O-Wisp - Protect Dragonite @ Choice Band Ability: Inner Focus Level: 50 Tera Type: Normal - Extreme Speed - Stomping Tantrum - Ice Spinner - Dragon Claw Flutter Mane @ Focus Sash Ability: Protosynthesis Level: 50 Tera Type: Fairy - Protect - Moonblast - Dazzling Gleam - Shadow Ball Iron Hands @ Safety Goggles Ability: Quark Drive Level: 50 Shiny: Yes Tera Type: Fire - Drain Punch - Wild Charge - Swords Dance - Protect <\/details><\/div>\n|j| itsmoocher\n|inactive|Battle timer is ON: inactive players will automatically lose when time's up. (requested by idontknow25)\n|j| PalafinPunch18\n|\n|t:|1681865230\n|start\n|switch|p1a: Gyarados|Gyarados, L50, F, shiny|100\/100\n|switch|p1b: Flutter Mane|Flutter Mane, L50|100\/100\n|switch|p2a: Arcanine|Arcanine, L50, F|100\/100\n|switch|p2b: Dragonite|Dragonite, L50, M|100\/100\n|-ability|p2a: Arcanine|Intimidate|boost\n|-unboost|p1a: Gyarados|atk|1\n|-unboost|p1b: Flutter Mane|atk|1\n|-ability|p1a: Gyarados|Intimidate|boost\n|-unboost|p2a: Arcanine|atk|1\n|-fail|p2b: Dragonite|unboost|Attack|[from] ability: Inner Focus|[of] p2b: Dragonite\n|turn|1\n|j|+TheLoanRanger\n|j| Tenseigt\n|inactive|mathtass has 30 seconds left.\n|\n|t:|1681865266\n|-terastallize|p2b: Dragonite|Normal\n|move|p2a: Arcanine|Protect|p2a: Arcanine\n|-singleturn|p2a: Arcanine|Protect\n|move|p2b: Dragonite|Extreme Speed|p1a: Gyarados\n|-damage|p1a: Gyarados|21\/100\n|move|p1b: Flutter Mane|Dazzling Gleam|p2a: Arcanine|[spread] p2b\n|-activate|p2a: Arcanine|move: Protect\n|-damage|p2b: Dragonite|49\/100\n|move|p1a: Gyarados|Waterfall|p2a: Arcanine\n|-activate|p2a: Arcanine|move: Protect\n|\n|upkeep\n|turn|2\n|j|%Eeveon7\u2764\n|\n|t:|1681865284\n|move|p1a: Gyarados|Helping Hand|p1b: Flutter Mane\n|-singleturn|p1b: Flutter Mane|Helping Hand|[of] p1a: Gyarados\n|move|p2b: Dragonite|Extreme Speed|p1a: Gyarados\n|-damage|p1a: Gyarados|0 fnt\n|faint|p1a: Gyarados\n|move|p1b: Flutter Mane|Dazzling Gleam|p2a: Arcanine|[spread] p2a,p2b\n|-resisted|p2a: Arcanine\n|-damage|p2a: Arcanine|64\/100\n|-damage|p2b: Dragonite|0 fnt\n|faint|p2b: Dragonite\n|move|p2a: Arcanine|Flare Blitz|p1b: Flutter Mane\n|-damage|p1b: Flutter Mane|29\/100\n|-damage|p2a: Arcanine|48\/100|[from] Recoil\n|-enditem|p2a: Arcanine|Sitrus Berry|[eat]\n|-heal|p2a: Arcanine|73\/100|[from] item: Sitrus Berry\n|\n|upkeep\n|j| Radio Free C-Side\n|\n|t:|1681865302\n|switch|p1a: Chi-Yu|Chi-Yu, L50|100\/100\n|switch|p2b: Flutter Mane|Flutter Mane, L50|100\/100\n|-ability|p1a: Chi-Yu|Beads of Ruin\n|turn|3\n|\n|t:|1681865313\n|move|p2b: Flutter Mane|Dazzling Gleam|p1b: Flutter Mane|[spread] p1a,p1b\n|-damage|p1a: Chi-Yu|68\/100\n|-damage|p1b: Flutter Mane|0 fnt\n|faint|p1b: Flutter Mane\n|-end|p1b: Flutter Mane|Protosynthesis|[silent]\n|move|p2a: Arcanine|Snarl|p1a: Chi-Yu\n|-resisted|p1a: Chi-Yu\n|-damage|p1a: Chi-Yu|63\/100\n|-unboost|p1a: Chi-Yu|spa|1\n|move|p1a: Chi-Yu|Overheat|p2b: Flutter Mane\n|-damage|p2b: Flutter Mane|7\/100\n|-unboost|p1a: Chi-Yu|spa|2\n|-damage|p1a: Chi-Yu|53\/100|[from] item: Life Orb\n|\n|upkeep\n|\n|t:|1681865318\n|switch|p1b: Garchomp|Garchomp, L50, M, shiny|100\/100\n|turn|4\n|\n|t:|1681865330\n|-terastallize|p1a: Chi-Yu|Flying\n|move|p2b: Flutter Mane|Protect|p2b: Flutter Mane\n|-singleturn|p2b: Flutter Mane|Protect\n|move|p2a: Arcanine|Protect|p2a: Arcanine\n|-singleturn|p2a: Arcanine|Protect\n|move|p1b: Garchomp|Earthquake|p2a: Arcanine|[spread] \n|-activate|p2a: Arcanine|move: Protect\n|-activate|p2b: Flutter Mane|move: Protect\n|-immune|p1a: Chi-Yu\n|move|p1a: Chi-Yu|Dark Pulse|p2a: Arcanine\n|-activate|p2a: Arcanine|move: Protect\n|\n|upkeep\n|turn|5\n|\n|t:|1681865346\n|move|p1b: Garchomp|Earthquake|p2b: Flutter Mane|[spread] p2a,p2b\n|-immune|p1a: Chi-Yu\n|-supereffective|p2a: Arcanine\n|-damage|p2a: Arcanine|0 fnt\n|-damage|p2b: Flutter Mane|0 fnt\n|faint|p2a: Arcanine\n|faint|p2b: Flutter Mane\n|-end|p2b: Flutter Mane|Protosynthesis|[silent]\n|move|p1a: Chi-Yu|Dark Pulse|p2: Arcanine|[notarget]\n|-fail|p1a: Chi-Yu\n|\n|upkeep\n|\n|t:|1681865350\n|switch|p2b: Iron Hands|Iron Hands, L50, shiny|100\/100\n|turn|6\n|\n|t:|1681865361\n|move|p1b: Garchomp|Earthquake|p2b: Iron Hands|[spread] p2b\n|-immune|p1a: Chi-Yu\n|-supereffective|p2b: Iron Hands\n|-damage|p2b: Iron Hands|43\/100\n|move|p1a: Chi-Yu|Overheat|p2b: Iron Hands\n|-damage|p2b: Iron Hands|4\/100\n|-unboost|p1a: Chi-Yu|spa|2\n|-damage|p1a: Chi-Yu|43\/100|[from] item: Life Orb\n|move|p2b: Iron Hands|Drain Punch|p1b: Garchomp\n|-damage|p1b: Garchomp|59\/100\n|-heal|p2b: Iron Hands|21\/100|[from] drain|[of] p1b: Garchomp\n|-damage|p2b: Iron Hands|8\/100|[from] ability: Rough Skin|[of] p1b: Garchomp\n|\n|upkeep\n|turn|7\n|\n|t:|1681865375\n|move|p1b: Garchomp|Earthquake|p2b: Iron Hands|[spread] p2b\n|-immune|p1a: Chi-Yu\n|-supereffective|p2b: Iron Hands\n|-damage|p2b: Iron Hands|0 fnt\n|faint|p2b: Iron Hands\n|-end|p2b: Iron Hands|Quark Drive|[silent]\n|\n|win|idontknow25\n|n|\u2606idontknow25|idontknow25\n|n|\u2606mathtass|mathtass\n|n| itsmoocher|itsmoocher\n|n| PalafinPunch18|palafinpunch18\n|n| TheLoanRanger|theloanranger\n|n| Tenseigt|tenseigt\n|n|+Eeveon7\u2764|eeveon7\n|n| Radio Free C-Side|radiofreecside\n","uploadtime":1681865377,"views":13,"p1id":"idontknow25","p2id":"mathtass","formatid":"gen9vgc2023regulationc","rating":0,"private":0,"password":""}