{"id":"gen9vgc2023regulationc-1845109497","p1":"Ricardo Randorez","p2":"Hashitashimaru","format":"[Gen 9] VGC 2023 Regulation C","log":"|j|\u2606Ricardo Randorez\n|j|\u2606Hashitashimaru\n|t:|1681684632\n|gametype|doubles\n|player|p1|Ricardo Randorez|170|1172\n|player|p2|Hashitashimaru|drayden|1090\n|teamsize|p1|6\n|teamsize|p2|6\n|gen|9\n|tier|[Gen 9] VGC 2023 Regulation C\n|rated|\n|rule|Species Clause: Limit one of each Pok\u00e9mon\n|rule|Item Clause: Limit one of each item\n|clearpoke\n|poke|p1|Arcanine, L50, M|\n|poke|p1|Gyarados, L50, M|\n|poke|p1|Flutter Mane, L50|\n|poke|p1|Volcarona, L50, M|\n|poke|p1|Dragonite, L50, F|\n|poke|p1|Ting-Lu, L50|\n|poke|p2|Grimmsnarl, L50, M|\n|poke|p2|Great Tusk, L50|\n|poke|p2|Arcanine, L50, M|\n|poke|p2|Corviknight, L50, M|\n|poke|p2|Tyranitar, L50, M|\n|poke|p2|Clawitzer, L50, M|\n|teampreview|4\n|inactive|Battle timer is ON: inactive players will automatically lose when time's up. (requested by Hashitashimaru)\n|inactive|Hashitashimaru has 60 seconds left.\n|inactive|Hashitashimaru has 30 seconds left.\n|\n|t:|1681684700\n|start\n|switch|p1a: Volcarona|Volcarona, L50, M|100\/100\n|switch|p1b: Gyarados|Gyarados, L50, M|100\/100\n|switch|p2a: Orcbolg|Grimmsnarl, L50, M|100\/100\n|switch|p2b: Federer|Clawitzer, L50, M, shiny|100\/100\n|turn|1\n|inactive|Hashitashimaru has 30 seconds left.\n|\n|t:|1681684730\n|move|p2b: Federer|Protect|p2b: Federer\n|-singleturn|p2b: Federer|Protect\n|move|p1a: Volcarona|Rage Powder|p1a: Volcarona\n|-singleturn|p1a: Volcarona|move: Rage Powder\n|move|p2a: Orcbolg|Flatter|p1a: Volcarona\n|-boost|p1a: Volcarona|spa|1\n|-enditem|p2b: Federer|Mirror Herb\n|-boost|p2b: Federer|spa|1|[from] item: Mirror Herb\n|-start|p1a: Volcarona|confusion\n|move|p1b: Gyarados|Dragon Dance|p1b: Gyarados\n|-boost|p1b: Gyarados|atk|1\n|-boost|p1b: Gyarados|spe|1\n|\n|upkeep\n|turn|2\n|\n|t:|1681684753\n|move|p1b: Gyarados|Protect|p1b: Gyarados\n|-singleturn|p1b: Gyarados|Protect\n|move|p2a: Orcbolg|Reflect|p2a: Orcbolg\n|-sidestart|p2: Hashitashimaru|Reflect\n|-activate|p1a: Volcarona|confusion\n|-damage|p1a: Volcarona|95\/100|[from] confusion\n|move|p2b: Federer|Muddy Water|p1b: Gyarados|[spread] p1a\n|-activate|p1b: Gyarados|move: Protect\n|-supereffective|p1a: Volcarona\n|-damage|p1a: Volcarona|13\/100\n|\n|upkeep\n|turn|3\n|inactive|Ricardo Randorez has 30 seconds left.\n|\n|t:|1681684779\n|move|p2a: Orcbolg|Light Screen|p2a: Orcbolg\n|-sidestart|p2: Hashitashimaru|move: Light Screen\n|move|p1b: Gyarados|Waterfall|p2b: Federer\n|-resisted|p2b: Federer\n|-damage|p2b: Federer|74\/100\n|-activate|p1a: Volcarona|confusion\n|move|p1a: Volcarona|Struggle Bug|p2a: Orcbolg|[spread] p2a,p2b\n|-damage|p2a: Orcbolg|81\/100\n|-damage|p2b: Federer|55\/100\n|-unboost|p2a: Orcbolg|spa|1\n|-unboost|p2b: Federer|spa|1\n|move|p2b: Federer|Muddy Water|p1b: Gyarados|[spread] p1a,p1b\n|-supereffective|p1a: Volcarona\n|-resisted|p1b: Gyarados\n|-damage|p1a: Volcarona|0 fnt\n|-damage|p1b: Gyarados|86\/100\n|faint|p1a: Volcarona\n|\n|upkeep\n|\n|t:|1681684797\n|switch|p1a: Arcanine|Arcanine, L50, M|100\/100\n|-ability|p1a: Arcanine|Intimidate|boost\n|-unboost|p2a: Orcbolg|atk|1\n|-unboost|p2b: Federer|atk|1\n|turn|4\n|\n|t:|1681684820\n|switch|p2a: Clifford|Arcanine, L50, M|100\/100\n|-ability|p2a: Clifford|Intimidate|boost\n|-unboost|p1a: Arcanine|atk|1\n|-fail|p1b: Gyarados|unboost|[from] item: Clear Amulet|[of] p1b: Gyarados\n|-terastallize|p1a: Arcanine|Normal\n|move|p1b: Gyarados|Waterfall|p2a: Clifford\n|-supereffective|p2a: Clifford\n|-crit|p2a: Clifford\n|-damage|p2a: Clifford|0 fnt\n|faint|p2a: Clifford\n|-ability|p1b: Gyarados|Moxie|boost\n|-boost|p1b: Gyarados|atk|1\n|move|p1a: Arcanine|Howl|p1a: Arcanine|[spread] p1a,p1b\n|-boost|p1a: Arcanine|atk|1\n|-boost|p1b: Gyarados|atk|1\n|move|p2b: Federer|Muddy Water|p1a: Arcanine|[spread] p1b\n|-miss|p2b: Federer|p1a: Arcanine\n|-resisted|p1b: Gyarados\n|-damage|p1b: Gyarados|70\/100\n|\n|upkeep\n|\n|t:|1681684841\n|switch|p2a: Gucci Godzilla|Tyranitar, L50, M|100\/100\n|-weather|Sandstorm|[from] ability: Sand Stream|[of] p2a: Gucci Godzilla\n|turn|5\n|inactive|Hashitashimaru has 30 seconds left.\n|inactive|Hashitashimaru has 20 seconds left.\n|\n|t:|1681684879\n|move|p2b: Federer|Protect|p2b: Federer\n|-singleturn|p2b: Federer|Protect\n|move|p1a: Arcanine|Extreme Speed|p2b: Federer\n|-activate|p2b: Federer|move: Protect\n|move|p1b: Gyarados|Waterfall|p2a: Gucci Godzilla\n|-supereffective|p2a: Gucci Godzilla\n|-damage|p2a: Gucci Godzilla|0 fnt\n|faint|p2a: Gucci Godzilla\n|-ability|p1b: Gyarados|Moxie|boost\n|-boost|p1b: Gyarados|atk|1\n|\n|-weather|Sandstorm|[upkeep]\n|-damage|p1b: Gyarados|64\/100|[from] Sandstorm\n|-damage|p2b: Federer|49\/100|[from] Sandstorm\n|upkeep\n|\n|t:|1681684890\n|switch|p2a: Orcbolg|Grimmsnarl, L50, M|81\/100\n|turn|6\n|\n|t:|1681684899\n|move|p1a: Arcanine|Extreme Speed|p2b: Federer\n|-crit|p2b: Federer\n|-damage|p2b: Federer|0 fnt\n|faint|p2b: Federer\n|move|p2a: Orcbolg|Flatter|p1b: Gyarados\n|-boost|p1b: Gyarados|spa|1\n|-start|p1b: Gyarados|confusion\n|-activate|p1b: Gyarados|confusion\n|move|p1b: Gyarados|Waterfall|p2a: Orcbolg\n|-damage|p2a: Orcbolg|0 fnt\n|faint|p2a: Orcbolg\n|\n|win|Ricardo Randorez\n|raw|Ricardo Randorez's rating: 1172 → 1191<\/strong> (+19 for winning)\n|raw|Hashitashimaru's rating: 1090 → 1072<\/strong> (-18 for losing)\n|l|\u2606Hashitashimaru\n","uploadtime":1681684914,"views":13,"p1id":"ricardorandorez","p2id":"hashitashimaru","formatid":"gen9vgc2023regulationc","rating":1072,"private":0,"password":""}