{"id":"gen9vgc2023regulationc-1849677283","p1":"Picaro7","p2":"Psylian","format":"[Gen 9] VGC 2023 Regulation C","log":"|j|\u2606Picaro7\n|j|\u2606Psylian\n|t:|1682230500\n|gametype|doubles\n|player|p1|Picaro7|gambler|1130\n|player|p2|Psylian|lucian|1068\n|teamsize|p1|6\n|teamsize|p2|6\n|gen|9\n|tier|[Gen 9] VGC 2023 Regulation C\n|rated|\n|rule|Species Clause: Limit one of each Pok\u00e9mon\n|rule|Item Clause: Limit one of each item\n|clearpoke\n|poke|p1|Gyarados, L50, F|\n|poke|p1|Lucario, L50, M|\n|poke|p1|Tyranitar, L50, M|\n|poke|p1|Dragapult, L50, F|\n|poke|p1|Scream Tail, L50|\n|poke|p1|Murkrow, L50, F|\n|poke|p2|Wo-Chien, L50|\n|poke|p2|Flutter Mane, L50|\n|poke|p2|Amoonguss, L50, F|\n|poke|p2|Roaring Moon, L50|\n|poke|p2|Torkoal, L50, F|\n|poke|p2|Great Tusk, L50|\n|teampreview|4\n|\n|t:|1682230545\n|start\n|switch|p1a: Scream Tail|Scream Tail, L50|100\/100\n|switch|p1b: Dragapult|Dragapult, L50, F, shiny|100\/100\n|switch|p2a: Torkoal|Torkoal, L50, F|100\/100\n|switch|p2b: Roaring Moon|Roaring Moon, L50|100\/100\n|-weather|SunnyDay|[from] ability: Drought|[of] p2a: Torkoal\n|-activate|p2b: Roaring Moon|ability: Protosynthesis\n|-start|p2b: Roaring Moon|protosynthesisspe\n|-activate|p1a: Scream Tail|ability: Protosynthesis\n|-start|p1a: Scream Tail|protosynthesisspe\n|turn|1\n|\n|t:|1682230599\n|-terastallize|p2b: Roaring Moon|Fire\n|move|p2b: Roaring Moon|Tailwind|p2b: Roaring Moon\n|-sidestart|p2: Psylian|move: Tailwind\n|move|p1a: Scream Tail|Thunder Wave|p2b: Roaring Moon\n|-status|p2b: Roaring Moon|par\n|move|p1b: Dragapult|U-turn|p2b: Roaring Moon\n|-resisted|p2b: Roaring Moon\n|-damage|p2b: Roaring Moon|88\/100 par\n|\n|t:|1682230620\n|switch|p1b: Tyranitar|Tyranitar, L50, M|100\/100|[from] U-turn\n|-ability|p1b: Tyranitar|Unnerve\n|move|p2a: Torkoal|Eruption|p1b: Tyranitar|[spread] p1a,p1b\n|-resisted|p1b: Tyranitar\n|-damage|p1a: Scream Tail|57\/100\n|-damage|p1b: Tyranitar|80\/100\n|\n|-weather|SunnyDay|[upkeep]\n|upkeep\n|turn|2\n|\n|t:|1682230661\n|move|p2b: Roaring Moon|Iron Head|p1a: Scream Tail\n|-supereffective|p1a: Scream Tail\n|-damage|p1a: Scream Tail|12\/100\n|move|p1a: Scream Tail|Disable|p2a: Torkoal\n|-start|p2a: Torkoal|Disable|Eruption\n|move|p1b: Tyranitar|Rock Slide|p2a: Torkoal|[spread] p2a,p2b\n|-supereffective|p2a: Torkoal\n|-supereffective|p2b: Roaring Moon\n|-damage|p2a: Torkoal|44\/100\n|-damage|p2b: Roaring Moon|20\/100 par\n|cant|p2a: Torkoal|flinch\n|\n|-weather|SunnyDay|[upkeep]\n|upkeep\n|turn|3\n|\n|t:|1682230689\n|move|p1a: Scream Tail|Protect|p1a: Scream Tail\n|-singleturn|p1a: Scream Tail|Protect\n|cant|p2b: Roaring Moon|par\n|move|p1b: Tyranitar|Rock Slide|p2a: Torkoal|[spread] p2a,p2b\n|-supereffective|p2a: Torkoal\n|-supereffective|p2b: Roaring Moon\n|-damage|p2a: Torkoal|0 fnt\n|-damage|p2b: Roaring Moon|0 fnt\n|faint|p2a: Torkoal\n|faint|p2b: Roaring Moon\n|-end|p2b: Roaring Moon|Protosynthesis|[silent]\n|\n|-weather|SunnyDay|[upkeep]\n|upkeep\n|\n|t:|1682230700\n|switch|p2b: Flutter Mane|Flutter Mane, L50|100\/100\n|switch|p2a: Amoonguss|Amoonguss, L50, F|100\/100\n|-activate|p2b: Flutter Mane|ability: Protosynthesis\n|-start|p2b: Flutter Mane|protosynthesisspe\n|turn|4\n|\n|t:|1682230740\n|move|p1a: Scream Tail|Protect||[still]\n|-fail|p1a: Scream Tail\n|move|p2b: Flutter Mane|Shadow Ball|p1a: Scream Tail\n|-supereffective|p1a: Scream Tail\n|-damage|p1a: Scream Tail|0 fnt\n|faint|p1a: Scream Tail\n|-end|p1a: Scream Tail|Protosynthesis|[silent]\n|-damage|p2b: Flutter Mane|91\/100|[from] item: Life Orb\n|move|p2a: Amoonguss|Spore|p1b: Tyranitar\n|-status|p1b: Tyranitar|slp|[from] move: Spore\n|cant|p1b: Tyranitar|slp\n|\n|-weather|SunnyDay|[upkeep]\n|-sideend|p2: Psylian|move: Tailwind\n|upkeep\n|\n|t:|1682230755\n|switch|p1a: Dragapult|Dragapult, L50, F, shiny|100\/100\n|turn|5\n|\n|t:|1682230770\n|move|p2a: Amoonguss|Rage Powder|p2a: Amoonguss\n|-singleturn|p2a: Amoonguss|move: Rage Powder\n|move|p2b: Flutter Mane|Shadow Ball|p1a: Dragapult\n|-supereffective|p1a: Dragapult\n|-enditem|p1a: Dragapult|Focus Sash\n|-damage|p1a: Dragapult|1\/100\n|-damage|p2b: Flutter Mane|81\/100|[from] item: Life Orb\n|move|p1a: Dragapult|U-turn|p2a: Amoonguss\n|-damage|p2a: Amoonguss|82\/100\n|-damage|p1a: Dragapult|0 fnt|[from] item: Rocky Helmet|[of] p2a: Amoonguss\n|faint|p1a: Dragapult\n|cant|p1b: Tyranitar|slp\n|\n|-weather|SunnyDay|[upkeep]\n|upkeep\n|\n|t:|1682230789\n|switch|p1a: Gyarados|Gyarados, L50, F|100\/100\n|-ability|p1a: Gyarados|Intimidate|boost\n|-unboost|p2a: Amoonguss|atk|1\n|-unboost|p2b: Flutter Mane|atk|1\n|turn|6\n|\n|t:|1682230821\n|-terastallize|p1a: Gyarados|Ice\n|move|p2a: Amoonguss|Rage Powder|p2a: Amoonguss\n|-singleturn|p2a: Amoonguss|move: Rage Powder\n|move|p2b: Flutter Mane|Thunderbolt|p1a: Gyarados\n|-damage|p1a: Gyarados|67\/100\n|-damage|p2b: Flutter Mane|72\/100|[from] item: Life Orb\n|move|p1a: Gyarados|Ice Fang|p2a: Amoonguss\n|-supereffective|p2a: Amoonguss\n|-damage|p2a: Amoonguss|17\/100\n|-damage|p1a: Gyarados|50\/100|[from] item: Rocky Helmet|[of] p2a: Amoonguss\n|cant|p1b: Tyranitar|slp\n|\n|-weather|SunnyDay|[upkeep]\n|upkeep\n|turn|7\n|\n|t:|1682230901\n|move|p2b: Flutter Mane|Psyshock|p1a: Gyarados\n|-damage|p1a: Gyarados|14\/100\n|-damage|p2b: Flutter Mane|62\/100|[from] item: Life Orb\n|move|p1a: Gyarados|Ice Fang|p2a: Amoonguss\n|-supereffective|p2a: Amoonguss\n|-damage|p2a: Amoonguss|0 fnt\n|-damage|p1a: Gyarados|0 fnt|[from] item: Rocky Helmet|[of] p2a: Amoonguss\n|faint|p2a: Amoonguss\n|faint|p1a: Gyarados\n|-curestatus|p1b: Tyranitar|slp|[msg]\n|move|p1b: Tyranitar|Heavy Slam|p2b: Flutter Mane\n|-supereffective|p2b: Flutter Mane\n|-damage|p2b: Flutter Mane|0 fnt\n|faint|p2b: Flutter Mane\n|-end|p2b: Flutter Mane|Protosynthesis|[silent]\n|\n|win|Picaro7\n|raw|Picaro7's rating: 1130 → 1151<\/strong> (+21 for winning)\n|raw|Psylian's rating: 1068 → 1051<\/strong> (-17 for losing)\n|l|\u2606Psylian\n","uploadtime":1682230931,"views":15,"p1id":"picaro7","p2id":"psylian","formatid":"gen9vgc2023regulationc","rating":1051,"private":0,"password":""}