{"id":"gen9vgc2023regulationc-1863921859","p1":"Currymanpuff","p2":"WillieDangerously","format":"[Gen 9] VGC 2023 Regulation C","log":"|j|\u2606Currymanpuff\n|j|\u2606WillieDangerously\n|t:|1684093609\n|gametype|doubles\n|player|p1|Currymanpuff|101|1279\n|player|p2|WillieDangerously|psychic-gen4|1195\n|teamsize|p1|6\n|teamsize|p2|6\n|gen|9\n|tier|[Gen 9] VGC 2023 Regulation C\n|rated|\n|rule|Species Clause: Limit one of each Pok\u00e9mon\n|rule|Item Clause: Limit one of each item\n|clearpoke\n|poke|p1|Cetitan, L50, M|\n|poke|p1|Corviknight, L50, M|\n|poke|p1|Amoonguss, L50, F|\n|poke|p1|Iron Hands, L50|\n|poke|p1|Great Tusk, L50|\n|poke|p1|Hatterene, L50, F|\n|poke|p2|Gholdengo, L50|\n|poke|p2|Wo-Chien, L50|\n|poke|p2|Iron Bundle, L50|\n|poke|p2|Dragapult, L50, M|\n|poke|p2|Hippowdon, L50, F|\n|poke|p2|Glimmora, L50, M|\n|teampreview|4\nCurrymanpuff has agreed to open team sheets.\n|\n|t:|1684093649\n|start\n|switch|p1a: Iron Hands|Iron Hands, L50|100\/100\n|switch|p1b: Hatterene|Hatterene, L50, F|100\/100\n|switch|p2a: Iron Bundle|Iron Bundle, L50|100\/100\n|switch|p2b: Gholdengo|Gholdengo, L50|100\/100\n|-enditem|p2a: Iron Bundle|Booster Energy\n|-activate|p2a: Iron Bundle|ability: Quark Drive|[fromitem]\n|-start|p2a: Iron Bundle|quarkdrivespe\n|turn|1\n|\n|t:|1684093668\n|-terastallize|p2a: Iron Bundle|Ghost\n|-terastallize|p1b: Hatterene|Fire\n|move|p1a: Iron Hands|Fake Out|p2a: Iron Bundle\n|-immune|p2a: Iron Bundle\n|move|p2a: Iron Bundle|Freeze-Dry|p1b: Hatterene\n|-resisted|p1b: Hatterene\n|-damage|p1b: Hatterene|84\/100\n|move|p2b: Gholdengo|Shadow Ball|p1b: Hatterene\n|-damage|p1b: Hatterene|43\/100\n|move|p1b: Hatterene|Trick Room|p1b: Hatterene\n|-fieldstart|move: Trick Room|[of] p1b: Hatterene\n|\n|upkeep\n|turn|2\n|\n|t:|1684093696\n|-end|p2a: Iron Bundle|Quark Drive|[silent]\n|switch|p2a: Wo-Chien|Wo-Chien, L50|100\/100\n|-ability|p2a: Wo-Chien|Tablets of Ruin\n|move|p1b: Hatterene|Mystical Fire|p2b: Gholdengo\n|-supereffective|p2b: Gholdengo\n|-damage|p2b: Gholdengo|16\/100\n|-unboost|p2b: Gholdengo|spa|1\n|-enditem|p2b: Gholdengo|Sitrus Berry|[eat]\n|-heal|p2b: Gholdengo|41\/100|[from] item: Sitrus Berry\n|move|p1a: Iron Hands|Wild Charge|p2a: Wo-Chien\n|-resisted|p2a: Wo-Chien\n|-damage|p2a: Wo-Chien|85\/100\n|-damage|p1a: Iron Hands|98\/100|[from] Recoil\n|move|p2b: Gholdengo|Nasty Plot|p2b: Gholdengo\n|-boost|p2b: Gholdengo|spa|2\n|\n|-heal|p2a: Wo-Chien|92\/100|[from] item: Leftovers\n|upkeep\n|turn|3\n|\n|t:|1684093722\n|move|p2b: Gholdengo|Protect|p2b: Gholdengo\n|-singleturn|p2b: Gholdengo|Protect\n|move|p1b: Hatterene|Dazzling Gleam|p2b: Gholdengo|[spread] p2a\n|-activate|p2b: Gholdengo|move: Protect\n|-supereffective|p2a: Wo-Chien\n|-damage|p2a: Wo-Chien|48\/100\n|move|p1a: Iron Hands|Stomping Tantrum|p2b: Gholdengo\n|-activate|p2b: Gholdengo|move: Protect\n|move|p2a: Wo-Chien|Leech Seed|p1a: Iron Hands|[miss]\n|-miss|p2a: Wo-Chien|p1a: Iron Hands\n|\n|-heal|p2a: Wo-Chien|54\/100|[from] item: Leftovers\n|upkeep\n|turn|4\n|\n|t:|1684093751\n|switch|p2b: Dragapult|Dragapult, L50, M|100\/100\n|move|p1b: Hatterene|Mystical Fire|p2b: Dragapult\n|-resisted|p2b: Dragapult\n|-damage|p2b: Dragapult|71\/100\n|move|p1a: Iron Hands|Drain Punch|p2a: Wo-Chien\n|-supereffective|p2a: Wo-Chien\n|-damage|p2a: Wo-Chien|9\/100\n|-heal|p1a: Iron Hands|100\/100|[from] drain|[of] p2a: Wo-Chien\n|move|p2a: Wo-Chien|Pollen Puff|p2b: Dragapult\n|-heal|p2b: Dragapult|100\/100\n|\n|-heal|p2a: Wo-Chien|16\/100|[from] item: Leftovers\n|upkeep\n|turn|5\n|\n|t:|1684093770\n|-end|p1a: Iron Hands|Quark Drive|[silent]\n|switch|p1a: Amoonguss|Amoonguss, L50, F|100\/100\n|move|p2a: Wo-Chien|Protect|p2a: Wo-Chien\n|-singleturn|p2a: Wo-Chien|Protect\n|move|p1b: Hatterene|Dazzling Gleam|p2a: Wo-Chien|[spread] p2b\n|-activate|p2a: Wo-Chien|move: Protect\n|-supereffective|p2b: Dragapult\n|-damage|p2b: Dragapult|0 fnt\n|faint|p2b: Dragapult\n|\n|-heal|p2a: Wo-Chien|22\/100|[from] item: Leftovers\n|-fieldend|move: Trick Room\n|upkeep\n|\n|t:|1684093786\n|switch|p2b: Gholdengo|Gholdengo, L50|41\/100\n|turn|6\n|\n|t:|1684093807\n|move|p1a: Amoonguss|Rage Powder|p1a: Amoonguss\n|-singleturn|p1a: Amoonguss|move: Rage Powder\n|move|p2b: Gholdengo|Shadow Ball|p1a: Amoonguss\n|-damage|p1a: Amoonguss|66\/100\n|-unboost|p1a: Amoonguss|spd|1\n|move|p2a: Wo-Chien|Pollen Puff|p2b: Gholdengo\n|-heal|p2b: Gholdengo|91\/100\n|move|p1b: Hatterene|Trick Room|p1b: Hatterene\n|-fieldstart|move: Trick Room|[of] p1b: Hatterene\n|\n|-heal|p2a: Wo-Chien|28\/100|[from] item: Leftovers\n|upkeep\n|turn|7\n|\n|t:|1684093835\n|move|p2a: Wo-Chien|Protect|p2a: Wo-Chien\n|-singleturn|p2a: Wo-Chien|Protect\n|move|p1b: Hatterene|Mystical Fire|p2b: Gholdengo\n|-supereffective|p2b: Gholdengo\n|-damage|p2b: Gholdengo|0 fnt\n|faint|p2b: Gholdengo\n|move|p1a: Amoonguss|Pollen Puff|p1b: Hatterene\n|-heal|p1b: Hatterene|93\/100\n|\n|-heal|p2a: Wo-Chien|34\/100|[from] item: Leftovers\n|upkeep\n|-message|WillieDangerously forfeited.\n|\n|win|Currymanpuff\n|raw|Currymanpuff's rating: 1279 → 1298<\/strong> (+19 for winning)\n|raw|WillieDangerously's rating: 1195 → 1176<\/strong> (-19 for losing)\n","uploadtime":1684093845,"views":5,"p1id":"currymanpuff","p2id":"williedangerously","formatid":"gen9vgc2023regulationc","rating":1176,"private":0,"password":""}