{"id":"gen9vgc2023regulationc-1849972162","p1":"GarchompExVgc","p2":"LghtTv","format":"[Gen 9] VGC 2023 Regulation C","log":"|j|\u2606GarchompExVgc\n|j|\u2606LghtTv\n|t:|1682273711\n|gametype|doubles\n|player|p1|GarchompExVgc|iris|\n|player|p2|LghtTv|2|\n|teamsize|p1|6\n|teamsize|p2|6\n|gen|9\n|tier|[Gen 9] VGC 2023 Regulation C\n|rule|Species Clause: Limit one of each Pok\u00e9mon\n|rule|Item Clause: Limit one of each item\n|clearpoke\n|poke|p1|Ting-Lu, L50|\n|poke|p1|Amoonguss, L50, F|\n|poke|p1|Iron Hands, L50|\n|poke|p1|Flutter Mane, L50|\n|poke|p1|Chi-Yu, L50|\n|poke|p1|Palafin, L50, F|\n|poke|p2|Gholdengo, L50|\n|poke|p2|Klefki, L50, M|\n|poke|p2|Corviknight, L50, F|\n|poke|p2|Orthworm, L50, F|\n|poke|p2|Kingambit, L50, M|\n|poke|p2|Revavroom, L50, F|\n|teampreview|4\nGarchompExVgc rejected open team sheets.\n|\n|t:|1682273768\n|start\n|switch|p1a: Rox|Iron Hands, L50, shiny|100\/100\n|switch|p1b: Wickie|Ting-Lu, L50|100\/100\n|switch|p2a: Klefki|Klefki, L50, M|100\/100\n|switch|p2b: Gholdengo|Gholdengo, L50|100\/100\n|-ability|p1b: Wickie|Vessel of Ruin\n|turn|1\n|\n|t:|1682273795\n|move|p1a: Rox|Fake Out|p2a: Klefki\n|-resisted|p2a: Klefki\n|-damage|p2a: Klefki|88\/100\n|-damage|p1a: Rox|91\/100|[from] item: Life Orb\n|cant|p2a: Klefki|flinch\n|move|p2b: Gholdengo|Make It Rain|p1b: Wickie|[spread] p1a,p1b\n|-resisted|p1a: Rox\n|-damage|p1a: Rox|73\/100\n|-damage|p1b: Wickie|72\/100\n|-unboost|p2b: Gholdengo|spa|1\n|move|p1b: Wickie|Snarl|p2b: Gholdengo|[spread] p2a,p2b\n|-resisted|p2a: Klefki\n|-supereffective|p2b: Gholdengo\n|-damage|p2a: Klefki|85\/100\n|-damage|p2b: Gholdengo|84\/100\n|-unboost|p2a: Klefki|spa|1\n|-unboost|p2b: Gholdengo|spa|1\n|\n|upkeep\n|turn|2\n|\n|t:|1682273855\n|switch|p2b: Orthworm|Orthworm, L50, F|100\/100\n|move|p2a: Klefki|Reflect|p2a: Klefki\n|-sidestart|p2: LghtTv|Reflect\n|move|p1a: Rox|Drain Punch|p2a: Klefki\n|-damage|p2a: Klefki|39\/100\n|-heal|p1a: Rox|87\/100|[from] drain|[of] p2a: Klefki\n|-damage|p1a: Rox|78\/100|[from] item: Life Orb\n|move|p1b: Wickie|Stomping Tantrum|p2b: Orthworm\n|-immune|p2b: Orthworm|[from] ability: Earth Eater\n|\n|upkeep\n|turn|3\n|\n|t:|1682273889\n|switch|p1b: Lui|Amoonguss, L50, F, shiny|100\/100\n|move|p1a: Rox|Protect|p1a: Rox\n|-singleturn|p1a: Rox|Protect\n|move|p2a: Klefki|Thunder Wave|p1a: Rox\n|-activate|p1a: Rox|move: Protect\n|move|p2b: Orthworm|Iron Defense|p2b: Orthworm\n|-boost|p2b: Orthworm|def|2\n|\n|upkeep\n|turn|4\n|\n|t:|1682273912\n|move|p2a: Klefki|Thunder Wave|p1b: Lui\n|-status|p1b: Lui|par\n|move|p2b: Orthworm|Iron Defense|p2b: Orthworm\n|-boost|p2b: Orthworm|def|2\n|move|p1a: Rox|Drain Punch|p2a: Klefki\n|-damage|p2a: Klefki|0 fnt\n|-heal|p1a: Rox|90\/100|[from] drain|[of] p2a: Klefki\n|faint|p2a: Klefki\n|-damage|p1a: Rox|80\/100|[from] item: Life Orb\n|cant|p1b: Lui|par\n|\n|upkeep\n|\n|t:|1682273926\n|switch|p2a: Gholdengo|Gholdengo, L50|84\/100\n|turn|5\n|\n|t:|1682273948\n|-terastallize|p2b: Orthworm|Electric\n|move|p1a: Rox|Protect|p1a: Rox\n|-singleturn|p1a: Rox|Protect\n|move|p2a: Gholdengo|Nasty Plot|p2a: Gholdengo\n|-boost|p2a: Gholdengo|spa|2\n|move|p2b: Orthworm|Iron Defense|p2b: Orthworm\n|-boost|p2b: Orthworm|def|2\n|move|p1b: Lui|Spore|p2b: Orthworm\n|-status|p2b: Orthworm|slp|[from] move: Spore\n|\n|upkeep\n|turn|6\n|\n|t:|1682273977\n|switch|p1b: Wickie|Ting-Lu, L50|72\/100\n|-ability|p1b: Wickie|Vessel of Ruin\n|move|p2a: Gholdengo|Make It Rain|p1a: Rox|[spread] p1a,p1b\n|-resisted|p1a: Rox\n|-damage|p1a: Rox|41\/100\n|-damage|p1b: Wickie|12\/100\n|-unboost|p2a: Gholdengo|spa|1\n|-enditem|p1b: Wickie|Sitrus Berry|[eat]\n|-heal|p1b: Wickie|37\/100|[from] item: Sitrus Berry\n|cant|p2b: Orthworm|slp\n|move|p1a: Rox|Thunder Punch|p2a: Gholdengo\n|-damage|p2a: Gholdengo|47\/100\n|-damage|p1a: Rox|31\/100|[from] item: Life Orb\n|\n|upkeep\n|turn|7\n|\n|t:|1682274008\n|move|p1a: Rox|Protect|p1a: Rox\n|-singleturn|p1a: Rox|Protect\n|move|p2a: Gholdengo|Make It Rain|p1a: Rox|[spread] p1b\n|-activate|p1a: Rox|move: Protect\n|-damage|p1b: Wickie|0 fnt\n|-unboost|p2a: Gholdengo|spa|1\n|faint|p1b: Wickie\n|-curestatus|p2b: Orthworm|slp|[msg]\n|move|p2b: Orthworm|Body Press|p1a: Rox\n|-activate|p1a: Rox|move: Protect\n|\n|upkeep\n|\n|t:|1682274023\n|switch|p1b: Sam|Chi-Yu, L50|100\/100\n|-ability|p1b: Sam|Beads of Ruin\n|turn|8\n|\n|t:|1682274037\n|-end|p1a: Rox|Quark Drive|[silent]\n|switch|p1a: Lui|Amoonguss, L50, F, shiny|100\/100 par\n|move|p1b: Sam|Heat Wave|p2a: Gholdengo|[spread] p2a,p2b\n|-supereffective|p2a: Gholdengo\n|-damage|p2a: Gholdengo|0 fnt\n|-damage|p2b: Orthworm|33\/100\n|-status|p2b: Orthworm|brn\n|faint|p2a: Gholdengo\n|move|p2b: Orthworm|Body Press|p1b: Sam\n|-supereffective|p1b: Sam\n|-damage|p1b: Sam|0 fnt\n|faint|p1b: Sam\n|\n|-damage|p2b: Orthworm|26\/100 brn|[from] brn\n|upkeep\n|\n|t:|1682274052\n|switch|p1b: Rox|Iron Hands, L50, shiny|31\/100\n|switch|p2a: Corviknight|Corviknight, L50, F|100\/100\n|turn|9\n|\n|t:|1682274069\n|move|p1b: Rox|Fake Out|p2b: Orthworm\n|-damage|p2b: Orthworm|24\/100 brn\n|-damage|p1b: Rox|21\/100|[from] item: Life Orb\n|move|p2a: Corviknight|Drill Peck|p1a: Lui\n|-supereffective|p1a: Lui\n|-damage|p1a: Lui|44\/100 par\n|cant|p2b: Orthworm|flinch\n|move|p1a: Lui|Pollen Puff|p1b: Rox\n|-heal|p1b: Rox|71\/100\n|\n|-heal|p1a: Lui|50\/100 par|[from] item: Leftovers\n|-damage|p2b: Orthworm|18\/100 brn|[from] brn\n|-sideend|p2: LghtTv|Reflect\n|upkeep\n|turn|10\n|\n|t:|1682274095\n|move|p2a: Corviknight|Drill Peck|p1a: Lui\n|-supereffective|p1a: Lui\n|-damage|p1a: Lui|0 fnt\n|faint|p1a: Lui\n|move|p2b: Orthworm|Body Press|p1b: Rox\n|-damage|p1b: Rox|27\/100\n|move|p1b: Rox|Thunder Punch|p2a: Corviknight\n|-supereffective|p2a: Corviknight\n|-damage|p2a: Corviknight|6\/100\n|-damage|p1b: Rox|17\/100|[from] item: Life Orb\n|\n|-heal|p2a: Corviknight|12\/100|[from] item: Leftovers\n|-damage|p2b: Orthworm|12\/100 brn|[from] brn\n|upkeep\n|turn|11\n|\n|t:|1682274113\n|move|p1b: Rox|Protect|p1b: Rox\n|-singleturn|p1b: Rox|Protect\n|move|p2a: Corviknight|Drill Peck|p1b: Rox\n|-activate|p1b: Rox|move: Protect\n|move|p2b: Orthworm|Body Press|p1b: Rox\n|-activate|p1b: Rox|move: Protect\n|\n|-heal|p2a: Corviknight|18\/100|[from] item: Leftovers\n|-damage|p2b: Orthworm|6\/100 brn|[from] brn\n|upkeep\n|turn|12\n|\n|t:|1682274128\n|move|p2a: Corviknight|Drill Peck|p1b: Rox\n|-damage|p1b: Rox|0 fnt\n|faint|p1b: Rox\n|-end|p1b: Rox|Quark Drive|[silent]\n|\n|win|LghtTv\n|l|\u2606GarchompExVgc\n","uploadtime":1682274198,"views":10,"p1id":"garchompexvgc","p2id":"lghttv","formatid":"gen9vgc2023regulationc","rating":0,"private":0,"password":""}