{"id":"gen9vgc2023regulationc-1859615764","p1":"Diego3007","p2":"SubAtomicPoison","format":"[Gen 9] VGC 2023 Regulation C","log":"|j|\u2606Diego3007\n|j|\u2606SubAtomicPoison\n|t:|1683549140\n|gametype|doubles\n|player|p1|Diego3007|sabrina|1069\n|player|p2|SubAtomicPoison|1|1041\n|teamsize|p1|6\n|teamsize|p2|6\n|gen|9\n|tier|[Gen 9] VGC 2023 Regulation C\n|rated|\n|rule|Species Clause: Limit one of each Pok\u00e9mon\n|rule|Item Clause: Limit one of each item\n|clearpoke\n|poke|p1|Flutter Mane, L50|\n|poke|p1|Gyarados, L50, F|\n|poke|p1|Great Tusk, L50|\n|poke|p1|Dragonite, L50, M|\n|poke|p1|Chien-Pao, L50|\n|poke|p1|Kingambit, L50, F|\n|poke|p2|Murkrow, L50, F|\n|poke|p2|Flutter Mane, L50|\n|poke|p2|Amoonguss, L50, F|\n|poke|p2|Arcanine, L50, F|\n|poke|p2|Palafin, L50, F|\n|poke|p2|Gholdengo, L50|\n|teampreview|4\n|j| EV4Ever\nDiego3007 has agreed to open team sheets.\n|inactive|Battle timer is ON: inactive players will automatically lose when time's up. (requested by Diego3007)\nSubAtomicPoison rejected open team sheets.\n|\n|t:|1683549211\n|start\n|switch|p1a: Flutter Mane|Flutter Mane, L50|100\/100\n|switch|p1b: Great Tusk|Great Tusk, L50|100\/100\n|switch|p2a: Palafin|Palafin, L50, F|100\/100\n|switch|p2b: Flutter Mane|Flutter Mane, L50|100\/100\n|-enditem|p2b: Flutter Mane|Booster Energy\n|-activate|p2b: Flutter Mane|ability: Protosynthesis|[fromitem]\n|-start|p2b: Flutter Mane|protosynthesisspa\n|turn|1\n|\n|t:|1683549234\n|detailschange|p2a: Palafin|Palafin-Hero, L50, F\n|switch|p2a: Murkrow|Murkrow, L50, F|100\/100\n|-terastallize|p1b: Great Tusk|Fire\n|move|p2b: Flutter Mane|Protect|p2b: Flutter Mane\n|-singleturn|p2b: Flutter Mane|Protect\n|move|p1b: Great Tusk|Headlong Rush|p2b: Flutter Mane\n|-activate|p2b: Flutter Mane|move: Protect\n|move|p1a: Flutter Mane|Dazzling Gleam|p2b: Flutter Mane|[spread] p2a\n|-activate|p2b: Flutter Mane|move: Protect\n|-supereffective|p2a: Murkrow\n|-damage|p2a: Murkrow|0 fnt\n|faint|p2a: Murkrow\n|\n|upkeep\n|\n|t:|1683549252\n|switch|p2a: Palafin|Palafin-Hero, L50, F|100\/100\n|-activate|p2a: Palafin|ability: Zero to Hero\n|turn|2\n|\n|t:|1683549270\n|-end|p1b: Great Tusk|Protosynthesis|[silent]\n|switch|p1b: Dragonite|Dragonite, L50, M|100\/100\n|-terastallize|p2a: Palafin|Water\n|move|p2a: Palafin|Jet Punch|p1a: Flutter Mane\n|-damage|p1a: Flutter Mane|0 fnt\n|faint|p1a: Flutter Mane\n|-end|p1a: Flutter Mane|Protosynthesis|[silent]\n|move|p2b: Flutter Mane|Shadow Ball|p1b: Dragonite\n|-damage|p1b: Dragonite|35\/100\n|\n|upkeep\n|\n|t:|1683549281\n|switch|p1a: Chien-Pao|Chien-Pao, L50|100\/100\n|-ability|p1a: Chien-Pao|Sword of Ruin\n|turn|3\n|\n|t:|1683549292\n|move|p2b: Flutter Mane|Protect|p2b: Flutter Mane\n|-singleturn|p2b: Flutter Mane|Protect\n|move|p1a: Chien-Pao|Sucker Punch||[still]\n|-fail|p1a: Chien-Pao\n|move|p2a: Palafin|Jet Punch|p1b: Dragonite\n|-resisted|p1b: Dragonite\n|-damage|p1b: Dragonite|0 fnt\n|faint|p1b: Dragonite\n|\n|upkeep\n|\n|t:|1683549300\n|switch|p1b: Great Tusk|Great Tusk, L50, tera:Fire|100\/100\n|turn|4\n|\n|t:|1683549322\n|move|p1a: Chien-Pao|Sucker Punch||[still]\n|-fail|p1a: Chien-Pao\n|move|p2a: Palafin|Jet Punch|p1a: Chien-Pao\n|-damage|p1a: Chien-Pao|6\/100\n|move|p1b: Great Tusk|Close Combat|p2a: Palafin\n|-crit|p2a: Palafin\n|-damage|p2a: Palafin|0 fnt\n|-unboost|p1b: Great Tusk|def|1\n|-unboost|p1b: Great Tusk|spd|1\n|faint|p2a: Palafin\n|move|p2b: Flutter Mane|Confuse Ray|p1b: Great Tusk\n|-start|p1b: Great Tusk|confusion\n|\n|upkeep\n|\n|t:|1683549335\n|switch|p2a: Gholdengo|Gholdengo, L50|100\/100\n|turn|5\n|\n|t:|1683549346\n|move|p2b: Flutter Mane|Protect|p2b: Flutter Mane\n|-singleturn|p2b: Flutter Mane|Protect\n|move|p1a: Chien-Pao|Sucker Punch||[still]\n|-fail|p1a: Chien-Pao\n|-activate|p1b: Great Tusk|confusion\n|move|p1b: Great Tusk|Close Combat|p2a: Gholdengo\n|-immune|p2a: Gholdengo\n|move|p2a: Gholdengo|Make It Rain|p1b: Great Tusk|[spread] p1a,p1b\n|-supereffective|p1a: Chien-Pao\n|-resisted|p1b: Great Tusk\n|-damage|p1a: Chien-Pao|0 fnt\n|-damage|p1b: Great Tusk|9\/100\n|-unboost|p2a: Gholdengo|spa|1\n|faint|p1a: Chien-Pao\n|\n|upkeep\n|turn|6\n|-message|Diego3007 forfeited.\n|\n|win|SubAtomicPoison\n|raw|Diego3007's rating: 1069 → 1047<\/strong> (-22 for losing)\n|raw|SubAtomicPoison's rating: 1041 → 1078<\/strong> (+37 for winning)\n|l|\u2606Diego3007\n|c|\u2606SubAtomicPoison|gg\n","uploadtime":1683549501,"views":4,"p1id":"diego3007","p2id":"subatomicpoison","formatid":"gen9vgc2023regulationc","rating":1047,"private":0,"password":""}