{"id":"gen9vgc2023regulationc-1848018753","p1":"gatomandarina1","p2":"Sparna_of_Yomi","format":"[Gen 9] VGC 2023 Regulation C","log":"|j|\u2606gatomandarina1\n|j|\u2606Sparna_of_Yomi\n|t:|1682021193\n|gametype|doubles\n|player|p1|gatomandarina1|169|1128\n|player|p2|Sparna_of_Yomi|birdkeeper-gen4dp|1067\n|teamsize|p1|6\n|teamsize|p2|6\n|gen|9\n|tier|[Gen 9] VGC 2023 Regulation C\n|rated|\n|rule|Species Clause: Limit one of each Pok\u00e9mon\n|rule|Item Clause: Limit one of each item\n|clearpoke\n|poke|p1|Hydreigon, L50, M|\n|poke|p1|Iron Bundle, L50|\n|poke|p1|Talonflame, L50, F|\n|poke|p1|Gyarados, L50, M|\n|poke|p1|Amoonguss, L50, F|\n|poke|p1|Great Tusk, L50|\n|poke|p2|Garchomp, L50, M|\n|poke|p2|Corviknight, L50, M|\n|poke|p2|Chi-Yu, L50|\n|poke|p2|Flutter Mane, L50|\n|poke|p2|Amoonguss, L50, F|\n|poke|p2|Ting-Lu, L50|\n|teampreview|4\nSparna_of_Yomi has agreed to open team sheets.\n|inactive|Battle timer is ON: inactive players will automatically lose when time's up. (requested by Sparna_of_Yomi)\n|\n|t:|1682021238\n|start\n|switch|p1a: Talonflame|Talonflame, L50, F|100\/100\n|switch|p1b: Great Tusk|Great Tusk, L50|100\/100\n|switch|p2a: Bodacious Bill|Garchomp, L50, M|100\/100\n|switch|p2b: Skunt Funtster|Corviknight, L50, M|100\/100\n|turn|1\n|\n|t:|1682021257\n|move|p2a: Bodacious Bill|Protect|p2a: Bodacious Bill\n|-singleturn|p2a: Bodacious Bill|Protect\n|move|p1b: Great Tusk|Headlong Rush|p2a: Bodacious Bill\n|-activate|p2a: Bodacious Bill|move: Protect\n|move|p1a: Talonflame|Will-O-Wisp|p2a: Bodacious Bill\n|-activate|p2a: Bodacious Bill|move: Protect\n|move|p2b: Skunt Funtster|Brave Bird|p1b: Great Tusk\n|-supereffective|p1b: Great Tusk\n|-damage|p1b: Great Tusk|31\/100\n|-damage|p2b: Skunt Funtster|79\/100|[from] Recoil\n|\n|upkeep\n|turn|2\n|inactive|Sparna_of_Yomi has 30 seconds left.\n|\n|t:|1682021285\n|-end|p1b: Great Tusk|Protosynthesis|[silent]\n|switch|p1b: Gyarados|Gyarados, L50, M|100\/100\n|-ability|p1b: Gyarados|Intimidate|boost\n|-unboost|p2a: Bodacious Bill|atk|1\n|-ability|p2b: Skunt Funtster|Mirror Armor\n|-unboost|p1b: Gyarados|atk|1\n|switch|p2a: IDK's on third|Amoonguss, L50, F|100\/100\n|move|p1a: Talonflame|Will-O-Wisp|p2a: IDK's on third|[miss]\n|-miss|p1a: Talonflame|p2a: IDK's on third\n|move|p2b: Skunt Funtster|Brave Bird|p1b: Gyarados\n|-damage|p1b: Gyarados|52\/100\n|-damage|p2b: Skunt Funtster|63\/100|[from] Recoil\n|\n|upkeep\n|turn|3\n|inactive|gatomandarina1 has 30 seconds left.\n|\n|t:|1682021316\n|-terastallize|p1b: Gyarados|Flying\n|move|p1a: Talonflame|Brave Bird|p2a: IDK's on third\n|-supereffective|p2a: IDK's on third\n|-damage|p2a: IDK's on third|10\/100\n|-enditem|p2a: IDK's on third|Sitrus Berry|[eat]\n|-heal|p2a: IDK's on third|35\/100|[from] item: Sitrus Berry\n|-damage|p1a: Talonflame|61\/100|[from] Recoil\n|move|p1b: Gyarados|Tera Blast|p2a: IDK's on third\n|-supereffective|p2a: IDK's on third\n|-damage|p2a: IDK's on third|0 fnt\n|faint|p2a: IDK's on third\n|move|p2b: Skunt Funtster|Tailwind|p2b: Skunt Funtster\n|-sidestart|p2: Sparna_of_Yomi|move: Tailwind\n|\n|upkeep\n|\n|t:|1682021335\n|switch|p2a: Bodacious Bill|Garchomp, L50, M|100\/100\n|turn|4\n|\n|t:|1682021345\n|move|p1a: Talonflame|Protect|p1a: Talonflame\n|-singleturn|p1a: Talonflame|Protect\n|move|p1b: Gyarados|Protect|p1b: Gyarados\n|-singleturn|p1b: Gyarados|Protect\n|move|p2a: Bodacious Bill|Dragon Claw|p1a: Talonflame\n|-activate|p1a: Talonflame|move: Protect\n|move|p2b: Skunt Funtster|Brave Bird|p1b: Gyarados\n|-activate|p1b: Gyarados|move: Protect\n|\n|upkeep\n|turn|5\n|inactive|gatomandarina1 has 30 seconds left.\n|\n|t:|1682021378\n|switch|p1a: Great Tusk|Great Tusk, L50|31\/100\n|move|p2a: Bodacious Bill|Dragon Claw|p1a: Great Tusk\n|-damage|p1a: Great Tusk|0 fnt\n|faint|p1a: Great Tusk\n|-end|p1a: Great Tusk|Protosynthesis|[silent]\n|move|p2b: Skunt Funtster|Brave Bird|p1b: Gyarados\n|-damage|p1b: Gyarados|5\/100\n|-damage|p2b: Skunt Funtster|48\/100|[from] Recoil\n|move|p1b: Gyarados|Waterfall|p2b: Skunt Funtster\n|-damage|p2b: Skunt Funtster|26\/100\n|\n|upkeep\n|\n|t:|1682021394\n|switch|p1a: Talonflame|Talonflame, L50, F|61\/100\n|turn|6\n|\n|t:|1682021406\n|move|p1a: Talonflame|Protect|p1a: Talonflame\n|-singleturn|p1a: Talonflame|Protect\n|move|p1b: Gyarados|Protect|p1b: Gyarados\n|-singleturn|p1b: Gyarados|Protect\n|move|p2a: Bodacious Bill|Dragon Claw|p1a: Talonflame\n|-activate|p1a: Talonflame|move: Protect\n|move|p2b: Skunt Funtster|Brave Bird|p1b: Gyarados\n|-activate|p1b: Gyarados|move: Protect\n|\n|-sideend|p2: Sparna_of_Yomi|move: Tailwind\n|upkeep\n|turn|7\n|\n|t:|1682021426\n|move|p1a: Talonflame|Will-O-Wisp|p2a: Bodacious Bill\n|-status|p2a: Bodacious Bill|brn\n|-enditem|p2a: Bodacious Bill|Lum Berry|[eat]\n|-curestatus|p2a: Bodacious Bill|brn|[msg]\n|move|p2a: Bodacious Bill|Dragon Claw|p1a: Talonflame\n|-damage|p1a: Talonflame|5\/100\n|move|p1b: Gyarados|Waterfall|p2b: Skunt Funtster\n|-damage|p2b: Skunt Funtster|4\/100\n|move|p2b: Skunt Funtster|Tailwind|p2b: Skunt Funtster\n|-sidestart|p2: Sparna_of_Yomi|move: Tailwind\n|\n|upkeep\n|turn|8\n|inactive|gatomandarina1 has 30 seconds left.\n|inactive|gatomandarina1 has 20 seconds left.\n|inactive|gatomandarina1 has 15 seconds left.\n|inactive|gatomandarina1 has 10 seconds left.\n|l|\u2606gatomandarina1\n|inactive|gatomandarina1 disconnected and has a minute to reconnect!\n|player|p1|\n|inactive|gatomandarina1 has 5 seconds left.\n|-message|gatomandarina1 lost due to inactivity.\n|\n|win|Sparna_of_Yomi\n|raw|gatomandarina1's rating: 1128 → 1099<\/strong> (-29 for losing)\n|raw|Sparna_of_Yomi's rating: 1067 → 1102<\/strong> (+35 for winning)\n","uploadtime":1682021484,"views":10,"p1id":"gatomandarina1","p2id":"sparnaofyomi","formatid":"gen9vgc2023regulationc","rating":1099,"private":0,"password":""}