{"id":"gen9vgc2023regulationc-1846950747","p1":"LarvestaLoca","p2":"EdoPava6","format":"[Gen 9] VGC 2023 Regulation C","log":"|j|\u2606LarvestaLoca\n|j|\u2606EdoPava6\n|t:|1681905179\n|gametype|doubles\n|player|p1|LarvestaLoca|266|1171\n|player|p2|EdoPava6|hiker-gen4|1253\n|teamsize|p1|6\n|teamsize|p2|6\n|gen|9\n|tier|[Gen 9] VGC 2023 Regulation C\n|rated|\n|rule|Species Clause: Limit one of each Pok\u00e9mon\n|rule|Item Clause: Limit one of each item\n|clearpoke\n|poke|p1|Flutter Mane, L50|\n|poke|p1|Dragonite, L50, F|\n|poke|p1|Ting-Lu, L50|\n|poke|p1|Kingambit, L50, M|\n|poke|p1|Iron Bundle, L50|\n|poke|p1|Arcanine, L50, F|\n|poke|p2|Lokix, L50, M|\n|poke|p2|Talonflame, L50, M|\n|poke|p2|Ting-Lu, L50|\n|poke|p2|Gholdengo, L50|\n|poke|p2|Amoonguss, L50, M|\n|poke|p2|Gyarados, L50, M|\n|teampreview|4\nLarvestaLoca rejected open team sheets.\n|inactive|Battle timer is ON: inactive players will automatically lose when time's up. (requested by EdoPava6)\n|\n|t:|1681905226\n|start\n|switch|p1a: Arcanine|Arcanine, L50, F|100\/100\n|switch|p1b: Dragonite|Dragonite, L50, F|100\/100\n|switch|p2a: Talonflame|Talonflame, L50, M|100\/100\n|switch|p2b: Ting-Lu|Ting-Lu, L50|100\/100\n|-ability|p1a: Arcanine|Intimidate|boost\n|-unboost|p2a: Talonflame|atk|1\n|-unboost|p2b: Ting-Lu|atk|1\n|-ability|p2b: Ting-Lu|Vessel of Ruin\n|turn|1\n|\n|t:|1681905242\n|move|p1b: Dragonite|Protect|p1b: Dragonite\n|-singleturn|p1b: Dragonite|Protect\n|move|p2a: Talonflame|Tailwind|p2a: Talonflame\n|-sidestart|p2: EdoPava6|move: Tailwind\n|move|p1a: Arcanine|Howl|p1a: Arcanine|[spread] p1a,p1b\n|-boost|p1a: Arcanine|atk|1\n|-boost|p1b: Dragonite|atk|1\n|move|p2b: Ting-Lu|Rock Slide|p1a: Arcanine|[spread] p1a\n|-activate|p1b: Dragonite|move: Protect\n|-supereffective|p1a: Arcanine\n|-damage|p1a: Arcanine|64\/100\n|\n|upkeep\n|turn|2\n|\n|t:|1681905266\n|-terastallize|p1b: Dragonite|Flying\n|move|p1a: Arcanine|Protect|p1a: Arcanine\n|-singleturn|p1a: Arcanine|Protect\n|move|p2a: Talonflame|Taunt|p1a: Arcanine\n|-activate|p1a: Arcanine|move: Protect\n|move|p1b: Dragonite|Dragon Dance|p1b: Dragonite\n|-boost|p1b: Dragonite|atk|1\n|-boost|p1b: Dragonite|spe|1\n|move|p2b: Ting-Lu|Rock Slide|p1a: Arcanine|[spread] p1b\n|-activate|p1a: Arcanine|move: Protect\n|-supereffective|p1b: Dragonite\n|-damage|p1b: Dragonite|83\/100\n|\n|upkeep\n|turn|3\n|\n|t:|1681905283\n|move|p1a: Arcanine|Extreme Speed|p2a: Talonflame\n|-damage|p2a: Talonflame|64\/100\n|move|p2a: Talonflame|Will-O-Wisp|p1b: Dragonite\n|-status|p1b: Dragonite|brn\n|-enditem|p1b: Dragonite|Lum Berry|[eat]\n|-curestatus|p1b: Dragonite|brn|[msg]\n|move|p1b: Dragonite|Tera Blast|p2b: Ting-Lu\n|-damage|p2b: Ting-Lu|45\/100\n|move|p2b: Ting-Lu|Rock Slide|p1a: Arcanine|[spread] p1a,p1b\n|-supereffective|p1a: Arcanine\n|-supereffective|p1b: Dragonite\n|-damage|p1a: Arcanine|22\/100\n|-damage|p1b: Dragonite|46\/100\n|-enditem|p1a: Arcanine|Sitrus Berry|[eat]\n|-heal|p1a: Arcanine|47\/100|[from] item: Sitrus Berry\n|\n|upkeep\n|turn|4\n|\n|t:|1681905303\n|move|p1b: Dragonite|Protect|p1b: Dragonite\n|-singleturn|p1b: Dragonite|Protect\n|move|p1a: Arcanine|Protect|p1a: Arcanine\n|-singleturn|p1a: Arcanine|Protect\n|move|p2a: Talonflame|Taunt|p1a: Arcanine\n|-activate|p1a: Arcanine|move: Protect\n|move|p2b: Ting-Lu|Rock Slide|p1a: Arcanine|[spread] \n|-activate|p1a: Arcanine|move: Protect\n|-activate|p1b: Dragonite|move: Protect\n|\n|-sideend|p2: EdoPava6|move: Tailwind\n|upkeep\n|turn|5\n|\n|t:|1681905322\n|-terastallize|p2a: Talonflame|Ghost\n|move|p1b: Dragonite|Tera Blast|p2b: Ting-Lu\n|-damage|p2b: Ting-Lu|0 fnt\n|faint|p2b: Ting-Lu\n|move|p2a: Talonflame|Tailwind|p2a: Talonflame\n|-sidestart|p2: EdoPava6|move: Tailwind\n|move|p1a: Arcanine|Howl|p1a: Arcanine|[spread] p1a,p1b\n|-boost|p1a: Arcanine|atk|1\n|-boost|p1b: Dragonite|atk|1\n|\n|upkeep\n|\n|t:|1681905335\n|switch|p2b: Gholdengo|Gholdengo, L50|100\/100\n|turn|6\n|inactive|EdoPava6 has 30 seconds left.\n|\n|t:|1681905374\n|move|p2a: Talonflame|Will-O-Wisp|p1b: Dragonite\n|-status|p1b: Dragonite|brn\n|move|p2b: Gholdengo|Nasty Plot|p2b: Gholdengo\n|-boost|p2b: Gholdengo|spa|2\n|move|p1b: Dragonite|Tera Blast|p2a: Talonflame\n|-damage|p2a: Talonflame|0 fnt\n|faint|p2a: Talonflame\n|move|p1a: Arcanine|Flare Blitz|p2b: Gholdengo\n|-supereffective|p2b: Gholdengo\n|-damage|p2b: Gholdengo|0 fnt\n|faint|p2b: Gholdengo\n|-damage|p1a: Arcanine|16\/100|[from] Recoil\n|\n|-damage|p1b: Dragonite|40\/100 brn|[from] brn\n|upkeep\n|\n|t:|1681905380\n|switch|p2b: Lokix|Lokix, L50, M|100\/100\n|turn|7\n|\n|t:|1681905400\n|move|p1b: Dragonite|Extreme Speed|p2b: Lokix\n|-damage|p2b: Lokix|52\/100\n|move|p1a: Arcanine|Extreme Speed|p2b: Lokix\n|-damage|p2b: Lokix|0 fnt\n|faint|p2b: Lokix\n|\n|win|LarvestaLoca\n|raw|LarvestaLoca's rating: 1171 → 1202<\/strong> (+31 for winning)\n|raw|EdoPava6's rating: 1253 → 1222<\/strong> (-31 for losing)\n|l|\u2606EdoPava6\n|c|\u2606LarvestaLoca|gg\n","uploadtime":1681905420,"views":18,"p1id":"larvestaloca","p2id":"edopava6","formatid":"gen9vgc2023regulationc","rating":1202,"private":0,"password":""}