{"id":"gen9vgc2023regulationc-1855803192","p1":"NicoHaxVGC","p2":"Cooltrizzle","format":"[Gen 9] VGC 2023 Regulation C","log":"|j|\u2606NicoHaxVGC\n|j|\u2606Cooltrizzle\n|t:|1682986010\n|gametype|doubles\n|player|p1|NicoHaxVGC|red|1289\n|player|p2|Cooltrizzle|hiker-gen4|1339\n|teamsize|p1|6\n|teamsize|p2|6\n|gen|9\n|tier|[Gen 9] VGC 2023 Regulation C\n|rated|\n|rule|Species Clause: Limit one of each Pok\u00e9mon\n|rule|Item Clause: Limit one of each item\n|clearpoke\n|poke|p1|Corviknight, L50, F|\n|poke|p1|Ting-Lu, L50|\n|poke|p1|Annihilape, L50, M|\n|poke|p1|Amoonguss, L50, F|\n|poke|p1|Iron Bundle, L50|\n|poke|p1|Flutter Mane, L50|\n|poke|p2|Tyranitar, L50, M|\n|poke|p2|Houndstone, L50, F|\n|poke|p2|Gastrodon-East, L50, M|\n|poke|p2|Armarouge, L50, F|\n|poke|p2|Corviknight, L50, M|\n|poke|p2|Iron Hands, L50|\n|teampreview|4\n|inactive|Battle timer is ON: inactive players will automatically lose when time's up. (requested by NicoHaxVGC)\n|inactive|Cooltrizzle also wants the timer to be on.\n|inactive|Cooltrizzle has 60 seconds left.\n|\n|t:|1682986044\n|start\n|switch|p1a: Cyborg|Iron Bundle, L50|100\/100\n|switch|p1b: Raven|Corviknight, L50, F|100\/100\n|switch|p2a: Corviknight|Corviknight, L50, M|100\/100\n|switch|p2b: Iron Hands|Iron Hands, L50|100\/100\n|-enditem|p1a: Cyborg|Booster Energy\n|-activate|p1a: Cyborg|ability: Quark Drive|[fromitem]\n|-start|p1a: Cyborg|quarkdrivespe\n|turn|1\n|\n|t:|1682986067\n|move|p1a: Cyborg|Protect|p1a: Cyborg\n|-singleturn|p1a: Cyborg|Protect\n|move|p2b: Iron Hands|Fake Out|p1b: Raven\n|-resisted|p1b: Raven\n|-damage|p1b: Raven|95\/100\n|move|p2a: Corviknight|Taunt|p1b: Raven\n|-start|p1b: Raven|move: Taunt\n|cant|p1b: Raven|flinch\n|\n|upkeep\n|turn|2\n|inactive|Cooltrizzle has 30 seconds left.\n|\n|t:|1682986097\n|move|p1a: Cyborg|Hydro Pump|p2b: Iron Hands\n|-damage|p2b: Iron Hands|74\/100\n|move|p2a: Corviknight|Tailwind|p2a: Corviknight\n|-sidestart|p2: Cooltrizzle|move: Tailwind\n|move|p2b: Iron Hands|Drain Punch|p1a: Cyborg\n|-supereffective|p1a: Cyborg\n|-damage|p1a: Cyborg|8\/100\n|-heal|p2b: Iron Hands|99\/100|[from] drain|[of] p1a: Cyborg\n|move|p1b: Raven|Brave Bird|p2b: Iron Hands\n|-damage|p2b: Iron Hands|71\/100\n|-damage|p1b: Raven|83\/100|[from] Recoil\n|\n|upkeep\n|turn|3\n|inactive|NicoHaxVGC has 30 seconds left.\n|\n|t:|1682986126\n|-end|p1a: Cyborg|Quark Drive|[silent]\n|switch|p1a: Star fire|Flutter Mane, L50|100\/100\n|move|p2a: Corviknight|Iron Head|p1a: Star fire\n|-supereffective|p1a: Star fire\n|-damage|p1a: Star fire|0 fnt\n|faint|p1a: Star fire\n|-end|p1a: Star fire|Protosynthesis|[silent]\n|move|p2b: Iron Hands|Wild Charge|p1b: Raven\n|-supereffective|p1b: Raven\n|-damage|p1b: Raven|0 fnt\n|faint|p1b: Raven\n|-damage|p2b: Iron Hands|55\/100|[from] Recoil\n|\n|upkeep\n|\n|t:|1682986134\n|switch|p1a: Beast boy|Ting-Lu, L50|100\/100\n|switch|p1b: Cyborg|Iron Bundle, L50|8\/100\n|-ability|p1a: Beast boy|Vessel of Ruin\n|turn|4\n|\n|t:|1682986146\n|move|p2a: Corviknight|Iron Head|p1b: Cyborg\n|-damage|p1b: Cyborg|0 fnt\n|faint|p1b: Cyborg\n|-end|p1b: Cyborg|Quark Drive|[silent]\n|move|p2b: Iron Hands|Drain Punch|p1a: Beast boy\n|-supereffective|p1a: Beast boy\n|-damage|p1a: Beast boy|49\/100\n|-heal|p2b: Iron Hands|79\/100|[from] drain|[of] p1a: Beast boy\n|move|p1a: Beast boy|Stomping Tantrum|p2b: Iron Hands\n|-supereffective|p2b: Iron Hands\n|-damage|p2b: Iron Hands|37\/100\n|\n|upkeep\n|turn|5\n|\n|t:|1682986160\n|move|p2a: Corviknight|Brave Bird|p1a: Beast boy\n|-damage|p1a: Beast boy|21\/100\n|-damage|p2a: Corviknight|88\/100|[from] Recoil\n|move|p2b: Iron Hands|Drain Punch|p1a: Beast boy\n|-supereffective|p1a: Beast boy\n|-damage|p1a: Beast boy|0 fnt\n|-heal|p2b: Iron Hands|46\/100|[from] drain|[of] p1a: Beast boy\n|faint|p1a: Beast boy\n|\n|win|Cooltrizzle\n|raw|NicoHaxVGC's rating: 1289 → 1268<\/strong> (-21 for losing)\n|raw|Cooltrizzle's rating: 1339 → 1356<\/strong> (+17 for winning)\n","uploadtime":1682986166,"views":20,"p1id":"nicohaxvgc","p2id":"cooltrizzle","formatid":"gen9vgc2023regulationc","rating":1268,"private":0,"password":""}