{"id":"gen9vgc2023regulationc-1859451906","p1":"E63\u2729593","p2":"JogadorZero","format":"[Gen 9] VGC 2023 Regulation C","log":"|j|\u2606E63\u2729593\n|j|\u2606JogadorZero\n|inactive|Battle timer is ON: inactive players will automatically lose when time's up.\n|t:|1683470305\n|gametype|doubles\n|player|p1|E63\u2729593|lillie-z|\n|player|p2|JogadorZero|veteran-gen6|\n|teamsize|p1|6\n|teamsize|p2|6\n|gen|9\n|tier|[Gen 9] VGC 2023 Regulation C\n|rated|Tournament battle\n|rule|Species Clause: Limit one of each Pok\u00e9mon\n|rule|Item Clause: Limit one of each item\n|clearpoke\n|poke|p1|Flutter Mane, L50|\n|poke|p1|Stonjourner, L50, F|\n|poke|p1|Ting-Lu, L50|\n|poke|p1|Palafin, L50, M|\n|poke|p1|Amoonguss, L50, M|\n|poke|p1|Arcanine, L50, M|\n|poke|p2|Amoonguss, L50, M|\n|poke|p2|Scizor, L50, F|\n|poke|p2|Chi-Yu, L50|\n|poke|p2|Talonflame, L50, M|\n|poke|p2|Flutter Mane, L50|\n|poke|p2|Dragonite, L50, F|\n|teampreview|4\n|inactive|E63\u2729593 also wants the timer to be on.\n|j| Riquelme14\n|j| Isabel Schmitt\n|j| DarkYorichi\u263e\n|c| Riquelme14|ele usa\n|c| Riquelme14|>Stonjourner\n|\n|t:|1683470326\n|start\n|switch|p1a: Arcanine|Arcanine, L50, M|100\/100\n|switch|p1b: Palafin|Palafin, L50, M|100\/100\n|switch|p2a: Talonflame|Talonflame, L50, M|100\/100\n|switch|p2b: Flutter Mane|Flutter Mane, L50|100\/100\n|-ability|p1a: Arcanine|Intimidate|boost\n|-unboost|p2a: Talonflame|atk|1\n|-unboost|p2b: Flutter Mane|atk|1\n|turn|1\n|\n|t:|1683470341\n|detailschange|p1b: Palafin|Palafin-Hero, L50, M\n|switch|p1b: Ting-Lu|Ting-Lu, L50|100\/100\n|-ability|p1b: Ting-Lu|Vessel of Ruin\n|move|p2a: Talonflame|Tailwind|p2a: Talonflame\n|-sidestart|p2: JogadorZero|move: Tailwind\n|move|p2b: Flutter Mane|Thunderbolt|p1b: Ting-Lu\n|-immune|p1b: Ting-Lu\n|move|p1a: Arcanine|Snarl|p2b: Flutter Mane|[spread] p2a,p2b\n|-damage|p2a: Talonflame|92\/100\n|-damage|p2b: Flutter Mane|94\/100\n|-unboost|p2b: Flutter Mane|spa|1\n|\n|upkeep\n|turn|2\n|\n|t:|1683470359\n|move|p1a: Arcanine|Protect|p1a: Arcanine\n|-singleturn|p1a: Arcanine|Protect\n|move|p2b: Flutter Mane|Shadow Ball|p1a: Arcanine\n|-activate|p1a: Arcanine|move: Protect\n|move|p2a: Talonflame|Will-O-Wisp|p1b: Ting-Lu|[miss]\n|-miss|p2a: Talonflame|p1b: Ting-Lu\n|move|p1b: Ting-Lu|Heavy Slam|p2b: Flutter Mane\n|-supereffective|p2b: Flutter Mane\n|-damage|p2b: Flutter Mane|0 fnt\n|faint|p2b: Flutter Mane\n|-end|p2b: Flutter Mane|Protosynthesis|[silent]\n|\n|upkeep\n|\n|t:|1683470365\n|switch|p2b: Chi-Yu|Chi-Yu, L50|100\/100\n|-ability|p2b: Chi-Yu|Beads of Ruin\n|turn|3\n|\n|t:|1683470380\n|move|p2b: Chi-Yu|Protect|p2b: Chi-Yu\n|-singleturn|p2b: Chi-Yu|Protect\n|move|p2a: Talonflame|Brave Bird|p1a: Arcanine\n|-damage|p1a: Arcanine|73\/100\n|-damage|p2a: Talonflame|82\/100|[from] Recoil\n|move|p1a: Arcanine|Snarl|p2a: Talonflame|[spread] p2a\n|-activate|p2b: Chi-Yu|move: Protect\n|-damage|p2a: Talonflame|72\/100\n|move|p1b: Ting-Lu|Stomping Tantrum|p2b: Chi-Yu\n|-activate|p2b: Chi-Yu|move: Protect\n|\n|upkeep\n|turn|4\n|\n|t:|1683470397\n|-terastallize|p2b: Chi-Yu|Grass\n|move|p2a: Talonflame|Will-O-Wisp|p1b: Ting-Lu\n|-status|p1b: Ting-Lu|brn\n|move|p2b: Chi-Yu|Tera Blast|p1b: Ting-Lu\n|-supereffective|p1b: Ting-Lu\n|-damage|p1b: Ting-Lu|61\/100 brn\n|-damage|p2b: Chi-Yu|90\/100|[from] item: Life Orb\n|move|p1a: Arcanine|Snarl|p2b: Chi-Yu|[spread] p2a,p2b\n|-crit|p2b: Chi-Yu\n|-damage|p2a: Talonflame|61\/100\n|-damage|p2b: Chi-Yu|79\/100\n|-unboost|p2b: Chi-Yu|spa|1\n|move|p1b: Ting-Lu|Stomping Tantrum|p2b: Chi-Yu\n|-resisted|p2b: Chi-Yu\n|-damage|p2b: Chi-Yu|67\/100\n|\n|-damage|p1b: Ting-Lu|55\/100 brn|[from] brn\n|-sideend|p2: JogadorZero|move: Tailwind\n|upkeep\n|turn|5\n|\n|t:|1683470412\n|move|p2a: Talonflame|Tailwind|p2a: Talonflame\n|-sidestart|p2: JogadorZero|move: Tailwind\n|move|p2b: Chi-Yu|Dark Pulse|p1a: Arcanine\n|-damage|p1a: Arcanine|33\/100\n|-enditem|p1a: Arcanine|Sitrus Berry|[eat]\n|-heal|p1a: Arcanine|58\/100|[from] item: Sitrus Berry\n|-damage|p2b: Chi-Yu|57\/100|[from] item: Life Orb\n|move|p1a: Arcanine|Flare Blitz|p2b: Chi-Yu\n|-supereffective|p2b: Chi-Yu\n|-damage|p2b: Chi-Yu|0 fnt\n|faint|p2b: Chi-Yu\n|-damage|p1a: Arcanine|46\/100|[from] Recoil\n|move|p1b: Ting-Lu|Ruination|p2a: Talonflame\n|-damage|p2a: Talonflame|31\/100\n|\n|-damage|p1b: Ting-Lu|49\/100 brn|[from] brn\n|upkeep\n|\n|t:|1683470418\n|switch|p2b: Scizor|Scizor, L50, F|100\/100\n|turn|6\n|\n|t:|1683470431\n|move|p2a: Talonflame|Brave Bird|p1a: Arcanine\n|-damage|p1a: Arcanine|21\/100\n|-damage|p2a: Talonflame|22\/100|[from] Recoil\n|move|p2b: Scizor|Pounce|p1a: Arcanine\n|-resisted|p1a: Arcanine\n|-damage|p1a: Arcanine|0 fnt\n|faint|p1a: Arcanine\n|move|p1b: Ting-Lu|Ruination|p2a: Talonflame\n|-damage|p2a: Talonflame|11\/100\n|\n|-damage|p1b: Ting-Lu|42\/100 brn|[from] brn\n|upkeep\n|\n|t:|1683470442\n|switch|p1a: Palafin|Palafin-Hero, L50, M|100\/100\n|-activate|p1a: Palafin|ability: Zero to Hero\n|turn|7\n|\n|t:|1683470452\n|move|p1a: Palafin|Jet Punch|p2a: Talonflame\n|-supereffective|p2a: Talonflame\n|-damage|p2a: Talonflame|0 fnt\n|faint|p2a: Talonflame\n|move|p2b: Scizor|Trailblaze|p1a: Palafin\n|-supereffective|p1a: Palafin\n|-damage|p1a: Palafin|38\/100\n|-boost|p2b: Scizor|spe|1\n|move|p1b: Ting-Lu|Fissure|p2b: Scizor\n|-damage|p2b: Scizor|0 fnt\n|faint|p2b: Scizor\n|-ohko\n|\n|win|E63\u2729593\n|n|\u2606E63\u2729593|e63593\n|n|\u2606JogadorZero|jogadorzero\n|n| Riquelme14|riquelme14\n|n| Isabel Schmitt|isabelschmitt\n|n| DarkYorichi\u263e|darkyorichi\n","uploadtime":1683470453,"views":11,"p1id":"e63593","p2id":"jogadorzero","formatid":"gen9vgc2023regulationc","rating":0,"private":0,"password":""}