{"id":"gen9vgc2023regulationc-1851518012","p1":"marioman6444","p2":"nizlan","format":"[Gen 9] VGC 2023 Regulation C","log":"|j|\u2606marioman6444\n|j|\u2606nizlan\n|t:|1682451897\n|gametype|doubles\n|player|p1|marioman6444|hoopster|1167\n|player|p2|nizlan|giovanni|1266\n|teamsize|p1|6\n|teamsize|p2|6\n|gen|9\n|tier|[Gen 9] VGC 2023 Regulation C\n|rated|\n|rule|Species Clause: Limit one of each Pok\u00e9mon\n|rule|Item Clause: Limit one of each item\n|clearpoke\n|poke|p1|Tsareena, L50, F|\n|poke|p1|Gyarados, L50, M|\n|poke|p1|Sableye, L50, M|\n|poke|p1|Gholdengo, L50|\n|poke|p1|Roaring Moon, L50|\n|poke|p1|Ting-Lu, L50|\n|poke|p2|Palafin, L50, M|\n|poke|p2|Ting-Lu, L50|\n|poke|p2|Garganacl, L50, M|\n|poke|p2|Flutter Mane, L50|\n|poke|p2|Arcanine, L50, F|\n|poke|p2|Gothitelle, L50, F|\n|teampreview|4\n|inactive|Battle timer is ON: inactive players will automatically lose when time's up. (requested by marioman6444)\n|inactive|marioman6444 has 60 seconds left.\n|inactive|nizlan has 60 seconds left.\n|inactive|marioman6444 has 30 seconds left.\n|inactive|nizlan has 30 seconds left.\n|\n|t:|1682451964\n|start\n|switch|p1a: YOU'RE QUEEN|Tsareena, L50, F, shiny|100\/100\n|switch|p1b: G\u25cbBLIN M\u25cbDE|Sableye, L50, M, shiny|100\/100\n|switch|p2a: Flutter Mane|Flutter Mane, L50|100\/100\n|switch|p2b: Garganacl|Garganacl, L50, M|100\/100\n|turn|1\n|\n|t:|1682451983\n|switch|p2b: Tank|Arcanine, L50, F, shiny|100\/100\n|-ability|p2b: Tank|Intimidate|boost\n|-unboost|p1a: YOU'RE QUEEN|atk|1\n|-unboost|p1b: G\u25cbBLIN M\u25cbDE|atk|1\n|-terastallize|p2a: Flutter Mane|Fairy\n|move|p1b: G\u25cbBLIN M\u25cbDE|Thunder Wave|p2a: Flutter Mane\n|-status|p2a: Flutter Mane|par\n|move|p2a: Flutter Mane|Moonblast|p1b: G\u25cbBLIN M\u25cbDE\n|-supereffective|p1b: G\u25cbBLIN M\u25cbDE\n|-enditem|p1b: G\u25cbBLIN M\u25cbDE|Roseli Berry|[eat]\n|-enditem|p1b: G\u25cbBLIN M\u25cbDE|Roseli Berry|[weaken]\n|-damage|p1b: G\u25cbBLIN M\u25cbDE|0 fnt\n|faint|p1b: G\u25cbBLIN M\u25cbDE\n|move|p1a: YOU'RE QUEEN|Power Whip|p2a: Flutter Mane\n|-damage|p2a: Flutter Mane|8\/100 par\n|\n|upkeep\n|\n|t:|1682452007\n|switch|p1b: UtakeDAmoon!|Roaring Moon, L50, shiny|100\/100\n|-enditem|p1b: UtakeDAmoon!|Booster Energy\n|-activate|p1b: UtakeDAmoon!|ability: Protosynthesis|[fromitem]\n|-start|p1b: UtakeDAmoon!|protosynthesisatk\n|turn|2\n|\n|t:|1682452019\n|move|p1a: YOU'RE QUEEN|Protect|p1a: YOU'RE QUEEN\n|-singleturn|p1a: YOU'RE QUEEN|Protect\n|move|p1b: UtakeDAmoon!|Acrobatics|p2a: Flutter Mane\n|-damage|p2a: Flutter Mane|0 fnt\n|faint|p2a: Flutter Mane\n|-end|p2a: Flutter Mane|Protosynthesis|[silent]\n|move|p2b: Tank|Flare Blitz|p1a: YOU'RE QUEEN\n|-activate|p1a: YOU'RE QUEEN|move: Protect\n|\n|upkeep\n|\n|t:|1682452026\n|switch|p2a: Garganacl|Garganacl, L50, M|100\/100\n|turn|3\n|\n|t:|1682452043\n|-terastallize|p1a: YOU'RE QUEEN|Fire\n|move|p1b: UtakeDAmoon!|Iron Head|p2a: Garganacl\n|-supereffective|p2a: Garganacl\n|-damage|p2a: Garganacl|41\/100\n|move|p2b: Tank|Flare Blitz|p1a: YOU'RE QUEEN\n|-resisted|p1a: YOU'RE QUEEN\n|-damage|p1a: YOU'RE QUEEN|71\/100\n|-damage|p2b: Tank|91\/100|[from] Recoil\n|move|p1a: YOU'RE QUEEN|Power Whip|p2a: Garganacl|[miss]\n|-miss|p1a: YOU'RE QUEEN|p2a: Garganacl\n|move|p2a: Garganacl|Salt Cure|p1b: UtakeDAmoon!\n|-damage|p1b: UtakeDAmoon!|80\/100\n|-start|p1b: UtakeDAmoon!|Salt Cure\n|\n|-heal|p2a: Garganacl|47\/100|[from] item: Leftovers\n|-damage|p1b: UtakeDAmoon!|68\/100|[from] Salt Cure\n|upkeep\n|turn|4\n|inactive|nizlan has 30 seconds left.\n|inactive|marioman6444 has 30 seconds left.\n|\n|t:|1682452082\n|move|p2a: Garganacl|Protect|p2a: Garganacl\n|-singleturn|p2a: Garganacl|Protect\n|move|p1b: UtakeDAmoon!|Acrobatics|p2b: Tank\n|-damage|p2b: Tank|25\/100\n|move|p2b: Tank|Will-O-Wisp|p1b: UtakeDAmoon!\n|-status|p1b: UtakeDAmoon!|brn\n|move|p1a: YOU'RE QUEEN|Power Whip|p2a: Garganacl\n|-activate|p2a: Garganacl|move: Protect\n|\n|-heal|p2a: Garganacl|53\/100|[from] item: Leftovers\n|-damage|p1b: UtakeDAmoon!|62\/100 brn|[from] brn\n|-damage|p1b: UtakeDAmoon!|50\/100 brn|[from] Salt Cure\n|upkeep\n|turn|5\n|inactive|nizlan has 30 seconds left.\n|\n|t:|1682452111\n|move|p2b: Tank|Extreme Speed||[still]\n|cant|p1a: YOU'RE QUEEN|ability: Queenly Majesty|Extreme Speed|[of] p2b: Tank\n|move|p1b: UtakeDAmoon!|Crunch|p2a: Garganacl\n|-damage|p2a: Garganacl|33\/100\n|move|p1a: YOU'RE QUEEN|Power Whip|p2a: Garganacl\n|-supereffective|p2a: Garganacl\n|-damage|p2a: Garganacl|0 fnt\n|faint|p2a: Garganacl\n|\n|-damage|p1b: UtakeDAmoon!|44\/100 brn|[from] brn\n|-damage|p1b: UtakeDAmoon!|32\/100 brn|[from] Salt Cure\n|upkeep\n|\n|t:|1682452122\n|switch|p2a: Ting-Lu|Ting-Lu, L50|100\/100\n|-ability|p2a: Ting-Lu|Vessel of Ruin\n|turn|6\n|\n|t:|1682452140\n|move|p1a: YOU'RE QUEEN|Protect|p1a: YOU'RE QUEEN\n|-singleturn|p1a: YOU'RE QUEEN|Protect\n|move|p1b: UtakeDAmoon!|Acrobatics|p2b: Tank\n|-damage|p2b: Tank|0 fnt\n|faint|p2b: Tank\n|move|p2a: Ting-Lu|Stomping Tantrum|p1a: YOU'RE QUEEN\n|-activate|p1a: YOU'RE QUEEN|move: Protect\n|\n|-damage|p1b: UtakeDAmoon!|25\/100 brn|[from] brn\n|-damage|p1b: UtakeDAmoon!|13\/100 brn|[from] Salt Cure\n|upkeep\n|turn|7\n|inactive|marioman6444 has 30 seconds left.\n|\n|t:|1682452166\n|move|p1b: UtakeDAmoon!|Iron Head|p2a: Ting-Lu\n|-crit|p2a: Ting-Lu\n|-damage|p2a: Ting-Lu|85\/100\n|move|p1a: YOU'RE QUEEN|High Jump Kick|p2a: Ting-Lu\n|-supereffective|p2a: Ting-Lu\n|-damage|p2a: Ting-Lu|53\/100\n|move|p2a: Ting-Lu|Fissure|p1b: UtakeDAmoon!|[miss]\n|-miss|p2a: Ting-Lu|p1b: UtakeDAmoon!\n|\n|-damage|p1b: UtakeDAmoon!|7\/100 brn|[from] brn\n|-damage|p1b: UtakeDAmoon!|0 fnt|[from] Salt Cure\n|faint|p1b: UtakeDAmoon!\n|-end|p1b: UtakeDAmoon!|Protosynthesis|[silent]\n|upkeep\n|\n|t:|1682452174\n|switch|p1b: G Holden GO|Gholdengo, L50|100\/100\n|turn|8\n|\n|t:|1682452185\n|move|p1b: G Holden GO|Nasty Plot|p1b: G Holden GO\n|-boost|p1b: G Holden GO|spa|2\n|move|p1a: YOU'RE QUEEN|Power Whip|p2a: Ting-Lu\n|-supereffective|p2a: Ting-Lu\n|-crit|p2a: Ting-Lu\n|-damage|p2a: Ting-Lu|0 fnt\n|faint|p2a: Ting-Lu\n|\n|win|marioman6444\n|raw|marioman6444's rating: 1167 → 1199<\/strong> (+32 for winning)\n|raw|nizlan's rating: 1266 → 1234<\/strong> (-32 for losing)\n|l|\u2606nizlan\n|c|\u2606marioman6444|Gg\n","uploadtime":1682452196,"views":15,"p1id":"marioman6444","p2id":"nizlan","formatid":"gen9vgc2023regulationc","rating":1199,"private":0,"password":""}