{"id":"gen9vgc2023regulationc-1854467157","p1":"Bout It 27","p2":"bananahammer74","format":"[Gen 9] VGC 2023 Regulation C","log":"|j|\u2606Bout It 27\n|j|\u2606bananahammer74\n|t:|1682814633\n|gametype|doubles\n|player|p1|Bout It 27|2|1332\n|player|p2|bananahammer74|swimmer-gen4dp|1323\n|teamsize|p1|6\n|teamsize|p2|6\n|gen|9\n|tier|[Gen 9] VGC 2023 Regulation C\n|rated|\n|rule|Species Clause: Limit one of each Pok\u00e9mon\n|rule|Item Clause: Limit one of each item\n|clearpoke\n|poke|p1|Garchomp, L50, F|\n|poke|p1|Murkrow, L50, F|\n|poke|p1|Annihilape, L50, F|\n|poke|p1|Tauros-Paldea-Aqua, L50, M|\n|poke|p1|Indeedee-F, L50, F|\n|poke|p1|Armarouge, L50, M|\n|poke|p2|Flutter Mane, L50|\n|poke|p2|Arcanine, L50, M|\n|poke|p2|Glimmora, L50, F|\n|poke|p2|Wo-Chien, L50|\n|poke|p2|Dondozo, L50, F|\n|poke|p2|Tatsugiri, L50, F|\n|teampreview|4\n|inactive|Battle timer is ON: inactive players will automatically lose when time's up. (requested by bananahammer74)\nbananahammer74 has agreed to open team sheets.\n|inactive|bananahammer74 has 60 seconds left.\n|\n|t:|1682814670\n|start\n|switch|p1a: Garchomp|Garchomp, L50, F|100\/100\n|switch|p1b: Murkrow|Murkrow, L50, F|100\/100\n|switch|p2a: Glimmora|Glimmora, L50, F|100\/100\n|switch|p2b: Flutter Mane|Flutter Mane, L50|100\/100\n|-enditem|p2b: Flutter Mane|Booster Energy\n|-activate|p2b: Flutter Mane|ability: Protosynthesis|[fromitem]\n|-start|p2b: Flutter Mane|protosynthesisspa\n|turn|1\n|\n|t:|1682814692\n|-terastallize|p1a: Garchomp|Ground\n|-terastallize|p2a: Glimmora|Water\n|move|p1b: Murkrow|Tailwind|p1b: Murkrow\n|-sidestart|p1: Bout It 27|move: Tailwind\n|move|p1a: Garchomp|Earthquake|p2a: Glimmora|[spread] p2a,p2b\n|-immune|p1b: Murkrow\n|-damage|p2a: Glimmora|20\/100\n|-damage|p2b: Flutter Mane|0 fnt\n|-activate|p2a: Glimmora|ability: Toxic Debris\n|-sidestart|p1: Bout It 27|move: Toxic Spikes\n|faint|p2b: Flutter Mane\n|-end|p2b: Flutter Mane|Protosynthesis|[silent]\n|move|p2a: Glimmora|Power Gem|p1a: Garchomp\n|-resisted|p1a: Garchomp\n|-damage|p1a: Garchomp|83\/100\n|\n|upkeep\n|\n|t:|1682814706\n|switch|p2b: Wo-Chien|Wo-Chien, L50|100\/100\n|-ability|p2b: Wo-Chien|Tablets of Ruin\n|turn|2\n|\n|t:|1682814722\n|switch|p1a: Annihilape|Annihilape, L50, F|100\/100\n|-status|p1a: Annihilape|psn\n|move|p2a: Glimmora|Spiky Shield|p2a: Glimmora\n|-singleturn|p2a: Glimmora|move: Protect\n|move|p1b: Murkrow|Foul Play|p2a: Glimmora\n|-activate|p2a: Glimmora|move: Protect\n|-damage|p1b: Murkrow|89\/100|[from] Spiky Shield|[of] p2a: Glimmora\n|move|p2b: Wo-Chien|Leech Seed|p1a: Annihilape|[miss]\n|-miss|p2b: Wo-Chien|p1a: Annihilape\n|\n|-damage|p1a: Annihilape|88\/100 psn|[from] psn\n|upkeep\n|turn|3\n|\n|t:|1682814745\n|move|p1b: Murkrow|Foul Play|p2a: Glimmora\n|-damage|p2a: Glimmora|7\/100\n|-activate|p2a: Glimmora|ability: Toxic Debris\n|-sidestart|p1: Bout It 27|move: Toxic Spikes\n|move|p1a: Annihilape|Bulk Up|p1a: Annihilape\n|-boost|p1a: Annihilape|atk|1\n|-boost|p1a: Annihilape|def|1\n|move|p2a: Glimmora|Power Gem|p1b: Murkrow\n|-supereffective|p1b: Murkrow\n|-damage|p1b: Murkrow|13\/100\n|move|p2b: Wo-Chien|Leech Seed|p1a: Annihilape\n|-start|p1a: Annihilape|move: Leech Seed\n|\n|-damage|p1a: Annihilape|76\/100 psn|[from] Leech Seed|[of] p2b: Wo-Chien\n|-damage|p1a: Annihilape|63\/100 psn|[from] psn\n|upkeep\n|turn|4\n|inactive|Bout It 27 has 30 seconds left.\n|\n|t:|1682814770\n|move|p2a: Glimmora|Spiky Shield|p2a: Glimmora\n|-singleturn|p2a: Glimmora|move: Protect\n|move|p2b: Wo-Chien|Protect|p2b: Wo-Chien\n|-singleturn|p2b: Wo-Chien|Protect\n|move|p1b: Murkrow|Taunt|p2a: Glimmora\n|-activate|p2a: Glimmora|move: Protect\n|move|p1a: Annihilape|Drain Punch|p2b: Wo-Chien\n|-activate|p2b: Wo-Chien|move: Protect\n|\n|-damage|p1a: Annihilape|51\/100 psn|[from] Leech Seed|[of] p2b: Wo-Chien\n|-damage|p1a: Annihilape|38\/100 psn|[from] psn\n|-sideend|p1: Bout It 27|move: Tailwind\n|upkeep\n|turn|5\n|inactive|bananahammer74 has 30 seconds left.\n|\n|t:|1682814796\n|move|p1b: Murkrow|Tailwind|p1b: Murkrow\n|-sidestart|p1: Bout It 27|move: Tailwind\n|move|p1a: Annihilape|Drain Punch|p2b: Wo-Chien\n|-supereffective|p2b: Wo-Chien\n|-damage|p2b: Wo-Chien|35\/100\n|-heal|p1a: Annihilape|67\/100 psn|[from] drain|[of] p2b: Wo-Chien\n|move|p2a: Glimmora|Power Gem|p1b: Murkrow\n|-supereffective|p1b: Murkrow\n|-damage|p1b: Murkrow|0 fnt\n|faint|p1b: Murkrow\n|move|p2b: Wo-Chien|Giga Drain|p1a: Annihilape\n|-crit|p1a: Annihilape\n|-damage|p1a: Annihilape|34\/100 psn\n|-heal|p2b: Wo-Chien|54\/100|[from] drain|[of] p1a: Annihilape\n|\n|-heal|p2b: Wo-Chien|60\/100|[from] item: Leftovers\n|-damage|p1a: Annihilape|21\/100 psn|[from] Leech Seed|[of] p2b: Wo-Chien\n|-heal|p2b: Wo-Chien|74\/100|[silent]\n|-damage|p1a: Annihilape|9\/100 psn|[from] psn\n|upkeep\n|-enditem|p1a: Annihilape|Figy Berry|[eat]\n|-heal|p1a: Annihilape|42\/100 psn|[from] item: Figy Berry\n|inactive|Bout It 27 has 30 seconds left.\n|\n|t:|1682814822\n|switch|p1b: Tauros|Tauros-Paldea-Aqua, L50, M|100\/100\n|-status|p1b: Tauros|tox\n|-enditem|p1b: Tauros|Lum Berry|[eat]\n|-curestatus|p1b: Tauros|tox|[msg]\n|-ability|p1b: Tauros|Intimidate|boost\n|-unboost|p2a: Glimmora|atk|1\n|-unboost|p2b: Wo-Chien|atk|1\n|turn|6\n|\n|t:|1682814836\n|switch|p1a: Garchomp|Garchomp, L50, F, tera:Ground|83\/100\n|-status|p1a: Garchomp|tox\n|move|p2a: Glimmora|Spiky Shield|p2a: Glimmora\n|-singleturn|p2a: Glimmora|move: Protect\n|move|p2b: Wo-Chien|Protect|p2b: Wo-Chien\n|-singleturn|p2b: Wo-Chien|Protect\n|move|p1b: Tauros|Close Combat|p2b: Wo-Chien\n|-activate|p2b: Wo-Chien|move: Protect\n|\n|-heal|p2b: Wo-Chien|81\/100|[from] item: Leftovers\n|-damage|p1a: Garchomp|77\/100 tox|[from] psn\n|upkeep\n|turn|7\n|inactive|Bout It 27 has 30 seconds left.\n|inactive|Bout It 27 has 20 seconds left.\n|\n|t:|1682814875\n|switch|p2a: Arcanine|Arcanine, L50, M|100\/100\n|-ability|p2a: Arcanine|Intimidate|boost\n|-unboost|p1a: Garchomp|atk|1\n|-unboost|p1b: Tauros|atk|1\n|move|p1a: Garchomp|Rock Slide|p2b: Wo-Chien|[spread] p2a,p2b\n|-supereffective|p2a: Arcanine\n|-damage|p2a: Arcanine|68\/100\n|-damage|p2b: Wo-Chien|68\/100\n|move|p1b: Tauros|Close Combat|p2b: Wo-Chien\n|-supereffective|p2b: Wo-Chien\n|-damage|p2b: Wo-Chien|20\/100\n|-unboost|p1b: Tauros|def|1\n|-unboost|p1b: Tauros|spd|1\n|cant|p2b: Wo-Chien|flinch\n|\n|-heal|p2b: Wo-Chien|26\/100|[from] item: Leftovers\n|-damage|p1a: Garchomp|65\/100 tox|[from] psn\n|upkeep\n|turn|8\n|\n|t:|1682814899\n|move|p2b: Wo-Chien|Protect|p2b: Wo-Chien\n|-singleturn|p2b: Wo-Chien|Protect\n|move|p1b: Tauros|Aqua Jet|p2a: Arcanine\n|-supereffective|p2a: Arcanine\n|-damage|p2a: Arcanine|43\/100\n|move|p1a: Garchomp|Rock Slide|p2a: Arcanine|[spread] p2a\n|-activate|p2b: Wo-Chien|move: Protect\n|-supereffective|p2a: Arcanine\n|-damage|p2a: Arcanine|9\/100\n|move|p2a: Arcanine|Bulldoze|p1b: Tauros|[spread] p1a,p1b\n|-activate|p2b: Wo-Chien|move: Protect\n|-damage|p1a: Garchomp|55\/100 tox\n|-damage|p1b: Tauros|82\/100\n|-unboost|p1a: Garchomp|spe|1\n|-unboost|p1b: Tauros|spe|1\n|\n|-heal|p2b: Wo-Chien|32\/100|[from] item: Leftovers\n|-damage|p1a: Garchomp|37\/100 tox|[from] psn\n|-sideend|p1: Bout It 27|move: Tailwind\n|upkeep\n|turn|9\n|\n|t:|1682814922\n|switch|p2a: Glimmora|Glimmora, L50, F, tera:Water|7\/100\n|move|p1a: Garchomp|Rock Slide|p2b: Wo-Chien|[spread] p2b\n|-miss|p1a: Garchomp|p2a: Glimmora\n|-damage|p2b: Wo-Chien|19\/100\n|move|p1b: Tauros|Close Combat|p2b: Wo-Chien\n|-supereffective|p2b: Wo-Chien\n|-damage|p2b: Wo-Chien|0 fnt\n|-unboost|p1b: Tauros|def|1\n|-unboost|p1b: Tauros|spd|1\n|faint|p2b: Wo-Chien\n|\n|-damage|p1a: Garchomp|14\/100 tox|[from] psn\n|upkeep\n|\n|t:|1682814935\n|switch|p2b: Arcanine|Arcanine, L50, M|9\/100\n|-ability|p2b: Arcanine|Intimidate|boost\n|-unboost|p1a: Garchomp|atk|1\n|-unboost|p1b: Tauros|atk|1\n|turn|10\n|inactive|bananahammer74 has 30 seconds left.\n|\n|t:|1682814964\n|switch|p1a: Annihilape|Annihilape, L50, F|42\/100 psn\n|move|p2b: Arcanine|Extreme Speed|p1a: Annihilape\n|-immune|p1a: Annihilape\n|move|p1b: Tauros|Aqua Jet|p2b: Arcanine\n|-supereffective|p2b: Arcanine\n|-damage|p2b: Arcanine|0 fnt\n|faint|p2b: Arcanine\n|move|p2a: Glimmora|Earth Power|p1b: Tauros\n|-damage|p1b: Tauros|6\/100\n|\n|-damage|p1a: Annihilape|30\/100 psn|[from] psn\n|upkeep\n|turn|11\n|inactive|Bout It 27 has 30 seconds left.\n|\n|t:|1682814992\n|move|p2a: Glimmora|Spiky Shield|p2a: Glimmora\n|-singleturn|p2a: Glimmora|move: Protect\n|move|p1b: Tauros|Aqua Jet|p2a: Glimmora\n|-activate|p2a: Glimmora|move: Protect\n|-damage|p1b: Tauros|0 fnt|[from] Spiky Shield|[of] p2a: Glimmora\n|faint|p1b: Tauros\n|move|p1a: Annihilape|Bulk Up|p1a: Annihilape\n|-boost|p1a: Annihilape|atk|1\n|-boost|p1a: Annihilape|def|1\n|\n|-damage|p1a: Annihilape|17\/100 psn|[from] psn\n|upkeep\n|\n|t:|1682815005\n|switch|p1b: Garchomp|Garchomp, L50, F, tera:Ground|14\/100 tox\n|turn|12\n|\n|t:|1682815015\n|move|p1b: Garchomp|Stomping Tantrum|p2a: Glimmora\n|-damage|p2a: Glimmora|0 fnt\n|faint|p2a: Glimmora\n|\n|win|Bout It 27\n|raw|Bout It 27's rating: 1332 → 1351<\/strong> (+19 for winning)\n|raw|bananahammer74's rating: 1323 → 1304<\/strong> (-19 for losing)\n|l|\u2606bananahammer74\n","uploadtime":1682815039,"views":12,"p1id":"boutit27","p2id":"bananahammer74","formatid":"gen9vgc2023regulationc","rating":1304,"private":0,"password":""}