{"id":"gen9vgc2023regulationc-1856531038","p1":"slytomb","p2":"Cilan123","format":"[Gen 9] VGC 2023 Regulation C","log":"|j|\u2606slytomb\n|j|\u2606Cilan123\n|t:|1683072264\n|gametype|doubles\n|player|p1|slytomb|265|\n|player|p2|Cilan123|cilan|\n|teamsize|p1|6\n|teamsize|p2|6\n|gen|9\n|tier|[Gen 9] VGC 2023 Regulation C\n|rule|Species Clause: Limit one of each Pok\u00e9mon\n|rule|Item Clause: Limit one of each item\n|clearpoke\n|poke|p1|Palafin, L50, F|\n|poke|p1|Drednaw, L50, M|\n|poke|p1|Pelipper, L50, F|\n|poke|p1|Dragonite, L50, M|\n|poke|p1|Flutter Mane, L50|\n|poke|p1|Iron Bundle, L50|\n|poke|p2|Maushold-Four, L50|\n|poke|p2|Armarouge, L50, F|\n|poke|p2|Annihilape, L50, M|\n|poke|p2|Arboliva, L50, M|\n|poke|p2|Dragapult, L50, F|\n|poke|p2|Dragonite, L50, F|\n|teampreview|4\nCilan123 has agreed to open team sheets.\n|\n|t:|1683072290\n|start\n|switch|p1a: Flutter Mane|Flutter Mane, L50|100\/100\n|switch|p1b: Iron Bundle|Iron Bundle, L50|100\/100\n|switch|p2a: Annihilape|Annihilape, L50, M|100\/100\n|switch|p2b: Dragapult|Dragapult, L50, F|100\/100\n|-enditem|p1b: Iron Bundle|Booster Energy\n|-activate|p1b: Iron Bundle|ability: Quark Drive|[fromitem]\n|-start|p1b: Iron Bundle|quarkdrivespe\n|turn|1\n|\n|t:|1683072312\n|-terastallize|p1a: Flutter Mane|Fairy\n|move|p1b: Iron Bundle|Freeze-Dry|p2b: Dragapult\n|-supereffective|p2b: Dragapult\n|-damage|p2b: Dragapult|4\/100\n|move|p2b: Dragapult|Phantom Force||[still]\n|-prepare|p2b: Dragapult|Phantom Force\n|move|p1a: Flutter Mane|Moonblast|p2a: Annihilape\n|-supereffective|p2a: Annihilape\n|-damage|p2a: Annihilape|0 fnt\n|faint|p2a: Annihilape\n|-damage|p1a: Flutter Mane|90\/100|[from] item: Life Orb\n|\n|upkeep\n|\n|t:|1683072332\n|switch|p2a: Arboliva|Arboliva, L50, M|100\/100\n|turn|2\n|\n|t:|1683072347\n|move|p1b: Iron Bundle|Freeze-Dry|p2a: Arboliva\n|-supereffective|p2a: Arboliva\n|-damage|p2a: Arboliva|36\/100\n|-fieldstart|move: Grassy Terrain|[from] ability: Seed Sower|[of] p2a: Arboliva\n|-enditem|p2a: Arboliva|Sitrus Berry|[eat]\n|-heal|p2a: Arboliva|61\/100|[from] item: Sitrus Berry\n|move|p2b: Dragapult|Phantom Force|p1a: Flutter Mane|[from]lockedmove\n|-damage|p1a: Flutter Mane|0 fnt\n|faint|p1a: Flutter Mane\n|-end|p1a: Flutter Mane|Protosynthesis|[silent]\n|move|p2a: Arboliva|Giga Drain|p1b: Iron Bundle\n|-supereffective|p1b: Iron Bundle\n|-damage|p1b: Iron Bundle|0 fnt\n|-heal|p2a: Arboliva|98\/100|[from] drain|[of] p1b: Iron Bundle\n|faint|p1b: Iron Bundle\n|-end|p1b: Iron Bundle|Quark Drive|[silent]\n|\n|-heal|p2b: Dragapult|10\/100|[from] Grassy Terrain\n|-heal|p2a: Arboliva|100\/100|[from] Grassy Terrain\n|upkeep\n|\n|t:|1683072366\n|switch|p1b: Drednaw|Drednaw, L50, M|100\/100\n|switch|p1a: Dragonite|Dragonite, L50, M|100\/100\n|turn|3\n|\n|t:|1683072400\n|move|p2a: Arboliva|Protect|p2a: Arboliva\n|-singleturn|p2a: Arboliva|Protect\n|move|p1a: Dragonite|Extreme Speed|p2a: Arboliva\n|-activate|p2a: Arboliva|move: Protect\n|move|p2b: Dragapult|Curse|p1a: Dragonite\n|-start|p1a: Dragonite|Curse|[of] p2b: Dragapult\n|-damage|p2b: Dragapult|0 fnt\n|faint|p2b: Dragapult\n|move|p1b: Drednaw|Rock Slide|p2a: Arboliva\n|-activate|p2a: Arboliva|move: Protect\n|\n|-damage|p1a: Dragonite|76\/100|[from] Curse\n|upkeep\n|\n|t:|1683072413\n|switch|p2b: Maushold|Maushold-Four, L50|100\/100\n|turn|4\n|\n|t:|1683072423\n|-terastallize|p2b: Maushold|Ghost\n|move|p2b: Maushold|Follow Me|p2b: Maushold\n|-singleturn|p2b: Maushold|move: Follow Me\n|move|p1a: Dragonite|Extreme Speed|p2b: Maushold\n|-immune|p2b: Maushold\n|move|p1b: Drednaw|Rock Slide|p2a: Arboliva|[spread] p2a,p2b\n|-damage|p2a: Arboliva|76\/100\n|-damage|p2b: Maushold|59\/100\n|move|p2a: Arboliva|Giga Drain|p1b: Drednaw\n|-supereffective|p1b: Drednaw\n|-damage|p1b: Drednaw|0 fnt\n|-heal|p2a: Arboliva|100\/100|[from] drain|[of] p1b: Drednaw\n|faint|p1b: Drednaw\n|\n|-heal|p2b: Maushold|65\/100|[from] Grassy Terrain\n|-damage|p1a: Dragonite|51\/100|[from] Curse\n|upkeep\n|turn|5\n|c|\u2606Cilan123|GG\n|\n|t:|1683072442\n|move|p2b: Maushold|Follow Me|p2b: Maushold\n|-singleturn|p2b: Maushold|move: Follow Me\n|move|p1a: Dragonite|Extreme Speed|p2b: Maushold\n|-immune|p2b: Maushold\n|move|p2a: Arboliva|Pollen Puff|p2b: Maushold\n|-heal|p2b: Maushold|100\/100\n|\n|-damage|p1a: Dragonite|26\/100|[from] Curse\n|upkeep\n|turn|6\n|\n|t:|1683072458\n|move|p2b: Maushold|Follow Me|p2b: Maushold\n|-singleturn|p2b: Maushold|move: Follow Me\n|move|p1a: Dragonite|Extreme Speed|p2b: Maushold\n|-immune|p2b: Maushold\n|move|p2a: Arboliva|Giga Drain|p1a: Dragonite\n|-resisted|p1a: Dragonite\n|-damage|p1a: Dragonite|14\/100\n|\n|-damage|p1a: Dragonite|0 fnt|[from] Curse\n|faint|p1a: Dragonite\n|\n|win|Cilan123\n|upkeep\n|l|\u2606slytomb\n","uploadtime":1683073372,"views":22,"p1id":"slytomb","p2id":"cilan123","formatid":"gen9vgc2023regulationc","rating":0,"private":0,"password":""}