{"id":"gen9vgc2023regulationc-1851364916","p1":"sergio23perez","p2":"Felipe.Miller.V","format":"[Gen 9] VGC 2023 Regulation C","log":"|j|\u2606sergio23perez\n|j|\u2606Felipe.Miller.V\n|t:|1682439213\n|gametype|doubles\n|player|p1|sergio23perez|1|1122\n|player|p2|Felipe.Miller.V|2|1208\n|teamsize|p1|6\n|teamsize|p2|6\n|gen|9\n|tier|[Gen 9] VGC 2023 Regulation C\n|rated|\n|rule|Species Clause: Limit one of each Pok\u00e9mon\n|rule|Item Clause: Limit one of each item\n|clearpoke\n|poke|p1|Roaring Moon, L50|\n|poke|p1|Amoonguss, L50, M|\n|poke|p1|Ting-Lu, L50|\n|poke|p1|Arcanine, L50, M|\n|poke|p1|Flutter Mane, L50|\n|poke|p1|Palafin, L50, F|\n|poke|p2|Eiscue, L50, M|\n|poke|p2|Pikachu, L50, F|\n|poke|p2|Palafin, L50, F|\n|poke|p2|Abomasnow, L50, F|\n|poke|p2|Iron Bundle, L50|\n|poke|p2|Bellibolt, L50, F|\n|teampreview|4\n|inactive|Battle timer is ON: inactive players will automatically lose when time's up. (requested by sergio23perez)\n|inactive|Felipe.Miller.V has 60 seconds left.\nsergio23perez has agreed to open team sheets.\n|\n|t:|1682439261\n|start\n|switch|p1a: Mimi|Flutter Mane, L50|100\/100\n|switch|p1b: Roaring Moon|Roaring Moon, L50|100\/100\n|switch|p2a: Pikachu|Pikachu, L50, F|100\/100\n|switch|p2b: DanoninhoIce|Eiscue, L50, M, shiny|100\/100\n|-enditem|p1b: Roaring Moon|Booster Energy\n|-activate|p1b: Roaring Moon|ability: Protosynthesis|[fromitem]\n|-start|p1b: Roaring Moon|protosynthesisatk\n|turn|1\n|\n|t:|1682439282\n|-terastallize|p1a: Mimi|Fairy\n|move|p2a: Pikachu|Fake Out|p1b: Roaring Moon\n|-damage|p1b: Roaring Moon|87\/100\n|move|p1a: Mimi|Dazzling Gleam|p2a: Pikachu|[spread] p2a,p2b\n|-crit|p2a: Pikachu\n|-damage|p2a: Pikachu|0 fnt\n|-damage|p2b: DanoninhoIce|54\/100\n|faint|p2a: Pikachu\n|cant|p1b: Roaring Moon|flinch\n|move|p2b: DanoninhoIce|Belly Drum|p2b: DanoninhoIce\n|-damage|p2b: DanoninhoIce|4\/100\n|-setboost|p2b: DanoninhoIce|atk|6|[from] move: Belly Drum\n|-enditem|p2b: DanoninhoIce|Sitrus Berry|[eat]\n|-heal|p2b: DanoninhoIce|29\/100|[from] item: Sitrus Berry\n|\n|upkeep\n|\n|t:|1682439298\n|switch|p2a: Nhonho|Bellibolt, L50, F, shiny|100\/100\n|turn|2\n|\n|t:|1682439306\n|move|p2b: DanoninhoIce|Protect|p2b: DanoninhoIce\n|-singleturn|p2b: DanoninhoIce|Protect\n|move|p1a: Mimi|Dazzling Gleam|p2b: DanoninhoIce|[spread] p2a\n|-activate|p2b: DanoninhoIce|move: Protect\n|-crit|p2a: Nhonho\n|-damage|p2a: Nhonho|20\/100\n|-start|p2a: Nhonho|Charge|Dazzling Gleam|[from] ability: Electromorphosis\n|-enditem|p2a: Nhonho|Iapapa Berry|[eat]\n|-heal|p2a: Nhonho|53\/100|[from] item: Iapapa Berry\n|move|p1b: Roaring Moon|Throat Chop|p2a: Nhonho\n|-damage|p2a: Nhonho|7\/100\n|-start|p2a: Nhonho|Throat Chop|[silent]\n|-start|p2a: Nhonho|Charge|Throat Chop|[from] ability: Electromorphosis\n|move|p2a: Nhonho|Thunder Wave|p1a: Mimi\n|-status|p1a: Mimi|par\n|-end|p2a: Nhonho|Charge|[silent]\n|\n|upkeep\n|turn|3\n|inactive|Felipe.Miller.V has 30 seconds left.\n|\n|t:|1682439335\n|move|p1b: Roaring Moon|Throat Chop|p2b: DanoninhoIce\n|-activate|p2b: DanoninhoIce|ability: Ice Face\n|-damage|p2b: DanoninhoIce|29\/100\n|-start|p2b: DanoninhoIce|Throat Chop|[silent]\n|detailschange|p2b: DanoninhoIce|Eiscue-Noice, L50, M, shiny\n|move|p2b: DanoninhoIce|Ice Spinner|p1b: Roaring Moon\n|-supereffective|p1b: Roaring Moon\n|-damage|p1b: Roaring Moon|0 fnt\n|faint|p1b: Roaring Moon\n|-end|p1b: Roaring Moon|Protosynthesis|[silent]\n|cant|p1a: Mimi|par\n|move|p2a: Nhonho|Thunder Wave|p1a: Mimi\n|-fail|p1a: Mimi|par\n|\n|-end|p2a: Nhonho|Throat Chop|[silent]\n|upkeep\n|inactive|sergio23perez has 30 seconds left.\n|\n|t:|1682439361\n|switch|p1b: Palafin|Palafin, L50, F|100\/100\n|turn|4\n|\n|t:|1682439381\n|switch|p2a: Abominavel|Abomasnow, L50, F|100\/100\n|-weather|Snow|[from] ability: Snow Warning|[of] p2a: Abominavel\n|-activate|p2b: DanoninhoIce|ability: Ice Face\n|detailschange|p2b: DanoninhoIce|Eiscue, L50, M, shiny\n|move|p1b: Palafin|Jet Punch|p2b: DanoninhoIce\n|-activate|p2b: DanoninhoIce|ability: Ice Face\n|-damage|p2b: DanoninhoIce|29\/100\n|detailschange|p2b: DanoninhoIce|Eiscue-Noice, L50, M, shiny\n|move|p2b: DanoninhoIce|Ice Spinner|p1a: Mimi\n|-damage|p1a: Mimi|0 fnt\n|faint|p1a: Mimi\n|-end|p1a: Mimi|Protosynthesis|[silent]\n|\n|-weather|Snow|[upkeep]\n|-end|p2b: DanoninhoIce|Throat Chop|[silent]\n|upkeep\n|\n|t:|1682439395\n|switch|p1a: Su Novio|Ting-Lu, L50|100\/100\n|-ability|p1a: Su Novio|Vessel of Ruin\n|turn|5\n|\n|t:|1682439408\n|move|p2b: DanoninhoIce|Protect|p2b: DanoninhoIce\n|-singleturn|p2b: DanoninhoIce|Protect\n|move|p1b: Palafin|Jet Punch|p2b: DanoninhoIce\n|-activate|p2b: DanoninhoIce|move: Protect\n|move|p2a: Abominavel|Leaf Storm|p1b: Palafin\n|-supereffective|p1b: Palafin\n|-damage|p1b: Palafin|0 fnt\n|-unboost|p2a: Abominavel|spa|2\n|faint|p1b: Palafin\n|move|p1a: Su Novio|Ruination|p2a: Abominavel\n|-damage|p2a: Abominavel|51\/100\n|\n|-weather|Snow|[upkeep]\n|upkeep\n|turn|6\n|-message|sergio23perez forfeited.\n|\n|win|Felipe.Miller.V\n|raw|sergio23perez's rating: 1122 → 1103<\/strong> (-19 for losing)\n|raw|Felipe.Miller.V's rating: 1208 → 1227<\/strong> (+19 for winning)\n|l|\u2606sergio23perez\n|j|\u2606sergio23perez\n|player|p1|sergio23perez|1\n|l|\u2606sergio23perez\n|player|p1|\n","uploadtime":1682439424,"views":16,"p1id":"sergio23perez","p2id":"felipemillerv","formatid":"gen9vgc2023regulationc","rating":1103,"private":0,"password":""}