{"id":"gen9vgc2023regulationc-1855679066","p1":"JaviNJO","p2":"zippLapZapper","format":"[Gen 9] VGC 2023 Regulation C","log":"|j|\u2606JaviNJO\n|j|\u2606zippLapZapper\n|t:|1682972486\n|gametype|doubles\n|player|p1|JaviNJO|ethan|1403\n|player|p2|zippLapZapper|hilbert-wonderlauncher|1457\n|teamsize|p1|6\n|teamsize|p2|6\n|gen|9\n|tier|[Gen 9] VGC 2023 Regulation C\n|rated|\n|rule|Species Clause: Limit one of each Pok\u00e9mon\n|rule|Item Clause: Limit one of each item\n|clearpoke\n|poke|p1|Amoonguss, L50, M|\n|poke|p1|Ceruledge, L50, M|\n|poke|p1|Great Tusk, L50|\n|poke|p1|Farigiraf, L50, M|\n|poke|p1|Gyarados, L50, M|\n|poke|p1|Glimmora, L50, M|\n|poke|p2|Garchomp, L50, F|\n|poke|p2|Talonflame, L50, M|\n|poke|p2|Tyranitar, L50, M|\n|poke|p2|Iron Bundle, L50|\n|poke|p2|Flutter Mane, L50|\n|poke|p2|Chien-Pao, L50|\n|teampreview|4\nzippLapZapper has agreed to open team sheets.\nJaviNJO rejected open team sheets.\n|inactive|Battle timer is ON: inactive players will automatically lose when time's up. (requested by JaviNJO)\n|\n|t:|1682972574\n|start\n|switch|p1a: Gyarados|Gyarados, L50, M|100\/100\n|switch|p1b: Glimmora|Glimmora, L50, M|100\/100\n|switch|p2a: Garchomp|Garchomp, L50, F|100\/100\n|switch|p2b: Chien-Pao|Chien-Pao, L50|100\/100\n|-ability|p2b: Chien-Pao|Sword of Ruin\n|-ability|p1a: Gyarados|Intimidate|boost\n|-fail|p2a: Garchomp|unboost|[from] item: Clear Amulet|[of] p2a: Garchomp\n|-unboost|p2b: Chien-Pao|atk|1\n|turn|1\n|inactive|JaviNJO has 30 seconds left.\n|inactive|zippLapZapper has 30 seconds left.\n|inactive|JaviNJO has 20 seconds left.\n|\n|t:|1682972610\n|-terastallize|p1b: Glimmora|Grass\n|move|p2b: Chien-Pao|Ice Spinner|p1b: Glimmora\n|-supereffective|p1b: Glimmora\n|-damage|p1b: Glimmora|25\/100\n|-activate|p1b: Glimmora|ability: Toxic Debris\n|-sidestart|p2: zippLapZapper|move: Toxic Spikes\n|move|p2a: Garchomp|Stomping Tantrum|p1b: Glimmora\n|-resisted|p1b: Glimmora\n|-damage|p1b: Glimmora|0 fnt\n|-activate|p1b: Glimmora|ability: Toxic Debris\n|-sidestart|p2: zippLapZapper|move: Toxic Spikes\n|faint|p1b: Glimmora\n|move|p1a: Gyarados|Thunder Wave|p2b: Chien-Pao\n|-status|p2b: Chien-Pao|par\n|\n|upkeep\n|\n|t:|1682972632\n|switch|p1b: Amoonguss|Amoonguss, L50, M|100\/100\n|turn|2\n|\n|t:|1682972643\n|move|p2a: Garchomp|Protect|p2a: Garchomp\n|-singleturn|p2a: Garchomp|Protect\n|move|p1a: Gyarados|Waterfall|p2b: Chien-Pao\n|-damage|p2b: Chien-Pao|39\/100 par\n|cant|p2b: Chien-Pao|par\n|move|p1b: Amoonguss|Spore|p2a: Garchomp\n|-activate|p2a: Garchomp|move: Protect\n|\n|upkeep\n|turn|3\n|\n|t:|1682972661\n|move|p2a: Garchomp|Stomping Tantrum|p1b: Amoonguss\n|-damage|p1b: Amoonguss|55\/100\n|move|p1a: Gyarados|Waterfall|p2b: Chien-Pao\n|-damage|p2b: Chien-Pao|0 fnt\n|faint|p2b: Chien-Pao\n|move|p1b: Amoonguss|Spore|p2a: Garchomp\n|-status|p2a: Garchomp|slp|[from] move: Spore\n|\n|upkeep\n|\n|t:|1682972667\n|switch|p2b: Iron Bundle|Iron Bundle, L50|100\/100\n|-status|p2b: Iron Bundle|tox\n|-enditem|p2b: Iron Bundle|Booster Energy\n|-activate|p2b: Iron Bundle|ability: Quark Drive|[fromitem]\n|-start|p2b: Iron Bundle|quarkdrivespe\n|turn|4\n|inactive|zippLapZapper has 30 seconds left.\n|\n|t:|1682972694\n|move|p1b: Amoonguss|Rage Powder|p1b: Amoonguss\n|-singleturn|p1b: Amoonguss|move: Rage Powder\n|move|p2b: Iron Bundle|Freeze-Dry|p1b: Amoonguss\n|-supereffective|p1b: Amoonguss\n|-damage|p1b: Amoonguss|1\/100\n|-enditem|p1b: Amoonguss|Sitrus Berry|[eat]\n|-heal|p1b: Amoonguss|26\/100|[from] item: Sitrus Berry\n|cant|p2a: Garchomp|slp\n|move|p1a: Gyarados|Waterfall|p2a: Garchomp\n|-damage|p2a: Garchomp|55\/100 slp\n|-damage|p1a: Gyarados|88\/100|[from] ability: Rough Skin|[of] p2a: Garchomp\n|\n|-damage|p2b: Iron Bundle|95\/100 tox|[from] psn\n|upkeep\n|turn|5\n|\n|t:|1682972713\n|move|p1b: Amoonguss|Rage Powder|p1b: Amoonguss\n|-singleturn|p1b: Amoonguss|move: Rage Powder\n|move|p2b: Iron Bundle|Freeze-Dry|p1b: Amoonguss\n|-supereffective|p1b: Amoonguss\n|-damage|p1b: Amoonguss|0 fnt\n|faint|p1b: Amoonguss\n|cant|p2a: Garchomp|slp\n|move|p1a: Gyarados|Waterfall|p2a: Garchomp\n|-damage|p2a: Garchomp|10\/100 slp\n|-damage|p1a: Gyarados|76\/100|[from] ability: Rough Skin|[of] p2a: Garchomp\n|\n|-damage|p2b: Iron Bundle|84\/100 tox|[from] psn\n|upkeep\n|\n|t:|1682972724\n|switch|p1b: Great Tusk|Great Tusk, L50|100\/100\n|turn|6\n|inactive|zippLapZapper has 30 seconds left.\n|inactive|zippLapZapper has 20 seconds left.\n|inactive|zippLapZapper has 15 seconds left.\n|inactive|zippLapZapper has 10 seconds left.\n|inactive|zippLapZapper has 5 seconds left.\n|\n|t:|1682972776\n|move|p2b: Iron Bundle|Protect|p2b: Iron Bundle\n|-singleturn|p2b: Iron Bundle|Protect\n|move|p1a: Gyarados|Protect|p1a: Gyarados\n|-singleturn|p1a: Gyarados|Protect\n|cant|p2a: Garchomp|slp\n|move|p1b: Great Tusk|Earthquake|p2a: Garchomp|[spread] p2a\n|-activate|p1a: Gyarados|move: Protect\n|-activate|p2b: Iron Bundle|move: Protect\n|-damage|p2a: Garchomp|0 fnt\n|faint|p2a: Garchomp\n|\n|-damage|p2b: Iron Bundle|67\/100 tox|[from] psn\n|upkeep\n|\n|t:|1682972783\n|switch|p2a: Tyranitar|Tyranitar, L50, M|100\/100\n|-status|p2a: Tyranitar|tox\n|-weather|Sandstorm|[from] ability: Sand Stream|[of] p2a: Tyranitar\n|turn|7\n|\n|t:|1682972806\n|-terastallize|p2a: Tyranitar|Grass\n|move|p1a: Gyarados|Protect||[still]\n|-fail|p1a: Gyarados\n|move|p2b: Iron Bundle|Freeze-Dry|p1b: Great Tusk\n|-supereffective|p1b: Great Tusk\n|-damage|p1b: Great Tusk|30\/100\n|move|p1b: Great Tusk|Close Combat|p2b: Iron Bundle\n|-supereffective|p2b: Iron Bundle\n|-crit|p2b: Iron Bundle\n|-damage|p2b: Iron Bundle|0 fnt\n|-unboost|p1b: Great Tusk|def|1\n|-unboost|p1b: Great Tusk|spd|1\n|faint|p2b: Iron Bundle\n|-end|p2b: Iron Bundle|Quark Drive|[silent]\n|move|p2a: Tyranitar|Rock Slide|p1a: Gyarados|[spread] p1a,p1b\n|-supereffective|p1a: Gyarados\n|-resisted|p1b: Great Tusk\n|-damage|p1a: Gyarados|8\/100\n|-damage|p1b: Great Tusk|22\/100\n|\n|-weather|Sandstorm|[upkeep]\n|-damage|p2a: Tyranitar|95\/100 tox|[from] Sandstorm\n|-damage|p2a: Tyranitar|89\/100 tox|[from] psn\n|upkeep\n|turn|8\n|\n|t:|1682972828\n|move|p1a: Gyarados|Protect|p1a: Gyarados\n|-singleturn|p1a: Gyarados|Protect\n|move|p1b: Great Tusk|Protect|p1b: Great Tusk\n|-singleturn|p1b: Great Tusk|Protect\n|move|p2a: Tyranitar|Rock Slide|p1b: Great Tusk|[spread] \n|-activate|p1a: Gyarados|move: Protect\n|-activate|p1b: Great Tusk|move: Protect\n|\n|-weather|Sandstorm|[upkeep]\n|-damage|p2a: Tyranitar|83\/100 tox|[from] Sandstorm\n|-damage|p2a: Tyranitar|71\/100 tox|[from] psn\n|upkeep\n|turn|9\n|\n|t:|1682972847\n|move|p1a: Gyarados|Waterfall|p2a: Tyranitar\n|-resisted|p2a: Tyranitar\n|-damage|p2a: Tyranitar|52\/100 tox\n|move|p1b: Great Tusk|Close Combat|p2a: Tyranitar\n|-damage|p2a: Tyranitar|0 fnt\n|-unboost|p1b: Great Tusk|def|1\n|-unboost|p1b: Great Tusk|spd|1\n|faint|p2a: Tyranitar\n|\n|win|JaviNJO\n|raw|JaviNJO's rating: 1403 → 1426<\/strong> (+23 for winning)\n|raw|zippLapZapper's rating: 1457 → 1434<\/strong> (-23 for losing)\n","uploadtime":1682972861,"views":15,"p1id":"javinjo","p2id":"zipplapzapper","formatid":"gen9vgc2023regulationc","rating":1426,"private":0,"password":""}