{"id":"gen9vgc2023regulationc-1847920810","p1":"NickC_VGC","p2":"niteogard149","format":"[Gen 9] VGC 2023 Regulation C","log":"|j|\u2606NickC_VGC\n|j|\u2606niteogard149\n|t:|1682012808\n|gametype|doubles\n|player|p1|NickC_VGC|170|1137\n|player|p2|niteogard149|2|1151\n|teamsize|p1|6\n|teamsize|p2|6\n|gen|9\n|tier|[Gen 9] VGC 2023 Regulation C\n|rated|\n|rule|Species Clause: Limit one of each Pok\u00e9mon\n|rule|Item Clause: Limit one of each item\n|clearpoke\n|poke|p1|Bronzong, L50|\n|poke|p1|Amoonguss, L50, F|\n|poke|p1|Sylveon, L50, F|\n|poke|p1|Gastrodon-East, L50, F|\n|poke|p1|Arcanine, L50, F|\n|poke|p1|Ting-Lu, L50|\n|poke|p2|Tatsugiri, L50, M|\n|poke|p2|Glimmora, L50, M|\n|poke|p2|Iron Bundle, L50|\n|poke|p2|Dondozo, L50, M|\n|poke|p2|Chi-Yu, L50|\n|poke|p2|Flutter Mane, L50|\n|teampreview|4\n|inactive|Battle timer is ON: inactive players will automatically lose when time's up. (requested by niteogard149)\nniteogard149 rejected open team sheets.\n|inactive|NickC_VGC has 60 seconds left.\n|\n|t:|1682012856\n|start\n|switch|p1a: Amoonguss|Amoonguss, L50, F|100\/100\n|switch|p1b: Bronzong|Bronzong, L50|100\/100\n|switch|p2a: Flutter Mane|Flutter Mane, L50, shiny|100\/100\n|switch|p2b: Overheat|Chi-Yu, L50|100\/100\n|-ability|p2b: Overheat|Beads of Ruin\n|turn|1\n|\n|t:|1682012876\n|-terastallize|p2a: Flutter Mane|Fairy\n|-terastallize|p1b: Bronzong|Fire\n|move|p1a: Amoonguss|Protect|p1a: Amoonguss\n|-singleturn|p1a: Amoonguss|Protect\n|move|p2a: Flutter Mane|Dazzling Gleam|p1b: Bronzong|[spread] p1b\n|-activate|p1a: Amoonguss|move: Protect\n|-resisted|p1b: Bronzong\n|-damage|p1b: Bronzong|72\/100\n|move|p2b: Overheat|Heat Wave|p1b: Bronzong|[spread] p1b\n|-activate|p1a: Amoonguss|move: Protect\n|-resisted|p1b: Bronzong\n|-damage|p1b: Bronzong|53\/100\n|move|p1b: Bronzong|Trick Room|p1b: Bronzong\n|-fieldstart|move: Trick Room|[of] p1b: Bronzong\n|\n|-heal|p1b: Bronzong|59\/100|[from] item: Leftovers\n|upkeep\n|turn|2\n|\n|t:|1682012896\n|-end|p2a: Flutter Mane|Protosynthesis|[silent]\n|switch|p2a: Glimmora|Glimmora, L50, M, shiny|100\/100\n|move|p2b: Overheat|Protect|p2b: Overheat\n|-singleturn|p2b: Overheat|Protect\n|move|p1a: Amoonguss|Spore|p2b: Overheat\n|-activate|p2b: Overheat|move: Protect\n|move|p1b: Bronzong|Iron Defense|p1b: Bronzong\n|-boost|p1b: Bronzong|def|2\n|\n|-heal|p1b: Bronzong|65\/100|[from] item: Leftovers\n|upkeep\n|turn|3\n|\n|t:|1682012913\n|switch|p2b: Flutter Mane|Flutter Mane, L50, shiny, tera:Fairy|100\/100\n|move|p1a: Amoonguss|Spore|p2b: Flutter Mane\n|-status|p2b: Flutter Mane|slp|[from] move: Spore\n|move|p1b: Bronzong|Iron Defense|p1b: Bronzong\n|-boost|p1b: Bronzong|def|2\n|move|p2a: Glimmora|Power Gem|p1b: Bronzong\n|-supereffective|p1b: Bronzong\n|-damage|p1b: Bronzong|15\/100\n|\n|-heal|p1b: Bronzong|21\/100|[from] item: Leftovers\n|upkeep\n|turn|4\n|\n|t:|1682012931\n|switch|p2a: Iron Bundle|Iron Bundle, L50, shiny|100\/100\n|-enditem|p2a: Iron Bundle|Booster Energy\n|-activate|p2a: Iron Bundle|ability: Quark Drive|[fromitem]\n|-start|p2a: Iron Bundle|quarkdrivespe\n|move|p1a: Amoonguss|Spore|p2a: Iron Bundle\n|-status|p2a: Iron Bundle|slp|[from] move: Spore\n|move|p1b: Bronzong|Body Press|p2a: Iron Bundle\n|-supereffective|p2a: Iron Bundle\n|-damage|p2a: Iron Bundle|0 fnt\n|faint|p2a: Iron Bundle\n|-end|p2a: Iron Bundle|Quark Drive|[silent]\n|cant|p2b: Flutter Mane|slp\n|\n|-heal|p1b: Bronzong|27\/100|[from] item: Leftovers\n|upkeep\n|\n|t:|1682012945\n|switch|p2a: Overheat|Chi-Yu, L50|100\/100\n|-ability|p2a: Overheat|Beads of Ruin\n|turn|5\n|\n|t:|1682012967\n|move|p2a: Overheat|Protect|p2a: Overheat\n|-singleturn|p2a: Overheat|Protect\n|move|p1a: Amoonguss|Pollen Puff|p1b: Bronzong\n|-heal|p1b: Bronzong|77\/100\n|move|p1b: Bronzong|Body Press|p2b: Flutter Mane\n|-resisted|p2b: Flutter Mane\n|-damage|p2b: Flutter Mane|49\/100 slp\n|cant|p2b: Flutter Mane|slp\n|\n|-heal|p1b: Bronzong|83\/100|[from] item: Leftovers\n|-fieldend|move: Trick Room\n|upkeep\n|turn|6\n|inactive|niteogard149 has 30 seconds left.\n|\n|t:|1682012994\n|move|p1a: Amoonguss|Rage Powder|p1a: Amoonguss\n|-singleturn|p1a: Amoonguss|move: Rage Powder\n|cant|p2b: Flutter Mane|slp\n|move|p2a: Overheat|Heat Wave|p1b: Bronzong|[spread] p1a,p1b\n|-supereffective|p1a: Amoonguss\n|-resisted|p1b: Bronzong\n|-damage|p1a: Amoonguss|24\/100\n|-damage|p1b: Bronzong|67\/100\n|-enditem|p1a: Amoonguss|Sitrus Berry|[eat]\n|-heal|p1a: Amoonguss|49\/100|[from] item: Sitrus Berry\n|move|p1b: Bronzong|Trick Room|p1b: Bronzong\n|-fieldstart|move: Trick Room|[of] p1b: Bronzong\n|\n|-heal|p1b: Bronzong|73\/100|[from] item: Leftovers\n|upkeep\n|turn|7\n|c|\u2606niteogard149|asqueroso de mierda\n|c|\u2606niteogard149|me cago en t\u00fa madre\n|c|\u2606NickC_VGC|tru\n|-message|niteogard149 forfeited.\n|\n|win|NickC_VGC\n|raw|NickC_VGC's rating: 1137 → 1163<\/strong> (+26 for winning)\n|raw|niteogard149's rating: 1151 → 1125<\/strong> (-26 for losing)\n|l|\u2606niteogard149\n","uploadtime":1682013001,"views":13,"p1id":"nickcvgc","p2id":"niteogard149","formatid":"gen9vgc2023regulationc","rating":1125,"private":0,"password":""}