{"id":"gen9vgc2023regulationc-1849632920","p1":"maverickya","p2":"Kirizioros","format":"[Gen 9] VGC 2023 Regulation C","log":"|j|\u2606maverickya\n|j|\u2606Kirizioros\n|t:|1682223066\n|gametype|doubles\n|player|p1|maverickya|169|1060\n|player|p2|Kirizioros|lance|1086\n|teamsize|p1|6\n|teamsize|p2|6\n|gen|9\n|tier|[Gen 9] VGC 2023 Regulation C\n|rated|\n|rule|Species Clause: Limit one of each Pok\u00e9mon\n|rule|Item Clause: Limit one of each item\n|clearpoke\n|poke|p1|Sableye, L50, F|\n|poke|p1|Wo-Chien, L50|\n|poke|p1|Garganacl, L50, F|\n|poke|p1|Orthworm, L50, F|\n|poke|p1|Murkrow, L50, F|\n|poke|p1|Maushold, L50|\n|poke|p2|Dondozo, L50, F|\n|poke|p2|Tatsugiri-Stretchy, L50, F|\n|poke|p2|Chi-Yu, L50|\n|poke|p2|Flutter Mane, L50|\n|poke|p2|Dragonite, L50, F|\n|poke|p2|Glimmora, L50, F|\n|teampreview|4\n|\n|t:|1682223089\n|start\n|switch|p1a: Sableye|Sableye, L50, F|100\/100\n|switch|p1b: Wo-Chien|Wo-Chien, L50|100\/100\n|switch|p2a: Glimmora|Glimmora, L50, F|100\/100\n|switch|p2b: Tatsugiri|Tatsugiri-Stretchy, L50, F|100\/100\n|-ability|p1b: Wo-Chien|Tablets of Ruin\n|turn|1\n|\n|t:|1682223117\n|move|p1a: Sableye|Protect|p1a: Sableye\n|-singleturn|p1a: Sableye|Protect\n|move|p2a: Glimmora|Toxic|p1b: Wo-Chien\n|-status|p1b: Wo-Chien|tox\n|move|p2b: Tatsugiri|Muddy Water|p1b: Wo-Chien|[spread] p1b\n|-activate|p1a: Sableye|move: Protect\n|-resisted|p1b: Wo-Chien\n|-damage|p1b: Wo-Chien|81\/100 tox\n|move|p1b: Wo-Chien|Ingrain|p1b: Wo-Chien\n|-start|p1b: Wo-Chien|move: Ingrain\n|\n|-heal|p1b: Wo-Chien|89\/100 tox|[from] Ingrain\n|-damage|p1b: Wo-Chien|83\/100 tox|[from] psn\n|upkeep\n|turn|2\n|\n|t:|1682223144\n|move|p1a: Sableye|Disable|p2a: Glimmora\n|-start|p2a: Glimmora|Disable|Toxic\n|move|p2a: Glimmora|Power Gem|p1a: Sableye\n|-damage|p1a: Sableye|55\/100\n|move|p2b: Tatsugiri|Muddy Water|p1a: Sableye|[spread] p1a,p1b\n|-resisted|p1b: Wo-Chien\n|-damage|p1a: Sableye|0 fnt\n|-damage|p1b: Wo-Chien|64\/100 tox\n|faint|p1a: Sableye\n|move|p1b: Wo-Chien|Leech Seed|p2a: Glimmora\n|-start|p2a: Glimmora|move: Leech Seed\n|\n|-heal|p1b: Wo-Chien|73\/100 tox|[from] Ingrain\n|-damage|p2a: Glimmora|89\/100|[from] Leech Seed|[of] p1b: Wo-Chien\n|-heal|p1b: Wo-Chien|88\/100 tox|[silent]\n|-damage|p1b: Wo-Chien|76\/100 tox|[from] psn\n|upkeep\n|\n|t:|1682223151\n|switch|p1a: Maushold|Maushold, L50|100\/100\n|turn|3\n|\n|t:|1682223166\n|switch|p2a: Dondozo|Dondozo, L50, F|100\/100\n|move|p1a: Maushold|Population Bomb|p2b: Tatsugiri\n|-damage|p2b: Tatsugiri|94\/100\n|-damage|p2b: Tatsugiri|87\/100\n|-damage|p2b: Tatsugiri|80\/100\n|-damage|p2b: Tatsugiri|73\/100\n|-damage|p2b: Tatsugiri|66\/100\n|-damage|p2b: Tatsugiri|60\/100\n|-damage|p2b: Tatsugiri|54\/100\n|-damage|p2b: Tatsugiri|48\/100\n|-damage|p2b: Tatsugiri|41\/100\n|-damage|p2b: Tatsugiri|34\/100\n|-hitcount|p2b: Tatsugiri|10\n|move|p2b: Tatsugiri|Muddy Water|p1a: Maushold|[spread] p1a,p1b\n|-resisted|p1b: Wo-Chien\n|-damage|p1a: Maushold|27\/100\n|-damage|p1b: Wo-Chien|61\/100 tox\n|-unboost|p1a: Maushold|accuracy|1\n|move|p1b: Wo-Chien|Mean Look|p2a: Dondozo\n|-activate|p2a: Dondozo|trapped\n|\n|-heal|p1b: Wo-Chien|69\/100 tox|[from] Ingrain\n|-damage|p1b: Wo-Chien|50\/100 tox|[from] psn\n|upkeep\n|turn|4\n|\n|t:|1682223193\n|move|p2a: Dondozo|Protect|p2a: Dondozo\n|-singleturn|p2a: Dondozo|Protect\n|move|p1a: Maushold|Follow Me|p1a: Maushold\n|-singleturn|p1a: Maushold|move: Follow Me\n|move|p2b: Tatsugiri|Muddy Water|p1a: Maushold|[spread] p1b\n|-miss|p2b: Tatsugiri|p1a: Maushold\n|-resisted|p1b: Wo-Chien\n|-damage|p1b: Wo-Chien|35\/100 tox\n|move|p1b: Wo-Chien|Leech Seed|p2a: Dondozo\n|-activate|p2a: Dondozo|move: Protect\n|\n|-heal|p1b: Wo-Chien|43\/100 tox|[from] Ingrain\n|-damage|p1b: Wo-Chien|18\/100 tox|[from] psn\n|upkeep\n|turn|5\n|\n|t:|1682223207\n|move|p1a: Maushold|Follow Me|p1a: Maushold\n|-singleturn|p1a: Maushold|move: Follow Me\n|move|p2b: Tatsugiri|Muddy Water|p1a: Maushold|[spread] p1a,p1b\n|-resisted|p1b: Wo-Chien\n|-damage|p1a: Maushold|0 fnt\n|-damage|p1b: Wo-Chien|4\/100 tox\n|faint|p1a: Maushold\n|move|p1b: Wo-Chien|Leech Seed|p2a: Dondozo\n|-start|p2a: Dondozo|move: Leech Seed\n|move|p2a: Dondozo|Wave Crash|p2b: Tatsugiri\n|-activate|p2b: Tatsugiri|ability: Storm Drain\n|-ability|p2b: Tatsugiri|Storm Drain|boost\n|-boost|p2b: Tatsugiri|spa|1\n|\n|-heal|p1b: Wo-Chien|12\/100 tox|[from] Ingrain\n|-damage|p2a: Dondozo|88\/100|[from] Leech Seed|[of] p1b: Wo-Chien\n|-heal|p1b: Wo-Chien|38\/100 tox|[silent]\n|-damage|p1b: Wo-Chien|7\/100 tox|[from] psn\n|upkeep\n|\n|t:|1682223212\n|switch|p1a: Murkrow|Murkrow, L50, F|100\/100\n|turn|6\n|\n|t:|1682223221\n|move|p1b: Wo-Chien|Endure|p1b: Wo-Chien\n|-singleturn|p1b: Wo-Chien|move: Endure\n|move|p1a: Murkrow|Feather Dance|p2a: Dondozo\n|-unboost|p2a: Dondozo|atk|2\n|move|p2b: Tatsugiri|Muddy Water|p1a: Murkrow|[spread] p1a,p1b\n|-resisted|p1b: Wo-Chien\n|-damage|p1a: Murkrow|6\/100\n|-activate|p1b: Wo-Chien|move: Endure\n|-damage|p1b: Wo-Chien|1\/100 tox\n|-unboost|p1b: Wo-Chien|accuracy|1\n|-enditem|p1a: Murkrow|Iapapa Berry|[eat]\n|-heal|p1a: Murkrow|39\/100|[from] item: Iapapa Berry\n|move|p2a: Dondozo|Yawn|p1a: Murkrow\n|-start|p1a: Murkrow|move: Yawn|[of] p2a: Dondozo\n|\n|-heal|p1b: Wo-Chien|9\/100 tox|[from] Ingrain\n|-damage|p2a: Dondozo|75\/100|[from] Leech Seed|[of] p1b: Wo-Chien\n|-heal|p1b: Wo-Chien|35\/100 tox|[silent]\n|-damage|p1b: Wo-Chien|0 fnt|[from] psn\n|faint|p1b: Wo-Chien\n|upkeep\n|turn|7\n|-message|maverickya forfeited.\n|\n|win|Kirizioros\n|raw|maverickya's rating: 1060 → 1042<\/strong> (-18 for losing)\n|raw|Kirizioros's rating: 1086 → 1111<\/strong> (+25 for winning)\n|l|\u2606maverickya\n","uploadtime":1682223248,"views":14,"p1id":"maverickya","p2id":"kirizioros","formatid":"gen9vgc2023regulationc","rating":1042,"private":0,"password":""}