{"id":"gen9vgc2023regulationc-1847460947","p1":"dunsparcedingo","p2":"esekir","format":"[Gen 9] VGC 2023 Regulation C","log":"|j|\u2606dunsparcedingo\n|j|\u2606esekir\n|t:|1681957906\n|gametype|doubles\n|player|p1|dunsparcedingo|zinnia|1200\n|player|p2|esekir|acetrainerf-gen4|1132\n|teamsize|p1|6\n|teamsize|p2|6\n|gen|9\n|tier|[Gen 9] VGC 2023 Regulation C\n|rated|\n|rule|Species Clause: Limit one of each Pok\u00e9mon\n|rule|Item Clause: Limit one of each item\n|clearpoke\n|poke|p1|Torkoal, L50, M|\n|poke|p1|Jumpluff, L50, F|\n|poke|p1|Chi-Yu, L50|\n|poke|p1|Flutter Mane, L50|\n|poke|p1|Iron Bundle, L50|\n|poke|p1|Slither Wing, L50|\n|poke|p2|Dachsbun, L50, F|\n|poke|p2|Ceruledge, L50, F|\n|poke|p2|Chien-Pao, L50|\n|poke|p2|Scizor, L50, F|\n|poke|p2|Iron Bundle, L50|\n|poke|p2|Sylveon, L50, F|\n|teampreview|4\ndunsparcedingo has agreed to open team sheets.\nesekir rejected open team sheets.\n|\n|t:|1681957963\n|start\n|switch|p1a: Torkoal|Torkoal, L50, M|100\/100\n|switch|p1b: Chi-Yu|Chi-Yu, L50|100\/100\n|switch|p2a: Chien-Pao|Chien-Pao, L50|100\/100\n|switch|p2b: Ceruledge|Ceruledge, L50, F|100\/100\n|-ability|p2a: Chien-Pao|Sword of Ruin\n|-ability|p1b: Chi-Yu|Beads of Ruin\n|-weather|SunnyDay|[from] ability: Drought|[of] p1a: Torkoal\n|turn|1\n|\n|t:|1681957997\n|switch|p2a: Dachsbun|Dachsbun, L50, F|100\/100\n|switch|p1b: Jumpluff|Jumpluff, L50, F|100\/100\n|-terastallize|p2b: Ceruledge|Grass\n|move|p2b: Ceruledge|Lava Plume|p1b: Jumpluff|[spread] p1a,p1b\n|-ability|p2a: Dachsbun|Well-Baked Body|boost\n|-boost|p2a: Dachsbun|def|2\n|-resisted|p1a: Torkoal\n|-supereffective|p1b: Jumpluff\n|-damage|p1a: Torkoal|90\/100\n|-damage|p1b: Jumpluff|66\/100\n|-status|p1b: Jumpluff|brn\n|move|p1a: Torkoal|Will-O-Wisp|p2a: Dachsbun\n|-ability|p2a: Dachsbun|Well-Baked Body|boost\n|-boost|p2a: Dachsbun|def|2\n|\n|-weather|SunnyDay|[upkeep]\n|-heal|p1a: Torkoal|96\/100|[from] item: Leftovers\n|-damage|p1b: Jumpluff|60\/100 brn|[from] brn\n|upkeep\n|turn|2\n|\n|t:|1681958026\n|switch|p1a: Chi-Yu|Chi-Yu, L50|100\/100\n|-ability|p1a: Chi-Yu|Beads of Ruin\n|move|p1b: Jumpluff|Sleep Powder|p2a: Dachsbun\n|-status|p2a: Dachsbun|slp|[from] move: Sleep Powder\n|move|p2b: Ceruledge|Bitter Blade|p1b: Jumpluff\n|-supereffective|p1b: Jumpluff\n|-damage|p1b: Jumpluff|0 fnt\n|faint|p1b: Jumpluff\n|cant|p2a: Dachsbun|slp\n|\n|-weather|SunnyDay|[upkeep]\n|upkeep\n|\n|t:|1681958040\n|switch|p1b: Iron Bundle|Iron Bundle, L50|100\/100\n|-enditem|p1b: Iron Bundle|Booster Energy\n|-activate|p1b: Iron Bundle|ability: Quark Drive|[fromitem]\n|-start|p1b: Iron Bundle|quarkdrivespa\n|turn|3\n|\n|t:|1681958055\n|move|p1b: Iron Bundle|Freeze-Dry|p2b: Ceruledge\n|-supereffective|p2b: Ceruledge\n|-damage|p2b: Ceruledge|17\/100\n|move|p1a: Chi-Yu|Dark Pulse|p2a: Dachsbun\n|-resisted|p2a: Dachsbun\n|-damage|p2a: Dachsbun|71\/100 slp\n|move|p2b: Ceruledge|Bitter Blade|p1b: Iron Bundle\n|-damage|p1b: Iron Bundle|38\/100\n|-heal|p2b: Ceruledge|44\/100|[from] drain|[of] p1b: Iron Bundle\n|cant|p2a: Dachsbun|slp\n|\n|-weather|SunnyDay|[upkeep]\n|-heal|p2a: Dachsbun|77\/100 slp|[from] item: Leftovers\n|upkeep\n|turn|4\n|\n|t:|1681958077\n|-terastallize|p1b: Iron Bundle|Ice\n|move|p2b: Ceruledge|Shadow Sneak|p1b: Iron Bundle\n|-damage|p1b: Iron Bundle|18\/100\n|move|p1b: Iron Bundle|Freeze-Dry|p2a: Dachsbun\n|-damage|p2a: Dachsbun|0 fnt\n|faint|p2a: Dachsbun\n|move|p1a: Chi-Yu|Dark Pulse|p2b: Ceruledge\n|-damage|p2b: Ceruledge|0 fnt\n|faint|p2b: Ceruledge\n|\n|-weather|SunnyDay|[upkeep]\n|upkeep\n|\n|t:|1681958088\n|switch|p2b: Iron Bundle|Iron Bundle, L50|100\/100\n|switch|p2a: Chien-Pao|Chien-Pao, L50|100\/100\n|-ability|p2a: Chien-Pao|Sword of Ruin\n|-enditem|p2b: Iron Bundle|Booster Energy\n|-activate|p2b: Iron Bundle|ability: Quark Drive|[fromitem]\n|-start|p2b: Iron Bundle|quarkdrivespe\n|turn|5\n|\n|t:|1681958118\n|move|p1b: Iron Bundle|Protect|p1b: Iron Bundle\n|-singleturn|p1b: Iron Bundle|Protect\n|move|p2b: Iron Bundle|Freeze-Dry|p1b: Iron Bundle\n|-activate|p1b: Iron Bundle|move: Protect\n|move|p2a: Chien-Pao|Throat Chop|p1a: Chi-Yu\n|-resisted|p1a: Chi-Yu\n|-damage|p1a: Chi-Yu|65\/100\n|-start|p1a: Chi-Yu|Throat Chop|[silent]\n|move|p1a: Chi-Yu|Heat Wave|p2b: Iron Bundle|[spread] p2a,p2b\n|-supereffective|p2a: Chien-Pao\n|-enditem|p2a: Chien-Pao|Focus Sash\n|-damage|p2a: Chien-Pao|1\/100\n|-damage|p2b: Iron Bundle|0 fnt\n|faint|p2b: Iron Bundle\n|-end|p2b: Iron Bundle|Quark Drive|[silent]\n|\n|-weather|none\n|upkeep\n|turn|6\n|-message|esekir forfeited.\n|\n|win|dunsparcedingo\n|raw|dunsparcedingo's rating: 1200 → 1220<\/strong> (+20 for winning)\n|raw|esekir's rating: 1132 → 1112<\/strong> (-20 for losing)\n|l|\u2606esekir\n","uploadtime":1681958135,"views":12,"p1id":"dunsparcedingo","p2id":"esekir","formatid":"gen9vgc2023regulationc","rating":1112,"private":0,"password":""}