{"id":"gen9vgc2023regulationc-1847890946","p1":"Nukoshowdown","p2":"wes27","format":"[Gen 9] VGC 2023 Regulation C","log":"|j|\u2606Nukoshowdown\n|j|\u2606wes27\n|t:|1682010369\n|gametype|doubles\n|player|p1|Nukoshowdown|dawn|1185\n|player|p2|wes27|collector|1121\n|teamsize|p1|6\n|teamsize|p2|6\n|gen|9\n|tier|[Gen 9] VGC 2023 Regulation C\n|rated|\n|rule|Species Clause: Limit one of each Pok\u00e9mon\n|rule|Item Clause: Limit one of each item\n|clearpoke\n|poke|p1|Dragapult, L50, F|\n|poke|p1|Gastrodon, L50, M|\n|poke|p1|Ceruledge, L50, F|\n|poke|p1|Arcanine, L50, M|\n|poke|p1|Amoonguss, L50, M|\n|poke|p1|Braviary, L50, M|\n|poke|p2|Toxapex, L50, F|\n|poke|p2|Ting-Lu, L50|\n|poke|p2|Dragonite, L50, M|\n|poke|p2|Flutter Mane, L50|\n|poke|p2|Iron Hands, L50|\n|poke|p2|Iron Bundle, L50|\n|teampreview|4\nwes27 has agreed to open team sheets.\n|inactive|Battle timer is ON: inactive players will automatically lose when time's up. (requested by Nukoshowdown)\n|\n|t:|1682010420\n|start\n|switch|p1a: ChiYu|Arcanine, L50, M|100\/100\n|switch|p1b: Ceruledge|Ceruledge, L50, F|100\/100\n|switch|p2a: Flutter Mane|Flutter Mane, L50|100\/100\n|switch|p2b: Iron Bundle|Iron Bundle, L50|100\/100\n|-ability|p1a: ChiYu|Intimidate|boost\n|-unboost|p2a: Flutter Mane|atk|1\n|-unboost|p2b: Iron Bundle|atk|1\n|-enditem|p2b: Iron Bundle|Booster Energy\n|-activate|p2b: Iron Bundle|ability: Quark Drive|[fromitem]\n|-start|p2b: Iron Bundle|quarkdrivespe\n|turn|1\n|\n|t:|1682010441\n|switch|p1b: Gastrodon|Gastrodon, L50, M|100\/100\n|move|p2b: Iron Bundle|Hydro Pump|p1b: Gastrodon\n|-ability|p1b: Gastrodon|Storm Drain|boost\n|-boost|p1b: Gastrodon|spa|1\n|move|p2a: Flutter Mane|Substitute|p2a: Flutter Mane\n|-start|p2a: Flutter Mane|Substitute\n|-damage|p2a: Flutter Mane|76\/100\n|move|p1a: ChiYu|Flare Blitz|p2a: Flutter Mane\n|-end|p2a: Flutter Mane|Substitute\n|-damage|p1a: ChiYu|94\/100|[from] Recoil|[of] p2a: Flutter Mane\n|\n|-heal|p2a: Flutter Mane|82\/100|[from] item: Leftovers\n|upkeep\n|turn|2\n|inactive|Nukoshowdown has 30 seconds left.\n|inactive|wes27 has 30 seconds left.\n|\n|t:|1682010476\n|-end|p2a: Flutter Mane|Protosynthesis|[silent]\n|switch|p2a: Dragonite|Dragonite, L50, M|100\/100\n|-terastallize|p1b: Gastrodon|Fire\n|move|p2b: Iron Bundle|Protect|p2b: Iron Bundle\n|-singleturn|p2b: Iron Bundle|Protect\n|move|p1a: ChiYu|Flare Blitz|p2a: Dragonite\n|-resisted|p2a: Dragonite\n|-damage|p2a: Dragonite|78\/100\n|-damage|p1a: ChiYu|87\/100|[from] Recoil\n|move|p1b: Gastrodon|Earth Power|p2b: Iron Bundle\n|-activate|p2b: Iron Bundle|move: Protect\n|\n|upkeep\n|turn|3\n|inactive|wes27 has 30 seconds left.\n|inactive|wes27 has 20 seconds left.\n|inactive|wes27 has 15 seconds left.\n|inactive|wes27 has 10 seconds left.\n|inactive|wes27 has 5 seconds left.\n|\n|t:|1682010526\n|-end|p2b: Iron Bundle|Quark Drive|[silent]\n|switch|p2b: Iron Hands|Iron Hands, L50|100\/100\n|move|p1a: ChiYu|Will-O-Wisp|p2a: Dragonite\n|-status|p2a: Dragonite|brn\n|move|p2a: Dragonite|Earthquake|p1a: ChiYu|[spread] p2b,p1a,p1b\n|-supereffective|p2b: Iron Hands\n|-supereffective|p1a: ChiYu\n|-supereffective|p1b: Gastrodon\n|-damage|p2b: Iron Hands|81\/100\n|-damage|p1a: ChiYu|52\/100\n|-damage|p1b: Gastrodon|62\/100\n|-damage|p2a: Dragonite|68\/100 brn|[from] item: Life Orb\n|move|p1b: Gastrodon|Ice Beam|p2b: Iron Hands\n|-damage|p2b: Iron Hands|51\/100\n|\n|-damage|p2a: Dragonite|62\/100 brn|[from] brn\n|upkeep\n|turn|4\n|inactive|Nukoshowdown has 30 seconds left.\n|inactive|wes27 has 30 seconds left.\n|\n|t:|1682010556\n|-terastallize|p2a: Dragonite|Flying\n|move|p1a: ChiYu|Protect|p1a: ChiYu\n|-singleturn|p1a: ChiYu|Protect\n|move|p2a: Dragonite|Tera Blast|p1a: ChiYu\n|-activate|p1a: ChiYu|move: Protect\n|move|p2b: Iron Hands|Drain Punch|p1a: ChiYu\n|-activate|p1a: ChiYu|move: Protect\n|move|p1b: Gastrodon|Ice Beam|p2a: Dragonite\n|-supereffective|p2a: Dragonite\n|-damage|p2a: Dragonite|0 fnt\n|faint|p2a: Dragonite\n|\n|upkeep\n|\n|t:|1682010571\n|switch|p2a: Flutter Mane|Flutter Mane, L50|82\/100\n|turn|5\n|\n|t:|1682010591\n|move|p2a: Flutter Mane|Shadow Ball|p1a: ChiYu\n|-damage|p1a: ChiYu|13\/100\n|move|p1a: ChiYu|Will-O-Wisp|p2b: Iron Hands\n|-status|p2b: Iron Hands|brn\n|move|p2b: Iron Hands|Drain Punch|p1a: ChiYu\n|-damage|p1a: ChiYu|0 fnt\n|-heal|p2b: Iron Hands|56\/100 brn|[from] drain|[of] p1a: ChiYu\n|faint|p1a: ChiYu\n|move|p1b: Gastrodon|Recover|p1b: Gastrodon\n|-heal|p1b: Gastrodon|100\/100\n|\n|-heal|p2a: Flutter Mane|88\/100|[from] item: Leftovers\n|-damage|p2b: Iron Hands|50\/100 brn|[from] brn\n|upkeep\n|\n|t:|1682010605\n|switch|p1a: WoChien|Amoonguss, L50, M|100\/100\n|turn|6\n|\n|t:|1682010616\n|move|p2a: Flutter Mane|Substitute|p2a: Flutter Mane\n|-start|p2a: Flutter Mane|Substitute\n|-damage|p2a: Flutter Mane|63\/100\n|move|p2b: Iron Hands|Drain Punch|p1b: Gastrodon\n|-damage|p1b: Gastrodon|79\/100\n|-heal|p2b: Iron Hands|59\/100 brn|[from] drain|[of] p1b: Gastrodon\n|move|p1b: Gastrodon|Earth Power|p2b: Iron Hands\n|-supereffective|p2b: Iron Hands\n|-damage|p2b: Iron Hands|0 fnt\n|faint|p2b: Iron Hands\n|-end|p2b: Iron Hands|Quark Drive|[silent]\n|move|p1a: WoChien|Spore||[still]\n|-fail|p1a: WoChien\n|\n|-heal|p2a: Flutter Mane|69\/100|[from] item: Leftovers\n|upkeep\n|\n|t:|1682010630\n|switch|p2b: Iron Bundle|Iron Bundle, L50|100\/100\n|turn|7\n|\n|t:|1682010641\n|move|p1a: WoChien|Protect|p1a: WoChien\n|-singleturn|p1a: WoChien|Protect\n|move|p2b: Iron Bundle|Freeze-Dry|p1a: WoChien\n|-activate|p1a: WoChien|move: Protect\n|move|p2a: Flutter Mane|Shadow Ball|p1b: Gastrodon\n|-damage|p1b: Gastrodon|48\/100\n|-unboost|p1b: Gastrodon|spd|1\n|move|p1b: Gastrodon|Yawn|p2b: Iron Bundle\n|-start|p2b: Iron Bundle|move: Yawn|[of] p1b: Gastrodon\n|\n|-heal|p2a: Flutter Mane|75\/100|[from] item: Leftovers\n|upkeep\n|turn|8\n|inactive|Nukoshowdown has 30 seconds left.\n|inactive|wes27 has 30 seconds left.\n|\n|t:|1682010668\n|switch|p1a: Ceruledge|Ceruledge, L50, F|100\/100\n|move|p2b: Iron Bundle|Freeze-Dry|p1a: Ceruledge\n|-resisted|p1a: Ceruledge\n|-damage|p1a: Ceruledge|82\/100\n|move|p2a: Flutter Mane|Shadow Ball|p1b: Gastrodon\n|-damage|p1b: Gastrodon|0 fnt\n|faint|p1b: Gastrodon\n|\n|-heal|p2a: Flutter Mane|81\/100|[from] item: Leftovers\n|-heal|p1a: Ceruledge|89\/100|[from] item: Leftovers\n|-end|p2b: Iron Bundle|move: Yawn|[silent]\n|-status|p2b: Iron Bundle|slp\n|upkeep\n|\n|t:|1682010678\n|switch|p1b: WoChien|Amoonguss, L50, M|100\/100\n|turn|9\n|\n|t:|1682010694\n|cant|p2b: Iron Bundle|slp\n|move|p1b: WoChien|Rage Powder|p1b: WoChien\n|-singleturn|p1b: WoChien|move: Rage Powder\n|move|p1a: Ceruledge|Shadow Sneak|p2a: Flutter Mane\n|-supereffective|p2a: Flutter Mane\n|-end|p2a: Flutter Mane|Substitute\n|move|p2a: Flutter Mane|Shadow Ball|p1b: WoChien\n|-damage|p1b: WoChien|68\/100\n|\n|-heal|p2a: Flutter Mane|87\/100|[from] item: Leftovers\n|-heal|p1a: Ceruledge|95\/100|[from] item: Leftovers\n|upkeep\n|turn|10\n|\n|t:|1682010710\n|move|p2a: Flutter Mane|Protect|p2a: Flutter Mane\n|-singleturn|p2a: Flutter Mane|Protect\n|move|p1b: WoChien|Rage Powder|p1b: WoChien\n|-singleturn|p1b: WoChien|move: Rage Powder\n|move|p1a: Ceruledge|Shadow Sneak|p2a: Flutter Mane\n|-activate|p2a: Flutter Mane|move: Protect\n|cant|p2b: Iron Bundle|slp\n|\n|-heal|p2a: Flutter Mane|93\/100|[from] item: Leftovers\n|-heal|p1a: Ceruledge|100\/100|[from] item: Leftovers\n|upkeep\n|turn|11\n|\n|t:|1682010738\n|move|p1b: WoChien|Protect|p1b: WoChien\n|-singleturn|p1b: WoChien|Protect\n|move|p1a: Ceruledge|Shadow Sneak|p2a: Flutter Mane\n|-supereffective|p2a: Flutter Mane\n|-damage|p2a: Flutter Mane|0 fnt\n|faint|p2a: Flutter Mane\n|-end|p2a: Flutter Mane|Protosynthesis|[silent]\n|-curestatus|p2b: Iron Bundle|slp|[msg]\n|move|p2b: Iron Bundle|Freeze-Dry|p1a: Ceruledge\n|-resisted|p1a: Ceruledge\n|-damage|p1a: Ceruledge|84\/100\n|\n|-heal|p1a: Ceruledge|90\/100|[from] item: Leftovers\n|upkeep\n|turn|12\n|-message|wes27 forfeited.\n|\n|win|Nukoshowdown\n|raw|Nukoshowdown's rating: 1185 → 1205<\/strong> (+20 for winning)\n|raw|wes27's rating: 1121 → 1101<\/strong> (-20 for losing)\n|l|\u2606wes27\n","uploadtime":1682010761,"views":7,"p1id":"nukoshowdown","p2id":"wes27","formatid":"gen9vgc2023regulationc","rating":1101,"private":0,"password":""}