{"id":"gen9vgc2023regulationc-1855734308","p1":"Canal copag","p2":"SolTheDrifblim","format":"[Gen 9] VGC 2023 Regulation C","log":"|j|\u2606Canal copag\n|j|\u2606SolTheDrifblim\n|t:|1682978072\n|gametype|doubles\n|player|p1|Canal copag|striker|1235\n|player|p2|SolTheDrifblim|cynthia-gen4|1246\n|teamsize|p1|6\n|teamsize|p2|6\n|gen|9\n|tier|[Gen 9] VGC 2023 Regulation C\n|rated|\n|rule|Species Clause: Limit one of each Pok\u00e9mon\n|rule|Item Clause: Limit one of each item\n|clearpoke\n|poke|p1|Hariyama, L50, M|\n|poke|p1|Hatterene, L50, F|\n|poke|p1|Oranguru, L50, M|\n|poke|p1|Torkoal, L50, M|\n|poke|p1|Kingambit, L50, M|\n|poke|p1|Amoonguss, L50, M|\n|poke|p2|Drifblim, L50, M|\n|poke|p2|Indeedee, L50, M|\n|poke|p2|Chi-Yu, L50|\n|poke|p2|Scizor, L50, F|\n|poke|p2|Iron Valiant, L50|\n|poke|p2|Meowscarada, L50, M|\n|teampreview|4\nSolTheDrifblim rejected open team sheets.\n|\n|t:|1682978123\n|start\n|switch|p1a: Kingambit|Kingambit, L50, M, shiny|100\/100\n|switch|p1b: Oranguru|Oranguru, L50, M, shiny|100\/100\n|switch|p2a: Skywalker|Iron Valiant, L50|100\/100\n|switch|p2b: Spook|Meowscarada, L50, M|100\/100\n|-enditem|p2a: Skywalker|Booster Energy\n|-activate|p2a: Skywalker|ability: Quark Drive|[fromitem]\n|-start|p2a: Skywalker|quarkdriveatk\n|turn|1\n|\n|t:|1682978149\n|-terastallize|p1b: Oranguru|Fire\n|move|p1a: Kingambit|Sucker Punch|p2b: Spook\n|-resisted|p2b: Spook\n|-damage|p2b: Spook|68\/100\n|move|p2b: Spook|Brick Break|p1a: Kingambit\n|-supereffective|p1a: Kingambit\n|-damage|p1a: Kingambit|29\/100\n|move|p2a: Skywalker|Imprison|p2a: Skywalker\n|-start|p2a: Skywalker|move: Imprison\n|cant|p1b: Oranguru|move: Imprison|Trick Room\n|\n|upkeep\n|turn|2\n|\n|t:|1682978168\n|move|p1a: Kingambit|Sucker Punch|p2a: Skywalker\n|-resisted|p2a: Skywalker\n|-damage|p2a: Skywalker|86\/100\n|move|p2b: Spook|Brick Break|p1a: Kingambit\n|-supereffective|p1a: Kingambit\n|-damage|p1a: Kingambit|0 fnt\n|faint|p1a: Kingambit\n|move|p2a: Skywalker|Liquidation|p1b: Oranguru\n|-supereffective|p1b: Oranguru\n|-damage|p1b: Oranguru|12\/100\n|move|p1b: Oranguru|Psyshock|p2a: Skywalker\n|-supereffective|p2a: Skywalker\n|-damage|p2a: Skywalker|18\/100\n|\n|upkeep\n|\n|t:|1682978182\n|switch|p1a: Hatterene|Hatterene, L50, F|100\/100\n|turn|3\n|\n|t:|1682978193\n|move|p1b: Oranguru|Protect|p1b: Oranguru\n|-singleturn|p1b: Oranguru|Protect\n|move|p2b: Spook|Flower Trick|p1a: Hatterene\n|-crit|p1a: Hatterene\n|-damage|p1a: Hatterene|31\/100\n|move|p2a: Skywalker|Liquidation|p1b: Oranguru\n|-activate|p1b: Oranguru|move: Protect\n|move|p1a: Hatterene|Dazzling Gleam|p2a: Skywalker|[spread] p2a,p2b\n|-supereffective|p2a: Skywalker\n|-supereffective|p2b: Spook\n|-damage|p2a: Skywalker|0 fnt\n|-damage|p2b: Spook|0 fnt\n|faint|p2a: Skywalker\n|-end|p2a: Skywalker|Quark Drive|[silent]\n|faint|p2b: Spook\n|-damage|p1a: Hatterene|21\/100|[from] item: Life Orb\n|\n|upkeep\n|\n|t:|1682978210\n|switch|p2b: Yang|Chi-Yu, L50|100\/100\n|switch|p2a: Sol|Drifblim, L50, M, shiny|100\/100\n|-ability|p2b: Yang|Beads of Ruin\n|turn|4\n|\n|t:|1682978223\n|move|p2b: Yang|Heat Wave|p1b: Oranguru|[spread] p1a,p1b\n|-resisted|p1b: Oranguru\n|-damage|p1a: Hatterene|0 fnt\n|-damage|p1b: Oranguru|0 fnt\n|faint|p1a: Hatterene\n|faint|p1b: Oranguru\n|move|p2a: Sol|Shadow Ball|p1: Hatterene|[notarget]\n|-fail|p2a: Sol\n|\n|upkeep\n|\n|t:|1682978226\n|switch|p1b: Torkoal|Torkoal, L50, M|100\/100\n|-weather|SunnyDay|[from] ability: Drought|[of] p1b: Torkoal\n|turn|5\n|\n|t:|1682978255\n|move|p2b: Yang|Dark Pulse|p1b: Torkoal\n|-damage|p1b: Torkoal|16\/100\n|move|p2a: Sol|Shadow Ball|p1b: Torkoal\n|-damage|p1b: Torkoal|0 fnt\n|faint|p1b: Torkoal\n|\n|win|SolTheDrifblim\n|raw|Canal copag's rating: 1235 → 1211<\/strong> (-24 for losing)\n|raw|SolTheDrifblim's rating: 1246 → 1270<\/strong> (+24 for winning)\n|c|\u2606SolTheDrifblim|gg\n","uploadtime":1682978410,"views":20,"p1id":"canalcopag","p2id":"solthedrifblim","formatid":"gen9vgc2023regulationc","rating":1211,"private":0,"password":""}