{"id":"gen9vgc2023regulationc-1860486008","p1":"wisdaze","p2":"sigueinventando","format":"[Gen 9] VGC 2023 Regulation C","log":"|j|\u2606wisdaze\n|j|\u2606sigueinventando\n|t:|1683648349\n|gametype|doubles\n|player|p1|wisdaze|2|1131\n|player|p2|sigueinventando|169|1170\n|teamsize|p1|6\n|teamsize|p2|6\n|gen|9\n|tier|[Gen 9] VGC 2023 Regulation C\n|rated|\n|rule|Species Clause: Limit one of each Pok\u00e9mon\n|rule|Item Clause: Limit one of each item\n|clearpoke\n|poke|p1|Maushold, L50|\n|poke|p1|Annihilape, L50, F|\n|poke|p1|Lycanroc, L50, F|\n|poke|p1|Tyranitar, L50, M|\n|poke|p1|Indeedee-F, L50, F|\n|poke|p1|Flutter Mane, L50|\n|poke|p2|Wo-Chien, L50|\n|poke|p2|Ting-Lu, L50|\n|poke|p2|Rotom-Heat, L50|\n|poke|p2|Gastrodon-East, L50, M|\n|poke|p2|Garganacl, L50, F|\n|poke|p2|Glimmora, L50, F|\n|teampreview|4\n|inactive|Battle timer is ON: inactive players will automatically lose when time's up. (requested by wisdaze)\n|inactive|sigueinventando has 60 seconds left.\n|\n|t:|1683648411\n|start\n|switch|p1a: Tyranitar|Tyranitar, L50, M|100\/100\n|switch|p1b: Lycanroc|Lycanroc, L50, F|100\/100\n|switch|p2a: Garganacl|Garganacl, L50, F|100\/100\n|switch|p2b: Rotom|Rotom-Heat, L50|100\/100\n|-weather|Sandstorm|[from] ability: Sand Stream|[of] p1a: Tyranitar\n|turn|1\n|inactive|sigueinventando has 30 seconds left.\n|\n|t:|1683648437\n|switch|p2b: Glimmora|Glimmora, L50, F|100\/100\n|move|p1b: Lycanroc|Rock Slide|p2b: Glimmora|[spread] p2a,p2b\n|-damage|p2a: Garganacl|84\/100\n|-damage|p2b: Glimmora|71\/100\n|-activate|p2b: Glimmora|ability: Toxic Debris\n|-sidestart|p1: wisdaze|move: Toxic Spikes\n|move|p1a: Tyranitar|Rock Slide|p2b: Glimmora|[spread] p2a,p2b\n|-damage|p2a: Garganacl|62\/100\n|-damage|p2b: Glimmora|38\/100\n|-activate|p2b: Glimmora|ability: Toxic Debris\n|-sidestart|p1: wisdaze|move: Toxic Spikes\n|cant|p2a: Garganacl|flinch\n|\n|-weather|Sandstorm|[upkeep]\n|upkeep\n|turn|2\n|\n|t:|1683648456\n|move|p2b: Glimmora|Spiky Shield|p2b: Glimmora\n|-singleturn|p2b: Glimmora|move: Protect\n|move|p1b: Lycanroc|Rock Slide|p2a: Garganacl|[spread] p2a\n|-activate|p2b: Glimmora|move: Protect\n|-damage|p2a: Garganacl|44\/100\n|move|p1a: Tyranitar|Rock Slide|p2a: Garganacl|[spread] p2a\n|-activate|p2b: Glimmora|move: Protect\n|-damage|p2a: Garganacl|25\/100\n|cant|p2a: Garganacl|flinch\n|\n|-weather|Sandstorm|[upkeep]\n|upkeep\n|turn|3\n|\n|t:|1683648480\n|move|p1b: Lycanroc|Rock Slide|p2a: Garganacl|[spread] p2a,p2b\n|-damage|p2a: Garganacl|9\/100\n|-damage|p2b: Glimmora|9\/100\n|cant|p2b: Glimmora|flinch\n|move|p1a: Tyranitar|Rock Slide|p2b: Glimmora|[spread] p2a,p2b\n|-damage|p2a: Garganacl|0 fnt\n|-damage|p2b: Glimmora|0 fnt\n|faint|p2a: Garganacl\n|faint|p2b: Glimmora\n|\n|-weather|Sandstorm|[upkeep]\n|upkeep\n|\n|t:|1683648490\n|switch|p2b: Rotom|Rotom-Heat, L50|100\/100\n|switch|p2a: Ting-Lu|Ting-Lu, L50|100\/100\n|-ability|p2a: Ting-Lu|Vessel of Ruin\n|turn|4\n|inactive|sigueinventando has 30 seconds left.\n|\n|t:|1683648519\n|-terastallize|p2b: Rotom|Electric\n|move|p1b: Lycanroc|Rock Slide|p2b: Rotom|[spread] p2a,p2b\n|-resisted|p2a: Ting-Lu\n|-damage|p2a: Ting-Lu|93\/100\n|-damage|p2b: Rotom|68\/100\n|cant|p2b: Rotom|flinch\n|move|p1a: Tyranitar|Rock Slide|p2b: Rotom|[spread] p2a,p2b\n|-resisted|p2a: Ting-Lu\n|-crit|p2a: Ting-Lu\n|-damage|p2a: Ting-Lu|79\/100\n|-damage|p2b: Rotom|26\/100\n|cant|p2a: Ting-Lu|flinch\n|\n|-weather|Sandstorm|[upkeep]\n|-damage|p2b: Rotom|20\/100|[from] Sandstorm\n|upkeep\n|turn|5\n|-message|sigueinventando forfeited.\n|\n|win|wisdaze\n|raw|wisdaze's rating: 1131 → 1159<\/strong> (+28 for winning)\n|raw|sigueinventando's rating: 1170 → 1142<\/strong> (-28 for losing)\n|l|\u2606sigueinventando\n","uploadtime":1683648600,"views":6,"p1id":"wisdaze","p2id":"sigueinventando","formatid":"gen9vgc2023regulationc","rating":1142,"private":0,"password":""}