{"id":"gen9vgc2023regulationc-1859313756","p1":"SDcupl","p2":"marcelobg","format":"[Gen 9] VGC 2023 Regulation C","log":"|j|\u2606SDcupl\n|j|\u2606marcelobg\n|t:|1683432952\n|gametype|doubles\n|player|p1|SDcupl|dawn-masters|1319\n|player|p2|marcelobg|2|1335\n|teamsize|p1|6\n|teamsize|p2|6\n|gen|9\n|tier|[Gen 9] VGC 2023 Regulation C\n|rated|\n|rule|Species Clause: Limit one of each Pok\u00e9mon\n|rule|Item Clause: Limit one of each item\n|clearpoke\n|poke|p1|Chi-Yu, L50|\n|poke|p1|Flutter Mane, L50|\n|poke|p1|Gothitelle, L50, F|\n|poke|p1|Iron Hands, L50|\n|poke|p1|Chien-Pao, L50|\n|poke|p1|Dragonite, L50, F|\n|poke|p2|Great Tusk, L50|\n|poke|p2|Iron Bundle, L50|\n|poke|p2|Amoonguss, L50, M|\n|poke|p2|Talonflame, L50, M|\n|poke|p2|Flutter Mane, L50|\n|poke|p2|Iron Hands, L50|\n|teampreview|4\n|inactive|Battle timer is ON: inactive players will automatically lose when time's up. (requested by SDcupl)\n|\n|t:|1683432999\n|start\n|switch|p1a: Chien-Pao|Chien-Pao, L50|100\/100\n|switch|p1b: Dragonite|Dragonite, L50, F|100\/100\n|switch|p2a: Talonflame|Talonflame, L50, M|100\/100\n|switch|p2b: Iron Hands|Iron Hands, L50|100\/100\n|-ability|p1a: Chien-Pao|Sword of Ruin\n|turn|1\n|inactive|SDcupl has 30 seconds left.\n|inactive|SDcupl has 20 seconds left.\n|inactive|SDcupl has 15 seconds left.\n|inactive|SDcupl has 10 seconds left.\n|\n|t:|1683433047\n|move|p1a: Chien-Pao|Protect|p1a: Chien-Pao\n|-singleturn|p1a: Chien-Pao|Protect\n|move|p2b: Iron Hands|Fake Out|p1a: Chien-Pao\n|-activate|p1a: Chien-Pao|move: Protect\n|move|p1b: Dragonite|Extreme Speed|p2a: Talonflame\n|-damage|p2a: Talonflame|36\/100\n|move|p2a: Talonflame|Tailwind|p2a: Talonflame\n|-sidestart|p2: marcelobg|move: Tailwind\n|\n|upkeep\n|turn|2\n|inactive|SDcupl has 30 seconds left.\n|inactive|marcelobg has 30 seconds left.\n|inactive|marcelobg has 20 seconds left.\n|inactive|marcelobg has 15 seconds left.\n|\n|t:|1683433094\n|switch|p1a: Flutter Mane|Flutter Mane, L50|100\/100\n|-terastallize|p1b: Dragonite|Normal\n|move|p1b: Dragonite|Extreme Speed|p2b: Iron Hands\n|-damage|p2b: Iron Hands|57\/100\n|move|p2a: Talonflame|Brave Bird|p1a: Flutter Mane\n|-damage|p1a: Flutter Mane|15\/100\n|-damage|p2a: Talonflame|15\/100|[from] Recoil\n|move|p2b: Iron Hands|Drain Punch|p1a: Flutter Mane\n|-immune|p1a: Flutter Mane\n|\n|upkeep\n|turn|3\n|inactive|SDcupl has 30 seconds left.\n|inactive|marcelobg has 30 seconds left.\n|inactive|SDcupl has 20 seconds left.\n|inactive|marcelobg has 20 seconds left.\n|inactive|marcelobg has 15 seconds left.\n|inactive|SDcupl has 15 seconds left.\n|inactive|marcelobg has 10 seconds left.\n|inactive|SDcupl has 10 seconds left.\n|inactive|marcelobg has 5 seconds left.\n|\n|t:|1683433149\n|move|p1b: Dragonite|Extreme Speed|p2a: Talonflame\n|-damage|p2a: Talonflame|0 fnt\n|faint|p2a: Talonflame\n|move|p1a: Flutter Mane|Dazzling Gleam|p2b: Iron Hands\n|-supereffective|p2b: Iron Hands\n|-damage|p2b: Iron Hands|5\/100\n|move|p2b: Iron Hands|Drain Punch|p1b: Dragonite\n|-supereffective|p1b: Dragonite\n|-damage|p1b: Dragonite|6\/100\n|-heal|p2b: Iron Hands|42\/100|[from] drain|[of] p1b: Dragonite\n|\n|upkeep\n|\n|t:|1683433165\n|switch|p2a: Flutter Mane|Flutter Mane, L50|100\/100\n|turn|4\n|\n|t:|1683433181\n|-end|p1a: Flutter Mane|Protosynthesis|[silent]\n|switch|p1a: Chien-Pao|Chien-Pao, L50|100\/100\n|-ability|p1a: Chien-Pao|Sword of Ruin\n|-terastallize|p2a: Flutter Mane|Fairy\n|move|p1b: Dragonite|Extreme Speed|p2b: Iron Hands\n|-damage|p2b: Iron Hands|0 fnt\n|faint|p2b: Iron Hands\n|-end|p2b: Iron Hands|Quark Drive|[silent]\n|move|p2a: Flutter Mane|Dazzling Gleam|p1b: Dragonite|[spread] p1a,p1b\n|-supereffective|p1a: Chien-Pao\n|-damage|p1a: Chien-Pao|0 fnt\n|-damage|p1b: Dragonite|0 fnt\n|faint|p1a: Chien-Pao\n|faint|p1b: Dragonite\n|-damage|p2a: Flutter Mane|91\/100|[from] item: Life Orb\n|\n|-sideend|p2: marcelobg|move: Tailwind\n|upkeep\n|\n|t:|1683433197\n|switch|p1a: Flutter Mane|Flutter Mane, L50|15\/100\n|switch|p1b: Chi-Yu|Chi-Yu, L50|100\/100\n|switch|p2b: Great Tusk|Great Tusk, L50|100\/100\n|-ability|p1b: Chi-Yu|Beads of Ruin\n|turn|5\n|inactive|marcelobg has 30 seconds left.\n|inactive|SDcupl has 30 seconds left.\n|\n|t:|1683433239\n|move|p1b: Chi-Yu|Overheat|p2a: Flutter Mane\n|-damage|p2a: Flutter Mane|0 fnt\n|-unboost|p1b: Chi-Yu|spa|2\n|faint|p2a: Flutter Mane\n|-end|p2a: Flutter Mane|Protosynthesis|[silent]\n|move|p1a: Flutter Mane|Dazzling Gleam|p2b: Great Tusk\n|-supereffective|p2b: Great Tusk\n|-enditem|p2b: Great Tusk|Focus Sash\n|-damage|p2b: Great Tusk|1\/100\n|move|p2b: Great Tusk|Headlong Rush|p1b: Chi-Yu\n|-supereffective|p1b: Chi-Yu\n|-damage|p1b: Chi-Yu|0 fnt\n|-unboost|p2b: Great Tusk|def|1\n|-unboost|p2b: Great Tusk|spd|1\n|faint|p1b: Chi-Yu\n|\n|upkeep\n|turn|6\n|inactive|marcelobg has 30 seconds left.\n|\n|t:|1683433271\n|move|p1a: Flutter Mane|Dazzling Gleam|p2b: Great Tusk\n|-supereffective|p2b: Great Tusk\n|-damage|p2b: Great Tusk|0 fnt\n|faint|p2b: Great Tusk\n|-end|p2b: Great Tusk|Protosynthesis|[silent]\n|\n|win|SDcupl\n|raw|SDcupl's rating: 1319 → 1340<\/strong> (+21 for winning)\n|raw|marcelobg's rating: 1335 → 1314<\/strong> (-21 for losing)\n|l|\u2606SDcupl\n","uploadtime":1683433279,"views":13,"p1id":"sdcupl","p2id":"marcelobg","formatid":"gen9vgc2023regulationc","rating":1314,"private":0,"password":""}