{"id":"gen9vgc2023regulationc-1860871225","p1":"poketechnician","p2":"Reaper976","format":"[Gen 9] VGC 2023 Regulation C","log":"|j|\u2606poketechnician\n|j|\u2606Reaper976\n|t:|1683688362\n|gametype|doubles\n|player|p1|poketechnician|170|\n|player|p2|Reaper976|cyrus|\n|teamsize|p1|6\n|teamsize|p2|6\n|gen|9\n|tier|[Gen 9] VGC 2023 Regulation C\n|rule|Species Clause: Limit one of each Pok\u00e9mon\n|rule|Item Clause: Limit one of each item\n|clearpoke\n|poke|p1|Talonflame, L50, F|\n|poke|p1|Flutter Mane, L50|\n|poke|p1|Hydreigon, L50, M|\n|poke|p1|Gastrodon-East, L50, M|\n|poke|p1|Raichu, L50, M|\n|poke|p1|Haxorus, L50, F|\n|poke|p2|Kingambit, L50, M|\n|poke|p2|Iron Valiant, L50|\n|poke|p2|Baxcalibur, L50, F|\n|poke|p2|Amoonguss, L50, F|\n|poke|p2|Morgrem, L50, M|\n|poke|p2|Ceruledge, L50, F|\n|teampreview|4\n|c|\u2606poketechnician|GLHF!\npoketechnician rejected open team sheets.\n|c|\u2606Reaper976|Yup u too\n|\n|t:|1683688410\n|start\n|switch|p1a: Hydreigon|Hydreigon, L50, M, shiny|100\/100\n|switch|p1b: Raichu|Raichu, L50, M, shiny|100\/100\n|switch|p2a: Amoonguss|Amoonguss, L50, F, shiny|100\/100\n|switch|p2b: Ceruledge|Ceruledge, L50, F|100\/100\n|turn|1\n|j| paultg\n|\n|t:|1683688443\n|-terastallize|p2b: Ceruledge|Fairy\n|move|p1b: Raichu|Fake Out|p2a: Amoonguss\n|-damage|p2a: Amoonguss|92\/100\n|-damage|p1b: Raichu|84\/100|[from] item: Rocky Helmet|[of] p2a: Amoonguss\n|cant|p2a: Amoonguss|flinch\n|move|p1a: Hydreigon|Dark Pulse|p2b: Ceruledge\n|-resisted|p2b: Ceruledge\n|-damage|p2b: Ceruledge|80\/100\n|cant|p2b: Ceruledge|flinch\n|\n|upkeep\n|turn|2\n|\n|t:|1683688479\n|-terastallize|p1a: Hydreigon|Poison\n|move|p2a: Amoonguss|Rage Powder|p2a: Amoonguss\n|-singleturn|p2a: Amoonguss|move: Rage Powder\n|move|p1a: Hydreigon|Flamethrower|p2a: Amoonguss\n|-supereffective|p2a: Amoonguss\n|-damage|p2a: Amoonguss|51\/100\n|move|p1b: Raichu|Thunderbolt|p2a: Amoonguss\n|-resisted|p2a: Amoonguss\n|-damage|p2a: Amoonguss|37\/100\n|move|p2b: Ceruledge|Swords Dance|p2b: Ceruledge\n|-boost|p2b: Ceruledge|atk|2\n|\n|upkeep\n|turn|3\n|\n|t:|1683688521\n|switch|p2a: Baxcalibur|Baxcalibur, L50, F, shiny|100\/100\n|move|p1b: Raichu|Nuzzle|p2b: Ceruledge\n|-damage|p2b: Ceruledge|73\/100\n|-status|p2b: Ceruledge|par\n|move|p1a: Hydreigon|Dark Pulse|p2b: Ceruledge\n|-resisted|p2b: Ceruledge\n|-damage|p2b: Ceruledge|52\/100 par\n|move|p2b: Ceruledge|Bitter Blade|p1b: Raichu\n|-damage|p1b: Raichu|0 fnt\n|-heal|p2b: Ceruledge|85\/100 par|[from] drain|[of] p1b: Raichu\n|faint|p1b: Raichu\n|\n|upkeep\n|\n|t:|1683688548\n|switch|p1b: Haxorus|Haxorus, L50, F, shiny|100\/100\n|-ability|p1b: Haxorus|Mold Breaker\n|turn|4\n|\n|t:|1683688570\n|switch|p2a: Amoonguss|Amoonguss, L50, F, shiny|70\/100\n|move|p1b: Haxorus|Poison Jab|p2b: Ceruledge\n|-supereffective|p2b: Ceruledge\n|-damage|p2b: Ceruledge|18\/100 par\n|-enditem|p2b: Ceruledge|Sitrus Berry|[eat]\n|-heal|p2b: Ceruledge|42\/100 par|[from] item: Sitrus Berry\n|move|p1a: Hydreigon|Dark Pulse|p2a: Amoonguss\n|-damage|p2a: Amoonguss|43\/100\n|move|p2b: Ceruledge|Bitter Blade|p1a: Hydreigon\n|-damage|p1a: Hydreigon|0 fnt\n|-heal|p2b: Ceruledge|91\/100 par|[from] drain|[of] p1a: Hydreigon\n|faint|p1a: Hydreigon\n|\n|upkeep\n|\n|t:|1683688581\n|switch|p1a: Gastrodon|Gastrodon-East, L50, M, shiny|100\/100\n|turn|5\n|\n|t:|1683688612\n|move|p1b: Haxorus|Poison Jab|p2b: Ceruledge\n|-supereffective|p2b: Ceruledge\n|-damage|p2b: Ceruledge|21\/100 par\n|move|p1a: Gastrodon|Ice Beam|p2b: Ceruledge\n|-damage|p2b: Ceruledge|3\/100 par\n|move|p2a: Amoonguss|Giga Drain|p1a: Gastrodon\n|-supereffective|p1a: Gastrodon\n|-damage|p1a: Gastrodon|16\/100\n|-heal|p2a: Amoonguss|84\/100|[from] drain|[of] p1a: Gastrodon\n|move|p2b: Ceruledge|Tera Blast|p1b: Haxorus\n|-supereffective|p1b: Haxorus\n|-damage|p1b: Haxorus|0 fnt\n|faint|p1b: Haxorus\n|\n|-heal|p1a: Gastrodon|22\/100|[from] item: Leftovers\n|upkeep\n|turn|6\n|c|\u2606poketechnician|wow gg\n|c|\u2606Reaper976|Gg\n|c|\u2606poketechnician|such horribly bad luck w para\n|\n|t:|1683688639\n|move|p2b: Ceruledge|Shadow Sneak|p1a: Gastrodon\n|-damage|p1a: Gastrodon|0 fnt\n|faint|p1a: Gastrodon\n|\n|win|Reaper976\n|l|\u2606Reaper976\n","uploadtime":1683688644,"views":38,"p1id":"poketechnician","p2id":"reaper976","formatid":"gen9vgc2023regulationc","rating":0,"private":0,"password":""}