{"id":"gen9vgc2023regulationc-1860627773","p1":"Garompa fan","p2":"zippLapZapper","format":"[Gen 9] VGC 2023 Regulation C","log":"|j|\u2606Garompa fan\n|j|\u2606zippLapZapper\n|t:|1683660428\n|gametype|doubles\n|player|p1|Garompa fan|pokemaniac|\n|player|p2|zippLapZapper|hilbert-wonderlauncher|\n|teamsize|p1|6\n|teamsize|p2|6\n|gen|9\n|tier|[Gen 9] VGC 2023 Regulation C\n|rule|Species Clause: Limit one of each Pok\u00e9mon\n|rule|Item Clause: Limit one of each item\n|clearpoke\n|poke|p1|Chi-Yu, L50|\n|poke|p1|Iron Bundle, L50|\n|poke|p1|Amoonguss, L50, F|\n|poke|p1|Dragonite, L50, M|\n|poke|p1|Iron Hands, L50|\n|poke|p1|Flutter Mane, L50|\n|poke|p2|Garchomp, L50, M|\n|poke|p2|Talonflame, L50, F|\n|poke|p2|Flutter Mane, L50|\n|poke|p2|Iron Bundle, L50|\n|poke|p2|Chien-Pao, L50|\n|poke|p2|Tyranitar, L50, M|\n|teampreview|4\nzippLapZapper has agreed to open team sheets.\n|c|\u2606zippLapZapper|g2\n|c|\u2606zippLapZapper|gl hf\n|c|\u2606Garompa fan|u2\nGarompa fan has agreed to open team sheets.\n|inactive|Battle timer is ON: inactive players will automatically lose when time's up. (requested by Garompa fan)\n|\n|t:|1683660487\n|start\n|switch|p1a: Iron Bundle|Iron Bundle, L50|100\/100\n|switch|p1b: Iron Hands|Iron Hands, L50|100\/100\n|switch|p2a: Talonflame|Talonflame, L50, F|100\/100\n|switch|p2b: Garchomp|Garchomp, L50, M|100\/100\n|-enditem|p1a: Iron Bundle|Booster Energy\n|-activate|p1a: Iron Bundle|ability: Quark Drive|[fromitem]\n|-start|p1a: Iron Bundle|quarkdrivespe\n|turn|1\n|inactive|Garompa fan has 30 seconds left.\n|\n|t:|1683660514\n|-terastallize|p2b: Garchomp|Steel\n|move|p2a: Talonflame|Tailwind|p2a: Talonflame\n|-sidestart|p2: zippLapZapper|move: Tailwind\n|move|p2b: Garchomp|Earthquake|p1b: Iron Hands|[spread] p1a,p1b\n|-immune|p2a: Talonflame\n|-supereffective|p1b: Iron Hands\n|-damage|p1a: Iron Bundle|57\/100\n|-damage|p1b: Iron Hands|51\/100\n|move|p1a: Iron Bundle|Icy Wind|p2a: Talonflame|[spread] p2a,p2b\n|-resisted|p2b: Garchomp\n|-damage|p2a: Talonflame|75\/100\n|-damage|p2b: Garchomp|90\/100\n|-unboost|p2a: Talonflame|spe|1\n|move|p1b: Iron Hands|Volt Switch|p2a: Talonflame\n|-supereffective|p2a: Talonflame\n|-damage|p2a: Talonflame|42\/100\n|\n|t:|1683660525\n|-end|p1b: Iron Hands|Quark Drive|[silent]\n|switch|p1b: Dragonite|Dragonite, L50, M|100\/100|[from] Volt Switch\n|\n|upkeep\n|turn|2\n|inactive|Garompa fan has 30 seconds left.\n|inactive|zippLapZapper has 30 seconds left.\n|inactive|Garompa fan has 20 seconds left.\n|inactive|zippLapZapper has 20 seconds left.\n|inactive|Garompa fan has 15 seconds left.\n|inactive|zippLapZapper has 15 seconds left.\n|\n|t:|1683660573\n|move|p2b: Garchomp|Dragon Claw|p1a: Iron Bundle\n|-damage|p1a: Iron Bundle|13\/100\n|move|p1a: Iron Bundle|Freeze-Dry|p2a: Talonflame\n|-damage|p2a: Talonflame|0 fnt\n|faint|p2a: Talonflame\n|move|p1b: Dragonite|Stomping Tantrum|p2b: Garchomp\n|-supereffective|p2b: Garchomp\n|-damage|p2b: Garchomp|31\/100\n|-damage|p1b: Dragonite|88\/100|[from] ability: Rough Skin|[of] p2b: Garchomp\n|\n|upkeep\n|\n|t:|1683660579\n|switch|p2a: Tyranitar|Tyranitar, L50, M|100\/100\n|-weather|Sandstorm|[from] ability: Sand Stream|[of] p2a: Tyranitar\n|turn|3\n|\n|t:|1683660598\n|move|p2b: Garchomp|Dragon Claw|p1b: Dragonite\n|-supereffective|p1b: Dragonite\n|-damage|p1b: Dragonite|15\/100\n|move|p1a: Iron Bundle|Hydro Pump|p2a: Tyranitar\n|-supereffective|p2a: Tyranitar\n|-damage|p2a: Tyranitar|58\/100\n|move|p2a: Tyranitar|Rock Slide|p1a: Iron Bundle|[spread] p1a,p1b\n|-supereffective|p1a: Iron Bundle\n|-supereffective|p1b: Dragonite\n|-damage|p1a: Iron Bundle|0 fnt\n|-damage|p1b: Dragonite|0 fnt\n|faint|p1a: Iron Bundle\n|-end|p1a: Iron Bundle|Quark Drive|[silent]\n|faint|p1b: Dragonite\n|\n|-weather|Sandstorm|[upkeep]\n|upkeep\n|\n|t:|1683660604\n|switch|p1a: Iron Hands|Iron Hands, L50|51\/100\n|switch|p1b: Flutter Mane|Flutter Mane, L50|100\/100\n|turn|4\n|inactive|zippLapZapper has 30 seconds left.\n|\n|t:|1683660632\n|move|p1a: Iron Hands|Fake Out|p2b: Garchomp\n|-resisted|p2b: Garchomp\n|-damage|p2b: Garchomp|23\/100\n|-damage|p1a: Iron Hands|38\/100|[from] ability: Rough Skin|[of] p2b: Garchomp\n|cant|p2b: Garchomp|flinch\n|move|p2a: Tyranitar|Heavy Slam|p1b: Flutter Mane\n|-supereffective|p1b: Flutter Mane\n|-damage|p1b: Flutter Mane|0 fnt\n|faint|p1b: Flutter Mane\n|-end|p1b: Flutter Mane|Protosynthesis|[silent]\n|\n|-weather|Sandstorm|[upkeep]\n|-damage|p1a: Iron Hands|32\/100|[from] Sandstorm\n|-sideend|p2: zippLapZapper|move: Tailwind\n|upkeep\n|turn|5\n|\n|t:|1683660644\n|-terastallize|p1a: Iron Hands|Grass\n|move|p2b: Garchomp|Stomping Tantrum|p1a: Iron Hands\n|-resisted|p1a: Iron Hands\n|-damage|p1a: Iron Hands|6\/100\n|move|p2a: Tyranitar|Low Kick|p1a: Iron Hands\n|-crit|p1a: Iron Hands\n|-damage|p1a: Iron Hands|0 fnt\n|faint|p1a: Iron Hands\n|-end|p1a: Iron Hands|Quark Drive|[silent]\n|\n|win|zippLapZapper\n|c|\u2606zippLapZapper|ggs\n|c|\u2606Garompa fan|GG ive missclicked :C\n","uploadtime":1683660655,"views":26,"p1id":"garompafan","p2id":"zipplapzapper","formatid":"gen9vgc2023regulationc","rating":0,"private":0,"password":""}