{"id":"gen9vgc2023regulationc-1857915040","p1":"nicevsnamy","p2":"AzaleaAkari","format":"[Gen 9] VGC 2023 Regulation C","log":"|j|\u2606nicevsnamy\n|j|\u2606AzaleaAkari\n|t:|1683246791\n|gametype|doubles\n|player|p1|nicevsnamy|cynthia-gen4|\n|player|p2|AzaleaAkari|170|\n|teamsize|p1|6\n|teamsize|p2|6\n|gen|9\n|tier|[Gen 9] VGC 2023 Regulation C\n|rule|Species Clause: Limit one of each Pok\u00e9mon\n|rule|Item Clause: Limit one of each item\n|clearpoke\n|poke|p1|Hatterene, L50, F|\n|poke|p1|Torkoal, L50, F|\n|poke|p1|Oranguru, L50, F|\n|poke|p1|Kingambit, L50, M|\n|poke|p1|Hariyama, L50, M|\n|poke|p1|Gastrodon-East, L50, M|\n|poke|p2|Dondozo, L50, M|\n|poke|p2|Tatsugiri, L50, F|\n|poke|p2|Pelipper, L50, M|\n|poke|p2|Drednaw, L50, M|\n|poke|p2|Dragonite, L50, F|\n|poke|p2|Chien-Pao, L50|\n|teampreview|4\nnicevsnamy has agreed to open team sheets.\nAzaleaAkari has agreed to open team sheets.\n|\n|t:|1683246833\n|start\n|switch|p1a: Hariyama|Hariyama, L50, M|100\/100\n|switch|p1b: Oranguru|Oranguru, L50, F|100\/100\n|switch|p2a: Dragonite|Dragonite, L50, F|100\/100\n|switch|p2b: Chien-Pao|Chien-Pao, L50|100\/100\n|-ability|p2b: Chien-Pao|Sword of Ruin\n|turn|1\n|\n|t:|1683246915\n|move|p2a: Dragonite|Protect|p2a: Dragonite\n|-singleturn|p2a: Dragonite|Protect\n|move|p1a: Hariyama|Fake Out|p2b: Chien-Pao\n|-damage|p2b: Chien-Pao|79\/100\n|cant|p2b: Chien-Pao|flinch\n|move|p1b: Oranguru|Trick Room|p1b: Oranguru\n|-fieldstart|move: Trick Room|[of] p1b: Oranguru\n|\n|-status|p1a: Hariyama|brn|[from] item: Flame Orb\n|upkeep\n|turn|2\n|\n|t:|1683246972\n|move|p2b: Chien-Pao|Protect|p2b: Chien-Pao\n|-singleturn|p2b: Chien-Pao|Protect\n|move|p1a: Hariyama|Close Combat|p2b: Chien-Pao\n|-activate|p2b: Chien-Pao|move: Protect\n|move|p1b: Oranguru|Encore|p2a: Dragonite\n|-start|p2a: Dragonite|Encore\n|move|p2a: Dragonite|Protect||[still]\n|-fail|p2a: Dragonite\n|\n|-damage|p1a: Hariyama|95\/100 brn|[from] brn\n|upkeep\n|turn|3\n|\n|t:|1683247003\n|switch|p1b: Gastrodon|Gastrodon-East, L50, M|100\/100\n|switch|p2a: Drednaw|Drednaw, L50, M|100\/100\n|switch|p2b: Pelipper|Pelipper, L50, M|100\/100\n|-weather|RainDance|[from] ability: Drizzle|[of] p2b: Pelipper\n|move|p1a: Hariyama|Close Combat|p2b: Pelipper\n|-resisted|p2b: Pelipper\n|-damage|p2b: Pelipper|50\/100\n|-unboost|p1a: Hariyama|def|1\n|-unboost|p1a: Hariyama|spd|1\n|\n|-weather|RainDance|[upkeep]\n|-damage|p1a: Hariyama|89\/100 brn|[from] brn\n|upkeep\n|turn|4\n|\n|t:|1683247084\n|-terastallize|p1a: Hariyama|Steel\n|-terastallize|p2a: Drednaw|Grass\n|move|p1b: Gastrodon|Ice Beam|p2a: Drednaw\n|-supereffective|p2a: Drednaw\n|-damage|p2a: Drednaw|41\/100\n|move|p1a: Hariyama|Close Combat|p2a: Drednaw\n|-damage|p2a: Drednaw|0 fnt\n|-unboost|p1a: Hariyama|def|1\n|-unboost|p1a: Hariyama|spd|1\n|faint|p2a: Drednaw\n|move|p2b: Pelipper|Hurricane|p1b: Gastrodon\n|-crit|p1b: Gastrodon\n|-damage|p1b: Gastrodon|30\/100\n|-start|p1b: Gastrodon|confusion\n|\n|-weather|RainDance|[upkeep]\n|-heal|p1b: Gastrodon|36\/100|[from] item: Leftovers\n|-damage|p1a: Hariyama|83\/100 brn|[from] brn\n|upkeep\n|\n|t:|1683247115\n|switch|p2a: Chien-Pao|Chien-Pao, L50|79\/100\n|-ability|p2a: Chien-Pao|Sword of Ruin\n|turn|5\n|\n|t:|1683247160\n|move|p1a: Hariyama|Bullet Punch|p2a: Chien-Pao\n|-supereffective|p2a: Chien-Pao\n|-damage|p2a: Chien-Pao|0 fnt\n|faint|p2a: Chien-Pao\n|-activate|p1b: Gastrodon|confusion\n|move|p1b: Gastrodon|Recover|p1b: Gastrodon\n|-heal|p1b: Gastrodon|86\/100\n|move|p2b: Pelipper|Hurricane|p1b: Gastrodon\n|-damage|p1b: Gastrodon|36\/100\n|\n|-weather|RainDance|[upkeep]\n|-heal|p1b: Gastrodon|42\/100|[from] item: Leftovers\n|-damage|p1a: Hariyama|77\/100 brn|[from] brn\n|-fieldend|move: Trick Room\n|upkeep\n|\n|t:|1683247171\n|switch|p2a: Dragonite|Dragonite, L50, F|100\/100\n|turn|6\n|\n|t:|1683247225\n|move|p2a: Dragonite|Thunder Punch|p1a: Hariyama\n|-damage|p1a: Hariyama|14\/100 brn\n|move|p2b: Pelipper|Hurricane|p1a: Hariyama\n|-resisted|p1a: Hariyama\n|-damage|p1a: Hariyama|0 fnt\n|faint|p1a: Hariyama\n|-activate|p1b: Gastrodon|confusion\n|move|p1b: Gastrodon|Ice Beam|p2a: Dragonite\n|-supereffective|p2a: Dragonite\n|-damage|p2a: Dragonite|31\/100\n|\n|-weather|RainDance|[upkeep]\n|-heal|p1b: Gastrodon|48\/100|[from] item: Leftovers\n|upkeep\n|\n|t:|1683247237\n|switch|p1a: Kingambit|Kingambit, L50, M|100\/100\n|turn|7\n|\n|t:|1683247294\n|switch|p1b: Oranguru|Oranguru, L50, F|100\/100\n|move|p2a: Dragonite|Thunder Punch|p1a: Kingambit\n|-damage|p1a: Kingambit|80\/100\n|move|p2b: Pelipper|Hurricane|p1a: Kingambit\n|-resisted|p1a: Kingambit\n|-damage|p1a: Kingambit|54\/100\n|move|p1a: Kingambit|Kowtow Cleave|p2a: Dragonite\n|-crit|p2a: Dragonite\n|-damage|p2a: Dragonite|0 fnt\n|faint|p2a: Dragonite\n|\n|-weather|RainDance|[upkeep]\n|upkeep\n|turn|8\n|\n|t:|1683247325\n|move|p1a: Kingambit|Sucker Punch|p2b: Pelipper\n|-damage|p2b: Pelipper|0 fnt\n|faint|p2b: Pelipper\n|\n|win|nicevsnamy\n|c|\u2606AzaleaAkari|gg\n|c|\u2606nicevsnamy|gg\n|l|\u2606AzaleaAkari\n","uploadtime":1683247433,"views":7,"p1id":"nicevsnamy","p2id":"azaleaakari","formatid":"gen9vgc2023regulationc","rating":0,"private":0,"password":""}