{"id":"gen9vgc2023regulationc-1852849475","p1":"nik993","p2":"Il buffone","format":"[Gen 9] VGC 2023 Regulation C","log":"|j|\u2606nik993\n|j|\u2606Il buffone\n|t:|1682611454\n|gametype|doubles\n|player|p1|nik993|169|1417\n|player|p2|Il buffone|harlequin|1323\n|teamsize|p1|6\n|teamsize|p2|6\n|gen|9\n|tier|[Gen 9] VGC 2023 Regulation C\n|rated|\n|rule|Species Clause: Limit one of each Pok\u00e9mon\n|rule|Item Clause: Limit one of each item\n|clearpoke\n|poke|p1|Palafin, L50, F|\n|poke|p1|Iron Hands, L50|\n|poke|p1|Amoonguss, L50, F|\n|poke|p1|Arcanine, L50, M|\n|poke|p1|Chien-Pao, L50|\n|poke|p1|Dragonite, L50, M|\n|poke|p2|Palafin, L50, M|\n|poke|p2|Ting-Lu, L50|\n|poke|p2|Amoonguss, L50, M|\n|poke|p2|Arcanine, L50, F|\n|poke|p2|Flutter Mane, L50|\n|poke|p2|Baxcalibur, L50, M|\n|teampreview|4\nnik993 has agreed to open team sheets.\n|\n|t:|1682611477\n|start\n|switch|p1a: Iron Hands|Iron Hands, L50|100\/100\n|switch|p1b: Dragonite|Dragonite, L50, M|100\/100\n|switch|p2a: Amoonguss|Amoonguss, L50, M|100\/100\n|switch|p2b: Palafin|Palafin, L50, M|100\/100\n|turn|1\n|\n|t:|1682611497\n|detailschange|p2b: Palafin|Palafin-Hero, L50, M\n|switch|p2b: Arcanine|Arcanine, L50, F|100\/100\n|-ability|p2b: Arcanine|Intimidate|boost\n|-unboost|p1a: Iron Hands|atk|1\n|-fail|p1b: Dragonite|unboost|Attack|[from] ability: Inner Focus|[of] p1b: Dragonite\n|move|p1a: Iron Hands|Fake Out|p2a: Amoonguss\n|-damage|p2a: Amoonguss|92\/100\n|move|p1b: Dragonite|Dragon Dance|p1b: Dragonite\n|-boost|p1b: Dragonite|atk|1\n|-boost|p1b: Dragonite|spe|1\n|move|p2a: Amoonguss|Spore|p1a: Iron Hands\n|-status|p1a: Iron Hands|slp|[from] move: Spore\n|\n|upkeep\n|turn|2\n|\n|t:|1682611531\n|-terastallize|p1b: Dragonite|Flying\n|move|p1b: Dragonite|Tera Blast|p2a: Amoonguss\n|-supereffective|p2a: Amoonguss\n|-damage|p2a: Amoonguss|0 fnt\n|faint|p2a: Amoonguss\n|move|p2b: Arcanine|Will-O-Wisp|p1b: Dragonite|[miss]\n|-miss|p2b: Arcanine|p1b: Dragonite\n|cant|p1a: Iron Hands|slp\n|\n|upkeep\n|\n|t:|1682611541\n|switch|p2a: Flutter Mane|Flutter Mane, L50|100\/100\n|-enditem|p2a: Flutter Mane|Booster Energy\n|-activate|p2a: Flutter Mane|ability: Protosynthesis|[fromitem]\n|-start|p2a: Flutter Mane|protosynthesisspe\n|turn|3\n|\n|t:|1682611552\n|-terastallize|p2a: Flutter Mane|Fairy\n|move|p2b: Arcanine|Extreme Speed|p1b: Dragonite\n|-damage|p1b: Dragonite|82\/100\n|move|p2a: Flutter Mane|Dazzling Gleam|p1b: Dragonite|[spread] p1a,p1b\n|-supereffective|p1a: Iron Hands\n|-damage|p1a: Iron Hands|60\/100 slp\n|-damage|p1b: Dragonite|41\/100\n|move|p1b: Dragonite|Tera Blast|p2a: Flutter Mane\n|-damage|p2a: Flutter Mane|0 fnt\n|faint|p2a: Flutter Mane\n|-end|p2a: Flutter Mane|Protosynthesis|[silent]\n|cant|p1a: Iron Hands|slp\n|\n|upkeep\n|\n|t:|1682611562\n|switch|p2a: Palafin|Palafin-Hero, L50, M|100\/100\n|-activate|p2a: Palafin|ability: Zero to Hero\n|turn|4\n|\n|t:|1682611578\n|-end|p1a: Iron Hands|Quark Drive|[silent]\n|switch|p1a: Arcanine|Arcanine, L50, M|100\/100\n|-ability|p1a: Arcanine|Intimidate|boost\n|-unboost|p2a: Palafin|atk|1\n|-unboost|p2b: Arcanine|atk|1\n|move|p1b: Dragonite|Extreme Speed|p2b: Arcanine\n|-damage|p2b: Arcanine|53\/100\n|move|p2a: Palafin|Jet Punch|p1b: Dragonite\n|-crit|p1b: Dragonite\n|-damage|p1b: Dragonite|0 fnt\n|faint|p1b: Dragonite\n|move|p2b: Arcanine|Flare Blitz|p1a: Arcanine\n|-resisted|p1a: Arcanine\n|-damage|p1a: Arcanine|87\/100\n|-damage|p2b: Arcanine|48\/100|[from] Recoil\n|\n|upkeep\n|\n|t:|1682611595\n|switch|p1b: Iron Hands|Iron Hands, L50|60\/100 slp\n|turn|5\n|\n|t:|1682611621\n|-curestatus|p1b: Iron Hands|slp|[msg]\n|move|p1b: Iron Hands|Fake Out|p2b: Arcanine\n|-damage|p2b: Arcanine|32\/100\n|cant|p2b: Arcanine|flinch\n|move|p2a: Palafin|Wave Crash|p1a: Arcanine\n|-supereffective|p1a: Arcanine\n|-damage|p1a: Arcanine|0 fnt\n|faint|p1a: Arcanine\n|-damage|p2a: Palafin|72\/100|[from] Recoil\n|\n|upkeep\n|\n|t:|1682611630\n|switch|p1a: Chien-Pao|Chien-Pao, L50|100\/100\n|-ability|p1a: Chien-Pao|Sword of Ruin\n|turn|6\n|\n|t:|1682611642\n|move|p2a: Palafin|Protect|p2a: Palafin\n|-singleturn|p2a: Palafin|Protect\n|move|p1a: Chien-Pao|Sacred Sword|p2b: Arcanine\n|-damage|p2b: Arcanine|0 fnt\n|faint|p2b: Arcanine\n|move|p1b: Iron Hands|Wild Charge|p2a: Palafin\n|-activate|p2a: Palafin|move: Protect\n|\n|upkeep\n|turn|7\n|\n|t:|1682611658\n|move|p1a: Chien-Pao|Sucker Punch|p2a: Palafin\n|-damage|p2a: Palafin|31\/100\n|move|p2a: Palafin|Wave Crash|p1b: Iron Hands\n|-damage|p1b: Iron Hands|0 fnt\n|faint|p1b: Iron Hands\n|-end|p1b: Iron Hands|Quark Drive|[silent]\n|-damage|p2a: Palafin|6\/100|[from] Recoil\n|\n|upkeep\n|turn|8\n|-message|Il buffone forfeited.\n|\n|win|nik993\n|raw|nik993's rating: 1417 → 1433<\/strong> (+16 for winning)\n|raw|Il buffone's rating: 1348 → 1332<\/strong> (-16 for losing)\n|l|\u2606Il buffone\n","uploadtime":1682611675,"views":14,"p1id":"nik993","p2id":"ilbuffone","formatid":"gen9vgc2023regulationc","rating":1332,"private":0,"password":""}