{"id":"gen9vgc2023regulationc-1863322734","p1":"Fabrong8","p2":"Pokepouf","format":"[Gen 9] VGC 2023 Regulation C","log":"|j|\u2606Fabrong8\n|j|\u2606Pokepouf\n|t:|1684002415\n|gametype|doubles\n|player|p1|Fabrong8|pokemonranger|1016\n|player|p2|Pokepouf|101|1079\n|teamsize|p1|6\n|teamsize|p2|6\n|gen|9\n|tier|[Gen 9] VGC 2023 Regulation C\n|rated|\n|rule|Species Clause: Limit one of each Pok\u00e9mon\n|rule|Item Clause: Limit one of each item\n|clearpoke\n|poke|p1|Arcanine, L50, M|\n|poke|p1|Tauros-Paldea-Blaze, L50, M|\n|poke|p1|Amoonguss, L50, F|\n|poke|p1|Sableye, L50, F|\n|poke|p1|Venomoth, L50, F|\n|poke|p1|Roaring Moon, L50|\n|poke|p2|Tatsugiri, L50, M|\n|poke|p2|Dondozo, L50, M|\n|poke|p2|Maushold-Four, L50|\n|poke|p2|Iron Valiant, L50|\n|poke|p2|Annihilape, L50, F|\n|poke|p2|Ting-Lu, L50|\n|teampreview|4\n|inactive|Battle timer is ON: inactive players will automatically lose when time's up. (requested by Pokepouf)\n|\n|t:|1684002462\n|start\n|switch|p1a: Amoonguss|Amoonguss, L50, F|100\/100\n|switch|p1b: Venomoth|Venomoth, L50, F|100\/100\n|switch|p2a: Maushold|Maushold-Four, L50|100\/100\n|switch|p2b: Iron Valiant|Iron Valiant, L50|100\/100\n|-enditem|p2b: Iron Valiant|Booster Energy\n|-activate|p2b: Iron Valiant|ability: Quark Drive|[fromitem]\n|-start|p2b: Iron Valiant|quarkdrivespe\n|turn|1\n|inactive|Pokepouf has 30 seconds left.\n|\n|t:|1684002493\n|-end|p2b: Iron Valiant|Quark Drive|[silent]\n|switch|p2b: Tatsugiri|Tatsugiri, L50, M|100\/100\n|switch|p2a: Dondozo|Dondozo, L50, M|100\/100\n|-activate|p2b: Tatsugiri|ability: Commander|[of] p2a: Dondozo\n|-boost|p2a: Dondozo|atk|2\n|-boost|p2a: Dondozo|spa|2\n|-boost|p2a: Dondozo|spe|2\n|-boost|p2a: Dondozo|def|2\n|-boost|p2a: Dondozo|spd|2\n|move|p1a: Amoonguss|Rage Powder|p1a: Amoonguss\n|-singleturn|p1a: Amoonguss|move: Rage Powder\n|move|p1b: Venomoth|Quiver Dance|p1b: Venomoth\n|-boost|p1b: Venomoth|spa|1\n|-boost|p1b: Venomoth|spd|1\n|-boost|p1b: Venomoth|spe|1\n|\n|upkeep\n|turn|2\n|inactive|Fabrong8 has 30 seconds left.\n|\n|t:|1684002522\n|-terastallize|p2a: Dondozo|Steel\n|move|p1b: Venomoth|Sleep Powder|p2a: Dondozo\n|-activate|p2a: Dondozo|item: Safety Goggles|Sleep Powder\n|move|p2a: Dondozo|Order Up|p1b: Venomoth\n|-damage|p1b: Venomoth|14\/100\n|-boost|p2a: Dondozo|atk|1\n|move|p1a: Amoonguss|Clear Smog|p2a: Dondozo\n|-immune|p2a: Dondozo\n|\n|upkeep\n|turn|3\n|c|\u2606Pokepouf|XD\n|inactive|Fabrong8 has 30 seconds left.\n|inactive|Pokepouf has 30 seconds left.\n|\n|t:|1684002548\n|move|p1a: Amoonguss|Rage Powder|p1a: Amoonguss\n|-singleturn|p1a: Amoonguss|move: Rage Powder\n|move|p1b: Venomoth|Bug Buzz|p2a: Dondozo\n|-resisted|p2a: Dondozo\n|-damage|p2a: Dondozo|84\/100\n|move|p2a: Dondozo|Order Up|p1b: Venomoth\n|-damage|p1b: Venomoth|0 fnt\n|faint|p1b: Venomoth\n|-boost|p2a: Dondozo|atk|1\n|\n|upkeep\n|\n|t:|1684002560\n|switch|p1b: Tauros|Tauros-Paldea-Blaze, L50, M|100\/100\n|-ability|p1b: Tauros|Intimidate|boost\n|-unboost|p2a: Dondozo|atk|1\n|-unboost|p2b: Tatsugiri|atk|1\n|turn|4\n|inactive|Fabrong8 has 30 seconds left.\n|\n|t:|1684002587\n|-terastallize|p1b: Tauros|Electric\n|move|p1b: Tauros|Close Combat|p2a: Dondozo\n|-supereffective|p2a: Dondozo\n|-damage|p2a: Dondozo|21\/100\n|-unboost|p1b: Tauros|def|1\n|-unboost|p1b: Tauros|spd|1\n|move|p2a: Dondozo|Wave Crash|p1b: Tauros\n|-damage|p1b: Tauros|0 fnt\n|faint|p1b: Tauros\n|-damage|p2a: Dondozo|2\/100|[from] Recoil\n|move|p1a: Amoonguss|Pollen Puff|p2a: Dondozo\n|-resisted|p2a: Dondozo\n|-damage|p2a: Dondozo|0 fnt\n|faint|p2a: Dondozo\n|\n|upkeep\n|\n|t:|1684002608\n|switch|p1b: Roaring Moon|Roaring Moon, L50|100\/100\n|switch|p2a: Maushold|Maushold-Four, L50|100\/100\n|-enditem|p1b: Roaring Moon|Booster Energy\n|-activate|p1b: Roaring Moon|ability: Protosynthesis|[fromitem]\n|-start|p1b: Roaring Moon|protosynthesisatk\n|turn|5\n|\n|t:|1684002629\n|move|p2a: Maushold|Helping Hand|p2b: Tatsugiri\n|-singleturn|p2b: Tatsugiri|Helping Hand|[of] p2a: Maushold\n|move|p1a: Amoonguss|Rage Powder|p1a: Amoonguss\n|-singleturn|p1a: Amoonguss|move: Rage Powder\n|move|p2b: Tatsugiri|Draco Meteor|p1a: Amoonguss\n|-damage|p1a: Amoonguss|5\/100\n|-unboost|p2b: Tatsugiri|spa|2\n|move|p1b: Roaring Moon|Dragon Dance|p1b: Roaring Moon\n|-boost|p1b: Roaring Moon|atk|1\n|-boost|p1b: Roaring Moon|spe|1\n|\n|upkeep\n|turn|6\n|\n|t:|1684002652\n|move|p1a: Amoonguss|Rage Powder|p1a: Amoonguss\n|-singleturn|p1a: Amoonguss|move: Rage Powder\n|move|p1b: Roaring Moon|Dragon Claw|p2b: Tatsugiri\n|-supereffective|p2b: Tatsugiri\n|-damage|p2b: Tatsugiri|0 fnt\n|faint|p2b: Tatsugiri\n|move|p2a: Maushold|Population Bomb|p1a: Amoonguss\n|-damage|p1a: Amoonguss|0 fnt\n|-damage|p2a: Maushold|84\/100|[from] item: Rocky Helmet|[of] p1a: Amoonguss\n|faint|p1a: Amoonguss\n|-hitcount|p1: Amoonguss|1\n|\n|upkeep\n|\n|t:|1684002658\n|switch|p2b: Iron Valiant|Iron Valiant, L50|100\/100\n|turn|7\n|\n|t:|1684002672\n|move|p2b: Iron Valiant|Protect|p2b: Iron Valiant\n|-singleturn|p2b: Iron Valiant|Protect\n|move|p1b: Roaring Moon|Acrobatics|p2b: Iron Valiant\n|-activate|p2b: Iron Valiant|move: Protect\n|move|p2a: Maushold|Population Bomb|p1b: Roaring Moon\n|-damage|p1b: Roaring Moon|87\/100\n|-damage|p1b: Roaring Moon|75\/100\n|-damage|p1b: Roaring Moon|62\/100\n|-crit|p1b: Roaring Moon\n|-damage|p1b: Roaring Moon|40\/100\n|-damage|p1b: Roaring Moon|26\/100\n|-damage|p1b: Roaring Moon|13\/100\n|-damage|p1b: Roaring Moon|0 fnt\n|faint|p1b: Roaring Moon\n|-end|p1b: Roaring Moon|Protosynthesis|[silent]\n|-hitcount|p1: Roaring Moon|7\n|\n|win|Pokepouf\n|raw|Fabrong8's rating: 1016 → 1006<\/strong> (-10 for losing)\n|raw|Pokepouf's rating: 1079 → 1102<\/strong> (+23 for winning)\n|l|\u2606Fabrong8\n","uploadtime":1684002696,"views":9,"p1id":"fabrong8","p2id":"pokepouf","formatid":"gen9vgc2023regulationc","rating":1006,"private":0,"password":""}