{"id":"gen9vgc2023regulationc-1851164975","p1":"gorilnx","p2":"Sefer19","format":"[Gen 9] VGC 2023 Regulation C","log":"|j|\u2606gorilnx\n|j|\u2606Sefer19\n|t:|1682419580\n|gametype|doubles\n|player|p1|gorilnx|dawn-gen4pt|1153\n|player|p2|Sefer19|1|1130\n|teamsize|p1|6\n|teamsize|p2|6\n|gen|9\n|tier|[Gen 9] VGC 2023 Regulation C\n|rated|\n|rule|Species Clause: Limit one of each Pok\u00e9mon\n|rule|Item Clause: Limit one of each item\n|clearpoke\n|poke|p1|Abomasnow, L50, M|\n|poke|p1|Iron Bundle, L50|\n|poke|p1|Vivillon-Fancy, L50, M|\n|poke|p1|Ting-Lu, L50|\n|poke|p1|Annihilape, L50, F|\n|poke|p1|Chien-Pao, L50|\n|poke|p2|Flutter Mane, L50|\n|poke|p2|Brute Bonnet, L50|\n|poke|p2|Chi-Yu, L50|\n|poke|p2|Corviknight, L50, F|\n|poke|p2|Murkrow, L50, M|\n|poke|p2|Great Tusk, L50|\n|teampreview|4\n|inactive|Battle timer is ON: inactive players will automatically lose when time's up. (requested by gorilnx)\n|inactive|Sefer19 has 60 seconds left.\n|\n|t:|1682419618\n|start\n|switch|p1a: Vivillon|Vivillon-Fancy, L50, M|100\/100\n|switch|p1b: Ting-Lu|Ting-Lu, L50|100\/100\n|switch|p2a: Flutter Mane|Flutter Mane, L50|100\/100\n|switch|p2b: Murkrow|Murkrow, L50, M|100\/100\n|-ability|p1b: Ting-Lu|Vessel of Ruin\n|turn|1\n|\n|t:|1682419635\n|move|p2b: Murkrow|Tailwind|p2b: Murkrow\n|-sidestart|p2: Sefer19|move: Tailwind\n|move|p2a: Flutter Mane|Thunderbolt|p1a: Vivillon\n|-supereffective|p1a: Vivillon\n|-enditem|p1a: Vivillon|Focus Sash\n|-damage|p1a: Vivillon|1\/100\n|move|p1a: Vivillon|Safeguard|p1a: Vivillon\n|-sidestart|p1: gorilnx|Safeguard\n|move|p1b: Ting-Lu|Rock Slide|p2a: Flutter Mane|[spread] p2a,p2b\n|-supereffective|p2b: Murkrow\n|-damage|p2a: Flutter Mane|42\/100\n|-damage|p2b: Murkrow|47\/100\n|\n|upkeep\n|turn|2\n|inactive|Sefer19 has 30 seconds left.\n|\n|t:|1682419664\n|-end|p2a: Flutter Mane|Protosynthesis|[silent]\n|switch|p2a: Brute Bonnet|Brute Bonnet, L50|100\/100\n|move|p1a: Vivillon|Protect|p1a: Vivillon\n|-singleturn|p1a: Vivillon|Protect\n|move|p2b: Murkrow|Foul Play|p1a: Vivillon\n|-activate|p1a: Vivillon|move: Protect\n|move|p1b: Ting-Lu|Rock Slide|p2a: Brute Bonnet|[spread] p2a,p2b\n|-supereffective|p2b: Murkrow\n|-damage|p2a: Brute Bonnet|77\/100\n|-damage|p2b: Murkrow|0 fnt\n|faint|p2b: Murkrow\n|\n|upkeep\n|\n|t:|1682419682\n|switch|p2b: Flutter Mane|Flutter Mane, L50|42\/100\n|turn|3\n|\n|t:|1682419699\n|switch|p1a: Abomasnow|Abomasnow, L50, M|100\/100\n|-weather|Snow|[from] ability: Snow Warning|[of] p1a: Abomasnow\n|move|p2a: Brute Bonnet|Sucker Punch|p1b: Ting-Lu\n|-resisted|p1b: Ting-Lu\n|-damage|p1b: Ting-Lu|89\/100\n|move|p2b: Flutter Mane|Dazzling Gleam|p1b: Ting-Lu|[spread] p1a,p1b\n|-supereffective|p1b: Ting-Lu\n|-damage|p1a: Abomasnow|65\/100\n|-damage|p1b: Ting-Lu|24\/100\n|move|p1b: Ting-Lu|Rock Slide|p2b: Flutter Mane|[spread] p2a,p2b\n|-damage|p2a: Brute Bonnet|51\/100\n|-damage|p2b: Flutter Mane|0 fnt\n|faint|p2b: Flutter Mane\n|-end|p2b: Flutter Mane|Protosynthesis|[silent]\n|\n|-weather|Snow|[upkeep]\n|upkeep\n|\n|t:|1682419716\n|switch|p2b: Great Tusk|Great Tusk, L50|100\/100\n|turn|4\n|\n|t:|1682419729\n|switch|p1a: Vivillon|Vivillon-Fancy, L50, M|1\/100\n|move|p2b: Great Tusk|Close Combat|p1b: Ting-Lu\n|-supereffective|p1b: Ting-Lu\n|-damage|p1b: Ting-Lu|0 fnt\n|-unboost|p2b: Great Tusk|def|1\n|-unboost|p2b: Great Tusk|spd|1\n|faint|p1b: Ting-Lu\n|move|p2a: Brute Bonnet|Spore|p1a: Vivillon\n|-activate|p1a: Vivillon|move: Safeguard\n|\n|-weather|Snow|[upkeep]\n|-sideend|p2: Sefer19|move: Tailwind\n|upkeep\n|\n|t:|1682419741\n|switch|p1b: Iron Bundle|Iron Bundle, L50|100\/100\n|-enditem|p1b: Iron Bundle|Booster Energy\n|-activate|p1b: Iron Bundle|ability: Quark Drive|[fromitem]\n|-start|p1b: Iron Bundle|quarkdrivespe\n|turn|5\n|\n|t:|1682419753\n|move|p1a: Vivillon|Rage Powder|p1a: Vivillon\n|-singleturn|p1a: Vivillon|move: Rage Powder\n|move|p1b: Iron Bundle|Blizzard|p2a: Brute Bonnet|[spread] p2a,p2b\n|-supereffective|p2a: Brute Bonnet\n|-supereffective|p2b: Great Tusk\n|-crit|p2b: Great Tusk\n|-damage|p2a: Brute Bonnet|0 fnt\n|-damage|p2b: Great Tusk|0 fnt\n|faint|p2a: Brute Bonnet\n|-end|p2a: Brute Bonnet|Protosynthesis|[silent]\n|faint|p2b: Great Tusk\n|-end|p2b: Great Tusk|Protosynthesis|[silent]\n|\n|win|gorilnx\n|raw|gorilnx's rating: 1153 → 1176<\/strong> (+23 for winning)\n|raw|Sefer19's rating: 1130 → 1107<\/strong> (-23 for losing)\n|l|\u2606Sefer19\n","uploadtime":1682419775,"views":6,"p1id":"gorilnx","p2id":"sefer19","formatid":"gen9vgc2023regulationc","rating":1107,"private":0,"password":""}