{"id":"gen9vgc2023regulationc-1851750359","p1":"MLGmushroom","p2":"Mateo8009","format":"[Gen 9] VGC 2023 Regulation C","log":"|j|\u2606MLGmushroom\n|j|\u2606Mateo8009\n|t:|1682477972\n|gametype|doubles\n|player|p1|MLGmushroom|blue|1218\n|player|p2|Mateo8009|170|1143\n|teamsize|p1|6\n|teamsize|p2|6\n|gen|9\n|tier|[Gen 9] VGC 2023 Regulation C\n|rated|\n|rule|Species Clause: Limit one of each Pok\u00e9mon\n|rule|Item Clause: Limit one of each item\n|clearpoke\n|poke|p1|Chien-Pao, L50|\n|poke|p1|Roaring Moon, L50|\n|poke|p1|Flutter Mane, L50|\n|poke|p1|Amoonguss, L50, F|\n|poke|p1|Gyarados, L50, M|\n|poke|p1|Scizor, L50, M|\n|poke|p2|Iron Thorns, L50|\n|poke|p2|Talonflame, L50, F|\n|poke|p2|Barraskewda, L50, F|\n|poke|p2|Chi-Yu, L50|\n|poke|p2|Flutter Mane, L50|\n|poke|p2|Breloom, L50, M|\n|teampreview|4\n|\n|t:|1682478010\n|start\n|switch|p1a: Gyarados|Gyarados, L50, M|100\/100\n|switch|p1b: Scizor|Scizor, L50, M|100\/100\n|switch|p2a: Talonflame|Talonflame, L50, F|100\/100\n|switch|p2b: Breloom|Breloom, L50, M|100\/100\n|-ability|p1a: Gyarados|Intimidate|boost\n|-unboost|p2a: Talonflame|atk|1\n|-unboost|p2b: Breloom|atk|1\n|turn|1\n|\n|t:|1682478028\n|move|p1b: Scizor|Protect|p1b: Scizor\n|-singleturn|p1b: Scizor|Protect\n|move|p2a: Talonflame|Tailwind|p2a: Talonflame\n|-sidestart|p2: Mateo8009|move: Tailwind\n|move|p2b: Breloom|Mach Punch|p1b: Scizor\n|-activate|p1b: Scizor|move: Protect\n|move|p1a: Gyarados|Taunt|p2b: Breloom\n|-start|p2b: Breloom|move: Taunt\n|\n|upkeep\n|turn|2\n|\n|t:|1682478050\n|move|p2a: Talonflame|Flare Blitz|p1b: Scizor\n|-supereffective|p1b: Scizor\n|-damage|p1b: Scizor|0 fnt\n|faint|p1b: Scizor\n|-damage|p2a: Talonflame|63\/100|[from] Recoil\n|move|p2b: Breloom|Bullet Seed|p1a: Gyarados\n|-damage|p1a: Gyarados|84\/100\n|-damage|p1a: Gyarados|67\/100\n|-hitcount|p1a: Gyarados|2\n|move|p1a: Gyarados|Waterfall|p2a: Talonflame\n|-supereffective|p2a: Talonflame\n|-damage|p2a: Talonflame|0 fnt\n|faint|p2a: Talonflame\n|\n|upkeep\n|\n|t:|1682478066\n|switch|p2a: Iron Thorns|Iron Thorns, L50|100\/100\n|switch|p1b: Flutter Mane|Flutter Mane, L50|100\/100\n|turn|3\n|\n|t:|1682478084\n|-terastallize|p1a: Gyarados|Ground\n|move|p1b: Flutter Mane|Protect|p1b: Flutter Mane\n|-singleturn|p1b: Flutter Mane|Protect\n|move|p2a: Iron Thorns|Thunder Punch|p1a: Gyarados\n|-immune|p1a: Gyarados\n|move|p2b: Breloom|Bullet Seed|p1b: Flutter Mane\n|-activate|p1b: Flutter Mane|move: Protect\n|move|p1a: Gyarados|Waterfall|p2a: Iron Thorns\n|-supereffective|p2a: Iron Thorns\n|-damage|p2a: Iron Thorns|31\/100\n|\n|upkeep\n|turn|4\n|\n|t:|1682478118\n|move|p2a: Iron Thorns|Pin Missile|p1a: Gyarados\n|-damage|p1a: Gyarados|54\/100\n|-damage|p1a: Gyarados|42\/100\n|-damage|p1a: Gyarados|31\/100\n|-damage|p1a: Gyarados|20\/100\n|-hitcount|p1a: Gyarados|4\n|move|p2b: Breloom|Bullet Seed|p1a: Gyarados\n|-supereffective|p1a: Gyarados\n|-damage|p1a: Gyarados|0 fnt\n|faint|p1a: Gyarados\n|-hitcount|p1: Gyarados|1\n|move|p1b: Flutter Mane|Dazzling Gleam|p2a: Iron Thorns|[spread] p2a,p2b\n|-supereffective|p2b: Breloom\n|-damage|p2a: Iron Thorns|0 fnt\n|-damage|p2b: Breloom|0 fnt\n|faint|p2a: Iron Thorns\n|-end|p2a: Iron Thorns|Quark Drive|[silent]\n|faint|p2b: Breloom\n|-damage|p1b: Flutter Mane|91\/100|[from] item: Life Orb\n|\n|-sideend|p2: Mateo8009|move: Tailwind\n|upkeep\n|\n|t:|1682478139\n|switch|p1a: Roaring Moon|Roaring Moon, L50|100\/100\n|switch|p2b: Chi-Yu|Chi-Yu, L50|100\/100\n|-ability|p2b: Chi-Yu|Beads of Ruin\n|-enditem|p1a: Roaring Moon|Booster Energy\n|-activate|p1a: Roaring Moon|ability: Protosynthesis|[fromitem]\n|-start|p1a: Roaring Moon|protosynthesisatk\n|turn|5\n|\n|t:|1682478152\n|-terastallize|p2b: Chi-Yu|Water\n|move|p1b: Flutter Mane|Protect|p1b: Flutter Mane\n|-singleturn|p1b: Flutter Mane|Protect\n|move|p1a: Roaring Moon|Protect|p1a: Roaring Moon\n|-singleturn|p1a: Roaring Moon|Protect\n|move|p2b: Chi-Yu|Psychic|p1b: Flutter Mane\n|-activate|p1b: Flutter Mane|move: Protect\n|\n|upkeep\n|turn|6\n|\n|t:|1682478169\n|move|p1b: Flutter Mane|Thunderbolt|p2b: Chi-Yu\n|-supereffective|p2b: Chi-Yu\n|-damage|p2b: Chi-Yu|1\/100\n|-damage|p1b: Flutter Mane|82\/100|[from] item: Life Orb\n|move|p2b: Chi-Yu|Psychic|p1a: Roaring Moon\n|-immune|p1a: Roaring Moon\n|move|p1a: Roaring Moon|Acrobatics|p2b: Chi-Yu\n|-damage|p2b: Chi-Yu|0 fnt\n|faint|p2b: Chi-Yu\n|\n|win|MLGmushroom\n|raw|MLGmushroom's rating: 1218 → 1238<\/strong> (+20 for winning)\n|raw|Mateo8009's rating: 1143 → 1123<\/strong> (-20 for losing)\n|c|\u2606Mateo8009|gg\n","uploadtime":1682478185,"views":10,"p1id":"mlgmushroom","p2id":"mateo8009","formatid":"gen9vgc2023regulationc","rating":1123,"private":0,"password":""}