{"id":"gen9vgc2023regulationc-1860750531","p1":"Littleh4ck","p2":"Plomie","format":"[Gen 9] VGC 2023 Regulation C","log":"|j|\u2606Littleh4ck\n|j|\u2606Plomie\n|t:|1683673379\n|gametype|doubles\n|player|p1|Littleh4ck|266|1194\n|player|p2|Plomie|102|1140\n|teamsize|p1|6\n|teamsize|p2|6\n|gen|9\n|tier|[Gen 9] VGC 2023 Regulation C\n|rated|\n|rule|Species Clause: Limit one of each Pok\u00e9mon\n|rule|Item Clause: Limit one of each item\n|clearpoke\n|poke|p1|Kingambit, L50, M|\n|poke|p1|Chien-Pao, L50|\n|poke|p1|Flutter Mane, L50|\n|poke|p1|Amoonguss, L50, M|\n|poke|p1|Dondozo, L50, F|\n|poke|p1|Iron Hands, L50|\n|poke|p2|Dudunsparce-*, L50, M|\n|poke|p2|Pincurchin, L50, F|\n|poke|p2|Gholdengo, L50|\n|poke|p2|Hydreigon, L50, F|\n|poke|p2|Iron Valiant, L50|\n|poke|p2|Iron Hands, L50|\n|teampreview|4\n|inactive|Battle timer is ON: inactive players will automatically lose when time's up. (requested by Plomie)\n|\n|t:|1683673404\n|start\n|switch|p1a: Dondozo|Dondozo, L50, F|100\/100\n|switch|p1b: Iron Hands|Iron Hands, L50|100\/100\n|switch|p2a: Pincurchin|Pincurchin, L50, F|100\/100\n|switch|p2b: Iron Valiant|Iron Valiant, L50|100\/100\n|-fieldstart|move: Electric Terrain|[from] ability: Electric Surge|[of] p2a: Pincurchin\n|-activate|p2b: Iron Valiant|ability: Quark Drive\n|-start|p2b: Iron Valiant|quarkdrivespe\n|-activate|p1b: Iron Hands|ability: Quark Drive\n|-start|p1b: Iron Hands|quarkdriveatk\n|turn|1\n|\n|t:|1683673423\n|-terastallize|p2b: Iron Valiant|Fairy\n|move|p1b: Iron Hands|Fake Out|p2a: Pincurchin\n|-damage|p2a: Pincurchin|73\/100\n|move|p2b: Iron Valiant|Dazzling Gleam|p1b: Iron Hands|[spread] p1a,p1b\n|-supereffective|p1b: Iron Hands\n|-damage|p1a: Dondozo|67\/100\n|-damage|p1b: Iron Hands|60\/100\n|move|p1a: Dondozo|Rock Slide|p2a: Pincurchin|[spread] p2a\n|-miss|p1a: Dondozo|p2b: Iron Valiant\n|-damage|p2a: Pincurchin|55\/100\n|cant|p2a: Pincurchin|flinch\n|\n|-heal|p1a: Dondozo|73\/100|[from] item: Leftovers\n|upkeep\n|turn|2\n|\n|t:|1683673442\n|move|p2b: Iron Valiant|Moonblast|p1b: Iron Hands\n|-supereffective|p1b: Iron Hands\n|-damage|p1b: Iron Hands|0 fnt\n|faint|p1b: Iron Hands\n|-end|p1b: Iron Hands|Quark Drive|[silent]\n|move|p1a: Dondozo|Substitute|p1a: Dondozo\n|-start|p1a: Dondozo|Substitute\n|-damage|p1a: Dondozo|48\/100\n|move|p2a: Pincurchin|Zing Zap|p1a: Dondozo\n|-supereffective|p1a: Dondozo\n|-end|p1a: Dondozo|Substitute\n|\n|-heal|p1a: Dondozo|55\/100|[from] item: Leftovers\n|upkeep\n|\n|t:|1683673462\n|switch|p1b: Kingambit|Kingambit, L50, M|100\/100\n|turn|3\n|\n|t:|1683673470\n|move|p1b: Kingambit|Protect|p1b: Kingambit\n|-singleturn|p1b: Kingambit|Protect\n|move|p2b: Iron Valiant|Close Combat|p1b: Kingambit\n|-activate|p1b: Kingambit|move: Protect\n|move|p1a: Dondozo|Earthquake|p2a: Pincurchin|[spread] p2a,p2b\n|-activate|p1b: Kingambit|move: Protect\n|-supereffective|p2a: Pincurchin\n|-crit|p2b: Iron Valiant\n|-damage|p2a: Pincurchin|2\/100\n|-damage|p2b: Iron Valiant|63\/100\n|move|p2a: Pincurchin|Zing Zap|p1a: Dondozo\n|-supereffective|p1a: Dondozo\n|-damage|p1a: Dondozo|0 fnt\n|faint|p1a: Dondozo\n|\n|upkeep\n|\n|t:|1683673485\n|switch|p1a: Chien-Pao|Chien-Pao, L50|100\/100\n|-ability|p1a: Chien-Pao|Sword of Ruin\n|turn|4\n|\n|t:|1683673508\n|-terastallize|p1a: Chien-Pao|Ghost\n|move|p1b: Kingambit|Sucker Punch|p2a: Pincurchin\n|-damage|p2a: Pincurchin|0 fnt\n|faint|p2a: Pincurchin\n|move|p2b: Iron Valiant|Close Combat|p1a: Chien-Pao\n|-immune|p1a: Chien-Pao\n|move|p1a: Chien-Pao|Ice Spinner|p2b: Iron Valiant\n|-crit|p2b: Iron Valiant\n|-damage|p2b: Iron Valiant|0 fnt\n|-fieldend|move: Electric Terrain\n|faint|p2b: Iron Valiant\n|-end|p2b: Iron Valiant|Quark Drive|[silent]\n|\n|upkeep\n|\n|t:|1683673521\n|switch|p2b: Iron Hands|Iron Hands, L50|100\/100\n|switch|p2a: Gholdengo|Gholdengo, L50|100\/100\n|turn|5\n|\n|t:|1683673536\n|move|p1a: Chien-Pao|Protect|p1a: Chien-Pao\n|-singleturn|p1a: Chien-Pao|Protect\n|move|p2a: Gholdengo|Make It Rain|p1b: Kingambit|[spread] p1b\n|-activate|p1a: Chien-Pao|move: Protect\n|-resisted|p1b: Kingambit\n|-damage|p1b: Kingambit|69\/100\n|-unboost|p2a: Gholdengo|spa|1\n|move|p1b: Kingambit|Kowtow Cleave|p2a: Gholdengo\n|-supereffective|p2a: Gholdengo\n|-damage|p2a: Gholdengo|0 fnt\n|faint|p2a: Gholdengo\n|move|p2b: Iron Hands|Drain Punch|p1a: Chien-Pao\n|-activate|p1a: Chien-Pao|move: Protect\n|\n|upkeep\n|turn|6\n|\n|t:|1683673558\n|move|p1a: Chien-Pao|Sacred Sword|p2b: Iron Hands\n|-damage|p2b: Iron Hands|75\/100\n|move|p1b: Kingambit|Kowtow Cleave|p2b: Iron Hands\n|-resisted|p2b: Iron Hands\n|-damage|p2b: Iron Hands|46\/100\n|move|p2b: Iron Hands|Earthquake|p1a: Chien-Pao|[spread] p1a,p1b\n|-supereffective|p1b: Kingambit\n|-damage|p1a: Chien-Pao|62\/100\n|-damage|p1b: Kingambit|9\/100\n|\n|upkeep\n|turn|7\n|\n|t:|1683673571\n|move|p1a: Chien-Pao|Sacred Sword|p2b: Iron Hands\n|-damage|p2b: Iron Hands|20\/100\n|move|p1b: Kingambit|Kowtow Cleave|p2b: Iron Hands\n|-resisted|p2b: Iron Hands\n|-damage|p2b: Iron Hands|0 fnt\n|faint|p2b: Iron Hands\n|-end|p2b: Iron Hands|Quark Drive|[silent]\n|\n|win|Littleh4ck\n|raw|Littleh4ck's rating: 1194 → 1215<\/strong> (+21 for winning)\n|raw|Plomie's rating: 1140 → 1119<\/strong> (-21 for losing)\n|c|\u2606Littleh4ck|gg\n","uploadtime":1683673581,"views":11,"p1id":"littleh4ck","p2id":"plomie","formatid":"gen9vgc2023regulationc","rating":1119,"private":0,"password":""}