{"id":"gen9vgc2023regulationc-1849477897","p1":"Dynaco","p2":"Picaro7","format":"[Gen 9] VGC 2023 Regulation C","log":"|j|\u2606Dynaco\n|j|\u2606Picaro7\n|t:|1682203114\n|gametype|doubles\n|player|p1|Dynaco|blaine|\n|player|p2|Picaro7|gambler|\n|teamsize|p1|6\n|teamsize|p2|6\n|gen|9\n|tier|[Gen 9] VGC 2023 Regulation C\n|rule|Species Clause: Limit one of each Pok\u00e9mon\n|rule|Item Clause: Limit one of each item\n|clearpoke\n|poke|p1|Amoonguss, L50, F|\n|poke|p1|Kingambit, L50, F|\n|poke|p1|Roaring Moon, L50|\n|poke|p1|Flutter Mane, L50|\n|poke|p1|Slither Wing, L50|\n|poke|p1|Talonflame, L50, M|\n|poke|p2|Arcanine, L50, M|\n|poke|p2|Lucario, L50, M|\n|poke|p2|Tyranitar, L50, F|\n|poke|p2|Dragapult, L50, M|\n|poke|p2|Scream Tail, L50|\n|poke|p2|Amoonguss, L50, F|\n|teampreview|4\n|\n|t:|1682203167\n|start\n|switch|p1a: Talonflame|Talonflame, L50, M|100\/100\n|switch|p1b: Roaring Moon|Roaring Moon, L50, shiny|100\/100\n|switch|p2a: Amoonguss|Amoonguss, L50, F|100\/100\n|switch|p2b: Arcanine|Arcanine, L50, M|100\/100\n|-ability|p2b: Arcanine|Intimidate|boost\n|-unboost|p1a: Talonflame|atk|1\n|-unboost|p1b: Roaring Moon|atk|1\n|-enditem|p1b: Roaring Moon|Booster Energy\n|-activate|p1b: Roaring Moon|ability: Protosynthesis|[fromitem]\n|-start|p1b: Roaring Moon|protosynthesisspe\n|turn|1\n|\n|t:|1682203197\n|move|p1b: Roaring Moon|Tailwind|p1b: Roaring Moon\n|-sidestart|p1: Dynaco|move: Tailwind\n|move|p1a: Talonflame|Sunny Day|p1a: Talonflame\n|-weather|SunnyDay\n|move|p2b: Arcanine|Will-O-Wisp|p1b: Roaring Moon\n|-status|p1b: Roaring Moon|brn\n|move|p2a: Amoonguss|Spore|p1a: Talonflame\n|-status|p1a: Talonflame|slp|[from] move: Spore\n|\n|-weather|SunnyDay|[upkeep]\n|-damage|p1b: Roaring Moon|95\/100 brn|[from] brn\n|upkeep\n|turn|2\n|\n|t:|1682203241\n|-end|p1b: Roaring Moon|Protosynthesis|[silent]\n|switch|p1b: Flutter Mane|Flutter Mane, L50|100\/100\n|-activate|p1b: Flutter Mane|ability: Protosynthesis\n|-start|p1b: Flutter Mane|protosynthesisspe\n|switch|p2a: Lucario|Lucario, L50, M, shiny|100\/100\n|move|p2b: Arcanine|Extreme Speed|p1a: Talonflame\n|-damage|p1a: Talonflame|63\/100 slp\n|cant|p1a: Talonflame|slp\n|\n|-weather|SunnyDay|[upkeep]\n|upkeep\n|turn|3\n|\n|t:|1682203265\n|move|p2b: Arcanine|Extreme Speed|p1a: Talonflame\n|-damage|p1a: Talonflame|22\/100 slp\n|move|p2a: Lucario|Bullet Punch|p1b: Flutter Mane\n|-supereffective|p1b: Flutter Mane\n|-damage|p1b: Flutter Mane|0 fnt\n|faint|p1b: Flutter Mane\n|-end|p1b: Flutter Mane|Protosynthesis|[silent]\n|-damage|p2a: Lucario|91\/100|[from] item: Life Orb\n|cant|p1a: Talonflame|slp\n|\n|-weather|SunnyDay|[upkeep]\n|upkeep\n|\n|t:|1682203289\n|switch|p1b: Roaring Moon|Roaring Moon, L50, shiny|95\/100 brn\n|-activate|p1b: Roaring Moon|ability: Protosynthesis\n|-start|p1b: Roaring Moon|protosynthesisatk\n|turn|4\n|\n|t:|1682203308\n|-terastallize|p2a: Lucario|Fighting\n|move|p1b: Roaring Moon|Protect|p1b: Roaring Moon\n|-singleturn|p1b: Roaring Moon|Protect\n|move|p2b: Arcanine|Extreme Speed|p1a: Talonflame\n|-damage|p1a: Talonflame|0 fnt\n|faint|p1a: Talonflame\n|move|p2a: Lucario|Drain Punch|p1b: Roaring Moon\n|-activate|p1b: Roaring Moon|move: Protect\n|\n|-weather|SunnyDay|[upkeep]\n|-damage|p1b: Roaring Moon|89\/100 brn|[from] brn\n|-sideend|p1: Dynaco|move: Tailwind\n|upkeep\n|\n|t:|1682203320\n|switch|p1a: Slither Wing|Slither Wing, L50, shiny|100\/100\n|-activate|p1a: Slither Wing|ability: Protosynthesis\n|-start|p1a: Slither Wing|protosynthesisatk\n|turn|5\n|\n|t:|1682203335\n|switch|p2a: Tyranitar|Tyranitar, L50, F|100\/100\n|-ability|p2a: Tyranitar|Unnerve\n|-terastallize|p1b: Roaring Moon|Flying\n|move|p1a: Slither Wing|First Impression|p2b: Arcanine\n|-resisted|p2b: Arcanine\n|-crit|p2b: Arcanine\n|-damage|p2b: Arcanine|32\/100\n|-damage|p1a: Slither Wing|91\/100|[from] item: Life Orb\n|move|p1b: Roaring Moon|Acrobatics|p2a: Tyranitar\n|-resisted|p2a: Tyranitar\n|-damage|p2a: Tyranitar|84\/100\n|move|p2b: Arcanine|Will-O-Wisp|p1a: Slither Wing\n|-status|p1a: Slither Wing|brn\n|\n|-weather|none\n|-end|p1b: Roaring Moon|Protosynthesis\n|-end|p1a: Slither Wing|Protosynthesis\n|-damage|p1b: Roaring Moon|83\/100 brn|[from] brn\n|-damage|p1a: Slither Wing|84\/100 brn|[from] brn\n|upkeep\n|turn|6\n|\n|t:|1682203367\n|move|p2b: Arcanine|Protect|p2b: Arcanine\n|-singleturn|p2b: Arcanine|Protect\n|move|p1b: Roaring Moon|Throat Chop|p2a: Tyranitar\n|-resisted|p2a: Tyranitar\n|-damage|p2a: Tyranitar|75\/100\n|-start|p2a: Tyranitar|Throat Chop|[silent]\n|move|p1a: Slither Wing|Close Combat|p2b: Arcanine\n|-activate|p2b: Arcanine|move: Protect\n|move|p2a: Tyranitar|Rock Slide|p1b: Roaring Moon|[spread] p1a,p1b\n|-supereffective|p1b: Roaring Moon\n|-damage|p1a: Slither Wing|43\/100 brn\n|-damage|p1b: Roaring Moon|12\/100 brn\n|\n|-damage|p1b: Roaring Moon|6\/100 brn|[from] brn\n|-damage|p1a: Slither Wing|37\/100 brn|[from] brn\n|upkeep\n|turn|7\n|\n|t:|1682203411\n|move|p1a: Slither Wing|Protect|p1a: Slither Wing\n|-singleturn|p1a: Slither Wing|Protect\n|move|p2b: Arcanine|Extreme Speed|p1b: Roaring Moon\n|-damage|p1b: Roaring Moon|0 fnt\n|faint|p1b: Roaring Moon\n|-end|p1b: Roaring Moon|Protosynthesis|[silent]\n|move|p2a: Tyranitar|Rock Slide|p1a: Slither Wing\n|-activate|p1a: Slither Wing|move: Protect\n|\n|-damage|p1a: Slither Wing|30\/100 brn|[from] brn\n|-end|p2a: Tyranitar|Throat Chop|[silent]\n|upkeep\n|turn|8\n|\n|t:|1682203435\n|switch|p2a: Amoonguss|Amoonguss, L50, F|100\/100\n|move|p1a: Slither Wing|Close Combat|p2a: Amoonguss\n|-resisted|p2a: Amoonguss\n|-damage|p2a: Amoonguss|83\/100\n|-unboost|p1a: Slither Wing|def|1\n|-unboost|p1a: Slither Wing|spd|1\n|-damage|p1a: Slither Wing|20\/100 brn|[from] item: Life Orb\n|move|p2b: Arcanine|Flare Blitz|p1a: Slither Wing\n|-supereffective|p1a: Slither Wing\n|-damage|p1a: Slither Wing|0 fnt\n|faint|p1a: Slither Wing\n|-end|p1a: Slither Wing|Protosynthesis|[silent]\n|-damage|p2b: Arcanine|26\/100|[from] Recoil\n|\n|win|Picaro7\n|l|\u2606Dynaco\n","uploadtime":1682203587,"views":4,"p1id":"dynaco","p2id":"picaro7","formatid":"gen9vgc2023regulationc","rating":0,"private":0,"password":""}