{"id":"gen9vgc2023regulationc-1855123885","p1":"Orcat","p2":"jeffman323","format":"[Gen 9] VGC 2023 Regulation C","log":"|j|\u203dOrcat\n|j|\u2606jeffman323\n|t:|1682904181\n|gametype|doubles\n|player|p1|Orcat|2|1542\n|player|p2|jeffman323|steven|1522\n|teamsize|p1|6\n|teamsize|p2|6\n|gen|9\n|tier|[Gen 9] VGC 2023 Regulation C\n|rated|\n|rule|Species Clause: Limit one of each Pok\u00e9mon\n|rule|Item Clause: Limit one of each item\n|clearpoke\n|poke|p1|Dondozo, L50, F|\n|poke|p1|Tatsugiri, L50, M|\n|poke|p1|Pelipper, L50, M|\n|poke|p1|Drednaw, L50, F|\n|poke|p1|Chien-Pao, L50|\n|poke|p1|Dragonite, L50, M|\n|poke|p2|Hatterene, L50, F|\n|poke|p2|Azumarill, L50, F|\n|poke|p2|Slither Wing, L50|\n|poke|p2|Kingambit, L50, M|\n|poke|p2|Iron Hands, L50|\n|poke|p2|Stantler, L50, F|\n|teampreview|4\njeffman323 has agreed to open team sheets.\nOrcat rejected open team sheets.\n|\n|t:|1682904214\n|start\n|switch|p1a: Pelipper|Pelipper, L50, M|100\/100\n|switch|p1b: Drednaw|Drednaw, L50, F|100\/100\n|switch|p2a: Iron Hands|Iron Hands, L50|100\/100\n|switch|p2b: Hatterene|Hatterene, L50, F|100\/100\n|-weather|RainDance|[from] ability: Drizzle|[of] p1a: Pelipper\n|turn|1\n|j| AcekingTesting\n|\n|t:|1682904239\n|move|p2a: Iron Hands|Fake Out|p1b: Drednaw\n|-resisted|p1b: Drednaw\n|-damage|p1b: Drednaw|90\/100\n|cant|p1b: Drednaw|flinch\n|move|p1a: Pelipper|Hydro Pump|p2b: Hatterene\n|-damage|p2b: Hatterene|22\/100\n|move|p2b: Hatterene|Trick Room|p2b: Hatterene\n|-fieldstart|move: Trick Room|[of] p2b: Hatterene\n|\n|-weather|RainDance|[upkeep]\n|upkeep\n|turn|2\n|j| Rabbihorn\n|\n|t:|1682904264\n|-terastallize|p1b: Drednaw|Grass\n|move|p2b: Hatterene|Protect|p2b: Hatterene\n|-singleturn|p2b: Hatterene|Protect\n|move|p2a: Iron Hands|Thunder Punch|p1a: Pelipper\n|-supereffective|p1a: Pelipper\n|-enditem|p1a: Pelipper|Focus Sash\n|-damage|p1a: Pelipper|1\/100\n|move|p1a: Pelipper|Hurricane|p2b: Hatterene\n|-activate|p2b: Hatterene|move: Protect\n|move|p1b: Drednaw|Liquidation|p2a: Iron Hands\n|-damage|p2a: Iron Hands|38\/100\n|\n|-weather|RainDance|[upkeep]\n|upkeep\n|turn|3\n|j| sasaki234\n|\n|t:|1682904281\n|move|p1a: Pelipper|Protect|p1a: Pelipper\n|-singleturn|p1a: Pelipper|Protect\n|move|p2b: Hatterene|Dazzling Gleam|p1a: Pelipper|[spread] p1b\n|-activate|p1a: Pelipper|move: Protect\n|-damage|p1b: Drednaw|47\/100\n|move|p2a: Iron Hands|Drain Punch|p1b: Drednaw\n|-damage|p1b: Drednaw|0 fnt\n|-heal|p2a: Iron Hands|53\/100|[from] drain|[of] p1b: Drednaw\n|faint|p1b: Drednaw\n|\n|-weather|RainDance|[upkeep]\n|upkeep\n|\n|t:|1682904295\n|switch|p1b: Dragonite|Dragonite, L50, M|100\/100\n|turn|4\n|\n|t:|1682904333\n|move|p1b: Dragonite|Extreme Speed|p2b: Hatterene\n|-damage|p2b: Hatterene|0 fnt\n|faint|p2b: Hatterene\n|move|p2a: Iron Hands|Thunder Punch|p1b: Dragonite\n|-damage|p1b: Dragonite|76\/100\n|move|p1a: Pelipper|Hurricane|p2a: Iron Hands\n|-damage|p2a: Iron Hands|24\/100\n|\n|-weather|RainDance|[upkeep]\n|upkeep\n|\n|t:|1682904338\n|switch|p2b: Azumarill|Azumarill, L50, F|100\/100\n|turn|5\n|\n|t:|1682904353\n|-end|p2a: Iron Hands|Quark Drive|[silent]\n|switch|p2a: Slither Wing|Slither Wing, L50|100\/100\n|-enditem|p2a: Slither Wing|Booster Energy\n|-activate|p2a: Slither Wing|ability: Protosynthesis|[fromitem]\n|-start|p2a: Slither Wing|protosynthesisatk\n|move|p1b: Dragonite|Protect|p1b: Dragonite\n|-singleturn|p1b: Dragonite|Protect\n|move|p1a: Pelipper|Protect|p1a: Pelipper\n|-singleturn|p1a: Pelipper|Protect\n|move|p2b: Azumarill|Play Rough|p1b: Dragonite\n|-activate|p1b: Dragonite|move: Protect\n|\n|-weather|none\n|-fieldend|move: Trick Room\n|upkeep\n|turn|6\n|\n|t:|1682904381\n|-terastallize|p2a: Slither Wing|Steel\n|move|p1b: Dragonite|Extreme Speed|p2b: Azumarill\n|-damage|p2b: Azumarill|70\/100\n|move|p2a: Slither Wing|First Impression|p1a: Pelipper\n|-resisted|p1a: Pelipper\n|-damage|p1a: Pelipper|0 fnt\n|faint|p1a: Pelipper\n|move|p2b: Azumarill|Play Rough|p1b: Dragonite\n|-supereffective|p1b: Dragonite\n|-damage|p1b: Dragonite|0 fnt\n|faint|p1b: Dragonite\n|\n|upkeep\n|-message|Orcat forfeited.\n|\n|win|jeffman323\n|raw|Orcat's rating: 1542 → 1521<\/strong> (-21 for losing)\n|raw|jeffman323's rating: 1522 → 1543<\/strong> (+21 for winning)\n|l|\u203dOrcat\n","uploadtime":1682904396,"views":12,"p1id":"orcat","p2id":"jeffman323","formatid":"gen9vgc2023regulationc","rating":1521,"private":0,"password":""}