{"id":"gen9vgc2023regulationc-1850345683","p1":"UltimoRyu","p2":"Beee800197","format":"[Gen 9] VGC 2023 Regulation C","log":"|j|\u2606UltimoRyu\n|j|\u2606Beee800197\n|t:|1682322038\n|gametype|doubles\n|player|p1|UltimoRyu|steven|1241\n|player|p2|Beee800197|170|1167\n|teamsize|p1|6\n|teamsize|p2|6\n|gen|9\n|tier|[Gen 9] VGC 2023 Regulation C\n|rated|\n|rule|Species Clause: Limit one of each Pok\u00e9mon\n|rule|Item Clause: Limit one of each item\n|clearpoke\n|poke|p1|Amoonguss, L50, F|\n|poke|p1|Quaquaval, L50, M|\n|poke|p1|Arcanine, L50, F|\n|poke|p1|Flamigo, L50, F|\n|poke|p1|Iron Hands, L50|\n|poke|p1|Flutter Mane, L50|\n|poke|p2|Flutter Mane, L50|\n|poke|p2|Ceruledge, L50, F|\n|poke|p2|Iron Hands, L50|\n|poke|p2|Amoonguss, L50, F|\n|poke|p2|Gyarados, L50, F|\n|poke|p2|Chien-Pao, L50|\n|teampreview|4\n|inactive|Battle timer is ON: inactive players will automatically lose when time's up. (requested by Beee800197)\n|inactive|UltimoRyu has 60 seconds left.\n|inactive|Beee800197 has 60 seconds left.\n|\n|t:|1682322087\n|start\n|switch|p1a: Amoonguss|Amoonguss, L50, F|100\/100\n|switch|p1b: Iron Hands|Iron Hands, L50|100\/100\n|switch|p2a: Iron Hands|Iron Hands, L50|100\/100\n|switch|p2b: Ceruledge|Ceruledge, L50, F|100\/100\n|turn|1\n|\n|t:|1682322106\n|move|p2a: Iron Hands|Fake Out|p1a: Amoonguss\n|-damage|p1a: Amoonguss|88\/100\n|-damage|p2a: Iron Hands|84\/100|[from] item: Rocky Helmet|[of] p1a: Amoonguss\n|move|p1b: Iron Hands|Fake Out|p2a: Iron Hands\n|-damage|p2a: Iron Hands|74\/100\n|move|p2b: Ceruledge|Bulk Up|p2b: Ceruledge\n|-boost|p2b: Ceruledge|atk|1\n|-boost|p2b: Ceruledge|def|1\n|cant|p1a: Amoonguss|flinch\n|\n|upkeep\n|turn|2\n|inactive|UltimoRyu has 30 seconds left.\n|\n|t:|1682322135\n|move|p2b: Ceruledge|Bitter Blade|p1a: Amoonguss\n|-supereffective|p1a: Amoonguss\n|-damage|p1a: Amoonguss|0 fnt\n|-damage|p2b: Ceruledge|84\/100|[from] item: Rocky Helmet|[of] p1a: Amoonguss\n|faint|p1a: Amoonguss\n|move|p2a: Iron Hands|Volt Switch|p1b: Iron Hands\n|-resisted|p1b: Iron Hands\n|-damage|p1b: Iron Hands|97\/100\n|\n|t:|1682322146\n|-end|p2a: Iron Hands|Quark Drive|[silent]\n|switch|p2a: Gyarados|Gyarados, L50, F|100\/100|[from] Volt Switch\n|-ability|p2a: Gyarados|Intimidate|boost\n|-unboost|p1b: Iron Hands|atk|1\n|move|p1b: Iron Hands|Drain Punch|p2a: Gyarados\n|-resisted|p2a: Gyarados\n|-damage|p2a: Gyarados|87\/100\n|-heal|p1b: Iron Hands|100\/100|[from] drain|[of] p2a: Gyarados\n|\n|upkeep\n|\n|t:|1682322158\n|switch|p1a: Quaquaval|Quaquaval, L50, M|100\/100\n|turn|3\n|inactive|UltimoRyu has 30 seconds left.\n|\n|t:|1682322185\n|switch|p2a: Iron Hands|Iron Hands, L50|74\/100\n|-end|p1b: Iron Hands|Quark Drive|[silent]\n|switch|p1b: Flutter Mane|Flutter Mane, L50|100\/100\n|-terastallize|p2b: Ceruledge|Steel\n|move|p1a: Quaquaval|Swords Dance|p1a: Quaquaval\n|-boost|p1a: Quaquaval|atk|2\n|move|p2b: Ceruledge|Bulk Up|p2b: Ceruledge\n|-boost|p2b: Ceruledge|atk|1\n|-boost|p2b: Ceruledge|def|1\n|\n|upkeep\n|turn|4\n|\n|t:|1682322206\n|-terastallize|p1b: Flutter Mane|Water\n|move|p1a: Quaquaval|Protect|p1a: Quaquaval\n|-singleturn|p1a: Quaquaval|Protect\n|move|p2a: Iron Hands|Fake Out|p1a: Quaquaval\n|-activate|p1a: Quaquaval|move: Protect\n|move|p1b: Flutter Mane|Dazzling Gleam|p2b: Ceruledge|[spread] p2a,p2b\n|-supereffective|p2a: Iron Hands\n|-resisted|p2b: Ceruledge\n|-damage|p2a: Iron Hands|30\/100\n|-damage|p2b: Ceruledge|62\/100\n|move|p2b: Ceruledge|Bulk Up|p2b: Ceruledge\n|-boost|p2b: Ceruledge|atk|1\n|-boost|p2b: Ceruledge|def|1\n|\n|upkeep\n|turn|5\n|inactive|Beee800197 has 30 seconds left.\n|\n|t:|1682322234\n|-end|p2a: Iron Hands|Quark Drive|[silent]\n|switch|p2a: Gyarados|Gyarados, L50, F|87\/100\n|-ability|p2a: Gyarados|Intimidate|boost\n|-unboost|p1a: Quaquaval|atk|1\n|-unboost|p1b: Flutter Mane|atk|1\n|move|p2b: Ceruledge|Shadow Sneak|p1a: Quaquaval\n|-damage|p1a: Quaquaval|34\/100\n|move|p1b: Flutter Mane|Dazzling Gleam|p2b: Ceruledge|[spread] p2a,p2b\n|-resisted|p2b: Ceruledge\n|-damage|p2a: Gyarados|51\/100\n|-damage|p2b: Ceruledge|41\/100\n|move|p1a: Quaquaval|Close Combat|p2b: Ceruledge\n|-supereffective|p2b: Ceruledge\n|-damage|p2b: Ceruledge|0 fnt\n|-unboost|p1a: Quaquaval|def|1\n|-unboost|p1a: Quaquaval|spd|1\n|faint|p2b: Ceruledge\n|-ability|p1a: Quaquaval|Moxie|boost\n|-boost|p1a: Quaquaval|atk|1\n|\n|upkeep\n|\n|t:|1682322251\n|switch|p2b: Iron Hands|Iron Hands, L50|30\/100\n|turn|6\n|\n|t:|1682322269\n|switch|p2a: Chien-Pao|Chien-Pao, L50|100\/100\n|-ability|p2a: Chien-Pao|Sword of Ruin\n|move|p1a: Quaquaval|Protect|p1a: Quaquaval\n|-singleturn|p1a: Quaquaval|Protect\n|move|p1b: Flutter Mane|Dazzling Gleam|p2b: Iron Hands|[spread] p2a,p2b\n|-supereffective|p2a: Chien-Pao\n|-supereffective|p2b: Iron Hands\n|-enditem|p2a: Chien-Pao|Focus Sash\n|-damage|p2a: Chien-Pao|1\/100\n|-damage|p2b: Iron Hands|0 fnt\n|faint|p2b: Iron Hands\n|-end|p2b: Iron Hands|Quark Drive|[silent]\n|\n|upkeep\n|\n|t:|1682322280\n|switch|p2b: Gyarados|Gyarados, L50, F|51\/100\n|-ability|p2b: Gyarados|Intimidate|boost\n|-unboost|p1a: Quaquaval|atk|1\n|-unboost|p1b: Flutter Mane|atk|1\n|turn|7\n|inactive|Beee800197 has 30 seconds left.\n|inactive|UltimoRyu has 30 seconds left.\n|inactive|Beee800197 has 20 seconds left.\n|inactive|Beee800197 has 15 seconds left.\n|inactive|Beee800197 has 10 seconds left.\n|\n|t:|1682322326\n|move|p2a: Chien-Pao|Sucker Punch||[still]\n|-fail|p2a: Chien-Pao\n|move|p1b: Flutter Mane|Dazzling Gleam|p2b: Gyarados|[spread] p2a,p2b\n|-supereffective|p2a: Chien-Pao\n|-damage|p2a: Chien-Pao|0 fnt\n|-damage|p2b: Gyarados|14\/100\n|faint|p2a: Chien-Pao\n|move|p1a: Quaquaval|Swords Dance|p1a: Quaquaval\n|-boost|p1a: Quaquaval|atk|2\n|move|p2b: Gyarados|Thunder Wave|p1b: Flutter Mane\n|-status|p1b: Flutter Mane|par\n|\n|upkeep\n|turn|8\n|-message|Beee800197 forfeited.\n|\n|win|UltimoRyu\n|raw|UltimoRyu's rating: 1241 → 1261<\/strong> (+20 for winning)\n|raw|Beee800197's rating: 1167 → 1147<\/strong> (-20 for losing)\n|l|\u2606Beee800197\n","uploadtime":1682322342,"views":23,"p1id":"ultimoryu","p2id":"beee800197","formatid":"gen9vgc2023regulationc","rating":1147,"private":0,"password":""}