{"id":"gen9vgc2023regulationc-1861605385","p1":"chuu2trainer","p2":"MamaMiaKhalifa","format":"[Gen 9] VGC 2023 Regulation C","log":"|j|\u2606chuu2trainer\n|j|\u2606MamaMiaKhalifa\n|t:|1683780174\n|gametype|doubles\n|player|p1|chuu2trainer|marley|1112\n|player|p2|MamaMiaKhalifa|lance|1049\n|teamsize|p1|6\n|teamsize|p2|6\n|gen|9\n|tier|[Gen 9] VGC 2023 Regulation C\n|rated|\n|rule|Species Clause: Limit one of each Pok\u00e9mon\n|rule|Item Clause: Limit one of each item\n|clearpoke\n|poke|p1|Pachirisu, L50, F|\n|poke|p1|Raichu, L50, M|\n|poke|p1|Dedenne, L50, F|\n|poke|p1|Pelipper, L50, F|\n|poke|p1|Vaporeon, L50, M|\n|poke|p1|Meowscarada, L50, M|\n|poke|p2|Wo-Chien, L50|\n|poke|p2|Glimmora, L50, M|\n|poke|p2|Flutter Mane, L50|\n|poke|p2|Gyarados, L50, F|\n|poke|p2|Indeedee-F, L50, F|\n|poke|p2|Armarouge, L50, M|\n|teampreview|4\n|\n|t:|1683780253\n|start\n|switch|p1a: Pelipper|Pelipper, L50, F|100\/100\n|switch|p1b: Pachirisu|Pachirisu, L50, F|100\/100\n|switch|p2a: Glimmora|Glimmora, L50, M|100\/100\n|switch|p2b: Flutter Mane|Flutter Mane, L50|100\/100\n|-weather|RainDance|[from] ability: Drizzle|[of] p1a: Pelipper\n|-enditem|p2b: Flutter Mane|Booster Energy\n|-activate|p2b: Flutter Mane|ability: Protosynthesis|[fromitem]\n|-start|p2b: Flutter Mane|protosynthesisspe\n|turn|1\n|\n|t:|1683780286\n|move|p2b: Flutter Mane|Thunderbolt|p1a: Pelipper\n|-supereffective|p1a: Pelipper\n|-damage|p1a: Pelipper|0 fnt\n|faint|p1a: Pelipper\n|move|p1b: Pachirisu|Nuzzle|p2b: Flutter Mane\n|-damage|p2b: Flutter Mane|91\/100\n|-status|p2b: Flutter Mane|par\n|move|p2a: Glimmora|Earth Power|p1b: Pachirisu\n|-supereffective|p1b: Pachirisu\n|-damage|p1b: Pachirisu|19\/100\n|-enditem|p1b: Pachirisu|Iapapa Berry|[eat]\n|-heal|p1b: Pachirisu|52\/100|[from] item: Iapapa Berry\n|\n|-weather|RainDance|[upkeep]\n|upkeep\n|\n|t:|1683780303\n|switch|p1a: Raichu|Raichu, L50, M|100\/100\n|turn|2\n|\n|t:|1683780341\n|move|p2a: Glimmora|Spiky Shield|p2a: Glimmora\n|-singleturn|p2a: Glimmora|move: Protect\n|move|p1a: Raichu|Fake Out|p2a: Glimmora\n|-activate|p2a: Glimmora|move: Protect\n|-damage|p1a: Raichu|89\/100|[from] Spiky Shield|[of] p2a: Glimmora\n|move|p1b: Pachirisu|Super Fang|p2a: Glimmora\n|-activate|p2a: Glimmora|move: Protect\n|-damage|p1b: Pachirisu|40\/100|[from] Spiky Shield|[of] p2a: Glimmora\n|move|p2b: Flutter Mane|Shadow Ball|p1a: Raichu\n|-damage|p1a: Raichu|43\/100\n|-unboost|p1a: Raichu|spd|1\n|\n|-weather|RainDance|[upkeep]\n|upkeep\n|turn|3\n|\n|t:|1683780373\n|-end|p2b: Flutter Mane|Protosynthesis|[silent]\n|switch|p2b: Wo-Chien|Wo-Chien, L50|100\/100\n|-ability|p2b: Wo-Chien|Tablets of Ruin\n|move|p1b: Pachirisu|Helping Hand|p1a: Raichu\n|-singleturn|p1a: Raichu|Helping Hand|[of] p1b: Pachirisu\n|move|p1a: Raichu|Thunder|p2a: Glimmora\n|-damage|p2a: Glimmora|20\/100\n|-status|p2a: Glimmora|par\n|-enditem|p2a: Glimmora|Sitrus Berry|[eat]\n|-heal|p2a: Glimmora|45\/100 par|[from] item: Sitrus Berry\n|move|p2a: Glimmora|Earth Power|p1b: Pachirisu\n|-supereffective|p1b: Pachirisu\n|-damage|p1b: Pachirisu|0 fnt\n|faint|p1b: Pachirisu\n|\n|-weather|RainDance|[upkeep]\n|upkeep\n|\n|t:|1683780391\n|switch|p1b: Vaporeon|Vaporeon, L50, M|100\/100\n|turn|4\n|\n|t:|1683780432\n|-terastallize|p1b: Vaporeon|Steel\n|move|p1a: Raichu|Thunder|p2b: Wo-Chien\n|-resisted|p2b: Wo-Chien\n|-damage|p2b: Wo-Chien|87\/100\n|move|p2b: Wo-Chien|Pollen Puff|p2a: Glimmora\n|-heal|p2a: Glimmora|95\/100 par\n|move|p1b: Vaporeon|Ice Beam|p2b: Wo-Chien\n|-supereffective|p2b: Wo-Chien\n|-damage|p2b: Wo-Chien|49\/100\n|-damage|p1b: Vaporeon|91\/100|[from] item: Life Orb\n|cant|p2a: Glimmora|par\n|\n|-weather|RainDance|[upkeep]\n|-heal|p2b: Wo-Chien|56\/100|[from] item: Leftovers\n|upkeep\n|turn|5\n|\n|t:|1683780455\n|move|p1a: Raichu|Surf|p2b: Wo-Chien|[spread] p2a,p2b\n|-heal|p1b: Vaporeon|100\/100|[from] ability: Water Absorb|[of] p1a: Raichu\n|-supereffective|p2a: Glimmora\n|-resisted|p2b: Wo-Chien\n|-damage|p2a: Glimmora|36\/100 par\n|-damage|p2b: Wo-Chien|48\/100\n|move|p2b: Wo-Chien|Leech Seed|p1b: Vaporeon\n|-start|p1b: Vaporeon|move: Leech Seed\n|move|p1b: Vaporeon|Muddy Water|p2b: Wo-Chien|[spread] p2a,p2b\n|-supereffective|p2a: Glimmora\n|-resisted|p2b: Wo-Chien\n|-damage|p2a: Glimmora|0 fnt\n|-damage|p2b: Wo-Chien|34\/100\n|faint|p2a: Glimmora\n|-damage|p1b: Vaporeon|91\/100|[from] item: Life Orb\n|\n|-weather|RainDance|[upkeep]\n|-heal|p2b: Wo-Chien|40\/100|[from] item: Leftovers\n|-damage|p1b: Vaporeon|79\/100|[from] Leech Seed|[of] p2b: Wo-Chien\n|-heal|p2b: Wo-Chien|55\/100|[silent]\n|upkeep\n|\n|t:|1683780476\n|switch|p2a: Armarouge|Armarouge, L50, M|100\/100\n|turn|6\n|\n|t:|1683780494\n|-terastallize|p2a: Armarouge|Grass\n|move|p1a: Raichu|Surf|p2a: Armarouge|[spread] p2a,p2b\n|-heal|p1b: Vaporeon|100\/100|[from] ability: Water Absorb|[of] p1a: Raichu\n|-resisted|p2a: Armarouge\n|-resisted|p2b: Wo-Chien\n|-damage|p2a: Armarouge|85\/100\n|-damage|p2b: Wo-Chien|46\/100\n|move|p2a: Armarouge|Expanding Force|p1a: Raichu\n|-damage|p1a: Raichu|0 fnt\n|faint|p1a: Raichu\n|move|p2b: Wo-Chien|Ruination|p1b: Vaporeon\n|-damage|p1b: Vaporeon|51\/100\n|move|p1b: Vaporeon|Muddy Water|p2a: Armarouge|[spread] p2a,p2b\n|-resisted|p2a: Armarouge\n|-resisted|p2b: Wo-Chien\n|-damage|p2a: Armarouge|58\/100\n|-damage|p2b: Wo-Chien|30\/100\n|-unboost|p2a: Armarouge|accuracy|1\n|-enditem|p2a: Armarouge|White Herb\n|-clearnegativeboost|p2a: Armarouge|[silent]\n|-damage|p1b: Vaporeon|41\/100|[from] item: Life Orb\n|\n|-weather|RainDance|[upkeep]\n|-heal|p2b: Wo-Chien|36\/100|[from] item: Leftovers\n|-damage|p1b: Vaporeon|29\/100|[from] Leech Seed|[of] p2b: Wo-Chien\n|-heal|p2b: Wo-Chien|52\/100|[silent]\n|upkeep\n|turn|7\n|-message|chuu2trainer forfeited.\n|\n|win|MamaMiaKhalifa\n|raw|chuu2trainer's rating: 1112 → 1083<\/strong> (-29 for losing)\n|raw|MamaMiaKhalifa's rating: 1049 → 1088<\/strong> (+39 for winning)\n|l|\u2606chuu2trainer\n","uploadtime":1683780530,"views":19,"p1id":"chuu2trainer","p2id":"mamamiakhalifa","formatid":"gen9vgc2023regulationc","rating":1083,"private":0,"password":""}