{"id":"gen9vgc2023regulationc-1853294086","p1":"Licharich","p2":"mugiwaraLux","format":"[Gen 9] VGC 2023 Regulation C","log":"|j|\u2606Licharich\n|j|\u2606mugiwaraLux\n|t:|1682662725\n|gametype|doubles\n|player|p1|Licharich|sage|1311\n|player|p2|mugiwaraLux|1|1417\n|teamsize|p1|6\n|teamsize|p2|6\n|gen|9\n|tier|[Gen 9] VGC 2023 Regulation C\n|rated|\n|rule|Species Clause: Limit one of each Pok\u00e9mon\n|rule|Item Clause: Limit one of each item\n|clearpoke\n|poke|p1|Flutter Mane, L50|\n|poke|p1|Slither Wing, L50|\n|poke|p1|Tauros-Paldea-Blaze, L50, M|\n|poke|p1|Tatsugiri, L50, F|\n|poke|p1|Chien-Pao, L50|\n|poke|p1|Amoonguss, L50, F|\n|poke|p2|Palafin, L50, M|\n|poke|p2|Amoonguss, L50, F|\n|poke|p2|Flutter Mane, L50|\n|poke|p2|Arcanine, L50, F|\n|poke|p2|Chien-Pao, L50|\n|poke|p2|Roaring Moon, L50|\n|teampreview|4\n|inactive|Battle timer is ON: inactive players will automatically lose when time's up. (requested by mugiwaraLux)\nmugiwaraLux has agreed to open team sheets.\n|inactive|mugiwaraLux has 60 seconds left.\n|\n|t:|1682662764\n|start\n|switch|p1a: Slither Wing|Slither Wing, L50|100\/100\n|switch|p1b: Tauros|Tauros-Paldea-Blaze, L50, M|100\/100\n|switch|p2a: Roaring Moon|Roaring Moon, L50|100\/100\n|switch|p2b: Palafin|Palafin, L50, M|100\/100\n|-ability|p1b: Tauros|Intimidate|boost\n|-unboost|p2a: Roaring Moon|atk|1\n|-unboost|p2b: Palafin|atk|1\n|-enditem|p2a: Roaring Moon|Booster Energy\n|-activate|p2a: Roaring Moon|ability: Protosynthesis|[fromitem]\n|-start|p2a: Roaring Moon|protosynthesisspe\n|turn|1\n|inactive|Licharich has 30 seconds left.\n|inactive|Licharich has 20 seconds left.\n|inactive|Licharich has 15 seconds left.\n|inactive|Licharich has 10 seconds left.\n|inactive|Licharich has 5 seconds left.\n|\n|t:|1682662819\n|detailschange|p2b: Palafin|Palafin-Hero, L50, M\n|switch|p2b: Arcanine|Arcanine, L50, F|100\/100\n|-ability|p2b: Arcanine|Intimidate|boost\n|-fail|p1a: Slither Wing|unboost|[from] item: Clear Amulet|[of] p1a: Slither Wing\n|-unboost|p1b: Tauros|atk|1\n|-terastallize|p2a: Roaring Moon|Flying\n|move|p1b: Tauros|Protect|p1b: Tauros\n|-singleturn|p1b: Tauros|Protect\n|move|p1a: Slither Wing|Protect|p1a: Slither Wing\n|-singleturn|p1a: Slither Wing|Protect\n|move|p2a: Roaring Moon|Dragon Dance|p2a: Roaring Moon\n|-boost|p2a: Roaring Moon|atk|1\n|-boost|p2a: Roaring Moon|spe|1\n|-enditem|p1b: Tauros|Mirror Herb\n|-boost|p1b: Tauros|atk|1|[from] item: Mirror Herb\n|-boost|p1b: Tauros|spe|1|[from] item: Mirror Herb\n|\n|upkeep\n|turn|2\n|\n|t:|1682662843\n|-terastallize|p1a: Slither Wing|Fire\n|move|p2a: Roaring Moon|Acrobatics|p1b: Tauros\n|-supereffective|p1b: Tauros\n|-damage|p1b: Tauros|0 fnt\n|faint|p1b: Tauros\n|move|p2b: Arcanine|Flare Blitz|p1a: Slither Wing\n|-resisted|p1a: Slither Wing\n|-crit|p1a: Slither Wing\n|-damage|p1a: Slither Wing|59\/100\n|-damage|p2b: Arcanine|87\/100|[from] Recoil\n|move|p1a: Slither Wing|Bulk Up|p1a: Slither Wing\n|-boost|p1a: Slither Wing|atk|1\n|-boost|p1a: Slither Wing|def|1\n|\n|upkeep\n|\n|t:|1682662856\n|switch|p1b: Chien-Pao|Chien-Pao, L50|100\/100\n|-ability|p1b: Chien-Pao|Sword of Ruin\n|turn|3\n|\n|t:|1682662875\n|move|p2b: Arcanine|Extreme Speed|p1b: Chien-Pao\n|-damage|p1b: Chien-Pao|72\/100\n|move|p2a: Roaring Moon|Acrobatics|p1b: Chien-Pao\n|-damage|p1b: Chien-Pao|0 fnt\n|faint|p1b: Chien-Pao\n|move|p1a: Slither Wing|Flame Charge|p2a: Roaring Moon\n|-damage|p2a: Roaring Moon|37\/100\n|-boost|p1a: Slither Wing|spe|1\n|\n|upkeep\n|\n|t:|1682662885\n|switch|p1b: Tatsugiri|Tatsugiri, L50, F, shiny|100\/100\n|turn|4\n|\n|t:|1682662892\n|move|p2b: Arcanine|Extreme Speed|p1a: Slither Wing\n|-damage|p1a: Slither Wing|43\/100\n|move|p2a: Roaring Moon|Acrobatics|p1a: Slither Wing\n|-damage|p1a: Slither Wing|0 fnt\n|faint|p1a: Slither Wing\n|-end|p1a: Slither Wing|Protosynthesis|[silent]\n|move|p1b: Tatsugiri|Muddy Water|p2a: Roaring Moon|[spread] p2a,p2b\n|-supereffective|p2b: Arcanine\n|-damage|p2a: Roaring Moon|7\/100\n|-damage|p2b: Arcanine|28\/100\n|-unboost|p2a: Roaring Moon|accuracy|1\n|-unboost|p2b: Arcanine|accuracy|1\n|\n|upkeep\n|turn|5\n|\n|t:|1682662905\n|-end|p2a: Roaring Moon|Protosynthesis|[silent]\n|switch|p2a: Palafin|Palafin-Hero, L50, M|100\/100\n|-activate|p2a: Palafin|ability: Zero to Hero\n|switch|p2b: Mimi|Flutter Mane, L50|100\/100\n|move|p1b: Tatsugiri|Muddy Water|p2a: Palafin|[spread] p2b\n|-miss|p1b: Tatsugiri|p2a: Palafin\n|-damage|p2b: Mimi|68\/100\n|\n|upkeep\n|turn|6\n|\n|t:|1682662915\n|move|p2a: Palafin|Protect|p2a: Palafin\n|-singleturn|p2a: Palafin|Protect\n|move|p1b: Tatsugiri|Muddy Water|p2a: Palafin|[spread] p2b\n|-activate|p2a: Palafin|move: Protect\n|-damage|p2b: Mimi|35\/100\n|move|p2b: Mimi|Moonblast|p1b: Tatsugiri\n|-supereffective|p1b: Tatsugiri\n|-damage|p1b: Tatsugiri|0 fnt\n|faint|p1b: Tatsugiri\n|\n|win|mugiwaraLux\n|raw|Licharich's rating: 1311 → 1297<\/strong> (-14 for losing)\n|raw|mugiwaraLux's rating: 1417 → 1431<\/strong> (+14 for winning)\n|l|\u2606Licharich\n","uploadtime":1682662935,"views":11,"p1id":"licharich","p2id":"mugiwaralux","formatid":"gen9vgc2023regulationc","rating":1297,"private":0,"password":""}