{"id":"gen9vgc2023regulationc-1847507733","p1":"GaurdianA","p2":"Arnav Sama","format":"[Gen 9] VGC 2023 Regulation C","log":"|j|\u2606GaurdianA\n|j|\u2606Arnav Sama\n|t:|1681964380\n|gametype|doubles\n|player|p1|GaurdianA|larry|1026\n|player|p2|Arnav Sama|boarder|1057\n|teamsize|p1|6\n|teamsize|p2|6\n|gen|9\n|tier|[Gen 9] VGC 2023 Regulation C\n|rated|\n|rule|Species Clause: Limit one of each Pok\u00e9mon\n|rule|Item Clause: Limit one of each item\n|clearpoke\n|poke|p1|Chien-Pao, L50|\n|poke|p1|Dragapult, L50, F|\n|poke|p1|Dondozo, L50, M|\n|poke|p1|Tatsugiri, L50, F|\n|poke|p1|Amoonguss, L50, M|\n|poke|p1|Garganacl, L50, M|\n|poke|p2|Armarouge, L50, M|\n|poke|p2|Indeedee-F, L50, F|\n|poke|p2|Iron Valiant, L50|\n|poke|p2|Palafin, L50, F|\n|poke|p2|Grafaiai, L50, F|\n|poke|p2|Flutter Mane, L50|\n|teampreview|4\n|inactive|Battle timer is ON: inactive players will automatically lose when time's up. (requested by Arnav Sama)\n|\n|t:|1681964407\n|start\n|switch|p1a: Dragapult|Dragapult, L50, F, shiny|100\/100\n|switch|p1b: Tatsugiri|Tatsugiri, L50, F, shiny|100\/100\n|switch|p2a: Iron Valiant|Iron Valiant, L50|100\/100\n|switch|p2b: Grafaiai|Grafaiai, L50, F|100\/100\n|-enditem|p2a: Iron Valiant|Booster Energy\n|-activate|p2a: Iron Valiant|ability: Quark Drive|[fromitem]\n|-start|p2a: Iron Valiant|quarkdrivespe\n|turn|1\n|inactive|Arnav Sama has 30 seconds left.\n|inactive|Arnav Sama has 20 seconds left.\n|\n|t:|1681964446\n|-terastallize|p1a: Dragapult|Steel\n|move|p2b: Grafaiai|Sunny Day|p2b: Grafaiai\n|-weather|SunnyDay\n|move|p2a: Iron Valiant|Spirit Break|p1a: Dragapult\n|-resisted|p1a: Dragapult\n|-damage|p1a: Dragapult|74\/100\n|move|p1b: Tatsugiri|Muddy Water|p2a: Iron Valiant|[spread] p2a,p2b\n|-damage|p2a: Iron Valiant|70\/100\n|-damage|p2b: Grafaiai|85\/100\n|-unboost|p2a: Iron Valiant|accuracy|1\n|move|p1a: Dragapult|Tera Blast|p2a: Iron Valiant\n|-supereffective|p2a: Iron Valiant\n|-damage|p2a: Iron Valiant|0 fnt\n|faint|p2a: Iron Valiant\n|-end|p2a: Iron Valiant|Quark Drive|[silent]\n|\n|-weather|SunnyDay|[upkeep]\n|upkeep\n|\n|t:|1681964460\n|switch|p2a: Armarouge|Armarouge, L50, M|100\/100\n|turn|2\n|\n|t:|1681964483\n|switch|p1a: Dondozo|Dondozo, L50, M, shiny|100\/100\n|-activate|p1b: Tatsugiri|ability: Commander|[of] p1a: Dondozo\n|-boost|p1a: Dondozo|atk|2\n|-boost|p1a: Dondozo|spa|2\n|-boost|p1a: Dondozo|spe|2\n|-boost|p1a: Dondozo|def|2\n|-boost|p1a: Dondozo|spd|2\n|-terastallize|p2a: Armarouge|Grass\n|move|p2b: Grafaiai|U-turn|p2a: Armarouge\n|-supereffective|p2a: Armarouge\n|-damage|p2a: Armarouge|71\/100\n|-ability|p2a: Armarouge|Weak Armor|boost\n|-unboost|p2a: Armarouge|def|1\n|-boost|p2a: Armarouge|spe|2\n|-enditem|p2a: Armarouge|Weakness Policy\n|-boost|p2a: Armarouge|atk|2|[from] item: Weakness Policy\n|-boost|p2a: Armarouge|spa|2|[from] item: Weakness Policy\n|\n|t:|1681964496\n|switch|p2b: Indeedee|Indeedee-F, L50, F|100\/100|[from] U-turn\n|-fieldstart|move: Psychic Terrain|[from] ability: Psychic Surge|[of] p2b: Indeedee\n|move|p2a: Armarouge|Expanding Force|p1a: Dondozo|[spread] p1a\n|-miss|p2a: Armarouge|p1b: Tatsugiri\n|-damage|p1a: Dondozo|67\/100\n|\n|-weather|SunnyDay|[upkeep]\n|upkeep\n|turn|3\n|\n|t:|1681964512\n|move|p2b: Indeedee|Follow Me|p2b: Indeedee\n|-singleturn|p2b: Indeedee|move: Follow Me\n|move|p2a: Armarouge|Expanding Force|p1a: Dondozo|[spread] p1a\n|-miss|p2a: Armarouge|p1b: Tatsugiri\n|-crit|p1a: Dondozo\n|-damage|p1a: Dondozo|0 fnt\n|faint|p1a: Dondozo\n|\n|-weather|SunnyDay|[upkeep]\n|upkeep\n|\n|t:|1681964532\n|switch|p1a: Chien-Pao|Chien-Pao, L50|100\/100\n|-ability|p1a: Chien-Pao|Sword of Ruin\n|turn|4\n|inactive|Arnav Sama has 30 seconds left.\n|\n|t:|1681964560\n|move|p2b: Indeedee|Follow Me|p2b: Indeedee\n|-singleturn|p2b: Indeedee|move: Follow Me\n|move|p1b: Tatsugiri|Muddy Water|p2a: Armarouge|[spread] p2a,p2b\n|-resisted|p2a: Armarouge\n|-damage|p2a: Armarouge|62\/100\n|-damage|p2b: Indeedee|89\/100\n|move|p1a: Chien-Pao|Ice Spinner|p2b: Indeedee\n|-damage|p2b: Indeedee|17\/100\n|-fieldend|move: Psychic Terrain\n|move|p2a: Armarouge|Armor Cannon|p1a: Chien-Pao\n|-supereffective|p1a: Chien-Pao\n|-enditem|p1a: Chien-Pao|Focus Sash\n|-damage|p1a: Chien-Pao|1\/100\n|-unboost|p2a: Armarouge|def|1\n|-unboost|p2a: Armarouge|spd|1\n|\n|-weather|SunnyDay|[upkeep]\n|-heal|p2b: Indeedee|24\/100|[from] item: Leftovers\n|upkeep\n|turn|5\n|inactive|Arnav Sama has 30 seconds left.\n|\n|t:|1681964589\n|move|p2b: Indeedee|Follow Me|p2b: Indeedee\n|-singleturn|p2b: Indeedee|move: Follow Me\n|move|p1b: Tatsugiri|Muddy Water|p2a: Armarouge|[spread] p2b\n|-miss|p1b: Tatsugiri|p2a: Armarouge\n|-damage|p2b: Indeedee|12\/100\n|-unboost|p2b: Indeedee|accuracy|1\n|move|p1a: Chien-Pao|Ice Spinner|p2b: Indeedee\n|-damage|p2b: Indeedee|0 fnt\n|faint|p2b: Indeedee\n|move|p2a: Armarouge|Armor Cannon|p1a: Chien-Pao\n|-supereffective|p1a: Chien-Pao\n|-damage|p1a: Chien-Pao|0 fnt\n|-unboost|p2a: Armarouge|def|1\n|-unboost|p2a: Armarouge|spd|1\n|faint|p1a: Chien-Pao\n|\n|-weather|none\n|upkeep\n|\n|t:|1681964604\n|switch|p1a: Dragapult|Dragapult, L50, F, shiny, tera:Steel|74\/100\n|switch|p2b: Grafaiai|Grafaiai, L50, F|85\/100\n|turn|6\n|\n|t:|1681964625\n|move|p2b: Grafaiai|Sunny Day|p2b: Grafaiai\n|-weather|SunnyDay\n|move|p1b: Tatsugiri|Muddy Water|p2b: Grafaiai|[spread] p2b\n|-miss|p1b: Tatsugiri|p2a: Armarouge\n|-damage|p2b: Grafaiai|69\/100\n|-unboost|p2b: Grafaiai|accuracy|1\n|move|p1a: Dragapult|Phantom Force||[still]\n|-prepare|p1a: Dragapult|Phantom Force\n|move|p2a: Armarouge|Armor Cannon|p1a: Dragapult|[miss]\n|-miss|p2a: Armarouge|p1a: Dragapult\n|\n|-weather|SunnyDay|[upkeep]\n|upkeep\n|turn|7\n|\n|t:|1681964645\n|move|p2a: Armarouge|Protect|p2a: Armarouge\n|-singleturn|p2a: Armarouge|Protect\n|move|p1b: Tatsugiri|Muddy Water|p2b: Grafaiai|[spread] p2b\n|-activate|p2a: Armarouge|move: Protect\n|-damage|p2b: Grafaiai|53\/100\n|move|p1a: Dragapult|Phantom Force|p2a: Armarouge|[from]lockedmove\n|-activate|p2a: Armarouge|move: Phantom Force|[broken]\n|-damage|p2a: Armarouge|0 fnt\n|faint|p2a: Armarouge\n|move|p2b: Grafaiai|Sludge Bomb|p1b: Tatsugiri\n|-damage|p1b: Tatsugiri|67\/100\n|-status|p1b: Tatsugiri|psn\n|\n|-weather|SunnyDay|[upkeep]\n|-damage|p1b: Tatsugiri|55\/100 psn|[from] psn\n|upkeep\n|turn|8\n|\n|t:|1681964663\n|move|p1b: Tatsugiri|Muddy Water|p2b: Grafaiai\n|-damage|p2b: Grafaiai|33\/100\n|-unboost|p2b: Grafaiai|accuracy|1\n|-enditem|p2b: Grafaiai|Sitrus Berry|[eat]\n|-heal|p2b: Grafaiai|58\/100|[from] item: Sitrus Berry\n|move|p1a: Dragapult|Phantom Force||[still]\n|-prepare|p1a: Dragapult|Phantom Force\n|move|p2b: Grafaiai|U-turn|p1a: Dragapult|[miss]\n|-miss|p2b: Grafaiai|p1a: Dragapult\n|\n|-weather|SunnyDay|[upkeep]\n|-damage|p1b: Tatsugiri|42\/100 psn|[from] psn\n|upkeep\n|turn|9\n|-message|Arnav Sama forfeited.\n|\n|win|GaurdianA\n|raw|GaurdianA's rating: 1026 → 1065<\/strong> (+39 for winning)\n|raw|Arnav Sama's rating: 1057 → 1037<\/strong> (-20 for losing)\n|l|\u2606Arnav Sama\n","uploadtime":1681964686,"views":4,"p1id":"gaurdiana","p2id":"arnavsama","formatid":"gen9vgc2023regulationc","rating":1037,"private":0,"password":""}