{"id":"gen9vgc2023regulationc-1855819786","p1":"Count Sliggoo","p2":"silralisk","format":"[Gen 9] VGC 2023 Regulation C","log":"|j|\u2606Count Sliggoo\n|j|\u2606silralisk\n|t:|1682987952\n|gametype|doubles\n|player|p1|Count Sliggoo|ruinmaniac-gen3rs|1206\n|player|p2|silralisk|hiker-gen4|1268\n|teamsize|p1|6\n|teamsize|p2|6\n|gen|9\n|tier|[Gen 9] VGC 2023 Regulation C\n|rated|\n|rule|Species Clause: Limit one of each Pok\u00e9mon\n|rule|Item Clause: Limit one of each item\n|clearpoke\n|poke|p1|Gallade, L50, M|\n|poke|p1|Garganacl, L50, M|\n|poke|p1|Flutter Mane, L50|\n|poke|p1|Indeedee-F, L50, F|\n|poke|p1|Armarouge, L50, F|\n|poke|p1|Dragonite, L50, M|\n|poke|p2|Murkrow, L50, M|\n|poke|p2|Armarouge, L50, M|\n|poke|p2|Chi-Yu, L50|\n|poke|p2|Indeedee-F, L50, F|\n|poke|p2|Hariyama, L50, F|\n|poke|p2|Great Tusk, L50|\n|teampreview|4\n|inactive|Battle timer is ON: inactive players will automatically lose when time's up. (requested by silralisk)\n|inactive|silralisk has 60 seconds left.\n|\n|t:|1682988011\n|start\n|switch|p1a: Mr. Sandstone|Garganacl, L50, M, shiny|100\/100\n|switch|p1b: Elre Olaric|Gallade, L50, M, shiny|100\/100\n|switch|p2a: Chi-Yu|Chi-Yu, L50|100\/100\n|switch|p2b: Armarouge|Armarouge, L50, M|100\/100\n|-ability|p2a: Chi-Yu|Beads of Ruin\n|turn|1\n|inactive|Count Sliggoo has 30 seconds left.\n|inactive|silralisk has 30 seconds left.\n|inactive|Count Sliggoo has 20 seconds left.\n|inactive|Count Sliggoo has 15 seconds left.\n|\n|t:|1682988052\n|move|p1a: Mr. Sandstone|Wide Guard|p1a: Mr. Sandstone\n|-singleturn|p1a: Mr. Sandstone|Wide Guard\n|move|p2a: Chi-Yu|Lava Plume|p1b: Elre Olaric|[spread] \n|-activate|p1a: Mr. Sandstone|move: Wide Guard\n|-activate|p1b: Elre Olaric|move: Wide Guard\n|-start|p2b: Armarouge|ability: Flash Fire\n|move|p1b: Elre Olaric|Sacred Sword|p2a: Chi-Yu\n|-supereffective|p2a: Chi-Yu\n|-enditem|p2a: Chi-Yu|Focus Sash\n|-damage|p2a: Chi-Yu|1\/100\n|-damage|p1b: Elre Olaric|91\/100|[from] item: Life Orb\n|move|p2b: Armarouge|Trick Room|p2b: Armarouge\n|-fieldstart|move: Trick Room|[of] p2b: Armarouge\n|\n|upkeep\n|turn|2\n|inactive|Count Sliggoo has 30 seconds left.\n|inactive|silralisk has 30 seconds left.\n|inactive|silralisk has 20 seconds left.\n|inactive|silralisk has 15 seconds left.\n|\n|t:|1682988094\n|move|p1b: Elre Olaric|Protect|p1b: Elre Olaric\n|-singleturn|p1b: Elre Olaric|Protect\n|move|p1a: Mr. Sandstone|Salt Cure|p2a: Chi-Yu\n|-supereffective|p2a: Chi-Yu\n|-damage|p2a: Chi-Yu|0 fnt\n|faint|p2a: Chi-Yu\n|move|p2b: Armarouge|Expanding Force|p1b: Elre Olaric\n|-activate|p1b: Elre Olaric|move: Protect\n|\n|upkeep\n|\n|t:|1682988104\n|switch|p2a: Hariyama|Hariyama, L50, F|100\/100\n|turn|3\n|\n|t:|1682988123\n|move|p1a: Mr. Sandstone|Salt Cure|p2b: Armarouge\n|-supereffective|p2b: Armarouge\n|-crit|p2b: Armarouge\n|-damage|p2b: Armarouge|63\/100\n|move|p2a: Hariyama|Drain Punch|p1a: Mr. Sandstone\n|-supereffective|p1a: Mr. Sandstone\n|-damage|p1a: Mr. Sandstone|53\/100\n|move|p2b: Armarouge|Expanding Force|p1b: Elre Olaric\n|-crit|p1b: Elre Olaric\n|-damage|p1b: Elre Olaric|24\/100\n|move|p1b: Elre Olaric|Psycho Cut|p2a: Hariyama\n|-supereffective|p2a: Hariyama\n|-damage|p2a: Hariyama|0 fnt\n|faint|p2a: Hariyama\n|-damage|p1b: Elre Olaric|14\/100|[from] item: Life Orb\n|\n|-heal|p1a: Mr. Sandstone|59\/100|[from] item: Leftovers\n|upkeep\n|\n|t:|1682988140\n|switch|p2a: Indeedee|Indeedee-F, L50, F|100\/100\n|-fieldstart|move: Psychic Terrain|[from] ability: Psychic Surge|[of] p2a: Indeedee\n|turn|4\n|\n|t:|1682988153\n|move|p1a: Mr. Sandstone|Wide Guard|p1a: Mr. Sandstone\n|-singleturn|p1a: Mr. Sandstone|Wide Guard\n|move|p2a: Indeedee|Psyshock|p1b: Elre Olaric\n|-damage|p1b: Elre Olaric|0 fnt\n|faint|p1b: Elre Olaric\n|move|p2b: Armarouge|Expanding Force|p1a: Mr. Sandstone\n|-activate|p1a: Mr. Sandstone|move: Wide Guard\n|\n|-heal|p1a: Mr. Sandstone|65\/100|[from] item: Leftovers\n|upkeep\n|\n|t:|1682988164\n|switch|p1b: Baelnorn|Flutter Mane, L50|100\/100\n|-enditem|p1b: Baelnorn|Booster Energy\n|-activate|p1b: Baelnorn|ability: Protosynthesis|[fromitem]\n|-start|p1b: Baelnorn|protosynthesisspa\n|turn|5\n|\n|t:|1682988172\n|move|p1a: Mr. Sandstone|Wide Guard|p1a: Mr. Sandstone\n|-singleturn|p1a: Mr. Sandstone|Wide Guard\n|move|p2a: Indeedee|Psyshock|p1b: Baelnorn\n|-damage|p1b: Baelnorn|49\/100\n|move|p2b: Armarouge|Expanding Force|p1b: Baelnorn|[spread] \n|-activate|p1a: Mr. Sandstone|move: Wide Guard\n|-activate|p1b: Baelnorn|move: Wide Guard\n|move|p1b: Baelnorn|Calm Mind|p1b: Baelnorn\n|-boost|p1b: Baelnorn|spa|1\n|-boost|p1b: Baelnorn|spd|1\n|\n|-heal|p1a: Mr. Sandstone|71\/100|[from] item: Leftovers\n|-fieldend|move: Trick Room\n|upkeep\n|turn|6\n|\n|t:|1682988193\n|move|p1b: Baelnorn|Shadow Ball|p2b: Armarouge\n|-supereffective|p2b: Armarouge\n|-crit|p2b: Armarouge\n|-damage|p2b: Armarouge|0 fnt\n|faint|p2b: Armarouge\n|move|p2a: Indeedee|Psyshock|p1b: Baelnorn\n|-damage|p1b: Baelnorn|5\/100\n|move|p1a: Mr. Sandstone|Body Press|p2a: Indeedee\n|-damage|p2a: Indeedee|78\/100\n|\n|-heal|p1a: Mr. Sandstone|76\/100|[from] item: Leftovers\n|upkeep\n|turn|7\n|-message|silralisk forfeited.\n|\n|win|Count Sliggoo\n|raw|Count Sliggoo's rating: 1206 → 1235<\/strong> (+29 for winning)\n|raw|silralisk's rating: 1268 → 1239<\/strong> (-29 for losing)\n|l|\u2606silralisk\n|c|\u2606Count Sliggoo|Gg.\n","uploadtime":1682988253,"views":12,"p1id":"countsliggoo","p2id":"silralisk","formatid":"gen9vgc2023regulationc","rating":1235,"private":0,"password":""}