{"id":"gen9vgc2023regulationc-1850557488","p1":"yosoyluisvega","p2":"YoIssManny","format":"[Gen 9] VGC 2023 Regulation C","log":"|j|\u2606yosoyluisvega\n|j|\u2606YoIssManny\n|t:|1682348459\n|gametype|doubles\n|player|p1|yosoyluisvega|2|1139\n|player|p2|YoIssManny|red|1059\n|teamsize|p1|6\n|teamsize|p2|6\n|gen|9\n|tier|[Gen 9] VGC 2023 Regulation C\n|rated|\n|rule|Species Clause: Limit one of each Pok\u00e9mon\n|rule|Item Clause: Limit one of each item\n|clearpoke\n|poke|p1|Garchomp, L50, F|\n|poke|p1|Iron Bundle, L50|\n|poke|p1|Tyranitar, L50, F|\n|poke|p1|Amoonguss, L50, F|\n|poke|p1|Flutter Mane, L50|\n|poke|p1|Talonflame, L50, M|\n|poke|p2|Arcanine, L50, F|\n|poke|p2|Palafin, L50, F|\n|poke|p2|Talonflame, L50, M|\n|poke|p2|Meowscarada, L50, F|\n|poke|p2|Sylveon, L50, F|\n|poke|p2|Garchomp, L50, M|\n|teampreview|4\n|\n|t:|1682348506\n|start\n|switch|p1a: Iron Bundle|Iron Bundle, L50|100\/100\n|switch|p1b: Flutter Mane|Flutter Mane, L50|100\/100\n|switch|p2a: Test Fin|Palafin, L50, F|100\/100\n|switch|p2b: Talonflame|Talonflame, L50, M|100\/100\n|-enditem|p1a: Iron Bundle|Booster Energy\n|-activate|p1a: Iron Bundle|ability: Quark Drive|[fromitem]\n|-start|p1a: Iron Bundle|quarkdrivespe\n|turn|1\n|\n|t:|1682348568\n|-end|p1b: Flutter Mane|Protosynthesis|[silent]\n|switch|p1b: Garchomp|Garchomp, L50, F|100\/100\n|move|p2b: Talonflame|Tailwind|p2b: Talonflame\n|-sidestart|p2: YoIssManny|move: Tailwind\n|move|p2a: Test Fin|Flip Turn|p1a: Iron Bundle\n|-resisted|p1a: Iron Bundle\n|-damage|p1a: Iron Bundle|88\/100\n|\n|t:|1682348579\n|detailschange|p2a: Test Fin|Palafin-Hero, L50, F\n|switch|p2a: Ribbon|Sylveon, L50, F|100\/100|[from] Flip Turn\n|move|p1a: Iron Bundle|Hydro Pump|p2b: Talonflame|[miss]\n|-miss|p1a: Iron Bundle|p2b: Talonflame\n|\n|upkeep\n|turn|2\n|inactive|Battle timer is ON: inactive players will automatically lose when time's up. (requested by yosoyluisvega)\n|\n|t:|1682348670\n|-terastallize|p1b: Garchomp|Fire\n|move|p2b: Talonflame|Flare Blitz|p1a: Iron Bundle\n|-damage|p1a: Iron Bundle|29\/100\n|-damage|p2b: Talonflame|84\/100|[from] Recoil\n|move|p1a: Iron Bundle|Freeze-Dry|p2b: Talonflame\n|-damage|p2b: Talonflame|25\/100\n|move|p1b: Garchomp|Stomping Tantrum|p2a: Ribbon\n|-damage|p2a: Ribbon|38\/100\n|-damage|p1b: Garchomp|91\/100|[from] item: Life Orb\n|move|p2a: Ribbon|Hyper Voice|p1b: Garchomp|[spread] p1a,p1b\n|-resisted|p1b: Garchomp\n|-damage|p1a: Iron Bundle|0 fnt\n|-damage|p1b: Garchomp|68\/100\n|faint|p1a: Iron Bundle\n|-end|p1a: Iron Bundle|Quark Drive|[silent]\n|-enditem|p2a: Ribbon|Throat Spray\n|-boost|p2a: Ribbon|spa|1|[from] item: Throat Spray\n|\n|upkeep\n|inactive|yosoyluisvega has 30 seconds left.\n|inactive|yosoyluisvega has 20 seconds left.\n|inactive|yosoyluisvega has 15 seconds left.\n|l|\u2606YoIssManny\n|inactive|YoIssManny disconnected and has a minute to reconnect!\n|player|p2|\n|inactive|yosoyluisvega has 10 seconds left.\n|\n|t:|1682348716\n|switch|p1a: Amoonguss|Amoonguss, L50, F|100\/100\n|turn|3\n|j|\u2606YoIssManny\n|inactive|YoIssManny reconnected and has 40 seconds left.\n|player|p2|YoIssManny|red\n|inactive|YoIssManny has 30 seconds left.\n|inactive|YoIssManny has 20 seconds left.\n|inactive|YoIssManny has 15 seconds left.\n|inactive|YoIssManny has 10 seconds left.\n|\n|t:|1682348764\n|move|p1a: Amoonguss|Protect|p1a: Amoonguss\n|-singleturn|p1a: Amoonguss|Protect\n|move|p2b: Talonflame|Brave Bird|p1b: Garchomp\n|-damage|p1b: Garchomp|19\/100\n|-damage|p2b: Talonflame|5\/100|[from] Recoil\n|move|p1b: Garchomp|Dragon Claw|p2b: Talonflame\n|-damage|p2b: Talonflame|0 fnt\n|faint|p2b: Talonflame\n|-damage|p1b: Garchomp|9\/100|[from] item: Life Orb\n|move|p2a: Ribbon|Psychic|p1a: Amoonguss\n|-activate|p1a: Amoonguss|move: Protect\n|\n|upkeep\n|\n|t:|1682348782\n|switch|p2b: Test Fin|Palafin-Hero, L50, F|100\/100\n|-activate|p2b: Test Fin|ability: Zero to Hero\n|turn|4\n|\n|t:|1682348805\n|move|p1a: Amoonguss|Rage Powder|p1a: Amoonguss\n|-singleturn|p1a: Amoonguss|move: Rage Powder\n|move|p2a: Ribbon|Quick Attack|p1a: Amoonguss\n|-resisted|p1a: Amoonguss\n|-damage|p1a: Amoonguss|95\/100\n|move|p2b: Test Fin|Acrobatics|p1a: Amoonguss\n|-supereffective|p1a: Amoonguss\n|-damage|p1a: Amoonguss|27\/100\n|-enditem|p1a: Amoonguss|Sitrus Berry|[eat]\n|-heal|p1a: Amoonguss|52\/100|[from] item: Sitrus Berry\n|move|p1b: Garchomp|Stomping Tantrum|p2a: Ribbon\n|-damage|p2a: Ribbon|0 fnt\n|faint|p2a: Ribbon\n|-damage|p1b: Garchomp|0 fnt|[from] item: Life Orb\n|faint|p1b: Garchomp\n|\n|-sideend|p2: YoIssManny|move: Tailwind\n|upkeep\n|\n|t:|1682348823\n|switch|p1b: Flutter Mane|Flutter Mane, L50|100\/100\n|switch|p2a: Meowscarada|Meowscarada, L50, F|100\/100\n|turn|5\n|inactive|YoIssManny has 30 seconds left.\n|\n|t:|1682348853\n|-terastallize|p2b: Test Fin|Water\n|move|p1a: Amoonguss|Rage Powder|p1a: Amoonguss\n|-singleturn|p1a: Amoonguss|move: Rage Powder\n|move|p2b: Test Fin|Jet Punch|p1a: Amoonguss\n|-resisted|p1a: Amoonguss\n|-damage|p1a: Amoonguss|30\/100\n|move|p2a: Meowscarada|U-turn|p1a: Amoonguss\n|-start|p2a: Meowscarada|typechange|Bug|[from] ability: Protean\n|-damage|p1a: Amoonguss|1\/100\n|move|p1b: Flutter Mane|Dazzling Gleam|p2b: Test Fin|[spread] p2a,p2b\n|-crit|p2a: Meowscarada\n|-damage|p2a: Meowscarada|0 fnt\n|-damage|p2b: Test Fin|45\/100\n|faint|p2a: Meowscarada\n|\n|upkeep\n|turn|6\n|inactive|yosoyluisvega has 30 seconds left.\n|\n|t:|1682348880\n|move|p1a: Amoonguss|Rage Powder|p1a: Amoonguss\n|-singleturn|p1a: Amoonguss|move: Rage Powder\n|move|p2b: Test Fin|Jet Punch|p1a: Amoonguss\n|-resisted|p1a: Amoonguss\n|-damage|p1a: Amoonguss|0 fnt\n|faint|p1a: Amoonguss\n|move|p1b: Flutter Mane|Dazzling Gleam|p2b: Test Fin\n|-damage|p2b: Test Fin|0 fnt\n|faint|p2b: Test Fin\n|\n|win|yosoyluisvega\n|raw|yosoyluisvega's rating: 1139 → 1158<\/strong> (+19 for winning)\n|raw|YoIssManny's rating: 1059 → 1044<\/strong> (-15 for losing)\n|c|\u2606YoIssManny|Gg\n","uploadtime":1682348894,"views":18,"p1id":"yosoyluisvega","p2id":"yoissmanny","formatid":"gen9vgc2023regulationc","rating":1044,"private":0,"password":""}