{"id":"gen9vgc2023regulationc-1859084307","p1":"squirmyw0rm","p2":"Atrix MJ","format":"[Gen 9] VGC 2023 Regulation C","log":"|j|\u2606squirmyw0rm\n|j|\u2606Atrix MJ\n|t:|1683402532\n|gametype|doubles\n|player|p1|squirmyw0rm|volkner|1374\n|player|p2|Atrix MJ|adaman|1436\n|teamsize|p1|6\n|teamsize|p2|6\n|gen|9\n|tier|[Gen 9] VGC 2023 Regulation C\n|rated|\n|rule|Species Clause: Limit one of each Pok\u00e9mon\n|rule|Item Clause: Limit one of each item\n|clearpoke\n|poke|p1|Glimmora, L50, F|\n|poke|p1|Tyranitar, L50, M|\n|poke|p1|Amoonguss, L50, F|\n|poke|p1|Gyarados, L50, M|\n|poke|p1|Chi-Yu, L50|\n|poke|p1|Flutter Mane, L50|\n|poke|p2|Chi-Yu, L50|\n|poke|p2|Amoonguss, L50, F|\n|poke|p2|Gyarados, L50, M|\n|poke|p2|Flutter Mane, L50|\n|poke|p2|Gothitelle, L50, F|\n|poke|p2|Roaring Moon, L50|\n|teampreview|4\n|inactive|Battle timer is ON: inactive players will automatically lose when time's up. (requested by Atrix MJ)\nAtrix MJ has agreed to open team sheets.\nsquirmyw0rm rejected open team sheets.\n|inactive|Atrix MJ has 60 seconds left.\n|\n|t:|1683402570\n|start\n|switch|p1a: Glimmora|Glimmora, L50, F|100\/100\n|switch|p1b: Gyarados|Gyarados, L50, M|100\/100\n|switch|p2a: Roaring Moon|Roaring Moon, L50|100\/100\n|switch|p2b: Gothitelle|Gothitelle, L50, F|100\/100\n|-ability|p1b: Gyarados|Intimidate|boost\n|-unboost|p2a: Roaring Moon|atk|1\n|-unboost|p2b: Gothitelle|atk|1\n|-enditem|p2a: Roaring Moon|Booster Energy\n|-activate|p2a: Roaring Moon|ability: Protosynthesis|[fromitem]\n|-start|p2a: Roaring Moon|protosynthesisspe\n|turn|1\n|inactive|Atrix MJ has 30 seconds left.\n|\n|t:|1683402600\n|move|p1a: Glimmora|Spiky Shield|p1a: Glimmora\n|-singleturn|p1a: Glimmora|move: Protect\n|move|p2b: Gothitelle|Fake Out|p1b: Gyarados\n|-damage|p1b: Gyarados|97\/100\n|move|p2a: Roaring Moon|Snarl|p1a: Glimmora|[spread] p1b\n|-activate|p1a: Glimmora|move: Protect\n|-damage|p1b: Gyarados|91\/100\n|-unboost|p1b: Gyarados|spa|1\n|cant|p1b: Gyarados|flinch\n|\n|upkeep\n|turn|2\n|\n|t:|1683402616\n|move|p2a: Roaring Moon|Snarl|p1a: Glimmora|[spread] p1a,p1b\n|-damage|p1a: Glimmora|91\/100\n|-damage|p1b: Gyarados|85\/100\n|-unboost|p1a: Glimmora|spa|1\n|-unboost|p1b: Gyarados|spa|1\n|move|p1a: Glimmora|Mortal Spin|p2a: Roaring Moon|[spread] p2a,p2b\n|-damage|p2a: Roaring Moon|95\/100\n|-damage|p2b: Gothitelle|97\/100\n|-status|p2a: Roaring Moon|psn\n|move|p1b: Gyarados|Taunt|p2b: Gothitelle\n|-start|p2b: Gothitelle|move: Taunt\n|move|p2b: Gothitelle|Psychic|p1a: Glimmora\n|-supereffective|p1a: Glimmora\n|-damage|p1a: Glimmora|26\/100\n|-unboost|p1a: Glimmora|spd|1\n|\n|-damage|p2a: Roaring Moon|83\/100 psn|[from] psn\n|upkeep\n|turn|3\n|\n|t:|1683402640\n|move|p1a: Glimmora|Spiky Shield|p1a: Glimmora\n|-singleturn|p1a: Glimmora|move: Protect\n|move|p2a: Roaring Moon|Snarl|p1b: Gyarados|[spread] p1b\n|-activate|p1a: Glimmora|move: Protect\n|-damage|p1b: Gyarados|79\/100\n|-unboost|p1b: Gyarados|spa|1\n|move|p1b: Gyarados|Thunder Wave|p2b: Gothitelle\n|-status|p2b: Gothitelle|par\n|move|p2b: Gothitelle|Psychic|p1a: Glimmora\n|-activate|p1a: Glimmora|move: Protect\n|\n|-damage|p2a: Roaring Moon|71\/100 psn|[from] psn\n|upkeep\n|turn|4\n|\n|t:|1683402649\n|move|p2a: Roaring Moon|Snarl|p1a: Glimmora|[spread] p1b\n|-miss|p2a: Roaring Moon|p1a: Glimmora\n|-damage|p1b: Gyarados|73\/100\n|-unboost|p1b: Gyarados|spa|1\n|move|p1a: Glimmora|Mortal Spin|p2b: Gothitelle|[spread] p2a,p2b\n|-damage|p2a: Roaring Moon|65\/100 psn\n|-damage|p2b: Gothitelle|93\/100 par\n|move|p1b: Gyarados|Waterfall|p1a: Glimmora\n|-supereffective|p1a: Glimmora\n|-damage|p1a: Glimmora|0 fnt\n|-activate|p1a: Glimmora|ability: Toxic Debris\n|-sidestart|p2: Atrix MJ|move: Toxic Spikes\n|faint|p1a: Glimmora\n|move|p2b: Gothitelle|Psychic|p1b: Gyarados\n|-damage|p1b: Gyarados|50\/100\n|\n|-damage|p2a: Roaring Moon|53\/100 psn|[from] psn\n|-end|p2b: Gothitelle|move: Taunt\n|upkeep\n|\n|t:|1683402665\n|switch|p1a: Tyranitar|Tyranitar, L50, M|100\/100\n|-weather|Sandstorm|[from] ability: Sand Stream|[of] p1a: Tyranitar\n|turn|5\n|\n|t:|1683402683\n|-terastallize|p2a: Roaring Moon|Steel\n|move|p2a: Roaring Moon|Breaking Swipe|p1a: Tyranitar|[spread] p1a,p1b\n|-damage|p1a: Tyranitar|87\/100\n|-damage|p1b: Gyarados|35\/100\n|-unboost|p1a: Tyranitar|atk|1\n|-unboost|p1b: Gyarados|atk|1\n|move|p1b: Gyarados|Waterfall|p2b: Gothitelle\n|-damage|p2b: Gothitelle|72\/100 par\n|move|p1a: Tyranitar|Assurance|p2b: Gothitelle\n|-supereffective|p2b: Gothitelle\n|-damage|p2b: Gothitelle|0 fnt\n|faint|p2b: Gothitelle\n|\n|-weather|Sandstorm|[upkeep]\n|-damage|p2a: Roaring Moon|41\/100 psn|[from] psn\n|upkeep\n|\n|t:|1683402706\n|switch|p2b: Flutter Mane|Flutter Mane, L50|100\/100\n|-status|p2b: Flutter Mane|psn\n|turn|6\n|\n|t:|1683402713\n|move|p1b: Gyarados|Protect|p1b: Gyarados\n|-singleturn|p1b: Gyarados|Protect\n|move|p2a: Roaring Moon|Iron Head|p1a: Tyranitar\n|-supereffective|p1a: Tyranitar\n|-damage|p1a: Tyranitar|36\/100\n|move|p2b: Flutter Mane|Dazzling Gleam|p1b: Gyarados|[spread] p1a\n|-activate|p1b: Gyarados|move: Protect\n|-supereffective|p1a: Tyranitar\n|-damage|p1a: Tyranitar|9\/100\n|move|p1a: Tyranitar|Brick Break|p2a: Roaring Moon\n|-supereffective|p2a: Roaring Moon\n|-damage|p2a: Roaring Moon|0 fnt\n|faint|p2a: Roaring Moon\n|-end|p2a: Roaring Moon|Protosynthesis|[silent]\n|\n|-weather|Sandstorm|[upkeep]\n|-damage|p2b: Flutter Mane|95\/100 psn|[from] Sandstorm\n|-damage|p2b: Flutter Mane|82\/100 psn|[from] psn\n|upkeep\n|\n|t:|1683402715\n|switch|p2a: Chi-Yu|Chi-Yu, L50|100\/100\n|-status|p2a: Chi-Yu|psn\n|-ability|p2a: Chi-Yu|Beads of Ruin\n|turn|7\n|\n|t:|1683402729\n|move|p2b: Flutter Mane|Dazzling Gleam|p1b: Gyarados|[spread] p1a,p1b\n|-supereffective|p1a: Tyranitar\n|-crit|p1a: Tyranitar\n|-damage|p1a: Tyranitar|0 fnt\n|-damage|p1b: Gyarados|4\/100\n|faint|p1a: Tyranitar\n|move|p2a: Chi-Yu|Nasty Plot|p2a: Chi-Yu\n|-boost|p2a: Chi-Yu|spa|2\n|move|p1b: Gyarados|Waterfall|p2a: Chi-Yu\n|-supereffective|p2a: Chi-Yu\n|-damage|p2a: Chi-Yu|55\/100 psn\n|\n|-weather|Sandstorm|[upkeep]\n|-damage|p2b: Flutter Mane|77\/100 psn|[from] Sandstorm\n|-damage|p2a: Chi-Yu|49\/100 psn|[from] Sandstorm\n|-heal|p2a: Chi-Yu|55\/100 psn|[from] item: Leftovers\n|-damage|p2b: Flutter Mane|64\/100 psn|[from] psn\n|-damage|p2a: Chi-Yu|42\/100 psn|[from] psn\n|upkeep\n|\n|t:|1683402732\n|switch|p1a: Flutter Mane|Flutter Mane, L50|100\/100\n|-enditem|p1a: Flutter Mane|Booster Energy\n|-activate|p1a: Flutter Mane|ability: Protosynthesis|[fromitem]\n|-start|p1a: Flutter Mane|protosynthesisspe\n|turn|8\n|\n|t:|1683402741\n|move|p1a: Flutter Mane|Protect|p1a: Flutter Mane\n|-singleturn|p1a: Flutter Mane|Protect\n|move|p1b: Gyarados|Protect|p1b: Gyarados\n|-singleturn|p1b: Gyarados|Protect\n|move|p2b: Flutter Mane|Dazzling Gleam|p1a: Flutter Mane|[spread] \n|-activate|p1a: Flutter Mane|move: Protect\n|-activate|p1b: Gyarados|move: Protect\n|move|p2a: Chi-Yu|Heat Wave|p1a: Flutter Mane|[spread] \n|-activate|p1a: Flutter Mane|move: Protect\n|-activate|p1b: Gyarados|move: Protect\n|\n|-weather|Sandstorm|[upkeep]\n|-damage|p1a: Flutter Mane|95\/100|[from] Sandstorm\n|-damage|p2b: Flutter Mane|58\/100 psn|[from] Sandstorm\n|-damage|p2a: Chi-Yu|36\/100 psn|[from] Sandstorm\n|-heal|p2a: Chi-Yu|42\/100 psn|[from] item: Leftovers\n|-damage|p2b: Flutter Mane|46\/100 psn|[from] psn\n|-damage|p2a: Chi-Yu|30\/100 psn|[from] psn\n|upkeep\n|turn|9\n|\n|t:|1683402754\n|move|p1a: Flutter Mane|Moonblast|p2a: Chi-Yu\n|-damage|p2a: Chi-Yu|0 fnt\n|faint|p2a: Chi-Yu\n|move|p2b: Flutter Mane|Dazzling Gleam|p1b: Gyarados|[spread] p1a,p1b\n|-damage|p1a: Flutter Mane|64\/100\n|-damage|p1b: Gyarados|0 fnt\n|faint|p1b: Gyarados\n|\n|-weather|none\n|-damage|p2b: Flutter Mane|34\/100 psn|[from] psn\n|upkeep\n|turn|10\n|\n|t:|1683402758\n|move|p1a: Flutter Mane|Hex|p2b: Flutter Mane\n|-supereffective|p2b: Flutter Mane\n|-damage|p2b: Flutter Mane|0 fnt\n|faint|p2b: Flutter Mane\n|-end|p2b: Flutter Mane|Protosynthesis|[silent]\n|\n|win|squirmyw0rm\n|raw|squirmyw0rm's rating: 1374 → 1398<\/strong> (+24 for winning)\n|raw|Atrix MJ's rating: 1436 → 1412<\/strong> (-24 for losing)\n","uploadtime":1683402762,"views":22,"p1id":"squirmyw0rm","p2id":"atrixmj","formatid":"gen9vgc2023regulationc","rating":1398,"private":0,"password":""}