{"id":"gen9vgc2023regulationc-1862060494","p1":"BrianJortVGC","p2":"mortuto uzumaki","format":"[Gen 9] VGC 2023 Regulation C","log":"|j|\u2606BrianJortVGC\n|j|\u2606mortuto uzumaki\n|t:|1683833072\n|gametype|doubles\n|player|p1|BrianJortVGC|fennel|\n|player|p2|mortuto uzumaki|hilbert-wonderlauncher|\n|teamsize|p1|6\n|teamsize|p2|6\n|gen|9\n|tier|[Gen 9] VGC 2023 Regulation C\n|rule|Species Clause: Limit one of each Pok\u00e9mon\n|rule|Item Clause: Limit one of each item\n|clearpoke\n|poke|p1|Ceruledge, L50, F|\n|poke|p1|Dragonite, L50, F|\n|poke|p1|Ting-Lu, L50|\n|poke|p1|Gastrodon-East, L50, F|\n|poke|p1|Scream Tail, L50|\n|poke|p1|Glimmora, L50, F|\n|poke|p2|Kingambit, L50, M|\n|poke|p2|Dragonite, L50, M|\n|poke|p2|Abomasnow, L50, M|\n|poke|p2|Great Tusk, L50|\n|poke|p2|Iron Bundle, L50|\n|poke|p2|Flutter Mane, L50|\n|teampreview|4\n|c|\u2606mortuto uzumaki|g3\nmortuto uzumaki has agreed to open team sheets.\nBrianJortVGC has agreed to open team sheets.\n|l|\u2606BrianJortVGC\n|player|p1|\n|j|\u2606BrianJortVGC\n|player|p1|BrianJortVGC|fennel\n|j| MortTTL\n|j| GenericName3333\n|j| scotty1vgc\n|j| SwampCorner\n|l| SwampCorner\n|j| SwampCorner\n|l| scotty1vgc\n|j| scotty1vgc\n|\n|t:|1683834130\n|start\n|switch|p1a: In The Meantime|Scream Tail, L50|100\/100\n|switch|p1b: Dog Days Are Over|Ting-Lu, L50|100\/100\n|switch|p2a: Kingambit|Kingambit, L50, M|100\/100\n|switch|p2b: Abomasnow|Abomasnow, L50, M, shiny|100\/100\n|-weather|Snow|[from] ability: Snow Warning|[of] p2b: Abomasnow\n|-ability|p1b: Dog Days Are Over|Vessel of Ruin\n|-enditem|p1a: In The Meantime|Booster Energy\n|-activate|p1a: In The Meantime|ability: Protosynthesis|[fromitem]\n|-start|p1a: In The Meantime|protosynthesisspe\n|turn|1\n|\n|t:|1683834159\n|switch|p2a: Dragonite|Dragonite, L50, M|100\/100\n|move|p1a: In The Meantime|Howl|p1a: In The Meantime|[spread] p1a,p1b\n|-boost|p1a: In The Meantime|atk|1\n|-boost|p1b: Dog Days Are Over|atk|1\n|move|p2b: Abomasnow|Blizzard|p1a: In The Meantime|[spread] p1a,p1b\n|-supereffective|p1b: Dog Days Are Over\n|-damage|p1a: In The Meantime|80\/100\n|-damage|p1b: Dog Days Are Over|64\/100\n|move|p1b: Dog Days Are Over|Stomping Tantrum|p2a: Dragonite\n|-immune|p2a: Dragonite\n|\n|-weather|Snow|[upkeep]\n|upkeep\n|turn|2\n|\n|t:|1683834238\n|switch|p2b: Kingambit|Kingambit, L50, M|100\/100\n|move|p1a: In The Meantime|Play Rough|p2a: Dragonite\n|-supereffective|p2a: Dragonite\n|-damage|p2a: Dragonite|51\/100\n|move|p2a: Dragonite|Outrage|p1a: In The Meantime\n|-immune|p1a: In The Meantime\n|move|p1b: Dog Days Are Over|Heavy Slam|p2b: Kingambit\n|-resisted|p2b: Kingambit\n|-damage|p2b: Kingambit|78\/100\n|\n|-weather|Snow|[upkeep]\n|upkeep\n|turn|3\n|\n|t:|1683834297\n|switch|p2a: Abomasnow|Abomasnow, L50, M, shiny|100\/100\n|move|p1a: In The Meantime|Play Rough|p2a: Abomasnow\n|-damage|p2a: Abomasnow|64\/100\n|move|p2b: Kingambit|Low Kick|p1b: Dog Days Are Over\n|-supereffective|p1b: Dog Days Are Over\n|-damage|p1b: Dog Days Are Over|9\/100\n|move|p1b: Dog Days Are Over|Stomping Tantrum|p2b: Kingambit\n|-supereffective|p2b: Kingambit\n|-crit|p2b: Kingambit\n|-damage|p2b: Kingambit|0 fnt\n|faint|p2b: Kingambit\n|\n|-weather|Snow|[upkeep]\n|upkeep\n|\n|t:|1683834334\n|switch|p2b: Flutter Mane|Flutter Mane, L50|100\/100\n|-enditem|p2b: Flutter Mane|Booster Energy\n|-activate|p2b: Flutter Mane|ability: Protosynthesis|[fromitem]\n|-start|p2b: Flutter Mane|protosynthesisspe\n|turn|4\n|\n|t:|1683834347\n|move|p2b: Flutter Mane|Moonblast|p1a: In The Meantime\n|-damage|p1a: In The Meantime|54\/100\n|move|p1a: In The Meantime|Play Rough|p2a: Abomasnow\n|-crit|p2a: Abomasnow\n|-damage|p2a: Abomasnow|7\/100\n|move|p2a: Abomasnow|Blizzard|p1b: Dog Days Are Over|[spread] p1a,p1b\n|-supereffective|p1b: Dog Days Are Over\n|-damage|p1a: In The Meantime|34\/100\n|-damage|p1b: Dog Days Are Over|0 fnt\n|faint|p1b: Dog Days Are Over\n|\n|-weather|Snow|[upkeep]\n|upkeep\n|\n|t:|1683834356\n|switch|p1b: NoSleepTillBroklyn|Ceruledge, L50, F|100\/100\n|turn|5\n|l| scotty1vgc\n|j| scotty1vgc\n|\n|t:|1683834432\n|-terastallize|p1a: In The Meantime|Water\n|move|p2b: Flutter Mane|Protect|p2b: Flutter Mane\n|-singleturn|p2b: Flutter Mane|Protect\n|move|p1b: NoSleepTillBroklyn|Shadow Sneak|p2a: Abomasnow\n|-damage|p2a: Abomasnow|0 fnt\n|faint|p2a: Abomasnow\n|move|p1a: In The Meantime|Play Rough|p2b: Flutter Mane\n|-activate|p2b: Flutter Mane|move: Protect\n|\n|-weather|none\n|upkeep\n|\n|t:|1683834452\n|switch|p2a: Dragonite|Dragonite, L50, M|51\/100\n|turn|6\n|\n|t:|1683834513\n|-terastallize|p2b: Flutter Mane|Fairy\n|move|p2b: Flutter Mane|Moonblast|p1a: In The Meantime\n|-damage|p1a: In The Meantime|0 fnt\n|faint|p1a: In The Meantime\n|-end|p1a: In The Meantime|Protosynthesis|[silent]\n|move|p2a: Dragonite|Outrage|p1b: NoSleepTillBroklyn\n|-damage|p1b: NoSleepTillBroklyn|0 fnt\n|faint|p1b: NoSleepTillBroklyn\n|\n|upkeep\n|\n|t:|1683834528\n|switch|p1b: Creep|Glimmora, L50, F|100\/100\n|turn|7\n|\n|t:|1683834535\n|move|p1b: Creep|Spiky Shield|p1b: Creep\n|-singleturn|p1b: Creep|move: Protect\n|move|p2b: Flutter Mane|Shadow Ball|p1b: Creep\n|-activate|p1b: Creep|move: Protect\n|move|p2a: Dragonite|Outrage|p1b: Creep|[from]lockedmove\n|-activate|p1b: Creep|move: Protect\n|-damage|p2a: Dragonite|39\/100|[from] Spiky Shield|[of] p1b: Creep\n|\n|upkeep\n|turn|8\n|\n|t:|1683834546\n|move|p1b: Creep|Spiky Shield||[still]\n|-fail|p1b: Creep\n|move|p2b: Flutter Mane|Shadow Ball|p1b: Creep\n|-damage|p1b: Creep|42\/100\n|-unboost|p1b: Creep|spd|1\n|move|p2a: Dragonite|Outrage|p1b: Creep\n|-damage|p1b: Creep|0 fnt\n|-activate|p1b: Creep|ability: Toxic Debris\n|-sidestart|p2: mortuto uzumaki|move: Toxic Spikes\n|faint|p1b: Creep\n|\n|win|mortuto uzumaki\n|c|\u2606BrianJortVGC|Gg\n|c|\u2606mortuto uzumaki|gg\n|l|\u2606BrianJortVGC\n|l| GenericName3333\n|l| scotty1vgc\n|l| MortTTL\n","uploadtime":1683834572,"views":12,"p1id":"brianjortvgc","p2id":"mortutouzumaki","formatid":"gen9vgc2023regulationc","rating":0,"private":0,"password":""}