{"id":"gen9vgc2023regulationc-1863575988","p1":"Hytffghytd","p2":"Capnt","format":"[Gen 9] VGC 2023 Regulation C","log":"|j|\u2606Hytffghytd\n|j|\u2606Capnt\n|t:|1684036830\n|gametype|doubles\n|player|p1|Hytffghytd|170|1000\n|player|p2|Capnt|170|1093\n|teamsize|p1|6\n|teamsize|p2|6\n|gen|9\n|tier|[Gen 9] VGC 2023 Regulation C\n|rated|\n|rule|Species Clause: Limit one of each Pok\u00e9mon\n|rule|Item Clause: Limit one of each item\n|clearpoke\n|poke|p1|Flareon, L50, M|\n|poke|p1|Sableye, L50, M|\n|poke|p1|Chien-Pao, L50|\n|poke|p1|Dragonite, L50, F|\n|poke|p1|Scream Tail, L50|\n|poke|p1|Corviknight, L50, M|\n|poke|p2|Garchomp, L50, M|\n|poke|p2|Talonflame, L50, M|\n|poke|p2|Rotom-Wash, L50|\n|poke|p2|Gholdengo, L50|\n|poke|p2|Gardevoir, L50, F|\n|poke|p2|Arcanine, L50, F|\n|teampreview|4\n|\n|t:|1684036867\n|start\n|switch|p1a: Flareon|Flareon, L50, M|100\/100\n|switch|p1b: Scream Tail|Scream Tail, L50|100\/100\n|switch|p2a: Arcanine|Arcanine, L50, F|100\/100\n|switch|p2b: Garchomp|Garchomp, L50, M|100\/100\n|-ability|p2a: Arcanine|Intimidate|boost\n|-unboost|p1a: Flareon|atk|1\n|-unboost|p1b: Scream Tail|atk|1\n|-enditem|p1b: Scream Tail|Booster Energy\n|-activate|p1b: Scream Tail|ability: Protosynthesis|[fromitem]\n|-start|p1b: Scream Tail|protosynthesisspe\n|turn|1\n|\n|t:|1684036894\n|switch|p2b: Rotom|Rotom-Wash, L50|100\/100\n|-terastallize|p2a: Arcanine|Normal\n|move|p1a: Flareon|Protect|p1a: Flareon\n|-singleturn|p1a: Flareon|Protect\n|move|p2a: Arcanine|Extreme Speed|p1a: Flareon\n|-activate|p1a: Flareon|move: Protect\n|move|p1b: Scream Tail|Howl|p1b: Scream Tail|[spread] p1a,p1b\n|-boost|p1a: Flareon|atk|1\n|-boost|p1b: Scream Tail|atk|1\n|\n|-status|p1a: Flareon|tox|[from] item: Toxic Orb\n|upkeep\n|turn|2\n|\n|t:|1684036922\n|-terastallize|p1a: Flareon|Normal\n|move|p2a: Arcanine|Extreme Speed|p1a: Flareon\n|-damage|p1a: Flareon|30\/100 tox\n|move|p1b: Scream Tail|Howl|p1b: Scream Tail|[spread] p1a,p1b\n|-boost|p1a: Flareon|atk|1\n|-boost|p1b: Scream Tail|atk|1\n|move|p1a: Flareon|Last Resort|p2b: Rotom\n|-damage|p2b: Rotom|0 fnt\n|faint|p2b: Rotom\n|\n|-damage|p1a: Flareon|24\/100 tox|[from] psn\n|upkeep\n|\n|t:|1684036935\n|switch|p2b: Gardevoir|Gardevoir, L50, F|100\/100\n|turn|3\n|\n|t:|1684036956\n|move|p1a: Flareon|Protect|p1a: Flareon\n|-singleturn|p1a: Flareon|Protect\n|move|p2a: Arcanine|Extreme Speed|p1a: Flareon\n|-activate|p1a: Flareon|move: Protect\n|move|p1b: Scream Tail|Disable|p2a: Arcanine\n|-start|p2a: Arcanine|Disable|Extreme Speed\n|move|p2b: Gardevoir|Imprison|p2b: Gardevoir\n|-start|p2b: Gardevoir|move: Imprison\n|\n|-damage|p1a: Flareon|11\/100 tox|[from] psn\n|upkeep\n|turn|4\n|\n|t:|1684036984\n|move|p1b: Scream Tail|Play Rough|p2b: Gardevoir\n|-damage|p2b: Gardevoir|57\/100\n|move|p2a: Arcanine|Play Rough|p1a: Flareon|[miss]\n|-miss|p2a: Arcanine|p1a: Flareon\n|move|p1a: Flareon|Last Resort|p2a: Arcanine\n|-damage|p2a: Arcanine|0 fnt\n|faint|p2a: Arcanine\n|move|p2b: Gardevoir|Dazzling Gleam|p1a: Flareon|[spread] p1a,p1b\n|-damage|p1a: Flareon|0 fnt\n|-damage|p1b: Scream Tail|80\/100\n|faint|p1a: Flareon\n|\n|upkeep\n|\n|t:|1684036999\n|switch|p2a: Garchomp|Garchomp, L50, M|100\/100\n|switch|p1a: Chien-Pao|Chien-Pao, L50|100\/100\n|-ability|p1a: Chien-Pao|Sword of Ruin\n|turn|5\n|\n|t:|1684037012\n|move|p1b: Scream Tail|Play Rough|p2b: Gardevoir\n|-damage|p2b: Gardevoir|0 fnt\n|faint|p2b: Gardevoir\n|move|p2a: Garchomp|Rock Slide|p1a: Chien-Pao|[spread] p1a,p1b\n|-supereffective|p1a: Chien-Pao\n|-damage|p1a: Chien-Pao|48\/100\n|-damage|p1b: Scream Tail|59\/100\n|move|p1a: Chien-Pao|Ice Spinner|p2a: Garchomp\n|-supereffective|p2a: Garchomp\n|-damage|p2a: Garchomp|0 fnt\n|-damage|p1a: Chien-Pao|35\/100|[from] ability: Rough Skin|[of] p2a: Garchomp\n|faint|p2a: Garchomp\n|\n|win|Hytffghytd\n|raw|Hytffghytd's rating: 1000 → 1050<\/strong> (+50 for winning)\n|raw|Capnt's rating: 1093 → 1063<\/strong> (-30 for losing)\n|l|\u2606Capnt\n","uploadtime":1684037025,"views":14,"p1id":"hytffghytd","p2id":"capnt","formatid":"gen9vgc2023regulationc","rating":1050,"private":0,"password":""}