{"id":"gen9vgc2023regulationc-1846904427","p1":"shuuro","p2":"Th3D3b","format":"[Gen 9] VGC 2023 Regulation C","log":"|j|\u2606shuuro\n|j|\u2606Th3D3b\n|t:|1681898727\n|gametype|doubles\n|player|p1|shuuro|170|1254\n|player|p2|Th3D3b|266|1258\n|teamsize|p1|6\n|teamsize|p2|6\n|gen|9\n|tier|[Gen 9] VGC 2023 Regulation C\n|rated|\n|rule|Species Clause: Limit one of each Pok\u00e9mon\n|rule|Item Clause: Limit one of each item\n|clearpoke\n|poke|p1|Amoonguss, L50, M|\n|poke|p1|Flutter Mane, L50|\n|poke|p1|Iron Bundle, L50|\n|poke|p1|Talonflame, L50, F|\n|poke|p1|Great Tusk, L50|\n|poke|p1|Chi-Yu, L50|\n|poke|p2|Chien-Pao, L50|\n|poke|p2|Palafin, L50, F|\n|poke|p2|Kingambit, L50, M|\n|poke|p2|Ting-Lu, L50|\n|poke|p2|Dragonite, L50, F|\n|poke|p2|Flutter Mane, L50|\n|teampreview|4\n|inactive|Battle timer is ON: inactive players will automatically lose when time's up. (requested by Th3D3b)\n|\n|t:|1681898783\n|start\n|switch|p1a: Flutter Mane|Flutter Mane, L50|100\/100\n|switch|p1b: Talonflame|Talonflame, L50, F|100\/100\n|switch|p2a: Dragonite|Dragonite, L50, F|100\/100\n|switch|p2b: Palafin|Palafin, L50, F|100\/100\n|turn|1\n|inactive|Th3D3b has 30 seconds left.\n|\n|t:|1681898810\n|-terastallize|p1a: Flutter Mane|Fairy\n|-terastallize|p2a: Dragonite|Normal\n|move|p2b: Palafin|Protect|p2b: Palafin\n|-singleturn|p2b: Palafin|Protect\n|move|p1b: Talonflame|Quick Guard|p1b: Talonflame\n|-singleturn|p1b: Talonflame|Quick Guard\n|move|p1a: Flutter Mane|Dazzling Gleam|p2b: Palafin|[spread] p2a\n|-activate|p2b: Palafin|move: Protect\n|-damage|p2a: Dragonite|70\/100\n|move|p2a: Dragonite|Thunder Punch|p1b: Talonflame\n|-supereffective|p1b: Talonflame\n|-damage|p1b: Talonflame|0 fnt\n|-status|p2a: Dragonite|brn|[from] ability: Flame Body|[of] p1b: Talonflame\n|faint|p1b: Talonflame\n|\n|-damage|p2a: Dragonite|64\/100 brn|[from] brn\n|upkeep\n|\n|t:|1681898833\n|switch|p1b: Iron Bundle|Iron Bundle, L50|100\/100\n|turn|2\n|inactive|Th3D3b has 30 seconds left.\n|\n|t:|1681898862\n|-end|p1a: Flutter Mane|Protosynthesis|[silent]\n|switch|p1a: Great Tusk|Great Tusk, L50|100\/100\n|move|p2b: Palafin|Jet Punch|p1a: Great Tusk\n|-supereffective|p1a: Great Tusk\n|-damage|p1a: Great Tusk|60\/100\n|move|p1b: Iron Bundle|Freeze-Dry|p2b: Palafin\n|-supereffective|p2b: Palafin\n|-damage|p2b: Palafin|13\/100\n|move|p2a: Dragonite|Thunder Punch|p1b: Iron Bundle\n|-supereffective|p1b: Iron Bundle\n|-damage|p1b: Iron Bundle|48\/100\n|\n|-damage|p2a: Dragonite|58\/100 brn|[from] brn\n|upkeep\n|turn|3\n|inactive|shuuro has 30 seconds left.\n|inactive|Th3D3b has 30 seconds left.\n|inactive|shuuro has 20 seconds left.\n|inactive|shuuro has 15 seconds left.\n|inactive|shuuro has 10 seconds left.\n|inactive|shuuro has 5 seconds left.\n|\n|t:|1681898912\n|switch|p2a: Chien-Pao|Chien-Pao, L50|100\/100\n|-ability|p2a: Chien-Pao|Sword of Ruin\n|move|p1b: Iron Bundle|Protect|p1b: Iron Bundle\n|-singleturn|p1b: Iron Bundle|Protect\n|move|p2b: Palafin|Jet Punch|p1a: Great Tusk\n|-supereffective|p1a: Great Tusk\n|-damage|p1a: Great Tusk|8\/100\n|move|p1a: Great Tusk|Earthquake|p2b: Palafin|[spread] p2a,p2b\n|-activate|p1b: Iron Bundle|move: Protect\n|-damage|p2a: Chien-Pao|52\/100\n|-damage|p2b: Palafin|0 fnt\n|faint|p2b: Palafin\n|\n|upkeep\n|\n|t:|1681898929\n|switch|p2b: Dragonite|Dragonite, L50, F, tera:Normal|58\/100 brn\n|turn|4\n|\n|t:|1681898940\n|move|p1a: Great Tusk|Protect|p1a: Great Tusk\n|-singleturn|p1a: Great Tusk|Protect\n|move|p2b: Dragonite|Extreme Speed|p1b: Iron Bundle\n|-damage|p1b: Iron Bundle|0 fnt\n|faint|p1b: Iron Bundle\n|-end|p1b: Iron Bundle|Quark Drive|[silent]\n|move|p2a: Chien-Pao|Sucker Punch||[still]\n|-fail|p2a: Chien-Pao\n|\n|-damage|p2b: Dragonite|53\/100 brn|[from] brn\n|upkeep\n|\n|t:|1681898946\n|switch|p1b: Flutter Mane|Flutter Mane, L50, tera:Fairy|100\/100\n|turn|5\n|\n|t:|1681898958\n|move|p2a: Chien-Pao|Protect|p2a: Chien-Pao\n|-singleturn|p2a: Chien-Pao|Protect\n|move|p2b: Dragonite|Extreme Speed|p1a: Great Tusk\n|-damage|p1a: Great Tusk|0 fnt\n|faint|p1a: Great Tusk\n|-end|p1a: Great Tusk|Protosynthesis|[silent]\n|move|p1b: Flutter Mane|Dazzling Gleam|p2a: Chien-Pao|[spread] p2b\n|-activate|p2a: Chien-Pao|move: Protect\n|-damage|p2b: Dragonite|0 fnt\n|faint|p2b: Dragonite\n|\n|upkeep\n|\n|t:|1681898969\n|switch|p2b: Kingambit|Kingambit, L50, M|100\/100\n|turn|6\n|-message|shuuro forfeited.\n|\n|win|Th3D3b\n|raw|shuuro's rating: 1254 → 1229<\/strong> (-25 for losing)\n|raw|Th3D3b's rating: 1258 → 1283<\/strong> (+25 for winning)\n|l|\u2606shuuro\n","uploadtime":1681898987,"views":19,"p1id":"shuuro","p2id":"th3d3b","formatid":"gen9vgc2023regulationc","rating":1229,"private":0,"password":""}