{"id":"gen9vgc2023regulationc-1847425375","p1":"SnackIsle","p2":"1GoldenBoy","format":"[Gen 9] VGC 2023 Regulation C","log":"|j|\u2606SnackIsle\n|j|\u26061GoldenBoy\n|t:|1681953590\n|gametype|doubles\n|player|p1|SnackIsle|1|1061\n|player|p2|1GoldenBoy|lucas|1122\n|teamsize|p1|6\n|teamsize|p2|6\n|gen|9\n|tier|[Gen 9] VGC 2023 Regulation C\n|rated|\n|rule|Species Clause: Limit one of each Pok\u00e9mon\n|rule|Item Clause: Limit one of each item\n|clearpoke\n|poke|p1|Arcanine, L50, F|\n|poke|p1|Torkoal, L50, F|\n|poke|p1|Chien-Pao, L50|\n|poke|p1|Roaring Moon, L50|\n|poke|p1|Amoonguss, L50, M|\n|poke|p1|Farigiraf, L50, M|\n|poke|p2|Murkrow, L50, M|\n|poke|p2|Great Tusk, L50|\n|poke|p2|Scream Tail, L50|\n|poke|p2|Amoonguss, L50, F|\n|poke|p2|Flutter Mane, L50|\n|poke|p2|Dragapult, L50, F|\n|teampreview|4\nSnackIsle has agreed to open team sheets.\n|\n|t:|1681953645\n|start\n|switch|p1a: Torkoal|Torkoal, L50, F, shiny|100\/100\n|switch|p1b: Farigiraf|Farigiraf, L50, M|100\/100\n|switch|p2a: Murkrow|Murkrow, L50, M, shiny|100\/100\n|switch|p2b: Great Tusk|Great Tusk, L50, shiny|100\/100\n|-weather|SunnyDay|[from] ability: Drought|[of] p1a: Torkoal\n|-activate|p2b: Great Tusk|ability: Protosynthesis\n|-start|p2b: Great Tusk|protosynthesisatk\n|turn|1\n|inactive|Battle timer is ON: inactive players will automatically lose when time's up. (requested by SnackIsle)\n|inactive|1GoldenBoy has 60 seconds left.\n|\n|t:|1681953693\n|-terastallize|p2b: Great Tusk|Ground\n|move|p2a: Murkrow|Taunt||[still]\n|cant|p1b: Farigiraf|ability: Armor Tail|Taunt|[of] p2a: Murkrow\n|move|p2b: Great Tusk|Earthquake|p1b: Farigiraf|[spread] p1a,p1b\n|-immune|p2a: Murkrow\n|-supereffective|p1a: Torkoal\n|-damage|p1a: Torkoal|0 fnt\n|-damage|p1b: Farigiraf|26\/100\n|faint|p1a: Torkoal\n|move|p1b: Farigiraf|Trick Room|p1b: Farigiraf\n|-fieldstart|move: Trick Room|[of] p1b: Farigiraf\n|-enditem|p1b: Farigiraf|Room Service\n|-unboost|p1b: Farigiraf|spe|1|[from] item: Room Service\n|\n|-weather|SunnyDay|[upkeep]\n|upkeep\n|\n|t:|1681953704\n|switch|p1a: Amoonguss|Amoonguss, L50, M, shiny|100\/100\n|turn|2\n|\n|t:|1681953727\n|move|p1b: Farigiraf|Dazzling Gleam|p2a: Murkrow|[spread] p2a,p2b\n|-supereffective|p2a: Murkrow\n|-damage|p2a: Murkrow|29\/100\n|-damage|p2b: Great Tusk|68\/100\n|move|p1a: Amoonguss|Spore|p2b: Great Tusk\n|-status|p2b: Great Tusk|slp|[from] move: Spore\n|move|p2a: Murkrow|U-turn|p1a: Amoonguss\n|-damage|p1a: Amoonguss|86\/100\n|-damage|p2a: Murkrow|12\/100|[from] item: Rocky Helmet|[of] p1a: Amoonguss\n|\n|t:|1681953737\n|switch|p2a: Flutter Mane|Flutter Mane, L50, shiny|100\/100|[from] U-turn\n|-activate|p2a: Flutter Mane|ability: Protosynthesis\n|-start|p2a: Flutter Mane|protosynthesisspa\n|cant|p2b: Great Tusk|slp\n|\n|-weather|SunnyDay|[upkeep]\n|upkeep\n|turn|3\n|inactive|SnackIsle has 30 seconds left.\n|\n|t:|1681953765\n|move|p1b: Farigiraf|Dazzling Gleam|p2b: Great Tusk|[spread] p2a,p2b\n|-damage|p2a: Flutter Mane|80\/100\n|-damage|p2b: Great Tusk|35\/100 slp\n|move|p1a: Amoonguss|Spore|p2a: Flutter Mane\n|-status|p2a: Flutter Mane|slp|[from] move: Spore\n|cant|p2a: Flutter Mane|slp\n|cant|p2b: Great Tusk|slp\n|\n|-weather|SunnyDay|[upkeep]\n|upkeep\n|turn|4\n|\n|t:|1681953786\n|move|p1b: Farigiraf|Shadow Ball|p2a: Flutter Mane\n|-supereffective|p2a: Flutter Mane\n|-damage|p2a: Flutter Mane|29\/100 slp\n|move|p1a: Amoonguss|Clear Smog|p2a: Flutter Mane\n|-crit|p2a: Flutter Mane\n|-damage|p2a: Flutter Mane|4\/100 slp\n|-clearboost|p2a: Flutter Mane\n|cant|p2a: Flutter Mane|slp\n|-curestatus|p2b: Great Tusk|slp|[msg]\n|move|p2b: Great Tusk|Earthquake|p1a: Amoonguss|[spread] p2a,p1a,p1b\n|-damage|p2a: Flutter Mane|0 fnt\n|-damage|p1a: Amoonguss|7\/100\n|-damage|p1b: Farigiraf|0 fnt\n|faint|p2a: Flutter Mane\n|-end|p2a: Flutter Mane|Protosynthesis|[silent]\n|faint|p1b: Farigiraf\n|\n|-weather|SunnyDay|[upkeep]\n|upkeep\n|inactive|1GoldenBoy has 30 seconds left.\n|\n|t:|1681953815\n|switch|p1b: Roaring Moon|Roaring Moon, L50|100\/100\n|switch|p2a: Murkrow|Murkrow, L50, M, shiny|12\/100\n|-activate|p1b: Roaring Moon|ability: Protosynthesis\n|-start|p1b: Roaring Moon|protosynthesisatk\n|turn|5\n|\n|t:|1681953832\n|move|p1a: Amoonguss|Spore|p2b: Great Tusk\n|-status|p2b: Great Tusk|slp|[from] move: Spore\n|move|p2a: Murkrow|U-turn|p1a: Amoonguss\n|-damage|p1a: Amoonguss|0 fnt\n|-damage|p2a: Murkrow|0 fnt|[from] item: Rocky Helmet|[of] p1a: Amoonguss\n|faint|p1a: Amoonguss\n|faint|p2a: Murkrow\n|move|p1b: Roaring Moon|Dragon Dance|p1b: Roaring Moon\n|-boost|p1b: Roaring Moon|atk|1\n|-boost|p1b: Roaring Moon|spe|1\n|cant|p2b: Great Tusk|slp\n|\n|-weather|none\n|-end|p2b: Great Tusk|Protosynthesis\n|-end|p1b: Roaring Moon|Protosynthesis\n|-fieldend|move: Trick Room\n|upkeep\n|\n|t:|1681953845\n|switch|p2a: Dragapult|Dragapult, L50, F, shiny|100\/100\n|turn|6\n|inactive|1GoldenBoy has 30 seconds left.\n|\n|t:|1681953878\n|-terastallize|p1b: Roaring Moon|Flying\n|move|p1b: Roaring Moon|Dragon Claw|p2a: Dragapult\n|-supereffective|p2a: Dragapult\n|-damage|p2a: Dragapult|0 fnt\n|faint|p2a: Dragapult\n|cant|p2b: Great Tusk|slp\n|\n|upkeep\n|turn|7\n|-message|1GoldenBoy forfeited.\n|\n|win|SnackIsle\n|raw|SnackIsle's rating: 1061 → 1097<\/strong> (+36 for winning)\n|raw|1GoldenBoy's rating: 1122 → 1093<\/strong> (-29 for losing)\n|l|\u26061GoldenBoy\n","uploadtime":1681953890,"views":5,"p1id":"snackisle","p2id":"1goldenboy","formatid":"gen9vgc2023regulationc","rating":1093,"private":0,"password":""}