{"id":"gen9vgc2023regulationc-1858669616","p1":"r2vgc","p2":"SattleBimulator","format":"[Gen 9] VGC 2023 Regulation C","log":"|j|\u2606r2vgc\n|j|\u2606SattleBimulator\n|t:|1683340076\n|gametype|doubles\n|player|p1|r2vgc|266|1175\n|player|p2|SattleBimulator|169|1241\n|teamsize|p1|6\n|teamsize|p2|6\n|gen|9\n|tier|[Gen 9] VGC 2023 Regulation C\n|rated|\n|rule|Species Clause: Limit one of each Pok\u00e9mon\n|rule|Item Clause: Limit one of each item\n|clearpoke\n|poke|p1|Maushold-Four, L50|\n|poke|p1|Annihilape, L50, F|\n|poke|p1|Gholdengo, L50|\n|poke|p1|Murkrow, L50, M|\n|poke|p1|Garchomp, L50, M|\n|poke|p1|Gyarados, L50, M|\n|poke|p2|Skeledirge, L50, M|\n|poke|p2|Chi-Yu, L50|\n|poke|p2|Flutter Mane, L50|\n|poke|p2|Palafin, L50, F|\n|poke|p2|Great Tusk, L50|\n|poke|p2|Breloom, L50, F|\n|teampreview|4\nr2vgc has agreed to open team sheets.\n|\n|t:|1683340105\n|start\n|switch|p1a: Natters|Maushold-Four, L50|100\/100\n|switch|p1b: Panda|Annihilape, L50, F|100\/100\n|switch|p2a: Palafin|Palafin, L50, F|100\/100\n|switch|p2b: Breloom|Breloom, L50, F|100\/100\n|turn|1\n|\n|t:|1683340129\n|detailschange|p2a: Palafin|Palafin-Hero, L50, F\n|switch|p2a: Chi-Yu|Chi-Yu, L50|100\/100\n|-ability|p2a: Chi-Yu|Beads of Ruin\n|move|p1a: Natters|Beat Up|p1b: Panda\n|-damage|p1b: Panda|99\/100\n|-damage|p1b: Panda|96\/100\n|-damage|p1b: Panda|93\/100\n|-damage|p1b: Panda|91\/100\n|-hitcount|p1b: Panda|4\n|move|p2b: Breloom|Spore|p1b: Panda\n|-status|p1b: Panda|slp|[from] move: Spore\n|cant|p1b: Panda|slp\n|\n|-heal|p1b: Panda|98\/100 slp|[from] item: Leftovers\n|upkeep\n|turn|2\n|\n|t:|1683340158\n|move|p2b: Breloom|Mach Punch|p1a: Natters\n|-supereffective|p1a: Natters\n|-damage|p1a: Natters|7\/100\n|move|p2a: Chi-Yu|Heat Wave|p1a: Natters|[spread] p1a,p1b\n|-damage|p1a: Natters|0 fnt\n|-damage|p1b: Panda|70\/100 slp\n|faint|p1a: Natters\n|cant|p1b: Panda|slp\n|\n|-heal|p1b: Panda|76\/100 slp|[from] item: Leftovers\n|upkeep\n|\n|t:|1683340172\n|switch|p1a: Garchomp|Garchomp, L50, M|100\/100\n|turn|3\n|\n|t:|1683340184\n|switch|p2a: Palafin|Palafin-Hero, L50, F|100\/100\n|-activate|p2a: Palafin|ability: Zero to Hero\n|move|p1a: Garchomp|Stomping Tantrum|p2a: Palafin\n|-damage|p2a: Palafin|59\/100\n|move|p2b: Breloom|Spore|p1a: Garchomp\n|-status|p1a: Garchomp|slp|[from] move: Spore\n|-enditem|p1a: Garchomp|Lum Berry|[eat]\n|-curestatus|p1a: Garchomp|slp|[msg]\n|cant|p1b: Panda|slp\n|\n|-heal|p1b: Panda|82\/100 slp|[from] item: Leftovers\n|upkeep\n|turn|4\n|\n|t:|1683340209\n|switch|p2a: Chi-Yu|Chi-Yu, L50|100\/100\n|-ability|p2a: Chi-Yu|Beads of Ruin\n|-terastallize|p2b: Breloom|Grass\n|move|p1a: Garchomp|Stomping Tantrum|p2a: Chi-Yu\n|-supereffective|p2a: Chi-Yu\n|-damage|p2a: Chi-Yu|0 fnt\n|faint|p2a: Chi-Yu\n|move|p2b: Breloom|Bullet Seed|p1b: Panda\n|-damage|p1b: Panda|54\/100 slp\n|-crit|p1b: Panda\n|-damage|p1b: Panda|10\/100 slp\n|-crit|p1b: Panda\n|-damage|p1b: Panda|0 fnt\n|faint|p1b: Panda\n|-hitcount|p1: Panda|3\n|\n|upkeep\n|\n|t:|1683340224\n|switch|p2a: Palafin|Palafin-Hero, L50, F|59\/100\n|switch|p1b: Gyarados|Gyarados, L50, M, shiny|100\/100\n|-ability|p1b: Gyarados|Intimidate|boost\n|-unboost|p2a: Palafin|atk|1\n|-unboost|p2b: Breloom|atk|1\n|turn|5\n|\n|t:|1683340238\n|switch|p2a: Flutter Mane|Flutter Mane, L50|100\/100\n|-enditem|p2a: Flutter Mane|Booster Energy\n|-activate|p2a: Flutter Mane|ability: Protosynthesis|[fromitem]\n|-start|p2a: Flutter Mane|protosynthesisspe\n|-terastallize|p1b: Gyarados|Grass\n|move|p1a: Garchomp|Earthquake|p2b: Breloom|[spread] p1b,p2a,p2b\n|-resisted|p1b: Gyarados\n|-resisted|p2b: Breloom\n|-damage|p1b: Gyarados|80\/100\n|-damage|p2a: Flutter Mane|10\/100\n|-damage|p2b: Breloom|69\/100\n|move|p1b: Gyarados|Tera Blast|p2a: Flutter Mane\n|-damage|p2a: Flutter Mane|0 fnt\n|faint|p2a: Flutter Mane\n|-end|p2a: Flutter Mane|Protosynthesis|[silent]\n|move|p2b: Breloom|Spore|p1a: Garchomp\n|-status|p1a: Garchomp|slp|[from] move: Spore\n|\n|upkeep\n|\n|t:|1683340254\n|switch|p2a: Palafin|Palafin-Hero, L50, F|59\/100\n|turn|6\n|\n|t:|1683340264\n|move|p2a: Palafin|Close Combat|p1b: Gyarados\n|-damage|p1b: Gyarados|0 fnt\n|-unboost|p2a: Palafin|def|1\n|-unboost|p2a: Palafin|spd|1\n|faint|p1b: Gyarados\n|cant|p1a: Garchomp|slp\n|move|p2b: Breloom|Close Combat|p1a: Garchomp\n|-damage|p1a: Garchomp|57\/100 slp\n|-unboost|p2b: Breloom|def|1\n|-unboost|p2b: Breloom|spd|1\n|-damage|p2b: Breloom|58\/100|[from] ability: Rough Skin|[of] p1a: Garchomp\n|\n|upkeep\n|turn|7\n|\n|t:|1683340278\n|move|p2a: Palafin|Close Combat|p1a: Garchomp\n|-damage|p1a: Garchomp|0 fnt\n|-unboost|p2a: Palafin|def|1\n|-unboost|p2a: Palafin|spd|1\n|-damage|p2a: Palafin|47\/100|[from] ability: Rough Skin|[of] p1a: Garchomp\n|faint|p1a: Garchomp\n|\n|win|SattleBimulator\n|raw|r2vgc's rating: 1175 → 1155<\/strong> (-20 for losing)\n|raw|SattleBimulator's rating: 1241 → 1261<\/strong> (+20 for winning)\n|l|\u2606SattleBimulator\n","uploadtime":1683340285,"views":12,"p1id":"r2vgc","p2id":"sattlebimulator","formatid":"gen9vgc2023regulationc","rating":1155,"private":0,"password":""}