{"id":"gen9vgc2023regulationc-1853351634","p1":"sspark","p2":"Gildren","format":"[Gen 9] VGC 2023 Regulation C","log":"|j|\u2606sspark\n|j|\u2606Gildren\n|t:|1682672783\n|gametype|doubles\n|player|p1|sspark|170|1365\n|player|p2|Gildren|170|1453\n|teamsize|p1|6\n|teamsize|p2|6\n|gen|9\n|tier|[Gen 9] VGC 2023 Regulation C\n|rated|\n|rule|Species Clause: Limit one of each Pok\u00e9mon\n|rule|Item Clause: Limit one of each item\n|clearpoke\n|poke|p1|Flutter Mane, L50|\n|poke|p1|Maushold, L50|\n|poke|p1|Chi-Yu, L50|\n|poke|p1|Gyarados, L50, M|\n|poke|p1|Talonflame, L50, M|\n|poke|p1|Gholdengo, L50|\n|poke|p2|Arcanine, L50, F|\n|poke|p2|Amoonguss, L50, F|\n|poke|p2|Palafin, L50, M|\n|poke|p2|Flutter Mane, L50|\n|poke|p2|Dragonite, L50, F|\n|poke|p2|Chien-Pao, L50|\n|teampreview|4\n|inactive|Battle timer is ON: inactive players will automatically lose when time's up. (requested by sspark)\n|\n|t:|1682672813\n|start\n|switch|p1a: Maushold|Maushold, L50|100\/100\n|switch|p1b: Flutter Mane|Flutter Mane, L50|100\/100\n|switch|p2a: Flutter Mane|Flutter Mane, L50|100\/100\n|switch|p2b: Palafin|Palafin, L50, M|100\/100\n|-enditem|p1b: Flutter Mane|Booster Energy\n|-activate|p1b: Flutter Mane|ability: Protosynthesis|[fromitem]\n|-start|p1b: Flutter Mane|protosynthesisspe\n|turn|1\n|inactive|sspark has 30 seconds left.\n|inactive|Gildren has 30 seconds left.\n|inactive|Gildren has 20 seconds left.\n|\n|t:|1682672848\n|-end|p2a: Flutter Mane|Protosynthesis|[silent]\n|switch|p2a: Chien-Pao|Chien-Pao, L50|100\/100\n|-ability|p2a: Chien-Pao|Sword of Ruin\n|detailschange|p2b: Palafin|Palafin-Hero, L50, M\n|switch|p2b: Arcanine|Arcanine, L50, F|100\/100\n|-ability|p2b: Arcanine|Intimidate|boost\n|-unboost|p1a: Maushold|atk|1\n|-unboost|p1b: Flutter Mane|atk|1\n|move|p1b: Flutter Mane|Calm Mind|p1b: Flutter Mane\n|-boost|p1b: Flutter Mane|spa|1\n|-boost|p1b: Flutter Mane|spd|1\n|move|p1a: Maushold|Thunder Wave|p2a: Chien-Pao\n|-status|p2a: Chien-Pao|par\n|\n|upkeep\n|turn|2\n|\n|t:|1682672870\n|move|p1a: Maushold|Feint|p2a: Chien-Pao\n|-damage|p2a: Chien-Pao|93\/100 par\n|move|p1b: Flutter Mane|Dazzling Gleam|p2a: Chien-Pao|[spread] p2a,p2b\n|-supereffective|p2a: Chien-Pao\n|-resisted|p2b: Arcanine\n|-damage|p2a: Chien-Pao|0 fnt\n|-damage|p2b: Arcanine|77\/100\n|faint|p2a: Chien-Pao\n|move|p2b: Arcanine|Flare Blitz|p1b: Flutter Mane\n|-damage|p1b: Flutter Mane|47\/100\n|-damage|p2b: Arcanine|64\/100|[from] Recoil\n|\n|upkeep\n|\n|t:|1682672882\n|switch|p2a: Palafin|Palafin-Hero, L50, M|100\/100\n|-activate|p2a: Palafin|ability: Zero to Hero\n|turn|3\n|inactive|sspark has 30 seconds left.\n|\n|t:|1682672909\n|-terastallize|p2a: Palafin|Water\n|move|p1a: Maushold|Follow Me|p1a: Maushold\n|-singleturn|p1a: Maushold|move: Follow Me\n|move|p2a: Palafin|Jet Punch|p1a: Maushold\n|-crit|p1a: Maushold\n|-damage|p1a: Maushold|4\/100\n|move|p1b: Flutter Mane|Dazzling Gleam|p2b: Arcanine|[spread] p2a,p2b\n|-resisted|p2b: Arcanine\n|-damage|p2a: Palafin|57\/100\n|-damage|p2b: Arcanine|39\/100\n|move|p2b: Arcanine|Flare Blitz|p1a: Maushold\n|-damage|p1a: Maushold|0 fnt\n|faint|p1a: Maushold\n|-damage|p2b: Arcanine|38\/100|[from] Recoil\n|\n|upkeep\n|\n|t:|1682672922\n|switch|p1a: Gyarados|Gyarados, L50, M|100\/100\n|-ability|p1a: Gyarados|Intimidate|boost\n|-unboost|p2a: Palafin|atk|1\n|-unboost|p2b: Arcanine|atk|1\n|turn|4\n|inactive|sspark has 30 seconds left.\n|c|\u2606Gildren|fock your mons are bulky af\n|inactive|sspark has 20 seconds left.\n|inactive|sspark has 15 seconds left.\n|\n|t:|1682672965\n|switch|p2b: Flutter Mane|Flutter Mane, L50|100\/100\n|switch|p1a: Gholdengo|Gholdengo, L50|100\/100\n|move|p1b: Flutter Mane|Protect|p1b: Flutter Mane\n|-singleturn|p1b: Flutter Mane|Protect\n|move|p2a: Palafin|Jet Punch|p1b: Flutter Mane\n|-activate|p1b: Flutter Mane|move: Protect\n|\n|upkeep\n|turn|5\n|c|\u2606sspark|ye\n|inactive|sspark has 30 seconds left.\n|inactive|Gildren has 30 seconds left.\n|inactive|sspark has 20 seconds left.\n|inactive|sspark has 15 seconds left.\n|inactive|sspark has 10 seconds left.\n|\n|t:|1682673013\n|-end|p2b: Flutter Mane|Protosynthesis|[silent]\n|switch|p2b: Arcanine|Arcanine, L50, F|38\/100\n|-ability|p2b: Arcanine|Intimidate|boost\n|-unboost|p1a: Gholdengo|atk|1\n|-unboost|p1b: Flutter Mane|atk|1\n|switch|p1a: Gyarados|Gyarados, L50, M|100\/100\n|-ability|p1a: Gyarados|Intimidate|boost\n|-unboost|p2a: Palafin|atk|1\n|-unboost|p2b: Arcanine|atk|1\n|move|p2a: Palafin|Jet Punch|p1b: Flutter Mane\n|-damage|p1b: Flutter Mane|0 fnt\n|faint|p1b: Flutter Mane\n|-end|p1b: Flutter Mane|Protosynthesis|[silent]\n|\n|upkeep\n|inactive|sspark has 30 seconds left.\n|inactive|sspark has 20 seconds left.\n|inactive|sspark has 15 seconds left.\n|\n|t:|1682673056\n|switch|p1b: Gholdengo|Gholdengo, L50|100\/100\n|turn|6\n|\n|t:|1682673073\n|move|p2a: Palafin|Protect|p2a: Palafin\n|-singleturn|p2a: Palafin|Protect\n|move|p2b: Arcanine|Snarl|p1b: Gholdengo|[spread] p1a,p1b\n|-supereffective|p1b: Gholdengo\n|-damage|p1a: Gyarados|92\/100\n|-damage|p1b: Gholdengo|84\/100\n|-unboost|p1a: Gyarados|spa|1\n|-unboost|p1b: Gholdengo|spa|1\n|move|p1a: Gyarados|Waterfall|p2b: Arcanine\n|-supereffective|p2b: Arcanine\n|-damage|p2b: Arcanine|0 fnt\n|faint|p2b: Arcanine\n|move|p1b: Gholdengo|Shadow Ball|p2a: Palafin\n|-activate|p2a: Palafin|move: Protect\n|\n|upkeep\n|\n|t:|1682673085\n|switch|p2b: Flutter Mane|Flutter Mane, L50|100\/100\n|turn|7\n|\n|t:|1682673103\n|move|p1a: Gyarados|Protect|p1a: Gyarados\n|-singleturn|p1a: Gyarados|Protect\n|move|p1b: Gholdengo|Protect|p1b: Gholdengo\n|-singleturn|p1b: Gholdengo|Protect\n|move|p2b: Flutter Mane|Thunderbolt|p1a: Gyarados\n|-activate|p1a: Gyarados|move: Protect\n|move|p2a: Palafin|Wave Crash|p1b: Gholdengo\n|-activate|p1b: Gholdengo|move: Protect\n|\n|upkeep\n|turn|8\n|\n|t:|1682673117\n|-terastallize|p1a: Gyarados|Steel\n|move|p2b: Flutter Mane|Thunderbolt|p1a: Gyarados\n|-damage|p1a: Gyarados|45\/100\n|move|p1a: Gyarados|Iron Head|p2b: Flutter Mane\n|-supereffective|p2b: Flutter Mane\n|-damage|p2b: Flutter Mane|0 fnt\n|faint|p2b: Flutter Mane\n|-end|p2b: Flutter Mane|Protosynthesis|[silent]\n|move|p2a: Palafin|Wave Crash|p1b: Gholdengo\n|-damage|p1b: Gholdengo|23\/100\n|-damage|p2a: Palafin|40\/100|[from] Recoil\n|move|p1b: Gholdengo|Shadow Ball|p2a: Palafin\n|-damage|p2a: Palafin|3\/100\n|-damage|p1b: Gholdengo|14\/100|[from] item: Life Orb\n|\n|upkeep\n|turn|9\n|c|\u2606Gildren|gg\n|c|\u2606sspark|gg\n|\n|t:|1682673138\n|move|p2a: Palafin|Jet Punch|p1b: Gholdengo\n|-damage|p1b: Gholdengo|0 fnt\n|faint|p1b: Gholdengo\n|move|p1a: Gyarados|Waterfall|p2a: Palafin\n|-resisted|p2a: Palafin\n|-damage|p2a: Palafin|0 fnt\n|faint|p2a: Palafin\n|\n|win|sspark\n|raw|sspark's rating: 1365 → 1390<\/strong> (+25 for winning)\n|raw|Gildren's rating: 1453 → 1428<\/strong> (-25 for losing)\n|l|\u2606Gildren\n","uploadtime":1682674990,"views":7,"p1id":"sspark","p2id":"gildren","formatid":"gen9vgc2023regulationc","rating":1390,"private":0,"password":""}