{"id":"gen9vgc2023regulationc-1851531157","p1":"Kagenonessho","p2":"sonniko","format":"[Gen 9] VGC 2023 Regulation C","log":"|j|\u2606Kagenonessho\n|j|\u2606sonniko\n|t:|1682453068\n|gametype|doubles\n|player|p1|Kagenonessho|1|1056\n|player|p2|sonniko|sailor|1045\n|teamsize|p1|6\n|teamsize|p2|4\n|gen|9\n|tier|[Gen 9] VGC 2023 Regulation C\n|rated|\n|rule|Species Clause: Limit one of each Pok\u00e9mon\n|rule|Item Clause: Limit one of each item\n|clearpoke\n|poke|p1|Iron Hands, L50|\n|poke|p1|Gengar, L50, F|\n|poke|p1|Talonflame, L50, F|\n|poke|p1|Great Tusk, L50|\n|poke|p1|Tinkaton, L50, F|\n|poke|p1|Kingambit, L50, F|\n|poke|p2|Dudunsparce-*, L50, M|\n|poke|p2|Jolteon, L50, M|\n|poke|p2|Garchomp, L50, M|\n|poke|p2|Flamigo, L50, F|\n|teampreview|4\n|inactive|Battle timer is ON: inactive players will automatically lose when time's up. (requested by sonniko)\n|\n|t:|1682453097\n|start\n|switch|p1a: Great Tusk|Great Tusk, L50, shiny|100\/100\n|switch|p1b: Talonflame|Talonflame, L50, F|100\/100\n|switch|p2a: Dudunsparce|Dudunsparce, L50, M|100\/100\n|switch|p2b: Jolteon|Jolteon, L50, M|100\/100\n|turn|1\n|\n|t:|1682453109\n|-terastallize|p2a: Dudunsparce|Psychic\n|move|p1b: Talonflame|Tailwind|p1b: Talonflame\n|-sidestart|p1: Kagenonessho|move: Tailwind\n|move|p1a: Great Tusk|Rock Slide|p2b: Jolteon|[spread] p2a,p2b\n|-damage|p2a: Dudunsparce|81\/100\n|-damage|p2b: Jolteon|64\/100\n|move|p2b: Jolteon|Pin Missile|p2a: Dudunsparce\n|-supereffective|p2a: Dudunsparce\n|-damage|p2a: Dudunsparce|73\/100\n|-ability|p2a: Dudunsparce|Rattled|boost\n|-boost|p2a: Dudunsparce|spe|1\n|-enditem|p2a: Dudunsparce|Weakness Policy\n|-boost|p2a: Dudunsparce|atk|2|[from] item: Weakness Policy\n|-boost|p2a: Dudunsparce|spa|2|[from] item: Weakness Policy\n|-supereffective|p2a: Dudunsparce\n|-damage|p2a: Dudunsparce|66\/100\n|-ability|p2a: Dudunsparce|Rattled|boost\n|-boost|p2a: Dudunsparce|spe|1\n|-supereffective|p2a: Dudunsparce\n|-crit|p2a: Dudunsparce\n|-damage|p2a: Dudunsparce|56\/100\n|-ability|p2a: Dudunsparce|Rattled|boost\n|-boost|p2a: Dudunsparce|spe|1\n|-hitcount|p2a: Dudunsparce|3\n|move|p2a: Dudunsparce|Coil|p2a: Dudunsparce\n|-boost|p2a: Dudunsparce|atk|1\n|-boost|p2a: Dudunsparce|def|1\n|-boost|p2a: Dudunsparce|accuracy|1\n|\n|upkeep\n|turn|2\n|inactive|Kagenonessho has 30 seconds left.\n|inactive|sonniko has 30 seconds left.\n|\n|t:|1682453139\n|switch|p1b: Tinkaton|Tinkaton, L50, F, shiny|100\/100\n|-ability|p1b: Tinkaton|Mold Breaker\n|move|p2a: Dudunsparce|Baton Pass|p2a: Dudunsparce\n|\n|t:|1682453144\n|switch|p2a: Garchomp|Garchomp, L50, M|100\/100|[from] Baton Pass\n|move|p1a: Great Tusk|Rock Slide|p2a: Garchomp|[spread] p2b\n|-miss|p1a: Great Tusk|p2a: Garchomp\n|-damage|p2b: Jolteon|27\/100\n|cant|p2b: Jolteon|flinch\n|\n|upkeep\n|turn|3\n|\n|t:|1682453167\n|switch|p2b: Flamigo|Flamigo, L50, F|100\/100\n|-copyboost|p2b: Flamigo|p2a: Garchomp|[from] ability: Costar\n|move|p1b: Tinkaton|Fake Out|p2a: Garchomp\n|-damage|p2a: Garchomp|96\/100\n|-damage|p1b: Tinkaton|88\/100|[from] ability: Rough Skin|[of] p2a: Garchomp\n|cant|p2a: Garchomp|flinch\n|move|p1a: Great Tusk|Rock Slide|p2a: Garchomp|[spread] p2a,p2b\n|-resisted|p2a: Garchomp\n|-damage|p2a: Garchomp|89\/100\n|-damage|p2b: Flamigo|83\/100\n|\n|-heal|p1b: Tinkaton|94\/100|[from] item: Leftovers\n|upkeep\n|turn|4\n|\n|t:|1682453191\n|move|p2a: Garchomp|Earthquake|p1b: Tinkaton|[spread] p1a,p1b\n|-immune|p2b: Flamigo\n|-supereffective|p1b: Tinkaton\n|-damage|p1a: Great Tusk|0 fnt\n|-damage|p1b: Tinkaton|0 fnt\n|faint|p1a: Great Tusk\n|-end|p1a: Great Tusk|Protosynthesis|[silent]\n|faint|p1b: Tinkaton\n|-damage|p2a: Garchomp|80\/100|[from] item: Life Orb\n|move|p2b: Flamigo|Low Kick|p1: Great Tusk|[notarget]\n|-fail|p2b: Flamigo\n|\n|-sideend|p1: Kagenonessho|move: Tailwind\n|upkeep\n|\n|t:|1682453202\n|switch|p1b: Talonflame|Talonflame, L50, F|100\/100\n|switch|p1a: Iron Hands|Iron Hands, L50|100\/100\n|turn|5\n|\n|t:|1682453217\n|-terastallize|p1a: Iron Hands|Fire\n|move|p1b: Talonflame|Tailwind|p1b: Talonflame\n|-sidestart|p1: Kagenonessho|move: Tailwind\n|move|p2a: Garchomp|Rock Slide|p1a: Iron Hands|[spread] p1a,p1b\n|-supereffective|p1a: Iron Hands\n|-supereffective|p1b: Talonflame\n|-crit|p1b: Talonflame\n|-damage|p1a: Iron Hands|3\/100\n|-damage|p1b: Talonflame|0 fnt\n|faint|p1b: Talonflame\n|-damage|p2a: Garchomp|70\/100|[from] item: Life Orb\n|move|p2b: Flamigo|Brave Bird|p1a: Iron Hands\n|-damage|p1a: Iron Hands|0 fnt\n|faint|p1a: Iron Hands\n|-end|p1a: Iron Hands|Quark Drive|[silent]\n|-damage|p2b: Flamigo|82\/100|[from] Recoil\n|\n|win|sonniko\n|raw|Kagenonessho's rating: 1056 → 1037<\/strong> (-19 for losing)\n|raw|sonniko's rating: 1045 → 1079<\/strong> (+34 for winning)\n","uploadtime":1682453233,"views":6,"p1id":"kagenonessho","p2id":"sonniko","formatid":"gen9vgc2023regulationc","rating":1037,"private":0,"password":""}