{"id":"gen9vgc2023regulationc-1861527114","p1":"Mike+Haunter","p2":"Axieo","format":"[Gen 9] VGC 2023 Regulation C","log":"|j|\u2606Mike+Haunter\n|j|\u2606Axieo\n|t:|1683768942\n|gametype|doubles\n|player|p1|Mike+Haunter|acetrainer-gen4dp|1140\n|player|p2|Axieo|swimmer-gen4dp|1083\n|teamsize|p1|6\n|teamsize|p2|6\n|gen|9\n|tier|[Gen 9] VGC 2023 Regulation C\n|rated|\n|rule|Species Clause: Limit one of each Pok\u00e9mon\n|rule|Item Clause: Limit one of each item\n|clearpoke\n|poke|p1|Sableye, L50, M|\n|poke|p1|Drifblim, L50, M|\n|poke|p1|Dragapult, L50, M|\n|poke|p1|Polteageist, L50|\n|poke|p1|Palossand, L50, M|\n|poke|p1|Mimikyu, L50, F|\n|poke|p2|Palossand, L50, M|\n|poke|p2|Wugtrio, L50, F|\n|poke|p2|Flamigo, L50, M|\n|poke|p2|Indeedee-F, L50, F|\n|poke|p2|Armarouge, L50, M|\n|poke|p2|Sylveon, L50, F|\n|teampreview|4\n|\n|t:|1683768951\n|start\n|switch|p1a: Sableye|Sableye, L50, M|100\/100\n|switch|p1b: Drifblim|Drifblim, L50, M|100\/100\n|switch|p2a: Armarouge|Armarouge, L50, M, shiny|100\/100\n|switch|p2b: Wugtrio|Wugtrio, L50, F, shiny|100\/100\n|turn|1\n|\n|t:|1683768968\n|move|p2a: Armarouge|Endure|p2a: Armarouge\n|-singleturn|p2a: Armarouge|move: Endure\n|move|p1a: Sableye|Fake Out|p2a: Armarouge\n|-damage|p2a: Armarouge|93\/100\n|-ability|p2a: Armarouge|Weak Armor|boost\n|-unboost|p2a: Armarouge|def|1\n|-boost|p2a: Armarouge|spe|2\n|move|p2b: Wugtrio|Triple Dive|p2a: Armarouge\n|-supereffective|p2a: Armarouge\n|-damage|p2a: Armarouge|68\/100\n|-ability|p2a: Armarouge|Weak Armor|boost\n|-unboost|p2a: Armarouge|def|1\n|-boost|p2a: Armarouge|spe|2\n|-enditem|p2a: Armarouge|Weakness Policy\n|-boost|p2a: Armarouge|atk|2|[from] item: Weakness Policy\n|-boost|p2a: Armarouge|spa|2|[from] item: Weakness Policy\n|-supereffective|p2a: Armarouge\n|-damage|p2a: Armarouge|33\/100\n|-ability|p2a: Armarouge|Weak Armor|boost\n|-unboost|p2a: Armarouge|def|1\n|-boost|p2a: Armarouge|spe|2\n|-supereffective|p2a: Armarouge\n|-activate|p2a: Armarouge|move: Endure\n|-damage|p2a: Armarouge|1\/100\n|-ability|p2a: Armarouge|Weak Armor|boost\n|-unboost|p2a: Armarouge|def|1\n|-hitcount|p2a: Armarouge|3\n|move|p1b: Drifblim|Stockpile|p1b: Drifblim\n|-start|p1b: Drifblim|stockpile1\n|-boost|p1b: Drifblim|def|1\n|-boost|p1b: Drifblim|spd|1\n|\n|upkeep\n|turn|2\n|\n|t:|1683769001\n|switch|p2b: Flamigo|Flamigo, L50, M, shiny|100\/100\n|-copyboost|p2b: Flamigo|p2a: Armarouge|[from] ability: Costar\n|move|p1a: Sableye|Flatter|p1b: Drifblim\n|-boost|p1b: Drifblim|spa|1\n|-start|p1b: Drifblim|confusion\n|-enditem|p1b: Drifblim|Lum Berry|[eat]\n|-end|p1b: Drifblim|confusion\n|move|p2a: Armarouge|Heat Wave|p1b: Drifblim|[spread] p1a,p1b\n|-damage|p1a: Sableye|13\/100\n|-damage|p1b: Drifblim|49\/100\n|-enditem|p1a: Sableye|Sitrus Berry|[eat]\n|-heal|p1a: Sableye|37\/100|[from] item: Sitrus Berry\n|move|p1b: Drifblim|Air Slash|p2a: Armarouge\n|-damage|p2a: Armarouge|0 fnt\n|faint|p2a: Armarouge\n|\n|upkeep\n|\n|t:|1683769017\n|switch|p2a: Indeedee|Indeedee-F, L50, F, shiny|100\/100\n|-fieldstart|move: Psychic Terrain|[from] ability: Psychic Surge|[of] p2a: Indeedee\n|turn|3\n|\n|t:|1683769035\n|-terastallize|p2b: Flamigo|Flying\n|move|p2b: Flamigo|Swords Dance|p2b: Flamigo\n|-boost|p2b: Flamigo|atk|2\n|move|p1b: Drifblim|Minimize|p1b: Drifblim\n|-boost|p1b: Drifblim|evasion|2\n|move|p2a: Indeedee|Psych Up|p2b: Flamigo\n|-copyboost|p2a: Indeedee|p2b: Flamigo|[from] move: Psych Up\n|move|p1a: Sableye|Knock Off|p2a: Indeedee\n|-supereffective|p2a: Indeedee\n|-damage|p2a: Indeedee|0 fnt\n|-enditem|p2a: Indeedee|Aguav Berry|[from] move: Knock Off|[of] p1a: Sableye\n|faint|p2a: Indeedee\n|\n|upkeep\n|\n|t:|1683769047\n|switch|p2a: Wugtrio|Wugtrio, L50, F, shiny|100\/100\n|turn|4\n|\n|t:|1683769068\n|move|p2b: Flamigo|Acrobatics|p1b: Drifblim|[miss]\n|-miss|p2b: Flamigo|p1b: Drifblim\n|move|p1b: Drifblim|Minimize|p1b: Drifblim\n|-boost|p1b: Drifblim|evasion|2\n|move|p2a: Wugtrio|Triple Dive|p1a: Sableye\n|-damage|p1a: Sableye|22\/100\n|-damage|p1a: Sableye|6\/100\n|-damage|p1a: Sableye|0 fnt\n|faint|p1a: Sableye\n|-hitcount|p1: Sableye|3\n|\n|upkeep\n|c|\u2606Axieo|u deserve to be in jail\n|\n|t:|1683769094\n|switch|p1a: Polteageist|Polteageist, L50|100\/100\n|turn|5\n|\n|t:|1683769116\n|move|p2b: Flamigo|Acrobatics|p1b: Drifblim|[miss]\n|-miss|p2b: Flamigo|p1b: Drifblim\n|move|p1b: Drifblim|Baton Pass|p1b: Drifblim\n|\n|t:|1683769120\n|switch|p1b: Mimikyu|Mimikyu, L50, F|100\/100|[from] Baton Pass\n|move|p2a: Wugtrio|Triple Dive|p1a: Polteageist\n|-damage|p1a: Polteageist|91\/100\n|-damage|p1a: Polteageist|81\/100\n|-crit|p1a: Polteageist\n|-damage|p1a: Polteageist|67\/100\n|-hitcount|p1a: Polteageist|3\n|move|p1a: Polteageist|Giga Drain|p2a: Wugtrio\n|-supereffective|p2a: Wugtrio\n|-damage|p2a: Wugtrio|22\/100\n|-heal|p1a: Polteageist|100\/100|[from] drain|[of] p2a: Wugtrio\n|\n|upkeep\n|turn|6\n|\n|t:|1683769141\n|move|p2b: Flamigo|Acrobatics|p1b: Mimikyu\n|-activate|p1b: Mimikyu|ability: Disguise\n|-damage|p1b: Mimikyu|100\/100\n|detailschange|p1b: Mimikyu|Mimikyu-Busted, L50, F\n|-damage|p1b: Mimikyu|88\/100|[from] pokemon: Mimikyu-Busted\n|move|p2a: Wugtrio|Memento|p1a: Polteageist\n|-unboost|p1a: Polteageist|atk|2\n|-unboost|p1a: Polteageist|spa|2\n|-enditem|p1a: Polteageist|White Herb\n|-clearnegativeboost|p1a: Polteageist|[silent]\n|faint|p2a: Wugtrio\n|move|p1b: Mimikyu|Swords Dance|p1b: Mimikyu\n|-boost|p1b: Mimikyu|atk|2\n|move|p1a: Polteageist|Giga Drain|p2b: Flamigo\n|-resisted|p2b: Flamigo\n|-damage|p2b: Flamigo|87\/100\n|\n|upkeep\n|turn|7\n|\n|t:|1683769176\n|move|p2b: Flamigo|Acrobatics|p1b: Mimikyu\n|-damage|p1b: Mimikyu|0 fnt\n|faint|p1b: Mimikyu\n|move|p1a: Polteageist|Shadow Ball|p2b: Flamigo\n|-damage|p2b: Flamigo|39\/100\n|\n|-fieldend|move: Psychic Terrain\n|upkeep\n|\n|t:|1683769183\n|switch|p1b: Drifblim|Drifblim, L50, M|49\/100\n|turn|8\n|\n|t:|1683769192\n|move|p2b: Flamigo|Roost|p2b: Flamigo\n|-heal|p2b: Flamigo|89\/100\n|-hint|If a Flying Terastallized Pokemon uses Roost, it remains Flying-type.\n|move|p1b: Drifblim|Minimize|p1b: Drifblim\n|-boost|p1b: Drifblim|evasion|2\n|move|p1a: Polteageist|Shadow Ball|p2b: Flamigo\n|-damage|p2b: Flamigo|42\/100\n|\n|upkeep\n|turn|9\n|\n|t:|1683769204\n|move|p2b: Flamigo|Acrobatics|p1a: Polteageist\n|-damage|p1a: Polteageist|0 fnt\n|faint|p1a: Polteageist\n|move|p1b: Drifblim|Minimize|p1b: Drifblim\n|-boost|p1b: Drifblim|evasion|2\n|\n|upkeep\n|turn|10\n|\n|t:|1683769211\n|move|p2b: Flamigo|Roost|p2b: Flamigo\n|-heal|p2b: Flamigo|93\/100\n|-hint|If a Flying Terastallized Pokemon uses Roost, it remains Flying-type.\n|move|p1b: Drifblim|Minimize|p1b: Drifblim\n|-boost|p1b: Drifblim|evasion|2\n|\n|upkeep\n|turn|11\n|\n|t:|1683769219\n|move|p2b: Flamigo|Acrobatics|p1b: Drifblim\n|-damage|p1b: Drifblim|0 fnt\n|faint|p1b: Drifblim\n|\n|win|Axieo\n|raw|Mike+Haunter's rating: 1140 → 1111<\/strong> (-29 for losing)\n|raw|Axieo's rating: 1083 → 1115<\/strong> (+32 for winning)\n|l|\u2606Mike+Haunter\n|c|\u2606Axieo|go to jail\n","uploadtime":1683769229,"views":17,"p1id":"mikehaunter","p2id":"axieo","formatid":"gen9vgc2023regulationc","rating":1111,"private":0,"password":""}