{"id":"gen9vgc2023regulationc-1862860553","p1":"eef99","p2":"Pinkleberry","format":"[Gen 9] VGC 2023 Regulation C","log":"|j|\u2606eef99\n|j|\u2606Pinkleberry\n|t:|1683930417\n|gametype|doubles\n|player|p1|eef99|2|1109\n|player|p2|Pinkleberry|idol|1095\n|teamsize|p1|6\n|teamsize|p2|6\n|gen|9\n|tier|[Gen 9] VGC 2023 Regulation C\n|rated|\n|rule|Species Clause: Limit one of each Pok\u00e9mon\n|rule|Item Clause: Limit one of each item\n|clearpoke\n|poke|p1|Talonflame, L50, F|\n|poke|p1|Brambleghast, L50, M|\n|poke|p1|Gholdengo, L50|\n|poke|p1|Pelipper, L50, M|\n|poke|p1|Roaring Moon, L50|\n|poke|p1|Iron Hands, L50|\n|poke|p2|Greedent, L50, M|\n|poke|p2|Ting-Lu, L50|\n|poke|p2|Flamigo, L50, M|\n|poke|p2|Bronzong, L50|\n|poke|p2|Gyarados, L50, F|\n|poke|p2|Rotom-Mow, L50|\n|teampreview|4\n|inactive|Battle timer is ON: inactive players will automatically lose when time's up. (requested by eef99)\neef99 has agreed to open team sheets.\nPinkleberry has agreed to open team sheets.\n|inactive|eef99 has 60 seconds left.\n|inactive|Pinkleberry has 60 seconds left.\n|\n|t:|1683930475\n|start\n|switch|p1a: Iron Hands|Iron Hands, L50|100\/100\n|switch|p1b: Talonflame|Talonflame, L50, F|100\/100\n|switch|p2a: Greedent|Greedent, L50, M|100\/100\n|switch|p2b: Gyarados|Gyarados, L50, F|100\/100\n|-ability|p2b: Gyarados|Intimidate|boost\n|-unboost|p1a: Iron Hands|atk|1\n|-unboost|p1b: Talonflame|atk|1\n|turn|1\n|inactive|Pinkleberry has 30 seconds left.\n|\n|t:|1683930501\n|move|p1a: Iron Hands|Fake Out|p2a: Greedent\n|-damage|p2a: Greedent|93\/100\n|move|p1b: Talonflame|Will-O-Wisp|p2b: Gyarados\n|-status|p2b: Gyarados|brn\n|move|p2b: Gyarados|Dragon Dance|p2b: Gyarados\n|-boost|p2b: Gyarados|atk|1\n|-boost|p2b: Gyarados|spe|1\n|cant|p2a: Greedent|flinch\n|\n|-damage|p2b: Gyarados|95\/100 brn|[from] brn\n|upkeep\n|turn|2\n|\n|t:|1683930525\n|switch|p2a: Flamigo|Flamigo, L50, M|100\/100\n|-copyboost|p2a: Flamigo|p2b: Gyarados|[from] ability: Costar\n|move|p1b: Talonflame|Tailwind|p1b: Talonflame\n|-sidestart|p1: eef99|move: Tailwind\n|move|p2b: Gyarados|Earthquake|p1a: Iron Hands|[spread] p1a\n|-immune|p2a: Flamigo\n|-immune|p1b: Talonflame\n|-supereffective|p1a: Iron Hands\n|-damage|p1a: Iron Hands|71\/100\n|move|p1a: Iron Hands|Wild Charge|p2b: Gyarados\n|-supereffective|p2b: Gyarados\n|-damage|p2b: Gyarados|0 fnt\n|faint|p2b: Gyarados\n|-damage|p1a: Iron Hands|55\/100|[from] Recoil\n|\n|upkeep\n|\n|t:|1683930543\n|switch|p2b: Rotom|Rotom-Mow, L50|100\/100\n|turn|3\n|\n|t:|1683930565\n|move|p2a: Flamigo|Detect|p2a: Flamigo\n|-singleturn|p2a: Flamigo|Protect\n|move|p1b: Talonflame|Brave Bird|p2a: Flamigo\n|-activate|p2a: Flamigo|move: Protect\n|move|p1a: Iron Hands|Volt Switch|p2a: Flamigo\n|-activate|p2a: Flamigo|move: Protect\n|move|p2b: Rotom|Thunderbolt|p1b: Talonflame\n|-supereffective|p1b: Talonflame\n|-damage|p1b: Talonflame|0 fnt\n|faint|p1b: Talonflame\n|\n|upkeep\n|\n|t:|1683930579\n|switch|p1b: Brambleghast|Brambleghast, L50, M|100\/100\n|-ability|p1b: Brambleghast|Wind Rider|boost\n|-boost|p1b: Brambleghast|atk|1\n|turn|4\n|inactive|Pinkleberry has 30 seconds left.\n|inactive|Pinkleberry has 20 seconds left.\n|\n|t:|1683930618\n|-end|p1a: Iron Hands|Quark Drive|[silent]\n|switch|p1a: Roaring Moon|Roaring Moon, L50|100\/100\n|-enditem|p1a: Roaring Moon|Booster Energy\n|-activate|p1a: Roaring Moon|ability: Protosynthesis|[fromitem]\n|-start|p1a: Roaring Moon|protosynthesisatk\n|-terastallize|p1b: Brambleghast|Ice\n|move|p1b: Brambleghast|Tera Blast|p2b: Rotom\n|-supereffective|p2b: Rotom\n|-damage|p2b: Rotom|0 fnt\n|faint|p2b: Rotom\n|-damage|p1b: Brambleghast|91\/100|[from] item: Life Orb\n|move|p2a: Flamigo|Brave Bird|p1b: Brambleghast\n|-damage|p1b: Brambleghast|0 fnt\n|faint|p1b: Brambleghast\n|-damage|p2a: Flamigo|76\/100|[from] Recoil\n|-damage|p2a: Flamigo|67\/100|[from] item: Life Orb\n|\n|upkeep\n|\n|t:|1683930635\n|switch|p1b: Iron Hands|Iron Hands, L50|55\/100\n|switch|p2b: Greedent|Greedent, L50, M|93\/100\n|turn|5\n|\n|t:|1683930654\n|-terastallize|p2b: Greedent|Ghost\n|move|p2a: Flamigo|Detect|p2a: Flamigo\n|-singleturn|p2a: Flamigo|Protect\n|move|p1b: Iron Hands|Fake Out|p2a: Flamigo\n|-activate|p2a: Flamigo|move: Protect\n|move|p1a: Roaring Moon|Dragon Dance|p1a: Roaring Moon\n|-boost|p1a: Roaring Moon|atk|1\n|-boost|p1a: Roaring Moon|spe|1\n|move|p2b: Greedent|Stuff Cheeks|p2b: Greedent\n|-boost|p2b: Greedent|def|2\n|-enditem|p2b: Greedent|Salac Berry|[eat]\n|-boost|p2b: Greedent|spe|1|[from] item: Salac Berry\n|-heal|p2b: Greedent|100\/100|[from] ability: Cheek Pouch\n|\n|-sideend|p1: eef99|move: Tailwind\n|upkeep\n|turn|6\n|inactive|eef99 has 30 seconds left.\n|inactive|Pinkleberry has 30 seconds left.\n|\n|t:|1683930687\n|move|p1a: Roaring Moon|Acrobatics|p2a: Flamigo\n|-supereffective|p2a: Flamigo\n|-damage|p2a: Flamigo|0 fnt\n|faint|p2a: Flamigo\n|move|p1b: Iron Hands|Wild Charge|p2b: Greedent\n|-damage|p2b: Greedent|81\/100\n|-damage|p1b: Iron Hands|50\/100|[from] Recoil\n|move|p2b: Greedent|Body Press|p1a: Roaring Moon\n|-supereffective|p1a: Roaring Moon\n|-damage|p1a: Roaring Moon|10\/100\n|\n|upkeep\n|turn|7\n|\n|t:|1683930702\n|move|p1a: Roaring Moon|Protect|p1a: Roaring Moon\n|-singleturn|p1a: Roaring Moon|Protect\n|move|p1b: Iron Hands|Wild Charge|p2b: Greedent\n|-damage|p2b: Greedent|60\/100\n|-damage|p1b: Iron Hands|45\/100|[from] Recoil\n|move|p2b: Greedent|Body Press|p1a: Roaring Moon\n|-activate|p1a: Roaring Moon|move: Protect\n|\n|upkeep\n|turn|8\n|\n|t:|1683930715\n|move|p1a: Roaring Moon|Crunch|p2b: Greedent\n|-supereffective|p2b: Greedent\n|-damage|p2b: Greedent|0 fnt\n|faint|p2b: Greedent\n|\n|win|eef99\n|raw|eef99's rating: 1109 → 1133<\/strong> (+24 for winning)\n|raw|Pinkleberry's rating: 1095 → 1072<\/strong> (-23 for losing)\n","uploadtime":1683930721,"views":13,"p1id":"eef99","p2id":"pinkleberry","formatid":"gen9vgc2023regulationc","rating":1072,"private":0,"password":""}