{"id":"gen9vgc2023regulationc-1858214144","p1":"PokeReplaysVGC","p2":"NidoRich","format":"[Gen 9] VGC 2023 Regulation C","log":"|j|\u2606PokeReplaysVGC\n|j|\u2606NidoRich\n|t:|1683291794\n|gametype|doubles\n|player|p1|PokeReplaysVGC|170|\n|player|p2|NidoRich|170|\n|teamsize|p1|6\n|teamsize|p2|6\n|gen|9\n|tier|[Gen 9] VGC 2023 Regulation C\n|rule|Species Clause: Limit one of each Pok\u00e9mon\n|rule|Item Clause: Limit one of each item\n|clearpoke\n|poke|p1|Iron Bundle, L50|\n|poke|p1|Abomasnow, L50, M|\n|poke|p1|Talonflame, L50, F|\n|poke|p1|Great Tusk, L50|\n|poke|p1|Flutter Mane, L50|\n|poke|p1|Arcanine, L50, M|\n|poke|p2|Iron Bundle, L50|\n|poke|p2|Chi-Yu, L50|\n|poke|p2|Amoonguss, L50, M|\n|poke|p2|Grimmsnarl, L50, M|\n|poke|p2|Flutter Mane, L50|\n|poke|p2|Iron Hands, L50|\n|teampreview|4\nNidoRich has agreed to open team sheets.\n|c|\u2606PokeReplaysVGC|glhf\nPokeReplaysVGC has agreed to open team sheets.\n|c|\u2606NidoRich|Game 1\n|\n|t:|1683291959\n|start\n|switch|p1a: Flutter Mane|Flutter Mane, L50|100\/100\n|switch|p1b: Iron Bundle|Iron Bundle, L50|100\/100\n|switch|p2a: Grimmsnarl|Grimmsnarl, L50, M, shiny|100\/100\n|switch|p2b: Flutter Mane|Flutter Mane, L50|100\/100\n|-enditem|p1b: Iron Bundle|Booster Energy\n|-activate|p1b: Iron Bundle|ability: Quark Drive|[fromitem]\n|-start|p1b: Iron Bundle|quarkdrivespe\n|turn|1\n|\n|t:|1683291999\n|-terastallize|p1a: Flutter Mane|Fairy\n|move|p2a: Grimmsnarl|Fake Tears|p1a: Flutter Mane\n|-unboost|p1a: Flutter Mane|spd|2\n|move|p1b: Iron Bundle|Blizzard|p2a: Grimmsnarl|[spread] \n|-miss|p1b: Iron Bundle|p2a: Grimmsnarl\n|-miss|p1b: Iron Bundle|p2b: Flutter Mane\n|move|p2b: Flutter Mane|Shadow Ball|p1a: Flutter Mane\n|-damage|p1a: Flutter Mane|0 fnt\n|faint|p1a: Flutter Mane\n|-end|p1a: Flutter Mane|Protosynthesis|[silent]\n|\n|upkeep\n|\n|t:|1683292009\n|switch|p1a: Arcanine|Arcanine, L50, M|100\/100\n|-ability|p1a: Arcanine|Intimidate|boost\n|-unboost|p2a: Grimmsnarl|atk|1\n|-unboost|p2b: Flutter Mane|atk|1\n|turn|2\n|\n|t:|1683292038\n|switch|p1a: Abomasnow|Abomasnow, L50, M|100\/100\n|-weather|Snow|[from] ability: Snow Warning|[of] p1a: Abomasnow\n|-terastallize|p2b: Flutter Mane|Water\n|move|p2a: Grimmsnarl|Light Screen|p2a: Grimmsnarl\n|-sidestart|p2: NidoRich|move: Light Screen\n|move|p1b: Iron Bundle|Blizzard|p2b: Flutter Mane|[spread] p2a,p2b\n|-resisted|p2b: Flutter Mane\n|-damage|p2a: Grimmsnarl|78\/100\n|-damage|p2b: Flutter Mane|87\/100\n|move|p2b: Flutter Mane|Shadow Ball|p1b: Iron Bundle\n|-damage|p1b: Iron Bundle|0 fnt\n|faint|p1b: Iron Bundle\n|-end|p1b: Iron Bundle|Quark Drive|[silent]\n|\n|-weather|Snow|[upkeep]\n|upkeep\n|\n|t:|1683292049\n|switch|p1b: Arcanine|Arcanine, L50, M|100\/100\n|-ability|p1b: Arcanine|Intimidate|boost\n|-unboost|p2a: Grimmsnarl|atk|1\n|-unboost|p2b: Flutter Mane|atk|1\n|turn|3\n|\n|t:|1683292074\n|move|p1b: Arcanine|Protect|p1b: Arcanine\n|-singleturn|p1b: Arcanine|Protect\n|move|p2a: Grimmsnarl|Fake Tears|p1b: Arcanine\n|-activate|p1b: Arcanine|move: Protect\n|move|p2b: Flutter Mane|Shadow Ball|p1b: Arcanine\n|-activate|p1b: Arcanine|move: Protect\n|move|p1a: Abomasnow|Aurora Veil|p1a: Abomasnow\n|-sidestart|p1: PokeReplaysVGC|move: Aurora Veil\n|\n|-weather|Snow|[upkeep]\n|upkeep\n|turn|4\n|\n|t:|1683292092\n|move|p1b: Arcanine|Extreme Speed|p2b: Flutter Mane\n|-damage|p2b: Flutter Mane|43\/100\n|move|p2a: Grimmsnarl|Fake Tears|p1b: Arcanine\n|-unboost|p1b: Arcanine|spd|2\n|move|p2b: Flutter Mane|Shadow Ball|p1b: Arcanine\n|-damage|p1b: Arcanine|15\/100\n|move|p1a: Abomasnow|Blizzard|p2b: Flutter Mane|[spread] p2a,p2b\n|-resisted|p2b: Flutter Mane\n|-damage|p2a: Grimmsnarl|58\/100\n|-damage|p2b: Flutter Mane|30\/100\n|-status|p2b: Flutter Mane|frz\n|\n|-weather|Snow|[upkeep]\n|upkeep\n|turn|5\n|\n|t:|1683292115\n|move|p1b: Arcanine|Extreme Speed|p2a: Grimmsnarl\n|-damage|p2a: Grimmsnarl|29\/100\n|cant|p2b: Flutter Mane|frz\n|move|p1a: Abomasnow|Blizzard|p2b: Flutter Mane|[spread] p2a,p2b\n|-resisted|p2b: Flutter Mane\n|-damage|p2a: Grimmsnarl|9\/100\n|-damage|p2b: Flutter Mane|18\/100 frz\n|move|p2a: Grimmsnarl|Foul Play|p1b: Arcanine\n|-damage|p1b: Arcanine|0 fnt\n|faint|p1b: Arcanine\n|\n|-weather|Snow|[upkeep]\n|upkeep\n|turn|6\n|\n|t:|1683292134\n|move|p2a: Grimmsnarl|Fake Tears|p1a: Abomasnow\n|-unboost|p1a: Abomasnow|spd|2\n|cant|p2b: Flutter Mane|frz\n|move|p1a: Abomasnow|Blizzard|p2b: Flutter Mane|[spread] p2a,p2b\n|-resisted|p2b: Flutter Mane\n|-damage|p2a: Grimmsnarl|0 fnt\n|-damage|p2b: Flutter Mane|6\/100 frz\n|faint|p2a: Grimmsnarl\n|\n|-weather|none\n|upkeep\n|\n|t:|1683292149\n|switch|p2a: Iron Hands|Iron Hands, L50, shiny|100\/100\n|turn|7\n|\n|t:|1683292155\n|move|p2a: Iron Hands|Fake Out|p1a: Abomasnow\n|-damage|p1a: Abomasnow|89\/100\n|-curestatus|p2b: Flutter Mane|frz|[msg]\n|move|p2b: Flutter Mane|Shadow Ball|p1a: Abomasnow\n|-damage|p1a: Abomasnow|0 fnt\n|faint|p1a: Abomasnow\n|\n|win|NidoRich\n|c|\u2606PokeReplaysVGC|gg\n|c|\u2606NidoRich|Gg\n","uploadtime":1683292161,"views":34,"p1id":"pokereplaysvgc","p2id":"nidorich","formatid":"gen9vgc2023regulationc","rating":0,"private":0,"password":""}