{"id":"gen9vgc2023regulationc-1852259241","p1":"kajashi","p2":"DuelLuna","format":"[Gen 9] VGC 2023 Regulation C","log":"|j|\u2606kajashi\n|j|\u2606DuelLuna\n|t:|1682537585\n|gametype|doubles\n|player|p1|kajashi|n|\n|player|p2|DuelLuna|caitlin|\n|teamsize|p1|6\n|teamsize|p2|6\n|gen|9\n|tier|[Gen 9] VGC 2023 Regulation C\n|rule|Species Clause: Limit one of each Pok\u00e9mon\n|rule|Item Clause: Limit one of each item\n|clearpoke\n|poke|p1|Gyarados, L50, M|\n|poke|p1|Chi-Yu, L50|\n|poke|p1|Iron Hands, L50|\n|poke|p1|Kingambit, L50, M|\n|poke|p1|Amoonguss, L50, F|\n|poke|p1|Flutter Mane, L50|\n|poke|p2|Gholdengo, L50|\n|poke|p2|Maushold, L50|\n|poke|p2|Iron Bundle, L50|\n|poke|p2|Garchomp, L50, M|\n|poke|p2|Talonflame, L50, M|\n|poke|p2|Iron Hands, L50|\n|teampreview|4\nDuelLuna has agreed to open team sheets.\nkajashi has agreed to open team sheets.\n|\n|t:|1682537681\n|start\n|switch|p1a: Chi-Yu|Chi-Yu, L50|100\/100\n|switch|p1b: Flutter Mane|Flutter Mane, L50|100\/100\n|switch|p2a: Birdman|Garchomp, L50, M|100\/100\n|switch|p2b: Bolt the birb|Talonflame, L50, M|100\/100\n|-ability|p1a: Chi-Yu|Beads of Ruin\n|-enditem|p1b: Flutter Mane|Booster Energy\n|-activate|p1b: Flutter Mane|ability: Protosynthesis|[fromitem]\n|-start|p1b: Flutter Mane|protosynthesisspa\n|turn|1\n|\n|t:|1682537716\n|switch|p1a: Gyarados|Gyarados, L50, M|100\/100\n|-ability|p1a: Gyarados|Intimidate|boost\n|-unboost|p2a: Birdman|atk|1\n|-unboost|p2b: Bolt the birb|atk|1\n|-terastallize|p2a: Birdman|Fire\n|move|p2b: Bolt the birb|Tailwind|p2b: Bolt the birb\n|-sidestart|p2: DuelLuna|move: Tailwind\n|move|p2a: Birdman|Earthquake|p1b: Flutter Mane|[spread] p1b\n|-immune|p2b: Bolt the birb\n|-immune|p1a: Gyarados\n|-damage|p1b: Flutter Mane|48\/100\n|-damage|p2a: Birdman|91\/100|[from] item: Life Orb\n|move|p1b: Flutter Mane|Shadow Ball|p2a: Birdman\n|-damage|p2a: Birdman|33\/100\n|\n|upkeep\n|turn|2\n|\n|t:|1682537779\n|switch|p2b: Ordinance|Iron Bundle, L50|100\/100\n|-enditem|p2b: Ordinance|Booster Energy\n|-activate|p2b: Ordinance|ability: Quark Drive|[fromitem]\n|-start|p2b: Ordinance|quarkdrivespe\n|move|p2a: Birdman|Protect|p2a: Birdman\n|-singleturn|p2a: Birdman|Protect\n|move|p1b: Flutter Mane|Protect|p1b: Flutter Mane\n|-singleturn|p1b: Flutter Mane|Protect\n|move|p1a: Gyarados|Thunder Wave|p2a: Birdman\n|-activate|p2a: Birdman|move: Protect\n|\n|upkeep\n|turn|3\n|\n|t:|1682537827\n|-end|p1b: Flutter Mane|Protosynthesis|[silent]\n|switch|p1b: Iron Hands|Iron Hands, L50|100\/100\n|move|p2b: Ordinance|Freeze-Dry|p1a: Gyarados\n|-supereffective|p1a: Gyarados\n|-damage|p1a: Gyarados|0 fnt\n|faint|p1a: Gyarados\n|move|p2a: Birdman|Earthquake|p1b: Iron Hands|[spread] p2b,p1b\n|-supereffective|p1b: Iron Hands\n|-damage|p2b: Ordinance|62\/100\n|-damage|p1b: Iron Hands|55\/100\n|-damage|p2a: Birdman|23\/100|[from] item: Life Orb\n|\n|upkeep\n|\n|t:|1682537849\n|switch|p1a: Flutter Mane|Flutter Mane, L50|48\/100\n|turn|4\n|\n|t:|1682537871\n|-end|p2b: Ordinance|Quark Drive|[silent]\n|switch|p2b: Bolt the birb|Talonflame, L50, M|100\/100\n|move|p1a: Flutter Mane|Protect|p1a: Flutter Mane\n|-singleturn|p1a: Flutter Mane|Protect\n|move|p2a: Birdman|Earthquake|p1a: Flutter Mane|[spread] p1b\n|-activate|p1a: Flutter Mane|move: Protect\n|-immune|p2b: Bolt the birb\n|-supereffective|p1b: Iron Hands\n|-damage|p1b: Iron Hands|10\/100\n|-damage|p2a: Birdman|14\/100|[from] item: Life Orb\n|move|p1b: Iron Hands|Drain Punch|p2b: Bolt the birb\n|-resisted|p2b: Bolt the birb\n|-damage|p2b: Bolt the birb|72\/100\n|-heal|p1b: Iron Hands|19\/100|[from] drain|[of] p2b: Bolt the birb\n|\n|-sideend|p2: DuelLuna|move: Tailwind\n|upkeep\n|turn|5\n|\n|t:|1682537898\n|move|p2b: Bolt the birb|Tailwind|p2b: Bolt the birb\n|-sidestart|p2: DuelLuna|move: Tailwind\n|move|p2a: Birdman|Earthquake|p1a: Flutter Mane|[spread] p1a,p1b\n|-immune|p2b: Bolt the birb\n|-supereffective|p1b: Iron Hands\n|-damage|p1a: Flutter Mane|0 fnt\n|-damage|p1b: Iron Hands|0 fnt\n|faint|p1a: Flutter Mane\n|-end|p1a: Flutter Mane|Protosynthesis|[silent]\n|faint|p1b: Iron Hands\n|-end|p1b: Iron Hands|Quark Drive|[silent]\n|-damage|p2a: Birdman|4\/100|[from] item: Life Orb\n|\n|upkeep\n|c|\u2606kajashi|gg\n|c|\u2606DuelLuna|Gg\n|\n|t:|1682537910\n|switch|p1b: Chi-Yu|Chi-Yu, L50|100\/100\n|-ability|p1b: Chi-Yu|Beads of Ruin\n|turn|6\n|\n|t:|1682537925\n|move|p2b: Bolt the birb|Brave Bird|p1b: Chi-Yu\n|-damage|p1b: Chi-Yu|29\/100\n|-damage|p2b: Bolt the birb|52\/100|[from] Recoil\n|move|p2a: Birdman|Stomping Tantrum|p1b: Chi-Yu\n|-supereffective|p1b: Chi-Yu\n|-damage|p1b: Chi-Yu|0 fnt\n|faint|p1b: Chi-Yu\n|-damage|p2a: Birdman|0 fnt|[from] item: Life Orb\n|faint|p2a: Birdman\n|\n|win|DuelLuna\n|c|\u2606kajashi|i thought i could live the freeze dry\n","uploadtime":1682537934,"views":87,"p1id":"kajashi","p2id":"duelluna","formatid":"gen9vgc2023regulationc","rating":0,"private":0,"password":""}