{"id":"gen9vgc2023regulationc-1845956059","p1":"Hashitashimaru","p2":"peytoncookie","format":"[Gen 9] VGC 2023 Regulation C","log":"|j|\u2606Hashitashimaru\n|j|\u2606peytoncookie\n|t:|1681783604\n|gametype|doubles\n|player|p1|Hashitashimaru|drayden|1248\n|player|p2|peytoncookie|ninjaboy|1241\n|teamsize|p1|6\n|teamsize|p2|6\n|gen|9\n|tier|[Gen 9] VGC 2023 Regulation C\n|rated|\n|rule|Species Clause: Limit one of each Pok\u00e9mon\n|rule|Item Clause: Limit one of each item\n|clearpoke\n|poke|p1|Grimmsnarl, L50, M|\n|poke|p1|Great Tusk, L50|\n|poke|p1|Armarouge, L50, M|\n|poke|p1|Corviknight, L50, M|\n|poke|p1|Tyranitar, L50, M|\n|poke|p1|Clawitzer, L50, M|\n|poke|p2|Gothitelle, L50, F|\n|poke|p2|Scream Tail, L50|\n|poke|p2|Arcanine, L50, M|\n|poke|p2|Ting-Lu, L50|\n|poke|p2|Flutter Mane, L50|\n|poke|p2|Palafin, L50, F|\n|teampreview|4\n|inactive|Battle timer is ON: inactive players will automatically lose when time's up. (requested by Hashitashimaru)\npeytoncookie has agreed to open team sheets.\n|inactive|Hashitashimaru has 60 seconds left.\n|inactive|peytoncookie has 60 seconds left.\n|inactive|Hashitashimaru has 30 seconds left.\n|\n|t:|1681783666\n|start\n|switch|p1a: Don Quixote|Corviknight, L50, M, shiny|100\/100\n|switch|p1b: Gucci Godzilla|Tyranitar, L50, M|100\/100\n|switch|p2a: Gothitelle|Gothitelle, L50, F|100\/100\n|switch|p2b: Palafin|Palafin, L50, F|100\/100\n|-weather|Sandstorm|[from] ability: Sand Stream|[of] p1b: Gucci Godzilla\n|turn|1\n|inactive|peytoncookie has 30 seconds left.\n|\n|t:|1681783695\n|-terastallize|p2b: Palafin|Water\n|move|p2a: Gothitelle|Fake Out|p1b: Gucci Godzilla\n|-resisted|p1b: Gucci Godzilla\n|-damage|p1b: Gucci Godzilla|98\/100\n|move|p2b: Palafin|Jet Punch|p1b: Gucci Godzilla\n|-supereffective|p1b: Gucci Godzilla\n|-damage|p1b: Gucci Godzilla|34\/100\n|move|p1a: Don Quixote|Bulk Up|p1a: Don Quixote\n|-boost|p1a: Don Quixote|atk|1\n|-boost|p1a: Don Quixote|def|1\n|cant|p1b: Gucci Godzilla|flinch\n|\n|-weather|Sandstorm|[upkeep]\n|-damage|p2b: Palafin|94\/100|[from] Sandstorm\n|-damage|p2a: Gothitelle|94\/100|[from] Sandstorm\n|upkeep\n|turn|2\n|inactive|Hashitashimaru has 30 seconds left.\n|\n|t:|1681783729\n|move|p2a: Gothitelle|Protect|p2a: Gothitelle\n|-singleturn|p2a: Gothitelle|Protect\n|move|p2b: Palafin|Haze|p2b: Palafin\n|-clearallboost\n|move|p1a: Don Quixote|Bulk Up|p1a: Don Quixote\n|-boost|p1a: Don Quixote|atk|1\n|-boost|p1a: Don Quixote|def|1\n|move|p1b: Gucci Godzilla|Crunch|p2a: Gothitelle\n|-activate|p2a: Gothitelle|move: Protect\n|\n|-weather|Sandstorm|[upkeep]\n|-damage|p2b: Palafin|88\/100|[from] Sandstorm\n|-damage|p2a: Gothitelle|88\/100|[from] Sandstorm\n|upkeep\n|turn|3\n|inactive|peytoncookie has 30 seconds left.\n|\n|t:|1681783754\n|switch|p2a: Scream Tail|Scream Tail, L50, shiny|100\/100\n|-enditem|p2a: Scream Tail|Booster Energy\n|-activate|p2a: Scream Tail|ability: Protosynthesis|[fromitem]\n|-start|p2a: Scream Tail|protosynthesisspe\n|move|p2b: Palafin|Jet Punch|p1b: Gucci Godzilla\n|-supereffective|p1b: Gucci Godzilla\n|-damage|p1b: Gucci Godzilla|0 fnt\n|faint|p1b: Gucci Godzilla\n|move|p1a: Don Quixote|Brave Bird|p2b: Palafin\n|-damage|p2b: Palafin|5\/100\n|-damage|p1a: Don Quixote|69\/100|[from] Recoil\n|\n|-weather|Sandstorm|[upkeep]\n|-damage|p2a: Scream Tail|95\/100|[from] Sandstorm\n|-damage|p2b: Palafin|0 fnt|[from] Sandstorm\n|faint|p2b: Palafin\n|-heal|p1a: Don Quixote|75\/100|[from] item: Leftovers\n|upkeep\n|\n|t:|1681783774\n|switch|p2b: Gothitelle|Gothitelle, L50, F|88\/100\n|switch|p1b: Orcbolg|Grimmsnarl, L50, M|100\/100\n|turn|4\n|\n|t:|1681783787\n|move|p2b: Gothitelle|Fake Out|p1a: Don Quixote\n|-resisted|p1a: Don Quixote\n|-damage|p1a: Don Quixote|73\/100\n|move|p1b: Orcbolg|Light Screen|p1b: Orcbolg\n|-sidestart|p1: Hashitashimaru|move: Light Screen\n|move|p2a: Scream Tail|Perish Song|p2a: Scream Tail\n|-start|p1a: Don Quixote|perish3|[silent]\n|-start|p1b: Orcbolg|perish3|[silent]\n|-start|p2a: Scream Tail|perish3|[silent]\n|-start|p2b: Gothitelle|perish3|[silent]\n|-fieldactivate|move: Perish Song\n|cant|p1a: Don Quixote|flinch\n|\n|-weather|Sandstorm|[upkeep]\n|-damage|p2a: Scream Tail|89\/100|[from] Sandstorm\n|-damage|p2b: Gothitelle|82\/100|[from] Sandstorm\n|-damage|p1b: Orcbolg|95\/100|[from] Sandstorm\n|-heal|p1a: Don Quixote|79\/100|[from] item: Leftovers\n|-start|p2a: Scream Tail|perish3\n|-start|p1a: Don Quixote|perish3\n|-start|p2b: Gothitelle|perish3\n|-start|p1b: Orcbolg|perish3\n|upkeep\n|turn|5\n|inactive|peytoncookie has 30 seconds left.\n|\n|t:|1681783814\n|move|p2a: Scream Tail|Disable|p1a: Don Quixote\n|-start|p1a: Don Quixote|Disable|Brave Bird\n|move|p1a: Don Quixote|Iron Head|p2a: Scream Tail\n|-supereffective|p2a: Scream Tail\n|-damage|p2a: Scream Tail|10\/100\n|move|p2b: Gothitelle|Heal Pulse|p2a: Scream Tail\n|-heal|p2a: Scream Tail|60\/100\n|move|p1b: Orcbolg|Spirit Break|p2a: Scream Tail\n|-damage|p2a: Scream Tail|29\/100\n|-unboost|p2a: Scream Tail|spa|1\n|\n|-weather|none\n|-heal|p1a: Don Quixote|85\/100|[from] item: Leftovers\n|-start|p2a: Scream Tail|perish2\n|-start|p1a: Don Quixote|perish2\n|-start|p2b: Gothitelle|perish2\n|-start|p1b: Orcbolg|perish2\n|upkeep\n|turn|6\n|inactive|Hashitashimaru has 30 seconds left.\n|\n|t:|1681783845\n|move|p2a: Scream Tail|Protect|p2a: Scream Tail\n|-singleturn|p2a: Scream Tail|Protect\n|move|p2b: Gothitelle|Protect|p2b: Gothitelle\n|-singleturn|p2b: Gothitelle|Protect\n|move|p1a: Don Quixote|Iron Head|p2a: Scream Tail\n|-activate|p2a: Scream Tail|move: Protect\n|move|p1b: Orcbolg|Spirit Break|p2b: Gothitelle\n|-activate|p2b: Gothitelle|move: Protect\n|\n|-heal|p1a: Don Quixote|91\/100|[from] item: Leftovers\n|-start|p2a: Scream Tail|perish1\n|-start|p1a: Don Quixote|perish1\n|-start|p2b: Gothitelle|perish1\n|-start|p1b: Orcbolg|perish1\n|upkeep\n|turn|7\n|inactive|Hashitashimaru has 30 seconds left.\n|inactive|peytoncookie has 30 seconds left.\n|\n|t:|1681783878\n|move|p2a: Scream Tail|Disable||[still]\n|-fail|p2a: Scream Tail\n|move|p1a: Don Quixote|Iron Head|p2b: Gothitelle\n|-damage|p2b: Gothitelle|33\/100\n|-enditem|p2b: Gothitelle|Sitrus Berry|[eat]\n|-heal|p2b: Gothitelle|58\/100|[from] item: Sitrus Berry\n|move|p2b: Gothitelle|Heal Pulse|p2a: Scream Tail\n|-heal|p2a: Scream Tail|79\/100\n|move|p1b: Orcbolg|Spirit Break|p2b: Gothitelle\n|-damage|p2b: Gothitelle|20\/100\n|-unboost|p2b: Gothitelle|spa|1\n|\n|-heal|p1a: Don Quixote|96\/100|[from] item: Leftovers\n|-start|p2a: Scream Tail|perish0\n|-start|p1a: Don Quixote|perish0\n|-start|p2b: Gothitelle|perish0\n|-start|p1b: Orcbolg|perish0\n|faint|p2a: Scream Tail\n|-end|p2a: Scream Tail|Protosynthesis|[silent]\n|faint|p1a: Don Quixote\n|faint|p2b: Gothitelle\n|faint|p1b: Orcbolg\n|upkeep\n|\n|t:|1681783902\n|switch|p1a: Don Fuego|Armarouge, L50, M|100\/100\n|switch|p2b: Flutter Mane|Flutter Mane, L50|100\/100\n|turn|8\n|inactive|Hashitashimaru has 30 seconds left.\n|inactive|Hashitashimaru has 20 seconds left.\n|\n|t:|1681783940\n|move|p2b: Flutter Mane|Shadow Ball|p1a: Don Fuego\n|-supereffective|p1a: Don Fuego\n|-damage|p1a: Don Fuego|44\/100\n|move|p1a: Don Fuego|Trick Room|p1a: Don Fuego\n|-fieldstart|move: Trick Room|[of] p1a: Don Fuego\n|\n|upkeep\n|turn|9\n|\n|t:|1681783950\n|move|p1a: Don Fuego|Armor Cannon|p2b: Flutter Mane\n|-damage|p2b: Flutter Mane|30\/100\n|-unboost|p1a: Don Fuego|def|1\n|-unboost|p1a: Don Fuego|spd|1\n|move|p2b: Flutter Mane|Shadow Ball|p1a: Don Fuego\n|-supereffective|p1a: Don Fuego\n|-damage|p1a: Don Fuego|0 fnt\n|faint|p1a: Don Fuego\n|\n|win|peytoncookie\n|raw|Hashitashimaru's rating: 1248 → 1222<\/strong> (-26 for losing)\n|raw|peytoncookie's rating: 1241 → 1267<\/strong> (+26 for winning)\n|l|\u2606Hashitashimaru\n","uploadtime":1681785987,"views":11,"p1id":"hashitashimaru","p2id":"peytoncookie","formatid":"gen9vgc2023regulationc","rating":1222,"private":0,"password":""}