{"id":"gen9vgc2023regulationc-1856311810","p1":"RitmanTesting1","p2":"Wata97","format":"[Gen 9] VGC 2023 Regulation C","log":"|j|\u2606RitmanTesting1\n|j|\u2606Wata97\n|t:|1683049854\n|gametype|doubles\n|player|p1|RitmanTesting1|byron|1509\n|player|p2|Wata97|steven|1583\n|teamsize|p1|6\n|teamsize|p2|6\n|gen|9\n|tier|[Gen 9] VGC 2023 Regulation C\n|rated|\n|rule|Species Clause: Limit one of each Pok\u00e9mon\n|rule|Item Clause: Limit one of each item\n|clearpoke\n|poke|p1|Arcanine, L50, F|\n|poke|p1|Flutter Mane, L50|\n|poke|p1|Rotom-Wash, L50|\n|poke|p1|Wo-Chien, L50|\n|poke|p1|Glimmora, L50, F|\n|poke|p1|Baxcalibur, L50, M|\n|poke|p2|Amoonguss, L50, M|\n|poke|p2|Dragonite, L50, F|\n|poke|p2|Chien-Pao, L50|\n|poke|p2|Gholdengo, L50|\n|poke|p2|Garchomp, L50, M|\n|poke|p2|Azumarill, L50, F|\n|teampreview|4\n|inactive|Battle timer is ON: inactive players will automatically lose when time's up. (requested by RitmanTesting1)\nRitmanTesting1 has agreed to open team sheets.\n|\n|t:|1683049880\n|start\n|switch|p1a: Arcanine|Arcanine, L50, F|100\/100\n|switch|p1b: Glimmora|Glimmora, L50, F|100\/100\n|switch|p2a: Gholdengo|Gholdengo, L50|100\/100\n|switch|p2b: Garchomp|Garchomp, L50, M|100\/100\n|-ability|p1a: Arcanine|Intimidate|boost\n|-unboost|p2a: Gholdengo|atk|1\n|-fail|p2b: Garchomp|unboost|[from] item: Clear Amulet|[of] p2b: Garchomp\n|turn|1\n|j| Sc2Nova\n|\n|t:|1683049897\n|switch|p1a: Wo-Chien|Wo-Chien, L50|100\/100\n|-ability|p1a: Wo-Chien|Tablets of Ruin\n|-terastallize|p2b: Garchomp|Fire\n|-terastallize|p1b: Glimmora|Grass\n|move|p2a: Gholdengo|Make It Rain|p1a: Wo-Chien|[spread] p1a,p1b\n|-damage|p1a: Wo-Chien|70\/100\n|-damage|p1b: Glimmora|67\/100\n|-unboost|p2a: Gholdengo|spa|1\n|move|p2b: Garchomp|Stomping Tantrum|p1a: Wo-Chien\n|-resisted|p1a: Wo-Chien\n|-damage|p1a: Wo-Chien|58\/100\n|move|p1b: Glimmora|Earth Power|p2a: Gholdengo\n|-supereffective|p2a: Gholdengo\n|-damage|p2a: Gholdengo|19\/100\n|\n|-heal|p1a: Wo-Chien|65\/100|[from] item: Leftovers\n|upkeep\n|turn|2\n|\n|t:|1683049921\n|switch|p2a: Chien-Pao|Chien-Pao, L50|100\/100\n|-ability|p2a: Chien-Pao|Sword of Ruin\n|move|p2b: Garchomp|Rock Slide|p1a: Wo-Chien|[spread] p1a\n|-miss|p2b: Garchomp|p1b: Glimmora\n|-damage|p1a: Wo-Chien|49\/100\n|move|p1b: Glimmora|Earth Power|p2b: Garchomp\n|-supereffective|p2b: Garchomp\n|-damage|p2b: Garchomp|26\/100\n|move|p1a: Wo-Chien|Snarl|p2b: Garchomp|[spread] p2a,p2b\n|-resisted|p2a: Chien-Pao\n|-damage|p2a: Chien-Pao|90\/100\n|-damage|p2b: Garchomp|10\/100\n|-unboost|p2a: Chien-Pao|spa|1\n|\n|-heal|p1a: Wo-Chien|56\/100|[from] item: Leftovers\n|upkeep\n|turn|3\n|inactive|RitmanTesting1 has 30 seconds left.\n|\n|t:|1683049948\n|switch|p1b: Arcanine|Arcanine, L50, F|100\/100\n|-ability|p1b: Arcanine|Intimidate|boost\n|-unboost|p2a: Chien-Pao|atk|1\n|-fail|p2b: Garchomp|unboost|[from] item: Clear Amulet|[of] p2b: Garchomp\n|move|p2b: Garchomp|Protect|p2b: Garchomp\n|-singleturn|p2b: Garchomp|Protect\n|move|p2a: Chien-Pao|Ice Spinner|p1b: Arcanine\n|-resisted|p1b: Arcanine\n|-damage|p1b: Arcanine|86\/100\n|move|p1a: Wo-Chien|Leech Seed|p2a: Chien-Pao\n|-start|p2a: Chien-Pao|move: Leech Seed\n|\n|-heal|p1a: Wo-Chien|62\/100|[from] item: Leftovers\n|-damage|p2a: Chien-Pao|78\/100|[from] Leech Seed|[of] p1a: Wo-Chien\n|-heal|p1a: Wo-Chien|72\/100|[silent]\n|upkeep\n|turn|4\n|inactive|RitmanTesting1 has 30 seconds left.\n|inactive|RitmanTesting1 has 20 seconds left.\n|\n|t:|1683049987\n|switch|p2b: Gholdengo|Gholdengo, L50|19\/100\n|move|p1b: Arcanine|Extreme Speed|p2b: Gholdengo\n|-immune|p2b: Gholdengo\n|move|p2a: Chien-Pao|Ice Spinner|p1a: Wo-Chien\n|-supereffective|p1a: Wo-Chien\n|-damage|p1a: Wo-Chien|34\/100\n|move|p1a: Wo-Chien|Snarl|p2a: Chien-Pao|[spread] p2a,p2b\n|-resisted|p2a: Chien-Pao\n|-supereffective|p2b: Gholdengo\n|-damage|p2a: Chien-Pao|68\/100\n|-damage|p2b: Gholdengo|0 fnt\n|-unboost|p2a: Chien-Pao|spa|1\n|faint|p2b: Gholdengo\n|\n|-heal|p1a: Wo-Chien|41\/100|[from] item: Leftovers\n|-damage|p2a: Chien-Pao|56\/100|[from] Leech Seed|[of] p1a: Wo-Chien\n|-heal|p1a: Wo-Chien|50\/100|[silent]\n|upkeep\n|\n|t:|1683049999\n|switch|p2b: Azumarill|Azumarill, L50, F|100\/100\n|turn|5\n|\n|t:|1683050014\n|switch|p1b: Baxcalibur|Baxcalibur, L50, M|100\/100\n|move|p1a: Wo-Chien|Protect|p1a: Wo-Chien\n|-singleturn|p1a: Wo-Chien|Protect\n|move|p2b: Azumarill|Aqua Jet|p1b: Baxcalibur\n|-resisted|p1b: Baxcalibur\n|-damage|p1b: Baxcalibur|90\/100\n|move|p2a: Chien-Pao|Sacred Sword|p1b: Baxcalibur\n|-supereffective|p1b: Baxcalibur\n|-damage|p1b: Baxcalibur|59\/100\n|\n|-heal|p1a: Wo-Chien|57\/100|[from] item: Leftovers\n|-damage|p2a: Chien-Pao|44\/100|[from] Leech Seed|[of] p1a: Wo-Chien\n|-heal|p1a: Wo-Chien|67\/100|[silent]\n|upkeep\n|turn|6\n|\n|t:|1683050031\n|move|p1b: Baxcalibur|Protect|p1b: Baxcalibur\n|-singleturn|p1b: Baxcalibur|Protect\n|move|p2a: Chien-Pao|Ice Spinner|p1a: Wo-Chien\n|-supereffective|p1a: Wo-Chien\n|-damage|p1a: Wo-Chien|25\/100\n|move|p1a: Wo-Chien|Leech Seed|p2b: Azumarill\n|-start|p2b: Azumarill|move: Leech Seed\n|move|p2b: Azumarill|Play Rough|p1b: Baxcalibur\n|-activate|p1b: Baxcalibur|move: Protect\n|\n|-heal|p1a: Wo-Chien|31\/100|[from] item: Leftovers\n|-damage|p2a: Chien-Pao|31\/100|[from] Leech Seed|[of] p1a: Wo-Chien\n|-heal|p1a: Wo-Chien|41\/100|[silent]\n|-damage|p2b: Azumarill|88\/100|[from] Leech Seed|[of] p1a: Wo-Chien\n|-heal|p1a: Wo-Chien|54\/100|[silent]\n|upkeep\n|turn|7\n|\n|t:|1683050046\n|switch|p1b: Arcanine|Arcanine, L50, F|86\/100\n|-ability|p1b: Arcanine|Intimidate|boost\n|-unboost|p2a: Chien-Pao|atk|1\n|-unboost|p2b: Azumarill|atk|1\n|move|p1a: Wo-Chien|Protect|p1a: Wo-Chien\n|-singleturn|p1a: Wo-Chien|Protect\n|move|p2b: Azumarill|Aqua Jet|p1a: Wo-Chien\n|-activate|p1a: Wo-Chien|move: Protect\n|move|p2a: Chien-Pao|Ice Spinner|p1a: Wo-Chien\n|-activate|p1a: Wo-Chien|move: Protect\n|\n|-heal|p1a: Wo-Chien|60\/100|[from] item: Leftovers\n|-damage|p2a: Chien-Pao|19\/100|[from] Leech Seed|[of] p1a: Wo-Chien\n|-heal|p1a: Wo-Chien|70\/100|[silent]\n|-damage|p2b: Azumarill|76\/100|[from] Leech Seed|[of] p1a: Wo-Chien\n|-heal|p1a: Wo-Chien|83\/100|[silent]\n|upkeep\n|turn|8\n|inactive|RitmanTesting1 has 30 seconds left.\n|\n|t:|1683050072\n|switch|p1a: Glimmora|Glimmora, L50, F, tera:Grass|67\/100\n|switch|p2b: Garchomp|Garchomp, L50, M, tera:Fire|10\/100\n|move|p1b: Arcanine|Extreme Speed|p2a: Chien-Pao\n|-damage|p2a: Chien-Pao|0 fnt\n|faint|p2a: Chien-Pao\n|\n|upkeep\n|-message|Wata97 forfeited.\n|\n|win|RitmanTesting1\n|raw|RitmanTesting1's rating: 1509 → 1533<\/strong> (+24 for winning)\n|raw|Wata97's rating: 1583 → 1559<\/strong> (-24 for losing)\n|l|\u2606Wata97\n","uploadtime":1683050098,"views":7,"p1id":"ritmantesting1","p2id":"wata97","formatid":"gen9vgc2023regulationc","rating":1533,"private":0,"password":""}