{"id":"gen9vgc2023regulationc-1845155944","p1":"CatCookie01","p2":"life4life","format":"[Gen 9] VGC 2023 Regulation C","log":"|j|\u2606CatCookie01\n|j|\u2606life4life\n|t:|1681690237\n|gametype|doubles\n|player|p1|CatCookie01|pokekid|1125\n|player|p2|life4life|102|1131\n|teamsize|p1|6\n|teamsize|p2|6\n|gen|9\n|tier|[Gen 9] VGC 2023 Regulation C\n|rated|\n|rule|Species Clause: Limit one of each Pok\u00e9mon\n|rule|Item Clause: Limit one of each item\n|clearpoke\n|poke|p1|Maushold, L50|\n|poke|p1|Annihilape, L50, F|\n|poke|p1|Flutter Mane, L50|\n|poke|p1|Iron Bundle, L50|\n|poke|p1|Chi-Yu, L50|\n|poke|p1|Garganacl, L50, F|\n|poke|p2|Wo-Chien, L50|\n|poke|p2|Garganacl, L50, F|\n|poke|p2|Tyranitar, L50, M|\n|poke|p2|Arcanine, L50, M|\n|poke|p2|Espathra, L50, F|\n|poke|p2|Eelektross, L50, F|\n|teampreview|4\n|inactive|Battle timer is ON: inactive players will automatically lose when time's up. (requested by CatCookie01)\n|inactive|CatCookie01 has 60 seconds left.\n|inactive|life4life has 60 seconds left.\n|\n|t:|1681690287\n|start\n|switch|p1a: Maushold|Maushold, L50|100\/100\n|switch|p1b: Annihilape|Annihilape, L50, F|100\/100\n|switch|p2a: Espathra|Espathra, L50, F|100\/100\n|switch|p2b: Eelektross|Eelektross, L50, F|100\/100\n|turn|1\n|\n|t:|1681690304\n|move|p2a: Espathra|Protect|p2a: Espathra\n|-singleturn|p2a: Espathra|Protect\n|move|p1a: Maushold|Beat Up|p1b: Annihilape\n|-damage|p1b: Annihilape|99\/100\n|-damage|p1b: Annihilape|97\/100\n|-damage|p1b: Annihilape|95\/100\n|-damage|p1b: Annihilape|94\/100\n|-hitcount|p1b: Annihilape|4\n|move|p1b: Annihilape|Rage Fist|p2a: Espathra\n|-activate|p2a: Espathra|move: Protect\n|move|p2b: Eelektross|Thunder Wave|p1a: Maushold\n|-status|p1a: Maushold|par\n|\n|-ability|p2a: Espathra|Speed Boost|boost\n|-boost|p2a: Espathra|spe|1\n|upkeep\n|turn|2\n|inactive|life4life has 30 seconds left.\n|\n|t:|1681690334\n|switch|p2a: Wo-Chien|Wo-Chien, L50|100\/100\n|-ability|p2a: Wo-Chien|Tablets of Ruin\n|move|p1a: Maushold|Follow Me|p1a: Maushold\n|-singleturn|p1a: Maushold|move: Follow Me\n|move|p1b: Annihilape|Rage Fist|p2a: Wo-Chien\n|-resisted|p2a: Wo-Chien\n|-damage|p2a: Wo-Chien|58\/100\n|move|p2b: Eelektross|Thunder Wave|p1a: Maushold|[miss]\n|-miss|p2b: Eelektross|p1a: Maushold\n|\n|upkeep\n|turn|3\n|\n|t:|1681690353\n|move|p2a: Wo-Chien|Protect|p2a: Wo-Chien\n|-singleturn|p2a: Wo-Chien|Protect\n|move|p1a: Maushold|Follow Me|p1a: Maushold\n|-singleturn|p1a: Maushold|move: Follow Me\n|move|p1b: Annihilape|Rage Fist|p2b: Eelektross\n|-damage|p2b: Eelektross|0 fnt\n|faint|p2b: Eelektross\n|\n|upkeep\n|\n|t:|1681690366\n|switch|p2b: Espathra|Espathra, L50, F|100\/100\n|turn|4\n|\n|t:|1681690374\n|move|p2b: Espathra|Protect|p2b: Espathra\n|-singleturn|p2b: Espathra|Protect\n|move|p1a: Maushold|Follow Me|p1a: Maushold\n|-singleturn|p1a: Maushold|move: Follow Me\n|move|p1b: Annihilape|Rage Fist|p2a: Wo-Chien\n|-resisted|p2a: Wo-Chien\n|-damage|p2a: Wo-Chien|17\/100\n|move|p2a: Wo-Chien|Leech Seed|p1a: Maushold\n|-start|p1a: Maushold|move: Leech Seed\n|\n|-damage|p1a: Maushold|88\/100 par|[from] Leech Seed|[of] p2a: Wo-Chien\n|-heal|p2a: Wo-Chien|32\/100|[silent]\n|-ability|p2b: Espathra|Speed Boost|boost\n|-boost|p2b: Espathra|spe|1\n|upkeep\n|turn|5\n|\n|t:|1681690392\n|move|p2a: Wo-Chien|Protect|p2a: Wo-Chien\n|-singleturn|p2a: Wo-Chien|Protect\n|move|p1a: Maushold|Follow Me|p1a: Maushold\n|-singleturn|p1a: Maushold|move: Follow Me\n|move|p2b: Espathra|Confuse Ray|p1a: Maushold\n|-start|p1a: Maushold|confusion\n|move|p1b: Annihilape|Rage Fist|p2a: Wo-Chien\n|-activate|p2a: Wo-Chien|move: Protect\n|\n|-damage|p1a: Maushold|76\/100 par|[from] Leech Seed|[of] p2a: Wo-Chien\n|-heal|p2a: Wo-Chien|47\/100|[silent]\n|-ability|p2b: Espathra|Speed Boost|boost\n|-boost|p2b: Espathra|spe|1\n|upkeep\n|turn|6\n|inactive|life4life has 30 seconds left.\n|\n|t:|1681690418\n|move|p2b: Espathra|Protect|p2b: Espathra\n|-singleturn|p2b: Espathra|Protect\n|-activate|p1a: Maushold|confusion\n|move|p1a: Maushold|Follow Me|p1a: Maushold\n|-singleturn|p1a: Maushold|move: Follow Me\n|move|p1b: Annihilape|Rage Fist|p2a: Wo-Chien\n|-resisted|p2a: Wo-Chien\n|-damage|p2a: Wo-Chien|6\/100\n|move|p2a: Wo-Chien|Ruination|p1a: Maushold\n|-damage|p1a: Maushold|38\/100 par\n|\n|-damage|p1a: Maushold|26\/100 par|[from] Leech Seed|[of] p2a: Wo-Chien\n|-heal|p2a: Wo-Chien|21\/100|[silent]\n|-ability|p2b: Espathra|Speed Boost|boost\n|-boost|p2b: Espathra|spe|1\n|upkeep\n|turn|7\n|c|\u2606CatCookie01|wth\n|inactive|life4life has 30 seconds left.\n|\n|t:|1681690447\n|move|p2a: Wo-Chien|Protect|p2a: Wo-Chien\n|-singleturn|p2a: Wo-Chien|Protect\n|-activate|p1a: Maushold|confusion\n|move|p1a: Maushold|Follow Me|p1a: Maushold\n|-singleturn|p1a: Maushold|move: Follow Me\n|move|p2b: Espathra|Stored Power|p1a: Maushold\n|-damage|p1a: Maushold|0 fnt\n|faint|p1a: Maushold\n|move|p1b: Annihilape|Rage Fist|p2b: Espathra\n|-supereffective|p2b: Espathra\n|-damage|p2b: Espathra|0 fnt\n|faint|p2b: Espathra\n|\n|upkeep\n|\n|t:|1681690461\n|switch|p1a: Flutter Mane|Flutter Mane, L50|100\/100\n|switch|p2b: Tyranitar|Tyranitar, L50, M|100\/100\n|-weather|Sandstorm|[from] ability: Sand Stream|[of] p2b: Tyranitar\n|turn|8\n|c|\u2606CatCookie01|gg i guess\n|\n|t:|1681690480\n|-terastallize|p2b: Tyranitar|Flying\n|move|p1a: Flutter Mane|Dazzling Gleam|p2a: Wo-Chien|[spread] p2a,p2b\n|-supereffective|p2a: Wo-Chien\n|-damage|p2a: Wo-Chien|0 fnt\n|-damage|p2b: Tyranitar|52\/100\n|faint|p2a: Wo-Chien\n|move|p2b: Tyranitar|Iron Head|p1a: Flutter Mane\n|-supereffective|p1a: Flutter Mane\n|-damage|p1a: Flutter Mane|8\/100\n|move|p1b: Annihilape|Rage Fist|p2b: Tyranitar\n|-damage|p2b: Tyranitar|0 fnt\n|faint|p2b: Tyranitar\n|\n|win|CatCookie01\n|raw|CatCookie01's rating: 1125 → 1150<\/strong> (+25 for winning)\n|raw|life4life's rating: 1131 → 1106<\/strong> (-25 for losing)\n|l|\u2606CatCookie01\n","uploadtime":1681690501,"views":15,"p1id":"catcookie01","p2id":"life4life","formatid":"gen9vgc2023regulationc","rating":1106,"private":0,"password":""}