{"id":"gen9vgc2023regulationc-1847256255","p1":"mtcoronettrainer","p2":"haha u rage quit","format":"[Gen 9] VGC 2023 Regulation C","log":"|j|\u2606mtcoronettrainer\n|j|\u2606haha u rage quit\n|t:|1681932021\n|gametype|doubles\n|player|p1|mtcoronettrainer|1|1286\n|player|p2|haha u rage quit|pokemaniac|1186\n|teamsize|p1|6\n|teamsize|p2|6\n|gen|9\n|tier|[Gen 9] VGC 2023 Regulation C\n|rated|\n|rule|Species Clause: Limit one of each Pok\u00e9mon\n|rule|Item Clause: Limit one of each item\n|clearpoke\n|poke|p1|Palafin, L50, M|\n|poke|p1|Amoonguss, L50, F|\n|poke|p1|Arcanine, L50, F|\n|poke|p1|Ting-Lu, L50|\n|poke|p1|Flutter Mane, L50|\n|poke|p1|Annihilape, L50, M|\n|poke|p2|Garganacl, L50, M|\n|poke|p2|Wo-Chien, L50|\n|poke|p2|Amoonguss, L50, M|\n|poke|p2|Ting-Lu, L50|\n|poke|p2|Dondozo, L50, M|\n|poke|p2|Arcanine, L50, M|\n|teampreview|4\n|inactive|Battle timer is ON: inactive players will automatically lose when time's up. (requested by haha u rage quit)\n|\n|t:|1681932056\n|start\n|switch|p1a: Palafin|Palafin, L50, M, shiny|100\/100\n|switch|p1b: Arcanine|Arcanine, L50, F, shiny|100\/100\n|switch|p2a: Garganacl|Garganacl, L50, M|100\/100\n|switch|p2b: Dondozo|Dondozo, L50, M|100\/100\n|-ability|p1b: Arcanine|Intimidate|boost\n|-unboost|p2a: Garganacl|atk|1\n|-unboost|p2b: Dondozo|atk|1\n|turn|1\n|\n|t:|1681932079\n|detailschange|p1a: Palafin|Palafin-Hero, L50, M, shiny\n|switch|p1a: Amoonguss|Amoonguss, L50, F, shiny|100\/100\n|move|p1b: Arcanine|Protect|p1b: Arcanine\n|-singleturn|p1b: Arcanine|Protect\n|move|p2a: Garganacl|Salt Cure|p1b: Arcanine\n|-activate|p1b: Arcanine|move: Protect\n|move|p2b: Dondozo|Wave Crash|p1b: Arcanine\n|-activate|p1b: Arcanine|move: Protect\n|\n|upkeep\n|turn|2\n|\n|t:|1681932102\n|switch|p1b: Annihilape|Annihilape, L50, M, shiny|100\/100\n|switch|p2b: Arcanine|Arcanine, L50, M|100\/100\n|-ability|p2b: Arcanine|Intimidate|boost\n|-unboost|p1a: Amoonguss|atk|1\n|-unboost|p1b: Annihilape|atk|1\n|-ability|p1b: Annihilape|Defiant|boost\n|-boost|p1b: Annihilape|atk|2\n|move|p2a: Garganacl|Salt Cure|p1b: Annihilape\n|-resisted|p1b: Annihilape\n|-damage|p1b: Annihilape|96\/100\n|-start|p1b: Annihilape|Salt Cure\n|move|p1a: Amoonguss|Spore|p2b: Arcanine\n|-activate|p2b: Arcanine|item: Safety Goggles|Spore\n|\n|-heal|p1b: Annihilape|100\/100|[from] item: Leftovers\n|-damage|p1b: Annihilape|88\/100|[from] Salt Cure\n|upkeep\n|turn|3\n|inactive|mtcoronettrainer has 30 seconds left.\n|\n|t:|1681932129\n|switch|p1a: Arcanine|Arcanine, L50, F, shiny|100\/100\n|-ability|p1a: Arcanine|Intimidate|boost\n|-unboost|p2a: Garganacl|atk|1\n|-unboost|p2b: Arcanine|atk|1\n|-terastallize|p1b: Annihilape|Fire\n|-terastallize|p2a: Garganacl|Poison\n|move|p2b: Arcanine|Protect|p2b: Arcanine\n|-singleturn|p2b: Arcanine|Protect\n|move|p1b: Annihilape|Bulk Up|p1b: Annihilape\n|-boost|p1b: Annihilape|atk|1\n|-boost|p1b: Annihilape|def|1\n|move|p2a: Garganacl|Fissure|p1b: Annihilape|[miss]\n|-miss|p2a: Garganacl|p1b: Annihilape\n|\n|-heal|p1b: Annihilape|94\/100|[from] item: Leftovers\n|-damage|p1b: Annihilape|82\/100|[from] Salt Cure\n|upkeep\n|turn|4\n|inactive|mtcoronettrainer has 30 seconds left.\n|inactive|mtcoronettrainer has 20 seconds left.\n|\n|t:|1681932168\n|switch|p2b: Dondozo|Dondozo, L50, M|100\/100\n|move|p1a: Arcanine|Howl|p1a: Arcanine|[spread] p1a,p1b\n|-boost|p1a: Arcanine|atk|1\n|-boost|p1b: Annihilape|atk|1\n|move|p1b: Annihilape|Rage Fist|p2a: Garganacl\n|-damage|p2a: Garganacl|64\/100\n|move|p2a: Garganacl|Fissure|p1b: Annihilape\n|-damage|p1b: Annihilape|0 fnt\n|faint|p1b: Annihilape\n|-ohko\n|\n|-heal|p2a: Garganacl|70\/100|[from] item: Leftovers\n|upkeep\n|c|\u2606mtcoronettrainer|:v\n|\n|t:|1681932183\n|switch|p1b: Palafin|Palafin-Hero, L50, M, shiny|100\/100\n|-activate|p1b: Palafin|ability: Zero to Hero\n|turn|5\n|\n|t:|1681932195\n|switch|p1a: Amoonguss|Amoonguss, L50, F, shiny|100\/100\n|move|p2a: Garganacl|Protect|p2a: Garganacl\n|-singleturn|p2a: Garganacl|Protect\n|move|p1b: Palafin|Wave Crash|p2a: Garganacl\n|-activate|p2a: Garganacl|move: Protect\n|move|p2b: Dondozo|Yawn|p1b: Palafin\n|-start|p1b: Palafin|move: Yawn|[of] p2b: Dondozo\n|\n|-heal|p2a: Garganacl|76\/100|[from] item: Leftovers\n|upkeep\n|turn|6\n|\n|t:|1681932214\n|switch|p1b: Arcanine|Arcanine, L50, F, shiny|100\/100\n|-ability|p1b: Arcanine|Intimidate|boost\n|-unboost|p2a: Garganacl|atk|1\n|-unboost|p2b: Dondozo|atk|1\n|switch|p2a: Amoonguss|Amoonguss, L50, M|100\/100\n|switch|p2b: Arcanine|Arcanine, L50, M|100\/100\n|-ability|p2b: Arcanine|Intimidate|boost\n|-unboost|p1a: Amoonguss|atk|1\n|-unboost|p1b: Arcanine|atk|1\n|move|p1a: Amoonguss|Spore|p2b: Arcanine\n|-activate|p2b: Arcanine|item: Safety Goggles|Spore\n|\n|upkeep\n|turn|7\n|\n|t:|1681932233\n|switch|p1a: Palafin|Palafin-Hero, L50, M, shiny|100\/100\n|move|p2a: Amoonguss|Protect|p2a: Amoonguss\n|-singleturn|p2a: Amoonguss|Protect\n|move|p1b: Arcanine|Howl|p1b: Arcanine|[spread] p1a,p1b\n|-boost|p1a: Palafin|atk|1\n|-boost|p1b: Arcanine|atk|1\n|move|p2b: Arcanine|Flare Blitz|p1a: Palafin\n|-resisted|p1a: Palafin\n|-crit|p1a: Palafin\n|-damage|p1a: Palafin|65\/100\n|-damage|p2b: Arcanine|87\/100|[from] Recoil\n|\n|upkeep\n|turn|8\n|inactive|haha u rage quit has 30 seconds left.\n|\n|t:|1681932261\n|switch|p2b: Dondozo|Dondozo, L50, M|100\/100\n|switch|p2a: Garganacl|Garganacl, L50, M, tera:Poison|76\/100\n|move|p1a: Palafin|Protect|p1a: Palafin\n|-singleturn|p1a: Palafin|Protect\n|move|p1b: Arcanine|Flare Blitz|p2a: Garganacl\n|-damage|p2a: Garganacl|41\/100\n|-damage|p1b: Arcanine|88\/100|[from] Recoil\n|\n|-heal|p2a: Garganacl|47\/100|[from] item: Leftovers\n|upkeep\n|turn|9\n|inactive|mtcoronettrainer has 30 seconds left.\n|inactive|haha u rage quit has 30 seconds left.\n|\n|t:|1681932288\n|move|p2a: Garganacl|Protect|p2a: Garganacl\n|-singleturn|p2a: Garganacl|Protect\n|move|p1b: Arcanine|Howl|p1b: Arcanine|[spread] p1a,p1b\n|-boost|p1a: Palafin|atk|1\n|-boost|p1b: Arcanine|atk|1\n|move|p1a: Palafin|Wave Crash|p2b: Dondozo\n|-resisted|p2b: Dondozo\n|-damage|p2b: Dondozo|71\/100\n|-damage|p1a: Palafin|52\/100|[from] Recoil\n|move|p2b: Dondozo|Yawn|p1a: Palafin\n|-start|p1a: Palafin|move: Yawn|[of] p2b: Dondozo\n|\n|-heal|p2a: Garganacl|53\/100|[from] item: Leftovers\n|upkeep\n|turn|10\n|inactive|haha u rage quit has 30 seconds left.\n|\n|t:|1681932319\n|switch|p2a: Amoonguss|Amoonguss, L50, M|100\/100\n|move|p1b: Arcanine|Howl|p1b: Arcanine|[spread] p1a,p1b\n|-boost|p1a: Palafin|atk|1\n|-boost|p1b: Arcanine|atk|1\n|move|p1a: Palafin|Wave Crash|p2a: Amoonguss\n|-resisted|p2a: Amoonguss\n|-damage|p2a: Amoonguss|0 fnt\n|faint|p2a: Amoonguss\n|-damage|p1a: Palafin|17\/100|[from] Recoil\n|move|p2b: Dondozo|Wave Crash|p1b: Arcanine\n|-supereffective|p1b: Arcanine\n|-damage|p1b: Arcanine|2\/100\n|-damage|p2b: Dondozo|50\/100|[from] Recoil\n|\n|-end|p1a: Palafin|move: Yawn|[silent]\n|-status|p1a: Palafin|slp\n|upkeep\n|\n|t:|1681932338\n|switch|p2a: Arcanine|Arcanine, L50, M|87\/100\n|-ability|p2a: Arcanine|Intimidate|boost\n|-unboost|p1a: Palafin|atk|1\n|-unboost|p1b: Arcanine|atk|1\n|turn|11\n|\n|t:|1681932353\n|switch|p1b: Amoonguss|Amoonguss, L50, F, shiny|100\/100\n|cant|p1a: Palafin|slp\n|move|p2a: Arcanine|Extreme Speed|p1b: Amoonguss\n|-damage|p1b: Amoonguss|78\/100\n|move|p2b: Dondozo|Wave Crash|p1a: Palafin\n|-resisted|p1a: Palafin\n|-damage|p1a: Palafin|0 fnt\n|faint|p1a: Palafin\n|-damage|p2b: Dondozo|46\/100|[from] Recoil\n|\n|upkeep\n|\n|t:|1681932367\n|switch|p1a: Arcanine|Arcanine, L50, F, shiny|2\/100\n|-ability|p1a: Arcanine|Intimidate|boost\n|-unboost|p2a: Arcanine|atk|1\n|-unboost|p2b: Dondozo|atk|1\n|turn|12\n|\n|t:|1681932380\n|move|p1a: Arcanine|Protect|p1a: Arcanine\n|-singleturn|p1a: Arcanine|Protect\n|move|p2a: Arcanine|Flare Blitz|p1b: Amoonguss\n|-supereffective|p1b: Amoonguss\n|-crit|p1b: Amoonguss\n|-damage|p1b: Amoonguss|0 fnt\n|faint|p1b: Amoonguss\n|-damage|p2a: Arcanine|54\/100|[from] Recoil\n|move|p2b: Dondozo|Wave Crash|p1a: Arcanine\n|-activate|p1a: Arcanine|move: Protect\n|\n|upkeep\n|turn|13\n|-message|mtcoronettrainer forfeited.\n|\n|win|haha u rage quit\n|raw|mtcoronettrainer's rating: 1286 → 1256<\/strong> (-30 for losing)\n|raw|haha u rage quit's rating: 1214 → 1244<\/strong> (+30 for winning)\n|l|\u2606mtcoronettrainer\n","uploadtime":1681932399,"views":9,"p1id":"mtcoronettrainer","p2id":"hahauragequit","formatid":"gen9vgc2023regulationc","rating":1244,"private":0,"password":""}