{"id":"gen9vgc2023regulationc-1856590046","p1":"my form empties","p2":"Gone2Flavortown","format":"[Gen 9] VGC 2023 Regulation C","log":"|j|\u2606my form empties\n|j|\u2606Gone2Flavortown\n|t:|1683079488\n|gametype|doubles\n|player|p1|my form empties|unknownf|1324\n|player|p2|Gone2Flavortown|170|1318\n|teamsize|p1|6\n|teamsize|p2|6\n|gen|9\n|tier|[Gen 9] VGC 2023 Regulation C\n|rated|\n|rule|Species Clause: Limit one of each Pok\u00e9mon\n|rule|Item Clause: Limit one of each item\n|clearpoke\n|poke|p1|Roaring Moon, L50|\n|poke|p1|Corviknight, L50, F|\n|poke|p1|Garchomp, L50, F|\n|poke|p1|Flutter Mane, L50|\n|poke|p1|Chi-Yu, L50|\n|poke|p1|Gyarados, L50, F|\n|poke|p2|Klefki, L50, F|\n|poke|p2|Skeledirge, L50, M|\n|poke|p2|Palafin, L50, M|\n|poke|p2|Wo-Chien, L50|\n|poke|p2|Flutter Mane, L50|\n|poke|p2|Chien-Pao, L50|\n|teampreview|4\nmy form empties has agreed to open team sheets.\n|inactive|Battle timer is ON: inactive players will automatically lose when time's up. (requested by Gone2Flavortown)\n|inactive|my form empties has 60 seconds left.\n|\n|t:|1683079555\n|start\n|switch|p1a: Garchomp|Garchomp, L50, F|100\/100\n|switch|p1b: Gyarados|Gyarados, L50, F|100\/100\n|switch|p2a: Klefki|Klefki, L50, F|100\/100\n|switch|p2b: Flutter Mane|Flutter Mane, L50|100\/100\n|-ability|p1b: Gyarados|Intimidate|boost\n|-unboost|p2a: Klefki|atk|1\n|-unboost|p2b: Flutter Mane|atk|1\n|turn|1\n|\n|t:|1683079580\n|-terastallize|p1a: Garchomp|Ground\n|move|p2a: Klefki|Reflect|p2a: Klefki\n|-sidestart|p2: Gone2Flavortown|Reflect\n|move|p1a: Garchomp|Earthquake|p2b: Flutter Mane|[spread] p2a,p2b\n|-immune|p1b: Gyarados\n|-supereffective|p2a: Klefki\n|-damage|p2a: Klefki|30\/100\n|-damage|p2b: Flutter Mane|32\/100\n|move|p2b: Flutter Mane|Shadow Ball|p1a: Garchomp\n|-crit|p1a: Garchomp\n|-damage|p1a: Garchomp|0 fnt\n|faint|p1a: Garchomp\n|move|p1b: Gyarados|Taunt|p2a: Klefki\n|-start|p2a: Klefki|move: Taunt\n|\n|upkeep\n|\n|t:|1683079596\n|switch|p1a: MINT JAMS|Flutter Mane, L50|100\/100\n|turn|2\n|\n|t:|1683079612\n|move|p1a: MINT JAMS|Moonblast|p2b: Flutter Mane\n|-damage|p2b: Flutter Mane|0 fnt\n|faint|p2b: Flutter Mane\n|-end|p2b: Flutter Mane|Protosynthesis|[silent]\n|move|p1b: Gyarados|Waterfall|p2a: Klefki\n|-damage|p2a: Klefki|0 fnt\n|faint|p2a: Klefki\n|\n|upkeep\n|\n|t:|1683079615\n|switch|p2b: Wo-Chien|Wo-Chien, L50|100\/100\n|switch|p2a: Skeledirge|Skeledirge, L50, M|100\/100\n|-ability|p2b: Wo-Chien|Tablets of Ruin\n|turn|3\n|\n|t:|1683079635\n|-end|p1a: MINT JAMS|Protosynthesis|[silent]\n|switch|p1a: Corviknight|Corviknight, L50, F|100\/100\n|-terastallize|p2a: Skeledirge|Grass\n|move|p1b: Gyarados|Taunt|p2b: Wo-Chien\n|-start|p2b: Wo-Chien|move: Taunt\n|move|p2a: Skeledirge|Torch Song|p1a: Corviknight\n|-supereffective|p1a: Corviknight\n|-damage|p1a: Corviknight|26\/100\n|-boost|p2a: Skeledirge|spa|1\n|-enditem|p1a: Corviknight|Sitrus Berry|[eat]\n|-heal|p1a: Corviknight|51\/100|[from] item: Sitrus Berry\n|cant|p2b: Wo-Chien|move: Taunt|Leech Seed\n|\n|upkeep\n|turn|4\n|\n|t:|1683079659\n|move|p1b: Gyarados|Thunder Wave|p2a: Skeledirge\n|-status|p2a: Skeledirge|par\n|move|p1a: Corviknight|Brave Bird|p2a: Skeledirge\n|-supereffective|p2a: Skeledirge\n|-damage|p2a: Skeledirge|58\/100 par\n|-damage|p1a: Corviknight|37\/100|[from] Recoil\n|move|p2b: Wo-Chien|Pollen Puff|p2a: Skeledirge\n|-heal|p2a: Skeledirge|100\/100 par\n|move|p2a: Skeledirge|Torch Song|p1a: Corviknight\n|-supereffective|p1a: Corviknight\n|-damage|p1a: Corviknight|0 fnt\n|-boost|p2a: Skeledirge|spa|1\n|faint|p1a: Corviknight\n|\n|upkeep\n|\n|t:|1683079668\n|switch|p1a: MINT JAMS|Flutter Mane, L50|100\/100\n|turn|5\n|\n|t:|1683079678\n|move|p1a: MINT JAMS|Moonblast|p2b: Wo-Chien\n|-supereffective|p2b: Wo-Chien\n|-crit|p2b: Wo-Chien\n|-damage|p2b: Wo-Chien|0 fnt\n|faint|p2b: Wo-Chien\n|move|p1b: Gyarados|Waterfall|p2a: Skeledirge\n|-resisted|p2a: Skeledirge\n|-damage|p2a: Skeledirge|88\/100 par\n|move|p2a: Skeledirge|Hex|p1a: MINT JAMS\n|-supereffective|p1a: MINT JAMS\n|-damage|p1a: MINT JAMS|0 fnt\n|faint|p1a: MINT JAMS\n|-end|p1a: MINT JAMS|Protosynthesis|[silent]\n|\n|upkeep\n|turn|6\n|\n|t:|1683079687\n|move|p1b: Gyarados|Waterfall|p2a: Skeledirge\n|-resisted|p2a: Skeledirge\n|-damage|p2a: Skeledirge|75\/100 par\n|cant|p2a: Skeledirge|par\n|\n|upkeep\n|turn|7\n|-message|my form empties forfeited.\n|\n|win|Gone2Flavortown\n|raw|my form empties's rating: 1324 → 1304<\/strong> (-20 for losing)\n|raw|Gone2Flavortown's rating: 1318 → 1338<\/strong> (+20 for winning)\n","uploadtime":1683079699,"views":11,"p1id":"myformempties","p2id":"gone2flavortown","formatid":"gen9vgc2023regulationc","rating":1304,"private":0,"password":""}