{"id":"gen9vgc2023regulationc-1860704642","p1":"fayek-47","p2":"LILNPALM1627","format":"[Gen 9] VGC 2023 Regulation C","log":"|j|\u2606fayek-47\n|j|\u2606LILNPALM1627\n|t:|1683668145\n|gametype|doubles\n|player|p1|fayek-47|marnie-league|1135\n|player|p2|LILNPALM1627|266|1150\n|teamsize|p1|6\n|teamsize|p2|6\n|gen|9\n|tier|[Gen 9] VGC 2023 Regulation C\n|rated|\n|rule|Species Clause: Limit one of each Pok\u00e9mon\n|rule|Item Clause: Limit one of each item\n|clearpoke\n|poke|p1|Skeledirge, L50, M|\n|poke|p1|Grimmsnarl, L50, M|\n|poke|p1|Wo-Chien, L50|\n|poke|p1|Glimmora, L50, M|\n|poke|p1|Gyarados, L50, M|\n|poke|p1|Iron Hands, L50|\n|poke|p2|Pelipper, L50, F|\n|poke|p2|Dondozo, L50, F|\n|poke|p2|Drednaw, L50, F|\n|poke|p2|Tatsugiri-Droopy, L50, M|\n|poke|p2|Barraskewda, L50, M|\n|poke|p2|Chien-Pao, L50|\n|teampreview|4\n|inactive|Battle timer is ON: inactive players will automatically lose when time's up. (requested by LILNPALM1627)\n|\n|t:|1683668176\n|start\n|switch|p1a: brgreg|Grimmsnarl, L50, M, shiny|100\/100\n|switch|p1b: ron ands|Iron Hands, L50|100\/100\n|switch|p2a: Pelipper|Pelipper, L50, F, shiny|100\/100\n|switch|p2b: Drednaw|Drednaw, L50, F, shiny|100\/100\n|-weather|RainDance|[from] ability: Drizzle|[of] p2a: Pelipper\n|turn|1\n|inactive|LILNPALM1627 has 30 seconds left.\n|\n|t:|1683668204\n|move|p2a: Pelipper|Protect|p2a: Pelipper\n|-singleturn|p2a: Pelipper|Protect\n|move|p1b: ron ands|Fake Out|p2a: Pelipper\n|-activate|p2a: Pelipper|move: Protect\n|move|p1a: brgreg|Reflect|p1a: brgreg\n|-sidestart|p1: fayek-47|Reflect\n|move|p2b: Drednaw|Earthquake|p1b: ron ands|[spread] p1a,p1b\n|-activate|p2a: Pelipper|move: Protect\n|-supereffective|p1b: ron ands\n|-damage|p1a: brgreg|73\/100\n|-damage|p1b: ron ands|65\/100\n|\n|-weather|RainDance|[upkeep]\n|upkeep\n|turn|2\n|\n|t:|1683668226\n|-terastallize|p1b: ron ands|Grass\n|move|p1a: brgreg|Thunder Wave|p2a: Pelipper\n|-status|p2a: Pelipper|par\n|move|p2b: Drednaw|Earthquake|p1b: ron ands|[spread] p1a,p1b\n|-immune|p2a: Pelipper\n|-resisted|p1b: ron ands\n|-damage|p1a: brgreg|42\/100\n|-damage|p1b: ron ands|57\/100\n|move|p1b: ron ands|Wild Charge|p2a: Pelipper\n|-supereffective|p2a: Pelipper\n|-damage|p2a: Pelipper|0 fnt\n|faint|p2a: Pelipper\n|-damage|p1b: ron ands|43\/100|[from] Recoil\n|\n|-weather|RainDance|[upkeep]\n|upkeep\n|\n|t:|1683668242\n|switch|p2a: Dondozo|Dondozo, L50, F, shiny|100\/100\n|turn|3\n|\n|t:|1683668250\n|switch|p2b: Tatsugiri|Tatsugiri-Droopy, L50, M, shiny|100\/100\n|-activate|p2b: Tatsugiri|ability: Commander|[of] p2a: Dondozo\n|-boost|p2a: Dondozo|atk|2\n|-boost|p2a: Dondozo|spa|2\n|-boost|p2a: Dondozo|spe|2\n|-boost|p2a: Dondozo|def|2\n|-boost|p2a: Dondozo|spd|2\n|-terastallize|p2a: Dondozo|Water\n|move|p1a: brgreg|Parting Shot|p2a: Dondozo\n|-unboost|p2a: Dondozo|atk|1\n|-unboost|p2a: Dondozo|spa|1\n|\n|t:|1683668254\n|switch|p1a: fafta|Gyarados, L50, M|100\/100|[from] Parting Shot\n|-ability|p1a: fafta|Intimidate|boost\n|-unboost|p2a: Dondozo|atk|1\n|-unboost|p2b: Tatsugiri|atk|1\n|move|p2a: Dondozo|Surf|p1a: fafta|[spread] p1a,p1b\n|-miss|p2a: Dondozo|p2b: Tatsugiri\n|-resisted|p1a: fafta\n|-resisted|p1b: ron ands\n|-damage|p1a: fafta|77\/100\n|-damage|p1b: ron ands|20\/100\n|-damage|p2a: Dondozo|91\/100|[from] item: Life Orb\n|move|p1b: ron ands|Drain Punch|p2b: Tatsugiri|[miss]\n|-miss|p1b: ron ands|p2b: Tatsugiri\n|\n|-weather|RainDance|[upkeep]\n|upkeep\n|turn|4\n|\n|t:|1683668276\n|switch|p1a: LIVE REACTION|Wo-Chien, L50|100\/100\n|-ability|p1a: LIVE REACTION|Tablets of Ruin\n|move|p2a: Dondozo|Wave Crash|p1b: ron ands\n|-resisted|p1b: ron ands\n|-damage|p1b: ron ands|0 fnt\n|faint|p1b: ron ands\n|-end|p1b: ron ands|Quark Drive|[silent]\n|-damage|p2a: Dondozo|85\/100|[from] Recoil\n|-damage|p2a: Dondozo|75\/100|[from] item: Life Orb\n|\n|-weather|RainDance|[upkeep]\n|upkeep\n|\n|t:|1683668282\n|switch|p1b: brgreg|Grimmsnarl, L50, M, shiny|42\/100\n|turn|5\n|\n|t:|1683668291\n|move|p1b: brgreg|Parting Shot|p2a: Dondozo\n|-unboost|p2a: Dondozo|atk|1\n|-unboost|p2a: Dondozo|spa|1\n|\n|t:|1683668295\n|switch|p1b: fafta|Gyarados, L50, M|77\/100|[from] Parting Shot\n|-ability|p1b: fafta|Intimidate|boost\n|-unboost|p2a: Dondozo|atk|1\n|-unboost|p2b: Tatsugiri|atk|1\n|move|p2a: Dondozo|Surf|p1a: LIVE REACTION|[spread] p1a,p1b\n|-miss|p2a: Dondozo|p2b: Tatsugiri\n|-resisted|p1a: LIVE REACTION\n|-resisted|p1b: fafta\n|-damage|p1a: LIVE REACTION|87\/100\n|-damage|p1b: fafta|61\/100\n|-damage|p2a: Dondozo|65\/100|[from] item: Life Orb\n|move|p1a: LIVE REACTION|Leech Seed|p2a: Dondozo\n|-start|p2a: Dondozo|move: Leech Seed\n|\n|-weather|RainDance|[upkeep]\n|-damage|p2a: Dondozo|53\/100|[from] Leech Seed|[of] p1a: LIVE REACTION\n|-heal|p1a: LIVE REACTION|100\/100|[silent]\n|upkeep\n|turn|6\n|\n|t:|1683668311\n|move|p2a: Dondozo|Wave Crash|p1b: fafta\n|-resisted|p1b: fafta\n|-damage|p1b: fafta|46\/100\n|-damage|p2a: Dondozo|49\/100|[from] Recoil\n|-damage|p2a: Dondozo|39\/100|[from] item: Life Orb\n|move|p1b: fafta|Dragon Dance|p1b: fafta\n|-boost|p1b: fafta|atk|1\n|-boost|p1b: fafta|spe|1\n|move|p1a: LIVE REACTION|Pollen Puff|p1b: fafta\n|-heal|p1b: fafta|96\/100\n|\n|-weather|RainDance|[upkeep]\n|-damage|p2a: Dondozo|27\/100|[from] Leech Seed|[of] p1a: LIVE REACTION\n|upkeep\n|turn|7\n|\n|t:|1683668324\n|move|p2a: Dondozo|Rest|p2a: Dondozo\n|-status|p2a: Dondozo|slp|[from] move: Rest\n|-heal|p2a: Dondozo|100\/100 slp|[silent]\n|move|p1b: fafta|Dragon Dance|p1b: fafta\n|-boost|p1b: fafta|atk|1\n|-boost|p1b: fafta|spe|1\n|move|p1a: LIVE REACTION|Pollen Puff|p1b: fafta\n|-heal|p1b: fafta|100\/100\n|\n|-weather|RainDance|[upkeep]\n|-damage|p2a: Dondozo|88\/100 slp|[from] Leech Seed|[of] p1a: LIVE REACTION\n|upkeep\n|turn|8\n|\n|t:|1683668346\n|move|p1b: fafta|Waterfall|p2a: Dondozo\n|-resisted|p2a: Dondozo\n|-damage|p2a: Dondozo|80\/100 slp\n|cant|p2a: Dondozo|slp\n|cant|p2a: Dondozo|flinch\n|move|p1a: LIVE REACTION|Pollen Puff|p2a: Dondozo\n|-damage|p2a: Dondozo|71\/100 slp\n|\n|-weather|none\n|-damage|p2a: Dondozo|58\/100 slp|[from] Leech Seed|[of] p1a: LIVE REACTION\n|-sideend|p1: fayek-47|Reflect\n|upkeep\n|turn|9\n|inactive|fayek-47 has 30 seconds left.\n|\n|t:|1683668373\n|move|p1b: fafta|Dragon Dance|p1b: fafta\n|-boost|p1b: fafta|atk|1\n|-boost|p1b: fafta|spe|1\n|cant|p2a: Dondozo|slp\n|move|p2a: Dondozo|Sleep Talk|p2a: Dondozo\n|move|p2a: Dondozo|Wave Crash|p1b: fafta|[from]move: Sleep Talk\n|-resisted|p1b: fafta\n|-crit|p1b: fafta\n|-damage|p1b: fafta|58\/100\n|-damage|p2a: Dondozo|48\/100 slp|[from] Recoil\n|-damage|p2a: Dondozo|38\/100 slp|[from] item: Life Orb\n|move|p1a: LIVE REACTION|Pollen Puff|p1b: fafta\n|-heal|p1b: fafta|100\/100\n|\n|-damage|p2a: Dondozo|25\/100 slp|[from] Leech Seed|[of] p1a: LIVE REACTION\n|upkeep\n|turn|10\n|inactive|LILNPALM1627 has 30 seconds left.\n|\n|t:|1683668398\n|move|p1b: fafta|Dragon Dance|p1b: fafta\n|-boost|p1b: fafta|atk|1\n|-boost|p1b: fafta|spe|1\n|-curestatus|p2a: Dondozo|slp|[msg]\n|move|p2a: Dondozo|Rest|p2a: Dondozo\n|-status|p2a: Dondozo|slp|[from] move: Rest\n|-heal|p2a: Dondozo|100\/100 slp|[silent]\n|move|p1a: LIVE REACTION|Pollen Puff|p1b: fafta\n|-immune|p1b: fafta\n|\n|-damage|p2a: Dondozo|88\/100 slp|[from] Leech Seed|[of] p1a: LIVE REACTION\n|upkeep\n|turn|11\n|\n|t:|1683668415\n|move|p1b: fafta|Dragon Dance|p1b: fafta\n|-boost|p1b: fafta|atk|1\n|-boost|p1b: fafta|spe|1\n|cant|p2a: Dondozo|slp\n|move|p2a: Dondozo|Sleep Talk|p2a: Dondozo\n|move|p2a: Dondozo|Wave Crash|p1a: LIVE REACTION|[from]move: Sleep Talk\n|-resisted|p1a: LIVE REACTION\n|-damage|p1a: LIVE REACTION|89\/100\n|-damage|p2a: Dondozo|85\/100 slp|[from] Recoil\n|-damage|p2a: Dondozo|76\/100 slp|[from] item: Life Orb\n|move|p1a: LIVE REACTION|Pollen Puff|p2a: Dondozo\n|-damage|p2a: Dondozo|66\/100 slp\n|\n|-damage|p2a: Dondozo|54\/100 slp|[from] Leech Seed|[of] p1a: LIVE REACTION\n|-heal|p1a: LIVE REACTION|100\/100|[silent]\n|upkeep\n|turn|12\n|\n|t:|1683668438\n|move|p1a: LIVE REACTION|Protect|p1a: LIVE REACTION\n|-singleturn|p1a: LIVE REACTION|Protect\n|move|p1b: fafta|Earthquake|p2b: Tatsugiri|[spread] p2a\n|-miss|p1b: fafta|p2b: Tatsugiri\n|-activate|p1a: LIVE REACTION|move: Protect\n|-damage|p2a: Dondozo|48\/100 slp\n|cant|p2a: Dondozo|slp\n|move|p2a: Dondozo|Sleep Talk|p2a: Dondozo\n|move|p2a: Dondozo|Wave Crash|p1b: fafta|[from]move: Sleep Talk\n|-resisted|p1b: fafta\n|-damage|p1b: fafta|85\/100\n|-damage|p2a: Dondozo|44\/100 slp|[from] Recoil\n|-damage|p2a: Dondozo|34\/100 slp|[from] item: Life Orb\n|\n|-damage|p2a: Dondozo|22\/100 slp|[from] Leech Seed|[of] p1a: LIVE REACTION\n|upkeep\n|turn|13\n|\n|t:|1683668453\n|move|p1b: fafta|Waterfall|p2a: Dondozo\n|-resisted|p2a: Dondozo\n|-damage|p2a: Dondozo|16\/100 slp\n|-curestatus|p2a: Dondozo|slp|[msg]\n|move|p2a: Dondozo|Rest|p2a: Dondozo\n|-status|p2a: Dondozo|slp|[from] move: Rest\n|-heal|p2a: Dondozo|100\/100 slp|[silent]\n|move|p1a: LIVE REACTION|Pollen Puff|p2a: Dondozo\n|-damage|p2a: Dondozo|90\/100 slp\n|\n|-damage|p2a: Dondozo|78\/100 slp|[from] Leech Seed|[of] p1a: LIVE REACTION\n|upkeep\n|turn|14\n|\n|t:|1683668472\n|move|p1b: fafta|Dragon Dance|p1b: fafta\n|-boost|p1b: fafta|atk|1\n|-boost|p1b: fafta|spe|1\n|cant|p2a: Dondozo|slp\n|move|p2a: Dondozo|Sleep Talk|p2a: Dondozo\n|move|p2a: Dondozo|Wave Crash|p1a: LIVE REACTION|[from]move: Sleep Talk\n|-resisted|p1a: LIVE REACTION\n|-damage|p1a: LIVE REACTION|89\/100\n|-damage|p2a: Dondozo|75\/100 slp|[from] Recoil\n|-damage|p2a: Dondozo|65\/100 slp|[from] item: Life Orb\n|move|p1a: LIVE REACTION|Pollen Puff|p2a: Dondozo\n|-damage|p2a: Dondozo|55\/100 slp\n|\n|-damage|p2a: Dondozo|43\/100 slp|[from] Leech Seed|[of] p1a: LIVE REACTION\n|-heal|p1a: LIVE REACTION|100\/100|[silent]\n|upkeep\n|turn|15\n|\n|t:|1683668495\n|move|p1b: fafta|Waterfall|p2a: Dondozo\n|-resisted|p2a: Dondozo\n|-damage|p2a: Dondozo|37\/100 slp\n|cant|p2a: Dondozo|slp\n|move|p2a: Dondozo|Sleep Talk|p2a: Dondozo\n|move|p2a: Dondozo|Rest||[from]move: Sleep Talk|[still]\n|-fail|p2a: Dondozo\n|move|p1a: LIVE REACTION|Pollen Puff|p2a: Dondozo\n|-damage|p2a: Dondozo|28\/100 slp\n|\n|-damage|p2a: Dondozo|15\/100 slp|[from] Leech Seed|[of] p1a: LIVE REACTION\n|upkeep\n|turn|16\n|\n|t:|1683668510\n|move|p1b: fafta|Waterfall|p2a: Dondozo\n|-resisted|p2a: Dondozo\n|-damage|p2a: Dondozo|10\/100 slp\n|-curestatus|p2a: Dondozo|slp|[msg]\n|move|p2a: Dondozo|Rest|p2a: Dondozo\n|-status|p2a: Dondozo|slp|[from] move: Rest\n|-heal|p2a: Dondozo|100\/100 slp|[silent]\n|move|p1a: LIVE REACTION|Pollen Puff|p2a: Dondozo\n|-damage|p2a: Dondozo|91\/100 slp\n|\n|-damage|p2a: Dondozo|79\/100 slp|[from] Leech Seed|[of] p1a: LIVE REACTION\n|upkeep\n|turn|17\n|c|\u2606LILNPALM1627|LOL\n|c|\u2606fayek-47|due\n|c|\u2606fayek-47|dude\n|c|\u2606fayek-47|this is so funny\n|inactive|LILNPALM1627 has 30 seconds left.\n|c|\u2606LILNPALM1627|okay i'll give up then\n|\n|t:|1683668543\n|move|p1b: fafta|Waterfall|p2a: Dondozo\n|-resisted|p2a: Dondozo\n|-damage|p2a: Dondozo|74\/100 slp\n|cant|p2a: Dondozo|slp\n|move|p2a: Dondozo|Sleep Talk|p2a: Dondozo\n|move|p2a: Dondozo|Surf|p1a: LIVE REACTION|[from]move: Sleep Talk|[spread] p1a,p1b\n|-miss|p2a: Dondozo|p2b: Tatsugiri\n|-resisted|p1a: LIVE REACTION\n|-resisted|p1b: fafta\n|-damage|p1a: LIVE REACTION|92\/100\n|-damage|p1b: fafta|73\/100\n|-damage|p2a: Dondozo|64\/100 slp|[from] item: Life Orb\n|move|p1a: LIVE REACTION|Foul Play|p2a: Dondozo\n|-damage|p2a: Dondozo|52\/100 slp\n|\n|-damage|p2a: Dondozo|40\/100 slp|[from] Leech Seed|[of] p1a: LIVE REACTION\n|-heal|p1a: LIVE REACTION|100\/100|[silent]\n|upkeep\n|turn|18\n|c|\u2606fayek-47|nah we love stall\n|c|\u2606LILNPALM1627|sure dude\n|\n|t:|1683668568\n|move|p1b: fafta|Waterfall|p2a: Dondozo\n|-resisted|p2a: Dondozo\n|-damage|p2a: Dondozo|35\/100 slp\n|cant|p2a: Dondozo|slp\n|move|p1a: LIVE REACTION|Foul Play|p2a: Dondozo\n|-damage|p2a: Dondozo|23\/100 slp\n|\n|-damage|p2a: Dondozo|10\/100 slp|[from] Leech Seed|[of] p1a: LIVE REACTION\n|upkeep\n|turn|19\n|\n|t:|1683668578\n|move|p1b: fafta|Waterfall|p2a: Dondozo\n|-resisted|p2a: Dondozo\n|-crit|p2a: Dondozo\n|-damage|p2a: Dondozo|0 fnt\n|faint|p2a: Dondozo\n|move|p1a: LIVE REACTION|Foul Play|p2b: Tatsugiri\n|-damage|p2b: Tatsugiri|84\/100\n|\n|upkeep\n|\n|t:|1683668585\n|switch|p2a: Drednaw|Drednaw, L50, F, shiny|100\/100\n|turn|20\n|c|\u2606LILNPALM1627|okay bye good game\n|c|\u2606fayek-47|gg\n|-message|LILNPALM1627 forfeited.\n|\n|win|fayek-47\n|raw|fayek-47's rating: 1135 → 1161<\/strong> (+26 for winning)\n|raw|LILNPALM1627's rating: 1150 → 1124<\/strong> (-26 for losing)\n|l|\u2606LILNPALM1627\n","uploadtime":1683668619,"views":18,"p1id":"fayek47","p2id":"lilnpalm1627","formatid":"gen9vgc2023regulationc","rating":1124,"private":0,"password":""}