{"id":"gen9vgc2023regulationc-1860707365","p1":"eduardoykl69","p2":"Bafio","format":"[Gen 9] VGC 2023 Regulation C","log":"|j|\u2606eduardoykl69\n|j|\u2606Bafio\n|t:|1683668444\n|gametype|doubles\n|player|p1|eduardoykl69|101|1617\n|player|p2|Bafio|iris|1516\n|teamsize|p1|6\n|teamsize|p2|6\n|gen|9\n|tier|[Gen 9] VGC 2023 Regulation C\n|rated|\n|rule|Species Clause: Limit one of each Pok\u00e9mon\n|rule|Item Clause: Limit one of each item\n|clearpoke\n|poke|p1|Torkoal, L50, M|\n|poke|p1|Flutter Mane, L50|\n|poke|p1|Arcanine, L50, M|\n|poke|p1|Palafin, L50, F|\n|poke|p1|Jumpluff, L50, F|\n|poke|p1|Great Tusk, L50|\n|poke|p2|Orthworm, L50, M|\n|poke|p2|Dragonite, L50, M|\n|poke|p2|Ting-Lu, L50|\n|poke|p2|Gyarados, L50, M|\n|poke|p2|Flutter Mane, L50|\n|poke|p2|Chi-Yu, L50|\n|teampreview|4\n|inactive|Battle timer is ON: inactive players will automatically lose when time's up. (requested by Bafio)\nBafio has agreed to open team sheets.\n|inactive|Bafio has 60 seconds left.\n|\n|t:|1683668478\n|start\n|switch|p1a: Palafin|Palafin, L50, F|100\/100\n|switch|p1b: Jumpluff|Jumpluff, L50, F|100\/100\n|switch|p2a: whoop|Orthworm, L50, M|100\/100\n|switch|p2b: bonk|Ting-Lu, L50|100\/100\n|-ability|p2b: bonk|Vessel of Ruin\n|turn|1\n|\n|t:|1683668495\n|detailschange|p1a: Palafin|Palafin-Hero, L50, F\n|switch|p1a: Arcanine|Arcanine, L50, M|100\/100\n|-ability|p1a: Arcanine|Intimidate|boost\n|-unboost|p2a: whoop|atk|1\n|-unboost|p2b: bonk|atk|1\n|switch|p2a: bzzt|Gyarados, L50, M|100\/100\n|-ability|p2a: bzzt|Intimidate|boost\n|-unboost|p1a: Arcanine|atk|1\n|-unboost|p1b: Jumpluff|atk|1\n|move|p1b: Jumpluff|Sleep Powder|p2a: bzzt\n|-activate|p2a: bzzt|item: Safety Goggles|Sleep Powder\n|move|p2b: bonk|Rock Slide|p1a: Arcanine|[spread] p1b\n|-miss|p2b: bonk|p1a: Arcanine\n|-supereffective|p1b: Jumpluff\n|-damage|p1b: Jumpluff|58\/100\n|\n|upkeep\n|turn|2\n|\n|t:|1683668520\n|switch|p2b: fiuum|Dragonite, L50, M|100\/100\n|move|p1b: Jumpluff|Tailwind|p1b: Jumpluff\n|-sidestart|p1: eduardoykl69|move: Tailwind\n|move|p1a: Arcanine|Will-O-Wisp|p2b: fiuum|[miss]\n|-miss|p1a: Arcanine|p2b: fiuum\n|move|p2a: bzzt|Thunder Wave|p1b: Jumpluff\n|-status|p1b: Jumpluff|par\n|\n|upkeep\n|turn|3\n|\n|t:|1683668533\n|move|p1a: Arcanine|Will-O-Wisp|p2b: fiuum\n|-status|p2b: fiuum|brn\n|-enditem|p2b: fiuum|Lum Berry|[eat]\n|-curestatus|p2b: fiuum|brn|[msg]\n|move|p1b: Jumpluff|Encore|p2a: bzzt\n|-start|p2a: bzzt|Encore\n|move|p2b: fiuum|Dragon Dance|p2b: fiuum\n|-boost|p2b: fiuum|atk|1\n|-boost|p2b: fiuum|spe|1\n|move|p2a: bzzt|Thunder Wave|p1a: Arcanine|[miss]\n|-miss|p2a: bzzt|p1a: Arcanine\n|\n|upkeep\n|turn|4\n|\n|t:|1683668554\n|switch|p1a: Torkoal|Torkoal, L50, M|100\/100\n|-weather|SunnyDay|[from] ability: Drought|[of] p1a: Torkoal\n|switch|p2b: whoop|Orthworm, L50, M|100\/100\n|move|p1b: Jumpluff|Encore||[still]\n|-fail|p1b: Jumpluff\n|move|p2a: bzzt|Thunder Wave|p1a: Torkoal\n|-status|p1a: Torkoal|par\n|\n|-weather|SunnyDay|[upkeep]\n|upkeep\n|turn|5\n|\n|t:|1683668572\n|switch|p2a: bonk|Ting-Lu, L50|100\/100\n|-ability|p2a: bonk|Vessel of Ruin\n|move|p1b: Jumpluff|Leaf Storm|p2a: bonk\n|-supereffective|p2a: bonk\n|-damage|p2a: bonk|69\/100\n|-unboost|p1b: Jumpluff|spa|2\n|move|p2b: whoop|Shed Tail|p2b: whoop\n|-start|p2b: whoop|Substitute|[from] move: Shed Tail\n|-damage|p2b: whoop|50\/100\n|-enditem|p2b: whoop|Sitrus Berry|[eat]\n|-heal|p2b: whoop|75\/100|[from] item: Sitrus Berry\n|\n|t:|1683668583\n|switch|p2b: fiuum|Dragonite, L50, M|100\/100|[from] Shed Tail\n|move|p1a: Torkoal|Yawn||[still]\n|-fail|p1a: Torkoal\n|\n|-weather|SunnyDay|[upkeep]\n|-sideend|p1: eduardoykl69|move: Tailwind\n|upkeep\n|turn|6\n|\n|t:|1683668596\n|cant|p1b: Jumpluff|par\n|move|p2b: fiuum|Dragon Dance|p2b: fiuum\n|-boost|p2b: fiuum|atk|1\n|-boost|p2b: fiuum|spe|1\n|move|p2a: bonk|Rock Slide|p1a: Torkoal|[spread] \n|-miss|p2a: bonk|p1a: Torkoal\n|-miss|p2a: bonk|p1b: Jumpluff\n|move|p1a: Torkoal|Heat Wave|p2a: bonk|[spread] p2a,p2b\n|-resisted|p2b: fiuum\n|-activate|p2b: fiuum|move: Substitute|[damage]\n|-damage|p2a: bonk|50\/100\n|\n|-weather|SunnyDay|[upkeep]\n|upkeep\n|turn|7\n|\n|t:|1683668612\n|-terastallize|p2b: fiuum|Flying\n|move|p2b: fiuum|Tera Blast|p1b: Jumpluff\n|-supereffective|p1b: Jumpluff\n|-damage|p1b: Jumpluff|0 fnt\n|faint|p1b: Jumpluff\n|move|p2a: bonk|Rock Slide|p1a: Torkoal|[miss]\n|-miss|p2a: bonk|p1a: Torkoal\n|cant|p1a: Torkoal|par\n|\n|-weather|SunnyDay|[upkeep]\n|upkeep\n|\n|t:|1683668620\n|switch|p1b: Arcanine|Arcanine, L50, M|100\/100\n|-ability|p1b: Arcanine|Intimidate|boost\n|-unboost|p2a: bonk|atk|1\n|-immune|p2b: fiuum\n|turn|8\n|\n|t:|1683668630\n|move|p2b: fiuum|Tera Blast|p1b: Arcanine\n|-damage|p1b: Arcanine|25\/100\n|move|p1b: Arcanine|Flare Blitz|p2b: fiuum\n|-end|p2b: fiuum|Substitute\n|-damage|p1b: Arcanine|20\/100|[from] Recoil|[of] p2b: fiuum\n|move|p2a: bonk|Rock Slide|p1a: Torkoal|[spread] p1a,p1b\n|-supereffective|p1a: Torkoal\n|-supereffective|p1b: Arcanine\n|-damage|p1a: Torkoal|76\/100 par\n|-damage|p1b: Arcanine|0 fnt\n|faint|p1b: Arcanine\n|move|p1a: Torkoal|Heat Wave|p2b: fiuum|[spread] p2a,p2b\n|-damage|p2a: bonk|28\/100\n|-damage|p2b: fiuum|87\/100\n|\n|-weather|none\n|upkeep\n|\n|t:|1683668637\n|switch|p1b: Palafin|Palafin-Hero, L50, F|100\/100\n|-activate|p1b: Palafin|ability: Zero to Hero\n|turn|9\n|\n|t:|1683668648\n|switch|p2a: bzzt|Gyarados, L50, M|100\/100\n|-ability|p2a: bzzt|Intimidate|boost\n|-unboost|p1a: Torkoal|atk|1\n|-unboost|p1b: Palafin|atk|1\n|move|p2b: fiuum|Earthquake|p1b: Palafin|[spread] p1a,p1b\n|-immune|p2a: bzzt\n|-supereffective|p1a: Torkoal\n|-damage|p1a: Torkoal|24\/100 par\n|-damage|p1b: Palafin|65\/100\n|move|p1b: Palafin|Ice Punch|p2b: fiuum\n|-supereffective|p2b: fiuum\n|-damage|p2b: fiuum|43\/100\n|-status|p2b: fiuum|frz\n|move|p1a: Torkoal|Yawn|p2a: bzzt\n|-start|p2a: bzzt|move: Yawn|[of] p1a: Torkoal\n|\n|upkeep\n|turn|10\n|\n|t:|1683668667\n|switch|p2a: whoop|Orthworm, L50, M|75\/100\n|move|p1b: Palafin|Protect|p1b: Palafin\n|-singleturn|p1b: Palafin|Protect\n|-curestatus|p2b: fiuum|frz|[msg]\n|move|p2b: fiuum|Earthquake|p1a: Torkoal|[spread] p1a\n|-activate|p1b: Palafin|move: Protect\n|-heal|p2a: whoop|100\/100|[from] ability: Earth Eater|[of] p2b: fiuum\n|-supereffective|p1a: Torkoal\n|-damage|p1a: Torkoal|0 fnt\n|faint|p1a: Torkoal\n|\n|upkeep\n|turn|11\n|\n|t:|1683668679\n|move|p2b: fiuum|Tera Blast|p1b: Palafin\n|-damage|p1b: Palafin|0 fnt\n|faint|p1b: Palafin\n|\n|win|Bafio\n|raw|eduardoykl69's rating: 1617 → 1591<\/strong> (-26 for losing)\n|raw|Bafio's rating: 1516 → 1542<\/strong> (+26 for winning)\n|l|\u2606Bafio\n|l|\u2606eduardoykl69\n|j|\u2606Bafio\n|player|p2|Bafio|iris\n","uploadtime":1683668692,"views":19,"p1id":"eduardoykl69","p2id":"bafio","formatid":"gen9vgc2023regulationc","rating":1542,"private":0,"password":""}