{"id":"gen9vgc2023regulationc-1850505925","p1":"Argentum93","p2":"jujuanma","format":"[Gen 9] VGC 2023 Regulation C","log":"|j|\u2606Argentum93\n|j|\u2606jujuanma\n|t:|1682343933\n|gametype|doubles\n|player|p1|Argentum93|266|1310\n|player|p2|jujuanma|n|1380\n|teamsize|p1|6\n|teamsize|p2|6\n|gen|9\n|tier|[Gen 9] VGC 2023 Regulation C\n|rated|\n|rule|Species Clause: Limit one of each Pok\u00e9mon\n|rule|Item Clause: Limit one of each item\n|clearpoke\n|poke|p1|Iron Moth, L50|\n|poke|p1|Chi-Yu, L50|\n|poke|p1|Iron Jugulis, L50|\n|poke|p1|Annihilape, L50, F|\n|poke|p1|Baxcalibur, L50, M|\n|poke|p1|Gastrodon, L50, M|\n|poke|p2|Baxcalibur, L50, M|\n|poke|p2|Palafin, L50, M|\n|poke|p2|Arcanine, L50, F|\n|poke|p2|Flutter Mane, L50|\n|poke|p2|Ting-Lu, L50|\n|poke|p2|Amoonguss, L50, F|\n|teampreview|4\nArgentum93 has agreed to open team sheets.\n|inactive|Battle timer is ON: inactive players will automatically lose when time's up. (requested by Argentum93)\njujuanma has agreed to open team sheets.\n|inactive|jujuanma has 60 seconds left.\n|inactive|jujuanma has 30 seconds left.\n|\n|t:|1682344005\n|start\n|switch|p1a: Iron Moth|Iron Moth, L50|100\/100\n|switch|p1b: Chi-Yu|Chi-Yu, L50|100\/100\n|switch|p2a: Ting-Lu|Ting-Lu, L50|100\/100\n|switch|p2b: Baxcalibur|Baxcalibur, L50, M|100\/100\n|-ability|p1b: Chi-Yu|Beads of Ruin\n|-ability|p2a: Ting-Lu|Vessel of Ruin\n|turn|1\n|inactive|Argentum93 has 30 seconds left.\n|\n|t:|1682344038\n|move|p2b: Baxcalibur|Protect|p2b: Baxcalibur\n|-singleturn|p2b: Baxcalibur|Protect\n|move|p1b: Chi-Yu|Heat Wave|p2b: Baxcalibur|[spread] p2a\n|-activate|p2b: Baxcalibur|move: Protect\n|-damage|p2a: Ting-Lu|77\/100\n|-damage|p1b: Chi-Yu|90\/100|[from] item: Life Orb\n|move|p1a: Iron Moth|Fiery Dance|p2b: Baxcalibur\n|-activate|p2b: Baxcalibur|move: Protect\n|move|p2a: Ting-Lu|Stomping Tantrum|p1b: Chi-Yu\n|-supereffective|p1b: Chi-Yu\n|-damage|p1b: Chi-Yu|0 fnt\n|faint|p1b: Chi-Yu\n|\n|upkeep\n|\n|t:|1682344045\n|switch|p1b: Baxcalibur|Baxcalibur, L50, M|100\/100\n|turn|2\n|inactive|jujuanma has 30 seconds left.\n|inactive|jujuanma has 20 seconds left.\n|inactive|jujuanma has 15 seconds left.\n|inactive|jujuanma has 10 seconds left.\n|\n|t:|1682344095\n|-terastallize|p1b: Baxcalibur|Ice\n|move|p2b: Baxcalibur|Glaive Rush|p1b: Baxcalibur\n|-damage|p1b: Baxcalibur|31\/100\n|-singlemove|p2b: Baxcalibur|Glaive Rush|[silent]\n|move|p1a: Iron Moth|Energy Ball|p2a: Ting-Lu\n|-supereffective|p2a: Ting-Lu\n|-damage|p2a: Ting-Lu|54\/100\n|move|p1b: Baxcalibur|Icicle Spear|p2a: Ting-Lu\n|-supereffective|p2a: Ting-Lu\n|-damage|p2a: Ting-Lu|34\/100\n|-supereffective|p2a: Ting-Lu\n|-damage|p2a: Ting-Lu|10\/100\n|-supereffective|p2a: Ting-Lu\n|-damage|p2a: Ting-Lu|0 fnt\n|faint|p2a: Ting-Lu\n|-hitcount|p2: Ting-Lu|3\n|\n|upkeep\n|\n|t:|1682344104\n|switch|p2a: Flutter Mane|Flutter Mane, L50|100\/100\n|turn|3\n|\n|t:|1682344123\n|switch|p2b: Palafin|Palafin, L50, M|100\/100\n|move|p1b: Baxcalibur|Ice Shard|p2a: Flutter Mane\n|-damage|p2a: Flutter Mane|41\/100\n|move|p2a: Flutter Mane|Moonblast|p1b: Baxcalibur\n|-damage|p1b: Baxcalibur|0 fnt\n|faint|p1b: Baxcalibur\n|move|p1a: Iron Moth|Fiery Dance|p2a: Flutter Mane\n|-damage|p2a: Flutter Mane|0 fnt\n|-boost|p1a: Iron Moth|spa|1\n|faint|p2a: Flutter Mane\n|-end|p2a: Flutter Mane|Protosynthesis|[silent]\n|\n|upkeep\n|\n|t:|1682344134\n|switch|p2a: Baxcalibur|Baxcalibur, L50, M|100\/100\n|switch|p1b: Gastrodon|Gastrodon, L50, M|100\/100\n|turn|4\n|\n|t:|1682344152\n|-terastallize|p2a: Baxcalibur|Poison\n|move|p1b: Gastrodon|Protect|p1b: Gastrodon\n|-singleturn|p1b: Gastrodon|Protect\n|move|p2a: Baxcalibur|Glaive Rush|p1b: Gastrodon\n|-activate|p1b: Gastrodon|move: Protect\n|move|p1a: Iron Moth|Sludge Wave|p2b: Palafin|[spread] p2a,p2b\n|-activate|p1b: Gastrodon|move: Protect\n|-resisted|p2a: Baxcalibur\n|-damage|p2a: Baxcalibur|71\/100\n|-damage|p2b: Palafin|29\/100\n|move|p2b: Palafin|Haze|p2b: Palafin\n|-clearallboost\n|\n|upkeep\n|turn|5\n|inactive|Argentum93 has 30 seconds left.\n|\n|t:|1682344178\n|move|p2b: Palafin|Protect|p2b: Palafin\n|-singleturn|p2b: Palafin|Protect\n|move|p2a: Baxcalibur|Glaive Rush|p1b: Gastrodon\n|-damage|p1b: Gastrodon|41\/100\n|-singlemove|p2a: Baxcalibur|Glaive Rush|[silent]\n|move|p1a: Iron Moth|Energy Ball|p2b: Palafin\n|-activate|p2b: Palafin|move: Protect\n|move|p1b: Gastrodon|Earth Power|p2a: Baxcalibur\n|-supereffective|p2a: Baxcalibur\n|-damage|p2a: Baxcalibur|0 fnt\n|faint|p2a: Baxcalibur\n|\n|-heal|p1b: Gastrodon|47\/100|[from] item: Leftovers\n|upkeep\n|turn|6\n|-message|jujuanma forfeited.\n|\n|win|Argentum93\n|raw|Argentum93's rating: 1310 → 1334<\/strong> (+24 for winning)\n|raw|jujuanma's rating: 1380 → 1356<\/strong> (-24 for losing)\n|l|\u2606jujuanma\n|c|\u2606Argentum93|gg\n","uploadtime":1682344204,"views":30,"p1id":"argentum93","p2id":"jujuanma","formatid":"gen9vgc2023regulationc","rating":1334,"private":0,"password":""}