{"id":"gen9vgc2023regulationc-1855157771","p1":"Clicky-Clacky","p2":"Ikashae","format":"[Gen 9] VGC 2023 Regulation C","log":"|j|\u2606Clicky-Clacky\n|j|\u2606Ikashae\n|t:|1682908381\n|gametype|doubles\n|player|p1|Clicky-Clacky|170|1065\n|player|p2|Ikashae|hilbert|1048\n|teamsize|p1|6\n|teamsize|p2|6\n|gen|9\n|tier|[Gen 9] VGC 2023 Regulation C\n|rated|\n|rule|Species Clause: Limit one of each Pok\u00e9mon\n|rule|Item Clause: Limit one of each item\n|clearpoke\n|poke|p1|Torkoal, L50, M|\n|poke|p1|Jumpluff, L50, M|\n|poke|p1|Flutter Mane, L50|\n|poke|p1|Great Tusk, L50|\n|poke|p1|Chi-Yu, L50|\n|poke|p1|Chien-Pao, L50|\n|poke|p2|Quaquaval, L50, F|\n|poke|p2|Tsareena, L50, F|\n|poke|p2|Arcanine, L50, M|\n|poke|p2|Chien-Pao, L50|\n|poke|p2|Tinkaton, L50, F|\n|poke|p2|Pelipper, L50, F|\n|teampreview|4\n|inactive|Battle timer is ON: inactive players will automatically lose when time's up. (requested by Ikashae)\n|inactive|Ikashae has 60 seconds left.\n|\n|t:|1682908421\n|start\n|switch|p1a: Torkoal|Torkoal, L50, M|100\/100\n|switch|p1b: Jumpluff|Jumpluff, L50, M|100\/100\n|switch|p2a: Pelipper|Pelipper, L50, F|100\/100\n|switch|p2b: Tsareena|Tsareena, L50, F|100\/100\n|-weather|RainDance|[from] ability: Drizzle|[of] p2a: Pelipper\n|-weather|SunnyDay|[from] ability: Drought|[of] p1a: Torkoal\n|turn|1\n|inactive|Ikashae has 30 seconds left.\n|inactive|Ikashae has 20 seconds left.\n|inactive|Ikashae has 15 seconds left.\n|inactive|Ikashae has 10 seconds left.\n|\n|t:|1682908469\n|-terastallize|p2b: Tsareena|Fire\n|move|p1b: Jumpluff|Sleep Powder|p2b: Tsareena\n|-status|p2b: Tsareena|slp|[from] move: Sleep Powder\n|cant|p2b: Tsareena|slp\n|move|p2a: Pelipper|Tailwind|p2a: Pelipper\n|-sidestart|p2: Ikashae|move: Tailwind\n|move|p1a: Torkoal|Yawn|p2a: Pelipper\n|-start|p2a: Pelipper|move: Yawn|[of] p1a: Torkoal\n|\n|-weather|SunnyDay|[upkeep]\n|upkeep\n|turn|2\n|inactive|Clicky-Clacky has 30 seconds left.\n|inactive|Ikashae has 30 seconds left.\n|inactive|Clicky-Clacky has 20 seconds left.\n|inactive|Clicky-Clacky has 15 seconds left.\n|inactive|Clicky-Clacky has 10 seconds left.\n|\n|t:|1682908516\n|switch|p2a: Quaquaval|Quaquaval, L50, F|100\/100\n|move|p1a: Torkoal|Protect|p1a: Torkoal\n|-singleturn|p1a: Torkoal|Protect\n|move|p1b: Jumpluff|Tailwind|p1b: Jumpluff\n|-sidestart|p1: Clicky-Clacky|move: Tailwind\n|cant|p2b: Tsareena|slp\n|\n|-weather|SunnyDay|[upkeep]\n|upkeep\n|turn|3\n|\n|t:|1682908534\n|switch|p1a: Flutter Mane|Flutter Mane, L50|100\/100\n|-activate|p1a: Flutter Mane|ability: Protosynthesis\n|-start|p1a: Flutter Mane|protosynthesisspe\n|move|p1b: Jumpluff|Sleep Powder|p2a: Quaquaval|[miss]\n|-miss|p1b: Jumpluff|p2a: Quaquaval\n|move|p2a: Quaquaval|Aqua Step|p1a: Flutter Mane\n|-damage|p1a: Flutter Mane|62\/100\n|-boost|p2a: Quaquaval|spe|1\n|-curestatus|p2b: Tsareena|slp|[msg]\n|move|p2b: Tsareena|Zen Headbutt|p1b: Jumpluff\n|-damage|p1b: Jumpluff|65\/100\n|\n|-weather|SunnyDay|[upkeep]\n|upkeep\n|turn|4\n|inactive|Ikashae has 30 seconds left.\n|\n|t:|1682908561\n|move|p1b: Jumpluff|Sleep Powder|p2a: Quaquaval|[miss]\n|-miss|p1b: Jumpluff|p2a: Quaquaval\n|move|p1a: Flutter Mane|Dazzling Gleam|p2b: Tsareena|[spread] p2a,p2b\n|-supereffective|p2a: Quaquaval\n|-resisted|p2b: Tsareena\n|-damage|p2a: Quaquaval|0 fnt\n|-damage|p2b: Tsareena|85\/100\n|faint|p2a: Quaquaval\n|move|p2b: Tsareena|Zen Headbutt|p1b: Jumpluff\n|-damage|p1b: Jumpluff|32\/100\n|\n|-weather|SunnyDay|[upkeep]\n|-sideend|p2: Ikashae|move: Tailwind\n|upkeep\n|\n|t:|1682908573\n|switch|p2a: Tinkaton|Tinkaton, L50, F|100\/100\n|-ability|p2a: Tinkaton|Mold Breaker\n|turn|5\n|\n|t:|1682908586\n|move|p2a: Tinkaton|Fake Out|p1b: Jumpluff\n|-damage|p1b: Jumpluff|22\/100\n|move|p1b: Jumpluff|Sleep Powder|p2b: Tsareena\n|-status|p2b: Tsareena|slp|[from] move: Sleep Powder\n|move|p1a: Flutter Mane|Dazzling Gleam|p2b: Tsareena|[spread] p2a,p2b\n|-resisted|p2a: Tinkaton\n|-resisted|p2b: Tsareena\n|-damage|p2a: Tinkaton|82\/100\n|-damage|p2b: Tsareena|70\/100 slp\n|cant|p2b: Tsareena|slp\n|\n|-weather|none\n|-end|p1a: Flutter Mane|Protosynthesis\n|-sideend|p1: Clicky-Clacky|move: Tailwind\n|upkeep\n|turn|6\n|inactive|Clicky-Clacky has 30 seconds left.\n|inactive|Ikashae has 30 seconds left.\n|\n|t:|1682908619\n|move|p1a: Flutter Mane|Dazzling Gleam|p2a: Tinkaton|[spread] p2a,p2b\n|-resisted|p2a: Tinkaton\n|-resisted|p2b: Tsareena\n|-damage|p2a: Tinkaton|60\/100\n|-damage|p2b: Tsareena|54\/100 slp\n|move|p1b: Jumpluff|Sleep Powder|p2a: Tinkaton\n|-status|p2a: Tinkaton|slp|[from] move: Sleep Powder\n|cant|p2a: Tinkaton|slp\n|cant|p2b: Tsareena|slp\n|\n|upkeep\n|turn|7\n|\n|t:|1682908633\n|-end|p1a: Flutter Mane|Protosynthesis|[silent]\n|switch|p1a: Chi-Yu|Chi-Yu, L50|100\/100\n|-ability|p1a: Chi-Yu|Beads of Ruin\n|move|p1b: Jumpluff|Tailwind|p1b: Jumpluff\n|-sidestart|p1: Clicky-Clacky|move: Tailwind\n|-curestatus|p2a: Tinkaton|slp|[msg]\n|move|p2a: Tinkaton|Knock Off|p1b: Jumpluff\n|-damage|p1b: Jumpluff|1\/100\n|-enditem|p1b: Jumpluff|Covert Cloak|[from] move: Knock Off|[of] p2a: Tinkaton\n|cant|p2b: Tsareena|slp\n|\n|upkeep\n|turn|8\n|inactive|Clicky-Clacky has 30 seconds left.\n|\n|t:|1682908658\n|switch|p2a: Pelipper|Pelipper, L50, F|100\/100\n|-weather|RainDance|[from] ability: Drizzle|[of] p2a: Pelipper\n|move|p1b: Jumpluff|Encore||[still]\n|-fail|p1b: Jumpluff\n|move|p1a: Chi-Yu|Heat Wave|p2a: Pelipper|[spread] p2a,p2b\n|-resisted|p2a: Pelipper\n|-resisted|p2b: Tsareena\n|-damage|p2a: Pelipper|81\/100\n|-damage|p2b: Tsareena|45\/100 slp\n|-damage|p1a: Chi-Yu|90\/100|[from] item: Life Orb\n|-curestatus|p2b: Tsareena|slp|[msg]\n|move|p2b: Tsareena|Zen Headbutt|p1b: Jumpluff\n|-damage|p1b: Jumpluff|0 fnt\n|faint|p1b: Jumpluff\n|\n|-weather|RainDance|[upkeep]\n|upkeep\n|\n|t:|1682908667\n|switch|p1b: Torkoal|Torkoal, L50, M|100\/100\n|-weather|SunnyDay|[from] ability: Drought|[of] p1b: Torkoal\n|turn|9\n|\n|t:|1682908687\n|move|p1b: Torkoal|Helping Hand|p1a: Chi-Yu\n|-singleturn|p1a: Chi-Yu|Helping Hand|[of] p1b: Torkoal\n|move|p1a: Chi-Yu|Heat Wave|p2b: Tsareena|[spread] p2a\n|-miss|p1a: Chi-Yu|p2b: Tsareena\n|-resisted|p2a: Pelipper\n|-damage|p2a: Pelipper|0 fnt\n|faint|p2a: Pelipper\n|-damage|p1a: Chi-Yu|80\/100|[from] item: Life Orb\n|move|p2b: Tsareena|High Jump Kick|p1a: Chi-Yu\n|-supereffective|p1a: Chi-Yu\n|-damage|p1a: Chi-Yu|0 fnt\n|faint|p1a: Chi-Yu\n|\n|-weather|SunnyDay|[upkeep]\n|upkeep\n|\n|t:|1682908710\n|switch|p1a: Flutter Mane|Flutter Mane, L50|62\/100\n|switch|p2a: Tinkaton|Tinkaton, L50, F|60\/100\n|-activate|p1a: Flutter Mane|ability: Protosynthesis\n|-start|p1a: Flutter Mane|protosynthesisspe\n|-ability|p2a: Tinkaton|Mold Breaker\n|turn|10\n|\n|t:|1682908727\n|move|p1b: Torkoal|Helping Hand|p1a: Flutter Mane\n|-singleturn|p1a: Flutter Mane|Helping Hand|[of] p1b: Torkoal\n|move|p2a: Tinkaton|Fake Out|p1b: Torkoal\n|-damage|p1b: Torkoal|94\/100\n|move|p1a: Flutter Mane|Dazzling Gleam|p2a: Tinkaton|[spread] p2a,p2b\n|-resisted|p2a: Tinkaton\n|-resisted|p2b: Tsareena\n|-damage|p2a: Tinkaton|30\/100\n|-damage|p2b: Tsareena|21\/100\n|-enditem|p2a: Tinkaton|Sitrus Berry|[eat]\n|-heal|p2a: Tinkaton|55\/100|[from] item: Sitrus Berry\n|move|p2b: Tsareena|Power Whip|p1a: Flutter Mane|[miss]\n|-miss|p2b: Tsareena|p1a: Flutter Mane\n|\n|-weather|SunnyDay|[upkeep]\n|-sideend|p1: Clicky-Clacky|move: Tailwind\n|upkeep\n|turn|11\n|inactive|Clicky-Clacky has 30 seconds left.\n|\n|t:|1682908759\n|move|p1b: Torkoal|Helping Hand|p1a: Flutter Mane\n|-singleturn|p1a: Flutter Mane|Helping Hand|[of] p1b: Torkoal\n|move|p1a: Flutter Mane|Dazzling Gleam|p2b: Tsareena|[spread] p2a,p2b\n|-resisted|p2a: Tinkaton\n|-resisted|p2b: Tsareena\n|-damage|p2a: Tinkaton|24\/100\n|-damage|p2b: Tsareena|0 fnt\n|faint|p2b: Tsareena\n|move|p2a: Tinkaton|Gigaton Hammer|p1a: Flutter Mane\n|-supereffective|p1a: Flutter Mane\n|-damage|p1a: Flutter Mane|0 fnt\n|faint|p1a: Flutter Mane\n|-end|p1a: Flutter Mane|Protosynthesis|[silent]\n|\n|-weather|SunnyDay|[upkeep]\n|upkeep\n|turn|12\n|\n|t:|1682908773\n|move|p2a: Tinkaton|Play Rough|p1b: Torkoal\n|-resisted|p1b: Torkoal\n|-damage|p1b: Torkoal|84\/100\n|move|p1b: Torkoal|Overheat|p2a: Tinkaton\n|-supereffective|p2a: Tinkaton\n|-damage|p2a: Tinkaton|0 fnt\n|-unboost|p1b: Torkoal|spa|2\n|faint|p2a: Tinkaton\n|\n|win|Clicky-Clacky\n|raw|Clicky-Clacky's rating: 1065 → 1094<\/strong> (+29 for winning)\n|raw|Ikashae's rating: 1048 → 1032<\/strong> (-16 for losing)\n","uploadtime":1682908781,"views":11,"p1id":"clickyclacky","p2id":"ikashae","formatid":"gen9vgc2023regulationc","rating":1032,"private":0,"password":""}