{"id":"gen9vgc2023regulationc-1860494979","p1":"MrEggPie","p2":"ramxcore","format":"[Gen 9] VGC 2023 Regulation C","log":"|j|\u2606MrEggPie\n|j|\u2606ramxcore\n|t:|1683649116\n|gametype|doubles\n|player|p1|MrEggPie|aromalady|\n|player|p2|ramxcore|101|\n|teamsize|p1|6\n|teamsize|p2|6\n|gen|9\n|tier|[Gen 9] VGC 2023 Regulation C\n|rule|Species Clause: Limit one of each Pok\u00e9mon\n|rule|Item Clause: Limit one of each item\n|clearpoke\n|poke|p1|Scizor, L50, F|\n|poke|p1|Amoonguss, L50, F|\n|poke|p1|Ting-Lu, L50|\n|poke|p1|Iron Hands, L50|\n|poke|p1|Iron Bundle, L50|\n|poke|p1|Ceruledge, L50, F|\n|poke|p2|Gholdengo, L50|\n|poke|p2|Dondozo, L50, M|\n|poke|p2|Wo-Chien, L50|\n|poke|p2|Chien-Pao, L50|\n|poke|p2|Arcanine, L50, F|\n|poke|p2|Tatsugiri, L50, F|\n|teampreview|4\n|inactive|Battle timer is ON: inactive players will automatically lose when time's up. (requested by ramxcore)\nMrEggPie has agreed to open team sheets.\n|inactive|MrEggPie has 60 seconds left.\n|inactive|ramxcore has 60 seconds left.\nramxcore has agreed to open team sheets.\n|inactive|MrEggPie has 30 seconds left.\n|inactive|MrEggPie has 20 seconds left.\n|inactive|MrEggPie has 15 seconds left.\n|inactive|MrEggPie has 10 seconds left.\n|\n|t:|1683649203\n|start\n|switch|p1a: Ceruledge|Ceruledge, L50, F|100\/100\n|switch|p1b: Scizor|Scizor, L50, F|100\/100\n|switch|p2a: Dondozo|Dondozo, L50, M|100\/100\n|switch|p2b: Arcanine|Arcanine, L50, F|100\/100\n|-ability|p2b: Arcanine|Intimidate|boost\n|-unboost|p1a: Ceruledge|atk|1\n|-unboost|p1b: Scizor|atk|1\n|turn|1\n|inactive|MrEggPie has 30 seconds left.\n|inactive|ramxcore has 30 seconds left.\n|inactive|ramxcore has 20 seconds left.\n|inactive|ramxcore has 15 seconds left.\n|inactive|ramxcore has 10 seconds left.\n|inactive|ramxcore has 5 seconds left.\n|\n|t:|1683649258\n|switch|p1a: Ting-Lu|Ting-Lu, L50|100\/100\n|-ability|p1a: Ting-Lu|Vessel of Ruin\n|move|p1b: Scizor|Protect|p1b: Scizor\n|-singleturn|p1b: Scizor|Protect\n|move|p2b: Arcanine|Flare Blitz|p1b: Scizor\n|-activate|p1b: Scizor|move: Protect\n|move|p2a: Dondozo|Wave Crash|p1a: Ting-Lu\n|-supereffective|p1a: Ting-Lu\n|-damage|p1a: Ting-Lu|12\/100\n|-damage|p2a: Dondozo|70\/100|[from] Recoil\n|-damage|p2a: Dondozo|60\/100|[from] item: Life Orb\n|\n|-heal|p1a: Ting-Lu|18\/100|[from] item: Leftovers\n|upkeep\n|turn|2\n|\n|t:|1683649280\n|switch|p2b: Tatsugiri|Tatsugiri, L50, F|100\/100\n|-activate|p2b: Tatsugiri|ability: Commander|[of] p2a: Dondozo\n|-boost|p2a: Dondozo|atk|2\n|-boost|p2a: Dondozo|spa|2\n|-boost|p2a: Dondozo|spe|2\n|-boost|p2a: Dondozo|def|2\n|-boost|p2a: Dondozo|spd|2\n|-terastallize|p2a: Dondozo|Fire\n|move|p1a: Ting-Lu|Protect|p1a: Ting-Lu\n|-singleturn|p1a: Ting-Lu|Protect\n|move|p2a: Dondozo|Tera Blast|p1b: Scizor\n|-supereffective|p1b: Scizor\n|-damage|p1b: Scizor|0 fnt\n|faint|p1b: Scizor\n|-damage|p2a: Dondozo|50\/100|[from] item: Life Orb\n|\n|-heal|p1a: Ting-Lu|24\/100|[from] item: Leftovers\n|upkeep\n|\n|t:|1683649296\n|switch|p1b: Amoonguss|Amoonguss, L50, F|100\/100\n|turn|3\n|\n|t:|1683649314\n|switch|p1b: Ceruledge|Ceruledge, L50, F|100\/100\n|move|p2a: Dondozo|Tera Blast|p1b: Ceruledge\n|-start|p1b: Ceruledge|ability: Flash Fire\n|move|p1a: Ting-Lu|Stomping Tantrum|p2a: Dondozo\n|-supereffective|p2a: Dondozo\n|-damage|p2a: Dondozo|26\/100\n|\n|-heal|p1a: Ting-Lu|30\/100|[from] item: Leftovers\n|upkeep\n|turn|4\n|inactive|ramxcore has 30 seconds left.\n|inactive|ramxcore has 20 seconds left.\n|\n|t:|1683649352\n|-terastallize|p1b: Ceruledge|Grass\n|move|p1a: Ting-Lu|Protect|p1a: Ting-Lu\n|-singleturn|p1a: Ting-Lu|Protect\n|move|p1b: Ceruledge|Bitter Blade|p2a: Dondozo\n|-resisted|p2a: Dondozo\n|-damage|p2a: Dondozo|14\/100\n|move|p2a: Dondozo|Rock Slide|p1a: Ting-Lu|[spread] p1b\n|-activate|p1a: Ting-Lu|move: Protect\n|-damage|p1b: Ceruledge|39\/100\n|-damage|p2a: Dondozo|4\/100|[from] item: Life Orb\n|\n|-heal|p1a: Ting-Lu|36\/100|[from] item: Leftovers\n|upkeep\n|turn|5\n|\n|t:|1683649374\n|move|p1b: Ceruledge|Shadow Sneak|p2a: Dondozo\n|-damage|p2a: Dondozo|0 fnt\n|faint|p2a: Dondozo\n|move|p1a: Ting-Lu|Stomping Tantrum|p2b: Tatsugiri\n|-damage|p2b: Tatsugiri|28\/100\n|\n|-heal|p1a: Ting-Lu|42\/100|[from] item: Leftovers\n|upkeep\n|\n|t:|1683649399\n|switch|p2a: Gholdengo|Gholdengo, L50|100\/100\n|turn|6\n|inactive|MrEggPie has 30 seconds left.\n|\n|t:|1683649429\n|move|p1b: Ceruledge|Shadow Sneak|p2b: Tatsugiri\n|-damage|p2b: Tatsugiri|0 fnt\n|faint|p2b: Tatsugiri\n|move|p2a: Gholdengo|Make It Rain|p1b: Ceruledge|[spread] p1a,p1b\n|-crit|p1b: Ceruledge\n|-damage|p1a: Ting-Lu|5\/100\n|-damage|p1b: Ceruledge|0 fnt\n|-unboost|p2a: Gholdengo|spa|1\n|faint|p1b: Ceruledge\n|move|p1a: Ting-Lu|Stomping Tantrum|p2a: Gholdengo\n|-supereffective|p2a: Gholdengo\n|-damage|p2a: Gholdengo|27\/100\n|\n|-heal|p1a: Ting-Lu|11\/100|[from] item: Leftovers\n|upkeep\n|\n|t:|1683649442\n|switch|p2b: Arcanine|Arcanine, L50, F|100\/100\n|switch|p1b: Amoonguss|Amoonguss, L50, F|100\/100\n|-ability|p2b: Arcanine|Intimidate|boost\n|-unboost|p1a: Ting-Lu|atk|1\n|-unboost|p1b: Amoonguss|atk|1\n|turn|7\n|\n|t:|1683649467\n|move|p2a: Gholdengo|Make It Rain|p1b: Amoonguss|[spread] p1a,p1b\n|-damage|p1a: Ting-Lu|0 fnt\n|-damage|p1b: Amoonguss|77\/100\n|-unboost|p2a: Gholdengo|spa|1\n|faint|p1a: Ting-Lu\n|move|p2b: Arcanine|Flare Blitz|p1b: Amoonguss\n|-supereffective|p1b: Amoonguss\n|-damage|p1b: Amoonguss|0 fnt\n|faint|p1b: Amoonguss\n|-damage|p2b: Arcanine|71\/100|[from] Recoil\n|\n|win|ramxcore\n","uploadtime":1683649482,"views":13,"p1id":"mreggpie","p2id":"ramxcore","formatid":"gen9vgc2023regulationc","rating":0,"private":0,"password":""}