{"id":"gen9vgc2023regulationc-1851797062","p1":"snif29","p2":"MenMo","format":"[Gen 9] VGC 2023 Regulation C","log":"|j|\u2606snif29\n|j|\u2606MenMo\n|t:|1682485332\n|gametype|doubles\n|player|p1|snif29|102|1000\n|player|p2|MenMo|rosa|1084\n|teamsize|p1|4\n|teamsize|p2|6\n|gen|9\n|tier|[Gen 9] VGC 2023 Regulation C\n|rated|\n|rule|Species Clause: Limit one of each Pok\u00e9mon\n|rule|Item Clause: Limit one of each item\n|clearpoke\n|poke|p1|Brute Bonnet, L50|\n|poke|p1|Torkoal, L50, M|\n|poke|p1|Grimmsnarl, L50, M|\n|poke|p1|Annihilape, L50, M|\n|poke|p2|Arcanine, L50, M|\n|poke|p2|Gyarados, L50, M|\n|poke|p2|Great Tusk, L50|\n|poke|p2|Flutter Mane, L50|\n|poke|p2|Chi-Yu, L50|\n|poke|p2|Amoonguss, L50, M|\n|teampreview|4\nsnif29 has agreed to open team sheets.\n|\n|t:|1682485359\n|start\n|switch|p1a: Brute Bonnet|Brute Bonnet, L50|100\/100\n|switch|p1b: Grimmsnarl|Grimmsnarl, L50, M|100\/100\n|switch|p2a: Great Tusk|Great Tusk, L50|100\/100\n|switch|p2b: Flutter Mane|Flutter Mane, L50|100\/100\n|turn|1\n|\n|t:|1682485395\n|-end|p2b: Flutter Mane|Protosynthesis|[silent]\n|switch|p2b: Gyarados|Gyarados, L50, M|100\/100\n|-ability|p2b: Gyarados|Intimidate|boost\n|-unboost|p1a: Brute Bonnet|atk|1\n|-unboost|p1b: Grimmsnarl|atk|1\n|move|p1a: Brute Bonnet|Protect|p1a: Brute Bonnet\n|-singleturn|p1a: Brute Bonnet|Protect\n|move|p1b: Grimmsnarl|Light Screen|p1b: Grimmsnarl\n|-sidestart|p1: snif29|move: Light Screen\n|move|p2a: Great Tusk|Ice Spinner|p1a: Brute Bonnet\n|-activate|p1a: Brute Bonnet|move: Protect\n|\n|upkeep\n|turn|2\n|\n|t:|1682485423\n|move|p1b: Grimmsnarl|Parting Shot|p2b: Gyarados\n|-unboost|p2b: Gyarados|atk|1\n|-unboost|p2b: Gyarados|spa|1\n|\n|t:|1682485427\n|switch|p1b: Torkoal|Torkoal, L50, M|100\/100|[from] Parting Shot\n|-weather|SunnyDay|[from] ability: Drought|[of] p1b: Torkoal\n|-activate|p2a: Great Tusk|ability: Protosynthesis\n|-start|p2a: Great Tusk|protosynthesisatk\n|-activate|p1a: Brute Bonnet|ability: Protosynthesis\n|-start|p1a: Brute Bonnet|protosynthesisspe\n|move|p1a: Brute Bonnet|Spore|p2a: Great Tusk\n|-status|p2a: Great Tusk|slp|[from] move: Spore\n|cant|p2a: Great Tusk|slp\n|move|p2b: Gyarados|Taunt|p1b: Torkoal\n|-start|p1b: Torkoal|move: Taunt\n|\n|-weather|SunnyDay|[upkeep]\n|upkeep\n|turn|3\n|\n|t:|1682485451\n|move|p1a: Brute Bonnet|Spore|p2b: Gyarados\n|-status|p2b: Gyarados|slp|[from] move: Spore\n|cant|p2a: Great Tusk|slp\n|cant|p2b: Gyarados|slp\n|move|p1b: Torkoal|Clear Smog|p1a: Brute Bonnet\n|-supereffective|p1a: Brute Bonnet\n|-damage|p1a: Brute Bonnet|80\/100\n|-clearboost|p1a: Brute Bonnet\n|-enditem|p1a: Brute Bonnet|Weakness Policy\n|-boost|p1a: Brute Bonnet|atk|2|[from] item: Weakness Policy\n|-boost|p1a: Brute Bonnet|spa|2|[from] item: Weakness Policy\n|\n|-weather|SunnyDay|[upkeep]\n|upkeep\n|turn|4\n|\n|t:|1682485474\n|move|p1a: Brute Bonnet|Seed Bomb|p2a: Great Tusk\n|-supereffective|p2a: Great Tusk\n|-damage|p2a: Great Tusk|0 fnt\n|faint|p2a: Great Tusk\n|-end|p2a: Great Tusk|Protosynthesis|[silent]\n|cant|p2b: Gyarados|slp\n|move|p1b: Torkoal|Eruption|p2b: Gyarados\n|-resisted|p2b: Gyarados\n|-damage|p2b: Gyarados|57\/100 slp\n|\n|-weather|SunnyDay|[upkeep]\n|-heal|p2b: Gyarados|63\/100 slp|[from] item: Leftovers\n|-end|p1b: Torkoal|move: Taunt\n|upkeep\n|\n|t:|1682485490\n|switch|p2a: Flutter Mane|Flutter Mane, L50|100\/100\n|-activate|p2a: Flutter Mane|ability: Protosynthesis\n|-start|p2a: Flutter Mane|protosynthesisspe\n|turn|5\n|\n|t:|1682485508\n|-terastallize|p2a: Flutter Mane|Fairy\n|move|p1a: Brute Bonnet|Protect|p1a: Brute Bonnet\n|-singleturn|p1a: Brute Bonnet|Protect\n|move|p2a: Flutter Mane|Moonblast|p1a: Brute Bonnet\n|-activate|p1a: Brute Bonnet|move: Protect\n|cant|p2b: Gyarados|slp\n|move|p1b: Torkoal|Eruption|p2a: Flutter Mane|[spread] p2a,p2b\n|-resisted|p2b: Gyarados\n|-damage|p2a: Flutter Mane|38\/100\n|-damage|p2b: Gyarados|31\/100 slp\n|\n|-weather|SunnyDay|[upkeep]\n|-heal|p2b: Gyarados|37\/100 slp|[from] item: Leftovers\n|-sideend|p1: snif29|move: Light Screen\n|upkeep\n|turn|6\n|-message|MenMo forfeited.\n|\n|win|snif29\n|raw|snif29's rating: 1000 → 1049<\/strong> (+49 for winning)\n|raw|MenMo's rating: 1084 → 1056<\/strong> (-28 for losing)\n|l|\u2606MenMo\n","uploadtime":1682485551,"views":13,"p1id":"snif29","p2id":"menmo","formatid":"gen9vgc2023regulationc","rating":1049,"private":0,"password":""}