{"id":"gen9vgc2023regulationc-1854744630","p1":"mysafewordisharder","p2":"Hd70","format":"[Gen 9] VGC 2023 Regulation C","log":"|j|\u2606mysafewordisharder\n|j|\u2606Hd70\n|t:|1682860321\n|gametype|doubles\n|player|p1|mysafewordisharder|milo|1269\n|player|p2|Hd70|2|1229\n|teamsize|p1|6\n|teamsize|p2|6\n|gen|9\n|tier|[Gen 9] VGC 2023 Regulation C\n|rated|\n|rule|Species Clause: Limit one of each Pok\u00e9mon\n|rule|Item Clause: Limit one of each item\n|clearpoke\n|poke|p1|Garganacl, L50, M|\n|poke|p1|Arcanine, L50, M|\n|poke|p1|Amoonguss, L50, F|\n|poke|p1|Palafin, L50, F|\n|poke|p1|Flutter Mane, L50|\n|poke|p1|Baxcalibur, L50, F|\n|poke|p2|Espathra, L50, F|\n|poke|p2|Avalugg, L50, F|\n|poke|p2|Kingambit, L50, M|\n|poke|p2|Veluza, L50, F|\n|poke|p2|Gogoat, L50, M|\n|poke|p2|Glimmora, L50, M|\n|teampreview|4\nmysafewordisharder has agreed to open team sheets.\nHd70 has agreed to open team sheets.\n|c|\u2606mysafewordisharder|glhf\n|c|\u2606mysafewordisharder|geeta's team?\n|c|\u2606Hd70|glhf. yes.\n|\n|t:|1682860399\n|start\n|switch|p1a: Chest Day|Palafin, L50, F|100\/100\n|switch|p1b: Salt me Bae|Garganacl, L50, M|100\/100\n|switch|p2a: Espathra|Espathra, L50, F|100\/100\n|switch|p2b: Kingambit|Kingambit, L50, M|100\/100\n|turn|1\n|\n|t:|1682860445\n|detailschange|p1a: Chest Day|Palafin-Hero, L50, F\n|switch|p1a: Sus|Amoonguss, L50, F|100\/100\n|move|p2a: Espathra|Protect|p2a: Espathra\n|-singleturn|p2a: Espathra|Protect\n|move|p2b: Kingambit|Protect|p2b: Kingambit\n|-singleturn|p2b: Kingambit|Protect\n|move|p1b: Salt me Bae|Salt Cure|p2b: Kingambit\n|-activate|p2b: Kingambit|move: Protect\n|\n|-ability|p2a: Espathra|Speed Boost|boost\n|-boost|p2a: Espathra|spe|1\n|upkeep\n|turn|2\n|\n|t:|1682860484\n|-terastallize|p2a: Espathra|Grass\n|move|p1a: Sus|Protect|p1a: Sus\n|-singleturn|p1a: Sus|Protect\n|move|p2a: Espathra|Lumina Crash|p1b: Salt me Bae\n|-damage|p1b: Salt me Bae|63\/100\n|-unboost|p1b: Salt me Bae|spd|2\n|-damage|p2a: Espathra|91\/100|[from] item: Life Orb\n|move|p2b: Kingambit|Kowtow Cleave|p1a: Sus\n|-activate|p1a: Sus|move: Protect\n|move|p1b: Salt me Bae|Salt Cure|p2b: Kingambit\n|-resisted|p2b: Kingambit\n|-damage|p2b: Kingambit|95\/100\n|-start|p2b: Kingambit|Salt Cure\n|\n|-heal|p1b: Salt me Bae|69\/100|[from] item: Leftovers\n|-damage|p2b: Kingambit|70\/100|[from] Salt Cure\n|-ability|p2a: Espathra|Speed Boost|boost\n|-boost|p2a: Espathra|spe|1\n|upkeep\n|turn|3\n|\n|t:|1682860520\n|switch|p2b: Avalugg|Avalugg, L50, F|100\/100\n|-terastallize|p1a: Sus|Water\n|move|p1b: Salt me Bae|Protect|p1b: Salt me Bae\n|-singleturn|p1b: Salt me Bae|Protect\n|move|p2a: Espathra|Lumina Crash|p1a: Sus\n|-damage|p1a: Sus|59\/100\n|-unboost|p1a: Sus|spd|2\n|-damage|p2a: Espathra|81\/100|[from] item: Life Orb\n|move|p1a: Sus|Pollen Puff|p2a: Espathra\n|-supereffective|p2a: Espathra\n|-damage|p2a: Espathra|30\/100\n|\n|-heal|p1b: Salt me Bae|75\/100|[from] item: Leftovers\n|-ability|p2a: Espathra|Speed Boost|boost\n|-boost|p2a: Espathra|spe|1\n|upkeep\n|turn|4\n|\n|t:|1682860556\n|switch|p1b: Chest Day|Palafin-Hero, L50, F|100\/100\n|-activate|p1b: Chest Day|ability: Zero to Hero\n|move|p2a: Espathra|Lumina Crash|p1a: Sus\n|-damage|p1a: Sus|0 fnt\n|faint|p1a: Sus\n|-damage|p2a: Espathra|20\/100|[from] item: Life Orb\n|move|p2b: Avalugg|Iron Defense|p2b: Avalugg\n|-boost|p2b: Avalugg|def|2\n|\n|-ability|p2a: Espathra|Speed Boost|boost\n|-boost|p2a: Espathra|spe|1\n|upkeep\n|\n|t:|1682860568\n|switch|p1a: Salt me Bae|Garganacl, L50, M|75\/100\n|turn|5\n|\n|t:|1682860583\n|move|p2a: Espathra|Protect|p2a: Espathra\n|-singleturn|p2a: Espathra|Protect\n|move|p1b: Chest Day|Jet Punch|p2a: Espathra\n|-activate|p2a: Espathra|move: Protect\n|move|p2b: Avalugg|Body Press|p1a: Salt me Bae\n|-supereffective|p1a: Salt me Bae\n|-damage|p1a: Salt me Bae|0 fnt\n|faint|p1a: Salt me Bae\n|\n|-ability|p2a: Espathra|Speed Boost|boost\n|-boost|p2a: Espathra|spe|1\n|upkeep\n|\n|t:|1682860593\n|switch|p1a: It's not a phase|Flutter Mane, L50|100\/100\n|-enditem|p1a: It's not a phase|Booster Energy\n|-activate|p1a: It's not a phase|ability: Protosynthesis|[fromitem]\n|-start|p1a: It's not a phase|protosynthesisspa\n|turn|6\n|\n|t:|1682860619\n|move|p1b: Chest Day|Jet Punch|p2a: Espathra\n|-resisted|p2a: Espathra\n|-damage|p2a: Espathra|0 fnt\n|faint|p2a: Espathra\n|move|p1a: It's not a phase|Substitute|p1a: It's not a phase\n|-start|p1a: It's not a phase|Substitute\n|-damage|p1a: It's not a phase|76\/100\n|move|p2b: Avalugg|Body Press|p1b: Chest Day\n|-damage|p1b: Chest Day|39\/100\n|\n|upkeep\n|\n|t:|1682860636\n|switch|p2a: Veluza|Veluza, L50, F|100\/100\n|turn|7\n|\n|t:|1682860648\n|move|p1b: Chest Day|Protect|p1b: Chest Day\n|-singleturn|p1b: Chest Day|Protect\n|move|p2a: Veluza|Aqua Jet|p1a: It's not a phase\n|-end|p1a: It's not a phase|Substitute\n|move|p1a: It's not a phase|Moonblast|p2b: Avalugg\n|-crit|p2b: Avalugg\n|-damage|p2b: Avalugg|2\/100\n|-unboost|p2b: Avalugg|spa|1\n|move|p2b: Avalugg|Body Press|p1b: Chest Day\n|-activate|p1b: Chest Day|move: Protect\n|\n|-heal|p2b: Avalugg|8\/100|[from] item: Leftovers\n|upkeep\n|turn|8\n|\n|t:|1682860680\n|move|p1a: It's not a phase|Shadow Ball|p2a: Veluza\n|-supereffective|p2a: Veluza\n|-enditem|p2a: Veluza|Focus Sash\n|-damage|p2a: Veluza|1\/100\n|move|p1b: Chest Day|Drain Punch|p2b: Avalugg\n|-supereffective|p2b: Avalugg\n|-damage|p2b: Avalugg|0 fnt\n|-heal|p1b: Chest Day|43\/100|[from] drain|[of] p2b: Avalugg\n|faint|p2b: Avalugg\n|move|p2a: Veluza|Psycho Cut|p1b: Chest Day\n|-damage|p1b: Chest Day|0 fnt\n|faint|p1b: Chest Day\n|\n|upkeep\n|\n|t:|1682860692\n|switch|p2b: Kingambit|Kingambit, L50, M|70\/100\n|turn|9\n|\n|t:|1682860700\n|move|p2a: Veluza|Aqua Jet|p1a: It's not a phase\n|-damage|p1a: It's not a phase|43\/100\n|move|p1a: It's not a phase|Moonblast|p2b: Kingambit\n|-damage|p2b: Kingambit|7\/100\n|-unboost|p2b: Kingambit|spa|1\n|-ability|p2b: Kingambit|Defiant|boost\n|-boost|p2b: Kingambit|atk|2\n|-enditem|p2b: Kingambit|Sitrus Berry|[eat]\n|-heal|p2b: Kingambit|32\/100|[from] item: Sitrus Berry\n|move|p2b: Kingambit|Iron Head|p1a: It's not a phase\n|-supereffective|p1a: It's not a phase\n|-damage|p1a: It's not a phase|0 fnt\n|faint|p1a: It's not a phase\n|-end|p1a: It's not a phase|Protosynthesis|[silent]\n|\n|win|Hd70\n|raw|mysafewordisharder's rating: 1269 → 1241<\/strong> (-28 for losing)\n|raw|Hd70's rating: 1229 → 1257<\/strong> (+28 for winning)\n|c|\u2606mysafewordisharder|ggw np\n","uploadtime":1682860715,"views":10,"p1id":"mysafewordisharder","p2id":"hd70","formatid":"gen9vgc2023regulationc","rating":1241,"private":0,"password":""}