{"id":"gen9vgc2023regulationc-1858079580","p1":"hsiung","p2":"bySkeleton","format":"[Gen 9] VGC 2023 Regulation C","log":"|j|\u2606hsiung\n|j|\u2606bySkeleton\n|t:|1683272128\n|gametype|doubles\n|player|p1|hsiung|2|1113\n|player|p2|bySkeleton|102|1160\n|teamsize|p1|6\n|teamsize|p2|6\n|gen|9\n|tier|[Gen 9] VGC 2023 Regulation C\n|rated|\n|rule|Species Clause: Limit one of each Pok\u00e9mon\n|rule|Item Clause: Limit one of each item\n|clearpoke\n|poke|p1|Drednaw, L50, F|\n|poke|p1|Kilowattrel, L50, F|\n|poke|p1|Tauros-Paldea-Aqua, L50, M|\n|poke|p1|Froslass, L50, F|\n|poke|p1|Staraptor, L50, F|\n|poke|p1|Orthworm, L50, F|\n|poke|p2|Salamence, L50, M|\n|poke|p2|Tinkaton, L50, F|\n|poke|p2|Iron Hands, L50|\n|poke|p2|Tyranitar, L50, M|\n|poke|p2|Gyarados, L50, F|\n|poke|p2|Iron Moth, L50|\n|teampreview|4\nbySkeleton has agreed to open team sheets.\n|\n|t:|1683272175\n|start\n|switch|p1a: Orthworm|Orthworm, L50, F|100\/100\n|switch|p1b: Tauros|Tauros-Paldea-Aqua, L50, M|100\/100\n|switch|p2a: Salamence|Salamence, L50, M|100\/100\n|switch|p2b: Tinkaton|Tinkaton, L50, F|100\/100\n|-ability|p2a: Salamence|Intimidate|boost\n|-unboost|p1a: Orthworm|atk|1\n|-unboost|p1b: Tauros|atk|1\n|turn|1\n|\n|t:|1683272217\n|move|p2b: Tinkaton|Fake Out|p1b: Tauros\n|-damage|p1b: Tauros|93\/100\n|cant|p1b: Tauros|flinch\n|move|p2a: Salamence|Hurricane|p1b: Tauros|[miss]\n|-miss|p2a: Salamence|p1b: Tauros\n|move|p1a: Orthworm|Shed Tail|p1a: Orthworm\n|-start|p1a: Orthworm|Substitute|[from] move: Shed Tail\n|-damage|p1a: Orthworm|50\/100\n|-enditem|p1a: Orthworm|Sitrus Berry|[eat]\n|-heal|p1a: Orthworm|75\/100|[from] item: Sitrus Berry\n|\n|t:|1683272229\n|switch|p1a: Drednaw|Drednaw, L50, F|100\/100|[from] Shed Tail\n|\n|upkeep\n|turn|2\n|\n|t:|1683272245\n|switch|p1b: Orthworm|Orthworm, L50, F|75\/100\n|move|p2a: Salamence|Hurricane|p1b: Orthworm|[miss]\n|-miss|p2a: Salamence|p1b: Orthworm\n|move|p2b: Tinkaton|Gigaton Hammer|p1a: Drednaw\n|-end|p1a: Drednaw|Substitute\n|move|p1a: Drednaw|Shell Smash|p1a: Drednaw\n|-unboost|p1a: Drednaw|def|1\n|-unboost|p1a: Drednaw|spd|1\n|-boost|p1a: Drednaw|atk|2\n|-boost|p1a: Drednaw|spa|2\n|-boost|p1a: Drednaw|spe|2\n|-enditem|p1a: Drednaw|White Herb\n|-clearnegativeboost|p1a: Drednaw|[silent]\n|\n|upkeep\n|turn|3\n|\n|t:|1683272282\n|switch|p2b: Iron Hands|Iron Hands, L50|100\/100\n|move|p1a: Drednaw|Rock Slide|p2b: Iron Hands|[spread] p2a,p2b\n|-supereffective|p2a: Salamence\n|-resisted|p2b: Iron Hands\n|-damage|p2a: Salamence|0 fnt\n|-damage|p2b: Iron Hands|83\/100\n|faint|p2a: Salamence\n|move|p1b: Orthworm|Body Press|p2b: Iron Hands\n|-damage|p2b: Iron Hands|66\/100\n|\n|upkeep\n|\n|t:|1683272293\n|switch|p2a: Tinkaton|Tinkaton, L50, F|100\/100\n|turn|4\n|\n|t:|1683272312\n|switch|p1b: Kilowattrel|Kilowattrel, L50, F|100\/100\n|-terastallize|p1a: Drednaw|Grass\n|move|p2a: Tinkaton|Fake Out|p1b: Kilowattrel\n|-damage|p1b: Kilowattrel|86\/100\n|move|p2b: Iron Hands|Fake Out|p1a: Drednaw\n|-damage|p1a: Drednaw|85\/100\n|cant|p1a: Drednaw|flinch\n|\n|upkeep\n|turn|5\n|\n|t:|1683272355\n|move|p1a: Drednaw|Earthquake|p2b: Iron Hands|[spread] p2a,p2b\n|-immune|p1b: Kilowattrel\n|-supereffective|p2a: Tinkaton\n|-supereffective|p2b: Iron Hands\n|-damage|p2a: Tinkaton|0 fnt\n|-damage|p2b: Iron Hands|0 fnt\n|faint|p2a: Tinkaton\n|faint|p2b: Iron Hands\n|-end|p2b: Iron Hands|Quark Drive|[silent]\n|move|p1b: Kilowattrel|Tailwind|p1b: Kilowattrel\n|-sidestart|p1: hsiung|move: Tailwind\n|\n|upkeep\n|\n|t:|1683272365\n|switch|p2a: Iron Moth|Iron Moth, L50|100\/100\n|turn|6\n|\n|t:|1683272381\n|-terastallize|p2a: Iron Moth|Fairy\n|move|p1a: Drednaw|Liquidation|p2a: Iron Moth\n|-crit|p2a: Iron Moth\n|-damage|p2a: Iron Moth|0 fnt\n|faint|p2a: Iron Moth\n|-end|p2a: Iron Moth|Quark Drive|[silent]\n|\n|win|hsiung\n|raw|hsiung's rating: 1113 → 1141<\/strong> (+28 for winning)\n|raw|bySkeleton's rating: 1160 → 1132<\/strong> (-28 for losing)\n|l|\u2606bySkeleton\n","uploadtime":1683272467,"views":13,"p1id":"hsiung","p2id":"byskeleton","formatid":"gen9vgc2023regulationc","rating":1132,"private":0,"password":""}