{"id":"gen9vgc2023regulationc-1863457796","p1":"cenizard","p2":"JoyBoy869","format":"[Gen 9] VGC 2023 Regulation C","log":"|j|\u2606cenizard\n|j|\u2606JoyBoy869\n|t:|1684019897\n|gametype|doubles\n|player|p1|cenizard|169|1296\n|player|p2|JoyBoy869|bugcatcher-gen4dp|1216\n|teamsize|p1|6\n|teamsize|p2|6\n|gen|9\n|tier|[Gen 9] VGC 2023 Regulation C\n|rated|\n|rule|Species Clause: Limit one of each Pok\u00e9mon\n|rule|Item Clause: Limit one of each item\n|clearpoke\n|poke|p1|Maushold-Four, L50|\n|poke|p1|Annihilape, L50, M|\n|poke|p1|Chien-Pao, L50|\n|poke|p1|Dragonite, L50, F|\n|poke|p1|Gastrodon-East, L50, M|\n|poke|p1|Arcanine, L50, M|\n|poke|p2|Annihilape, L50, M|\n|poke|p2|Tyranitar, L50, F|\n|poke|p2|Indeedee-F, L50, F|\n|poke|p2|Hatterene, L50, F|\n|poke|p2|Brute Bonnet, L50|\n|poke|p2|Torkoal, L50, M|\n|teampreview|4\ncenizard has agreed to open team sheets.\nJoyBoy869 rejected open team sheets.\n|inactive|Battle timer is ON: inactive players will automatically lose when time's up. (requested by cenizard)\n|\n|t:|1684019943\n|start\n|switch|p1a: Maushold|Maushold-Four, L50|100\/100\n|switch|p1b: Annihilape|Annihilape, L50, M, shiny|100\/100\n|switch|p2a: Indeedee|Indeedee-F, L50, F|100\/100\n|switch|p2b: Hatterene|Hatterene, L50, F|100\/100\n|-fieldstart|move: Psychic Terrain|[from] ability: Psychic Surge|[of] p2a: Indeedee\n|-enditem|p2a: Indeedee|Psychic Seed\n|-boost|p2a: Indeedee|spd|1|[from] item: Psychic Seed\n|turn|1\n|\n|t:|1684019960\n|-terastallize|p1b: Annihilape|Fire\n|move|p2a: Indeedee|Follow Me|p2a: Indeedee\n|-singleturn|p2a: Indeedee|move: Follow Me\n|move|p1a: Maushold|Super Fang|p2a: Indeedee\n|-damage|p2a: Indeedee|51\/100\n|move|p1b: Annihilape|Drain Punch|p2a: Indeedee\n|-damage|p2a: Indeedee|24\/100\n|move|p2b: Hatterene|Trick Room|p2b: Hatterene\n|-fieldstart|move: Trick Room|[of] p2b: Hatterene\n|\n|upkeep\n|turn|2\n|inactive|JoyBoy869 has 30 seconds left.\n|\n|t:|1684019987\n|move|p2a: Indeedee|Helping Hand|p2b: Hatterene\n|-singleturn|p2b: Hatterene|Helping Hand|[of] p2a: Indeedee\n|move|p2b: Hatterene|Dazzling Gleam|p1a: Maushold|[spread] p1a,p1b\n|-resisted|p1b: Annihilape\n|-damage|p1a: Maushold|23\/100\n|-damage|p1b: Annihilape|82\/100\n|-damage|p2b: Hatterene|91\/100|[from] item: Life Orb\n|move|p1b: Annihilape|Drain Punch|p2a: Indeedee\n|-damage|p2a: Indeedee|0 fnt\n|-heal|p1b: Annihilape|91\/100|[from] drain|[of] p2a: Indeedee\n|faint|p2a: Indeedee\n|move|p1a: Maushold|Super Fang|p2b: Hatterene\n|-damage|p2b: Hatterene|46\/100\n|\n|-heal|p1b: Annihilape|97\/100|[from] item: Leftovers\n|upkeep\n|\n|t:|1684020001\n|switch|p2a: MankeyDLuffy|Annihilape, L50, M|100\/100\n|turn|3\n|\n|t:|1684020018\n|move|p1a: Maushold|Protect|p1a: Maushold\n|-singleturn|p1a: Maushold|Protect\n|move|p2b: Hatterene|Giga Drain|p1a: Maushold\n|-activate|p1a: Maushold|move: Protect\n|move|p2a: MankeyDLuffy|Bulk Up|p2a: MankeyDLuffy\n|-boost|p2a: MankeyDLuffy|atk|1\n|-boost|p2a: MankeyDLuffy|def|1\n|move|p1b: Annihilape|Rage Fist|p2b: Hatterene\n|-supereffective|p2b: Hatterene\n|-damage|p2b: Hatterene|0 fnt\n|faint|p2b: Hatterene\n|\n|-heal|p1b: Annihilape|100\/100|[from] item: Leftovers\n|upkeep\n|\n|t:|1684020030\n|switch|p2b: Tyranitar|Tyranitar, L50, F|100\/100\n|-weather|Sandstorm|[from] ability: Sand Stream|[of] p2b: Tyranitar\n|turn|4\n|\n|t:|1684020053\n|-terastallize|p2b: Tyranitar|Fairy\n|move|p1a: Maushold|Follow Me|p1a: Maushold\n|-singleturn|p1a: Maushold|move: Follow Me\n|move|p2b: Tyranitar|Stomping Tantrum|p1a: Maushold\n|-damage|p1a: Maushold|0 fnt\n|faint|p1a: Maushold\n|move|p2a: MankeyDLuffy|Rage Fist|p1b: Annihilape\n|-damage|p1b: Annihilape|74\/100\n|move|p1b: Annihilape|Bulk Up|p1b: Annihilape\n|-boost|p1b: Annihilape|atk|1\n|-boost|p1b: Annihilape|def|1\n|\n|-weather|Sandstorm|[upkeep]\n|-damage|p2b: Tyranitar|95\/100|[from] Sandstorm\n|-damage|p2a: MankeyDLuffy|94\/100|[from] Sandstorm\n|-damage|p1b: Annihilape|68\/100|[from] Sandstorm\n|-heal|p2a: MankeyDLuffy|100\/100|[from] item: Leftovers\n|-heal|p1b: Annihilape|74\/100|[from] item: Leftovers\n|upkeep\n|\n|t:|1684020065\n|switch|p1a: Gastrodon|Gastrodon-East, L50, M|100\/100\n|turn|5\n|\n|t:|1684020087\n|move|p2b: Tyranitar|Stomping Tantrum|p1b: Annihilape\n|-supereffective|p1b: Annihilape\n|-damage|p1b: Annihilape|44\/100\n|move|p1a: Gastrodon|Earth Power|p2a: MankeyDLuffy\n|-damage|p2a: MankeyDLuffy|70\/100\n|move|p2a: MankeyDLuffy|Drain Punch|p1a: Gastrodon\n|-damage|p1a: Gastrodon|55\/100\n|-heal|p2a: MankeyDLuffy|93\/100|[from] drain|[of] p1a: Gastrodon\n|move|p1b: Annihilape|Rage Fist|p2a: MankeyDLuffy\n|-supereffective|p2a: MankeyDLuffy\n|-damage|p2a: MankeyDLuffy|0 fnt\n|faint|p2a: MankeyDLuffy\n|\n|-weather|Sandstorm|[upkeep]\n|-damage|p2b: Tyranitar|89\/100|[from] Sandstorm\n|-damage|p1b: Annihilape|38\/100|[from] Sandstorm\n|-heal|p1b: Annihilape|44\/100|[from] item: Leftovers\n|-fieldend|move: Trick Room\n|-fieldend|move: Psychic Terrain\n|upkeep\n|turn|6\n|\n|t:|1684020107\n|move|p1b: Annihilape|Protect|p1b: Annihilape\n|-singleturn|p1b: Annihilape|Protect\n|move|p1a: Gastrodon|Recover|p1a: Gastrodon\n|-heal|p1a: Gastrodon|100\/100\n|move|p2b: Tyranitar|Stomping Tantrum|p1b: Annihilape\n|-activate|p1b: Annihilape|move: Protect\n|\n|-weather|Sandstorm|[upkeep]\n|-damage|p1b: Annihilape|38\/100|[from] Sandstorm\n|-damage|p2b: Tyranitar|83\/100|[from] Sandstorm\n|-heal|p1b: Annihilape|44\/100|[from] item: Leftovers\n|upkeep\n|turn|7\n|inactive|JoyBoy869 has 30 seconds left.\n|inactive|JoyBoy869 has 20 seconds left.\n|inactive|JoyBoy869 has 15 seconds left.\n|inactive|JoyBoy869 has 10 seconds left.\n|inactive|JoyBoy869 has 5 seconds left.\n|\n|t:|1684020161\n|move|p1b: Annihilape|Rage Fist|p2b: Tyranitar\n|-damage|p2b: Tyranitar|0 fnt\n|faint|p2b: Tyranitar\n|\n|win|cenizard\n|raw|cenizard's rating: 1296 → 1315<\/strong> (+19 for winning)\n|raw|JoyBoy869's rating: 1216 → 1197<\/strong> (-19 for losing)\n|l|\u2606cenizard\n","uploadtime":1684020457,"views":9,"p1id":"cenizard","p2id":"joyboy869","formatid":"gen9vgc2023regulationc","rating":1197,"private":0,"password":""}