{"id":"gen9vgc2023regulationc-1847590645","p1":"Kitschgirl Yujin","p2":"twist22","format":"[Gen 9] VGC 2023 Regulation C","log":"|j|\u2606Kitschgirl Yujin\n|j|\u2606twist22\n|t:|1681978494\n|gametype|doubles\n|player|p1|Kitschgirl Yujin|colress|1270\n|player|p2|twist22|bellelba|1268\n|teamsize|p1|6\n|teamsize|p2|6\n|gen|9\n|tier|[Gen 9] VGC 2023 Regulation C\n|rated|\n|rule|Species Clause: Limit one of each Pok\u00e9mon\n|rule|Item Clause: Limit one of each item\n|clearpoke\n|poke|p1|Garchomp, L50, M|\n|poke|p1|Talonflame, L50, M|\n|poke|p1|Gyarados, L50, M|\n|poke|p1|Chi-Yu, L50|\n|poke|p1|Amoonguss, L50, F|\n|poke|p1|Flutter Mane, L50|\n|poke|p2|Bronzong, L50|\n|poke|p2|Arcanine, L50, F|\n|poke|p2|Amoonguss, L50, F|\n|poke|p2|Flutter Mane, L50|\n|poke|p2|Chi-Yu, L50|\n|poke|p2|Torkoal, L50, M|\n|teampreview|4\n|inactive|Battle timer is ON: inactive players will automatically lose when time's up. (requested by twist22)\n|inactive|twist22 has 60 seconds left.\n|\n|t:|1681978533\n|start\n|switch|p1a: Talonflame|Talonflame, L50, M, shiny|100\/100\n|switch|p1b: Chi-Yu|Chi-Yu, L50|100\/100\n|switch|p2a: Flutter Mane|Flutter Mane, L50|100\/100\n|switch|p2b: Chi-Yu|Chi-Yu, L50|100\/100\n|-ability|p1b: Chi-Yu|Beads of Ruin\n|-ability|p2b: Chi-Yu|Beads of Ruin\n|turn|1\n|\n|t:|1681978552\n|move|p1a: Talonflame|Tailwind|p1a: Talonflame\n|-sidestart|p1: Kitschgirl Yujin|move: Tailwind\n|move|p1b: Chi-Yu|Heat Wave|p2b: Chi-Yu|[spread] p2a,p2b\n|-resisted|p2b: Chi-Yu\n|-damage|p2a: Flutter Mane|42\/100\n|-damage|p2b: Chi-Yu|79\/100\n|move|p2b: Chi-Yu|Dark Pulse|p1a: Talonflame\n|-damage|p1a: Talonflame|14\/100\n|-damage|p2b: Chi-Yu|70\/100|[from] item: Life Orb\n|move|p2a: Flutter Mane|Trick Room|p2a: Flutter Mane\n|-fieldstart|move: Trick Room|[of] p2a: Flutter Mane\n|\n|upkeep\n|turn|2\n|\n|t:|1681978574\n|switch|p1a: Gyarados|Gyarados, L50, M|100\/100\n|-ability|p1a: Gyarados|Intimidate|boost\n|-unboost|p2a: Flutter Mane|atk|1\n|-unboost|p2b: Chi-Yu|atk|1\n|move|p2b: Chi-Yu|Heat Wave|p1b: Chi-Yu|[spread] p1a,p1b\n|-resisted|p1a: Gyarados\n|-resisted|p1b: Chi-Yu\n|-damage|p1a: Gyarados|79\/100\n|-damage|p1b: Chi-Yu|73\/100\n|-damage|p2b: Chi-Yu|60\/100|[from] item: Life Orb\n|move|p2a: Flutter Mane|Moonblast|p1b: Chi-Yu\n|-crit|p1b: Chi-Yu\n|-damage|p1b: Chi-Yu|0 fnt\n|faint|p1b: Chi-Yu\n|\n|-heal|p1a: Gyarados|85\/100|[from] item: Leftovers\n|upkeep\n|\n|t:|1681978591\n|switch|p1b: Talonflame|Talonflame, L50, M, shiny|14\/100\n|turn|3\n|\n|t:|1681978604\n|-end|p2a: Flutter Mane|Protosynthesis|[silent]\n|switch|p2a: Bronzong|Bronzong, L50|100\/100\n|move|p2b: Chi-Yu|Dark Pulse|p1b: Talonflame\n|-damage|p1b: Talonflame|0 fnt\n|faint|p1b: Talonflame\n|-damage|p2b: Chi-Yu|51\/100|[from] item: Life Orb\n|move|p1a: Gyarados|Waterfall|p2b: Chi-Yu\n|-supereffective|p2b: Chi-Yu\n|-damage|p2b: Chi-Yu|0 fnt\n|faint|p2b: Chi-Yu\n|\n|-heal|p1a: Gyarados|91\/100|[from] item: Leftovers\n|upkeep\n|inactive|twist22 has 30 seconds left.\n|\n|t:|1681978635\n|switch|p2b: Amoonguss|Amoonguss, L50, F|100\/100\n|switch|p1b: Garchomp|Garchomp, L50, M|100\/100\n|turn|4\n|\n|t:|1681978646\n|move|p2b: Amoonguss|Spore|p1a: Gyarados\n|-status|p1a: Gyarados|slp|[from] move: Spore\n|move|p2a: Bronzong|Iron Defense|p2a: Bronzong\n|-boost|p2a: Bronzong|def|2\n|cant|p1a: Gyarados|slp\n|move|p1b: Garchomp|Swords Dance|p1b: Garchomp\n|-boost|p1b: Garchomp|atk|2\n|\n|-heal|p1a: Gyarados|97\/100 slp|[from] item: Leftovers\n|-sideend|p1: Kitschgirl Yujin|move: Tailwind\n|upkeep\n|turn|5\n|\n|t:|1681978661\n|switch|p2b: Flutter Mane|Flutter Mane, L50|42\/100\n|move|p1b: Garchomp|Protect|p1b: Garchomp\n|-singleturn|p1b: Garchomp|Protect\n|move|p2a: Bronzong|Iron Defense|p2a: Bronzong\n|-boost|p2a: Bronzong|def|2\n|cant|p1a: Gyarados|slp\n|\n|-heal|p1a: Gyarados|100\/100 slp|[from] item: Leftovers\n|-fieldend|move: Trick Room\n|upkeep\n|turn|6\n|\n|t:|1681978679\n|-terastallize|p1b: Garchomp|Steel\n|move|p2b: Flutter Mane|Moonblast|p1b: Garchomp\n|-resisted|p1b: Garchomp\n|-damage|p1b: Garchomp|71\/100\n|move|p1b: Garchomp|Earthquake|p2a: Bronzong|[spread] p2b\n|-immune|p1a: Gyarados\n|-immune|p2a: Bronzong|[from] ability: Levitate\n|-damage|p2b: Flutter Mane|0 fnt\n|faint|p2b: Flutter Mane\n|-end|p2b: Flutter Mane|Protosynthesis|[silent]\n|cant|p1a: Gyarados|slp\n|move|p2a: Bronzong|Iron Defense|p2a: Bronzong\n|-boost|p2a: Bronzong|def|2\n|\n|upkeep\n|-message|Kitschgirl Yujin forfeited.\n|\n|win|twist22\n|raw|Kitschgirl Yujin's rating: 1270 → 1245<\/strong> (-25 for losing)\n|raw|twist22's rating: 1268 → 1293<\/strong> (+25 for winning)\n|l|\u2606Kitschgirl Yujin\n","uploadtime":1681978704,"views":7,"p1id":"kitschgirlyujin","p2id":"twist22","formatid":"gen9vgc2023regulationc","rating":1245,"private":0,"password":""}