{"id":"gen9vgc2023regulationc-1855076495","p1":"HH Deb","p2":"Forrest02","format":"[Gen 9] VGC 2023 Regulation C","log":"|j|\u2606HH Deb\n|j|\u2606Forrest02\n|t:|1682898425\n|gametype|doubles\n|player|p1|HH Deb|flannery|1000\n|player|p2|Forrest02|wallace|1073\n|teamsize|p1|6\n|teamsize|p2|6\n|gen|9\n|tier|[Gen 9] VGC 2023 Regulation C\n|rated|\n|rule|Species Clause: Limit one of each Pok\u00e9mon\n|rule|Item Clause: Limit one of each item\n|clearpoke\n|poke|p1|Oricorio-Pom-Pom, L50, F|\n|poke|p1|Lilligant, L50, F|\n|poke|p1|Sylveon, L50, F|\n|poke|p1|Volcarona, L50, F|\n|poke|p1|Indeedee-F, L50, F|\n|poke|p1|Armarouge, L50, F|\n|poke|p2|Tyranitar, L50, F|\n|poke|p2|Lycanroc, L50, M|\n|poke|p2|Espeon, L50, F|\n|poke|p2|Gastrodon, L50, M|\n|poke|p2|Scizor, L50, M|\n|poke|p2|Ting-Lu, L50|\n|teampreview|4\n|inactive|Battle timer is ON: inactive players will automatically lose when time's up. (requested by Forrest02)\n|\n|t:|1682898490\n|start\n|switch|p1a: Lilligant|Lilligant, L50, F|100\/100\n|switch|p1b: Oricorio|Oricorio-Pom-Pom, L50, F|100\/100\n|switch|p2a: Tyranitar|Tyranitar, L50, F|100\/100\n|switch|p2b: Lycanroc|Lycanroc, L50, M|100\/100\n|-weather|Sandstorm|[from] ability: Sand Stream|[of] p2a: Tyranitar\n|turn|1\n|\n|t:|1682898509\n|move|p1b: Oricorio|Protect|p1b: Oricorio\n|-singleturn|p1b: Oricorio|Protect\n|move|p2b: Lycanroc|Rock Slide|p1a: Lilligant|[spread] p1a\n|-activate|p1b: Oricorio|move: Protect\n|-damage|p1a: Lilligant|75\/100\n|move|p1a: Lilligant|Sleep Powder|p2a: Tyranitar\n|-status|p2a: Tyranitar|slp|[from] move: Sleep Powder\n|cant|p2a: Tyranitar|slp\n|\n|-weather|Sandstorm|[upkeep]\n|-damage|p1b: Oricorio|94\/100|[from] Sandstorm\n|-damage|p1a: Lilligant|69\/100|[from] Sandstorm\n|upkeep\n|turn|2\n|\n|t:|1682898534\n|switch|p2b: Espeon|Espeon, L50, F|100\/100\n|move|p1b: Oricorio|Quiver Dance|p1b: Oricorio\n|-boost|p1b: Oricorio|spa|1\n|-boost|p1b: Oricorio|spd|1\n|-boost|p1b: Oricorio|spe|1\n|move|p1a: Lilligant|Quiver Dance|p1a: Lilligant\n|-boost|p1a: Lilligant|spa|1\n|-boost|p1a: Lilligant|spd|1\n|-boost|p1a: Lilligant|spe|1\n|-activate|p1b: Oricorio|ability: Dancer\n|move|p1b: Oricorio|Quiver Dance|p1b: Oricorio|[from]ability: Dancer\n|-boost|p1b: Oricorio|spa|1\n|-boost|p1b: Oricorio|spd|1\n|-boost|p1b: Oricorio|spe|1\n|cant|p2a: Tyranitar|slp\n|\n|-weather|Sandstorm|[upkeep]\n|-damage|p2b: Espeon|95\/100|[from] Sandstorm\n|-damage|p1b: Oricorio|88\/100|[from] Sandstorm\n|-damage|p1a: Lilligant|63\/100|[from] Sandstorm\n|upkeep\n|turn|3\n|inactive|HH Deb has 30 seconds left.\n|\n|t:|1682898561\n|move|p2b: Espeon|Trick|p1a: Lilligant\n|-activate|p2b: Espeon|move: Trick|[of] p1a: Lilligant\n|-item|p1a: Lilligant|Choice Scarf|[from] move: Trick\n|-item|p2b: Espeon|Focus Sash|[from] move: Trick\n|move|p1a: Lilligant|Giga Drain|p2a: Tyranitar\n|-supereffective|p2a: Tyranitar\n|-damage|p2a: Tyranitar|48\/100 slp\n|-heal|p1a: Lilligant|93\/100|[from] drain|[of] p2a: Tyranitar\n|move|p1b: Oricorio|Quiver Dance|p1b: Oricorio\n|-boost|p1b: Oricorio|spa|1\n|-boost|p1b: Oricorio|spd|1\n|-boost|p1b: Oricorio|spe|1\n|-curestatus|p2a: Tyranitar|slp|[msg]\n|move|p2a: Tyranitar|Rock Blast|p1b: Oricorio\n|-supereffective|p1b: Oricorio\n|-damage|p1b: Oricorio|62\/100\n|-supereffective|p1b: Oricorio\n|-damage|p1b: Oricorio|36\/100\n|-supereffective|p1b: Oricorio\n|-damage|p1b: Oricorio|11\/100\n|-supereffective|p1b: Oricorio\n|-damage|p1b: Oricorio|0 fnt\n|faint|p1b: Oricorio\n|-hitcount|p1: Oricorio|4\n|\n|-weather|Sandstorm|[upkeep]\n|-damage|p1a: Lilligant|87\/100|[from] Sandstorm\n|-damage|p2b: Espeon|89\/100|[from] Sandstorm\n|upkeep\n|inactive|HH Deb has 30 seconds left.\n|\n|t:|1682898586\n|switch|p1b: Indeedee|Indeedee-F, L50, F|100\/100\n|turn|4\n|\n|t:|1682898598\n|move|p2a: Tyranitar|Protect|p2a: Tyranitar\n|-singleturn|p2a: Tyranitar|Protect\n|move|p1a: Lilligant|Giga Drain|p2a: Tyranitar\n|-activate|p2a: Tyranitar|move: Protect\n|move|p2b: Espeon|Thunder Wave|p1a: Lilligant\n|-status|p1a: Lilligant|par\n|move|p1b: Indeedee|Reflect|p1b: Indeedee\n|-sidestart|p1: HH Deb|Reflect\n|\n|-weather|Sandstorm|[upkeep]\n|-damage|p2b: Espeon|83\/100|[from] Sandstorm\n|-damage|p1a: Lilligant|81\/100 par|[from] Sandstorm\n|-damage|p1b: Indeedee|94\/100|[from] Sandstorm\n|upkeep\n|turn|5\n|-message|HH Deb forfeited.\n|\n|win|Forrest02\n|raw|HH Deb's rating: 1000 → 1000<\/strong> (+0 for losing)\n|raw|Forrest02's rating: 1073 → 1096<\/strong> (+23 for winning)\n|l|\u2606HH Deb\n","uploadtime":1682898609,"views":13,"p1id":"hhdeb","p2id":"forrest02","formatid":"gen9vgc2023regulationc","rating":1000,"private":0,"password":""}