{"id":"gen9vgc2023regulationc-1858784115","p1":"ascore3","p2":"dudy538","format":"[Gen 9] VGC 2023 Regulation C","log":"|j|\u2606ascore3\n|j|\u2606dudy538\n|t:|1683360462\n|gametype|doubles\n|player|p1|ascore3|170|1210\n|player|p2|dudy538|lucas|1284\n|teamsize|p1|6\n|teamsize|p2|6\n|gen|9\n|tier|[Gen 9] VGC 2023 Regulation C\n|rated|\n|rule|Species Clause: Limit one of each Pok\u00e9mon\n|rule|Item Clause: Limit one of each item\n|clearpoke\n|poke|p1|Torkoal, L50, F|\n|poke|p1|Chi-Yu, L50|\n|poke|p1|Bronzong, L50|\n|poke|p1|Gastrodon, L50, M|\n|poke|p1|Grimmsnarl, L50, M|\n|poke|p1|Skeledirge, L50, F|\n|poke|p2|Abomasnow, L50, F|\n|poke|p2|Cetitan, L50, M|\n|poke|p2|Chien-Pao, L50|\n|poke|p2|Frosmoth, L50, F|\n|poke|p2|Glaceon, L50, F|\n|poke|p2|Iron Bundle, L50|\n|teampreview|4\n|inactive|Battle timer is ON: inactive players will automatically lose when time's up. (requested by ascore3)\n|\n|t:|1683360488\n|start\n|switch|p1a: Torkoal|Torkoal, L50, F|100\/100\n|switch|p1b: Grimmsnarl|Grimmsnarl, L50, M|100\/100\n|switch|p2a: Iron Bundle|Iron Bundle, L50|100\/100\n|switch|p2b: Cetitan|Cetitan, L50, M|100\/100\n|-weather|SunnyDay|[from] ability: Drought|[of] p1a: Torkoal\n|-enditem|p2a: Iron Bundle|Booster Energy\n|-activate|p2a: Iron Bundle|ability: Quark Drive|[fromitem]\n|-start|p2a: Iron Bundle|quarkdrivespe\n|turn|1\n|\n|t:|1683360508\n|switch|p2b: Abomasnow|Abomasnow, L50, F|100\/100\n|-weather|Snow|[from] ability: Snow Warning|[of] p2b: Abomasnow\n|switch|p1a: Bronzong|Bronzong, L50|100\/100\n|move|p1b: Grimmsnarl|Trick|p2b: Abomasnow\n|-activate|p1b: Grimmsnarl|move: Trick|[of] p2b: Abomasnow\n|-item|p2b: Abomasnow|Lagging Tail|[from] move: Trick\n|-item|p1b: Grimmsnarl|Icy Rock|[from] move: Trick\n|move|p2a: Iron Bundle|Ice Beam|p1b: Grimmsnarl\n|-damage|p1b: Grimmsnarl|50\/100\n|\n|-weather|Snow|[upkeep]\n|upkeep\n|turn|2\n|\n|t:|1683360528\n|switch|p1b: Torkoal|Torkoal, L50, F|100\/100\n|-weather|SunnyDay|[from] ability: Drought|[of] p1b: Torkoal\n|move|p2a: Iron Bundle|Ice Beam|p1b: Torkoal\n|-resisted|p1b: Torkoal\n|-damage|p1b: Torkoal|62\/100\n|move|p2b: Abomasnow|Aurora Veil||[still]\n|-fail|p2b: Abomasnow\n|move|p1a: Bronzong|Trick Room|p1a: Bronzong\n|-fieldstart|move: Trick Room|[of] p1a: Bronzong\n|\n|-weather|SunnyDay|[upkeep]\n|upkeep\n|turn|3\n|\n|t:|1683360546\n|switch|p1b: Grimmsnarl|Grimmsnarl, L50, M|50\/100\n|switch|p2b: Chien-Pao|Chien-Pao, L50|100\/100\n|-ability|p2b: Chien-Pao|Sword of Ruin\n|move|p2a: Iron Bundle|Protect|p2a: Iron Bundle\n|-singleturn|p2a: Iron Bundle|Protect\n|move|p1a: Bronzong|Body Press|p2a: Iron Bundle\n|-activate|p2a: Iron Bundle|move: Protect\n|\n|-weather|SunnyDay|[upkeep]\n|upkeep\n|turn|4\n|\n|t:|1683360570\n|switch|p2b: Abomasnow|Abomasnow, L50, F|100\/100\n|-weather|Snow|[from] ability: Snow Warning|[of] p2b: Abomasnow\n|move|p1a: Bronzong|Body Press|p2b: Abomasnow\n|-supereffective|p2b: Abomasnow\n|-damage|p2b: Abomasnow|57\/100\n|move|p1b: Grimmsnarl|Spirit Break|p2b: Abomasnow\n|-damage|p2b: Abomasnow|28\/100\n|-unboost|p2b: Abomasnow|spa|1\n|move|p2a: Iron Bundle|Hydro Pump|p1b: Grimmsnarl\n|-damage|p1b: Grimmsnarl|0 fnt\n|faint|p1b: Grimmsnarl\n|\n|-weather|Snow|[upkeep]\n|upkeep\n|\n|t:|1683360573\n|switch|p1b: Torkoal|Torkoal, L50, F|62\/100\n|-weather|SunnyDay|[from] ability: Drought|[of] p1b: Torkoal\n|turn|5\n|\n|t:|1683360594\n|switch|p2b: Chien-Pao|Chien-Pao, L50|100\/100\n|-ability|p2b: Chien-Pao|Sword of Ruin\n|move|p2a: Iron Bundle|Protect|p2a: Iron Bundle\n|-singleturn|p2a: Iron Bundle|Protect\n|move|p1b: Torkoal|Eruption|p2b: Chien-Pao|[spread] p2b\n|-activate|p2a: Iron Bundle|move: Protect\n|-supereffective|p2b: Chien-Pao\n|-enditem|p2b: Chien-Pao|Focus Sash\n|-damage|p2b: Chien-Pao|1\/100\n|move|p1a: Bronzong|Body Press|p2a: Iron Bundle\n|-activate|p2a: Iron Bundle|move: Protect\n|\n|-weather|SunnyDay|[upkeep]\n|upkeep\n|turn|6\n|\n|t:|1683360616\n|move|p2b: Chien-Pao|Sucker Punch|p1b: Torkoal\n|-damage|p1b: Torkoal|29\/100\n|move|p1b: Torkoal|Eruption|p2b: Chien-Pao|[spread] p2a,p2b\n|-supereffective|p2b: Chien-Pao\n|-damage|p2a: Iron Bundle|66\/100\n|-damage|p2b: Chien-Pao|0 fnt\n|faint|p2b: Chien-Pao\n|move|p1a: Bronzong|Body Press|p2a: Iron Bundle\n|-supereffective|p2a: Iron Bundle\n|-damage|p2a: Iron Bundle|0 fnt\n|faint|p2a: Iron Bundle\n|-end|p2a: Iron Bundle|Quark Drive|[silent]\n|\n|-weather|SunnyDay|[upkeep]\n|-fieldend|move: Trick Room\n|upkeep\n|\n|t:|1683360635\n|switch|p2b: Cetitan|Cetitan, L50, M|100\/100\n|switch|p2a: Abomasnow|Abomasnow, L50, F|28\/100\n|-weather|Snow|[from] ability: Snow Warning|[of] p2a: Abomasnow\n|turn|7\n|\n|t:|1683360644\n|switch|p1b: Skeledirge|Skeledirge, L50, F|100\/100\n|move|p2a: Abomasnow|Protect|p2a: Abomasnow\n|-singleturn|p2a: Abomasnow|Protect\n|move|p2b: Cetitan|Earthquake|p1b: Skeledirge|[spread] p1b\n|-activate|p2a: Abomasnow|move: Protect\n|-immune|p1a: Bronzong|[from] ability: Levitate\n|-supereffective|p1b: Skeledirge\n|-damage|p1b: Skeledirge|46\/100\n|-damage|p2b: Cetitan|91\/100|[from] item: Life Orb\n|move|p1a: Bronzong|Trick Room|p1a: Bronzong\n|-fieldstart|move: Trick Room|[of] p1a: Bronzong\n|\n|-weather|Snow|[upkeep]\n|-heal|p1b: Skeledirge|52\/100|[from] item: Leftovers\n|upkeep\n|turn|8\n|\n|t:|1683360677\n|-terastallize|p2b: Cetitan|Water\n|move|p1a: Bronzong|Body Press|p2b: Cetitan\n|-damage|p2b: Cetitan|62\/100\n|move|p1b: Skeledirge|Torch Song|p2a: Abomasnow\n|-supereffective|p2a: Abomasnow\n|-damage|p2a: Abomasnow|0 fnt\n|-boost|p1b: Skeledirge|spa|1\n|faint|p2a: Abomasnow\n|move|p2b: Cetitan|Earthquake|p1a: Bronzong|[spread] p1b\n|-immune|p1a: Bronzong|[from] ability: Levitate\n|-supereffective|p1b: Skeledirge\n|-damage|p1b: Skeledirge|0 fnt\n|faint|p1b: Skeledirge\n|-damage|p2b: Cetitan|53\/100|[from] item: Life Orb\n|\n|-weather|Snow|[upkeep]\n|upkeep\n|\n|t:|1683360682\n|switch|p1b: Torkoal|Torkoal, L50, F|29\/100\n|-weather|SunnyDay|[from] ability: Drought|[of] p1b: Torkoal\n|turn|9\n|\n|t:|1683360700\n|-terastallize|p1a: Bronzong|Fighting\n|move|p1b: Torkoal|Protect|p1b: Torkoal\n|-singleturn|p1b: Torkoal|Protect\n|move|p1a: Bronzong|Body Press|p2b: Cetitan\n|-damage|p2b: Cetitan|5\/100\n|move|p2b: Cetitan|Earthquake|p1b: Torkoal|[spread] \n|-activate|p1b: Torkoal|move: Protect\n|-immune|p1a: Bronzong|[from] ability: Levitate\n|\n|-weather|SunnyDay|[upkeep]\n|upkeep\n|turn|10\n|\n|t:|1683360715\n|move|p1b: Torkoal|Eruption|p2b: Cetitan\n|-resisted|p2b: Cetitan\n|-damage|p2b: Cetitan|0 fnt\n|faint|p2b: Cetitan\n|\n|win|ascore3\n|raw|ascore3's rating: 1210 → 1240<\/strong> (+30 for winning)\n|raw|dudy538's rating: 1284 → 1254<\/strong> (-30 for losing)\n","uploadtime":1683360718,"views":13,"p1id":"ascore3","p2id":"dudy538","formatid":"gen9vgc2023regulationc","rating":1240,"private":0,"password":""}