{"id":"gen9vgc2023regulationc-1846746000","p1":"OOOOOOOOkay","p2":"mx555","format":"[Gen 9] VGC 2023 Regulation C","log":"|j|\u2606OOOOOOOOkay\n|j|\u2606mx555\n|t:|1681873233\n|gametype|doubles\n|player|p1|OOOOOOOOkay|pokemonbreeder-gen4|1302\n|player|p2|mx555|170|1228\n|teamsize|p1|6\n|teamsize|p2|6\n|gen|9\n|tier|[Gen 9] VGC 2023 Regulation C\n|rated|\n|rule|Species Clause: Limit one of each Pok\u00e9mon\n|rule|Item Clause: Limit one of each item\n|clearpoke\n|poke|p1|Toxtricity, L50, M|\n|poke|p1|Gholdengo, L50|\n|poke|p1|Wo-Chien, L50|\n|poke|p1|Iron Hands, L50|\n|poke|p1|Great Tusk, L50|\n|poke|p1|Scizor, L50, M|\n|poke|p2|Dondozo, L50, F|\n|poke|p2|Tatsugiri, L50, F|\n|poke|p2|Roaring Moon, L50|\n|poke|p2|Chi-Yu, L50|\n|poke|p2|Flutter Mane, L50|\n|poke|p2|Glimmora, L50, F|\n|teampreview|4\n|inactive|Battle timer is ON: inactive players will automatically lose when time's up. (requested by OOOOOOOOkay)\n|inactive|mx555 has 60 seconds left.\n|\n|t:|1681873276\n|start\n|switch|p1a: Iron Hands|Iron Hands, L50|100\/100\n|switch|p1b: Gholdengo|Gholdengo, L50|100\/100\n|switch|p2a: Roaring Moon|Roaring Moon, L50|100\/100\n|switch|p2b: Chi-Yu|Chi-Yu, L50|100\/100\n|-ability|p2b: Chi-Yu|Beads of Ruin\n|-enditem|p2a: Roaring Moon|Booster Energy\n|-activate|p2a: Roaring Moon|ability: Protosynthesis|[fromitem]\n|-start|p2a: Roaring Moon|protosynthesisspe\n|-enditem|p1a: Iron Hands|Booster Energy\n|-activate|p1a: Iron Hands|ability: Quark Drive|[fromitem]\n|-start|p1a: Iron Hands|quarkdriveatk\n|turn|1\n|inactive|mx555 has 30 seconds left.\n|\n|t:|1681873303\n|-terastallize|p1b: Gholdengo|Flying\n|move|p2b: Chi-Yu|Protect|p2b: Chi-Yu\n|-singleturn|p2b: Chi-Yu|Protect\n|move|p1a: Iron Hands|Fake Out|p2b: Chi-Yu\n|-activate|p2b: Chi-Yu|move: Protect\n|move|p2a: Roaring Moon|Earthquake|p1a: Iron Hands|[spread] p1a\n|-activate|p2b: Chi-Yu|move: Protect\n|-immune|p1b: Gholdengo\n|-supereffective|p1a: Iron Hands\n|-damage|p1a: Iron Hands|73\/100\n|move|p1b: Gholdengo|Tera Blast|p2b: Chi-Yu\n|-activate|p2b: Chi-Yu|move: Protect\n|\n|upkeep\n|turn|2\n|\n|t:|1681873319\n|move|p1b: Gholdengo|Protect|p1b: Gholdengo\n|-singleturn|p1b: Gholdengo|Protect\n|move|p2a: Roaring Moon|Tailwind|p2a: Roaring Moon\n|-sidestart|p2: mx555|move: Tailwind\n|move|p2b: Chi-Yu|Heat Wave|p1b: Gholdengo|[spread] \n|-activate|p1b: Gholdengo|move: Protect\n|-miss|p2b: Chi-Yu|p1a: Iron Hands\n|move|p1a: Iron Hands|Drain Punch|p2b: Chi-Yu\n|-supereffective|p2b: Chi-Yu\n|-enditem|p2b: Chi-Yu|Focus Sash\n|-damage|p2b: Chi-Yu|1\/100\n|-heal|p1a: Iron Hands|98\/100|[from] drain|[of] p2b: Chi-Yu\n|\n|upkeep\n|turn|3\n|inactive|mx555 has 30 seconds left.\n|\n|t:|1681873352\n|move|p2a: Roaring Moon|Breaking Swipe|p1b: Gholdengo|[spread] p1a,p1b\n|-damage|p1a: Iron Hands|84\/100\n|-damage|p1b: Gholdengo|81\/100\n|-unboost|p1a: Iron Hands|atk|1\n|-unboost|p1b: Gholdengo|atk|1\n|move|p2b: Chi-Yu|Overheat|p1b: Gholdengo\n|-damage|p1b: Gholdengo|0 fnt\n|-unboost|p2b: Chi-Yu|spa|2\n|faint|p1b: Gholdengo\n|move|p1a: Iron Hands|Drain Punch|p2a: Roaring Moon\n|-supereffective|p2a: Roaring Moon\n|-damage|p2a: Roaring Moon|33\/100\n|-heal|p1a: Iron Hands|100\/100|[from] drain|[of] p2a: Roaring Moon\n|\n|upkeep\n|\n|t:|1681873368\n|switch|p1b: Toxtricity|Toxtricity, L50, M|100\/100\n|turn|4\n|\n|t:|1681873386\n|move|p2a: Roaring Moon|Breaking Swipe|p1b: Toxtricity|[spread] p1a,p1b\n|-damage|p1a: Iron Hands|88\/100\n|-damage|p1b: Toxtricity|75\/100\n|-unboost|p1a: Iron Hands|atk|1\n|-unboost|p1b: Toxtricity|atk|1\n|move|p2b: Chi-Yu|Heat Wave|p1a: Iron Hands|[spread] p1a,p1b\n|-crit|p1b: Toxtricity\n|-damage|p1a: Iron Hands|64\/100\n|-damage|p1b: Toxtricity|0 fnt\n|faint|p1b: Toxtricity\n|move|p1a: Iron Hands|Drain Punch|p2b: Chi-Yu\n|-supereffective|p2b: Chi-Yu\n|-damage|p2b: Chi-Yu|0 fnt\n|-heal|p1a: Iron Hands|64\/100|[from] drain|[of] p2b: Chi-Yu\n|faint|p2b: Chi-Yu\n|\n|upkeep\n|\n|t:|1681873399\n|switch|p2b: Dondozo|Dondozo, L50, F|100\/100\n|switch|p1b: Wo-Chien|Wo-Chien, L50|100\/100\n|-ability|p1b: Wo-Chien|Tablets of Ruin\n|turn|5\n|inactive|mx555 has 30 seconds left.\n|inactive|mx555 has 20 seconds left.\n|\n|t:|1681873438\n|-end|p2a: Roaring Moon|Protosynthesis|[silent]\n|switch|p2a: Tatsugiri|Tatsugiri, L50, F|100\/100\n|-activate|p2a: Tatsugiri|ability: Commander|[of] p2b: Dondozo\n|-boost|p2b: Dondozo|atk|2\n|-boost|p2b: Dondozo|spa|2\n|-boost|p2b: Dondozo|spe|2\n|-boost|p2b: Dondozo|def|2\n|-boost|p2b: Dondozo|spd|2\n|-terastallize|p2b: Dondozo|Grass\n|move|p2b: Dondozo|Order Up|p1b: Wo-Chien\n|-damage|p1b: Wo-Chien|74\/100\n|-boost|p2b: Dondozo|atk|1\n|move|p1b: Wo-Chien|Leech Seed|p2b: Dondozo\n|-immune|p2b: Dondozo\n|move|p1a: Iron Hands|Drain Punch|p2a: Tatsugiri|[miss]\n|-miss|p1a: Iron Hands|p2a: Tatsugiri\n|\n|-heal|p1b: Wo-Chien|80\/100|[from] item: Leftovers\n|-sideend|p2: mx555|move: Tailwind\n|upkeep\n|turn|6\n|\n|t:|1681873454\n|move|p2b: Dondozo|Order Up|p1b: Wo-Chien\n|-damage|p1b: Wo-Chien|43\/100\n|-boost|p2b: Dondozo|atk|1\n|move|p1b: Wo-Chien|Pollen Puff|p2b: Dondozo\n|-supereffective|p2b: Dondozo\n|-damage|p2b: Dondozo|81\/100\n|move|p1a: Iron Hands|Drain Punch|p2b: Dondozo\n|-damage|p2b: Dondozo|67\/100\n|-heal|p1a: Iron Hands|71\/100|[from] drain|[of] p2b: Dondozo\n|\n|-heal|p2b: Dondozo|73\/100|[from] item: Leftovers\n|-heal|p1b: Wo-Chien|49\/100|[from] item: Leftovers\n|upkeep\n|turn|7\n|\n|t:|1681873474\n|move|p1b: Wo-Chien|Protect|p1b: Wo-Chien\n|-singleturn|p1b: Wo-Chien|Protect\n|move|p2b: Dondozo|Earthquake|p1b: Wo-Chien|[spread] p1a\n|-miss|p2b: Dondozo|p2a: Tatsugiri\n|-activate|p1b: Wo-Chien|move: Protect\n|-supereffective|p1a: Iron Hands\n|-damage|p1a: Iron Hands|8\/100\n|move|p1a: Iron Hands|Drain Punch|p2b: Dondozo\n|-crit|p2b: Dondozo\n|-damage|p2b: Dondozo|33\/100\n|-heal|p1a: Iron Hands|28\/100|[from] drain|[of] p2b: Dondozo\n|\n|-heal|p2b: Dondozo|39\/100|[from] item: Leftovers\n|-heal|p1b: Wo-Chien|55\/100|[from] item: Leftovers\n|upkeep\n|turn|8\n|\n|t:|1681873497\n|move|p2b: Dondozo|Protect|p2b: Dondozo\n|-singleturn|p2b: Dondozo|Protect\n|move|p1b: Wo-Chien|Pollen Puff|p2b: Dondozo\n|-activate|p2b: Dondozo|move: Protect\n|move|p1a: Iron Hands|Drain Punch|p2b: Dondozo\n|-activate|p2b: Dondozo|move: Protect\n|\n|-heal|p2b: Dondozo|45\/100|[from] item: Leftovers\n|-heal|p1b: Wo-Chien|61\/100|[from] item: Leftovers\n|upkeep\n|turn|9\n|\n|t:|1681873505\n|move|p2b: Dondozo|Earthquake|p1a: Iron Hands|[spread] p1a,p1b\n|-miss|p2b: Dondozo|p2a: Tatsugiri\n|-supereffective|p1a: Iron Hands\n|-resisted|p1b: Wo-Chien\n|-damage|p1a: Iron Hands|0 fnt\n|-damage|p1b: Wo-Chien|40\/100\n|faint|p1a: Iron Hands\n|-end|p1a: Iron Hands|Quark Drive|[silent]\n|move|p1b: Wo-Chien|Pollen Puff|p2b: Dondozo\n|-supereffective|p2b: Dondozo\n|-damage|p2b: Dondozo|28\/100\n|\n|-heal|p2b: Dondozo|34\/100|[from] item: Leftovers\n|-heal|p1b: Wo-Chien|46\/100|[from] item: Leftovers\n|upkeep\n|turn|10\n|\n|t:|1681873517\n|move|p1b: Wo-Chien|Protect|p1b: Wo-Chien\n|-singleturn|p1b: Wo-Chien|Protect\n|move|p2b: Dondozo|Order Up|p1b: Wo-Chien\n|-activate|p1b: Wo-Chien|move: Protect\n|\n|-heal|p2b: Dondozo|41\/100|[from] item: Leftovers\n|-heal|p1b: Wo-Chien|53\/100|[from] item: Leftovers\n|upkeep\n|turn|11\n|\n|t:|1681873527\n|move|p2b: Dondozo|Order Up|p1b: Wo-Chien\n|-damage|p1b: Wo-Chien|12\/100\n|-boost|p2b: Dondozo|atk|1\n|move|p1b: Wo-Chien|Ruination|p2b: Dondozo|[miss]\n|-miss|p1b: Wo-Chien|p2b: Dondozo\n|\n|-heal|p2b: Dondozo|47\/100|[from] item: Leftovers\n|-heal|p1b: Wo-Chien|19\/100|[from] item: Leftovers\n|upkeep\n|turn|12\n|-message|OOOOOOOOkay forfeited.\n|\n|win|mx555\n|raw|OOOOOOOOkay's rating: 1302 → 1278<\/strong> (-24 for losing)\n|raw|mx555's rating: 1228 → 1258<\/strong> (+30 for winning)\n|l|\u2606OOOOOOOOkay\n","uploadtime":1681873545,"views":11,"p1id":"ooooooookay","p2id":"mx555","formatid":"gen9vgc2023regulationc","rating":1258,"private":0,"password":""}