{"id":"gen9vgc2023regulationc-1848629156","p1":"shaboogles","p2":"natiakane","format":"[Gen 9] VGC 2023 Regulation C","log":"|j|\u2606shaboogles\n|j|\u2606natiakane\n|t:|1682095875\n|gametype|doubles\n|player|p1|shaboogles|elesa|1301\n|player|p2|natiakane|dahlia|1388\n|teamsize|p1|6\n|teamsize|p2|6\n|gen|9\n|tier|[Gen 9] VGC 2023 Regulation C\n|rated|\n|rule|Species Clause: Limit one of each Pok\u00e9mon\n|rule|Item Clause: Limit one of each item\n|clearpoke\n|poke|p1|Torkoal, L50, F|\n|poke|p1|Chi-Yu, L50|\n|poke|p1|Tatsugiri, L50, F|\n|poke|p1|Jumpluff, L50, M|\n|poke|p1|Flutter Mane, L50|\n|poke|p1|Great Tusk, L50|\n|poke|p2|Iron Thorns, L50|\n|poke|p2|Roaring Moon, L50|\n|poke|p2|Chien-Pao, L50|\n|poke|p2|Flutter Mane, L50|\n|poke|p2|Gholdengo, L50|\n|poke|p2|Iron Bundle, L50|\n|teampreview|4\n|inactive|Battle timer is ON: inactive players will automatically lose when time's up. (requested by natiakane)\nnatiakane has agreed to open team sheets.\n|\n|t:|1682095902\n|start\n|switch|p1a: Torkoal|Torkoal, L50, F|100\/100\n|switch|p1b: Jumpluff|Jumpluff, L50, M, shiny|100\/100\n|switch|p2a: Roaring Moon|Roaring Moon, L50|100\/100\n|switch|p2b: Gholdengo|Gholdengo, L50|100\/100\n|-weather|SunnyDay|[from] ability: Drought|[of] p1a: Torkoal\n|-activate|p2a: Roaring Moon|ability: Protosynthesis\n|-start|p2a: Roaring Moon|protosynthesisspe\n|turn|1\n|\n|t:|1682095925\n|move|p1b: Jumpluff|Sleep Powder|p2b: Gholdengo\n|-immune|p2b: Gholdengo|[from] ability: Good as Gold\n|move|p2a: Roaring Moon|Tailwind|p2a: Roaring Moon\n|-sidestart|p2: natiakane|move: Tailwind\n|move|p2b: Gholdengo|Shadow Ball|p1a: Torkoal\n|-damage|p1a: Torkoal|61\/100\n|move|p1a: Torkoal|Will-O-Wisp|p2a: Roaring Moon\n|-status|p2a: Roaring Moon|brn\n|\n|-weather|SunnyDay|[upkeep]\n|-damage|p2a: Roaring Moon|95\/100 brn|[from] brn\n|upkeep\n|turn|2\n|\n|t:|1682095934\n|switch|p1b: Chi-Yu|Chi-Yu, L50|100\/100\n|-ability|p1b: Chi-Yu|Beads of Ruin\n|move|p1a: Torkoal|Protect|p1a: Torkoal\n|-singleturn|p1a: Torkoal|Protect\n|move|p2a: Roaring Moon|Crunch|p1b: Chi-Yu\n|-resisted|p1b: Chi-Yu\n|-damage|p1b: Chi-Yu|83\/100\n|move|p2b: Gholdengo|Shadow Ball|p1b: Chi-Yu\n|-resisted|p1b: Chi-Yu\n|-damage|p1b: Chi-Yu|57\/100\n|\n|-weather|SunnyDay|[upkeep]\n|-damage|p2a: Roaring Moon|89\/100 brn|[from] brn\n|upkeep\n|turn|3\n|\n|t:|1682095974\n|move|p1a: Torkoal|Helping Hand|p1b: Chi-Yu\n|-singleturn|p1b: Chi-Yu|Helping Hand|[of] p1a: Torkoal\n|move|p2a: Roaring Moon|Crunch|p1b: Chi-Yu\n|-resisted|p1b: Chi-Yu\n|-damage|p1b: Chi-Yu|39\/100\n|move|p2b: Gholdengo|Shadow Ball|p1a: Torkoal\n|-damage|p1a: Torkoal|3\/100\n|move|p1b: Chi-Yu|Heat Wave|p2b: Gholdengo|[spread] p2a,p2b\n|-resisted|p2a: Roaring Moon\n|-supereffective|p2b: Gholdengo\n|-damage|p2a: Roaring Moon|3\/100 brn\n|-damage|p2b: Gholdengo|0 fnt\n|faint|p2b: Gholdengo\n|\n|-weather|SunnyDay|[upkeep]\n|-damage|p2a: Roaring Moon|0 fnt|[from] brn\n|faint|p2a: Roaring Moon\n|-end|p2a: Roaring Moon|Protosynthesis|[silent]\n|upkeep\n|\n|t:|1682095977\n|switch|p2a: Flutter Mane|Flutter Mane, L50|100\/100\n|switch|p2b: Iron Bundle|Iron Bundle, L50|100\/100\n|-activate|p2a: Flutter Mane|ability: Protosynthesis\n|-start|p2a: Flutter Mane|protosynthesisspe\n|turn|4\n|\n|t:|1682095994\n|move|p2a: Flutter Mane|Dazzling Gleam|p1b: Chi-Yu|[spread] p1a,p1b\n|-resisted|p1a: Torkoal\n|-damage|p1a: Torkoal|0 fnt\n|-damage|p1b: Chi-Yu|0 fnt\n|faint|p1a: Torkoal\n|faint|p1b: Chi-Yu\n|-damage|p2a: Flutter Mane|90\/100|[from] item: Life Orb\n|move|p2b: Iron Bundle|Freeze-Dry|p1: Torkoal|[notarget]\n|-fail|p2b: Iron Bundle\n|\n|-weather|SunnyDay|[upkeep]\n|-sideend|p2: natiakane|move: Tailwind\n|upkeep\n|\n|t:|1682095998\n|switch|p1b: Great Tusk|Great Tusk, L50|100\/100\n|switch|p1a: Jumpluff|Jumpluff, L50, M, shiny|100\/100\n|-activate|p1b: Great Tusk|ability: Protosynthesis\n|-start|p1b: Great Tusk|protosynthesisatk\n|turn|5\n|\n|t:|1682096022\n|-terastallize|p1b: Great Tusk|Fire\n|move|p1a: Jumpluff|Sleep Powder|p2b: Iron Bundle\n|-status|p2b: Iron Bundle|slp|[from] move: Sleep Powder\n|move|p2a: Flutter Mane|Dazzling Gleam|p1a: Jumpluff|[spread] p1a,p1b\n|-resisted|p1b: Great Tusk\n|-damage|p1a: Jumpluff|57\/100\n|-damage|p1b: Great Tusk|70\/100\n|-damage|p2a: Flutter Mane|80\/100|[from] item: Life Orb\n|cant|p2b: Iron Bundle|slp\n|move|p1b: Great Tusk|Earthquake|p2b: Iron Bundle|[spread] p2a,p2b\n|-immune|p1a: Jumpluff\n|-damage|p2a: Flutter Mane|0 fnt\n|-damage|p2b: Iron Bundle|4\/100 slp\n|faint|p2a: Flutter Mane\n|-end|p2a: Flutter Mane|Protosynthesis|[silent]\n|\n|-weather|none\n|-end|p1b: Great Tusk|Protosynthesis\n|upkeep\n|turn|6\n|-message|natiakane forfeited.\n|\n|win|shaboogles\n|raw|shaboogles's rating: 1301 → 1326<\/strong> (+25 for winning)\n|raw|natiakane's rating: 1388 → 1363<\/strong> (-25 for losing)\n|l|\u2606natiakane\n","uploadtime":1682096043,"views":10,"p1id":"shaboogles","p2id":"natiakane","formatid":"gen9vgc2023regulationc","rating":1326,"private":0,"password":""}