{"id":"gen9vgc2023regulationc-1859766078","p1":"Chains of Markov","p2":"thatishowiroll","format":"[Gen 9] VGC 2023 Regulation C","log":"|j|\u2606Chains of Markov@!\n|j|\u2606thatishowiroll\n|t:|1683562776\n|gametype|doubles\n|player|p1|Chains of Markov|#rbtt6teamhoopa|1277\n|player|p2|thatishowiroll|265|1280\n|teamsize|p1|6\n|teamsize|p2|6\n|gen|9\n|tier|[Gen 9] VGC 2023 Regulation C\n|rated|\n|rule|Species Clause: Limit one of each Pok\u00e9mon\n|rule|Item Clause: Limit one of each item\n|clearpoke\n|poke|p1|Flutter Mane, L50|\n|poke|p1|Amoonguss, L50, F|\n|poke|p1|Iron Hands, L50|\n|poke|p1|Arcanine, L50, M|\n|poke|p1|Palafin, L50, F|\n|poke|p1|Dragonite, L50, M|\n|poke|p2|Iron Hands, L50|\n|poke|p2|Corviknight, L50, F|\n|poke|p2|Scream Tail, L50|\n|poke|p2|Arcanine, L50, F|\n|poke|p2|Iron Bundle, L50|\n|poke|p2|Great Tusk, L50|\n|teampreview|4\n|inactive|Battle timer is ON: inactive players will automatically lose when time's up. (requested by Chains of Markov)\nChains of Markov rejected open team sheets.\n|inactive|Chains of Markov has 60 seconds left.\n|inactive|thatishowiroll has 60 seconds left.\n|\n|t:|1683562820\n|start\n|switch|p1a: Flutter Mane|Flutter Mane, L50|100\/100\n|switch|p1b: Palafin|Palafin, L50, F|100\/100\n|switch|p2a: Corviknight|Corviknight, L50, F, shiny|100\/100\n|switch|p2b: Iron Bundle|Iron Bundle, L50|100\/100\n|-enditem|p1a: Flutter Mane|Booster Energy\n|-activate|p1a: Flutter Mane|ability: Protosynthesis|[fromitem]\n|-start|p1a: Flutter Mane|protosynthesisspa\n|turn|1\n|\n|t:|1683562843\n|move|p2b: Iron Bundle|Protect|p2b: Iron Bundle\n|-singleturn|p2b: Iron Bundle|Protect\n|move|p1a: Flutter Mane|Dazzling Gleam|p2a: Corviknight|[spread] p2a\n|-activate|p2b: Iron Bundle|move: Protect\n|-resisted|p2a: Corviknight\n|-damage|p2a: Corviknight|79\/100\n|move|p1b: Palafin|Flip Turn|p2a: Corviknight\n|-damage|p2a: Corviknight|56\/100\n|\n|t:|1683562854\n|detailschange|p1b: Palafin|Palafin-Hero, L50, F\n|switch|p1b: Iron Hands|Iron Hands, L50|100\/100|[from] Flip Turn\n|move|p2a: Corviknight|Iron Head|p1a: Flutter Mane\n|-supereffective|p1a: Flutter Mane\n|-damage|p1a: Flutter Mane|0 fnt\n|faint|p1a: Flutter Mane\n|-end|p1a: Flutter Mane|Protosynthesis|[silent]\n|\n|upkeep\n|\n|t:|1683562858\n|switch|p1a: Palafin|Palafin-Hero, L50, F|100\/100\n|-activate|p1a: Palafin|ability: Zero to Hero\n|turn|2\n|\n|t:|1683562876\n|move|p2b: Iron Bundle|Freeze-Dry|p1a: Palafin\n|-supereffective|p1a: Palafin\n|-damage|p1a: Palafin|28\/100\n|move|p1a: Palafin|Wave Crash|p2a: Corviknight\n|-crit|p2a: Corviknight\n|-damage|p2a: Corviknight|0 fnt\n|faint|p2a: Corviknight\n|-damage|p1a: Palafin|10\/100|[from] Recoil\n|move|p1b: Iron Hands|Wild Charge|p2b: Iron Bundle\n|-supereffective|p2b: Iron Bundle\n|-enditem|p2b: Iron Bundle|Focus Sash\n|-damage|p2b: Iron Bundle|1\/100\n|-damage|p1b: Iron Hands|87\/100|[from] Recoil\n|\n|upkeep\n|\n|t:|1683562882\n|switch|p2a: Arcanine|Arcanine, L50, F|100\/100\n|-ability|p2a: Arcanine|Intimidate|boost\n|-unboost|p1a: Palafin|atk|1\n|-unboost|p1b: Iron Hands|atk|1\n|turn|3\n|inactive|Chains of Markov has 30 seconds left.\n|inactive|thatishowiroll has 30 seconds left.\n|\n|t:|1683562912\n|move|p2a: Arcanine|Extreme Speed|p1a: Palafin\n|-damage|p1a: Palafin|0 fnt\n|faint|p1a: Palafin\n|move|p2b: Iron Bundle|Freeze-Dry|p1b: Iron Hands\n|-damage|p1b: Iron Hands|68\/100\n|move|p1b: Iron Hands|Wild Charge|p2b: Iron Bundle\n|-supereffective|p2b: Iron Bundle\n|-damage|p2b: Iron Bundle|0 fnt\n|faint|p2b: Iron Bundle\n|-end|p2b: Iron Bundle|Quark Drive|[silent]\n|-damage|p1b: Iron Hands|68\/100|[from] Recoil\n|\n|upkeep\n|\n|t:|1683562919\n|switch|p2b: Great Tusk|Great Tusk, L50|100\/100\n|switch|p1a: Amoonguss|Amoonguss, L50, F|100\/100\n|turn|4\n|inactive|thatishowiroll has 30 seconds left.\n|inactive|Chains of Markov has 30 seconds left.\n|\n|t:|1683562952\n|-terastallize|p2a: Arcanine|Grass\n|move|p2b: Great Tusk|Ice Spinner|p1b: Iron Hands\n|-damage|p1b: Iron Hands|50\/100\n|move|p2a: Arcanine|Will-O-Wisp|p1b: Iron Hands\n|-status|p1b: Iron Hands|brn\n|move|p1b: Iron Hands|Drain Punch|p2a: Arcanine\n|-damage|p2a: Arcanine|84\/100\n|-heal|p1b: Iron Hands|57\/100 brn|[from] drain|[of] p2a: Arcanine\n|move|p1a: Amoonguss|Spore|p2b: Great Tusk\n|-status|p2b: Great Tusk|slp|[from] move: Spore\n|\n|-damage|p1b: Iron Hands|50\/100 brn|[from] brn\n|upkeep\n|turn|5\n|\n|t:|1683562970\n|-terastallize|p1a: Amoonguss|Water\n|cant|p2b: Great Tusk|slp\n|move|p2a: Arcanine|Flare Blitz|p1a: Amoonguss\n|-resisted|p1a: Amoonguss\n|-damage|p1a: Amoonguss|79\/100\n|-damage|p2a: Arcanine|76\/100|[from] Recoil\n|move|p1b: Iron Hands|Drain Punch|p2a: Arcanine\n|-damage|p2a: Arcanine|59\/100\n|-heal|p1b: Iron Hands|58\/100 brn|[from] drain|[of] p2a: Arcanine\n|move|p1a: Amoonguss|Pollen Puff|p2a: Arcanine\n|-supereffective|p2a: Arcanine\n|-damage|p2a: Arcanine|18\/100\n|\n|-damage|p1b: Iron Hands|51\/100 brn|[from] brn\n|upkeep\n|turn|6\n|\n|t:|1683562994\n|move|p2a: Arcanine|Protect|p2a: Arcanine\n|-singleturn|p2a: Arcanine|Protect\n|cant|p2b: Great Tusk|slp\n|move|p1b: Iron Hands|Drain Punch|p2b: Great Tusk\n|-damage|p2b: Great Tusk|90\/100 slp\n|-heal|p1b: Iron Hands|56\/100 brn|[from] drain|[of] p2b: Great Tusk\n|move|p1a: Amoonguss|Pollen Puff|p2a: Arcanine\n|-activate|p2a: Arcanine|move: Protect\n|\n|-damage|p1b: Iron Hands|50\/100 brn|[from] brn\n|upkeep\n|turn|7\n|\n|t:|1683563008\n|-curestatus|p2b: Great Tusk|slp|[msg]\n|move|p2b: Great Tusk|Ice Spinner|p1b: Iron Hands\n|-damage|p1b: Iron Hands|29\/100 brn\n|move|p2a: Arcanine|Will-O-Wisp|p1a: Amoonguss\n|-status|p1a: Amoonguss|brn\n|move|p1b: Iron Hands|Drain Punch|p2b: Great Tusk\n|-damage|p2b: Great Tusk|79\/100\n|-heal|p1b: Iron Hands|34\/100 brn|[from] drain|[of] p2b: Great Tusk\n|move|p1a: Amoonguss|Pollen Puff|p2a: Arcanine\n|-supereffective|p2a: Arcanine\n|-damage|p2a: Arcanine|0 fnt\n|faint|p2a: Arcanine\n|\n|-damage|p1b: Iron Hands|27\/100 brn|[from] brn\n|-damage|p1a: Amoonguss|73\/100 brn|[from] brn\n|upkeep\n|turn|8\n|\n|t:|1683563023\n|move|p2b: Great Tusk|Ice Spinner|p1b: Iron Hands\n|-damage|p1b: Iron Hands|10\/100 brn\n|move|p1b: Iron Hands|Drain Punch|p2b: Great Tusk\n|-damage|p2b: Great Tusk|70\/100\n|-heal|p1b: Iron Hands|13\/100 brn|[from] drain|[of] p2b: Great Tusk\n|move|p1a: Amoonguss|Pollen Puff|p1b: Iron Hands\n|-heal|p1b: Iron Hands|63\/100 brn\n|\n|-damage|p1b: Iron Hands|57\/100 brn|[from] brn\n|-damage|p1a: Amoonguss|67\/100 brn|[from] brn\n|upkeep\n|turn|9\n|\n|t:|1683563032\n|move|p2b: Great Tusk|Ice Spinner|p1b: Iron Hands\n|-damage|p1b: Iron Hands|39\/100 brn\n|move|p1b: Iron Hands|Drain Punch|p2b: Great Tusk\n|-damage|p2b: Great Tusk|59\/100\n|-heal|p1b: Iron Hands|43\/100 brn|[from] drain|[of] p2b: Great Tusk\n|move|p1a: Amoonguss|Spore|p2b: Great Tusk\n|-status|p2b: Great Tusk|slp|[from] move: Spore\n|\n|-damage|p1b: Iron Hands|37\/100 brn|[from] brn\n|-damage|p1a: Amoonguss|61\/100 brn|[from] brn\n|upkeep\n|turn|10\n|-message|thatishowiroll forfeited.\n|\n|win|Chains of Markov\n|raw|Chains of Markov's rating: 1277 → 1302<\/strong> (+25 for winning)\n|raw|thatishowiroll's rating: 1280 → 1255<\/strong> (-25 for losing)\n|l|\u2606Chains of Markov\n|player|p2|thatishowiroll|265\n","uploadtime":1683563053,"views":8,"p1id":"chainsofmarkov","p2id":"thatishowiroll","formatid":"gen9vgc2023regulationc","rating":1255,"private":0,"password":""}