{"id":"gen9vgc2023regulationc-1854102454","p1":"Zak-001","p2":"haha u rage quit","format":"[Gen 9] VGC 2023 Regulation C","log":"|j|\u2606Zak-001\n|j|\u2606haha u rage quit\n|t:|1682769579\n|gametype|doubles\n|player|p1|Zak-001|169|1231\n|player|p2|haha u rage quit|pokemaniac|1185\n|teamsize|p1|6\n|teamsize|p2|6\n|gen|9\n|tier|[Gen 9] VGC 2023 Regulation C\n|rated|\n|rule|Species Clause: Limit one of each Pok\u00e9mon\n|rule|Item Clause: Limit one of each item\n|clearpoke\n|poke|p1|Chi-Yu, L50|\n|poke|p1|Frosmoth, L50, F|\n|poke|p1|Flutter Mane, L50|\n|poke|p1|Wo-Chien, L50|\n|poke|p1|Scream Tail, L50|\n|poke|p1|Gastrodon, L50, M|\n|poke|p2|Iron Bundle, L50|\n|poke|p2|Chi-Yu, L50|\n|poke|p2|Scizor, L50, M|\n|poke|p2|Flutter Mane, L50|\n|poke|p2|Great Tusk, L50|\n|poke|p2|Murkrow, L50, M|\n|teampreview|4\n|inactive|Battle timer is ON: inactive players will automatically lose when time's up. (requested by Zak-001)\n|inactive|haha u rage quit has 60 seconds left.\n|\n|t:|1682769618\n|start\n|switch|p1a: Chi-Yu|Chi-Yu, L50|100\/100\n|switch|p1b: Flutter Mane|Flutter Mane, L50|100\/100\n|switch|p2a: Scizor|Scizor, L50, M, shiny|100\/100\n|switch|p2b: Flutter Mane|Flutter Mane, L50, shiny|100\/100\n|-ability|p1a: Chi-Yu|Beads of Ruin\n|turn|1\n|\n|t:|1682769629\n|-terastallize|p2a: Scizor|Water\n|move|p2b: Flutter Mane|Protect|p2b: Flutter Mane\n|-singleturn|p2b: Flutter Mane|Protect\n|move|p1b: Flutter Mane|Shadow Ball|p2a: Scizor\n|-damage|p2a: Scizor|29\/100\n|move|p1a: Chi-Yu|Snarl|p2a: Scizor|[spread] p2a\n|-activate|p2b: Flutter Mane|move: Protect\n|-damage|p2a: Scizor|1\/100\n|move|p2a: Scizor|Tera Blast|p1a: Chi-Yu\n|-supereffective|p1a: Chi-Yu\n|-damage|p1a: Chi-Yu|0 fnt\n|faint|p1a: Chi-Yu\n|\n|upkeep\n|\n|t:|1682769644\n|switch|p1a: Gastrodon|Gastrodon, L50, M|100\/100\n|turn|2\n|\n|t:|1682769663\n|move|p2a: Scizor|Bullet Punch|p1b: Flutter Mane\n|-supereffective|p1b: Flutter Mane\n|-enditem|p1b: Flutter Mane|Focus Sash\n|-damage|p1b: Flutter Mane|1\/100\n|move|p1b: Flutter Mane|Shadow Ball|p2b: Flutter Mane\n|-supereffective|p2b: Flutter Mane\n|-damage|p2b: Flutter Mane|3\/100\n|move|p2b: Flutter Mane|Moonblast|p1a: Gastrodon\n|-damage|p1a: Gastrodon|25\/100\n|-damage|p2b: Flutter Mane|0 fnt|[from] item: Life Orb\n|faint|p2b: Flutter Mane\n|-end|p2b: Flutter Mane|Protosynthesis|[silent]\n|move|p1a: Gastrodon|Icy Wind|p2a: Scizor\n|-resisted|p2a: Scizor\n|-damage|p2a: Scizor|0 fnt\n|faint|p2a: Scizor\n|\n|upkeep\n|\n|t:|1682769680\n|switch|p2b: Great Tusk|Great Tusk, L50, shiny|100\/100\n|switch|p2a: Iron Bundle|Iron Bundle, L50, shiny|100\/100\n|-enditem|p2a: Iron Bundle|Booster Energy\n|-activate|p2a: Iron Bundle|ability: Quark Drive|[fromitem]\n|-start|p2a: Iron Bundle|quarkdrivespe\n|turn|3\n|\n|t:|1682769693\n|move|p2a: Iron Bundle|Icy Wind|p1a: Gastrodon|[spread] p1a,p1b\n|-damage|p1a: Gastrodon|3\/100\n|-damage|p1b: Flutter Mane|0 fnt\n|-unboost|p1a: Gastrodon|spe|1\n|faint|p1b: Flutter Mane\n|-end|p1b: Flutter Mane|Protosynthesis|[silent]\n|move|p2b: Great Tusk|Rock Slide|p1a: Gastrodon\n|-resisted|p1a: Gastrodon\n|-damage|p1a: Gastrodon|0 fnt\n|faint|p1a: Gastrodon\n|\n|upkeep\n|\n|t:|1682769703\n|switch|p1a: Frosmoth|Frosmoth, L50, F|100\/100\n|turn|4\n|inactive|haha u rage quit has 30 seconds left.\n|\n|t:|1682769732\n|-terastallize|p1a: Frosmoth|Water\n|move|p2a: Iron Bundle|Icy Wind|p1a: Frosmoth\n|-resisted|p1a: Frosmoth\n|-damage|p1a: Frosmoth|92\/100\n|-unboost|p1a: Frosmoth|spe|1\n|move|p2b: Great Tusk|Rock Slide|p1a: Frosmoth\n|-damage|p1a: Frosmoth|59\/100\n|cant|p1a: Frosmoth|flinch\n|\n|upkeep\n|turn|5\n|\n|t:|1682769751\n|move|p2a: Iron Bundle|Freeze-Dry|p1a: Frosmoth\n|-supereffective|p1a: Frosmoth\n|-damage|p1a: Frosmoth|20\/100\n|-enditem|p1a: Frosmoth|Aguav Berry|[eat]\n|-heal|p1a: Frosmoth|53\/100|[from] item: Aguav Berry\n|move|p2b: Great Tusk|Close Combat|p1a: Frosmoth\n|-damage|p1a: Frosmoth|0 fnt\n|-unboost|p2b: Great Tusk|def|1\n|-unboost|p2b: Great Tusk|spd|1\n|faint|p1a: Frosmoth\n|\n|win|haha u rage quit\n|raw|Zak-001's rating: 1231 → 1203<\/strong> (-28 for losing)\n|raw|haha u rage quit's rating: 1185 → 1213<\/strong> (+28 for winning)\n|l|\u2606Zak-001\n","uploadtime":1682769771,"views":14,"p1id":"zak001","p2id":"hahauragequit","formatid":"gen9vgc2023regulationc","rating":1203,"private":0,"password":""}