{"id":"gen9vgc2023regulationc-1846942461","p1":"KinimaP","p2":"Bubbledum","format":"[Gen 9] VGC 2023 Regulation C","log":"|j|\u2606KinimaP\n|j|\u2606Bubbledum\n|t:|1681904138\n|gametype|doubles\n|player|p1|KinimaP|cameraman|1441\n|player|p2|Bubbledum|cynthia|1411\n|teamsize|p1|6\n|teamsize|p2|6\n|gen|9\n|tier|[Gen 9] VGC 2023 Regulation C\n|rated|\n|rule|Species Clause: Limit one of each Pok\u00e9mon\n|rule|Item Clause: Limit one of each item\n|clearpoke\n|poke|p1|Ting-Lu, L50|\n|poke|p1|Chien-Pao, L50|\n|poke|p1|Dragonite, L50, F|\n|poke|p1|Annihilape, L50, M|\n|poke|p1|Flutter Mane, L50|\n|poke|p1|Amoonguss, L50, F|\n|poke|p2|Iron Jugulis, L50|\n|poke|p2|Gholdengo, L50|\n|poke|p2|Baxcalibur, L50, F|\n|poke|p2|Tauros-Paldea-Blaze, L50, M|\n|poke|p2|Gastrodon, L50, F|\n|poke|p2|Wo-Chien, L50|\n|teampreview|4\n|\n|t:|1681904173\n|start\n|switch|p1a: Annihilape|Annihilape, L50, M|100\/100\n|switch|p1b: Ting-Lu|Ting-Lu, L50|100\/100\n|switch|p2a: Iron Jugulis|Iron Jugulis, L50|100\/100\n|switch|p2b: Gholdengo|Gholdengo, L50|100\/100\n|-ability|p1b: Ting-Lu|Vessel of Ruin\n|-enditem|p2a: Iron Jugulis|Booster Energy\n|-activate|p2a: Iron Jugulis|ability: Quark Drive|[fromitem]\n|-start|p2a: Iron Jugulis|quarkdrivespe\n|turn|1\n|j| ascoi\n|\n|t:|1681904215\n|move|p2a: Iron Jugulis|Tailwind|p2a: Iron Jugulis\n|-sidestart|p2: Bubbledum|move: Tailwind\n|move|p2b: Gholdengo|Trick|p1a: Annihilape\n|-activate|p2b: Gholdengo|move: Trick|[of] p1a: Annihilape\n|-item|p1a: Annihilape|Choice Specs|[from] move: Trick\n|-item|p2b: Gholdengo|Leftovers|[from] move: Trick\n|move|p1a: Annihilape|Rage Fist|p2b: Gholdengo\n|-supereffective|p2b: Gholdengo\n|-damage|p2b: Gholdengo|59\/100\n|move|p1b: Ting-Lu|Earthquake|p2a: Iron Jugulis|[spread] p1a,p2b\n|-immune|p2a: Iron Jugulis\n|-supereffective|p2b: Gholdengo\n|-crit|p2b: Gholdengo\n|-damage|p1a: Annihilape|62\/100\n|-damage|p2b: Gholdengo|0 fnt\n|faint|p2b: Gholdengo\n|\n|upkeep\n|\n|t:|1681904228\n|switch|p2b: Tauros|Tauros-Paldea-Blaze, L50, M|100\/100\n|-ability|p2b: Tauros|Intimidate|boost\n|-unboost|p1a: Annihilape|atk|1\n|-fail|p1b: Ting-Lu|unboost|[from] item: Clear Amulet|[of] p1b: Ting-Lu\n|turn|2\n|\n|t:|1681904243\n|-terastallize|p2b: Tauros|Grass\n|-terastallize|p1b: Ting-Lu|Water\n|move|p2a: Iron Jugulis|Air Slash|p1a: Annihilape\n|-supereffective|p1a: Annihilape\n|-crit|p1a: Annihilape\n|-damage|p1a: Annihilape|15\/100\n|move|p2b: Tauros|Will-O-Wisp|p1b: Ting-Lu\n|-status|p1b: Ting-Lu|brn\n|move|p1a: Annihilape|Rage Fist|p2b: Tauros\n|-damage|p2b: Tauros|59\/100\n|move|p1b: Ting-Lu|Earthquake|p2b: Tauros|[spread] p1a,p2b\n|-immune|p2a: Iron Jugulis\n|-resisted|p2b: Tauros\n|-damage|p1a: Annihilape|0 fnt\n|-damage|p2b: Tauros|50\/100\n|faint|p1a: Annihilape\n|\n|-damage|p1b: Ting-Lu|94\/100 brn|[from] brn\n|upkeep\n|\n|t:|1681904264\n|switch|p1a: Amoonguss|Amoonguss, L50, F|100\/100\n|turn|3\n|\n|t:|1681904281\n|move|p2a: Iron Jugulis|Air Slash|p1a: Amoonguss\n|-supereffective|p1a: Amoonguss\n|-damage|p1a: Amoonguss|65\/100\n|move|p2b: Tauros|Flare Blitz|p1a: Amoonguss\n|-supereffective|p1a: Amoonguss\n|-damage|p1a: Amoonguss|0 fnt\n|faint|p1a: Amoonguss\n|-damage|p2b: Tauros|21\/100|[from] Recoil\n|move|p1b: Ting-Lu|Rock Slide|p2a: Iron Jugulis|[spread] p2b\n|-miss|p1b: Ting-Lu|p2a: Iron Jugulis\n|-damage|p2b: Tauros|12\/100\n|\n|-damage|p1b: Ting-Lu|88\/100 brn|[from] brn\n|upkeep\n|\n|t:|1681904296\n|switch|p1a: Chien-Pao|Chien-Pao, L50|100\/100\n|-ability|p1a: Chien-Pao|Sword of Ruin\n|turn|4\n|\n|t:|1681904313\n|move|p1a: Chien-Pao|Protect|p1a: Chien-Pao\n|-singleturn|p1a: Chien-Pao|Protect\n|move|p2a: Iron Jugulis|Air Slash|p1a: Chien-Pao\n|-activate|p1a: Chien-Pao|move: Protect\n|move|p2b: Tauros|Will-O-Wisp|p1a: Chien-Pao\n|-activate|p1a: Chien-Pao|move: Protect\n|move|p1b: Ting-Lu|Rock Slide|p2a: Iron Jugulis|[spread] p2a,p2b\n|-supereffective|p2a: Iron Jugulis\n|-damage|p2a: Iron Jugulis|75\/100\n|-damage|p2b: Tauros|0 fnt\n|faint|p2b: Tauros\n|\n|-damage|p1b: Ting-Lu|82\/100 brn|[from] brn\n|-sideend|p2: Bubbledum|move: Tailwind\n|upkeep\n|\n|t:|1681904326\n|switch|p2b: Wo-Chien|Wo-Chien, L50|100\/100\n|-ability|p2b: Wo-Chien|Tablets of Ruin\n|turn|5\n|\n|t:|1681904341\n|move|p2a: Iron Jugulis|Protect|p2a: Iron Jugulis\n|-singleturn|p2a: Iron Jugulis|Protect\n|move|p1a: Chien-Pao|Ice Spinner|p2a: Iron Jugulis\n|-activate|p2a: Iron Jugulis|move: Protect\n|move|p2b: Wo-Chien|Giga Drain|p1a: Chien-Pao\n|-damage|p1a: Chien-Pao|71\/100\n|move|p1b: Ting-Lu|Stomping Tantrum|p2b: Wo-Chien\n|-resisted|p2b: Wo-Chien\n|-damage|p2b: Wo-Chien|92\/100\n|\n|-heal|p2b: Wo-Chien|98\/100|[from] item: Leftovers\n|-damage|p1b: Ting-Lu|76\/100 brn|[from] brn\n|upkeep\n|turn|6\n|\n|t:|1681904357\n|move|p2a: Iron Jugulis|Air Slash|p1a: Chien-Pao\n|-damage|p1a: Chien-Pao|33\/100\n|move|p1a: Chien-Pao|Ice Spinner|p2a: Iron Jugulis\n|-supereffective|p2a: Iron Jugulis\n|-damage|p2a: Iron Jugulis|0 fnt\n|faint|p2a: Iron Jugulis\n|-end|p2a: Iron Jugulis|Quark Drive|[silent]\n|move|p2b: Wo-Chien|Pollen Puff|p1a: Chien-Pao\n|-supereffective|p1a: Chien-Pao\n|-damage|p1a: Chien-Pao|0 fnt\n|faint|p1a: Chien-Pao\n|move|p1b: Ting-Lu|Rock Slide|p2b: Wo-Chien|[miss]\n|-miss|p1b: Ting-Lu|p2b: Wo-Chien\n|\n|-heal|p2b: Wo-Chien|100\/100|[from] item: Leftovers\n|-damage|p1b: Ting-Lu|70\/100 brn|[from] brn\n|upkeep\n|turn|7\n|\n|t:|1681904392\n|move|p2b: Wo-Chien|Giga Drain|p1b: Ting-Lu\n|-supereffective|p1b: Ting-Lu\n|-damage|p1b: Ting-Lu|44\/100 brn\n|move|p1b: Ting-Lu|Rock Slide|p2b: Wo-Chien\n|-damage|p2b: Wo-Chien|93\/100\n|\n|-heal|p2b: Wo-Chien|99\/100|[from] item: Leftovers\n|-damage|p1b: Ting-Lu|38\/100 brn|[from] brn\n|upkeep\n|turn|8\n|l|\u2606KinimaP\n|player|p1|\n|j|\u2606KinimaP\n|player|p1|KinimaP|cameraman\n|\n|t:|1681904408\n|move|p1b: Ting-Lu|Protect|p1b: Ting-Lu\n|-singleturn|p1b: Ting-Lu|Protect\n|move|p2b: Wo-Chien|Giga Drain|p1b: Ting-Lu\n|-activate|p1b: Ting-Lu|move: Protect\n|\n|-heal|p2b: Wo-Chien|100\/100|[from] item: Leftovers\n|-damage|p1b: Ting-Lu|32\/100 brn|[from] brn\n|upkeep\n|turn|9\n|\n|t:|1681904416\n|move|p2b: Wo-Chien|Giga Drain|p1b: Ting-Lu\n|-supereffective|p1b: Ting-Lu\n|-damage|p1b: Ting-Lu|6\/100 brn\n|move|p1b: Ting-Lu|Earthquake|p2b: Wo-Chien\n|-resisted|p2b: Wo-Chien\n|-damage|p2b: Wo-Chien|94\/100\n|\n|-heal|p2b: Wo-Chien|99\/100|[from] item: Leftovers\n|-damage|p1b: Ting-Lu|0 fnt|[from] brn\n|faint|p1b: Ting-Lu\n|\n|win|Bubbledum\n|upkeep\n|raw|KinimaP's rating: 1441 → 1419<\/strong> (-22 for losing)\n|raw|Bubbledum's rating: 1411 → 1433<\/strong> (+22 for winning)\n","uploadtime":1681904421,"views":9,"p1id":"kinimap","p2id":"bubbledum","formatid":"gen9vgc2023regulationc","rating":1419,"private":0,"password":""}