{"id":"gen9vgc2023regulationc-1857906765","p1":"CurryBean","p2":"Bostonl1","format":"[Gen 9] VGC 2023 Regulation C","log":"|j|\u2606CurryBean\n|j|\u2606Bostonl1\n|t:|1683245737\n|gametype|doubles\n|player|p1|CurryBean|102|\n|player|p2|Bostonl1|morty|\n|teamsize|p1|6\n|teamsize|p2|6\n|gen|9\n|tier|[Gen 9] VGC 2023 Regulation C\n|rule|Species Clause: Limit one of each Pok\u00e9mon\n|rule|Item Clause: Limit one of each item\n|clearpoke\n|poke|p1|Tyranitar, L50, M|\n|poke|p1|Lycanroc, L50, F|\n|poke|p1|Ditto, L50|\n|poke|p1|Maushold-Four, L50|\n|poke|p1|Annihilape, L50, M|\n|poke|p1|Flutter Mane, L50|\n|poke|p2|Pelipper, L50, M|\n|poke|p2|Palafin, L50, F|\n|poke|p2|Iron Jugulis, L50|\n|poke|p2|Amoonguss, L50, M|\n|poke|p2|Gholdengo, L50|\n|poke|p2|Chi-Yu, L50|\n|teampreview|4\n|j| PKV Pokevin\n|c|\u2606Bostonl1|g1\n|j| PierceTheDriftveil\n|j| SphealAficionados\n|c| SphealAficionados|glhf\n|c|\u2606Bostonl1|glhf!\n|c|\u2606CurryBean|hfhf\n|c|\u2606CurryBean|!randpoke\n|raw| DOU<\/span> <\/span> Ting-Lu<\/a><\/span> <\/span> Vessel of Ruin<\/span><\/span><\/span>HP<\/em> 155<\/span> Atk<\/em> 110<\/span> Def<\/em> 125<\/span> SpA<\/em> 55<\/span> SpD<\/em> 80<\/span> Spe<\/em> 45<\/span> BST 570<\/em><\/span> <\/span><\/li> <\/li><\/ul><\/div>\n|raw|Dex#:<\/font> 1003 |  Gen:<\/font> 9 |  Height:<\/font> 2.7 m |  Weight:<\/font> 699.7 kg (120 BP)<\/em> |  Dex Colour:<\/font> Brown |  Egg Group(s):<\/font> Undiscovered |  Does Not Evolve<\/font><\/font>\n\n|c|\u2606Bostonl1|!randpoke\n|raw| (DUU)<\/span> <\/span> Dudunsparce<\/a><\/span> <\/span> Serene Grace Run Away<\/span>Rattled<\/em><\/span><\/span>HP<\/em> 125<\/span> Atk<\/em> 100<\/span> Def<\/em> 80<\/span> SpA<\/em> 85<\/span> SpD<\/em> 75<\/span> Spe<\/em> 55<\/span> BST 520<\/em><\/span> <\/span><\/li> <\/li><\/ul><\/div>\n|raw|Dex#:<\/font> 982 |  Gen:<\/font> 9 |  Height:<\/font> 3.6 m |  Weight:<\/font> 39.2 kg (60 BP)<\/em> |  Dex Colour:<\/font> Yellow |  Egg Group(s):<\/font> Field |  Does Not Evolve<\/font><\/font>\n\n|j| Doctor_DraX\n|c| Doctor_DraX|gort\n|l| Doctor_DraX\n|j| KnickNom\n|\n|t:|1683245914\n|start\n|switch|p1a: .png|Maushold-Four, L50|100\/100\n|switch|p1b: hit me too|Annihilape, L50, M|100\/100\n|switch|p2a: Pelipper|Pelipper, L50, M|100\/100\n|switch|p2b: Palafin|Palafin, L50, F|100\/100\n|-weather|RainDance|[from] ability: Drizzle|[of] p2a: Pelipper\n|turn|1\n|c| KnickNom|im rooting for you\n|c| KnickNom|did winter make this\n|j| prism armor\n|j| dunderguy\n|c|\u2606Bostonl1|you could be anybody\n|\n|t:|1683245983\n|detailschange|p2b: Palafin|Palafin-Hero, L50, F\n|switch|p2b: Amoonguss|Amoonguss, L50, M|100\/100\n|move|p1a: .png|Beat Up|p1b: hit me too\n|-damage|p1b: hit me too|99\/100\n|-damage|p1b: hit me too|97\/100\n|-damage|p1b: hit me too|94\/100\n|-damage|p1b: hit me too|92\/100\n|-hitcount|p1b: hit me too|4\n|move|p2a: Pelipper|Hydro Pump|p1a: .png\n|-damage|p1a: .png|7\/100\n|move|p1b: hit me too|Rage Fist|p2b: Amoonguss\n|-damage|p2b: Amoonguss|16\/100\n|-enditem|p2b: Amoonguss|Sitrus Berry|[eat]\n|-heal|p2b: Amoonguss|41\/100|[from] item: Sitrus Berry\n|\n|-weather|RainDance|[upkeep]\n|-heal|p1b: hit me too|99\/100|[from] item: Leftovers\n|upkeep\n|turn|2\n|c| KnickNom|if u dont think im rooting for you just say so\n|\n|t:|1683246057\n|move|p1a: .png|Follow Me|p1a: .png\n|-singleturn|p1a: .png|move: Follow Me\n|move|p2b: Amoonguss|Rage Powder|p2b: Amoonguss\n|-singleturn|p2b: Amoonguss|move: Rage Powder\n|move|p2a: Pelipper|Tailwind|p2a: Pelipper\n|-sidestart|p2: Bostonl1|move: Tailwind\n|move|p1b: hit me too|Rage Fist|p2b: Amoonguss\n|-damage|p2b: Amoonguss|0 fnt\n|faint|p2b: Amoonguss\n|\n|-weather|RainDance|[upkeep]\n|-heal|p1b: hit me too|100\/100|[from] item: Leftovers\n|upkeep\n|\n|t:|1683246073\n|switch|p2b: Gholdengo|Gholdengo, L50|100\/100\n|turn|3\n|j| PincherD\n|\n|t:|1683246113\n|switch|p1a: :gnttar:|Tyranitar, L50, M|100\/100\n|-weather|Sandstorm|[from] ability: Sand Stream|[of] p1a: :gnttar:\n|-terastallize|p2b: Gholdengo|Steel\n|-terastallize|p1b: hit me too|Fire\n|move|p2b: Gholdengo|Make It Rain|p1a: :gnttar:|[spread] p1a,p1b\n|-supereffective|p1a: :gnttar:\n|-crit|p1a: :gnttar:\n|-resisted|p1b: hit me too\n|-damage|p1a: :gnttar:|0 fnt\n|-damage|p1b: hit me too|62\/100\n|-unboost|p2b: Gholdengo|spa|1\n|faint|p1a: :gnttar:\n|move|p2a: Pelipper|Hydro Pump|p1b: hit me too\n|-supereffective|p1b: hit me too\n|-damage|p1b: hit me too|0 fnt\n|faint|p1b: hit me too\n|\n|-weather|Sandstorm|[upkeep]\n|-damage|p2a: Pelipper|95\/100|[from] Sandstorm\n|upkeep\n|\n|t:|1683246131\n|switch|p1b: hit me pls|Lycanroc, L50, F|100\/100\n|switch|p1a: .png|Maushold-Four, L50|7\/100\n|turn|4\n|\n|t:|1683246172\n|move|p2a: Pelipper|Wide Guard|p2a: Pelipper\n|-singleturn|p2a: Pelipper|Wide Guard\n|move|p1b: hit me pls|Rock Slide|p2a: Pelipper|[spread] \n|-activate|p2a: Pelipper|move: Wide Guard\n|-activate|p2b: Gholdengo|move: Wide Guard\n|move|p2b: Gholdengo|Make It Rain|p1b: hit me pls|[spread] p1a,p1b\n|-supereffective|p1b: hit me pls\n|-damage|p1a: .png|0 fnt\n|-enditem|p1b: hit me pls|Focus Sash\n|-damage|p1b: hit me pls|1\/100\n|-unboost|p2b: Gholdengo|spa|1\n|faint|p1a: .png\n|\n|-weather|Sandstorm|[upkeep]\n|-damage|p2a: Pelipper|89\/100|[from] Sandstorm\n|upkeep\n|turn|5\n|c|\u2606CurryBean|gg\n|c|\u2606Bostonl1|gg\n|\n|t:|1683246189\n|move|p2a: Pelipper|Wide Guard|p2a: Pelipper\n|-singleturn|p2a: Pelipper|Wide Guard\n|move|p1b: hit me pls|Endeavor|p2b: Gholdengo\n|-damage|p2b: Gholdengo|1\/100\n|move|p2b: Gholdengo|Make It Rain|p1b: hit me pls\n|-supereffective|p1b: hit me pls\n|-damage|p1b: hit me pls|0 fnt\n|-unboost|p2b: Gholdengo|spa|1\n|faint|p1b: hit me pls\n|\n|win|Bostonl1\n|c|\u2606Bostonl1|https:\/\/replay.pokemonshowdown.com\/gen9vgc2023regulationc-1857906765\n","uploadtime":1683246197,"views":20,"p1id":"currybean","p2id":"bostonl1","formatid":"gen9vgc2023regulationc","rating":0,"private":0,"password":""}