{"id":"gen9vgc2023regulationc-1845212023","p1":"Agent 301","p2":"mangowarfare23","format":"[Gen 9] VGC 2023 Regulation C","log":"|j|\u2606Agent 301\n|j|\u2606mangowarfare23\n|t:|1681696989\n|gametype|doubles\n|player|p1|Agent 301|giovanni|1070\n|player|p2|mangowarfare23|cheren-gen5bw2|1173\n|teamsize|p1|6\n|teamsize|p2|6\n|gen|9\n|tier|[Gen 9] VGC 2023 Regulation C\n|rated|\n|rule|Species Clause: Limit one of each Pok\u00e9mon\n|rule|Item Clause: Limit one of each item\n|clearpoke\n|poke|p1|Quaquaval, L50, F|\n|poke|p1|Talonflame, L50, M|\n|poke|p1|Breloom, L50, F|\n|poke|p1|Maushold, L50|\n|poke|p1|Gholdengo, L50|\n|poke|p1|Dragonite, L50, M|\n|poke|p2|Sylveon, L50, F|\n|poke|p2|Ceruledge, L50, F|\n|poke|p2|Oranguru, L50, F|\n|poke|p2|Ting-Lu, L50|\n|poke|p2|Iron Hands, L50|\n|poke|p2|Gyarados, L50, F|\n|teampreview|4\n|\n|t:|1681697026\n|start\n|switch|p1a: Dragonite|Dragonite, L50, M|100\/100\n|switch|p1b: Maushold|Maushold, L50|100\/100\n|switch|p2a: Oranguru|Oranguru, L50, F|100\/100\n|switch|p2b: Iron Hands|Iron Hands, L50|100\/100\n|turn|1\n|\n|t:|1681697045\n|move|p2b: Iron Hands|Fake Out|p1a: Dragonite\n|-damage|p1a: Dragonite|93\/100\n|move|p1b: Maushold|Follow Me|p1b: Maushold\n|-singleturn|p1b: Maushold|move: Follow Me\n|cant|p1a: Dragonite|flinch\n|move|p2a: Oranguru|Trick Room|p2a: Oranguru\n|-fieldstart|move: Trick Room|[of] p2a: Oranguru\n|\n|upkeep\n|turn|2\n|\n|t:|1681697086\n|move|p2b: Iron Hands|Drain Punch|p1b: Maushold\n|-supereffective|p1b: Maushold\n|-damage|p1b: Maushold|0 fnt\n|faint|p1b: Maushold\n|move|p2a: Oranguru|Instruct|p2b: Iron Hands\n|-singleturn|p2b: Iron Hands|move: Instruct|[of] p2a: Oranguru\n|move|p2b: Iron Hands|Drain Punch|p1a: Dragonite\n|-resisted|p1a: Dragonite\n|-damage|p1a: Dragonite|68\/100\n|move|p1a: Dragonite|Roost|p1a: Dragonite\n|-heal|p1a: Dragonite|100\/100\n|-singleturn|p1a: Dragonite|move: Roost\n|\n|upkeep\n|\n|t:|1681697100\n|switch|p1b: Gholdengo|Gholdengo, L50|100\/100\n|turn|3\n|\n|t:|1681697119\n|switch|p2a: Ting-Lu|Ting-Lu, L50|100\/100\n|-ability|p2a: Ting-Lu|Vessel of Ruin\n|move|p2b: Iron Hands|Thunder Punch|p1b: Gholdengo\n|-damage|p1b: Gholdengo|48\/100\n|move|p1a: Dragonite|Rock Slide|p2b: Iron Hands|[spread] p2a,p2b\n|-resisted|p2a: Ting-Lu\n|-resisted|p2b: Iron Hands\n|-damage|p2a: Ting-Lu|95\/100\n|-damage|p2b: Iron Hands|94\/100\n|move|p1b: Gholdengo|Nasty Plot|p1b: Gholdengo\n|-boost|p1b: Gholdengo|spa|2\n|\n|upkeep\n|turn|4\n|\n|t:|1681697157\n|-end|p2b: Iron Hands|Quark Drive|[silent]\n|switch|p2b: Gyarados|Gyarados, L50, F|100\/100\n|-ability|p2b: Gyarados|Intimidate|boost\n|-fail|p1a: Dragonite|unboost|[from] item: Clear Amulet|[of] p1a: Dragonite\n|-unboost|p1b: Gholdengo|atk|1\n|-terastallize|p1b: Gholdengo|Steel\n|move|p2a: Ting-Lu|Earthquake|p1a: Dragonite|[spread] p1b\n|-immune|p2b: Gyarados\n|-immune|p1a: Dragonite\n|-supereffective|p1b: Gholdengo\n|-damage|p1b: Gholdengo|0 fnt\n|faint|p1b: Gholdengo\n|move|p1a: Dragonite|Dragon Dance|p1a: Dragonite\n|-boost|p1a: Dragonite|atk|1\n|-boost|p1a: Dragonite|spe|1\n|\n|upkeep\n|\n|t:|1681697174\n|switch|p1b: Breloom|Breloom, L50, F|100\/100\n|turn|5\n|\n|t:|1681697202\n|switch|p2a: Oranguru|Oranguru, L50, F|100\/100\n|move|p2b: Gyarados|Taunt|p1b: Breloom\n|-start|p1b: Breloom|move: Taunt\n|move|p1b: Breloom|Bullet Seed|p2a: Oranguru\n|-damage|p2a: Oranguru|82\/100\n|-damage|p2a: Oranguru|66\/100\n|-damage|p2a: Oranguru|49\/100\n|-enditem|p2a: Oranguru|Sitrus Berry|[eat]\n|-heal|p2a: Oranguru|74\/100|[from] item: Sitrus Berry\n|-damage|p2a: Oranguru|59\/100\n|-hitcount|p2a: Oranguru|4\n|move|p1a: Dragonite|Dragon Dance|p1a: Dragonite\n|-boost|p1a: Dragonite|atk|1\n|-boost|p1a: Dragonite|spe|1\n|\n|-fieldend|move: Trick Room\n|upkeep\n|turn|6\n|\n|t:|1681697233\n|move|p2a: Oranguru|Protect|p2a: Oranguru\n|-singleturn|p2a: Oranguru|Protect\n|move|p1a: Dragonite|Rock Slide|p2a: Oranguru|[spread] p2b\n|-activate|p2a: Oranguru|move: Protect\n|-supereffective|p2b: Gyarados\n|-damage|p2b: Gyarados|43\/100\n|move|p1b: Breloom|Bullet Seed|p2a: Oranguru\n|-activate|p2a: Oranguru|move: Protect\n|cant|p2b: Gyarados|flinch\n|\n|upkeep\n|turn|7\n|\n|t:|1681697255\n|switch|p2a: Iron Hands|Iron Hands, L50|94\/100\n|move|p1a: Dragonite|Rock Slide|p2b: Gyarados|[spread] p2a,p2b\n|-resisted|p2a: Iron Hands\n|-supereffective|p2b: Gyarados\n|-damage|p2a: Iron Hands|80\/100\n|-damage|p2b: Gyarados|0 fnt\n|faint|p2b: Gyarados\n|move|p1b: Breloom|Aerial Ace|p2a: Iron Hands\n|-damage|p2a: Iron Hands|61\/100\n|\n|-end|p1b: Breloom|move: Taunt\n|upkeep\n|\n|t:|1681697266\n|switch|p2b: Ting-Lu|Ting-Lu, L50|95\/100\n|-ability|p2b: Ting-Lu|Vessel of Ruin\n|turn|8\n|\n|t:|1681697287\n|-terastallize|p2b: Ting-Lu|Fire\n|move|p2a: Iron Hands|Fake Out|p1a: Dragonite\n|-damage|p1a: Dragonite|92\/100\n|cant|p1a: Dragonite|flinch\n|move|p1b: Breloom|Spore|p2a: Iron Hands\n|-status|p2a: Iron Hands|slp|[from] move: Spore\n|move|p2b: Ting-Lu|Rock Slide|p1a: Dragonite|[spread] p1a,p1b\n|-supereffective|p1a: Dragonite\n|-resisted|p1b: Breloom\n|-damage|p1a: Dragonite|29\/100\n|-damage|p1b: Breloom|80\/100\n|\n|upkeep\n|turn|9\n|\n|t:|1681697311\n|move|p1a: Dragonite|Roost|p1a: Dragonite\n|-heal|p1a: Dragonite|79\/100\n|-singleturn|p1a: Dragonite|move: Roost\n|move|p1b: Breloom|Spore|p2b: Ting-Lu\n|-status|p2b: Ting-Lu|slp|[from] move: Spore\n|cant|p2a: Iron Hands|slp\n|cant|p2b: Ting-Lu|slp\n|\n|upkeep\n|turn|10\n|\n|t:|1681697326\n|move|p1a: Dragonite|Rock Slide|p2a: Iron Hands|[spread] p2a,p2b\n|-resisted|p2a: Iron Hands\n|-supereffective|p2b: Ting-Lu\n|-damage|p2a: Iron Hands|48\/100 slp\n|-damage|p2b: Ting-Lu|47\/100 slp\n|move|p1b: Breloom|Bullet Seed|p2a: Iron Hands\n|-damage|p2a: Iron Hands|35\/100 slp\n|-damage|p2a: Iron Hands|23\/100 slp\n|-damage|p2a: Iron Hands|10\/100 slp\n|-damage|p2a: Iron Hands|0 fnt\n|faint|p2a: Iron Hands\n|-end|p2a: Iron Hands|Quark Drive|[silent]\n|-hitcount|p2: Iron Hands|4\n|cant|p2b: Ting-Lu|slp\n|\n|upkeep\n|\n|t:|1681697338\n|switch|p2a: Oranguru|Oranguru, L50, F|59\/100\n|turn|11\n|\n|t:|1681697353\n|move|p1b: Breloom|Mach Punch|p2a: Oranguru\n|-damage|p2a: Oranguru|31\/100\n|move|p1a: Dragonite|Rock Slide|p2b: Ting-Lu|[spread] p2a,p2b\n|-supereffective|p2b: Ting-Lu\n|-damage|p2a: Oranguru|0 fnt\n|-damage|p2b: Ting-Lu|1\/100 slp\n|faint|p2a: Oranguru\n|cant|p2b: Ting-Lu|slp\n|\n|upkeep\n|turn|12\n|c|\u2606Agent 301|gg\n|c|\u2606mangowarfare23|gg\n|\n|t:|1681697370\n|move|p1b: Breloom|Mach Punch|p2b: Ting-Lu\n|-damage|p2b: Ting-Lu|0 fnt\n|faint|p2b: Ting-Lu\n|\n|win|Agent 301\n|raw|Agent 301's rating: 1070 → 1108<\/strong> (+38 for winning)\n|raw|mangowarfare23's rating: 1173 → 1141<\/strong> (-32 for losing)\n|l|\u2606mangowarfare23\n","uploadtime":1681697375,"views":8,"p1id":"agent301","p2id":"mangowarfare23","formatid":"gen9vgc2023regulationc","rating":1108,"private":0,"password":""}