{"id":"gen9vgc2023regulationc-1860861306","p1":"AndrwApple","p2":"bwahacough","format":"[Gen 9] VGC 2023 Regulation C","log":"|j|\u2606AndrwApple\n|j|\u2606bwahacough\n|t:|1683687031\n|gametype|doubles\n|player|p1|AndrwApple|jasmine-masters2|1694\n|player|p2|bwahacough|madame-gen4|1740\n|teamsize|p1|6\n|teamsize|p2|6\n|gen|9\n|tier|[Gen 9] VGC 2023 Regulation C\n|rated|\n|rule|Species Clause: Limit one of each Pok\u00e9mon\n|rule|Item Clause: Limit one of each item\n|clearpoke\n|poke|p1|Dragonite, L50, F|\n|poke|p1|Iron Bundle, L50|\n|poke|p1|Arcanine, L50, M|\n|poke|p1|Amoonguss, L50, M|\n|poke|p1|Ting-Lu, L50|\n|poke|p1|Annihilape, L50, F|\n|poke|p2|Lycanroc, L50, F|\n|poke|p2|Tyranitar, L50, M|\n|poke|p2|Flutter Mane, L50|\n|poke|p2|Chi-Yu, L50|\n|poke|p2|Corviknight, L50, M|\n|poke|p2|Farigiraf, L50, F|\n|teampreview|4\n|j| Rabbihorn\nbwahacough has agreed to open team sheets.\n|\n|t:|1683687044\n|start\n|switch|p1a: Annihilape|Annihilape, L50, F, shiny|100\/100\n|switch|p1b: Arcanine|Arcanine, L50, M|100\/100\n|switch|p2a: Lycanroc|Lycanroc, L50, F|100\/100\n|switch|p2b: Tyranitar|Tyranitar, L50, M, shiny|100\/100\n|-ability|p1b: Arcanine|Intimidate|boost\n|-unboost|p2a: Lycanroc|atk|1\n|-unboost|p2b: Tyranitar|atk|1\n|-weather|Sandstorm|[from] ability: Sand Stream|[of] p2b: Tyranitar\n|turn|1\n|\n|t:|1683687057\n|switch|p2b: Flutter Mane|Flutter Mane, L50, shiny|100\/100\n|-enditem|p2b: Flutter Mane|Booster Energy\n|-activate|p2b: Flutter Mane|ability: Protosynthesis|[fromitem]\n|-start|p2b: Flutter Mane|protosynthesisspa\n|move|p2a: Lycanroc|Rock Slide|p1b: Arcanine|[spread] p1a\n|-miss|p2a: Lycanroc|p1b: Arcanine\n|-resisted|p1a: Annihilape\n|-damage|p1a: Annihilape|91\/100\n|move|p1a: Annihilape|Drain Punch|p2a: Lycanroc\n|-supereffective|p2a: Lycanroc\n|-enditem|p2a: Lycanroc|Focus Sash\n|-damage|p2a: Lycanroc|1\/100\n|-heal|p1a: Annihilape|100\/100|[from] drain|[of] p2a: Lycanroc\n|move|p1b: Arcanine|Will-O-Wisp|p2b: Flutter Mane\n|-status|p2b: Flutter Mane|brn\n|\n|-weather|Sandstorm|[upkeep]\n|-damage|p2b: Flutter Mane|94\/100 brn|[from] Sandstorm\n|-damage|p1a: Annihilape|94\/100|[from] Sandstorm\n|-damage|p2b: Flutter Mane|88\/100 brn|[from] brn\n|upkeep\n|turn|2\n|\n|t:|1683687065\n|-end|p2b: Flutter Mane|Protosynthesis|[silent]\n|switch|p2b: Farigiraf|Farigiraf, L50, F, shiny|100\/100\n|move|p1a: Annihilape|Protect|p1a: Annihilape\n|-singleturn|p1a: Annihilape|Protect\n|move|p1b: Arcanine|Protect|p1b: Arcanine\n|-singleturn|p1b: Arcanine|Protect\n|move|p2a: Lycanroc|Endeavor|p1b: Arcanine\n|-activate|p1b: Arcanine|move: Protect\n|\n|-weather|Sandstorm|[upkeep]\n|-damage|p1a: Annihilape|88\/100|[from] Sandstorm\n|-damage|p2b: Farigiraf|94\/100|[from] Sandstorm\n|upkeep\n|turn|3\n|j| Tft boomer4\n|\n|t:|1683687073\n|move|p2b: Farigiraf|Ally Switch|p2b: Farigiraf\n|swap|p2b: Farigiraf|0|[from] move: Ally Switch\n|move|p2b: Lycanroc|Endeavor|p1b: Arcanine\n|-damage|p1b: Arcanine|1\/100\n|move|p1a: Annihilape|Drain Punch|p2a: Farigiraf\n|-damage|p2a: Farigiraf|66\/100\n|-heal|p1a: Annihilape|100\/100|[from] drain|[of] p2a: Farigiraf\n|move|p1b: Arcanine|Flare Blitz|p2b: Lycanroc\n|-resisted|p2b: Lycanroc\n|-damage|p2b: Lycanroc|0 fnt\n|faint|p2b: Lycanroc\n|-damage|p1b: Arcanine|0 fnt|[from] Recoil\n|faint|p1b: Arcanine\n|\n|-weather|Sandstorm|[upkeep]\n|-damage|p1a: Annihilape|94\/100|[from] Sandstorm\n|-damage|p2a: Farigiraf|60\/100|[from] Sandstorm\n|upkeep\n|\n|t:|1683687081\n|switch|p2b: Flutter Mane|Flutter Mane, L50, shiny|88\/100 brn\n|switch|p1b: Ting-Lu|Ting-Lu, L50|100\/100\n|-ability|p1b: Ting-Lu|Vessel of Ruin\n|turn|4\n|l| Tft boomer4\n|\n|t:|1683687091\n|move|p2b: Flutter Mane|Protect|p2b: Flutter Mane\n|-singleturn|p2b: Flutter Mane|Protect\n|move|p1a: Annihilape|Protect|p1a: Annihilape\n|-singleturn|p1a: Annihilape|Protect\n|move|p2a: Farigiraf|Dazzling Gleam|p1b: Ting-Lu|[spread] p1b\n|-activate|p1a: Annihilape|move: Protect\n|-supereffective|p1b: Ting-Lu\n|-crit|p1b: Ting-Lu\n|-damage|p1b: Ting-Lu|78\/100\n|move|p1b: Ting-Lu|Heavy Slam|p2b: Flutter Mane\n|-activate|p2b: Flutter Mane|move: Protect\n|\n|-weather|Sandstorm|[upkeep]\n|-damage|p2b: Flutter Mane|82\/100 brn|[from] Sandstorm\n|-damage|p1a: Annihilape|88\/100|[from] Sandstorm\n|-damage|p2a: Farigiraf|54\/100|[from] Sandstorm\n|-damage|p2b: Flutter Mane|76\/100 brn|[from] brn\n|upkeep\n|turn|5\n|\n|t:|1683687106\n|-terastallize|p1a: Annihilape|Water\n|move|p2a: Farigiraf|Ally Switch|p2a: Farigiraf\n|swap|p2a: Farigiraf|1|[from] move: Ally Switch\n|move|p2a: Flutter Mane|Dazzling Gleam|p1a: Annihilape|[spread] p1a,p1b\n|-supereffective|p1b: Ting-Lu\n|-damage|p1a: Annihilape|66\/100\n|-damage|p1b: Ting-Lu|43\/100\n|move|p1a: Annihilape|Bulk Up|p1a: Annihilape\n|-boost|p1a: Annihilape|atk|1\n|-boost|p1a: Annihilape|def|1\n|move|p1b: Ting-Lu|Heavy Slam|p2b: Farigiraf\n|-damage|p2b: Farigiraf|32\/100\n|\n|-weather|none\n|-damage|p2a: Flutter Mane|70\/100 brn|[from] brn\n|upkeep\n|turn|6\n|\n|t:|1683687113\n|-terastallize|p2a: Flutter Mane|Fairy\n|move|p2a: Flutter Mane|Dazzling Gleam|p1a: Annihilape|[spread] p1a,p1b\n|-crit|p1a: Annihilape\n|-supereffective|p1b: Ting-Lu\n|-damage|p1a: Annihilape|21\/100\n|-damage|p1b: Ting-Lu|0 fnt\n|-enditem|p1a: Annihilape|Sitrus Berry|[eat]\n|-heal|p1a: Annihilape|46\/100|[from] item: Sitrus Berry\n|faint|p1b: Ting-Lu\n|move|p1a: Annihilape|Rage Fist|p2a: Flutter Mane\n|-damage|p2a: Flutter Mane|0 fnt\n|faint|p2a: Flutter Mane\n|-end|p2a: Flutter Mane|Protosynthesis|[silent]\n|move|p2b: Farigiraf|Psychic|p1a: Annihilape\n|-damage|p1a: Annihilape|16\/100\n|-unboost|p1a: Annihilape|spd|1\n|-ability|p1a: Annihilape|Defiant|boost\n|-boost|p1a: Annihilape|atk|2\n|\n|upkeep\n|\n|t:|1683687117\n|switch|p2a: Tyranitar|Tyranitar, L50, M, shiny|100\/100\n|switch|p1b: Iron Bundle|Iron Bundle, L50|100\/100\n|-weather|Sandstorm|[from] ability: Sand Stream|[of] p2a: Tyranitar\n|-enditem|p1b: Iron Bundle|Booster Energy\n|-activate|p1b: Iron Bundle|ability: Quark Drive|[fromitem]\n|-start|p1b: Iron Bundle|quarkdrivespe\n|turn|7\n|j| wrgedwa\n|\n|t:|1683687127\n|move|p1b: Iron Bundle|Hydro Pump|p2a: Tyranitar\n|-supereffective|p2a: Tyranitar\n|-damage|p2a: Tyranitar|43\/100\n|move|p1a: Annihilape|Drain Punch|p2b: Farigiraf\n|-damage|p2b: Farigiraf|0 fnt\n|-heal|p1a: Annihilape|33\/100|[from] drain|[of] p2b: Farigiraf\n|faint|p2b: Farigiraf\n|move|p2a: Tyranitar|Rock Slide|p1b: Iron Bundle|[spread] p1a,p1b\n|-supereffective|p1b: Iron Bundle\n|-damage|p1a: Annihilape|15\/100\n|-damage|p1b: Iron Bundle|23\/100\n|\n|-weather|Sandstorm|[upkeep]\n|-damage|p1b: Iron Bundle|17\/100|[from] Sandstorm\n|-damage|p1a: Annihilape|9\/100|[from] Sandstorm\n|upkeep\n|turn|8\n|c|\u2606AndrwApple|Hell yeah\n|c|\u2606AndrwApple|Using ally switch\n|c|\u2606AndrwApple|Cause and consequence\n|\n|t:|1683687144\n|move|p2a: Tyranitar|Protect|p2a: Tyranitar\n|-singleturn|p2a: Tyranitar|Protect\n|move|p1b: Iron Bundle|Hydro Pump|p2a: Tyranitar\n|-activate|p2a: Tyranitar|move: Protect\n|move|p1a: Annihilape|Drain Punch|p2a: Tyranitar\n|-activate|p2a: Tyranitar|move: Protect\n|\n|-weather|Sandstorm|[upkeep]\n|-damage|p1b: Iron Bundle|10\/100|[from] Sandstorm\n|-damage|p1a: Annihilape|2\/100|[from] Sandstorm\n|upkeep\n|turn|9\n|\n|t:|1683687148\n|move|p2a: Tyranitar|Protect|p2a: Tyranitar\n|-singleturn|p2a: Tyranitar|Protect\n|move|p1b: Iron Bundle|Hydro Pump|p2a: Tyranitar\n|-activate|p2a: Tyranitar|move: Protect\n|move|p1a: Annihilape|Drain Punch|p2a: Tyranitar\n|-activate|p2a: Tyranitar|move: Protect\n|\n|-weather|Sandstorm|[upkeep]\n|-damage|p1b: Iron Bundle|4\/100|[from] Sandstorm\n|-damage|p1a: Annihilape|0 fnt|[from] Sandstorm\n|faint|p1a: Annihilape\n|upkeep\n|turn|10\n|\n|t:|1683687152\n|move|p1b: Iron Bundle|Hydro Pump|p2a: Tyranitar\n|-supereffective|p2a: Tyranitar\n|-damage|p2a: Tyranitar|0 fnt\n|faint|p2a: Tyranitar\n|\n|win|AndrwApple\n|raw|AndrwApple's rating: 1694 → 1715<\/strong> (+21 for winning)\n|raw|bwahacough's rating: 1718 → 1697<\/strong> (-21 for losing)\n|l|\u2606bwahacough\n|c|\u2606AndrwApple|I said\n|c|\u2606AndrwApple|No\n","uploadtime":1683687176,"views":15,"p1id":"andrwapple","p2id":"bwahacough","formatid":"gen9vgc2023regulationc","rating":1697,"private":0,"password":""}