{"id":"gen9vgc2023regulationc-1850298660","p1":"Im so mature","p2":"turbronius","format":"[Gen 9] VGC 2023 Regulation C","log":"|j|\u2606Im so mature\n|j|\u2606turbronius\n|t:|1682313456\n|gametype|doubles\n|player|p1|Im so mature|swimmerf-gen4dp|1503\n|player|p2|turbronius|265|1442\n|teamsize|p1|6\n|teamsize|p2|6\n|gen|9\n|tier|[Gen 9] VGC 2023 Regulation C\n|rated|\n|rule|Species Clause: Limit one of each Pok\u00e9mon\n|rule|Item Clause: Limit one of each item\n|clearpoke\n|poke|p1|Pelipper, L50, F|\n|poke|p1|Palafin, L50, F|\n|poke|p1|Amoonguss, L50, F|\n|poke|p1|Iron Hands, L50|\n|poke|p1|Flutter Mane, L50|\n|poke|p1|Chi-Yu, L50|\n|poke|p2|Talonflame, L50, F|\n|poke|p2|Great Tusk, L50|\n|poke|p2|Iron Bundle, L50|\n|poke|p2|Brute Bonnet, L50|\n|poke|p2|Cetitan, L50, F|\n|poke|p2|Abomasnow, L50, F|\n|teampreview|4\n|inactive|Battle timer is ON: inactive players will automatically lose when time's up. (requested by Im so mature)\n|\n|t:|1682313495\n|start\n|switch|p1a: Flutter Mane|Flutter Mane, L50|100\/100\n|switch|p1b: Palafin|Palafin, L50, F|100\/100\n|switch|p2a: Iron Bundle|Iron Bundle, L50|100\/100\n|switch|p2b: Abomasnow|Abomasnow, L50, F|100\/100\n|-weather|Snow|[from] ability: Snow Warning|[of] p2b: Abomasnow\n|-enditem|p2a: Iron Bundle|Booster Energy\n|-activate|p2a: Iron Bundle|ability: Quark Drive|[fromitem]\n|-start|p2a: Iron Bundle|quarkdrivespe\n|turn|1\n|\n|t:|1682313518\n|detailschange|p1b: Palafin|Palafin-Hero, L50, F\n|switch|p1b: Chi-Yu|Chi-Yu, L50|100\/100\n|-ability|p1b: Chi-Yu|Beads of Ruin\n|-terastallize|p1a: Flutter Mane|Fairy\n|move|p2a: Iron Bundle|Blizzard|p1a: Flutter Mane|[spread] p1a,p1b\n|-resisted|p1b: Chi-Yu\n|-damage|p1a: Flutter Mane|52\/100\n|-damage|p1b: Chi-Yu|79\/100\n|move|p1a: Flutter Mane|Dazzling Gleam|p2b: Abomasnow|[spread] p2a,p2b\n|-damage|p2a: Iron Bundle|0 fnt\n|-damage|p2b: Abomasnow|49\/100\n|faint|p2a: Iron Bundle\n|-end|p2a: Iron Bundle|Quark Drive|[silent]\n|move|p2b: Abomasnow|Blizzard|p1b: Chi-Yu|[spread] p1a,p1b\n|-resisted|p1b: Chi-Yu\n|-damage|p1a: Flutter Mane|0 fnt\n|-damage|p1b: Chi-Yu|58\/100\n|faint|p1a: Flutter Mane\n|-end|p1a: Flutter Mane|Protosynthesis|[silent]\n|\n|-weather|Snow|[upkeep]\n|upkeep\n|\n|t:|1682313537\n|switch|p2a: Cetitan|Cetitan, L50, F|100\/100\n|switch|p1a: Palafin|Palafin-Hero, L50, F|100\/100\n|-activate|p1a: Palafin|ability: Zero to Hero\n|turn|2\n|inactive|Im so mature has 30 seconds left.\n|inactive|Im so mature has 20 seconds left.\n|\n|t:|1682313576\n|switch|p1b: Pelipper|Pelipper, L50, F|100\/100\n|-weather|RainDance|[from] ability: Drizzle|[of] p1b: Pelipper\n|move|p2a: Cetitan|Liquidation|p1b: Pelipper\n|-resisted|p1b: Pelipper\n|-crit|p1b: Pelipper\n|-damage|p1b: Pelipper|60\/100\n|-unboost|p1b: Pelipper|def|1\n|move|p1a: Palafin|Wave Crash|p2b: Abomasnow\n|-resisted|p2b: Abomasnow\n|-damage|p2b: Abomasnow|0 fnt\n|faint|p2b: Abomasnow\n|-damage|p1a: Palafin|85\/100|[from] Recoil\n|\n|-weather|RainDance|[upkeep]\n|upkeep\n|\n|t:|1682313589\n|switch|p2b: Brute Bonnet|Brute Bonnet, L50|100\/100\n|turn|3\n|inactive|turbronius has 30 seconds left.\n|inactive|turbronius has 20 seconds left.\n|inactive|turbronius has 15 seconds left.\n|inactive|turbronius has 10 seconds left.\n|inactive|Im so mature has 30 seconds left.\n|inactive|turbronius has 5 seconds left.\n|inactive|Im so mature has 20 seconds left.\n|\n|t:|1682313682\n|-terastallize|p2b: Brute Bonnet|Fire\n|move|p1a: Palafin|Wave Crash|p2a: Cetitan\n|-damage|p2a: Cetitan|0 fnt\n|faint|p2a: Cetitan\n|-damage|p1a: Palafin|44\/100|[from] Recoil\n|move|p1b: Pelipper|Hurricane|p2b: Brute Bonnet\n|-damage|p2b: Brute Bonnet|55\/100\n|-start|p2b: Brute Bonnet|confusion\n|-activate|p2b: Brute Bonnet|confusion\n|move|p2b: Brute Bonnet|Spore|p1a: Palafin\n|-status|p1a: Palafin|slp|[from] move: Spore\n|\n|-weather|RainDance|[upkeep]\n|upkeep\n|turn|4\n|\n|t:|1682313706\n|cant|p1a: Palafin|slp\n|move|p1b: Pelipper|Hurricane|p2b: Brute Bonnet\n|-damage|p2b: Brute Bonnet|14\/100\n|-end|p2b: Brute Bonnet|confusion\n|move|p2b: Brute Bonnet|Bullet Seed|p1b: Pelipper\n|-damage|p1b: Pelipper|34\/100\n|-damage|p1b: Pelipper|5\/100\n|-damage|p1b: Pelipper|0 fnt\n|faint|p1b: Pelipper\n|-hitcount|p1: Pelipper|3\n|\n|-weather|RainDance|[upkeep]\n|upkeep\n|\n|t:|1682313714\n|switch|p1b: Chi-Yu|Chi-Yu, L50|58\/100\n|-ability|p1b: Chi-Yu|Beads of Ruin\n|turn|5\n|\n|t:|1682313722\n|cant|p1a: Palafin|slp\n|move|p2b: Brute Bonnet|Sucker Punch|p1b: Chi-Yu\n|-resisted|p1b: Chi-Yu\n|-damage|p1b: Chi-Yu|31\/100\n|move|p1b: Chi-Yu|Dark Pulse|p2b: Brute Bonnet\n|-damage|p2b: Brute Bonnet|0 fnt\n|faint|p2b: Brute Bonnet\n|-end|p2b: Brute Bonnet|Protosynthesis|[silent]\n|\n|win|Im so mature\n|raw|Im so mature's rating: 1503 → 1520<\/strong> (+17 for winning)\n|raw|turbronius's rating: 1442 → 1425<\/strong> (-17 for losing)\n|l|\u2606turbronius\n","uploadtime":1682313728,"views":30,"p1id":"imsomature","p2id":"turbronius","formatid":"gen9vgc2023regulationc","rating":1425,"private":0,"password":""}