{"id":"gen9vgc2023regulationc-1859408828","p1":"Diego3007","p2":"ML Lacius","format":"[Gen 9] VGC 2023 Regulation C","log":"|j|\u2606Diego3007\n|j|\u2606ML Lacius\n|t:|1683461193\n|gametype|doubles\n|player|p1|Diego3007|sabrina|1174\n|player|p2|ML Lacius|101|1220\n|teamsize|p1|6\n|teamsize|p2|6\n|gen|9\n|tier|[Gen 9] VGC 2023 Regulation C\n|rated|\n|rule|Species Clause: Limit one of each Pok\u00e9mon\n|rule|Item Clause: Limit one of each item\n|clearpoke\n|poke|p1|Amoonguss, L50, F|\n|poke|p1|Arcanine, L50, F|\n|poke|p1|Flutter Mane, L50|\n|poke|p1|Palafin, L50, F|\n|poke|p1|Iron Hands, L50|\n|poke|p1|Blissey, L50, F|\n|poke|p2|Iron Valiant, L50|\n|poke|p2|Baxcalibur, L50, M|\n|poke|p2|Rotom-Wash, L50|\n|poke|p2|Corviknight, L50, F|\n|poke|p2|Arcanine, L50, F|\n|poke|p2|Ting-Lu, L50|\n|teampreview|4\n|inactive|Battle timer is ON: inactive players will automatically lose when time's up. (requested by Diego3007)\nDiego3007 has agreed to open team sheets.\n|inactive|ML Lacius has 60 seconds left.\n|\n|t:|1683461249\n|start\n|switch|p1a: Palafin|Palafin, L50, F|100\/100\n|switch|p1b: Blissey|Blissey, L50, F|100\/100\n|switch|p2a: Corviknight|Corviknight, L50, F|100\/100\n|switch|p2b: Arcanine|Arcanine, L50, F|100\/100\n|-ability|p2b: Arcanine|Intimidate|boost\n|-unboost|p1a: Palafin|atk|1\n|-unboost|p1b: Blissey|atk|1\n|turn|1\n|inactive|Diego3007 has 30 seconds left.\n|inactive|Diego3007 has 20 seconds left.\n|\n|t:|1683461286\n|detailschange|p1a: Palafin|Palafin-Hero, L50, F\n|switch|p1a: Arcanine|Arcanine, L50, F|100\/100\n|-ability|p1a: Arcanine|Intimidate|boost\n|-ability|p2a: Corviknight|Mirror Armor\n|-unboost|p1a: Arcanine|atk|1\n|-unboost|p2b: Arcanine|atk|1\n|move|p2b: Arcanine|Protect|p2b: Arcanine\n|-singleturn|p2b: Arcanine|Protect\n|move|p2a: Corviknight|Bulk Up|p2a: Corviknight\n|-boost|p2a: Corviknight|atk|1\n|-boost|p2a: Corviknight|def|1\n|-enditem|p1b: Blissey|Mirror Herb\n|-boost|p1b: Blissey|atk|1|[from] item: Mirror Herb\n|-boost|p1b: Blissey|def|1|[from] item: Mirror Herb\n|move|p1b: Blissey|Skill Swap|p2b: Arcanine\n|-activate|p2b: Arcanine|move: Protect\n|\n|upkeep\n|turn|2\n|\n|t:|1683461307\n|move|p2b: Arcanine|Flare Blitz|p1b: Blissey\n|-damage|p1b: Blissey|81\/100\n|-damage|p2b: Arcanine|89\/100|[from] Recoil\n|move|p1a: Arcanine|Will-O-Wisp|p2a: Corviknight|[miss]\n|-miss|p1a: Arcanine|p2a: Corviknight\n|move|p2a: Corviknight|Brave Bird|p1b: Blissey\n|-crit|p1b: Blissey\n|-damage|p1b: Blissey|0 fnt\n|faint|p1b: Blissey\n|-damage|p2a: Corviknight|45\/100|[from] Recoil\n|\n|-heal|p2a: Corviknight|51\/100|[from] item: Leftovers\n|upkeep\n|\n|t:|1683461322\n|switch|p1b: Palafin|Palafin-Hero, L50, F|100\/100\n|-activate|p1b: Palafin|ability: Zero to Hero\n|turn|3\n|inactive|ML Lacius has 30 seconds left.\n|\n|t:|1683461353\n|switch|p2b: Rotom|Rotom-Wash, L50|100\/100\n|-terastallize|p1b: Palafin|Water\n|move|p1b: Palafin|Jet Punch|p2b: Rotom\n|-resisted|p2b: Rotom\n|-damage|p2b: Rotom|66\/100\n|move|p1a: Arcanine|Will-O-Wisp|p2a: Corviknight\n|-status|p2a: Corviknight|brn\n|move|p2a: Corviknight|Roost|p2a: Corviknight\n|-heal|p2a: Corviknight|100\/100 brn\n|-singleturn|p2a: Corviknight|move: Roost\n|\n|-damage|p2a: Corviknight|95\/100 brn|[from] brn\n|upkeep\n|turn|4\n|\n|t:|1683461376\n|move|p1a: Arcanine|Protect|p1a: Arcanine\n|-singleturn|p1a: Arcanine|Protect\n|move|p1b: Palafin|Haze|p1b: Palafin\n|-clearallboost\n|move|p2b: Rotom|Will-O-Wisp|p1b: Palafin\n|-status|p1b: Palafin|brn\n|move|p2a: Corviknight|Bulk Up|p2a: Corviknight\n|-boost|p2a: Corviknight|atk|1\n|-boost|p2a: Corviknight|def|1\n|\n|-heal|p2a: Corviknight|100\/100 brn|[from] item: Leftovers\n|-damage|p1b: Palafin|95\/100 brn|[from] brn\n|-damage|p2a: Corviknight|95\/100 brn|[from] brn\n|upkeep\n|turn|5\n|\n|t:|1683461399\n|move|p1a: Arcanine|Extreme Speed|p2b: Rotom\n|-damage|p2b: Rotom|44\/100\n|-enditem|p2b: Rotom|Sitrus Berry|[eat]\n|-heal|p2b: Rotom|69\/100|[from] item: Sitrus Berry\n|move|p1b: Palafin|Wave Crash|p2a: Corviknight\n|-damage|p2a: Corviknight|65\/100 brn\n|-damage|p1b: Palafin|85\/100 brn|[from] Recoil\n|move|p2b: Rotom|Thunderbolt|p1b: Palafin\n|-supereffective|p1b: Palafin\n|-damage|p1b: Palafin|0 fnt\n|faint|p1b: Palafin\n|move|p2a: Corviknight|Taunt|p1a: Arcanine\n|-start|p1a: Arcanine|move: Taunt\n|\n|-heal|p2a: Corviknight|71\/100 brn|[from] item: Leftovers\n|-damage|p2a: Corviknight|65\/100 brn|[from] brn\n|upkeep\n|\n|t:|1683461415\n|switch|p1b: Flutter Mane|Flutter Mane, L50|100\/100\n|-enditem|p1b: Flutter Mane|Booster Energy\n|-activate|p1b: Flutter Mane|ability: Protosynthesis|[fromitem]\n|-start|p1b: Flutter Mane|protosynthesisspa\n|turn|6\n|\n|t:|1683461434\n|move|p2b: Rotom|Protect|p2b: Rotom\n|-singleturn|p2b: Rotom|Protect\n|move|p1b: Flutter Mane|Shadow Ball|p2a: Corviknight\n|-damage|p2a: Corviknight|5\/100 brn\n|-ability|p2a: Corviknight|Mirror Armor\n|-unboost|p1b: Flutter Mane|spd|1\n|move|p1a: Arcanine|Flare Blitz|p2a: Corviknight\n|-supereffective|p2a: Corviknight\n|-damage|p2a: Corviknight|0 fnt\n|faint|p2a: Corviknight\n|-damage|p1a: Arcanine|99\/100|[from] Recoil\n|\n|upkeep\n|\n|t:|1683461451\n|switch|p2a: Arcanine|Arcanine, L50, F|89\/100\n|-ability|p2a: Arcanine|Intimidate|boost\n|-unboost|p1a: Arcanine|atk|1\n|-unboost|p1b: Flutter Mane|atk|1\n|turn|7\n|\n|t:|1683461473\n|move|p1a: Arcanine|Extreme Speed|p2a: Arcanine\n|-damage|p2a: Arcanine|73\/100\n|move|p1b: Flutter Mane|Shadow Ball|p2b: Rotom\n|-crit|p2b: Rotom\n|-damage|p2b: Rotom|0 fnt\n|faint|p2b: Rotom\n|move|p2a: Arcanine|Flare Blitz|p1b: Flutter Mane\n|-damage|p1b: Flutter Mane|1\/100\n|-damage|p2a: Arcanine|48\/100|[from] Recoil\n|\n|upkeep\n|\n|t:|1683461483\n|switch|p2b: Ting-Lu|Ting-Lu, L50|100\/100\n|-ability|p2b: Ting-Lu|Vessel of Ruin\n|turn|8\n|\n|t:|1683461492\n|-terastallize|p2b: Ting-Lu|Ground\n|move|p1b: Flutter Mane|Protect|p1b: Flutter Mane\n|-singleturn|p1b: Flutter Mane|Protect\n|move|p2a: Arcanine|Protect|p2a: Arcanine\n|-singleturn|p2a: Arcanine|Protect\n|move|p1a: Arcanine|Extreme Speed|p2a: Arcanine\n|-activate|p2a: Arcanine|move: Protect\n|move|p2b: Ting-Lu|Earthquake|p1b: Flutter Mane|[spread] p1a\n|-activate|p2a: Arcanine|move: Protect\n|-activate|p1b: Flutter Mane|move: Protect\n|-supereffective|p1a: Arcanine\n|-damage|p1a: Arcanine|10\/100\n|\n|-end|p1a: Arcanine|move: Taunt\n|upkeep\n|turn|9\n|inactive|ML Lacius has 30 seconds left.\n|\n|t:|1683461517\n|move|p2a: Arcanine|Extreme Speed|p1a: Arcanine\n|-damage|p1a: Arcanine|0 fnt\n|faint|p1a: Arcanine\n|move|p1b: Flutter Mane|Dazzling Gleam|p2a: Arcanine|[spread] p2a,p2b\n|-resisted|p2a: Arcanine\n|-damage|p2a: Arcanine|30\/100\n|-damage|p2b: Ting-Lu|82\/100\n|move|p2b: Ting-Lu|Stomping Tantrum|p1b: Flutter Mane\n|-damage|p1b: Flutter Mane|0 fnt\n|faint|p1b: Flutter Mane\n|-end|p1b: Flutter Mane|Protosynthesis|[silent]\n|\n|win|ML Lacius\n|raw|Diego3007's rating: 1174 → 1152<\/strong> (-22 for losing)\n|raw|ML Lacius's rating: 1220 → 1242<\/strong> (+22 for winning)\n|l|\u2606Diego3007\n||Ladder isn't responding, score probably updated but might not have (Request timeout).\n","uploadtime":1683461586,"views":11,"p1id":"diego3007","p2id":"mllacius","formatid":"gen9vgc2023regulationc","rating":1152,"private":0,"password":""}