{"id":"gen9vgc2023regulationc-1854119410","p1":"iQuweii","p2":"haha u rage quit","format":"[Gen 9] VGC 2023 Regulation C","log":"|j|\u2606iQuweii\n|j|\u2606haha u rage quit\n|t:|1682772362\n|gametype|doubles\n|player|p1|iQuweii|102|1146\n|player|p2|haha u rage quit|pokemaniac|1163\n|teamsize|p1|6\n|teamsize|p2|6\n|gen|9\n|tier|[Gen 9] VGC 2023 Regulation C\n|rated|\n|rule|Species Clause: Limit one of each Pok\u00e9mon\n|rule|Item Clause: Limit one of each item\n|clearpoke\n|poke|p1|Chi-Yu, L50|\n|poke|p1|Dachsbun, L50, M|\n|poke|p1|Dragonite, L50, M|\n|poke|p1|Flutter Mane, L50|\n|poke|p1|Azumarill, L50, M|\n|poke|p1|Chien-Pao, L50|\n|poke|p2|Iron Bundle, L50|\n|poke|p2|Chi-Yu, L50|\n|poke|p2|Scizor, L50, M|\n|poke|p2|Flutter Mane, L50|\n|poke|p2|Great Tusk, L50|\n|poke|p2|Murkrow, L50, M|\n|teampreview|4\n|inactive|Battle timer is ON: inactive players will automatically lose when time's up. (requested by iQuweii)\n|\n|t:|1682772384\n|start\n|switch|p1a: Dachsbun|Dachsbun, L50, M|100\/100\n|switch|p1b: Chi-Yu|Chi-Yu, L50|100\/100\n|switch|p2a: Iron Bundle|Iron Bundle, L50, shiny|100\/100\n|switch|p2b: Flutter Mane|Flutter Mane, L50, shiny|100\/100\n|-ability|p1b: Chi-Yu|Beads of Ruin\n|-enditem|p2a: Iron Bundle|Booster Energy\n|-activate|p2a: Iron Bundle|ability: Quark Drive|[fromitem]\n|-start|p2a: Iron Bundle|quarkdrivespe\n|turn|1\n|\n|t:|1682772406\n|-terastallize|p2a: Iron Bundle|Ghost\n|move|p2a: Iron Bundle|Hydro Pump|p1b: Chi-Yu\n|-supereffective|p1b: Chi-Yu\n|-damage|p1b: Chi-Yu|0 fnt\n|faint|p1b: Chi-Yu\n|move|p2b: Flutter Mane|Moonblast|p1a: Dachsbun\n|-damage|p1a: Dachsbun|39\/100\n|-damage|p2b: Flutter Mane|91\/100|[from] item: Life Orb\n|move|p1a: Dachsbun|Yawn|p2b: Flutter Mane\n|-start|p2b: Flutter Mane|move: Yawn|[of] p1a: Dachsbun\n|\n|-heal|p1a: Dachsbun|45\/100|[from] item: Leftovers\n|upkeep\n|inactive|iQuweii has 30 seconds left.\n|\n|t:|1682772434\n|switch|p1b: Flutter Mane|Flutter Mane, L50|100\/100\n|-enditem|p1b: Flutter Mane|Booster Energy\n|-activate|p1b: Flutter Mane|ability: Protosynthesis|[fromitem]\n|-start|p1b: Flutter Mane|protosynthesisspe\n|turn|2\n|\n|t:|1682772450\n|move|p1b: Flutter Mane|Shadow Ball|p2a: Iron Bundle\n|-supereffective|p2a: Iron Bundle\n|-damage|p2a: Iron Bundle|0 fnt\n|faint|p2a: Iron Bundle\n|-end|p2a: Iron Bundle|Quark Drive|[silent]\n|move|p2b: Flutter Mane|Moonblast|p1a: Dachsbun\n|-damage|p1a: Dachsbun|0 fnt\n|faint|p1a: Dachsbun\n|-damage|p2b: Flutter Mane|81\/100|[from] item: Life Orb\n|\n|-end|p2b: Flutter Mane|move: Yawn|[silent]\n|-status|p2b: Flutter Mane|slp\n|upkeep\n|\n|t:|1682772459\n|switch|p2a: Scizor|Scizor, L50, M, shiny|100\/100\n|switch|p1a: Dragonite|Dragonite, L50, M|100\/100\n|turn|3\n|inactive|iQuweii has 30 seconds left.\n|inactive|iQuweii has 20 seconds left.\n|\n|t:|1682772495\n|-terastallize|p1a: Dragonite|Flying\n|move|p1b: Flutter Mane|Protect|p1b: Flutter Mane\n|-singleturn|p1b: Flutter Mane|Protect\n|move|p2a: Scizor|Bullet Punch|p1b: Flutter Mane\n|-activate|p1b: Flutter Mane|move: Protect\n|cant|p2b: Flutter Mane|slp\n|move|p1a: Dragonite|Tera Blast|p2a: Scizor\n|-damage|p2a: Scizor|39\/100\n|\n|upkeep\n|turn|4\n|\n|t:|1682772518\n|move|p1a: Dragonite|Extreme Speed|p2a: Scizor\n|-resisted|p2a: Scizor\n|-damage|p2a: Scizor|24\/100\n|move|p2a: Scizor|Bullet Punch|p1b: Flutter Mane\n|-supereffective|p1b: Flutter Mane\n|-damage|p1b: Flutter Mane|0 fnt\n|faint|p1b: Flutter Mane\n|-end|p1b: Flutter Mane|Protosynthesis|[silent]\n|cant|p2b: Flutter Mane|slp\n|\n|upkeep\n|turn|5\n|\n|t:|1682772528\n|move|p2a: Scizor|Bullet Punch|p1a: Dragonite\n|-damage|p1a: Dragonite|83\/100\n|-curestatus|p2b: Flutter Mane|slp|[msg]\n|move|p2b: Flutter Mane|Moonblast|p1a: Dragonite\n|-damage|p1a: Dragonite|17\/100\n|-damage|p2b: Flutter Mane|71\/100|[from] item: Life Orb\n|move|p1a: Dragonite|Tera Blast|p2a: Scizor\n|-damage|p2a: Scizor|0 fnt\n|faint|p2a: Scizor\n|\n|upkeep\n|\n|t:|1682772534\n|switch|p2a: Chi-Yu|Chi-Yu, L50|100\/100\n|-ability|p2a: Chi-Yu|Beads of Ruin\n|turn|6\n|\n|t:|1682772543\n|move|p2a: Chi-Yu|Protect|p2a: Chi-Yu\n|-singleturn|p2a: Chi-Yu|Protect\n|move|p1a: Dragonite|Protect|p1a: Dragonite\n|-singleturn|p1a: Dragonite|Protect\n|move|p2b: Flutter Mane|Moonblast|p1a: Dragonite\n|-activate|p1a: Dragonite|move: Protect\n|\n|upkeep\n|turn|7\n|\n|t:|1682772550\n|move|p2b: Flutter Mane|Moonblast|p1a: Dragonite\n|-damage|p1a: Dragonite|0 fnt\n|faint|p1a: Dragonite\n|-damage|p2b: Flutter Mane|61\/100|[from] item: Life Orb\n|\n|win|haha u rage quit\n|raw|iQuweii's rating: 1146 → 1122<\/strong> (-24 for losing)\n|raw|haha u rage quit's rating: 1163 → 1187<\/strong> (+24 for winning)\n|l|\u2606iQuweii\n","uploadtime":1682772558,"views":21,"p1id":"iquweii","p2id":"hahauragequit","formatid":"gen9vgc2023regulationc","rating":1122,"private":0,"password":""}