{"id":"gen9vgc2023regulationc-1846060287","p1":"TrainerDylan24","p2":"HIDE ON LAFLAME","format":"[Gen 9] VGC 2023 Regulation C","log":"|j|\u2606TrainerDylan24\n|j|\u2606HIDE ON LAFLAME\n|t:|1681799557\n|gametype|doubles\n|player|p1|TrainerDylan24|swimmerf|1128\n|player|p2|HIDE ON LAFLAME|elesa|1142\n|teamsize|p1|6\n|teamsize|p2|6\n|gen|9\n|tier|[Gen 9] VGC 2023 Regulation C\n|rated|\n|rule|Species Clause: Limit one of each Pok\u00e9mon\n|rule|Item Clause: Limit one of each item\n|clearpoke\n|poke|p1|Annihilape, L50, M|\n|poke|p1|Armarouge, L50, F|\n|poke|p1|Indeedee-F, L50, F|\n|poke|p1|Bellibolt, L50, F|\n|poke|p1|Dondozo, L50, F|\n|poke|p1|Tatsugiri, L50, F|\n|poke|p2|Indeedee-F, L50, F|\n|poke|p2|Armarouge, L50, F|\n|poke|p2|Torkoal, L50, M|\n|poke|p2|Hatterene, L50, F|\n|poke|p2|Kingambit, L50, M|\n|poke|p2|Palafin, L50, M|\n|teampreview|4\n|\n|t:|1681799600\n|start\n|switch|p1a: Bellibolt|Bellibolt, L50, F|100\/100\n|switch|p1b: Annihilape|Annihilape, L50, M|100\/100\n|switch|p2a: PalmOfGin|Palafin, L50, M|100\/100\n|switch|p2b: Average Munch|Kingambit, L50, M, shiny|100\/100\n|turn|1\n|inactive|Battle timer is ON: inactive players will automatically lose when time's up. (requested by HIDE ON LAFLAME)\n|\n|t:|1681799617\n|move|p2a: PalmOfGin|Protect|p2a: PalmOfGin\n|-singleturn|p2a: PalmOfGin|Protect\n|move|p1b: Annihilape|Drain Punch|p2b: Average Munch\n|-supereffective|p2b: Average Munch\n|-damage|p2b: Average Munch|0 fnt\n|faint|p2b: Average Munch\n|-damage|p1b: Annihilape|91\/100|[from] item: Life Orb\n|move|p1a: Bellibolt|Chilling Water|p2a: PalmOfGin\n|-activate|p2a: PalmOfGin|move: Protect\n|\n|upkeep\n|\n|t:|1681799626\n|switch|p2b: Ice Spice|Indeedee-F, L50, F, shiny|100\/100\n|-fieldstart|move: Psychic Terrain|[from] ability: Psychic Surge|[of] p2b: Ice Spice\n|-enditem|p2b: Ice Spice|Psychic Seed\n|-boost|p2b: Ice Spice|spd|1|[from] item: Psychic Seed\n|turn|2\n|\n|t:|1681799648\n|detailschange|p2a: PalmOfGin|Palafin-Hero, L50, M\n|switch|p2a: Cardi B|Hatterene, L50, F, shiny|100\/100\n|move|p1b: Annihilape|Rage Fist|p2a: Cardi B\n|-supereffective|p2a: Cardi B\n|-damage|p2a: Cardi B|27\/100\n|-damage|p1b: Annihilape|81\/100|[from] item: Life Orb\n|move|p1a: Bellibolt|Acid Spray|p2b: Ice Spice\n|-damage|p2b: Ice Spice|92\/100\n|-unboost|p2b: Ice Spice|spd|2\n|move|p2b: Ice Spice|Trick Room|p2b: Ice Spice\n|-fieldstart|move: Trick Room|[of] p2b: Ice Spice\n|\n|upkeep\n|turn|3\n|inactive|TrainerDylan24 has 30 seconds left.\n|\n|t:|1681799675\n|move|p2b: Ice Spice|Helping Hand|p2a: Cardi B\n|-singleturn|p2a: Cardi B|Helping Hand|[of] p2b: Ice Spice\n|move|p2a: Cardi B|Dazzling Gleam|p1b: Annihilape|[spread] p1a,p1b\n|-supereffective|p1b: Annihilape\n|-damage|p1a: Bellibolt|39\/100\n|-damage|p1b: Annihilape|0 fnt\n|-start|p1a: Bellibolt|Charge|Dazzling Gleam|[from] ability: Electromorphosis\n|faint|p1b: Annihilape\n|-damage|p2a: Cardi B|17\/100|[from] item: Life Orb\n|move|p1a: Bellibolt|Muddy Water|p2b: Ice Spice|[spread] p2b\n|-miss|p1a: Bellibolt|p2a: Cardi B\n|-damage|p2b: Ice Spice|60\/100\n|\n|upkeep\n|inactive|TrainerDylan24 has 30 seconds left.\n|inactive|TrainerDylan24 has 20 seconds left.\n|inactive|TrainerDylan24 has 15 seconds left.\n|\n|t:|1681799716\n|switch|p1b: Dondozo|Dondozo, L50, F|100\/100\n|turn|4\n|\n|t:|1681799731\n|switch|p1a: Tatsugiri|Tatsugiri, L50, F|100\/100\n|-activate|p1a: Tatsugiri|ability: Commander|[of] p1b: Dondozo\n|-boost|p1b: Dondozo|atk|2\n|-boost|p1b: Dondozo|spa|2\n|-boost|p1b: Dondozo|spe|2\n|-boost|p1b: Dondozo|def|2\n|-boost|p1b: Dondozo|spd|2\n|-terastallize|p1b: Dondozo|Water\n|move|p2b: Ice Spice|Helping Hand|p2a: Cardi B\n|-singleturn|p2a: Cardi B|Helping Hand|[of] p2b: Ice Spice\n|move|p2a: Cardi B|Dazzling Gleam|p1b: Dondozo|[spread] p1b\n|-miss|p2a: Cardi B|p1a: Tatsugiri\n|-damage|p1b: Dondozo|76\/100\n|-damage|p2a: Cardi B|8\/100|[from] item: Life Orb\n|move|p1b: Dondozo|Waterfall|p2a: Cardi B\n|-damage|p2a: Cardi B|0 fnt\n|faint|p2a: Cardi B\n|\n|-heal|p1b: Dondozo|82\/100|[from] item: Leftovers\n|upkeep\n|\n|t:|1681799749\n|switch|p2a: PalmOfGin|Palafin-Hero, L50, M|100\/100\n|-activate|p2a: PalmOfGin|ability: Zero to Hero\n|turn|5\n|\n|t:|1681799774\n|move|p2b: Ice Spice|Follow Me|p2b: Ice Spice\n|-singleturn|p2b: Ice Spice|move: Follow Me\n|move|p2a: PalmOfGin|Haze|p2a: PalmOfGin\n|-clearallboost\n|move|p1b: Dondozo|Order Up|p2b: Ice Spice\n|-damage|p2b: Ice Spice|39\/100\n|-boost|p1b: Dondozo|atk|1\n|\n|-heal|p1b: Dondozo|89\/100|[from] item: Leftovers\n|upkeep\n|turn|6\n|inactive|HIDE ON LAFLAME has 30 seconds left.\n|inactive|HIDE ON LAFLAME has 20 seconds left.\n|inactive|HIDE ON LAFLAME has 15 seconds left.\n|inactive|HIDE ON LAFLAME has 10 seconds left.\n|\n|t:|1681799822\n|move|p2b: Ice Spice|Helping Hand|p2a: PalmOfGin\n|-singleturn|p2a: PalmOfGin|Helping Hand|[of] p2b: Ice Spice\n|move|p1b: Dondozo|Order Up|p2b: Ice Spice\n|-damage|p2b: Ice Spice|8\/100\n|-boost|p1b: Dondozo|atk|1\n|move|p2a: PalmOfGin|Wave Crash|p1b: Dondozo\n|-resisted|p1b: Dondozo\n|-damage|p1b: Dondozo|35\/100\n|-damage|p2a: PalmOfGin|81\/100|[from] Recoil\n|\n|-heal|p1b: Dondozo|42\/100|[from] item: Leftovers\n|-fieldend|move: Trick Room\n|-fieldend|move: Psychic Terrain\n|upkeep\n|turn|7\n|\n|t:|1681799844\n|-terastallize|p2a: PalmOfGin|Steel\n|move|p2b: Ice Spice|Helping Hand|p2a: PalmOfGin\n|-singleturn|p2a: PalmOfGin|Helping Hand|[of] p2b: Ice Spice\n|move|p2a: PalmOfGin|Wave Crash|p1b: Dondozo\n|-resisted|p1b: Dondozo\n|-damage|p1b: Dondozo|0 fnt\n|faint|p1b: Dondozo\n|-damage|p2a: PalmOfGin|66\/100|[from] Recoil\n|\n|upkeep\n|\n|t:|1681799853\n|switch|p1b: Bellibolt|Bellibolt, L50, F|39\/100\n|turn|8\n|\n|t:|1681799867\n|move|p2b: Ice Spice|Helping Hand|p2a: PalmOfGin\n|-singleturn|p2a: PalmOfGin|Helping Hand|[of] p2b: Ice Spice\n|move|p2a: PalmOfGin|Jet Punch|p1b: Bellibolt\n|-damage|p1b: Bellibolt|0 fnt\n|-damage|p2a: PalmOfGin|50\/100|[from] item: Rocky Helmet|[of] p1b: Bellibolt\n|faint|p1b: Bellibolt\n|move|p1a: Tatsugiri|Muddy Water|p2b: Ice Spice|[spread] p2a,p2b\n|-damage|p2a: PalmOfGin|17\/100\n|-damage|p2b: Ice Spice|0 fnt\n|faint|p2b: Ice Spice\n|\n|upkeep\n|turn|9\n|\n|t:|1681799878\n|move|p1a: Tatsugiri|Muddy Water|p2a: PalmOfGin\n|-damage|p2a: PalmOfGin|0 fnt\n|faint|p2a: PalmOfGin\n|\n|win|TrainerDylan24\n|raw|TrainerDylan24's rating: 1128 → 1154<\/strong> (+26 for winning)\n|raw|HIDE ON LAFLAME's rating: 1142 → 1116<\/strong> (-26 for losing)\n|l|\u2606HIDE ON LAFLAME\n","uploadtime":1681799888,"views":7,"p1id":"trainerdylan24","p2id":"hideonlaflame","formatid":"gen9vgc2023regulationc","rating":1116,"private":0,"password":""}