{"id":"gen9vgc2023regulationc-1855145974","p1":"Ricomam","p2":"Namelis","format":"[Gen 9] VGC 2023 Regulation C","log":"|j|\u2606Ricomam\n|j|\u2606Namelis\n|t:|1682906905\n|gametype|doubles\n|player|p1|Ricomam|blackbelt-gen4dp|\n|player|p2|Namelis|shadowtriad|\n|teamsize|p1|6\n|teamsize|p2|6\n|gen|9\n|tier|[Gen 9] VGC 2023 Regulation C\n|rule|Species Clause: Limit one of each Pok\u00e9mon\n|rule|Item Clause: Limit one of each item\n|clearpoke\n|poke|p1|Garchomp, L50, M|\n|poke|p1|Rotom-Wash, L50|\n|poke|p1|Floatzel, L50, F|\n|poke|p1|Raichu, L50, F|\n|poke|p1|Staraptor, L50, F|\n|poke|p1|Annihilape, L50, M|\n|poke|p2|Gengar, L50, M|\n|poke|p2|Rotom-Wash, L50|\n|poke|p2|Great Tusk, L50|\n|poke|p2|Raichu, L50, F|\n|poke|p2|Staraptor, L50, M|\n|poke|p2|Garchomp, L50, M|\n|teampreview|4\n|inactive|Battle timer is ON: inactive players will automatically lose when time's up. (requested by Namelis)\n|inactive|Ricomam has 60 seconds left.\n|inactive|Namelis has 60 seconds left.\n|\n|t:|1682906938\n|start\n|switch|p1a: Staraptor|Staraptor, L50, F|100\/100\n|switch|p1b: Raichu|Raichu, L50, F|100\/100\n|switch|p2a: Raichu|Raichu, L50, F|100\/100\n|switch|p2b: Great Tusk|Great Tusk, L50|100\/100\n|-item|p2a: Raichu|Air Balloon\n|-item|p1b: Raichu|Air Balloon\n|-ability|p1a: Staraptor|Intimidate|boost\n|-unboost|p2a: Raichu|atk|1\n|-unboost|p2b: Great Tusk|atk|1\n|turn|1\n|\n|t:|1682906963\n|move|p1b: Raichu|Fake Out|p2b: Great Tusk\n|-damage|p2b: Great Tusk|94\/100\n|cant|p2b: Great Tusk|flinch\n|move|p2a: Raichu|Discharge|p1b: Raichu|[spread] p1a\n|-ability|p1b: Raichu|Lightning Rod|boost\n|-boost|p1b: Raichu|spa|1\n|-immune|p2b: Great Tusk\n|-supereffective|p1a: Staraptor\n|-damage|p1a: Staraptor|47\/100\n|move|p1a: Staraptor|Tailwind|p1a: Staraptor\n|-sidestart|p1: Ricomam|move: Tailwind\n|\n|upkeep\n|turn|2\n|j| buenocomoeloro\n|inactive|Namelis has 30 seconds left.\n|\n|t:|1682906991\n|switch|p1b: Annihilape|Annihilape, L50, M|100\/100\n|switch|p2a: Garchomp|Garchomp, L50, M|100\/100\n|move|p1a: Staraptor|Rain Dance|p1a: Staraptor\n|-weather|RainDance\n|move|p2b: Great Tusk|Close Combat|p1a: Staraptor\n|-damage|p1a: Staraptor|0 fnt\n|-unboost|p2b: Great Tusk|def|1\n|-unboost|p2b: Great Tusk|spd|1\n|faint|p1a: Staraptor\n|\n|-weather|RainDance|[upkeep]\n|upkeep\n|\n|t:|1682907001\n|switch|p1a: Floatzel|Floatzel, L50, F|100\/100\n|turn|3\n|\n|t:|1682907020\n|-end|p2b: Great Tusk|Protosynthesis|[silent]\n|switch|p2b: Raichu|Raichu, L50, F|100\/100\n|-item|p2b: Raichu|Air Balloon\n|switch|p2a: Staraptor|Staraptor, L50, M|100\/100\n|-terastallize|p1a: Floatzel|Water\n|move|p1a: Floatzel|Liquidation|p2a: Staraptor\n|-damage|p2a: Staraptor|0 fnt\n|faint|p2a: Staraptor\n|move|p1b: Annihilape|Bulk Up|p1b: Annihilape\n|-boost|p1b: Annihilape|atk|1\n|-boost|p1b: Annihilape|def|1\n|\n|-weather|RainDance|[upkeep]\n|upkeep\n|\n|t:|1682907023\n|switch|p2a: Great Tusk|Great Tusk, L50|94\/100\n|turn|4\n|\n|t:|1682907040\n|-terastallize|p2a: Great Tusk|Dark\n|move|p2b: Raichu|Fake Out|p1a: Floatzel\n|-damage|p1a: Floatzel|82\/100\n|cant|p1a: Floatzel|flinch\n|move|p2a: Great Tusk|Knock Off|p1b: Annihilape\n|-damage|p1b: Annihilape|66\/100\n|-enditem|p1b: Annihilape|Leftovers|[from] move: Knock Off|[of] p2a: Great Tusk\n|move|p1b: Annihilape|Drain Punch|p2a: Great Tusk\n|-supereffective|p2a: Great Tusk\n|-damage|p2a: Great Tusk|6\/100\n|-heal|p1b: Annihilape|100\/100|[from] drain|[of] p2a: Great Tusk\n|\n|-weather|RainDance|[upkeep]\n|-sideend|p1: Ricomam|move: Tailwind\n|upkeep\n|turn|5\n|j| AgenteDino\n|\n|t:|1682907061\n|-end|p2a: Great Tusk|Protosynthesis|[silent]\n|switch|p2a: Garchomp|Garchomp, L50, M|100\/100\n|move|p1a: Floatzel|Liquidation|p2b: Raichu\n|-damage|p2b: Raichu|0 fnt\n|-enditem|p2b: Raichu|Air Balloon\n|faint|p2b: Raichu\n|move|p1b: Annihilape|Drain Punch|p2a: Garchomp\n|-damage|p2a: Garchomp|43\/100\n|-damage|p1b: Annihilape|88\/100|[from] ability: Rough Skin|[of] p2a: Garchomp\n|\n|-weather|RainDance|[upkeep]\n|upkeep\n|\n|t:|1682907069\n|switch|p2b: Great Tusk|Great Tusk, L50, tera:Dark|6\/100\n|turn|6\n|\n|t:|1682907078\n|move|p1a: Floatzel|Liquidation|p2b: Great Tusk\n|-damage|p2b: Great Tusk|0 fnt\n|faint|p2b: Great Tusk\n|-end|p2b: Great Tusk|Protosynthesis|[silent]\n|move|p2a: Garchomp|Outrage|p1a: Floatzel\n|-damage|p1a: Floatzel|0 fnt\n|faint|p1a: Floatzel\n|move|p1b: Annihilape|Drain Punch|p2a: Garchomp\n|-damage|p2a: Garchomp|0 fnt\n|-heal|p1b: Annihilape|100\/100|[from] drain|[of] p2a: Garchomp\n|-damage|p1b: Annihilape|88\/100|[from] ability: Rough Skin|[of] p2a: Garchomp\n|faint|p2a: Garchomp\n|\n|win|Ricomam\n|l|\u2606Namelis\n|l| AgenteDino\n|l|\u2606Ricomam\n","uploadtime":1682907093,"views":13,"p1id":"ricomam","p2id":"namelis","formatid":"gen9vgc2023regulationc","rating":0,"private":0,"password":""}