{"id":"gen9vgc2023regulationc-1847013181","p1":"MareeohYT","p2":"IshzarkVGC","format":"[Gen 9] VGC 2023 Regulation C","log":"|j|\u2606MareeohYT\n|j|\u2606IshzarkVGC\n|t:|1681911679\n|gametype|doubles\n|player|p1|MareeohYT|policeman-gen4|1495\n|player|p2|IshzarkVGC|n|1601\n|teamsize|p1|6\n|teamsize|p2|6\n|gen|9\n|tier|[Gen 9] VGC 2023 Regulation C\n|rated|\n|rule|Species Clause: Limit one of each Pok\u00e9mon\n|rule|Item Clause: Limit one of each item\n|clearpoke\n|poke|p1|Ting-Lu, L50|\n|poke|p1|Palafin, L50, M|\n|poke|p1|Amoonguss, L50, F|\n|poke|p1|Arcanine, L50, M|\n|poke|p1|Flutter Mane, L50|\n|poke|p1|Iron Hands, L50|\n|poke|p2|Gyarados, L50, F|\n|poke|p2|Baxcalibur, L50, F|\n|poke|p2|Gholdengo, L50|\n|poke|p2|Ting-Lu, L50|\n|poke|p2|Arcanine, L50, M|\n|poke|p2|Amoonguss, L50, M|\n|teampreview|4\n|inactive|Battle timer is ON: inactive players will automatically lose when time's up. (requested by IshzarkVGC)\nIshzarkVGC has agreed to open team sheets.\nMareeohYT has agreed to open team sheets.\n|inactive|MareeohYT has 60 seconds left.\n|inactive|IshzarkVGC has 60 seconds left.\n|inactive|MareeohYT has 30 seconds left.\n|\n|t:|1681911747\n|start\n|switch|p1a: Iron Hands|Iron Hands, L50|100\/100\n|switch|p1b: Flutter Mane|Flutter Mane, L50|100\/100\n|switch|p2a: Gholdengo|Gholdengo, L50|100\/100\n|switch|p2b: Gyarados|Gyarados, L50, F|100\/100\n|-ability|p2b: Gyarados|Intimidate|boost\n|-unboost|p1a: Iron Hands|atk|1\n|-unboost|p1b: Flutter Mane|atk|1\n|turn|1\n|inactive|MareeohYT has 30 seconds left.\n|inactive|IshzarkVGC has 30 seconds left.\n|inactive|MareeohYT has 20 seconds left.\n|inactive|MareeohYT has 15 seconds left.\n|inactive|MareeohYT has 10 seconds left.\n|inactive|MareeohYT has 5 seconds left.\n|\n|t:|1681911801\n|switch|p2b: Amoonguss|Amoonguss, L50, M|100\/100\n|move|p2a: Gholdengo|Protect|p2a: Gholdengo\n|-singleturn|p2a: Gholdengo|Protect\n|move|p1b: Flutter Mane|Thunderbolt|p2b: Amoonguss\n|-resisted|p2b: Amoonguss\n|-damage|p2b: Amoonguss|84\/100\n|move|p1a: Iron Hands|Swords Dance|p1a: Iron Hands\n|-boost|p1a: Iron Hands|atk|2\n|\n|upkeep\n|turn|2\n|\n|t:|1681911825\n|-end|p1b: Flutter Mane|Protosynthesis|[silent]\n|switch|p1b: Arcanine|Arcanine, L50, M|100\/100\n|-ability|p1b: Arcanine|Intimidate|boost\n|-unboost|p2a: Gholdengo|atk|1\n|-unboost|p2b: Amoonguss|atk|1\n|move|p2a: Gholdengo|Nasty Plot|p2a: Gholdengo\n|-boost|p2a: Gholdengo|spa|2\n|move|p1a: Iron Hands|Swords Dance|p1a: Iron Hands\n|-boost|p1a: Iron Hands|atk|2\n|move|p2b: Amoonguss|Spore|p1b: Arcanine\n|-status|p1b: Arcanine|slp|[from] move: Spore\n|\n|upkeep\n|turn|3\n|\n|t:|1681911846\n|switch|p2b: Gyarados|Gyarados, L50, F|100\/100\n|-ability|p2b: Gyarados|Intimidate|boost\n|-unboost|p1a: Iron Hands|atk|1\n|-unboost|p1b: Arcanine|atk|1\n|move|p1a: Iron Hands|Protect|p1a: Iron Hands\n|-singleturn|p1a: Iron Hands|Protect\n|cant|p1b: Arcanine|slp\n|move|p2a: Gholdengo|Shadow Ball|p1a: Iron Hands\n|-activate|p1a: Iron Hands|move: Protect\n|\n|upkeep\n|turn|4\n|\n|t:|1681911858\n|switch|p2b: Arcanine|Arcanine, L50, M|100\/100\n|-ability|p2b: Arcanine|Intimidate|boost\n|-unboost|p1a: Iron Hands|atk|1\n|-unboost|p1b: Arcanine|atk|1\n|cant|p1b: Arcanine|slp\n|move|p2a: Gholdengo|Shadow Ball|p1a: Iron Hands\n|-damage|p1a: Iron Hands|22\/100\n|move|p1a: Iron Hands|Wild Charge|p2a: Gholdengo\n|-damage|p2a: Gholdengo|20\/100\n|-enditem|p2a: Gholdengo|Sitrus Berry|[eat]\n|-heal|p2a: Gholdengo|45\/100|[from] item: Sitrus Berry\n|-damage|p1a: Iron Hands|7\/100|[from] Recoil\n|\n|upkeep\n|turn|5\n|inactive|MareeohYT has 30 seconds left.\n|inactive|IshzarkVGC has 30 seconds left.\n|\n|t:|1681911887\n|move|p1a: Iron Hands|Protect|p1a: Iron Hands\n|-singleturn|p1a: Iron Hands|Protect\n|-curestatus|p1b: Arcanine|slp|[msg]\n|move|p1b: Arcanine|Flare Blitz|p2a: Gholdengo\n|-supereffective|p2a: Gholdengo\n|-damage|p2a: Gholdengo|0 fnt\n|faint|p2a: Gholdengo\n|-damage|p1b: Arcanine|88\/100|[from] Recoil\n|move|p2b: Arcanine|Flare Blitz|p1a: Iron Hands\n|-activate|p1a: Iron Hands|move: Protect\n|\n|upkeep\n|\n|t:|1681911899\n|switch|p2a: Gyarados|Gyarados, L50, F|100\/100\n|-ability|p2a: Gyarados|Intimidate|boost\n|-unboost|p1a: Iron Hands|atk|1\n|-unboost|p1b: Arcanine|atk|1\n|turn|6\n|\n|t:|1681911919\n|switch|p1b: Amoonguss|Amoonguss, L50, F|100\/100\n|move|p2b: Arcanine|Flare Blitz|p1a: Iron Hands\n|-damage|p1a: Iron Hands|0 fnt\n|faint|p1a: Iron Hands\n|-end|p1a: Iron Hands|Quark Drive|[silent]\n|-damage|p2b: Arcanine|98\/100|[from] Recoil\n|move|p2a: Gyarados|Thunder Wave|p1b: Amoonguss\n|-status|p1b: Amoonguss|par\n|\n|upkeep\n|\n|t:|1681911930\n|switch|p1a: Flutter Mane|Flutter Mane, L50|100\/100\n|turn|7\n|inactive|MareeohYT has 30 seconds left.\n|inactive|MareeohYT has 20 seconds left.\n|inactive|MareeohYT has 15 seconds left.\n|inactive|MareeohYT has 10 seconds left.\n|inactive|MareeohYT has 5 seconds left.\n|\n|t:|1681911982\n|switch|p1b: Arcanine|Arcanine, L50, M|88\/100\n|-ability|p1b: Arcanine|Intimidate|boost\n|-unboost|p2a: Gyarados|atk|1\n|-unboost|p2b: Arcanine|atk|1\n|-terastallize|p2a: Gyarados|Grass\n|move|p1a: Flutter Mane|Thunderbolt|p2a: Gyarados\n|-resisted|p2a: Gyarados\n|-damage|p2a: Gyarados|82\/100\n|move|p2b: Arcanine|Flare Blitz|p1b: Arcanine\n|-resisted|p1b: Arcanine\n|-damage|p1b: Arcanine|71\/100\n|-damage|p2b: Arcanine|92\/100|[from] Recoil\n|move|p2a: Gyarados|Thunder Wave|p1a: Flutter Mane\n|-status|p1a: Flutter Mane|par\n|\n|upkeep\n|turn|8\n|inactive|MareeohYT has 30 seconds left.\n|inactive|MareeohYT has 20 seconds left.\n|inactive|MareeohYT has 15 seconds left.\n|inactive|MareeohYT has 10 seconds left.\n|inactive|MareeohYT has 5 seconds left.\n|\n|t:|1681912032\n|switch|p2b: Amoonguss|Amoonguss, L50, M|100\/100\n|-end|p1a: Flutter Mane|Protosynthesis|[silent]\n|switch|p1a: Amoonguss|Amoonguss, L50, F|100\/100 par\n|move|p2a: Gyarados|Protect|p2a: Gyarados\n|-singleturn|p2a: Gyarados|Protect\n|move|p1b: Arcanine|Will-O-Wisp|p2a: Gyarados\n|-activate|p2a: Gyarados|move: Protect\n|\n|upkeep\n|turn|9\n|inactive|MareeohYT has 30 seconds left.\n|inactive|MareeohYT has 20 seconds left.\n|\n|t:|1681912069\n|switch|p1b: Flutter Mane|Flutter Mane, L50|100\/100 par\n|move|p2b: Amoonguss|Rage Powder|p2b: Amoonguss\n|-singleturn|p2b: Amoonguss|move: Rage Powder\n|move|p2a: Gyarados|Waterfall|p1b: Flutter Mane\n|-damage|p1b: Flutter Mane|55\/100 par\n|move|p1a: Amoonguss|Pollen Puff|p2a: Gyarados\n|-supereffective|p2a: Gyarados\n|-damage|p2a: Gyarados|54\/100\n|\n|upkeep\n|turn|10\n|j| EstoyFuerisimaVGC\n|inactive|IshzarkVGC has 30 seconds left.\n|\n|t:|1681912094\n|switch|p2a: Arcanine|Arcanine, L50, M|92\/100\n|-ability|p2a: Arcanine|Intimidate|boost\n|-unboost|p1a: Amoonguss|atk|1\n|-unboost|p1b: Flutter Mane|atk|1\n|move|p1b: Flutter Mane|Shadow Ball|p2a: Arcanine\n|-damage|p2a: Arcanine|41\/100\n|move|p2b: Amoonguss|Pollen Puff|p2a: Arcanine\n|-heal|p2a: Arcanine|91\/100\n|move|p1a: Amoonguss|Pollen Puff|p1b: Flutter Mane\n|-heal|p1b: Flutter Mane|100\/100 par\n|\n|upkeep\n|turn|11\n|l| EstoyFuerisimaVGC\n|inactive|MareeohYT has 30 seconds left.\n|inactive|IshzarkVGC has 30 seconds left.\n|inactive|MareeohYT has 20 seconds left.\n|\n|t:|1681912132\n|-end|p1b: Flutter Mane|Protosynthesis|[silent]\n|switch|p1b: Arcanine|Arcanine, L50, M|71\/100\n|-ability|p1b: Arcanine|Intimidate|boost\n|-unboost|p2a: Arcanine|atk|1\n|-unboost|p2b: Amoonguss|atk|1\n|move|p2a: Arcanine|Flare Blitz|p1b: Arcanine\n|-resisted|p1b: Arcanine\n|-damage|p1b: Arcanine|54\/100\n|-damage|p2a: Arcanine|85\/100|[from] Recoil\n|move|p2b: Amoonguss|Spore|p1a: Amoonguss\n|-immune|p1a: Amoonguss\n|cant|p1a: Amoonguss|par\n|\n|upkeep\n|turn|12\n|inactive|MareeohYT has 30 seconds left.\n|\n|t:|1681912158\n|move|p1b: Arcanine|Flare Blitz|p2b: Amoonguss\n|-supereffective|p2b: Amoonguss\n|-damage|p2b: Amoonguss|0 fnt\n|-damage|p1b: Arcanine|38\/100|[from] item: Rocky Helmet|[of] p2b: Amoonguss\n|faint|p2b: Amoonguss\n|-damage|p1b: Arcanine|1\/100|[from] Recoil\n|-enditem|p1b: Arcanine|Figy Berry|[eat]\n|-heal|p1b: Arcanine|34\/100|[from] item: Figy Berry\n|move|p2a: Arcanine|Flare Blitz|p1a: Amoonguss\n|-supereffective|p1a: Amoonguss\n|-damage|p1a: Amoonguss|53\/100 par\n|-damage|p2a: Arcanine|68\/100|[from] Recoil\n|cant|p1a: Amoonguss|par\n|\n|upkeep\n|\n|t:|1681912166\n|switch|p2b: Gyarados|Gyarados, L50, F, tera:Grass|54\/100\n|-ability|p2b: Gyarados|Intimidate|boost\n|-unboost|p1a: Amoonguss|atk|1\n|-unboost|p1b: Arcanine|atk|1\n|turn|13\n|inactive|IshzarkVGC has 30 seconds left.\n|inactive|MareeohYT has 30 seconds left.\n|inactive|MareeohYT has 20 seconds left.\n|\n|t:|1681912210\n|-terastallize|p1a: Amoonguss|Water\n|move|p2b: Gyarados|Protect|p2b: Gyarados\n|-singleturn|p2b: Gyarados|Protect\n|move|p1b: Arcanine|Extreme Speed|p2b: Gyarados\n|-activate|p2b: Gyarados|move: Protect\n|move|p2a: Arcanine|Flare Blitz|p1b: Arcanine\n|-resisted|p1b: Arcanine\n|-damage|p1b: Arcanine|19\/100\n|-damage|p2a: Arcanine|63\/100|[from] Recoil\n|move|p1a: Amoonguss|Pollen Puff|p2b: Gyarados\n|-activate|p2b: Gyarados|move: Protect\n|\n|upkeep\n|turn|14\n|inactive|MareeohYT has 30 seconds left.\n|inactive|MareeohYT has 20 seconds left.\n|inactive|MareeohYT has 15 seconds left.\n|inactive|MareeohYT has 10 seconds left.\n|inactive|IshzarkVGC has 30 seconds left.\n|inactive|IshzarkVGC has 20 seconds left.\n|\n|t:|1681912248\n|move|p1b: Arcanine|Extreme Speed|p2b: Gyarados\n|-damage|p2b: Gyarados|38\/100\n|move|p2a: Arcanine|Flare Blitz|p1b: Arcanine\n|-resisted|p1b: Arcanine\n|-damage|p1b: Arcanine|2\/100\n|-damage|p2a: Arcanine|57\/100|[from] Recoil\n|move|p2b: Gyarados|Waterfall|p1a: Amoonguss\n|-resisted|p1a: Amoonguss\n|-damage|p1a: Amoonguss|38\/100 par\n|-enditem|p1a: Amoonguss|Sitrus Berry|[eat]\n|-heal|p1a: Amoonguss|63\/100 par|[from] item: Sitrus Berry\n|move|p1a: Amoonguss|Pollen Puff|p2b: Gyarados\n|-supereffective|p2b: Gyarados\n|-damage|p2b: Gyarados|7\/100\n|\n|upkeep\n|turn|15\n|inactive|MareeohYT has 10 seconds left this turn.\n|inactive|MareeohYT has 5 seconds left.\n|\n|t:|1681912265\n|move|p2b: Gyarados|Protect|p2b: Gyarados\n|-singleturn|p2b: Gyarados|Protect\n|move|p1b: Arcanine|Extreme Speed|p2b: Gyarados\n|-activate|p2b: Gyarados|move: Protect\n|move|p2a: Arcanine|Extreme Speed|p1b: Arcanine\n|-damage|p1b: Arcanine|0 fnt\n|faint|p1b: Arcanine\n|move|p1a: Amoonguss|Pollen Puff|p1: Arcanine|[notarget]\n|-fail|p1a: Amoonguss\n|\n|upkeep\n|inactive|MareeohYT has 5 seconds left this turn.\n|\n|t:|1681912267\n|switch|p1b: Flutter Mane|Flutter Mane, L50|100\/100 par\n|turn|16\n|inactive|MareeohYT has 5 seconds left this turn.\n|\n|t:|1681912279\n|move|p2a: Arcanine|Flare Blitz|p1b: Flutter Mane\n|-damage|p1b: Flutter Mane|50\/100 par\n|-damage|p2a: Arcanine|43\/100|[from] Recoil\n|move|p2b: Gyarados|Waterfall|p1b: Flutter Mane\n|-damage|p1b: Flutter Mane|0 fnt\n|faint|p1b: Flutter Mane\n|-end|p1b: Flutter Mane|Protosynthesis|[silent]\n|move|p1a: Amoonguss|Pollen Puff|p2b: Gyarados\n|-supereffective|p2b: Gyarados\n|-damage|p2b: Gyarados|0 fnt\n|faint|p2b: Gyarados\n|\n|upkeep\n|turn|17\n|inactive|MareeohYT has 5 seconds left this turn.\n|-message|MareeohYT lost due to inactivity.\n|\n|win|IshzarkVGC\n|raw|MareeohYT's rating: 1495 → 1481<\/strong> (-14 for losing)\n|raw|IshzarkVGC's rating: 1601 → 1615<\/strong> (+14 for winning)\n|l|\u2606IshzarkVGC\n","uploadtime":1681912305,"views":6,"p1id":"mareeohyt","p2id":"ishzarkvgc","formatid":"gen9vgc2023regulationc","rating":1481,"private":0,"password":""}