{"id":"gen9vgc2023regulationc-1850620457","p1":"fonzee3000","p2":"doosacks","format":"[Gen 9] VGC 2023 Regulation C","log":"|j|\u2606fonzee3000\n|j|\u2606doosacks\n|t:|1682353660\n|gametype|doubles\n|player|p1|fonzee3000|steven|1310\n|player|p2|doosacks|102|1389\n|teamsize|p1|6\n|teamsize|p2|6\n|gen|9\n|tier|[Gen 9] VGC 2023 Regulation C\n|rated|\n|rule|Species Clause: Limit one of each Pok\u00e9mon\n|rule|Item Clause: Limit one of each item\n|clearpoke\n|poke|p1|Farigiraf, L50, M|\n|poke|p1|Iron Hands, L50|\n|poke|p1|Garchomp, L50, M|\n|poke|p1|Talonflame, L50, M|\n|poke|p1|Flutter Mane, L50|\n|poke|p1|Amoonguss, L50, M|\n|poke|p2|Arcanine, L50, F|\n|poke|p2|Palafin, L50, F|\n|poke|p2|Amoonguss, L50, F|\n|poke|p2|Ting-Lu, L50|\n|poke|p2|Flutter Mane, L50|\n|poke|p2|Iron Hands, L50|\n|teampreview|4\n|inactive|Battle timer is ON: inactive players will automatically lose when time's up. (requested by fonzee3000)\n|inactive|fonzee3000 has 60 seconds left.\n|inactive|doosacks has 60 seconds left.\n|inactive|doosacks has 30 seconds left.\n|\n|t:|1682353726\n|start\n|switch|p1a: Farigiraf|Farigiraf, L50, M|100\/100\n|switch|p1b: Amoonguss|Amoonguss, L50, M|100\/100\n|switch|p2a: Arcanine|Arcanine, L50, F|100\/100\n|switch|p2b: Ting-Lu|Ting-Lu, L50|100\/100\n|-ability|p2a: Arcanine|Intimidate|boost\n|-unboost|p1a: Farigiraf|atk|1\n|-unboost|p1b: Amoonguss|atk|1\n|-ability|p2b: Ting-Lu|Vessel of Ruin\n|turn|1\n|inactive|fonzee3000 has 30 seconds left.\n|inactive|doosacks has 30 seconds left.\n|inactive|fonzee3000 has 20 seconds left.\n|inactive|fonzee3000 has 15 seconds left.\n|\n|t:|1682353766\n|-terastallize|p1a: Farigiraf|Fairy\n|move|p2a: Arcanine|Fire Spin|p1b: Amoonguss\n|-supereffective|p1b: Amoonguss\n|-damage|p1b: Amoonguss|87\/100\n|-activate|p1b: Amoonguss|move: Fire Spin|[of] p2a: Arcanine\n|move|p2b: Ting-Lu|Stomping Tantrum|p1b: Amoonguss\n|-damage|p1b: Amoonguss|59\/100\n|-damage|p2b: Ting-Lu|84\/100|[from] item: Rocky Helmet|[of] p1b: Amoonguss\n|move|p1b: Amoonguss|Spore|p2b: Ting-Lu\n|-status|p2b: Ting-Lu|slp|[from] move: Spore\n|-enditem|p2b: Ting-Lu|Lum Berry|[eat]\n|-curestatus|p2b: Ting-Lu|slp|[msg]\n|move|p1a: Farigiraf|Trick Room|p1a: Farigiraf\n|-fieldstart|move: Trick Room|[of] p1a: Farigiraf\n|\n|-damage|p1b: Amoonguss|47\/100|[from] move: Fire Spin|[partiallytrapped]\n|upkeep\n|turn|2\n|inactive|doosacks has 30 seconds left.\n|\n|t:|1682353799\n|move|p2b: Ting-Lu|Protect|p2b: Ting-Lu\n|-singleturn|p2b: Ting-Lu|Protect\n|move|p1b: Amoonguss|Spore|p2b: Ting-Lu\n|-activate|p2b: Ting-Lu|move: Protect\n|move|p1a: Farigiraf|Hyper Voice|p2a: Arcanine|[spread] p2a\n|-activate|p2b: Ting-Lu|move: Protect\n|-damage|p2a: Arcanine|75\/100\n|-enditem|p1a: Farigiraf|Throat Spray\n|-boost|p1a: Farigiraf|spa|1|[from] item: Throat Spray\n|move|p2a: Arcanine|Fire Spin|p1a: Farigiraf\n|-damage|p1a: Farigiraf|91\/100\n|-activate|p1a: Farigiraf|move: Fire Spin|[of] p2a: Arcanine\n|\n|-damage|p1b: Amoonguss|34\/100|[from] move: Fire Spin|[partiallytrapped]\n|-damage|p1a: Farigiraf|79\/100|[from] move: Fire Spin|[partiallytrapped]\n|upkeep\n|turn|3\n|inactive|doosacks has 30 seconds left.\n|\n|t:|1682353834\n|switch|p2b: Amoonguss|Amoonguss, L50, F|100\/100\n|move|p2a: Arcanine|Protect|p2a: Arcanine\n|-singleturn|p2a: Arcanine|Protect\n|move|p1b: Amoonguss|Spore|p2b: Amoonguss\n|-immune|p2b: Amoonguss\n|move|p1a: Farigiraf|Psychic|p2a: Arcanine\n|-activate|p2a: Arcanine|move: Protect\n|\n|-damage|p1b: Amoonguss|22\/100|[from] move: Fire Spin|[partiallytrapped]\n|-damage|p1a: Farigiraf|67\/100|[from] move: Fire Spin|[partiallytrapped]\n|upkeep\n|turn|4\n|\n|t:|1682353855\n|move|p1b: Amoonguss|Pollen Puff|p1a: Farigiraf\n|-heal|p1a: Farigiraf|100\/100\n|move|p2b: Amoonguss|Spore|p1a: Farigiraf\n|-status|p1a: Farigiraf|slp|[from] move: Spore\n|cant|p1a: Farigiraf|slp\n|move|p2a: Arcanine|Fire Spin|p1a: Farigiraf\n|-damage|p1a: Farigiraf|89\/100 slp\n|\n|-damage|p1b: Amoonguss|10\/100|[from] move: Fire Spin|[partiallytrapped]\n|-damage|p1a: Farigiraf|77\/100 slp|[from] move: Fire Spin|[partiallytrapped]\n|upkeep\n|turn|5\n|inactive|fonzee3000 has 30 seconds left.\n|inactive|doosacks has 30 seconds left.\n|\n|t:|1682353888\n|switch|p2b: Flutter Mane|Flutter Mane, L50|100\/100\n|-enditem|p2b: Flutter Mane|Booster Energy\n|-activate|p2b: Flutter Mane|ability: Protosynthesis|[fromitem]\n|-start|p2b: Flutter Mane|protosynthesisspa\n|move|p1b: Amoonguss|Spore|p2a: Arcanine\n|-activate|p2a: Arcanine|item: Safety Goggles|Spore\n|cant|p1a: Farigiraf|slp\n|move|p2a: Arcanine|Fire Spin|p1a: Farigiraf\n|-damage|p1a: Farigiraf|65\/100 slp\n|\n|-end|p1b: Amoonguss|Fire Spin|[partiallytrapped]\n|-damage|p1a: Farigiraf|53\/100 slp|[from] move: Fire Spin|[partiallytrapped]\n|-fieldend|move: Trick Room\n|upkeep\n|turn|6\n|\n|t:|1682353913\n|move|p1b: Amoonguss|Rage Powder|p1b: Amoonguss\n|-singleturn|p1b: Amoonguss|move: Rage Powder\n|move|p2b: Flutter Mane|Substitute|p2b: Flutter Mane\n|-start|p2b: Flutter Mane|Substitute\n|-damage|p2b: Flutter Mane|75\/100\n|move|p2a: Arcanine|Fire Spin|p1b: Amoonguss|[miss]\n|-miss|p2a: Arcanine|p1b: Amoonguss\n|cant|p1a: Farigiraf|slp\n|\n|-end|p1a: Farigiraf|Fire Spin|[partiallytrapped]\n|upkeep\n|turn|7\n|\n|t:|1682353936\n|switch|p1b: Iron Hands|Iron Hands, L50, shiny|100\/100\n|-terastallize|p2b: Flutter Mane|Fairy\n|move|p2b: Flutter Mane|Moonblast|p1a: Farigiraf\n|-damage|p1a: Farigiraf|0 fnt\n|faint|p1a: Farigiraf\n|move|p2a: Arcanine|Fire Spin|p1b: Iron Hands\n|-damage|p1b: Iron Hands|94\/100\n|-activate|p1b: Iron Hands|move: Fire Spin|[of] p2a: Arcanine\n|\n|-damage|p1b: Iron Hands|82\/100|[from] move: Fire Spin|[partiallytrapped]\n|upkeep\n|\n|t:|1682353949\n|switch|p1a: Amoonguss|Amoonguss, L50, M|43\/100\n|turn|8\n|\n|t:|1682353971\n|move|p1a: Amoonguss|Rage Powder|p1a: Amoonguss\n|-singleturn|p1a: Amoonguss|move: Rage Powder\n|move|p2b: Flutter Mane|Moonblast|p1a: Amoonguss\n|-resisted|p1a: Amoonguss\n|-damage|p1a: Amoonguss|6\/100\n|move|p2a: Arcanine|Fire Spin|p1a: Amoonguss|[miss]\n|-miss|p2a: Arcanine|p1a: Amoonguss\n|move|p1b: Iron Hands|Heavy Slam|p2b: Flutter Mane\n|-supereffective|p2b: Flutter Mane\n|-end|p2b: Flutter Mane|Substitute\n|\n|-damage|p1b: Iron Hands|70\/100|[from] move: Fire Spin|[partiallytrapped]\n|upkeep\n|turn|9\n|\n|t:|1682353988\n|move|p2b: Flutter Mane|Protect|p2b: Flutter Mane\n|-singleturn|p2b: Flutter Mane|Protect\n|move|p1a: Amoonguss|Rage Powder|p1a: Amoonguss\n|-singleturn|p1a: Amoonguss|move: Rage Powder\n|move|p2a: Arcanine|Fire Spin|p1a: Amoonguss\n|-supereffective|p1a: Amoonguss\n|-damage|p1a: Amoonguss|0 fnt\n|faint|p1a: Amoonguss\n|move|p1b: Iron Hands|Heavy Slam|p2b: Flutter Mane\n|-activate|p2b: Flutter Mane|move: Protect\n|\n|-damage|p1b: Iron Hands|58\/100|[from] move: Fire Spin|[partiallytrapped]\n|upkeep\n|-message|fonzee3000 forfeited.\n|\n|win|doosacks\n|raw|fonzee3000's rating: 1310 → 1294<\/strong> (-16 for losing)\n|raw|doosacks's rating: 1389 → 1405<\/strong> (+16 for winning)\n","uploadtime":1682354003,"views":19,"p1id":"fonzee3000","p2id":"doosacks","formatid":"gen9vgc2023regulationc","rating":1294,"private":0,"password":""}