{"id":"gen9vgc2023regulationc-1861481481","p1":"killowattt","p2":"hisanory","format":"[Gen 9] VGC 2023 Regulation C","log":"|j|\u2606killowattt\n|j|\u2606hisanory\n|t:|1683763195\n|gametype|doubles\n|player|p1|killowattt|1|1102\n|player|p2|hisanory|169|1094\n|teamsize|p1|6\n|teamsize|p2|6\n|gen|9\n|tier|[Gen 9] VGC 2023 Regulation C\n|rated|\n|rule|Species Clause: Limit one of each Pok\u00e9mon\n|rule|Item Clause: Limit one of each item\n|clearpoke\n|poke|p1|Pelipper, L50, M|\n|poke|p1|Raichu, L50, F|\n|poke|p1|Gyarados, L50, M|\n|poke|p1|Palafin, L50, M|\n|poke|p1|Klefki, L50, M|\n|poke|p1|Flutter Mane, L50|\n|poke|p2|Armarouge, L50, M|\n|poke|p2|Indeedee-F, L50, F|\n|poke|p2|Roaring Moon, L50|\n|poke|p2|Corviknight, L50, M|\n|poke|p2|Garchomp, L50, F|\n|poke|p2|Flutter Mane, L50|\n|teampreview|4\n|inactive|Battle timer is ON: inactive players will automatically lose when time's up. (requested by hisanory)\n|inactive|killowattt has 60 seconds left.\n|inactive|hisanory has 60 seconds left.\nkillowattt rejected open team sheets.\n|inactive|hisanory has 30 seconds left.\n|inactive|hisanory has 20 seconds left.\n|inactive|hisanory has 15 seconds left.\n|inactive|hisanory has 10 seconds left.\n|inactive|hisanory has 5 seconds left.\n|\n|t:|1683763285\n|start\n|switch|p1a: Flutter Mane|Flutter Mane, L50|100\/100\n|switch|p1b: Palafin|Palafin, L50, M|100\/100\n|switch|p2a: Armarouge|Armarouge, L50, M, shiny|100\/100\n|switch|p2b: Indeedee|Indeedee-F, L50, F, shiny|100\/100\n|-fieldstart|move: Psychic Terrain|[from] ability: Psychic Surge|[of] p2b: Indeedee\n|turn|1\n|inactive|hisanory has 30 seconds left.\n|\n|t:|1683763314\n|detailschange|p1b: Palafin|Palafin-Hero, L50, M\n|switch|p1b: Pelipper|Pelipper, L50, M|100\/100\n|-weather|RainDance|[from] ability: Drizzle|[of] p1b: Pelipper\n|-terastallize|p2a: Armarouge|Grass\n|move|p2b: Indeedee|Follow Me|p2b: Indeedee\n|-singleturn|p2b: Indeedee|move: Follow Me\n|move|p1a: Flutter Mane|Imprison|p1a: Flutter Mane\n|-start|p1a: Flutter Mane|move: Imprison\n|move|p2a: Armarouge|Energy Ball|p1b: Pelipper\n|-damage|p1b: Pelipper|12\/100\n|-damage|p2a: Armarouge|91\/100|[from] item: Life Orb\n|\n|-weather|RainDance|[upkeep]\n|upkeep\n|turn|2\n|inactive|killowattt has 30 seconds left.\n|inactive|hisanory has 30 seconds left.\n|inactive|hisanory has 20 seconds left.\n|inactive|hisanory has 15 seconds left.\n|\n|t:|1683763355\n|-end|p1a: Flutter Mane|Protosynthesis|[silent]\n|switch|p1a: Raichu|Raichu, L50, F|100\/100\n|move|p2b: Indeedee|Follow Me|p2b: Indeedee\n|-singleturn|p2b: Indeedee|move: Follow Me\n|move|p2a: Armarouge|Expanding Force|p1b: Pelipper|[spread] p1a,p1b\n|-enditem|p1a: Raichu|Focus Sash\n|-damage|p1a: Raichu|1\/100\n|-damage|p1b: Pelipper|0 fnt\n|faint|p1b: Pelipper\n|-damage|p2a: Armarouge|82\/100|[from] item: Life Orb\n|\n|-weather|RainDance|[upkeep]\n|upkeep\n|\n|t:|1683763380\n|switch|p1b: Palafin|Palafin-Hero, L50, M|100\/100\n|-activate|p1b: Palafin|ability: Zero to Hero\n|turn|3\n|\n|t:|1683763396\n|move|p1b: Palafin|Protect|p1b: Palafin\n|-singleturn|p1b: Palafin|Protect\n|move|p1a: Raichu|Nuzzle|p2a: Armarouge\n|-resisted|p2a: Armarouge\n|-damage|p2a: Armarouge|78\/100\n|-status|p2a: Armarouge|par\n|move|p2b: Indeedee|Dazzling Gleam|p1a: Raichu|[spread] p1a\n|-activate|p1b: Palafin|move: Protect\n|-damage|p1a: Raichu|0 fnt\n|faint|p1a: Raichu\n|move|p2a: Armarouge|Energy Ball|p1b: Palafin\n|-activate|p1b: Palafin|move: Protect\n|\n|-weather|RainDance|[upkeep]\n|upkeep\n|\n|t:|1683763410\n|switch|p1a: Flutter Mane|Flutter Mane, L50|100\/100\n|turn|4\n|\n|t:|1683763419\n|move|p1a: Flutter Mane|Shadow Ball|p2a: Armarouge\n|-damage|p2a: Armarouge|19\/100 par\n|-unboost|p2a: Armarouge|spd|1\n|move|p1b: Palafin|Wave Crash|p2b: Indeedee\n|-damage|p2b: Indeedee|0 fnt\n|faint|p2b: Indeedee\n|-damage|p1b: Palafin|67\/100|[from] Recoil\n|-damage|p1b: Palafin|58\/100|[from] item: Life Orb\n|cant|p2a: Armarouge|par\n|\n|-weather|RainDance|[upkeep]\n|upkeep\n|\n|t:|1683763438\n|switch|p2b: Roaring Moon|Roaring Moon, L50, shiny|100\/100\n|-enditem|p2b: Roaring Moon|Booster Energy\n|-activate|p2b: Roaring Moon|ability: Protosynthesis|[fromitem]\n|-start|p2b: Roaring Moon|protosynthesisspe\n|turn|5\n|\n|t:|1683763457\n|-terastallize|p1b: Palafin|Water\n|move|p2b: Roaring Moon|Throat Chop|p1b: Palafin\n|-damage|p1b: Palafin|13\/100\n|-start|p1b: Palafin|Throat Chop|[silent]\n|move|p1a: Flutter Mane|Shadow Ball|p2a: Armarouge\n|-damage|p2a: Armarouge|0 fnt\n|faint|p2a: Armarouge\n|move|p1b: Palafin|Wave Crash|p2b: Roaring Moon\n|-resisted|p2b: Roaring Moon\n|-damage|p2b: Roaring Moon|0 fnt\n|faint|p2b: Roaring Moon\n|-end|p2b: Roaring Moon|Protosynthesis|[silent]\n|-damage|p1b: Palafin|0 fnt|[from] Recoil\n|faint|p1b: Palafin\n|\n|-weather|none\n|-fieldend|move: Psychic Terrain\n|upkeep\n|\n|t:|1683763476\n|switch|p2b: Corviknight|Corviknight, L50, M|100\/100\n|turn|6\n|\n|t:|1683763489\n|move|p1a: Flutter Mane|Shadow Ball|p2b: Corviknight\n|-damage|p2b: Corviknight|56\/100\n|-ability|p2b: Corviknight|Mirror Armor\n|-unboost|p1a: Flutter Mane|spd|1\n|move|p2b: Corviknight|Iron Head|p1a: Flutter Mane\n|-supereffective|p1a: Flutter Mane\n|-damage|p1a: Flutter Mane|0 fnt\n|faint|p1a: Flutter Mane\n|-end|p1a: Flutter Mane|Protosynthesis|[silent]\n|\n|win|hisanory\n|raw|killowattt's rating: 1102 → 1076<\/strong> (-26 for losing)\n|raw|hisanory's rating: 1094 → 1120<\/strong> (+26 for winning)\n|c|\u2606killowattt|GG\n|l|\u2606killowattt\n","uploadtime":1683763518,"views":2,"p1id":"killowattt","p2id":"hisanory","formatid":"gen9vgc2023regulationc","rating":1076,"private":0,"password":""}