{"id":"gen9vgc2023regulationc-1857193809","p1":"NicoHaxVGC","p2":"DamEdge","format":"[Gen 9] VGC 2023 Regulation C","log":"|j|\u2606NicoHaxVGC\n|j|\u2606DamEdge\n|t:|1683156368\n|gametype|doubles\n|player|p1|NicoHaxVGC|red|1341\n|player|p2|DamEdge|rocketgrunt|1320\n|teamsize|p1|6\n|teamsize|p2|6\n|gen|9\n|tier|[Gen 9] VGC 2023 Regulation C\n|rated|\n|rule|Species Clause: Limit one of each Pok\u00e9mon\n|rule|Item Clause: Limit one of each item\n|clearpoke\n|poke|p1|Corviknight, L50, F|\n|poke|p1|Ting-Lu, L50|\n|poke|p1|Annihilape, L50, M|\n|poke|p1|Maushold, L50|\n|poke|p1|Iron Bundle, L50|\n|poke|p1|Flutter Mane, L50|\n|poke|p2|Goodra, L50, M|\n|poke|p2|Palafin, L50, F|\n|poke|p2|Talonflame, L50, F|\n|poke|p2|Tsareena, L50, F|\n|poke|p2|Ting-Lu, L50|\n|poke|p2|Flutter Mane, L50|\n|teampreview|4\n|inactive|Battle timer is ON: inactive players will automatically lose when time's up. (requested by NicoHaxVGC)\n|inactive|DamEdge has 60 seconds left.\n|\n|t:|1683156403\n|start\n|switch|p1a: Raven|Corviknight, L50, F|100\/100\n|switch|p1b: Beast boy|Ting-Lu, L50|100\/100\n|switch|p2a: Talonflame|Talonflame, L50, F|100\/100\n|switch|p2b: Ting-Lu|Ting-Lu, L50|100\/100\n|-ability|p1b: Beast boy|Vessel of Ruin\n|-ability|p2b: Ting-Lu|Vessel of Ruin\n|turn|1\n|\n|t:|1683156425\n|move|p2a: Talonflame|Tailwind|p2a: Talonflame\n|-sidestart|p2: DamEdge|move: Tailwind\n|move|p2b: Ting-Lu|Stomping Tantrum|p1b: Beast boy\n|-damage|p1b: Beast boy|71\/100\n|move|p1a: Raven|Iron Head|p2b: Ting-Lu\n|-damage|p2b: Ting-Lu|82\/100\n|move|p1b: Beast boy|Rock Slide|p2a: Talonflame|[spread] p2a,p2b\n|-supereffective|p2a: Talonflame\n|-resisted|p2b: Ting-Lu\n|-crit|p2b: Ting-Lu\n|-damage|p2a: Talonflame|25\/100\n|-damage|p2b: Ting-Lu|75\/100\n|\n|upkeep\n|turn|2\n|\n|t:|1683156443\n|move|p2a: Talonflame|Will-O-Wisp|p1b: Beast boy\n|-status|p1b: Beast boy|brn\n|move|p2b: Ting-Lu|Stomping Tantrum|p1b: Beast boy\n|-damage|p1b: Beast boy|38\/100 brn\n|move|p1a: Raven|Iron Head|p2b: Ting-Lu\n|-damage|p2b: Ting-Lu|56\/100\n|move|p1b: Beast boy|Rock Slide|p2b: Ting-Lu|[spread] p2a,p2b\n|-supereffective|p2a: Talonflame\n|-resisted|p2b: Ting-Lu\n|-damage|p2a: Talonflame|0 fnt\n|-damage|p2b: Ting-Lu|53\/100\n|faint|p2a: Talonflame\n|\n|-damage|p1b: Beast boy|32\/100 brn|[from] brn\n|upkeep\n|\n|t:|1683156456\n|switch|p2a: Goodra|Goodra, L50, M|100\/100\n|turn|3\n|\n|t:|1683156461\n|move|p2a: Goodra|Thunderbolt|p1a: Raven\n|-supereffective|p1a: Raven\n|-damage|p1a: Raven|66\/100\n|move|p2b: Ting-Lu|Stomping Tantrum|p1b: Beast boy\n|-damage|p1b: Beast boy|3\/100 brn\n|move|p1a: Raven|Tailwind|p1a: Raven\n|-sidestart|p1: NicoHaxVGC|move: Tailwind\n|move|p1b: Beast boy|Ruination|p2a: Goodra|[miss]\n|-miss|p1b: Beast boy|p2a: Goodra\n|\n|-damage|p1b: Beast boy|0 fnt|[from] brn\n|faint|p1b: Beast boy\n|upkeep\n|\n|t:|1683156473\n|switch|p1b: Cyborg|Iron Bundle, L50|100\/100\n|-enditem|p1b: Cyborg|Booster Energy\n|-activate|p1b: Cyborg|ability: Quark Drive|[fromitem]\n|-start|p1b: Cyborg|quarkdrivespe\n|turn|4\n|\n|t:|1683156485\n|-terastallize|p2a: Goodra|Fire\n|move|p1b: Cyborg|Freeze-Dry|p2a: Goodra\n|-resisted|p2a: Goodra\n|-damage|p2a: Goodra|95\/100\n|move|p1a: Raven|Iron Head|p2b: Ting-Lu\n|-damage|p2b: Ting-Lu|34\/100\n|move|p2a: Goodra|Thunderbolt|p1a: Raven\n|-supereffective|p1a: Raven\n|-damage|p1a: Raven|28\/100\n|-status|p1a: Raven|par\n|-enditem|p1a: Raven|Lum Berry|[eat]\n|-curestatus|p1a: Raven|par|[msg]\n|move|p2b: Ting-Lu|Stomping Tantrum|p1b: Cyborg\n|-damage|p1b: Cyborg|42\/100\n|\n|-sideend|p2: DamEdge|move: Tailwind\n|upkeep\n|turn|5\n|inactive|NicoHaxVGC has 30 seconds left.\n|\n|t:|1683156510\n|move|p1b: Cyborg|Freeze-Dry|p2b: Ting-Lu\n|-supereffective|p2b: Ting-Lu\n|-damage|p2b: Ting-Lu|2\/100\n|move|p1a: Raven|Brave Bird|p2a: Goodra\n|-damage|p2a: Goodra|52\/100\n|-damage|p1a: Raven|15\/100|[from] Recoil\n|move|p2a: Goodra|Thunderbolt|p1b: Cyborg\n|-supereffective|p1b: Cyborg\n|-damage|p1b: Cyborg|0 fnt\n|faint|p1b: Cyborg\n|-end|p1b: Cyborg|Quark Drive|[silent]\n|move|p2b: Ting-Lu|Stomping Tantrum|p1a: Raven\n|-immune|p1a: Raven\n|\n|upkeep\n|\n|t:|1683156522\n|switch|p1b: Star fire|Flutter Mane, L50|100\/100\n|turn|6\n|\n|t:|1683156530\n|move|p1b: Star fire|Shadow Ball|p2a: Goodra\n|-damage|p2a: Goodra|32\/100\n|move|p1a: Raven|Iron Head|p2b: Ting-Lu\n|-damage|p2b: Ting-Lu|0 fnt\n|faint|p2b: Ting-Lu\n|move|p2a: Goodra|Thunderbolt|p1a: Raven\n|-supereffective|p1a: Raven\n|-damage|p1a: Raven|0 fnt\n|faint|p1a: Raven\n|\n|-sideend|p1: NicoHaxVGC|move: Tailwind\n|upkeep\n|\n|t:|1683156538\n|switch|p2b: Flutter Mane|Flutter Mane, L50|100\/100\n|turn|7\n|\n|t:|1683156549\n|-terastallize|p1b: Star fire|Fairy\n|move|p2b: Flutter Mane|Protect|p2b: Flutter Mane\n|-singleturn|p2b: Flutter Mane|Protect\n|move|p1b: Star fire|Shadow Ball|p2b: Flutter Mane\n|-activate|p2b: Flutter Mane|move: Protect\n|move|p2a: Goodra|Thunderbolt|p1b: Star fire\n|-damage|p1b: Star fire|75\/100\n|\n|upkeep\n|turn|8\n|\n|t:|1683156564\n|move|p2b: Flutter Mane|Moonblast|p1b: Star fire\n|-damage|p1b: Star fire|26\/100\n|move|p1b: Star fire|Shadow Ball|p2b: Flutter Mane\n|-supereffective|p2b: Flutter Mane\n|-enditem|p2b: Flutter Mane|Focus Sash\n|-damage|p2b: Flutter Mane|1\/100\n|-unboost|p2b: Flutter Mane|spd|1\n|move|p2a: Goodra|Thunderbolt|p1b: Star fire\n|-damage|p1b: Star fire|3\/100\n|\n|upkeep\n|turn|9\n|\n|t:|1683156578\n|move|p2b: Flutter Mane|Moonblast|p1b: Star fire\n|-damage|p1b: Star fire|0 fnt\n|faint|p1b: Star fire\n|-end|p1b: Star fire|Protosynthesis|[silent]\n|\n|win|DamEdge\n|raw|NicoHaxVGC's rating: 1341 → 1320<\/strong> (-21 for losing)\n|raw|DamEdge's rating: 1320 → 1341<\/strong> (+21 for winning)\n","uploadtime":1683156583,"views":12,"p1id":"nicohaxvgc","p2id":"damedge","formatid":"gen9vgc2023regulationc","rating":1320,"private":0,"password":""}