{"id":"gen9vgc2023regulationc-1851076568","p1":"avantguard","p2":"Gholdjunge","format":"[Gen 9] VGC 2023 Regulation C","log":"|j|\u2606avantguard\n|j|\u2606Gholdjunge\n|t:|1682405078\n|gametype|doubles\n|player|p1|avantguard|2|1432\n|player|p2|Gholdjunge|youngster-gen2|1402\n|teamsize|p1|5\n|teamsize|p2|6\n|gen|9\n|tier|[Gen 9] VGC 2023 Regulation C\n|rated|\n|rule|Species Clause: Limit one of each Pok\u00e9mon\n|rule|Item Clause: Limit one of each item\n|clearpoke\n|poke|p1|Bronzong, L50|\n|poke|p1|Annihilape, L50, M|\n|poke|p1|Vivillon, L50, M|\n|poke|p1|Ting-Lu, L50|\n|poke|p1|Rotom-Wash, L50|\n|poke|p2|Azumarill, L50, M|\n|poke|p2|Pelipper, L50, M|\n|poke|p2|Chien-Pao, L50|\n|poke|p2|Amoonguss, L50, M|\n|poke|p2|Iron Hands, L50|\n|poke|p2|Flutter Mane, L50|\n|teampreview|4\n|inactive|Battle timer is ON: inactive players will automatically lose when time's up. (requested by avantguard)\n|\n|t:|1682405144\n|start\n|switch|p1a: \u68b5\u9418|Bronzong, L50|100\/100\n|switch|p1b: \u30de\u30f3\u30e2\u30b9|Ting-Lu, L50|100\/100\n|switch|p2a: Azumarill|Azumarill, L50, M|100\/100\n|switch|p2b: Flutter Mane|Flutter Mane, L50|100\/100\n|-ability|p1b: \u30de\u30f3\u30e2\u30b9|Vessel of Ruin\n|turn|1\n|inactive|Gholdjunge has 30 seconds left.\n|\n|t:|1682405174\n|-terastallize|p2a: Azumarill|Water\n|move|p2b: Flutter Mane|Shadow Ball|p1a: \u68b5\u9418\n|-supereffective|p1a: \u68b5\u9418\n|-damage|p1a: \u68b5\u9418|23\/100\n|-unboost|p1a: \u68b5\u9418|spd|1\n|move|p2a: Azumarill|Liquidation|p1a: \u68b5\u9418\n|-damage|p1a: \u68b5\u9418|0 fnt\n|faint|p1a: \u68b5\u9418\n|move|p1b: \u30de\u30f3\u30e2\u30b9|Earthquake|p2a: Azumarill|[spread] p2a,p2b\n|-damage|p2a: Azumarill|59\/100\n|-damage|p2b: Flutter Mane|52\/100\n|\n|upkeep\n|\n|t:|1682405188\n|switch|p1a: \u96f7\u306e\u9006\u8ee2|Rotom-Wash, L50|100\/100\n|turn|2\n|\n|t:|1682405200\n|move|p2a: Azumarill|Protect|p2a: Azumarill\n|-singleturn|p2a: Azumarill|Protect\n|move|p1b: \u30de\u30f3\u30e2\u30b9|Protect|p1b: \u30de\u30f3\u30e2\u30b9\n|-singleturn|p1b: \u30de\u30f3\u30e2\u30b9|Protect\n|move|p2b: Flutter Mane|Shadow Ball|p1a: \u96f7\u306e\u9006\u8ee2\n|-damage|p1a: \u96f7\u306e\u9006\u8ee2|58\/100\n|move|p1a: \u96f7\u306e\u9006\u8ee2|Discharge|p2a: Azumarill|[spread] p2b\n|-activate|p1b: \u30de\u30f3\u30e2\u30b9|move: Protect\n|-activate|p2a: Azumarill|move: Protect\n|-damage|p2b: Flutter Mane|35\/100\n|\n|upkeep\n|turn|3\n|inactive|Gholdjunge has 30 seconds left.\n|inactive|avantguard has 30 seconds left.\n|inactive|Gholdjunge has 20 seconds left.\n|\n|t:|1682405239\n|-terastallize|p1b: \u30de\u30f3\u30e2\u30b9|Grass\n|move|p2a: Azumarill|Aqua Jet|p1a: \u96f7\u306e\u9006\u8ee2\n|-resisted|p1a: \u96f7\u306e\u9006\u8ee2\n|-damage|p1a: \u96f7\u306e\u9006\u8ee2|40\/100\n|move|p2b: Flutter Mane|Shadow Ball|p1a: \u96f7\u306e\u9006\u8ee2\n|-damage|p1a: \u96f7\u306e\u9006\u8ee2|0 fnt\n|faint|p1a: \u96f7\u306e\u9006\u8ee2\n|move|p1b: \u30de\u30f3\u30e2\u30b9|Earthquake|p2b: Flutter Mane|[spread] p2a,p2b\n|-damage|p2a: Azumarill|20\/100\n|-damage|p2b: Flutter Mane|0 fnt\n|faint|p2b: Flutter Mane\n|-end|p2b: Flutter Mane|Protosynthesis|[silent]\n|\n|upkeep\n|c|\u2606avantguard|Wow well played interesting battle style\n|\n|t:|1682405261\n|switch|p2b: Chien-Pao|Chien-Pao, L50|100\/100\n|switch|p1a: \u6028\u55df\u306e\u9b3c|Annihilape, L50, M|100\/100\n|-ability|p2b: Chien-Pao|Sword of Ruin\n|turn|4\n|\n|t:|1682405283\n|switch|p2a: Pelipper|Pelipper, L50, M|100\/100\n|-weather|RainDance|[from] ability: Drizzle|[of] p2a: Pelipper\n|move|p2b: Chien-Pao|Protect|p2b: Chien-Pao\n|-singleturn|p2b: Chien-Pao|Protect\n|move|p1a: \u6028\u55df\u306e\u9b3c|Drain Punch|p2b: Chien-Pao\n|-activate|p2b: Chien-Pao|move: Protect\n|move|p1b: \u30de\u30f3\u30e2\u30b9|Rock Slide|p2a: Pelipper|[spread] p2a\n|-activate|p2b: Chien-Pao|move: Protect\n|-supereffective|p2a: Pelipper\n|-damage|p2a: Pelipper|50\/100\n|-enditem|p2a: Pelipper|Sitrus Berry|[eat]\n|-heal|p2a: Pelipper|75\/100|[from] item: Sitrus Berry\n|\n|-weather|RainDance|[upkeep]\n|upkeep\n|turn|5\n|\n|t:|1682405306\n|move|p2b: Chien-Pao|Ice Spinner|p1b: \u30de\u30f3\u30e2\u30b9\n|-supereffective|p1b: \u30de\u30f3\u30e2\u30b9\n|-crit|p1b: \u30de\u30f3\u30e2\u30b9\n|-damage|p1b: \u30de\u30f3\u30e2\u30b9|7\/100\n|-enditem|p1b: \u30de\u30f3\u30e2\u30b9|Weakness Policy\n|-boost|p1b: \u30de\u30f3\u30e2\u30b9|atk|2|[from] item: Weakness Policy\n|-boost|p1b: \u30de\u30f3\u30e2\u30b9|spa|2|[from] item: Weakness Policy\n|move|p1a: \u6028\u55df\u306e\u9b3c|Drain Punch|p2b: Chien-Pao\n|-supereffective|p2b: Chien-Pao\n|-enditem|p2b: Chien-Pao|Focus Sash\n|-damage|p2b: Chien-Pao|1\/100\n|move|p2a: Pelipper|Tailwind|p2a: Pelipper\n|-sidestart|p2: Gholdjunge|move: Tailwind\n|move|p1b: \u30de\u30f3\u30e2\u30b9|Rock Slide|p2b: Chien-Pao|[spread] p2a,p2b\n|-supereffective|p2a: Pelipper\n|-supereffective|p2b: Chien-Pao\n|-damage|p2a: Pelipper|0 fnt\n|-damage|p2b: Chien-Pao|0 fnt\n|faint|p2a: Pelipper\n|faint|p2b: Chien-Pao\n|\n|-weather|RainDance|[upkeep]\n|upkeep\n|\n|t:|1682405321\n|switch|p2b: Azumarill|Azumarill, L50, M, tera:Water|20\/100\n|turn|6\n|\n|t:|1682405333\n|move|p2b: Azumarill|Play Rough|p1a: \u6028\u55df\u306e\u9b3c\n|-supereffective|p1a: \u6028\u55df\u306e\u9b3c\n|-damage|p1a: \u6028\u55df\u306e\u9b3c|0 fnt\n|faint|p1a: \u6028\u55df\u306e\u9b3c\n|move|p1b: \u30de\u30f3\u30e2\u30b9|Throat Chop|p2b: Azumarill\n|-damage|p2b: Azumarill|0 fnt\n|faint|p2b: Azumarill\n|\n|win|avantguard\n|raw|avantguard's rating: 1432 → 1450<\/strong> (+18 for winning)\n|raw|Gholdjunge's rating: 1402 → 1384<\/strong> (-18 for losing)\n","uploadtime":1682405337,"views":17,"p1id":"avantguard","p2id":"gholdjunge","formatid":"gen9vgc2023regulationc","rating":1384,"private":0,"password":""}