{"id":"gen9vgc2023regulationc-1859982324","p1":"big e razz 141","p2":"Ilpiuatteso","format":"[Gen 9] VGC 2023 Regulation C","log":"|j|\u203dbig e razz 141\n|j|\u2606Ilpiuatteso\n|t:|1683581756\n|gametype|doubles\n|player|p1|big e razz 141|plasmagrunt|1152\n|player|p2|Ilpiuatteso|fisherman-gen4|1059\n|teamsize|p1|6\n|teamsize|p2|6\n|gen|9\n|tier|[Gen 9] VGC 2023 Regulation C\n|rated|\n|rule|Species Clause: Limit one of each Pok\u00e9mon\n|rule|Item Clause: Limit one of each item\n|clearpoke\n|poke|p1|Iron Hands, L50|\n|poke|p1|Glimmora, L50, M|\n|poke|p1|Chi-Yu, L50|\n|poke|p1|Farigiraf, L50, M|\n|poke|p1|Roaring Moon, L50|\n|poke|p1|Flutter Mane, L50|\n|poke|p2|Chien-Pao, L50|\n|poke|p2|Zangoose, L50, F|\n|poke|p2|Avalugg, L50, F|\n|poke|p2|Glimmora, L50, M|\n|poke|p2|Murkrow, L50, M|\n|poke|p2|Iron Hands, L50|\n|teampreview|4\n|inactive|Battle timer is ON: inactive players will automatically lose when time's up. (requested by Ilpiuatteso)\n|inactive|big e razz 141 has 60 seconds left.\n|inactive|Ilpiuatteso has 60 seconds left.\n|\n|t:|1683581809\n|start\n|switch|p1a: Iron Hands|Iron Hands, L50|100\/100\n|switch|p1b: Glimmora|Glimmora, L50, M|100\/100\n|switch|p2a: Iron Hands|Iron Hands, L50|100\/100\n|switch|p2b: Chien-Pao|Chien-Pao, L50|100\/100\n|-ability|p2b: Chien-Pao|Sword of Ruin\n|turn|1\n|\n|t:|1683581833\n|move|p2b: Chien-Pao|Protect|p2b: Chien-Pao\n|-singleturn|p2b: Chien-Pao|Protect\n|move|p2a: Iron Hands|Fake Out|p1a: Iron Hands\n|-damage|p1a: Iron Hands|87\/100\n|move|p1b: Glimmora|Stealth Rock|p2a: Iron Hands\n|-sidestart|p2: Ilpiuatteso|move: Stealth Rock\n|cant|p1a: Iron Hands|flinch\n|\n|-heal|p1a: Iron Hands|93\/100|[from] item: Leftovers\n|upkeep\n|turn|2\n|inactive|Ilpiuatteso has 30 seconds left.\n|\n|t:|1683581867\n|move|p2b: Chien-Pao|Sucker Punch|p1b: Glimmora\n|-damage|p1b: Glimmora|33\/100\n|-activate|p1b: Glimmora|ability: Toxic Debris\n|-sidestart|p2: Ilpiuatteso|move: Toxic Spikes\n|move|p1b: Glimmora|Mortal Spin|p2a: Iron Hands|[spread] p2a,p2b\n|-damage|p2a: Iron Hands|97\/100\n|-damage|p2b: Chien-Pao|95\/100\n|-status|p2a: Iron Hands|psn\n|-status|p2b: Chien-Pao|psn\n|move|p2a: Iron Hands|Drain Punch|p1a: Iron Hands\n|-damage|p1a: Iron Hands|58\/100\n|-heal|p2a: Iron Hands|100\/100 psn|[from] drain|[of] p1a: Iron Hands\n|move|p1a: Iron Hands|Close Combat|p2b: Chien-Pao\n|-supereffective|p2b: Chien-Pao\n|-damage|p2b: Chien-Pao|0 fnt\n|-unboost|p1a: Iron Hands|def|1\n|-unboost|p1a: Iron Hands|spd|1\n|faint|p2b: Chien-Pao\n|\n|-heal|p1a: Iron Hands|64\/100|[from] item: Leftovers\n|-damage|p2a: Iron Hands|88\/100 psn|[from] psn\n|upkeep\n|inactive|Ilpiuatteso has 30 seconds left.\n|\n|t:|1683581894\n|switch|p2b: Zangoose|Zangoose, L50, F, shiny|100\/100\n|-damage|p2b: Zangoose|88\/100|[from] Stealth Rock\n|-status|p2b: Zangoose|psn\n|turn|3\n|inactive|Ilpiuatteso has 30 seconds left.\n|inactive|Ilpiuatteso has 20 seconds left.\n|\n|t:|1683581934\n|-terastallize|p2b: Zangoose|Normal\n|move|p1b: Glimmora|Power Gem|p2a: Iron Hands\n|-resisted|p2a: Iron Hands\n|-damage|p2a: Iron Hands|77\/100 psn\n|move|p2b: Zangoose|Facade|p1a: Iron Hands\n|-damage|p1a: Iron Hands|0 fnt\n|faint|p1a: Iron Hands\n|-end|p1a: Iron Hands|Quark Drive|[silent]\n|move|p2a: Iron Hands|Drain Punch|p1b: Glimmora\n|-damage|p1b: Glimmora|0 fnt\n|-heal|p2a: Iron Hands|88\/100 psn|[from] drain|[of] p1b: Glimmora\n|-activate|p1b: Glimmora|ability: Toxic Debris\n|-sidestart|p2: Ilpiuatteso|move: Toxic Spikes\n|faint|p1b: Glimmora\n|\n|-damage|p2b: Zangoose|76\/100 psn|[from] psn\n|-damage|p2a: Iron Hands|75\/100 psn|[from] psn\n|upkeep\n|\n|t:|1683581949\n|switch|p1b: Chi-Yu|Chi-Yu, L50|100\/100\n|switch|p1a: Flutter Mane|Flutter Mane, L50|100\/100\n|-ability|p1b: Chi-Yu|Beads of Ruin\n|turn|4\n|inactive|Ilpiuatteso has 30 seconds left.\n|\n|t:|1683581977\n|move|p2b: Zangoose|Protect|p2b: Zangoose\n|-singleturn|p2b: Zangoose|Protect\n|move|p1a: Flutter Mane|Dazzling Gleam|p2a: Iron Hands|[spread] p2a\n|-activate|p2b: Zangoose|move: Protect\n|-supereffective|p2a: Iron Hands\n|-damage|p2a: Iron Hands|17\/100 psn\n|move|p1b: Chi-Yu|Dark Pulse|p2b: Zangoose\n|-activate|p2b: Zangoose|move: Protect\n|move|p2a: Iron Hands|Heavy Slam|p1a: Flutter Mane\n|-supereffective|p1a: Flutter Mane\n|-damage|p1a: Flutter Mane|0 fnt\n|faint|p1a: Flutter Mane\n|-end|p1a: Flutter Mane|Protosynthesis|[silent]\n|\n|-damage|p2b: Zangoose|64\/100 psn|[from] psn\n|-damage|p2a: Iron Hands|5\/100 psn|[from] psn\n|upkeep\n|turn|5\n|inactive|Ilpiuatteso has 30 seconds left.\n|inactive|Ilpiuatteso has 20 seconds left.\n|inactive|Ilpiuatteso has 15 seconds left.\n|inactive|Ilpiuatteso has 10 seconds left.\n|inactive|Ilpiuatteso has 5 seconds left.\n|\n|t:|1683582031\n|-terastallize|p1b: Chi-Yu|Water\n|move|p2b: Zangoose|Facade|p1b: Chi-Yu\n|-damage|p1b: Chi-Yu|0 fnt\n|faint|p1b: Chi-Yu\n|\n|win|Ilpiuatteso\n|raw|big e razz 141's rating: 1152 → 1120<\/strong> (-32 for losing)\n|raw|Ilpiuatteso's rating: 1059 → 1098<\/strong> (+39 for winning)\n","uploadtime":1683582040,"views":8,"p1id":"bigerazz141","p2id":"ilpiuatteso","formatid":"gen9vgc2023regulationc","rating":1098,"private":0,"password":""}