{"id":"gen9vgc2023regulationc-1864008985","p1":"ScraggypantsYT","p2":"Pokemonster28","format":"[Gen 9] VGC 2023 Regulation C","log":"|j|\u2606ScraggypantsYT\n|j|\u2606Pokemonster28\n|t:|1684104649\n|gametype|doubles\n|player|p1|ScraggypantsYT|plasmagrunt|\n|player|p2|Pokemonster28|cynthia-gen4|\n|teamsize|p1|6\n|teamsize|p2|6\n|gen|9\n|tier|[Gen 9] VGC 2023 Regulation C\n|rule|Species Clause: Limit one of each Pok\u00e9mon\n|rule|Item Clause: Limit one of each item\n|clearpoke\n|poke|p1|Pelipper, L50, F|\n|poke|p1|Barraskewda, L50, M|\n|poke|p1|Magneton, L50|\n|poke|p1|Houndstone, L50, M|\n|poke|p1|Palafin, L50, F|\n|poke|p1|Toxapex, L50, F|\n|poke|p2|Iron Bundle, L50|\n|poke|p2|Iron Valiant, L50|\n|poke|p2|Lurantis, L50, M|\n|poke|p2|Weavile, L50, F|\n|poke|p2|Krookodile, L50, M|\n|poke|p2|Gothitelle, L50, F|\n|teampreview|4\n|inactive|Battle timer is ON: inactive players will automatically lose when time's up. (requested by Pokemonster28)\n|inactive|ScraggypantsYT has 60 seconds left.\n|inactive|Pokemonster28 has 60 seconds left.\n|c|\u2606ScraggypantsYT|glhf\n|\n|t:|1684104701\n|start\n|switch|p1a: Make It Rain|Pelipper, L50, F|100\/100\n|switch|p1b: Final Gambit|Barraskewda, L50, M|100\/100\n|switch|p2a: Iron Valiant|Iron Valiant, L50|100\/100\n|switch|p2b: Iron Bundle|Iron Bundle, L50|100\/100\n|-weather|RainDance|[from] ability: Drizzle|[of] p1a: Make It Rain\n|-enditem|p2a: Iron Valiant|Booster Energy\n|-activate|p2a: Iron Valiant|ability: Quark Drive|[fromitem]\n|-start|p2a: Iron Valiant|quarkdrivespe\n|turn|1\n|inactive|ScraggypantsYT has 30 seconds left.\n|inactive|Pokemonster28 has 30 seconds left.\n|\n|t:|1684104734\n|switch|p1a: Boltz|Magneton, L50, shiny|100\/100\n|move|p1b: Final Gambit|Waterfall|p2a: Iron Valiant\n|-damage|p2a: Iron Valiant|18\/100\n|move|p2b: Iron Bundle|Freeze-Dry|p1b: Final Gambit\n|-supereffective|p1b: Final Gambit\n|-enditem|p1b: Final Gambit|Focus Sash\n|-damage|p1b: Final Gambit|1\/100\n|cant|p2a: Iron Valiant|flinch\n|\n|-weather|RainDance|[upkeep]\n|upkeep\n|turn|2\n|inactive|ScraggypantsYT has 30 seconds left.\n|inactive|Pokemonster28 has 30 seconds left.\n|\n|t:|1684104761\n|-terastallize|p2b: Iron Bundle|Ice\n|move|p1b: Final Gambit|Protect|p1b: Final Gambit\n|-singleturn|p1b: Final Gambit|Protect\n|move|p2b: Iron Bundle|Freeze-Dry|p1b: Final Gambit\n|-activate|p1b: Final Gambit|move: Protect\n|move|p2a: Iron Valiant|Thunderbolt|p1b: Final Gambit\n|-activate|p1b: Final Gambit|move: Protect\n|move|p1a: Boltz|Thunder|p2b: Iron Bundle\n|-crit|p2b: Iron Bundle\n|-damage|p2b: Iron Bundle|0 fnt\n|faint|p2b: Iron Bundle\n|-end|p2b: Iron Bundle|Quark Drive|[silent]\n|\n|-weather|RainDance|[upkeep]\n|upkeep\n|\n|t:|1684104767\n|switch|p2b: Weavile|Weavile, L50, F|100\/100\n|turn|3\n|\n|t:|1684104789\n|move|p2b: Weavile|Fake Out|p1b: Final Gambit\n|-damage|p1b: Final Gambit|0 fnt\n|faint|p1b: Final Gambit\n|move|p2a: Iron Valiant|Thunderbolt|p1a: Boltz\n|-resisted|p1a: Boltz\n|-crit|p1a: Boltz\n|-damage|p1a: Boltz|80\/100\n|move|p1a: Boltz|Sandstorm|p1a: Boltz\n|-weather|Sandstorm\n|\n|-weather|Sandstorm|[upkeep]\n|-damage|p2a: Iron Valiant|12\/100|[from] Sandstorm\n|-damage|p2b: Weavile|94\/100|[from] Sandstorm\n|upkeep\n|\n|t:|1684104799\n|switch|p1b: Death Doggo|Houndstone, L50, M|100\/100\n|turn|4\n|\n|t:|1684104821\n|move|p2a: Iron Valiant|Moonblast|p1b: Death Doggo\n|-damage|p1b: Death Doggo|47\/100\n|move|p1b: Death Doggo|Play Rough|p2b: Weavile\n|-supereffective|p2b: Weavile\n|-damage|p2b: Weavile|0 fnt\n|faint|p2b: Weavile\n|move|p1a: Boltz|Electroweb|p2a: Iron Valiant\n|-damage|p2a: Iron Valiant|0 fnt\n|faint|p2a: Iron Valiant\n|-end|p2a: Iron Valiant|Quark Drive|[silent]\n|\n|-weather|Sandstorm|[upkeep]\n|upkeep\n|\n|t:|1684104829\n|switch|p2b: Lurantis|Lurantis, L50, M|100\/100\n|turn|5\n|\n|t:|1684104843\n|move|p1b: Death Doggo|Play Rough|p2b: Lurantis\n|-damage|p2b: Lurantis|52\/100\n|-boost|p2b: Lurantis|atk|1\n|move|p1a: Boltz|Electroweb|p2b: Lurantis\n|-resisted|p2b: Lurantis\n|-damage|p2b: Lurantis|40\/100\n|-boost|p2b: Lurantis|spe|1\n|move|p2b: Lurantis|Leaf Storm|p1b: Death Doggo\n|-damage|p1b: Death Doggo|0 fnt\n|-boost|p2b: Lurantis|spa|2\n|faint|p1b: Death Doggo\n|\n|-weather|Sandstorm|[upkeep]\n|-damage|p2b: Lurantis|33\/100|[from] Sandstorm\n|upkeep\n|\n|t:|1684104858\n|switch|p1b: Make It Rain|Pelipper, L50, F|100\/100\n|-weather|RainDance|[from] ability: Drizzle|[of] p1b: Make It Rain\n|turn|6\n|\n|t:|1684104871\n|move|p1a: Boltz|Thunder|p2b: Lurantis\n|-resisted|p2b: Lurantis\n|-damage|p2b: Lurantis|10\/100\n|move|p1b: Make It Rain|Hurricane|p2b: Lurantis\n|-supereffective|p2b: Lurantis\n|-damage|p2b: Lurantis|0 fnt\n|faint|p2b: Lurantis\n|\n|win|ScraggypantsYT\n|c|\u2606ScraggypantsYT|GG\n|l|\u2606Pokemonster28\n|j|\u2606Pokemonster28\n|player|p2|Pokemonster28|cynthia-gen4\n","uploadtime":1684104883,"views":6,"p1id":"scraggypantsyt","p2id":"pokemonster28","formatid":"gen9vgc2023regulationc","rating":0,"private":0,"password":""}