{"id":"gen9vgc2023regulationc-1861585487","p1":"Ragerbonsai","p2":"ExcelSheet","format":"[Gen 9] VGC 2023 Regulation C","log":"|j|\u2606Ragerbonsai\n|j|\u2606ExcelSheet\n|t:|1683776925\n|gametype|doubles\n|player|p1|Ragerbonsai|169|\n|player|p2|ExcelSheet|hilbert-wonderlauncher|\n|teamsize|p1|6\n|teamsize|p2|6\n|gen|9\n|tier|[Gen 9] VGC 2023 Regulation C\n|rule|Species Clause: Limit one of each Pok\u00e9mon\n|rule|Item Clause: Limit one of each item\n|clearpoke\n|poke|p1|Corviknight, L50, M|\n|poke|p1|Garchomp, L50, F|\n|poke|p1|Flutter Mane, L50|\n|poke|p1|Chi-Yu, L50|\n|poke|p1|Amoonguss, L50, M|\n|poke|p1|Iron Bundle, L50|\n|poke|p2|Gholdengo, L50|\n|poke|p2|Chi-Yu, L50|\n|poke|p2|Chien-Pao, L50|\n|poke|p2|Baxcalibur, L50, F|\n|poke|p2|Dragonite, L50, M|\n|poke|p2|Roaring Moon, L50|\n|teampreview|4\n|inactive|Battle timer is ON: inactive players will automatically lose when time's up. (requested by ExcelSheet)\nExcelSheet has agreed to open team sheets.\n|c|\u2606Ragerbonsai|Glhf\nRagerbonsai has agreed to open team sheets.\n|c|\u2606ExcelSheet|glhf\n|inactive|ExcelSheet has 60 seconds left.\n|\n|t:|1683776978\n|start\n|switch|p1a: Chi-Yu|Chi-Yu, L50|100\/100\n|switch|p1b: Iron Bundle|Iron Bundle, L50, shiny|100\/100\n|switch|p2a: Dragonite|Dragonite, L50, M|100\/100\n|switch|p2b: Gholdengo|Gholdengo, L50|100\/100\n|-ability|p1a: Chi-Yu|Beads of Ruin\n|turn|1\n|\n|t:|1683776997\n|-terastallize|p2a: Dragonite|Normal\n|move|p1b: Iron Bundle|Protect|p1b: Iron Bundle\n|-singleturn|p1b: Iron Bundle|Protect\n|move|p1a: Chi-Yu|Protect|p1a: Chi-Yu\n|-singleturn|p1a: Chi-Yu|Protect\n|move|p2a: Dragonite|Extreme Speed|p1a: Chi-Yu\n|-activate|p1a: Chi-Yu|move: Protect\n|move|p2b: Gholdengo|Make It Rain|p1a: Chi-Yu|[spread] \n|-activate|p1a: Chi-Yu|move: Protect\n|-activate|p1b: Iron Bundle|move: Protect\n|\n|upkeep\n|turn|2\n|inactive|Ragerbonsai has 30 seconds left.\n|\n|t:|1683777027\n|move|p2a: Dragonite|Extreme Speed|p1a: Chi-Yu\n|-enditem|p1a: Chi-Yu|Focus Sash\n|-damage|p1a: Chi-Yu|1\/100\n|move|p1b: Iron Bundle|Icy Wind|p2b: Gholdengo|[spread] p2a,p2b\n|-resisted|p2b: Gholdengo\n|-damage|p2a: Dragonite|74\/100\n|-damage|p2b: Gholdengo|87\/100\n|-unboost|p2a: Dragonite|spe|1\n|-unboost|p2b: Gholdengo|spe|1\n|move|p1a: Chi-Yu|Heat Wave|p2b: Gholdengo|[spread] p2a,p2b\n|-supereffective|p2b: Gholdengo\n|-damage|p2a: Dragonite|26\/100\n|-damage|p2b: Gholdengo|0 fnt\n|faint|p2b: Gholdengo\n|\n|upkeep\n|\n|t:|1683777043\n|switch|p2b: Chi-Yu|Chi-Yu, L50|100\/100\n|-ability|p2b: Chi-Yu|Beads of Ruin\n|turn|3\n|\n|t:|1683777066\n|move|p1a: Chi-Yu|Protect|p1a: Chi-Yu\n|-singleturn|p1a: Chi-Yu|Protect\n|move|p2a: Dragonite|Extreme Speed|p1b: Iron Bundle\n|-damage|p1b: Iron Bundle|25\/100\n|move|p1b: Iron Bundle|Hydro Pump|p2b: Chi-Yu\n|-supereffective|p2b: Chi-Yu\n|-damage|p2b: Chi-Yu|0 fnt\n|faint|p2b: Chi-Yu\n|\n|upkeep\n|\n|t:|1683777075\n|switch|p2b: Baxcalibur|Baxcalibur, L50, F|100\/100\n|turn|4\n|\n|t:|1683777099\n|move|p2a: Dragonite|Extreme Speed|p1b: Iron Bundle\n|-damage|p1b: Iron Bundle|0 fnt\n|faint|p1b: Iron Bundle\n|-end|p1b: Iron Bundle|Quark Drive|[silent]\n|move|p2b: Baxcalibur|Ice Shard|p1a: Chi-Yu\n|-resisted|p1a: Chi-Yu\n|-damage|p1a: Chi-Yu|0 fnt\n|faint|p1a: Chi-Yu\n|\n|upkeep\n|\n|t:|1683777106\n|switch|p1b: Iron Yata|Corviknight, L50, M, shiny|100\/100\n|switch|p1a: \u30ac\u30d6\u30ea\u30a2\u30b9|Garchomp, L50, F, shiny|100\/100\n|turn|5\n|\n|t:|1683777130\n|-terastallize|p1a: \u30ac\u30d6\u30ea\u30a2\u30b9|Fire\n|move|p2a: Dragonite|Extreme Speed|p1a: \u30ac\u30d6\u30ea\u30a2\u30b9\n|-damage|p1a: \u30ac\u30d6\u30ea\u30a2\u30b9|28\/100\n|-damage|p2a: Dragonite|14\/100|[from] ability: Rough Skin|[of] p1a: \u30ac\u30d6\u30ea\u30a2\u30b9\n|move|p1a: \u30ac\u30d6\u30ea\u30a2\u30b9|Rock Slide|p2a: Dragonite|[spread] p2a,p2b\n|-supereffective|p2b: Baxcalibur\n|-damage|p2a: Dragonite|0 fnt\n|-damage|p2b: Baxcalibur|65\/100\n|faint|p2a: Dragonite\n|move|p2b: Baxcalibur|Glaive Rush|p1a: \u30ac\u30d6\u30ea\u30a2\u30b9\n|-damage|p1a: \u30ac\u30d6\u30ea\u30a2\u30b9|0 fnt\n|-singlemove|p2b: Baxcalibur|Glaive Rush|[silent]\n|-damage|p2b: Baxcalibur|52\/100|[from] ability: Rough Skin|[of] p1a: \u30ac\u30d6\u30ea\u30a2\u30b9\n|faint|p1a: \u30ac\u30d6\u30ea\u30a2\u30b9\n|move|p1b: Iron Yata|Iron Head|p2b: Baxcalibur\n|-supereffective|p2b: Baxcalibur\n|-damage|p2b: Baxcalibur|0 fnt\n|faint|p2b: Baxcalibur\n|\n|win|Ragerbonsai\n|c|\u2606ExcelSheet|ggs\n|c|\u2606Ragerbonsai|Ggs\n","uploadtime":1683777159,"views":13,"p1id":"ragerbonsai","p2id":"excelsheet","formatid":"gen9vgc2023regulationc","rating":0,"private":0,"password":""}