{"id":"gen9vgc2023regulationc-1861289134","p1":"orochirvb","p2":"xiaoven","format":"[Gen 9] VGC 2023 Regulation C","log":"|j|\u2606orochirvb\n|j|\u2606xiaoven\n|t:|1683742829\n|gametype|doubles\n|player|p1|orochirvb|wallace|1136\n|player|p2|xiaoven|iono|1096\n|teamsize|p1|6\n|teamsize|p2|6\n|gen|9\n|tier|[Gen 9] VGC 2023 Regulation C\n|rated|\n|rule|Species Clause: Limit one of each Pok\u00e9mon\n|rule|Item Clause: Limit one of each item\n|clearpoke\n|poke|p1|Roaring Moon, L50|\n|poke|p1|Arcanine, L50, F|\n|poke|p1|Torkoal, L50, M|\n|poke|p1|Dachsbun, L50, M|\n|poke|p1|Arboliva, L50, F|\n|poke|p1|Gastrodon, L50, M|\n|poke|p2|Glimmora, L50, M|\n|poke|p2|Wo-Chien, L50|\n|poke|p2|Baxcalibur, L50, M|\n|poke|p2|Salamence, L50, M|\n|poke|p2|Great Tusk, L50|\n|poke|p2|Flutter Mane, L50|\n|teampreview|4\n|inactive|Battle timer is ON: inactive players will automatically lose when time's up. (requested by orochirvb)\n|inactive|xiaoven has 60 seconds left.\n|\n|t:|1683742873\n|start\n|switch|p1a: Gastrodon|Gastrodon, L50, M|100\/100\n|switch|p1b: Arcanine|Arcanine, L50, F|100\/100\n|switch|p2a: violencia|Flutter Mane, L50, shiny|100\/100\n|switch|p2b: snail gaming|Wo-Chien, L50|100\/100\n|-ability|p1b: Arcanine|Intimidate|boost\n|-unboost|p2a: violencia|atk|1\n|-unboost|p2b: snail gaming|atk|1\n|-ability|p2b: snail gaming|Tablets of Ruin\n|turn|1\n|\n|t:|1683742891\n|switch|p1a: Torkoal|Torkoal, L50, M|100\/100\n|-weather|SunnyDay|[from] ability: Drought|[of] p1a: Torkoal\n|-activate|p2a: violencia|ability: Protosynthesis\n|-start|p2a: violencia|protosynthesisspe\n|-terastallize|p2b: snail gaming|Poison\n|move|p2a: violencia|Shadow Ball|p1b: Arcanine\n|-damage|p1b: Arcanine|45\/100\n|move|p1b: Arcanine|Snarl|p2a: violencia|[spread] p2a,p2b\n|-crit|p2a: violencia\n|-damage|p2a: violencia|88\/100\n|-damage|p2b: snail gaming|95\/100\n|-unboost|p2a: violencia|spa|1\n|-unboost|p2b: snail gaming|spa|1\n|move|p2b: snail gaming|Leech Seed|p1b: Arcanine\n|-start|p1b: Arcanine|move: Leech Seed\n|\n|-weather|SunnyDay|[upkeep]\n|-heal|p2b: snail gaming|100\/100|[from] item: Leftovers\n|-damage|p1b: Arcanine|33\/100|[from] Leech Seed|[of] p2b: snail gaming\n|upkeep\n|turn|2\n|inactive|orochirvb has 30 seconds left.\n|\n|t:|1683742920\n|-end|p2a: violencia|Protosynthesis|[silent]\n|switch|p2a: tuskothy|Great Tusk, L50, shiny|100\/100\n|-activate|p2a: tuskothy|ability: Protosynthesis\n|-start|p2a: tuskothy|protosynthesisatk\n|switch|p1b: Roaring Moon|Roaring Moon, L50|100\/100\n|-activate|p1b: Roaring Moon|ability: Protosynthesis\n|-start|p1b: Roaring Moon|protosynthesisatk\n|move|p2b: snail gaming|Leech Seed|p1a: Torkoal\n|-start|p1a: Torkoal|move: Leech Seed\n|move|p1a: Torkoal|Stealth Rock|p2a: tuskothy\n|-sidestart|p2: xiaoven|move: Stealth Rock\n|\n|-weather|SunnyDay|[upkeep]\n|-damage|p1a: Torkoal|88\/100|[from] Leech Seed|[of] p2b: snail gaming\n|upkeep\n|turn|3\n|inactive|orochirvb has 30 seconds left.\n|inactive|xiaoven has 30 seconds left.\n|\n|t:|1683742949\n|switch|p1a: Arcanine|Arcanine, L50, F|33\/100\n|-ability|p1a: Arcanine|Intimidate|boost\n|-unboost|p2a: tuskothy|atk|1\n|-unboost|p2b: snail gaming|atk|1\n|-terastallize|p1b: Roaring Moon|Fire\n|move|p2a: tuskothy|Protect|p2a: tuskothy\n|-singleturn|p2a: tuskothy|Protect\n|move|p1b: Roaring Moon|Scale Shot|p2a: tuskothy\n|-activate|p2a: tuskothy|move: Protect\n|move|p2b: snail gaming|Leech Seed|p1b: Roaring Moon\n|-start|p1b: Roaring Moon|move: Leech Seed\n|\n|-weather|SunnyDay|[upkeep]\n|-damage|p1b: Roaring Moon|88\/100|[from] Leech Seed|[of] p2b: snail gaming\n|upkeep\n|turn|4\n|inactive|xiaoven has 30 seconds left.\n|\n|t:|1683742976\n|-end|p1b: Roaring Moon|Protosynthesis|[silent]\n|switch|p1b: Gastrodon|Gastrodon, L50, M|100\/100\n|move|p1a: Arcanine|Will-O-Wisp|p2a: tuskothy\n|-status|p2a: tuskothy|brn\n|move|p2a: tuskothy|Headlong Rush|p1b: Gastrodon\n|-damage|p1b: Gastrodon|71\/100\n|-unboost|p2a: tuskothy|def|1\n|-unboost|p2a: tuskothy|spd|1\n|-damage|p2a: tuskothy|84\/100 brn|[from] item: Rocky Helmet|[of] p1b: Gastrodon\n|-damage|p2a: tuskothy|74\/100 brn|[from] item: Life Orb\n|move|p2b: snail gaming|Leech Seed|p1a: Arcanine\n|-start|p1a: Arcanine|move: Leech Seed\n|\n|-weather|SunnyDay|[upkeep]\n|-damage|p1a: Arcanine|21\/100|[from] Leech Seed|[of] p2b: snail gaming\n|-damage|p2a: tuskothy|68\/100 brn|[from] brn\n|upkeep\n|turn|5\n|\n|t:|1683742995\n|switch|p1a: Torkoal|Torkoal, L50, M|88\/100\n|-end|p2a: tuskothy|Protosynthesis|[silent]\n|switch|p2a: >dies|Glimmora, L50, M, shiny|100\/100\n|-damage|p2a: >dies|88\/100|[from] Stealth Rock\n|move|p2b: snail gaming|Leech Seed|p1b: Gastrodon\n|-start|p1b: Gastrodon|move: Leech Seed\n|move|p1b: Gastrodon|Earth Power|p2a: >dies\n|-supereffective|p2a: >dies\n|-damage|p2a: >dies|0 fnt\n|faint|p2a: >dies\n|\n|-weather|SunnyDay|[upkeep]\n|-damage|p1b: Gastrodon|59\/100|[from] Leech Seed|[of] p2b: snail gaming\n|upkeep\n|\n|t:|1683743002\n|switch|p2a: violencia|Flutter Mane, L50, shiny|88\/100\n|-damage|p2a: violencia|76\/100|[from] Stealth Rock\n|-activate|p2a: violencia|ability: Protosynthesis\n|-start|p2a: violencia|protosynthesisspe\n|turn|6\n|\n|t:|1683743019\n|move|p2a: violencia|Dazzling Gleam|p1a: Torkoal|[spread] p1a,p1b\n|-resisted|p1a: Torkoal\n|-damage|p1a: Torkoal|63\/100\n|-damage|p1b: Gastrodon|27\/100\n|move|p2b: snail gaming|Leech Seed|p1a: Torkoal\n|-start|p1a: Torkoal|move: Leech Seed\n|move|p1b: Gastrodon|Recover|p1b: Gastrodon\n|-heal|p1b: Gastrodon|77\/100\n|move|p1a: Torkoal|Lava Plume|p2b: snail gaming|[spread] p1b,p2a,p2b\n|-resisted|p1b: Gastrodon\n|-damage|p1b: Gastrodon|67\/100\n|-damage|p2a: violencia|48\/100\n|-damage|p2b: snail gaming|83\/100\n|\n|-weather|SunnyDay|[upkeep]\n|-heal|p2b: snail gaming|89\/100|[from] item: Leftovers\n|-damage|p1b: Gastrodon|54\/100|[from] Leech Seed|[of] p2b: snail gaming\n|-heal|p2b: snail gaming|100\/100|[silent]\n|-damage|p1a: Torkoal|50\/100|[from] Leech Seed|[of] p2b: snail gaming\n|upkeep\n|turn|7\n|\n|t:|1683743040\n|switch|p1b: Arcanine|Arcanine, L50, F|21\/100\n|-ability|p1b: Arcanine|Intimidate|boost\n|-unboost|p2a: violencia|atk|1\n|-unboost|p2b: snail gaming|atk|1\n|move|p1a: Torkoal|Protect|p1a: Torkoal\n|-singleturn|p1a: Torkoal|Protect\n|move|p2a: violencia|Dazzling Gleam|p1a: Torkoal|[spread] p1b\n|-activate|p1a: Torkoal|move: Protect\n|-resisted|p1b: Arcanine\n|-damage|p1b: Arcanine|1\/100\n|move|p2b: snail gaming|Pollen Puff|p2a: violencia\n|-heal|p2a: violencia|97\/100\n|\n|-weather|SunnyDay|[upkeep]\n|-damage|p1a: Torkoal|38\/100|[from] Leech Seed|[of] p2b: snail gaming\n|upkeep\n|turn|8\n|\n|t:|1683743061\n|switch|p1a: Gastrodon|Gastrodon, L50, M|54\/100\n|move|p2a: violencia|Dazzling Gleam|p1b: Arcanine|[spread] p1a,p1b\n|-resisted|p1b: Arcanine\n|-damage|p1a: Gastrodon|17\/100\n|-damage|p1b: Arcanine|0 fnt\n|faint|p1b: Arcanine\n|move|p2b: snail gaming|Pollen Puff|p1a: Gastrodon\n|-damage|p1a: Gastrodon|7\/100\n|\n|-weather|none\n|-end|p2a: violencia|Protosynthesis\n|upkeep\n|\n|t:|1683743073\n|switch|p1b: Roaring Moon|Roaring Moon, L50, tera:Fire|88\/100\n|turn|9\n|\n|t:|1683743098\n|-end|p2a: violencia|Protosynthesis|[silent]\n|switch|p2a: tuskothy|Great Tusk, L50, shiny|68\/100 brn\n|-damage|p2a: tuskothy|66\/100 brn|[from] Stealth Rock\n|move|p1b: Roaring Moon|Earthquake|p2a: tuskothy|[spread] p1a,p2a,p2b\n|-supereffective|p2b: snail gaming\n|-damage|p1a: Gastrodon|0 fnt\n|-damage|p2a: tuskothy|51\/100 brn\n|-damage|p2b: snail gaming|64\/100\n|faint|p1a: Gastrodon\n|move|p2b: snail gaming|Leech Seed|p1b: Roaring Moon|[miss]\n|-miss|p2b: snail gaming|p1b: Roaring Moon\n|\n|-heal|p2b: snail gaming|70\/100|[from] item: Leftovers\n|-damage|p2a: tuskothy|45\/100 brn|[from] brn\n|upkeep\n|\n|t:|1683743111\n|switch|p1a: Torkoal|Torkoal, L50, M|38\/100\n|-weather|SunnyDay|[from] ability: Drought|[of] p1a: Torkoal\n|-activate|p1b: Roaring Moon|ability: Protosynthesis\n|-start|p1b: Roaring Moon|protosynthesisatk\n|-activate|p2a: tuskothy|ability: Protosynthesis\n|-start|p2a: tuskothy|protosynthesisatk\n|turn|10\n|\n|t:|1683743130\n|move|p1a: Torkoal|Protect|p1a: Torkoal\n|-singleturn|p1a: Torkoal|Protect\n|move|p1b: Roaring Moon|Scale Shot|p2b: snail gaming\n|-damage|p2b: snail gaming|58\/100\n|-damage|p2b: snail gaming|46\/100\n|-damage|p2b: snail gaming|33\/100\n|-damage|p2b: snail gaming|22\/100\n|-hitcount|p2b: snail gaming|4\n|-unboost|p1b: Roaring Moon|def|1\n|-boost|p1b: Roaring Moon|spe|1\n|move|p2a: tuskothy|Headlong Rush|p1b: Roaring Moon\n|-supereffective|p1b: Roaring Moon\n|-damage|p1b: Roaring Moon|0 fnt\n|-unboost|p2a: tuskothy|def|1\n|-unboost|p2a: tuskothy|spd|1\n|faint|p1b: Roaring Moon\n|-end|p1b: Roaring Moon|Protosynthesis|[silent]\n|-damage|p2a: tuskothy|35\/100 brn|[from] item: Life Orb\n|move|p2b: snail gaming|Leech Seed|p1a: Torkoal\n|-activate|p1a: Torkoal|move: Protect\n|\n|-weather|SunnyDay|[upkeep]\n|-heal|p2b: snail gaming|28\/100|[from] item: Leftovers\n|-damage|p2a: tuskothy|29\/100 brn|[from] brn\n|upkeep\n|turn|11\n|\n|t:|1683743152\n|move|p2b: snail gaming|Protect|p2b: snail gaming\n|-singleturn|p2b: snail gaming|Protect\n|move|p2a: tuskothy|Headlong Rush|p1a: Torkoal\n|-supereffective|p1a: Torkoal\n|-damage|p1a: Torkoal|0 fnt\n|-unboost|p2a: tuskothy|def|1\n|-unboost|p2a: tuskothy|spd|1\n|faint|p1a: Torkoal\n|-damage|p2a: tuskothy|19\/100 brn|[from] item: Life Orb\n|\n|win|xiaoven\n|raw|orochirvb's rating: 1136 → 1108<\/strong> (-28 for losing)\n|raw|xiaoven's rating: 1096 → 1125<\/strong> (+29 for winning)\n|l|\u2606orochirvb\n","uploadtime":1683743163,"views":14,"p1id":"orochirvb","p2id":"xiaoven","formatid":"gen9vgc2023regulationc","rating":1108,"private":0,"password":""}