{"id":"gen9vgc2023regulationc-1862484788","p1":"onirico_11","p2":"PiuPiuMOOD","format":"[Gen 9] VGC 2023 Regulation C","log":"|j|\u2606onirico_11\n|j|\u2606PiuPiuMOOD\n|t:|1683892910\n|gametype|doubles\n|player|p1|onirico_11|alder|1361\n|player|p2|PiuPiuMOOD|101|1454\n|teamsize|p1|6\n|teamsize|p2|6\n|gen|9\n|tier|[Gen 9] VGC 2023 Regulation C\n|rated|\n|rule|Species Clause: Limit one of each Pok\u00e9mon\n|rule|Item Clause: Limit one of each item\n|clearpoke\n|poke|p1|Scream Tail, L50|\n|poke|p1|Flutter Mane, L50|\n|poke|p1|Chi-Yu, L50|\n|poke|p1|Garchomp, L50, F|\n|poke|p1|Gyarados, L50, M|\n|poke|p1|Kingambit, L50, M|\n|poke|p2|Dondozo, L50, M|\n|poke|p2|Tatsugiri, L50, F|\n|poke|p2|Iron Hands, L50|\n|poke|p2|Flutter Mane, L50|\n|poke|p2|Chi-Yu, L50|\n|poke|p2|Dragonite, L50, M|\n|teampreview|4\nPiuPiuMOOD has agreed to open team sheets.\n|inactive|Battle timer is ON: inactive players will automatically lose when time's up. (requested by PiuPiuMOOD)\n|inactive|onirico_11 has 60 seconds left.\n|\n|t:|1683892965\n|start\n|switch|p1a: Flutter Mane|Flutter Mane, L50|100\/100\n|switch|p1b: Chi-Yu|Chi-Yu, L50|100\/100\n|switch|p2a: Flutter Mane|Flutter Mane, L50|100\/100\n|switch|p2b: Chi-Yu|Chi-Yu, L50|100\/100\n|-ability|p1b: Chi-Yu|Beads of Ruin\n|-ability|p2b: Chi-Yu|Beads of Ruin\n|turn|1\n|inactive|PiuPiuMOOD has 30 seconds left.\n|\n|t:|1683892998\n|move|p1b: Chi-Yu|Dark Pulse|p2b: Chi-Yu\n|-resisted|p2b: Chi-Yu\n|-damage|p2b: Chi-Yu|73\/100\n|move|p2a: Flutter Mane|Moonblast|p1a: Flutter Mane\n|-damage|p1a: Flutter Mane|19\/100\n|move|p1a: Flutter Mane|Power Gem|p2b: Chi-Yu\n|-supereffective|p2b: Chi-Yu\n|-damage|p2b: Chi-Yu|0 fnt\n|faint|p2b: Chi-Yu\n|\n|upkeep\n|\n|t:|1683893012\n|switch|p2b: Dragonite|Dragonite, L50, M, shiny|100\/100\n|turn|2\n|\n|t:|1683893023\n|-end|p1a: Flutter Mane|Protosynthesis|[silent]\n|switch|p1a: Gyarados|Gyarados, L50, M|100\/100\n|-ability|p1a: Gyarados|Intimidate|boost\n|-unboost|p2a: Flutter Mane|atk|1\n|-unboost|p2b: Dragonite|atk|1\n|-terastallize|p2b: Dragonite|Normal\n|move|p2b: Dragonite|Extreme Speed|p1b: Chi-Yu\n|-damage|p1b: Chi-Yu|33\/100\n|move|p1b: Chi-Yu|Dark Pulse|p2a: Flutter Mane\n|-damage|p2a: Flutter Mane|34\/100\n|move|p2a: Flutter Mane|Moonblast|p1a: Gyarados\n|-damage|p1a: Gyarados|18\/100\n|-enditem|p1a: Gyarados|Sitrus Berry|[eat]\n|-heal|p1a: Gyarados|43\/100|[from] item: Sitrus Berry\n|\n|upkeep\n|turn|3\n|inactive|onirico_11 has 30 seconds left.\n|\n|t:|1683893049\n|move|p2b: Dragonite|Extreme Speed|p1b: Chi-Yu\n|-damage|p1b: Chi-Yu|0 fnt\n|faint|p1b: Chi-Yu\n|move|p2a: Flutter Mane|Moonblast|p1a: Gyarados\n|-damage|p1a: Gyarados|0 fnt\n|faint|p1a: Gyarados\n|\n|upkeep\n|\n|t:|1683893058\n|switch|p1b: Flutter Mane|Flutter Mane, L50|19\/100\n|switch|p1a: Garchomp|Garchomp, L50, F|100\/100\n|turn|4\n|\n|t:|1683893079\n|-terastallize|p1a: Garchomp|Fire\n|move|p2b: Dragonite|Extreme Speed|p1a: Garchomp\n|-damage|p1a: Garchomp|52\/100\n|-damage|p2b: Dragonite|88\/100|[from] ability: Rough Skin|[of] p1a: Garchomp\n|move|p2a: Flutter Mane|Moonblast|p1b: Flutter Mane\n|-damage|p1b: Flutter Mane|0 fnt\n|faint|p1b: Flutter Mane\n|-end|p1b: Flutter Mane|Protosynthesis|[silent]\n|move|p1a: Garchomp|Iron Head|p2a: Flutter Mane\n|-supereffective|p2a: Flutter Mane\n|-damage|p2a: Flutter Mane|0 fnt\n|faint|p2a: Flutter Mane\n|-end|p2a: Flutter Mane|Protosynthesis|[silent]\n|-damage|p1a: Garchomp|42\/100|[from] item: Life Orb\n|\n|upkeep\n|\n|t:|1683893087\n|switch|p2a: Iron Hands|Iron Hands, L50|100\/100\n|turn|5\n|\n|t:|1683893094\n|move|p2a: Iron Hands|Fake Out|p1a: Garchomp\n|-damage|p1a: Garchomp|27\/100\n|-damage|p2a: Iron Hands|88\/100|[from] ability: Rough Skin|[of] p1a: Garchomp\n|move|p2b: Dragonite|Extreme Speed|p1a: Garchomp\n|-damage|p1a: Garchomp|0 fnt\n|-damage|p2b: Dragonite|76\/100|[from] ability: Rough Skin|[of] p1a: Garchomp\n|faint|p1a: Garchomp\n|\n|win|PiuPiuMOOD\n|raw|onirico_11's rating: 1361 → 1346<\/strong> (-15 for losing)\n|raw|PiuPiuMOOD's rating: 1454 → 1469<\/strong> (+15 for winning)\n","uploadtime":1683893100,"views":14,"p1id":"onirico11","p2id":"piupiumood","formatid":"gen9vgc2023regulationc","rating":1346,"private":0,"password":""}