{"id":"gen9vgc2023regulationc-1863634833","p1":"Your_Shinigami98","p2":"Ace98121212","format":"[Gen 9] VGC 2023 Regulation C","log":"|j|\u2606Your_Shinigami98\n|j|\u2606Ace98121212\n|t:|1684048119\n|gametype|doubles\n|player|p1|Your_Shinigami98|170|\n|player|p2|Ace98121212|102|\n|teamsize|p1|6\n|teamsize|p2|6\n|gen|9\n|tier|[Gen 9] VGC 2023 Regulation C\n|rule|Tera Type Preview: Tera Types are shown at Team Preview\n|rule|Species Clause: Limit one of each Pok\u00e9mon\n|rule|Item Clause: Limit one of each item\n|clearpoke\n|poke|p1|Flutter Mane, L50|\n|poke|p1|Gothitelle, L50, F|\n|poke|p1|Amoonguss, L50, M|\n|poke|p1|Great Tusk, L50|\n|poke|p1|Pawmot, L50, M|\n|poke|p1|Gyarados, L50, M|\n|poke|p2|Torkoal, L50, M|\n|poke|p2|Oranguru, L50, F|\n|poke|p2|Amoonguss, L50, M|\n|poke|p2|Gastrodon, L50, M|\n|poke|p2|Skeledirge, L50, F|\n|poke|p2|Rabsca, L50, F|\n|teampreview|4\n|raw|Your_Shinigami98's Tera Types: \/ \/ \/ \/ \/ \n|raw|Ace98121212's Tera Types: \/ \/ \/ \/ \/ \n|c|\u2606Your_Shinigami98|G2\nYour_Shinigami98 rejected open team sheets.\n|c|\u2606Ace98121212|G2\n|\n|t:|1684048894\n|start\n|switch|p1a: Great Tusk|Great Tusk, L50|100\/100\n|switch|p1b: Gothitelle|Gothitelle, L50, F|100\/100\n|switch|p2a: Rabsca|Rabsca, L50, F|100\/100\n|switch|p2b: Oranguru|Oranguru, L50, F|100\/100\n|turn|1\n|\n|t:|1684048967\n|move|p1a: Great Tusk|Protect|p1a: Great Tusk\n|-singleturn|p1a: Great Tusk|Protect\n|move|p2b: Oranguru|Protect|p2b: Oranguru\n|-singleturn|p2b: Oranguru|Protect\n|move|p1b: Gothitelle|Fake Out|p2b: Oranguru\n|-activate|p2b: Oranguru|move: Protect\n|move|p2a: Rabsca|Psychic|p1a: Great Tusk\n|-activate|p1a: Great Tusk|move: Protect\n|\n|upkeep\n|turn|2\n|\n|t:|1684048981\n|-terastallize|p1a: Great Tusk|Ground\n|move|p1b: Gothitelle|Protect|p1b: Gothitelle\n|-singleturn|p1b: Gothitelle|Protect\n|move|p1a: Great Tusk|Earthquake|p2b: Oranguru|[spread] p2a,p2b\n|-activate|p1b: Gothitelle|move: Protect\n|-resisted|p2a: Rabsca\n|-damage|p2a: Rabsca|68\/100\n|-damage|p2b: Oranguru|47\/100\n|move|p2a: Rabsca|Psychic|p1a: Great Tusk\n|-crit|p1a: Great Tusk\n|-damage|p1a: Great Tusk|0 fnt\n|faint|p1a: Great Tusk\n|-end|p1a: Great Tusk|Protosynthesis|[silent]\n|move|p2b: Oranguru|Trick Room|p2b: Oranguru\n|-fieldstart|move: Trick Room|[of] p2b: Oranguru\n|\n|-heal|p2b: Oranguru|53\/100|[from] item: Leftovers\n|upkeep\n|\n|t:|1684048997\n|switch|p1a: Amoonguss|Amoonguss, L50, M|100\/100\n|turn|3\n|\n|t:|1684049035\n|move|p1a: Amoonguss|Spore|p2a: Rabsca\n|-status|p2a: Rabsca|slp|[from] move: Spore\n|move|p2b: Oranguru|Instruct|p2a: Rabsca\n|-singleturn|p2a: Rabsca|move: Instruct|[of] p2b: Oranguru\n|cant|p2a: Rabsca|slp\n|-curestatus|p2a: Rabsca|slp|[msg]\n|move|p2a: Rabsca|Bug Buzz|p1b: Gothitelle\n|-supereffective|p1b: Gothitelle\n|-damage|p1b: Gothitelle|24\/100\n|-enditem|p1b: Gothitelle|Sitrus Berry|[eat]\n|-heal|p1b: Gothitelle|49\/100|[from] item: Sitrus Berry\n|move|p1b: Gothitelle|Trick Room|p1b: Gothitelle\n|-fieldend|move: Trick Room\n|\n|-heal|p2b: Oranguru|58\/100|[from] item: Leftovers\n|upkeep\n|turn|4\n|\n|t:|1684049069\n|switch|p1b: Flutter Mane|Flutter Mane, L50|100\/100\n|move|p1a: Amoonguss|Rage Powder|p1a: Amoonguss\n|-singleturn|p1a: Amoonguss|move: Rage Powder\n|move|p2a: Rabsca|Bug Buzz|p1a: Amoonguss\n|-damage|p1a: Amoonguss|57\/100\n|move|p2b: Oranguru|Trick Room|p2b: Oranguru\n|-fieldstart|move: Trick Room|[of] p2b: Oranguru\n|\n|-heal|p2b: Oranguru|64\/100|[from] item: Leftovers\n|upkeep\n|turn|5\n|\n|t:|1684049091\n|switch|p2a: Torkoal|Torkoal, L50, M|100\/100\n|-weather|SunnyDay|[from] ability: Drought|[of] p2a: Torkoal\n|-activate|p1b: Flutter Mane|ability: Protosynthesis\n|-start|p1b: Flutter Mane|protosynthesisspa\n|move|p2b: Oranguru|Protect|p2b: Oranguru\n|-singleturn|p2b: Oranguru|Protect\n|move|p1a: Amoonguss|Spore|p2a: Torkoal\n|-status|p2a: Torkoal|slp|[from] move: Spore\n|move|p1b: Flutter Mane|Shadow Ball|p2a: Torkoal\n|-damage|p2a: Torkoal|20\/100 slp\n|-unboost|p2a: Torkoal|spd|1\n|\n|-weather|SunnyDay|[upkeep]\n|-heal|p2b: Oranguru|70\/100|[from] item: Leftovers\n|upkeep\n|turn|6\n|\n|t:|1684049131\n|cant|p2a: Torkoal|slp\n|move|p2b: Oranguru|Protect||[still]\n|-fail|p2b: Oranguru\n|move|p1a: Amoonguss|Spore|p2b: Oranguru\n|-status|p2b: Oranguru|slp|[from] move: Spore\n|move|p1b: Flutter Mane|Shadow Ball|p2a: Torkoal\n|-damage|p2a: Torkoal|0 fnt\n|faint|p2a: Torkoal\n|\n|-weather|SunnyDay|[upkeep]\n|-heal|p2b: Oranguru|76\/100 slp|[from] item: Leftovers\n|upkeep\n|\n|t:|1684049146\n|switch|p2a: Skeledirge|Skeledirge, L50, F|100\/100\n|turn|7\n|\n|t:|1684049159\n|-terastallize|p2a: Skeledirge|Fairy\n|move|p1a: Amoonguss|Spore|p2a: Skeledirge\n|-status|p2a: Skeledirge|slp|[from] move: Spore\n|cant|p2b: Oranguru|slp\n|cant|p2a: Skeledirge|slp\n|move|p1b: Flutter Mane|Shadow Ball|p2a: Skeledirge\n|-damage|p2a: Skeledirge|30\/100 slp\n|\n|-weather|SunnyDay|[upkeep]\n|-heal|p2b: Oranguru|82\/100 slp|[from] item: Leftovers\n|upkeep\n|turn|8\n|\n|t:|1684049186\n|move|p1a: Amoonguss|Rage Powder|p1a: Amoonguss\n|-singleturn|p1a: Amoonguss|move: Rage Powder\n|cant|p2b: Oranguru|slp\n|cant|p2a: Skeledirge|slp\n|move|p1b: Flutter Mane|Dazzling Gleam|p2a: Skeledirge|[spread] p2a,p2b\n|-damage|p2a: Skeledirge|0 fnt\n|-damage|p2b: Oranguru|53\/100 slp\n|faint|p2a: Skeledirge\n|\n|-weather|SunnyDay|[upkeep]\n|-heal|p2b: Oranguru|59\/100 slp|[from] item: Leftovers\n|-fieldend|move: Trick Room\n|upkeep\n|\n|t:|1684049200\n|switch|p2a: Rabsca|Rabsca, L50, F|68\/100\n|turn|9\n|\n|t:|1684049216\n|move|p1b: Flutter Mane|Dazzling Gleam|p2b: Oranguru|[spread] p2a,p2b\n|-damage|p2a: Rabsca|23\/100\n|-damage|p2b: Oranguru|27\/100 slp\n|-enditem|p2a: Rabsca|Sitrus Berry|[eat]\n|-heal|p2a: Rabsca|48\/100|[from] item: Sitrus Berry\n|-activate|p2b: Oranguru|ability: Symbiosis|Leftovers|[of] p2a: Rabsca\n|move|p2a: Rabsca|Revival Blessing|p2a: Rabsca\n|\n|t:|1684049225\n|-heal|p2: Skeledirge|50\/100|[from] move: Revival Blessing\n|move|p1a: Amoonguss|Pollen Puff|p2b: Oranguru\n|-supereffective|p2b: Oranguru\n|-damage|p2b: Oranguru|0 fnt\n|faint|p2b: Oranguru\n|\n|-weather|none\n|-end|p1b: Flutter Mane|Protosynthesis\n|-heal|p2a: Rabsca|54\/100|[from] item: Leftovers\n|upkeep\n|\n|t:|1684049237\n|switch|p2b: Skeledirge|Skeledirge, L50, F|50\/100\n|turn|10\n|\n|t:|1684049248\n|move|p1a: Amoonguss|Protect|p1a: Amoonguss\n|-singleturn|p1a: Amoonguss|Protect\n|move|p1b: Flutter Mane|Shadow Ball|p2b: Skeledirge\n|-supereffective|p2b: Skeledirge\n|-damage|p2b: Skeledirge|0 fnt\n|faint|p2b: Skeledirge\n|move|p2a: Rabsca|Psychic|p1a: Amoonguss\n|-activate|p1a: Amoonguss|move: Protect\n|\n|-heal|p2a: Rabsca|60\/100|[from] item: Leftovers\n|upkeep\n|turn|11\n|c|\u2606Your_Shinigami98|gg\n|c|\u2606Ace98121212|Th\n|c|\u2606Ace98121212|Gg\n|-message|Ace98121212 forfeited.\n|\n|win|Your_Shinigami98\n|l|\u2606Ace98121212\n","uploadtime":1684049277,"views":6,"p1id":"yourshinigami98","p2id":"ace98121212","formatid":"gen9vgc2023regulationc","rating":0,"private":0,"password":""}