{"id":"gen9vgc2023regulationc-1849215437","p1":"YumeAn5","p2":"Esspecialy","format":"[Gen 9] VGC 2023 Regulation C","log":"|j|\u2606YumeAn5\n|j|\u2606Esspecialy\n|t:|1682173773\n|gametype|doubles\n|player|p1|YumeAn5|tuberf|1286\n|player|p2|Esspecialy|burglar|1318\n|teamsize|p1|6\n|teamsize|p2|6\n|gen|9\n|tier|[Gen 9] VGC 2023 Regulation C\n|rated|\n|rule|Species Clause: Limit one of each Pok\u00e9mon\n|rule|Item Clause: Limit one of each item\n|clearpoke\n|poke|p1|Arcanine, L50, M|\n|poke|p1|Flutter Mane, L50|\n|poke|p1|Amoonguss, L50, M|\n|poke|p1|Ting-Lu, L50|\n|poke|p1|Lilligant, L50, F|\n|poke|p1|Torkoal, L50, M|\n|poke|p2|Wo-Chien, L50|\n|poke|p2|Chi-Yu, L50|\n|poke|p2|Gholdengo, L50|\n|poke|p2|Maushold, L50|\n|poke|p2|Chien-Pao, L50|\n|poke|p2|Dragonite, L50, M|\n|teampreview|4\n|inactive|Battle timer is ON: inactive players will automatically lose when time's up. (requested by Esspecialy)\n|\n|t:|1682173796\n|start\n|switch|p1a: $DOGE|Arcanine, L50, M|100\/100\n|switch|p1b: Una de bravas|Flutter Mane, L50|100\/100\n|switch|p2a: Chien-Poo|Chien-Pao, L50|100\/100\n|switch|p2b: Salamance|Dragonite, L50, M, shiny|100\/100\n|-ability|p2a: Chien-Poo|Sword of Ruin\n|-ability|p1a: $DOGE|Intimidate|boost\n|-unboost|p2a: Chien-Poo|atk|1\n|-unboost|p2b: Salamance|atk|1\n|turn|1\n|\n|t:|1682173819\n|-end|p1b: Una de bravas|Protosynthesis|[silent]\n|switch|p1b: Seta|Amoonguss, L50, M|100\/100\n|-terastallize|p2a: Chien-Poo|Dark\n|move|p2a: Chien-Poo|Sucker Punch||[still]\n|-fail|p2a: Chien-Poo\n|move|p2b: Salamance|Aqua Jet|p1b: Seta\n|-resisted|p1b: Seta\n|-damage|p1b: Seta|92\/100\n|move|p1a: $DOGE|Flare Blitz|p2a: Chien-Poo\n|-damage|p2a: Chien-Poo|29\/100\n|-damage|p1a: $DOGE|81\/100|[from] Recoil\n|\n|upkeep\n|turn|2\n|\n|t:|1682173837\n|switch|p2b: Annihilape2|Gholdengo, L50|100\/100\n|move|p2a: Chien-Poo|Ice Spinner|p1b: Seta\n|-supereffective|p1b: Seta\n|-damage|p1b: Seta|25\/100\n|-enditem|p1b: Seta|Sitrus Berry|[eat]\n|-heal|p1b: Seta|50\/100|[from] item: Sitrus Berry\n|move|p1a: $DOGE|Flare Blitz|p2a: Chien-Poo\n|-damage|p2a: Chien-Poo|0 fnt\n|faint|p2a: Chien-Poo\n|-damage|p1a: $DOGE|73\/100|[from] Recoil\n|move|p1b: Seta|Spore|p2b: Annihilape2\n|-immune|p2b: Annihilape2|[from] ability: Good as Gold\n|\n|upkeep\n|\n|t:|1682173845\n|switch|p2a: Mausmaus|Maushold, L50|100\/100\n|turn|3\n|inactive|Esspecialy has 30 seconds left.\n|\n|t:|1682173872\n|switch|p1b: Mesa|Ting-Lu, L50|100\/100\n|-ability|p1b: Mesa|Vessel of Ruin\n|move|p2a: Mausmaus|Population Bomb|p1b: Mesa\n|-damage|p1b: Mesa|96\/100\n|-damage|p1b: Mesa|91\/100\n|-damage|p1b: Mesa|87\/100\n|-damage|p1b: Mesa|82\/100\n|-damage|p1b: Mesa|78\/100\n|-damage|p1b: Mesa|74\/100\n|-damage|p1b: Mesa|69\/100\n|-damage|p1b: Mesa|65\/100\n|-damage|p1b: Mesa|60\/100\n|-damage|p1b: Mesa|55\/100\n|-hitcount|p1b: Mesa|10\n|move|p2b: Annihilape2|Shadow Ball|p1a: $DOGE\n|-damage|p1a: $DOGE|35\/100\n|-damage|p2b: Annihilape2|91\/100|[from] item: Life Orb\n|move|p1a: $DOGE|Sunny Day|p1a: $DOGE\n|-weather|SunnyDay\n|\n|-weather|SunnyDay|[upkeep]\n|upkeep\n|turn|4\n|\n|t:|1682173886\n|move|p2a: Mausmaus|Follow Me|p2a: Mausmaus\n|-singleturn|p2a: Mausmaus|move: Follow Me\n|move|p2b: Annihilape2|Nasty Plot|p2b: Annihilape2\n|-boost|p2b: Annihilape2|spa|2\n|move|p1a: $DOGE|Flare Blitz|p2a: Mausmaus\n|-damage|p2a: Mausmaus|0 fnt\n|faint|p2a: Mausmaus\n|-damage|p1a: $DOGE|8\/100|[from] Recoil\n|-enditem|p1a: $DOGE|Aguav Berry|[eat]\n|-heal|p1a: $DOGE|41\/100|[from] item: Aguav Berry\n|move|p1b: Mesa|Snarl|p2b: Annihilape2\n|-supereffective|p2b: Annihilape2\n|-damage|p2b: Annihilape2|65\/100\n|-unboost|p2b: Annihilape2|spa|1\n|\n|-weather|SunnyDay|[upkeep]\n|upkeep\n|\n|t:|1682173894\n|switch|p2a: Salamance|Dragonite, L50, M, shiny|100\/100\n|turn|5\n|\n|t:|1682173903\n|move|p2b: Annihilape2|Make It Rain|p1a: $DOGE|[spread] p1a,p1b\n|-resisted|p1a: $DOGE\n|-damage|p1a: $DOGE|8\/100\n|-damage|p1b: Mesa|22\/100\n|-unboost|p2b: Annihilape2|spa|1\n|-damage|p2b: Annihilape2|55\/100|[from] item: Life Orb\n|move|p1a: $DOGE|Flare Blitz|p2b: Annihilape2\n|-supereffective|p2b: Annihilape2\n|-damage|p2b: Annihilape2|0 fnt\n|faint|p2b: Annihilape2\n|-damage|p1a: $DOGE|0 fnt|[from] Recoil\n|faint|p1a: $DOGE\n|move|p2a: Salamance|Outrage|p1b: Mesa\n|-damage|p1b: Mesa|0 fnt\n|faint|p1b: Mesa\n|\n|-weather|SunnyDay|[upkeep]\n|upkeep\n|\n|t:|1682173915\n|switch|p1a: Una de bravas|Flutter Mane, L50|100\/100\n|switch|p1b: Seta|Amoonguss, L50, M|84\/100\n|-activate|p1a: Una de bravas|ability: Protosynthesis\n|-start|p1a: Una de bravas|protosynthesisspa\n|turn|6\n|\n|t:|1682173920\n|-terastallize|p1a: Una de bravas|Fairy\n|move|p1b: Seta|Rage Powder|p1b: Seta\n|-singleturn|p1b: Seta|move: Rage Powder\n|move|p1a: Una de bravas|Moonblast|p2a: Salamance\n|-supereffective|p2a: Salamance\n|-damage|p2a: Salamance|0 fnt\n|faint|p2a: Salamance\n|\n|win|YumeAn5\n|raw|YumeAn5's rating: 1286 → 1313<\/strong> (+27 for winning)\n|raw|Esspecialy's rating: 1318 → 1296<\/strong> (-22 for losing)\n","uploadtime":1682173926,"views":13,"p1id":"yumean5","p2id":"esspecialy","formatid":"gen9vgc2023regulationc","rating":1296,"private":0,"password":""}