{"id":"gen9vgc2023regulationc-1854182614","p1":"Raymond935","p2":"Samax2599","format":"[Gen 9] VGC 2023 Regulation C","log":"|j|\u2606Raymond935\n|j|\u2606Samax2599\n|t:|1682780797\n|gametype|doubles\n|player|p1|Raymond935|169|\n|player|p2|Samax2599|102|\n|teamsize|p1|6\n|teamsize|p2|6\n|gen|9\n|tier|[Gen 9] VGC 2023 Regulation C\n|rule|Species Clause: Limit one of each Pok\u00e9mon\n|rule|Item Clause: Limit one of each item\n|clearpoke\n|poke|p1|Iron Treads, L50|\n|poke|p1|Wigglytuff, L50, F|\n|poke|p1|Dragonite, L50, M|\n|poke|p1|Chien-Pao, L50|\n|poke|p1|Ceruledge, L50, F|\n|poke|p1|Slowbro, L50, F|\n|poke|p2|Medicham, L50, F|\n|poke|p2|Gengar, L50, F|\n|poke|p2|Arcanine, L50, F|\n|poke|p2|Roaring Moon, L50|\n|poke|p2|Sylveon, L50, F|\n|poke|p2|Scatterbug, L50, F|\n|teampreview|4\nRaymond935 rejected open team sheets.\n|c|\u2606Samax2599|g2\n|j| Heaven64\n|c|\u2606Raymond935|Gl gl\n|c|\u2606Samax2599|glhf\n|j| sucabaVGC\n|\n|t:|1682781376\n|start\n|switch|p1a: Chien-Pao|Chien-Pao, L50|100\/100\n|switch|p1b: Iron Treads|Iron Treads, L50|100\/100\n|switch|p2a: Ty Lee|Medicham, L50, F|100\/100\n|switch|p2b: Yue|Roaring Moon, L50|100\/100\n|-ability|p1a: Chien-Pao|Sword of Ruin\n|-enditem|p1b: Iron Treads|Booster Energy\n|-activate|p1b: Iron Treads|ability: Quark Drive|[fromitem]\n|-start|p1b: Iron Treads|quarkdrivespe\n|-enditem|p2b: Yue|Booster Energy\n|-activate|p2b: Yue|ability: Protosynthesis|[fromitem]\n|-start|p2b: Yue|protosynthesisatk\n|turn|1\n|\n|t:|1682781411\n|move|p1b: Iron Treads|Protect|p1b: Iron Treads\n|-singleturn|p1b: Iron Treads|Protect\n|move|p1a: Chien-Pao|Protect|p1a: Chien-Pao\n|-singleturn|p1a: Chien-Pao|Protect\n|move|p2a: Ty Lee|Fake Out|p1a: Chien-Pao\n|-activate|p1a: Chien-Pao|move: Protect\n|move|p2b: Yue|Tailwind|p2b: Yue\n|-sidestart|p2: Samax2599|move: Tailwind\n|\n|upkeep\n|turn|2\n|\n|t:|1682781568\n|-terastallize|p2b: Yue|Ground\n|move|p1a: Chien-Pao|Ice Shard|p2b: Yue\n|-supereffective|p2b: Yue\n|-damage|p2b: Yue|33\/100\n|move|p2b: Yue|Earthquake|p1b: Iron Treads|[spread] p2a,p1a,p1b\n|-supereffective|p1b: Iron Treads\n|-crit|p1b: Iron Treads\n|-damage|p2a: Ty Lee|0 fnt\n|-damage|p1a: Chien-Pao|33\/100\n|-damage|p1b: Iron Treads|0 fnt\n|faint|p2a: Ty Lee\n|faint|p1b: Iron Treads\n|-end|p1b: Iron Treads|Quark Drive|[silent]\n|\n|upkeep\n|\n|t:|1682781707\n|switch|p1b: Wigglytuff|Wigglytuff, L50, F|100\/100\n|switch|p2a: SECRET TUNNEL|Sylveon, L50, F|100\/100\n|turn|3\n|c|\u2606Raymond935|SECRET TUNNEL\n|c|\u2606Raymond935|Through the mountian\n|\n|t:|1682781771\n|-end|p2b: Yue|Protosynthesis|[silent]\n|switch|p2b: Iroh|Arcanine, L50, F|100\/100\n|-ability|p2b: Iroh|Intimidate|boost\n|-fail|p1a: Chien-Pao|unboost|[from] item: Clear Amulet|[of] p1a: Chien-Pao\n|-unboost|p1b: Wigglytuff|atk|1\n|-ability|p1b: Wigglytuff|Competitive|boost\n|-boost|p1b: Wigglytuff|spa|2\n|move|p2a: SECRET TUNNEL|Hyper Voice|p1a: Chien-Pao|[spread] p1a,p1b\n|-supereffective|p1a: Chien-Pao\n|-damage|p1a: Chien-Pao|0 fnt\n|-damage|p1b: Wigglytuff|54\/100\n|faint|p1a: Chien-Pao\n|-enditem|p2a: SECRET TUNNEL|Throat Spray\n|-boost|p2a: SECRET TUNNEL|spa|1|[from] item: Throat Spray\n|move|p1b: Wigglytuff|Dazzling Gleam|p2a: SECRET TUNNEL|[spread] p2a,p2b\n|-resisted|p2b: Iroh\n|-damage|p2a: SECRET TUNNEL|46\/100\n|-damage|p2b: Iroh|61\/100\n|-damage|p1b: Wigglytuff|44\/100|[from] item: Life Orb\n|\n|upkeep\n|\n|t:|1682781785\n|switch|p1a: Ceruledge|Ceruledge, L50, F|100\/100\n|turn|4\n|j| smsy\n|\n|t:|1682781965\n|move|p1b: Wigglytuff|Protect|p1b: Wigglytuff\n|-singleturn|p1b: Wigglytuff|Protect\n|move|p1a: Ceruledge|Shadow Sneak|p2a: SECRET TUNNEL\n|-damage|p2a: SECRET TUNNEL|8\/100\n|move|p2b: Iroh|Flare Blitz|p1b: Wigglytuff\n|-activate|p1b: Wigglytuff|move: Protect\n|move|p2a: SECRET TUNNEL|Shadow Ball|p1a: Ceruledge\n|-supereffective|p1a: Ceruledge\n|-damage|p1a: Ceruledge|0 fnt\n|faint|p1a: Ceruledge\n|\n|-sideend|p2: Samax2599|move: Tailwind\n|upkeep\n|turn|5\n|c|\u2606Raymond935|gg\n|\n|t:|1682781980\n|move|p2b: Iroh|Flare Blitz|p1b: Wigglytuff\n|-damage|p1b: Wigglytuff|0 fnt\n|faint|p1b: Wigglytuff\n|-damage|p2b: Iroh|43\/100|[from] Recoil\n|-enditem|p2b: Iroh|Sitrus Berry|[eat]\n|-heal|p2b: Iroh|68\/100|[from] item: Sitrus Berry\n|\n|win|Samax2599\n|c|\u2606Samax2599|gg\n|l| Heaven64\n|l| smsy\n","uploadtime":1682782029,"views":34,"p1id":"raymond935","p2id":"samax2599","formatid":"gen9vgc2023regulationc","rating":0,"private":0,"password":""}