{"id":"gen9vgc2023regulationc-1845886553","p1":"NickNoName","p2":"DaWoblefet","format":"[Gen 9] VGC 2023 Regulation C","log":"|j|\u2606NickNoName\n|j|\u2606DaWoblefet\n|t:|1681775441\n|gametype|doubles\n|player|p1|NickNoName|101|1291\n|player|p2|DaWoblefet|#dawoblefet|1414\n|teamsize|p1|6\n|teamsize|p2|6\n|gen|9\n|tier|[Gen 9] VGC 2023 Regulation C\n|rated|\n|rule|Species Clause: Limit one of each Pok\u00e9mon\n|rule|Item Clause: Limit one of each item\n|clearpoke\n|poke|p1|Dondozo, L50, M|\n|poke|p1|Tatsugiri, L50, F|\n|poke|p1|Chi-Yu, L50|\n|poke|p1|Flutter Mane, L50|\n|poke|p1|Dragonite, L50, M|\n|poke|p1|Glimmora, L50, M|\n|poke|p2|Arcanine, L50, F|\n|poke|p2|Baxcalibur, L50, F|\n|poke|p2|Flutter Mane, L50|\n|poke|p2|Palafin, L50, F|\n|poke|p2|Amoonguss, L50, F|\n|poke|p2|Ting-Lu, L50|\n|teampreview|4\nDaWoblefet has agreed to open team sheets.\n|\n|t:|1681775512\n|start\n|switch|p1a: Flutter Mane|Flutter Mane, L50|100\/100\n|switch|p1b: Glimmora|Glimmora, L50, M|100\/100\n|switch|p2a: Baxcalibur|Baxcalibur, L50, F|100\/100\n|switch|p2b: Flutter Mane|Flutter Mane, L50, shiny|100\/100\n|-enditem|p1a: Flutter Mane|Booster Energy\n|-activate|p1a: Flutter Mane|ability: Protosynthesis|[fromitem]\n|-start|p1a: Flutter Mane|protosynthesisspe\n|turn|1\n|\n|t:|1681775534\n|-end|p2b: Flutter Mane|Protosynthesis|[silent]\n|switch|p2b: Ting-Lu|Ting-Lu, L50|100\/100\n|-ability|p2b: Ting-Lu|Vessel of Ruin\n|move|p1a: Flutter Mane|Substitute|p1a: Flutter Mane\n|-start|p1a: Flutter Mane|Substitute\n|-damage|p1a: Flutter Mane|76\/100\n|move|p1b: Glimmora|Toxic|p2b: Ting-Lu\n|-status|p2b: Ting-Lu|tox\n|move|p2a: Baxcalibur|Icicle Crash|p1a: Flutter Mane\n|-end|p1a: Flutter Mane|Substitute\n|\n|-damage|p2b: Ting-Lu|94\/100 tox|[from] psn\n|upkeep\n|turn|2\n|\n|t:|1681775562\n|-terastallize|p1a: Flutter Mane|Steel\n|move|p1b: Glimmora|Spiky Shield|p1b: Glimmora\n|-singleturn|p1b: Glimmora|move: Protect\n|move|p1a: Flutter Mane|Hex|p2b: Ting-Lu\n|-resisted|p2b: Ting-Lu\n|-damage|p2b: Ting-Lu|83\/100 tox\n|move|p2a: Baxcalibur|Icicle Crash|p1b: Glimmora\n|-activate|p1b: Glimmora|move: Protect\n|move|p2b: Ting-Lu|Stomping Tantrum|p1b: Glimmora\n|-activate|p1b: Glimmora|move: Protect\n|-damage|p2b: Ting-Lu|71\/100 tox|[from] Spiky Shield|[of] p1b: Glimmora\n|\n|-damage|p2b: Ting-Lu|59\/100 tox|[from] psn\n|upkeep\n|turn|3\n|\n|t:|1681775586\n|move|p1a: Flutter Mane|Protect|p1a: Flutter Mane\n|-singleturn|p1a: Flutter Mane|Protect\n|move|p1b: Glimmora|Toxic|p2a: Baxcalibur\n|-status|p2a: Baxcalibur|tox\n|move|p2a: Baxcalibur|Icicle Crash|p1b: Glimmora\n|-damage|p1b: Glimmora|38\/100\n|-activate|p1b: Glimmora|ability: Toxic Debris\n|-sidestart|p2: DaWoblefet|move: Toxic Spikes\n|move|p2b: Ting-Lu|Stomping Tantrum|p1b: Glimmora\n|-supereffective|p1b: Glimmora\n|-damage|p1b: Glimmora|0 fnt\n|-activate|p1b: Glimmora|ability: Toxic Debris\n|-sidestart|p2: DaWoblefet|move: Toxic Spikes\n|faint|p1b: Glimmora\n|\n|-damage|p2a: Baxcalibur|95\/100 tox|[from] psn\n|-damage|p2b: Ting-Lu|41\/100 tox|[from] psn\n|upkeep\n|\n|t:|1681775599\n|switch|p1b: Dragonite|Dragonite, L50, M|100\/100\n|turn|4\n|\n|t:|1681775620\n|switch|p2b: Amoonguss|Amoonguss, L50, F|100\/100\n|-sideend|p2: DaWoblefet|move: Toxic Spikes|[of] p2b: Amoonguss\n|-terastallize|p2a: Baxcalibur|Poison\n|move|p1b: Dragonite|Extreme Speed|p2a: Baxcalibur\n|-damage|p2a: Baxcalibur|67\/100 tox\n|move|p1a: Flutter Mane|Moonblast|p2b: Amoonguss\n|-resisted|p2b: Amoonguss\n|-damage|p2b: Amoonguss|79\/100\n|move|p2a: Baxcalibur|Icicle Crash|p1b: Dragonite\n|-supereffective|p1b: Dragonite\n|-damage|p1b: Dragonite|2\/100\n|\n|-damage|p2a: Baxcalibur|55\/100 tox|[from] psn\n|upkeep\n|turn|5\n|\n|t:|1681775664\n|move|p2a: Baxcalibur|Ice Shard|p1b: Dragonite\n|-supereffective|p1b: Dragonite\n|-damage|p1b: Dragonite|0 fnt\n|faint|p1b: Dragonite\n|move|p1a: Flutter Mane|Hex|p2a: Baxcalibur\n|-damage|p2a: Baxcalibur|0 fnt\n|faint|p2a: Baxcalibur\n|move|p2b: Amoonguss|Pollen Puff|p2: Baxcalibur|[notarget]\n|-fail|p2b: Amoonguss\n|\n|upkeep\n|\n|t:|1681775671\n|switch|p2a: Flutter Mane|Flutter Mane, L50, shiny|100\/100\n|switch|p1b: Tatsugiri|Tatsugiri, L50, F|100\/100\n|turn|6\n|\n|t:|1681775700\n|move|p1a: Flutter Mane|Protect|p1a: Flutter Mane\n|-singleturn|p1a: Flutter Mane|Protect\n|move|p2b: Amoonguss|Rage Powder|p2b: Amoonguss\n|-singleturn|p2b: Amoonguss|move: Rage Powder\n|move|p2a: Flutter Mane|Dazzling Gleam|p1b: Tatsugiri|[spread] p1b\n|-activate|p1a: Flutter Mane|move: Protect\n|-supereffective|p1b: Tatsugiri\n|-damage|p1b: Tatsugiri|1\/100\n|move|p1b: Tatsugiri|Muddy Water|p2b: Amoonguss|[spread] p2a,p2b\n|-crit|p2a: Flutter Mane\n|-resisted|p2b: Amoonguss\n|-damage|p2a: Flutter Mane|28\/100\n|-damage|p2b: Amoonguss|57\/100\n|\n|upkeep\n|turn|7\n|\n|t:|1681775724\n|move|p2b: Amoonguss|Rage Powder|p2b: Amoonguss\n|-singleturn|p2b: Amoonguss|move: Rage Powder\n|move|p1a: Flutter Mane|Substitute|p1a: Flutter Mane\n|-start|p1a: Flutter Mane|Substitute\n|-damage|p1a: Flutter Mane|51\/100\n|move|p2a: Flutter Mane|Dazzling Gleam|p1b: Tatsugiri|[spread] p1a,p1b\n|-resisted|p1a: Flutter Mane\n|-activate|p1a: Flutter Mane|move: Substitute|[damage]\n|-supereffective|p1b: Tatsugiri\n|-damage|p1b: Tatsugiri|0 fnt\n|faint|p1b: Tatsugiri\n|\n|upkeep\n|turn|8\n|\n|t:|1681775737\n|-end|p2a: Flutter Mane|Protosynthesis|[silent]\n|switch|p2a: Ting-Lu|Ting-Lu, L50|41\/100 tox\n|-ability|p2a: Ting-Lu|Vessel of Ruin\n|move|p1a: Flutter Mane|Moonblast|p2a: Ting-Lu\n|-supereffective|p2a: Ting-Lu\n|-damage|p2a: Ting-Lu|2\/100 tox\n|move|p2b: Amoonguss|Pollen Puff|p2a: Ting-Lu\n|-heal|p2a: Ting-Lu|52\/100 tox\n|\n|-damage|p2a: Ting-Lu|46\/100 tox|[from] psn\n|upkeep\n|turn|9\n|\n|t:|1681775754\n|move|p1a: Flutter Mane|Moonblast|p2a: Ting-Lu\n|-supereffective|p2a: Ting-Lu\n|-damage|p2a: Ting-Lu|12\/100 tox\n|move|p2a: Ting-Lu|Stomping Tantrum|p1a: Flutter Mane\n|-supereffective|p1a: Flutter Mane\n|-crit|p1a: Flutter Mane\n|-end|p1a: Flutter Mane|Substitute\n|move|p2b: Amoonguss|Pollen Puff|p2a: Ting-Lu\n|-heal|p2a: Ting-Lu|62\/100 tox\n|\n|-damage|p2a: Ting-Lu|49\/100 tox|[from] psn\n|upkeep\n|turn|10\n|\n|t:|1681775773\n|move|p1a: Flutter Mane|Moonblast|p2b: Amoonguss\n|-resisted|p2b: Amoonguss\n|-damage|p2b: Amoonguss|41\/100\n|-enditem|p2b: Amoonguss|Sitrus Berry|[eat]\n|-heal|p2b: Amoonguss|66\/100|[from] item: Sitrus Berry\n|move|p2a: Ting-Lu|Stomping Tantrum|p1a: Flutter Mane\n|-supereffective|p1a: Flutter Mane\n|-damage|p1a: Flutter Mane|0 fnt\n|faint|p1a: Flutter Mane\n|-end|p1a: Flutter Mane|Protosynthesis|[silent]\n|\n|win|DaWoblefet\n|raw|NickNoName's rating: 1291 → 1274<\/strong> (-17 for losing)\n|raw|DaWoblefet's rating: 1414 → 1427<\/strong> (+13 for winning)\n|l|\u2606NickNoName\n|c|\u2606DaWoblefet|gg\n|l|\u2606DaWoblefet\n|j|\u2606NickNoName\n|player|p1|NickNoName|101\n|c|\u2606NickNoName|Gg\n","uploadtime":1681775801,"views":8,"p1id":"nicknoname","p2id":"dawoblefet","formatid":"gen9vgc2023regulationc","rating":1274,"private":0,"password":""}