{"id":"gen9vgc2023regulationc-1844907957","p1":"Conf92","p2":"ActualMagister","format":"[Gen 9] VGC 2023 Regulation C","log":"|j|\u2606Conf92\n|j|\u2606ActualMagister\n|t:|1681662887\n|gametype|doubles\n|player|p1|Conf92|170|1099\n|player|p2|ActualMagister|giovanni|1070\n|teamsize|p1|6\n|teamsize|p2|6\n|gen|9\n|tier|[Gen 9] VGC 2023 Regulation C\n|rated|\n|rule|Species Clause: Limit one of each Pok\u00e9mon\n|rule|Item Clause: Limit one of each item\n|clearpoke\n|poke|p1|Palafin, L50, F|\n|poke|p1|Chien-Pao, L50|\n|poke|p1|Flutter Mane, L50|\n|poke|p1|Amoonguss, L50, M|\n|poke|p1|Dragonite, L50, M|\n|poke|p1|Arcanine, L50, M|\n|poke|p2|Tyranitar, L50, F|\n|poke|p2|Gyarados, L50, M|\n|poke|p2|Garganacl, L50, M|\n|poke|p2|Flutter Mane, L50|\n|poke|p2|Glimmora, L50, M|\n|poke|p2|Brute Bonnet, L50|\n|teampreview|4\n|inactive|Battle timer is ON: inactive players will automatically lose when time's up. (requested by ActualMagister)\n|inactive|Conf92 has 60 seconds left.\n|\n|t:|1681662963\n|start\n|switch|p1a: Chien-Pao|Chien-Pao, L50|100\/100\n|switch|p1b: Amoonguss|Amoonguss, L50, M|100\/100\n|switch|p2a: Tyranitar|Tyranitar, L50, F, shiny|100\/100\n|switch|p2b: Glimmora|Glimmora, L50, M, shiny|100\/100\n|-ability|p1a: Chien-Pao|Sword of Ruin\n|-item|p2b: Glimmora|Air Balloon\n|-weather|Sandstorm|[from] ability: Sand Stream|[of] p2a: Tyranitar\n|turn|1\n|inactive|Conf92 has 30 seconds left.\n|inactive|Conf92 has 20 seconds left.\n|inactive|Conf92 has 15 seconds left.\n|inactive|Conf92 has 10 seconds left.\n|\n|t:|1681663010\n|switch|p2a: Flutter Mane|Flutter Mane, L50, shiny|100\/100\n|-enditem|p2a: Flutter Mane|Booster Energy\n|-activate|p2a: Flutter Mane|ability: Protosynthesis|[fromitem]\n|-start|p2a: Flutter Mane|protosynthesisspa\n|move|p1a: Chien-Pao|Protect|p1a: Chien-Pao\n|-singleturn|p1a: Chien-Pao|Protect\n|move|p2b: Glimmora|Reflect|p2b: Glimmora\n|-sidestart|p2: ActualMagister|Reflect\n|move|p1b: Amoonguss|Spore|p2b: Glimmora\n|-status|p2b: Glimmora|slp|[from] move: Spore\n|\n|-weather|Sandstorm|[upkeep]\n|-damage|p1a: Chien-Pao|95\/100|[from] Sandstorm\n|-damage|p2a: Flutter Mane|94\/100|[from] Sandstorm\n|-damage|p1b: Amoonguss|95\/100|[from] Sandstorm\n|upkeep\n|turn|2\n|inactive|Conf92 has 30 seconds left.\n|inactive|ActualMagister has 30 seconds left.\n|\n|t:|1681663039\n|switch|p1a: Dragonite|Dragonite, L50, M|100\/100\n|move|p2a: Flutter Mane|Dazzling Gleam|p1a: Dragonite|[spread] p1a,p1b\n|-supereffective|p1a: Dragonite\n|-resisted|p1b: Amoonguss\n|-damage|p1a: Dragonite|54\/100\n|-damage|p1b: Amoonguss|74\/100\n|cant|p2b: Glimmora|slp\n|move|p1b: Amoonguss|Pollen Puff|p1a: Dragonite\n|-heal|p1a: Dragonite|100\/100\n|\n|-weather|Sandstorm|[upkeep]\n|-damage|p2a: Flutter Mane|88\/100|[from] Sandstorm\n|-damage|p1a: Dragonite|95\/100|[from] Sandstorm\n|-damage|p1b: Amoonguss|68\/100|[from] Sandstorm\n|upkeep\n|turn|3\n|inactive|ActualMagister has 30 seconds left.\n|\n|t:|1681663067\n|switch|p1b: Chien-Pao|Chien-Pao, L50|95\/100\n|-ability|p1b: Chien-Pao|Sword of Ruin\n|move|p2a: Flutter Mane|Protect|p2a: Flutter Mane\n|-singleturn|p2a: Flutter Mane|Protect\n|-curestatus|p2b: Glimmora|slp|[msg]\n|move|p2b: Glimmora|Power Gem|p1a: Dragonite\n|-supereffective|p1a: Dragonite\n|-damage|p1a: Dragonite|9\/100\n|move|p1a: Dragonite|Iron Head|p2a: Flutter Mane\n|-activate|p2a: Flutter Mane|move: Protect\n|\n|-weather|Sandstorm|[upkeep]\n|-damage|p1b: Chien-Pao|89\/100|[from] Sandstorm\n|-damage|p2a: Flutter Mane|82\/100|[from] Sandstorm\n|-damage|p1a: Dragonite|3\/100|[from] Sandstorm\n|upkeep\n|turn|4\n|inactive|Conf92 has 30 seconds left.\n|\n|t:|1681663096\n|switch|p1a: Amoonguss|Amoonguss, L50, M|100\/100\n|move|p1b: Chien-Pao|Throat Chop|p2a: Flutter Mane\n|-crit|p2a: Flutter Mane\n|-damage|p2a: Flutter Mane|0 fnt\n|faint|p2a: Flutter Mane\n|-end|p2a: Flutter Mane|Protosynthesis|[silent]\n|move|p2b: Glimmora|Power Gem|p1b: Chien-Pao\n|-supereffective|p1b: Chien-Pao\n|-damage|p1b: Chien-Pao|0 fnt\n|faint|p1b: Chien-Pao\n|\n|-weather|Sandstorm|[upkeep]\n|-damage|p1a: Amoonguss|95\/100|[from] Sandstorm\n|upkeep\n|\n|t:|1681663108\n|switch|p1b: Flutter Mane|Flutter Mane, L50|100\/100\n|switch|p2a: Garganacl|Garganacl, L50, M, shiny|100\/100\n|-enditem|p1b: Flutter Mane|Booster Energy\n|-activate|p1b: Flutter Mane|ability: Protosynthesis|[fromitem]\n|-start|p1b: Flutter Mane|protosynthesisspe\n|turn|5\n|inactive|Conf92 has 30 seconds left.\n|\n|t:|1681663143\n|move|p1b: Flutter Mane|Shadow Ball|p2b: Glimmora\n|-damage|p2b: Glimmora|61\/100\n|-enditem|p2b: Glimmora|Air Balloon\n|move|p2b: Glimmora|Mortal Spin|p1b: Flutter Mane|[spread] p1a,p1b\n|-damage|p1a: Amoonguss|91\/100\n|-damage|p1b: Flutter Mane|91\/100\n|-status|p1b: Flutter Mane|psn\n|move|p2a: Garganacl|Salt Cure|p1b: Flutter Mane\n|-crit|p1b: Flutter Mane\n|-damage|p1b: Flutter Mane|42\/100 psn\n|-start|p1b: Flutter Mane|Salt Cure\n|move|p1a: Amoonguss|Spore|p2a: Garganacl\n|-immune|p2a: Garganacl|[from] ability: Purifying Salt\n|\n|-weather|none\n|-damage|p1b: Flutter Mane|30\/100 psn|[from] psn\n|-damage|p1b: Flutter Mane|18\/100 psn|[from] Salt Cure\n|-sideend|p2: ActualMagister|Reflect\n|upkeep\n|turn|6\n|inactive|Conf92 has 30 seconds left.\n|\n|t:|1681663171\n|move|p2b: Glimmora|Spiky Shield|p2b: Glimmora\n|-singleturn|p2b: Glimmora|move: Protect\n|move|p1b: Flutter Mane|Energy Ball|p2a: Garganacl\n|-supereffective|p2a: Garganacl\n|-damage|p2a: Garganacl|44\/100\n|move|p2a: Garganacl|Substitute|p2a: Garganacl\n|-start|p2a: Garganacl|Substitute\n|-damage|p2a: Garganacl|20\/100\n|move|p1a: Amoonguss|Spore|p2b: Glimmora\n|-activate|p2b: Glimmora|move: Protect\n|\n|-damage|p1b: Flutter Mane|6\/100 psn|[from] psn\n|-damage|p1b: Flutter Mane|0 fnt|[from] Salt Cure\n|faint|p1b: Flutter Mane\n|-end|p1b: Flutter Mane|Protosynthesis|[silent]\n|upkeep\n|\n|t:|1681663177\n|switch|p1b: Dragonite|Dragonite, L50, M|3\/100\n|turn|7\n|\n|t:|1681663200\n|switch|p2b: Tyranitar|Tyranitar, L50, F, shiny|100\/100\n|-weather|Sandstorm|[from] ability: Sand Stream|[of] p2b: Tyranitar\n|move|p1a: Amoonguss|Rage Powder|p1a: Amoonguss\n|-singleturn|p1a: Amoonguss|move: Rage Powder\n|move|p1b: Dragonite|Outrage|p2b: Tyranitar\n|-damage|p2b: Tyranitar|15\/100\n|move|p2a: Garganacl|Recover|p2a: Garganacl\n|-heal|p2a: Garganacl|70\/100\n|\n|-weather|Sandstorm|[upkeep]\n|-damage|p1b: Dragonite|0 fnt|[from] Sandstorm\n|-damage|p1a: Amoonguss|85\/100|[from] Sandstorm\n|faint|p1b: Dragonite\n|upkeep\n|turn|8\n|-message|Conf92 forfeited.\n|\n|win|ActualMagister\n|raw|Conf92's rating: 1099 → 1072<\/strong> (-27 for losing)\n|raw|ActualMagister's rating: 1070 → 1102<\/strong> (+32 for winning)\n|l|\u2606Conf92\n","uploadtime":1681663346,"views":64,"p1id":"conf92","p2id":"actualmagister","formatid":"gen9vgc2023regulationc","rating":1072,"private":0,"password":""}