{"id":"gen9vgc2023regulationc-1855517701","p1":"QrdeJegoMac","p2":"Terry kloak","format":"[Gen 9] VGC 2023 Regulation C","log":"|j|\u2606QrdeJegoMac\n|j|\u2606Terry kloak\n|t:|1682958498\n|gametype|doubles\n|player|p1|QrdeJegoMac|169|1480\n|player|p2|Terry kloak|gentleman-gen4|1569\n|teamsize|p1|6\n|teamsize|p2|6\n|gen|9\n|tier|[Gen 9] VGC 2023 Regulation C\n|rated|\n|rule|Species Clause: Limit one of each Pok\u00e9mon\n|rule|Item Clause: Limit one of each item\n|clearpoke\n|poke|p1|Murkrow, L50, F|\n|poke|p1|Chi-Yu, L50|\n|poke|p1|Flutter Mane, L50|\n|poke|p1|Great Tusk, L50|\n|poke|p1|Chien-Pao, L50|\n|poke|p1|Corviknight, L50, F|\n|poke|p2|Ceruledge, L50, F|\n|poke|p2|Orthworm, L50, F|\n|poke|p2|Ting-Lu, L50|\n|poke|p2|Dragonite, L50, F|\n|poke|p2|Iron Bundle, L50|\n|poke|p2|Gothitelle, L50, F|\n|teampreview|4\n|inactive|Battle timer is ON: inactive players will automatically lose when time's up. (requested by QrdeJegoMac)\n|\n|t:|1682958527\n|start\n|switch|p1a: Chi-Yu|Chi-Yu, L50|100\/100\n|switch|p1b: Murkrow|Murkrow, L50, F, shiny|100\/100\n|switch|p2a: Ting-Lu|Ting-Lu, L50|100\/100\n|switch|p2b: Dragonite|Dragonite, L50, F|100\/100\n|-ability|p1a: Chi-Yu|Beads of Ruin\n|-ability|p2a: Ting-Lu|Vessel of Ruin\n|turn|1\n|\n|t:|1682958543\n|move|p2b: Dragonite|Protect|p2b: Dragonite\n|-singleturn|p2b: Dragonite|Protect\n|move|p1b: Murkrow|Sunny Day|p1b: Murkrow\n|-weather|SunnyDay\n|move|p1a: Chi-Yu|Heat Wave|p2a: Ting-Lu|[spread] p2a\n|-activate|p2b: Dragonite|move: Protect\n|-damage|p2a: Ting-Lu|67\/100\n|-damage|p1a: Chi-Yu|90\/100|[from] item: Life Orb\n|move|p2a: Ting-Lu|Earthquake|p1a: Chi-Yu|[spread] p1a\n|-activate|p2b: Dragonite|move: Protect\n|-immune|p1b: Murkrow\n|-supereffective|p1a: Chi-Yu\n|-damage|p1a: Chi-Yu|0 fnt\n|faint|p1a: Chi-Yu\n|\n|-weather|SunnyDay|[upkeep]\n|upkeep\n|\n|t:|1682958547\n|switch|p1a: Flutter Mane|Flutter Mane, L50|100\/100\n|-activate|p1a: Flutter Mane|ability: Protosynthesis\n|-start|p1a: Flutter Mane|protosynthesisspa\n|turn|2\n|inactive|QrdeJegoMac has 30 seconds left.\n|\n|t:|1682958573\n|-terastallize|p1a: Flutter Mane|Fairy\n|-terastallize|p2b: Dragonite|Flying\n|move|p1b: Murkrow|Tailwind|p1b: Murkrow\n|-sidestart|p1: QrdeJegoMac|move: Tailwind\n|move|p1a: Flutter Mane|Moonblast|p2a: Ting-Lu\n|-supereffective|p2a: Ting-Lu\n|-damage|p2a: Ting-Lu|0 fnt\n|faint|p2a: Ting-Lu\n|move|p2b: Dragonite|Tera Blast|p1a: Flutter Mane\n|-damage|p1a: Flutter Mane|0 fnt\n|faint|p1a: Flutter Mane\n|-end|p1a: Flutter Mane|Protosynthesis|[silent]\n|\n|-weather|SunnyDay|[upkeep]\n|upkeep\n|\n|t:|1682958588\n|switch|p1a: Corviknight|Corviknight, L50, F|100\/100\n|switch|p2a: Iron Bundle|Iron Bundle, L50|100\/100\n|-enditem|p2a: Iron Bundle|Booster Energy\n|-activate|p2a: Iron Bundle|ability: Quark Drive|[fromitem]\n|-start|p2a: Iron Bundle|quarkdrivespe\n|turn|3\n|\n|t:|1682958600\n|move|p2a: Iron Bundle|Encore|p1b: Murkrow\n|-start|p1b: Murkrow|Encore\n|move|p1b: Murkrow|Tailwind||[still]\n|-fail|p1b: Murkrow\n|move|p1a: Corviknight|Brave Bird|p2a: Iron Bundle\n|-damage|p2a: Iron Bundle|10\/100\n|-damage|p1a: Corviknight|80\/100|[from] Recoil\n|move|p2b: Dragonite|Tera Blast|p1b: Murkrow\n|-damage|p1b: Murkrow|45\/100\n|\n|-weather|SunnyDay|[upkeep]\n|upkeep\n|turn|4\n|\n|t:|1682958622\n|move|p1b: Murkrow|Tailwind||[still]\n|-fail|p1b: Murkrow\n|move|p2a: Iron Bundle|Freeze-Dry|p1a: Corviknight\n|-damage|p1a: Corviknight|41\/100\n|move|p1a: Corviknight|Brave Bird|p2a: Iron Bundle\n|-damage|p2a: Iron Bundle|0 fnt\n|faint|p2a: Iron Bundle\n|-end|p2a: Iron Bundle|Quark Drive|[silent]\n|-damage|p1a: Corviknight|39\/100|[from] Recoil\n|move|p2b: Dragonite|Tera Blast|p1b: Murkrow\n|-damage|p1b: Murkrow|0 fnt\n|faint|p1b: Murkrow\n|\n|-weather|SunnyDay|[upkeep]\n|upkeep\n|\n|t:|1682958638\n|switch|p2a: Ceruledge|Ceruledge, L50, F|100\/100\n|turn|5\n|\n|t:|1682958644\n|move|p2a: Ceruledge|Shadow Sneak|p1a: Corviknight\n|-damage|p1a: Corviknight|21\/100\n|move|p1a: Corviknight|Brave Bird|p2b: Dragonite\n|-damage|p2b: Dragonite|59\/100\n|-damage|p1a: Corviknight|8\/100|[from] Recoil\n|move|p2b: Dragonite|Tera Blast|p1a: Corviknight\n|-resisted|p1a: Corviknight\n|-damage|p1a: Corviknight|0 fnt\n|faint|p1a: Corviknight\n|\n|win|Terry kloak\n|raw|QrdeJegoMac's rating: 1480 → 1465<\/strong> (-15 for losing)\n|raw|Terry kloak's rating: 1569 → 1584<\/strong> (+15 for winning)\n|l|\u2606QrdeJegoMac\n","uploadtime":1682958659,"views":25,"p1id":"qrdejegomac","p2id":"terrykloak","formatid":"gen9vgc2023regulationc","rating":1465,"private":0,"password":""}