{"id":"gen9vgc2023regulationc-1852803176","p1":"henritos22","p2":"Tayekc","format":"[Gen 9] VGC 2023 Regulation C","log":"|j|\u2606henritos22\n|j|\u2606Tayekc\n|t:|1682607611\n|gametype|doubles\n|player|p1|henritos22|170|1046\n|player|p2|Tayekc|hilbert|1049\n|teamsize|p1|6\n|teamsize|p2|6\n|gen|9\n|tier|[Gen 9] VGC 2023 Regulation C\n|rated|\n|rule|Species Clause: Limit one of each Pok\u00e9mon\n|rule|Item Clause: Limit one of each item\n|clearpoke\n|poke|p1|Glimmora, L50, F|\n|poke|p1|Cacturne, L50, F|\n|poke|p1|Banette, L50, F|\n|poke|p1|Braviary, L50, M|\n|poke|p1|Salamence, L50, F|\n|poke|p1|Staraptor, L50, F|\n|poke|p2|Torkoal, L50, F|\n|poke|p2|Lilligant, L50, F|\n|poke|p2|Flutter Mane, L50|\n|poke|p2|Chi-Yu, L50|\n|poke|p2|Dragonite, L50, M|\n|poke|p2|Chien-Pao, L50|\n|teampreview|4\n|inactive|Battle timer is ON: inactive players will automatically lose when time's up. (requested by henritos22)\n|inactive|henritos22 has 60 seconds left.\n|inactive|Tayekc has 60 seconds left.\n|\n|t:|1682607659\n|start\n|switch|p1a: Glimmora|Glimmora, L50, F|100\/100\n|switch|p1b: Cacturne|Cacturne, L50, F|100\/100\n|switch|p2a: Torkoal|Torkoal, L50, F|100\/100\n|switch|p2b: Flutter Mane|Flutter Mane, L50|100\/100\n|-weather|SunnyDay|[from] ability: Drought|[of] p2a: Torkoal\n|-activate|p2b: Flutter Mane|ability: Protosynthesis\n|-start|p2b: Flutter Mane|protosynthesisspa\n|turn|1\n|\n|t:|1682607680\n|-terastallize|p1b: Cacturne|Fire\n|move|p2b: Flutter Mane|Moonblast|p1b: Cacturne\n|-resisted|p1b: Cacturne\n|-damage|p1b: Cacturne|54\/100\n|move|p1a: Glimmora|Earth Power|p2a: Torkoal\n|-supereffective|p2a: Torkoal\n|-damage|p2a: Torkoal|20\/100\n|move|p1b: Cacturne|Venoshock|p2b: Flutter Mane\n|-damage|p2b: Flutter Mane|82\/100\n|move|p2a: Torkoal|Earth Power|p1a: Glimmora\n|-supereffective|p1a: Glimmora\n|-damage|p1a: Glimmora|9\/100\n|\n|-weather|SunnyDay|[upkeep]\n|upkeep\n|turn|2\n|inactive|Tayekc has 30 seconds left.\n|\n|t:|1682607708\n|move|p2b: Flutter Mane|Shadow Ball|p1a: Glimmora\n|-damage|p1a: Glimmora|0 fnt\n|faint|p1a: Glimmora\n|move|p1b: Cacturne|Dark Pulse|p2a: Torkoal\n|-damage|p2a: Torkoal|0 fnt\n|faint|p2a: Torkoal\n|\n|-weather|SunnyDay|[upkeep]\n|upkeep\n|\n|t:|1682607729\n|switch|p1a: Staraptor|Staraptor, L50, F|100\/100\n|switch|p2a: Dragonite|Dragonite, L50, M|100\/100\n|turn|3\n|\n|t:|1682607753\n|move|p1b: Cacturne|Spiky Shield|p1b: Cacturne\n|-singleturn|p1b: Cacturne|move: Protect\n|move|p2b: Flutter Mane|Shadow Ball|p1b: Cacturne\n|-activate|p1b: Cacturne|move: Protect\n|move|p1a: Staraptor|Brave Bird|p2b: Flutter Mane\n|-damage|p2b: Flutter Mane|0 fnt\n|faint|p2b: Flutter Mane\n|-end|p2b: Flutter Mane|Protosynthesis|[silent]\n|-damage|p1a: Staraptor|74\/100|[from] Recoil\n|move|p2a: Dragonite|Tera Blast|p1b: Cacturne\n|-activate|p1b: Cacturne|move: Protect\n|\n|-weather|SunnyDay|[upkeep]\n|upkeep\n|\n|t:|1682607769\n|switch|p2b: Chien-Pao|Chien-Pao, L50|100\/100\n|-ability|p2b: Chien-Pao|Sword of Ruin\n|turn|4\n|\n|t:|1682607783\n|switch|p1a: Banette|Banette, L50, F|100\/100\n|-item|p2a: Dragonite|Lum Berry|[from] ability: Frisk|[of] p1a: Banette|[identify]\n|-item|p2b: Chien-Pao|Focus Sash|[from] ability: Frisk|[of] p1a: Banette|[identify]\n|move|p2b: Chien-Pao|Ice Spinner|p1a: Banette\n|-damage|p1a: Banette|16\/100\n|move|p2a: Dragonite|Tera Blast|p1b: Cacturne\n|-damage|p1b: Cacturne|30\/100\n|move|p1b: Cacturne|Focus Blast|p2b: Chien-Pao\n|-supereffective|p2b: Chien-Pao\n|-enditem|p2b: Chien-Pao|Focus Sash\n|-damage|p2b: Chien-Pao|1\/100\n|\n|-weather|SunnyDay|[upkeep]\n|upkeep\n|turn|5\n|inactive|Tayekc has 30 seconds left.\n|\n|t:|1682607813\n|-terastallize|p2a: Dragonite|Flying\n|move|p2b: Chien-Pao|Sucker Punch|p1a: Banette\n|-supereffective|p1a: Banette\n|-damage|p1a: Banette|0 fnt\n|faint|p1a: Banette\n|move|p2a: Dragonite|Tera Blast|p1b: Cacturne\n|-damage|p1b: Cacturne|0 fnt\n|faint|p1b: Cacturne\n|\n|-weather|none\n|upkeep\n|\n|t:|1682607821\n|switch|p1b: Staraptor|Staraptor, L50, F|74\/100\n|turn|6\n|\n|t:|1682607833\n|move|p2a: Dragonite|Extreme Speed|p1b: Staraptor\n|-damage|p1b: Staraptor|11\/100\n|move|p2b: Chien-Pao|Ice Spinner|p1b: Staraptor\n|-supereffective|p1b: Staraptor\n|-damage|p1b: Staraptor|0 fnt\n|faint|p1b: Staraptor\n|\n|win|Tayekc\n|raw|henritos22's rating: 1046 → 1029<\/strong> (-17 for losing)\n|raw|Tayekc's rating: 1049 → 1081<\/strong> (+32 for winning)\n|l|\u2606henritos22\n","uploadtime":1682607843,"views":6,"p1id":"henritos22","p2id":"tayekc","formatid":"gen9vgc2023regulationc","rating":1029,"private":0,"password":""}