{"id":"gen9vgc2023regulationc-1845882818","p1":"Keveloper","p2":"LookItsLook","format":"[Gen 9] VGC 2023 Regulation C","log":"|j|\u2606Keveloper\n|j|\u2606LookItsLook\n|t:|1681775002\n|gametype|doubles\n|player|p1|Keveloper|ash|1458\n|player|p2|LookItsLook|falkner|1572\n|teamsize|p1|6\n|teamsize|p2|6\n|gen|9\n|tier|[Gen 9] VGC 2023 Regulation C\n|rated|\n|rule|Species Clause: Limit one of each Pok\u00e9mon\n|rule|Item Clause: Limit one of each item\n|clearpoke\n|poke|p1|Orthworm, L50, M|\n|poke|p1|Dragonite, L50, F|\n|poke|p1|Ting-Lu, L50|\n|poke|p1|Gyarados, L50, M|\n|poke|p1|Flutter Mane, L50|\n|poke|p1|Chien-Pao, L50|\n|poke|p2|Clawitzer, L50, M|\n|poke|p2|Farigiraf, L50, F|\n|poke|p2|Iron Hands, L50|\n|poke|p2|Wo-Chien, L50|\n|poke|p2|Ting-Lu, L50|\n|poke|p2|Ceruledge, L50, M|\n|teampreview|4\n|inactive|Battle timer is ON: inactive players will automatically lose when time's up. (requested by LookItsLook)\n|inactive|Keveloper has 60 seconds left.\n|inactive|LookItsLook has 60 seconds left.\n|inactive|Keveloper has 30 seconds left.\n|\n|t:|1681775071\n|start\n|switch|p1a: Orthworm|Orthworm, L50, M|100\/100\n|switch|p1b: Ting-Lu|Ting-Lu, L50|100\/100\n|switch|p2a: Clawitzer|Clawitzer, L50, M|100\/100\n|switch|p2b: Farigiraf|Farigiraf, L50, F|100\/100\n|-ability|p1b: Ting-Lu|Vessel of Ruin\n|turn|1\n|inactive|Keveloper has 30 seconds left.\n|\n|t:|1681775105\n|-terastallize|p1b: Ting-Lu|Water\n|move|p1b: Ting-Lu|Throat Chop|p2b: Farigiraf\n|-supereffective|p2b: Farigiraf\n|-damage|p2b: Farigiraf|13\/100\n|-start|p2b: Farigiraf|Throat Chop|[silent]\n|move|p1a: Orthworm|Shed Tail|p1a: Orthworm\n|-start|p1a: Orthworm|Substitute|[from] move: Shed Tail\n|-damage|p1a: Orthworm|50\/100\n|-enditem|p1a: Orthworm|Sitrus Berry|[eat]\n|-heal|p1a: Orthworm|75\/100|[from] item: Sitrus Berry\n|\n|t:|1681775116\n|switch|p1a: Dragonite|Dragonite, L50, F|100\/100|[from] Shed Tail\n|move|p2a: Clawitzer|Water Pulse|p1a: Dragonite\n|-resisted|p1a: Dragonite\n|-activate|p1a: Dragonite|move: Substitute|[damage]\n|move|p2b: Farigiraf|Trick Room|p2b: Farigiraf\n|-fieldstart|move: Trick Room|[of] p2b: Farigiraf\n|\n|upkeep\n|turn|2\n|inactive|Keveloper has 30 seconds left.\n|\n|t:|1681775149\n|switch|p2b: Ting-Lu|Ting-Lu, L50|100\/100\n|-ability|p2b: Ting-Lu|Vessel of Ruin\n|switch|p1b: Orthworm|Orthworm, L50, M|75\/100\n|move|p2a: Clawitzer|Ice Beam|p1a: Dragonite\n|-supereffective|p1a: Dragonite\n|-end|p1a: Dragonite|Substitute\n|move|p1a: Dragonite|Earthquake|p2a: Clawitzer|[spread] p2a,p2b\n|-heal|p1b: Orthworm|100\/100|[from] ability: Earth Eater|[of] p1a: Dragonite\n|-damage|p2a: Clawitzer|71\/100\n|-damage|p2b: Ting-Lu|84\/100\n|\n|upkeep\n|turn|3\n|inactive|Keveloper has 30 seconds left.\n|\n|t:|1681775181\n|switch|p2b: Iron Hands|Iron Hands, L50|100\/100\n|switch|p1a: Gyarados|Gyarados, L50, M|100\/100\n|-ability|p1a: Gyarados|Intimidate|boost\n|-unboost|p2a: Clawitzer|atk|1\n|-unboost|p2b: Iron Hands|atk|1\n|move|p2a: Clawitzer|Aura Sphere|p1b: Orthworm\n|-supereffective|p1b: Orthworm\n|-damage|p1b: Orthworm|6\/100\n|move|p1b: Orthworm|Iron Defense|p1b: Orthworm\n|-boost|p1b: Orthworm|def|2\n|\n|upkeep\n|turn|4\n|inactive|Keveloper has 30 seconds left.\n|\n|t:|1681775211\n|switch|p1a: Ting-Lu|Ting-Lu, L50, tera:Water|100\/100\n|-ability|p1a: Ting-Lu|Vessel of Ruin\n|move|p2b: Iron Hands|Swords Dance|p2b: Iron Hands\n|-boost|p2b: Iron Hands|atk|2\n|move|p2a: Clawitzer|Ice Beam|p1b: Orthworm\n|-resisted|p1b: Orthworm\n|-damage|p1b: Orthworm|0 fnt\n|faint|p1b: Orthworm\n|\n|upkeep\n|\n|t:|1681775223\n|switch|p1b: Gyarados|Gyarados, L50, M|100\/100\n|-ability|p1b: Gyarados|Intimidate|boost\n|-unboost|p2a: Clawitzer|atk|1\n|-unboost|p2b: Iron Hands|atk|1\n|turn|5\n|inactive|LookItsLook has 30 seconds left.\n|\n|t:|1681775254\n|-terastallize|p2b: Iron Hands|Grass\n|move|p2b: Iron Hands|Swords Dance|p2b: Iron Hands\n|-boost|p2b: Iron Hands|atk|2\n|move|p2a: Clawitzer|Dark Pulse|p1a: Ting-Lu\n|-damage|p1a: Ting-Lu|74\/100\n|move|p1a: Ting-Lu|Earthquake|p2b: Iron Hands|[spread] p2a,p2b\n|-immune|p1b: Gyarados\n|-resisted|p2b: Iron Hands\n|-damage|p2a: Clawitzer|18\/100\n|-damage|p2b: Iron Hands|83\/100\n|move|p1b: Gyarados|Thunder Wave|p2a: Clawitzer\n|-status|p2a: Clawitzer|par\n|\n|-fieldend|move: Trick Room\n|upkeep\n|turn|6\n|inactive|Keveloper has 30 seconds left.\n|inactive|LookItsLook has 30 seconds left.\n|inactive|LookItsLook has 20 seconds left.\n|inactive|LookItsLook has 15 seconds left.\n|inactive|LookItsLook has 10 seconds left.\n|\n|t:|1681775299\n|switch|p2a: Ting-Lu|Ting-Lu, L50|84\/100\n|-ability|p2a: Ting-Lu|Vessel of Ruin\n|move|p1b: Gyarados|Thunder Wave|p2b: Iron Hands\n|-status|p2b: Iron Hands|par\n|move|p1a: Ting-Lu|Earthquake|p2b: Iron Hands|[spread] p2a,p2b\n|-immune|p1b: Gyarados\n|-resisted|p2b: Iron Hands\n|-damage|p2a: Ting-Lu|55\/100\n|-damage|p2b: Iron Hands|66\/100 par\n|cant|p2b: Iron Hands|par\n|\n|upkeep\n|turn|7\n|inactive|Keveloper has 30 seconds left.\n|\n|t:|1681775325\n|move|p1b: Gyarados|Waterfall|p2a: Ting-Lu\n|-supereffective|p2a: Ting-Lu\n|-damage|p2a: Ting-Lu|14\/100\n|move|p1a: Ting-Lu|Earthquake|p2b: Iron Hands|[spread] p2a,p2b\n|-immune|p1b: Gyarados\n|-resisted|p2b: Iron Hands\n|-damage|p2a: Ting-Lu|0 fnt\n|-damage|p2b: Iron Hands|51\/100 par\n|faint|p2a: Ting-Lu\n|move|p2b: Iron Hands|Wild Charge|p1a: Ting-Lu\n|-supereffective|p1a: Ting-Lu\n|-damage|p1a: Ting-Lu|0 fnt\n|faint|p1a: Ting-Lu\n|-damage|p2b: Iron Hands|34\/100 par|[from] Recoil\n|-enditem|p2b: Iron Hands|Sitrus Berry|[eat]\n|-heal|p2b: Iron Hands|59\/100 par|[from] item: Sitrus Berry\n|\n|upkeep\n|\n|t:|1681775338\n|switch|p1a: Dragonite|Dragonite, L50, F|100\/100\n|switch|p2a: Farigiraf|Farigiraf, L50, F|13\/100\n|turn|8\n|\n|t:|1681775353\n|move|p2a: Farigiraf|Protect|p2a: Farigiraf\n|-singleturn|p2a: Farigiraf|Protect\n|move|p1a: Dragonite|Dragon Dance|p1a: Dragonite\n|-boost|p1a: Dragonite|atk|1\n|-boost|p1a: Dragonite|spe|1\n|move|p1b: Gyarados|Bulldoze|p2b: Iron Hands|[spread] p2b\n|-activate|p2a: Farigiraf|move: Protect\n|-immune|p1a: Dragonite\n|-resisted|p2b: Iron Hands\n|-damage|p2b: Iron Hands|55\/100 par\n|-unboost|p2b: Iron Hands|spe|1\n|move|p2b: Iron Hands|Wild Charge|p1b: Gyarados\n|-supereffective|p1b: Gyarados\n|-damage|p1b: Gyarados|0 fnt\n|faint|p1b: Gyarados\n|-damage|p2b: Iron Hands|35\/100 par|[from] Recoil\n|\n|upkeep\n|turn|9\n|\n|t:|1681775371\n|move|p1a: Dragonite|Earthquake|p2a: Farigiraf|[spread] p2a,p2b\n|-resisted|p2b: Iron Hands\n|-crit|p2b: Iron Hands\n|-damage|p2a: Farigiraf|0 fnt\n|-damage|p2b: Iron Hands|18\/100 par\n|faint|p2a: Farigiraf\n|move|p2b: Iron Hands|Wild Charge|p1a: Dragonite\n|-damage|p1a: Dragonite|52\/100\n|-damage|p2b: Iron Hands|10\/100 par|[from] Recoil\n|\n|upkeep\n|\n|t:|1681775373\n|switch|p2a: Clawitzer|Clawitzer, L50, M|18\/100 par\n|turn|10\n|\n|t:|1681775388\n|move|p1a: Dragonite|Earthquake|p2a: Clawitzer|[spread] p2a,p2b\n|-resisted|p2b: Iron Hands\n|-damage|p2a: Clawitzer|0 fnt\n|-damage|p2b: Iron Hands|0 fnt\n|faint|p2a: Clawitzer\n|faint|p2b: Iron Hands\n|-end|p2b: Iron Hands|Quark Drive|[silent]\n|\n|win|Keveloper\n|raw|Keveloper's rating: 1458 → 1484<\/strong> (+26 for winning)\n|raw|LookItsLook's rating: 1572 → 1546<\/strong> (-26 for losing)\n|l|\u2606LookItsLook\n","uploadtime":1681775394,"views":13,"p1id":"keveloper","p2id":"lookitslook","formatid":"gen9vgc2023regulationc","rating":1484,"private":0,"password":""}