{"id":"gen9vgc2023regulationc-1859711015","p1":"bgcfranky","p2":"SableyeIlluminati","format":"[Gen 9] VGC 2023 Regulation C","log":"|j|\u2606bgcfranky\n|j|\u2606SableyeIlluminati\n|t:|1683558163\n|gametype|doubles\n|player|p1|bgcfranky|rocketgrunt|1194\n|player|p2|SableyeIlluminati|ingo|1103\n|teamsize|p1|6\n|teamsize|p2|6\n|gen|9\n|tier|[Gen 9] VGC 2023 Regulation C\n|rated|\n|rule|Species Clause: Limit one of each Pok\u00e9mon\n|rule|Item Clause: Limit one of each item\n|clearpoke\n|poke|p1|Volcarona, L50, F|\n|poke|p1|Wo-Chien, L50|\n|poke|p1|Grimmsnarl, L50, M|\n|poke|p1|Iron Hands, L50|\n|poke|p1|Slowking, L50, F|\n|poke|p1|Salamence, L50, M|\n|poke|p2|Armarouge, L50, M|\n|poke|p2|Flutter Mane, L50|\n|poke|p2|Maushold, L50|\n|poke|p2|Annihilape, L50, F|\n|poke|p2|Torkoal, L50, F|\n|poke|p2|Lilligant, L50, F|\n|teampreview|4\n|inactive|Battle timer is ON: inactive players will automatically lose when time's up. (requested by SableyeIlluminati)\n|inactive|bgcfranky has 60 seconds left.\n|inactive|SableyeIlluminati has 60 seconds left.\n|\n|t:|1683558205\n|start\n|switch|p1a: Grimmsnarl|Grimmsnarl, L50, M, shiny|100\/100\n|switch|p1b: Iron Hands|Iron Hands, L50|100\/100\n|switch|p2a: Annihilape|Annihilape, L50, F|100\/100\n|switch|p2b: Maushold|Maushold, L50|100\/100\n|turn|1\n|inactive|bgcfranky has 30 seconds left.\n|inactive|bgcfranky has 20 seconds left.\n|inactive|bgcfranky has 15 seconds left.\n|inactive|bgcfranky has 10 seconds left.\n|\n|t:|1683558250\n|move|p1a: Grimmsnarl|Fake Out|p2b: Maushold\n|-damage|p2b: Maushold|90\/100\n|cant|p2b: Maushold|flinch\n|move|p2a: Annihilape|Bulk Up|p2a: Annihilape\n|-boost|p2a: Annihilape|atk|1\n|-boost|p2a: Annihilape|def|1\n|move|p1b: Iron Hands|Drain Punch|p2b: Maushold\n|-supereffective|p2b: Maushold\n|-damage|p2b: Maushold|19\/100\n|\n|upkeep\n|turn|2\n|inactive|SableyeIlluminati has 30 seconds left.\n|inactive|bgcfranky has 30 seconds left.\n|\n|t:|1683558285\n|move|p2b: Maushold|Follow Me|p2b: Maushold\n|-singleturn|p2b: Maushold|move: Follow Me\n|move|p1a: Grimmsnarl|Sucker Punch||[still]\n|-fail|p1a: Grimmsnarl\n|move|p2a: Annihilape|Drain Punch|p1a: Grimmsnarl\n|-damage|p1a: Grimmsnarl|46\/100\n|move|p1b: Iron Hands|Belly Drum|p1b: Iron Hands\n|-damage|p1b: Iron Hands|51\/100\n|-setboost|p1b: Iron Hands|atk|6|[from] move: Belly Drum\n|\n|upkeep\n|turn|3\n|inactive|bgcfranky has 30 seconds left.\n|\n|t:|1683558314\n|move|p2a: Annihilape|Protect|p2a: Annihilape\n|-singleturn|p2a: Annihilape|Protect\n|move|p1a: Grimmsnarl|Sucker Punch||[still]\n|-fail|p1a: Grimmsnarl\n|move|p2b: Maushold|Encore|p1b: Iron Hands\n|-start|p1b: Iron Hands|Encore\n|move|p1b: Iron Hands|Belly Drum||[still]\n|-fail|p1b: Iron Hands\n|\n|upkeep\n|turn|4\n|inactive|bgcfranky has 30 seconds left.\n|\n|t:|1683558348\n|-end|p1b: Iron Hands|Quark Drive|[silent]\n|switch|p1b: Slowking|Slowking, L50, F|100\/100\n|move|p2b: Maushold|Follow Me|p2b: Maushold\n|-singleturn|p2b: Maushold|move: Follow Me\n|move|p1a: Grimmsnarl|Sucker Punch||[still]\n|-fail|p1a: Grimmsnarl\n|move|p2a: Annihilape|Drain Punch|p1a: Grimmsnarl\n|-damage|p1a: Grimmsnarl|0 fnt\n|faint|p1a: Grimmsnarl\n|\n|upkeep\n|\n|t:|1683558359\n|switch|p1a: Iron Hands|Iron Hands, L50|51\/100\n|turn|5\n|\n|t:|1683558376\n|switch|p2b: Flutter Mane|Flutter Mane, L50|100\/100\n|-enditem|p2b: Flutter Mane|Booster Energy\n|-activate|p2b: Flutter Mane|ability: Protosynthesis|[fromitem]\n|-start|p2b: Flutter Mane|protosynthesisspa\n|-terastallize|p1b: Slowking|Water\n|move|p1a: Iron Hands|Fake Out|p2b: Flutter Mane\n|-immune|p2b: Flutter Mane\n|move|p2a: Annihilape|Rage Fist|p1b: Slowking\n|-damage|p1b: Slowking|72\/100\n|move|p1b: Slowking|Trick Room|p1b: Slowking\n|-fieldstart|move: Trick Room|[of] p1b: Slowking\n|\n|upkeep\n|turn|6\n|inactive|bgcfranky has 30 seconds left.\n|inactive|SableyeIlluminati has 30 seconds left.\n|inactive|bgcfranky has 20 seconds left.\n|inactive|SableyeIlluminati has 20 seconds left.\n|\n|t:|1683558416\n|move|p1b: Slowking|Hydro Pump|p2b: Flutter Mane|[miss]\n|-miss|p1b: Slowking|p2b: Flutter Mane\n|move|p1a: Iron Hands|Thunder Punch|p2b: Flutter Mane\n|-damage|p2b: Flutter Mane|49\/100\n|move|p2a: Annihilape|Drain Punch|p1a: Iron Hands\n|-damage|p1a: Iron Hands|17\/100\n|-enditem|p1a: Iron Hands|Sitrus Berry|[eat]\n|-heal|p1a: Iron Hands|42\/100|[from] item: Sitrus Berry\n|move|p2b: Flutter Mane|Dazzling Gleam|p1b: Slowking|[spread] p1a,p1b\n|-supereffective|p1a: Iron Hands\n|-damage|p1a: Iron Hands|0 fnt\n|-damage|p1b: Slowking|43\/100\n|faint|p1a: Iron Hands\n|-end|p1a: Iron Hands|Quark Drive|[silent]\n|\n|upkeep\n|\n|t:|1683558429\n|switch|p1a: Wo-Chien|Wo-Chien, L50|100\/100\n|-ability|p1a: Wo-Chien|Tablets of Ruin\n|turn|7\n|\n|t:|1683558444\n|move|p2b: Flutter Mane|Protect|p2b: Flutter Mane\n|-singleturn|p2b: Flutter Mane|Protect\n|move|p1b: Slowking|Hydro Pump|p2b: Flutter Mane\n|-activate|p2b: Flutter Mane|move: Protect\n|move|p1a: Wo-Chien|Pollen Puff|p1b: Slowking\n|-heal|p1b: Slowking|93\/100\n|move|p2a: Annihilape|Drain Punch|p1a: Wo-Chien\n|-supereffective|p1a: Wo-Chien\n|-damage|p1a: Wo-Chien|50\/100\n|\n|upkeep\n|turn|8\n|\n|t:|1683558467\n|-end|p2b: Flutter Mane|Protosynthesis|[silent]\n|switch|p2b: Maushold|Maushold, L50|19\/100\n|move|p2a: Annihilape|Protect|p2a: Annihilape\n|-singleturn|p2a: Annihilape|Protect\n|move|p1b: Slowking|Heal Pulse|p1a: Wo-Chien\n|-heal|p1a: Wo-Chien|100\/100\n|move|p1a: Wo-Chien|Knock Off|p2b: Maushold\n|-damage|p2b: Maushold|0 fnt\n|-enditem|p2b: Maushold|Safety Goggles|[from] move: Knock Off|[of] p1a: Wo-Chien\n|faint|p2b: Maushold\n|\n|upkeep\n|\n|t:|1683558476\n|switch|p2b: Torkoal|Torkoal, L50, F|100\/100\n|-weather|SunnyDay|[from] ability: Drought|[of] p2b: Torkoal\n|turn|9\n|\n|t:|1683558494\n|-terastallize|p2b: Torkoal|Fire\n|move|p2b: Torkoal|Eruption|p1b: Slowking|[spread] p1a,p1b\n|-supereffective|p1a: Wo-Chien\n|-resisted|p1b: Slowking\n|-damage|p1a: Wo-Chien|0 fnt\n|-damage|p1b: Slowking|47\/100\n|faint|p1a: Wo-Chien\n|move|p1b: Slowking|Hydro Pump|p2b: Torkoal\n|-supereffective|p2b: Torkoal\n|-damage|p2b: Torkoal|1\/100\n|move|p2a: Annihilape|Bulk Up|p2a: Annihilape\n|-boost|p2a: Annihilape|atk|1\n|-boost|p2a: Annihilape|def|1\n|\n|-weather|SunnyDay|[upkeep]\n|-fieldend|move: Trick Room\n|upkeep\n|turn|10\n|\n|t:|1683558514\n|move|p2b: Torkoal|Protect|p2b: Torkoal\n|-singleturn|p2b: Torkoal|Protect\n|move|p2a: Annihilape|Drain Punch|p1b: Slowking\n|-damage|p1b: Slowking|0 fnt\n|faint|p1b: Slowking\n|\n|win|SableyeIlluminati\n|raw|bgcfranky's rating: 1194 → 1163<\/strong> (-31 for losing)\n|raw|SableyeIlluminati's rating: 1103 → 1134<\/strong> (+31 for winning)\n|c|\u2606SableyeIlluminati|ggs\n|l|\u2606bgcfranky\n","uploadtime":1683558523,"views":16,"p1id":"bgcfranky","p2id":"sableyeilluminati","formatid":"gen9vgc2023regulationc","rating":1134,"private":0,"password":""}