{"id":"gen9vgc2023regulationc-1846859746","p1":"tang justin","p2":"yamaguronekuro","format":"[Gen 9] VGC 2023 Regulation C","log":"|j|\u2606tang justin\n|j|\u2606yamaguronekuro\n|t:|1681891842\n|gametype|doubles\n|player|p1|tang justin|102|1598\n|player|p2|yamaguronekuro|2|1767\n|teamsize|p1|6\n|teamsize|p2|6\n|gen|9\n|tier|[Gen 9] VGC 2023 Regulation C\n|rated|\n|rule|Species Clause: Limit one of each Pok\u00e9mon\n|rule|Item Clause: Limit one of each item\n|clearpoke\n|poke|p1|Iron Hands, L50|\n|poke|p1|Amoonguss, L50, M|\n|poke|p1|Gyarados, L50, M|\n|poke|p1|Flutter Mane, L50|\n|poke|p1|Chi-Yu, L50|\n|poke|p1|Roaring Moon, L50|\n|poke|p2|Glimmora, L50, F|\n|poke|p2|Dondozo, L50, M|\n|poke|p2|Flutter Mane, L50|\n|poke|p2|Dragonite, L50, F|\n|poke|p2|Chi-Yu, L50|\n|poke|p2|Ting-Lu, L50|\n|teampreview|4\n|\n|t:|1681891905\n|start\n|switch|p1a: Roaring Moon|Roaring Moon, L50|100\/100\n|switch|p1b: Iron Hands|Iron Hands, L50|100\/100\n|switch|p2a: Glimmora|Glimmora, L50, F|100\/100\n|switch|p2b: Chi-Yu|Chi-Yu, L50|100\/100\n|-ability|p2b: Chi-Yu|Beads of Ruin\n|-enditem|p1a: Roaring Moon|Booster Energy\n|-activate|p1a: Roaring Moon|ability: Protosynthesis|[fromitem]\n|-start|p1a: Roaring Moon|protosynthesisatk\n|turn|1\n|\n|t:|1681891926\n|move|p2a: Glimmora|Spiky Shield|p2a: Glimmora\n|-singleturn|p2a: Glimmora|move: Protect\n|move|p2b: Chi-Yu|Protect|p2b: Chi-Yu\n|-singleturn|p2b: Chi-Yu|Protect\n|move|p1b: Iron Hands|Fake Out|p2a: Glimmora\n|-activate|p2a: Glimmora|move: Protect\n|-damage|p1b: Iron Hands|88\/100|[from] Spiky Shield|[of] p2a: Glimmora\n|move|p1a: Roaring Moon|Dragon Dance|p1a: Roaring Moon\n|-boost|p1a: Roaring Moon|atk|1\n|-boost|p1a: Roaring Moon|spe|1\n|\n|upkeep\n|turn|2\n|\n|t:|1681891948\n|-terastallize|p1a: Roaring Moon|Flying\n|move|p1a: Roaring Moon|Acrobatics|p2b: Chi-Yu\n|-damage|p2b: Chi-Yu|0 fnt\n|faint|p2b: Chi-Yu\n|move|p2a: Glimmora|Power Gem|p1a: Roaring Moon\n|-supereffective|p1a: Roaring Moon\n|-damage|p1a: Roaring Moon|33\/100\n|move|p1b: Iron Hands|Heavy Slam|p2a: Glimmora\n|-supereffective|p2a: Glimmora\n|-enditem|p2a: Glimmora|Focus Sash\n|-damage|p2a: Glimmora|1\/100\n|-activate|p2a: Glimmora|ability: Toxic Debris\n|-sidestart|p1: tang justin|move: Toxic Spikes\n|\n|upkeep\n|\n|t:|1681891964\n|switch|p2b: Dragonite|Dragonite, L50, F|100\/100\n|turn|3\n|\n|t:|1681891973\n|-end|p1b: Iron Hands|Quark Drive|[silent]\n|switch|p1b: Amoonguss|Amoonguss, L50, M|100\/100\n|-sideend|p1: tang justin|move: Toxic Spikes|[of] p1b: Amoonguss\n|move|p1a: Roaring Moon|Protect|p1a: Roaring Moon\n|-singleturn|p1a: Roaring Moon|Protect\n|move|p2a: Glimmora|Spiky Shield|p2a: Glimmora\n|-singleturn|p2a: Glimmora|move: Protect\n|move|p2b: Dragonite|Extreme Speed|p1a: Roaring Moon\n|-activate|p1a: Roaring Moon|move: Protect\n|\n|upkeep\n|turn|4\n|\n|t:|1681892004\n|-end|p1a: Roaring Moon|Protosynthesis|[silent]\n|switch|p1a: Gyarados|Gyarados, L50, M|100\/100\n|-ability|p1a: Gyarados|Intimidate|boost\n|-unboost|p2a: Glimmora|atk|1\n|-unboost|p2b: Dragonite|atk|1\n|move|p2a: Glimmora|Power Gem|p1a: Gyarados\n|-supereffective|p1a: Gyarados\n|-damage|p1a: Gyarados|44\/100\n|move|p2b: Dragonite|Fire Punch|p1a: Gyarados\n|-resisted|p1a: Gyarados\n|-damage|p1a: Gyarados|36\/100\n|move|p1b: Amoonguss|Spore|p2b: Dragonite\n|-activate|p2b: Dragonite|item: Safety Goggles|Spore\n|\n|upkeep\n|turn|5\n|\n|t:|1681892037\n|move|p2b: Dragonite|Extreme Speed|p1a: Gyarados\n|-damage|p1a: Gyarados|16\/100\n|-enditem|p1a: Gyarados|Figy Berry|[eat]\n|-heal|p1a: Gyarados|49\/100|[from] item: Figy Berry\n|move|p2a: Glimmora|Power Gem|p1a: Gyarados\n|-supereffective|p1a: Gyarados\n|-damage|p1a: Gyarados|0 fnt\n|faint|p1a: Gyarados\n|move|p1b: Amoonguss|Pollen Puff|p2a: Glimmora\n|-resisted|p2a: Glimmora\n|-damage|p2a: Glimmora|0 fnt\n|faint|p2a: Glimmora\n|\n|upkeep\n|\n|t:|1681892052\n|switch|p2a: Flutter Mane|Flutter Mane, L50|100\/100\n|switch|p1a: Roaring Moon|Roaring Moon, L50, tera:Flying|33\/100\n|-enditem|p2a: Flutter Mane|Booster Energy\n|-activate|p2a: Flutter Mane|ability: Protosynthesis|[fromitem]\n|-start|p2a: Flutter Mane|protosynthesisspe\n|turn|6\n|\n|t:|1681892085\n|-terastallize|p2b: Dragonite|Flying\n|move|p1a: Roaring Moon|Protect|p1a: Roaring Moon\n|-singleturn|p1a: Roaring Moon|Protect\n|move|p2a: Flutter Mane|Substitute|p2a: Flutter Mane\n|-start|p2a: Flutter Mane|Substitute\n|-damage|p2a: Flutter Mane|76\/100\n|move|p2b: Dragonite|Tera Blast|p1a: Roaring Moon\n|-activate|p1a: Roaring Moon|move: Protect\n|move|p1b: Amoonguss|Spore||[still]\n|-fail|p1b: Amoonguss\n|\n|upkeep\n|turn|7\n|\n|t:|1681892107\n|move|p2b: Dragonite|Extreme Speed|p1a: Roaring Moon\n|-damage|p1a: Roaring Moon|9\/100\n|move|p2a: Flutter Mane|Dazzling Gleam|p1b: Amoonguss|[spread] p1a,p1b\n|-resisted|p1b: Amoonguss\n|-damage|p1a: Roaring Moon|0 fnt\n|-damage|p1b: Amoonguss|85\/100\n|faint|p1a: Roaring Moon\n|-end|p1a: Roaring Moon|Protosynthesis|[silent]\n|move|p1b: Amoonguss|Pollen Puff|p2b: Dragonite\n|-resisted|p2b: Dragonite\n|-damage|p2b: Dragonite|96\/100\n|\n|upkeep\n|\n|t:|1681892111\n|switch|p1a: Iron Hands|Iron Hands, L50|88\/100\n|turn|8\n|\n|t:|1681892131\n|move|p2a: Flutter Mane|Protect|p2a: Flutter Mane\n|-singleturn|p2a: Flutter Mane|Protect\n|move|p2b: Dragonite|Tera Blast|p1b: Amoonguss\n|-supereffective|p1b: Amoonguss\n|-damage|p1b: Amoonguss|14\/100\n|-enditem|p1b: Amoonguss|Sitrus Berry|[eat]\n|-heal|p1b: Amoonguss|39\/100|[from] item: Sitrus Berry\n|move|p1a: Iron Hands|Wild Charge|p2b: Dragonite\n|-supereffective|p2b: Dragonite\n|-crit|p2b: Dragonite\n|-damage|p2b: Dragonite|0 fnt\n|faint|p2b: Dragonite\n|-damage|p1a: Iron Hands|69\/100|[from] Recoil\n|move|p1b: Amoonguss|Pollen Puff|p1a: Iron Hands\n|-heal|p1a: Iron Hands|100\/100\n|\n|upkeep\n|turn|9\n|\n|t:|1681892147\n|move|p2a: Flutter Mane|Dazzling Gleam|p1b: Amoonguss|[spread] p1a,p1b\n|-supereffective|p1a: Iron Hands\n|-resisted|p1b: Amoonguss\n|-damage|p1a: Iron Hands|73\/100\n|-damage|p1b: Amoonguss|25\/100\n|move|p1a: Iron Hands|Heavy Slam|p2a: Flutter Mane\n|-supereffective|p2a: Flutter Mane\n|-end|p2a: Flutter Mane|Substitute\n|move|p1b: Amoonguss|Spore|p2a: Flutter Mane\n|-status|p2a: Flutter Mane|slp|[from] move: Spore\n|\n|upkeep\n|turn|10\n|-message|yamaguronekuro forfeited.\n|\n|win|tang justin\n|raw|tang justin's rating: 1598 → 1627<\/strong> (+29 for winning)\n|raw|yamaguronekuro's rating: 1767 → 1738<\/strong> (-29 for losing)\n|l|\u2606yamaguronekuro\n","uploadtime":1681892158,"views":15,"p1id":"tangjustin","p2id":"yamaguronekuro","formatid":"gen9vgc2023regulationc","rating":1627,"private":0,"password":""}