{"id":"gen9vgc2023regulationc-1852698759","p1":"banjoj0","p2":"Ricardo Randorez","format":"[Gen 9] VGC 2023 Regulation C","log":"|j|\u2606banjoj0\n|j|\u2606Ricardo Randorez\n|t:|1682597799\n|gametype|doubles\n|player|p1|banjoj0|cameraman|1182\n|player|p2|Ricardo Randorez|265|1110\n|teamsize|p1|6\n|teamsize|p2|6\n|gen|9\n|tier|[Gen 9] VGC 2023 Regulation C\n|rated|\n|rule|Species Clause: Limit one of each Pok\u00e9mon\n|rule|Item Clause: Limit one of each item\n|clearpoke\n|poke|p1|Cyclizar, L50, M|\n|poke|p1|Grimmsnarl, L50, M|\n|poke|p1|Annihilape, L50, F|\n|poke|p1|Skeledirge, L50, F|\n|poke|p1|Ting-Lu, L50|\n|poke|p1|Talonflame, L50, M|\n|poke|p2|Flutter Mane, L50|\n|poke|p2|Chi-Yu, L50|\n|poke|p2|Iron Bundle, L50|\n|poke|p2|Amoonguss, L50, M|\n|poke|p2|Palafin, L50, M|\n|poke|p2|Iron Hands, L50|\n|teampreview|4\n|\n|t:|1682597853\n|start\n|switch|p1a: Annihilape|Annihilape, L50, F|100\/100\n|switch|p1b: Grimmsnarl|Grimmsnarl, L50, M|100\/100\n|switch|p2a: bundle of bitches|Iron Bundle, L50|100\/100\n|switch|p2b: BANKAI|Palafin, L50, M|100\/100\n|-enditem|p2a: bundle of bitches|Booster Energy\n|-activate|p2a: bundle of bitches|ability: Quark Drive|[fromitem]\n|-start|p2a: bundle of bitches|quarkdrivespe\n|turn|1\n|inactive|Battle timer is ON: inactive players will automatically lose when time's up. (requested by Ricardo Randorez)\n|\n|t:|1682597882\n|detailschange|p2b: BANKAI|Palafin-Hero, L50, M\n|switch|p2b: catch these hands|Iron Hands, L50|100\/100\n|move|p1b: Grimmsnarl|Light Screen|p1b: Grimmsnarl\n|-sidestart|p1: banjoj0|move: Light Screen\n|move|p2a: bundle of bitches|Freeze-Dry|p1a: Annihilape\n|-damage|p1a: Annihilape|78\/100\n|-status|p1a: Annihilape|frz\n|-enditem|p1a: Annihilape|Lum Berry|[eat]\n|-curestatus|p1a: Annihilape|frz|[msg]\n|move|p1a: Annihilape|Drain Punch|p2a: bundle of bitches\n|-supereffective|p2a: bundle of bitches\n|-damage|p2a: bundle of bitches|9\/100\n|-heal|p1a: Annihilape|100\/100|[from] drain|[of] p2a: bundle of bitches\n|\n|upkeep\n|turn|2\n|inactive|Ricardo Randorez has 30 seconds left.\n|\n|t:|1682597916\n|move|p1b: Grimmsnarl|Reflect|p1b: Grimmsnarl\n|-sidestart|p1: banjoj0|Reflect\n|move|p2a: bundle of bitches|Hydro Pump|p1a: Annihilape\n|-damage|p1a: Annihilape|68\/100\n|move|p1a: Annihilape|Drain Punch|p2a: bundle of bitches\n|-supereffective|p2a: bundle of bitches\n|-damage|p2a: bundle of bitches|0 fnt\n|-heal|p1a: Annihilape|71\/100|[from] drain|[of] p2a: bundle of bitches\n|faint|p2a: bundle of bitches\n|-end|p2a: bundle of bitches|Quark Drive|[silent]\n|move|p2b: catch these hands|Wild Charge|p1a: Annihilape\n|-damage|p1a: Annihilape|35\/100\n|-damage|p2b: catch these hands|93\/100|[from] Recoil\n|\n|upkeep\n|\n|t:|1682597934\n|switch|p2a: flutter ya mane|Flutter Mane, L50|100\/100\n|turn|3\n|\n|t:|1682597947\n|-terastallize|p2a: flutter ya mane|Fairy\n|move|p1b: Grimmsnarl|Parting Shot|p2a: flutter ya mane\n|-unboost|p2a: flutter ya mane|atk|1\n|-unboost|p2a: flutter ya mane|spa|1\n|\n|t:|1682597951\n|switch|p1b: Ting-Lu|Ting-Lu, L50|100\/100|[from] Parting Shot\n|-ability|p1b: Ting-Lu|Vessel of Ruin\n|move|p2a: flutter ya mane|Dazzling Gleam|p1a: Annihilape|[spread] p1a,p1b\n|-supereffective|p1a: Annihilape\n|-supereffective|p1b: Ting-Lu\n|-damage|p1a: Annihilape|0 fnt\n|-damage|p1b: Ting-Lu|66\/100\n|faint|p1a: Annihilape\n|move|p2b: catch these hands|Wild Charge|p1b: Ting-Lu\n|-immune|p1b: Ting-Lu\n|\n|-heal|p1b: Ting-Lu|72\/100|[from] item: Leftovers\n|upkeep\n|\n|t:|1682597958\n|switch|p1a: Grimmsnarl|Grimmsnarl, L50, M|100\/100\n|turn|4\n|\n|t:|1682597970\n|move|p1a: Grimmsnarl|Parting Shot|p2a: flutter ya mane\n|-unboost|p2a: flutter ya mane|atk|1\n|-unboost|p2a: flutter ya mane|spa|1\n|\n|t:|1682597973\n|switch|p1a: Skeledirge|Skeledirge, L50, F|100\/100|[from] Parting Shot\n|move|p2a: flutter ya mane|Dazzling Gleam|p1b: Ting-Lu|[spread] p1a,p1b\n|-resisted|p1a: Skeledirge\n|-crit|p1a: Skeledirge\n|-supereffective|p1b: Ting-Lu\n|-damage|p1a: Skeledirge|61\/100\n|-damage|p1b: Ting-Lu|46\/100\n|move|p2b: catch these hands|Drain Punch|p1b: Ting-Lu\n|-supereffective|p1b: Ting-Lu\n|-damage|p1b: Ting-Lu|22\/100\n|-heal|p2b: catch these hands|100\/100|[from] drain|[of] p1b: Ting-Lu\n|move|p1b: Ting-Lu|Fissure|p2b: catch these hands|[miss]\n|-miss|p1b: Ting-Lu|p2b: catch these hands\n|\n|-heal|p1b: Ting-Lu|28\/100|[from] item: Leftovers\n|upkeep\n|turn|5\n|\n|t:|1682597994\n|-end|p2a: flutter ya mane|Protosynthesis|[silent]\n|switch|p2a: BANKAI|Palafin-Hero, L50, M|100\/100\n|-activate|p2a: BANKAI|ability: Zero to Hero\n|move|p1b: Ting-Lu|Protect|p1b: Ting-Lu\n|-singleturn|p1b: Ting-Lu|Protect\n|move|p1a: Skeledirge|Torch Song|p2a: BANKAI\n|-resisted|p2a: BANKAI\n|-damage|p2a: BANKAI|90\/100\n|-boost|p1a: Skeledirge|spa|1\n|-enditem|p1a: Skeledirge|Throat Spray\n|-boost|p1a: Skeledirge|spa|1|[from] item: Throat Spray\n|move|p2b: catch these hands|Drain Punch|p1b: Ting-Lu\n|-activate|p1b: Ting-Lu|move: Protect\n|\n|-heal|p1b: Ting-Lu|34\/100|[from] item: Leftovers\n|upkeep\n|turn|6\n|inactive|Ricardo Randorez has 30 seconds left.\n|\n|t:|1682598020\n|switch|p1b: Grimmsnarl|Grimmsnarl, L50, M|100\/100\n|-terastallize|p1a: Skeledirge|Fairy\n|move|p2a: BANKAI|Wave Crash|p1a: Skeledirge\n|-damage|p1a: Skeledirge|19\/100\n|-damage|p2a: BANKAI|75\/100|[from] Recoil\n|move|p1a: Skeledirge|Slack Off|p1a: Skeledirge\n|-heal|p1a: Skeledirge|69\/100\n|move|p2b: catch these hands|Drain Punch|p1b: Grimmsnarl\n|-damage|p1b: Grimmsnarl|64\/100\n|\n|upkeep\n|turn|7\n|inactive|Ricardo Randorez has 30 seconds left.\n|\n|t:|1682598045\n|move|p1b: Grimmsnarl|Parting Shot|p2a: BANKAI\n|-unboost|p2a: BANKAI|atk|1\n|-unboost|p2a: BANKAI|spa|1\n|\n|t:|1682598048\n|switch|p1b: Ting-Lu|Ting-Lu, L50|34\/100|[from] Parting Shot\n|-ability|p1b: Ting-Lu|Vessel of Ruin\n|move|p2a: BANKAI|Wave Crash|p1a: Skeledirge\n|-damage|p1a: Skeledirge|33\/100\n|-damage|p2a: BANKAI|63\/100|[from] Recoil\n|move|p1a: Skeledirge|Slack Off|p1a: Skeledirge\n|-heal|p1a: Skeledirge|83\/100\n|move|p2b: catch these hands|Wild Charge|p1a: Skeledirge\n|-damage|p1a: Skeledirge|59\/100\n|-damage|p2b: catch these hands|96\/100|[from] Recoil\n|\n|-heal|p1b: Ting-Lu|41\/100|[from] item: Leftovers\n|upkeep\n|turn|8\n|\n|t:|1682598072\n|move|p1b: Ting-Lu|Protect|p1b: Ting-Lu\n|-singleturn|p1b: Ting-Lu|Protect\n|move|p2a: BANKAI|Wave Crash|p1b: Ting-Lu\n|-activate|p1b: Ting-Lu|move: Protect\n|move|p1a: Skeledirge|Slack Off|p1a: Skeledirge\n|-heal|p1a: Skeledirge|100\/100\n|move|p2b: catch these hands|Drain Punch|p1b: Ting-Lu\n|-activate|p1b: Ting-Lu|move: Protect\n|\n|-heal|p1b: Ting-Lu|47\/100|[from] item: Leftovers\n|-sideend|p1: banjoj0|move: Light Screen\n|upkeep\n|turn|9\n|\n|t:|1682598100\n|move|p2a: BANKAI|Wave Crash|p1b: Ting-Lu\n|-supereffective|p1b: Ting-Lu\n|-damage|p1b: Ting-Lu|10\/100\n|-damage|p2a: BANKAI|47\/100|[from] Recoil\n|move|p1a: Skeledirge|Torch Song|p2a: BANKAI\n|-resisted|p2a: BANKAI\n|-damage|p2a: BANKAI|24\/100\n|-boost|p1a: Skeledirge|spa|1\n|move|p2b: catch these hands|Drain Punch|p1b: Ting-Lu\n|-supereffective|p1b: Ting-Lu\n|-crit|p1b: Ting-Lu\n|-damage|p1b: Ting-Lu|0 fnt\n|-heal|p2b: catch these hands|99\/100|[from] drain|[of] p1b: Ting-Lu\n|faint|p1b: Ting-Lu\n|\n|-sideend|p1: banjoj0|Reflect\n|upkeep\n|\n|t:|1682598107\n|switch|p1b: Grimmsnarl|Grimmsnarl, L50, M|64\/100\n|turn|10\n|inactive|Ricardo Randorez has 30 seconds left.\n|\n|t:|1682598134\n|move|p1b: Grimmsnarl|Reflect|p1b: Grimmsnarl\n|-sidestart|p1: banjoj0|Reflect\n|move|p2a: BANKAI|Wave Crash|p1b: Grimmsnarl\n|-damage|p1b: Grimmsnarl|9\/100\n|-damage|p2a: BANKAI|6\/100|[from] Recoil\n|move|p1a: Skeledirge|Torch Song|p2a: BANKAI\n|-resisted|p2a: BANKAI\n|-damage|p2a: BANKAI|0 fnt\n|-boost|p1a: Skeledirge|spa|1\n|faint|p2a: BANKAI\n|move|p2b: catch these hands|Drain Punch|p1b: Grimmsnarl\n|-damage|p1b: Grimmsnarl|0 fnt\n|-heal|p2b: catch these hands|100\/100|[from] drain|[of] p1b: Grimmsnarl\n|faint|p1b: Grimmsnarl\n|\n|upkeep\n|\n|t:|1682598150\n|switch|p2a: flutter ya mane|Flutter Mane, L50, tera:Fairy|100\/100\n|turn|11\n|\n|t:|1682598161\n|move|p2a: flutter ya mane|Moonblast|p1a: Skeledirge\n|-damage|p1a: Skeledirge|0 fnt\n|faint|p1a: Skeledirge\n|\n|win|Ricardo Randorez\n|raw|banjoj0's rating: 1182 → 1152<\/strong> (-30 for losing)\n|raw|Ricardo Randorez's rating: 1110 → 1140<\/strong> (+30 for winning)\n","uploadtime":1682598170,"views":11,"p1id":"banjoj0","p2id":"ricardorandorez","formatid":"gen9vgc2023regulationc","rating":1140,"private":0,"password":""}