{"id":"gen9vgc2023regulationc-1855367177","p1":"Ihmae_71","p2":"EmilyFloof728","format":"[Gen 9] VGC 2023 Regulation C","log":"|j|\u2606Ihmae_71\n|j|\u2606EmilyFloof728\n|t:|1682943782\n|gametype|doubles\n|player|p1|Ihmae_71|caitlin-masters|1044\n|player|p2|EmilyFloof728|hilda|1088\n|teamsize|p1|6\n|teamsize|p2|6\n|gen|9\n|tier|[Gen 9] VGC 2023 Regulation C\n|rated|\n|rule|Species Clause: Limit one of each Pok\u00e9mon\n|rule|Item Clause: Limit one of each item\n|clearpoke\n|poke|p1|Skeledirge, L50, F|\n|poke|p1|Coalossal, L50, M|\n|poke|p1|Finneon, L50, M|\n|poke|p1|Flutter Mane, L50|\n|poke|p1|Armarouge, L50, M|\n|poke|p1|Scream Tail, L50|\n|poke|p2|Dragonite, L50, F|\n|poke|p2|Palafin, L50, M|\n|poke|p2|Chien-Pao, L50|\n|poke|p2|Great Tusk, L50|\n|poke|p2|Chi-Yu, L50|\n|poke|p2|Tauros-Paldea-Aqua, L50, M|\n|teampreview|4\n|inactive|Battle timer is ON: inactive players will automatically lose when time's up. (requested by EmilyFloof728)\n|inactive|Ihmae_71 also wants the timer to be on.\n|c|\u2606EmilyFloof728|.........\n|c|\u2606EmilyFloof728|what's with the Finned lmao\n|inactive|EmilyFloof728 has 60 seconds left.\n|c|\u2606EmilyFloof728|finneon\n|c|\u2606Ihmae_71|Its not troll\n|\n|t:|1682943829\n|start\n|switch|p1a: Coalossal|Coalossal, L50, M|100\/100\n|switch|p1b: Finneon|Finneon, L50, M|100\/100\n|switch|p2a: Great Tusk|Great Tusk, L50|100\/100\n|switch|p2b: Ecco|Palafin, L50, M|100\/100\n|-enditem|p2a: Great Tusk|Booster Energy\n|-activate|p2a: Great Tusk|ability: Protosynthesis|[fromitem]\n|-start|p2a: Great Tusk|protosynthesisatk\n|turn|1\n|c|\u2606EmilyFloof728|I'm just baffled\n|inactive|Ihmae_71 has 30 seconds left.\n|\n|t:|1682943860\n|-terastallize|p1a: Coalossal|Grass\n|move|p2b: Ecco|Protect|p2b: Ecco\n|-singleturn|p2b: Ecco|Protect\n|move|p1b: Finneon|Surf|p2a: Great Tusk|[spread] p1a,p2a\n|-activate|p2b: Ecco|move: Protect\n|-resisted|p1a: Coalossal\n|-supereffective|p2a: Great Tusk\n|-damage|p1a: Coalossal|97\/100\n|-damage|p2a: Great Tusk|78\/100\n|-ability|p1a: Coalossal|Steam Engine|boost\n|-boost|p1a: Coalossal|spe|6\n|move|p1a: Coalossal|Tera Blast|p2a: Great Tusk\n|-supereffective|p2a: Great Tusk\n|-damage|p2a: Great Tusk|39\/100\n|move|p2a: Great Tusk|Earthquake|p1a: Coalossal|[spread] p1a,p1b\n|-activate|p2b: Ecco|move: Protect\n|-resisted|p1a: Coalossal\n|-damage|p1a: Coalossal|76\/100\n|-damage|p1b: Finneon|38\/100\n|\n|upkeep\n|turn|2\n|\n|t:|1682943879\n|detailschange|p2b: Ecco|Palafin-Hero, L50, M\n|switch|p2b: Huckleberry|Tauros-Paldea-Aqua, L50, M|100\/100\n|-ability|p2b: Huckleberry|Intimidate|boost\n|-unboost|p1a: Coalossal|atk|1\n|-unboost|p1b: Finneon|atk|1\n|move|p1a: Coalossal|Tera Blast|p2b: Huckleberry\n|-supereffective|p2b: Huckleberry\n|-damage|p2b: Huckleberry|44\/100\n|move|p1b: Finneon|Chilling Water|p2a: Great Tusk\n|-supereffective|p2a: Great Tusk\n|-damage|p2a: Great Tusk|20\/100\n|-unboost|p2a: Great Tusk|atk|1\n|move|p2a: Great Tusk|Knock Off|p1a: Coalossal\n|-damage|p1a: Coalossal|50\/100\n|-enditem|p1a: Coalossal|Weakness Policy|[from] move: Knock Off|[of] p2a: Great Tusk\n|\n|upkeep\n|turn|3\n|\n|t:|1682943894\n|move|p1a: Coalossal|Tera Blast|p2b: Huckleberry\n|-supereffective|p2b: Huckleberry\n|-damage|p2b: Huckleberry|0 fnt\n|faint|p2b: Huckleberry\n|move|p1b: Finneon|Tailwind|p1b: Finneon\n|-sidestart|p1: Ihmae_71|move: Tailwind\n|move|p2a: Great Tusk|Knock Off|p1b: Finneon\n|-crit|p1b: Finneon\n|-damage|p1b: Finneon|0 fnt\n|-enditem|p1b: Finneon|Eviolite|[from] move: Knock Off|[of] p2a: Great Tusk\n|faint|p1b: Finneon\n|\n|upkeep\n|\n|t:|1682943901\n|switch|p2b: Stormi|Dragonite, L50, F|100\/100\n|switch|p1b: Flutter Mane|Flutter Mane, L50|100\/100\n|-enditem|p1b: Flutter Mane|Booster Energy\n|-activate|p1b: Flutter Mane|ability: Protosynthesis|[fromitem]\n|-start|p1b: Flutter Mane|protosynthesisspa\n|turn|4\n|\n|t:|1682943906\n|-terastallize|p2b: Stormi|Flying\n|move|p1a: Coalossal|Rock Slide|p2a: Great Tusk|[spread] p2a,p2b\n|-resisted|p2a: Great Tusk\n|-supereffective|p2b: Stormi\n|-damage|p2a: Great Tusk|18\/100\n|-damage|p2b: Stormi|64\/100\n|move|p1b: Flutter Mane|Dazzling Gleam|p2a: Great Tusk|[spread] p2a,p2b\n|-supereffective|p2a: Great Tusk\n|-damage|p2a: Great Tusk|0 fnt\n|-damage|p2b: Stormi|19\/100\n|faint|p2a: Great Tusk\n|-end|p2a: Great Tusk|Protosynthesis|[silent]\n|move|p2b: Stormi|Tera Blast|p1a: Coalossal\n|-supereffective|p1a: Coalossal\n|-damage|p1a: Coalossal|0 fnt\n|faint|p1a: Coalossal\n|\n|upkeep\n|\n|t:|1682943916\n|switch|p2a: Ecco|Palafin-Hero, L50, M|100\/100\n|switch|p1a: Skeledirge|Skeledirge, L50, F|100\/100\n|-activate|p2a: Ecco|ability: Zero to Hero\n|turn|5\n|\n|t:|1682943924\n|move|p2a: Ecco|Jet Punch|p1b: Flutter Mane\n|-damage|p1b: Flutter Mane|0 fnt\n|faint|p1b: Flutter Mane\n|-end|p1b: Flutter Mane|Protosynthesis|[silent]\n|-damage|p2a: Ecco|91\/100|[from] item: Life Orb\n|move|p1a: Skeledirge|Shadow Ball|p2a: Ecco\n|-damage|p2a: Ecco|51\/100\n|move|p2b: Stormi|Tera Blast|p1a: Skeledirge\n|-damage|p1a: Skeledirge|46\/100\n|\n|upkeep\n|turn|6\n|\n|t:|1682943935\n|move|p2a: Ecco|Jet Punch|p1a: Skeledirge\n|-supereffective|p1a: Skeledirge\n|-damage|p1a: Skeledirge|0 fnt\n|faint|p1a: Skeledirge\n|-damage|p2a: Ecco|42\/100|[from] item: Life Orb\n|\n|win|EmilyFloof728\n|raw|Ihmae_71's rating: 1044 → 1029<\/strong> (-15 for losing)\n|raw|EmilyFloof728's rating: 1088 → 1111<\/strong> (+23 for winning)\n|c|\u2606Ihmae_71|gg\n|c|\u2606EmilyFloof728|gg\n","uploadtime":1682943942,"views":15,"p1id":"ihmae71","p2id":"emilyfloof728","formatid":"gen9vgc2023regulationc","rating":1029,"private":0,"password":""}