{"id":"gen9vgc2023regulationc-1847991392","p1":"rina slaywayama","p2":"benutzdeindeo","format":"[Gen 9] VGC 2023 Regulation C","log":"|j|\u2606rina slaywayama\n|j|\u2606benutzdeindeo\n|t:|1682018694\n|gametype|doubles\n|player|p1|rina slaywayama|2|1395\n|player|p2|benutzdeindeo|169|1489\n|teamsize|p1|6\n|teamsize|p2|6\n|gen|9\n|tier|[Gen 9] VGC 2023 Regulation C\n|rated|\n|rule|Species Clause: Limit one of each Pok\u00e9mon\n|rule|Item Clause: Limit one of each item\n|clearpoke\n|poke|p1|Amoonguss, L50, M|\n|poke|p1|Arcanine, L50, F|\n|poke|p1|Palafin, L50, M|\n|poke|p1|Dragonite, L50, F|\n|poke|p1|Chien-Pao, L50|\n|poke|p1|Gholdengo, L50|\n|poke|p2|Annihilape, L50, M|\n|poke|p2|Baxcalibur, L50, M|\n|poke|p2|Gyarados, L50, F|\n|poke|p2|Amoonguss, L50, M|\n|poke|p2|Corviknight, L50, F|\n|poke|p2|Flutter Mane, L50|\n|teampreview|4\nrina slaywayama has agreed to open team sheets.\n|l|\u2606rina slaywayama\n|player|p1|\n|\n|t:|1682018729\n|start\n|switch|p1a: Gholdengo|Gholdengo, L50|100\/100\n|switch|p1b: Palafin|Palafin, L50, M|100\/100\n|switch|p2a: Corviknight|Corviknight, L50, F|100\/100\n|switch|p2b: Flutter Mane|Flutter Mane, L50|100\/100\n|turn|1\n|j|\u2606rina slaywayama\n|player|p1|rina slaywayama|2\n|\n|t:|1682018757\n|detailschange|p1b: Palafin|Palafin-Hero, L50, M\n|switch|p1b: Amoonguss|Amoonguss, L50, M, shiny|100\/100\n|-terastallize|p1a: Gholdengo|Water\n|move|p2b: Flutter Mane|Shadow Ball|p1a: Gholdengo\n|-damage|p1a: Gholdengo|43\/100\n|-enditem|p1a: Gholdengo|Sitrus Berry|[eat]\n|-heal|p1a: Gholdengo|68\/100|[from] item: Sitrus Berry\n|move|p1a: Gholdengo|Nasty Plot|p1a: Gholdengo\n|-boost|p1a: Gholdengo|spa|2\n|move|p2a: Corviknight|Tailwind|p2a: Corviknight\n|-sidestart|p2: benutzdeindeo|move: Tailwind\n|\n|upkeep\n|turn|2\n|\n|t:|1682018780\n|move|p1a: Gholdengo|Protect|p1a: Gholdengo\n|-singleturn|p1a: Gholdengo|Protect\n|move|p1b: Amoonguss|Protect|p1b: Amoonguss\n|-singleturn|p1b: Amoonguss|Protect\n|move|p2b: Flutter Mane|Shadow Ball|p1a: Gholdengo\n|-activate|p1a: Gholdengo|move: Protect\n|move|p2a: Corviknight|Bulk Up|p2a: Corviknight\n|-boost|p2a: Corviknight|atk|1\n|-boost|p2a: Corviknight|def|1\n|\n|upkeep\n|turn|3\n|\n|t:|1682018800\n|move|p2b: Flutter Mane|Shadow Ball|p1a: Gholdengo\n|-damage|p1a: Gholdengo|12\/100\n|move|p2a: Corviknight|Brave Bird|p1b: Amoonguss\n|-supereffective|p1b: Amoonguss\n|-damage|p1b: Amoonguss|14\/100\n|-damage|p2a: Corviknight|84\/100|[from] item: Rocky Helmet|[of] p1b: Amoonguss\n|-damage|p2a: Corviknight|53\/100|[from] Recoil\n|move|p1a: Gholdengo|Make It Rain|p2a: Corviknight|[spread] p2a,p2b\n|-resisted|p2a: Corviknight\n|-supereffective|p2b: Flutter Mane\n|-damage|p2a: Corviknight|15\/100\n|-damage|p2b: Flutter Mane|0 fnt\n|-unboost|p1a: Gholdengo|spa|1\n|faint|p2b: Flutter Mane\n|-end|p2b: Flutter Mane|Protosynthesis|[silent]\n|move|p1b: Amoonguss|Spore|p2a: Corviknight\n|-status|p2a: Corviknight|slp|[from] move: Spore\n|\n|-heal|p2a: Corviknight|21\/100 slp|[from] item: Leftovers\n|upkeep\n|\n|t:|1682018821\n|switch|p2b: Baxcalibur|Baxcalibur, L50, M|100\/100\n|turn|4\n|\n|t:|1682018831\n|switch|p1b: Arcanine|Arcanine, L50, F|100\/100\n|-ability|p1b: Arcanine|Intimidate|boost\n|-ability|p2a: Corviknight|Mirror Armor\n|-unboost|p1b: Arcanine|atk|1\n|-unboost|p2b: Baxcalibur|atk|1\n|move|p1a: Gholdengo|Protect|p1a: Gholdengo\n|-singleturn|p1a: Gholdengo|Protect\n|move|p2b: Baxcalibur|Ice Shard|p1b: Arcanine\n|-resisted|p1b: Arcanine\n|-damage|p1b: Arcanine|90\/100\n|-damage|p2b: Baxcalibur|91\/100|[from] item: Life Orb\n|cant|p2a: Corviknight|slp\n|\n|-heal|p2a: Corviknight|27\/100 slp|[from] item: Leftovers\n|-sideend|p2: benutzdeindeo|move: Tailwind\n|upkeep\n|turn|5\n|-message|benutzdeindeo forfeited.\n|\n|win|rina slaywayama\n|raw|rina slaywayama's rating: 1395 → 1420<\/strong> (+25 for winning)\n|raw|benutzdeindeo's rating: 1489 → 1464<\/strong> (-25 for losing)\n|l|\u2606benutzdeindeo\n","uploadtime":1682018850,"views":10,"p1id":"rinaslaywayama","p2id":"benutzdeindeo","formatid":"gen9vgc2023regulationc","rating":1420,"private":0,"password":""}