{"id":"gen9vgc2023regulationc-1848318695","p1":"smagua","p2":"tythhh","format":"[Gen 9] VGC 2023 Regulation C","log":"|j|\u2606smagua\n|j|\u2606tythhh\n|t:|1682059643\n|gametype|doubles\n|player|p1|smagua|101|1019\n|player|p2|tythhh|265|1000\n|teamsize|p1|6\n|teamsize|p2|6\n|gen|9\n|tier|[Gen 9] VGC 2023 Regulation C\n|rated|\n|rule|Species Clause: Limit one of each Pok\u00e9mon\n|rule|Item Clause: Limit one of each item\n|clearpoke\n|poke|p1|Quaquaval, L50, M|\n|poke|p1|Arcanine, L50, F|\n|poke|p1|Brute Bonnet, L50|\n|poke|p1|Flutter Mane, L50|\n|poke|p1|Gothitelle, L50, M|\n|poke|p1|Scream Tail, L50|\n|poke|p2|Torkoal, L50, F|\n|poke|p2|Chi-Yu, L50|\n|poke|p2|Bronzong, L50|\n|poke|p2|Gastrodon, L50, M|\n|poke|p2|Grimmsnarl, L50, M|\n|poke|p2|Skeledirge, L50, M|\n|teampreview|4\n|inactive|Battle timer is ON: inactive players will automatically lose when time's up. (requested by tythhh)\n|\n|t:|1682059662\n|start\n|switch|p1a: Flutter Mane|Flutter Mane, L50|100\/100\n|switch|p1b: Gothitelle|Gothitelle, L50, M|100\/100\n|switch|p2a: Grimmsnarl|Grimmsnarl, L50, M|100\/100\n|switch|p2b: Chi-Yu|Chi-Yu, L50|100\/100\n|-ability|p2b: Chi-Yu|Beads of Ruin\n|turn|1\n|\n|t:|1682059677\n|move|p1b: Gothitelle|Protect|p1b: Gothitelle\n|-singleturn|p1b: Gothitelle|Protect\n|move|p2a: Grimmsnarl|Trick|p1a: Flutter Mane\n|-activate|p2a: Grimmsnarl|move: Trick|[of] p1a: Flutter Mane\n|-item|p1a: Flutter Mane|Lagging Tail|[from] move: Trick\n|-item|p2a: Grimmsnarl|Focus Sash|[from] move: Trick\n|move|p1a: Flutter Mane|Perish Song|p1a: Flutter Mane\n|-start|p1a: Flutter Mane|perish3|[silent]\n|-start|p1b: Gothitelle|perish3|[silent]\n|-start|p2a: Grimmsnarl|perish3|[silent]\n|-start|p2b: Chi-Yu|perish3|[silent]\n|-fieldactivate|move: Perish Song\n|move|p2b: Chi-Yu|Snarl|p1a: Flutter Mane|[spread] p1a\n|-activate|p1b: Gothitelle|move: Protect\n|-damage|p1a: Flutter Mane|77\/100\n|-unboost|p1a: Flutter Mane|spa|1\n|\n|-start|p1a: Flutter Mane|perish3\n|-start|p2b: Chi-Yu|perish3\n|-start|p1b: Gothitelle|perish3\n|-start|p2a: Grimmsnarl|perish3\n|upkeep\n|turn|2\n|\n|t:|1682059698\n|-terastallize|p2b: Chi-Yu|Ghost\n|move|p1b: Gothitelle|Protect||[still]\n|-fail|p1b: Gothitelle\n|move|p1a: Flutter Mane|Protect|p1a: Flutter Mane\n|-singleturn|p1a: Flutter Mane|Protect\n|move|p2b: Chi-Yu|Tera Blast|p1b: Gothitelle\n|-supereffective|p1b: Gothitelle\n|-damage|p1b: Gothitelle|16\/100\n|move|p2a: Grimmsnarl|Spirit Break|p1b: Gothitelle\n|-damage|p1b: Gothitelle|0 fnt\n|faint|p1b: Gothitelle\n|\n|-start|p1a: Flutter Mane|perish2\n|-start|p2b: Chi-Yu|perish2\n|-start|p2a: Grimmsnarl|perish2\n|upkeep\n|inactive|smagua has 30 seconds left.\n|inactive|smagua has 20 seconds left.\n|\n|t:|1682059738\n|switch|p1b: Quaquaval|Quaquaval, L50, M|100\/100\n|turn|3\n|inactive|smagua has 30 seconds left.\n|\n|t:|1682059763\n|switch|p2b: Gastrodon|Gastrodon, L50, M|100\/100\n|move|p1b: Quaquaval|Acrobatics|p2a: Grimmsnarl\n|-damage|p2a: Grimmsnarl|58\/100\n|move|p2a: Grimmsnarl|Spirit Break|p1a: Flutter Mane\n|-damage|p1a: Flutter Mane|0 fnt\n|faint|p1a: Flutter Mane\n|-end|p1a: Flutter Mane|Protosynthesis|[silent]\n|\n|-start|p2a: Grimmsnarl|perish1\n|upkeep\n|\n|t:|1682059775\n|switch|p1a: Arcanine|Arcanine, L50, F|100\/100\n|-ability|p1a: Arcanine|Intimidate|boost\n|-unboost|p2a: Grimmsnarl|atk|1\n|-unboost|p2b: Gastrodon|atk|1\n|turn|4\n|\n|t:|1682059799\n|switch|p2a: Skeledirge|Skeledirge, L50, M|100\/100\n|move|p2b: Gastrodon|Protect|p2b: Gastrodon\n|-singleturn|p2b: Gastrodon|Protect\n|move|p1a: Arcanine|Flare Blitz|p2a: Skeledirge\n|-resisted|p2a: Skeledirge\n|-damage|p2a: Skeledirge|75\/100\n|-damage|p1a: Arcanine|90\/100|[from] Recoil\n|move|p1b: Quaquaval|Close Combat|p2b: Gastrodon\n|-activate|p2b: Gastrodon|move: Protect\n|\n|-heal|p2a: Skeledirge|81\/100|[from] item: Leftovers\n|upkeep\n|turn|5\n|\n|t:|1682059820\n|switch|p2b: Chi-Yu|Chi-Yu, L50, tera:Ghost|100\/100\n|-ability|p2b: Chi-Yu|Beads of Ruin\n|move|p1a: Arcanine|Extreme Speed|p2a: Skeledirge\n|-immune|p2a: Skeledirge\n|move|p1b: Quaquaval|Aqua Step|p2a: Skeledirge\n|-supereffective|p2a: Skeledirge\n|-damage|p2a: Skeledirge|16\/100\n|-boost|p1b: Quaquaval|spe|1\n|move|p2a: Skeledirge|Encore|p1b: Quaquaval\n|-start|p1b: Quaquaval|Encore\n|\n|-heal|p2a: Skeledirge|22\/100|[from] item: Leftovers\n|upkeep\n|turn|6\n|inactive|tythhh has 30 seconds left.\n|\n|t:|1682059851\n|switch|p2b: Gastrodon|Gastrodon, L50, M|100\/100\n|move|p2a: Skeledirge|Protect|p2a: Skeledirge\n|-singleturn|p2a: Skeledirge|Protect\n|move|p1b: Quaquaval|Aqua Step|p2b: Gastrodon\n|-activate|p2b: Gastrodon|ability: Storm Drain\n|-ability|p2b: Gastrodon|Storm Drain|boost\n|-boost|p2b: Gastrodon|spa|1\n|move|p1a: Arcanine|Flare Blitz|p2b: Gastrodon\n|-resisted|p2b: Gastrodon\n|-damage|p2b: Gastrodon|70\/100\n|-damage|p1a: Arcanine|77\/100|[from] Recoil\n|\n|-heal|p2a: Skeledirge|28\/100|[from] item: Leftovers\n|upkeep\n|turn|7\n|\n|t:|1682059872\n|move|p1b: Quaquaval|Aqua Step|p2b: Gastrodon\n|-activate|p2b: Gastrodon|ability: Storm Drain\n|-ability|p2b: Gastrodon|Storm Drain|boost\n|-boost|p2b: Gastrodon|spa|1\n|move|p1a: Arcanine|Flare Blitz|p2b: Gastrodon\n|-resisted|p2b: Gastrodon\n|-damage|p2b: Gastrodon|35\/100\n|-damage|p1a: Arcanine|63\/100|[from] Recoil\n|move|p2a: Skeledirge|Torch Song|p1a: Arcanine\n|-resisted|p1a: Arcanine\n|-damage|p1a: Arcanine|27\/100\n|-boost|p2a: Skeledirge|spa|1\n|move|p2b: Gastrodon|Earth Power|p1a: Arcanine\n|-supereffective|p1a: Arcanine\n|-damage|p1a: Arcanine|0 fnt\n|faint|p1a: Arcanine\n|\n|-heal|p2a: Skeledirge|34\/100|[from] item: Leftovers\n|upkeep\n|turn|8\n|\n|t:|1682059892\n|move|p1b: Quaquaval|Aqua Step|p2b: Gastrodon\n|-activate|p2b: Gastrodon|ability: Storm Drain\n|-ability|p2b: Gastrodon|Storm Drain|boost\n|-boost|p2b: Gastrodon|spa|1\n|move|p2a: Skeledirge|Torch Song|p1b: Quaquaval\n|-resisted|p1b: Quaquaval\n|-damage|p1b: Quaquaval|41\/100\n|-boost|p2a: Skeledirge|spa|1\n|move|p2b: Gastrodon|Earth Power|p1b: Quaquaval\n|-damage|p1b: Quaquaval|0 fnt\n|faint|p1b: Quaquaval\n|\n|win|tythhh\n|raw|smagua's rating: 1019 → 1005<\/strong> (-14 for losing)\n|raw|tythhh's rating: 1000 → 1042<\/strong> (+42 for winning)\n","uploadtime":1682059905,"views":8,"p1id":"smagua","p2id":"tythhh","formatid":"gen9vgc2023regulationc","rating":1005,"private":0,"password":""}