{"id":"gen9vgc2023regulationc-1845965103","p1":"dhardwi2","p2":"Valhala Alfa","format":"[Gen 9] VGC 2023 Regulation C","log":"|j|\u2606dhardwi2\n|j|\u2606Valhala Alfa\n|t:|1681784745\n|gametype|doubles\n|player|p1|dhardwi2|giovanni|1156\n|player|p2|Valhala Alfa|102|1206\n|teamsize|p1|6\n|teamsize|p2|6\n|gen|9\n|tier|[Gen 9] VGC 2023 Regulation C\n|rated|\n|rule|Species Clause: Limit one of each Pok\u00e9mon\n|rule|Item Clause: Limit one of each item\n|clearpoke\n|poke|p1|Talonflame, L50, F|\n|poke|p1|Kilowattrel, L50, F|\n|poke|p1|Iron Valiant, L50|\n|poke|p1|Chien-Pao, L50|\n|poke|p1|Dragapult, L50, F|\n|poke|p1|Azumarill, L50, M|\n|poke|p2|Flutter Mane, L50|\n|poke|p2|Chi-Yu, L50|\n|poke|p2|Dragonite, L50, F|\n|poke|p2|Tauros-Paldea-Blaze, L50, M|\n|poke|p2|Gastrodon, L50, F|\n|poke|p2|Hariyama, L50, F|\n|teampreview|4\n|inactive|Battle timer is ON: inactive players will automatically lose when time's up. (requested by dhardwi2)\n|inactive|Valhala Alfa has 60 seconds left.\n|\n|t:|1681784797\n|start\n|switch|p1a: Talonflame|Talonflame, L50, F|100\/100\n|switch|p1b: Kilowattrel|Kilowattrel, L50, F|100\/100\n|switch|p2a: Hariyama|Hariyama, L50, F|100\/100\n|switch|p2b: Dragonite|Dragonite, L50, F|100\/100\n|turn|1\n|inactive|Valhala Alfa has 30 seconds left.\n|\n|t:|1681784827\n|move|p2a: Hariyama|Fake Out|p1a: Talonflame\n|-damage|p1a: Talonflame|78\/100\n|cant|p1a: Talonflame|flinch\n|move|p1b: Kilowattrel|Thunderbolt|p2b: Dragonite\n|-damage|p2b: Dragonite|74\/100\n|move|p2b: Dragonite|Tailwind|p2b: Dragonite\n|-sidestart|p2: Valhala Alfa|move: Tailwind\n|\n|upkeep\n|turn|2\n|\n|t:|1681784845\n|-terastallize|p2b: Dragonite|Normal\n|move|p2b: Dragonite|Extreme Speed|p1a: Talonflame\n|-damage|p1a: Talonflame|13\/100\n|move|p1a: Talonflame|Tailwind|p1a: Talonflame\n|-sidestart|p1: dhardwi2|move: Tailwind\n|-start|p1b: Kilowattrel|Charge|Tailwind|[from] ability: Wind Power\n|move|p1b: Kilowattrel|Thunderbolt|p2b: Dragonite\n|-damage|p2b: Dragonite|0 fnt\n|faint|p2b: Dragonite\n|-end|p1b: Kilowattrel|Charge|[silent]\n|move|p2a: Hariyama|Knock Off|p1b: Kilowattrel\n|-damage|p1b: Kilowattrel|36\/100\n|-enditem|p1b: Kilowattrel|Choice Specs|[from] move: Knock Off|[of] p2a: Hariyama\n|\n|upkeep\n|\n|t:|1681784867\n|switch|p2b: Flutter Mane|Flutter Mane, L50, shiny|100\/100\n|turn|3\n|\n|t:|1681784892\n|move|p2b: Flutter Mane|Protect|p2b: Flutter Mane\n|-singleturn|p2b: Flutter Mane|Protect\n|move|p2a: Hariyama|Bullet Punch|p1a: Talonflame\n|-resisted|p1a: Talonflame\n|-damage|p1a: Talonflame|1\/100\n|move|p1a: Talonflame|Brave Bird|p2a: Hariyama\n|-supereffective|p2a: Hariyama\n|-damage|p2a: Hariyama|5\/100\n|-damage|p1a: Talonflame|0 fnt|[from] Recoil\n|faint|p1a: Talonflame\n|move|p1b: Kilowattrel|Thunderbolt|p2b: Flutter Mane\n|-activate|p2b: Flutter Mane|move: Protect\n|\n|upkeep\n|c|\u2606Valhala Alfa|-.-\n|\n|t:|1681784908\n|switch|p1a: Azumarill|Azumarill, L50, M|100\/100\n|turn|4\n|\n|t:|1681784929\n|switch|p2a: Gastrodon|Gastrodon, L50, F|100\/100\n|move|p1a: Azumarill|Aqua Jet|p2a: Gastrodon\n|-ability|p2a: Gastrodon|Storm Drain|boost\n|-boost|p2a: Gastrodon|spa|1\n|move|p1b: Kilowattrel|Thunderbolt|p2b: Flutter Mane\n|-damage|p2b: Flutter Mane|67\/100\n|move|p2b: Flutter Mane|Dazzling Gleam|p1b: Kilowattrel|[spread] p1a,p1b\n|-damage|p1a: Azumarill|74\/100\n|-damage|p1b: Kilowattrel|0 fnt\n|faint|p1b: Kilowattrel\n|-damage|p2b: Flutter Mane|57\/100|[from] item: Life Orb\n|\n|-sideend|p2: Valhala Alfa|move: Tailwind\n|upkeep\n|\n|t:|1681784942\n|switch|p1b: Chien-Pao|Chien-Pao, L50|100\/100\n|-ability|p1b: Chien-Pao|Sword of Ruin\n|turn|5\n|\n|t:|1681784964\n|-terastallize|p1b: Chien-Pao|Ghost\n|move|p2b: Flutter Mane|Protect|p2b: Flutter Mane\n|-singleturn|p2b: Flutter Mane|Protect\n|move|p1b: Chien-Pao|Ice Spinner|p2b: Flutter Mane\n|-activate|p2b: Flutter Mane|move: Protect\n|move|p1a: Azumarill|Play Rough|p2a: Gastrodon\n|-damage|p2a: Gastrodon|18\/100\n|-unboost|p2a: Gastrodon|atk|1\n|move|p2a: Gastrodon|Muddy Water|p1b: Chien-Pao|[spread] p1a,p1b\n|-resisted|p1a: Azumarill\n|-damage|p1a: Azumarill|59\/100\n|-damage|p1b: Chien-Pao|30\/100\n|\n|-heal|p2a: Gastrodon|24\/100|[from] item: Leftovers\n|-sideend|p1: dhardwi2|move: Tailwind\n|upkeep\n|turn|6\n|inactive|dhardwi2 has 30 seconds left.\n|inactive|Valhala Alfa has 30 seconds left.\n|\n|t:|1681784996\n|move|p2a: Gastrodon|Protect|p2a: Gastrodon\n|-singleturn|p2a: Gastrodon|Protect\n|move|p1b: Chien-Pao|Ice Spinner|p2b: Flutter Mane\n|-damage|p2b: Flutter Mane|0 fnt\n|faint|p2b: Flutter Mane\n|-end|p2b: Flutter Mane|Protosynthesis|[silent]\n|move|p1a: Azumarill|Liquidation|p2a: Gastrodon\n|-activate|p2a: Gastrodon|move: Protect\n|\n|-heal|p2a: Gastrodon|31\/100|[from] item: Leftovers\n|upkeep\n|\n|t:|1681785005\n|switch|p2b: Hariyama|Hariyama, L50, F|5\/100\n|turn|7\n|\n|t:|1681785035\n|move|p1a: Azumarill|Aqua Jet|p2a: Gastrodon\n|-activate|p2a: Gastrodon|ability: Storm Drain\n|-ability|p2a: Gastrodon|Storm Drain|boost\n|-boost|p2a: Gastrodon|spa|1\n|move|p2b: Hariyama|Bullet Punch|p1b: Chien-Pao\n|-damage|p1b: Chien-Pao|12\/100\n|move|p1b: Chien-Pao|Ice Spinner|p2a: Gastrodon\n|-damage|p2a: Gastrodon|0 fnt\n|faint|p2a: Gastrodon\n|\n|upkeep\n|turn|8\n|\n|t:|1681785052\n|move|p1b: Chien-Pao|Sucker Punch|p2b: Hariyama\n|-resisted|p2b: Hariyama\n|-damage|p2b: Hariyama|0 fnt\n|faint|p2b: Hariyama\n|\n|win|dhardwi2\n|raw|dhardwi2's rating: 1156 → 1185<\/strong> (+29 for winning)\n|raw|Valhala Alfa's rating: 1206 → 1177<\/strong> (-29 for losing)\n|l|\u2606dhardwi2\n","uploadtime":1681785578,"views":5,"p1id":"dhardwi2","p2id":"valhalaalfa","formatid":"gen9vgc2023regulationc","rating":1177,"private":0,"password":""}