{"id":"gen9vgc2023regulationc-1855364933","p1":"xht","p2":"Determewnation","format":"[Gen 9] VGC 2023 Regulation C","log":"|j|\u2606xht\n|j|\u2606Determewnation\n|t:|1682943485\n|gametype|doubles\n|player|p1|xht|dawn-gen4pt|1322\n|player|p2|Determewnation|akari-isekai|1275\n|teamsize|p1|6\n|teamsize|p2|6\n|gen|9\n|tier|[Gen 9] VGC 2023 Regulation C\n|rated|\n|rule|Species Clause: Limit one of each Pok\u00e9mon\n|rule|Item Clause: Limit one of each item\n|clearpoke\n|poke|p1|Arcanine, L50, F|\n|poke|p1|Ting-Lu, L50|\n|poke|p1|Glimmora, L50, F|\n|poke|p1|Garganacl, L50, M|\n|poke|p1|Dragonite, L50, M|\n|poke|p1|Flutter Mane, L50|\n|poke|p2|Goodra, L50, F|\n|poke|p2|Murkrow, L50, F|\n|poke|p2|Meowscarada, L50, M|\n|poke|p2|Gholdengo, L50|\n|poke|p2|Indeedee-F, L50, F|\n|poke|p2|Iron Treads, L50|\n|teampreview|4\n|\n|t:|1682943543\n|start\n|switch|p1a: Arcanine|Arcanine, L50, F|100\/100\n|switch|p1b: Glimmora|Glimmora, L50, F|100\/100\n|switch|p2a: Murkrow|Murkrow, L50, F|100\/100\n|switch|p2b: Gholdengo|Gholdengo, L50|100\/100\n|-ability|p1a: Arcanine|Intimidate|boost\n|-unboost|p2a: Murkrow|atk|1\n|-unboost|p2b: Gholdengo|atk|1\n|turn|1\n|\n|t:|1682943564\n|move|p2b: Gholdengo|Protect|p2b: Gholdengo\n|-singleturn|p2b: Gholdengo|Protect\n|move|p1b: Glimmora|Spiky Shield|p1b: Glimmora\n|-singleturn|p1b: Glimmora|move: Protect\n|move|p1a: Arcanine|Snarl|p2b: Gholdengo|[spread] p2a\n|-activate|p2b: Gholdengo|move: Protect\n|-resisted|p2a: Murkrow\n|-damage|p2a: Murkrow|96\/100\n|-unboost|p2a: Murkrow|spa|1\n|move|p2a: Murkrow|Foul Play|p1a: Arcanine\n|-damage|p1a: Arcanine|59\/100\n|\n|upkeep\n|turn|2\n|\n|t:|1682943594\n|move|p2a: Murkrow|Tailwind|p2a: Murkrow\n|-sidestart|p2: Determewnation|move: Tailwind\n|move|p2b: Gholdengo|Make It Rain|p1a: Arcanine|[spread] p1a,p1b\n|-resisted|p1a: Arcanine\n|-crit|p1a: Arcanine\n|-supereffective|p1b: Glimmora\n|-damage|p1a: Arcanine|11\/100\n|-damage|p1b: Glimmora|0 fnt\n|-unboost|p2b: Gholdengo|spa|1\n|faint|p1b: Glimmora\n|-damage|p2b: Gholdengo|91\/100|[from] item: Life Orb\n|move|p1a: Arcanine|Snarl|p2a: Murkrow|[spread] p2a,p2b\n|-resisted|p2a: Murkrow\n|-supereffective|p2b: Gholdengo\n|-damage|p2a: Murkrow|92\/100\n|-damage|p2b: Gholdengo|71\/100\n|-unboost|p2a: Murkrow|spa|1\n|-unboost|p2b: Gholdengo|spa|1\n|\n|upkeep\n|\n|t:|1682943612\n|switch|p1b: Garganacl|Garganacl, L50, M|100\/100\n|turn|3\n|\n|t:|1682943630\n|-terastallize|p1b: Garganacl|Water\n|move|p1a: Arcanine|Extreme Speed|p2a: Murkrow\n|-damage|p2a: Murkrow|68\/100\n|move|p2a: Murkrow|Haze|p2a: Murkrow\n|-clearallboost\n|move|p2b: Gholdengo|Shadow Ball|p1a: Arcanine\n|-damage|p1a: Arcanine|0 fnt\n|faint|p1a: Arcanine\n|-damage|p2b: Gholdengo|62\/100|[from] item: Life Orb\n|move|p1b: Garganacl|Salt Cure|p2b: Gholdengo\n|-resisted|p2b: Gholdengo\n|-damage|p2b: Gholdengo|54\/100\n|-start|p2b: Gholdengo|Salt Cure\n|\n|-damage|p2b: Gholdengo|30\/100|[from] Salt Cure\n|upkeep\n|\n|t:|1682943647\n|switch|p1a: Flutter Mane|Flutter Mane, L50|100\/100\n|-enditem|p1a: Flutter Mane|Booster Energy\n|-activate|p1a: Flutter Mane|ability: Protosynthesis|[fromitem]\n|-start|p1a: Flutter Mane|protosynthesisspa\n|turn|4\n|\n|t:|1682943666\n|move|p1a: Flutter Mane|Protect|p1a: Flutter Mane\n|-singleturn|p1a: Flutter Mane|Protect\n|move|p2b: Gholdengo|Make It Rain|p1a: Flutter Mane|[spread] p1b\n|-activate|p1a: Flutter Mane|move: Protect\n|-resisted|p1b: Garganacl\n|-damage|p1b: Garganacl|78\/100\n|-unboost|p2b: Gholdengo|spa|1\n|-damage|p2b: Gholdengo|20\/100|[from] item: Life Orb\n|move|p2a: Murkrow|Foul Play|p1a: Flutter Mane\n|-activate|p1a: Flutter Mane|move: Protect\n|move|p1b: Garganacl|Salt Cure|p2a: Murkrow\n|-supereffective|p2a: Murkrow\n|-damage|p2a: Murkrow|38\/100\n|-start|p2a: Murkrow|Salt Cure\n|\n|-heal|p1b: Garganacl|84\/100|[from] item: Leftovers\n|-damage|p2b: Gholdengo|0 fnt|[from] Salt Cure\n|faint|p2b: Gholdengo\n|-damage|p2a: Murkrow|26\/100|[from] Salt Cure\n|upkeep\n|\n|t:|1682943670\n|switch|p2b: Iron Treads|Iron Treads, L50|100\/100\n|turn|5\n|\n|t:|1682943713\n|move|p2b: Iron Treads|Iron Head|p1a: Flutter Mane\n|-supereffective|p1a: Flutter Mane\n|-damage|p1a: Flutter Mane|0 fnt\n|faint|p1a: Flutter Mane\n|-end|p1a: Flutter Mane|Protosynthesis|[silent]\n|move|p2a: Murkrow|Foul Play|p1b: Garganacl\n|-damage|p1b: Garganacl|60\/100\n|move|p1b: Garganacl|Recover|p1b: Garganacl\n|-heal|p1b: Garganacl|100\/100\n|\n|-damage|p2a: Murkrow|14\/100|[from] Salt Cure\n|-sideend|p2: Determewnation|move: Tailwind\n|upkeep\n|turn|6\n|\n|t:|1682943725\n|move|p2b: Iron Treads|Earthquake|p1b: Garganacl|[spread] p1b\n|-immune|p2a: Murkrow\n|-damage|p1b: Garganacl|76\/100\n|move|p2a: Murkrow|Foul Play|p1b: Garganacl\n|-damage|p1b: Garganacl|57\/100\n|move|p1b: Garganacl|Salt Cure|p2b: Iron Treads\n|-resisted|p2b: Iron Treads\n|-damage|p2b: Iron Treads|97\/100\n|-start|p2b: Iron Treads|Salt Cure\n|\n|-heal|p1b: Garganacl|62\/100|[from] item: Leftovers\n|-damage|p2b: Iron Treads|73\/100|[from] Salt Cure\n|-damage|p2a: Murkrow|2\/100|[from] Salt Cure\n|upkeep\n|turn|7\n|\n|t:|1682943740\n|move|p1b: Garganacl|Protect|p1b: Garganacl\n|-singleturn|p1b: Garganacl|Protect\n|move|p2b: Iron Treads|Earthquake|p1b: Garganacl|[spread] \n|-activate|p1b: Garganacl|move: Protect\n|-immune|p2a: Murkrow\n|move|p2a: Murkrow|Foul Play|p1b: Garganacl\n|-activate|p1b: Garganacl|move: Protect\n|\n|-heal|p1b: Garganacl|68\/100|[from] item: Leftovers\n|-damage|p2b: Iron Treads|48\/100|[from] Salt Cure\n|-damage|p2a: Murkrow|0 fnt|[from] Salt Cure\n|faint|p2a: Murkrow\n|upkeep\n|\n|t:|1682943743\n|switch|p2a: Meowscarada|Meowscarada, L50, M|100\/100\n|turn|8\n|\n|t:|1682943764\n|move|p2a: Meowscarada|Flower Trick|p1b: Garganacl\n|-start|p2a: Meowscarada|typechange|Grass|[from] ability: Protean\n|-supereffective|p1b: Garganacl\n|-crit|p1b: Garganacl\n|-damage|p1b: Garganacl|0 fnt\n|faint|p1b: Garganacl\n|\n|win|Determewnation\n|raw|xht's rating: 1322 → 1299<\/strong> (-23 for losing)\n|raw|Determewnation's rating: 1275 → 1303<\/strong> (+28 for winning)\n|l|\u2606xht\n","uploadtime":1682943787,"views":17,"p1id":"xht","p2id":"determewnation","formatid":"gen9vgc2023regulationc","rating":1299,"private":0,"password":""}