{"id":"gen9vgc2023regulationc-1849784421","p1":"No heart no dream","p2":"Stef31","format":"[Gen 9] VGC 2023 Regulation C","log":"|j|\u2606No heart no dream\n|j|\u2606Stef31\n|t:|1682251131\n|gametype|doubles\n|player|p1|No heart no dream|marnie-masters3|1209\n|player|p2|Stef31|colress|1112\n|teamsize|p1|6\n|teamsize|p2|6\n|gen|9\n|tier|[Gen 9] VGC 2023 Regulation C\n|rated|\n|rule|Species Clause: Limit one of each Pok\u00e9mon\n|rule|Item Clause: Limit one of each item\n|clearpoke\n|poke|p1|Amoonguss, L50, F|\n|poke|p1|Arcanine, L50, M|\n|poke|p1|Flutter Mane, L50|\n|poke|p1|Scream Tail, L50|\n|poke|p1|Gothitelle, L50, F|\n|poke|p1|Palafin, L50, M|\n|poke|p2|Ting-Lu, L50|\n|poke|p2|Maushold, L50|\n|poke|p2|Dragapult, L50, M|\n|poke|p2|Chien-Pao, L50|\n|poke|p2|Palafin, L50, M|\n|poke|p2|Iron Hands, L50|\n|teampreview|4\n|inactive|Battle timer is ON: inactive players will automatically lose when time's up. (requested by No heart no dream)\n|\n|t:|1682251155\n|start\n|switch|p1a: Flutter Mane|Flutter Mane, L50|100\/100\n|switch|p1b: Amoonguss|Amoonguss, L50, F|100\/100\n|switch|p2a: Palafin|Palafin, L50, M|100\/100\n|switch|p2b: Maushold|Maushold, L50|100\/100\n|turn|1\n|\n|t:|1682251178\n|move|p1a: Flutter Mane|Protect|p1a: Flutter Mane\n|-singleturn|p1a: Flutter Mane|Protect\n|move|p2b: Maushold|Follow Me|p2b: Maushold\n|-singleturn|p2b: Maushold|move: Follow Me\n|move|p2a: Palafin|Flip Turn|p1a: Flutter Mane\n|-activate|p1a: Flutter Mane|move: Protect\n|move|p1b: Amoonguss|Spore|p2b: Maushold\n|-activate|p2b: Maushold|item: Safety Goggles|Spore\n|\n|upkeep\n|turn|2\n|\n|t:|1682251195\n|move|p2b: Maushold|Follow Me|p2b: Maushold\n|-singleturn|p2b: Maushold|move: Follow Me\n|move|p1a: Flutter Mane|Moonblast|p2b: Maushold\n|-damage|p2b: Maushold|41\/100\n|-unboost|p2b: Maushold|spa|1\n|move|p2a: Palafin|Flip Turn|p1a: Flutter Mane\n|-damage|p1a: Flutter Mane|62\/100\n|\n|t:|1682251209\n|detailschange|p2a: Palafin|Palafin-Hero, L50, M\n|switch|p2a: Chien-Pao|Chien-Pao, L50|100\/100|[from] Flip Turn\n|-ability|p2a: Chien-Pao|Sword of Ruin\n|move|p1b: Amoonguss|Spore|p2b: Maushold\n|-activate|p2b: Maushold|item: Safety Goggles|Spore\n|\n|upkeep\n|turn|3\n|\n|t:|1682251226\n|switch|p1b: Gothitelle|Gothitelle, L50, F|100\/100\n|move|p2b: Maushold|Follow Me|p2b: Maushold\n|-singleturn|p2b: Maushold|move: Follow Me\n|move|p2a: Chien-Pao|Ice Spinner|p1a: Flutter Mane\n|-damage|p1a: Flutter Mane|0 fnt\n|faint|p1a: Flutter Mane\n|-end|p1a: Flutter Mane|Protosynthesis|[silent]\n|\n|upkeep\n|inactive|No heart no dream has 30 seconds left.\n|\n|t:|1682251252\n|switch|p1a: Scream Tail|Scream Tail, L50, shiny|100\/100\n|-enditem|p1a: Scream Tail|Booster Energy\n|-activate|p1a: Scream Tail|ability: Protosynthesis|[fromitem]\n|-start|p1a: Scream Tail|protosynthesisspe\n|turn|4\n|\n|t:|1682251266\n|move|p1b: Gothitelle|Fake Out|p2a: Chien-Pao\n|-damage|p2a: Chien-Pao|95\/100\n|move|p1a: Scream Tail|Perish Song|p1a: Scream Tail\n|-start|p1a: Scream Tail|perish3|[silent]\n|-start|p1b: Gothitelle|perish3|[silent]\n|-start|p2a: Chien-Pao|perish3|[silent]\n|-start|p2b: Maushold|perish3|[silent]\n|-fieldactivate|move: Perish Song\n|cant|p2a: Chien-Pao|flinch\n|move|p2b: Maushold|Population Bomb|p1a: Scream Tail\n|-damage|p1a: Scream Tail|95\/100\n|-damage|p1a: Scream Tail|89\/100\n|-damage|p1a: Scream Tail|83\/100\n|-damage|p1a: Scream Tail|78\/100\n|-damage|p1a: Scream Tail|72\/100\n|-damage|p1a: Scream Tail|66\/100\n|-damage|p1a: Scream Tail|60\/100\n|-damage|p1a: Scream Tail|55\/100\n|-hitcount|p1a: Scream Tail|8\n|\n|-start|p1a: Scream Tail|perish3\n|-start|p2a: Chien-Pao|perish3\n|-start|p2b: Maushold|perish3\n|-start|p1b: Gothitelle|perish3\n|upkeep\n|turn|5\n|\n|t:|1682251287\n|move|p1a: Scream Tail|Protect|p1a: Scream Tail\n|-singleturn|p1a: Scream Tail|Protect\n|move|p1b: Gothitelle|Protect|p1b: Gothitelle\n|-singleturn|p1b: Gothitelle|Protect\n|move|p2a: Chien-Pao|Crunch|p1b: Gothitelle\n|-activate|p1b: Gothitelle|move: Protect\n|move|p2b: Maushold|Encore|p1a: Scream Tail\n|-activate|p1a: Scream Tail|move: Protect\n|\n|-start|p1a: Scream Tail|perish2\n|-start|p2a: Chien-Pao|perish2\n|-start|p2b: Maushold|perish2\n|-start|p1b: Gothitelle|perish2\n|upkeep\n|turn|6\n|\n|t:|1682251300\n|-end|p1a: Scream Tail|Protosynthesis|[silent]\n|switch|p1a: Amoonguss|Amoonguss, L50, F|100\/100\n|-terastallize|p1b: Gothitelle|Water\n|move|p2a: Chien-Pao|Crunch|p1b: Gothitelle\n|-damage|p1b: Gothitelle|49\/100\n|-enditem|p1b: Gothitelle|Sitrus Berry|[eat]\n|-heal|p1b: Gothitelle|74\/100|[from] item: Sitrus Berry\n|move|p2b: Maushold|Population Bomb|p1a: Amoonguss\n|-damage|p1a: Amoonguss|95\/100\n|-damage|p1a: Amoonguss|88\/100\n|-damage|p1a: Amoonguss|82\/100\n|-crit|p1a: Amoonguss\n|-damage|p1a: Amoonguss|72\/100\n|-damage|p1a: Amoonguss|65\/100\n|-damage|p1a: Amoonguss|58\/100\n|-hitcount|p1a: Amoonguss|6\n|move|p1b: Gothitelle|Heal Pulse|p1a: Amoonguss\n|-heal|p1a: Amoonguss|100\/100\n|\n|-start|p2a: Chien-Pao|perish1\n|-start|p2b: Maushold|perish1\n|-start|p1b: Gothitelle|perish1\n|upkeep\n|turn|7\n|inactive|Stef31 has 30 seconds left.\n|\n|t:|1682251329\n|switch|p1b: Scream Tail|Scream Tail, L50, shiny|55\/100\n|move|p1a: Amoonguss|Protect|p1a: Amoonguss\n|-singleturn|p1a: Amoonguss|Protect\n|move|p2a: Chien-Pao|Crunch|p1b: Scream Tail\n|-damage|p1b: Scream Tail|15\/100\n|move|p2b: Maushold|Population Bomb|p1b: Scream Tail\n|-damage|p1b: Scream Tail|9\/100\n|-damage|p1b: Scream Tail|4\/100\n|-damage|p1b: Scream Tail|0 fnt\n|faint|p1b: Scream Tail\n|-end|p1b: Scream Tail|Protosynthesis|[silent]\n|-hitcount|p1: Scream Tail|3\n|\n|-start|p2a: Chien-Pao|perish0\n|-start|p2b: Maushold|perish0\n|faint|p2a: Chien-Pao\n|faint|p2b: Maushold\n|upkeep\n|\n|t:|1682251343\n|switch|p2a: Iron Hands|Iron Hands, L50|100\/100\n|switch|p2b: Palafin|Palafin-Hero, L50, M|100\/100\n|switch|p1b: Gothitelle|Gothitelle, L50, F, tera:Water|74\/100\n|-activate|p2b: Palafin|ability: Zero to Hero\n|-enditem|p2a: Iron Hands|Booster Energy\n|-activate|p2a: Iron Hands|ability: Quark Drive|[fromitem]\n|-start|p2a: Iron Hands|quarkdriveatk\n|turn|8\n|\n|t:|1682251363\n|-terastallize|p2b: Palafin|Water\n|move|p1b: Gothitelle|Fake Out|p2a: Iron Hands\n|-damage|p2a: Iron Hands|97\/100\n|move|p2b: Palafin|Wave Crash|p1a: Amoonguss\n|-resisted|p1a: Amoonguss\n|-damage|p1a: Amoonguss|64\/100\n|-damage|p2b: Palafin|86\/100|[from] Recoil\n|cant|p2a: Iron Hands|flinch\n|move|p1a: Amoonguss|Spore|p2a: Iron Hands\n|-status|p2a: Iron Hands|slp|[from] move: Spore\n|\n|-heal|p2b: Palafin|91\/100|[from] item: Leftovers\n|upkeep\n|turn|9\n|\n|t:|1682251381\n|move|p1b: Gothitelle|Protect|p1b: Gothitelle\n|-singleturn|p1b: Gothitelle|Protect\n|move|p2b: Palafin|Wave Crash|p1a: Amoonguss\n|-resisted|p1a: Amoonguss\n|-damage|p1a: Amoonguss|23\/100\n|-damage|p2b: Palafin|74\/100|[from] Recoil\n|cant|p2a: Iron Hands|slp\n|move|p1a: Amoonguss|Spore|p2b: Palafin\n|-status|p2b: Palafin|slp|[from] move: Spore\n|\n|-heal|p2b: Palafin|80\/100 slp|[from] item: Leftovers\n|upkeep\n|turn|10\n|\n|t:|1682251396\n|cant|p2b: Palafin|slp\n|move|p1b: Gothitelle|Heal Pulse|p1a: Amoonguss\n|-heal|p1a: Amoonguss|73\/100\n|cant|p2a: Iron Hands|slp\n|move|p1a: Amoonguss|Pollen Puff|p2b: Palafin\n|-damage|p2b: Palafin|60\/100 slp\n|\n|-heal|p2b: Palafin|66\/100 slp|[from] item: Leftovers\n|upkeep\n|turn|11\n|inactive|No heart no dream has 30 seconds left.\n|\n|t:|1682251426\n|cant|p2b: Palafin|slp\n|move|p1b: Gothitelle|Psychic|p2a: Iron Hands\n|-supereffective|p2a: Iron Hands\n|-damage|p2a: Iron Hands|36\/100 slp\n|-unboost|p2a: Iron Hands|spd|1\n|cant|p2a: Iron Hands|slp\n|move|p1a: Amoonguss|Pollen Puff|p2a: Iron Hands\n|-resisted|p2a: Iron Hands\n|-damage|p2a: Iron Hands|23\/100 slp\n|\n|-heal|p2b: Palafin|72\/100 slp|[from] item: Leftovers\n|upkeep\n|turn|12\n|\n|t:|1682251442\n|move|p1a: Amoonguss|Rage Powder|p1a: Amoonguss\n|-singleturn|p1a: Amoonguss|move: Rage Powder\n|-curestatus|p2b: Palafin|slp|[msg]\n|move|p2b: Palafin|Wave Crash|p1a: Amoonguss\n|-resisted|p1a: Amoonguss\n|-damage|p1a: Amoonguss|35\/100\n|-damage|p2b: Palafin|57\/100|[from] Recoil\n|move|p1b: Gothitelle|Psychic|p2a: Iron Hands\n|-supereffective|p2a: Iron Hands\n|-damage|p2a: Iron Hands|0 fnt\n|faint|p2a: Iron Hands\n|-end|p2a: Iron Hands|Quark Drive|[silent]\n|\n|-heal|p2b: Palafin|62\/100|[from] item: Leftovers\n|upkeep\n|turn|13\n|\n|t:|1682251458\n|move|p1a: Amoonguss|Protect|p1a: Amoonguss\n|-singleturn|p1a: Amoonguss|Protect\n|move|p2b: Palafin|Wave Crash|p1a: Amoonguss\n|-activate|p1a: Amoonguss|move: Protect\n|move|p1b: Gothitelle|Psychic|p2b: Palafin\n|-damage|p2b: Palafin|30\/100\n|-unboost|p2b: Palafin|spd|1\n|\n|-heal|p2b: Palafin|35\/100|[from] item: Leftovers\n|upkeep\n|turn|14\n|\n|t:|1682251468\n|move|p1a: Amoonguss|Rage Powder|p1a: Amoonguss\n|-singleturn|p1a: Amoonguss|move: Rage Powder\n|move|p2b: Palafin|Wave Crash|p1a: Amoonguss\n|-resisted|p1a: Amoonguss\n|-damage|p1a: Amoonguss|0 fnt\n|faint|p1a: Amoonguss\n|-damage|p2b: Palafin|21\/100|[from] Recoil\n|move|p1b: Gothitelle|Psychic|p2b: Palafin\n|-damage|p2b: Palafin|0 fnt\n|faint|p2b: Palafin\n|\n|win|No heart no dream\n|raw|No heart no dream's rating: 1209 → 1227<\/strong> (+18 for winning)\n|raw|Stef31's rating: 1112 → 1094<\/strong> (-18 for losing)\n|l|\u2606Stef31\n","uploadtime":1682251486,"views":18,"p1id":"noheartnodream","p2id":"stef31","formatid":"gen9vgc2023regulationc","rating":1094,"private":0,"password":""}