{"id":"gen9vgc2023regulationc-1861594940","p1":"ExcelSheet","p2":"Mattytaxes","format":"[Gen 9] VGC 2023 Regulation C","log":"|j|\u2606ExcelSheet\n|j|\u2606Mattytaxes\n|t:|1683778422\n|gametype|doubles\n|player|p1|ExcelSheet|hilbert-wonderlauncher|\n|player|p2|Mattytaxes|unknown|\n|teamsize|p1|6\n|teamsize|p2|6\n|gen|9\n|tier|[Gen 9] VGC 2023 Regulation C\n|rule|Species Clause: Limit one of each Pok\u00e9mon\n|rule|Item Clause: Limit one of each item\n|clearpoke\n|poke|p1|Gholdengo, L50|\n|poke|p1|Chi-Yu, L50|\n|poke|p1|Chien-Pao, L50|\n|poke|p1|Baxcalibur, L50, M|\n|poke|p1|Dragonite, L50, M|\n|poke|p1|Roaring Moon, L50|\n|poke|p2|Murkrow, L50, M|\n|poke|p2|Flutter Mane, L50|\n|poke|p2|Great Tusk, L50|\n|poke|p2|Chi-Yu, L50|\n|poke|p2|Gyarados, L50, F|\n|poke|p2|Gholdengo, L50|\n|teampreview|4\n|inactive|Battle timer is ON: inactive players will automatically lose when time's up. (requested by ExcelSheet)\nMattytaxes has agreed to open team sheets.\n|inactive|ExcelSheet has 60 seconds left.\n|inactive|Mattytaxes has 60 seconds left.\nExcelSheet has agreed to open team sheets.\n|inactive|Mattytaxes has 30 seconds left.\n|inactive|Mattytaxes has 20 seconds left.\n|\n|t:|1683778498\n|start\n|switch|p1a: Roaring Moon|Roaring Moon, L50|100\/100\n|switch|p1b: Dragonite|Dragonite, L50, M|100\/100\n|switch|p2a: Murkrow|Murkrow, L50, M, shiny|100\/100\n|switch|p2b: Flutter Mane|Flutter Mane, L50|100\/100\n|-enditem|p1a: Roaring Moon|Booster Energy\n|-activate|p1a: Roaring Moon|ability: Protosynthesis|[fromitem]\n|-start|p1a: Roaring Moon|protosynthesisspe\n|turn|1\n|inactive|Mattytaxes has 30 seconds left.\n|inactive|Mattytaxes has 20 seconds left.\n|\n|t:|1683778535\n|switch|p1b: Gholdengo|Gholdengo, L50|100\/100\n|-terastallize|p1a: Roaring Moon|Flying\n|-terastallize|p2b: Flutter Mane|Fairy\n|move|p2a: Murkrow|Tailwind|p2a: Murkrow\n|-sidestart|p2: Mattytaxes|move: Tailwind\n|move|p2b: Flutter Mane|Dazzling Gleam|p1b: Gholdengo|[spread] p1a,p1b\n|-resisted|p1b: Gholdengo\n|-damage|p1a: Roaring Moon|38\/100\n|-damage|p1b: Gholdengo|68\/100\n|move|p1a: Roaring Moon|Acrobatics|p2b: Flutter Mane\n|-crit|p2b: Flutter Mane\n|-damage|p2b: Flutter Mane|0 fnt\n|faint|p2b: Flutter Mane\n|-end|p2b: Flutter Mane|Protosynthesis|[silent]\n|\n|upkeep\n|\n|t:|1683778551\n|switch|p2b: Great Tusk|Great Tusk, L50|100\/100\n|turn|2\n|inactive|Mattytaxes has 30 seconds left.\n|c|\u2606ExcelSheet|How's the stream going?\n|inactive|Mattytaxes has 20 seconds left.\n|inactive|Mattytaxes has 15 seconds left.\n|\n|t:|1683778594\n|move|p2a: Murkrow|Sunny Day|p2a: Murkrow\n|-weather|SunnyDay\n|-activate|p2b: Great Tusk|ability: Protosynthesis\n|-start|p2b: Great Tusk|protosynthesisatk\n|move|p2b: Great Tusk|Earthquake|p1a: Roaring Moon|[spread] p1b\n|-immune|p2a: Murkrow\n|-immune|p1a: Roaring Moon\n|-supereffective|p1b: Gholdengo\n|-damage|p1b: Gholdengo|0 fnt\n|faint|p1b: Gholdengo\n|move|p1a: Roaring Moon|Acrobatics|p2b: Great Tusk\n|-supereffective|p2b: Great Tusk\n|-damage|p2b: Great Tusk|5\/100\n|\n|-weather|SunnyDay|[upkeep]\n|upkeep\n|\n|t:|1683778608\n|switch|p1b: Dragonite|Dragonite, L50, M|100\/100\n|turn|3\n|\n|t:|1683778624\n|-end|p2b: Great Tusk|Protosynthesis|[silent]\n|switch|p2b: Gyarados|Gyarados, L50, F|100\/100\n|-ability|p2b: Gyarados|Intimidate|boost\n|-unboost|p1a: Roaring Moon|atk|1\n|-fail|p1b: Dragonite|unboost|Attack|[from] ability: Inner Focus|[of] p1b: Dragonite\n|move|p1b: Dragonite|Extreme Speed|p2b: Gyarados\n|-damage|p2b: Gyarados|55\/100\n|move|p1a: Roaring Moon|Acrobatics|p2a: Murkrow\n|-damage|p2a: Murkrow|61\/100\n|move|p2a: Murkrow|Foul Play|p1a: Roaring Moon\n|-damage|p1a: Roaring Moon|0 fnt\n|faint|p1a: Roaring Moon\n|-end|p1a: Roaring Moon|Protosynthesis|[silent]\n|\n|-weather|SunnyDay|[upkeep]\n|upkeep\n|c|\u2606Mattytaxes|haha solid, having a fun time with it tonight\n|\n|t:|1683778639\n|switch|p1a: Baxcalibur|Baxcalibur, L50, M|100\/100\n|turn|4\n|inactive|Mattytaxes has 30 seconds left.\n|c|\u2606ExcelSheet|that's good to hear\n|inactive|Mattytaxes has 20 seconds left.\n|\n|t:|1683778676\n|move|p1b: Dragonite|Extreme Speed|p2a: Murkrow\n|-damage|p2a: Murkrow|16\/100\n|move|p1a: Baxcalibur|Ice Shard|p2a: Murkrow\n|-supereffective|p2a: Murkrow\n|-damage|p2a: Murkrow|0 fnt\n|faint|p2a: Murkrow\n|move|p2b: Gyarados|Waterfall|p1a: Baxcalibur\n|-resisted|p1a: Baxcalibur\n|-damage|p1a: Baxcalibur|92\/100\n|\n|-weather|SunnyDay|[upkeep]\n|-sideend|p2: Mattytaxes|move: Tailwind\n|upkeep\n|c|\u2606ExcelSheet|its' been really chaotic running and playing at the same time\n|\n|t:|1683778686\n|switch|p2a: Great Tusk|Great Tusk, L50|5\/100\n|-activate|p2a: Great Tusk|ability: Protosynthesis\n|-start|p2a: Great Tusk|protosynthesisatk\n|turn|5\n|inactive|Mattytaxes has 30 seconds left.\n|inactive|Mattytaxes has 20 seconds left.\n|inactive|Mattytaxes has 15 seconds left.\n|c|\u2606Mattytaxes|it always is, i really appreciate you hosting for that reason\n|c|\u2606Mattytaxes|fr\n|inactive|Mattytaxes has 10 seconds left.\n|\n|t:|1683778735\n|move|p2b: Gyarados|Helping Hand|p2a: Great Tusk\n|-singleturn|p2a: Great Tusk|Helping Hand|[of] p2b: Gyarados\n|move|p1b: Dragonite|Extreme Speed|p2b: Gyarados\n|-damage|p2b: Gyarados|8\/100\n|-enditem|p2b: Gyarados|Sitrus Berry|[eat]\n|-heal|p2b: Gyarados|33\/100|[from] item: Sitrus Berry\n|move|p1a: Baxcalibur|Ice Shard|p2a: Great Tusk\n|-supereffective|p2a: Great Tusk\n|-damage|p2a: Great Tusk|0 fnt\n|faint|p2a: Great Tusk\n|-end|p2a: Great Tusk|Protosynthesis|[silent]\n|\n|-weather|SunnyDay|[upkeep]\n|upkeep\n|turn|6\n|c|\u2606ExcelSheet|np\n|c|\u2606Mattytaxes|especially late night, these are great\n|c|\u2606ExcelSheet|Still kind of new to the website so there's been hiccups\n|\n|t:|1683778755\n|move|p1b: Dragonite|Extreme Speed|p2b: Gyarados\n|-damage|p2b: Gyarados|0 fnt\n|faint|p2b: Gyarados\n|\n|win|ExcelSheet\n","uploadtime":1683778762,"views":11,"p1id":"excelsheet","p2id":"mattytaxes","formatid":"gen9vgc2023regulationc","rating":0,"private":0,"password":""}