{"id":"gen9vgc2023regulationc-1855134255","p1":"Pokex265","p2":"tezminator","format":"[Gen 9] VGC 2023 Regulation C","log":"|j|\u2606Pokex265\n|j|\u2606tezminator\n|t:|1682905440\n|gametype|doubles\n|player|p1|Pokex265|riley|1100\n|player|p2|tezminator|2|1014\n|teamsize|p1|6\n|teamsize|p2|6\n|gen|9\n|tier|[Gen 9] VGC 2023 Regulation C\n|rated|\n|rule|Species Clause: Limit one of each Pok\u00e9mon\n|rule|Item Clause: Limit one of each item\n|clearpoke\n|poke|p1|Farigiraf, L50, F|\n|poke|p1|Garganacl, L50, M|\n|poke|p1|Hatterene, L50, F|\n|poke|p1|Annihilape, L50, F|\n|poke|p1|Espathra, L50, F|\n|poke|p1|Salamence, L50, F|\n|poke|p2|Florges, L50, F|\n|poke|p2|Gogoat, L50, F|\n|poke|p2|Goodra, L50, M|\n|poke|p2|Pachirisu, L50, M|\n|poke|p2|Corviknight, L50, F|\n|poke|p2|Iron Treads, L50|\n|teampreview|4\n|inactive|Battle timer is ON: inactive players will automatically lose when time's up. (requested by tezminator)\n|inactive|Pokex265 has 60 seconds left.\n|inactive|tezminator has 60 seconds left.\ntezminator has agreed to open team sheets.\n|\n|t:|1682905481\n|start\n|switch|p1a: Garganacl|Garganacl, L50, M|100\/100\n|switch|p1b: Espathra|Espathra, L50, F|100\/100\n|switch|p2a: Florges|Florges, L50, F|100\/100\n|switch|p2b: Corviknight|Corviknight, L50, F|100\/100\n|turn|1\n|\n|t:|1682905504\n|switch|p1b: Farigiraf|Farigiraf, L50, F|100\/100\n|move|p2a: Florges|Skill Swap|p1b: Farigiraf\n|-activate|p2a: Florges|move: Skill Swap|Armor Tail|Flower Veil|[of] p1b: Farigiraf\n|move|p2b: Corviknight|Tailwind|p2b: Corviknight\n|-sidestart|p2: tezminator|move: Tailwind\n|move|p1a: Garganacl|Salt Cure|p2b: Corviknight\n|-damage|p2b: Corviknight|89\/100\n|-start|p2b: Corviknight|Salt Cure\n|\n|-damage|p2b: Corviknight|64\/100|[from] Salt Cure\n|upkeep\n|turn|2\n|\n|t:|1682905521\n|switch|p2b: Goodra|Goodra, L50, M|100\/100\n|move|p1b: Farigiraf|Ally Switch|p1b: Farigiraf\n|swap|p1b: Farigiraf|0|[from] move: Ally Switch\n|move|p2a: Florges|Petal Blizzard|p1a: Farigiraf|[spread] p1a,p1b\n|-ability|p2b: Goodra|Sap Sipper|boost\n|-boost|p2b: Goodra|atk|1\n|-supereffective|p1b: Garganacl\n|-damage|p1a: Farigiraf|91\/100\n|-damage|p1b: Garganacl|89\/100\n|move|p1b: Garganacl|Salt Cure|p2a: Florges\n|-damage|p2a: Florges|88\/100\n|-start|p2a: Florges|Salt Cure\n|\n|-heal|p1b: Garganacl|95\/100|[from] item: Leftovers\n|-damage|p2a: Florges|75\/100|[from] Salt Cure\n|upkeep\n|turn|3\n|inactive|Pokex265 has 30 seconds left.\n|\n|t:|1682905549\n|switch|p1a: Salamence|Salamence, L50, F|100\/100\n|move|p1b: Garganacl|Wide Guard|p1b: Garganacl\n|-singleturn|p1b: Garganacl|Wide Guard\n|move|p2b: Goodra|Power Whip|p1b: Garganacl\n|-supereffective|p1b: Garganacl\n|-damage|p1b: Garganacl|38\/100\n|move|p2a: Florges|Petal Blizzard|p1a: Salamence|[spread] \n|-activate|p1a: Salamence|move: Wide Guard\n|-activate|p1b: Garganacl|move: Wide Guard\n|-ability|p2b: Goodra|Sap Sipper|boost\n|-boost|p2b: Goodra|atk|1\n|\n|-heal|p1b: Garganacl|43\/100|[from] item: Leftovers\n|-damage|p2a: Florges|63\/100|[from] Salt Cure\n|upkeep\n|turn|4\n|inactive|Pokex265 has 30 seconds left.\n|\n|t:|1682905583\n|switch|p2a: Corviknight|Corviknight, L50, F|64\/100\n|-terastallize|p1a: Salamence|Steel\n|move|p2b: Goodra|Dragon Claw|p1a: Salamence\n|-resisted|p1a: Salamence\n|-damage|p1a: Salamence|60\/100\n|move|p1a: Salamence|Dragon Dance|p1a: Salamence\n|-boost|p1a: Salamence|atk|1\n|-boost|p1a: Salamence|spe|1\n|-enditem|p2a: Corviknight|Mirror Herb\n|-boost|p2a: Corviknight|atk|1|[from] item: Mirror Herb\n|-boost|p2a: Corviknight|spe|1|[from] item: Mirror Herb\n|move|p1b: Garganacl|Recover|p1b: Garganacl\n|-heal|p1b: Garganacl|94\/100\n|\n|-heal|p1b: Garganacl|99\/100|[from] item: Leftovers\n|-sideend|p2: tezminator|move: Tailwind\n|upkeep\n|turn|5\n|\n|t:|1682905607\n|move|p2b: Goodra|Protect|p2b: Goodra\n|-singleturn|p2b: Goodra|Protect\n|move|p1a: Salamence|Dragon Claw|p2b: Goodra\n|-activate|p2b: Goodra|move: Protect\n|move|p2a: Corviknight|Tailwind|p2a: Corviknight\n|-sidestart|p2: tezminator|move: Tailwind\n|move|p1b: Garganacl|Salt Cure|p2a: Corviknight\n|-damage|p2a: Corviknight|53\/100\n|-start|p2a: Corviknight|Salt Cure\n|\n|-heal|p1b: Garganacl|100\/100|[from] item: Leftovers\n|-damage|p2a: Corviknight|28\/100|[from] Salt Cure\n|upkeep\n|turn|6\n|\n|t:|1682905629\n|switch|p2a: Florges|Florges, L50, F|63\/100\n|-terastallize|p2b: Goodra|Grass\n|move|p1a: Salamence|Protect|p1a: Salamence\n|-singleturn|p1a: Salamence|Protect\n|move|p1b: Garganacl|Protect|p1b: Garganacl\n|-singleturn|p1b: Garganacl|Protect\n|move|p2b: Goodra|Power Whip|p1b: Garganacl\n|-activate|p1b: Garganacl|move: Protect\n|\n|upkeep\n|turn|7\n|inactive|tezminator has 30 seconds left.\n|\n|t:|1682905655\n|switch|p1b: Farigiraf|Farigiraf, L50, F|91\/100\n|move|p1a: Salamence|Tera Blast|p2a: Florges\n|-supereffective|p2a: Florges\n|-damage|p2a: Florges|0 fnt\n|faint|p2a: Florges\n|-ability|p1a: Salamence|Moxie|boost\n|-boost|p1a: Salamence|atk|1\n|move|p2b: Goodra|Dragon Claw|p1a: Salamence\n|-resisted|p1a: Salamence\n|-damage|p1a: Salamence|14\/100\n|\n|upkeep\n|\n|t:|1682905666\n|switch|p2a: Corviknight|Corviknight, L50, F|28\/100\n|turn|8\n|\n|t:|1682905678\n|move|p1b: Farigiraf|Ally Switch|p1b: Farigiraf\n|swap|p1b: Farigiraf|0|[from] move: Ally Switch\n|move|p1b: Salamence|Dragon Claw|p2b: Goodra\n|-damage|p2b: Goodra|35\/100\n|move|p2b: Goodra|Dragon Claw|p1a: Farigiraf\n|-damage|p1a: Farigiraf|19\/100\n|move|p2a: Corviknight|Taunt|p1b: Salamence\n|-start|p1b: Salamence|move: Taunt\n|\n|-sideend|p2: tezminator|move: Tailwind\n|upkeep\n|turn|9\n|\n|t:|1682905693\n|move|p2b: Goodra|Protect|p2b: Goodra\n|-singleturn|p2b: Goodra|Protect\n|move|p1b: Salamence|Dragon Claw|p2b: Goodra\n|-activate|p2b: Goodra|move: Protect\n|move|p2a: Corviknight|Tailwind|p2a: Corviknight\n|-sidestart|p2: tezminator|move: Tailwind\n|move|p1a: Farigiraf|Dazzling Gleam|p2a: Corviknight|[spread] p2a\n|-activate|p2b: Goodra|move: Protect\n|-resisted|p2a: Corviknight\n|-damage|p2a: Corviknight|19\/100\n|\n|upkeep\n|turn|10\n|\n|t:|1682905715\n|move|p1b: Salamence|Dragon Claw|p2b: Goodra\n|-damage|p2b: Goodra|0 fnt\n|faint|p2b: Goodra\n|-ability|p1b: Salamence|Moxie|boost\n|-boost|p1b: Salamence|atk|1\n|move|p2a: Corviknight|Brave Bird|p1b: Salamence\n|-resisted|p1b: Salamence\n|-damage|p1b: Salamence|0 fnt\n|faint|p1b: Salamence\n|-damage|p2a: Corviknight|15\/100|[from] Recoil\n|move|p1a: Farigiraf|Dazzling Gleam|p2a: Corviknight\n|-resisted|p2a: Corviknight\n|-damage|p2a: Corviknight|4\/100\n|\n|upkeep\n|\n|t:|1682905728\n|switch|p1b: Espathra|Espathra, L50, F|100\/100\n|switch|p2b: Gogoat|Gogoat, L50, F|100\/100\n|turn|11\n|\n|t:|1682905742\n|switch|p1a: Garganacl|Garganacl, L50, M|100\/100\n|move|p1b: Espathra|Protect|p1b: Espathra\n|-singleturn|p1b: Espathra|Protect\n|move|p2a: Corviknight|Taunt|p1a: Garganacl\n|-start|p1a: Garganacl|move: Taunt\n|move|p2b: Gogoat|Horn Leech|p1b: Espathra\n|-activate|p1b: Espathra|move: Protect\n|\n|-ability|p1b: Espathra|Speed Boost|boost\n|-boost|p1b: Espathra|spe|1\n|upkeep\n|turn|12\n|\n|t:|1682905757\n|switch|p1b: Farigiraf|Farigiraf, L50, F|19\/100\n|move|p2a: Corviknight|Taunt|p1b: Farigiraf\n|-start|p1b: Farigiraf|move: Taunt\n|move|p2b: Gogoat|Horn Leech|p1a: Garganacl\n|-supereffective|p1a: Garganacl\n|-damage|p1a: Garganacl|60\/100\n|move|p1a: Garganacl|Salt Cure|p2a: Corviknight\n|-damage|p2a: Corviknight|0 fnt\n|faint|p2a: Corviknight\n|\n|-heal|p1a: Garganacl|66\/100|[from] item: Leftovers\n|-sideend|p2: tezminator|move: Tailwind\n|upkeep\n|turn|13\n|\n|t:|1682905772\n|move|p2b: Gogoat|Horn Leech|p1a: Garganacl\n|-supereffective|p1a: Garganacl\n|-damage|p1a: Garganacl|27\/100\n|move|p1b: Farigiraf|Dazzling Gleam|p2b: Gogoat\n|-damage|p2b: Gogoat|83\/100\n|move|p1a: Garganacl|Salt Cure|p2b: Gogoat\n|-damage|p2b: Gogoat|69\/100\n|-start|p2b: Gogoat|Salt Cure\n|\n|-heal|p1a: Garganacl|33\/100|[from] item: Leftovers\n|-damage|p2b: Gogoat|57\/100|[from] Salt Cure\n|-end|p1a: Garganacl|move: Taunt\n|upkeep\n|turn|14\n|\n|t:|1682905788\n|move|p1a: Garganacl|Protect|p1a: Garganacl\n|-singleturn|p1a: Garganacl|Protect\n|move|p2b: Gogoat|Horn Leech|p1b: Farigiraf\n|-damage|p1b: Farigiraf|0 fnt\n|-heal|p2b: Gogoat|65\/100|[from] drain|[of] p1b: Farigiraf\n|faint|p1b: Farigiraf\n|\n|-heal|p1a: Garganacl|39\/100|[from] item: Leftovers\n|-damage|p2b: Gogoat|53\/100|[from] Salt Cure\n|upkeep\n|\n|t:|1682905793\n|switch|p1b: Espathra|Espathra, L50, F|100\/100\n|turn|15\n|\n|t:|1682905800\n|move|p1b: Espathra|Protect|p1b: Espathra\n|-singleturn|p1b: Espathra|Protect\n|move|p2b: Gogoat|Horn Leech|p1a: Garganacl\n|-supereffective|p1a: Garganacl\n|-damage|p1a: Garganacl|0 fnt\n|-heal|p2b: Gogoat|71\/100|[from] drain|[of] p1a: Garganacl\n|faint|p1a: Garganacl\n|\n|-damage|p2b: Gogoat|59\/100|[from] Salt Cure\n|-ability|p1b: Espathra|Speed Boost|boost\n|-boost|p1b: Espathra|spe|1\n|upkeep\n|turn|16\n|\n|t:|1682905815\n|move|p1b: Espathra|Calm Mind|p1b: Espathra\n|-boost|p1b: Espathra|spa|1\n|-boost|p1b: Espathra|spd|1\n|move|p2b: Gogoat|Horn Leech|p1b: Espathra\n|-damage|p1b: Espathra|46\/100\n|-heal|p2b: Gogoat|81\/100|[from] drain|[of] p1b: Espathra\n|\n|-damage|p2b: Gogoat|68\/100|[from] Salt Cure\n|-ability|p1b: Espathra|Speed Boost|boost\n|-boost|p1b: Espathra|spe|1\n|upkeep\n|turn|17\n|\n|t:|1682905826\n|move|p1b: Espathra|Protect|p1b: Espathra\n|-singleturn|p1b: Espathra|Protect\n|move|p2b: Gogoat|Horn Leech|p1b: Espathra\n|-activate|p1b: Espathra|move: Protect\n|\n|-damage|p2b: Gogoat|56\/100|[from] Salt Cure\n|-ability|p1b: Espathra|Speed Boost|boost\n|-boost|p1b: Espathra|spe|1\n|upkeep\n|turn|18\n|\n|t:|1682905836\n|move|p1b: Espathra|Stored Power|p2b: Gogoat\n|-damage|p2b: Gogoat|0 fnt\n|faint|p2b: Gogoat\n|\n|win|Pokex265\n|raw|Pokex265's rating: 1100 → 1119<\/strong> (+19 for winning)\n|raw|tezminator's rating: 1014 → 1005<\/strong> (-9 for losing)\n","uploadtime":1682905842,"views":12,"p1id":"pokex265","p2id":"tezminator","formatid":"gen9vgc2023regulationc","rating":1005,"private":0,"password":""}