{"id":"gen9vgc2023regulationc-1863555770","p1":"DatGuyJimmeh","p2":"Idk544","format":"[Gen 9] VGC 2023 Regulation C","log":"|j|\u2606DatGuyJimmeh\n|j|\u2606Idk544\n|t:|1684033680\n|gametype|doubles\n|player|p1|DatGuyJimmeh|harlequin|1297\n|player|p2|Idk544|silver|1362\n|teamsize|p1|6\n|teamsize|p2|6\n|gen|9\n|tier|[Gen 9] VGC 2023 Regulation C\n|rated|\n|rule|Species Clause: Limit one of each Pok\u00e9mon\n|rule|Item Clause: Limit one of each item\n|clearpoke\n|poke|p1|Murkrow, L50, M|\n|poke|p1|Tinkaton, L50, F|\n|poke|p1|Iron Moth, L50|\n|poke|p1|Dragonite, L50, F|\n|poke|p1|Great Tusk, L50|\n|poke|p1|Chien-Pao, L50|\n|poke|p2|Orthworm, L50, M|\n|poke|p2|Iron Hands, L50|\n|poke|p2|Flutter Mane, L50|\n|poke|p2|Gholdengo, L50|\n|poke|p2|Gyarados, L50, M|\n|poke|p2|Ting-Lu, L50|\n|teampreview|4\nDatGuyJimmeh has agreed to open team sheets.\nIdk544 has agreed to open team sheets.\n|inactive|Battle timer is ON: inactive players will automatically lose when time's up. (requested by DatGuyJimmeh)\n|inactive|Idk544 has 60 seconds left.\n|\n|t:|1684033801\n|start\n|switch|p1a: Tinkaton|Tinkaton, L50, F|100\/100\n|switch|p1b: Great Tusk|Great Tusk, L50|100\/100\n|switch|p2a: Orthworm|Orthworm, L50, M|100\/100\n|switch|p2b: Gyarados|Gyarados, L50, M|100\/100\n|-ability|p2b: Gyarados|Intimidate|boost\n|-unboost|p1a: Tinkaton|atk|1\n|-unboost|p1b: Great Tusk|atk|1\n|-ability|p1a: Tinkaton|Mold Breaker\n|turn|1\n|\n|t:|1684033824\n|switch|p2b: Iron Hands|Iron Hands, L50|100\/100\n|move|p2a: Orthworm|Protect|p2a: Orthworm\n|-singleturn|p2a: Orthworm|Protect\n|move|p1a: Tinkaton|Fake Out|p2a: Orthworm\n|-activate|p2a: Orthworm|move: Protect\n|move|p1b: Great Tusk|Rock Slide|p2a: Orthworm|[spread] p2b\n|-activate|p2a: Orthworm|move: Protect\n|-resisted|p2b: Iron Hands\n|-damage|p2b: Iron Hands|96\/100\n|\n|upkeep\n|turn|2\n|\n|t:|1684033848\n|-end|p1b: Great Tusk|Protosynthesis|[silent]\n|switch|p1b: Dragonite|Dragonite, L50, F|100\/100\n|move|p2b: Iron Hands|Fake Out|p1b: Dragonite\n|-damage|p1b: Dragonite|94\/100\n|move|p1a: Tinkaton|Gigaton Hammer|p2a: Orthworm\n|-resisted|p2a: Orthworm\n|-damage|p2a: Orthworm|90\/100\n|move|p2a: Orthworm|Shed Tail|p2a: Orthworm\n|-start|p2a: Orthworm|Substitute|[from] move: Shed Tail\n|-damage|p2a: Orthworm|40\/100\n|-enditem|p2a: Orthworm|Sitrus Berry|[eat]\n|-heal|p2a: Orthworm|65\/100|[from] item: Sitrus Berry\n|\n|t:|1684033865\n|switch|p2a: Flutter Mane|Flutter Mane, L50|100\/100|[from] Shed Tail\n|\n|upkeep\n|turn|3\n|\n|t:|1684033888\n|-terastallize|p1b: Dragonite|Normal\n|move|p2a: Flutter Mane|Protect|p2a: Flutter Mane\n|-singleturn|p2a: Flutter Mane|Protect\n|move|p1a: Tinkaton|Baby-Doll Eyes|p2b: Iron Hands\n|-unboost|p2b: Iron Hands|atk|1\n|move|p1b: Dragonite|Stomping Tantrum|p2a: Flutter Mane\n|-activate|p2a: Flutter Mane|move: Protect\n|move|p2b: Iron Hands|Volt Switch|p1a: Tinkaton\n|-damage|p1a: Tinkaton|89\/100\n|-enditem|p1a: Tinkaton|Eject Button\n|\n|t:|1684033899\n|switch|p1a: Great Tusk|Great Tusk, L50|100\/100\n|\n|upkeep\n|turn|4\n|inactive|Idk544 has 30 seconds left.\n|inactive|Idk544 has 20 seconds left.\n|\n|t:|1684033938\n|-end|p2b: Iron Hands|Quark Drive|[silent]\n|switch|p2b: Gyarados|Gyarados, L50, M|100\/100\n|-ability|p2b: Gyarados|Intimidate|boost\n|-unboost|p1a: Great Tusk|atk|1\n|-unboost|p1b: Dragonite|atk|1\n|move|p1a: Great Tusk|Headlong Rush|p2a: Flutter Mane\n|-end|p2a: Flutter Mane|Substitute\n|-unboost|p1a: Great Tusk|def|1\n|-unboost|p1a: Great Tusk|spd|1\n|move|p2a: Flutter Mane|Dazzling Gleam|p1b: Dragonite|[spread] p1a,p1b\n|-supereffective|p1a: Great Tusk\n|-damage|p1a: Great Tusk|0 fnt\n|-damage|p1b: Dragonite|61\/100\n|faint|p1a: Great Tusk\n|-end|p1a: Great Tusk|Protosynthesis|[silent]\n|move|p1b: Dragonite|Stomping Tantrum|p2a: Flutter Mane\n|-damage|p2a: Flutter Mane|32\/100\n|\n|upkeep\n|\n|t:|1684033959\n|switch|p1a: Chien-Pao|Chien-Pao, L50|100\/100\n|-ability|p1a: Chien-Pao|Sword of Ruin\n|turn|5\n|\n|t:|1684033969\n|-end|p2a: Flutter Mane|Protosynthesis|[silent]\n|switch|p2a: Orthworm|Orthworm, L50, M|65\/100\n|switch|p1b: Tinkaton|Tinkaton, L50, F|89\/100\n|-ability|p1b: Tinkaton|Mold Breaker\n|move|p1a: Chien-Pao|Ice Spinner|p2a: Orthworm\n|-resisted|p2a: Orthworm\n|-damage|p2a: Orthworm|46\/100\n|move|p2b: Gyarados|Dragon Dance|p2b: Gyarados\n|-boost|p2b: Gyarados|atk|1\n|-boost|p2b: Gyarados|spe|1\n|\n|upkeep\n|turn|6\n|inactive|DatGuyJimmeh has 30 seconds left.\n|inactive|Idk544 has 30 seconds left.\n|\n|t:|1684034004\n|switch|p2a: Iron Hands|Iron Hands, L50|96\/100\n|move|p2b: Gyarados|Protect|p2b: Gyarados\n|-singleturn|p2b: Gyarados|Protect\n|move|p1b: Tinkaton|Fake Out|p2b: Gyarados\n|-activate|p2b: Gyarados|move: Protect\n|move|p1a: Chien-Pao|Sucker Punch||[still]\n|-fail|p1a: Chien-Pao\n|\n|upkeep\n|turn|7\n|\n|t:|1684034027\n|move|p1a: Chien-Pao|Protect|p1a: Chien-Pao\n|-singleturn|p1a: Chien-Pao|Protect\n|move|p2a: Iron Hands|Fake Out|p1a: Chien-Pao\n|-activate|p1a: Chien-Pao|move: Protect\n|move|p1b: Tinkaton|Baby-Doll Eyes|p2b: Gyarados\n|-unboost|p2b: Gyarados|atk|1\n|move|p2b: Gyarados|Waterfall|p1b: Tinkaton\n|-damage|p1b: Tinkaton|43\/100\n|\n|upkeep\n|turn|8\n|\n|t:|1684034050\n|move|p1b: Tinkaton|Helping Hand|p1a: Chien-Pao\n|-singleturn|p1a: Chien-Pao|Helping Hand|[of] p1b: Tinkaton\n|move|p1a: Chien-Pao|Ice Spinner|p2b: Gyarados\n|-damage|p2b: Gyarados|8\/100\n|move|p2b: Gyarados|Waterfall|p1a: Chien-Pao\n|-damage|p1a: Chien-Pao|33\/100\n|move|p2a: Iron Hands|Drain Punch|p1a: Chien-Pao\n|-supereffective|p1a: Chien-Pao\n|-damage|p1a: Chien-Pao|0 fnt\n|-heal|p2a: Iron Hands|100\/100|[from] drain|[of] p1a: Chien-Pao\n|faint|p1a: Chien-Pao\n|\n|upkeep\n|\n|t:|1684034059\n|switch|p1a: Dragonite|Dragonite, L50, F, tera:Normal|61\/100\n|turn|9\n|\n|t:|1684034081\n|switch|p2b: Orthworm|Orthworm, L50, M|46\/100\n|move|p1b: Tinkaton|Gigaton Hammer|p2a: Iron Hands\n|-resisted|p2a: Iron Hands\n|-damage|p2a: Iron Hands|87\/100\n|move|p1a: Dragonite|Outrage|p2b: Orthworm\n|-resisted|p2b: Orthworm\n|-damage|p2b: Orthworm|7\/100\n|move|p2a: Iron Hands|Volt Switch|p1b: Tinkaton\n|-damage|p1b: Tinkaton|32\/100\n|\n|t:|1684034094\n|-end|p2a: Iron Hands|Quark Drive|[silent]\n|switch|p2a: Gyarados|Gyarados, L50, M|8\/100|[from] Volt Switch\n|-ability|p2a: Gyarados|Intimidate|boost\n|-unboost|p1a: Dragonite|atk|1\n|-unboost|p1b: Tinkaton|atk|1\n|\n|upkeep\n|turn|10\n|\n|t:|1684034116\n|switch|p2b: Iron Hands|Iron Hands, L50|87\/100\n|move|p2a: Gyarados|Protect|p2a: Gyarados\n|-singleturn|p2a: Gyarados|Protect\n|move|p1b: Tinkaton|Baby-Doll Eyes|p2a: Gyarados\n|-activate|p2a: Gyarados|move: Protect\n|move|p1a: Dragonite|Outrage|p2a: Gyarados|[from]lockedmove\n|-activate|p2a: Gyarados|move: Protect\n|-start|p1a: Dragonite|confusion|[fatigue]\n|\n|upkeep\n|turn|11\n|\n|t:|1684034137\n|move|p2b: Iron Hands|Fake Out|p1a: Dragonite\n|-damage|p1a: Dragonite|46\/100\n|move|p2a: Gyarados|Waterfall|p1b: Tinkaton\n|-damage|p1b: Tinkaton|0 fnt\n|faint|p1b: Tinkaton\n|cant|p1a: Dragonite|flinch\n|\n|upkeep\n|turn|12\n|\n|t:|1684034150\n|switch|p2a: Flutter Mane|Flutter Mane, L50|32\/100\n|-activate|p1a: Dragonite|confusion\n|-damage|p1a: Dragonite|35\/100|[from] confusion\n|move|p2b: Iron Hands|Volt Switch|p1a: Dragonite\n|-damage|p1a: Dragonite|24\/100\n|-message|DatGuyJimmeh forfeited.\n|\n|win|Idk544\n|raw|DatGuyJimmeh's rating: 1297 → 1277<\/strong> (-20 for losing)\n|raw|Idk544's rating: 1362 → 1378<\/strong> (+16 for winning)\n|l|\u2606DatGuyJimmeh\n","uploadtime":1684034161,"views":11,"p1id":"datguyjimmeh","p2id":"idk544","formatid":"gen9vgc2023regulationc","rating":1277,"private":0,"password":""}