{"id":"gen9vgc2023regulationc-1847450552","p1":"Treeckoguy1","p2":"Galuk","format":"[Gen 9] VGC 2023 Regulation C","log":"|j|\u2606Treeckoguy1\n|j|\u2606Galuk\n|t:|1681956619\n|gametype|doubles\n|player|p1|Treeckoguy1|265|1498\n|player|p2|Galuk|norman|1497\n|teamsize|p1|6\n|teamsize|p2|6\n|gen|9\n|tier|[Gen 9] VGC 2023 Regulation C\n|rated|\n|rule|Species Clause: Limit one of each Pok\u00e9mon\n|rule|Item Clause: Limit one of each item\n|clearpoke\n|poke|p1|Chien-Pao, L50|\n|poke|p1|Abomasnow, L50, M|\n|poke|p1|Avalugg, L50, F|\n|poke|p1|Frosmoth, L50, F|\n|poke|p1|Baxcalibur, L50, M|\n|poke|p1|Iron Bundle, L50|\n|poke|p2|Ting-Lu, L50|\n|poke|p2|Flutter Mane, L50|\n|poke|p2|Arcanine, L50, F|\n|poke|p2|Dragonite, L50, M|\n|poke|p2|Tatsugiri, L50, F|\n|poke|p2|Dondozo, L50, M|\n|teampreview|4\n|\n|t:|1681956645\n|start\n|switch|p1a: Iron Bundle|Iron Bundle, L50|100\/100\n|switch|p1b: Baxcalibur|Baxcalibur, L50, M|100\/100\n|switch|p2a: Sugar|Arcanine, L50, F, shiny|100\/100\n|switch|p2b: El Gran Pez|Dondozo, L50, M|100\/100\n|-ability|p2a: Sugar|Intimidate|boost\n|-unboost|p1a: Iron Bundle|atk|1\n|-unboost|p1b: Baxcalibur|atk|1\n|-enditem|p1a: Iron Bundle|Booster Energy\n|-activate|p1a: Iron Bundle|ability: Quark Drive|[fromitem]\n|-start|p1a: Iron Bundle|quarkdrivespe\n|turn|1\n|\n|t:|1681956662\n|switch|p2b: No risk - No win|Ting-Lu, L50|100\/100\n|-ability|p2b: No risk - No win|Vessel of Ruin\n|-terastallize|p2a: Sugar|Water\n|move|p1a: Iron Bundle|Protect|p1a: Iron Bundle\n|-singleturn|p1a: Iron Bundle|Protect\n|move|p2a: Sugar|Flare Blitz|p1a: Iron Bundle\n|-activate|p1a: Iron Bundle|move: Protect\n|move|p1b: Baxcalibur|Swords Dance|p1b: Baxcalibur\n|-boost|p1b: Baxcalibur|atk|2\n|\n|upkeep\n|turn|2\n|\n|t:|1681956716\n|move|p1b: Baxcalibur|Protect|p1b: Baxcalibur\n|-singleturn|p1b: Baxcalibur|Protect\n|move|p1a: Iron Bundle|Hydro Pump|p2b: No risk - No win\n|-supereffective|p2b: No risk - No win\n|-crit|p2b: No risk - No win\n|-damage|p2b: No risk - No win|50\/100\n|move|p2a: Sugar|Howl|p2a: Sugar|[spread] p2a,p2b\n|-boost|p2a: Sugar|atk|1\n|-boost|p2b: No risk - No win|atk|1\n|move|p2b: No risk - No win|Heavy Slam|p1b: Baxcalibur\n|-activate|p1b: Baxcalibur|move: Protect\n|\n|upkeep\n|turn|3\n|\n|t:|1681956747\n|move|p1b: Baxcalibur|Ice Shard|p2b: No risk - No win\n|-supereffective|p2b: No risk - No win\n|-damage|p2b: No risk - No win|0 fnt\n|faint|p2b: No risk - No win\n|move|p1a: Iron Bundle|Encore|p2a: Sugar\n|-start|p2a: Sugar|Encore\n|move|p2a: Sugar|Howl|p2a: Sugar\n|-boost|p2a: Sugar|atk|1\n|\n|upkeep\n|\n|t:|1681956763\n|switch|p2b: El Gran Pez|Dondozo, L50, M|100\/100\n|turn|4\n|\n|t:|1681956774\n|switch|p1b: Abomasnow|Abomasnow, L50, M|100\/100\n|-weather|Snow|[from] ability: Snow Warning|[of] p1b: Abomasnow\n|move|p1a: Iron Bundle|Protect|p1a: Iron Bundle\n|-singleturn|p1a: Iron Bundle|Protect\n|move|p2b: El Gran Pez|Protect|p2b: El Gran Pez\n|-singleturn|p2b: El Gran Pez|Protect\n|move|p2a: Sugar|Howl|p2a: Sugar|[spread] p2a,p2b\n|-boost|p2a: Sugar|atk|1\n|-boost|p2b: El Gran Pez|atk|1\n|\n|-weather|Snow|[upkeep]\n|upkeep\n|turn|5\n|\n|t:|1681956799\n|switch|p2a: Bako Kuri|Tatsugiri, L50, F|100\/100\n|-activate|p2a: Bako Kuri|ability: Commander|[of] p2b: El Gran Pez\n|-boost|p2b: El Gran Pez|atk|2\n|-boost|p2b: El Gran Pez|spa|2\n|-boost|p2b: El Gran Pez|spe|2\n|-boost|p2b: El Gran Pez|def|2\n|-boost|p2b: El Gran Pez|spd|2\n|move|p1a: Iron Bundle|Encore|p2b: El Gran Pez\n|-start|p2b: El Gran Pez|Encore\n|move|p2b: El Gran Pez|Protect||[still]\n|-fail|p2b: El Gran Pez\n|move|p1b: Abomasnow|Giga Drain|p2a: Bako Kuri|[miss]\n|-miss|p1b: Abomasnow|p2a: Bako Kuri\n|\n|-weather|Snow|[upkeep]\n|upkeep\n|turn|6\n|\n|t:|1681956812\n|move|p2b: El Gran Pez|Protect|p2b: El Gran Pez\n|-singleturn|p2b: El Gran Pez|Protect\n|move|p1a: Iron Bundle|Freeze-Dry|p2b: El Gran Pez\n|-activate|p2b: El Gran Pez|move: Protect\n|move|p1b: Abomasnow|Giga Drain|p2b: El Gran Pez\n|-activate|p2b: El Gran Pez|move: Protect\n|\n|-weather|Snow|[upkeep]\n|upkeep\n|turn|7\n|\n|t:|1681956820\n|move|p2b: El Gran Pez|Protect||[still]\n|-fail|p2b: El Gran Pez\n|move|p1a: Iron Bundle|Freeze-Dry|p2b: El Gran Pez\n|-supereffective|p2b: El Gran Pez\n|-damage|p2b: El Gran Pez|69\/100\n|move|p1b: Abomasnow|Giga Drain|p2b: El Gran Pez\n|-supereffective|p2b: El Gran Pez\n|-damage|p2b: El Gran Pez|36\/100\n|\n|-weather|Snow|[upkeep]\n|-heal|p2b: El Gran Pez|42\/100|[from] item: Leftovers\n|-end|p2b: El Gran Pez|Encore\n|upkeep\n|turn|8\n|\n|t:|1681956832\n|move|p1a: Iron Bundle|Encore|p2b: El Gran Pez\n|-start|p2b: El Gran Pez|Encore\n|move|p2b: El Gran Pez|Protect|p2b: El Gran Pez\n|-singleturn|p2b: El Gran Pez|Protect\n|move|p1b: Abomasnow|Aurora Veil|p1b: Abomasnow\n|-sidestart|p1: Treeckoguy1|move: Aurora Veil\n|\n|-weather|none\n|-heal|p2b: El Gran Pez|48\/100|[from] item: Leftovers\n|upkeep\n|turn|9\n|\n|t:|1681956839\n|switch|p1b: Chien-Pao|Chien-Pao, L50|100\/100\n|-ability|p1b: Chien-Pao|Sword of Ruin\n|move|p2b: El Gran Pez|Protect||[still]\n|-fail|p2b: El Gran Pez\n|move|p1a: Iron Bundle|Freeze-Dry|p2b: El Gran Pez\n|-supereffective|p2b: El Gran Pez\n|-damage|p2b: El Gran Pez|21\/100\n|\n|-heal|p2b: El Gran Pez|27\/100|[from] item: Leftovers\n|upkeep\n|turn|10\n|\n|t:|1681956864\n|move|p2b: El Gran Pez|Protect|p2b: El Gran Pez\n|-singleturn|p2b: El Gran Pez|Protect\n|move|p1a: Iron Bundle|Freeze-Dry|p2b: El Gran Pez\n|-activate|p2b: El Gran Pez|move: Protect\n|move|p1b: Chien-Pao|Sacred Sword|p2b: El Gran Pez\n|-activate|p2b: El Gran Pez|move: Protect\n|\n|-heal|p2b: El Gran Pez|33\/100|[from] item: Leftovers\n|-end|p2b: El Gran Pez|Encore\n|upkeep\n|turn|11\n|\n|t:|1681956877\n|move|p1a: Iron Bundle|Encore|p2b: El Gran Pez\n|-start|p2b: El Gran Pez|Encore\n|move|p1b: Chien-Pao|Haze|p1b: Chien-Pao\n|-clearallboost\n|move|p2b: El Gran Pez|Protect||[still]\n|-fail|p2b: El Gran Pez\n|\n|-heal|p2b: El Gran Pez|39\/100|[from] item: Leftovers\n|upkeep\n|turn|12\n|j| cb-sooner\n|\n|t:|1681956887\n|switch|p1b: Abomasnow|Abomasnow, L50, M|100\/100\n|-weather|Snow|[from] ability: Snow Warning|[of] p1b: Abomasnow\n|move|p2b: El Gran Pez|Protect|p2b: El Gran Pez\n|-singleturn|p2b: El Gran Pez|Protect\n|move|p1a: Iron Bundle|Freeze-Dry|p2b: El Gran Pez\n|-activate|p2b: El Gran Pez|move: Protect\n|\n|-weather|Snow|[upkeep]\n|-heal|p2b: El Gran Pez|46\/100|[from] item: Leftovers\n|-sideend|p1: Treeckoguy1|move: Aurora Veil\n|upkeep\n|turn|13\n|j| PiccoloRuiz\n|\n|t:|1681956897\n|move|p2b: El Gran Pez|Protect||[still]\n|-fail|p2b: El Gran Pez\n|move|p1a: Iron Bundle|Freeze-Dry|p2b: El Gran Pez\n|-supereffective|p2b: El Gran Pez\n|-damage|p2b: El Gran Pez|0 fnt\n|faint|p2b: El Gran Pez\n|move|p1b: Abomasnow|Aurora Veil|p1b: Abomasnow\n|-sidestart|p1: Treeckoguy1|move: Aurora Veil\n|\n|-weather|Snow|[upkeep]\n|upkeep\n|\n|t:|1681956905\n|switch|p2b: Sugar|Arcanine, L50, F, shiny, tera:Water|100\/100\n|-ability|p2b: Sugar|Intimidate|boost\n|-unboost|p1a: Iron Bundle|atk|1\n|-unboost|p1b: Abomasnow|atk|1\n|turn|14\n|\n|t:|1681956925\n|move|p1a: Iron Bundle|Freeze-Dry|p2a: Bako Kuri\n|-supereffective|p2a: Bako Kuri\n|-damage|p2a: Bako Kuri|0 fnt\n|faint|p2a: Bako Kuri\n|move|p2b: Sugar|Flare Blitz|p1b: Abomasnow\n|-supereffective|p1b: Abomasnow\n|-enditem|p1b: Abomasnow|Focus Sash\n|-damage|p1b: Abomasnow|1\/100\n|-damage|p2b: Sugar|67\/100|[from] Recoil\n|move|p1b: Abomasnow|Giga Drain|p2b: Sugar\n|-supereffective|p2b: Sugar\n|-damage|p2b: Sugar|0 fnt\n|-heal|p1b: Abomasnow|34\/100|[from] drain|[of] p2b: Sugar\n|faint|p2b: Sugar\n|\n|win|Treeckoguy1\n|raw|Treeckoguy1's rating: 1498 → 1518<\/strong> (+20 for winning)\n|raw|Galuk's rating: 1497 → 1477<\/strong> (-20 for losing)\n|l|\u2606Galuk\n","uploadtime":1681957203,"views":9,"p1id":"treeckoguy1","p2id":"galuk","formatid":"gen9vgc2023regulationc","rating":1477,"private":0,"password":""}