{"id":"gen9vgc2023regulationc-1859155167","p1":"Arcacagne","p2":"Redx50","format":"[Gen 9] VGC 2023 Regulation C","log":"|j|\u2606Arcacagne\n|j|\u2606Redx50\n|t:|1683411166\n|gametype|doubles\n|player|p1|Arcacagne|170|1303\n|player|p2|Redx50|red|1300\n|teamsize|p1|6\n|teamsize|p2|6\n|gen|9\n|tier|[Gen 9] VGC 2023 Regulation C\n|rated|\n|rule|Species Clause: Limit one of each Pok\u00e9mon\n|rule|Item Clause: Limit one of each item\n|clearpoke\n|poke|p1|Abomasnow, L50, F|\n|poke|p1|Iron Bundle, L50|\n|poke|p1|Rotom-Heat, L50|\n|poke|p1|Amoonguss, L50, M|\n|poke|p1|Iron Hands, L50|\n|poke|p1|Ting-Lu, L50|\n|poke|p2|Maushold-Four, L50|\n|poke|p2|Mudsdale, L50, F|\n|poke|p2|Palafin, L50, M|\n|poke|p2|Flutter Mane, L50|\n|poke|p2|Wo-Chien, L50|\n|poke|p2|Arcanine, L50, F|\n|teampreview|4\nRedx50 has agreed to open team sheets.\n|inactive|Battle timer is ON: inactive players will automatically lose when time's up. (requested by Redx50)\n|inactive|Redx50 has 60 seconds left.\n|inactive|Redx50 has 30 seconds left.\n|\n|t:|1683411237\n|start\n|switch|p1a: Abomasnow|Abomasnow, L50, F|100\/100\n|switch|p1b: Iron Hands|Iron Hands, L50|100\/100\n|switch|p2a: Flutter Mane|Flutter Mane, L50|100\/100\n|switch|p2b: Palafin|Palafin, L50, M|100\/100\n|-weather|Snow|[from] ability: Snow Warning|[of] p1a: Abomasnow\n|-enditem|p2a: Flutter Mane|Booster Energy\n|-activate|p2a: Flutter Mane|ability: Protosynthesis|[fromitem]\n|-start|p2a: Flutter Mane|protosynthesisspe\n|turn|1\n|inactive|Arcacagne has 30 seconds left.\n|inactive|Arcacagne has 20 seconds left.\n|inactive|Arcacagne has 15 seconds left.\n|\n|t:|1683411278\n|detailschange|p2b: Palafin|Palafin-Hero, L50, M\n|switch|p2b: Arcanine|Arcanine, L50, F|100\/100\n|-ability|p2b: Arcanine|Intimidate|boost\n|-unboost|p1a: Abomasnow|atk|1\n|-unboost|p1b: Iron Hands|atk|1\n|move|p2a: Flutter Mane|Thunderbolt|p1a: Abomasnow\n|-resisted|p1a: Abomasnow\n|-damage|p1a: Abomasnow|86\/100\n|move|p1a: Abomasnow|Aurora Veil|p1a: Abomasnow\n|-sidestart|p1: Arcacagne|move: Aurora Veil\n|move|p1b: Iron Hands|Volt Switch|p2b: Arcanine\n|-damage|p2b: Arcanine|88\/100\n|\n|t:|1683411290\n|-end|p1b: Iron Hands|Quark Drive|[silent]\n|switch|p1b: Iron Bundle|Iron Bundle, L50|100\/100|[from] Volt Switch\n|-enditem|p1b: Iron Bundle|Booster Energy\n|-activate|p1b: Iron Bundle|ability: Quark Drive|[fromitem]\n|-start|p1b: Iron Bundle|quarkdrivespe\n|\n|-weather|Snow|[upkeep]\n|upkeep\n|turn|2\n|\n|t:|1683411310\n|switch|p1a: Iron Hands|Iron Hands, L50|100\/100\n|move|p2b: Arcanine|Extreme Speed|p1b: Iron Bundle\n|-damage|p1b: Iron Bundle|91\/100\n|move|p1b: Iron Bundle|Blizzard|p2b: Arcanine|[spread] p2a,p2b\n|-resisted|p2b: Arcanine\n|-damage|p2a: Flutter Mane|68\/100\n|-damage|p2b: Arcanine|73\/100\n|-status|p2a: Flutter Mane|frz\n|cant|p2a: Flutter Mane|frz\n|\n|-weather|Snow|[upkeep]\n|upkeep\n|turn|3\n|inactive|Arcacagne has 30 seconds left.\n|inactive|Redx50 has 30 seconds left.\n|\n|t:|1683411340\n|cant|p2a: Flutter Mane|frz\n|move|p1a: Iron Hands|Fake Out|p2b: Arcanine\n|-damage|p2b: Arcanine|58\/100\n|move|p1b: Iron Bundle|Hydro Pump|p2b: Arcanine\n|-supereffective|p2b: Arcanine\n|-damage|p2b: Arcanine|0 fnt\n|faint|p2b: Arcanine\n|\n|-weather|Snow|[upkeep]\n|upkeep\n|\n|t:|1683411363\n|switch|p2b: Wo-Chien|Wo-Chien, L50|100\/100\n|-ability|p2b: Wo-Chien|Tablets of Ruin\n|turn|4\n|\n|t:|1683411386\n|-terastallize|p2b: Wo-Chien|Water\n|move|p1b: Iron Bundle|Hydro Pump|p2a: Flutter Mane\n|-damage|p2a: Flutter Mane|16\/100 frz\n|cant|p2a: Flutter Mane|frz\n|move|p2b: Wo-Chien|Leech Seed|p1a: Iron Hands|[miss]\n|-miss|p2b: Wo-Chien|p1a: Iron Hands\n|move|p1a: Iron Hands|Drain Punch|p2b: Wo-Chien\n|-damage|p2b: Wo-Chien|79\/100\n|\n|-weather|Snow|[upkeep]\n|-heal|p2b: Wo-Chien|84\/100|[from] item: Leftovers\n|upkeep\n|turn|5\n|\n|t:|1683411403\n|cant|p2a: Flutter Mane|frz\n|move|p1b: Iron Bundle|Blizzard|p2b: Wo-Chien|[spread] p2a,p2b\n|-resisted|p2b: Wo-Chien\n|-damage|p2a: Flutter Mane|0 fnt\n|-damage|p2b: Wo-Chien|73\/100\n|faint|p2a: Flutter Mane\n|-end|p2a: Flutter Mane|Protosynthesis|[silent]\n|move|p2b: Wo-Chien|Leech Seed|p1a: Iron Hands\n|-start|p1a: Iron Hands|move: Leech Seed\n|move|p1a: Iron Hands|Wild Charge|p2b: Wo-Chien\n|-supereffective|p2b: Wo-Chien\n|-damage|p2b: Wo-Chien|22\/100\n|-damage|p1a: Iron Hands|91\/100|[from] Recoil\n|\n|-weather|none\n|-heal|p2b: Wo-Chien|28\/100|[from] item: Leftovers\n|-damage|p1a: Iron Hands|79\/100|[from] Leech Seed|[of] p2b: Wo-Chien\n|-heal|p2b: Wo-Chien|44\/100|[silent]\n|upkeep\n|\n|t:|1683411416\n|switch|p2a: Palafin|Palafin-Hero, L50, M|100\/100\n|-activate|p2a: Palafin|ability: Zero to Hero\n|turn|6\n|\n|t:|1683411439\n|-end|p1a: Iron Hands|Quark Drive|[silent]\n|switch|p1a: Abomasnow|Abomasnow, L50, F|86\/100\n|-weather|Snow|[from] ability: Snow Warning|[of] p1a: Abomasnow\n|move|p2a: Palafin|Protect|p2a: Palafin\n|-singleturn|p2a: Palafin|Protect\n|move|p2b: Wo-Chien|Protect|p2b: Wo-Chien\n|-singleturn|p2b: Wo-Chien|Protect\n|move|p1b: Iron Bundle|Blizzard|p2b: Wo-Chien|[spread] \n|-activate|p2a: Palafin|move: Protect\n|-activate|p2b: Wo-Chien|move: Protect\n|\n|-weather|Snow|[upkeep]\n|-heal|p2b: Wo-Chien|50\/100|[from] item: Leftovers\n|upkeep\n|turn|7\n|\n|t:|1683411460\n|move|p1b: Iron Bundle|Blizzard|p2b: Wo-Chien|[spread] p2a,p2b\n|-resisted|p2a: Palafin\n|-resisted|p2b: Wo-Chien\n|-damage|p2a: Palafin|84\/100\n|-damage|p2b: Wo-Chien|40\/100\n|move|p2a: Palafin|Wave Crash|p1b: Iron Bundle\n|-resisted|p1b: Iron Bundle\n|-damage|p1b: Iron Bundle|73\/100\n|-damage|p2a: Palafin|80\/100|[from] Recoil\n|move|p2b: Wo-Chien|Pollen Puff|p1a: Abomasnow\n|-supereffective|p1a: Abomasnow\n|-crit|p1a: Abomasnow\n|-damage|p1a: Abomasnow|24\/100\n|move|p1a: Abomasnow|Energy Ball|p2b: Wo-Chien\n|-supereffective|p2b: Wo-Chien\n|-damage|p2b: Wo-Chien|0 fnt\n|faint|p2b: Wo-Chien\n|\n|-weather|Snow|[upkeep]\n|upkeep\n|turn|8\n|-message|Redx50 forfeited.\n|\n|win|Arcacagne\n|raw|Arcacagne's rating: 1303 → 1323<\/strong> (+20 for winning)\n|raw|Redx50's rating: 1300 → 1275<\/strong> (-25 for losing)\n|l|\u2606Redx50\n","uploadtime":1683411482,"views":9,"p1id":"arcacagne","p2id":"redx50","formatid":"gen9vgc2023regulationc","rating":1275,"private":0,"password":""}