{"id":"gen9vgc2023regulationc-1851117947","p1":"Insertable194","p2":"Matteo3960","format":"[Gen 9] VGC 2023 Regulation C","log":"|j|\u2606Insertable194\n|j|\u2606Matteo3960\n|t:|1682412200\n|gametype|doubles\n|player|p1|Insertable194|169|1475\n|player|p2|Matteo3960|102|1389\n|teamsize|p1|6\n|teamsize|p2|6\n|gen|9\n|tier|[Gen 9] VGC 2023 Regulation C\n|rated|\n|rule|Species Clause: Limit one of each Pok\u00e9mon\n|rule|Item Clause: Limit one of each item\n|clearpoke\n|poke|p1|Talonflame, L50, M|\n|poke|p1|Dragapult, L50, F|\n|poke|p1|Flutter Mane, L50|\n|poke|p1|Chien-Pao, L50|\n|poke|p1|Farigiraf, L50, M|\n|poke|p1|Chi-Yu, L50|\n|poke|p2|Ting-Lu, L50|\n|poke|p2|Arcanine, L50, M|\n|poke|p2|Flutter Mane, L50|\n|poke|p2|Amoonguss, L50, M|\n|poke|p2|Kingambit, L50, M|\n|poke|p2|Dragonite, L50, M|\n|teampreview|4\nInsertable194 has agreed to open team sheets.\n|inactive|Battle timer is ON: inactive players will automatically lose when time's up. (requested by Insertable194)\nMatteo3960 has agreed to open team sheets.\n|inactive|Insertable194 has 60 seconds left.\n|inactive|Matteo3960 has 60 seconds left.\n|inactive|Insertable194 has 30 seconds left.\n|inactive|Matteo3960 has 30 seconds left.\n|inactive|Insertable194 has 20 seconds left.\n|\n|t:|1682412277\n|start\n|switch|p1a: Talonflame|Talonflame, L50, M|100\/100\n|switch|p1b: Chi-Yu|Chi-Yu, L50|100\/100\n|switch|p2a: Arcanine|Arcanine, L50, M|100\/100\n|switch|p2b: Flutter Mane|Flutter Mane, L50, shiny|100\/100\n|-ability|p1b: Chi-Yu|Beads of Ruin\n|-ability|p2a: Arcanine|Intimidate|boost\n|-unboost|p1a: Talonflame|atk|1\n|-unboost|p1b: Chi-Yu|atk|1\n|-enditem|p2b: Flutter Mane|Booster Energy\n|-activate|p2b: Flutter Mane|ability: Protosynthesis|[fromitem]\n|-start|p2b: Flutter Mane|protosynthesisspa\n|turn|1\n|inactive|Matteo3960 has 30 seconds left.\n|inactive|Matteo3960 has 20 seconds left.\n|inactive|Matteo3960 has 15 seconds left.\n|\n|t:|1682412322\n|-end|p2b: Flutter Mane|Protosynthesis|[silent]\n|switch|p2b: Ting-Lu|Ting-Lu, L50|100\/100\n|-ability|p2b: Ting-Lu|Vessel of Ruin\n|-terastallize|p1b: Chi-Yu|Fire\n|move|p1a: Talonflame|Tailwind|p1a: Talonflame\n|-sidestart|p1: Insertable194|move: Tailwind\n|move|p1b: Chi-Yu|Heat Wave|p2b: Ting-Lu|[spread] p2a,p2b\n|-resisted|p2a: Arcanine\n|-damage|p2a: Arcanine|72\/100\n|-damage|p2b: Ting-Lu|72\/100\n|-damage|p1b: Chi-Yu|90\/100|[from] item: Life Orb\n|move|p2a: Arcanine|Howl|p2a: Arcanine|[spread] p2a,p2b\n|-boost|p2a: Arcanine|atk|1\n|-boost|p2b: Ting-Lu|atk|1\n|\n|upkeep\n|turn|2\n|inactive|Insertable194 has 30 seconds left.\n|inactive|Matteo3960 has 30 seconds left.\n|inactive|Insertable194 has 20 seconds left.\n|inactive|Insertable194 has 15 seconds left.\n|\n|t:|1682412364\n|move|p2a: Arcanine|Extreme Speed|p1b: Chi-Yu\n|-damage|p1b: Chi-Yu|34\/100\n|move|p1a: Talonflame|Brave Bird|p2b: Ting-Lu\n|-damage|p2b: Ting-Lu|54\/100\n|-damage|p1a: Talonflame|91\/100|[from] Recoil\n|move|p1b: Chi-Yu|Overheat|p2b: Ting-Lu\n|-crit|p2b: Ting-Lu\n|-damage|p2b: Ting-Lu|0 fnt\n|-unboost|p1b: Chi-Yu|spa|2\n|faint|p2b: Ting-Lu\n|-damage|p1b: Chi-Yu|24\/100|[from] item: Life Orb\n|\n|upkeep\n|\n|t:|1682412378\n|switch|p2b: Flutter Mane|Flutter Mane, L50, shiny|100\/100\n|turn|3\n|inactive|Matteo3960 has 30 seconds left.\n|inactive|Matteo3960 has 20 seconds left.\n|\n|t:|1682412414\n|switch|p1b: Farigiraf|Farigiraf, L50, M|100\/100\n|-end|p2b: Flutter Mane|Protosynthesis|[silent]\n|switch|p2b: Kingambit|Kingambit, L50, M, shiny|100\/100\n|move|p2a: Arcanine|Extreme Speed||[still]\n|cant|p1b: Farigiraf|ability: Armor Tail|Extreme Speed|[of] p2a: Arcanine\n|move|p1a: Talonflame|Brave Bird|p2b: Kingambit\n|-resisted|p2b: Kingambit\n|-damage|p2b: Kingambit|88\/100\n|-damage|p1a: Talonflame|86\/100|[from] Recoil\n|\n|upkeep\n|turn|4\n|inactive|Insertable194 has 30 seconds left.\n|inactive|Matteo3960 has 30 seconds left.\n|inactive|Insertable194 has 20 seconds left.\n|inactive|Insertable194 has 15 seconds left.\n|inactive|Insertable194 has 10 seconds left.\n|inactive|Insertable194 has 5 seconds left.\n|\n|t:|1682412467\n|switch|p1b: Chi-Yu|Chi-Yu, L50, tera:Fire|24\/100\n|-ability|p1b: Chi-Yu|Beads of Ruin\n|move|p1a: Talonflame|Flare Blitz|p2b: Kingambit\n|-supereffective|p2b: Kingambit\n|-damage|p2b: Kingambit|42\/100\n|-damage|p1a: Talonflame|65\/100|[from] Recoil\n|move|p2a: Arcanine|Howl|p2a: Arcanine|[spread] p2a,p2b\n|-boost|p2a: Arcanine|atk|1\n|-boost|p2b: Kingambit|atk|1\n|move|p2b: Kingambit|Swords Dance|p2b: Kingambit\n|-boost|p2b: Kingambit|atk|2\n|\n|-sideend|p1: Insertable194|move: Tailwind\n|upkeep\n|turn|5\n|\n|t:|1682412489\n|switch|p1a: Farigiraf|Farigiraf, L50, M|100\/100\n|move|p2a: Arcanine|Extreme Speed||[still]\n|cant|p1a: Farigiraf|ability: Armor Tail|Extreme Speed|[of] p2a: Arcanine\n|move|p2b: Kingambit|Sucker Punch||[still]\n|cant|p1a: Farigiraf|ability: Armor Tail|Sucker Punch|[of] p2b: Kingambit\n|move|p1b: Chi-Yu|Heat Wave|p2a: Arcanine|[spread] p2a,p2b\n|-resisted|p2a: Arcanine\n|-supereffective|p2b: Kingambit\n|-damage|p2a: Arcanine|33\/100\n|-damage|p2b: Kingambit|0 fnt\n|faint|p2b: Kingambit\n|-damage|p1b: Chi-Yu|14\/100|[from] item: Life Orb\n|\n|upkeep\n|\n|t:|1682412492\n|switch|p2b: Flutter Mane|Flutter Mane, L50, shiny|100\/100\n|turn|6\n|inactive|Insertable194 has 30 seconds left.\n|\n|t:|1682412527\n|-terastallize|p2b: Flutter Mane|Fairy\n|move|p1b: Chi-Yu|Protect|p1b: Chi-Yu\n|-singleturn|p1b: Chi-Yu|Protect\n|move|p2b: Flutter Mane|Dazzling Gleam|p1b: Chi-Yu|[spread] p1a\n|-activate|p1b: Chi-Yu|move: Protect\n|-damage|p1a: Farigiraf|38\/100\n|move|p2a: Arcanine|Flare Blitz|p1a: Farigiraf\n|-crit|p1a: Farigiraf\n|-damage|p1a: Farigiraf|0 fnt\n|faint|p1a: Farigiraf\n|-damage|p2a: Arcanine|21\/100|[from] Recoil\n|\n|upkeep\n|\n|t:|1682412534\n|switch|p1a: Talonflame|Talonflame, L50, M|65\/100\n|turn|7\n|\n|t:|1682412552\n|switch|p1b: Flutter Mane|Flutter Mane, L50|100\/100\n|move|p2a: Arcanine|Extreme Speed|p1b: Flutter Mane\n|-immune|p1b: Flutter Mane\n|move|p1a: Talonflame|Tailwind|p1a: Talonflame\n|-sidestart|p1: Insertable194|move: Tailwind\n|move|p2b: Flutter Mane|Shadow Ball|p1a: Talonflame\n|-damage|p1a: Talonflame|0 fnt\n|faint|p1a: Talonflame\n|\n|upkeep\n|\n|t:|1682412554\n|switch|p1a: Chi-Yu|Chi-Yu, L50, tera:Fire|14\/100\n|-ability|p1a: Chi-Yu|Beads of Ruin\n|turn|8\n|\n|t:|1682412570\n|move|p1a: Chi-Yu|Protect|p1a: Chi-Yu\n|-singleturn|p1a: Chi-Yu|Protect\n|move|p2a: Arcanine|Extreme Speed|p1a: Chi-Yu\n|-activate|p1a: Chi-Yu|move: Protect\n|move|p1b: Flutter Mane|Shadow Ball|p2a: Arcanine\n|-damage|p2a: Arcanine|0 fnt\n|faint|p2a: Arcanine\n|move|p2b: Flutter Mane|Shadow Ball|p1b: Flutter Mane\n|-supereffective|p1b: Flutter Mane\n|-damage|p1b: Flutter Mane|0 fnt\n|faint|p1b: Flutter Mane\n|-end|p1b: Flutter Mane|Protosynthesis|[silent]\n|\n|upkeep\n|turn|9\n|\n|t:|1682412584\n|move|p1a: Chi-Yu|Overheat|p2b: Flutter Mane\n|-damage|p2b: Flutter Mane|0 fnt\n|-unboost|p1a: Chi-Yu|spa|2\n|faint|p2b: Flutter Mane\n|-end|p2b: Flutter Mane|Protosynthesis|[silent]\n|-damage|p1a: Chi-Yu|4\/100|[from] item: Life Orb\n|\n|win|Insertable194\n|raw|Insertable194's rating: 1475 → 1490<\/strong> (+15 for winning)\n|raw|Matteo3960's rating: 1389 → 1374<\/strong> (-15 for losing)\n","uploadtime":1682412588,"views":12,"p1id":"insertable194","p2id":"matteo3960","formatid":"gen9vgc2023regulationc","rating":1374,"private":0,"password":""}