{"id":"gen9vgc2023regulationc-1852137044","p1":"floflowww","p2":"LocalNomad","format":"[Gen 9] VGC 2023 Regulation C","log":"|j|\u2606floflowww\n|j|\u2606LocalNomad\n|t:|1682527187\n|gametype|doubles\n|player|p1|floflowww|170|1175\n|player|p2|LocalNomad|cynthia|1235\n|teamsize|p1|6\n|teamsize|p2|6\n|gen|9\n|tier|[Gen 9] VGC 2023 Regulation C\n|rated|\n|rule|Species Clause: Limit one of each Pok\u00e9mon\n|rule|Item Clause: Limit one of each item\n|clearpoke\n|poke|p1|Iron Bundle, L50|\n|poke|p1|Flutter Mane, L50|\n|poke|p1|Ting-Lu, L50|\n|poke|p1|Arcanine, L50, F|\n|poke|p1|Palafin, L50, F|\n|poke|p1|Baxcalibur, L50, M|\n|poke|p2|Flutter Mane, L50|\n|poke|p2|Palafin, L50, F|\n|poke|p2|Talonflame, L50, M|\n|poke|p2|Chi-Yu, L50|\n|poke|p2|Amoonguss, L50, M|\n|poke|p2|Great Tusk, L50|\n|teampreview|4\n|inactive|Battle timer is ON: inactive players will automatically lose when time's up. (requested by floflowww)\nLocalNomad has agreed to open team sheets.\n|inactive|LocalNomad has 60 seconds left.\nfloflowww has agreed to open team sheets.\n|inactive|LocalNomad has 30 seconds left.\n|inactive|LocalNomad has 20 seconds left.\n|inactive|LocalNomad has 15 seconds left.\n|inactive|LocalNomad has 10 seconds left.\n|inactive|LocalNomad has 5 seconds left.\n|\n|t:|1682527277\n|start\n|switch|p1a: Palafin|Palafin, L50, F|100\/100\n|switch|p1b: Arcanine|Arcanine, L50, F|100\/100\n|switch|p2a: Flutter Mane|Flutter Mane, L50|100\/100\n|switch|p2b: Talonflame|Talonflame, L50, M|100\/100\n|-ability|p1b: Arcanine|Intimidate|boost\n|-unboost|p2a: Flutter Mane|atk|1\n|-unboost|p2b: Talonflame|atk|1\n|turn|1\n|inactive|LocalNomad has 30 seconds left.\n|\n|t:|1682527304\n|switch|p2b: Chi-Yu|Chi-Yu, L50|100\/100\n|-ability|p2b: Chi-Yu|Beads of Ruin\n|detailschange|p1a: Palafin|Palafin-Hero, L50, F\n|switch|p1a: Ting-Lu|Ting-Lu, L50|100\/100\n|-ability|p1a: Ting-Lu|Vessel of Ruin\n|move|p2a: Flutter Mane|Power Gem|p1b: Arcanine\n|-supereffective|p1b: Arcanine\n|-crit|p1b: Arcanine\n|-damage|p1b: Arcanine|0 fnt\n|faint|p1b: Arcanine\n|\n|upkeep\n|\n|t:|1682527324\n|switch|p1b: Palafin|Palafin-Hero, L50, F|100\/100\n|-activate|p1b: Palafin|ability: Zero to Hero\n|turn|2\n|\n|t:|1682527338\n|-end|p2a: Flutter Mane|Protosynthesis|[silent]\n|switch|p2a: Amoonguss|Amoonguss, L50, M|100\/100\n|-terastallize|p2b: Chi-Yu|Grass\n|move|p1b: Palafin|Protect|p1b: Palafin\n|-singleturn|p1b: Palafin|Protect\n|move|p2b: Chi-Yu|Tera Blast|p1b: Palafin\n|-activate|p1b: Palafin|move: Protect\n|move|p1a: Ting-Lu|Earthquake|p2b: Chi-Yu|[spread] p2a,p2b\n|-activate|p1b: Palafin|move: Protect\n|-resisted|p2b: Chi-Yu\n|-damage|p2a: Amoonguss|66\/100\n|-damage|p2b: Chi-Yu|76\/100\n|\n|upkeep\n|turn|3\n|inactive|floflowww has 30 seconds left.\n|inactive|floflowww has 20 seconds left.\n|inactive|floflowww has 15 seconds left.\n|\n|t:|1682527380\n|switch|p1b: Iron Bundle|Iron Bundle, L50|100\/100\n|move|p2b: Chi-Yu|Tera Blast|p1b: Iron Bundle\n|-supereffective|p1b: Iron Bundle\n|-enditem|p1b: Iron Bundle|Focus Sash\n|-damage|p1b: Iron Bundle|1\/100\n|move|p1a: Ting-Lu|Ruination|p2a: Amoonguss\n|-damage|p2a: Amoonguss|34\/100\n|move|p2a: Amoonguss|Spore|p1b: Iron Bundle\n|-status|p1b: Iron Bundle|slp|[from] move: Spore\n|\n|upkeep\n|turn|4\n|\n|t:|1682527398\n|switch|p2a: Talonflame|Talonflame, L50, M|100\/100\n|cant|p1b: Iron Bundle|slp\n|move|p2b: Chi-Yu|Tera Blast|p1a: Ting-Lu\n|-supereffective|p1a: Ting-Lu\n|-damage|p1a: Ting-Lu|54\/100\n|move|p1a: Ting-Lu|Heavy Slam|p2b: Chi-Yu\n|-damage|p2b: Chi-Yu|28\/100\n|-enditem|p2b: Chi-Yu|Sitrus Berry|[eat]\n|-heal|p2b: Chi-Yu|53\/100|[from] item: Sitrus Berry\n|\n|upkeep\n|turn|5\n|\n|t:|1682527420\n|move|p2a: Talonflame|Tailwind|p2a: Talonflame\n|-sidestart|p2: LocalNomad|move: Tailwind\n|move|p2b: Chi-Yu|Tera Blast|p1a: Ting-Lu\n|-supereffective|p1a: Ting-Lu\n|-damage|p1a: Ting-Lu|10\/100\n|cant|p1b: Iron Bundle|slp\n|move|p1a: Ting-Lu|Heavy Slam|p2b: Chi-Yu\n|-damage|p2b: Chi-Yu|0 fnt\n|faint|p2b: Chi-Yu\n|\n|upkeep\n|\n|t:|1682527429\n|switch|p2b: Flutter Mane|Flutter Mane, L50|100\/100\n|turn|6\n|\n|t:|1682527449\n|switch|p2a: Amoonguss|Amoonguss, L50, M|67\/100\n|-curestatus|p1b: Iron Bundle|slp|[msg]\n|move|p1b: Iron Bundle|Protect|p1b: Iron Bundle\n|-singleturn|p1b: Iron Bundle|Protect\n|move|p2b: Flutter Mane|Dazzling Gleam|p1a: Ting-Lu|[spread] p1a\n|-activate|p1b: Iron Bundle|move: Protect\n|-supereffective|p1a: Ting-Lu\n|-damage|p1a: Ting-Lu|0 fnt\n|faint|p1a: Ting-Lu\n|\n|upkeep\n|\n|t:|1682527460\n|switch|p1a: Palafin|Palafin-Hero, L50, F|100\/100\n|turn|7\n|inactive|floflowww has 30 seconds left.\n|inactive|floflowww has 20 seconds left.\n|inactive|floflowww has 15 seconds left.\n|\n|t:|1682527504\n|-terastallize|p1a: Palafin|Water\n|move|p1b: Iron Bundle|Protect||[still]\n|-fail|p1b: Iron Bundle\n|move|p2a: Amoonguss|Rage Powder|p2a: Amoonguss\n|-singleturn|p2a: Amoonguss|move: Rage Powder\n|move|p1a: Palafin|Jet Punch|p2a: Amoonguss\n|-resisted|p2a: Amoonguss\n|-damage|p2a: Amoonguss|42\/100\n|-damage|p1a: Palafin|84\/100|[from] item: Rocky Helmet|[of] p2a: Amoonguss\n|move|p2b: Flutter Mane|Dazzling Gleam|p1a: Palafin|[spread] p1a,p1b\n|-damage|p1a: Palafin|29\/100\n|-damage|p1b: Iron Bundle|0 fnt\n|faint|p1b: Iron Bundle\n|-end|p1b: Iron Bundle|Quark Drive|[silent]\n|\n|upkeep\n|turn|8\n|-message|floflowww forfeited.\n|\n|win|LocalNomad\n|raw|floflowww's rating: 1175 → 1154<\/strong> (-21 for losing)\n|raw|LocalNomad's rating: 1235 → 1256<\/strong> (+21 for winning)\n|l|\u2606floflowww\n","uploadtime":1682527521,"views":14,"p1id":"floflowww","p2id":"localnomad","formatid":"gen9vgc2023regulationc","rating":1154,"private":0,"password":""}