{"id":"gen9vgc2023regulationc-1849692658","p1":"haha u rage quit","p2":"mike langson","format":"[Gen 9] VGC 2023 Regulation C","log":"|j|\u2606haha u rage quit\n|j|\u2606mike langson\n|t:|1682233517\n|gametype|doubles\n|player|p1|haha u rage quit|pokemaniac|1263\n|player|p2|mike langson|crasherwake|1243\n|teamsize|p1|6\n|teamsize|p2|6\n|gen|9\n|tier|[Gen 9] VGC 2023 Regulation C\n|rated|\n|rule|Species Clause: Limit one of each Pok\u00e9mon\n|rule|Item Clause: Limit one of each item\n|clearpoke\n|poke|p1|Ting-Lu, L50|\n|poke|p1|Arcanine, L50, M|\n|poke|p1|Amoonguss, L50, M|\n|poke|p1|Palafin, L50, M|\n|poke|p1|Flutter Mane, L50|\n|poke|p1|Chi-Yu, L50|\n|poke|p2|Tyranitar, L50, F|\n|poke|p2|Scream Tail, L50|\n|poke|p2|Gyarados, L50, F|\n|poke|p2|Ting-Lu, L50|\n|poke|p2|Orthworm, L50, M|\n|poke|p2|Flutter Mane, L50|\n|teampreview|4\nmike langson has agreed to open team sheets.\n|inactive|Battle timer is ON: inactive players will automatically lose when time's up. (requested by haha u rage quit)\n|inactive|mike langson has 60 seconds left.\n|\n|t:|1682233586\n|start\n|switch|p1a: Arcanine|Arcanine, L50, M|100\/100\n|switch|p1b: Palafin|Palafin, L50, M|100\/100\n|switch|p2a: giga2|Tyranitar, L50, F, shiny|100\/100\n|switch|p2b: Scream Tail|Scream Tail, L50|100\/100\n|-weather|Sandstorm|[from] ability: Sand Stream|[of] p2a: giga2\n|-ability|p1a: Arcanine|Intimidate|boost\n|-unboost|p2a: giga2|atk|1\n|-unboost|p2b: Scream Tail|atk|1\n|-enditem|p2b: Scream Tail|Booster Energy\n|-activate|p2b: Scream Tail|ability: Protosynthesis|[fromitem]\n|-start|p2b: Scream Tail|protosynthesisspe\n|turn|1\n|inactive|haha u rage quit has 30 seconds left.\n|\n|t:|1682233620\n|switch|p2a: slime|Gyarados, L50, F|100\/100\n|-ability|p2a: slime|Intimidate|boost\n|-unboost|p1a: Arcanine|atk|1\n|-unboost|p1b: Palafin|atk|1\n|detailschange|p1b: Palafin|Palafin-Hero, L50, M\n|switch|p1b: Ting-Lu|Ting-Lu, L50|100\/100\n|-ability|p1b: Ting-Lu|Vessel of Ruin\n|move|p1a: Arcanine|Protect|p1a: Arcanine\n|-singleturn|p1a: Arcanine|Protect\n|move|p2b: Scream Tail|Howl|p2b: Scream Tail|[spread] p2a,p2b\n|-boost|p2a: slime|atk|1\n|-boost|p2b: Scream Tail|atk|1\n|\n|-weather|Sandstorm|[upkeep]\n|-damage|p2b: Scream Tail|95\/100|[from] Sandstorm\n|-damage|p2a: slime|95\/100|[from] Sandstorm\n|-damage|p1a: Arcanine|94\/100|[from] Sandstorm\n|upkeep\n|turn|2\n|\n|t:|1682233641\n|move|p2b: Scream Tail|Howl|p2b: Scream Tail|[spread] p2a,p2b\n|-boost|p2a: slime|atk|1\n|-boost|p2b: Scream Tail|atk|1\n|move|p2a: slime|Dragon Dance|p2a: slime\n|-boost|p2a: slime|atk|1\n|-boost|p2a: slime|spe|1\n|move|p1a: Arcanine|Wild Charge|p2a: slime\n|-supereffective|p2a: slime\n|-damage|p2a: slime|17\/100\n|-damage|p1a: Arcanine|76\/100|[from] Recoil\n|move|p1b: Ting-Lu|Fissure|p2b: Scream Tail|[miss]\n|-miss|p1b: Ting-Lu|p2b: Scream Tail\n|\n|-weather|Sandstorm|[upkeep]\n|-damage|p2b: Scream Tail|89\/100|[from] Sandstorm\n|-damage|p2a: slime|11\/100|[from] Sandstorm\n|-damage|p1a: Arcanine|70\/100|[from] Sandstorm\n|upkeep\n|turn|3\n|\n|t:|1682233666\n|move|p2a: slime|Protect|p2a: slime\n|-singleturn|p2a: slime|Protect\n|move|p1a: Arcanine|Extreme Speed|p2a: slime\n|-activate|p2a: slime|move: Protect\n|move|p2b: Scream Tail|Thunder Wave|p1a: Arcanine\n|-status|p1a: Arcanine|par\n|move|p1b: Ting-Lu|Heavy Slam|p2b: Scream Tail\n|-supereffective|p2b: Scream Tail\n|-crit|p2b: Scream Tail\n|-damage|p2b: Scream Tail|21\/100\n|\n|-weather|Sandstorm|[upkeep]\n|-damage|p2b: Scream Tail|15\/100|[from] Sandstorm\n|-damage|p2a: slime|5\/100|[from] Sandstorm\n|-damage|p1a: Arcanine|64\/100 par|[from] Sandstorm\n|upkeep\n|turn|4\n|\n|t:|1682233682\n|move|p2b: Scream Tail|Protect|p2b: Scream Tail\n|-singleturn|p2b: Scream Tail|Protect\n|cant|p1a: Arcanine|par\n|move|p2a: slime|Earthquake|p1b: Ting-Lu|[spread] p1a,p1b\n|-activate|p2b: Scream Tail|move: Protect\n|-supereffective|p1a: Arcanine\n|-damage|p1a: Arcanine|0 fnt\n|-damage|p1b: Ting-Lu|72\/100\n|faint|p1a: Arcanine\n|move|p1b: Ting-Lu|Heavy Slam|p2b: Scream Tail\n|-activate|p2b: Scream Tail|move: Protect\n|\n|-weather|Sandstorm|[upkeep]\n|-damage|p2b: Scream Tail|9\/100|[from] Sandstorm\n|-damage|p2a: slime|0 fnt|[from] Sandstorm\n|faint|p2a: slime\n|upkeep\n|\n|t:|1682233696\n|switch|p2a: blu|Flutter Mane, L50|100\/100\n|switch|p1a: Palafin|Palafin-Hero, L50, M|100\/100\n|-activate|p1a: Palafin|ability: Zero to Hero\n|turn|5\n|\n|t:|1682233717\n|-terastallize|p1a: Palafin|Water\n|move|p1a: Palafin|Jet Punch|p2a: blu\n|-damage|p2a: blu|0 fnt\n|faint|p2a: blu\n|-end|p2a: blu|Protosynthesis|[silent]\n|move|p2b: Scream Tail|Thunder Wave|p1a: Palafin\n|-status|p1a: Palafin|par\n|move|p1b: Ting-Lu|Heavy Slam|p2b: Scream Tail\n|-supereffective|p2b: Scream Tail\n|-damage|p2b: Scream Tail|0 fnt\n|faint|p2b: Scream Tail\n|-end|p2b: Scream Tail|Protosynthesis|[silent]\n|\n|-weather|none\n|upkeep\n|-message|mike langson forfeited.\n|\n|win|haha u rage quit\n|raw|haha u rage quit's rating: 1263 → 1287<\/strong> (+24 for winning)\n|raw|mike langson's rating: 1243 → 1219<\/strong> (-24 for losing)\n|l|\u2606mike langson\n","uploadtime":1682233745,"views":13,"p1id":"hahauragequit","p2id":"mikelangson","formatid":"gen9vgc2023regulationc","rating":1219,"private":0,"password":""}