{"id":"gen9vgc2023regulationc-1845899777","p1":"gankyburner","p2":"KennyJ","format":"[Gen 9] VGC 2023 Regulation C","log":"|j|\u2606gankyburner\n|j|\u2606KennyJ\n|t:|1681777003\n|gametype|doubles\n|player|p1|gankyburner|169|1211\n|player|p2|KennyJ|bianca-pwt|1188\n|teamsize|p1|6\n|teamsize|p2|6\n|gen|9\n|tier|[Gen 9] VGC 2023 Regulation C\n|rated|\n|rule|Species Clause: Limit one of each Pok\u00e9mon\n|rule|Item Clause: Limit one of each item\n|clearpoke\n|poke|p1|Murkrow, L50, F|\n|poke|p1|Tyranitar, L50, M|\n|poke|p1|Houndstone, L50, F|\n|poke|p1|Chi-Yu, L50|\n|poke|p1|Corviknight, L50, M|\n|poke|p1|Leafeon, L50, M|\n|poke|p2|Ting-Lu, L50|\n|poke|p2|Amoonguss, L50, M|\n|poke|p2|Gyarados, L50, M|\n|poke|p2|Flutter Mane, L50|\n|poke|p2|Volcarona, L50, F|\n|poke|p2|Baxcalibur, L50, F|\n|teampreview|4\nKennyJ has agreed to open team sheets.\ngankyburner has agreed to open team sheets.\n|\n|t:|1681777076\n|start\n|switch|p1a: C'mon C'mon|Murkrow, L50, F|100\/100\n|switch|p1b: Mr. Jones|Corviknight, L50, M|100\/100\n|switch|p2a: Baxcalibur|Baxcalibur, L50, F, shiny|100\/100\n|switch|p2b: Ting-Lu|Ting-Lu, L50|100\/100\n|-ability|p2b: Ting-Lu|Vessel of Ruin\n|turn|1\n|\n|t:|1681777096\n|-terastallize|p2a: Baxcalibur|Poison\n|move|p1a: C'mon C'mon|Tailwind|p1a: C'mon C'mon\n|-sidestart|p1: gankyburner|move: Tailwind\n|move|p1b: Mr. Jones|Iron Head|p2a: Baxcalibur\n|-damage|p2a: Baxcalibur|52\/100\n|cant|p2a: Baxcalibur|flinch\n|move|p2b: Ting-Lu|Ruination|p1b: Mr. Jones\n|-damage|p1b: Mr. Jones|50\/100\n|\n|upkeep\n|turn|2\n|\n|t:|1681777118\n|switch|p2a: Amoonguss|Amoonguss, L50, M|100\/100\n|move|p1b: Mr. Jones|Iron Head|p2a: Amoonguss\n|-damage|p2a: Amoonguss|50\/100\n|-enditem|p2a: Amoonguss|Sitrus Berry|[eat]\n|-heal|p2a: Amoonguss|75\/100|[from] item: Sitrus Berry\n|move|p1a: C'mon C'mon|Foul Play|p2a: Amoonguss\n|-crit|p2a: Amoonguss\n|-damage|p2a: Amoonguss|43\/100\n|move|p2b: Ting-Lu|Heavy Slam|p1a: C'mon C'mon\n|-damage|p1a: C'mon C'mon|62\/100\n|\n|upkeep\n|turn|3\n|\n|t:|1681777147\n|move|p2a: Amoonguss|Protect|p2a: Amoonguss\n|-singleturn|p2a: Amoonguss|Protect\n|move|p1b: Mr. Jones|Iron Head|p2a: Amoonguss\n|-activate|p2a: Amoonguss|move: Protect\n|move|p1a: C'mon C'mon|Foul Play|p2a: Amoonguss\n|-activate|p2a: Amoonguss|move: Protect\n|move|p2b: Ting-Lu|Heavy Slam|p1a: C'mon C'mon\n|-damage|p1a: C'mon C'mon|27\/100\n|\n|upkeep\n|turn|4\n|\n|t:|1681777180\n|move|p1b: Mr. Jones|Iron Head|p2a: Amoonguss\n|-damage|p2a: Amoonguss|0 fnt\n|faint|p2a: Amoonguss\n|move|p1a: C'mon C'mon|Foul Play|p2b: Ting-Lu\n|-resisted|p2b: Ting-Lu\n|-damage|p2b: Ting-Lu|87\/100\n|move|p2b: Ting-Lu|Heavy Slam|p1a: C'mon C'mon\n|-damage|p1a: C'mon C'mon|0 fnt\n|faint|p1a: C'mon C'mon\n|\n|-sideend|p1: gankyburner|move: Tailwind\n|upkeep\n|\n|t:|1681777195\n|switch|p1a: Dragula|Houndstone, L50, F, shiny|100\/100\n|switch|p2a: Gyarados|Gyarados, L50, M|100\/100\n|-ability|p2a: Gyarados|Intimidate|boost\n|-unboost|p1a: Dragula|atk|1\n|-ability|p1b: Mr. Jones|Mirror Armor\n|-unboost|p2a: Gyarados|atk|1\n|turn|5\n|\n|t:|1681777214\n|switch|p1b: Godzilla|Tyranitar, L50, M, shiny|100\/100\n|-weather|Sandstorm|[from] ability: Sand Stream|[of] p1b: Godzilla\n|move|p1a: Dragula|Will-O-Wisp|p2a: Gyarados\n|-status|p2a: Gyarados|brn\n|-enditem|p2a: Gyarados|Lum Berry|[eat]\n|-curestatus|p2a: Gyarados|brn|[msg]\n|move|p2a: Gyarados|Thunder Wave|p1a: Dragula\n|-status|p1a: Dragula|par\n|move|p2b: Ting-Lu|Ruination|p1b: Godzilla\n|-damage|p1b: Godzilla|51\/100\n|\n|-weather|Sandstorm|[upkeep]\n|-damage|p2a: Gyarados|95\/100|[from] Sandstorm\n|upkeep\n|turn|6\n|\n|t:|1681777243\n|-terastallize|p1b: Godzilla|Flying\n|move|p1a: Dragula|Will-O-Wisp|p2a: Gyarados\n|-status|p2a: Gyarados|brn\n|move|p2a: Gyarados|Taunt|p1a: Dragula\n|-start|p1a: Dragula|move: Taunt\n|move|p1b: Godzilla|Rock Slide|p2a: Gyarados|[spread] p2a,p2b\n|-supereffective|p2a: Gyarados\n|-crit|p2a: Gyarados\n|-resisted|p2b: Ting-Lu\n|-damage|p2a: Gyarados|0 fnt\n|-damage|p2b: Ting-Lu|78\/100\n|faint|p2a: Gyarados\n|move|p2b: Ting-Lu|Stomping Tantrum|p1b: Godzilla\n|-immune|p1b: Godzilla\n|\n|-weather|Sandstorm|[upkeep]\n|-damage|p1b: Godzilla|45\/100|[from] Sandstorm\n|upkeep\n|\n|t:|1681777251\n|switch|p2a: Baxcalibur|Baxcalibur, L50, F, shiny, tera:Poison|52\/100\n|turn|7\n|\n|t:|1681777284\n|switch|p1a: Mr. Jones|Corviknight, L50, M|50\/100\n|move|p2a: Baxcalibur|Icicle Spear|p1b: Godzilla\n|-supereffective|p1b: Godzilla\n|-damage|p1b: Godzilla|22\/100\n|-supereffective|p1b: Godzilla\n|-damage|p1b: Godzilla|0 fnt\n|faint|p1b: Godzilla\n|-hitcount|p1: Godzilla|2\n|move|p2b: Ting-Lu|Stomping Tantrum|p1a: Mr. Jones\n|-immune|p1a: Mr. Jones\n|\n|-weather|Sandstorm|[upkeep]\n|-damage|p2a: Baxcalibur|46\/100|[from] Sandstorm\n|upkeep\n|\n|t:|1681777295\n|switch|p1b: Dragula|Houndstone, L50, F, shiny|100\/100 par\n|turn|8\n|\n|t:|1681777328\n|cant|p1b: Dragula|par\n|move|p2a: Baxcalibur|Icicle Spear|p1a: Mr. Jones\n|-crit|p1a: Mr. Jones\n|-damage|p1a: Mr. Jones|26\/100\n|-damage|p1a: Mr. Jones|9\/100\n|-crit|p1a: Mr. Jones\n|-damage|p1a: Mr. Jones|0 fnt\n|faint|p1a: Mr. Jones\n|-hitcount|p1: Mr. Jones|3\n|move|p2b: Ting-Lu|Stomping Tantrum|p1b: Dragula\n|-damage|p1b: Dragula|30\/100 par\n|\n|-weather|Sandstorm|[upkeep]\n|-damage|p2a: Baxcalibur|40\/100|[from] Sandstorm\n|upkeep\n|turn|9\n|\n|t:|1681777343\n|move|p1b: Dragula|Last Respects|p2a: Baxcalibur\n|-damage|p2a: Baxcalibur|0 fnt\n|faint|p2a: Baxcalibur\n|move|p2b: Ting-Lu|Stomping Tantrum|p1b: Dragula\n|-damage|p1b: Dragula|0 fnt\n|faint|p1b: Dragula\n|\n|win|KennyJ\n|raw|gankyburner's rating: 1211 → 1184<\/strong> (-27 for losing)\n|raw|KennyJ's rating: 1188 → 1215<\/strong> (+27 for winning)\n|c|\u2606gankyburner|gg\n","uploadtime":1681777357,"views":11,"p1id":"gankyburner","p2id":"kennyj","formatid":"gen9vgc2023regulationc","rating":1184,"private":0,"password":""}