{"id":"gen9vgc2023regulationc-1852933051","p1":"Quanxi_irl","p2":"Tony2810","format":"[Gen 9] VGC 2023 Regulation C","log":"|j|\u2606Quanxi_irl\n|j|\u2606Tony2810\n|t:|1682618454\n|gametype|doubles\n|player|p1|Quanxi_irl|iris-gen5bw2|1118\n|player|p2|Tony2810|iris-gen5bw2|1151\n|teamsize|p1|6\n|teamsize|p2|6\n|gen|9\n|tier|[Gen 9] VGC 2023 Regulation C\n|rated|\n|rule|Species Clause: Limit one of each Pok\u00e9mon\n|rule|Item Clause: Limit one of each item\n|clearpoke\n|poke|p1|Grimmsnarl, L50, M|\n|poke|p1|Torkoal, L50, F|\n|poke|p1|Flutter Mane, L50|\n|poke|p1|Baxcalibur, L50, F|\n|poke|p1|Kingambit, L50, F|\n|poke|p1|Sandy Shocks, L50|\n|poke|p2|Flutter Mane, L50|\n|poke|p2|Chien-Pao, L50|\n|poke|p2|Roaring Moon, L50|\n|poke|p2|Chi-Yu, L50|\n|poke|p2|Torkoal, L50, M|\n|poke|p2|Gyarados, L50, F|\n|teampreview|4\n|inactive|Battle timer is ON: inactive players will automatically lose when time's up. (requested by Tony2810)\n|\n|t:|1682618499\n|start\n|switch|p1a: Grimmsnarl|Grimmsnarl, L50, M|100\/100\n|switch|p1b: Flutter Mane|Flutter Mane, L50, shiny|100\/100\n|switch|p2a: Torkoal|Torkoal, L50, M|100\/100\n|switch|p2b: Roaring Moon|Roaring Moon, L50|100\/100\n|-weather|SunnyDay|[from] ability: Drought|[of] p2a: Torkoal\n|-activate|p1b: Flutter Mane|ability: Protosynthesis\n|-start|p1b: Flutter Mane|protosynthesisspe\n|-activate|p2b: Roaring Moon|ability: Protosynthesis\n|-start|p2b: Roaring Moon|protosynthesisatk\n|turn|1\n|\n|t:|1682618517\n|-terastallize|p2b: Roaring Moon|Steel\n|move|p1a: Grimmsnarl|Reflect|p1a: Grimmsnarl\n|-sidestart|p1: Quanxi_irl|Reflect\n|move|p1b: Flutter Mane|Moonblast|p2b: Roaring Moon\n|-resisted|p2b: Roaring Moon\n|-damage|p2b: Roaring Moon|85\/100\n|-unboost|p2b: Roaring Moon|spa|1\n|move|p2b: Roaring Moon|Iron Head|p1b: Flutter Mane\n|-supereffective|p1b: Flutter Mane\n|-damage|p1b: Flutter Mane|0 fnt\n|faint|p1b: Flutter Mane\n|-end|p1b: Flutter Mane|Protosynthesis|[silent]\n|move|p2a: Torkoal|Flamethrower|p1a: Grimmsnarl\n|-damage|p1a: Grimmsnarl|57\/100\n|\n|-weather|SunnyDay|[upkeep]\n|upkeep\n|\n|t:|1682618532\n|switch|p1b: Sandy Shocks|Sandy Shocks, L50|100\/100\n|-activate|p1b: Sandy Shocks|ability: Protosynthesis\n|-start|p1b: Sandy Shocks|protosynthesisspe\n|turn|2\n|\n|t:|1682618543\n|move|p2a: Torkoal|Helping Hand|p2b: Roaring Moon\n|-singleturn|p2b: Roaring Moon|Helping Hand|[of] p2a: Torkoal\n|move|p1a: Grimmsnarl|Light Screen|p1a: Grimmsnarl\n|-sidestart|p1: Quanxi_irl|move: Light Screen\n|move|p1b: Sandy Shocks|Earth Power|p2b: Roaring Moon\n|-supereffective|p2b: Roaring Moon\n|-damage|p2b: Roaring Moon|22\/100\n|move|p2b: Roaring Moon|Scale Shot|p1b: Sandy Shocks\n|-damage|p1b: Sandy Shocks|81\/100\n|-damage|p1b: Sandy Shocks|60\/100\n|-hitcount|p1b: Sandy Shocks|2\n|-unboost|p2b: Roaring Moon|def|1\n|-boost|p2b: Roaring Moon|spe|1\n|\n|-weather|SunnyDay|[upkeep]\n|upkeep\n|turn|3\n|\n|t:|1682618562\n|-end|p1b: Sandy Shocks|Protosynthesis|[silent]\n|switch|p1b: Baxcalibur|Baxcalibur, L50, F|100\/100\n|move|p2a: Torkoal|Helping Hand|p2b: Roaring Moon\n|-singleturn|p2b: Roaring Moon|Helping Hand|[of] p2a: Torkoal\n|move|p1a: Grimmsnarl|Parting Shot|p2b: Roaring Moon\n|-unboost|p2b: Roaring Moon|atk|1\n|-unboost|p2b: Roaring Moon|spa|1\n|c|\u2606Quanxi_irl|i miss clicked dam\n|\n|t:|1682618580\n|switch|p1a: Sandy Shocks|Sandy Shocks, L50|60\/100|[from] Parting Shot\n|-activate|p1a: Sandy Shocks|ability: Protosynthesis\n|-start|p1a: Sandy Shocks|protosynthesisspe\n|move|p2b: Roaring Moon|Scale Shot|p1b: Baxcalibur\n|-supereffective|p1b: Baxcalibur\n|-damage|p1b: Baxcalibur|79\/100\n|-supereffective|p1b: Baxcalibur\n|-damage|p1b: Baxcalibur|55\/100\n|-hitcount|p1b: Baxcalibur|2\n|-unboost|p2b: Roaring Moon|def|1\n|-boost|p2b: Roaring Moon|spe|1\n|\n|-weather|SunnyDay|[upkeep]\n|upkeep\n|turn|4\n|inactive|Quanxi_irl has 30 seconds left.\n|inactive|Tony2810 has 30 seconds left.\n|\n|t:|1682618613\n|move|p2b: Roaring Moon|Iron Head|p1b: Baxcalibur\n|-supereffective|p1b: Baxcalibur\n|-damage|p1b: Baxcalibur|2\/100\n|move|p1a: Sandy Shocks|Earth Power|p2b: Roaring Moon\n|-supereffective|p2b: Roaring Moon\n|-damage|p2b: Roaring Moon|0 fnt\n|faint|p2b: Roaring Moon\n|-end|p2b: Roaring Moon|Protosynthesis|[silent]\n|move|p1b: Baxcalibur|Dragon Dance|p1b: Baxcalibur\n|-boost|p1b: Baxcalibur|atk|1\n|-boost|p1b: Baxcalibur|spe|1\n|move|p2a: Torkoal|Flamethrower|p1a: Sandy Shocks\n|-damage|p1a: Sandy Shocks|24\/100\n|\n|-weather|SunnyDay|[upkeep]\n|upkeep\n|\n|t:|1682618630\n|switch|p2b: Flutter Mane|Flutter Mane, L50|100\/100\n|-activate|p2b: Flutter Mane|ability: Protosynthesis\n|-start|p2b: Flutter Mane|protosynthesisspe\n|turn|5\n|\n|t:|1682618644\n|move|p2b: Flutter Mane|Protect|p2b: Flutter Mane\n|-singleturn|p2b: Flutter Mane|Protect\n|move|p1b: Baxcalibur|Protect|p1b: Baxcalibur\n|-singleturn|p1b: Baxcalibur|Protect\n|move|p1a: Sandy Shocks|Earth Power|p2b: Flutter Mane\n|-activate|p2b: Flutter Mane|move: Protect\n|move|p2a: Torkoal|Flamethrower|p1b: Baxcalibur\n|-activate|p1b: Baxcalibur|move: Protect\n|\n|-weather|SunnyDay|[upkeep]\n|upkeep\n|turn|6\n|\n|t:|1682618660\n|move|p2b: Flutter Mane|Moonblast|p1b: Baxcalibur\n|-supereffective|p1b: Baxcalibur\n|-damage|p1b: Baxcalibur|0 fnt\n|faint|p1b: Baxcalibur\n|move|p1a: Sandy Shocks|Earth Power|p2b: Flutter Mane\n|-damage|p2b: Flutter Mane|57\/100\n|move|p2a: Torkoal|Flamethrower|p1a: Sandy Shocks\n|-damage|p1a: Sandy Shocks|0 fnt\n|faint|p1a: Sandy Shocks\n|-end|p1a: Sandy Shocks|Protosynthesis|[silent]\n|\n|-weather|SunnyDay|[upkeep]\n|upkeep\n|-message|Quanxi_irl forfeited.\n|\n|win|Tony2810\n|raw|Quanxi_irl's rating: 1118 → 1095<\/strong> (-23 for losing)\n|raw|Tony2810's rating: 1151 → 1174<\/strong> (+23 for winning)\n|l|\u2606Quanxi_irl\n","uploadtime":1682618679,"views":4,"p1id":"quanxiirl","p2id":"tony2810","formatid":"gen9vgc2023regulationc","rating":1095,"private":0,"password":""}