{"id":"gen9vgc2023regulationc-1856477103","p1":"Chaotic Raos","p2":"kricketot marx","format":"[Gen 9] VGC 2023 Regulation C","log":"|j|\u2606Chaotic Raos\n|j|\u2606kricketot marx\n|t:|1683065807\n|gametype|doubles\n|player|p1|Chaotic Raos|bellelba|1431\n|player|p2|kricketot marx|flannery|1424\n|teamsize|p1|6\n|teamsize|p2|6\n|gen|9\n|tier|[Gen 9] VGC 2023 Regulation C\n|rated|\n|rule|Species Clause: Limit one of each Pok\u00e9mon\n|rule|Item Clause: Limit one of each item\n|clearpoke\n|poke|p1|Chi-Yu, L50|\n|poke|p1|Flutter Mane, L50|\n|poke|p1|Torkoal, L50, F|\n|poke|p1|Murkrow, L50, M|\n|poke|p1|Slither Wing, L50|\n|poke|p1|Corviknight, L50, M|\n|poke|p2|Garganacl, L50, M|\n|poke|p2|Flutter Mane, L50|\n|poke|p2|Iron Bundle, L50|\n|poke|p2|Abomasnow, L50, F|\n|poke|p2|Arcanine, L50, F|\n|poke|p2|Ting-Lu, L50|\n|teampreview|4\n|\n|t:|1683065847\n|start\n|switch|p1a: Chi-Yu|Chi-Yu, L50|100\/100\n|switch|p1b: Slither Wing|Slither Wing, L50|100\/100\n|switch|p2a: Arcanine|Arcanine, L50, F|100\/100\n|switch|p2b: Ting-Lu|Ting-Lu, L50|100\/100\n|-ability|p1a: Chi-Yu|Beads of Ruin\n|-ability|p2a: Arcanine|Intimidate|boost\n|-unboost|p1a: Chi-Yu|atk|1\n|-unboost|p1b: Slither Wing|atk|1\n|-ability|p2b: Ting-Lu|Vessel of Ruin\n|turn|1\n|\n|t:|1683065881\n|move|p1a: Chi-Yu|Protect|p1a: Chi-Yu\n|-singleturn|p1a: Chi-Yu|Protect\n|move|p2a: Arcanine|Flare Blitz|p1b: Slither Wing\n|-supereffective|p1b: Slither Wing\n|-damage|p1b: Slither Wing|0 fnt\n|faint|p1b: Slither Wing\n|-end|p1b: Slither Wing|Protosynthesis|[silent]\n|-damage|p2a: Arcanine|69\/100|[from] Recoil\n|move|p2b: Ting-Lu|Stomping Tantrum|p1a: Chi-Yu\n|-activate|p1a: Chi-Yu|move: Protect\n|\n|upkeep\n|\n|t:|1683065889\n|switch|p1b: Flutter Mane|Flutter Mane, L50|100\/100\n|turn|2\n|\n|t:|1683065914\n|-terastallize|p1b: Flutter Mane|Fairy\n|move|p2b: Ting-Lu|Protect|p2b: Ting-Lu\n|-singleturn|p2b: Ting-Lu|Protect\n|move|p1b: Flutter Mane|Moonblast|p2b: Ting-Lu\n|-activate|p2b: Ting-Lu|move: Protect\n|move|p1a: Chi-Yu|Dark Pulse|p2a: Arcanine\n|-damage|p2a: Arcanine|26\/100\n|move|p2a: Arcanine|Flare Blitz|p1b: Flutter Mane\n|-damage|p1b: Flutter Mane|0 fnt\n|faint|p1b: Flutter Mane\n|-end|p1b: Flutter Mane|Protosynthesis|[silent]\n|-damage|p2a: Arcanine|4\/100|[from] Recoil\n|\n|upkeep\n|\n|t:|1683065929\n|switch|p1b: Torkoal|Torkoal, L50, F|100\/100\n|-weather|SunnyDay|[from] ability: Drought|[of] p1b: Torkoal\n|turn|3\n|\n|t:|1683065965\n|move|p2a: Arcanine|Extreme Speed|p1a: Chi-Yu\n|-damage|p1a: Chi-Yu|60\/100\n|move|p1a: Chi-Yu|Heat Wave|p2b: Ting-Lu|[spread] p2a,p2b\n|-resisted|p2a: Arcanine\n|-damage|p2a: Arcanine|0 fnt\n|-damage|p2b: Ting-Lu|65\/100\n|faint|p2a: Arcanine\n|move|p2b: Ting-Lu|Stomping Tantrum|p1b: Torkoal\n|-supereffective|p1b: Torkoal\n|-damage|p1b: Torkoal|52\/100\n|move|p1b: Torkoal|Yawn|p2b: Ting-Lu\n|-start|p2b: Ting-Lu|move: Yawn|[of] p1b: Torkoal\n|\n|-weather|SunnyDay|[upkeep]\n|upkeep\n|\n|t:|1683065976\n|switch|p2a: Abomasnow|Abomasnow, L50, F|100\/100\n|-weather|Snow|[from] ability: Snow Warning|[of] p2a: Abomasnow\n|turn|4\n|\n|t:|1683065990\n|move|p1b: Torkoal|Helping Hand|p1a: Chi-Yu\n|-singleturn|p1a: Chi-Yu|Helping Hand|[of] p1b: Torkoal\n|move|p1a: Chi-Yu|Heat Wave|p2a: Abomasnow|[spread] p2a,p2b\n|-supereffective|p2a: Abomasnow\n|-enditem|p2a: Abomasnow|Focus Sash\n|-damage|p2a: Abomasnow|1\/100\n|-damage|p2b: Ting-Lu|29\/100\n|move|p2a: Abomasnow|Aurora Veil|p2a: Abomasnow\n|-sidestart|p2: kricketot marx|move: Aurora Veil\n|move|p2b: Ting-Lu|Stomping Tantrum|p1b: Torkoal\n|-supereffective|p1b: Torkoal\n|-damage|p1b: Torkoal|3\/100\n|-enditem|p1b: Torkoal|Sitrus Berry|[eat]\n|-heal|p1b: Torkoal|28\/100|[from] item: Sitrus Berry\n|\n|-weather|Snow|[upkeep]\n|-end|p2b: Ting-Lu|move: Yawn|[silent]\n|-status|p2b: Ting-Lu|slp\n|-enditem|p2b: Ting-Lu|Lum Berry|[eat]\n|-curestatus|p2b: Ting-Lu|slp|[msg]\n|upkeep\n|turn|5\n|\n|t:|1683066013\n|move|p1b: Torkoal|Helping Hand|p1a: Chi-Yu\n|-singleturn|p1a: Chi-Yu|Helping Hand|[of] p1b: Torkoal\n|move|p2b: Ting-Lu|Protect|p2b: Ting-Lu\n|-singleturn|p2b: Ting-Lu|Protect\n|move|p1a: Chi-Yu|Heat Wave|p2a: Abomasnow|[spread] p2a\n|-activate|p2b: Ting-Lu|move: Protect\n|-supereffective|p2a: Abomasnow\n|-damage|p2a: Abomasnow|0 fnt\n|faint|p2a: Abomasnow\n|\n|-weather|Snow|[upkeep]\n|upkeep\n|\n|t:|1683066019\n|switch|p2a: Garganacl|Garganacl, L50, M, shiny|100\/100\n|turn|6\n|\n|t:|1683066041\n|move|p1a: Chi-Yu|Protect|p1a: Chi-Yu\n|-singleturn|p1a: Chi-Yu|Protect\n|move|p1b: Torkoal|Protect|p1b: Torkoal\n|-singleturn|p1b: Torkoal|Protect\n|move|p2a: Garganacl|Wide Guard|p2a: Garganacl\n|-singleturn|p2a: Garganacl|Wide Guard\n|move|p2b: Ting-Lu|Stomping Tantrum|p1a: Chi-Yu\n|-activate|p1a: Chi-Yu|move: Protect\n|\n|-weather|Snow|[upkeep]\n|upkeep\n|turn|7\n|\n|t:|1683066086\n|move|p1b: Torkoal|Helping Hand|p1a: Chi-Yu\n|-singleturn|p1a: Chi-Yu|Helping Hand|[of] p1b: Torkoal\n|move|p2b: Ting-Lu|Protect|p2b: Ting-Lu\n|-singleturn|p2b: Ting-Lu|Protect\n|move|p1a: Chi-Yu|Dark Pulse|p2b: Ting-Lu\n|-activate|p2b: Ting-Lu|move: Protect\n|move|p2a: Garganacl|Salt Cure|p1a: Chi-Yu\n|-supereffective|p1a: Chi-Yu\n|-crit|p1a: Chi-Yu\n|-damage|p1a: Chi-Yu|0 fnt\n|faint|p1a: Chi-Yu\n|\n|-weather|Snow|[upkeep]\n|upkeep\n|turn|8\n|-message|Chaotic Raos forfeited.\n|\n|win|kricketot marx\n|raw|Chaotic Raos's rating: 1431 → 1411<\/strong> (-20 for losing)\n|raw|kricketot marx's rating: 1424 → 1444<\/strong> (+20 for winning)\n|l|\u2606Chaotic Raos\n","uploadtime":1683066103,"views":18,"p1id":"chaoticraos","p2id":"kricketotmarx","formatid":"gen9vgc2023regulationc","rating":1411,"private":0,"password":""}