{"id":"gen9vgc2023regulationc-1845658610","p1":"argentop","p2":"testsur0u","format":"[Gen 9] VGC 2023 Regulation C","log":"|j|\u2606argentop\n|j|\u2606testsur0u\n|t:|1681753221\n|gametype|doubles\n|player|p1|argentop|102|1054\n|player|p2|testsur0u|266|1028\n|teamsize|p1|6\n|teamsize|p2|6\n|gen|9\n|tier|[Gen 9] VGC 2023 Regulation C\n|rated|\n|rule|Species Clause: Limit one of each Pok\u00e9mon\n|rule|Item Clause: Limit one of each item\n|clearpoke\n|poke|p1|Amoonguss, L50, M|\n|poke|p1|Flutter Mane, L50|\n|poke|p1|Iron Hands, L50|\n|poke|p1|Chien-Pao, L50|\n|poke|p1|Dragonite, L50, M|\n|poke|p1|Iron Bundle, L50|\n|poke|p2|Arcanine, L50, M|\n|poke|p2|Dragapult, L50, M|\n|poke|p2|Palafin, L50, F|\n|poke|p2|Chien-Pao, L50|\n|poke|p2|Abomasnow, L50, F|\n|poke|p2|Baxcalibur, L50, M|\n|teampreview|4\ntestsur0u has agreed to open team sheets.\n|inactive|Battle timer is ON: inactive players will automatically lose when time's up. (requested by testsur0u)\n|inactive|argentop has 60 seconds left.\n|inactive|argentop has 30 seconds left.\n|inactive|argentop has 20 seconds left.\n|inactive|argentop has 15 seconds left.\n|inactive|argentop has 10 seconds left.\n|\n|t:|1681753328\n|start\n|switch|p1a: Flutter Mane|Flutter Mane, L50|100\/100\n|switch|p1b: Chien-Pao|Chien-Pao, L50|100\/100\n|switch|p2a: Abomasnow|Abomasnow, L50, F|100\/100\n|switch|p2b: Palafin|Palafin, L50, F|100\/100\n|-ability|p1b: Chien-Pao|Sword of Ruin\n|-weather|Snow|[from] ability: Snow Warning|[of] p2a: Abomasnow\n|turn|1\n|inactive|argentop has 30 seconds left.\n|inactive|argentop has 20 seconds left.\n|inactive|argentop has 15 seconds left.\n|inactive|argentop has 10 seconds left.\n|inactive|argentop has 5 seconds left.\n|\n|t:|1681753383\n|detailschange|p2b: Palafin|Palafin-Hero, L50, F\n|switch|p2b: Arcanine|Arcanine, L50, M|100\/100\n|-ability|p2b: Arcanine|Intimidate|boost\n|-unboost|p1a: Flutter Mane|atk|1\n|-unboost|p1b: Chien-Pao|atk|1\n|move|p1b: Chien-Pao|Haze|p1b: Chien-Pao\n|-clearallboost\n|move|p1a: Flutter Mane|Shadow Ball|p2b: Arcanine\n|-damage|p2b: Arcanine|29\/100\n|move|p2a: Abomasnow|Aurora Veil|p2a: Abomasnow\n|-sidestart|p2: testsur0u|move: Aurora Veil\n|\n|-weather|Snow|[upkeep]\n|upkeep\n|turn|2\n|inactive|argentop has 30 seconds left.\n|inactive|argentop has 20 seconds left.\n|\n|t:|1681753419\n|move|p1b: Chien-Pao|Ice Spinner|p2b: Arcanine\n|-resisted|p2b: Arcanine\n|-damage|p2b: Arcanine|11\/100\n|move|p1a: Flutter Mane|Shadow Ball|p2b: Arcanine\n|-damage|p2b: Arcanine|0 fnt\n|faint|p2b: Arcanine\n|move|p2a: Abomasnow|Sheer Cold|p1a: Flutter Mane|[miss]\n|-miss|p2a: Abomasnow|p1a: Flutter Mane\n|\n|-weather|Snow|[upkeep]\n|upkeep\n|\n|t:|1681753426\n|switch|p2b: Baxcalibur|Baxcalibur, L50, M|100\/100\n|turn|3\n|\n|t:|1681753445\n|-end|p1a: Flutter Mane|Protosynthesis|[silent]\n|switch|p1a: Dragonite|Dragonite, L50, M|100\/100\n|-terastallize|p2b: Baxcalibur|Fire\n|move|p1b: Chien-Pao|Protect|p1b: Chien-Pao\n|-singleturn|p1b: Chien-Pao|Protect\n|move|p2b: Baxcalibur|Iron Head|p1a: Dragonite\n|-damage|p1a: Dragonite|62\/100\n|move|p2a: Abomasnow|Icy Wind|p1b: Chien-Pao|[spread] p1a\n|-activate|p1b: Chien-Pao|move: Protect\n|-supereffective|p1a: Dragonite\n|-damage|p1a: Dragonite|0 fnt\n|faint|p1a: Dragonite\n|\n|-weather|Snow|[upkeep]\n|upkeep\n|inactive|argentop has 30 seconds left.\n|inactive|argentop has 20 seconds left.\n|inactive|argentop has 15 seconds left.\n|\n|t:|1681753490\n|switch|p1a: Iron Hands|Iron Hands, L50|100\/100\n|turn|4\n|\n|t:|1681753513\n|move|p2b: Baxcalibur|Protect|p2b: Baxcalibur\n|-singleturn|p2b: Baxcalibur|Protect\n|move|p1a: Iron Hands|Fake Out|p2b: Baxcalibur\n|-activate|p2b: Baxcalibur|move: Protect\n|move|p1b: Chien-Pao|Ice Spinner|p2b: Baxcalibur\n|-activate|p2b: Baxcalibur|move: Protect\n|move|p2a: Abomasnow|Sheer Cold|p1a: Iron Hands|[miss]\n|-miss|p2a: Abomasnow|p1a: Iron Hands\n|\n|-weather|Snow|[upkeep]\n|upkeep\n|turn|5\n|inactive|argentop has 30 seconds left.\n|inactive|argentop has 20 seconds left.\n|inactive|argentop has 15 seconds left.\n|inactive|argentop has 10 seconds left.\n|\n|t:|1681753560\n|-end|p1a: Iron Hands|Quark Drive|[silent]\n|switch|p1a: Flutter Mane|Flutter Mane, L50|100\/100\n|move|p1b: Chien-Pao|Protect|p1b: Chien-Pao\n|-singleturn|p1b: Chien-Pao|Protect\n|move|p2b: Baxcalibur|Iron Head|p1b: Chien-Pao\n|-activate|p1b: Chien-Pao|move: Protect\n|move|p2a: Abomasnow|Sheer Cold|p1a: Flutter Mane\n|-damage|p1a: Flutter Mane|0 fnt\n|faint|p1a: Flutter Mane\n|-end|p1a: Flutter Mane|Protosynthesis|[silent]\n|-ohko\n|\n|-weather|none\n|-sideend|p2: testsur0u|move: Aurora Veil\n|upkeep\n|\n|t:|1681753576\n|switch|p1a: Iron Hands|Iron Hands, L50|100\/100\n|turn|6\n|inactive|argentop has 30 seconds left.\n|inactive|argentop has 20 seconds left.\n|\n|t:|1681753612\n|switch|p2a: Palafin|Palafin-Hero, L50, F|100\/100\n|-activate|p2a: Palafin|ability: Zero to Hero\n|move|p2b: Baxcalibur|Protect|p2b: Baxcalibur\n|-singleturn|p2b: Baxcalibur|Protect\n|move|p1a: Iron Hands|Fake Out|p2a: Palafin\n|-damage|p2a: Palafin|78\/100\n|move|p1b: Chien-Pao|Sucker Punch||[still]\n|-fail|p1b: Chien-Pao\n|\n|upkeep\n|turn|7\n|\n|t:|1681753636\n|switch|p2a: Abomasnow|Abomasnow, L50, F|100\/100\n|-weather|Snow|[from] ability: Snow Warning|[of] p2a: Abomasnow\n|move|p1b: Chien-Pao|Protect|p1b: Chien-Pao\n|-singleturn|p1b: Chien-Pao|Protect\n|move|p2b: Baxcalibur|Iron Head|p1b: Chien-Pao\n|-activate|p1b: Chien-Pao|move: Protect\n|move|p1a: Iron Hands|Wild Charge|p2a: Abomasnow\n|-resisted|p2a: Abomasnow\n|-damage|p2a: Abomasnow|73\/100\n|-damage|p1a: Iron Hands|95\/100|[from] Recoil\n|\n|-weather|Snow|[upkeep]\n|upkeep\n|turn|8\n|inactive|argentop has 30 seconds left.\n|inactive|argentop has 20 seconds left.\n|\n|t:|1681753672\n|move|p1b: Chien-Pao|Ice Spinner|p2b: Baxcalibur\n|-resisted|p2b: Baxcalibur\n|-damage|p2b: Baxcalibur|77\/100\n|move|p2b: Baxcalibur|Iron Head|p1b: Chien-Pao\n|-supereffective|p1b: Chien-Pao\n|-damage|p1b: Chien-Pao|41\/100\n|move|p2a: Abomasnow|Aurora Veil|p2a: Abomasnow\n|-sidestart|p2: testsur0u|move: Aurora Veil\n|move|p1a: Iron Hands|Wild Charge|p2a: Abomasnow\n|-resisted|p2a: Abomasnow\n|-damage|p2a: Abomasnow|55\/100\n|-damage|p1a: Iron Hands|92\/100|[from] Recoil\n|\n|-weather|Snow|[upkeep]\n|upkeep\n|turn|9\n|\n|t:|1681753692\n|move|p1b: Chien-Pao|Protect|p1b: Chien-Pao\n|-singleturn|p1b: Chien-Pao|Protect\n|move|p2b: Baxcalibur|Iron Head|p1b: Chien-Pao\n|-activate|p1b: Chien-Pao|move: Protect\n|move|p2a: Abomasnow|Sheer Cold|p1a: Iron Hands\n|-damage|p1a: Iron Hands|0 fnt\n|faint|p1a: Iron Hands\n|-end|p1a: Iron Hands|Quark Drive|[silent]\n|-ohko\n|\n|-weather|Snow|[upkeep]\n|upkeep\n|turn|10\n|inactive|argentop has 30 seconds left.\n|inactive|testsur0u has 30 seconds left.\n|inactive|argentop has 20 seconds left.\n|\n|t:|1681753729\n|move|p1b: Chien-Pao|Sucker Punch|p2b: Baxcalibur\n|-damage|p2b: Baxcalibur|51\/100\n|move|p2b: Baxcalibur|Iron Head|p1b: Chien-Pao\n|-supereffective|p1b: Chien-Pao\n|-damage|p1b: Chien-Pao|0 fnt\n|faint|p1b: Chien-Pao\n|\n|win|testsur0u\n|raw|argentop's rating: 1054 → 1035<\/strong> (-19 for losing)\n|raw|testsur0u's rating: 1028 → 1066<\/strong> (+38 for winning)\n","uploadtime":1681753739,"views":13,"p1id":"argentop","p2id":"testsur0u","formatid":"gen9vgc2023regulationc","rating":1035,"private":0,"password":""}