{"id":"gen9vgc2023regulationc-1857774764","p1":"megafoce","p2":"MiphaDeezNuts","format":"[Gen 9] VGC 2023 Regulation C","log":"|j|\u2606megafoce\n|j|\u2606MiphaDeezNuts\n|t:|1683230484\n|gametype|doubles\n|player|p1|megafoce|lucas|1046\n|player|p2|MiphaDeezNuts|smasher|1074\n|teamsize|p1|6\n|teamsize|p2|6\n|gen|9\n|tier|[Gen 9] VGC 2023 Regulation C\n|rated|\n|rule|Species Clause: Limit one of each Pok\u00e9mon\n|rule|Item Clause: Limit one of each item\n|clearpoke\n|poke|p1|Ceruledge, L50, M|\n|poke|p1|Garganacl, L50, F|\n|poke|p1|Amoonguss, L50, M|\n|poke|p1|Ting-Lu, L50|\n|poke|p1|Gyarados, L50, F|\n|poke|p1|Maushold-Four, L50|\n|poke|p2|Wo-Chien, L50|\n|poke|p2|Flutter Mane, L50|\n|poke|p2|Ting-Lu, L50|\n|poke|p2|Annihilape, L50, M|\n|poke|p2|Palafin, L50, M|\n|poke|p2|Maushold, L50|\n|teampreview|4\n|inactive|Battle timer is ON: inactive players will automatically lose when time's up. (requested by MiphaDeezNuts)\n|\n|t:|1683230500\n|start\n|switch|p1a: Ceruledge|Ceruledge, L50, M|100\/100\n|switch|p1b: Garganacl|Garganacl, L50, F|100\/100\n|switch|p2a: Flutter Mane|Flutter Mane, L50|100\/100\n|switch|p2b: Ting-Lu|Ting-Lu, L50|100\/100\n|-ability|p2b: Ting-Lu|Vessel of Ruin\n|-enditem|p2a: Flutter Mane|Booster Energy\n|-activate|p2a: Flutter Mane|ability: Protosynthesis|[fromitem]\n|-start|p2a: Flutter Mane|protosynthesisspe\n|turn|1\n|\n|t:|1683230517\n|-terastallize|p2a: Flutter Mane|Fairy\n|move|p2a: Flutter Mane|Shadow Ball|p1a: Ceruledge\n|-supereffective|p1a: Ceruledge\n|-damage|p1a: Ceruledge|27\/100\n|move|p1a: Ceruledge|Shadow Ball|p2a: Flutter Mane\n|-damage|p2a: Flutter Mane|82\/100\n|-damage|p1a: Ceruledge|17\/100|[from] item: Life Orb\n|move|p2b: Ting-Lu|Fissure|p1b: Garganacl|[miss]\n|-miss|p2b: Ting-Lu|p1b: Garganacl\n|move|p1b: Garganacl|Salt Cure|p2a: Flutter Mane\n|-damage|p2a: Flutter Mane|53\/100\n|-start|p2a: Flutter Mane|Salt Cure\n|\n|-damage|p2a: Flutter Mane|41\/100|[from] Salt Cure\n|upkeep\n|turn|2\n|inactive|megafoce has 30 seconds left.\n|\n|t:|1683230543\n|switch|p1a: Amoonguss|Amoonguss, L50, M|100\/100\n|move|p2a: Flutter Mane|Protect|p2a: Flutter Mane\n|-singleturn|p2a: Flutter Mane|Protect\n|move|p2b: Ting-Lu|Stomping Tantrum|p1b: Garganacl\n|-supereffective|p1b: Garganacl\n|-damage|p1b: Garganacl|0 fnt\n|faint|p1b: Garganacl\n|\n|-damage|p2a: Flutter Mane|28\/100|[from] Salt Cure\n|upkeep\n|\n|t:|1683230559\n|switch|p1b: Ting-Lu|Ting-Lu, L50|100\/100\n|-ability|p1b: Ting-Lu|Vessel of Ruin\n|turn|3\n|\n|t:|1683230578\n|move|p2a: Flutter Mane|Shadow Ball|p1a: Amoonguss\n|-crit|p1a: Amoonguss\n|-damage|p1a: Amoonguss|54\/100\n|move|p2b: Ting-Lu|Fissure|p1b: Ting-Lu|[miss]\n|-miss|p2b: Ting-Lu|p1b: Ting-Lu\n|move|p1b: Ting-Lu|Fissure|p2b: Ting-Lu\n|-damage|p2b: Ting-Lu|0 fnt\n|faint|p2b: Ting-Lu\n|-ohko\n|move|p1a: Amoonguss|Sludge Bomb|p2a: Flutter Mane\n|-supereffective|p2a: Flutter Mane\n|-damage|p2a: Flutter Mane|0 fnt\n|faint|p2a: Flutter Mane\n|-end|p2a: Flutter Mane|Protosynthesis|[silent]\n|\n|upkeep\n|\n|t:|1683230592\n|switch|p2a: Palafin|Palafin, L50, M|100\/100\n|switch|p2b: Annihilape|Annihilape, L50, M|100\/100\n|turn|4\n|\n|t:|1683230614\n|move|p2a: Palafin|Wave Crash|p1b: Ting-Lu\n|-supereffective|p1b: Ting-Lu\n|-damage|p1b: Ting-Lu|46\/100\n|-damage|p2a: Palafin|77\/100|[from] Recoil\n|move|p2b: Annihilape|Bulk Up|p2b: Annihilape\n|-boost|p2b: Annihilape|atk|1\n|-boost|p2b: Annihilape|def|1\n|move|p1b: Ting-Lu|Fissure|p2b: Annihilape\n|-damage|p2b: Annihilape|0 fnt\n|faint|p2b: Annihilape\n|-ohko\n|move|p1a: Amoonguss|Spore|p2a: Palafin\n|-status|p2a: Palafin|slp|[from] move: Spore\n|-enditem|p2a: Palafin|Lum Berry|[eat]\n|-curestatus|p2a: Palafin|slp|[msg]\n|\n|upkeep\n|turn|5\n|n|!MiphaDeezNuts|miphadeeznuts\n|inactive|megafoce has 30 seconds left.\n|inactive|MiphaDeezNuts has 30 seconds left.\n|inactive|MiphaDeezNuts has 20 seconds left.\n|inactive|MiphaDeezNuts has 15 seconds left.\n|inactive|MiphaDeezNuts has 10 seconds left.\n|inactive|MiphaDeezNuts has 5 seconds left.\n|\n|t:|1683230669\n|move|p2a: Palafin|Wave Crash|p1a: Amoonguss\n|-resisted|p1a: Amoonguss\n|-damage|p1a: Amoonguss|29\/100\n|-damage|p2a: Palafin|68\/100|[from] Recoil\n|move|p1b: Ting-Lu|Fissure|p2a: Palafin\n|-damage|p2a: Palafin|0 fnt\n|faint|p2a: Palafin\n|-ohko\n|\n|win|megafoce\n|raw|megafoce's rating: 1046 → 1082<\/strong> (+36 for winning)\n|raw|MiphaDeezNuts's rating: 1074 → 1051<\/strong> (-23 for losing)\n|l|!MiphaDeezNuts\n","uploadtime":1683230638,"views":6,"p1id":"megafoce","p2id":"miphadeeznuts","formatid":"gen9vgc2023regulationc","rating":1051,"private":0,"password":""}