{"id":"gen9vgc2023regulationc-1846147400","p1":"Hola99999","p2":"haha u rage quit","format":"[Gen 9] VGC 2023 Regulation C","log":"|j|\u203dHola99999\n|j|\u2606haha u rage quit\n|t:|1681813621\n|gametype|doubles\n|player|p1|Hola99999|102|1061\n|player|p2|haha u rage quit|pokemaniac|1112\n|teamsize|p1|6\n|teamsize|p2|6\n|gen|9\n|tier|[Gen 9] VGC 2023 Regulation C\n|rated|\n|rule|Species Clause: Limit one of each Pok\u00e9mon\n|rule|Item Clause: Limit one of each item\n|clearpoke\n|poke|p1|Amoonguss, L50, M|\n|poke|p1|Annihilape, L50, M|\n|poke|p1|Palafin, L50, F|\n|poke|p1|Ting-Lu, L50|\n|poke|p1|Arcanine, L50, M|\n|poke|p1|Flutter Mane, L50|\n|poke|p2|Dondozo, L50, M|\n|poke|p2|Tatsugiri-Droopy, L50, M|\n|poke|p2|Pelipper, L50, M|\n|poke|p2|Drednaw, L50, M|\n|poke|p2|Tyranitar, L50, M|\n|poke|p2|Great Tusk, L50|\n|teampreview|4\n|inactive|Battle timer is ON: inactive players will automatically lose when time's up. (requested by haha u rage quit)\n|\n|t:|1681813692\n|start\n|switch|p1a: Arcanine|Arcanine, L50, M|100\/100\n|switch|p1b: Palafin|Palafin, L50, F|100\/100\n|switch|p2a: Dondozo|Dondozo, L50, M|100\/100\n|switch|p2b: Pelipper|Pelipper, L50, M|100\/100\n|-ability|p1a: Arcanine|Intimidate|boost\n|-unboost|p2a: Dondozo|atk|1\n|-unboost|p2b: Pelipper|atk|1\n|-weather|RainDance|[from] ability: Drizzle|[of] p2b: Pelipper\n|turn|1\n|\n|t:|1681813708\n|detailschange|p1b: Palafin|Palafin-Hero, L50, F\n|switch|p1b: Amoonguss|Amoonguss, L50, M|100\/100\n|switch|p2b: Tatsugiri|Tatsugiri-Droopy, L50, M|100\/100\n|-activate|p2b: Tatsugiri|ability: Commander|[of] p2a: Dondozo\n|-boost|p2a: Dondozo|atk|2\n|-boost|p2a: Dondozo|spa|2\n|-boost|p2a: Dondozo|spe|2\n|-boost|p2a: Dondozo|def|2\n|-boost|p2a: Dondozo|spd|2\n|-terastallize|p1a: Arcanine|Grass\n|move|p2a: Dondozo|Surf|p1a: Arcanine|[spread] p1a,p1b\n|-miss|p2a: Dondozo|p2b: Tatsugiri\n|-resisted|p1a: Arcanine\n|-crit|p1a: Arcanine\n|-resisted|p1b: Amoonguss\n|-damage|p1a: Arcanine|50\/100\n|-damage|p1b: Amoonguss|76\/100\n|move|p1a: Arcanine|Will-O-Wisp|p2a: Dondozo|[miss]\n|-miss|p1a: Arcanine|p2a: Dondozo\n|\n|-weather|RainDance|[upkeep]\n|upkeep\n|turn|2\n|\n|t:|1681813732\n|-terastallize|p2a: Dondozo|Grass\n|move|p1a: Arcanine|Protect|p1a: Arcanine\n|-singleturn|p1a: Arcanine|Protect\n|move|p2a: Dondozo|Surf|p1b: Amoonguss|[spread] p1b\n|-miss|p2a: Dondozo|p2b: Tatsugiri\n|-activate|p1a: Arcanine|move: Protect\n|-resisted|p1b: Amoonguss\n|-damage|p1b: Amoonguss|51\/100\n|move|p1b: Amoonguss|Spore|p2a: Dondozo\n|-immune|p2a: Dondozo\n|\n|-weather|RainDance|[upkeep]\n|upkeep\n|turn|3\n|\n|t:|1681813750\n|move|p2a: Dondozo|Surf|p1a: Arcanine|[spread] p1a,p1b\n|-miss|p2a: Dondozo|p2b: Tatsugiri\n|-resisted|p1a: Arcanine\n|-resisted|p1b: Amoonguss\n|-damage|p1a: Arcanine|17\/100\n|-damage|p1b: Amoonguss|27\/100\n|-enditem|p1b: Amoonguss|Sitrus Berry|[eat]\n|-heal|p1b: Amoonguss|51\/100|[from] item: Sitrus Berry\n|move|p1a: Arcanine|Will-O-Wisp|p2a: Dondozo|[miss]\n|-miss|p1a: Arcanine|p2a: Dondozo\n|move|p1b: Amoonguss|Pollen Puff|p1a: Arcanine\n|-heal|p1a: Arcanine|67\/100\n|\n|-weather|RainDance|[upkeep]\n|upkeep\n|turn|4\n|\n|t:|1681813764\n|move|p2a: Dondozo|Surf|p1b: Amoonguss|[spread] p1a,p1b\n|-miss|p2a: Dondozo|p2b: Tatsugiri\n|-resisted|p1a: Arcanine\n|-resisted|p1b: Amoonguss\n|-damage|p1a: Arcanine|34\/100\n|-damage|p1b: Amoonguss|28\/100\n|move|p1a: Arcanine|Will-O-Wisp|p2a: Dondozo|[miss]\n|-miss|p1a: Arcanine|p2a: Dondozo\n|move|p1b: Amoonguss|Pollen Puff|p1a: Arcanine\n|-heal|p1a: Arcanine|84\/100\n|\n|-weather|RainDance|[upkeep]\n|upkeep\n|turn|5\n|\n|t:|1681813776\n|move|p2a: Dondozo|Surf|p1a: Arcanine|[spread] p1a,p1b\n|-miss|p2a: Dondozo|p2b: Tatsugiri\n|-resisted|p1a: Arcanine\n|-resisted|p1b: Amoonguss\n|-damage|p1a: Arcanine|45\/100\n|-damage|p1b: Amoonguss|3\/100\n|move|p1a: Arcanine|Will-O-Wisp|p2a: Dondozo|[miss]\n|-miss|p1a: Arcanine|p2a: Dondozo\n|move|p1b: Amoonguss|Pollen Puff|p1a: Arcanine\n|-heal|p1a: Arcanine|95\/100\n|\n|-weather|RainDance|[upkeep]\n|upkeep\n|turn|6\n|-message|Hola99999 forfeited.\n|\n|win|haha u rage quit\n|raw|Hola99999's rating: 1061 → 1045<\/strong> (-16 for losing)\n|raw|haha u rage quit's rating: 1112 → 1133<\/strong> (+21 for winning)\n|l|\u203dHola99999\n","uploadtime":1681813799,"views":6,"p1id":"hola99999","p2id":"hahauragequit","formatid":"gen9vgc2023regulationc","rating":1045,"private":0,"password":""}