{"id":"gen9vgc2023regulationc-1862791555","p1":"piratekingbenis97","p2":"NickoVGC","format":"[Gen 9] VGC 2023 Regulation C","log":"|j|\u2606piratekingbenis97\n|j|\u2606NickoVGC\n|t:|1683922358\n|gametype|doubles\n|player|p1|piratekingbenis97|rood|1180\n|player|p2|NickoVGC|ortega|1136\n|teamsize|p1|6\n|teamsize|p2|6\n|gen|9\n|tier|[Gen 9] VGC 2023 Regulation C\n|rated|\n|rule|Species Clause: Limit one of each Pok\u00e9mon\n|rule|Item Clause: Limit one of each item\n|clearpoke\n|poke|p1|Flutter Mane, L50|\n|poke|p1|Wo-Chien, L50|\n|poke|p1|Torkoal, L50, F|\n|poke|p1|Jumpluff, L50, M|\n|poke|p1|Roaring Moon, L50|\n|poke|p1|Chi-Yu, L50|\n|poke|p2|Dragonite, L50, M|\n|poke|p2|Amoonguss, L50, M|\n|poke|p2|Palafin, L50, M|\n|poke|p2|Flutter Mane, L50|\n|poke|p2|Ting-Lu, L50|\n|poke|p2|Garganacl, L50, F|\n|teampreview|4\n|\n|t:|1683922386\n|start\n|switch|p1a: Jumpluff|Jumpluff, L50, M, shiny|100\/100\n|switch|p1b: Roaring Moon|Roaring Moon, L50|100\/100\n|switch|p2a: Eso Fisurin|Ting-Lu, L50|100\/100\n|switch|p2b: Barbie Girl|Garganacl, L50, F|100\/100\n|-ability|p2a: Eso Fisurin|Vessel of Ruin\n|turn|1\n|\n|t:|1683922403\n|switch|p2a: \u30af\u30ed\u30f3\u30af\u30fb\u30c8\u30ed\u30fc\u30ea\u30f3\u30b0|Amoonguss, L50, M, shiny|100\/100\n|-terastallize|p1b: Roaring Moon|Ground\n|move|p2b: Barbie Girl|Protect|p2b: Barbie Girl\n|-singleturn|p2b: Barbie Girl|Protect\n|move|p1a: Jumpluff|Absorb|p1b: Roaring Moon\n|-supereffective|p1b: Roaring Moon\n|-damage|p1b: Roaring Moon|91\/100\n|-enditem|p1b: Roaring Moon|Weakness Policy\n|-boost|p1b: Roaring Moon|atk|2|[from] item: Weakness Policy\n|-boost|p1b: Roaring Moon|spa|2|[from] item: Weakness Policy\n|move|p1b: Roaring Moon|Earthquake|p2a: \u30af\u30ed\u30f3\u30af\u30fb\u30c8\u30ed\u30fc\u30ea\u30f3\u30b0|[spread] p2a\n|-activate|p2b: Barbie Girl|move: Protect\n|-immune|p1a: Jumpluff\n|-crit|p2a: \u30af\u30ed\u30f3\u30af\u30fb\u30c8\u30ed\u30fc\u30ea\u30f3\u30b0\n|-damage|p2a: \u30af\u30ed\u30f3\u30af\u30fb\u30c8\u30ed\u30fc\u30ea\u30f3\u30b0|0 fnt\n|faint|p2a: \u30af\u30ed\u30f3\u30af\u30fb\u30c8\u30ed\u30fc\u30ea\u30f3\u30b0\n|\n|upkeep\n|\n|t:|1683922420\n|switch|p2a: Dragosam|Dragonite, L50, M|100\/100\n|turn|2\n|\n|t:|1683922461\n|-terastallize|p2a: Dragosam|Normal\n|move|p1a: Jumpluff|Rage Powder|p1a: Jumpluff\n|-singleturn|p1a: Jumpluff|move: Rage Powder\n|move|p1b: Roaring Moon|Rock Slide|p2b: Barbie Girl|[spread] p2a,p2b\n|-damage|p2a: Dragosam|54\/100\n|-damage|p2b: Barbie Girl|69\/100\n|move|p2a: Dragosam|Dragon Dance|p2a: Dragosam\n|-boost|p2a: Dragosam|atk|1\n|-boost|p2a: Dragosam|spe|1\n|move|p2b: Barbie Girl|Iron Defense|p2b: Barbie Girl\n|-boost|p2b: Barbie Girl|def|2\n|\n|-heal|p2b: Barbie Girl|75\/100|[from] item: Leftovers\n|upkeep\n|turn|3\n|\n|t:|1683922489\n|move|p1a: Jumpluff|Rage Powder|p1a: Jumpluff\n|-singleturn|p1a: Jumpluff|move: Rage Powder\n|move|p2a: Dragosam|Extreme Speed|p1a: Jumpluff\n|-damage|p1a: Jumpluff|24\/100\n|move|p1b: Roaring Moon|Earthquake|p2b: Barbie Girl|[spread] p2a,p2b\n|-immune|p1a: Jumpluff\n|-supereffective|p2b: Barbie Girl\n|-damage|p2a: Dragosam|0 fnt\n|-damage|p2b: Barbie Girl|16\/100\n|faint|p2a: Dragosam\n|move|p2b: Barbie Girl|Iron Defense|p2b: Barbie Girl\n|-boost|p2b: Barbie Girl|def|2\n|\n|-heal|p2b: Barbie Girl|22\/100|[from] item: Leftovers\n|upkeep\n|\n|t:|1683922501\n|switch|p2a: Eso Fisurin|Ting-Lu, L50|100\/100\n|-ability|p2a: Eso Fisurin|Vessel of Ruin\n|turn|4\n|\n|t:|1683922523\n|move|p2b: Barbie Girl|Protect|p2b: Barbie Girl\n|-singleturn|p2b: Barbie Girl|Protect\n|move|p1a: Jumpluff|Rage Powder|p1a: Jumpluff\n|-singleturn|p1a: Jumpluff|move: Rage Powder\n|move|p1b: Roaring Moon|Earthquake|p2a: Eso Fisurin|[spread] p2a\n|-activate|p2b: Barbie Girl|move: Protect\n|-immune|p1a: Jumpluff\n|-damage|p2a: Eso Fisurin|54\/100\n|move|p2a: Eso Fisurin|Heavy Slam|p1a: Jumpluff\n|-damage|p1a: Jumpluff|0 fnt\n|faint|p1a: Jumpluff\n|\n|-heal|p2b: Barbie Girl|28\/100|[from] item: Leftovers\n|upkeep\n|\n|t:|1683922539\n|switch|p1a: Torkoal|Torkoal, L50, F, shiny|100\/100\n|-weather|SunnyDay|[from] ability: Drought|[of] p1a: Torkoal\n|-activate|p1b: Roaring Moon|ability: Protosynthesis\n|-start|p1b: Roaring Moon|protosynthesisatk\n|turn|5\n|\n|t:|1683922546\n|move|p1a: Torkoal|Helping Hand|p1b: Roaring Moon\n|-singleturn|p1b: Roaring Moon|Helping Hand|[of] p1a: Torkoal\n|move|p1b: Roaring Moon|Earthquake|p2b: Barbie Girl|[spread] p1a,p2a,p2b\n|-supereffective|p1a: Torkoal\n|-supereffective|p2b: Barbie Girl\n|-damage|p1a: Torkoal|0 fnt\n|-damage|p2a: Eso Fisurin|0 fnt\n|-damage|p2b: Barbie Girl|0 fnt\n|faint|p1a: Torkoal\n|faint|p2a: Eso Fisurin\n|faint|p2b: Barbie Girl\n|\n|win|piratekingbenis97\n|raw|piratekingbenis97's rating: 1180 → 1202<\/strong> (+22 for winning)\n|raw|NickoVGC's rating: 1136 → 1114<\/strong> (-22 for losing)\n|l|\u2606NickoVGC\n|c|\u2606piratekingbenis97|gg\n","uploadtime":1683922559,"views":14,"p1id":"piratekingbenis97","p2id":"nickovgc","formatid":"gen9vgc2023regulationc","rating":1114,"private":0,"password":""}