{"id":"gen9vgc2023regulationc-1858644084","p1":"BudgieBud","p2":"SpeedyBlu","format":"[Gen 9] VGC 2023 Regulation C","log":"|j|\u2606BudgieBud\n|j|\u2606SpeedyBlu\n|t:|1683336529\n|gametype|doubles\n|player|p1|BudgieBud|pokemaniac|1083\n|player|p2|SpeedyBlu|bea|1000\n|teamsize|p1|6\n|teamsize|p2|6\n|gen|9\n|tier|[Gen 9] VGC 2023 Regulation C\n|rated|\n|rule|Species Clause: Limit one of each Pok\u00e9mon\n|rule|Item Clause: Limit one of each item\n|clearpoke\n|poke|p1|Chien-Pao, L50|\n|poke|p1|Ting-Lu, L50|\n|poke|p1|Arcanine, L50, F|\n|poke|p1|Talonflame, L50, M|\n|poke|p1|Flutter Mane, L50|\n|poke|p1|Annihilape, L50, F|\n|poke|p2|Flutter Mane, L50|\n|poke|p2|Amoonguss, L50, F|\n|poke|p2|Arcanine, L50, M|\n|poke|p2|Lucario, L50, M|\n|poke|p2|Gothorita, L50, M|\n|poke|p2|Iron Bundle, L50|\n|teampreview|4\n|c|\u2606SpeedyBlu|glhf\n|c|\u2606BudgieBud|back at ya!\n|c|\u2606BudgieBud|cool team btw\n|c|\u2606BudgieBud|im kinda screwed lol\n|\n|t:|1683336601\n|start\n|switch|p1a: Arcanine|Arcanine, L50, F|100\/100\n|switch|p1b: Talonflame|Talonflame, L50, M, shiny|100\/100\n|switch|p2a: Flutter Mane|Flutter Mane, L50|100\/100\n|switch|p2b: Arcanine|Arcanine, L50, M, shiny|100\/100\n|-ability|p1a: Arcanine|Intimidate|boost\n|-unboost|p2a: Flutter Mane|atk|1\n|-unboost|p2b: Arcanine|atk|1\n|-ability|p2b: Arcanine|Intimidate|boost\n|-unboost|p1a: Arcanine|atk|1\n|-unboost|p1b: Talonflame|atk|1\n|turn|1\n|\n|t:|1683336657\n|switch|p1a: Annihilape|Annihilape, L50, F|100\/100\n|move|p1b: Talonflame|Tailwind|p1b: Talonflame\n|-sidestart|p1: BudgieBud|move: Tailwind\n|move|p2a: Flutter Mane|Shadow Ball|p1a: Annihilape\n|-supereffective|p1a: Annihilape\n|-damage|p1a: Annihilape|29\/100\n|move|p2b: Arcanine|Snarl|p1a: Annihilape|[spread] p1a,p1b\n|-damage|p1a: Annihilape|21\/100\n|-damage|p1b: Talonflame|87\/100\n|-unboost|p1a: Annihilape|spa|1\n|-ability|p1a: Annihilape|Defiant|boost\n|-boost|p1a: Annihilape|atk|2\n|-unboost|p1b: Talonflame|spa|1\n|\n|-heal|p1a: Annihilape|27\/100|[from] item: Leftovers\n|upkeep\n|turn|2\n|\n|t:|1683336703\n|-terastallize|p1a: Annihilape|Fighting\n|move|p1b: Talonflame|Air Cutter|p2a: Flutter Mane|[spread] p2a,p2b\n|-crit|p2a: Flutter Mane\n|-crit|p2b: Arcanine\n|-damage|p2a: Flutter Mane|75\/100\n|-damage|p2b: Arcanine|75\/100\n|move|p1a: Annihilape|Drain Punch|p2b: Arcanine\n|-damage|p2b: Arcanine|0 fnt\n|-heal|p1a: Annihilape|61\/100|[from] drain|[of] p2b: Arcanine\n|faint|p2b: Arcanine\n|move|p2a: Flutter Mane|Shadow Ball|p1a: Annihilape\n|-crit|p1a: Annihilape\n|-damage|p1a: Annihilape|0 fnt\n|faint|p1a: Annihilape\n|\n|upkeep\n|\n|t:|1683336732\n|switch|p2b: Iron Bundle|Iron Bundle, L50|100\/100\n|switch|p1a: Arcanine|Arcanine, L50, F|100\/100\n|-ability|p1a: Arcanine|Intimidate|boost\n|-unboost|p2a: Flutter Mane|atk|1\n|-unboost|p2b: Iron Bundle|atk|1\n|-enditem|p2b: Iron Bundle|Booster Energy\n|-activate|p2b: Iron Bundle|ability: Quark Drive|[fromitem]\n|-start|p2b: Iron Bundle|quarkdrivespe\n|turn|3\n|\n|t:|1683336758\n|move|p1b: Talonflame|Heat Wave|p2a: Flutter Mane|[spread] p2a,p2b\n|-damage|p2a: Flutter Mane|55\/100\n|-damage|p2b: Iron Bundle|68\/100\n|move|p1a: Arcanine|Sunny Day|p1a: Arcanine\n|-weather|SunnyDay\n|-activate|p2a: Flutter Mane|ability: Protosynthesis\n|-start|p2a: Flutter Mane|protosynthesisspe\n|move|p2b: Iron Bundle|Hydro Pump|p1a: Arcanine\n|-supereffective|p1a: Arcanine\n|-damage|p1a: Arcanine|23\/100\n|move|p2a: Flutter Mane|Shadow Ball|p1a: Arcanine\n|-damage|p1a: Arcanine|0 fnt\n|faint|p1a: Arcanine\n|\n|-weather|SunnyDay|[upkeep]\n|upkeep\n|\n|t:|1683336772\n|switch|p1a: Flutter Mane|Flutter Mane, L50, shiny|100\/100\n|-activate|p1a: Flutter Mane|ability: Protosynthesis\n|-start|p1a: Flutter Mane|protosynthesisspe\n|turn|4\n|\n|t:|1683336792\n|move|p2a: Flutter Mane|Protect|p2a: Flutter Mane\n|-singleturn|p2a: Flutter Mane|Protect\n|move|p1a: Flutter Mane|Dazzling Gleam|p2a: Flutter Mane|[spread] p2b\n|-activate|p2a: Flutter Mane|move: Protect\n|-damage|p2b: Iron Bundle|0 fnt\n|faint|p2b: Iron Bundle\n|-end|p2b: Iron Bundle|Quark Drive|[silent]\n|move|p1b: Talonflame|Heat Wave|p2a: Flutter Mane\n|-activate|p2a: Flutter Mane|move: Protect\n|\n|-weather|SunnyDay|[upkeep]\n|-sideend|p1: BudgieBud|move: Tailwind\n|upkeep\n|\n|t:|1683336799\n|switch|p2b: Lucario|Lucario, L50, M, shiny|100\/100\n|turn|5\n|\n|t:|1683336829\n|-terastallize|p2b: Lucario|Fire\n|move|p2a: Flutter Mane|Shadow Ball|p1b: Talonflame\n|-damage|p1b: Talonflame|20\/100\n|move|p1a: Flutter Mane|Dazzling Gleam|p2b: Lucario|[spread] p2a,p2b\n|-resisted|p2b: Lucario\n|-damage|p2a: Flutter Mane|23\/100\n|-damage|p2b: Lucario|77\/100\n|move|p1b: Talonflame|Heat Wave|p2a: Flutter Mane|[spread] p2a,p2b\n|-resisted|p2b: Lucario\n|-damage|p2a: Flutter Mane|0 fnt\n|-damage|p2b: Lucario|55\/100\n|faint|p2a: Flutter Mane\n|-end|p2a: Flutter Mane|Protosynthesis|[silent]\n|move|p2b: Lucario|Tera Blast|p1a: Flutter Mane\n|-damage|p1a: Flutter Mane|0 fnt\n|faint|p1a: Flutter Mane\n|-end|p1a: Flutter Mane|Protosynthesis|[silent]\n|\n|-weather|SunnyDay|[upkeep]\n|upkeep\n|turn|6\n|c|\u2606SpeedyBlu|gg\n|\n|t:|1683336852\n|move|p1b: Talonflame|Heat Wave|p2b: Lucario\n|-resisted|p2b: Lucario\n|-damage|p2b: Lucario|27\/100\n|move|p2b: Lucario|Tera Blast|p1b: Talonflame\n|-resisted|p1b: Talonflame\n|-damage|p1b: Talonflame|0 fnt\n|faint|p1b: Talonflame\n|\n|win|SpeedyBlu\n|raw|BudgieBud's rating: 1083 → 1055<\/strong> (-28 for losing)\n|raw|SpeedyBlu's rating: 1000 → 1049<\/strong> (+49 for winning)\n|c|\u2606BudgieBud|gg!\n","uploadtime":1683336860,"views":13,"p1id":"budgiebud","p2id":"speedyblu","formatid":"gen9vgc2023regulationc","rating":1049,"private":0,"password":""}