{"id":"gen9vgc2023regulationc-1864386606","p1":"Lemegeton","p2":"happytoki","format":"[Gen 9] VGC 2023 Regulation C","log":"|j|\u2606Lemegeton\n|j|\u2606happytoki\n|t:|1684161947\n|gametype|doubles\n|player|p1|Lemegeton|2|1100\n|player|p2|happytoki|elesa|1126\n|teamsize|p1|6\n|teamsize|p2|6\n|gen|9\n|tier|[Gen 9] VGC 2023 Regulation C\n|rated|\n|rule|Species Clause: Limit one of each Pok\u00e9mon\n|rule|Item Clause: Limit one of each item\n|clearpoke\n|poke|p1|Umbreon, L50, F|\n|poke|p1|Chien-Pao, L50|\n|poke|p1|Scizor, L50, M|\n|poke|p1|Flutter Mane, L50|\n|poke|p1|Gyarados, L50, M|\n|poke|p1|Dragonite, L50, F|\n|poke|p2|Scream Tail, L50|\n|poke|p2|Vivillon-Fancy, L50, M|\n|poke|p2|Iron Hands, L50|\n|poke|p2|Ting-Lu, L50|\n|poke|p2|Rotom-Wash, L50|\n|poke|p2|Ceruledge, L50, M|\n|teampreview|4\n|inactive|Battle timer is ON: inactive players will automatically lose when time's up. (requested by happytoki)\n|\n|t:|1684161979\n|start\n|switch|p1a: Scizor|Scizor, L50, M, shiny|100\/100\n|switch|p1b: Gyarados|Gyarados, L50, M|100\/100\n|switch|p2a: Scream Tail|Scream Tail, L50|100\/100\n|switch|p2b: Iron Hands|Iron Hands, L50|100\/100\n|-ability|p1b: Gyarados|Intimidate|boost\n|-unboost|p2a: Scream Tail|atk|1\n|-unboost|p2b: Iron Hands|atk|1\n|-enditem|p2a: Scream Tail|Booster Energy\n|-activate|p2a: Scream Tail|ability: Protosynthesis|[fromitem]\n|-start|p2a: Scream Tail|protosynthesisspe\n|turn|1\n|\n|t:|1684161998\n|move|p2b: Iron Hands|Fake Out|p1a: Scizor\n|-resisted|p1a: Scizor\n|-damage|p1a: Scizor|95\/100\n|move|p2a: Scream Tail|Howl|p2a: Scream Tail|[spread] p2a,p2b\n|-boost|p2a: Scream Tail|atk|1\n|-boost|p2b: Iron Hands|atk|1\n|move|p1b: Gyarados|Thunder Wave|p2a: Scream Tail|[miss]\n|-miss|p1b: Gyarados|p2a: Scream Tail\n|cant|p1a: Scizor|flinch\n|\n|upkeep\n|turn|2\n|\n|t:|1684162015\n|move|p2a: Scream Tail|Encore|p1b: Gyarados\n|-start|p1b: Gyarados|Encore\n|move|p1a: Scizor|Swords Dance|p1a: Scizor\n|-boost|p1a: Scizor|atk|2\n|move|p2b: Iron Hands|Drain Punch|p1a: Scizor\n|-damage|p1a: Scizor|54\/100\n|move|p1b: Gyarados|Thunder Wave|p2b: Iron Hands\n|-immune|p2b: Iron Hands\n|\n|upkeep\n|turn|3\n|\n|t:|1684162030\n|move|p2a: Scream Tail|Encore|p1a: Scizor\n|-start|p1a: Scizor|Encore\n|move|p1b: Gyarados|Thunder Wave|p2a: Scream Tail\n|-status|p2a: Scream Tail|par\n|move|p1a: Scizor|Swords Dance|p1a: Scizor\n|-boost|p1a: Scizor|atk|2\n|move|p2b: Iron Hands|Drain Punch|p1a: Scizor\n|-damage|p1a: Scizor|10\/100\n|\n|upkeep\n|turn|4\n|\n|t:|1684162047\n|move|p2a: Scream Tail|Howl|p2a: Scream Tail|[spread] p2a,p2b\n|-boost|p2a: Scream Tail|atk|1\n|-boost|p2b: Iron Hands|atk|1\n|move|p1b: Gyarados|Thunder Wave|p2a: Scream Tail|[miss]\n|-miss|p1b: Gyarados|p2a: Scream Tail\n|move|p1a: Scizor|Swords Dance|p1a: Scizor\n|-boost|p1a: Scizor|atk|2\n|move|p2b: Iron Hands|Drain Punch|p1a: Scizor\n|-damage|p1a: Scizor|0 fnt\n|faint|p1a: Scizor\n|\n|-end|p1b: Gyarados|Encore\n|upkeep\n|\n|t:|1684162063\n|switch|p1a: Dragonite|Dragonite, L50, F|100\/100\n|turn|5\n|inactive|Lemegeton has 30 seconds left.\n|-message|Lemegeton forfeited.\n|\n|win|happytoki\n|raw|Lemegeton's rating: 1100 → 1077<\/strong> (-23 for losing)\n|raw|happytoki's rating: 1126 → 1149<\/strong> (+23 for winning)\n|l|\u2606Lemegeton\n","uploadtime":1684162398,"views":4,"p1id":"lemegeton","p2id":"happytoki","formatid":"gen9vgc2023regulationc","rating":1077,"private":0,"password":""}