{"id":"gen9vgc2023regulationc-1861422097","p1":"Currymanpuff","p2":"Fozmonot","format":"[Gen 9] VGC 2023 Regulation C","log":"|j|\u2606Currymanpuff\n|j|\u2606Fozmonot\n|t:|1683756001\n|gametype|doubles\n|player|p1|Currymanpuff|1|1156\n|player|p2|Fozmonot|2|1104\n|teamsize|p1|6\n|teamsize|p2|6\n|gen|9\n|tier|[Gen 9] VGC 2023 Regulation C\n|rated|\n|rule|Species Clause: Limit one of each Pok\u00e9mon\n|rule|Item Clause: Limit one of each item\n|clearpoke\n|poke|p1|Iron Thorns, L50|\n|poke|p1|Tyranitar, L50, M|\n|poke|p1|Murkrow, L50, M|\n|poke|p1|Houndstone, L50, M|\n|poke|p1|Amoonguss, L50, F|\n|poke|p1|Gyarados, L50, M|\n|poke|p2|Ting-Lu, L50|\n|poke|p2|Flutter Mane, L50|\n|poke|p2|Amoonguss, L50, F|\n|poke|p2|Arcanine, L50, M|\n|poke|p2|Chien-Pao, L50|\n|poke|p2|Tyranitar, L50, F|\n|teampreview|4\nCurrymanpuff has agreed to open team sheets.\n|\n|t:|1683756041\n|start\n|switch|p1a: Gyarados|Gyarados, L50, M|100\/100\n|switch|p1b: Murkrow|Murkrow, L50, M|100\/100\n|switch|p2a: Ting-Lu|Ting-Lu, L50|100\/100\n|switch|p2b: Tyranitar|Tyranitar, L50, F, shiny|100\/100\n|-ability|p1a: Gyarados|Intimidate|boost\n|-unboost|p2a: Ting-Lu|atk|1\n|-unboost|p2b: Tyranitar|atk|1\n|-weather|Sandstorm|[from] ability: Sand Stream|[of] p2b: Tyranitar\n|-ability|p2a: Ting-Lu|Vessel of Ruin\n|turn|1\n|\n|t:|1683756065\n|-terastallize|p2b: Tyranitar|Flying\n|move|p1a: Gyarados|Dragon Dance|p1a: Gyarados\n|-boost|p1a: Gyarados|atk|1\n|-boost|p1a: Gyarados|spe|1\n|move|p1b: Murkrow|Foul Play|p2b: Tyranitar\n|-damage|p2b: Tyranitar|70\/100\n|move|p2b: Tyranitar|Rock Slide|p1a: Gyarados|[spread] p1a,p1b\n|-supereffective|p1a: Gyarados\n|-supereffective|p1b: Murkrow\n|-damage|p1a: Gyarados|46\/100\n|-damage|p1b: Murkrow|62\/100\n|move|p2a: Ting-Lu|Throat Chop|p1a: Gyarados\n|-damage|p1a: Gyarados|15\/100\n|-start|p1a: Gyarados|Throat Chop|[silent]\n|\n|-weather|Sandstorm|[upkeep]\n|-damage|p1a: Gyarados|9\/100|[from] Sandstorm\n|-damage|p1b: Murkrow|56\/100|[from] Sandstorm\n|-damage|p2b: Tyranitar|64\/100|[from] Sandstorm\n|upkeep\n|turn|2\n|\n|t:|1683756093\n|move|p1b: Murkrow|Tailwind|p1b: Murkrow\n|-sidestart|p1: Currymanpuff|move: Tailwind\n|move|p1a: Gyarados|Waterfall|p2a: Ting-Lu\n|-supereffective|p2a: Ting-Lu\n|-damage|p2a: Ting-Lu|19\/100\n|-enditem|p2a: Ting-Lu|Aguav Berry|[eat]\n|-heal|p2a: Ting-Lu|52\/100|[from] item: Aguav Berry\n|move|p2b: Tyranitar|Rock Slide|p1a: Gyarados|[spread] p1a,p1b\n|-supereffective|p1a: Gyarados\n|-supereffective|p1b: Murkrow\n|-damage|p1a: Gyarados|0 fnt\n|-damage|p1b: Murkrow|14\/100\n|faint|p1a: Gyarados\n|move|p2a: Ting-Lu|Heavy Slam|p1b: Murkrow\n|-damage|p1b: Murkrow|0 fnt\n|faint|p1b: Murkrow\n|\n|-weather|Sandstorm|[upkeep]\n|-damage|p2b: Tyranitar|58\/100|[from] Sandstorm\n|upkeep\n|\n|t:|1683756103\n|switch|p1a: Tyranitar|Tyranitar, L50, M|100\/100\n|switch|p1b: Iron Thorns|Iron Thorns, L50|100\/100\n|-enditem|p1b: Iron Thorns|Booster Energy\n|-activate|p1b: Iron Thorns|ability: Quark Drive|[fromitem]\n|-start|p1b: Iron Thorns|quarkdriveatk\n|turn|3\n|\n|t:|1683756124\n|move|p1b: Iron Thorns|Rock Slide|p2a: Ting-Lu|[spread] p2a,p2b\n|-resisted|p2a: Ting-Lu\n|-supereffective|p2b: Tyranitar\n|-damage|p2a: Ting-Lu|41\/100\n|-damage|p2b: Tyranitar|0 fnt\n|faint|p2b: Tyranitar\n|move|p1a: Tyranitar|Low Kick|p2a: Ting-Lu\n|-supereffective|p2a: Ting-Lu\n|-damage|p2a: Ting-Lu|0 fnt\n|faint|p2a: Ting-Lu\n|\n|-weather|Sandstorm|[upkeep]\n|upkeep\n|\n|t:|1683756134\n|switch|p2b: Arcanine|Arcanine, L50, M|100\/100\n|switch|p2a: Flutter Mane|Flutter Mane, L50|100\/100\n|-ability|p2b: Arcanine|Intimidate|boost\n|-unboost|p1a: Tyranitar|atk|1\n|-unboost|p1b: Iron Thorns|atk|1\n|-enditem|p2a: Flutter Mane|Booster Energy\n|-activate|p2a: Flutter Mane|ability: Protosynthesis|[fromitem]\n|-start|p2a: Flutter Mane|protosynthesisspe\n|turn|4\n|\n|t:|1683756156\n|move|p2a: Flutter Mane|Moonblast|p1a: Tyranitar\n|-supereffective|p1a: Tyranitar\n|-damage|p1a: Tyranitar|54\/100\n|-unboost|p1a: Tyranitar|spa|1\n|move|p1a: Tyranitar|Rock Slide|p2a: Flutter Mane|[spread] p2a,p2b\n|-supereffective|p2b: Arcanine\n|-damage|p2a: Flutter Mane|54\/100\n|-damage|p2b: Arcanine|57\/100\n|move|p1b: Iron Thorns|Rock Slide|p2a: Flutter Mane|[spread] p2b\n|-miss|p1b: Iron Thorns|p2a: Flutter Mane\n|-supereffective|p2b: Arcanine\n|-crit|p2b: Arcanine\n|-damage|p2b: Arcanine|0 fnt\n|faint|p2b: Arcanine\n|\n|-weather|Sandstorm|[upkeep]\n|-damage|p2a: Flutter Mane|48\/100|[from] Sandstorm\n|upkeep\n|turn|5\n|\n|t:|1683756173\n|move|p2a: Flutter Mane|Moonblast|p1a: Tyranitar\n|-supereffective|p1a: Tyranitar\n|-damage|p1a: Tyranitar|10\/100\n|move|p1b: Iron Thorns|Rock Slide|p2a: Flutter Mane\n|-damage|p2a: Flutter Mane|0 fnt\n|faint|p2a: Flutter Mane\n|-end|p2a: Flutter Mane|Protosynthesis|[silent]\n|\n|win|Currymanpuff\n|raw|Currymanpuff's rating: 1156 → 1177<\/strong> (+21 for winning)\n|raw|Fozmonot's rating: 1104 → 1083<\/strong> (-21 for losing)\n|l|\u2606Fozmonot\n","uploadtime":1683756186,"views":9,"p1id":"currymanpuff","p2id":"fozmonot","formatid":"gen9vgc2023regulationc","rating":1083,"private":0,"password":""}