{"id":"gen9vgc2023regulationc-1852784622","p1":"IknowLatin","p2":"ElIngles","format":"[Gen 9] VGC 2023 Regulation C","log":"|j|\u2606IknowLatin\n|j|\u2606ElIngles\n|t:|1682606063\n|gametype|doubles\n|player|p1|IknowLatin|1|1088\n|player|p2|ElIngles|gentleman-gen4|1000\n|teamsize|p1|6\n|teamsize|p2|6\n|gen|9\n|tier|[Gen 9] VGC 2023 Regulation C\n|rated|\n|rule|Species Clause: Limit one of each Pok\u00e9mon\n|rule|Item Clause: Limit one of each item\n|clearpoke\n|poke|p1|Annihilape, L50, F|\n|poke|p1|Maushold-Four, L50|\n|poke|p1|Amoonguss, L50, F|\n|poke|p1|Dragapult, L50, M|\n|poke|p1|Armarouge, L50, M|\n|poke|p1|Indeedee-F, L50, F|\n|poke|p2|Chien-Pao, L50|\n|poke|p2|Dragonite, L50, F|\n|poke|p2|Great Tusk, L50|\n|poke|p2|Talonflame, L50, F|\n|poke|p2|Palafin, L50, M|\n|poke|p2|Flutter Mane, L50|\n|teampreview|4\nIknowLatin rejected open team sheets.\n|inactive|Battle timer is ON: inactive players will automatically lose when time's up. (requested by IknowLatin)\n|inactive|ElIngles has 60 seconds left.\n|\n|t:|1682606122\n|start\n|switch|p1a: Bu Ba Bo Biv|Maushold-Four, L50|100\/100\n|switch|p1b: Vecna|Annihilape, L50, F|100\/100\n|switch|p2a: Flutter Mane|Flutter Mane, L50|100\/100\n|switch|p2b: Palafin|Palafin, L50, M|100\/100\n|turn|1\n|inactive|ElIngles has 30 seconds left.\n|inactive|ElIngles has 20 seconds left.\n|\n|t:|1682606161\n|move|p2b: Palafin|Jet Punch|p1a: Bu Ba Bo Biv\n|-damage|p1a: Bu Ba Bo Biv|60\/100\n|move|p1a: Bu Ba Bo Biv|Beat Up|p1b: Vecna\n|-damage|p1b: Vecna|98\/100\n|-damage|p1b: Vecna|95\/100\n|-damage|p1b: Vecna|93\/100\n|-damage|p1b: Vecna|91\/100\n|-hitcount|p1b: Vecna|4\n|move|p2a: Flutter Mane|Moonblast|p1a: Bu Ba Bo Biv\n|-damage|p1a: Bu Ba Bo Biv|0 fnt\n|faint|p1a: Bu Ba Bo Biv\n|move|p1b: Vecna|Rage Fist|p2a: Flutter Mane\n|-supereffective|p2a: Flutter Mane\n|-damage|p2a: Flutter Mane|0 fnt\n|faint|p2a: Flutter Mane\n|-end|p2a: Flutter Mane|Protosynthesis|[silent]\n|\n|-heal|p1b: Vecna|97\/100|[from] item: Leftovers\n|upkeep\n|inactive|ElIngles has 30 seconds left.\n|\n|t:|1682606189\n|switch|p1a: Indupitably|Indeedee-F, L50, F|100\/100\n|switch|p2a: Chien-Pao|Chien-Pao, L50|100\/100\n|-ability|p2a: Chien-Pao|Sword of Ruin\n|-fieldstart|move: Psychic Terrain|[from] ability: Psychic Surge|[of] p1a: Indupitably\n|-enditem|p1a: Indupitably|Psychic Seed\n|-boost|p1a: Indupitably|spd|1|[from] item: Psychic Seed\n|turn|2\n|inactive|ElIngles has 30 seconds left.\n|\n|t:|1682606217\n|detailschange|p2b: Palafin|Palafin-Hero, L50, M\n|switch|p2b: Dragonite|Dragonite, L50, F|100\/100\n|move|p1a: Indupitably|Follow Me|p1a: Indupitably\n|-singleturn|p1a: Indupitably|move: Follow Me\n|move|p2a: Chien-Pao|Ice Spinner|p1a: Indupitably\n|-damage|p1a: Indupitably|31\/100\n|-fieldend|move: Psychic Terrain\n|move|p1b: Vecna|Rage Fist|p2b: Dragonite\n|-damage|p2b: Dragonite|0 fnt\n|faint|p2b: Dragonite\n|\n|-heal|p1b: Vecna|100\/100|[from] item: Leftovers\n|upkeep\n|\n|t:|1682606228\n|switch|p2b: Palafin|Palafin-Hero, L50, M|100\/100\n|-activate|p2b: Palafin|ability: Zero to Hero\n|turn|3\n|inactive|ElIngles has 30 seconds left.\n|\n|t:|1682606254\n|move|p1a: Indupitably|Follow Me|p1a: Indupitably\n|-singleturn|p1a: Indupitably|move: Follow Me\n|move|p2a: Chien-Pao|Sucker Punch||[still]\n|-fail|p2a: Chien-Pao\n|move|p2b: Palafin|Jet Punch|p1a: Indupitably\n|-crit|p1a: Indupitably\n|-damage|p1a: Indupitably|0 fnt\n|faint|p1a: Indupitably\n|move|p1b: Vecna|Rage Fist|p2b: Palafin\n|-damage|p2b: Palafin|0 fnt\n|faint|p2b: Palafin\n|\n|upkeep\n|\n|t:|1682606263\n|switch|p1a: Charcuterie|Armarouge, L50, M|100\/100\n|turn|4\n|\n|t:|1682606284\n|-terastallize|p2a: Chien-Pao|Dark\n|-terastallize|p1b: Vecna|Fire\n|move|p1a: Charcuterie|Protect|p1a: Charcuterie\n|-singleturn|p1a: Charcuterie|Protect\n|move|p2a: Chien-Pao|Sucker Punch|p1b: Vecna\n|-damage|p1b: Vecna|35\/100\n|move|p1b: Vecna|Drain Punch|p2a: Chien-Pao\n|-supereffective|p2a: Chien-Pao\n|-enditem|p2a: Chien-Pao|Focus Sash\n|-damage|p2a: Chien-Pao|1\/100\n|-heal|p1b: Vecna|71\/100|[from] drain|[of] p2a: Chien-Pao\n|\n|-heal|p1b: Vecna|77\/100|[from] item: Leftovers\n|upkeep\n|turn|5\n|-message|ElIngles forfeited.\n|\n|win|IknowLatin\n|raw|IknowLatin's rating: 1088 → 1108<\/strong> (+20 for winning)\n|raw|ElIngles's rating: 1000 → 1000<\/strong> (+0 for losing)\n|l|\u2606ElIngles\n","uploadtime":1682606311,"views":12,"p1id":"iknowlatin","p2id":"elingles","formatid":"gen9vgc2023regulationc","rating":1000,"private":0,"password":""}