{"id":"gen9vgc2023regulationc-1849632670","p1":"celso94","p2":"Bartzabel","format":"[Gen 9] VGC 2023 Regulation C","log":"|j|\u2606celso94\n|j|\u2606Bartzabel\n|t:|1682223029\n|gametype|doubles\n|player|p1|celso94|101|\n|player|p2|Bartzabel|medium|\n|teamsize|p1|6\n|teamsize|p2|6\n|gen|9\n|tier|[Gen 9] VGC 2023 Regulation C\n|rule|Species Clause: Limit one of each Pok\u00e9mon\n|rule|Item Clause: Limit one of each item\n|clearpoke\n|poke|p1|Chi-Yu, L50|\n|poke|p1|Lilligant, L50, F|\n|poke|p1|Torkoal, L50, F|\n|poke|p1|Flutter Mane, L50|\n|poke|p1|Kingambit, L50, F|\n|poke|p1|Great Tusk, L50|\n|poke|p2|Glimmora, L50, F|\n|poke|p2|Gholdengo, L50|\n|poke|p2|Ceruledge, L50, F|\n|poke|p2|Gothitelle, L50, F|\n|poke|p2|Flutter Mane, L50|\n|poke|p2|Wo-Chien, L50|\n|teampreview|4\ncelso94 has agreed to open team sheets.\nBartzabel has agreed to open team sheets.\n|\n|t:|1682223114\n|start\n|switch|p1a: Lilligant|Lilligant, L50, F, shiny|100\/100\n|switch|p1b: Torkoal|Torkoal, L50, F, shiny|100\/100\n|switch|p2a: Ceruledge|Ceruledge, L50, F|100\/100\n|switch|p2b: Wo-Chien|Wo-Chien, L50|100\/100\n|-ability|p2b: Wo-Chien|Tablets of Ruin\n|-weather|SunnyDay|[from] ability: Drought|[of] p1b: Torkoal\n|turn|1\n|\n|t:|1682223155\n|move|p2b: Wo-Chien|Protect|p2b: Wo-Chien\n|-singleturn|p2b: Wo-Chien|Protect\n|move|p1a: Lilligant|Sleep Powder|p2a: Ceruledge\n|-status|p2a: Ceruledge|slp|[from] move: Sleep Powder\n|cant|p2a: Ceruledge|slp\n|move|p1b: Torkoal|Earth Power|p2b: Wo-Chien\n|-activate|p2b: Wo-Chien|move: Protect\n|\n|-weather|SunnyDay|[upkeep]\n|upkeep\n|turn|2\n|\n|t:|1682223211\n|-terastallize|p2b: Wo-Chien|Poison\n|move|p1a: Lilligant|After You|p1b: Torkoal\n|-activate|p1b: Torkoal|move: After You\n|move|p1b: Torkoal|Eruption|p2b: Wo-Chien|[spread] p2b\n|-start|p2a: Ceruledge|ability: Flash Fire\n|-damage|p2b: Wo-Chien|50\/100\n|-curestatus|p2a: Ceruledge|slp|[msg]\n|move|p2a: Ceruledge|Bitter Blade|p1a: Lilligant\n|-supereffective|p1a: Lilligant\n|-enditem|p1a: Lilligant|Focus Sash\n|-damage|p1a: Lilligant|1\/100\n|move|p2b: Wo-Chien|Leech Seed|p1b: Torkoal\n|-start|p1b: Torkoal|move: Leech Seed\n|\n|-weather|SunnyDay|[upkeep]\n|-heal|p2b: Wo-Chien|56\/100|[from] item: Leftovers\n|-damage|p1b: Torkoal|88\/100|[from] Leech Seed|[of] p2b: Wo-Chien\n|-heal|p2b: Wo-Chien|68\/100|[silent]\n|upkeep\n|turn|3\n|\n|t:|1682223246\n|move|p1a: Lilligant|Sleep Powder|p2b: Wo-Chien\n|-status|p2b: Wo-Chien|slp|[from] move: Sleep Powder\n|move|p2a: Ceruledge|Bulk Up|p2a: Ceruledge\n|-boost|p2a: Ceruledge|atk|1\n|-boost|p2a: Ceruledge|def|1\n|cant|p2b: Wo-Chien|slp\n|move|p1b: Torkoal|Earth Power|p2a: Ceruledge\n|-supereffective|p2a: Ceruledge\n|-damage|p2a: Ceruledge|35\/100\n|\n|-weather|SunnyDay|[upkeep]\n|-heal|p2b: Wo-Chien|74\/100 slp|[from] item: Leftovers\n|-damage|p1b: Torkoal|76\/100|[from] Leech Seed|[of] p2b: Wo-Chien\n|-heal|p2b: Wo-Chien|85\/100 slp|[silent]\n|upkeep\n|turn|4\n|\n|t:|1682223282\n|move|p2a: Ceruledge|Shadow Sneak|p1b: Torkoal\n|-damage|p1b: Torkoal|59\/100\n|move|p1a: Lilligant|After You|p1b: Torkoal\n|-activate|p1b: Torkoal|move: After You\n|move|p1b: Torkoal|Earth Power|p2b: Wo-Chien\n|-supereffective|p2b: Wo-Chien\n|-damage|p2b: Wo-Chien|58\/100 slp\n|-unboost|p2b: Wo-Chien|spd|1\n|cant|p2b: Wo-Chien|slp\n|\n|-weather|SunnyDay|[upkeep]\n|-heal|p2b: Wo-Chien|65\/100 slp|[from] item: Leftovers\n|-damage|p1b: Torkoal|46\/100|[from] Leech Seed|[of] p2b: Wo-Chien\n|-heal|p2b: Wo-Chien|76\/100 slp|[silent]\n|upkeep\n|turn|5\n|\n|t:|1682223307\n|move|p2a: Ceruledge|Shadow Sneak|p1a: Lilligant\n|-damage|p1a: Lilligant|0 fnt\n|faint|p1a: Lilligant\n|-curestatus|p2b: Wo-Chien|slp|[msg]\n|move|p2b: Wo-Chien|Pollen Puff|p2a: Ceruledge\n|-heal|p2a: Ceruledge|85\/100\n|move|p1b: Torkoal|Earth Power|p2a: Ceruledge\n|-supereffective|p2a: Ceruledge\n|-damage|p2a: Ceruledge|20\/100\n|\n|-weather|none\n|-heal|p2b: Wo-Chien|82\/100|[from] item: Leftovers\n|-damage|p1b: Torkoal|34\/100|[from] Leech Seed|[of] p2b: Wo-Chien\n|-heal|p2b: Wo-Chien|94\/100|[silent]\n|upkeep\n|\n|t:|1682223322\n|switch|p1a: Great Tusk|Great Tusk, L50, shiny|100\/100\n|-enditem|p1a: Great Tusk|Booster Energy\n|-activate|p1a: Great Tusk|ability: Protosynthesis|[fromitem]\n|-start|p1a: Great Tusk|protosynthesisatk\n|turn|6\n|\n|t:|1682223348\n|move|p1b: Torkoal|Protect|p1b: Torkoal\n|-singleturn|p1b: Torkoal|Protect\n|move|p1a: Great Tusk|Earthquake|p2b: Wo-Chien|[spread] p2a,p2b\n|-activate|p1b: Torkoal|move: Protect\n|-supereffective|p2a: Ceruledge\n|-supereffective|p2b: Wo-Chien\n|-damage|p2a: Ceruledge|0 fnt\n|-damage|p2b: Wo-Chien|27\/100\n|faint|p2a: Ceruledge\n|move|p2b: Wo-Chien|Pollen Puff|p2: Ceruledge|[notarget]\n|-fail|p2b: Wo-Chien\n|\n|-heal|p2b: Wo-Chien|33\/100|[from] item: Leftovers\n|-damage|p1b: Torkoal|21\/100|[from] Leech Seed|[of] p2b: Wo-Chien\n|-heal|p2b: Wo-Chien|45\/100|[silent]\n|upkeep\n|\n|t:|1682223371\n|switch|p2a: Glimmora|Glimmora, L50, F, shiny|100\/100\n|turn|7\n|\n|t:|1682223390\n|move|p2b: Wo-Chien|Protect|p2b: Wo-Chien\n|-singleturn|p2b: Wo-Chien|Protect\n|move|p1a: Great Tusk|Headlong Rush|p2b: Wo-Chien\n|-activate|p2b: Wo-Chien|move: Protect\n|move|p2a: Glimmora|Energy Ball|p1a: Great Tusk\n|-supereffective|p1a: Great Tusk\n|-damage|p1a: Great Tusk|5\/100\n|-unboost|p1a: Great Tusk|spd|1\n|move|p1b: Torkoal|Earth Power|p2a: Glimmora\n|-supereffective|p2a: Glimmora\n|-damage|p2a: Glimmora|0 fnt\n|faint|p2a: Glimmora\n|\n|-heal|p2b: Wo-Chien|51\/100|[from] item: Leftovers\n|-damage|p1b: Torkoal|9\/100|[from] Leech Seed|[of] p2b: Wo-Chien\n|-heal|p2b: Wo-Chien|62\/100|[silent]\n|upkeep\n|\n|t:|1682223405\n|switch|p2a: Flutter Mane|Flutter Mane, L50|100\/100\n|-enditem|p2a: Flutter Mane|Booster Energy\n|-activate|p2a: Flutter Mane|ability: Protosynthesis|[fromitem]\n|-start|p2a: Flutter Mane|protosynthesisspe\n|turn|8\n|\n|t:|1682223461\n|move|p2a: Flutter Mane|Shadow Ball|p1a: Great Tusk\n|-damage|p1a: Great Tusk|0 fnt\n|faint|p1a: Great Tusk\n|-end|p1a: Great Tusk|Protosynthesis|[silent]\n|move|p2b: Wo-Chien|Pollen Puff|p1b: Torkoal\n|-resisted|p1b: Torkoal\n|-damage|p1b: Torkoal|0 fnt\n|faint|p1b: Torkoal\n|\n|-heal|p2b: Wo-Chien|69\/100|[from] item: Leftovers\n|upkeep\n|\n|t:|1682223478\n|switch|p1b: Kingambit|Kingambit, L50, F, shiny|100\/100\n|turn|9\n|\n|t:|1682223522\n|-terastallize|p1b: Kingambit|Fire\n|move|p2a: Flutter Mane|Protect|p2a: Flutter Mane\n|-singleturn|p2a: Flutter Mane|Protect\n|move|p2b: Wo-Chien|Leech Seed|p1b: Kingambit\n|-start|p1b: Kingambit|move: Leech Seed\n|move|p1b: Kingambit|Kowtow Cleave|p2b: Wo-Chien\n|-damage|p2b: Wo-Chien|33\/100\n|\n|-heal|p2b: Wo-Chien|39\/100|[from] item: Leftovers\n|-damage|p1b: Kingambit|88\/100|[from] Leech Seed|[of] p2b: Wo-Chien\n|-heal|p2b: Wo-Chien|52\/100|[silent]\n|upkeep\n|turn|10\n|\n|t:|1682223569\n|move|p1b: Kingambit|Sucker Punch|p2a: Flutter Mane\n|-damage|p2a: Flutter Mane|52\/100\n|move|p2a: Flutter Mane|Shadow Ball|p1b: Kingambit\n|-damage|p1b: Kingambit|66\/100\n|move|p2b: Wo-Chien|Foul Play|p1b: Kingambit\n|-damage|p1b: Kingambit|27\/100\n|\n|-heal|p2b: Wo-Chien|58\/100|[from] item: Leftovers\n|-damage|p1b: Kingambit|15\/100|[from] Leech Seed|[of] p2b: Wo-Chien\n|-heal|p2b: Wo-Chien|71\/100|[silent]\n|upkeep\n|turn|11\n|\n|t:|1682223596\n|move|p2a: Flutter Mane|Shadow Ball|p1b: Kingambit\n|-damage|p1b: Kingambit|0 fnt\n|faint|p1b: Kingambit\n|\n|win|Bartzabel\n","uploadtime":1682223602,"views":26,"p1id":"celso94","p2id":"bartzabel","formatid":"gen9vgc2023regulationc","rating":0,"private":0,"password":""}