{"id":"gen9vgc2023regulationc-1847933676","p1":"tantomisso","p2":"bronzongbroomsvgc","format":"[Gen 9] VGC 2023 Regulation C","log":"|j|\u2606tantomisso\n|j|\u2606bronzongbroomsvgc\n|t:|1682013856\n|gametype|doubles\n|player|p1|tantomisso|bellelba|\n|player|p2|bronzongbroomsvgc|2|\n|teamsize|p1|6\n|teamsize|p2|6\n|gen|9\n|tier|[Gen 9] VGC 2023 Regulation C\n|rated|Tournament battle\n|rule|Species Clause: Limit one of each Pok\u00e9mon\n|rule|Item Clause: Limit one of each item\n|clearpoke\n|poke|p1|Gyarados, L50, M|\n|poke|p1|Ting-Lu, L50|\n|poke|p1|Flutter Mane, L50|\n|poke|p1|Scizor, L50, F|\n|poke|p1|Maushold-Four, L50|\n|poke|p1|Chien-Pao, L50|\n|poke|p2|Iron Bundle, L50|\n|poke|p2|Abomasnow, L50, F|\n|poke|p2|Palafin, L50, M|\n|poke|p2|Amoonguss, L50, M|\n|poke|p2|Chi-Yu, L50|\n|poke|p2|Iron Hands, L50|\n|teampreview|4\n|inactive|Battle timer is ON: inactive players will automatically lose when time's up. (requested by tantomisso)\n|j| ROBERT5239423942\n|j| Dat guy In black\n|c|\u2606bronzongbroomsvgc|glhf\n|j| sadgirl23\n|c|\u2606bronzongbroomsvgc|not too much luck though\n|j| GlueEaterVGC\n|l| Dat guy In black\ntantomisso has agreed to open team sheets.\n|j| Solerma\n|c|\u2606tantomisso|oh\nbronzongbroomsvgc has agreed to open team sheets.\n|c|\u2606tantomisso|gl\n|c| Solerma|lets go bronzo\n|c|\u2606tantomisso|have fun\n|inactive|tantomisso has 60 seconds left.\n|inactive|bronzongbroomsvgc has 60 seconds left.\n|inactive|tantomisso has 30 seconds left.\n|inactive|tantomisso has 20 seconds left.\n|inactive|tantomisso has 15 seconds left.\n|inactive|tantomisso has 10 seconds left.\n|inactive|tantomisso has 5 seconds left.\n|\n|t:|1682013944\n|start\n|switch|p1a: Maushold|Maushold-Four, L50|100\/100\n|switch|p1b: Flutter Mane|Flutter Mane, L50|100\/100\n|switch|p2a: Iron Hands|Iron Hands, L50|100\/100\n|switch|p2b: Palafin|Palafin, L50, M|100\/100\n|turn|1\n|inactive|tantomisso has 30 seconds left.\n|inactive|tantomisso has 20 seconds left.\n|j| Insertable194\n|\n|t:|1682013980\n|move|p2b: Palafin|Protect|p2b: Palafin\n|-singleturn|p2b: Palafin|Protect\n|move|p1b: Flutter Mane|Dazzling Gleam|p2b: Palafin|[spread] p2a\n|-activate|p2b: Palafin|move: Protect\n|-supereffective|p2a: Iron Hands\n|-damage|p2a: Iron Hands|42\/100\n|move|p1a: Maushold|Taunt|p2b: Palafin\n|-activate|p2b: Palafin|move: Protect\n|move|p2a: Iron Hands|Wild Charge|p1b: Flutter Mane\n|-damage|p1b: Flutter Mane|34\/100\n|-damage|p2a: Iron Hands|30\/100|[from] Recoil\n|\n|upkeep\n|turn|2\n|inactive|bronzongbroomsvgc has 30 seconds left.\n|inactive|bronzongbroomsvgc has 20 seconds left.\n|\n|t:|1682014020\n|move|p1a: Maushold|Follow Me|p1a: Maushold\n|-singleturn|p1a: Maushold|move: Follow Me\n|move|p2b: Palafin|Jet Punch|p1a: Maushold\n|-damage|p1a: Maushold|77\/100\n|move|p1b: Flutter Mane|Dazzling Gleam|p2b: Palafin|[spread] p2a,p2b\n|-supereffective|p2a: Iron Hands\n|-damage|p2a: Iron Hands|0 fnt\n|-damage|p2b: Palafin|47\/100\n|faint|p2a: Iron Hands\n|-end|p2a: Iron Hands|Quark Drive|[silent]\n|\n|upkeep\n|\n|t:|1682014034\n|switch|p2a: Iron Bundle|Iron Bundle, L50|100\/100\n|-enditem|p2a: Iron Bundle|Booster Energy\n|-activate|p2a: Iron Bundle|ability: Quark Drive|[fromitem]\n|-start|p2a: Iron Bundle|quarkdrivespe\n|turn|3\n|j| minionbanana57\n|c| minionbanana57|tantomisso ita?\n|\n|t:|1682014049\n|detailschange|p2b: Palafin|Palafin-Hero, L50, M\n|switch|p2b: Chi-Yu|Chi-Yu, L50|100\/100\n|-ability|p2b: Chi-Yu|Beads of Ruin\n|move|p2a: Iron Bundle|Icy Wind|p1b: Flutter Mane|[spread] p1a,p1b\n|-damage|p1a: Maushold|49\/100\n|-damage|p1b: Flutter Mane|15\/100\n|-unboost|p1a: Maushold|spe|1\n|-unboost|p1b: Flutter Mane|spe|1\n|move|p1b: Flutter Mane|Dazzling Gleam|p2b: Chi-Yu|[spread] p2a,p2b\n|-damage|p2a: Iron Bundle|0 fnt\n|-damage|p2b: Chi-Yu|60\/100\n|faint|p2a: Iron Bundle\n|-end|p2a: Iron Bundle|Quark Drive|[silent]\n|move|p1a: Maushold|Super Fang|p2b: Chi-Yu|[miss]\n|-miss|p1a: Maushold|p2b: Chi-Yu\n|\n|-heal|p2b: Chi-Yu|66\/100|[from] item: Leftovers\n|upkeep\n|j| CyborgCrafter\n|inactive|bronzongbroomsvgc has 30 seconds left.\n|c|\u2606bronzongbroomsvgc|that is a chunky flutter\n|\n|t:|1682014080\n|switch|p2a: Palafin|Palafin-Hero, L50, M|47\/100\n|-activate|p2a: Palafin|ability: Zero to Hero\n|turn|4\n|c|\u2606tantomisso|si sono ita\n|\n|t:|1682014099\n|move|p2a: Palafin|Jet Punch|p1a: Maushold\n|-damage|p1a: Maushold|12\/100\n|move|p2b: Chi-Yu|Heat Wave|p1a: Maushold|[spread] p1a,p1b\n|-damage|p1a: Maushold|0 fnt\n|-damage|p1b: Flutter Mane|0 fnt\n|faint|p1a: Maushold\n|faint|p1b: Flutter Mane\n|-end|p1b: Flutter Mane|Protosynthesis|[silent]\n|\n|-heal|p2b: Chi-Yu|72\/100|[from] item: Leftovers\n|upkeep\n|\n|t:|1682014102\n|switch|p1b: Chien-Pao|Chien-Pao, L50|100\/100\n|switch|p1a: Ting-Lu|Ting-Lu, L50|100\/100\n|-ability|p1b: Chien-Pao|Sword of Ruin\n|-ability|p1a: Ting-Lu|Vessel of Ruin\n|turn|5\n|l| ROBERT5239423942\n|l| sadgirl23\n|c| Solerma|tanto misso arrogante\n|\n|t:|1682014125\n|-terastallize|p2a: Palafin|Water\n|-terastallize|p1a: Ting-Lu|Water\n|move|p1b: Chien-Pao|Protect|p1b: Chien-Pao\n|-singleturn|p1b: Chien-Pao|Protect\n|move|p2a: Palafin|Protect|p2a: Palafin\n|-singleturn|p2a: Palafin|Protect\n|move|p2b: Chi-Yu|Heat Wave|p1a: Ting-Lu|[spread] \n|-activate|p1b: Chien-Pao|move: Protect\n|-miss|p2b: Chi-Yu|p1a: Ting-Lu\n|move|p1a: Ting-Lu|Earthquake|p2a: Palafin|[spread] p2b\n|-activate|p1b: Chien-Pao|move: Protect\n|-activate|p2a: Palafin|move: Protect\n|-supereffective|p2b: Chi-Yu\n|-damage|p2b: Chi-Yu|0 fnt\n|faint|p2b: Chi-Yu\n|\n|upkeep\n|turn|6\n|c|\u2606bronzongbroomsvgc|gg\n|\n|t:|1682014142\n|move|p1b: Chien-Pao|Sacred Sword|p2a: Palafin\n|-damage|p2a: Palafin|8\/100\n|move|p2a: Palafin|Wave Crash|p1b: Chien-Pao\n|-enditem|p1b: Chien-Pao|Focus Sash\n|-damage|p1b: Chien-Pao|1\/100\n|-damage|p2a: Palafin|0 fnt|[from] Recoil\n|faint|p2a: Palafin\n|\n|win|tantomisso\n|n|\u2606tantomisso|tantomisso\n|n|\u2606bronzongbroomsvgc|bronzongbroomsvgc\n|n| GlueEaterVGC|glueeatervgc\n|n| Solerma|solerma\n|n| Insertable194|insertable194\n|n| minionbanana57|minionbanana57\n|n| CyborgCrafter|cyborgcrafter\n","uploadtime":1682014146,"views":15,"p1id":"tantomisso","p2id":"bronzongbroomsvgc","formatid":"gen9vgc2023regulationc","rating":0,"private":0,"password":""}