{"id":"gen9vgc2023regulationc-1845904026","p1":"JoshLove2020","p2":"Jacooob_sneakers","format":"[Gen 9] VGC 2023 Regulation C","log":"|j|\u203dJoshLove2020\n|j|\u2606Jacooob_sneakers\n|t:|1681777499\n|gametype|doubles\n|player|p1|JoshLove2020|265|1221\n|player|p2|Jacooob_sneakers|102|1135\n|teamsize|p1|6\n|teamsize|p2|6\n|gen|9\n|tier|[Gen 9] VGC 2023 Regulation C\n|rated|\n|rule|Species Clause: Limit one of each Pok\u00e9mon\n|rule|Item Clause: Limit one of each item\n|clearpoke\n|poke|p1|Flutter Mane, L50|\n|poke|p1|Chi-Yu, L50|\n|poke|p1|Amoonguss, L50, F|\n|poke|p1|Kilowattrel, L50, F|\n|poke|p1|Iron Bundle, L50|\n|poke|p1|Gothitelle, L50, F|\n|poke|p2|Pelipper, L50, M|\n|poke|p2|Palafin, L50, M|\n|poke|p2|Chien-Pao, L50|\n|poke|p2|Amoonguss, L50, M|\n|poke|p2|Arcanine, L50, F|\n|poke|p2|Iron Jugulis, L50|\n|teampreview|4\nJoshLove2020 has agreed to open team sheets.\n|inactive|Battle timer is ON: inactive players will automatically lose when time's up. (requested by Jacooob_sneakers)\n|\n|t:|1681777540\n|start\n|switch|p1a: Gothitelle|Gothitelle, L50, F|100\/100\n|switch|p1b: Flutter Mane|Flutter Mane, L50|100\/100\n|switch|p2a: Chien-Pao|Chien-Pao, L50|100\/100\n|switch|p2b: Amoonguss|Amoonguss, L50, M|100\/100\n|-ability|p2a: Chien-Pao|Sword of Ruin\n|turn|1\n|inactive|Jacooob_sneakers has 30 seconds left.\n|inactive|Jacooob_sneakers has 20 seconds left.\n|\n|t:|1681777580\n|move|p1a: Gothitelle|Fake Out|p2a: Chien-Pao\n|-damage|p2a: Chien-Pao|93\/100\n|move|p2b: Amoonguss|Rage Powder|p2b: Amoonguss\n|-singleturn|p2b: Amoonguss|move: Rage Powder\n|cant|p2a: Chien-Pao|flinch\n|move|p1b: Flutter Mane|Perish Song|p1b: Flutter Mane\n|-start|p1a: Gothitelle|perish3|[silent]\n|-start|p1b: Flutter Mane|perish3|[silent]\n|-start|p2a: Chien-Pao|perish3|[silent]\n|-start|p2b: Amoonguss|perish3|[silent]\n|-fieldactivate|move: Perish Song\n|\n|-start|p2a: Chien-Pao|perish3\n|-start|p1b: Flutter Mane|perish3\n|-start|p1a: Gothitelle|perish3\n|-start|p2b: Amoonguss|perish3\n|upkeep\n|turn|2\n|inactive|JoshLove2020 has 30 seconds left.\n|\n|t:|1681777610\n|-end|p1b: Flutter Mane|Protosynthesis|[silent]\n|switch|p1b: Iron Bundle|Iron Bundle, L50|100\/100\n|-enditem|p1b: Iron Bundle|Booster Energy\n|-activate|p1b: Iron Bundle|ability: Quark Drive|[fromitem]\n|-start|p1b: Iron Bundle|quarkdrivespe\n|move|p1a: Gothitelle|Protect|p1a: Gothitelle\n|-singleturn|p1a: Gothitelle|Protect\n|move|p2a: Chien-Pao|Ice Spinner|p1b: Iron Bundle\n|-resisted|p1b: Iron Bundle\n|-damage|p1b: Iron Bundle|86\/100\n|move|p2b: Amoonguss|Pollen Puff|p2a: Chien-Pao\n|-heal|p2a: Chien-Pao|100\/100\n|\n|-start|p2a: Chien-Pao|perish2\n|-start|p1a: Gothitelle|perish2\n|-start|p2b: Amoonguss|perish2\n|upkeep\n|turn|3\n|inactive|JoshLove2020 has 30 seconds left.\n|inactive|JoshLove2020 has 20 seconds left.\n|inactive|JoshLove2020 has 15 seconds left.\n|\n|t:|1681777654\n|-terastallize|p1a: Gothitelle|Dark\n|move|p1b: Iron Bundle|Encore|p2a: Chien-Pao\n|-start|p2a: Chien-Pao|Encore\n|move|p2a: Chien-Pao|Ice Spinner|p1a: Gothitelle\n|-damage|p1a: Gothitelle|55\/100\n|move|p1a: Gothitelle|Psychic|p2b: Amoonguss\n|-supereffective|p2b: Amoonguss\n|-damage|p2b: Amoonguss|56\/100\n|move|p2b: Amoonguss|Spore|p1b: Iron Bundle\n|-status|p1b: Iron Bundle|slp|[from] move: Spore\n|\n|-start|p2a: Chien-Pao|perish1\n|-start|p1a: Gothitelle|perish1\n|-start|p2b: Amoonguss|perish1\n|upkeep\n|turn|4\n|inactive|JoshLove2020 has 30 seconds left.\n|\n|t:|1681777683\n|switch|p1a: Flutter Mane|Flutter Mane, L50|100\/100\n|cant|p1b: Iron Bundle|slp\n|move|p2a: Chien-Pao|Ice Spinner|p1a: Flutter Mane\n|-damage|p1a: Flutter Mane|14\/100\n|move|p2b: Amoonguss|Pollen Puff|p1a: Flutter Mane\n|-resisted|p1a: Flutter Mane\n|-damage|p1a: Flutter Mane|10\/100\n|\n|-start|p2a: Chien-Pao|perish0\n|-start|p2b: Amoonguss|perish0\n|upkeep\n|faint|p2a: Chien-Pao\n|faint|p2b: Amoonguss\n|\n|t:|1681777699\n|switch|p2a: Arcanine|Arcanine, L50, F|100\/100\n|switch|p2b: Iron Jugulis|Iron Jugulis, L50|100\/100\n|-ability|p2a: Arcanine|Intimidate|boost\n|-unboost|p1a: Flutter Mane|atk|1\n|-unboost|p1b: Iron Bundle|atk|1\n|turn|5\n|\n|t:|1681777723\n|-curestatus|p1b: Iron Bundle|slp|[msg]\n|move|p1b: Iron Bundle|Freeze-Dry|p2b: Iron Jugulis\n|-supereffective|p2b: Iron Jugulis\n|-damage|p2b: Iron Jugulis|24\/100\n|move|p2b: Iron Jugulis|Air Slash|p1a: Flutter Mane\n|-damage|p1a: Flutter Mane|0 fnt\n|faint|p1a: Flutter Mane\n|-end|p1a: Flutter Mane|Protosynthesis|[silent]\n|move|p2a: Arcanine|Flare Blitz|p1b: Iron Bundle\n|-damage|p1b: Iron Bundle|0 fnt\n|faint|p1b: Iron Bundle\n|-end|p1b: Iron Bundle|Quark Drive|[silent]\n|-damage|p2a: Arcanine|82\/100|[from] Recoil\n|-damage|p2a: Arcanine|72\/100|[from] item: Life Orb\n|\n|upkeep\n|\n|t:|1681777740\n|switch|p1b: Gothitelle|Gothitelle, L50, F, tera:Dark|55\/100\n|switch|p1a: Kilowattrel|Kilowattrel, L50, F|100\/100\n|turn|6\n|\n|t:|1681777754\n|move|p1b: Gothitelle|Fake Out|p2a: Arcanine\n|-damage|p2a: Arcanine|66\/100\n|move|p2b: Iron Jugulis|Air Slash|p1a: Kilowattrel\n|-resisted|p1a: Kilowattrel\n|-damage|p1a: Kilowattrel|66\/100\n|cant|p1a: Kilowattrel|flinch\n|cant|p2a: Arcanine|flinch\n|\n|upkeep\n|turn|7\n|\n|t:|1681777771\n|move|p2b: Iron Jugulis|Air Slash|p1a: Kilowattrel\n|-resisted|p1a: Kilowattrel\n|-damage|p1a: Kilowattrel|31\/100\n|move|p1a: Kilowattrel|Thunderbolt|p2b: Iron Jugulis\n|-supereffective|p2b: Iron Jugulis\n|-damage|p2b: Iron Jugulis|0 fnt\n|faint|p2b: Iron Jugulis\n|-end|p2b: Iron Jugulis|Quark Drive|[silent]\n|move|p2a: Arcanine|Play Rough|p1b: Gothitelle\n|-supereffective|p1b: Gothitelle\n|-damage|p1b: Gothitelle|0 fnt\n|faint|p1b: Gothitelle\n|-damage|p2a: Arcanine|57\/100|[from] item: Life Orb\n|\n|upkeep\n|turn|8\n|\n|t:|1681777785\n|-terastallize|p2a: Arcanine|Normal\n|move|p2a: Arcanine|Extreme Speed|p1a: Kilowattrel\n|-damage|p1a: Kilowattrel|0 fnt\n|faint|p1a: Kilowattrel\n|-damage|p2a: Arcanine|47\/100|[from] item: Life Orb\n|\n|win|Jacooob_sneakers\n|raw|JoshLove2020's rating: 1221 → 1190<\/strong> (-31 for losing)\n|raw|Jacooob_sneakers's rating: 1135 → 1166<\/strong> (+31 for winning)\n|l|\u203dJoshLove2020\n|l|\u2606Jacooob_sneakers\n|j|\u203dJoshLove2020\n|player|p1|JoshLove2020|265\n","uploadtime":1681777846,"views":21,"p1id":"joshlove2020","p2id":"jacooobsneakers","formatid":"gen9vgc2023regulationc","rating":1166,"private":0,"password":""}