{"id":"gen9vgc2023regulationc-1856806910","p1":"Plat1num_Ac1d","p2":"XinBluQAQ030","format":"[Gen 9] VGC 2023 Regulation C","log":"|j|\u2606Plat1num_Ac1d\n|j|\u2606XinBluQAQ030\n|t:|1683114167\n|gametype|doubles\n|player|p1|Plat1num_Ac1d|brycen|1080\n|player|p2|XinBluQAQ030|shadowtriad|1000\n|teamsize|p1|6\n|teamsize|p2|6\n|gen|9\n|tier|[Gen 9] VGC 2023 Regulation C\n|rated|\n|rule|Species Clause: Limit one of each Pok\u00e9mon\n|rule|Item Clause: Limit one of each item\n|clearpoke\n|poke|p1|Rotom-Wash, L50|\n|poke|p1|Dragapult, L50, F|\n|poke|p1|Great Tusk, L50|\n|poke|p1|Chi-Yu, L50|\n|poke|p1|Murkrow, L50, F|\n|poke|p1|Flutter Mane, L50|\n|poke|p2|Iron Bundle, L50|\n|poke|p2|Dondozo, L50, F|\n|poke|p2|Tatsugiri, L50, F|\n|poke|p2|Glimmora, L50, F|\n|poke|p2|Dragonite, L50, M|\n|poke|p2|Chi-Yu, L50|\n|teampreview|4\nPlat1num_Ac1d rejected open team sheets.\n|inactive|Battle timer is ON: inactive players will automatically lose when time's up. (requested by Plat1num_Ac1d)\n|\n|t:|1683114220\n|start\n|switch|p1a: Murkrow|Murkrow, L50, F, shiny|100\/100\n|switch|p1b: Flutter Mane|Flutter Mane, L50, shiny|100\/100\n|switch|p2a: Dondozo|Dondozo, L50, F|100\/100\n|switch|p2b: Glimmora|Glimmora, L50, F|100\/100\n|turn|1\n|inactive|Plat1num_Ac1d has 30 seconds left.\n|inactive|Plat1num_Ac1d has 20 seconds left.\n|inactive|Plat1num_Ac1d has 15 seconds left.\n|\n|t:|1683114264\n|switch|p1a: Rotom|Rotom-Wash, L50, shiny|100\/100\n|move|p2a: Dondozo|Protect|p2a: Dondozo\n|-singleturn|p2a: Dondozo|Protect\n|move|p1b: Flutter Mane|Shadow Ball|p2a: Dondozo\n|-activate|p2a: Dondozo|move: Protect\n|move|p2b: Glimmora|Mortal Spin|p1a: Rotom|[spread] p1a,p1b\n|-damage|p1a: Rotom|95\/100\n|-damage|p1b: Flutter Mane|94\/100\n|-status|p1a: Rotom|psn\n|-status|p1b: Flutter Mane|psn\n|\n|-damage|p1b: Flutter Mane|82\/100 psn|[from] psn\n|-damage|p1a: Rotom|83\/100 psn|[from] psn\n|upkeep\n|turn|2\n|inactive|XinBluQAQ030 has 30 seconds left.\n|inactive|XinBluQAQ030 has 20 seconds left.\n|inactive|XinBluQAQ030 has 15 seconds left.\n|inactive|XinBluQAQ030 has 10 seconds left.\n|inactive|XinBluQAQ030 has 5 seconds left.\n|\n|t:|1683114318\n|-end|p1b: Flutter Mane|Protosynthesis|[silent]\n|switch|p1b: Great Tusk|Great Tusk, L50, shiny|100\/100\n|move|p1a: Rotom|Hydro Pump|p2b: Glimmora\n|-supereffective|p2b: Glimmora\n|-damage|p2b: Glimmora|51\/100\n|move|p2b: Glimmora|Energy Ball|p1a: Rotom\n|-supereffective|p1a: Rotom\n|-damage|p1a: Rotom|14\/100 psn\n|-enditem|p1a: Rotom|Sitrus Berry|[eat]\n|-heal|p1a: Rotom|39\/100 psn|[from] item: Sitrus Berry\n|move|p2a: Dondozo|Wave Crash|p1b: Great Tusk\n|-supereffective|p1b: Great Tusk\n|-damage|p1b: Great Tusk|25\/100\n|-damage|p2a: Dondozo|79\/100|[from] Recoil\n|\n|-heal|p2a: Dondozo|85\/100|[from] item: Leftovers\n|-damage|p1a: Rotom|27\/100 psn|[from] psn\n|upkeep\n|turn|3\n|inactive|Plat1num_Ac1d has 30 seconds left.\n|inactive|XinBluQAQ030 has 30 seconds left.\n|inactive|Plat1num_Ac1d has 20 seconds left.\n|\n|t:|1683114354\n|switch|p2b: Dragonite|Dragonite, L50, M|100\/100\n|move|p2a: Dondozo|Protect|p2a: Dondozo\n|-singleturn|p2a: Dondozo|Protect\n|move|p1b: Great Tusk|Rock Slide|p2a: Dondozo|[spread] p2b\n|-activate|p2a: Dondozo|move: Protect\n|-supereffective|p2b: Dragonite\n|-damage|p2b: Dragonite|75\/100\n|move|p1a: Rotom|Hydro Pump|p2b: Dragonite\n|-resisted|p2b: Dragonite\n|-damage|p2b: Dragonite|56\/100\n|\n|-heal|p2a: Dondozo|92\/100|[from] item: Leftovers\n|-damage|p1a: Rotom|15\/100 psn|[from] psn\n|upkeep\n|turn|4\n|\n|t:|1683114376\n|move|p2b: Dragonite|Extreme Speed|p1a: Rotom\n|-damage|p1a: Rotom|0 fnt\n|faint|p1a: Rotom\n|move|p1b: Great Tusk|Rock Slide|p2b: Dragonite|[spread] p2a,p2b\n|-supereffective|p2b: Dragonite\n|-damage|p2a: Dondozo|71\/100\n|-damage|p2b: Dragonite|2\/100\n|move|p2a: Dondozo|Wave Crash|p1b: Great Tusk\n|-supereffective|p1b: Great Tusk\n|-damage|p1b: Great Tusk|0 fnt\n|faint|p1b: Great Tusk\n|-end|p1b: Great Tusk|Protosynthesis|[silent]\n|-damage|p2a: Dondozo|64\/100|[from] Recoil\n|\n|-heal|p2a: Dondozo|70\/100|[from] item: Leftovers\n|upkeep\n|\n|t:|1683114390\n|switch|p1b: Murkrow|Murkrow, L50, F, shiny|100\/100\n|switch|p1a: Flutter Mane|Flutter Mane, L50, shiny|82\/100 psn\n|turn|5\n|\n|t:|1683114407\n|-terastallize|p1b: Murkrow|Ghost\n|-terastallize|p2a: Dondozo|Grass\n|move|p2b: Dragonite|Extreme Speed|p1b: Murkrow\n|-immune|p1b: Murkrow\n|move|p1b: Murkrow|Tailwind|p1b: Murkrow\n|-sidestart|p1: Plat1num_Ac1d|move: Tailwind\n|move|p1a: Flutter Mane|Dazzling Gleam|p2b: Dragonite|[spread] p2a,p2b\n|-supereffective|p2b: Dragonite\n|-damage|p2a: Dondozo|35\/100\n|-damage|p2b: Dragonite|0 fnt\n|faint|p2b: Dragonite\n|move|p2a: Dondozo|Earthquake|p1b: Murkrow|[spread] p1a,p1b\n|-damage|p1a: Flutter Mane|51\/100 psn\n|-damage|p1b: Murkrow|75\/100\n|\n|-heal|p2a: Dondozo|42\/100|[from] item: Leftovers\n|-damage|p1a: Flutter Mane|39\/100 psn|[from] psn\n|upkeep\n|\n|t:|1683114414\n|switch|p2b: Tatsugiri|Tatsugiri, L50, F|100\/100\n|-activate|p2b: Tatsugiri|ability: Commander|[of] p2a: Dondozo\n|-boost|p2a: Dondozo|atk|2\n|-boost|p2a: Dondozo|spa|2\n|-boost|p2a: Dondozo|spe|2\n|-boost|p2a: Dondozo|def|2\n|-boost|p2a: Dondozo|spd|2\n|turn|6\n|\n|t:|1683114430\n|move|p2a: Dondozo|Protect|p2a: Dondozo\n|-singleturn|p2a: Dondozo|Protect\n|move|p1b: Murkrow|Haze|p1b: Murkrow\n|-clearallboost\n|move|p1a: Flutter Mane|Dazzling Gleam|p2a: Dondozo|[spread] \n|-miss|p1a: Flutter Mane|p2b: Tatsugiri\n|-activate|p2a: Dondozo|move: Protect\n|\n|-heal|p2a: Dondozo|48\/100|[from] item: Leftovers\n|-damage|p1a: Flutter Mane|27\/100 psn|[from] psn\n|upkeep\n|turn|7\n|\n|t:|1683114444\n|move|p1a: Flutter Mane|Dazzling Gleam|p2a: Dondozo|[spread] p2a\n|-miss|p1a: Flutter Mane|p2b: Tatsugiri\n|-damage|p2a: Dondozo|11\/100\n|move|p1b: Murkrow|Foul Play|p2a: Dondozo\n|-damage|p2a: Dondozo|0 fnt\n|faint|p2a: Dondozo\n|\n|-damage|p1a: Flutter Mane|15\/100 psn|[from] psn\n|upkeep\n|\n|t:|1683114451\n|switch|p2a: Glimmora|Glimmora, L50, F|51\/100\n|turn|8\n|inactive|XinBluQAQ030 has 30 seconds left.\n|\n|t:|1683114480\n|move|p1a: Flutter Mane|Dazzling Gleam|p2a: Glimmora|[spread] p2a,p2b\n|-resisted|p2a: Glimmora\n|-supereffective|p2b: Tatsugiri\n|-damage|p2a: Glimmora|39\/100\n|-damage|p2b: Tatsugiri|0 fnt\n|faint|p2b: Tatsugiri\n|move|p1b: Murkrow|Foul Play|p2a: Glimmora\n|-damage|p2a: Glimmora|19\/100\n|-activate|p2a: Glimmora|ability: Toxic Debris\n|-sidestart|p1: Plat1num_Ac1d|move: Toxic Spikes\n|move|p2a: Glimmora|Power Gem|p1b: Murkrow\n|-damage|p1b: Murkrow|45\/100\n|\n|-damage|p1a: Flutter Mane|3\/100 psn|[from] psn\n|-sideend|p1: Plat1num_Ac1d|move: Tailwind\n|upkeep\n|turn|9\n|\n|t:|1683114494\n|move|p1a: Flutter Mane|Dazzling Gleam|p2a: Glimmora\n|-resisted|p2a: Glimmora\n|-damage|p2a: Glimmora|4\/100\n|move|p2a: Glimmora|Earth Power|p1b: Murkrow\n|-damage|p1b: Murkrow|21\/100\n|move|p1b: Murkrow|Foul Play|p2a: Glimmora\n|-damage|p2a: Glimmora|0 fnt\n|-activate|p2a: Glimmora|ability: Toxic Debris\n|-sidestart|p1: Plat1num_Ac1d|move: Toxic Spikes\n|faint|p2a: Glimmora\n|\n|win|Plat1num_Ac1d\n|raw|Plat1num_Ac1d's rating: 1080 → 1102<\/strong> (+22 for winning)\n|raw|XinBluQAQ030's rating: 1000 → 1000<\/strong> (+0 for losing)\n|l|\u2606Plat1num_Ac1d\n|l|\u2606XinBluQAQ030\n|j| XinBluQAQ\n|l| XinBluQAQ\n|j| XinBluQAQ\n","uploadtime":1683115501,"views":16,"p1id":"plat1numac1d","p2id":"xinbluqaq030","formatid":"gen9vgc2023regulationc","rating":1000,"private":0,"password":""}