{"id":"gen9vgc2023regulationc-1850938064","p1":"Pakulis","p2":"Jjenkins","format":"[Gen 9] VGC 2023 Regulation C","log":"|j|\u2606Pakulis\n|j|\u2606Jjenkins\n|t:|1682384512\n|gametype|doubles\n|player|p1|Pakulis|n|1118\n|player|p2|Jjenkins|flannery|1015\n|teamsize|p1|6\n|teamsize|p2|6\n|gen|9\n|tier|[Gen 9] VGC 2023 Regulation C\n|rated|\n|rule|Species Clause: Limit one of each Pok\u00e9mon\n|rule|Item Clause: Limit one of each item\n|clearpoke\n|poke|p1|Palafin, L50, M|\n|poke|p1|Ting-Lu, L50|\n|poke|p1|Volcarona, L50, M|\n|poke|p1|Hydreigon, L50, M|\n|poke|p1|Brute Bonnet, L50|\n|poke|p1|Arcanine, L50, M|\n|poke|p2|Flutter Mane, L50|\n|poke|p2|Arcanine, L50, F|\n|poke|p2|Palafin, L50, M|\n|poke|p2|Amoonguss, L50, M|\n|poke|p2|Roaring Moon, L50|\n|poke|p2|Ting-Lu, L50|\n|teampreview|4\n|inactive|Battle timer is ON: inactive players will automatically lose when time's up. (requested by Pakulis)\n|inactive|Jjenkins has 60 seconds left.\n|\n|t:|1682384544\n|start\n|switch|p1a: Palafin|Palafin, L50, M|100\/100\n|switch|p1b: Ting-Lu|Ting-Lu, L50|100\/100\n|switch|p2a: Roaring Moon|Roaring Moon, L50|100\/100\n|switch|p2b: Palafin|Palafin, L50, M|100\/100\n|-ability|p1b: Ting-Lu|Vessel of Ruin\n|-enditem|p2a: Roaring Moon|Booster Energy\n|-activate|p2a: Roaring Moon|ability: Protosynthesis|[fromitem]\n|-start|p2a: Roaring Moon|protosynthesisatk\n|turn|1\n|inactive|Jjenkins has 30 seconds left.\n|\n|t:|1682384575\n|detailschange|p2b: Palafin|Palafin-Hero, L50, M\n|switch|p2b: Arcanine|Arcanine, L50, F|100\/100\n|-ability|p2b: Arcanine|Intimidate|boost\n|-unboost|p1a: Palafin|atk|1\n|-unboost|p1b: Ting-Lu|atk|1\n|switch|p1b: Arcanine|Arcanine, L50, M|100\/100\n|-ability|p1b: Arcanine|Intimidate|boost\n|-unboost|p2a: Roaring Moon|atk|1\n|-unboost|p2b: Arcanine|atk|1\n|move|p2a: Roaring Moon|Protect|p2a: Roaring Moon\n|-singleturn|p2a: Roaring Moon|Protect\n|move|p1a: Palafin|Close Combat|p2a: Roaring Moon\n|-activate|p2a: Roaring Moon|move: Protect\n|\n|upkeep\n|turn|2\n|inactive|Pakulis has 30 seconds left.\n|inactive|Jjenkins has 30 seconds left.\n|\n|t:|1682384602\n|detailschange|p1a: Palafin|Palafin-Hero, L50, M\n|switch|p1a: Brute Bonnet|Brute Bonnet, L50|100\/100\n|-enditem|p1a: Brute Bonnet|Booster Energy\n|-activate|p1a: Brute Bonnet|ability: Protosynthesis|[fromitem]\n|-start|p1a: Brute Bonnet|protosynthesisatk\n|-terastallize|p2a: Roaring Moon|Flying\n|move|p1b: Arcanine|Protect|p1b: Arcanine\n|-singleturn|p1b: Arcanine|Protect\n|move|p2a: Roaring Moon|Dragon Dance|p2a: Roaring Moon\n|-boost|p2a: Roaring Moon|atk|1\n|-boost|p2a: Roaring Moon|spe|1\n|move|p2b: Arcanine|Will-O-Wisp|p1a: Brute Bonnet\n|-status|p1a: Brute Bonnet|brn\n|\n|-damage|p1a: Brute Bonnet|95\/100 brn|[from] brn\n|upkeep\n|turn|3\n|inactive|Pakulis has 30 seconds left.\n|\n|t:|1682384628\n|switch|p2b: Palafin|Palafin-Hero, L50, M|100\/100\n|-activate|p2b: Palafin|ability: Zero to Hero\n|-terastallize|p1a: Brute Bonnet|Fire\n|move|p2a: Roaring Moon|Acrobatics|p1b: Arcanine\n|-damage|p1b: Arcanine|8\/100\n|-enditem|p1b: Arcanine|Sitrus Berry|[eat]\n|-heal|p1b: Arcanine|33\/100|[from] item: Sitrus Berry\n|move|p1b: Arcanine|Wild Charge|p2a: Roaring Moon\n|-supereffective|p2a: Roaring Moon\n|-damage|p2a: Roaring Moon|43\/100\n|-damage|p1b: Arcanine|18\/100|[from] Recoil\n|move|p1a: Brute Bonnet|Spore|p2b: Palafin\n|-status|p2b: Palafin|slp|[from] move: Spore\n|\n|-damage|p1a: Brute Bonnet|89\/100 brn|[from] brn\n|upkeep\n|turn|4\n|inactive|Pakulis has 30 seconds left.\n|inactive|Jjenkins has 30 seconds left.\n|inactive|Jjenkins has 20 seconds left.\n|\n|t:|1682384664\n|switch|p1b: Palafin|Palafin-Hero, L50, M|100\/100\n|-activate|p1b: Palafin|ability: Zero to Hero\n|move|p2a: Roaring Moon|Acrobatics|p1b: Palafin\n|-damage|p1b: Palafin|14\/100\n|cant|p2b: Palafin|slp\n|move|p1a: Brute Bonnet|Spore|p2a: Roaring Moon\n|-status|p2a: Roaring Moon|slp|[from] move: Spore\n|\n|-damage|p1a: Brute Bonnet|83\/100 brn|[from] brn\n|upkeep\n|turn|5\n|\n|t:|1682384688\n|cant|p2b: Palafin|slp\n|cant|p2a: Roaring Moon|slp\n|move|p1b: Palafin|Wave Crash|p2a: Roaring Moon\n|-damage|p2a: Roaring Moon|0 fnt\n|faint|p2a: Roaring Moon\n|-end|p2a: Roaring Moon|Protosynthesis|[silent]\n|-damage|p1b: Palafin|0 fnt|[from] Recoil\n|faint|p1b: Palafin\n|move|p1a: Brute Bonnet|Bullet Seed|p2b: Palafin\n|-supereffective|p2b: Palafin\n|-damage|p2b: Palafin|86\/100 slp\n|-supereffective|p2b: Palafin\n|-damage|p2b: Palafin|71\/100 slp\n|-supereffective|p2b: Palafin\n|-damage|p2b: Palafin|54\/100 slp\n|-supereffective|p2b: Palafin\n|-damage|p2b: Palafin|38\/100 slp\n|-hitcount|p2b: Palafin|4\n|\n|-damage|p1a: Brute Bonnet|77\/100 brn|[from] brn\n|upkeep\n|\n|t:|1682384711\n|switch|p1b: Arcanine|Arcanine, L50, M|18\/100\n|switch|p2a: Arcanine|Arcanine, L50, F|100\/100\n|-ability|p2a: Arcanine|Intimidate|boost\n|-unboost|p1a: Brute Bonnet|atk|1\n|-unboost|p1b: Arcanine|atk|1\n|-ability|p1b: Arcanine|Intimidate|boost\n|-unboost|p2a: Arcanine|atk|1\n|-unboost|p2b: Palafin|atk|1\n|turn|6\n|\n|t:|1682384726\n|switch|p2a: Amoonguss|Amoonguss, L50, M|100\/100\n|cant|p2b: Palafin|slp\n|move|p1b: Arcanine|Wild Charge|p2b: Palafin\n|-supereffective|p2b: Palafin\n|-damage|p2b: Palafin|2\/100 slp\n|-damage|p1b: Arcanine|8\/100|[from] Recoil\n|move|p1a: Brute Bonnet|Spore|p2a: Amoonguss\n|-immune|p2a: Amoonguss\n|\n|-damage|p1a: Brute Bonnet|71\/100 brn|[from] brn\n|upkeep\n|turn|7\n|\n|t:|1682384745\n|-curestatus|p2b: Palafin|slp|[msg]\n|move|p2b: Palafin|Jet Punch|p1b: Arcanine\n|-supereffective|p1b: Arcanine\n|-damage|p1b: Arcanine|0 fnt\n|faint|p1b: Arcanine\n|move|p1a: Brute Bonnet|Taunt|p2a: Amoonguss\n|-start|p2a: Amoonguss|move: Taunt\n|cant|p2a: Amoonguss|move: Taunt|Spore\n|\n|-damage|p1a: Brute Bonnet|65\/100 brn|[from] brn\n|upkeep\n|\n|t:|1682384755\n|switch|p1b: Ting-Lu|Ting-Lu, L50|100\/100\n|-ability|p1b: Ting-Lu|Vessel of Ruin\n|turn|8\n|\n|t:|1682384772\n|move|p2b: Palafin|Wave Crash|p1a: Brute Bonnet\n|-supereffective|p1a: Brute Bonnet\n|-damage|p1a: Brute Bonnet|0 fnt\n|faint|p1a: Brute Bonnet\n|-end|p1a: Brute Bonnet|Protosynthesis|[silent]\n|-damage|p2b: Palafin|0 fnt|[from] Recoil\n|faint|p2b: Palafin\n|move|p1b: Ting-Lu|Fissure|p2a: Amoonguss|[miss]\n|-miss|p1b: Ting-Lu|p2a: Amoonguss\n|move|p2a: Amoonguss|Pollen Puff|p2: Palafin|[notarget]\n|-fail|p2a: Amoonguss\n|\n|upkeep\n|\n|t:|1682384784\n|switch|p2b: Arcanine|Arcanine, L50, F|100\/100\n|-ability|p2b: Arcanine|Intimidate|boost\n|-unboost|p1b: Ting-Lu|atk|1\n|turn|9\n|\n|t:|1682384796\n|move|p2b: Arcanine|Will-O-Wisp|p1b: Ting-Lu\n|-status|p1b: Ting-Lu|brn\n|move|p1b: Ting-Lu|Stomping Tantrum|p2b: Arcanine\n|-supereffective|p2b: Arcanine\n|-damage|p2b: Arcanine|55\/100\n|move|p2a: Amoonguss|Pollen Puff|p1b: Ting-Lu\n|-supereffective|p1b: Ting-Lu\n|-damage|p1b: Ting-Lu|86\/100 brn\n|\n|-damage|p1b: Ting-Lu|80\/100 brn|[from] brn\n|-end|p2a: Amoonguss|move: Taunt\n|upkeep\n|turn|10\n|inactive|Jjenkins has 30 seconds left.\n|\n|t:|1682384828\n|move|p2b: Arcanine|Protect|p2b: Arcanine\n|-singleturn|p2b: Arcanine|Protect\n|move|p2a: Amoonguss|Protect|p2a: Amoonguss\n|-singleturn|p2a: Amoonguss|Protect\n|move|p1b: Ting-Lu|Fissure|p2a: Amoonguss\n|-activate|p2a: Amoonguss|move: Protect\n|\n|-damage|p1b: Ting-Lu|74\/100 brn|[from] brn\n|upkeep\n|turn|11\n|\n|t:|1682384850\n|move|p2b: Arcanine|Flare Blitz|p1b: Ting-Lu\n|-damage|p1b: Ting-Lu|45\/100 brn\n|-damage|p2b: Arcanine|43\/100|[from] Recoil\n|move|p1b: Ting-Lu|Fissure|p2a: Amoonguss|[miss]\n|-miss|p1b: Ting-Lu|p2a: Amoonguss\n|move|p2a: Amoonguss|Pollen Puff|p1b: Ting-Lu\n|-supereffective|p1b: Ting-Lu\n|-damage|p1b: Ting-Lu|30\/100 brn\n|\n|-damage|p1b: Ting-Lu|24\/100 brn|[from] brn\n|upkeep\n|turn|12\n|-message|Pakulis forfeited.\n|\n|win|Jjenkins\n|raw|Pakulis's rating: 1118 → 1086<\/strong> (-32 for losing)\n|raw|Jjenkins's rating: 1015 → 1064<\/strong> (+49 for winning)\n|l|\u2606Pakulis\n","uploadtime":1682384868,"views":11,"p1id":"pakulis","p2id":"jjenkins","formatid":"gen9vgc2023regulationc","rating":1064,"private":0,"password":""}