{"id":"gen9vgc2023regulationc-1854303806","p1":"Robinrola","p2":"mattnot3","format":"[Gen 9] VGC 2023 Regulation C","log":"|j|\u2606Robinrola\n|j|\u2606mattnot3\n|t:|1682794722\n|gametype|doubles\n|player|p1|Robinrola|flannery|1376\n|player|p2|mattnot3|pokemonbreeder-gen4|1445\n|teamsize|p1|6\n|teamsize|p2|6\n|gen|9\n|tier|[Gen 9] VGC 2023 Regulation C\n|rated|\n|rule|Species Clause: Limit one of each Pok\u00e9mon\n|rule|Item Clause: Limit one of each item\n|clearpoke\n|poke|p1|Magnezone, L50|\n|poke|p1|Amoonguss, L50, F|\n|poke|p1|Flutter Mane, L50|\n|poke|p1|Tatsugiri, L50, M|\n|poke|p1|Dondozo, L50, M|\n|poke|p1|Ting-Lu, L50|\n|poke|p2|Chi-Yu, L50|\n|poke|p2|Flutter Mane, L50|\n|poke|p2|Scizor, L50, M|\n|poke|p2|Wo-Chien, L50|\n|poke|p2|Gyarados, L50, M|\n|poke|p2|Glimmora, L50, F|\n|teampreview|4\n|\n|t:|1682794801\n|start\n|switch|p1a: Magnezone|Magnezone, L50, shiny|100\/100\n|switch|p1b: Flutter Mane|Flutter Mane, L50|100\/100\n|switch|p2a: Scizor|Scizor, L50, M|100\/100\n|switch|p2b: Glimmora|Glimmora, L50, F|100\/100\n|-enditem|p1b: Flutter Mane|Booster Energy\n|-activate|p1b: Flutter Mane|ability: Protosynthesis|[fromitem]\n|-start|p1b: Flutter Mane|protosynthesisspa\n|turn|1\n|\n|t:|1682794837\n|-terastallize|p1a: Magnezone|Flying\n|move|p1b: Flutter Mane|Protect|p1b: Flutter Mane\n|-singleturn|p1b: Flutter Mane|Protect\n|move|p2a: Scizor|Protect|p2a: Scizor\n|-singleturn|p2a: Scizor|Protect\n|move|p2b: Glimmora|Earth Power|p1a: Magnezone\n|-immune|p1a: Magnezone\n|move|p1a: Magnezone|Flash Cannon|p2b: Glimmora\n|-supereffective|p2b: Glimmora\n|-damage|p2b: Glimmora|0 fnt\n|faint|p2b: Glimmora\n|\n|upkeep\n|\n|t:|1682794883\n|switch|p2b: Gyarados|Gyarados, L50, M|100\/100\n|-ability|p2b: Gyarados|Intimidate|boost\n|-unboost|p1a: Magnezone|atk|1\n|-unboost|p1b: Flutter Mane|atk|1\n|turn|2\n|\n|t:|1682794904\n|-end|p1b: Flutter Mane|Protosynthesis|[silent]\n|switch|p1b: Amoonguss|Amoonguss, L50, F, shiny|100\/100\n|switch|p1a: Ting-Lu|Ting-Lu, L50|100\/100\n|-ability|p1a: Ting-Lu|Vessel of Ruin\n|move|p2a: Scizor|Bullet Punch|p1b: Amoonguss\n|-damage|p1b: Amoonguss|72\/100\n|move|p2b: Gyarados|Whirlpool|p1a: Ting-Lu\n|-supereffective|p1a: Ting-Lu\n|-damage|p1a: Ting-Lu|92\/100\n|-activate|p1a: Ting-Lu|move: Whirlpool|[of] p2b: Gyarados\n|\n|-damage|p1a: Ting-Lu|79\/100|[from] move: Whirlpool|[partiallytrapped]\n|upkeep\n|turn|3\n|\n|t:|1682794928\n|move|p2b: Gyarados|Taunt|p1b: Amoonguss\n|-start|p1b: Amoonguss|move: Taunt\n|move|p2a: Scizor|U-turn|p1a: Ting-Lu\n|-supereffective|p1a: Ting-Lu\n|-damage|p1a: Ting-Lu|25\/100\n|-enditem|p1a: Ting-Lu|Sitrus Berry|[eat]\n|-heal|p1a: Ting-Lu|50\/100|[from] item: Sitrus Berry\n|\n|t:|1682794936\n|switch|p2a: Wo-Chien|Wo-Chien, L50|100\/100|[from] U-turn\n|-ability|p2a: Wo-Chien|Tablets of Ruin\n|move|p1a: Ting-Lu|Stomping Tantrum|p2a: Wo-Chien\n|-resisted|p2a: Wo-Chien\n|-damage|p2a: Wo-Chien|89\/100\n|cant|p1b: Amoonguss|move: Taunt|Spore\n|\n|-heal|p2a: Wo-Chien|95\/100|[from] item: Leftovers\n|-damage|p1a: Ting-Lu|38\/100|[from] move: Whirlpool|[partiallytrapped]\n|upkeep\n|turn|4\n|\n|t:|1682794951\n|switch|p2a: Scizor|Scizor, L50, M|100\/100\n|move|p2b: Gyarados|Whirlpool|p1b: Amoonguss\n|-resisted|p1b: Amoonguss\n|-crit|p1b: Amoonguss\n|-damage|p1b: Amoonguss|68\/100\n|-activate|p1b: Amoonguss|move: Whirlpool|[of] p2b: Gyarados\n|move|p1a: Ting-Lu|Body Press|p2a: Scizor\n|-damage|p2a: Scizor|77\/100\n|move|p1b: Amoonguss|Pollen Puff|p2a: Scizor\n|-resisted|p2a: Scizor\n|-damage|p2a: Scizor|69\/100\n|\n|-damage|p1a: Ting-Lu|25\/100|[from] move: Whirlpool|[partiallytrapped]\n|-damage|p1b: Amoonguss|55\/100|[from] move: Whirlpool|[partiallytrapped]\n|upkeep\n|turn|5\n|\n|t:|1682794971\n|move|p2b: Gyarados|Thunder Wave|p1b: Amoonguss\n|-status|p1b: Amoonguss|par\n|move|p2a: Scizor|Tailwind|p2a: Scizor\n|-sidestart|p2: mattnot3|move: Tailwind\n|move|p1a: Ting-Lu|Throat Chop|p2b: Gyarados\n|-damage|p2b: Gyarados|58\/100\n|-start|p2b: Gyarados|Throat Chop|[silent]\n|move|p1b: Amoonguss|Pollen Puff|p1a: Ting-Lu\n|-heal|p1a: Ting-Lu|75\/100\n|\n|-damage|p1a: Ting-Lu|63\/100|[from] move: Whirlpool|[partiallytrapped]\n|-damage|p1b: Amoonguss|43\/100 par|[from] move: Whirlpool|[partiallytrapped]\n|-end|p1b: Amoonguss|move: Taunt\n|upkeep\n|turn|6\n|\n|t:|1682794999\n|move|p2b: Gyarados|Taunt|p1b: Amoonguss\n|-start|p1b: Amoonguss|move: Taunt\n|move|p2a: Scizor|U-turn|p1a: Ting-Lu\n|-supereffective|p1a: Ting-Lu\n|-damage|p1a: Ting-Lu|10\/100\n|\n|t:|1682795004\n|switch|p2a: Wo-Chien|Wo-Chien, L50|95\/100|[from] U-turn\n|-ability|p2a: Wo-Chien|Tablets of Ruin\n|move|p1a: Ting-Lu|Throat Chop|p2b: Gyarados\n|-damage|p2b: Gyarados|27\/100\n|-enditem|p2b: Gyarados|Sitrus Berry|[eat]\n|-heal|p2b: Gyarados|52\/100|[from] item: Sitrus Berry\n|move|p1b: Amoonguss|Pollen Puff|p1a: Ting-Lu\n|-heal|p1a: Ting-Lu|60\/100\n|\n|-heal|p2a: Wo-Chien|100\/100|[from] item: Leftovers\n|-end|p1a: Ting-Lu|Whirlpool|[partiallytrapped]\n|-damage|p1b: Amoonguss|31\/100 par|[from] move: Whirlpool|[partiallytrapped]\n|-end|p2b: Gyarados|Throat Chop|[silent]\n|upkeep\n|turn|7\n|\n|t:|1682795029\n|move|p2b: Gyarados|Waterfall|p1a: Ting-Lu\n|-supereffective|p1a: Ting-Lu\n|-damage|p1a: Ting-Lu|28\/100\n|move|p2a: Wo-Chien|Substitute|p2a: Wo-Chien\n|-start|p2a: Wo-Chien|Substitute\n|-damage|p2a: Wo-Chien|75\/100\n|move|p1a: Ting-Lu|Throat Chop|p2b: Gyarados\n|-damage|p2b: Gyarados|19\/100\n|-start|p2b: Gyarados|Throat Chop|[silent]\n|move|p1b: Amoonguss|Pollen Puff|p1a: Ting-Lu\n|-heal|p1a: Ting-Lu|78\/100\n|\n|-heal|p2a: Wo-Chien|82\/100|[from] item: Leftovers\n|-damage|p1b: Amoonguss|18\/100 par|[from] move: Whirlpool|[partiallytrapped]\n|upkeep\n|-enditem|p1b: Amoonguss|Wiki Berry|[eat]\n|-heal|p1b: Amoonguss|52\/100 par|[from] item: Wiki Berry\n|turn|8\n|\n|t:|1682795064\n|move|p2b: Gyarados|Waterfall|p1a: Ting-Lu\n|-supereffective|p1a: Ting-Lu\n|-damage|p1a: Ting-Lu|47\/100\n|move|p2a: Wo-Chien|Leech Seed|p1a: Ting-Lu\n|-start|p1a: Ting-Lu|move: Leech Seed\n|cant|p1a: Ting-Lu|flinch\n|move|p1b: Amoonguss|Pollen Puff|p1a: Ting-Lu\n|-heal|p1a: Ting-Lu|97\/100\n|\n|-heal|p2a: Wo-Chien|88\/100|[from] item: Leftovers\n|-damage|p1a: Ting-Lu|85\/100|[from] Leech Seed|[of] p2a: Wo-Chien\n|-heal|p2a: Wo-Chien|100\/100|[silent]\n|-end|p1b: Amoonguss|Whirlpool|[partiallytrapped]\n|-end|p1b: Amoonguss|move: Taunt\n|-end|p2b: Gyarados|Throat Chop|[silent]\n|-sideend|p2: mattnot3|move: Tailwind\n|upkeep\n|turn|9\n|\n|t:|1682795086\n|move|p2b: Gyarados|Taunt|p1b: Amoonguss\n|-start|p1b: Amoonguss|move: Taunt\n|move|p2a: Wo-Chien|Pollen Puff|p2b: Gyarados\n|-heal|p2b: Gyarados|69\/100\n|move|p1a: Ting-Lu|Throat Chop|p2b: Gyarados\n|-damage|p2b: Gyarados|36\/100\n|-start|p2b: Gyarados|Throat Chop|[silent]\n|move|p1b: Amoonguss|Pollen Puff|p2a: Wo-Chien\n|-supereffective|p2a: Wo-Chien\n|-end|p2a: Wo-Chien|Substitute\n|\n|-damage|p1a: Ting-Lu|72\/100|[from] Leech Seed|[of] p2a: Wo-Chien\n|upkeep\n|turn|10\n|\n|t:|1682795111\n|switch|p1a: Flutter Mane|Flutter Mane, L50|100\/100\n|move|p2b: Gyarados|Waterfall|p1a: Flutter Mane\n|-crit|p1a: Flutter Mane\n|-damage|p1a: Flutter Mane|47\/100\n|move|p2a: Wo-Chien|Substitute|p2a: Wo-Chien\n|-start|p2a: Wo-Chien|Substitute\n|-damage|p2a: Wo-Chien|75\/100\n|cant|p1b: Amoonguss|par\n|\n|-heal|p2a: Wo-Chien|82\/100|[from] item: Leftovers\n|-end|p2b: Gyarados|Throat Chop|[silent]\n|upkeep\n|turn|11\n|\n|t:|1682795137\n|-terastallize|p2a: Wo-Chien|Poison\n|move|p1a: Flutter Mane|Dazzling Gleam|p2a: Wo-Chien|[spread] p2a,p2b\n|-resisted|p2a: Wo-Chien\n|-activate|p2a: Wo-Chien|move: Substitute|[damage]\n|-damage|p2b: Gyarados|16\/100\n|move|p2b: Gyarados|Waterfall|p1a: Flutter Mane\n|-damage|p1a: Flutter Mane|15\/100\n|move|p2a: Wo-Chien|Leech Seed|p1a: Flutter Mane\n|-start|p1a: Flutter Mane|move: Leech Seed\n|move|p1b: Amoonguss|Pollen Puff|p1a: Flutter Mane\n|-heal|p1a: Flutter Mane|65\/100\n|\n|-heal|p2a: Wo-Chien|88\/100|[from] item: Leftovers\n|-damage|p1a: Flutter Mane|53\/100|[from] Leech Seed|[of] p2a: Wo-Chien\n|-heal|p2a: Wo-Chien|98\/100|[silent]\n|-end|p1b: Amoonguss|move: Taunt\n|upkeep\n|turn|12\n|\n|t:|1682795205\n|switch|p2b: Scizor|Scizor, L50, M|69\/100\n|move|p1a: Flutter Mane|Dazzling Gleam|p2b: Scizor|[spread] p2a,p2b\n|-resisted|p2a: Wo-Chien\n|-activate|p2a: Wo-Chien|move: Substitute|[damage]\n|-resisted|p2b: Scizor\n|-damage|p2b: Scizor|51\/100\n|move|p2a: Wo-Chien|Pollen Puff|p1b: Amoonguss\n|-damage|p1b: Amoonguss|35\/100 par\n|move|p1b: Amoonguss|Pollen Puff|p1a: Flutter Mane\n|-heal|p1a: Flutter Mane|100\/100\n|\n|-heal|p2a: Wo-Chien|100\/100|[from] item: Leftovers\n|-damage|p1a: Flutter Mane|88\/100|[from] Leech Seed|[of] p2a: Wo-Chien\n|upkeep\n|turn|13\n|\n|t:|1682795231\n|move|p1a: Flutter Mane|Protect|p1a: Flutter Mane\n|-singleturn|p1a: Flutter Mane|Protect\n|move|p2b: Scizor|Bullet Punch|p1a: Flutter Mane\n|-activate|p1a: Flutter Mane|move: Protect\n|move|p2a: Wo-Chien|Pollen Puff|p2b: Scizor\n|-heal|p2b: Scizor|100\/100\n|cant|p1b: Amoonguss|par\n|\n|-damage|p1a: Flutter Mane|75\/100|[from] Leech Seed|[of] p2a: Wo-Chien\n|upkeep\n|turn|14\n|\n|t:|1682795280\n|-end|p1a: Flutter Mane|Protosynthesis|[silent]\n|switch|p1a: Magnezone|Magnezone, L50, shiny, tera:Flying|100\/100\n|move|p2a: Wo-Chien|Leech Seed|p1a: Magnezone\n|-start|p1a: Magnezone|move: Leech Seed\n|move|p2b: Scizor|U-turn|p1b: Amoonguss\n|-damage|p1b: Amoonguss|12\/100 par\n|\n|t:|1682795286\n|switch|p2b: Gyarados|Gyarados, L50, M|16\/100|[from] U-turn\n|-ability|p2b: Gyarados|Intimidate|boost\n|-unboost|p1a: Magnezone|atk|1\n|-unboost|p1b: Amoonguss|atk|1\n|move|p1b: Amoonguss|Spore|p2b: Gyarados\n|-status|p2b: Gyarados|slp|[from] move: Spore\n|\n|-damage|p1a: Magnezone|88\/100|[from] Leech Seed|[of] p2a: Wo-Chien\n|upkeep\n|turn|15\n|\n|t:|1682795313\n|switch|p1b: Ting-Lu|Ting-Lu, L50|72\/100\n|-ability|p1b: Ting-Lu|Vessel of Ruin\n|cant|p2b: Gyarados|slp\n|move|p2a: Wo-Chien|Pollen Puff|p1b: Ting-Lu\n|-supereffective|p1b: Ting-Lu\n|-damage|p1b: Ting-Lu|50\/100\n|move|p1a: Magnezone|Thunderbolt|p2b: Gyarados\n|-supereffective|p2b: Gyarados\n|-damage|p2b: Gyarados|0 fnt\n|faint|p2b: Gyarados\n|\n|-damage|p1a: Magnezone|76\/100|[from] Leech Seed|[of] p2a: Wo-Chien\n|upkeep\n|\n|t:|1682795325\n|switch|p2b: Scizor|Scizor, L50, M|100\/100\n|turn|16\n|\n|t:|1682795357\n|move|p2a: Wo-Chien|Leech Seed|p1b: Ting-Lu\n|-start|p1b: Ting-Lu|move: Leech Seed\n|move|p2b: Scizor|U-turn|p1b: Ting-Lu\n|-supereffective|p1b: Ting-Lu\n|-damage|p1b: Ting-Lu|11\/100\n|move|p1a: Magnezone|Thunderbolt|p2b: Scizor\n|-crit|p2b: Scizor\n|-damage|p2b: Scizor|2\/100\n|move|p1b: Ting-Lu|Throat Chop|p2b: Scizor\n|-damage|p2b: Scizor|0 fnt\n|faint|p2b: Scizor\n|\n|-damage|p1a: Magnezone|63\/100|[from] Leech Seed|[of] p2a: Wo-Chien\n|-damage|p1b: Ting-Lu|0 fnt|[from] Leech Seed|[of] p2a: Wo-Chien\n|faint|p1b: Ting-Lu\n|upkeep\n|\n|t:|1682795371\n|switch|p1b: Amoonguss|Amoonguss, L50, F, shiny|45\/100 par\n|turn|17\n|\n|t:|1682795385\n|move|p2a: Wo-Chien|Pollen Puff|p1b: Amoonguss\n|-damage|p1b: Amoonguss|28\/100 par\n|move|p1a: Magnezone|Thunderbolt|p2a: Wo-Chien\n|-end|p2a: Wo-Chien|Substitute\n|cant|p1b: Amoonguss|par\n|\n|-damage|p1a: Magnezone|51\/100|[from] Leech Seed|[of] p2a: Wo-Chien\n|upkeep\n|turn|18\n|\n|t:|1682795395\n|move|p2a: Wo-Chien|Substitute|p2a: Wo-Chien\n|-start|p2a: Wo-Chien|Substitute\n|-damage|p2a: Wo-Chien|75\/100\n|move|p1a: Magnezone|Thunderbolt|p2a: Wo-Chien\n|-end|p2a: Wo-Chien|Substitute\n|move|p1b: Amoonguss|Spore|p2a: Wo-Chien\n|-status|p2a: Wo-Chien|slp|[from] move: Spore\n|\n|-heal|p2a: Wo-Chien|82\/100 slp|[from] item: Leftovers\n|-damage|p1a: Magnezone|38\/100|[from] Leech Seed|[of] p2a: Wo-Chien\n|-heal|p2a: Wo-Chien|93\/100 slp|[silent]\n|upkeep\n|turn|19\n|\n|t:|1682795408\n|cant|p2a: Wo-Chien|slp\n|move|p1a: Magnezone|Thunderbolt|p2a: Wo-Chien\n|-damage|p2a: Wo-Chien|43\/100 slp\n|move|p1b: Amoonguss|Pollen Puff|p1a: Magnezone\n|-heal|p1a: Magnezone|88\/100\n|\n|-heal|p2a: Wo-Chien|49\/100 slp|[from] item: Leftovers\n|-damage|p1a: Magnezone|76\/100|[from] Leech Seed|[of] p2a: Wo-Chien\n|-heal|p2a: Wo-Chien|60\/100 slp|[silent]\n|upkeep\n|turn|20\n|\n|t:|1682795421\n|switch|p1b: Flutter Mane|Flutter Mane, L50|75\/100\n|cant|p2a: Wo-Chien|slp\n|move|p1a: Magnezone|Thunderbolt|p2a: Wo-Chien\n|-damage|p2a: Wo-Chien|0 fnt\n|faint|p2a: Wo-Chien\n|\n|win|Robinrola\n|raw|Robinrola's rating: 1376 → 1400<\/strong> (+24 for winning)\n|raw|mattnot3's rating: 1445 → 1421<\/strong> (-24 for losing)\n|c|\u2606mattnot3|gg\n|c|\u2606Robinrola|gg\n|c|\u2606Robinrola|longest game of gen 9 haha\n","uploadtime":1682795456,"views":16,"p1id":"robinrola","p2id":"mattnot3","formatid":"gen9vgc2023regulationc","rating":1400,"private":0,"password":""}