{"id":"gen9vgc2023regulationc-1850071762","p1":"ketita","p2":"bigkarpfan8001","format":"[Gen 9] VGC 2023 Regulation C","log":"|j|\u2606ketita\n|j|\u2606bigkarpfan8001\n|t:|1682284071\n|gametype|doubles\n|player|p1|ketita|265|1052\n|player|p2|bigkarpfan8001|fisherman-gen4|1073\n|teamsize|p1|6\n|teamsize|p2|6\n|gen|9\n|tier|[Gen 9] VGC 2023 Regulation C\n|rated|\n|rule|Species Clause: Limit one of each Pok\u00e9mon\n|rule|Item Clause: Limit one of each item\n|clearpoke\n|poke|p1|Klawf, L50, F|\n|poke|p1|Tyranitar, L50, F|\n|poke|p1|Ting-Lu, L50|\n|poke|p1|Corviknight, L50, F|\n|poke|p1|Espathra, L50, F|\n|poke|p1|Toedscruel, L50, F|\n|poke|p2|Arboliva, L50, M|\n|poke|p2|Gyarados, L50, F|\n|poke|p2|Ceruledge, L50, F|\n|poke|p2|Iron Thorns, L50|\n|poke|p2|Talonflame, L50, F|\n|poke|p2|Arcanine, L50, M|\n|teampreview|4\n|inactive|Battle timer is ON: inactive players will automatically lose when time's up. (requested by ketita)\n|\n|t:|1682284151\n|start\n|switch|p1a: Tyranitar|Tyranitar, L50, F|100\/100\n|switch|p1b: Toedscruel|Toedscruel, L50, F|100\/100\n|switch|p2a: Talonflame|Talonflame, L50, F|100\/100\n|switch|p2b: Arcanine|Arcanine, L50, M|100\/100\n|-ability|p2b: Arcanine|Intimidate|boost\n|-unboost|p1a: Tyranitar|atk|1\n|-unboost|p1b: Toedscruel|atk|1\n|-weather|Sandstorm|[from] ability: Sand Stream|[of] p1a: Tyranitar\n|turn|1\n|\n|t:|1682284171\n|switch|p2b: Arboliva|Arboliva, L50, M|100\/100\n|move|p2a: Talonflame|Protect|p2a: Talonflame\n|-singleturn|p2a: Talonflame|Protect\n|move|p1b: Toedscruel|Rage Powder|p1b: Toedscruel\n|-singleturn|p1b: Toedscruel|move: Rage Powder\n|move|p1a: Tyranitar|Rock Slide|p2b: Arboliva|[spread] p2b\n|-activate|p2a: Talonflame|move: Protect\n|-damage|p2b: Arboliva|81\/100\n|-fieldstart|move: Grassy Terrain|[from] ability: Seed Sower|[of] p2b: Arboliva\n|-damage|p1a: Tyranitar|90\/100|[from] item: Life Orb\n|\n|-weather|Sandstorm|[upkeep]\n|-damage|p2b: Arboliva|75\/100|[from] Sandstorm\n|-heal|p1a: Tyranitar|96\/100|[from] Grassy Terrain\n|-heal|p2b: Arboliva|81\/100|[from] Grassy Terrain\n|-heal|p2b: Arboliva|87\/100|[from] item: Leftovers\n|upkeep\n|turn|2\n|\n|t:|1682284190\n|switch|p1a: Ting-Lu|Ting-Lu, L50|100\/100\n|-ability|p1a: Ting-Lu|Vessel of Ruin\n|move|p2a: Talonflame|Will-O-Wisp|p1a: Ting-Lu\n|-status|p1a: Ting-Lu|brn\n|move|p2b: Arboliva|Leech Seed|p1a: Ting-Lu\n|-start|p1a: Ting-Lu|move: Leech Seed\n|move|p1b: Toedscruel|Spore|p2a: Talonflame\n|-activate|p2a: Talonflame|item: Safety Goggles|Spore\n|\n|-weather|Sandstorm|[upkeep]\n|-damage|p2b: Arboliva|81\/100|[from] Sandstorm\n|-heal|p2b: Arboliva|87\/100|[from] Grassy Terrain\n|-heal|p2b: Arboliva|93\/100|[from] item: Leftovers\n|-damage|p1a: Ting-Lu|88\/100 brn|[from] Leech Seed|[of] p2b: Arboliva\n|-heal|p2b: Arboliva|100\/100|[silent]\n|-damage|p1a: Ting-Lu|82\/100 brn|[from] brn\n|upkeep\n|turn|3\n|\n|t:|1682284209\n|move|p2b: Arboliva|Helping Hand|p2a: Talonflame\n|-singleturn|p2a: Talonflame|Helping Hand|[of] p2b: Arboliva\n|move|p1b: Toedscruel|Rage Powder|p1b: Toedscruel\n|-singleturn|p1b: Toedscruel|move: Rage Powder\n|move|p2a: Talonflame|Brave Bird|p1b: Toedscruel\n|-supereffective|p1b: Toedscruel\n|-damage|p1b: Toedscruel|7\/100\n|-damage|p2a: Talonflame|72\/100|[from] Recoil\n|move|p1a: Ting-Lu|Fissure|p2b: Arboliva|[miss]\n|-miss|p1a: Ting-Lu|p2b: Arboliva\n|\n|-weather|Sandstorm|[upkeep]\n|-damage|p2b: Arboliva|95\/100|[from] Sandstorm\n|-heal|p1b: Toedscruel|13\/100|[from] Grassy Terrain\n|-heal|p1b: Toedscruel|18\/100|[from] item: Leftovers\n|-heal|p1a: Ting-Lu|88\/100 brn|[from] Grassy Terrain\n|-heal|p2b: Arboliva|100\/100|[from] Grassy Terrain\n|-damage|p1a: Ting-Lu|76\/100 brn|[from] Leech Seed|[of] p2b: Arboliva\n|-damage|p1a: Ting-Lu|70\/100 brn|[from] brn\n|upkeep\n|turn|4\n|\n|t:|1682284229\n|move|p1b: Toedscruel|Protect|p1b: Toedscruel\n|-singleturn|p1b: Toedscruel|Protect\n|move|p2a: Talonflame|Tailwind|p2a: Talonflame\n|-sidestart|p2: bigkarpfan8001|move: Tailwind\n|move|p2b: Arboliva|Pollen Puff|p1b: Toedscruel\n|-activate|p1b: Toedscruel|move: Protect\n|move|p1a: Ting-Lu|Fissure|p2b: Arboliva|[miss]\n|-miss|p1a: Ting-Lu|p2b: Arboliva\n|\n|-weather|Sandstorm|[upkeep]\n|-damage|p2b: Arboliva|95\/100|[from] Sandstorm\n|-heal|p1b: Toedscruel|24\/100|[from] Grassy Terrain\n|-heal|p1b: Toedscruel|30\/100|[from] item: Leftovers\n|-heal|p2b: Arboliva|100\/100|[from] Grassy Terrain\n|-heal|p1a: Ting-Lu|76\/100 brn|[from] Grassy Terrain\n|-damage|p1a: Ting-Lu|64\/100 brn|[from] Leech Seed|[of] p2b: Arboliva\n|-damage|p1a: Ting-Lu|58\/100 brn|[from] brn\n|upkeep\n|turn|5\n|\n|t:|1682284254\n|move|p1b: Toedscruel|Rage Powder|p1b: Toedscruel\n|-singleturn|p1b: Toedscruel|move: Rage Powder\n|move|p2a: Talonflame|Brave Bird|p1b: Toedscruel\n|-supereffective|p1b: Toedscruel\n|-damage|p1b: Toedscruel|0 fnt\n|faint|p1b: Toedscruel\n|-damage|p2a: Talonflame|63\/100|[from] Recoil\n|move|p2b: Arboliva|Pollen Puff|p1a: Ting-Lu\n|-supereffective|p1a: Ting-Lu\n|-damage|p1a: Ting-Lu|38\/100 brn\n|move|p1a: Ting-Lu|Fissure|p2b: Arboliva|[miss]\n|-miss|p1a: Ting-Lu|p2b: Arboliva\n|\n|-weather|none\n|-heal|p1a: Ting-Lu|44\/100 brn|[from] Grassy Terrain\n|-damage|p1a: Ting-Lu|32\/100 brn|[from] Leech Seed|[of] p2b: Arboliva\n|-damage|p1a: Ting-Lu|26\/100 brn|[from] brn\n|-fieldend|move: Grassy Terrain\n|upkeep\n|\n|t:|1682284268\n|switch|p1b: Tyranitar|Tyranitar, L50, F|96\/100\n|-weather|Sandstorm|[from] ability: Sand Stream|[of] p1b: Tyranitar\n|turn|6\n|\n|t:|1682284280\n|-terastallize|p1b: Tyranitar|Water\n|move|p2a: Talonflame|Will-O-Wisp|p1b: Tyranitar|[miss]\n|-miss|p2a: Talonflame|p1b: Tyranitar\n|move|p2b: Arboliva|Strength Sap|p1b: Tyranitar\n|-unboost|p1b: Tyranitar|atk|1\n|move|p1b: Tyranitar|Rock Slide|p2a: Talonflame|[spread] p2a,p2b\n|-supereffective|p2a: Talonflame\n|-damage|p2a: Talonflame|0 fnt\n|-damage|p2b: Arboliva|81\/100\n|-fieldstart|move: Grassy Terrain|[from] ability: Seed Sower|[of] p2b: Arboliva\n|faint|p2a: Talonflame\n|-damage|p1b: Tyranitar|86\/100|[from] item: Life Orb\n|move|p1a: Ting-Lu|Fissure|p2b: Arboliva|[miss]\n|-miss|p1a: Ting-Lu|p2b: Arboliva\n|\n|-weather|Sandstorm|[upkeep]\n|-damage|p2b: Arboliva|75\/100|[from] Sandstorm\n|-damage|p1b: Tyranitar|80\/100|[from] Sandstorm\n|-heal|p2b: Arboliva|81\/100|[from] Grassy Terrain\n|-heal|p2b: Arboliva|87\/100|[from] item: Leftovers\n|-heal|p1b: Tyranitar|86\/100|[from] Grassy Terrain\n|-heal|p1a: Ting-Lu|32\/100 brn|[from] Grassy Terrain\n|-damage|p1a: Ting-Lu|20\/100 brn|[from] Leech Seed|[of] p2b: Arboliva\n|-heal|p2b: Arboliva|100\/100|[silent]\n|-damage|p1a: Ting-Lu|13\/100 brn|[from] brn\n|upkeep\n|\n|t:|1682284294\n|switch|p2a: Ceruledge|Ceruledge, L50, F|100\/100\n|turn|7\n|\n|t:|1682284309\n|-terastallize|p2a: Ceruledge|Grass\n|move|p2a: Ceruledge|Tera Blast|p1b: Tyranitar\n|-supereffective|p1b: Tyranitar\n|-damage|p1b: Tyranitar|0 fnt\n|faint|p1b: Tyranitar\n|move|p2b: Arboliva|Pollen Puff|p1a: Ting-Lu\n|-supereffective|p1a: Ting-Lu\n|-damage|p1a: Ting-Lu|0 fnt\n|faint|p1a: Ting-Lu\n|\n|-weather|Sandstorm|[upkeep]\n|-damage|p2a: Ceruledge|95\/100|[from] Sandstorm\n|-damage|p2b: Arboliva|95\/100|[from] Sandstorm\n|-heal|p2a: Ceruledge|100\/100|[from] Grassy Terrain\n|-heal|p2b: Arboliva|100\/100|[from] Grassy Terrain\n|-sideend|p2: bigkarpfan8001|move: Tailwind\n|upkeep\n|\n|t:|1682284319\n|switch|p1b: Espathra|Espathra, L50, F|100\/100\n|turn|8\n|\n|t:|1682284330\n|move|p2b: Arboliva|Helping Hand|p2a: Ceruledge\n|-singleturn|p2a: Ceruledge|Helping Hand|[of] p2b: Arboliva\n|move|p1b: Espathra|Protect|p1b: Espathra\n|-singleturn|p1b: Espathra|Protect\n|move|p2a: Ceruledge|Tera Blast|p1b: Espathra\n|-activate|p1b: Espathra|move: Protect\n|\n|-weather|Sandstorm|[upkeep]\n|-damage|p1b: Espathra|95\/100|[from] Sandstorm\n|-damage|p2a: Ceruledge|95\/100|[from] Sandstorm\n|-damage|p2b: Arboliva|95\/100|[from] Sandstorm\n|-heal|p1b: Espathra|100\/100|[from] Grassy Terrain\n|-heal|p2a: Ceruledge|100\/100|[from] Grassy Terrain\n|-heal|p2b: Arboliva|100\/100|[from] Grassy Terrain\n|-ability|p1b: Espathra|Speed Boost|boost\n|-boost|p1b: Espathra|spe|1\n|upkeep\n|turn|9\n|\n|t:|1682284341\n|move|p2b: Arboliva|Helping Hand|p2a: Ceruledge\n|-singleturn|p2a: Ceruledge|Helping Hand|[of] p2b: Arboliva\n|move|p1b: Espathra|Lumina Crash|p2a: Ceruledge\n|-damage|p2a: Ceruledge|64\/100\n|move|p2a: Ceruledge|Tera Blast|p1b: Espathra\n|-damage|p1b: Espathra|0 fnt\n|faint|p1b: Espathra\n|\n|win|bigkarpfan8001\n|raw|ketita's rating: 1052 → 1035<\/strong> (-17 for losing)\n|raw|bigkarpfan8001's rating: 1073 → 1100<\/strong> (+27 for winning)\n|l|\u2606ketita\n","uploadtime":1682284353,"views":15,"p1id":"ketita","p2id":"bigkarpfan8001","formatid":"gen9vgc2023regulationc","rating":1035,"private":0,"password":""}