{"id":"gen9vgc2023regulationc-1848430265","p1":"bgf1","p2":"memeshe","format":"[Gen 9] VGC 2023 Regulation C","log":"|j|\u2606bgf1\n|j|\u2606memeshe\n|t:|1682077107\n|gametype|doubles\n|player|p1|bgf1|bruno|1120\n|player|p2|memeshe|170|1050\n|teamsize|p1|6\n|teamsize|p2|6\n|gen|9\n|tier|[Gen 9] VGC 2023 Regulation C\n|rated|\n|rule|Species Clause: Limit one of each Pok\u00e9mon\n|rule|Item Clause: Limit one of each item\n|clearpoke\n|poke|p1|Roaring Moon, L50|\n|poke|p1|Flutter Mane, L50|\n|poke|p1|Palafin, L50, M|\n|poke|p1|Amoonguss, L50, M|\n|poke|p1|Baxcalibur, L50, M|\n|poke|p1|Murkrow, L50, M|\n|poke|p2|Drifblim, L50, F|\n|poke|p2|Squawkabilly, L50, M|\n|poke|p2|Gothitelle, L50, M|\n|poke|p2|Klefki, L50, F|\n|poke|p2|Magnezone, L50|\n|poke|p2|Flutter Mane, L50|\n|teampreview|4\n|inactive|Battle timer is ON: inactive players will automatically lose when time's up. (requested by memeshe)\n|inactive|bgf1 also wants the timer to be on.\n|inactive|bgf1 has 60 seconds left.\n|\n|t:|1682077138\n|start\n|switch|p1a: Crosses|Murkrow, L50, M, shiny|100\/100\n|switch|p1b: Roaring Moon|Roaring Moon, L50|100\/100\n|switch|p2a: Flutter Mane|Flutter Mane, L50, shiny|100\/100\n|switch|p2b: Squawkabilly|Squawkabilly, L50, M, shiny|100\/100\n|-ability|p2b: Squawkabilly|Intimidate|boost\n|-unboost|p1a: Crosses|atk|1\n|-unboost|p1b: Roaring Moon|atk|1\n|turn|1\n|\n|t:|1682077152\n|-terastallize|p1b: Roaring Moon|Steel\n|move|p2a: Flutter Mane|Protect|p2a: Flutter Mane\n|-singleturn|p2a: Flutter Mane|Protect\n|move|p1a: Crosses|Sunny Day|p1a: Crosses\n|-weather|SunnyDay\n|-activate|p2a: Flutter Mane|ability: Protosynthesis\n|-start|p2a: Flutter Mane|protosynthesisspe\n|-activate|p1b: Roaring Moon|ability: Protosynthesis\n|-start|p1b: Roaring Moon|protosynthesisspe\n|move|p1b: Roaring Moon|Iron Head|p2a: Flutter Mane\n|-activate|p2a: Flutter Mane|move: Protect\n|move|p2b: Squawkabilly|Parting Shot|p1b: Roaring Moon\n|-unboost|p1b: Roaring Moon|atk|1\n|-unboost|p1b: Roaring Moon|spa|1\n|inactive|memeshe has 30 seconds left.\n|\n|t:|1682077177\n|switch|p2b: Gothitelle|Gothitelle, L50, M, shiny|100\/100|[from] Parting Shot\n|\n|-weather|SunnyDay|[upkeep]\n|upkeep\n|turn|2\n|\n|t:|1682077194\n|move|p2b: Gothitelle|Fake Out|p1b: Roaring Moon\n|-resisted|p1b: Roaring Moon\n|-damage|p1b: Roaring Moon|98\/100\n|move|p1a: Crosses|Haze|p1a: Crosses\n|-clearallboost\n|move|p2a: Flutter Mane|Perish Song|p2a: Flutter Mane\n|-start|p1a: Crosses|perish3|[silent]\n|-start|p1b: Roaring Moon|perish3|[silent]\n|-start|p2a: Flutter Mane|perish3|[silent]\n|-start|p2b: Gothitelle|perish3|[silent]\n|-fieldactivate|move: Perish Song\n|cant|p1b: Roaring Moon|flinch\n|\n|-weather|SunnyDay|[upkeep]\n|-start|p2a: Flutter Mane|perish3\n|-start|p1b: Roaring Moon|perish3\n|-start|p1a: Crosses|perish3\n|-start|p2b: Gothitelle|perish3\n|upkeep\n|turn|3\n|\n|t:|1682077209\n|move|p2a: Flutter Mane|Protect|p2a: Flutter Mane\n|-singleturn|p2a: Flutter Mane|Protect\n|move|p2b: Gothitelle|Protect|p2b: Gothitelle\n|-singleturn|p2b: Gothitelle|Protect\n|move|p1a: Crosses|Tailwind|p1a: Crosses\n|-sidestart|p1: bgf1|move: Tailwind\n|move|p1b: Roaring Moon|Earthquake|p2b: Gothitelle|[spread] \n|-activate|p2a: Flutter Mane|move: Protect\n|-activate|p2b: Gothitelle|move: Protect\n|-immune|p1a: Crosses\n|\n|-weather|SunnyDay|[upkeep]\n|-start|p1b: Roaring Moon|perish2\n|-start|p2a: Flutter Mane|perish2\n|-start|p1a: Crosses|perish2\n|-start|p2b: Gothitelle|perish2\n|upkeep\n|turn|4\n|inactive|memeshe has 30 seconds left.\n|inactive|memeshe has 20 seconds left.\n|inactive|memeshe has 15 seconds left.\n|\n|t:|1682077252\n|-end|p2a: Flutter Mane|Protosynthesis|[silent]\n|switch|p2a: Squawkabilly|Squawkabilly, L50, M, shiny|100\/100\n|-ability|p2a: Squawkabilly|Intimidate|boost\n|-unboost|p1a: Crosses|atk|1\n|-unboost|p1b: Roaring Moon|atk|1\n|-terastallize|p2b: Gothitelle|Water\n|move|p1b: Roaring Moon|Earthquake|p2b: Gothitelle|[spread] p2b\n|-immune|p1a: Crosses\n|-immune|p2a: Squawkabilly\n|-damage|p2b: Gothitelle|83\/100\n|move|p1a: Crosses|Foul Play|p2b: Gothitelle\n|-damage|p2b: Gothitelle|64\/100\n|move|p2b: Gothitelle|Heal Pulse|p2a: Squawkabilly\n|-fail|p2a: Squawkabilly|heal\n|\n|-weather|SunnyDay|[upkeep]\n|-start|p1b: Roaring Moon|perish1\n|-start|p1a: Crosses|perish1\n|-start|p2b: Gothitelle|perish1\n|upkeep\n|turn|5\n|inactive|memeshe has 30 seconds left.\n|\n|t:|1682077280\n|switch|p2b: Klefki|Klefki, L50, F, shiny|100\/100\n|move|p1a: Crosses|Haze|p1a: Crosses\n|-clearallboost\n|move|p1b: Roaring Moon|Throat Chop|p2b: Klefki\n|-resisted|p2b: Klefki\n|-damage|p2b: Klefki|75\/100\n|-start|p2b: Klefki|Throat Chop|[silent]\n|-enditem|p2b: Klefki|Eject Button\n|\n|t:|1682077294\n|switch|p2b: Flutter Mane|Flutter Mane, L50, shiny|100\/100\n|-activate|p2b: Flutter Mane|ability: Protosynthesis\n|-start|p2b: Flutter Mane|protosynthesisspe\n|move|p2a: Squawkabilly|Parting Shot|p1b: Roaring Moon\n|-unboost|p1b: Roaring Moon|atk|1\n|-unboost|p1b: Roaring Moon|spa|1\n|\n|t:|1682077303\n|switch|p2a: Gothitelle|Gothitelle, L50, M, shiny, tera:Water|64\/100|[from] Parting Shot\n|\n|-weather|none\n|-end|p1b: Roaring Moon|Protosynthesis\n|-end|p2b: Flutter Mane|Protosynthesis\n|-start|p1b: Roaring Moon|perish0\n|-start|p1a: Crosses|perish0\n|faint|p1b: Roaring Moon\n|-end|p1b: Roaring Moon|Protosynthesis|[silent]\n|faint|p1a: Crosses\n|upkeep\n|\n|t:|1682077308\n|switch|p1b: Flyleaf|Flutter Mane, L50|100\/100\n|switch|p1a: Emarosa|Baxcalibur, L50, M|100\/100\n|turn|6\n|\n|t:|1682077320\n|move|p2a: Gothitelle|Fake Out|p1a: Emarosa\n|-damage|p1a: Emarosa|96\/100\n|cant|p1a: Emarosa|flinch\n|move|p1b: Flyleaf|Thunderbolt|p2b: Flutter Mane\n|-damage|p2b: Flutter Mane|57\/100\n|move|p2b: Flutter Mane|Perish Song|p2b: Flutter Mane\n|-start|p1a: Emarosa|perish3|[silent]\n|-start|p1b: Flyleaf|perish3|[silent]\n|-start|p2a: Gothitelle|perish3|[silent]\n|-start|p2b: Flutter Mane|perish3|[silent]\n|-fieldactivate|move: Perish Song\n|\n|-start|p1b: Flyleaf|perish3\n|-start|p1a: Emarosa|perish3\n|-start|p2b: Flutter Mane|perish3\n|-start|p2a: Gothitelle|perish3\n|-sideend|p1: bgf1|move: Tailwind\n|upkeep\n|turn|7\n|\n|t:|1682077335\n|move|p2b: Flutter Mane|Protect|p2b: Flutter Mane\n|-singleturn|p2b: Flutter Mane|Protect\n|move|p2a: Gothitelle|Protect|p2a: Gothitelle\n|-singleturn|p2a: Gothitelle|Protect\n|move|p1b: Flyleaf|Thunderbolt|p2a: Gothitelle\n|-activate|p2a: Gothitelle|move: Protect\n|move|p1a: Emarosa|Icicle Crash|p2b: Flutter Mane\n|-activate|p2b: Flutter Mane|move: Protect\n|\n|-start|p2b: Flutter Mane|perish2\n|-start|p1b: Flyleaf|perish2\n|-start|p1a: Emarosa|perish2\n|-start|p2a: Gothitelle|perish2\n|upkeep\n|turn|8\n|inactive|bgf1 has 30 seconds left.\n|-message|bgf1 forfeited.\n|\n|win|memeshe\n|raw|bgf1's rating: 1120 → 1090<\/strong> (-30 for losing)\n|raw|memeshe's rating: 1050 → 1089<\/strong> (+39 for winning)\n|l|\u2606bgf1\n","uploadtime":1682077439,"views":13,"p1id":"bgf1","p2id":"memeshe","formatid":"gen9vgc2023regulationc","rating":1089,"private":0,"password":""}