{"id":"gen9vgc2023regulationc-1860877839","p1":"gabiche","p2":"Smaller Kevin","format":"[Gen 9] VGC 2023 Regulation C","log":"|j|\u2606gabiche\n|j|\u2606Smaller Kevin\n|t:|1683689306\n|gametype|doubles\n|player|p1|gabiche|266|1278\n|player|p2|Smaller Kevin|102|1253\n|teamsize|p1|6\n|teamsize|p2|6\n|gen|9\n|tier|[Gen 9] VGC 2023 Regulation C\n|rated|\n|rule|Species Clause: Limit one of each Pok\u00e9mon\n|rule|Item Clause: Limit one of each item\n|clearpoke\n|poke|p1|Orthworm, L50, F|\n|poke|p1|Dragonite, L50, F|\n|poke|p1|Ting-Lu, L50|\n|poke|p1|Gyarados, L50, M|\n|poke|p1|Flutter Mane, L50|\n|poke|p1|Murkrow, L50, F|\n|poke|p2|Scizor, L50, F|\n|poke|p2|Chi-Yu, L50|\n|poke|p2|Tatsugiri-Stretchy, L50, M|\n|poke|p2|Maushold, L50|\n|poke|p2|Gyarados, L50, M|\n|poke|p2|Flutter Mane, L50|\n|teampreview|4\n|j| DyT Kirukato\n|\n|t:|1683689360\n|start\n|switch|p1a: Orthworm|Orthworm, L50, F|100\/100\n|switch|p1b: Gyarados|Gyarados, L50, M|100\/100\n|switch|p2a: Tatsugiri|Tatsugiri-Stretchy, L50, M|100\/100\n|switch|p2b: Maushold|Maushold, L50|100\/100\n|-ability|p1b: Gyarados|Intimidate|boost\n|-unboost|p2a: Tatsugiri|atk|1\n|-unboost|p2b: Maushold|atk|1\n|turn|1\n|inactive|Battle timer is ON: inactive players will automatically lose when time's up. (requested by gabiche)\n|inactive|gabiche has 60 seconds left.\n|\n|t:|1683689407\n|move|p2a: Tatsugiri|Muddy Water|p1a: Orthworm|[spread] p1a,p1b\n|-resisted|p1b: Gyarados\n|-damage|p1a: Orthworm|62\/100\n|-damage|p1b: Gyarados|87\/100\n|-unboost|p1a: Orthworm|accuracy|1\n|-unboost|p1b: Gyarados|accuracy|1\n|move|p2b: Maushold|Population Bomb|p1b: Gyarados\n|-damage|p1b: Gyarados|80\/100\n|-damage|p1b: Gyarados|73\/100\n|-damage|p1b: Gyarados|66\/100\n|-crit|p1b: Gyarados\n|-damage|p1b: Gyarados|48\/100\n|-damage|p1b: Gyarados|42\/100\n|-damage|p1b: Gyarados|34\/100\n|-damage|p1b: Gyarados|27\/100\n|-damage|p1b: Gyarados|20\/100\n|-damage|p1b: Gyarados|13\/100\n|-damage|p1b: Gyarados|5\/100\n|-hitcount|p1b: Gyarados|10\n|move|p1b: Gyarados|Thunder Wave|p2a: Tatsugiri\n|-status|p2a: Tatsugiri|par\n|move|p1a: Orthworm|Shed Tail|p1a: Orthworm\n|-start|p1a: Orthworm|Substitute|[from] move: Shed Tail\n|-damage|p1a: Orthworm|12\/100\n|-enditem|p1a: Orthworm|Sitrus Berry|[eat]\n|-heal|p1a: Orthworm|37\/100|[from] item: Sitrus Berry\n|inactive|gabiche has 30 seconds left.\n|inactive|gabiche has 20 seconds left.\n|\n|t:|1683689443\n|switch|p1a: Dragonite|Dragonite, L50, F|100\/100|[from] Shed Tail\n|\n|upkeep\n|turn|2\n|\n|t:|1683689456\n|switch|p1b: Orthworm|Orthworm, L50, F|37\/100\n|switch|p2a: Chi-Yu|Chi-Yu, L50|100\/100\n|-ability|p2a: Chi-Yu|Beads of Ruin\n|move|p2b: Maushold|Population Bomb|p1a: Dragonite\n|-activate|p1a: Dragonite|move: Substitute|[damage]\n|-activate|p1a: Dragonite|move: Substitute|[damage]\n|-crit|p1a: Dragonite\n|-activate|p1a: Dragonite|move: Substitute|[damage]\n|-activate|p1a: Dragonite|move: Substitute|[damage]\n|-activate|p1a: Dragonite|move: Substitute|[damage]\n|-hitcount|p1a: Dragonite|5\n|move|p1a: Dragonite|Earthquake|p2a: Chi-Yu|[spread] p2a,p2b\n|-heal|p1b: Orthworm|62\/100|[from] ability: Earth Eater|[of] p1a: Dragonite\n|-supereffective|p2a: Chi-Yu\n|-damage|p2a: Chi-Yu|24\/100\n|-damage|p2b: Maushold|58\/100\n|\n|upkeep\n|turn|3\n|inactive|gabiche has 30 seconds left.\n|l| DyT Kirukato\n|inactive|gabiche has 20 seconds left.\n|inactive|gabiche has 15 seconds left.\n|\n|t:|1683689498\n|-terastallize|p1b: Orthworm|Fire\n|move|p2b: Maushold|Population Bomb|p1a: Dragonite\n|-end|p1a: Dragonite|Substitute\n|-damage|p1a: Dragonite|96\/100\n|-damage|p1a: Dragonite|89\/100\n|-damage|p1a: Dragonite|80\/100\n|-damage|p1a: Dragonite|72\/100\n|-crit|p1a: Dragonite\n|-damage|p1a: Dragonite|53\/100\n|-damage|p1a: Dragonite|45\/100\n|-damage|p1a: Dragonite|37\/100\n|-damage|p1a: Dragonite|29\/100\n|-damage|p1a: Dragonite|21\/100\n|-hitcount|p1a: Dragonite|10\n|move|p2a: Chi-Yu|Snarl|p1a: Dragonite|[spread] p1b\n|-miss|p2a: Chi-Yu|p1a: Dragonite\n|-damage|p1b: Orthworm|28\/100\n|-unboost|p1b: Orthworm|spa|1\n|move|p1a: Dragonite|Earthquake|p2a: Chi-Yu|[spread] p2a,p2b\n|-heal|p1b: Orthworm|53\/100|[from] ability: Earth Eater|[of] p1a: Dragonite\n|-supereffective|p2a: Chi-Yu\n|-damage|p2a: Chi-Yu|0 fnt\n|-damage|p2b: Maushold|14\/100\n|faint|p2a: Chi-Yu\n|move|p1b: Orthworm|Iron Defense|p1b: Orthworm\n|-boost|p1b: Orthworm|def|2\n|\n|upkeep\n|inactive|Smaller Kevin has 30 seconds left.\n|\n|t:|1683689523\n|switch|p2a: Tatsugiri|Tatsugiri-Stretchy, L50, M|100\/100 par\n|turn|4\n|inactive|gabiche has 30 seconds left.\n|\n|t:|1683689556\n|switch|p1b: Ting-Lu|Ting-Lu, L50|100\/100\n|-ability|p1b: Ting-Lu|Vessel of Ruin\n|move|p1a: Dragonite|Extreme Speed|p2b: Maushold\n|-damage|p2b: Maushold|0 fnt\n|faint|p2b: Maushold\n|move|p2a: Tatsugiri|Muddy Water|p1a: Dragonite|[spread] p1a,p1b\n|-resisted|p1a: Dragonite\n|-supereffective|p1b: Ting-Lu\n|-damage|p1a: Dragonite|8\/100\n|-damage|p1b: Ting-Lu|62\/100\n|\n|upkeep\n|\n|t:|1683689563\n|switch|p2b: Flutter Mane|Flutter Mane, L50|100\/100\n|-enditem|p2b: Flutter Mane|Booster Energy\n|-activate|p2b: Flutter Mane|ability: Protosynthesis|[fromitem]\n|-start|p2b: Flutter Mane|protosynthesisspe\n|turn|5\n|inactive|gabiche has 30 seconds left.\n|inactive|gabiche has 20 seconds left.\n|inactive|gabiche has 15 seconds left.\n|inactive|gabiche has 10 seconds left.\n|inactive|gabiche has 5 seconds left.\n|\n|t:|1683689618\n|-terastallize|p2b: Flutter Mane|Fairy\n|move|p2b: Flutter Mane|Dazzling Gleam|p1b: Ting-Lu|[spread] p1a,p1b\n|-supereffective|p1a: Dragonite\n|-supereffective|p1b: Ting-Lu\n|-damage|p1a: Dragonite|0 fnt\n|-damage|p1b: Ting-Lu|8\/100\n|faint|p1a: Dragonite\n|move|p2a: Tatsugiri|Muddy Water|p1b: Ting-Lu|[miss]\n|-miss|p2a: Tatsugiri|p1b: Ting-Lu\n|move|p1b: Ting-Lu|Earthquake|p2a: Tatsugiri|[spread] p2a,p2b\n|-damage|p2a: Tatsugiri|15\/100 par\n|-damage|p2b: Flutter Mane|0 fnt\n|faint|p2b: Flutter Mane\n|-end|p2b: Flutter Mane|Protosynthesis|[silent]\n|\n|upkeep\n|-message|Smaller Kevin forfeited.\n|\n|win|gabiche\n|raw|gabiche's rating: 1278 → 1301<\/strong> (+23 for winning)\n|raw|Smaller Kevin's rating: 1253 → 1230<\/strong> (-23 for losing)\n|l|\u2606Smaller Kevin\n","uploadtime":1683689633,"views":16,"p1id":"gabiche","p2id":"smallerkevin","formatid":"gen9vgc2023regulationc","rating":1230,"private":0,"password":""}