{"id":"gen9vgc2023regulationc-1854985203","p1":"Lelandvgc","p2":"Roshu","format":"[Gen 9] VGC 2023 Regulation C","log":"|j|\u2606Lelandvgc\n|j|\u2606Roshu\n|t:|1682887879\n|gametype|doubles\n|player|p1|Lelandvgc|170|\n|player|p2|Roshu|morty-masters2|\n|teamsize|p1|6\n|teamsize|p2|6\n|gen|9\n|tier|[Gen 9] VGC 2023 Regulation C\n|rated|Tournament battle\n|rule|Species Clause: Limit one of each Pok\u00e9mon\n|rule|Item Clause: Limit one of each item\n|clearpoke\n|poke|p1|Gholdengo, L50|\n|poke|p1|Roaring Moon, L50|\n|poke|p1|Iron Hands, L50|\n|poke|p1|Amoonguss, L50, F|\n|poke|p1|Flutter Mane, L50|\n|poke|p1|Palafin, L50, F|\n|poke|p2|Orthworm, L50, M|\n|poke|p2|Garchomp, L50, M|\n|poke|p2|Hippowdon, L50, F|\n|poke|p2|Toedscruel, L50, M|\n|poke|p2|Gastrodon-East, L50, M|\n|poke|p2|Ting-Lu, L50|\n|teampreview|4\n|raw| Open Team Sheet for Lelandvgc<\/summary>Gholdengo @ Life Orb Ability: Good as Gold Level: 50 Tera Type: Steel - Make It Rain - Protect - Nasty Plot - Shadow Ball Roaring Moon @ Booster Energy Ability: Protosynthesis Level: 50 Tera Type: Flying - Acrobatics - Protect - Tailwind - Throat Chop Iron Hands @ Assault Vest Ability: Quark Drive Level: 50 Tera Type: Grass - Close Combat - Wild Charge - Heavy Slam - Fake Out Amoonguss @ Mental Herb Ability: Regenerator Level: 50 Shiny: Yes Tera Type: Water - Protect - Pollen Puff - Spore - Rage Powder Flutter Mane @ Choice Specs Ability: Protosynthesis Level: 50 Tera Type: Fairy - Dazzling Gleam - Mystical Fire - Moonblast - Shadow Ball Palafin @ Mystic Water Ability: Zero to Hero Level: 50 Tera Type: Water - Protect - Wave Crash - Jet Punch - Haze <\/details><\/div> Open Team Sheet for Roshu<\/summary>Jim (Orthworm) (M) @ Occa Berry Ability: Earth Eater Level: 50 Tera Type: Steel - Iron Tail - Coil - Rest - Sleep Talk MC (Garchomp) (M) @ Bright Powder Ability: Sand Veil Level: 50 Tera Type: Rock - Rock Slide - Earthquake - Protect - Swords Dance Shiny (Hippowdon) (F) @ Smooth Rock Ability: Sand Stream Level: 50 Tera Type: Grass - Yawn - Protect - Stomping Tantrum - Heavy Slam Hi (Toedscruel) (M) @ Leftovers Ability: Mycelium Might Level: 50 Tera Type: Water - Trick Room - Spore - Giga Drain - Rage Powder Brazil (Gastrodon-East) (M) @ Rindo Berry Ability: Storm Drain Level: 50 Tera Type: Ground - Clear Smog - Earth Power - Muddy Water - Protect The ting goes (Ting-Lu) @ Assault Vest Ability: Vessel of Ruin Level: 50 Tera Type: Ghost - Ruination - Stomping Tantrum - Fissure - Heavy Slam <\/details><\/div>\n|inactive|Battle timer is ON: inactive players will automatically lose when time's up. (requested by Roshu)\n|j| volcaronya\n|inactive|Lelandvgc has 60 seconds left.\n|j| ChampionNBloom\n|inactive|Lelandvgc has 30 seconds left.\n|\n|t:|1682887949\n|start\n|switch|p1a: Flutter Mane|Flutter Mane, L50|100\/100\n|switch|p1b: Iron Hands|Iron Hands, L50|100\/100\n|switch|p2a: MC|Garchomp, L50, M|100\/100\n|switch|p2b: Shiny|Hippowdon, L50, F|100\/100\n|-weather|Sandstorm|[from] ability: Sand Stream|[of] p2b: Shiny\n|turn|1\n|l|\u2606Lelandvgc\n|inactive|Lelandvgc disconnected and has a minute to reconnect!\n|player|p1|\n|j|\u2606Lelandvgc\n|inactive|Lelandvgc reconnected and has 40 seconds left.\n|player|p1|Lelandvgc|170\n|\n|t:|1682887970\n|move|p2a: MC|Protect|p2a: MC\n|-singleturn|p2a: MC|Protect\n|move|p1b: Iron Hands|Fake Out|p2a: MC\n|-activate|p2a: MC|move: Protect\n|move|p1a: Flutter Mane|Moonblast|p2a: MC\n|-activate|p2a: MC|move: Protect\n|move|p2b: Shiny|Yawn|p1a: Flutter Mane\n|-start|p1a: Flutter Mane|move: Yawn|[of] p2b: Shiny\n|\n|-weather|Sandstorm|[upkeep]\n|-damage|p1a: Flutter Mane|94\/100|[from] Sandstorm\n|-damage|p1b: Iron Hands|94\/100|[from] Sandstorm\n|upkeep\n|turn|2\n|j| Ab0ve5029\n|\n|t:|1682887993\n|-terastallize|p1b: Iron Hands|Grass\n|move|p1a: Flutter Mane|Moonblast|p2a: MC|[miss]\n|-miss|p1a: Flutter Mane|p2a: MC\n|move|p2a: MC|Earthquake|p1b: Iron Hands|[spread] p2b,p1a,p1b\n|-resisted|p1b: Iron Hands\n|-damage|p2b: Shiny|77\/100\n|-damage|p1a: Flutter Mane|7\/100\n|-damage|p1b: Iron Hands|81\/100\n|move|p1b: Iron Hands|Close Combat|p2a: MC\n|-damage|p2a: MC|34\/100\n|-unboost|p1b: Iron Hands|def|1\n|-unboost|p1b: Iron Hands|spd|1\n|move|p2b: Shiny|Heavy Slam|p1a: Flutter Mane\n|-supereffective|p1a: Flutter Mane\n|-damage|p1a: Flutter Mane|0 fnt\n|faint|p1a: Flutter Mane\n|-end|p1a: Flutter Mane|Protosynthesis|[silent]\n|\n|-weather|Sandstorm|[upkeep]\n|-damage|p1b: Iron Hands|75\/100|[from] Sandstorm\n|upkeep\n|\n|t:|1682888017\n|switch|p1a: Roaring Moon|Roaring Moon, L50|100\/100\n|-enditem|p1a: Roaring Moon|Booster Energy\n|-activate|p1a: Roaring Moon|ability: Protosynthesis|[fromitem]\n|-start|p1a: Roaring Moon|protosynthesisspe\n|turn|3\n|inactive|Roshu has 30 seconds left.\n|\n|t:|1682888048\n|-terastallize|p2a: MC|Rock\n|move|p1a: Roaring Moon|Acrobatics|p2b: Shiny\n|-damage|p2b: Shiny|52\/100\n|move|p2a: MC|Rock Slide|p1b: Iron Hands|[spread] p1a,p1b\n|-damage|p1a: Roaring Moon|64\/100\n|-damage|p1b: Iron Hands|47\/100\n|move|p1b: Iron Hands|Close Combat|p2b: Shiny\n|-damage|p2b: Shiny|13\/100\n|-unboost|p1b: Iron Hands|def|1\n|-unboost|p1b: Iron Hands|spd|1\n|move|p2b: Shiny|Yawn|p1b: Iron Hands\n|-start|p1b: Iron Hands|move: Yawn|[of] p2b: Shiny\n|\n|-weather|Sandstorm|[upkeep]\n|-damage|p1a: Roaring Moon|58\/100|[from] Sandstorm\n|-damage|p1b: Iron Hands|41\/100|[from] Sandstorm\n|upkeep\n|turn|4\n|j| PixtureMan\n|\n|t:|1682888070\n|-end|p1b: Iron Hands|Quark Drive|[silent]\n|switch|p1b: Gholdengo|Gholdengo, L50|100\/100\n|move|p1a: Roaring Moon|Throat Chop|p2a: MC\n|-damage|p2a: MC|0 fnt\n|faint|p2a: MC\n|move|p2b: Shiny|Yawn|p1a: Roaring Moon\n|-start|p1a: Roaring Moon|move: Yawn|[of] p2b: Shiny\n|\n|-weather|Sandstorm|[upkeep]\n|-damage|p1a: Roaring Moon|52\/100|[from] Sandstorm\n|upkeep\n|\n|t:|1682888079\n|switch|p2a: The ting goes|Ting-Lu, L50|100\/100\n|-ability|p2a: The ting goes|Vessel of Ruin\n|turn|5\n|\n|t:|1682888098\n|move|p2b: Shiny|Protect|p2b: Shiny\n|-singleturn|p2b: Shiny|Protect\n|move|p1a: Roaring Moon|Tailwind|p1a: Roaring Moon\n|-sidestart|p1: Lelandvgc|move: Tailwind\n|move|p1b: Gholdengo|Make It Rain|p2b: Shiny|[spread] p2a\n|-activate|p2b: Shiny|move: Protect\n|-damage|p2a: The ting goes|77\/100\n|-unboost|p1b: Gholdengo|spa|1\n|-damage|p1b: Gholdengo|91\/100|[from] item: Life Orb\n|move|p2a: The ting goes|Stomping Tantrum|p1b: Gholdengo\n|-supereffective|p1b: Gholdengo\n|-damage|p1b: Gholdengo|15\/100\n|\n|-weather|Sandstorm|[upkeep]\n|-damage|p1a: Roaring Moon|46\/100|[from] Sandstorm\n|-end|p1a: Roaring Moon|move: Yawn|[silent]\n|-status|p1a: Roaring Moon|slp\n|upkeep\n|turn|6\n|\n|t:|1682888120\n|switch|p2b: Brazil|Gastrodon-East, L50, M|100\/100\n|cant|p1a: Roaring Moon|slp\n|move|p1b: Gholdengo|Make It Rain|p2b: Brazil|[spread] p2a,p2b\n|-resisted|p2b: Brazil\n|-damage|p2a: The ting goes|60\/100\n|-damage|p2b: Brazil|86\/100\n|-unboost|p1b: Gholdengo|spa|1\n|-damage|p1b: Gholdengo|6\/100|[from] item: Life Orb\n|move|p2a: The ting goes|Stomping Tantrum|p1b: Gholdengo\n|-supereffective|p1b: Gholdengo\n|-crit|p1b: Gholdengo\n|-damage|p1b: Gholdengo|0 fnt\n|faint|p1b: Gholdengo\n|\n|-weather|Sandstorm|[upkeep]\n|-damage|p1a: Roaring Moon|40\/100 slp|[from] Sandstorm\n|upkeep\n|\n|t:|1682888138\n|switch|p1b: Iron Hands|Iron Hands, L50, tera:Grass|41\/100\n|turn|7\n|\n|t:|1682888156\n|cant|p1a: Roaring Moon|slp\n|move|p1b: Iron Hands|Close Combat|p2a: The ting goes\n|-supereffective|p2a: The ting goes\n|-damage|p2a: The ting goes|0 fnt\n|-unboost|p1b: Iron Hands|def|1\n|-unboost|p1b: Iron Hands|spd|1\n|faint|p2a: The ting goes\n|move|p2b: Brazil|Muddy Water|p1b: Iron Hands|[spread] p1a,p1b\n|-resisted|p1a: Roaring Moon\n|-resisted|p1b: Iron Hands\n|-damage|p1a: Roaring Moon|25\/100 slp\n|-damage|p1b: Iron Hands|27\/100\n|\n|-weather|Sandstorm|[upkeep]\n|-damage|p1a: Roaring Moon|20\/100 slp|[from] Sandstorm\n|-damage|p1b: Iron Hands|21\/100|[from] Sandstorm\n|upkeep\n|\n|t:|1682888163\n|switch|p2a: Shiny|Hippowdon, L50, F|13\/100\n|turn|8\n|j| Radio Free C-Side\n|\n|t:|1682888178\n|cant|p1a: Roaring Moon|slp\n|move|p1b: Iron Hands|Close Combat|p2b: Brazil\n|-damage|p2b: Brazil|3\/100\n|-unboost|p1b: Iron Hands|def|1\n|-unboost|p1b: Iron Hands|spd|1\n|move|p2a: Shiny|Stomping Tantrum|p1a: Roaring Moon\n|-crit|p1a: Roaring Moon\n|-damage|p1a: Roaring Moon|0 fnt\n|faint|p1a: Roaring Moon\n|-end|p1a: Roaring Moon|Protosynthesis|[silent]\n|move|p2b: Brazil|Muddy Water|p1b: Iron Hands\n|-resisted|p1b: Iron Hands\n|-damage|p1b: Iron Hands|0 fnt\n|faint|p1b: Iron Hands\n|-end|p1b: Iron Hands|Quark Drive|[silent]\n|\n|win|Roshu\n|n|\u2606Roshu|roshu\n|n| volcaronya|volcaronya\n|n| ChampionNBloom|championnbloom\n|n|\u2606Lelandvgc|lelandvgc\n|n| Ab0ve5029|ab0ve5029\n|n| PixtureMan|pixtureman\n|n| Radio Free C-Side|radiofreecside\n|c|\u2606Roshu|gg\n","uploadtime":1682888193,"views":8,"p1id":"lelandvgc","p2id":"roshu","formatid":"gen9vgc2023regulationc","rating":0,"private":0,"password":""}