{"id":"gen9vgc2023regulationc-1851366092","p1":"Scorpion257","p2":"Planthony","format":"[Gen 9] VGC 2023 Regulation C","log":"|j|\u2606Scorpion257\n|j|\u2606Planthony\n|t:|1682439312\n|gametype|doubles\n|player|p1|Scorpion257|giovanni|1393\n|player|p2|Planthony|169|1323\n|teamsize|p1|6\n|teamsize|p2|6\n|gen|9\n|tier|[Gen 9] VGC 2023 Regulation C\n|rated|\n|rule|Species Clause: Limit one of each Pok\u00e9mon\n|rule|Item Clause: Limit one of each item\n|clearpoke\n|poke|p1|Flutter Mane, L50|\n|poke|p1|Chi-Yu, L50|\n|poke|p1|Dondozo, L50, M|\n|poke|p1|Tatsugiri, L50, M|\n|poke|p1|Glimmora, L50, F|\n|poke|p1|Wo-Chien, L50|\n|poke|p2|Glimmora, L50, M|\n|poke|p2|Flutter Mane, L50|\n|poke|p2|Dondozo, L50, M|\n|poke|p2|Dragonite, L50, M|\n|poke|p2|Tatsugiri-Droopy, L50, M|\n|poke|p2|Chi-Yu, L50|\n|teampreview|4\n|inactive|Battle timer is ON: inactive players will automatically lose when time's up. (requested by Scorpion257)\nScorpion257 has agreed to open team sheets.\n|inactive|Scorpion257 has 60 seconds left.\n|inactive|Planthony has 60 seconds left.\n|\n|t:|1682439351\n|start\n|switch|p1a: Glimmora|Glimmora, L50, F|100\/100\n|switch|p1b: Wo-Chien|Wo-Chien, L50|100\/100\n|switch|p2a: Flutter Mane|Flutter Mane, L50|100\/100\n|switch|p2b: Dondozo|Dondozo, L50, M|100\/100\n|-ability|p1b: Wo-Chien|Tablets of Ruin\n|-enditem|p2a: Flutter Mane|Booster Energy\n|-activate|p2a: Flutter Mane|ability: Protosynthesis|[fromitem]\n|-start|p2a: Flutter Mane|protosynthesisspe\n|turn|1\n|\n|t:|1682439364\n|-terastallize|p1a: Glimmora|Grass\n|move|p2a: Flutter Mane|Substitute|p2a: Flutter Mane\n|-start|p2a: Flutter Mane|Substitute\n|-damage|p2a: Flutter Mane|76\/100\n|move|p1a: Glimmora|Mortal Spin|p2a: Flutter Mane|[spread] p2a,p2b\n|-activate|p2a: Flutter Mane|move: Substitute|[damage]\n|-damage|p2b: Dondozo|99\/100\n|-status|p2b: Dondozo|psn\n|move|p1b: Wo-Chien|Leech Seed|p2b: Dondozo\n|-start|p2b: Dondozo|move: Leech Seed\n|move|p2b: Dondozo|Yawn|p1b: Wo-Chien\n|-start|p1b: Wo-Chien|move: Yawn|[of] p2b: Dondozo\n|\n|-heal|p2b: Dondozo|100\/100 psn|[from] item: Leftovers\n|-damage|p2b: Dondozo|88\/100 psn|[from] Leech Seed|[of] p1b: Wo-Chien\n|-damage|p2b: Dondozo|76\/100 psn|[from] psn\n|upkeep\n|turn|2\n|\n|t:|1682439384\n|switch|p2b: Dragonite|Dragonite, L50, M|100\/100\n|move|p2a: Flutter Mane|Moonblast|p1a: Glimmora\n|-damage|p1a: Glimmora|64\/100\n|move|p1a: Glimmora|Venoshock|p2b: Dragonite\n|-damage|p2b: Dragonite|84\/100\n|move|p1b: Wo-Chien|Ruination|p2a: Flutter Mane\n|-end|p2a: Flutter Mane|Substitute\n|\n|-end|p1b: Wo-Chien|move: Yawn|[silent]\n|-status|p1b: Wo-Chien|slp\n|upkeep\n|turn|3\n|inactive|Scorpion257 has 30 seconds left.\n|\n|t:|1682439410\n|switch|p1b: Dondozo|Dondozo, L50, M|100\/100\n|move|p2a: Flutter Mane|Substitute|p2a: Flutter Mane\n|-start|p2a: Flutter Mane|Substitute\n|-damage|p2a: Flutter Mane|52\/100\n|move|p1a: Glimmora|Mortal Spin|p2b: Dragonite|[spread] p2a,p2b\n|-activate|p2a: Flutter Mane|move: Substitute|[damage]\n|-damage|p2b: Dragonite|80\/100\n|-status|p2b: Dragonite|psn\n|-enditem|p2b: Dragonite|Lum Berry|[eat]\n|-curestatus|p2b: Dragonite|psn|[msg]\n|move|p2b: Dragonite|Aerial Ace|p1a: Glimmora\n|-supereffective|p1a: Glimmora\n|-damage|p1a: Glimmora|0 fnt\n|faint|p1a: Glimmora\n|\n|upkeep\n|\n|t:|1682439424\n|switch|p1a: Tatsugiri|Tatsugiri, L50, M|100\/100\n|-activate|p1a: Tatsugiri|ability: Commander|[of] p1b: Dondozo\n|-boost|p1b: Dondozo|atk|2\n|-boost|p1b: Dondozo|spa|2\n|-boost|p1b: Dondozo|spe|2\n|-boost|p1b: Dondozo|def|2\n|-boost|p1b: Dondozo|spd|2\n|turn|4\n|inactive|Planthony has 30 seconds left.\n|\n|t:|1682439457\n|move|p2a: Flutter Mane|Moonblast|p1b: Dondozo\n|-damage|p1b: Dondozo|77\/100\n|-unboost|p1b: Dondozo|spa|1\n|move|p1b: Dondozo|Order Up|p2b: Dragonite\n|-supereffective|p2b: Dragonite\n|-damage|p2b: Dragonite|4\/100\n|-boost|p1b: Dondozo|atk|1\n|move|p2b: Dragonite|Aerial Ace|p1b: Dondozo\n|-damage|p1b: Dondozo|64\/100\n|\n|-heal|p1b: Dondozo|70\/100|[from] item: Leftovers\n|upkeep\n|turn|5\n|\n|t:|1682439475\n|move|p2b: Dragonite|Protect|p2b: Dragonite\n|-singleturn|p2b: Dragonite|Protect\n|move|p2a: Flutter Mane|Moonblast|p1b: Dondozo\n|-damage|p1b: Dondozo|49\/100\n|-unboost|p1b: Dondozo|spa|1\n|move|p1b: Dondozo|Order Up|p2b: Dragonite\n|-activate|p2b: Dragonite|move: Protect\n|\n|-heal|p1b: Dondozo|55\/100|[from] item: Leftovers\n|upkeep\n|turn|6\n|\n|t:|1682439488\n|move|p2b: Dragonite|Extreme Speed|p1b: Dondozo\n|-damage|p1b: Dondozo|43\/100\n|move|p2a: Flutter Mane|Moonblast|p1b: Dondozo\n|-damage|p1b: Dondozo|19\/100\n|move|p1b: Dondozo|Order Up|p2b: Dragonite\n|-supereffective|p2b: Dragonite\n|-damage|p2b: Dragonite|0 fnt\n|faint|p2b: Dragonite\n|-boost|p1b: Dondozo|atk|1\n|\n|-heal|p1b: Dondozo|25\/100|[from] item: Leftovers\n|upkeep\n|\n|t:|1682439503\n|switch|p2b: Tatsugiri|Tatsugiri-Droopy, L50, M, shiny|100\/100\n|turn|7\n|\n|t:|1682439509\n|move|p1b: Dondozo|Protect|p1b: Dondozo\n|-singleturn|p1b: Dondozo|Protect\n|move|p2a: Flutter Mane|Moonblast|p1b: Dondozo\n|-activate|p1b: Dondozo|move: Protect\n|move|p2b: Tatsugiri|Draco Meteor|p1b: Dondozo\n|-activate|p1b: Dondozo|move: Protect\n|\n|-heal|p1b: Dondozo|31\/100|[from] item: Leftovers\n|upkeep\n|turn|8\n|\n|t:|1682439521\n|move|p2a: Flutter Mane|Moonblast|p1b: Dondozo\n|-damage|p1b: Dondozo|7\/100\n|move|p2b: Tatsugiri|Draco Meteor|p1b: Dondozo|[miss]\n|-miss|p2b: Tatsugiri|p1b: Dondozo\n|move|p1b: Dondozo|Order Up|p2b: Tatsugiri\n|-supereffective|p2b: Tatsugiri\n|-damage|p2b: Tatsugiri|0 fnt\n|faint|p2b: Tatsugiri\n|-boost|p1b: Dondozo|atk|1\n|\n|-heal|p1b: Dondozo|13\/100|[from] item: Leftovers\n|upkeep\n|\n|t:|1682439531\n|switch|p2b: Dondozo|Dondozo, L50, M|76\/100 psn\n|turn|9\n|\n|t:|1682439540\n|move|p1b: Dondozo|Protect|p1b: Dondozo\n|-singleturn|p1b: Dondozo|Protect\n|move|p2a: Flutter Mane|Moonblast|p1b: Dondozo\n|-activate|p1b: Dondozo|move: Protect\n|move|p2b: Dondozo|Yawn|p1b: Dondozo\n|-activate|p1b: Dondozo|move: Protect\n|\n|-heal|p1b: Dondozo|20\/100|[from] item: Leftovers\n|-heal|p2b: Dondozo|82\/100 psn|[from] item: Leftovers\n|-damage|p2b: Dondozo|70\/100 psn|[from] psn\n|upkeep\n|turn|10\n|\n|t:|1682439551\n|move|p2a: Flutter Mane|Moonblast|p1b: Dondozo\n|-damage|p1b: Dondozo|0 fnt\n|faint|p1b: Dondozo\n|move|p2b: Dondozo|Yawn|p1a: Tatsugiri\n|-start|p1a: Tatsugiri|move: Yawn|[of] p2b: Dondozo\n|\n|-heal|p2b: Dondozo|76\/100 psn|[from] item: Leftovers\n|-damage|p2b: Dondozo|63\/100 psn|[from] psn\n|upkeep\n|\n|t:|1682439555\n|switch|p1b: Wo-Chien|Wo-Chien, L50|100\/100 slp\n|-ability|p1b: Wo-Chien|Tablets of Ruin\n|turn|11\n|\n|t:|1682439570\n|-terastallize|p2a: Flutter Mane|Fairy\n|move|p2b: Dondozo|Protect|p2b: Dondozo\n|-singleturn|p2b: Dondozo|Protect\n|move|p2a: Flutter Mane|Moonblast|p1b: Wo-Chien\n|-supereffective|p1b: Wo-Chien\n|-damage|p1b: Wo-Chien|19\/100 slp\n|-enditem|p1b: Wo-Chien|Sitrus Berry|[eat]\n|-heal|p1b: Wo-Chien|44\/100 slp|[from] item: Sitrus Berry\n|move|p1a: Tatsugiri|Muddy Water|p2a: Flutter Mane|[spread] p2a\n|-activate|p2b: Dondozo|move: Protect\n|-end|p2a: Flutter Mane|Substitute\n|cant|p1b: Wo-Chien|slp\n|\n|-heal|p2b: Dondozo|70\/100 psn|[from] item: Leftovers\n|-damage|p2b: Dondozo|57\/100 psn|[from] psn\n|-end|p1a: Tatsugiri|move: Yawn|[silent]\n|-status|p1a: Tatsugiri|slp\n|upkeep\n|turn|12\n|\n|t:|1682439589\n|cant|p1b: Wo-Chien|slp\n|move|p2a: Flutter Mane|Moonblast|p1b: Wo-Chien\n|-supereffective|p1b: Wo-Chien\n|-damage|p1b: Wo-Chien|0 fnt\n|faint|p1b: Wo-Chien\n|cant|p1a: Tatsugiri|slp\n|move|p2b: Dondozo|Wave Crash|p1a: Tatsugiri\n|-resisted|p1a: Tatsugiri\n|-damage|p1a: Tatsugiri|76\/100 slp\n|-damage|p2b: Dondozo|52\/100 psn|[from] Recoil\n|\n|-heal|p2b: Dondozo|58\/100 psn|[from] item: Leftovers\n|-damage|p2b: Dondozo|46\/100 psn|[from] psn\n|upkeep\n|turn|13\n|\n|t:|1682439598\n|move|p2a: Flutter Mane|Moonblast|p1a: Tatsugiri\n|-supereffective|p1a: Tatsugiri\n|-damage|p1a: Tatsugiri|0 fnt\n|faint|p1a: Tatsugiri\n|\n|win|Planthony\n|raw|Scorpion257's rating: 1393 → 1369<\/strong> (-24 for losing)\n|raw|Planthony's rating: 1323 → 1347<\/strong> (+24 for winning)\n|l|\u2606Scorpion257\n","uploadtime":1682439602,"views":7,"p1id":"scorpion257","p2id":"planthony","formatid":"gen9vgc2023regulationc","rating":1347,"private":0,"password":""}