{"id":"gen9vgc2023regulationc-1856359995","p1":"kingbaba12345","p2":"vrumvrumnatal","format":"[Gen 9] VGC 2023 Regulation C","log":"|j|\u2606kingbaba12345\n|j|\u2606vrumvrumnatal\n|t:|1683054031\n|gametype|doubles\n|player|p1|kingbaba12345|101|1227\n|player|p2|vrumvrumnatal|102|1280\n|teamsize|p1|6\n|teamsize|p2|6\n|gen|9\n|tier|[Gen 9] VGC 2023 Regulation C\n|rated|\n|rule|Species Clause: Limit one of each Pok\u00e9mon\n|rule|Item Clause: Limit one of each item\n|clearpoke\n|poke|p1|Kingambit, L50, F|\n|poke|p1|Iron Bundle, L50|\n|poke|p1|Iron Hands, L50|\n|poke|p1|Kilowattrel, L50, M|\n|poke|p1|Gholdengo, L50|\n|poke|p1|Baxcalibur, L50, M|\n|poke|p2|Chien-Pao, L50|\n|poke|p2|Dragonite, L50, M|\n|poke|p2|Kingambit, L50, M|\n|poke|p2|Gyarados, L50, F|\n|poke|p2|Great Tusk, L50|\n|poke|p2|Flutter Mane, L50|\n|teampreview|4\n|inactive|Battle timer is ON: inactive players will automatically lose when time's up. (requested by kingbaba12345)\nkingbaba12345 rejected open team sheets.\n|\n|t:|1683054082\n|start\n|switch|p1a: Iron Bundle|Iron Bundle, L50|100\/100\n|switch|p1b: Kingambit|Kingambit, L50, F|100\/100\n|switch|p2a: Dragonite|Dragonite, L50, M|100\/100\n|switch|p2b: Chien-Pao|Chien-Pao, L50|100\/100\n|-ability|p2b: Chien-Pao|Sword of Ruin\n|-enditem|p1a: Iron Bundle|Booster Energy\n|-activate|p1a: Iron Bundle|ability: Quark Drive|[fromitem]\n|-start|p1a: Iron Bundle|quarkdrivespe\n|turn|1\n|inactive|vrumvrumnatal has 30 seconds left.\n|\n|t:|1683054111\n|-terastallize|p1b: Kingambit|Dark\n|move|p2a: Dragonite|Extreme Speed|p1a: Iron Bundle\n|-damage|p1a: Iron Bundle|55\/100\n|move|p1a: Iron Bundle|Ice Beam|p2a: Dragonite\n|-supereffective|p2a: Dragonite\n|-damage|p2a: Dragonite|20\/100\n|move|p2b: Chien-Pao|Sacred Sword|p1a: Iron Bundle\n|-supereffective|p1a: Iron Bundle\n|-damage|p1a: Iron Bundle|0 fnt\n|faint|p1a: Iron Bundle\n|-end|p1a: Iron Bundle|Quark Drive|[silent]\n|move|p1b: Kingambit|Swords Dance|p1b: Kingambit\n|-boost|p1b: Kingambit|atk|2\n|\n|upkeep\n|\n|t:|1683054128\n|switch|p1a: Kilowattrel|Kilowattrel, L50, M|100\/100\n|turn|2\n|\n|t:|1683054139\n|move|p2a: Dragonite|Extreme Speed|p1b: Kingambit\n|-damage|p1b: Kingambit|72\/100\n|move|p1b: Kingambit|Sucker Punch||[still]\n|-fail|p1b: Kingambit\n|move|p2b: Chien-Pao|Sacred Sword|p1b: Kingambit\n|-supereffective|p1b: Kingambit\n|-damage|p1b: Kingambit|18\/100\n|move|p1a: Kilowattrel|Feather Dance|p2b: Chien-Pao\n|-unboost|p2b: Chien-Pao|atk|2\n|\n|-heal|p1b: Kingambit|24\/100|[from] item: Leftovers\n|upkeep\n|turn|3\n|\n|t:|1683054164\n|move|p2a: Dragonite|Extreme Speed|p1b: Kingambit\n|-damage|p1b: Kingambit|0 fnt\n|faint|p1b: Kingambit\n|move|p2b: Chien-Pao|Ice Spinner|p1a: Kilowattrel\n|-supereffective|p1a: Kilowattrel\n|-damage|p1a: Kilowattrel|25\/100\n|move|p1a: Kilowattrel|Volt Switch|p2a: Dragonite\n|-crit|p2a: Dragonite\n|-damage|p2a: Dragonite|0 fnt\n|faint|p2a: Dragonite\n|\n|t:|1683054175\n|switch|p1a: Baxcalibur|Baxcalibur, L50, M|100\/100|[from] Volt Switch\n|\n|upkeep\n|\n|t:|1683054181\n|switch|p2a: Great Tusk|Great Tusk, L50|100\/100\n|switch|p1b: Kilowattrel|Kilowattrel, L50, M|25\/100\n|turn|4\n|\n|t:|1683054193\n|move|p2a: Great Tusk|Rock Slide|p1a: Baxcalibur|[spread] p1b\n|-miss|p2a: Great Tusk|p1a: Baxcalibur\n|-supereffective|p1b: Kilowattrel\n|-damage|p1b: Kilowattrel|0 fnt\n|faint|p1b: Kilowattrel\n|move|p2b: Chien-Pao|Sacred Sword|p1a: Baxcalibur\n|-supereffective|p1a: Baxcalibur\n|-damage|p1a: Baxcalibur|67\/100\n|move|p1a: Baxcalibur|Dragon Dance|p1a: Baxcalibur\n|-boost|p1a: Baxcalibur|atk|1\n|-boost|p1a: Baxcalibur|spe|1\n|\n|upkeep\n|turn|5\n|\n|t:|1683054209\n|move|p2a: Great Tusk|Rock Slide|p1a: Baxcalibur\n|-supereffective|p1a: Baxcalibur\n|-damage|p1a: Baxcalibur|5\/100\n|move|p2b: Chien-Pao|Sacred Sword|p1a: Baxcalibur\n|-supereffective|p1a: Baxcalibur\n|-damage|p1a: Baxcalibur|0 fnt\n|faint|p1a: Baxcalibur\n|\n|win|vrumvrumnatal\n|raw|kingbaba12345's rating: 1227 → 1206<\/strong> (-21 for losing)\n|raw|vrumvrumnatal's rating: 1280 → 1301<\/strong> (+21 for winning)\n","uploadtime":1683054218,"views":15,"p1id":"kingbaba12345","p2id":"vrumvrumnatal","formatid":"gen9vgc2023regulationc","rating":1206,"private":0,"password":""}