{"id":"gen9vgc2023regulationc-1849686091","p1":"OnHoldWithTheIRS","p2":"haha u rage quit","format":"[Gen 9] VGC 2023 Regulation C","log":"|j|\u2606OnHoldWithTheIRS\n|j|\u2606haha u rage quit\n|t:|1682232210\n|gametype|doubles\n|player|p1|OnHoldWithTheIRS|clerk|1288\n|player|p2|haha u rage quit|pokemaniac|1221\n|teamsize|p1|6\n|teamsize|p2|6\n|gen|9\n|tier|[Gen 9] VGC 2023 Regulation C\n|rated|\n|rule|Species Clause: Limit one of each Pok\u00e9mon\n|rule|Item Clause: Limit one of each item\n|clearpoke\n|poke|p1|Baxcalibur, L50, F|\n|poke|p1|Sandy Shocks, L50|\n|poke|p1|Klefki, L50, F|\n|poke|p1|Armarouge, L50, F|\n|poke|p1|Rotom-Wash, L50|\n|poke|p1|Meowscarada, L50, M|\n|poke|p2|Ting-Lu, L50|\n|poke|p2|Arcanine, L50, M|\n|poke|p2|Amoonguss, L50, M|\n|poke|p2|Palafin, L50, M|\n|poke|p2|Flutter Mane, L50|\n|poke|p2|Chi-Yu, L50|\n|teampreview|4\nOnHoldWithTheIRS has agreed to open team sheets.\n|inactive|Battle timer is ON: inactive players will automatically lose when time's up. (requested by haha u rage quit)\n|inactive|OnHoldWithTheIRS has 60 seconds left.\n|inactive|OnHoldWithTheIRS has 30 seconds left.\n|\n|t:|1682232318\n|start\n|switch|p1a: Armarouge|Armarouge, L50, F|100\/100\n|switch|p1b: Sandy Shocks|Sandy Shocks, L50|100\/100\n|switch|p2a: Flutter Mane|Flutter Mane, L50, shiny|100\/100\n|switch|p2b: Chi-Yu|Chi-Yu, L50|100\/100\n|-ability|p2b: Chi-Yu|Beads of Ruin\n|-enditem|p2a: Flutter Mane|Booster Energy\n|-activate|p2a: Flutter Mane|ability: Protosynthesis|[fromitem]\n|-start|p2a: Flutter Mane|protosynthesisspa\n|turn|1\n|inactive|OnHoldWithTheIRS has 30 seconds left.\n|inactive|haha u rage quit has 30 seconds left.\n|inactive|OnHoldWithTheIRS has 20 seconds left.\n|inactive|OnHoldWithTheIRS has 15 seconds left.\n|inactive|haha u rage quit has 20 seconds left.\n|\n|t:|1682232368\n|move|p1a: Armarouge|Protect|p1a: Armarouge\n|-singleturn|p1a: Armarouge|Protect\n|move|p2a: Flutter Mane|Moonblast|p1b: Sandy Shocks\n|-damage|p1b: Sandy Shocks|42\/100\n|move|p2b: Chi-Yu|Dark Pulse|p1a: Armarouge\n|-activate|p1a: Armarouge|move: Protect\n|move|p1b: Sandy Shocks|Earth Power|p2b: Chi-Yu\n|-supereffective|p2b: Chi-Yu\n|-damage|p2b: Chi-Yu|14\/100\n|-unboost|p2b: Chi-Yu|spd|1\n|\n|-heal|p2b: Chi-Yu|20\/100|[from] item: Leftovers\n|upkeep\n|turn|2\n|inactive|OnHoldWithTheIRS has 30 seconds left.\n|inactive|OnHoldWithTheIRS has 20 seconds left.\n|inactive|OnHoldWithTheIRS has 15 seconds left.\n|inactive|haha u rage quit has 30 seconds left.\n|inactive|OnHoldWithTheIRS has 10 seconds left.\n|inactive|OnHoldWithTheIRS has 5 seconds left.\n|inactive|haha u rage quit has 20 seconds left.\n|inactive|haha u rage quit has 15 seconds left.\n|\n|t:|1682232430\n|-terastallize|p1a: Armarouge|Grass\n|move|p2b: Chi-Yu|Protect|p2b: Chi-Yu\n|-singleturn|p2b: Chi-Yu|Protect\n|move|p2a: Flutter Mane|Moonblast|p1a: Armarouge\n|-damage|p1a: Armarouge|5\/100\n|move|p1b: Sandy Shocks|Volt Switch|p2a: Flutter Mane\n|-damage|p2a: Flutter Mane|60\/100\n|\n|t:|1682232443\n|-end|p1b: Sandy Shocks|Protosynthesis|[silent]\n|switch|p1b: Baxcalibur|Baxcalibur, L50, F|100\/100|[from] Volt Switch\n|move|p1a: Armarouge|Heat Wave|p2a: Flutter Mane|[spread] p2a\n|-activate|p2b: Chi-Yu|move: Protect\n|-damage|p2a: Flutter Mane|23\/100\n|\n|-heal|p2b: Chi-Yu|26\/100|[from] item: Leftovers\n|-heal|p1a: Armarouge|11\/100|[from] item: Leftovers\n|upkeep\n|turn|3\n|inactive|OnHoldWithTheIRS has 30 seconds left.\n|inactive|OnHoldWithTheIRS has 20 seconds left.\n|inactive|OnHoldWithTheIRS has 15 seconds left.\n|inactive|haha u rage quit has 30 seconds left.\n|inactive|OnHoldWithTheIRS has 10 seconds left.\n|\n|t:|1682232492\n|switch|p2b: Palafin|Palafin, L50, M|100\/100\n|-terastallize|p2a: Flutter Mane|Fairy\n|move|p1a: Armarouge|Protect|p1a: Armarouge\n|-singleturn|p1a: Armarouge|Protect\n|move|p1b: Baxcalibur|Ice Shard|p2a: Flutter Mane\n|-damage|p2a: Flutter Mane|0 fnt\n|faint|p2a: Flutter Mane\n|-end|p2a: Flutter Mane|Protosynthesis|[silent]\n|\n|-heal|p1a: Armarouge|18\/100|[from] item: Leftovers\n|upkeep\n|\n|t:|1682232507\n|switch|p2a: Chi-Yu|Chi-Yu, L50|26\/100\n|-ability|p2a: Chi-Yu|Beads of Ruin\n|turn|4\n|inactive|OnHoldWithTheIRS has 30 seconds left.\n|inactive|OnHoldWithTheIRS has 20 seconds left.\n|inactive|OnHoldWithTheIRS has 15 seconds left.\n|inactive|OnHoldWithTheIRS has 10 seconds left.\n|inactive|OnHoldWithTheIRS has 5 seconds left.\n|\n|t:|1682232559\n|detailschange|p2b: Palafin|Palafin-Hero, L50, M\n|switch|p2b: Arcanine|Arcanine, L50, M|100\/100\n|-ability|p2b: Arcanine|Intimidate|boost\n|-unboost|p1a: Armarouge|atk|1\n|-unboost|p1b: Baxcalibur|atk|1\n|move|p2a: Chi-Yu|Protect|p2a: Chi-Yu\n|-singleturn|p2a: Chi-Yu|Protect\n|move|p1b: Baxcalibur|Icicle Spear|p2a: Chi-Yu\n|-activate|p2a: Chi-Yu|move: Protect\n|move|p1a: Armarouge|Psychic|p2b: Arcanine\n|-damage|p2b: Arcanine|47\/100\n|\n|-heal|p2a: Chi-Yu|33\/100|[from] item: Leftovers\n|-heal|p1a: Armarouge|24\/100|[from] item: Leftovers\n|upkeep\n|turn|5\n|inactive|OnHoldWithTheIRS has 30 seconds left.\n|inactive|haha u rage quit has 30 seconds left.\n|inactive|OnHoldWithTheIRS has 20 seconds left.\n|inactive|OnHoldWithTheIRS has 15 seconds left.\n|\n|t:|1682232601\n|switch|p2b: Palafin|Palafin-Hero, L50, M|100\/100\n|-activate|p2b: Palafin|ability: Zero to Hero\n|move|p2a: Chi-Yu|Dark Pulse|p1b: Baxcalibur\n|-damage|p1b: Baxcalibur|53\/100\n|move|p1b: Baxcalibur|Glaive Rush|p2a: Chi-Yu\n|-damage|p2a: Chi-Yu|0 fnt\n|-singlemove|p1b: Baxcalibur|Glaive Rush|[silent]\n|faint|p2a: Chi-Yu\n|move|p1a: Armarouge|Psychic|p2b: Palafin\n|-damage|p2b: Palafin|61\/100\n|\n|-heal|p1a: Armarouge|30\/100|[from] item: Leftovers\n|upkeep\n|\n|t:|1682232616\n|switch|p2a: Arcanine|Arcanine, L50, M|47\/100\n|-ability|p2a: Arcanine|Intimidate|boost\n|-unboost|p1a: Armarouge|atk|1\n|-unboost|p1b: Baxcalibur|atk|1\n|turn|6\n|inactive|OnHoldWithTheIRS has 30 seconds left.\n|inactive|haha u rage quit has 30 seconds left.\n|inactive|OnHoldWithTheIRS has 20 seconds left.\n|\n|t:|1682232655\n|switch|p1b: Sandy Shocks|Sandy Shocks, L50|42\/100\n|move|p1a: Armarouge|Protect|p1a: Armarouge\n|-singleturn|p1a: Armarouge|Protect\n|move|p2a: Arcanine|Extreme Speed|p1a: Armarouge\n|-activate|p1a: Armarouge|move: Protect\n|move|p2b: Palafin|Jet Punch|p1b: Sandy Shocks\n|-supereffective|p1b: Sandy Shocks\n|-damage|p1b: Sandy Shocks|0 fnt\n|faint|p1b: Sandy Shocks\n|-end|p1b: Sandy Shocks|Protosynthesis|[silent]\n|\n|-heal|p1a: Armarouge|36\/100|[from] item: Leftovers\n|upkeep\n|\n|t:|1682232673\n|switch|p1b: Rotom|Rotom-Wash, L50|100\/100\n|turn|7\n|inactive|OnHoldWithTheIRS has 30 seconds left.\n|\n|t:|1682232707\n|move|p2b: Palafin|Protect|p2b: Palafin\n|-singleturn|p2b: Palafin|Protect\n|move|p2a: Arcanine|Wild Charge|p1b: Rotom\n|-damage|p1b: Rotom|74\/100\n|-damage|p2a: Arcanine|42\/100|[from] Recoil\n|move|p1b: Rotom|Thunderbolt|p2b: Palafin\n|-activate|p2b: Palafin|move: Protect\n|move|p1a: Armarouge|Psychic|p2a: Arcanine\n|-damage|p2a: Arcanine|0 fnt\n|faint|p2a: Arcanine\n|\n|-heal|p1a: Armarouge|43\/100|[from] item: Leftovers\n|upkeep\n|turn|8\n|-message|haha u rage quit forfeited.\n|\n|win|OnHoldWithTheIRS\n|raw|OnHoldWithTheIRS's rating: 1288 → 1308<\/strong> (+20 for winning)\n|raw|haha u rage quit's rating: 1221 → 1201<\/strong> (-20 for losing)\n|l|\u2606haha u rage quit\n|j|\u2606haha u rage quit\n|player|p2|haha u rage quit|pokemaniac\n|l|\u2606haha u rage quit\n|player|p2|\n","uploadtime":1682232749,"views":11,"p1id":"onholdwiththeirs","p2id":"hahauragequit","formatid":"gen9vgc2023regulationc","rating":1201,"private":0,"password":""}