{"id":"gen9vgc2023regulationc-1846038413","p1":"wolfhoundsix","p2":"Mashu2021","format":"[Gen 9] VGC 2023 Regulation C","log":"|j|\u2606wolfhoundsix\n|j|\u2606Mashu2021\n|t:|1681795636\n|gametype|doubles\n|player|p1|wolfhoundsix|266|1133\n|player|p2|Mashu2021|cynthia-gen4|1213\n|teamsize|p1|6\n|teamsize|p2|6\n|gen|9\n|tier|[Gen 9] VGC 2023 Regulation C\n|rated|\n|rule|Species Clause: Limit one of each Pok\u00e9mon\n|rule|Item Clause: Limit one of each item\n|clearpoke\n|poke|p1|Armarouge, L50, F|\n|poke|p1|Indeedee-F, L50, F|\n|poke|p1|Kingambit, L50, F|\n|poke|p1|Torkoal, L50, F|\n|poke|p1|Hydreigon, L50, M|\n|poke|p1|Rotom-Wash, L50|\n|poke|p2|Orthworm, L50, M|\n|poke|p2|Ting-Lu, L50|\n|poke|p2|Gyarados, L50, F|\n|poke|p2|Dragonite, L50, F|\n|poke|p2|Iron Bundle, L50|\n|poke|p2|Flutter Mane, L50|\n|teampreview|4\n|inactive|Battle timer is ON: inactive players will automatically lose when time's up. (requested by wolfhoundsix)\n|\n|t:|1681795658\n|start\n|switch|p1a: Armarouge|Armarouge, L50, F|100\/100\n|switch|p1b: Indeedee|Indeedee-F, L50, F|100\/100\n|switch|p2a: Orthworm|Orthworm, L50, M|100\/100\n|switch|p2b: Ting-Lu|Ting-Lu, L50|100\/100\n|-ability|p2b: Ting-Lu|Vessel of Ruin\n|turn|1\n|inactive|Mashu2021 has 30 seconds left.\n|inactive|Mashu2021 has 20 seconds left.\n|inactive|Mashu2021 has 15 seconds left.\n|\n|t:|1681795703\n|-terastallize|p2a: Orthworm|Fire\n|-terastallize|p1a: Armarouge|Grass\n|move|p1b: Indeedee|Helping Hand|p1a: Armarouge\n|-singleturn|p1a: Armarouge|Helping Hand|[of] p1b: Indeedee\n|move|p2a: Orthworm|Heavy Slam|p1b: Indeedee\n|-damage|p1b: Indeedee|50\/100\n|move|p1a: Armarouge|Energy Ball|p2b: Ting-Lu\n|-supereffective|p2b: Ting-Lu\n|-damage|p2b: Ting-Lu|30\/100\n|-damage|p1a: Armarouge|91\/100|[from] item: Life Orb\n|move|p2b: Ting-Lu|Earthquake|p1a: Armarouge|[spread] p1a,p1b\n|-immune|p2a: Orthworm|[from] ability: Earth Eater\n|-resisted|p1a: Armarouge\n|-crit|p1a: Armarouge\n|-damage|p1a: Armarouge|66\/100\n|-damage|p1b: Indeedee|2\/100\n|\n|upkeep\n|turn|2\n|inactive|Mashu2021 has 30 seconds left.\n|\n|t:|1681795729\n|move|p2a: Orthworm|Body Press|p1a: Armarouge\n|-damage|p1a: Armarouge|42\/100\n|move|p1a: Armarouge|Energy Ball|p2b: Ting-Lu\n|-supereffective|p2b: Ting-Lu\n|-damage|p2b: Ting-Lu|0 fnt\n|faint|p2b: Ting-Lu\n|-damage|p1a: Armarouge|32\/100|[from] item: Life Orb\n|move|p1b: Indeedee|Trick Room|p1b: Indeedee\n|-fieldstart|move: Trick Room|[of] p1b: Indeedee\n|\n|upkeep\n|\n|t:|1681795746\n|switch|p2b: Dragonite|Dragonite, L50, F|100\/100\n|turn|3\n|\n|t:|1681795766\n|move|p1b: Indeedee|Helping Hand|p1a: Armarouge\n|-singleturn|p1a: Armarouge|Helping Hand|[of] p1b: Indeedee\n|move|p2b: Dragonite|Extreme Speed|p1a: Armarouge\n|-damage|p1a: Armarouge|0 fnt\n|faint|p1a: Armarouge\n|move|p2a: Orthworm|Body Press|p1b: Indeedee\n|-damage|p1b: Indeedee|0 fnt\n|faint|p1b: Indeedee\n|\n|upkeep\n|\n|t:|1681795776\n|switch|p1a: Kingambit|Kingambit, L50, F|100\/100\n|switch|p1b: Torkoal|Torkoal, L50, F|100\/100\n|-weather|SunnyDay|[from] ability: Drought|[of] p1b: Torkoal\n|turn|4\n|\n|t:|1681795793\n|move|p2b: Dragonite|Extreme Speed|p1b: Torkoal\n|-damage|p1b: Torkoal|65\/100\n|move|p1b: Torkoal|Eruption|p2a: Orthworm|[spread] p2a,p2b\n|-resisted|p2a: Orthworm\n|-resisted|p2b: Dragonite\n|-damage|p2a: Orthworm|64\/100\n|-damage|p2b: Dragonite|85\/100\n|move|p1a: Kingambit|Kowtow Cleave|p2b: Dragonite\n|-damage|p2b: Dragonite|29\/100\n|move|p2a: Orthworm|Body Press|p1b: Torkoal\n|-damage|p1b: Torkoal|45\/100\n|\n|-weather|SunnyDay|[upkeep]\n|upkeep\n|turn|5\n|\n|t:|1681795815\n|move|p2b: Dragonite|Extreme Speed|p1b: Torkoal\n|-damage|p1b: Torkoal|9\/100\n|move|p1a: Kingambit|Sucker Punch||[still]\n|-fail|p1a: Kingambit\n|move|p1b: Torkoal|Eruption|p2b: Dragonite|[spread] p2a,p2b\n|-resisted|p2a: Orthworm\n|-resisted|p2b: Dragonite\n|-damage|p2a: Orthworm|60\/100\n|-damage|p2b: Dragonite|25\/100\n|move|p2a: Orthworm|Iron Defense|p2a: Orthworm\n|-boost|p2a: Orthworm|def|2\n|\n|-weather|SunnyDay|[upkeep]\n|upkeep\n|turn|6\n|\n|t:|1681795833\n|move|p2b: Dragonite|Extreme Speed|p1b: Torkoal\n|-damage|p1b: Torkoal|0 fnt\n|faint|p1b: Torkoal\n|move|p1a: Kingambit|Kowtow Cleave|p2b: Dragonite\n|-damage|p2b: Dragonite|0 fnt\n|faint|p2b: Dragonite\n|move|p2a: Orthworm|Body Press|p1a: Kingambit\n|-supereffective|p1a: Kingambit\n|-damage|p1a: Kingambit|0 fnt\n|faint|p1a: Kingambit\n|\n|win|Mashu2021\n|raw|wolfhoundsix's rating: 1133 → 1114<\/strong> (-19 for losing)\n|raw|Mashu2021's rating: 1213 → 1232<\/strong> (+19 for winning)\n|l|\u2606wolfhoundsix\n","uploadtime":1681795851,"views":7,"p1id":"wolfhoundsix","p2id":"mashu2021","formatid":"gen9vgc2023regulationc","rating":1114,"private":0,"password":""}