{"id":"gen9vgc2023regulationc-1854790848","p1":"SakuraRoll","p2":"Yuni Sensei","format":"[Gen 9] VGC 2023 Regulation C","log":"|j|\u2606SakuraRoll\n|j|\u2606Yuni Sensei\n|t:|1682866418\n|gametype|doubles\n|player|p1|SakuraRoll|1|1319\n|player|p2|Yuni Sensei|ninjaboy|1404\n|teamsize|p1|6\n|teamsize|p2|6\n|gen|9\n|tier|[Gen 9] VGC 2023 Regulation C\n|rated|\n|rule|Species Clause: Limit one of each Pok\u00e9mon\n|rule|Item Clause: Limit one of each item\n|clearpoke\n|poke|p1|Dachsbun, L50, M|\n|poke|p1|Chi-Yu, L50|\n|poke|p1|Iron Bundle, L50|\n|poke|p1|Gyarados, L50, F|\n|poke|p1|Amoonguss, L50, M|\n|poke|p1|Ting-Lu, L50|\n|poke|p2|Annihilape, L50, M|\n|poke|p2|Maushold, L50|\n|poke|p2|Talonflame, L50, M|\n|poke|p2|Ting-Lu, L50|\n|poke|p2|Gyarados, L50, M|\n|poke|p2|Brute Bonnet, L50|\n|teampreview|4\nSakuraRoll rejected open team sheets.\n|inactive|Battle timer is ON: inactive players will automatically lose when time's up. (requested by Yuni Sensei)\n|\n|t:|1682866441\n|start\n|switch|p1a: Ting-Lu|Ting-Lu, L50|100\/100\n|switch|p1b: Dachsbun|Dachsbun, L50, M|100\/100\n|switch|p2a: Talonflame|Talonflame, L50, M, shiny|100\/100\n|switch|p2b: Brute Bonnet|Brute Bonnet, L50|100\/100\n|-ability|p1a: Ting-Lu|Vessel of Ruin\n|turn|1\n|\n|t:|1682866457\n|move|p2a: Talonflame|Tailwind|p2a: Talonflame\n|-sidestart|p2: Yuni Sensei|move: Tailwind\n|move|p2b: Brute Bonnet|Spore|p1b: Dachsbun\n|-status|p1b: Dachsbun|slp|[from] move: Spore\n|cant|p1b: Dachsbun|slp\n|move|p1a: Ting-Lu|Stealth Rock|p2b: Brute Bonnet\n|-sidestart|p2: Yuni Sensei|move: Stealth Rock\n|\n|upkeep\n|turn|2\n|inactive|SakuraRoll has 30 seconds left.\n|inactive|SakuraRoll has 20 seconds left.\n|\n|t:|1682866498\n|switch|p1a: Gyarados|Gyarados, L50, F|100\/100\n|-ability|p1a: Gyarados|Intimidate|boost\n|-unboost|p2a: Talonflame|atk|1\n|-unboost|p2b: Brute Bonnet|atk|1\n|move|p2a: Talonflame|Will-O-Wisp|p1a: Gyarados\n|-status|p1a: Gyarados|brn\n|move|p2b: Brute Bonnet|Seed Bomb|p1b: Dachsbun\n|-damage|p1b: Dachsbun|67\/100 slp\n|-damage|p2b: Brute Bonnet|91\/100|[from] item: Life Orb\n|cant|p1b: Dachsbun|slp\n|\n|-heal|p1b: Dachsbun|73\/100 slp|[from] item: Leftovers\n|-damage|p1a: Gyarados|95\/100 brn|[from] brn\n|upkeep\n|turn|3\n|inactive|Yuni Sensei has 30 seconds left.\n|\n|t:|1682866526\n|move|p2a: Talonflame|Taunt|p1a: Gyarados\n|-start|p1a: Gyarados|move: Taunt\n|move|p2b: Brute Bonnet|Seed Bomb|p1b: Dachsbun\n|-damage|p1b: Dachsbun|42\/100 slp\n|-damage|p2b: Brute Bonnet|81\/100|[from] item: Life Orb\n|cant|p1b: Dachsbun|slp\n|cant|p1a: Gyarados|move: Taunt|Taunt\n|\n|-heal|p1b: Dachsbun|48\/100 slp|[from] item: Leftovers\n|-damage|p1a: Gyarados|89\/100 brn|[from] brn\n|upkeep\n|turn|4\n|inactive|Yuni Sensei has 30 seconds left.\n|\n|t:|1682866557\n|move|p2a: Talonflame|Brave Bird|p1b: Dachsbun\n|-damage|p1b: Dachsbun|26\/100 slp\n|-damage|p2a: Talonflame|94\/100|[from] Recoil\n|move|p2b: Brute Bonnet|Seed Bomb|p1b: Dachsbun\n|-damage|p1b: Dachsbun|0 fnt\n|faint|p1b: Dachsbun\n|-damage|p2b: Brute Bonnet|71\/100|[from] item: Life Orb\n|move|p1a: Gyarados|Waterfall|p2a: Talonflame\n|-supereffective|p2a: Talonflame\n|-damage|p2a: Talonflame|53\/100\n|\n|-damage|p1a: Gyarados|83\/100 brn|[from] brn\n|-sideend|p2: Yuni Sensei|move: Tailwind\n|upkeep\n|\n|t:|1682866571\n|switch|p1b: Chi-Yu|Chi-Yu, L50|100\/100\n|-ability|p1b: Chi-Yu|Beads of Ruin\n|turn|5\n|\n|t:|1682866593\n|switch|p1a: Ting-Lu|Ting-Lu, L50|100\/100\n|-ability|p1a: Ting-Lu|Vessel of Ruin\n|move|p2a: Talonflame|Tailwind|p2a: Talonflame\n|-sidestart|p2: Yuni Sensei|move: Tailwind\n|move|p2b: Brute Bonnet|Spore|p1b: Chi-Yu\n|-status|p1b: Chi-Yu|slp|[from] move: Spore\n|cant|p1b: Chi-Yu|slp\n|\n|upkeep\n|turn|6\n|inactive|SakuraRoll has 30 seconds left.\n|inactive|SakuraRoll has 20 seconds left.\n|inactive|SakuraRoll has 15 seconds left.\n|\n|t:|1682866637\n|-end|p2b: Brute Bonnet|Protosynthesis|[silent]\n|switch|p2b: Annihilape|Annihilape, L50, M|100\/100\n|-damage|p2b: Annihilape|94\/100|[from] Stealth Rock\n|move|p2a: Talonflame|Will-O-Wisp|p1a: Ting-Lu|[miss]\n|-miss|p2a: Talonflame|p1a: Ting-Lu\n|cant|p1b: Chi-Yu|slp\n|move|p1a: Ting-Lu|Stomping Tantrum|p2b: Annihilape\n|-damage|p2b: Annihilape|65\/100\n|\n|-heal|p2b: Annihilape|71\/100|[from] item: Leftovers\n|upkeep\n|turn|7\n|\n|t:|1682866659\n|move|p2a: Talonflame|Will-O-Wisp|p1a: Ting-Lu\n|-status|p1a: Ting-Lu|brn\n|move|p2b: Annihilape|Bulk Up|p2b: Annihilape\n|-boost|p2b: Annihilape|atk|1\n|-boost|p2b: Annihilape|def|1\n|cant|p1b: Chi-Yu|slp\n|move|p1a: Ting-Lu|Stomping Tantrum|p2b: Annihilape\n|-damage|p2b: Annihilape|60\/100\n|\n|-heal|p2b: Annihilape|66\/100|[from] item: Leftovers\n|-damage|p1a: Ting-Lu|94\/100 brn|[from] brn\n|upkeep\n|turn|8\n|inactive|SakuraRoll has 30 seconds left.\n|\n|t:|1682866687\n|move|p2a: Talonflame|Brave Bird|p1b: Chi-Yu\n|-damage|p1b: Chi-Yu|63\/100 slp\n|-damage|p2a: Talonflame|44\/100|[from] Recoil\n|move|p2b: Annihilape|Drain Punch|p1b: Chi-Yu\n|-supereffective|p1b: Chi-Yu\n|-damage|p1b: Chi-Yu|0 fnt\n|-heal|p2b: Annihilape|86\/100|[from] drain|[of] p1b: Chi-Yu\n|faint|p1b: Chi-Yu\n|move|p1a: Ting-Lu|Stomping Tantrum|p2b: Annihilape\n|-damage|p2b: Annihilape|75\/100\n|\n|-heal|p2b: Annihilape|82\/100|[from] item: Leftovers\n|-damage|p1a: Ting-Lu|88\/100 brn|[from] brn\n|-sideend|p2: Yuni Sensei|move: Tailwind\n|upkeep\n|inactive|SakuraRoll has 30 seconds left.\n|\n|t:|1682866713\n|switch|p1b: Gyarados|Gyarados, L50, F|83\/100 brn\n|-ability|p1b: Gyarados|Intimidate|boost\n|-unboost|p2a: Talonflame|atk|1\n|-unboost|p2b: Annihilape|atk|1\n|-ability|p2b: Annihilape|Defiant|boost\n|-boost|p2b: Annihilape|atk|2\n|turn|9\n|inactive|Yuni Sensei has 30 seconds left.\n|\n|t:|1682866747\n|move|p2a: Talonflame|Taunt|p1b: Gyarados\n|-start|p1b: Gyarados|move: Taunt\n|move|p2b: Annihilape|Drain Punch|p1a: Ting-Lu\n|-supereffective|p1a: Ting-Lu\n|-damage|p1a: Ting-Lu|14\/100 brn\n|-heal|p2b: Annihilape|100\/100|[from] drain|[of] p1a: Ting-Lu\n|move|p1b: Gyarados|Waterfall|p2a: Talonflame\n|-supereffective|p2a: Talonflame\n|-damage|p2a: Talonflame|2\/100\n|move|p1a: Ting-Lu|Stomping Tantrum|p2b: Annihilape\n|-damage|p2b: Annihilape|90\/100\n|\n|-heal|p2b: Annihilape|97\/100|[from] item: Leftovers\n|-damage|p1b: Gyarados|77\/100 brn|[from] brn\n|-damage|p1a: Ting-Lu|8\/100 brn|[from] brn\n|upkeep\n|turn|10\n|c|\u2606Yuni Sensei|gg\n|-message|SakuraRoll forfeited.\n|\n|win|Yuni Sensei\n|raw|SakuraRoll's rating: 1319 → 1304<\/strong> (-15 for losing)\n|raw|Yuni Sensei's rating: 1404 → 1419<\/strong> (+15 for winning)\n|l|\u2606SakuraRoll\n","uploadtime":1682866774,"views":15,"p1id":"sakuraroll","p2id":"yunisensei","formatid":"gen9vgc2023regulationc","rating":1304,"private":0,"password":""}