{"id":"gen9vgc2023regulationc-1848833199","p1":"rudyxkam","p2":"withane","format":"[Gen 9] VGC 2023 Regulation C","log":"|j|\u2606rudyxkam\n|j|\u2606withane\n|t:|1682115363\n|gametype|doubles\n|player|p1|rudyxkam|gardenia|1214\n|player|p2|withane|266|1319\n|teamsize|p1|6\n|teamsize|p2|6\n|gen|9\n|tier|[Gen 9] VGC 2023 Regulation C\n|rated|\n|rule|Species Clause: Limit one of each Pok\u00e9mon\n|rule|Item Clause: Limit one of each item\n|clearpoke\n|poke|p1|Grimmsnarl, L50, M|\n|poke|p1|Talonflame, L50, M|\n|poke|p1|Baxcalibur, L50, F|\n|poke|p1|Corviknight, L50, M|\n|poke|p1|Ting-Lu, L50|\n|poke|p1|Flutter Mane, L50|\n|poke|p2|Torkoal, L50, M|\n|poke|p2|Jumpluff, L50, F|\n|poke|p2|Flutter Mane, L50|\n|poke|p2|Great Tusk, L50|\n|poke|p2|Chien-Pao, L50|\n|poke|p2|Kingambit, L50, F|\n|teampreview|4\n|inactive|Battle timer is ON: inactive players will automatically lose when time's up. (requested by rudyxkam)\n|c|\u2606rudyxkam|glhf!\nrudyxkam has agreed to open team sheets.\n|inactive|rudyxkam has 60 seconds left.\n|inactive|rudyxkam has 30 seconds left.\n|l|\u2606withane\n|inactive|withane disconnected and has a minute to reconnect!\n|player|p2|\n|\n|t:|1682115425\n|start\n|switch|p1a: T. Gojira|Baxcalibur, L50, F, shiny|100\/100\n|switch|p1b: Rodan|Talonflame, L50, M, shiny|100\/100\n|switch|p2a: Torkh|Torkoal, L50, M|100\/100\n|switch|p2b: Gradte|Great Tusk, L50|100\/100\n|-weather|SunnyDay|[from] ability: Drought|[of] p2a: Torkh\n|-activate|p2b: Gradte|ability: Protosynthesis\n|-start|p2b: Gradte|protosynthesisatk\n|turn|1\n|j|\u2606withane\n|inactive|withane reconnected and has 45 seconds left.\n|player|p2|withane|266\n|inactive|rudyxkam has 30 seconds left.\n|\n|t:|1682115454\n|-terastallize|p2b: Gradte|Fire\n|-terastallize|p1a: T. Gojira|Poison\n|move|p1b: Rodan|Tailwind|p1b: Rodan\n|-sidestart|p1: rudyxkam|move: Tailwind\n|move|p2b: Gradte|Rock Slide|p1b: Rodan|[spread] p1a,p1b\n|-supereffective|p1b: Rodan\n|-crit|p1b: Rodan\n|-damage|p1a: T. Gojira|80\/100\n|-damage|p1b: Rodan|0 fnt\n|faint|p1b: Rodan\n|move|p1a: T. Gojira|Icicle Crash|p2b: Gradte\n|-resisted|p2b: Gradte\n|-damage|p2b: Gradte|83\/100\n|move|p2a: Torkh|Overheat|p1a: T. Gojira|[miss]\n|-miss|p2a: Torkh|p1a: T. Gojira\n|\n|-weather|SunnyDay|[upkeep]\n|upkeep\n|inactive|rudyxkam has 30 seconds left.\n|inactive|rudyxkam has 20 seconds left.\n|\n|t:|1682115490\n|switch|p1b: Shobijin|Flutter Mane, L50, shiny|100\/100\n|-activate|p1b: Shobijin|ability: Protosynthesis\n|-start|p1b: Shobijin|protosynthesisspe\n|turn|2\n|\n|t:|1682115503\n|move|p1a: T. Gojira|Ice Shard|p2b: Gradte\n|-resisted|p2b: Gradte\n|-damage|p2b: Gradte|74\/100\n|move|p1b: Shobijin|Shadow Ball|p2b: Gradte\n|-damage|p2b: Gradte|0 fnt\n|faint|p2b: Gradte\n|-end|p2b: Gradte|Protosynthesis|[silent]\n|move|p2a: Torkh|Overheat|p1b: Shobijin\n|-damage|p1b: Shobijin|35\/100\n|-unboost|p2a: Torkh|spa|2\n|-enditem|p2a: Torkh|Eject Pack\n|\n|t:|1682115514\n|switch|p2a: Jumbp|Jumpluff, L50, F|100\/100\n|\n|-weather|SunnyDay|[upkeep]\n|upkeep\n|\n|t:|1682115523\n|switch|p2b: Kinbgit|Kingambit, L50, F|100\/100\n|turn|3\n|\n|t:|1682115531\n|-end|p1b: Shobijin|Protosynthesis|[silent]\n|switch|p1b: Gigan|Corviknight, L50, M, shiny|100\/100\n|move|p1a: T. Gojira|Ice Shard|p2a: Jumbp\n|-supereffective|p2a: Jumbp\n|-damage|p2a: Jumbp|0 fnt\n|faint|p2a: Jumbp\n|move|p2b: Kinbgit|Iron Head|p1b: Gigan\n|-resisted|p1b: Gigan\n|-damage|p1b: Gigan|85\/100\n|\n|-weather|SunnyDay|[upkeep]\n|upkeep\n|\n|t:|1682115540\n|switch|p2a: Torkh|Torkoal, L50, M|100\/100\n|turn|4\n|\n|t:|1682115551\n|switch|p1b: Shobijin|Flutter Mane, L50, shiny|35\/100\n|-activate|p1b: Shobijin|ability: Protosynthesis\n|-start|p1b: Shobijin|protosynthesisspe\n|move|p1a: T. Gojira|Glaive Rush|p2a: Torkh\n|-damage|p2a: Torkh|48\/100\n|-singlemove|p1a: T. Gojira|Glaive Rush|[silent]\n|move|p2b: Kinbgit|Iron Head|p1a: T. Gojira\n|-damage|p1a: T. Gojira|0 fnt\n|faint|p1a: T. Gojira\n|move|p2a: Torkh|Overheat|p1b: Shobijin\n|-damage|p1b: Shobijin|0 fnt\n|-unboost|p2a: Torkh|spa|2\n|faint|p1b: Shobijin\n|-end|p1b: Shobijin|Protosynthesis|[silent]\n|\n|-weather|SunnyDay|[upkeep]\n|-sideend|p1: rudyxkam|move: Tailwind\n|upkeep\n|\n|t:|1682115563\n|switch|p1b: Gigan|Corviknight, L50, M, shiny|85\/100\n|turn|5\n|\n|t:|1682115571\n|move|p1b: Gigan|Bulk Up|p1b: Gigan\n|-boost|p1b: Gigan|atk|1\n|-boost|p1b: Gigan|def|1\n|move|p2b: Kinbgit|Kowtow Cleave|p1b: Gigan\n|-damage|p1b: Gigan|61\/100\n|move|p2a: Torkh|Yawn|p1b: Gigan\n|-start|p1b: Gigan|move: Yawn|[of] p2a: Torkh\n|\n|-weather|none\n|upkeep\n|turn|6\n|\n|t:|1682115588\n|move|p1b: Gigan|Roost|p1b: Gigan\n|-heal|p1b: Gigan|100\/100\n|-singleturn|p1b: Gigan|move: Roost\n|move|p2b: Kinbgit|Kowtow Cleave|p1b: Gigan\n|-damage|p1b: Gigan|77\/100\n|move|p2a: Torkh|Overheat|p1b: Gigan\n|-supereffective|p1b: Gigan\n|-damage|p1b: Gigan|43\/100\n|-unboost|p2a: Torkh|spa|2\n|\n|-end|p1b: Gigan|move: Yawn|[silent]\n|-status|p1b: Gigan|slp\n|upkeep\n|turn|7\n|c|\u2606rudyxkam|gg\n|\n|t:|1682115600\n|cant|p1b: Gigan|slp\n|move|p2b: Kinbgit|Kowtow Cleave|p1b: Gigan\n|-damage|p1b: Gigan|20\/100 slp\n|move|p2a: Torkh|Overheat|p1b: Gigan|[miss]\n|-miss|p2a: Torkh|p1b: Gigan\n|\n|upkeep\n|turn|8\n|\n|t:|1682115609\n|move|p2a: Torkh|Helping Hand|p2b: Kinbgit\n|-singleturn|p2b: Kinbgit|Helping Hand|[of] p2a: Torkh\n|cant|p1b: Gigan|slp\n|move|p2b: Kinbgit|Kowtow Cleave|p1b: Gigan\n|-damage|p1b: Gigan|0 fnt\n|faint|p1b: Gigan\n|\n|win|withane\n|raw|rudyxkam's rating: 1214 → 1196<\/strong> (-18 for losing)\n|raw|withane's rating: 1319 → 1333<\/strong> (+14 for winning)\n|l|\u2606withane\n","uploadtime":1682115618,"views":9,"p1id":"rudyxkam","p2id":"withane","formatid":"gen9vgc2023regulationc","rating":1196,"private":0,"password":""}