{"id":"gen9vgc2023regulationc-1854915446","p1":"Betty23333","p2":"pablitopablito","format":"[Gen 9] VGC 2023 Regulation C","log":"|j|\u2606Betty23333\n|j|\u2606pablitopablito\n|t:|1682880345\n|gametype|doubles\n|player|p1|Betty23333|lass-gen4dp|1056\n|player|p2|pablitopablito|170|1121\n|teamsize|p1|6\n|teamsize|p2|6\n|gen|9\n|tier|[Gen 9] VGC 2023 Regulation C\n|rated|\n|rule|Species Clause: Limit one of each Pok\u00e9mon\n|rule|Item Clause: Limit one of each item\n|clearpoke\n|poke|p1|Arcanine, L50, F|\n|poke|p1|Glaceon, L50, F|\n|poke|p1|Slowking, L50, M|\n|poke|p1|Mimikyu, L50, F|\n|poke|p1|Amoonguss, L50, F|\n|poke|p1|Abomasnow, L50, F|\n|poke|p2|Glimmora, L50, F|\n|poke|p2|Arcanine, L50, F|\n|poke|p2|Kingambit, L50, F|\n|poke|p2|Iron Bundle, L50|\n|poke|p2|Tatsugiri, L50, F|\n|poke|p2|Dondozo, L50, F|\n|teampreview|4\n|inactive|Battle timer is ON: inactive players will automatically lose when time's up. (requested by pablitopablito)\n|\n|t:|1682880389\n|start\n|switch|p1a: Glaceon|Glaceon, L50, F|100\/100\n|switch|p1b: Slowking|Slowking, L50, M|100\/100\n|switch|p2a: Glimmora|Glimmora, L50, F|100\/100\n|switch|p2b: Dondozo|Dondozo, L50, F|100\/100\n|turn|1\n|\n|t:|1682880406\n|move|p1a: Glaceon|Protect|p1a: Glaceon\n|-singleturn|p1a: Glaceon|Protect\n|move|p2a: Glimmora|Mortal Spin|p1b: Slowking|[spread] p1b\n|-activate|p1a: Glaceon|move: Protect\n|-damage|p1b: Slowking|96\/100\n|-status|p1b: Slowking|psn\n|move|p2b: Dondozo|Substitute|p2b: Dondozo\n|-start|p2b: Dondozo|Substitute\n|-damage|p2b: Dondozo|76\/100\n|move|p1b: Slowking|Chilly Reception|p1b: Slowking\n|-weather|Snow\n|\n|t:|1682880422\n|switch|p1b: Abomasnow|Abomasnow, L50, F|100\/100|[from] Chilly Reception\n|\n|-weather|Snow|[upkeep]\n|-heal|p2b: Dondozo|82\/100|[from] item: Leftovers\n|upkeep\n|turn|2\n|\n|t:|1682880437\n|switch|p2a: Tatsugiri|Tatsugiri, L50, F|100\/100\n|-activate|p2a: Tatsugiri|ability: Commander|[of] p2b: Dondozo\n|-boost|p2b: Dondozo|atk|2\n|-boost|p2b: Dondozo|spa|2\n|-boost|p2b: Dondozo|spe|2\n|-boost|p2b: Dondozo|def|2\n|-boost|p2b: Dondozo|spd|2\n|move|p2b: Dondozo|Order Up|p1a: Glaceon\n|-damage|p1a: Glaceon|69\/100\n|-boost|p2b: Dondozo|atk|1\n|move|p1a: Glaceon|Blizzard|p2b: Dondozo|[spread] p2b\n|-miss|p1a: Glaceon|p2a: Tatsugiri\n|-resisted|p2b: Dondozo\n|-activate|p2b: Dondozo|move: Substitute|[damage]\n|move|p1b: Abomasnow|Aurora Veil|p1b: Abomasnow\n|-sidestart|p1: Betty23333|move: Aurora Veil\n|\n|-weather|Snow|[upkeep]\n|-heal|p1a: Glaceon|74\/100|[from] ability: Ice Body\n|-heal|p2b: Dondozo|88\/100|[from] item: Leftovers\n|-heal|p1a: Glaceon|80\/100|[from] item: Leftovers\n|upkeep\n|turn|3\n|inactive|Betty23333 has 30 seconds left.\n|inactive|Betty23333 has 20 seconds left.\n|inactive|Betty23333 has 15 seconds left.\n|inactive|Betty23333 has 10 seconds left.\n|\n|t:|1682880487\n|-terastallize|p1a: Glaceon|Ice\n|move|p2b: Dondozo|Order Up|p1a: Glaceon\n|-damage|p1a: Glaceon|53\/100\n|-boost|p2b: Dondozo|atk|1\n|move|p1a: Glaceon|Freeze-Dry|p2b: Dondozo\n|-supereffective|p2b: Dondozo\n|-end|p2b: Dondozo|Substitute\n|move|p1b: Abomasnow|Rock Tomb|p2b: Dondozo\n|-damage|p2b: Dondozo|85\/100\n|-unboost|p2b: Dondozo|spe|1\n|\n|-weather|Snow|[upkeep]\n|-heal|p1a: Glaceon|59\/100|[from] ability: Ice Body\n|-heal|p1a: Glaceon|64\/100|[from] item: Leftovers\n|-heal|p2b: Dondozo|91\/100|[from] item: Leftovers\n|upkeep\n|turn|4\n|\n|t:|1682880510\n|move|p1a: Glaceon|Freeze-Dry|p2b: Dondozo\n|-supereffective|p2b: Dondozo\n|-damage|p2b: Dondozo|35\/100\n|move|p2b: Dondozo|Order Up|p1b: Abomasnow\n|-damage|p1b: Abomasnow|71\/100\n|-boost|p2b: Dondozo|atk|1\n|move|p1b: Abomasnow|Rock Tomb|p2b: Dondozo\n|-damage|p2b: Dondozo|31\/100\n|-unboost|p2b: Dondozo|spe|1\n|\n|-weather|Snow|[upkeep]\n|-heal|p1a: Glaceon|70\/100|[from] ability: Ice Body\n|-heal|p1a: Glaceon|76\/100|[from] item: Leftovers\n|-heal|p2b: Dondozo|37\/100|[from] item: Leftovers\n|upkeep\n|turn|5\n|\n|t:|1682880525\n|move|p2b: Dondozo|Protect|p2b: Dondozo\n|-singleturn|p2b: Dondozo|Protect\n|move|p1a: Glaceon|Freeze-Dry|p2b: Dondozo\n|-activate|p2b: Dondozo|move: Protect\n|move|p1b: Abomasnow|Rock Tomb|p2b: Dondozo\n|-activate|p2b: Dondozo|move: Protect\n|\n|-weather|none\n|-heal|p1a: Glaceon|82\/100|[from] item: Leftovers\n|-heal|p2b: Dondozo|43\/100|[from] item: Leftovers\n|upkeep\n|turn|6\n|\n|t:|1682880547\n|move|p1a: Glaceon|Freeze-Dry|p2b: Dondozo\n|-supereffective|p2b: Dondozo\n|-damage|p2b: Dondozo|0 fnt\n|faint|p2b: Dondozo\n|move|p1b: Abomasnow|Leech Seed|p2a: Tatsugiri\n|-start|p2a: Tatsugiri|move: Leech Seed\n|\n|-heal|p1a: Glaceon|88\/100|[from] item: Leftovers\n|-damage|p2a: Tatsugiri|88\/100|[from] Leech Seed|[of] p1b: Abomasnow\n|-heal|p1b: Abomasnow|80\/100|[silent]\n|-sideend|p1: Betty23333|move: Aurora Veil\n|upkeep\n|\n|t:|1682880556\n|switch|p2b: Arcanine|Arcanine, L50, F|100\/100\n|-ability|p2b: Arcanine|Intimidate|boost\n|-unboost|p1a: Glaceon|atk|1\n|-unboost|p1b: Abomasnow|atk|1\n|turn|7\n|inactive|Betty23333 has 30 seconds left.\n|\n|t:|1682880587\n|switch|p2a: Glimmora|Glimmora, L50, F|100\/100\n|switch|p1a: Mimikyu|Mimikyu, L50, F|100\/100\n|switch|p1b: Slowking|Slowking, L50, M|100\/100 psn\n|move|p2b: Arcanine|Flare Blitz|p1b: Slowking\n|-resisted|p1b: Slowking\n|-damage|p1b: Slowking|73\/100 psn\n|-damage|p2b: Arcanine|91\/100|[from] Recoil\n|\n|-damage|p1b: Slowking|60\/100 psn|[from] psn\n|upkeep\n|turn|8\n|inactive|pablitopablito has 30 seconds left.\n|inactive|pablitopablito has 20 seconds left.\n|\n|t:|1682880624\n|move|p2b: Arcanine|Protect|p2b: Arcanine\n|-singleturn|p2b: Arcanine|Protect\n|move|p1a: Mimikyu|Wood Hammer|p2a: Glimmora\n|-damage|p2a: Glimmora|67\/100\n|-activate|p2a: Glimmora|ability: Toxic Debris\n|-sidestart|p1: Betty23333|move: Toxic Spikes\n|-damage|p1a: Mimikyu|88\/100|[from] Recoil\n|-damage|p1a: Mimikyu|78\/100|[from] item: Life Orb\n|move|p2a: Glimmora|Mortal Spin|p1a: Mimikyu|[spread] p1a,p1b\n|-activate|p1a: Mimikyu|ability: Disguise\n|-damage|p1a: Mimikyu|78\/100\n|-damage|p1b: Slowking|56\/100 psn\n|-status|p1a: Mimikyu|psn\n|detailschange|p1a: Mimikyu|Mimikyu-Busted, L50, F\n|-damage|p1a: Mimikyu|65\/100 psn|[from] pokemon: Mimikyu-Busted\n|move|p1b: Slowking|Hydro Pump|p2b: Arcanine\n|-activate|p2b: Arcanine|move: Protect\n|\n|-damage|p1a: Mimikyu|53\/100 psn|[from] psn\n|-damage|p1b: Slowking|44\/100 psn|[from] psn\n|upkeep\n|-enditem|p1b: Slowking|Sitrus Berry|[eat]\n|-heal|p1b: Slowking|68\/100 psn|[from] item: Sitrus Berry\n|turn|9\n|inactive|Betty23333 has 30 seconds left.\n|inactive|Betty23333 has 20 seconds left.\n|\n|t:|1682880661\n|-terastallize|p2b: Arcanine|Normal\n|move|p1a: Mimikyu|Wood Hammer|p2a: Glimmora\n|-damage|p2a: Glimmora|35\/100\n|-activate|p2a: Glimmora|ability: Toxic Debris\n|-sidestart|p1: Betty23333|move: Toxic Spikes\n|-damage|p1a: Mimikyu|41\/100 psn|[from] Recoil\n|-damage|p1a: Mimikyu|31\/100 psn|[from] item: Life Orb\n|move|p2b: Arcanine|Flare Blitz|p1a: Mimikyu\n|-damage|p1a: Mimikyu|0 fnt\n|faint|p1a: Mimikyu\n|-damage|p2b: Arcanine|83\/100|[from] Recoil\n|move|p2a: Glimmora|Energy Ball|p1b: Slowking\n|-supereffective|p1b: Slowking\n|-damage|p1b: Slowking|23\/100 psn\n|move|p1b: Slowking|Chilly Reception|p1b: Slowking\n|-weather|Snow\n|inactive|Betty23333 has 30 seconds left.\n|\n|t:|1682880695\n|switch|p1b: Abomasnow|Abomasnow, L50, F|80\/100|[from] Chilly Reception\n|-status|p1b: Abomasnow|tox\n|\n|-weather|Snow|[upkeep]\n|-damage|p1b: Abomasnow|74\/100 tox|[from] psn\n|upkeep\n|\n|t:|1682880705\n|switch|p1a: Glaceon|Glaceon, L50, F, tera:Ice|88\/100\n|-status|p1a: Glaceon|tox\n|turn|10\n|inactive|pablitopablito has 30 seconds left.\n|inactive|Betty23333 has 30 seconds left.\n|inactive|pablitopablito has 20 seconds left.\n|inactive|pablitopablito has 15 seconds left.\n|inactive|pablitopablito has 10 seconds left.\n|inactive|pablitopablito has 5 seconds left.\n|\n|t:|1682880760\n|move|p1a: Glaceon|Protect|p1a: Glaceon\n|-singleturn|p1a: Glaceon|Protect\n|move|p2b: Arcanine|Extreme Speed|p1b: Abomasnow\n|-damage|p1b: Abomasnow|46\/100 tox\n|move|p2a: Glimmora|Power Gem|p1b: Abomasnow\n|-supereffective|p1b: Abomasnow\n|-damage|p1b: Abomasnow|0 fnt\n|faint|p1b: Abomasnow\n|\n|-weather|Snow|[upkeep]\n|-heal|p1a: Glaceon|94\/100 tox|[from] ability: Ice Body\n|-heal|p1a: Glaceon|99\/100 tox|[from] item: Leftovers\n|-damage|p1a: Glaceon|94\/100 tox|[from] psn\n|upkeep\n|\n|t:|1682880771\n|switch|p1b: Slowking|Slowking, L50, M|56\/100 psn\n|turn|11\n|\n|t:|1682880788\n|move|p2b: Arcanine|Extreme Speed|p1b: Slowking\n|-damage|p1b: Slowking|14\/100 psn\n|move|p2a: Glimmora|Power Gem|p1a: Glaceon\n|-supereffective|p1a: Glaceon\n|-damage|p1a: Glaceon|16\/100 tox\n|move|p1a: Glaceon|Blizzard|p2a: Glimmora|[spread] p2a,p2b\n|-damage|p2a: Glimmora|0 fnt\n|-damage|p2b: Arcanine|12\/100\n|-enditem|p2b: Arcanine|Sitrus Berry|[eat]\n|-heal|p2b: Arcanine|37\/100|[from] item: Sitrus Berry\n|faint|p2a: Glimmora\n|move|p1b: Slowking|Trick Room|p1b: Slowking\n|-fieldstart|move: Trick Room|[of] p1b: Slowking\n|\n|-weather|Snow|[upkeep]\n|-heal|p1a: Glaceon|21\/100 tox|[from] ability: Ice Body\n|-heal|p1a: Glaceon|27\/100 tox|[from] item: Leftovers\n|-damage|p1b: Slowking|2\/100 psn|[from] psn\n|-damage|p1a: Glaceon|16\/100 tox|[from] psn\n|upkeep\n|\n|t:|1682880805\n|switch|p2a: Tatsugiri|Tatsugiri, L50, F|88\/100\n|turn|12\n|\n|t:|1682880824\n|move|p2b: Arcanine|Protect|p2b: Arcanine\n|-singleturn|p2b: Arcanine|Protect\n|move|p1b: Slowking|Hydro Pump|p2b: Arcanine\n|-activate|p2b: Arcanine|move: Protect\n|move|p1a: Glaceon|Freeze-Dry|p2a: Tatsugiri\n|-supereffective|p2a: Tatsugiri\n|-damage|p2a: Tatsugiri|0 fnt\n|faint|p2a: Tatsugiri\n|\n|-weather|Snow|[upkeep]\n|-heal|p1a: Glaceon|21\/100 tox|[from] ability: Ice Body\n|-heal|p1a: Glaceon|27\/100 tox|[from] item: Leftovers\n|-damage|p1b: Slowking|0 fnt|[from] psn\n|faint|p1b: Slowking\n|-damage|p1a: Glaceon|10\/100 tox|[from] psn\n|upkeep\n|turn|13\n|inactive|pablitopablito has 30 seconds left.\n|\n|t:|1682880859\n|move|p2b: Arcanine|Extreme Speed|p1a: Glaceon\n|-damage|p1a: Glaceon|0 fnt\n|faint|p1a: Glaceon\n|\n|win|pablitopablito\n|raw|Betty23333's rating: 1056 → 1041<\/strong> (-15 for losing)\n|raw|pablitopablito's rating: 1121 → 1141<\/strong> (+20 for winning)\n|l|\u2606pablitopablito\n","uploadtime":1682880869,"views":8,"p1id":"betty23333","p2id":"pablitopablito","formatid":"gen9vgc2023regulationc","rating":1041,"private":0,"password":""}