{"id":"gen9vgc2023regulationc-1845078463","p1":"ketita","p2":"Ricardo Randorez","format":"[Gen 9] VGC 2023 Regulation C","log":"|j|\u2606ketita\n|j|\u2606Ricardo Randorez\n|t:|1681681034\n|gametype|doubles\n|player|p1|ketita|102|1097\n|player|p2|Ricardo Randorez|170|1119\n|teamsize|p1|6\n|teamsize|p2|6\n|gen|9\n|tier|[Gen 9] VGC 2023 Regulation C\n|rated|\n|rule|Species Clause: Limit one of each Pok\u00e9mon\n|rule|Item Clause: Limit one of each item\n|clearpoke\n|poke|p1|Lycanroc-Midnight, L50, M|\n|poke|p1|Bombirdier, L50, F|\n|poke|p1|Ting-Lu, L50|\n|poke|p1|Tyranitar, L50, M|\n|poke|p1|Gholdengo, L50|\n|poke|p1|Dragonite, L50, F|\n|poke|p2|Arcanine, L50, M|\n|poke|p2|Gyarados, L50, F|\n|poke|p2|Flutter Mane, L50|\n|poke|p2|Volcarona, L50, F|\n|poke|p2|Gothitelle, L50, F|\n|poke|p2|Ting-Lu, L50|\n|teampreview|4\n|inactive|Battle timer is ON: inactive players will automatically lose when time's up. (requested by ketita)\n|\n|t:|1681681059\n|start\n|switch|p1a: Lycanroc|Lycanroc-Midnight, L50, M|100\/100\n|switch|p1b: Ting-Lu|Ting-Lu, L50|100\/100\n|switch|p2a: Gyarados|Gyarados, L50, F|100\/100\n|switch|p2b: Flutter Mane|Flutter Mane, L50|100\/100\n|-ability|p2a: Gyarados|Intimidate|boost\n|-unboost|p1a: Lycanroc|atk|1\n|-unboost|p1b: Ting-Lu|atk|1\n|-ability|p1b: Ting-Lu|Vessel of Ruin\n|-enditem|p2b: Flutter Mane|Booster Energy\n|-activate|p2b: Flutter Mane|ability: Protosynthesis|[fromitem]\n|-start|p2b: Flutter Mane|protosynthesisspe\n|turn|1\n|inactive|ketita has 30 seconds left.\n|inactive|Ricardo Randorez has 30 seconds left.\n|inactive|ketita has 20 seconds left.\n|inactive|ketita has 15 seconds left.\n|inactive|Ricardo Randorez has 20 seconds left.\n|inactive|Ricardo Randorez has 15 seconds left.\n|\n|t:|1681681108\n|move|p1a: Lycanroc|Protect|p1a: Lycanroc\n|-singleturn|p1a: Lycanroc|Protect\n|move|p2b: Flutter Mane|Moonblast|p1a: Lycanroc\n|-activate|p1a: Lycanroc|move: Protect\n|move|p2a: Gyarados|Dragon Dance|p2a: Gyarados\n|-boost|p2a: Gyarados|atk|1\n|-boost|p2a: Gyarados|spe|1\n|move|p1b: Ting-Lu|Fissure|p2b: Flutter Mane\n|-damage|p2b: Flutter Mane|0 fnt\n|faint|p2b: Flutter Mane\n|-end|p2b: Flutter Mane|Protosynthesis|[silent]\n|-ohko\n|\n|upkeep\n|\n|t:|1681681123\n|switch|p2b: Arcanine|Arcanine, L50, M|100\/100\n|-ability|p2b: Arcanine|Intimidate|boost\n|-unboost|p1a: Lycanroc|atk|1\n|-unboost|p1b: Ting-Lu|atk|1\n|turn|2\n|\n|t:|1681681148\n|-terastallize|p1b: Ting-Lu|Ghost\n|move|p2a: Gyarados|Waterfall|p1a: Lycanroc\n|-supereffective|p1a: Lycanroc\n|-enditem|p1a: Lycanroc|Focus Sash\n|-damage|p1a: Lycanroc|1\/100\n|move|p2b: Arcanine|Will-O-Wisp|p1b: Ting-Lu|[miss]\n|-miss|p2b: Arcanine|p1b: Ting-Lu\n|cant|p1a: Lycanroc|flinch\n|move|p1b: Ting-Lu|Fissure|p2b: Arcanine|[miss]\n|-miss|p1b: Ting-Lu|p2b: Arcanine\n|\n|upkeep\n|turn|3\n|\n|t:|1681681165\n|move|p1a: Lycanroc|Protect|p1a: Lycanroc\n|-singleturn|p1a: Lycanroc|Protect\n|move|p2b: Arcanine|Extreme Speed|p1a: Lycanroc\n|-activate|p1a: Lycanroc|move: Protect\n|move|p2a: Gyarados|Waterfall|p1b: Ting-Lu\n|-damage|p1b: Ting-Lu|67\/100\n|move|p1b: Ting-Lu|Stomping Tantrum|p2b: Arcanine\n|-supereffective|p2b: Arcanine\n|-damage|p2b: Arcanine|12\/100\n|\n|upkeep\n|turn|4\n|\n|t:|1681681180\n|move|p2b: Arcanine|Extreme Speed|p1a: Lycanroc\n|-resisted|p1a: Lycanroc\n|-damage|p1a: Lycanroc|0 fnt\n|faint|p1a: Lycanroc\n|move|p2a: Gyarados|Dragon Dance|p2a: Gyarados\n|-boost|p2a: Gyarados|atk|1\n|-boost|p2a: Gyarados|spe|1\n|move|p1b: Ting-Lu|Heavy Slam|p2b: Arcanine\n|-resisted|p2b: Arcanine\n|-damage|p2b: Arcanine|3\/100\n|\n|upkeep\n|\n|t:|1681681186\n|switch|p1a: Tyranitar|Tyranitar, L50, M|100\/100\n|-weather|Sandstorm|[from] ability: Sand Stream|[of] p1a: Tyranitar\n|turn|5\n|\n|t:|1681681201\n|move|p2a: Gyarados|Waterfall|p1a: Tyranitar\n|-supereffective|p1a: Tyranitar\n|-damage|p1a: Tyranitar|0 fnt\n|faint|p1a: Tyranitar\n|move|p2b: Arcanine|Will-O-Wisp|p1b: Ting-Lu\n|-status|p1b: Ting-Lu|brn\n|move|p1b: Ting-Lu|Stomping Tantrum|p2b: Arcanine\n|-supereffective|p2b: Arcanine\n|-damage|p2b: Arcanine|0 fnt\n|faint|p2b: Arcanine\n|\n|-weather|Sandstorm|[upkeep]\n|-damage|p2a: Gyarados|95\/100|[from] Sandstorm\n|-damage|p1b: Ting-Lu|61\/100 brn|[from] Sandstorm\n|-damage|p1b: Ting-Lu|55\/100 brn|[from] brn\n|upkeep\n|\n|t:|1681681216\n|switch|p2b: Volcarona|Volcarona, L50, F|100\/100\n|switch|p1a: Gholdengo|Gholdengo, L50|100\/100\n|turn|6\n|\n|t:|1681681236\n|move|p2a: Gyarados|Waterfall|p1b: Ting-Lu\n|-damage|p1b: Ting-Lu|14\/100 brn\n|move|p1a: Gholdengo|Make It Rain|p2b: Volcarona|[spread] p2a,p2b\n|-resisted|p2a: Gyarados\n|-crit|p2a: Gyarados\n|-resisted|p2b: Volcarona\n|-damage|p2a: Gyarados|62\/100\n|-damage|p2b: Volcarona|79\/100\n|-unboost|p1a: Gholdengo|spa|1\n|move|p2b: Volcarona|Overheat|p1a: Gholdengo\n|-supereffective|p1a: Gholdengo\n|-damage|p1a: Gholdengo|0 fnt\n|-unboost|p2b: Volcarona|spa|2\n|faint|p1a: Gholdengo\n|move|p1b: Ting-Lu|Stomping Tantrum|p2b: Volcarona\n|-damage|p2b: Volcarona|69\/100\n|-damage|p1b: Ting-Lu|0 fnt|[from] item: Rocky Helmet|[of] p2b: Volcarona\n|faint|p1b: Ting-Lu\n|\n|win|Ricardo Randorez\n|raw|ketita's rating: 1097 → 1074<\/strong> (-23 for losing)\n|raw|Ricardo Randorez's rating: 1119 → 1142<\/strong> (+23 for winning)\n|l|\u2606ketita\n","uploadtime":1681681269,"views":6,"p1id":"ketita","p2id":"ricardorandorez","formatid":"gen9vgc2023regulationc","rating":1074,"private":0,"password":""}