{"id":"gen9vgc2023regulationc-1860912189","p1":"whorubuthi","p2":"Ucycyv","format":"[Gen 9] VGC 2023 Regulation C","log":"|j|\u2606whorubuthi\n|j|\u2606Ucycyv\n|t:|1683694682\n|gametype|doubles\n|player|p1|whorubuthi|266|1072\n|player|p2|Ucycyv|harlequin|1000\n|teamsize|p1|6\n|teamsize|p2|6\n|gen|9\n|tier|[Gen 9] VGC 2023 Regulation C\n|rated|\n|rule|Species Clause: Limit one of each Pok\u00e9mon\n|rule|Item Clause: Limit one of each item\n|clearpoke\n|poke|p1|Indeedee-F, L50, F|\n|poke|p1|Torkoal, L50, F|\n|poke|p1|Armarouge, L50, M|\n|poke|p1|Kingambit, L50, M|\n|poke|p1|Flutter Mane, L50|\n|poke|p1|Iron Bundle, L50|\n|poke|p2|Rotom-Wash, L50|\n|poke|p2|Garchomp, L50, M|\n|poke|p2|Armarouge, L50, M|\n|poke|p2|Annihilape, L50, M|\n|poke|p2|Flutter Mane, L50|\n|poke|p2|Indeedee-F, L50, F|\n|teampreview|4\n|inactive|Battle timer is ON: inactive players will automatically lose when time's up. (requested by Ucycyv)\n|\n|t:|1683694742\n|start\n|switch|p1a: Flutter Mane|Flutter Mane, L50|100\/100\n|switch|p1b: Iron Bundle|Iron Bundle, L50|100\/100\n|switch|p2a: Flutter Mane|Flutter Mane, L50|100\/100\n|switch|p2b: Annihilape|Annihilape, L50, M|100\/100\n|turn|1\n|inactive|whorubuthi has 30 seconds left.\n|inactive|whorubuthi has 20 seconds left.\n|inactive|whorubuthi has 15 seconds left.\n|inactive|whorubuthi has 10 seconds left.\n|inactive|whorubuthi has 5 seconds left.\n|\n|t:|1683694797\n|move|p2b: Annihilape|Close Combat|p1b: Iron Bundle\n|-supereffective|p1b: Iron Bundle\n|-enditem|p1b: Iron Bundle|Focus Sash\n|-damage|p1b: Iron Bundle|1\/100\n|-unboost|p2b: Annihilape|def|1\n|-unboost|p2b: Annihilape|spd|1\n|move|p1b: Iron Bundle|Icy Wind|p2b: Annihilape|[spread] p2a,p2b\n|-damage|p2a: Flutter Mane|91\/100\n|-damage|p2b: Annihilape|74\/100\n|-unboost|p2a: Flutter Mane|spe|1\n|-unboost|p2b: Annihilape|spe|1\n|move|p1a: Flutter Mane|Dazzling Gleam|p2b: Annihilape|[spread] p2a,p2b\n|-supereffective|p2b: Annihilape\n|-damage|p2a: Flutter Mane|66\/100\n|-damage|p2b: Annihilape|0 fnt\n|faint|p2b: Annihilape\n|move|p2a: Flutter Mane|Shadow Ball|p1a: Flutter Mane\n|-supereffective|p1a: Flutter Mane\n|-damage|p1a: Flutter Mane|20\/100\n|\n|upkeep\n|\n|t:|1683694818\n|switch|p2b: Garchomp|Garchomp, L50, M|100\/100\n|turn|2\n|inactive|whorubuthi has 30 seconds left.\n|\n|t:|1683694846\n|switch|p2b: Rotom|Rotom-Wash, L50|100\/100\n|move|p1b: Iron Bundle|Icy Wind|p2b: Rotom|[spread] p2b\n|-miss|p1b: Iron Bundle|p2a: Flutter Mane\n|-resisted|p2b: Rotom\n|-crit|p2b: Rotom\n|-damage|p2b: Rotom|89\/100\n|-unboost|p2b: Rotom|spe|1\n|move|p1a: Flutter Mane|Dazzling Gleam|p2b: Rotom|[spread] p2a,p2b\n|-damage|p2a: Flutter Mane|44\/100\n|-damage|p2b: Rotom|50\/100\n|move|p2a: Flutter Mane|Shadow Ball|p1a: Flutter Mane\n|-supereffective|p1a: Flutter Mane\n|-damage|p1a: Flutter Mane|0 fnt\n|faint|p1a: Flutter Mane\n|-end|p1a: Flutter Mane|Protosynthesis|[silent]\n|\n|-heal|p2b: Rotom|56\/100|[from] item: Leftovers\n|upkeep\n|\n|t:|1683694865\n|switch|p1a: Kingambit|Kingambit, L50, M|100\/100\n|turn|3\n|inactive|Ucycyv has 30 seconds left.\n|inactive|Ucycyv has 20 seconds left.\n|\n|t:|1683694902\n|-terastallize|p1a: Kingambit|Dark\n|move|p1a: Kingambit|Sucker Punch|p2a: Flutter Mane\n|-crit|p2a: Flutter Mane\n|-damage|p2a: Flutter Mane|0 fnt\n|faint|p2a: Flutter Mane\n|-end|p2a: Flutter Mane|Protosynthesis|[silent]\n|move|p1b: Iron Bundle|Freeze-Dry|p2b: Rotom\n|-supereffective|p2b: Rotom\n|-damage|p2b: Rotom|5\/100\n|move|p2b: Rotom|Will-O-Wisp|p1a: Kingambit\n|-status|p1a: Kingambit|brn\n|\n|-heal|p2b: Rotom|11\/100|[from] item: Leftovers\n|-damage|p1a: Kingambit|94\/100 brn|[from] brn\n|upkeep\n|\n|t:|1683694918\n|switch|p2a: Garchomp|Garchomp, L50, M|100\/100\n|turn|4\n|inactive|whorubuthi has 30 seconds left.\n|\n|t:|1683694945\n|-terastallize|p2a: Garchomp|Ground\n|move|p2b: Rotom|Helping Hand|p2a: Garchomp\n|-singleturn|p2a: Garchomp|Helping Hand|[of] p2b: Rotom\n|move|p1b: Iron Bundle|Freeze-Dry|p2a: Garchomp\n|-supereffective|p2a: Garchomp\n|-damage|p2a: Garchomp|28\/100\n|move|p2a: Garchomp|Earthquake|p1b: Iron Bundle|[spread] p1a,p1b\n|-immune|p2b: Rotom|[from] ability: Levitate\n|-damage|p1a: Kingambit|24\/100 brn\n|-damage|p1b: Iron Bundle|0 fnt\n|faint|p1b: Iron Bundle\n|-end|p1b: Iron Bundle|Quark Drive|[silent]\n|move|p1a: Kingambit|Kowtow Cleave|p2a: Garchomp\n|-damage|p2a: Garchomp|0 fnt\n|-damage|p1a: Kingambit|12\/100 brn|[from] ability: Rough Skin|[of] p2a: Garchomp\n|faint|p2a: Garchomp\n|\n|-heal|p2b: Rotom|16\/100|[from] item: Leftovers\n|-damage|p1a: Kingambit|6\/100 brn|[from] brn\n|upkeep\n|\n|t:|1683694960\n|switch|p1b: Indeedee|Indeedee-F, L50, F|100\/100\n|-fieldstart|move: Psychic Terrain|[from] ability: Psychic Surge|[of] p1b: Indeedee\n|-enditem|p1b: Indeedee|Psychic Seed\n|-boost|p1b: Indeedee|spd|1|[from] item: Psychic Seed\n|turn|5\n|c|\u2606whorubuthi|gg\n|c|\u2606whorubuthi|wait maybe not yet\n|-message|Ucycyv forfeited.\n|\n|win|whorubuthi\n|raw|whorubuthi's rating: 1072 → 1095<\/strong> (+23 for winning)\n|raw|Ucycyv's rating: 1000 → 1000<\/strong> (+0 for losing)\n|l|\u2606Ucycyv\n|c|\u2606whorubuthi|ggwp\n","uploadtime":1683694986,"views":17,"p1id":"whorubuthi","p2id":"ucycyv","formatid":"gen9vgc2023regulationc","rating":1000,"private":0,"password":""}