{"id":"gen9vgc2023regulationc-1851688626","p1":"MezBar","p2":"Crusaderofni","format":"[Gen 9] VGC 2023 Regulation C","log":"|j|\u2606MezBar\n|j|\u2606Crusaderofni\n|t:|1682470153\n|gametype|doubles\n|player|p1|MezBar|lance|1284\n|player|p2|Crusaderofni|170|1298\n|teamsize|p1|6\n|teamsize|p2|6\n|gen|9\n|tier|[Gen 9] VGC 2023 Regulation C\n|rated|\n|rule|Species Clause: Limit one of each Pok\u00e9mon\n|rule|Item Clause: Limit one of each item\n|clearpoke\n|poke|p1|Amoonguss, L50, M|\n|poke|p1|Ting-Lu, L50|\n|poke|p1|Arcanine, L50, F|\n|poke|p1|Chien-Pao, L50|\n|poke|p1|Palafin, L50, F|\n|poke|p1|Dragonite, L50, M|\n|poke|p2|Tyranitar, L50, F|\n|poke|p2|Lycanroc, L50, M|\n|poke|p2|Iron Bundle, L50|\n|poke|p2|Arcanine, L50, F|\n|poke|p2|Toedscruel, L50, M|\n|poke|p2|Annihilape, L50, F|\n|teampreview|4\n|inactive|Battle timer is ON: inactive players will automatically lose when time's up. (requested by MezBar)\n|\n|t:|1682470176\n|start\n|switch|p1a: Palafin|Palafin, L50, F, shiny|100\/100\n|switch|p1b: Ting-Lu|Ting-Lu, L50|100\/100\n|switch|p2a: Robot Chicken|Iron Bundle, L50|100\/100\n|switch|p2b: Monke|Annihilape, L50, F|100\/100\n|-ability|p1b: Ting-Lu|Vessel of Ruin\n|-enditem|p2a: Robot Chicken|Booster Energy\n|-activate|p2a: Robot Chicken|ability: Quark Drive|[fromitem]\n|-start|p2a: Robot Chicken|quarkdrivespe\n|turn|1\n|inactive|MezBar has 30 seconds left.\n|inactive|Crusaderofni has 30 seconds left.\n|inactive|MezBar has 20 seconds left.\n|inactive|MezBar has 15 seconds left.\n|\n|t:|1682470216\n|detailschange|p1a: Palafin|Palafin-Hero, L50, F, shiny\n|switch|p1a: Dragonite|Dragonite, L50, M|100\/100\n|-terastallize|p1b: Ting-Lu|Poison\n|move|p2a: Robot Chicken|Hydro Pump|p1b: Ting-Lu\n|-damage|p1b: Ting-Lu|81\/100\n|move|p2b: Monke|Bulk Up|p2b: Monke\n|-boost|p2b: Monke|atk|1\n|-boost|p2b: Monke|def|1\n|move|p1b: Ting-Lu|Ruination|p2a: Robot Chicken\n|-damage|p2a: Robot Chicken|51\/100\n|\n|upkeep\n|turn|2\n|\n|t:|1682470238\n|move|p1a: Dragonite|Extreme Speed|p2a: Robot Chicken\n|-damage|p2a: Robot Chicken|0 fnt\n|faint|p2a: Robot Chicken\n|-end|p2a: Robot Chicken|Quark Drive|[silent]\n|move|p2b: Monke|Bulk Up|p2b: Monke\n|-boost|p2b: Monke|atk|1\n|-boost|p2b: Monke|def|1\n|move|p1b: Ting-Lu|Fissure|p2b: Monke|[miss]\n|-miss|p1b: Ting-Lu|p2b: Monke\n|\n|upkeep\n|\n|t:|1682470254\n|switch|p2a: Good Boy|Arcanine, L50, F|100\/100\n|-ability|p2a: Good Boy|Intimidate|boost\n|-unboost|p1a: Dragonite|atk|1\n|-unboost|p1b: Ting-Lu|atk|1\n|turn|3\n|\n|t:|1682470266\n|switch|p1a: Palafin|Palafin-Hero, L50, F, shiny|100\/100\n|-activate|p1a: Palafin|ability: Zero to Hero\n|move|p2a: Good Boy|Flare Blitz|p1b: Ting-Lu\n|-damage|p1b: Ting-Lu|50\/100\n|-damage|p2a: Good Boy|88\/100|[from] Recoil\n|move|p2b: Monke|Rage Fist|p1b: Ting-Lu\n|-damage|p1b: Ting-Lu|17\/100\n|move|p1b: Ting-Lu|Fissure|p2b: Monke|[miss]\n|-miss|p1b: Ting-Lu|p2b: Monke\n|\n|upkeep\n|turn|4\n|inactive|Crusaderofni has 30 seconds left.\n|\n|t:|1682470294\n|-terastallize|p2a: Good Boy|Water\n|move|p1a: Palafin|Jet Punch|p2a: Good Boy\n|-resisted|p2a: Good Boy\n|-damage|p2a: Good Boy|57\/100\n|move|p2a: Good Boy|Will-O-Wisp|p1a: Palafin\n|-status|p1a: Palafin|brn\n|move|p2b: Monke|Rage Fist|p1b: Ting-Lu\n|-crit|p1b: Ting-Lu\n|-damage|p1b: Ting-Lu|0 fnt\n|faint|p1b: Ting-Lu\n|\n|-damage|p1a: Palafin|95\/100 brn|[from] brn\n|upkeep\n|\n|t:|1682470303\n|switch|p1b: Dragonite|Dragonite, L50, M|100\/100\n|turn|5\n|inactive|Crusaderofni has 30 seconds left.\n|\n|t:|1682470330\n|switch|p1a: Chien-Pao|Chien-Pao, L50|100\/100\n|-ability|p1a: Chien-Pao|Sword of Ruin\n|move|p2a: Good Boy|Will-O-Wisp|p1b: Dragonite\n|-status|p1b: Dragonite|brn\n|move|p2b: Monke|Drain Punch|p1a: Chien-Pao\n|-supereffective|p1a: Chien-Pao\n|-enditem|p1a: Chien-Pao|Focus Sash\n|-damage|p1a: Chien-Pao|1\/100\n|move|p1b: Dragonite|Outrage|p2b: Monke\n|-damage|p2b: Monke|69\/100\n|\n|-heal|p2b: Monke|75\/100|[from] item: Leftovers\n|-damage|p1b: Dragonite|95\/100 brn|[from] brn\n|upkeep\n|turn|6\n|-message|MezBar forfeited.\n|\n|win|Crusaderofni\n|raw|MezBar's rating: 1284 → 1260<\/strong> (-24 for losing)\n|raw|Crusaderofni's rating: 1298 → 1322<\/strong> (+24 for winning)\n|l|\u2606MezBar\n","uploadtime":1682470406,"views":8,"p1id":"mezbar","p2id":"crusaderofni","formatid":"gen9vgc2023regulationc","rating":1260,"private":0,"password":""}