{"id":"gen9vgc2023regulationc-1845570933","p1":"Juliogu10","p2":"rkdcp","format":"[Gen 9] VGC 2023 Regulation C","log":"|j|\u2606Juliogu10\n|j|\u2606rkdcp\n|t:|1681745953\n|gametype|doubles\n|player|p1|Juliogu10|102|1484\n|player|p2|rkdcp|102|1458\n|teamsize|p1|6\n|teamsize|p2|6\n|gen|9\n|tier|[Gen 9] VGC 2023 Regulation C\n|rated|\n|rule|Species Clause: Limit one of each Pok\u00e9mon\n|rule|Item Clause: Limit one of each item\n|clearpoke\n|poke|p1|Palafin, L50, M|\n|poke|p1|Brute Bonnet, L50|\n|poke|p1|Dragonite, L50, F|\n|poke|p1|Flutter Mane, L50|\n|poke|p1|Chien-Pao, L50|\n|poke|p1|Garganacl, L50, M|\n|poke|p2|Annihilape, L50, M|\n|poke|p2|Maushold, L50|\n|poke|p2|Ting-Lu, L50|\n|poke|p2|Chien-Pao, L50|\n|poke|p2|Iron Bundle, L50|\n|poke|p2|Flutter Mane, L50|\n|teampreview|4\n|j| Imur33\n|\n|t:|1681745978\n|start\n|switch|p1a: Chien-Pao|Chien-Pao, L50|100\/100\n|switch|p1b: Dragonite|Dragonite, L50, F|100\/100\n|switch|p2a: Maushold|Maushold, L50|100\/100\n|switch|p2b: Annihilape|Annihilape, L50, M|100\/100\n|-ability|p1a: Chien-Pao|Sword of Ruin\n|turn|1\n|inactive|Battle timer is ON: inactive players will automatically lose when time's up. (requested by Juliogu10)\n|l| Imur33\n|\n|t:|1681746008\n|move|p1b: Dragonite|Extreme Speed|p2a: Maushold\n|-damage|p2a: Maushold|33\/100\n|move|p1a: Chien-Pao|Ice Spinner|p2a: Maushold\n|-damage|p2a: Maushold|0 fnt\n|faint|p2a: Maushold\n|move|p2b: Annihilape|Rage Fist|p1b: Dragonite\n|-damage|p1b: Dragonite|76\/100\n|\n|upkeep\n|\n|t:|1681746026\n|switch|p2a: Flutter Mane|Flutter Mane, L50|100\/100\n|turn|2\n|inactive|rkdcp has 30 seconds left.\n|\n|t:|1681746054\n|switch|p1b: Brute Bonnet|Brute Bonnet, L50|100\/100\n|move|p1a: Chien-Pao|Ice Spinner|p2a: Flutter Mane\n|-damage|p2a: Flutter Mane|17\/100\n|move|p2a: Flutter Mane|Dazzling Gleam|p1a: Chien-Pao|[spread] p1a,p1b\n|-supereffective|p1a: Chien-Pao\n|-supereffective|p1b: Brute Bonnet\n|-enditem|p1a: Chien-Pao|Focus Sash\n|-damage|p1a: Chien-Pao|1\/100\n|-damage|p1b: Brute Bonnet|29\/100\n|-damage|p2a: Flutter Mane|7\/100|[from] item: Life Orb\n|move|p2b: Annihilape|Rage Fist|p1b: Brute Bonnet\n|-resisted|p1b: Brute Bonnet\n|-damage|p1b: Brute Bonnet|17\/100\n|\n|upkeep\n|turn|3\n|inactive|Juliogu10 has 30 seconds left.\n|\n|t:|1681746081\n|move|p2a: Flutter Mane|Protect|p2a: Flutter Mane\n|-singleturn|p2a: Flutter Mane|Protect\n|move|p1b: Brute Bonnet|Sucker Punch||[still]\n|-fail|p1b: Brute Bonnet\n|move|p1a: Chien-Pao|Ice Spinner|p2b: Annihilape\n|-damage|p2b: Annihilape|42\/100\n|move|p2b: Annihilape|Drain Punch|p1b: Brute Bonnet\n|-supereffective|p1b: Brute Bonnet\n|-damage|p1b: Brute Bonnet|0 fnt\n|-heal|p2b: Annihilape|50\/100|[from] drain|[of] p1b: Brute Bonnet\n|faint|p1b: Brute Bonnet\n|-end|p1b: Brute Bonnet|Protosynthesis|[silent]\n|\n|-heal|p2b: Annihilape|56\/100|[from] item: Leftovers\n|upkeep\n|\n|t:|1681746093\n|switch|p1b: Flutter Mane|Flutter Mane, L50|100\/100\n|turn|4\n|\n|t:|1681746103\n|-terastallize|p2b: Annihilape|Water\n|move|p2a: Flutter Mane|Protect|p2a: Flutter Mane\n|-singleturn|p2a: Flutter Mane|Protect\n|move|p1a: Chien-Pao|Ice Spinner|p2a: Flutter Mane\n|-activate|p2a: Flutter Mane|move: Protect\n|move|p1b: Flutter Mane|Shadow Ball|p2b: Annihilape\n|-damage|p2b: Annihilape|4\/100\n|move|p2b: Annihilape|Rage Fist|p1b: Flutter Mane\n|-supereffective|p1b: Flutter Mane\n|-damage|p1b: Flutter Mane|0 fnt\n|faint|p1b: Flutter Mane\n|-end|p1b: Flutter Mane|Protosynthesis|[silent]\n|\n|-heal|p2b: Annihilape|10\/100|[from] item: Leftovers\n|upkeep\n|\n|t:|1681746116\n|switch|p1b: Dragonite|Dragonite, L50, F|76\/100\n|turn|5\n|\n|t:|1681746131\n|-end|p2a: Flutter Mane|Protosynthesis|[silent]\n|switch|p2a: Iron Bundle|Iron Bundle, L50|100\/100\n|-enditem|p2a: Iron Bundle|Booster Energy\n|-activate|p2a: Iron Bundle|ability: Quark Drive|[fromitem]\n|-start|p2a: Iron Bundle|quarkdrivespe\n|-terastallize|p1b: Dragonite|Normal\n|move|p2b: Annihilape|Protect|p2b: Annihilape\n|-singleturn|p2b: Annihilape|Protect\n|move|p1b: Dragonite|Extreme Speed|p2b: Annihilape\n|-activate|p2b: Annihilape|move: Protect\n|move|p1a: Chien-Pao|Sucker Punch||[still]\n|-fail|p1a: Chien-Pao\n|\n|-heal|p2b: Annihilape|16\/100|[from] item: Leftovers\n|upkeep\n|turn|6\n|j| Imur33\n|l| Imur33\n|inactive|Juliogu10 has 30 seconds left.\n|inactive|rkdcp has 30 seconds left.\n|inactive|rkdcp has 20 seconds left.\n|\n|t:|1681746168\n|move|p1b: Dragonite|Extreme Speed|p2a: Iron Bundle\n|-damage|p2a: Iron Bundle|0 fnt\n|faint|p2a: Iron Bundle\n|-end|p2a: Iron Bundle|Quark Drive|[silent]\n|move|p1a: Chien-Pao|Sucker Punch|p2b: Annihilape\n|-damage|p2b: Annihilape|0 fnt\n|faint|p2b: Annihilape\n|\n|upkeep\n|-message|rkdcp forfeited.\n|\n|win|Juliogu10\n|raw|Juliogu10's rating: 1484 → 1503<\/strong> (+19 for winning)\n|raw|rkdcp's rating: 1458 → 1439<\/strong> (-19 for losing)\n|l|\u2606rkdcp\n","uploadtime":1681746202,"views":5,"p1id":"juliogu10","p2id":"rkdcp","formatid":"gen9vgc2023regulationc","rating":1439,"private":0,"password":""}