{"id":"gen9vgc2023regulationc-1860956168","p1":"TonyJazs","p2":"chazers","format":"[Gen 9] VGC 2023 Regulation C","log":"|j|\u2606TonyJazs\n|j|\u2606chazers\n|t:|1683702757\n|gametype|doubles\n|player|p1|TonyJazs|brawly|1060\n|player|p2|chazers|101|1013\n|teamsize|p1|6\n|teamsize|p2|6\n|gen|9\n|tier|[Gen 9] VGC 2023 Regulation C\n|rated|\n|rule|Species Clause: Limit one of each Pok\u00e9mon\n|rule|Item Clause: Limit one of each item\n|clearpoke\n|poke|p1|Sableye, L50, F|\n|poke|p1|Magnezone, L50|\n|poke|p1|Eelektross, L50, F|\n|poke|p1|Flutter Mane, L50|\n|poke|p1|Ting-Lu, L50|\n|poke|p1|Garganacl, L50, F|\n|poke|p2|Espathra, L50, M|\n|poke|p2|Grafaiai, L50, M|\n|poke|p2|Scovillain, L50, F|\n|poke|p2|Dragapult, L50, F|\n|poke|p2|Ting-Lu, L50|\n|poke|p2|Farigiraf, L50, F|\n|teampreview|4\n|inactive|Battle timer is ON: inactive players will automatically lose when time's up. (requested by TonyJazs)\nchazers has agreed to open team sheets.\n|inactive|TonyJazs has 60 seconds left.\n|inactive|chazers has 60 seconds left.\n|\n|t:|1683702808\n|start\n|switch|p1a: Sableye|Sableye, L50, F, shiny|100\/100\n|switch|p1b: Flutter Mane|Flutter Mane, L50, shiny|100\/100\n|switch|p2a: Grafaiai|Grafaiai, L50, M|100\/100\n|switch|p2b: Scovillain|Scovillain, L50, F|100\/100\n|-enditem|p1b: Flutter Mane|Booster Energy\n|-activate|p1b: Flutter Mane|ability: Protosynthesis|[fromitem]\n|-start|p1b: Flutter Mane|protosynthesisspd\n|turn|1\n|\n|t:|1683702830\n|move|p2b: Scovillain|Protect|p2b: Scovillain\n|-singleturn|p2b: Scovillain|Protect\n|move|p1a: Sableye|Taunt|p2a: Grafaiai\n|-start|p2a: Grafaiai|move: Taunt\n|move|p2a: Grafaiai|Gunk Shot|p1b: Flutter Mane\n|-damage|p1b: Flutter Mane|0 fnt\n|faint|p1b: Flutter Mane\n|-end|p1b: Flutter Mane|Protosynthesis|[silent]\n|\n|-ability|p2b: Scovillain|Moody|boost\n|-boost|p2b: Scovillain|spe|2\n|-unboost|p2b: Scovillain|def|1\n|upkeep\n|\n|t:|1683702842\n|switch|p1b: Eelektross|Eelektross, L50, F, shiny|100\/100\n|turn|2\n|inactive|chazers has 30 seconds left.\n|\n|t:|1683702870\n|move|p2b: Scovillain|Energy Ball|p1a: Sableye\n|-damage|p1a: Sableye|39\/100\n|move|p2a: Grafaiai|Knock Off|p1a: Sableye\n|-damage|p1a: Sableye|2\/100\n|-damage|p2a: Grafaiai|84\/100|[from] item: Rocky Helmet|[of] p1a: Sableye\n|-enditem|p1a: Sableye|Rocky Helmet|[from] move: Knock Off|[of] p2a: Grafaiai\n|move|p1b: Eelektross|Flamethrower|p2b: Scovillain\n|-damage|p2b: Scovillain|46\/100\n|move|p1a: Sableye|Snarl|p2b: Scovillain|[spread] p2b\n|-miss|p1a: Sableye|p2a: Grafaiai\n|-damage|p2b: Scovillain|27\/100\n|-unboost|p2b: Scovillain|spa|1\n|\n|-ability|p2b: Scovillain|Moody|boost\n|-boost|p2b: Scovillain|spa|2\n|-unboost|p2b: Scovillain|spe|1\n|upkeep\n|turn|3\n|\n|t:|1683702892\n|move|p1a: Sableye|Quash|p2b: Scovillain\n|-activate|p2b: Scovillain|move: Quash\n|move|p2a: Grafaiai|Knock Off|p1a: Sableye\n|-damage|p1a: Sableye|0 fnt\n|faint|p1a: Sableye\n|move|p1b: Eelektross|Flamethrower|p2b: Scovillain\n|-damage|p2b: Scovillain|0 fnt\n|faint|p2b: Scovillain\n|\n|-end|p2a: Grafaiai|move: Taunt\n|upkeep\n|\n|t:|1683702905\n|switch|p2b: Cleogaga|Espathra, L50, M|100\/100\n|switch|p1a: Garganacl|Garganacl, L50, F, shiny|100\/100\n|turn|4\n|\n|t:|1683702928\n|-terastallize|p2b: Cleogaga|Fighting\n|-terastallize|p1b: Eelektross|Electric\n|move|p1a: Garganacl|Wide Guard|p1a: Garganacl\n|-singleturn|p1a: Garganacl|Wide Guard\n|move|p2a: Grafaiai|Swagger|p1b: Eelektross\n|-boost|p1b: Eelektross|atk|2\n|-ability|p2b: Cleogaga|Opportunist|boost\n|-boost|p2b: Cleogaga|atk|2\n|-start|p1b: Eelektross|confusion\n|move|p2b: Cleogaga|Low Kick|p1a: Garganacl\n|-supereffective|p1a: Garganacl\n|-damage|p1a: Garganacl|11\/100\n|-activate|p1b: Eelektross|confusion\n|move|p1b: Eelektross|Discharge|p2a: Grafaiai|[spread] p2a,p2b\n|-activate|p1a: Garganacl|move: Wide Guard\n|-crit|p2a: Grafaiai\n|-damage|p2a: Grafaiai|0 fnt\n|-damage|p2b: Cleogaga|40\/100\n|-status|p2b: Cleogaga|par\n|faint|p2a: Grafaiai\n|\n|-heal|p1a: Garganacl|16\/100|[from] item: Leftovers\n|upkeep\n|\n|t:|1683702948\n|switch|p2a: Dragapult|Dragapult, L50, F|100\/100\n|turn|5\n|\n|t:|1683702960\n|move|p1a: Garganacl|Protect|p1a: Garganacl\n|-singleturn|p1a: Garganacl|Protect\n|move|p2a: Dragapult|Dragon Darts|p1b: Eelektross\n|-damage|p1b: Eelektross|62\/100\n|-anim|p2a: Dragapult|Dragon Darts|p1b: Eelektross\n|-damage|p1b: Eelektross|28\/100\n|-damage|p2a: Dragapult|91\/100|[from] item: Life Orb\n|move|p2b: Cleogaga|Agility|p2b: Cleogaga\n|-boost|p2b: Cleogaga|spe|2\n|-activate|p1b: Eelektross|confusion\n|move|p1b: Eelektross|Discharge|p2a: Dragapult|[spread] p2a,p2b\n|-activate|p1a: Garganacl|move: Protect\n|-resisted|p2a: Dragapult\n|-damage|p2a: Dragapult|63\/100\n|-damage|p2b: Cleogaga|0 fnt\n|faint|p2b: Cleogaga\n|\n|-heal|p1a: Garganacl|22\/100|[from] item: Leftovers\n|upkeep\n|turn|6\n|inactive|TonyJazs has 30 seconds left.\n|inactive|chazers has 30 seconds left.\n|\n|t:|1683702987\n|move|p2a: Dragapult|Sucker Punch|p1b: Eelektross\n|-damage|p1b: Eelektross|0 fnt\n|faint|p1b: Eelektross\n|-damage|p2a: Dragapult|53\/100|[from] item: Life Orb\n|move|p1a: Garganacl|Salt Cure|p2a: Dragapult\n|-damage|p2a: Dragapult|33\/100\n|-start|p2a: Dragapult|Salt Cure\n|\n|-heal|p1a: Garganacl|28\/100|[from] item: Leftovers\n|-damage|p2a: Dragapult|21\/100|[from] Salt Cure\n|upkeep\n|turn|7\n|\n|t:|1683702999\n|move|p1a: Garganacl|Protect|p1a: Garganacl\n|-singleturn|p1a: Garganacl|Protect\n|move|p2a: Dragapult|Dragon Darts|p1a: Garganacl\n|-activate|p1a: Garganacl|move: Protect\n|\n|-heal|p1a: Garganacl|34\/100|[from] item: Leftovers\n|-damage|p2a: Dragapult|8\/100|[from] Salt Cure\n|upkeep\n|turn|8\n|\n|t:|1683703020\n|move|p1a: Garganacl|Wide Guard|p1a: Garganacl\n|-singleturn|p1a: Garganacl|Wide Guard\n|move|p2a: Dragapult|Dragon Darts|p1a: Garganacl\n|-damage|p1a: Garganacl|16\/100\n|-anim|p2a: Dragapult|Dragon Darts|p1a: Garganacl\n|-damage|p1a: Garganacl|0 fnt\n|faint|p1a: Garganacl\n|-damage|p2a: Dragapult|0 fnt|[from] item: Life Orb\n|faint|p2a: Dragapult\n|\n|win|chazers\n|raw|TonyJazs's rating: 1038 → 1021<\/strong> (-17 for losing)\n|raw|chazers's rating: 1013 → 1054<\/strong> (+41 for winning)\n|c|\u2606chazers|gg\n|c|\u2606TonyJazs|gg\n|l|\u2606chazers\n","uploadtime":1683703040,"views":12,"p1id":"tonyjazs","p2id":"chazers","formatid":"gen9vgc2023regulationc","rating":1021,"private":0,"password":""}