{"id":"gen9vgc2023regulationc-1847331772","p1":"Barbie120","p2":"HitFissureThenLose","format":"[Gen 9] VGC 2023 Regulation C","log":"|j|\u2606Barbie120\n|j|\u2606HitFissureThenLose\n|t:|1681939299\n|gametype|doubles\n|player|p1|Barbie120|drayden|1504\n|player|p2|HitFissureThenLose|169|1682\n|teamsize|p1|6\n|teamsize|p2|6\n|gen|9\n|tier|[Gen 9] VGC 2023 Regulation C\n|rated|\n|rule|Species Clause: Limit one of each Pok\u00e9mon\n|rule|Item Clause: Limit one of each item\n|clearpoke\n|poke|p1|Indeedee-F, L50, F|\n|poke|p1|Chi-Yu, L50|\n|poke|p1|Arcanine, L50, F|\n|poke|p1|Flutter Mane, L50|\n|poke|p1|Baxcalibur, L50, M|\n|poke|p1|Corviknight, L50, M|\n|poke|p2|Toxapex, L50, F|\n|poke|p2|Ting-Lu, L50|\n|poke|p2|Grimmsnarl, L50, M|\n|poke|p2|Corviknight, L50, F|\n|poke|p2|Chi-Yu, L50|\n|poke|p2|Wo-Chien, L50|\n|teampreview|4\nHitFissureThenLose has agreed to open team sheets.\n|inactive|Battle timer is ON: inactive players will automatically lose when time's up. (requested by HitFissureThenLose)\n|inactive|HitFissureThenLose has 60 seconds left.\nBarbie120 has agreed to open team sheets.\n|\n|t:|1681939374\n|start\n|switch|p1a: Corviknight|Corviknight, L50, M|100\/100\n|switch|p1b: Baxcalibur|Baxcalibur, L50, M|100\/100\n|switch|p2a: Grimmsnarl|Grimmsnarl, L50, M|100\/100\n|switch|p2b: Toxapex|Toxapex, L50, F|100\/100\n|turn|1\n|inactive|HitFissureThenLose has 30 seconds left.\n|\n|t:|1681939402\n|move|p2a: Grimmsnarl|Reflect|p2a: Grimmsnarl\n|-sidestart|p2: HitFissureThenLose|Reflect\n|move|p1b: Baxcalibur|Earthquake|p2b: Toxapex|[spread] p2a,p2b\n|-immune|p1a: Corviknight\n|-supereffective|p2b: Toxapex\n|-damage|p2a: Grimmsnarl|81\/100\n|-damage|p2b: Toxapex|74\/100\n|move|p1a: Corviknight|Iron Head|p2a: Grimmsnarl\n|-supereffective|p2a: Grimmsnarl\n|-damage|p2a: Grimmsnarl|48\/100\n|move|p2b: Toxapex|Toxic|p1b: Baxcalibur\n|-status|p1b: Baxcalibur|tox\n|\n|-heal|p2b: Toxapex|80\/100|[from] item: Leftovers\n|-damage|p1b: Baxcalibur|95\/100 tox|[from] psn\n|upkeep\n|turn|2\n|\n|t:|1681939426\n|switch|p2a: Wo-Chien|Wo-Chien, L50|100\/100\n|-ability|p2a: Wo-Chien|Tablets of Ruin\n|move|p1b: Baxcalibur|Icicle Crash|p2a: Wo-Chien\n|-supereffective|p2a: Wo-Chien\n|-damage|p2a: Wo-Chien|55\/100\n|move|p1a: Corviknight|Bulk Up|p1a: Corviknight\n|-boost|p1a: Corviknight|atk|1\n|-boost|p1a: Corviknight|def|1\n|move|p2b: Toxapex|Infestation|p1b: Baxcalibur\n|-crit|p1b: Baxcalibur\n|-damage|p1b: Baxcalibur|92\/100 tox\n|-activate|p1b: Baxcalibur|move: Infestation|[of] p2b: Toxapex\n|\n|-heal|p2b: Toxapex|86\/100|[from] item: Leftovers\n|-damage|p1b: Baxcalibur|80\/100 tox|[from] psn\n|-damage|p1b: Baxcalibur|68\/100 tox|[from] move: Infestation|[partiallytrapped]\n|upkeep\n|turn|3\n|\n|t:|1681939444\n|move|p1b: Baxcalibur|Icicle Crash|p2a: Wo-Chien\n|-supereffective|p2a: Wo-Chien\n|-damage|p2a: Wo-Chien|7\/100\n|-enditem|p2a: Wo-Chien|Sitrus Berry|[eat]\n|-heal|p2a: Wo-Chien|32\/100|[from] item: Sitrus Berry\n|move|p2a: Wo-Chien|Leech Seed|p1a: Corviknight\n|-start|p1a: Corviknight|move: Leech Seed\n|move|p1a: Corviknight|Body Press|p2a: Wo-Chien\n|-supereffective|p2a: Wo-Chien\n|-damage|p2a: Wo-Chien|4\/100\n|move|p2b: Toxapex|Infestation|p1a: Corviknight\n|-resisted|p1a: Corviknight\n|-damage|p1a: Corviknight|99\/100\n|-activate|p1a: Corviknight|move: Infestation|[of] p2b: Toxapex\n|\n|-heal|p1a: Corviknight|100\/100|[from] item: Leftovers\n|-heal|p2b: Toxapex|92\/100|[from] item: Leftovers\n|-damage|p1a: Corviknight|88\/100|[from] Leech Seed|[of] p2a: Wo-Chien\n|-heal|p2a: Wo-Chien|17\/100|[silent]\n|-damage|p1b: Baxcalibur|51\/100 tox|[from] psn\n|-damage|p1b: Baxcalibur|39\/100 tox|[from] move: Infestation|[partiallytrapped]\n|-damage|p1a: Corviknight|75\/100|[from] move: Infestation|[partiallytrapped]\n|upkeep\n|turn|4\n|inactive|HitFissureThenLose has 30 seconds left.\n|\n|t:|1681939473\n|move|p2a: Wo-Chien|Protect|p2a: Wo-Chien\n|-singleturn|p2a: Wo-Chien|Protect\n|move|p2b: Toxapex|Baneful Bunker|p2b: Toxapex\n|-singleturn|p2b: Toxapex|move: Protect\n|move|p1b: Baxcalibur|Earthquake|p2b: Toxapex|[spread] \n|-activate|p2a: Wo-Chien|move: Protect\n|-activate|p2b: Toxapex|move: Protect\n|-immune|p1a: Corviknight\n|move|p1a: Corviknight|Bulk Up|p1a: Corviknight\n|-boost|p1a: Corviknight|atk|1\n|-boost|p1a: Corviknight|def|1\n|\n|-heal|p1a: Corviknight|82\/100|[from] item: Leftovers\n|-heal|p2b: Toxapex|97\/100|[from] item: Leftovers\n|-damage|p1a: Corviknight|69\/100|[from] Leech Seed|[of] p2a: Wo-Chien\n|-heal|p2a: Wo-Chien|30\/100|[silent]\n|-damage|p1b: Baxcalibur|15\/100 tox|[from] psn\n|-damage|p1b: Baxcalibur|3\/100 tox|[from] move: Infestation|[partiallytrapped]\n|-damage|p1a: Corviknight|57\/100|[from] move: Infestation|[partiallytrapped]\n|upkeep\n|turn|5\n|inactive|HitFissureThenLose has 30 seconds left.\n|inactive|HitFissureThenLose has 20 seconds left.\n|\n|t:|1681939510\n|move|p1b: Baxcalibur|Icicle Crash|p2a: Wo-Chien\n|-supereffective|p2a: Wo-Chien\n|-damage|p2a: Wo-Chien|0 fnt\n|faint|p2a: Wo-Chien\n|move|p1a: Corviknight|Bulk Up|p1a: Corviknight\n|-boost|p1a: Corviknight|atk|1\n|-boost|p1a: Corviknight|def|1\n|move|p2b: Toxapex|Recover|p2b: Toxapex\n|-heal|p2b: Toxapex|100\/100\n|\n|-heal|p1a: Corviknight|63\/100|[from] item: Leftovers\n|-damage|p1b: Baxcalibur|0 fnt|[from] psn\n|faint|p1b: Baxcalibur\n|-damage|p1a: Corviknight|50\/100|[from] move: Infestation|[partiallytrapped]\n|upkeep\n|\n|t:|1681939519\n|switch|p1b: Chi-Yu|Chi-Yu, L50|100\/100\n|switch|p2a: Grimmsnarl|Grimmsnarl, L50, M|48\/100\n|-ability|p1b: Chi-Yu|Beads of Ruin\n|turn|6\n|\n|t:|1681939525\n|move|p1b: Chi-Yu|Protect|p1b: Chi-Yu\n|-singleturn|p1b: Chi-Yu|Protect\n|move|p2a: Grimmsnarl|Light Screen|p2a: Grimmsnarl\n|-sidestart|p2: HitFissureThenLose|move: Light Screen\n|move|p1a: Corviknight|Iron Head|p2a: Grimmsnarl\n|-supereffective|p2a: Grimmsnarl\n|-damage|p2a: Grimmsnarl|0 fnt\n|faint|p2a: Grimmsnarl\n|move|p2b: Toxapex|Toxic|p1b: Chi-Yu\n|-activate|p1b: Chi-Yu|move: Protect\n|\n|-heal|p1a: Corviknight|57\/100|[from] item: Leftovers\n|-damage|p1a: Corviknight|44\/100|[from] move: Infestation|[partiallytrapped]\n|upkeep\n|\n|t:|1681939527\n|switch|p2a: Chi-Yu|Chi-Yu, L50|100\/100\n|-ability|p2a: Chi-Yu|Beads of Ruin\n|turn|7\n|j| jdarcan\n|\n|t:|1681939546\n|-terastallize|p2a: Chi-Yu|Fire\n|move|p2a: Chi-Yu|Heat Wave|p1a: Corviknight|[spread] p1a\n|-miss|p2a: Chi-Yu|p1b: Chi-Yu\n|-supereffective|p1a: Corviknight\n|-damage|p1a: Corviknight|0 fnt\n|faint|p1a: Corviknight\n|move|p1b: Chi-Yu|Psychic|p2b: Toxapex\n|-supereffective|p2b: Toxapex\n|-crit|p2b: Toxapex\n|-damage|p2b: Toxapex|10\/100\n|move|p2b: Toxapex|Toxic|p1b: Chi-Yu\n|-status|p1b: Chi-Yu|tox\n|\n|-heal|p2b: Toxapex|16\/100|[from] item: Leftovers\n|-damage|p1b: Chi-Yu|94\/100 tox|[from] psn\n|upkeep\n|\n|t:|1681939551\n|switch|p1a: Flutter Mane|Flutter Mane, L50|100\/100\n|-enditem|p1a: Flutter Mane|Booster Energy\n|-activate|p1a: Flutter Mane|ability: Protosynthesis|[fromitem]\n|-start|p1a: Flutter Mane|protosynthesisspe\n|turn|8\n|\n|t:|1681939570\n|move|p1a: Flutter Mane|Protect|p1a: Flutter Mane\n|-singleturn|p1a: Flutter Mane|Protect\n|move|p2b: Toxapex|Baneful Bunker|p2b: Toxapex\n|-singleturn|p2b: Toxapex|move: Protect\n|move|p2a: Chi-Yu|Heat Wave|p1b: Chi-Yu|[spread] p1b\n|-activate|p1a: Flutter Mane|move: Protect\n|-resisted|p1b: Chi-Yu\n|-damage|p1b: Chi-Yu|64\/100 tox\n|move|p1b: Chi-Yu|Dark Pulse|p2a: Chi-Yu\n|-damage|p2a: Chi-Yu|67\/100\n|\n|-heal|p2b: Toxapex|22\/100|[from] item: Leftovers\n|-damage|p1b: Chi-Yu|51\/100 tox|[from] psn\n|-sideend|p2: HitFissureThenLose|Reflect\n|upkeep\n|turn|9\n|\n|t:|1681939593\n|-terastallize|p1a: Flutter Mane|Fairy\n|move|p1a: Flutter Mane|Thunderbolt|p2b: Toxapex\n|-supereffective|p2b: Toxapex\n|-damage|p2b: Toxapex|0 fnt\n|faint|p2b: Toxapex\n|move|p2a: Chi-Yu|Heat Wave|p1a: Flutter Mane|[spread] p1a,p1b\n|-resisted|p1b: Chi-Yu\n|-damage|p1a: Flutter Mane|30\/100\n|-damage|p1b: Chi-Yu|18\/100 tox\n|move|p1b: Chi-Yu|Dark Pulse|p2a: Chi-Yu\n|-damage|p2a: Chi-Yu|31\/100\n|\n|-damage|p1b: Chi-Yu|0 fnt|[from] psn\n|faint|p1b: Chi-Yu\n|upkeep\n|turn|10\n|l| jdarcan\n|\n|t:|1681939605\n|move|p1a: Flutter Mane|Shadow Ball|p2a: Chi-Yu\n|-damage|p2a: Chi-Yu|0 fnt\n|faint|p2a: Chi-Yu\n|\n|win|Barbie120\n|raw|Barbie120's rating: 1504 → 1533<\/strong> (+29 for winning)\n|raw|HitFissureThenLose's rating: 1682 → 1653<\/strong> (-29 for losing)\n|l|\u2606HitFissureThenLose\n","uploadtime":1681939621,"views":12,"p1id":"barbie120","p2id":"hitfissurethenlose","formatid":"gen9vgc2023regulationc","rating":1533,"private":0,"password":""}