{"id":"gen9vgc2023regulationc-1848896220","p1":"maucs","p2":"BoutEclipse","format":"[Gen 9] VGC 2023 Regulation C","log":"|j|\u2606maucs\n|j|\u2606BoutEclipse\n|t:|1682123187\n|gametype|doubles\n|player|p1|maucs|giovanni|1162\n|player|p2|BoutEclipse|hilbert|1117\n|teamsize|p1|6\n|teamsize|p2|6\n|gen|9\n|tier|[Gen 9] VGC 2023 Regulation C\n|rated|\n|rule|Species Clause: Limit one of each Pok\u00e9mon\n|rule|Item Clause: Limit one of each item\n|clearpoke\n|poke|p1|Baxcalibur, L50, M|\n|poke|p1|Flutter Mane, L50|\n|poke|p1|Orthworm, L50, M|\n|poke|p1|Great Tusk, L50|\n|poke|p1|Talonflame, L50, F|\n|poke|p1|Wo-Chien, L50|\n|poke|p2|Ceruledge, L50, M|\n|poke|p2|Sableye, L50, F|\n|poke|p2|Iron Hands, L50|\n|poke|p2|Chien-Pao, L50|\n|poke|p2|Sylveon, L50, F|\n|poke|p2|Corviknight, L50, M|\n|teampreview|4\n|inactive|Battle timer is ON: inactive players will automatically lose when time's up. (requested by BoutEclipse)\n|inactive|maucs also wants the timer to be on.\n|\n|t:|1682123209\n|start\n|switch|p1a: Orthworm|Orthworm, L50, M|100\/100\n|switch|p1b: Wo-Chien|Wo-Chien, L50|100\/100\n|switch|p2a: Sableye|Sableye, L50, F|100\/100\n|switch|p2b: Chien-Pao|Chien-Pao, L50|100\/100\n|-ability|p2b: Chien-Pao|Sword of Ruin\n|-ability|p1b: Wo-Chien|Tablets of Ruin\n|turn|1\n|\n|t:|1682123228\n|move|p2a: Sableye|Reflect|p2a: Sableye\n|-sidestart|p2: BoutEclipse|Reflect\n|move|p2b: Chien-Pao|Sacred Sword|p1a: Orthworm\n|-supereffective|p1a: Orthworm\n|-damage|p1a: Orthworm|56\/100\n|move|p1a: Orthworm|Iron Defense|p1a: Orthworm\n|-boost|p1a: Orthworm|def|2\n|move|p1b: Wo-Chien|Leech Seed|p2b: Chien-Pao|[miss]\n|-miss|p1b: Wo-Chien|p2b: Chien-Pao\n|\n|-heal|p1a: Orthworm|63\/100|[from] item: Leftovers\n|upkeep\n|turn|2\n|\n|t:|1682123248\n|move|p2a: Sableye|Will-O-Wisp|p1a: Orthworm\n|-status|p1a: Orthworm|brn\n|move|p2b: Chien-Pao|Sacred Sword|p1a: Orthworm\n|-supereffective|p1a: Orthworm\n|-damage|p1a: Orthworm|22\/100 brn\n|move|p1a: Orthworm|Body Press|p2b: Chien-Pao\n|-supereffective|p2b: Chien-Pao\n|-damage|p2b: Chien-Pao|28\/100\n|move|p1b: Wo-Chien|Leech Seed|p2a: Sableye\n|-start|p2a: Sableye|move: Leech Seed\n|\n|-heal|p1a: Orthworm|28\/100 brn|[from] item: Leftovers\n|-damage|p2a: Sableye|88\/100|[from] Leech Seed|[of] p1b: Wo-Chien\n|-damage|p1a: Orthworm|22\/100 brn|[from] brn\n|upkeep\n|turn|3\n|\n|t:|1682123271\n|switch|p2a: Iron Hands|Iron Hands, L50|100\/100\n|move|p1a: Orthworm|Protect|p1a: Orthworm\n|-singleturn|p1a: Orthworm|Protect\n|move|p1b: Wo-Chien|Protect|p1b: Wo-Chien\n|-singleturn|p1b: Wo-Chien|Protect\n|move|p2b: Chien-Pao|Sacred Sword|p1a: Orthworm\n|-activate|p1a: Orthworm|move: Protect\n|\n|-heal|p1a: Orthworm|28\/100 brn|[from] item: Leftovers\n|-damage|p1a: Orthworm|22\/100 brn|[from] brn\n|upkeep\n|turn|4\n|\n|t:|1682123295\n|switch|p1b: Great Tusk|Great Tusk, L50|100\/100\n|move|p2a: Iron Hands|Fake Out|p1b: Great Tusk\n|-damage|p1b: Great Tusk|87\/100\n|move|p2b: Chien-Pao|Sacred Sword|p1a: Orthworm\n|-supereffective|p1a: Orthworm\n|-damage|p1a: Orthworm|0 fnt\n|faint|p1a: Orthworm\n|\n|upkeep\n|\n|t:|1682123303\n|switch|p1a: Talonflame|Talonflame, L50, F|100\/100\n|turn|5\n|\n|t:|1682123315\n|move|p1a: Talonflame|Tailwind|p1a: Talonflame\n|-sidestart|p1: maucs|move: Tailwind\n|move|p1b: Great Tusk|Earthquake|p2a: Iron Hands|[spread] p2a,p2b\n|-immune|p1a: Talonflame\n|-supereffective|p2a: Iron Hands\n|-damage|p2a: Iron Hands|52\/100\n|-damage|p2b: Chien-Pao|0 fnt\n|faint|p2b: Chien-Pao\n|move|p2a: Iron Hands|Swords Dance|p2a: Iron Hands\n|-boost|p2a: Iron Hands|atk|2\n|\n|upkeep\n|\n|t:|1682123326\n|switch|p2b: Corviknight|Corviknight, L50, M|100\/100\n|turn|6\n|\n|t:|1682123339\n|move|p1a: Talonflame|Taunt|p2b: Corviknight\n|-start|p2b: Corviknight|move: Taunt\n|move|p1b: Great Tusk|Close Combat|p2a: Iron Hands\n|-damage|p2a: Iron Hands|26\/100\n|-unboost|p1b: Great Tusk|def|1\n|-unboost|p1b: Great Tusk|spd|1\n|cant|p2b: Corviknight|move: Taunt|Tailwind\n|move|p2a: Iron Hands|Drain Punch|p1b: Great Tusk\n|-damage|p1b: Great Tusk|7\/100\n|-heal|p2a: Iron Hands|62\/100|[from] drain|[of] p1b: Great Tusk\n|\n|upkeep\n|turn|7\n|inactive|maucs has 30 seconds left.\n|\n|t:|1682123365\n|switch|p1a: Wo-Chien|Wo-Chien, L50|100\/100\n|-ability|p1a: Wo-Chien|Tablets of Ruin\n|move|p1b: Great Tusk|Headlong Rush|p2a: Iron Hands\n|-supereffective|p2a: Iron Hands\n|-damage|p2a: Iron Hands|24\/100\n|-unboost|p1b: Great Tusk|def|1\n|-unboost|p1b: Great Tusk|spd|1\n|move|p2b: Corviknight|Brave Bird|p1b: Great Tusk\n|-supereffective|p1b: Great Tusk\n|-damage|p1b: Great Tusk|0 fnt\n|faint|p1b: Great Tusk\n|-end|p1b: Great Tusk|Protosynthesis|[silent]\n|-damage|p2b: Corviknight|98\/100|[from] Recoil\n|move|p2a: Iron Hands|Wild Charge|p1a: Wo-Chien\n|-resisted|p1a: Wo-Chien\n|-damage|p1a: Wo-Chien|71\/100\n|-damage|p2a: Iron Hands|18\/100|[from] Recoil\n|\n|upkeep\n|\n|t:|1682123371\n|switch|p1b: Talonflame|Talonflame, L50, F|100\/100\n|turn|8\n|inactive|BoutEclipse has 30 seconds left.\n|\n|t:|1682123402\n|switch|p2b: Sableye|Sableye, L50, F|88\/100\n|move|p1b: Talonflame|Brave Bird|p2a: Iron Hands\n|-damage|p2a: Iron Hands|4\/100\n|-damage|p1b: Talonflame|93\/100|[from] Recoil\n|move|p1a: Wo-Chien|Leech Seed|p2b: Sableye\n|-start|p2b: Sableye|move: Leech Seed\n|move|p2a: Iron Hands|Drain Punch|p1a: Wo-Chien\n|-supereffective|p1a: Wo-Chien\n|-damage|p1a: Wo-Chien|0 fnt\n|-heal|p2a: Iron Hands|31\/100|[from] drain|[of] p1a: Wo-Chien\n|faint|p1a: Wo-Chien\n|\n|-sideend|p2: BoutEclipse|Reflect\n|-sideend|p1: maucs|move: Tailwind\n|upkeep\n|turn|9\n|inactive|BoutEclipse has 30 seconds left.\n|\n|t:|1682123432\n|-terastallize|p1b: Talonflame|Flying\n|move|p2b: Sableye|Reflect|p2b: Sableye\n|-sidestart|p2: BoutEclipse|Reflect\n|move|p1b: Talonflame|Brave Bird|p2a: Iron Hands\n|-damage|p2a: Iron Hands|3\/100\n|-damage|p1b: Talonflame|78\/100|[from] Recoil\n|move|p2a: Iron Hands|Wild Charge|p1b: Talonflame\n|-supereffective|p1b: Talonflame\n|-damage|p1b: Talonflame|0 fnt\n|faint|p1b: Talonflame\n|-damage|p2a: Iron Hands|0 fnt|[from] Recoil\n|faint|p2a: Iron Hands\n|-end|p2a: Iron Hands|Quark Drive|[silent]\n|\n|win|BoutEclipse\n|raw|maucs's rating: 1162 → 1134<\/strong> (-28 for losing)\n|raw|BoutEclipse's rating: 1117 → 1145<\/strong> (+28 for winning)\n|l|\u2606maucs\n","uploadtime":1682123449,"views":8,"p1id":"maucs","p2id":"bouteclipse","formatid":"gen9vgc2023regulationc","rating":1134,"private":0,"password":""}