{"id":"gen9vgc2023regulationc-1849930464","p1":"r2vgc","p2":"pokemetti1","format":"[Gen 9] VGC 2023 Regulation C","log":"|j|\u2606r2vgc\n|j|\u2606pokemetti1\n|t:|1682269293\n|gametype|doubles\n|player|p1|r2vgc|170|1328\n|player|p2|pokemetti1|169|1332\n|teamsize|p1|6\n|teamsize|p2|6\n|gen|9\n|tier|[Gen 9] VGC 2023 Regulation C\n|rated|\n|rule|Species Clause: Limit one of each Pok\u00e9mon\n|rule|Item Clause: Limit one of each item\n|clearpoke\n|poke|p1|Flutter Mane, L50|\n|poke|p1|Garganacl, L50, M|\n|poke|p1|Amoonguss, L50, F|\n|poke|p1|Palafin, L50, F|\n|poke|p1|Arcanine, L50, F|\n|poke|p1|Ting-Lu, L50|\n|poke|p2|Scizor, L50, M|\n|poke|p2|Palafin, L50, F|\n|poke|p2|Pelipper, L50, M|\n|poke|p2|Amoonguss, L50, M|\n|poke|p2|Iron Hands, L50|\n|poke|p2|Chien-Pao, L50|\n|teampreview|4\n|inactive|Battle timer is ON: inactive players will automatically lose when time's up. (requested by pokemetti1)\n|l|\u2606r2vgc\n|inactive|r2vgc disconnected and has a minute to reconnect!\n|player|p1|\n|j|\u2606r2vgc\n|inactive|r2vgc reconnected.\n|player|p1|r2vgc|170\n|inactive|pokemetti1 has 60 seconds left.\n|inactive|r2vgc has 60 seconds left.\n|\n|t:|1682269345\n|start\n|switch|p1a: Garganacl|Garganacl, L50, M|100\/100\n|switch|p1b: Palafin|Palafin, L50, F|100\/100\n|switch|p2a: Scizor|Scizor, L50, M|100\/100\n|switch|p2b: OG FLIPPER|Palafin, L50, F|100\/100\n|turn|1\n|\n|t:|1682269363\n|detailschange|p2b: OG FLIPPER|Palafin-Hero, L50, F\n|switch|p2b: Iron Hands|Iron Hands, L50|100\/100\n|detailschange|p1b: Palafin|Palafin-Hero, L50, F\n|switch|p1b: Amoonguss|Amoonguss, L50, F|100\/100\n|move|p2a: Scizor|Bullet Punch|p1a: Garganacl\n|-supereffective|p1a: Garganacl\n|-damage|p1a: Garganacl|34\/100\n|move|p1a: Garganacl|Stealth Rock|p2a: Scizor\n|-sidestart|p2: pokemetti1|move: Stealth Rock\n|\n|-heal|p1a: Garganacl|40\/100|[from] item: Leftovers\n|upkeep\n|turn|2\n|inactive|pokemetti1 has 30 seconds left.\n|\n|t:|1682269390\n|-terastallize|p1a: Garganacl|Ghost\n|move|p2b: Iron Hands|Fake Out|p1b: Amoonguss\n|-damage|p1b: Amoonguss|88\/100\n|-damage|p2b: Iron Hands|84\/100|[from] item: Rocky Helmet|[of] p1b: Amoonguss\n|cant|p1b: Amoonguss|flinch\n|move|p2a: Scizor|Bullet Punch|p1a: Garganacl\n|-damage|p1a: Garganacl|2\/100\n|move|p1a: Garganacl|Salt Cure|p2a: Scizor\n|-damage|p2a: Scizor|85\/100\n|-start|p2a: Scizor|Salt Cure\n|\n|-heal|p1a: Garganacl|8\/100|[from] item: Leftovers\n|-damage|p2a: Scizor|60\/100|[from] Salt Cure\n|upkeep\n|turn|3\n|inactive|r2vgc has 30 seconds left.\n|inactive|pokemetti1 has 30 seconds left.\n|\n|t:|1682269422\n|switch|p2a: OG FLIPPER|Palafin-Hero, L50, F|100\/100\n|-damage|p2a: OG FLIPPER|88\/100|[from] Stealth Rock\n|-activate|p2a: OG FLIPPER|ability: Zero to Hero\n|-terastallize|p2b: Iron Hands|Grass\n|move|p1a: Garganacl|Protect|p1a: Garganacl\n|-singleturn|p1a: Garganacl|Protect\n|move|p2b: Iron Hands|Thunder Punch|p1a: Garganacl\n|-activate|p1a: Garganacl|move: Protect\n|move|p1b: Amoonguss|Spore|p2b: Iron Hands\n|-immune|p2b: Iron Hands\n|\n|-heal|p1a: Garganacl|14\/100|[from] item: Leftovers\n|upkeep\n|turn|4\n|inactive|r2vgc has 30 seconds left.\n|\n|t:|1682269449\n|switch|p1a: Arcanine|Arcanine, L50, F|100\/100\n|-ability|p1a: Arcanine|Intimidate|boost\n|-unboost|p2a: OG FLIPPER|atk|1\n|-unboost|p2b: Iron Hands|atk|1\n|move|p2a: OG FLIPPER|Bulk Up|p2a: OG FLIPPER\n|-boost|p2a: OG FLIPPER|atk|1\n|-boost|p2a: OG FLIPPER|def|1\n|move|p2b: Iron Hands|Thunder Punch|p1a: Arcanine\n|-damage|p1a: Arcanine|68\/100\n|move|p1b: Amoonguss|Spore|p2a: OG FLIPPER\n|-activate|p2a: OG FLIPPER|item: Safety Goggles|Spore\n|\n|upkeep\n|turn|5\n|inactive|r2vgc has 30 seconds left.\n|inactive|r2vgc has 20 seconds left.\n|\n|t:|1682269484\n|move|p1a: Arcanine|Extreme Speed|p2b: Iron Hands\n|-damage|p2b: Iron Hands|69\/100\n|move|p2a: OG FLIPPER|Jet Punch|p1a: Arcanine\n|-supereffective|p1a: Arcanine\n|-damage|p1a: Arcanine|0 fnt\n|faint|p1a: Arcanine\n|move|p2b: Iron Hands|Thunder Punch|p1b: Amoonguss\n|-resisted|p1b: Amoonguss\n|-damage|p1b: Amoonguss|75\/100\n|-damage|p2b: Iron Hands|53\/100|[from] item: Rocky Helmet|[of] p1b: Amoonguss\n|move|p1b: Amoonguss|Pollen Puff|p2b: Iron Hands\n|-supereffective|p2b: Iron Hands\n|-damage|p2b: Iron Hands|32\/100\n|\n|upkeep\n|\n|t:|1682269500\n|switch|p1a: Palafin|Palafin-Hero, L50, F|100\/100\n|-activate|p1a: Palafin|ability: Zero to Hero\n|turn|6\n|\n|t:|1682269511\n|switch|p1b: Garganacl|Garganacl, L50, M, tera:Ghost|14\/100\n|move|p2a: OG FLIPPER|Bulk Up|p2a: OG FLIPPER\n|-boost|p2a: OG FLIPPER|atk|1\n|-boost|p2a: OG FLIPPER|def|1\n|move|p1a: Palafin|Bulk Up|p1a: Palafin\n|-boost|p1a: Palafin|atk|1\n|-boost|p1a: Palafin|def|1\n|move|p2b: Iron Hands|Thunder Punch|p1a: Palafin\n|-supereffective|p1a: Palafin\n|-crit|p1a: Palafin\n|-damage|p1a: Palafin|0 fnt\n|faint|p1a: Palafin\n|\n|-heal|p1b: Garganacl|19\/100|[from] item: Leftovers\n|upkeep\n|\n|t:|1682269528\n|switch|p1a: Amoonguss|Amoonguss, L50, F|100\/100\n|turn|7\n|c|\u2606pokemetti1|ggs\n|\n|t:|1682269547\n|move|p1b: Garganacl|Protect|p1b: Garganacl\n|-singleturn|p1b: Garganacl|Protect\n|move|p2a: OG FLIPPER|Jet Punch|p1b: Garganacl\n|-activate|p1b: Garganacl|move: Protect\n|move|p2b: Iron Hands|Thunder Punch|p1a: Amoonguss\n|-resisted|p1a: Amoonguss\n|-damage|p1a: Amoonguss|90\/100\n|-damage|p2b: Iron Hands|16\/100|[from] item: Rocky Helmet|[of] p1a: Amoonguss\n|move|p1a: Amoonguss|Pollen Puff|p2a: OG FLIPPER\n|-damage|p2a: OG FLIPPER|72\/100\n|\n|-heal|p1b: Garganacl|25\/100|[from] item: Leftovers\n|upkeep\n|turn|8\n|\n|t:|1682269568\n|move|p2a: OG FLIPPER|Jet Punch|p1b: Garganacl\n|-damage|p1b: Garganacl|0 fnt\n|faint|p1b: Garganacl\n|move|p2b: Iron Hands|Thunder Punch|p1a: Amoonguss\n|-resisted|p1a: Amoonguss\n|-damage|p1a: Amoonguss|77\/100\n|-damage|p2b: Iron Hands|0 fnt|[from] item: Rocky Helmet|[of] p1a: Amoonguss\n|faint|p2b: Iron Hands\n|-end|p2b: Iron Hands|Quark Drive|[silent]\n|move|p1a: Amoonguss|Pollen Puff|p2a: OG FLIPPER\n|-damage|p2a: OG FLIPPER|53\/100\n|\n|upkeep\n|\n|t:|1682269572\n|switch|p2b: Scizor|Scizor, L50, M|60\/100\n|-damage|p2b: Scizor|48\/100|[from] Stealth Rock\n|turn|9\n|\n|t:|1682269587\n|move|p2a: OG FLIPPER|Bulk Up|p2a: OG FLIPPER\n|-boost|p2a: OG FLIPPER|atk|1\n|-boost|p2a: OG FLIPPER|def|1\n|move|p2b: Scizor|U-turn|p1a: Amoonguss\n|-damage|p1a: Amoonguss|31\/100\n|-damage|p2b: Scizor|32\/100|[from] item: Rocky Helmet|[of] p1a: Amoonguss\n|\n|t:|1682269594\n|switch|p2b: Chien-Pao|Chien-Pao, L50|100\/100|[from] U-turn\n|-damage|p2b: Chien-Pao|75\/100|[from] Stealth Rock\n|-ability|p2b: Chien-Pao|Sword of Ruin\n|move|p1a: Amoonguss|Spore|p2b: Chien-Pao\n|-status|p2b: Chien-Pao|slp|[from] move: Spore\n|\n|upkeep\n|turn|10\n|\n|t:|1682269605\n|cant|p2b: Chien-Pao|slp\n|move|p2a: OG FLIPPER|Wave Crash|p1a: Amoonguss\n|-resisted|p1a: Amoonguss\n|-damage|p1a: Amoonguss|0 fnt\n|-damage|p2a: OG FLIPPER|37\/100|[from] item: Rocky Helmet|[of] p1a: Amoonguss\n|faint|p1a: Amoonguss\n|-damage|p2a: OG FLIPPER|26\/100|[from] Recoil\n|\n|win|pokemetti1\n|raw|r2vgc's rating: 1328 → 1308<\/strong> (-20 for losing)\n|raw|pokemetti1's rating: 1332 → 1352<\/strong> (+20 for winning)\n|l|\u2606pokemetti1\n","uploadtime":1682269610,"views":6,"p1id":"r2vgc","p2id":"pokemetti1","formatid":"gen9vgc2023regulationc","rating":1308,"private":0,"password":""}