{"id":"gen9vgc2023regulationc-1858598073","p1":"Duecal1on","p2":"LadderxLilTzeitzki","format":"[Gen 9] VGC 2023 Regulation C","log":"|j|\u2606Duecal1on\n|j|\u2606LadderxLilTzeitzki\n|t:|1683330238\n|gametype|doubles\n|player|p1|Duecal1on|volkner|1284\n|player|p2|LadderxLilTzeitzki|grimsley|1223\n|teamsize|p1|6\n|teamsize|p2|6\n|gen|9\n|tier|[Gen 9] VGC 2023 Regulation C\n|rated|\n|rule|Species Clause: Limit one of each Pok\u00e9mon\n|rule|Item Clause: Limit one of each item\n|clearpoke\n|poke|p1|Dondozo, L50, M|\n|poke|p1|Tatsugiri-Stretchy, L50, M|\n|poke|p1|Pelipper, L50, F|\n|poke|p1|Drednaw, L50, M|\n|poke|p1|Chien-Pao, L50|\n|poke|p1|Dragonite, L50, M|\n|poke|p2|Chi-Yu, L50|\n|poke|p2|Glimmora, L50, M|\n|poke|p2|Wo-Chien, L50|\n|poke|p2|Arcanine, L50, F|\n|poke|p2|Palafin, L50, M|\n|poke|p2|Flutter Mane, L50|\n|teampreview|4\n|\n|t:|1683330254\n|start\n|switch|p1a: Dondozo|Dondozo, L50, M, shiny|100\/100\n|switch|p1b: Pelipper|Pelipper, L50, F, shiny|100\/100\n|switch|p2a: Smiles Back|Chi-Yu, L50|100\/100\n|switch|p2b: Vibe Rater|Glimmora, L50, M|100\/100\n|-ability|p2a: Smiles Back|Beads of Ruin\n|-weather|RainDance|[from] ability: Drizzle|[of] p1b: Pelipper\n|turn|1\n|\n|t:|1683330263\n|switch|p1b: Tatsugiri|Tatsugiri-Stretchy, L50, M, shiny|100\/100\n|-activate|p1b: Tatsugiri|ability: Commander|[of] p1a: Dondozo\n|-boost|p1a: Dondozo|atk|2\n|-boost|p1a: Dondozo|spa|2\n|-boost|p1a: Dondozo|spe|2\n|-boost|p1a: Dondozo|def|2\n|-boost|p1a: Dondozo|spd|2\n|-terastallize|p1a: Dondozo|Water\n|move|p2a: Smiles Back|Protect|p2a: Smiles Back\n|-singleturn|p2a: Smiles Back|Protect\n|move|p1a: Dondozo|Surf|p2a: Smiles Back|[spread] p2b\n|-miss|p1a: Dondozo|p1b: Tatsugiri\n|-activate|p2a: Smiles Back|move: Protect\n|-supereffective|p2b: Vibe Rater\n|-damage|p2b: Vibe Rater|0 fnt\n|faint|p2b: Vibe Rater\n|-damage|p1a: Dondozo|91\/100|[from] item: Life Orb\n|\n|-weather|RainDance|[upkeep]\n|upkeep\n|\n|t:|1683330271\n|switch|p2b: Bing Chilling|Arcanine, L50, F|100\/100\n|-ability|p2b: Bing Chilling|Intimidate|boost\n|-unboost|p1a: Dondozo|atk|1\n|-unboost|p1b: Tatsugiri|atk|1\n|turn|2\n|\n|t:|1683330287\n|switch|p2a: LIVE REACTION|Wo-Chien, L50|100\/100\n|-ability|p2a: LIVE REACTION|Tablets of Ruin\n|move|p1a: Dondozo|Surf|p2a: LIVE REACTION|[spread] p2a,p2b\n|-miss|p1a: Dondozo|p1b: Tatsugiri\n|-resisted|p2a: LIVE REACTION\n|-supereffective|p2b: Bing Chilling\n|-damage|p2a: LIVE REACTION|61\/100\n|-damage|p2b: Bing Chilling|0 fnt\n|faint|p2b: Bing Chilling\n|-damage|p1a: Dondozo|81\/100|[from] item: Life Orb\n|\n|-weather|RainDance|[upkeep]\n|-heal|p2a: LIVE REACTION|68\/100|[from] item: Leftovers\n|upkeep\n|\n|t:|1683330295\n|switch|p2b: Smiles Back|Chi-Yu, L50|100\/100\n|-ability|p2b: Smiles Back|Beads of Ruin\n|turn|3\n|\n|t:|1683330308\n|move|p2b: Smiles Back|Protect|p2b: Smiles Back\n|-singleturn|p2b: Smiles Back|Protect\n|move|p1a: Dondozo|Surf|p2b: Smiles Back|[spread] p2a\n|-miss|p1a: Dondozo|p1b: Tatsugiri\n|-activate|p2b: Smiles Back|move: Protect\n|-resisted|p2a: LIVE REACTION\n|-damage|p2a: LIVE REACTION|14\/100\n|-damage|p1a: Dondozo|71\/100|[from] item: Life Orb\n|move|p2a: LIVE REACTION|Leech Seed|p1a: Dondozo\n|-start|p1a: Dondozo|move: Leech Seed\n|\n|-weather|RainDance|[upkeep]\n|-heal|p2a: LIVE REACTION|20\/100|[from] item: Leftovers\n|-damage|p1a: Dondozo|59\/100|[from] Leech Seed|[of] p2a: LIVE REACTION\n|-heal|p2a: LIVE REACTION|34\/100|[silent]\n|upkeep\n|turn|4\n|\n|t:|1683330342\n|move|p2a: LIVE REACTION|Protect|p2a: LIVE REACTION\n|-singleturn|p2a: LIVE REACTION|Protect\n|move|p1a: Dondozo|Surf|p2b: Smiles Back|[spread] p2b\n|-miss|p1a: Dondozo|p1b: Tatsugiri\n|-activate|p2a: LIVE REACTION|move: Protect\n|-supereffective|p2b: Smiles Back\n|-enditem|p2b: Smiles Back|Focus Sash\n|-damage|p2b: Smiles Back|1\/100\n|-damage|p1a: Dondozo|49\/100|[from] item: Life Orb\n|move|p2b: Smiles Back|Nasty Plot|p2b: Smiles Back\n|-boost|p2b: Smiles Back|spa|2\n|\n|-weather|RainDance|[upkeep]\n|-heal|p2a: LIVE REACTION|41\/100|[from] item: Leftovers\n|-damage|p1a: Dondozo|36\/100|[from] Leech Seed|[of] p2a: LIVE REACTION\n|-heal|p2a: LIVE REACTION|55\/100|[silent]\n|upkeep\n|turn|5\n|\n|t:|1683330359\n|move|p2a: LIVE REACTION|Protect||[still]\n|-fail|p2a: LIVE REACTION\n|move|p1a: Dondozo|Surf|p2a: LIVE REACTION|[spread] p2a,p2b\n|-miss|p1a: Dondozo|p1b: Tatsugiri\n|-resisted|p2a: LIVE REACTION\n|-supereffective|p2b: Smiles Back\n|-damage|p2a: LIVE REACTION|6\/100\n|-damage|p2b: Smiles Back|0 fnt\n|faint|p2b: Smiles Back\n|-damage|p1a: Dondozo|27\/100|[from] item: Life Orb\n|\n|-weather|RainDance|[upkeep]\n|-heal|p2a: LIVE REACTION|12\/100|[from] item: Leftovers\n|-damage|p1a: Dondozo|14\/100|[from] Leech Seed|[of] p2a: LIVE REACTION\n|-heal|p2a: LIVE REACTION|27\/100|[silent]\n|upkeep\n|turn|6\n|-message|LadderxLilTzeitzki forfeited.\n|\n|win|Duecal1on\n|raw|Duecal1on's rating: 1284 → 1305<\/strong> (+21 for winning)\n|raw|LadderxLilTzeitzki's rating: 1223 → 1202<\/strong> (-21 for losing)\n|l|\u2606LadderxLilTzeitzki\n","uploadtime":1683330381,"views":12,"p1id":"duecal1on","p2id":"ladderxliltzeitzki","formatid":"gen9vgc2023regulationc","rating":1202,"private":0,"password":""}