{"id":"gen9vgc2023regulationc-1849363615","p1":"dogwatergreen","p2":"Autumn0815","format":"[Gen 9] VGC 2023 Regulation C","log":"|j|\u2606dogwatergreen\n|j|\u2606Autumn0815\n|t:|1682190211\n|gametype|doubles\n|player|p1|dogwatergreen|170|1138\n|player|p2|Autumn0815|lady|1138\n|teamsize|p1|6\n|teamsize|p2|6\n|gen|9\n|tier|[Gen 9] VGC 2023 Regulation C\n|rated|\n|rule|Species Clause: Limit one of each Pok\u00e9mon\n|rule|Item Clause: Limit one of each item\n|clearpoke\n|poke|p1|Arcanine, L50, F|\n|poke|p1|Amoonguss, L50, F|\n|poke|p1|Sableye, L50, M|\n|poke|p1|Gholdengo, L50|\n|poke|p1|Annihilape, L50, F|\n|poke|p1|Ceruledge, L50, F|\n|poke|p2|Indeedee-F, L50, F|\n|poke|p2|Armarouge, L50, F|\n|poke|p2|Sylveon, L50, F|\n|poke|p2|Meowscarada, L50, F|\n|poke|p2|Mimikyu, L50, F|\n|poke|p2|Ting-Lu, L50|\n|teampreview|4\n|inactive|Battle timer is ON: inactive players will automatically lose when time's up. (requested by Autumn0815)\n|\n|t:|1682190238\n|start\n|switch|p1a: Amoonguss|Amoonguss, L50, F|100\/100\n|switch|p1b: Gholdengo|Gholdengo, L50|100\/100\n|switch|p2a: Indeedee|Indeedee-F, L50, F, shiny|100\/100\n|switch|p2b: Armarouge|Armarouge, L50, F, shiny|100\/100\n|-fieldstart|move: Psychic Terrain|[from] ability: Psychic Surge|[of] p2a: Indeedee\n|-enditem|p2b: Armarouge|Psychic Seed\n|-boost|p2b: Armarouge|spd|1|[from] item: Psychic Seed\n|turn|1\n|\n|t:|1682190259\n|-terastallize|p1b: Gholdengo|Water\n|move|p2a: Indeedee|Follow Me|p2a: Indeedee\n|-singleturn|p2a: Indeedee|move: Follow Me\n|move|p1b: Gholdengo|Make It Rain|p2a: Indeedee|[spread] p2a,p2b\n|-resisted|p2b: Armarouge\n|-damage|p2a: Indeedee|49\/100\n|-damage|p2b: Armarouge|75\/100\n|-unboost|p1b: Gholdengo|spa|1\n|-damage|p1b: Gholdengo|91\/100|[from] item: Life Orb\n|move|p1a: Amoonguss|Spore|p2a: Indeedee\n|-status|p2a: Indeedee|slp|[from] move: Spore\n|move|p2b: Armarouge|Trick Room|p2b: Armarouge\n|-fieldstart|move: Trick Room|[of] p2b: Armarouge\n|\n|upkeep\n|turn|2\n|\n|t:|1682190280\n|switch|p2a: Meowscarada|Meowscarada, L50, F, shiny|100\/100\n|-terastallize|p2b: Armarouge|Grass\n|move|p1a: Amoonguss|Spore|p2b: Armarouge\n|-immune|p2b: Armarouge\n|move|p2b: Armarouge|Energy Ball|p1b: Gholdengo\n|-supereffective|p1b: Gholdengo\n|-damage|p1b: Gholdengo|0 fnt\n|faint|p1b: Gholdengo\n|\n|upkeep\n|\n|t:|1682190294\n|switch|p1b: Arcanine|Arcanine, L50, F|100\/100\n|-ability|p1b: Arcanine|Intimidate|boost\n|-unboost|p2a: Meowscarada|atk|1\n|-unboost|p2b: Armarouge|atk|1\n|turn|3\n|\n|t:|1682190311\n|switch|p2a: Indeedee|Indeedee-F, L50, F, shiny|49\/100 slp\n|move|p1a: Amoonguss|Pollen Puff|p2b: Armarouge\n|-supereffective|p2b: Armarouge\n|-damage|p2b: Armarouge|50\/100\n|move|p2b: Armarouge|Expanding Force|p1b: Arcanine|[spread] p1a,p1b\n|-supereffective|p1a: Amoonguss\n|-damage|p1a: Amoonguss|14\/100\n|-damage|p1b: Arcanine|47\/100\n|-enditem|p1b: Arcanine|Sitrus Berry|[eat]\n|-heal|p1b: Arcanine|72\/100|[from] item: Sitrus Berry\n|move|p1b: Arcanine|Flare Blitz|p2a: Indeedee\n|-damage|p2a: Indeedee|0 fnt\n|faint|p2a: Indeedee\n|-damage|p1b: Arcanine|58\/100|[from] Recoil\n|\n|upkeep\n|\n|t:|1682190334\n|switch|p2a: Meowscarada|Meowscarada, L50, F, shiny|100\/100\n|turn|4\n|\n|t:|1682190345\n|move|p1a: Amoonguss|Pollen Puff|p1b: Arcanine\n|-heal|p1b: Arcanine|100\/100\n|move|p2a: Meowscarada|Knock Off|p1b: Arcanine\n|-start|p2a: Meowscarada|typechange|Dark|[from] ability: Protean\n|-damage|p1b: Arcanine|67\/100\n|move|p2b: Armarouge|Expanding Force|p1a: Amoonguss|[spread] p1a,p1b\n|-supereffective|p1a: Amoonguss\n|-damage|p1a: Amoonguss|0 fnt\n|-damage|p1b: Arcanine|18\/100\n|faint|p1a: Amoonguss\n|move|p1b: Arcanine|Flare Blitz|p2b: Armarouge\n|-start|p2b: Armarouge|ability: Flash Fire\n|\n|upkeep\n|\n|t:|1682190361\n|switch|p1a: Annihilape|Annihilape, L50, F|100\/100\n|turn|5\n|\n|t:|1682190373\n|move|p1b: Arcanine|Protect|p1b: Arcanine\n|-singleturn|p1b: Arcanine|Protect\n|move|p1a: Annihilape|Protect|p1a: Annihilape\n|-singleturn|p1a: Annihilape|Protect\n|move|p2a: Meowscarada|Play Rough|p1a: Annihilape\n|-activate|p1a: Annihilape|move: Protect\n|move|p2b: Armarouge|Expanding Force|p1a: Annihilape|[spread] \n|-activate|p1a: Annihilape|move: Protect\n|-activate|p1b: Arcanine|move: Protect\n|\n|-fieldend|move: Trick Room\n|upkeep\n|turn|6\n|inactive|dogwatergreen has 30 seconds left.\n|\n|t:|1682190400\n|-end|p2b: Armarouge|ability: Flash Fire|[silent]\n|switch|p2b: Sylveon|Sylveon, L50, F, shiny|100\/100\n|move|p1b: Arcanine|Extreme Speed|p2a: Meowscarada\n|-activate|p2a: Meowscarada|move: Psychic Terrain\n|move|p1a: Annihilape|Drain Punch|p2a: Meowscarada\n|-supereffective|p2a: Meowscarada\n|-damage|p2a: Meowscarada|4\/100\n|move|p2a: Meowscarada|Trick Room|p2a: Meowscarada\n|-fieldstart|move: Trick Room|[of] p2a: Meowscarada\n|\n|upkeep\n|turn|7\n|c|\u2606Autumn0815|Bulky Meowscarada. :)\n|inactive|dogwatergreen has 30 seconds left.\n|\n|t:|1682190429\n|move|p1b: Arcanine|Extreme Speed|p2a: Meowscarada\n|-activate|p2a: Meowscarada|move: Psychic Terrain\n|move|p2a: Meowscarada|Play Rough|p1a: Annihilape\n|-supereffective|p1a: Annihilape\n|-damage|p1a: Annihilape|35\/100\n|move|p2b: Sylveon|Hyper Voice|p1b: Arcanine|[spread] p1a,p1b\n|-supereffective|p1a: Annihilape\n|-resisted|p1b: Arcanine\n|-damage|p1a: Annihilape|0 fnt\n|-damage|p1b: Arcanine|2\/100\n|faint|p1a: Annihilape\n|-enditem|p2b: Sylveon|Throat Spray\n|-boost|p2b: Sylveon|spa|1|[from] item: Throat Spray\n|\n|upkeep\n|turn|8\n|-message|dogwatergreen forfeited.\n|\n|win|Autumn0815\n|raw|dogwatergreen's rating: 1138 → 1113<\/strong> (-25 for losing)\n|raw|Autumn0815's rating: 1138 → 1163<\/strong> (+25 for winning)\n|l|\u2606dogwatergreen\n","uploadtime":1682190456,"views":11,"p1id":"dogwatergreen","p2id":"autumn0815","formatid":"gen9vgc2023regulationc","rating":1113,"private":0,"password":""}