{"id":"gen9vgc2023regulationc-1859863443","p1":"adrpen","p2":"zjeskin","format":"[Gen 9] VGC 2023 Regulation C","log":"|j|\u2606adrpen\n|j|\u2606zjeskin\n|t:|1683570852\n|gametype|doubles\n|player|p1|adrpen|pokekid|1066\n|player|p2|zjeskin|blue-masters|1118\n|teamsize|p1|6\n|teamsize|p2|6\n|gen|9\n|tier|[Gen 9] VGC 2023 Regulation C\n|rated|\n|rule|Species Clause: Limit one of each Pok\u00e9mon\n|rule|Item Clause: Limit one of each item\n|clearpoke\n|poke|p1|Amoonguss, L50, M|\n|poke|p1|Palafin, L50, M|\n|poke|p1|Iron Hands, L50|\n|poke|p1|Arcanine, L50, M|\n|poke|p1|Flutter Mane, L50|\n|poke|p1|Dragonite, L50, M|\n|poke|p2|Talonflame, L50, F|\n|poke|p2|Great Tusk, L50|\n|poke|p2|Torkoal, L50, M|\n|poke|p2|Lilligant, L50, F|\n|poke|p2|Indeedee-F, L50, F|\n|poke|p2|Chi-Yu, L50|\n|teampreview|4\n|inactive|Battle timer is ON: inactive players will automatically lose when time's up. (requested by adrpen)\n|inactive|adrpen has 60 seconds left.\n|inactive|adrpen has 30 seconds left.\n|\n|t:|1683570919\n|start\n|switch|p1a: Palafin|Palafin, L50, M, shiny|100\/100\n|switch|p1b: Amoonguss|Amoonguss, L50, M, shiny|100\/100\n|switch|p2a: Torkoal|Torkoal, L50, M|100\/100\n|switch|p2b: Great Tusk|Great Tusk, L50|100\/100\n|-weather|SunnyDay|[from] ability: Drought|[of] p2a: Torkoal\n|-activate|p2b: Great Tusk|ability: Protosynthesis\n|-start|p2b: Great Tusk|protosynthesisatk\n|turn|1\n|\n|t:|1683570943\n|detailschange|p1a: Palafin|Palafin-Hero, L50, M, shiny\n|switch|p1a: Dragonite|Dragonite, L50, M|100\/100\n|move|p1b: Amoonguss|Protect|p1b: Amoonguss\n|-singleturn|p1b: Amoonguss|Protect\n|move|p2b: Great Tusk|Headlong Rush|p1a: Dragonite\n|-immune|p1a: Dragonite\n|move|p2a: Torkoal|Eruption|p1a: Dragonite|[spread] p1a\n|-activate|p1b: Amoonguss|move: Protect\n|-resisted|p1a: Dragonite\n|-damage|p1a: Dragonite|82\/100\n|\n|-weather|SunnyDay|[upkeep]\n|upkeep\n|turn|2\n|inactive|adrpen has 30 seconds left.\n|inactive|adrpen has 20 seconds left.\n|inactive|adrpen has 15 seconds left.\n|inactive|adrpen has 10 seconds left.\n|inactive|adrpen has 5 seconds left.\n|\n|t:|1683570998\n|-end|p2b: Great Tusk|Protosynthesis|[silent]\n|switch|p2b: Talonflame|Talonflame, L50, F, shiny|100\/100\n|move|p1b: Amoonguss|Protect|p1b: Amoonguss\n|-singleturn|p1b: Amoonguss|Protect\n|move|p1a: Dragonite|Extreme Speed|p2b: Talonflame\n|-damage|p2b: Talonflame|52\/100\n|move|p2a: Torkoal|Heat Wave|p1a: Dragonite|[spread] p1a\n|-activate|p1b: Amoonguss|move: Protect\n|-resisted|p1a: Dragonite\n|-damage|p1a: Dragonite|59\/100\n|\n|-weather|SunnyDay|[upkeep]\n|upkeep\n|turn|3\n|inactive|adrpen has 30 seconds left.\n|\n|t:|1683571030\n|-terastallize|p1b: Amoonguss|Water\n|move|p2b: Talonflame|Will-O-Wisp|p1a: Dragonite\n|-status|p1a: Dragonite|brn\n|-enditem|p1a: Dragonite|Lum Berry|[eat]\n|-curestatus|p1a: Dragonite|brn|[msg]\n|move|p1a: Dragonite|Dragon Claw|p2b: Talonflame\n|-damage|p2b: Talonflame|0 fnt\n|faint|p2b: Talonflame\n|move|p1b: Amoonguss|Spore|p2a: Torkoal\n|-status|p2a: Torkoal|slp|[from] move: Spore\n|cant|p2a: Torkoal|slp\n|\n|-weather|SunnyDay|[upkeep]\n|upkeep\n|\n|t:|1683571040\n|switch|p2b: Great Tusk|Great Tusk, L50|100\/100\n|-activate|p2b: Great Tusk|ability: Protosynthesis\n|-start|p2b: Great Tusk|protosynthesisatk\n|turn|4\n|inactive|adrpen has 30 seconds left.\n|\n|t:|1683571071\n|move|p2b: Great Tusk|Ice Spinner|p1a: Dragonite\n|-supereffective|p1a: Dragonite\n|-damage|p1a: Dragonite|0 fnt\n|faint|p1a: Dragonite\n|move|p1b: Amoonguss|Pollen Puff|p1: Dragonite|[notarget]\n|-fail|p1b: Amoonguss\n|cant|p2a: Torkoal|slp\n|\n|-weather|SunnyDay|[upkeep]\n|upkeep\n|\n|t:|1683571081\n|switch|p1a: Palafin|Palafin-Hero, L50, M, shiny|100\/100\n|-activate|p1a: Palafin|ability: Zero to Hero\n|turn|5\n|\n|t:|1683571098\n|-end|p2b: Great Tusk|Protosynthesis|[silent]\n|switch|p2b: Indeedee|Indeedee-F, L50, F|100\/100\n|-fieldstart|move: Psychic Terrain|[from] ability: Psychic Surge|[of] p2b: Indeedee\n|-enditem|p2b: Indeedee|Psychic Seed\n|-boost|p2b: Indeedee|spd|1|[from] item: Psychic Seed\n|move|p1a: Palafin|Wave Crash|p2b: Indeedee\n|-damage|p2b: Indeedee|66\/100\n|-damage|p1a: Palafin|91\/100|[from] Recoil\n|move|p1b: Amoonguss|Spore|p2b: Indeedee\n|-status|p2b: Indeedee|slp|[from] move: Spore\n|-curestatus|p2a: Torkoal|slp|[msg]\n|move|p2a: Torkoal|Solar Beam||[still]\n|-prepare|p2a: Torkoal|Solar Beam\n|-anim|p2a: Torkoal|Solar Beam|p1b: Amoonguss\n|-supereffective|p1b: Amoonguss\n|-damage|p1b: Amoonguss|45\/100\n|\n|-weather|SunnyDay|[upkeep]\n|upkeep\n|turn|6\n|inactive|adrpen has 30 seconds left.\n|inactive|adrpen has 20 seconds left.\n|\n|t:|1683571138\n|switch|p1b: Iron Hands|Iron Hands, L50, shiny|100\/100\n|cant|p2b: Indeedee|slp\n|move|p1a: Palafin|Wave Crash|p2b: Indeedee\n|-damage|p2b: Indeedee|25\/100 slp\n|-damage|p1a: Palafin|79\/100|[from] Recoil\n|move|p2a: Torkoal|Solar Beam||[still]\n|-prepare|p2a: Torkoal|Solar Beam\n|-anim|p2a: Torkoal|Solar Beam|p1b: Iron Hands\n|-damage|p1b: Iron Hands|84\/100\n|\n|-weather|SunnyDay|[upkeep]\n|upkeep\n|turn|7\n|\n|t:|1683571163\n|cant|p2b: Indeedee|slp\n|move|p1a: Palafin|Wave Crash|p2a: Torkoal\n|-supereffective|p2a: Torkoal\n|-damage|p2a: Torkoal|36\/100\n|-damage|p1a: Palafin|60\/100|[from] Recoil\n|move|p1b: Iron Hands|Drain Punch|p2b: Indeedee\n|-damage|p2b: Indeedee|0 fnt\n|-heal|p1b: Iron Hands|93\/100|[from] drain|[of] p2b: Indeedee\n|faint|p2b: Indeedee\n|move|p2a: Torkoal|Solar Beam||[still]\n|-prepare|p2a: Torkoal|Solar Beam\n|-anim|p2a: Torkoal|Solar Beam|p1a: Palafin\n|-supereffective|p1a: Palafin\n|-damage|p1a: Palafin|0 fnt\n|faint|p1a: Palafin\n|\n|-weather|SunnyDay|[upkeep]\n|upkeep\n|\n|t:|1683571179\n|switch|p1a: Amoonguss|Amoonguss, L50, M, shiny, tera:Water|78\/100\n|switch|p2b: Great Tusk|Great Tusk, L50|100\/100\n|-activate|p2b: Great Tusk|ability: Protosynthesis\n|-start|p2b: Great Tusk|protosynthesisatk\n|turn|8\n|\n|t:|1683571200\n|-terastallize|p2b: Great Tusk|Ground\n|move|p1a: Amoonguss|Rage Powder|p1a: Amoonguss\n|-singleturn|p1a: Amoonguss|move: Rage Powder\n|move|p2b: Great Tusk|Headlong Rush|p1a: Amoonguss\n|-crit|p1a: Amoonguss\n|-damage|p1a: Amoonguss|0 fnt\n|-unboost|p2b: Great Tusk|def|1\n|-unboost|p2b: Great Tusk|spd|1\n|-damage|p2b: Great Tusk|84\/100|[from] item: Rocky Helmet|[of] p1a: Amoonguss\n|faint|p1a: Amoonguss\n|move|p1b: Iron Hands|Drain Punch|p2a: Torkoal\n|-damage|p2a: Torkoal|4\/100\n|-heal|p1b: Iron Hands|100\/100|[from] drain|[of] p2a: Torkoal\n|move|p2a: Torkoal|Solar Beam||[still]\n|-prepare|p2a: Torkoal|Solar Beam\n|-anim|p2a: Torkoal|Solar Beam|p1b: Iron Hands\n|-damage|p1b: Iron Hands|81\/100\n|\n|-weather|none\n|-end|p2b: Great Tusk|Protosynthesis\n|upkeep\n|turn|9\n|\n|t:|1683571220\n|move|p2b: Great Tusk|Headlong Rush|p1b: Iron Hands\n|-supereffective|p1b: Iron Hands\n|-damage|p1b: Iron Hands|0 fnt\n|-unboost|p2b: Great Tusk|def|1\n|-unboost|p2b: Great Tusk|spd|1\n|faint|p1b: Iron Hands\n|-end|p1b: Iron Hands|Quark Drive|[silent]\n|\n|win|zjeskin\n|raw|adrpen's rating: 1066 → 1049<\/strong> (-17 for losing)\n|raw|zjeskin's rating: 1118 → 1139<\/strong> (+21 for winning)\n","uploadtime":1683571229,"views":6,"p1id":"adrpen","p2id":"zjeskin","formatid":"gen9vgc2023regulationc","rating":1049,"private":0,"password":""}