{"id":"gen9vgc2023regulationc-1852434067","p1":"rmnew72","p2":"MMQZA","format":"[Gen 9] VGC 2023 Regulation C","log":"|j|\u2606rmnew72\n|j|\u2606MMQZA\n|t:|1682557108\n|gametype|doubles\n|player|p1|rmnew72|169|1359\n|player|p2|MMQZA|266|1413\n|teamsize|p1|6\n|teamsize|p2|6\n|gen|9\n|tier|[Gen 9] VGC 2023 Regulation C\n|rated|\n|rule|Species Clause: Limit one of each Pok\u00e9mon\n|rule|Item Clause: Limit one of each item\n|clearpoke\n|poke|p1|Iron Hands, L50|\n|poke|p1|Kingambit, L50, M|\n|poke|p1|Mimikyu, L50, M|\n|poke|p1|Clodsire, L50, F|\n|poke|p1|Torkoal, L50, F|\n|poke|p1|Chi-Yu, L50|\n|poke|p2|Flutter Mane, L50|\n|poke|p2|Murkrow, L50, F|\n|poke|p2|Iron Bundle, L50|\n|poke|p2|Gholdengo, L50|\n|poke|p2|Tyranitar, L50, F|\n|poke|p2|Great Tusk, L50|\n|teampreview|4\n|inactive|Battle timer is ON: inactive players will automatically lose when time's up. (requested by rmnew72)\n|\n|t:|1682557149\n|start\n|switch|p1a: Iron Hands|Iron Hands, L50|100\/100\n|switch|p1b: Mimikyu|Mimikyu, L50, M|100\/100\n|switch|p2a: Murkrow|Murkrow, L50, F|100\/100\n|switch|p2b: Great Tusk|Great Tusk, L50|100\/100\n|turn|1\n|inactive|rmnew72 has 30 seconds left.\n|inactive|rmnew72 has 20 seconds left.\n|\n|t:|1682557185\n|-terastallize|p2b: Great Tusk|Ground\n|move|p1a: Iron Hands|Fake Out|p2b: Great Tusk\n|-damage|p2b: Great Tusk|90\/100\n|move|p2a: Murkrow|Taunt|p1b: Mimikyu\n|-start|p1b: Mimikyu|move: Taunt\n|-enditem|p1b: Mimikyu|Mental Herb\n|-end|p1b: Mimikyu|move: Taunt\n|cant|p2b: Great Tusk|flinch\n|move|p1b: Mimikyu|Trick Room|p1b: Mimikyu\n|-fieldstart|move: Trick Room|[of] p1b: Mimikyu\n|\n|upkeep\n|turn|2\n|inactive|rmnew72 has 30 seconds left.\n|inactive|rmnew72 has 20 seconds left.\n|\n|t:|1682557222\n|-terastallize|p1a: Iron Hands|Grass\n|move|p2b: Great Tusk|Protect|p2b: Great Tusk\n|-singleturn|p2b: Great Tusk|Protect\n|move|p1a: Iron Hands|Ice Punch|p2a: Murkrow\n|-supereffective|p2a: Murkrow\n|-damage|p2a: Murkrow|51\/100\n|move|p1b: Mimikyu|Will-O-Wisp|p2b: Great Tusk\n|-activate|p2b: Great Tusk|move: Protect\n|move|p2a: Murkrow|Foul Play|p1b: Mimikyu\n|-activate|p1b: Mimikyu|ability: Disguise\n|-damage|p1b: Mimikyu|100\/100\n|detailschange|p1b: Mimikyu|Mimikyu-Busted, L50, M\n|-damage|p1b: Mimikyu|88\/100|[from] pokemon: Mimikyu-Busted\n|\n|upkeep\n|turn|3\n|inactive|MMQZA has 30 seconds left.\n|\n|t:|1682557255\n|switch|p2a: Tyranitar|Tyranitar, L50, F|100\/100\n|-weather|Sandstorm|[from] ability: Sand Stream|[of] p2a: Tyranitar\n|-end|p2b: Great Tusk|Protosynthesis|[silent]\n|switch|p2b: Iron Bundle|Iron Bundle, L50|100\/100\n|-enditem|p2b: Iron Bundle|Booster Energy\n|-activate|p2b: Iron Bundle|ability: Quark Drive|[fromitem]\n|-start|p2b: Iron Bundle|quarkdrivespe\n|move|p1a: Iron Hands|Ice Punch|p2a: Tyranitar\n|-damage|p2a: Tyranitar|80\/100\n|move|p1b: Mimikyu|Will-O-Wisp|p2b: Iron Bundle|[miss]\n|-miss|p1b: Mimikyu|p2b: Iron Bundle\n|\n|-weather|Sandstorm|[upkeep]\n|-damage|p1a: Iron Hands|94\/100|[from] Sandstorm\n|-damage|p1b: Mimikyu|82\/100|[from] Sandstorm\n|-damage|p2b: Iron Bundle|94\/100|[from] Sandstorm\n|upkeep\n|turn|4\n|inactive|MMQZA has 30 seconds left.\n|inactive|MMQZA has 20 seconds left.\n|inactive|MMQZA has 15 seconds left.\n|\n|t:|1682557298\n|switch|p2a: Murkrow|Murkrow, L50, F|51\/100\n|move|p2b: Iron Bundle|Protect|p2b: Iron Bundle\n|-singleturn|p2b: Iron Bundle|Protect\n|move|p1a: Iron Hands|Drain Punch|p2b: Iron Bundle\n|-activate|p2b: Iron Bundle|move: Protect\n|move|p1b: Mimikyu|Will-O-Wisp|p2a: Murkrow\n|-status|p2a: Murkrow|brn\n|\n|-weather|Sandstorm|[upkeep]\n|-damage|p1a: Iron Hands|88\/100|[from] Sandstorm\n|-damage|p1b: Mimikyu|76\/100|[from] Sandstorm\n|-damage|p2a: Murkrow|45\/100 brn|[from] Sandstorm\n|-damage|p2b: Iron Bundle|88\/100|[from] Sandstorm\n|-damage|p2a: Murkrow|39\/100 brn|[from] brn\n|upkeep\n|turn|5\n|inactive|MMQZA has 30 seconds left.\n|inactive|MMQZA has 20 seconds left.\n|inactive|MMQZA has 15 seconds left.\n|inactive|MMQZA has 10 seconds left.\n|\n|t:|1682557344\n|-end|p1a: Iron Hands|Quark Drive|[silent]\n|switch|p1a: Torkoal|Torkoal, L50, F|100\/100\n|-weather|SunnyDay|[from] ability: Drought|[of] p1a: Torkoal\n|-end|p2b: Iron Bundle|Quark Drive|[silent]\n|switch|p2b: Great Tusk|Great Tusk, L50, tera:Ground|90\/100\n|-activate|p2b: Great Tusk|ability: Protosynthesis\n|-start|p2b: Great Tusk|protosynthesisatk\n|move|p1b: Mimikyu|Shadow Sneak|p2a: Murkrow\n|-resisted|p2a: Murkrow\n|-damage|p2a: Murkrow|32\/100 brn\n|move|p2a: Murkrow|Foul Play|p1a: Torkoal\n|-damage|p1a: Torkoal|92\/100\n|\n|-weather|SunnyDay|[upkeep]\n|-damage|p2a: Murkrow|26\/100 brn|[from] brn\n|-fieldend|move: Trick Room\n|upkeep\n|turn|6\n|\n|t:|1682557367\n|switch|p1a: Iron Hands|Iron Hands, L50, tera:Grass|88\/100\n|move|p2a: Murkrow|Taunt|p1b: Mimikyu\n|-start|p1b: Mimikyu|move: Taunt\n|move|p2b: Great Tusk|Earthquake|p1b: Mimikyu|[spread] p1a,p1b\n|-immune|p2a: Murkrow\n|-resisted|p1a: Iron Hands\n|-damage|p1a: Iron Hands|67\/100\n|-damage|p1b: Mimikyu|7\/100\n|cant|p1b: Mimikyu|move: Taunt|Trick Room\n|\n|-weather|SunnyDay|[upkeep]\n|-damage|p2a: Murkrow|20\/100 brn|[from] brn\n|upkeep\n|turn|7\n|inactive|MMQZA has 30 seconds left.\n|\n|t:|1682557402\n|move|p2b: Great Tusk|Protect|p2b: Great Tusk\n|-singleturn|p2b: Great Tusk|Protect\n|move|p1a: Iron Hands|Fake Out|p2b: Great Tusk\n|-activate|p2b: Great Tusk|move: Protect\n|move|p2a: Murkrow|Tailwind|p2a: Murkrow\n|-sidestart|p2: MMQZA|move: Tailwind\n|move|p1b: Mimikyu|Shadow Sneak|p2a: Murkrow\n|-resisted|p2a: Murkrow\n|-damage|p2a: Murkrow|12\/100 brn\n|\n|-weather|SunnyDay|[upkeep]\n|-damage|p2a: Murkrow|6\/100 brn|[from] brn\n|upkeep\n|turn|8\n|\n|t:|1682557421\n|switch|p2a: Iron Bundle|Iron Bundle, L50|88\/100\n|move|p1b: Mimikyu|Shadow Sneak|p2a: Iron Bundle\n|-damage|p2a: Iron Bundle|68\/100\n|move|p2b: Great Tusk|Close Combat|p1a: Iron Hands\n|-damage|p1a: Iron Hands|18\/100\n|-unboost|p2b: Great Tusk|def|1\n|-unboost|p2b: Great Tusk|spd|1\n|-enditem|p1a: Iron Hands|Sitrus Berry|[eat]\n|-heal|p1a: Iron Hands|43\/100|[from] item: Sitrus Berry\n|move|p1a: Iron Hands|Ice Punch|p2b: Great Tusk\n|-supereffective|p2b: Great Tusk\n|-crit|p2b: Great Tusk\n|-damage|p2b: Great Tusk|0 fnt\n|faint|p2b: Great Tusk\n|-end|p2b: Great Tusk|Protosynthesis|[silent]\n|\n|-weather|SunnyDay|[upkeep]\n|-end|p1b: Mimikyu|move: Taunt\n|upkeep\n|inactive|MMQZA has 30 seconds left.\n|\n|t:|1682557448\n|switch|p2b: Murkrow|Murkrow, L50, F|6\/100 brn\n|turn|9\n|\n|t:|1682557460\n|-end|p1a: Iron Hands|Quark Drive|[silent]\n|switch|p1a: Torkoal|Torkoal, L50, F|92\/100\n|move|p2b: Murkrow|Taunt|p1b: Mimikyu\n|-start|p1b: Mimikyu|move: Taunt\n|move|p1b: Mimikyu|Shadow Sneak|p2b: Murkrow\n|-resisted|p2b: Murkrow\n|-damage|p2b: Murkrow|0 fnt\n|faint|p2b: Murkrow\n|move|p2a: Iron Bundle|Icy Wind|p1b: Mimikyu|[spread] p1a,p1b\n|-resisted|p1a: Torkoal\n|-damage|p1a: Torkoal|80\/100\n|-damage|p1b: Mimikyu|0 fnt\n|-unboost|p1a: Torkoal|spe|1\n|faint|p1b: Mimikyu\n|\n|-weather|none\n|upkeep\n|\n|t:|1682557474\n|switch|p2b: Tyranitar|Tyranitar, L50, F|80\/100\n|switch|p1b: Iron Hands|Iron Hands, L50, tera:Grass|43\/100\n|-weather|Sandstorm|[from] ability: Sand Stream|[of] p2b: Tyranitar\n|turn|10\n|\n|t:|1682557487\n|switch|p1a: Kingambit|Kingambit, L50, M|100\/100\n|move|p1b: Iron Hands|Fake Out|p2b: Tyranitar\n|-resisted|p2b: Tyranitar\n|-damage|p2b: Tyranitar|74\/100\n|move|p2a: Iron Bundle|Freeze-Dry|p1b: Iron Hands\n|-supereffective|p1b: Iron Hands\n|-damage|p1b: Iron Hands|0 fnt\n|faint|p1b: Iron Hands\n|-end|p1b: Iron Hands|Quark Drive|[silent]\n|cant|p2b: Tyranitar|flinch\n|\n|-weather|Sandstorm|[upkeep]\n|-damage|p2a: Iron Bundle|62\/100|[from] Sandstorm\n|-sideend|p2: MMQZA|move: Tailwind\n|upkeep\n|\n|t:|1682557498\n|switch|p1b: Torkoal|Torkoal, L50, F|80\/100\n|-weather|SunnyDay|[from] ability: Drought|[of] p1b: Torkoal\n|turn|11\n|inactive|MMQZA has 30 seconds left.\n|\n|t:|1682557528\n|move|p2a: Iron Bundle|Hydro Pump|p1b: Torkoal\n|-supereffective|p1b: Torkoal\n|-damage|p1b: Torkoal|4\/100\n|move|p2b: Tyranitar|Rock Slide|p1b: Torkoal|[spread] p1a,p1b\n|-resisted|p1a: Kingambit\n|-supereffective|p1b: Torkoal\n|-damage|p1a: Kingambit|90\/100\n|-damage|p1b: Torkoal|0 fnt\n|faint|p1b: Torkoal\n|move|p1a: Kingambit|Iron Head|p2a: Iron Bundle\n|-damage|p2a: Iron Bundle|12\/100\n|\n|-weather|SunnyDay|[upkeep]\n|upkeep\n|turn|12\n|\n|t:|1682557546\n|move|p2a: Iron Bundle|Protect|p2a: Iron Bundle\n|-singleturn|p2a: Iron Bundle|Protect\n|move|p2b: Tyranitar|Low Kick|p1a: Kingambit\n|-supereffective|p1a: Kingambit\n|-damage|p1a: Kingambit|0 fnt\n|faint|p1a: Kingambit\n|\n|win|MMQZA\n|raw|rmnew72's rating: 1359 → 1342<\/strong> (-17 for losing)\n|raw|MMQZA's rating: 1413 → 1430<\/strong> (+17 for winning)\n|l|\u2606rmnew72\n","uploadtime":1682557558,"views":15,"p1id":"rmnew72","p2id":"mmqza","formatid":"gen9vgc2023regulationc","rating":1342,"private":0,"password":""}