{"id":"gen9vgc2023regulationc-1846785600","p1":"AtWorkPlaying","p2":"egiuvergin","format":"[Gen 9] VGC 2023 Regulation C","log":"|j|\u2606AtWorkPlaying\n|j|\u2606egiuvergin\n|t:|1681878991\n|gametype|doubles\n|player|p1|AtWorkPlaying|fisherman-gen4|1110\n|player|p2|egiuvergin|265|1043\n|teamsize|p1|6\n|teamsize|p2|6\n|gen|9\n|tier|[Gen 9] VGC 2023 Regulation C\n|rated|\n|rule|Species Clause: Limit one of each Pok\u00e9mon\n|rule|Item Clause: Limit one of each item\n|clearpoke\n|poke|p1|Amoonguss, L50, M|\n|poke|p1|Arcanine, L50, M|\n|poke|p1|Roaring Moon, L50|\n|poke|p1|Flutter Mane, L50|\n|poke|p1|Palafin, L50, F|\n|poke|p1|Gholdengo, L50|\n|poke|p2|Talonflame, L50, F|\n|poke|p2|Garchomp, L50, F|\n|poke|p2|Scizor, L50, M|\n|poke|p2|Gardevoir, L50, F|\n|poke|p2|Gengar, L50, F|\n|poke|p2|Slowbro, L50, M|\n|teampreview|4\n|\n|t:|1681879027\n|start\n|switch|p1a: Arcanine|Arcanine, L50, M|100\/100\n|switch|p1b: Palafin|Palafin, L50, F|100\/100\n|switch|p2a: Garchomp|Garchomp, L50, F|100\/100\n|switch|p2b: Gardevoir|Gardevoir, L50, F|100\/100\n|-ability|p1a: Arcanine|Intimidate|boost\n|-fail|p2a: Garchomp|unboost|[from] item: Clear Amulet|[of] p2a: Garchomp\n|-unboost|p2b: Gardevoir|atk|1\n|turn|1\n|\n|t:|1681879056\n|detailschange|p1b: Palafin|Palafin-Hero, L50, F\n|switch|p1b: Amoonguss|Amoonguss, L50, M|100\/100\n|move|p2b: Gardevoir|Dazzling Gleam|p1b: Amoonguss|[spread] p1a,p1b\n|-resisted|p1a: Arcanine\n|-resisted|p1b: Amoonguss\n|-damage|p1a: Arcanine|89\/100\n|-damage|p1b: Amoonguss|90\/100\n|move|p2a: Garchomp|Earthquake|p1a: Arcanine|[spread] p1a,p1b\n|-activate|p2b: Gardevoir|ability: Telepathy\n|-supereffective|p1a: Arcanine\n|-damage|p1a: Arcanine|2\/100\n|-damage|p1b: Amoonguss|43\/100\n|-enditem|p1b: Amoonguss|Sitrus Berry|[eat]\n|-heal|p1b: Amoonguss|67\/100|[from] item: Sitrus Berry\n|move|p1a: Arcanine|Will-O-Wisp|p2a: Garchomp\n|-status|p2a: Garchomp|brn\n|\n|-damage|p2a: Garchomp|94\/100 brn|[from] brn\n|upkeep\n|turn|2\n|\n|t:|1681879104\n|move|p1b: Amoonguss|Protect|p1b: Amoonguss\n|-singleturn|p1b: Amoonguss|Protect\n|move|p1a: Arcanine|Extreme Speed|p2b: Gardevoir\n|-damage|p2b: Gardevoir|61\/100\n|move|p2b: Gardevoir|Dazzling Gleam|p1a: Arcanine|[spread] p1a\n|-activate|p1b: Amoonguss|move: Protect\n|-resisted|p1a: Arcanine\n|-damage|p1a: Arcanine|0 fnt\n|faint|p1a: Arcanine\n|move|p2a: Garchomp|Earthquake|p1b: Amoonguss|[spread] \n|-activate|p1b: Amoonguss|move: Protect\n|-activate|p2b: Gardevoir|ability: Telepathy\n|\n|-damage|p2a: Garchomp|88\/100 brn|[from] brn\n|upkeep\n|\n|t:|1681879128\n|switch|p1a: Flutter Mane|Flutter Mane, L50|100\/100\n|turn|3\n|\n|t:|1681879145\n|switch|p2b: Slowbro|Slowbro, L50, M|100\/100\n|move|p2a: Garchomp|Protect|p2a: Garchomp\n|-singleturn|p2a: Garchomp|Protect\n|move|p1a: Flutter Mane|Dazzling Gleam|p2a: Garchomp|[spread] p2b\n|-activate|p2a: Garchomp|move: Protect\n|-damage|p2b: Slowbro|73\/100\n|move|p1b: Amoonguss|Spore|p2b: Slowbro\n|-status|p2b: Slowbro|slp|[from] move: Spore\n|\n|-heal|p2b: Slowbro|79\/100 slp|[from] item: Leftovers\n|-damage|p2a: Garchomp|82\/100 brn|[from] brn\n|upkeep\n|turn|4\n|\n|t:|1681879188\n|cant|p2b: Slowbro|slp\n|move|p1a: Flutter Mane|Dazzling Gleam|p2b: Slowbro|[spread] p2a,p2b\n|-supereffective|p2a: Garchomp\n|-damage|p2a: Garchomp|9\/100 brn\n|-damage|p2b: Slowbro|51\/100 slp\n|move|p2a: Garchomp|Rock Slide|p1a: Flutter Mane|[spread] p1a,p1b\n|-damage|p1a: Flutter Mane|77\/100\n|-damage|p1b: Amoonguss|56\/100\n|cant|p1b: Amoonguss|flinch\n|\n|-heal|p2b: Slowbro|57\/100 slp|[from] item: Leftovers\n|-damage|p2a: Garchomp|3\/100 brn|[from] brn\n|upkeep\n|turn|5\n|\n|t:|1681879221\n|move|p1a: Flutter Mane|Shadow Ball|p2b: Slowbro\n|-supereffective|p2b: Slowbro\n|-damage|p2b: Slowbro|0 fnt\n|faint|p2b: Slowbro\n|move|p2a: Garchomp|Rock Slide|p1b: Amoonguss|[spread] p1a,p1b\n|-damage|p1a: Flutter Mane|54\/100\n|-damage|p1b: Amoonguss|45\/100\n|move|p1b: Amoonguss|Pollen Puff|p1a: Flutter Mane\n|-heal|p1a: Flutter Mane|100\/100\n|\n|-damage|p2a: Garchomp|0 fnt|[from] brn\n|faint|p2a: Garchomp\n|upkeep\n|\n|t:|1681879233\n|switch|p2a: Scizor|Scizor, L50, M|100\/100\n|switch|p2b: Gardevoir|Gardevoir, L50, F|61\/100\n|turn|6\n|\n|t:|1681879282\n|move|p1a: Flutter Mane|Protect|p1a: Flutter Mane\n|-singleturn|p1a: Flutter Mane|Protect\n|move|p2b: Gardevoir|Psychic|p1a: Flutter Mane\n|-activate|p1a: Flutter Mane|move: Protect\n|move|p2a: Scizor|Aerial Ace|p1b: Amoonguss\n|-supereffective|p1b: Amoonguss\n|-damage|p1b: Amoonguss|0 fnt\n|faint|p1b: Amoonguss\n|\n|upkeep\n|\n|t:|1681879293\n|switch|p1b: Palafin|Palafin-Hero, L50, F|100\/100\n|-activate|p1b: Palafin|ability: Zero to Hero\n|turn|7\n|\n|t:|1681879309\n|move|p2b: Gardevoir|Psychic|p1a: Flutter Mane\n|-damage|p1a: Flutter Mane|43\/100\n|move|p1a: Flutter Mane|Shadow Ball|p2a: Scizor\n|-damage|p2a: Scizor|60\/100\n|move|p1b: Palafin|Close Combat|p2a: Scizor\n|-damage|p2a: Scizor|4\/100\n|-unboost|p1b: Palafin|def|1\n|-unboost|p1b: Palafin|spd|1\n|move|p2a: Scizor|Trailblaze|p1b: Palafin\n|-supereffective|p1b: Palafin\n|-damage|p1b: Palafin|25\/100\n|-boost|p2a: Scizor|spe|1\n|\n|upkeep\n|turn|8\n|\n|t:|1681879348\n|-terastallize|p1b: Palafin|Water\n|move|p2a: Scizor|Bullet Punch|p1a: Flutter Mane\n|-supereffective|p1a: Flutter Mane\n|-damage|p1a: Flutter Mane|0 fnt\n|faint|p1a: Flutter Mane\n|-end|p1a: Flutter Mane|Protosynthesis|[silent]\n|move|p1b: Palafin|Jet Punch|p2a: Scizor\n|-damage|p2a: Scizor|0 fnt\n|faint|p2a: Scizor\n|move|p2b: Gardevoir|Psychic|p1b: Palafin\n|-damage|p1b: Palafin|0 fnt\n|faint|p1b: Palafin\n|\n|win|egiuvergin\n|raw|AtWorkPlaying's rating: 1110 → 1080<\/strong> (-30 for losing)\n|raw|egiuvergin's rating: 1043 → 1083<\/strong> (+40 for winning)\n","uploadtime":1681879366,"views":9,"p1id":"atworkplaying","p2id":"egiuvergin","formatid":"gen9vgc2023regulationc","rating":1080,"private":0,"password":""}