{"id":"gen9vgc2023regulationc-1846526960","p1":"ReCapra","p2":"hancec","format":"[Gen 9] VGC 2023 Regulation C","log":"|j|\u2606ReCapra\n|j|\u2606hancec\n|t:|1681848518\n|gametype|doubles\n|player|p1|ReCapra|102|1294\n|player|p2|hancec|gentleman-gen4dp|1299\n|teamsize|p1|6\n|teamsize|p2|6\n|gen|9\n|tier|[Gen 9] VGC 2023 Regulation C\n|rated|\n|rule|Species Clause: Limit one of each Pok\u00e9mon\n|rule|Item Clause: Limit one of each item\n|clearpoke\n|poke|p1|Ting-Lu, L50|\n|poke|p1|Orthworm, L50, M|\n|poke|p1|Gyarados, L50, M|\n|poke|p1|Kingambit, L50, M|\n|poke|p1|Scovillain, L50, M|\n|poke|p1|Dragonite, L50, M|\n|poke|p2|Murkrow, L50, M|\n|poke|p2|Iron Bundle, L50|\n|poke|p2|Chi-Yu, L50|\n|poke|p2|Gholdengo, L50|\n|poke|p2|Great Tusk, L50|\n|poke|p2|Brute Bonnet, L50|\n|teampreview|4\nhancec has agreed to open team sheets.\n|\n|t:|1681848586\n|start\n|switch|p1a: Gabibbo|Orthworm, L50, M|100\/100\n|switch|p1b: Cocchetto|Ting-Lu, L50|100\/100\n|switch|p2a: Matsuemon|Murkrow, L50, M, shiny|100\/100\n|switch|p2b: Tanjiro|Chi-Yu, L50|100\/100\n|-ability|p2b: Tanjiro|Beads of Ruin\n|-ability|p1b: Cocchetto|Vessel of Ruin\n|turn|1\n|\n|t:|1681848628\n|switch|p2a: Enmu|Brute Bonnet, L50|100\/100\n|-terastallize|p1a: Gabibbo|Fire\n|move|p2b: Tanjiro|Protect|p2b: Tanjiro\n|-singleturn|p2b: Tanjiro|Protect\n|move|p1b: Cocchetto|Earthquake|p2b: Tanjiro|[spread] p2a\n|-activate|p2b: Tanjiro|move: Protect\n|-immune|p1a: Gabibbo|[from] ability: Earth Eater\n|-resisted|p2a: Enmu\n|-damage|p2a: Enmu|75\/100\n|move|p1a: Gabibbo|Iron Defense|p1a: Gabibbo\n|-boost|p1a: Gabibbo|def|2\n|\n|upkeep\n|turn|2\n|\n|t:|1681848652\n|move|p2b: Tanjiro|Dark Pulse|p1a: Gabibbo\n|-damage|p1a: Gabibbo|50\/100\n|-enditem|p1a: Gabibbo|Sitrus Berry|[eat]\n|-heal|p1a: Gabibbo|75\/100|[from] item: Sitrus Berry\n|move|p2a: Enmu|Spore|p1b: Cocchetto\n|-status|p1b: Cocchetto|slp|[from] move: Spore\n|cant|p1b: Cocchetto|slp\n|move|p1a: Gabibbo|Body Press|p2a: Enmu\n|-supereffective|p2a: Enmu\n|-damage|p2a: Enmu|0 fnt\n|faint|p2a: Enmu\n|-end|p2a: Enmu|Protosynthesis|[silent]\n|\n|upkeep\n|\n|t:|1681848657\n|switch|p2a: Giyu|Iron Bundle, L50|100\/100\n|-enditem|p2a: Giyu|Booster Energy\n|-activate|p2a: Giyu|ability: Quark Drive|[fromitem]\n|-start|p2a: Giyu|quarkdrivespe\n|turn|3\n|\n|t:|1681848673\n|move|p2a: Giyu|Hydro Pump|p1a: Gabibbo\n|-supereffective|p1a: Gabibbo\n|-damage|p1a: Gabibbo|0 fnt\n|faint|p1a: Gabibbo\n|move|p2b: Tanjiro|Heat Wave|p1b: Cocchetto\n|-damage|p1b: Cocchetto|65\/100 slp\n|cant|p1b: Cocchetto|slp\n|\n|upkeep\n|\n|t:|1681848682\n|switch|p1a: Gyaragod|Gyarados, L50, M|100\/100\n|-ability|p1a: Gyaragod|Intimidate|boost\n|-unboost|p2a: Giyu|atk|1\n|-unboost|p2b: Tanjiro|atk|1\n|turn|4\n|\n|t:|1681848692\n|switch|p1a: La Forchetta|Kingambit, L50, M, shiny|100\/100\n|-terastallize|p2b: Tanjiro|Fire\n|move|p2a: Giyu|Freeze-Dry|p1b: Cocchetto\n|-supereffective|p1b: Cocchetto\n|-damage|p1b: Cocchetto|12\/100 slp\n|move|p2b: Tanjiro|Heat Wave|p1a: La Forchetta|[spread] p1a,p1b\n|-supereffective|p1a: La Forchetta\n|-damage|p1a: La Forchetta|35\/100\n|-damage|p1b: Cocchetto|0 fnt\n|faint|p1b: Cocchetto\n|\n|upkeep\n|\n|t:|1681848703\n|switch|p1b: Gyaragod|Gyarados, L50, M|100\/100\n|-ability|p1b: Gyaragod|Intimidate|boost\n|-unboost|p2a: Giyu|atk|1\n|-unboost|p2b: Tanjiro|atk|1\n|turn|5\n|-message|ReCapra forfeited.\n|\n|win|hancec\n|raw|ReCapra's rating: 1294 → 1269<\/strong> (-25 for losing)\n|raw|hancec's rating: 1299 → 1324<\/strong> (+25 for winning)\n|l|\u2606ReCapra\n","uploadtime":1681848721,"views":6,"p1id":"recapra","p2id":"hancec","formatid":"gen9vgc2023regulationc","rating":1269,"private":0,"password":""}