{"id":"gen9vgc2023regulationc-1852544975","p1":"Shuza1234","p2":"Crusaderofni","format":"[Gen 9] VGC 2023 Regulation C","log":"|j|\u2606Shuza1234\n|j|\u2606Crusaderofni\n|t:|1682573359\n|gametype|doubles\n|player|p1|Shuza1234|101|1476\n|player|p2|Crusaderofni|170|1414\n|teamsize|p1|6\n|teamsize|p2|6\n|gen|9\n|tier|[Gen 9] VGC 2023 Regulation C\n|rated|\n|rule|Species Clause: Limit one of each Pok\u00e9mon\n|rule|Item Clause: Limit one of each item\n|clearpoke\n|poke|p1|Chi-Yu, L50|\n|poke|p1|Flutter Mane, L50|\n|poke|p1|Iron Bundle, L50|\n|poke|p1|Dragonite, L50, M|\n|poke|p1|Great Tusk, L50|\n|poke|p1|Gothitelle, L50, M|\n|poke|p2|Tyranitar, L50, M|\n|poke|p2|Lycanroc, L50, M|\n|poke|p2|Iron Bundle, L50|\n|poke|p2|Arcanine, L50, F|\n|poke|p2|Annihilape, L50, M|\n|poke|p2|Maushold-Four, L50|\n|teampreview|4\n|\n|t:|1682573506\n|start\n|switch|p1a: Dragonite|Dragonite, L50, M|100\/100\n|switch|p1b: Great Tusk|Great Tusk, L50|100\/100\n|switch|p2a: The Rock|Tyranitar, L50, M|100\/100\n|switch|p2b: Best Boi|Lycanroc, L50, M|100\/100\n|-weather|Sandstorm|[from] ability: Sand Stream|[of] p2a: The Rock\n|turn|1\n|\n|t:|1682573535\n|-terastallize|p2a: The Rock|Flying\n|move|p2b: Best Boi|Rock Slide|p1b: Great Tusk|[spread] p1a,p1b\n|-supereffective|p1a: Dragonite\n|-resisted|p1b: Great Tusk\n|-damage|p1a: Dragonite|70\/100\n|-damage|p1b: Great Tusk|95\/100\n|move|p1b: Great Tusk|Headlong Rush|p2b: Best Boi\n|-supereffective|p2b: Best Boi\n|-enditem|p2b: Best Boi|Focus Sash\n|-damage|p2b: Best Boi|1\/100\n|-unboost|p1b: Great Tusk|def|1\n|-unboost|p1b: Great Tusk|spd|1\n|move|p1a: Dragonite|Tailwind|p1a: Dragonite\n|-sidestart|p1: Shuza1234|move: Tailwind\n|move|p2a: The Rock|Tera Blast|p1b: Great Tusk\n|-supereffective|p1b: Great Tusk\n|-damage|p1b: Great Tusk|0 fnt\n|faint|p1b: Great Tusk\n|-end|p1b: Great Tusk|Protosynthesis|[silent]\n|\n|-weather|Sandstorm|[upkeep]\n|-damage|p1a: Dragonite|64\/100|[from] Sandstorm\n|-damage|p2a: The Rock|95\/100|[from] Sandstorm\n|upkeep\n|\n|t:|1682573563\n|switch|p1b: Flutter Mane|Flutter Mane, L50|100\/100\n|turn|2\n|\n|t:|1682573579\n|-terastallize|p1a: Dragonite|Flying\n|move|p2b: Best Boi|Endure|p2b: Best Boi\n|-singleturn|p2b: Best Boi|move: Endure\n|move|p1b: Flutter Mane|Dazzling Gleam|p2b: Best Boi|[spread] p2a,p2b\n|-damage|p2a: The Rock|69\/100\n|-activate|p2b: Best Boi|move: Endure\n|-damage|p2b: Best Boi|1\/100\n|move|p1a: Dragonite|Tera Blast|p2a: The Rock\n|-damage|p2a: The Rock|21\/100\n|move|p2a: The Rock|Rock Slide|p1a: Dragonite|[spread] p1a,p1b\n|-supereffective|p1a: Dragonite\n|-damage|p1a: Dragonite|0 fnt\n|-damage|p1b: Flutter Mane|49\/100\n|faint|p1a: Dragonite\n|\n|-weather|Sandstorm|[upkeep]\n|-damage|p1b: Flutter Mane|43\/100|[from] Sandstorm\n|-damage|p2a: The Rock|15\/100|[from] Sandstorm\n|upkeep\n|\n|t:|1682573591\n|switch|p1a: Iron Bundle|Iron Bundle, L50|100\/100\n|-enditem|p1a: Iron Bundle|Booster Energy\n|-activate|p1a: Iron Bundle|ability: Quark Drive|[fromitem]\n|-start|p1a: Iron Bundle|quarkdrivespe\n|turn|3\n|\n|t:|1682573618\n|move|p2b: Best Boi|Endure||[still]\n|-fail|p2b: Best Boi\n|move|p1a: Iron Bundle|Icy Wind|p2b: Best Boi|[spread] p2a,p2b\n|-supereffective|p2a: The Rock\n|-damage|p2a: The Rock|0 fnt\n|-damage|p2b: Best Boi|0 fnt\n|faint|p2a: The Rock\n|faint|p2b: Best Boi\n|move|p1b: Flutter Mane|Dazzling Gleam|p2: The Rock|[notarget]\n|-fail|p1b: Flutter Mane\n|\n|-weather|Sandstorm|[upkeep]\n|-damage|p1a: Iron Bundle|94\/100|[from] Sandstorm\n|-damage|p1b: Flutter Mane|37\/100|[from] Sandstorm\n|upkeep\n|\n|t:|1682573631\n|switch|p2b: Robot Chicken|Iron Bundle, L50|100\/100\n|switch|p2a: Monke|Annihilape, L50, M|100\/100\n|-enditem|p2b: Robot Chicken|Booster Energy\n|-activate|p2b: Robot Chicken|ability: Quark Drive|[fromitem]\n|-start|p2b: Robot Chicken|quarkdrivespe\n|turn|4\n|\n|t:|1682573652\n|move|p2b: Robot Chicken|Protect|p2b: Robot Chicken\n|-singleturn|p2b: Robot Chicken|Protect\n|move|p2a: Monke|Protect|p2a: Monke\n|-singleturn|p2a: Monke|Protect\n|move|p1a: Iron Bundle|Freeze-Dry|p2b: Robot Chicken\n|-activate|p2b: Robot Chicken|move: Protect\n|move|p1b: Flutter Mane|Dazzling Gleam|p2b: Robot Chicken|[spread] \n|-activate|p2a: Monke|move: Protect\n|-activate|p2b: Robot Chicken|move: Protect\n|\n|-weather|Sandstorm|[upkeep]\n|-damage|p1a: Iron Bundle|88\/100|[from] Sandstorm\n|-damage|p1b: Flutter Mane|31\/100|[from] Sandstorm\n|-damage|p2b: Robot Chicken|94\/100|[from] Sandstorm\n|-damage|p2a: Monke|95\/100|[from] Sandstorm\n|-heal|p2a: Monke|100\/100|[from] item: Leftovers\n|-sideend|p1: Shuza1234|move: Tailwind\n|upkeep\n|turn|5\n|\n|t:|1682573672\n|move|p1a: Iron Bundle|Freeze-Dry|p2a: Monke\n|-damage|p2a: Monke|71\/100\n|-status|p2a: Monke|frz\n|move|p2b: Robot Chicken|Freeze-Dry|p1b: Flutter Mane\n|-damage|p1b: Flutter Mane|0 fnt\n|faint|p1b: Flutter Mane\n|-end|p1b: Flutter Mane|Protosynthesis|[silent]\n|cant|p2a: Monke|frz\n|\n|-weather|none\n|-heal|p2a: Monke|77\/100 frz|[from] item: Leftovers\n|upkeep\n|turn|6\n|\n|t:|1682573689\n|move|p2b: Robot Chicken|Freeze-Dry|p1a: Iron Bundle\n|-damage|p1a: Iron Bundle|13\/100\n|move|p1a: Iron Bundle|Freeze-Dry|p2b: Robot Chicken\n|-damage|p2b: Robot Chicken|17\/100\n|cant|p2a: Monke|frz\n|\n|-heal|p2a: Monke|83\/100 frz|[from] item: Leftovers\n|upkeep\n|turn|7\n|\n|t:|1682573706\n|move|p1a: Iron Bundle|Freeze-Dry|p2b: Robot Chicken\n|-damage|p2b: Robot Chicken|0 fnt\n|faint|p2b: Robot Chicken\n|-end|p2b: Robot Chicken|Quark Drive|[silent]\n|cant|p2a: Monke|frz\n|\n|-heal|p2a: Monke|89\/100 frz|[from] item: Leftovers\n|upkeep\n|turn|8\n|\n|t:|1682573716\n|move|p1a: Iron Bundle|Hydro Pump|p2a: Monke|[miss]\n|-miss|p1a: Iron Bundle|p2a: Monke\n|cant|p2a: Monke|frz\n|\n|-heal|p2a: Monke|95\/100 frz|[from] item: Leftovers\n|upkeep\n|turn|9\n|\n|t:|1682573734\n|move|p1a: Iron Bundle|Hydro Pump|p2a: Monke\n|-damage|p2a: Monke|43\/100 frz\n|cant|p2a: Monke|frz\n|\n|-heal|p2a: Monke|49\/100 frz|[from] item: Leftovers\n|upkeep\n|turn|10\n|\n|t:|1682573742\n|cant|p2a: Monke|frz\n|move|p1a: Iron Bundle|Hydro Pump|p2a: Monke\n|-damage|p2a: Monke|0 fnt\n|faint|p2a: Monke\n|\n|win|Shuza1234\n|raw|Shuza1234's rating: 1497 → 1512<\/strong> (+15 for winning)\n|raw|Crusaderofni's rating: 1414 → 1399<\/strong> (-15 for losing)\n|l|\u2606Shuza1234\n","uploadtime":1682573765,"views":11,"p1id":"shuza1234","p2id":"crusaderofni","formatid":"gen9vgc2023regulationc","rating":1399,"private":0,"password":""}