{"id":"gen9vgc2023regulationc-1853365517","p1":"EEP FunkyDafoe","p2":"bubbuccaccino","format":"[Gen 9] VGC 2023 Regulation C","log":"|j|\u2606EEP FunkyDafoe\n|j|\u2606bubbuccaccino\n|t:|1682675022\n|gametype|doubles\n|player|p1|EEP FunkyDafoe|az|1048\n|player|p2|bubbuccaccino|266|1152\n|teamsize|p1|6\n|teamsize|p2|6\n|gen|9\n|tier|[Gen 9] VGC 2023 Regulation C\n|rated|\n|rule|Species Clause: Limit one of each Pok\u00e9mon\n|rule|Item Clause: Limit one of each item\n|clearpoke\n|poke|p1|Garganacl, L50, M|\n|poke|p1|Gholdengo, L50|\n|poke|p1|Murkrow, L50, M|\n|poke|p1|Baxcalibur, L50, F|\n|poke|p1|Quaquaval, L50, M|\n|poke|p1|Arboliva, L50, F|\n|poke|p2|Palafin, L50, F|\n|poke|p2|Flutter Mane, L50|\n|poke|p2|Arcanine, L50, F|\n|poke|p2|Ting-Lu, L50|\n|poke|p2|Amoonguss, L50, M|\n|poke|p2|Kingambit, L50, F|\n|teampreview|4\n|\n|t:|1682675055\n|start\n|switch|p1a: Jesse Pinkman|Murkrow, L50, M, shiny|100\/100\n|switch|p1b: Mr. Strings|Gholdengo, L50|100\/100\n|switch|p2a: Kingambit|Kingambit, L50, F|100\/100\n|switch|p2b: Palafin|Palafin, L50, F|100\/100\n|turn|1\n|\n|t:|1682675083\n|detailschange|p2b: Palafin|Palafin-Hero, L50, F\n|switch|p2b: Arcanine|Arcanine, L50, F|100\/100\n|-ability|p2b: Arcanine|Intimidate|boost\n|-unboost|p1a: Jesse Pinkman|atk|1\n|-unboost|p1b: Mr. Strings|atk|1\n|move|p1a: Jesse Pinkman|Tailwind|p1a: Jesse Pinkman\n|-sidestart|p1: EEP FunkyDafoe|move: Tailwind\n|move|p1b: Mr. Strings|Trick|p2a: Kingambit\n|-activate|p1b: Mr. Strings|move: Trick|[of] p2a: Kingambit\n|-item|p2a: Kingambit|Choice Specs|[from] move: Trick\n|-item|p1b: Mr. Strings|Black Glasses|[from] move: Trick\n|move|p2a: Kingambit|Swords Dance|p2a: Kingambit\n|-boost|p2a: Kingambit|atk|2\n|\n|upkeep\n|turn|2\n|\n|t:|1682675106\n|switch|p1b: Duxley|Quaquaval, L50, M|100\/100\n|switch|p2a: Palafin|Palafin-Hero, L50, F|100\/100\n|-activate|p2a: Palafin|ability: Zero to Hero\n|move|p1a: Jesse Pinkman|Foul Play|p2a: Palafin\n|-damage|p2a: Palafin|49\/100\n|move|p2b: Arcanine|Howl|p2b: Arcanine|[spread] p2a,p2b\n|-boost|p2a: Palafin|atk|1\n|-boost|p2b: Arcanine|atk|1\n|\n|upkeep\n|turn|3\n|\n|t:|1682675129\n|move|p2a: Palafin|Protect|p2a: Palafin\n|-singleturn|p2a: Palafin|Protect\n|move|p1a: Jesse Pinkman|Foul Play|p2a: Palafin\n|-activate|p2a: Palafin|move: Protect\n|move|p1b: Duxley|Aqua Step|p2b: Arcanine\n|-supereffective|p2b: Arcanine\n|-damage|p2b: Arcanine|40\/100\n|-boost|p1b: Duxley|spe|1\n|move|p2b: Arcanine|Will-O-Wisp|p1b: Duxley\n|-status|p1b: Duxley|brn\n|\n|-damage|p1b: Duxley|94\/100 brn|[from] brn\n|upkeep\n|turn|4\n|\n|t:|1682675157\n|move|p2b: Arcanine|Extreme Speed|p1a: Jesse Pinkman\n|-crit|p1a: Jesse Pinkman\n|-damage|p1a: Jesse Pinkman|31\/100\n|move|p2a: Palafin|Jet Punch|p1a: Jesse Pinkman\n|-damage|p1a: Jesse Pinkman|0 fnt\n|faint|p1a: Jesse Pinkman\n|move|p1b: Duxley|Close Combat|p2a: Palafin\n|-damage|p2a: Palafin|29\/100\n|-unboost|p1b: Duxley|def|1\n|-unboost|p1b: Duxley|spd|1\n|\n|-damage|p1b: Duxley|88\/100 brn|[from] brn\n|-sideend|p1: EEP FunkyDafoe|move: Tailwind\n|upkeep\n|inactive|Battle timer is ON: inactive players will automatically lose when time's up. (requested by bubbuccaccino)\n|\n|t:|1682675181\n|switch|p1a: Saul T. Boye|Garganacl, L50, M|100\/100\n|turn|5\n|\n|t:|1682675199\n|-terastallize|p1a: Saul T. Boye|Fighting\n|move|p2a: Palafin|Protect|p2a: Palafin\n|-singleturn|p2a: Palafin|Protect\n|move|p1b: Duxley|Feather Dance|p2a: Palafin\n|-activate|p2a: Palafin|move: Protect\n|move|p2b: Arcanine|Will-O-Wisp|p1a: Saul T. Boye\n|-immune|p1a: Saul T. Boye|[from] ability: Purifying Salt\n|move|p1a: Saul T. Boye|Iron Defense|p1a: Saul T. Boye\n|-boost|p1a: Saul T. Boye|def|2\n|\n|-damage|p1b: Duxley|82\/100 brn|[from] brn\n|upkeep\n|turn|6\n|\n|t:|1682675222\n|switch|p2a: Amoonguss|Amoonguss, L50, M|100\/100\n|move|p1b: Duxley|Feather Dance|p2b: Arcanine\n|-unboost|p2b: Arcanine|atk|2\n|move|p2b: Arcanine|Flare Blitz|p1a: Saul T. Boye\n|-damage|p1a: Saul T. Boye|88\/100\n|-damage|p2b: Arcanine|36\/100|[from] Recoil\n|move|p1a: Saul T. Boye|Iron Defense|p1a: Saul T. Boye\n|-boost|p1a: Saul T. Boye|def|2\n|\n|-heal|p1a: Saul T. Boye|94\/100|[from] item: Leftovers\n|-damage|p1b: Duxley|75\/100 brn|[from] brn\n|upkeep\n|turn|7\n|\n|t:|1682675247\n|switch|p2b: Kingambit|Kingambit, L50, F|100\/100\n|move|p1b: Duxley|Aqua Step|p2b: Kingambit\n|-damage|p2b: Kingambit|87\/100\n|-boost|p1b: Duxley|spe|1\n|move|p1a: Saul T. Boye|Salt Cure|p2a: Amoonguss\n|-damage|p2a: Amoonguss|88\/100\n|-start|p2a: Amoonguss|Salt Cure\n|move|p2a: Amoonguss|Spore|p1a: Saul T. Boye\n|-immune|p1a: Saul T. Boye|[from] ability: Purifying Salt\n|\n|-heal|p1a: Saul T. Boye|99\/100|[from] item: Leftovers\n|-damage|p1b: Duxley|69\/100 brn|[from] brn\n|-damage|p2a: Amoonguss|76\/100|[from] Salt Cure\n|upkeep\n|turn|8\n|inactive|EEP FunkyDafoe has 30 seconds left.\n|inactive|bubbuccaccino has 30 seconds left.\n|inactive|EEP FunkyDafoe has 20 seconds left.\n|\n|t:|1682675283\n|switch|p2a: Arcanine|Arcanine, L50, F|36\/100\n|-ability|p2a: Arcanine|Intimidate|boost\n|-unboost|p1a: Saul T. Boye|atk|1\n|-unboost|p1b: Duxley|atk|1\n|move|p1b: Duxley|Feather Dance|p2b: Kingambit\n|-unboost|p2b: Kingambit|atk|2\n|-ability|p2b: Kingambit|Defiant|boost\n|-boost|p2b: Kingambit|atk|2\n|move|p2b: Kingambit|Kowtow Cleave|p1b: Duxley\n|-resisted|p1b: Duxley\n|-damage|p1b: Duxley|41\/100 brn\n|-enditem|p1b: Duxley|Sitrus Berry|[eat]\n|-heal|p1b: Duxley|66\/100 brn|[from] item: Sitrus Berry\n|move|p1a: Saul T. Boye|Body Press|p2b: Kingambit\n|-supereffective|p2b: Kingambit\n|-damage|p2b: Kingambit|0 fnt\n|faint|p2b: Kingambit\n|\n|-heal|p1a: Saul T. Boye|100\/100|[from] item: Leftovers\n|-damage|p1b: Duxley|60\/100 brn|[from] brn\n|upkeep\n|\n|t:|1682675301\n|switch|p2b: Palafin|Palafin-Hero, L50, F|29\/100\n|turn|9\n|\n|t:|1682675314\n|move|p2a: Arcanine|Extreme Speed|p1b: Duxley\n|-damage|p1b: Duxley|34\/100 brn\n|move|p1b: Duxley|Roost|p1b: Duxley\n|-heal|p1b: Duxley|84\/100 brn\n|-singleturn|p1b: Duxley|move: Roost\n|move|p2b: Palafin|Haze|p2b: Palafin\n|-clearallboost\n|move|p1a: Saul T. Boye|Body Press|p2a: Arcanine\n|-damage|p2a: Arcanine|0 fnt\n|faint|p2a: Arcanine\n|\n|-damage|p1b: Duxley|78\/100 brn|[from] brn\n|upkeep\n|\n|t:|1682675325\n|switch|p2a: Amoonguss|Amoonguss, L50, M|100\/100\n|turn|10\n|\n|t:|1682675333\n|-terastallize|p2b: Palafin|Water\n|move|p2a: Amoonguss|Rage Powder|p2a: Amoonguss\n|-singleturn|p2a: Amoonguss|move: Rage Powder\n|move|p2b: Palafin|Wave Crash|p1a: Saul T. Boye\n|-damage|p1a: Saul T. Boye|13\/100\n|-damage|p2b: Palafin|0 fnt|[from] Recoil\n|faint|p2b: Palafin\n|move|p1b: Duxley|Feather Dance|p2a: Amoonguss\n|-unboost|p2a: Amoonguss|atk|2\n|move|p1a: Saul T. Boye|Iron Defense|p1a: Saul T. Boye\n|-boost|p1a: Saul T. Boye|def|2\n|\n|-heal|p1a: Saul T. Boye|18\/100|[from] item: Leftovers\n|-damage|p1b: Duxley|71\/100 brn|[from] brn\n|upkeep\n|turn|11\n|-message|bubbuccaccino forfeited.\n|\n|win|EEP FunkyDafoe\n|raw|EEP FunkyDafoe's rating: 1048 → 1090<\/strong> (+42 for winning)\n|raw|bubbuccaccino's rating: 1152 → 1120<\/strong> (-32 for losing)\n|l|\u2606bubbuccaccino\n","uploadtime":1682675353,"views":10,"p1id":"eepfunkydafoe","p2id":"bubbuccaccino","formatid":"gen9vgc2023regulationc","rating":1090,"private":0,"password":""}