{"id":"gen9vgc2023regulationc-1854652728","p1":"Wtar","p2":"XJ09","format":"[Gen 9] VGC 2023 Regulation C","log":"|j|\u2606Wtar\n|j|\u2606XJ09\n|t:|1682843911\n|gametype|doubles\n|player|p1|Wtar|102|1057\n|player|p2|XJ09|cynthia|1136\n|teamsize|p1|6\n|teamsize|p2|6\n|gen|9\n|tier|[Gen 9] VGC 2023 Regulation C\n|rated|\n|rule|Species Clause: Limit one of each Pok\u00e9mon\n|rule|Item Clause: Limit one of each item\n|clearpoke\n|poke|p1|Flutter Mane, L50|\n|poke|p1|Chi-Yu, L50|\n|poke|p1|Gyarados, L50, M|\n|poke|p1|Amoonguss, L50, F|\n|poke|p1|Tyranitar, L50, F|\n|poke|p1|Klefki, L50, F|\n|poke|p2|Roaring Moon, L50|\n|poke|p2|Garganacl, L50, M|\n|poke|p2|Ting-Lu, L50|\n|poke|p2|Arcanine, L50, M|\n|poke|p2|Gyarados, L50, M|\n|poke|p2|Annihilape, L50, F|\n|teampreview|4\n|inactive|Battle timer is ON: inactive players will automatically lose when time's up. (requested by XJ09)\n|\n|t:|1682843964\n|start\n|switch|p1a: Flutter Mane|Flutter Mane, L50|100\/100\n|switch|p1b: Amoonguss|Amoonguss, L50, F|100\/100\n|switch|p2a: Annihilape|Annihilape, L50, F|100\/100\n|switch|p2b: Roaring Moon|Roaring Moon, L50|100\/100\n|-enditem|p1a: Flutter Mane|Booster Energy\n|-activate|p1a: Flutter Mane|ability: Protosynthesis|[fromitem]\n|-start|p1a: Flutter Mane|protosynthesisspe\n|-enditem|p2b: Roaring Moon|Booster Energy\n|-activate|p2b: Roaring Moon|ability: Protosynthesis|[fromitem]\n|-start|p2b: Roaring Moon|protosynthesisspe\n|turn|1\n|inactive|Wtar has 30 seconds left.\n|inactive|Wtar has 20 seconds left.\n|\n|t:|1682844000\n|-terastallize|p2a: Annihilape|Grass\n|-terastallize|p1b: Amoonguss|Water\n|move|p2b: Roaring Moon|Protect|p2b: Roaring Moon\n|-singleturn|p2b: Roaring Moon|Protect\n|move|p1b: Amoonguss|Rage Powder|p1b: Amoonguss\n|-singleturn|p1b: Amoonguss|move: Rage Powder\n|move|p1a: Flutter Mane|Moonblast|p2b: Roaring Moon\n|-activate|p2b: Roaring Moon|move: Protect\n|move|p2a: Annihilape|Rage Fist|p1a: Flutter Mane\n|-supereffective|p1a: Flutter Mane\n|-damage|p1a: Flutter Mane|19\/100\n|\n|upkeep\n|turn|2\n|\n|t:|1682844022\n|-end|p2b: Roaring Moon|Protosynthesis|[silent]\n|switch|p2b: Garganacl|Garganacl, L50, M|100\/100\n|move|p1a: Flutter Mane|Protect|p1a: Flutter Mane\n|-singleturn|p1a: Flutter Mane|Protect\n|move|p2a: Annihilape|Rage Fist|p1a: Flutter Mane\n|-activate|p1a: Flutter Mane|move: Protect\n|move|p1b: Amoonguss|Spore|p2b: Garganacl\n|-immune|p2b: Garganacl|[from] ability: Purifying Salt\n|\n|upkeep\n|turn|3\n|\n|t:|1682844038\n|-end|p1a: Flutter Mane|Protosynthesis|[silent]\n|switch|p1a: Chi-Yu|Chi-Yu, L50|100\/100\n|-ability|p1a: Chi-Yu|Beads of Ruin\n|move|p2a: Annihilape|Rage Fist|p1a: Chi-Yu\n|-resisted|p1a: Chi-Yu\n|-damage|p1a: Chi-Yu|85\/100\n|move|p2b: Garganacl|Salt Cure|p1b: Amoonguss\n|-damage|p1b: Amoonguss|87\/100\n|-start|p1b: Amoonguss|Salt Cure\n|move|p1b: Amoonguss|Pollen Puff|p1a: Chi-Yu\n|-heal|p1a: Chi-Yu|100\/100\n|\n|-damage|p1b: Amoonguss|62\/100|[from] Salt Cure\n|upkeep\n|turn|4\n|inactive|XJ09 has 30 seconds left.\n|\n|t:|1682844064\n|switch|p2a: Roaring Moon|Roaring Moon, L50|100\/100\n|move|p1b: Amoonguss|Rage Powder|p1b: Amoonguss\n|-singleturn|p1b: Amoonguss|move: Rage Powder\n|move|p1a: Chi-Yu|Heat Wave|p2b: Garganacl|[spread] p2a,p2b\n|-resisted|p2a: Roaring Moon\n|-resisted|p2b: Garganacl\n|-damage|p2a: Roaring Moon|72\/100\n|-damage|p2b: Garganacl|74\/100\n|move|p2b: Garganacl|Salt Cure|p1b: Amoonguss\n|-damage|p1b: Amoonguss|50\/100\n|-enditem|p1b: Amoonguss|Sitrus Berry|[eat]\n|-heal|p1b: Amoonguss|75\/100|[from] item: Sitrus Berry\n|\n|-heal|p2b: Garganacl|80\/100|[from] item: Leftovers\n|-damage|p1b: Amoonguss|50\/100|[from] Salt Cure\n|upkeep\n|turn|5\n|\n|t:|1682844087\n|switch|p1b: Gyarados|Gyarados, L50, M|100\/100\n|-ability|p1b: Gyarados|Intimidate|boost\n|-unboost|p2a: Roaring Moon|atk|1\n|-unboost|p2b: Garganacl|atk|1\n|move|p1a: Chi-Yu|Protect|p1a: Chi-Yu\n|-singleturn|p1a: Chi-Yu|Protect\n|move|p2b: Garganacl|Wide Guard|p2b: Garganacl\n|-singleturn|p2b: Garganacl|Wide Guard\n|move|p2a: Roaring Moon|Snarl|p1b: Gyarados|[spread] p1b\n|-activate|p1a: Chi-Yu|move: Protect\n|-damage|p1b: Gyarados|92\/100\n|-unboost|p1b: Gyarados|spa|1\n|\n|-heal|p2b: Garganacl|86\/100|[from] item: Leftovers\n|upkeep\n|turn|6\n|inactive|Wtar has 30 seconds left.\n|\n|t:|1682844121\n|move|p2b: Garganacl|Protect|p2b: Garganacl\n|-singleturn|p2b: Garganacl|Protect\n|move|p2a: Roaring Moon|Breaking Swipe|p1b: Gyarados|[spread] p1a,p1b\n|-damage|p1a: Chi-Yu|84\/100\n|-damage|p1b: Gyarados|79\/100\n|-unboost|p1a: Chi-Yu|atk|1\n|-unboost|p1b: Gyarados|atk|1\n|move|p1a: Chi-Yu|Dark Pulse|p2b: Garganacl\n|-activate|p2b: Garganacl|move: Protect\n|move|p1b: Gyarados|Waterfall|p2b: Garganacl\n|-activate|p2b: Garganacl|move: Protect\n|\n|-heal|p2b: Garganacl|91\/100|[from] item: Leftovers\n|upkeep\n|turn|7\n|inactive|XJ09 has 30 seconds left.\n|\n|t:|1682844150\n|move|p2a: Roaring Moon|Snarl|p1b: Gyarados|[spread] p1a,p1b\n|-resisted|p1a: Chi-Yu\n|-damage|p1a: Chi-Yu|79\/100\n|-damage|p1b: Gyarados|71\/100\n|-unboost|p1a: Chi-Yu|spa|1\n|-unboost|p1b: Gyarados|spa|1\n|move|p1a: Chi-Yu|Dark Pulse|p2b: Garganacl\n|-damage|p2b: Garganacl|57\/100\n|move|p1b: Gyarados|Waterfall|p2b: Garganacl\n|-supereffective|p2b: Garganacl\n|-damage|p2b: Garganacl|27\/100\n|cant|p2b: Garganacl|flinch\n|\n|-heal|p2b: Garganacl|32\/100|[from] item: Leftovers\n|upkeep\n|turn|8\n|\n|t:|1682844171\n|switch|p2b: Annihilape|Annihilape, L50, F, tera:Grass|100\/100\n|move|p2a: Roaring Moon|Breaking Swipe|p1b: Gyarados|[spread] p1a,p1b\n|-damage|p1a: Chi-Yu|62\/100\n|-damage|p1b: Gyarados|58\/100\n|-unboost|p1a: Chi-Yu|atk|1\n|-unboost|p1b: Gyarados|atk|1\n|move|p1a: Chi-Yu|Heat Wave|p2a: Roaring Moon|[spread] p2a,p2b\n|-resisted|p2a: Roaring Moon\n|-supereffective|p2b: Annihilape\n|-damage|p2a: Roaring Moon|54\/100\n|-damage|p2b: Annihilape|35\/100\n|move|p1b: Gyarados|Waterfall|p2b: Annihilape\n|-resisted|p2b: Annihilape\n|-damage|p2b: Annihilape|27\/100\n|\n|upkeep\n|turn|9\n|\n|t:|1682844194\n|switch|p1b: Amoonguss|Amoonguss, L50, F, tera:Water|84\/100\n|move|p2a: Roaring Moon|Tailwind|p2a: Roaring Moon\n|-sidestart|p2: XJ09|move: Tailwind\n|move|p2b: Annihilape|Drain Punch|p1a: Chi-Yu\n|-supereffective|p1a: Chi-Yu\n|-crit|p1a: Chi-Yu\n|-damage|p1a: Chi-Yu|0 fnt\n|-heal|p2b: Annihilape|50\/100|[from] drain|[of] p1a: Chi-Yu\n|faint|p1a: Chi-Yu\n|\n|upkeep\n|\n|t:|1682844204\n|switch|p1a: Flutter Mane|Flutter Mane, L50|19\/100\n|turn|10\n|-message|Wtar forfeited.\n|\n|win|XJ09\n|raw|Wtar's rating: 1057 → 1043<\/strong> (-14 for losing)\n|raw|XJ09's rating: 1136 → 1155<\/strong> (+19 for winning)\n|l|\u2606Wtar\n","uploadtime":1682844225,"views":18,"p1id":"wtar","p2id":"xj09","formatid":"gen9vgc2023regulationc","rating":1043,"private":0,"password":""}