{"id":"gen9vgc2023regulationc-1846485771","p1":"Gyufre","p2":"Lukob","format":"[Gen 9] VGC 2023 Regulation C","log":"|j|\u2606Gyufre\n|j|\u2606Lukob\n|t:|1681844836\n|gametype|doubles\n|player|p1|Gyufre|169|\n|player|p2|Lukob|170|\n|teamsize|p1|4\n|teamsize|p2|4\n|gen|9\n|tier|[Gen 9] VGC 2023 Regulation C\n|rule|Species Clause: Limit one of each Pok\u00e9mon\n|rule|Item Clause: Limit one of each item\n|clearpoke\n|poke|p1|Iron Bundle, L50|\n|poke|p1|Chi-Yu, L50|\n|poke|p1|Flutter Mane, L50|\n|poke|p1|Iron Hands, L50|\n|poke|p2|Slaking, L50, F|\n|poke|p2|Medicham, L50, M|\n|poke|p2|Talonflame, L50, F|\n|poke|p2|Chien-Pao, L50|\n|teampreview|4\n|inactive|Battle timer is ON: inactive players will automatically lose when time's up. (requested by Lukob)\n|\n|t:|1681844850\n|start\n|switch|p1a: Iron Bundle|Iron Bundle, L50|100\/100\n|switch|p1b: Chi-Yu|Chi-Yu, L50|100\/100\n|switch|p2a: Slaking|Slaking, L50, F|100\/100\n|switch|p2b: Medicham|Medicham, L50, M|100\/100\n|-ability|p1b: Chi-Yu|Beads of Ruin\n|-enditem|p1a: Iron Bundle|Booster Energy\n|-activate|p1a: Iron Bundle|ability: Quark Drive|[fromitem]\n|-start|p1a: Iron Bundle|quarkdrivespe\n|turn|1\n|\n|t:|1681844862\n|move|p1a: Iron Bundle|Protect|p1a: Iron Bundle\n|-singleturn|p1a: Iron Bundle|Protect\n|move|p2a: Slaking|Protect|p2a: Slaking\n|-singleturn|p2a: Slaking|Protect\n|move|p1b: Chi-Yu|Protect|p1b: Chi-Yu\n|-singleturn|p1b: Chi-Yu|Protect\n|move|p2b: Medicham|Skill Swap|p2a: Slaking\n|-activate|p2a: Slaking|move: Protect\n|\n|upkeep\n|turn|2\n|inactive|Gyufre has 30 seconds left.\n|inactive|Lukob has 30 seconds left.\n|inactive|Gyufre has 20 seconds left.\n|\n|t:|1681844900\n|move|p1a: Iron Bundle|Freeze-Dry|p2a: Slaking\n|-damage|p2a: Slaking|48\/100\n|move|p2b: Medicham|Skill Swap|p2a: Slaking\n|-activate|p2b: Medicham|move: Skill Swap|||[of] p2a: Slaking\n|move|p2a: Slaking|Body Slam|p1a: Iron Bundle\n|-damage|p1a: Iron Bundle|0 fnt\n|faint|p1a: Iron Bundle\n|-end|p1a: Iron Bundle|Quark Drive|[silent]\n|move|p1b: Chi-Yu|Nasty Plot|p1b: Chi-Yu\n|-boost|p1b: Chi-Yu|spa|2\n|\n|upkeep\n|\n|t:|1681844917\n|switch|p1a: Iron Hands|Iron Hands, L50|100\/100\n|turn|3\n|\n|t:|1681844936\n|switch|p2b: Talonflame|Talonflame, L50, F|100\/100\n|move|p2a: Slaking|Protect|p2a: Slaking\n|-singleturn|p2a: Slaking|Protect\n|move|p1a: Iron Hands|Fake Out|p2a: Slaking\n|-activate|p2a: Slaking|move: Protect\n|move|p1b: Chi-Yu|Flamethrower|p2a: Slaking\n|-activate|p2a: Slaking|move: Protect\n|\n|upkeep\n|turn|4\n|inactive|Gyufre has 30 seconds left.\n|\n|t:|1681844968\n|move|p2b: Talonflame|Tailwind|p2b: Talonflame\n|-sidestart|p2: Lukob|move: Tailwind\n|move|p2a: Slaking|Earthquake|p1a: Iron Hands|[spread] p1a,p1b\n|-immune|p2b: Talonflame\n|-supereffective|p1a: Iron Hands\n|-supereffective|p1b: Chi-Yu\n|-damage|p1a: Iron Hands|13\/100\n|-enditem|p1b: Chi-Yu|Focus Sash\n|-damage|p1b: Chi-Yu|1\/100\n|move|p1b: Chi-Yu|Flamethrower|p2a: Slaking\n|-damage|p2a: Slaking|0 fnt\n|faint|p2a: Slaking\n|move|p1a: Iron Hands|Wild Charge|p2b: Talonflame\n|-supereffective|p2b: Talonflame\n|-damage|p2b: Talonflame|0 fnt\n|faint|p2b: Talonflame\n|-damage|p1a: Iron Hands|0 fnt|[from] Recoil\n|faint|p1a: Iron Hands\n|-end|p1a: Iron Hands|Quark Drive|[silent]\n|\n|upkeep\n|\n|t:|1681844992\n|switch|p2b: Chien-Pao|Chien-Pao, L50|100\/100\n|switch|p2a: Medicham|Medicham, L50, M|100\/100\n|switch|p1a: Flutter Mane|Flutter Mane, L50|100\/100\n|-ability|p2b: Chien-Pao|Sword of Ruin\n|turn|5\n|inactive|Gyufre has 30 seconds left.\n|\n|t:|1681845022\n|-terastallize|p1a: Flutter Mane|Fairy\n|move|p2b: Chien-Pao|Sacred Sword|p1b: Chi-Yu\n|-supereffective|p1b: Chi-Yu\n|-damage|p1b: Chi-Yu|0 fnt\n|faint|p1b: Chi-Yu\n|move|p2a: Medicham|Zen Headbutt|p1a: Flutter Mane\n|-damage|p1a: Flutter Mane|10\/100\n|move|p1a: Flutter Mane|Dazzling Gleam|p2a: Medicham|[spread] p2a,p2b\n|-supereffective|p2a: Medicham\n|-supereffective|p2b: Chien-Pao\n|-damage|p2a: Medicham|0 fnt\n|-enditem|p2b: Chien-Pao|Focus Sash\n|-damage|p2b: Chien-Pao|1\/100\n|faint|p2a: Medicham\n|\n|upkeep\n|turn|6\n|\n|t:|1681845040\n|move|p2b: Chien-Pao|Ice Spinner|p1a: Flutter Mane\n|-crit|p1a: Flutter Mane\n|-damage|p1a: Flutter Mane|0 fnt\n|faint|p1a: Flutter Mane\n|-end|p1a: Flutter Mane|Protosynthesis|[silent]\n|\n|win|Lukob\n|l|\u2606Gyufre\n","uploadtime":1681845048,"views":8,"p1id":"gyufre","p2id":"lukob","formatid":"gen9vgc2023regulationc","rating":0,"private":0,"password":""}