{"id":"gen9vgc2023regulationc-1863987366","p1":"caiobarbalho","p2":"seismattersCORNER","format":"[Gen 9] VGC 2023 Regulation C","log":"|j|\u2606caiobarbalho\n|j|\u2606seismattersCORNER\n|t:|1684101715\n|gametype|doubles\n|player|p1|caiobarbalho|rosa|1260\n|player|p2|seismattersCORNER|emmet|1369\n|teamsize|p1|6\n|teamsize|p2|6\n|gen|9\n|tier|[Gen 9] VGC 2023 Regulation C\n|rated|\n|rule|Species Clause: Limit one of each Pok\u00e9mon\n|rule|Item Clause: Limit one of each item\n|clearpoke\n|poke|p1|Tyranitar, L50, M|\n|poke|p1|Lycanroc, L50, F|\n|poke|p1|Flutter Mane, L50|\n|poke|p1|Amoonguss, L50, M|\n|poke|p1|Baxcalibur, L50, F|\n|poke|p1|Corviknight, L50, M|\n|poke|p2|Palafin, L50, F|\n|poke|p2|Arcanine, L50, M|\n|poke|p2|Amoonguss, L50, F|\n|poke|p2|Flutter Mane, L50|\n|poke|p2|Iron Bundle, L50|\n|poke|p2|Dragonite, L50, M|\n|teampreview|4\n|inactive|Battle timer is ON: inactive players will automatically lose when time's up. (requested by caiobarbalho)\nseismattersCORNER has agreed to open team sheets.\ncaiobarbalho has agreed to open team sheets.\n|inactive|caiobarbalho has 60 seconds left.\n|inactive|seismattersCORNER has 60 seconds left.\n|inactive|seismattersCORNER has 30 seconds left.\n|\n|t:|1684101783\n|start\n|switch|p1a: Lycanroc|Lycanroc, L50, F, shiny|100\/100\n|switch|p1b: Baxcalibur|Baxcalibur, L50, F|100\/100\n|switch|p2a: Palafin|Palafin, L50, F|100\/100\n|switch|p2b: Flutter Mane|Flutter Mane, L50|100\/100\n|turn|1\n|\n|t:|1684101803\n|detailschange|p2a: Palafin|Palafin-Hero, L50, F\n|switch|p2a: Amoonguss|Amoonguss, L50, F|100\/100\n|-terastallize|p1a: Lycanroc|Steel\n|move|p2b: Flutter Mane|Protect|p2b: Flutter Mane\n|-singleturn|p2b: Flutter Mane|Protect\n|move|p1a: Lycanroc|Iron Head|p2b: Flutter Mane\n|-activate|p2b: Flutter Mane|move: Protect\n|move|p1b: Baxcalibur|Icicle Crash|p2b: Flutter Mane\n|-activate|p2b: Flutter Mane|move: Protect\n|\n|upkeep\n|turn|2\n|\n|t:|1684101826\n|-end|p2b: Flutter Mane|Protosynthesis|[silent]\n|switch|p2b: Arcanine|Arcanine, L50, M|100\/100\n|-ability|p2b: Arcanine|Intimidate|boost\n|-unboost|p1a: Lycanroc|atk|1\n|-fail|p1b: Baxcalibur|unboost|[from] item: Clear Amulet|[of] p1b: Baxcalibur\n|-terastallize|p2a: Amoonguss|Water\n|move|p1a: Lycanroc|Howl|p1a: Lycanroc|[spread] p1a,p1b\n|-boost|p1a: Lycanroc|atk|1\n|-boost|p1b: Baxcalibur|atk|1\n|move|p1b: Baxcalibur|Icicle Crash|p2a: Amoonguss\n|-resisted|p2a: Amoonguss\n|-damage|p2a: Amoonguss|70\/100\n|move|p2a: Amoonguss|Spore|p1b: Baxcalibur\n|-status|p1b: Baxcalibur|slp|[from] move: Spore\n|\n|upkeep\n|turn|3\n|inactive|caiobarbalho has 30 seconds left.\n|inactive|seismattersCORNER has 30 seconds left.\n|\n|t:|1684101851\n|switch|p2b: Palafin|Palafin-Hero, L50, F|100\/100\n|-activate|p2b: Palafin|ability: Zero to Hero\n|move|p1a: Lycanroc|Rock Slide|p2b: Palafin|[spread] p2a,p2b\n|-damage|p2a: Amoonguss|42\/100\n|-damage|p2b: Palafin|70\/100\n|-enditem|p2a: Amoonguss|Sitrus Berry|[eat]\n|-heal|p2a: Amoonguss|67\/100|[from] item: Sitrus Berry\n|cant|p1b: Baxcalibur|slp\n|cant|p2a: Amoonguss|flinch\n|\n|upkeep\n|turn|4\n|\n|t:|1684101869\n|switch|p2a: Arcanine|Arcanine, L50, M|100\/100\n|-ability|p2a: Arcanine|Intimidate|boost\n|-unboost|p1a: Lycanroc|atk|1\n|-fail|p1b: Baxcalibur|unboost|[from] item: Clear Amulet|[of] p1b: Baxcalibur\n|move|p2b: Palafin|Jet Punch|p1a: Lycanroc\n|-damage|p1a: Lycanroc|16\/100\n|move|p1a: Lycanroc|Rock Slide|p2a: Arcanine|[spread] p2a,p2b\n|-supereffective|p2a: Arcanine\n|-damage|p2a: Arcanine|60\/100\n|-damage|p2b: Palafin|52\/100\n|cant|p1b: Baxcalibur|slp\n|\n|upkeep\n|turn|5\n|inactive|seismattersCORNER has 30 seconds left.\n|\n|t:|1684101895\n|switch|p2a: Flutter Mane|Flutter Mane, L50|100\/100\n|move|p1a: Lycanroc|Protect|p1a: Lycanroc\n|-singleturn|p1a: Lycanroc|Protect\n|move|p2b: Palafin|Protect|p2b: Palafin\n|-singleturn|p2b: Palafin|Protect\n|cant|p1b: Baxcalibur|slp\n|\n|upkeep\n|turn|6\n|\n|t:|1684101914\n|move|p2b: Palafin|Jet Punch|p1a: Lycanroc\n|-damage|p1a: Lycanroc|0 fnt\n|faint|p1a: Lycanroc\n|move|p2a: Flutter Mane|Moonblast|p1b: Baxcalibur\n|-supereffective|p1b: Baxcalibur\n|-crit|p1b: Baxcalibur\n|-damage|p1b: Baxcalibur|0 fnt\n|faint|p1b: Baxcalibur\n|-damage|p2a: Flutter Mane|90\/100|[from] item: Life Orb\n|\n|upkeep\n|\n|t:|1684101923\n|switch|p1a: Tyranitar|Tyranitar, L50, M|100\/100\n|switch|p1b: Flutter Mane|Flutter Mane, L50|100\/100\n|-weather|Sandstorm|[from] ability: Sand Stream|[of] p1a: Tyranitar\n|-enditem|p1b: Flutter Mane|Booster Energy\n|-activate|p1b: Flutter Mane|ability: Protosynthesis|[fromitem]\n|-start|p1b: Flutter Mane|protosynthesisspe\n|turn|7\n|\n|t:|1684101940\n|-end|p2a: Flutter Mane|Protosynthesis|[silent]\n|switch|p2a: Arcanine|Arcanine, L50, M|60\/100\n|-ability|p2a: Arcanine|Intimidate|boost\n|-unboost|p1a: Tyranitar|atk|1\n|-unboost|p1b: Flutter Mane|atk|1\n|move|p1b: Flutter Mane|Protect|p1b: Flutter Mane\n|-singleturn|p1b: Flutter Mane|Protect\n|move|p2b: Palafin|Protect|p2b: Palafin\n|-singleturn|p2b: Palafin|Protect\n|move|p1a: Tyranitar|Rock Slide|p2b: Palafin|[spread] p2a\n|-activate|p2b: Palafin|move: Protect\n|-supereffective|p2a: Arcanine\n|-damage|p2a: Arcanine|11\/100\n|\n|-weather|Sandstorm|[upkeep]\n|-damage|p1b: Flutter Mane|94\/100|[from] Sandstorm\n|-damage|p2b: Palafin|46\/100|[from] Sandstorm\n|upkeep\n|turn|8\n|inactive|caiobarbalho has 30 seconds left.\n|inactive|seismattersCORNER has 30 seconds left.\n|inactive|seismattersCORNER has 20 seconds left.\n|inactive|seismattersCORNER has 15 seconds left.\n|\n|t:|1684101984\n|switch|p2b: Amoonguss|Amoonguss, L50, F, tera:Water|100\/100\n|move|p1b: Flutter Mane|Moonblast|p2b: Amoonguss\n|-damage|p2b: Amoonguss|59\/100\n|-unboost|p2b: Amoonguss|spa|1\n|move|p2a: Arcanine|Flare Blitz|p1b: Flutter Mane\n|-damage|p1b: Flutter Mane|0 fnt\n|faint|p1b: Flutter Mane\n|-end|p1b: Flutter Mane|Protosynthesis|[silent]\n|-damage|p2a: Arcanine|0 fnt|[from] Recoil\n|faint|p2a: Arcanine\n|move|p1a: Tyranitar|Crunch|p2b: Amoonguss\n|-damage|p2b: Amoonguss|28\/100\n|\n|-weather|Sandstorm|[upkeep]\n|-damage|p2b: Amoonguss|22\/100|[from] Sandstorm\n|upkeep\n|\n|t:|1684102000\n|switch|p2a: Palafin|Palafin-Hero, L50, F|46\/100\n|turn|9\n|\n|t:|1684102012\n|move|p2b: Amoonguss|Protect|p2b: Amoonguss\n|-singleturn|p2b: Amoonguss|Protect\n|move|p2a: Palafin|Wave Crash|p1a: Tyranitar\n|-supereffective|p1a: Tyranitar\n|-damage|p1a: Tyranitar|0 fnt\n|faint|p1a: Tyranitar\n|-damage|p2a: Palafin|12\/100|[from] Recoil\n|\n|win|seismattersCORNER\n|raw|caiobarbalho's rating: 1260 → 1243<\/strong> (-17 for losing)\n|raw|seismattersCORNER's rating: 1369 → 1383<\/strong> (+14 for winning)\n|l|\u2606caiobarbalho\n","uploadtime":1684102032,"views":16,"p1id":"caiobarbalho","p2id":"seismatterscorner","formatid":"gen9vgc2023regulationc","rating":1243,"private":0,"password":""}