{"id":"gen9vgc2023regulationc-1846712628","p1":"Tatch_8","p2":"uhoh I poopd","format":"[Gen 9] VGC 2023 Regulation C","log":"|j|\u2606Tatch_8\n|j|\u2606uhoh I poopd\n|t:|1681868959\n|gametype|doubles\n|player|p1|Tatch_8|iris-gen5bw2|1297\n|player|p2|uhoh I poopd|colress|1344\n|teamsize|p1|6\n|teamsize|p2|6\n|gen|9\n|tier|[Gen 9] VGC 2023 Regulation C\n|rated|\n|rule|Species Clause: Limit one of each Pok\u00e9mon\n|rule|Item Clause: Limit one of each item\n|clearpoke\n|poke|p1|Gothitelle, L50, M|\n|poke|p1|Flutter Mane, L50|\n|poke|p1|Arcanine, L50, M|\n|poke|p1|Amoonguss, L50, F|\n|poke|p1|Palafin, L50, M|\n|poke|p1|Ting-Lu, L50|\n|poke|p2|Masquerain, L50, F|\n|poke|p2|Coalossal, L50, M|\n|poke|p2|Amoonguss, L50, F|\n|poke|p2|Arcanine, L50, M|\n|poke|p2|Annihilape, L50, M|\n|poke|p2|Azumarill, L50, F|\n|teampreview|4\n|j| Jason1223\n|l| Jason1223\n|\n|t:|1681868986\n|start\n|switch|p1a: Arcanine|Arcanine, L50, M|100\/100\n|switch|p1b: Palafin|Palafin, L50, M|100\/100\n|switch|p2a: Angy|Annihilape, L50, M|100\/100\n|switch|p2b: Judy|Azumarill, L50, F, shiny|100\/100\n|-ability|p1a: Arcanine|Intimidate|boost\n|-unboost|p2a: Angy|atk|1\n|-ability|p2a: Angy|Defiant|boost\n|-boost|p2a: Angy|atk|2\n|-unboost|p2b: Judy|atk|1\n|turn|1\n|\n|t:|1681868994\n|detailschange|p1b: Palafin|Palafin-Hero, L50, M\n|switch|p1b: Amoonguss|Amoonguss, L50, F|100\/100\n|move|p1a: Arcanine|Will-O-Wisp|p2a: Angy\n|-status|p2a: Angy|brn\n|move|p2a: Angy|Bulk Up|p2a: Angy\n|-boost|p2a: Angy|atk|1\n|-boost|p2a: Angy|def|1\n|move|p2b: Judy|Belly Drum|p2b: Judy\n|-damage|p2b: Judy|50\/100\n|-setboost|p2b: Judy|atk|6|[from] move: Belly Drum\n|-enditem|p2b: Judy|Sitrus Berry|[eat]\n|-heal|p2b: Judy|75\/100|[from] item: Sitrus Berry\n|\n|-damage|p2a: Angy|95\/100 brn|[from] brn\n|upkeep\n|turn|2\n|\n|t:|1681869006\n|move|p1a: Arcanine|Protect|p1a: Arcanine\n|-singleturn|p1a: Arcanine|Protect\n|move|p2b: Judy|Protect|p2b: Judy\n|-singleturn|p2b: Judy|Protect\n|move|p2a: Angy|Bulk Up|p2a: Angy\n|-boost|p2a: Angy|atk|1\n|-boost|p2a: Angy|def|1\n|move|p1b: Amoonguss|Spore|p2b: Judy\n|-activate|p2b: Judy|move: Protect\n|\n|-heal|p2a: Angy|100\/100 brn|[from] item: Leftovers\n|-damage|p2a: Angy|95\/100 brn|[from] brn\n|upkeep\n|turn|3\n|\n|t:|1681869024\n|switch|p1a: Palafin|Palafin-Hero, L50, M|100\/100\n|-activate|p1a: Palafin|ability: Zero to Hero\n|move|p1b: Amoonguss|Rage Powder|p1b: Amoonguss\n|-singleturn|p1b: Amoonguss|move: Rage Powder\n|move|p2a: Angy|Rage Fist|p1b: Amoonguss\n|-damage|p1b: Amoonguss|77\/100\n|move|p2b: Judy|Play Rough|p1b: Amoonguss\n|-resisted|p1b: Amoonguss\n|-damage|p1b: Amoonguss|0 fnt\n|faint|p1b: Amoonguss\n|\n|-heal|p2a: Angy|100\/100 brn|[from] item: Leftovers\n|-damage|p2a: Angy|95\/100 brn|[from] brn\n|upkeep\n|\n|t:|1681869033\n|switch|p1b: Arcanine|Arcanine, L50, M|100\/100\n|-ability|p1b: Arcanine|Intimidate|boost\n|-unboost|p2a: Angy|atk|1\n|-ability|p2a: Angy|Defiant|boost\n|-boost|p2a: Angy|atk|2\n|-unboost|p2b: Judy|atk|1\n|turn|4\n|\n|t:|1681869047\n|move|p1b: Arcanine|Protect|p1b: Arcanine\n|-singleturn|p1b: Arcanine|Protect\n|move|p1a: Palafin|Haze|p1a: Palafin\n|-clearallboost\n|move|p2a: Angy|Bulk Up|p2a: Angy\n|-boost|p2a: Angy|atk|1\n|-boost|p2a: Angy|def|1\n|move|p2b: Judy|Play Rough|p1a: Palafin\n|-damage|p1a: Palafin|56\/100\n|-unboost|p1a: Palafin|atk|1\n|\n|-heal|p2a: Angy|100\/100 brn|[from] item: Leftovers\n|-damage|p2a: Angy|95\/100 brn|[from] brn\n|upkeep\n|turn|5\n|\n|t:|1681869063\n|switch|p1a: Ting-Lu|Ting-Lu, L50|100\/100\n|-ability|p1a: Ting-Lu|Vessel of Ruin\n|-terastallize|p2b: Judy|Water\n|move|p2b: Judy|Aqua Jet|p1b: Arcanine\n|-supereffective|p1b: Arcanine\n|-crit|p1b: Arcanine\n|-damage|p1b: Arcanine|0 fnt\n|faint|p1b: Arcanine\n|move|p2a: Angy|Drain Punch|p1a: Ting-Lu\n|-supereffective|p1a: Ting-Lu\n|-damage|p1a: Ting-Lu|71\/100\n|-heal|p2a: Angy|100\/100 brn|[from] drain|[of] p1a: Ting-Lu\n|\n|-damage|p2a: Angy|95\/100 brn|[from] brn\n|upkeep\n|l|\u2606Tatch_8\n|player|p1|\n|inactive|Battle timer is ON: inactive players will automatically lose when time's up. (requested by uhoh I poopd)\n|inactive|Tatch_8 has 30 seconds to reconnect!\n|inactive|Tatch_8 has 20 seconds to reconnect!\n|inactive|Tatch_8 has 15 seconds to reconnect!\n|inactive|Tatch_8 has 10 seconds to reconnect!\n|inactive|Tatch_8 has 5 seconds to reconnect!\n|-message|Tatch_8 lost due to inactivity.\n|\n|win|uhoh I poopd\n|raw|Tatch_8's rating: 1297 → 1275<\/strong> (-22 for losing)\n|raw|uhoh I poopd's rating: 1344 → 1361<\/strong> (+17 for winning)\n","uploadtime":1681869166,"views":13,"p1id":"tatch8","p2id":"uhohipoopd","formatid":"gen9vgc2023regulationc","rating":1275,"private":0,"password":""}