{"id":"gen9vgc2023regulationc-1849103613","p1":"Devinlovesroxi","p2":"F6fxdt","format":"[Gen 9] VGC 2023 Regulation C","log":"|j|\u2606Devinlovesroxi\n|j|\u2606F6fxdt\n|t:|1682156004\n|gametype|doubles\n|player|p1|Devinlovesroxi|darach-caitlin|1026\n|player|p2|F6fxdt|2|1000\n|teamsize|p1|6\n|teamsize|p2|6\n|gen|9\n|tier|[Gen 9] VGC 2023 Regulation C\n|rated|\n|rule|Species Clause: Limit one of each Pok\u00e9mon\n|rule|Item Clause: Limit one of each item\n|clearpoke\n|poke|p1|Ting-Lu, L50|\n|poke|p1|Amoonguss, L50, F|\n|poke|p1|Garganacl, L50, F|\n|poke|p1|Arcanine, L50, M|\n|poke|p1|Roaring Moon, L50|\n|poke|p1|Iron Bundle, L50|\n|poke|p2|Dugtrio, L50, M|\n|poke|p2|Hariyama, L50, M|\n|poke|p2|Annihilape, L50, F|\n|poke|p2|Garganacl, L50, M|\n|poke|p2|Gothitelle, L50, M|\n|poke|p2|Abomasnow, L50, M|\n|teampreview|4\n|\n|t:|1682156030\n|start\n|switch|p1a: Garganacl|Garganacl, L50, F|100\/100\n|switch|p1b: Iron Bundle|Iron Bundle, L50|100\/100\n|switch|p2a: Gothitelle|Gothitelle, L50, M|100\/100\n|switch|p2b: Abomasnow|Abomasnow, L50, M|100\/100\n|-weather|Snow|[from] ability: Snow Warning|[of] p2b: Abomasnow\n|turn|1\n|inactive|Battle timer is ON: inactive players will automatically lose when time's up. (requested by F6fxdt)\n|\n|t:|1682156057\n|move|p2a: Gothitelle|Fake Out|p1b: Iron Bundle\n|-damage|p1b: Iron Bundle|96\/100\n|cant|p1b: Iron Bundle|flinch\n|move|p2b: Abomasnow|Aurora Veil|p2b: Abomasnow\n|-sidestart|p2: F6fxdt|move: Aurora Veil\n|move|p1a: Garganacl|Salt Cure|p2a: Gothitelle\n|-damage|p2a: Gothitelle|92\/100\n|-start|p2a: Gothitelle|Salt Cure\n|\n|-weather|Snow|[upkeep]\n|-damage|p2a: Gothitelle|80\/100|[from] Salt Cure\n|upkeep\n|turn|2\n|\n|t:|1682156076\n|-terastallize|p1a: Garganacl|Ghost\n|move|p1b: Iron Bundle|Encore|p2a: Gothitelle\n|-start|p2a: Gothitelle|Encore\n|move|p2b: Abomasnow|Leaf Storm|p1b: Iron Bundle\n|-supereffective|p1b: Iron Bundle\n|-damage|p1b: Iron Bundle|0 fnt\n|-unboost|p2b: Abomasnow|spa|2\n|-enditem|p2b: Abomasnow|Eject Pack\n|faint|p1b: Iron Bundle\n|-end|p1b: Iron Bundle|Quark Drive|[silent]\n|\n|t:|1682156089\n|switch|p2b: Annihilape|Annihilape, L50, F|100\/100\n|move|p1a: Garganacl|Salt Cure|p2b: Annihilape\n|-resisted|p2b: Annihilape\n|-damage|p2b: Annihilape|96\/100\n|-start|p2b: Annihilape|Salt Cure\n|move|p2a: Gothitelle|Fake Out||[still]\n|-hint|Fake Out only works on your first turn out.\n|-fail|p2a: Gothitelle\n|\n|-weather|Snow|[upkeep]\n|-damage|p2b: Annihilape|84\/100|[from] Salt Cure\n|-damage|p2a: Gothitelle|68\/100|[from] Salt Cure\n|upkeep\n|\n|t:|1682156096\n|switch|p1b: Roaring Moon|Roaring Moon, L50|100\/100\n|-enditem|p1b: Roaring Moon|Booster Energy\n|-activate|p1b: Roaring Moon|ability: Protosynthesis|[fromitem]\n|-start|p1b: Roaring Moon|protosynthesisatk\n|turn|3\n|inactive|F6fxdt has 30 seconds left.\n|inactive|F6fxdt has 20 seconds left.\n|inactive|F6fxdt has 15 seconds left.\n|inactive|F6fxdt has 10 seconds left.\n|\n|t:|1682156143\n|switch|p2a: Hariyama|Hariyama, L50, M|100\/100\n|move|p1b: Roaring Moon|Acrobatics|p2b: Annihilape\n|-supereffective|p2b: Annihilape\n|-damage|p2b: Annihilape|14\/100\n|move|p2b: Annihilape|Rage Fist|p1a: Garganacl\n|-supereffective|p1a: Garganacl\n|-damage|p1a: Garganacl|51\/100\n|move|p1a: Garganacl|Stealth Rock|p2b: Annihilape\n|-sidestart|p2: F6fxdt|move: Stealth Rock\n|\n|-weather|Snow|[upkeep]\n|-heal|p1a: Garganacl|57\/100|[from] item: Leftovers\n|-damage|p2b: Annihilape|2\/100|[from] Salt Cure\n|upkeep\n|turn|4\n|\n|t:|1682156161\n|move|p1b: Roaring Moon|Protect|p1b: Roaring Moon\n|-singleturn|p1b: Roaring Moon|Protect\n|move|p1a: Garganacl|Protect|p1a: Garganacl\n|-singleturn|p1a: Garganacl|Protect\n|move|p2a: Hariyama|Fake Out|p1b: Roaring Moon\n|-activate|p1b: Roaring Moon|move: Protect\n|move|p2b: Annihilape|Drain Punch|p1b: Roaring Moon\n|-activate|p1b: Roaring Moon|move: Protect\n|\n|-weather|Snow|[upkeep]\n|-heal|p1a: Garganacl|63\/100|[from] item: Leftovers\n|-damage|p2b: Annihilape|0 fnt|[from] Salt Cure\n|faint|p2b: Annihilape\n|upkeep\n|\n|t:|1682156182\n|switch|p2b: Abomasnow|Abomasnow, L50, M|100\/100\n|-damage|p2b: Abomasnow|76\/100|[from] Stealth Rock\n|turn|5\n|\n|t:|1682156200\n|-terastallize|p2a: Hariyama|Steel\n|move|p1b: Roaring Moon|Acrobatics|p2a: Hariyama\n|-resisted|p2a: Hariyama\n|-damage|p2a: Hariyama|79\/100\n|move|p2b: Abomasnow|Blizzard|p1b: Roaring Moon|[spread] p1a,p1b\n|-supereffective|p1b: Roaring Moon\n|-damage|p1a: Garganacl|43\/100\n|-damage|p1b: Roaring Moon|57\/100\n|move|p2a: Hariyama|Close Combat|p1b: Roaring Moon\n|-supereffective|p1b: Roaring Moon\n|-damage|p1b: Roaring Moon|0 fnt\n|-unboost|p2a: Hariyama|def|1\n|-unboost|p2a: Hariyama|spd|1\n|faint|p1b: Roaring Moon\n|-end|p1b: Roaring Moon|Protosynthesis|[silent]\n|move|p1a: Garganacl|Salt Cure|p2a: Hariyama\n|-resisted|p2a: Hariyama\n|-damage|p2a: Hariyama|72\/100\n|-start|p2a: Hariyama|Salt Cure\n|\n|-weather|none\n|-heal|p1a: Garganacl|49\/100|[from] item: Leftovers\n|-damage|p2a: Hariyama|48\/100|[from] Salt Cure\n|-sideend|p2: F6fxdt|move: Aurora Veil\n|upkeep\n|\n|t:|1682156212\n|switch|p1b: Amoonguss|Amoonguss, L50, F|100\/100\n|turn|6\n|inactive|F6fxdt has 30 seconds left.\n|\n|t:|1682156241\n|switch|p2a: Gothitelle|Gothitelle, L50, M|68\/100\n|-damage|p2a: Gothitelle|56\/100|[from] Stealth Rock\n|move|p2b: Abomasnow|Blizzard|p1b: Amoonguss|[spread] p1a,p1b\n|-supereffective|p1b: Amoonguss\n|-damage|p1a: Garganacl|30\/100\n|-damage|p1b: Amoonguss|50\/100\n|-enditem|p1b: Amoonguss|Sitrus Berry|[eat]\n|-heal|p1b: Amoonguss|75\/100|[from] item: Sitrus Berry\n|move|p1a: Garganacl|Recover|p1a: Garganacl\n|-heal|p1a: Garganacl|81\/100\n|move|p1b: Amoonguss|Pollen Puff|p2b: Abomasnow\n|-supereffective|p2b: Abomasnow\n|-damage|p2b: Abomasnow|44\/100\n|\n|-heal|p1a: Garganacl|86\/100|[from] item: Leftovers\n|upkeep\n|turn|7\n|inactive|F6fxdt has 30 seconds left.\n|inactive|Devinlovesroxi has 30 seconds left.\n|\n|t:|1682156272\n|move|p1b: Amoonguss|Protect|p1b: Amoonguss\n|-singleturn|p1b: Amoonguss|Protect\n|move|p2a: Gothitelle|Psychic|p1b: Amoonguss\n|-activate|p1b: Amoonguss|move: Protect\n|move|p2b: Abomasnow|Blizzard|p1a: Garganacl|[spread] p1a\n|-activate|p1b: Amoonguss|move: Protect\n|-damage|p1a: Garganacl|66\/100\n|move|p1a: Garganacl|Salt Cure|p2a: Gothitelle\n|-damage|p2a: Gothitelle|43\/100\n|-start|p2a: Gothitelle|Salt Cure\n|-enditem|p2a: Gothitelle|Sitrus Berry|[eat]\n|-heal|p2a: Gothitelle|68\/100|[from] item: Sitrus Berry\n|\n|-heal|p1a: Garganacl|72\/100|[from] item: Leftovers\n|-damage|p2a: Gothitelle|56\/100|[from] Salt Cure\n|upkeep\n|turn|8\n|\n|t:|1682156294\n|move|p2a: Gothitelle|Psychic|p1b: Amoonguss\n|-supereffective|p1b: Amoonguss\n|-damage|p1b: Amoonguss|24\/100\n|move|p2b: Abomasnow|Blizzard|p1b: Amoonguss|[spread] p1b\n|-miss|p2b: Abomasnow|p1a: Garganacl\n|-supereffective|p1b: Amoonguss\n|-damage|p1b: Amoonguss|0 fnt\n|faint|p1b: Amoonguss\n|move|p1a: Garganacl|Recover|p1a: Garganacl\n|-heal|p1a: Garganacl|100\/100\n|\n|-damage|p2a: Gothitelle|44\/100|[from] Salt Cure\n|upkeep\n|turn|9\n|\n|t:|1682156315\n|switch|p2b: Hariyama|Hariyama, L50, M, tera:Steel|48\/100\n|-damage|p2b: Hariyama|42\/100|[from] Stealth Rock\n|move|p2a: Gothitelle|Psychic|p1a: Garganacl\n|-damage|p1a: Garganacl|78\/100\n|move|p1a: Garganacl|Salt Cure|p2b: Hariyama\n|-resisted|p2b: Hariyama\n|-damage|p2b: Hariyama|34\/100\n|-start|p2b: Hariyama|Salt Cure\n|\n|-heal|p1a: Garganacl|84\/100|[from] item: Leftovers\n|-damage|p2a: Gothitelle|32\/100|[from] Salt Cure\n|-damage|p2b: Hariyama|9\/100|[from] Salt Cure\n|upkeep\n|turn|10\n|\n|t:|1682156333\n|switch|p2b: Abomasnow|Abomasnow, L50, M|44\/100\n|-damage|p2b: Abomasnow|19\/100|[from] Stealth Rock\n|-weather|Snow|[from] ability: Snow Warning|[of] p2b: Abomasnow\n|move|p1a: Garganacl|Protect|p1a: Garganacl\n|-singleturn|p1a: Garganacl|Protect\n|move|p2a: Gothitelle|Psychic|p1a: Garganacl\n|-activate|p1a: Garganacl|move: Protect\n|\n|-weather|Snow|[upkeep]\n|-heal|p1a: Garganacl|90\/100|[from] item: Leftovers\n|-damage|p2a: Gothitelle|20\/100|[from] Salt Cure\n|upkeep\n|turn|11\n|\n|t:|1682156350\n|move|p2a: Gothitelle|Psychic|p1a: Garganacl\n|-damage|p1a: Garganacl|71\/100\n|move|p2b: Abomasnow|Blizzard|p1a: Garganacl\n|-damage|p1a: Garganacl|46\/100\n|move|p1a: Garganacl|Recover|p1a: Garganacl\n|-heal|p1a: Garganacl|96\/100\n|\n|-weather|Snow|[upkeep]\n|-heal|p1a: Garganacl|100\/100|[from] item: Leftovers\n|-damage|p2a: Gothitelle|8\/100|[from] Salt Cure\n|upkeep\n|turn|12\n|-message|F6fxdt forfeited.\n|\n|win|Devinlovesroxi\n|raw|Devinlovesroxi's rating: 1026 → 1059<\/strong> (+33 for winning)\n|raw|F6fxdt's rating: 1000 → 1000<\/strong> (+0 for losing)\n|l|\u2606F6fxdt\n","uploadtime":1682156371,"views":6,"p1id":"devinlovesroxi","p2id":"f6fxdt","formatid":"gen9vgc2023regulationc","rating":1000,"private":0,"password":""}