{"id":"gen9vgc2023regulationc-1853303198","p1":"orangenova13","p2":"Chbggh","format":"[Gen 9] VGC 2023 Regulation C","log":"|j|\u2606orangenova13\n|j|\u2606Chbggh\n|t:|1682664384\n|gametype|doubles\n|player|p1|orangenova13|dawn|1072\n|player|p2|Chbggh|winona|1000\n|teamsize|p1|6\n|teamsize|p2|6\n|gen|9\n|tier|[Gen 9] VGC 2023 Regulation C\n|rated|\n|rule|Species Clause: Limit one of each Pok\u00e9mon\n|rule|Item Clause: Limit one of each item\n|clearpoke\n|poke|p1|Tyranitar, L50, M|\n|poke|p1|Lycanroc, L50, M|\n|poke|p1|Garchomp, L50, F|\n|poke|p1|Gastrodon, L50, M|\n|poke|p1|Lucario, L50, M|\n|poke|p1|Bronzong, L50|\n|poke|p2|Chi-Yu, L50|\n|poke|p2|Flutter Mane, L50|\n|poke|p2|Iron Bundle, L50|\n|poke|p2|Iron Hands, L50|\n|poke|p2|Pachirisu, L50, F|\n|poke|p2|Gyarados, L50, F|\n|teampreview|4\norangenova13 rejected open team sheets.\n|inactive|Battle timer is ON: inactive players will automatically lose when time's up. (requested by Chbggh)\n|\n|t:|1682664463\n|start\n|switch|p1a: Tyranitar|Tyranitar, L50, M|100\/100\n|switch|p1b: Lycanroc|Lycanroc, L50, M, shiny|100\/100\n|switch|p2a: Iron Bundle|Iron Bundle, L50|100\/100\n|switch|p2b: Flutter Mane|Flutter Mane, L50|100\/100\n|-weather|Sandstorm|[from] ability: Sand Stream|[of] p1a: Tyranitar\n|-enditem|p2a: Iron Bundle|Booster Energy\n|-activate|p2a: Iron Bundle|ability: Quark Drive|[fromitem]\n|-start|p2a: Iron Bundle|quarkdrivespe\n|turn|1\n|inactive|orangenova13 has 30 seconds left.\n|inactive|Chbggh has 30 seconds left.\n|\n|t:|1682664493\n|move|p1b: Lycanroc|Sucker Punch|p2a: Iron Bundle\n|-damage|p2a: Iron Bundle|72\/100\n|move|p2a: Iron Bundle|Hydro Pump|p1a: Tyranitar\n|-supereffective|p1a: Tyranitar\n|-damage|p1a: Tyranitar|52\/100\n|move|p2b: Flutter Mane|Dazzling Gleam|p1b: Lycanroc|[spread] p1a,p1b\n|-supereffective|p1a: Tyranitar\n|-damage|p1a: Tyranitar|24\/100\n|-damage|p1b: Lycanroc|64\/100\n|move|p1a: Tyranitar|Stone Edge|p2b: Flutter Mane\n|-enditem|p2b: Flutter Mane|Focus Sash\n|-damage|p2b: Flutter Mane|1\/100\n|\n|-weather|Sandstorm|[upkeep]\n|-damage|p2a: Iron Bundle|66\/100|[from] Sandstorm\n|-damage|p2b: Flutter Mane|0 fnt|[from] Sandstorm\n|faint|p2b: Flutter Mane\n|-end|p2b: Flutter Mane|Protosynthesis|[silent]\n|upkeep\n|\n|t:|1682664506\n|switch|p2b: Iron Hands|Iron Hands, L50|100\/100\n|turn|2\n|\n|t:|1682664526\n|move|p1b: Lycanroc|Rock Slide|p2b: Iron Hands|[spread] p2a,p2b\n|-supereffective|p2a: Iron Bundle\n|-resisted|p2b: Iron Hands\n|-damage|p2a: Iron Bundle|0 fnt\n|-damage|p2b: Iron Hands|90\/100\n|faint|p2a: Iron Bundle\n|-end|p2a: Iron Bundle|Quark Drive|[silent]\n|move|p1a: Tyranitar|Crunch|p2b: Iron Hands\n|-resisted|p2b: Iron Hands\n|-damage|p2b: Iron Hands|74\/100\n|-unboost|p2b: Iron Hands|def|1\n|move|p2b: Iron Hands|Swords Dance|p2b: Iron Hands\n|-boost|p2b: Iron Hands|atk|2\n|\n|-weather|Sandstorm|[upkeep]\n|-damage|p2b: Iron Hands|68\/100|[from] Sandstorm\n|upkeep\n|\n|t:|1682664529\n|switch|p2a: Gyarados|Gyarados, L50, F|100\/100\n|-ability|p2a: Gyarados|Intimidate|boost\n|-unboost|p1a: Tyranitar|atk|1\n|-unboost|p1b: Lycanroc|atk|1\n|turn|3\n|inactive|orangenova13 has 30 seconds left.\n|\n|t:|1682664561\n|move|p1b: Lycanroc|Rock Slide|p2a: Gyarados|[spread] p2a,p2b\n|-supereffective|p2a: Gyarados\n|-resisted|p2b: Iron Hands\n|-damage|p2a: Gyarados|62\/100\n|-damage|p2b: Iron Hands|58\/100\n|move|p2a: Gyarados|Dragon Dance|p2a: Gyarados\n|-boost|p2a: Gyarados|atk|1\n|-boost|p2a: Gyarados|spe|1\n|move|p1a: Tyranitar|Stone Edge|p2a: Gyarados\n|-supereffective|p2a: Gyarados\n|-damage|p2a: Gyarados|0 fnt\n|faint|p2a: Gyarados\n|cant|p2b: Iron Hands|flinch\n|\n|-weather|Sandstorm|[upkeep]\n|-damage|p2b: Iron Hands|52\/100|[from] Sandstorm\n|upkeep\n|turn|4\n|\n|t:|1682664581\n|-terastallize|p2b: Iron Hands|Grass\n|move|p1b: Lycanroc|Sucker Punch|p2b: Iron Hands\n|-damage|p2b: Iron Hands|34\/100\n|-enditem|p2b: Iron Hands|Sitrus Berry|[eat]\n|-heal|p2b: Iron Hands|59\/100|[from] item: Sitrus Berry\n|move|p1a: Tyranitar|Stone Edge|p2b: Iron Hands\n|-damage|p2b: Iron Hands|19\/100\n|move|p2b: Iron Hands|Drain Punch|p1b: Lycanroc\n|-supereffective|p1b: Lycanroc\n|-damage|p1b: Lycanroc|0 fnt\n|-heal|p2b: Iron Hands|40\/100|[from] drain|[of] p1b: Lycanroc\n|faint|p1b: Lycanroc\n|\n|-weather|Sandstorm|[upkeep]\n|-damage|p2b: Iron Hands|34\/100|[from] Sandstorm\n|upkeep\n|\n|t:|1682664601\n|switch|p1b: Gastrodon|Gastrodon, L50, M|100\/100\n|turn|5\n|\n|t:|1682664611\n|-terastallize|p1b: Gastrodon|Poison\n|move|p1a: Tyranitar|Crunch|p2b: Iron Hands\n|-damage|p2b: Iron Hands|0 fnt\n|faint|p2b: Iron Hands\n|-end|p2b: Iron Hands|Quark Drive|[silent]\n|\n|win|orangenova13\n|raw|orangenova13's rating: 1072 → 1095<\/strong> (+23 for winning)\n|raw|Chbggh's rating: 1000 → 1000<\/strong> (+0 for losing)\n|l|\u2606Chbggh\n","uploadtime":1682664637,"views":10,"p1id":"orangenova13","p2id":"chbggh","formatid":"gen9vgc2023regulationc","rating":1000,"private":0,"password":""}