{"id":"gen9vgc2023regulationc-1853074567","p1":"haha u rage quit","p2":"HiroBready","format":"[Gen 9] VGC 2023 Regulation C","log":"|j|\u2606haha u rage quit\n|j|\u2606HiroBready\n|t:|1682632127\n|gametype|doubles\n|player|p1|haha u rage quit|pokemaniac|1370\n|player|p2|HiroBready|lucas|1372\n|teamsize|p1|6\n|teamsize|p2|6\n|gen|9\n|tier|[Gen 9] VGC 2023 Regulation C\n|rated|\n|rule|Species Clause: Limit one of each Pok\u00e9mon\n|rule|Item Clause: Limit one of each item\n|clearpoke\n|poke|p1|Flutter Mane, L50|\n|poke|p1|Iron Hands, L50|\n|poke|p1|Iron Bundle, L50|\n|poke|p1|Torkoal, L50, M|\n|poke|p1|Klefki, L50, M|\n|poke|p1|Corviknight, L50, M|\n|poke|p2|Kingambit, L50, M|\n|poke|p2|Great Tusk, L50|\n|poke|p2|Garganacl, L50, M|\n|poke|p2|Flutter Mane, L50|\n|poke|p2|Maushold, L50|\n|poke|p2|Rotom-Wash, L50|\n|teampreview|4\n|inactive|Battle timer is ON: inactive players will automatically lose when time's up. (requested by HiroBready)\n|inactive|haha u rage quit has 60 seconds left.\n|\n|t:|1682632171\n|start\n|switch|p1a: Flutter Mane|Flutter Mane, L50, shiny|100\/100\n|switch|p1b: Torkoal|Torkoal, L50, M|100\/100\n|switch|p2a: Maincra|Garganacl, L50, M, shiny|100\/100\n|switch|p2b: Maushold|Maushold, L50|100\/100\n|-weather|SunnyDay|[from] ability: Drought|[of] p1b: Torkoal\n|-activate|p1a: Flutter Mane|ability: Protosynthesis\n|-start|p1a: Flutter Mane|protosynthesisspa\n|turn|1\n|\n|t:|1682632195\n|-terastallize|p1a: Flutter Mane|Fairy\n|move|p1b: Torkoal|Helping Hand|p1a: Flutter Mane\n|-singleturn|p1a: Flutter Mane|Helping Hand|[of] p1b: Torkoal\n|move|p2b: Maushold|Feint|p1b: Torkoal\n|-damage|p1b: Torkoal|94\/100\n|move|p1a: Flutter Mane|Dazzling Gleam|p2a: Maincra|[spread] p2a,p2b\n|-damage|p2a: Maincra|24\/100\n|-damage|p2b: Maushold|0 fnt\n|faint|p2b: Maushold\n|move|p2a: Maincra|Salt Cure|p1b: Torkoal\n|-supereffective|p1b: Torkoal\n|-damage|p1b: Torkoal|70\/100\n|-start|p1b: Torkoal|Salt Cure\n|\n|-weather|SunnyDay|[upkeep]\n|-heal|p2a: Maincra|29\/100|[from] item: Leftovers\n|-heal|p1b: Torkoal|76\/100|[from] item: Leftovers\n|-damage|p1b: Torkoal|64\/100|[from] Salt Cure\n|upkeep\n|\n|t:|1682632208\n|switch|p2b: Great Tusk|Great Tusk, L50|100\/100\n|-activate|p2b: Great Tusk|ability: Protosynthesis\n|-start|p2b: Great Tusk|protosynthesisatk\n|turn|2\n|\n|t:|1682632219\n|-terastallize|p2b: Great Tusk|Fire\n|move|p1b: Torkoal|Helping Hand|p1a: Flutter Mane\n|-singleturn|p1a: Flutter Mane|Helping Hand|[of] p1b: Torkoal\n|move|p2b: Great Tusk|Headlong Rush|p1a: Flutter Mane\n|-damage|p1a: Flutter Mane|0 fnt\n|-unboost|p2b: Great Tusk|def|1\n|-unboost|p2b: Great Tusk|spd|1\n|faint|p1a: Flutter Mane\n|-end|p1a: Flutter Mane|Protosynthesis|[silent]\n|move|p2a: Maincra|Recover|p2a: Maincra\n|-heal|p2a: Maincra|80\/100\n|\n|-weather|SunnyDay|[upkeep]\n|-heal|p2a: Maincra|86\/100|[from] item: Leftovers\n|-heal|p1b: Torkoal|70\/100|[from] item: Leftovers\n|-damage|p1b: Torkoal|58\/100|[from] Salt Cure\n|upkeep\n|\n|t:|1682632232\n|switch|p1a: Klefki|Klefki, L50, M|100\/100\n|turn|3\n|\n|t:|1682632239\n|move|p1b: Torkoal|Protect|p1b: Torkoal\n|-singleturn|p1b: Torkoal|Protect\n|move|p2b: Great Tusk|Headlong Rush|p1b: Torkoal\n|-activate|p1b: Torkoal|move: Protect\n|move|p2a: Maincra|Salt Cure|p1a: Klefki\n|-resisted|p1a: Klefki\n|-damage|p1a: Klefki|94\/100\n|-start|p1a: Klefki|Salt Cure\n|move|p1a: Klefki|Trick Room|p1a: Klefki\n|-fieldstart|move: Trick Room|[of] p1a: Klefki\n|\n|-weather|SunnyDay|[upkeep]\n|-heal|p1b: Torkoal|64\/100|[from] item: Leftovers\n|-heal|p2a: Maincra|91\/100|[from] item: Leftovers\n|-damage|p1b: Torkoal|51\/100|[from] Salt Cure\n|-damage|p1a: Klefki|69\/100|[from] Salt Cure\n|upkeep\n|turn|4\n|inactive|haha u rage quit has 30 seconds left.\n|\n|t:|1682632274\n|move|p2a: Maincra|Wide Guard|p2a: Maincra\n|-singleturn|p2a: Maincra|Wide Guard\n|move|p1b: Torkoal|Heat Wave|p2a: Maincra|[spread] \n|-activate|p2a: Maincra|move: Wide Guard\n|-activate|p2b: Great Tusk|move: Wide Guard\n|move|p1a: Klefki|Dazzling Gleam|p2a: Maincra|[spread] \n|-activate|p2a: Maincra|move: Wide Guard\n|-activate|p2b: Great Tusk|move: Wide Guard\n|move|p2b: Great Tusk|Headlong Rush|p1b: Torkoal\n|-supereffective|p1b: Torkoal\n|-damage|p1b: Torkoal|0 fnt\n|-unboost|p2b: Great Tusk|def|1\n|-unboost|p2b: Great Tusk|spd|1\n|faint|p1b: Torkoal\n|\n|-weather|SunnyDay|[upkeep]\n|-heal|p2a: Maincra|97\/100|[from] item: Leftovers\n|-damage|p1a: Klefki|44\/100|[from] Salt Cure\n|upkeep\n|\n|t:|1682632279\n|switch|p1b: Iron Hands|Iron Hands, L50, shiny|100\/100\n|turn|5\n|inactive|haha u rage quit has 30 seconds left.\n|\n|t:|1682632309\n|move|p1a: Klefki|Reflect|p1a: Klefki\n|-sidestart|p1: haha u rage quit|Reflect\n|move|p1b: Iron Hands|Close Combat|p2b: Great Tusk\n|-damage|p2b: Great Tusk|0 fnt\n|-unboost|p1b: Iron Hands|def|1\n|-unboost|p1b: Iron Hands|spd|1\n|faint|p2b: Great Tusk\n|-end|p2b: Great Tusk|Protosynthesis|[silent]\n|move|p2a: Maincra|Salt Cure|p1b: Iron Hands\n|-resisted|p1b: Iron Hands\n|-damage|p1b: Iron Hands|95\/100\n|-start|p1b: Iron Hands|Salt Cure\n|\n|-weather|none\n|-heal|p2a: Maincra|100\/100|[from] item: Leftovers\n|-damage|p1b: Iron Hands|83\/100|[from] Salt Cure\n|-damage|p1a: Klefki|19\/100|[from] Salt Cure\n|upkeep\n|\n|t:|1682632322\n|switch|p2b: Flutter Mane|Flutter Mane, L50, shiny|100\/100\n|-enditem|p2b: Flutter Mane|Booster Energy\n|-activate|p2b: Flutter Mane|ability: Protosynthesis|[fromitem]\n|-start|p2b: Flutter Mane|protosynthesisspe\n|turn|6\n|\n|t:|1682632331\n|move|p2a: Maincra|Protect|p2a: Maincra\n|-singleturn|p2a: Maincra|Protect\n|move|p2b: Flutter Mane|Protect|p2b: Flutter Mane\n|-singleturn|p2b: Flutter Mane|Protect\n|move|p1a: Klefki|Light Screen|p1a: Klefki\n|-sidestart|p1: haha u rage quit|move: Light Screen\n|move|p1b: Iron Hands|Close Combat|p2a: Maincra\n|-activate|p2a: Maincra|move: Protect\n|\n|-damage|p1b: Iron Hands|70\/100|[from] Salt Cure\n|-damage|p1a: Klefki|0 fnt|[from] Salt Cure\n|faint|p1a: Klefki\n|upkeep\n|turn|7\n|\n|t:|1682632346\n|move|p1b: Iron Hands|Heavy Slam|p2b: Flutter Mane\n|-supereffective|p2b: Flutter Mane\n|-damage|p2b: Flutter Mane|0 fnt\n|faint|p2b: Flutter Mane\n|-end|p2b: Flutter Mane|Protosynthesis|[silent]\n|move|p2a: Maincra|Recover||[still]\n|-fail|p2a: Maincra|heal\n|\n|-damage|p1b: Iron Hands|58\/100|[from] Salt Cure\n|-fieldend|move: Trick Room\n|upkeep\n|turn|8\n|\n|t:|1682632351\n|move|p2a: Maincra|Recover||[still]\n|-fail|p2a: Maincra|heal\n|move|p1b: Iron Hands|Close Combat|p2a: Maincra\n|-supereffective|p2a: Maincra\n|-damage|p2a: Maincra|8\/100\n|-unboost|p1b: Iron Hands|def|1\n|-unboost|p1b: Iron Hands|spd|1\n|\n|-heal|p2a: Maincra|14\/100|[from] item: Leftovers\n|-damage|p1b: Iron Hands|46\/100|[from] Salt Cure\n|upkeep\n|turn|9\n|\n|t:|1682632359\n|move|p2a: Maincra|Protect|p2a: Maincra\n|-singleturn|p2a: Maincra|Protect\n|move|p1b: Iron Hands|Close Combat|p2a: Maincra\n|-activate|p2a: Maincra|move: Protect\n|\n|-heal|p2a: Maincra|19\/100|[from] item: Leftovers\n|-damage|p1b: Iron Hands|34\/100|[from] Salt Cure\n|upkeep\n|turn|10\n|\n|t:|1682632366\n|move|p2a: Maincra|Recover|p2a: Maincra\n|-heal|p2a: Maincra|70\/100\n|move|p1b: Iron Hands|Close Combat|p2a: Maincra\n|-supereffective|p2a: Maincra\n|-damage|p2a: Maincra|0 fnt\n|-unboost|p1b: Iron Hands|def|1\n|-unboost|p1b: Iron Hands|spd|1\n|faint|p2a: Maincra\n|\n|win|haha u rage quit\n|raw|haha u rage quit's rating: 1370 → 1390<\/strong> (+20 for winning)\n|raw|HiroBready's rating: 1372 → 1352<\/strong> (-20 for losing)\n|l|\u2606HiroBready\n","uploadtime":1682632393,"views":14,"p1id":"hahauragequit","p2id":"hirobready","formatid":"gen9vgc2023regulationc","rating":1352,"private":0,"password":""}