{"id":"gen9vgc2023regulationc-1863755564","p1":"ZachuVGC","p2":"Gangx","format":"[Gen 9] VGC 2023 Regulation C","log":"|j|\u2606ZachuVGC\n|j|\u2606Gangx\n|t:|1684072498\n|gametype|doubles\n|player|p1|ZachuVGC|may-masters3|\n|player|p2|Gangx|workerice|\n|teamsize|p1|6\n|teamsize|p2|6\n|gen|9\n|tier|[Gen 9] VGC 2023 Regulation C\n|rated|Tournament battle\n|rule|Species Clause: Limit one of each Pok\u00e9mon\n|rule|Item Clause: Limit one of each item\n|clearpoke\n|poke|p1|Dragonite, L50, F|\n|poke|p1|Great Tusk, L50|\n|poke|p1|Amoonguss, L50, M|\n|poke|p1|Flutter Mane, L50|\n|poke|p1|Chien-Pao, L50|\n|poke|p1|Azumarill, L50, M|\n|poke|p2|Annihilape, L50, F|\n|poke|p2|Maushold-Four, L50|\n|poke|p2|Chi-Yu, L50|\n|poke|p2|Brute Bonnet, L50|\n|poke|p2|Gyarados, L50, M|\n|poke|p2|Flutter Mane, L50|\n|teampreview|4\n|raw| Open Team Sheet for ZachuVGC<\/summary>Firnen (Dragonite) @ Lum Berry Ability: Multiscale Level: 50 Shiny: Yes Tera Type: Normal - Protect - Extreme Speed - Fire Punch - Roost Nose Collector (Great Tusk) @ Choice Scarf Ability: Protosynthesis Level: 50 Hidden Power: Fighting Tera Type: Fire - Headlong Rush - Earthquake - Close Combat - Rock Slide Ariana Grande (Amoonguss) @ Covert Cloak Ability: Regenerator Level: 50 Tera Type: Water - Protect - Spore - Rage Powder - Pollen Puff Katherine (Flutter Mane) @ Booster Energy Ability: Protosynthesis Level: 50 Tera Type: Fairy - Protect - Moonblast - Shadow Ball - Substitute Tai Lung (Chien-Pao) @ Focus Sash Ability: Sword of Ruin Level: 50 Tera Type: Fairy - Protect - Ice Spinner - Sucker Punch - Sacred Sword Face of Mercy (Azumarill) @ Sitrus Berry Ability: Huge Power Level: 50 Tera Type: Water - Perish Song - Protect - Play Rough - Aqua Jet <\/details><\/div> Open Team Sheet for Gangx<\/summary>Annihilape @ Assault Vest Ability: Defiant Level: 50 Tera Type: Water - Rage Fist - Drain Punch - Thunder Punch - Bulldoze Maushold (Maushold-Four) @ Safety Goggles Ability: Friend Guard Level: 50 Tera Type: Ghost - Follow Me - Beat Up - Feint - Protect Chi-Yu @ Covert Cloak Ability: Beads of Ruin Level: 50 Tera Type: Grass - Heat Wave - Dark Pulse - Nasty Plot - Protect Brute Bonnet @ Booster Energy Ability: Protosynthesis Level: 50 Tera Type: Water - Crunch - Seed Bomb - Clear Smog - Protect Gyarados @ Sitrus Berry Ability: Intimidate Level: 50 Tera Type: Grass - Waterfall - Icy Wind - Thunder Wave - Taunt Flutter Mane @ Choice Specs Ability: Protosynthesis Level: 50 Tera Type: Fairy - Shadow Ball - Moonblast - Dazzling Gleam - Thunderbolt <\/details><\/div>\n|j| 9winsformepls\n|\n|t:|1684072530\n|start\n|switch|p1a: Nose Collector|Great Tusk, L50|100\/100\n|switch|p1b: Katherine|Flutter Mane, L50|100\/100\n|switch|p2a: Annihilape|Annihilape, L50, F|100\/100\n|switch|p2b: Maushold|Maushold-Four, L50|100\/100\n|-enditem|p1b: Katherine|Booster Energy\n|-activate|p1b: Katherine|ability: Protosynthesis|[fromitem]\n|-start|p1b: Katherine|protosynthesisspe\n|turn|1\n|j| Topperlecat\n|inactive|Battle timer is ON: inactive players will automatically lose when time's up. (requested by Gangx)\n|\n|t:|1684072553\n|switch|p2b: Gyarados|Gyarados, L50, M|100\/100\n|-ability|p2b: Gyarados|Intimidate|boost\n|-unboost|p1a: Nose Collector|atk|1\n|-unboost|p1b: Katherine|atk|1\n|-terastallize|p2a: Annihilape|Water\n|move|p1b: Katherine|Substitute|p1b: Katherine\n|-start|p1b: Katherine|Substitute\n|-damage|p1b: Katherine|76\/100\n|move|p1a: Nose Collector|Headlong Rush|p2a: Annihilape\n|-damage|p2a: Annihilape|58\/100\n|-unboost|p1a: Nose Collector|def|1\n|-unboost|p1a: Nose Collector|spd|1\n|move|p2a: Annihilape|Bulldoze|p1b: Katherine|[spread] p1a,p1b\n|-immune|p2b: Gyarados\n|-end|p1b: Katherine|Substitute\n|-damage|p1a: Nose Collector|84\/100\n|-unboost|p1a: Nose Collector|spe|1\n|\n|upkeep\n|turn|2\n|inactive|ZachuVGC has 30 seconds left.\n|inactive|Gangx has 30 seconds left.\n|inactive|ZachuVGC has 20 seconds left.\n|inactive|Gangx has 20 seconds left.\n|inactive|ZachuVGC has 15 seconds left.\n|inactive|Gangx has 15 seconds left.\n|inactive|Gangx has 10 seconds left.\n|\n|t:|1684072599\n|move|p1b: Katherine|Moonblast|p2a: Annihilape\n|-damage|p2a: Annihilape|25\/100\n|-unboost|p2a: Annihilape|spa|1\n|-ability|p2a: Annihilape|Defiant|boost\n|-boost|p2a: Annihilape|atk|2\n|move|p1a: Nose Collector|Headlong Rush|p2a: Annihilape\n|-damage|p2a: Annihilape|0 fnt\n|-unboost|p1a: Nose Collector|def|1\n|-unboost|p1a: Nose Collector|spd|1\n|faint|p2a: Annihilape\n|move|p2b: Gyarados|Icy Wind|p1b: Katherine|[spread] p1a,p1b\n|-supereffective|p1a: Nose Collector\n|-damage|p1a: Nose Collector|47\/100\n|-damage|p1b: Katherine|70\/100\n|-unboost|p1a: Nose Collector|spe|1\n|-unboost|p1b: Katherine|spe|1\n|\n|upkeep\n|\n|t:|1684072614\n|switch|p2a: Flutter Mane|Flutter Mane, L50|100\/100\n|turn|3\n|j| Deadhead Omega\n|\n|t:|1684072629\n|-end|p1a: Nose Collector|Protosynthesis|[silent]\n|switch|p1a: Ariana Grande|Amoonguss, L50, M|100\/100\n|move|p1b: Katherine|Protect|p1b: Katherine\n|-singleturn|p1b: Katherine|Protect\n|move|p2a: Flutter Mane|Dazzling Gleam|p1a: Ariana Grande|[spread] p1a\n|-activate|p1b: Katherine|move: Protect\n|-resisted|p1a: Ariana Grande\n|-damage|p1a: Ariana Grande|84\/100\n|move|p2b: Gyarados|Icy Wind|p1b: Katherine|[spread] \n|-activate|p1b: Katherine|move: Protect\n|-miss|p2b: Gyarados|p1a: Ariana Grande\n|\n|upkeep\n|turn|4\n|inactive|Gangx has 30 seconds left.\n|\n|t:|1684072658\n|move|p1b: Katherine|Shadow Ball|p2a: Flutter Mane\n|-supereffective|p2a: Flutter Mane\n|-damage|p2a: Flutter Mane|24\/100\n|move|p2a: Flutter Mane|Dazzling Gleam|p1b: Katherine|[spread] p1a,p1b\n|-resisted|p1a: Ariana Grande\n|-damage|p1a: Ariana Grande|68\/100\n|-damage|p1b: Katherine|24\/100\n|move|p2b: Gyarados|Taunt|p1a: Ariana Grande\n|-start|p1a: Ariana Grande|move: Taunt\n|cant|p1a: Ariana Grande|move: Taunt|Spore\n|\n|upkeep\n|turn|5\n|\n|t:|1684072671\n|-end|p2a: Flutter Mane|Protosynthesis|[silent]\n|switch|p2a: Maushold|Maushold-Four, L50|100\/100\n|move|p1b: Katherine|Shadow Ball|p2a: Maushold\n|-immune|p2a: Maushold\n|move|p2b: Gyarados|Waterfall|p1b: Katherine\n|-damage|p1b: Katherine|0 fnt\n|faint|p1b: Katherine\n|-end|p1b: Katherine|Protosynthesis|[silent]\n|move|p1a: Ariana Grande|Pollen Puff|p1: Katherine|[notarget]\n|-fail|p1a: Ariana Grande\n|\n|upkeep\n|\n|t:|1684072675\n|switch|p1b: Nose Collector|Great Tusk, L50|47\/100\n|turn|6\n|j| PoppyPearly\n|\n|t:|1684072686\n|-terastallize|p1b: Nose Collector|Fire\n|move|p2a: Maushold|Follow Me|p2a: Maushold\n|-singleturn|p2a: Maushold|move: Follow Me\n|move|p1b: Nose Collector|Rock Slide|p2a: Maushold|[spread] p2a,p2b\n|-crit|p2a: Maushold\n|-supereffective|p2b: Gyarados\n|-damage|p2a: Maushold|53\/100\n|-damage|p2b: Gyarados|70\/100\n|cant|p2b: Gyarados|flinch\n|move|p1a: Ariana Grande|Pollen Puff|p2a: Maushold\n|-damage|p2a: Maushold|33\/100\n|\n|-end|p1a: Ariana Grande|move: Taunt\n|upkeep\n|turn|7\n|l| 9winsformepls\n|j| BDOGGO\n|\n|t:|1684072700\n|move|p2a: Maushold|Protect|p2a: Maushold\n|-singleturn|p2a: Maushold|Protect\n|move|p1b: Nose Collector|Rock Slide|p2b: Gyarados|[spread] p2b\n|-activate|p2a: Maushold|move: Protect\n|-supereffective|p2b: Gyarados\n|-damage|p2b: Gyarados|43\/100\n|-enditem|p2b: Gyarados|Sitrus Berry|[eat]\n|-heal|p2b: Gyarados|68\/100|[from] item: Sitrus Berry\n|cant|p2b: Gyarados|flinch\n|move|p1a: Ariana Grande|Pollen Puff|p1b: Nose Collector\n|-heal|p1b: Nose Collector|97\/100\n|\n|upkeep\n|turn|8\n|c|\u2606Gangx|gg\n|l| Topperlecat\n|inactive|ZachuVGC has 30 seconds left.\n|c|\u2606Gangx|deserved win\n|\n|t:|1684072732\n|move|p2a: Maushold|Follow Me|p2a: Maushold\n|-singleturn|p2a: Maushold|move: Follow Me\n|move|p1a: Ariana Grande|Rage Powder|p1a: Ariana Grande\n|-singleturn|p1a: Ariana Grande|move: Rage Powder\n|move|p1b: Nose Collector|Rock Slide|p2b: Gyarados|[spread] p2a,p2b\n|-supereffective|p2b: Gyarados\n|-crit|p2b: Gyarados\n|-damage|p2a: Maushold|4\/100\n|-damage|p2b: Gyarados|25\/100\n|cant|p2b: Gyarados|flinch\n|\n|upkeep\n|turn|9\n|c|\u2606Gangx|ahahah\n|c|\u2606ZachuVGC|i'm so sorry lmao\n|c|\u2606Gangx|forfeit then\n|\n|t:|1684072754\n|move|p2a: Maushold|Follow Me|p2a: Maushold\n|-singleturn|p2a: Maushold|move: Follow Me\n|move|p1b: Nose Collector|Rock Slide|p2a: Maushold|[spread] p2a,p2b\n|-crit|p2a: Maushold\n|-supereffective|p2b: Gyarados\n|-damage|p2a: Maushold|0 fnt\n|-damage|p2b: Gyarados|0 fnt\n|faint|p2a: Maushold\n|faint|p2b: Gyarados\n|move|p1a: Ariana Grande|Pollen Puff|p2: Maushold|[notarget]\n|-fail|p1a: Ariana Grande\n|\n|upkeep\n|c|\u2606ZachuVGC|Nah I'm not that sorry\n|c|\u2606Gangx|you should\n|inactive|Gangx has 30 seconds left.\n|l| Deadhead Omega\n|inactive|Gangx has 20 seconds left.\n|inactive|Gangx has 15 seconds left.\n|\n|t:|1684072794\n|switch|p2a: Flutter Mane|Flutter Mane, L50|24\/100\n|turn|10\n|j| BlackSpearow\n|\n|t:|1684072806\n|move|p1b: Nose Collector|Rock Slide|p2a: Flutter Mane\n|-damage|p2a: Flutter Mane|0 fnt\n|faint|p2a: Flutter Mane\n|-end|p2a: Flutter Mane|Protosynthesis|[silent]\n|\n|win|ZachuVGC\n|n|\u2606ZachuVGC|zachuvgc\n|n|\u2606Gangx|gangx\n|n| PoppyPearly|poppypearly\n|n| BDOGGO|bdoggo\n|n| BlackSpearow|blackspearow\n|c|\u2606Gangx|also\n|c|\u2606Gangx|not a single miss\n|c|\u2606Gangx|congratulations\n|c| BDOGGO|just how the numbers rolled i fear\n|c|\u2606Gangx|and also your play t1 is nonsensical but ok\n|c|\u2606Gangx|useful ladder tour\n|l|\u2606Gangx\n|c|\u2606ZachuVGC|I mean it put me ahead of you so....\n|c| BDOGGO|think it is salt in the air\n|l| PoppyPearly\n|l| BlackSpearow\n|l| BDOGGO\n","uploadtime":1684073383,"views":9,"p1id":"zachuvgc","p2id":"gangx","formatid":"gen9vgc2023regulationc","rating":0,"private":0,"password":""}