{"id":"gen9vgc2023regulationc-1856423626","p1":"mrkokun","p2":"zarderino","format":"[Gen 9] VGC 2023 Regulation C","log":"|j|\u2606mrkokun\n|j|\u2606zarderino\n|t:|1683060091\n|gametype|doubles\n|player|p1|mrkokun|1|1358\n|player|p2|zarderino|kimonogirl|1422\n|teamsize|p1|6\n|teamsize|p2|6\n|gen|9\n|tier|[Gen 9] VGC 2023 Regulation C\n|rated|\n|rule|Species Clause: Limit one of each Pok\u00e9mon\n|rule|Item Clause: Limit one of each item\n|clearpoke\n|poke|p1|Cloyster, L50, F|\n|poke|p1|Flutter Mane, L50|\n|poke|p1|Indeedee-F, L50, F|\n|poke|p1|Gastrodon, L50, M|\n|poke|p1|Amoonguss, L50, M|\n|poke|p1|Arcanine, L50, M|\n|poke|p2|Ting-Lu, L50|\n|poke|p2|Annihilape, L50, M|\n|poke|p2|Corviknight, L50, F|\n|poke|p2|Iron Moth, L50|\n|poke|p2|Grimmsnarl, L50, M|\n|poke|p2|Gholdengo, L50|\n|teampreview|4\n|\n|t:|1683060148\n|start\n|switch|p1a: Indeedee|Indeedee-F, L50, F|100\/100\n|switch|p1b: Flutter Mane|Flutter Mane, L50|100\/100\n|switch|p2a: Grimmsnarl|Grimmsnarl, L50, M|100\/100\n|switch|p2b: Gholdengo|Gholdengo, L50|100\/100\n|-fieldstart|move: Psychic Terrain|[from] ability: Psychic Surge|[of] p1a: Indeedee\n|-enditem|p1a: Indeedee|Psychic Seed\n|-boost|p1a: Indeedee|spd|1|[from] item: Psychic Seed\n|turn|1\n|inactive|Battle timer is ON: inactive players will automatically lose when time's up. (requested by mrkokun)\n|inactive|zarderino has 60 seconds left.\n|\n|t:|1683060213\n|-terastallize|p2b: Gholdengo|Water\n|move|p1a: Indeedee|Helping Hand|p1b: Flutter Mane\n|-singleturn|p1b: Flutter Mane|Helping Hand|[of] p1a: Indeedee\n|move|p2a: Grimmsnarl|Light Screen|p2a: Grimmsnarl\n|-sidestart|p2: zarderino|move: Light Screen\n|move|p1b: Flutter Mane|Moonblast|p2a: Grimmsnarl\n|-supereffective|p2a: Grimmsnarl\n|-damage|p2a: Grimmsnarl|0 fnt\n|faint|p2a: Grimmsnarl\n|-damage|p1b: Flutter Mane|90\/100|[from] item: Life Orb\n|move|p2b: Gholdengo|Nasty Plot|p2b: Gholdengo\n|-boost|p2b: Gholdengo|spa|2\n|\n|upkeep\n|inactive|zarderino has 30 seconds left.\n|\n|t:|1683060239\n|switch|p2a: Corviknight|Corviknight, L50, F|100\/100\n|turn|2\n|\n|t:|1683060251\n|-terastallize|p1b: Flutter Mane|Fairy\n|move|p1a: Indeedee|Helping Hand|p1b: Flutter Mane\n|-singleturn|p1b: Flutter Mane|Helping Hand|[of] p1a: Indeedee\n|move|p1b: Flutter Mane|Moonblast|p2b: Gholdengo\n|-damage|p2b: Gholdengo|16\/100\n|-damage|p1b: Flutter Mane|80\/100|[from] item: Life Orb\n|move|p2b: Gholdengo|Make It Rain|p1b: Flutter Mane|[spread] p1a,p1b\n|-supereffective|p1b: Flutter Mane\n|-damage|p1a: Indeedee|39\/100\n|-damage|p1b: Flutter Mane|0 fnt\n|-unboost|p2b: Gholdengo|spa|1\n|faint|p1b: Flutter Mane\n|-end|p1b: Flutter Mane|Protosynthesis|[silent]\n|move|p2a: Corviknight|Tailwind|p2a: Corviknight\n|-sidestart|p2: zarderino|move: Tailwind\n|\n|-heal|p2b: Gholdengo|23\/100|[from] item: Leftovers\n|upkeep\n|\n|t:|1683060270\n|switch|p1b: Arcanine|Arcanine, L50, M|100\/100\n|-ability|p1b: Arcanine|Intimidate|boost\n|-ability|p2a: Corviknight|Mirror Armor\n|-unboost|p1b: Arcanine|atk|1\n|-unboost|p2b: Gholdengo|atk|1\n|turn|3\n|\n|t:|1683060292\n|move|p2b: Gholdengo|Protect|p2b: Gholdengo\n|-singleturn|p2b: Gholdengo|Protect\n|move|p2a: Corviknight|Brave Bird|p1a: Indeedee\n|-damage|p1a: Indeedee|0 fnt\n|faint|p1a: Indeedee\n|-damage|p2a: Corviknight|90\/100|[from] Recoil\n|move|p1b: Arcanine|Wild Charge|p2b: Gholdengo\n|-activate|p2b: Gholdengo|move: Protect\n|\n|-heal|p2b: Gholdengo|29\/100|[from] item: Leftovers\n|upkeep\n|\n|t:|1683060299\n|switch|p1a: Gastrodon|Gastrodon, L50, M|100\/100\n|turn|4\n|\n|t:|1683060314\n|move|p1b: Arcanine|Protect|p1b: Arcanine\n|-singleturn|p1b: Arcanine|Protect\n|move|p2b: Gholdengo|Shadow Ball|p1b: Arcanine\n|-activate|p1b: Arcanine|move: Protect\n|move|p2a: Corviknight|Brave Bird|p1b: Arcanine\n|-activate|p1b: Arcanine|move: Protect\n|move|p1a: Gastrodon|Earth Power|p2b: Gholdengo\n|-damage|p2b: Gholdengo|0 fnt\n|faint|p2b: Gholdengo\n|\n|upkeep\n|\n|t:|1683060316\n|switch|p2b: Iron Moth|Iron Moth, L50|100\/100\n|-enditem|p2b: Iron Moth|Booster Energy\n|-activate|p2b: Iron Moth|ability: Quark Drive|[fromitem]\n|-start|p2b: Iron Moth|quarkdrivespa\n|turn|5\n|\n|t:|1683060332\n|move|p1a: Gastrodon|Protect|p1a: Gastrodon\n|-singleturn|p1a: Gastrodon|Protect\n|move|p2b: Iron Moth|Sludge Wave|p1a: Gastrodon|[spread] p1b\n|-activate|p1a: Gastrodon|move: Protect\n|-immune|p2a: Corviknight\n|-damage|p1b: Arcanine|39\/100\n|move|p2a: Corviknight|Brave Bird|p1b: Arcanine\n|-damage|p1b: Arcanine|0 fnt\n|faint|p1b: Arcanine\n|-damage|p2a: Corviknight|78\/100|[from] Recoil\n|\n|-sideend|p2: zarderino|move: Tailwind\n|-fieldend|move: Psychic Terrain\n|upkeep\n|turn|6\n|\n|t:|1683060347\n|move|p2b: Iron Moth|Energy Ball|p1a: Gastrodon\n|-supereffective|p1a: Gastrodon\n|-damage|p1a: Gastrodon|0 fnt\n|faint|p1a: Gastrodon\n|\n|win|zarderino\n|raw|mrkokun's rating: 1358 → 1342<\/strong> (-16 for losing)\n|raw|zarderino's rating: 1422 → 1438<\/strong> (+16 for winning)\n|l|\u2606mrkokun\n","uploadtime":1683060354,"views":7,"p1id":"mrkokun","p2id":"zarderino","formatid":"gen9vgc2023regulationc","rating":1342,"private":0,"password":""}