{"id":"gen9vgc2023regulationc-1849512730","p1":"kiwigal","p2":"Richardvgc2020","format":"[Gen 9] VGC 2023 Regulation C","log":"|j|\u2606kiwigal\n|j|\u2606Richardvgc2020\n|t:|1682207380\n|gametype|doubles\n|player|p1|kiwigal|emma|1326\n|player|p2|Richardvgc2020|265|1217\n|teamsize|p1|6\n|teamsize|p2|6\n|gen|9\n|tier|[Gen 9] VGC 2023 Regulation C\n|rated|\n|rule|Species Clause: Limit one of each Pok\u00e9mon\n|rule|Item Clause: Limit one of each item\n|clearpoke\n|poke|p1|Wo-Chien, L50|\n|poke|p1|Chi-Yu, L50|\n|poke|p1|Scizor, L50, F|\n|poke|p1|Glimmora, L50, F|\n|poke|p1|Vaporeon, L50, F|\n|poke|p1|Ting-Lu, L50|\n|poke|p2|Flutter Mane, L50|\n|poke|p2|Gholdengo, L50|\n|poke|p2|Kilowattrel, L50, M|\n|poke|p2|Orthworm, L50, M|\n|poke|p2|Garchomp, L50, F|\n|poke|p2|Iron Moth, L50|\n|teampreview|4\n|c|\u2606kiwigal|gl hf\nkiwigal has agreed to open team sheets.\nRichardvgc2020 has agreed to open team sheets.\n|inactive|Battle timer is ON: inactive players will automatically lose when time's up. (requested by Richardvgc2020)\n|inactive|kiwigal has 60 seconds left.\n|inactive|kiwigal has 30 seconds left.\n|\n|t:|1682207501\n|start\n|switch|p1a: Scizor|Scizor, L50, F|100\/100\n|switch|p1b: Ting-Lu|Ting-Lu, L50|100\/100\n|switch|p2a: Orthworm|Orthworm, L50, M|100\/100\n|switch|p2b: Garchomp|Garchomp, L50, F|100\/100\n|-ability|p1b: Ting-Lu|Vessel of Ruin\n|turn|1\n|inactive|kiwigal has 30 seconds left.\n|inactive|kiwigal has 20 seconds left.\n|\n|t:|1682207540\n|move|p2b: Garchomp|Earthquake|p1a: Scizor|[spread] p1a,p1b\n|-immune|p2a: Orthworm|[from] ability: Earth Eater\n|-damage|p1a: Scizor|49\/100\n|-damage|p1b: Ting-Lu|71\/100\n|-damage|p2b: Garchomp|91\/100|[from] item: Life Orb\n|move|p2a: Orthworm|Shed Tail|p2a: Orthworm\n|-start|p2a: Orthworm|Substitute|[from] move: Shed Tail\n|-damage|p2a: Orthworm|50\/100\n|-enditem|p2a: Orthworm|Sitrus Berry|[eat]\n|-heal|p2a: Orthworm|75\/100|[from] item: Sitrus Berry\n|\n|t:|1682207557\n|switch|p2a: Kilowattrel|Kilowattrel, L50, M|100\/100|[from] Shed Tail\n|move|p1a: Scizor|Pounce|p2b: Garchomp\n|-damage|p2b: Garchomp|54\/100\n|-unboost|p2b: Garchomp|spe|1\n|-damage|p1a: Scizor|36\/100|[from] ability: Rough Skin|[of] p2b: Garchomp\n|move|p1b: Ting-Lu|Taunt|p2a: Kilowattrel\n|-start|p2a: Kilowattrel|move: Taunt\n|\n|-heal|p1b: Ting-Lu|77\/100|[from] item: Leftovers\n|upkeep\n|turn|2\n|inactive|kiwigal has 30 seconds left.\n|inactive|Richardvgc2020 has 30 seconds left.\n|inactive|kiwigal has 20 seconds left.\n|inactive|kiwigal has 15 seconds left.\n|inactive|kiwigal has 10 seconds left.\n|\n|t:|1682207602\n|move|p1a: Scizor|Bullet Punch|p2b: Garchomp\n|-damage|p2b: Garchomp|25\/100\n|-damage|p1a: Scizor|24\/100|[from] ability: Rough Skin|[of] p2b: Garchomp\n|move|p2a: Kilowattrel|Air Slash|p1b: Ting-Lu\n|-damage|p1b: Ting-Lu|61\/100\n|move|p2b: Garchomp|Earthquake|p1b: Ting-Lu|[spread] p1a,p1b\n|-immune|p2a: Kilowattrel\n|-damage|p1a: Scizor|0 fnt\n|-damage|p1b: Ting-Lu|33\/100\n|faint|p1a: Scizor\n|-damage|p2b: Garchomp|16\/100|[from] item: Life Orb\n|cant|p1b: Ting-Lu|flinch\n|\n|-heal|p1b: Ting-Lu|39\/100|[from] item: Leftovers\n|upkeep\n|inactive|kiwigal has 30 seconds left.\n|\n|t:|1682207631\n|switch|p1a: Chi-Yu|Chi-Yu, L50|100\/100\n|-ability|p1a: Chi-Yu|Beads of Ruin\n|turn|3\n|inactive|kiwigal has 30 seconds left.\n|inactive|kiwigal has 20 seconds left.\n|\n|t:|1682207668\n|move|p2b: Garchomp|Protect|p2b: Garchomp\n|-singleturn|p2b: Garchomp|Protect\n|move|p2a: Kilowattrel|Discharge|p1b: Ting-Lu|[spread] p1a\n|-activate|p2b: Garchomp|move: Protect\n|-immune|p1b: Ting-Lu\n|-damage|p1a: Chi-Yu|82\/100\n|move|p1a: Chi-Yu|Dark Pulse|p2b: Garchomp\n|-activate|p2b: Garchomp|move: Protect\n|move|p1b: Ting-Lu|Heavy Slam|p2a: Kilowattrel\n|-resisted|p2a: Kilowattrel\n|-end|p2a: Kilowattrel|Substitute\n|\n|-heal|p1b: Ting-Lu|45\/100|[from] item: Leftovers\n|-end|p2a: Kilowattrel|move: Taunt\n|upkeep\n|turn|4\n|inactive|kiwigal has 30 seconds left.\n|inactive|Richardvgc2020 has 30 seconds left.\n|inactive|Richardvgc2020 has 20 seconds left.\n|\n|t:|1682207704\n|switch|p2b: Orthworm|Orthworm, L50, M|75\/100\n|move|p2a: Kilowattrel|Feather Dance|p1b: Ting-Lu\n|-unboost|p1b: Ting-Lu|atk|2\n|move|p1a: Chi-Yu|Dark Pulse|p2b: Orthworm\n|-damage|p2b: Orthworm|9\/100\n|move|p1b: Ting-Lu|Taunt|p2a: Kilowattrel\n|-start|p2a: Kilowattrel|move: Taunt\n|\n|-heal|p1b: Ting-Lu|51\/100|[from] item: Leftovers\n|upkeep\n|turn|5\n|inactive|kiwigal has 30 seconds left.\n|inactive|Richardvgc2020 has 30 seconds left.\n|inactive|kiwigal has 20 seconds left.\n|inactive|Richardvgc2020 has 20 seconds left.\n|inactive|kiwigal has 15 seconds left.\n|inactive|kiwigal has 10 seconds left.\n|\n|t:|1682207753\n|move|p2b: Orthworm|Helping Hand|p2a: Kilowattrel\n|-singleturn|p2a: Kilowattrel|Helping Hand|[of] p2b: Orthworm\n|move|p2a: Kilowattrel|Air Slash|p1a: Chi-Yu\n|-damage|p1a: Chi-Yu|44\/100\n|move|p1a: Chi-Yu|Flamethrower|p2a: Kilowattrel\n|-damage|p2a: Kilowattrel|18\/100\n|move|p1b: Ting-Lu|Heavy Slam|p2a: Kilowattrel\n|-resisted|p2a: Kilowattrel\n|-damage|p2a: Kilowattrel|3\/100\n|\n|-heal|p1b: Ting-Lu|57\/100|[from] item: Leftovers\n|upkeep\n|turn|6\n|inactive|kiwigal has 30 seconds left.\n|\n|t:|1682207781\n|move|p2b: Orthworm|Helping Hand|p2a: Kilowattrel\n|-singleturn|p2a: Kilowattrel|Helping Hand|[of] p2b: Orthworm\n|move|p2a: Kilowattrel|Discharge|p1b: Ting-Lu|[spread] p2b,p1a\n|-immune|p1b: Ting-Lu\n|-damage|p2b: Orthworm|0 fnt\n|-damage|p1a: Chi-Yu|14\/100\n|faint|p2b: Orthworm\n|move|p1a: Chi-Yu|Flamethrower|p2a: Kilowattrel\n|-damage|p2a: Kilowattrel|0 fnt\n|faint|p2a: Kilowattrel\n|move|p1b: Ting-Lu|Heavy Slam|p2: Kilowattrel|[notarget]\n|-fail|p1b: Ting-Lu\n|\n|-heal|p1b: Ting-Lu|63\/100|[from] item: Leftovers\n|upkeep\n|\n|t:|1682207798\n|switch|p2a: Garchomp|Garchomp, L50, F|16\/100\n|switch|p2b: Iron Moth|Iron Moth, L50|100\/100\n|turn|7\n|inactive|kiwigal has 30 seconds left.\n|inactive|kiwigal has 20 seconds left.\n|inactive|kiwigal has 15 seconds left.\n|\n|t:|1682207840\n|-terastallize|p2b: Iron Moth|Flying\n|move|p1a: Chi-Yu|Protect|p1a: Chi-Yu\n|-singleturn|p1a: Chi-Yu|Protect\n|move|p1b: Ting-Lu|Protect|p1b: Ting-Lu\n|-singleturn|p1b: Ting-Lu|Protect\n|move|p2b: Iron Moth|Heat Wave|p1a: Chi-Yu|[spread] \n|-activate|p1a: Chi-Yu|move: Protect\n|-activate|p1b: Ting-Lu|move: Protect\n|move|p2a: Garchomp|Earthquake|p1a: Chi-Yu|[spread] \n|-activate|p1a: Chi-Yu|move: Protect\n|-activate|p1b: Ting-Lu|move: Protect\n|-immune|p2b: Iron Moth\n|\n|-heal|p1b: Ting-Lu|69\/100|[from] item: Leftovers\n|upkeep\n|turn|8\n|inactive|Richardvgc2020 has 30 seconds left.\n|\n|t:|1682207868\n|switch|p1a: Vaporeon|Vaporeon, L50, F|100\/100\n|move|p2b: Iron Moth|Heat Wave|p1a: Vaporeon|[spread] p1a,p1b\n|-resisted|p1a: Vaporeon\n|-damage|p1a: Vaporeon|87\/100\n|-damage|p1b: Ting-Lu|49\/100\n|move|p2a: Garchomp|Dragon Claw|p1b: Ting-Lu\n|-damage|p1b: Ting-Lu|15\/100\n|-damage|p2a: Garchomp|6\/100|[from] item: Life Orb\n|move|p1b: Ting-Lu|Stomping Tantrum|p2a: Garchomp\n|-damage|p2a: Garchomp|0 fnt\n|-damage|p1b: Ting-Lu|2\/100|[from] ability: Rough Skin|[of] p2a: Garchomp\n|faint|p2a: Garchomp\n|\n|-heal|p1b: Ting-Lu|8\/100|[from] item: Leftovers\n|upkeep\n|turn|9\n|c|\u2606kiwigal|gg\n|inactive|kiwigal has 30 seconds left.\n|\n|t:|1682207894\n|move|p1a: Vaporeon|Protect|p1a: Vaporeon\n|-singleturn|p1a: Vaporeon|Protect\n|move|p1b: Ting-Lu|Protect|p1b: Ting-Lu\n|-singleturn|p1b: Ting-Lu|Protect\n|move|p2b: Iron Moth|Heat Wave|p1b: Ting-Lu|[spread] \n|-activate|p1a: Vaporeon|move: Protect\n|-activate|p1b: Ting-Lu|move: Protect\n|\n|-heal|p1b: Ting-Lu|14\/100|[from] item: Leftovers\n|upkeep\n|turn|10\n|\n|t:|1682207913\n|move|p2b: Iron Moth|Heat Wave|p1b: Ting-Lu|[spread] p1a,p1b\n|-resisted|p1a: Vaporeon\n|-crit|p1a: Vaporeon\n|-damage|p1a: Vaporeon|67\/100\n|-damage|p1b: Ting-Lu|0 fnt\n|faint|p1b: Ting-Lu\n|move|p1a: Vaporeon|Ice Beam|p2b: Iron Moth\n|-supereffective|p2b: Iron Moth\n|-damage|p2b: Iron Moth|42\/100\n|-status|p2b: Iron Moth|frz\n|\n|upkeep\n|\n|t:|1682207929\n|switch|p1b: Chi-Yu|Chi-Yu, L50|14\/100\n|-ability|p1b: Chi-Yu|Beads of Ruin\n|turn|11\n|\n|t:|1682207943\n|cant|p2b: Iron Moth|frz\n|move|p1b: Chi-Yu|Flamethrower|p2b: Iron Moth\n|-damage|p2b: Iron Moth|0 fnt\n|faint|p2b: Iron Moth\n|-end|p2b: Iron Moth|Quark Drive|[silent]\n|\n|win|kiwigal\n|raw|kiwigal's rating: 1326 → 1340<\/strong> (+14 for winning)\n|raw|Richardvgc2020's rating: 1217 → 1200<\/strong> (-17 for losing)\n|l|\u2606Richardvgc2020\n","uploadtime":1682207996,"views":3,"p1id":"kiwigal","p2id":"richardvgc2020","formatid":"gen9vgc2023regulationc","rating":1200,"private":0,"password":""}