{"id":"gen9vgc2023regulationc-1857379862","p1":"XJ09","p2":"Poke Chiyo","format":"[Gen 9] VGC 2023 Regulation C","log":"|j|\u2606XJ09\n|j|\u2606Poke Chiyo\n|t:|1683183440\n|gametype|doubles\n|player|p1|XJ09|cynthia|1349\n|player|p2|Poke Chiyo|fisherman|1266\n|teamsize|p1|6\n|teamsize|p2|6\n|gen|9\n|tier|[Gen 9] VGC 2023 Regulation C\n|rated|\n|rule|Species Clause: Limit one of each Pok\u00e9mon\n|rule|Item Clause: Limit one of each item\n|clearpoke\n|poke|p1|Roaring Moon, L50|\n|poke|p1|Garganacl, L50, M|\n|poke|p1|Ting-Lu, L50|\n|poke|p1|Gyarados, L50, M|\n|poke|p1|Annihilape, L50, M|\n|poke|p1|Grimmsnarl, L50, M|\n|poke|p2|Indeedee-F, L50, F|\n|poke|p2|Maushold, L50|\n|poke|p2|Flutter Mane, L50|\n|poke|p2|Talonflame, L50, M|\n|poke|p2|Garchomp, L50, M|\n|poke|p2|Chien-Pao, L50|\n|teampreview|4\n|inactive|Battle timer is ON: inactive players will automatically lose when time's up. (requested by XJ09)\n|\n|t:|1683183516\n|start\n|switch|p1a: Ting-Lu|Ting-Lu, L50|100\/100\n|switch|p1b: Gyarados|Gyarados, L50, M|100\/100\n|switch|p2a: Talonflame|Talonflame, L50, M|100\/100\n|switch|p2b: Garchomp|Garchomp, L50, M|100\/100\n|-ability|p1b: Gyarados|Intimidate|boost\n|-unboost|p2a: Talonflame|atk|1\n|-fail|p2b: Garchomp|unboost|[from] item: Clear Amulet|[of] p2b: Garchomp\n|-ability|p1a: Ting-Lu|Vessel of Ruin\n|turn|1\n|inactive|Poke Chiyo has 30 seconds left.\n|\n|t:|1683183547\n|-terastallize|p2a: Talonflame|Ghost\n|move|p1b: Gyarados|Waterfall|p2a: Talonflame\n|-damage|p2a: Talonflame|38\/100\n|move|p2a: Talonflame|Will-O-Wisp|p1a: Ting-Lu|[miss]\n|-miss|p2a: Talonflame|p1a: Ting-Lu\n|move|p2b: Garchomp|Rock Slide|p1a: Ting-Lu|[spread] p1a,p1b\n|-resisted|p1a: Ting-Lu\n|-supereffective|p1b: Gyarados\n|-damage|p1a: Ting-Lu|96\/100\n|-damage|p1b: Gyarados|53\/100\n|move|p1a: Ting-Lu|Fissure|p2b: Garchomp|[miss]\n|-miss|p1a: Ting-Lu|p2b: Garchomp\n|\n|upkeep\n|turn|2\n|inactive|Poke Chiyo has 30 seconds left.\n|\n|t:|1683183575\n|switch|p2a: Chien-Pao|Chien-Pao, L50|100\/100\n|-ability|p2a: Chien-Pao|Sword of Ruin\n|move|p1b: Gyarados|Waterfall|p2a: Chien-Pao\n|-damage|p2a: Chien-Pao|38\/100\n|move|p2b: Garchomp|Rock Slide|p1a: Ting-Lu|[spread] p1b\n|-miss|p2b: Garchomp|p1a: Ting-Lu\n|-supereffective|p1b: Gyarados\n|-crit|p1b: Gyarados\n|-damage|p1b: Gyarados|0 fnt\n|faint|p1b: Gyarados\n|move|p1a: Ting-Lu|Fissure|p2b: Garchomp\n|-damage|p2b: Garchomp|0 fnt\n|faint|p2b: Garchomp\n|-ohko\n|\n|upkeep\n|\n|t:|1683183596\n|switch|p2b: Talonflame|Talonflame, L50, M, tera:Ghost|38\/100\n|switch|p1b: Garganacl|Garganacl, L50, M|100\/100\n|turn|3\n|\n|t:|1683183609\n|move|p2a: Chien-Pao|Ice Spinner|p1a: Ting-Lu\n|-supereffective|p1a: Ting-Lu\n|-damage|p1a: Ting-Lu|49\/100\n|move|p2b: Talonflame|Taunt|p1b: Garganacl\n|-start|p1b: Garganacl|move: Taunt\n|move|p1a: Ting-Lu|Body Press|p2a: Chien-Pao\n|-supereffective|p2a: Chien-Pao\n|-damage|p2a: Chien-Pao|0 fnt\n|faint|p2a: Chien-Pao\n|move|p1b: Garganacl|Salt Cure|p2b: Talonflame\n|-damage|p2b: Talonflame|14\/100\n|\n|upkeep\n|\n|t:|1683183620\n|switch|p2a: Maushold|Maushold, L50|100\/100\n|turn|4\n|inactive|Poke Chiyo has 30 seconds left.\n|\n|t:|1683183649\n|switch|p1b: Annihilape|Annihilape, L50, M|100\/100\n|move|p2b: Talonflame|Tailwind|p2b: Talonflame\n|-sidestart|p2: Poke Chiyo|move: Tailwind\n|move|p2a: Maushold|Population Bomb|p1a: Ting-Lu\n|-damage|p1a: Ting-Lu|43\/100\n|-damage|p1a: Ting-Lu|37\/100\n|-damage|p1a: Ting-Lu|32\/100\n|-damage|p1a: Ting-Lu|27\/100\n|-damage|p1a: Ting-Lu|21\/100\n|-damage|p1a: Ting-Lu|16\/100\n|-damage|p1a: Ting-Lu|10\/100\n|-hitcount|p1a: Ting-Lu|7\n|move|p1a: Ting-Lu|Fissure|p2a: Maushold|[miss]\n|-miss|p1a: Ting-Lu|p2a: Maushold\n|\n|upkeep\n|turn|5\n|inactive|XJ09 has 30 seconds left.\n|inactive|Poke Chiyo has 30 seconds left.\n|\n|t:|1683183678\n|move|p2b: Talonflame|Brave Bird|p1b: Annihilape\n|-supereffective|p1b: Annihilape\n|-damage|p1b: Annihilape|0 fnt\n|faint|p1b: Annihilape\n|-damage|p2b: Talonflame|0 fnt|[from] Recoil\n|faint|p2b: Talonflame\n|move|p2a: Maushold|Population Bomb|p1a: Ting-Lu\n|-damage|p1a: Ting-Lu|5\/100\n|-damage|p1a: Ting-Lu|0 fnt\n|faint|p1a: Ting-Lu\n|-hitcount|p1: Ting-Lu|2\n|\n|upkeep\n|\n|t:|1683183692\n|switch|p1a: Garganacl|Garganacl, L50, M|100\/100\n|turn|6\n|\n|t:|1683183704\n|move|p2a: Maushold|Population Bomb|p1a: Garganacl\n|-resisted|p1a: Garganacl\n|-damage|p1a: Garganacl|98\/100\n|-resisted|p1a: Garganacl\n|-damage|p1a: Garganacl|95\/100\n|-resisted|p1a: Garganacl\n|-damage|p1a: Garganacl|91\/100\n|-resisted|p1a: Garganacl\n|-damage|p1a: Garganacl|88\/100\n|-resisted|p1a: Garganacl\n|-damage|p1a: Garganacl|85\/100\n|-resisted|p1a: Garganacl\n|-damage|p1a: Garganacl|82\/100\n|-resisted|p1a: Garganacl\n|-damage|p1a: Garganacl|79\/100\n|-resisted|p1a: Garganacl\n|-damage|p1a: Garganacl|76\/100\n|-resisted|p1a: Garganacl\n|-damage|p1a: Garganacl|73\/100\n|-resisted|p1a: Garganacl\n|-damage|p1a: Garganacl|70\/100\n|-hitcount|p1a: Garganacl|10\n|move|p1a: Garganacl|Salt Cure|p2a: Maushold\n|-damage|p2a: Maushold|78\/100\n|-start|p2a: Maushold|Salt Cure\n|\n|-heal|p1a: Garganacl|76\/100|[from] item: Leftovers\n|-damage|p2a: Maushold|66\/100|[from] Salt Cure\n|upkeep\n|turn|7\n|\n|t:|1683183728\n|move|p1a: Garganacl|Protect|p1a: Garganacl\n|-singleturn|p1a: Garganacl|Protect\n|move|p2a: Maushold|Encore|p1a: Garganacl\n|-activate|p1a: Garganacl|move: Protect\n|\n|-heal|p1a: Garganacl|82\/100|[from] item: Leftovers\n|-damage|p2a: Maushold|54\/100|[from] Salt Cure\n|-sideend|p2: Poke Chiyo|move: Tailwind\n|upkeep\n|turn|8\n|\n|t:|1683183738\n|move|p2a: Maushold|Population Bomb|p1a: Garganacl\n|-resisted|p1a: Garganacl\n|-damage|p1a: Garganacl|79\/100\n|-resisted|p1a: Garganacl\n|-damage|p1a: Garganacl|76\/100\n|-resisted|p1a: Garganacl\n|-damage|p1a: Garganacl|73\/100\n|-resisted|p1a: Garganacl\n|-damage|p1a: Garganacl|70\/100\n|-hitcount|p1a: Garganacl|4\n|move|p1a: Garganacl|Recover|p1a: Garganacl\n|-heal|p1a: Garganacl|100\/100\n|\n|-damage|p2a: Maushold|42\/100|[from] Salt Cure\n|upkeep\n|turn|9\n|-message|Poke Chiyo forfeited.\n|\n|win|XJ09\n|raw|XJ09's rating: 1349 → 1364<\/strong> (+15 for winning)\n|raw|Poke Chiyo's rating: 1266 → 1247<\/strong> (-19 for losing)\n|l|\u2606Poke Chiyo\n","uploadtime":1683183754,"views":6,"p1id":"xj09","p2id":"pokechiyo","formatid":"gen9vgc2023regulationc","rating":1247,"private":0,"password":""}