{"id":"gen9vgc2023regulationc-1856070637","p1":"ChiangWu","p2":"haburasigosi","format":"[Gen 9] VGC 2023 Regulation C","log":"|j|\u2606ChiangWu\n|j|\u2606haburasigosi\n|t:|1683026340\n|gametype|doubles\n|player|p1|ChiangWu|102|1597\n|player|p2|haburasigosi|265|1628\n|teamsize|p1|6\n|teamsize|p2|6\n|gen|9\n|tier|[Gen 9] VGC 2023 Regulation C\n|rated|\n|rule|Species Clause: Limit one of each Pok\u00e9mon\n|rule|Item Clause: Limit one of each item\n|clearpoke\n|poke|p1|Dragapult, L50, M|\n|poke|p1|Rotom-Mow, L50|\n|poke|p1|Coalossal, L50, M|\n|poke|p1|Scizor, L50, F|\n|poke|p1|Bruxish, L50, M|\n|poke|p1|Chien-Pao, L50|\n|poke|p2|Iron Moth, L50|\n|poke|p2|Dragonite, L50, M|\n|poke|p2|Palafin, L50, M|\n|poke|p2|Flutter Mane, L50|\n|poke|p2|Arcanine, L50, M|\n|poke|p2|Amoonguss, L50, M|\n|teampreview|4\nChiangWu rejected open team sheets.\n|inactive|Battle timer is ON: inactive players will automatically lose when time's up. (requested by ChiangWu)\n|inactive|haburasigosi has 60 seconds left.\n|inactive|haburasigosi has 30 seconds left.\n|inactive|haburasigosi has 20 seconds left.\n|inactive|haburasigosi has 15 seconds left.\n|\n|t:|1683026443\n|start\n|switch|p1a: Bruxish|Bruxish, L50, M|100\/100\n|switch|p1b: Coalossal|Coalossal, L50, M, shiny|100\/100\n|switch|p2a: Dragonite|Dragonite, L50, M|100\/100\n|switch|p2b: Eternal|Amoonguss, L50, M, shiny|100\/100\n|turn|1\n|\n|t:|1683026462\n|move|p1b: Coalossal|Protect|p1b: Coalossal\n|-singleturn|p1b: Coalossal|Protect\n|move|p1a: Bruxish|Wave Crash|p2b: Eternal\n|-resisted|p2b: Eternal\n|-damage|p2b: Eternal|80\/100\n|-damage|p1a: Bruxish|90\/100|[from] Recoil\n|move|p2a: Dragonite|Earthquake|p1a: Bruxish|[spread] p2b,p1a\n|-activate|p1b: Coalossal|move: Protect\n|-damage|p2b: Eternal|43\/100\n|-damage|p1a: Bruxish|16\/100\n|-enditem|p2b: Eternal|Sitrus Berry|[eat]\n|-heal|p2b: Eternal|68\/100|[from] item: Sitrus Berry\n|move|p2b: Eternal|Spore|p1a: Bruxish\n|-activate|p1a: Bruxish|item: Safety Goggles|Spore\n|\n|upkeep\n|turn|2\n|inactive|haburasigosi has 30 seconds left.\n|\n|t:|1683026493\n|-terastallize|p1b: Coalossal|Rock\n|move|p1a: Bruxish|Aqua Jet|p1b: Coalossal\n|-supereffective|p1b: Coalossal\n|-damage|p1b: Coalossal|72\/100\n|-ability|p1b: Coalossal|Steam Engine|boost\n|-boost|p1b: Coalossal|spe|6\n|-enditem|p1b: Coalossal|Weakness Policy\n|-boost|p1b: Coalossal|atk|2|[from] item: Weakness Policy\n|-boost|p1b: Coalossal|spa|2|[from] item: Weakness Policy\n|move|p1b: Coalossal|Rock Slide|p2b: Eternal|[spread] p2a,p2b\n|-supereffective|p2a: Dragonite\n|-damage|p2a: Dragonite|36\/100\n|-damage|p2b: Eternal|13\/100\n|move|p2a: Dragonite|Earthquake|p1a: Bruxish|[spread] p2b,p1a,p1b\n|-supereffective|p1b: Coalossal\n|-damage|p2b: Eternal|0 fnt\n|-damage|p1a: Bruxish|0 fnt\n|-damage|p1b: Coalossal|4\/100\n|faint|p2b: Eternal\n|faint|p1a: Bruxish\n|\n|upkeep\n|\n|t:|1683026514\n|switch|p1a: Dragapult|Dragapult, L50, M, shiny|100\/100\n|switch|p2b: Wildfire|Arcanine, L50, M|100\/100\n|-ability|p2b: Wildfire|Intimidate|boost\n|-fail|p1a: Dragapult|unboost|[from] ability: Clear Body|[of] p1a: Dragapult\n|-unboost|p1b: Coalossal|atk|1\n|turn|3\n|inactive|haburasigosi has 30 seconds left.\n|\n|t:|1683026543\n|switch|p2a: Iron Moth|Iron Moth, L50|100\/100\n|-enditem|p2a: Iron Moth|Booster Energy\n|-activate|p2a: Iron Moth|ability: Quark Drive|[fromitem]\n|-start|p2a: Iron Moth|quarkdrivespe\n|move|p1b: Coalossal|Protect|p1b: Coalossal\n|-singleturn|p1b: Coalossal|Protect\n|move|p1a: Dragapult|Dragon Darts|p2a: Iron Moth\n|-damage|p2a: Iron Moth|49\/100\n|-anim|p1a: Dragapult|Dragon Darts|p2b: Wildfire\n|-damage|p2b: Wildfire|56\/100\n|move|p2b: Wildfire|Flare Blitz|p1a: Dragapult\n|-resisted|p1a: Dragapult\n|-damage|p1a: Dragapult|65\/100\n|-damage|p2b: Wildfire|46\/100|[from] Recoil\n|\n|upkeep\n|turn|4\n|inactive|haburasigosi has 30 seconds left.\n|inactive|haburasigosi has 20 seconds left.\n|inactive|haburasigosi has 15 seconds left.\n|\n|t:|1683026587\n|move|p2b: Wildfire|Extreme Speed|p1b: Coalossal\n|-resisted|p1b: Coalossal\n|-damage|p1b: Coalossal|0 fnt\n|faint|p1b: Coalossal\n|move|p2a: Iron Moth|Heat Wave|p1a: Dragapult\n|-resisted|p1a: Dragapult\n|-damage|p1a: Dragapult|34\/100\n|move|p1a: Dragapult|Dragon Darts|p2a: Iron Moth\n|-damage|p2a: Iron Moth|0 fnt\n|-anim|p1a: Dragapult|Dragon Darts|p2b: Wildfire\n|-damage|p2b: Wildfire|3\/100\n|faint|p2a: Iron Moth\n|-end|p2a: Iron Moth|Quark Drive|[silent]\n|\n|upkeep\n|\n|t:|1683026602\n|switch|p2a: Dragonite|Dragonite, L50, M|36\/100\n|switch|p1b: Scizor|Scizor, L50, F|100\/100\n|turn|5\n|\n|t:|1683026624\n|-terastallize|p2a: Dragonite|Flying\n|move|p2b: Wildfire|Extreme Speed|p1b: Scizor\n|-resisted|p1b: Scizor\n|-damage|p1b: Scizor|88\/100\n|move|p1b: Scizor|Bullet Punch|p2b: Wildfire\n|-resisted|p2b: Wildfire\n|-damage|p2b: Wildfire|0 fnt\n|faint|p2b: Wildfire\n|move|p1a: Dragapult|Dragon Darts|p2a: Dragonite\n|-damage|p2a: Dragonite|0 fnt\n|faint|p2a: Dragonite\n|\n|win|ChiangWu\n|raw|ChiangWu's rating: 1597 → 1619<\/strong> (+22 for winning)\n|raw|haburasigosi's rating: 1628 → 1606<\/strong> (-22 for losing)\n","uploadtime":1683026647,"views":14,"p1id":"chiangwu","p2id":"haburasigosi","formatid":"gen9vgc2023regulationc","rating":1606,"private":0,"password":""}