{"id":"gen9vgc2023regulationc-1856979380","p1":"darrybest","p2":"Tears tears","format":"[Gen 9] VGC 2023 Regulation C","log":"|j|\u2606darrybest\n|j|\u2606Tears tears\n|t:|1683132920\n|gametype|doubles\n|player|p1|darrybest|1|1130\n|player|p2|Tears tears|steven|1156\n|teamsize|p1|6\n|teamsize|p2|6\n|gen|9\n|tier|[Gen 9] VGC 2023 Regulation C\n|rated|\n|rule|Species Clause: Limit one of each Pok\u00e9mon\n|rule|Item Clause: Limit one of each item\n|clearpoke\n|poke|p1|Wo-Chien, L50|\n|poke|p1|Annihilape, L50, F|\n|poke|p1|Corviknight, L50, M|\n|poke|p1|Iron Moth, L50|\n|poke|p1|Grimmsnarl, L50, M|\n|poke|p1|Glimmora, L50, F|\n|poke|p2|Espathra, L50, M|\n|poke|p2|Garchomp, L50, F|\n|poke|p2|Kilowattrel, L50, F|\n|poke|p2|Palafin, L50, M|\n|poke|p2|Chien-Pao, L50|\n|poke|p2|Arcanine, L50, M|\n|teampreview|4\n|inactive|Battle timer is ON: inactive players will automatically lose when time's up. (requested by darrybest)\n|\n|t:|1683132942\n|start\n|switch|p1a: Grimmsnarl|Grimmsnarl, L50, M, shiny|100\/100\n|switch|p1b: Glimmora|Glimmora, L50, F|100\/100\n|switch|p2a: Palafin|Palafin, L50, M|100\/100\n|switch|p2b: Garchomp|Garchomp, L50, F|100\/100\n|turn|1\n|\n|t:|1683132961\n|-terastallize|p1b: Glimmora|Grass\n|move|p2a: Palafin|Jet Punch|p1b: Glimmora\n|-resisted|p1b: Glimmora\n|-damage|p1b: Glimmora|91\/100\n|-damage|p2a: Palafin|84\/100|[from] item: Rocky Helmet|[of] p1b: Glimmora\n|-activate|p1b: Glimmora|ability: Toxic Debris\n|-sidestart|p2: Tears tears|move: Toxic Spikes\n|move|p1a: Grimmsnarl|Reflect|p1a: Grimmsnarl\n|-sidestart|p1: darrybest|Reflect\n|move|p2b: Garchomp|Earthquake|p1a: Grimmsnarl|[spread] p2a,p1a,p1b\n|-crit|p1a: Grimmsnarl\n|-resisted|p1b: Glimmora\n|-damage|p2a: Palafin|44\/100\n|-damage|p1a: Grimmsnarl|29\/100\n|-damage|p1b: Glimmora|80\/100\n|-activate|p1b: Glimmora|ability: Toxic Debris\n|-sidestart|p2: Tears tears|move: Toxic Spikes\n|move|p1b: Glimmora|Stealth Rock|p2a: Palafin\n|-sidestart|p2: Tears tears|move: Stealth Rock\n|\n|upkeep\n|turn|2\n|inactive|darrybest has 30 seconds left.\n|inactive|Tears tears has 30 seconds left.\n|\n|t:|1683132987\n|detailschange|p2a: Palafin|Palafin-Hero, L50, M\n|switch|p2a: Arcanine|Arcanine, L50, M|100\/100\n|-status|p2a: Arcanine|tox\n|-damage|p2a: Arcanine|75\/100 tox|[from] Stealth Rock\n|-ability|p2a: Arcanine|Intimidate|boost\n|-unboost|p1a: Grimmsnarl|atk|1\n|-unboost|p1b: Glimmora|atk|1\n|move|p1a: Grimmsnarl|Light Screen|p1a: Grimmsnarl\n|-sidestart|p1: darrybest|move: Light Screen\n|move|p2b: Garchomp|Rock Slide|p1a: Grimmsnarl|[spread] p1a,p1b\n|-damage|p1a: Grimmsnarl|13\/100\n|-damage|p1b: Glimmora|69\/100\n|cant|p1b: Glimmora|flinch\n|\n|-damage|p2a: Arcanine|70\/100 tox|[from] psn\n|upkeep\n|turn|3\n|\n|t:|1683133004\n|move|p1b: Glimmora|Spiky Shield|p1b: Glimmora\n|-singleturn|p1b: Glimmora|move: Protect\n|move|p2a: Arcanine|Extreme Speed|p1a: Grimmsnarl\n|-damage|p1a: Grimmsnarl|0 fnt\n|faint|p1a: Grimmsnarl\n|move|p2b: Garchomp|Rock Slide|p1b: Glimmora\n|-activate|p1b: Glimmora|move: Protect\n|\n|-damage|p2a: Arcanine|58\/100 tox|[from] psn\n|upkeep\n|\n|t:|1683133017\n|switch|p1a: Wo-Chien|Wo-Chien, L50|100\/100\n|-ability|p1a: Wo-Chien|Tablets of Ruin\n|turn|4\n|\n|t:|1683133034\n|move|p2b: Garchomp|Iron Head|p1a: Wo-Chien\n|-damage|p1a: Wo-Chien|88\/100\n|move|p2a: Arcanine|Will-O-Wisp|p1a: Wo-Chien|[miss]\n|-miss|p2a: Arcanine|p1a: Wo-Chien\n|move|p1b: Glimmora|Power Gem|p2a: Arcanine\n|-supereffective|p2a: Arcanine\n|-damage|p2a: Arcanine|0 fnt\n|faint|p2a: Arcanine\n|move|p1a: Wo-Chien|Leech Seed|p2b: Garchomp\n|-start|p2b: Garchomp|move: Leech Seed\n|\n|-damage|p2b: Garchomp|88\/100|[from] Leech Seed|[of] p1a: Wo-Chien\n|-heal|p1a: Wo-Chien|100\/100|[silent]\n|upkeep\n|\n|t:|1683133040\n|switch|p2a: Palafin|Palafin-Hero, L50, M|44\/100\n|-status|p2a: Palafin|tox\n|-damage|p2a: Palafin|32\/100 tox|[from] Stealth Rock\n|-activate|p2a: Palafin|ability: Zero to Hero\n|turn|5\n|\n|t:|1683133058\n|switch|p1b: Corviknight|Corviknight, L50, M, shiny|100\/100\n|move|p2b: Garchomp|Iron Head|p1a: Wo-Chien\n|-damage|p1a: Wo-Chien|89\/100\n|move|p2a: Palafin|Ice Punch|p1a: Wo-Chien\n|-supereffective|p1a: Wo-Chien\n|-damage|p1a: Wo-Chien|57\/100\n|move|p1a: Wo-Chien|Leech Seed|p2a: Palafin|[miss]\n|-miss|p1a: Wo-Chien|p2a: Palafin\n|\n|-heal|p2b: Garchomp|94\/100|[from] item: Leftovers\n|-damage|p2b: Garchomp|82\/100|[from] Leech Seed|[of] p1a: Wo-Chien\n|-heal|p1a: Wo-Chien|74\/100|[silent]\n|-damage|p2a: Palafin|27\/100 tox|[from] psn\n|upkeep\n|turn|6\n|\n|t:|1683133072\n|move|p1a: Wo-Chien|Protect|p1a: Wo-Chien\n|-singleturn|p1a: Wo-Chien|Protect\n|move|p2b: Garchomp|Rock Slide|p1a: Wo-Chien|[spread] p1b\n|-activate|p1a: Wo-Chien|move: Protect\n|-damage|p1b: Corviknight|93\/100\n|move|p2a: Palafin|Ice Punch|p1a: Wo-Chien\n|-activate|p1a: Wo-Chien|move: Protect\n|move|p1b: Corviknight|Tailwind|p1b: Corviknight\n|-sidestart|p1: darrybest|move: Tailwind\n|\n|-heal|p2b: Garchomp|88\/100|[from] item: Leftovers\n|-damage|p2b: Garchomp|76\/100|[from] Leech Seed|[of] p1a: Wo-Chien\n|-heal|p1a: Wo-Chien|92\/100|[silent]\n|-damage|p2a: Palafin|15\/100 tox|[from] psn\n|upkeep\n|turn|7\n|-message|Tears tears forfeited.\n|\n|win|darrybest\n|raw|darrybest's rating: 1130 → 1157<\/strong> (+27 for winning)\n|raw|Tears tears's rating: 1156 → 1129<\/strong> (-27 for losing)\n|l|\u2606Tears tears\n","uploadtime":1683133093,"views":17,"p1id":"darrybest","p2id":"tearstears","formatid":"gen9vgc2023regulationc","rating":1129,"private":0,"password":""}