{"id":"gen9vgc2023regulationc-1859785571","p1":"Arcacagne","p2":"joelvgc","format":"[Gen 9] VGC 2023 Regulation C","log":"|j|\u2606Arcacagne\n|j|\u2606joelvgc\n|t:|1683564385\n|gametype|doubles\n|player|p1|Arcacagne|101|1231\n|player|p2|joelvgc|1|1226\n|teamsize|p1|6\n|teamsize|p2|6\n|gen|9\n|tier|[Gen 9] VGC 2023 Regulation C\n|rated|\n|rule|Species Clause: Limit one of each Pok\u00e9mon\n|rule|Item Clause: Limit one of each item\n|clearpoke\n|poke|p1|Chi-Yu, L50|\n|poke|p1|Flutter Mane, L50|\n|poke|p1|Amoonguss, L50, F|\n|poke|p1|Palafin, L50, F|\n|poke|p1|Kingambit, L50, F|\n|poke|p1|Arcanine, L50, M|\n|poke|p2|Wo-Chien, L50|\n|poke|p2|Tyranitar, L50, F|\n|poke|p2|Lycanroc, L50, F|\n|poke|p2|Flutter Mane, L50|\n|poke|p2|Gastrodon, L50, F|\n|poke|p2|Chi-Yu, L50|\n|teampreview|4\n|\n|t:|1683564439\n|start\n|switch|p1a: Chi-Yu|Chi-Yu, L50|100\/100\n|switch|p1b: Amoonguss|Amoonguss, L50, F|100\/100\n|switch|p2a: Tyranitar|Tyranitar, L50, F|100\/100\n|switch|p2b: Lycanroc|Lycanroc, L50, F|100\/100\n|-ability|p1a: Chi-Yu|Beads of Ruin\n|-weather|Sandstorm|[from] ability: Sand Stream|[of] p2a: Tyranitar\n|turn|1\n|inactive|Battle timer is ON: inactive players will automatically lose when time's up. (requested by Arcacagne)\n|\n|t:|1683564463\n|move|p1a: Chi-Yu|Protect|p1a: Chi-Yu\n|-singleturn|p1a: Chi-Yu|Protect\n|move|p2b: Lycanroc|Rock Slide|p1b: Amoonguss|[spread] p1b\n|-activate|p1a: Chi-Yu|move: Protect\n|-damage|p1b: Amoonguss|79\/100\n|move|p2a: Tyranitar|Assurance|p1b: Amoonguss\n|-damage|p1b: Amoonguss|15\/100\n|-enditem|p1b: Amoonguss|Sitrus Berry|[eat]\n|-heal|p1b: Amoonguss|40\/100|[from] item: Sitrus Berry\n|move|p1b: Amoonguss|Spore|p2b: Lycanroc\n|-status|p2b: Lycanroc|slp|[from] move: Spore\n|\n|-weather|Sandstorm|[upkeep]\n|-damage|p1b: Amoonguss|34\/100|[from] Sandstorm\n|upkeep\n|turn|2\n|\n|t:|1683564483\n|switch|p1b: Kingambit|Kingambit, L50, F|100\/100\n|-terastallize|p1a: Chi-Yu|Water\n|cant|p2b: Lycanroc|slp\n|move|p1a: Chi-Yu|Nasty Plot|p1a: Chi-Yu\n|-boost|p1a: Chi-Yu|spa|2\n|move|p2a: Tyranitar|Rock Slide|p1a: Chi-Yu|[spread] p1a,p1b\n|-resisted|p1b: Kingambit\n|-damage|p1a: Chi-Yu|54\/100\n|-damage|p1b: Kingambit|89\/100\n|\n|-weather|Sandstorm|[upkeep]\n|upkeep\n|turn|3\n|inactive|Arcacagne has 30 seconds left.\n|inactive|joelvgc has 30 seconds left.\n|\n|t:|1683564517\n|switch|p2b: Gastrodon|Gastrodon, L50, F|100\/100\n|-terastallize|p2a: Tyranitar|Flying\n|move|p1a: Chi-Yu|Dark Pulse|p2b: Gastrodon\n|-damage|p2b: Gastrodon|40\/100\n|-enditem|p2b: Gastrodon|Sitrus Berry|[eat]\n|-heal|p2b: Gastrodon|65\/100|[from] item: Sitrus Berry\n|move|p2a: Tyranitar|Tera Blast|p1a: Chi-Yu\n|-damage|p1a: Chi-Yu|0 fnt\n|faint|p1a: Chi-Yu\n|move|p1b: Kingambit|Iron Head|p2b: Gastrodon\n|-resisted|p2b: Gastrodon\n|-damage|p2b: Gastrodon|39\/100\n|\n|-weather|Sandstorm|[upkeep]\n|-damage|p2a: Tyranitar|95\/100|[from] Sandstorm\n|upkeep\n|\n|t:|1683564537\n|switch|p1a: Flutter Mane|Flutter Mane, L50|100\/100\n|-enditem|p1a: Flutter Mane|Booster Energy\n|-activate|p1a: Flutter Mane|ability: Protosynthesis|[fromitem]\n|-start|p1a: Flutter Mane|protosynthesisspa\n|turn|4\n|\n|t:|1683564554\n|move|p1a: Flutter Mane|Substitute|p1a: Flutter Mane\n|-start|p1a: Flutter Mane|Substitute\n|-damage|p1a: Flutter Mane|76\/100\n|move|p2a: Tyranitar|Low Kick|p1b: Kingambit\n|-supereffective|p1b: Kingambit\n|-crit|p1b: Kingambit\n|-damage|p1b: Kingambit|0 fnt\n|faint|p1b: Kingambit\n|move|p2b: Gastrodon|Recover|p2b: Gastrodon\n|-heal|p2b: Gastrodon|89\/100\n|\n|-weather|Sandstorm|[upkeep]\n|-damage|p1a: Flutter Mane|69\/100|[from] Sandstorm\n|-damage|p2a: Tyranitar|89\/100|[from] Sandstorm\n|upkeep\n|\n|t:|1683564565\n|switch|p1b: Amoonguss|Amoonguss, L50, F|67\/100\n|turn|5\n|\n|t:|1683564578\n|move|p1b: Amoonguss|Protect|p1b: Amoonguss\n|-singleturn|p1b: Amoonguss|Protect\n|move|p1a: Flutter Mane|Moonblast|p2a: Tyranitar\n|-damage|p2a: Tyranitar|56\/100\n|move|p2a: Tyranitar|Tera Blast|p1b: Amoonguss\n|-activate|p1b: Amoonguss|move: Protect\n|move|p2b: Gastrodon|Earth Power|p1b: Amoonguss\n|-activate|p1b: Amoonguss|move: Protect\n|\n|-weather|none\n|upkeep\n|turn|6\n|\n|t:|1683564598\n|move|p1a: Flutter Mane|Moonblast|p2a: Tyranitar\n|-damage|p2a: Tyranitar|22\/100\n|move|p2a: Tyranitar|Tera Blast|p1b: Amoonguss\n|-supereffective|p1b: Amoonguss\n|-damage|p1b: Amoonguss|0 fnt\n|faint|p1b: Amoonguss\n|move|p2b: Gastrodon|Earth Power|p1a: Flutter Mane\n|-end|p1a: Flutter Mane|Substitute\n|\n|upkeep\n|turn|7\n|inactive|joelvgc has 30 seconds left.\n|\n|t:|1683564629\n|move|p1a: Flutter Mane|Moonblast|p2a: Tyranitar\n|-damage|p2a: Tyranitar|0 fnt\n|faint|p2a: Tyranitar\n|move|p2b: Gastrodon|Earth Power|p1a: Flutter Mane\n|-damage|p1a: Flutter Mane|46\/100\n|\n|upkeep\n|\n|t:|1683564637\n|switch|p2a: Wo-Chien|Wo-Chien, L50|100\/100\n|-ability|p2a: Wo-Chien|Tablets of Ruin\n|turn|8\n|\n|t:|1683564647\n|move|p1a: Flutter Mane|Substitute|p1a: Flutter Mane\n|-start|p1a: Flutter Mane|Substitute\n|-damage|p1a: Flutter Mane|22\/100\n|move|p2a: Wo-Chien|Foul Play|p1a: Flutter Mane\n|-activate|p1a: Flutter Mane|move: Substitute|[damage]\n|move|p2b: Gastrodon|Earth Power|p1a: Flutter Mane\n|-end|p1a: Flutter Mane|Substitute\n|\n|upkeep\n|turn|9\n|inactive|joelvgc has 30 seconds left.\n|inactive|joelvgc has 20 seconds left.\n|\n|t:|1683564686\n|move|p1a: Flutter Mane|Moonblast|p2a: Wo-Chien\n|-supereffective|p2a: Wo-Chien\n|-damage|p2a: Wo-Chien|40\/100\n|-unboost|p2a: Wo-Chien|spa|1\n|move|p2a: Wo-Chien|Foul Play|p1a: Flutter Mane\n|-damage|p1a: Flutter Mane|1\/100\n|move|p2b: Gastrodon|Earth Power|p1a: Flutter Mane\n|-damage|p1a: Flutter Mane|0 fnt\n|faint|p1a: Flutter Mane\n|-end|p1a: Flutter Mane|Protosynthesis|[silent]\n|\n|win|joelvgc\n|raw|Arcacagne's rating: 1231 → 1206<\/strong> (-25 for losing)\n|raw|joelvgc's rating: 1226 → 1251<\/strong> (+25 for winning)\n","uploadtime":1683564698,"views":10,"p1id":"arcacagne","p2id":"joelvgc","formatid":"gen9vgc2023regulationc","rating":1206,"private":0,"password":""}