{"id":"gen9vgc2023regulationc-1855670157","p1":"JumpluffGoodCopium","p2":"Igetnotrout","format":"[Gen 9] VGC 2023 Regulation C","log":"|j|\u2606JumpluffGoodCopium\n|j|\u2606Igetnotrout\n|t:|1682971655\n|gametype|doubles\n|player|p1|JumpluffGoodCopium|dawn-gen4pt|1106\n|player|p2|Igetnotrout|fisherman|1142\n|teamsize|p1|6\n|teamsize|p2|6\n|gen|9\n|tier|[Gen 9] VGC 2023 Regulation C\n|rated|\n|rule|Species Clause: Limit one of each Pok\u00e9mon\n|rule|Item Clause: Limit one of each item\n|clearpoke\n|poke|p1|Jumpluff, L50, F|\n|poke|p1|Torkoal, L50, F|\n|poke|p1|Flutter Mane, L50|\n|poke|p1|Amoonguss, L50, M|\n|poke|p1|Garganacl, L50, M|\n|poke|p1|Chi-Yu, L50|\n|poke|p2|Dachsbun, L50, M|\n|poke|p2|Chi-Yu, L50|\n|poke|p2|Iron Bundle, L50|\n|poke|p2|Armarouge, L50, M|\n|poke|p2|Indeedee-F, L50, F|\n|poke|p2|Flutter Mane, L50|\n|teampreview|4\n|inactive|Battle timer is ON: inactive players will automatically lose when time's up. (requested by Igetnotrout)\n|\n|t:|1682971672\n|start\n|switch|p1a: Flutter Mane|Flutter Mane, L50|100\/100\n|switch|p1b: Garganacl|Garganacl, L50, M|100\/100\n|switch|p2a: Chi-Yu|Chi-Yu, L50|100\/100\n|switch|p2b: Dachsbun|Dachsbun, L50, M|100\/100\n|-ability|p2a: Chi-Yu|Beads of Ruin\n|-enditem|p1a: Flutter Mane|Booster Energy\n|-activate|p1a: Flutter Mane|ability: Protosynthesis|[fromitem]\n|-start|p1a: Flutter Mane|protosynthesisspa\n|turn|1\n|\n|t:|1682971693\n|-terastallize|p2a: Chi-Yu|Bug\n|move|p2a: Chi-Yu|Lava Plume|p1a: Flutter Mane|[spread] p1a,p1b\n|-ability|p2b: Dachsbun|Well-Baked Body|boost\n|-boost|p2b: Dachsbun|def|2\n|-resisted|p1b: Garganacl\n|-damage|p1a: Flutter Mane|57\/100\n|-damage|p1b: Garganacl|79\/100\n|-status|p1a: Flutter Mane|brn\n|move|p1a: Flutter Mane|Moonblast|p2b: Dachsbun\n|-damage|p2b: Dachsbun|19\/100\n|move|p2b: Dachsbun|Body Press|p1b: Garganacl\n|-supereffective|p1b: Garganacl\n|-damage|p1b: Garganacl|35\/100\n|move|p1b: Garganacl|Salt Cure|p2a: Chi-Yu\n|-supereffective|p2a: Chi-Yu\n|-damage|p2a: Chi-Yu|54\/100\n|-start|p2a: Chi-Yu|Salt Cure\n|\n|-heal|p1b: Garganacl|41\/100|[from] item: Leftovers\n|-damage|p1a: Flutter Mane|50\/100 brn|[from] brn\n|-damage|p2a: Chi-Yu|42\/100|[from] Salt Cure\n|upkeep\n|turn|2\n|inactive|JumpluffGoodCopium has 30 seconds left.\n|inactive|Igetnotrout has 30 seconds left.\n|\n|t:|1682971722\n|move|p1b: Garganacl|Wide Guard|p1b: Garganacl\n|-singleturn|p1b: Garganacl|Wide Guard\n|move|p2a: Chi-Yu|Lava Plume|p1b: Garganacl|[spread] \n|-activate|p1a: Flutter Mane|move: Wide Guard\n|-activate|p1b: Garganacl|move: Wide Guard\n|-ability|p2b: Dachsbun|Well-Baked Body|boost\n|-boost|p2b: Dachsbun|def|2\n|move|p1a: Flutter Mane|Moonblast|p2b: Dachsbun\n|-damage|p2b: Dachsbun|0 fnt\n|faint|p2b: Dachsbun\n|\n|-heal|p1b: Garganacl|46\/100|[from] item: Leftovers\n|-damage|p1a: Flutter Mane|44\/100 brn|[from] brn\n|-damage|p2a: Chi-Yu|30\/100|[from] Salt Cure\n|upkeep\n|\n|t:|1682971737\n|switch|p2b: Armarouge|Armarouge, L50, M|100\/100\n|turn|3\n|\n|t:|1682971746\n|switch|p2a: Indeedee|Indeedee-F, L50, F|100\/100\n|-fieldstart|move: Psychic Terrain|[from] ability: Psychic Surge|[of] p2a: Indeedee\n|-enditem|p2a: Indeedee|Psychic Seed\n|-boost|p2a: Indeedee|spd|1|[from] item: Psychic Seed\n|move|p1b: Garganacl|Wide Guard|p1b: Garganacl\n|-singleturn|p1b: Garganacl|Wide Guard\n|move|p1a: Flutter Mane|Substitute|p1a: Flutter Mane\n|-start|p1a: Flutter Mane|Substitute\n|-damage|p1a: Flutter Mane|20\/100 brn\n|move|p2b: Armarouge|Expanding Force|p1a: Flutter Mane|[spread] \n|-activate|p1a: Flutter Mane|move: Wide Guard\n|-activate|p1b: Garganacl|move: Wide Guard\n|\n|-heal|p1b: Garganacl|52\/100|[from] item: Leftovers\n|-damage|p1a: Flutter Mane|14\/100 brn|[from] brn\n|upkeep\n|turn|4\n|\n|t:|1682971762\n|switch|p2b: Chi-Yu|Chi-Yu, L50, tera:Bug|30\/100\n|-ability|p2b: Chi-Yu|Beads of Ruin\n|move|p2a: Indeedee|Follow Me|p2a: Indeedee\n|-singleturn|p2a: Indeedee|move: Follow Me\n|move|p1a: Flutter Mane|Hex|p2a: Indeedee\n|-immune|p2a: Indeedee\n|move|p1b: Garganacl|Salt Cure|p2a: Indeedee\n|-damage|p2a: Indeedee|83\/100\n|-start|p2a: Indeedee|Salt Cure\n|\n|-heal|p1b: Garganacl|58\/100|[from] item: Leftovers\n|-damage|p1a: Flutter Mane|7\/100 brn|[from] brn\n|-damage|p2a: Indeedee|71\/100|[from] Salt Cure\n|upkeep\n|turn|5\n|\n|t:|1682971786\n|switch|p2b: Armarouge|Armarouge, L50, M|100\/100\n|move|p2a: Indeedee|Follow Me|p2a: Indeedee\n|-singleturn|p2a: Indeedee|move: Follow Me\n|move|p1a: Flutter Mane|Moonblast|p2a: Indeedee\n|-damage|p2a: Indeedee|15\/100\n|move|p1b: Garganacl|Recover|p1b: Garganacl\n|-heal|p1b: Garganacl|100\/100\n|\n|-damage|p1a: Flutter Mane|1\/100 brn|[from] brn\n|-damage|p2a: Indeedee|3\/100|[from] Salt Cure\n|upkeep\n|turn|6\n|\n|t:|1682971806\n|move|p2a: Indeedee|Follow Me|p2a: Indeedee\n|-singleturn|p2a: Indeedee|move: Follow Me\n|move|p1a: Flutter Mane|Moonblast|p2a: Indeedee\n|-damage|p2a: Indeedee|0 fnt\n|faint|p2a: Indeedee\n|move|p2b: Armarouge|Shadow Ball|p1b: Garganacl\n|-damage|p1b: Garganacl|84\/100\n|-unboost|p1b: Garganacl|spd|1\n|-damage|p2b: Armarouge|90\/100|[from] item: Life Orb\n|move|p1b: Garganacl|Salt Cure|p2b: Armarouge\n|-supereffective|p2b: Armarouge\n|-damage|p2b: Armarouge|59\/100\n|-start|p2b: Armarouge|Salt Cure\n|-ability|p2b: Armarouge|Weak Armor|boost\n|-unboost|p2b: Armarouge|def|1\n|-boost|p2b: Armarouge|spe|2\n|\n|-heal|p1b: Garganacl|89\/100|[from] item: Leftovers\n|-damage|p1a: Flutter Mane|0 fnt|[from] brn\n|faint|p1a: Flutter Mane\n|-end|p1a: Flutter Mane|Protosynthesis|[silent]\n|-damage|p2b: Armarouge|47\/100|[from] Salt Cure\n|upkeep\n|\n|t:|1682971827\n|switch|p1a: Chi-Yu|Chi-Yu, L50|100\/100\n|switch|p2a: Chi-Yu|Chi-Yu, L50, tera:Bug|30\/100\n|-ability|p2a: Chi-Yu|Beads of Ruin\n|-ability|p1a: Chi-Yu|Beads of Ruin\n|turn|7\n|\n|t:|1682971840\n|move|p2b: Armarouge|Shadow Ball|p1a: Chi-Yu\n|-resisted|p1a: Chi-Yu\n|-damage|p1a: Chi-Yu|81\/100\n|-damage|p2b: Armarouge|37\/100|[from] item: Life Orb\n|move|p2a: Chi-Yu|Dark Pulse|p1b: Garganacl\n|-damage|p1b: Garganacl|5\/100\n|move|p1a: Chi-Yu|Dark Pulse|p2b: Armarouge\n|-supereffective|p2b: Armarouge\n|-damage|p2b: Armarouge|0 fnt\n|faint|p2b: Armarouge\n|cant|p1b: Garganacl|flinch\n|\n|-heal|p1b: Garganacl|11\/100|[from] item: Leftovers\n|-fieldend|move: Psychic Terrain\n|upkeep\n|turn|8\n|\n|t:|1682971857\n|move|p2a: Chi-Yu|Dark Pulse|p1b: Garganacl\n|-damage|p1b: Garganacl|0 fnt\n|faint|p1b: Garganacl\n|move|p1a: Chi-Yu|Dark Pulse|p2a: Chi-Yu\n|-damage|p2a: Chi-Yu|0 fnt\n|faint|p2a: Chi-Yu\n|\n|win|JumpluffGoodCopium\n|raw|JumpluffGoodCopium's rating: 1106 → 1134<\/strong> (+28 for winning)\n|raw|Igetnotrout's rating: 1142 → 1114<\/strong> (-28 for losing)\n|l|\u2606Igetnotrout\n","uploadtime":1682971868,"views":15,"p1id":"jumpluffgoodcopium","p2id":"igetnotrout","formatid":"gen9vgc2023regulationc","rating":1114,"private":0,"password":""}