{"id":"gen9vgc2023regulationc-1863748937","p1":"Shadow Akumo","p2":"BlazeBreaker439","format":"[Gen 9] VGC 2023 Regulation C","log":"|j|\u2606Shadow Akumo\n|j|\u2606BlazeBreaker439\n|t:|1684071574\n|gametype|doubles\n|player|p1|Shadow Akumo|giovanni|1000\n|player|p2|BlazeBreaker439|169|1061\n|teamsize|p1|6\n|teamsize|p2|6\n|gen|9\n|tier|[Gen 9] VGC 2023 Regulation C\n|rated|\n|rule|Species Clause: Limit one of each Pok\u00e9mon\n|rule|Item Clause: Limit one of each item\n|clearpoke\n|poke|p1|Brambleghast, L50, M|\n|poke|p1|Jumpluff, L50, M|\n|poke|p1|Flutter Mane, L50|\n|poke|p1|Iron Hands, L50|\n|poke|p1|Maushold-Four, L50|\n|poke|p1|Mabosstiff, L50, F|\n|poke|p2|Iron Hands, L50|\n|poke|p2|Flamigo, L50, M|\n|poke|p2|Gholdengo, L50|\n|poke|p2|Murkrow, L50, F|\n|poke|p2|Garganacl, L50, M|\n|poke|p2|Amoonguss, L50, M|\n|teampreview|4\n|\n|t:|1684071592\n|start\n|switch|p1a: Brambleghast|Brambleghast, L50, M|100\/100\n|switch|p1b: Jumpluff|Jumpluff, L50, M|100\/100\n|switch|p2a: Iron Hands|Iron Hands, L50|100\/100\n|switch|p2b: Murkrow|Murkrow, L50, F|100\/100\n|turn|1\n|\n|t:|1684071604\n|move|p2b: Murkrow|Tailwind|p2b: Murkrow\n|-sidestart|p2: BlazeBreaker439|move: Tailwind\n|move|p1b: Jumpluff|Tailwind|p1b: Jumpluff\n|-sidestart|p1: Shadow Akumo|move: Tailwind\n|-ability|p1a: Brambleghast|Wind Rider|boost\n|-boost|p1a: Brambleghast|atk|1\n|move|p1a: Brambleghast|Power Whip|p2a: Iron Hands|[miss]\n|-miss|p1a: Brambleghast|p2a: Iron Hands\n|move|p2a: Iron Hands|Belly Drum|p2a: Iron Hands\n|-damage|p2a: Iron Hands|50\/100\n|-setboost|p2a: Iron Hands|atk|6|[from] move: Belly Drum\n|-enditem|p2a: Iron Hands|Sitrus Berry|[eat]\n|-heal|p2a: Iron Hands|75\/100|[from] item: Sitrus Berry\n|\n|upkeep\n|turn|2\n|\n|t:|1684071637\n|switch|p2b: Flamigo|Flamigo, L50, M|100\/100\n|-copyboost|p2b: Flamigo|p2a: Iron Hands|[from] ability: Costar\n|move|p1b: Jumpluff|Rage Powder|p1b: Jumpluff\n|-singleturn|p1b: Jumpluff|move: Rage Powder\n|move|p1a: Brambleghast|Power Whip|p2a: Iron Hands\n|-damage|p2a: Iron Hands|0 fnt\n|faint|p2a: Iron Hands\n|-end|p2a: Iron Hands|Quark Drive|[silent]\n|\n|upkeep\n|c|\u2606BlazeBreaker439|wtf\n|\n|t:|1684071649\n|switch|p2a: Gholdengo|Gholdengo, L50|100\/100\n|turn|3\n|\n|t:|1684071666\n|-terastallize|p2a: Gholdengo|Steel\n|move|p1b: Jumpluff|Rage Powder|p1b: Jumpluff\n|-singleturn|p1b: Jumpluff|move: Rage Powder\n|move|p2b: Flamigo|Brave Bird|p1b: Jumpluff\n|-supereffective|p1b: Jumpluff\n|-damage|p1b: Jumpluff|0 fnt\n|faint|p1b: Jumpluff\n|-damage|p2b: Flamigo|63\/100|[from] Recoil\n|-damage|p2b: Flamigo|53\/100|[from] item: Life Orb\n|move|p1a: Brambleghast|Power Whip|p2b: Flamigo\n|-resisted|p2b: Flamigo\n|-crit|p2b: Flamigo\n|-damage|p2b: Flamigo|0 fnt\n|faint|p2b: Flamigo\n|move|p2a: Gholdengo|Make It Rain|p1a: Brambleghast\n|-damage|p1a: Brambleghast|0 fnt\n|-unboost|p2a: Gholdengo|spa|1\n|faint|p1a: Brambleghast\n|\n|upkeep\n|c|\u2606BlazeBreaker439|Im gonna win\n|c|\u2606BlazeBreaker439|crit mattred\n|\n|t:|1684071685\n|switch|p1b: Flutter Mane|Flutter Mane, L50|100\/100\n|switch|p2b: Murkrow|Murkrow, L50, F|100\/100\n|switch|p1a: Mabosstiff|Mabosstiff, L50, F|100\/100\n|-ability|p1a: Mabosstiff|Intimidate|boost\n|-unboost|p2a: Gholdengo|atk|1\n|-unboost|p2b: Murkrow|atk|1\n|turn|4\n|c|\u2606Shadow Akumo|Crit did not matter.\n|c|\u2606BlazeBreaker439|yes it did\n|c|\u2606Shadow Akumo|It did not.\n|c|\u2606BlazeBreaker439|it resisted\n|c|\u2606Shadow Akumo|My Bramble was +1 banded\n|c|\u2606BlazeBreaker439|then it mattered\n|c|\u2606Shadow Akumo|You're a fucking moron\n|c|\u2606BlazeBreaker439|bro dont swear\n|\n|t:|1684071734\n|move|p1b: Flutter Mane|Protect|p1b: Flutter Mane\n|-singleturn|p1b: Flutter Mane|Protect\n|move|p2b: Murkrow|Haze|p2b: Murkrow\n|-clearallboost\n|move|p2a: Gholdengo|Make It Rain|p1b: Flutter Mane|[spread] p1a\n|-activate|p1b: Flutter Mane|move: Protect\n|-damage|p1a: Mabosstiff|59\/100\n|-unboost|p2a: Gholdengo|spa|1\n|move|p1a: Mabosstiff|Snarl|p2a: Gholdengo|[spread] p2a,p2b\n|-resisted|p2b: Murkrow\n|-damage|p2a: Gholdengo|91\/100\n|-damage|p2b: Murkrow|95\/100\n|-unboost|p2a: Gholdengo|spa|1\n|-unboost|p2b: Murkrow|spa|1\n|\n|-sideend|p2: BlazeBreaker439|move: Tailwind\n|-sideend|p1: Shadow Akumo|move: Tailwind\n|upkeep\n|turn|5\n|\n|t:|1684071759\n|-terastallize|p1b: Flutter Mane|Fire\n|move|p2b: Murkrow|Haze|p2b: Murkrow\n|-clearallboost\n|move|p1b: Flutter Mane|Mystical Fire|p2a: Gholdengo\n|-supereffective|p2a: Gholdengo\n|-damage|p2a: Gholdengo|1\/100\n|-unboost|p2a: Gholdengo|spa|1\n|move|p2a: Gholdengo|Make It Rain|p1b: Flutter Mane|[spread] p1a,p1b\n|-resisted|p1b: Flutter Mane\n|-damage|p1a: Mabosstiff|31\/100\n|-damage|p1b: Flutter Mane|77\/100\n|-unboost|p2a: Gholdengo|spa|1\n|move|p1a: Mabosstiff|Play Rough|p2b: Murkrow\n|-supereffective|p2b: Murkrow\n|-damage|p2b: Murkrow|46\/100\n|\n|upkeep\n|turn|6\n|\n|t:|1684071797\n|move|p2a: Gholdengo|Protect|p2a: Gholdengo\n|-singleturn|p2a: Gholdengo|Protect\n|move|p2b: Murkrow|Haze|p2b: Murkrow\n|-clearallboost\n|move|p1b: Flutter Mane|Dazzling Gleam|p2a: Gholdengo|[spread] p2b\n|-activate|p2a: Gholdengo|move: Protect\n|-supereffective|p2b: Murkrow\n|-damage|p2b: Murkrow|0 fnt\n|faint|p2b: Murkrow\n|move|p1a: Mabosstiff|Play Rough|p2a: Gholdengo\n|-activate|p2a: Gholdengo|move: Protect\n|\n|upkeep\n|turn|7\n|\n|t:|1684071818\n|move|p1b: Flutter Mane|Mystical Fire|p2a: Gholdengo\n|-supereffective|p2a: Gholdengo\n|-damage|p2a: Gholdengo|0 fnt\n|faint|p2a: Gholdengo\n|\n|win|Shadow Akumo\n|raw|Shadow Akumo's rating: 1000 → 1047<\/strong> (+47 for winning)\n|raw|BlazeBreaker439's rating: 1061 → 1039<\/strong> (-22 for losing)\n","uploadtime":1684071726,"views":12,"p1id":"shadowakumo","p2id":"blazebreaker439","formatid":"gen9vgc2023regulationc","rating":1039,"private":0,"password":""}