{"id":"gen9vgc2023regulationc-1845973144","p1":"hvac goon","p2":"Vulnerarily","format":"[Gen 9] VGC 2023 Regulation C","log":"|j|\u2606hvac goon\n|j|\u2606Vulnerarily\n|t:|1681785787\n|gametype|doubles\n|player|p1|hvac goon|266|1359\n|player|p2|Vulnerarily|2|1344\n|teamsize|p1|6\n|teamsize|p2|6\n|gen|9\n|tier|[Gen 9] VGC 2023 Regulation C\n|rated|\n|rule|Species Clause: Limit one of each Pok\u00e9mon\n|rule|Item Clause: Limit one of each item\n|clearpoke\n|poke|p1|Dondozo, L50, F|\n|poke|p1|Tatsugiri, L50, M|\n|poke|p1|Ting-Lu, L50|\n|poke|p1|Arcanine, L50, M|\n|poke|p1|Chi-Yu, L50|\n|poke|p1|Flutter Mane, L50|\n|poke|p2|Lilligant, L50, F|\n|poke|p2|Torkoal, L50, F|\n|poke|p2|Flutter Mane, L50|\n|poke|p2|Great Tusk, L50|\n|poke|p2|Chien-Pao, L50|\n|poke|p2|Dragonite, L50, F|\n|teampreview|4\n|inactive|Battle timer is ON: inactive players will automatically lose when time's up. (requested by hvac goon)\nVulnerarily has agreed to open team sheets.\n|j| They34\nhvac goon has agreed to open team sheets.\n|\n|t:|1681785817\n|start\n|switch|p1a: Arcanine|Arcanine, L50, M|100\/100\n|switch|p1b: Dondozo|Dondozo, L50, F|100\/100\n|switch|p2a: Torkoal|Torkoal, L50, F|100\/100\n|switch|p2b: Great Tusk|Great Tusk, L50|100\/100\n|-ability|p1a: Arcanine|Intimidate|boost\n|-unboost|p2a: Torkoal|atk|1\n|-unboost|p2b: Great Tusk|atk|1\n|-weather|SunnyDay|[from] ability: Drought|[of] p2a: Torkoal\n|-activate|p2b: Great Tusk|ability: Protosynthesis\n|-start|p2b: Great Tusk|protosynthesisdef\n|turn|1\n|inactive|hvac goon has 30 seconds left.\n|\n|t:|1681785847\n|switch|p1a: Tatsugiri|Tatsugiri, L50, M|100\/100\n|-activate|p1a: Tatsugiri|ability: Commander|[of] p1b: Dondozo\n|-boost|p1b: Dondozo|atk|2\n|-boost|p1b: Dondozo|spa|2\n|-boost|p1b: Dondozo|spe|2\n|-boost|p1b: Dondozo|def|2\n|-boost|p1b: Dondozo|spd|2\n|switch|p2a: Lilligant|Lilligant, L50, F|100\/100\n|move|p2b: Great Tusk|Rock Slide|p1a: Tatsugiri|[spread] p1b\n|-miss|p2b: Great Tusk|p1a: Tatsugiri\n|-damage|p1b: Dondozo|96\/100\n|cant|p1b: Dondozo|flinch\n|\n|-weather|SunnyDay|[upkeep]\n|-heal|p1b: Dondozo|100\/100|[from] item: Leftovers\n|upkeep\n|turn|2\n|\n|t:|1681785870\n|-end|p2b: Great Tusk|Protosynthesis|[silent]\n|switch|p2b: Dragonite|Dragonite, L50, F|100\/100\n|-terastallize|p1b: Dondozo|Grass\n|move|p2a: Lilligant|Sleep Powder|p1b: Dondozo\n|-immune|p1b: Dondozo\n|move|p1b: Dondozo|Wave Crash|p2b: Dragonite\n|-resisted|p2b: Dragonite\n|-damage|p2b: Dragonite|86\/100\n|-damage|p1b: Dondozo|96\/100|[from] Recoil\n|\n|-weather|SunnyDay|[upkeep]\n|-heal|p1b: Dondozo|100\/100|[from] item: Leftovers\n|upkeep\n|turn|3\n|inactive|hvac goon has 30 seconds left.\n|\n|t:|1681785896\n|switch|p2a: Torkoal|Torkoal, L50, F|100\/100\n|-terastallize|p2b: Dragonite|Flying\n|move|p1b: Dondozo|Wave Crash|p2a: Torkoal\n|-supereffective|p2a: Torkoal\n|-damage|p2a: Torkoal|1\/100\n|-damage|p1b: Dondozo|76\/100|[from] Recoil\n|move|p2b: Dragonite|Tera Blast|p1b: Dondozo\n|-supereffective|p1b: Dondozo\n|-damage|p1b: Dondozo|30\/100\n|\n|-weather|SunnyDay|[upkeep]\n|-heal|p1b: Dondozo|36\/100|[from] item: Leftovers\n|upkeep\n|turn|4\n|\n|t:|1681785909\n|move|p1b: Dondozo|Protect|p1b: Dondozo\n|-singleturn|p1b: Dondozo|Protect\n|move|p2a: Torkoal|Protect|p2a: Torkoal\n|-singleturn|p2a: Torkoal|Protect\n|move|p2b: Dragonite|Tailwind|p2b: Dragonite\n|-sidestart|p2: Vulnerarily|move: Tailwind\n|\n|-weather|SunnyDay|[upkeep]\n|-heal|p1b: Dondozo|43\/100|[from] item: Leftovers\n|upkeep\n|turn|5\n|\n|t:|1681785918\n|move|p2b: Dragonite|Tera Blast|p1b: Dondozo\n|-supereffective|p1b: Dondozo\n|-crit|p1b: Dondozo\n|-damage|p1b: Dondozo|0 fnt\n|faint|p1b: Dondozo\n|move|p2a: Torkoal|Earth Power|p1a: Tatsugiri\n|-damage|p1a: Tatsugiri|66\/100\n|\n|-weather|none\n|upkeep\n|\n|t:|1681785929\n|switch|p1b: Arcanine|Arcanine, L50, M|100\/100\n|-ability|p1b: Arcanine|Intimidate|boost\n|-unboost|p2a: Torkoal|atk|1\n|-unboost|p2b: Dragonite|atk|1\n|turn|6\n|\n|t:|1681785948\n|switch|p2a: Great Tusk|Great Tusk, L50|100\/100\n|move|p2b: Dragonite|Extreme Speed|p1a: Tatsugiri\n|-damage|p1a: Tatsugiri|26\/100\n|-enditem|p1a: Tatsugiri|Sitrus Berry|[eat]\n|-heal|p1a: Tatsugiri|51\/100|[from] item: Sitrus Berry\n|move|p1b: Arcanine|Will-O-Wisp|p2b: Dragonite\n|-status|p2b: Dragonite|brn\n|-enditem|p2b: Dragonite|Lum Berry|[eat]\n|-curestatus|p2b: Dragonite|brn|[msg]\n|move|p1a: Tatsugiri|Muddy Water|p2b: Dragonite|[spread] p2a,p2b\n|-supereffective|p2a: Great Tusk\n|-damage|p2a: Great Tusk|0 fnt\n|-damage|p2b: Dragonite|53\/100\n|faint|p2a: Great Tusk\n|-end|p2a: Great Tusk|Protosynthesis|[silent]\n|\n|upkeep\n|\n|t:|1681785954\n|switch|p2a: Lilligant|Lilligant, L50, F|100\/100\n|turn|7\n|\n|t:|1681785971\n|move|p2a: Lilligant|Protect|p2a: Lilligant\n|-singleturn|p2a: Lilligant|Protect\n|move|p1b: Arcanine|Protect|p1b: Arcanine\n|-singleturn|p1b: Arcanine|Protect\n|move|p1a: Tatsugiri|Protect|p1a: Tatsugiri\n|-singleturn|p1a: Tatsugiri|Protect\n|move|p2b: Dragonite|Tera Blast|p1b: Arcanine\n|-activate|p1b: Arcanine|move: Protect\n|\n|-sideend|p2: Vulnerarily|move: Tailwind\n|upkeep\n|turn|8\n|\n|t:|1681785984\n|switch|p2b: Torkoal|Torkoal, L50, F|1\/100\n|-weather|SunnyDay|[from] ability: Drought|[of] p2b: Torkoal\n|move|p2a: Lilligant|Sleep Powder|p1a: Tatsugiri|[miss]\n|-miss|p2a: Lilligant|p1a: Tatsugiri\n|move|p1b: Arcanine|Flare Blitz|p2a: Lilligant\n|-supereffective|p2a: Lilligant\n|-damage|p2a: Lilligant|0 fnt\n|faint|p2a: Lilligant\n|-damage|p1b: Arcanine|75\/100|[from] Recoil\n|move|p1a: Tatsugiri|Muddy Water|p2b: Torkoal|[miss]\n|-miss|p1a: Tatsugiri|p2b: Torkoal\n|\n|-weather|SunnyDay|[upkeep]\n|upkeep\n|\n|t:|1681785987\n|switch|p2a: Dragonite|Dragonite, L50, F, tera:Flying|53\/100\n|turn|9\n|\n|t:|1681786006\n|move|p1b: Arcanine|Will-O-Wisp|p2a: Dragonite\n|-status|p2a: Dragonite|brn\n|move|p1a: Tatsugiri|Muddy Water|p2a: Dragonite|[spread] p2a,p2b\n|-supereffective|p2b: Torkoal\n|-damage|p2a: Dragonite|37\/100 brn\n|-damage|p2b: Torkoal|0 fnt\n|faint|p2b: Torkoal\n|move|p2a: Dragonite|Tera Blast|p1b: Arcanine\n|-damage|p1b: Arcanine|42\/100\n|\n|-weather|SunnyDay|[upkeep]\n|-damage|p2a: Dragonite|31\/100 brn|[from] brn\n|upkeep\n|turn|10\n|-message|Vulnerarily forfeited.\n|\n|win|hvac goon\n|raw|hvac goon's rating: 1359 → 1378<\/strong> (+19 for winning)\n|raw|Vulnerarily's rating: 1344 → 1325<\/strong> (-19 for losing)\n|c|\u2606Vulnerarily|gg\n","uploadtime":1681786018,"views":9,"p1id":"hvacgoon","p2id":"vulnerarily","formatid":"gen9vgc2023regulationc","rating":1325,"private":0,"password":""}