{"id":"gen9vgc2023regulationc-1846662962","p1":"sanji8","p2":"kushsmoker68","format":"[Gen 9] VGC 2023 Regulation C","log":"|j|\u2606sanji8\n|j|\u2606kushsmoker68\n|t:|1681863073\n|gametype|doubles\n|player|p1|sanji8|volkner|1162\n|player|p2|kushsmoker68|clerkf|1090\n|teamsize|p1|6\n|teamsize|p2|6\n|gen|9\n|tier|[Gen 9] VGC 2023 Regulation C\n|rated|\n|rule|Species Clause: Limit one of each Pok\u00e9mon\n|rule|Item Clause: Limit one of each item\n|clearpoke\n|poke|p1|Corviknight, L50, M|\n|poke|p1|Ting-Lu, L50|\n|poke|p1|Ceruledge, L50, F|\n|poke|p1|Glimmora, L50, M|\n|poke|p1|Amoonguss, L50, M|\n|poke|p1|Gyarados, L50, F|\n|poke|p2|Tatsugiri, L50, F|\n|poke|p2|Dondozo, L50, F|\n|poke|p2|Flutter Mane, L50|\n|poke|p2|Flamigo, L50, F|\n|poke|p2|Ceruledge, L50, M|\n|poke|p2|Maushold, L50|\n|teampreview|4\nkushsmoker68 has agreed to open team sheets.\n|\n|t:|1681863098\n|start\n|switch|p1a: Corviknight|Corviknight, L50, M, shiny|100\/100\n|switch|p1b: Glimmora|Glimmora, L50, M, shiny|100\/100\n|switch|p2a: SUSHI!|Tatsugiri, L50, F|100\/100\n|switch|p2b: Da Mob|Maushold, L50|100\/100\n|turn|1\n|\n|t:|1681863125\n|move|p2b: Da Mob|Follow Me|p2b: Da Mob\n|-singleturn|p2b: Da Mob|move: Follow Me\n|move|p1b: Glimmora|Mortal Spin|p2b: Da Mob|[spread] p2a,p2b\n|-damage|p2a: SUSHI!|91\/100\n|-damage|p2b: Da Mob|94\/100\n|-status|p2a: SUSHI!|psn\n|-status|p2b: Da Mob|psn\n|move|p2a: SUSHI!|Muddy Water|p1b: Glimmora|[spread] p1a,p1b\n|-supereffective|p1b: Glimmora\n|-damage|p1a: Corviknight|72\/100\n|-damage|p1b: Glimmora|13\/100\n|-ability|p1a: Corviknight|Mirror Armor\n|-unboost|p2a: SUSHI!|accuracy|1\n|-unboost|p1b: Glimmora|accuracy|1\n|move|p1a: Corviknight|Tailwind|p1a: Corviknight\n|-sidestart|p1: sanji8|move: Tailwind\n|\n|-damage|p2b: Da Mob|82\/100 psn|[from] psn\n|-damage|p2a: SUSHI!|79\/100 psn|[from] psn\n|upkeep\n|turn|2\n|\n|t:|1681863158\n|move|p1b: Glimmora|Sludge Bomb|p2b: Da Mob\n|-damage|p2b: Da Mob|17\/100 psn\n|move|p1a: Corviknight|Brave Bird|p2b: Da Mob\n|-damage|p2b: Da Mob|0 fnt\n|faint|p2b: Da Mob\n|-damage|p1a: Corviknight|67\/100|[from] Recoil\n|move|p2a: SUSHI!|Muddy Water|p1a: Corviknight|[spread] p1a,p1b\n|-supereffective|p1b: Glimmora\n|-damage|p1a: Corviknight|37\/100\n|-damage|p1b: Glimmora|0 fnt\n|-ability|p1a: Corviknight|Mirror Armor\n|-unboost|p2a: SUSHI!|accuracy|1\n|faint|p1b: Glimmora\n|\n|-damage|p2a: SUSHI!|66\/100 psn|[from] psn\n|upkeep\n|\n|t:|1681863173\n|switch|p2b: Donny D|Dondozo, L50, F|100\/100\n|switch|p1b: Amoonguss|Amoonguss, L50, M, shiny|100\/100\n|-activate|p2a: SUSHI!|ability: Commander|[of] p2b: Donny D\n|-boost|p2b: Donny D|atk|2\n|-boost|p2b: Donny D|spa|2\n|-boost|p2b: Donny D|spe|2\n|-boost|p2b: Donny D|def|2\n|-boost|p2b: Donny D|spd|2\n|turn|3\n|\n|t:|1681863206\n|-terastallize|p2b: Donny D|Flying\n|move|p1a: Corviknight|Roost|p1a: Corviknight\n|-heal|p1a: Corviknight|87\/100\n|-singleturn|p1a: Corviknight|move: Roost\n|move|p2b: Donny D|Order Up|p1a: Corviknight\n|-resisted|p1a: Corviknight\n|-damage|p1a: Corviknight|70\/100\n|-boost|p2b: Donny D|atk|1\n|move|p1b: Amoonguss|Spore|p2b: Donny D\n|-status|p2b: Donny D|slp|[from] move: Spore\n|\n|-damage|p2a: SUSHI!|54\/100 psn|[from] psn\n|upkeep\n|turn|4\n|\n|t:|1681863226\n|move|p1a: Corviknight|Bulk Up|p1a: Corviknight\n|-boost|p1a: Corviknight|atk|1\n|-boost|p1a: Corviknight|def|1\n|cant|p2b: Donny D|slp\n|move|p1b: Amoonguss|Pollen Puff|p1a: Corviknight\n|-heal|p1a: Corviknight|100\/100\n|\n|-damage|p2a: SUSHI!|41\/100 psn|[from] psn\n|-sideend|p1: sanji8|move: Tailwind\n|upkeep\n|turn|5\n|\n|t:|1681863247\n|-curestatus|p2b: Donny D|slp|[msg]\n|move|p2b: Donny D|Earthquake|p1b: Amoonguss|[spread] p1b\n|-miss|p2b: Donny D|p2a: SUSHI!\n|-immune|p1a: Corviknight\n|-damage|p1b: Amoonguss|52\/100\n|move|p1a: Corviknight|Bulk Up|p1a: Corviknight\n|-boost|p1a: Corviknight|atk|1\n|-boost|p1a: Corviknight|def|1\n|move|p1b: Amoonguss|Pollen Puff|p2b: Donny D\n|-resisted|p2b: Donny D\n|-damage|p2b: Donny D|96\/100\n|\n|-heal|p2b: Donny D|100\/100|[from] item: Leftovers\n|-damage|p2a: SUSHI!|29\/100 psn|[from] psn\n|upkeep\n|turn|6\n|\n|t:|1681863270\n|move|p2b: Donny D|Order Up|p1b: Amoonguss\n|-damage|p1b: Amoonguss|0 fnt\n|faint|p1b: Amoonguss\n|-boost|p2b: Donny D|atk|1\n|move|p1a: Corviknight|Bulk Up|p1a: Corviknight\n|-boost|p1a: Corviknight|atk|1\n|-boost|p1a: Corviknight|def|1\n|\n|-damage|p2a: SUSHI!|16\/100 psn|[from] psn\n|upkeep\n|\n|t:|1681863278\n|switch|p1b: Ting-Lu|Ting-Lu, L50|100\/100\n|-ability|p1b: Ting-Lu|Vessel of Ruin\n|turn|7\n|\n|t:|1681863291\n|move|p2b: Donny D|Substitute|p2b: Donny D\n|-start|p2b: Donny D|Substitute\n|-damage|p2b: Donny D|76\/100\n|move|p1a: Corviknight|Tailwind|p1a: Corviknight\n|-sidestart|p1: sanji8|move: Tailwind\n|move|p1b: Ting-Lu|Substitute|p1b: Ting-Lu\n|-start|p1b: Ting-Lu|Substitute\n|-damage|p1b: Ting-Lu|76\/100\n|\n|-heal|p2b: Donny D|82\/100|[from] item: Leftovers\n|-heal|p1b: Ting-Lu|82\/100|[from] item: Leftovers\n|-damage|p2a: SUSHI!|4\/100 psn|[from] psn\n|upkeep\n|turn|8\n|\n|t:|1681863311\n|move|p1a: Corviknight|Bulk Up|p1a: Corviknight\n|-boost|p1a: Corviknight|atk|1\n|-boost|p1a: Corviknight|def|1\n|move|p2b: Donny D|Order Up|p1a: Corviknight\n|-resisted|p1a: Corviknight\n|-damage|p1a: Corviknight|72\/100\n|-boost|p2b: Donny D|atk|1\n|move|p1b: Ting-Lu|Ruination|p2b: Donny D\n|-end|p2b: Donny D|Substitute\n|\n|-heal|p2b: Donny D|88\/100|[from] item: Leftovers\n|-heal|p1b: Ting-Lu|88\/100|[from] item: Leftovers\n|-damage|p2a: SUSHI!|0 fnt|[from] psn\n|faint|p2a: SUSHI!\n|upkeep\n|\n|t:|1681863332\n|switch|p2a: Ceruledgar|Ceruledge, L50, M|100\/100\n|turn|9\n|\n|t:|1681863349\n|move|p1a: Corviknight|Brave Bird|p2b: Donny D\n|-damage|p2b: Donny D|73\/100\n|-damage|p1a: Corviknight|66\/100|[from] Recoil\n|move|p2b: Donny D|Order Up|p1b: Ting-Lu\n|-end|p1b: Ting-Lu|Substitute\n|-boost|p2b: Donny D|atk|1\n|move|p2a: Ceruledgar|Bitter Blade|p1a: Corviknight\n|-supereffective|p1a: Corviknight\n|-damage|p1a: Corviknight|41\/100\n|move|p1b: Ting-Lu|Ruination|p2b: Donny D\n|-damage|p2b: Donny D|37\/100\n|\n|-heal|p2b: Donny D|43\/100|[from] item: Leftovers\n|-heal|p1b: Ting-Lu|94\/100|[from] item: Leftovers\n|upkeep\n|turn|10\n|\n|t:|1681863378\n|move|p1a: Corviknight|Roost|p1a: Corviknight\n|-heal|p1a: Corviknight|91\/100\n|-singleturn|p1a: Corviknight|move: Roost\n|move|p2b: Donny D|Order Up|p1a: Corviknight\n|-resisted|p1a: Corviknight\n|-damage|p1a: Corviknight|52\/100\n|-boost|p2b: Donny D|atk|0\n|move|p2a: Ceruledgar|Bitter Blade|p1b: Ting-Lu\n|-damage|p1b: Ting-Lu|69\/100\n|move|p1b: Ting-Lu|Substitute|p1b: Ting-Lu\n|-start|p1b: Ting-Lu|Substitute\n|-damage|p1b: Ting-Lu|45\/100\n|\n|-heal|p2b: Donny D|49\/100|[from] item: Leftovers\n|-heal|p1b: Ting-Lu|51\/100|[from] item: Leftovers\n|-sideend|p1: sanji8|move: Tailwind\n|upkeep\n|turn|11\n|\n|t:|1681863403\n|move|p2b: Donny D|Order Up|p1b: Ting-Lu\n|-end|p1b: Ting-Lu|Substitute\n|-boost|p2b: Donny D|atk|0\n|move|p2a: Ceruledgar|Bitter Blade|p1a: Corviknight\n|-supereffective|p1a: Corviknight\n|-damage|p1a: Corviknight|27\/100\n|move|p1a: Corviknight|Tailwind|p1a: Corviknight\n|-sidestart|p1: sanji8|move: Tailwind\n|move|p1b: Ting-Lu|Ruination|p2b: Donny D\n|-damage|p2b: Donny D|25\/100\n|\n|-heal|p2b: Donny D|31\/100|[from] item: Leftovers\n|-heal|p1b: Ting-Lu|57\/100|[from] item: Leftovers\n|upkeep\n|turn|12\n|\n|t:|1681863427\n|move|p1a: Corviknight|Roost|p1a: Corviknight\n|-heal|p1a: Corviknight|77\/100\n|-singleturn|p1a: Corviknight|move: Roost\n|move|p2b: Donny D|Order Up|p1b: Ting-Lu\n|-damage|p1b: Ting-Lu|12\/100\n|-boost|p2b: Donny D|atk|0\n|move|p2a: Ceruledgar|Bitter Blade|p1a: Corviknight\n|-supereffective|p1a: Corviknight\n|-damage|p1a: Corviknight|50\/100\n|move|p1b: Ting-Lu|Stomping Tantrum|p2a: Ceruledgar\n|-supereffective|p2a: Ceruledgar\n|-damage|p2a: Ceruledgar|17\/100\n|\n|-heal|p2b: Donny D|37\/100|[from] item: Leftovers\n|-heal|p1b: Ting-Lu|18\/100|[from] item: Leftovers\n|upkeep\n|turn|13\n|\n|t:|1681863467\n|move|p2b: Donny D|Protect|p2b: Donny D\n|-singleturn|p2b: Donny D|Protect\n|move|p2a: Ceruledgar|Shadow Sneak|p1b: Ting-Lu\n|-resisted|p1b: Ting-Lu\n|-damage|p1b: Ting-Lu|13\/100\n|move|p1a: Corviknight|Roost|p1a: Corviknight\n|-heal|p1a: Corviknight|100\/100\n|-singleturn|p1a: Corviknight|move: Roost\n|move|p1b: Ting-Lu|Stomping Tantrum|p2a: Ceruledgar\n|-supereffective|p2a: Ceruledgar\n|-crit|p2a: Ceruledgar\n|-damage|p2a: Ceruledgar|0 fnt\n|faint|p2a: Ceruledgar\n|\n|-heal|p2b: Donny D|43\/100|[from] item: Leftovers\n|-heal|p1b: Ting-Lu|19\/100|[from] item: Leftovers\n|upkeep\n|turn|14\n|\n|t:|1681863487\n|move|p1a: Corviknight|Bulk Up|p1a: Corviknight\n|-boost|p1a: Corviknight|atk|1\n|-boost|p1a: Corviknight|def|1\n|move|p2b: Donny D|Order Up|p1b: Ting-Lu\n|-damage|p1b: Ting-Lu|0 fnt\n|faint|p1b: Ting-Lu\n|-boost|p2b: Donny D|atk|0\n|\n|-heal|p2b: Donny D|50\/100|[from] item: Leftovers\n|-sideend|p1: sanji8|move: Tailwind\n|upkeep\n|turn|15\n|\n|t:|1681863499\n|move|p2b: Donny D|Order Up|p1a: Corviknight\n|-resisted|p1a: Corviknight\n|-damage|p1a: Corviknight|67\/100\n|-boost|p2b: Donny D|atk|0\n|move|p1a: Corviknight|Bulk Up|p1a: Corviknight\n|-boost|p1a: Corviknight|atk|1\n|-boost|p1a: Corviknight|def|1\n|\n|-heal|p2b: Donny D|56\/100|[from] item: Leftovers\n|upkeep\n|turn|16\n|\n|t:|1681863518\n|move|p2b: Donny D|Order Up|p1a: Corviknight\n|-resisted|p1a: Corviknight\n|-damage|p1a: Corviknight|33\/100\n|-boost|p2b: Donny D|atk|0\n|move|p1a: Corviknight|Roost|p1a: Corviknight\n|-heal|p1a: Corviknight|83\/100\n|-singleturn|p1a: Corviknight|move: Roost\n|\n|-heal|p2b: Donny D|62\/100|[from] item: Leftovers\n|upkeep\n|turn|17\n|\n|t:|1681863537\n|move|p2b: Donny D|Order Up|p1a: Corviknight\n|-resisted|p1a: Corviknight\n|-damage|p1a: Corviknight|48\/100\n|-boost|p2b: Donny D|atk|0\n|move|p1a: Corviknight|Brave Bird|p2b: Donny D\n|-damage|p2b: Donny D|49\/100\n|-damage|p1a: Corviknight|43\/100|[from] Recoil\n|\n|-heal|p2b: Donny D|55\/100|[from] item: Leftovers\n|upkeep\n|turn|18\n|\n|t:|1681863549\n|move|p2b: Donny D|Order Up|p1a: Corviknight\n|-resisted|p1a: Corviknight\n|-damage|p1a: Corviknight|5\/100\n|-enditem|p1a: Corviknight|Aguav Berry|[eat]\n|-heal|p1a: Corviknight|38\/100|[from] item: Aguav Berry\n|-boost|p2b: Donny D|atk|0\n|move|p1a: Corviknight|Roost|p1a: Corviknight\n|-heal|p1a: Corviknight|88\/100\n|-singleturn|p1a: Corviknight|move: Roost\n|\n|-heal|p2b: Donny D|61\/100|[from] item: Leftovers\n|upkeep\n|turn|19\n|\n|t:|1681863589\n|move|p2b: Donny D|Order Up|p1a: Corviknight\n|-resisted|p1a: Corviknight\n|-damage|p1a: Corviknight|49\/100\n|-boost|p2b: Donny D|atk|0\n|move|p1a: Corviknight|Brave Bird|p2b: Donny D\n|-damage|p2b: Donny D|48\/100\n|-damage|p1a: Corviknight|44\/100|[from] Recoil\n|\n|-heal|p2b: Donny D|54\/100|[from] item: Leftovers\n|upkeep\n|turn|20\n|\n|t:|1681863600\n|move|p2b: Donny D|Earthquake|p1a: Corviknight\n|-immune|p1a: Corviknight\n|move|p1a: Corviknight|Brave Bird|p2b: Donny D\n|-damage|p2b: Donny D|41\/100\n|-damage|p1a: Corviknight|39\/100|[from] Recoil\n|\n|-heal|p2b: Donny D|47\/100|[from] item: Leftovers\n|upkeep\n|turn|21\n|\n|t:|1681863611\n|move|p2b: Donny D|Protect|p2b: Donny D\n|-singleturn|p2b: Donny D|Protect\n|move|p1a: Corviknight|Roost|p1a: Corviknight\n|-heal|p1a: Corviknight|89\/100\n|-singleturn|p1a: Corviknight|move: Roost\n|\n|-heal|p2b: Donny D|53\/100|[from] item: Leftovers\n|upkeep\n|turn|22\n|\n|t:|1681863622\n|move|p2b: Donny D|Protect||[still]\n|-fail|p2b: Donny D\n|move|p1a: Corviknight|Tailwind|p1a: Corviknight\n|-sidestart|p1: sanji8|move: Tailwind\n|\n|-heal|p2b: Donny D|59\/100|[from] item: Leftovers\n|upkeep\n|turn|23\n|\n|t:|1681863641\n|move|p1a: Corviknight|Tailwind||[still]\n|-fail|p1a: Corviknight\n|move|p2b: Donny D|Order Up|p1a: Corviknight\n|-resisted|p1a: Corviknight\n|-damage|p1a: Corviknight|54\/100\n|-boost|p2b: Donny D|atk|0\n|\n|-heal|p2b: Donny D|66\/100|[from] item: Leftovers\n|upkeep\n|turn|24\n|\n|t:|1681863655\n|move|p1a: Corviknight|Tailwind||[still]\n|-fail|p1a: Corviknight\n|move|p2b: Donny D|Earthquake|p1a: Corviknight\n|-immune|p1a: Corviknight\n|\n|-heal|p2b: Donny D|72\/100|[from] item: Leftovers\n|upkeep\n|turn|25\n|\n|t:|1681863670\n|move|p1a: Corviknight|Tailwind||[still]\n|-fail|p1a: Corviknight\n|move|p2b: Donny D|Earthquake|p1a: Corviknight\n|-immune|p1a: Corviknight\n|\n|-heal|p2b: Donny D|78\/100|[from] item: Leftovers\n|-sideend|p1: sanji8|move: Tailwind\n|upkeep\n|turn|26\n|\n|t:|1681863682\n|move|p2b: Donny D|Earthquake|p1a: Corviknight\n|-immune|p1a: Corviknight\n|move|p1a: Corviknight|Tailwind|p1a: Corviknight\n|-sidestart|p1: sanji8|move: Tailwind\n|\n|-heal|p2b: Donny D|84\/100|[from] item: Leftovers\n|upkeep\n|turn|27\n|\n|t:|1681863689\n|move|p2b: Donny D|Protect|p2b: Donny D\n|-singleturn|p2b: Donny D|Protect\n|move|p1a: Corviknight|Tailwind||[still]\n|-fail|p1a: Corviknight\n|\n|-heal|p2b: Donny D|90\/100|[from] item: Leftovers\n|upkeep\n|turn|28\n|\n|t:|1681863697\n|move|p2b: Donny D|Protect|p2b: Donny D\n|-singleturn|p2b: Donny D|Protect\n|move|p1a: Corviknight|Bulk Up|p1a: Corviknight\n|-boost|p1a: Corviknight|atk|0\n|-boost|p1a: Corviknight|def|0\n|\n|-heal|p2b: Donny D|97\/100|[from] item: Leftovers\n|upkeep\n|turn|29\n|\n|t:|1681863709\n|move|p2b: Donny D|Protect||[still]\n|-fail|p2b: Donny D\n|move|p1a: Corviknight|Tailwind||[still]\n|-fail|p1a: Corviknight\n|\n|-heal|p2b: Donny D|100\/100|[from] item: Leftovers\n|-sideend|p1: sanji8|move: Tailwind\n|upkeep\n|turn|30\n|\n|t:|1681863719\n|move|p2b: Donny D|Substitute|p2b: Donny D\n|-start|p2b: Donny D|Substitute\n|-damage|p2b: Donny D|76\/100\n|move|p1a: Corviknight|Tailwind|p1a: Corviknight\n|-sidestart|p1: sanji8|move: Tailwind\n|\n|-heal|p2b: Donny D|82\/100|[from] item: Leftovers\n|upkeep\n|turn|31\n|\n|t:|1681863727\n|move|p1a: Corviknight|Bulk Up|p1a: Corviknight\n|-boost|p1a: Corviknight|atk|0\n|-boost|p1a: Corviknight|def|0\n|move|p2b: Donny D|Substitute|p2b: Donny D\n|-fail|p2b: Donny D|move: Substitute\n|\n|-heal|p2b: Donny D|88\/100|[from] item: Leftovers\n|upkeep\n|turn|32\n|\n|t:|1681863734\n|move|p2b: Donny D|Protect|p2b: Donny D\n|-singleturn|p2b: Donny D|Protect\n|move|p1a: Corviknight|Bulk Up|p1a: Corviknight\n|-boost|p1a: Corviknight|atk|0\n|-boost|p1a: Corviknight|def|0\n|\n|-heal|p2b: Donny D|94\/100|[from] item: Leftovers\n|upkeep\n|turn|33\n|\n|t:|1681863743\n|move|p2b: Donny D|Protect|p2b: Donny D\n|-singleturn|p2b: Donny D|Protect\n|move|p1a: Corviknight|Bulk Up|p1a: Corviknight\n|-boost|p1a: Corviknight|atk|0\n|-boost|p1a: Corviknight|def|0\n|\n|-heal|p2b: Donny D|100\/100|[from] item: Leftovers\n|-sideend|p1: sanji8|move: Tailwind\n|upkeep\n|turn|34\n|\n|t:|1681863760\n|move|p2b: Donny D|Protect||[still]\n|-fail|p2b: Donny D\n|move|p1a: Corviknight|Bulk Up|p1a: Corviknight\n|-boost|p1a: Corviknight|atk|0\n|-boost|p1a: Corviknight|def|0\n|\n|upkeep\n|turn|35\n|inactive|Battle timer is ON: inactive players will automatically lose when time's up. (requested by sanji8)\n|\n|t:|1681863798\n|move|p2b: Donny D|Order Up|p1a: Corviknight\n|-resisted|p1a: Corviknight\n|-damage|p1a: Corviknight|17\/100\n|-boost|p2b: Donny D|atk|0\n|move|p1a: Corviknight|Tailwind|p1a: Corviknight\n|-sidestart|p1: sanji8|move: Tailwind\n|\n|upkeep\n|turn|36\n|\n|t:|1681863807\n|move|p1a: Corviknight|Roost|p1a: Corviknight\n|-heal|p1a: Corviknight|67\/100\n|-singleturn|p1a: Corviknight|move: Roost\n|move|p2b: Donny D|Earthquake|p1a: Corviknight\n|-supereffective|p1a: Corviknight\n|-damage|p1a: Corviknight|0 fnt\n|faint|p1a: Corviknight\n|\n|win|kushsmoker68\n|raw|sanji8's rating: 1162 → 1132<\/strong> (-30 for losing)\n|raw|kushsmoker68's rating: 1090 → 1122<\/strong> (+32 for winning)\n|c|\u2606kushsmoker68|eat shit\n","uploadtime":1681863820,"views":12,"p1id":"sanji8","p2id":"kushsmoker68","formatid":"gen9vgc2023regulationc","rating":1122,"private":0,"password":""}