{"id":"gen9vgc2023regulationc-1855054782","p1":"Grable","p2":"Saspun","format":"[Gen 9] VGC 2023 Regulation C","log":"|j|\u2606Grable\n|j|\u203dSaspun\n|t:|1682895803\n|gametype|doubles\n|player|p1|Grable|170|1077\n|player|p2|Saspun|bruno|1008\n|teamsize|p1|6\n|teamsize|p2|6\n|gen|9\n|tier|[Gen 9] VGC 2023 Regulation C\n|rated|\n|rule|Species Clause: Limit one of each Pok\u00e9mon\n|rule|Item Clause: Limit one of each item\n|clearpoke\n|poke|p1|Gyarados, L50, M|\n|poke|p1|Spiritomb, L50, M|\n|poke|p1|Chi-Yu, L50|\n|poke|p1|Magnezone, L50|\n|poke|p1|Glimmora, L50, F|\n|poke|p1|Garganacl, L50, F|\n|poke|p2|Iron Hands, L50|\n|poke|p2|Kingambit, L50, M|\n|poke|p2|Armarouge, L50, M|\n|poke|p2|Amoonguss, L50, M|\n|poke|p2|Scream Tail, L50|\n|poke|p2|Drifblim, L50, F|\n|teampreview|4\n|inactive|Battle timer is ON: inactive players will automatically lose when time's up. (requested by Grable)\n|inactive|Grable has 60 seconds left.\n|inactive|Saspun has 60 seconds left.\n|\n|t:|1682895847\n|start\n|switch|p1a: Garganacl|Garganacl, L50, F|100\/100\n|switch|p1b: Gyarados|Gyarados, L50, M|100\/100\n|switch|p2a: Scream Tail|Scream Tail, L50, shiny|100\/100\n|switch|p2b: Iron Hands|Iron Hands, L50|100\/100\n|-ability|p1b: Gyarados|Intimidate|boost\n|-unboost|p2a: Scream Tail|atk|1\n|-unboost|p2b: Iron Hands|atk|1\n|-enditem|p2b: Iron Hands|Booster Energy\n|-activate|p2b: Iron Hands|ability: Quark Drive|[fromitem]\n|-start|p2b: Iron Hands|quarkdriveatk\n|turn|1\n|\n|t:|1682895870\n|-terastallize|p1b: Gyarados|Ground\n|move|p1b: Gyarados|Whirlpool|p2b: Iron Hands\n|-damage|p2b: Iron Hands|94\/100\n|-activate|p2b: Iron Hands|move: Whirlpool|[of] p1b: Gyarados\n|move|p2b: Iron Hands|Wild Charge|p1b: Gyarados\n|-immune|p1b: Gyarados\n|move|p1a: Garganacl|Salt Cure|p2a: Scream Tail\n|-damage|p2a: Scream Tail|92\/100\n|-start|p2a: Scream Tail|Salt Cure\n|move|p2a: Scream Tail|Trick Room|p2a: Scream Tail\n|-fieldstart|move: Trick Room|[of] p2a: Scream Tail\n|\n|-heal|p2a: Scream Tail|98\/100|[from] item: Leftovers\n|-damage|p2b: Iron Hands|77\/100|[from] move: Whirlpool|[partiallytrapped]\n|-damage|p2a: Scream Tail|86\/100|[from] Salt Cure\n|upkeep\n|turn|2\n|inactive|Saspun has 30 seconds left.\n|inactive|Saspun has 20 seconds left.\n|inactive|Saspun has 15 seconds left.\n|\n|t:|1682895912\n|move|p1a: Garganacl|Iron Defense|p1a: Garganacl\n|-boost|p1a: Garganacl|def|2\n|move|p2b: Iron Hands|Drain Punch|p1a: Garganacl\n|-supereffective|p1a: Garganacl\n|-damage|p1a: Garganacl|73\/100\n|-heal|p2b: Iron Hands|88\/100|[from] drain|[of] p1a: Garganacl\n|move|p1b: Gyarados|Taunt|p2a: Scream Tail\n|-start|p2a: Scream Tail|move: Taunt\n|cant|p2a: Scream Tail|move: Taunt|Light Screen\n|\n|-heal|p2a: Scream Tail|92\/100|[from] item: Leftovers\n|-damage|p2b: Iron Hands|71\/100|[from] move: Whirlpool|[partiallytrapped]\n|-damage|p2a: Scream Tail|80\/100|[from] Salt Cure\n|upkeep\n|turn|3\n|inactive|Saspun has 30 seconds left.\n|\n|t:|1682895939\n|-end|p2a: Scream Tail|Protosynthesis|[silent]\n|switch|p2a: Amoonguss|Amoonguss, L50, M|100\/100\n|move|p1a: Garganacl|Salt Cure|p2b: Iron Hands\n|-resisted|p2b: Iron Hands\n|-damage|p2b: Iron Hands|67\/100\n|-start|p2b: Iron Hands|Salt Cure\n|move|p2b: Iron Hands|Earthquake|p1a: Garganacl|[spread] p2a,p1a,p1b\n|-supereffective|p1a: Garganacl\n|-damage|p2a: Amoonguss|77\/100\n|-damage|p1a: Garganacl|55\/100\n|-damage|p1b: Gyarados|78\/100\n|move|p1b: Gyarados|Whirlpool|p2a: Amoonguss\n|-resisted|p2a: Amoonguss\n|-damage|p2a: Amoonguss|74\/100\n|-activate|p2a: Amoonguss|move: Whirlpool|[of] p1b: Gyarados\n|\n|-heal|p2a: Amoonguss|80\/100|[from] item: Black Sludge\n|-damage|p2a: Amoonguss|64\/100|[from] move: Whirlpool|[partiallytrapped]\n|-damage|p2b: Iron Hands|50\/100|[from] move: Whirlpool|[partiallytrapped]\n|-damage|p2b: Iron Hands|38\/100|[from] Salt Cure\n|upkeep\n|turn|4\n|inactive|Saspun has 30 seconds left.\n|\n|t:|1682895969\n|move|p2b: Iron Hands|Protect|p2b: Iron Hands\n|-singleturn|p2b: Iron Hands|Protect\n|move|p2a: Amoonguss|Spore|p1b: Gyarados\n|-status|p1b: Gyarados|slp|[from] move: Spore\n|move|p1a: Garganacl|Recover|p1a: Garganacl\n|-heal|p1a: Garganacl|100\/100\n|cant|p1b: Gyarados|slp\n|\n|-heal|p2a: Amoonguss|70\/100|[from] item: Black Sludge\n|-damage|p2a: Amoonguss|53\/100|[from] move: Whirlpool|[partiallytrapped]\n|-damage|p2b: Iron Hands|22\/100|[from] move: Whirlpool|[partiallytrapped]\n|-damage|p2b: Iron Hands|9\/100|[from] Salt Cure\n|upkeep\n|turn|5\n|\n|t:|1682895987\n|move|p2a: Amoonguss|Pollen Puff|p2b: Iron Hands\n|-heal|p2b: Iron Hands|59\/100\n|move|p1a: Garganacl|Salt Cure|p2a: Amoonguss\n|-damage|p2a: Amoonguss|41\/100\n|-start|p2a: Amoonguss|Salt Cure\n|move|p2b: Iron Hands|Drain Punch|p1a: Garganacl\n|-supereffective|p1a: Garganacl\n|-damage|p1a: Garganacl|73\/100\n|-heal|p2b: Iron Hands|70\/100|[from] drain|[of] p1a: Garganacl\n|cant|p1b: Gyarados|slp\n|\n|-heal|p2a: Amoonguss|47\/100|[from] item: Black Sludge\n|-damage|p2a: Amoonguss|35\/100|[from] Salt Cure\n|-damage|p2a: Amoonguss|19\/100|[from] move: Whirlpool|[partiallytrapped]\n|-damage|p2b: Iron Hands|58\/100|[from] Salt Cure\n|-end|p2b: Iron Hands|Whirlpool|[partiallytrapped]\n|-fieldend|move: Trick Room\n|upkeep\n|turn|6\n|\n|t:|1682896010\n|-curestatus|p1b: Gyarados|slp|[msg]\n|move|p1b: Gyarados|Whirlpool|p2b: Iron Hands\n|-damage|p2b: Iron Hands|50\/100\n|-activate|p2b: Iron Hands|move: Whirlpool|[of] p1b: Gyarados\n|move|p2b: Iron Hands|Drain Punch|p1a: Garganacl\n|-supereffective|p1a: Garganacl\n|-damage|p1a: Garganacl|47\/100\n|-heal|p2b: Iron Hands|61\/100|[from] drain|[of] p1a: Garganacl\n|move|p1a: Garganacl|Body Press|p2a: Amoonguss\n|-resisted|p2a: Amoonguss\n|-damage|p2a: Amoonguss|0 fnt\n|faint|p2a: Amoonguss\n|\n|-damage|p2b: Iron Hands|44\/100|[from] move: Whirlpool|[partiallytrapped]\n|-damage|p2b: Iron Hands|32\/100|[from] Salt Cure\n|upkeep\n|\n|t:|1682896027\n|switch|p2a: Kingambit|Kingambit, L50, M, shiny|100\/100\n|turn|7\n|\n|t:|1682896040\n|move|p1b: Gyarados|Thunder Wave|p2a: Kingambit\n|-status|p2a: Kingambit|par\n|move|p2b: Iron Hands|Drain Punch|p1a: Garganacl\n|-supereffective|p1a: Garganacl\n|-damage|p1a: Garganacl|20\/100\n|-heal|p2b: Iron Hands|42\/100|[from] drain|[of] p1a: Garganacl\n|move|p1a: Garganacl|Recover|p1a: Garganacl\n|-heal|p1a: Garganacl|71\/100\n|move|p2a: Kingambit|Iron Head|p1a: Garganacl\n|-supereffective|p1a: Garganacl\n|-damage|p1a: Garganacl|31\/100\n|-damage|p2a: Kingambit|91\/100 par|[from] item: Life Orb\n|\n|-damage|p2b: Iron Hands|30\/100|[from] Salt Cure\n|-damage|p2b: Iron Hands|14\/100|[from] move: Whirlpool|[partiallytrapped]\n|upkeep\n|turn|8\n|\n|t:|1682896064\n|move|p2b: Iron Hands|Protect|p2b: Iron Hands\n|-singleturn|p2b: Iron Hands|Protect\n|move|p1b: Gyarados|Whirlpool|p2a: Kingambit|[miss]\n|-miss|p1b: Gyarados|p2a: Kingambit\n|move|p1a: Garganacl|Recover|p1a: Garganacl\n|-heal|p1a: Garganacl|81\/100\n|cant|p2a: Kingambit|par\n|\n|-damage|p2b: Iron Hands|0 fnt|[from] move: Whirlpool|[partiallytrapped]\n|faint|p2b: Iron Hands\n|-end|p2b: Iron Hands|Quark Drive|[silent]\n|upkeep\n|\n|t:|1682896076\n|switch|p2b: Scream Tail|Scream Tail, L50, shiny|80\/100\n|turn|9\n|-message|Saspun forfeited.\n|\n|win|Grable\n|raw|Grable's rating: 1077 → 1100<\/strong> (+23 for winning)\n|raw|Saspun's rating: 1008 → 1000<\/strong> (-8 for losing)\n|l|\u203dSaspun\n||Ladder isn't responding, score probably updated but might not have (Request timeout).\n","uploadtime":1682896098,"views":11,"p1id":"grable","p2id":"saspun","formatid":"gen9vgc2023regulationc","rating":1000,"private":0,"password":""}