{"id":"gen9vgc2023regulationc-1864217530","p1":"WallyTryHard","p2":"Chloe","format":"[Gen 9] VGC 2023 Regulation C","log":"|j|\u2606WallyTryHard\n|j|\u2606Chloe\n|t:|1684138721\n|gametype|doubles\n|player|p1|WallyTryHard|170|\n|player|p2|Chloe|#chlo|\n|teamsize|p1|6\n|teamsize|p2|6\n|gen|9\n|tier|[Gen 9] VGC 2023 Regulation C\n|rated|Tournament battle\n|rule|Species Clause: Limit one of each Pok\u00e9mon\n|rule|Item Clause: Limit one of each item\n|clearpoke\n|poke|p1|Murkrow, L50, F|\n|poke|p1|Gholdengo, L50|\n|poke|p1|Garchomp, L50, F|\n|poke|p1|Flutter Mane, L50|\n|poke|p1|Chi-Yu, L50|\n|poke|p1|Azumarill, L50, M|\n|poke|p2|Dondozo, L50, F|\n|poke|p2|Tatsugiri, L50, F|\n|poke|p2|Glimmora, L50, F|\n|poke|p2|Arcanine, L50, F|\n|poke|p2|Flutter Mane, L50|\n|poke|p2|Ting-Lu, L50|\n|teampreview|4\n|raw| Open Team Sheet for WallyTryHard<\/summary>Murkrow @ Eviolite Ability: Prankster Level: 50 Tera Type: Ghost - Foul Play - Tailwind - Sunny Day - Haze Gholdengo @ Sitrus Berry Ability: Good as Gold Level: 50 Tera Type: Water - Make It Rain - Shadow Ball - Nasty Plot - Protect Garchomp @ Clear Amulet Ability: Rough Skin Level: 50 Tera Type: Fire - Earthquake - Dragon Claw - Tera Blast - Protect Flutter Mane @ Focus Sash Ability: Protosynthesis Level: 50 Tera Type: Fairy - Dazzling Gleam - Shadow Ball - Imprison - Trick Room Chi-Yu @ Safety Goggles Ability: Beads of Ruin Level: 50 Tera Type: Ghost - Heat Wave - Dark Pulse - Overheat - Protect Azumarill @ Life Orb Ability: Huge Power Level: 50 Shiny: Yes Tera Type: Water - Liquidation - Play Rough - Aqua Jet - Protect <\/details><\/div> Open Team Sheet for Chloe<\/summary>Dondozo @ Leftovers Ability: Unaware Level: 50 Tera Type: Flying - Wave Crash - Order Up - Tera Blast - Substitute Tatsugiri @ Choice Scarf Ability: Commander Level: 50 Tera Type: Dragon - Muddy Water - Draco Meteor - Icy Wind - Sleep Talk Glimmora @ Focus Sash Ability: Toxic Debris Level: 50 Shiny: Yes Tera Type: Grass - Sludge Bomb - Earth Power - Mortal Spin - Spiky Shield Arcanine (F) @ Safety Goggles Ability: Intimidate Level: 50 Tera Type: Grass - Flare Blitz - Will-O-Wisp - Snarl - Protect Flutter Mane @ Choice Specs Ability: Protosynthesis Level: 50 Tera Type: Fairy - Shadow Ball - Dazzling Gleam - Moonblast - Thunderbolt Ting-Lu @ Assault Vest Ability: Vessel of Ruin Level: 50 Tera Type: Water - Stomping Tantrum - Heavy Slam - Payback - Ruination <\/details><\/div>\n|inactive|Battle timer is ON: inactive players will automatically lose when time's up. (requested by WallyTryHard)\n|inactive|Chloe also wants the timer to be on.\n|c|\u2606WallyTryHard|gl hf!\n|j|+Robbie35646\n|c|\u2606Chloe|u2\n|j| blood oceans\n|inactive|WallyTryHard has 60 seconds left.\n|inactive|Chloe has 60 seconds left.\n|j| zamazentalife\n|j| GodRilla420\n|\n|t:|1684138774\n|start\n|switch|p1a: Chi-Yu|Chi-Yu, L50|100\/100\n|switch|p1b: Azumarill|Azumarill, L50, M, shiny|100\/100\n|switch|p2a: Glimmora|Glimmora, L50, F, shiny|100\/100\n|switch|p2b: Flutter Mane|Flutter Mane, L50|100\/100\n|-ability|p1a: Chi-Yu|Beads of Ruin\n|turn|1\n|inactive|Chloe has 30 seconds left.\n|\n|t:|1684138805\n|-terastallize|p2b: Flutter Mane|Fairy\n|move|p2b: Flutter Mane|Dazzling Gleam|p1a: Chi-Yu|[spread] p1a,p1b\n|-damage|p1a: Chi-Yu|40\/100\n|-damage|p1b: Azumarill|0 fnt\n|faint|p1b: Azumarill\n|move|p1a: Chi-Yu|Heat Wave|p2a: Glimmora|[spread] p2a,p2b\n|-resisted|p2a: Glimmora\n|-damage|p2a: Glimmora|73\/100\n|-damage|p2b: Flutter Mane|58\/100\n|-status|p2b: Flutter Mane|brn\n|move|p2a: Glimmora|Earth Power|p1a: Chi-Yu\n|-supereffective|p1a: Chi-Yu\n|-damage|p1a: Chi-Yu|0 fnt\n|faint|p1a: Chi-Yu\n|\n|-damage|p2b: Flutter Mane|52\/100 brn|[from] brn\n|upkeep\n|\n|t:|1684138812\n|switch|p1a: Murkrow|Murkrow, L50, F|100\/100\n|switch|p1b: Gholdengo|Gholdengo, L50|100\/100\n|turn|2\n|\n|t:|1684138831\n|-end|p2b: Flutter Mane|Protosynthesis|[silent]\n|switch|p2b: Dondozo|Dondozo, L50, F|100\/100\n|move|p2a: Glimmora|Spiky Shield|p2a: Glimmora\n|-singleturn|p2a: Glimmora|move: Protect\n|move|p1a: Murkrow|Tailwind|p1a: Murkrow\n|-sidestart|p1: WallyTryHard|move: Tailwind\n|move|p1b: Gholdengo|Make It Rain|p2a: Glimmora|[spread] p2b\n|-activate|p2a: Glimmora|move: Protect\n|-resisted|p2b: Dondozo\n|-damage|p2b: Dondozo|73\/100\n|-unboost|p1b: Gholdengo|spa|1\n|\n|-heal|p2b: Dondozo|79\/100|[from] item: Leftovers\n|upkeep\n|turn|3\n|inactive|Chloe has 30 seconds left.\n|\n|t:|1684138864\n|switch|p2a: Flutter Mane|Flutter Mane, L50, tera:Fairy|52\/100 brn\n|-terastallize|p1b: Gholdengo|Water\n|move|p1a: Murkrow|Haze|p1a: Murkrow\n|-clearallboost\n|move|p1b: Gholdengo|Make It Rain|p2a: Flutter Mane|[spread] p2a,p2b\n|-supereffective|p2a: Flutter Mane\n|-resisted|p2b: Dondozo\n|-damage|p2a: Flutter Mane|0 fnt\n|-damage|p2b: Dondozo|53\/100\n|-unboost|p1b: Gholdengo|spa|1\n|faint|p2a: Flutter Mane\n|-end|p2a: Flutter Mane|Protosynthesis|[silent]\n|move|p2b: Dondozo|Substitute|p2b: Dondozo\n|-start|p2b: Dondozo|Substitute\n|-damage|p2b: Dondozo|28\/100\n|\n|-heal|p2b: Dondozo|34\/100|[from] item: Leftovers\n|upkeep\n|\n|t:|1684138882\n|switch|p2a: Glimmora|Glimmora, L50, F, shiny|73\/100\n|turn|4\n|\n|t:|1684138902\n|move|p1b: Gholdengo|Protect|p1b: Gholdengo\n|-singleturn|p1b: Gholdengo|Protect\n|move|p2a: Glimmora|Spiky Shield|p2a: Glimmora\n|-singleturn|p2a: Glimmora|move: Protect\n|move|p1a: Murkrow|Foul Play|p2b: Dondozo\n|-end|p2b: Dondozo|Substitute\n|move|p2b: Dondozo|Substitute|p2b: Dondozo\n|-start|p2b: Dondozo|Substitute\n|-damage|p2b: Dondozo|10\/100\n|\n|-heal|p2b: Dondozo|16\/100|[from] item: Leftovers\n|upkeep\n|turn|5\n|\n|t:|1684138918\n|move|p1a: Murkrow|Haze|p1a: Murkrow\n|-clearallboost\n|move|p1b: Gholdengo|Make It Rain|p2b: Dondozo|[spread] p2a,p2b\n|-resisted|p2b: Dondozo\n|-end|p2b: Dondozo|Substitute\n|-supereffective|p2a: Glimmora\n|-damage|p2a: Glimmora|0 fnt\n|-unboost|p1b: Gholdengo|spa|1\n|faint|p2a: Glimmora\n|move|p2b: Dondozo|Order Up|p1b: Gholdengo\n|-damage|p1b: Gholdengo|77\/100\n|\n|-heal|p2b: Dondozo|22\/100|[from] item: Leftovers\n|-sideend|p1: WallyTryHard|move: Tailwind\n|upkeep\n|\n|t:|1684138923\n|switch|p2a: Tatsugiri|Tatsugiri, L50, F|100\/100\n|-activate|p2a: Tatsugiri|ability: Commander|[of] p2b: Dondozo\n|-boost|p2b: Dondozo|atk|2\n|-boost|p2b: Dondozo|spa|2\n|-boost|p2b: Dondozo|spe|2\n|-boost|p2b: Dondozo|def|2\n|-boost|p2b: Dondozo|spd|2\n|turn|6\n|\n|t:|1684138937\n|move|p1a: Murkrow|Haze|p1a: Murkrow\n|-clearallboost\n|move|p1b: Gholdengo|Nasty Plot|p1b: Gholdengo\n|-boost|p1b: Gholdengo|spa|2\n|move|p2b: Dondozo|Order Up|p1b: Gholdengo\n|-damage|p1b: Gholdengo|57\/100\n|-boost|p2b: Dondozo|atk|1\n|\n|-heal|p2b: Dondozo|28\/100|[from] item: Leftovers\n|upkeep\n|turn|7\n|\n|t:|1684138951\n|move|p1a: Murkrow|Tailwind|p1a: Murkrow\n|-sidestart|p1: WallyTryHard|move: Tailwind\n|move|p1b: Gholdengo|Shadow Ball|p2b: Dondozo\n|-damage|p2b: Dondozo|0 fnt\n|faint|p2b: Dondozo\n|\n|upkeep\n|turn|8\n|c|\u2606Chloe|gg\n|-message|Chloe forfeited.\n|\n|win|WallyTryHard\n|n|\u2606WallyTryHard|wallytryhard\n|n|\u2606Chloe|chloe\n|n| Robbie35646|robbie35646\n|n| blood oceans|bloodoceans\n|n| zamazentalife|zamazentalife\n|n| GodRilla420|godrilla420\n|l| blood oceans\n|l|\u2606Chloe\n|c|\u2606WallyTryHard|gg\n|l|\u2606WallyTryHard\n|l| Robbie35646\n|l| zamazentalife\n|j|\u2606WallyTryHard\n|player|p1|WallyTryHard|170\n","uploadtime":1684139483,"views":16,"p1id":"wallytryhard","p2id":"chloe","formatid":"gen9vgc2023regulationc","rating":0,"private":0,"password":""}