{"id":"gen9vgc2023regulationc-1852932896","p1":"Just_SamueIe","p2":"Yarrack","format":"[Gen 9] VGC 2023 Regulation C","log":"|j|\u2606Just_SamueIe\n|j|\u2606Yarrack\n|t:|1682618440\n|gametype|doubles\n|player|p1|Just_SamueIe|chase|1310\n|player|p2|Yarrack|youngster-gen4dp|1337\n|teamsize|p1|6\n|teamsize|p2|6\n|gen|9\n|tier|[Gen 9] VGC 2023 Regulation C\n|rated|\n|rule|Species Clause: Limit one of each Pok\u00e9mon\n|rule|Item Clause: Limit one of each item\n|clearpoke\n|poke|p1|Ceruledge, L50, F|\n|poke|p1|Gyarados, L50, M|\n|poke|p1|Rotom-Wash, L50|\n|poke|p1|Garchomp, L50, F|\n|poke|p1|Chien-Pao, L50|\n|poke|p1|Talonflame, L50, M|\n|poke|p2|Flamigo, L50, M|\n|poke|p2|Chien-Pao, L50|\n|poke|p2|Roaring Moon, L50|\n|poke|p2|Amoonguss, L50, M|\n|poke|p2|Gengar, L50, M|\n|poke|p2|Dragonite, L50, F|\n|teampreview|4\n|inactive|Battle timer is ON: inactive players will automatically lose when time's up. (requested by Yarrack)\n|inactive|Just_SamueIe has 60 seconds left.\n|\n|t:|1682618481\n|start\n|switch|p1a: Ceruledge|Ceruledge, L50, F, shiny|100\/100\n|switch|p1b: Chien-Pao|Chien-Pao, L50|100\/100\n|switch|p2a: Dragonite|Dragonite, L50, F|100\/100\n|switch|p2b: Chien-Pao|Chien-Pao, L50|100\/100\n|-ability|p1b: Chien-Pao|Sword of Ruin\n|-ability|p2b: Chien-Pao|Sword of Ruin\n|turn|1\n|\n|t:|1682618493\n|-terastallize|p2a: Dragonite|Normal\n|move|p2a: Dragonite|Extreme Speed|p1b: Chien-Pao\n|-damage|p1b: Chien-Pao|8\/100\n|move|p2b: Chien-Pao|Sucker Punch|p1b: Chien-Pao\n|-resisted|p1b: Chien-Pao\n|-damage|p1b: Chien-Pao|0 fnt\n|faint|p1b: Chien-Pao\n|-damage|p2b: Chien-Pao|91\/100|[from] item: Life Orb\n|move|p1a: Ceruledge|Bitter Blade|p2b: Chien-Pao\n|-supereffective|p2b: Chien-Pao\n|-damage|p2b: Chien-Pao|0 fnt\n|faint|p2b: Chien-Pao\n|\n|upkeep\n|\n|t:|1682618511\n|switch|p1b: Gyarados|Gyarados, L50, M|100\/100\n|switch|p2b: Roaring Moon|Roaring Moon, L50|100\/100\n|-ability|p1b: Gyarados|Intimidate|boost\n|-fail|p2a: Dragonite|unboost|Attack|[from] ability: Inner Focus|[of] p2a: Dragonite\n|-unboost|p2b: Roaring Moon|atk|1\n|turn|2\n|\n|t:|1682618526\n|switch|p1a: Garchomp|Garchomp, L50, F|100\/100\n|move|p2a: Dragonite|Extreme Speed|p1b: Gyarados\n|-damage|p1b: Gyarados|30\/100\n|move|p2b: Roaring Moon|Dragon Dance|p2b: Roaring Moon\n|-boost|p2b: Roaring Moon|atk|1\n|-boost|p2b: Roaring Moon|spe|1\n|move|p1b: Gyarados|Thunder Wave|p2b: Roaring Moon\n|-status|p2b: Roaring Moon|par\n|-enditem|p2b: Roaring Moon|Lum Berry|[eat]\n|-curestatus|p2b: Roaring Moon|par|[msg]\n|\n|upkeep\n|turn|3\n|inactive|Just_SamueIe has 30 seconds left.\n|inactive|Just_SamueIe has 20 seconds left.\n|\n|t:|1682618564\n|-terastallize|p1a: Garchomp|Steel\n|move|p2b: Roaring Moon|Protect|p2b: Roaring Moon\n|-singleturn|p2b: Roaring Moon|Protect\n|move|p1b: Gyarados|Protect|p1b: Gyarados\n|-singleturn|p1b: Gyarados|Protect\n|move|p2a: Dragonite|Extreme Speed|p1b: Gyarados\n|-activate|p1b: Gyarados|move: Protect\n|move|p1a: Garchomp|Earthquake|p2a: Dragonite|[spread] p2a\n|-activate|p1b: Gyarados|move: Protect\n|-activate|p2b: Roaring Moon|move: Protect\n|-damage|p2a: Dragonite|49\/100\n|\n|upkeep\n|turn|4\n|\n|t:|1682618587\n|move|p2a: Dragonite|Extreme Speed|p1b: Gyarados\n|-damage|p1b: Gyarados|0 fnt\n|faint|p1b: Gyarados\n|move|p2b: Roaring Moon|Dragon Dance|p2b: Roaring Moon\n|-boost|p2b: Roaring Moon|atk|1\n|-boost|p2b: Roaring Moon|spe|1\n|move|p1a: Garchomp|Earthquake|p2a: Dragonite|[spread] p2a,p2b\n|-damage|p2a: Dragonite|0 fnt\n|-damage|p2b: Roaring Moon|22\/100\n|faint|p2a: Dragonite\n|\n|upkeep\n|\n|t:|1682618590\n|switch|p1b: Ceruledge|Ceruledge, L50, F, shiny|100\/100\n|switch|p2a: Flamigo|Flamigo, L50, M|100\/100\n|-copyboost|p2a: Flamigo|p2b: Roaring Moon|[from] ability: Costar\n|turn|5\n|\n|t:|1682618604\n|move|p1b: Ceruledge|Shadow Sneak|p2b: Roaring Moon\n|-resisted|p2b: Roaring Moon\n|-damage|p2b: Roaring Moon|7\/100\n|move|p2a: Flamigo|Close Combat|p1a: Garchomp\n|-supereffective|p1a: Garchomp\n|-damage|p1a: Garchomp|0 fnt\n|-unboost|p2a: Flamigo|def|1\n|-unboost|p2a: Flamigo|spd|1\n|-damage|p2a: Flamigo|88\/100|[from] ability: Rough Skin|[of] p1a: Garchomp\n|faint|p1a: Garchomp\n|move|p2b: Roaring Moon|Throat Chop|p1b: Ceruledge\n|-supereffective|p1b: Ceruledge\n|-damage|p1b: Ceruledge|0 fnt\n|faint|p1b: Ceruledge\n|\n|win|Yarrack\n|raw|Just_SamueIe's rating: 1310 → 1292<\/strong> (-18 for losing)\n|raw|Yarrack's rating: 1353 → 1371<\/strong> (+18 for winning)\n|l|\u2606Just_SamueIe\n","uploadtime":1682618614,"views":7,"p1id":"justsamueie","p2id":"yarrack","formatid":"gen9vgc2023regulationc","rating":1292,"private":0,"password":""}