{"id":"gen9vgc2023regulationc-1851995698","p1":"haha u rage quit","p2":"lin7482","format":"[Gen 9] VGC 2023 Regulation C","log":"|j|\u2606haha u rage quit\n|j|\u2606lin7482\n|t:|1682515055\n|gametype|doubles\n|player|p1|haha u rage quit|pokemaniac|1463\n|player|p2|lin7482|101|1361\n|teamsize|p1|6\n|teamsize|p2|6\n|gen|9\n|tier|[Gen 9] VGC 2023 Regulation C\n|rated|\n|rule|Species Clause: Limit one of each Pok\u00e9mon\n|rule|Item Clause: Limit one of each item\n|clearpoke\n|poke|p1|Glimmora, L50, M|\n|poke|p1|Iron Bundle, L50|\n|poke|p1|Dondozo, L50, M|\n|poke|p1|Dragonite, L50, M|\n|poke|p1|Tatsugiri-Droopy, L50, M|\n|poke|p1|Chi-Yu, L50|\n|poke|p2|Dondozo, L50, M|\n|poke|p2|Tatsugiri, L50, F|\n|poke|p2|Arcanine, L50, F|\n|poke|p2|Flutter Mane, L50|\n|poke|p2|Ting-Lu, L50|\n|poke|p2|Maushold, L50|\n|teampreview|4\n|\n|t:|1682515072\n|start\n|switch|p1a: Glimmora|Glimmora, L50, M, shiny|100\/100\n|switch|p1b: Chi-Yu|Chi-Yu, L50|100\/100\n|switch|p2a: Dondozo|Dondozo, L50, M|100\/100\n|switch|p2b: Ting-Lu|Ting-Lu, L50|100\/100\n|-ability|p1b: Chi-Yu|Beads of Ruin\n|-ability|p2b: Ting-Lu|Vessel of Ruin\n|turn|1\n|inactive|Battle timer is ON: inactive players will automatically lose when time's up. (requested by haha u rage quit)\n|\n|t:|1682515123\n|move|p1b: Chi-Yu|Protect|p1b: Chi-Yu\n|-singleturn|p1b: Chi-Yu|Protect\n|move|p1a: Glimmora|Energy Ball|p2a: Dondozo\n|-supereffective|p2a: Dondozo\n|-damage|p2a: Dondozo|65\/100\n|move|p2b: Ting-Lu|Stomping Tantrum|p1a: Glimmora\n|-supereffective|p1a: Glimmora\n|-damage|p1a: Glimmora|0 fnt\n|-activate|p1a: Glimmora|ability: Toxic Debris\n|-sidestart|p2: lin7482|move: Toxic Spikes\n|faint|p1a: Glimmora\n|move|p2a: Dondozo|Wave Crash|p1b: Chi-Yu\n|-activate|p1b: Chi-Yu|move: Protect\n|\n|-heal|p2a: Dondozo|72\/100|[from] item: Leftovers\n|upkeep\n|\n|t:|1682515139\n|switch|p1a: Dondozo|Dondozo, L50, M|100\/100\n|turn|2\n|\n|t:|1682515147\n|switch|p1b: Tatsugiri|Tatsugiri-Droopy, L50, M|100\/100\n|-activate|p1b: Tatsugiri|ability: Commander|[of] p1a: Dondozo\n|-boost|p1a: Dondozo|atk|2\n|-boost|p1a: Dondozo|spa|2\n|-boost|p1a: Dondozo|spe|2\n|-boost|p1a: Dondozo|def|2\n|-boost|p1a: Dondozo|spd|2\n|move|p1a: Dondozo|Wave Crash|p2b: Ting-Lu\n|-supereffective|p2b: Ting-Lu\n|-damage|p2b: Ting-Lu|0 fnt\n|faint|p2b: Ting-Lu\n|-damage|p1a: Dondozo|62\/100|[from] Recoil\n|move|p2a: Dondozo|Yawn|p1a: Dondozo\n|-start|p1a: Dondozo|move: Yawn|[of] p2a: Dondozo\n|\n|-heal|p2a: Dondozo|78\/100|[from] item: Leftovers\n|upkeep\n|\n|t:|1682515169\n|switch|p2b: Tatsugiri|Tatsugiri, L50, F|100\/100\n|-status|p2b: Tatsugiri|psn\n|turn|3\n|\n|t:|1682515187\n|-terastallize|p1a: Dondozo|Electric\n|move|p2b: Tatsugiri|Protect|p2b: Tatsugiri\n|-singleturn|p2b: Tatsugiri|Protect\n|move|p1a: Dondozo|Tera Blast|p2a: Dondozo\n|-supereffective|p2a: Dondozo\n|-damage|p2a: Dondozo|34\/100\n|move|p2a: Dondozo|Fissure|p1a: Dondozo|[miss]\n|-miss|p2a: Dondozo|p1a: Dondozo\n|\n|-heal|p2a: Dondozo|40\/100|[from] item: Leftovers\n|-damage|p2b: Tatsugiri|88\/100 psn|[from] psn\n|-end|p1a: Dondozo|move: Yawn|[silent]\n|-status|p1a: Dondozo|slp\n|upkeep\n|turn|4\n|\n|t:|1682515206\n|cant|p1a: Dondozo|slp\n|move|p2b: Tatsugiri|Draco Meteor|p1a: Dondozo\n|-damage|p1a: Dondozo|33\/100 slp\n|-unboost|p2b: Tatsugiri|spa|2\n|move|p2a: Dondozo|Fissure|p1a: Dondozo|[miss]\n|-miss|p2a: Dondozo|p1a: Dondozo\n|\n|-heal|p2a: Dondozo|46\/100|[from] item: Leftovers\n|-damage|p2b: Tatsugiri|76\/100 psn|[from] psn\n|upkeep\n|turn|5\n|\n|t:|1682515220\n|-curestatus|p1a: Dondozo|slp|[msg]\n|move|p1a: Dondozo|Tera Blast|p2a: Dondozo\n|-supereffective|p2a: Dondozo\n|-damage|p2a: Dondozo|6\/100\n|move|p2b: Tatsugiri|Draco Meteor|p1a: Dondozo\n|-damage|p1a: Dondozo|20\/100\n|-unboost|p2b: Tatsugiri|spa|2\n|move|p2a: Dondozo|Wave Crash|p2b: Tatsugiri\n|-activate|p2b: Tatsugiri|ability: Storm Drain\n|-ability|p2b: Tatsugiri|Storm Drain|boost\n|-boost|p2b: Tatsugiri|spa|1\n|\n|-heal|p2a: Dondozo|13\/100|[from] item: Leftovers\n|-damage|p2b: Tatsugiri|63\/100 psn|[from] psn\n|upkeep\n|turn|6\n|-message|lin7482 forfeited.\n|\n|win|haha u rage quit\n|raw|haha u rage quit's rating: 1463 → 1477<\/strong> (+14 for winning)\n|raw|lin7482's rating: 1361 → 1347<\/strong> (-14 for losing)\n|l|\u2606lin7482\n","uploadtime":1682515249,"views":10,"p1id":"hahauragequit","p2id":"lin7482","formatid":"gen9vgc2023regulationc","rating":1347,"private":0,"password":""}