{"id":"gen9vgc2023regulationc-1853044010","p1":"Mawile Battles","p2":"Avocado73","format":"[Gen 9] VGC 2023 Regulation C","log":"|j|\u2606Mawile Battles\n|j|\u2606Avocado73\n|t:|1682628797\n|gametype|doubles\n|player|p1|Mawile Battles|pokekid|1039\n|player|p2|Avocado73|red|1008\n|teamsize|p1|6\n|teamsize|p2|6\n|gen|9\n|tier|[Gen 9] VGC 2023 Regulation C\n|rated|\n|rule|Species Clause: Limit one of each Pok\u00e9mon\n|rule|Item Clause: Limit one of each item\n|clearpoke\n|poke|p1|Espathra, L50, M|\n|poke|p1|Farigiraf, L50, M|\n|poke|p1|Meowscarada, L50, F|\n|poke|p1|Sylveon, L50, F|\n|poke|p1|Tinkaton, L50, F|\n|poke|p1|Ting-Lu, L50|\n|poke|p2|Flutter Mane, L50|\n|poke|p2|Palafin, L50, F|\n|poke|p2|Arcanine, L50, F|\n|poke|p2|Amoonguss, L50, F|\n|poke|p2|Ting-Lu, L50|\n|poke|p2|Iron Hands, L50|\n|teampreview|4\n|inactive|Battle timer is ON: inactive players will automatically lose when time's up. (requested by Mawile Battles)\nMawile Battles has agreed to open team sheets.\nAvocado73 rejected open team sheets.\n|inactive|Avocado73 has 60 seconds left.\n|\n|t:|1682628834\n|start\n|switch|p1a: Espy|Espathra, L50, M, shiny|100\/100\n|switch|p1b: Tingy|Ting-Lu, L50|100\/100\n|switch|p2a: Ting-Lu|Ting-Lu, L50|100\/100\n|switch|p2b: Palafin|Palafin, L50, F|100\/100\n|-item|p1a: Espy|Air Balloon\n|-ability|p1b: Tingy|Vessel of Ruin\n|-ability|p2a: Ting-Lu|Vessel of Ruin\n|turn|1\n|inactive|Mawile Battles has 30 seconds left.\n|inactive|Avocado73 has 30 seconds left.\n|\n|t:|1682628866\n|detailschange|p2b: Palafin|Palafin-Hero, L50, F\n|switch|p2b: Flutter Mane|Flutter Mane, L50|100\/100\n|move|p1a: Espy|Dazzling Gleam|p2a: Ting-Lu|[spread] p2a,p2b\n|-supereffective|p2a: Ting-Lu\n|-crit|p2b: Flutter Mane\n|-damage|p2a: Ting-Lu|84\/100\n|-damage|p2b: Flutter Mane|81\/100\n|move|p1b: Tingy|Fissure|p2a: Ting-Lu|[miss]\n|-miss|p1b: Tingy|p2a: Ting-Lu\n|move|p2a: Ting-Lu|Fissure|p1a: Espy\n|-immune|p1a: Espy\n|\n|upkeep\n|turn|2\n|inactive|Mawile Battles has 30 seconds left.\n|-activate|p2a: Ting-Lu|item: Quick Claw\n|\n|t:|1682628897\n|-terastallize|p2a: Ting-Lu|Electric\n|move|p2a: Ting-Lu|Fissure|p1b: Tingy\n|-damage|p1b: Tingy|0 fnt\n|faint|p1b: Tingy\n|-ohko\n|move|p2b: Flutter Mane|Thunder Wave|p1a: Espy\n|-status|p1a: Espy|par\n|cant|p1a: Espy|par\n|\n|upkeep\n|\n|t:|1682628910\n|switch|p1b: Tinky|Tinkaton, L50, F, shiny|100\/100\n|-ability|p1b: Tinky|Mold Breaker\n|turn|3\n|\n|t:|1682628921\n|move|p2b: Flutter Mane|Thunder Wave|p1b: Tinky\n|-status|p1b: Tinky|par\n|move|p1a: Espy|Dazzling Gleam|p2b: Flutter Mane|[spread] p2a,p2b\n|-damage|p2a: Ting-Lu|76\/100\n|-damage|p2b: Flutter Mane|69\/100\n|move|p2a: Ting-Lu|Mud-Slap|p1a: Espy\n|-immune|p1a: Espy\n|move|p1b: Tinky|Play Rough|p2a: Ting-Lu\n|-damage|p2a: Ting-Lu|49\/100\n|-unboost|p2a: Ting-Lu|atk|1\n|-damage|p1b: Tinky|90\/100 par|[from] item: Life Orb\n|\n|upkeep\n|turn|4\n|-activate|p2a: Ting-Lu|item: Quick Claw\n|\n|t:|1682628936\n|move|p2a: Ting-Lu|Mud-Slap|p1a: Espy\n|-immune|p1a: Espy\n|move|p2b: Flutter Mane|Astonish|p1a: Espy\n|-supereffective|p1a: Espy\n|-damage|p1a: Espy|78\/100 par\n|-enditem|p1a: Espy|Air Balloon\n|move|p1a: Espy|Dazzling Gleam|p2a: Ting-Lu|[spread] p2a,p2b\n|-damage|p2a: Ting-Lu|41\/100\n|-damage|p2b: Flutter Mane|57\/100\n|move|p1b: Tinky|Play Rough|p2a: Ting-Lu\n|-damage|p2a: Ting-Lu|14\/100\n|-damage|p1b: Tinky|80\/100 par|[from] item: Life Orb\n|\n|upkeep\n|turn|5\n|\n|t:|1682628954\n|move|p2b: Flutter Mane|Confuse Ray|p1b: Tinky\n|-start|p1b: Tinky|confusion\n|move|p1a: Espy|Shadow Ball|p2b: Flutter Mane\n|-supereffective|p2b: Flutter Mane\n|-damage|p2b: Flutter Mane|23\/100\n|move|p2a: Ting-Lu|Mud-Slap|p1a: Espy\n|-damage|p1a: Espy|71\/100 par\n|-unboost|p1a: Espy|accuracy|1\n|-activate|p1b: Tinky|confusion\n|-damage|p1b: Tinky|69\/100 par|[from] confusion\n|\n|upkeep\n|turn|6\n|\n|t:|1682628970\n|-terastallize|p1b: Tinky|Water\n|move|p2b: Flutter Mane|Astonish|p1b: Tinky\n|-damage|p1b: Tinky|61\/100 par\n|move|p1a: Espy|Dazzling Gleam|p2a: Ting-Lu|[spread] p2a,p2b\n|-damage|p2a: Ting-Lu|5\/100\n|-damage|p2b: Flutter Mane|10\/100\n|move|p2a: Ting-Lu|Sand Tomb|p1a: Espy\n|-damage|p1a: Espy|58\/100 par\n|-activate|p1a: Espy|move: Sand Tomb|[of] p2a: Ting-Lu\n|cant|p1b: Tinky|flinch\n|\n|-damage|p1a: Espy|46\/100 par|[from] move: Sand Tomb|[partiallytrapped]\n|upkeep\n|turn|7\n|\n|t:|1682628989\n|-end|p1b: Tinky|confusion\n|move|p1b: Tinky|Protect|p1b: Tinky\n|-singleturn|p1b: Tinky|Protect\n|move|p2b: Flutter Mane|Astonish|p1a: Espy\n|-supereffective|p1a: Espy\n|-damage|p1a: Espy|24\/100 par\n|cant|p1a: Espy|flinch\n|move|p2a: Ting-Lu|Rock Slide|p1a: Espy|[spread] p1a\n|-activate|p1b: Tinky|move: Protect\n|-damage|p1a: Espy|11\/100 par\n|\n|-damage|p1a: Espy|0 fnt|[from] move: Sand Tomb|[partiallytrapped]\n|faint|p1a: Espy\n|upkeep\n|\n|t:|1682629003\n|switch|p1a: Rara|Farigiraf, L50, M, shiny|100\/100\n|turn|8\n|\n|t:|1682629018\n|cant|p1b: Tinky|par\n|move|p2b: Flutter Mane|Thunder Wave|p1a: Rara\n|-status|p1a: Rara|par\n|move|p2a: Ting-Lu|Mud-Slap|p1b: Tinky\n|-damage|p1b: Tinky|56\/100 par\n|-unboost|p1b: Tinky|accuracy|1\n|cant|p1a: Rara|par\n|\n|upkeep\n|turn|9\n|\n|t:|1682629029\n|cant|p1b: Tinky|par\n|move|p2b: Flutter Mane|Astonish|p1b: Tinky\n|-damage|p1b: Tinky|48\/100 par\n|move|p2a: Ting-Lu|Mud-Slap|p1a: Rara\n|-damage|p1a: Rara|96\/100 par\n|-unboost|p1a: Rara|accuracy|1\n|move|p1a: Rara|Hyper Voice|p2a: Ting-Lu|[spread] p2a\n|-immune|p2b: Flutter Mane\n|-damage|p2a: Ting-Lu|0 fnt\n|faint|p2a: Ting-Lu\n|\n|-heal|p1a: Rara|100\/100 par|[from] item: Leftovers\n|upkeep\n|\n|t:|1682629043\n|switch|p2a: Iron Hands|Iron Hands, L50|100\/100\n|turn|10\n|\n|t:|1682629062\n|move|p1a: Rara|Protect|p1a: Rara\n|-singleturn|p1a: Rara|Protect\n|move|p2b: Flutter Mane|Confuse Ray|p1a: Rara\n|-activate|p1a: Rara|move: Protect\n|move|p2a: Iron Hands|Thunder|p1b: Tinky\n|-supereffective|p1b: Tinky\n|-damage|p1b: Tinky|3\/100 par\n|cant|p1b: Tinky|par\n|\n|upkeep\n|turn|11\n|\n|t:|1682629079\n|cant|p1b: Tinky|par\n|move|p2b: Flutter Mane|Confuse Ray|p1a: Rara\n|-start|p1a: Rara|confusion\n|move|p2a: Iron Hands|Metronome|p2a: Iron Hands\n|move|p2a: Iron Hands|Acrobatics|p1a: Rara|[from]move: Metronome\n|-damage|p1a: Rara|79\/100 par\n|-activate|p1a: Rara|confusion\n|move|p1a: Rara|Dazzling Gleam|p2a: Iron Hands|[spread] p2b\n|-miss|p1a: Rara|p2a: Iron Hands\n|-damage|p2b: Flutter Mane|0 fnt\n|faint|p2b: Flutter Mane\n|-end|p2b: Flutter Mane|Protosynthesis|[silent]\n|\n|-heal|p1a: Rara|85\/100 par|[from] item: Leftovers\n|upkeep\n|\n|t:|1682629086\n|switch|p2b: Palafin|Palafin-Hero, L50, F|100\/100\n|-activate|p2b: Palafin|ability: Zero to Hero\n|turn|12\n|\n|t:|1682629099\n|cant|p1b: Tinky|par\n|move|p2b: Palafin|Iron Head|p1a: Rara\n|-damage|p1a: Rara|49\/100 par\n|move|p2a: Iron Hands|Metronome|p2a: Iron Hands\n|move|p2a: Iron Hands|Dream Eater|p1b: Tinky|[from]move: Metronome\n|-immune|p1b: Tinky\n|cant|p1a: Rara|flinch\n|\n|-heal|p1a: Rara|55\/100 par|[from] item: Leftovers\n|upkeep\n|turn|13\n|\n|t:|1682629112\n|move|p1b: Tinky|Protect|p1b: Tinky\n|-singleturn|p1b: Tinky|Protect\n|move|p2b: Palafin|Iron Head|p1a: Rara\n|-damage|p1a: Rara|13\/100 par\n|move|p2a: Iron Hands|Metronome|p2a: Iron Hands\n|move|p2a: Iron Hands|Barb Barrage|p1a: Rara|[from]move: Metronome\n|-damage|p1a: Rara|0 fnt\n|faint|p1a: Rara\n|\n|upkeep\n|turn|14\n|\n|t:|1682629124\n|move|p1b: Tinky|Protect|p1b: Tinky\n|-singleturn|p1b: Tinky|Protect\n|move|p2b: Palafin|Supersonic|p1b: Tinky\n|-activate|p1b: Tinky|move: Protect\n|move|p2a: Iron Hands|Metronome|p2a: Iron Hands\n|move|p2a: Iron Hands|Superpower|p1b: Tinky|[from]move: Metronome\n|-activate|p1b: Tinky|move: Protect\n|\n|upkeep\n|turn|15\n|\n|t:|1682629136\n|move|p2b: Palafin|Supersonic|p1b: Tinky\n|-start|p1b: Tinky|confusion\n|move|p2a: Iron Hands|Metronome|p2a: Iron Hands\n|move|p2a: Iron Hands|Facade|p1b: Tinky|[from]move: Metronome\n|-damage|p1b: Tinky|0 fnt\n|faint|p1b: Tinky\n|\n|win|Avocado73\n|raw|Mawile Battles's rating: 1039 → 1021<\/strong> (-18 for losing)\n|raw|Avocado73's rating: 1000 → 1044<\/strong> (+44 for winning)\n|l|\u2606Mawile Battles\n","uploadtime":1682629145,"views":20,"p1id":"mawilebattles","p2id":"avocado73","formatid":"gen9vgc2023regulationc","rating":1021,"private":0,"password":""}