{"id":"gen9vgc2023regulationc-1856865080","p1":"WhatWasIC00KING","p2":"NirosVess","format":"[Gen 9] VGC 2023 Regulation C","log":"|j|\u2606WhatWasIC00KING\n|j|\u2606NirosVess\n|t:|1683120752\n|gametype|doubles\n|player|p1|WhatWasIC00KING|gambler|1319\n|player|p2|NirosVess|169|1357\n|teamsize|p1|6\n|teamsize|p2|6\n|gen|9\n|tier|[Gen 9] VGC 2023 Regulation C\n|rated|\n|rule|Species Clause: Limit one of each Pok\u00e9mon\n|rule|Item Clause: Limit one of each item\n|clearpoke\n|poke|p1|Ting-Lu, L50|\n|poke|p1|Annihilape, L50, F|\n|poke|p1|Palafin, L50, M|\n|poke|p1|Flutter Mane, L50|\n|poke|p1|Arcanine, L50, F|\n|poke|p1|Amoonguss, L50, F|\n|poke|p2|Ting-Lu, L50|\n|poke|p2|Vivillon-Fancy, L50, M|\n|poke|p2|Iron Bundle, L50|\n|poke|p2|Abomasnow, L50, F|\n|poke|p2|Murkrow, L50, F|\n|poke|p2|Annihilape, L50, M|\n|teampreview|4\nWhatWasIC00KING has agreed to open team sheets.\n|\n|t:|1683120782\n|start\n|switch|p1a: Ares|Annihilape, L50, F, shiny|100\/100\n|switch|p1b: Aeolus|Arcanine, L50, F, shiny|100\/100\n|switch|p2a: Ting-Lu|Ting-Lu, L50|100\/100\n|switch|p2b: Vivillon|Vivillon-Fancy, L50, M|100\/100\n|-ability|p1b: Aeolus|Intimidate|boost\n|-unboost|p2a: Ting-Lu|atk|1\n|-unboost|p2b: Vivillon|atk|1\n|-ability|p2a: Ting-Lu|Vessel of Ruin\n|turn|1\n|\n|t:|1683120805\n|-terastallize|p2a: Ting-Lu|Ground\n|move|p1b: Aeolus|Will-O-Wisp|p2a: Ting-Lu\n|-status|p2a: Ting-Lu|brn\n|move|p2b: Vivillon|Safeguard|p2b: Vivillon\n|-sidestart|p2: NirosVess|Safeguard\n|move|p1a: Ares|Bulk Up|p1a: Ares\n|-boost|p1a: Ares|atk|1\n|-boost|p1a: Ares|def|1\n|move|p2a: Ting-Lu|Earthquake|p1a: Ares|[spread] p1a,p1b\n|-immune|p2b: Vivillon\n|-supereffective|p1b: Aeolus\n|-damage|p1a: Ares|83\/100\n|-damage|p1b: Aeolus|43\/100\n|\n|-heal|p1a: Ares|89\/100|[from] item: Leftovers\n|-damage|p2a: Ting-Lu|95\/100 brn|[from] brn\n|upkeep\n|turn|2\n|\n|t:|1683120830\n|switch|p1b: Perses|Ting-Lu, L50|100\/100\n|-ability|p1b: Perses|Vessel of Ruin\n|move|p2b: Vivillon|Pollen Puff|p1a: Ares\n|-resisted|p1a: Ares\n|-damage|p1a: Ares|84\/100\n|move|p1a: Ares|Bulk Up|p1a: Ares\n|-boost|p1a: Ares|atk|1\n|-boost|p1a: Ares|def|1\n|move|p2a: Ting-Lu|Earthquake|p1a: Ares|[spread] p1a,p1b\n|-immune|p2b: Vivillon\n|-damage|p1a: Ares|72\/100\n|-damage|p1b: Perses|85\/100\n|\n|-heal|p1a: Ares|78\/100|[from] item: Leftovers\n|-damage|p2a: Ting-Lu|89\/100 brn|[from] brn\n|upkeep\n|turn|3\n|inactive|Battle timer is ON: inactive players will automatically lose when time's up. (requested by WhatWasIC00KING)\n|\n|t:|1683120884\n|switch|p2a: Abomasnow|Abomasnow, L50, F|100\/100\n|-weather|Snow|[from] ability: Snow Warning|[of] p2a: Abomasnow\n|move|p2b: Vivillon|Pollen Puff|p1b: Perses\n|-supereffective|p1b: Perses\n|-damage|p1b: Perses|59\/100\n|move|p1a: Ares|Rage Fist|p2a: Abomasnow\n|-damage|p2a: Abomasnow|12\/100\n|move|p1b: Perses|Heavy Slam|p2b: Vivillon\n|-damage|p2b: Vivillon|31\/100\n|\n|-weather|Snow|[upkeep]\n|-heal|p1a: Ares|84\/100|[from] item: Leftovers\n|upkeep\n|turn|4\n|inactive|NirosVess has 30 seconds left.\n|\n|t:|1683120909\n|move|p2b: Vivillon|Rage Powder|p2b: Vivillon\n|-singleturn|p2b: Vivillon|move: Rage Powder\n|move|p1a: Ares|Drain Punch|p2b: Vivillon\n|-resisted|p2b: Vivillon\n|-damage|p2b: Vivillon|2\/100\n|-heal|p1a: Ares|95\/100|[from] drain|[of] p2b: Vivillon\n|move|p2a: Abomasnow|Giga Drain|p1b: Perses\n|-supereffective|p1b: Perses\n|-damage|p1b: Perses|32\/100\n|-heal|p2a: Abomasnow|30\/100|[from] drain|[of] p1b: Perses\n|-damage|p2a: Abomasnow|20\/100|[from] item: Life Orb\n|move|p1b: Perses|Heavy Slam|p2b: Vivillon\n|-damage|p2b: Vivillon|0 fnt\n|faint|p2b: Vivillon\n|\n|-weather|Snow|[upkeep]\n|-heal|p1a: Ares|100\/100|[from] item: Leftovers\n|upkeep\n|\n|t:|1683120924\n|switch|p2b: Iron Bundle|Iron Bundle, L50|100\/100\n|-enditem|p2b: Iron Bundle|Booster Energy\n|-activate|p2b: Iron Bundle|ability: Quark Drive|[fromitem]\n|-start|p2b: Iron Bundle|quarkdrivespe\n|turn|5\n|inactive|WhatWasIC00KING has 30 seconds left.\n|\n|t:|1683120951\n|move|p2a: Abomasnow|Helping Hand|p2b: Iron Bundle\n|-singleturn|p2b: Iron Bundle|Helping Hand|[of] p2a: Abomasnow\n|move|p2b: Iron Bundle|Blizzard|p1a: Ares|[spread] p1a,p1b\n|-supereffective|p1b: Perses\n|-damage|p1a: Ares|65\/100\n|-damage|p1b: Perses|0 fnt\n|faint|p1b: Perses\n|move|p1a: Ares|Drain Punch|p2b: Iron Bundle\n|-supereffective|p2b: Iron Bundle\n|-damage|p2b: Iron Bundle|0 fnt\n|-heal|p1a: Ares|96\/100|[from] drain|[of] p2b: Iron Bundle\n|faint|p2b: Iron Bundle\n|-end|p2b: Iron Bundle|Quark Drive|[silent]\n|\n|-weather|Snow|[upkeep]\n|-heal|p1a: Ares|100\/100|[from] item: Leftovers\n|-sideend|p2: NirosVess|Safeguard\n|upkeep\n|\n|t:|1683120964\n|switch|p2b: Ting-Lu|Ting-Lu, L50, tera:Ground|89\/100 brn\n|switch|p1b: Eris|Flutter Mane, L50|100\/100\n|-ability|p2b: Ting-Lu|Vessel of Ruin\n|turn|6\n|\n|t:|1683120974\n|-end|p1b: Eris|Protosynthesis|[silent]\n|switch|p1b: Aeolus|Arcanine, L50, F, shiny|43\/100\n|-ability|p1b: Aeolus|Intimidate|boost\n|-unboost|p2a: Abomasnow|atk|1\n|-unboost|p2b: Ting-Lu|atk|1\n|move|p2a: Abomasnow|Helping Hand|p2b: Ting-Lu\n|-singleturn|p2b: Ting-Lu|Helping Hand|[of] p2a: Abomasnow\n|move|p1a: Ares|Drain Punch|p2a: Abomasnow\n|-supereffective|p2a: Abomasnow\n|-damage|p2a: Abomasnow|0 fnt\n|faint|p2a: Abomasnow\n|move|p2b: Ting-Lu|Throat Chop|p1a: Ares\n|-damage|p1a: Ares|87\/100\n|-start|p1a: Ares|Throat Chop|[silent]\n|\n|-weather|Snow|[upkeep]\n|-heal|p1a: Ares|93\/100|[from] item: Leftovers\n|-damage|p2b: Ting-Lu|83\/100 brn|[from] brn\n|upkeep\n|turn|7\n|-message|NirosVess forfeited.\n|\n|win|WhatWasIC00KING\n|raw|WhatWasIC00KING's rating: 1319 → 1341<\/strong> (+22 for winning)\n|raw|NirosVess's rating: 1357 → 1335<\/strong> (-22 for losing)\n|l|\u2606NirosVess\n","uploadtime":1683120995,"views":30,"p1id":"whatwasic00king","p2id":"nirosvess","formatid":"gen9vgc2023regulationc","rating":1335,"private":0,"password":""}