{"id":"gen9vgc2023regulationc-1852811452","p1":"Card!stack","p2":"lax2145","format":"[Gen 9] VGC 2023 Regulation C","log":"|j|\u2606Card!stack\n|j|\u2606lax2145\n|t:|1682608302\n|gametype|doubles\n|player|p1|Card!stack|gentleman|1079\n|player|p2|lax2145|giovanni|1000\n|teamsize|p1|6\n|teamsize|p2|6\n|gen|9\n|tier|[Gen 9] VGC 2023 Regulation C\n|rated|\n|rule|Species Clause: Limit one of each Pok\u00e9mon\n|rule|Item Clause: Limit one of each item\n|clearpoke\n|poke|p1|Palafin, L50, M|\n|poke|p1|Flapple, L50, M|\n|poke|p1|Amoonguss, L50, F|\n|poke|p1|Tauros-Paldea-Blaze, L50, M|\n|poke|p1|Iron Treads, L50|\n|poke|p1|Sylveon, L50, F|\n|poke|p2|Ting-Lu, L50|\n|poke|p2|Flutter Mane, L50|\n|poke|p2|Garganacl, L50, F|\n|poke|p2|Arcanine, L50, F|\n|poke|p2|Amoonguss, L50, F|\n|poke|p2|Chien-Pao, L50|\n|teampreview|4\nlax2145 has agreed to open team sheets.\nCard!stack rejected open team sheets.\n|inactive|Battle timer is ON: inactive players will automatically lose when time's up. (requested by Card!stack)\n|\n|t:|1682608345\n|start\n|switch|p1a: Palafin|Palafin, L50, M|100\/100\n|switch|p1b: Flapple|Flapple, L50, M, shiny|100\/100\n|switch|p2a: Ting-Lu|Ting-Lu, L50|100\/100\n|switch|p2b: Flutter Mane|Flutter Mane, L50|100\/100\n|-ability|p2a: Ting-Lu|Vessel of Ruin\n|-enditem|p2b: Flutter Mane|Booster Energy\n|-activate|p2b: Flutter Mane|ability: Protosynthesis|[fromitem]\n|-start|p2b: Flutter Mane|protosynthesisspe\n|turn|1\n|\n|t:|1682608366\n|-end|p2b: Flutter Mane|Protosynthesis|[silent]\n|switch|p2b: Arcanine|Arcanine, L50, F|100\/100\n|-ability|p2b: Arcanine|Intimidate|boost\n|-unboost|p1a: Palafin|atk|1\n|-unboost|p1b: Flapple|atk|1\n|move|p1b: Flapple|Protect|p1b: Flapple\n|-singleturn|p1b: Flapple|Protect\n|move|p1a: Palafin|Flip Turn|p2a: Ting-Lu\n|-supereffective|p2a: Ting-Lu\n|-damage|p2a: Ting-Lu|86\/100\n|\n|t:|1682608374\n|detailschange|p1a: Palafin|Palafin-Hero, L50, M\n|switch|p1a: Tauros|Tauros-Paldea-Blaze, L50, M|100\/100|[from] Flip Turn\n|-ability|p1a: Tauros|Intimidate|boost\n|-unboost|p2a: Ting-Lu|atk|1\n|-unboost|p2b: Arcanine|atk|1\n|move|p2a: Ting-Lu|Throat Chop|p1b: Flapple\n|-activate|p1b: Flapple|move: Protect\n|\n|upkeep\n|turn|2\n|\n|t:|1682608398\n|switch|p1b: Palafin|Palafin-Hero, L50, M|100\/100\n|-activate|p1b: Palafin|ability: Zero to Hero\n|move|p1a: Tauros|Trailblaze|p2a: Ting-Lu\n|-supereffective|p2a: Ting-Lu\n|-damage|p2a: Ting-Lu|69\/100\n|-boost|p1a: Tauros|spe|1\n|move|p2b: Arcanine|Flare Blitz|p1b: Palafin\n|-resisted|p1b: Palafin\n|-damage|p1b: Palafin|78\/100\n|-damage|p2b: Arcanine|94\/100|[from] Recoil\n|move|p2a: Ting-Lu|Fissure|p1a: Tauros|[miss]\n|-miss|p2a: Ting-Lu|p1a: Tauros\n|\n|upkeep\n|turn|3\n|inactive|lax2145 has 30 seconds left.\n|\n|t:|1682608427\n|-terastallize|p2a: Ting-Lu|Dark\n|move|p1b: Palafin|Jet Punch|p2a: Ting-Lu\n|-crit|p2a: Ting-Lu\n|-damage|p2a: Ting-Lu|38\/100\n|move|p1a: Tauros|Trailblaze|p2a: Ting-Lu\n|-damage|p2a: Ting-Lu|28\/100\n|-boost|p1a: Tauros|spe|1\n|move|p2b: Arcanine|Will-O-Wisp|p1b: Palafin\n|-status|p1b: Palafin|brn\n|move|p2a: Ting-Lu|Stomping Tantrum|p1a: Tauros\n|-supereffective|p1a: Tauros\n|-damage|p1a: Tauros|0 fnt\n|faint|p1a: Tauros\n|\n|-damage|p1b: Palafin|72\/100 brn|[from] brn\n|upkeep\n|\n|t:|1682608444\n|switch|p1a: Flapple|Flapple, L50, M, shiny|100\/100\n|turn|4\n|\n|t:|1682608456\n|switch|p2a: Flutter Mane|Flutter Mane, L50|100\/100\n|move|p1b: Palafin|Jet Punch|p2b: Arcanine\n|-supereffective|p2b: Arcanine\n|-damage|p2b: Arcanine|54\/100\n|move|p1a: Flapple|Dragon Dance|p1a: Flapple\n|-boost|p1a: Flapple|atk|1\n|-boost|p1a: Flapple|spe|1\n|move|p2b: Arcanine|Flare Blitz|p1a: Flapple\n|-damage|p1a: Flapple|36\/100\n|-status|p1a: Flapple|brn\n|-damage|p2b: Arcanine|38\/100|[from] Recoil\n|-enditem|p2b: Arcanine|Sitrus Berry|[eat]\n|-heal|p2b: Arcanine|63\/100|[from] item: Sitrus Berry\n|\n|-damage|p1a: Flapple|30\/100 brn|[from] brn\n|-damage|p1b: Palafin|67\/100 brn|[from] brn\n|upkeep\n|turn|5\n|inactive|Card!stack has 30 seconds left.\n|inactive|lax2145 has 30 seconds left.\n|\n|t:|1682608485\n|-terastallize|p1b: Palafin|Water\n|move|p2a: Flutter Mane|Dazzling Gleam|p1b: Palafin|[spread] p1a,p1b\n|-supereffective|p1a: Flapple\n|-crit|p1b: Palafin\n|-damage|p1a: Flapple|0 fnt\n|-damage|p1b: Palafin|31\/100 brn\n|faint|p1a: Flapple\n|move|p1b: Palafin|Wave Crash|p2b: Arcanine\n|-supereffective|p2b: Arcanine\n|-damage|p2b: Arcanine|0 fnt\n|faint|p2b: Arcanine\n|-damage|p1b: Palafin|7\/100 brn|[from] Recoil\n|\n|-damage|p1b: Palafin|2\/100 brn|[from] brn\n|upkeep\n|\n|t:|1682608498\n|switch|p1a: Amoonguss|Amoonguss, L50, F|100\/100\n|switch|p2b: Chien-Pao|Chien-Pao, L50|100\/100\n|-ability|p2b: Chien-Pao|Sword of Ruin\n|turn|6\n|\n|t:|1682608509\n|move|p2a: Flutter Mane|Icy Wind|p1a: Amoonguss|[spread] p1a,p1b\n|-supereffective|p1a: Amoonguss\n|-resisted|p1b: Palafin\n|-damage|p1a: Amoonguss|72\/100\n|-damage|p1b: Palafin|0 fnt\n|-unboost|p1a: Amoonguss|spe|1\n|faint|p1b: Palafin\n|move|p2b: Chien-Pao|Ice Spinner|p1a: Amoonguss\n|-supereffective|p1a: Amoonguss\n|-damage|p1a: Amoonguss|0 fnt\n|faint|p1a: Amoonguss\n|\n|win|lax2145\n|raw|Card!stack's rating: 1079 → 1052<\/strong> (-27 for losing)\n|raw|lax2145's rating: 1000 → 1049<\/strong> (+49 for winning)\n|l|\u2606Card!stack\n","uploadtime":1682608521,"views":6,"p1id":"cardstack","p2id":"lax2145","formatid":"gen9vgc2023regulationc","rating":1049,"private":0,"password":""}