{"id":"gen9vgc2023regulationc-1852117884","p1":"Pierre113","p2":"wata97","format":"[Gen 9] VGC 2023 Regulation C","log":"|j|\u2606Pierre113\n|j|\u2606wata97\n|t:|1682525586\n|gametype|doubles\n|player|p1|Pierre113|palmer|1622\n|player|p2|wata97|101|1695\n|teamsize|p1|6\n|teamsize|p2|6\n|gen|9\n|tier|[Gen 9] VGC 2023 Regulation C\n|rated|\n|rule|Species Clause: Limit one of each Pok\u00e9mon\n|rule|Item Clause: Limit one of each item\n|clearpoke\n|poke|p1|Flutter Mane, L50|\n|poke|p1|Amoonguss, L50, F|\n|poke|p1|Chi-Yu, L50|\n|poke|p1|Gyarados, L50, M|\n|poke|p1|Iron Hands, L50|\n|poke|p1|Baxcalibur, L50, F|\n|poke|p2|Amoonguss, L50, M|\n|poke|p2|Dragonite, L50, M|\n|poke|p2|Chien-Pao, L50|\n|poke|p2|Arcanine, L50, F|\n|poke|p2|Gholdengo, L50|\n|poke|p2|Ting-Lu, L50|\n|teampreview|4\nwata97 has agreed to open team sheets.\nPierre113 has agreed to open team sheets.\n|inactive|Battle timer is ON: inactive players will automatically lose when time's up. (requested by wata97)\n|j| Withoutexcuse\n|inactive|Pierre113 has 60 seconds left.\n|inactive|wata97 has 60 seconds left.\n|inactive|Pierre113 has 30 seconds left.\n|inactive|Pierre113 has 20 seconds left.\n|\n|t:|1682525664\n|start\n|switch|p1a: Baxcalibur|Baxcalibur, L50, F|100\/100\n|switch|p1b: Chi-Yu|Chi-Yu, L50|100\/100\n|switch|p2a: Ting-Lu|Ting-Lu, L50|100\/100\n|switch|p2b: Amoonguss|Amoonguss, L50, M|100\/100\n|-ability|p1b: Chi-Yu|Beads of Ruin\n|-ability|p2a: Ting-Lu|Vessel of Ruin\n|turn|1\n|\n|t:|1682525686\n|switch|p1a: Gyarados|Gyarados, L50, M|100\/100\n|-ability|p1a: Gyarados|Intimidate|boost\n|-unboost|p2a: Ting-Lu|atk|1\n|-unboost|p2b: Amoonguss|atk|1\n|-terastallize|p1b: Chi-Yu|Grass\n|-terastallize|p2a: Ting-Lu|Poison\n|move|p2b: Amoonguss|Protect|p2b: Amoonguss\n|-singleturn|p2b: Amoonguss|Protect\n|move|p1b: Chi-Yu|Heat Wave|p2b: Amoonguss|[spread] p2a\n|-activate|p2b: Amoonguss|move: Protect\n|-damage|p2a: Ting-Lu|77\/100\n|move|p2a: Ting-Lu|Stomping Tantrum|p1b: Chi-Yu\n|-resisted|p1b: Chi-Yu\n|-damage|p1b: Chi-Yu|82\/100\n|\n|upkeep\n|turn|2\n|inactive|Pierre113 has 30 seconds left.\n|\n|t:|1682525712\n|switch|p2b: Dragonite|Dragonite, L50, M|100\/100\n|move|p1b: Chi-Yu|Heat Wave|p2b: Dragonite|[spread] p2a,p2b\n|-resisted|p2b: Dragonite\n|-damage|p2a: Ting-Lu|52\/100\n|-damage|p2b: Dragonite|88\/100\n|move|p1a: Gyarados|Dragon Dance|p1a: Gyarados\n|-boost|p1a: Gyarados|atk|1\n|-boost|p1a: Gyarados|spe|1\n|move|p2a: Ting-Lu|Heavy Slam|p1b: Chi-Yu\n|-damage|p1b: Chi-Yu|45\/100\n|\n|upkeep\n|turn|3\n|\n|t:|1682525735\n|switch|p1b: Iron Hands|Iron Hands, L50|100\/100\n|switch|p2a: Amoonguss|Amoonguss, L50, M|100\/100\n|move|p2b: Dragonite|Extreme Speed|p1b: Iron Hands\n|-damage|p1b: Iron Hands|70\/100\n|move|p1a: Gyarados|Waterfall|p2a: Amoonguss\n|-resisted|p2a: Amoonguss\n|-crit|p2a: Amoonguss\n|-damage|p2a: Amoonguss|57\/100\n|\n|-heal|p2a: Amoonguss|63\/100|[from] item: Leftovers\n|upkeep\n|turn|4\n|inactive|Pierre113 has 30 seconds left.\n|\n|t:|1682525767\n|switch|p1a: Baxcalibur|Baxcalibur, L50, F|100\/100\n|move|p2a: Amoonguss|Protect|p2a: Amoonguss\n|-singleturn|p2a: Amoonguss|Protect\n|move|p1b: Iron Hands|Fake Out|p2a: Amoonguss\n|-activate|p2a: Amoonguss|move: Protect\n|move|p2b: Dragonite|Extreme Speed|p1b: Iron Hands\n|-damage|p1b: Iron Hands|39\/100\n|\n|-heal|p2a: Amoonguss|69\/100|[from] item: Leftovers\n|upkeep\n|turn|5\n|\n|t:|1682525790\n|switch|p2b: Chien-Pao|Chien-Pao, L50|100\/100\n|-ability|p2b: Chien-Pao|Sword of Ruin\n|-end|p1b: Iron Hands|Quark Drive|[silent]\n|switch|p1b: Gyarados|Gyarados, L50, M|100\/100\n|-ability|p1b: Gyarados|Intimidate|boost\n|-unboost|p2a: Amoonguss|atk|1\n|-unboost|p2b: Chien-Pao|atk|1\n|move|p1a: Baxcalibur|Icicle Crash|p2a: Amoonguss\n|-supereffective|p2a: Amoonguss\n|-damage|p2a: Amoonguss|0 fnt\n|faint|p2a: Amoonguss\n|\n|upkeep\n|\n|t:|1682525801\n|switch|p2a: Dragonite|Dragonite, L50, M|88\/100\n|turn|6\n|\n|t:|1682525816\n|switch|p1b: Iron Hands|Iron Hands, L50|39\/100\n|move|p1a: Baxcalibur|Protect|p1a: Baxcalibur\n|-singleturn|p1a: Baxcalibur|Protect\n|move|p2a: Dragonite|Extreme Speed|p1a: Baxcalibur\n|-activate|p1a: Baxcalibur|move: Protect\n|move|p2b: Chien-Pao|Sacred Sword|p1a: Baxcalibur\n|-activate|p1a: Baxcalibur|move: Protect\n|\n|upkeep\n|turn|7\n|inactive|Pierre113 has 30 seconds left.\n|inactive|Pierre113 has 20 seconds left.\n|inactive|Pierre113 has 15 seconds left.\n|\n|t:|1682525856\n|switch|p2b: Ting-Lu|Ting-Lu, L50, tera:Poison|52\/100\n|-ability|p2b: Ting-Lu|Vessel of Ruin\n|move|p1b: Iron Hands|Fake Out|p2b: Ting-Lu\n|-damage|p2b: Ting-Lu|42\/100\n|move|p2a: Dragonite|Extreme Speed|p1a: Baxcalibur\n|-damage|p1a: Baxcalibur|57\/100\n|move|p1a: Baxcalibur|Icicle Crash|p2a: Dragonite\n|-supereffective|p2a: Dragonite\n|-damage|p2a: Dragonite|0 fnt\n|faint|p2a: Dragonite\n|\n|upkeep\n|\n|t:|1682525867\n|switch|p2a: Chien-Pao|Chien-Pao, L50|100\/100\n|-ability|p2a: Chien-Pao|Sword of Ruin\n|turn|8\n|j| NaughtyGirl-chan\n|\n|t:|1682525882\n|-end|p1b: Iron Hands|Quark Drive|[silent]\n|switch|p1b: Gyarados|Gyarados, L50, M|100\/100\n|-ability|p1b: Gyarados|Intimidate|boost\n|-unboost|p2a: Chien-Pao|atk|1\n|-unboost|p2b: Ting-Lu|atk|1\n|move|p1a: Baxcalibur|Ice Shard|p2a: Chien-Pao\n|-resisted|p2a: Chien-Pao\n|-damage|p2a: Chien-Pao|82\/100\n|move|p2a: Chien-Pao|Sacred Sword|p1a: Baxcalibur\n|-supereffective|p1a: Baxcalibur\n|-damage|p1a: Baxcalibur|7\/100\n|move|p2b: Ting-Lu|Stomping Tantrum|p1b: Gyarados\n|-immune|p1b: Gyarados\n|\n|upkeep\n|turn|9\n|l| NaughtyGirl-chan\n|inactive|Pierre113 has 30 seconds left.\n|\n|t:|1682525909\n|move|p1a: Baxcalibur|Protect|p1a: Baxcalibur\n|-singleturn|p1a: Baxcalibur|Protect\n|move|p2a: Chien-Pao|Sucker Punch||[still]\n|-fail|p2a: Chien-Pao\n|move|p1b: Gyarados|Waterfall|p2b: Ting-Lu\n|-damage|p2b: Ting-Lu|8\/100\n|move|p2b: Ting-Lu|Ruination|p1b: Gyarados\n|-damage|p1b: Gyarados|51\/100\n|\n|upkeep\n|turn|10\n|inactive|Pierre113 has 30 seconds left.\n|\n|t:|1682525937\n|switch|p1b: Chi-Yu|Chi-Yu, L50, tera:Grass|45\/100\n|-ability|p1b: Chi-Yu|Beads of Ruin\n|switch|p1a: Iron Hands|Iron Hands, L50|39\/100\n|move|p2a: Chien-Pao|Sucker Punch||[still]\n|-fail|p2a: Chien-Pao\n|move|p2b: Ting-Lu|Heavy Slam|p1b: Chi-Yu\n|-damage|p1b: Chi-Yu|0 fnt\n|faint|p1b: Chi-Yu\n|\n|upkeep\n|\n|t:|1682525956\n|switch|p1b: Gyarados|Gyarados, L50, M|51\/100\n|-ability|p1b: Gyarados|Intimidate|boost\n|-unboost|p2a: Chien-Pao|atk|1\n|-unboost|p2b: Ting-Lu|atk|1\n|turn|11\n|\n|t:|1682525965\n|move|p2a: Chien-Pao|Ice Spinner|p1b: Gyarados\n|-damage|p1b: Gyarados|21\/100\n|move|p1b: Gyarados|Waterfall|p2b: Ting-Lu\n|-damage|p2b: Ting-Lu|0 fnt\n|faint|p2b: Ting-Lu\n|move|p1a: Iron Hands|Drain Punch|p2a: Chien-Pao\n|-supereffective|p2a: Chien-Pao\n|-damage|p2a: Chien-Pao|0 fnt\n|-heal|p1a: Iron Hands|65\/100|[from] drain|[of] p2a: Chien-Pao\n|faint|p2a: Chien-Pao\n|\n|win|Pierre113\n|raw|Pierre113's rating: 1622 → 1646<\/strong> (+24 for winning)\n|raw|wata97's rating: 1695 → 1671<\/strong> (-24 for losing)\n|c|\u2606Pierre113|g\n|c|\u2606Pierre113|gg\n|l|\u2606wata97\n","uploadtime":1682526012,"views":11,"p1id":"pierre113","p2id":"wata97","formatid":"gen9vgc2023regulationc","rating":1646,"private":0,"password":""}