{"id":"gen9vgc2023regulationc-1855143118","p1":"jamesdaltonbell","p2":"Goatdozo","format":"[Gen 9] VGC 2023 Regulation C","log":"|j|\u2606jamesdaltonbell\n|j|\u2606Goatdozo\n|t:|1682906543\n|gametype|doubles\n|player|p1|jamesdaltonbell|pokemonbreeder|\n|player|p2|Goatdozo|cyclistf|\n|teamsize|p1|6\n|teamsize|p2|6\n|gen|9\n|tier|[Gen 9] VGC 2023 Regulation C\n|rule|Species Clause: Limit one of each Pok\u00e9mon\n|rule|Item Clause: Limit one of each item\n|clearpoke\n|poke|p1|Talonflame, L50, F|\n|poke|p1|Roaring Moon, L50|\n|poke|p1|Scizor, L50, F|\n|poke|p1|Quaquaval, L50, F|\n|poke|p1|Toedscruel, L50, F|\n|poke|p1|Carkol, L50, F|\n|poke|p2|Armarouge, L50, M|\n|poke|p2|Flutter Mane, L50|\n|poke|p2|Eelektrik, L50, M|\n|poke|p2|Hawlucha, L50, M|\n|poke|p2|Indeedee-F, L50, F|\n|poke|p2|Azumarill, L50, F|\n|teampreview|4\n|c|\u2606jamesdaltonbell|g2\n|c|\u2606Goatdozo|glhf\n|c|\u2606jamesdaltonbell|samsies\n|\n|t:|1682907021\n|start\n|switch|p1a: Etrigan the Demon|Roaring Moon, L50|100\/100\n|switch|p1b: Hawkman|Talonflame, L50, F|100\/100\n|switch|p2a: Jillaroo|Indeedee-F, L50, F|100\/100\n|switch|p2b: Thongs|Flutter Mane, L50|100\/100\n|-fieldstart|move: Psychic Terrain|[from] ability: Psychic Surge|[of] p2a: Jillaroo\n|-enditem|p2b: Thongs|Booster Energy\n|-activate|p2b: Thongs|ability: Protosynthesis|[fromitem]\n|-start|p2b: Thongs|protosynthesisspe\n|-enditem|p1a: Etrigan the Demon|Booster Energy\n|-activate|p1a: Etrigan the Demon|ability: Protosynthesis|[fromitem]\n|-start|p1a: Etrigan the Demon|protosynthesisspe\n|turn|1\n|\n|t:|1682907064\n|move|p2b: Thongs|Moonblast|p1a: Etrigan the Demon\n|-supereffective|p1a: Etrigan the Demon\n|-damage|p1a: Etrigan the Demon|0 fnt\n|faint|p1a: Etrigan the Demon\n|-end|p1a: Etrigan the Demon|Protosynthesis|[silent]\n|move|p1b: Hawkman|Flare Blitz|p2b: Thongs\n|-damage|p2b: Thongs|0 fnt\n|faint|p2b: Thongs\n|-end|p2b: Thongs|Protosynthesis|[silent]\n|-damage|p1b: Hawkman|75\/100|[from] Recoil\n|-damage|p1b: Hawkman|65\/100|[from] item: Life Orb\n|move|p2a: Jillaroo|Trick Room|p2a: Jillaroo\n|-fieldstart|move: Trick Room|[of] p2a: Jillaroo\n|\n|upkeep\n|\n|t:|1682907076\n|switch|p1a: Red Volcano|Carkol, L50, F|100\/100\n|switch|p2b: Surf Life Saving|Eelektrik, L50, M|100\/100\n|turn|2\n|\n|t:|1682907146\n|-terastallize|p1a: Red Volcano|Grass\n|move|p2a: Jillaroo|Follow Me|p2a: Jillaroo\n|-singleturn|p2a: Jillaroo|move: Follow Me\n|move|p2b: Surf Life Saving|Thunderbolt|p1b: Hawkman\n|-supereffective|p1b: Hawkman\n|-damage|p1b: Hawkman|0 fnt\n|faint|p1b: Hawkman\n|move|p1a: Red Volcano|Iron Defense|p1a: Red Volcano\n|-boost|p1a: Red Volcano|def|2\n|\n|upkeep\n|\n|t:|1682907155\n|switch|p1b: Steel|Scizor, L50, F|100\/100\n|turn|3\n|\n|t:|1682907170\n|move|p2b: Surf Life Saving|Acid Spray|p1a: Red Volcano\n|-supereffective|p1a: Red Volcano\n|-damage|p1a: Red Volcano|92\/100\n|-unboost|p1a: Red Volcano|spd|2\n|move|p1a: Red Volcano|Body Press|p2b: Surf Life Saving\n|-damage|p2b: Surf Life Saving|79\/100\n|move|p1b: Steel|Aerial Ace|p2b: Surf Life Saving\n|-resisted|p2b: Surf Life Saving\n|-damage|p2b: Surf Life Saving|66\/100\n|move|p2a: Jillaroo|Dazzling Gleam|p1b: Steel|[spread] p1a,p1b\n|-resisted|p1b: Steel\n|-crit|p1b: Steel\n|-damage|p1a: Red Volcano|78\/100\n|-damage|p1b: Steel|93\/100\n|\n|upkeep\n|turn|4\n|\n|t:|1682907207\n|move|p2b: Surf Life Saving|Acid Spray|p1a: Red Volcano\n|-supereffective|p1a: Red Volcano\n|-damage|p1a: Red Volcano|60\/100\n|-unboost|p1a: Red Volcano|spd|2\n|move|p1a: Red Volcano|Will-O-Wisp|p2b: Surf Life Saving\n|-status|p2b: Surf Life Saving|brn\n|move|p1b: Steel|Aerial Ace|p2b: Surf Life Saving\n|-resisted|p2b: Surf Life Saving\n|-damage|p2b: Surf Life Saving|55\/100 brn\n|move|p2a: Jillaroo|Dazzling Gleam|p1b: Steel|[spread] p1a,p1b\n|-resisted|p1b: Steel\n|-damage|p1a: Red Volcano|36\/100\n|-damage|p1b: Steel|87\/100\n|\n|-damage|p2b: Surf Life Saving|49\/100 brn|[from] brn\n|upkeep\n|turn|5\n|\n|t:|1682907250\n|switch|p2a: Footy|Hawlucha, L50, M|100\/100\n|-enditem|p2a: Footy|Psychic Seed\n|-boost|p2a: Footy|spd|1|[from] item: Psychic Seed\n|move|p2b: Surf Life Saving|Thunderbolt|p1a: Red Volcano\n|-resisted|p1a: Red Volcano\n|-damage|p1a: Red Volcano|15\/100\n|move|p1a: Red Volcano|Body Press|p2b: Surf Life Saving\n|-damage|p2b: Surf Life Saving|26\/100 brn\n|move|p1b: Steel|Aerial Ace|p2b: Surf Life Saving\n|-resisted|p2b: Surf Life Saving\n|-damage|p2b: Surf Life Saving|14\/100 brn\n|\n|-damage|p2b: Surf Life Saving|8\/100 brn|[from] brn\n|-fieldend|move: Trick Room\n|-fieldend|move: Psychic Terrain\n|upkeep\n|turn|6\n|\n|t:|1682907285\n|move|p2a: Footy|Bulk Up|p2a: Footy\n|-boost|p2a: Footy|atk|1\n|-boost|p2a: Footy|def|1\n|move|p1b: Steel|Aerial Ace|p2a: Footy\n|-supereffective|p2a: Footy\n|-damage|p2a: Footy|55\/100\n|move|p1a: Red Volcano|Body Press|p2b: Surf Life Saving\n|-damage|p2b: Surf Life Saving|0 fnt\n|faint|p2b: Surf Life Saving\n|\n|upkeep\n|\n|t:|1682907292\n|switch|p2b: Jillaroo|Indeedee-F, L50, F|100\/100\n|-fieldstart|move: Psychic Terrain|[from] ability: Psychic Surge|[of] p2b: Jillaroo\n|turn|7\n|\n|t:|1682907305\n|move|p2b: Jillaroo|Follow Me|p2b: Jillaroo\n|-singleturn|p2b: Jillaroo|move: Follow Me\n|move|p2a: Footy|Acrobatics|p1a: Red Volcano\n|-supereffective|p1a: Red Volcano\n|-damage|p1a: Red Volcano|0 fnt\n|faint|p1a: Red Volcano\n|move|p1b: Steel|Aerial Ace|p2b: Jillaroo\n|-damage|p2b: Jillaroo|49\/100\n|\n|upkeep\n|turn|8\n|\n|t:|1682907325\n|-terastallize|p2a: Footy|Flying\n|move|p2b: Jillaroo|Follow Me|p2b: Jillaroo\n|-singleturn|p2b: Jillaroo|move: Follow Me\n|move|p2a: Footy|Acrobatics|p1b: Steel\n|-damage|p1b: Steel|9\/100\n|move|p1b: Steel|Aerial Ace|p2b: Jillaroo\n|-damage|p2b: Jillaroo|0 fnt\n|faint|p2b: Jillaroo\n|\n|upkeep\n|turn|9\n|c|\u2606Goatdozo|gg\n|\n|t:|1682907355\n|move|p1b: Steel|Bullet Punch|p2a: Footy\n|-hint|Psychic Terrain doesn't affect Pok\u00e9mon immune to Ground.\n|-damage|p2a: Footy|31\/100\n|move|p2a: Footy|Acrobatics|p1b: Steel\n|-damage|p1b: Steel|0 fnt\n|faint|p1b: Steel\n|\n|win|Goatdozo\n|c|\u2606jamesdaltonbell|gg\n|c|\u2606jamesdaltonbell|not quite on the BP on that last turn\n","uploadtime":1682907376,"views":24,"p1id":"jamesdaltonbell","p2id":"goatdozo","formatid":"gen9vgc2023regulationc","rating":0,"private":0,"password":""}