{"id":"gen9vgc2023regulationc-1860167338","p1":"Mumumumum","p2":"JonaFlores","format":"[Gen 9] VGC 2023 Regulation C","log":"|j|\u2606Mumumumum\n|j|\u2606JonaFlores\n|t:|1683603740\n|gametype|doubles\n|player|p1|Mumumumum|101|1184\n|player|p2|JonaFlores|drayden|1206\n|teamsize|p1|6\n|teamsize|p2|6\n|gen|9\n|tier|[Gen 9] VGC 2023 Regulation C\n|rated|\n|rule|Species Clause: Limit one of each Pok\u00e9mon\n|rule|Item Clause: Limit one of each item\n|clearpoke\n|poke|p1|Sandy Shocks, L50|\n|poke|p1|Chi-Yu, L50|\n|poke|p1|Espathra, L50, M|\n|poke|p1|Sylveon, L50, M|\n|poke|p1|Dondozo, L50, M|\n|poke|p1|Tatsugiri-Stretchy, L50, M|\n|poke|p2|Gastrodon-East, L50, M|\n|poke|p2|Grimmsnarl, L50, M|\n|poke|p2|Gengar, L50, M|\n|poke|p2|Volcarona, L50, M|\n|poke|p2|Corviknight, L50, M|\n|poke|p2|Baxcalibur, L50, M|\n|teampreview|4\n|\n|t:|1683603770\n|start\n|switch|p1a: Sandy Shocks|Sandy Shocks, L50, shiny|100\/100\n|switch|p1b: Espathra|Espathra, L50, M|100\/100\n|switch|p2a: Baxcalibur|Baxcalibur, L50, M|100\/100\n|switch|p2b: Corviknight|Corviknight, L50, M, shiny|100\/100\n|-enditem|p1a: Sandy Shocks|Booster Energy\n|-activate|p1a: Sandy Shocks|ability: Protosynthesis|[fromitem]\n|-start|p1a: Sandy Shocks|protosynthesisspe\n|turn|1\n|inactive|Battle timer is ON: inactive players will automatically lose when time's up. (requested by JonaFlores)\n|\n|t:|1683603782\n|move|p1a: Sandy Shocks|Gravity|p1a: Sandy Shocks\n|-fieldstart|move: Gravity\n|move|p1b: Espathra|Hypnosis|p2b: Corviknight\n|-status|p2b: Corviknight|slp|[from] move: Hypnosis\n|move|p2a: Baxcalibur|Icicle Spear|p1a: Sandy Shocks\n|-supereffective|p1a: Sandy Shocks\n|-damage|p1a: Sandy Shocks|70\/100\n|-supereffective|p1a: Sandy Shocks\n|-damage|p1a: Sandy Shocks|37\/100\n|-supereffective|p1a: Sandy Shocks\n|-damage|p1a: Sandy Shocks|4\/100\n|-supereffective|p1a: Sandy Shocks\n|-damage|p1a: Sandy Shocks|0 fnt\n|faint|p1a: Sandy Shocks\n|-end|p1a: Sandy Shocks|Protosynthesis|[silent]\n|-hitcount|p1: Sandy Shocks|4\n|cant|p2b: Corviknight|slp\n|\n|-ability|p1b: Espathra|Speed Boost|boost\n|-boost|p1b: Espathra|spe|1\n|upkeep\n|\n|t:|1683603791\n|switch|p1a: Dondozo|Dondozo, L50, M|100\/100\n|turn|2\n|\n|t:|1683603801\n|switch|p1b: Tatsugiri|Tatsugiri-Stretchy, L50, M|100\/100\n|-activate|p1b: Tatsugiri|ability: Commander|[of] p1a: Dondozo\n|-boost|p1a: Dondozo|atk|2\n|-boost|p1a: Dondozo|spa|2\n|-boost|p1a: Dondozo|spe|2\n|-boost|p1a: Dondozo|def|2\n|-boost|p1a: Dondozo|spd|2\n|-terastallize|p1a: Dondozo|Ground\n|move|p2a: Baxcalibur|Protect|p2a: Baxcalibur\n|-singleturn|p2a: Baxcalibur|Protect\n|move|p1a: Dondozo|Earthquake|p2b: Corviknight|[spread] p2b\n|-miss|p1a: Dondozo|p1b: Tatsugiri\n|-activate|p2a: Baxcalibur|move: Protect\n|-supereffective|p2b: Corviknight\n|-damage|p2b: Corviknight|0 fnt\n|faint|p2b: Corviknight\n|\n|upkeep\n|\n|t:|1683603816\n|switch|p2b: Gastrodon|Gastrodon-East, L50, M|100\/100\n|turn|3\n|\n|t:|1683603826\n|move|p1a: Dondozo|Earthquake|p2a: Baxcalibur|[spread] p2a,p2b\n|-miss|p1a: Dondozo|p1b: Tatsugiri\n|-damage|p2a: Baxcalibur|0 fnt\n|-damage|p2b: Gastrodon|0 fnt\n|faint|p2a: Baxcalibur\n|faint|p2b: Gastrodon\n|\n|upkeep\n|\n|t:|1683603830\n|switch|p2b: Volcarona|Volcarona, L50, M|100\/100\n|turn|4\n|\n|t:|1683603836\n|-terastallize|p2b: Volcarona|Grass\n|move|p1a: Dondozo|Earthquake|p2b: Volcarona|[spread] p2b\n|-miss|p1a: Dondozo|p1b: Tatsugiri\n|-resisted|p2b: Volcarona\n|-damage|p2b: Volcarona|44\/100\n|move|p2b: Volcarona|Giga Drain|p1a: Dondozo\n|-supereffective|p1a: Dondozo\n|-damage|p1a: Dondozo|61\/100\n|-heal|p2b: Volcarona|68\/100|[from] drain|[of] p1a: Dondozo\n|\n|-heal|p2b: Volcarona|74\/100|[from] item: Leftovers\n|upkeep\n|turn|5\n|\n|t:|1683603844\n|move|p1a: Dondozo|Earthquake|p2b: Volcarona|[spread] p2b\n|-miss|p1a: Dondozo|p1b: Tatsugiri\n|-resisted|p2b: Volcarona\n|-damage|p2b: Volcarona|20\/100\n|move|p2b: Volcarona|Giga Drain|p1a: Dondozo\n|-supereffective|p1a: Dondozo\n|-damage|p1a: Dondozo|20\/100\n|-heal|p2b: Volcarona|44\/100|[from] drain|[of] p1a: Dondozo\n|\n|-heal|p2b: Volcarona|50\/100|[from] item: Leftovers\n|-fieldend|move: Gravity\n|upkeep\n|turn|6\n|\n|t:|1683603849\n|move|p1a: Dondozo|Earthquake|p2b: Volcarona|[spread] p2b\n|-miss|p1a: Dondozo|p1b: Tatsugiri\n|-resisted|p2b: Volcarona\n|-damage|p2b: Volcarona|0 fnt\n|faint|p2b: Volcarona\n|\n|win|Mumumumum\n|raw|Mumumumum's rating: 1184 → 1211<\/strong> (+27 for winning)\n|raw|JonaFlores's rating: 1206 → 1179<\/strong> (-27 for losing)\n|l|\u2606JonaFlores\n","uploadtime":1683603866,"views":9,"p1id":"mumumumum","p2id":"jonaflores","formatid":"gen9vgc2023regulationc","rating":1179,"private":0,"password":""}