{"id":"gen9vgc2023regulationc-1850944642","p1":"DanielP4l4d1n0","p2":"tang gang member","format":"[Gen 9] VGC 2023 Regulation C","log":"|j|\u2606DanielP4l4d1n0\n|j|\u2606tang gang member\n|t:|1682385311\n|gametype|doubles\n|player|p1|DanielP4l4d1n0|iris-gen5bw2|1467\n|player|p2|tang gang member|picnicker|1341\n|teamsize|p1|6\n|teamsize|p2|6\n|gen|9\n|tier|[Gen 9] VGC 2023 Regulation C\n|rated|\n|rule|Species Clause: Limit one of each Pok\u00e9mon\n|rule|Item Clause: Limit one of each item\n|clearpoke\n|poke|p1|Ting-Lu, L50|\n|poke|p1|Ceruledge, L50, F|\n|poke|p1|Flutter Mane, L50|\n|poke|p1|Amoonguss, L50, M|\n|poke|p1|Gyarados, L50, F|\n|poke|p1|Glimmora, L50, M|\n|poke|p2|Maushold-Four, L50|\n|poke|p2|Flutter Mane, L50|\n|poke|p2|Chien-Pao, L50|\n|poke|p2|Ting-Lu, L50|\n|poke|p2|Dragonite, L50, M|\n|poke|p2|Chi-Yu, L50|\n|teampreview|4\nDanielP4l4d1n0 has agreed to open team sheets.\n|\n|t:|1682385347\n|start\n|switch|p1a: Gyarados|Gyarados, L50, F|100\/100\n|switch|p1b: Glimmora|Glimmora, L50, M|100\/100\n|switch|p2a: Maushold|Maushold-Four, L50|100\/100\n|switch|p2b: Flutter Mane|Flutter Mane, L50|100\/100\n|-ability|p1a: Gyarados|Intimidate|boost\n|-unboost|p2a: Maushold|atk|1\n|-unboost|p2b: Flutter Mane|atk|1\n|-enditem|p2b: Flutter Mane|Booster Energy\n|-activate|p2b: Flutter Mane|ability: Protosynthesis|[fromitem]\n|-start|p2b: Flutter Mane|protosynthesisspe\n|turn|1\n|\n|t:|1682385366\n|switch|p1a: Amoonguss|Amoonguss, L50, M|100\/100\n|move|p2b: Flutter Mane|Shadow Ball|p1b: Glimmora\n|-damage|p1b: Glimmora|61\/100\n|move|p2a: Maushold|Population Bomb|p1a: Amoonguss\n|-damage|p1a: Amoonguss|96\/100\n|-damage|p1a: Amoonguss|91\/100\n|-damage|p1a: Amoonguss|87\/100\n|-damage|p1a: Amoonguss|82\/100\n|-damage|p1a: Amoonguss|78\/100\n|-damage|p1a: Amoonguss|74\/100\n|-damage|p1a: Amoonguss|69\/100\n|-damage|p1a: Amoonguss|64\/100\n|-damage|p1a: Amoonguss|60\/100\n|-damage|p1a: Amoonguss|55\/100\n|-hitcount|p1a: Amoonguss|10\n|move|p1b: Glimmora|Mortal Spin|p2b: Flutter Mane|[spread] p2a,p2b\n|-damage|p2a: Maushold|95\/100\n|-damage|p2b: Flutter Mane|90\/100\n|-status|p2a: Maushold|psn\n|-status|p2b: Flutter Mane|psn\n|\n|-damage|p2b: Flutter Mane|78\/100 psn|[from] psn\n|-damage|p2a: Maushold|83\/100 psn|[from] psn\n|upkeep\n|turn|2\n|\n|t:|1682385397\n|move|p2b: Flutter Mane|Shadow Ball|p1b: Glimmora\n|-damage|p1b: Glimmora|20\/100\n|-enditem|p1b: Glimmora|Sitrus Berry|[eat]\n|-heal|p1b: Glimmora|44\/100|[from] item: Sitrus Berry\n|move|p2a: Maushold|Population Bomb|p1a: Amoonguss\n|-damage|p1a: Amoonguss|51\/100\n|-damage|p1a: Amoonguss|46\/100\n|-damage|p1a: Amoonguss|42\/100\n|-damage|p1a: Amoonguss|37\/100\n|-damage|p1a: Amoonguss|32\/100\n|-damage|p1a: Amoonguss|28\/100\n|-damage|p1a: Amoonguss|23\/100\n|-damage|p1a: Amoonguss|19\/100\n|-damage|p1a: Amoonguss|14\/100\n|-damage|p1a: Amoonguss|10\/100\n|-hitcount|p1a: Amoonguss|10\n|move|p1b: Glimmora|Power Gem|p2a: Maushold\n|-damage|p2a: Maushold|35\/100 psn\n|move|p1a: Amoonguss|Pollen Puff|p1b: Glimmora\n|-heal|p1b: Glimmora|94\/100\n|\n|-damage|p2b: Flutter Mane|66\/100 psn|[from] psn\n|-damage|p2a: Maushold|23\/100 psn|[from] psn\n|upkeep\n|turn|3\n|\n|t:|1682385427\n|switch|p1a: Flutter Mane|Flutter Mane, L50|100\/100\n|-enditem|p1a: Flutter Mane|Booster Energy\n|-activate|p1a: Flutter Mane|ability: Protosynthesis|[fromitem]\n|-start|p1a: Flutter Mane|protosynthesisspa\n|move|p2b: Flutter Mane|Shadow Ball|p1b: Glimmora\n|-damage|p1b: Glimmora|57\/100\n|-unboost|p1b: Glimmora|spd|1\n|move|p2a: Maushold|Encore||[still]\n|-fail|p2a: Maushold\n|move|p1b: Glimmora|Power Gem|p2b: Flutter Mane\n|-damage|p2b: Flutter Mane|22\/100 psn\n|\n|-damage|p2b: Flutter Mane|10\/100 psn|[from] psn\n|-damage|p2a: Maushold|10\/100 psn|[from] psn\n|upkeep\n|turn|4\n|\n|t:|1682385446\n|move|p1a: Flutter Mane|Protect|p1a: Flutter Mane\n|-singleturn|p1a: Flutter Mane|Protect\n|move|p1b: Glimmora|Spiky Shield|p1b: Glimmora\n|-singleturn|p1b: Glimmora|move: Protect\n|move|p2b: Flutter Mane|Shadow Ball|p1a: Flutter Mane\n|-activate|p1a: Flutter Mane|move: Protect\n|move|p2a: Maushold|Population Bomb|p1b: Glimmora\n|-activate|p1b: Glimmora|move: Protect\n|-damage|p2a: Maushold|0 fnt|[from] Spiky Shield|[of] p1b: Glimmora\n|faint|p2a: Maushold\n|\n|-damage|p2b: Flutter Mane|0 fnt|[from] psn\n|faint|p2b: Flutter Mane\n|-end|p2b: Flutter Mane|Protosynthesis|[silent]\n|upkeep\n|\n|t:|1682385451\n|switch|p2b: Dragonite|Dragonite, L50, M|100\/100\n|switch|p2a: Chien-Pao|Chien-Pao, L50|100\/100\n|-ability|p2a: Chien-Pao|Sword of Ruin\n|turn|5\n|\n|t:|1682385467\n|switch|p1b: Gyarados|Gyarados, L50, F|100\/100\n|-ability|p1b: Gyarados|Intimidate|boost\n|-unboost|p2a: Chien-Pao|atk|1\n|-fail|p2b: Dragonite|unboost|Attack|[from] ability: Inner Focus|[of] p2b: Dragonite\n|-terastallize|p1a: Flutter Mane|Fairy\n|-terastallize|p2b: Dragonite|Normal\n|move|p2b: Dragonite|Extreme Speed|p1b: Gyarados\n|-damage|p1b: Gyarados|15\/100\n|move|p2a: Chien-Pao|Ice Spinner|p1a: Flutter Mane\n|-damage|p1a: Flutter Mane|42\/100\n|move|p1a: Flutter Mane|Dazzling Gleam|p2a: Chien-Pao|[spread] p2a,p2b\n|-supereffective|p2a: Chien-Pao\n|-enditem|p2a: Chien-Pao|Focus Sash\n|-damage|p2a: Chien-Pao|1\/100\n|-damage|p2b: Dragonite|40\/100\n|\n|upkeep\n|turn|6\n|\n|t:|1682385494\n|move|p2b: Dragonite|Extreme Speed|p1a: Flutter Mane\n|-damage|p1a: Flutter Mane|0 fnt\n|faint|p1a: Flutter Mane\n|-end|p1a: Flutter Mane|Protosynthesis|[silent]\n|move|p2a: Chien-Pao|Sucker Punch|p1b: Gyarados\n|-damage|p1b: Gyarados|0 fnt\n|faint|p1b: Gyarados\n|\n|upkeep\n|\n|t:|1682385498\n|switch|p1a: Amoonguss|Amoonguss, L50, M|43\/100\n|switch|p1b: Glimmora|Glimmora, L50, M|57\/100\n|turn|7\n|\n|t:|1682385507\n|move|p2b: Dragonite|Extreme Speed|p1b: Glimmora\n|-resisted|p1b: Glimmora\n|-damage|p1b: Glimmora|14\/100\n|-activate|p1b: Glimmora|ability: Toxic Debris\n|-sidestart|p2: tang gang member|move: Toxic Spikes\n|move|p1a: Amoonguss|Rage Powder|p1a: Amoonguss\n|-singleturn|p1a: Amoonguss|move: Rage Powder\n|move|p2a: Chien-Pao|Ice Spinner|p1a: Amoonguss\n|-supereffective|p1a: Amoonguss\n|-damage|p1a: Amoonguss|0 fnt\n|faint|p1a: Amoonguss\n|move|p1b: Glimmora|Mortal Spin|p2b: Dragonite|[spread] p2a,p2b\n|-damage|p2a: Chien-Pao|0 fnt\n|-damage|p2b: Dragonite|33\/100\n|-status|p2b: Dragonite|psn\n|faint|p2a: Chien-Pao\n|\n|-damage|p2b: Dragonite|21\/100 psn|[from] psn\n|upkeep\n|turn|8\n|\n|t:|1682385523\n|move|p1b: Glimmora|Spiky Shield|p1b: Glimmora\n|-singleturn|p1b: Glimmora|move: Protect\n|move|p2b: Dragonite|Extreme Speed|p2: Chien-Pao|[notarget]\n|-fail|p2b: Dragonite\n|\n|-damage|p2b: Dragonite|9\/100 psn|[from] psn\n|upkeep\n|turn|9\n|c|\u2606DanielP4l4d1n0|WHAT\n|\n|t:|1682385535\n|move|p1b: Glimmora|Spiky Shield|p1b: Glimmora\n|-singleturn|p1b: Glimmora|move: Protect\n|move|p2b: Dragonite|Extreme Speed|p1b: Glimmora\n|-activate|p1b: Glimmora|move: Protect\n|-damage|p2b: Dragonite|0 fnt|[from] Spiky Shield|[of] p1b: Glimmora\n|faint|p2b: Dragonite\n|\n|win|DanielP4l4d1n0\n|raw|DanielP4l4d1n0's rating: 1467 → 1480<\/strong> (+13 for winning)\n|raw|tang gang member's rating: 1341 → 1328<\/strong> (-13 for losing)\n|c|\u2606tang gang member|bruh\n|c|\u2606tang gang member|i was gonna be so smart for that\n|c|\u2606tang gang member|ggs tho\n|c|\u2606DanielP4l4d1n0|Did you targeted your ally?\n|c|\u2606tang gang member|yes\n|c|\u2606DanielP4l4d1n0|Huh\n|c|\u2606DanielP4l4d1n0|Nice play, tough\n|c|\u2606tang gang member|thx gl in ur games\n","uploadtime":1682385583,"views":22,"p1id":"danielp4l4d1n0","p2id":"tanggangmember","formatid":"gen9vgc2023regulationc","rating":1328,"private":0,"password":""}