{"id":"gen9vgc2023regulationc-1861244751","p1":"Draco Jack17","p2":"DarthIgnus","format":"[Gen 9] VGC 2023 Regulation C","log":"|j|\u2606Draco Jack17\n|j|\u2606DarthIgnus\n|t:|1683739060\n|gametype|doubles\n|player|p1|Draco Jack17|n|\n|player|p2|DarthIgnus|dragontamer|\n|teamsize|p1|6\n|teamsize|p2|6\n|gen|9\n|tier|[Gen 9] VGC 2023 Regulation C\n|rule|Species Clause: Limit one of each Pok\u00e9mon\n|rule|Item Clause: Limit one of each item\n|clearpoke\n|poke|p1|Amoonguss, L50, M|\n|poke|p1|Iron Bundle, L50|\n|poke|p1|Chi-Yu, L50|\n|poke|p1|Dragapult, L50, M|\n|poke|p1|Scream Tail, L50|\n|poke|p1|Ting-Lu, L50|\n|poke|p2|Arcanine, L50, F|\n|poke|p2|Amoonguss, L50, F|\n|poke|p2|Palafin, L50, F|\n|poke|p2|Kingambit, L50, F|\n|poke|p2|Dragonite, L50, F|\n|poke|p2|Flutter Mane, L50|\n|teampreview|4\nDarthIgnus has agreed to open team sheets.\nDraco Jack17 has agreed to open team sheets.\n|\n|t:|1683739103\n|start\n|switch|p1a: Pride 2|Scream Tail, L50|100\/100\n|switch|p1b: Sloth|Ting-Lu, L50|100\/100\n|switch|p2a: Flutter Mane|Flutter Mane, L50|100\/100\n|switch|p2b: Palafin|Palafin, L50, F|100\/100\n|-ability|p1b: Sloth|Vessel of Ruin\n|-enditem|p1a: Pride 2|Booster Energy\n|-activate|p1a: Pride 2|ability: Protosynthesis|[fromitem]\n|-start|p1a: Pride 2|protosynthesisspe\n|-enditem|p2a: Flutter Mane|Booster Energy\n|-activate|p2a: Flutter Mane|ability: Protosynthesis|[fromitem]\n|-start|p2a: Flutter Mane|protosynthesisspa\n|turn|1\n|\n|t:|1683739185\n|-terastallize|p2b: Palafin|Water\n|move|p1a: Pride 2|Thunder Wave|p2a: Flutter Mane\n|-status|p2a: Flutter Mane|par\n|move|p2b: Palafin|Wave Crash|p1b: Sloth\n|-supereffective|p1b: Sloth\n|-damage|p1b: Sloth|33\/100\n|-damage|p2b: Palafin|74\/100|[from] Recoil\n|move|p2a: Flutter Mane|Moonblast|p1b: Sloth\n|-supereffective|p1b: Sloth\n|-damage|p1b: Sloth|0 fnt\n|faint|p1b: Sloth\n|\n|upkeep\n|\n|t:|1683739197\n|switch|p1b: Greed|Iron Bundle, L50|100\/100\n|turn|2\n|\n|t:|1683739239\n|detailschange|p2b: Palafin|Palafin-Hero, L50, F, tera:Water\n|switch|p2b: Arcanine|Arcanine, L50, F|100\/100\n|-ability|p2b: Arcanine|Intimidate|boost\n|-unboost|p1a: Pride 2|atk|1\n|-unboost|p1b: Greed|atk|1\n|move|p2a: Flutter Mane|Protect|p2a: Flutter Mane\n|-singleturn|p2a: Flutter Mane|Protect\n|move|p1a: Pride 2|Disable|p2a: Flutter Mane\n|-activate|p2a: Flutter Mane|move: Protect\n|move|p1b: Greed|Hydro Pump|p2a: Flutter Mane\n|-activate|p2a: Flutter Mane|move: Protect\n|\n|upkeep\n|turn|3\n|\n|t:|1683739265\n|move|p1a: Pride 2|Thunder Wave|p2b: Arcanine\n|-status|p2b: Arcanine|par\n|move|p1b: Greed|Hydro Pump|p2a: Flutter Mane\n|-damage|p2a: Flutter Mane|35\/100 par\n|cant|p2a: Flutter Mane|par\n|move|p2b: Arcanine|Flare Blitz|p1b: Greed\n|-damage|p1b: Greed|37\/100\n|-damage|p2b: Arcanine|86\/100 par|[from] Recoil\n|\n|upkeep\n|turn|4\n|\n|t:|1683739289\n|-end|p1b: Greed|Quark Drive|[silent]\n|switch|p1b: Gluttony|Amoonguss, L50, M|100\/100\n|-end|p2a: Flutter Mane|Protosynthesis|[silent]\n|switch|p2a: Amoonguss|Amoonguss, L50, F|100\/100\n|move|p2b: Arcanine|Extreme Speed|p1b: Gluttony\n|-damage|p1b: Gluttony|85\/100\n|move|p1a: Pride 2|Disable|p2b: Arcanine\n|-start|p2b: Arcanine|Disable|Extreme Speed\n|\n|upkeep\n|turn|5\n|\n|t:|1683739340\n|move|p1b: Gluttony|Protect|p1b: Gluttony\n|-singleturn|p1b: Gluttony|Protect\n|move|p1a: Pride 2|Play Rough|p2b: Arcanine\n|-resisted|p2b: Arcanine\n|-damage|p2b: Arcanine|76\/100 par\n|move|p2b: Arcanine|Howl|p2b: Arcanine|[spread] p2a,p2b\n|-boost|p2a: Amoonguss|atk|1\n|-boost|p2b: Arcanine|atk|1\n|move|p2a: Amoonguss|Spore|p1a: Pride 2\n|-status|p1a: Pride 2|slp|[from] move: Spore\n|\n|upkeep\n|turn|6\n|\n|t:|1683739412\n|switch|p1b: Greed|Iron Bundle, L50|37\/100\n|cant|p1a: Pride 2|slp\n|move|p2b: Arcanine|Flare Blitz|p1b: Greed\n|-damage|p1b: Greed|0 fnt\n|faint|p1b: Greed\n|-end|p1b: Greed|Quark Drive|[silent]\n|-damage|p2b: Arcanine|68\/100 par|[from] Recoil\n|move|p2a: Amoonguss|Spore|p1a: Pride 2\n|-fail|p1a: Pride 2|slp\n|\n|upkeep\n|c|\u2606Draco Jack17|gg\n|-message|Draco Jack17 forfeited.\n|\n|win|DarthIgnus\n|c|\u2606DarthIgnus|gg man\n|c|\u2606DarthIgnus|you are a really good player\n|c|\u2606DarthIgnus|we should stay in touch for teambuilding and stuff\n","uploadtime":1683739463,"views":8,"p1id":"dracojack17","p2id":"darthignus","formatid":"gen9vgc2023regulationc","rating":0,"private":0,"password":""}