{"id":"gen9vgc2023regulationc-1857929366","p1":"slowpoke.jpg","p2":"aggron zheng","format":"[Gen 9] VGC 2023 Regulation C","log":"|j|\u2606slowpoke.jpg\n|j|\u2606aggron zheng\n|t:|1683248595\n|gametype|doubles\n|player|p1|slowpoke.jpg|beauty-gen2jp|1564\n|player|p2|aggron zheng|101|1652\n|teamsize|p1|6\n|teamsize|p2|6\n|gen|9\n|tier|[Gen 9] VGC 2023 Regulation C\n|rated|\n|rule|Species Clause: Limit one of each Pok\u00e9mon\n|rule|Item Clause: Limit one of each item\n|clearpoke\n|poke|p1|Gyarados, L50, F|\n|poke|p1|Iron Moth, L50|\n|poke|p1|Klefki, L50, M|\n|poke|p1|Rotom-Wash, L50|\n|poke|p1|Tyranitar, L50, M|\n|poke|p1|Annihilape, L50, F|\n|poke|p2|Dondozo, L50, M|\n|poke|p2|Tatsugiri, L50, F|\n|poke|p2|Chi-Yu, L50|\n|poke|p2|Iron Bundle, L50|\n|poke|p2|Dragonite, L50, M|\n|poke|p2|Kingambit, L50, F|\n|teampreview|4\nslowpoke.jpg has agreed to open team sheets.\n|c|\u2606aggron zheng|glhf\naggron zheng has agreed to open team sheets.\n|\n|t:|1683248686\n|start\n|switch|p1a: Gyarados|Gyarados, L50, F, shiny|100\/100\n|switch|p1b: Klefki|Klefki, L50, M|100\/100\n|switch|p2a: Iron Bundle|Iron Bundle, L50, shiny|100\/100\n|switch|p2b: Kingambit|Kingambit, L50, F|100\/100\n|-ability|p1a: Gyarados|Intimidate|boost\n|-unboost|p2a: Iron Bundle|atk|1\n|-unboost|p2b: Kingambit|atk|1\n|-ability|p2b: Kingambit|Defiant|boost\n|-boost|p2b: Kingambit|atk|2\n|-enditem|p2a: Iron Bundle|Booster Energy\n|-activate|p2a: Iron Bundle|ability: Quark Drive|[fromitem]\n|-start|p2a: Iron Bundle|quarkdrivespe\n|turn|1\n|\n|t:|1683248726\n|move|p1b: Klefki|Thunder Wave|p2a: Iron Bundle\n|-status|p2a: Iron Bundle|par\n|move|p2a: Iron Bundle|Hydro Pump|p1b: Klefki\n|-damage|p1b: Klefki|44\/100\n|move|p1a: Gyarados|Waterfall|p2b: Kingambit\n|-damage|p2b: Kingambit|55\/100\n|move|p2b: Kingambit|Iron Head|p1b: Klefki\n|-damage|p1b: Klefki|0 fnt\n|faint|p1b: Klefki\n|\n|upkeep\n|\n|t:|1683248737\n|switch|p1b: Iron Moth|Iron Moth, L50|100\/100\n|-enditem|p1b: Iron Moth|Booster Energy\n|-activate|p1b: Iron Moth|ability: Quark Drive|[fromitem]\n|-start|p1b: Iron Moth|quarkdrivespa\n|turn|2\n|\n|t:|1683248794\n|switch|p1a: Tyranitar|Tyranitar, L50, M|100\/100\n|-weather|Sandstorm|[from] ability: Sand Stream|[of] p1a: Tyranitar\n|move|p2b: Kingambit|Sucker Punch|p1b: Iron Moth\n|-damage|p1b: Iron Moth|1\/100\n|move|p1b: Iron Moth|Fiery Dance|p2b: Kingambit\n|-supereffective|p2b: Kingambit\n|-damage|p2b: Kingambit|0 fnt\n|-boost|p1b: Iron Moth|spa|1\n|faint|p2b: Kingambit\n|move|p2a: Iron Bundle|Freeze-Dry|p1a: Tyranitar\n|-damage|p1a: Tyranitar|86\/100\n|-status|p1a: Tyranitar|frz\n|\n|-weather|Sandstorm|[upkeep]\n|-damage|p1b: Iron Moth|0 fnt|[from] Sandstorm\n|-damage|p2a: Iron Bundle|94\/100 par|[from] Sandstorm\n|faint|p1b: Iron Moth\n|-end|p1b: Iron Moth|Quark Drive|[silent]\n|upkeep\n|\n|t:|1683248816\n|switch|p1b: Gyarados|Gyarados, L50, F, shiny|100\/100\n|switch|p2b: Chi-Yu|Chi-Yu, L50|100\/100\n|-ability|p2b: Chi-Yu|Beads of Ruin\n|-ability|p1b: Gyarados|Intimidate|boost\n|-unboost|p2a: Iron Bundle|atk|1\n|-unboost|p2b: Chi-Yu|atk|1\n|turn|3\n|\n|t:|1683248832\n|move|p2b: Chi-Yu|Dark Pulse|p1b: Gyarados\n|-damage|p1b: Gyarados|50\/100\n|move|p2a: Iron Bundle|Freeze-Dry|p1b: Gyarados\n|-supereffective|p1b: Gyarados\n|-damage|p1b: Gyarados|0 fnt\n|faint|p1b: Gyarados\n|-curestatus|p1a: Tyranitar|frz|[msg]\n|move|p1a: Tyranitar|Rock Slide|p2b: Chi-Yu|[spread] p2a,p2b\n|-supereffective|p2a: Iron Bundle\n|-supereffective|p2b: Chi-Yu\n|-damage|p2a: Iron Bundle|17\/100 par\n|-damage|p2b: Chi-Yu|9\/100\n|\n|-weather|Sandstorm|[upkeep]\n|-damage|p2b: Chi-Yu|3\/100|[from] Sandstorm\n|-damage|p2a: Iron Bundle|11\/100 par|[from] Sandstorm\n|upkeep\n|turn|4\n|j| Gunfella\n|\n|t:|1683248848\n|move|p2b: Chi-Yu|Dark Pulse|p1a: Tyranitar\n|-resisted|p1a: Tyranitar\n|-damage|p1a: Tyranitar|74\/100\n|move|p2a: Iron Bundle|Hydro Pump|p1a: Tyranitar\n|-supereffective|p1a: Tyranitar\n|-damage|p1a: Tyranitar|19\/100\n|move|p1a: Tyranitar|Rock Slide|p2b: Chi-Yu|[spread] p2a,p2b\n|-supereffective|p2a: Iron Bundle\n|-supereffective|p2b: Chi-Yu\n|-damage|p2a: Iron Bundle|0 fnt\n|-damage|p2b: Chi-Yu|0 fnt\n|faint|p2a: Iron Bundle\n|-end|p2a: Iron Bundle|Quark Drive|[silent]\n|faint|p2b: Chi-Yu\n|\n|-weather|Sandstorm|[upkeep]\n|upkeep\n|\n|t:|1683248854\n|switch|p2a: Dragonite|Dragonite, L50, M|100\/100\n|turn|5\n|\n|t:|1683248861\n|move|p2a: Dragonite|Low Kick|p1a: Tyranitar\n|-supereffective|p1a: Tyranitar\n|-damage|p1a: Tyranitar|0 fnt\n|faint|p1a: Tyranitar\n|\n|win|aggron zheng\n|raw|slowpoke.jpg's rating: 1564 → 1549<\/strong> (-15 for losing)\n|raw|aggron zheng's rating: 1652 → 1667<\/strong> (+15 for winning)\n|l|\u2606slowpoke.jpg\n|c|\u2606aggron zheng|gg\n|l| Gunfella\n","uploadtime":1683249768,"views":5,"p1id":"slowpokejpg","p2id":"aggronzheng","formatid":"gen9vgc2023regulationc","rating":1549,"private":0,"password":""}