{"id":"gen9vgc2023regulationc-1851547360","p1":"juxp","p2":"my form empties","format":"[Gen 9] VGC 2023 Regulation C","log":"|j|\u2606juxp\n|j|\u2606my form empties\n|t:|1682454542\n|gametype|doubles\n|player|p1|juxp|acetrainerf-gen4|1299\n|player|p2|my form empties|unknownf|1275\n|teamsize|p1|6\n|teamsize|p2|6\n|gen|9\n|tier|[Gen 9] VGC 2023 Regulation C\n|rated|\n|rule|Species Clause: Limit one of each Pok\u00e9mon\n|rule|Item Clause: Limit one of each item\n|clearpoke\n|poke|p1|Ceruledge, L50, M|\n|poke|p1|Salamence, L50, F|\n|poke|p1|Ting-Lu, L50|\n|poke|p1|Rotom-Wash, L50|\n|poke|p1|Amoonguss, L50, M|\n|poke|p1|Kingambit, L50, M|\n|poke|p2|Roaring Moon, L50|\n|poke|p2|Corviknight, L50, M|\n|poke|p2|Garchomp, L50, F|\n|poke|p2|Flutter Mane, L50|\n|poke|p2|Arcanine, L50, F|\n|poke|p2|Gyarados, L50, M|\n|teampreview|4\nmy form empties has agreed to open team sheets.\n|\n|t:|1682454591\n|start\n|switch|p1a: Kingambit|Kingambit, L50, M, shiny|100\/100\n|switch|p1b: Salamence|Salamence, L50, F|100\/100\n|switch|p2a: Garchomp|Garchomp, L50, F|100\/100\n|switch|p2b: Roaring Moon|Roaring Moon, L50|100\/100\n|-ability|p1b: Salamence|Intimidate|boost\n|-fail|p2a: Garchomp|unboost|[from] item: Clear Amulet|[of] p2a: Garchomp\n|-unboost|p2b: Roaring Moon|atk|1\n|-enditem|p2b: Roaring Moon|Booster Energy\n|-activate|p2b: Roaring Moon|ability: Protosynthesis|[fromitem]\n|-start|p2b: Roaring Moon|protosynthesisspe\n|turn|1\n|\n|t:|1682454653\n|switch|p1b: Rotom|Rotom-Wash, L50, shiny|100\/100\n|-terastallize|p1a: Kingambit|Flying\n|move|p1a: Kingambit|Sucker Punch||[still]\n|-fail|p1a: Kingambit\n|move|p2b: Roaring Moon|Tailwind|p2b: Roaring Moon\n|-sidestart|p2: my form empties|move: Tailwind\n|move|p2a: Garchomp|Substitute|p2a: Garchomp\n|-start|p2a: Garchomp|Substitute\n|-damage|p2a: Garchomp|76\/100\n|\n|upkeep\n|turn|2\n|\n|t:|1682454686\n|switch|p1a: Amoonguss|Amoonguss, L50, M, shiny|100\/100\n|move|p2b: Roaring Moon|Throat Chop|p1b: Rotom\n|-damage|p1b: Rotom|69\/100\n|-start|p1b: Rotom|Throat Chop|[silent]\n|move|p2a: Garchomp|Rock Slide|p1a: Amoonguss|[spread] p1a,p1b\n|-damage|p1a: Amoonguss|85\/100\n|-damage|p1b: Rotom|50\/100\n|move|p1b: Rotom|Nasty Plot|p1b: Rotom\n|-boost|p1b: Rotom|spa|2\n|\n|-heal|p1b: Rotom|56\/100|[from] item: Leftovers\n|upkeep\n|turn|3\n|\n|t:|1682454705\n|-terastallize|p2b: Roaring Moon|Flying\n|move|p1b: Rotom|Protect|p1b: Rotom\n|-singleturn|p1b: Rotom|Protect\n|move|p2b: Roaring Moon|Acrobatics|p1a: Amoonguss\n|-supereffective|p1a: Amoonguss\n|-crit|p1a: Amoonguss\n|-damage|p1a: Amoonguss|0 fnt\n|-damage|p2b: Roaring Moon|84\/100|[from] item: Rocky Helmet|[of] p1a: Amoonguss\n|faint|p1a: Amoonguss\n|move|p2a: Garchomp|Rock Slide|p1b: Rotom\n|-activate|p1b: Rotom|move: Protect\n|\n|-heal|p1b: Rotom|62\/100|[from] item: Leftovers\n|-end|p1b: Rotom|Throat Chop|[silent]\n|upkeep\n|\n|t:|1682454717\n|switch|p1a: Salamence|Salamence, L50, F|100\/100\n|-ability|p1a: Salamence|Intimidate|boost\n|-immune|p2a: Garchomp\n|-unboost|p2b: Roaring Moon|atk|1\n|turn|4\n|\n|t:|1682454722\n|-end|p2b: Roaring Moon|Protosynthesis|[silent]\n|switch|p2b: Gyarados|Gyarados, L50, M|100\/100\n|-ability|p2b: Gyarados|Intimidate|boost\n|-unboost|p1a: Salamence|atk|1\n|-unboost|p1b: Rotom|atk|1\n|switch|p1a: Kingambit|Kingambit, L50, M, shiny, tera:Flying|100\/100\n|move|p2a: Garchomp|Rock Slide|p1b: Rotom|[spread] p1a,p1b\n|-supereffective|p1a: Kingambit\n|-damage|p1a: Kingambit|72\/100\n|-damage|p1b: Rotom|41\/100\n|move|p1b: Rotom|Thunderbolt|p2b: Gyarados\n|-supereffective|p2b: Gyarados\n|-damage|p2b: Gyarados|0 fnt\n|faint|p2b: Gyarados\n|\n|-heal|p1b: Rotom|46\/100|[from] item: Leftovers\n|-sideend|p2: my form empties|move: Tailwind\n|upkeep\n|\n|t:|1682454736\n|switch|p2b: MINT JAMS|Flutter Mane, L50|100\/100\n|turn|5\n|\n|t:|1682454743\n|move|p1a: Kingambit|Sucker Punch|p2b: MINT JAMS\n|-damage|p2b: MINT JAMS|26\/100\n|move|p2b: MINT JAMS|Dazzling Gleam|p1b: Rotom|[spread] p1a,p1b\n|-damage|p1a: Kingambit|48\/100\n|-damage|p1b: Rotom|8\/100\n|move|p2a: Garchomp|Rock Slide|p1b: Rotom|[spread] p1a,p1b\n|-supereffective|p1a: Kingambit\n|-damage|p1a: Kingambit|17\/100\n|-damage|p1b: Rotom|0 fnt\n|faint|p1b: Rotom\n|\n|upkeep\n|\n|t:|1682454752\n|switch|p1b: Salamence|Salamence, L50, F|100\/100\n|-ability|p1b: Salamence|Intimidate|boost\n|-immune|p2a: Garchomp\n|-unboost|p2b: MINT JAMS|atk|1\n|turn|6\n|\n|t:|1682454759\n|-end|p2b: MINT JAMS|Protosynthesis|[silent]\n|switch|p2b: Roaring Moon|Roaring Moon, L50, tera:Flying|84\/100\n|move|p1a: Kingambit|Sucker Punch||[still]\n|-fail|p1a: Kingambit\n|move|p2a: Garchomp|Rock Slide|p1b: Salamence|[spread] p1a,p1b\n|-supereffective|p1a: Kingambit\n|-supereffective|p1b: Salamence\n|-damage|p1a: Kingambit|0 fnt\n|-damage|p1b: Salamence|56\/100\n|faint|p1a: Kingambit\n|move|p1b: Salamence|Dragon Claw|p2a: Garchomp\n|-supereffective|p2a: Garchomp\n|-end|p2a: Garchomp|Substitute\n|\n|upkeep\n|turn|7\n|-message|juxp forfeited.\n|\n|win|my form empties\n|raw|juxp's rating: 1299 → 1272<\/strong> (-27 for losing)\n|raw|my form empties's rating: 1275 → 1302<\/strong> (+27 for winning)\n|l|\u2606juxp\n","uploadtime":1682454772,"views":18,"p1id":"juxp","p2id":"myformempties","formatid":"gen9vgc2023regulationc","rating":1272,"private":0,"password":""}