{"id":"gen9vgc2023regulationc-1850883482","p1":"GM fu gj","p2":"VGCcol","format":"[Gen 9] VGC 2023 Regulation C","log":"|j|\u2606GM fu gj\n|j|\u2606VGCcol\n|t:|1682378046\n|gametype|doubles\n|player|p1|GM fu gj|265|1029\n|player|p2|VGCcol|skyla|1091\n|teamsize|p1|6\n|teamsize|p2|6\n|gen|9\n|tier|[Gen 9] VGC 2023 Regulation C\n|rated|\n|rule|Species Clause: Limit one of each Pok\u00e9mon\n|rule|Item Clause: Limit one of each item\n|clearpoke\n|poke|p1|Drednaw, L50, F|\n|poke|p1|Pelipper, L50, F|\n|poke|p1|Ting-Lu, L50|\n|poke|p1|Grimmsnarl, L50, M|\n|poke|p1|Iron Hands, L50|\n|poke|p1|Salazzle, L50, F|\n|poke|p2|Scizor, L50, F|\n|poke|p2|Maushold, L50|\n|poke|p2|Annihilape, L50, M|\n|poke|p2|Iron Moth, L50|\n|poke|p2|Flutter Mane, L50|\n|poke|p2|Brute Bonnet, L50|\n|teampreview|4\n|\n|t:|1682378094\n|start\n|switch|p1a: Pelipper|Pelipper, L50, F|100\/100\n|switch|p1b: Drednaw|Drednaw, L50, F|100\/100\n|switch|p2a: Maushold|Maushold, L50|100\/100\n|switch|p2b: Annihilape|Annihilape, L50, M|100\/100\n|-weather|RainDance|[from] ability: Drizzle|[of] p1a: Pelipper\n|turn|1\n|\n|t:|1682378120\n|-terastallize|p1b: Drednaw|Water\n|move|p2a: Maushold|Protect|p2a: Maushold\n|-singleturn|p2a: Maushold|Protect\n|move|p2b: Annihilape|Protect|p2b: Annihilape\n|-singleturn|p2b: Annihilape|Protect\n|move|p1b: Drednaw|Waterfall|p2a: Maushold\n|-activate|p2a: Maushold|move: Protect\n|move|p1a: Pelipper|Hurricane|p2a: Maushold\n|-activate|p2a: Maushold|move: Protect\n|\n|-weather|RainDance|[upkeep]\n|upkeep\n|turn|2\n|\n|t:|1682378140\n|move|p1b: Drednaw|Protect|p1b: Drednaw\n|-singleturn|p1b: Drednaw|Protect\n|move|p2a: Maushold|Beat Up|p2b: Annihilape\n|-damage|p2b: Annihilape|99\/100\n|-damage|p2b: Annihilape|97\/100\n|-damage|p2b: Annihilape|94\/100\n|-damage|p2b: Annihilape|93\/100\n|-hitcount|p2b: Annihilape|4\n|move|p2b: Annihilape|Drain Punch|p1b: Drednaw\n|-activate|p1b: Drednaw|move: Protect\n|move|p1a: Pelipper|Tailwind|p1a: Pelipper\n|-sidestart|p1: GM fu gj|move: Tailwind\n|\n|-weather|RainDance|[upkeep]\n|-heal|p2b: Annihilape|99\/100|[from] item: Leftovers\n|upkeep\n|turn|3\n|\n|t:|1682378162\n|move|p2a: Maushold|Follow Me|p2a: Maushold\n|-singleturn|p2a: Maushold|move: Follow Me\n|move|p1b: Drednaw|Rock Slide|p2b: Annihilape|[spread] p2a\n|-miss|p1b: Drednaw|p2b: Annihilape\n|-damage|p2a: Maushold|63\/100\n|-damage|p1b: Drednaw|91\/100|[from] item: Life Orb\n|move|p1a: Pelipper|Hurricane|p2a: Maushold\n|-damage|p2a: Maushold|25\/100\n|-start|p2a: Maushold|confusion\n|-enditem|p2a: Maushold|Sitrus Berry|[eat]\n|-heal|p2a: Maushold|50\/100|[from] item: Sitrus Berry\n|move|p2b: Annihilape|Rage Fist|p1b: Drednaw\n|-damage|p1b: Drednaw|0 fnt\n|faint|p1b: Drednaw\n|\n|-weather|RainDance|[upkeep]\n|-heal|p2b: Annihilape|100\/100|[from] item: Leftovers\n|upkeep\n|\n|t:|1682378182\n|switch|p1b: Iron Hands|Iron Hands, L50|100\/100\n|turn|4\n|\n|t:|1682378219\n|-terastallize|p2b: Annihilape|Fire\n|move|p1a: Pelipper|Hurricane|p2b: Annihilape\n|-damage|p2b: Annihilape|79\/100\n|move|p1b: Iron Hands|Swords Dance|p1b: Iron Hands\n|-boost|p1b: Iron Hands|atk|2\n|-activate|p2a: Maushold|confusion\n|move|p2a: Maushold|Encore|p1a: Pelipper\n|-start|p1a: Pelipper|Encore\n|move|p2b: Annihilape|Rage Fist|p1b: Iron Hands\n|-damage|p1b: Iron Hands|22\/100\n|-enditem|p1b: Iron Hands|Sitrus Berry|[eat]\n|-heal|p1b: Iron Hands|47\/100|[from] item: Sitrus Berry\n|\n|-weather|RainDance|[upkeep]\n|-heal|p2b: Annihilape|85\/100|[from] item: Leftovers\n|upkeep\n|turn|5\n|-message|GM fu gj forfeited.\n|\n|win|VGCcol\n|raw|GM fu gj's rating: 1029 → 1017<\/strong> (-12 for losing)\n|raw|VGCcol's rating: 1091 → 1113<\/strong> (+22 for winning)\n|l|\u2606GM fu gj\n","uploadtime":1682378267,"views":16,"p1id":"gmfugj","p2id":"vgccol","formatid":"gen9vgc2023regulationc","rating":1017,"private":0,"password":""}