{"id":"gen9vgc2023regulationc-1849756084","p1":"EpicVolta","p2":"angryazumarill","format":"[Gen 9] VGC 2023 Regulation C","log":"|j|\u2606EpicVolta\n|j|\u2606angryazumarill\n|t:|1682246114\n|gametype|doubles\n|player|p1|EpicVolta|psychic-gen4|1157\n|player|p2|angryazumarill|169|1027\n|teamsize|p1|6\n|teamsize|p2|6\n|gen|9\n|tier|[Gen 9] VGC 2023 Regulation C\n|rated|\n|rule|Species Clause: Limit one of each Pok\u00e9mon\n|rule|Item Clause: Limit one of each item\n|clearpoke\n|poke|p1|Meowscarada, L50, M|\n|poke|p1|Breloom, L50, F|\n|poke|p1|Murkrow, L50, F|\n|poke|p1|Chi-Yu, L50|\n|poke|p1|Gholdengo, L50|\n|poke|p1|Ceruledge, L50, M|\n|poke|p2|Talonflame, L50, M|\n|poke|p2|Bellibolt, L50, M|\n|poke|p2|Dachsbun, L50, M|\n|poke|p2|Tsareena, L50, F|\n|poke|p2|Espathra, L50, M|\n|poke|p2|Gastrodon-East, L50, M|\n|teampreview|4\n|inactive|Battle timer is ON: inactive players will automatically lose when time's up. (requested by angryazumarill)\nEpicVolta rejected open team sheets.\n|inactive|angryazumarill has 60 seconds left.\n|inactive|angryazumarill has 30 seconds left.\n|inactive|angryazumarill has 20 seconds left.\n|inactive|angryazumarill has 15 seconds left.\n|\n|t:|1682246192\n|start\n|switch|p1a: Average E-girl|Murkrow, L50, F, shiny|100\/100\n|switch|p1b: Jefdafish|Chi-Yu, L50|100\/100\n|switch|p2a: Sailor Pluto|Espathra, L50, M|100\/100\n|switch|p2b: Sailor Moon|Tsareena, L50, F|100\/100\n|-ability|p1b: Jefdafish|Beads of Ruin\n|turn|1\n|inactive|angryazumarill has 30 seconds left.\n|\n|t:|1682246218\n|switch|p2b: Gastrodon|Gastrodon-East, L50, M, shiny|100\/100\n|move|p1a: Average E-girl|Tailwind|p1a: Average E-girl\n|-sidestart|p1: EpicVolta|move: Tailwind\n|move|p1b: Jefdafish|Heat Wave|p2b: Gastrodon|[spread] p2a,p2b\n|-resisted|p2b: Gastrodon\n|-damage|p2a: Sailor Pluto|30\/100\n|-damage|p2b: Gastrodon|60\/100\n|-enditem|p2a: Sailor Pluto|Sitrus Berry|[eat]\n|-heal|p2a: Sailor Pluto|55\/100|[from] item: Sitrus Berry\n|move|p2a: Sailor Pluto|Trick Room|p2a: Sailor Pluto\n|-fieldstart|move: Trick Room|[of] p2a: Sailor Pluto\n|\n|upkeep\n|turn|2\n|inactive|EpicVolta has 30 seconds left.\n|inactive|angryazumarill has 30 seconds left.\n|\n|t:|1682246247\n|switch|p2a: Sailor Venus|Dachsbun, L50, M|100\/100\n|move|p1a: Average E-girl|Thunder Wave|p2a: Sailor Venus\n|-status|p2a: Sailor Venus|par\n|move|p2b: Gastrodon|Earth Power|p1b: Jefdafish\n|-supereffective|p1b: Jefdafish\n|-damage|p1b: Jefdafish|4\/100\n|move|p1b: Jefdafish|Heat Wave|p2b: Gastrodon|[spread] p2a,p2b\n|-resisted|p2b: Gastrodon\n|-damage|p2a: Sailor Venus|0 fnt\n|-damage|p2b: Gastrodon|24\/100\n|faint|p2a: Sailor Venus\n|\n|upkeep\n|\n|t:|1682246264\n|switch|p2a: Sailor Pluto|Espathra, L50, M|55\/100\n|turn|3\n|inactive|EpicVolta has 30 seconds left.\n|\n|t:|1682246289\n|move|p2a: Sailor Pluto|Helping Hand|p2b: Gastrodon\n|-singleturn|p2b: Gastrodon|Helping Hand|[of] p2a: Sailor Pluto\n|move|p1a: Average E-girl|Thunder Wave|p2a: Sailor Pluto\n|-status|p2a: Sailor Pluto|par\n|move|p2b: Gastrodon|Muddy Water|p1a: Average E-girl|[spread] p1a,p1b\n|-supereffective|p1b: Jefdafish\n|-damage|p1a: Average E-girl|8\/100\n|-damage|p1b: Jefdafish|0 fnt\n|faint|p1b: Jefdafish\n|\n|upkeep\n|\n|t:|1682246306\n|switch|p1b: Sword boi|Ceruledge, L50, M|100\/100\n|turn|4\n|\n|t:|1682246326\n|move|p1b: Sword boi|Shadow Sneak|p2a: Sailor Pluto\n|-supereffective|p2a: Sailor Pluto\n|-damage|p2a: Sailor Pluto|0 fnt\n|faint|p2a: Sailor Pluto\n|move|p2b: Gastrodon|Recover|p2b: Gastrodon\n|-heal|p2b: Gastrodon|75\/100\n|move|p1a: Average E-girl|Foul Play|p2b: Gastrodon\n|-damage|p2b: Gastrodon|55\/100\n|\n|-sideend|p1: EpicVolta|move: Tailwind\n|upkeep\n|\n|t:|1682246336\n|switch|p2a: Sailor Moon|Tsareena, L50, F|100\/100\n|turn|5\n|\n|t:|1682246358\n|-terastallize|p2a: Sailor Moon|Fairy\n|move|p1b: Sword boi|Protect|p1b: Sword boi\n|-singleturn|p1b: Sword boi|Protect\n|move|p1a: Average E-girl|Thunder Wave||[still]\n|cant|p2a: Sailor Moon|ability: Queenly Majesty|Thunder Wave|[of] p1a: Average E-girl\n|move|p2b: Gastrodon|Recover|p2b: Gastrodon\n|-heal|p2b: Gastrodon|100\/100\n|move|p2a: Sailor Moon|Zen Headbutt|p1b: Sword boi\n|-activate|p1b: Sword boi|move: Protect\n|\n|-fieldend|move: Trick Room\n|upkeep\n|turn|6\n|inactive|EpicVolta has 30 seconds left.\n|inactive|EpicVolta has 20 seconds left.\n|inactive|EpicVolta has 15 seconds left.\n|\n|t:|1682246402\n|move|p1a: Average E-girl|Foul Play|p2a: Sailor Moon\n|-resisted|p2a: Sailor Moon\n|-damage|p2a: Sailor Moon|74\/100\n|move|p1b: Sword boi|Bitter Blade|p2b: Gastrodon\n|-resisted|p2b: Gastrodon\n|-damage|p2b: Gastrodon|76\/100\n|move|p2a: Sailor Moon|Zen Headbutt|p1b: Sword boi|[miss]\n|-miss|p2a: Sailor Moon|p1b: Sword boi\n|move|p2b: Gastrodon|Muddy Water|p1b: Sword boi|[spread] p1a,p1b\n|-supereffective|p1b: Sword boi\n|-damage|p1a: Average E-girl|0 fnt\n|-damage|p1b: Sword boi|42\/100\n|faint|p1a: Average E-girl\n|\n|upkeep\n|\n|t:|1682246417\n|switch|p1a: Gold boi|Gholdengo, L50|100\/100\n|turn|7\n|\n|t:|1682246431\n|-terastallize|p1a: Gold boi|Steel\n|move|p1a: Gold boi|Make It Rain|p2a: Sailor Moon|[spread] p2a,p2b\n|-supereffective|p2a: Sailor Moon\n|-resisted|p2b: Gastrodon\n|-damage|p2a: Sailor Moon|0 fnt\n|-damage|p2b: Gastrodon|46\/100\n|-unboost|p1a: Gold boi|spa|1\n|faint|p2a: Sailor Moon\n|move|p1b: Sword boi|Bitter Blade|p2b: Gastrodon\n|-resisted|p2b: Gastrodon\n|-damage|p2b: Gastrodon|23\/100\n|-heal|p1b: Sword boi|59\/100|[from] drain|[of] p2b: Gastrodon\n|move|p2b: Gastrodon|Earth Power|p1a: Gold boi\n|-supereffective|p1a: Gold boi\n|-damage|p1a: Gold boi|11\/100\n|\n|upkeep\n|turn|8\n|\n|t:|1682246456\n|move|p1a: Gold boi|Make It Rain|p2b: Gastrodon\n|-resisted|p2b: Gastrodon\n|-damage|p2b: Gastrodon|0 fnt\n|-unboost|p1a: Gold boi|spa|1\n|faint|p2b: Gastrodon\n|\n|win|EpicVolta\n|raw|EpicVolta's rating: 1157 → 1173<\/strong> (+16 for winning)\n|raw|angryazumarill's rating: 1027 → 1018<\/strong> (-9 for losing)\n|l|\u2606angryazumarill\n","uploadtime":1682246482,"views":10,"p1id":"epicvolta","p2id":"angryazumarill","formatid":"gen9vgc2023regulationc","rating":1018,"private":0,"password":""}