{"id":"gen9vgc2023regulationc-1850487612","p1":"lhy150","p2":"LeafeonLou12","format":"[Gen 9] VGC 2023 Regulation C","log":"|j|\u2606lhy150\n|j|\u2606LeafeonLou12\n|t:|1682342190\n|gametype|doubles\n|player|p1|lhy150|steven|1158\n|player|p2|LeafeonLou12|102|1237\n|teamsize|p1|6\n|teamsize|p2|6\n|gen|9\n|tier|[Gen 9] VGC 2023 Regulation C\n|rated|\n|rule|Species Clause: Limit one of each Pok\u00e9mon\n|rule|Item Clause: Limit one of each item\n|clearpoke\n|poke|p1|Farigiraf, L50, M|\n|poke|p1|Clodsire, L50, M|\n|poke|p1|Chien-Pao, L50|\n|poke|p1|Palafin, L50, M|\n|poke|p1|Pelipper, L50, M|\n|poke|p1|Flutter Mane, L50|\n|poke|p2|Rotom-Fan, L50|\n|poke|p2|Torkoal, L50, M|\n|poke|p2|Indeedee, L50, M|\n|poke|p2|Drifblim, L50, M|\n|poke|p2|Chi-Yu, L50|\n|poke|p2|Great Tusk, L50|\n|teampreview|4\n|inactive|Battle timer is ON: inactive players will automatically lose when time's up. (requested by lhy150)\n|\n|t:|1682342205\n|start\n|switch|p1a: Clodsire|Clodsire, L50, M|100\/100\n|switch|p1b: Palafin|Palafin, L50, M|100\/100\n|switch|p2a: Drifblim|Drifblim, L50, M|100\/100\n|switch|p2b: Indeedee|Indeedee, L50, M|100\/100\n|-fieldstart|move: Psychic Terrain|[from] ability: Psychic Surge|[of] p2b: Indeedee\n|-enditem|p2a: Drifblim|Psychic Seed\n|-boost|p2a: Drifblim|spd|1|[from] item: Psychic Seed\n|turn|1\n|\n|t:|1682342219\n|detailschange|p1b: Palafin|Palafin-Hero, L50, M\n|switch|p1b: Pelipper|Pelipper, L50, M|100\/100\n|-weather|RainDance|[from] ability: Drizzle|[of] p1b: Pelipper\n|move|p2a: Drifblim|Acrobatics|p1b: Pelipper\n|-damage|p1b: Pelipper|58\/100\n|move|p2b: Indeedee|Trick|p1a: Clodsire\n|-activate|p2b: Indeedee|move: Trick|[of] p1a: Clodsire\n|-item|p1a: Clodsire|Choice Scarf|[from] move: Trick\n|-item|p2b: Indeedee|Black Sludge|[from] move: Trick\n|move|p1a: Clodsire|Stealth Rock|p2a: Drifblim\n|-sidestart|p2: LeafeonLou12|move: Stealth Rock\n|\n|-weather|RainDance|[upkeep]\n|-damage|p2b: Indeedee|88\/100|[from] item: Black Sludge\n|upkeep\n|turn|2\n|\n|t:|1682342237\n|switch|p1a: Palafin|Palafin-Hero, L50, M|100\/100\n|-activate|p1a: Palafin|ability: Zero to Hero\n|move|p2a: Drifblim|Acrobatics|p1b: Pelipper\n|-damage|p1b: Pelipper|13\/100\n|move|p2b: Indeedee|Dazzling Gleam|p1b: Pelipper|[spread] p1a,p1b\n|-damage|p1a: Palafin|82\/100\n|-damage|p1b: Pelipper|0 fnt\n|faint|p1b: Pelipper\n|\n|-weather|RainDance|[upkeep]\n|-damage|p2b: Indeedee|75\/100|[from] item: Black Sludge\n|upkeep\n|\n|t:|1682342254\n|switch|p1b: Clodsire|Clodsire, L50, M|100\/100\n|turn|3\n|\n|t:|1682342261\n|-terastallize|p2a: Drifblim|Normal\n|move|p1a: Palafin|Protect|p1a: Palafin\n|-singleturn|p1a: Palafin|Protect\n|move|p2a: Drifblim|Tailwind|p2a: Drifblim\n|-sidestart|p2: LeafeonLou12|move: Tailwind\n|move|p2b: Indeedee|Psychic|p1b: Clodsire\n|-supereffective|p1b: Clodsire\n|-damage|p1b: Clodsire|28\/100\n|move|p1b: Clodsire|Yawn|p2b: Indeedee\n|-start|p2b: Indeedee|move: Yawn|[of] p1b: Clodsire\n|\n|-weather|RainDance|[upkeep]\n|-damage|p2b: Indeedee|63\/100|[from] item: Black Sludge\n|upkeep\n|turn|4\n|inactive|lhy150 has 30 seconds left.\n|\n|t:|1682342293\n|switch|p1b: Chien-Pao|Chien-Pao, L50|100\/100\n|-ability|p1b: Chien-Pao|Sword of Ruin\n|move|p2a: Drifblim|Acrobatics|p1b: Chien-Pao\n|-damage|p1b: Chien-Pao|46\/100\n|move|p2b: Indeedee|Encore|p1a: Palafin\n|-start|p1a: Palafin|Encore\n|move|p1a: Palafin|Protect||[still]\n|-fail|p1a: Palafin\n|\n|-weather|RainDance|[upkeep]\n|-damage|p2b: Indeedee|50\/100|[from] item: Black Sludge\n|-end|p2b: Indeedee|move: Yawn|[silent]\n|-status|p2b: Indeedee|slp\n|upkeep\n|turn|5\n|\n|t:|1682342314\n|switch|p1b: Clodsire|Clodsire, L50, M|28\/100\n|move|p1a: Palafin|Protect|p1a: Palafin\n|-singleturn|p1a: Palafin|Protect\n|move|p2a: Drifblim|Acrobatics|p1b: Clodsire\n|-damage|p1b: Clodsire|0 fnt\n|faint|p1b: Clodsire\n|cant|p2b: Indeedee|slp\n|\n|-weather|none\n|-damage|p2b: Indeedee|38\/100 slp|[from] item: Black Sludge\n|-fieldend|move: Psychic Terrain\n|upkeep\n|\n|t:|1682342325\n|switch|p1b: Chien-Pao|Chien-Pao, L50|46\/100\n|-ability|p1b: Chien-Pao|Sword of Ruin\n|turn|6\n|\n|t:|1682342338\n|switch|p2b: Torkoal|Torkoal, L50, M|100\/100\n|-damage|p2b: Torkoal|75\/100|[from] Stealth Rock\n|-weather|SunnyDay|[from] ability: Drought|[of] p2b: Torkoal\n|move|p1a: Palafin|Protect|p1a: Palafin\n|-singleturn|p1a: Palafin|Protect\n|move|p1b: Chien-Pao|Ice Shard|p2a: Drifblim\n|-damage|p2a: Drifblim|44\/100\n|-damage|p1b: Chien-Pao|36\/100|[from] item: Life Orb\n|move|p2a: Drifblim|Acrobatics|p1b: Chien-Pao\n|-damage|p1b: Chien-Pao|0 fnt\n|faint|p1b: Chien-Pao\n|\n|-weather|SunnyDay|[upkeep]\n|-end|p1a: Palafin|Encore\n|-sideend|p2: LeafeonLou12|move: Tailwind\n|upkeep\n|turn|7\n|\n|t:|1682342361\n|-terastallize|p1a: Palafin|Water\n|move|p1a: Palafin|Jet Punch|p2b: Torkoal\n|-supereffective|p2b: Torkoal\n|-damage|p2b: Torkoal|23\/100\n|move|p2a: Drifblim|Tailwind|p2a: Drifblim\n|-sidestart|p2: LeafeonLou12|move: Tailwind\n|move|p2b: Torkoal|Solar Beam||[still]\n|-prepare|p2b: Torkoal|Solar Beam\n|-anim|p2b: Torkoal|Solar Beam|p1a: Palafin\n|-supereffective|p1a: Palafin\n|-damage|p1a: Palafin|0 fnt\n|faint|p1a: Palafin\n|\n|win|LeafeonLou12\n|raw|lhy150's rating: 1158 → 1139<\/strong> (-19 for losing)\n|raw|LeafeonLou12's rating: 1237 → 1256<\/strong> (+19 for winning)\n|l|\u2606lhy150\n|l|\u2606LeafeonLou12\n","uploadtime":1682342517,"views":26,"p1id":"lhy150","p2id":"leafeonlou12","formatid":"gen9vgc2023regulationc","rating":1139,"private":0,"password":""}