{"id":"gen9vgc2023regulationc-1851541214","p1":"jamcoux","p2":"amoave","format":"[Gen 9] VGC 2023 Regulation C","log":"|j|\u2606jamcoux\n|j|\u2606amoave\n|t:|1682453984\n|gametype|doubles\n|player|p1|jamcoux|hilbert|1310\n|player|p2|amoave|1|1237\n|teamsize|p1|6\n|teamsize|p2|6\n|gen|9\n|tier|[Gen 9] VGC 2023 Regulation C\n|rated|\n|rule|Species Clause: Limit one of each Pok\u00e9mon\n|rule|Item Clause: Limit one of each item\n|clearpoke\n|poke|p1|Chien-Pao, L50|\n|poke|p1|Gyarados, L50, M|\n|poke|p1|Dragonite, L50, F|\n|poke|p1|Kingambit, L50, F|\n|poke|p1|Great Tusk, L50|\n|poke|p1|Flutter Mane, L50|\n|poke|p2|Volcarona, L50, M|\n|poke|p2|Wo-Chien, L50|\n|poke|p2|Chi-Yu, L50|\n|poke|p2|Flutter Mane, L50|\n|poke|p2|Azumarill, L50, F|\n|poke|p2|Sandy Shocks, L50|\n|teampreview|4\n|inactive|Battle timer is ON: inactive players will automatically lose when time's up. (requested by amoave)\namoave has agreed to open team sheets.\n|inactive|jamcoux has 60 seconds left.\n|inactive|amoave has 60 seconds left.\njamcoux has agreed to open team sheets.\n|inactive|jamcoux has 30 seconds left.\n|inactive|jamcoux has 20 seconds left.\n|inactive|jamcoux has 15 seconds left.\n|inactive|jamcoux has 10 seconds left.\n|inactive|jamcoux has 5 seconds left.\n|\n|t:|1682454071\n|start\n|switch|p1a: Gyarados|Gyarados, L50, M|100\/100\n|switch|p1b: Great Tusk|Great Tusk, L50|100\/100\n|switch|p2a: Flutter Mane|Flutter Mane, L50|100\/100\n|switch|p2b: Sandy Shocks|Sandy Shocks, L50|100\/100\n|-ability|p1a: Gyarados|Intimidate|boost\n|-unboost|p2a: Flutter Mane|atk|1\n|-unboost|p2b: Sandy Shocks|atk|1\n|-enditem|p2a: Flutter Mane|Booster Energy\n|-activate|p2a: Flutter Mane|ability: Protosynthesis|[fromitem]\n|-start|p2a: Flutter Mane|protosynthesisspe\n|turn|1\n|inactive|jamcoux has 30 seconds left.\n|inactive|amoave has 30 seconds left.\n|inactive|jamcoux has 20 seconds left.\n|inactive|amoave has 20 seconds left.\n|inactive|jamcoux has 15 seconds left.\n|inactive|jamcoux has 10 seconds left.\n|inactive|jamcoux has 5 seconds left.\n|\n|t:|1682454125\n|-end|p1b: Great Tusk|Protosynthesis|[silent]\n|switch|p1b: Kingambit|Kingambit, L50, F|100\/100\n|move|p1a: Gyarados|Protect|p1a: Gyarados\n|-singleturn|p1a: Gyarados|Protect\n|move|p2a: Flutter Mane|Icy Wind|p1b: Kingambit|[spread] p1b\n|-activate|p1a: Gyarados|move: Protect\n|-resisted|p1b: Kingambit\n|-damage|p1b: Kingambit|96\/100\n|-unboost|p1b: Kingambit|spe|1\n|-ability|p1b: Kingambit|Defiant|boost\n|-boost|p1b: Kingambit|atk|2\n|move|p2b: Sandy Shocks|Thunderbolt|p1a: Gyarados\n|-activate|p1a: Gyarados|move: Protect\n|\n|upkeep\n|turn|2\n|inactive|jamcoux has 30 seconds left.\n|inactive|amoave has 30 seconds left.\n|\n|t:|1682454159\n|-end|p2a: Flutter Mane|Protosynthesis|[silent]\n|switch|p2a: Wo-Chien|Wo-Chien, L50|100\/100\n|-ability|p2a: Wo-Chien|Tablets of Ruin\n|switch|p1a: Great Tusk|Great Tusk, L50|100\/100\n|move|p1b: Kingambit|Sucker Punch|p2b: Sandy Shocks\n|-damage|p2b: Sandy Shocks|28\/100\n|move|p2b: Sandy Shocks|Earth Power|p1b: Kingambit\n|-supereffective|p1b: Kingambit\n|-damage|p1b: Kingambit|27\/100\n|\n|upkeep\n|turn|3\n|\n|t:|1682454177\n|switch|p1b: Gyarados|Gyarados, L50, M|100\/100\n|-ability|p1b: Gyarados|Intimidate|boost\n|-unboost|p2a: Wo-Chien|atk|1\n|-unboost|p2b: Sandy Shocks|atk|1\n|move|p2b: Sandy Shocks|Protect|p2b: Sandy Shocks\n|-singleturn|p2b: Sandy Shocks|Protect\n|move|p1a: Great Tusk|Earthquake|p2b: Sandy Shocks|[spread] p2a\n|-activate|p2b: Sandy Shocks|move: Protect\n|-immune|p1b: Gyarados\n|-resisted|p2a: Wo-Chien\n|-damage|p2a: Wo-Chien|89\/100\n|move|p2a: Wo-Chien|Leech Seed|p1b: Gyarados\n|-start|p1b: Gyarados|move: Leech Seed\n|\n|-heal|p2a: Wo-Chien|95\/100|[from] item: Leftovers\n|-damage|p1b: Gyarados|88\/100|[from] Leech Seed|[of] p2a: Wo-Chien\n|-heal|p2a: Wo-Chien|100\/100|[silent]\n|upkeep\n|turn|4\n|inactive|jamcoux has 30 seconds left.\n|inactive|amoave has 30 seconds left.\n|inactive|amoave has 20 seconds left.\n|\n|t:|1682454213\n|switch|p1b: Dragonite|Dragonite, L50, F|100\/100\n|move|p1a: Great Tusk|Earthquake|p2a: Wo-Chien|[spread] p2a,p2b\n|-immune|p1b: Dragonite\n|-resisted|p2a: Wo-Chien\n|-supereffective|p2b: Sandy Shocks\n|-damage|p2a: Wo-Chien|90\/100\n|-damage|p2b: Sandy Shocks|0 fnt\n|faint|p2b: Sandy Shocks\n|-end|p2b: Sandy Shocks|Protosynthesis|[silent]\n|move|p2a: Wo-Chien|Leech Seed|p1a: Great Tusk\n|-start|p1a: Great Tusk|move: Leech Seed\n|\n|-heal|p2a: Wo-Chien|96\/100|[from] item: Leftovers\n|-damage|p1a: Great Tusk|88\/100|[from] Leech Seed|[of] p2a: Wo-Chien\n|-heal|p2a: Wo-Chien|100\/100|[silent]\n|upkeep\n|\n|t:|1682454230\n|switch|p2b: Flutter Mane|Flutter Mane, L50|100\/100\n|turn|5\n|\n|t:|1682454252\n|-terastallize|p1b: Dragonite|Normal\n|move|p1a: Great Tusk|Earthquake|p2b: Flutter Mane|[spread] p1b,p2a,p2b\n|-resisted|p2a: Wo-Chien\n|-damage|p1b: Dragonite|83\/100\n|-damage|p2a: Wo-Chien|90\/100\n|-damage|p2b: Flutter Mane|44\/100\n|move|p2b: Flutter Mane|Icy Wind|p1a: Great Tusk|[spread] p1a,p1b\n|-supereffective|p1a: Great Tusk\n|-damage|p1a: Great Tusk|48\/100\n|-damage|p1b: Dragonite|69\/100\n|-unboost|p1a: Great Tusk|spe|1\n|-unboost|p1b: Dragonite|spe|1\n|move|p2a: Wo-Chien|Foul Play|p1b: Dragonite\n|-damage|p1b: Dragonite|14\/100\n|move|p1b: Dragonite|Aerial Ace|p2a: Wo-Chien\n|-supereffective|p2a: Wo-Chien\n|-damage|p2a: Wo-Chien|35\/100\n|\n|-heal|p2a: Wo-Chien|42\/100|[from] item: Leftovers\n|-damage|p1a: Great Tusk|36\/100|[from] Leech Seed|[of] p2a: Wo-Chien\n|-heal|p2a: Wo-Chien|54\/100|[silent]\n|upkeep\n|turn|6\n|inactive|jamcoux has 30 seconds left.\n|inactive|amoave has 30 seconds left.\n|\n|t:|1682454280\n|-end|p1a: Great Tusk|Protosynthesis|[silent]\n|switch|p1a: Kingambit|Kingambit, L50, F|27\/100\n|switch|p1b: Gyarados|Gyarados, L50, M|88\/100\n|-ability|p1b: Gyarados|Intimidate|boost\n|-unboost|p2a: Wo-Chien|atk|1\n|-unboost|p2b: Flutter Mane|atk|1\n|move|p2b: Flutter Mane|Icy Wind|p1b: Gyarados|[spread] p1a,p1b\n|-resisted|p1a: Kingambit\n|-damage|p1a: Kingambit|22\/100\n|-damage|p1b: Gyarados|78\/100\n|-unboost|p1a: Kingambit|spe|1\n|-ability|p1a: Kingambit|Defiant|boost\n|-boost|p1a: Kingambit|atk|2\n|-unboost|p1b: Gyarados|spe|1\n|move|p2a: Wo-Chien|Pollen Puff|p2b: Flutter Mane\n|-heal|p2b: Flutter Mane|94\/100\n|\n|-heal|p2a: Wo-Chien|60\/100|[from] item: Leftovers\n|upkeep\n|turn|7\n|inactive|jamcoux has 30 seconds left.\n|inactive|amoave has 30 seconds left.\n|\n|t:|1682454313\n|move|p2b: Flutter Mane|Protect|p2b: Flutter Mane\n|-singleturn|p2b: Flutter Mane|Protect\n|move|p1a: Kingambit|Sucker Punch||[still]\n|-fail|p1a: Kingambit\n|move|p2a: Wo-Chien|Foul Play|p1a: Kingambit\n|-resisted|p1a: Kingambit\n|-damage|p1a: Kingambit|0 fnt\n|faint|p1a: Kingambit\n|move|p1b: Gyarados|Taunt|p2a: Wo-Chien\n|-start|p2a: Wo-Chien|move: Taunt\n|\n|-heal|p2a: Wo-Chien|66\/100|[from] item: Leftovers\n|upkeep\n|\n|t:|1682454330\n|switch|p1a: Great Tusk|Great Tusk, L50|36\/100\n|turn|8\n|\n|t:|1682454354\n|move|p1a: Great Tusk|Headlong Rush|p2b: Flutter Mane\n|-damage|p2b: Flutter Mane|0 fnt\n|-unboost|p1a: Great Tusk|def|1\n|-unboost|p1a: Great Tusk|spd|1\n|faint|p2b: Flutter Mane\n|-end|p2b: Flutter Mane|Protosynthesis|[silent]\n|move|p2a: Wo-Chien|Foul Play|p1b: Gyarados\n|-damage|p1b: Gyarados|32\/100\n|-enditem|p1b: Gyarados|Sitrus Berry|[eat]\n|-heal|p1b: Gyarados|57\/100|[from] item: Sitrus Berry\n|move|p1b: Gyarados|Thunder Wave|p2a: Wo-Chien\n|-status|p2a: Wo-Chien|par\n|\n|-heal|p2a: Wo-Chien|72\/100 par|[from] item: Leftovers\n|upkeep\n|\n|t:|1682454367\n|switch|p2b: Azumarill|Azumarill, L50, F, shiny|100\/100\n|turn|9\n|inactive|jamcoux has 30 seconds left.\n|inactive|amoave has 30 seconds left.\n|\n|t:|1682454401\n|move|p2b: Azumarill|Aqua Jet|p1a: Great Tusk\n|-supereffective|p1a: Great Tusk\n|-damage|p1a: Great Tusk|0 fnt\n|faint|p1a: Great Tusk\n|-end|p1a: Great Tusk|Protosynthesis|[silent]\n|move|p1b: Gyarados|Waterfall|p2b: Azumarill\n|-resisted|p2b: Azumarill\n|-damage|p2b: Azumarill|87\/100\n|cant|p2a: Wo-Chien|par\n|\n|-heal|p2a: Wo-Chien|79\/100 par|[from] item: Leftovers\n|upkeep\n|\n|t:|1682454410\n|switch|p1a: Dragonite|Dragonite, L50, F, tera:Normal|14\/100\n|turn|10\n|\n|t:|1682454418\n|move|p1a: Dragonite|Extreme Speed|p2b: Azumarill\n|-damage|p2b: Azumarill|36\/100\n|move|p2b: Azumarill|Aqua Jet|p1a: Dragonite\n|-damage|p1a: Dragonite|0 fnt\n|faint|p1a: Dragonite\n|move|p1b: Gyarados|Waterfall|p2a: Wo-Chien\n|-resisted|p2a: Wo-Chien\n|-damage|p2a: Wo-Chien|70\/100 par\n|move|p2a: Wo-Chien|Foul Play|p1b: Gyarados\n|-damage|p1b: Gyarados|12\/100\n|\n|-heal|p2a: Wo-Chien|77\/100 par|[from] item: Leftovers\n|-end|p2a: Wo-Chien|move: Taunt\n|upkeep\n|turn|11\n|\n|t:|1682454436\n|move|p2b: Azumarill|Aqua Jet|p1b: Gyarados\n|-resisted|p1b: Gyarados\n|-damage|p1b: Gyarados|0 fnt\n|faint|p1b: Gyarados\n|\n|win|amoave\n|raw|jamcoux's rating: 1310 → 1286<\/strong> (-24 for losing)\n|raw|amoave's rating: 1237 → 1267<\/strong> (+30 for winning)\n|l|\u2606jamcoux\n","uploadtime":1682454447,"views":18,"p1id":"jamcoux","p2id":"amoave","formatid":"gen9vgc2023regulationc","rating":1267,"private":0,"password":""}