{"id":"gen9vgc2023regulationc-1850584819","p1":"megaprawn","p2":"trex0928","format":"[Gen 9] VGC 2023 Regulation C","log":"|j|\u2606megaprawn\n|j|\u2606trex0928\n|t:|1682350723\n|gametype|doubles\n|player|p1|megaprawn|brycen|1350\n|player|p2|trex0928|266|1376\n|teamsize|p1|6\n|teamsize|p2|6\n|gen|9\n|tier|[Gen 9] VGC 2023 Regulation C\n|rated|\n|rule|Species Clause: Limit one of each Pok\u00e9mon\n|rule|Item Clause: Limit one of each item\n|clearpoke\n|poke|p1|Armarouge, L50, M|\n|poke|p1|Great Tusk, L50|\n|poke|p1|Talonflame, L50, M|\n|poke|p1|Indeedee-F, L50, F|\n|poke|p1|Gyarados, L50, M|\n|poke|p1|Flutter Mane, L50|\n|poke|p2|Garchomp, L50, M|\n|poke|p2|Chien-Pao, L50|\n|poke|p2|Mimikyu, L50, M|\n|poke|p2|Talonflame, L50, F|\n|poke|p2|Gholdengo, L50|\n|poke|p2|Iron Bundle, L50|\n|teampreview|4\n|inactive|Battle timer is ON: inactive players will automatically lose when time's up. (requested by trex0928)\n|inactive|megaprawn has 60 seconds left.\n|inactive|trex0928 has 60 seconds left.\ntrex0928 has agreed to open team sheets.\nmegaprawn has agreed to open team sheets.\n|\n|t:|1682350773\n|start\n|switch|p1a: Talonflame|Talonflame, L50, M|100\/100\n|switch|p1b: Great Tusk|Great Tusk, L50|100\/100\n|switch|p2a: Gholdengo|Gholdengo, L50|100\/100\n|switch|p2b: Garchomp|Garchomp, L50, M|100\/100\n|turn|1\n|inactive|megaprawn has 30 seconds left.\n|\n|t:|1682350804\n|move|p1b: Great Tusk|Headlong Rush|p2a: Gholdengo\n|-supereffective|p2a: Gholdengo\n|-damage|p2a: Gholdengo|0 fnt\n|-unboost|p1b: Great Tusk|def|1\n|-unboost|p1b: Great Tusk|spd|1\n|faint|p2a: Gholdengo\n|move|p1a: Talonflame|Will-O-Wisp|p2b: Garchomp\n|-status|p2b: Garchomp|brn\n|move|p2b: Garchomp|Rock Slide|p1b: Great Tusk|[spread] p1a,p1b\n|-supereffective|p1a: Talonflame\n|-resisted|p1b: Great Tusk\n|-damage|p1a: Talonflame|52\/100\n|-damage|p1b: Great Tusk|98\/100\n|\n|-damage|p2b: Garchomp|94\/100 brn|[from] brn\n|upkeep\n|\n|t:|1682350816\n|switch|p2a: Chien-Pao|Chien-Pao, L50|100\/100\n|-ability|p2a: Chien-Pao|Sword of Ruin\n|turn|2\n|\n|t:|1682350845\n|-terastallize|p2a: Chien-Pao|Flying\n|move|p1b: Great Tusk|Headlong Rush|p2a: Chien-Pao\n|-immune|p2a: Chien-Pao\n|move|p2a: Chien-Pao|Ice Spinner|p1a: Talonflame\n|-damage|p1a: Talonflame|0 fnt\n|faint|p1a: Talonflame\n|move|p2b: Garchomp|Earthquake|p1b: Great Tusk|[spread] p1b\n|-immune|p2a: Chien-Pao\n|-damage|p1b: Great Tusk|69\/100\n|\n|-damage|p2b: Garchomp|88\/100 brn|[from] brn\n|upkeep\n|\n|t:|1682350865\n|switch|p1a: Armarouge|Armarouge, L50, M|100\/100\n|turn|3\n|\n|t:|1682350886\n|-end|p1b: Great Tusk|Protosynthesis|[silent]\n|switch|p1b: Indeedee|Indeedee-F, L50, F|100\/100\n|-fieldstart|move: Psychic Terrain|[from] ability: Psychic Surge|[of] p1b: Indeedee\n|-terastallize|p1a: Armarouge|Psychic\n|move|p2a: Chien-Pao|Throat Chop|p1a: Armarouge\n|-supereffective|p1a: Armarouge\n|-damage|p1a: Armarouge|0 fnt\n|faint|p1a: Armarouge\n|move|p2b: Garchomp|Earthquake|p1b: Indeedee|[spread] p1b\n|-immune|p2a: Chien-Pao\n|-damage|p1b: Indeedee|71\/100\n|\n|-damage|p2b: Garchomp|82\/100 brn|[from] brn\n|upkeep\n|\n|t:|1682350898\n|switch|p1a: Great Tusk|Great Tusk, L50|69\/100\n|turn|4\n|\n|t:|1682350910\n|move|p2a: Chien-Pao|Protect|p2a: Chien-Pao\n|-singleturn|p2a: Chien-Pao|Protect\n|move|p1a: Great Tusk|Rock Slide|p2b: Garchomp|[spread] p2b\n|-activate|p2a: Chien-Pao|move: Protect\n|-resisted|p2b: Garchomp\n|-damage|p2b: Garchomp|68\/100 brn\n|cant|p2b: Garchomp|flinch\n|move|p1b: Indeedee|Dazzling Gleam|p2b: Garchomp|[spread] p2b\n|-activate|p2a: Chien-Pao|move: Protect\n|-supereffective|p2b: Garchomp\n|-damage|p2b: Garchomp|36\/100 brn\n|\n|-damage|p2b: Garchomp|30\/100 brn|[from] brn\n|upkeep\n|turn|5\n|\n|t:|1682350933\n|move|p1a: Great Tusk|Rock Slide|p2a: Chien-Pao|[spread] p2b\n|-miss|p1a: Great Tusk|p2a: Chien-Pao\n|-resisted|p2b: Garchomp\n|-damage|p2b: Garchomp|17\/100 brn\n|move|p2a: Chien-Pao|Ice Spinner|p1a: Great Tusk\n|-supereffective|p1a: Great Tusk\n|-damage|p1a: Great Tusk|0 fnt\n|-fieldend|move: Psychic Terrain\n|faint|p1a: Great Tusk\n|-end|p1a: Great Tusk|Protosynthesis|[silent]\n|move|p2b: Garchomp|Earthquake|p1b: Indeedee|[spread] p1b\n|-immune|p2a: Chien-Pao\n|-damage|p1b: Indeedee|43\/100\n|move|p1b: Indeedee|Dazzling Gleam|p2b: Garchomp|[spread] p2a,p2b\n|-supereffective|p2b: Garchomp\n|-damage|p2a: Chien-Pao|78\/100\n|-damage|p2b: Garchomp|0 fnt\n|faint|p2b: Garchomp\n|\n|upkeep\n|\n|t:|1682350941\n|switch|p2b: Mimikyu|Mimikyu, L50, M|100\/100\n|turn|6\n|-message|megaprawn forfeited.\n|\n|win|trex0928\n|raw|megaprawn's rating: 1350 → 1331<\/strong> (-19 for losing)\n|raw|trex0928's rating: 1376 → 1395<\/strong> (+19 for winning)\n","uploadtime":1682350950,"views":29,"p1id":"megaprawn","p2id":"trex0928","formatid":"gen9vgc2023regulationc","rating":1331,"private":0,"password":""}