{"id":"gen9vgc2023regulationc-1855153126","p1":"PanduxD","p2":"Blazing8465","format":"[Gen 9] VGC 2023 Regulation C","log":"|j|\u2606PanduxD\n|j|\u2606Blazing8465\n|t:|1682907806\n|gametype|doubles\n|player|p1|PanduxD|265|\n|player|p2|Blazing8465|flannery|\n|teamsize|p1|6\n|teamsize|p2|6\n|gen|9\n|tier|[Gen 9] VGC 2023 Regulation C\n|rule|Species Clause: Limit one of each Pok\u00e9mon\n|rule|Item Clause: Limit one of each item\n|clearpoke\n|poke|p1|Muk, L50, F|\n|poke|p1|Talonflame, L50, F|\n|poke|p1|Tauros-Paldea-Aqua, L50, M|\n|poke|p1|Dragonite, L50, M|\n|poke|p1|Great Tusk, L50|\n|poke|p1|Rotom-Wash, L50|\n|poke|p2|Lycanroc-Dusk, L50, M|\n|poke|p2|Noivern, L50, M|\n|poke|p2|Rotom-Heat, L50|\n|poke|p2|Glalie, L50, M|\n|poke|p2|Staraptor, L50, M|\n|poke|p2|Lucario, L50, M|\n|teampreview|4\n|\n|t:|1682907863\n|start\n|switch|p1a: Kchauros|Tauros-Paldea-Aqua, L50, M|100\/100\n|switch|p1b: Tobilloflame|Talonflame, L50, F, shiny|100\/100\n|switch|p2a: Staraptor|Staraptor, L50, M, shiny|100\/100\n|switch|p2b: Rotom|Rotom-Heat, L50, shiny|100\/100\n|-ability|p2a: Staraptor|Intimidate|boost\n|-unboost|p1a: Kchauros|atk|1\n|-unboost|p1b: Tobilloflame|atk|1\n|-ability|p1a: Kchauros|Intimidate|boost\n|-unboost|p2a: Staraptor|atk|1\n|-unboost|p2b: Rotom|atk|1\n|turn|1\n|\n|t:|1682907896\n|move|p1b: Tobilloflame|Tailwind|p1b: Tobilloflame\n|-sidestart|p1: PanduxD|move: Tailwind\n|move|p1a: Kchauros|Rock Slide|p2b: Rotom|[spread] p2a,p2b\n|-supereffective|p2a: Staraptor\n|-supereffective|p2b: Rotom\n|-damage|p2a: Staraptor|68\/100\n|-damage|p2b: Rotom|67\/100\n|move|p2b: Rotom|Trick|p1a: Kchauros\n|-activate|p2b: Rotom|move: Trick|[of] p1a: Kchauros\n|-item|p1a: Kchauros|Choice Scarf|[from] move: Trick\n|-item|p2b: Rotom|Mirror Herb|[from] move: Trick\n|cant|p2a: Staraptor|flinch\n|\n|upkeep\n|turn|2\n|\n|t:|1682907945\n|switch|p2a: Lycanroc|Lycanroc-Dusk, L50, M, shiny|100\/100\n|move|p1a: Kchauros|Rock Slide|p2b: Rotom|[spread] p2b\n|-miss|p1a: Kchauros|p2a: Lycanroc\n|-supereffective|p2b: Rotom\n|-damage|p2b: Rotom|33\/100\n|move|p1b: Tobilloflame|Will-O-Wisp|p2a: Lycanroc\n|-status|p2a: Lycanroc|brn\n|move|p2b: Rotom|Thunderbolt|p1a: Kchauros\n|-supereffective|p1a: Kchauros\n|-damage|p1a: Kchauros|0 fnt\n|faint|p1a: Kchauros\n|\n|-damage|p2a: Lycanroc|94\/100 brn|[from] brn\n|upkeep\n|\n|t:|1682907968\n|switch|p1a: Tuskar|Great Tusk, L50|100\/100\n|turn|3\n|j| buenocomoeloro\n|\n|t:|1682908004\n|move|p1b: Tobilloflame|Protect|p1b: Tobilloflame\n|-singleturn|p1b: Tobilloflame|Protect\n|move|p1a: Tuskar|Headlong Rush|p2a: Lycanroc\n|-supereffective|p2a: Lycanroc\n|-damage|p2a: Lycanroc|0 fnt\n|-unboost|p1a: Tuskar|def|1\n|-unboost|p1a: Tuskar|spd|1\n|faint|p2a: Lycanroc\n|move|p2b: Rotom|Trick|p1a: Tuskar\n|-activate|p2b: Rotom|move: Trick|[of] p1a: Tuskar\n|-item|p1a: Tuskar|Mirror Herb|[from] move: Trick\n|-item|p2b: Rotom|Assault Vest|[from] move: Trick\n|\n|upkeep\n|\n|t:|1682908021\n|switch|p2a: Staraptor|Staraptor, L50, M, shiny|68\/100\n|-ability|p2a: Staraptor|Intimidate|boost\n|-unboost|p1a: Tuskar|atk|1\n|-unboost|p1b: Tobilloflame|atk|1\n|turn|4\n|\n|t:|1682908033\n|-end|p1a: Tuskar|Protosynthesis|[silent]\n|switch|p1a: Oster|Rotom-Wash, L50, shiny|100\/100\n|-terastallize|p2a: Staraptor|Flying\n|move|p1b: Tobilloflame|Will-O-Wisp|p2a: Staraptor\n|-status|p2a: Staraptor|brn\n|move|p2a: Staraptor|Brave Bird|p1a: Oster\n|-resisted|p1a: Oster\n|-damage|p1a: Oster|83\/100\n|-damage|p2a: Staraptor|63\/100 brn|[from] Recoil\n|move|p2b: Rotom|Thunderbolt|p1b: Tobilloflame\n|-supereffective|p1b: Tobilloflame\n|-damage|p1b: Tobilloflame|0 fnt\n|faint|p1b: Tobilloflame\n|\n|-heal|p1a: Oster|89\/100|[from] item: Leftovers\n|-damage|p2a: Staraptor|56\/100 brn|[from] brn\n|-sideend|p1: PanduxD|move: Tailwind\n|upkeep\n|\n|t:|1682908049\n|switch|p1b: Tuskar|Great Tusk, L50|100\/100\n|turn|5\n|\n|t:|1682908066\n|move|p2a: Staraptor|Tailwind|p2a: Staraptor\n|-sidestart|p2: Blazing8465|move: Tailwind\n|move|p2b: Rotom|Overheat|p1b: Tuskar|[miss]\n|-miss|p2b: Rotom|p1b: Tuskar\n|move|p1b: Tuskar|Ice Spinner|p2a: Staraptor\n|-supereffective|p2a: Staraptor\n|-damage|p2a: Staraptor|0 fnt\n|faint|p2a: Staraptor\n|move|p1a: Oster|Reflect|p1a: Oster\n|-sidestart|p1: PanduxD|Reflect\n|\n|-heal|p1a: Oster|95\/100|[from] item: Leftovers\n|upkeep\n|\n|t:|1682908070\n|switch|p2a: Glalie|Glalie, L50, M, shiny|100\/100\n|turn|6\n|\n|t:|1682908100\n|move|p2b: Rotom|Overheat|p1b: Tuskar\n|-damage|p1b: Tuskar|6\/100\n|-unboost|p2b: Rotom|spa|2\n|move|p2a: Glalie|Chilling Water|p1b: Tuskar\n|-supereffective|p1b: Tuskar\n|-damage|p1b: Tuskar|0 fnt\n|faint|p1b: Tuskar\n|-end|p1b: Tuskar|Protosynthesis|[silent]\n|move|p1a: Oster|Substitute|p1a: Oster\n|-start|p1a: Oster|Substitute\n|-damage|p1a: Oster|70\/100\n|\n|-heal|p1a: Oster|76\/100|[from] item: Leftovers\n|-ability|p2a: Glalie|Moody|boost\n|-boost|p2a: Glalie|spe|2\n|-unboost|p2a: Glalie|def|1\n|upkeep\n|turn|7\n|\n|t:|1682908118\n|move|p2a: Glalie|Freeze-Dry|p1a: Oster\n|-supereffective|p1a: Oster\n|-crit|p1a: Oster\n|-end|p1a: Oster|Substitute\n|move|p2b: Rotom|Overheat|p1a: Oster\n|-resisted|p1a: Oster\n|-damage|p1a: Oster|62\/100\n|-unboost|p2b: Rotom|spa|2\n|move|p1a: Oster|Discharge|p2a: Glalie|[spread] p2a,p2b\n|-resisted|p2b: Rotom\n|-damage|p2a: Glalie|71\/100\n|-damage|p2b: Rotom|24\/100\n|-status|p2a: Glalie|par\n|\n|-heal|p2a: Glalie|77\/100 par|[from] item: Leftovers\n|-heal|p1a: Oster|67\/100|[from] item: Leftovers\n|-ability|p2a: Glalie|Moody|boost\n|-boost|p2a: Glalie|def|2\n|-unboost|p2a: Glalie|atk|1\n|upkeep\n|turn|8\n|\n|t:|1682908136\n|move|p2b: Rotom|Overheat|p1a: Oster\n|-resisted|p1a: Oster\n|-damage|p1a: Oster|57\/100\n|-unboost|p2b: Rotom|spa|2\n|move|p2a: Glalie|Freeze-Dry|p1a: Oster\n|-supereffective|p1a: Oster\n|-crit|p1a: Oster\n|-damage|p1a: Oster|0 fnt\n|faint|p1a: Oster\n|\n|win|Blazing8465\n|c|\u2606Blazing8465|gg\n|c|\u2606PanduxD|gg\n|l|\u2606PanduxD\n|l|\u2606Blazing8465\n","uploadtime":1682908147,"views":17,"p1id":"panduxd","p2id":"blazing8465","formatid":"gen9vgc2023regulationc","rating":0,"private":0,"password":""}