{"id":"gen9vgc2023regulationc-1847767245","p1":"palafin take 1","p2":"UltimoRyu","format":"[Gen 9] VGC 2023 Regulation C","log":"|j|\u2606palafin take 1\n|j|\u2606UltimoRyu\n|t:|1682000253\n|gametype|doubles\n|player|p1|palafin take 1|266|1074\n|player|p2|UltimoRyu|steven|1067\n|teamsize|p1|6\n|teamsize|p2|6\n|gen|9\n|tier|[Gen 9] VGC 2023 Regulation C\n|rated|\n|rule|Species Clause: Limit one of each Pok\u00e9mon\n|rule|Item Clause: Limit one of each item\n|clearpoke\n|poke|p1|Chi-Yu, L50|\n|poke|p1|Espathra, L50, F|\n|poke|p1|Dachsbun, L50, M|\n|poke|p1|Baxcalibur, L50, F|\n|poke|p1|Gholdengo, L50|\n|poke|p1|Dragonite, L50, M|\n|poke|p2|Tinkaton, L50, F|\n|poke|p2|Gholdengo, L50|\n|poke|p2|Magnezone, L50|\n|poke|p2|Kingambit, L50, M|\n|poke|p2|Bronzong, L50|\n|poke|p2|Scizor, L50, M|\n|teampreview|4\n|inactive|Battle timer is ON: inactive players will automatically lose when time's up. (requested by palafin take 1)\n|inactive|palafin take 1 has 60 seconds left.\n|inactive|UltimoRyu has 60 seconds left.\n|\n|t:|1682000302\n|start\n|switch|p1a: Chi-Yu|Chi-Yu, L50|100\/100\n|switch|p1b: Dachsbun|Dachsbun, L50, M|100\/100\n|switch|p2a: Tinkaton|Tinkaton, L50, F|100\/100\n|switch|p2b: Magnezone|Magnezone, L50|100\/100\n|-ability|p1a: Chi-Yu|Beads of Ruin\n|-ability|p2a: Tinkaton|Mold Breaker\n|turn|1\n|inactive|palafin take 1 has 30 seconds left.\n|inactive|UltimoRyu has 30 seconds left.\n|inactive|UltimoRyu has 20 seconds left.\n|\n|t:|1682000339\n|-terastallize|p2b: Magnezone|Flying\n|move|p2a: Tinkaton|Fake Out|p1a: Chi-Yu\n|-damage|p1a: Chi-Yu|86\/100\n|cant|p1a: Chi-Yu|flinch\n|move|p1b: Dachsbun|Body Press|p2b: Magnezone\n|-resisted|p2b: Magnezone\n|-damage|p2b: Magnezone|88\/100\n|move|p2b: Magnezone|Tri Attack|p1a: Chi-Yu\n|-damage|p1a: Chi-Yu|25\/100\n|\n|upkeep\n|turn|2\n|inactive|palafin take 1 has 30 seconds left.\n|inactive|UltimoRyu has 30 seconds left.\n|\n|t:|1682000365\n|move|p1a: Chi-Yu|Lava Plume|p2a: Tinkaton|[spread] p2a,p2b\n|-ability|p1b: Dachsbun|Well-Baked Body|boost\n|-boost|p1b: Dachsbun|def|2\n|-supereffective|p2a: Tinkaton\n|-damage|p2a: Tinkaton|0 fnt\n|-damage|p2b: Magnezone|38\/100\n|faint|p2a: Tinkaton\n|move|p1b: Dachsbun|Body Press|p2b: Magnezone\n|-resisted|p2b: Magnezone\n|-damage|p2b: Magnezone|13\/100\n|move|p2b: Magnezone|Tri Attack|p1a: Chi-Yu\n|-damage|p1a: Chi-Yu|0 fnt\n|faint|p1a: Chi-Yu\n|\n|upkeep\n|inactive|palafin take 1 has 30 seconds left.\n|\n|t:|1682000391\n|switch|p1a: Espathra|Espathra, L50, F|100\/100\n|switch|p2a: Scizor|Scizor, L50, M|100\/100\n|turn|3\n|\n|t:|1682000415\n|switch|p2b: Gholdengo|Gholdengo, L50|100\/100\n|move|p1a: Espathra|Protect|p1a: Espathra\n|-singleturn|p1a: Espathra|Protect\n|move|p2a: Scizor|Bullet Punch|p1b: Dachsbun\n|-supereffective|p1b: Dachsbun\n|-damage|p1b: Dachsbun|72\/100\n|move|p1b: Dachsbun|Body Press|p2b: Gholdengo\n|-immune|p2b: Gholdengo\n|\n|-ability|p1a: Espathra|Speed Boost|boost\n|-boost|p1a: Espathra|spe|1\n|upkeep\n|turn|4\n|\n|t:|1682000439\n|-terastallize|p1a: Espathra|Fighting\n|move|p1a: Espathra|Tera Blast|p2a: Scizor\n|-damage|p2a: Scizor|71\/100\n|move|p2b: Gholdengo|Make It Rain|p1b: Dachsbun|[spread] p1a,p1b\n|-supereffective|p1b: Dachsbun\n|-damage|p1a: Espathra|15\/100\n|-damage|p1b: Dachsbun|0 fnt\n|-unboost|p2b: Gholdengo|spa|1\n|faint|p1b: Dachsbun\n|-damage|p2b: Gholdengo|91\/100|[from] item: Life Orb\n|move|p2a: Scizor|U-turn|p1a: Espathra\n|-resisted|p1a: Espathra\n|-damage|p1a: Espathra|0 fnt\n|faint|p1a: Espathra\n|inactive|UltimoRyu has 30 seconds left.\n|\n|t:|1682000469\n|switch|p2a: Magnezone|Magnezone, L50, tera:Flying|13\/100|[from] U-turn\n|\n|upkeep\n|\n|t:|1682000473\n|switch|p1a: Baxcalibur|Baxcalibur, L50, F|100\/100\n|turn|5\n|\n|t:|1682000494\n|move|p1a: Baxcalibur|Stomping Tantrum|p2b: Gholdengo\n|-supereffective|p2b: Gholdengo\n|-damage|p2b: Gholdengo|40\/100\n|move|p2b: Gholdengo|Nasty Plot|p2b: Gholdengo\n|-boost|p2b: Gholdengo|spa|2\n|move|p2a: Magnezone|Flash Cannon|p1a: Baxcalibur\n|-supereffective|p1a: Baxcalibur\n|-damage|p1a: Baxcalibur|0 fnt\n|faint|p1a: Baxcalibur\n|\n|win|UltimoRyu\n|raw|palafin take 1's rating: 1074 → 1052<\/strong> (-22 for losing)\n|raw|UltimoRyu's rating: 1067 → 1098<\/strong> (+31 for winning)\n|l|\u2606palafin take 1\n","uploadtime":1682000542,"views":5,"p1id":"palafintake1","p2id":"ultimoryu","formatid":"gen9vgc2023regulationc","rating":1052,"private":0,"password":""}