{"id":"gen9vgc2023regulationc-1848163199","p1":"WillieDangerously","p2":"goodrisotto","format":"[Gen 9] VGC 2023 Regulation C","log":"|j|\u2606WillieDangerously\n|j|\u2606goodrisotto\n|t:|1682037171\n|gametype|doubles\n|player|p1|WillieDangerously|psychic-gen4|1215\n|player|p2|goodrisotto|265|1217\n|teamsize|p1|6\n|teamsize|p2|6\n|gen|9\n|tier|[Gen 9] VGC 2023 Regulation C\n|rated|\n|rule|Species Clause: Limit one of each Pok\u00e9mon\n|rule|Item Clause: Limit one of each item\n|clearpoke\n|poke|p1|Espathra, L50, F|\n|poke|p1|Iron Bundle, L50|\n|poke|p1|Iron Valiant, L50|\n|poke|p1|Salamence, L50, F|\n|poke|p1|Scizor, L50, F|\n|poke|p1|Sandy Shocks, L50|\n|poke|p2|Hydreigon, L50, F|\n|poke|p2|Annihilape, L50, F|\n|poke|p2|Gholdengo, L50|\n|poke|p2|Iron Bundle, L50|\n|poke|p2|Amoonguss, L50, M|\n|poke|p2|Garganacl, L50, M|\n|teampreview|4\n|\n|t:|1682037225\n|start\n|switch|p1a: Sandy Shocks|Sandy Shocks, L50|100\/100\n|switch|p1b: Iron Valiant|Iron Valiant, L50|100\/100\n|switch|p2a: Hydreigon|Hydreigon, L50, F|100\/100\n|switch|p2b: Amoonguss|Amoonguss, L50, M|100\/100\n|-enditem|p1a: Sandy Shocks|Booster Energy\n|-activate|p1a: Sandy Shocks|ability: Protosynthesis|[fromitem]\n|-start|p1a: Sandy Shocks|protosynthesisspe\n|turn|1\n|inactive|Battle timer is ON: inactive players will automatically lose when time's up. (requested by goodrisotto)\n|\n|t:|1682037252\n|move|p2a: Hydreigon|Protect|p2a: Hydreigon\n|-singleturn|p2a: Hydreigon|Protect\n|move|p1a: Sandy Shocks|Gravity|p1a: Sandy Shocks\n|-fieldstart|move: Gravity\n|move|p1b: Iron Valiant|Hypnosis|p2b: Amoonguss\n|-status|p2b: Amoonguss|slp|[from] move: Hypnosis\n|cant|p2b: Amoonguss|slp\n|\n|upkeep\n|turn|2\n|\n|t:|1682037272\n|-end|p1a: Sandy Shocks|Protosynthesis|[silent]\n|switch|p1a: Iron Bundle|Iron Bundle, L50|100\/100\n|switch|p2a: Garganacl|Garganacl, L50, M|100\/100\n|move|p1b: Iron Valiant|Focus Blast|p2a: Garganacl\n|-supereffective|p2a: Garganacl\n|-damage|p2a: Garganacl|19\/100\n|cant|p2b: Amoonguss|slp\n|\n|-heal|p2a: Garganacl|25\/100|[from] item: Leftovers\n|upkeep\n|turn|3\n|\n|t:|1682037294\n|move|p2a: Garganacl|Protect|p2a: Garganacl\n|-singleturn|p2a: Garganacl|Protect\n|move|p1a: Iron Bundle|Blizzard|p2b: Amoonguss|[spread] p2b\n|-activate|p2a: Garganacl|move: Protect\n|-supereffective|p2b: Amoonguss\n|-damage|p2b: Amoonguss|35\/100 slp\n|-enditem|p2b: Amoonguss|Sitrus Berry|[eat]\n|-heal|p2b: Amoonguss|59\/100 slp|[from] item: Sitrus Berry\n|move|p1b: Iron Valiant|Focus Blast|p2a: Garganacl\n|-activate|p2a: Garganacl|move: Protect\n|-curestatus|p2b: Amoonguss|slp|[msg]\n|move|p2b: Amoonguss|Spore|p1b: Iron Valiant\n|-status|p1b: Iron Valiant|slp|[from] move: Spore\n|\n|-heal|p2a: Garganacl|31\/100|[from] item: Leftovers\n|upkeep\n|turn|4\n|inactive|WillieDangerously has 30 seconds left.\n|inactive|goodrisotto has 30 seconds left.\n|inactive|goodrisotto has 20 seconds left.\n|\n|t:|1682037333\n|-terastallize|p1a: Iron Bundle|Ice\n|move|p2a: Garganacl|Wide Guard|p2a: Garganacl\n|-singleturn|p2a: Garganacl|Wide Guard\n|move|p1a: Iron Bundle|Blizzard|p2b: Amoonguss|[spread] \n|-activate|p2a: Garganacl|move: Wide Guard\n|-activate|p2b: Amoonguss|move: Wide Guard\n|cant|p1b: Iron Valiant|slp\n|move|p2b: Amoonguss|Spore|p1a: Iron Bundle\n|-status|p1a: Iron Bundle|slp|[from] move: Spore\n|\n|-heal|p2a: Garganacl|37\/100|[from] item: Leftovers\n|upkeep\n|turn|5\n|\n|t:|1682037353\n|cant|p1a: Iron Bundle|slp\n|-curestatus|p1b: Iron Valiant|slp|[msg]\n|move|p1b: Iron Valiant|Focus Blast|p2a: Garganacl\n|-supereffective|p2a: Garganacl\n|-damage|p2a: Garganacl|0 fnt\n|faint|p2a: Garganacl\n|move|p2b: Amoonguss|Pollen Puff|p2: Garganacl|[notarget]\n|-fail|p2b: Amoonguss\n|\n|-fieldend|move: Gravity\n|upkeep\n|\n|t:|1682037362\n|switch|p2a: Iron Bundle|Iron Bundle, L50|100\/100\n|turn|6\n|\n|t:|1682037384\n|-end|p1b: Iron Valiant|Quark Drive|[silent]\n|switch|p1b: Salamence|Salamence, L50, F|100\/100\n|move|p2a: Iron Bundle|Hydro Pump|p1b: Salamence|[miss]\n|-miss|p2a: Iron Bundle|p1b: Salamence\n|cant|p1a: Iron Bundle|slp\n|move|p2b: Amoonguss|Spore|p1b: Salamence\n|-status|p1b: Salamence|slp|[from] move: Spore\n|\n|upkeep\n|turn|7\n|inactive|WillieDangerously has 30 seconds left.\n|\n|t:|1682037415\n|switch|p1b: Iron Valiant|Iron Valiant, L50|100\/100\n|cant|p1a: Iron Bundle|slp\n|move|p2a: Iron Bundle|Icy Wind|p1b: Iron Valiant|[spread] p1a,p1b\n|-resisted|p1a: Iron Bundle\n|-damage|p1a: Iron Bundle|81\/100 slp\n|-damage|p1b: Iron Valiant|62\/100\n|-unboost|p1b: Iron Valiant|spe|1\n|move|p2b: Amoonguss|Spore|p1a: Iron Bundle\n|-fail|p1a: Iron Bundle|slp\n|\n|upkeep\n|turn|8\n|\n|t:|1682037435\n|-curestatus|p1a: Iron Bundle|slp|[msg]\n|move|p1a: Iron Bundle|Icy Wind|p2b: Amoonguss|[spread] p2a\n|-miss|p1a: Iron Bundle|p2b: Amoonguss\n|-resisted|p2a: Iron Bundle\n|-damage|p2a: Iron Bundle|86\/100\n|-unboost|p2a: Iron Bundle|spe|1\n|move|p2a: Iron Bundle|Hydro Pump|p1a: Iron Bundle\n|-damage|p1a: Iron Bundle|0 fnt\n|faint|p1a: Iron Bundle\n|-end|p1a: Iron Bundle|Quark Drive|[silent]\n|move|p1b: Iron Valiant|Moonblast|p2a: Iron Bundle\n|-damage|p2a: Iron Bundle|0 fnt\n|faint|p2a: Iron Bundle\n|-end|p2a: Iron Bundle|Quark Drive|[silent]\n|move|p2b: Amoonguss|Spore|p1b: Iron Valiant\n|-status|p1b: Iron Valiant|slp|[from] move: Spore\n|\n|upkeep\n|\n|t:|1682037455\n|switch|p2a: Hydreigon|Hydreigon, L50, F|100\/100\n|switch|p1a: Sandy Shocks|Sandy Shocks, L50|100\/100\n|turn|9\n|\n|t:|1682037472\n|move|p1a: Sandy Shocks|Protect|p1a: Sandy Shocks\n|-singleturn|p1a: Sandy Shocks|Protect\n|move|p2a: Hydreigon|Focus Energy|p2a: Hydreigon\n|-start|p2a: Hydreigon|move: Focus Energy\n|cant|p1b: Iron Valiant|slp\n|move|p2b: Amoonguss|Spore|p1a: Sandy Shocks\n|-activate|p1a: Sandy Shocks|move: Protect\n|\n|upkeep\n|turn|10\n|\n|t:|1682037488\n|-terastallize|p2a: Hydreigon|Fire\n|move|p1a: Sandy Shocks|Gravity|p1a: Sandy Shocks\n|-fieldstart|move: Gravity\n|move|p2a: Hydreigon|Heat Wave|p1a: Sandy Shocks|[spread] p1a,p1b\n|-crit|p1a: Sandy Shocks\n|-crit|p1b: Iron Valiant\n|-damage|p1a: Sandy Shocks|31\/100\n|-damage|p1b: Iron Valiant|0 fnt\n|faint|p1b: Iron Valiant\n|-end|p1b: Iron Valiant|Quark Drive|[silent]\n|move|p2b: Amoonguss|Pollen Puff|p2a: Hydreigon\n|-immune|p2a: Hydreigon\n|\n|upkeep\n|\n|t:|1682037496\n|switch|p1b: Salamence|Salamence, L50, F|100\/100 slp\n|turn|11\n|\n|t:|1682037516\n|move|p2b: Amoonguss|Rage Powder|p2b: Amoonguss\n|-singleturn|p2b: Amoonguss|move: Rage Powder\n|cant|p1b: Salamence|slp\n|move|p1a: Sandy Shocks|Earth Power|p2b: Amoonguss\n|-damage|p2b: Amoonguss|24\/100\n|move|p2a: Hydreigon|Heat Wave|p1b: Salamence|[spread] p1a,p1b\n|-crit|p1a: Sandy Shocks\n|-resisted|p1b: Salamence\n|-crit|p1b: Salamence\n|-damage|p1a: Sandy Shocks|0 fnt\n|-damage|p1b: Salamence|70\/100 slp\n|faint|p1a: Sandy Shocks\n|-end|p1a: Sandy Shocks|Protosynthesis|[silent]\n|\n|upkeep\n|turn|12\n|\n|t:|1682037530\n|cant|p1b: Salamence|slp\n|move|p2a: Hydreigon|Draco Meteor|p1b: Salamence\n|-supereffective|p1b: Salamence\n|-crit|p1b: Salamence\n|-damage|p1b: Salamence|0 fnt\n|-unboost|p2a: Hydreigon|spa|2\n|faint|p1b: Salamence\n|\n|win|goodrisotto\n|raw|WillieDangerously's rating: 1215 → 1190<\/strong> (-25 for losing)\n|raw|goodrisotto's rating: 1217 → 1242<\/strong> (+25 for winning)\n|l|\u2606WillieDangerously\n","uploadtime":1682037533,"views":7,"p1id":"williedangerously","p2id":"goodrisotto","formatid":"gen9vgc2023regulationc","rating":1190,"private":0,"password":""}