{"id":"gen9vgc2023regulationc-1857724928","p1":"the20%er","p2":"myselfkula","format":"[Gen 9] VGC 2023 Regulation C","log":"|j|\u2606the20%er\n|j|\u2606myselfkula\n|t:|1683225897\n|gametype|doubles\n|player|p1|the20%er|169|1230\n|player|p2|myselfkula|101|1276\n|teamsize|p1|6\n|teamsize|p2|6\n|gen|9\n|tier|[Gen 9] VGC 2023 Regulation C\n|rated|\n|rule|Species Clause: Limit one of each Pok\u00e9mon\n|rule|Item Clause: Limit one of each item\n|clearpoke\n|poke|p1|Ting-Lu, L50|\n|poke|p1|Forretress, L50, M|\n|poke|p1|Gyarados, L50, F|\n|poke|p1|Flutter Mane, L50|\n|poke|p1|Baxcalibur, L50, F|\n|poke|p1|Grimmsnarl, L50, M|\n|poke|p2|Annihilape, L50, M|\n|poke|p2|Tyranitar, L50, M|\n|poke|p2|Ting-Lu, L50|\n|poke|p2|Amoonguss, L50, F|\n|poke|p2|Maushold, L50|\n|poke|p2|Lycanroc, L50, M|\n|teampreview|4\nthe20%er has agreed to open team sheets.\n|\n|t:|1683225936\n|start\n|switch|p1a: Forretress|Forretress, L50, M|100\/100\n|switch|p1b: Ting-Lu|Ting-Lu, L50|100\/100\n|switch|p2a: Maushold|Maushold, L50|100\/100\n|switch|p2b: Annihilape|Annihilape, L50, M|100\/100\n|-ability|p1b: Ting-Lu|Vessel of Ruin\n|turn|1\n|inactive|Battle timer is ON: inactive players will automatically lose when time's up. (requested by myselfkula)\n|\n|t:|1683225964\n|switch|p1b: Flutter Mane|Flutter Mane, L50|100\/100\n|move|p2a: Maushold|Protect|p2a: Maushold\n|-singleturn|p2a: Maushold|Protect\n|move|p2b: Annihilape|Bulk Up|p2b: Annihilape\n|-boost|p2b: Annihilape|atk|1\n|-boost|p2b: Annihilape|def|1\n|move|p1a: Forretress|Curse|p1a: Forretress\n|-unboost|p1a: Forretress|spe|1\n|-boost|p1a: Forretress|atk|1\n|-boost|p1a: Forretress|def|1\n|\n|upkeep\n|turn|2\n|inactive|the20%er has 30 seconds left.\n|\n|t:|1683225992\n|move|p2a: Maushold|Follow Me|p2a: Maushold\n|-singleturn|p2a: Maushold|move: Follow Me\n|move|p1b: Flutter Mane|Moonblast|p2a: Maushold\n|-damage|p2a: Maushold|27\/100\n|move|p2b: Annihilape|Rage Fist|p1b: Flutter Mane\n|-supereffective|p1b: Flutter Mane\n|-damage|p1b: Flutter Mane|10\/100\n|move|p1a: Forretress|Curse|p1a: Forretress\n|-unboost|p1a: Forretress|spe|1\n|-boost|p1a: Forretress|atk|1\n|-boost|p1a: Forretress|def|1\n|\n|upkeep\n|turn|3\n|inactive|myselfkula has 30 seconds left.\n|inactive|myselfkula has 20 seconds left.\n|inactive|myselfkula has 15 seconds left.\n|inactive|myselfkula has 10 seconds left.\n|\n|t:|1683226039\n|-end|p1b: Flutter Mane|Protosynthesis|[silent]\n|switch|p1b: Ting-Lu|Ting-Lu, L50|100\/100\n|-ability|p1b: Ting-Lu|Vessel of Ruin\n|-terastallize|p2b: Annihilape|Fire\n|move|p2a: Maushold|Protect|p2a: Maushold\n|-singleturn|p2a: Maushold|Protect\n|move|p2b: Annihilape|Bulk Up|p2b: Annihilape\n|-boost|p2b: Annihilape|atk|1\n|-boost|p2b: Annihilape|def|1\n|move|p1a: Forretress|Gyro Ball|p2a: Maushold\n|-activate|p2a: Maushold|move: Protect\n|\n|upkeep\n|turn|4\n|inactive|the20%er has 30 seconds left.\n|inactive|myselfkula has 30 seconds left.\n|\n|t:|1683226067\n|move|p2a: Maushold|Beat Up|p2b: Annihilape\n|-damage|p2b: Annihilape|99\/100\n|-damage|p2b: Annihilape|99\/100\n|-crit|p2b: Annihilape\n|-damage|p2b: Annihilape|95\/100\n|-damage|p2b: Annihilape|94\/100\n|-hitcount|p2b: Annihilape|4\n|move|p2b: Annihilape|Drain Punch|p1b: Ting-Lu\n|-supereffective|p1b: Ting-Lu\n|-damage|p1b: Ting-Lu|46\/100\n|-heal|p2b: Annihilape|100\/100|[from] drain|[of] p1b: Ting-Lu\n|move|p1b: Ting-Lu|Body Press|p2a: Maushold\n|-supereffective|p2a: Maushold\n|-damage|p2a: Maushold|0 fnt\n|faint|p2a: Maushold\n|move|p1a: Forretress|Curse|p1a: Forretress\n|-unboost|p1a: Forretress|spe|1\n|-boost|p1a: Forretress|atk|1\n|-boost|p1a: Forretress|def|1\n|\n|upkeep\n|inactive|myselfkula has 30 seconds left.\n|\n|t:|1683226097\n|switch|p2a: Tyranitar|Tyranitar, L50, M|100\/100\n|-weather|Sandstorm|[from] ability: Sand Stream|[of] p2a: Tyranitar\n|turn|5\n|\n|t:|1683226110\n|move|p1a: Forretress|Protect|p1a: Forretress\n|-singleturn|p1a: Forretress|Protect\n|move|p2b: Annihilape|Rage Fist|p1a: Forretress\n|-activate|p1a: Forretress|move: Protect\n|move|p2a: Tyranitar|Brick Break|p1b: Ting-Lu\n|-supereffective|p1b: Ting-Lu\n|-damage|p1b: Ting-Lu|4\/100\n|move|p1b: Ting-Lu|Body Press|p2a: Tyranitar\n|-supereffective|p2a: Tyranitar\n|-damage|p2a: Tyranitar|11\/100\n|\n|-weather|Sandstorm|[upkeep]\n|-damage|p2b: Annihilape|94\/100|[from] Sandstorm\n|-heal|p2b: Annihilape|100\/100|[from] item: Leftovers\n|upkeep\n|turn|6\n|\n|t:|1683226131\n|move|p2b: Annihilape|Bulk Up|p2b: Annihilape\n|-boost|p2b: Annihilape|atk|1\n|-boost|p2b: Annihilape|def|1\n|move|p2a: Tyranitar|Brick Break|p1b: Ting-Lu\n|-supereffective|p1b: Ting-Lu\n|-damage|p1b: Ting-Lu|0 fnt\n|faint|p1b: Ting-Lu\n|move|p1a: Forretress|Curse|p1a: Forretress\n|-unboost|p1a: Forretress|spe|1\n|-boost|p1a: Forretress|atk|1\n|-boost|p1a: Forretress|def|1\n|\n|-weather|Sandstorm|[upkeep]\n|-damage|p2b: Annihilape|94\/100|[from] Sandstorm\n|-heal|p2b: Annihilape|100\/100|[from] item: Leftovers\n|upkeep\n|\n|t:|1683226139\n|switch|p1b: Flutter Mane|Flutter Mane, L50|10\/100\n|turn|7\n|inactive|myselfkula has 30 seconds left.\n|\n|t:|1683226164\n|move|p1b: Flutter Mane|Power Gem|p2b: Annihilape\n|-supereffective|p2b: Annihilape\n|-damage|p2b: Annihilape|36\/100\n|move|p2b: Annihilape|Rage Fist|p1a: Forretress\n|-damage|p1a: Forretress|33\/100\n|move|p2a: Tyranitar|Brick Break|p1a: Forretress\n|-damage|p1a: Forretress|21\/100\n|move|p1a: Forretress|Body Press|p2a: Tyranitar\n|-supereffective|p2a: Tyranitar\n|-damage|p2a: Tyranitar|0 fnt\n|faint|p2a: Tyranitar\n|\n|-weather|Sandstorm|[upkeep]\n|-damage|p1b: Flutter Mane|4\/100|[from] Sandstorm\n|-damage|p2b: Annihilape|30\/100|[from] Sandstorm\n|-heal|p2b: Annihilape|36\/100|[from] item: Leftovers\n|-heal|p1a: Forretress|27\/100|[from] item: Leftovers\n|upkeep\n|\n|t:|1683226179\n|switch|p2a: Lycanroc|Lycanroc, L50, M|100\/100\n|turn|8\n|\n|t:|1683226184\n|move|p2b: Annihilape|Protect|p2b: Annihilape\n|-singleturn|p2b: Annihilape|Protect\n|move|p1a: Forretress|Protect|p1a: Forretress\n|-singleturn|p1a: Forretress|Protect\n|move|p2a: Lycanroc|Rock Slide|p1b: Flutter Mane|[spread] p1b\n|-activate|p1a: Forretress|move: Protect\n|-damage|p1b: Flutter Mane|0 fnt\n|faint|p1b: Flutter Mane\n|-end|p1b: Flutter Mane|Protosynthesis|[silent]\n|\n|-weather|Sandstorm|[upkeep]\n|-damage|p2b: Annihilape|30\/100|[from] Sandstorm\n|-heal|p2b: Annihilape|36\/100|[from] item: Leftovers\n|-heal|p1a: Forretress|33\/100|[from] item: Leftovers\n|upkeep\n|\n|t:|1683226187\n|switch|p1b: Gyarados|Gyarados, L50, F|100\/100\n|-ability|p1b: Gyarados|Intimidate|boost\n|-unboost|p2a: Lycanroc|atk|1\n|-unboost|p2b: Annihilape|atk|1\n|-ability|p2b: Annihilape|Defiant|boost\n|-boost|p2b: Annihilape|atk|2\n|turn|9\n|inactive|myselfkula has 30 seconds left.\n|\n|t:|1683226214\n|-terastallize|p1a: Forretress|Fighting\n|move|p2a: Lycanroc|Rock Slide|p1b: Gyarados|[spread] \n|-miss|p2a: Lycanroc|p1a: Forretress\n|-miss|p2a: Lycanroc|p1b: Gyarados\n|move|p2b: Annihilape|Rage Fist|p1a: Forretress\n|-damage|p1a: Forretress|0 fnt\n|faint|p1a: Forretress\n|move|p1b: Gyarados|Waterfall|p2b: Annihilape\n|-supereffective|p2b: Annihilape\n|-damage|p2b: Annihilape|3\/100\n|\n|-weather|none\n|-heal|p2b: Annihilape|9\/100|[from] item: Leftovers\n|upkeep\n|turn|10\n|\n|t:|1683226234\n|move|p2b: Annihilape|Protect|p2b: Annihilape\n|-singleturn|p2b: Annihilape|Protect\n|move|p2a: Lycanroc|Rock Slide|p1b: Gyarados\n|-supereffective|p1b: Gyarados\n|-damage|p1b: Gyarados|45\/100\n|cant|p1b: Gyarados|flinch\n|\n|-heal|p2b: Annihilape|15\/100|[from] item: Leftovers\n|upkeep\n|turn|11\n|\n|t:|1683226248\n|move|p2a: Lycanroc|Close Combat|p1b: Gyarados\n|-resisted|p1b: Gyarados\n|-damage|p1b: Gyarados|30\/100\n|-unboost|p2a: Lycanroc|def|1\n|-unboost|p2a: Lycanroc|spd|1\n|move|p2b: Annihilape|Rage Fist|p1b: Gyarados\n|-damage|p1b: Gyarados|0 fnt\n|faint|p1b: Gyarados\n|\n|win|myselfkula\n|raw|the20%er's rating: 1230 → 1208<\/strong> (-22 for losing)\n|raw|myselfkula's rating: 1276 → 1298<\/strong> (+22 for winning)\n|l|\u2606the20%er\n","uploadtime":1683226267,"views":8,"p1id":"the20er","p2id":"myselfkula","formatid":"gen9vgc2023regulationc","rating":1208,"private":0,"password":""}