{"id":"gen9vgc2023regulationc-1845326764","p1":"yungwasser","p2":"Miuna suki","format":"[Gen 9] VGC 2023 Regulation C","log":"|j|\u2606yungwasser\n|j|\u2606Miuna suki\n|t:|1681715452\n|gametype|doubles\n|player|p1|yungwasser|170|1336\n|player|p2|Miuna suki|caitlin|1428\n|teamsize|p1|6\n|teamsize|p2|6\n|gen|9\n|tier|[Gen 9] VGC 2023 Regulation C\n|rated|\n|rule|Species Clause: Limit one of each Pok\u00e9mon\n|rule|Item Clause: Limit one of each item\n|clearpoke\n|poke|p1|Amoonguss, L50, M|\n|poke|p1|Palafin, L50, M|\n|poke|p1|Flutter Mane, L50|\n|poke|p1|Arcanine, L50, F|\n|poke|p1|Dragonite, L50, M|\n|poke|p1|Kingambit, L50, M|\n|poke|p2|Chien-Pao, L50|\n|poke|p2|Dragonite, L50, F|\n|poke|p2|Palafin, L50, F|\n|poke|p2|Arcanine, L50, F|\n|poke|p2|Flutter Mane, L50|\n|poke|p2|Amoonguss, L50, M|\n|teampreview|4\n|j| ppsj6596\nyungwasser has agreed to open team sheets.\n|inactive|Battle timer is ON: inactive players will automatically lose when time's up. (requested by Miuna suki)\n|\n|t:|1681715476\n|start\n|switch|p1a: Amoonguss|Amoonguss, L50, M|100\/100\n|switch|p1b: Flutter Mane|Flutter Mane, L50|100\/100\n|switch|p2a: Palafin|Palafin, L50, F|100\/100\n|switch|p2b: Amoonguss|Amoonguss, L50, M|100\/100\n|-enditem|p1b: Flutter Mane|Booster Energy\n|-activate|p1b: Flutter Mane|ability: Protosynthesis|[fromitem]\n|-start|p1b: Flutter Mane|protosynthesisspa\n|turn|1\n|\n|t:|1681715489\n|detailschange|p2a: Palafin|Palafin-Hero, L50, F\n|switch|p2a: Dragonite|Dragonite, L50, F|100\/100\n|move|p1b: Flutter Mane|Substitute|p1b: Flutter Mane\n|-start|p1b: Flutter Mane|Substitute\n|-damage|p1b: Flutter Mane|76\/100\n|move|p2b: Amoonguss|Spore||[still]\n|-fail|p2b: Amoonguss\n|move|p1a: Amoonguss|Spore|p2a: Dragonite\n|-status|p2a: Dragonite|slp|[from] move: Spore\n|\n|upkeep\n|turn|2\n|\n|t:|1681715506\n|move|p1b: Flutter Mane|Shadow Ball|p2b: Amoonguss\n|-damage|p2b: Amoonguss|57\/100\n|cant|p2a: Dragonite|slp\n|move|p2b: Amoonguss|Clear Smog|p1b: Flutter Mane\n|-activate|p1b: Flutter Mane|move: Substitute|[damage]\n|move|p1a: Amoonguss|Pollen Puff|p2b: Amoonguss\n|-damage|p2b: Amoonguss|43\/100\n|\n|upkeep\n|turn|3\n|inactive|Miuna suki has 30 seconds left.\n|\n|t:|1681715534\n|switch|p1a: Kingambit|Kingambit, L50, M|100\/100\n|move|p2b: Amoonguss|Protect|p2b: Amoonguss\n|-singleturn|p2b: Amoonguss|Protect\n|move|p1b: Flutter Mane|Shadow Ball|p2b: Amoonguss\n|-activate|p2b: Amoonguss|move: Protect\n|-curestatus|p2a: Dragonite|slp|[msg]\n|move|p2a: Dragonite|Ice Spinner|p1a: Kingambit\n|-resisted|p1a: Kingambit\n|-damage|p1a: Kingambit|89\/100\n|\n|upkeep\n|turn|4\n|inactive|yungwasser has 30 seconds left.\n|inactive|Miuna suki has 30 seconds left.\n|inactive|yungwasser has 20 seconds left.\n|\n|t:|1681715571\n|switch|p2b: Palafin|Palafin-Hero, L50, F|100\/100\n|-activate|p2b: Palafin|ability: Zero to Hero\n|move|p1b: Flutter Mane|Shadow Ball|p2b: Palafin\n|-damage|p2b: Palafin|48\/100\n|move|p2a: Dragonite|Low Kick|p1a: Kingambit\n|-supereffective|p1a: Kingambit\n|-damage|p1a: Kingambit|0 fnt\n|faint|p1a: Kingambit\n|\n|upkeep\n|\n|t:|1681715581\n|switch|p1a: Arcanine|Arcanine, L50, F|100\/100\n|-ability|p1a: Arcanine|Intimidate|boost\n|-fail|p2a: Dragonite|unboost|Attack|[from] ability: Inner Focus|[of] p2a: Dragonite\n|-unboost|p2b: Palafin|atk|1\n|turn|5\n|inactive|Miuna suki has 30 seconds left.\n|\n|t:|1681715607\n|switch|p2b: Amoonguss|Amoonguss, L50, M|76\/100\n|-terastallize|p1a: Arcanine|Water\n|move|p1b: Flutter Mane|Protect|p1b: Flutter Mane\n|-singleturn|p1b: Flutter Mane|Protect\n|move|p1a: Arcanine|Will-O-Wisp|p2a: Dragonite\n|-status|p2a: Dragonite|brn\n|move|p2a: Dragonite|Ice Spinner|p1b: Flutter Mane\n|-activate|p1b: Flutter Mane|move: Protect\n|\n|-damage|p2a: Dragonite|94\/100 brn|[from] brn\n|upkeep\n|turn|6\n|\n|t:|1681715626\n|move|p1b: Flutter Mane|Shadow Ball|p2b: Amoonguss\n|-damage|p2b: Amoonguss|32\/100\n|move|p1a: Arcanine|Flare Blitz|p2b: Amoonguss\n|-supereffective|p2b: Amoonguss\n|-damage|p2b: Amoonguss|0 fnt\n|-damage|p1a: Arcanine|84\/100|[from] item: Rocky Helmet|[of] p2b: Amoonguss\n|faint|p2b: Amoonguss\n|-damage|p1a: Arcanine|72\/100|[from] Recoil\n|move|p2a: Dragonite|Ice Spinner|p1b: Flutter Mane\n|-end|p1b: Flutter Mane|Substitute\n|\n|-damage|p2a: Dragonite|88\/100 brn|[from] brn\n|upkeep\n|\n|t:|1681715638\n|switch|p2b: Palafin|Palafin-Hero, L50, F|48\/100\n|turn|7\n|\n|t:|1681715663\n|switch|p1a: Amoonguss|Amoonguss, L50, M|100\/100\n|switch|p2a: Chien-Pao|Chien-Pao, L50|100\/100\n|-ability|p2a: Chien-Pao|Sword of Ruin\n|move|p1b: Flutter Mane|Protect|p1b: Flutter Mane\n|-singleturn|p1b: Flutter Mane|Protect\n|move|p2b: Palafin|Protect||[still]\n|-fail|p2b: Palafin\n|\n|upkeep\n|turn|8\n|\n|t:|1681715684\n|-end|p1b: Flutter Mane|Protosynthesis|[silent]\n|switch|p1b: Arcanine|Arcanine, L50, F, tera:Water|72\/100\n|-ability|p1b: Arcanine|Intimidate|boost\n|-unboost|p2a: Chien-Pao|atk|1\n|-unboost|p2b: Palafin|atk|1\n|move|p2b: Palafin|Jet Punch|p1b: Arcanine\n|-resisted|p1b: Arcanine\n|-damage|p1b: Arcanine|51\/100\n|move|p2a: Chien-Pao|Ice Spinner|p1a: Amoonguss\n|-supereffective|p1a: Amoonguss\n|-damage|p1a: Amoonguss|46\/100\n|move|p1a: Amoonguss|Pollen Puff|p2a: Chien-Pao\n|-supereffective|p2a: Chien-Pao\n|-damage|p2a: Chien-Pao|44\/100\n|\n|upkeep\n|turn|9\n|\n|t:|1681715708\n|switch|p2a: Dragonite|Dragonite, L50, F|88\/100 brn\n|move|p1b: Arcanine|Flare Blitz|p2a: Dragonite\n|-resisted|p2a: Dragonite\n|-damage|p2a: Dragonite|65\/100 brn\n|-damage|p1b: Arcanine|43\/100|[from] Recoil\n|move|p2b: Palafin|Wave Crash|p1a: Amoonguss\n|-resisted|p1a: Amoonguss\n|-damage|p1a: Amoonguss|23\/100\n|-enditem|p1a: Amoonguss|Aguav Berry|[eat]\n|-heal|p1a: Amoonguss|56\/100|[from] item: Aguav Berry\n|-damage|p2b: Palafin|40\/100|[from] Recoil\n|move|p1a: Amoonguss|Spore|p2b: Palafin\n|-status|p2b: Palafin|slp|[from] move: Spore\n|\n|-damage|p2a: Dragonite|59\/100 brn|[from] brn\n|upkeep\n|turn|10\n|l| ppsj6596\n|\n|t:|1681715730\n|switch|p1b: Flutter Mane|Flutter Mane, L50|76\/100\n|cant|p2b: Palafin|slp\n|move|p2a: Dragonite|Ice Spinner|p1a: Amoonguss\n|-supereffective|p1a: Amoonguss\n|-damage|p1a: Amoonguss|32\/100\n|move|p1a: Amoonguss|Pollen Puff|p1b: Flutter Mane\n|-heal|p1b: Flutter Mane|100\/100\n|\n|-damage|p2a: Dragonite|53\/100 brn|[from] brn\n|upkeep\n|turn|11\n|inactive|Miuna suki has 30 seconds left.\n|\n|t:|1681715763\n|switch|p1a: Arcanine|Arcanine, L50, F, tera:Water|43\/100\n|-ability|p1a: Arcanine|Intimidate|boost\n|-fail|p2a: Dragonite|unboost|Attack|[from] ability: Inner Focus|[of] p2a: Dragonite\n|-unboost|p2b: Palafin|atk|1\n|move|p1b: Flutter Mane|Substitute|p1b: Flutter Mane\n|-start|p1b: Flutter Mane|Substitute\n|-damage|p1b: Flutter Mane|76\/100\n|cant|p2b: Palafin|slp\n|move|p2a: Dragonite|Outrage|p1b: Flutter Mane\n|-immune|p1b: Flutter Mane\n|\n|-damage|p2a: Dragonite|46\/100 brn|[from] brn\n|upkeep\n|turn|12\n|\n|t:|1681715784\n|move|p1a: Arcanine|Extreme Speed|p2b: Palafin\n|-damage|p2b: Palafin|20\/100 slp\n|move|p2a: Dragonite|Extreme Speed|p1a: Arcanine\n|-damage|p1a: Arcanine|27\/100\n|-curestatus|p2b: Palafin|slp|[msg]\n|move|p2b: Palafin|Jet Punch|p1b: Flutter Mane\n|-end|p1b: Flutter Mane|Substitute\n|move|p1b: Flutter Mane|Moonblast|p2a: Dragonite\n|-supereffective|p2a: Dragonite\n|-damage|p2a: Dragonite|0 fnt\n|faint|p2a: Dragonite\n|\n|upkeep\n|\n|t:|1681715795\n|switch|p2a: Chien-Pao|Chien-Pao, L50|44\/100\n|-ability|p2a: Chien-Pao|Sword of Ruin\n|turn|13\n|inactive|Miuna suki has 30 seconds left.\n|\n|t:|1681715823\n|-terastallize|p2b: Palafin|Water\n|move|p1b: Flutter Mane|Protect|p1b: Flutter Mane\n|-singleturn|p1b: Flutter Mane|Protect\n|move|p1a: Arcanine|Extreme Speed|p2b: Palafin\n|-damage|p2b: Palafin|0 fnt\n|faint|p2b: Palafin\n|move|p2a: Chien-Pao|Sacred Sword|p1a: Arcanine\n|-damage|p1a: Arcanine|0 fnt\n|faint|p1a: Arcanine\n|\n|upkeep\n|\n|t:|1681715832\n|switch|p1a: Amoonguss|Amoonguss, L50, M|65\/100\n|turn|14\n|c|\u2606yungwasser|gg\n|l|\u2606Miuna suki\n|inactive|Miuna suki disconnected and has a minute to reconnect!\n|player|p2|\n|inactive|Miuna suki has 30 seconds left.\n|inactive|Miuna suki has 20 seconds left.\n|inactive|Miuna suki has 15 seconds left.\n|inactive|Miuna suki has 10 seconds left.\n|inactive|Miuna suki has 5 seconds left.\n|-message|Miuna suki lost due to inactivity.\n|\n|win|yungwasser\n|raw|yungwasser's rating: 1336 → 1360<\/strong> (+24 for winning)\n|raw|Miuna suki's rating: 1411 → 1387<\/strong> (-24 for losing)\n","uploadtime":1681715930,"views":29,"p1id":"yungwasser","p2id":"miunasuki","formatid":"gen9vgc2023regulationc","rating":1360,"private":0,"password":""}