{"id":"gen9vgc2023regulationc-1848651530","p1":"Trttterfhg","p2":"dralfredpennyworth","format":"[Gen 9] VGC 2023 Regulation C","log":"|j|\u2606Trttterfhg\n|j|\u2606dralfredpennyworth\n|t:|1682097774\n|gametype|doubles\n|player|p1|Trttterfhg|169|1131\n|player|p2|dralfredpennyworth|lucas|1051\n|teamsize|p1|6\n|teamsize|p2|6\n|gen|9\n|tier|[Gen 9] VGC 2023 Regulation C\n|rated|\n|rule|Species Clause: Limit one of each Pok\u00e9mon\n|rule|Item Clause: Limit one of each item\n|clearpoke\n|poke|p1|Ting-Lu, L50|\n|poke|p1|Murkrow, L50, M|\n|poke|p1|Amoonguss, L50, F|\n|poke|p1|Kilowattrel, L50, M|\n|poke|p1|Palafin, L50, F|\n|poke|p1|Pelipper, L50, M|\n|poke|p2|Dunsparce, L50, M|\n|poke|p2|Golduck, L50, M|\n|poke|p2|Honchkrow, L50, M|\n|poke|p2|Sandy Shocks, L50|\n|poke|p2|Espeon, L50, F|\n|poke|p2|Scizor, L50, M|\n|teampreview|4\n|inactive|Battle timer is ON: inactive players will automatically lose when time's up. (requested by dralfredpennyworth)\n|\n|t:|1682097812\n|start\n|switch|p1a: Ting-Lu|Ting-Lu, L50|100\/100\n|switch|p1b: Murkrow|Murkrow, L50, M|100\/100\n|switch|p2a: Honchkrow|Honchkrow, L50, M|100\/100\n|switch|p2b: Espeon|Espeon, L50, F|100\/100\n|-ability|p1a: Ting-Lu|Vessel of Ruin\n|turn|1\n|inactive|Trttterfhg has 30 seconds left.\n|inactive|Trttterfhg has 20 seconds left.\n|\n|t:|1682097851\n|move|p1b: Murkrow|Taunt|p2b: Espeon\n|move|p2b: Espeon|Taunt|p1b: Murkrow|[from]ability: Magic Bounce\n|-start|p1b: Murkrow|move: Taunt\n|move|p2b: Espeon|Dazzling Gleam|p1a: Ting-Lu|[spread] p1a,p1b\n|-supereffective|p1a: Ting-Lu\n|-supereffective|p1b: Murkrow\n|-damage|p1a: Ting-Lu|76\/100\n|-damage|p1b: Murkrow|72\/100\n|move|p2a: Honchkrow|Confuse Ray|p1a: Ting-Lu\n|-start|p1a: Ting-Lu|confusion\n|-activate|p1a: Ting-Lu|confusion\n|move|p1a: Ting-Lu|Rock Slide|p2b: Espeon|[spread] p2a,p2b\n|-supereffective|p2a: Honchkrow\n|-damage|p2a: Honchkrow|29\/100\n|-damage|p2b: Espeon|62\/100\n|\n|upkeep\n|turn|2\n|\n|t:|1682097874\n|switch|p1b: Pelipper|Pelipper, L50, M|100\/100\n|-weather|RainDance|[from] ability: Drizzle|[of] p1b: Pelipper\n|move|p2b: Espeon|Dazzling Gleam|p1b: Pelipper|[spread] p1a,p1b\n|-supereffective|p1a: Ting-Lu\n|-damage|p1a: Ting-Lu|53\/100\n|-damage|p1b: Pelipper|83\/100\n|move|p2a: Honchkrow|Tailwind|p2a: Honchkrow\n|-sidestart|p2: dralfredpennyworth|move: Tailwind\n|-end|p1a: Ting-Lu|confusion\n|move|p1a: Ting-Lu|Rock Slide|p2b: Espeon|[spread] p2a,p2b\n|-supereffective|p2a: Honchkrow\n|-damage|p2a: Honchkrow|0 fnt\n|-damage|p2b: Espeon|27\/100\n|faint|p2a: Honchkrow\n|\n|-weather|RainDance|[upkeep]\n|upkeep\n|\n|t:|1682097885\n|switch|p2a: Sandy Shocks|Sandy Shocks, L50|100\/100\n|-enditem|p2a: Sandy Shocks|Booster Energy\n|-activate|p2a: Sandy Shocks|ability: Protosynthesis|[fromitem]\n|-start|p2a: Sandy Shocks|protosynthesisspa\n|turn|3\n|\n|t:|1682097907\n|switch|p2b: Golduck|Golduck, L50, M|100\/100\n|-ability|p2b: Golduck|Cloud Nine\n|switch|p1a: Murkrow|Murkrow, L50, M|72\/100\n|move|p2a: Sandy Shocks|Thunderbolt|p1b: Pelipper\n|-supereffective|p1b: Pelipper\n|-damage|p1b: Pelipper|0 fnt\n|faint|p1b: Pelipper\n|\n|-weather|RainDance|[upkeep]\n|upkeep\n|\n|t:|1682097923\n|switch|p1b: Ting-Lu|Ting-Lu, L50|53\/100\n|-ability|p1b: Ting-Lu|Vessel of Ruin\n|turn|4\n|inactive|Trttterfhg has 30 seconds left.\n|inactive|dralfredpennyworth has 30 seconds left.\n|\n|t:|1682097951\n|-terastallize|p1b: Ting-Lu|Ground\n|move|p1a: Murkrow|Sunny Day|p1a: Murkrow\n|-weather|SunnyDay\n|move|p2a: Sandy Shocks|Thunderbolt|p1a: Murkrow\n|-supereffective|p1a: Murkrow\n|-damage|p1a: Murkrow|0 fnt\n|faint|p1a: Murkrow\n|move|p2b: Golduck|Hydro Pump|p1b: Ting-Lu\n|-supereffective|p1b: Ting-Lu\n|-damage|p1b: Ting-Lu|0 fnt\n|faint|p1b: Ting-Lu\n|\n|-weather|SunnyDay|[upkeep]\n|upkeep\n|\n|t:|1682097967\n|switch|p1b: Kilowattrel|Kilowattrel, L50, M|100\/100\n|turn|5\n|\n|t:|1682097980\n|move|p2a: Sandy Shocks|Power Gem|p1b: Kilowattrel\n|-supereffective|p1b: Kilowattrel\n|-enditem|p1b: Kilowattrel|Focus Sash\n|-damage|p1b: Kilowattrel|1\/100\n|move|p2b: Golduck|Ice Beam|p1b: Kilowattrel\n|-supereffective|p1b: Kilowattrel\n|-damage|p1b: Kilowattrel|0 fnt\n|faint|p1b: Kilowattrel\n|\n|win|dralfredpennyworth\n|raw|Trttterfhg's rating: 1131 → 1100<\/strong> (-31 for losing)\n|raw|dralfredpennyworth's rating: 1051 → 1091<\/strong> (+40 for winning)\n","uploadtime":1682097990,"views":11,"p1id":"trttterfhg","p2id":"dralfredpennyworth","formatid":"gen9vgc2023regulationc","rating":1091,"private":0,"password":""}