{"id":"gen9vgc2023regulationc-1849842518","p1":"DeathToScarfChiYu","p2":"zhz2021","format":"[Gen 9] VGC 2023 Regulation C","log":"|j|\u2606DeathToScarfChiYu\n|j|\u2606zhz2021\n|t:|1682259520\n|gametype|doubles\n|player|p1|DeathToScarfChiYu|fennel|1758\n|player|p2|zhz2021|marley|1662\n|teamsize|p1|6\n|teamsize|p2|6\n|gen|9\n|tier|[Gen 9] VGC 2023 Regulation C\n|rated|\n|rule|Species Clause: Limit one of each Pok\u00e9mon\n|rule|Item Clause: Limit one of each item\n|clearpoke\n|poke|p1|Amoonguss, L50, M|\n|poke|p1|Orthworm, L50, M|\n|poke|p1|Gyarados, L50, F|\n|poke|p1|Ting-Lu, L50|\n|poke|p1|Flutter Mane, L50|\n|poke|p1|Dragonite, L50, F|\n|poke|p2|Roaring Moon, L50|\n|poke|p2|Brambleghast, L50, M|\n|poke|p2|Iron Hands, L50|\n|poke|p2|Maushold-Four, L50|\n|poke|p2|Flutter Mane, L50|\n|poke|p2|Chi-Yu, L50|\n|teampreview|4\nDeathToScarfChiYu has agreed to open team sheets.\nzhz2021 rejected open team sheets.\n|inactive|Battle timer is ON: inactive players will automatically lose when time's up. (requested by zhz2021)\n|\n|t:|1682259556\n|start\n|switch|p1a: Gyarados|Gyarados, L50, F|100\/100\n|switch|p1b: Orthworm|Orthworm, L50, M|100\/100\n|switch|p2a: \u9b3c\u6708|Roaring Moon, L50|100\/100\n|switch|p2b: \u91d1\u521a|Iron Hands, L50|100\/100\n|-ability|p1a: Gyarados|Intimidate|boost\n|-unboost|p2a: \u9b3c\u6708|atk|1\n|-unboost|p2b: \u91d1\u521a|atk|1\n|-enditem|p2a: \u9b3c\u6708|Booster Energy\n|-activate|p2a: \u9b3c\u6708|ability: Protosynthesis|[fromitem]\n|-start|p2a: \u9b3c\u6708|protosynthesisspe\n|turn|1\n|\n|t:|1682259568\n|switch|p1a: Ting-Lu|Ting-Lu, L50|100\/100\n|-ability|p1a: Ting-Lu|Vessel of Ruin\n|move|p2a: \u9b3c\u6708|Tailwind|p2a: \u9b3c\u6708\n|-sidestart|p2: zhz2021|move: Tailwind\n|move|p2b: \u91d1\u521a|Wild Charge|p1a: Ting-Lu\n|-immune|p1a: Ting-Lu\n|move|p1b: Orthworm|Iron Defense|p1b: Orthworm\n|-boost|p1b: Orthworm|def|2\n|\n|upkeep\n|turn|2\n|\n|t:|1682259576\n|move|p2a: \u9b3c\u6708|Taunt|p1b: Orthworm\n|-start|p1b: Orthworm|move: Taunt\n|move|p2b: \u91d1\u521a|Drain Punch|p1a: Ting-Lu\n|-supereffective|p1a: Ting-Lu\n|-damage|p1a: Ting-Lu|75\/100\n|move|p1a: Ting-Lu|Earthquake|p2a: \u9b3c\u6708|[spread] p2a,p2b\n|-immune|p1b: Orthworm|[from] ability: Earth Eater\n|-supereffective|p2b: \u91d1\u521a\n|-damage|p2a: \u9b3c\u6708|58\/100\n|-damage|p2b: \u91d1\u521a|60\/100\n|cant|p1b: Orthworm|move: Taunt|Iron Defense\n|\n|upkeep\n|turn|3\n|\n|t:|1682259585\n|switch|p1a: Gyarados|Gyarados, L50, F|100\/100\n|-ability|p1a: Gyarados|Intimidate|boost\n|-unboost|p2a: \u9b3c\u6708|atk|1\n|-unboost|p2b: \u91d1\u521a|atk|1\n|move|p2a: \u9b3c\u6708|Breaking Swipe|p1b: Orthworm|[spread] p1a,p1b\n|-resisted|p1b: Orthworm\n|-damage|p1a: Gyarados|88\/100\n|-damage|p1b: Orthworm|98\/100\n|-unboost|p1a: Gyarados|atk|1\n|-unboost|p1b: Orthworm|atk|1\n|-damage|p2a: \u9b3c\u6708|42\/100|[from] item: Rocky Helmet|[of] p1a: Gyarados\n|move|p2b: \u91d1\u521a|Drain Punch|p1a: Gyarados\n|-resisted|p1a: Gyarados\n|-damage|p1a: Gyarados|79\/100\n|-heal|p2b: \u91d1\u521a|64\/100|[from] drain|[of] p1a: Gyarados\n|-damage|p2b: \u91d1\u521a|47\/100|[from] item: Rocky Helmet|[of] p1a: Gyarados\n|move|p1b: Orthworm|Body Press|p2a: \u9b3c\u6708\n|-supereffective|p2a: \u9b3c\u6708\n|-damage|p2a: \u9b3c\u6708|0 fnt\n|faint|p2a: \u9b3c\u6708\n|-end|p2a: \u9b3c\u6708|Protosynthesis|[silent]\n|\n|-heal|p1b: Orthworm|100\/100|[from] item: Leftovers\n|upkeep\n|\n|t:|1682259590\n|switch|p2a: \u5929\u9053|Chi-Yu, L50|100\/100\n|-ability|p2a: \u5929\u9053|Beads of Ruin\n|turn|4\n|\n|t:|1682259595\n|switch|p1a: Ting-Lu|Ting-Lu, L50|75\/100\n|-ability|p1a: Ting-Lu|Vessel of Ruin\n|-terastallize|p2a: \u5929\u9053|Water\n|-terastallize|p1b: Orthworm|Fire\n|move|p2a: \u5929\u9053|Heat Wave|p1b: Orthworm|[spread] p1a,p1b\n|-resisted|p1b: Orthworm\n|-damage|p1a: Ting-Lu|49\/100\n|-damage|p1b: Orthworm|74\/100\n|-damage|p2a: \u5929\u9053|91\/100|[from] item: Life Orb\n|move|p2b: \u91d1\u521a|Wild Charge|p1a: Ting-Lu\n|-immune|p1a: Ting-Lu\n|move|p1b: Orthworm|Body Press|p2a: \u5929\u9053\n|-damage|p2a: \u5929\u9053|6\/100\n|\n|-heal|p1b: Orthworm|80\/100|[from] item: Leftovers\n|-end|p1b: Orthworm|move: Taunt\n|-sideend|p2: zhz2021|move: Tailwind\n|upkeep\n|turn|5\n|\n|t:|1682259607\n|-end|p2b: \u91d1\u521a|Quark Drive|[silent]\n|switch|p2b: \u65e0\u5c3d\u6218\u795e|Maushold-Four, L50|100\/100\n|switch|p1b: Gyarados|Gyarados, L50, F|79\/100\n|-ability|p1b: Gyarados|Intimidate|boost\n|-unboost|p2a: \u5929\u9053|atk|1\n|-unboost|p2b: \u65e0\u5c3d\u6218\u795e|atk|1\n|move|p2a: \u5929\u9053|Tera Blast|p1b: Gyarados\n|-resisted|p1b: Gyarados\n|-damage|p1b: Gyarados|53\/100\n|-damage|p2a: \u5929\u9053|0 fnt|[from] item: Life Orb\n|faint|p2a: \u5929\u9053\n|move|p1a: Ting-Lu|Earthquake|p2b: \u65e0\u5c3d\u6218\u795e|[spread] p2b\n|-immune|p1b: Gyarados\n|-damage|p2b: \u65e0\u5c3d\u6218\u795e|46\/100\n|\n|upkeep\n|-message|zhz2021 forfeited.\n|\n|win|DeathToScarfChiYu\n|raw|DeathToScarfChiYu's rating: 1758 → 1773<\/strong> (+15 for winning)\n|raw|zhz2021's rating: 1662 → 1647<\/strong> (-15 for losing)\n|l|\u2606zhz2021\n","uploadtime":1682259622,"views":22,"p1id":"deathtoscarfchiyu","p2id":"zhz2021","formatid":"gen9vgc2023regulationc","rating":1647,"private":0,"password":""}