{"id":"gen9vgc2023regulationc-1863577346","p1":"xomni","p2":"Alee-21","format":"[Gen 9] VGC 2023 Regulation C","log":"|j|\u2606xomni\n|j|\u2606Alee-21\n|t:|1684037053\n|gametype|doubles\n|player|p1|xomni|169|1120\n|player|p2|Alee-21|veteran|1051\n|teamsize|p1|6\n|teamsize|p2|6\n|gen|9\n|tier|[Gen 9] VGC 2023 Regulation C\n|rated|\n|rule|Species Clause: Limit one of each Pok\u00e9mon\n|rule|Item Clause: Limit one of each item\n|clearpoke\n|poke|p1|Hydreigon, L50, F|\n|poke|p1|Flutter Mane, L50|\n|poke|p1|Chi-Yu, L50|\n|poke|p1|Iron Bundle, L50|\n|poke|p1|Corviknight, L50, F|\n|poke|p1|Gholdengo, L50|\n|poke|p2|Quaquaval, L50, M|\n|poke|p2|Dragonite, L50, F|\n|poke|p2|Chien-Pao, L50|\n|poke|p2|Arcanine, L50, M|\n|poke|p2|Amoonguss, L50, M|\n|poke|p2|Flutter Mane, L50|\n|teampreview|4\n|\n|t:|1684037120\n|start\n|switch|p1a: Corviknight|Corviknight, L50, F, shiny|100\/100\n|switch|p1b: Hydreigon|Hydreigon, L50, F, shiny|100\/100\n|switch|p2a: Barney|Dragonite, L50, F, shiny|100\/100\n|switch|p2b: SUS|Amoonguss, L50, M|100\/100\n|turn|1\n|\n|t:|1684037146\n|-terastallize|p1b: Hydreigon|Fire\n|-terastallize|p2a: Barney|Normal\n|move|p1b: Hydreigon|Heat Wave|p2a: Barney|[spread] p2a,p2b\n|-supereffective|p2b: SUS\n|-damage|p2a: Barney|50\/100\n|-damage|p2b: SUS|15\/100\n|-enditem|p2b: SUS|Sitrus Berry|[eat]\n|-heal|p2b: SUS|40\/100|[from] item: Sitrus Berry\n|-damage|p1b: Hydreigon|91\/100|[from] item: Life Orb\n|move|p2a: Barney|Tailwind|p2a: Barney\n|-sidestart|p2: Alee-21|move: Tailwind\n|move|p2b: SUS|Spore|p1b: Hydreigon\n|-status|p1b: Hydreigon|slp|[from] move: Spore\n|move|p1a: Corviknight|Brave Bird|p2b: SUS\n|-supereffective|p2b: SUS\n|-damage|p2b: SUS|0 fnt\n|faint|p2b: SUS\n|-damage|p1a: Corviknight|87\/100|[from] Recoil\n|\n|upkeep\n|\n|t:|1684037163\n|switch|p2b: Arcanine|Arcanine, L50, M|100\/100\n|-ability|p2b: Arcanine|Intimidate|boost\n|-ability|p1a: Corviknight|Mirror Armor\n|-unboost|p2b: Arcanine|atk|1\n|-unboost|p1b: Hydreigon|atk|1\n|turn|2\n|\n|t:|1684037183\n|move|p2b: Arcanine|Flare Blitz|p1a: Corviknight\n|-supereffective|p1a: Corviknight\n|-damage|p1a: Corviknight|42\/100\n|-damage|p2b: Arcanine|85\/100|[from] Recoil\n|move|p2a: Barney|Body Slam|p1b: Hydreigon\n|-damage|p1b: Hydreigon|42\/100 slp\n|cant|p1b: Hydreigon|slp\n|move|p1a: Corviknight|Tailwind|p1a: Corviknight\n|-sidestart|p1: xomni|move: Tailwind\n|\n|upkeep\n|turn|3\n|\n|t:|1684037202\n|cant|p1b: Hydreigon|slp\n|move|p2b: Arcanine|Flare Blitz|p1a: Corviknight\n|-supereffective|p1a: Corviknight\n|-damage|p1a: Corviknight|0 fnt\n|faint|p1a: Corviknight\n|-damage|p2b: Arcanine|70\/100|[from] Recoil\n|move|p2a: Barney|Body Slam|p1b: Hydreigon\n|-damage|p1b: Hydreigon|0 fnt\n|faint|p1b: Hydreigon\n|\n|upkeep\n|\n|t:|1684037214\n|switch|p1b: Flutter Mane|Flutter Mane, L50|100\/100\n|switch|p1a: Gholdengo|Gholdengo, L50|100\/100\n|-enditem|p1b: Flutter Mane|Booster Energy\n|-activate|p1b: Flutter Mane|ability: Protosynthesis|[fromitem]\n|-start|p1b: Flutter Mane|protosynthesisspa\n|turn|4\n|\n|t:|1684037238\n|move|p1b: Flutter Mane|Shadow Ball|p2a: Barney\n|-immune|p2a: Barney\n|move|p2b: Arcanine|Flare Blitz|p1a: Gholdengo\n|-supereffective|p1a: Gholdengo\n|-damage|p1a: Gholdengo|44\/100\n|-damage|p2b: Arcanine|51\/100|[from] Recoil\n|move|p2a: Barney|Stomping Tantrum|p1a: Gholdengo\n|-supereffective|p1a: Gholdengo\n|-damage|p1a: Gholdengo|0 fnt\n|faint|p1a: Gholdengo\n|\n|-sideend|p2: Alee-21|move: Tailwind\n|upkeep\n|turn|5\n|\n|t:|1684037259\n|move|p1b: Flutter Mane|Dazzling Gleam|p2a: Barney|[spread] p2a,p2b\n|-resisted|p2b: Arcanine\n|-damage|p2a: Barney|5\/100\n|-damage|p2b: Arcanine|28\/100\n|move|p2b: Arcanine|Flare Blitz|p1b: Flutter Mane\n|-damage|p1b: Flutter Mane|36\/100\n|-damage|p2b: Arcanine|13\/100|[from] Recoil\n|move|p2a: Barney|Body Slam|p1b: Flutter Mane\n|-immune|p1b: Flutter Mane\n|\n|-sideend|p1: xomni|move: Tailwind\n|upkeep\n|turn|6\n|\n|t:|1684037277\n|move|p1b: Flutter Mane|Dazzling Gleam|p2a: Barney|[spread] p2a,p2b\n|-resisted|p2b: Arcanine\n|-damage|p2a: Barney|0 fnt\n|-damage|p2b: Arcanine|0 fnt\n|faint|p2a: Barney\n|faint|p2b: Arcanine\n|\n|upkeep\n|\n|t:|1684037285\n|switch|p2a: Flutter Mane|Flutter Mane, L50|100\/100\n|turn|7\n|\n|t:|1684037298\n|move|p1b: Flutter Mane|Protect|p1b: Flutter Mane\n|-singleturn|p1b: Flutter Mane|Protect\n|move|p2a: Flutter Mane|Shadow Ball|p1b: Flutter Mane\n|-activate|p1b: Flutter Mane|move: Protect\n|\n|upkeep\n|turn|8\n|\n|t:|1684037306\n|move|p1b: Flutter Mane|Shadow Ball|p2a: Flutter Mane\n|-supereffective|p2a: Flutter Mane\n|-damage|p2a: Flutter Mane|0 fnt\n|faint|p2a: Flutter Mane\n|-end|p2a: Flutter Mane|Protosynthesis|[silent]\n|\n|win|xomni\n|raw|xomni's rating: 1120 → 1140<\/strong> (+20 for winning)\n|raw|Alee-21's rating: 1051 → 1037<\/strong> (-14 for losing)\n|l|\u2606Alee-21\n","uploadtime":1684037326,"views":17,"p1id":"xomni","p2id":"alee21","formatid":"gen9vgc2023regulationc","rating":1037,"private":0,"password":""}