{"id":"gen9vgc2023regulationc-1846832522","p1":"Supermonkee85","p2":"jyogasaki_kenshi03","format":"[Gen 9] VGC 2023 Regulation C","log":"|j|\u2606Supermonkee85\n|j|\u2606jyogasaki_kenshi03\n|t:|1681887295\n|gametype|doubles\n|player|p1|Supermonkee85|hilda-wonderlauncher|1123\n|player|p2|jyogasaki_kenshi03|lucian|1169\n|teamsize|p1|6\n|teamsize|p2|6\n|gen|9\n|tier|[Gen 9] VGC 2023 Regulation C\n|rated|\n|rule|Species Clause: Limit one of each Pok\u00e9mon\n|rule|Item Clause: Limit one of each item\n|clearpoke\n|poke|p1|Tyranitar, L50, F|\n|poke|p1|Lycanroc, L50, F|\n|poke|p1|Rotom-Heat, L50|\n|poke|p1|Amoonguss, L50, F|\n|poke|p1|Iron Bundle, L50|\n|poke|p1|Gholdengo, L50|\n|poke|p2|Gholdengo, L50|\n|poke|p2|Palafin, L50, F|\n|poke|p2|Arcanine, L50, F|\n|poke|p2|Arboliva, L50, F|\n|poke|p2|Pelipper, L50, F|\n|poke|p2|Chien-Pao, L50|\n|teampreview|4\n|\n|t:|1681887328\n|start\n|switch|p1a: Tyranitar|Tyranitar, L50, F|100\/100\n|switch|p1b: Liecanrock|Lycanroc, L50, F, shiny|100\/100\n|switch|p2a: Arboliva|Arboliva, L50, F|100\/100\n|switch|p2b: Palafin|Palafin, L50, F|100\/100\n|-weather|Sandstorm|[from] ability: Sand Stream|[of] p1a: Tyranitar\n|turn|1\n|\n|t:|1681887352\n|switch|p2a: Pelipper|Pelipper, L50, F|100\/100\n|-weather|RainDance|[from] ability: Drizzle|[of] p2a: Pelipper\n|move|p2b: Palafin|Jet Punch|p1b: Liecanrock\n|-supereffective|p1b: Liecanrock\n|-enditem|p1b: Liecanrock|Focus Sash\n|-damage|p1b: Liecanrock|1\/100\n|move|p1b: Liecanrock|Rock Slide|p2a: Pelipper|[spread] p2a,p2b\n|-supereffective|p2a: Pelipper\n|-damage|p2a: Pelipper|42\/100\n|-damage|p2b: Palafin|64\/100\n|move|p1a: Tyranitar|Ice Punch|p2a: Pelipper\n|-damage|p2a: Pelipper|14\/100\n|\n|-weather|RainDance|[upkeep]\n|upkeep\n|turn|2\n|\n|t:|1681887373\n|move|p2a: Pelipper|Wide Guard|p2a: Pelipper\n|-singleturn|p2a: Pelipper|Wide Guard\n|move|p1b: Liecanrock|Endeavor|p2b: Palafin\n|-damage|p2b: Palafin|1\/100\n|move|p2b: Palafin|Wave Crash|p1a: Tyranitar\n|-supereffective|p1a: Tyranitar\n|-damage|p1a: Tyranitar|0 fnt\n|faint|p1a: Tyranitar\n|-damage|p2b: Palafin|0 fnt|[from] Recoil\n|faint|p2b: Palafin\n|\n|-weather|RainDance|[upkeep]\n|upkeep\n|\n|t:|1681887392\n|switch|p2b: Gholdengo|Gholdengo, L50|100\/100\n|switch|p1a: Rotom|Rotom-Heat, L50|100\/100\n|turn|3\n|\n|t:|1681887424\n|move|p1b: Liecanrock|Endure|p1b: Liecanrock\n|-singleturn|p1b: Liecanrock|move: Endure\n|move|p2a: Pelipper|Wide Guard|p2a: Pelipper\n|-singleturn|p2a: Pelipper|Wide Guard\n|move|p2b: Gholdengo|Make It Rain|p1a: Rotom|[spread] p1a,p1b\n|-resisted|p1a: Rotom\n|-supereffective|p1b: Liecanrock\n|-damage|p1a: Rotom|85\/100\n|-activate|p1b: Liecanrock|move: Endure\n|-damage|p1b: Liecanrock|1\/100\n|-unboost|p2b: Gholdengo|spa|1\n|move|p1a: Rotom|Overheat|p2b: Gholdengo\n|-supereffective|p2b: Gholdengo\n|-damage|p2b: Gholdengo|6\/100\n|-unboost|p1a: Rotom|spa|2\n|\n|-weather|RainDance|[upkeep]\n|upkeep\n|turn|4\n|\n|t:|1681887459\n|move|p2b: Gholdengo|Make It Rain|p1b: Liecanrock|[spread] p1a,p1b\n|-resisted|p1a: Rotom\n|-supereffective|p1b: Liecanrock\n|-damage|p1a: Rotom|74\/100\n|-damage|p1b: Liecanrock|0 fnt\n|-unboost|p2b: Gholdengo|spa|1\n|faint|p1b: Liecanrock\n|move|p1a: Rotom|Overheat|p2b: Gholdengo\n|-supereffective|p2b: Gholdengo\n|-damage|p2b: Gholdengo|0 fnt\n|-unboost|p1a: Rotom|spa|2\n|faint|p2b: Gholdengo\n|move|p2a: Pelipper|Tailwind|p2a: Pelipper\n|-sidestart|p2: jyogasaki_kenshi03|move: Tailwind\n|\n|-weather|RainDance|[upkeep]\n|upkeep\n|\n|t:|1681887473\n|switch|p1b: Gholdengo|Gholdengo, L50|100\/100\n|switch|p2b: Arboliva|Arboliva, L50, F|100\/100\n|turn|5\n|\n|t:|1681887488\n|-terastallize|p1a: Rotom|Electric\n|move|p2a: Pelipper|Wide Guard|p2a: Pelipper\n|-singleturn|p2a: Pelipper|Wide Guard\n|move|p1b: Gholdengo|Make It Rain|p2a: Pelipper|[spread] \n|-activate|p2a: Pelipper|move: Wide Guard\n|-activate|p2b: Arboliva|move: Wide Guard\n|move|p1a: Rotom|Overheat|p2b: Arboliva\n|-supereffective|p2b: Arboliva\n|-damage|p2b: Arboliva|84\/100\n|-unboost|p1a: Rotom|spa|2\n|-fieldstart|move: Grassy Terrain|[from] ability: Seed Sower|[of] p2b: Arboliva\n|move|p2b: Arboliva|Pollen Puff|p2a: Pelipper\n|-heal|p2a: Pelipper|64\/100\n|\n|-weather|none\n|-heal|p2b: Arboliva|90\/100|[from] Grassy Terrain\n|upkeep\n|turn|6\n|\n|t:|1681887511\n|move|p2a: Pelipper|Wide Guard|p2a: Pelipper\n|-singleturn|p2a: Pelipper|Wide Guard\n|move|p1b: Gholdengo|Make It Rain|p2a: Pelipper|[spread] \n|-activate|p2a: Pelipper|move: Wide Guard\n|-activate|p2b: Arboliva|move: Wide Guard\n|move|p1a: Rotom|Overheat|p2a: Pelipper\n|-resisted|p2a: Pelipper\n|-damage|p2a: Pelipper|49\/100\n|move|p2b: Arboliva|Earth Power|p1b: Gholdengo\n|-supereffective|p1b: Gholdengo\n|-damage|p1b: Gholdengo|37\/100\n|\n|-heal|p1b: Gholdengo|43\/100|[from] Grassy Terrain\n|-heal|p2b: Arboliva|96\/100|[from] Grassy Terrain\n|upkeep\n|turn|7\n|\n|t:|1681887531\n|move|p2a: Pelipper|Wide Guard|p2a: Pelipper\n|-singleturn|p2a: Pelipper|Wide Guard\n|move|p1b: Gholdengo|Make It Rain|p2a: Pelipper|[spread] \n|-activate|p2a: Pelipper|move: Wide Guard\n|-activate|p2b: Arboliva|move: Wide Guard\n|move|p1a: Rotom|Overheat|p2b: Arboliva\n|-supereffective|p2b: Arboliva\n|-damage|p2b: Arboliva|72\/100\n|move|p2b: Arboliva|Earth Power|p1b: Gholdengo\n|-supereffective|p1b: Gholdengo\n|-damage|p1b: Gholdengo|0 fnt\n|faint|p1b: Gholdengo\n|\n|-heal|p2b: Arboliva|78\/100|[from] Grassy Terrain\n|-sideend|p2: jyogasaki_kenshi03|move: Tailwind\n|upkeep\n|turn|8\n|\n|t:|1681887554\n|-terastallize|p2a: Pelipper|Electric\n|move|p1a: Rotom|Overheat|p2b: Arboliva\n|-supereffective|p2b: Arboliva\n|-damage|p2b: Arboliva|52\/100\n|move|p2a: Pelipper|Tailwind|p2a: Pelipper\n|-sidestart|p2: jyogasaki_kenshi03|move: Tailwind\n|move|p2b: Arboliva|Pollen Puff|p2a: Pelipper\n|-heal|p2a: Pelipper|99\/100\n|\n|-heal|p2a: Pelipper|100\/100|[from] Grassy Terrain\n|-heal|p2b: Arboliva|58\/100|[from] Grassy Terrain\n|upkeep\n|turn|9\n|\n|t:|1681887569\n|move|p2a: Pelipper|Helping Hand|p2b: Arboliva\n|-singleturn|p2b: Arboliva|Helping Hand|[of] p2a: Pelipper\n|move|p1a: Rotom|Overheat|p2a: Pelipper\n|-damage|p2a: Pelipper|73\/100\n|move|p2b: Arboliva|Giga Drain|p1a: Rotom\n|-damage|p1a: Rotom|0 fnt\n|-heal|p2b: Arboliva|85\/100|[from] drain|[of] p1a: Rotom\n|faint|p1a: Rotom\n|\n|win|jyogasaki_kenshi03\n|raw|Supermonkee85's rating: 1123 → 1101<\/strong> (-22 for losing)\n|raw|jyogasaki_kenshi03's rating: 1169 → 1191<\/strong> (+22 for winning)\n|l|\u2606Supermonkee85\n","uploadtime":1681887585,"views":8,"p1id":"supermonkee85","p2id":"jyogasakikenshi03","formatid":"gen9vgc2023regulationc","rating":1101,"private":0,"password":""}