{"id":"gen9vgc2023regulationc-1848158566","p1":"Philzkidd","p2":"Party_McCarty","format":"[Gen 9] VGC 2023 Regulation C","log":"|j|\u2606Philzkidd\n|j|\u2606Party_McCarty\n|t:|1682036608\n|gametype|doubles\n|player|p1|Philzkidd|265|\n|player|p2|Party_McCarty|266|\n|teamsize|p1|6\n|teamsize|p2|6\n|gen|9\n|tier|[Gen 9] VGC 2023 Regulation C\n|rule|Species Clause: Limit one of each Pok\u00e9mon\n|rule|Item Clause: Limit one of each item\n|clearpoke\n|poke|p1|Chien-Pao, L50|\n|poke|p1|Dragonite, L50, F|\n|poke|p1|Arcanine, L50, M|\n|poke|p1|Flutter Mane, L50|\n|poke|p1|Kingambit, L50, M|\n|poke|p1|Palafin, L50, M|\n|poke|p2|Palafin, L50, F|\n|poke|p2|Arcanine, L50, F|\n|poke|p2|Gholdengo, L50|\n|poke|p2|Ting-Lu, L50|\n|poke|p2|Dragonite, L50, M|\n|poke|p2|Amoonguss, L50, M|\n|teampreview|4\nPhilzkidd has agreed to open team sheets.\n|\n|t:|1682036664\n|start\n|switch|p1a: Flutter Mane|Flutter Mane, L50|100\/100\n|switch|p1b: Arcanine|Arcanine, L50, M|100\/100\n|switch|p2a: Arcanine|Arcanine, L50, F|100\/100\n|switch|p2b: Amoonguss|Amoonguss, L50, M|100\/100\n|-ability|p1b: Arcanine|Intimidate|boost\n|-unboost|p2a: Arcanine|atk|1\n|-unboost|p2b: Amoonguss|atk|1\n|-ability|p2a: Arcanine|Intimidate|boost\n|-unboost|p1a: Flutter Mane|atk|1\n|-unboost|p1b: Arcanine|atk|1\n|turn|1\n|\n|t:|1682036704\n|-terastallize|p2b: Amoonguss|Water\n|move|p1b: Arcanine|Extreme Speed|p2a: Arcanine\n|-damage|p2a: Arcanine|86\/100\n|move|p1a: Flutter Mane|Shadow Ball|p2a: Arcanine\n|-damage|p2a: Arcanine|20\/100\n|-unboost|p2a: Arcanine|spd|1\n|move|p2a: Arcanine|Flare Blitz|p1a: Flutter Mane\n|-damage|p1a: Flutter Mane|54\/100\n|-damage|p2a: Arcanine|9\/100|[from] Recoil\n|move|p2b: Amoonguss|Spore|p1b: Arcanine\n|-activate|p1b: Arcanine|item: Safety Goggles|Spore\n|\n|upkeep\n|turn|2\n|\n|t:|1682036736\n|-end|p1a: Flutter Mane|Protosynthesis|[silent]\n|switch|p1a: Kingambit|Kingambit, L50, M, shiny|100\/100\n|switch|p1b: Dragonite|Dragonite, L50, F|100\/100\n|move|p2a: Arcanine|Protect|p2a: Arcanine\n|-singleturn|p2a: Arcanine|Protect\n|move|p2b: Amoonguss|Spore|p1a: Kingambit\n|-status|p1a: Kingambit|slp|[from] move: Spore\n|\n|upkeep\n|turn|3\n|\n|t:|1682036758\n|switch|p2a: Ting-Lu|Ting-Lu, L50|100\/100\n|-ability|p2a: Ting-Lu|Vessel of Ruin\n|switch|p1a: Flutter Mane|Flutter Mane, L50|54\/100\n|move|p1b: Dragonite|Extreme Speed|p2a: Ting-Lu\n|-damage|p2a: Ting-Lu|82\/100\n|move|p2b: Amoonguss|Pollen Puff|p2a: Ting-Lu\n|-heal|p2a: Ting-Lu|100\/100\n|\n|upkeep\n|turn|4\n|\n|t:|1682036804\n|move|p1b: Dragonite|Protect|p1b: Dragonite\n|-singleturn|p1b: Dragonite|Protect\n|move|p1a: Flutter Mane|Thunderbolt|p2b: Amoonguss\n|-supereffective|p2b: Amoonguss\n|-damage|p2b: Amoonguss|49\/100\n|move|p2a: Ting-Lu|Heavy Slam|p1a: Flutter Mane\n|-supereffective|p1a: Flutter Mane\n|-damage|p1a: Flutter Mane|0 fnt\n|faint|p1a: Flutter Mane\n|-end|p1a: Flutter Mane|Protosynthesis|[silent]\n|move|p2b: Amoonguss|Spore|p1b: Dragonite\n|-activate|p1b: Dragonite|move: Protect\n|\n|upkeep\n|\n|t:|1682036815\n|switch|p1a: Arcanine|Arcanine, L50, M|100\/100\n|-ability|p1a: Arcanine|Intimidate|boost\n|-unboost|p2a: Ting-Lu|atk|1\n|-unboost|p2b: Amoonguss|atk|1\n|turn|5\n|\n|t:|1682036845\n|switch|p2b: Dragonite|Dragonite, L50, M|100\/100\n|move|p1a: Arcanine|Extreme Speed|p2b: Dragonite\n|-damage|p2b: Dragonite|89\/100\n|move|p1b: Dragonite|Extreme Speed|p2b: Dragonite\n|-damage|p2b: Dragonite|58\/100\n|move|p2a: Ting-Lu|Ruination|p1b: Dragonite\n|-damage|p1b: Dragonite|51\/100\n|\n|upkeep\n|turn|6\n|\n|t:|1682036874\n|move|p1a: Arcanine|Will-O-Wisp|p2a: Ting-Lu\n|-status|p2a: Ting-Lu|brn\n|move|p2b: Dragonite|Ice Spinner|p1b: Dragonite\n|-supereffective|p1b: Dragonite\n|-damage|p1b: Dragonite|0 fnt\n|faint|p1b: Dragonite\n|move|p2a: Ting-Lu|Earthquake|p1a: Arcanine|[spread] p1a\n|-immune|p2b: Dragonite\n|-supereffective|p1a: Arcanine\n|-crit|p1a: Arcanine\n|-damage|p1a: Arcanine|37\/100\n|\n|-damage|p2a: Ting-Lu|94\/100 brn|[from] brn\n|upkeep\n|\n|t:|1682036887\n|switch|p1b: Kingambit|Kingambit, L50, M, shiny|100\/100 slp\n|turn|7\n|\n|t:|1682036897\n|switch|p2b: Amoonguss|Amoonguss, L50, M, tera:Water|82\/100\n|-terastallize|p1a: Arcanine|Flying\n|move|p1a: Arcanine|Will-O-Wisp|p2b: Amoonguss|[miss]\n|-miss|p1a: Arcanine|p2b: Amoonguss\n|move|p2a: Ting-Lu|Earthquake|p1a: Arcanine|[spread] p2b,p1b\n|-immune|p1a: Arcanine\n|-supereffective|p1b: Kingambit\n|-damage|p2b: Amoonguss|72\/100\n|-damage|p1b: Kingambit|83\/100 slp\n|cant|p1b: Kingambit|slp\n|\n|-damage|p2a: Ting-Lu|88\/100 brn|[from] brn\n|upkeep\n|turn|8\n|\n|t:|1682036927\n|switch|p2a: Arcanine|Arcanine, L50, F|9\/100\n|-ability|p2a: Arcanine|Intimidate|boost\n|-unboost|p1a: Arcanine|atk|1\n|-unboost|p1b: Kingambit|atk|1\n|-ability|p1b: Kingambit|Defiant|boost\n|-boost|p1b: Kingambit|atk|2\n|move|p1a: Arcanine|Extreme Speed|p2a: Arcanine\n|-damage|p2a: Arcanine|0 fnt\n|faint|p2a: Arcanine\n|cant|p1b: Kingambit|slp\n|move|p2b: Amoonguss|Pollen Puff|p2: Arcanine|[notarget]\n|-fail|p2b: Amoonguss\n|\n|upkeep\n|\n|t:|1682036939\n|switch|p2a: Dragonite|Dragonite, L50, M|58\/100\n|turn|9\n|\n|t:|1682036951\n|move|p1a: Arcanine|Will-O-Wisp|p2a: Dragonite\n|-status|p2a: Dragonite|brn\n|move|p2a: Dragonite|Rock Slide|p1b: Kingambit|[spread] p1b\n|-miss|p2a: Dragonite|p1a: Arcanine\n|-resisted|p1b: Kingambit\n|-damage|p1b: Kingambit|78\/100 slp\n|-curestatus|p1b: Kingambit|slp|[msg]\n|move|p1b: Kingambit|Assurance|p2a: Dragonite\n|-crit|p2a: Dragonite\n|-damage|p2a: Dragonite|0 fnt\n|faint|p2a: Dragonite\n|move|p2b: Amoonguss|Pollen Puff|p2: Dragonite|[notarget]\n|-fail|p2b: Amoonguss\n|\n|upkeep\n|\n|t:|1682036963\n|switch|p2a: Ting-Lu|Ting-Lu, L50|88\/100 brn\n|-ability|p2a: Ting-Lu|Vessel of Ruin\n|turn|10\n|inactive|Battle timer is ON: inactive players will automatically lose when time's up. (requested by Party_McCarty)\n|\n|t:|1682036997\n|move|p1a: Arcanine|Protect|p1a: Arcanine\n|-singleturn|p1a: Arcanine|Protect\n|move|p1b: Kingambit|Low Kick|p2a: Ting-Lu\n|-supereffective|p2a: Ting-Lu\n|-damage|p2a: Ting-Lu|1\/100 brn\n|move|p2a: Ting-Lu|Earthquake|p1b: Kingambit|[spread] p2b,p1b\n|-activate|p1a: Arcanine|move: Protect\n|-supereffective|p1b: Kingambit\n|-damage|p2b: Amoonguss|55\/100\n|-damage|p1b: Kingambit|51\/100\n|move|p2b: Amoonguss|Spore|p1b: Kingambit\n|-status|p1b: Kingambit|slp|[from] move: Spore\n|\n|-damage|p2a: Ting-Lu|0 fnt|[from] brn\n|faint|p2a: Ting-Lu\n|upkeep\n|turn|11\n|inactive|Party_McCarty has 30 seconds left.\n|inactive|Party_McCarty has 20 seconds left.\n|\n|t:|1682037032\n|move|p1a: Arcanine|Will-O-Wisp|p2b: Amoonguss\n|-status|p2b: Amoonguss|brn\n|cant|p1b: Kingambit|slp\n|move|p2b: Amoonguss|Pollen Puff|p1b: Kingambit\n|-damage|p1b: Kingambit|39\/100 slp\n|\n|-damage|p2b: Amoonguss|49\/100 brn|[from] brn\n|upkeep\n|turn|12\n|\n|t:|1682037053\n|move|p1a: Arcanine|Protect|p1a: Arcanine\n|-singleturn|p1a: Arcanine|Protect\n|cant|p1b: Kingambit|slp\n|move|p2b: Amoonguss|Pollen Puff|p1b: Kingambit\n|-damage|p1b: Kingambit|29\/100 slp\n|\n|-damage|p2b: Amoonguss|43\/100 brn|[from] brn\n|upkeep\n|turn|13\n|\n|t:|1682037068\n|move|p1a: Arcanine|Extreme Speed|p2b: Amoonguss\n|-damage|p2b: Amoonguss|30\/100 brn\n|-damage|p1a: Arcanine|21\/100|[from] item: Rocky Helmet|[of] p2b: Amoonguss\n|-curestatus|p1b: Kingambit|slp|[msg]\n|move|p1b: Kingambit|Kowtow Cleave|p2b: Amoonguss\n|-damage|p2b: Amoonguss|0 fnt\n|-damage|p1b: Kingambit|12\/100|[from] item: Rocky Helmet|[of] p2b: Amoonguss\n|faint|p2b: Amoonguss\n|\n|win|Philzkidd\n|l|\u2606Party_McCarty\n","uploadtime":1682037086,"views":7,"p1id":"philzkidd","p2id":"partymccarty","formatid":"gen9vgc2023regulationc","rating":0,"private":0,"password":""}