{"id":"gen9vgc2023regulationc-1855144591","p1":"Intergers","p2":"reinii","format":"[Gen 9] VGC 2023 Regulation C","log":"|j|\u2606Intergers\n|j|\u2606reinii\n|t:|1682906729\n|gametype|doubles\n|player|p1|Intergers|caitlin|\n|player|p2|reinii|101|\n|teamsize|p1|6\n|teamsize|p2|6\n|gen|9\n|tier|[Gen 9] VGC 2023 Regulation C\n|rule|Species Clause: Limit one of each Pok\u00e9mon\n|rule|Item Clause: Limit one of each item\n|clearpoke\n|poke|p1|Torkoal, L50, F|\n|poke|p1|Armarouge, L50, M|\n|poke|p1|Hariyama, L50, M|\n|poke|p1|Hatterene, L50, F|\n|poke|p1|Kingambit, L50, M|\n|poke|p1|Stonjourner, L50, F|\n|poke|p2|Arcanine, L50, M|\n|poke|p2|Noivern, L50, M|\n|poke|p2|Florges-White, L50, F|\n|poke|p2|Annihilape, L50, F|\n|poke|p2|Palafin, L50, M|\n|poke|p2|Ting-Lu, L50|\n|teampreview|4\n|inactive|Battle timer is ON: inactive players will automatically lose when time's up. (requested by Intergers)\n|inactiveoff|Battle timer is now OFF.\n|j| PorygonTheBot\n|c| PorygonTheBot|y'all are stupid\n|c|\u2606Intergers|glhf\n|\n|t:|1682906755\n|start\n|switch|p1a: Tokoal|Torkoal, L50, F|100\/100\n|switch|p1b: Shoulder Pads|Armarouge, L50, M|100\/100\n|switch|p2a: Annihilape|Annihilape, L50, F, shiny|100\/100\n|switch|p2b: Palafin|Palafin, L50, M, shiny|100\/100\n|-weather|SunnyDay|[from] ability: Drought|[of] p1a: Tokoal\n|turn|1\n|c|\u2606reinii|gl\n|\n|t:|1682906774\n|detailschange|p2b: Palafin|Palafin-Hero, L50, M, shiny\n|switch|p2b: Florges|Florges-White, L50, F, shiny|100\/100\n|-terastallize|p1b: Shoulder Pads|Grass\n|move|p2a: Annihilape|Final Gambit|p1a: Tokoal\n|-damage|p1a: Tokoal|0 fnt\n|faint|p2a: Annihilape\n|faint|p1a: Tokoal\n|move|p1b: Shoulder Pads|Trick Room|p1b: Shoulder Pads\n|-fieldstart|move: Trick Room|[of] p1b: Shoulder Pads\n|\n|-weather|SunnyDay|[upkeep]\n|upkeep\n|\n|t:|1682906784\n|switch|p1a: Yamama|Hariyama, L50, M, shiny|100\/100\n|switch|p2a: Ting-Lu|Ting-Lu, L50|100\/100\n|-ability|p2a: Ting-Lu|Vessel of Ruin\n|turn|2\n|inactive|Battle timer is ON: inactive players will automatically lose when time's up. (requested by Intergers)\n|\n|t:|1682906805\n|move|p1a: Yamama|Fake Out|p2a: Ting-Lu\n|-damage|p2a: Ting-Lu|94\/100\n|cant|p2a: Ting-Lu|flinch\n|move|p1b: Shoulder Pads|Armor Cannon|p2b: Florges\n|-damage|p2b: Florges|62\/100\n|-unboost|p1b: Shoulder Pads|def|1\n|-unboost|p1b: Shoulder Pads|spd|1\n|move|p2b: Florges|Skill Swap|p1b: Shoulder Pads\n|-activate|p2b: Florges|move: Skill Swap|Flash Fire|Symbiosis|[of] p1b: Shoulder Pads\n|\n|-weather|SunnyDay|[upkeep]\n|-heal|p2a: Ting-Lu|100\/100|[from] item: Leftovers\n|-status|p1a: Yamama|brn|[from] item: Flame Orb\n|upkeep\n|turn|3\n|\n|t:|1682906830\n|move|p2b: Florges|Protect|p2b: Florges\n|-singleturn|p2b: Florges|Protect\n|move|p1a: Yamama|Brick Break|p2a: Ting-Lu\n|-supereffective|p2a: Ting-Lu\n|-damage|p2a: Ting-Lu|45\/100\n|move|p2a: Ting-Lu|Earthquake|p1a: Yamama|[spread] p1a,p1b\n|-activate|p2b: Florges|move: Protect\n|-resisted|p1b: Shoulder Pads\n|-damage|p1a: Yamama|66\/100 brn\n|-damage|p1b: Shoulder Pads|82\/100\n|move|p1b: Shoulder Pads|Energy Ball|p2b: Florges\n|-activate|p2b: Florges|move: Protect\n|\n|-weather|SunnyDay|[upkeep]\n|-heal|p2a: Ting-Lu|51\/100|[from] item: Leftovers\n|-damage|p1a: Yamama|61\/100 brn|[from] brn\n|upkeep\n|turn|4\n|inactive|reinii has 30 seconds left.\n|\n|t:|1682906858\n|move|p1a: Yamama|Brick Break|p2a: Ting-Lu\n|-supereffective|p2a: Ting-Lu\n|-damage|p2a: Ting-Lu|0 fnt\n|faint|p2a: Ting-Lu\n|move|p1b: Shoulder Pads|Energy Ball|p2b: Florges\n|-damage|p2b: Florges|35\/100\n|move|p2b: Florges|Pollen Puff|p2: Ting-Lu|[notarget]\n|-fail|p2b: Florges\n|\n|-weather|SunnyDay|[upkeep]\n|-damage|p1a: Yamama|55\/100 brn|[from] brn\n|upkeep\n|\n|t:|1682906862\n|switch|p2a: Palafin|Palafin-Hero, L50, M, shiny|100\/100\n|-activate|p2a: Palafin|ability: Zero to Hero\n|turn|5\n|\n|t:|1682906881\n|-terastallize|p2a: Palafin|Dark\n|move|p1a: Yamama|Drain Punch|p2b: Florges\n|-resisted|p2b: Florges\n|-damage|p2b: Florges|0 fnt\n|-heal|p1a: Yamama|69\/100 brn|[from] drain|[of] p2b: Florges\n|faint|p2b: Florges\n|move|p1b: Shoulder Pads|Energy Ball|p2a: Palafin\n|-damage|p2a: Palafin|61\/100\n|move|p2a: Palafin|Drain Punch|p1b: Shoulder Pads\n|-damage|p1b: Shoulder Pads|31\/100\n|-heal|p2a: Palafin|89\/100|[from] drain|[of] p1b: Shoulder Pads\n|\n|-weather|none\n|-damage|p1a: Yamama|63\/100 brn|[from] brn\n|-fieldend|move: Trick Room\n|upkeep\n|turn|6\n|\n|t:|1682906899\n|move|p2a: Palafin|Drain Punch|p1b: Shoulder Pads\n|-damage|p1b: Shoulder Pads|0 fnt\n|-heal|p2a: Palafin|100\/100|[from] drain|[of] p1b: Shoulder Pads\n|faint|p1b: Shoulder Pads\n|move|p1a: Yamama|Drain Punch|p2a: Palafin\n|-supereffective|p2a: Palafin\n|-damage|p2a: Palafin|0 fnt\n|-heal|p1a: Yamama|100\/100 brn|[from] drain|[of] p2a: Palafin\n|faint|p2a: Palafin\n|\n|win|Intergers\n","uploadtime":1682906900,"views":16,"p1id":"intergers","p2id":"reinii","formatid":"gen9vgc2023regulationc","rating":0,"private":0,"password":null}