{"id":"gen9vgc2023regulationc-1859618805","p1":"Aizenora","p2":"lin7482","format":"[Gen 9] VGC 2023 Regulation C","log":"|j|\u2606Aizenora\n|j|\u2606lin7482\n|t:|1683549482\n|gametype|doubles\n|player|p1|Aizenora|170|1606\n|player|p2|lin7482|265|1737\n|teamsize|p1|6\n|teamsize|p2|6\n|gen|9\n|tier|[Gen 9] VGC 2023 Regulation C\n|rated|\n|rule|Species Clause: Limit one of each Pok\u00e9mon\n|rule|Item Clause: Limit one of each item\n|clearpoke\n|poke|p1|Ceruledge, L50, F|\n|poke|p1|Gothitelle, L50, F|\n|poke|p1|Flutter Mane, L50|\n|poke|p1|Iron Bundle, L50|\n|poke|p1|Gyarados, L50, F|\n|poke|p1|Ting-Lu, L50|\n|poke|p2|Dondozo, L50, M|\n|poke|p2|Ting-Lu, L50|\n|poke|p2|Arcanine, L50, F|\n|poke|p2|Tatsugiri, L50, M|\n|poke|p2|Flutter Mane, L50|\n|poke|p2|Maushold, L50|\n|teampreview|4\n|j| shanehuang99\n|j| Celaerity1\n|inactive|Battle timer is ON: inactive players will automatically lose when time's up. (requested by Aizenora)\n|\n|t:|1683549518\n|start\n|switch|p1a: Ceruledge|Ceruledge, L50, F|100\/100\n|switch|p1b: Gothitelle|Gothitelle, L50, F|100\/100\n|switch|p2a: Flutter Mane|Flutter Mane, L50|100\/100\n|switch|p2b: Maushold|Maushold, L50|100\/100\n|-enditem|p2a: Flutter Mane|Booster Energy\n|-activate|p2a: Flutter Mane|ability: Protosynthesis|[fromitem]\n|-start|p2a: Flutter Mane|protosynthesisspe\n|turn|1\n|inactive|lin7482 has 30 seconds left.\n|j| GeneralLeclerc\n|\n|t:|1683549552\n|-terastallize|p2b: Maushold|Ghost\n|-terastallize|p1a: Ceruledge|Grass\n|move|p1b: Gothitelle|Fake Out|p2b: Maushold\n|-immune|p2b: Maushold\n|move|p2a: Flutter Mane|Shadow Ball|p1a: Ceruledge\n|-damage|p1a: Ceruledge|64\/100\n|move|p2b: Maushold|Population Bomb|p1b: Gothitelle\n|-damage|p1b: Gothitelle|90\/100\n|-damage|p1b: Gothitelle|80\/100\n|-damage|p1b: Gothitelle|69\/100\n|-damage|p1b: Gothitelle|59\/100\n|-damage|p1b: Gothitelle|48\/100\n|-damage|p1b: Gothitelle|36\/100\n|-damage|p1b: Gothitelle|25\/100\n|-damage|p1b: Gothitelle|15\/100\n|-damage|p1b: Gothitelle|4\/100\n|-damage|p1b: Gothitelle|0 fnt\n|faint|p1b: Gothitelle\n|-hitcount|p1: Gothitelle|10\n|move|p1a: Ceruledge|Bitter Blade|p2a: Flutter Mane\n|-damage|p2a: Flutter Mane|0 fnt\n|-heal|p1a: Ceruledge|100\/100|[from] drain|[of] p2a: Flutter Mane\n|faint|p2a: Flutter Mane\n|-end|p2a: Flutter Mane|Protosynthesis|[silent]\n|\n|upkeep\n|\n|t:|1683549574\n|switch|p2a: Ting-Lu|Ting-Lu, L50|100\/100\n|switch|p1b: Flutter Mane|Flutter Mane, L50|100\/100\n|-ability|p2a: Ting-Lu|Vessel of Ruin\n|turn|2\n|inactive|Aizenora has 30 seconds left.\n|\n|t:|1683549603\n|switch|p2b: Dondozo|Dondozo, L50, M|100\/100\n|move|p1b: Flutter Mane|Dazzling Gleam|p2b: Dondozo|[spread] p2a,p2b\n|-supereffective|p2a: Ting-Lu\n|-damage|p2a: Ting-Lu|75\/100\n|-damage|p2b: Dondozo|77\/100\n|move|p1a: Ceruledge|Tera Blast|p2a: Ting-Lu\n|-supereffective|p2a: Ting-Lu\n|-damage|p2a: Ting-Lu|31\/100\n|move|p2a: Ting-Lu|Heavy Slam|p1b: Flutter Mane\n|-supereffective|p1b: Flutter Mane\n|-damage|p1b: Flutter Mane|0 fnt\n|faint|p1b: Flutter Mane\n|-end|p1b: Flutter Mane|Protosynthesis|[silent]\n|\n|-heal|p2b: Dondozo|83\/100|[from] item: Leftovers\n|upkeep\n|\n|t:|1683549612\n|switch|p1b: Iron Bundle|Iron Bundle, L50|100\/100\n|turn|3\n|j| EnrolledAgent\n|\n|t:|1683549632\n|move|p1b: Iron Bundle|Freeze-Dry|p2b: Dondozo\n|-supereffective|p2b: Dondozo\n|-damage|p2b: Dondozo|48\/100\n|move|p1a: Ceruledge|Tera Blast|p2a: Ting-Lu\n|-supereffective|p2a: Ting-Lu\n|-damage|p2a: Ting-Lu|0 fnt\n|faint|p2a: Ting-Lu\n|move|p2b: Dondozo|Yawn|p1a: Ceruledge\n|-start|p1a: Ceruledge|move: Yawn|[of] p2b: Dondozo\n|\n|-heal|p2b: Dondozo|55\/100|[from] item: Leftovers\n|upkeep\n|\n|t:|1683549642\n|switch|p2a: Maushold|Maushold, L50, tera:Ghost|100\/100\n|turn|4\n|\n|t:|1683549655\n|move|p1a: Ceruledge|Shadow Sneak|p2a: Maushold\n|-supereffective|p2a: Maushold\n|-damage|p2a: Maushold|36\/100\n|move|p1b: Iron Bundle|Hydro Pump|p2a: Maushold\n|-damage|p2a: Maushold|0 fnt\n|faint|p2a: Maushold\n|move|p2b: Dondozo|Fissure|p1a: Ceruledge|[miss]\n|-miss|p2b: Dondozo|p1a: Ceruledge\n|\n|-heal|p2b: Dondozo|61\/100|[from] item: Leftovers\n|-end|p1a: Ceruledge|move: Yawn|[silent]\n|-status|p1a: Ceruledge|slp\n|upkeep\n|turn|5\n|j| Matteopez\n|\n|t:|1683549665\n|move|p1b: Iron Bundle|Freeze-Dry|p2b: Dondozo\n|-supereffective|p2b: Dondozo\n|-damage|p2b: Dondozo|9\/100\n|cant|p1a: Ceruledge|slp\n|move|p2b: Dondozo|Fissure|p1b: Iron Bundle|[miss]\n|-miss|p2b: Dondozo|p1b: Iron Bundle\n|\n|-heal|p2b: Dondozo|15\/100|[from] item: Leftovers\n|upkeep\n|turn|6\n|-message|lin7482 forfeited.\n|\n|win|Aizenora\n|raw|Aizenora's rating: 1606 → 1633<\/strong> (+27 for winning)\n|raw|lin7482's rating: 1737 → 1710<\/strong> (-27 for losing)\n|l|\u2606lin7482\n|l| shanehuang99\n|l|\u2606Aizenora\n","uploadtime":1683549702,"views":6,"p1id":"aizenora","p2id":"lin7482","formatid":"gen9vgc2023regulationc","rating":1633,"private":0,"password":""}