{"id":"gen9vgc2023regulationc-1855599832","p1":"huijomk","p2":"C0nchoboor","format":"[Gen 9] VGC 2023 Regulation C","log":"|j|\u2606huijomk\n|j|\u2606C0nchoboor\n|t:|1682965427\n|gametype|doubles\n|player|p1|huijomk|169|1148\n|player|p2|C0nchoboor|265|1077\n|teamsize|p1|6\n|teamsize|p2|6\n|gen|9\n|tier|[Gen 9] VGC 2023 Regulation C\n|rated|\n|rule|Species Clause: Limit one of each Pok\u00e9mon\n|rule|Item Clause: Limit one of each item\n|clearpoke\n|poke|p1|Torkoal, L50, M|\n|poke|p1|Chi-Yu, L50|\n|poke|p1|Flutter Mane, L50|\n|poke|p1|Great Tusk, L50|\n|poke|p1|Lilligant, L50, F|\n|poke|p1|Kingambit, L50, M|\n|poke|p2|Tyranitar, L50, F|\n|poke|p2|Lycanroc, L50, F|\n|poke|p2|Garchomp, L50, M|\n|poke|p2|Murkrow, L50, F|\n|poke|p2|Chi-Yu, L50|\n|poke|p2|Iron Bundle, L50|\n|teampreview|4\n|inactive|Battle timer is ON: inactive players will automatically lose when time's up. (requested by huijomk)\n|\n|t:|1682965456\n|start\n|switch|p1a: Torkoal|Torkoal, L50, M|100\/100\n|switch|p1b: Lilligant|Lilligant, L50, F|100\/100\n|switch|p2a: Chi-Yu|Chi-Yu, L50|100\/100\n|switch|p2b: Iron Bundle|Iron Bundle, L50|100\/100\n|-ability|p2a: Chi-Yu|Beads of Ruin\n|-weather|SunnyDay|[from] ability: Drought|[of] p1a: Torkoal\n|-enditem|p2b: Iron Bundle|Booster Energy\n|-activate|p2b: Iron Bundle|ability: Quark Drive|[fromitem]\n|-start|p2b: Iron Bundle|quarkdrivespe\n|turn|1\n|\n|t:|1682965472\n|-end|p2b: Iron Bundle|Quark Drive|[silent]\n|switch|p2b: Tyranitar|Tyranitar, L50, F|100\/100\n|-weather|Sandstorm|[from] ability: Sand Stream|[of] p2b: Tyranitar\n|move|p2a: Chi-Yu|Heat Wave|p1a: Torkoal|[spread] p1a,p1b\n|-resisted|p1a: Torkoal\n|-supereffective|p1b: Lilligant\n|-damage|p1a: Torkoal|54\/100\n|-damage|p1b: Lilligant|0 fnt\n|faint|p1b: Lilligant\n|move|p1a: Torkoal|Earth Power|p2a: Chi-Yu\n|-supereffective|p2a: Chi-Yu\n|-damage|p2a: Chi-Yu|34\/100\n|\n|-weather|Sandstorm|[upkeep]\n|-damage|p2a: Chi-Yu|28\/100|[from] Sandstorm\n|-damage|p1a: Torkoal|47\/100|[from] Sandstorm\n|upkeep\n|\n|t:|1682965487\n|switch|p1b: Flutter Mane|Flutter Mane, L50, shiny|100\/100\n|turn|2\n|\n|t:|1682965496\n|switch|p1a: Great Tusk|Great Tusk, L50, shiny|100\/100\n|-terastallize|p1b: Flutter Mane|Fairy\n|move|p1b: Flutter Mane|Dazzling Gleam|p2b: Tyranitar|[spread] p2a,p2b\n|-supereffective|p2b: Tyranitar\n|-damage|p2a: Chi-Yu|0 fnt\n|-damage|p2b: Tyranitar|33\/100\n|faint|p2a: Chi-Yu\n|move|p2b: Tyranitar|Rock Slide|p1a: Great Tusk|[spread] p1a,p1b\n|-resisted|p1a: Great Tusk\n|-damage|p1a: Great Tusk|96\/100\n|-damage|p1b: Flutter Mane|46\/100\n|\n|-weather|Sandstorm|[upkeep]\n|-damage|p1b: Flutter Mane|39\/100|[from] Sandstorm\n|upkeep\n|\n|t:|1682965504\n|switch|p2a: Iron Bundle|Iron Bundle, L50|100\/100\n|turn|3\n|\n|t:|1682965515\n|move|p1a: Great Tusk|Headlong Rush|p2a: Iron Bundle\n|-damage|p2a: Iron Bundle|26\/100\n|-unboost|p1a: Great Tusk|def|1\n|-unboost|p1a: Great Tusk|spd|1\n|move|p2a: Iron Bundle|Icy Wind|p1b: Flutter Mane|[spread] p1a,p1b\n|-supereffective|p1a: Great Tusk\n|-damage|p1a: Great Tusk|4\/100\n|-damage|p1b: Flutter Mane|17\/100\n|-unboost|p1a: Great Tusk|spe|1\n|-unboost|p1b: Flutter Mane|spe|1\n|move|p1b: Flutter Mane|Dazzling Gleam|p2b: Tyranitar|[spread] p2a,p2b\n|-supereffective|p2b: Tyranitar\n|-damage|p2a: Iron Bundle|0 fnt\n|-damage|p2b: Tyranitar|0 fnt\n|faint|p2a: Iron Bundle\n|-end|p2a: Iron Bundle|Quark Drive|[silent]\n|faint|p2b: Tyranitar\n|\n|-weather|Sandstorm|[upkeep]\n|-damage|p1b: Flutter Mane|10\/100|[from] Sandstorm\n|upkeep\n|\n|t:|1682965522\n|switch|p2b: Lycanroc|Lycanroc, L50, F|100\/100\n|turn|4\n|\n|t:|1682965536\n|-end|p1b: Flutter Mane|Protosynthesis|[silent]\n|switch|p1b: Torkoal|Torkoal, L50, M|47\/100\n|-weather|SunnyDay|[from] ability: Drought|[of] p1b: Torkoal\n|-activate|p1a: Great Tusk|ability: Protosynthesis\n|-start|p1a: Great Tusk|protosynthesisatk\n|move|p2b: Lycanroc|Rock Slide|p1a: Great Tusk|[spread] p1a,p1b\n|-resisted|p1a: Great Tusk\n|-supereffective|p1b: Torkoal\n|-damage|p1a: Great Tusk|0 fnt\n|-damage|p1b: Torkoal|7\/100\n|faint|p1a: Great Tusk\n|-end|p1a: Great Tusk|Protosynthesis|[silent]\n|\n|-weather|SunnyDay|[upkeep]\n|upkeep\n|\n|t:|1682965546\n|switch|p1a: Flutter Mane|Flutter Mane, L50, shiny, tera:Fairy|10\/100\n|-activate|p1a: Flutter Mane|ability: Protosynthesis\n|-start|p1a: Flutter Mane|protosynthesisspe\n|turn|5\n|\n|t:|1682965556\n|move|p1a: Flutter Mane|Moonblast|p2b: Lycanroc\n|-enditem|p2b: Lycanroc|Focus Sash\n|-damage|p2b: Lycanroc|1\/100\n|move|p2b: Lycanroc|Rock Slide|p1b: Torkoal|[spread] p1a,p1b\n|-supereffective|p1b: Torkoal\n|-damage|p1a: Flutter Mane|0 fnt\n|-damage|p1b: Torkoal|0 fnt\n|faint|p1a: Flutter Mane\n|-end|p1a: Flutter Mane|Protosynthesis|[silent]\n|faint|p1b: Torkoal\n|\n|win|C0nchoboor\n|raw|huijomk's rating: 1148 → 1118<\/strong> (-30 for losing)\n|raw|C0nchoboor's rating: 1077 → 1111<\/strong> (+34 for winning)\n|l|\u2606huijomk\n","uploadtime":1682965584,"views":14,"p1id":"huijomk","p2id":"c0nchoboor","formatid":"gen9vgc2023regulationc","rating":1111,"private":0,"password":""}