{"id":"gen9vgc2023regulationc-1847338741","p1":"Lady Serperior","p2":"loew","format":"[Gen 9] VGC 2023 Regulation C","log":"|j|\u2606Lady Serperior\n|j|\u2606loew\n|t:|1681940022\n|gametype|doubles\n|player|p1|Lady Serperior|101|1089\n|player|p2|loew|iris-gen5bw2|1139\n|teamsize|p1|6\n|teamsize|p2|6\n|gen|9\n|tier|[Gen 9] VGC 2023 Regulation C\n|rated|\n|rule|Species Clause: Limit one of each Pok\u00e9mon\n|rule|Item Clause: Limit one of each item\n|clearpoke\n|poke|p1|Staraptor, L50, M|\n|poke|p1|Talonflame, L50, M|\n|poke|p1|Amoonguss, L50, M|\n|poke|p1|Palafin, L50, M|\n|poke|p1|Pachirisu, L50, M|\n|poke|p1|Flutter Mane, L50|\n|poke|p2|Magnezone, L50|\n|poke|p2|Wo-Chien, L50|\n|poke|p2|Flutter Mane, L50|\n|poke|p2|Iron Hands, L50|\n|poke|p2|Ting-Lu, L50|\n|poke|p2|Gyarados, L50, F|\n|teampreview|4\n|inactive|Battle timer is ON: inactive players will automatically lose when time's up. (requested by loew)\n|\n|t:|1681940046\n|start\n|switch|p1a: Talonflame|Talonflame, L50, M, shiny|100\/100\n|switch|p1b: Pachirisu|Pachirisu, L50, M, shiny|100\/100\n|switch|p2a: Magnezone|Magnezone, L50|100\/100\n|switch|p2b: Wo-Chien|Wo-Chien, L50|100\/100\n|-ability|p2b: Wo-Chien|Tablets of Ruin\n|turn|1\n|\n|t:|1681940065\n|move|p2a: Magnezone|Protect|p2a: Magnezone\n|-singleturn|p2a: Magnezone|Protect\n|move|p1a: Talonflame|Tailwind|p1a: Talonflame\n|-sidestart|p1: Lady Serperior|move: Tailwind\n|move|p1b: Pachirisu|Nuzzle|p2b: Wo-Chien\n|-resisted|p2b: Wo-Chien\n|-damage|p2b: Wo-Chien|99\/100\n|-status|p2b: Wo-Chien|par\n|move|p2b: Wo-Chien|Reflect|p2b: Wo-Chien\n|-sidestart|p2: loew|Reflect\n|\n|upkeep\n|turn|2\n|\n|t:|1681940089\n|-terastallize|p2a: Magnezone|Flying\n|move|p1a: Talonflame|Flare Blitz|p2a: Magnezone\n|-damage|p2a: Magnezone|86\/100\n|-status|p2a: Magnezone|brn\n|-damage|p1a: Talonflame|96\/100|[from] Recoil\n|move|p1b: Pachirisu|Super Fang|p2b: Wo-Chien\n|-damage|p2b: Wo-Chien|50\/100 par\n|-enditem|p2b: Wo-Chien|Sitrus Berry|[eat]\n|-heal|p2b: Wo-Chien|74\/100 par|[from] item: Sitrus Berry\n|move|p2a: Magnezone|Thunderbolt|p1a: Talonflame\n|-supereffective|p1a: Talonflame\n|-damage|p1a: Talonflame|0 fnt\n|faint|p1a: Talonflame\n|move|p2b: Wo-Chien|Leech Seed|p1b: Pachirisu\n|-start|p1b: Pachirisu|move: Leech Seed\n|\n|-heal|p2a: Magnezone|92\/100 brn|[from] item: Leftovers\n|-damage|p1b: Pachirisu|89\/100|[from] Leech Seed|[of] p2b: Wo-Chien\n|-heal|p2b: Wo-Chien|85\/100 par|[silent]\n|-damage|p2a: Magnezone|86\/100 brn|[from] brn\n|upkeep\n|\n|t:|1681940113\n|switch|p1a: Flutter Mane|Flutter Mane, L50|100\/100\n|-enditem|p1a: Flutter Mane|Booster Energy\n|-activate|p1a: Flutter Mane|ability: Protosynthesis|[fromitem]\n|-start|p1a: Flutter Mane|protosynthesisspe\n|turn|3\n|\n|t:|1681940127\n|move|p1a: Flutter Mane|Protect|p1a: Flutter Mane\n|-singleturn|p1a: Flutter Mane|Protect\n|move|p1b: Pachirisu|Super Fang|p2b: Wo-Chien\n|-damage|p2b: Wo-Chien|43\/100 par\n|move|p2a: Magnezone|Flash Cannon|p1a: Flutter Mane\n|-activate|p1a: Flutter Mane|move: Protect\n|move|p2b: Wo-Chien|Knock Off|p1a: Flutter Mane\n|-activate|p1a: Flutter Mane|move: Protect\n|\n|-heal|p2a: Magnezone|92\/100 brn|[from] item: Leftovers\n|-damage|p1b: Pachirisu|77\/100|[from] Leech Seed|[of] p2b: Wo-Chien\n|-heal|p2b: Wo-Chien|53\/100 par|[silent]\n|-damage|p2a: Magnezone|86\/100 brn|[from] brn\n|upkeep\n|turn|4\n|\n|t:|1681940150\n|move|p1b: Pachirisu|Follow Me|p1b: Pachirisu\n|-singleturn|p1b: Pachirisu|move: Follow Me\n|move|p1a: Flutter Mane|Thunderbolt|p2a: Magnezone\n|-supereffective|p2a: Magnezone\n|-damage|p2a: Magnezone|12\/100 brn\n|move|p2a: Magnezone|Flash Cannon|p1b: Pachirisu\n|-resisted|p1b: Pachirisu\n|-damage|p1b: Pachirisu|51\/100\n|cant|p2b: Wo-Chien|par\n|\n|-heal|p2a: Magnezone|19\/100 brn|[from] item: Leftovers\n|-damage|p1b: Pachirisu|39\/100|[from] Leech Seed|[of] p2b: Wo-Chien\n|-heal|p2b: Wo-Chien|64\/100 par|[silent]\n|-damage|p2a: Magnezone|12\/100 brn|[from] brn\n|-sideend|p1: Lady Serperior|move: Tailwind\n|upkeep\n|turn|5\n|inactive|Lady Serperior has 30 seconds left.\n|inactive|loew has 30 seconds left.\n|inactive|Lady Serperior has 20 seconds left.\n|\n|t:|1681940187\n|switch|p2a: Ting-Lu|Ting-Lu, L50|100\/100\n|-ability|p2a: Ting-Lu|Vessel of Ruin\n|-terastallize|p1a: Flutter Mane|Fairy\n|move|p1a: Flutter Mane|Dazzling Gleam|p2b: Wo-Chien|[spread] p2a,p2b\n|-supereffective|p2a: Ting-Lu\n|-supereffective|p2b: Wo-Chien\n|-damage|p2a: Ting-Lu|59\/100\n|-damage|p2b: Wo-Chien|22\/100 par\n|move|p1b: Pachirisu|Volt Switch|p2b: Wo-Chien\n|-resisted|p2b: Wo-Chien\n|-damage|p2b: Wo-Chien|19\/100 par\n|\n|t:|1681940199\n|switch|p1b: Staraptor|Staraptor, L50, M, shiny|100\/100|[from] Volt Switch\n|move|p2b: Wo-Chien|Leech Seed|p1a: Flutter Mane\n|-start|p1a: Flutter Mane|move: Leech Seed\n|\n|-damage|p1a: Flutter Mane|88\/100|[from] Leech Seed|[of] p2b: Wo-Chien\n|-heal|p2b: Wo-Chien|27\/100 par|[silent]\n|-sideend|p2: loew|Reflect\n|upkeep\n|turn|6\n|inactive|Lady Serperior has 30 seconds left.\n|\n|t:|1681940226\n|switch|p2b: Magnezone|Magnezone, L50, tera:Flying|12\/100 brn\n|move|p1a: Flutter Mane|Dazzling Gleam|p2a: Ting-Lu|[spread] p2a,p2b\n|-supereffective|p2a: Ting-Lu\n|-crit|p2b: Magnezone\n|-damage|p2a: Ting-Lu|20\/100\n|-damage|p2b: Magnezone|0 fnt\n|faint|p2b: Magnezone\n|move|p1b: Staraptor|Brave Bird|p2a: Ting-Lu\n|-damage|p2a: Ting-Lu|0 fnt\n|-damage|p1b: Staraptor|84\/100|[from] item: Rocky Helmet|[of] p2a: Ting-Lu\n|faint|p2a: Ting-Lu\n|-damage|p1b: Staraptor|75\/100|[from] Recoil\n|\n|upkeep\n|\n|t:|1681940237\n|switch|p2b: Wo-Chien|Wo-Chien, L50|27\/100 par\n|switch|p2a: Iron Hands|Iron Hands, L50|100\/100\n|-ability|p2b: Wo-Chien|Tablets of Ruin\n|turn|7\n|\n|t:|1681940254\n|switch|p1b: Pachirisu|Pachirisu, L50, M, shiny|39\/100\n|move|p1a: Flutter Mane|Protect|p1a: Flutter Mane\n|-singleturn|p1a: Flutter Mane|Protect\n|move|p2a: Iron Hands|Fake Out|p1a: Flutter Mane\n|-activate|p1a: Flutter Mane|move: Protect\n|move|p2b: Wo-Chien|Leech Seed|p1b: Pachirisu|[miss]\n|-miss|p2b: Wo-Chien|p1b: Pachirisu\n|\n|-damage|p1a: Flutter Mane|76\/100|[from] Leech Seed|[of] p2b: Wo-Chien\n|-heal|p2b: Wo-Chien|36\/100 par|[silent]\n|upkeep\n|turn|8\n|inactive|Lady Serperior has 30 seconds left.\n|\n|t:|1681940280\n|move|p1b: Pachirisu|Follow Me|p1b: Pachirisu\n|-singleturn|p1b: Pachirisu|move: Follow Me\n|move|p1a: Flutter Mane|Dazzling Gleam|p2a: Iron Hands|[spread] p2a,p2b\n|-supereffective|p2a: Iron Hands\n|-supereffective|p2b: Wo-Chien\n|-damage|p2a: Iron Hands|59\/100\n|-damage|p2b: Wo-Chien|0 fnt\n|faint|p2b: Wo-Chien\n|move|p2a: Iron Hands|Thunder Punch|p1b: Pachirisu\n|-heal|p1b: Pachirisu|64\/100|[from] ability: Volt Absorb|[of] p2a: Iron Hands\n|\n|upkeep\n|turn|9\n|l|\u2606loew\n|inactive|loew disconnected and has a minute to reconnect!\n|player|p2|\n|\n|t:|1681940297\n|move|p2a: Iron Hands|Fake Out||[still]\n|-hint|Fake Out only works on your first turn out.\n|-fail|p2a: Iron Hands\n|move|p1b: Pachirisu|Follow Me|p1b: Pachirisu\n|-singleturn|p1b: Pachirisu|move: Follow Me\n|move|p1a: Flutter Mane|Dazzling Gleam|p2a: Iron Hands\n|-supereffective|p2a: Iron Hands\n|-damage|p2a: Iron Hands|0 fnt\n|faint|p2a: Iron Hands\n|-end|p2a: Iron Hands|Quark Drive|[silent]\n|\n|win|Lady Serperior\n|raw|Lady Serperior's rating: 1089 → 1119<\/strong> (+30 for winning)\n|raw|loew's rating: 1139 → 1110<\/strong> (-29 for losing)\n","uploadtime":1681940312,"views":9,"p1id":"ladyserperior","p2id":"loew","formatid":"gen9vgc2023regulationc","rating":1110,"private":0,"password":""}