{"id":"gen9vgc2023regulationc-1849117064","p1":"lesleychow307","p2":"Kikkiman","format":"[Gen 9] VGC 2023 Regulation C","log":"|j|\u2606lesleychow307\n|j|\u2606Kikkiman\n|t:|1682158544\n|gametype|doubles\n|player|p1|lesleychow307|1|1199\n|player|p2|Kikkiman|n|1127\n|teamsize|p1|6\n|teamsize|p2|6\n|gen|9\n|tier|[Gen 9] VGC 2023 Regulation C\n|rated|\n|rule|Species Clause: Limit one of each Pok\u00e9mon\n|rule|Item Clause: Limit one of each item\n|clearpoke\n|poke|p1|Ceruledge, L50, M|\n|poke|p1|Amoonguss, L50, F|\n|poke|p1|Sableye, L50, F|\n|poke|p1|Kingambit, L50, F|\n|poke|p1|Flutter Mane, L50|\n|poke|p1|Iron Bundle, L50|\n|poke|p2|Chien-Pao, L50|\n|poke|p2|Dragonite, L50, F|\n|poke|p2|Arcanine, L50, F|\n|poke|p2|Amoonguss, L50, F|\n|poke|p2|Gastrodon-East, L50, M|\n|poke|p2|Palafin, L50, M|\n|teampreview|4\n|inactive|Battle timer is ON: inactive players will automatically lose when time's up. (requested by lesleychow307)\n|\n|t:|1682158576\n|start\n|switch|p1a: Ceruledge|Ceruledge, L50, M, shiny|100\/100\n|switch|p1b: Sableye|Sableye, L50, F|100\/100\n|switch|p2a: Chien-Pao|Chien-Pao, L50|100\/100\n|switch|p2b: Dragonite|Dragonite, L50, F, shiny|100\/100\n|-ability|p2a: Chien-Pao|Sword of Ruin\n|turn|1\n|inactive|Kikkiman has 30 seconds left.\n|\n|t:|1682158609\n|-terastallize|p1a: Ceruledge|Grass\n|move|p2a: Chien-Pao|Protect|p2a: Chien-Pao\n|-singleturn|p2a: Chien-Pao|Protect\n|move|p1b: Sableye|Reflect|p1b: Sableye\n|-sidestart|p1: lesleychow307|Reflect\n|move|p1a: Ceruledge|Bitter Blade|p2a: Chien-Pao\n|-activate|p2a: Chien-Pao|move: Protect\n|move|p2b: Dragonite|Stomping Tantrum|p1a: Ceruledge\n|-resisted|p1a: Ceruledge\n|-damage|p1a: Ceruledge|84\/100\n|\n|upkeep\n|turn|2\n|inactive|Kikkiman has 30 seconds left.\n|inactive|Kikkiman has 20 seconds left.\n|inactive|Kikkiman has 15 seconds left.\n|\n|t:|1682158653\n|move|p1a: Ceruledge|Protect|p1a: Ceruledge\n|-singleturn|p1a: Ceruledge|Protect\n|move|p1b: Sableye|Encore|p2b: Dragonite\n|-start|p2b: Dragonite|Encore\n|move|p2a: Chien-Pao|Ice Spinner|p1a: Ceruledge\n|-activate|p1a: Ceruledge|move: Protect\n|move|p2b: Dragonite|Stomping Tantrum|p1b: Sableye\n|-damage|p1b: Sableye|65\/100\n|\n|upkeep\n|turn|3\n|\n|t:|1682158667\n|move|p1b: Sableye|Disable|p2b: Dragonite\n|-start|p2b: Dragonite|Disable|Stomping Tantrum\n|move|p2a: Chien-Pao|Ice Spinner|p1a: Ceruledge\n|-supereffective|p1a: Ceruledge\n|-damage|p1a: Ceruledge|0 fnt\n|faint|p1a: Ceruledge\n|cant|p2b: Dragonite|Disable|Stomping Tantrum\n|\n|upkeep\n|\n|t:|1682158676\n|switch|p1a: Iron Bundle|Iron Bundle, L50|100\/100\n|-enditem|p1a: Iron Bundle|Booster Energy\n|-activate|p1a: Iron Bundle|ability: Quark Drive|[fromitem]\n|-start|p1a: Iron Bundle|quarkdrivespe\n|turn|4\n|\n|t:|1682158699\n|switch|p2b: Amoonguss|Amoonguss, L50, F|100\/100\n|switch|p1b: Amoonguss|Amoonguss, L50, F, shiny|100\/100\n|move|p1a: Iron Bundle|Freeze-Dry|p2b: Amoonguss\n|-supereffective|p2b: Amoonguss\n|-damage|p2b: Amoonguss|40\/100\n|move|p2a: Chien-Pao|Sacred Sword|p1a: Iron Bundle\n|-supereffective|p1a: Iron Bundle\n|-damage|p1a: Iron Bundle|36\/100\n|\n|upkeep\n|turn|5\n|inactive|Kikkiman has 30 seconds left.\n|\n|t:|1682158732\n|move|p1a: Iron Bundle|Protect|p1a: Iron Bundle\n|-singleturn|p1a: Iron Bundle|Protect\n|move|p2b: Amoonguss|Protect|p2b: Amoonguss\n|-singleturn|p2b: Amoonguss|Protect\n|move|p2a: Chien-Pao|Ice Spinner|p1b: Amoonguss\n|-supereffective|p1b: Amoonguss\n|-crit|p1b: Amoonguss\n|-damage|p1b: Amoonguss|0 fnt\n|faint|p1b: Amoonguss\n|\n|upkeep\n|-message|lesleychow307 forfeited.\n|\n|win|Kikkiman\n|raw|lesleychow307's rating: 1199 → 1169<\/strong> (-30 for losing)\n|raw|Kikkiman's rating: 1127 → 1157<\/strong> (+30 for winning)\n|l|\u2606Kikkiman\n","uploadtime":1682158747,"views":15,"p1id":"lesleychow307","p2id":"kikkiman","formatid":"gen9vgc2023regulationc","rating":1157,"private":0,"password":""}