{"id":"gen9vgc2023regulationc-1857266880","p1":"anuunuu","p2":"Erinino21","format":"[Gen 9] VGC 2023 Regulation C","log":"|j|\u2606anuunuu\n|j|\u2606Erinino21\n|t:|1683165488\n|gametype|doubles\n|player|p1|anuunuu|2|1194\n|player|p2|Erinino21|dawn|1125\n|teamsize|p1|6\n|teamsize|p2|6\n|gen|9\n|tier|[Gen 9] VGC 2023 Regulation C\n|rated|\n|rule|Species Clause: Limit one of each Pok\u00e9mon\n|rule|Item Clause: Limit one of each item\n|clearpoke\n|poke|p1|Chien-Pao, L50|\n|poke|p1|Ceruledge, L50, M|\n|poke|p1|Maushold, L50|\n|poke|p1|Gyarados, L50, F|\n|poke|p1|Iron Bundle, L50|\n|poke|p1|Rotom-Mow, L50|\n|poke|p2|Ceruledge, L50, F|\n|poke|p2|Scizor, L50, M|\n|poke|p2|Amoonguss, L50, M|\n|poke|p2|Ting-Lu, L50|\n|poke|p2|Gyarados, L50, M|\n|poke|p2|Flutter Mane, L50|\n|teampreview|4\n|\n|t:|1683165505\n|start\n|switch|p1a: Iron Bundle|Iron Bundle, L50|100\/100\n|switch|p1b: Gyarados|Gyarados, L50, F|100\/100\n|switch|p2a: Flutter Mane|Flutter Mane, L50|100\/100\n|switch|p2b: Amoonguss|Amoonguss, L50, M|100\/100\n|-ability|p1b: Gyarados|Intimidate|boost\n|-unboost|p2a: Flutter Mane|atk|1\n|-unboost|p2b: Amoonguss|atk|1\n|-enditem|p1a: Iron Bundle|Booster Energy\n|-activate|p1a: Iron Bundle|ability: Quark Drive|[fromitem]\n|-start|p1a: Iron Bundle|quarkdrivespe\n|turn|1\n|\n|t:|1683165527\n|-terastallize|p2a: Flutter Mane|Fairy\n|move|p1a: Iron Bundle|Protect|p1a: Iron Bundle\n|-singleturn|p1a: Iron Bundle|Protect\n|move|p2b: Amoonguss|Rage Powder|p2b: Amoonguss\n|-singleturn|p2b: Amoonguss|move: Rage Powder\n|move|p2a: Flutter Mane|Dazzling Gleam|p1b: Gyarados|[spread] p1b\n|-activate|p1a: Iron Bundle|move: Protect\n|-damage|p1b: Gyarados|39\/100\n|move|p1b: Gyarados|Waterfall|p2b: Amoonguss\n|-resisted|p2b: Amoonguss\n|-damage|p2b: Amoonguss|79\/100\n|\n|-heal|p2b: Amoonguss|85\/100|[from] item: Leftovers\n|upkeep\n|turn|2\n|\n|t:|1683165554\n|switch|p1b: Ceruledge|Ceruledge, L50, M|100\/100\n|move|p2b: Amoonguss|Rage Powder|p2b: Amoonguss\n|-singleturn|p2b: Amoonguss|move: Rage Powder\n|move|p1a: Iron Bundle|Substitute|p1a: Iron Bundle\n|-start|p1a: Iron Bundle|Substitute\n|-damage|p1a: Iron Bundle|76\/100\n|move|p2a: Flutter Mane|Dazzling Gleam|p1b: Ceruledge|[spread] p1a,p1b\n|-end|p1a: Iron Bundle|Substitute\n|-resisted|p1b: Ceruledge\n|-damage|p1b: Ceruledge|66\/100\n|\n|-heal|p2b: Amoonguss|91\/100|[from] item: Leftovers\n|upkeep\n|turn|3\n|\n|t:|1683165576\n|switch|p2b: Gyarados|Gyarados, L50, M, shiny|100\/100\n|-ability|p2b: Gyarados|Intimidate|boost\n|-unboost|p1a: Iron Bundle|atk|1\n|-fail|p1b: Ceruledge|unboost|[from] item: Clear Amulet|[of] p1b: Ceruledge\n|-terastallize|p1b: Ceruledge|Grass\n|move|p1a: Iron Bundle|Substitute|p1a: Iron Bundle\n|-start|p1a: Iron Bundle|Substitute\n|-damage|p1a: Iron Bundle|52\/100\n|move|p2a: Flutter Mane|Dazzling Gleam|p1a: Iron Bundle|[spread] p1a,p1b\n|-end|p1a: Iron Bundle|Substitute\n|-damage|p1b: Ceruledge|4\/100\n|move|p1b: Ceruledge|Bitter Blade|p2b: Gyarados\n|-resisted|p2b: Gyarados\n|-damage|p2b: Gyarados|70\/100\n|-heal|p1b: Ceruledge|20\/100|[from] drain|[of] p2b: Gyarados\n|\n|upkeep\n|turn|4\n|\n|t:|1683165609\n|move|p1b: Ceruledge|Shadow Sneak|p2a: Flutter Mane\n|-damage|p2a: Flutter Mane|52\/100\n|move|p1a: Iron Bundle|Freeze-Dry|p2b: Gyarados\n|-supereffective|p2b: Gyarados\n|-damage|p2b: Gyarados|0 fnt\n|faint|p2b: Gyarados\n|move|p2a: Flutter Mane|Dazzling Gleam|p1b: Ceruledge|[spread] p1a,p1b\n|-damage|p1a: Iron Bundle|0 fnt\n|-damage|p1b: Ceruledge|0 fnt\n|faint|p1a: Iron Bundle\n|-end|p1a: Iron Bundle|Quark Drive|[silent]\n|faint|p1b: Ceruledge\n|\n|upkeep\n|\n|t:|1683165622\n|switch|p1a: Gyarados|Gyarados, L50, F|39\/100\n|switch|p2b: Ceruledge|Ceruledge, L50, F, shiny|100\/100\n|switch|p1b: Chien-Pao|Chien-Pao, L50|100\/100\n|-ability|p1b: Chien-Pao|Sword of Ruin\n|-ability|p1a: Gyarados|Intimidate|boost\n|-unboost|p2a: Flutter Mane|atk|1\n|-unboost|p2b: Ceruledge|atk|1\n|turn|5\n|\n|t:|1683165640\n|move|p2a: Flutter Mane|Dazzling Gleam|p1b: Chien-Pao|[spread] p1a,p1b\n|-supereffective|p1b: Chien-Pao\n|-damage|p1a: Gyarados|0 fnt\n|-enditem|p1b: Chien-Pao|Focus Sash\n|-damage|p1b: Chien-Pao|1\/100\n|faint|p1a: Gyarados\n|move|p1b: Chien-Pao|Ice Spinner|p2a: Flutter Mane\n|-damage|p2a: Flutter Mane|0 fnt\n|faint|p2a: Flutter Mane\n|-end|p2a: Flutter Mane|Protosynthesis|[silent]\n|move|p2b: Ceruledge|Bitter Blade|p1b: Chien-Pao\n|-supereffective|p1b: Chien-Pao\n|-damage|p1b: Chien-Pao|0 fnt\n|faint|p1b: Chien-Pao\n|-damage|p2b: Ceruledge|91\/100|[from] item: Life Orb\n|\n|win|Erinino21\n|raw|anuunuu's rating: 1194 → 1164<\/strong> (-30 for losing)\n|raw|Erinino21's rating: 1125 → 1155<\/strong> (+30 for winning)\n|l|\u2606anuunuu\n","uploadtime":1683165656,"views":9,"p1id":"anuunuu","p2id":"erinino21","formatid":"gen9vgc2023regulationc","rating":1155,"private":0,"password":""}