{"id":"gen9vgc2023regulationc-1859131895","p1":"Herewegoezagain","p2":"PeekayW","format":"[Gen 9] VGC 2023 Regulation C","log":"|j|\u2606Herewegoezagain\n|j|\u2606PeekayW\n|t:|1683408277\n|gametype|doubles\n|player|p1|Herewegoezagain|ethan|1224\n|player|p2|PeekayW|170|1226\n|teamsize|p1|6\n|teamsize|p2|6\n|gen|9\n|tier|[Gen 9] VGC 2023 Regulation C\n|rated|\n|rule|Species Clause: Limit one of each Pok\u00e9mon\n|rule|Item Clause: Limit one of each item\n|clearpoke\n|poke|p1|Tyranitar, L50, M|\n|poke|p1|Iron Hands, L50|\n|poke|p1|Hatterene, L50, F|\n|poke|p1|Indeedee-F, L50, F|\n|poke|p1|Brute Bonnet, L50|\n|poke|p1|Lycanroc, L50, M|\n|poke|p2|Scizor, L50, M|\n|poke|p2|Flutter Mane, L50|\n|poke|p2|Rotom-Wash, L50|\n|poke|p2|Arcanine, L50, M|\n|poke|p2|Chien-Pao, L50|\n|poke|p2|Great Tusk, L50|\n|teampreview|4\n|j| Z3PH4R\nPeekayW has agreed to open team sheets.\n|inactive|Battle timer is ON: inactive players will automatically lose when time's up. (requested by PeekayW)\n|\n|t:|1683408324\n|start\n|switch|p1a: Hatterene|Hatterene, L50, F|100\/100\n|switch|p1b: Indeedee|Indeedee-F, L50, F|100\/100\n|switch|p2a: Flutter Mane|Flutter Mane, L50|100\/100\n|switch|p2b: Scizor|Scizor, L50, M|100\/100\n|-fieldstart|move: Psychic Terrain|[from] ability: Psychic Surge|[of] p1b: Indeedee\n|turn|1\n|inactive|Herewegoezagain has 30 seconds left.\n|inactive|Herewegoezagain has 20 seconds left.\n|\n|t:|1683408363\n|switch|p1b: Tyranitar|Tyranitar, L50, M|100\/100\n|-weather|Sandstorm|[from] ability: Sand Stream|[of] p1b: Tyranitar\n|move|p2a: Flutter Mane|Protect|p2a: Flutter Mane\n|-singleturn|p2a: Flutter Mane|Protect\n|move|p2b: Scizor|U-turn|p1a: Hatterene\n|-damage|p1a: Hatterene|53\/100\n|\n|t:|1683408372\n|switch|p2b: Great Tusk|Great Tusk, L50|100\/100|[from] U-turn\n|move|p1a: Hatterene|Trick Room|p1a: Hatterene\n|-fieldstart|move: Trick Room|[of] p1a: Hatterene\n|\n|-weather|Sandstorm|[upkeep]\n|-damage|p1a: Hatterene|47\/100|[from] Sandstorm\n|-damage|p2a: Flutter Mane|95\/100|[from] Sandstorm\n|upkeep\n|turn|2\n|\n|t:|1683408391\n|-end|p2a: Flutter Mane|Protosynthesis|[silent]\n|switch|p2a: Scizor|Scizor, L50, M|100\/100\n|-end|p2b: Great Tusk|Protosynthesis|[silent]\n|switch|p2b: Rotom|Rotom-Wash, L50|100\/100\n|-terastallize|p1b: Tyranitar|Rock\n|move|p1a: Hatterene|Dazzling Gleam|p2a: Scizor|[spread] p2a,p2b\n|-resisted|p2a: Scizor\n|-damage|p2a: Scizor|72\/100\n|-damage|p2b: Rotom|58\/100\n|-damage|p1a: Hatterene|37\/100|[from] item: Life Orb\n|move|p1b: Tyranitar|Rock Slide|p2a: Scizor|[spread] p2a,p2b\n|-damage|p2a: Scizor|29\/100\n|-damage|p2b: Rotom|18\/100\n|\n|-weather|Sandstorm|[upkeep]\n|-damage|p1a: Hatterene|31\/100|[from] Sandstorm\n|-damage|p2b: Rotom|12\/100|[from] Sandstorm\n|-heal|p2b: Rotom|18\/100|[from] item: Leftovers\n|upkeep\n|turn|3\n|\n|t:|1683408413\n|move|p2a: Scizor|Protect|p2a: Scizor\n|-singleturn|p2a: Scizor|Protect\n|move|p2b: Rotom|Protect|p2b: Rotom\n|-singleturn|p2b: Rotom|Protect\n|move|p1a: Hatterene|Dazzling Gleam|p2b: Rotom|[spread] \n|-activate|p2a: Scizor|move: Protect\n|-activate|p2b: Rotom|move: Protect\n|move|p1b: Tyranitar|Rock Slide|p2b: Rotom|[spread] \n|-activate|p2a: Scizor|move: Protect\n|-activate|p2b: Rotom|move: Protect\n|\n|-weather|Sandstorm|[upkeep]\n|-damage|p1a: Hatterene|25\/100|[from] Sandstorm\n|-damage|p2b: Rotom|12\/100|[from] Sandstorm\n|-heal|p2b: Rotom|18\/100|[from] item: Leftovers\n|upkeep\n|turn|4\n|\n|t:|1683408435\n|move|p1a: Hatterene|Dazzling Gleam|p2b: Rotom|[spread] p2a,p2b\n|-resisted|p2a: Scizor\n|-damage|p2a: Scizor|1\/100\n|-damage|p2b: Rotom|0 fnt\n|faint|p2b: Rotom\n|-damage|p1a: Hatterene|15\/100|[from] item: Life Orb\n|move|p1b: Tyranitar|Rock Slide|p2a: Scizor\n|-damage|p2a: Scizor|0 fnt\n|faint|p2a: Scizor\n|\n|-weather|Sandstorm|[upkeep]\n|-damage|p1a: Hatterene|9\/100|[from] Sandstorm\n|upkeep\n|\n|t:|1683408448\n|switch|p2a: Flutter Mane|Flutter Mane, L50|95\/100\n|switch|p2b: Great Tusk|Great Tusk, L50|100\/100\n|turn|5\n|\n|t:|1683408466\n|switch|p1a: Iron Hands|Iron Hands, L50|100\/100\n|-terastallize|p2b: Great Tusk|Fire\n|move|p2a: Flutter Mane|Protect|p2a: Flutter Mane\n|-singleturn|p2a: Flutter Mane|Protect\n|move|p1b: Tyranitar|Rock Slide|p2b: Great Tusk|[spread] p2b\n|-activate|p2a: Flutter Mane|move: Protect\n|-supereffective|p2b: Great Tusk\n|-damage|p2b: Great Tusk|31\/100\n|move|p2b: Great Tusk|Earthquake|p1b: Tyranitar|[spread] p1a,p1b\n|-activate|p2a: Flutter Mane|move: Protect\n|-supereffective|p1a: Iron Hands\n|-supereffective|p1b: Tyranitar\n|-damage|p1a: Iron Hands|50\/100\n|-damage|p1b: Tyranitar|42\/100\n|-enditem|p1b: Tyranitar|Weakness Policy\n|-boost|p1b: Tyranitar|atk|2|[from] item: Weakness Policy\n|-boost|p1b: Tyranitar|spa|2|[from] item: Weakness Policy\n|\n|-weather|none\n|-fieldend|move: Trick Room\n|-fieldend|move: Psychic Terrain\n|upkeep\n|turn|6\n|\n|t:|1683408489\n|move|p1a: Iron Hands|Fake Out|p2b: Great Tusk\n|-damage|p2b: Great Tusk|20\/100\n|cant|p2b: Great Tusk|flinch\n|move|p2a: Flutter Mane|Moonblast|p1a: Iron Hands\n|-supereffective|p1a: Iron Hands\n|-damage|p1a: Iron Hands|0 fnt\n|faint|p1a: Iron Hands\n|-end|p1a: Iron Hands|Quark Drive|[silent]\n|-damage|p2a: Flutter Mane|85\/100|[from] item: Life Orb\n|move|p1b: Tyranitar|Rock Slide|p2b: Great Tusk|[spread] p2a,p2b\n|-supereffective|p2b: Great Tusk\n|-damage|p2a: Flutter Mane|0 fnt\n|-damage|p2b: Great Tusk|0 fnt\n|faint|p2a: Flutter Mane\n|-end|p2a: Flutter Mane|Protosynthesis|[silent]\n|faint|p2b: Great Tusk\n|-end|p2b: Great Tusk|Protosynthesis|[silent]\n|\n|win|Herewegoezagain\n|raw|Herewegoezagain's rating: 1224 → 1249<\/strong> (+25 for winning)\n|raw|PeekayW's rating: 1226 → 1201<\/strong> (-25 for losing)\n|l|\u2606PeekayW\n|c|\u2606Herewegoezagain|gg\n|c|\u2606Herewegoezagain|I like the team\n","uploadtime":1683408520,"views":9,"p1id":"herewegoezagain","p2id":"peekayw","formatid":"gen9vgc2023regulationc","rating":1201,"private":0,"password":""}