{"id":"gen9vgc2023regulationc-1853213017","p1":"Calvox08","p2":"Vega05","format":"[Gen 9] VGC 2023 Regulation C","log":"|j|\u2606Calvox08\n|j|\u2606Vega05\n|t:|1682649414\n|gametype|doubles\n|player|p1|Calvox08|hilbert-wonderlauncher|\n|player|p2|Vega05|steven|\n|teamsize|p1|6\n|teamsize|p2|6\n|gen|9\n|tier|[Gen 9] VGC 2023 Regulation C\n|rule|Species Clause: Limit one of each Pok\u00e9mon\n|rule|Item Clause: Limit one of each item\n|clearpoke\n|poke|p1|Garchomp, L50, M|\n|poke|p1|Chien-Pao, L50|\n|poke|p1|Rotom-Wash, L50|\n|poke|p1|Iron Valiant, L50|\n|poke|p1|Corviknight, L50, F|\n|poke|p1|Amoonguss, L50, M|\n|poke|p2|Chi-Yu, L50|\n|poke|p2|Flutter Mane, L50|\n|poke|p2|Gyarados, L50, M|\n|poke|p2|Garchomp, L50, M|\n|poke|p2|Amoonguss, L50, F|\n|poke|p2|Iron Hands, L50|\n|teampreview|4\n|c|\u2606Vega05|g1\nCalvox08 has agreed to open team sheets.\nVega05 has agreed to open team sheets.\n|c|\u2606Calvox08|listo?\n|c|\u2606Vega05|gl\n|c|\u2606Calvox08|gl\n|inactive|Battle timer is ON: inactive players will automatically lose when time's up. (requested by Vega05)\n|inactive|Calvox08 has 60 seconds left.\n|\n|t:|1682649623\n|start\n|switch|p1a: Rotom|Rotom-Wash, L50|100\/100\n|switch|p1b: Garchomp|Garchomp, L50, M|100\/100\n|switch|p2a: Chi-Yu|Chi-Yu, L50|100\/100\n|switch|p2b: Iron Hands|Iron Hands, L50|100\/100\n|-ability|p2a: Chi-Yu|Beads of Ruin\n|turn|1\n|inactive|Calvox08 has 30 seconds left.\n|inactive|Vega05 has 30 seconds left.\n|inactive|Calvox08 has 20 seconds left.\n|inactive|Vega05 has 20 seconds left.\n|inactive|Vega05 has 15 seconds left.\n|inactive|Vega05 has 10 seconds left.\n|\n|t:|1682649671\n|switch|p2a: Gyarados|Gyarados, L50, M|100\/100\n|-ability|p2a: Gyarados|Intimidate|boost\n|-unboost|p1a: Rotom|atk|1\n|-unboost|p1b: Garchomp|atk|1\n|move|p1b: Garchomp|Protect|p1b: Garchomp\n|-singleturn|p1b: Garchomp|Protect\n|move|p2b: Iron Hands|Fake Out|p1a: Rotom\n|-damage|p1a: Rotom|86\/100\n|cant|p1a: Rotom|flinch\n|\n|upkeep\n|turn|2\n|inactive|Calvox08 has 30 seconds left.\n|inactive|Vega05 has 30 seconds left.\n|inactive|Vega05 has 20 seconds left.\n|inactive|Vega05 has 15 seconds left.\n|inactive|Vega05 has 10 seconds left.\n|inactive|Vega05 has 5 seconds left.\n|\n|t:|1682649723\n|-end|p2b: Iron Hands|Quark Drive|[silent]\n|switch|p2b: Flutter Mane|Flutter Mane, L50|100\/100\n|move|p2a: Gyarados|Protect|p2a: Gyarados\n|-singleturn|p2a: Gyarados|Protect\n|move|p1b: Garchomp|Rock Slide|p2a: Gyarados|[spread] p2b\n|-activate|p2a: Gyarados|move: Protect\n|-crit|p2b: Flutter Mane\n|-damage|p2b: Flutter Mane|52\/100\n|move|p1a: Rotom|Thunderbolt|p2a: Gyarados\n|-activate|p2a: Gyarados|move: Protect\n|\n|upkeep\n|turn|3\n|inactive|Calvox08 has 30 seconds left.\n|inactive|Vega05 has 30 seconds left.\n|inactive|Calvox08 has 20 seconds left.\n|inactive|Vega05 has 20 seconds left.\n|inactive|Calvox08 has 15 seconds left.\n|inactive|Vega05 has 15 seconds left.\n|inactive|Calvox08 has 10 seconds left.\n|inactive|Vega05 has 10 seconds left.\n|inactive|Calvox08 has 5 seconds left.\n|inactive|Vega05 has 5 seconds left.\n|\n|t:|1682649775\n|move|p1b: Garchomp|Protect|p1b: Garchomp\n|-singleturn|p1b: Garchomp|Protect\n|move|p2b: Flutter Mane|Moonblast|p1a: Rotom\n|-damage|p1a: Rotom|24\/100\n|-unboost|p1a: Rotom|spa|1\n|-enditem|p1a: Rotom|Aguav Berry|[eat]\n|-heal|p1a: Rotom|57\/100|[from] item: Aguav Berry\n|-damage|p2b: Flutter Mane|42\/100|[from] item: Life Orb\n|move|p2a: Gyarados|Dragon Dance|p2a: Gyarados\n|-boost|p2a: Gyarados|atk|1\n|-boost|p2a: Gyarados|spe|1\n|move|p1a: Rotom|Thunderbolt|p2a: Gyarados\n|-supereffective|p2a: Gyarados\n|-damage|p2a: Gyarados|23\/100\n|\n|upkeep\n|turn|4\n|inactive|Calvox08 has 30 seconds left.\n|inactive|Calvox08 has 20 seconds left.\n|inactive|Calvox08 has 15 seconds left.\n|inactive|Calvox08 has 10 seconds left.\n|inactive|Calvox08 has 5 seconds left.\n|\n|t:|1682649830\n|move|p2a: Gyarados|Waterfall|p1b: Garchomp\n|-damage|p1b: Garchomp|43\/100\n|-damage|p2a: Gyarados|11\/100|[from] ability: Rough Skin|[of] p1b: Garchomp\n|move|p2b: Flutter Mane|Dazzling Gleam|p1b: Garchomp|[spread] p1a,p1b\n|-supereffective|p1b: Garchomp\n|-damage|p1a: Rotom|22\/100\n|-damage|p1b: Garchomp|0 fnt\n|faint|p1b: Garchomp\n|-damage|p2b: Flutter Mane|33\/100|[from] item: Life Orb\n|move|p1a: Rotom|Hydro Pump|p2b: Flutter Mane\n|-damage|p2b: Flutter Mane|6\/100\n|\n|upkeep\n|\n|t:|1682649841\n|switch|p1b: Chien-Pao|Chien-Pao, L50|100\/100\n|-ability|p1b: Chien-Pao|Sword of Ruin\n|turn|5\n|inactive|Vega05 has 30 seconds left.\n|inactive|Calvox08 has 30 seconds left.\n|inactive|Vega05 has 20 seconds left.\n|inactive|Calvox08 has 20 seconds left.\n|\n|t:|1682649883\n|-end|p2b: Flutter Mane|Protosynthesis|[silent]\n|switch|p2b: Iron Hands|Iron Hands, L50|100\/100\n|move|p1a: Rotom|Protect|p1a: Rotom\n|-singleturn|p1a: Rotom|Protect\n|move|p1b: Chien-Pao|Sucker Punch||[still]\n|-fail|p1b: Chien-Pao\n|move|p2a: Gyarados|Dragon Dance|p2a: Gyarados\n|-boost|p2a: Gyarados|atk|1\n|-boost|p2a: Gyarados|spe|1\n|\n|upkeep\n|turn|6\n|inactive|Calvox08 has 30 seconds left.\n|inactive|Vega05 has 30 seconds left.\n|\n|t:|1682649916\n|move|p1a: Rotom|Protect||[still]\n|-fail|p1a: Rotom\n|move|p1b: Chien-Pao|Sucker Punch||[still]\n|-fail|p1b: Chien-Pao\n|move|p2a: Gyarados|Dragon Dance|p2a: Gyarados\n|-boost|p2a: Gyarados|atk|1\n|-boost|p2a: Gyarados|spe|1\n|move|p2b: Iron Hands|Drain Punch|p1b: Chien-Pao\n|-supereffective|p1b: Chien-Pao\n|-enditem|p1b: Chien-Pao|Focus Sash\n|-damage|p1b: Chien-Pao|1\/100\n|\n|upkeep\n|turn|7\n|inactive|Vega05 has 30 seconds left.\n|inactive|Vega05 has 20 seconds left.\n|\n|t:|1682649952\n|move|p2a: Gyarados|Protect|p2a: Gyarados\n|-singleturn|p2a: Gyarados|Protect\n|move|p1b: Chien-Pao|Acrobatics|p2b: Iron Hands\n|-damage|p2b: Iron Hands|71\/100\n|move|p1a: Rotom|Thunderbolt|p2a: Gyarados\n|-activate|p2a: Gyarados|move: Protect\n|move|p2b: Iron Hands|Volt Switch|p1b: Chien-Pao\n|-damage|p1b: Chien-Pao|0 fnt\n|faint|p1b: Chien-Pao\n|\n|t:|1682649963\n|-end|p2b: Iron Hands|Quark Drive|[silent]\n|switch|p2b: Chi-Yu|Chi-Yu, L50|100\/100|[from] Volt Switch\n|-ability|p2b: Chi-Yu|Beads of Ruin\n|\n|upkeep\n|\n|t:|1682649966\n|switch|p1b: Iron Valiant|Iron Valiant, L50|100\/100\n|-enditem|p1b: Iron Valiant|Booster Energy\n|-activate|p1b: Iron Valiant|ability: Quark Drive|[fromitem]\n|-start|p1b: Iron Valiant|quarkdrivespe\n|turn|8\n|inactive|Vega05 has 30 seconds left.\n|\n|t:|1682649996\n|-terastallize|p2b: Chi-Yu|Grass\n|move|p2a: Gyarados|Waterfall|p1b: Iron Valiant\n|-damage|p1b: Iron Valiant|0 fnt\n|faint|p1b: Iron Valiant\n|-end|p1b: Iron Valiant|Quark Drive|[silent]\n|move|p2b: Chi-Yu|Tera Blast|p1a: Rotom\n|-supereffective|p1a: Rotom\n|-damage|p1a: Rotom|0 fnt\n|faint|p1a: Rotom\n|\n|win|Vega05\n","uploadtime":1682650011,"views":6,"p1id":"calvox08","p2id":"vega05","formatid":"gen9vgc2023regulationc","rating":0,"private":0,"password":""}