{"id":"gen9vgc2023regulationc-1848211867","p1":"OoniTurtle","p2":"DankestDad","format":"[Gen 9] VGC 2023 Regulation C","log":"|j|\u2606OoniTurtle\n|j|\u2606DankestDad\n|t:|1682043087\n|gametype|doubles\n|player|p1|OoniTurtle|101|\n|player|p2|DankestDad|265|\n|teamsize|p1|6\n|teamsize|p2|6\n|gen|9\n|tier|[Gen 9] VGC 2023 Regulation C\n|rule|Species Clause: Limit one of each Pok\u00e9mon\n|rule|Item Clause: Limit one of each item\n|clearpoke\n|poke|p1|Gastrodon, L50, M|\n|poke|p1|Dragonite, L50, F|\n|poke|p1|Chien-Pao, L50|\n|poke|p1|Gallade, L50, M|\n|poke|p1|Arcanine, L50, F|\n|poke|p1|Flutter Mane, L50|\n|poke|p2|Baxcalibur, L50, F|\n|poke|p2|Chi-Yu, L50|\n|poke|p2|Ting-Lu, L50|\n|poke|p2|Flutter Mane, L50|\n|poke|p2|Gyarados, L50, F|\n|poke|p2|Amoonguss, L50, F|\n|teampreview|4\nDankestDad has agreed to open team sheets.\nOoniTurtle has agreed to open team sheets.\n|\n|t:|1682043132\n|start\n|switch|p1a: SnarlsBarkley|Arcanine, L50, F|100\/100\n|switch|p1b: NormalOsborn|Dragonite, L50, F|100\/100\n|switch|p2a: Chi-Yu|Chi-Yu, L50|100\/100\n|switch|p2b: Gyarados|Gyarados, L50, F|100\/100\n|-ability|p2a: Chi-Yu|Beads of Ruin\n|-ability|p1a: SnarlsBarkley|Intimidate|boost\n|-unboost|p2a: Chi-Yu|atk|1\n|-unboost|p2b: Gyarados|atk|1\n|-ability|p2b: Gyarados|Intimidate|boost\n|-unboost|p1a: SnarlsBarkley|atk|1\n|-unboost|p1b: NormalOsborn|atk|1\n|turn|1\n|inactive|Battle timer is ON: inactive players will automatically lose when time's up. (requested by OoniTurtle)\n|inactive|DankestDad has 60 seconds left.\n|\n|t:|1682043185\n|switch|p1a: PaoGasol|Chien-Pao, L50|100\/100\n|-ability|p1a: PaoGasol|Sword of Ruin\n|-terastallize|p2a: Chi-Yu|Ghost\n|move|p2a: Chi-Yu|Dark Pulse|p1a: PaoGasol\n|-resisted|p1a: PaoGasol\n|-damage|p1a: PaoGasol|51\/100\n|move|p2b: Gyarados|Waterfall|p1a: PaoGasol\n|-damage|p1a: PaoGasol|18\/100\n|move|p1b: NormalOsborn|Tailwind|p1b: NormalOsborn\n|-sidestart|p1: OoniTurtle|move: Tailwind\n|\n|upkeep\n|turn|2\n|inactive|OoniTurtle has 30 seconds left.\n|inactive|DankestDad has 30 seconds left.\n|inactive|OoniTurtle has 20 seconds left.\n|inactive|DankestDad has 20 seconds left.\n|inactive|DankestDad has 15 seconds left.\n|inactive|OoniTurtle has 15 seconds left.\n|inactive|DankestDad has 10 seconds left.\n|inactive|DankestDad has 5 seconds left.\n|\n|t:|1682043236\n|move|p1a: PaoGasol|Protect|p1a: PaoGasol\n|-singleturn|p1a: PaoGasol|Protect\n|move|p2a: Chi-Yu|Dark Pulse|p1a: PaoGasol\n|-activate|p1a: PaoGasol|move: Protect\n|move|p1b: NormalOsborn|Thunder Punch|p2b: Gyarados\n|-supereffective|p2b: Gyarados\n|-damage|p2b: Gyarados|5\/100\n|-status|p2b: Gyarados|par\n|-enditem|p2b: Gyarados|Lum Berry|[eat]\n|-curestatus|p2b: Gyarados|par|[msg]\n|move|p2b: Gyarados|Waterfall|p1a: PaoGasol\n|-activate|p1a: PaoGasol|move: Protect\n|\n|upkeep\n|turn|3\n|inactive|DankestDad has 30 seconds left.\n|inactive|DankestDad has 20 seconds left.\n|\n|t:|1682043274\n|move|p1a: PaoGasol|Ice Shard|p2b: Gyarados\n|-damage|p2b: Gyarados|0 fnt\n|faint|p2b: Gyarados\n|-damage|p1a: PaoGasol|8\/100|[from] item: Life Orb\n|move|p2a: Chi-Yu|Dark Pulse|p1a: PaoGasol\n|-resisted|p1a: PaoGasol\n|-damage|p1a: PaoGasol|0 fnt\n|faint|p1a: PaoGasol\n|move|p1b: NormalOsborn|Dragon Claw|p2a: Chi-Yu\n|-damage|p2a: Chi-Yu|57\/100\n|\n|upkeep\n|inactive|DankestDad has 30 seconds left.\n|\n|t:|1682043305\n|switch|p1a: SnarlsBarkley|Arcanine, L50, F|100\/100\n|switch|p2b: Flutter Mane|Flutter Mane, L50|100\/100\n|-ability|p1a: SnarlsBarkley|Intimidate|boost\n|-unboost|p2a: Chi-Yu|atk|1\n|-unboost|p2b: Flutter Mane|atk|1\n|-enditem|p2b: Flutter Mane|Booster Energy\n|-activate|p2b: Flutter Mane|ability: Protosynthesis|[fromitem]\n|-start|p2b: Flutter Mane|protosynthesisspe\n|turn|4\n|inactive|OoniTurtle has 30 seconds left.\n|inactive|DankestDad has 30 seconds left.\n|\n|t:|1682043337\n|move|p2b: Flutter Mane|Shadow Ball|p1a: SnarlsBarkley\n|-damage|p1a: SnarlsBarkley|68\/100\n|move|p1a: SnarlsBarkley|Flare Blitz|p2b: Flutter Mane\n|-crit|p2b: Flutter Mane\n|-damage|p2b: Flutter Mane|0 fnt\n|faint|p2b: Flutter Mane\n|-end|p2b: Flutter Mane|Protosynthesis|[silent]\n|-damage|p1a: SnarlsBarkley|43\/100|[from] Recoil\n|move|p2a: Chi-Yu|Dark Pulse|p1a: SnarlsBarkley\n|-damage|p1a: SnarlsBarkley|6\/100\n|move|p1b: NormalOsborn|Dragon Claw|p2a: Chi-Yu\n|-damage|p2a: Chi-Yu|16\/100\n|\n|-sideend|p1: OoniTurtle|move: Tailwind\n|upkeep\n|\n|t:|1682043350\n|switch|p2b: Baxcalibur|Baxcalibur, L50, F|100\/100\n|turn|5\n|\n|t:|1682043371\n|switch|p1a: GalladeyGaga|Gallade, L50, M|100\/100\n|move|p2a: Chi-Yu|Dark Pulse|p1a: GalladeyGaga\n|-damage|p1a: GalladeyGaga|35\/100\n|move|p2b: Baxcalibur|Icicle Spear|p1b: NormalOsborn\n|-supereffective|p1b: NormalOsborn\n|-damage|p1b: NormalOsborn|73\/100\n|-supereffective|p1b: NormalOsborn\n|-damage|p1b: NormalOsborn|15\/100\n|-supereffective|p1b: NormalOsborn\n|-damage|p1b: NormalOsborn|0 fnt\n|faint|p1b: NormalOsborn\n|-hitcount|p1: NormalOsborn|3\n|\n|upkeep\n|\n|t:|1682043382\n|switch|p1b: SnarlsBarkley|Arcanine, L50, F|6\/100\n|-ability|p1b: SnarlsBarkley|Intimidate|boost\n|-unboost|p2a: Chi-Yu|atk|1\n|-unboost|p2b: Baxcalibur|atk|1\n|turn|6\n|\n|t:|1682043407\n|-terastallize|p1a: GalladeyGaga|Ghost\n|move|p1b: SnarlsBarkley|Extreme Speed|p2b: Baxcalibur\n|-crit|p2b: Baxcalibur\n|-damage|p2b: Baxcalibur|72\/100\n|move|p1a: GalladeyGaga|Shadow Sneak|p2a: Chi-Yu\n|-supereffective|p2a: Chi-Yu\n|-damage|p2a: Chi-Yu|0 fnt\n|faint|p2a: Chi-Yu\n|move|p2b: Baxcalibur|Icicle Spear|p1a: GalladeyGaga\n|-damage|p1a: GalladeyGaga|17\/100\n|-damage|p1a: GalladeyGaga|0 fnt\n|faint|p1a: GalladeyGaga\n|-hitcount|p1: GalladeyGaga|2\n|\n|upkeep\n|turn|7\n|\n|t:|1682043426\n|move|p2b: Baxcalibur|Ice Shard|p1b: SnarlsBarkley\n|-resisted|p1b: SnarlsBarkley\n|-damage|p1b: SnarlsBarkley|0 fnt\n|faint|p1b: SnarlsBarkley\n|\n|win|DankestDad\n|c|\u2606DankestDad|gg\n|c|\u2606OoniTurtle|gg\n","uploadtime":1682043433,"views":13,"p1id":"ooniturtle","p2id":"dankestdad","formatid":"gen9vgc2023regulationc","rating":0,"private":0,"password":""}