{"id":"gen9vgc2023regulationc-1857929406","p1":"that_qtpi","p2":"MisoSoup_FGC","format":"[Gen 9] VGC 2023 Regulation C","log":"|j|\u2606that_qtpi\n|j|\u2606MisoSoup_FGC\n|t:|1683248600\n|gametype|doubles\n|player|p1|that_qtpi|caitlin|1170\n|player|p2|MisoSoup_FGC|hilda|1269\n|teamsize|p1|6\n|teamsize|p2|6\n|gen|9\n|tier|[Gen 9] VGC 2023 Regulation C\n|rated|\n|rule|Species Clause: Limit one of each Pok\u00e9mon\n|rule|Item Clause: Limit one of each item\n|clearpoke\n|poke|p1|Annihilape, L50, M|\n|poke|p1|Maushold-Four, L50|\n|poke|p1|Ting-Lu, L50|\n|poke|p1|Gyarados, L50, F|\n|poke|p1|Amoonguss, L50, M|\n|poke|p1|Flutter Mane, L50|\n|poke|p2|Flutter Mane, L50|\n|poke|p2|Chi-Yu, L50|\n|poke|p2|Roaring Moon, L50|\n|poke|p2|Jumpluff, L50, M|\n|poke|p2|Wo-Chien, L50|\n|poke|p2|Torkoal, L50, F|\n|teampreview|4\n|inactive|Battle timer is ON: inactive players will automatically lose when time's up. (requested by MisoSoup_FGC)\nthat_qtpi has agreed to open team sheets.\n|inactive|MisoSoup_FGC has 60 seconds left.\n|inactive|MisoSoup_FGC has 30 seconds left.\n|inactive|MisoSoup_FGC has 20 seconds left.\n|inactive|MisoSoup_FGC has 15 seconds left.\n|inactive|MisoSoup_FGC has 10 seconds left.\n|\n|t:|1683248683\n|start\n|switch|p1a: Orphanmaker|Annihilape, L50, M|100\/100\n|switch|p1b: Childhaver|Maushold-Four, L50|100\/100\n|switch|p2a: Flutter Mane|Flutter Mane, L50|100\/100\n|switch|p2b: Jumpluff|Jumpluff, L50, M, shiny|100\/100\n|turn|1\n|\n|t:|1683248702\n|move|p2b: Jumpluff|Rage Powder|p2b: Jumpluff\n|-singleturn|p2b: Jumpluff|move: Rage Powder\n|move|p1b: Childhaver|Follow Me|p1b: Childhaver\n|-singleturn|p1b: Childhaver|move: Follow Me\n|move|p1a: Orphanmaker|Rage Fist|p2b: Jumpluff\n|-damage|p2b: Jumpluff|76\/100\n|move|p2a: Flutter Mane|Trick Room|p2a: Flutter Mane\n|-fieldstart|move: Trick Room|[of] p2a: Flutter Mane\n|\n|upkeep\n|turn|2\n|inactive|MisoSoup_FGC has 30 seconds left.\n|inactive|MisoSoup_FGC has 20 seconds left.\n|inactive|MisoSoup_FGC has 15 seconds left.\n|inactive|MisoSoup_FGC has 10 seconds left.\n|\n|t:|1683248748\n|switch|p2b: Torkoal|Torkoal, L50, F|100\/100\n|-weather|SunnyDay|[from] ability: Drought|[of] p2b: Torkoal\n|-activate|p2a: Flutter Mane|ability: Protosynthesis\n|-start|p2a: Flutter Mane|protosynthesisspa\n|move|p1a: Orphanmaker|Protect|p1a: Orphanmaker\n|-singleturn|p1a: Orphanmaker|Protect\n|move|p2a: Flutter Mane|Substitute|p2a: Flutter Mane\n|-start|p2a: Flutter Mane|Substitute\n|-damage|p2a: Flutter Mane|76\/100\n|move|p1b: Childhaver|Encore|p2a: Flutter Mane\n|-start|p2a: Flutter Mane|Encore\n|\n|-weather|SunnyDay|[upkeep]\n|upkeep\n|turn|3\n|inactive|MisoSoup_FGC has 30 seconds left.\n|\n|t:|1683248777\n|-end|p2a: Flutter Mane|Protosynthesis|[silent]\n|switch|p2a: Chi-Yu|Chi-Yu, L50|100\/100\n|-ability|p2a: Chi-Yu|Beads of Ruin\n|-terastallize|p2b: Torkoal|Fire\n|-terastallize|p1a: Orphanmaker|Fire\n|move|p2b: Torkoal|Eruption|p1a: Orphanmaker|[spread] p1a,p1b\n|-resisted|p1a: Orphanmaker\n|-damage|p1a: Orphanmaker|50\/100\n|-damage|p1b: Childhaver|0 fnt\n|faint|p1b: Childhaver\n|move|p1a: Orphanmaker|Bulk Up|p1a: Orphanmaker\n|-boost|p1a: Orphanmaker|atk|1\n|-boost|p1a: Orphanmaker|def|1\n|\n|-weather|SunnyDay|[upkeep]\n|-heal|p1a: Orphanmaker|56\/100|[from] item: Leftovers\n|upkeep\n|\n|t:|1683248792\n|switch|p1b: Bullwinkle|Ting-Lu, L50|100\/100\n|-ability|p1b: Bullwinkle|Vessel of Ruin\n|turn|4\n|\n|t:|1683248807\n|move|p2b: Torkoal|Eruption|p1a: Orphanmaker|[spread] p1a,p1b\n|-resisted|p1a: Orphanmaker\n|-damage|p1a: Orphanmaker|6\/100\n|-damage|p1b: Bullwinkle|33\/100\n|move|p1b: Bullwinkle|Stomping Tantrum|p2b: Torkoal\n|-supereffective|p2b: Torkoal\n|-damage|p2b: Torkoal|56\/100\n|move|p1a: Orphanmaker|Drain Punch|p2a: Chi-Yu\n|-supereffective|p2a: Chi-Yu\n|-crit|p2a: Chi-Yu\n|-damage|p2a: Chi-Yu|0 fnt\n|-heal|p1a: Orphanmaker|44\/100|[from] drain|[of] p2a: Chi-Yu\n|faint|p2a: Chi-Yu\n|\n|-weather|SunnyDay|[upkeep]\n|-heal|p1a: Orphanmaker|50\/100|[from] item: Leftovers\n|upkeep\n|\n|t:|1683248822\n|switch|p2a: Flutter Mane|Flutter Mane, L50|76\/100\n|-activate|p2a: Flutter Mane|ability: Protosynthesis\n|-start|p2a: Flutter Mane|protosynthesisspa\n|turn|5\n|inactive|MisoSoup_FGC has 30 seconds left.\n|\n|t:|1683248850\n|move|p1a: Orphanmaker|Protect|p1a: Orphanmaker\n|-singleturn|p1a: Orphanmaker|Protect\n|move|p2b: Torkoal|Eruption|p1b: Bullwinkle|[spread] p1b\n|-activate|p1a: Orphanmaker|move: Protect\n|-damage|p1b: Bullwinkle|1\/100\n|move|p2a: Flutter Mane|Shadow Ball|p1a: Orphanmaker\n|-activate|p1a: Orphanmaker|move: Protect\n|move|p1b: Bullwinkle|Stomping Tantrum|p2b: Torkoal\n|-supereffective|p2b: Torkoal\n|-damage|p2b: Torkoal|16\/100\n|\n|-weather|SunnyDay|[upkeep]\n|-heal|p1a: Orphanmaker|57\/100|[from] item: Leftovers\n|-fieldend|move: Trick Room\n|upkeep\n|turn|6\n|inactive|MisoSoup_FGC has 30 seconds left.\n|\n|t:|1683248878\n|switch|p2b: Jumpluff|Jumpluff, L50, M, shiny|76\/100\n|move|p1a: Orphanmaker|Rage Fist|p2a: Flutter Mane\n|-supereffective|p2a: Flutter Mane\n|-damage|p2a: Flutter Mane|0 fnt\n|faint|p2a: Flutter Mane\n|-end|p2a: Flutter Mane|Protosynthesis|[silent]\n|move|p1b: Bullwinkle|Stomping Tantrum|p2b: Jumpluff\n|-immune|p2b: Jumpluff\n|\n|-weather|none\n|-heal|p1a: Orphanmaker|63\/100|[from] item: Leftovers\n|upkeep\n|\n|t:|1683248891\n|switch|p2a: Torkoal|Torkoal, L50, F, tera:Fire|16\/100\n|-weather|SunnyDay|[from] ability: Drought|[of] p2a: Torkoal\n|turn|7\n|inactive|MisoSoup_FGC has 30 seconds left.\n|\n|t:|1683248919\n|move|p2b: Jumpluff|Sleep Powder|p1a: Orphanmaker\n|-status|p1a: Orphanmaker|slp|[from] move: Sleep Powder\n|cant|p1a: Orphanmaker|slp\n|move|p1b: Bullwinkle|Stomping Tantrum|p2a: Torkoal\n|-supereffective|p2a: Torkoal\n|-damage|p2a: Torkoal|0 fnt\n|faint|p2a: Torkoal\n|\n|-weather|SunnyDay|[upkeep]\n|-heal|p1a: Orphanmaker|69\/100 slp|[from] item: Leftovers\n|upkeep\n|turn|8\n|\n|t:|1683248935\n|move|p2b: Jumpluff|Absorb|p1b: Bullwinkle\n|-supereffective|p1b: Bullwinkle\n|-damage|p1b: Bullwinkle|0 fnt\n|-heal|p2b: Jumpluff|76\/100|[from] drain|[of] p1b: Bullwinkle\n|faint|p1b: Bullwinkle\n|-curestatus|p1a: Orphanmaker|slp|[msg]\n|move|p1a: Orphanmaker|Rage Fist|p2b: Jumpluff\n|-damage|p2b: Jumpluff|0 fnt\n|faint|p2b: Jumpluff\n|\n|win|that_qtpi\n|raw|that_qtpi's rating: 1170 → 1202<\/strong> (+32 for winning)\n|raw|MisoSoup_FGC's rating: 1269 → 1237<\/strong> (-32 for losing)\n","uploadtime":1683248948,"views":7,"p1id":"thatqtpi","p2id":"misosoupfgc","formatid":"gen9vgc2023regulationc","rating":1202,"private":0,"password":""}