{"id":"gen9vgc2023regulationc-1856692801","p1":"rhysp1eces","p2":"hysaaron","format":"[Gen 9] VGC 2023 Regulation C","log":"|j|\u2606rhysp1eces\n|j|\u2606hysaaron\n|t:|1683095602\n|gametype|doubles\n|player|p1|rhysp1eces|marlon|1059\n|player|p2|hysaaron|266|1125\n|teamsize|p1|6\n|teamsize|p2|6\n|gen|9\n|tier|[Gen 9] VGC 2023 Regulation C\n|rated|\n|rule|Species Clause: Limit one of each Pok\u00e9mon\n|rule|Item Clause: Limit one of each item\n|clearpoke\n|poke|p1|Ting-Lu, L50|\n|poke|p1|Vivillon-Fancy, L50, F|\n|poke|p1|Iron Bundle, L50|\n|poke|p1|Abomasnow, L50, M|\n|poke|p1|Annihilape, L50, F|\n|poke|p1|Chien-Pao, L50|\n|poke|p2|Annihilape, L50, M|\n|poke|p2|Maushold, L50|\n|poke|p2|Ting-Lu, L50|\n|poke|p2|Amoonguss, L50, M|\n|poke|p2|Gholdengo, L50|\n|poke|p2|Gyarados, L50, M|\n|teampreview|4\n|inactive|Battle timer is ON: inactive players will automatically lose when time's up. (requested by rhysp1eces)\n|inactive|hysaaron has 60 seconds left.\n|\n|t:|1683095659\n|start\n|switch|p1a: Ting-Lu|Ting-Lu, L50|100\/100\n|switch|p1b: Vivillon|Vivillon-Fancy, L50, F|100\/100\n|switch|p2a: Maushold|Maushold, L50, shiny|100\/100\n|switch|p2b: Annihilape|Annihilape, L50, M, shiny|100\/100\n|-ability|p1a: Ting-Lu|Vessel of Ruin\n|turn|1\n|inactive|rhysp1eces has 30 seconds left.\n|inactive|hysaaron has 30 seconds left.\n|inactive|rhysp1eces has 20 seconds left.\n|\n|t:|1683095694\n|move|p2b: Annihilape|Protect|p2b: Annihilape\n|-singleturn|p2b: Annihilape|Protect\n|move|p1b: Vivillon|Rage Powder|p1b: Vivillon\n|-singleturn|p1b: Vivillon|move: Rage Powder\n|move|p2a: Maushold|Super Fang|p1a: Ting-Lu\n|-damage|p1a: Ting-Lu|51\/100\n|move|p1a: Ting-Lu|Earthquake|p2a: Maushold|[spread] p2a\n|-activate|p2b: Annihilape|move: Protect\n|-immune|p1b: Vivillon\n|-damage|p2a: Maushold|24\/100\n|\n|upkeep\n|turn|2\n|inactive|rhysp1eces has 30 seconds left.\n|inactive|hysaaron has 30 seconds left.\n|\n|t:|1683095729\n|move|p1b: Vivillon|Rage Powder|p1b: Vivillon\n|-singleturn|p1b: Vivillon|move: Rage Powder\n|move|p2a: Maushold|Beat Up|p2b: Annihilape\n|-damage|p2b: Annihilape|99\/100\n|-damage|p2b: Annihilape|97\/100\n|-damage|p2b: Annihilape|95\/100\n|-damage|p2b: Annihilape|93\/100\n|-hitcount|p2b: Annihilape|4\n|move|p2b: Annihilape|Rage Fist|p1b: Vivillon\n|-enditem|p1b: Vivillon|Focus Sash\n|-damage|p1b: Vivillon|1\/100\n|move|p1a: Ting-Lu|Earthquake|p2b: Annihilape|[spread] p2a,p2b\n|-immune|p1b: Vivillon\n|-damage|p2a: Maushold|0 fnt\n|-damage|p2b: Annihilape|49\/100\n|faint|p2a: Maushold\n|\n|-heal|p2b: Annihilape|56\/100|[from] item: Leftovers\n|upkeep\n|\n|t:|1683095749\n|switch|p2a: Amoonguss|Amoonguss, L50, M, shiny|100\/100\n|turn|3\n|\n|t:|1683095763\n|move|p2b: Annihilape|Protect|p2b: Annihilape\n|-singleturn|p2b: Annihilape|Protect\n|move|p1b: Vivillon|Safeguard|p1b: Vivillon\n|-sidestart|p1: rhysp1eces|Safeguard\n|move|p1a: Ting-Lu|Earthquake|p2a: Amoonguss|[spread] p2a\n|-activate|p2b: Annihilape|move: Protect\n|-immune|p1b: Vivillon\n|-damage|p2a: Amoonguss|58\/100\n|move|p2a: Amoonguss|Spore|p1a: Ting-Lu\n|-activate|p1a: Ting-Lu|move: Safeguard\n|\n|-heal|p2b: Annihilape|62\/100|[from] item: Leftovers\n|upkeep\n|turn|4\n|inactive|hysaaron has 30 seconds left.\n|\n|t:|1683095791\n|move|p1b: Vivillon|Rage Powder|p1b: Vivillon\n|-singleturn|p1b: Vivillon|move: Rage Powder\n|move|p2b: Annihilape|Bulk Up|p2b: Annihilape\n|-boost|p2b: Annihilape|atk|1\n|-boost|p2b: Annihilape|def|1\n|move|p1a: Ting-Lu|Earthquake|p2a: Amoonguss|[spread] p2a,p2b\n|-immune|p1b: Vivillon\n|-damage|p2a: Amoonguss|15\/100\n|-damage|p2b: Annihilape|24\/100\n|move|p2a: Amoonguss|Pollen Puff|p1b: Vivillon\n|-resisted|p1b: Vivillon\n|-damage|p1b: Vivillon|0 fnt\n|faint|p1b: Vivillon\n|\n|-heal|p2b: Annihilape|31\/100|[from] item: Leftovers\n|upkeep\n|\n|t:|1683095803\n|switch|p1b: Chien-Pao|Chien-Pao, L50|100\/100\n|-ability|p1b: Chien-Pao|Sword of Ruin\n|turn|5\n|inactive|hysaaron has 30 seconds left.\n|\n|t:|1683095836\n|switch|p1a: Annihilape|Annihilape, L50, F|100\/100\n|switch|p2a: Ting-Lu|Ting-Lu, L50|100\/100\n|-ability|p2a: Ting-Lu|Vessel of Ruin\n|move|p2b: Annihilape|Protect|p2b: Annihilape\n|-singleturn|p2b: Annihilape|Protect\n|move|p1b: Chien-Pao|Haze|p1b: Chien-Pao\n|-clearallboost\n|\n|-heal|p2b: Annihilape|37\/100|[from] item: Leftovers\n|upkeep\n|turn|6\n|inactive|hysaaron has 30 seconds left.\n|inactive|rhysp1eces has 30 seconds left.\n|inactive|hysaaron has 20 seconds left.\n|inactive|hysaaron has 15 seconds left.\n|inactive|hysaaron has 10 seconds left.\n|\n|t:|1683095885\n|switch|p2b: Amoonguss|Amoonguss, L50, M, shiny|48\/100\n|-terastallize|p2a: Ting-Lu|Poison\n|move|p1b: Chien-Pao|Sucker Punch||[still]\n|-fail|p1b: Chien-Pao\n|move|p1a: Annihilape|Close Combat|p2a: Ting-Lu\n|-resisted|p2a: Ting-Lu\n|-damage|p2a: Ting-Lu|75\/100\n|-unboost|p1a: Annihilape|def|1\n|-unboost|p1a: Annihilape|spd|1\n|move|p2a: Ting-Lu|Heavy Slam|p1b: Chien-Pao\n|-supereffective|p1b: Chien-Pao\n|-damage|p1b: Chien-Pao|31\/100\n|-enditem|p1b: Chien-Pao|Sitrus Berry|[eat]\n|-heal|p1b: Chien-Pao|56\/100|[from] item: Sitrus Berry\n|\n|upkeep\n|turn|7\n|inactive|rhysp1eces has 30 seconds left.\n|inactive|hysaaron has 30 seconds left.\n|inactive|rhysp1eces has 20 seconds left.\n|inactive|hysaaron has 20 seconds left.\n|inactive|rhysp1eces has 15 seconds left.\n|inactive|hysaaron has 15 seconds left.\n|inactive|hysaaron has 10 seconds left.\n|\n|t:|1683095931\n|switch|p1b: Ting-Lu|Ting-Lu, L50|51\/100\n|-ability|p1b: Ting-Lu|Vessel of Ruin\n|move|p2b: Amoonguss|Protect|p2b: Amoonguss\n|-singleturn|p2b: Amoonguss|Protect\n|move|p1a: Annihilape|Phantom Force||[still]\n|-prepare|p1a: Annihilape|Phantom Force\n|move|p2a: Ting-Lu|Throat Chop|p1a: Annihilape|[miss]\n|-miss|p2a: Ting-Lu|p1a: Annihilape\n|\n|-sideend|p1: rhysp1eces|Safeguard\n|upkeep\n|turn|8\n|inactive|rhysp1eces has 30 seconds left.\n|inactive|hysaaron has 30 seconds left.\n|\n|t:|1683095965\n|-terastallize|p1b: Ting-Lu|Ground\n|move|p1a: Annihilape|Phantom Force|p2b: Amoonguss|[from]lockedmove\n|-damage|p2b: Amoonguss|15\/100\n|-damage|p1a: Annihilape|84\/100|[from] item: Rocky Helmet|[of] p2b: Amoonguss\n|move|p1b: Ting-Lu|Earthquake|p2b: Amoonguss|[spread] p1a,p2a,p2b\n|-supereffective|p2a: Ting-Lu\n|-damage|p1a: Annihilape|0 fnt\n|-damage|p2a: Ting-Lu|0 fnt\n|-damage|p2b: Amoonguss|0 fnt\n|faint|p1a: Annihilape\n|faint|p2a: Ting-Lu\n|faint|p2b: Amoonguss\n|\n|upkeep\n|\n|t:|1683095980\n|switch|p1a: Chien-Pao|Chien-Pao, L50|56\/100\n|switch|p2b: Annihilape|Annihilape, L50, M, shiny|37\/100\n|-ability|p1a: Chien-Pao|Sword of Ruin\n|turn|9\n|\n|t:|1683095991\n|move|p2b: Annihilape|Protect|p2b: Annihilape\n|-singleturn|p2b: Annihilape|Protect\n|move|p1a: Chien-Pao|Sucker Punch||[still]\n|-fail|p1a: Chien-Pao\n|move|p1b: Ting-Lu|Earthquake|p2b: Annihilape|[spread] p1a\n|-activate|p2b: Annihilape|move: Protect\n|-damage|p1a: Chien-Pao|0 fnt\n|faint|p1a: Chien-Pao\n|\n|-heal|p2b: Annihilape|43\/100|[from] item: Leftovers\n|upkeep\n|turn|10\n|\n|t:|1683096007\n|move|p2b: Annihilape|Rage Fist|p1b: Ting-Lu\n|-damage|p1b: Ting-Lu|0 fnt\n|faint|p1b: Ting-Lu\n|\n|win|hysaaron\n|raw|rhysp1eces's rating: 1059 → 1044<\/strong> (-15 for losing)\n|raw|hysaaron's rating: 1125 → 1145<\/strong> (+20 for winning)\n|l|\u2606rhysp1eces\n","uploadtime":1683096014,"views":5,"p1id":"rhysp1eces","p2id":"hysaaron","formatid":"gen9vgc2023regulationc","rating":1044,"private":0,"password":""}