{"id":"gen9vgc2023regulationc-1858526789","p1":"WillieDangerously","p2":"yshshshsbsbsbshd","format":"[Gen 9] VGC 2023 Regulation C","log":"|j|\u2606WillieDangerously\n|j|\u2606yshshshsbsbsbshd\n|t:|1683321505\n|gametype|doubles\n|player|p1|WillieDangerously|psychic-gen4|1118\n|player|p2|yshshshsbsbsbshd|giovanni|1000\n|teamsize|p1|6\n|teamsize|p2|6\n|gen|9\n|tier|[Gen 9] VGC 2023 Regulation C\n|rated|\n|rule|Species Clause: Limit one of each Pok\u00e9mon\n|rule|Item Clause: Limit one of each item\n|clearpoke\n|poke|p1|Chien-Pao, L50|\n|poke|p1|Amoonguss, L50, M|\n|poke|p1|Palafin, L50, F|\n|poke|p1|Dragapult, L50, M|\n|poke|p1|Scream Tail, L50|\n|poke|p1|Arcanine, L50, M|\n|poke|p2|Tatsugiri, L50, M|\n|poke|p2|Dondozo, L50, F|\n|poke|p2|Wo-Chien, L50|\n|poke|p2|Glimmora, L50, M|\n|poke|p2|Iron Bundle, L50|\n|poke|p2|Chi-Yu, L50|\n|teampreview|4\n|\n|t:|1683321570\n|start\n|switch|p1a: Amoonguss|Amoonguss, L50, M|100\/100\n|switch|p1b: Palafin|Palafin, L50, F|100\/100\n|switch|p2a: Glimmora|Glimmora, L50, M, shiny|100\/100\n|switch|p2b: Chi-Yu|Chi-Yu, L50|100\/100\n|-ability|p2b: Chi-Yu|Beads of Ruin\n|turn|1\n|\n|t:|1683321613\n|-terastallize|p2a: Glimmora|Grass\n|-terastallize|p1a: Amoonguss|Fire\n|move|p2b: Chi-Yu|Heat Wave|p1b: Palafin|[spread] p1a,p1b\n|-resisted|p1a: Amoonguss\n|-resisted|p1b: Palafin\n|-damage|p1a: Amoonguss|81\/100\n|-damage|p1b: Palafin|61\/100\n|move|p1b: Palafin|Wave Crash|p2b: Chi-Yu\n|-supereffective|p2b: Chi-Yu\n|-enditem|p2b: Chi-Yu|Focus Sash\n|-damage|p2b: Chi-Yu|1\/100\n|-damage|p1b: Palafin|39\/100|[from] Recoil\n|move|p2a: Glimmora|Mortal Spin|p1a: Amoonguss|[spread] p1a,p1b\n|-damage|p1a: Amoonguss|77\/100\n|-damage|p1b: Palafin|33\/100\n|-status|p1a: Amoonguss|psn\n|-status|p1b: Palafin|psn\n|-damage|p2a: Glimmora|84\/100|[from] item: Rocky Helmet|[of] p1a: Amoonguss\n|move|p1a: Amoonguss|Spore|p2a: Glimmora\n|-immune|p2a: Glimmora\n|\n|-damage|p1b: Palafin|21\/100 psn|[from] psn\n|-damage|p1a: Amoonguss|64\/100 psn|[from] psn\n|upkeep\n|turn|2\n|\n|t:|1683321666\n|detailschange|p1b: Palafin|Palafin-Hero, L50, F\n|switch|p1b: Dragapult|Dragapult, L50, M|100\/100\n|move|p2b: Chi-Yu|Protect|p2b: Chi-Yu\n|-singleturn|p2b: Chi-Yu|Protect\n|move|p2a: Glimmora|Power Gem|p1a: Amoonguss\n|-supereffective|p1a: Amoonguss\n|-damage|p1a: Amoonguss|6\/100 psn\n|move|p1a: Amoonguss|Giga Drain|p2b: Chi-Yu\n|-activate|p2b: Chi-Yu|move: Protect\n|\n|-damage|p1a: Amoonguss|0 fnt|[from] psn\n|faint|p1a: Amoonguss\n|upkeep\n|\n|t:|1683321673\n|switch|p1a: Palafin|Palafin-Hero, L50, F|21\/100 psn\n|-activate|p1a: Palafin|ability: Zero to Hero\n|turn|3\n|\n|t:|1683321727\n|move|p2b: Chi-Yu|Protect||[still]\n|-fail|p2b: Chi-Yu\n|move|p1b: Dragapult|Dragon Darts|p2b: Chi-Yu\n|-damage|p2b: Chi-Yu|0 fnt\n|-anim|p1b: Dragapult|Dragon Darts|p2a: Glimmora\n|-damage|p2a: Glimmora|65\/100\n|-activate|p2a: Glimmora|ability: Toxic Debris\n|-sidestart|p1: WillieDangerously|move: Toxic Spikes\n|faint|p2b: Chi-Yu\n|move|p1a: Palafin|Ice Punch|p2a: Glimmora\n|-supereffective|p2a: Glimmora\n|-damage|p2a: Glimmora|13\/100\n|-activate|p2a: Glimmora|ability: Toxic Debris\n|-sidestart|p1: WillieDangerously|move: Toxic Spikes\n|move|p2a: Glimmora|Mortal Spin|p1a: Palafin|[spread] p1a,p1b\n|-resisted|p1b: Dragapult\n|-damage|p1a: Palafin|17\/100 psn\n|-damage|p1b: Dragapult|97\/100\n|-status|p1b: Dragapult|psn\n|\n|-damage|p1b: Dragapult|85\/100 psn|[from] psn\n|-damage|p1a: Palafin|5\/100 psn|[from] psn\n|upkeep\n|\n|t:|1683321767\n|switch|p2b: Wo-Chien|Wo-Chien, L50|100\/100\n|-ability|p2b: Wo-Chien|Tablets of Ruin\n|turn|4\n|\n|t:|1683321781\n|move|p2b: Wo-Chien|Protect|p2b: Wo-Chien\n|-singleturn|p2b: Wo-Chien|Protect\n|move|p1b: Dragapult|Dragon Darts|p2a: Glimmora\n|-damage|p2a: Glimmora|0 fnt\n|faint|p2a: Glimmora\n|move|p1a: Palafin|Close Combat|p2b: Wo-Chien\n|-activate|p2b: Wo-Chien|move: Protect\n|\n|-damage|p1b: Dragapult|73\/100 psn|[from] psn\n|-damage|p1a: Palafin|0 fnt|[from] psn\n|faint|p1a: Palafin\n|upkeep\n|\n|t:|1683321793\n|switch|p1a: Chien-Pao|Chien-Pao, L50|100\/100\n|switch|p2a: Iron Bundle|Iron Bundle, L50, shiny|100\/100\n|-status|p1a: Chien-Pao|tox\n|-ability|p1a: Chien-Pao|Sword of Ruin\n|-enditem|p2a: Iron Bundle|Booster Energy\n|-activate|p2a: Iron Bundle|ability: Quark Drive|[fromitem]\n|-start|p2a: Iron Bundle|quarkdrivespe\n|turn|5\n|\n|t:|1683321838\n|move|p2a: Iron Bundle|Protect|p2a: Iron Bundle\n|-singleturn|p2a: Iron Bundle|Protect\n|move|p1b: Dragapult|Protect|p1b: Dragapult\n|-singleturn|p1b: Dragapult|Protect\n|move|p1a: Chien-Pao|Ice Spinner|p2b: Wo-Chien\n|-supereffective|p2b: Wo-Chien\n|-damage|p2b: Wo-Chien|22\/100\n|-enditem|p2b: Wo-Chien|Sitrus Berry|[eat]\n|-heal|p2b: Wo-Chien|47\/100|[from] item: Sitrus Berry\n|move|p2b: Wo-Chien|Leech Seed|p1a: Chien-Pao\n|-start|p1a: Chien-Pao|move: Leech Seed\n|\n|-damage|p1a: Chien-Pao|88\/100 tox|[from] Leech Seed|[of] p2b: Wo-Chien\n|-heal|p2b: Wo-Chien|57\/100|[silent]\n|-damage|p1b: Dragapult|61\/100 psn|[from] psn\n|-damage|p1a: Chien-Pao|82\/100 tox|[from] psn\n|upkeep\n|turn|6\n|\n|t:|1683321860\n|move|p2b: Wo-Chien|Protect|p2b: Wo-Chien\n|-singleturn|p2b: Wo-Chien|Protect\n|move|p2a: Iron Bundle|Freeze-Dry|p1b: Dragapult\n|-supereffective|p1b: Dragapult\n|-damage|p1b: Dragapult|0 fnt\n|faint|p1b: Dragapult\n|move|p1a: Chien-Pao|Crunch|p2a: Iron Bundle\n|-damage|p2a: Iron Bundle|55\/100\n|-unboost|p2a: Iron Bundle|def|1\n|\n|-damage|p1a: Chien-Pao|70\/100 tox|[from] Leech Seed|[of] p2b: Wo-Chien\n|-heal|p2b: Wo-Chien|66\/100|[silent]\n|-damage|p1a: Chien-Pao|59\/100 tox|[from] psn\n|upkeep\n|turn|7\n|\n|t:|1683321891\n|move|p2a: Iron Bundle|Freeze-Dry|p1a: Chien-Pao\n|-resisted|p1a: Chien-Pao\n|-damage|p1a: Chien-Pao|28\/100 tox\n|move|p1a: Chien-Pao|Crunch|p2a: Iron Bundle\n|-damage|p2a: Iron Bundle|0 fnt\n|faint|p2a: Iron Bundle\n|-end|p2a: Iron Bundle|Quark Drive|[silent]\n|move|p2b: Wo-Chien|Pollen Puff|p2: Iron Bundle|[notarget]\n|-fail|p2b: Wo-Chien\n|\n|-damage|p1a: Chien-Pao|16\/100 tox|[from] Leech Seed|[of] p2b: Wo-Chien\n|-heal|p2b: Wo-Chien|76\/100|[silent]\n|-damage|p1a: Chien-Pao|0 fnt|[from] psn\n|faint|p1a: Chien-Pao\n|\n|win|yshshshsbsbsbshd\n|upkeep\n|raw|WillieDangerously's rating: 1118 → 1085<\/strong> (-33 for losing)\n|raw|yshshshsbsbsbshd's rating: 1000 → 1053<\/strong> (+53 for winning)\n","uploadtime":1683321898,"views":6,"p1id":"williedangerously","p2id":"yshshshsbsbsbshd","formatid":"gen9vgc2023regulationc","rating":1053,"private":0,"password":""}