{"id":"gen9vgc2023regulationc-1848339250","p1":"Fregd","p2":"seedroll","format":"[Gen 9] VGC 2023 Regulation C","log":"|j|\u2606Fregd\n|j|\u2606seedroll\n|t:|1682063167\n|gametype|doubles\n|player|p1|Fregd|marnie-league|1063\n|player|p2|seedroll|1|1000\n|teamsize|p1|6\n|teamsize|p2|6\n|gen|9\n|tier|[Gen 9] VGC 2023 Regulation C\n|rated|\n|rule|Species Clause: Limit one of each Pok\u00e9mon\n|rule|Item Clause: Limit one of each item\n|clearpoke\n|poke|p1|Chi-Yu, L50|\n|poke|p1|Flutter Mane, L50|\n|poke|p1|Meowscarada, L50, M|\n|poke|p1|Garganacl, L50, F|\n|poke|p1|Dachsbun, L50, M|\n|poke|p1|Ting-Lu, L50|\n|poke|p2|Arcanine, L50, F|\n|poke|p2|Corviknight, L50, F|\n|poke|p2|Flutter Mane, L50|\n|poke|p2|Palafin, L50, M|\n|poke|p2|Amoonguss, L50, F|\n|poke|p2|Ting-Lu, L50|\n|teampreview|4\n|inactive|Battle timer is ON: inactive players will automatically lose when time's up. (requested by seedroll)\nseedroll has agreed to open team sheets.\n|inactive|seedroll has 60 seconds left.\n|\n|t:|1682063208\n|start\n|switch|p1a: Chi-Yu|Chi-Yu, L50|100\/100\n|switch|p1b: Dachsbun|Dachsbun, L50, M|100\/100\n|switch|p2a: Palafin|Palafin, L50, M|100\/100\n|switch|p2b: Ting-Lu|Ting-Lu, L50|100\/100\n|-ability|p1a: Chi-Yu|Beads of Ruin\n|-ability|p2b: Ting-Lu|Vessel of Ruin\n|turn|1\n|\n|t:|1682063232\n|detailschange|p2a: Palafin|Palafin-Hero, L50, M\n|switch|p2a: Arcanine|Arcanine, L50, F|100\/100\n|-ability|p2a: Arcanine|Intimidate|boost\n|-unboost|p1a: Chi-Yu|atk|1\n|-unboost|p1b: Dachsbun|atk|1\n|move|p1a: Chi-Yu|Lava Plume|p2a: Arcanine|[spread] p2a,p2b\n|-ability|p1b: Dachsbun|Well-Baked Body|boost\n|-boost|p1b: Dachsbun|def|2\n|-resisted|p2a: Arcanine\n|-damage|p2a: Arcanine|81\/100\n|-damage|p2b: Ting-Lu|82\/100\n|-status|p2b: Ting-Lu|brn\n|-damage|p1a: Chi-Yu|90\/100|[from] item: Life Orb\n|move|p1b: Dachsbun|Play Rough|p2b: Ting-Lu\n|-supereffective|p2b: Ting-Lu\n|-damage|p2b: Ting-Lu|59\/100 brn\n|move|p2b: Ting-Lu|Stomping Tantrum|p1a: Chi-Yu\n|-supereffective|p1a: Chi-Yu\n|-damage|p1a: Chi-Yu|33\/100\n|\n|-damage|p2b: Ting-Lu|52\/100 brn|[from] brn\n|upkeep\n|turn|2\n|inactive|Fregd has 30 seconds left.\n|inactive|seedroll has 30 seconds left.\n|\n|t:|1682063265\n|switch|p2b: Corviknight|Corviknight, L50, F|100\/100\n|move|p2a: Arcanine|Extreme Speed|p1a: Chi-Yu\n|-damage|p1a: Chi-Yu|0 fnt\n|faint|p1a: Chi-Yu\n|move|p1b: Dachsbun|Play Rough|p2b: Corviknight\n|-resisted|p2b: Corviknight\n|-damage|p2b: Corviknight|92\/100\n|-ability|p2b: Corviknight|Mirror Armor\n|-unboost|p1b: Dachsbun|atk|1\n|\n|upkeep\n|\n|t:|1682063285\n|switch|p1a: Meowscarada|Meowscarada, L50, M|100\/100\n|turn|3\n|\n|t:|1682063307\n|move|p1a: Meowscarada|Knock Off|p2a: Arcanine\n|-damage|p2a: Arcanine|29\/100\n|-enditem|p2a: Arcanine|Safety Goggles|[from] move: Knock Off|[of] p1a: Meowscarada\n|move|p1b: Dachsbun|Baton Pass|p1b: Dachsbun\n|\n|t:|1682063315\n|switch|p1b: Flutter Mane|Flutter Mane, L50|100\/100|[from] Baton Pass\n|-enditem|p1b: Flutter Mane|Booster Energy\n|-activate|p1b: Flutter Mane|ability: Protosynthesis|[fromitem]\n|-start|p1b: Flutter Mane|protosynthesisspe\n|move|p2a: Arcanine|Will-O-Wisp|p1a: Meowscarada|[miss]\n|-miss|p2a: Arcanine|p1a: Meowscarada\n|move|p2b: Corviknight|Bulk Up|p2b: Corviknight\n|-boost|p2b: Corviknight|atk|1\n|-boost|p2b: Corviknight|def|1\n|\n|upkeep\n|turn|4\n|inactive|seedroll has 30 seconds left.\n|\n|t:|1682063349\n|move|p2a: Arcanine|Extreme Speed|p1a: Meowscarada\n|-damage|p1a: Meowscarada|65\/100\n|move|p1b: Flutter Mane|Mystical Fire|p2b: Corviknight\n|-supereffective|p2b: Corviknight\n|-damage|p2b: Corviknight|50\/100\n|-ability|p2b: Corviknight|Mirror Armor\n|-unboost|p1b: Flutter Mane|spa|1\n|move|p1a: Meowscarada|Knock Off|p2a: Arcanine\n|-damage|p2a: Arcanine|0 fnt\n|faint|p2a: Arcanine\n|move|p2b: Corviknight|Brave Bird|p1a: Meowscarada\n|-supereffective|p1a: Meowscarada\n|-damage|p1a: Meowscarada|0 fnt\n|faint|p1a: Meowscarada\n|-damage|p2b: Corviknight|34\/100|[from] Recoil\n|\n|upkeep\n|\n|t:|1682063363\n|switch|p1a: Dachsbun|Dachsbun, L50, M|100\/100\n|switch|p2a: Palafin|Palafin-Hero, L50, M|100\/100\n|-activate|p2a: Palafin|ability: Zero to Hero\n|turn|5\n|inactive|seedroll has 30 seconds left.\n|\n|t:|1682063390\n|-terastallize|p2b: Corviknight|Dragon\n|move|p1b: Flutter Mane|Protect|p1b: Flutter Mane\n|-singleturn|p1b: Flutter Mane|Protect\n|move|p1a: Dachsbun|Fire Fang|p2b: Corviknight\n|-resisted|p2b: Corviknight\n|-damage|p2b: Corviknight|30\/100\n|-status|p2b: Corviknight|brn\n|move|p2a: Palafin|Wave Crash|p1b: Flutter Mane\n|-activate|p1b: Flutter Mane|move: Protect\n|move|p2b: Corviknight|Roost|p2b: Corviknight\n|-heal|p2b: Corviknight|80\/100 brn\n|\n|-damage|p2b: Corviknight|75\/100 brn|[from] brn\n|upkeep\n|turn|6\n|inactive|Fregd has 30 seconds left.\n|\n|t:|1682063417\n|switch|p2b: Ting-Lu|Ting-Lu, L50|52\/100 brn\n|-ability|p2b: Ting-Lu|Vessel of Ruin\n|move|p1b: Flutter Mane|Dazzling Gleam|p2b: Ting-Lu|[spread] p2a,p2b\n|-supereffective|p2b: Ting-Lu\n|-damage|p2a: Palafin|85\/100\n|-damage|p2b: Ting-Lu|39\/100 brn\n|move|p1a: Dachsbun|Crunch|p2a: Palafin\n|-damage|p2a: Palafin|67\/100\n|-unboost|p2a: Palafin|def|1\n|move|p2a: Palafin|Wave Crash|p1b: Flutter Mane\n|-damage|p1b: Flutter Mane|1\/100\n|-damage|p2a: Palafin|45\/100|[from] Recoil\n|\n|-damage|p2b: Ting-Lu|32\/100 brn|[from] brn\n|upkeep\n|turn|7\n|-message|Fregd forfeited.\n|\n|win|seedroll\n|raw|Fregd's rating: 1063 → 1040<\/strong> (-23 for losing)\n|raw|seedroll's rating: 1000 → 1047<\/strong> (+47 for winning)\n|l|\u2606Fregd\n","uploadtime":1682063436,"views":8,"p1id":"fregd","p2id":"seedroll","formatid":"gen9vgc2023regulationc","rating":1040,"private":0,"password":""}