{"id":"gen9vgc2023regulationc-1859137607","p1":"ELFRAN132","p2":"garbinho","format":"[Gen 9] VGC 2023 Regulation C","log":"|j|\u2606ELFRAN132\n|j|\u2606garbinho\n|t:|1683408982\n|gametype|doubles\n|player|p1|ELFRAN132|170|1199\n|player|p2|garbinho|169|1170\n|teamsize|p1|6\n|teamsize|p2|6\n|gen|9\n|tier|[Gen 9] VGC 2023 Regulation C\n|rated|\n|rule|Species Clause: Limit one of each Pok\u00e9mon\n|rule|Item Clause: Limit one of each item\n|clearpoke\n|poke|p1|Iron Hands, L50|\n|poke|p1|Drifblim, L50, F|\n|poke|p1|Amoonguss, L50, F|\n|poke|p1|Flutter Mane, L50|\n|poke|p1|Tatsugiri, L50, F|\n|poke|p1|Kingambit, L50, M|\n|poke|p2|Murkrow, L50, F|\n|poke|p2|Umbreon, L50, M|\n|poke|p2|Tyranitar, L50, F|\n|poke|p2|Scizor, L50, M|\n|poke|p2|Espeon, L50, M|\n|poke|p2|Azumarill, L50, F|\n|teampreview|4\nELFRAN132 has agreed to open team sheets.\n|inactive|Battle timer is ON: inactive players will automatically lose when time's up. (requested by garbinho)\ngarbinho has agreed to open team sheets.\n|inactive|ELFRAN132 has 60 seconds left.\n|\n|t:|1683409059\n|start\n|switch|p1a: Iron Hands|Iron Hands, L50|100\/100\n|switch|p1b: Drifblim|Drifblim, L50, F|100\/100\n|switch|p2a: Murkrow|Murkrow, L50, F|100\/100\n|switch|p2b: Tyranitar|Tyranitar, L50, F|100\/100\n|-weather|Sandstorm|[from] ability: Sand Stream|[of] p2b: Tyranitar\n|turn|1\n|inactive|garbinho has 30 seconds left.\n|\n|t:|1683409087\n|move|p1a: Iron Hands|Fake Out|p2a: Murkrow\n|-damage|p2a: Murkrow|80\/100\n|cant|p2a: Murkrow|flinch\n|move|p1b: Drifblim|Tailwind|p1b: Drifblim\n|-sidestart|p1: ELFRAN132|move: Tailwind\n|move|p2b: Tyranitar|Earthquake|p1b: Drifblim|[spread] p1a\n|-immune|p2a: Murkrow\n|-immune|p1b: Drifblim\n|-supereffective|p1a: Iron Hands\n|-damage|p1a: Iron Hands|42\/100\n|-damage|p2b: Tyranitar|91\/100|[from] item: Life Orb\n|\n|-weather|Sandstorm|[upkeep]\n|-damage|p1b: Drifblim|94\/100|[from] Sandstorm\n|-damage|p1a: Iron Hands|36\/100|[from] Sandstorm\n|-damage|p2a: Murkrow|74\/100|[from] Sandstorm\n|upkeep\n|turn|2\n|inactive|ELFRAN132 has 30 seconds left.\n|inactive|ELFRAN132 has 20 seconds left.\n|inactive|ELFRAN132 has 15 seconds left.\n|inactive|ELFRAN132 has 10 seconds left.\n|inactive|ELFRAN132 has 5 seconds left.\n|\n|t:|1683409139\n|move|p2a: Murkrow|Taunt|p1b: Drifblim\n|-start|p1b: Drifblim|move: Taunt\n|cant|p1b: Drifblim|move: Taunt|Strength Sap\n|move|p1a: Iron Hands|Volt Switch|p2a: Murkrow\n|-supereffective|p2a: Murkrow\n|-damage|p2a: Murkrow|49\/100\n|\n|t:|1683409149\n|-end|p1a: Iron Hands|Quark Drive|[silent]\n|switch|p1a: Tatsugiri|Tatsugiri, L50, F|100\/100|[from] Volt Switch\n|move|p2b: Tyranitar|Earthquake|p1b: Drifblim|[spread] p1a\n|-immune|p2a: Murkrow\n|-immune|p1b: Drifblim\n|-damage|p1a: Tatsugiri|25\/100\n|-damage|p2b: Tyranitar|81\/100|[from] item: Life Orb\n|\n|-weather|Sandstorm|[upkeep]\n|-damage|p1a: Tatsugiri|19\/100|[from] Sandstorm\n|-damage|p1b: Drifblim|88\/100|[from] Sandstorm\n|-damage|p2a: Murkrow|43\/100|[from] Sandstorm\n|upkeep\n|turn|3\n|\n|t:|1683409170\n|switch|p1b: Iron Hands|Iron Hands, L50|36\/100\n|move|p2a: Murkrow|Tailwind|p2a: Murkrow\n|-sidestart|p2: garbinho|move: Tailwind\n|move|p1a: Tatsugiri|Muddy Water|p2b: Tyranitar|[spread] p2b\n|-miss|p1a: Tatsugiri|p2a: Murkrow\n|-supereffective|p2b: Tyranitar\n|-crit|p2b: Tyranitar\n|-damage|p2b: Tyranitar|20\/100\n|move|p2b: Tyranitar|Dragon Claw|p1a: Tatsugiri\n|-supereffective|p1a: Tatsugiri\n|-damage|p1a: Tatsugiri|0 fnt\n|faint|p1a: Tatsugiri\n|-damage|p2b: Tyranitar|11\/100|[from] item: Life Orb\n|\n|-weather|Sandstorm|[upkeep]\n|-damage|p2a: Murkrow|37\/100|[from] Sandstorm\n|-damage|p1b: Iron Hands|30\/100|[from] Sandstorm\n|upkeep\n|\n|t:|1683409187\n|switch|p1a: Flutter Mane|Flutter Mane, L50|100\/100\n|-enditem|p1a: Flutter Mane|Booster Energy\n|-activate|p1a: Flutter Mane|ability: Protosynthesis|[fromitem]\n|-start|p1a: Flutter Mane|protosynthesisspa\n|turn|4\n|\n|t:|1683409211\n|move|p2a: Murkrow|Protect|p2a: Murkrow\n|-singleturn|p2a: Murkrow|Protect\n|move|p2b: Tyranitar|Protect|p2b: Tyranitar\n|-singleturn|p2b: Tyranitar|Protect\n|move|p1b: Iron Hands|Fake Out|p2a: Murkrow\n|-activate|p2a: Murkrow|move: Protect\n|move|p1a: Flutter Mane|Dazzling Gleam|p2b: Tyranitar|[spread] \n|-activate|p2a: Murkrow|move: Protect\n|-activate|p2b: Tyranitar|move: Protect\n|\n|-weather|Sandstorm|[upkeep]\n|-damage|p1a: Flutter Mane|95\/100|[from] Sandstorm\n|-damage|p2a: Murkrow|31\/100|[from] Sandstorm\n|-damage|p1b: Iron Hands|24\/100|[from] Sandstorm\n|-sideend|p1: ELFRAN132|move: Tailwind\n|upkeep\n|turn|5\n|inactive|garbinho has 30 seconds left.\n|inactive|garbinho has 20 seconds left.\n|\n|t:|1683409249\n|-end|p1b: Iron Hands|Quark Drive|[silent]\n|switch|p1b: Drifblim|Drifblim, L50, F|88\/100\n|move|p2a: Murkrow|Protect|p2a: Murkrow\n|-singleturn|p2a: Murkrow|Protect\n|move|p1a: Flutter Mane|Protect|p1a: Flutter Mane\n|-singleturn|p1a: Flutter Mane|Protect\n|move|p2b: Tyranitar|Earthquake|p1a: Flutter Mane|[spread] \n|-activate|p2a: Murkrow|move: Protect\n|-activate|p1a: Flutter Mane|move: Protect\n|-immune|p1b: Drifblim\n|\n|-weather|none\n|upkeep\n|turn|6\n|\n|t:|1683409266\n|switch|p1b: Iron Hands|Iron Hands, L50|24\/100\n|move|p2a: Murkrow|Taunt|p1b: Iron Hands\n|-start|p1b: Iron Hands|move: Taunt\n|move|p1a: Flutter Mane|Dazzling Gleam|p2a: Murkrow|[spread] p2a,p2b\n|-supereffective|p2a: Murkrow\n|-supereffective|p2b: Tyranitar\n|-damage|p2a: Murkrow|0 fnt\n|-damage|p2b: Tyranitar|0 fnt\n|faint|p2a: Murkrow\n|faint|p2b: Tyranitar\n|\n|-sideend|p2: garbinho|move: Tailwind\n|upkeep\n|\n|t:|1683409278\n|switch|p2a: Scizor|Scizor, L50, M|100\/100\n|switch|p2b: Espeon|Espeon, L50, M|100\/100\n|turn|7\n|\n|t:|1683409301\n|-terastallize|p1a: Flutter Mane|Water\n|move|p1b: Iron Hands|Fake Out|p2a: Scizor\n|-resisted|p2a: Scizor\n|-damage|p2a: Scizor|93\/100\n|move|p1a: Flutter Mane|Shadow Ball|p2b: Espeon\n|-supereffective|p2b: Espeon\n|-damage|p2b: Espeon|0 fnt\n|faint|p2b: Espeon\n|cant|p2a: Scizor|flinch\n|\n|upkeep\n|turn|8\n|inactive|garbinho has 30 seconds left.\n|\n|t:|1683409327\n|move|p1a: Flutter Mane|Shadow Ball|p2a: Scizor\n|-damage|p2a: Scizor|25\/100\n|-unboost|p2a: Scizor|spd|1\n|move|p2a: Scizor|X-Scissor|p1a: Flutter Mane\n|-damage|p1a: Flutter Mane|8\/100\n|move|p1b: Iron Hands|Drain Punch|p2a: Scizor\n|-damage|p2a: Scizor|0 fnt\n|-heal|p1b: Iron Hands|34\/100|[from] drain|[of] p2a: Scizor\n|faint|p2a: Scizor\n|\n|win|ELFRAN132\n|raw|ELFRAN132's rating: 1199 → 1222<\/strong> (+23 for winning)\n|raw|garbinho's rating: 1170 → 1147<\/strong> (-23 for losing)\n|l|\u2606garbinho\n","uploadtime":1683409366,"views":8,"p1id":"elfran132","p2id":"garbinho","formatid":"gen9vgc2023regulationc","rating":1147,"private":0,"password":""}