{"id":"gen9vgc2023regulationc-1854933299","p1":"SpyroStudios","p2":"Philzkidd","format":"[Gen 9] VGC 2023 Regulation C","log":"|j|\u2606SpyroStudios\n|j|\u2606Philzkidd\n|t:|1682882287\n|gametype|doubles\n|player|p1|SpyroStudios|steven|1193\n|player|p2|Philzkidd|170|1113\n|teamsize|p1|6\n|teamsize|p2|6\n|gen|9\n|tier|[Gen 9] VGC 2023 Regulation C\n|rated|\n|rule|Species Clause: Limit one of each Pok\u00e9mon\n|rule|Item Clause: Limit one of each item\n|clearpoke\n|poke|p1|Palafin, L50, F|\n|poke|p1|Flutter Mane, L50|\n|poke|p1|Arcanine, L50, M|\n|poke|p1|Amoonguss, L50, M|\n|poke|p1|Ting-Lu, L50|\n|poke|p1|Roaring Moon, L50|\n|poke|p2|Maushold, L50|\n|poke|p2|Gholdengo, L50|\n|poke|p2|Annihilape, L50, F|\n|poke|p2|Iron Bundle, L50|\n|poke|p2|Arcanine, L50, F|\n|poke|p2|Roaring Moon, L50|\n|teampreview|4\n|inactive|Battle timer is ON: inactive players will automatically lose when time's up. (requested by SpyroStudios)\n|c|\u2606SpyroStudios|glhf\n|inactive|SpyroStudios has 60 seconds left.\nPhilzkidd has agreed to open team sheets.\nSpyroStudios has agreed to open team sheets.\n|c|\u2606Philzkidd|tru\n|inactive|Philzkidd has 60 seconds left.\n|inactive|SpyroStudios has 30 seconds left.\n|inactive|SpyroStudios has 20 seconds left.\n|inactive|SpyroStudios has 15 seconds left.\n|\n|t:|1682882367\n|start\n|switch|p1a: Arcanine|Arcanine, L50, M|100\/100\n|switch|p1b: Flutter Mane|Flutter Mane, L50|100\/100\n|switch|p2a: Maushold|Maushold, L50|100\/100\n|switch|p2b: Gholdengo|Gholdengo, L50|100\/100\n|-ability|p1a: Arcanine|Intimidate|boost\n|-unboost|p2a: Maushold|atk|1\n|-unboost|p2b: Gholdengo|atk|1\n|turn|1\n|\n|t:|1682882382\n|move|p2a: Maushold|Follow Me|p2a: Maushold\n|-singleturn|p2a: Maushold|move: Follow Me\n|move|p1b: Flutter Mane|Moonblast|p2a: Maushold\n|-damage|p2a: Maushold|23\/100\n|move|p1a: Arcanine|Flare Blitz|p2a: Maushold\n|-damage|p2a: Maushold|0 fnt\n|faint|p2a: Maushold\n|-damage|p1a: Arcanine|94\/100|[from] Recoil\n|move|p2b: Gholdengo|Nasty Plot|p2b: Gholdengo\n|-boost|p2b: Gholdengo|spa|2\n|\n|upkeep\n|\n|t:|1682882394\n|switch|p2a: Annihilape|Annihilape, L50, F|100\/100\n|turn|2\n|inactive|Philzkidd has 30 seconds left.\n|\n|t:|1682882422\n|-terastallize|p1b: Flutter Mane|Fairy\n|-terastallize|p2b: Gholdengo|Water\n|move|p2a: Annihilape|Protect|p2a: Annihilape\n|-singleturn|p2a: Annihilape|Protect\n|move|p1b: Flutter Mane|Moonblast|p2a: Annihilape\n|-activate|p2a: Annihilape|move: Protect\n|move|p1a: Arcanine|Flare Blitz|p2b: Gholdengo\n|-resisted|p2b: Gholdengo\n|-damage|p2b: Gholdengo|78\/100\n|-damage|p1a: Arcanine|86\/100|[from] Recoil\n|move|p2b: Gholdengo|Shadow Ball|p1b: Flutter Mane\n|-damage|p1b: Flutter Mane|19\/100\n|\n|-heal|p2b: Gholdengo|84\/100|[from] item: Leftovers\n|upkeep\n|turn|3\n|inactive|Philzkidd has 30 seconds left.\n|inactive|Philzkidd has 20 seconds left.\n|inactive|Philzkidd has 15 seconds left.\n|inactive|Philzkidd has 10 seconds left.\n|\n|t:|1682882471\n|switch|p1a: Palafin|Palafin, L50, F|100\/100\n|move|p1b: Flutter Mane|Moonblast|p2a: Annihilape\n|-supereffective|p2a: Annihilape\n|-damage|p2a: Annihilape|0 fnt\n|faint|p2a: Annihilape\n|move|p2b: Gholdengo|Make It Rain|p1b: Flutter Mane|[spread] p1a,p1b\n|-resisted|p1a: Palafin\n|-supereffective|p1b: Flutter Mane\n|-damage|p1a: Palafin|47\/100\n|-damage|p1b: Flutter Mane|0 fnt\n|-unboost|p2b: Gholdengo|spa|1\n|faint|p1b: Flutter Mane\n|-end|p1b: Flutter Mane|Protosynthesis|[silent]\n|\n|-heal|p2b: Gholdengo|90\/100|[from] item: Leftovers\n|upkeep\n|inactive|Philzkidd has 30 seconds left.\n|inactive|Philzkidd has 20 seconds left.\n|\n|t:|1682882508\n|switch|p1b: Roaring Moon|Roaring Moon, L50|100\/100\n|switch|p2a: Roaring Moon|Roaring Moon, L50|100\/100\n|-enditem|p2a: Roaring Moon|Booster Energy\n|-activate|p2a: Roaring Moon|ability: Protosynthesis|[fromitem]\n|-start|p2a: Roaring Moon|protosynthesisspe\n|-enditem|p1b: Roaring Moon|Booster Energy\n|-activate|p1b: Roaring Moon|ability: Protosynthesis|[fromitem]\n|-start|p1b: Roaring Moon|protosynthesisatk\n|turn|4\n|\n|t:|1682882528\n|move|p2b: Gholdengo|Protect|p2b: Gholdengo\n|-singleturn|p2b: Gholdengo|Protect\n|move|p1a: Palafin|Jet Punch|p2a: Roaring Moon\n|-resisted|p2a: Roaring Moon\n|-damage|p2a: Roaring Moon|84\/100\n|move|p2a: Roaring Moon|Breaking Swipe|p1a: Palafin|[spread] p1a,p1b\n|-supereffective|p1b: Roaring Moon\n|-damage|p1a: Palafin|19\/100\n|-damage|p1b: Roaring Moon|36\/100\n|-unboost|p1a: Palafin|atk|1\n|-unboost|p1b: Roaring Moon|atk|1\n|move|p1b: Roaring Moon|Acrobatics|p2a: Roaring Moon\n|-crit|p2a: Roaring Moon\n|-damage|p2a: Roaring Moon|0 fnt\n|faint|p2a: Roaring Moon\n|-end|p2a: Roaring Moon|Protosynthesis|[silent]\n|\n|-heal|p2b: Gholdengo|96\/100|[from] item: Leftovers\n|upkeep\n|turn|5\n|inactive|Philzkidd has 30 seconds left.\n|\n|t:|1682882558\n|move|p1b: Roaring Moon|Acrobatics|p2b: Gholdengo\n|-damage|p2b: Gholdengo|62\/100\n|move|p2b: Gholdengo|Make It Rain|p1a: Palafin|[spread] p1a,p1b\n|-resisted|p1a: Palafin\n|-damage|p1a: Palafin|0 fnt\n|-damage|p1b: Roaring Moon|0 fnt\n|-unboost|p2b: Gholdengo|spa|1\n|faint|p1a: Palafin\n|faint|p1b: Roaring Moon\n|-end|p1b: Roaring Moon|Protosynthesis|[silent]\n|\n|-heal|p2b: Gholdengo|68\/100|[from] item: Leftovers\n|upkeep\n|\n|t:|1682882565\n|switch|p1b: Arcanine|Arcanine, L50, M|86\/100\n|-ability|p1b: Arcanine|Intimidate|boost\n|-unboost|p2b: Gholdengo|atk|1\n|turn|6\n|inactive|Philzkidd has 30 seconds left.\n|\n|t:|1682882593\n|move|p1b: Arcanine|Extreme Speed|p2b: Gholdengo\n|-damage|p2b: Gholdengo|46\/100\n|move|p2b: Gholdengo|Shadow Ball|p1b: Arcanine\n|-damage|p1b: Arcanine|48\/100\n|\n|-heal|p2b: Gholdengo|52\/100|[from] item: Leftovers\n|upkeep\n|turn|7\n|\n|t:|1682882618\n|move|p1b: Arcanine|Flare Blitz|p2b: Gholdengo\n|-resisted|p2b: Gholdengo\n|-damage|p2b: Gholdengo|29\/100\n|-damage|p1b: Arcanine|40\/100|[from] Recoil\n|move|p2b: Gholdengo|Shadow Ball|p1b: Arcanine\n|-crit|p1b: Arcanine\n|-damage|p1b: Arcanine|0 fnt\n|faint|p1b: Arcanine\n|\n|win|Philzkidd\n|raw|SpyroStudios's rating: 1193 → 1162<\/strong> (-31 for losing)\n|raw|Philzkidd's rating: 1113 → 1144<\/strong> (+31 for winning)\n|c|\u2606SpyroStudios|gg wp\n|l|\u2606SpyroStudios\n","uploadtime":1682884542,"views":15,"p1id":"spyrostudios","p2id":"philzkidd","formatid":"gen9vgc2023regulationc","rating":1144,"private":0,"password":""}