{"id":"gen9vgc2023regulationc-1857863361","p1":"Arcacagne","p2":"fabiobl7","format":"[Gen 9] VGC 2023 Regulation C","log":"|j|\u2606Arcacagne\n|j|\u2606fabiobl7\n|t:|1683240272\n|gametype|doubles\n|player|p1|Arcacagne|170|1210\n|player|p2|fabiobl7|1|1269\n|teamsize|p1|6\n|teamsize|p2|6\n|gen|9\n|tier|[Gen 9] VGC 2023 Regulation C\n|rated|\n|rule|Species Clause: Limit one of each Pok\u00e9mon\n|rule|Item Clause: Limit one of each item\n|clearpoke\n|poke|p1|Flutter Mane, L50|\n|poke|p1|Chien-Pao, L50|\n|poke|p1|Dragapult, L50, M|\n|poke|p1|Arcanine, L50, M|\n|poke|p1|Palafin, L50, M|\n|poke|p1|Amoonguss, L50, F|\n|poke|p2|Gyarados, L50, M|\n|poke|p2|Ting-Lu, L50|\n|poke|p2|Orthworm, L50, M|\n|poke|p2|Flutter Mane, L50|\n|poke|p2|Iron Hands, L50|\n|poke|p2|Amoonguss, L50, F|\n|teampreview|4\n|inactive|Battle timer is ON: inactive players will automatically lose when time's up. (requested by fabiobl7)\n|\n|t:|1683240334\n|start\n|switch|p1a: Dragapult|Dragapult, L50, M|100\/100\n|switch|p1b: Amoonguss|Amoonguss, L50, F|100\/100\n|switch|p2a: Gyarados|Gyarados, L50, M|100\/100\n|switch|p2b: Orthworm|Orthworm, L50, M|100\/100\n|-ability|p2a: Gyarados|Intimidate|boost\n|-fail|p1a: Dragapult|unboost|[from] ability: Clear Body|[of] p1a: Dragapult\n|-unboost|p1b: Amoonguss|atk|1\n|turn|1\n|inactive|Arcacagne has 30 seconds left.\n|\n|t:|1683240363\n|move|p1a: Dragapult|Dragon Dance|p1a: Dragapult\n|-boost|p1a: Dragapult|atk|1\n|-boost|p1a: Dragapult|spe|1\n|move|p2a: Gyarados|Taunt|p1b: Amoonguss\n|-start|p1b: Amoonguss|move: Taunt\n|move|p2b: Orthworm|Iron Defense|p2b: Orthworm\n|-boost|p2b: Orthworm|def|2\n|cant|p1b: Amoonguss|move: Taunt|Spore\n|\n|upkeep\n|turn|2\n|inactive|Arcacagne has 30 seconds left.\n|\n|t:|1683240397\n|move|p1a: Dragapult|Dragon Darts|p2a: Gyarados\n|-damage|p2a: Gyarados|72\/100\n|-anim|p1a: Dragapult|Dragon Darts|p2b: Orthworm\n|-resisted|p2b: Orthworm\n|-damage|p2b: Orthworm|94\/100\n|move|p2a: Gyarados|Thunder Wave|p1a: Dragapult\n|-status|p1a: Dragapult|par\n|-enditem|p1a: Dragapult|Lum Berry|[eat]\n|-curestatus|p1a: Dragapult|par|[msg]\n|move|p2b: Orthworm|Iron Defense|p2b: Orthworm\n|-boost|p2b: Orthworm|def|2\n|move|p1b: Amoonguss|Pollen Puff|p1a: Dragapult\n|-immune|p1a: Dragapult\n|\n|-heal|p2b: Orthworm|100\/100|[from] item: Leftovers\n|upkeep\n|turn|3\n|inactive|Arcacagne has 30 seconds left.\n|inactive|Arcacagne has 20 seconds left.\n|\n|t:|1683240435\n|switch|p1b: Chien-Pao|Chien-Pao, L50|100\/100\n|-ability|p1b: Chien-Pao|Sword of Ruin\n|move|p1a: Dragapult|Phantom Force||[still]\n|-prepare|p1a: Dragapult|Phantom Force\n|move|p2a: Gyarados|Waterfall|p1a: Dragapult|[miss]\n|-miss|p2a: Gyarados|p1a: Dragapult\n|move|p2b: Orthworm|Heavy Slam|p1a: Dragapult|[miss]\n|-miss|p2b: Orthworm|p1a: Dragapult\n|\n|upkeep\n|turn|4\n|\n|t:|1683240455\n|move|p1a: Dragapult|Phantom Force|p2a: Gyarados|[from]lockedmove\n|-damage|p2a: Gyarados|0 fnt\n|faint|p2a: Gyarados\n|move|p1b: Chien-Pao|Sacred Sword|p2b: Orthworm\n|-supereffective|p2b: Orthworm\n|-damage|p2b: Orthworm|45\/100\n|move|p2b: Orthworm|Body Press|p1b: Chien-Pao\n|-supereffective|p1b: Chien-Pao\n|-enditem|p1b: Chien-Pao|Focus Sash\n|-damage|p1b: Chien-Pao|1\/100\n|\n|-heal|p2b: Orthworm|51\/100|[from] item: Leftovers\n|upkeep\n|\n|t:|1683240467\n|switch|p2a: Ting-Lu|Ting-Lu, L50|100\/100\n|-ability|p2a: Ting-Lu|Vessel of Ruin\n|turn|5\n|inactive|Arcacagne has 30 seconds left.\n|\n|t:|1683240496\n|-terastallize|p2b: Orthworm|Fire\n|move|p1a: Dragapult|Dragon Dance|p1a: Dragapult\n|-boost|p1a: Dragapult|atk|1\n|-boost|p1a: Dragapult|spe|1\n|move|p1b: Chien-Pao|Sacred Sword|p2b: Orthworm\n|-damage|p2b: Orthworm|23\/100\n|move|p2b: Orthworm|Iron Defense|p2b: Orthworm\n|-boost|p2b: Orthworm|def|2\n|move|p2a: Ting-Lu|Earthquake|p1b: Chien-Pao|[spread] p1a,p1b\n|-heal|p2b: Orthworm|48\/100|[from] ability: Earth Eater|[of] p2a: Ting-Lu\n|-damage|p1a: Dragapult|47\/100\n|-damage|p1b: Chien-Pao|0 fnt\n|faint|p1b: Chien-Pao\n|\n|-heal|p2b: Orthworm|54\/100|[from] item: Leftovers\n|upkeep\n|\n|t:|1683240516\n|switch|p1b: Amoonguss|Amoonguss, L50, F|100\/100\n|turn|6\n|\n|t:|1683240526\n|move|p1a: Dragapult|Protect|p1a: Dragapult\n|-singleturn|p1a: Dragapult|Protect\n|move|p2b: Orthworm|Body Press|p1b: Amoonguss\n|-resisted|p1b: Amoonguss\n|-damage|p1b: Amoonguss|56\/100\n|move|p2a: Ting-Lu|Earthquake|p1b: Amoonguss|[spread] p1b\n|-activate|p1a: Dragapult|move: Protect\n|-heal|p2b: Orthworm|79\/100|[from] ability: Earth Eater|[of] p2a: Ting-Lu\n|-damage|p1b: Amoonguss|27\/100\n|-enditem|p1b: Amoonguss|Sitrus Berry|[eat]\n|-heal|p1b: Amoonguss|52\/100|[from] item: Sitrus Berry\n|move|p1b: Amoonguss|Spore|p2a: Ting-Lu\n|-status|p2a: Ting-Lu|slp|[from] move: Spore\n|\n|-heal|p2b: Orthworm|85\/100|[from] item: Leftovers\n|upkeep\n|turn|7\n|\n|t:|1683240550\n|move|p1a: Dragapult|Phantom Force||[still]\n|-prepare|p1a: Dragapult|Phantom Force\n|move|p2b: Orthworm|Body Press|p1b: Amoonguss\n|-resisted|p1b: Amoonguss\n|-damage|p1b: Amoonguss|10\/100\n|cant|p2a: Ting-Lu|slp\n|move|p1b: Amoonguss|Spore|p2b: Orthworm\n|-status|p2b: Orthworm|slp|[from] move: Spore\n|\n|-heal|p2b: Orthworm|91\/100 slp|[from] item: Leftovers\n|upkeep\n|turn|8\n|\n|t:|1683240563\n|switch|p1b: Flutter Mane|Flutter Mane, L50|100\/100\n|-enditem|p1b: Flutter Mane|Booster Energy\n|-activate|p1b: Flutter Mane|ability: Protosynthesis|[fromitem]\n|-start|p1b: Flutter Mane|protosynthesisspa\n|move|p1a: Dragapult|Phantom Force|p2b: Orthworm|[from]lockedmove\n|-damage|p2b: Orthworm|76\/100 slp\n|cant|p2b: Orthworm|slp\n|cant|p2a: Ting-Lu|slp\n|\n|-heal|p2b: Orthworm|82\/100 slp|[from] item: Leftovers\n|upkeep\n|turn|9\n|\n|t:|1683240585\n|-terastallize|p1b: Flutter Mane|Fairy\n|move|p1a: Dragapult|Dragon Darts|p2b: Orthworm\n|-damage|p2b: Orthworm|73\/100 slp\n|-anim|p1a: Dragapult|Dragon Darts|p2a: Ting-Lu\n|-damage|p2a: Ting-Lu|77\/100 slp\n|move|p1b: Flutter Mane|Moonblast|p2a: Ting-Lu\n|-supereffective|p2a: Ting-Lu\n|-damage|p2a: Ting-Lu|14\/100 slp\n|-unboost|p2a: Ting-Lu|spa|1\n|cant|p2b: Orthworm|slp\n|cant|p2a: Ting-Lu|slp\n|\n|-heal|p2b: Orthworm|79\/100 slp|[from] item: Leftovers\n|upkeep\n|turn|10\n|inactive|fabiobl7 has 30 seconds left.\n|\n|t:|1683240612\n|move|p1a: Dragapult|Dragon Darts|p2a: Ting-Lu\n|-crit|p2a: Ting-Lu\n|-damage|p2a: Ting-Lu|0 fnt\n|-anim|p1a: Dragapult|Dragon Darts|p2b: Orthworm\n|-damage|p2b: Orthworm|71\/100 slp\n|faint|p2a: Ting-Lu\n|move|p1b: Flutter Mane|Substitute|p1b: Flutter Mane\n|-start|p1b: Flutter Mane|Substitute\n|-damage|p1b: Flutter Mane|76\/100\n|cant|p2b: Orthworm|slp\n|\n|-heal|p2b: Orthworm|77\/100 slp|[from] item: Leftovers\n|upkeep\n|\n|t:|1683240623\n|switch|p2a: Iron Hands|Iron Hands, L50|100\/100\n|turn|11\n|\n|t:|1683240633\n|move|p1a: Dragapult|Phantom Force||[still]\n|-prepare|p1a: Dragapult|Phantom Force\n|move|p1b: Flutter Mane|Shadow Ball|p2b: Orthworm\n|-damage|p2b: Orthworm|14\/100 slp\n|-curestatus|p2b: Orthworm|slp|[msg]\n|move|p2b: Orthworm|Heavy Slam|p1b: Flutter Mane\n|-supereffective|p1b: Flutter Mane\n|-end|p1b: Flutter Mane|Substitute\n|move|p2a: Iron Hands|Thunder Punch|p1b: Flutter Mane\n|-damage|p1b: Flutter Mane|16\/100\n|\n|-heal|p2b: Orthworm|20\/100|[from] item: Leftovers\n|upkeep\n|turn|12\n|\n|t:|1683240658\n|move|p1a: Dragapult|Phantom Force|p2a: Iron Hands|[from]lockedmove\n|-damage|p2a: Iron Hands|45\/100\n|move|p1b: Flutter Mane|Moonblast|p2a: Iron Hands\n|-supereffective|p2a: Iron Hands\n|-crit|p2a: Iron Hands\n|-damage|p2a: Iron Hands|0 fnt\n|faint|p2a: Iron Hands\n|-end|p2a: Iron Hands|Quark Drive|[silent]\n|move|p2b: Orthworm|Heavy Slam|p1b: Flutter Mane\n|-supereffective|p1b: Flutter Mane\n|-damage|p1b: Flutter Mane|0 fnt\n|faint|p1b: Flutter Mane\n|-end|p1b: Flutter Mane|Protosynthesis|[silent]\n|\n|-heal|p2b: Orthworm|27\/100|[from] item: Leftovers\n|upkeep\n|\n|t:|1683240670\n|switch|p1b: Amoonguss|Amoonguss, L50, F|43\/100\n|turn|13\n|\n|t:|1683240693\n|move|p1a: Dragapult|Dragon Darts|p2b: Orthworm\n|-damage|p2b: Orthworm|18\/100\n|-anim|p1a: Dragapult|Dragon Darts|p2b: Orthworm\n|-damage|p2b: Orthworm|9\/100\n|move|p2b: Orthworm|Body Press|p1b: Amoonguss\n|-resisted|p1b: Amoonguss\n|-damage|p1b: Amoonguss|2\/100\n|move|p1b: Amoonguss|Spore|p2b: Orthworm\n|-status|p2b: Orthworm|slp|[from] move: Spore\n|\n|-heal|p2b: Orthworm|15\/100 slp|[from] item: Leftovers\n|upkeep\n|turn|14\n|-message|fabiobl7 forfeited.\n|\n|win|Arcacagne\n|raw|Arcacagne's rating: 1210 → 1239<\/strong> (+29 for winning)\n|raw|fabiobl7's rating: 1269 → 1240<\/strong> (-29 for losing)\n|l|\u2606fabiobl7\n|j|\u2606fabiobl7\n|player|p2|fabiobl7|1\n|l|\u2606fabiobl7\n|player|p2|\n","uploadtime":1683240715,"views":15,"p1id":"arcacagne","p2id":"fabiobl7","formatid":"gen9vgc2023regulationc","rating":1239,"private":0,"password":""}