{"id":"gen9vgc2023regulationc-1856389025","p1":"Tomyandres6","p2":"Inwaves22","format":"[Gen 9] VGC 2023 Regulation C","log":"|j|\u2606Tomyandres6\n|j|\u2606Inwaves22\n|t:|1683056747\n|gametype|doubles\n|player|p1|Tomyandres6|pokemaniac|1250\n|player|p2|Inwaves22|falkner|1276\n|teamsize|p1|6\n|teamsize|p2|6\n|gen|9\n|tier|[Gen 9] VGC 2023 Regulation C\n|rated|\n|rule|Species Clause: Limit one of each Pok\u00e9mon\n|rule|Item Clause: Limit one of each item\n|clearpoke\n|poke|p1|Baxcalibur, L50, F|\n|poke|p1|Great Tusk, L50|\n|poke|p1|Amoonguss, L50, M|\n|poke|p1|Vaporeon, L50, M|\n|poke|p1|Gholdengo, L50|\n|poke|p1|Gyarados, L50, F|\n|poke|p2|Glimmora, L50, F|\n|poke|p2|Chi-Yu, L50|\n|poke|p2|Flutter Mane, L50|\n|poke|p2|Dragonite, L50, M|\n|poke|p2|Dondozo, L50, F|\n|poke|p2|Tatsugiri, L50, M|\n|teampreview|4\n|j| Jason1223\n|l| Jason1223\n|inactive|Battle timer is ON: inactive players will automatically lose when time's up. (requested by Inwaves22)\n|\n|t:|1683056805\n|start\n|switch|p1a: Gholdengo|Gholdengo, L50|100\/100\n|switch|p1b: Gyarados|Gyarados, L50, F|100\/100\n|switch|p2a: Glimmora|Glimmora, L50, F|100\/100\n|switch|p2b: Dondozo|Dondozo, L50, F|100\/100\n|-ability|p1b: Gyarados|Intimidate|boost\n|-unboost|p2a: Glimmora|atk|1\n|-unboost|p2b: Dondozo|atk|1\n|turn|1\n|inactive|Tomyandres6 has 30 seconds left.\n|inactive|Tomyandres6 has 20 seconds left.\n|inactive|Tomyandres6 has 15 seconds left.\n|inactive|Tomyandres6 has 10 seconds left.\n|\n|t:|1683056854\n|move|p1a: Gholdengo|Protect|p1a: Gholdengo\n|-singleturn|p1a: Gholdengo|Protect\n|move|p2a: Glimmora|Earth Power|p1a: Gholdengo\n|-activate|p1a: Gholdengo|move: Protect\n|move|p1b: Gyarados|Thunder Wave|p2a: Glimmora\n|-status|p2a: Glimmora|par\n|move|p2b: Dondozo|Wave Crash|p1a: Gholdengo\n|-activate|p1a: Gholdengo|move: Protect\n|\n|upkeep\n|turn|2\n|inactive|Tomyandres6 has 30 seconds left.\n|\n|t:|1683056882\n|switch|p1a: Amoonguss|Amoonguss, L50, M|100\/100\n|move|p2b: Dondozo|Protect|p2b: Dondozo\n|-singleturn|p2b: Dondozo|Protect\n|move|p1b: Gyarados|Waterfall|p2a: Glimmora\n|-supereffective|p2a: Glimmora\n|-damage|p2a: Glimmora|5\/100 par\n|-activate|p2a: Glimmora|ability: Toxic Debris\n|-sidestart|p1: Tomyandres6|move: Toxic Spikes\n|move|p2a: Glimmora|Toxic|p1b: Gyarados\n|-status|p1b: Gyarados|tox\n|\n|-damage|p1b: Gyarados|95\/100 tox|[from] psn\n|upkeep\n|turn|3\n|inactive|Tomyandres6 has 30 seconds left.\n|\n|t:|1683056913\n|switch|p2b: Chi-Yu|Chi-Yu, L50|100\/100\n|-ability|p2b: Chi-Yu|Beads of Ruin\n|cant|p2a: Glimmora|par\n|move|p1a: Amoonguss|Rage Powder|p1a: Amoonguss\n|-singleturn|p1a: Amoonguss|move: Rage Powder\n|move|p1b: Gyarados|Waterfall|p2a: Glimmora\n|-supereffective|p2a: Glimmora\n|-crit|p2a: Glimmora\n|-damage|p2a: Glimmora|0 fnt\n|-activate|p2a: Glimmora|ability: Toxic Debris\n|-sidestart|p1: Tomyandres6|move: Toxic Spikes\n|faint|p2a: Glimmora\n|\n|-damage|p1b: Gyarados|83\/100 tox|[from] psn\n|upkeep\n|\n|t:|1683056927\n|switch|p2a: Dondozo|Dondozo, L50, F|100\/100\n|turn|4\n|\n|t:|1683056945\n|-terastallize|p2b: Chi-Yu|Grass\n|-terastallize|p1a: Amoonguss|Water\n|move|p2b: Chi-Yu|Flamethrower|p1a: Amoonguss\n|-resisted|p1a: Amoonguss\n|-damage|p1a: Amoonguss|74\/100\n|move|p1b: Gyarados|Thunder Wave|p2b: Chi-Yu\n|-status|p2b: Chi-Yu|par\n|move|p2a: Dondozo|Yawn|p1a: Amoonguss\n|-start|p1a: Amoonguss|move: Yawn|[of] p2a: Dondozo\n|move|p1a: Amoonguss|Spore|p2a: Dondozo\n|-status|p2a: Dondozo|slp|[from] move: Spore\n|\n|-damage|p1b: Gyarados|65\/100 tox|[from] psn\n|upkeep\n|turn|5\n|inactive|Tomyandres6 has 30 seconds left.\n|inactive|Tomyandres6 has 20 seconds left.\n|inactive|Tomyandres6 has 15 seconds left.\n|\n|t:|1683056989\n|switch|p1a: Vaporeon|Vaporeon, L50, M|100\/100\n|-status|p1a: Vaporeon|tox\n|cant|p2a: Dondozo|slp\n|move|p1b: Gyarados|Waterfall|p2b: Chi-Yu\n|-resisted|p2b: Chi-Yu\n|-damage|p2b: Chi-Yu|76\/100 par\n|move|p2b: Chi-Yu|Flamethrower|p1a: Vaporeon\n|-resisted|p1a: Vaporeon\n|-damage|p1a: Vaporeon|76\/100 tox\n|\n|-damage|p1b: Gyarados|41\/100 tox|[from] psn\n|-damage|p1a: Vaporeon|70\/100 tox|[from] psn\n|upkeep\n|turn|6\n|inactive|Tomyandres6 has 30 seconds left.\n|\n|t:|1683057017\n|switch|p1a: Amoonguss|Amoonguss, L50, M, tera:Water|100\/100\n|-status|p1a: Amoonguss|tox\n|cant|p2a: Dondozo|slp\n|move|p1b: Gyarados|Waterfall|p2b: Chi-Yu\n|-resisted|p2b: Chi-Yu\n|-damage|p2b: Chi-Yu|53\/100 par\n|move|p2b: Chi-Yu|Tera Blast|p1a: Amoonguss\n|-supereffective|p1a: Amoonguss\n|-crit|p1a: Amoonguss\n|-damage|p1a: Amoonguss|0 fnt\n|faint|p1a: Amoonguss\n|\n|-damage|p1b: Gyarados|11\/100 tox|[from] psn\n|upkeep\n|-enditem|p1b: Gyarados|Aguav Berry|[eat]\n|-heal|p1b: Gyarados|45\/100 tox|[from] item: Aguav Berry\n|inactive|Tomyandres6 has 30 seconds left.\n|\n|t:|1683057044\n|switch|p1a: Gholdengo|Gholdengo, L50|100\/100\n|turn|7\n|\n|t:|1683057063\n|move|p2b: Chi-Yu|Protect|p2b: Chi-Yu\n|-singleturn|p2b: Chi-Yu|Protect\n|move|p1a: Gholdengo|Make It Rain|p2a: Dondozo|[spread] p2a\n|-activate|p2b: Chi-Yu|move: Protect\n|-resisted|p2a: Dondozo\n|-damage|p2a: Dondozo|83\/100 slp\n|-unboost|p1a: Gholdengo|spa|1\n|move|p1b: Gyarados|Waterfall|p2b: Chi-Yu\n|-activate|p2b: Chi-Yu|move: Protect\n|-curestatus|p2a: Dondozo|slp|[msg]\n|move|p2a: Dondozo|Bulldoze|p1a: Gholdengo|[spread] p1a\n|-activate|p2b: Chi-Yu|move: Protect\n|-immune|p1b: Gyarados\n|-supereffective|p1a: Gholdengo\n|-damage|p1a: Gholdengo|84\/100\n|-unboost|p1a: Gholdengo|spe|1\n|\n|-heal|p1a: Gholdengo|90\/100|[from] item: Leftovers\n|-damage|p1b: Gyarados|9\/100 tox|[from] psn\n|upkeep\n|turn|8\n|inactive|Tomyandres6 has 30 seconds left.\n|inactive|Inwaves22 has 30 seconds left.\n|\n|t:|1683057091\n|switch|p1b: Vaporeon|Vaporeon, L50, M|70\/100 tox\n|move|p1a: Gholdengo|Protect|p1a: Gholdengo\n|-singleturn|p1a: Gholdengo|Protect\n|move|p2b: Chi-Yu|Flamethrower|p1a: Gholdengo\n|-activate|p1a: Gholdengo|move: Protect\n|move|p2a: Dondozo|Wave Crash|p1a: Gholdengo\n|-activate|p1a: Gholdengo|move: Protect\n|\n|-heal|p1a: Gholdengo|96\/100|[from] item: Leftovers\n|-damage|p1b: Vaporeon|64\/100 tox|[from] psn\n|upkeep\n|turn|9\n|\n|t:|1683057111\n|switch|p1a: Gyarados|Gyarados, L50, F|9\/100 tox\n|-ability|p1a: Gyarados|Intimidate|boost\n|-unboost|p2a: Dondozo|atk|1\n|-unboost|p2b: Chi-Yu|atk|1\n|move|p1b: Vaporeon|Icy Wind|p2a: Dondozo|[spread] p2a\n|-miss|p1b: Vaporeon|p2b: Chi-Yu\n|-resisted|p2a: Dondozo\n|-damage|p2a: Dondozo|79\/100\n|-unboost|p2a: Dondozo|spe|1\n|move|p2b: Chi-Yu|Flamethrower|p1a: Gyarados\n|-resisted|p1a: Gyarados\n|-damage|p1a: Gyarados|0 fnt\n|faint|p1a: Gyarados\n|move|p2a: Dondozo|Yawn||[still]\n|-fail|p2a: Dondozo\n|\n|-damage|p1b: Vaporeon|52\/100 tox|[from] psn\n|upkeep\n|\n|t:|1683057128\n|switch|p1a: Gholdengo|Gholdengo, L50|96\/100\n|turn|10\n|\n|t:|1683057144\n|move|p1a: Gholdengo|Nasty Plot|p1a: Gholdengo\n|-boost|p1a: Gholdengo|spa|2\n|move|p1b: Vaporeon|Icy Wind|p2a: Dondozo|[spread] p2a\n|-miss|p1b: Vaporeon|p2b: Chi-Yu\n|-resisted|p2a: Dondozo\n|-damage|p2a: Dondozo|74\/100\n|-unboost|p2a: Dondozo|spe|1\n|move|p2b: Chi-Yu|Flamethrower|p1a: Gholdengo\n|-supereffective|p1a: Gholdengo\n|-damage|p1a: Gholdengo|0 fnt\n|faint|p1a: Gholdengo\n|move|p2a: Dondozo|Bulldoze|p1b: Vaporeon|[spread] p2b,p1b\n|-resisted|p2b: Chi-Yu\n|-damage|p2b: Chi-Yu|48\/100 par\n|-damage|p1b: Vaporeon|46\/100 tox\n|-unboost|p2b: Chi-Yu|spe|1\n|-unboost|p1b: Vaporeon|spe|1\n|\n|-damage|p1b: Vaporeon|28\/100 tox|[from] psn\n|upkeep\n|turn|11\n|-message|Tomyandres6 forfeited.\n|\n|win|Inwaves22\n|raw|Tomyandres6's rating: 1250 → 1227<\/strong> (-23 for losing)\n|raw|Inwaves22's rating: 1276 → 1299<\/strong> (+23 for winning)\n|l|\u2606Tomyandres6\n","uploadtime":1683057185,"views":11,"p1id":"tomyandres6","p2id":"inwaves22","formatid":"gen9vgc2023regulationc","rating":1227,"private":0,"password":""}