{"id":"gen9vgc2023regulationc-1850857426","p1":"K_Nishikigoi","p2":"Cookie_k00","format":"[Gen 9] VGC 2023 Regulation C","log":"|j|\u2606K_Nishikigoi\n|j|\u2606Cookie_k00\n|t:|1682375004\n|gametype|doubles\n|player|p1|K_Nishikigoi|265|1108\n|player|p2|Cookie_k00|pokemaniac|1119\n|teamsize|p1|6\n|teamsize|p2|6\n|gen|9\n|tier|[Gen 9] VGC 2023 Regulation C\n|rated|\n|rule|Species Clause: Limit one of each Pok\u00e9mon\n|rule|Item Clause: Limit one of each item\n|clearpoke\n|poke|p1|Flutter Mane, L50|\n|poke|p1|Volcarona, L50, F|\n|poke|p1|Gyarados, L50, M|\n|poke|p1|Amoonguss, L50, M|\n|poke|p1|Ting-Lu, L50|\n|poke|p1|Chien-Pao, L50|\n|poke|p2|Tauros-Paldea-Aqua, L50, M|\n|poke|p2|Grimmsnarl, L50, M|\n|poke|p2|Toedscruel, L50, M|\n|poke|p2|Ceruledge, L50, M|\n|poke|p2|Sandy Shocks, L50|\n|poke|p2|Armarouge, L50, M|\n|teampreview|4\n|inactive|Battle timer is ON: inactive players will automatically lose when time's up. (requested by Cookie_k00)\n|inactive|K_Nishikigoi has 60 seconds left.\n|\n|t:|1682375080\n|start\n|switch|p1a: Flutter Mane|Flutter Mane, L50|100\/100\n|switch|p1b: Amoonguss|Amoonguss, L50, M|100\/100\n|switch|p2a: Grimmsnarl|Grimmsnarl, L50, M|100\/100\n|switch|p2b: Ceruledge|Ceruledge, L50, M|100\/100\n|-enditem|p1a: Flutter Mane|Booster Energy\n|-activate|p1a: Flutter Mane|ability: Protosynthesis|[fromitem]\n|-start|p1a: Flutter Mane|protosynthesisspa\n|turn|1\n|inactive|K_Nishikigoi has 30 seconds left.\n|\n|t:|1682375109\n|move|p1a: Flutter Mane|Protect|p1a: Flutter Mane\n|-singleturn|p1a: Flutter Mane|Protect\n|move|p2a: Grimmsnarl|Fake Out|p1b: Amoonguss\n|-damage|p1b: Amoonguss|87\/100\n|move|p2b: Ceruledge|Shadow Sneak|p1a: Flutter Mane\n|-activate|p1a: Flutter Mane|move: Protect\n|cant|p1b: Amoonguss|flinch\n|\n|upkeep\n|turn|2\n|\n|t:|1682375132\n|-terastallize|p2b: Ceruledge|Grass\n|move|p1b: Amoonguss|Rage Powder|p1b: Amoonguss\n|-singleturn|p1b: Amoonguss|move: Rage Powder\n|move|p2a: Grimmsnarl|Parting Shot|p1b: Amoonguss\n|-unboost|p1b: Amoonguss|atk|1\n|-unboost|p1b: Amoonguss|spa|1\n|\n|t:|1682375138\n|switch|p2a: Toedscruel|Toedscruel, L50, M|100\/100|[from] Parting Shot\n|move|p1a: Flutter Mane|Dazzling Gleam|p2b: Ceruledge|[spread] p2a,p2b\n|-damage|p2a: Toedscruel|68\/100\n|-damage|p2b: Ceruledge|55\/100\n|move|p2b: Ceruledge|Bitter Blade|p1a: Flutter Mane\n|-damage|p1a: Flutter Mane|0 fnt\n|-heal|p2b: Ceruledge|96\/100|[from] drain|[of] p1a: Flutter Mane\n|faint|p1a: Flutter Mane\n|-end|p1a: Flutter Mane|Protosynthesis|[silent]\n|-damage|p2b: Ceruledge|86\/100|[from] item: Life Orb\n|\n|upkeep\n|\n|t:|1682375155\n|switch|p1a: Chien-Pao|Chien-Pao, L50|100\/100\n|-ability|p1a: Chien-Pao|Sword of Ruin\n|turn|3\n|\n|t:|1682375167\n|move|p2a: Toedscruel|Rage Powder|p2a: Toedscruel\n|-singleturn|p2a: Toedscruel|move: Rage Powder\n|move|p1a: Chien-Pao|Ice Spinner|p2a: Toedscruel\n|-supereffective|p2a: Toedscruel\n|-damage|p2a: Toedscruel|0 fnt\n|-damage|p1a: Chien-Pao|84\/100|[from] item: Rocky Helmet|[of] p2a: Toedscruel\n|faint|p2a: Toedscruel\n|move|p2b: Ceruledge|Bitter Blade|p1a: Chien-Pao\n|-supereffective|p1a: Chien-Pao\n|-damage|p1a: Chien-Pao|0 fnt\n|-heal|p2b: Ceruledge|100\/100|[from] drain|[of] p1a: Chien-Pao\n|faint|p1a: Chien-Pao\n|-damage|p2b: Ceruledge|91\/100|[from] item: Life Orb\n|move|p1b: Amoonguss|Spore|p2b: Ceruledge\n|-immune|p2b: Ceruledge\n|\n|upkeep\n|\n|t:|1682375183\n|switch|p1a: Ting-Lu|Ting-Lu, L50|100\/100\n|switch|p2a: Grimmsnarl|Grimmsnarl, L50, M|100\/100\n|-ability|p1a: Ting-Lu|Vessel of Ruin\n|turn|4\n|inactive|K_Nishikigoi has 30 seconds left.\n|\n|t:|1682375213\n|move|p2a: Grimmsnarl|Fake Out|p1a: Ting-Lu\n|-damage|p1a: Ting-Lu|94\/100\n|move|p2b: Ceruledge|Bitter Blade|p1b: Amoonguss\n|-supereffective|p1b: Amoonguss\n|-damage|p1b: Amoonguss|0 fnt\n|-heal|p2b: Ceruledge|100\/100|[from] drain|[of] p1b: Amoonguss\n|faint|p1b: Amoonguss\n|-damage|p2b: Ceruledge|91\/100|[from] item: Life Orb\n|cant|p1a: Ting-Lu|flinch\n|\n|upkeep\n|turn|5\n|-message|K_Nishikigoi forfeited.\n|\n|win|Cookie_k00\n|raw|K_Nishikigoi's rating: 1108 → 1084<\/strong> (-24 for losing)\n|raw|Cookie_k00's rating: 1119 → 1143<\/strong> (+24 for winning)\n|l|\u2606K_Nishikigoi\n","uploadtime":1682375232,"views":20,"p1id":"knishikigoi","p2id":"cookiek00","formatid":"gen9vgc2023regulationc","rating":1084,"private":0,"password":""}