{"id":"gen9vgc2023regulationc-1847795039","p1":"HildaisViscous","p2":"dahova","format":"[Gen 9] VGC 2023 Regulation C","log":"|j|\u203dHildaisViscous\n|j|\u2606dahova\n|t:|1682002602\n|gametype|doubles\n|player|p1|HildaisViscous|hilda-wonderlauncher|1119\n|player|p2|dahova|sage|1165\n|teamsize|p1|6\n|teamsize|p2|6\n|gen|9\n|tier|[Gen 9] VGC 2023 Regulation C\n|rated|\n|rule|Species Clause: Limit one of each Pok\u00e9mon\n|rule|Item Clause: Limit one of each item\n|clearpoke\n|poke|p1|Garchomp, L50, F|\n|poke|p1|Salamence, L50, M|\n|poke|p1|Revavroom, L50, F|\n|poke|p1|Gyarados, L50, F|\n|poke|p1|Iron Valiant, L50|\n|poke|p1|Tinkaton, L50, F|\n|poke|p2|Annihilape, L50, F|\n|poke|p2|Flutter Mane, L50|\n|poke|p2|Polteageist-Antique, L50|\n|poke|p2|Garganacl, L50, F|\n|poke|p2|Great Tusk, L50|\n|poke|p2|Maushold-Four, L50|\n|teampreview|4\n|inactive|Battle timer is ON: inactive players will automatically lose when time's up. (requested by dahova)\ndahova rejected open team sheets.\n|inactive|HildaisViscous has 60 seconds left.\n|inactive|dahova has 60 seconds left.\n|\n|t:|1682002655\n|start\n|switch|p1a: Iron Valiant|Iron Valiant, L50|100\/100\n|switch|p1b: Revavroom|Revavroom, L50, F|100\/100\n|switch|p2a: Polteageist|Polteageist-Antique, L50|100\/100\n|switch|p2b: Garganacl|Garganacl, L50, F|100\/100\n|-enditem|p1a: Iron Valiant|Booster Energy\n|-activate|p1a: Iron Valiant|ability: Quark Drive|[fromitem]\n|-start|p1a: Iron Valiant|quarkdrivespe\n|turn|1\n|inactive|HildaisViscous has 30 seconds left.\n|\n|t:|1682002684\n|-terastallize|p2b: Garganacl|Poison\n|move|p1a: Iron Valiant|Moonblast|p2a: Polteageist\n|-damage|p2a: Polteageist|55\/100\n|-unboost|p2a: Polteageist|spa|1\n|-enditem|p2a: Polteageist|White Herb\n|-clearnegativeboost|p2a: Polteageist|[silent]\n|move|p1b: Revavroom|Gunk Shot|p2b: Garganacl\n|-resisted|p2b: Garganacl\n|-damage|p2b: Garganacl|80\/100\n|move|p2a: Polteageist|Shell Smash|p2a: Polteageist\n|-unboost|p2a: Polteageist|def|1\n|-unboost|p2a: Polteageist|spd|1\n|-boost|p2a: Polteageist|atk|2\n|-boost|p2a: Polteageist|spa|2\n|-boost|p2a: Polteageist|spe|2\n|move|p2b: Garganacl|Salt Cure|p1a: Iron Valiant\n|-resisted|p1a: Iron Valiant\n|-damage|p1a: Iron Valiant|90\/100\n|-start|p1a: Iron Valiant|Salt Cure\n|\n|-damage|p1a: Iron Valiant|78\/100|[from] Salt Cure\n|upkeep\n|turn|2\n|\n|t:|1682002704\n|move|p1a: Iron Valiant|Protect|p1a: Iron Valiant\n|-singleturn|p1a: Iron Valiant|Protect\n|move|p2a: Polteageist|Shadow Ball|p1a: Iron Valiant\n|-activate|p1a: Iron Valiant|move: Protect\n|move|p1b: Revavroom|Haze|p1b: Revavroom\n|-clearallboost\n|move|p2b: Garganacl|Salt Cure|p1b: Revavroom\n|-resisted|p1b: Revavroom\n|-damage|p1b: Revavroom|92\/100\n|-start|p1b: Revavroom|Salt Cure\n|\n|-damage|p1a: Iron Valiant|66\/100|[from] Salt Cure\n|-damage|p1b: Revavroom|68\/100|[from] Salt Cure\n|upkeep\n|turn|3\n|inactive|HildaisViscous has 30 seconds left.\n|inactive|dahova has 30 seconds left.\n|inactive|HildaisViscous has 20 seconds left.\n|inactive|HildaisViscous has 15 seconds left.\n|inactive|HildaisViscous has 10 seconds left.\n|\n|t:|1682002753\n|-end|p1a: Iron Valiant|Quark Drive|[silent]\n|switch|p1a: Garchomp|Garchomp, L50, F|100\/100\n|move|p1b: Revavroom|Gunk Shot|p2a: Polteageist\n|-resisted|p2a: Polteageist\n|-damage|p2a: Polteageist|8\/100\n|move|p2a: Polteageist|Shadow Ball|p1a: Garchomp\n|-damage|p1a: Garchomp|63\/100\n|move|p2b: Garganacl|Salt Cure|p1b: Revavroom\n|-resisted|p1b: Revavroom\n|-damage|p1b: Revavroom|58\/100\n|\n|-damage|p1b: Revavroom|33\/100|[from] Salt Cure\n|upkeep\n|turn|4\n|inactive|dahova has 30 seconds left.\n|\n|t:|1682002787\n|switch|p1b: Gyarados|Gyarados, L50, F|100\/100\n|-ability|p1b: Gyarados|Intimidate|boost\n|-unboost|p2a: Polteageist|atk|1\n|-unboost|p2b: Garganacl|atk|1\n|-terastallize|p1a: Garchomp|Ground\n|move|p1a: Garchomp|Earthquake|p2a: Polteageist|[spread] p2a,p2b\n|-immune|p1b: Gyarados\n|-supereffective|p2b: Garganacl\n|-damage|p2a: Polteageist|0 fnt\n|-damage|p2b: Garganacl|3\/100\n|-enditem|p2b: Garganacl|Sitrus Berry|[eat]\n|-heal|p2b: Garganacl|28\/100|[from] item: Sitrus Berry\n|faint|p2a: Polteageist\n|move|p2b: Garganacl|Salt Cure|p1a: Garchomp\n|-resisted|p1a: Garchomp\n|-damage|p1a: Garchomp|58\/100\n|-start|p1a: Garchomp|Salt Cure\n|\n|-damage|p1a: Garchomp|46\/100|[from] Salt Cure\n|upkeep\n|\n|t:|1682002791\n|switch|p2a: Flutter Mane|Flutter Mane, L50|100\/100\n|turn|5\n|inactive|HildaisViscous has 30 seconds left.\n|\n|t:|1682002819\n|move|p2b: Garganacl|Protect|p2b: Garganacl\n|-singleturn|p2b: Garganacl|Protect\n|move|p2a: Flutter Mane|Dazzling Gleam|p1a: Garchomp|[spread] p1a,p1b\n|-damage|p1a: Garchomp|13\/100\n|-damage|p1b: Gyarados|72\/100\n|move|p1a: Garchomp|Earthquake|p2a: Flutter Mane|[spread] p2a\n|-activate|p2b: Garganacl|move: Protect\n|-immune|p1b: Gyarados\n|-enditem|p2a: Flutter Mane|Focus Sash\n|-damage|p2a: Flutter Mane|1\/100\n|move|p1b: Gyarados|Thunder Wave|p2a: Flutter Mane\n|-status|p2a: Flutter Mane|par\n|\n|-damage|p1a: Garchomp|0 fnt|[from] Salt Cure\n|faint|p1a: Garchomp\n|upkeep\n|\n|t:|1682002839\n|switch|p1a: Revavroom|Revavroom, L50, F|33\/100\n|turn|6\n|\n|t:|1682002858\n|move|p1a: Revavroom|Gunk Shot|p2a: Flutter Mane\n|-damage|p2a: Flutter Mane|0 fnt\n|faint|p2a: Flutter Mane\n|-end|p2a: Flutter Mane|Protosynthesis|[silent]\n|move|p1b: Gyarados|Taunt|p2b: Garganacl\n|-start|p2b: Garganacl|move: Taunt\n|move|p2b: Garganacl|Salt Cure|p1a: Revavroom\n|-resisted|p1a: Revavroom\n|-crit|p1a: Revavroom\n|-damage|p1a: Revavroom|20\/100\n|-start|p1a: Revavroom|Salt Cure\n|\n|-damage|p1a: Revavroom|0 fnt|[from] Salt Cure\n|faint|p1a: Revavroom\n|upkeep\n|\n|t:|1682002866\n|switch|p2a: Annihilape|Annihilape, L50, F|100\/100\n|switch|p1a: Iron Valiant|Iron Valiant, L50|66\/100\n|turn|7\n|\n|t:|1682002877\n|move|p1b: Gyarados|Helping Hand|p1a: Iron Valiant\n|-singleturn|p1a: Iron Valiant|Helping Hand|[of] p1b: Gyarados\n|move|p1a: Iron Valiant|Moonblast|p2a: Annihilape\n|-supereffective|p2a: Annihilape\n|-damage|p2a: Annihilape|0 fnt\n|faint|p2a: Annihilape\n|move|p2b: Garganacl|Salt Cure|p1b: Gyarados\n|-supereffective|p1b: Gyarados\n|-damage|p1b: Gyarados|53\/100\n|-start|p1b: Gyarados|Salt Cure\n|\n|-damage|p1b: Gyarados|29\/100|[from] Salt Cure\n|upkeep\n|-enditem|p1b: Gyarados|Sitrus Berry|[eat]\n|-heal|p1b: Gyarados|53\/100|[from] item: Sitrus Berry\n|turn|8\n|\n|t:|1682002894\n|move|p1a: Iron Valiant|Thunderbolt|p2b: Garganacl\n|-damage|p2b: Garganacl|9\/100\n|move|p1b: Gyarados|Waterfall|p2b: Garganacl\n|-damage|p2b: Garganacl|0 fnt\n|faint|p2b: Garganacl\n|\n|win|HildaisViscous\n|raw|HildaisViscous's rating: 1119 → 1147<\/strong> (+28 for winning)\n|raw|dahova's rating: 1165 → 1137<\/strong> (-28 for losing)\n|l|\u2606dahova\n","uploadtime":1682002903,"views":6,"p1id":"hildaisviscous","p2id":"dahova","formatid":"gen9vgc2023regulationc","rating":1137,"private":0,"password":""}