{"id":"gen9vgc2023regulationc-1862935224","p1":"STRVW","p2":"TTVNuzlockeAcademy","format":"[Gen 9] VGC 2023 Regulation C","log":"|j|\u2606STRVW\n|j|\u2606TTVNuzlockeAcademy\n|t:|1683940633\n|gametype|doubles\n|player|p1|STRVW|169|1241\n|player|p2|TTVNuzlockeAcademy|169|1124\n|teamsize|p1|6\n|teamsize|p2|6\n|gen|9\n|tier|[Gen 9] VGC 2023 Regulation C\n|rated|\n|rule|Species Clause: Limit one of each Pok\u00e9mon\n|rule|Item Clause: Limit one of each item\n|clearpoke\n|poke|p1|Arcanine, L50, M|\n|poke|p1|Amoonguss, L50, M|\n|poke|p1|Palafin, L50, M|\n|poke|p1|Gastrodon, L50, F|\n|poke|p1|Flutter Mane, L50|\n|poke|p1|Grimmsnarl, L50, M|\n|poke|p2|Hawlucha, L50, F|\n|poke|p2|Indeedee-F, L50, F|\n|poke|p2|Armarouge, L50, F|\n|poke|p2|Palafin, L50, F|\n|poke|p2|Sandy Shocks, L50|\n|poke|p2|Chien-Pao, L50|\n|teampreview|4\n|\n|t:|1683940686\n|start\n|switch|p1a: Arcanine|Arcanine, L50, M|100\/100\n|switch|p1b: Amoonguss|Amoonguss, L50, M|100\/100\n|switch|p2a: Palafin|Palafin, L50, F, shiny|100\/100\n|switch|p2b: Indeedee|Indeedee-F, L50, F|100\/100\n|-ability|p1a: Arcanine|Intimidate|boost\n|-unboost|p2a: Palafin|atk|1\n|-enditem|p2a: Palafin|Eject Pack\n|-unboost|p2b: Indeedee|atk|1\n|\n|t:|1683940700\n|detailschange|p2a: Palafin|Palafin-Hero, L50, F, shiny\n|switch|p2a: Hawlucha|Hawlucha, L50, F, shiny|100\/100\n|-fieldstart|move: Psychic Terrain|[from] ability: Psychic Surge|[of] p2b: Indeedee\n|-enditem|p2a: Hawlucha|Psychic Seed\n|-boost|p2a: Hawlucha|spd|1|[from] item: Psychic Seed\n|turn|1\n|\n|t:|1683940723\n|move|p1b: Amoonguss|Protect|p1b: Amoonguss\n|-singleturn|p1b: Amoonguss|Protect\n|move|p2b: Indeedee|Follow Me|p2b: Indeedee\n|-singleturn|p2b: Indeedee|move: Follow Me\n|move|p2a: Hawlucha|Swords Dance|p2a: Hawlucha\n|-boost|p2a: Hawlucha|atk|2\n|move|p1a: Arcanine|Snarl|p2a: Hawlucha|[spread] p2a,p2b\n|-resisted|p2a: Hawlucha\n|-supereffective|p2b: Indeedee\n|-damage|p2a: Hawlucha|96\/100\n|-damage|p2b: Indeedee|84\/100\n|-unboost|p2a: Hawlucha|spa|1\n|-unboost|p2b: Indeedee|spa|1\n|\n|upkeep\n|turn|2\n|\n|t:|1683940754\n|move|p2b: Indeedee|Follow Me|p2b: Indeedee\n|-singleturn|p2b: Indeedee|move: Follow Me\n|move|p1b: Amoonguss|Rage Powder|p1b: Amoonguss\n|-singleturn|p1b: Amoonguss|move: Rage Powder\n|move|p2a: Hawlucha|Swords Dance|p2a: Hawlucha\n|-boost|p2a: Hawlucha|atk|2\n|move|p1a: Arcanine|Flare Blitz|p2b: Indeedee\n|-damage|p2b: Indeedee|29\/100\n|-damage|p1a: Arcanine|83\/100|[from] Recoil\n|\n|upkeep\n|turn|3\n|\n|t:|1683940790\n|move|p2b: Indeedee|Follow Me|p2b: Indeedee\n|-singleturn|p2b: Indeedee|move: Follow Me\n|move|p2a: Hawlucha|Acrobatics|p1a: Arcanine\n|-crit|p1a: Arcanine\n|-damage|p1a: Arcanine|0 fnt\n|faint|p1a: Arcanine\n|move|p1b: Amoonguss|Spore|p2b: Indeedee\n|-activate|p2b: Indeedee|item: Safety Goggles|Spore\n|\n|upkeep\n|\n|t:|1683940816\n|switch|p1a: Grimmsnarl|Grimmsnarl, L50, M|100\/100\n|turn|4\n|\n|t:|1683940861\n|switch|p2b: Palafin|Palafin-Hero, L50, F, shiny|100\/100\n|-activate|p2b: Palafin|ability: Zero to Hero\n|-terastallize|p2a: Hawlucha|Steel\n|move|p2a: Hawlucha|Acrobatics|p1b: Amoonguss\n|-supereffective|p1b: Amoonguss\n|-damage|p1b: Amoonguss|0 fnt\n|faint|p1b: Amoonguss\n|move|p1a: Grimmsnarl|Spirit Break|p2b: Palafin\n|-damage|p2b: Palafin|69\/100\n|-unboost|p2b: Palafin|spa|1\n|\n|upkeep\n|\n|t:|1683940876\n|switch|p1b: Gastrodon|Gastrodon, L50, F|100\/100\n|turn|5\n|\n|t:|1683940910\n|move|p2b: Palafin|Protect|p2b: Palafin\n|-singleturn|p2b: Palafin|Protect\n|move|p2a: Hawlucha|Flying Press|p1b: Gastrodon\n|-damage|p1b: Gastrodon|0 fnt\n|faint|p1b: Gastrodon\n|move|p1a: Grimmsnarl|Spirit Break|p2a: Hawlucha\n|-resisted|p2a: Hawlucha\n|-damage|p2a: Hawlucha|75\/100\n|-unboost|p2a: Hawlucha|spa|1\n|\n|-fieldend|move: Psychic Terrain\n|upkeep\n|turn|6\n|-message|STRVW forfeited.\n|\n|win|TTVNuzlockeAcademy\n|raw|STRVW's rating: 1241 → 1208<\/strong> (-33 for losing)\n|raw|TTVNuzlockeAcademy's rating: 1124 → 1157<\/strong> (+33 for winning)\n|l|\u2606STRVW\n","uploadtime":1683940935,"views":18,"p1id":"strvw","p2id":"ttvnuzlockeacademy","formatid":"gen9vgc2023regulationc","rating":1157,"private":0,"password":""}