{"id":"gen9vgc2023regulationc-1851103312","p1":"saasdfasfsadsada","p2":"Gengarone","format":"[Gen 9] VGC 2023 Regulation C","log":"|j|\u2606saasdfasfsadsada\n|j|\u2606Gengarone\n|t:|1682409773\n|gametype|doubles\n|player|p1|saasdfasfsadsada|265|1089\n|player|p2|Gengarone|giovanni-gen3|1111\n|teamsize|p1|6\n|teamsize|p2|6\n|gen|9\n|tier|[Gen 9] VGC 2023 Regulation C\n|rated|\n|rule|Species Clause: Limit one of each Pok\u00e9mon\n|rule|Item Clause: Limit one of each item\n|clearpoke\n|poke|p1|Dragonite, L50, M|\n|poke|p1|Ting-Lu, L50|\n|poke|p1|Orthworm, L50, M|\n|poke|p1|Flutter Mane, L50|\n|poke|p1|Gyarados, L50, F|\n|poke|p1|Chien-Pao, L50|\n|poke|p2|Pelipper, L50, F|\n|poke|p2|Vivillon, L50, F|\n|poke|p2|Garganacl, L50, M|\n|poke|p2|Gastrodon, L50, F|\n|poke|p2|Gyarados, L50, M|\n|poke|p2|Iron Valiant, L50|\n|teampreview|4\n|inactive|Battle timer is ON: inactive players will automatically lose when time's up. (requested by Gengarone)\n|inactive|saasdfasfsadsada has 60 seconds left.\nGengarone rejected open team sheets.\n|inactive|saasdfasfsadsada has 30 seconds left.\n|\n|t:|1682409853\n|start\n|switch|p1a: Flutter Mane|Flutter Mane, L50, shiny|100\/100\n|switch|p1b: Orthworm|Orthworm, L50, M, shiny|100\/100\n|switch|p2a: Pelipper|Pelipper, L50, F|100\/100\n|switch|p2b: Vivillon|Vivillon, L50, F|100\/100\n|-weather|RainDance|[from] ability: Drizzle|[of] p2a: Pelipper\n|turn|1\n|inactive|saasdfasfsadsada has 30 seconds left.\n|inactive|Gengarone has 30 seconds left.\n|inactive|saasdfasfsadsada has 20 seconds left.\n|\n|t:|1682409890\n|move|p1a: Flutter Mane|Moonblast|p2a: Pelipper\n|-damage|p2a: Pelipper|7\/100\n|move|p2b: Vivillon|Sleep Powder|p1b: Orthworm\n|-status|p1b: Orthworm|slp|[from] move: Sleep Powder\n|cant|p1b: Orthworm|slp\n|move|p2a: Pelipper|Hydro Pump|p1a: Flutter Mane\n|-damage|p1a: Flutter Mane|30\/100\n|\n|-weather|RainDance|[upkeep]\n|upkeep\n|turn|2\n|inactive|saasdfasfsadsada has 30 seconds left.\n|\n|t:|1682409916\n|move|p1a: Flutter Mane|Moonblast|p2b: Vivillon\n|-enditem|p2b: Vivillon|Focus Sash\n|-damage|p2b: Vivillon|1\/100\n|move|p2b: Vivillon|Sleep Powder|p1a: Flutter Mane\n|-status|p1a: Flutter Mane|slp|[from] move: Sleep Powder\n|-curestatus|p1b: Orthworm|slp|[msg]\n|move|p1b: Orthworm|Heavy Slam|p2a: Pelipper\n|-resisted|p2a: Pelipper\n|-damage|p2a: Pelipper|0 fnt\n|faint|p2a: Pelipper\n|\n|-weather|RainDance|[upkeep]\n|upkeep\n|\n|t:|1682409925\n|switch|p2a: Gyarados|Gyarados, L50, M|100\/100\n|-ability|p2a: Gyarados|Intimidate|boost\n|-unboost|p1a: Flutter Mane|atk|1\n|-unboost|p1b: Orthworm|atk|1\n|turn|3\n|inactive|saasdfasfsadsada has 30 seconds left.\n|inactive|saasdfasfsadsada has 20 seconds left.\n|inactive|saasdfasfsadsada has 15 seconds left.\n|inactive|saasdfasfsadsada has 10 seconds left.\n|\n|t:|1682409972\n|cant|p1a: Flutter Mane|slp\n|move|p2b: Vivillon|Sleep Powder|p1b: Orthworm\n|-status|p1b: Orthworm|slp|[from] move: Sleep Powder\n|move|p2a: Gyarados|Dragon Dance|p2a: Gyarados\n|-boost|p2a: Gyarados|atk|1\n|-boost|p2a: Gyarados|spe|1\n|cant|p1b: Orthworm|slp\n|\n|-weather|RainDance|[upkeep]\n|upkeep\n|turn|4\n|\n|t:|1682409995\n|move|p2a: Gyarados|Aqua Tail|p1a: Flutter Mane|[miss]\n|-miss|p2a: Gyarados|p1a: Flutter Mane\n|-curestatus|p1a: Flutter Mane|slp|[msg]\n|move|p1a: Flutter Mane|Moonblast|p2a: Gyarados\n|-damage|p2a: Gyarados|33\/100\n|-unboost|p2a: Gyarados|spa|1\n|move|p2b: Vivillon|Hurricane|p1b: Orthworm\n|-resisted|p1b: Orthworm\n|-damage|p1b: Orthworm|70\/100 slp\n|-curestatus|p1b: Orthworm|slp|[msg]\n|move|p1b: Orthworm|Body Press|p2b: Vivillon\n|-resisted|p2b: Vivillon\n|-damage|p2b: Vivillon|0 fnt\n|faint|p2b: Vivillon\n|\n|-weather|RainDance|[upkeep]\n|upkeep\n|\n|t:|1682410002\n|switch|p2b: Garganacl|Garganacl, L50, M|100\/100\n|turn|5\n|inactive|saasdfasfsadsada has 30 seconds left.\n|inactive|saasdfasfsadsada has 20 seconds left.\n|inactive|saasdfasfsadsada has 15 seconds left.\n|\n|t:|1682410047\n|move|p2a: Gyarados|Aqua Tail|p1a: Flutter Mane\n|-damage|p1a: Flutter Mane|0 fnt\n|faint|p1a: Flutter Mane\n|-end|p1a: Flutter Mane|Protosynthesis|[silent]\n|-damage|p2a: Gyarados|23\/100|[from] item: Life Orb\n|move|p1b: Orthworm|Shed Tail|p1b: Orthworm\n|-start|p1b: Orthworm|Substitute|[from] move: Shed Tail\n|-damage|p1b: Orthworm|20\/100\n|-enditem|p1b: Orthworm|Sitrus Berry|[eat]\n|-heal|p1b: Orthworm|45\/100|[from] item: Sitrus Berry\n|\n|t:|1682410059\n|switch|p1b: Dragonite|Dragonite, L50, M, shiny|100\/100|[from] Shed Tail\n|move|p2b: Garganacl|Salt Cure|p1b: Dragonite\n|-supereffective|p1b: Dragonite\n|-activate|p1b: Dragonite|move: Substitute|[damage]\n|\n|-weather|RainDance|[upkeep]\n|upkeep\n|\n|t:|1682410077\n|switch|p1a: Chien-Pao|Chien-Pao, L50|100\/100\n|-ability|p1a: Chien-Pao|Sword of Ruin\n|turn|6\n|\n|t:|1682410105\n|move|p1a: Chien-Pao|Sucker Punch|p2a: Gyarados\n|-damage|p2a: Gyarados|0 fnt\n|faint|p2a: Gyarados\n|move|p1b: Dragonite|Dragon Dance|p1b: Dragonite\n|-boost|p1b: Dragonite|atk|1\n|-boost|p1b: Dragonite|spe|1\n|move|p2b: Garganacl|Salt Cure|p1a: Chien-Pao\n|-supereffective|p1a: Chien-Pao\n|-damage|p1a: Chien-Pao|58\/100\n|-start|p1a: Chien-Pao|Salt Cure\n|\n|-weather|RainDance|[upkeep]\n|-damage|p1a: Chien-Pao|46\/100|[from] Salt Cure\n|upkeep\n|turn|7\n|\n|t:|1682410125\n|move|p1a: Chien-Pao|Sucker Punch|p2b: Garganacl\n|-damage|p2b: Garganacl|77\/100\n|move|p1b: Dragonite|Dragon Dance|p1b: Dragonite\n|-boost|p1b: Dragonite|atk|1\n|-boost|p1b: Dragonite|spe|1\n|move|p2b: Garganacl|Salt Cure|p1b: Dragonite\n|-supereffective|p1b: Dragonite\n|-end|p1b: Dragonite|Substitute\n|\n|-weather|RainDance|[upkeep]\n|-heal|p2b: Garganacl|83\/100|[from] item: Leftovers\n|-damage|p1a: Chien-Pao|34\/100|[from] Salt Cure\n|upkeep\n|turn|8\n|\n|t:|1682410139\n|-terastallize|p2b: Garganacl|Ghost\n|move|p1a: Chien-Pao|Protect|p1a: Chien-Pao\n|-singleturn|p1a: Chien-Pao|Protect\n|move|p1b: Dragonite|Dragon Dance|p1b: Dragonite\n|-boost|p1b: Dragonite|atk|1\n|-boost|p1b: Dragonite|spe|1\n|move|p2b: Garganacl|Salt Cure|p1b: Dragonite\n|-supereffective|p1b: Dragonite\n|-damage|p1b: Dragonite|82\/100\n|-start|p1b: Dragonite|Salt Cure\n|\n|-weather|none\n|-heal|p2b: Garganacl|88\/100|[from] item: Leftovers\n|-damage|p1b: Dragonite|70\/100|[from] Salt Cure\n|-damage|p1a: Chien-Pao|22\/100|[from] Salt Cure\n|upkeep\n|turn|9\n|inactive|saasdfasfsadsada has 30 seconds left.\n|\n|t:|1682410168\n|-terastallize|p1b: Dragonite|Flying\n|move|p1a: Chien-Pao|Sucker Punch||[still]\n|-fail|p1a: Chien-Pao\n|move|p1b: Dragonite|Tera Blast|p2b: Garganacl\n|-damage|p2b: Garganacl|0 fnt\n|faint|p2b: Garganacl\n|\n|win|saasdfasfsadsada\n|raw|saasdfasfsadsada's rating: 1089 → 1117<\/strong> (+28 for winning)\n|raw|Gengarone's rating: 1111 → 1084<\/strong> (-27 for losing)\n|l|\u2606Gengarone\n","uploadtime":1682411453,"views":8,"p1id":"saasdfasfsadsada","p2id":"gengarone","formatid":"gen9vgc2023regulationc","rating":1084,"private":0,"password":""}