{"id":"gen9vgc2023regulationc-1849962946","p1":"jombou","p2":"Silverstaff 17080","format":"[Gen 9] VGC 2023 Regulation C","log":"|j|\u2606jombou\n|j|\u2606Silverstaff 17080\n|t:|1682272738\n|gametype|doubles\n|player|p1|jombou|brawly|1022\n|player|p2|Silverstaff 17080|170|1090\n|teamsize|p1|6\n|teamsize|p2|6\n|gen|9\n|tier|[Gen 9] VGC 2023 Regulation C\n|rated|\n|rule|Species Clause: Limit one of each Pok\u00e9mon\n|rule|Item Clause: Limit one of each item\n|clearpoke\n|poke|p1|Tyranitar, L50, M|\n|poke|p1|Garchomp, L50, M|\n|poke|p1|Gholdengo, L50|\n|poke|p1|Maushold-Four, L50|\n|poke|p1|Noivern, L50, M|\n|poke|p1|Breloom, L50, F|\n|poke|p2|Ceruledge, L50, M|\n|poke|p2|Chien-Pao, L50|\n|poke|p2|Amoonguss, L50, M|\n|poke|p2|Glimmora, L50, M|\n|poke|p2|Gyarados, L50, M|\n|poke|p2|Flutter Mane, L50|\n|teampreview|4\n|inactive|Battle timer is ON: inactive players will automatically lose when time's up. (requested by jombou)\n|inactive|jombou has 60 seconds left.\n|inactive|Silverstaff 17080 has 60 seconds left.\n|\n|t:|1682272778\n|start\n|switch|p1a: Maushold|Maushold-Four, L50|100\/100\n|switch|p1b: Breloom|Breloom, L50, F|100\/100\n|switch|p2a: Glimmora|Glimmora, L50, M|100\/100\n|switch|p2b: Amoonguss|Amoonguss, L50, M|100\/100\n|turn|1\n|inactive|jombou has 30 seconds left.\n|inactive|Silverstaff 17080 has 30 seconds left.\n|inactive|Silverstaff 17080 has 20 seconds left.\n|inactive|Silverstaff 17080 has 15 seconds left.\n|\n|t:|1682272821\n|move|p2b: Amoonguss|Rage Powder|p2b: Amoonguss\n|-singleturn|p2b: Amoonguss|move: Rage Powder\n|move|p1a: Maushold|Thunder Wave|p2b: Amoonguss\n|-status|p2b: Amoonguss|par\n|move|p2a: Glimmora|Mortal Spin|p1a: Maushold|[spread] p1a,p1b\n|-supereffective|p1b: Breloom\n|-damage|p1a: Maushold|95\/100\n|-damage|p1b: Breloom|93\/100\n|-status|p1a: Maushold|psn\n|-status|p1b: Breloom|psn\n|move|p1b: Breloom|Spore|p2a: Glimmora\n|-status|p2a: Glimmora|slp|[from] move: Spore\n|\n|-damage|p1a: Maushold|83\/100 psn|[from] psn\n|-heal|p1b: Breloom|100\/100 psn|[from] ability: Poison Heal\n|upkeep\n|turn|2\n|inactive|jombou has 30 seconds left.\n|inactive|Silverstaff 17080 has 30 seconds left.\n|inactive|Silverstaff 17080 has 20 seconds left.\n|inactive|Silverstaff 17080 has 15 seconds left.\n|\n|t:|1682272864\n|switch|p2a: Ceruledge|Ceruledge, L50, M|100\/100\n|cant|p2b: Amoonguss|par\n|move|p1a: Maushold|Super Fang|p2b: Amoonguss\n|-damage|p2b: Amoonguss|51\/100 par\n|move|p1b: Breloom|Drain Punch|p2b: Amoonguss\n|-resisted|p2b: Amoonguss\n|-damage|p2b: Amoonguss|32\/100 par\n|-enditem|p2b: Amoonguss|Sitrus Berry|[eat]\n|-heal|p2b: Amoonguss|57\/100 par|[from] item: Sitrus Berry\n|\n|-damage|p1a: Maushold|71\/100 psn|[from] psn\n|upkeep\n|turn|3\n|inactive|jombou has 30 seconds left.\n|inactive|Silverstaff 17080 has 30 seconds left.\n|\n|t:|1682272896\n|switch|p1a: Tyranitar|Tyranitar, L50, M|100\/100\n|-weather|Sandstorm|[from] ability: Sand Stream|[of] p1a: Tyranitar\n|switch|p2b: Glimmora|Glimmora, L50, M|100\/100 slp\n|-terastallize|p2a: Ceruledge|Grass\n|-terastallize|p1b: Breloom|Rock\n|move|p2a: Ceruledge|Bitter Blade|p1b: Breloom\n|-resisted|p1b: Breloom\n|-damage|p1b: Breloom|70\/100 psn\n|move|p1b: Breloom|Drain Punch|p2b: Glimmora\n|-damage|p2b: Glimmora|66\/100 slp\n|-heal|p1b: Breloom|90\/100 psn|[from] drain|[of] p2b: Glimmora\n|\n|-weather|Sandstorm|[upkeep]\n|-damage|p2a: Ceruledge|94\/100|[from] Sandstorm\n|-heal|p1b: Breloom|100\/100 psn|[from] ability: Poison Heal\n|upkeep\n|turn|4\n|inactive|jombou has 30 seconds left.\n|inactive|Silverstaff 17080 has 30 seconds left.\n|\n|t:|1682272928\n|move|p1a: Tyranitar|Dragon Dance|p1a: Tyranitar\n|-boost|p1a: Tyranitar|atk|1\n|-boost|p1a: Tyranitar|spe|1\n|move|p2a: Ceruledge|Bulk Up|p2a: Ceruledge\n|-boost|p2a: Ceruledge|atk|1\n|-boost|p2a: Ceruledge|def|1\n|cant|p2b: Glimmora|slp\n|move|p1b: Breloom|Drain Punch|p2a: Ceruledge\n|-damage|p2a: Ceruledge|62\/100\n|\n|-weather|Sandstorm|[upkeep]\n|-damage|p2a: Ceruledge|55\/100|[from] Sandstorm\n|upkeep\n|turn|5\n|\n|t:|1682272953\n|move|p2a: Ceruledge|Protect|p2a: Ceruledge\n|-singleturn|p2a: Ceruledge|Protect\n|move|p1a: Tyranitar|Crunch|p2a: Ceruledge\n|-activate|p2a: Ceruledge|move: Protect\n|-curestatus|p2b: Glimmora|slp|[msg]\n|move|p2b: Glimmora|Energy Ball|p1b: Breloom\n|-supereffective|p1b: Breloom\n|-damage|p1b: Breloom|44\/100 psn\n|move|p1b: Breloom|Drain Punch|p2a: Ceruledge\n|-activate|p2a: Ceruledge|move: Protect\n|\n|-weather|Sandstorm|[upkeep]\n|-damage|p2a: Ceruledge|49\/100|[from] Sandstorm\n|-heal|p1b: Breloom|56\/100 psn|[from] ability: Poison Heal\n|upkeep\n|turn|6\n|inactive|jombou has 30 seconds left.\n|inactive|Silverstaff 17080 has 30 seconds left.\n|\n|t:|1682272981\n|switch|p2b: Amoonguss|Amoonguss, L50, M|90\/100 par\n|switch|p1b: Maushold|Maushold-Four, L50|71\/100 psn\n|move|p1a: Tyranitar|Crunch|p2a: Ceruledge\n|-damage|p2a: Ceruledge|2\/100\n|move|p2a: Ceruledge|Bitter Blade|p1b: Maushold\n|-damage|p1b: Maushold|0 fnt\n|-heal|p2a: Ceruledge|37\/100|[from] drain|[of] p1b: Maushold\n|faint|p1b: Maushold\n|\n|-weather|Sandstorm|[upkeep]\n|-damage|p2a: Ceruledge|30\/100|[from] Sandstorm\n|-damage|p2b: Amoonguss|84\/100 par|[from] Sandstorm\n|upkeep\n|\n|t:|1682272996\n|switch|p1b: Garchomp|Garchomp, L50, M|100\/100\n|turn|7\n|\n|t:|1682273014\n|move|p2a: Ceruledge|Protect|p2a: Ceruledge\n|-singleturn|p2a: Ceruledge|Protect\n|move|p1a: Tyranitar|Stone Edge|p2b: Amoonguss\n|-damage|p2b: Amoonguss|24\/100 par\n|move|p1b: Garchomp|Poison Jab|p2a: Ceruledge\n|-activate|p2a: Ceruledge|move: Protect\n|move|p2b: Amoonguss|Spore|p1b: Garchomp|[miss]\n|-miss|p2b: Amoonguss|p1b: Garchomp\n|\n|-weather|none\n|upkeep\n|turn|8\n|inactive|jombou has 30 seconds left.\n|inactive|Silverstaff 17080 has 30 seconds left.\n|inactive|Silverstaff 17080 has 20 seconds left.\n|inactive|Silverstaff 17080 has 15 seconds left.\n|\n|t:|1682273056\n|move|p2b: Amoonguss|Rage Powder|p2b: Amoonguss\n|-singleturn|p2b: Amoonguss|move: Rage Powder\n|move|p1a: Tyranitar|Crunch|p2b: Amoonguss\n|-damage|p2b: Amoonguss|0 fnt\n|faint|p2b: Amoonguss\n|move|p1b: Garchomp|Fire Fang|p2a: Ceruledge\n|-start|p2a: Ceruledge|ability: Flash Fire\n|move|p2a: Ceruledge|Bitter Blade|p1a: Tyranitar\n|-resisted|p1a: Tyranitar\n|-damage|p1a: Tyranitar|54\/100\n|-heal|p2a: Ceruledge|54\/100|[from] drain|[of] p1a: Tyranitar\n|\n|upkeep\n|\n|t:|1682273070\n|switch|p2b: Chien-Pao|Chien-Pao, L50|100\/100\n|-ability|p2b: Chien-Pao|Sword of Ruin\n|turn|9\n|\n|t:|1682273088\n|move|p2a: Ceruledge|Protect|p2a: Ceruledge\n|-singleturn|p2a: Ceruledge|Protect\n|move|p2b: Chien-Pao|Sacred Sword|p1a: Tyranitar\n|-supereffective|p1a: Tyranitar\n|-damage|p1a: Tyranitar|0 fnt\n|faint|p1a: Tyranitar\n|move|p1b: Garchomp|Poison Jab|p2a: Ceruledge\n|-activate|p2a: Ceruledge|move: Protect\n|\n|upkeep\n|\n|t:|1682273096\n|switch|p1a: Breloom|Breloom, L50, F, tera:Rock|56\/100 psn\n|turn|10\n|inactive|Silverstaff 17080 has 30 seconds left.\n|inactive|Silverstaff 17080 has 20 seconds left.\n|inactive|Silverstaff 17080 has 15 seconds left.\n|\n|t:|1682273141\n|move|p2b: Chien-Pao|Protect|p2b: Chien-Pao\n|-singleturn|p2b: Chien-Pao|Protect\n|move|p1a: Breloom|Mach Punch|p2b: Chien-Pao\n|-activate|p2b: Chien-Pao|move: Protect\n|move|p1b: Garchomp|Poison Jab|p2a: Ceruledge\n|-supereffective|p2a: Ceruledge\n|-damage|p2a: Ceruledge|3\/100\n|move|p2a: Ceruledge|Bitter Blade|p1a: Breloom\n|-resisted|p1a: Breloom\n|-damage|p1a: Breloom|0 fnt\n|-heal|p2a: Ceruledge|29\/100|[from] drain|[of] p1a: Breloom\n|faint|p1a: Breloom\n|\n|upkeep\n|turn|11\n|-message|jombou forfeited.\n|\n|win|Silverstaff 17080\n|raw|jombou's rating: 1022 → 1011<\/strong> (-11 for losing)\n|raw|Silverstaff 17080's rating: 1090 → 1111<\/strong> (+21 for winning)\n|l|\u2606jombou\n","uploadtime":1682273163,"views":10,"p1id":"jombou","p2id":"silverstaff17080","formatid":"gen9vgc2023regulationc","rating":1011,"private":0,"password":""}