{"id":"gen9vgc2023regulationc-1853232779","p1":"SurpriseSensei","p2":"modicum of respect","format":"[Gen 9] VGC 2023 Regulation C","log":"|j|\u2606SurpriseSensei\n|j|\u2606modicum of respect\n|t:|1682652192\n|gametype|doubles\n|player|p1|SurpriseSensei|lady|1423\n|player|p2|modicum of respect|steven|1488\n|teamsize|p1|6\n|teamsize|p2|6\n|gen|9\n|tier|[Gen 9] VGC 2023 Regulation C\n|rated|\n|rule|Species Clause: Limit one of each Pok\u00e9mon\n|rule|Item Clause: Limit one of each item\n|clearpoke\n|poke|p1|Gholdengo, L50|\n|poke|p1|Ting-Lu, L50|\n|poke|p1|Amoonguss, L50, F|\n|poke|p1|Annihilape, L50, M|\n|poke|p1|Maushold, L50|\n|poke|p1|Iron Bundle, L50|\n|poke|p2|Flutter Mane, L50|\n|poke|p2|Chi-Yu, L50|\n|poke|p2|Kingambit, L50, F|\n|poke|p2|Garchomp, L50, M|\n|poke|p2|Talonflame, L50, M|\n|poke|p2|Gyarados, L50, M|\n|teampreview|4\nmodicum of respect has agreed to open team sheets.\nSurpriseSensei rejected open team sheets.\n|\n|t:|1682652236\n|start\n|switch|p1a: Ting-Lu|Ting-Lu, L50|100\/100\n|switch|p1b: Amoonguss|Amoonguss, L50, F, shiny|100\/100\n|switch|p2a: Flutter Mane|Flutter Mane, L50|100\/100\n|switch|p2b: Talonflame|Talonflame, L50, M|100\/100\n|-ability|p1a: Ting-Lu|Vessel of Ruin\n|-enditem|p2a: Flutter Mane|Booster Energy\n|-activate|p2a: Flutter Mane|ability: Protosynthesis|[fromitem]\n|-start|p2a: Flutter Mane|protosynthesisspa\n|turn|1\n|\n|t:|1682652255\n|-terastallize|p1b: Amoonguss|Water\n|move|p2a: Flutter Mane|Protect|p2a: Flutter Mane\n|-singleturn|p2a: Flutter Mane|Protect\n|move|p1b: Amoonguss|Rage Powder|p1b: Amoonguss\n|-singleturn|p1b: Amoonguss|move: Rage Powder\n|move|p2b: Talonflame|Will-O-Wisp|p1a: Ting-Lu\n|-status|p1a: Ting-Lu|brn\n|move|p1a: Ting-Lu|Ruination|p2b: Talonflame\n|-damage|p2b: Talonflame|51\/100\n|\n|-damage|p1a: Ting-Lu|95\/100 brn|[from] brn\n|upkeep\n|turn|2\n|\n|t:|1682652294\n|move|p1b: Amoonguss|Protect|p1b: Amoonguss\n|-singleturn|p1b: Amoonguss|Protect\n|move|p2b: Talonflame|Taunt|p1b: Amoonguss\n|-activate|p1b: Amoonguss|move: Protect\n|move|p2a: Flutter Mane|Hex|p1b: Amoonguss\n|-activate|p1b: Amoonguss|move: Protect\n|move|p1a: Ting-Lu|Heavy Slam|p2a: Flutter Mane\n|-supereffective|p2a: Flutter Mane\n|-damage|p2a: Flutter Mane|49\/100\n|\n|-damage|p1a: Ting-Lu|89\/100 brn|[from] brn\n|upkeep\n|turn|3\n|\n|t:|1682652311\n|switch|p1b: Iron Bundle|Iron Bundle, L50|100\/100\n|-enditem|p1b: Iron Bundle|Booster Energy\n|-activate|p1b: Iron Bundle|ability: Quark Drive|[fromitem]\n|-start|p1b: Iron Bundle|quarkdrivespe\n|move|p2a: Flutter Mane|Protect|p2a: Flutter Mane\n|-singleturn|p2a: Flutter Mane|Protect\n|move|p2b: Talonflame|Taunt|p1b: Iron Bundle\n|-start|p1b: Iron Bundle|move: Taunt\n|move|p1a: Ting-Lu|Ruination|p2b: Talonflame\n|-damage|p2b: Talonflame|26\/100\n|\n|-damage|p1a: Ting-Lu|83\/100 brn|[from] brn\n|upkeep\n|turn|4\n|\n|t:|1682652327\n|switch|p2b: Kingambit|Kingambit, L50, F|100\/100\n|move|p1b: Iron Bundle|Icy Wind|p2a: Flutter Mane|[spread] p2a,p2b\n|-resisted|p2b: Kingambit\n|-damage|p2a: Flutter Mane|35\/100\n|-damage|p2b: Kingambit|92\/100\n|-unboost|p2a: Flutter Mane|spe|1\n|-unboost|p2b: Kingambit|spe|1\n|-ability|p2b: Kingambit|Defiant|boost\n|-boost|p2b: Kingambit|atk|2\n|move|p2a: Flutter Mane|Moonblast|p1b: Iron Bundle\n|-damage|p1b: Iron Bundle|2\/100\n|-unboost|p1b: Iron Bundle|spa|1\n|move|p1a: Ting-Lu|Heavy Slam|p2a: Flutter Mane\n|-supereffective|p2a: Flutter Mane\n|-damage|p2a: Flutter Mane|0 fnt\n|faint|p2a: Flutter Mane\n|-end|p2a: Flutter Mane|Protosynthesis|[silent]\n|\n|-damage|p1a: Ting-Lu|77\/100 brn|[from] brn\n|upkeep\n|\n|t:|1682652345\n|switch|p2a: Chi-Yu|Chi-Yu, L50|100\/100\n|-ability|p2a: Chi-Yu|Beads of Ruin\n|turn|5\n|\n|t:|1682652365\n|switch|p2a: Talonflame|Talonflame, L50, M|26\/100\n|move|p2b: Kingambit|Sucker Punch|p1b: Iron Bundle\n|-damage|p1b: Iron Bundle|0 fnt\n|faint|p1b: Iron Bundle\n|-end|p1b: Iron Bundle|Quark Drive|[silent]\n|move|p1a: Ting-Lu|Fissure|p2b: Kingambit\n|-damage|p2b: Kingambit|0 fnt\n|faint|p2b: Kingambit\n|-ohko\n|\n|-damage|p1a: Ting-Lu|71\/100 brn|[from] brn\n|upkeep\n|c|\u2606modicum of respect|I HATE THIS GAME I HATE THIS GAME I HATE THIS GAME I HATE THIS GAME I HATE THIS GAME I HATE THIS GAME I HATE THIS GAME I HATE THIS GAME I HATE THIS GAME I HATE THIS GAME I HATE THIS GAME I HATE THIS GAME I HATE THIS GAME I HATE THIS GAME I HATE THIS GAME I HATE THIS GAME I HATE THIS GAME I HATE THIS GAME I HATE THIS GAME I HATE THIS GAME I HATE THIS GAME I HATE THIS GAME\n|c|\u2606modicum of respect|SO SHIT\n|c|\u2606SurpriseSensei|xD\n|c|\u2606modicum of respect|I CANT HAVE ONE SINGLE FUCKING TURN GO MY WAY\n|c|\u2606modicum of respect|ALL DAY\n|c|\u2606modicum of respect|ROCK SLIDE DOUBLE CRIT AND A FLINCH\n|c|\u2606modicum of respect|WISP MISS\n|c|\u2606modicum of respect|WISP MISS\n|c|\u2606modicum of respect|WISP MISS\n|c|\u2606modicum of respect|SOME STUPID FUCKING PLAYS\n|c|\u2606modicum of respect|3 REJECTED TEAMSHEETS\n|c|\u2606modicum of respect|UN FUCKING REAL\n|c|\u2606modicum of respect|THIS GAME IS NOT MADE BY REAL HUMANS\n|\n|t:|1682652421\n|switch|p1b: Amoonguss|Amoonguss, L50, F, shiny, tera:Water|100\/100\n|switch|p2b: Chi-Yu|Chi-Yu, L50|100\/100\n|-ability|p2b: Chi-Yu|Beads of Ruin\n|turn|6\n|\n|t:|1682652441\n|-terastallize|p2b: Chi-Yu|Grass\n|move|p2a: Talonflame|Taunt|p1b: Amoonguss\n|-start|p1b: Amoonguss|move: Taunt\n|move|p2b: Chi-Yu|Tera Blast|p1a: Ting-Lu\n|-supereffective|p1a: Ting-Lu\n|-damage|p1a: Ting-Lu|13\/100 brn\n|move|p1a: Ting-Lu|Stomping Tantrum|p2b: Chi-Yu\n|-resisted|p2b: Chi-Yu\n|-damage|p2b: Chi-Yu|86\/100\n|move|p1b: Amoonguss|Pollen Puff|p1a: Ting-Lu\n|-heal|p1a: Ting-Lu|63\/100 brn\n|\n|-damage|p1a: Ting-Lu|57\/100 brn|[from] brn\n|upkeep\n|turn|7\n|\n|t:|1682652465\n|move|p2a: Talonflame|Will-O-Wisp|p1a: Ting-Lu\n|-fail|p1a: Ting-Lu|brn\n|move|p2b: Chi-Yu|Tera Blast|p1a: Ting-Lu\n|-supereffective|p1a: Ting-Lu\n|-damage|p1a: Ting-Lu|4\/100 brn\n|move|p1a: Ting-Lu|Heavy Slam|p2b: Chi-Yu\n|-damage|p2b: Chi-Yu|55\/100\n|move|p1b: Amoonguss|Pollen Puff|p2b: Chi-Yu\n|-supereffective|p2b: Chi-Yu\n|-damage|p2b: Chi-Yu|23\/100\n|\n|-damage|p1a: Ting-Lu|0 fnt|[from] brn\n|faint|p1a: Ting-Lu\n|upkeep\n|\n|t:|1682652477\n|switch|p1a: Maushold|Maushold, L50|100\/100\n|turn|8\n|\n|t:|1682652488\n|move|p2a: Talonflame|Will-O-Wisp|p1a: Maushold\n|-status|p1a: Maushold|brn\n|move|p1a: Maushold|Population Bomb|p2a: Talonflame\n|-damage|p2a: Talonflame|18\/100\n|-damage|p2a: Talonflame|11\/100\n|-damage|p2a: Talonflame|3\/100\n|-damage|p2a: Talonflame|0 fnt\n|faint|p2a: Talonflame\n|-hitcount|p2: Talonflame|4\n|move|p2b: Chi-Yu|Tera Blast|p1a: Maushold\n|-damage|p1a: Maushold|0 fnt\n|faint|p1a: Maushold\n|move|p1b: Amoonguss|Pollen Puff|p2b: Chi-Yu\n|-supereffective|p2b: Chi-Yu\n|-damage|p2b: Chi-Yu|0 fnt\n|faint|p2b: Chi-Yu\n|\n|win|SurpriseSensei\n|raw|SurpriseSensei's rating: 1423 → 1447<\/strong> (+24 for winning)\n|raw|modicum of respect's rating: 1488 → 1464<\/strong> (-24 for losing)\n|c|\u2606modicum of respect|of course youre pop bomb\n","uploadtime":1682652407,"views":3,"p1id":"surprisesensei","p2id":"modicumofrespect","formatid":"gen9vgc2023regulationc","rating":1447,"private":0,"password":""}