{"id":"gen9vgc2023regulationc-1860847171","p1":"RibombeeForUbers","p2":"slimejrlegit","format":"[Gen 9] VGC 2023 Regulation C","log":"|j|\u2606RibombeeForUbers\n|j|\u2606slimejrlegit\n|t:|1683685216\n|gametype|doubles\n|player|p1|RibombeeForUbers|102|1387\n|player|p2|slimejrlegit|169|1479\n|teamsize|p1|6\n|teamsize|p2|6\n|gen|9\n|tier|[Gen 9] VGC 2023 Regulation C\n|rated|\n|rule|Species Clause: Limit one of each Pok\u00e9mon\n|rule|Item Clause: Limit one of each item\n|clearpoke\n|poke|p1|Chi-Yu, L50|\n|poke|p1|Chien-Pao, L50|\n|poke|p1|Iron Moth, L50|\n|poke|p1|Flutter Mane, L50|\n|poke|p1|Palafin, L50, M|\n|poke|p1|Dragonite, L50, M|\n|poke|p2|Abomasnow, L50, F|\n|poke|p2|Iron Bundle, L50|\n|poke|p2|Garchomp, L50, F|\n|poke|p2|Chien-Pao, L50|\n|poke|p2|Flutter Mane, L50|\n|poke|p2|Iron Valiant, L50|\n|teampreview|4\nRibombeeForUbers has agreed to open team sheets.\n|inactive|Battle timer is ON: inactive players will automatically lose when time's up. (requested by slimejrlegit)\nslimejrlegit has agreed to open team sheets.\n|inactive|slimejrlegit has 60 seconds left.\n|c|\u2606RibombeeForUbers|Love the godzilla names\n|\n|t:|1683685290\n|start\n|switch|p1a: Chien-Pao|Chien-Pao, L50|100\/100\n|switch|p1b: Chi-Yu|Chi-Yu, L50|100\/100\n|switch|p2a: GIGANNNNN|Garchomp, L50, F|100\/100\n|switch|p2b: Firing Maser\u2026|Iron Bundle, L50|100\/100\n|-ability|p1b: Chi-Yu|Beads of Ruin\n|-ability|p1a: Chien-Pao|Sword of Ruin\n|-enditem|p2b: Firing Maser\u2026|Booster Energy\n|-activate|p2b: Firing Maser\u2026|ability: Quark Drive|[fromitem]\n|-start|p2b: Firing Maser\u2026|quarkdrivespe\n|turn|1\n|inactive|RibombeeForUbers has 30 seconds left.\n|inactive|slimejrlegit has 30 seconds left.\n|inactive|RibombeeForUbers has 20 seconds left.\n|inactive|slimejrlegit has 20 seconds left.\n|inactive|RibombeeForUbers has 15 seconds left.\n|inactive|slimejrlegit has 15 seconds left.\n|inactive|RibombeeForUbers has 10 seconds left.\n|inactive|slimejrlegit has 10 seconds left.\n|\n|t:|1683685339\n|-terastallize|p1b: Chi-Yu|Water\n|-terastallize|p2a: GIGANNNNN|Fire\n|move|p2b: Firing Maser\u2026|Protect|p2b: Firing Maser\u2026\n|-singleturn|p2b: Firing Maser\u2026|Protect\n|move|p1b: Chi-Yu|Heat Wave|p2b: Firing Maser\u2026|[spread] p2a\n|-activate|p2b: Firing Maser\u2026|move: Protect\n|-resisted|p2a: GIGANNNNN\n|-damage|p2a: GIGANNNNN|75\/100\n|move|p2a: GIGANNNNN|Earthquake|p1b: Chi-Yu|[spread] p1a,p1b\n|-activate|p2b: Firing Maser\u2026|move: Protect\n|-damage|p1a: Chien-Pao|40\/100\n|-damage|p1b: Chi-Yu|0 fnt\n|faint|p1b: Chi-Yu\n|move|p1a: Chien-Pao|Throat Chop|p2a: GIGANNNNN\n|-damage|p2a: GIGANNNNN|20\/100\n|-start|p2a: GIGANNNNN|Throat Chop|[silent]\n|-damage|p1a: Chien-Pao|28\/100|[from] ability: Rough Skin|[of] p2a: GIGANNNNN\n|\n|upkeep\n|\n|t:|1683685355\n|switch|p1b: Dragonite|Dragonite, L50, M|100\/100\n|turn|2\n|\n|t:|1683685369\n|switch|p2a: Biollante|Abomasnow, L50, F|100\/100\n|-weather|Snow|[from] ability: Snow Warning|[of] p2a: Biollante\n|move|p1b: Dragonite|Extreme Speed|p2b: Firing Maser\u2026\n|-damage|p2b: Firing Maser\u2026|55\/100\n|-damage|p1b: Dragonite|91\/100|[from] item: Life Orb\n|move|p1a: Chien-Pao|Ice Shard|p2a: Biollante\n|-damage|p2a: Biollante|83\/100\n|move|p2b: Firing Maser\u2026|Blizzard|p1b: Dragonite|[spread] p1a,p1b\n|-resisted|p1a: Chien-Pao\n|-supereffective|p1b: Dragonite\n|-damage|p1a: Chien-Pao|0 fnt\n|-damage|p1b: Dragonite|0 fnt\n|faint|p1a: Chien-Pao\n|faint|p1b: Dragonite\n|\n|-weather|Snow|[upkeep]\n|upkeep\n|\n|t:|1683685379\n|switch|p1a: Flutter Mane|Flutter Mane, L50|100\/100\n|turn|3\n|c|\u2606slimejrlegit|Gg\n|c|\u2606slimejrlegit|And thanks lol\n|\n|t:|1683685395\n|move|p2b: Firing Maser\u2026|Protect|p2b: Firing Maser\u2026\n|-singleturn|p2b: Firing Maser\u2026|Protect\n|move|p1a: Flutter Mane|Moonblast|p2a: Biollante\n|-damage|p2a: Biollante|20\/100\n|-unboost|p2a: Biollante|spa|1\n|move|p2a: Biollante|Aurora Veil|p2a: Biollante\n|-sidestart|p2: slimejrlegit|move: Aurora Veil\n|\n|-weather|Snow|[upkeep]\n|upkeep\n|turn|4\n|\n|t:|1683685407\n|move|p2b: Firing Maser\u2026|Blizzard|p1a: Flutter Mane\n|-damage|p1a: Flutter Mane|40\/100\n|move|p1a: Flutter Mane|Thunderbolt|p2b: Firing Maser\u2026\n|-supereffective|p2b: Firing Maser\u2026\n|-crit|p2b: Firing Maser\u2026\n|-damage|p2b: Firing Maser\u2026|0 fnt\n|faint|p2b: Firing Maser\u2026\n|-end|p2b: Firing Maser\u2026|Quark Drive|[silent]\n|move|p2a: Biollante|Blizzard|p1a: Flutter Mane\n|-damage|p1a: Flutter Mane|9\/100\n|\n|-weather|Snow|[upkeep]\n|upkeep\n|\n|t:|1683685410\n|switch|p2b: GIGANNNNN|Garchomp, L50, F, tera:Fire|20\/100\n|turn|5\n|\n|t:|1683685415\n|move|p1a: Flutter Mane|Protect|p1a: Flutter Mane\n|-singleturn|p1a: Flutter Mane|Protect\n|move|p2b: GIGANNNNN|Stomping Tantrum|p1a: Flutter Mane\n|-activate|p1a: Flutter Mane|move: Protect\n|move|p2a: Biollante|Blizzard|p1a: Flutter Mane\n|-activate|p1a: Flutter Mane|move: Protect\n|\n|-weather|Snow|[upkeep]\n|upkeep\n|turn|6\n|\n|t:|1683685425\n|switch|p2a: Jet Jaguar|Iron Valiant, L50|100\/100\n|move|p2b: GIGANNNNN|Stomping Tantrum|p1a: Flutter Mane\n|-damage|p1a: Flutter Mane|0 fnt\n|faint|p1a: Flutter Mane\n|-end|p1a: Flutter Mane|Protosynthesis|[silent]\n|\n|win|slimejrlegit\n|raw|RibombeeForUbers's rating: 1387 → 1372<\/strong> (-15 for losing)\n|raw|slimejrlegit's rating: 1479 → 1494<\/strong> (+15 for winning)\n|l|\u2606RibombeeForUbers\n","uploadtime":1683685443,"views":17,"p1id":"ribombeeforubers","p2id":"slimejrlegit","formatid":"gen9vgc2023regulationc","rating":1372,"private":0,"password":""}