{"id":"gen9vgc2023regulationc-1864000385","p1":"ZoryaPet","p2":"BTBlackheart","format":"[Gen 9] VGC 2023 Regulation C","log":"|j|\u2606ZoryaPet\n|j|\u2606BTBlackheart\n|t:|1684103454\n|gametype|doubles\n|player|p1|ZoryaPet|roxie|\n|player|p2|BTBlackheart|gentleman-gen4dp|\n|teamsize|p1|6\n|teamsize|p2|6\n|gen|9\n|tier|[Gen 9] VGC 2023 Regulation C\n|rule|Species Clause: Limit one of each Pok\u00e9mon\n|rule|Item Clause: Limit one of each item\n|clearpoke\n|poke|p1|Gyarados, L50, M|\n|poke|p1|Flutter Mane, L50|\n|poke|p1|Amoonguss, L50, M|\n|poke|p1|Murkrow, L50, M|\n|poke|p1|Gholdengo, L50|\n|poke|p1|Great Tusk, L50|\n|poke|p2|Flutter Mane, L50|\n|poke|p2|Garchomp, L50, F|\n|poke|p2|Gholdengo, L50|\n|poke|p2|Rotom-Wash, L50|\n|poke|p2|Brute Bonnet, L50|\n|poke|p2|Murkrow, L50, F|\n|teampreview|4\nZoryaPet has agreed to open team sheets.\nBTBlackheart has agreed to open team sheets.\n|\n|t:|1684103519\n|start\n|switch|p1a: Nh\u00ecn s\u00fa vl|Amoonguss, L50, M|100\/100\n|switch|p1b: V\u00e0ng kh\u00e8|Gholdengo, L50|100\/100\n|switch|p2a: Murkrow|Murkrow, L50, F|100\/100\n|switch|p2b: Gholdengo|Gholdengo, L50|100\/100\n|turn|1\n|\n|t:|1684103545\n|move|p2b: Gholdengo|Protect|p2b: Gholdengo\n|-singleturn|p2b: Gholdengo|Protect\n|move|p1a: Nh\u00ecn s\u00fa vl|Rage Powder|p1a: Nh\u00ecn s\u00fa vl\n|-singleturn|p1a: Nh\u00ecn s\u00fa vl|move: Rage Powder\n|move|p2a: Murkrow|Tailwind|p2a: Murkrow\n|-sidestart|p2: BTBlackheart|move: Tailwind\n|move|p1b: V\u00e0ng kh\u00e8|Shadow Ball|p2b: Gholdengo\n|-activate|p2b: Gholdengo|move: Protect\n|\n|upkeep\n|turn|2\n|\n|t:|1684103607\n|switch|p2a: Garchomp|Garchomp, L50, F|100\/100\n|-terastallize|p2b: Gholdengo|Water\n|move|p1a: Nh\u00ecn s\u00fa vl|Rage Powder|p1a: Nh\u00ecn s\u00fa vl\n|-singleturn|p1a: Nh\u00ecn s\u00fa vl|move: Rage Powder\n|move|p2b: Gholdengo|Shadow Ball|p1a: Nh\u00ecn s\u00fa vl\n|-damage|p1a: Nh\u00ecn s\u00fa vl|62\/100\n|move|p1b: V\u00e0ng kh\u00e8|Shadow Ball|p2b: Gholdengo\n|-damage|p2b: Gholdengo|55\/100\n|\n|-heal|p2b: Gholdengo|61\/100|[from] item: Leftovers\n|upkeep\n|turn|3\n|\n|t:|1684103634\n|switch|p2b: Rotom|Rotom-Wash, L50|100\/100\n|-terastallize|p1b: V\u00e0ng kh\u00e8|Water\n|move|p1a: Nh\u00ecn s\u00fa vl|Protect|p1a: Nh\u00ecn s\u00fa vl\n|-singleturn|p1a: Nh\u00ecn s\u00fa vl|Protect\n|move|p2a: Garchomp|Earthquake|p1a: Nh\u00ecn s\u00fa vl|[spread] p1b\n|-activate|p1a: Nh\u00ecn s\u00fa vl|move: Protect\n|-immune|p2b: Rotom|[from] ability: Levitate\n|-damage|p1b: V\u00e0ng kh\u00e8|54\/100\n|-damage|p2a: Garchomp|91\/100|[from] item: Life Orb\n|move|p1b: V\u00e0ng kh\u00e8|Nasty Plot|p1b: V\u00e0ng kh\u00e8\n|-boost|p1b: V\u00e0ng kh\u00e8|spa|2\n|\n|-heal|p1b: V\u00e0ng kh\u00e8|60\/100|[from] item: Leftovers\n|upkeep\n|turn|4\n|\n|t:|1684103677\n|move|p1a: Nh\u00ecn s\u00fa vl|Rage Powder|p1a: Nh\u00ecn s\u00fa vl\n|-singleturn|p1a: Nh\u00ecn s\u00fa vl|move: Rage Powder\n|move|p2a: Garchomp|Dragon Claw|p1a: Nh\u00ecn s\u00fa vl\n|-damage|p1a: Nh\u00ecn s\u00fa vl|18\/100\n|-enditem|p1a: Nh\u00ecn s\u00fa vl|Sitrus Berry|[eat]\n|-heal|p1a: Nh\u00ecn s\u00fa vl|43\/100|[from] item: Sitrus Berry\n|-damage|p2a: Garchomp|81\/100|[from] item: Life Orb\n|move|p2b: Rotom|Thunderbolt|p1a: Nh\u00ecn s\u00fa vl\n|-resisted|p1a: Nh\u00ecn s\u00fa vl\n|-damage|p1a: Nh\u00ecn s\u00fa vl|24\/100\n|move|p1b: V\u00e0ng kh\u00e8|Shadow Ball|p2a: Garchomp\n|-crit|p2a: Garchomp\n|-damage|p2a: Garchomp|0 fnt\n|faint|p2a: Garchomp\n|\n|-heal|p1b: V\u00e0ng kh\u00e8|66\/100|[from] item: Leftovers\n|-sideend|p2: BTBlackheart|move: Tailwind\n|upkeep\n|\n|t:|1684103692\n|switch|p2a: Murkrow|Murkrow, L50, F|100\/100\n|turn|5\n|\n|t:|1684103738\n|move|p1b: V\u00e0ng kh\u00e8|Protect|p1b: V\u00e0ng kh\u00e8\n|-singleturn|p1b: V\u00e0ng kh\u00e8|Protect\n|move|p2a: Murkrow|Haze|p2a: Murkrow\n|-clearallboost\n|move|p2b: Rotom|Thunderbolt|p1b: V\u00e0ng kh\u00e8\n|-activate|p1b: V\u00e0ng kh\u00e8|move: Protect\n|move|p1a: Nh\u00ecn s\u00fa vl|Spore|p2b: Rotom\n|-status|p2b: Rotom|slp|[from] move: Spore\n|\n|-heal|p1b: V\u00e0ng kh\u00e8|73\/100|[from] item: Leftovers\n|upkeep\n|turn|6\n|\n|t:|1684103758\n|move|p2a: Murkrow|Tailwind|p2a: Murkrow\n|-sidestart|p2: BTBlackheart|move: Tailwind\n|cant|p2b: Rotom|slp\n|move|p1b: V\u00e0ng kh\u00e8|Nasty Plot|p1b: V\u00e0ng kh\u00e8\n|-boost|p1b: V\u00e0ng kh\u00e8|spa|2\n|move|p1a: Nh\u00ecn s\u00fa vl|Spore|p2a: Murkrow\n|-status|p2a: Murkrow|slp|[from] move: Spore\n|\n|-heal|p1b: V\u00e0ng kh\u00e8|79\/100|[from] item: Leftovers\n|upkeep\n|turn|7\n|-message|BTBlackheart forfeited.\n|\n|win|ZoryaPet\n|l|\u2606BTBlackheart\n","uploadtime":1684103884,"views":9,"p1id":"zoryapet","p2id":"btblackheart","formatid":"gen9vgc2023regulationc","rating":0,"private":0,"password":""}