{"id":"gen9vgc2023regulationc-1850888847","p1":"ScrubShadedPurple","p2":"Trainer_Shuffle","format":"[Gen 9] VGC 2023 Regulation C","log":"|j|\u2606ScrubShadedPurple\n|j|\u2606Trainer_Shuffle\n|t:|1682378681\n|gametype|doubles\n|player|p1|ScrubShadedPurple|265|1218\n|player|p2|Trainer_Shuffle|101|1161\n|teamsize|p1|6\n|teamsize|p2|6\n|gen|9\n|tier|[Gen 9] VGC 2023 Regulation C\n|rated|\n|rule|Species Clause: Limit one of each Pok\u00e9mon\n|rule|Item Clause: Limit one of each item\n|clearpoke\n|poke|p1|Ceruledge, L50, M|\n|poke|p1|Chien-Pao, L50|\n|poke|p1|Amoonguss, L50, F|\n|poke|p1|Corviknight, L50, F|\n|poke|p1|Flutter Mane, L50|\n|poke|p1|Gyarados, L50, M|\n|poke|p2|Ting-Lu, L50|\n|poke|p2|Sableye, L50, F|\n|poke|p2|Abomasnow, L50, M|\n|poke|p2|Dragonite, L50, F|\n|poke|p2|Tauros-Paldea-Blaze, L50, M|\n|poke|p2|Slowbro, L50, F|\n|teampreview|4\n|inactive|Battle timer is ON: inactive players will automatically lose when time's up. (requested by ScrubShadedPurple)\n|inactive|ScrubShadedPurple has 60 seconds left.\n|inactive|Trainer_Shuffle has 60 seconds left.\n|\n|t:|1682378729\n|start\n|switch|p1a: Amoonguss|Amoonguss, L50, F|100\/100\n|switch|p1b: Gyarados|Gyarados, L50, M|100\/100\n|switch|p2a: Ting-Lu|Ting-Lu, L50|100\/100\n|switch|p2b: Abomasnow|Abomasnow, L50, M|100\/100\n|-ability|p1b: Gyarados|Intimidate|boost\n|-unboost|p2a: Ting-Lu|atk|1\n|-unboost|p2b: Abomasnow|atk|1\n|-weather|Snow|[from] ability: Snow Warning|[of] p2b: Abomasnow\n|-ability|p2a: Ting-Lu|Vessel of Ruin\n|turn|1\n|\n|t:|1682378752\n|move|p1b: Gyarados|Taunt|p2b: Abomasnow\n|-start|p2b: Abomasnow|move: Taunt\n|move|p2b: Abomasnow|Blizzard|p1b: Gyarados|[spread] p1a,p1b\n|-supereffective|p1a: Amoonguss\n|-damage|p1a: Amoonguss|68\/100\n|-damage|p1b: Gyarados|80\/100\n|move|p2a: Ting-Lu|Ruination|p1b: Gyarados\n|-damage|p1b: Gyarados|40\/100\n|move|p1a: Amoonguss|Spore|p2a: Ting-Lu\n|-status|p2a: Ting-Lu|slp|[from] move: Spore\n|\n|-weather|Snow|[upkeep]\n|upkeep\n|turn|2\n|inactive|ScrubShadedPurple has 30 seconds left.\n|inactive|Trainer_Shuffle has 30 seconds left.\n|\n|t:|1682378779\n|switch|p1b: Ceruledge|Ceruledge, L50, M, shiny|100\/100\n|move|p2b: Abomasnow|Blizzard|p1b: Ceruledge|[spread] p1a,p1b\n|-supereffective|p1a: Amoonguss\n|-crit|p1a: Amoonguss\n|-resisted|p1b: Ceruledge\n|-damage|p1a: Amoonguss|14\/100\n|-damage|p1b: Ceruledge|92\/100\n|-status|p1a: Amoonguss|frz\n|-enditem|p1a: Amoonguss|Sitrus Berry|[eat]\n|-heal|p1a: Amoonguss|39\/100 frz|[from] item: Sitrus Berry\n|cant|p2a: Ting-Lu|slp\n|cant|p1a: Amoonguss|frz\n|\n|-weather|Snow|[upkeep]\n|upkeep\n|turn|3\n|inactive|ScrubShadedPurple has 30 seconds left.\n|\n|t:|1682378807\n|switch|p2b: Sableye|Sableye, L50, F|100\/100\n|-terastallize|p1b: Ceruledge|Grass\n|move|p1b: Ceruledge|Bulk Up|p1b: Ceruledge\n|-boost|p1b: Ceruledge|atk|1\n|-boost|p1b: Ceruledge|def|1\n|-curestatus|p2a: Ting-Lu|slp|[msg]\n|move|p2a: Ting-Lu|Stomping Tantrum|p1a: Amoonguss\n|-damage|p1a: Amoonguss|7\/100 frz\n|cant|p1a: Amoonguss|frz\n|\n|-weather|Snow|[upkeep]\n|upkeep\n|turn|4\n|inactive|Trainer_Shuffle has 30 seconds left.\n|\n|t:|1682378832\n|move|p2b: Sableye|Fake Out|p1a: Amoonguss\n|-damage|p1a: Amoonguss|0 fnt\n|faint|p1a: Amoonguss\n|move|p1b: Ceruledge|Bitter Blade|p2b: Sableye\n|-damage|p2b: Sableye|36\/100\n|-heal|p1b: Ceruledge|100\/100|[from] drain|[of] p2b: Sableye\n|-enditem|p2b: Sableye|Red Card|[of] p1b: Ceruledge\n|drag|p1b: Flutter Mane|Flutter Mane, L50|100\/100\n|move|p2a: Ting-Lu|Fissure|p1b: Flutter Mane|[miss]\n|-miss|p2a: Ting-Lu|p1b: Flutter Mane\n|\n|-weather|Snow|[upkeep]\n|upkeep\n|\n|t:|1682378853\n|switch|p1a: Gyarados|Gyarados, L50, M|40\/100\n|-ability|p1a: Gyarados|Intimidate|boost\n|-unboost|p2a: Ting-Lu|atk|1\n|-unboost|p2b: Sableye|atk|1\n|turn|5\n|\n|t:|1682378869\n|move|p2b: Sableye|Quash|p1b: Flutter Mane\n|-activate|p1b: Flutter Mane|move: Quash\n|move|p1a: Gyarados|Taunt|p2b: Sableye\n|-start|p2b: Sableye|move: Taunt\n|move|p2a: Ting-Lu|Heavy Slam|p1b: Flutter Mane\n|-supereffective|p1b: Flutter Mane\n|-damage|p1b: Flutter Mane|36\/100\n|move|p1b: Flutter Mane|Dazzling Gleam|p2b: Sableye|[spread] p2a,p2b\n|-supereffective|p2a: Ting-Lu\n|-supereffective|p2b: Sableye\n|-damage|p2a: Ting-Lu|71\/100\n|-damage|p2b: Sableye|0 fnt\n|faint|p2b: Sableye\n|\n|-weather|none\n|upkeep\n|inactive|Trainer_Shuffle has 30 seconds left.\n|\n|t:|1682378898\n|switch|p2b: Abomasnow|Abomasnow, L50, M|100\/100\n|-weather|Snow|[from] ability: Snow Warning|[of] p2b: Abomasnow\n|turn|6\n|\n|t:|1682378916\n|move|p1b: Flutter Mane|Dazzling Gleam|p2b: Abomasnow|[spread] p2a,p2b\n|-supereffective|p2a: Ting-Lu\n|-damage|p2a: Ting-Lu|41\/100\n|-damage|p2b: Abomasnow|76\/100\n|move|p1a: Gyarados|Taunt|p2b: Abomasnow\n|-start|p2b: Abomasnow|move: Taunt\n|cant|p2b: Abomasnow|move: Taunt|Aurora Veil\n|move|p2a: Ting-Lu|Heavy Slam|p1b: Flutter Mane\n|-supereffective|p1b: Flutter Mane\n|-damage|p1b: Flutter Mane|0 fnt\n|faint|p1b: Flutter Mane\n|-end|p1b: Flutter Mane|Protosynthesis|[silent]\n|\n|-weather|Snow|[upkeep]\n|upkeep\n|\n|t:|1682378930\n|switch|p1b: Ceruledge|Ceruledge, L50, M, shiny, tera:Grass|100\/100\n|turn|7\n|\n|t:|1682378938\n|move|p1a: Gyarados|Waterfall|p2a: Ting-Lu\n|-supereffective|p2a: Ting-Lu\n|-crit|p2a: Ting-Lu\n|-damage|p2a: Ting-Lu|0 fnt\n|faint|p2a: Ting-Lu\n|move|p1b: Ceruledge|Bulk Up|p1b: Ceruledge\n|-boost|p1b: Ceruledge|atk|1\n|-boost|p1b: Ceruledge|def|1\n|move|p2b: Abomasnow|Blizzard|p1b: Ceruledge|[spread] p1a,p1b\n|-supereffective|p1b: Ceruledge\n|-damage|p1a: Gyarados|17\/100\n|-damage|p1b: Ceruledge|56\/100\n|-status|p1a: Gyarados|frz\n|-enditem|p1a: Gyarados|Lum Berry|[eat]\n|-curestatus|p1a: Gyarados|frz|[msg]\n|\n|-weather|Snow|[upkeep]\n|upkeep\n|\n|t:|1682378951\n|switch|p2a: Tauros|Tauros-Paldea-Blaze, L50, M|100\/100\n|-ability|p2a: Tauros|Intimidate|boost\n|-unboost|p1a: Gyarados|atk|1\n|-fail|p1b: Ceruledge|unboost|[from] item: Clear Amulet|[of] p1b: Ceruledge\n|turn|8\n|c|\u2606Trainer_Shuffle|I'm so sorry\n|\n|t:|1682378972\n|-terastallize|p2a: Tauros|Fire\n|move|p2a: Tauros|Raging Bull|p1b: Ceruledge\n|-start|p1b: Ceruledge|ability: Flash Fire\n|move|p1a: Gyarados|Thunder Wave|p2a: Tauros\n|-status|p2a: Tauros|par\n|move|p1b: Ceruledge|Bitter Blade|p2b: Abomasnow\n|-supereffective|p2b: Abomasnow\n|-damage|p2b: Abomasnow|0 fnt\n|-heal|p1b: Ceruledge|98\/100|[from] drain|[of] p2b: Abomasnow\n|faint|p2b: Abomasnow\n|\n|-weather|Snow|[upkeep]\n|upkeep\n|turn|9\n|l|\u2606Trainer_Shuffle\n|inactive|Trainer_Shuffle disconnected and has a minute to reconnect!\n|player|p2|\n|inactive|Trainer_Shuffle has 30 seconds left.\n|inactive|Trainer_Shuffle has 20 seconds left.\n|inactive|Trainer_Shuffle has 15 seconds left.\n|inactive|Trainer_Shuffle has 10 seconds left.\n|inactive|Trainer_Shuffle has 5 seconds left.\n|-message|Trainer_Shuffle lost due to inactivity.\n|\n|win|ScrubShadedPurple\n|raw|ScrubShadedPurple's rating: 1218 → 1239<\/strong> (+21 for winning)\n|raw|Trainer_Shuffle's rating: 1161 → 1140<\/strong> (-21 for losing)\n","uploadtime":1682379031,"views":11,"p1id":"scrubshadedpurple","p2id":"trainershuffle","formatid":"gen9vgc2023regulationc","rating":1140,"private":0,"password":""}