{"id":"gen9vgc2023regulationc-1863011170","p1":"yung elmers glue","p2":"karmacut105","format":"[Gen 9] VGC 2023 Regulation C","log":"|j|\u2606yung elmers glue\n|j|\u2606karmacut105\n|t:|1683951961\n|gametype|doubles\n|player|p1|yung elmers glue|265|1406\n|player|p2|karmacut105|266|1328\n|teamsize|p1|6\n|teamsize|p2|6\n|gen|9\n|tier|[Gen 9] VGC 2023 Regulation C\n|rated|\n|rule|Species Clause: Limit one of each Pok\u00e9mon\n|rule|Item Clause: Limit one of each item\n|clearpoke\n|poke|p1|Palafin, L50, M|\n|poke|p1|Arcanine, L50, M|\n|poke|p1|Amoonguss, L50, M|\n|poke|p1|Ting-Lu, L50|\n|poke|p1|Baxcalibur, L50, F|\n|poke|p1|Flutter Mane, L50|\n|poke|p2|Flutter Mane, L50|\n|poke|p2|Torkoal, L50, F|\n|poke|p2|Brute Bonnet, L50|\n|poke|p2|Iron Hands, L50|\n|poke|p2|Dragonite, L50, M|\n|poke|p2|Chien-Pao, L50|\n|teampreview|4\nkarmacut105 has agreed to open team sheets.\n|inactive|Battle timer is ON: inactive players will automatically lose when time's up. (requested by karmacut105)\nyung elmers glue has agreed to open team sheets.\n|\n|t:|1683952010\n|start\n|switch|p1a: Arcanine|Arcanine, L50, M|100\/100\n|switch|p1b: Baxcalibur|Baxcalibur, L50, F|100\/100\n|switch|p2a: me|Flutter Mane, L50|100\/100\n|switch|p2b: Glenn|Iron Hands, L50|100\/100\n|-ability|p1a: Arcanine|Intimidate|boost\n|-unboost|p2a: me|atk|1\n|-unboost|p2b: Glenn|atk|1\n|turn|1\n|\n|t:|1683952029\n|switch|p1b: Ting-Lu|Ting-Lu, L50|100\/100\n|-ability|p1b: Ting-Lu|Vessel of Ruin\n|move|p2b: Glenn|Fake Out|p1a: Arcanine\n|-damage|p1a: Arcanine|90\/100\n|cant|p1a: Arcanine|flinch\n|move|p2a: me|Trick Room|p2a: me\n|-fieldstart|move: Trick Room|[of] p2a: me\n|\n|upkeep\n|turn|2\n|\n|t:|1683952045\n|-terastallize|p1b: Ting-Lu|Poison\n|move|p1b: Ting-Lu|Heavy Slam|p2a: me\n|-supereffective|p2a: me\n|-enditem|p2a: me|Focus Sash\n|-damage|p2a: me|1\/100\n|move|p2b: Glenn|Drain Punch|p1a: Arcanine\n|-damage|p1a: Arcanine|61\/100\n|move|p2a: me|Dazzling Gleam|p1b: Ting-Lu|[spread] p1a,p1b\n|-resisted|p1a: Arcanine\n|-resisted|p1b: Ting-Lu\n|-damage|p1a: Arcanine|48\/100\n|-damage|p1b: Ting-Lu|95\/100\n|move|p1a: Arcanine|Howl|p1a: Arcanine|[spread] p1a,p1b\n|-boost|p1a: Arcanine|atk|1\n|-boost|p1b: Ting-Lu|atk|1\n|\n|upkeep\n|turn|3\n|inactive|karmacut105 has 30 seconds left.\n|\n|t:|1683952075\n|move|p2a: me|Protect|p2a: me\n|-singleturn|p2a: me|Protect\n|move|p1b: Ting-Lu|Ruination|p2b: Glenn\n|-damage|p2b: Glenn|51\/100\n|move|p2b: Glenn|Heavy Slam|p1b: Ting-Lu\n|-damage|p1b: Ting-Lu|89\/100\n|move|p1a: Arcanine|Flare Blitz|p2a: me\n|-activate|p2a: me|move: Protect\n|\n|upkeep\n|turn|4\n|inactive|karmacut105 has 30 seconds left.\n|inactive|karmacut105 has 20 seconds left.\n|inactive|karmacut105 has 15 seconds left.\n|\n|t:|1683952119\n|-end|p2b: Glenn|Quark Drive|[silent]\n|switch|p2b: Nick|Chien-Pao, L50|100\/100\n|-ability|p2b: Nick|Sword of Ruin\n|-end|p2a: me|Protosynthesis|[silent]\n|switch|p2a: Gill|Torkoal, L50, F|100\/100\n|-weather|SunnyDay|[from] ability: Drought|[of] p2a: Gill\n|move|p1b: Ting-Lu|Stomping Tantrum|p2b: Nick\n|-damage|p2b: Nick|35\/100\n|move|p1a: Arcanine|Flare Blitz|p2a: Gill\n|-resisted|p2a: Gill\n|-damage|p2a: Gill|48\/100\n|-damage|p1a: Arcanine|32\/100|[from] Recoil\n|\n|-weather|SunnyDay|[upkeep]\n|upkeep\n|turn|5\n|inactive|karmacut105 has 30 seconds left.\n|\n|t:|1683952148\n|switch|p2b: Glenn|Iron Hands, L50|51\/100\n|move|p2a: Gill|Earth Power|p1b: Ting-Lu\n|-supereffective|p1b: Ting-Lu\n|-damage|p1b: Ting-Lu|72\/100\n|move|p1b: Ting-Lu|Stomping Tantrum|p2a: Gill\n|-supereffective|p2a: Gill\n|-damage|p2a: Gill|0 fnt\n|faint|p2a: Gill\n|move|p1a: Arcanine|Flare Blitz|p2b: Glenn\n|-damage|p2b: Glenn|0 fnt\n|faint|p2b: Glenn\n|-end|p2b: Glenn|Quark Drive|[silent]\n|-damage|p1a: Arcanine|13\/100|[from] Recoil\n|\n|-weather|SunnyDay|[upkeep]\n|-fieldend|move: Trick Room\n|upkeep\n|\n|t:|1683952163\n|switch|p2b: Nick|Chien-Pao, L50|35\/100\n|switch|p2a: me|Flutter Mane, L50|1\/100\n|-ability|p2b: Nick|Sword of Ruin\n|-activate|p2a: me|ability: Protosynthesis\n|-start|p2a: me|protosynthesisspa\n|turn|6\n|\n|t:|1683952182\n|switch|p1a: Baxcalibur|Baxcalibur, L50, F|100\/100\n|move|p2b: Nick|Ice Spinner|p1b: Ting-Lu\n|-damage|p1b: Ting-Lu|36\/100\n|-damage|p2b: Nick|25\/100|[from] item: Life Orb\n|move|p2a: me|Dazzling Gleam|p1a: Baxcalibur|[spread] p1a,p1b\n|-supereffective|p1a: Baxcalibur\n|-resisted|p1b: Ting-Lu\n|-damage|p1a: Baxcalibur|46\/100\n|-damage|p1b: Ting-Lu|28\/100\n|move|p1b: Ting-Lu|Heavy Slam|p2a: me\n|-supereffective|p2a: me\n|-damage|p2a: me|0 fnt\n|faint|p2a: me\n|-end|p2a: me|Protosynthesis|[silent]\n|\n|-weather|SunnyDay|[upkeep]\n|upkeep\n|turn|7\n|\n|t:|1683952202\n|move|p2b: Nick|Ice Spinner|p1b: Ting-Lu\n|-damage|p1b: Ting-Lu|0 fnt\n|faint|p1b: Ting-Lu\n|-damage|p2b: Nick|16\/100|[from] item: Life Orb\n|move|p1a: Baxcalibur|Glaive Rush|p2b: Nick\n|-damage|p2b: Nick|0 fnt\n|-singlemove|p1a: Baxcalibur|Glaive Rush|[silent]\n|faint|p2b: Nick\n|\n|win|yung elmers glue\n|raw|yung elmers glue's rating: 1406 → 1422<\/strong> (+16 for winning)\n|raw|karmacut105's rating: 1328 → 1312<\/strong> (-16 for losing)\n|l|\u2606karmacut105\n|l|\u2606yung elmers glue\n","uploadtime":1683952621,"views":10,"p1id":"yungelmersglue","p2id":"karmacut105","formatid":"gen9vgc2023regulationc","rating":1312,"private":0,"password":""}