{"id":"gen9vgc2023regulationc-1846913790","p1":"Ellvaekyoo","p2":"aazerx","format":"[Gen 9] VGC 2023 Regulation C","log":"|j|\u2606Ellvaekyoo\n|j|\u2606aazerx\n|t:|1681900123\n|gametype|doubles\n|player|p1|Ellvaekyoo|blaine|1094\n|player|p2|aazerx|1|1104\n|teamsize|p1|6\n|teamsize|p2|6\n|gen|9\n|tier|[Gen 9] VGC 2023 Regulation C\n|rated|\n|rule|Species Clause: Limit one of each Pok\u00e9mon\n|rule|Item Clause: Limit one of each item\n|clearpoke\n|poke|p1|Glimmora, L50, M|\n|poke|p1|Wo-Chien, L50|\n|poke|p1|Flutter Mane, L50|\n|poke|p1|Arcanine, L50, F|\n|poke|p1|Dondozo, L50, M|\n|poke|p1|Tatsugiri, L50, F|\n|poke|p2|Palafin, L50, F|\n|poke|p2|Dragapult, L50, F|\n|poke|p2|Chien-Pao, L50|\n|poke|p2|Arcanine, L50, F|\n|poke|p2|Grimmsnarl, L50, M|\n|poke|p2|Muk, L50, F|\n|teampreview|4\n|inactive|Battle timer is ON: inactive players will automatically lose when time's up. (requested by Ellvaekyoo)\n|inactive|aazerx has 60 seconds left.\n|inactive|aazerx has 30 seconds left.\n|\n|t:|1681900185\n|start\n|switch|p1a: Arcanine|Arcanine, L50, F|100\/100\n|switch|p1b: Wo-Chien|Wo-Chien, L50|100\/100\n|switch|p2a: Palafin|Palafin, L50, F|100\/100\n|switch|p2b: Dragapult|Dragapult, L50, F|100\/100\n|-ability|p1a: Arcanine|Intimidate|boost\n|-unboost|p2a: Palafin|atk|1\n|-unboost|p2b: Dragapult|atk|1\n|-ability|p1b: Wo-Chien|Tablets of Ruin\n|turn|1\n|\n|t:|1681900205\n|move|p2b: Dragapult|U-turn|p1b: Wo-Chien\n|-supereffective|p1b: Wo-Chien\n|-damage|p1b: Wo-Chien|38\/100\n|\n|t:|1681900217\n|switch|p2b: Grimmsnarl|Grimmsnarl, L50, M|100\/100|[from] U-turn\n|move|p1a: Arcanine|Snarl|p2a: Palafin|[spread] p2a,p2b\n|-resisted|p2b: Grimmsnarl\n|-damage|p2a: Palafin|90\/100\n|-damage|p2b: Grimmsnarl|99\/100\n|-unboost|p2a: Palafin|spa|1\n|-unboost|p2b: Grimmsnarl|spa|1\n|move|p2a: Palafin|Wave Crash|p1a: Arcanine\n|-supereffective|p1a: Arcanine\n|-damage|p1a: Arcanine|48\/100\n|-enditem|p1a: Arcanine|Sitrus Berry|[eat]\n|-heal|p1a: Arcanine|73\/100|[from] item: Sitrus Berry\n|-damage|p2a: Palafin|73\/100|[from] Recoil\n|move|p1b: Wo-Chien|Leech Seed|p2a: Palafin\n|-start|p2a: Palafin|move: Leech Seed\n|\n|-damage|p2a: Palafin|61\/100|[from] Leech Seed|[of] p1b: Wo-Chien\n|-heal|p1b: Wo-Chien|55\/100|[silent]\n|upkeep\n|turn|2\n|inactive|Ellvaekyoo has 30 seconds left.\n|inactive|aazerx has 30 seconds left.\n|inactive|aazerx has 20 seconds left.\n|\n|t:|1681900256\n|detailschange|p2a: Palafin|Palafin-Hero, L50, F\n|switch|p2a: Dragapult|Dragapult, L50, F|100\/100\n|move|p2b: Grimmsnarl|Parting Shot|p1a: Arcanine\n|-unboost|p1a: Arcanine|atk|1\n|-unboost|p1a: Arcanine|spa|1\n|\n|t:|1681900266\n|switch|p2b: Muk|Muk, L50, F|100\/100|[from] Parting Shot\n|move|p1a: Arcanine|Will-O-Wisp|p2a: Dragapult\n|-status|p2a: Dragapult|brn\n|move|p1b: Wo-Chien|Knock Off|p2a: Dragapult\n|-supereffective|p2a: Dragapult\n|-damage|p2a: Dragapult|22\/100 brn\n|-enditem|p2a: Dragapult|Choice Band|[from] move: Knock Off|[of] p1b: Wo-Chien\n|\n|-damage|p2a: Dragapult|16\/100 brn|[from] brn\n|upkeep\n|turn|3\n|\n|t:|1681900285\n|switch|p1a: Glimmora|Glimmora, L50, M|100\/100\n|move|p1b: Wo-Chien|Protect|p1b: Wo-Chien\n|-singleturn|p1b: Wo-Chien|Protect\n|move|p2a: Dragapult|U-turn|p1b: Wo-Chien\n|-activate|p1b: Wo-Chien|move: Protect\n|move|p2b: Muk|Toxic|p1a: Glimmora\n|-immune|p1a: Glimmora\n|\n|-damage|p2a: Dragapult|10\/100 brn|[from] brn\n|upkeep\n|turn|4\n|inactive|Ellvaekyoo has 30 seconds left.\n|inactive|aazerx has 30 seconds left.\n|\n|t:|1681900317\n|switch|p1b: Arcanine|Arcanine, L50, F|73\/100\n|-ability|p1b: Arcanine|Intimidate|boost\n|-unboost|p2a: Dragapult|atk|1\n|-unboost|p2b: Muk|atk|1\n|move|p2b: Muk|Protect|p2b: Muk\n|-singleturn|p2b: Muk|Protect\n|move|p2a: Dragapult|U-turn|p1b: Arcanine\n|-resisted|p1b: Arcanine\n|-damage|p1b: Arcanine|70\/100\n|\n|t:|1681900332\n|switch|p2a: Grimmsnarl|Grimmsnarl, L50, M|99\/100|[from] U-turn\n|move|p1a: Glimmora|Power Gem|p2b: Muk\n|-activate|p2b: Muk|move: Protect\n|\n|upkeep\n|turn|5\n|\n|t:|1681900351\n|move|p1a: Glimmora|Sludge Bomb|p2a: Grimmsnarl\n|-supereffective|p2a: Grimmsnarl\n|-damage|p2a: Grimmsnarl|21\/100\n|-status|p2a: Grimmsnarl|psn\n|move|p1b: Arcanine|Will-O-Wisp|p2b: Muk\n|-status|p2b: Muk|brn\n|move|p2a: Grimmsnarl|Drain Punch|p1a: Glimmora\n|-damage|p1a: Glimmora|73\/100\n|-heal|p2a: Grimmsnarl|32\/100 psn|[from] drain|[of] p1a: Glimmora\n|-activate|p1a: Glimmora|ability: Toxic Debris\n|-sidestart|p2: aazerx|move: Toxic Spikes\n|move|p2b: Muk|Toxic|p1b: Arcanine\n|-status|p1b: Arcanine|tox\n|\n|-damage|p1b: Arcanine|64\/100 tox|[from] psn\n|-damage|p2a: Grimmsnarl|20\/100 psn|[from] psn\n|-damage|p2b: Muk|94\/100 brn|[from] brn\n|upkeep\n|turn|6\n|inactive|Ellvaekyoo has 30 seconds left.\n|inactive|aazerx has 30 seconds left.\n|inactive|Ellvaekyoo has 20 seconds left.\n|inactive|Ellvaekyoo has 15 seconds left.\n|inactive|Ellvaekyoo has 10 seconds left.\n|\n|t:|1681900397\n|switch|p1b: Wo-Chien|Wo-Chien, L50|55\/100\n|-ability|p1b: Wo-Chien|Tablets of Ruin\n|move|p2a: Grimmsnarl|Light Screen|p2a: Grimmsnarl\n|-sidestart|p2: aazerx|move: Light Screen\n|move|p1a: Glimmora|Power Gem|p2b: Muk\n|-damage|p2b: Muk|75\/100 brn\n|move|p2b: Muk|Rock Slide|p1a: Glimmora|[spread] p1a,p1b\n|-damage|p1a: Glimmora|68\/100\n|-damage|p1b: Wo-Chien|52\/100\n|-activate|p1a: Glimmora|ability: Toxic Debris\n|-sidestart|p2: aazerx|move: Toxic Spikes\n|\n|-heal|p2b: Muk|81\/100 brn|[from] item: Leftovers\n|-damage|p2a: Grimmsnarl|7\/100 psn|[from] psn\n|-damage|p2b: Muk|75\/100 brn|[from] brn\n|upkeep\n|turn|7\n|inactive|Ellvaekyoo has 30 seconds left.\n|inactive|aazerx has 30 seconds left.\n|inactive|Ellvaekyoo has 20 seconds left.\n|inactive|aazerx has 20 seconds left.\n|inactive|Ellvaekyoo has 15 seconds left.\n|inactive|aazerx has 15 seconds left.\n|\n|t:|1681900439\n|move|p1a: Glimmora|Earth Power|p2b: Muk\n|-supereffective|p2b: Muk\n|-crit|p2b: Muk\n|-damage|p2b: Muk|13\/100 brn\n|move|p1b: Wo-Chien|Knock Off|p2b: Muk\n|-damage|p2b: Muk|0 fnt\n|-enditem|p2b: Muk|Leftovers|[from] move: Knock Off|[of] p1b: Wo-Chien\n|faint|p2b: Muk\n|move|p2a: Grimmsnarl|Drain Punch|p1b: Wo-Chien\n|-supereffective|p1b: Wo-Chien\n|-damage|p1b: Wo-Chien|27\/100\n|-heal|p2a: Grimmsnarl|19\/100 psn|[from] drain|[of] p1b: Wo-Chien\n|\n|-damage|p2a: Grimmsnarl|7\/100 psn|[from] psn\n|upkeep\n|\n|t:|1681900452\n|switch|p2b: Dragapult|Dragapult, L50, F|10\/100 brn\n|turn|8\n|\n|t:|1681900476\n|switch|p1a: Arcanine|Arcanine, L50, F|64\/100 tox\n|-ability|p1a: Arcanine|Intimidate|boost\n|-unboost|p2a: Grimmsnarl|atk|1\n|-unboost|p2b: Dragapult|atk|1\n|move|p1b: Wo-Chien|Protect|p1b: Wo-Chien\n|-singleturn|p1b: Wo-Chien|Protect\n|move|p2b: Dragapult|Dragon Darts|p1a: Arcanine\n|-damage|p1a: Arcanine|58\/100 tox\n|-anim|p2b: Dragapult|Dragon Darts|p1a: Arcanine\n|-damage|p1a: Arcanine|50\/100 tox\n|move|p2a: Grimmsnarl|Drain Punch|p1a: Arcanine\n|-damage|p1a: Arcanine|39\/100 tox\n|-heal|p2a: Grimmsnarl|12\/100 psn|[from] drain|[of] p1a: Arcanine\n|\n|-damage|p1a: Arcanine|33\/100 tox|[from] psn\n|-damage|p2a: Grimmsnarl|0 fnt|[from] psn\n|faint|p2a: Grimmsnarl\n|-damage|p2b: Dragapult|4\/100 brn|[from] brn\n|upkeep\n|c|\u2606Ellvaekyoo|hehehehe\n|c|\u2606Ellvaekyoo|lol\n|\n|t:|1681900493\n|switch|p2a: Palafin|Palafin-Hero, L50, F|61\/100\n|-status|p2a: Palafin|tox\n|-activate|p2a: Palafin|ability: Zero to Hero\n|turn|9\n|inactive|Ellvaekyoo has 30 seconds left.\n|inactive|Ellvaekyoo has 20 seconds left.\n|\n|t:|1681900529\n|move|p1b: Wo-Chien|Protect||[still]\n|-fail|p1b: Wo-Chien\n|move|p1a: Arcanine|Extreme Speed|p2a: Palafin\n|-damage|p2a: Palafin|47\/100 tox\n|move|p2a: Palafin|Jet Punch|p1a: Arcanine\n|-supereffective|p1a: Arcanine\n|-damage|p1a: Arcanine|0 fnt\n|faint|p1a: Arcanine\n|move|p2b: Dragapult|U-turn|p1b: Wo-Chien\n|-supereffective|p1b: Wo-Chien\n|-damage|p1b: Wo-Chien|5\/100\n|\n|-damage|p2a: Palafin|41\/100 tox|[from] psn\n|-damage|p2b: Dragapult|0 fnt|[from] brn\n|faint|p2b: Dragapult\n|upkeep\n|c|\u2606Ellvaekyoo|ouch haha\n|c|\u2606Ellvaekyoo|and then\n|\n|t:|1681900549\n|switch|p1a: Glimmora|Glimmora, L50, M|68\/100\n|turn|10\n|\n|t:|1681900557\n|-terastallize|p1a: Glimmora|Grass\n|move|p1b: Wo-Chien|Protect|p1b: Wo-Chien\n|-singleturn|p1b: Wo-Chien|Protect\n|move|p2a: Palafin|Jet Punch|p1a: Glimmora\n|-resisted|p1a: Glimmora\n|-damage|p1a: Glimmora|45\/100\n|move|p1a: Glimmora|Energy Ball|p2a: Palafin\n|-supereffective|p2a: Palafin\n|-damage|p2a: Palafin|0 fnt\n|faint|p2a: Palafin\n|\n|win|Ellvaekyoo\n|raw|Ellvaekyoo's rating: 1094 → 1121<\/strong> (+27 for winning)\n|raw|aazerx's rating: 1104 → 1078<\/strong> (-26 for losing)\n|l|\u2606aazerx\n|c|\u2606Ellvaekyoo|xd\n","uploadtime":1681900570,"views":12,"p1id":"ellvaekyoo","p2id":"aazerx","formatid":"gen9vgc2023regulationc","rating":1078,"private":0,"password":""}