{"id":"gen9vgc2023regulationc-1849998109","p1":"WillieDangerously","p2":"Saberyoko","format":"[Gen 9] VGC 2023 Regulation C","log":"|j|\u2606WillieDangerously\n|j|\u2606Saberyoko\n|t:|1682276411\n|gametype|doubles\n|player|p1|WillieDangerously|psychic-gen4|1100\n|player|p2|Saberyoko|170|1019\n|teamsize|p1|6\n|teamsize|p2|4\n|gen|9\n|tier|[Gen 9] VGC 2023 Regulation C\n|rated|\n|rule|Species Clause: Limit one of each Pok\u00e9mon\n|rule|Item Clause: Limit one of each item\n|clearpoke\n|poke|p1|Espathra, L50, F|\n|poke|p1|Iron Bundle, L50|\n|poke|p1|Iron Valiant, L50|\n|poke|p1|Salamence, L50, F|\n|poke|p1|Scizor, L50, F|\n|poke|p1|Sandy Shocks, L50|\n|poke|p2|Revavroom, L50, M|\n|poke|p2|Rabsca, L50, M|\n|poke|p2|Mabosstiff, L50, F|\n|poke|p2|Cetitan, L50, M|\n|teampreview|4\n|\n|t:|1682276446\n|start\n|switch|p1a: Sandy Shocks|Sandy Shocks, L50|100\/100\n|switch|p1b: Iron Valiant|Iron Valiant, L50|100\/100\n|switch|p2a: Revavroom|Revavroom, L50, M|100\/100\n|switch|p2b: Mabosstiff|Mabosstiff, L50, F|100\/100\n|-enditem|p1a: Sandy Shocks|Booster Energy\n|-activate|p1a: Sandy Shocks|ability: Protosynthesis|[fromitem]\n|-start|p1a: Sandy Shocks|protosynthesisspe\n|turn|1\n|\n|t:|1682276469\n|switch|p2b: Rabsca|Rabsca, L50, M|100\/100\n|-terastallize|p1a: Sandy Shocks|Ghost\n|-terastallize|p2a: Revavroom|Fire\n|move|p1b: Iron Valiant|Protect|p1b: Iron Valiant\n|-singleturn|p1b: Iron Valiant|Protect\n|move|p1a: Sandy Shocks|Gravity|p1a: Sandy Shocks\n|-fieldstart|move: Gravity\n|move|p2a: Revavroom|Shift Gear|p2a: Revavroom\n|-boost|p2a: Revavroom|spe|2\n|-boost|p2a: Revavroom|atk|1\n|\n|upkeep\n|turn|2\n|\n|t:|1682276504\n|move|p1a: Sandy Shocks|Earth Power|p2a: Revavroom\n|-supereffective|p2a: Revavroom\n|-damage|p2a: Revavroom|42\/100\n|-enditem|p2a: Revavroom|Sitrus Berry|[eat]\n|-heal|p2a: Revavroom|67\/100|[from] item: Sitrus Berry\n|move|p2a: Revavroom|Tera Blast|p1a: Sandy Shocks\n|-crit|p1a: Sandy Shocks\n|-damage|p1a: Sandy Shocks|20\/100\n|move|p1b: Iron Valiant|Hypnosis|p2a: Revavroom\n|-status|p2a: Revavroom|slp|[from] move: Hypnosis\n|move|p2b: Rabsca|Shadow Ball|p1a: Sandy Shocks\n|-supereffective|p1a: Sandy Shocks\n|-damage|p1a: Sandy Shocks|0 fnt\n|faint|p1a: Sandy Shocks\n|-end|p1a: Sandy Shocks|Protosynthesis|[silent]\n|\n|upkeep\n|\n|t:|1682276520\n|switch|p1a: Iron Bundle|Iron Bundle, L50|100\/100\n|turn|3\n|\n|t:|1682276531\n|cant|p2a: Revavroom|slp\n|move|p1a: Iron Bundle|Hydro Pump|p2a: Revavroom\n|-supereffective|p2a: Revavroom\n|-damage|p2a: Revavroom|0 fnt\n|faint|p2a: Revavroom\n|move|p1b: Iron Valiant|Hypnosis|p2b: Rabsca\n|-status|p2b: Rabsca|slp|[from] move: Hypnosis\n|cant|p2b: Rabsca|slp\n|\n|upkeep\n|\n|t:|1682276544\n|switch|p2a: Mabosstiff|Mabosstiff, L50, F|100\/100\n|turn|4\n|\n|t:|1682276559\n|move|p1a: Iron Bundle|Blizzard|p2b: Rabsca|[spread] p2a,p2b\n|-damage|p2a: Mabosstiff|58\/100\n|-damage|p2b: Rabsca|76\/100 slp\n|move|p1b: Iron Valiant|Focus Blast|p2a: Mabosstiff\n|-supereffective|p2a: Mabosstiff\n|-damage|p2a: Mabosstiff|0 fnt\n|faint|p2a: Mabosstiff\n|cant|p2b: Rabsca|slp\n|\n|upkeep\n|\n|t:|1682276569\n|switch|p2a: Cetitan|Cetitan, L50, M|100\/100\n|turn|5\n|\n|t:|1682276588\n|move|p1a: Iron Bundle|Hydro Pump|p2b: Rabsca\n|-crit|p2b: Rabsca\n|-damage|p2b: Rabsca|29\/100 slp\n|move|p1b: Iron Valiant|Moonblast|p2b: Rabsca\n|-damage|p2b: Rabsca|0 fnt\n|faint|p2b: Rabsca\n|move|p2a: Cetitan|Ice Spinner|p1b: Iron Valiant\n|-damage|p1b: Iron Valiant|54\/100\n|\n|-fieldend|move: Gravity\n|upkeep\n|turn|6\n|\n|t:|1682276602\n|move|p1b: Iron Valiant|Protect|p1b: Iron Valiant\n|-singleturn|p1b: Iron Valiant|Protect\n|move|p1a: Iron Bundle|Hydro Pump|p2a: Cetitan\n|-damage|p2a: Cetitan|57\/100\n|move|p2a: Cetitan|Ice Spinner|p1b: Iron Valiant\n|-activate|p1b: Iron Valiant|move: Protect\n|\n|upkeep\n|turn|7\n|\n|t:|1682276616\n|move|p1a: Iron Bundle|Blizzard|p2a: Cetitan\n|-resisted|p2a: Cetitan\n|-damage|p2a: Cetitan|47\/100\n|move|p1b: Iron Valiant|Hypnosis|p2a: Cetitan|[miss]\n|-miss|p1b: Iron Valiant|p2a: Cetitan\n|move|p2a: Cetitan|Ice Spinner|p1b: Iron Valiant\n|-crit|p1b: Iron Valiant\n|-damage|p1b: Iron Valiant|0 fnt\n|faint|p1b: Iron Valiant\n|-end|p1b: Iron Valiant|Quark Drive|[silent]\n|\n|upkeep\n|\n|t:|1682276624\n|switch|p1b: Scizor|Scizor, L50, F|100\/100\n|turn|8\n|\n|t:|1682276633\n|move|p1b: Scizor|Bullet Punch|p2a: Cetitan\n|-supereffective|p2a: Cetitan\n|-damage|p2a: Cetitan|0 fnt\n|faint|p2a: Cetitan\n|\n|win|WillieDangerously\n|raw|WillieDangerously's rating: 1100 → 1119<\/strong> (+19 for winning)\n|raw|Saberyoko's rating: 1019 → 1009<\/strong> (-10 for losing)\n","uploadtime":1682276636,"views":7,"p1id":"williedangerously","p2id":"saberyoko","formatid":"gen9vgc2023regulationc","rating":1009,"private":0,"password":""}