{"id":"gen9vgc2023regulationc-1858645046","p1":"SkiFreeYeti","p2":"arcaninesrules","format":"[Gen 9] VGC 2023 Regulation C","log":"|j|\u2606SkiFreeYeti\n|j|\u2606arcaninesrules\n|t:|1683336661\n|gametype|doubles\n|player|p1|SkiFreeYeti|169|1300\n|player|p2|arcaninesrules|266|1289\n|teamsize|p1|6\n|teamsize|p2|6\n|gen|9\n|tier|[Gen 9] VGC 2023 Regulation C\n|rated|\n|rule|Species Clause: Limit one of each Pok\u00e9mon\n|rule|Item Clause: Limit one of each item\n|clearpoke\n|poke|p1|Chien-Pao, L50|\n|poke|p1|Great Tusk, L50|\n|poke|p1|Flutter Mane, L50|\n|poke|p1|Torkoal, L50, F|\n|poke|p1|Talonflame, L50, M|\n|poke|p1|Rotom-Wash, L50|\n|poke|p2|Chi-Yu, L50|\n|poke|p2|Flutter Mane, L50|\n|poke|p2|Chien-Pao, L50|\n|poke|p2|Gyarados, L50, F|\n|poke|p2|Amoonguss, L50, F|\n|poke|p2|Iron Hands, L50|\n|teampreview|4\narcaninesrules has agreed to open team sheets.\nSkiFreeYeti has agreed to open team sheets.\n|\n|t:|1683336693\n|start\n|switch|p1a: Talonflame|Talonflame, L50, M|100\/100\n|switch|p1b: Rotom|Rotom-Wash, L50|100\/100\n|switch|p2a: Gyarados|Gyarados, L50, F|100\/100\n|switch|p2b: Iron Hands|Iron Hands, L50|100\/100\n|-ability|p2a: Gyarados|Intimidate|boost\n|-unboost|p1a: Talonflame|atk|1\n|-unboost|p1b: Rotom|atk|1\n|turn|1\n|inactive|Battle timer is ON: inactive players will automatically lose when time's up. (requested by arcaninesrules)\n|\n|t:|1683336703\n|move|p1a: Talonflame|Protect|p1a: Talonflame\n|-singleturn|p1a: Talonflame|Protect\n|move|p1b: Rotom|Protect|p1b: Rotom\n|-singleturn|p1b: Rotom|Protect\n|move|p2b: Iron Hands|Fake Out|p1b: Rotom\n|-activate|p1b: Rotom|move: Protect\n|move|p2a: Gyarados|Waterfall|p1a: Talonflame\n|-activate|p1a: Talonflame|move: Protect\n|\n|upkeep\n|turn|2\n|\n|t:|1683336717\n|-terastallize|p2a: Gyarados|Steel\n|move|p1a: Talonflame|Tailwind|p1a: Talonflame\n|-sidestart|p1: SkiFreeYeti|move: Tailwind\n|move|p1b: Rotom|Will-O-Wisp|p2b: Iron Hands|[miss]\n|-miss|p1b: Rotom|p2b: Iron Hands\n|move|p2a: Gyarados|Waterfall|p1a: Talonflame\n|-supereffective|p1a: Talonflame\n|-damage|p1a: Talonflame|0 fnt\n|faint|p1a: Talonflame\n|move|p2b: Iron Hands|Volt Switch|p1b: Rotom\n|-damage|p1b: Rotom|86\/100\n|\n|t:|1683336727\n|-end|p2b: Iron Hands|Quark Drive|[silent]\n|switch|p2b: Flutter Mane|Flutter Mane, L50|100\/100|[from] Volt Switch\n|-enditem|p2b: Flutter Mane|Booster Energy\n|-activate|p2b: Flutter Mane|ability: Protosynthesis|[fromitem]\n|-start|p2b: Flutter Mane|protosynthesisspe\n|\n|upkeep\n|\n|t:|1683336733\n|switch|p1a: Great Tusk|Great Tusk, L50|100\/100\n|turn|3\n|\n|t:|1683336752\n|switch|p2a: Iron Hands|Iron Hands, L50|100\/100\n|-terastallize|p1a: Great Tusk|Ground\n|move|p1a: Great Tusk|Earthquake|p2b: Flutter Mane|[spread] p2a,p2b\n|-immune|p1b: Rotom|[from] ability: Levitate\n|-supereffective|p2a: Iron Hands\n|-damage|p2a: Iron Hands|20\/100\n|-damage|p2b: Flutter Mane|3\/100\n|-damage|p1a: Great Tusk|91\/100|[from] item: Life Orb\n|move|p2b: Flutter Mane|Moonblast|p1a: Great Tusk\n|-damage|p1a: Great Tusk|34\/100\n|move|p1b: Rotom|Thunderbolt|p2b: Flutter Mane\n|-damage|p2b: Flutter Mane|0 fnt\n|faint|p2b: Flutter Mane\n|-end|p2b: Flutter Mane|Protosynthesis|[silent]\n|\n|upkeep\n|\n|t:|1683336756\n|switch|p2b: Gyarados|Gyarados, L50, F, tera:Steel|100\/100\n|-ability|p2b: Gyarados|Intimidate|boost\n|-unboost|p1a: Great Tusk|atk|1\n|-unboost|p1b: Rotom|atk|1\n|turn|4\n|inactive|SkiFreeYeti has 30 seconds left.\n|inactive|arcaninesrules has 30 seconds left.\n|\n|t:|1683336793\n|move|p1a: Great Tusk|Protect|p1a: Great Tusk\n|-singleturn|p1a: Great Tusk|Protect\n|move|p1b: Rotom|Will-O-Wisp|p2b: Gyarados\n|-status|p2b: Gyarados|brn\n|move|p2b: Gyarados|Dragon Dance|p2b: Gyarados\n|-boost|p2b: Gyarados|atk|1\n|-boost|p2b: Gyarados|spe|1\n|move|p2a: Iron Hands|Volt Switch|p1b: Rotom\n|-damage|p1b: Rotom|71\/100\n|\n|t:|1683336800\n|-end|p2a: Iron Hands|Quark Drive|[silent]\n|switch|p2a: Chi-Yu|Chi-Yu, L50|100\/100|[from] Volt Switch\n|-ability|p2a: Chi-Yu|Beads of Ruin\n|\n|-damage|p2b: Gyarados|94\/100 brn|[from] brn\n|upkeep\n|turn|5\n|\n|t:|1683336818\n|move|p2a: Chi-Yu|Protect|p2a: Chi-Yu\n|-singleturn|p2a: Chi-Yu|Protect\n|move|p1a: Great Tusk|Close Combat|p2a: Chi-Yu\n|-activate|p2a: Chi-Yu|move: Protect\n|move|p1b: Rotom|Thunderbolt|p2a: Chi-Yu\n|-activate|p2a: Chi-Yu|move: Protect\n|move|p2b: Gyarados|Waterfall|p1a: Great Tusk\n|-supereffective|p1a: Great Tusk\n|-damage|p1a: Great Tusk|0 fnt\n|faint|p1a: Great Tusk\n|-end|p1a: Great Tusk|Protosynthesis|[silent]\n|\n|-damage|p2b: Gyarados|88\/100 brn|[from] brn\n|-sideend|p1: SkiFreeYeti|move: Tailwind\n|upkeep\n|\n|t:|1683336831\n|switch|p1a: Torkoal|Torkoal, L50, F|100\/100\n|-weather|SunnyDay|[from] ability: Drought|[of] p1a: Torkoal\n|turn|6\n|\n|t:|1683336851\n|move|p1a: Torkoal|Helping Hand|p1b: Rotom\n|-singleturn|p1b: Rotom|Helping Hand|[of] p1a: Torkoal\n|move|p2b: Gyarados|Dragon Dance|p2b: Gyarados\n|-boost|p2b: Gyarados|atk|1\n|-boost|p2b: Gyarados|spe|1\n|move|p2a: Chi-Yu|Dark Pulse|p1a: Torkoal\n|-damage|p1a: Torkoal|16\/100\n|-damage|p2a: Chi-Yu|90\/100|[from] item: Life Orb\n|move|p1b: Rotom|Thunderbolt|p2a: Chi-Yu\n|-damage|p2a: Chi-Yu|5\/100\n|\n|-weather|SunnyDay|[upkeep]\n|-damage|p2b: Gyarados|82\/100 brn|[from] brn\n|upkeep\n|turn|7\n|\n|t:|1683336865\n|move|p1b: Rotom|Protect|p1b: Rotom\n|-singleturn|p1b: Rotom|Protect\n|move|p2b: Gyarados|Waterfall|p1a: Torkoal\n|-supereffective|p1a: Torkoal\n|-damage|p1a: Torkoal|0 fnt\n|faint|p1a: Torkoal\n|move|p2a: Chi-Yu|Dark Pulse|p1b: Rotom\n|-activate|p1b: Rotom|move: Protect\n|\n|-weather|SunnyDay|[upkeep]\n|-damage|p2b: Gyarados|76\/100 brn|[from] brn\n|upkeep\n|turn|8\n|-message|SkiFreeYeti forfeited.\n|\n|win|arcaninesrules\n|raw|SkiFreeYeti's rating: 1300 → 1274<\/strong> (-26 for losing)\n|raw|arcaninesrules's rating: 1289 → 1315<\/strong> (+26 for winning)\n|l|\u2606SkiFreeYeti\n","uploadtime":1683336876,"views":8,"p1id":"skifreeyeti","p2id":"arcaninesrules","formatid":"gen9vgc2023regulationc","rating":1274,"private":0,"password":""}