{"id":"gen9vgc2023regulationc-1847380540","p1":"harrythegoat","p2":"TheRandomAnt","format":"[Gen 9] VGC 2023 Regulation C","log":"|j|\u2606harrythegoat\n|j|\u2606TheRandomAnt\n|t:|1681948283\n|gametype|doubles\n|player|p1|harrythegoat|102|1183\n|player|p2|TheRandomAnt|265|1290\n|teamsize|p1|6\n|teamsize|p2|6\n|gen|9\n|tier|[Gen 9] VGC 2023 Regulation C\n|rated|\n|rule|Species Clause: Limit one of each Pok\u00e9mon\n|rule|Item Clause: Limit one of each item\n|clearpoke\n|poke|p1|Baxcalibur, L50, M|\n|poke|p1|Rotom-Wash, L50|\n|poke|p1|Kingambit, L50, F|\n|poke|p1|Garchomp, L50, F|\n|poke|p1|Mimikyu, L50, M|\n|poke|p1|Skeledirge, L50, M|\n|poke|p2|Palafin, L50, F|\n|poke|p2|Amoonguss, L50, M|\n|poke|p2|Flutter Mane, L50|\n|poke|p2|Chi-Yu, L50|\n|poke|p2|Dragonite, L50, F|\n|poke|p2|Great Tusk, L50|\n|teampreview|4\n|inactive|Battle timer is ON: inactive players will automatically lose when time's up. (requested by harrythegoat)\n|inactive|TheRandomAnt has 60 seconds left.\n|\n|t:|1681948341\n|start\n|switch|p1a: Rotom|Rotom-Wash, L50|100\/100\n|switch|p1b: Kingambit|Kingambit, L50, F|100\/100\n|switch|p2a: Palafin|Palafin, L50, F|100\/100\n|switch|p2b: Amoonguss|Amoonguss, L50, M|100\/100\n|turn|1\n|inactive|TheRandomAnt has 30 seconds left.\n|\n|t:|1681948368\n|move|p2a: Palafin|Drain Punch|p1b: Kingambit\n|-supereffective|p1b: Kingambit\n|-damage|p1b: Kingambit|46\/100\n|move|p1a: Rotom|Trick|p2b: Amoonguss\n|-activate|p1a: Rotom|move: Trick|[of] p2b: Amoonguss\n|-item|p2b: Amoonguss|Choice Specs|[from] move: Trick\n|-item|p1a: Rotom|Rocky Helmet|[from] move: Trick\n|move|p1b: Kingambit|Substitute|p1b: Kingambit\n|-start|p1b: Kingambit|Substitute\n|-damage|p1b: Kingambit|22\/100\n|move|p2b: Amoonguss|Spore|p1a: Rotom\n|-status|p1a: Rotom|slp|[from] move: Spore\n|\n|-heal|p1b: Kingambit|28\/100|[from] item: Leftovers\n|upkeep\n|turn|2\n|\n|t:|1681948388\n|move|p2a: Palafin|Drain Punch|p1b: Kingambit\n|-supereffective|p1b: Kingambit\n|-end|p1b: Kingambit|Substitute\n|cant|p1a: Rotom|slp\n|move|p1b: Kingambit|Kowtow Cleave|p2a: Palafin\n|-damage|p2a: Palafin|59\/100\n|move|p2b: Amoonguss|Spore|p1b: Kingambit\n|-status|p1b: Kingambit|slp|[from] move: Spore\n|\n|-heal|p1b: Kingambit|33\/100 slp|[from] item: Leftovers\n|upkeep\n|turn|3\n|\n|t:|1681948407\n|detailschange|p2a: Palafin|Palafin-Hero, L50, F\n|switch|p2a: Flutter Mane|Flutter Mane, L50|100\/100\n|switch|p1b: Mimikyu|Mimikyu, L50, M|100\/100\n|-curestatus|p1a: Rotom|slp|[msg]\n|move|p1a: Rotom|Volt Switch|p2a: Flutter Mane\n|-damage|p2a: Flutter Mane|66\/100\n|\n|t:|1681948417\n|switch|p1a: Baxcalibur|Baxcalibur, L50, M|100\/100|[from] Volt Switch\n|move|p2b: Amoonguss|Spore|p1a: Baxcalibur\n|-status|p1a: Baxcalibur|slp|[from] move: Spore\n|\n|upkeep\n|turn|4\n|inactive|harrythegoat has 30 seconds left.\n|\n|t:|1681948447\n|-terastallize|p2a: Flutter Mane|Fairy\n|move|p1b: Mimikyu|Shadow Sneak|p2a: Flutter Mane\n|-damage|p2a: Flutter Mane|24\/100\n|-damage|p1b: Mimikyu|91\/100|[from] item: Life Orb\n|move|p2a: Flutter Mane|Dazzling Gleam|p1b: Mimikyu|[spread] p1a,p1b\n|-supereffective|p1a: Baxcalibur\n|-damage|p1a: Baxcalibur|0 fnt\n|-activate|p1b: Mimikyu|ability: Disguise\n|-damage|p1b: Mimikyu|91\/100\n|detailschange|p1b: Mimikyu|Mimikyu-Busted, L50, M\n|-damage|p1b: Mimikyu|78\/100|[from] pokemon: Mimikyu-Busted\n|faint|p1a: Baxcalibur\n|move|p2b: Amoonguss|Spore|p1b: Mimikyu\n|-status|p1b: Mimikyu|slp|[from] move: Spore\n|\n|upkeep\n|\n|t:|1681948453\n|switch|p1a: Kingambit|Kingambit, L50, F|33\/100 slp\n|turn|5\n|-message|harrythegoat forfeited.\n|\n|win|TheRandomAnt\n|raw|harrythegoat's rating: 1183 → 1165<\/strong> (-18 for losing)\n|raw|TheRandomAnt's rating: 1290 → 1308<\/strong> (+18 for winning)\n|l|\u2606harrythegoat\n","uploadtime":1681948476,"views":7,"p1id":"harrythegoat","p2id":"therandomant","formatid":"gen9vgc2023regulationc","rating":1165,"private":0,"password":""}