{"id":"gen9vgc2023regulationc-1846505249","p1":"bsentinel","p2":"Rin Itachi","format":"[Gen 9] VGC 2023 Regulation C","log":"|j|\u2606bsentinel\n|j|\u2606Rin Itachi\n|t:|1681846571\n|gametype|doubles\n|player|p1|bsentinel|266|1232\n|player|p2|Rin Itachi|marley|1245\n|teamsize|p1|6\n|teamsize|p2|6\n|gen|9\n|tier|[Gen 9] VGC 2023 Regulation C\n|rated|\n|rule|Species Clause: Limit one of each Pok\u00e9mon\n|rule|Item Clause: Limit one of each item\n|clearpoke\n|poke|p1|Scream Tail, L50|\n|poke|p1|Talonflame, L50, F|\n|poke|p1|Gastrodon, L50, M|\n|poke|p1|Ditto, L50|\n|poke|p1|Dragapult, L50, M|\n|poke|p1|Gyarados, L50, M|\n|poke|p2|Talonflame, L50, F|\n|poke|p2|Great Tusk, L50|\n|poke|p2|Chi-Yu, L50|\n|poke|p2|Flutter Mane, L50|\n|poke|p2|Gyarados, L50, F|\n|poke|p2|Indeedee-F, L50, F|\n|teampreview|4\n|\n|t:|1681846609\n|start\n|switch|p1a: Scream Tail|Scream Tail, L50|100\/100\n|switch|p1b: Dragapult|Dragapult, L50, M|100\/100\n|switch|p2a: Itachi Rin|Flutter Mane, L50|100\/100\n|switch|p2b: Indeedee|Indeedee-F, L50, F|100\/100\n|-fieldstart|move: Psychic Terrain|[from] ability: Psychic Surge|[of] p2b: Indeedee\n|-enditem|p2b: Indeedee|Psychic Seed\n|-boost|p2b: Indeedee|spd|1|[from] item: Psychic Seed\n|-enditem|p1a: Scream Tail|Booster Energy\n|-activate|p1a: Scream Tail|ability: Protosynthesis|[fromitem]\n|-start|p1a: Scream Tail|protosynthesisspe\n|-enditem|p2a: Itachi Rin|Booster Energy\n|-activate|p2a: Itachi Rin|ability: Protosynthesis|[fromitem]\n|-start|p2a: Itachi Rin|protosynthesisspa\n|turn|1\n|\n|t:|1681846641\n|move|p2b: Indeedee|Follow Me|p2b: Indeedee\n|-singleturn|p2b: Indeedee|move: Follow Me\n|move|p1a: Scream Tail|Howl|p1a: Scream Tail|[spread] p1a,p1b\n|-boost|p1a: Scream Tail|atk|1\n|-boost|p1b: Dragapult|atk|1\n|move|p1b: Dragapult|U-turn|p2b: Indeedee\n|-supereffective|p2b: Indeedee\n|-crit|p2b: Indeedee\n|-damage|p2b: Indeedee|0 fnt\n|faint|p2b: Indeedee\n|\n|t:|1681846654\n|switch|p1b: Talonflame|Talonflame, L50, F|100\/100|[from] U-turn\n|move|p2a: Itachi Rin|Substitute|p2a: Itachi Rin\n|-start|p2a: Itachi Rin|Substitute\n|-damage|p2a: Itachi Rin|76\/100\n|\n|upkeep\n|\n|t:|1681846662\n|switch|p2b: Gyarados|Gyarados, L50, F|100\/100\n|-ability|p2b: Gyarados|Intimidate|boost\n|-unboost|p1a: Scream Tail|atk|1\n|-unboost|p1b: Talonflame|atk|1\n|turn|2\n|\n|t:|1681846683\n|move|p2a: Itachi Rin|Protect|p2a: Itachi Rin\n|-singleturn|p2a: Itachi Rin|Protect\n|move|p1a: Scream Tail|Howl|p1a: Scream Tail|[spread] p1a,p1b\n|-boost|p1a: Scream Tail|atk|1\n|-boost|p1b: Talonflame|atk|1\n|move|p1b: Talonflame|Will-O-Wisp|p2b: Gyarados\n|-status|p2b: Gyarados|brn\n|move|p2b: Gyarados|Thunder Wave|p1a: Scream Tail\n|-status|p1a: Scream Tail|par\n|\n|-damage|p2b: Gyarados|95\/100 brn|[from] brn\n|upkeep\n|turn|3\n|inactive|Battle timer is ON: inactive players will automatically lose when time's up. (requested by Rin Itachi)\n|\n|t:|1681846722\n|move|p1b: Talonflame|Brave Bird|p2b: Gyarados\n|-damage|p2b: Gyarados|47\/100 brn\n|-damage|p1b: Talonflame|80\/100|[from] Recoil\n|move|p2a: Itachi Rin|Substitute|p2a: Itachi Rin\n|-fail|p2a: Itachi Rin|move: Substitute\n|cant|p1a: Scream Tail|par\n|move|p2b: Gyarados|Thunder Wave|p1b: Talonflame\n|-status|p1b: Talonflame|par\n|\n|-damage|p2b: Gyarados|41\/100 brn|[from] brn\n|upkeep\n|turn|4\n|\n|t:|1681846740\n|move|p2a: Itachi Rin|Shadow Ball|p1b: Talonflame\n|-damage|p1b: Talonflame|0 fnt\n|faint|p1b: Talonflame\n|move|p1a: Scream Tail|Baton Pass|p1a: Scream Tail\n|\n|t:|1681846748\n|-end|p1a: Scream Tail|Protosynthesis|[silent]\n|switch|p1a: Dragapult|Dragapult, L50, M|100\/100|[from] Baton Pass\n|move|p2b: Gyarados|Iron Head|p1a: Dragapult\n|-damage|p1a: Dragapult|86\/100\n|\n|-damage|p2b: Gyarados|35\/100 brn|[from] brn\n|upkeep\n|\n|t:|1681846757\n|switch|p1b: Scream Tail|Scream Tail, L50|100\/100 par\n|turn|5\n|\n|t:|1681846771\n|-end|p1b: Scream Tail|Protosynthesis|[silent]\n|switch|p1b: Gyarados|Gyarados, L50, M|100\/100\n|-ability|p1b: Gyarados|Intimidate|boost\n|-immune|p2a: Itachi Rin\n|-unboost|p2b: Gyarados|atk|1\n|move|p1a: Dragapult|Phantom Force||[still]\n|-prepare|p1a: Dragapult|Phantom Force\n|move|p2a: Itachi Rin|Shadow Ball|p1a: Dragapult|[miss]\n|-miss|p2a: Itachi Rin|p1a: Dragapult\n|move|p2b: Gyarados|Thunder Wave|p1a: Dragapult|[miss]\n|-miss|p2b: Gyarados|p1a: Dragapult\n|\n|-damage|p2b: Gyarados|29\/100 brn|[from] brn\n|-fieldend|move: Psychic Terrain\n|upkeep\n|turn|6\n|\n|t:|1681846790\n|-terastallize|p1b: Gyarados|Flying\n|move|p1a: Dragapult|Phantom Force|p2a: Itachi Rin|[from]lockedmove\n|-supereffective|p2a: Itachi Rin\n|-end|p2a: Itachi Rin|Substitute\n|move|p2a: Itachi Rin|Shadow Ball|p1a: Dragapult\n|-supereffective|p1a: Dragapult\n|-damage|p1a: Dragapult|0 fnt\n|faint|p1a: Dragapult\n|move|p2b: Gyarados|Thunder Wave|p1b: Gyarados|[miss]\n|-miss|p2b: Gyarados|p1b: Gyarados\n|move|p1b: Gyarados|Tera Blast|p2b: Gyarados\n|-damage|p2b: Gyarados|0 fnt\n|faint|p2b: Gyarados\n|\n|upkeep\n|\n|t:|1681846803\n|switch|p1a: Scream Tail|Scream Tail, L50|100\/100 par\n|switch|p2b: Great Tusk|Great Tusk, L50|100\/100\n|turn|7\n|inactive|bsentinel has 30 seconds left.\n|\n|t:|1681846834\n|-terastallize|p2a: Itachi Rin|Fairy\n|cant|p1a: Scream Tail|par\n|move|p2a: Itachi Rin|Moonblast|p1b: Gyarados\n|-damage|p1b: Gyarados|28\/100\n|move|p2b: Great Tusk|Close Combat|p1b: Gyarados\n|-resisted|p1b: Gyarados\n|-damage|p1b: Gyarados|0 fnt\n|-unboost|p2b: Great Tusk|def|1\n|-unboost|p2b: Great Tusk|spd|1\n|faint|p1b: Gyarados\n|\n|upkeep\n|turn|8\n|-message|bsentinel forfeited.\n|\n|win|Rin Itachi\n|raw|bsentinel's rating: 1232 → 1208<\/strong> (-24 for losing)\n|raw|Rin Itachi's rating: 1245 → 1269<\/strong> (+24 for winning)\n|l|\u2606bsentinel\n","uploadtime":1681846846,"views":13,"p1id":"bsentinel","p2id":"rinitachi","formatid":"gen9vgc2023regulationc","rating":1208,"private":0,"password":""}