{"id":"gen9vgc2023regulationc-1849216456","p1":"boelie26","p2":"pguzmav","format":"[Gen 9] VGC 2023 Regulation C","log":"|j|\u2606boelie26\n|j|\u2606pguzmav\n|t:|1682173899\n|gametype|doubles\n|player|p1|boelie26|265|1407\n|player|p2|pguzmav|beauty-gen4dp|1341\n|teamsize|p1|6\n|teamsize|p2|6\n|gen|9\n|tier|[Gen 9] VGC 2023 Regulation C\n|rated|\n|rule|Species Clause: Limit one of each Pok\u00e9mon\n|rule|Item Clause: Limit one of each item\n|clearpoke\n|poke|p1|Roaring Moon, L50|\n|poke|p1|Ting-Lu, L50|\n|poke|p1|Garganacl, L50, M|\n|poke|p1|Amoonguss, L50, F|\n|poke|p1|Arcanine, L50, F|\n|poke|p1|Iron Bundle, L50|\n|poke|p2|Baxcalibur, L50, M|\n|poke|p2|Abomasnow, L50, M|\n|poke|p2|Annihilape, L50, M|\n|poke|p2|Arcanine, L50, M|\n|poke|p2|Magnezone, L50|\n|poke|p2|Azumarill, L50, M|\n|teampreview|4\n|inactive|Battle timer is ON: inactive players will automatically lose when time's up. (requested by boelie26)\n|j| Braindeadmeta\n|inactive|boelie26 has 60 seconds left.\n|inactive|pguzmav has 60 seconds left.\nboelie26 has agreed to open team sheets.\n|\n|t:|1682173959\n|start\n|switch|p1a: Garganacl|Garganacl, L50, M|100\/100\n|switch|p1b: Ting-Lu|Ting-Lu, L50|100\/100\n|switch|p2a: Annihilape|Annihilape, L50, M|100\/100\n|switch|p2b: Baxcalibur|Baxcalibur, L50, M|100\/100\n|-ability|p1b: Ting-Lu|Vessel of Ruin\n|turn|1\n|inactive|boelie26 has 30 seconds left.\n|inactive|boelie26 has 20 seconds left.\n|inactive|boelie26 has 15 seconds left.\n|inactive|boelie26 has 10 seconds left.\n|inactive|boelie26 has 5 seconds left.\n|\n|t:|1682174012\n|move|p2a: Annihilape|Final Gambit|p1b: Ting-Lu\n|-damage|p1b: Ting-Lu|18\/100\n|faint|p2a: Annihilape\n|move|p2b: Baxcalibur|Icicle Crash|p1b: Ting-Lu\n|-supereffective|p1b: Ting-Lu\n|-damage|p1b: Ting-Lu|0 fnt\n|faint|p1b: Ting-Lu\n|move|p1a: Garganacl|Salt Cure|p2b: Baxcalibur\n|-supereffective|p2b: Baxcalibur\n|-damage|p2b: Baxcalibur|80\/100\n|-start|p2b: Baxcalibur|Salt Cure\n|\n|-damage|p2b: Baxcalibur|68\/100|[from] Salt Cure\n|upkeep\n|\n|t:|1682174033\n|switch|p2a: Azumarill|Azumarill, L50, M|100\/100\n|switch|p1b: Iron Bundle|Iron Bundle, L50|100\/100\n|turn|2\n|\n|t:|1682174055\n|switch|p2b: Abomasnow|Abomasnow, L50, M|100\/100\n|-weather|Snow|[from] ability: Snow Warning|[of] p2b: Abomasnow\n|-terastallize|p2a: Azumarill|Water\n|-terastallize|p1a: Garganacl|Ghost\n|move|p1b: Iron Bundle|Protect|p1b: Iron Bundle\n|-singleturn|p1b: Iron Bundle|Protect\n|move|p2a: Azumarill|Liquidation|p1a: Garganacl\n|-crit|p1a: Garganacl\n|-damage|p1a: Garganacl|28\/100\n|move|p1a: Garganacl|Salt Cure|p2a: Azumarill\n|-crit|p2a: Azumarill\n|-damage|p2a: Azumarill|81\/100\n|-start|p2a: Azumarill|Salt Cure\n|\n|-weather|Snow|[upkeep]\n|-heal|p1a: Garganacl|34\/100|[from] item: Leftovers\n|-damage|p2a: Azumarill|57\/100|[from] Salt Cure\n|upkeep\n|turn|3\n|inactive|boelie26 has 30 seconds left.\n|inactive|pguzmav has 30 seconds left.\n|\n|t:|1682174089\n|-end|p1b: Iron Bundle|Quark Drive|[silent]\n|switch|p1b: Amoonguss|Amoonguss, L50, F|100\/100\n|move|p1a: Garganacl|Protect|p1a: Garganacl\n|-singleturn|p1a: Garganacl|Protect\n|move|p2a: Azumarill|Aqua Jet|p1a: Garganacl\n|-activate|p1a: Garganacl|move: Protect\n|move|p2b: Abomasnow|Giga Drain|p1b: Amoonguss\n|-resisted|p1b: Amoonguss\n|-damage|p1b: Amoonguss|95\/100\n|\n|-weather|Snow|[upkeep]\n|-heal|p1a: Garganacl|40\/100|[from] item: Leftovers\n|-damage|p2a: Azumarill|32\/100|[from] Salt Cure\n|upkeep\n|-enditem|p2a: Azumarill|Sitrus Berry|[eat]\n|-heal|p2a: Azumarill|57\/100|[from] item: Sitrus Berry\n|turn|4\n|inactive|boelie26 has 30 seconds left.\n|inactive|boelie26 has 20 seconds left.\n|inactive|boelie26 has 15 seconds left.\n|\n|t:|1682174134\n|move|p1b: Amoonguss|Protect|p1b: Amoonguss\n|-singleturn|p1b: Amoonguss|Protect\n|move|p2b: Abomasnow|Blizzard|p1b: Amoonguss|[spread] p1a\n|-activate|p1b: Amoonguss|move: Protect\n|-damage|p1a: Garganacl|18\/100\n|move|p2a: Azumarill|Liquidation|p1b: Amoonguss\n|-activate|p1b: Amoonguss|move: Protect\n|move|p1a: Garganacl|Salt Cure|p2b: Abomasnow\n|-supereffective|p2b: Abomasnow\n|-damage|p2b: Abomasnow|75\/100\n|-start|p2b: Abomasnow|Salt Cure\n|\n|-weather|Snow|[upkeep]\n|-heal|p1a: Garganacl|24\/100|[from] item: Leftovers\n|-damage|p2b: Abomasnow|63\/100|[from] Salt Cure\n|-damage|p2a: Azumarill|32\/100|[from] Salt Cure\n|upkeep\n|turn|5\n|l| Braindeadmeta\n|inactive|boelie26 has 30 seconds left.\n|\n|t:|1682174161\n|move|p1b: Amoonguss|Rage Powder|p1b: Amoonguss\n|-singleturn|p1b: Amoonguss|move: Rage Powder\n|move|p2b: Abomasnow|Giga Drain|p1b: Amoonguss\n|-resisted|p1b: Amoonguss\n|-damage|p1b: Amoonguss|89\/100\n|-heal|p2b: Abomasnow|67\/100|[from] drain|[of] p1b: Amoonguss\n|move|p2a: Azumarill|Play Rough|p1b: Amoonguss\n|-resisted|p1b: Amoonguss\n|-damage|p1b: Amoonguss|62\/100\n|move|p1a: Garganacl|Recover|p1a: Garganacl\n|-heal|p1a: Garganacl|74\/100\n|\n|-weather|Snow|[upkeep]\n|-heal|p1a: Garganacl|80\/100|[from] item: Leftovers\n|-damage|p2b: Abomasnow|54\/100|[from] Salt Cure\n|-damage|p2a: Azumarill|7\/100|[from] Salt Cure\n|upkeep\n|turn|6\n|inactive|boelie26 has 30 seconds left.\n|\n|t:|1682174187\n|switch|p2a: Baxcalibur|Baxcalibur, L50, M|68\/100\n|move|p1a: Garganacl|Protect|p1a: Garganacl\n|-singleturn|p1a: Garganacl|Protect\n|move|p2b: Abomasnow|Blizzard|p1b: Amoonguss|[spread] p1b\n|-activate|p1a: Garganacl|move: Protect\n|-supereffective|p1b: Amoonguss\n|-damage|p1b: Amoonguss|15\/100\n|-enditem|p1b: Amoonguss|Sitrus Berry|[eat]\n|-heal|p1b: Amoonguss|40\/100|[from] item: Sitrus Berry\n|move|p1b: Amoonguss|Pollen Puff|p2b: Abomasnow\n|-supereffective|p2b: Abomasnow\n|-damage|p2b: Abomasnow|13\/100\n|\n|-weather|none\n|-heal|p1a: Garganacl|86\/100|[from] item: Leftovers\n|-damage|p2b: Abomasnow|1\/100|[from] Salt Cure\n|upkeep\n|turn|7\n|inactive|boelie26 has 30 seconds left.\n|inactive|pguzmav has 30 seconds left.\n|\n|t:|1682174217\n|move|p2b: Abomasnow|Giga Drain|p1a: Garganacl\n|-damage|p1a: Garganacl|65\/100\n|-heal|p2b: Abomasnow|14\/100|[from] drain|[of] p1a: Garganacl\n|move|p2a: Baxcalibur|Glaive Rush|p1a: Garganacl\n|-crit|p1a: Garganacl\n|-damage|p1a: Garganacl|0 fnt\n|-singlemove|p2a: Baxcalibur|Glaive Rush|[silent]\n|faint|p1a: Garganacl\n|move|p1b: Amoonguss|Spore|p2a: Baxcalibur\n|-status|p2a: Baxcalibur|slp|[from] move: Spore\n|\n|-damage|p2b: Abomasnow|2\/100|[from] Salt Cure\n|upkeep\n|\n|t:|1682174229\n|switch|p1a: Iron Bundle|Iron Bundle, L50|100\/100\n|turn|8\n|\n|t:|1682174244\n|cant|p2a: Baxcalibur|slp\n|move|p1a: Iron Bundle|Freeze-Dry|p2b: Abomasnow\n|-damage|p2b: Abomasnow|0 fnt\n|faint|p2b: Abomasnow\n|move|p1b: Amoonguss|Pollen Puff|p2a: Baxcalibur\n|-damage|p2a: Baxcalibur|56\/100 slp\n|\n|upkeep\n|\n|t:|1682174252\n|switch|p2b: Azumarill|Azumarill, L50, M, tera:Water|7\/100\n|turn|9\n|\n|t:|1682174267\n|move|p2b: Azumarill|Protect|p2b: Azumarill\n|-singleturn|p2b: Azumarill|Protect\n|move|p1a: Iron Bundle|Freeze-Dry|p2a: Baxcalibur\n|-damage|p2a: Baxcalibur|32\/100 slp\n|-curestatus|p2a: Baxcalibur|slp|[msg]\n|move|p2a: Baxcalibur|Glaive Rush|p1a: Iron Bundle\n|-damage|p1a: Iron Bundle|4\/100\n|-singlemove|p2a: Baxcalibur|Glaive Rush|[silent]\n|move|p1b: Amoonguss|Pollen Puff|p2b: Azumarill\n|-activate|p2b: Azumarill|move: Protect\n|\n|upkeep\n|turn|10\n|inactive|boelie26 has 30 seconds left.\n|\n|t:|1682174298\n|move|p1a: Iron Bundle|Protect|p1a: Iron Bundle\n|-singleturn|p1a: Iron Bundle|Protect\n|move|p2a: Baxcalibur|Ice Shard|p1b: Amoonguss\n|-supereffective|p1b: Amoonguss\n|-crit|p1b: Amoonguss\n|-damage|p1b: Amoonguss|0 fnt\n|faint|p1b: Amoonguss\n|move|p2b: Azumarill|Aqua Jet|p1a: Iron Bundle\n|-activate|p1a: Iron Bundle|move: Protect\n|\n|upkeep\n|turn|11\n|c|\u2606boelie26|gg\n|\n|t:|1682174315\n|move|p2a: Baxcalibur|Ice Shard|p1a: Iron Bundle\n|-resisted|p1a: Iron Bundle\n|-damage|p1a: Iron Bundle|0 fnt\n|faint|p1a: Iron Bundle\n|-end|p1a: Iron Bundle|Quark Drive|[silent]\n|\n|win|pguzmav\n|raw|boelie26's rating: 1407 → 1383<\/strong> (-24 for losing)\n|raw|pguzmav's rating: 1341 → 1365<\/strong> (+24 for winning)\n|c|\u2606pguzmav|gg\n","uploadtime":1682174330,"views":6,"p1id":"boelie26","p2id":"pguzmav","formatid":"gen9vgc2023regulationc","rating":1365,"private":0,"password":""}