{"id":"gen9vgc2023regulationc-1846608409","p1":"eldelpoliwhirl","p2":"Victiniac","format":"[Gen 9] VGC 2023 Regulation C","log":"|j|\u2606eldelpoliwhirl\n|j|\u2606Victiniac\n|t:|1681856777\n|gametype|doubles\n|player|p1|eldelpoliwhirl|grusha|1077\n|player|p2|Victiniac|1|1106\n|teamsize|p1|6\n|teamsize|p2|6\n|gen|9\n|tier|[Gen 9] VGC 2023 Regulation C\n|rated|\n|rule|Species Clause: Limit one of each Pok\u00e9mon\n|rule|Item Clause: Limit one of each item\n|clearpoke\n|poke|p1|Ting-Lu, L50|\n|poke|p1|Amoonguss, L50, M|\n|poke|p1|Arcanine, L50, M|\n|poke|p1|Flutter Mane, L50|\n|poke|p1|Palafin, L50, M|\n|poke|p1|Baxcalibur, L50, M|\n|poke|p2|Garganacl, L50, F|\n|poke|p2|Arcanine, L50, M|\n|poke|p2|Grimmsnarl, L50, M|\n|poke|p2|Gholdengo, L50|\n|poke|p2|Slowbro, L50, M|\n|poke|p2|Chien-Pao, L50|\n|teampreview|4\n|inactive|Battle timer is ON: inactive players will automatically lose when time's up. (requested by eldelpoliwhirl)\n|inactive|eldelpoliwhirl has 60 seconds left.\n|inactive|Victiniac has 60 seconds left.\n|\n|t:|1681856833\n|start\n|switch|p1a: Flutter Mane|Flutter Mane, L50|100\/100\n|switch|p1b: Palafin|Palafin, L50, M, shiny|100\/100\n|switch|p2a: Chien-Pao|Chien-Pao, L50|100\/100\n|switch|p2b: Grimmsnarl|Grimmsnarl, L50, M|100\/100\n|-ability|p2a: Chien-Pao|Sword of Ruin\n|-enditem|p1a: Flutter Mane|Booster Energy\n|-activate|p1a: Flutter Mane|ability: Protosynthesis|[fromitem]\n|-start|p1a: Flutter Mane|protosynthesisspa\n|turn|1\n|inactive|eldelpoliwhirl has 30 seconds left.\n|\n|t:|1681856861\n|detailschange|p1b: Palafin|Palafin-Hero, L50, M, shiny\n|switch|p1b: Arcanine|Arcanine, L50, M|100\/100\n|-ability|p1b: Arcanine|Intimidate|boost\n|-unboost|p2a: Chien-Pao|atk|1\n|-unboost|p2b: Grimmsnarl|atk|1\n|-terastallize|p1a: Flutter Mane|Water\n|move|p2b: Grimmsnarl|Fake Out|p1b: Arcanine\n|-damage|p1b: Arcanine|90\/100\n|move|p2a: Chien-Pao|Icicle Crash|p1a: Flutter Mane\n|-resisted|p1a: Flutter Mane\n|-crit|p1a: Flutter Mane\n|-damage|p1a: Flutter Mane|32\/100\n|cant|p1a: Flutter Mane|flinch\n|\n|upkeep\n|turn|2\n|\n|t:|1681856885\n|switch|p2a: Slowbro|Slowbro, L50, M, shiny|100\/100\n|move|p1a: Flutter Mane|Protect|p1a: Flutter Mane\n|-singleturn|p1a: Flutter Mane|Protect\n|move|p2b: Grimmsnarl|Light Screen|p2b: Grimmsnarl\n|-sidestart|p2: Victiniac|move: Light Screen\n|move|p1b: Arcanine|Flare Blitz|p2a: Slowbro\n|-resisted|p2a: Slowbro\n|-crit|p2a: Slowbro\n|-damage|p2a: Slowbro|75\/100\n|-damage|p1b: Arcanine|81\/100|[from] Recoil\n|\n|upkeep\n|turn|3\n|\n|t:|1681856908\n|move|p1a: Flutter Mane|Moonblast|p2b: Grimmsnarl\n|-supereffective|p2b: Grimmsnarl\n|-damage|p2b: Grimmsnarl|23\/100\n|-unboost|p2b: Grimmsnarl|spa|1\n|move|p1b: Arcanine|Will-O-Wisp|p2a: Slowbro\n|-status|p2a: Slowbro|brn\n|move|p2b: Grimmsnarl|Spirit Break|p1a: Flutter Mane\n|-damage|p1a: Flutter Mane|0 fnt\n|faint|p1a: Flutter Mane\n|-end|p1a: Flutter Mane|Protosynthesis|[silent]\n|move|p2a: Slowbro|Trick Room|p2a: Slowbro\n|-fieldstart|move: Trick Room|[of] p2a: Slowbro\n|\n|-damage|p2a: Slowbro|69\/100 brn|[from] brn\n|upkeep\n|\n|t:|1681856925\n|switch|p1a: Ting-Lu|Ting-Lu, L50|100\/100\n|-ability|p1a: Ting-Lu|Vessel of Ruin\n|turn|4\n|\n|t:|1681856947\n|switch|p2b: Garganacl|Garganacl, L50, F|100\/100\n|move|p2a: Slowbro|Yawn|p1a: Ting-Lu\n|-start|p1a: Ting-Lu|move: Yawn|[of] p2a: Slowbro\n|move|p1a: Ting-Lu|Fissure|p2a: Slowbro|[miss]\n|-miss|p1a: Ting-Lu|p2a: Slowbro\n|move|p1b: Arcanine|Will-O-Wisp|p2b: Garganacl\n|-immune|p2b: Garganacl|[from] ability: Purifying Salt\n|\n|-damage|p2a: Slowbro|63\/100 brn|[from] brn\n|upkeep\n|turn|5\n|\n|t:|1681856963\n|switch|p1a: Palafin|Palafin-Hero, L50, M, shiny|100\/100\n|-activate|p1a: Palafin|ability: Zero to Hero\n|move|p1b: Arcanine|Protect|p1b: Arcanine\n|-singleturn|p1b: Arcanine|Protect\n|move|p2a: Slowbro|Yawn|p1b: Arcanine\n|-activate|p1b: Arcanine|move: Protect\n|move|p2b: Garganacl|Iron Defense|p2b: Garganacl\n|-boost|p2b: Garganacl|def|2\n|\n|-damage|p2a: Slowbro|57\/100 brn|[from] brn\n|upkeep\n|turn|6\n|\n|t:|1681856985\n|switch|p1b: Ting-Lu|Ting-Lu, L50|100\/100\n|-ability|p1b: Ting-Lu|Vessel of Ruin\n|-terastallize|p2b: Garganacl|Ghost\n|move|p2a: Slowbro|Yawn|p1a: Palafin\n|-start|p1a: Palafin|move: Yawn|[of] p2a: Slowbro\n|move|p2b: Garganacl|Iron Defense|p2b: Garganacl\n|-boost|p2b: Garganacl|def|2\n|move|p1a: Palafin|Haze|p1a: Palafin\n|-clearallboost\n|\n|-damage|p2a: Slowbro|51\/100 brn|[from] brn\n|upkeep\n|turn|7\n|\n|t:|1681857008\n|switch|p1a: Arcanine|Arcanine, L50, M|81\/100\n|-ability|p1a: Arcanine|Intimidate|boost\n|-unboost|p2a: Slowbro|atk|1\n|-unboost|p2b: Garganacl|atk|1\n|move|p2a: Slowbro|Yawn|p1b: Ting-Lu\n|-start|p1b: Ting-Lu|move: Yawn|[of] p2a: Slowbro\n|move|p2b: Garganacl|Salt Cure|p1a: Arcanine\n|-supereffective|p1a: Arcanine\n|-damage|p1a: Arcanine|58\/100\n|-start|p1a: Arcanine|Salt Cure\n|move|p1b: Ting-Lu|Fissure|p2b: Garganacl|[miss]\n|-miss|p1b: Ting-Lu|p2b: Garganacl\n|\n|-damage|p2a: Slowbro|46\/100 brn|[from] brn\n|-damage|p1a: Arcanine|46\/100|[from] Salt Cure\n|-fieldend|move: Trick Room\n|upkeep\n|turn|8\n|\n|t:|1681857032\n|switch|p1b: Palafin|Palafin-Hero, L50, M, shiny|100\/100\n|switch|p2a: Grimmsnarl|Grimmsnarl, L50, M|23\/100\n|move|p1a: Arcanine|Flare Blitz|p2b: Garganacl\n|-damage|p2b: Garganacl|72\/100\n|-damage|p1a: Arcanine|35\/100|[from] Recoil\n|move|p2b: Garganacl|Iron Defense|p2b: Garganacl\n|-boost|p2b: Garganacl|def|2\n|\n|-heal|p2b: Garganacl|77\/100|[from] item: Leftovers\n|-damage|p1a: Arcanine|23\/100|[from] Salt Cure\n|upkeep\n|turn|9\n|\n|t:|1681857057\n|switch|p1a: Ting-Lu|Ting-Lu, L50|100\/100\n|-ability|p1a: Ting-Lu|Vessel of Ruin\n|move|p2a: Grimmsnarl|Fake Out|p1b: Palafin\n|-damage|p1b: Palafin|91\/100\n|cant|p1b: Palafin|flinch\n|move|p2b: Garganacl|Iron Defense|p2b: Garganacl\n|-boost|p2b: Garganacl|def|2\n|\n|-heal|p2b: Garganacl|83\/100|[from] item: Leftovers\n|-sideend|p2: Victiniac|move: Light Screen\n|upkeep\n|turn|10\n|\n|t:|1681857074\n|move|p1b: Palafin|Haze|p1b: Palafin\n|-clearallboost\n|move|p2a: Grimmsnarl|Spirit Break|p1a: Ting-Lu\n|-supereffective|p1a: Ting-Lu\n|-damage|p1a: Ting-Lu|69\/100\n|-unboost|p1a: Ting-Lu|spa|1\n|move|p1a: Ting-Lu|Fissure|p2b: Garganacl|[miss]\n|-miss|p1a: Ting-Lu|p2b: Garganacl\n|move|p2b: Garganacl|Body Press|p1a: Ting-Lu\n|-supereffective|p1a: Ting-Lu\n|-damage|p1a: Ting-Lu|37\/100\n|\n|-heal|p2b: Garganacl|89\/100|[from] item: Leftovers\n|upkeep\n|turn|11\n|\n|t:|1681857099\n|move|p2a: Grimmsnarl|Reflect|p2a: Grimmsnarl\n|-sidestart|p2: Victiniac|Reflect\n|move|p1b: Palafin|Wave Crash|p2b: Garganacl\n|-damage|p2b: Garganacl|54\/100\n|-damage|p1b: Palafin|79\/100|[from] Recoil\n|move|p1a: Ting-Lu|Fissure|p2b: Garganacl|[miss]\n|-miss|p1a: Ting-Lu|p2b: Garganacl\n|move|p2b: Garganacl|Salt Cure|p1a: Ting-Lu\n|-resisted|p1a: Ting-Lu\n|-damage|p1a: Ting-Lu|33\/100\n|-start|p1a: Ting-Lu|Salt Cure\n|\n|-heal|p2b: Garganacl|59\/100|[from] item: Leftovers\n|-damage|p1a: Ting-Lu|21\/100|[from] Salt Cure\n|upkeep\n|turn|12\n|\n|t:|1681857123\n|switch|p2a: Slowbro|Slowbro, L50, M, shiny|79\/100 brn\n|switch|p1a: Arcanine|Arcanine, L50, M|23\/100\n|-ability|p1a: Arcanine|Intimidate|boost\n|-unboost|p2a: Slowbro|atk|1\n|-unboost|p2b: Garganacl|atk|1\n|move|p1b: Palafin|Protect|p1b: Palafin\n|-singleturn|p1b: Palafin|Protect\n|move|p2b: Garganacl|Salt Cure|p1b: Palafin\n|-activate|p1b: Palafin|move: Protect\n|\n|-heal|p2b: Garganacl|65\/100|[from] item: Leftovers\n|-damage|p2a: Slowbro|73\/100 brn|[from] brn\n|upkeep\n|turn|13\n|\n|t:|1681857143\n|switch|p2b: Grimmsnarl|Grimmsnarl, L50, M|23\/100\n|move|p1a: Arcanine|Flare Blitz|p2b: Grimmsnarl\n|-damage|p2b: Grimmsnarl|0 fnt\n|faint|p2b: Grimmsnarl\n|-damage|p1a: Arcanine|15\/100|[from] Recoil\n|move|p1b: Palafin|Wave Crash|p2a: Slowbro\n|-resisted|p2a: Slowbro\n|-damage|p2a: Slowbro|51\/100 brn\n|-damage|p1b: Palafin|72\/100|[from] Recoil\n|move|p2a: Slowbro|Trick Room|p2a: Slowbro\n|-fieldstart|move: Trick Room|[of] p2a: Slowbro\n|\n|-damage|p2a: Slowbro|46\/100 brn|[from] brn\n|upkeep\n|\n|t:|1681857156\n|switch|p2b: Garganacl|Garganacl, L50, F, tera:Ghost|65\/100\n|turn|14\n|\n|t:|1681857165\n|move|p1b: Palafin|Protect|p1b: Palafin\n|-singleturn|p1b: Palafin|Protect\n|move|p1a: Arcanine|Protect|p1a: Arcanine\n|-singleturn|p1a: Arcanine|Protect\n|move|p2a: Slowbro|Yawn|p1b: Palafin\n|-activate|p1b: Palafin|move: Protect\n|move|p2b: Garganacl|Salt Cure|p1a: Arcanine\n|-activate|p1a: Arcanine|move: Protect\n|\n|-heal|p2b: Garganacl|71\/100|[from] item: Leftovers\n|-damage|p2a: Slowbro|40\/100 brn|[from] brn\n|upkeep\n|turn|15\n|\n|t:|1681857186\n|switch|p1a: Ting-Lu|Ting-Lu, L50|21\/100\n|-ability|p1a: Ting-Lu|Vessel of Ruin\n|move|p2a: Slowbro|Slack Off|p2a: Slowbro\n|-heal|p2a: Slowbro|90\/100 brn\n|move|p2b: Garganacl|Salt Cure|p1a: Ting-Lu\n|-resisted|p1a: Ting-Lu\n|-damage|p1a: Ting-Lu|16\/100\n|-start|p1a: Ting-Lu|Salt Cure\n|move|p1b: Palafin|Wave Crash|p2b: Garganacl\n|-damage|p2b: Garganacl|34\/100\n|-damage|p1b: Palafin|60\/100|[from] Recoil\n|\n|-heal|p2b: Garganacl|40\/100|[from] item: Leftovers\n|-damage|p2a: Slowbro|84\/100 brn|[from] brn\n|-damage|p1a: Ting-Lu|4\/100|[from] Salt Cure\n|upkeep\n|turn|16\n|\n|t:|1681857207\n|switch|p1a: Arcanine|Arcanine, L50, M|15\/100\n|-ability|p1a: Arcanine|Intimidate|boost\n|-unboost|p2a: Slowbro|atk|1\n|-unboost|p2b: Garganacl|atk|1\n|move|p1b: Palafin|Protect|p1b: Palafin\n|-singleturn|p1b: Palafin|Protect\n|move|p2a: Slowbro|Flamethrower|p1a: Arcanine\n|-resisted|p1a: Arcanine\n|-damage|p1a: Arcanine|4\/100\n|move|p2b: Garganacl|Recover|p2b: Garganacl\n|-heal|p2b: Garganacl|90\/100\n|\n|-heal|p2b: Garganacl|96\/100|[from] item: Leftovers\n|-damage|p2a: Slowbro|78\/100 brn|[from] brn\n|upkeep\n|turn|17\n|\n|t:|1681857226\n|switch|p1b: Ting-Lu|Ting-Lu, L50|4\/100\n|-ability|p1b: Ting-Lu|Vessel of Ruin\n|move|p1a: Arcanine|Protect|p1a: Arcanine\n|-singleturn|p1a: Arcanine|Protect\n|move|p2a: Slowbro|Yawn|p1b: Ting-Lu\n|-start|p1b: Ting-Lu|move: Yawn|[of] p2a: Slowbro\n|move|p2b: Garganacl|Salt Cure|p1a: Arcanine\n|-activate|p1a: Arcanine|move: Protect\n|\n|-heal|p2b: Garganacl|100\/100|[from] item: Leftovers\n|-damage|p2a: Slowbro|72\/100 brn|[from] brn\n|-fieldend|move: Trick Room\n|upkeep\n|turn|18\n|\n|t:|1681857248\n|switch|p1a: Palafin|Palafin-Hero, L50, M, shiny|60\/100\n|move|p1b: Ting-Lu|Fissure|p2b: Garganacl\n|-damage|p2b: Garganacl|0 fnt\n|faint|p2b: Garganacl\n|-ohko\n|move|p2a: Slowbro|Trick Room|p2a: Slowbro\n|-fieldstart|move: Trick Room|[of] p2a: Slowbro\n|\n|-damage|p2a: Slowbro|66\/100 brn|[from] brn\n|-end|p1b: Ting-Lu|move: Yawn|[silent]\n|-status|p1b: Ting-Lu|slp\n|-sideend|p2: Victiniac|Reflect\n|upkeep\n|\n|t:|1681857258\n|switch|p2b: Chien-Pao|Chien-Pao, L50|100\/100\n|-ability|p2b: Chien-Pao|Sword of Ruin\n|turn|19\n|\n|t:|1681857280\n|switch|p1b: Arcanine|Arcanine, L50, M|4\/100\n|-ability|p1b: Arcanine|Intimidate|boost\n|-unboost|p2a: Slowbro|atk|1\n|-unboost|p2b: Chien-Pao|atk|1\n|move|p1a: Palafin|Jet Punch|p2b: Chien-Pao\n|-damage|p2b: Chien-Pao|34\/100\n|move|p2a: Slowbro|Yawn|p1a: Palafin\n|-start|p1a: Palafin|move: Yawn|[of] p2a: Slowbro\n|move|p2b: Chien-Pao|Throat Chop|p1b: Arcanine\n|-damage|p1b: Arcanine|0 fnt\n|faint|p1b: Arcanine\n|\n|-damage|p2a: Slowbro|60\/100 brn|[from] brn\n|upkeep\n|\n|t:|1681857296\n|switch|p1b: Ting-Lu|Ting-Lu, L50|4\/100 slp\n|-ability|p1b: Ting-Lu|Vessel of Ruin\n|turn|20\n|c|\u2606Victiniac|fissure my dic\n|-message|Victiniac forfeited.\n|\n|win|eldelpoliwhirl\n|raw|eldelpoliwhirl's rating: 1077 → 1108<\/strong> (+31 for winning)\n|raw|Victiniac's rating: 1106 → 1079<\/strong> (-27 for losing)\n|l|\u2606Victiniac\n","uploadtime":1681857385,"views":9,"p1id":"eldelpoliwhirl","p2id":"victiniac","formatid":"gen9vgc2023regulationc","rating":1079,"private":0,"password":""}