{"id":"gen9vgc2023regulationc-1862881631","p1":"Bardo52","p2":"CJG727","format":"[Gen 9] VGC 2023 Regulation C","log":"|j|\u2606Bardo52\n|j|\u2606CJG727\n|t:|1683933196\n|gametype|doubles\n|player|p1|Bardo52|brycenman|\n|player|p2|CJG727|clair|\n|teamsize|p1|6\n|teamsize|p2|6\n|gen|9\n|tier|[Gen 9] VGC 2023 Regulation C\n|rule|Species Clause: Limit one of each Pok\u00e9mon\n|rule|Item Clause: Limit one of each item\n|clearpoke\n|poke|p1|Annihilape, L50, F|\n|poke|p1|Maushold, L50|\n|poke|p1|Dondozo, L50, F|\n|poke|p1|Tatsugiri, L50, F|\n|poke|p1|Iron Moth, L50|\n|poke|p1|Zoroark, L50, M|\n|poke|p2|Gothitelle, L50, F|\n|poke|p2|Sylveon, L50, M|\n|poke|p2|Altaria, L50, M|\n|poke|p2|Hydreigon, L50, F|\n|poke|p2|Scream Tail, L50|\n|poke|p2|Forretress, L50, M|\n|teampreview|4\n|c|\u2606Bardo52|Sorry. My phone is being annoying\nBardo52 rejected open team sheets.\n|j| Douey$$$6o69\n|c|\u2606Bardo52|Can you drop links?\n|c|\u2606CJG727|yes\n|c|\u2606CJG727|glhf\n|c|\u2606Bardo52|Glhf\n|c| Douey$$$6o69|good luck for the both if you\n|c| Douey$$$6o69|good luck to the both of you\n|\n|t:|1683933307\n|start\n|switch|p1a: Annihilape|Annihilape, L50, F|100\/100\n|switch|p1b: Maushold|Maushold, L50|100\/100\n|switch|p2a: Altaria|Altaria, L50, M|100\/100\n|switch|p2b: Bertha|Hydreigon, L50, F, shiny|100\/100\n|turn|1\n|\n|t:|1683933350\n|-terastallize|p2b: Bertha|Fairy\n|move|p1b: Maushold|Follow Me|p1b: Maushold\n|-singleturn|p1b: Maushold|move: Follow Me\n|move|p2b: Bertha|Tera Blast|p1b: Maushold\n|-damage|p1b: Maushold|49\/100\n|move|p1a: Annihilape|Close Combat|p2b: Bertha\n|-resisted|p2b: Bertha\n|-damage|p2b: Bertha|64\/100\n|-unboost|p1a: Annihilape|def|1\n|-unboost|p1a: Annihilape|spd|1\n|move|p2a: Altaria|Haze|p2a: Altaria\n|-clearallboost\n|\n|upkeep\n|turn|2\n|\n|t:|1683933370\n|move|p2b: Bertha|Protect|p2b: Bertha\n|-singleturn|p2b: Bertha|Protect\n|move|p1b: Maushold|Follow Me|p1b: Maushold\n|-singleturn|p1b: Maushold|move: Follow Me\n|move|p1a: Annihilape|Poison Jab|p2b: Bertha\n|-activate|p2b: Bertha|move: Protect\n|move|p2a: Altaria|Tailwind|p2a: Altaria\n|-sidestart|p2: CJG727|move: Tailwind\n|\n|upkeep\n|turn|3\n|\n|t:|1683933400\n|switch|p2b: Scream Tail|Scream Tail, L50|100\/100\n|move|p1b: Maushold|Follow Me|p1b: Maushold\n|-singleturn|p1b: Maushold|move: Follow Me\n|move|p2a: Altaria|Brave Bird|p1b: Maushold\n|-damage|p1b: Maushold|9\/100\n|-damage|p2a: Altaria|87\/100|[from] Recoil\n|move|p1a: Annihilape|Poison Jab|p2b: Scream Tail\n|-supereffective|p2b: Scream Tail\n|-damage|p2b: Scream Tail|49\/100\n|\n|upkeep\n|turn|4\n|\n|t:|1683933453\n|-terastallize|p1a: Annihilape|Steel\n|move|p2b: Scream Tail|Protect|p2b: Scream Tail\n|-singleturn|p2b: Scream Tail|Protect\n|move|p2a: Altaria|Brave Bird|p1b: Maushold\n|-damage|p1b: Maushold|0 fnt\n|faint|p1b: Maushold\n|-damage|p2a: Altaria|84\/100|[from] Recoil\n|move|p1a: Annihilape|Poison Jab|p2b: Scream Tail\n|-activate|p2b: Scream Tail|move: Protect\n|\n|upkeep\n|\n|t:|1683933476\n|switch|p1b: Dondozo|Dondozo, L50, F|100\/100\n|turn|5\n|\n|t:|1683933491\n|switch|p1a: Tatsugiri|Tatsugiri, L50, F|100\/100\n|-activate|p1a: Tatsugiri|ability: Commander|[of] p1b: Dondozo\n|-boost|p1b: Dondozo|atk|2\n|-boost|p1b: Dondozo|spa|2\n|-boost|p1b: Dondozo|spe|2\n|-boost|p1b: Dondozo|def|2\n|-boost|p1b: Dondozo|spd|2\n|move|p2a: Altaria|Helping Hand|p2b: Scream Tail\n|-singleturn|p2b: Scream Tail|Helping Hand|[of] p2a: Altaria\n|move|p2b: Scream Tail|Play Rough|p1b: Dondozo\n|-damage|p1b: Dondozo|85\/100\n|move|p1b: Dondozo|Heavy Slam|p2b: Scream Tail\n|-supereffective|p2b: Scream Tail\n|-damage|p2b: Scream Tail|0 fnt\n|faint|p2b: Scream Tail\n|-end|p2b: Scream Tail|Protosynthesis|[silent]\n|\n|-heal|p1b: Dondozo|91\/100|[from] item: Leftovers\n|-sideend|p2: CJG727|move: Tailwind\n|upkeep\n|\n|t:|1683933505\n|switch|p2b: Gothitelle|Gothitelle, L50, F|100\/100\n|turn|6\n|\n|t:|1683933519\n|move|p1b: Dondozo|Order Up|p2a: Altaria\n|-supereffective|p2a: Altaria\n|-damage|p2a: Altaria|9\/100\n|-enditem|p2a: Altaria|Figy Berry|[eat]\n|-heal|p2a: Altaria|42\/100|[from] item: Figy Berry\n|-boost|p1b: Dondozo|atk|1\n|move|p2a: Altaria|Haze|p2a: Altaria\n|-clearallboost\n|move|p2b: Gothitelle|Psyshock|p1b: Dondozo\n|-damage|p1b: Dondozo|73\/100\n|\n|-heal|p1b: Dondozo|79\/100|[from] item: Leftovers\n|upkeep\n|turn|7\n|\n|t:|1683933540\n|move|p2a: Altaria|Helping Hand|p2b: Gothitelle\n|-singleturn|p2b: Gothitelle|Helping Hand|[of] p2a: Altaria\n|move|p2b: Gothitelle|Shadow Ball|p1b: Dondozo\n|-damage|p1b: Dondozo|54\/100\n|-unboost|p1b: Dondozo|spd|1\n|move|p1b: Dondozo|Order Up|p2a: Altaria\n|-supereffective|p2a: Altaria\n|-damage|p2a: Altaria|0 fnt\n|faint|p2a: Altaria\n|-boost|p1b: Dondozo|atk|1\n|\n|-heal|p1b: Dondozo|61\/100|[from] item: Leftovers\n|upkeep\n|\n|t:|1683933548\n|switch|p2a: Bertha|Hydreigon, L50, F, shiny, tera:Fairy|64\/100\n|turn|8\n|\n|t:|1683933561\n|move|p2a: Bertha|Tera Blast|p1b: Dondozo\n|-damage|p1b: Dondozo|0 fnt\n|faint|p1b: Dondozo\n|move|p2b: Gothitelle|Shadow Ball|p1a: Tatsugiri\n|-damage|p1a: Tatsugiri|80\/100\n|\n|upkeep\n|\n|t:|1683933568\n|switch|p1b: Annihilape|Annihilape, L50, F, tera:Steel|100\/100\n|turn|9\n|\n|t:|1683933579\n|move|p2a: Bertha|Protect|p2a: Bertha\n|-singleturn|p2a: Bertha|Protect\n|move|p1a: Tatsugiri|Icy Wind|p2a: Bertha|[spread] p2b\n|-activate|p2a: Bertha|move: Protect\n|-damage|p2b: Gothitelle|86\/100\n|-unboost|p2b: Gothitelle|spe|1\n|move|p1b: Annihilape|Poison Jab|p2a: Bertha\n|-activate|p2a: Bertha|move: Protect\n|move|p2b: Gothitelle|Shadow Ball|p1b: Annihilape\n|-damage|p1b: Annihilape|88\/100\n|-unboost|p1b: Annihilape|spd|1\n|-ability|p1b: Annihilape|Defiant|boost\n|-boost|p1b: Annihilape|atk|2\n|-enditem|p2a: Bertha|Mirror Herb\n|-boost|p2a: Bertha|atk|2|[from] item: Mirror Herb\n|\n|upkeep\n|turn|10\n|\n|t:|1683933606\n|move|p1a: Tatsugiri|Icy Wind|p2b: Gothitelle|[spread] p2a,p2b\n|-damage|p2a: Bertha|47\/100\n|-damage|p2b: Gothitelle|71\/100\n|-unboost|p2a: Bertha|spe|1\n|-unboost|p2b: Gothitelle|spe|1\n|move|p1b: Annihilape|Poison Jab|p2a: Bertha\n|-supereffective|p2a: Bertha\n|-damage|p2a: Bertha|0 fnt\n|faint|p2a: Bertha\n|move|p2b: Gothitelle|Shadow Ball|p1b: Annihilape\n|-damage|p1b: Annihilape|68\/100\n|\n|upkeep\n|turn|11\n|c|\u2606CJG727|gg\n|\n|t:|1683933620\n|move|p1a: Tatsugiri|Icy Wind|p2b: Gothitelle\n|-damage|p2b: Gothitelle|53\/100\n|-unboost|p2b: Gothitelle|spe|1\n|move|p1b: Annihilape|Rage Fist|p2b: Gothitelle\n|-supereffective|p2b: Gothitelle\n|-damage|p2b: Gothitelle|0 fnt\n|faint|p2b: Gothitelle\n|\n|win|Bardo52\n|c|\u2606Bardo52|Gg\n|l| Douey$$$6o69\n|j| judevgc\n|l| judevgc\n","uploadtime":1683933626,"views":16,"p1id":"bardo52","p2id":"cjg727","formatid":"gen9vgc2023regulationc","rating":0,"private":0,"password":""}