{"id":"gen9vgc2023regulationc-1860508075","p1":"TwigRL","p2":"fonzee3000","format":"[Gen 9] VGC 2023 Regulation C","log":"|j|\u2606TwigRL\n|j|\u2606fonzee3000\n|t:|1683650210\n|gametype|doubles\n|player|p1|TwigRL|1|1231\n|player|p2|fonzee3000|brycenman|1318\n|teamsize|p1|6\n|teamsize|p2|6\n|gen|9\n|tier|[Gen 9] VGC 2023 Regulation C\n|rated|\n|rule|Species Clause: Limit one of each Pok\u00e9mon\n|rule|Item Clause: Limit one of each item\n|clearpoke\n|poke|p1|Dragonite, L50, F|\n|poke|p1|Sylveon, L50, M|\n|poke|p1|Ceruledge, L50, M|\n|poke|p1|Pachirisu, L50, F|\n|poke|p1|Talonflame, L50, F|\n|poke|p1|Altaria, L50, F|\n|poke|p2|Ting-Lu, L50|\n|poke|p2|Amoonguss, L50, M|\n|poke|p2|Arcanine, L50, M|\n|poke|p2|Flutter Mane, L50|\n|poke|p2|Palafin, L50, M|\n|poke|p2|Baxcalibur, L50, F|\n|teampreview|4\n|inactive|Battle timer is ON: inactive players will automatically lose when time's up. (requested by fonzee3000)\nfonzee3000 has agreed to open team sheets.\n|inactive|fonzee3000 has 60 seconds left.\nTwigRL rejected open team sheets.\n|\n|t:|1683650249\n|start\n|switch|p1a: Talonflame|Talonflame, L50, F|100\/100\n|switch|p1b: Dragonite|Dragonite, L50, F|100\/100\n|switch|p2a: Ting-Lu|Ting-Lu, L50|100\/100\n|switch|p2b: Palafin|Palafin, L50, M, shiny|100\/100\n|-ability|p2a: Ting-Lu|Vessel of Ruin\n|turn|1\n|\n|t:|1683650273\n|detailschange|p2b: Palafin|Palafin-Hero, L50, M, shiny\n|switch|p2b: Baxcalibur|Baxcalibur, L50, F, shiny|100\/100\n|-terastallize|p1b: Dragonite|Normal\n|move|p1b: Dragonite|Extreme Speed|p2b: Baxcalibur\n|-damage|p2b: Baxcalibur|37\/100\n|move|p1a: Talonflame|Will-O-Wisp|p2a: Ting-Lu|[miss]\n|-miss|p1a: Talonflame|p2a: Ting-Lu\n|move|p2a: Ting-Lu|Ruination|p1b: Dragonite\n|-damage|p1b: Dragonite|50\/100\n|\n|upkeep\n|turn|2\n|inactive|fonzee3000 has 30 seconds left.\n|inactive|fonzee3000 has 20 seconds left.\n|\n|t:|1683650311\n|move|p2b: Baxcalibur|Protect|p2b: Baxcalibur\n|-singleturn|p2b: Baxcalibur|Protect\n|move|p1b: Dragonite|Extreme Speed|p2b: Baxcalibur\n|-activate|p2b: Baxcalibur|move: Protect\n|move|p1a: Talonflame|Will-O-Wisp|p2a: Ting-Lu\n|-status|p2a: Ting-Lu|brn\n|move|p2a: Ting-Lu|Stomping Tantrum|p1b: Dragonite\n|-damage|p1b: Dragonite|36\/100\n|\n|-damage|p2a: Ting-Lu|95\/100 brn|[from] brn\n|upkeep\n|turn|3\n|\n|t:|1683650333\n|switch|p1a: Sylveon|Sylveon, L50, M|100\/100\n|switch|p2b: Flutter Mane|Flutter Mane, L50|100\/100\n|-enditem|p2b: Flutter Mane|Booster Energy\n|-activate|p2b: Flutter Mane|ability: Protosynthesis|[fromitem]\n|-start|p2b: Flutter Mane|protosynthesisspa\n|move|p1b: Dragonite|Extreme Speed|p2b: Flutter Mane\n|-immune|p2b: Flutter Mane\n|move|p2a: Ting-Lu|Ruination|p1a: Sylveon\n|-damage|p1a: Sylveon|51\/100\n|\n|-damage|p2a: Ting-Lu|89\/100 brn|[from] brn\n|upkeep\n|turn|4\n|\n|t:|1683650353\n|switch|p1b: Ceruledge|Ceruledge, L50, M|100\/100\n|move|p2b: Flutter Mane|Substitute|p2b: Flutter Mane\n|-start|p2b: Flutter Mane|Substitute\n|-damage|p2b: Flutter Mane|76\/100\n|move|p1a: Sylveon|Hyper Voice|p2a: Ting-Lu|[spread] p2a,p2b\n|-supereffective|p2a: Ting-Lu\n|-damage|p2a: Ting-Lu|61\/100 brn\n|-damage|p2b: Flutter Mane|45\/100\n|-enditem|p1a: Sylveon|Throat Spray\n|-boost|p1a: Sylveon|spa|1|[from] item: Throat Spray\n|move|p2a: Ting-Lu|Heavy Slam|p1a: Sylveon\n|-supereffective|p1a: Sylveon\n|-damage|p1a: Sylveon|7\/100\n|\n|-damage|p2a: Ting-Lu|55\/100 brn|[from] brn\n|upkeep\n|turn|5\n|inactive|TwigRL has 30 seconds left.\n|inactive|TwigRL has 20 seconds left.\n|\n|t:|1683650393\n|move|p2b: Flutter Mane|Protect|p2b: Flutter Mane\n|-singleturn|p2b: Flutter Mane|Protect\n|move|p1b: Ceruledge|Bitter Blade|p2b: Flutter Mane\n|-activate|p2b: Flutter Mane|move: Protect\n|move|p1a: Sylveon|Hyper Voice|p2a: Ting-Lu|[spread] p2a\n|-activate|p2b: Flutter Mane|move: Protect\n|-supereffective|p2a: Ting-Lu\n|-damage|p2a: Ting-Lu|22\/100 brn\n|move|p2a: Ting-Lu|Earthquake|p1a: Sylveon|[spread] p1a,p1b\n|-activate|p2b: Flutter Mane|move: Protect\n|-supereffective|p1b: Ceruledge\n|-damage|p1a: Sylveon|0 fnt\n|-damage|p1b: Ceruledge|71\/100\n|faint|p1a: Sylveon\n|\n|-damage|p2a: Ting-Lu|16\/100 brn|[from] brn\n|upkeep\n|\n|t:|1683650409\n|switch|p1a: Talonflame|Talonflame, L50, F|100\/100\n|turn|6\n|\n|t:|1683650419\n|move|p1a: Talonflame|Brave Bird|p2b: Flutter Mane\n|-end|p2b: Flutter Mane|Substitute\n|-damage|p1a: Talonflame|93\/100|[from] Recoil|[of] p2b: Flutter Mane\n|move|p1b: Ceruledge|Shadow Sneak|p2b: Flutter Mane\n|-supereffective|p2b: Flutter Mane\n|-damage|p2b: Flutter Mane|0 fnt\n|faint|p2b: Flutter Mane\n|-end|p2b: Flutter Mane|Protosynthesis|[silent]\n|-damage|p1b: Ceruledge|61\/100|[from] item: Life Orb\n|move|p2a: Ting-Lu|Ruination|p1a: Talonflame\n|-damage|p1a: Talonflame|47\/100\n|\n|-damage|p2a: Ting-Lu|10\/100 brn|[from] brn\n|upkeep\n|\n|t:|1683650439\n|switch|p2b: Palafin|Palafin-Hero, L50, M, shiny|100\/100\n|-activate|p2b: Palafin|ability: Zero to Hero\n|turn|7\n|inactive|fonzee3000 has 30 seconds left.\n|\n|t:|1683650467\n|-terastallize|p2b: Palafin|Water\n|move|p2b: Palafin|Jet Punch|p1b: Ceruledge\n|-supereffective|p1b: Ceruledge\n|-damage|p1b: Ceruledge|0 fnt\n|faint|p1b: Ceruledge\n|move|p1a: Talonflame|Brave Bird|p2b: Palafin\n|-damage|p2b: Palafin|62\/100\n|-damage|p1a: Talonflame|33\/100|[from] Recoil\n|move|p2a: Ting-Lu|Ruination|p1a: Talonflame\n|-damage|p1a: Talonflame|17\/100\n|\n|-damage|p2a: Ting-Lu|4\/100 brn|[from] brn\n|upkeep\n|\n|t:|1683650482\n|switch|p1b: Dragonite|Dragonite, L50, F, tera:Normal|36\/100\n|turn|8\n|inactive|fonzee3000 has 30 seconds left.\n|\n|t:|1683650509\n|move|p2b: Palafin|Protect|p2b: Palafin\n|-singleturn|p2b: Palafin|Protect\n|move|p1b: Dragonite|Extreme Speed|p2b: Palafin\n|-activate|p2b: Palafin|move: Protect\n|move|p1a: Talonflame|Brave Bird|p2a: Ting-Lu\n|-damage|p2a: Ting-Lu|0 fnt\n|faint|p2a: Ting-Lu\n|-damage|p1a: Talonflame|15\/100|[from] Recoil\n|\n|upkeep\n|\n|t:|1683650519\n|switch|p2a: Baxcalibur|Baxcalibur, L50, F, shiny|37\/100\n|turn|9\n|\n|t:|1683650539\n|move|p1b: Dragonite|Extreme Speed|p2a: Baxcalibur\n|-damage|p2a: Baxcalibur|0 fnt\n|faint|p2a: Baxcalibur\n|move|p2b: Palafin|Jet Punch|p1b: Dragonite\n|-damage|p1b: Dragonite|0 fnt\n|faint|p1b: Dragonite\n|move|p1a: Talonflame|Brave Bird|p2b: Palafin\n|-damage|p2b: Palafin|27\/100\n|-damage|p1a: Talonflame|2\/100|[from] Recoil\n|\n|upkeep\n|turn|10\n|\n|t:|1683650550\n|move|p2b: Palafin|Jet Punch|p1a: Talonflame\n|-supereffective|p1a: Talonflame\n|-damage|p1a: Talonflame|0 fnt\n|faint|p1a: Talonflame\n|\n|win|fonzee3000\n|raw|TwigRL's rating: 1231 → 1212<\/strong> (-19 for losing)\n|raw|fonzee3000's rating: 1318 → 1333<\/strong> (+15 for winning)\n|c|\u2606fonzee3000|gg\n|l|\u2606TwigRL\n","uploadtime":1683650808,"views":10,"p1id":"twigrl","p2id":"fonzee3000","formatid":"gen9vgc2023regulationc","rating":1212,"private":0,"password":""}