{"id":"gen9vgc2023regulationc-1857022972","p1":"badatthis123","p2":"Citoraptor","format":"[Gen 9] VGC 2023 Regulation C","log":"|j|\u2606badatthis123\n|j|\u2606Citoraptor\n|t:|1683137795\n|gametype|doubles\n|player|p1|badatthis123|richboy|1118\n|player|p2|Citoraptor|2|1120\n|teamsize|p1|6\n|teamsize|p2|6\n|gen|9\n|tier|[Gen 9] VGC 2023 Regulation C\n|rated|\n|rule|Species Clause: Limit one of each Pok\u00e9mon\n|rule|Item Clause: Limit one of each item\n|clearpoke\n|poke|p1|Azumarill, L50, F|\n|poke|p1|Murkrow, L50, F|\n|poke|p1|Gholdengo, L50|\n|poke|p1|Altaria, L50, M|\n|poke|p1|Kingambit, L50, F|\n|poke|p1|Wo-Chien, L50|\n|poke|p2|Roaring Moon, L50|\n|poke|p2|Talonflame, L50, M|\n|poke|p2|Gholdengo, L50|\n|poke|p2|Chien-Pao, L50|\n|poke|p2|Palafin, L50, F|\n|poke|p2|Maushold-Four, L50|\n|teampreview|4\n|inactive|Battle timer is ON: inactive players will automatically lose when time's up. (requested by badatthis123)\n|inactive|badatthis123 has 60 seconds left.\n|inactive|Citoraptor has 60 seconds left.\n|\n|t:|1683137850\n|start\n|switch|p1a: Murkrow|Murkrow, L50, F|100\/100\n|switch|p1b: Wo-Chien|Wo-Chien, L50|100\/100\n|switch|p2a: Talonflame|Talonflame, L50, M|100\/100\n|switch|p2b: Roaring Moon|Roaring Moon, L50, shiny|100\/100\n|-ability|p1b: Wo-Chien|Tablets of Ruin\n|-enditem|p2b: Roaring Moon|Booster Energy\n|-activate|p2b: Roaring Moon|ability: Protosynthesis|[fromitem]\n|-start|p2b: Roaring Moon|protosynthesisatk\n|turn|1\n|inactive|badatthis123 has 30 seconds left.\n|inactive|badatthis123 has 20 seconds left.\n|inactive|badatthis123 has 15 seconds left.\n|inactive|badatthis123 has 10 seconds left.\n|\n|t:|1683137899\n|-terastallize|p2b: Roaring Moon|Flying\n|move|p1b: Wo-Chien|Protect|p1b: Wo-Chien\n|-singleturn|p1b: Wo-Chien|Protect\n|move|p1a: Murkrow|Taunt|p2a: Talonflame\n|-start|p2a: Talonflame|move: Taunt\n|cant|p2a: Talonflame|move: Taunt|Taunt\n|move|p2b: Roaring Moon|Acrobatics|p1b: Wo-Chien\n|-activate|p1b: Wo-Chien|move: Protect\n|\n|upkeep\n|turn|2\n|inactive|badatthis123 has 30 seconds left.\n|inactive|Citoraptor has 30 seconds left.\n|inactive|badatthis123 has 20 seconds left.\n|inactive|badatthis123 has 15 seconds left.\n|inactive|badatthis123 has 10 seconds left.\n|inactive|badatthis123 has 5 seconds left.\n|\n|t:|1683137953\n|move|p2a: Talonflame|Brave Bird|p1b: Wo-Chien\n|-supereffective|p1b: Wo-Chien\n|-damage|p1b: Wo-Chien|47\/100\n|-damage|p2a: Talonflame|82\/100|[from] Recoil\n|move|p2b: Roaring Moon|Acrobatics|p1b: Wo-Chien\n|-supereffective|p1b: Wo-Chien\n|-damage|p1b: Wo-Chien|0 fnt\n|faint|p1b: Wo-Chien\n|move|p1a: Murkrow|Foul Play|p2b: Roaring Moon\n|-damage|p2b: Roaring Moon|33\/100\n|\n|upkeep\n|inactive|badatthis123 has 30 seconds left.\n|\n|t:|1683137983\n|switch|p1b: Azumarill|Azumarill, L50, F|100\/100\n|turn|3\n|\n|t:|1683138006\n|move|p1b: Azumarill|Aqua Jet|p2a: Talonflame\n|-supereffective|p2a: Talonflame\n|-damage|p2a: Talonflame|26\/100\n|move|p2a: Talonflame|Brave Bird|p1a: Murkrow\n|-damage|p1a: Murkrow|14\/100\n|-damage|p2a: Talonflame|5\/100|[from] Recoil\n|move|p2b: Roaring Moon|Throat Chop|p1b: Azumarill\n|-resisted|p1b: Azumarill\n|-damage|p1b: Azumarill|65\/100\n|-start|p1b: Azumarill|Throat Chop|[silent]\n|move|p1a: Murkrow|Foul Play|p2b: Roaring Moon\n|-damage|p2b: Roaring Moon|0 fnt\n|faint|p2b: Roaring Moon\n|-end|p2b: Roaring Moon|Protosynthesis|[silent]\n|\n|-end|p2a: Talonflame|move: Taunt\n|upkeep\n|\n|t:|1683138024\n|switch|p2b: Gholdengo|Gholdengo, L50|100\/100\n|turn|4\n|inactive|badatthis123 has 30 seconds left.\n|inactive|badatthis123 has 20 seconds left.\n|\n|t:|1683138063\n|-terastallize|p1b: Azumarill|Water\n|move|p1a: Murkrow|Tailwind|p1a: Murkrow\n|-sidestart|p1: badatthis123|move: Tailwind\n|move|p1b: Azumarill|Waterfall|p2b: Gholdengo\n|-damage|p2b: Gholdengo|36\/100\n|move|p2a: Talonflame|Tailwind|p2a: Talonflame\n|-sidestart|p2: Citoraptor|move: Tailwind\n|move|p2b: Gholdengo|Make It Rain|p1b: Azumarill|[spread] p1a,p1b\n|-resisted|p1b: Azumarill\n|-damage|p1a: Murkrow|0 fnt\n|-damage|p1b: Azumarill|39\/100\n|-unboost|p2b: Gholdengo|spa|1\n|faint|p1a: Murkrow\n|\n|-end|p1b: Azumarill|Throat Chop|[silent]\n|upkeep\n|\n|t:|1683138077\n|switch|p1a: Gholdengo|Gholdengo, L50|100\/100\n|turn|5\n|inactive|badatthis123 has 30 seconds left.\n|inactive|badatthis123 has 20 seconds left.\n|inactive|badatthis123 has 15 seconds left.\n|\n|t:|1683138120\n|move|p1b: Azumarill|Aqua Jet|p2a: Talonflame\n|-supereffective|p2a: Talonflame\n|-damage|p2a: Talonflame|0 fnt\n|faint|p2a: Talonflame\n|move|p2b: Gholdengo|Make It Rain|p1b: Azumarill|[spread] p1a,p1b\n|-resisted|p1a: Gholdengo\n|-resisted|p1b: Azumarill\n|-damage|p1a: Gholdengo|75\/100\n|-damage|p1b: Azumarill|19\/100\n|-unboost|p2b: Gholdengo|spa|1\n|move|p1a: Gholdengo|Shadow Ball|p2b: Gholdengo\n|-supereffective|p2b: Gholdengo\n|-damage|p2b: Gholdengo|0 fnt\n|faint|p2b: Gholdengo\n|\n|-heal|p1a: Gholdengo|81\/100|[from] item: Leftovers\n|upkeep\n|\n|t:|1683138138\n|switch|p2a: Chien-Pao|Chien-Pao, L50|100\/100\n|-ability|p2a: Chien-Pao|Sword of Ruin\n|turn|6\n|inactive|badatthis123 has 30 seconds left.\n|\n|t:|1683138177\n|move|p2a: Chien-Pao|Sucker Punch|p1b: Azumarill\n|-damage|p1b: Azumarill|0 fnt\n|faint|p1b: Azumarill\n|move|p1a: Gholdengo|Make It Rain|p2a: Chien-Pao\n|-supereffective|p2a: Chien-Pao\n|-enditem|p2a: Chien-Pao|Focus Sash\n|-damage|p2a: Chien-Pao|1\/100\n|-unboost|p1a: Gholdengo|spa|1\n|\n|-heal|p1a: Gholdengo|87\/100|[from] item: Leftovers\n|upkeep\n|turn|7\n|\n|t:|1683138199\n|move|p2a: Chien-Pao|Sucker Punch|p1a: Gholdengo\n|-supereffective|p1a: Gholdengo\n|-crit|p1a: Gholdengo\n|-damage|p1a: Gholdengo|0 fnt\n|faint|p1a: Gholdengo\n|\n|win|Citoraptor\n|raw|badatthis123's rating: 1118 → 1093<\/strong> (-25 for losing)\n|raw|Citoraptor's rating: 1120 → 1145<\/strong> (+25 for winning)\n|l|\u2606badatthis123\n","uploadtime":1683138232,"views":15,"p1id":"badatthis123","p2id":"citoraptor","formatid":"gen9vgc2023regulationc","rating":1093,"private":0,"password":""}