{"id":"gen9vgc2023regulationc-1861252413","p1":"Arcacagne","p2":"Luca Chiro","format":"[Gen 9] VGC 2023 Regulation C","log":"|j|\u2606Arcacagne\n|j|\u2606Luca Chiro\n|t:|1683739695\n|gametype|doubles\n|player|p1|Arcacagne|265|1337\n|player|p2|Luca Chiro|ghetsis-gen5bw|1249\n|teamsize|p1|6\n|teamsize|p2|6\n|gen|9\n|tier|[Gen 9] VGC 2023 Regulation C\n|rated|\n|rule|Species Clause: Limit one of each Pok\u00e9mon\n|rule|Item Clause: Limit one of each item\n|clearpoke\n|poke|p1|Chi-Yu, L50|\n|poke|p1|Flutter Mane, L50|\n|poke|p1|Amoonguss, L50, M|\n|poke|p1|Palafin, L50, F|\n|poke|p1|Iron Hands, L50|\n|poke|p1|Arcanine, L50, F|\n|poke|p2|Annihilape, L50, M|\n|poke|p2|Iron Bundle, L50|\n|poke|p2|Arcanine, L50, M|\n|poke|p2|Roaring Moon, L50|\n|poke|p2|Gholdengo, L50|\n|poke|p2|Maushold-Four, L50|\n|teampreview|4\n|inactive|Battle timer is ON: inactive players will automatically lose when time's up. (requested by Luca Chiro)\nLuca Chiro rejected open team sheets.\n|inactive|Arcacagne has 60 seconds left.\n|\n|t:|1683739748\n|start\n|switch|p1a: Chi-Yu|Chi-Yu, L50|100\/100\n|switch|p1b: Iron Hands|Iron Hands, L50|100\/100\n|switch|p2a: Maushold|Maushold-Four, L50|100\/100\n|switch|p2b: Annihilape|Annihilape, L50, M|100\/100\n|-ability|p1a: Chi-Yu|Beads of Ruin\n|turn|1\n|\n|t:|1683739767\n|-terastallize|p1a: Chi-Yu|Water\n|-terastallize|p2b: Annihilape|Water\n|move|p1b: Iron Hands|Fake Out|p2a: Maushold\n|-damage|p2a: Maushold|88\/100\n|move|p1a: Chi-Yu|Nasty Plot|p1a: Chi-Yu\n|-boost|p1a: Chi-Yu|spa|2\n|cant|p2a: Maushold|flinch\n|move|p2b: Annihilape|Rage Fist|p1b: Iron Hands\n|-crit|p1b: Iron Hands\n|-damage|p1b: Iron Hands|76\/100\n|\n|upkeep\n|turn|2\n|\n|t:|1683739785\n|move|p1a: Chi-Yu|Dark Pulse|p2b: Annihilape\n|-damage|p2b: Annihilape|38\/100\n|-enditem|p2b: Annihilape|Sitrus Berry|[eat]\n|-heal|p2b: Annihilape|63\/100|[from] item: Sitrus Berry\n|move|p2a: Maushold|Beat Up|p2b: Annihilape\n|-damage|p2b: Annihilape|61\/100\n|-damage|p2b: Annihilape|59\/100\n|-damage|p2b: Annihilape|58\/100\n|-damage|p2b: Annihilape|56\/100\n|-hitcount|p2b: Annihilape|4\n|move|p2b: Annihilape|Rage Fist|p1a: Chi-Yu\n|-damage|p1a: Chi-Yu|0 fnt\n|faint|p1a: Chi-Yu\n|move|p1b: Iron Hands|Drain Punch|p2a: Maushold\n|-supereffective|p2a: Maushold\n|-damage|p2a: Maushold|9\/100\n|-heal|p1b: Iron Hands|100\/100|[from] drain|[of] p2a: Maushold\n|\n|upkeep\n|inactive|Arcacagne has 30 seconds left.\n|\n|t:|1683739812\n|switch|p1a: Flutter Mane|Flutter Mane, L50|100\/100\n|-enditem|p1a: Flutter Mane|Booster Energy\n|-activate|p1a: Flutter Mane|ability: Protosynthesis|[fromitem]\n|-start|p1a: Flutter Mane|protosynthesisspa\n|turn|3\n|\n|t:|1683739825\n|move|p2a: Maushold|Follow Me|p2a: Maushold\n|-singleturn|p2a: Maushold|move: Follow Me\n|move|p1a: Flutter Mane|Substitute|p1a: Flutter Mane\n|-start|p1a: Flutter Mane|Substitute\n|-damage|p1a: Flutter Mane|76\/100\n|move|p2b: Annihilape|Rage Fist|p1a: Flutter Mane\n|-supereffective|p1a: Flutter Mane\n|-end|p1a: Flutter Mane|Substitute\n|move|p1b: Iron Hands|Thunder Punch|p2a: Maushold\n|-damage|p2a: Maushold|0 fnt\n|faint|p2a: Maushold\n|\n|upkeep\n|inactive|Luca Chiro has 30 seconds left.\n|\n|t:|1683739857\n|switch|p2a: Iron Bundle|Iron Bundle, L50|100\/100\n|turn|4\n|\n|t:|1683739875\n|move|p2b: Annihilape|Protect|p2b: Annihilape\n|-singleturn|p2b: Annihilape|Protect\n|move|p2a: Iron Bundle|Icy Wind|p1a: Flutter Mane|[spread] p1a,p1b\n|-damage|p1a: Flutter Mane|58\/100\n|-damage|p1b: Iron Hands|86\/100\n|-unboost|p1a: Flutter Mane|spe|1\n|-unboost|p1b: Iron Hands|spe|1\n|move|p1a: Flutter Mane|Moonblast|p2b: Annihilape\n|-activate|p2b: Annihilape|move: Protect\n|move|p1b: Iron Hands|Drain Punch|p2a: Iron Bundle\n|-supereffective|p2a: Iron Bundle\n|-damage|p2a: Iron Bundle|7\/100\n|-heal|p1b: Iron Hands|100\/100|[from] drain|[of] p2a: Iron Bundle\n|\n|upkeep\n|turn|5\n|inactive|Luca Chiro has 30 seconds left.\n|inactive|Luca Chiro has 20 seconds left.\n|inactive|Luca Chiro has 15 seconds left.\n|inactive|Luca Chiro has 10 seconds left.\n|inactive|Luca Chiro has 5 seconds left.\n|\n|t:|1683739930\n|move|p1a: Flutter Mane|Protect|p1a: Flutter Mane\n|-singleturn|p1a: Flutter Mane|Protect\n|move|p2a: Iron Bundle|Freeze-Dry|p1b: Iron Hands\n|-damage|p1b: Iron Hands|79\/100\n|-status|p1b: Iron Hands|frz\n|-enditem|p1b: Iron Hands|Lum Berry|[eat]\n|-curestatus|p1b: Iron Hands|frz|[msg]\n|move|p2b: Annihilape|Drain Punch|p1b: Iron Hands\n|-crit|p1b: Iron Hands\n|-damage|p1b: Iron Hands|46\/100\n|-heal|p2b: Annihilape|75\/100|[from] drain|[of] p1b: Iron Hands\n|move|p1b: Iron Hands|Thunder Punch|p2b: Annihilape\n|-supereffective|p2b: Annihilape\n|-damage|p2b: Annihilape|5\/100\n|\n|upkeep\n|turn|6\n|\n|t:|1683739953\n|-end|p1b: Iron Hands|Quark Drive|[silent]\n|switch|p1b: Amoonguss|Amoonguss, L50, M|100\/100\n|move|p1a: Flutter Mane|Protect||[still]\n|-fail|p1a: Flutter Mane\n|move|p2a: Iron Bundle|Encore|p1a: Flutter Mane\n|-start|p1a: Flutter Mane|Encore\n|move|p2b: Annihilape|Rage Fist|p1b: Amoonguss\n|-damage|p1b: Amoonguss|0 fnt\n|faint|p1b: Amoonguss\n|\n|upkeep\n|\n|t:|1683739963\n|switch|p1b: Iron Hands|Iron Hands, L50|46\/100\n|turn|7\n|\n|t:|1683739974\n|move|p1a: Flutter Mane|Protect|p1a: Flutter Mane\n|-singleturn|p1a: Flutter Mane|Protect\n|move|p1b: Iron Hands|Fake Out|p2a: Iron Bundle\n|-damage|p2a: Iron Bundle|0 fnt\n|faint|p2a: Iron Bundle\n|-end|p2a: Iron Bundle|Quark Drive|[silent]\n|move|p2b: Annihilape|Rage Fist|p1b: Iron Hands\n|-damage|p1b: Iron Hands|0 fnt\n|faint|p1b: Iron Hands\n|-end|p1b: Iron Hands|Quark Drive|[silent]\n|\n|upkeep\n|\n|t:|1683739983\n|switch|p2a: Arcanine|Arcanine, L50, M|100\/100\n|-ability|p2a: Arcanine|Intimidate|boost\n|-unboost|p1a: Flutter Mane|atk|1\n|turn|8\n|-message|Arcacagne forfeited.\n|\n|win|Luca Chiro\n|raw|Arcacagne's rating: 1337 → 1312<\/strong> (-25 for losing)\n|raw|Luca Chiro's rating: 1249 → 1280<\/strong> (+31 for winning)\n","uploadtime":1683739994,"views":10,"p1id":"arcacagne","p2id":"lucachiro","formatid":"gen9vgc2023regulationc","rating":1280,"private":0,"password":""}