{"id":"gen9vgc2023regulationc-1848884467","p1":"Nivram_Axuf","p2":"Psyche-AK","format":"[Gen 9] VGC 2023 Regulation C","log":"|j|\u2606Nivram_Axuf\n|j|\u2606Psyche-AK\n|t:|1682121671\n|gametype|doubles\n|player|p1|Nivram_Axuf|2|\n|player|p2|Psyche-AK|dawn|\n|teamsize|p1|6\n|teamsize|p2|6\n|gen|9\n|tier|[Gen 9] VGC 2023 Regulation C\n|rule|Species Clause: Limit one of each Pok\u00e9mon\n|rule|Item Clause: Limit one of each item\n|clearpoke\n|poke|p1|Pelipper, L50, F|\n|poke|p1|Drednaw, L50, M|\n|poke|p1|Breloom, L50, M|\n|poke|p1|Iron Bundle, L50|\n|poke|p1|Indeedee-F, L50, F|\n|poke|p1|Grimmsnarl, L50, M|\n|poke|p2|Flutter Mane, L50|\n|poke|p2|Arcanine, L50, M|\n|poke|p2|Chien-Pao, L50|\n|poke|p2|Dragonite, L50, F|\n|poke|p2|Amoonguss, L50, M|\n|poke|p2|Chi-Yu, L50|\n|teampreview|4\n|\n|t:|1682121705\n|start\n|switch|p1a: Hera|Pelipper, L50, F|100\/100\n|switch|p1b: Deimos|Drednaw, L50, M|100\/100\n|switch|p2a: Hatsune Miku|Flutter Mane, L50, shiny|100\/100\n|switch|p2b: Good Boy|Arcanine, L50, M|100\/100\n|-weather|RainDance|[from] ability: Drizzle|[of] p1a: Hera\n|-ability|p2b: Good Boy|Intimidate|boost\n|-unboost|p1a: Hera|atk|1\n|-unboost|p1b: Deimos|atk|1\n|-enditem|p2a: Hatsune Miku|Booster Energy\n|-activate|p2a: Hatsune Miku|ability: Protosynthesis|[fromitem]\n|-start|p2a: Hatsune Miku|protosynthesisspe\n|turn|1\n|\n|t:|1682121797\n|-terastallize|p1b: Deimos|Ground\n|move|p2b: Good Boy|Protect|p2b: Good Boy\n|-singleturn|p2b: Good Boy|Protect\n|move|p2a: Hatsune Miku|Dazzling Gleam|p1b: Deimos|[spread] p1a,p1b\n|-damage|p1a: Hera|42\/100\n|-damage|p1b: Deimos|53\/100\n|move|p1b: Deimos|Earthquake|p2a: Hatsune Miku|[spread] p2a\n|-activate|p2b: Good Boy|move: Protect\n|-immune|p1a: Hera\n|-damage|p2a: Hatsune Miku|26\/100\n|-damage|p1b: Deimos|44\/100|[from] item: Life Orb\n|move|p1a: Hera|Hydro Pump|p2a: Hatsune Miku\n|-damage|p2a: Hatsune Miku|0 fnt\n|faint|p2a: Hatsune Miku\n|-end|p2a: Hatsune Miku|Protosynthesis|[silent]\n|\n|-weather|RainDance|[upkeep]\n|upkeep\n|\n|t:|1682121817\n|switch|p2a: AMOGUS|Amoonguss, L50, M|100\/100\n|turn|2\n|\n|t:|1682121871\n|switch|p1a: Pthisis|Breloom, L50, M|100\/100\n|switch|p2b: Goldfish|Chi-Yu, L50|100\/100\n|-ability|p2b: Goldfish|Beads of Ruin\n|move|p1b: Deimos|Earthquake|p2a: AMOGUS|[spread] p1a,p2a,p2b\n|-resisted|p1a: Pthisis\n|-supereffective|p2b: Goldfish\n|-damage|p1a: Pthisis|74\/100\n|-damage|p2a: AMOGUS|61\/100\n|-damage|p2b: Goldfish|0 fnt\n|faint|p2b: Goldfish\n|-damage|p1b: Deimos|34\/100|[from] item: Life Orb\n|move|p2a: AMOGUS|Spore|p1b: Deimos\n|-status|p1b: Deimos|slp|[from] move: Spore\n|\n|-weather|RainDance|[upkeep]\n|upkeep\n|\n|t:|1682121885\n|switch|p2b: Good Boy|Arcanine, L50, M|100\/100\n|-ability|p2b: Good Boy|Intimidate|boost\n|-unboost|p1a: Pthisis|atk|1\n|-unboost|p1b: Deimos|atk|1\n|turn|3\n|\n|t:|1682121926\n|switch|p1b: Pithos|Iron Bundle, L50|100\/100\n|-enditem|p1b: Pithos|Booster Energy\n|-activate|p1b: Pithos|ability: Quark Drive|[fromitem]\n|-start|p1b: Pithos|quarkdrivespe\n|move|p1a: Pthisis|Rock Tomb|p2b: Good Boy\n|-supereffective|p2b: Good Boy\n|-damage|p2b: Good Boy|50\/100\n|-unboost|p2b: Good Boy|spe|1\n|move|p2b: Good Boy|Flare Blitz|p1a: Pthisis\n|-supereffective|p1a: Pthisis\n|-damage|p1a: Pthisis|10\/100\n|-damage|p2b: Good Boy|36\/100|[from] Recoil\n|move|p2a: AMOGUS|Pollen Puff|p1b: Pithos\n|-damage|p1b: Pithos|63\/100\n|\n|-weather|RainDance|[upkeep]\n|upkeep\n|turn|4\n|\n|t:|1682121958\n|move|p2b: Good Boy|Protect|p2b: Good Boy\n|-singleturn|p2b: Good Boy|Protect\n|move|p2a: AMOGUS|Rage Powder|p2a: AMOGUS\n|-singleturn|p2a: AMOGUS|move: Rage Powder\n|move|p1b: Pithos|Freeze-Dry|p2a: AMOGUS\n|-supereffective|p2a: AMOGUS\n|-damage|p2a: AMOGUS|12\/100\n|-enditem|p2a: AMOGUS|Sitrus Berry|[eat]\n|-heal|p2a: AMOGUS|37\/100|[from] item: Sitrus Berry\n|move|p1a: Pthisis|Rock Tomb|p2b: Good Boy\n|-activate|p2b: Good Boy|move: Protect\n|\n|-weather|RainDance|[upkeep]\n|upkeep\n|turn|5\n|\n|t:|1682121993\n|move|p1b: Pithos|Freeze-Dry|p2a: AMOGUS\n|-supereffective|p2a: AMOGUS\n|-damage|p2a: AMOGUS|0 fnt\n|faint|p2a: AMOGUS\n|move|p1a: Pthisis|Rock Tomb|p2b: Good Boy\n|-supereffective|p2b: Good Boy\n|-damage|p2b: Good Boy|0 fnt\n|faint|p2b: Good Boy\n|\n|win|Nivram_Axuf\n|l|\u2606Psyche-AK\n","uploadtime":1682122016,"views":6,"p1id":"nivramaxuf","p2id":"psycheak","formatid":"gen9vgc2023regulationc","rating":0,"private":0,"password":""}