{"id":"gen9vgc2023regulationc-1861182428","p1":"ITS PAPAW TIME","p2":"pocketchansey","format":"[Gen 9] VGC 2023 Regulation C","log":"|j|\u2606ITS PAPAW TIME\n|j|\u2606pocketchansey\n|t:|1683733753\n|gametype|doubles\n|player|p1|ITS PAPAW TIME|ingo|\n|player|p2|pocketchansey|170|\n|teamsize|p1|6\n|teamsize|p2|6\n|gen|9\n|tier|[Gen 9] VGC 2023 Regulation C\n|rule|Species Clause: Limit one of each Pok\u00e9mon\n|rule|Item Clause: Limit one of each item\n|clearpoke\n|poke|p1|Baxcalibur, L50, M|\n|poke|p1|Palafin, L50, F|\n|poke|p1|Arcanine, L50, M|\n|poke|p1|Flutter Mane, L50|\n|poke|p1|Ting-Lu, L50|\n|poke|p1|Amoonguss, L50, F|\n|poke|p2|Azumarill, L50, F|\n|poke|p2|Gholdengo, L50|\n|poke|p2|Amoonguss, L50, F|\n|poke|p2|Volcarona, L50, F|\n|poke|p2|Chien-Pao, L50|\n|poke|p2|Dragonite, L50, F|\n|teampreview|4\nITS PAPAW TIME has agreed to open team sheets.\n|\n|t:|1683733794\n|start\n|switch|p1a: Flutter Mane|Flutter Mane, L50|100\/100\n|switch|p1b: Arcanine|Arcanine, L50, M|100\/100\n|switch|p2a: 7up|Gholdengo, L50|100\/100\n|switch|p2b: Inti|Volcarona, L50, F, shiny|100\/100\n|-ability|p1b: Arcanine|Intimidate|boost\n|-unboost|p2a: 7up|atk|1\n|-unboost|p2b: Inti|atk|1\n|turn|1\n|\n|t:|1683733817\n|move|p1b: Arcanine|Extreme Speed|p2b: Inti\n|-damage|p2b: Inti|77\/100\n|move|p2b: Inti|Rage Powder|p2b: Inti\n|-singleturn|p2b: Inti|move: Rage Powder\n|move|p1a: Flutter Mane|Shadow Ball|p2b: Inti\n|-damage|p2b: Inti|33\/100\n|move|p2a: 7up|Nasty Plot|p2a: 7up\n|-boost|p2a: 7up|spa|2\n|\n|upkeep\n|turn|2\n|\n|t:|1683733850\n|-end|p1a: Flutter Mane|Protosynthesis|[silent]\n|switch|p1a: Ting-Lu|Ting-Lu, L50|100\/100\n|-ability|p1a: Ting-Lu|Vessel of Ruin\n|-terastallize|p2a: 7up|Water\n|move|p1b: Arcanine|Extreme Speed|p2b: Inti\n|-damage|p2b: Inti|10\/100\n|move|p2b: Inti|Overheat|p1a: Ting-Lu\n|-crit|p1a: Ting-Lu\n|-damage|p1a: Ting-Lu|71\/100\n|-unboost|p2b: Inti|spa|2\n|move|p2a: 7up|Make It Rain|p1a: Ting-Lu|[spread] p1a,p1b\n|-resisted|p1b: Arcanine\n|-damage|p1a: Ting-Lu|41\/100\n|-damage|p1b: Arcanine|54\/100\n|-unboost|p2a: 7up|spa|1\n|\n|upkeep\n|turn|3\n|\n|t:|1683733880\n|switch|p2b: Chimuela|Dragonite, L50, F|100\/100\n|switch|p1a: Amoonguss|Amoonguss, L50, F|100\/100\n|move|p1b: Arcanine|Protect|p1b: Arcanine\n|-singleturn|p1b: Arcanine|Protect\n|move|p2a: 7up|Make It Rain|p1a: Amoonguss|[spread] p1a\n|-activate|p1b: Arcanine|move: Protect\n|-crit|p1a: Amoonguss\n|-damage|p1a: Amoonguss|0 fnt\n|-unboost|p2a: 7up|spa|1\n|faint|p1a: Amoonguss\n|\n|upkeep\n|\n|t:|1683733888\n|switch|p1a: Flutter Mane|Flutter Mane, L50|100\/100\n|turn|4\n|\n|t:|1683733923\n|switch|p2b: Amanita|Amoonguss, L50, F, shiny|100\/100\n|move|p1a: Flutter Mane|Thunderbolt|p2a: 7up\n|-supereffective|p2a: 7up\n|-damage|p2a: 7up|22\/100\n|-status|p2a: 7up|par\n|move|p1b: Arcanine|Will-O-Wisp|p2b: Amanita|[miss]\n|-miss|p1b: Arcanine|p2b: Amanita\n|cant|p2a: 7up|par\n|\n|-heal|p2a: 7up|28\/100 par|[from] item: Leftovers\n|upkeep\n|turn|5\n|\n|t:|1683733950\n|move|p2a: 7up|Protect|p2a: 7up\n|-singleturn|p2a: 7up|Protect\n|move|p2b: Amanita|Protect|p2b: Amanita\n|-singleturn|p2b: Amanita|Protect\n|move|p1a: Flutter Mane|Thunderbolt|p2a: 7up\n|-activate|p2a: 7up|move: Protect\n|move|p1b: Arcanine|Flare Blitz|p2b: Amanita\n|-activate|p2b: Amanita|move: Protect\n|\n|-heal|p2a: 7up|34\/100 par|[from] item: Leftovers\n|upkeep\n|turn|6\n|\n|t:|1683733976\n|-end|p1a: Flutter Mane|Protosynthesis|[silent]\n|switch|p1a: Ting-Lu|Ting-Lu, L50|41\/100\n|-ability|p1a: Ting-Lu|Vessel of Ruin\n|move|p2b: Amanita|Rage Powder|p2b: Amanita\n|-singleturn|p2b: Amanita|move: Rage Powder\n|move|p1b: Arcanine|Flare Blitz|p2b: Amanita\n|-supereffective|p2b: Amanita\n|-damage|p2b: Amanita|20\/100\n|-enditem|p2b: Amanita|Aguav Berry|[eat]\n|-heal|p2b: Amanita|53\/100|[from] item: Aguav Berry\n|-damage|p1b: Arcanine|21\/100|[from] Recoil\n|cant|p2a: 7up|par\n|\n|-heal|p2a: 7up|40\/100 par|[from] item: Leftovers\n|upkeep\n|turn|7\n|\n|t:|1683734013\n|move|p1b: Arcanine|Flare Blitz|p2b: Amanita\n|-supereffective|p2b: Amanita\n|-damage|p2b: Amanita|0 fnt\n|faint|p2b: Amanita\n|-damage|p1b: Arcanine|0 fnt|[from] Recoil\n|faint|p1b: Arcanine\n|move|p1a: Ting-Lu|Stomping Tantrum|p2a: 7up\n|-damage|p2a: 7up|16\/100 par\n|move|p2a: 7up|Shadow Ball|p1a: Ting-Lu\n|-resisted|p1a: Ting-Lu\n|-damage|p1a: Ting-Lu|34\/100\n|\n|-heal|p2a: 7up|22\/100 par|[from] item: Leftovers\n|upkeep\n|\n|t:|1683734028\n|switch|p1b: Flutter Mane|Flutter Mane, L50|100\/100\n|switch|p2b: Chimuela|Dragonite, L50, F|100\/100\n|turn|8\n|\n|t:|1683734049\n|switch|p2b: Inti|Volcarona, L50, F, shiny|10\/100\n|move|p1b: Flutter Mane|Moonblast|p2b: Inti\n|-resisted|p2b: Inti\n|-damage|p2b: Inti|0 fnt\n|faint|p2b: Inti\n|move|p1a: Ting-Lu|Stomping Tantrum|p2a: 7up\n|-damage|p2a: 7up|0 fnt\n|faint|p2a: 7up\n|\n|upkeep\n|\n|t:|1683734064\n|switch|p2b: Chimuela|Dragonite, L50, F|100\/100\n|turn|9\n|\n|t:|1683734070\n|move|p1b: Flutter Mane|Moonblast|p2b: Chimuela\n|-supereffective|p2b: Chimuela\n|-damage|p2b: Chimuela|5\/100\n|-unboost|p2b: Chimuela|spa|1\n|move|p2b: Chimuela|Low Kick|p1a: Ting-Lu\n|-supereffective|p1a: Ting-Lu\n|-damage|p1a: Ting-Lu|0 fnt\n|faint|p1a: Ting-Lu\n|\n|upkeep\n|turn|10\n|\n|t:|1683734086\n|move|p1b: Flutter Mane|Moonblast|p2b: Chimuela\n|-supereffective|p2b: Chimuela\n|-damage|p2b: Chimuela|0 fnt\n|faint|p2b: Chimuela\n|\n|win|ITS PAPAW TIME\n|l|\u2606ITS PAPAW TIME\n|j|\u2606ITS PAPAW TIME\n|player|p1|ITS PAPAW TIME|ingo\n","uploadtime":1683735632,"views":9,"p1id":"itspapawtime","p2id":"pocketchansey","formatid":"gen9vgc2023regulationc","rating":0,"private":0,"password":""}