{"id":"gen9vgc2023regulationc-1847452432","p1":"ShaytheFair","p2":"wadata","format":"[Gen 9] VGC 2023 Regulation C","log":"|j|\u2606ShaytheFair\n|j|\u2606wadata\n|t:|1681956850\n|gametype|doubles\n|player|p1|ShaytheFair|veteranf|1153\n|player|p2|wadata|1|1194\n|teamsize|p1|6\n|teamsize|p2|6\n|gen|9\n|tier|[Gen 9] VGC 2023 Regulation C\n|rated|\n|rule|Species Clause: Limit one of each Pok\u00e9mon\n|rule|Item Clause: Limit one of each item\n|clearpoke\n|poke|p1|Palafin, L50, M|\n|poke|p1|Flutter Mane, L50|\n|poke|p1|Arcanine, L50, F|\n|poke|p1|Ting-Lu, L50|\n|poke|p1|Amoonguss, L50, F|\n|poke|p1|Kingambit, L50, F|\n|poke|p2|Talonflame, L50, F|\n|poke|p2|Baxcalibur, L50, F|\n|poke|p2|Gallade, L50, M|\n|poke|p2|Breloom, L50, M|\n|poke|p2|Kingambit, L50, F|\n|poke|p2|Gastrodon, L50, M|\n|teampreview|4\nShaytheFair has agreed to open team sheets.\nwadata has agreed to open team sheets.\n|inactive|Battle timer is ON: inactive players will automatically lose when time's up. (requested by wadata)\n|\n|t:|1681956997\n|start\n|switch|p1a: Palafin|Palafin, L50, M|100\/100\n|switch|p1b: Flutter Mane|Flutter Mane, L50|100\/100\n|switch|p2a: Talonflame|Talonflame, L50, F|100\/100\n|switch|p2b: Gallade|Gallade, L50, M|100\/100\n|-enditem|p1b: Flutter Mane|Booster Energy\n|-activate|p1b: Flutter Mane|ability: Protosynthesis|[fromitem]\n|-start|p1b: Flutter Mane|protosynthesisspa\n|turn|1\n|inactive|ShaytheFair has 30 seconds left.\n|inactive|ShaytheFair has 20 seconds left.\n|inactive|ShaytheFair has 15 seconds left.\n|\n|t:|1681957037\n|detailschange|p1a: Palafin|Palafin-Hero, L50, M\n|switch|p1a: Arcanine|Arcanine, L50, F|100\/100\n|-ability|p1a: Arcanine|Intimidate|boost\n|-unboost|p2a: Talonflame|atk|1\n|-unboost|p2b: Gallade|atk|1\n|move|p2a: Talonflame|Tailwind|p2a: Talonflame\n|-sidestart|p2: wadata|move: Tailwind\n|move|p2b: Gallade|Psycho Cut|p1b: Flutter Mane\n|-damage|p1b: Flutter Mane|8\/100\n|-damage|p2b: Gallade|91\/100|[from] item: Life Orb\n|move|p1b: Flutter Mane|Shadow Ball|p2a: Talonflame\n|-damage|p2a: Talonflame|17\/100\n|\n|upkeep\n|turn|2\n|inactive|wadata has 30 seconds left.\n|inactive|wadata has 20 seconds left.\n|inactive|wadata has 15 seconds left.\n|\n|t:|1681957081\n|switch|p2b: Westopolis|Baxcalibur, L50, F|100\/100\n|move|p1b: Flutter Mane|Protect|p1b: Flutter Mane\n|-singleturn|p1b: Flutter Mane|Protect\n|move|p2a: Talonflame|Brave Bird|p1b: Flutter Mane\n|-activate|p1b: Flutter Mane|move: Protect\n|move|p1a: Arcanine|Will-O-Wisp|p2b: Westopolis\n|-immune|p2b: Westopolis|[from] ability: Thermal Exchange\n|\n|upkeep\n|turn|3\n|inactive|ShaytheFair has 30 seconds left.\n|\n|t:|1681957114\n|-end|p1b: Flutter Mane|Protosynthesis|[silent]\n|switch|p1b: Palafin|Palafin-Hero, L50, M|100\/100\n|-activate|p1b: Palafin|ability: Zero to Hero\n|move|p2a: Talonflame|Brave Bird|p1b: Palafin\n|-damage|p1b: Palafin|72\/100\n|-damage|p2a: Talonflame|5\/100|[from] Recoil\n|move|p2b: Westopolis|Glaive Rush|p1a: Arcanine\n|-damage|p1a: Arcanine|31\/100\n|-singlemove|p2b: Westopolis|Glaive Rush|[silent]\n|move|p1a: Arcanine|Howl|p1a: Arcanine|[spread] p1a,p1b\n|-boost|p1a: Arcanine|atk|1\n|-boost|p1b: Palafin|atk|1\n|\n|upkeep\n|turn|4\n|\n|t:|1681957137\n|switch|p2b: Gastrodon|Gastrodon, L50, M|100\/100\n|move|p1a: Arcanine|Extreme Speed|p2a: Talonflame\n|-damage|p2a: Talonflame|0 fnt\n|faint|p2a: Talonflame\n|move|p1b: Palafin|Wave Crash|p2b: Gastrodon\n|-ability|p2b: Gastrodon|Storm Drain|boost\n|-boost|p2b: Gastrodon|spa|1\n|\n|-sideend|p2: wadata|move: Tailwind\n|upkeep\n|\n|t:|1681957145\n|switch|p2a: Gallade|Gallade, L50, M|91\/100\n|turn|5\n|\n|t:|1681957156\n|switch|p1b: Amoonguss|Amoonguss, L50, F|100\/100\n|move|p2a: Gallade|Psycho Cut|p1a: Arcanine\n|-damage|p1a: Arcanine|0 fnt\n|faint|p1a: Arcanine\n|-damage|p2a: Gallade|81\/100|[from] item: Life Orb\n|move|p2b: Gastrodon|Yawn|p1b: Amoonguss\n|-start|p1b: Amoonguss|move: Yawn|[of] p2b: Gastrodon\n|\n|upkeep\n|\n|t:|1681957168\n|switch|p1a: Flutter Mane|Flutter Mane, L50|8\/100\n|turn|6\n|\n|t:|1681957183\n|move|p2a: Gallade|Protect|p2a: Gallade\n|-singleturn|p2a: Gallade|Protect\n|move|p2b: Gastrodon|Protect|p2b: Gastrodon\n|-singleturn|p2b: Gastrodon|Protect\n|move|p1b: Amoonguss|Rage Powder|p1b: Amoonguss\n|-singleturn|p1b: Amoonguss|move: Rage Powder\n|move|p1a: Flutter Mane|Moonblast|p2b: Gastrodon\n|-activate|p2b: Gastrodon|move: Protect\n|\n|-end|p1b: Amoonguss|move: Yawn|[silent]\n|-status|p1b: Amoonguss|slp\n|upkeep\n|turn|7\n|\n|t:|1681957201\n|move|p1a: Flutter Mane|Protect|p1a: Flutter Mane\n|-singleturn|p1a: Flutter Mane|Protect\n|cant|p1b: Amoonguss|slp\n|move|p2a: Gallade|Psycho Cut|p1b: Amoonguss\n|-supereffective|p1b: Amoonguss\n|-damage|p1b: Amoonguss|0 fnt\n|faint|p1b: Amoonguss\n|-damage|p2a: Gallade|71\/100|[from] item: Life Orb\n|move|p2b: Gastrodon|Earth Power|p1a: Flutter Mane\n|-activate|p1a: Flutter Mane|move: Protect\n|\n|upkeep\n|\n|t:|1681957212\n|switch|p1b: Palafin|Palafin-Hero, L50, M|72\/100\n|turn|8\n|\n|t:|1681957223\n|move|p2a: Gallade|Protect|p2a: Gallade\n|-singleturn|p2a: Gallade|Protect\n|move|p1b: Palafin|Protect|p1b: Palafin\n|-singleturn|p1b: Palafin|Protect\n|move|p1a: Flutter Mane|Moonblast|p2b: Gastrodon\n|-damage|p2b: Gastrodon|55\/100\n|move|p2b: Gastrodon|Earth Power|p1a: Flutter Mane\n|-damage|p1a: Flutter Mane|0 fnt\n|faint|p1a: Flutter Mane\n|-end|p1a: Flutter Mane|Protosynthesis|[silent]\n|\n|upkeep\n|turn|9\n|inactive|ShaytheFair has 30 seconds left.\n|inactive|ShaytheFair has 20 seconds left.\n|inactive|ShaytheFair has 15 seconds left.\n|c|\u2606ShaytheFair|GG dude\n|inactive|ShaytheFair has 10 seconds left.\n|inactive|ShaytheFair has 5 seconds left.\n|\n|t:|1681957274\n|move|p1b: Palafin|Jet Punch|p2b: Gastrodon\n|-ability|p2b: Gastrodon|Storm Drain|boost\n|-boost|p2b: Gastrodon|spa|1\n|move|p2a: Gallade|Sacred Sword|p1b: Palafin\n|-damage|p1b: Palafin|0 fnt\n|faint|p1b: Palafin\n|-damage|p2a: Gallade|61\/100|[from] item: Life Orb\n|\n|win|wadata\n|raw|ShaytheFair's rating: 1153 → 1131<\/strong> (-22 for losing)\n|raw|wadata's rating: 1194 → 1216<\/strong> (+22 for winning)\n|c|\u2606wadata|gg\n|c|\u2606ShaytheFair|You made some awesome reads there.\n|c|\u2606ShaytheFair|Nice job\n","uploadtime":1681957299,"views":8,"p1id":"shaythefair","p2id":"wadata","formatid":"gen9vgc2023regulationc","rating":1131,"private":0,"password":""}