{"id":"gen9vgc2023regulationc-1856424336","p1":"Paschar","p2":"paultheconvincer","format":"[Gen 9] VGC 2023 Regulation C","log":"|j|\u2606Paschar\n|j|\u2606paultheconvincer\n|t:|1683060164\n|gametype|doubles\n|player|p1|Paschar|265|\n|player|p2|paultheconvincer|2|\n|teamsize|p1|6\n|teamsize|p2|6\n|gen|9\n|tier|[Gen 9] VGC 2023 Regulation C\n|rule|Species Clause: Limit one of each Pok\u00e9mon\n|rule|Item Clause: Limit one of each item\n|clearpoke\n|poke|p1|Dragonite, L50, F|\n|poke|p1|Chien-Pao, L50|\n|poke|p1|Iron Thorns, L50|\n|poke|p1|Gardevoir, L50, M|\n|poke|p1|Scizor, L50, F|\n|poke|p1|Veluza, L50, M|\n|poke|p2|Farigiraf, L50, M|\n|poke|p2|Torkoal, L50, F|\n|poke|p2|Brute Bonnet, L50|\n|poke|p2|Great Tusk, L50|\n|poke|p2|Noivern, L50, F|\n|poke|p2|Eelektross, L50, M|\n|teampreview|4\n|l|\u2606Paschar\n|player|p1|\n|j|\u2606Paschar\n|player|p1|Paschar|265\n|\n|t:|1683060201\n|start\n|switch|p1a: Veluza|Veluza, L50, M|100\/100\n|switch|p1b: Gardevoir|Gardevoir, L50, M|100\/100\n|switch|p2a: Brute Bonnet|Brute Bonnet, L50|100\/100\n|switch|p2b: Farigiraf|Farigiraf, L50, M|100\/100\n|turn|1\n|j| GlennGostoso\n|\n|t:|1683060221\n|move|p2a: Brute Bonnet|Rage Powder|p2a: Brute Bonnet\n|-singleturn|p2a: Brute Bonnet|move: Rage Powder\n|move|p1a: Veluza|Fillet Away|p1a: Veluza\n|-boost|p1a: Veluza|atk|2\n|-boost|p1a: Veluza|spa|2\n|-boost|p1a: Veluza|spe|2\n|-damage|p1a: Veluza|50\/100\n|move|p1b: Gardevoir|Trick Room|p1b: Gardevoir\n|-fieldstart|move: Trick Room|[of] p1b: Gardevoir\n|move|p2b: Farigiraf|Trick Room|p2b: Farigiraf\n|-fieldend|move: Trick Room\n|\n|upkeep\n|turn|2\n|\n|t:|1683060249\n|move|p2a: Brute Bonnet|Rage Powder|p2a: Brute Bonnet\n|-singleturn|p2a: Brute Bonnet|move: Rage Powder\n|move|p1a: Veluza|Aqua Cutter|p2a: Brute Bonnet\n|-resisted|p2a: Brute Bonnet\n|-crit|p2a: Brute Bonnet\n|-damage|p2a: Brute Bonnet|57\/100\n|move|p1b: Gardevoir|Dazzling Gleam|p2b: Farigiraf|[spread] p2a,p2b\n|-supereffective|p2a: Brute Bonnet\n|-damage|p2a: Brute Bonnet|0 fnt\n|-damage|p2b: Farigiraf|62\/100\n|faint|p2a: Brute Bonnet\n|-end|p2a: Brute Bonnet|Protosynthesis|[silent]\n|-damage|p1b: Gardevoir|91\/100|[from] item: Life Orb\n|move|p2b: Farigiraf|Trick Room|p2b: Farigiraf\n|-fieldstart|move: Trick Room|[of] p2b: Farigiraf\n|\n|upkeep\n|\n|t:|1683060260\n|switch|p2a: Torkoal|Torkoal, L50, F|100\/100\n|-weather|SunnyDay|[from] ability: Drought|[of] p2a: Torkoal\n|turn|3\n|\n|t:|1683060271\n|move|p1a: Veluza|Protect|p1a: Veluza\n|-singleturn|p1a: Veluza|Protect\n|move|p2a: Torkoal|Eruption|p1a: Veluza|[spread] p1b\n|-activate|p1a: Veluza|move: Protect\n|-damage|p1b: Gardevoir|0 fnt\n|faint|p1b: Gardevoir\n|move|p2b: Farigiraf|Shadow Ball|p1a: Veluza\n|-activate|p1a: Veluza|move: Protect\n|\n|-weather|SunnyDay|[upkeep]\n|upkeep\n|\n|t:|1683060287\n|switch|p1b: Dragonite|Dragonite, L50, F|100\/100\n|turn|4\n|\n|t:|1683060301\n|move|p2a: Torkoal|Eruption|p1a: Veluza|[spread] p1a,p1b\n|-resisted|p1a: Veluza\n|-resisted|p1b: Dragonite\n|-damage|p1a: Veluza|0 fnt\n|-damage|p1b: Dragonite|63\/100\n|faint|p1a: Veluza\n|move|p2b: Farigiraf|Psychic|p1b: Dragonite\n|-damage|p1b: Dragonite|31\/100\n|move|p1b: Dragonite|Iron Head|p2b: Farigiraf\n|-damage|p2b: Farigiraf|26\/100\n|\n|-weather|SunnyDay|[upkeep]\n|upkeep\n|\n|t:|1683060312\n|switch|p1a: Chien-Pao|Chien-Pao, L50|100\/100\n|-ability|p1a: Chien-Pao|Sword of Ruin\n|turn|5\n|\n|t:|1683060332\n|move|p2a: Torkoal|Eruption|p1b: Dragonite|[spread] p1a,p1b\n|-supereffective|p1a: Chien-Pao\n|-resisted|p1b: Dragonite\n|-enditem|p1a: Chien-Pao|Focus Sash\n|-damage|p1a: Chien-Pao|1\/100\n|-damage|p1b: Dragonite|0 fnt\n|faint|p1b: Dragonite\n|move|p2b: Farigiraf|Shadow Ball|p1a: Chien-Pao\n|-resisted|p1a: Chien-Pao\n|-damage|p1a: Chien-Pao|0 fnt\n|faint|p1a: Chien-Pao\n|\n|win|paultheconvincer\n|c|\u2606paultheconvincer|gg\n|l|\u2606Paschar\n|l| GlennGostoso\n","uploadtime":1683060347,"views":9,"p1id":"paschar","p2id":"paultheconvincer","formatid":"gen9vgc2023regulationc","rating":0,"private":0,"password":""}