{"id":"gen9vgc2023regulationc-1849947575","p1":"jamez10","p2":"Ytterby","format":"[Gen 9] VGC 2023 Regulation C","log":"|j|\u2606jamez10\n|j|\u2606Ytterby\n|t:|1682271095\n|gametype|doubles\n|player|p1|jamez10|102|1126\n|player|p2|Ytterby|brycenman|1148\n|teamsize|p1|6\n|teamsize|p2|6\n|gen|9\n|tier|[Gen 9] VGC 2023 Regulation C\n|rated|\n|rule|Species Clause: Limit one of each Pok\u00e9mon\n|rule|Item Clause: Limit one of each item\n|clearpoke\n|poke|p1|Indeedee-F, L50, F|\n|poke|p1|Iron Jugulis, L50|\n|poke|p1|Tauros-Paldea-Blaze, L50, M|\n|poke|p1|Palafin, L50, M|\n|poke|p1|Bronzong, L50|\n|poke|p1|Iron Bundle, L50|\n|poke|p2|Sandy Shocks, L50|\n|poke|p2|Maushold-Four, L50|\n|poke|p2|Stonjourner, L50, M|\n|poke|p2|Indeedee-F, L50, F|\n|poke|p2|Grafaiai, L50, F|\n|poke|p2|Iron Bundle, L50|\n|teampreview|4\nYtterby has agreed to open team sheets.\n|inactive|Battle timer is ON: inactive players will automatically lose when time's up. (requested by Ytterby)\n|\n|t:|1682271138\n|start\n|switch|p1a: Iron Jugulis|Iron Jugulis, L50|100\/100\n|switch|p1b: Bronzong|Bronzong, L50|100\/100\n|switch|p2a: Sandy Shocks|Sandy Shocks, L50|100\/100\n|switch|p2b: Maushold|Maushold-Four, L50|100\/100\n|-enditem|p1a: Iron Jugulis|Booster Energy\n|-activate|p1a: Iron Jugulis|ability: Quark Drive|[fromitem]\n|-start|p1a: Iron Jugulis|quarkdrivespe\n|-enditem|p2a: Sandy Shocks|Booster Energy\n|-activate|p2a: Sandy Shocks|ability: Protosynthesis|[fromitem]\n|-start|p2a: Sandy Shocks|protosynthesisspe\n|turn|1\n|inactive|jamez10 has 30 seconds left.\n|inactive|Ytterby has 30 seconds left.\n|inactive|Ytterby has 20 seconds left.\n|\n|t:|1682271177\n|-terastallize|p1a: Iron Jugulis|Poison\n|move|p1a: Iron Jugulis|Tailwind|p1a: Iron Jugulis\n|-sidestart|p1: jamez10|move: Tailwind\n|move|p2a: Sandy Shocks|Gravity|p2a: Sandy Shocks\n|-fieldstart|move: Gravity\n|move|p1b: Bronzong|Hypnosis|p2b: Maushold\n|-status|p2b: Maushold|slp|[from] move: Hypnosis\n|cant|p2b: Maushold|slp\n|\n|upkeep\n|turn|2\n|c|\u2606Ytterby|FUCK\n|inactive|jamez10 has 30 seconds left.\n|inactive|Ytterby has 30 seconds left.\n|\n|t:|1682271211\n|cant|p2b: Maushold|slp\n|move|p1a: Iron Jugulis|Heat Wave|p2a: Sandy Shocks|[spread] p2a,p2b\n|-damage|p2a: Sandy Shocks|70\/100\n|-damage|p2b: Maushold|64\/100 slp\n|move|p2a: Sandy Shocks|Earth Power|p1b: Bronzong\n|-supereffective|p1b: Bronzong\n|-damage|p1b: Bronzong|3\/100\n|move|p1b: Bronzong|Iron Head|p2a: Sandy Shocks\n|-resisted|p2a: Sandy Shocks\n|-damage|p2a: Sandy Shocks|51\/100\n|\n|upkeep\n|turn|3\n|inactive|jamez10 has 30 seconds left.\n|inactive|Ytterby has 30 seconds left.\n|\n|t:|1682271242\n|switch|p1b: Indeedee|Indeedee-F, L50, F|100\/100\n|-fieldstart|move: Psychic Terrain|[from] ability: Psychic Surge|[of] p1b: Indeedee\n|move|p1a: Iron Jugulis|Heat Wave|p2a: Sandy Shocks|[spread] p2a,p2b\n|-damage|p2a: Sandy Shocks|24\/100\n|-damage|p2b: Maushold|30\/100 slp\n|move|p2a: Sandy Shocks|Volt Switch|p1b: Indeedee\n|-damage|p1b: Indeedee|72\/100\n|\n|t:|1682271259\n|-end|p2a: Sandy Shocks|Protosynthesis|[silent]\n|switch|p2a: Iron Bundle|Iron Bundle, L50|100\/100|[from] Volt Switch\n|cant|p2b: Maushold|slp\n|\n|upkeep\n|turn|4\n|\n|t:|1682271281\n|-curestatus|p2b: Maushold|slp|[msg]\n|move|p2b: Maushold|Protect|p2b: Maushold\n|-singleturn|p2b: Maushold|Protect\n|move|p1b: Indeedee|Follow Me|p1b: Indeedee\n|-singleturn|p1b: Indeedee|move: Follow Me\n|move|p1a: Iron Jugulis|Heat Wave|p2b: Maushold|[spread] p2a\n|-activate|p2b: Maushold|move: Protect\n|-damage|p2a: Iron Bundle|50\/100\n|move|p2a: Iron Bundle|Icy Wind|p1a: Iron Jugulis|[spread] p1a,p1b\n|-damage|p1a: Iron Jugulis|72\/100\n|-damage|p1b: Indeedee|53\/100\n|-unboost|p1a: Iron Jugulis|spe|1\n|-unboost|p1b: Indeedee|spe|1\n|\n|-sideend|p1: jamez10|move: Tailwind\n|upkeep\n|turn|5\n|inactive|Ytterby has 30 seconds left.\n|inactive|Ytterby has 20 seconds left.\n|\n|t:|1682271318\n|-terastallize|p2a: Iron Bundle|Ice\n|move|p1b: Indeedee|Follow Me|p1b: Indeedee\n|-singleturn|p1b: Indeedee|move: Follow Me\n|move|p2a: Iron Bundle|Blizzard|p1a: Iron Jugulis|[spread] p1a,p1b\n|-damage|p1a: Iron Jugulis|0 fnt\n|-damage|p1b: Indeedee|6\/100\n|faint|p1a: Iron Jugulis\n|-end|p1a: Iron Jugulis|Quark Drive|[silent]\n|move|p2b: Maushold|Population Bomb|p1b: Indeedee\n|-damage|p1b: Indeedee|0 fnt\n|-damage|p2b: Maushold|13\/100|[from] item: Rocky Helmet|[of] p1b: Indeedee\n|faint|p1b: Indeedee\n|-hitcount|p1: Indeedee|1\n|\n|-fieldend|move: Gravity\n|upkeep\n|\n|t:|1682271333\n|switch|p1a: Iron Bundle|Iron Bundle, L50|100\/100\n|switch|p1b: Bronzong|Bronzong, L50|3\/100\n|turn|6\n|\n|t:|1682271352\n|move|p2b: Maushold|Protect|p2b: Maushold\n|-singleturn|p2b: Maushold|Protect\n|move|p2a: Iron Bundle|Icy Wind|p1a: Iron Bundle|[spread] p1a,p1b\n|-resisted|p1a: Iron Bundle\n|-resisted|p1b: Bronzong\n|-damage|p1a: Iron Bundle|87\/100\n|-damage|p1b: Bronzong|0 fnt\n|-unboost|p1a: Iron Bundle|spe|1\n|faint|p1b: Bronzong\n|move|p1a: Iron Bundle|Icy Wind|p2b: Maushold|[spread] p2a\n|-activate|p2b: Maushold|move: Protect\n|-resisted|p2a: Iron Bundle\n|-damage|p2a: Iron Bundle|23\/100\n|-unboost|p2a: Iron Bundle|spe|1\n|-damage|p1a: Iron Bundle|77\/100|[from] item: Life Orb\n|\n|upkeep\n|turn|7\n|inactive|jamez10 has 30 seconds left.\n|\n|t:|1682271381\n|-end|p2a: Iron Bundle|Quark Drive|[silent]\n|switch|p2a: Stonjourner|Stonjourner, L50, M|100\/100\n|move|p2b: Maushold|Population Bomb|p1a: Iron Bundle\n|-damage|p1a: Iron Bundle|60\/100\n|-damage|p1a: Iron Bundle|41\/100\n|-crit|p1a: Iron Bundle\n|-damage|p1a: Iron Bundle|17\/100\n|-crit|p1a: Iron Bundle\n|-damage|p1a: Iron Bundle|0 fnt\n|faint|p1a: Iron Bundle\n|-end|p1a: Iron Bundle|Quark Drive|[silent]\n|-hitcount|p1: Iron Bundle|4\n|\n|win|Ytterby\n|raw|jamez10's rating: 1126 → 1103<\/strong> (-23 for losing)\n|raw|Ytterby's rating: 1148 → 1171<\/strong> (+23 for winning)\n|l|\u2606jamez10\n","uploadtime":1682271394,"views":10,"p1id":"jamez10","p2id":"ytterby","formatid":"gen9vgc2023regulationc","rating":1103,"private":0,"password":""}