{"id":"gen9vgc2023regulationc-1854761070","p1":"BlindMagneton","p2":"xibolun1510","format":"[Gen 9] VGC 2023 Regulation C","log":"|j|\u2606BlindMagneton\n|j|\u2606xibolun1510\n|t:|1682862629\n|gametype|doubles\n|player|p1|BlindMagneton|wattson|1175\n|player|p2|xibolun1510|170|1140\n|teamsize|p1|6\n|teamsize|p2|6\n|gen|9\n|tier|[Gen 9] VGC 2023 Regulation C\n|rated|\n|rule|Species Clause: Limit one of each Pok\u00e9mon\n|rule|Item Clause: Limit one of each item\n|clearpoke\n|poke|p1|Iron Bundle, L50|\n|poke|p1|Sandy Shocks, L50|\n|poke|p1|Ceruledge, L50, M|\n|poke|p1|Pelipper, L50, F|\n|poke|p1|Chien-Pao, L50|\n|poke|p1|Scizor, L50, M|\n|poke|p2|Abomasnow, L50, M|\n|poke|p2|Iron Bundle, L50|\n|poke|p2|Gengar, L50, M|\n|poke|p2|Murkrow, L50, M|\n|poke|p2|Great Tusk, L50|\n|poke|p2|Wo-Chien, L50|\n|teampreview|4\n|inactive|Battle timer is ON: inactive players will automatically lose when time's up. (requested by xibolun1510)\n|inactive|BlindMagneton has 60 seconds left.\n|\n|t:|1682862701\n|start\n|switch|p1a: Sandy Shocks|Sandy Shocks, L50|100\/100\n|switch|p1b: Pelipper|Pelipper, L50, F|100\/100\n|switch|p2a: Abomasnow|Abomasnow, L50, M|100\/100\n|switch|p2b: Iron Bundle|Iron Bundle, L50|100\/100\n|-weather|RainDance|[from] ability: Drizzle|[of] p1b: Pelipper\n|-weather|Snow|[from] ability: Snow Warning|[of] p2a: Abomasnow\n|-enditem|p2b: Iron Bundle|Booster Energy\n|-activate|p2b: Iron Bundle|ability: Quark Drive|[fromitem]\n|-start|p2b: Iron Bundle|quarkdrivespe\n|-enditem|p1a: Sandy Shocks|Booster Energy\n|-activate|p1a: Sandy Shocks|ability: Protosynthesis|[fromitem]\n|-start|p1a: Sandy Shocks|protosynthesisspe\n|turn|1\n|inactive|xibolun1510 has 30 seconds left.\n|\n|t:|1682862732\n|-terastallize|p1a: Sandy Shocks|Grass\n|move|p1b: Pelipper|Wide Guard|p1b: Pelipper\n|-singleturn|p1b: Pelipper|Wide Guard\n|move|p2b: Iron Bundle|Aurora Veil|p2b: Iron Bundle\n|-sidestart|p2: xibolun1510|move: Aurora Veil\n|move|p1a: Sandy Shocks|Gravity|p1a: Sandy Shocks\n|-fieldstart|move: Gravity\n|move|p2a: Abomasnow|Blizzard|p1b: Pelipper|[spread] \n|-activate|p1a: Sandy Shocks|move: Wide Guard\n|-activate|p1b: Pelipper|move: Wide Guard\n|\n|-weather|Snow|[upkeep]\n|upkeep\n|turn|2\n|inactive|BlindMagneton has 30 seconds left.\n|inactive|xibolun1510 has 30 seconds left.\n|\n|t:|1682862764\n|move|p2b: Iron Bundle|Protect|p2b: Iron Bundle\n|-singleturn|p2b: Iron Bundle|Protect\n|move|p2a: Abomasnow|Protect|p2a: Abomasnow\n|-singleturn|p2a: Abomasnow|Protect\n|move|p1b: Pelipper|Wide Guard|p1b: Pelipper\n|-singleturn|p1b: Pelipper|Wide Guard\n|move|p1a: Sandy Shocks|Thunder|p2b: Iron Bundle\n|-activate|p2b: Iron Bundle|move: Protect\n|\n|-weather|Snow|[upkeep]\n|upkeep\n|turn|3\n|l|\u2606xibolun1510\n|inactive|xibolun1510 disconnected and has a minute to reconnect!\n|player|p2|\n|inactive|xibolun1510 has 30 seconds left.\n|j|\u2606xibolun1510\n|inactive|xibolun1510 reconnected and has 25 seconds left.\n|player|p2|xibolun1510|170\n|inactive|xibolun1510 has 20 seconds left.\n|inactive|xibolun1510 has 15 seconds left.\n|inactive|xibolun1510 has 10 seconds left.\n|inactive|xibolun1510 has 5 seconds left.\n|\n|t:|1682862816\n|move|p2b: Iron Bundle|Hydro Pump|p1a: Sandy Shocks\n|-resisted|p1a: Sandy Shocks\n|-damage|p1a: Sandy Shocks|72\/100\n|move|p1a: Sandy Shocks|Thunder|p2b: Iron Bundle\n|-supereffective|p2b: Iron Bundle\n|-damage|p2b: Iron Bundle|0 fnt\n|faint|p2b: Iron Bundle\n|-end|p2b: Iron Bundle|Quark Drive|[silent]\n|move|p1b: Pelipper|Tailwind|p1b: Pelipper\n|-sidestart|p1: BlindMagneton|move: Tailwind\n|move|p2a: Abomasnow|Energy Ball|p1a: Sandy Shocks\n|-resisted|p1a: Sandy Shocks\n|-damage|p1a: Sandy Shocks|51\/100\n|\n|-weather|Snow|[upkeep]\n|upkeep\n|\n|t:|1682862831\n|switch|p2b: Gengar|Gengar, L50, M|100\/100\n|turn|4\n|inactive|BlindMagneton has 30 seconds left.\n|\n|t:|1682862857\n|move|p1a: Sandy Shocks|Earth Power|p2b: Gengar\n|-supereffective|p2b: Gengar\n|-enditem|p2b: Gengar|Focus Sash\n|-damage|p2b: Gengar|1\/100\n|-start|p1a: Sandy Shocks|Disable|Earth Power|[from] ability: Cursed Body|[of] p2b: Gengar\n|move|p1b: Pelipper|Hurricane|p2a: Abomasnow\n|-supereffective|p2a: Abomasnow\n|-damage|p2a: Abomasnow|31\/100\n|-start|p2a: Abomasnow|confusion\n|move|p2b: Gengar|Destiny Bond|p2b: Gengar\n|-singlemove|p2b: Gengar|Destiny Bond\n|-activate|p2a: Abomasnow|confusion\n|move|p2a: Abomasnow|Blizzard|p1b: Pelipper|[spread] p1a,p1b\n|-supereffective|p1a: Sandy Shocks\n|-damage|p1a: Sandy Shocks|0 fnt\n|-damage|p1b: Pelipper|40\/100\n|faint|p1a: Sandy Shocks\n|-end|p1a: Sandy Shocks|Protosynthesis|[silent]\n|\n|-weather|Snow|[upkeep]\n|upkeep\n|\n|t:|1682862875\n|switch|p1a: Ceruledge|Ceruledge, L50, M|100\/100\n|turn|5\n|\n|t:|1682862900\n|move|p1a: Ceruledge|Phantom Force||[still]\n|-prepare|p1a: Ceruledge|Phantom Force\n|move|p1b: Pelipper|Hurricane|p2a: Abomasnow\n|-supereffective|p2a: Abomasnow\n|-damage|p2a: Abomasnow|0 fnt\n|faint|p2a: Abomasnow\n|move|p2b: Gengar|Curse|p1a: Ceruledge|[miss]\n|-miss|p2b: Gengar|p1a: Ceruledge\n|\n|-weather|Snow|[upkeep]\n|-sideend|p2: xibolun1510|move: Aurora Veil\n|-fieldend|move: Gravity\n|upkeep\n|\n|t:|1682862912\n|switch|p2a: Wo-Chien|Wo-Chien, L50|100\/100\n|-ability|p2a: Wo-Chien|Tablets of Ruin\n|turn|6\n|inactive|BlindMagneton has 30 seconds left.\n|\n|t:|1682862946\n|switch|p1b: Iron Bundle|Iron Bundle, L50|100\/100\n|move|p1a: Ceruledge|Phantom Force|p2b: Gengar|[from]lockedmove\n|-supereffective|p2b: Gengar\n|-damage|p2b: Gengar|0 fnt\n|faint|p2b: Gengar\n|move|p2a: Wo-Chien|Substitute|p2a: Wo-Chien\n|-start|p2a: Wo-Chien|Substitute\n|-damage|p2a: Wo-Chien|76\/100\n|\n|-weather|Snow|[upkeep]\n|-heal|p2a: Wo-Chien|82\/100|[from] item: Leftovers\n|-sideend|p1: BlindMagneton|move: Tailwind\n|upkeep\n|turn|7\n|inactive|BlindMagneton has 30 seconds left.\n|\n|t:|1682862977\n|move|p1b: Iron Bundle|Freeze-Dry|p2a: Wo-Chien\n|-supereffective|p2a: Wo-Chien\n|-end|p2a: Wo-Chien|Substitute\n|move|p1a: Ceruledge|Bitter Blade|p2a: Wo-Chien\n|-supereffective|p2a: Wo-Chien\n|-damage|p2a: Wo-Chien|27\/100\n|move|p2a: Wo-Chien|Leech Seed|p1b: Iron Bundle\n|-start|p1b: Iron Bundle|move: Leech Seed\n|\n|-weather|Snow|[upkeep]\n|-heal|p2a: Wo-Chien|33\/100|[from] item: Leftovers\n|-damage|p1b: Iron Bundle|88\/100|[from] Leech Seed|[of] p2a: Wo-Chien\n|-heal|p2a: Wo-Chien|41\/100|[silent]\n|upkeep\n|turn|8\n|inactive|BlindMagneton has 30 seconds left.\n|\n|t:|1682863006\n|-end|p1b: Iron Bundle|Quark Drive|[silent]\n|switch|p1b: Pelipper|Pelipper, L50, F|40\/100\n|-weather|RainDance|[from] ability: Drizzle|[of] p1b: Pelipper\n|-terastallize|p2a: Wo-Chien|Poison\n|move|p1a: Ceruledge|Will-O-Wisp|p2a: Wo-Chien\n|-status|p2a: Wo-Chien|brn\n|move|p2a: Wo-Chien|Substitute|p2a: Wo-Chien\n|-start|p2a: Wo-Chien|Substitute\n|-damage|p2a: Wo-Chien|17\/100 brn\n|\n|-weather|RainDance|[upkeep]\n|-heal|p2a: Wo-Chien|22\/100 brn|[from] item: Leftovers\n|-damage|p2a: Wo-Chien|17\/100 brn|[from] brn\n|upkeep\n|turn|9\n|\n|t:|1682863028\n|move|p1a: Ceruledge|Phantom Force||[still]\n|-prepare|p1a: Ceruledge|Phantom Force\n|move|p1b: Pelipper|Hurricane|p2a: Wo-Chien\n|-end|p2a: Wo-Chien|Substitute\n|move|p2a: Wo-Chien|Leech Seed|p1a: Ceruledge|[miss]\n|-miss|p2a: Wo-Chien|p1a: Ceruledge\n|\n|-weather|RainDance|[upkeep]\n|-heal|p2a: Wo-Chien|22\/100 brn|[from] item: Leftovers\n|-damage|p2a: Wo-Chien|17\/100 brn|[from] brn\n|upkeep\n|turn|10\n|\n|t:|1682863042\n|move|p1a: Ceruledge|Phantom Force|p2a: Wo-Chien|[from]lockedmove\n|-damage|p2a: Wo-Chien|0 fnt\n|faint|p2a: Wo-Chien\n|\n|win|BlindMagneton\n|raw|BlindMagneton's rating: 1175 → 1197<\/strong> (+22 for winning)\n|raw|xibolun1510's rating: 1140 → 1118<\/strong> (-22 for losing)\n|l|\u2606xibolun1510\n","uploadtime":1682863050,"views":15,"p1id":"blindmagneton","p2id":"xibolun1510","formatid":"gen9vgc2023regulationc","rating":1118,"private":0,"password":""}