{"id":"gen9vgc2023regulationc-1852224547","p1":"BFO Ethanol","p2":"slothmish","format":"[Gen 9] VGC 2023 Regulation C","log":"|j|\u2606BFO Ethanol\n|j|\u2606slothmish\n|t:|1682534423\n|gametype|doubles\n|player|p1|BFO Ethanol|wallace|\n|player|p2|slothmish|cynthia|\n|teamsize|p1|6\n|teamsize|p2|6\n|gen|9\n|tier|[Gen 9] VGC 2023 Regulation C\n|rule|Species Clause: Limit one of each Pok\u00e9mon\n|rule|Item Clause: Limit one of each item\n|clearpoke\n|poke|p1|Scyther, L5, F|\n|poke|p1|Crabrawler, L5, F|\n|poke|p1|Bonsly, L5, M|\n|poke|p1|Toedscool, L5, M|\n|poke|p1|Rolycoly, L5, F|\n|poke|p1|Nymble, L5, F|\n|poke|p2|Gastly, L5, M|\n|poke|p2|Gible, L5, M|\n|poke|p2|Shinx, L5, M|\n|poke|p2|Phanpy, L5, M|\n|poke|p2|Deino, L5, M|\n|poke|p2|Slakoth, L5, M|\n|teampreview|4\n|c|\u2606BFO Ethanol|glhf!\n|j| MarzasY\n|j| mharidain\n|j| Scrandrew\n|\n|t:|1682534479\n|start\n|switch|p1a: \ud83e\udd80\ud83e\udd80Eugene\ud83e\udd80\ud83e\udd80|Crabrawler, L5, F|100\/100\n|switch|p1b: \ud83c\udf33\ud83c\udf33Dave\ud83c\udf33\ud83c\udf33|Bonsly, L5, M|100\/100\n|switch|p2a: Gastly|Gastly, L5, M|100\/100\n|switch|p2b: Shinx|Shinx, L5, M|100\/100\n|-ability|p2b: Shinx|Intimidate|boost\n|-fail|p1a: \ud83e\udd80\ud83e\udd80Eugene\ud83e\udd80\ud83e\udd80|unboost|Attack|[from] ability: Hyper Cutter|[of] p1a: \ud83e\udd80\ud83e\udd80Eugene\ud83e\udd80\ud83e\udd80\n|-unboost|p1b: \ud83c\udf33\ud83c\udf33Dave\ud83c\udf33\ud83c\udf33|atk|1\n|turn|1\n|c|\u2606slothmish|i,m ready\n|c| Scrandrew|gud luck\n|j| Coatesy92\n|l| Coatesy92\n|\n|t:|1682534521\n|move|p1a: \ud83e\udd80\ud83e\udd80Eugene\ud83e\udd80\ud83e\udd80|Protect|p1a: \ud83e\udd80\ud83e\udd80Eugene\ud83e\udd80\ud83e\udd80\n|-singleturn|p1a: \ud83e\udd80\ud83e\udd80Eugene\ud83e\udd80\ud83e\udd80|Protect\n|move|p2a: Gastly|Sludge Bomb|p1b: \ud83c\udf33\ud83c\udf33Dave\ud83c\udf33\ud83c\udf33\n|-resisted|p1b: \ud83c\udf33\ud83c\udf33Dave\ud83c\udf33\ud83c\udf33\n|-damage|p1b: \ud83c\udf33\ud83c\udf33Dave\ud83c\udf33\ud83c\udf33|62\/100\n|-damage|p2a: Gastly|91\/100|[from] item: Life Orb\n|move|p2b: Shinx|Thunder Wave|p1a: \ud83e\udd80\ud83e\udd80Eugene\ud83e\udd80\ud83e\udd80\n|-activate|p1a: \ud83e\udd80\ud83e\udd80Eugene\ud83e\udd80\ud83e\udd80|move: Protect\n|move|p1b: \ud83c\udf33\ud83c\udf33Dave\ud83c\udf33\ud83c\udf33|Rock Slide|p2a: Gastly|[spread] p2a,p2b\n|-crit|p2a: Gastly\n|-damage|p2a: Gastly|5\/100\n|-damage|p2b: Shinx|67\/100\n|\n|upkeep\n|turn|2\n|\n|t:|1682534554\n|move|p1b: \ud83c\udf33\ud83c\udf33Dave\ud83c\udf33\ud83c\udf33|Sucker Punch|p2a: Gastly\n|-supereffective|p2a: Gastly\n|-damage|p2a: Gastly|0 fnt\n|faint|p2a: Gastly\n|move|p1a: \ud83e\udd80\ud83e\udd80Eugene\ud83e\udd80\ud83e\udd80|Close Combat|p2b: Shinx\n|-damage|p2b: Shinx|0 fnt\n|-unboost|p1a: \ud83e\udd80\ud83e\udd80Eugene\ud83e\udd80\ud83e\udd80|def|1\n|-unboost|p1a: \ud83e\udd80\ud83e\udd80Eugene\ud83e\udd80\ud83e\udd80|spd|1\n|faint|p2b: Shinx\n|\n|upkeep\n|\n|t:|1682534564\n|switch|p2a: Gible|Gible, L5, M|100\/100\n|switch|p2b: Phanpy|Phanpy, L5, M|100\/100\n|turn|3\n|\n|t:|1682534601\n|move|p1b: \ud83c\udf33\ud83c\udf33Dave\ud83c\udf33\ud83c\udf33|Sucker Punch|p2a: Gible\n|-damage|p2a: Gible|82\/100\n|-damage|p1b: \ud83c\udf33\ud83c\udf33Dave\ud83c\udf33\ud83c\udf33|53\/100|[from] ability: Rough Skin|[of] p2a: Gible\n|move|p1a: \ud83e\udd80\ud83e\udd80Eugene\ud83e\udd80\ud83e\udd80|Close Combat|p2a: Gible\n|-damage|p2a: Gible|23\/100\n|-unboost|p1a: \ud83e\udd80\ud83e\udd80Eugene\ud83e\udd80\ud83e\udd80|def|1\n|-unboost|p1a: \ud83e\udd80\ud83e\udd80Eugene\ud83e\udd80\ud83e\udd80|spd|1\n|-damage|p1a: \ud83e\udd80\ud83e\udd80Eugene\ud83e\udd80\ud83e\udd80|91\/100|[from] ability: Rough Skin|[of] p2a: Gible\n|move|p2a: Gible|Outrage|p1b: \ud83c\udf33\ud83c\udf33Dave\ud83c\udf33\ud83c\udf33\n|-damage|p1b: \ud83c\udf33\ud83c\udf33Dave\ud83c\udf33\ud83c\udf33|0 fnt\n|faint|p1b: \ud83c\udf33\ud83c\udf33Dave\ud83c\udf33\ud83c\udf33\n|move|p2b: Phanpy|High Horsepower|p1a: \ud83e\udd80\ud83e\udd80Eugene\ud83e\udd80\ud83e\udd80\n|-damage|p1a: \ud83e\udd80\ud83e\udd80Eugene\ud83e\udd80\ud83e\udd80|0 fnt\n|faint|p1a: \ud83e\udd80\ud83e\udd80Eugene\ud83e\udd80\ud83e\udd80\n|\n|upkeep\n|\n|t:|1682534617\n|switch|p1a: \u2702\ufe0f\u2702\ufe0fEdward\u2702\ufe0f\u2702\ufe0f|Scyther, L5, F|100\/100\n|switch|p1b: \ud83e\udd97\ud83e\udd97Big Jack\ud83e\udd97\ud83e\udd97|Nymble, L5, F|100\/100\n|turn|4\n|\n|t:|1682534639\n|move|p1b: \ud83e\udd97\ud83e\udd97Big Jack\ud83e\udd97\ud83e\udd97|First Impression|p2b: Phanpy\n|-damage|p2b: Phanpy|52\/100\n|move|p1a: \u2702\ufe0f\u2702\ufe0fEdward\u2702\ufe0f\u2702\ufe0f|Aerial Ace|p2a: Gible\n|-damage|p2a: Gible|0 fnt\n|-damage|p1a: \u2702\ufe0f\u2702\ufe0fEdward\u2702\ufe0f\u2702\ufe0f|92\/100|[from] ability: Rough Skin|[of] p2a: Gible\n|faint|p2a: Gible\n|-damage|p1a: \u2702\ufe0f\u2702\ufe0fEdward\u2702\ufe0f\u2702\ufe0f|83\/100|[from] item: Life Orb\n|move|p2b: Phanpy|High Horsepower|p1a: \u2702\ufe0f\u2702\ufe0fEdward\u2702\ufe0f\u2702\ufe0f\n|-immune|p1a: \u2702\ufe0f\u2702\ufe0fEdward\u2702\ufe0f\u2702\ufe0f\n|\n|upkeep\n|turn|5\n|j| H0p5t3r\n|\n|t:|1682534662\n|move|p2b: Phanpy|Ice Shard|p1a: \u2702\ufe0f\u2702\ufe0fEdward\u2702\ufe0f\u2702\ufe0f\n|-supereffective|p1a: \u2702\ufe0f\u2702\ufe0fEdward\u2702\ufe0f\u2702\ufe0f\n|-damage|p1a: \u2702\ufe0f\u2702\ufe0fEdward\u2702\ufe0f\u2702\ufe0f|48\/100\n|move|p1a: \u2702\ufe0f\u2702\ufe0fEdward\u2702\ufe0f\u2702\ufe0f|Aerial Ace|p2b: Phanpy\n|-damage|p2b: Phanpy|0 fnt\n|faint|p2b: Phanpy\n|-damage|p1a: \u2702\ufe0f\u2702\ufe0fEdward\u2702\ufe0f\u2702\ufe0f|40\/100|[from] item: Life Orb\n|\n|win|BFO Ethanol\n|l| MarzasY\n|c|\u2606BFO Ethanol|gg!\n","uploadtime":1682534671,"views":15,"p1id":"bfoethanol","p2id":"slothmish","formatid":"gen9vgc2023regulationc","rating":0,"private":0,"password":""}