{"id":"gen9vgc2023regulationc-1849383641","p1":"stev998","p2":"ascoi","format":"[Gen 9] VGC 2023 Regulation C","log":"|j|\u2606stev998\n|j|\u2606ascoi\n|t:|1682192408\n|gametype|doubles\n|player|p1|stev998|169|1125\n|player|p2|ascoi|swimmer|1180\n|teamsize|p1|6\n|teamsize|p2|6\n|gen|9\n|tier|[Gen 9] VGC 2023 Regulation C\n|rated|\n|rule|Species Clause: Limit one of each Pok\u00e9mon\n|rule|Item Clause: Limit one of each item\n|clearpoke\n|poke|p1|Dondozo, L50, M|\n|poke|p1|Tatsugiri, L50, M|\n|poke|p1|Gholdengo, L50|\n|poke|p1|Murkrow, L50, M|\n|poke|p1|Pawmot, L50, M|\n|poke|p1|Dragonite, L50, M|\n|poke|p2|Ting-Lu, L50|\n|poke|p2|Glimmora, L50, F|\n|poke|p2|Amoonguss, L50, F|\n|poke|p2|Arcanine, L50, F|\n|poke|p2|Gastrodon, L50, M|\n|poke|p2|Baxcalibur, L50, F|\n|teampreview|4\n|\n|t:|1682192452\n|start\n|switch|p1a: Dondozo|Dondozo, L50, M|100\/100\n|switch|p1b: Tatsugiri|Tatsugiri, L50, M|100\/100\n|switch|p2a: Ting-Lu|Ting-Lu, L50|100\/100\n|switch|p2b: Glimmora|Glimmora, L50, F|100\/100\n|-activate|p1b: Tatsugiri|ability: Commander|[of] p1a: Dondozo\n|-boost|p1a: Dondozo|atk|2\n|-boost|p1a: Dondozo|spa|2\n|-boost|p1a: Dondozo|spe|2\n|-boost|p1a: Dondozo|def|2\n|-boost|p1a: Dondozo|spd|2\n|-ability|p2a: Ting-Lu|Vessel of Ruin\n|turn|1\n|\n|t:|1682192478\n|-terastallize|p1a: Dondozo|Dragon\n|move|p2b: Glimmora|Spiky Shield|p2b: Glimmora\n|-singleturn|p2b: Glimmora|move: Protect\n|move|p1a: Dondozo|Order Up|p2a: Ting-Lu\n|-damage|p2a: Ting-Lu|73\/100\n|-boost|p1a: Dondozo|atk|1\n|move|p2a: Ting-Lu|Ruination|p1a: Dondozo\n|-damage|p1a: Dondozo|50\/100\n|\n|-heal|p1a: Dondozo|57\/100|[from] item: Leftovers\n|upkeep\n|turn|2\n|\n|t:|1682192500\n|move|p1a: Dondozo|Wave Crash|p2b: Glimmora\n|-supereffective|p2b: Glimmora\n|-enditem|p2b: Glimmora|Focus Sash\n|-damage|p2b: Glimmora|1\/100\n|-activate|p2b: Glimmora|ability: Toxic Debris\n|-sidestart|p1: stev998|move: Toxic Spikes\n|-damage|p1a: Dondozo|34\/100|[from] Recoil\n|move|p2b: Glimmora|Mortal Spin|p1a: Dondozo|[spread] p1a\n|-miss|p2b: Glimmora|p1b: Tatsugiri\n|-damage|p1a: Dondozo|32\/100\n|-status|p1a: Dondozo|psn\n|move|p2a: Ting-Lu|Ruination|p1a: Dondozo\n|-damage|p1a: Dondozo|16\/100 psn\n|\n|-heal|p1a: Dondozo|23\/100 psn|[from] item: Leftovers\n|-damage|p1a: Dondozo|10\/100 psn|[from] psn\n|upkeep\n|turn|3\n|\n|t:|1682192528\n|switch|p2a: Amoonguss|Amoonguss, L50, F|100\/100\n|move|p2b: Glimmora|Spiky Shield|p2b: Glimmora\n|-singleturn|p2b: Glimmora|move: Protect\n|move|p1a: Dondozo|Wave Crash|p2a: Amoonguss\n|-resisted|p2a: Amoonguss\n|-damage|p2a: Amoonguss|52\/100\n|-damage|p1a: Dondozo|0 fnt|[from] Recoil\n|faint|p1a: Dondozo\n|\n|upkeep\n|\n|t:|1682192540\n|switch|p1a: Pawmot|Pawmot, L50, M|100\/100\n|-status|p1a: Pawmot|psn\n|turn|4\n|\n|t:|1682192588\n|switch|p2b: Ting-Lu|Ting-Lu, L50|73\/100\n|-ability|p2b: Ting-Lu|Vessel of Ruin\n|move|p1a: Pawmot|Fake Out|p2b: Ting-Lu\n|-damage|p2b: Ting-Lu|68\/100\n|move|p1b: Tatsugiri|Draco Meteor|p2a: Amoonguss|[miss]\n|-miss|p1b: Tatsugiri|p2a: Amoonguss\n|move|p2a: Amoonguss|Pollen Puff|p2b: Ting-Lu\n|-heal|p2b: Ting-Lu|100\/100\n|\n|-damage|p1a: Pawmot|88\/100 psn|[from] psn\n|upkeep\n|turn|5\n|\n|t:|1682192609\n|move|p1b: Tatsugiri|Draco Meteor|p2a: Amoonguss\n|-damage|p2a: Amoonguss|8\/100\n|-unboost|p1b: Tatsugiri|spa|2\n|-enditem|p2a: Amoonguss|Sitrus Berry|[eat]\n|-heal|p2a: Amoonguss|33\/100|[from] item: Sitrus Berry\n|move|p1a: Pawmot|Revival Blessing|p1a: Pawmot\n|\n|t:|1682192616\n|-heal|p1: Dondozo|50\/100|[from] move: Revival Blessing\n|move|p2b: Ting-Lu|Sand Tomb|p1a: Pawmot\n|-supereffective|p1a: Pawmot\n|-damage|p1a: Pawmot|42\/100 psn\n|-activate|p1a: Pawmot|move: Sand Tomb|[of] p2b: Ting-Lu\n|move|p2a: Amoonguss|Spore|p1b: Tatsugiri\n|-status|p1b: Tatsugiri|slp|[from] move: Spore\n|\n|-damage|p1a: Pawmot|29\/100 psn|[from] psn\n|-damage|p1a: Pawmot|17\/100 psn|[from] move: Sand Tomb|[partiallytrapped]\n|upkeep\n|turn|6\n|\n|t:|1682192642\n|switch|p2a: Glimmora|Glimmora, L50, F|1\/100\n|cant|p1b: Tatsugiri|slp\n|move|p1a: Pawmot|Double Shock|p2a: Glimmora\n|-damage|p2a: Glimmora|0 fnt\n|-start|p1a: Pawmot|typechange|???\/Fighting|[from] move: Double Shock\n|-activate|p2a: Glimmora|ability: Toxic Debris\n|-sidestart|p1: stev998|move: Toxic Spikes\n|faint|p2a: Glimmora\n|move|p2b: Ting-Lu|Sand Tomb|p1b: Tatsugiri\n|-damage|p1b: Tatsugiri|80\/100 slp\n|-activate|p1b: Tatsugiri|move: Sand Tomb|[of] p2b: Ting-Lu\n|\n|-damage|p1a: Pawmot|5\/100 psn|[from] psn\n|-damage|p1b: Tatsugiri|68\/100 slp|[from] move: Sand Tomb|[partiallytrapped]\n|-damage|p1a: Pawmot|0 fnt|[from] move: Sand Tomb|[partiallytrapped]\n|faint|p1a: Pawmot\n|upkeep\n|\n|t:|1682192657\n|switch|p1a: Dondozo|Dondozo, L50, M|50\/100\n|switch|p2a: Amoonguss|Amoonguss, L50, F|66\/100\n|-activate|p1b: Tatsugiri|ability: Commander|[of] p1a: Dondozo\n|-boost|p1a: Dondozo|atk|2\n|-boost|p1a: Dondozo|spa|2\n|-boost|p1a: Dondozo|spe|2\n|-boost|p1a: Dondozo|def|2\n|-boost|p1a: Dondozo|spd|2\n|-status|p1a: Dondozo|tox\n|turn|7\n|\n|t:|1682192677\n|move|p1a: Dondozo|Wave Crash|p2a: Amoonguss\n|-resisted|p2a: Amoonguss\n|-damage|p2a: Amoonguss|21\/100\n|-damage|p1a: Dondozo|36\/100 tox|[from] Recoil\n|move|p2b: Ting-Lu|Stomping Tantrum|p1a: Dondozo\n|-damage|p1a: Dondozo|25\/100 tox\n|move|p2a: Amoonguss|Spore||[still]\n|-fail|p2a: Amoonguss\n|\n|-heal|p1a: Dondozo|31\/100 tox|[from] item: Leftovers\n|-damage|p1a: Dondozo|25\/100 tox|[from] psn\n|-damage|p1b: Tatsugiri|56\/100 slp|[from] move: Sand Tomb|[partiallytrapped]\n|upkeep\n|turn|8\n|\n|t:|1682192692\n|move|p2a: Amoonguss|Protect|p2a: Amoonguss\n|-singleturn|p2a: Amoonguss|Protect\n|move|p1a: Dondozo|Wave Crash|p2a: Amoonguss\n|-activate|p2a: Amoonguss|move: Protect\n|move|p2b: Ting-Lu|Stomping Tantrum|p1a: Dondozo\n|-damage|p1a: Dondozo|16\/100 tox\n|\n|-heal|p1a: Dondozo|22\/100 tox|[from] item: Leftovers\n|-damage|p1a: Dondozo|10\/100 tox|[from] psn\n|-damage|p1b: Tatsugiri|44\/100 slp|[from] move: Sand Tomb|[partiallytrapped]\n|upkeep\n|turn|9\n|\n|t:|1682192715\n|move|p2a: Amoonguss|Rage Powder|p2a: Amoonguss\n|-singleturn|p2a: Amoonguss|move: Rage Powder\n|move|p1a: Dondozo|Wave Crash|p2a: Amoonguss\n|-resisted|p2a: Amoonguss\n|-damage|p2a: Amoonguss|0 fnt\n|faint|p2a: Amoonguss\n|-damage|p1a: Dondozo|3\/100 tox|[from] Recoil\n|move|p2b: Ting-Lu|Sand Tomb|p1a: Dondozo\n|-damage|p1a: Dondozo|0 fnt\n|faint|p1a: Dondozo\n|\n|-damage|p1b: Tatsugiri|32\/100 slp|[from] move: Sand Tomb|[partiallytrapped]\n|upkeep\n|\n|t:|1682192726\n|switch|p1a: Dragonite|Dragonite, L50, M|100\/100\n|switch|p2a: Baxcalibur|Baxcalibur, L50, F|100\/100\n|turn|10\n|\n|t:|1682192750\n|-terastallize|p2a: Baxcalibur|Fire\n|-curestatus|p1b: Tatsugiri|slp|[msg]\n|move|p1b: Tatsugiri|Draco Meteor|p2a: Baxcalibur\n|-damage|p2a: Baxcalibur|78\/100\n|-unboost|p1b: Tatsugiri|spa|2\n|move|p2a: Baxcalibur|Icicle Spear|p1a: Dragonite\n|-supereffective|p1a: Dragonite\n|-damage|p1a: Dragonite|36\/100\n|-supereffective|p1a: Dragonite\n|-damage|p1a: Dragonite|0 fnt\n|faint|p1a: Dragonite\n|-hitcount|p1: Dragonite|2\n|move|p2b: Ting-Lu|Sand Tomb|p1b: Tatsugiri\n|-damage|p1b: Tatsugiri|11\/100\n|\n|-end|p1b: Tatsugiri|Sand Tomb|[partiallytrapped]\n|upkeep\n|turn|11\n|\n|t:|1682192767\n|move|p1b: Tatsugiri|Draco Meteor|p2b: Ting-Lu\n|-damage|p2b: Ting-Lu|92\/100\n|-unboost|p1b: Tatsugiri|spa|2\n|move|p2a: Baxcalibur|Glaive Rush|p1b: Tatsugiri\n|-supereffective|p1b: Tatsugiri\n|-damage|p1b: Tatsugiri|0 fnt\n|-singlemove|p2a: Baxcalibur|Glaive Rush|[silent]\n|faint|p1b: Tatsugiri\n|\n|win|ascoi\n|raw|stev998's rating: 1125 → 1104<\/strong> (-21 for losing)\n|raw|ascoi's rating: 1180 → 1201<\/strong> (+21 for winning)\n|l|\u2606stev998\n","uploadtime":1682192779,"views":9,"p1id":"stev998","p2id":"ascoi","formatid":"gen9vgc2023regulationc","rating":1104,"private":0,"password":""}