{"id":"gen9vgc2023regulationc-1860150020","p1":"redstonejesus","p2":"HazeOneTrick","format":"[Gen 9] VGC 2023 Regulation C","log":"|j|\u2606redstonejesus\n|j|\u2606HazeOneTrick\n|t:|1683601380\n|gametype|doubles\n|player|p1|redstonejesus|266|1264\n|player|p2|HazeOneTrick|acetrainer-gen6xy|1372\n|teamsize|p1|6\n|teamsize|p2|6\n|gen|9\n|tier|[Gen 9] VGC 2023 Regulation C\n|rated|\n|rule|Species Clause: Limit one of each Pok\u00e9mon\n|rule|Item Clause: Limit one of each item\n|clearpoke\n|poke|p1|Great Tusk, L50|\n|poke|p1|Talonflame, L50, F|\n|poke|p1|Flutter Mane, L50|\n|poke|p1|Iron Bundle, L50|\n|poke|p1|Kingambit, L50, F|\n|poke|p1|Amoonguss, L50, F|\n|poke|p2|Garganacl, L50, F|\n|poke|p2|Arcanine, L50, M|\n|poke|p2|Palafin, L50, M|\n|poke|p2|Amoonguss, L50, M|\n|poke|p2|Flutter Mane, L50|\n|poke|p2|Dragonite, L50, M|\n|teampreview|4\nHazeOneTrick has agreed to open team sheets.\n|\n|t:|1683601430\n|start\n|switch|p1a: Kingdom|Kingambit, L50, F|100\/100\n|switch|p1b: Move Along|Iron Bundle, L50|100\/100\n|switch|p2a: Palafin|Palafin, L50, M, shiny|100\/100\n|switch|p2b: Dragonite|Dragonite, L50, M|100\/100\n|-enditem|p1b: Move Along|Booster Energy\n|-activate|p1b: Move Along|ability: Quark Drive|[fromitem]\n|-start|p1b: Move Along|quarkdrivespe\n|turn|1\n|inactive|Battle timer is ON: inactive players will automatically lose when time's up. (requested by HazeOneTrick)\n|\n|t:|1683601460\n|detailschange|p2a: Palafin|Palafin-Hero, L50, M, shiny\n|switch|p2a: Amoonguss|Amoonguss, L50, M|100\/100\n|-terastallize|p2b: Dragonite|Flying\n|move|p1b: Move Along|Icy Wind|p2a: Amoonguss|[spread] p2a,p2b\n|-supereffective|p2a: Amoonguss\n|-supereffective|p2b: Dragonite\n|-damage|p2a: Amoonguss|60\/100\n|-damage|p2b: Dragonite|86\/100\n|-unboost|p2a: Amoonguss|spe|1\n|-unboost|p2b: Dragonite|spe|1\n|move|p2b: Dragonite|Low Kick|p1a: Kingdom\n|-supereffective|p1a: Kingdom\n|-damage|p1a: Kingdom|0 fnt\n|faint|p1a: Kingdom\n|\n|upkeep\n|\n|t:|1683601473\n|switch|p1a: Kingslayer|Flutter Mane, L50|100\/100\n|turn|2\n|\n|t:|1683601486\n|switch|p2a: Arcanine|Arcanine, L50, M|100\/100\n|-ability|p2a: Arcanine|Intimidate|boost\n|-unboost|p1a: Kingslayer|atk|1\n|-unboost|p1b: Move Along|atk|1\n|-terastallize|p1a: Kingslayer|Fairy\n|move|p1b: Move Along|Icy Wind|p2a: Arcanine|[spread] p2a,p2b\n|-resisted|p2a: Arcanine\n|-supereffective|p2b: Dragonite\n|-damage|p2a: Arcanine|90\/100\n|-damage|p2b: Dragonite|57\/100\n|-unboost|p2a: Arcanine|spe|1\n|-unboost|p2b: Dragonite|spe|1\n|move|p1a: Kingslayer|Dazzling Gleam|p2b: Dragonite|[spread] p2a,p2b\n|-resisted|p2a: Arcanine\n|-damage|p2a: Arcanine|59\/100\n|-damage|p2b: Dragonite|19\/100\n|move|p2b: Dragonite|Tera Blast|p1b: Move Along\n|-damage|p1b: Move Along|29\/100\n|\n|upkeep\n|turn|3\n|\n|t:|1683601504\n|move|p2b: Dragonite|Extreme Speed|p1b: Move Along\n|-damage|p1b: Move Along|0 fnt\n|faint|p1b: Move Along\n|-end|p1b: Move Along|Quark Drive|[silent]\n|move|p1a: Kingslayer|Dazzling Gleam|p2a: Arcanine|[spread] p2a,p2b\n|-resisted|p2a: Arcanine\n|-damage|p2a: Arcanine|26\/100\n|-damage|p2b: Dragonite|0 fnt\n|faint|p2b: Dragonite\n|move|p2a: Arcanine|Flare Blitz|p1a: Kingslayer\n|-damage|p1a: Kingslayer|4\/100\n|-damage|p2a: Arcanine|4\/100|[from] Recoil\n|\n|upkeep\n|\n|t:|1683601515\n|switch|p1b: Dreamy Night|Amoonguss, L50, F|100\/100\n|switch|p2b: Palafin|Palafin-Hero, L50, M, shiny|100\/100\n|-activate|p2b: Palafin|ability: Zero to Hero\n|turn|4\n|\n|t:|1683601526\n|move|p2a: Arcanine|Extreme Speed|p1a: Kingslayer\n|-damage|p1a: Kingslayer|0 fnt\n|faint|p1a: Kingslayer\n|-end|p1a: Kingslayer|Protosynthesis|[silent]\n|move|p1b: Dreamy Night|Rage Powder|p1b: Dreamy Night\n|-singleturn|p1b: Dreamy Night|move: Rage Powder\n|move|p2b: Palafin|Wave Crash|p1b: Dreamy Night\n|-resisted|p1b: Dreamy Night\n|-damage|p1b: Dreamy Night|62\/100\n|-damage|p2b: Palafin|87\/100|[from] Recoil\n|\n|upkeep\n|turn|5\n|-message|redstonejesus forfeited.\n|\n|win|HazeOneTrick\n|raw|redstonejesus's rating: 1264 → 1247<\/strong> (-17 for losing)\n|raw|HazeOneTrick's rating: 1372 → 1386<\/strong> (+14 for winning)\n","uploadtime":1683601542,"views":9,"p1id":"redstonejesus","p2id":"hazeonetrick","formatid":"gen9vgc2023regulationc","rating":1247,"private":0,"password":""}