{"id":"gen9vgc2023regulationc-1861491397","p1":"JonesyVGC","p2":"Dipshity","format":"[Gen 9] VGC 2023 Regulation C","log":"|j|\u2606JonesyVGC\n|j|\u2606Dipshity\n|t:|1683764435\n|gametype|doubles\n|player|p1|JonesyVGC|ethan|1090\n|player|p2|Dipshity|102|1097\n|teamsize|p1|6\n|teamsize|p2|6\n|gen|9\n|tier|[Gen 9] VGC 2023 Regulation C\n|rated|\n|rule|Species Clause: Limit one of each Pok\u00e9mon\n|rule|Item Clause: Limit one of each item\n|clearpoke\n|poke|p1|Chien-Pao, L50|\n|poke|p1|Palafin, L50, F|\n|poke|p1|Arcanine, L50, M|\n|poke|p1|Flutter Mane, L50|\n|poke|p1|Amoonguss, L50, M|\n|poke|p1|Garchomp, L50, F|\n|poke|p2|Grafaiai, L50, F|\n|poke|p2|Revavroom, L50, F|\n|poke|p2|Chien-Pao, L50|\n|poke|p2|Flutter Mane, L50|\n|poke|p2|Dragapult, L50, M|\n|poke|p2|Amoonguss, L50, M|\n|teampreview|4\n|\n|t:|1683764489\n|start\n|switch|p1a: Arcanine|Arcanine, L50, M|100\/100\n|switch|p1b: Palafin|Palafin, L50, F, shiny|100\/100\n|switch|p2a: Amoonguss|Amoonguss, L50, M|100\/100\n|switch|p2b: Dragapult|Dragapult, L50, M, shiny|100\/100\n|-ability|p1a: Arcanine|Intimidate|boost\n|-unboost|p2a: Amoonguss|atk|1\n|-unboost|p2b: Dragapult|atk|1\n|turn|1\n|\n|t:|1683764523\n|switch|p1a: Amoonguss|Amoonguss, L50, M|100\/100\n|detailschange|p1b: Palafin|Palafin-Hero, L50, F, shiny\n|switch|p1b: Garchomp|Garchomp, L50, F|100\/100\n|move|p2b: Dragapult|Dragon Dance|p2b: Dragapult\n|-boost|p2b: Dragapult|atk|1\n|-boost|p2b: Dragapult|spe|1\n|move|p2a: Amoonguss|Spore|p1b: Garchomp\n|-status|p1b: Garchomp|slp|[from] move: Spore\n|\n|upkeep\n|turn|2\n|\n|t:|1683764552\n|cant|p1b: Garchomp|slp\n|move|p2a: Amoonguss|Rage Powder|p2a: Amoonguss\n|-singleturn|p2a: Amoonguss|move: Rage Powder\n|move|p2b: Dragapult|Dragon Darts|p1b: Garchomp\n|-supereffective|p1b: Garchomp\n|-damage|p1b: Garchomp|47\/100 slp\n|-anim|p2b: Dragapult|Dragon Darts|p1a: Amoonguss\n|-damage|p1a: Amoonguss|80\/100\n|move|p1a: Amoonguss|Spore|p2b: Dragapult\n|-status|p2b: Dragapult|slp|[from] move: Spore\n|\n|upkeep\n|turn|3\n|\n|t:|1683764575\n|switch|p2a: Flutter Mane|Flutter Mane, L50|100\/100\n|cant|p2b: Dragapult|slp\n|cant|p1b: Garchomp|slp\n|move|p1a: Amoonguss|Pollen Puff|p1b: Garchomp\n|-heal|p1b: Garchomp|97\/100 slp\n|\n|upkeep\n|turn|4\n|\n|t:|1683764611\n|-terastallize|p1b: Garchomp|Ground\n|cant|p2b: Dragapult|slp\n|move|p2a: Flutter Mane|Dazzling Gleam|p1b: Garchomp|[spread] p1a,p1b\n|-resisted|p1a: Amoonguss\n|-damage|p1a: Amoonguss|58\/100\n|-damage|p1b: Garchomp|39\/100 slp\n|-curestatus|p1b: Garchomp|slp|[msg]\n|move|p1b: Garchomp|Dragon Claw|p2b: Dragapult\n|-supereffective|p2b: Dragapult\n|-enditem|p2b: Dragapult|Focus Sash\n|-damage|p2b: Dragapult|1\/100 slp\n|move|p1a: Amoonguss|Pollen Puff|p1b: Garchomp\n|-heal|p1b: Garchomp|89\/100\n|\n|upkeep\n|turn|5\n|\n|t:|1683764640\n|-curestatus|p2b: Dragapult|slp|[msg]\n|move|p2b: Dragapult|Phantom Force||[still]\n|-prepare|p2b: Dragapult|Phantom Force\n|move|p2a: Flutter Mane|Dazzling Gleam|p1a: Amoonguss|[spread] p1a,p1b\n|-resisted|p1a: Amoonguss\n|-damage|p1a: Amoonguss|34\/100\n|-damage|p1b: Garchomp|28\/100\n|-enditem|p1a: Amoonguss|Sitrus Berry|[eat]\n|-heal|p1a: Amoonguss|59\/100|[from] item: Sitrus Berry\n|move|p1b: Garchomp|Iron Head|p2a: Flutter Mane\n|-supereffective|p2a: Flutter Mane\n|-damage|p2a: Flutter Mane|0 fnt\n|faint|p2a: Flutter Mane\n|-end|p2a: Flutter Mane|Protosynthesis|[silent]\n|move|p1a: Amoonguss|Pollen Puff|p2b: Dragapult|[miss]\n|-miss|p1a: Amoonguss|p2b: Dragapult\n|\n|upkeep\n|\n|t:|1683764651\n|switch|p2a: Chien-Pao|Chien-Pao, L50|100\/100\n|-ability|p2a: Chien-Pao|Sword of Ruin\n|turn|6\n|\n|t:|1683764670\n|move|p1b: Garchomp|Protect|p1b: Garchomp\n|-singleturn|p1b: Garchomp|Protect\n|move|p2b: Dragapult|Phantom Force|p1b: Garchomp|[from]lockedmove\n|-activate|p1b: Garchomp|move: Phantom Force|[broken]\n|-damage|p1b: Garchomp|0 fnt\n|-damage|p2b: Dragapult|0 fnt|[from] ability: Rough Skin|[of] p1b: Garchomp\n|faint|p1b: Garchomp\n|faint|p2b: Dragapult\n|move|p2a: Chien-Pao|Ice Spinner|p1a: Amoonguss\n|-supereffective|p1a: Amoonguss\n|-damage|p1a: Amoonguss|0 fnt\n|faint|p1a: Amoonguss\n|-damage|p2a: Chien-Pao|91\/100|[from] item: Life Orb\n|\n|upkeep\n|inactive|Battle timer is ON: inactive players will automatically lose when time's up. (requested by JonesyVGC)\n|\n|t:|1683764685\n|switch|p2b: Amoonguss|Amoonguss, L50, M|100\/100\n|switch|p1b: Palafin|Palafin-Hero, L50, F, shiny|100\/100\n|switch|p1a: Arcanine|Arcanine, L50, M|100\/100\n|-ability|p1a: Arcanine|Intimidate|boost\n|-unboost|p2a: Chien-Pao|atk|1\n|-unboost|p2b: Amoonguss|atk|1\n|-activate|p1b: Palafin|ability: Zero to Hero\n|turn|7\n|inactive|JonesyVGC has 30 seconds left.\n|inactive|Dipshity has 30 seconds left.\n|\n|t:|1683764720\n|-terastallize|p2a: Chien-Pao|Dark\n|move|p2b: Amoonguss|Rage Powder|p2b: Amoonguss\n|-singleturn|p2b: Amoonguss|move: Rage Powder\n|move|p2a: Chien-Pao|Sucker Punch|p1a: Arcanine\n|-damage|p1a: Arcanine|48\/100\n|-damage|p2a: Chien-Pao|81\/100|[from] item: Life Orb\n|move|p1a: Arcanine|Heat Wave|p2b: Amoonguss|[spread] p2a,p2b\n|-supereffective|p2b: Amoonguss\n|-damage|p2a: Chien-Pao|36\/100\n|-damage|p2b: Amoonguss|59\/100\n|move|p1b: Palafin|Wave Crash|p2b: Amoonguss\n|-resisted|p2b: Amoonguss\n|-damage|p2b: Amoonguss|3\/100\n|-damage|p1b: Palafin|84\/100|[from] item: Rocky Helmet|[of] p2b: Amoonguss\n|-damage|p1b: Palafin|64\/100|[from] Recoil\n|\n|upkeep\n|turn|8\n|inactive|Dipshity has 30 seconds left.\n|inactive|JonesyVGC has 30 seconds left.\n|\n|t:|1683764758\n|move|p1a: Arcanine|Protect|p1a: Arcanine\n|-singleturn|p1a: Arcanine|Protect\n|move|p2b: Amoonguss|Rage Powder|p2b: Amoonguss\n|-singleturn|p2b: Amoonguss|move: Rage Powder\n|move|p2a: Chien-Pao|Sucker Punch||[still]\n|-fail|p2a: Chien-Pao\n|move|p1b: Palafin|Jet Punch|p2b: Amoonguss\n|-resisted|p2b: Amoonguss\n|-damage|p2b: Amoonguss|0 fnt\n|-damage|p1b: Palafin|47\/100|[from] item: Rocky Helmet|[of] p2b: Amoonguss\n|faint|p2b: Amoonguss\n|\n|upkeep\n|turn|9\n|-message|Dipshity forfeited.\n|\n|win|JonesyVGC\n|raw|JonesyVGC's rating: 1090 → 1117<\/strong> (+27 for winning)\n|raw|Dipshity's rating: 1097 → 1072<\/strong> (-25 for losing)\n|l|\u2606Dipshity\n","uploadtime":1683764776,"views":5,"p1id":"jonesyvgc","p2id":"dipshity","formatid":"gen9vgc2023regulationc","rating":1072,"private":0,"password":""}