{"id":"gen9vgc2023regulationc-1861159992","p1":"Aigashu-15","p2":"eddchhvx","format":"[Gen 9] VGC 2023 Regulation C","log":"|j|\u2606Aigashu-15\n|j|\u2606eddchhvx\n|t:|1683731825\n|gametype|doubles\n|player|p1|Aigashu-15|102|1133\n|player|p2|eddchhvx|101|1041\n|teamsize|p1|6\n|teamsize|p2|6\n|gen|9\n|tier|[Gen 9] VGC 2023 Regulation C\n|rated|\n|rule|Species Clause: Limit one of each Pok\u00e9mon\n|rule|Item Clause: Limit one of each item\n|clearpoke\n|poke|p1|Arboliva, L50, M|\n|poke|p1|Iron Hands, L50|\n|poke|p1|Farigiraf, L50, M|\n|poke|p1|Ceruledge, L50, M|\n|poke|p1|Corviknight, L50, M|\n|poke|p1|Palafin, L50, F|\n|poke|p2|Torkoal, L50, F|\n|poke|p2|Annihilape, L50, M|\n|poke|p2|Espeon, L50, M|\n|poke|p2|Oranguru, L50, M|\n|poke|p2|Abomasnow, L50, F|\n|poke|p2|Hariyama, L50, F|\n|teampreview|4\nAigashu-15 has agreed to open team sheets.\n|inactive|Battle timer is ON: inactive players will automatically lose when time's up. (requested by eddchhvx)\n|\n|t:|1683731914\n|start\n|switch|p1a: Palafin|Palafin, L50, F|100\/100\n|switch|p1b: Manoalegre2|Iron Hands, L50|100\/100\n|switch|p2a: Annihilape|Annihilape, L50, M|100\/100\n|switch|p2b: ARTD|Oranguru, L50, M, shiny|100\/100\n|turn|1\n|\n|t:|1683731936\n|-terastallize|p2a: Annihilape|Fighting\n|move|p1a: Palafin|Protect|p1a: Palafin\n|-singleturn|p1a: Palafin|Protect\n|move|p1b: Manoalegre2|Fake Out|p2b: ARTD\n|-damage|p2b: ARTD|83\/100\n|move|p2a: Annihilape|Close Combat|p1b: Manoalegre2\n|-damage|p1b: Manoalegre2|51\/100\n|-unboost|p2a: Annihilape|def|1\n|-unboost|p2a: Annihilape|spd|1\n|move|p2b: ARTD|Trick Room|p2b: ARTD\n|-fieldstart|move: Trick Room|[of] p2b: ARTD\n|\n|upkeep\n|turn|2\n|inactive|Aigashu-15 has 30 seconds left.\n|\n|t:|1683731963\n|-end|p1b: Manoalegre2|Quark Drive|[silent]\n|switch|p1b: Amelio|Ceruledge, L50, M|100\/100\n|-enditem|p1b: Amelio|Room Service\n|-unboost|p1b: Amelio|spe|1|[from] item: Room Service\n|detailschange|p1a: Palafin|Palafin-Hero, L50, F\n|switch|p1a: KenobiDos|Corviknight, L50, M|100\/100\n|move|p2b: ARTD|Encore||[still]\n|-fail|p2b: ARTD\n|move|p2a: Annihilape|Close Combat|p1b: Amelio\n|-immune|p1b: Amelio\n|\n|upkeep\n|turn|3\n|\n|t:|1683731987\n|switch|p2a: Hariyama|Hariyama, L50, F|100\/100\n|move|p1b: Amelio|Bulk Up|p1b: Amelio\n|-boost|p1b: Amelio|atk|1\n|-boost|p1b: Amelio|def|1\n|move|p2b: ARTD|Psychic|p1b: Amelio\n|-damage|p1b: Amelio|66\/100\n|move|p1a: KenobiDos|Bulk Up|p1a: KenobiDos\n|-boost|p1a: KenobiDos|atk|1\n|-boost|p1a: KenobiDos|def|1\n|\n|-status|p2a: Hariyama|brn|[from] item: Flame Orb\n|upkeep\n|turn|4\n|\n|t:|1683732008\n|move|p2a: Hariyama|Rock Slide|p1b: Amelio|[spread] p1a,p1b\n|-supereffective|p1b: Amelio\n|-damage|p1a: KenobiDos|85\/100\n|-damage|p1b: Amelio|28\/100\n|move|p1b: Amelio|Bitter Blade|p2a: Hariyama\n|-damage|p2a: Hariyama|28\/100 brn\n|-heal|p1b: Amelio|80\/100|[from] drain|[of] p2a: Hariyama\n|move|p2b: ARTD|Instruct|p1a: KenobiDos\n|-singleturn|p1a: KenobiDos|move: Instruct|[of] p2b: ARTD\n|cant|p1a: KenobiDos|flinch\n|cant|p1a: KenobiDos|flinch\n|\n|-damage|p2a: Hariyama|22\/100 brn|[from] brn\n|upkeep\n|turn|5\n|-message|eddchhvx forfeited.\n|\n|win|Aigashu-15\n|raw|Aigashu-15's rating: 1133 → 1152<\/strong> (+19 for winning)\n|raw|eddchhvx's rating: 1041 → 1029<\/strong> (-12 for losing)\n|l|\u2606eddchhvx\n|c|\u2606Aigashu-15|gg\n","uploadtime":1683732026,"views":8,"p1id":"aigashu15","p2id":"eddchhvx","formatid":"gen9vgc2023regulationc","rating":1029,"private":0,"password":""}