{"id":"gen9vgc2023regulationc-1857086797","p1":"OpalescentVGC","p2":"UmmHaha","format":"[Gen 9] VGC 2023 Regulation C","log":"|j|\u2606OpalescentVGC\n|j|\u2606UmmHaha\n|t:|1683144449\n|gametype|doubles\n|player|p1|OpalescentVGC|lady-gen4|1150\n|player|p2|UmmHaha|102|1197\n|teamsize|p1|6\n|teamsize|p2|6\n|gen|9\n|tier|[Gen 9] VGC 2023 Regulation C\n|rated|\n|rule|Species Clause: Limit one of each Pok\u00e9mon\n|rule|Item Clause: Limit one of each item\n|clearpoke\n|poke|p1|Drifblim, L50, F|\n|poke|p1|Garchomp, L50, M|\n|poke|p1|Corviknight, L50, M|\n|poke|p1|Espathra, L50, F|\n|poke|p1|Armarouge, L50, M|\n|poke|p1|Flutter Mane, L50|\n|poke|p2|Farigiraf, L50, M|\n|poke|p2|Palafin, L50, F|\n|poke|p2|Iron Bundle, L50|\n|poke|p2|Talonflame, L50, F|\n|poke|p2|Annihilape, L50, M|\n|poke|p2|Dugtrio, L50, F|\n|teampreview|4\n|inactive|Battle timer is ON: inactive players will automatically lose when time's up. (requested by UmmHaha)\nOpalescentVGC has agreed to open team sheets.\n|\n|t:|1683144470\n|start\n|switch|p1a: Drifblim|Drifblim, L50, F, shiny|100\/100\n|switch|p1b: Garchomp|Garchomp, L50, M, shiny|100\/100\n|switch|p2a: Talonflame|Talonflame, L50, F, shiny|100\/100\n|switch|p2b: Dugtrio|Dugtrio, L50, F, shiny|100\/100\n|turn|1\n|\n|t:|1683144489\n|move|p1a: Drifblim|Helping Hand|p1b: Garchomp\n|-singleturn|p1b: Garchomp|Helping Hand|[of] p1a: Drifblim\n|move|p2a: Talonflame|Taunt|p1a: Drifblim\n|-start|p1a: Drifblim|move: Taunt\n|move|p2b: Dugtrio|Rock Slide|p1a: Drifblim|[spread] p1a,p1b\n|-supereffective|p1a: Drifblim\n|-resisted|p1b: Garchomp\n|-damage|p1a: Drifblim|69\/100\n|-damage|p1b: Garchomp|92\/100\n|cant|p1b: Garchomp|flinch\n|\n|-heal|p1a: Drifblim|75\/100|[from] item: Leftovers\n|upkeep\n|turn|2\n|inactive|OpalescentVGC has 30 seconds left.\n|\n|t:|1683144520\n|switch|p1a: Flutter Mane|Flutter Mane, L50, shiny|100\/100\n|-enditem|p1a: Flutter Mane|Booster Energy\n|-activate|p1a: Flutter Mane|ability: Protosynthesis|[fromitem]\n|-start|p1a: Flutter Mane|protosynthesisspa\n|move|p2a: Talonflame|Will-O-Wisp|p1b: Garchomp\n|-status|p1b: Garchomp|brn\n|move|p2b: Dugtrio|Rock Slide|p1a: Flutter Mane|[spread] p1a,p1b\n|-resisted|p1b: Garchomp\n|-damage|p1a: Flutter Mane|77\/100\n|-damage|p1b: Garchomp|84\/100 brn\n|cant|p1b: Garchomp|flinch\n|\n|-damage|p1b: Garchomp|78\/100 brn|[from] brn\n|upkeep\n|turn|3\n|\n|t:|1683144542\n|-terastallize|p2b: Dugtrio|Steel\n|move|p2a: Talonflame|Flare Blitz|p1b: Garchomp\n|-resisted|p1b: Garchomp\n|-damage|p1b: Garchomp|55\/100 brn\n|-damage|p2a: Talonflame|88\/100|[from] ability: Rough Skin|[of] p1b: Garchomp\n|-damage|p2a: Talonflame|79\/100|[from] Recoil\n|move|p2b: Dugtrio|Tera Blast|p1a: Flutter Mane\n|-supereffective|p1a: Flutter Mane\n|-damage|p1a: Flutter Mane|0 fnt\n|faint|p1a: Flutter Mane\n|-end|p1a: Flutter Mane|Protosynthesis|[silent]\n|move|p1b: Garchomp|Dragon Claw|p2a: Talonflame\n|-damage|p2a: Talonflame|48\/100\n|\n|-damage|p1b: Garchomp|49\/100 brn|[from] brn\n|upkeep\n|\n|t:|1683144556\n|switch|p1a: Drifblim|Drifblim, L50, F, shiny|75\/100\n|turn|4\n|\n|t:|1683144565\n|move|p1a: Drifblim|Helping Hand|p1b: Garchomp\n|-singleturn|p1b: Garchomp|Helping Hand|[of] p1a: Drifblim\n|move|p2a: Talonflame|Taunt|p1a: Drifblim\n|-start|p1a: Drifblim|move: Taunt\n|move|p2b: Dugtrio|Rock Slide|p1a: Drifblim|[spread] p1a,p1b\n|-supereffective|p1a: Drifblim\n|-resisted|p1b: Garchomp\n|-damage|p1a: Drifblim|45\/100\n|-damage|p1b: Garchomp|41\/100 brn\n|cant|p1b: Garchomp|flinch\n|\n|-heal|p1a: Drifblim|51\/100|[from] item: Leftovers\n|-damage|p1b: Garchomp|35\/100 brn|[from] brn\n|upkeep\n|turn|5\n|c|\u2606OpalescentVGC|bro how u flinch\n|inactive|OpalescentVGC has 30 seconds left.\n|\n|t:|1683144597\n|move|p2a: Talonflame|Flare Blitz|p1a: Drifblim\n|-damage|p1a: Drifblim|11\/100\n|-damage|p2a: Talonflame|29\/100|[from] Recoil\n|move|p2b: Dugtrio|Rock Slide|p1b: Garchomp|[spread] p1a,p1b\n|-supereffective|p1a: Drifblim\n|-resisted|p1b: Garchomp\n|-damage|p1a: Drifblim|0 fnt\n|-damage|p1b: Garchomp|27\/100 brn\n|faint|p1a: Drifblim\n|cant|p1b: Garchomp|flinch\n|\n|-damage|p1b: Garchomp|21\/100 brn|[from] brn\n|upkeep\n|c|\u2606UmmHaha|Idek\n|\n|t:|1683144609\n|switch|p1a: Espathra|Espathra, L50, F, shiny|100\/100\n|turn|6\n|\n|t:|1683144630\n|-terastallize|p1a: Espathra|Fairy\n|move|p2a: Talonflame|Flare Blitz|p1a: Espathra\n|-damage|p1a: Espathra|44\/100\n|-damage|p2a: Talonflame|8\/100|[from] Recoil\n|move|p2b: Dugtrio|Earthquake|p1a: Espathra|[spread] p1a,p1b\n|-immune|p2a: Talonflame\n|-damage|p1a: Espathra|6\/100\n|-damage|p1b: Garchomp|0 fnt\n|faint|p1b: Garchomp\n|move|p1a: Espathra|Lumina Crash|p2a: Talonflame\n|-damage|p2a: Talonflame|0 fnt\n|faint|p2a: Talonflame\n|\n|-ability|p1a: Espathra|Speed Boost|boost\n|-boost|p1a: Espathra|spe|1\n|upkeep\n|\n|t:|1683144635\n|switch|p2a: Iron Bundle|Iron Bundle, L50, shiny|100\/100\n|-enditem|p2a: Iron Bundle|Booster Energy\n|-activate|p2a: Iron Bundle|ability: Quark Drive|[fromitem]\n|-start|p2a: Iron Bundle|quarkdrivespe\n|turn|7\n|l|\u2606OpalescentVGC\n|inactive|OpalescentVGC disconnected and has a minute to reconnect!\n|player|p1|\n|inactive|OpalescentVGC has 30 seconds left.\n|j|\u2606OpalescentVGC\n|inactive|OpalescentVGC reconnected and has 25 seconds left.\n|player|p1|OpalescentVGC|lady-gen4\n|inactive|OpalescentVGC has 20 seconds left.\n|inactive|OpalescentVGC has 15 seconds left.\n|c|\u2606OpalescentVGC|u suck babye\n|inactive|OpalescentVGC has 10 seconds left.\n|c|\u2606OpalescentVGC|ba bye\n|inactive|OpalescentVGC has 5 seconds left.\n|c|\u2606UmmHaha|Ok\n|\n|t:|1683144690\n|move|p2a: Iron Bundle|Freeze-Dry|p1a: Espathra\n|-damage|p1a: Espathra|0 fnt\n|faint|p1a: Espathra\n|\n|win|UmmHaha\n|raw|OpalescentVGC's rating: 1150 → 1128<\/strong> (-22 for losing)\n|raw|UmmHaha's rating: 1197 → 1219<\/strong> (+22 for winning)\n|l|\u2606OpalescentVGC\n|c|\u2606UmmHaha|did you comeback just to say that\n","uploadtime":1683144702,"views":10,"p1id":"opalescentvgc","p2id":"ummhaha","formatid":"gen9vgc2023regulationc","rating":1128,"private":0,"password":""}