{"id":"gen9vgc2023regulationc-1846631018","p1":"SoggyWaffles35","p2":"Alterphyco21","format":"[Gen 9] VGC 2023 Regulation C","log":"|j|\u2606SoggyWaffles35\n|j|\u2606Alterphyco21\n|t:|1681859311\n|gametype|doubles\n|player|p1|SoggyWaffles35|102|1140\n|player|p2|Alterphyco21|tate|1099\n|teamsize|p1|6\n|teamsize|p2|6\n|gen|9\n|tier|[Gen 9] VGC 2023 Regulation C\n|rated|\n|rule|Species Clause: Limit one of each Pok\u00e9mon\n|rule|Item Clause: Limit one of each item\n|clearpoke\n|poke|p1|Orthworm, L50, M|\n|poke|p1|Ting-Lu, L50|\n|poke|p1|Chien-Pao, L50|\n|poke|p1|Dragonite, L50, M|\n|poke|p1|Gyarados, L50, M|\n|poke|p1|Flutter Mane, L50|\n|poke|p2|Tinkaton, L50, F|\n|poke|p2|Maushold, L50|\n|poke|p2|Chansey, L50, F|\n|poke|p2|Medicham, L50, F|\n|poke|p2|Slaking, L50, M|\n|poke|p2|Flutter Mane, L50|\n|teampreview|4\n|inactive|Battle timer is ON: inactive players will automatically lose when time's up. (requested by Alterphyco21)\nSoggyWaffles35 has agreed to open team sheets.\n|c|\u2606SoggyWaffles35|teamsheet?\n|inactive|SoggyWaffles35 has 60 seconds left.\n|inactive|Alterphyco21 has 60 seconds left.\n|inactive|SoggyWaffles35 has 30 seconds left.\n|inactive|SoggyWaffles35 has 20 seconds left.\n|inactive|SoggyWaffles35 has 15 seconds left.\n|\n|t:|1681859390\n|start\n|switch|p1a: Orthworm|Orthworm, L50, M|100\/100\n|switch|p1b: Ting-Lu|Ting-Lu, L50|100\/100\n|switch|p2a: Tinkaton|Tinkaton, L50, F|100\/100\n|switch|p2b: Medicham|Medicham, L50, F|100\/100\n|-item|p2a: Tinkaton|Air Balloon\n|-ability|p1b: Ting-Lu|Vessel of Ruin\n|turn|1\n|inactive|SoggyWaffles35 has 30 seconds left.\n|inactive|SoggyWaffles35 has 20 seconds left.\n|inactive|SoggyWaffles35 has 15 seconds left.\n|\n|t:|1681859430\n|-terastallize|p1a: Orthworm|Fire\n|move|p2a: Tinkaton|Swords Dance|p2a: Tinkaton\n|-boost|p2a: Tinkaton|atk|2\n|move|p2b: Medicham|Skill Swap|p2a: Tinkaton\n|-activate|p2b: Medicham|move: Skill Swap|||[of] p2a: Tinkaton\n|move|p1a: Orthworm|Iron Defense|p1a: Orthworm\n|-boost|p1a: Orthworm|def|2\n|move|p1b: Ting-Lu|Stomping Tantrum|p2a: Tinkaton\n|-immune|p2a: Tinkaton\n|\n|upkeep\n|turn|2\n|inactive|SoggyWaffles35 has 30 seconds left.\n|inactive|SoggyWaffles35 has 20 seconds left.\n|inactive|SoggyWaffles35 has 15 seconds left.\n|inactive|SoggyWaffles35 has 10 seconds left.\n|\n|t:|1681859480\n|-terastallize|p2a: Tinkaton|Steel\n|move|p2b: Medicham|Helping Hand|p2a: Tinkaton\n|-singleturn|p2a: Tinkaton|Helping Hand|[of] p2b: Medicham\n|move|p2a: Tinkaton|Gigaton Hammer|p1a: Orthworm\n|-resisted|p1a: Orthworm\n|-damage|p1a: Orthworm|21\/100\n|-enditem|p1a: Orthworm|Sitrus Berry|[eat]\n|-heal|p1a: Orthworm|46\/100|[from] item: Sitrus Berry\n|move|p1a: Orthworm|Heavy Slam|p2b: Medicham\n|-crit|p2b: Medicham\n|-damage|p2b: Medicham|33\/100\n|move|p1b: Ting-Lu|Rock Slide|p2a: Tinkaton|[spread] p2a,p2b\n|-resisted|p2a: Tinkaton\n|-resisted|p2b: Medicham\n|-damage|p2a: Tinkaton|87\/100\n|-damage|p2b: Medicham|22\/100\n|-enditem|p2a: Tinkaton|Air Balloon\n|\n|upkeep\n|turn|3\n|inactive|SoggyWaffles35 has 30 seconds left.\n|inactive|Alterphyco21 has 30 seconds left.\n|inactive|SoggyWaffles35 has 20 seconds left.\n|inactive|SoggyWaffles35 has 15 seconds left.\n|inactive|SoggyWaffles35 has 10 seconds left.\n|inactive|SoggyWaffles35 has 5 seconds left.\n|\n|t:|1681859530\n|move|p2a: Tinkaton|Play Rough|p1b: Ting-Lu|[miss]\n|-miss|p2a: Tinkaton|p1b: Ting-Lu\n|move|p2b: Medicham|Close Combat|p1b: Ting-Lu\n|-supereffective|p1b: Ting-Lu\n|-damage|p1b: Ting-Lu|66\/100\n|-unboost|p2b: Medicham|def|1\n|-unboost|p2b: Medicham|spd|1\n|move|p1a: Orthworm|Heavy Slam|p2b: Medicham\n|-damage|p2b: Medicham|0 fnt\n|faint|p2b: Medicham\n|move|p1b: Ting-Lu|Stomping Tantrum|p2a: Tinkaton\n|-supereffective|p2a: Tinkaton\n|-damage|p2a: Tinkaton|0 fnt\n|faint|p2a: Tinkaton\n|\n|upkeep\n|\n|t:|1681859535\n|switch|p2a: Flutter Mane|Flutter Mane, L50|100\/100\n|switch|p2b: Slaking|Slaking, L50, M|100\/100\n|turn|4\n|inactive|SoggyWaffles35 has 30 seconds left.\n|inactive|Alterphyco21 has 30 seconds left.\n|\n|t:|1681859566\n|move|p2a: Flutter Mane|Protect|p2a: Flutter Mane\n|-singleturn|p2a: Flutter Mane|Protect\n|move|p2b: Slaking|Earthquake|p1b: Ting-Lu|[spread] p1b\n|-activate|p2a: Flutter Mane|move: Protect\n|-heal|p1a: Orthworm|71\/100|[from] ability: Earth Eater|[of] p2b: Slaking\n|-damage|p1b: Ting-Lu|49\/100\n|move|p1a: Orthworm|Heavy Slam|p2a: Flutter Mane\n|-activate|p2a: Flutter Mane|move: Protect\n|move|p1b: Ting-Lu|Rock Slide|p2a: Flutter Mane|[spread] p2b\n|-activate|p2a: Flutter Mane|move: Protect\n|-damage|p2b: Slaking|85\/100\n|\n|-heal|p2b: Slaking|91\/100|[from] item: Leftovers\n|upkeep\n|turn|5\n|inactive|SoggyWaffles35 has 30 seconds left.\n|inactive|Alterphyco21 has 30 seconds left.\n|inactive|SoggyWaffles35 has 20 seconds left.\n|inactive|SoggyWaffles35 has 15 seconds left.\n|inactive|SoggyWaffles35 has 10 seconds left.\n|\n|t:|1681859614\n|move|p2a: Flutter Mane|Moonblast|p1b: Ting-Lu\n|-supereffective|p1b: Ting-Lu\n|-damage|p1b: Ting-Lu|0 fnt\n|faint|p1b: Ting-Lu\n|-damage|p2a: Flutter Mane|91\/100|[from] item: Life Orb\n|cant|p2b: Slaking|ability: Truant\n|move|p1a: Orthworm|Heavy Slam|p2a: Flutter Mane\n|-supereffective|p2a: Flutter Mane\n|-damage|p2a: Flutter Mane|0 fnt\n|faint|p2a: Flutter Mane\n|-end|p2a: Flutter Mane|Protosynthesis|[silent]\n|\n|-heal|p2b: Slaking|97\/100|[from] item: Leftovers\n|upkeep\n|\n|t:|1681859624\n|switch|p1b: Chien-Pao|Chien-Pao, L50|100\/100\n|-ability|p1b: Chien-Pao|Sword of Ruin\n|turn|6\n|\n|t:|1681859630\n|move|p1b: Chien-Pao|Protect|p1b: Chien-Pao\n|-singleturn|p1b: Chien-Pao|Protect\n|move|p2b: Slaking|Drain Punch|p1b: Chien-Pao\n|-activate|p1b: Chien-Pao|move: Protect\n|move|p1a: Orthworm|Body Press|p2b: Slaking\n|-supereffective|p2b: Slaking\n|-damage|p2b: Slaking|0 fnt\n|faint|p2b: Slaking\n|\n|win|SoggyWaffles35\n|raw|SoggyWaffles35's rating: 1140 → 1162<\/strong> (+22 for winning)\n|raw|Alterphyco21's rating: 1099 → 1077<\/strong> (-22 for losing)\n|l|\u2606Alterphyco21\n|c|\u2606SoggyWaffles35|gg\n","uploadtime":1681859641,"views":8,"p1id":"soggywaffles35","p2id":"alterphyco21","formatid":"gen9vgc2023regulationc","rating":1077,"private":0,"password":""}