{"id":"gen9vgc2023regulationc-1845747693","p1":"Rin Itachi","p2":"Vesley","format":"[Gen 9] VGC 2023 Regulation C","log":"|j|\u2606Rin Itachi\n|j|\u2606Vesley\n|t:|1681760847\n|gametype|doubles\n|player|p1|Rin Itachi|marley|1309\n|player|p2|Vesley|wallace|1255\n|teamsize|p1|6\n|teamsize|p2|6\n|gen|9\n|tier|[Gen 9] VGC 2023 Regulation C\n|rated|\n|rule|Species Clause: Limit one of each Pok\u00e9mon\n|rule|Item Clause: Limit one of each item\n|clearpoke\n|poke|p1|Arcanine, L50, F|\n|poke|p1|Gyarados, L50, M|\n|poke|p1|Ting-Lu, L50|\n|poke|p1|Flutter Mane, L50|\n|poke|p1|Baxcalibur, L50, M|\n|poke|p1|Amoonguss, L50, M|\n|poke|p2|Maushold, L50|\n|poke|p2|Annihilape, L50, M|\n|poke|p2|Baxcalibur, L50, F|\n|poke|p2|Staraptor, L50, M|\n|poke|p2|Volcarona, L50, M|\n|poke|p2|Iron Bundle, L50|\n|teampreview|4\n|\n|t:|1681760860\n|start\n|switch|p1a: Itachi Rin|Flutter Mane, L50|100\/100\n|switch|p1b: Amoonguss|Amoonguss, L50, M|100\/100\n|switch|p2a: Maushold|Maushold, L50|100\/100\n|switch|p2b: Annihilape|Annihilape, L50, M|100\/100\n|-enditem|p1a: Itachi Rin|Booster Energy\n|-activate|p1a: Itachi Rin|ability: Protosynthesis|[fromitem]\n|-start|p1a: Itachi Rin|protosynthesisspa\n|turn|1\n|\n|t:|1681760885\n|-terastallize|p2b: Annihilape|Fire\n|move|p2a: Maushold|Beat Up|p2b: Annihilape\n|-damage|p2b: Annihilape|99\/100\n|-damage|p2b: Annihilape|96\/100\n|-damage|p2b: Annihilape|94\/100\n|-damage|p2b: Annihilape|90\/100\n|-hitcount|p2b: Annihilape|4\n|move|p1a: Itachi Rin|Substitute|p1a: Itachi Rin\n|-start|p1a: Itachi Rin|Substitute\n|-damage|p1a: Itachi Rin|76\/100\n|move|p2b: Annihilape|Rage Fist|p1a: Itachi Rin\n|-supereffective|p1a: Itachi Rin\n|-end|p1a: Itachi Rin|Substitute\n|move|p1b: Amoonguss|Spore|p2b: Annihilape\n|-status|p2b: Annihilape|slp|[from] move: Spore\n|\n|-heal|p2b: Annihilape|96\/100 slp|[from] item: Leftovers\n|upkeep\n|turn|2\n|\n|t:|1681760911\n|move|p2a: Maushold|Beat Up|p1a: Itachi Rin\n|-damage|p1a: Itachi Rin|72\/100\n|-damage|p1a: Itachi Rin|66\/100\n|-damage|p1a: Itachi Rin|60\/100\n|-hitcount|p1a: Itachi Rin|3\n|move|p1a: Itachi Rin|Moonblast|p2a: Maushold\n|-damage|p2a: Maushold|15\/100\n|-unboost|p2a: Maushold|spa|1\n|cant|p2b: Annihilape|slp\n|move|p1b: Amoonguss|Pollen Puff|p1a: Itachi Rin\n|-heal|p1a: Itachi Rin|100\/100\n|\n|-heal|p2b: Annihilape|100\/100 slp|[from] item: Leftovers\n|upkeep\n|turn|3\n|\n|t:|1681760931\n|move|p2a: Maushold|Protect|p2a: Maushold\n|-singleturn|p2a: Maushold|Protect\n|move|p1a: Itachi Rin|Substitute|p1a: Itachi Rin\n|-start|p1a: Itachi Rin|Substitute\n|-damage|p1a: Itachi Rin|76\/100\n|cant|p2b: Annihilape|slp\n|move|p1b: Amoonguss|Pollen Puff|p2a: Maushold\n|-activate|p2a: Maushold|move: Protect\n|\n|upkeep\n|turn|4\n|\n|t:|1681760945\n|move|p2a: Maushold|Beat Up|p1a: Itachi Rin\n|-activate|p1a: Itachi Rin|move: Substitute|[damage]\n|-activate|p1a: Itachi Rin|move: Substitute|[damage]\n|-activate|p1a: Itachi Rin|move: Substitute|[damage]\n|-hitcount|p1a: Itachi Rin|3\n|move|p1a: Itachi Rin|Moonblast|p2a: Maushold\n|-damage|p2a: Maushold|0 fnt\n|faint|p2a: Maushold\n|-curestatus|p2b: Annihilape|slp|[msg]\n|move|p2b: Annihilape|Rage Fist|p1a: Itachi Rin\n|-supereffective|p1a: Itachi Rin\n|-crit|p1a: Itachi Rin\n|-end|p1a: Itachi Rin|Substitute\n|move|p1b: Amoonguss|Spore|p2b: Annihilape\n|-status|p2b: Annihilape|slp|[from] move: Spore\n|\n|upkeep\n|\n|t:|1681760962\n|switch|p2a: Baxcalibur|Baxcalibur, L50, F|100\/100\n|turn|5\n|\n|t:|1681760992\n|-terastallize|p1b: Amoonguss|Dark\n|move|p1b: Amoonguss|Rage Powder|p1b: Amoonguss\n|-singleturn|p1b: Amoonguss|move: Rage Powder\n|move|p1a: Itachi Rin|Moonblast|p2a: Baxcalibur\n|-supereffective|p2a: Baxcalibur\n|-crit|p2a: Baxcalibur\n|-damage|p2a: Baxcalibur|0 fnt\n|faint|p2a: Baxcalibur\n|cant|p2b: Annihilape|slp\n|\n|upkeep\n|\n|t:|1681761000\n|switch|p2a: Staraptor|Staraptor, L50, M|100\/100\n|-ability|p2a: Staraptor|Intimidate|boost\n|-unboost|p1a: Itachi Rin|atk|1\n|-unboost|p1b: Amoonguss|atk|1\n|turn|6\n|\n|t:|1681761014\n|move|p1b: Amoonguss|Rage Powder|p1b: Amoonguss\n|-singleturn|p1b: Amoonguss|move: Rage Powder\n|move|p2a: Staraptor|Final Gambit|p1b: Amoonguss\n|-damage|p1b: Amoonguss|14\/100\n|faint|p2a: Staraptor\n|move|p1a: Itachi Rin|Moonblast|p2b: Annihilape\n|-resisted|p2b: Annihilape\n|-damage|p2b: Annihilape|71\/100 slp\n|cant|p2b: Annihilape|slp\n|\n|-heal|p2b: Annihilape|77\/100 slp|[from] item: Leftovers\n|upkeep\n|turn|7\n|\n|t:|1681761027\n|move|p1b: Amoonguss|Rage Powder|p1b: Amoonguss\n|-singleturn|p1b: Amoonguss|move: Rage Powder\n|move|p1a: Itachi Rin|Substitute|p1a: Itachi Rin\n|-start|p1a: Itachi Rin|Substitute\n|-damage|p1a: Itachi Rin|51\/100\n|cant|p2b: Annihilape|slp\n|\n|-heal|p2b: Annihilape|83\/100 slp|[from] item: Leftovers\n|upkeep\n|turn|8\n|-message|Vesley forfeited.\n|\n|win|Rin Itachi\n|raw|Rin Itachi's rating: 1309 → 1326<\/strong> (+17 for winning)\n|raw|Vesley's rating: 1255 → 1234<\/strong> (-21 for losing)\n|l|\u2606Vesley\n","uploadtime":1681761038,"views":11,"p1id":"rinitachi","p2id":"vesley","formatid":"gen9vgc2023regulationc","rating":1234,"private":0,"password":""}