{"id":"gen9vgc2023regulationc-1864350758","p1":"QrdeJegoMac","p2":"PureNeutral","format":"[Gen 9] VGC 2023 Regulation C","log":"|j|\u2606QrdeJegoMac\n|j|\u2606PureNeutral\n|t:|1684158446\n|gametype|doubles\n|player|p1|QrdeJegoMac|265|1598\n|player|p2|PureNeutral|elesa|1535\n|teamsize|p1|6\n|teamsize|p2|6\n|gen|9\n|tier|[Gen 9] VGC 2023 Regulation C\n|rated|\n|rule|Species Clause: Limit one of each Pok\u00e9mon\n|rule|Item Clause: Limit one of each item\n|clearpoke\n|poke|p1|Murkrow, L50, F|\n|poke|p1|Chi-Yu, L50|\n|poke|p1|Flutter Mane, L50|\n|poke|p1|Great Tusk, L50|\n|poke|p1|Chien-Pao, L50|\n|poke|p1|Corviknight, L50, F|\n|poke|p2|Maushold-Four, L50|\n|poke|p2|Annihilape, L50, M|\n|poke|p2|Gholdengo, L50|\n|poke|p2|Talonflame, L50, M|\n|poke|p2|Flutter Mane, L50|\n|poke|p2|Arcanine, L50, M|\n|teampreview|4\n|inactive|Battle timer is ON: inactive players will automatically lose when time's up. (requested by QrdeJegoMac)\nPureNeutral has agreed to open team sheets.\n|\n|t:|1684158476\n|start\n|switch|p1a: Flutter Mane|Flutter Mane, L50|100\/100\n|switch|p1b: Murkrow|Murkrow, L50, F, shiny|100\/100\n|switch|p2a: Maushold|Maushold-Four, L50|100\/100\n|switch|p2b: Flutter Mane|Flutter Mane, L50|100\/100\n|turn|1\n|j| VGCLight\n|\n|t:|1684158500\n|-terastallize|p1a: Flutter Mane|Fairy\n|move|p2a: Maushold|Follow Me|p2a: Maushold\n|-singleturn|p2a: Maushold|move: Follow Me\n|move|p1b: Murkrow|Tailwind|p1b: Murkrow\n|-sidestart|p1: QrdeJegoMac|move: Tailwind\n|move|p1a: Flutter Mane|Dazzling Gleam|p2a: Maushold|[spread] p2a,p2b\n|-crit|p2a: Maushold\n|-damage|p2a: Maushold|10\/100\n|-damage|p2b: Flutter Mane|49\/100\n|move|p2b: Flutter Mane|Dazzling Gleam|p1b: Murkrow|[spread] p1a,p1b\n|-supereffective|p1b: Murkrow\n|-damage|p1a: Flutter Mane|58\/100\n|-damage|p1b: Murkrow|2\/100\n|-damage|p2b: Flutter Mane|40\/100|[from] item: Life Orb\n|\n|upkeep\n|turn|2\n|\n|t:|1684158523\n|move|p2b: Flutter Mane|Protect|p2b: Flutter Mane\n|-singleturn|p2b: Flutter Mane|Protect\n|move|p1b: Murkrow|Sunny Day|p1b: Murkrow\n|-weather|SunnyDay\n|-activate|p1a: Flutter Mane|ability: Protosynthesis\n|-start|p1a: Flutter Mane|protosynthesisspa\n|-activate|p2b: Flutter Mane|ability: Protosynthesis\n|-start|p2b: Flutter Mane|protosynthesisspe\n|move|p1a: Flutter Mane|Dazzling Gleam|p2a: Maushold|[spread] p2a\n|-activate|p2b: Flutter Mane|move: Protect\n|-damage|p2a: Maushold|0 fnt\n|faint|p2a: Maushold\n|\n|-weather|SunnyDay|[upkeep]\n|upkeep\n|\n|t:|1684158532\n|switch|p2a: Talonflame|Talonflame, L50, M|100\/100\n|turn|3\n|\n|t:|1684158547\n|switch|p1b: Corviknight|Corviknight, L50, F|100\/100\n|-terastallize|p2b: Flutter Mane|Fairy\n|move|p2a: Talonflame|Tailwind|p2a: Talonflame\n|-sidestart|p2: PureNeutral|move: Tailwind\n|move|p2b: Flutter Mane|Dazzling Gleam|p1b: Corviknight|[spread] p1a,p1b\n|-resisted|p1b: Corviknight\n|-damage|p1a: Flutter Mane|2\/100\n|-damage|p1b: Corviknight|72\/100\n|-damage|p2b: Flutter Mane|30\/100|[from] item: Life Orb\n|move|p1a: Flutter Mane|Dazzling Gleam|p2b: Flutter Mane|[spread] p2a,p2b\n|-resisted|p2a: Talonflame\n|-damage|p2a: Talonflame|33\/100\n|-damage|p2b: Flutter Mane|0 fnt\n|faint|p2b: Flutter Mane\n|-end|p2b: Flutter Mane|Protosynthesis|[silent]\n|\n|-weather|SunnyDay|[upkeep]\n|upkeep\n|\n|t:|1684158557\n|switch|p2b: Annihilape|Annihilape, L50, M|100\/100\n|turn|4\n|\n|t:|1684158567\n|move|p2b: Annihilape|Protect|p2b: Annihilape\n|-singleturn|p2b: Annihilape|Protect\n|move|p1a: Flutter Mane|Dazzling Gleam|p2b: Annihilape|[spread] p2a\n|-activate|p2b: Annihilape|move: Protect\n|-resisted|p2a: Talonflame\n|-damage|p2a: Talonflame|0 fnt\n|faint|p2a: Talonflame\n|move|p1b: Corviknight|Brave Bird|p2b: Annihilape\n|-activate|p2b: Annihilape|move: Protect\n|\n|-weather|SunnyDay|[upkeep]\n|-sideend|p1: QrdeJegoMac|move: Tailwind\n|upkeep\n|turn|5\n|\n|t:|1684158578\n|-end|p1a: Flutter Mane|Protosynthesis|[silent]\n|switch|p1a: Great Tusk|Great Tusk, L50|100\/100\n|-activate|p1a: Great Tusk|ability: Protosynthesis\n|-start|p1a: Great Tusk|protosynthesisatk\n|move|p2b: Annihilape|Rage Fist|p1a: Great Tusk\n|-crit|p1a: Great Tusk\n|-damage|p1a: Great Tusk|75\/100\n|move|p1b: Corviknight|Brave Bird|p2b: Annihilape\n|-supereffective|p2b: Annihilape\n|-damage|p2b: Annihilape|0 fnt\n|faint|p2b: Annihilape\n|-damage|p1b: Corviknight|36\/100|[from] Recoil\n|\n|win|QrdeJegoMac\n|raw|QrdeJegoMac's rating: 1598 → 1614<\/strong> (+16 for winning)\n|raw|PureNeutral's rating: 1535 → 1519<\/strong> (-16 for losing)\n|c|\u2606QrdeJegoMac|Gg\n|c|\u2606PureNeutral|Gg\n|l|\u2606PureNeutral\n","uploadtime":1684158594,"views":7,"p1id":"qrdejegomac","p2id":"pureneutral","formatid":"gen9vgc2023regulationc","rating":1519,"private":0,"password":""}