{"id":"gen9vgc2023regulationc-1849681357","p1":"GRIFFY98","p2":"OnHoldWithTheIRS","format":"[Gen 9] VGC 2023 Regulation C","log":"|j|\u2606GRIFFY98\n|j|\u2606OnHoldWithTheIRS\n|t:|1682231278\n|gametype|doubles\n|player|p1|GRIFFY98|steven|1347\n|player|p2|OnHoldWithTheIRS|clerk|1290\n|teamsize|p1|6\n|teamsize|p2|6\n|gen|9\n|tier|[Gen 9] VGC 2023 Regulation C\n|rated|\n|rule|Species Clause: Limit one of each Pok\u00e9mon\n|rule|Item Clause: Limit one of each item\n|clearpoke\n|poke|p1|Flutter Mane, L50|\n|poke|p1|Chi-Yu, L50|\n|poke|p1|Indeedee-F, L50, F|\n|poke|p1|Corviknight, L50, M|\n|poke|p1|Garchomp, L50, M|\n|poke|p1|Rotom-Wash, L50|\n|poke|p2|Baxcalibur, L50, M|\n|poke|p2|Sandy Shocks, L50|\n|poke|p2|Klefki, L50, M|\n|poke|p2|Armarouge, L50, F|\n|poke|p2|Rotom-Wash, L50|\n|poke|p2|Meowscarada, L50, M|\n|teampreview|4\nOnHoldWithTheIRS has agreed to open team sheets.\n|inactive|Battle timer is ON: inactive players will automatically lose when time's up. (requested by GRIFFY98)\n|inactive|OnHoldWithTheIRS has 60 seconds left.\n|inactive|OnHoldWithTheIRS has 30 seconds left.\n|inactive|OnHoldWithTheIRS has 20 seconds left.\n|inactive|OnHoldWithTheIRS has 15 seconds left.\n|inactive|OnHoldWithTheIRS has 10 seconds left.\n|inactive|OnHoldWithTheIRS has 5 seconds left.\n|\n|t:|1682231373\n|start\n|switch|p1a: Indeedee|Indeedee-F, L50, F|100\/100\n|switch|p1b: Chi-Yu|Chi-Yu, L50|100\/100\n|switch|p2a: Klefki|Klefki, L50, M|100\/100\n|switch|p2b: Meowscarada|Meowscarada, L50, M|100\/100\n|-ability|p1b: Chi-Yu|Beads of Ruin\n|-fieldstart|move: Psychic Terrain|[from] ability: Psychic Surge|[of] p1a: Indeedee\n|turn|1\n|inactive|GRIFFY98 has 30 seconds left.\n|inactive|OnHoldWithTheIRS has 30 seconds left.\n|inactive|OnHoldWithTheIRS has 20 seconds left.\n|inactive|OnHoldWithTheIRS has 15 seconds left.\n|inactive|OnHoldWithTheIRS has 10 seconds left.\n|inactive|OnHoldWithTheIRS has 5 seconds left.\n|\n|t:|1682231427\n|move|p2b: Meowscarada|Protect|p2b: Meowscarada\n|-singleturn|p2b: Meowscarada|Protect\n|move|p1a: Indeedee|Follow Me|p1a: Indeedee\n|-singleturn|p1a: Indeedee|move: Follow Me\n|move|p1b: Chi-Yu|Heat Wave|p2a: Klefki|[spread] p2a\n|-activate|p2b: Meowscarada|move: Protect\n|-supereffective|p2a: Klefki\n|-damage|p2a: Klefki|8\/100\n|move|p2a: Klefki|Dazzling Gleam|p1b: Chi-Yu|[spread] p1a,p1b\n|-damage|p1a: Indeedee|78\/100\n|-damage|p1b: Chi-Yu|81\/100\n|\n|upkeep\n|turn|2\n|inactive|OnHoldWithTheIRS has 30 seconds left.\n|inactive|OnHoldWithTheIRS has 20 seconds left.\n|inactive|OnHoldWithTheIRS has 15 seconds left.\n|inactive|OnHoldWithTheIRS has 10 seconds left.\n|\n|t:|1682231476\n|switch|p2a: Rotom|Rotom-Wash, L50|100\/100\n|move|p1a: Indeedee|Follow Me|p1a: Indeedee\n|-singleturn|p1a: Indeedee|move: Follow Me\n|move|p2b: Meowscarada|Flower Trick|p1a: Indeedee\n|-crit|p1a: Indeedee\n|-damage|p1a: Indeedee|22\/100\n|move|p1b: Chi-Yu|Heat Wave|p2b: Meowscarada|[spread] p2a,p2b\n|-resisted|p2a: Rotom\n|-supereffective|p2b: Meowscarada\n|-damage|p2a: Rotom|75\/100\n|-enditem|p2b: Meowscarada|Focus Sash\n|-damage|p2b: Meowscarada|1\/100\n|\n|upkeep\n|turn|3\n|inactive|GRIFFY98 has 30 seconds left.\n|inactive|OnHoldWithTheIRS has 30 seconds left.\n|inactive|OnHoldWithTheIRS has 20 seconds left.\n|inactive|OnHoldWithTheIRS has 15 seconds left.\n|inactive|OnHoldWithTheIRS has 10 seconds left.\n|inactive|OnHoldWithTheIRS has 5 seconds left.\n|\n|t:|1682231526\n|-terastallize|p1b: Chi-Yu|Grass\n|move|p2b: Meowscarada|Protect|p2b: Meowscarada\n|-singleturn|p2b: Meowscarada|Protect\n|move|p1a: Indeedee|Follow Me|p1a: Indeedee\n|-singleturn|p1a: Indeedee|move: Follow Me\n|move|p1b: Chi-Yu|Tera Blast|p2a: Rotom\n|-supereffective|p2a: Rotom\n|-damage|p2a: Rotom|0 fnt\n|faint|p2a: Rotom\n|\n|upkeep\n|\n|t:|1682231540\n|switch|p2a: Sandy Shocks|Sandy Shocks, L50|100\/100\n|turn|4\n|inactive|OnHoldWithTheIRS has 30 seconds left.\n|\n|t:|1682231569\n|-terastallize|p2a: Sandy Shocks|Flying\n|move|p1a: Indeedee|Follow Me|p1a: Indeedee\n|-singleturn|p1a: Indeedee|move: Follow Me\n|move|p2b: Meowscarada|Flower Trick|p1a: Indeedee\n|-crit|p1a: Indeedee\n|-damage|p1a: Indeedee|0 fnt\n|faint|p1a: Indeedee\n|move|p1b: Chi-Yu|Heat Wave|p2b: Meowscarada|[spread] p2a,p2b\n|-supereffective|p2b: Meowscarada\n|-damage|p2a: Sandy Shocks|63\/100\n|-damage|p2b: Meowscarada|0 fnt\n|faint|p2b: Meowscarada\n|move|p2a: Sandy Shocks|Tera Blast|p1b: Chi-Yu\n|-supereffective|p1b: Chi-Yu\n|-damage|p1b: Chi-Yu|0 fnt\n|faint|p1b: Chi-Yu\n|\n|upkeep\n|\n|t:|1682231590\n|switch|p2b: Klefki|Klefki, L50, M|8\/100\n|switch|p1b: Rotom|Rotom-Wash, L50|100\/100\n|switch|p1a: Flutter Mane|Flutter Mane, L50|100\/100\n|-enditem|p1a: Flutter Mane|Booster Energy\n|-activate|p1a: Flutter Mane|ability: Protosynthesis|[fromitem]\n|-start|p1a: Flutter Mane|protosynthesisspe\n|turn|5\n|inactive|OnHoldWithTheIRS has 30 seconds left.\n|inactive|OnHoldWithTheIRS has 20 seconds left.\n|inactive|OnHoldWithTheIRS has 15 seconds left.\n|inactive|OnHoldWithTheIRS has 10 seconds left.\n|\n|t:|1682231638\n|move|p2b: Klefki|Rest|p2b: Klefki\n|-status|p2b: Klefki|slp|[from] move: Rest\n|-heal|p2b: Klefki|100\/100 slp|[silent]\n|-enditem|p2b: Klefki|Chesto Berry|[eat]\n|-curestatus|p2b: Klefki|slp|[msg]\n|move|p1a: Flutter Mane|Shadow Ball|p2b: Klefki\n|-damage|p2b: Klefki|61\/100\n|move|p2a: Sandy Shocks|Thunderbolt|p1a: Flutter Mane\n|-damage|p1a: Flutter Mane|54\/100\n|move|p1b: Rotom|Thunderbolt|p2a: Sandy Shocks\n|-supereffective|p2a: Sandy Shocks\n|-damage|p2a: Sandy Shocks|3\/100\n|\n|-fieldend|move: Psychic Terrain\n|upkeep\n|turn|6\n|inactive|OnHoldWithTheIRS has 30 seconds left.\n|inactive|OnHoldWithTheIRS has 20 seconds left.\n|inactive|OnHoldWithTheIRS has 15 seconds left.\n|\n|t:|1682231682\n|move|p1a: Flutter Mane|Protect|p1a: Flutter Mane\n|-singleturn|p1a: Flutter Mane|Protect\n|move|p2b: Klefki|Thunder Wave|p1a: Flutter Mane\n|-activate|p1a: Flutter Mane|move: Protect\n|move|p2a: Sandy Shocks|Earth Power|p1a: Flutter Mane\n|-activate|p1a: Flutter Mane|move: Protect\n|move|p1b: Rotom|Thunderbolt|p2a: Sandy Shocks\n|-supereffective|p2a: Sandy Shocks\n|-damage|p2a: Sandy Shocks|0 fnt\n|faint|p2a: Sandy Shocks\n|-end|p2a: Sandy Shocks|Protosynthesis|[silent]\n|\n|upkeep\n|turn|7\n|inactive|GRIFFY98 has 30 seconds left.\n|inactive|GRIFFY98 has 20 seconds left.\n|inactive|GRIFFY98 has 15 seconds left.\n|inactive|GRIFFY98 has 10 seconds left.\n|inactive|GRIFFY98 has 5 seconds left.\n|\n|t:|1682231737\n|move|p2b: Klefki|Thunder Wave|p1a: Flutter Mane|[miss]\n|-miss|p2b: Klefki|p1a: Flutter Mane\n|move|p1a: Flutter Mane|Shadow Ball|p2b: Klefki\n|-damage|p2b: Klefki|23\/100\n|move|p1b: Rotom|Thunderbolt|p2b: Klefki\n|-damage|p2b: Klefki|0 fnt\n|faint|p2b: Klefki\n|\n|win|GRIFFY98\n|raw|GRIFFY98's rating: 1347 → 1364<\/strong> (+17 for winning)\n|raw|OnHoldWithTheIRS's rating: 1290 → 1269<\/strong> (-21 for losing)\n|l|\u2606GRIFFY98\n|c|\u2606OnHoldWithTheIRS|gg\n","uploadtime":1682231750,"views":12,"p1id":"griffy98","p2id":"onholdwiththeirs","formatid":"gen9vgc2023regulationc","rating":1269,"private":0,"password":""}