{"id":"gen9vgc2023regulationc-1854593946","p1":"PokemonPesticide","p2":"ChorusFruitFarmer","format":"[Gen 9] VGC 2023 Regulation C","log":"|j|\u2606PokemonPesticide\n|j|\u2606ChorusFruitFarmer\n|t:|1682832526\n|gametype|doubles\n|player|p1|PokemonPesticide|rocketgrunt|1060\n|player|p2|ChorusFruitFarmer|penny|1131\n|teamsize|p1|6\n|teamsize|p2|6\n|gen|9\n|tier|[Gen 9] VGC 2023 Regulation C\n|rated|\n|rule|Species Clause: Limit one of each Pok\u00e9mon\n|rule|Item Clause: Limit one of each item\n|clearpoke\n|poke|p1|Indeedee-F, L50, F|\n|poke|p1|Klawf, L50, F|\n|poke|p1|Flamigo, L50, F|\n|poke|p1|Garchomp, L50, M|\n|poke|p1|Gardevoir, L50, F|\n|poke|p1|Kilowattrel, L50, F|\n|poke|p2|Roaring Moon, L50|\n|poke|p2|Kilowattrel, L50, F|\n|poke|p2|Amoonguss, L50, F|\n|poke|p2|Arcanine, L50, F|\n|poke|p2|Iron Hands, L50|\n|poke|p2|Clawitzer, L50, F|\n|teampreview|4\n|inactive|Battle timer is ON: inactive players will automatically lose when time's up. (requested by ChorusFruitFarmer)\n|\n|t:|1682832550\n|start\n|switch|p1a: Kilowattrel|Kilowattrel, L50, F|100\/100\n|switch|p1b: Garchomp|Garchomp, L50, M|100\/100\n|switch|p2a: Rock Lobster!|Clawitzer, L50, F, shiny|100\/100\n|switch|p2b: Clap These Cheeks|Iron Hands, L50|100\/100\n|turn|1\n|c|\u2606ChorusFruitFarmer|Good luck, have fun.\n|\n|t:|1682832573\n|switch|p1b: Indeedee|Indeedee-F, L50, F|100\/100\n|-fieldstart|move: Psychic Terrain|[from] ability: Psychic Surge|[of] p1b: Indeedee\n|-enditem|p1b: Indeedee|Psychic Seed\n|-boost|p1b: Indeedee|spd|1|[from] item: Psychic Seed\n|move|p2b: Clap These Cheeks|Fake Out|p1a: Kilowattrel\n|-hint|Psychic Terrain doesn't affect Pok\u00e9mon immune to Ground.\n|-damage|p1a: Kilowattrel|68\/100\n|cant|p1a: Kilowattrel|flinch\n|move|p2a: Rock Lobster!|Ice Beam|p1b: Indeedee\n|-crit|p1b: Indeedee\n|-damage|p1b: Indeedee|56\/100\n|\n|upkeep\n|turn|2\n|\n|t:|1682832594\n|-terastallize|p2a: Rock Lobster!|Dragon\n|move|p1b: Indeedee|Follow Me|p1b: Indeedee\n|-singleturn|p1b: Indeedee|move: Follow Me\n|move|p1a: Kilowattrel|Tailwind|p1a: Kilowattrel\n|-sidestart|p1: PokemonPesticide|move: Tailwind\n|-start|p1a: Kilowattrel|Charge|Tailwind|[from] ability: Wind Power\n|move|p2a: Rock Lobster!|Muddy Water|p1a: Kilowattrel|[spread] p1a\n|-miss|p2a: Rock Lobster!|p1b: Indeedee\n|-damage|p1a: Kilowattrel|0 fnt\n|faint|p1a: Kilowattrel\n|move|p2b: Clap These Cheeks|Drain Punch|p1b: Indeedee\n|-damage|p1b: Indeedee|0 fnt\n|faint|p1b: Indeedee\n|\n|upkeep\n|\n|t:|1682832608\n|switch|p1a: Garchomp|Garchomp, L50, M|100\/100\n|switch|p1b: Klawf|Klawf, L50, F|100\/100\n|turn|3\n|\n|t:|1682832626\n|-end|p2b: Clap These Cheeks|Quark Drive|[silent]\n|switch|p2b: Goose|Kilowattrel, L50, F, shiny|100\/100\n|move|p1a: Garchomp|Earthquake|p2b: Goose|[spread] p1b,p2a\n|-immune|p2b: Goose\n|-supereffective|p1b: Klawf\n|-damage|p1b: Klawf|18\/100\n|-damage|p2a: Rock Lobster!|60\/100\n|-enditem|p1b: Klawf|Weakness Policy\n|-boost|p1b: Klawf|atk|2|[from] item: Weakness Policy\n|-boost|p1b: Klawf|spa|2|[from] item: Weakness Policy\n|-ability|p1b: Klawf|Anger Shell|boost\n|-boost|p1b: Klawf|atk|1\n|-boost|p1b: Klawf|spa|1\n|-boost|p1b: Klawf|spe|1\n|-unboost|p1b: Klawf|def|1\n|-unboost|p1b: Klawf|spd|1\n|move|p1b: Klawf|Reversal|p2a: Rock Lobster!\n|-damage|p2a: Rock Lobster!|0 fnt\n|faint|p2a: Rock Lobster!\n|\n|upkeep\n|\n|t:|1682832642\n|switch|p2a: Good Girl|Arcanine, L50, F|100\/100\n|-ability|p2a: Good Girl|Intimidate|boost\n|-unboost|p1a: Garchomp|atk|1\n|-unboost|p1b: Klawf|atk|1\n|turn|4\n|\n|t:|1682832659\n|-terastallize|p1b: Klawf|Flying\n|move|p2b: Goose|Protect|p2b: Goose\n|-singleturn|p2b: Goose|Protect\n|move|p2a: Good Girl|Protect|p2a: Good Girl\n|-singleturn|p2a: Good Girl|Protect\n|move|p1a: Garchomp|Earthquake|p2b: Goose|[spread] \n|-activate|p2a: Good Girl|move: Protect\n|-activate|p2b: Goose|move: Protect\n|-immune|p1b: Klawf\n|move|p1b: Klawf|Rock Slide|p2a: Good Girl|[spread] \n|-activate|p2a: Good Girl|move: Protect\n|-activate|p2b: Goose|move: Protect\n|\n|upkeep\n|turn|5\n|\n|t:|1682832682\n|move|p1a: Garchomp|Earthquake|p2b: Goose|[spread] p2a\n|-immune|p1b: Klawf\n|-immune|p2b: Goose\n|-supereffective|p2a: Good Girl\n|-damage|p2a: Good Girl|43\/100\n|move|p1b: Klawf|Rock Slide|p2b: Goose|[spread] p2a,p2b\n|-supereffective|p2a: Good Girl\n|-supereffective|p2b: Goose\n|-crit|p2b: Goose\n|-damage|p2a: Good Girl|0 fnt\n|-damage|p2b: Goose|0 fnt\n|faint|p2a: Good Girl\n|faint|p2b: Goose\n|\n|-sideend|p1: PokemonPesticide|move: Tailwind\n|-fieldend|move: Psychic Terrain\n|upkeep\n|\n|t:|1682832685\n|switch|p2b: Clap These Cheeks|Iron Hands, L50|100\/100\n|turn|6\n|c|\u2606ChorusFruitFarmer|G.g.w.p.\n|\n|t:|1682832699\n|move|p1b: Klawf|Endure|p1b: Klawf\n|-singleturn|p1b: Klawf|move: Endure\n|move|p1a: Garchomp|Earthquake|p2b: Clap These Cheeks|[spread] p2b\n|-immune|p1b: Klawf\n|-supereffective|p2b: Clap These Cheeks\n|-damage|p2b: Clap These Cheeks|65\/100\n|move|p2b: Clap These Cheeks|Ice Punch|p1a: Garchomp\n|-supereffective|p1a: Garchomp\n|-damage|p1a: Garchomp|0 fnt\n|-damage|p2b: Clap These Cheeks|53\/100|[from] ability: Rough Skin|[of] p1a: Garchomp\n|faint|p1a: Garchomp\n|\n|upkeep\n|turn|7\n|\n|t:|1682832719\n|move|p1b: Klawf|Reversal|p2b: Clap These Cheeks\n|-damage|p2b: Clap These Cheeks|16\/100\n|move|p2b: Clap These Cheeks|Ice Punch|p1b: Klawf\n|-supereffective|p1b: Klawf\n|-damage|p1b: Klawf|0 fnt\n|faint|p1b: Klawf\n|\n|win|ChorusFruitFarmer\n|raw|PokemonPesticide's rating: 1060 → 1045<\/strong> (-15 for losing)\n|raw|ChorusFruitFarmer's rating: 1131 → 1151<\/strong> (+20 for winning)\n","uploadtime":1682832724,"views":15,"p1id":"pokemonpesticide","p2id":"chorusfruitfarmer","formatid":"gen9vgc2023regulationc","rating":1045,"private":0,"password":""}