{"id":"gen9vgc2023regulationc-1849384272","p1":"paicer96","p2":"Wata97","format":"[Gen 9] VGC 2023 Regulation C","log":"|j|\u2606paicer96\n|j|\u2606Wata97\n|t:|1682192479\n|gametype|doubles\n|player|p1|paicer96|gentleman|1443\n|player|p2|Wata97|giovanni|1471\n|teamsize|p1|6\n|teamsize|p2|6\n|gen|9\n|tier|[Gen 9] VGC 2023 Regulation C\n|rated|\n|rule|Species Clause: Limit one of each Pok\u00e9mon\n|rule|Item Clause: Limit one of each item\n|clearpoke\n|poke|p1|Wo-Chien, L50|\n|poke|p1|Ting-Lu, L50|\n|poke|p1|Glimmora, L50, M|\n|poke|p1|Rotom-Heat, L50|\n|poke|p1|Corviknight, L50, F|\n|poke|p1|Amoonguss, L50, F|\n|poke|p2|Chi-Yu, L50|\n|poke|p2|Flutter Mane, L50|\n|poke|p2|Gholdengo, L50|\n|poke|p2|Palafin, L50, M|\n|poke|p2|Wo-Chien, L50|\n|poke|p2|Talonflame, L50, M|\n|teampreview|4\npaicer96 has agreed to open team sheets.\n|inactive|Battle timer is ON: inactive players will automatically lose when time's up. (requested by paicer96)\n|\n|t:|1682192519\n|start\n|switch|p1a: Glimmora|Glimmora, L50, M, shiny|100\/100\n|switch|p1b: Ting-Lu|Ting-Lu, L50|100\/100\n|switch|p2a: Chi-Yu|Chi-Yu, L50|100\/100\n|switch|p2b: Gholdengo|Gholdengo, L50|100\/100\n|-ability|p2a: Chi-Yu|Beads of Ruin\n|-ability|p1b: Ting-Lu|Vessel of Ruin\n|turn|1\n|inactive|paicer96 has 30 seconds left.\n|\n|t:|1682192545\n|move|p2a: Chi-Yu|Protect|p2a: Chi-Yu\n|-singleturn|p2a: Chi-Yu|Protect\n|move|p1a: Glimmora|Spiky Shield|p1a: Glimmora\n|-singleturn|p1a: Glimmora|move: Protect\n|move|p2b: Gholdengo|Make It Rain|p1a: Glimmora|[spread] p1b\n|-activate|p1a: Glimmora|move: Protect\n|-damage|p1b: Ting-Lu|79\/100\n|-unboost|p2b: Gholdengo|spa|1\n|move|p1b: Ting-Lu|Stomping Tantrum|p2a: Chi-Yu\n|-activate|p2a: Chi-Yu|move: Protect\n|\n|upkeep\n|turn|2\n|\n|t:|1682192564\n|switch|p2a: Wo-Chien|Wo-Chien, L50|100\/100\n|-ability|p2a: Wo-Chien|Tablets of Ruin\n|move|p2b: Gholdengo|Make It Rain|p1a: Glimmora|[spread] p1a,p1b\n|-supereffective|p1a: Glimmora\n|-damage|p1a: Glimmora|52\/100\n|-damage|p1b: Ting-Lu|69\/100\n|-unboost|p2b: Gholdengo|spa|1\n|move|p1a: Glimmora|Power Gem|p2a: Wo-Chien\n|-damage|p2a: Wo-Chien|78\/100\n|move|p1b: Ting-Lu|Stomping Tantrum|p2b: Gholdengo\n|-supereffective|p2b: Gholdengo\n|-damage|p2b: Gholdengo|51\/100\n|\n|-heal|p2a: Wo-Chien|84\/100|[from] item: Leftovers\n|upkeep\n|turn|3\n|inactive|paicer96 has 30 seconds left.\n|inactive|Wata97 has 30 seconds left.\n|\n|t:|1682192594\n|move|p2b: Gholdengo|Make It Rain|p1b: Ting-Lu|[spread] p1a,p1b\n|-supereffective|p1a: Glimmora\n|-damage|p1a: Glimmora|10\/100\n|-damage|p1b: Ting-Lu|60\/100\n|-unboost|p2b: Gholdengo|spa|1\n|move|p1a: Glimmora|Mortal Spin|p2b: Gholdengo|[spread] p2a\n|-immune|p2b: Gholdengo\n|-supereffective|p2a: Wo-Chien\n|-damage|p2a: Wo-Chien|80\/100\n|-status|p2a: Wo-Chien|psn\n|move|p2a: Wo-Chien|Giga Drain|p1b: Ting-Lu\n|-supereffective|p1b: Ting-Lu\n|-damage|p1b: Ting-Lu|45\/100\n|-heal|p2a: Wo-Chien|90\/100 psn|[from] drain|[of] p1b: Ting-Lu\n|move|p1b: Ting-Lu|Stomping Tantrum|p2b: Gholdengo\n|-supereffective|p2b: Gholdengo\n|-crit|p2b: Gholdengo\n|-damage|p2b: Gholdengo|0 fnt\n|faint|p2b: Gholdengo\n|\n|-heal|p2a: Wo-Chien|96\/100 psn|[from] item: Leftovers\n|-damage|p2a: Wo-Chien|84\/100 psn|[from] psn\n|upkeep\n|inactive|Wata97 has 30 seconds left.\n|\n|t:|1682192621\n|switch|p2b: Chi-Yu|Chi-Yu, L50|100\/100\n|-ability|p2b: Chi-Yu|Beads of Ruin\n|turn|4\n|\n|t:|1682192641\n|-terastallize|p2b: Chi-Yu|Grass\n|move|p2b: Chi-Yu|Heat Wave|p1b: Ting-Lu|[spread] p1a,p1b\n|-resisted|p1a: Glimmora\n|-damage|p1a: Glimmora|0 fnt\n|-damage|p1b: Ting-Lu|30\/100\n|faint|p1a: Glimmora\n|move|p2a: Wo-Chien|Giga Drain|p1b: Ting-Lu\n|-supereffective|p1b: Ting-Lu\n|-damage|p1b: Ting-Lu|8\/100\n|-heal|p2a: Wo-Chien|98\/100 psn|[from] drain|[of] p1b: Ting-Lu\n|move|p1b: Ting-Lu|Stomping Tantrum|p2b: Chi-Yu\n|-resisted|p2b: Chi-Yu\n|-damage|p2b: Chi-Yu|82\/100\n|\n|-heal|p2a: Wo-Chien|100\/100 psn|[from] item: Leftovers\n|-damage|p2a: Wo-Chien|88\/100 psn|[from] psn\n|upkeep\n|\n|t:|1682192664\n|switch|p1a: Rotom|Rotom-Heat, L50|100\/100\n|turn|5\n|\n|t:|1682192684\n|move|p2b: Chi-Yu|Protect|p2b: Chi-Yu\n|-singleturn|p2b: Chi-Yu|Protect\n|move|p1a: Rotom|Overheat|p2b: Chi-Yu\n|-activate|p2b: Chi-Yu|move: Protect\n|move|p2a: Wo-Chien|Giga Drain|p1b: Ting-Lu\n|-supereffective|p1b: Ting-Lu\n|-crit|p1b: Ting-Lu\n|-damage|p1b: Ting-Lu|0 fnt\n|-heal|p2a: Wo-Chien|93\/100 psn|[from] drain|[of] p1b: Ting-Lu\n|faint|p1b: Ting-Lu\n|\n|-heal|p2a: Wo-Chien|99\/100 psn|[from] item: Leftovers\n|-damage|p2a: Wo-Chien|86\/100 psn|[from] psn\n|upkeep\n|\n|t:|1682192691\n|switch|p1b: Wo-Chien|Wo-Chien, L50|100\/100\n|-ability|p1b: Wo-Chien|Tablets of Ruin\n|turn|6\n|\n|t:|1682192709\n|switch|p2b: Flutter Mane|Flutter Mane, L50|100\/100\n|-enditem|p2b: Flutter Mane|Booster Energy\n|-activate|p2b: Flutter Mane|ability: Protosynthesis|[fromitem]\n|-start|p2b: Flutter Mane|protosynthesisspe\n|-terastallize|p1b: Wo-Chien|Poison\n|move|p1a: Rotom|Overheat|p2b: Flutter Mane\n|-damage|p2b: Flutter Mane|33\/100\n|-unboost|p1a: Rotom|spa|2\n|move|p1b: Wo-Chien|Pollen Puff|p2a: Wo-Chien\n|-supereffective|p2a: Wo-Chien\n|-damage|p2a: Wo-Chien|28\/100 psn\n|move|p2a: Wo-Chien|Leech Seed|p1a: Rotom\n|-start|p1a: Rotom|move: Leech Seed\n|\n|-heal|p2a: Wo-Chien|34\/100 psn|[from] item: Leftovers\n|-damage|p1a: Rotom|88\/100|[from] Leech Seed|[of] p2a: Wo-Chien\n|-heal|p2a: Wo-Chien|44\/100 psn|[silent]\n|-damage|p2a: Wo-Chien|32\/100 psn|[from] psn\n|upkeep\n|turn|7\n|inactive|paicer96 has 30 seconds left.\n|inactive|Wata97 has 30 seconds left.\n|inactive|paicer96 has 20 seconds left.\n|\n|t:|1682192748\n|move|p2b: Flutter Mane|Protect|p2b: Flutter Mane\n|-singleturn|p2b: Flutter Mane|Protect\n|move|p1a: Rotom|Overheat|p2a: Wo-Chien|[miss]\n|-miss|p1a: Rotom|p2a: Wo-Chien\n|move|p1b: Wo-Chien|Leech Seed|p2b: Flutter Mane\n|-activate|p2b: Flutter Mane|move: Protect\n|move|p2a: Wo-Chien|Leech Seed|p1b: Wo-Chien\n|-start|p1b: Wo-Chien|move: Leech Seed\n|\n|-heal|p2a: Wo-Chien|38\/100 psn|[from] item: Leftovers\n|-damage|p1a: Rotom|76\/100|[from] Leech Seed|[of] p2a: Wo-Chien\n|-heal|p2a: Wo-Chien|48\/100 psn|[silent]\n|-damage|p1b: Wo-Chien|88\/100|[from] Leech Seed|[of] p2a: Wo-Chien\n|-heal|p2a: Wo-Chien|60\/100 psn|[silent]\n|-damage|p2a: Wo-Chien|48\/100 psn|[from] psn\n|upkeep\n|turn|8\n|\n|t:|1682192767\n|switch|p2a: Chi-Yu|Chi-Yu, L50, tera:Grass|82\/100\n|-ability|p2a: Chi-Yu|Beads of Ruin\n|move|p2b: Flutter Mane|Power Gem|p1a: Rotom\n|-supereffective|p1a: Rotom\n|-damage|p1a: Rotom|0 fnt\n|faint|p1a: Rotom\n|move|p1b: Wo-Chien|Pollen Puff|p2a: Chi-Yu\n|-supereffective|p2a: Chi-Yu\n|-damage|p2a: Chi-Yu|37\/100\n|\n|-heal|p1b: Wo-Chien|94\/100|[from] item: Leftovers\n|-damage|p1b: Wo-Chien|82\/100|[from] Leech Seed|[of] p2a: Chi-Yu\n|-heal|p2a: Chi-Yu|56\/100|[silent]\n|upkeep\n|turn|9\n|\n|t:|1682192786\n|move|p2a: Chi-Yu|Protect|p2a: Chi-Yu\n|-singleturn|p2a: Chi-Yu|Protect\n|move|p2b: Flutter Mane|Shadow Ball|p1b: Wo-Chien\n|-damage|p1b: Wo-Chien|48\/100\n|move|p1b: Wo-Chien|Leech Seed|p2b: Flutter Mane\n|-start|p2b: Flutter Mane|move: Leech Seed\n|\n|-heal|p1b: Wo-Chien|55\/100|[from] item: Leftovers\n|-damage|p2b: Flutter Mane|20\/100|[from] Leech Seed|[of] p1b: Wo-Chien\n|-heal|p1b: Wo-Chien|63\/100|[silent]\n|-damage|p1b: Wo-Chien|50\/100|[from] Leech Seed|[of] p2a: Chi-Yu\n|-heal|p2a: Chi-Yu|74\/100|[silent]\n|upkeep\n|turn|10\n|\n|t:|1682192808\n|-end|p2b: Flutter Mane|Protosynthesis|[silent]\n|switch|p2b: Wo-Chien|Wo-Chien, L50|48\/100 psn\n|-ability|p2b: Wo-Chien|Tablets of Ruin\n|move|p2a: Chi-Yu|Heat Wave|p1b: Wo-Chien\n|-damage|p1b: Wo-Chien|7\/100\n|move|p1b: Wo-Chien|Pollen Puff|p2a: Chi-Yu\n|-supereffective|p2a: Chi-Yu\n|-damage|p2a: Chi-Yu|25\/100\n|\n|-heal|p1b: Wo-Chien|13\/100|[from] item: Leftovers\n|-heal|p2b: Wo-Chien|54\/100 psn|[from] item: Leftovers\n|-damage|p1b: Wo-Chien|0 fnt|[from] Leech Seed|[of] p2a: Chi-Yu\n|-heal|p2a: Chi-Yu|44\/100|[silent]\n|faint|p1b: Wo-Chien\n|\n|win|Wata97\n|upkeep\n|raw|paicer96's rating: 1443 → 1425<\/strong> (-18 for losing)\n|raw|Wata97's rating: 1471 → 1489<\/strong> (+18 for winning)\n|l|\u2606paicer96\n","uploadtime":1682192830,"views":7,"p1id":"paicer96","p2id":"wata97","formatid":"gen9vgc2023regulationc","rating":1425,"private":0,"password":""}