{"id":"gen9vgc2023regulationc-1859632527","p1":"AllTheBilgamesh","p2":"Kasmir7","format":"[Gen 9] VGC 2023 Regulation C","log":"|j|\u2606AllTheBilgamesh\n|j|\u2606Kasmir7\n|t:|1683550949\n|gametype|doubles\n|player|p1|AllTheBilgamesh|n|1196\n|player|p2|Kasmir7|red-masters|1226\n|teamsize|p1|6\n|teamsize|p2|6\n|gen|9\n|tier|[Gen 9] VGC 2023 Regulation C\n|rated|\n|rule|Species Clause: Limit one of each Pok\u00e9mon\n|rule|Item Clause: Limit one of each item\n|clearpoke\n|poke|p1|Tyranitar, L50, M|\n|poke|p1|Lycanroc, L50, F|\n|poke|p1|Amoonguss, L50, M|\n|poke|p1|Flutter Mane, L50|\n|poke|p1|Gyarados, L50, M|\n|poke|p1|Chi-Yu, L50|\n|poke|p2|Palafin, L50, M|\n|poke|p2|Flutter Mane, L50|\n|poke|p2|Gyarados, L50, F|\n|poke|p2|Amoonguss, L50, F|\n|poke|p2|Chi-Yu, L50|\n|poke|p2|Iron Hands, L50|\n|teampreview|4\n|inactive|Battle timer is ON: inactive players will automatically lose when time's up. (requested by AllTheBilgamesh)\n|\n|t:|1683550976\n|start\n|switch|p1a: Flinch Lockwood|Tyranitar, L50, M, shiny|100\/100\n|switch|p1b: Roxie|Lycanroc, L50, F, shiny|100\/100\n|switch|p2a: Palafin|Palafin, L50, M|100\/100\n|switch|p2b: Gyarados|Gyarados, L50, F|100\/100\n|-ability|p2b: Gyarados|Intimidate|boost\n|-unboost|p1a: Flinch Lockwood|atk|1\n|-unboost|p1b: Roxie|atk|1\n|-weather|Sandstorm|[from] ability: Sand Stream|[of] p1a: Flinch Lockwood\n|turn|1\n|\n|t:|1683550999\n|detailschange|p2a: Palafin|Palafin-Hero, L50, M\n|switch|p2a: Iron Hands|Iron Hands, L50|100\/100\n|-terastallize|p1b: Roxie|Rock\n|move|p1b: Roxie|Rock Slide|p2a: Iron Hands|[spread] p2a,p2b\n|-resisted|p2a: Iron Hands\n|-supereffective|p2b: Gyarados\n|-damage|p2a: Iron Hands|91\/100\n|-damage|p2b: Gyarados|42\/100\n|move|p2b: Gyarados|Thunder Wave|p1b: Roxie\n|-status|p1b: Roxie|par\n|move|p1a: Flinch Lockwood|Rock Slide|p2b: Gyarados|[spread] p2a\n|-miss|p1a: Flinch Lockwood|p2b: Gyarados\n|-resisted|p2a: Iron Hands\n|-damage|p2a: Iron Hands|84\/100\n|\n|-weather|Sandstorm|[upkeep]\n|-damage|p2b: Gyarados|36\/100|[from] Sandstorm\n|upkeep\n|turn|2\n|\n|t:|1683551021\n|switch|p1b: Sus|Amoonguss, L50, M|100\/100\n|switch|p1a: Justin Tang's pala|Gyarados, L50, M|100\/100\n|-ability|p1a: Justin Tang's pala|Intimidate|boost\n|-unboost|p2a: Iron Hands|atk|1\n|-unboost|p2b: Gyarados|atk|1\n|move|p2b: Gyarados|Protect|p2b: Gyarados\n|-singleturn|p2b: Gyarados|Protect\n|move|p2a: Iron Hands|Close Combat|p1a: Justin Tang's pala\n|-resisted|p1a: Justin Tang's pala\n|-damage|p1a: Justin Tang's pala|78\/100\n|-unboost|p2a: Iron Hands|def|1\n|-unboost|p2a: Iron Hands|spd|1\n|\n|-weather|Sandstorm|[upkeep]\n|-damage|p2b: Gyarados|30\/100|[from] Sandstorm\n|-damage|p1b: Sus|95\/100|[from] Sandstorm\n|upkeep\n|turn|3\n|\n|t:|1683551043\n|-end|p2a: Iron Hands|Quark Drive|[silent]\n|switch|p2a: Palafin|Palafin-Hero, L50, M|100\/100\n|-activate|p2a: Palafin|ability: Zero to Hero\n|move|p1a: Justin Tang's pala|Taunt|p2b: Gyarados\n|-start|p2b: Gyarados|move: Taunt\n|cant|p2b: Gyarados|move: Taunt|Taunt\n|move|p1b: Sus|Spore|p2a: Palafin\n|-status|p2a: Palafin|slp|[from] move: Spore\n|\n|-weather|Sandstorm|[upkeep]\n|-damage|p2a: Palafin|94\/100 slp|[from] Sandstorm\n|-damage|p2b: Gyarados|24\/100|[from] Sandstorm\n|-damage|p1b: Sus|89\/100|[from] Sandstorm\n|upkeep\n|turn|4\n|inactive|AllTheBilgamesh has 30 seconds left.\n|\n|t:|1683551069\n|switch|p1a: Roxie|Lycanroc, L50, F, shiny, tera:Rock|100\/100 par\n|switch|p2b: Iron Hands|Iron Hands, L50|84\/100\n|cant|p2a: Palafin|slp\n|move|p1b: Sus|Rage Powder|p1b: Sus\n|-singleturn|p1b: Sus|move: Rage Powder\n|\n|-weather|Sandstorm|[upkeep]\n|-damage|p2a: Palafin|88\/100 slp|[from] Sandstorm\n|-damage|p1b: Sus|83\/100|[from] Sandstorm\n|upkeep\n|turn|5\n|\n|t:|1683551088\n|move|p1a: Roxie|Protect|p1a: Roxie\n|-singleturn|p1a: Roxie|Protect\n|-curestatus|p2a: Palafin|slp|[msg]\n|move|p2a: Palafin|Protect|p2a: Palafin\n|-singleturn|p2a: Palafin|Protect\n|move|p2b: Iron Hands|Fake Out|p1a: Roxie\n|-activate|p1a: Roxie|move: Protect\n|move|p1b: Sus|Spore|p2b: Iron Hands\n|-activate|p2b: Iron Hands|item: Safety Goggles|Spore\n|\n|-weather|none\n|upkeep\n|turn|6\n|\n|t:|1683551110\n|switch|p1b: Flinch Lockwood|Tyranitar, L50, M, shiny|100\/100\n|-weather|Sandstorm|[from] ability: Sand Stream|[of] p1b: Flinch Lockwood\n|move|p2b: Iron Hands|Fake Out||[still]\n|-hint|Fake Out only works on your first turn out.\n|-fail|p2b: Iron Hands\n|move|p2a: Palafin|Jet Punch|p1a: Roxie\n|-supereffective|p1a: Roxie\n|-enditem|p1a: Roxie|Focus Sash\n|-damage|p1a: Roxie|1\/100 par\n|move|p1a: Roxie|Rock Slide|p2a: Palafin|[spread] p2a,p2b\n|-resisted|p2b: Iron Hands\n|-damage|p2a: Palafin|52\/100\n|-damage|p2b: Iron Hands|71\/100\n|\n|-weather|Sandstorm|[upkeep]\n|-damage|p2a: Palafin|46\/100|[from] Sandstorm\n|upkeep\n|turn|7\n|inactive|AllTheBilgamesh has 30 seconds left.\n|\n|t:|1683551138\n|switch|p1a: Justin Tang's pala|Gyarados, L50, M|78\/100\n|-ability|p1a: Justin Tang's pala|Intimidate|boost\n|-unboost|p2a: Palafin|atk|1\n|-unboost|p2b: Iron Hands|atk|1\n|switch|p1b: Sus|Amoonguss, L50, M|100\/100\n|move|p2a: Palafin|Close Combat|p1b: Sus\n|-resisted|p1b: Sus\n|-damage|p1b: Sus|87\/100\n|-unboost|p2a: Palafin|def|1\n|-unboost|p2a: Palafin|spd|1\n|move|p2b: Iron Hands|Wild Charge|p1a: Justin Tang's pala\n|-supereffective|p1a: Justin Tang's pala\n|-damage|p1a: Justin Tang's pala|0 fnt\n|faint|p1a: Justin Tang's pala\n|-damage|p2b: Iron Hands|56\/100|[from] Recoil\n|\n|-weather|Sandstorm|[upkeep]\n|-damage|p2a: Palafin|40\/100|[from] Sandstorm\n|-damage|p1b: Sus|81\/100|[from] Sandstorm\n|upkeep\n|\n|t:|1683551161\n|switch|p1a: Roxie|Lycanroc, L50, F, shiny, tera:Rock|1\/100 par\n|turn|8\n|\n|t:|1683551180\n|-end|p2b: Iron Hands|Quark Drive|[silent]\n|switch|p2b: Gyarados|Gyarados, L50, F|24\/100\n|-ability|p2b: Gyarados|Intimidate|boost\n|-unboost|p1a: Roxie|atk|1\n|-unboost|p1b: Sus|atk|1\n|move|p1b: Sus|Rage Powder|p1b: Sus\n|-singleturn|p1b: Sus|move: Rage Powder\n|move|p2a: Palafin|Jet Punch|p1b: Sus\n|-resisted|p1b: Sus\n|-damage|p1b: Sus|68\/100\n|cant|p1a: Roxie|par\n|\n|-weather|Sandstorm|[upkeep]\n|-damage|p2a: Palafin|33\/100|[from] Sandstorm\n|-damage|p2b: Gyarados|18\/100|[from] Sandstorm\n|-damage|p1b: Sus|62\/100|[from] Sandstorm\n|upkeep\n|turn|9\n|\n|t:|1683551201\n|switch|p2a: Iron Hands|Iron Hands, L50|56\/100\n|move|p1b: Sus|Rage Powder|p1b: Sus\n|-singleturn|p1b: Sus|move: Rage Powder\n|move|p1a: Roxie|Endeavor|p2a: Iron Hands\n|-damage|p2a: Iron Hands|1\/100\n|move|p2b: Gyarados|Taunt|p1b: Sus\n|-start|p1b: Sus|move: Taunt\n|\n|-weather|Sandstorm|[upkeep]\n|-damage|p2b: Gyarados|12\/100|[from] Sandstorm\n|-damage|p1b: Sus|56\/100|[from] Sandstorm\n|upkeep\n|turn|10\n|\n|t:|1683551222\n|cant|p1a: Roxie|par\n|move|p2a: Iron Hands|Fake Out|p1a: Roxie\n|-resisted|p1a: Roxie\n|-damage|p1a: Roxie|0 fnt\n|faint|p1a: Roxie\n|move|p2b: Gyarados|Thunder Wave|p1b: Sus\n|-status|p1b: Sus|par\n|move|p1b: Sus|Clear Smog|p2a: Iron Hands\n|-damage|p2a: Iron Hands|0 fnt\n|-clearboost|p2a: Iron Hands\n|faint|p2a: Iron Hands\n|-end|p2a: Iron Hands|Quark Drive|[silent]\n|\n|-weather|none\n|upkeep\n|inactive|Kasmir7 has 30 seconds left.\n|inactive|Kasmir7 has 20 seconds left.\n|inactive|Kasmir7 has 15 seconds left.\n|\n|t:|1683551266\n|switch|p1a: Flinch Lockwood|Tyranitar, L50, M, shiny|100\/100\n|switch|p2a: Flutter Mane|Flutter Mane, L50|100\/100\n|-weather|Sandstorm|[from] ability: Sand Stream|[of] p1a: Flinch Lockwood\n|turn|11\n|\n|t:|1683551277\n|move|p2a: Flutter Mane|Dazzling Gleam|p1b: Sus|[spread] p1a,p1b\n|-supereffective|p1a: Flinch Lockwood\n|-resisted|p1b: Sus\n|-damage|p1a: Flinch Lockwood|59\/100\n|-damage|p1b: Sus|37\/100 par\n|-enditem|p1b: Sus|Sitrus Berry|[eat]\n|-heal|p1b: Sus|62\/100 par|[from] item: Sitrus Berry\n|move|p2b: Gyarados|Waterfall|p1a: Flinch Lockwood\n|-supereffective|p1a: Flinch Lockwood\n|-damage|p1a: Flinch Lockwood|9\/100\n|move|p1a: Flinch Lockwood|Rock Slide|p2b: Gyarados|[spread] p2a,p2b\n|-supereffective|p2b: Gyarados\n|-damage|p2a: Flutter Mane|30\/100\n|-damage|p2b: Gyarados|0 fnt\n|faint|p2b: Gyarados\n|move|p1b: Sus|Pollen Puff|p1a: Flinch Lockwood\n|-heal|p1a: Flinch Lockwood|59\/100\n|\n|-weather|Sandstorm|[upkeep]\n|-damage|p2a: Flutter Mane|23\/100|[from] Sandstorm\n|-damage|p1b: Sus|56\/100 par|[from] Sandstorm\n|upkeep\n|\n|t:|1683551294\n|switch|p2b: Palafin|Palafin-Hero, L50, M|33\/100\n|turn|12\n|\n|t:|1683551312\n|-terastallize|p2a: Flutter Mane|Fairy\n|move|p2a: Flutter Mane|Dazzling Gleam|p1b: Sus|[spread] p1a,p1b\n|-supereffective|p1a: Flinch Lockwood\n|-resisted|p1b: Sus\n|-damage|p1a: Flinch Lockwood|5\/100\n|-damage|p1b: Sus|27\/100 par\n|move|p2b: Palafin|Wave Crash|p1b: Sus\n|-resisted|p1b: Sus\n|-damage|p1b: Sus|0 fnt\n|faint|p1b: Sus\n|-damage|p2b: Palafin|24\/100|[from] Recoil\n|move|p1a: Flinch Lockwood|Rock Slide|p2b: Palafin|[spread] p2a,p2b\n|-damage|p2a: Flutter Mane|0 fnt\n|-damage|p2b: Palafin|0 fnt\n|faint|p2a: Flutter Mane\n|-end|p2a: Flutter Mane|Protosynthesis|[silent]\n|faint|p2b: Palafin\n|\n|win|AllTheBilgamesh\n|raw|AllTheBilgamesh's rating: 1196 → 1223<\/strong> (+27 for winning)\n|raw|Kasmir7's rating: 1226 → 1199<\/strong> (-27 for losing)\n","uploadtime":1683551335,"views":7,"p1id":"allthebilgamesh","p2id":"kasmir7","formatid":"gen9vgc2023regulationc","rating":1199,"private":0,"password":""}