{"id":"gen9vgc2023regulationc-1858059800","p1":"zurneus","p2":"snarlspammer","format":"[Gen 9] VGC 2023 Regulation C","log":"|j|\u2606zurneus\n|j|\u2606snarlspammer\n|t:|1683268677\n|gametype|doubles\n|player|p1|zurneus|richboy-gen4|1407\n|player|p2|snarlspammer|unknown|1360\n|teamsize|p1|6\n|teamsize|p2|6\n|gen|9\n|tier|[Gen 9] VGC 2023 Regulation C\n|rated|\n|rule|Species Clause: Limit one of each Pok\u00e9mon\n|rule|Item Clause: Limit one of each item\n|clearpoke\n|poke|p1|Chi-Yu, L50|\n|poke|p1|Great Tusk, L50|\n|poke|p1|Flutter Mane, L50|\n|poke|p1|Dragonite, L50, F|\n|poke|p1|Iron Bundle, L50|\n|poke|p1|Murkrow, L50, F|\n|poke|p2|Flutter Mane, L50|\n|poke|p2|Chi-Yu, L50|\n|poke|p2|Iron Bundle, L50|\n|poke|p2|Grimmsnarl, L50, M|\n|poke|p2|Garganacl, L50, M|\n|poke|p2|Ting-Lu, L50|\n|teampreview|4\nzurneus has agreed to open team sheets.\n|inactive|Battle timer is ON: inactive players will automatically lose when time's up. (requested by snarlspammer)\n|inactive|zurneus has 60 seconds left.\n|\n|t:|1683268768\n|start\n|switch|p1a: Murkrow|Murkrow, L50, F|100\/100\n|switch|p1b: Great Tusk|Great Tusk, L50|100\/100\n|switch|p2a: Grimmsnarl|Grimmsnarl, L50, M|100\/100\n|switch|p2b: Chi-Yu|Chi-Yu, L50|100\/100\n|-ability|p2b: Chi-Yu|Beads of Ruin\n|turn|1\n|inactive|zurneus has 30 seconds left.\n|inactive|snarlspammer has 30 seconds left.\n|inactive|zurneus has 20 seconds left.\n|\n|t:|1683268805\n|move|p2b: Chi-Yu|Protect|p2b: Chi-Yu\n|-singleturn|p2b: Chi-Yu|Protect\n|move|p2a: Grimmsnarl|Scary Face|p1b: Great Tusk\n|-fail|p1b: Great Tusk|unboost|[from] item: Clear Amulet|[of] p1b: Great Tusk\n|move|p1a: Murkrow|Tailwind|p1a: Murkrow\n|-sidestart|p1: zurneus|move: Tailwind\n|move|p1b: Great Tusk|Earthquake|p2b: Chi-Yu|[spread] p2a\n|-activate|p2b: Chi-Yu|move: Protect\n|-immune|p1a: Murkrow\n|-damage|p2a: Grimmsnarl|51\/100\n|\n|upkeep\n|turn|2\n|inactive|snarlspammer has 30 seconds left.\n|\n|t:|1683268831\n|move|p2a: Grimmsnarl|Reflect|p2a: Grimmsnarl\n|-sidestart|p2: snarlspammer|Reflect\n|move|p1b: Great Tusk|Earthquake|p2a: Grimmsnarl|[spread] p2a,p2b\n|-immune|p1a: Murkrow\n|-supereffective|p2b: Chi-Yu\n|-damage|p2a: Grimmsnarl|17\/100\n|-damage|p2b: Chi-Yu|2\/100\n|move|p1a: Murkrow|Foul Play|p2b: Chi-Yu\n|-resisted|p2b: Chi-Yu\n|-damage|p2b: Chi-Yu|0 fnt\n|faint|p2b: Chi-Yu\n|\n|upkeep\n|\n|t:|1683268847\n|switch|p2b: Iron Bundle|Iron Bundle, L50|100\/100\n|-enditem|p2b: Iron Bundle|Booster Energy\n|-activate|p2b: Iron Bundle|ability: Quark Drive|[fromitem]\n|-start|p2b: Iron Bundle|quarkdrivespe\n|turn|3\n|\n|t:|1683268867\n|-terastallize|p1b: Great Tusk|Fire\n|move|p2b: Iron Bundle|Protect|p2b: Iron Bundle\n|-singleturn|p2b: Iron Bundle|Protect\n|move|p1a: Murkrow|Sunny Day|p1a: Murkrow\n|-weather|SunnyDay\n|-activate|p1b: Great Tusk|ability: Protosynthesis\n|-start|p1b: Great Tusk|protosynthesisatk\n|move|p2a: Grimmsnarl|Light Screen|p2a: Grimmsnarl\n|-sidestart|p2: snarlspammer|move: Light Screen\n|move|p1b: Great Tusk|Rock Slide|p2b: Iron Bundle|[spread] p2a\n|-activate|p2b: Iron Bundle|move: Protect\n|-damage|p2a: Grimmsnarl|0 fnt\n|faint|p2a: Grimmsnarl\n|\n|-weather|SunnyDay|[upkeep]\n|upkeep\n|\n|t:|1683268886\n|switch|p2a: Flutter Mane|Flutter Mane, L50|100\/100\n|-activate|p2a: Flutter Mane|ability: Protosynthesis\n|-start|p2a: Flutter Mane|protosynthesisspa\n|turn|4\n|\n|t:|1683268907\n|-terastallize|p2a: Flutter Mane|Fairy\n|move|p2b: Iron Bundle|Hydro Pump|p1b: Great Tusk\n|-supereffective|p1b: Great Tusk\n|-damage|p1b: Great Tusk|22\/100\n|move|p1b: Great Tusk|Earthquake|p2b: Iron Bundle|[spread] p2a,p2b\n|-immune|p1a: Murkrow\n|-damage|p2a: Flutter Mane|15\/100\n|-damage|p2b: Iron Bundle|52\/100\n|move|p1a: Murkrow|Foul Play|p2b: Iron Bundle\n|-damage|p2b: Iron Bundle|36\/100\n|move|p2a: Flutter Mane|Moonblast|p1b: Great Tusk\n|-resisted|p1b: Great Tusk\n|-damage|p1b: Great Tusk|0 fnt\n|faint|p1b: Great Tusk\n|-end|p1b: Great Tusk|Protosynthesis|[silent]\n|\n|-weather|SunnyDay|[upkeep]\n|-sideend|p1: zurneus|move: Tailwind\n|upkeep\n|\n|t:|1683268924\n|switch|p1b: Flutter Mane|Flutter Mane, L50|100\/100\n|-activate|p1b: Flutter Mane|ability: Protosynthesis\n|-start|p1b: Flutter Mane|protosynthesisspa\n|turn|5\n|\n|t:|1683268934\n|move|p1a: Murkrow|Tailwind|p1a: Murkrow\n|-sidestart|p1: zurneus|move: Tailwind\n|move|p1b: Flutter Mane|Dazzling Gleam|p2a: Flutter Mane|[spread] p2a,p2b\n|-damage|p2a: Flutter Mane|0 fnt\n|-damage|p2b: Iron Bundle|0 fnt\n|faint|p2a: Flutter Mane\n|-end|p2a: Flutter Mane|Protosynthesis|[silent]\n|faint|p2b: Iron Bundle\n|-end|p2b: Iron Bundle|Quark Drive|[silent]\n|\n|win|zurneus\n|raw|zurneus's rating: 1407 → 1424<\/strong> (+17 for winning)\n|raw|snarlspammer's rating: 1360 → 1343<\/strong> (-17 for losing)\n|l|\u2606snarlspammer\n","uploadtime":1683268943,"views":5,"p1id":"zurneus","p2id":"snarlspammer","formatid":"gen9vgc2023regulationc","rating":1343,"private":0,"password":""}