{"id":"gen9vgc2023regulationc-1854756558","p1":"Lelandvgc","p2":"Ab0ve5029","format":"[Gen 9] VGC 2023 Regulation C","log":"|j|\u2606Lelandvgc\n|j|\u2606Ab0ve5029\n|t:|1682862021\n|gametype|doubles\n|player|p1|Lelandvgc|266|\n|player|p2|Ab0ve5029|n|\n|teamsize|p1|6\n|teamsize|p2|6\n|gen|9\n|tier|[Gen 9] VGC 2023 Regulation C\n|rated|Tournament battle\n|rule|Species Clause: Limit one of each Pok\u00e9mon\n|rule|Item Clause: Limit one of each item\n|clearpoke\n|poke|p1|Gholdengo, L50|\n|poke|p1|Roaring Moon, L50|\n|poke|p1|Iron Hands, L50|\n|poke|p1|Amoonguss, L50, M|\n|poke|p1|Flutter Mane, L50|\n|poke|p1|Palafin, L50, M|\n|poke|p2|Chien-Pao, L50|\n|poke|p2|Palafin, L50, M|\n|poke|p2|Dragapult, L50, M|\n|poke|p2|Kingambit, L50, F|\n|poke|p2|Arcanine, L50, F|\n|poke|p2|Amoonguss, L50, F|\n|teampreview|4\n|raw| Open Team Sheet for Lelandvgc<\/summary>Gholdengo @ Life Orb Ability: Good as Gold Level: 50 Tera Type: Steel - Make It Rain - Protect - Nasty Plot - Shadow Ball Roaring Moon @ Booster Energy Ability: Protosynthesis Level: 50 Tera Type: Flying - Acrobatics - Protect - Tailwind - Throat Chop Iron Hands @ Assault Vest Ability: Quark Drive Level: 50 Tera Type: Grass - Close Combat - Wild Charge - Heavy Slam - Fake Out Amoonguss @ Mental Herb Ability: Regenerator Level: 50 Shiny: Yes Tera Type: Water - Protect - Pollen Puff - Spore - Rage Powder Flutter Mane @ Choice Specs Ability: Protosynthesis Level: 50 Tera Type: Fairy - Dazzling Gleam - Mystical Fire - Moonblast - Shadow Ball Palafin @ Mystic Water Ability: Zero to Hero Level: 50 Tera Type: Water - Protect - Wave Crash - Jet Punch - Haze <\/details><\/div> Open Team Sheet for Ab0ve5029<\/summary>Astrumy (Chien-Pao) @ Focus Sash Ability: Sword of Ruin Level: 50 Tera Type: Ghost - Ice Spinner - Throat Chop - Sacred Sword - Protect Above (Palafin) @ Mystic Water Ability: Zero to Hero Level: 50 Tera Type: Water - Wave Crash - Jet Punch - Haze - Protect RulingWillB (Dragapult) @ Choice Band Ability: Clear Body Level: 50 Tera Type: Steel - Dragon Darts - Phantom Force - Tera Blast - U-turn hancec (Kingambit) @ Lum Berry Ability: Defiant Level: 50 Tera Type: Dark - Kowtow Cleave - Sucker Punch - Swords Dance - Protect CaLdAbOoS (Arcanine) @ Safety Goggles Ability: Intimidate Level: 50 Tera Type: Water - Flare Blitz - Extreme Speed - Will-O-Wisp - Protect Whynus (Amoonguss) @ Sitrus Berry Ability: Regenerator Level: 50 Tera Type: Water - Pollen Puff - Spore - Rage Powder - Protect <\/details><\/div>\n|c|\u2606Ab0ve5029|glhf\n|\n|t:|1682862042\n|start\n|switch|p1a: Gholdengo|Gholdengo, L50|100\/100\n|switch|p1b: Roaring Moon|Roaring Moon, L50|100\/100\n|switch|p2a: Above|Palafin, L50, M|100\/100\n|switch|p2b: Whynus|Amoonguss, L50, F|100\/100\n|-enditem|p1b: Roaring Moon|Booster Energy\n|-activate|p1b: Roaring Moon|ability: Protosynthesis|[fromitem]\n|-start|p1b: Roaring Moon|protosynthesisspe\n|turn|1\n|\n|t:|1682862081\n|detailschange|p2a: Above|Palafin-Hero, L50, M\n|switch|p2a: hancec|Kingambit, L50, F|100\/100\n|-terastallize|p1b: Roaring Moon|Flying\n|move|p1b: Roaring Moon|Acrobatics|p2b: Whynus\n|-supereffective|p2b: Whynus\n|-damage|p2b: Whynus|0 fnt\n|faint|p2b: Whynus\n|move|p1a: Gholdengo|Nasty Plot|p1a: Gholdengo\n|-boost|p1a: Gholdengo|spa|2\n|\n|upkeep\n|\n|t:|1682862092\n|switch|p2b: Astrumy|Chien-Pao, L50|100\/100\n|-ability|p2b: Astrumy|Sword of Ruin\n|turn|2\n|\n|t:|1682862101\n|move|p2a: hancec|Sucker Punch|p1a: Gholdengo\n|-supereffective|p1a: Gholdengo\n|-damage|p1a: Gholdengo|1\/100\n|move|p1b: Roaring Moon|Tailwind|p1b: Roaring Moon\n|-sidestart|p1: Lelandvgc|move: Tailwind\n|move|p1a: Gholdengo|Make It Rain|p2a: hancec|[spread] p2a,p2b\n|-resisted|p2a: hancec\n|-supereffective|p2b: Astrumy\n|-damage|p2a: hancec|38\/100\n|-enditem|p2b: Astrumy|Focus Sash\n|-damage|p2b: Astrumy|1\/100\n|-unboost|p1a: Gholdengo|spa|1\n|-damage|p1a: Gholdengo|0 fnt|[from] item: Life Orb\n|faint|p1a: Gholdengo\n|move|p2b: Astrumy|Ice Spinner|p1b: Roaring Moon\n|-supereffective|p1b: Roaring Moon\n|-damage|p1b: Roaring Moon|0 fnt\n|faint|p1b: Roaring Moon\n|-end|p1b: Roaring Moon|Protosynthesis|[silent]\n|\n|upkeep\n|\n|t:|1682862120\n|switch|p1b: Iron Hands|Iron Hands, L50|100\/100\n|switch|p1a: Amoonguss|Amoonguss, L50, M, shiny|100\/100\n|turn|3\n|\n|t:|1682862165\n|-terastallize|p2b: Astrumy|Ghost\n|move|p1b: Iron Hands|Fake Out|p2a: hancec\n|-resisted|p2a: hancec\n|-damage|p2a: hancec|29\/100\n|move|p2b: Astrumy|Ice Spinner|p1a: Amoonguss\n|-supereffective|p1a: Amoonguss\n|-damage|p1a: Amoonguss|3\/100\n|move|p1a: Amoonguss|Spore|p2a: hancec\n|-status|p2a: hancec|slp|[from] move: Spore\n|-enditem|p2a: hancec|Lum Berry|[eat]\n|-curestatus|p2a: hancec|slp|[msg]\n|cant|p2a: hancec|flinch\n|\n|upkeep\n|turn|4\n|\n|t:|1682862195\n|move|p2b: Astrumy|Protect|p2b: Astrumy\n|-singleturn|p2b: Astrumy|Protect\n|move|p1a: Amoonguss|Protect|p1a: Amoonguss\n|-singleturn|p1a: Amoonguss|Protect\n|move|p2a: hancec|Protect|p2a: hancec\n|-singleturn|p2a: hancec|Protect\n|move|p1b: Iron Hands|Wild Charge|p2a: hancec\n|-activate|p2a: hancec|move: Protect\n|\n|upkeep\n|turn|5\n|\n|t:|1682862208\n|move|p1a: Amoonguss|Protect|p1a: Amoonguss\n|-singleturn|p1a: Amoonguss|Protect\n|move|p2b: Astrumy|Ice Spinner|p1a: Amoonguss\n|-activate|p1a: Amoonguss|move: Protect\n|move|p1b: Iron Hands|Wild Charge|p2a: hancec\n|-damage|p2a: hancec|0 fnt\n|faint|p2a: hancec\n|-damage|p1b: Iron Hands|95\/100|[from] Recoil\n|\n|-sideend|p1: Lelandvgc|move: Tailwind\n|upkeep\n|\n|t:|1682862211\n|switch|p2a: Above|Palafin-Hero, L50, M|100\/100\n|-activate|p2a: Above|ability: Zero to Hero\n|turn|6\n|\n|t:|1682862226\n|move|p1a: Amoonguss|Rage Powder|p1a: Amoonguss\n|-singleturn|p1a: Amoonguss|move: Rage Powder\n|move|p2b: Astrumy|Ice Spinner|p1a: Amoonguss\n|-supereffective|p1a: Amoonguss\n|-damage|p1a: Amoonguss|0 fnt\n|faint|p1a: Amoonguss\n|move|p2a: Above|Wave Crash|p1b: Iron Hands\n|-crit|p1b: Iron Hands\n|-damage|p1b: Iron Hands|0 fnt\n|faint|p1b: Iron Hands\n|-end|p1b: Iron Hands|Quark Drive|[silent]\n|-damage|p2a: Above|61\/100|[from] Recoil\n|\n|win|Ab0ve5029\n|n|\u2606Lelandvgc|lelandvgc\n|n|\u2606Ab0ve5029|ab0ve5029\n|c|\u2606Ab0ve5029|gg\n","uploadtime":1682862240,"views":16,"p1id":"lelandvgc","p2id":"ab0ve5029","formatid":"gen9vgc2023regulationc","rating":0,"private":0,"password":""}