{"id":"gen9vgc2023regulationc-1851590631","p1":"Ghebsera","p2":"Piccolo Ruiz","format":"[Gen 9] VGC 2023 Regulation C","log":"|j|\u2606Ghebsera\n|j|\u2606Piccolo Ruiz\n|t:|1682458809\n|gametype|doubles\n|player|p1|Ghebsera|lucas-gen4pt|1243\n|player|p2|Piccolo Ruiz|valerie|1300\n|teamsize|p1|6\n|teamsize|p2|6\n|gen|9\n|tier|[Gen 9] VGC 2023 Regulation C\n|rated|\n|rule|Species Clause: Limit one of each Pok\u00e9mon\n|rule|Item Clause: Limit one of each item\n|clearpoke\n|poke|p1|Ceruledge, L50, F|\n|poke|p1|Garganacl, L50, M|\n|poke|p1|Tauros-Paldea-Aqua, L50, M|\n|poke|p1|Chien-Pao, L50|\n|poke|p1|Flutter Mane, L50|\n|poke|p1|Maushold-Four, L50|\n|poke|p2|Flutter Mane, L50|\n|poke|p2|Amoonguss, L50, F|\n|poke|p2|Gyarados, L50, F|\n|poke|p2|Arcanine, L50, F|\n|poke|p2|Ting-Lu, L50|\n|poke|p2|Baxcalibur, L50, F|\n|teampreview|4\n|inactive|Battle timer is ON: inactive players will automatically lose when time's up. (requested by Piccolo Ruiz)\n|inactive|Ghebsera has 60 seconds left.\n|inactive|Piccolo Ruiz has 60 seconds left.\n|\n|t:|1682458870\n|start\n|switch|p1a: Garganacl|Garganacl, L50, M|100\/100\n|switch|p1b: Tauros|Tauros-Paldea-Aqua, L50, M|100\/100\n|switch|p2a: Sasha Colby|Flutter Mane, L50|100\/100\n|switch|p2b: Amoonguss|Amoonguss, L50, F, shiny|100\/100\n|-ability|p1b: Tauros|Intimidate|boost\n|-unboost|p2a: Sasha Colby|atk|1\n|-unboost|p2b: Amoonguss|atk|1\n|-enditem|p2a: Sasha Colby|Booster Energy\n|-activate|p2a: Sasha Colby|ability: Protosynthesis|[fromitem]\n|-start|p2a: Sasha Colby|protosynthesisspa\n|turn|1\n|inactive|Ghebsera has 30 seconds left.\n|\n|t:|1682458896\n|-terastallize|p1b: Tauros|Fire\n|move|p2b: Amoonguss|Rage Powder|p2b: Amoonguss\n|-singleturn|p2b: Amoonguss|move: Rage Powder\n|move|p2a: Sasha Colby|Moonblast|p1b: Tauros\n|-resisted|p1b: Tauros\n|-damage|p1b: Tauros|56\/100\n|move|p1b: Tauros|Wave Crash|p2b: Amoonguss\n|-resisted|p2b: Amoonguss\n|-damage|p2b: Amoonguss|74\/100\n|-damage|p1b: Tauros|39\/100|[from] item: Rocky Helmet|[of] p2b: Amoonguss\n|-damage|p1b: Tauros|29\/100|[from] Recoil\n|move|p1a: Garganacl|Avalanche|p2b: Amoonguss\n|-supereffective|p2b: Amoonguss\n|-damage|p2b: Amoonguss|49\/100\n|-damage|p1a: Garganacl|84\/100|[from] item: Rocky Helmet|[of] p2b: Amoonguss\n|\n|-heal|p1a: Garganacl|90\/100|[from] item: Leftovers\n|upkeep\n|turn|2\n|inactive|Piccolo Ruiz has 30 seconds left.\n|\n|t:|1682458922\n|switch|p2b: Raja|Arcanine, L50, F|100\/100\n|-ability|p2b: Raja|Intimidate|boost\n|-unboost|p1a: Garganacl|atk|1\n|-unboost|p1b: Tauros|atk|1\n|-terastallize|p2a: Sasha Colby|Fairy\n|move|p1b: Tauros|Protect|p1b: Tauros\n|-singleturn|p1b: Tauros|Protect\n|move|p2a: Sasha Colby|Dazzling Gleam|p1a: Garganacl|[spread] p1a\n|-activate|p1b: Tauros|move: Protect\n|-damage|p1a: Garganacl|45\/100\n|move|p1a: Garganacl|Salt Cure|p2a: Sasha Colby\n|-damage|p2a: Sasha Colby|82\/100\n|-start|p2a: Sasha Colby|Salt Cure\n|\n|-heal|p1a: Garganacl|51\/100|[from] item: Leftovers\n|-damage|p2a: Sasha Colby|70\/100|[from] Salt Cure\n|upkeep\n|turn|3\n|inactive|Ghebsera has 30 seconds left.\n|inactive|Ghebsera has 20 seconds left.\n|\n|t:|1682458960\n|move|p1b: Tauros|Aqua Jet|p2a: Sasha Colby\n|-damage|p2a: Sasha Colby|48\/100\n|move|p2a: Sasha Colby|Moonblast|p1b: Tauros\n|-resisted|p1b: Tauros\n|-damage|p1b: Tauros|0 fnt\n|faint|p1b: Tauros\n|move|p2b: Raja|Flare Blitz|p1a: Garganacl\n|-resisted|p1a: Garganacl\n|-damage|p1a: Garganacl|34\/100\n|-damage|p2b: Raja|94\/100|[from] Recoil\n|move|p1a: Garganacl|Salt Cure|p2b: Raja\n|-supereffective|p2b: Raja\n|-damage|p2b: Raja|73\/100\n|-start|p2b: Raja|Salt Cure\n|\n|-heal|p1a: Garganacl|40\/100|[from] item: Leftovers\n|-damage|p2a: Sasha Colby|36\/100|[from] Salt Cure\n|-damage|p2b: Raja|61\/100|[from] Salt Cure\n|upkeep\n|\n|t:|1682458978\n|switch|p1b: Flutter Mane|Flutter Mane, L50|100\/100\n|turn|4\n|\n|t:|1682458990\n|-end|p2a: Sasha Colby|Protosynthesis|[silent]\n|switch|p2a: Amoonguss|Amoonguss, L50, F, shiny|82\/100\n|move|p1a: Garganacl|Protect|p1a: Garganacl\n|-singleturn|p1a: Garganacl|Protect\n|move|p1b: Flutter Mane|Shadow Ball|p2b: Raja\n|-damage|p2b: Raja|0 fnt\n|faint|p2b: Raja\n|\n|-heal|p1a: Garganacl|46\/100|[from] item: Leftovers\n|upkeep\n|\n|t:|1682458997\n|switch|p2b: Sasha Colby|Flutter Mane, L50, tera:Fairy|36\/100\n|turn|5\n|\n|t:|1682459005\n|move|p2a: Amoonguss|Rage Powder|p2a: Amoonguss\n|-singleturn|p2a: Amoonguss|move: Rage Powder\n|move|p2b: Sasha Colby|Moonblast|p1a: Garganacl\n|-damage|p1a: Garganacl|0 fnt\n|faint|p1a: Garganacl\n|move|p1b: Flutter Mane|Shadow Ball|p2a: Amoonguss\n|-damage|p2a: Amoonguss|19\/100\n|-unboost|p2a: Amoonguss|spd|1\n|\n|upkeep\n|\n|t:|1682459013\n|switch|p1a: Chien-Pao|Chien-Pao, L50|100\/100\n|-ability|p1a: Chien-Pao|Sword of Ruin\n|turn|6\n|\n|t:|1682459025\n|move|p2a: Amoonguss|Rage Powder|p2a: Amoonguss\n|-singleturn|p2a: Amoonguss|move: Rage Powder\n|move|p1a: Chien-Pao|Ice Spinner|p2a: Amoonguss\n|-supereffective|p2a: Amoonguss\n|-damage|p2a: Amoonguss|0 fnt\n|-damage|p1a: Chien-Pao|84\/100|[from] item: Rocky Helmet|[of] p2a: Amoonguss\n|faint|p2a: Amoonguss\n|move|p2b: Sasha Colby|Dazzling Gleam|p1b: Flutter Mane|[spread] p1a,p1b\n|-supereffective|p1a: Chien-Pao\n|-damage|p1a: Chien-Pao|0 fnt\n|-damage|p1b: Flutter Mane|59\/100\n|faint|p1a: Chien-Pao\n|move|p1b: Flutter Mane|Shadow Ball|p2b: Sasha Colby\n|-damage|p2b: Sasha Colby|0 fnt\n|faint|p2b: Sasha Colby\n|-end|p2b: Sasha Colby|Protosynthesis|[silent]\n|\n|upkeep\n|\n|t:|1682459037\n|switch|p2b: Katya|Baxcalibur, L50, F, shiny|100\/100\n|turn|7\n|\n|t:|1682459041\n|move|p2b: Katya|Ice Shard|p1b: Flutter Mane\n|-damage|p1b: Flutter Mane|14\/100\n|move|p1b: Flutter Mane|Shadow Ball|p2b: Katya\n|-damage|p2b: Katya|32\/100\n|\n|upkeep\n|turn|8\n|\n|t:|1682459048\n|move|p2b: Katya|Ice Shard|p1b: Flutter Mane\n|-damage|p1b: Flutter Mane|0 fnt\n|faint|p1b: Flutter Mane\n|-end|p1b: Flutter Mane|Protosynthesis|[silent]\n|\n|win|Piccolo Ruiz\n|raw|Ghebsera's rating: 1243 → 1221<\/strong> (-22 for losing)\n|raw|Piccolo Ruiz's rating: 1280 → 1302<\/strong> (+22 for winning)\n|c|\u2606Piccolo Ruiz|gg\n","uploadtime":1682459056,"views":14,"p1id":"ghebsera","p2id":"piccoloruiz","formatid":"gen9vgc2023regulationc","rating":1221,"private":0,"password":""}