{"id":"gen9vgc2023regulationc-1849884617","p1":"sadgirl23","p2":"esotilin123456","format":"[Gen 9] VGC 2023 Regulation C","log":"|j|\u2606sadgirl23\n|j|\u2606esotilin123456\n|t:|1682264382\n|gametype|doubles\n|player|p1|sadgirl23|lady-gen4|\n|player|p2|esotilin123456|lucas|\n|teamsize|p1|6\n|teamsize|p2|6\n|gen|9\n|tier|[Gen 9] VGC 2023 Regulation C\n|rated|Tournament battle\n|rule|Species Clause: Limit one of each Pok\u00e9mon\n|rule|Item Clause: Limit one of each item\n|clearpoke\n|poke|p1|Dragonite, L50, M|\n|poke|p1|Orthworm, L50, F|\n|poke|p1|Amoonguss, L50, M|\n|poke|p1|Ting-Lu, L50|\n|poke|p1|Palafin, L50, M|\n|poke|p1|Scream Tail, L50|\n|poke|p2|Arcanine, L50, M|\n|poke|p2|Gastrodon, L50, F|\n|poke|p2|Rotom-Mow, L50|\n|poke|p2|Tyranitar, L50, M|\n|poke|p2|Corviknight, L50, M|\n|poke|p2|Salamence, L50, F|\n|teampreview|4\n|raw| Open Team Sheet for sadgirl23<\/summary>Dragonite @ Clear Amulet Ability: Multiscale Level: 50 Shiny: Yes Tera Type: Flying - Dragon Dance - Tera Blast - Earthquake - Extreme Speed Orthworm @ Sitrus Berry Ability: Earth Eater Level: 50 Tera Type: Fairy - Iron Defense - Heavy Slam - Body Press - Shed Tail Amoonguss @ Rocky Helmet Ability: Regenerator Level: 50 Shiny: Yes Tera Type: Water - Rage Powder - Pollen Puff - Spore - Protect Ting-Lu @ Assault Vest Ability: Vessel of Ruin Level: 50 Tera Type: Poison - Stomping Tantrum - Heavy Slam - Earthquake - Ruination Palafin @ Mystic Water Ability: Zero to Hero Level: 50 Shiny: Yes Tera Type: Water - Jet Punch - Protect - Wave Crash - Haze Scream Tail @ Booster Energy Ability: Protosynthesis Level: 50 Tera Type: Fire - Howl - Encore - Play Rough - Misty Terrain <\/details><\/div> Open Team Sheet for esotilin123456<\/summary>good boi (Arcanine) (M) @ Assault Vest Ability: Intimidate Level: 50 Tera Type: Normal - Flare Blitz - Extreme Speed - Snarl - Close Combat GROHAHSHSHSH (Gastrodon) (F) @ Leftovers Ability: Storm Drain Level: 50 Tera Type: Fire - Protect - Yawn - Ice Beam - Earth Power IRON MUGULIS (Rotom-Mow) @ Life Orb Ability: Levitate Level: 50 Tera Type: Electric - Protect - Will-O-Wisp - Thunderbolt - Leaf Storm Great Tyrant (Tyranitar) (M) @ Chople Berry Ability: Sand Stream Level: 50 Shiny: Yes Tera Type: Rock - Protect - Rock Slide - Crunch - Ice Punch IRON BIRD (Corviknight) @ Aguav Berry Ability: Mirror Armor Level: 50 Tera Type: Fire - Protect - Bulk Up - Brave Bird - Roost THE LIZARD (Salamence) @ Scope Lens Ability: Intimidate Level: 50 Tera Type: Fire - Protect - Focus Energy - Draco Meteor - Flamethrower <\/details><\/div>\n|j| PotatoFoe11\n|l| PotatoFoe11\n|\n|t:|1682264430\n|start\n|switch|p1a: Scream Tail|Scream Tail, L50|100\/100\n|switch|p1b: Dragonite|Dragonite, L50, M, shiny|100\/100\n|switch|p2a: good boi|Arcanine, L50, M|100\/100\n|switch|p2b: IRON MUGULIS|Rotom-Mow, L50|100\/100\n|-ability|p2a: good boi|Intimidate|boost\n|-unboost|p1a: Scream Tail|atk|1\n|-fail|p1b: Dragonite|unboost|[from] item: Clear Amulet|[of] p1b: Dragonite\n|-enditem|p1a: Scream Tail|Booster Energy\n|-activate|p1a: Scream Tail|ability: Protosynthesis|[fromitem]\n|-start|p1a: Scream Tail|protosynthesisspe\n|turn|1\n|\n|t:|1682264463\n|switch|p1b: Ting-Lu|Ting-Lu, L50|100\/100\n|-ability|p1b: Ting-Lu|Vessel of Ruin\n|switch|p2a: IRON BIRD|Corviknight, L50, M|100\/100\n|move|p1a: Scream Tail|Misty Terrain|p1a: Scream Tail\n|-fieldstart|move: Misty Terrain\n|move|p2b: IRON MUGULIS|Will-O-Wisp|p1b: Ting-Lu|[miss]\n|-miss|p2b: IRON MUGULIS|p1b: Ting-Lu\n|\n|upkeep\n|turn|2\n|\n|t:|1682264500\n|move|p1a: Scream Tail|Encore|p2b: IRON MUGULIS\n|-start|p2b: IRON MUGULIS|Encore\n|move|p2b: IRON MUGULIS|Will-O-Wisp|p1a: Scream Tail\n|-activate|p1a: Scream Tail|move: Misty Terrain\n|move|p2a: IRON BIRD|Bulk Up|p2a: IRON BIRD\n|-boost|p2a: IRON BIRD|atk|1\n|-boost|p2a: IRON BIRD|def|1\n|move|p1b: Ting-Lu|Ruination|p2a: IRON BIRD\n|-damage|p2a: IRON BIRD|50\/100\n|\n|upkeep\n|turn|3\n|\n|t:|1682264519\n|switch|p2b: GROHAHSHSHSH|Gastrodon, L50, F|100\/100\n|switch|p1b: Dragonite|Dragonite, L50, M, shiny|100\/100\n|move|p1a: Scream Tail|Encore|p2a: IRON BIRD\n|-start|p2a: IRON BIRD|Encore\n|move|p2a: IRON BIRD|Bulk Up|p2a: IRON BIRD\n|-boost|p2a: IRON BIRD|atk|1\n|-boost|p2a: IRON BIRD|def|1\n|\n|upkeep\n|turn|4\n|\n|t:|1682264550\n|-terastallize|p1b: Dragonite|Flying\n|move|p1a: Scream Tail|Howl|p1a: Scream Tail|[spread] p1a,p1b\n|-boost|p1a: Scream Tail|atk|1\n|-boost|p1b: Dragonite|atk|1\n|move|p1b: Dragonite|Tera Blast|p2a: IRON BIRD\n|-resisted|p2a: IRON BIRD\n|-damage|p2a: IRON BIRD|32\/100\n|move|p2a: IRON BIRD|Bulk Up|p2a: IRON BIRD\n|-boost|p2a: IRON BIRD|atk|1\n|-boost|p2a: IRON BIRD|def|1\n|move|p2b: GROHAHSHSHSH|Ice Beam|p1b: Dragonite\n|-supereffective|p1b: Dragonite\n|-damage|p1b: Dragonite|76\/100\n|-status|p1b: Dragonite|frz\n|\n|upkeep\n|turn|5\n|j| Zakfj96\n|\n|t:|1682264566\n|move|p1a: Scream Tail|Howl|p1a: Scream Tail|[spread] p1a,p1b\n|-boost|p1a: Scream Tail|atk|1\n|-boost|p1b: Dragonite|atk|1\n|cant|p1b: Dragonite|frz\n|move|p2a: IRON BIRD|Bulk Up|p2a: IRON BIRD\n|-boost|p2a: IRON BIRD|atk|1\n|-boost|p2a: IRON BIRD|def|1\n|move|p2b: GROHAHSHSHSH|Ice Beam|p1b: Dragonite\n|-supereffective|p1b: Dragonite\n|-damage|p1b: Dragonite|21\/100 frz\n|\n|-end|p2a: IRON BIRD|Encore\n|-fieldend|Misty Terrain\n|upkeep\n|turn|6\n|l| Zakfj96\n|c|\u2606sadgirl23|as if my matchup wasn't hard enough\n|\n|t:|1682264595\n|move|p1a: Scream Tail|Encore|p2a: IRON BIRD\n|-start|p2a: IRON BIRD|Encore\n|cant|p1b: Dragonite|frz\n|move|p2a: IRON BIRD|Bulk Up|p2a: IRON BIRD\n|-boost|p2a: IRON BIRD|atk|1\n|-boost|p2a: IRON BIRD|def|1\n|move|p2b: GROHAHSHSHSH|Yawn|p1a: Scream Tail\n|-start|p1a: Scream Tail|move: Yawn|[of] p2b: GROHAHSHSHSH\n|\n|upkeep\n|turn|7\n|\n|t:|1682264608\n|-end|p1a: Scream Tail|Protosynthesis|[silent]\n|switch|p1a: Amoonguss|Amoonguss, L50, M, shiny|100\/100\n|move|p2b: GROHAHSHSHSH|Protect|p2b: GROHAHSHSHSH\n|-singleturn|p2b: GROHAHSHSHSH|Protect\n|cant|p1b: Dragonite|frz\n|move|p2a: IRON BIRD|Bulk Up|p2a: IRON BIRD\n|-boost|p2a: IRON BIRD|atk|1\n|-boost|p2a: IRON BIRD|def|1\n|\n|upkeep\n|turn|8\n|\n|t:|1682264626\n|cant|p1b: Dragonite|frz\n|move|p2a: IRON BIRD|Bulk Up|p2a: IRON BIRD\n|-boost|p2a: IRON BIRD|atk|0\n|-boost|p2a: IRON BIRD|def|0\n|move|p2b: GROHAHSHSHSH|Ice Beam|p1b: Dragonite\n|-supereffective|p1b: Dragonite\n|-damage|p1b: Dragonite|0 fnt\n|faint|p1b: Dragonite\n|move|p1a: Amoonguss|Spore|p2a: IRON BIRD\n|-status|p2a: IRON BIRD|slp|[from] move: Spore\n|\n|-end|p2a: IRON BIRD|Encore\n|upkeep\n|\n|t:|1682264651\n|switch|p1b: Ting-Lu|Ting-Lu, L50|100\/100\n|-ability|p1b: Ting-Lu|Vessel of Ruin\n|turn|9\n|j| Breloom3912\n|\n|t:|1682264659\n|cant|p2a: IRON BIRD|slp\n|move|p1b: Ting-Lu|Ruination|p2a: IRON BIRD\n|-damage|p2a: IRON BIRD|17\/100 slp\n|-enditem|p2a: IRON BIRD|Aguav Berry|[eat]\n|-heal|p2a: IRON BIRD|50\/100 slp|[from] item: Aguav Berry\n|move|p2b: GROHAHSHSHSH|Ice Beam|p1a: Amoonguss\n|-supereffective|p1a: Amoonguss\n|-damage|p1a: Amoonguss|71\/100\n|move|p1a: Amoonguss|Spore|p2b: GROHAHSHSHSH\n|-status|p2b: GROHAHSHSHSH|slp|[from] move: Spore\n|\n|upkeep\n|turn|10\n|\n|t:|1682264673\n|switch|p1a: Scream Tail|Scream Tail, L50|100\/100\n|cant|p2a: IRON BIRD|slp\n|move|p1b: Ting-Lu|Ruination|p2a: IRON BIRD\n|-damage|p2a: IRON BIRD|25\/100 slp\n|cant|p2b: GROHAHSHSHSH|slp\n|\n|upkeep\n|turn|11\n|\n|t:|1682264694\n|move|p1a: Scream Tail|Encore|p2a: IRON BIRD\n|-start|p2a: IRON BIRD|Encore\n|cant|p2a: IRON BIRD|slp\n|move|p1b: Ting-Lu|Ruination|p2b: GROHAHSHSHSH\n|-damage|p2b: GROHAHSHSHSH|50\/100 slp\n|-curestatus|p2b: GROHAHSHSHSH|slp|[msg]\n|move|p2b: GROHAHSHSHSH|Yawn|p1a: Scream Tail\n|-start|p1a: Scream Tail|move: Yawn|[of] p2b: GROHAHSHSHSH\n|\n|-heal|p2b: GROHAHSHSHSH|57\/100|[from] item: Leftovers\n|upkeep\n|turn|12\n|\n|t:|1682264710\n|move|p2b: GROHAHSHSHSH|Protect|p2b: GROHAHSHSHSH\n|-singleturn|p2b: GROHAHSHSHSH|Protect\n|move|p1a: Scream Tail|Misty Terrain|p1a: Scream Tail\n|-fieldstart|move: Misty Terrain\n|-curestatus|p2a: IRON BIRD|slp|[msg]\n|move|p2a: IRON BIRD|Bulk Up|p2a: IRON BIRD\n|-boost|p2a: IRON BIRD|atk|0\n|-boost|p2a: IRON BIRD|def|0\n|move|p1b: Ting-Lu|Ruination|p2a: IRON BIRD\n|-damage|p2a: IRON BIRD|13\/100\n|\n|-heal|p2b: GROHAHSHSHSH|63\/100|[from] item: Leftovers\n|-end|p1a: Scream Tail|move: Yawn|[silent]\n|-activate|p1a: Scream Tail|move: Misty Terrain\n|upkeep\n|turn|13\n|\n|t:|1682264732\n|switch|p2b: IRON MUGULIS|Rotom-Mow, L50|100\/100\n|move|p1a: Scream Tail|Encore||[still]\n|-fail|p1a: Scream Tail\n|move|p2a: IRON BIRD|Bulk Up|p2a: IRON BIRD\n|-boost|p2a: IRON BIRD|atk|0\n|-boost|p2a: IRON BIRD|def|0\n|move|p1b: Ting-Lu|Heavy Slam|p2a: IRON BIRD\n|-resisted|p2a: IRON BIRD\n|-damage|p2a: IRON BIRD|9\/100\n|\n|-end|p2a: IRON BIRD|Encore\n|upkeep\n|turn|14\n|\n|t:|1682264750\n|-terastallize|p2b: IRON MUGULIS|Electric\n|move|p2a: IRON BIRD|Protect|p2a: IRON BIRD\n|-singleturn|p2a: IRON BIRD|Protect\n|move|p1a: Scream Tail|Encore|p2a: IRON BIRD\n|-activate|p2a: IRON BIRD|move: Protect\n|move|p2b: IRON MUGULIS|Thunderbolt|p1a: Scream Tail\n|-damage|p1a: Scream Tail|61\/100\n|-damage|p2b: IRON MUGULIS|91\/100|[from] item: Life Orb\n|move|p1b: Ting-Lu|Ruination|p2b: IRON MUGULIS\n|-damage|p2b: IRON MUGULIS|46\/100\n|\n|upkeep\n|turn|15\n|\n|t:|1682264774\n|move|p1a: Scream Tail|Encore|p2a: IRON BIRD\n|-start|p2a: IRON BIRD|Encore\n|move|p2b: IRON MUGULIS|Thunderbolt|p1a: Scream Tail\n|-damage|p1a: Scream Tail|20\/100\n|-damage|p2b: IRON MUGULIS|36\/100|[from] item: Life Orb\n|move|p2a: IRON BIRD|Protect||[still]\n|-fail|p2a: IRON BIRD\n|move|p1b: Ting-Lu|Heavy Slam|p2a: IRON BIRD\n|-resisted|p2a: IRON BIRD\n|-damage|p2a: IRON BIRD|5\/100\n|\n|upkeep\n|turn|16\n|\n|t:|1682264791\n|-end|p1a: Scream Tail|Protosynthesis|[silent]\n|switch|p1a: Amoonguss|Amoonguss, L50, M, shiny|100\/100\n|move|p2a: IRON BIRD|Protect|p2a: IRON BIRD\n|-singleturn|p2a: IRON BIRD|Protect\n|move|p2b: IRON MUGULIS|Thunderbolt|p1a: Amoonguss\n|-resisted|p1a: Amoonguss\n|-damage|p1a: Amoonguss|79\/100\n|-damage|p2b: IRON MUGULIS|27\/100|[from] item: Life Orb\n|move|p1b: Ting-Lu|Heavy Slam|p2a: IRON BIRD\n|-activate|p2a: IRON BIRD|move: Protect\n|\n|-fieldend|Misty Terrain\n|upkeep\n|turn|17\n|\n|t:|1682264824\n|switch|p1b: Scream Tail|Scream Tail, L50|20\/100\n|move|p2a: IRON BIRD|Protect||[still]\n|-fail|p2a: IRON BIRD\n|move|p2b: IRON MUGULIS|Leaf Storm|p1b: Scream Tail\n|-damage|p1b: Scream Tail|0 fnt\n|-unboost|p2b: IRON MUGULIS|spa|2\n|faint|p1b: Scream Tail\n|-end|p1b: Scream Tail|Protosynthesis|[silent]\n|-damage|p2b: IRON MUGULIS|17\/100|[from] item: Life Orb\n|move|p1a: Amoonguss|Pollen Puff|p2a: IRON BIRD\n|-resisted|p2a: IRON BIRD\n|-damage|p2a: IRON BIRD|0 fnt\n|faint|p2a: IRON BIRD\n|\n|upkeep\n|l| Breloom3912\n|\n|t:|1682264856\n|switch|p1b: Ting-Lu|Ting-Lu, L50|100\/100\n|switch|p2a: good boi|Arcanine, L50, M|100\/100\n|-ability|p2a: good boi|Intimidate|boost\n|-unboost|p1a: Amoonguss|atk|1\n|-unboost|p1b: Ting-Lu|atk|1\n|-ability|p1b: Ting-Lu|Vessel of Ruin\n|turn|18\n|inactive|Battle timer is ON: inactive players will automatically lose when time's up. (requested by sadgirl23)\n|j| Breloom3912\n|inactive|sadgirl23 has 60 seconds left.\n|\n|t:|1682264901\n|switch|p2b: GROHAHSHSHSH|Gastrodon, L50, F|63\/100\n|move|p2a: good boi|Close Combat|p1b: Ting-Lu\n|-supereffective|p1b: Ting-Lu\n|-damage|p1b: Ting-Lu|57\/100\n|-unboost|p2a: good boi|def|1\n|-unboost|p2a: good boi|spd|1\n|move|p1b: Ting-Lu|Ruination|p2a: good boi\n|-damage|p2a: good boi|50\/100\n|move|p1a: Amoonguss|Spore|p2b: GROHAHSHSHSH\n|-status|p2b: GROHAHSHSHSH|slp|[from] move: Spore\n|\n|-heal|p2b: GROHAHSHSHSH|69\/100 slp|[from] item: Leftovers\n|upkeep\n|turn|19\n|inactive|sadgirl23 has 30 seconds left.\n|\n|t:|1682264928\n|move|p2a: good boi|Flare Blitz|p1b: Ting-Lu\n|-damage|p1b: Ting-Lu|23\/100\n|-damage|p2a: good boi|34\/100|[from] Recoil\n|move|p1b: Ting-Lu|Ruination|p2b: GROHAHSHSHSH|[miss]\n|-miss|p1b: Ting-Lu|p2b: GROHAHSHSHSH\n|cant|p2b: GROHAHSHSHSH|slp\n|move|p1a: Amoonguss|Spore|p2a: good boi\n|-status|p2a: good boi|slp|[from] move: Spore\n|\n|-heal|p2b: GROHAHSHSHSH|75\/100 slp|[from] item: Leftovers\n|upkeep\n|turn|20\n|\n|t:|1682264941\n|cant|p2a: good boi|slp\n|move|p1b: Ting-Lu|Earthquake|p2b: GROHAHSHSHSH|[spread] p1a,p2a,p2b\n|-supereffective|p2a: good boi\n|-crit|p2b: GROHAHSHSHSH\n|-damage|p1a: Amoonguss|54\/100\n|-damage|p2a: good boi|0 fnt\n|-damage|p2b: GROHAHSHSHSH|22\/100 slp\n|faint|p2a: good boi\n|cant|p2b: GROHAHSHSHSH|slp\n|move|p1a: Amoonguss|Pollen Puff|p1b: Ting-Lu\n|-heal|p1b: Ting-Lu|73\/100\n|\n|-heal|p2b: GROHAHSHSHSH|28\/100 slp|[from] item: Leftovers\n|upkeep\n|\n|t:|1682264952\n|switch|p2a: IRON MUGULIS|Rotom-Mow, L50, tera:Electric|17\/100\n|turn|21\n|\n|t:|1682264971\n|move|p2a: IRON MUGULIS|Will-O-Wisp|p1b: Ting-Lu\n|-status|p1b: Ting-Lu|brn\n|move|p1b: Ting-Lu|Stomping Tantrum|p2b: GROHAHSHSHSH\n|-damage|p2b: GROHAHSHSHSH|14\/100 slp\n|cant|p2b: GROHAHSHSHSH|slp\n|move|p1a: Amoonguss|Spore|p2a: IRON MUGULIS\n|-status|p2a: IRON MUGULIS|slp|[from] move: Spore\n|\n|-heal|p2b: GROHAHSHSHSH|20\/100 slp|[from] item: Leftovers\n|-damage|p1b: Ting-Lu|67\/100 brn|[from] brn\n|upkeep\n|turn|22\n|\n|t:|1682264996\n|cant|p2a: IRON MUGULIS|slp\n|move|p1b: Ting-Lu|Heavy Slam|p2a: IRON MUGULIS\n|-resisted|p2a: IRON MUGULIS\n|-damage|p2a: IRON MUGULIS|11\/100 slp\n|-curestatus|p2b: GROHAHSHSHSH|slp|[msg]\n|move|p2b: GROHAHSHSHSH|Ice Beam|p1a: Amoonguss\n|-supereffective|p1a: Amoonguss\n|-damage|p1a: Amoonguss|24\/100\n|move|p1a: Amoonguss|Pollen Puff|p2a: IRON MUGULIS\n|-damage|p2a: IRON MUGULIS|0 fnt\n|faint|p2a: IRON MUGULIS\n|\n|-heal|p2b: GROHAHSHSHSH|27\/100|[from] item: Leftovers\n|-damage|p1b: Ting-Lu|60\/100 brn|[from] brn\n|upkeep\n|turn|23\n|-message|esotilin123456 forfeited.\n|\n|win|sadgirl23\n|n|\u2606sadgirl23|sadgirl23\n|n|\u2606esotilin123456|esotilin123456\n|n| Breloom3912|breloom3912\n","uploadtime":1682265019,"views":8,"p1id":"sadgirl23","p2id":"esotilin123456","formatid":"gen9vgc2023regulationc","rating":0,"private":0,"password":""}