{"id":"gen9vgc2023regulationc-1850934167","p1":"MezBar","p2":"MightyMudsdale","format":"[Gen 9] VGC 2023 Regulation C","log":"|j|\u2606MezBar\n|j|\u2606MightyMudsdale\n|t:|1682384042\n|gametype|doubles\n|player|p1|MezBar|lance|1291\n|player|p2|MightyMudsdale|nessa-masters|1287\n|teamsize|p1|6\n|teamsize|p2|6\n|gen|9\n|tier|[Gen 9] VGC 2023 Regulation C\n|rated|\n|rule|Species Clause: Limit one of each Pok\u00e9mon\n|rule|Item Clause: Limit one of each item\n|clearpoke\n|poke|p1|Amoonguss, L50, M|\n|poke|p1|Ting-Lu, L50|\n|poke|p1|Arcanine, L50, F|\n|poke|p1|Chien-Pao, L50|\n|poke|p1|Palafin, L50, M|\n|poke|p1|Dragonite, L50, F|\n|poke|p2|Dudunsparce-*, L50, F|\n|poke|p2|Toedscool, L50, M|\n|poke|p2|Lokix, L50, F|\n|poke|p2|Brambleghast, L50, M|\n|poke|p2|Orthworm, L50, M|\n|poke|p2|Revavroom, L50, F|\n|teampreview|4\n|inactive|Battle timer is ON: inactive players will automatically lose when time's up. (requested by MezBar)\n|c|\u2606MightyMudsdale|gl hf\nMightyMudsdale has agreed to open team sheets.\n|c|\u2606MezBar|u2!\n|\n|t:|1682384070\n|start\n|switch|p1a: Ting-Lu|Ting-Lu, L50|100\/100\n|switch|p1b: Amoonguss|Amoonguss, L50, M|100\/100\n|switch|p2a: Abundunce|Dudunsparce-Three-Segment, L50, F, shiny|100\/100\n|switch|p2b: Shes Tail|Orthworm, L50, M|100\/100\n|-ability|p1a: Ting-Lu|Vessel of Ruin\n|turn|1\n|c|\u2606MezBar|nice team\n|\n|t:|1682384083\n|move|p2a: Abundunce|Tailwind|p2a: Abundunce\n|-sidestart|p2: MightyMudsdale|move: Tailwind\n|move|p2b: Shes Tail|Shed Tail|p2b: Shes Tail\n|-start|p2b: Shes Tail|Substitute|[from] move: Shed Tail\n|-damage|p2b: Shes Tail|50\/100\n|-enditem|p2b: Shes Tail|Sitrus Berry|[eat]\n|-heal|p2b: Shes Tail|75\/100|[from] item: Sitrus Berry\n|c|\u2606MightyMudsdale|thank you its all bullshit XD\n|\n|t:|1682384094\n|switch|p2b: TUMBLR|Brambleghast, L50, M|100\/100|[from] Shed Tail\n|-ability|p2b: TUMBLR|Wind Rider|boost\n|-boost|p2b: TUMBLR|atk|1\n|move|p1a: Ting-Lu|Ruination|p2a: Abundunce\n|-damage|p2a: Abundunce|51\/100\n|move|p1b: Amoonguss|Spore|p2b: TUMBLR\n|-immune|p2b: TUMBLR\n|\n|-heal|p2a: Abundunce|57\/100|[from] item: Leftovers\n|upkeep\n|turn|2\n|\n|t:|1682384113\n|-terastallize|p2b: TUMBLR|Ghost\n|-terastallize|p1a: Ting-Lu|Poison\n|move|p2b: TUMBLR|Bullet Seed|p1a: Ting-Lu\n|-resisted|p1a: Ting-Lu\n|-damage|p1a: Ting-Lu|92\/100\n|-resisted|p1a: Ting-Lu\n|-damage|p1a: Ting-Lu|85\/100\n|-resisted|p1a: Ting-Lu\n|-damage|p1a: Ting-Lu|77\/100\n|-hitcount|p1a: Ting-Lu|3\n|-damage|p2b: TUMBLR|90\/100|[from] item: Life Orb\n|move|p2a: Abundunce|Rock Slide|p1a: Ting-Lu|[spread] p1a,p1b\n|-damage|p1a: Ting-Lu|68\/100\n|-damage|p1b: Amoonguss|89\/100\n|move|p1a: Ting-Lu|Heavy Slam|p2b: TUMBLR\n|-end|p2b: TUMBLR|Substitute\n|cant|p1b: Amoonguss|flinch\n|\n|-heal|p2a: Abundunce|63\/100|[from] item: Leftovers\n|upkeep\n|turn|3\n|\n|t:|1682384134\n|move|p1b: Amoonguss|Rage Powder|p1b: Amoonguss\n|-singleturn|p1b: Amoonguss|move: Rage Powder\n|move|p2b: TUMBLR|Tera Blast|p1b: Amoonguss\n|-damage|p1b: Amoonguss|0 fnt\n|faint|p1b: Amoonguss\n|-damage|p2b: TUMBLR|80\/100|[from] item: Life Orb\n|move|p2a: Abundunce|Rock Slide|p1a: Ting-Lu\n|-damage|p1a: Ting-Lu|56\/100\n|cant|p1a: Ting-Lu|flinch\n|\n|-heal|p2a: Abundunce|69\/100|[from] item: Leftovers\n|upkeep\n|\n|t:|1682384144\n|switch|p1b: Chien-Pao|Chien-Pao, L50|100\/100\n|-ability|p1b: Chien-Pao|Sword of Ruin\n|turn|4\n|\n|t:|1682384164\n|switch|p2b: Shes Tail|Orthworm, L50, M|75\/100\n|move|p1b: Chien-Pao|Sucker Punch||[still]\n|-fail|p1b: Chien-Pao\n|move|p2a: Abundunce|Rock Slide|p1b: Chien-Pao|[spread] p1a,p1b\n|-supereffective|p1b: Chien-Pao\n|-damage|p1a: Ting-Lu|46\/100\n|-damage|p1b: Chien-Pao|66\/100\n|cant|p1a: Ting-Lu|flinch\n|\n|-heal|p2a: Abundunce|74\/100|[from] item: Leftovers\n|-sideend|p2: MightyMudsdale|move: Tailwind\n|upkeep\n|turn|5\n|\n|t:|1682384184\n|move|p1b: Chien-Pao|Sacred Sword|p2a: Abundunce\n|-supereffective|p2a: Abundunce\n|-damage|p2a: Abundunce|6\/100\n|move|p2a: Abundunce|Tailwind|p2a: Abundunce\n|-sidestart|p2: MightyMudsdale|move: Tailwind\n|move|p2b: Shes Tail|Body Press|p1b: Chien-Pao\n|-supereffective|p1b: Chien-Pao\n|-damage|p1b: Chien-Pao|0 fnt\n|faint|p1b: Chien-Pao\n|move|p1a: Ting-Lu|Ruination|p2b: Shes Tail\n|-damage|p2b: Shes Tail|38\/100\n|\n|-heal|p2a: Abundunce|12\/100|[from] item: Leftovers\n|upkeep\n|\n|t:|1682384188\n|switch|p1b: Arcanine|Arcanine, L50, F|100\/100\n|-ability|p1b: Arcanine|Intimidate|boost\n|-unboost|p2a: Abundunce|atk|1\n|-unboost|p2b: Shes Tail|atk|1\n|turn|6\n|\n|t:|1682384213\n|move|p2a: Abundunce|Rock Slide|p1b: Arcanine|[spread] p1a,p1b\n|-supereffective|p1b: Arcanine\n|-damage|p1a: Ting-Lu|40\/100\n|-damage|p1b: Arcanine|80\/100\n|move|p2b: Shes Tail|Iron Head|p1a: Ting-Lu\n|-damage|p1a: Ting-Lu|30\/100\n|cant|p1b: Arcanine|flinch\n|cant|p1a: Ting-Lu|flinch\n|\n|-heal|p2a: Abundunce|18\/100|[from] item: Leftovers\n|upkeep\n|turn|7\n|c|\u2606MezBar|lol\n|\n|t:|1682384230\n|move|p1b: Arcanine|Extreme Speed|p2a: Abundunce\n|-damage|p2a: Abundunce|0 fnt\n|faint|p2a: Abundunce\n|move|p2b: Shes Tail|Iron Head|p1a: Ting-Lu\n|-damage|p1a: Ting-Lu|21\/100\n|cant|p1a: Ting-Lu|flinch\n|\n|upkeep\n|\n|t:|1682384244\n|switch|p2a: TUMBLR|Brambleghast, L50, M, tera:Ghost|80\/100\n|-ability|p2a: TUMBLR|Wind Rider|boost\n|-boost|p2a: TUMBLR|atk|1\n|turn|8\n|\n|t:|1682384254\n|move|p2a: TUMBLR|Tera Blast|p1b: Arcanine\n|-damage|p1b: Arcanine|0 fnt\n|faint|p1b: Arcanine\n|-damage|p2a: TUMBLR|70\/100|[from] item: Life Orb\n|move|p2b: Shes Tail|Iron Head|p1a: Ting-Lu\n|-damage|p1a: Ting-Lu|11\/100\n|cant|p1a: Ting-Lu|flinch\n|\n|-sideend|p2: MightyMudsdale|move: Tailwind\n|upkeep\n|turn|9\n|c|\u2606MezBar|gg ahahhah\n|c|\u2606MightyMudsdale|gg\n|\n|t:|1682384269\n|move|p2a: TUMBLR|Tera Blast|p1a: Ting-Lu\n|-damage|p1a: Ting-Lu|0 fnt\n|faint|p1a: Ting-Lu\n|-damage|p2a: TUMBLR|60\/100|[from] item: Life Orb\n|\n|win|MightyMudsdale\n|raw|MezBar's rating: 1291 → 1266<\/strong> (-25 for losing)\n|raw|MightyMudsdale's rating: 1287 → 1312<\/strong> (+25 for winning)\n|l|\u2606MezBar\n","uploadtime":1682384278,"views":14,"p1id":"mezbar","p2id":"mightymudsdale","formatid":"gen9vgc2023regulationc","rating":1266,"private":0,"password":""}