{"id":"gen9vgc2023regulationc-1851687532","p1":"Notvibin","p2":"cowboy boot killer","format":"[Gen 9] VGC 2023 Regulation C","log":"|j|\u2606Notvibin\n|j|\u2606cowboy boot killer\n|t:|1682470024\n|gametype|doubles\n|player|p1|Notvibin|theroyal|1117\n|player|p2|cowboy boot killer|265|1095\n|teamsize|p1|6\n|teamsize|p2|6\n|gen|9\n|tier|[Gen 9] VGC 2023 Regulation C\n|rated|\n|rule|Species Clause: Limit one of each Pok\u00e9mon\n|rule|Item Clause: Limit one of each item\n|clearpoke\n|poke|p1|Flutter Mane, L50|\n|poke|p1|Chi-Yu, L50|\n|poke|p1|Amoonguss, L50, F|\n|poke|p1|Ting-Lu, L50|\n|poke|p1|Palafin, L50, M|\n|poke|p1|Chien-Pao, L50|\n|poke|p2|Espathra, L50, M|\n|poke|p2|Toedscruel, L50, F|\n|poke|p2|Forretress, L50, M|\n|poke|p2|Salamence, L50, F|\n|poke|p2|Rotom-Mow, L50|\n|poke|p2|Ting-Lu, L50|\n|teampreview|4\n|inactive|Battle timer is ON: inactive players will automatically lose when time's up. (requested by Notvibin)\n|inactive|cowboy boot killer has 60 seconds left.\n|\n|t:|1682470059\n|start\n|switch|p1a: Flutter Mane|Flutter Mane, L50|100\/100\n|switch|p1b: Chi-Yu|Chi-Yu, L50|100\/100\n|switch|p2a: Espathra|Espathra, L50, M|100\/100\n|switch|p2b: Toedscruel|Toedscruel, L50, F|100\/100\n|-ability|p1b: Chi-Yu|Beads of Ruin\n|turn|1\n|inactive|Notvibin has 30 seconds left.\n|\n|t:|1682470085\n|-terastallize|p2b: Toedscruel|Water\n|move|p2a: Espathra|Protect|p2a: Espathra\n|-singleturn|p2a: Espathra|Protect\n|move|p1b: Chi-Yu|Heat Wave|p2a: Espathra|[spread] p2b\n|-activate|p2a: Espathra|move: Protect\n|-resisted|p2b: Toedscruel\n|-damage|p2b: Toedscruel|80\/100\n|move|p1a: Flutter Mane|Dazzling Gleam|p2b: Toedscruel|[spread] p2b\n|-activate|p2a: Espathra|move: Protect\n|-crit|p2b: Toedscruel\n|-damage|p2b: Toedscruel|1\/100\n|-enditem|p2b: Toedscruel|Iapapa Berry|[eat]\n|-heal|p2b: Toedscruel|34\/100|[from] item: Iapapa Berry\n|move|p2b: Toedscruel|Spore|p1a: Flutter Mane\n|-status|p1a: Flutter Mane|slp|[from] move: Spore\n|\n|-ability|p2a: Espathra|Speed Boost|boost\n|-boost|p2a: Espathra|spe|1\n|upkeep\n|turn|2\n|inactive|cowboy boot killer has 30 seconds left.\n|\n|t:|1682470120\n|switch|p1b: Chien-Pao|Chien-Pao, L50|100\/100\n|-ability|p1b: Chien-Pao|Sword of Ruin\n|-end|p1a: Flutter Mane|Protosynthesis|[silent]\n|switch|p1a: Palafin|Palafin, L50, M|100\/100\n|move|p2a: Espathra|Skill Swap|p2b: Toedscruel\n|-activate|p2a: Espathra|move: Skill Swap|||[of] p2b: Toedscruel\n|move|p2b: Toedscruel|Earth Power|p1b: Chien-Pao\n|-damage|p1b: Chien-Pao|60\/100\n|\n|-ability|p2b: Toedscruel|Speed Boost|boost\n|-boost|p2b: Toedscruel|spe|1\n|upkeep\n|turn|3\n|inactive|Notvibin has 30 seconds left.\n|\n|t:|1682470155\n|detailschange|p1a: Palafin|Palafin-Hero, L50, M\n|switch|p1a: Flutter Mane|Flutter Mane, L50|100\/100 slp\n|move|p2b: Toedscruel|Protect|p2b: Toedscruel\n|-singleturn|p2b: Toedscruel|Protect\n|move|p1b: Chien-Pao|Sucker Punch|p2a: Espathra\n|-supereffective|p2a: Espathra\n|-enditem|p2a: Espathra|Focus Sash\n|-damage|p2a: Espathra|1\/100\n|move|p2a: Espathra|Dazzling Gleam|p1a: Flutter Mane|[spread] p1a,p1b\n|-supereffective|p1b: Chien-Pao\n|-damage|p1a: Flutter Mane|78\/100 slp\n|-damage|p1b: Chien-Pao|0 fnt\n|faint|p1b: Chien-Pao\n|\n|-ability|p2b: Toedscruel|Speed Boost|boost\n|-boost|p2b: Toedscruel|spe|1\n|upkeep\n|\n|t:|1682470168\n|switch|p1b: Palafin|Palafin-Hero, L50, M|100\/100\n|-activate|p1b: Palafin|ability: Zero to Hero\n|turn|4\n|\n|t:|1682470179\n|move|p1b: Palafin|Protect|p1b: Palafin\n|-singleturn|p1b: Palafin|Protect\n|move|p2b: Toedscruel|Spore|p1b: Palafin\n|-activate|p1b: Palafin|move: Protect\n|move|p2a: Espathra|Lumina Crash|p1b: Palafin\n|-activate|p1b: Palafin|move: Protect\n|cant|p1a: Flutter Mane|slp\n|\n|-ability|p2b: Toedscruel|Speed Boost|boost\n|-boost|p2b: Toedscruel|spe|1\n|upkeep\n|turn|5\n|inactive|Notvibin has 30 seconds left.\n|\n|t:|1682470204\n|-end|p1a: Flutter Mane|Protosynthesis|[silent]\n|switch|p1a: Chi-Yu|Chi-Yu, L50|100\/100\n|-ability|p1a: Chi-Yu|Beads of Ruin\n|move|p1b: Palafin|Protect||[still]\n|-fail|p1b: Palafin\n|move|p2b: Toedscruel|Spore|p1b: Palafin\n|-status|p1b: Palafin|slp|[from] move: Spore\n|move|p2a: Espathra|Lumina Crash|p1a: Chi-Yu\n|-immune|p1a: Chi-Yu\n|\n|-ability|p2b: Toedscruel|Speed Boost|boost\n|-boost|p2b: Toedscruel|spe|1\n|upkeep\n|turn|6\n|inactive|Notvibin has 30 seconds left.\n|inactive|Notvibin has 20 seconds left.\n|\n|t:|1682470242\n|cant|p1b: Palafin|slp\n|move|p2b: Toedscruel|Spore|p1a: Chi-Yu\n|-status|p1a: Chi-Yu|slp|[from] move: Spore\n|cant|p1a: Chi-Yu|slp\n|move|p2a: Espathra|Lumina Crash|p1b: Palafin\n|-damage|p1b: Palafin|46\/100 slp\n|-unboost|p1b: Palafin|spd|2\n|\n|-ability|p2b: Toedscruel|Speed Boost|boost\n|-boost|p2b: Toedscruel|spe|1\n|upkeep\n|turn|7\n|\n|t:|1682470263\n|switch|p1b: Flutter Mane|Flutter Mane, L50|78\/100 slp\n|move|p2b: Toedscruel|Protect|p2b: Toedscruel\n|-singleturn|p2b: Toedscruel|Protect\n|-curestatus|p1a: Chi-Yu|slp|[msg]\n|move|p1a: Chi-Yu|Heat Wave|p2a: Espathra|[spread] \n|-activate|p2b: Toedscruel|move: Protect\n|-miss|p1a: Chi-Yu|p2a: Espathra\n|move|p2a: Espathra|Dazzling Gleam|p1b: Flutter Mane|[spread] p1a,p1b\n|-damage|p1a: Chi-Yu|78\/100\n|-damage|p1b: Flutter Mane|49\/100 slp\n|\n|-ability|p2b: Toedscruel|Speed Boost|boost\n|-boost|p2b: Toedscruel|spe|1\n|upkeep\n|turn|8\n|\n|t:|1682470286\n|move|p2b: Toedscruel|Spore|p1a: Chi-Yu\n|-status|p1a: Chi-Yu|slp|[from] move: Spore\n|cant|p1a: Chi-Yu|slp\n|move|p2a: Espathra|Dazzling Gleam|p1b: Flutter Mane|[spread] p1a,p1b\n|-damage|p1a: Chi-Yu|53\/100 slp\n|-damage|p1b: Flutter Mane|24\/100 slp\n|-curestatus|p1b: Flutter Mane|slp|[msg]\n|move|p1b: Flutter Mane|Moonblast|p2b: Toedscruel\n|-damage|p2b: Toedscruel|0 fnt\n|faint|p2b: Toedscruel\n|\n|upkeep\n|inactive|cowboy boot killer has 30 seconds left.\n|\n|t:|1682470314\n|switch|p2b: Forretress|Forretress, L50, M|100\/100\n|turn|9\n|\n|t:|1682470327\n|switch|p1a: Palafin|Palafin-Hero, L50, M|46\/100 slp\n|move|p2a: Espathra|Dazzling Gleam|p1a: Palafin|[spread] p1a,p1b\n|-damage|p1a: Palafin|28\/100 slp\n|-damage|p1b: Flutter Mane|4\/100\n|move|p1b: Flutter Mane|Moonblast|p2a: Espathra\n|-damage|p2a: Espathra|0 fnt\n|faint|p2a: Espathra\n|move|p2b: Forretress|Pin Missile|p1a: Palafin\n|-damage|p1a: Palafin|19\/100 slp\n|-damage|p1a: Palafin|11\/100 slp\n|-damage|p1a: Palafin|3\/100 slp\n|-damage|p1a: Palafin|0 fnt\n|faint|p1a: Palafin\n|-hitcount|p1: Palafin|4\n|\n|upkeep\n|\n|t:|1682470344\n|switch|p2a: Rotom|Rotom-Mow, L50|100\/100\n|switch|p1a: Chi-Yu|Chi-Yu, L50|53\/100 slp\n|-ability|p1a: Chi-Yu|Beads of Ruin\n|turn|10\n|\n|t:|1682470352\n|move|p2b: Forretress|Protect|p2b: Forretress\n|-singleturn|p2b: Forretress|Protect\n|cant|p1a: Chi-Yu|slp\n|move|p1b: Flutter Mane|Moonblast|p2a: Rotom\n|-damage|p2a: Rotom|0 fnt\n|faint|p2a: Rotom\n|\n|upkeep\n|turn|11\n|\n|t:|1682470368\n|cant|p1a: Chi-Yu|slp\n|move|p1b: Flutter Mane|Moonblast|p2b: Forretress\n|-resisted|p2b: Forretress\n|-damage|p2b: Forretress|52\/100\n|-unboost|p2b: Forretress|spa|1\n|move|p2b: Forretress|Body Press|p1a: Chi-Yu\n|-supereffective|p1a: Chi-Yu\n|-damage|p1a: Chi-Yu|0 fnt\n|faint|p1a: Chi-Yu\n|\n|upkeep\n|turn|12\n|\n|t:|1682470380\n|move|p1b: Flutter Mane|Moonblast|p2b: Forretress\n|-resisted|p2b: Forretress\n|-damage|p2b: Forretress|15\/100\n|move|p2b: Forretress|Pin Missile|p1b: Flutter Mane\n|-resisted|p1b: Flutter Mane\n|-damage|p1b: Flutter Mane|0 fnt\n|faint|p1b: Flutter Mane\n|-end|p1b: Flutter Mane|Protosynthesis|[silent]\n|-hitcount|p1: Flutter Mane|1\n|\n|win|cowboy boot killer\n|raw|Notvibin's rating: 1117 → 1090<\/strong> (-27 for losing)\n|raw|cowboy boot killer's rating: 1095 → 1122<\/strong> (+27 for winning)\n|c|\u2606cowboy boot killer|gg\n|l|\u2606Notvibin\n","uploadtime":1682470392,"views":17,"p1id":"notvibin","p2id":"cowboybootkiller","formatid":"gen9vgc2023regulationc","rating":1090,"private":0,"password":""}