{"id":"gen9vgc2023regulationc-1859057121","p1":"AndrwApple","p2":"HazeOneTrick","format":"[Gen 9] VGC 2023 Regulation C","log":"|j|\u2606AndrwApple\n|j|\u2606HazeOneTrick\n|t:|1683399381\n|gametype|doubles\n|player|p1|AndrwApple|calem-masters|\n|player|p2|HazeOneTrick|acetrainer-gen6xy|\n|teamsize|p1|6\n|teamsize|p2|6\n|gen|9\n|tier|[Gen 9] VGC 2023 Regulation C\n|rule|Species Clause: Limit one of each Pok\u00e9mon\n|rule|Item Clause: Limit one of each item\n|clearpoke\n|poke|p1|Arcanine, L50, M|\n|poke|p1|Amoonguss, L50, F|\n|poke|p1|Garganacl, L50, M|\n|poke|p1|Palafin, L50, F|\n|poke|p1|Chien-Pao, L50|\n|poke|p1|Dragonite, L50, M|\n|poke|p2|Gyarados, L50, M|\n|poke|p2|Flutter Mane, L50|\n|poke|p2|Amoonguss, L50, M|\n|poke|p2|Bronzong, L50|\n|poke|p2|Chi-Yu, L50|\n|poke|p2|Iron Hands, L50|\n|teampreview|4\nHazeOneTrick has agreed to open team sheets.\n|c|\u2606AndrwApple|Gl\nAndrwApple has agreed to open team sheets.\n|\n|t:|1683399407\n|start\n|switch|p1a: Menzart|Dragonite, L50, M|100\/100\n|switch|p1b: Arcanine|Arcanine, L50, M|100\/100\n|switch|p2a: Flutter Mane|Flutter Mane, L50|100\/100\n|switch|p2b: Iron Hands|Iron Hands, L50|100\/100\n|-ability|p1b: Arcanine|Intimidate|boost\n|-unboost|p2a: Flutter Mane|atk|1\n|-unboost|p2b: Iron Hands|atk|1\n|turn|1\n|\n|t:|1683399428\n|-terastallize|p1a: Menzart|Flying\n|move|p2b: Iron Hands|Fake Out|p1a: Menzart\n|-damage|p1a: Menzart|95\/100\n|move|p2a: Flutter Mane|Moonblast|p1a: Menzart\n|-damage|p1a: Menzart|48\/100\n|move|p1b: Arcanine|Will-O-Wisp|p2b: Iron Hands\n|-status|p2b: Iron Hands|brn\n|cant|p1a: Menzart|flinch\n|\n|-damage|p2b: Iron Hands|94\/100 brn|[from] brn\n|upkeep\n|turn|2\n|\n|t:|1683399470\n|-end|p2b: Iron Hands|Quark Drive|[silent]\n|switch|p2b: Gyarados|Gyarados, L50, M|100\/100\n|-ability|p2b: Gyarados|Intimidate|boost\n|-unboost|p1a: Menzart|atk|1\n|-unboost|p1b: Arcanine|atk|1\n|move|p2a: Flutter Mane|Moonblast|p1a: Menzart\n|-damage|p1a: Menzart|6\/100\n|move|p1b: Arcanine|Will-O-Wisp|p2a: Flutter Mane\n|-status|p2a: Flutter Mane|brn\n|move|p1a: Menzart|Tera Blast|p2a: Flutter Mane\n|-damage|p2a: Flutter Mane|23\/100 brn\n|\n|-damage|p2a: Flutter Mane|17\/100 brn|[from] brn\n|upkeep\n|turn|3\n|j| KaesyGard\n|\n|t:|1683399528\n|move|p1b: Arcanine|Extreme Speed|p2b: Gyarados\n|-damage|p2b: Gyarados|83\/100\n|move|p1a: Menzart|Extreme Speed|p2b: Gyarados\n|-damage|p2b: Gyarados|60\/100\n|move|p2a: Flutter Mane|Moonblast|p1a: Menzart\n|-damage|p1a: Menzart|0 fnt\n|faint|p1a: Menzart\n|move|p2b: Gyarados|Taunt|p1b: Arcanine\n|-start|p1b: Arcanine|move: Taunt\n|\n|-damage|p2a: Flutter Mane|10\/100 brn|[from] brn\n|upkeep\n|\n|t:|1683399531\n|switch|p1a: Chien-Pao|Chien-Pao, L50|100\/100\n|-ability|p1a: Chien-Pao|Sword of Ruin\n|turn|4\n|\n|t:|1683399581\n|-end|p2a: Flutter Mane|Protosynthesis|[silent]\n|switch|p2a: Iron Hands|Iron Hands, L50|94\/100 brn\n|move|p1b: Arcanine|Extreme Speed|p2b: Gyarados\n|-damage|p2b: Gyarados|39\/100\n|move|p1a: Chien-Pao|Throat Chop|p2b: Gyarados\n|-damage|p2b: Gyarados|0 fnt\n|faint|p2b: Gyarados\n|\n|-damage|p2a: Iron Hands|88\/100 brn|[from] brn\n|upkeep\n|\n|t:|1683399592\n|switch|p2b: Amoonguss|Amoonguss, L50, M|100\/100\n|turn|5\n|\n|t:|1683399610\n|switch|p1b: Garganacl|Garganacl, L50, M|100\/100\n|-end|p2a: Iron Hands|Quark Drive|[silent]\n|switch|p2a: Flutter Mane|Flutter Mane, L50|10\/100 brn\n|-terastallize|p2b: Amoonguss|Water\n|move|p1a: Chien-Pao|Protect|p1a: Chien-Pao\n|-singleturn|p1a: Chien-Pao|Protect\n|move|p2b: Amoonguss|Pollen Puff|p2a: Flutter Mane\n|-heal|p2a: Flutter Mane|60\/100 brn\n|\n|-damage|p2a: Flutter Mane|54\/100 brn|[from] brn\n|upkeep\n|turn|6\n|\n|t:|1683399657\n|-end|p2a: Flutter Mane|Protosynthesis|[silent]\n|switch|p2a: Iron Hands|Iron Hands, L50|88\/100 brn\n|move|p1a: Chien-Pao|Throat Chop|p2a: Iron Hands\n|-resisted|p2a: Iron Hands\n|-damage|p2a: Iron Hands|68\/100 brn\n|-start|p2a: Iron Hands|Throat Chop|[silent]\n|move|p1b: Garganacl|Salt Cure|p2b: Amoonguss\n|-damage|p2b: Amoonguss|87\/100\n|-start|p2b: Amoonguss|Salt Cure\n|move|p2b: Amoonguss|Pollen Puff|p1a: Chien-Pao\n|-supereffective|p1a: Chien-Pao\n|-damage|p1a: Chien-Pao|42\/100\n|\n|-damage|p2a: Iron Hands|62\/100 brn|[from] brn\n|-damage|p2b: Amoonguss|62\/100|[from] Salt Cure\n|upkeep\n|turn|7\n|\n|t:|1683399691\n|switch|p1a: Arcanine|Arcanine, L50, M|100\/100\n|-ability|p1a: Arcanine|Intimidate|boost\n|-unboost|p2a: Iron Hands|atk|1\n|-unboost|p2b: Amoonguss|atk|1\n|-end|p2a: Iron Hands|Quark Drive|[silent]\n|switch|p2a: Flutter Mane|Flutter Mane, L50|54\/100 brn\n|move|p1b: Garganacl|Salt Cure|p2b: Amoonguss\n|-damage|p2b: Amoonguss|50\/100\n|-enditem|p2b: Amoonguss|Sitrus Berry|[eat]\n|-heal|p2b: Amoonguss|74\/100|[from] item: Sitrus Berry\n|move|p2b: Amoonguss|Pollen Puff|p2a: Flutter Mane\n|-heal|p2a: Flutter Mane|100\/100 brn\n|\n|-damage|p2a: Flutter Mane|94\/100 brn|[from] brn\n|-damage|p2b: Amoonguss|50\/100|[from] Salt Cure\n|upkeep\n|turn|8\n|\n|t:|1683399759\n|move|p1b: Garganacl|Helping Hand|p1a: Arcanine\n|-singleturn|p1a: Arcanine|Helping Hand|[of] p1b: Garganacl\n|move|p2a: Flutter Mane|Shadow Ball|p1a: Arcanine\n|-damage|p1a: Arcanine|35\/100\n|-unboost|p1a: Arcanine|spd|1\n|move|p1a: Arcanine|Flare Blitz|p2a: Flutter Mane\n|-damage|p2a: Flutter Mane|0 fnt\n|faint|p2a: Flutter Mane\n|-end|p2a: Flutter Mane|Protosynthesis|[silent]\n|-damage|p1a: Arcanine|14\/100|[from] Recoil\n|move|p2b: Amoonguss|Pollen Puff|p1a: Arcanine\n|-resisted|p1a: Arcanine\n|-damage|p1a: Arcanine|0 fnt\n|faint|p1a: Arcanine\n|\n|-damage|p2b: Amoonguss|25\/100|[from] Salt Cure\n|upkeep\n|j| Lelandvgc\n|\n|t:|1683399774\n|switch|p2a: Iron Hands|Iron Hands, L50|62\/100 brn\n|switch|p1a: Chien-Pao|Chien-Pao, L50|42\/100\n|-ability|p1a: Chien-Pao|Sword of Ruin\n|turn|9\n|\n|t:|1683399792\n|move|p1a: Chien-Pao|Protect|p1a: Chien-Pao\n|-singleturn|p1a: Chien-Pao|Protect\n|move|p1b: Garganacl|Protect|p1b: Garganacl\n|-singleturn|p1b: Garganacl|Protect\n|move|p2a: Iron Hands|Fake Out|p1a: Chien-Pao\n|-activate|p1a: Chien-Pao|move: Protect\n|move|p2b: Amoonguss|Pollen Puff|p2a: Iron Hands\n|-heal|p2a: Iron Hands|100\/100 brn\n|\n|-damage|p2a: Iron Hands|94\/100 brn|[from] brn\n|-damage|p2b: Amoonguss|0 fnt|[from] Salt Cure\n|faint|p2b: Amoonguss\n|upkeep\n|turn|10\n|\n|t:|1683399802\n|move|p1b: Garganacl|Helping Hand|p1a: Chien-Pao\n|-singleturn|p1a: Chien-Pao|Helping Hand|[of] p1b: Garganacl\n|move|p1a: Chien-Pao|Ice Spinner|p2a: Iron Hands\n|-damage|p2a: Iron Hands|40\/100 brn\n|move|p2a: Iron Hands|Drain Punch|p1a: Chien-Pao\n|-supereffective|p1a: Chien-Pao\n|-damage|p1a: Chien-Pao|0 fnt\n|-heal|p2a: Iron Hands|55\/100 brn|[from] drain|[of] p1a: Chien-Pao\n|faint|p1a: Chien-Pao\n|\n|-damage|p2a: Iron Hands|49\/100 brn|[from] brn\n|upkeep\n|turn|11\n|c|\u2606HazeOneTrick|gg :(\n|\n|t:|1683399816\n|move|p2a: Iron Hands|Drain Punch|p1b: Garganacl\n|-supereffective|p1b: Garganacl\n|-damage|p1b: Garganacl|72\/100\n|-heal|p2a: Iron Hands|61\/100 brn|[from] drain|[of] p1b: Garganacl\n|move|p1b: Garganacl|Salt Cure|p2a: Iron Hands\n|-resisted|p2a: Iron Hands\n|-damage|p2a: Iron Hands|56\/100 brn\n|-start|p2a: Iron Hands|Salt Cure\n|\n|-damage|p2a: Iron Hands|50\/100 brn|[from] brn\n|-damage|p2a: Iron Hands|38\/100 brn|[from] Salt Cure\n|upkeep\n|turn|12\n|c|\u2606AndrwApple|ggs\n|-message|HazeOneTrick forfeited.\n|\n|win|AndrwApple\n|l|\u2606AndrwApple\n|j|\u2606AndrwApple\n|player|p1|AndrwApple|calem-masters\n|l|\u2606AndrwApple\n|player|p1|\n|l| KaesyGard\n|j| KaesyGard\n|l| KaesyGard\n|l| Lelandvgc\n","uploadtime":1683399836,"views":15,"p1id":"andrwapple","p2id":"hazeonetrick","formatid":"gen9vgc2023regulationc","rating":0,"private":0,"password":""}