{"id":"gen9vgc2023regulationc-1862493830","p1":"toucansoup","p2":"TapinaldoVGC","format":"[Gen 9] VGC 2023 Regulation C","log":"|j|\u2606toucansoup\n|j|\u2606TapinaldoVGC\n|t:|1683894010\n|gametype|doubles\n|player|p1|toucansoup|102|1676\n|player|p2|TapinaldoVGC|266|1642\n|teamsize|p1|6\n|teamsize|p2|6\n|gen|9\n|tier|[Gen 9] VGC 2023 Regulation C\n|rated|\n|rule|Species Clause: Limit one of each Pok\u00e9mon\n|rule|Item Clause: Limit one of each item\n|clearpoke\n|poke|p1|Chi-Yu, L50|\n|poke|p1|Iron Bundle, L50|\n|poke|p1|Scizor, L50, F|\n|poke|p1|Rotom-Wash, L50|\n|poke|p1|Chien-Pao, L50|\n|poke|p1|Hatterene, L50, F|\n|poke|p2|Gyarados, L50, M|\n|poke|p2|Flutter Mane, L50|\n|poke|p2|Chi-Yu, L50|\n|poke|p2|Amoonguss, L50, M|\n|poke|p2|Iron Hands, L50|\n|poke|p2|Iron Bundle, L50|\n|teampreview|4\nTapinaldoVGC has agreed to open team sheets.\ntoucansoup has agreed to open team sheets.\n|\n|t:|1683894046\n|start\n|switch|p1a: Rotom|Rotom-Wash, L50|100\/100\n|switch|p1b: Chien-Pao|Chien-Pao, L50|100\/100\n|switch|p2a: Iron Hands|Iron Hands, L50|100\/100\n|switch|p2b: Flutter Mane|Flutter Mane, L50|100\/100\n|-ability|p1b: Chien-Pao|Sword of Ruin\n|-enditem|p2b: Flutter Mane|Booster Energy\n|-activate|p2b: Flutter Mane|ability: Protosynthesis|[fromitem]\n|-start|p2b: Flutter Mane|protosynthesisspa\n|turn|1\n|j| merah merona\n|\n|t:|1683894081\n|-terastallize|p1b: Chien-Pao|Ghost\n|move|p2a: Iron Hands|Fake Out|p1a: Rotom\n|-damage|p1a: Rotom|77\/100\n|move|p1b: Chien-Pao|Ice Spinner|p2b: Flutter Mane\n|-damage|p2b: Flutter Mane|0 fnt\n|faint|p2b: Flutter Mane\n|-end|p2b: Flutter Mane|Protosynthesis|[silent]\n|-damage|p1b: Chien-Pao|91\/100|[from] item: Life Orb\n|cant|p1a: Rotom|flinch\n|\n|upkeep\n|\n|t:|1683894092\n|switch|p2b: Iron Bundle|Iron Bundle, L50|100\/100\n|turn|2\n|j| Kinechii\n|\n|t:|1683894116\n|-end|p2a: Iron Hands|Quark Drive|[silent]\n|switch|p2a: Chi-Yu|Chi-Yu, L50|100\/100\n|-ability|p2a: Chi-Yu|Beads of Ruin\n|move|p2b: Iron Bundle|Freeze-Dry|p1a: Rotom\n|-supereffective|p1a: Rotom\n|-damage|p1a: Rotom|0 fnt\n|faint|p1a: Rotom\n|move|p1b: Chien-Pao|Ice Spinner|p2a: Chi-Yu\n|-resisted|p2a: Chi-Yu\n|-crit|p2a: Chi-Yu\n|-damage|p2a: Chi-Yu|39\/100\n|-damage|p1b: Chien-Pao|81\/100|[from] item: Life Orb\n|\n|-heal|p2a: Chi-Yu|45\/100|[from] item: Leftovers\n|upkeep\n|\n|t:|1683894124\n|switch|p1a: Iron Bundle|Iron Bundle, L50|100\/100\n|-enditem|p1a: Iron Bundle|Booster Energy\n|-activate|p1a: Iron Bundle|ability: Quark Drive|[fromitem]\n|-start|p1a: Iron Bundle|quarkdrivespe\n|turn|3\n|\n|t:|1683894144\n|-end|p2b: Iron Bundle|Quark Drive|[silent]\n|switch|p2b: Iron Hands|Iron Hands, L50|100\/100\n|move|p2a: Chi-Yu|Protect|p2a: Chi-Yu\n|-singleturn|p2a: Chi-Yu|Protect\n|move|p1a: Iron Bundle|Hydro Pump|p2a: Chi-Yu\n|-activate|p2a: Chi-Yu|move: Protect\n|move|p1b: Chien-Pao|Sacred Sword|p2b: Iron Hands\n|-damage|p2b: Iron Hands|66\/100\n|-damage|p1b: Chien-Pao|71\/100|[from] item: Life Orb\n|\n|-heal|p2a: Chi-Yu|51\/100|[from] item: Leftovers\n|upkeep\n|turn|4\n|j| pokeway96\n|\n|t:|1683894178\n|-terastallize|p2a: Chi-Yu|Water\n|move|p2b: Iron Hands|Fake Out|p1a: Iron Bundle\n|-damage|p1a: Iron Bundle|75\/100\n|cant|p1a: Iron Bundle|flinch\n|move|p1b: Chien-Pao|Sacred Sword|p2a: Chi-Yu\n|-damage|p2a: Chi-Yu|0 fnt\n|faint|p2a: Chi-Yu\n|-damage|p1b: Chien-Pao|62\/100|[from] item: Life Orb\n|\n|upkeep\n|\n|t:|1683894187\n|switch|p2a: Iron Bundle|Iron Bundle, L50|100\/100\n|turn|5\n|l| pokeway96\n|\n|t:|1683894200\n|move|p1a: Iron Bundle|Encore|p2b: Iron Hands\n|-start|p2b: Iron Hands|Encore\n|move|p2a: Iron Bundle|Freeze-Dry|p1a: Iron Bundle\n|-damage|p1a: Iron Bundle|10\/100\n|move|p1b: Chien-Pao|Sacred Sword|p2a: Iron Bundle\n|-supereffective|p2a: Iron Bundle\n|-enditem|p2a: Iron Bundle|Focus Sash\n|-damage|p2a: Iron Bundle|1\/100\n|-damage|p1b: Chien-Pao|52\/100|[from] item: Life Orb\n|move|p2b: Iron Hands|Fake Out||[still]\n|-hint|Fake Out only works on your first turn out.\n|-fail|p2b: Iron Hands\n|\n|upkeep\n|turn|6\n|-message|TapinaldoVGC forfeited.\n|\n|win|toucansoup\n|raw|toucansoup's rating: 1676 → 1694<\/strong> (+18 for winning)\n|raw|TapinaldoVGC's rating: 1642 → 1624<\/strong> (-18 for losing)\n","uploadtime":1683894216,"views":11,"p1id":"toucansoup","p2id":"tapinaldovgc","formatid":"gen9vgc2023regulationc","rating":1624,"private":0,"password":""}