{"id":"gen9vgc2023regulationc-1848079790","p1":"Candy (Arcanine)","p2":"Dnire","format":"[Gen 9] VGC 2023 Regulation C","log":"|j|\u2606Candy (Arcanine)\n|j|\u2606Dnire\n|t:|1682027363\n|gametype|doubles\n|player|p1|Candy (Arcanine)|twins|1080\n|player|p2|Dnire|1|1090\n|teamsize|p1|6\n|teamsize|p2|6\n|gen|9\n|tier|[Gen 9] VGC 2023 Regulation C\n|rated|\n|rule|Species Clause: Limit one of each Pok\u00e9mon\n|rule|Item Clause: Limit one of each item\n|clearpoke\n|poke|p1|Kingambit, L50, F|\n|poke|p1|Sylveon, L50, M|\n|poke|p1|Volcarona, L50, M|\n|poke|p1|Toxicroak, L50, M|\n|poke|p1|Hydreigon, L50, M|\n|poke|p1|Ting-Lu, L50|\n|poke|p2|Torkoal, L50, F|\n|poke|p2|Annihilape, L50, F|\n|poke|p2|Hariyama, L50, F|\n|poke|p2|Farigiraf, L50, F|\n|poke|p2|Meowscarada, L50, M|\n|poke|p2|Maushold, L50|\n|teampreview|4\n|\n|t:|1682027402\n|start\n|switch|p1a: Wickie moment|Ting-Lu, L50|100\/100\n|switch|p1b: Volcarona|Volcarona, L50, M|100\/100\n|switch|p2a: Farigiraf|Farigiraf, L50, F|100\/100\n|switch|p2b: Hariyama|Hariyama, L50, F|100\/100\n|-ability|p1a: Wickie moment|Vessel of Ruin\n|turn|1\n|inactive|Battle timer is ON: inactive players will automatically lose when time's up. (requested by Dnire)\n|\n|t:|1682027426\n|move|p2b: Hariyama|Fake Out|p1b: Volcarona\n|-damage|p1b: Volcarona|87\/100\n|cant|p1b: Volcarona|flinch\n|move|p1a: Wickie moment|Fissure|p2a: Farigiraf\n|-damage|p2a: Farigiraf|0 fnt\n|faint|p2a: Farigiraf\n|-ohko\n|\n|-status|p2b: Hariyama|brn|[from] item: Flame Orb\n|upkeep\n|\n|t:|1682027440\n|switch|p2a: Annihilape|Annihilape, L50, F|100\/100\n|turn|2\n|l|\u2606Candy (Arcanine)\n|inactive|Candy (Arcanine) disconnected and has a minute to reconnect!\n|player|p1|\n|j|\u2606Candy (Arcanine)\n|inactive|Candy (Arcanine) reconnected and has 40 seconds left.\n|player|p1|Candy (Arcanine)|twins\n|c|\u2606Candy (Arcanine)|A Wickie moment!\n|inactive|Candy (Arcanine) has 30 seconds left.\n|inactive|Dnire has 30 seconds left.\n|\n|t:|1682027471\n|move|p1b: Volcarona|Rage Powder|p1b: Volcarona\n|-singleturn|p1b: Volcarona|move: Rage Powder\n|move|p2a: Annihilape|Final Gambit|p1b: Volcarona\n|-damage|p1b: Volcarona|0 fnt\n|faint|p2a: Annihilape\n|faint|p1b: Volcarona\n|move|p1a: Wickie moment|Fissure|p2b: Hariyama|[miss]\n|-miss|p1a: Wickie moment|p2b: Hariyama\n|move|p2b: Hariyama|Knock Off|p1a: Wickie moment\n|-resisted|p1a: Wickie moment\n|-damage|p1a: Wickie moment|88\/100\n|-enditem|p1a: Wickie moment|Leftovers|[from] move: Knock Off|[of] p2b: Hariyama\n|\n|-damage|p2b: Hariyama|95\/100 brn|[from] brn\n|upkeep\n|\n|t:|1682027487\n|switch|p2a: Torkoal|Torkoal, L50, F|100\/100\n|switch|p1b: Sylveon|Sylveon, L50, M|100\/100\n|-weather|SunnyDay|[from] ability: Drought|[of] p2a: Torkoal\n|turn|3\n|inactive|Dnire has 30 seconds left.\n|inactive|Dnire has 20 seconds left.\n|\n|t:|1682027525\n|-terastallize|p2a: Torkoal|Fire\n|move|p2b: Hariyama|Wide Guard|p2b: Hariyama\n|-singleturn|p2b: Hariyama|Wide Guard\n|move|p1b: Sylveon|Hyper Voice|p2a: Torkoal|[spread] \n|-activate|p2a: Torkoal|move: Wide Guard\n|-activate|p2b: Hariyama|move: Wide Guard\n|move|p1a: Wickie moment|Stomping Tantrum|p2a: Torkoal\n|-supereffective|p2a: Torkoal\n|-damage|p2a: Torkoal|4\/100\n|move|p2a: Torkoal|Flamethrower|p1b: Sylveon\n|-damage|p1b: Sylveon|36\/100\n|\n|-weather|SunnyDay|[upkeep]\n|-damage|p2b: Hariyama|89\/100 brn|[from] brn\n|upkeep\n|turn|4\n|inactive|Candy (Arcanine) has 30 seconds left.\n|inactive|Dnire has 30 seconds left.\n|\n|t:|1682027554\n|move|p2a: Torkoal|Protect|p2a: Torkoal\n|-singleturn|p2a: Torkoal|Protect\n|move|p1b: Sylveon|Hyper Voice|p2a: Torkoal|[spread] p2b\n|-activate|p2a: Torkoal|move: Protect\n|-supereffective|p2b: Hariyama\n|-damage|p2b: Hariyama|30\/100 brn\n|-enditem|p1b: Sylveon|Throat Spray\n|-boost|p1b: Sylveon|spa|1|[from] item: Throat Spray\n|move|p1a: Wickie moment|Stomping Tantrum|p2a: Torkoal\n|-activate|p2a: Torkoal|move: Protect\n|move|p2b: Hariyama|Knock Off|p1b: Sylveon\n|-resisted|p1b: Sylveon\n|-damage|p1b: Sylveon|11\/100\n|\n|-weather|SunnyDay|[upkeep]\n|-damage|p2b: Hariyama|24\/100 brn|[from] brn\n|upkeep\n|turn|5\n|\n|t:|1682027579\n|move|p2b: Hariyama|Wide Guard|p2b: Hariyama\n|-singleturn|p2b: Hariyama|Wide Guard\n|move|p1b: Sylveon|Hyper Voice|p2a: Torkoal|[spread] \n|-activate|p2a: Torkoal|move: Wide Guard\n|-activate|p2b: Hariyama|move: Wide Guard\n|move|p1a: Wickie moment|Stomping Tantrum|p2a: Torkoal\n|-supereffective|p2a: Torkoal\n|-damage|p2a: Torkoal|0 fnt\n|faint|p2a: Torkoal\n|\n|-weather|SunnyDay|[upkeep]\n|-damage|p2b: Hariyama|18\/100 brn|[from] brn\n|upkeep\n|turn|6\n|-message|Dnire forfeited.\n|\n|win|Candy (Arcanine)\n|raw|Candy (Arcanine)'s rating: 1080 → 1109<\/strong> (+29 for winning)\n|raw|Dnire's rating: 1090 → 1066<\/strong> (-24 for losing)\n|l|\u2606Dnire\n","uploadtime":1682027598,"views":7,"p1id":"candyarcanine","p2id":"dnire","formatid":"gen9vgc2023regulationc","rating":1066,"private":0,"password":""}