{"id":"gen9vgc2023regulationc-1852611389","p1":"M4tty02","p2":"Jscoot12","format":"[Gen 9] VGC 2023 Regulation C","log":"|j|\u2606M4tty02\n|j|\u2606Jscoot12\n|t:|1682585030\n|gametype|doubles\n|player|p1|M4tty02|emmet|1161\n|player|p2|Jscoot12|266|1162\n|teamsize|p1|6\n|teamsize|p2|6\n|gen|9\n|tier|[Gen 9] VGC 2023 Regulation C\n|rated|\n|rule|Species Clause: Limit one of each Pok\u00e9mon\n|rule|Item Clause: Limit one of each item\n|clearpoke\n|poke|p1|Chi-Yu, L50|\n|poke|p1|Flutter Mane, L50|\n|poke|p1|Amoonguss, L50, F|\n|poke|p1|Iron Hands, L50|\n|poke|p1|Palafin, L50, F|\n|poke|p1|Arcanine, L50, M|\n|poke|p2|Orthworm, L50, F|\n|poke|p2|Dragonite, L50, M|\n|poke|p2|Flutter Mane, L50|\n|poke|p2|Chi-Yu, L50|\n|poke|p2|Gastrodon-East, L50, M|\n|poke|p2|Baxcalibur, L50, M|\n|teampreview|4\n|\n|t:|1682585045\n|start\n|switch|p1a: Chi-Yu|Chi-Yu, L50|100\/100\n|switch|p1b: Iron Hands|Iron Hands, L50|100\/100\n|switch|p2a: Dragonite|Dragonite, L50, M|100\/100\n|switch|p2b: Orthworm|Orthworm, L50, F|100\/100\n|-ability|p1a: Chi-Yu|Beads of Ruin\n|turn|1\n|\n|t:|1682585072\n|-terastallize|p2b: Orthworm|Electric\n|move|p1b: Iron Hands|Fake Out|p2b: Orthworm\n|-damage|p2b: Orthworm|90\/100\n|move|p1a: Chi-Yu|Nasty Plot|p1a: Chi-Yu\n|-boost|p1a: Chi-Yu|spa|2\n|move|p2a: Dragonite|Tailwind|p2a: Dragonite\n|-sidestart|p2: Jscoot12|move: Tailwind\n|cant|p2b: Orthworm|flinch\n|\n|-heal|p2b: Orthworm|97\/100|[from] item: Leftovers\n|upkeep\n|turn|2\n|\n|t:|1682585103\n|move|p2a: Dragonite|Earthquake|p1a: Chi-Yu|[spread] p1a,p1b\n|-heal|p2b: Orthworm|100\/100|[from] ability: Earth Eater|[of] p2a: Dragonite\n|-supereffective|p1a: Chi-Yu\n|-supereffective|p1b: Iron Hands\n|-damage|p1a: Chi-Yu|42\/100\n|-damage|p1b: Iron Hands|62\/100\n|-enditem|p1a: Chi-Yu|Sitrus Berry|[eat]\n|-heal|p1a: Chi-Yu|67\/100|[from] item: Sitrus Berry\n|move|p2b: Orthworm|Body Press|p1a: Chi-Yu\n|-supereffective|p1a: Chi-Yu\n|-damage|p1a: Chi-Yu|19\/100\n|move|p1a: Chi-Yu|Heat Wave|p2b: Orthworm|[spread] p2a,p2b\n|-resisted|p2a: Dragonite\n|-crit|p2b: Orthworm\n|-damage|p2a: Dragonite|82\/100\n|-damage|p2b: Orthworm|0 fnt\n|faint|p2b: Orthworm\n|move|p1b: Iron Hands|Wild Charge|p2a: Dragonite\n|-damage|p2a: Dragonite|35\/100\n|-damage|p1b: Iron Hands|53\/100|[from] Recoil\n|\n|upkeep\n|\n|t:|1682585125\n|switch|p2b: Gastrodon|Gastrodon-East, L50, M|100\/100\n|turn|3\n|\n|t:|1682585138\n|move|p1a: Chi-Yu|Protect|p1a: Chi-Yu\n|-singleturn|p1a: Chi-Yu|Protect\n|move|p2a: Dragonite|Earthquake|p1a: Chi-Yu|[spread] p2b,p1b\n|-activate|p1a: Chi-Yu|move: Protect\n|-supereffective|p1b: Iron Hands\n|-damage|p2b: Gastrodon|70\/100\n|-damage|p1b: Iron Hands|12\/100\n|move|p2b: Gastrodon|Earth Power|p1b: Iron Hands\n|-supereffective|p1b: Iron Hands\n|-damage|p1b: Iron Hands|0 fnt\n|faint|p1b: Iron Hands\n|-end|p1b: Iron Hands|Quark Drive|[silent]\n|\n|upkeep\n|\n|t:|1682585150\n|switch|p1b: Amoonguss|Amoonguss, L50, F, shiny|100\/100\n|turn|4\n|\n|t:|1682585171\n|move|p2b: Gastrodon|Protect|p2b: Gastrodon\n|-singleturn|p2b: Gastrodon|Protect\n|move|p1a: Chi-Yu|Protect|p1a: Chi-Yu\n|-singleturn|p1a: Chi-Yu|Protect\n|move|p2a: Dragonite|Earthquake|p1a: Chi-Yu|[spread] p1b\n|-activate|p2b: Gastrodon|move: Protect\n|-activate|p1a: Chi-Yu|move: Protect\n|-damage|p1b: Amoonguss|76\/100\n|move|p1b: Amoonguss|Spore|p2b: Gastrodon\n|-activate|p2b: Gastrodon|move: Protect\n|\n|-sideend|p2: Jscoot12|move: Tailwind\n|upkeep\n|turn|5\n|\n|t:|1682585193\n|move|p2a: Dragonite|Extreme Speed|p1a: Chi-Yu\n|-damage|p1a: Chi-Yu|0 fnt\n|faint|p1a: Chi-Yu\n|move|p2b: Gastrodon|Liquidation|p1b: Amoonguss\n|-resisted|p1b: Amoonguss\n|-damage|p1b: Amoonguss|67\/100\n|move|p1b: Amoonguss|Pollen Puff|p1: Chi-Yu|[notarget]\n|-fail|p1b: Amoonguss\n|\n|upkeep\n|\n|t:|1682585198\n|switch|p1a: Flutter Mane|Flutter Mane, L50|100\/100\n|turn|6\n|\n|t:|1682585221\n|move|p2a: Dragonite|Extreme Speed|p1b: Amoonguss\n|-damage|p1b: Amoonguss|40\/100\n|move|p1a: Flutter Mane|Dazzling Gleam|p2b: Gastrodon|[spread] p2a,p2b\n|-supereffective|p2a: Dragonite\n|-damage|p2a: Dragonite|0 fnt\n|-damage|p2b: Gastrodon|44\/100\n|faint|p2a: Dragonite\n|move|p2b: Gastrodon|Earth Power|p1a: Flutter Mane\n|-damage|p1a: Flutter Mane|70\/100\n|move|p1b: Amoonguss|Pollen Puff|p1a: Flutter Mane\n|-heal|p1a: Flutter Mane|100\/100\n|\n|upkeep\n|\n|t:|1682585235\n|switch|p2a: Baxcalibur|Baxcalibur, L50, M|100\/100\n|turn|7\n|\n|t:|1682585252\n|-terastallize|p1b: Amoonguss|Water\n|move|p2a: Baxcalibur|Protect|p2a: Baxcalibur\n|-singleturn|p2a: Baxcalibur|Protect\n|move|p1b: Amoonguss|Rage Powder|p1b: Amoonguss\n|-singleturn|p1b: Amoonguss|move: Rage Powder\n|move|p1a: Flutter Mane|Moonblast|p2a: Baxcalibur\n|-activate|p2a: Baxcalibur|move: Protect\n|move|p2b: Gastrodon|Recover|p2b: Gastrodon\n|-heal|p2b: Gastrodon|94\/100\n|\n|upkeep\n|turn|8\n|\n|t:|1682585274\n|move|p1b: Amoonguss|Rage Powder|p1b: Amoonguss\n|-singleturn|p1b: Amoonguss|move: Rage Powder\n|move|p1a: Flutter Mane|Moonblast|p2a: Baxcalibur\n|-supereffective|p2a: Baxcalibur\n|-damage|p2a: Baxcalibur|5\/100\n|move|p2a: Baxcalibur|Glaive Rush|p1b: Amoonguss\n|-damage|p1b: Amoonguss|0 fnt\n|-singlemove|p2a: Baxcalibur|Glaive Rush|[silent]\n|faint|p1b: Amoonguss\n|-damage|p2a: Baxcalibur|0 fnt|[from] item: Life Orb\n|faint|p2a: Baxcalibur\n|move|p2b: Gastrodon|Earth Power|p1a: Flutter Mane\n|-damage|p1a: Flutter Mane|68\/100\n|\n|upkeep\n|turn|9\n|\n|t:|1682585290\n|move|p1a: Flutter Mane|Moonblast|p2b: Gastrodon\n|-damage|p2b: Gastrodon|56\/100\n|move|p2b: Gastrodon|Liquidation|p1a: Flutter Mane\n|-damage|p1a: Flutter Mane|22\/100\n|-unboost|p1a: Flutter Mane|def|1\n|\n|upkeep\n|turn|10\n|\n|t:|1682585300\n|move|p1a: Flutter Mane|Moonblast|p2b: Gastrodon\n|-damage|p2b: Gastrodon|17\/100\n|move|p2b: Gastrodon|Recover|p2b: Gastrodon\n|-heal|p2b: Gastrodon|67\/100\n|\n|upkeep\n|turn|11\n|\n|t:|1682585308\n|move|p1a: Flutter Mane|Moonblast|p2b: Gastrodon\n|-damage|p2b: Gastrodon|26\/100\n|-unboost|p2b: Gastrodon|spa|1\n|move|p2b: Gastrodon|Liquidation|p1a: Flutter Mane\n|-damage|p1a: Flutter Mane|0 fnt\n|faint|p1a: Flutter Mane\n|-end|p1a: Flutter Mane|Protosynthesis|[silent]\n|\n|win|Jscoot12\n|raw|M4tty02's rating: 1161 → 1136<\/strong> (-25 for losing)\n|raw|Jscoot12's rating: 1162 → 1187<\/strong> (+25 for winning)\n|l|\u2606M4tty02\n","uploadtime":1682585320,"views":13,"p1id":"m4tty02","p2id":"jscoot12","formatid":"gen9vgc2023regulationc","rating":1136,"private":0,"password":""}