{"id":"gen9vgc2023regulationc-1845910895","p1":"littleh4ck","p2":"JoshLove2020","format":"[Gen 9] VGC 2023 Regulation C","log":"|j|\u2606littleh4ck\n|j|\u203dJoshLove2020\n|t:|1681778300\n|gametype|doubles\n|player|p1|littleh4ck|larry|1147\n|player|p2|JoshLove2020|265|1166\n|teamsize|p1|6\n|teamsize|p2|6\n|gen|9\n|tier|[Gen 9] VGC 2023 Regulation C\n|rated|\n|rule|Species Clause: Limit one of each Pok\u00e9mon\n|rule|Item Clause: Limit one of each item\n|clearpoke\n|poke|p1|Flutter Mane, L50|\n|poke|p1|Arcanine, L50, M|\n|poke|p1|Amoonguss, L50, F|\n|poke|p1|Kingambit, L50, F|\n|poke|p1|Azumarill, L50, F|\n|poke|p1|Iron Hands, L50|\n|poke|p2|Flutter Mane, L50|\n|poke|p2|Chi-Yu, L50|\n|poke|p2|Amoonguss, L50, F|\n|poke|p2|Kilowattrel, L50, M|\n|poke|p2|Iron Bundle, L50|\n|poke|p2|Gothitelle, L50, M|\n|teampreview|4\nlittleh4ck has agreed to open team sheets.\nJoshLove2020 has agreed to open team sheets.\n|\n|t:|1681778354\n|start\n|switch|p1a: Iron Hands|Iron Hands, L50|100\/100\n|switch|p1b: Kingambit|Kingambit, L50, F|100\/100\n|switch|p2a: Kilowattrel|Kilowattrel, L50, M|100\/100\n|switch|p2b: Chi-Yu|Chi-Yu, L50|100\/100\n|-ability|p2b: Chi-Yu|Beads of Ruin\n|turn|1\n|\n|t:|1681778374\n|-terastallize|p2b: Chi-Yu|Ghost\n|-terastallize|p1b: Kingambit|Dark\n|move|p2a: Kilowattrel|Protect|p2a: Kilowattrel\n|-singleturn|p2a: Kilowattrel|Protect\n|move|p1a: Iron Hands|Fake Out|p2a: Kilowattrel\n|-activate|p2a: Kilowattrel|move: Protect\n|move|p2b: Chi-Yu|Heat Wave|p1a: Iron Hands|[spread] p1a\n|-miss|p2b: Chi-Yu|p1b: Kingambit\n|-damage|p1a: Iron Hands|69\/100\n|-status|p1a: Iron Hands|brn\n|move|p1b: Kingambit|Swords Dance|p1b: Kingambit\n|-boost|p1b: Kingambit|atk|2\n|\n|-damage|p1a: Iron Hands|63\/100 brn|[from] brn\n|upkeep\n|turn|2\n|\n|t:|1681778401\n|-end|p1a: Iron Hands|Quark Drive|[silent]\n|switch|p1a: Amoonguss|Amoonguss, L50, F|100\/100\n|move|p1b: Kingambit|Sucker Punch||[still]\n|-fail|p1b: Kingambit\n|move|p2a: Kilowattrel|Thunderbolt|p1b: Kingambit\n|-damage|p1b: Kingambit|51\/100\n|move|p2b: Chi-Yu|Will-O-Wisp|p1b: Kingambit\n|-status|p1b: Kingambit|brn\n|\n|-damage|p1b: Kingambit|45\/100 brn|[from] brn\n|upkeep\n|turn|3\n|\n|t:|1681778431\n|switch|p2b: Amoonguss|Amoonguss, L50, F|100\/100\n|move|p1a: Amoonguss|Rage Powder|p1a: Amoonguss\n|-singleturn|p1a: Amoonguss|move: Rage Powder\n|move|p2a: Kilowattrel|Air Slash|p1a: Amoonguss\n|-supereffective|p1a: Amoonguss\n|-damage|p1a: Amoonguss|46\/100\n|move|p1b: Kingambit|Kowtow Cleave|p2b: Amoonguss\n|-damage|p2b: Amoonguss|31\/100\n|-enditem|p2b: Amoonguss|Sitrus Berry|[eat]\n|-heal|p2b: Amoonguss|56\/100|[from] item: Sitrus Berry\n|\n|-damage|p1b: Kingambit|39\/100 brn|[from] brn\n|upkeep\n|turn|4\n|\n|t:|1681778455\n|move|p2b: Amoonguss|Protect|p2b: Amoonguss\n|-singleturn|p2b: Amoonguss|Protect\n|move|p1a: Amoonguss|Protect|p1a: Amoonguss\n|-singleturn|p1a: Amoonguss|Protect\n|move|p2a: Kilowattrel|Air Slash|p1a: Amoonguss\n|-activate|p1a: Amoonguss|move: Protect\n|move|p1b: Kingambit|Kowtow Cleave|p2a: Kilowattrel\n|-enditem|p2a: Kilowattrel|Focus Sash\n|-damage|p2a: Kilowattrel|1\/100\n|\n|-damage|p1b: Kingambit|33\/100 brn|[from] brn\n|upkeep\n|turn|5\n|\n|t:|1681778475\n|switch|p2b: Chi-Yu|Chi-Yu, L50, tera:Ghost|100\/100\n|-ability|p2b: Chi-Yu|Beads of Ruin\n|move|p2a: Kilowattrel|Tailwind|p2a: Kilowattrel\n|-sidestart|p2: JoshLove2020|move: Tailwind\n|move|p1b: Kingambit|Kowtow Cleave|p2b: Chi-Yu\n|-supereffective|p2b: Chi-Yu\n|-damage|p2b: Chi-Yu|0 fnt\n|faint|p2b: Chi-Yu\n|move|p1a: Amoonguss|Pollen Puff|p2a: Kilowattrel\n|-resisted|p2a: Kilowattrel\n|-damage|p2a: Kilowattrel|0 fnt\n|faint|p2a: Kilowattrel\n|\n|-damage|p1b: Kingambit|28\/100 brn|[from] brn\n|upkeep\n|\n|t:|1681778484\n|switch|p2a: Iron Bundle|Iron Bundle, L50|100\/100\n|switch|p2b: Amoonguss|Amoonguss, L50, F|89\/100\n|-enditem|p2a: Iron Bundle|Booster Energy\n|-activate|p2a: Iron Bundle|ability: Quark Drive|[fromitem]\n|-start|p2a: Iron Bundle|quarkdrivespe\n|turn|6\n|\n|t:|1681778499\n|move|p1b: Kingambit|Protect|p1b: Kingambit\n|-singleturn|p1b: Kingambit|Protect\n|move|p2b: Amoonguss|Rage Powder|p2b: Amoonguss\n|-singleturn|p2b: Amoonguss|move: Rage Powder\n|move|p2a: Iron Bundle|Encore|p1a: Amoonguss\n|-start|p1a: Amoonguss|Encore\n|move|p1a: Amoonguss|Pollen Puff|p2b: Amoonguss\n|-damage|p2b: Amoonguss|72\/100\n|\n|-damage|p1b: Kingambit|22\/100 brn|[from] brn\n|upkeep\n|turn|7\n|\n|t:|1681778521\n|move|p2b: Amoonguss|Rage Powder|p2b: Amoonguss\n|-singleturn|p2b: Amoonguss|move: Rage Powder\n|move|p1b: Kingambit|Sucker Punch||[still]\n|-fail|p1b: Kingambit\n|move|p2a: Iron Bundle|Freeze-Dry|p1b: Kingambit\n|-damage|p1b: Kingambit|0 fnt\n|faint|p1b: Kingambit\n|move|p1a: Amoonguss|Pollen Puff|p1: Kingambit|[notarget]\n|-fail|p1a: Amoonguss\n|\n|upkeep\n|\n|t:|1681778537\n|switch|p1b: Azumarill|Azumarill, L50, F|100\/100\n|turn|8\n|\n|t:|1681778553\n|move|p2b: Amoonguss|Rage Powder|p2b: Amoonguss\n|-singleturn|p2b: Amoonguss|move: Rage Powder\n|move|p2a: Iron Bundle|Freeze-Dry|p1b: Azumarill\n|-supereffective|p1b: Azumarill\n|-damage|p1b: Azumarill|30\/100\n|move|p1b: Azumarill|Brick Break|p2b: Amoonguss\n|-resisted|p2b: Amoonguss\n|-damage|p2b: Amoonguss|54\/100\n|move|p1a: Amoonguss|Pollen Puff|p1b: Azumarill\n|-heal|p1b: Azumarill|80\/100\n|\n|-end|p1a: Amoonguss|Encore\n|-sideend|p2: JoshLove2020|move: Tailwind\n|upkeep\n|turn|9\n|\n|t:|1681778576\n|move|p2a: Iron Bundle|Protect|p2a: Iron Bundle\n|-singleturn|p2a: Iron Bundle|Protect\n|move|p1a: Amoonguss|Rage Powder|p1a: Amoonguss\n|-singleturn|p1a: Amoonguss|move: Rage Powder\n|move|p1b: Azumarill|Brick Break|p2a: Iron Bundle\n|-activate|p2a: Iron Bundle|move: Protect\n|move|p2b: Amoonguss|Spore|p1b: Azumarill\n|-status|p1b: Azumarill|slp|[from] move: Spore\n|\n|upkeep\n|turn|10\n|\n|t:|1681778595\n|move|p2a: Iron Bundle|Freeze-Dry|p1a: Amoonguss\n|-supereffective|p1a: Amoonguss\n|-damage|p1a: Amoonguss|0 fnt\n|faint|p1a: Amoonguss\n|cant|p1b: Azumarill|slp\n|move|p2b: Amoonguss|Spore|p1b: Azumarill\n|-fail|p1b: Azumarill|slp\n|\n|upkeep\n|\n|t:|1681778605\n|switch|p1a: Iron Hands|Iron Hands, L50|63\/100 brn\n|turn|11\n|\n|t:|1681778632\n|move|p2a: Iron Bundle|Protect|p2a: Iron Bundle\n|-singleturn|p2a: Iron Bundle|Protect\n|move|p2b: Amoonguss|Rage Powder|p2b: Amoonguss\n|-singleturn|p2b: Amoonguss|move: Rage Powder\n|move|p1a: Iron Hands|Close Combat|p2b: Amoonguss\n|-resisted|p2b: Amoonguss\n|-damage|p2b: Amoonguss|41\/100\n|-unboost|p1a: Iron Hands|def|1\n|-unboost|p1a: Iron Hands|spd|1\n|cant|p1b: Azumarill|slp\n|\n|-damage|p1a: Iron Hands|57\/100 brn|[from] brn\n|upkeep\n|turn|12\n|\n|t:|1681778651\n|move|p2b: Amoonguss|Rage Powder|p2b: Amoonguss\n|-singleturn|p2b: Amoonguss|move: Rage Powder\n|move|p2a: Iron Bundle|Hydro Pump|p1a: Iron Hands\n|-damage|p1a: Iron Hands|4\/100 brn\n|move|p1a: Iron Hands|Wild Charge|p2b: Amoonguss\n|-resisted|p2b: Amoonguss\n|-damage|p2b: Amoonguss|31\/100\n|-damage|p1a: Iron Hands|2\/100 brn|[from] Recoil\n|-curestatus|p1b: Azumarill|slp|[msg]\n|move|p1b: Azumarill|Brick Break|p2b: Amoonguss\n|-resisted|p2b: Amoonguss\n|-damage|p2b: Amoonguss|13\/100\n|\n|-damage|p1a: Iron Hands|0 fnt|[from] brn\n|faint|p1a: Iron Hands\n|-end|p1a: Iron Hands|Quark Drive|[silent]\n|upkeep\n|turn|13\n|\n|t:|1681778679\n|move|p2b: Amoonguss|Rage Powder|p2b: Amoonguss\n|-singleturn|p2b: Amoonguss|move: Rage Powder\n|move|p2a: Iron Bundle|Freeze-Dry|p1b: Azumarill\n|-supereffective|p1b: Azumarill\n|-damage|p1b: Azumarill|4\/100\n|move|p1b: Azumarill|Brick Break|p2b: Amoonguss\n|-resisted|p2b: Amoonguss\n|-damage|p2b: Amoonguss|0 fnt\n|faint|p2b: Amoonguss\n|\n|upkeep\n|turn|14\n|\n|t:|1681778688\n|move|p2a: Iron Bundle|Freeze-Dry|p1b: Azumarill\n|-supereffective|p1b: Azumarill\n|-damage|p1b: Azumarill|0 fnt\n|faint|p1b: Azumarill\n|\n|win|JoshLove2020\n|raw|littleh4ck's rating: 1147 → 1123<\/strong> (-24 for losing)\n|raw|JoshLove2020's rating: 1166 → 1190<\/strong> (+24 for winning)\n|l|\u2606littleh4ck\n","uploadtime":1681778699,"views":10,"p1id":"littleh4ck","p2id":"joshlove2020","formatid":"gen9vgc2023regulationc","rating":1123,"private":0,"password":""}