{"id":"gen9vgc2023regulationc-1852566422","p1":"mugiwaraLux","p2":"AgumonVGC","format":"[Gen 9] VGC 2023 Regulation C","log":"|j|\u2606mugiwaraLux\n|j|\u203dAgumonVGC\n|t:|1682577406\n|gametype|doubles\n|player|p1|mugiwaraLux|265|1454\n|player|p2|AgumonVGC|1|1460\n|teamsize|p1|6\n|teamsize|p2|6\n|gen|9\n|tier|[Gen 9] VGC 2023 Regulation C\n|rated|\n|rule|Species Clause: Limit one of each Pok\u00e9mon\n|rule|Item Clause: Limit one of each item\n|clearpoke\n|poke|p1|Palafin, L50, M|\n|poke|p1|Amoonguss, L50, F|\n|poke|p1|Flutter Mane, L50|\n|poke|p1|Arcanine, L50, F|\n|poke|p1|Chien-Pao, L50|\n|poke|p1|Roaring Moon, L50|\n|poke|p2|Palafin, L50, F|\n|poke|p2|Flutter Mane, L50|\n|poke|p2|Baxcalibur, L50, M|\n|poke|p2|Arcanine, L50, M|\n|poke|p2|Amoonguss, L50, M|\n|poke|p2|Ting-Lu, L50|\n|teampreview|4\n|inactive|Battle timer is ON: inactive players will automatically lose when time's up. (requested by mugiwaraLux)\nmugiwaraLux has agreed to open team sheets.\n|\n|t:|1682577425\n|start\n|switch|p1a: Mimi|Flutter Mane, L50|100\/100\n|switch|p1b: Arcanine|Arcanine, L50, F|100\/100\n|switch|p2a: Arcanine|Arcanine, L50, M|100\/100\n|switch|p2b: Amoonguss|Amoonguss, L50, M|100\/100\n|-ability|p2a: Arcanine|Intimidate|boost\n|-unboost|p1a: Mimi|atk|1\n|-unboost|p1b: Arcanine|atk|1\n|-ability|p1b: Arcanine|Intimidate|boost\n|-unboost|p2a: Arcanine|atk|1\n|-unboost|p2b: Amoonguss|atk|1\n|turn|1\n|\n|t:|1682577438\n|-terastallize|p2b: Amoonguss|Water\n|move|p1a: Mimi|Shadow Ball|p2b: Amoonguss\n|-crit|p2b: Amoonguss\n|-damage|p2b: Amoonguss|39\/100\n|-enditem|p2b: Amoonguss|Sitrus Berry|[eat]\n|-heal|p2b: Amoonguss|63\/100|[from] item: Sitrus Berry\n|move|p2a: Arcanine|Howl|p2a: Arcanine|[spread] p2a,p2b\n|-boost|p2a: Arcanine|atk|1\n|-boost|p2b: Amoonguss|atk|1\n|move|p1b: Arcanine|Flare Blitz|p2b: Amoonguss\n|-resisted|p2b: Amoonguss\n|-crit|p2b: Amoonguss\n|-damage|p2b: Amoonguss|31\/100\n|-damage|p1b: Arcanine|89\/100|[from] Recoil\n|move|p2b: Amoonguss|Spore|p1a: Mimi\n|-status|p1a: Mimi|slp|[from] move: Spore\n|\n|upkeep\n|turn|2\n|\n|t:|1682577454\n|switch|p2b: Baxcalibur|Baxcalibur, L50, M|100\/100\n|move|p1b: Arcanine|Extreme Speed|p2b: Baxcalibur\n|-damage|p2b: Baxcalibur|87\/100\n|cant|p1a: Mimi|slp\n|move|p2a: Arcanine|Howl|p2a: Arcanine|[spread] p2a,p2b\n|-boost|p2a: Arcanine|atk|1\n|-boost|p2b: Baxcalibur|atk|1\n|\n|upkeep\n|turn|3\n|\n|t:|1682577467\n|move|p1b: Arcanine|Extreme Speed|p2b: Baxcalibur\n|-damage|p2b: Baxcalibur|74\/100\n|-curestatus|p1a: Mimi|slp|[msg]\n|move|p1a: Mimi|Shadow Ball|p2b: Baxcalibur\n|-damage|p2b: Baxcalibur|31\/100\n|move|p2a: Arcanine|Howl|p2a: Arcanine|[spread] p2a,p2b\n|-boost|p2a: Arcanine|atk|1\n|-boost|p2b: Baxcalibur|atk|1\n|move|p2b: Baxcalibur|Icicle Crash|p1a: Mimi\n|-damage|p1a: Mimi|0 fnt\n|faint|p1a: Mimi\n|-end|p1a: Mimi|Protosynthesis|[silent]\n|\n|upkeep\n|\n|t:|1682577477\n|switch|p1a: Chien-Pao|Chien-Pao, L50|100\/100\n|-ability|p1a: Chien-Pao|Sword of Ruin\n|turn|4\n|\n|t:|1682577495\n|switch|p1b: Roaring Moon|Roaring Moon, L50|100\/100\n|-enditem|p1b: Roaring Moon|Booster Energy\n|-activate|p1b: Roaring Moon|ability: Protosynthesis|[fromitem]\n|-start|p1b: Roaring Moon|protosynthesisatk\n|move|p1a: Chien-Pao|Sucker Punch|p2b: Baxcalibur\n|-damage|p2b: Baxcalibur|0 fnt\n|faint|p2b: Baxcalibur\n|move|p2a: Arcanine|Flare Blitz|p1a: Chien-Pao\n|-supereffective|p1a: Chien-Pao\n|-enditem|p1a: Chien-Pao|Focus Sash\n|-damage|p1a: Chien-Pao|1\/100\n|-damage|p2a: Arcanine|74\/100|[from] Recoil\n|\n|upkeep\n|\n|t:|1682577508\n|switch|p2b: Amoonguss|Amoonguss, L50, M, tera:Water|65\/100\n|turn|5\n|\n|t:|1682577525\n|-terastallize|p1a: Chien-Pao|Ghost\n|move|p2b: Amoonguss|Rage Powder|p2b: Amoonguss\n|-singleturn|p2b: Amoonguss|move: Rage Powder\n|move|p1a: Chien-Pao|Sacred Sword|p2b: Amoonguss\n|-damage|p2b: Amoonguss|32\/100\n|move|p1b: Roaring Moon|Acrobatics|p2b: Amoonguss\n|-damage|p2b: Amoonguss|0 fnt\n|faint|p2b: Amoonguss\n|move|p2a: Arcanine|Will-O-Wisp|p1b: Roaring Moon\n|-status|p1b: Roaring Moon|brn\n|\n|-damage|p1b: Roaring Moon|95\/100 brn|[from] brn\n|upkeep\n|\n|t:|1682577536\n|switch|p2b: Flutter Mane|Flutter Mane, L50|100\/100\n|turn|6\n|\n|t:|1682577550\n|move|p1b: Roaring Moon|Protect|p1b: Roaring Moon\n|-singleturn|p1b: Roaring Moon|Protect\n|move|p1a: Chien-Pao|Sucker Punch|p2b: Flutter Mane\n|-damage|p2b: Flutter Mane|32\/100\n|move|p2b: Flutter Mane|Dazzling Gleam|p1a: Chien-Pao|[spread] p1a\n|-activate|p1b: Roaring Moon|move: Protect\n|-damage|p1a: Chien-Pao|0 fnt\n|faint|p1a: Chien-Pao\n|move|p2a: Arcanine|Flare Blitz|p1b: Roaring Moon\n|-activate|p1b: Roaring Moon|move: Protect\n|\n|-damage|p1b: Roaring Moon|89\/100 brn|[from] brn\n|upkeep\n|\n|t:|1682577556\n|switch|p1a: Arcanine|Arcanine, L50, F|89\/100\n|-ability|p1a: Arcanine|Intimidate|boost\n|-unboost|p2a: Arcanine|atk|1\n|-unboost|p2b: Flutter Mane|atk|1\n|turn|7\n|\n|t:|1682577574\n|move|p1b: Roaring Moon|Protect||[still]\n|-fail|p1b: Roaring Moon\n|move|p2b: Flutter Mane|Dazzling Gleam|p1a: Arcanine|[spread] p1a,p1b\n|-resisted|p1a: Arcanine\n|-supereffective|p1b: Roaring Moon\n|-damage|p1a: Arcanine|72\/100\n|-damage|p1b: Roaring Moon|0 fnt\n|faint|p1b: Roaring Moon\n|-end|p1b: Roaring Moon|Protosynthesis|[silent]\n|move|p2a: Arcanine|Flare Blitz|p1a: Arcanine\n|-resisted|p1a: Arcanine\n|-damage|p1a: Arcanine|32\/100\n|-damage|p2a: Arcanine|61\/100|[from] Recoil\n|move|p1a: Arcanine|Flare Blitz|p2b: Flutter Mane\n|-damage|p2b: Flutter Mane|0 fnt\n|faint|p2b: Flutter Mane\n|-end|p2b: Flutter Mane|Protosynthesis|[silent]\n|-damage|p1a: Arcanine|23\/100|[from] Recoil\n|\n|upkeep\n|turn|8\n|\n|t:|1682577583\n|move|p1a: Arcanine|Protect|p1a: Arcanine\n|-singleturn|p1a: Arcanine|Protect\n|move|p2a: Arcanine|Morning Sun|p2a: Arcanine\n|-heal|p2a: Arcanine|100\/100\n|\n|upkeep\n|turn|9\n|\n|t:|1682577587\n|move|p1a: Arcanine|Extreme Speed|p2a: Arcanine\n|-damage|p2a: Arcanine|76\/100\n|move|p2a: Arcanine|Flare Blitz|p1a: Arcanine\n|-resisted|p1a: Arcanine\n|-damage|p1a: Arcanine|0 fnt\n|faint|p1a: Arcanine\n|-damage|p2a: Arcanine|68\/100|[from] Recoil\n|\n|win|AgumonVGC\n|raw|mugiwaraLux's rating: 1454 → 1434<\/strong> (-20 for losing)\n|raw|AgumonVGC's rating: 1460 → 1480<\/strong> (+20 for winning)\n","uploadtime":1682577593,"views":13,"p1id":"mugiwaralux","p2id":"agumonvgc","formatid":"gen9vgc2023regulationc","rating":1434,"private":0,"password":""}