{"id":"gen9vgc2023regulationc-1859707461","p1":"Piccius","p2":"CommunistGuy293","format":"[Gen 9] VGC 2023 Regulation C","log":"|j|\u2606Piccius\n|j|\u2606CommunistGuy293\n|t:|1683557855\n|gametype|doubles\n|player|p1|Piccius|hiker-gen4|1316\n|player|p2|CommunistGuy293|scientist-gen4|1223\n|teamsize|p1|6\n|teamsize|p2|6\n|gen|9\n|tier|[Gen 9] VGC 2023 Regulation C\n|rated|\n|rule|Species Clause: Limit one of each Pok\u00e9mon\n|rule|Item Clause: Limit one of each item\n|clearpoke\n|poke|p1|Garchomp, L50, M|\n|poke|p1|Azumarill, L50, F|\n|poke|p1|Ting-Lu, L50|\n|poke|p1|Arcanine, L50, F|\n|poke|p1|Murkrow, L50, M|\n|poke|p1|Gholdengo, L50|\n|poke|p2|Armarouge, L50, M|\n|poke|p2|Indeedee-F, L50, F|\n|poke|p2|Kingambit, L50, F|\n|poke|p2|Gastrodon-East, L50, M|\n|poke|p2|Iron Hands, L50|\n|poke|p2|Tyranitar, L50, F|\n|teampreview|4\n|\n|t:|1683557888\n|start\n|switch|p1a: Ting-Lu|Ting-Lu, L50|100\/100\n|switch|p1b: Azumarill|Azumarill, L50, F, shiny|100\/100\n|switch|p2a: Iron Hands|Iron Hands, L50|100\/100\n|switch|p2b: Tyranitar|Tyranitar, L50, F|100\/100\n|-ability|p1a: Ting-Lu|Vessel of Ruin\n|-weather|Sandstorm|[from] ability: Sand Stream|[of] p2b: Tyranitar\n|turn|1\n|\n|t:|1683557912\n|switch|p1b: Garchomp|Garchomp, L50, M|100\/100\n|move|p1a: Ting-Lu|Fissure|p2a: Iron Hands|[miss]\n|-miss|p1a: Ting-Lu|p2a: Iron Hands\n|move|p2b: Tyranitar|Low Kick|p1a: Ting-Lu\n|-supereffective|p1a: Ting-Lu\n|-damage|p1a: Ting-Lu|46\/100\n|move|p2a: Iron Hands|Wild Charge|p1b: Garchomp\n|-immune|p1b: Garchomp\n|\n|-weather|Sandstorm|[upkeep]\n|-damage|p2a: Iron Hands|94\/100|[from] Sandstorm\n|-heal|p1a: Ting-Lu|52\/100|[from] item: Leftovers\n|upkeep\n|turn|2\n|\n|t:|1683557932\n|-terastallize|p2a: Iron Hands|Grass\n|move|p2b: Tyranitar|Protect|p2b: Tyranitar\n|-singleturn|p2b: Tyranitar|Protect\n|move|p1b: Garchomp|Dragon Claw|p2b: Tyranitar\n|-activate|p2b: Tyranitar|move: Protect\n|move|p1a: Ting-Lu|Stomping Tantrum|p2a: Iron Hands\n|-resisted|p2a: Iron Hands\n|-damage|p2a: Iron Hands|74\/100\n|move|p2a: Iron Hands|Ice Punch|p1b: Garchomp\n|-supereffective|p1b: Garchomp\n|-damage|p1b: Garchomp|0 fnt\n|-damage|p2a: Iron Hands|61\/100|[from] ability: Rough Skin|[of] p1b: Garchomp\n|faint|p1b: Garchomp\n|\n|-weather|Sandstorm|[upkeep]\n|-damage|p2a: Iron Hands|55\/100|[from] Sandstorm\n|-heal|p1a: Ting-Lu|59\/100|[from] item: Leftovers\n|upkeep\n|\n|t:|1683557940\n|switch|p1b: Arcanine|Arcanine, L50, F|100\/100\n|-ability|p1b: Arcanine|Intimidate|boost\n|-unboost|p2a: Iron Hands|atk|1\n|-unboost|p2b: Tyranitar|atk|1\n|turn|3\n|\n|t:|1683557959\n|-end|p2a: Iron Hands|Quark Drive|[silent]\n|switch|p2a: Armarouge|Armarouge, L50, M|100\/100\n|move|p1b: Arcanine|Protect|p1b: Arcanine\n|-singleturn|p1b: Arcanine|Protect\n|move|p1a: Ting-Lu|Fissure|p2b: Tyranitar\n|-damage|p2b: Tyranitar|0 fnt\n|faint|p2b: Tyranitar\n|-ohko\n|\n|-weather|Sandstorm|[upkeep]\n|-damage|p2a: Armarouge|94\/100|[from] Sandstorm\n|-heal|p1a: Ting-Lu|65\/100|[from] item: Leftovers\n|upkeep\n|\n|t:|1683557973\n|switch|p2b: Kingambit|Kingambit, L50, F|100\/100\n|turn|4\n|\n|t:|1683557998\n|move|p1b: Arcanine|Will-O-Wisp|p2b: Kingambit\n|-status|p2b: Kingambit|brn\n|move|p2a: Armarouge|Armor Cannon|p1a: Ting-Lu\n|-damage|p1a: Ting-Lu|17\/100\n|-unboost|p2a: Armarouge|def|1\n|-unboost|p2a: Armarouge|spd|1\n|-damage|p2a: Armarouge|84\/100|[from] item: Life Orb\n|move|p2b: Kingambit|Low Kick|p1a: Ting-Lu\n|-supereffective|p1a: Ting-Lu\n|-damage|p1a: Ting-Lu|0 fnt\n|faint|p1a: Ting-Lu\n|\n|-weather|Sandstorm|[upkeep]\n|-damage|p2a: Armarouge|78\/100|[from] Sandstorm\n|-damage|p2b: Kingambit|95\/100 brn|[from] brn\n|upkeep\n|\n|t:|1683558009\n|switch|p1a: Azumarill|Azumarill, L50, F, shiny|100\/100\n|turn|5\n|\n|t:|1683558040\n|switch|p2b: Iron Hands|Iron Hands, L50, tera:Grass|55\/100\n|-terastallize|p1a: Azumarill|Water\n|move|p1b: Arcanine|Flare Blitz|p2b: Iron Hands\n|-supereffective|p2b: Iron Hands\n|-damage|p2b: Iron Hands|0 fnt\n|faint|p2b: Iron Hands\n|-end|p2b: Iron Hands|Quark Drive|[silent]\n|-damage|p1b: Arcanine|76\/100|[from] Recoil\n|move|p2a: Armarouge|Expanding Force|p1a: Azumarill\n|-damage|p1a: Azumarill|66\/100\n|-damage|p2a: Armarouge|68\/100|[from] item: Life Orb\n|move|p1a: Azumarill|Liquidation|p2a: Armarouge\n|-supereffective|p2a: Armarouge\n|-damage|p2a: Armarouge|0 fnt\n|faint|p2a: Armarouge\n|\n|-weather|none\n|upkeep\n|-message|CommunistGuy293 forfeited.\n|\n|win|Piccius\n|raw|Piccius's rating: 1316 → 1331<\/strong> (+15 for winning)\n|raw|CommunistGuy293's rating: 1223 → 1205<\/strong> (-18 for losing)\n|l|\u2606CommunistGuy293\n","uploadtime":1683558072,"views":14,"p1id":"piccius","p2id":"communistguy293","formatid":"gen9vgc2023regulationc","rating":1205,"private":0,"password":""}