{"id":"gen9vgc2023regulationc-1855205217","p1":"Yalper","p2":"PhillyDolph","format":"[Gen 9] VGC 2023 Regulation C","log":"|j|\u2606Yalper\n|j|\u2606PhillyDolph\n|t:|1682914860\n|gametype|doubles\n|player|p1|Yalper|170|1346\n|player|p2|PhillyDolph|steven|1445\n|teamsize|p1|6\n|teamsize|p2|6\n|gen|9\n|tier|[Gen 9] VGC 2023 Regulation C\n|rated|\n|rule|Species Clause: Limit one of each Pok\u00e9mon\n|rule|Item Clause: Limit one of each item\n|clearpoke\n|poke|p1|Chien-Pao, L50|\n|poke|p1|Flutter Mane, L50|\n|poke|p1|Great Tusk, L50|\n|poke|p1|Indeedee-F, L50, F|\n|poke|p1|Talonflame, L50, F|\n|poke|p1|Tatsugiri, L50, F|\n|poke|p2|Scizor, L50, F|\n|poke|p2|Iron Bundle, L50|\n|poke|p2|Gastrodon-East, L50, F|\n|poke|p2|Flutter Mane, L50|\n|poke|p2|Talonflame, L50, M|\n|poke|p2|Chi-Yu, L50|\n|teampreview|4\n|inactive|Battle timer is ON: inactive players will automatically lose when time's up. (requested by PhillyDolph)\nPhillyDolph has agreed to open team sheets.\n|inactive|Yalper has 60 seconds left.\n|inactive|PhillyDolph has 60 seconds left.\n|inactive|PhillyDolph has 30 seconds left.\n|inactive|PhillyDolph has 20 seconds left.\n|\n|t:|1682914934\n|start\n|switch|p1a: Talonflame|Talonflame, L50, F|100\/100\n|switch|p1b: Flutter Mane|Flutter Mane, L50|100\/100\n|switch|p2a: Talonflame|Talonflame, L50, M|100\/100\n|switch|p2b: Iron Bundle|Iron Bundle, L50, shiny|100\/100\n|-enditem|p2b: Iron Bundle|Booster Energy\n|-activate|p2b: Iron Bundle|ability: Quark Drive|[fromitem]\n|-start|p2b: Iron Bundle|quarkdrivespe\n|turn|1\n|inactive|Yalper has 30 seconds left.\n|\n|t:|1682914965\n|move|p1a: Talonflame|Tailwind|p1a: Talonflame\n|-sidestart|p1: Yalper|move: Tailwind\n|move|p2a: Talonflame|Tailwind|p2a: Talonflame\n|-sidestart|p2: PhillyDolph|move: Tailwind\n|move|p2b: Iron Bundle|Icy Wind|p1b: Flutter Mane|[spread] p1a,p1b\n|-damage|p1a: Talonflame|73\/100\n|-damage|p1b: Flutter Mane|79\/100\n|-unboost|p1b: Flutter Mane|spe|1\n|move|p1b: Flutter Mane|Dazzling Gleam|p2b: Iron Bundle|[spread] p2a,p2b\n|-resisted|p2a: Talonflame\n|-damage|p2a: Talonflame|73\/100\n|-damage|p2b: Iron Bundle|7\/100\n|-damage|p1b: Flutter Mane|70\/100|[from] item: Life Orb\n|\n|upkeep\n|turn|2\n|inactive|Yalper has 30 seconds left.\n|inactive|PhillyDolph has 30 seconds left.\n|inactive|Yalper has 20 seconds left.\n|inactive|Yalper has 15 seconds left.\n|\n|t:|1682915009\n|move|p2b: Iron Bundle|Icy Wind|p1b: Flutter Mane|[spread] p1a,p1b\n|-damage|p1a: Talonflame|42\/100\n|-damage|p1b: Flutter Mane|47\/100\n|-unboost|p1b: Flutter Mane|spe|1\n|move|p1a: Talonflame|Brave Bird|p2a: Talonflame\n|-damage|p2a: Talonflame|28\/100\n|-damage|p1a: Talonflame|25\/100|[from] item: Rocky Helmet|[of] p2a: Talonflame\n|-damage|p1a: Talonflame|10\/100|[from] Recoil\n|move|p2a: Talonflame|Air Slash|p1b: Flutter Mane\n|-damage|p1b: Flutter Mane|27\/100\n|move|p1b: Flutter Mane|Dazzling Gleam|p2b: Iron Bundle|[spread] p2a,p2b\n|-resisted|p2a: Talonflame\n|-damage|p2a: Talonflame|0 fnt\n|-damage|p2b: Iron Bundle|0 fnt\n|faint|p2a: Talonflame\n|faint|p2b: Iron Bundle\n|-end|p2b: Iron Bundle|Quark Drive|[silent]\n|-damage|p1b: Flutter Mane|17\/100|[from] item: Life Orb\n|\n|upkeep\n|\n|t:|1682915022\n|switch|p2b: Scizor|Scizor, L50, F|100\/100\n|switch|p2a: Flutter Mane|Flutter Mane, L50|100\/100\n|turn|3\n|inactive|Yalper has 30 seconds left.\n|\n|t:|1682915051\n|move|p2b: Scizor|Protect|p2b: Scizor\n|-singleturn|p2b: Scizor|Protect\n|move|p2a: Flutter Mane|Dazzling Gleam|p1b: Flutter Mane|[spread] p1a,p1b\n|-resisted|p1a: Talonflame\n|-damage|p1a: Talonflame|0 fnt\n|-damage|p1b: Flutter Mane|0 fnt\n|faint|p1a: Talonflame\n|faint|p1b: Flutter Mane\n|-end|p1b: Flutter Mane|Protosynthesis|[silent]\n|-damage|p2a: Flutter Mane|90\/100|[from] item: Life Orb\n|\n|upkeep\n|\n|t:|1682915060\n|switch|p1b: Chien-Pao|Chien-Pao, L50|100\/100\n|switch|p1a: Great Tusk|Great Tusk, L50|100\/100\n|-ability|p1b: Chien-Pao|Sword of Ruin\n|turn|4\n|inactive|Yalper has 30 seconds left.\n|inactive|Yalper has 20 seconds left.\n|\n|t:|1682915098\n|-terastallize|p2a: Flutter Mane|Fairy\n|-terastallize|p1a: Great Tusk|Ground\n|move|p1b: Chien-Pao|Protect|p1b: Chien-Pao\n|-singleturn|p1b: Chien-Pao|Protect\n|move|p2b: Scizor|Bullet Punch|p1b: Chien-Pao\n|-activate|p1b: Chien-Pao|move: Protect\n|move|p2a: Flutter Mane|Dazzling Gleam|p1b: Chien-Pao|[spread] p1a\n|-activate|p1b: Chien-Pao|move: Protect\n|-damage|p1a: Great Tusk|8\/100\n|-damage|p2a: Flutter Mane|80\/100|[from] item: Life Orb\n|move|p1a: Great Tusk|Headlong Rush|p2b: Scizor\n|-damage|p2b: Scizor|0 fnt\n|-unboost|p1a: Great Tusk|def|1\n|-unboost|p1a: Great Tusk|spd|1\n|faint|p2b: Scizor\n|\n|-sideend|p2: PhillyDolph|move: Tailwind\n|-sideend|p1: Yalper|move: Tailwind\n|upkeep\n|turn|5\n|\n|t:|1682915120\n|move|p1b: Chien-Pao|Ice Spinner|p2a: Flutter Mane\n|-damage|p2a: Flutter Mane|0 fnt\n|faint|p2a: Flutter Mane\n|-end|p2a: Flutter Mane|Protosynthesis|[silent]\n|\n|win|Yalper\n|raw|Yalper's rating: 1346 → 1372<\/strong> (+26 for winning)\n|raw|PhillyDolph's rating: 1445 → 1419<\/strong> (-26 for losing)\n|l|\u2606PhillyDolph\n","uploadtime":1682915153,"views":12,"p1id":"yalper","p2id":"phillydolph","formatid":"gen9vgc2023regulationc","rating":1372,"private":0,"password":""}