{"id":"gen9vgc2023regulationc-1854970126","p1":"Blumagination","p2":"BigCashMoneyVGC","format":"[Gen 9] VGC 2023 Regulation C","log":"|j|\u2606Blumagination\n|j|\u2606BigCashMoneyVGC\n|t:|1682886249\n|gametype|doubles\n|player|p1|Blumagination|clown|1310\n|player|p2|BigCashMoneyVGC|fennel|1339\n|teamsize|p1|6\n|teamsize|p2|6\n|gen|9\n|tier|[Gen 9] VGC 2023 Regulation C\n|rated|\n|rule|Species Clause: Limit one of each Pok\u00e9mon\n|rule|Item Clause: Limit one of each item\n|clearpoke\n|poke|p1|Iron Bundle, L50|\n|poke|p1|Flutter Mane, L50|\n|poke|p1|Garganacl, L50, F|\n|poke|p1|Arcanine, L50, M|\n|poke|p1|Amoonguss, L50, M|\n|poke|p1|Ting-Lu, L50|\n|poke|p2|Palafin, L50, M|\n|poke|p2|Ting-Lu, L50|\n|poke|p2|Arcanine, L50, F|\n|poke|p2|Amoonguss, L50, M|\n|poke|p2|Flutter Mane, L50|\n|poke|p2|Goodra, L50, F|\n|teampreview|4\n|inactive|Battle timer is ON: inactive players will automatically lose when time's up. (requested by BigCashMoneyVGC)\nBigCashMoneyVGC has agreed to open team sheets.\n|\n|t:|1682886278\n|start\n|switch|p1a: Garganacl|Garganacl, L50, F|100\/100\n|switch|p1b: Arcanine|Arcanine, L50, M|100\/100\n|switch|p2a: Arcanine|Arcanine, L50, F|100\/100\n|switch|p2b: Goodra|Goodra, L50, F|100\/100\n|-ability|p1b: Arcanine|Intimidate|boost\n|-unboost|p2a: Arcanine|atk|1\n|-unboost|p2b: Goodra|atk|1\n|-ability|p2a: Arcanine|Intimidate|boost\n|-unboost|p1a: Garganacl|atk|1\n|-unboost|p1b: Arcanine|atk|1\n|turn|1\n|inactive|BigCashMoneyVGC has 30 seconds left.\n|l|\u2606BigCashMoneyVGC\n|inactive|BigCashMoneyVGC disconnected and has a minute to reconnect!\n|player|p2|\n|inactive|BigCashMoneyVGC has 20 seconds left.\n|j|\u2606BigCashMoneyVGC\n|inactive|BigCashMoneyVGC reconnected and has 20 seconds left.\n|player|p2|BigCashMoneyVGC|fennel\n|\n|t:|1682886317\n|-terastallize|p2b: Goodra|Fire\n|-terastallize|p1a: Garganacl|Ghost\n|move|p1b: Arcanine|Protect|p1b: Arcanine\n|-singleturn|p1b: Arcanine|Protect\n|move|p2a: Arcanine|Howl|p2a: Arcanine|[spread] p2a,p2b\n|-boost|p2a: Arcanine|atk|1\n|-boost|p2b: Goodra|atk|1\n|move|p2b: Goodra|Rock Slide|p1b: Arcanine|[spread] p1a\n|-activate|p1b: Arcanine|move: Protect\n|-damage|p1a: Garganacl|91\/100\n|move|p1a: Garganacl|Salt Cure|p2b: Goodra\n|-supereffective|p2b: Goodra\n|-damage|p2b: Goodra|79\/100\n|-start|p2b: Goodra|Salt Cure\n|\n|-heal|p2b: Goodra|85\/100|[from] item: Leftovers\n|-heal|p1a: Garganacl|97\/100|[from] item: Leftovers\n|-damage|p2b: Goodra|73\/100|[from] Salt Cure\n|upkeep\n|turn|2\n|c|\u2606Blumagination|yo my man\n|inactive|Blumagination has 30 seconds left.\n|c|\u2606Blumagination|Goodra is a special attackrr\n|c|\u2606BigCashMoneyVGC|Yo\n|inactive|Blumagination has 20 seconds left.\n|c|\u2606BigCashMoneyVGC|Yeah?\n|inactive|Blumagination has 15 seconds left.\n|\n|t:|1682886358\n|switch|p1b: Amoonguss|Amoonguss, L50, M|100\/100\n|move|p2a: Arcanine|Howl|p2a: Arcanine|[spread] p2a,p2b\n|-boost|p2a: Arcanine|atk|1\n|-boost|p2b: Goodra|atk|1\n|move|p2b: Goodra|Life Dew||[still]|[spread] p2a,p2b\n|-fail|p2a: Arcanine|heal\n|-heal|p2b: Goodra|98\/100\n|move|p1a: Garganacl|Salt Cure|p2a: Arcanine\n|-supereffective|p2a: Arcanine\n|-damage|p2a: Arcanine|78\/100\n|-start|p2a: Arcanine|Salt Cure\n|\n|-heal|p2b: Goodra|100\/100|[from] item: Leftovers\n|-heal|p1a: Garganacl|100\/100|[from] item: Leftovers\n|-damage|p2a: Arcanine|66\/100|[from] Salt Cure\n|-damage|p2b: Goodra|88\/100|[from] Salt Cure\n|upkeep\n|turn|3\n|c|\u2606Blumagination|Yeah\n|inactive|Blumagination has 30 seconds left.\n|\n|t:|1682886385\n|move|p1b: Amoonguss|Protect|p1b: Amoonguss\n|-singleturn|p1b: Amoonguss|Protect\n|move|p2a: Arcanine|Howl|p2a: Arcanine|[spread] p2a,p2b\n|-boost|p2a: Arcanine|atk|1\n|-boost|p2b: Goodra|atk|1\n|move|p2b: Goodra|Life Dew|p2b: Goodra|[spread] p2a,p2b\n|-heal|p2a: Arcanine|91\/100\n|-heal|p2b: Goodra|100\/100\n|move|p1a: Garganacl|Stealth Rock|p2a: Arcanine\n|-sidestart|p2: BigCashMoneyVGC|move: Stealth Rock\n|\n|-damage|p2a: Arcanine|79\/100|[from] Salt Cure\n|-damage|p2b: Goodra|88\/100|[from] Salt Cure\n|upkeep\n|turn|4\n|\n|t:|1682886390\n|switch|p1a: Iron Bundle|Iron Bundle, L50|100\/100\n|-enditem|p1a: Iron Bundle|Booster Energy\n|-activate|p1a: Iron Bundle|ability: Quark Drive|[fromitem]\n|-start|p1a: Iron Bundle|quarkdrivespe\n|switch|p1b: Arcanine|Arcanine, L50, M|100\/100\n|-ability|p1b: Arcanine|Intimidate|boost\n|-unboost|p2a: Arcanine|atk|1\n|-unboost|p2b: Goodra|atk|1\n|move|p2a: Arcanine|Howl|p2a: Arcanine|[spread] p2a,p2b\n|-boost|p2a: Arcanine|atk|1\n|-boost|p2b: Goodra|atk|1\n|move|p2b: Goodra|Rock Slide|p1b: Arcanine|[spread] p1a,p1b\n|-supereffective|p1a: Iron Bundle\n|-supereffective|p1b: Arcanine\n|-damage|p1a: Iron Bundle|29\/100\n|-damage|p1b: Arcanine|26\/100\n|\n|-heal|p2b: Goodra|94\/100|[from] item: Leftovers\n|-damage|p2a: Arcanine|66\/100|[from] Salt Cure\n|-damage|p2b: Goodra|82\/100|[from] Salt Cure\n|upkeep\n|turn|5\n|\n|t:|1682886400\n|switch|p1b: Garganacl|Garganacl, L50, F, tera:Ghost|100\/100\n|move|p2a: Arcanine|Extreme Speed|p1a: Iron Bundle\n|-damage|p1a: Iron Bundle|0 fnt\n|faint|p1a: Iron Bundle\n|-end|p1a: Iron Bundle|Quark Drive|[silent]\n|move|p2b: Goodra|Life Dew|p2b: Goodra|[spread] p2a,p2b\n|-heal|p2a: Arcanine|91\/100\n|-heal|p2b: Goodra|100\/100\n|\n|-damage|p2a: Arcanine|79\/100|[from] Salt Cure\n|-damage|p2b: Goodra|88\/100|[from] Salt Cure\n|upkeep\n|c|\u2606BigCashMoneyVGC|Yeah.\n|\n|t:|1682886408\n|switch|p1a: Arcanine|Arcanine, L50, M|26\/100\n|-ability|p1a: Arcanine|Intimidate|boost\n|-unboost|p2a: Arcanine|atk|1\n|-unboost|p2b: Goodra|atk|1\n|turn|6\n|\n|t:|1682886415\n|switch|p1a: Amoonguss|Amoonguss, L50, M|100\/100\n|move|p2a: Arcanine|Howl|p2a: Arcanine|[spread] p2a,p2b\n|-boost|p2a: Arcanine|atk|1\n|-boost|p2b: Goodra|atk|1\n|move|p2b: Goodra|Life Dew|p2b: Goodra|[spread] p2a,p2b\n|-heal|p2a: Arcanine|100\/100\n|-heal|p2b: Goodra|100\/100\n|move|p1b: Garganacl|Salt Cure|p2b: Goodra\n|-supereffective|p2b: Goodra\n|-damage|p2b: Goodra|70\/100\n|\n|-heal|p2b: Goodra|76\/100|[from] item: Leftovers\n|-damage|p2a: Arcanine|88\/100|[from] Salt Cure\n|-damage|p2b: Goodra|64\/100|[from] Salt Cure\n|upkeep\n|turn|7\n|\n|t:|1682886430\n|switch|p1b: Arcanine|Arcanine, L50, M|26\/100\n|-ability|p1b: Arcanine|Intimidate|boost\n|-unboost|p2a: Arcanine|atk|1\n|-unboost|p2b: Goodra|atk|1\n|move|p2a: Arcanine|Howl|p2a: Arcanine|[spread] p2a,p2b\n|-boost|p2a: Arcanine|atk|1\n|-boost|p2b: Goodra|atk|1\n|move|p2b: Goodra|Fire Punch|p1a: Amoonguss\n|-supereffective|p1a: Amoonguss\n|-damage|p1a: Amoonguss|2\/100\n|-enditem|p1a: Amoonguss|Sitrus Berry|[eat]\n|-heal|p1a: Amoonguss|27\/100|[from] item: Sitrus Berry\n|move|p1a: Amoonguss|Spore|p2b: Goodra\n|-ability|p2b: Goodra|Sap Sipper|boost\n|-boost|p2b: Goodra|atk|1\n|\n|-heal|p2b: Goodra|70\/100|[from] item: Leftovers\n|-damage|p2a: Arcanine|76\/100|[from] Salt Cure\n|-damage|p2b: Goodra|58\/100|[from] Salt Cure\n|upkeep\n|turn|8\n|c|\u2606BigCashMoneyVGC|Yeah\n|\n|t:|1682886440\n|switch|p1a: Garganacl|Garganacl, L50, F, tera:Ghost|100\/100\n|move|p1b: Arcanine|Protect|p1b: Arcanine\n|-singleturn|p1b: Arcanine|Protect\n|move|p2a: Arcanine|Howl|p2a: Arcanine|[spread] p2a,p2b\n|-boost|p2a: Arcanine|atk|1\n|-boost|p2b: Goodra|atk|1\n|move|p2b: Goodra|Rock Slide|p1a: Garganacl|[spread] p1a\n|-activate|p1b: Arcanine|move: Protect\n|-damage|p1a: Garganacl|72\/100\n|\n|-heal|p2b: Goodra|64\/100|[from] item: Leftovers\n|-heal|p1a: Garganacl|77\/100|[from] item: Leftovers\n|-damage|p2a: Arcanine|64\/100|[from] Salt Cure\n|-damage|p2b: Goodra|52\/100|[from] Salt Cure\n|upkeep\n|turn|9\n|c|\u2606Blumagination|I mean im playing stall i cant push through that but it still seems odd\n|inactive|Blumagination has 30 seconds left.\n|-message|Blumagination forfeited.\n|\n|win|BigCashMoneyVGC\n|raw|Blumagination's rating: 1310 → 1292<\/strong> (-18 for losing)\n|raw|BigCashMoneyVGC's rating: 1339 → 1357<\/strong> (+18 for winning)\n|l|\u2606Blumagination\n","uploadtime":1682886483,"views":10,"p1id":"blumagination","p2id":"bigcashmoneyvgc","formatid":"gen9vgc2023regulationc","rating":1292,"private":0,"password":""}