{"id":"gen9vgc2023regulationc-1856253830","p1":"Pr0xsome","p2":"haburasigosi","format":"[Gen 9] VGC 2023 Regulation C","log":"|j|\u2606Pr0xsome\n|j|\u2606haburasigosi\n|t:|1683044917\n|gametype|doubles\n|player|p1|Pr0xsome|preschooler|1685\n|player|p2|haburasigosi|265|1747\n|teamsize|p1|6\n|teamsize|p2|6\n|gen|9\n|tier|[Gen 9] VGC 2023 Regulation C\n|rated|\n|rule|Species Clause: Limit one of each Pok\u00e9mon\n|rule|Item Clause: Limit one of each item\n|clearpoke\n|poke|p1|Kingambit, L50, F|\n|poke|p1|Glimmora, L50, F|\n|poke|p1|Dragonite, L50, M|\n|poke|p1|Chien-Pao, L50|\n|poke|p1|Arcanine, L50, M|\n|poke|p1|Rotom-Wash, L50|\n|poke|p2|Ting-Lu, L50|\n|poke|p2|Annihilape, L50, F|\n|poke|p2|Corviknight, L50, F|\n|poke|p2|Iron Moth, L50|\n|poke|p2|Grimmsnarl, L50, M|\n|poke|p2|Gholdengo, L50|\n|teampreview|4\n|inactive|Battle timer is ON: inactive players will automatically lose when time's up. (requested by Pr0xsome)\n|\n|t:|1683044982\n|start\n|switch|p1a: Kingambit|Kingambit, L50, F|100\/100\n|switch|p1b: Dragonite|Dragonite, L50, M|100\/100\n|switch|p2a: Grimmsnarl|Grimmsnarl, L50, M|100\/100\n|switch|p2b: Gholdengo|Gholdengo, L50|100\/100\n|turn|1\n|j| Receptionitis15\n|\n|t:|1683045001\n|switch|p1b: Rotom|Rotom-Wash, L50|100\/100\n|move|p2a: Grimmsnarl|Fake Out|p1a: Kingambit\n|-resisted|p1a: Kingambit\n|-damage|p1a: Kingambit|97\/100\n|move|p2b: Gholdengo|Nasty Plot|p2b: Gholdengo\n|-boost|p2b: Gholdengo|spa|2\n|cant|p1a: Kingambit|flinch\n|\n|upkeep\n|turn|2\n|\n|t:|1683045015\n|move|p2b: Gholdengo|Protect|p2b: Gholdengo\n|-singleturn|p2b: Gholdengo|Protect\n|move|p2a: Grimmsnarl|Reflect|p2a: Grimmsnarl\n|-sidestart|p2: haburasigosi|Reflect\n|move|p1b: Rotom|Nasty Plot|p1b: Rotom\n|-boost|p1b: Rotom|spa|2\n|move|p1a: Kingambit|Kowtow Cleave|p2b: Gholdengo\n|-activate|p2b: Gholdengo|move: Protect\n|\n|upkeep\n|turn|3\n|j| 478HaveFun\n|\n|t:|1683045031\n|move|p2a: Grimmsnarl|Light Screen|p2a: Grimmsnarl\n|-sidestart|p2: haburasigosi|move: Light Screen\n|move|p2b: Gholdengo|Shadow Ball|p1b: Rotom\n|-damage|p1b: Rotom|25\/100\n|-unboost|p1b: Rotom|spd|1\n|-enditem|p1b: Rotom|Sitrus Berry|[eat]\n|-heal|p1b: Rotom|50\/100|[from] item: Sitrus Berry\n|move|p1b: Rotom|Thunderbolt|p2b: Gholdengo\n|-damage|p2b: Gholdengo|54\/100\n|move|p1a: Kingambit|Kowtow Cleave|p2b: Gholdengo\n|-supereffective|p2b: Gholdengo\n|-damage|p2b: Gholdengo|0 fnt\n|faint|p2b: Gholdengo\n|\n|upkeep\n|\n|t:|1683045045\n|switch|p2b: Iron Moth|Iron Moth, L50|100\/100\n|-enditem|p2b: Iron Moth|Booster Energy\n|-activate|p2b: Iron Moth|ability: Quark Drive|[fromitem]\n|-start|p2b: Iron Moth|quarkdrivespa\n|turn|4\n|\n|t:|1683045058\n|switch|p2a: Corviknight|Corviknight, L50, F|100\/100\n|-terastallize|p1a: Kingambit|Fire\n|move|p2b: Iron Moth|Fiery Dance|p1a: Kingambit\n|-resisted|p1a: Kingambit\n|-damage|p1a: Kingambit|82\/100\n|move|p1b: Rotom|Thunderbolt|p2b: Iron Moth\n|-damage|p2b: Iron Moth|59\/100\n|move|p1a: Kingambit|Kowtow Cleave|p2b: Iron Moth\n|-damage|p2b: Iron Moth|16\/100\n|\n|upkeep\n|turn|5\n|\n|t:|1683045073\n|move|p1a: Kingambit|Sucker Punch|p2b: Iron Moth\n|-damage|p2b: Iron Moth|0 fnt\n|faint|p2b: Iron Moth\n|-end|p2b: Iron Moth|Quark Drive|[silent]\n|move|p1b: Rotom|Thunderbolt|p2a: Corviknight\n|-supereffective|p2a: Corviknight\n|-damage|p2a: Corviknight|19\/100\n|move|p2a: Corviknight|Brave Bird|p1a: Kingambit\n|-damage|p1a: Kingambit|47\/100\n|-damage|p2a: Corviknight|7\/100|[from] Recoil\n|\n|upkeep\n|\n|t:|1683045076\n|switch|p2b: Grimmsnarl|Grimmsnarl, L50, M|100\/100\n|turn|6\n|\n|t:|1683045087\n|move|p1b: Rotom|Thunderbolt|p2a: Corviknight\n|-supereffective|p2a: Corviknight\n|-damage|p2a: Corviknight|0 fnt\n|faint|p2a: Corviknight\n|move|p2b: Grimmsnarl|Spirit Break|p2: Corviknight|[notarget]\n|-fail|p2b: Grimmsnarl\n|move|p1a: Kingambit|Tera Blast|p2b: Grimmsnarl\n|-damage|p2b: Grimmsnarl|68\/100\n|\n|upkeep\n|turn|7\n|\n|t:|1683045099\n|move|p1b: Rotom|Thunderbolt|p2b: Grimmsnarl\n|-damage|p2b: Grimmsnarl|30\/100\n|move|p2b: Grimmsnarl|Spirit Break|p2: Corviknight|[notarget]\n|-fail|p2b: Grimmsnarl\n|move|p1a: Kingambit|Iron Head|p2b: Grimmsnarl\n|-supereffective|p2b: Grimmsnarl\n|-damage|p2b: Grimmsnarl|0 fnt\n|faint|p2b: Grimmsnarl\n|\n|win|Pr0xsome\n|raw|Pr0xsome's rating: 1685 → 1709<\/strong> (+24 for winning)\n|raw|haburasigosi's rating: 1747 → 1723<\/strong> (-24 for losing)\n|l| Receptionitis15\n|l|\u2606Pr0xsome\n","uploadtime":1683045199,"views":9,"p1id":"pr0xsome","p2id":"haburasigosi","formatid":"gen9vgc2023regulationc","rating":1709,"private":0,"password":""}