{"id":"gen9vgc2023regulationc-1860507550","p1":"poklmob","p2":"Arcacagne","format":"[Gen 9] VGC 2023 Regulation C","log":"|j|\u2606poklmob\n|j|\u2606Arcacagne\n|t:|1683650167\n|gametype|doubles\n|player|p1|poklmob|2|1346\n|player|p2|Arcacagne|101|1328\n|teamsize|p1|6\n|teamsize|p2|6\n|gen|9\n|tier|[Gen 9] VGC 2023 Regulation C\n|rated|\n|rule|Species Clause: Limit one of each Pok\u00e9mon\n|rule|Item Clause: Limit one of each item\n|clearpoke\n|poke|p1|Sylveon, L50, F|\n|poke|p1|Armarouge, L50, F|\n|poke|p1|Dondozo, L50, M|\n|poke|p1|Tatsugiri, L50, F|\n|poke|p1|Flutter Mane, L50|\n|poke|p1|Amoonguss, L50, F|\n|poke|p2|Flutter Mane, L50|\n|poke|p2|Chi-Yu, L50|\n|poke|p2|Amoonguss, L50, F|\n|poke|p2|Annihilape, L50, M|\n|poke|p2|Scream Tail, L50|\n|poke|p2|Iron Bundle, L50|\n|teampreview|4\n|\n|t:|1683650200\n|start\n|switch|p1a: Sylveon|Sylveon, L50, F|100\/100\n|switch|p1b: Armarouge|Armarouge, L50, F|100\/100\n|switch|p2a: Annihilape|Annihilape, L50, M|100\/100\n|switch|p2b: Scream Tail|Scream Tail, L50|100\/100\n|-enditem|p2b: Scream Tail|Booster Energy\n|-activate|p2b: Scream Tail|ability: Protosynthesis|[fromitem]\n|-start|p2b: Scream Tail|protosynthesisspe\n|turn|1\n|inactive|Battle timer is ON: inactive players will automatically lose when time's up. (requested by poklmob)\n|\n|t:|1683650214\n|-terastallize|p1b: Armarouge|Dark\n|move|p2b: Scream Tail|Protect|p2b: Scream Tail\n|-singleturn|p2b: Scream Tail|Protect\n|move|p2a: Annihilape|Protect|p2a: Annihilape\n|-singleturn|p2a: Annihilape|Protect\n|move|p1a: Sylveon|Quick Attack|p1b: Armarouge\n|-supereffective|p1b: Armarouge\n|-damage|p1b: Armarouge|77\/100\n|-ability|p1b: Armarouge|Weak Armor|boost\n|-unboost|p1b: Armarouge|def|1\n|-boost|p1b: Armarouge|spe|2\n|-enditem|p1b: Armarouge|Weakness Policy\n|-boost|p1b: Armarouge|atk|2|[from] item: Weakness Policy\n|-boost|p1b: Armarouge|spa|2|[from] item: Weakness Policy\n|move|p1b: Armarouge|Stored Power|p2a: Annihilape\n|-activate|p2a: Annihilape|move: Protect\n|\n|upkeep\n|turn|2\n|c|\u2606Arcacagne|new meta\n|inactive|Arcacagne has 30 seconds left.\n|inactive|Arcacagne has 20 seconds left.\n|\n|t:|1683650249\n|-terastallize|p2a: Annihilape|Fire\n|move|p1a: Sylveon|Quick Attack|p1b: Armarouge\n|-supereffective|p1b: Armarouge\n|-damage|p1b: Armarouge|39\/100\n|-ability|p1b: Armarouge|Weak Armor|boost\n|-unboost|p1b: Armarouge|def|1\n|-boost|p1b: Armarouge|spe|2\n|move|p1b: Armarouge|Stored Power|p2a: Annihilape\n|-damage|p2a: Annihilape|0 fnt\n|faint|p2a: Annihilape\n|move|p2b: Scream Tail|Disable|p1b: Armarouge\n|-start|p1b: Armarouge|Disable|Stored Power\n|\n|upkeep\n|\n|t:|1683650262\n|switch|p2a: Flutter Mane|Flutter Mane, L50|100\/100\n|turn|3\n|\n|t:|1683650283\n|switch|p1a: Flutter Mane|Flutter Mane, L50|100\/100\n|move|p1b: Armarouge|Protect|p1b: Armarouge\n|-singleturn|p1b: Armarouge|Protect\n|move|p2b: Scream Tail|Encore||[still]\n|-fail|p2b: Scream Tail\n|move|p2a: Flutter Mane|Dazzling Gleam|p1b: Armarouge|[spread] p1a\n|-activate|p1b: Armarouge|move: Protect\n|-damage|p1a: Flutter Mane|51\/100\n|\n|upkeep\n|turn|4\n|\n|t:|1683650303\n|move|p2b: Scream Tail|Protect|p2b: Scream Tail\n|-singleturn|p2b: Scream Tail|Protect\n|move|p1b: Armarouge|Armor Cannon|p2a: Flutter Mane\n|-damage|p2a: Flutter Mane|0 fnt\n|-unboost|p1b: Armarouge|def|1\n|-unboost|p1b: Armarouge|spd|1\n|faint|p2a: Flutter Mane\n|-end|p2a: Flutter Mane|Protosynthesis|[silent]\n|move|p1a: Flutter Mane|Shadow Ball|p2b: Scream Tail\n|-activate|p2b: Scream Tail|move: Protect\n|\n|upkeep\n|\n|t:|1683650313\n|switch|p2a: Amoonguss|Amoonguss, L50, F|100\/100\n|turn|5\n|-message|Arcacagne forfeited.\n|\n|win|poklmob\n|raw|poklmob's rating: 1346 → 1365<\/strong> (+19 for winning)\n|raw|Arcacagne's rating: 1328 → 1309<\/strong> (-19 for losing)\n","uploadtime":1683650327,"views":11,"p1id":"poklmob","p2id":"arcacagne","formatid":"gen9vgc2023regulationc","rating":1309,"private":0,"password":""}