{"id":"gen9vgc2023regulationc-1859184379","p1":"feetway","p2":"VenomBari","format":"[Gen 9] VGC 2023 Regulation C","log":"|j|\u2606feetway\n|j|\u2606VenomBari\n|t:|1683414940\n|gametype|doubles\n|player|p1|feetway|veteran-gen4|1105\n|player|p2|VenomBari|hilda|1148\n|teamsize|p1|6\n|teamsize|p2|6\n|gen|9\n|tier|[Gen 9] VGC 2023 Regulation C\n|rated|\n|rule|Species Clause: Limit one of each Pok\u00e9mon\n|rule|Item Clause: Limit one of each item\n|clearpoke\n|poke|p1|Iron Hands, L50|\n|poke|p1|Amoonguss, L50, F|\n|poke|p1|Pelipper, L50, F|\n|poke|p1|Palafin, L50, F|\n|poke|p1|Baxcalibur, L50, F|\n|poke|p1|Dragonite, L50, F|\n|poke|p2|Kingambit, L50, F|\n|poke|p2|Ting-Lu, L50|\n|poke|p2|Baxcalibur, L50, M|\n|poke|p2|Talonflame, L50, M|\n|poke|p2|Flutter Mane, L50|\n|poke|p2|Palafin, L50, F|\n|teampreview|4\nfeetway rejected open team sheets.\n|c|\u2606VenomBari|glhf\n|c|\u2606feetway|bad luck dont have fun\n|c|\u2606VenomBari|that was the plan\n|\n|t:|1683415036\n|start\n|switch|p1a: BlockBuster|Baxcalibur, L50, F|100\/100\n|switch|p1b: Torqoise|Palafin, L50, F|100\/100\n|switch|p2a: Talonflame|Talonflame, L50, M, shiny|100\/100\n|switch|p2b: Kingambit|Kingambit, L50, F|100\/100\n|turn|1\n|\n|t:|1683415059\n|detailschange|p1b: Torqoise|Palafin-Hero, L50, F\n|switch|p1b: Maradona|Iron Hands, L50, shiny|100\/100\n|move|p2a: Talonflame|Tailwind|p2a: Talonflame\n|-sidestart|p2: VenomBari|move: Tailwind\n|move|p1a: BlockBuster|Ice Shard|p2a: Talonflame\n|-damage|p2a: Talonflame|66\/100\n|move|p2b: Kingambit|Iron Head|p1a: BlockBuster\n|-supereffective|p1a: BlockBuster\n|-damage|p1a: BlockBuster|20\/100\n|\n|upkeep\n|turn|2\n|\n|t:|1683415077\n|move|p2b: Kingambit|Sucker Punch|p1a: BlockBuster\n|-damage|p1a: BlockBuster|0 fnt\n|faint|p1a: BlockBuster\n|move|p2a: Talonflame|Will-O-Wisp|p1b: Maradona\n|-status|p1b: Maradona|brn\n|move|p1b: Maradona|Close Combat|p2b: Kingambit\n|-supereffective|p2b: Kingambit\n|-damage|p2b: Kingambit|0 fnt\n|-unboost|p1b: Maradona|def|1\n|-unboost|p1b: Maradona|spd|1\n|faint|p2b: Kingambit\n|\n|-damage|p1b: Maradona|94\/100 brn|[from] brn\n|upkeep\n|\n|t:|1683415095\n|switch|p1a: Shrom41Mor|Amoonguss, L50, F|100\/100\n|switch|p2b: Baxcalibur|Baxcalibur, L50, M|100\/100\n|turn|3\n|\n|t:|1683415108\n|-end|p1b: Maradona|Quark Drive|[silent]\n|switch|p1b: Torqoise|Palafin-Hero, L50, F|100\/100\n|-activate|p1b: Torqoise|ability: Zero to Hero\n|-terastallize|p1a: Shrom41Mor|Steel\n|move|p1a: Shrom41Mor|Rage Powder|p1a: Shrom41Mor\n|-singleturn|p1a: Shrom41Mor|move: Rage Powder\n|move|p2b: Baxcalibur|Ice Shard|p1a: Shrom41Mor\n|-resisted|p1a: Shrom41Mor\n|-damage|p1a: Shrom41Mor|89\/100\n|move|p2a: Talonflame|Brave Bird|p1a: Shrom41Mor\n|-resisted|p1a: Shrom41Mor\n|-damage|p1a: Shrom41Mor|72\/100\n|-damage|p2a: Talonflame|60\/100|[from] Recoil\n|\n|upkeep\n|turn|4\n|\n|t:|1683415128\n|move|p1b: Torqoise|Jet Punch|p2a: Talonflame\n|-supereffective|p2a: Talonflame\n|-crit|p2a: Talonflame\n|-damage|p2a: Talonflame|0 fnt\n|faint|p2a: Talonflame\n|move|p2b: Baxcalibur|Earthquake|p1b: Torqoise|[spread] p1a,p1b\n|-supereffective|p1a: Shrom41Mor\n|-crit|p1b: Torqoise\n|-damage|p1a: Shrom41Mor|10\/100\n|-damage|p1b: Torqoise|60\/100\n|-enditem|p1a: Shrom41Mor|Sitrus Berry|[eat]\n|-heal|p1a: Shrom41Mor|35\/100|[from] item: Sitrus Berry\n|move|p1a: Shrom41Mor|Spore|p2b: Baxcalibur\n|-status|p2b: Baxcalibur|slp|[from] move: Spore\n|\n|-sideend|p2: VenomBari|move: Tailwind\n|upkeep\n|\n|t:|1683415140\n|switch|p2a: Flutter Mane|Flutter Mane, L50|100\/100\n|turn|5\n|\n|t:|1683415164\n|switch|p1a: Maradona|Iron Hands, L50, shiny|94\/100 brn\n|move|p2a: Flutter Mane|Shadow Ball|p1a: Maradona\n|-damage|p1a: Maradona|65\/100 brn\n|move|p1b: Torqoise|Wave Crash|p2a: Flutter Mane\n|-damage|p2a: Flutter Mane|0 fnt\n|faint|p2a: Flutter Mane\n|-end|p2a: Flutter Mane|Protosynthesis|[silent]\n|-damage|p1b: Torqoise|35\/100|[from] Recoil\n|cant|p2b: Baxcalibur|slp\n|\n|-damage|p1a: Maradona|59\/100 brn|[from] brn\n|upkeep\n|turn|6\n|\n|t:|1683415183\n|cant|p2b: Baxcalibur|slp\n|move|p1b: Torqoise|Wave Crash|p2b: Baxcalibur\n|-resisted|p2b: Baxcalibur\n|-damage|p2b: Baxcalibur|59\/100 slp\n|-damage|p1b: Torqoise|20\/100|[from] Recoil\n|move|p1a: Maradona|Close Combat|p2b: Baxcalibur\n|-supereffective|p2b: Baxcalibur\n|-damage|p2b: Baxcalibur|7\/100 slp\n|-unboost|p1a: Maradona|def|1\n|-unboost|p1a: Maradona|spd|1\n|\n|-damage|p1a: Maradona|53\/100 brn|[from] brn\n|upkeep\n|turn|7\n|\n|t:|1683415196\n|cant|p2b: Baxcalibur|slp\n|move|p1b: Torqoise|Jet Punch|p2b: Baxcalibur\n|-resisted|p2b: Baxcalibur\n|-damage|p2b: Baxcalibur|0 fnt\n|faint|p2b: Baxcalibur\n|\n|win|feetway\n|raw|feetway's rating: 1105 → 1133<\/strong> (+28 for winning)\n|raw|VenomBari's rating: 1148 → 1120<\/strong> (-28 for losing)\n|c|\u2606VenomBari|gg\n|c|\u2606feetway|bad game\n","uploadtime":1683415206,"views":7,"p1id":"feetway","p2id":"venombari","formatid":"gen9vgc2023regulationc","rating":1120,"private":0,"password":""}