{"id":"gen9vgc2023regulationc-1861087815","p1":"Jeremih-13","p2":"DarthIgnus","format":"[Gen 9] VGC 2023 Regulation C","log":"|j|\u2606Jeremih-13\n|j|\u2606DarthIgnus\n|t:|1683725378\n|gametype|doubles\n|player|p1|Jeremih-13|101|1378\n|player|p2|DarthIgnus|dragontamer|1337\n|teamsize|p1|6\n|teamsize|p2|6\n|gen|9\n|tier|[Gen 9] VGC 2023 Regulation C\n|rated|\n|rule|Species Clause: Limit one of each Pok\u00e9mon\n|rule|Item Clause: Limit one of each item\n|clearpoke\n|poke|p1|Dragonite, L50, F|\n|poke|p1|Ting-Lu, L50|\n|poke|p1|Baxcalibur, L50, F|\n|poke|p1|Mimikyu, L50, F|\n|poke|p1|Corviknight, L50, M|\n|poke|p1|Amoonguss, L50, F|\n|poke|p2|Orthworm, L50, M|\n|poke|p2|Flutter Mane, L50|\n|poke|p2|Dragonite, L50, F|\n|poke|p2|Ting-Lu, L50|\n|poke|p2|Baxcalibur, L50, F|\n|poke|p2|Gyarados, L50, M|\n|teampreview|4\nDarthIgnus has agreed to open team sheets.\n|\n|t:|1683725450\n|start\n|switch|p1a: Corviknight|Corviknight, L50, M|100\/100\n|switch|p1b: Mimikyu|Mimikyu, L50, F|100\/100\n|switch|p2a: Orthworm|Orthworm, L50, M|100\/100\n|switch|p2b: Gyarados|Gyarados, L50, M|100\/100\n|-ability|p2b: Gyarados|Intimidate|boost\n|-ability|p1a: Corviknight|Mirror Armor\n|-unboost|p2b: Gyarados|atk|1\n|-unboost|p1b: Mimikyu|atk|1\n|turn|1\n|\n|t:|1683725469\n|move|p2b: Gyarados|Taunt|p1a: Corviknight\n|-start|p1a: Corviknight|move: Taunt\n|cant|p1a: Corviknight|move: Taunt|Bulk Up\n|move|p2a: Orthworm|Iron Defense|p2a: Orthworm\n|-boost|p2a: Orthworm|def|2\n|move|p1b: Mimikyu|Trick Room|p1b: Mimikyu\n|-fieldstart|move: Trick Room|[of] p1b: Mimikyu\n|\n|upkeep\n|turn|2\n|\n|t:|1683725490\n|switch|p1a: Amoonguss|Amoonguss, L50, F|100\/100\n|move|p1b: Mimikyu|Protect|p1b: Mimikyu\n|-singleturn|p1b: Mimikyu|Protect\n|move|p2a: Orthworm|Heavy Slam|p1b: Mimikyu\n|-activate|p1b: Mimikyu|move: Protect\n|move|p2b: Gyarados|Thunder Wave|p1a: Amoonguss\n|-status|p1a: Amoonguss|par\n|\n|upkeep\n|turn|3\n|\n|t:|1683725513\n|move|p1a: Amoonguss|Spore|p2b: Gyarados\n|-activate|p2b: Gyarados|item: Safety Goggles|Spore\n|move|p2a: Orthworm|Heavy Slam|p1b: Mimikyu\n|-activate|p1b: Mimikyu|ability: Disguise\n|-damage|p1b: Mimikyu|100\/100\n|detailschange|p1b: Mimikyu|Mimikyu-Busted, L50, F\n|-damage|p1b: Mimikyu|88\/100|[from] pokemon: Mimikyu-Busted\n|move|p1b: Mimikyu|Play Rough|p2a: Orthworm\n|-resisted|p2a: Orthworm\n|-damage|p2a: Orthworm|95\/100\n|-unboost|p2a: Orthworm|atk|1\n|-damage|p1b: Mimikyu|78\/100|[from] item: Life Orb\n|move|p2b: Gyarados|Taunt|p1a: Amoonguss\n|-start|p1a: Amoonguss|move: Taunt\n|\n|upkeep\n|turn|4\n|\n|t:|1683725537\n|switch|p1a: Corviknight|Corviknight, L50, M|100\/100\n|move|p1b: Mimikyu|Protect|p1b: Mimikyu\n|-singleturn|p1b: Mimikyu|Protect\n|move|p2a: Orthworm|Heavy Slam|p1b: Mimikyu\n|-activate|p1b: Mimikyu|move: Protect\n|move|p2b: Gyarados|Thunder Wave|p1a: Corviknight\n|-status|p1a: Corviknight|par\n|\n|upkeep\n|turn|5\n|\n|t:|1683725556\n|move|p1a: Corviknight|Bulk Up|p1a: Corviknight\n|-boost|p1a: Corviknight|atk|1\n|-boost|p1a: Corviknight|def|1\n|move|p2a: Orthworm|Iron Defense|p2a: Orthworm\n|-boost|p2a: Orthworm|def|2\n|move|p1b: Mimikyu|Play Rough|p2b: Gyarados\n|-damage|p2b: Gyarados|66\/100\n|-damage|p1b: Mimikyu|68\/100|[from] item: Life Orb\n|move|p2b: Gyarados|Bulldoze|p1b: Mimikyu|[spread] p1b\n|-heal|p2a: Orthworm|100\/100|[from] ability: Earth Eater|[of] p2b: Gyarados\n|-immune|p1a: Corviknight\n|-damage|p1b: Mimikyu|57\/100\n|-unboost|p1b: Mimikyu|spe|1\n|\n|-fieldend|move: Trick Room\n|upkeep\n|turn|6\n|\n|t:|1683725582\n|move|p2b: Gyarados|Taunt|p1a: Corviknight\n|-start|p1a: Corviknight|move: Taunt\n|move|p2a: Orthworm|Iron Defense|p2a: Orthworm\n|-boost|p2a: Orthworm|def|2\n|cant|p1a: Corviknight|par\n|move|p1b: Mimikyu|Trick Room|p1b: Mimikyu\n|-fieldstart|move: Trick Room|[of] p1b: Mimikyu\n|\n|upkeep\n|turn|7\n|\n|t:|1683725624\n|move|p1b: Mimikyu|Shadow Sneak|p2a: Orthworm\n|-crit|p2a: Orthworm\n|-damage|p2a: Orthworm|75\/100\n|-damage|p1b: Mimikyu|46\/100|[from] item: Life Orb\n|move|p1a: Corviknight|Brave Bird|p2b: Gyarados\n|-damage|p2b: Gyarados|9\/100\n|-damage|p1a: Corviknight|82\/100 par|[from] Recoil\n|move|p2a: Orthworm|Body Press|p1a: Corviknight\n|-damage|p1a: Corviknight|17\/100 par\n|-enditem|p1a: Corviknight|Sitrus Berry|[eat]\n|-heal|p1a: Corviknight|42\/100 par|[from] item: Sitrus Berry\n|move|p2b: Gyarados|Taunt|p1b: Mimikyu\n|-start|p1b: Mimikyu|move: Taunt\n|\n|upkeep\n|turn|8\n|\n|t:|1683725675\n|move|p1b: Mimikyu|Shadow Sneak|p2a: Orthworm\n|-damage|p2a: Orthworm|73\/100\n|-damage|p1b: Mimikyu|36\/100|[from] item: Life Orb\n|move|p1a: Corviknight|Iron Head|p2b: Gyarados\n|-resisted|p2b: Gyarados\n|-damage|p2b: Gyarados|0 fnt\n|faint|p2b: Gyarados\n|move|p2a: Orthworm|Body Press|p1a: Corviknight\n|-damage|p1a: Corviknight|0 fnt\n|faint|p1a: Corviknight\n|\n|upkeep\n|\n|t:|1683725688\n|switch|p1a: Amoonguss|Amoonguss, L50, F|100\/100 par\n|switch|p2b: Baxcalibur|Baxcalibur, L50, F|100\/100\n|turn|9\n|\n|t:|1683725727\n|move|p2b: Baxcalibur|Ice Shard|p1a: Amoonguss\n|-supereffective|p1a: Amoonguss\n|-damage|p1a: Amoonguss|60\/100 par\n|move|p1a: Amoonguss|Spore|p2a: Orthworm\n|-status|p2a: Orthworm|slp|[from] move: Spore\n|move|p1b: Mimikyu|Play Rough|p2b: Baxcalibur\n|-supereffective|p2b: Baxcalibur\n|-damage|p2b: Baxcalibur|34\/100\n|-damage|p1b: Mimikyu|26\/100|[from] item: Life Orb\n|cant|p2a: Orthworm|slp\n|\n|upkeep\n|turn|10\n|\n|t:|1683725757\n|move|p2b: Baxcalibur|Ice Shard|p1b: Mimikyu\n|-damage|p1b: Mimikyu|0 fnt\n|faint|p1b: Mimikyu\n|move|p1a: Amoonguss|Pollen Puff|p1: Mimikyu|[notarget]\n|-fail|p1a: Amoonguss\n|cant|p2a: Orthworm|slp\n|\n|-fieldend|move: Trick Room\n|upkeep\n|\n|t:|1683725767\n|switch|p1b: Baxcalibur|Baxcalibur, L50, F|100\/100\n|turn|11\n|\n|t:|1683725791\n|-terastallize|p1b: Baxcalibur|Water\n|move|p2b: Baxcalibur|Earthquake|p1b: Baxcalibur|[spread] p1a,p1b\n|-heal|p2a: Orthworm|98\/100 slp|[from] ability: Earth Eater|[of] p2b: Baxcalibur\n|-damage|p1a: Amoonguss|34\/100 par\n|-damage|p1b: Baxcalibur|76\/100\n|move|p1b: Baxcalibur|Glaive Rush|p2b: Baxcalibur\n|-supereffective|p2b: Baxcalibur\n|-damage|p2b: Baxcalibur|0 fnt\n|-singlemove|p1b: Baxcalibur|Glaive Rush|[silent]\n|faint|p2b: Baxcalibur\n|cant|p2a: Orthworm|slp\n|move|p1a: Amoonguss|Spore|p2a: Orthworm\n|-fail|p2a: Orthworm|slp\n|\n|upkeep\n|\n|t:|1683725804\n|switch|p2b: Flutter Mane|Flutter Mane, L50|100\/100\n|-enditem|p2b: Flutter Mane|Booster Energy\n|-activate|p2b: Flutter Mane|ability: Protosynthesis|[fromitem]\n|-start|p2b: Flutter Mane|protosynthesisspe\n|turn|12\n|\n|t:|1683725820\n|-terastallize|p2b: Flutter Mane|Fairy\n|move|p1b: Baxcalibur|Protect|p1b: Baxcalibur\n|-singleturn|p1b: Baxcalibur|Protect\n|move|p2b: Flutter Mane|Shadow Ball|p1a: Amoonguss\n|-damage|p1a: Amoonguss|1\/100 par\n|-curestatus|p2a: Orthworm|slp|[msg]\n|move|p2a: Orthworm|Body Press|p1b: Baxcalibur\n|-activate|p1b: Baxcalibur|move: Protect\n|move|p1a: Amoonguss|Spore|p2b: Flutter Mane\n|-status|p2b: Flutter Mane|slp|[from] move: Spore\n|\n|upkeep\n|turn|13\n|\n|t:|1683725843\n|cant|p2b: Flutter Mane|slp\n|move|p1b: Baxcalibur|Protect||[still]\n|-fail|p1b: Baxcalibur\n|move|p2a: Orthworm|Body Press|p1a: Amoonguss\n|-resisted|p1a: Amoonguss\n|-damage|p1a: Amoonguss|0 fnt\n|-damage|p2a: Orthworm|81\/100|[from] item: Rocky Helmet|[of] p1a: Amoonguss\n|faint|p1a: Amoonguss\n|\n|upkeep\n|turn|14\n|\n|t:|1683725858\n|cant|p2b: Flutter Mane|slp\n|move|p1b: Baxcalibur|Icicle Spear|p2b: Flutter Mane\n|-damage|p2b: Flutter Mane|71\/100 slp\n|-damage|p2b: Flutter Mane|42\/100 slp\n|-damage|p2b: Flutter Mane|13\/100 slp\n|-damage|p2b: Flutter Mane|0 fnt\n|faint|p2b: Flutter Mane\n|-end|p2b: Flutter Mane|Protosynthesis|[silent]\n|-hitcount|p2: Flutter Mane|4\n|move|p2a: Orthworm|Body Press|p1b: Baxcalibur\n|-damage|p1b: Baxcalibur|0 fnt\n|faint|p1b: Baxcalibur\n|\n|win|DarthIgnus\n|raw|Jeremih-13's rating: 1378 → 1356<\/strong> (-22 for losing)\n|raw|DarthIgnus's rating: 1337 → 1359<\/strong> (+22 for winning)\n","uploadtime":1683725874,"views":23,"p1id":"jeremih13","p2id":"darthignus","formatid":"gen9vgc2023regulationc","rating":1356,"private":0,"password":""}