{"id":"gen9vgc2023regulationc-1860146819","p1":"Lil\u2019Saint","p2":"Woooooo buddeh","format":"[Gen 9] VGC 2023 Regulation C","log":"|j|\u2606Lil\u2019Saint\n|j|\u2606Woooooo buddeh\n|t:|1683600952\n|gametype|doubles\n|player|p1|Lil\u2019Saint|266|1048\n|player|p2|Woooooo buddeh|265|1050\n|teamsize|p1|6\n|teamsize|p2|6\n|gen|9\n|tier|[Gen 9] VGC 2023 Regulation C\n|rated|\n|rule|Species Clause: Limit one of each Pok\u00e9mon\n|rule|Item Clause: Limit one of each item\n|clearpoke\n|poke|p1|Kingambit, L50, M|\n|poke|p1|Hariyama, L50, M|\n|poke|p1|Torkoal, L50, M|\n|poke|p1|Meowscarada, L50, F|\n|poke|p1|Dragonite, L50, M|\n|poke|p1|Farigiraf, L50, M|\n|poke|p2|Wo-Chien, L50|\n|poke|p2|Glimmora, L50, F|\n|poke|p2|Gothitelle, L50, M|\n|poke|p2|Tyranitar, L50, F|\n|poke|p2|Houndstone, L50, M|\n|poke|p2|Sableye, L50, F|\n|teampreview|4\n|\n|t:|1683600982\n|start\n|switch|p1a: \u30ea\u30ad\u30ad\u30ea\u30f3|Farigiraf, L50, M|100\/100\n|switch|p1b: \u30de\u30b9\u30ab\u30fc\u30cb\u30e3|Meowscarada, L50, F|100\/100\n|switch|p2a: Sableye|Sableye, L50, F|100\/100\n|switch|p2b: Glimmora|Glimmora, L50, F|100\/100\n|turn|1\n|inactive|Battle timer is ON: inactive players will automatically lose when time's up. (requested by Lil\u2019Saint)\n|\n|t:|1683601005\n|switch|p2a: Tyranitar|Tyranitar, L50, F|100\/100\n|-weather|Sandstorm|[from] ability: Sand Stream|[of] p2a: Tyranitar\n|move|p1b: \u30de\u30b9\u30ab\u30fc\u30cb\u30e3|Knock Off|p2b: Glimmora\n|-damage|p2b: Glimmora|57\/100\n|-activate|p2b: Glimmora|ability: Toxic Debris\n|-sidestart|p1: Lil\u2019Saint|move: Toxic Spikes\n|-enditem|p2b: Glimmora|Assault Vest|[from] move: Knock Off|[of] p1b: \u30de\u30b9\u30ab\u30fc\u30cb\u30e3\n|move|p2b: Glimmora|Mortal Spin|p1a: \u30ea\u30ad\u30ad\u30ea\u30f3|[spread] p1a,p1b\n|-supereffective|p1b: \u30de\u30b9\u30ab\u30fc\u30cb\u30e3\n|-crit|p1b: \u30de\u30b9\u30ab\u30fc\u30cb\u30e3\n|-damage|p1a: \u30ea\u30ad\u30ad\u30ea\u30f3|96\/100\n|-damage|p1b: \u30de\u30b9\u30ab\u30fc\u30cb\u30e3|79\/100\n|-status|p1a: \u30ea\u30ad\u30ad\u30ea\u30f3|psn\n|-status|p1b: \u30de\u30b9\u30ab\u30fc\u30cb\u30e3|psn\n|move|p1a: \u30ea\u30ad\u30ad\u30ea\u30f3|Trick Room|p1a: \u30ea\u30ad\u30ad\u30ea\u30f3\n|-fieldstart|move: Trick Room|[of] p1a: \u30ea\u30ad\u30ad\u30ea\u30f3\n|\n|-weather|Sandstorm|[upkeep]\n|-damage|p1a: \u30ea\u30ad\u30ad\u30ea\u30f3|90\/100 psn|[from] Sandstorm\n|-damage|p1b: \u30de\u30b9\u30ab\u30fc\u30cb\u30e3|74\/100 psn|[from] Sandstorm\n|-damage|p1a: \u30ea\u30ad\u30ad\u30ea\u30f3|78\/100 psn|[from] psn\n|-damage|p1b: \u30de\u30b9\u30ab\u30fc\u30cb\u30e3|61\/100 psn|[from] psn\n|upkeep\n|turn|2\n|inactive|Lil\u2019Saint has 30 seconds left.\n|inactive|Woooooo buddeh has 30 seconds left.\n|inactive|Lil\u2019Saint has 20 seconds left.\n|inactive|Woooooo buddeh has 20 seconds left.\n|inactive|Lil\u2019Saint has 15 seconds left.\n|\n|t:|1683601049\n|switch|p1a: \u30cf\u30ea\u30c6\u30e4\u30de|Hariyama, L50, M, shiny|100\/100\n|-status|p1a: \u30cf\u30ea\u30c6\u30e4\u30de|psn\n|move|p2a: Tyranitar|Protect|p2a: Tyranitar\n|-singleturn|p2a: Tyranitar|Protect\n|move|p2b: Glimmora|Sludge Bomb|p1b: \u30de\u30b9\u30ab\u30fc\u30cb\u30e3\n|-supereffective|p1b: \u30de\u30b9\u30ab\u30fc\u30cb\u30e3\n|-damage|p1b: \u30de\u30b9\u30ab\u30fc\u30cb\u30e3|0 fnt\n|faint|p1b: \u30de\u30b9\u30ab\u30fc\u30cb\u30e3\n|\n|-weather|Sandstorm|[upkeep]\n|-damage|p1a: \u30cf\u30ea\u30c6\u30e4\u30de|95\/100 psn|[from] Sandstorm\n|-damage|p1a: \u30cf\u30ea\u30c6\u30e4\u30de|82\/100 psn|[from] psn\n|upkeep\n|\n|t:|1683601070\n|switch|p1b: \u30c9\u30c9\u30b2\u30b6\u30f3|Kingambit, L50, M|100\/100\n|turn|3\n|inactive|Lil\u2019Saint has 30 seconds left.\n|\n|t:|1683601098\n|switch|p2b: Wo-Chien|Wo-Chien, L50|100\/100\n|-ability|p2b: Wo-Chien|Tablets of Ruin\n|-terastallize|p2a: Tyranitar|Ghost\n|move|p1a: \u30cf\u30ea\u30c6\u30e4\u30de|Close Combat|p2a: Tyranitar\n|-immune|p2a: Tyranitar\n|move|p1b: \u30c9\u30c9\u30b2\u30b6\u30f3|Kowtow Cleave|p2b: Wo-Chien\n|-resisted|p2b: Wo-Chien\n|-damage|p2b: Wo-Chien|83\/100\n|move|p2a: Tyranitar|Curse|p1b: \u30c9\u30c9\u30b2\u30b6\u30f3\n|-start|p1b: \u30c9\u30c9\u30b2\u30b6\u30f3|Curse|[of] p2a: Tyranitar\n|-damage|p2a: Tyranitar|51\/100\n|\n|-weather|Sandstorm|[upkeep]\n|-damage|p1a: \u30cf\u30ea\u30c6\u30e4\u30de|76\/100 psn|[from] Sandstorm\n|-damage|p2a: Tyranitar|45\/100|[from] Sandstorm\n|-damage|p2b: Wo-Chien|77\/100|[from] Sandstorm\n|-heal|p2a: Tyranitar|51\/100|[from] item: Leftovers\n|-damage|p1a: \u30cf\u30ea\u30c6\u30e4\u30de|64\/100 psn|[from] psn\n|-damage|p1b: \u30c9\u30c9\u30b2\u30b6\u30f3|76\/100|[from] Curse\n|upkeep\n|turn|4\n|inactive|Lil\u2019Saint has 30 seconds left.\n|inactive|Woooooo buddeh has 30 seconds left.\n|inactive|Lil\u2019Saint has 20 seconds left.\n|\n|t:|1683601134\n|switch|p2b: Sableye|Sableye, L50, F|100\/100\n|move|p2a: Tyranitar|Protect|p2a: Tyranitar\n|-singleturn|p2a: Tyranitar|Protect\n|move|p1a: \u30cf\u30ea\u30c6\u30e4\u30de|Knock Off|p2a: Tyranitar\n|-activate|p2a: Tyranitar|move: Protect\n|move|p1b: \u30c9\u30c9\u30b2\u30b6\u30f3|Iron Head|p2b: Sableye\n|-damage|p2b: Sableye|30\/100\n|\n|-weather|Sandstorm|[upkeep]\n|-damage|p1a: \u30cf\u30ea\u30c6\u30e4\u30de|58\/100 psn|[from] Sandstorm\n|-damage|p2b: Sableye|24\/100|[from] Sandstorm\n|-damage|p2a: Tyranitar|45\/100|[from] Sandstorm\n|-enditem|p2b: Sableye|Aguav Berry|[eat]\n|-heal|p2b: Sableye|57\/100|[from] item: Aguav Berry\n|-heal|p2a: Tyranitar|51\/100|[from] item: Leftovers\n|-damage|p1a: \u30cf\u30ea\u30c6\u30e4\u30de|46\/100 psn|[from] psn\n|-damage|p1b: \u30c9\u30c9\u30b2\u30b6\u30f3|51\/100|[from] Curse\n|upkeep\n|turn|5\n|inactive|Woooooo buddeh has 30 seconds left.\n|inactive|Woooooo buddeh has 20 seconds left.\n|\n|t:|1683601170\n|switch|p2a: Glimmora|Glimmora, L50, F|57\/100\n|move|p2b: Sableye|Fake Out|p1b: \u30c9\u30c9\u30b2\u30b6\u30f3\n|-resisted|p1b: \u30c9\u30c9\u30b2\u30b6\u30f3\n|-damage|p1b: \u30c9\u30c9\u30b2\u30b6\u30f3|48\/100\n|move|p1a: \u30cf\u30ea\u30c6\u30e4\u30de|Knock Off|p2a: Glimmora\n|-damage|p2a: Glimmora|18\/100\n|-activate|p2a: Glimmora|ability: Toxic Debris\n|-sidestart|p1: Lil\u2019Saint|move: Toxic Spikes\n|cant|p1b: \u30c9\u30c9\u30b2\u30b6\u30f3|flinch\n|\n|-weather|none\n|-damage|p1a: \u30cf\u30ea\u30c6\u30e4\u30de|33\/100 psn|[from] psn\n|-damage|p1b: \u30c9\u30c9\u30b2\u30b6\u30f3|24\/100|[from] Curse\n|-fieldend|move: Trick Room\n|upkeep\n|turn|6\n|inactive|Lil\u2019Saint has 30 seconds left.\n|inactive|Woooooo buddeh has 30 seconds left.\n|inactive|Woooooo buddeh has 20 seconds left.\n|inactive|Woooooo buddeh has 15 seconds left.\n|\n|t:|1683601211\n|move|p2a: Glimmora|Power Gem|p1a: \u30cf\u30ea\u30c6\u30e4\u30de\n|-resisted|p1a: \u30cf\u30ea\u30c6\u30e4\u30de\n|-damage|p1a: \u30cf\u30ea\u30c6\u30e4\u30de|13\/100 psn\n|move|p2b: Sableye|Foul Play|p1b: \u30c9\u30c9\u30b2\u30b6\u30f3\n|-resisted|p1b: \u30c9\u30c9\u30b2\u30b6\u30f3\n|-damage|p1b: \u30c9\u30c9\u30b2\u30b6\u30f3|1\/100\n|move|p1b: \u30c9\u30c9\u30b2\u30b6\u30f3|Iron Head|p2b: Sableye\n|-damage|p2b: Sableye|0 fnt\n|faint|p2b: Sableye\n|move|p1a: \u30cf\u30ea\u30c6\u30e4\u30de|Knock Off|p2a: Glimmora\n|-damage|p2a: Glimmora|0 fnt\n|faint|p2a: Glimmora\n|\n|-damage|p1a: \u30cf\u30ea\u30c6\u30e4\u30de|0 fnt|[from] psn\n|faint|p1a: \u30cf\u30ea\u30c6\u30e4\u30de\n|-damage|p1b: \u30c9\u30c9\u30b2\u30b6\u30f3|0 fnt|[from] Curse\n|faint|p1b: \u30c9\u30c9\u30b2\u30b6\u30f3\n|upkeep\n|inactive|Lil\u2019Saint has 30 seconds left.\n|inactive|Lil\u2019Saint has 20 seconds left.\n|inactive|Lil\u2019Saint has 15 seconds left.\n|inactive|Lil\u2019Saint has 10 seconds left.\n|\n|t:|1683601259\n|switch|p2a: Wo-Chien|Wo-Chien, L50|77\/100\n|switch|p2b: Tyranitar|Tyranitar, L50, F, tera:Ghost|51\/100\n|switch|p1a: \u30ea\u30ad\u30ad\u30ea\u30f3|Farigiraf, L50, M|78\/100 psn\n|-ability|p2a: Wo-Chien|Tablets of Ruin\n|-weather|Sandstorm|[from] ability: Sand Stream|[of] p2b: Tyranitar\n|turn|7\n|\n|t:|1683601278\n|-terastallize|p1a: \u30ea\u30ad\u30ad\u30ea\u30f3|Normal\n|move|p2b: Tyranitar|Protect|p2b: Tyranitar\n|-singleturn|p2b: Tyranitar|Protect\n|move|p2a: Wo-Chien|Light Screen|p2a: Wo-Chien\n|-sidestart|p2: Woooooo buddeh|move: Light Screen\n|move|p1a: \u30ea\u30ad\u30ad\u30ea\u30f3|Hyper Voice|p2b: Tyranitar|[spread] p2a\n|-activate|p2b: Tyranitar|move: Protect\n|-damage|p2a: Wo-Chien|63\/100\n|-enditem|p1a: \u30ea\u30ad\u30ad\u30ea\u30f3|Throat Spray\n|-boost|p1a: \u30ea\u30ad\u30ad\u30ea\u30f3|spa|1|[from] item: Throat Spray\n|\n|-weather|Sandstorm|[upkeep]\n|-damage|p2a: Wo-Chien|57\/100|[from] Sandstorm\n|-damage|p2b: Tyranitar|45\/100|[from] Sandstorm\n|-damage|p1a: \u30ea\u30ad\u30ad\u30ea\u30f3|72\/100 psn|[from] Sandstorm\n|-heal|p2b: Tyranitar|51\/100|[from] item: Leftovers\n|-damage|p1a: \u30ea\u30ad\u30ad\u30ea\u30f3|60\/100 psn|[from] psn\n|upkeep\n|turn|8\n|inactive|Woooooo buddeh has 30 seconds left.\n|\n|t:|1683601303\n|move|p2a: Wo-Chien|Leech Seed|p1a: \u30ea\u30ad\u30ad\u30ea\u30f3\n|-start|p1a: \u30ea\u30ad\u30ad\u30ea\u30f3|move: Leech Seed\n|move|p2b: Tyranitar|Rock Slide|p1a: \u30ea\u30ad\u30ad\u30ea\u30f3\n|-damage|p1a: \u30ea\u30ad\u30ad\u30ea\u30f3|34\/100 psn\n|move|p1a: \u30ea\u30ad\u30ad\u30ea\u30f3|Shadow Ball|p2b: Tyranitar\n|-supereffective|p2b: Tyranitar\n|-damage|p2b: Tyranitar|15\/100\n|-unboost|p2b: Tyranitar|spd|1\n|\n|-weather|Sandstorm|[upkeep]\n|-damage|p2a: Wo-Chien|50\/100|[from] Sandstorm\n|-damage|p2b: Tyranitar|9\/100|[from] Sandstorm\n|-damage|p1a: \u30ea\u30ad\u30ad\u30ea\u30f3|28\/100 psn|[from] Sandstorm\n|-heal|p2b: Tyranitar|15\/100|[from] item: Leftovers\n|-damage|p1a: \u30ea\u30ad\u30ad\u30ea\u30f3|16\/100 psn|[from] Leech Seed|[of] p2a: Wo-Chien\n|-heal|p2a: Wo-Chien|65\/100|[silent]\n|-damage|p1a: \u30ea\u30ad\u30ad\u30ea\u30f3|4\/100 psn|[from] psn\n|upkeep\n|turn|9\n|\n|t:|1683601324\n|move|p2b: Tyranitar|Protect|p2b: Tyranitar\n|-singleturn|p2b: Tyranitar|Protect\n|move|p2a: Wo-Chien|Pollen Puff|p1a: \u30ea\u30ad\u30ad\u30ea\u30f3\n|-damage|p1a: \u30ea\u30ad\u30ad\u30ea\u30f3|0 fnt\n|faint|p1a: \u30ea\u30ad\u30ad\u30ea\u30f3\n|\n|win|Woooooo buddeh\n|raw|Lil\u2019Saint's rating: 1048 → 1031<\/strong> (-17 for losing)\n|raw|Woooooo buddeh's rating: 1050 → 1082<\/strong> (+32 for winning)\n|l|\u2606Woooooo buddeh\n","uploadtime":1683601335,"views":5,"p1id":"lilsaint","p2id":"woooooobuddeh","formatid":"gen9vgc2023regulationc","rating":1031,"private":0,"password":""}