{"id":"gen9vgc2023regulationc-1849951300","p1":"kakans","p2":"Kirovz","format":"[Gen 9] VGC 2023 Regulation C","log":"|j|\u2606kakans\n|j|\u2606Kirovz\n|t:|1682271488\n|gametype|doubles\n|player|p1|kakans|benga|1188\n|player|p2|Kirovz|lance|1174\n|teamsize|p1|6\n|teamsize|p2|6\n|gen|9\n|tier|[Gen 9] VGC 2023 Regulation C\n|rated|\n|rule|Species Clause: Limit one of each Pok\u00e9mon\n|rule|Item Clause: Limit one of each item\n|clearpoke\n|poke|p1|Chien-Pao, L50|\n|poke|p1|Iron Bundle, L50|\n|poke|p1|Amoonguss, L50, F|\n|poke|p1|Dragonite, L50, M|\n|poke|p1|Arcanine, L50, M|\n|poke|p1|Gyarados, L50, F|\n|poke|p2|Dondozo, L50, F|\n|poke|p2|Tatsugiri-Stretchy, L50, M|\n|poke|p2|Chi-Yu, L50|\n|poke|p2|Flutter Mane, L50|\n|poke|p2|Dragonite, L50, M|\n|poke|p2|Glimmora, L50, F|\n|teampreview|4\n|inactive|Battle timer is ON: inactive players will automatically lose when time's up. (requested by Kirovz)\nkakans has agreed to open team sheets.\n|\n|t:|1682271547\n|start\n|switch|p1a: Dragonite|Dragonite, L50, M, shiny|100\/100\n|switch|p1b: Chien-Pao|Chien-Pao, L50|100\/100\n|switch|p2a: Tatsugiri|Tatsugiri-Stretchy, L50, M|100\/100\n|switch|p2b: Glimmora|Glimmora, L50, F|100\/100\n|-ability|p1b: Chien-Pao|Sword of Ruin\n|turn|1\n|inactive|kakans has 30 seconds left.\n|inactive|kakans has 20 seconds left.\n|inactive|kakans has 15 seconds left.\n|inactive|kakans has 10 seconds left.\n|inactive|kakans has 5 seconds left.\n|\n|t:|1682271597\n|-terastallize|p1a: Dragonite|Normal\n|-terastallize|p2a: Tatsugiri|Ghost\n|move|p1a: Dragonite|Extreme Speed|p2b: Glimmora\n|-resisted|p2b: Glimmora\n|-damage|p2b: Glimmora|45\/100\n|-activate|p2b: Glimmora|ability: Toxic Debris\n|-sidestart|p1: kakans|move: Toxic Spikes\n|move|p1b: Chien-Pao|Ice Spinner|p2a: Tatsugiri\n|-damage|p2a: Tatsugiri|20\/100\n|move|p2b: Glimmora|Toxic|p1a: Dragonite\n|-status|p1a: Dragonite|tox\n|move|p2a: Tatsugiri|Muddy Water|p1b: Chien-Pao|[spread] p1a,p1b\n|-damage|p1a: Dragonite|50\/100 tox\n|-damage|p1b: Chien-Pao|15\/100\n|\n|-damage|p1a: Dragonite|43\/100 tox|[from] psn\n|upkeep\n|turn|2\n|\n|t:|1682271617\n|switch|p2a: Dondozo|Dondozo, L50, F|100\/100\n|move|p2b: Glimmora|Spiky Shield|p2b: Glimmora\n|-singleturn|p2b: Glimmora|move: Protect\n|move|p1a: Dragonite|Extreme Speed|p2b: Glimmora\n|-activate|p2b: Glimmora|move: Protect\n|-damage|p1a: Dragonite|31\/100 tox|[from] Spiky Shield|[of] p2b: Glimmora\n|move|p1b: Chien-Pao|Ice Spinner|p2a: Dondozo\n|-resisted|p2a: Dondozo\n|-damage|p2a: Dondozo|83\/100\n|\n|-damage|p1a: Dragonite|19\/100 tox|[from] psn\n|upkeep\n|turn|3\n|\n|t:|1682271638\n|move|p2a: Dondozo|Protect|p2a: Dondozo\n|-singleturn|p2a: Dondozo|Protect\n|move|p1a: Dragonite|Extreme Speed|p2b: Glimmora\n|-resisted|p2b: Glimmora\n|-damage|p2b: Glimmora|0 fnt\n|-activate|p2b: Glimmora|ability: Toxic Debris\n|-sidestart|p1: kakans|move: Toxic Spikes\n|faint|p2b: Glimmora\n|move|p1b: Chien-Pao|Ice Spinner|p2a: Dondozo\n|-activate|p2a: Dondozo|move: Protect\n|\n|-damage|p1a: Dragonite|0 fnt|[from] psn\n|faint|p1a: Dragonite\n|upkeep\n|\n|t:|1682271662\n|switch|p2b: Tatsugiri|Tatsugiri-Stretchy, L50, M, tera:Ghost|20\/100\n|switch|p1a: Kowalski|Iron Bundle, L50|100\/100\n|-status|p1a: Kowalski|tox\n|-enditem|p1a: Kowalski|Booster Energy\n|-activate|p1a: Kowalski|ability: Quark Drive|[fromitem]\n|-start|p1a: Kowalski|quarkdrivespe\n|turn|4\n|inactive|kakans has 30 seconds left.\n|\n|t:|1682271694\n|move|p1a: Kowalski|Freeze-Dry|p2a: Dondozo\n|-supereffective|p2a: Dondozo\n|-damage|p2a: Dondozo|36\/100\n|-enditem|p2a: Dondozo|Sitrus Berry|[eat]\n|-heal|p2a: Dondozo|61\/100|[from] item: Sitrus Berry\n|move|p1b: Chien-Pao|Ice Spinner|p2a: Dondozo\n|-resisted|p2a: Dondozo\n|-damage|p2a: Dondozo|46\/100\n|move|p2b: Tatsugiri|Muddy Water|p1a: Kowalski|[spread] p1b\n|-miss|p2b: Tatsugiri|p1a: Kowalski\n|-damage|p1b: Chien-Pao|0 fnt\n|faint|p1b: Chien-Pao\n|move|p2a: Dondozo|Wave Crash|p2b: Tatsugiri\n|-activate|p2b: Tatsugiri|ability: Storm Drain\n|-ability|p2b: Tatsugiri|Storm Drain|boost\n|-boost|p2b: Tatsugiri|spa|1\n|\n|-damage|p1a: Kowalski|94\/100 tox|[from] psn\n|upkeep\n|\n|t:|1682271712\n|switch|p1b: Gyarados|Gyarados, L50, F|100\/100\n|-ability|p1b: Gyarados|Intimidate|boost\n|-unboost|p2a: Dondozo|atk|1\n|-unboost|p2b: Tatsugiri|atk|1\n|turn|5\n|\n|t:|1682271721\n|move|p1a: Kowalski|Freeze-Dry|p2b: Tatsugiri\n|-damage|p2b: Tatsugiri|0 fnt\n|faint|p2b: Tatsugiri\n|move|p1b: Gyarados|Thunderbolt|p2a: Dondozo\n|-supereffective|p2a: Dondozo\n|-damage|p2a: Dondozo|29\/100\n|move|p2a: Dondozo|Yawn|p1b: Gyarados\n|-start|p1b: Gyarados|move: Yawn|[of] p2a: Dondozo\n|\n|-damage|p1a: Kowalski|82\/100 tox|[from] psn\n|upkeep\n|\n|t:|1682271729\n|switch|p2b: Flutter Mane|Flutter Mane, L50|100\/100\n|-enditem|p2b: Flutter Mane|Booster Energy\n|-activate|p2b: Flutter Mane|ability: Protosynthesis|[fromitem]\n|-start|p2b: Flutter Mane|protosynthesisspe\n|turn|6\n|\n|t:|1682271739\n|move|p2b: Flutter Mane|Protect|p2b: Flutter Mane\n|-singleturn|p2b: Flutter Mane|Protect\n|move|p2a: Dondozo|Protect|p2a: Dondozo\n|-singleturn|p2a: Dondozo|Protect\n|move|p1a: Kowalski|Freeze-Dry|p2a: Dondozo\n|-activate|p2a: Dondozo|move: Protect\n|move|p1b: Gyarados|Thunderbolt|p2a: Dondozo\n|-activate|p2a: Dondozo|move: Protect\n|\n|-damage|p1a: Kowalski|64\/100 tox|[from] psn\n|-end|p1b: Gyarados|move: Yawn|[silent]\n|-status|p1b: Gyarados|slp\n|upkeep\n|turn|7\n|\n|t:|1682271759\n|move|p1a: Kowalski|Freeze-Dry|p2a: Dondozo\n|-supereffective|p2a: Dondozo\n|-damage|p2a: Dondozo|0 fnt\n|faint|p2a: Dondozo\n|move|p2b: Flutter Mane|Hex|p1a: Kowalski\n|-damage|p1a: Kowalski|0 fnt\n|faint|p1a: Kowalski\n|-end|p1a: Kowalski|Quark Drive|[silent]\n|cant|p1b: Gyarados|slp\n|\n|upkeep\n|turn|8\n|\n|t:|1682271783\n|move|p2b: Flutter Mane|Substitute|p2b: Flutter Mane\n|-start|p2b: Flutter Mane|Substitute\n|-damage|p2b: Flutter Mane|76\/100\n|cant|p1b: Gyarados|slp\n|\n|upkeep\n|turn|9\n|\n|t:|1682271788\n|move|p2b: Flutter Mane|Hex|p1b: Gyarados\n|-damage|p1b: Gyarados|38\/100 slp\n|cant|p1b: Gyarados|slp\n|\n|-heal|p1b: Gyarados|44\/100 slp|[from] item: Leftovers\n|upkeep\n|turn|10\n|\n|t:|1682271797\n|move|p2b: Flutter Mane|Hex|p1b: Gyarados\n|-damage|p1b: Gyarados|0 fnt\n|faint|p1b: Gyarados\n|\n|win|Kirovz\n|raw|kakans's rating: 1188 → 1162<\/strong> (-26 for losing)\n|raw|Kirovz's rating: 1174 → 1200<\/strong> (+26 for winning)\n|l|\u2606kakans\n","uploadtime":1682271801,"views":5,"p1id":"kakans","p2id":"kirovz","formatid":"gen9vgc2023regulationc","rating":1162,"private":0,"password":""}