{"id":"gen9vgc2023regulationc-1850754209","p1":"SaTsunnn","p2":"ScrubShadedPurple","format":"[Gen 9] VGC 2023 Regulation C","log":"|j|\u2606SaTsunnn\n|j|\u2606ScrubShadedPurple\n|t:|1682364823\n|gametype|doubles\n|player|p1|SaTsunnn|265|1074\n|player|p2|ScrubShadedPurple|265|1150\n|teamsize|p1|6\n|teamsize|p2|6\n|gen|9\n|tier|[Gen 9] VGC 2023 Regulation C\n|rated|\n|rule|Species Clause: Limit one of each Pok\u00e9mon\n|rule|Item Clause: Limit one of each item\n|clearpoke\n|poke|p1|Amoonguss, L50, F|\n|poke|p1|Garchomp, L50, F|\n|poke|p1|Iron Hands, L50|\n|poke|p1|Chi-Yu, L50|\n|poke|p1|Corviknight, L50, M|\n|poke|p1|Wo-Chien, L50|\n|poke|p2|Ceruledge, L50, M|\n|poke|p2|Chien-Pao, L50|\n|poke|p2|Amoonguss, L50, F|\n|poke|p2|Corviknight, L50, M|\n|poke|p2|Flutter Mane, L50|\n|poke|p2|Gyarados, L50, F|\n|teampreview|4\n|inactive|Battle timer is ON: inactive players will automatically lose when time's up. (requested by ScrubShadedPurple)\n|inactive|ScrubShadedPurple has 60 seconds left.\n|\n|t:|1682364880\n|start\n|switch|p1a: Chi-Yu|Chi-Yu, L50|100\/100\n|switch|p1b: Corviknight|Corviknight, L50, M, shiny|100\/100\n|switch|p2a: Ceruledge|Ceruledge, L50, M, shiny|100\/100\n|switch|p2b: Flutter Mane|Flutter Mane, L50|100\/100\n|-ability|p1a: Chi-Yu|Beads of Ruin\n|-ability|p1b: Corviknight|Pressure\n|turn|1\n|inactive|ScrubShadedPurple has 30 seconds left.\n|inactive|ScrubShadedPurple has 20 seconds left.\n|inactive|ScrubShadedPurple has 15 seconds left.\n|\n|t:|1682364922\n|-terastallize|p2a: Ceruledge|Grass\n|move|p1a: Chi-Yu|Protect|p1a: Chi-Yu\n|-singleturn|p1a: Chi-Yu|Protect\n|move|p2b: Flutter Mane|Moonblast|p1a: Chi-Yu\n|-activate|p1a: Chi-Yu|move: Protect\n|move|p2a: Ceruledge|Bulk Up|p2a: Ceruledge\n|-boost|p2a: Ceruledge|atk|1\n|-boost|p2a: Ceruledge|def|1\n|move|p1b: Corviknight|Tailwind|p1b: Corviknight\n|-sidestart|p1: SaTsunnn|move: Tailwind\n|\n|upkeep\n|turn|2\n|\n|t:|1682364944\n|move|p1a: Chi-Yu|Heat Wave|p2a: Ceruledge|[spread] p2b\n|-start|p2a: Ceruledge|ability: Flash Fire\n|-damage|p2b: Flutter Mane|29\/100\n|move|p1b: Corviknight|Sunny Day|p1b: Corviknight\n|-weather|SunnyDay\n|-activate|p2b: Flutter Mane|ability: Protosynthesis\n|-start|p2b: Flutter Mane|protosynthesisspe\n|move|p2b: Flutter Mane|Moonblast|p1a: Chi-Yu\n|-damage|p1a: Chi-Yu|13\/100\n|-unboost|p1a: Chi-Yu|spa|1\n|move|p2a: Ceruledge|Bitter Blade|p1b: Corviknight\n|-supereffective|p1b: Corviknight\n|-damage|p1b: Corviknight|0 fnt\n|faint|p1b: Corviknight\n|\n|-weather|SunnyDay|[upkeep]\n|upkeep\n|\n|t:|1682364966\n|switch|p1b: Garchomp|Garchomp, L50, F, shiny|100\/100\n|turn|3\n|\n|t:|1682364985\n|move|p1a: Chi-Yu|Protect|p1a: Chi-Yu\n|-singleturn|p1a: Chi-Yu|Protect\n|move|p2b: Flutter Mane|Moonblast|p1b: Garchomp\n|-supereffective|p1b: Garchomp\n|-damage|p1b: Garchomp|0 fnt\n|faint|p1b: Garchomp\n|move|p2a: Ceruledge|Bitter Blade|p1a: Chi-Yu\n|-activate|p1a: Chi-Yu|move: Protect\n|\n|-weather|SunnyDay|[upkeep]\n|upkeep\n|\n|t:|1682364990\n|switch|p1b: Wo-Chien|Wo-Chien, L50|100\/100\n|-ability|p1b: Wo-Chien|Tablets of Ruin\n|turn|4\n|\n|t:|1682365015\n|-terastallize|p1b: Wo-Chien|Water\n|move|p2b: Flutter Mane|Moonblast|p1a: Chi-Yu\n|-damage|p1a: Chi-Yu|0 fnt\n|faint|p1a: Chi-Yu\n|move|p1b: Wo-Chien|Pollen Puff|p2a: Ceruledge\n|-supereffective|p2a: Ceruledge\n|-damage|p2a: Ceruledge|65\/100\n|move|p2a: Ceruledge|Bitter Blade|p1b: Wo-Chien\n|-resisted|p1b: Wo-Chien\n|-damage|p1b: Wo-Chien|50\/100\n|-heal|p2a: Ceruledge|92\/100|[from] drain|[of] p1b: Wo-Chien\n|\n|-weather|SunnyDay|[upkeep]\n|-heal|p1b: Wo-Chien|56\/100|[from] item: Leftovers\n|-sideend|p1: SaTsunnn|move: Tailwind\n|upkeep\n|turn|5\n|-message|SaTsunnn forfeited.\n|\n|win|ScrubShadedPurple\n|raw|SaTsunnn's rating: 1074 → 1057<\/strong> (-17 for losing)\n|raw|ScrubShadedPurple's rating: 1150 → 1170<\/strong> (+20 for winning)\n|l|\u2606SaTsunnn\n","uploadtime":1682365031,"views":15,"p1id":"satsunnn","p2id":"scrubshadedpurple","formatid":"gen9vgc2023regulationc","rating":1057,"private":0,"password":""}