{"id":"gen9vgc2023regulationc-1847204911","p1":"Reggie Romano","p2":"SpikeMike","format":"[Gen 9] VGC 2023 Regulation C","log":"|j|\u2606Reggie Romano\n|j|\u2606SpikeMike\n|t:|1681927637\n|gametype|doubles\n|player|p1|Reggie Romano|lance-lgpe|1070\n|player|p2|SpikeMike|giacomo|1138\n|teamsize|p1|6\n|teamsize|p2|6\n|gen|9\n|tier|[Gen 9] VGC 2023 Regulation C\n|rated|\n|rule|Species Clause: Limit one of each Pok\u00e9mon\n|rule|Item Clause: Limit one of each item\n|clearpoke\n|poke|p1|Ting-Lu, L50|\n|poke|p1|Arcanine, L50, M|\n|poke|p1|Flutter Mane, L50|\n|poke|p1|Amoonguss, L50, M|\n|poke|p1|Dragonite, L50, M|\n|poke|p1|Iron Hands, L50|\n|poke|p2|Grafaiai, L50, F|\n|poke|p2|Slaking, L50, M|\n|poke|p2|Dragonite, L50, M|\n|poke|p2|Chien-Pao, L50|\n|poke|p2|Iron Hands, L50|\n|poke|p2|Amoonguss, L50, F|\n|teampreview|4\n|inactive|Battle timer is ON: inactive players will automatically lose when time's up. (requested by SpikeMike)\nReggie Romano rejected open team sheets.\n|j| ROBERT5239423942\n|j| aave\n|\n|t:|1681927667\n|start\n|switch|p1a: Snoop Dogg|Arcanine, L50, M|100\/100\n|switch|p1b: Lil Uzi Vert|Flutter Mane, L50|100\/100\n|switch|p2a: Sia|Grafaiai, L50, F|100\/100\n|switch|p2b: JVKE|Slaking, L50, M|100\/100\n|-ability|p1a: Snoop Dogg|Intimidate|boost\n|-unboost|p2a: Sia|atk|1\n|-unboost|p2b: JVKE|atk|1\n|-enditem|p1b: Lil Uzi Vert|Booster Energy\n|-activate|p1b: Lil Uzi Vert|ability: Protosynthesis|[fromitem]\n|-start|p1b: Lil Uzi Vert|protosynthesisspe\n|turn|1\n|c|\u2606SpikeMike|I love those names lol\n|c|\u2606Reggie Romano|thx lol\n|\n|t:|1681927691\n|-terastallize|p1b: Lil Uzi Vert|Fairy\n|move|p2b: JVKE|Protect|p2b: JVKE\n|-singleturn|p2b: JVKE|Protect\n|move|p2a: Sia|Doodle|p1a: Snoop Dogg\n|-endability|p2a: Sia|Prankster|[from] move: Doodle\n|-ability|p2a: Sia|Intimidate|boost\n|-unboost|p1a: Snoop Dogg|atk|1\n|-unboost|p1b: Lil Uzi Vert|atk|1\n|-ability|p2a: Sia|Intimidate|[from] move: Doodle\n|-endability|p2b: JVKE|Truant|[from] move: Doodle\n|-ability|p2b: JVKE|Intimidate|boost\n|-unboost|p1a: Snoop Dogg|atk|1\n|-unboost|p1b: Lil Uzi Vert|atk|1\n|-ability|p2b: JVKE|Intimidate|[from] move: Doodle\n|move|p1b: Lil Uzi Vert|Dazzling Gleam|p2a: Sia|[spread] p2a\n|-activate|p2b: JVKE|move: Protect\n|-resisted|p2a: Sia\n|-damage|p2a: Sia|63\/100\n|move|p1a: Snoop Dogg|Will-O-Wisp|p2b: JVKE\n|-activate|p2b: JVKE|move: Protect\n|\n|upkeep\n|turn|2\n|inactive|SpikeMike has 30 seconds left.\n|inactive|Reggie Romano has 30 seconds left.\n|\n|t:|1681927726\n|move|p1b: Lil Uzi Vert|Moonblast|p2a: Sia\n|-resisted|p2a: Sia\n|-damage|p2a: Sia|10\/100\n|move|p2a: Sia|Knock Off|p1b: Lil Uzi Vert\n|-resisted|p1b: Lil Uzi Vert\n|-damage|p1b: Lil Uzi Vert|87\/100\n|move|p2b: JVKE|Rock Slide|p1a: Snoop Dogg|[spread] p1a\n|-miss|p2b: JVKE|p1b: Lil Uzi Vert\n|-supereffective|p1a: Snoop Dogg\n|-damage|p1a: Snoop Dogg|50\/100\n|-damage|p2b: JVKE|91\/100|[from] item: Life Orb\n|move|p1a: Snoop Dogg|Will-O-Wisp|p2b: JVKE\n|-status|p2b: JVKE|brn\n|\n|-damage|p2b: JVKE|85\/100 brn|[from] brn\n|upkeep\n|turn|3\n|c|\u2606SpikeMike|small brain moment\n|c|\u2606Reggie Romano|it happens\n|inactive|SpikeMike has 30 seconds left.\n|\n|t:|1681927755\n|move|p2b: JVKE|Protect|p2b: JVKE\n|-singleturn|p2b: JVKE|Protect\n|move|p1b: Lil Uzi Vert|Dazzling Gleam|p2a: Sia|[spread] p2a\n|-activate|p2b: JVKE|move: Protect\n|-resisted|p2a: Sia\n|-damage|p2a: Sia|0 fnt\n|faint|p2a: Sia\n|move|p1a: Snoop Dogg|Flare Blitz|p2b: JVKE\n|-activate|p2b: JVKE|move: Protect\n|\n|-damage|p2b: JVKE|78\/100 brn|[from] brn\n|upkeep\n|\n|t:|1681927763\n|switch|p2a: Bruno Mars|Dragonite, L50, M|100\/100\n|turn|4\n|c|\u2606SpikeMike|alright\n|inactive|SpikeMike has 30 seconds left.\n|\n|t:|1681927795\n|-terastallize|p2a: Bruno Mars|Normal\n|move|p2a: Bruno Mars|Extreme Speed|p1b: Lil Uzi Vert\n|-damage|p1b: Lil Uzi Vert|0 fnt\n|faint|p1b: Lil Uzi Vert\n|-end|p1b: Lil Uzi Vert|Protosynthesis|[silent]\n|move|p2b: JVKE|Rock Slide|p1a: Snoop Dogg|[miss]\n|-miss|p2b: JVKE|p1a: Snoop Dogg\n|move|p1a: Snoop Dogg|Will-O-Wisp|p2a: Bruno Mars\n|-status|p2a: Bruno Mars|brn\n|\n|-damage|p2b: JVKE|72\/100 brn|[from] brn\n|-damage|p2a: Bruno Mars|95\/100 brn|[from] brn\n|upkeep\n|c|\u2606SpikeMike|oh no\n|\n|t:|1681927807\n|switch|p1b: Best Boy :)|Dragonite, L50, M|100\/100\n|turn|5\n|\n|t:|1681927815\n|move|p2a: Bruno Mars|Extreme Speed|p1a: Snoop Dogg\n|-damage|p1a: Snoop Dogg|12\/100\n|-enditem|p1a: Snoop Dogg|Iapapa Berry|[eat]\n|-heal|p1a: Snoop Dogg|45\/100|[from] item: Iapapa Berry\n|move|p2b: JVKE|Drain Punch|p1b: Best Boy :)\n|-resisted|p1b: Best Boy :)\n|-damage|p1b: Best Boy :)|97\/100\n|-heal|p2b: JVKE|74\/100 brn|[from] drain|[of] p1b: Best Boy :)\n|-damage|p2b: JVKE|64\/100 brn|[from] item: Life Orb\n|move|p1a: Snoop Dogg|Flare Blitz|p2b: JVKE\n|-damage|p2b: JVKE|43\/100 brn\n|-damage|p1a: Snoop Dogg|37\/100|[from] Recoil\n|move|p1b: Best Boy :)|Ice Spinner|p2a: Bruno Mars\n|-damage|p2a: Bruno Mars|61\/100 brn\n|\n|-damage|p2b: JVKE|37\/100 brn|[from] brn\n|-damage|p2a: Bruno Mars|55\/100 brn|[from] brn\n|upkeep\n|turn|6\n|\n|t:|1681927838\n|move|p1b: Best Boy :)|Protect|p1b: Best Boy :)\n|-singleturn|p1b: Best Boy :)|Protect\n|move|p2a: Bruno Mars|Extreme Speed|p1a: Snoop Dogg\n|-damage|p1a: Snoop Dogg|0 fnt\n|faint|p1a: Snoop Dogg\n|move|p2b: JVKE|Rock Slide|p1b: Best Boy :)\n|-activate|p1b: Best Boy :)|move: Protect\n|\n|-damage|p2b: JVKE|31\/100 brn|[from] brn\n|-damage|p2a: Bruno Mars|49\/100 brn|[from] brn\n|upkeep\n|\n|t:|1681927842\n|switch|p1a: Misfits|Ting-Lu, L50|100\/100\n|-ability|p1a: Misfits|Vessel of Ruin\n|turn|7\n|\n|t:|1681927854\n|move|p2a: Bruno Mars|Extreme Speed|p1a: Misfits\n|-damage|p1a: Misfits|86\/100\n|move|p1b: Best Boy :)|Extreme Speed|p2a: Bruno Mars\n|-damage|p2a: Bruno Mars|15\/100 brn\n|move|p2b: JVKE|Drain Punch|p1a: Misfits\n|-supereffective|p1a: Misfits\n|-damage|p1a: Misfits|74\/100\n|-heal|p2b: JVKE|38\/100 brn|[from] drain|[of] p1a: Misfits\n|-damage|p2b: JVKE|28\/100 brn|[from] item: Life Orb\n|move|p1a: Misfits|Fissure|p2a: Bruno Mars|[miss]\n|-miss|p1a: Misfits|p2a: Bruno Mars\n|\n|-heal|p1a: Misfits|80\/100|[from] item: Leftovers\n|-damage|p2b: JVKE|22\/100 brn|[from] brn\n|-damage|p2a: Bruno Mars|9\/100 brn|[from] brn\n|upkeep\n|turn|8\n|j| Peter Panshrew\n|\n|t:|1681927874\n|move|p2a: Bruno Mars|Extreme Speed|p1b: Best Boy :)\n|-damage|p1b: Best Boy :)|63\/100\n|move|p1b: Best Boy :)|Extreme Speed|p2a: Bruno Mars\n|-damage|p2a: Bruno Mars|0 fnt\n|faint|p2a: Bruno Mars\n|move|p2b: JVKE|Rock Slide|p1b: Best Boy :)|[spread] p1a,p1b\n|-resisted|p1a: Misfits\n|-supereffective|p1b: Best Boy :)\n|-damage|p1a: Misfits|78\/100\n|-damage|p1b: Best Boy :)|43\/100\n|-damage|p2b: JVKE|12\/100 brn|[from] item: Life Orb\n|move|p1a: Misfits|Stomping Tantrum|p2b: JVKE\n|-damage|p2b: JVKE|0 fnt\n|faint|p2b: JVKE\n|\n|-heal|p1a: Misfits|84\/100|[from] item: Leftovers\n|upkeep\n|c| Peter Panshrew|rip\n|\n|t:|1681927890\n|switch|p2a: Charlie Puth|Chien-Pao, L50|100\/100\n|-ability|p2a: Charlie Puth|Sword of Ruin\n|turn|9\n|c|\u2606SpikeMike|yep\n|\n|t:|1681927904\n|move|p1b: Best Boy :)|Extreme Speed|p2a: Charlie Puth\n|-damage|p2a: Charlie Puth|55\/100\n|move|p2a: Charlie Puth|Sacred Sword|p1a: Misfits\n|-supereffective|p1a: Misfits\n|-damage|p1a: Misfits|46\/100\n|move|p1a: Misfits|Ruination|p2a: Charlie Puth\n|-damage|p2a: Charlie Puth|28\/100\n|\n|-heal|p1a: Misfits|52\/100|[from] item: Leftovers\n|upkeep\n|turn|10\n|c|\u2606SpikeMike|that didn't kill\n|\n|t:|1681927917\n|move|p1b: Best Boy :)|Extreme Speed|p2a: Charlie Puth\n|-damage|p2a: Charlie Puth|0 fnt\n|faint|p2a: Charlie Puth\n|\n|win|Reggie Romano\n|raw|Reggie Romano's rating: 1070 → 1105<\/strong> (+35 for winning)\n|raw|SpikeMike's rating: 1138 → 1108<\/strong> (-30 for losing)\n|c|\u2606SpikeMike|gg\n|c|\u2606Reggie Romano|gg\n|l| Peter Panshrew\n|c|\u2606SpikeMike|I played that badly\n","uploadtime":1681927924,"views":8,"p1id":"reggieromano","p2id":"spikemike","formatid":"gen9vgc2023regulationc","rating":1105,"private":0,"password":""}