{"id":"gen9vgc2023regulationc-1849140203","p1":"lesleychow307","p2":"Pippo318","format":"[Gen 9] VGC 2023 Regulation C","log":"|j|\u2606lesleychow307\n|j|\u2606Pippo318\n|t:|1682162796\n|gametype|doubles\n|player|p1|lesleychow307|1|1310\n|player|p2|Pippo318|101|1249\n|teamsize|p1|6\n|teamsize|p2|6\n|gen|9\n|tier|[Gen 9] VGC 2023 Regulation C\n|rated|\n|rule|Species Clause: Limit one of each Pok\u00e9mon\n|rule|Item Clause: Limit one of each item\n|clearpoke\n|poke|p1|Ceruledge, L50, M|\n|poke|p1|Amoonguss, L50, F|\n|poke|p1|Sableye, L50, M|\n|poke|p1|Kingambit, L50, M|\n|poke|p1|Flutter Mane, L50|\n|poke|p1|Iron Bundle, L50|\n|poke|p2|Pelipper, L50, F|\n|poke|p2|Palafin, L50, F|\n|poke|p2|Corviknight, L50, F|\n|poke|p2|Iron Hands, L50|\n|poke|p2|Scizor, L50, F|\n|poke|p2|Iron Bundle, L50|\n|teampreview|4\n|\n|t:|1682162826\n|start\n|switch|p1a: Iron Bundle|Iron Bundle, L50|100\/100\n|switch|p1b: Sableye|Sableye, L50, M|100\/100\n|switch|p2a: Scizor|Scizor, L50, F|100\/100\n|switch|p2b: Palafin|Palafin, L50, F|100\/100\n|-enditem|p1a: Iron Bundle|Booster Energy\n|-activate|p1a: Iron Bundle|ability: Quark Drive|[fromitem]\n|-start|p1a: Iron Bundle|quarkdrivespe\n|turn|1\n|\n|t:|1682162839\n|detailschange|p2b: Palafin|Palafin-Hero, L50, F\n|switch|p2b: Corviknight|Corviknight, L50, F|100\/100\n|move|p2a: Scizor|Bullet Punch|p1a: Iron Bundle\n|-damage|p1a: Iron Bundle|41\/100\n|move|p1b: Sableye|Reflect|p1b: Sableye\n|-sidestart|p1: lesleychow307|Reflect\n|move|p1a: Iron Bundle|Freeze-Dry|p2b: Corviknight\n|-damage|p2b: Corviknight|69\/100\n|\n|upkeep\n|turn|2\n|inactive|Battle timer is ON: inactive players will automatically lose when time's up. (requested by Pippo318)\n|\n|t:|1682162866\n|-end|p1a: Iron Bundle|Quark Drive|[silent]\n|switch|p1a: Ceruledge|Ceruledge, L50, M, shiny|100\/100\n|move|p2a: Scizor|Bullet Punch|p1a: Ceruledge\n|-resisted|p1a: Ceruledge\n|-damage|p1a: Ceruledge|81\/100\n|move|p1b: Sableye|Disable|p2a: Scizor\n|-start|p2a: Scizor|Disable|Bullet Punch\n|move|p2b: Corviknight|Bulk Up|p2b: Corviknight\n|-boost|p2b: Corviknight|atk|1\n|-boost|p2b: Corviknight|def|1\n|\n|upkeep\n|turn|3\n|\n|t:|1682162889\n|switch|p2a: Palafin|Palafin-Hero, L50, F|100\/100\n|-activate|p2a: Palafin|ability: Zero to Hero\n|-terastallize|p2b: Corviknight|Flying\n|move|p1b: Sableye|Encore|p2b: Corviknight\n|-start|p2b: Corviknight|Encore\n|move|p1a: Ceruledge|Bulk Up|p1a: Ceruledge\n|-boost|p1a: Ceruledge|atk|1\n|-boost|p1a: Ceruledge|def|1\n|move|p2b: Corviknight|Bulk Up|p2b: Corviknight\n|-boost|p2b: Corviknight|atk|1\n|-boost|p2b: Corviknight|def|1\n|\n|upkeep\n|turn|4\n|\n|t:|1682162909\n|-terastallize|p1a: Ceruledge|Grass\n|move|p2a: Palafin|Jet Punch|p1b: Sableye\n|-damage|p1b: Sableye|71\/100\n|move|p1b: Sableye|Disable|p2b: Corviknight\n|-start|p2b: Corviknight|Disable|Bulk Up\n|move|p1a: Ceruledge|Tera Blast|p2a: Palafin\n|-supereffective|p2a: Palafin\n|-damage|p2a: Palafin|0 fnt\n|faint|p2a: Palafin\n|cant|p2b: Corviknight|Disable|Bulk Up\n|\n|upkeep\n|\n|t:|1682162922\n|switch|p2a: Scizor|Scizor, L50, F|100\/100\n|turn|5\n|\n|t:|1682162937\n|switch|p2b: Pelipper|Pelipper, L50, F|100\/100\n|-weather|RainDance|[from] ability: Drizzle|[of] p2b: Pelipper\n|switch|p1b: Amoonguss|Amoonguss, L50, F, shiny|100\/100\n|move|p2a: Scizor|U-turn|p1a: Ceruledge\n|-supereffective|p1a: Ceruledge\n|-damage|p1a: Ceruledge|13\/100\n|\n|t:|1682162947\n|switch|p2a: Corviknight|Corviknight, L50, F, tera:Flying|69\/100|[from] U-turn\n|move|p1a: Ceruledge|Bitter Blade|p2a: Corviknight\n|-damage|p2a: Corviknight|40\/100\n|-heal|p1a: Ceruledge|29\/100|[from] drain|[of] p2a: Corviknight\n|\n|-weather|RainDance|[upkeep]\n|upkeep\n|turn|6\n|\n|t:|1682162964\n|move|p1a: Ceruledge|Protect|p1a: Ceruledge\n|-singleturn|p1a: Ceruledge|Protect\n|move|p2b: Pelipper|Hurricane|p1a: Ceruledge\n|-activate|p1a: Ceruledge|move: Protect\n|move|p2a: Corviknight|Brave Bird|p1a: Ceruledge\n|-activate|p1a: Ceruledge|move: Protect\n|move|p1b: Amoonguss|Spore|p2b: Pelipper\n|-status|p2b: Pelipper|slp|[from] move: Spore\n|\n|-weather|RainDance|[upkeep]\n|upkeep\n|turn|7\n|\n|t:|1682162981\n|move|p1b: Amoonguss|Rage Powder|p1b: Amoonguss\n|-singleturn|p1b: Amoonguss|move: Rage Powder\n|cant|p2b: Pelipper|slp\n|move|p1a: Ceruledge|Bitter Blade|p2a: Corviknight\n|-damage|p2a: Corviknight|12\/100\n|-heal|p1a: Ceruledge|43\/100|[from] drain|[of] p2a: Corviknight\n|move|p2a: Corviknight|Brave Bird|p1a: Ceruledge\n|-supereffective|p1a: Ceruledge\n|-damage|p1a: Ceruledge|0 fnt\n|faint|p1a: Ceruledge\n|-damage|p2a: Corviknight|0 fnt|[from] Recoil\n|faint|p2a: Corviknight\n|\n|-weather|RainDance|[upkeep]\n|upkeep\n|\n|t:|1682162997\n|switch|p1a: Sableye|Sableye, L50, M|71\/100\n|switch|p2a: Scizor|Scizor, L50, F|100\/100\n|turn|8\n|\n|t:|1682163010\n|move|p1a: Sableye|Light Screen|p1a: Sableye\n|-sidestart|p1: lesleychow307|move: Light Screen\n|move|p2a: Scizor|Aerial Ace|p1b: Amoonguss\n|-supereffective|p1b: Amoonguss\n|-damage|p1b: Amoonguss|40\/100\n|-enditem|p1b: Amoonguss|Sitrus Berry|[eat]\n|-heal|p1b: Amoonguss|65\/100|[from] item: Sitrus Berry\n|cant|p2b: Pelipper|slp\n|move|p1b: Amoonguss|Spore|p2a: Scizor\n|-status|p2a: Scizor|slp|[from] move: Spore\n|\n|-weather|RainDance|[upkeep]\n|-sideend|p1: lesleychow307|Reflect\n|upkeep\n|turn|9\n|\n|t:|1682163026\n|switch|p1b: Iron Bundle|Iron Bundle, L50|41\/100\n|move|p1a: Sableye|Reflect|p1a: Sableye\n|-sidestart|p1: lesleychow307|Reflect\n|cant|p2a: Scizor|slp\n|cant|p2b: Pelipper|slp\n|\n|-weather|none\n|upkeep\n|turn|10\n|\n|t:|1682163048\n|move|p1a: Sableye|Disable|p2a: Scizor\n|-start|p2a: Scizor|Disable|Aerial Ace\n|move|p1b: Iron Bundle|Freeze-Dry|p2b: Pelipper\n|-supereffective|p2b: Pelipper\n|-enditem|p2b: Pelipper|Focus Sash\n|-damage|p2b: Pelipper|1\/100 slp\n|cant|p2a: Scizor|slp\n|-curestatus|p2b: Pelipper|slp|[msg]\n|move|p2b: Pelipper|Hurricane|p1b: Iron Bundle|[miss]\n|-miss|p2b: Pelipper|p1b: Iron Bundle\n|\n|upkeep\n|turn|11\n|l|\u2606Pippo318\n|inactive|Pippo318 disconnected and has a minute to reconnect!\n|player|p2|\n|inactive|Pippo318 has 30 seconds left.\n|inactive|Pippo318 has 20 seconds left.\n|inactive|Pippo318 has 15 seconds left.\n|inactive|Pippo318 has 10 seconds left.\n|inactive|Pippo318 has 5 seconds left.\n|-message|Pippo318 lost due to inactivity.\n|\n|win|lesleychow307\n|raw|lesleychow307's rating: 1310 → 1327<\/strong> (+17 for winning)\n|raw|Pippo318's rating: 1249 → 1228<\/strong> (-21 for losing)\n","uploadtime":1682163107,"views":15,"p1id":"lesleychow307","p2id":"pippo318","formatid":"gen9vgc2023regulationc","rating":1228,"private":0,"password":""}