{"id":"gen9vgc2023regulationc-1854198713","p1":"bda9999999999","p2":"weidson","format":"[Gen 9] VGC 2023 Regulation C","log":"|j|\u2606bda9999999999\n|j|\u2606weidson\n|t:|1682782658\n|gametype|doubles\n|player|p1|bda9999999999|265|1000\n|player|p2|weidson|nate|1100\n|teamsize|p1|6\n|teamsize|p2|6\n|gen|9\n|tier|[Gen 9] VGC 2023 Regulation C\n|rated|\n|rule|Species Clause: Limit one of each Pok\u00e9mon\n|rule|Item Clause: Limit one of each item\n|clearpoke\n|poke|p1|Torkoal, L50, F|\n|poke|p1|Great Tusk, L50|\n|poke|p1|Armarouge, L50, F|\n|poke|p1|Indeedee-F, L50, F|\n|poke|p1|Brute Bonnet, L50|\n|poke|p1|Chi-Yu, L50|\n|poke|p2|Sandy Shocks, L50|\n|poke|p2|Iron Valiant, L50|\n|poke|p2|Gholdengo, L50|\n|poke|p2|Iron Bundle, L50|\n|poke|p2|Annihilape, L50, F|\n|poke|p2|Grimmsnarl, L50, M|\n|teampreview|4\n|inactive|Battle timer is ON: inactive players will automatically lose when time's up. (requested by bda9999999999)\nbda9999999999 rejected open team sheets.\n|inactive|weidson has 60 seconds left.\n|\n|t:|1682782726\n|start\n|switch|p1a: Torkoal|Torkoal, L50, F|100\/100\n|switch|p1b: Indeedee|Indeedee-F, L50, F|100\/100\n|switch|p2a: Grimmsnarl|Grimmsnarl, L50, M|100\/100\n|switch|p2b: Sandy Shocks|Sandy Shocks, L50|100\/100\n|-fieldstart|move: Psychic Terrain|[from] ability: Psychic Surge|[of] p1b: Indeedee\n|-enditem|p1b: Indeedee|Psychic Seed\n|-boost|p1b: Indeedee|spd|1|[from] item: Psychic Seed\n|-weather|SunnyDay|[from] ability: Drought|[of] p1a: Torkoal\n|-activate|p2b: Sandy Shocks|ability: Protosynthesis\n|-start|p2b: Sandy Shocks|protosynthesisspe\n|turn|1\n|inactive|bda9999999999 has 30 seconds left.\n|inactive|bda9999999999 has 20 seconds left.\n|inactive|bda9999999999 has 15 seconds left.\n|inactive|bda9999999999 has 10 seconds left.\n|inactive|bda9999999999 has 5 seconds left.\n|\n|t:|1682782781\n|move|p1b: Indeedee|Follow Me|p1b: Indeedee\n|-singleturn|p1b: Indeedee|move: Follow Me\n|move|p2a: Grimmsnarl|Light Screen|p2a: Grimmsnarl\n|-sidestart|p2: weidson|move: Light Screen\n|move|p2b: Sandy Shocks|Earth Power|p1b: Indeedee\n|-damage|p1b: Indeedee|72\/100\n|move|p1a: Torkoal|Eruption|p2b: Sandy Shocks|[spread] p2a,p2b\n|-damage|p2a: Grimmsnarl|64\/100\n|-damage|p2b: Sandy Shocks|46\/100\n|\n|-weather|SunnyDay|[upkeep]\n|upkeep\n|turn|2\n|inactive|bda9999999999 has 30 seconds left.\n|inactive|bda9999999999 has 20 seconds left.\n|\n|t:|1682782816\n|-end|p2b: Sandy Shocks|Protosynthesis|[silent]\n|switch|p2b: Annihilape|Annihilape, L50, F|100\/100\n|move|p1b: Indeedee|Helping Hand|p1a: Torkoal\n|-singleturn|p1a: Torkoal|Helping Hand|[of] p1b: Indeedee\n|move|p2a: Grimmsnarl|False Surrender|p1a: Torkoal\n|-damage|p1a: Torkoal|75\/100\n|move|p1a: Torkoal|Eruption|p2b: Annihilape|[spread] p2a,p2b\n|-crit|p2a: Grimmsnarl\n|-damage|p2a: Grimmsnarl|0 fnt\n|-damage|p2b: Annihilape|55\/100\n|faint|p2a: Grimmsnarl\n|\n|-weather|SunnyDay|[upkeep]\n|-heal|p2b: Annihilape|61\/100|[from] item: Leftovers\n|upkeep\n|inactive|weidson has 30 seconds left.\n|\n|t:|1682782845\n|switch|p2a: Iron Bundle|Iron Bundle, L50|100\/100\n|turn|3\n|inactive|bda9999999999 has 30 seconds left.\n|inactive|bda9999999999 has 20 seconds left.\n|inactive|bda9999999999 has 15 seconds left.\n|inactive|bda9999999999 has 10 seconds left.\n|inactive|bda9999999999 has 5 seconds left.\n|\n|t:|1682782900\n|-terastallize|p2b: Annihilape|Fire\n|move|p1b: Indeedee|Follow Me|p1b: Indeedee\n|-singleturn|p1b: Indeedee|move: Follow Me\n|move|p2a: Iron Bundle|Electric Terrain|p2a: Iron Bundle\n|-fieldstart|move: Electric Terrain\n|-activate|p2a: Iron Bundle|ability: Quark Drive\n|-start|p2a: Iron Bundle|quarkdrivespe\n|move|p2b: Annihilape|Drain Punch|p1b: Indeedee\n|-crit|p1b: Indeedee\n|-damage|p1b: Indeedee|0 fnt\n|-heal|p2b: Annihilape|90\/100|[from] drain|[of] p1b: Indeedee\n|faint|p1b: Indeedee\n|move|p1a: Torkoal|Eruption|p2a: Iron Bundle|[spread] p2a,p2b\n|-resisted|p2b: Annihilape\n|-damage|p2a: Iron Bundle|31\/100\n|-damage|p2b: Annihilape|75\/100\n|\n|-weather|SunnyDay|[upkeep]\n|-heal|p2b: Annihilape|81\/100|[from] item: Leftovers\n|upkeep\n|inactive|bda9999999999 has 30 seconds left.\n|\n|t:|1682782927\n|switch|p1b: Brute Bonnet|Brute Bonnet, L50|100\/100\n|-activate|p1b: Brute Bonnet|ability: Protosynthesis\n|-start|p1b: Brute Bonnet|protosynthesisatk\n|turn|4\n|\n|t:|1682782946\n|move|p1b: Brute Bonnet|Sucker Punch|p2a: Iron Bundle\n|-damage|p2a: Iron Bundle|0 fnt\n|faint|p2a: Iron Bundle\n|-end|p2a: Iron Bundle|Quark Drive|[silent]\n|move|p2b: Annihilape|Drain Punch|p1b: Brute Bonnet\n|-supereffective|p1b: Brute Bonnet\n|-damage|p1b: Brute Bonnet|34\/100\n|-heal|p2b: Annihilape|100\/100|[from] drain|[of] p1b: Brute Bonnet\n|move|p1a: Torkoal|Yawn|p2b: Annihilape\n|-activate|p2b: Annihilape|move: Electric Terrain\n|\n|-weather|SunnyDay|[upkeep]\n|upkeep\n|\n|t:|1682782951\n|switch|p2a: Sandy Shocks|Sandy Shocks, L50|46\/100\n|-activate|p2a: Sandy Shocks|ability: Protosynthesis\n|-start|p2a: Sandy Shocks|protosynthesisspe\n|turn|5\n|\n|t:|1682782969\n|move|p2a: Sandy Shocks|Protect|p2a: Sandy Shocks\n|-singleturn|p2a: Sandy Shocks|Protect\n|move|p1b: Brute Bonnet|Sucker Punch|p2b: Annihilape\n|-damage|p2b: Annihilape|54\/100\n|move|p2b: Annihilape|Drain Punch|p1b: Brute Bonnet\n|-supereffective|p1b: Brute Bonnet\n|-damage|p1b: Brute Bonnet|0 fnt\n|-heal|p2b: Annihilape|71\/100|[from] drain|[of] p1b: Brute Bonnet\n|faint|p1b: Brute Bonnet\n|-end|p1b: Brute Bonnet|Protosynthesis|[silent]\n|move|p1a: Torkoal|Lava Plume|p2b: Annihilape|[spread] p2b\n|-activate|p2a: Sandy Shocks|move: Protect\n|-resisted|p2b: Annihilape\n|-damage|p2b: Annihilape|60\/100\n|\n|-weather|none\n|-end|p2a: Sandy Shocks|Protosynthesis\n|-heal|p2b: Annihilape|66\/100|[from] item: Leftovers\n|upkeep\n|-enditem|p2a: Sandy Shocks|Booster Energy\n|-activate|p2a: Sandy Shocks|ability: Protosynthesis|[fromitem]\n|-start|p2a: Sandy Shocks|protosynthesisspe\n|\n|t:|1682782976\n|switch|p1b: Armarouge|Armarouge, L50, F|100\/100\n|turn|6\n|\n|t:|1682783008\n|-terastallize|p1b: Armarouge|Grass\n|move|p2a: Sandy Shocks|Earth Power|p1a: Torkoal\n|-supereffective|p1a: Torkoal\n|-enditem|p1a: Torkoal|Shuca Berry|[eat]\n|-enditem|p1a: Torkoal|Shuca Berry|[weaken]\n|-damage|p1a: Torkoal|15\/100\n|move|p2b: Annihilape|Rage Fist|p1b: Armarouge\n|-damage|p1b: Armarouge|0 fnt\n|faint|p1b: Armarouge\n|move|p1a: Torkoal|Lava Plume|p2b: Annihilape|[spread] p2a,p2b\n|-resisted|p2b: Annihilape\n|-damage|p2a: Sandy Shocks|25\/100\n|-damage|p2b: Annihilape|58\/100\n|\n|-heal|p2b: Annihilape|64\/100|[from] item: Leftovers\n|upkeep\n|turn|7\n|\n|t:|1682783021\n|move|p2a: Sandy Shocks|Earth Power|p1a: Torkoal\n|-supereffective|p1a: Torkoal\n|-damage|p1a: Torkoal|0 fnt\n|faint|p1a: Torkoal\n|\n|win|weidson\n|raw|bda9999999999's rating: 1000 → 1000<\/strong> (+0 for losing)\n|raw|weidson's rating: 1100 → 1118<\/strong> (+18 for winning)\n|l|\u2606bda9999999999\n","uploadtime":1682783028,"views":21,"p1id":"bda9999999999","p2id":"weidson","formatid":"gen9vgc2023regulationc","rating":1000,"private":0,"password":""}