{"id":"gen9vgc2023regulationc-1855913911","p1":"Iagordao","p2":"tomate palta","format":"[Gen 9] VGC 2023 Regulation C","log":"|j|\u2606Iagordao\n|j|\u2606tomate palta\n|t:|1682999829\n|gametype|doubles\n|player|p1|Iagordao|170|1089\n|player|p2|tomate palta|cheren-gen5bw2|1189\n|teamsize|p1|6\n|teamsize|p2|6\n|gen|9\n|tier|[Gen 9] VGC 2023 Regulation C\n|rated|\n|rule|Species Clause: Limit one of each Pok\u00e9mon\n|rule|Item Clause: Limit one of each item\n|clearpoke\n|poke|p1|Annihilape, L50, M|\n|poke|p1|Chi-Yu, L50|\n|poke|p1|Wo-Chien, L50|\n|poke|p1|Hydreigon, L50, F|\n|poke|p1|Hariyama, L50, F|\n|poke|p1|Roaring Moon, L50|\n|poke|p2|Coalossal, L50, M|\n|poke|p2|Masquerain, L50, F|\n|poke|p2|Flamigo, L50, F|\n|poke|p2|Gothitelle, L50, F|\n|poke|p2|Meowscarada, L50, F|\n|poke|p2|Gastrodon, L50, F|\n|teampreview|4\n|inactive|Battle timer is ON: inactive players will automatically lose when time's up. (requested by Iagordao)\ntomate palta rejected open team sheets.\n|\n|t:|1682999855\n|start\n|switch|p1a: Wo-Chien|Wo-Chien, L50|100\/100\n|switch|p1b: Annihilape|Annihilape, L50, M|100\/100\n|switch|p2a: Coalossal|Coalossal, L50, M, shiny|100\/100\n|switch|p2b: Masquerain|Masquerain, L50, F|100\/100\n|-ability|p2b: Masquerain|Intimidate|boost\n|-unboost|p1a: Wo-Chien|atk|1\n|-unboost|p1b: Annihilape|atk|1\n|-ability|p1a: Wo-Chien|Tablets of Ruin\n|turn|1\n|\n|t:|1682999869\n|-terastallize|p2a: Coalossal|Fire\n|move|p2b: Masquerain|Aqua Jet|p2a: Coalossal\n|-supereffective|p2a: Coalossal\n|-damage|p2a: Coalossal|93\/100\n|-ability|p2a: Coalossal|Steam Engine|boost\n|-boost|p2a: Coalossal|spe|6\n|-enditem|p2a: Coalossal|Weakness Policy\n|-boost|p2a: Coalossal|atk|2|[from] item: Weakness Policy\n|-boost|p2a: Coalossal|spa|2|[from] item: Weakness Policy\n|move|p2a: Coalossal|Heat Wave|p1a: Wo-Chien|[spread] p1a,p1b\n|-supereffective|p1a: Wo-Chien\n|-damage|p1a: Wo-Chien|17\/100\n|-damage|p1b: Annihilape|25\/100\n|move|p1b: Annihilape|Bulk Up|p1b: Annihilape\n|-boost|p1b: Annihilape|atk|1\n|-boost|p1b: Annihilape|def|1\n|move|p1a: Wo-Chien|Ruination|p2a: Coalossal\n|-damage|p2a: Coalossal|47\/100\n|\n|-heal|p1b: Annihilape|31\/100|[from] item: Leftovers\n|upkeep\n|turn|2\n|inactive|Iagordao has 30 seconds left.\n|\n|t:|1682999899\n|switch|p2b: Gothitelle|Gothitelle, L50, F, shiny|100\/100\n|move|p1b: Annihilape|Protect|p1b: Annihilape\n|-singleturn|p1b: Annihilape|Protect\n|move|p2a: Coalossal|Heat Wave|p1a: Wo-Chien|[spread] p1a\n|-activate|p1b: Annihilape|move: Protect\n|-supereffective|p1a: Wo-Chien\n|-damage|p1a: Wo-Chien|0 fnt\n|faint|p1a: Wo-Chien\n|\n|-heal|p1b: Annihilape|37\/100|[from] item: Leftovers\n|upkeep\n|\n|t:|1682999908\n|switch|p1a: Hariyama|Hariyama, L50, F|100\/100\n|turn|3\n|\n|t:|1682999922\n|move|p2a: Coalossal|Protect|p2a: Coalossal\n|-singleturn|p2a: Coalossal|Protect\n|move|p1a: Hariyama|Fake Out|p2a: Coalossal\n|-activate|p2a: Coalossal|move: Protect\n|move|p1b: Annihilape|Rage Fist|p2a: Coalossal\n|-activate|p2a: Coalossal|move: Protect\n|move|p2b: Gothitelle|Reflect|p2b: Gothitelle\n|-sidestart|p2: tomate palta|Reflect\n|\n|-heal|p1b: Annihilape|43\/100|[from] item: Leftovers\n|-status|p1a: Hariyama|brn|[from] item: Flame Orb\n|upkeep\n|turn|4\n|\n|t:|1682999945\n|move|p1a: Hariyama|Detect|p1a: Hariyama\n|-singleturn|p1a: Hariyama|Protect\n|move|p2a: Coalossal|Heat Wave|p1b: Annihilape|[spread] p1b\n|-activate|p1a: Hariyama|move: Protect\n|-damage|p1b: Annihilape|0 fnt\n|faint|p1b: Annihilape\n|move|p2b: Gothitelle|Heal Pulse|p2a: Coalossal\n|-heal|p2a: Coalossal|97\/100\n|\n|-damage|p1a: Hariyama|95\/100 brn|[from] brn\n|upkeep\n|\n|t:|1682999951\n|switch|p1b: Roaring Moon|Roaring Moon, L50|100\/100\n|-enditem|p1b: Roaring Moon|Booster Energy\n|-activate|p1b: Roaring Moon|ability: Protosynthesis|[fromitem]\n|-start|p1b: Roaring Moon|protosynthesisatk\n|turn|5\n|\n|t:|1682999969\n|switch|p2b: Flamigo|Flamigo, L50, F, shiny|100\/100\n|-copyboost|p2b: Flamigo|p2a: Coalossal|[from] ability: Costar\n|move|p2a: Coalossal|Earth Power|p1b: Roaring Moon\n|-damage|p1b: Roaring Moon|54\/100\n|move|p1b: Roaring Moon|Tailwind|p1b: Roaring Moon\n|-sidestart|p1: Iagordao|move: Tailwind\n|move|p1a: Hariyama|Close Combat|p2a: Coalossal\n|-damage|p2a: Coalossal|41\/100\n|-unboost|p1a: Hariyama|def|1\n|-unboost|p1a: Hariyama|spd|1\n|\n|-damage|p1a: Hariyama|89\/100 brn|[from] brn\n|upkeep\n|turn|6\n|\n|t:|1682999987\n|-terastallize|p1b: Roaring Moon|Flying\n|move|p2a: Coalossal|Protect|p2a: Coalossal\n|-singleturn|p2a: Coalossal|Protect\n|move|p2b: Flamigo|Brave Bird|p1a: Hariyama\n|-supereffective|p1a: Hariyama\n|-damage|p1a: Hariyama|0 fnt\n|faint|p1a: Hariyama\n|-damage|p2b: Flamigo|54\/100|[from] Recoil\n|move|p1b: Roaring Moon|Acrobatics|p2b: Flamigo\n|-supereffective|p2b: Flamigo\n|-damage|p2b: Flamigo|0 fnt\n|faint|p2b: Flamigo\n|\n|upkeep\n|\n|t:|1683000000\n|switch|p2b: Masquerain|Masquerain, L50, F|100\/100\n|-ability|p2b: Masquerain|Intimidate|boost\n|-unboost|p1b: Roaring Moon|atk|1\n|turn|7\n|\n|t:|1683000011\n|move|p1b: Roaring Moon|Acrobatics|p2a: Coalossal\n|-damage|p2a: Coalossal|11\/100\n|move|p2a: Coalossal|Power Gem|p1b: Roaring Moon\n|-supereffective|p1b: Roaring Moon\n|-damage|p1b: Roaring Moon|0 fnt\n|faint|p1b: Roaring Moon\n|-end|p1b: Roaring Moon|Protosynthesis|[silent]\n|\n|win|tomate palta\n|raw|Iagordao's rating: 1089 → 1072<\/strong> (-17 for losing)\n|raw|tomate palta's rating: 1189 → 1207<\/strong> (+18 for winning)\n|l|\u2606Iagordao\n|c|\u2606tomate palta|gg\n","uploadtime":1683000027,"views":13,"p1id":"iagordao","p2id":"tomatepalta","formatid":"gen9vgc2023regulationc","rating":1072,"private":0,"password":""}