{"id":"gen9vgc2023regulationc-1845195391","p1":"DinoMike130","p2":"Most Bread","format":"[Gen 9] VGC 2023 Regulation C","log":"|j|\u2606DinoMike130\n|j|\u2606Most Bread\n|t:|1681694974\n|gametype|doubles\n|player|p1|DinoMike130|veteran|1254\n|player|p2|Most Bread|baker|1328\n|teamsize|p1|6\n|teamsize|p2|6\n|gen|9\n|tier|[Gen 9] VGC 2023 Regulation C\n|rated|\n|rule|Species Clause: Limit one of each Pok\u00e9mon\n|rule|Item Clause: Limit one of each item\n|clearpoke\n|poke|p1|Pelipper, L50, M|\n|poke|p1|Drednaw, L50, M|\n|poke|p1|Chien-Pao, L50|\n|poke|p1|Torkoal, L50, F|\n|poke|p1|Great Tusk, L50|\n|poke|p1|Brute Bonnet, L50|\n|poke|p2|Farigiraf, L50, F|\n|poke|p2|Rotom-Wash, L50|\n|poke|p2|Roaring Moon, L50|\n|poke|p2|Scizor, L50, F|\n|poke|p2|Iron Hands, L50|\n|poke|p2|Glimmora, L50, F|\n|teampreview|4\n|inactive|Battle timer is ON: inactive players will automatically lose when time's up. (requested by DinoMike130)\n|\n|t:|1681695025\n|start\n|switch|p1a: Pelipper|Pelipper, L50, M|100\/100\n|switch|p1b: Brute Bonnet|Brute Bonnet, L50|100\/100\n|switch|p2a: Farigiraf|Farigiraf, L50, F|100\/100\n|switch|p2b: Rotom|Rotom-Wash, L50|100\/100\n|-weather|RainDance|[from] ability: Drizzle|[of] p1a: Pelipper\n|turn|1\n|\n|t:|1681695045\n|move|p1a: Pelipper|Hurricane|p2a: Farigiraf\n|-damage|p2a: Farigiraf|64\/100\n|move|p2b: Rotom|Will-O-Wisp|p1b: Brute Bonnet\n|-status|p1b: Brute Bonnet|brn\n|move|p2a: Farigiraf|Hyper Voice|p1a: Pelipper|[spread] p1a,p1b\n|-damage|p1a: Pelipper|50\/100\n|-damage|p1b: Brute Bonnet|75\/100 brn\n|-enditem|p2a: Farigiraf|Throat Spray\n|-boost|p2a: Farigiraf|spa|1|[from] item: Throat Spray\n|move|p1b: Brute Bonnet|Bullet Seed|p2b: Rotom\n|-supereffective|p2b: Rotom\n|-damage|p2b: Rotom|86\/100\n|-supereffective|p2b: Rotom\n|-damage|p2b: Rotom|71\/100\n|-supereffective|p2b: Rotom\n|-damage|p2b: Rotom|57\/100\n|-supereffective|p2b: Rotom\n|-crit|p2b: Rotom\n|-damage|p2b: Rotom|34\/100\n|-hitcount|p2b: Rotom|4\n|\n|-weather|RainDance|[upkeep]\n|-damage|p1b: Brute Bonnet|69\/100 brn|[from] brn\n|upkeep\n|turn|2\n|inactive|DinoMike130 has 30 seconds left.\n|inactive|Most Bread has 30 seconds left.\n|inactive|DinoMike130 has 20 seconds left.\n|inactive|Most Bread has 20 seconds left.\n|inactive|DinoMike130 has 15 seconds left.\n|\n|t:|1681695089\n|move|p1b: Brute Bonnet|Sucker Punch||[still]\n|cant|p2a: Farigiraf|ability: Armor Tail|Sucker Punch|[of] p1b: Brute Bonnet\n|move|p1a: Pelipper|Tailwind|p1a: Pelipper\n|-sidestart|p1: DinoMike130|move: Tailwind\n|move|p2b: Rotom|Thunderbolt|p1a: Pelipper\n|-supereffective|p1a: Pelipper\n|-damage|p1a: Pelipper|0 fnt\n|faint|p1a: Pelipper\n|move|p2a: Farigiraf|Tera Blast|p1b: Brute Bonnet\n|-damage|p1b: Brute Bonnet|22\/100 brn\n|\n|-weather|RainDance|[upkeep]\n|-damage|p1b: Brute Bonnet|16\/100 brn|[from] brn\n|upkeep\n|\n|t:|1681695103\n|switch|p1a: Drednaw|Drednaw, L50, M|100\/100\n|turn|3\n|\n|t:|1681695120\n|move|p1a: Drednaw|Rock Slide|p2b: Rotom|[spread] p2a,p2b\n|-damage|p2a: Farigiraf|28\/100\n|-damage|p2b: Rotom|0 fnt\n|faint|p2b: Rotom\n|-damage|p1a: Drednaw|91\/100|[from] item: Life Orb\n|move|p1b: Brute Bonnet|Bullet Seed|p2a: Farigiraf\n|-damage|p2a: Farigiraf|20\/100\n|-damage|p2a: Farigiraf|12\/100\n|-damage|p2a: Farigiraf|5\/100\n|-damage|p2a: Farigiraf|0 fnt\n|faint|p2a: Farigiraf\n|-hitcount|p2: Farigiraf|4\n|\n|-weather|RainDance|[upkeep]\n|-damage|p1b: Brute Bonnet|10\/100 brn|[from] brn\n|upkeep\n|\n|t:|1681695140\n|switch|p2b: Glimmora|Glimmora, L50, F, shiny|100\/100\n|switch|p2a: Roaring Moon|Roaring Moon, L50|100\/100\n|-enditem|p2a: Roaring Moon|Booster Energy\n|-activate|p2a: Roaring Moon|ability: Protosynthesis|[fromitem]\n|-start|p2a: Roaring Moon|protosynthesisspe\n|turn|4\n|inactive|DinoMike130 has 30 seconds left.\n|inactive|Most Bread has 30 seconds left.\n|inactive|Most Bread has 20 seconds left.\n|inactive|Most Bread has 15 seconds left.\n|inactive|Most Bread has 10 seconds left.\n|\n|t:|1681695186\n|-terastallize|p2b: Glimmora|Grass\n|move|p1a: Drednaw|Ice Spinner|p2a: Roaring Moon\n|-supereffective|p2a: Roaring Moon\n|-damage|p2a: Roaring Moon|10\/100\n|-damage|p1a: Drednaw|81\/100|[from] item: Life Orb\n|move|p2a: Roaring Moon|Rock Slide|p1b: Brute Bonnet|[spread] p1a,p1b\n|-damage|p1a: Drednaw|60\/100\n|-damage|p1b: Brute Bonnet|0 fnt\n|faint|p1b: Brute Bonnet\n|-end|p1b: Brute Bonnet|Protosynthesis|[silent]\n|move|p2b: Glimmora|Energy Ball|p1a: Drednaw\n|-supereffective|p1a: Drednaw\n|-crit|p1a: Drednaw\n|-damage|p1a: Drednaw|0 fnt\n|faint|p1a: Drednaw\n|\n|-weather|RainDance|[upkeep]\n|upkeep\n|\n|t:|1681695200\n|switch|p1b: Great Tusk|Great Tusk, L50|100\/100\n|-enditem|p1b: Great Tusk|Booster Energy\n|-activate|p1b: Great Tusk|ability: Protosynthesis|[fromitem]\n|-start|p1b: Great Tusk|protosynthesisatk\n|turn|5\n|\n|t:|1681695218\n|-terastallize|p1b: Great Tusk|Steel\n|move|p2a: Roaring Moon|Acrobatics|p1b: Great Tusk\n|-resisted|p1b: Great Tusk\n|-damage|p1b: Great Tusk|86\/100\n|move|p1b: Great Tusk|Earthquake|p2a: Roaring Moon|[spread] p2a,p2b\n|-resisted|p2b: Glimmora\n|-damage|p2a: Roaring Moon|0 fnt\n|-damage|p2b: Glimmora|74\/100\n|-activate|p2b: Glimmora|ability: Toxic Debris\n|-sidestart|p1: DinoMike130|move: Toxic Spikes\n|faint|p2a: Roaring Moon\n|-end|p2a: Roaring Moon|Protosynthesis|[silent]\n|move|p2b: Glimmora|Energy Ball|p1b: Great Tusk\n|-resisted|p1b: Great Tusk\n|-damage|p1b: Great Tusk|53\/100\n|\n|-weather|none\n|-sideend|p1: DinoMike130|move: Tailwind\n|upkeep\n|turn|6\n|inactive|DinoMike130 has 30 seconds left.\n|\n|t:|1681695247\n|move|p1b: Great Tusk|Close Combat|p2b: Glimmora\n|-damage|p2b: Glimmora|0 fnt\n|-unboost|p1b: Great Tusk|def|1\n|-unboost|p1b: Great Tusk|spd|1\n|-activate|p2b: Glimmora|ability: Toxic Debris\n|-sidestart|p1: DinoMike130|move: Toxic Spikes\n|faint|p2b: Glimmora\n|\n|win|DinoMike130\n|raw|DinoMike130's rating: 1254 → 1284<\/strong> (+30 for winning)\n|raw|Most Bread's rating: 1328 → 1304<\/strong> (-24 for losing)\n","uploadtime":1681695795,"views":17,"p1id":"dinomike130","p2id":"mostbread","formatid":"gen9vgc2023regulationc","rating":1284,"private":0,"password":""}