{"id":"gen9vgc2023regulationc-1848786503","p1":"Knoxthebox","p2":"Alaskan_fisher","format":"[Gen 9] VGC 2023 Regulation C","log":"|j|\u203dKnoxthebox\n|j|\u2606Alaskan_fisher\n|t:|1682110259\n|gametype|doubles\n|player|p1|Knoxthebox|1|1146\n|player|p2|Alaskan_fisher|fisherman-gen4|1249\n|teamsize|p1|6\n|teamsize|p2|6\n|gen|9\n|tier|[Gen 9] VGC 2023 Regulation C\n|rated|\n|rule|Species Clause: Limit one of each Pok\u00e9mon\n|rule|Item Clause: Limit one of each item\n|clearpoke\n|poke|p1|Iron Bundle, L50|\n|poke|p1|Abomasnow, L50, M|\n|poke|p1|Chien-Pao, L50|\n|poke|p1|Arcanine, L50, M|\n|poke|p1|Palafin, L50, M|\n|poke|p1|Flutter Mane, L50|\n|poke|p2|Baxcalibur, L50, M|\n|poke|p2|Palafin, L50, F|\n|poke|p2|Arcanine, L50, M|\n|poke|p2|Flutter Mane, L50|\n|poke|p2|Chi-Yu, L50|\n|poke|p2|Amoonguss, L50, F|\n|teampreview|4\n|inactive|Battle timer is ON: inactive players will automatically lose when time's up. (requested by Knoxthebox)\n|inactive|Alaskan_fisher has 60 seconds left.\n|\n|t:|1682110307\n|start\n|switch|p1a: Iron Bundle|Iron Bundle, L50, shiny|100\/100\n|switch|p1b: Palafin|Palafin, L50, M|100\/100\n|switch|p2a: Palafin|Palafin, L50, F|100\/100\n|switch|p2b: Amoonguss|Amoonguss, L50, F|100\/100\n|-enditem|p1a: Iron Bundle|Booster Energy\n|-activate|p1a: Iron Bundle|ability: Quark Drive|[fromitem]\n|-start|p1a: Iron Bundle|quarkdrivespe\n|turn|1\n|inactive|Alaskan_fisher has 30 seconds left.\n|inactive|Alaskan_fisher has 20 seconds left.\n|\n|t:|1682110345\n|detailschange|p2a: Palafin|Palafin-Hero, L50, F\n|switch|p2a: Flutter Mane|Flutter Mane, L50|100\/100\n|move|p1a: Iron Bundle|Icy Wind|p2b: Amoonguss|[spread] p2a,p2b\n|-supereffective|p2b: Amoonguss\n|-damage|p2a: Flutter Mane|83\/100\n|-damage|p2b: Amoonguss|62\/100\n|-unboost|p2a: Flutter Mane|spe|1\n|-unboost|p2b: Amoonguss|spe|1\n|move|p1b: Palafin|Flip Turn|p2a: Flutter Mane\n|-damage|p2a: Flutter Mane|42\/100\n|\n|t:|1682110357\n|detailschange|p1b: Palafin|Palafin-Hero, L50, M\n|switch|p1b: Abomasnow|Abomasnow, L50, M, shiny|100\/100|[from] Flip Turn\n|-weather|Snow|[from] ability: Snow Warning|[of] p1b: Abomasnow\n|move|p2b: Amoonguss|Spore|p1a: Iron Bundle\n|-status|p1a: Iron Bundle|slp|[from] move: Spore\n|\n|-weather|Snow|[upkeep]\n|upkeep\n|turn|2\n|inactive|Alaskan_fisher has 30 seconds left.\n|inactive|Alaskan_fisher has 20 seconds left.\n|inactive|Alaskan_fisher has 15 seconds left.\n|l|\u203dKnoxthebox\n|inactive|Knoxthebox disconnected and has a minute to reconnect!\n|player|p1|\n|inactive|Alaskan_fisher has 10 seconds left.\n|j|\u203dKnoxthebox\n|inactive|Knoxthebox reconnected.\n|player|p1|Knoxthebox|1\n|n|\u203dKnoxthebox|knoxthebox\n|n|\u203dKnoxthebox|knoxthebox\n|n|\u203dKnoxthebox|knoxthebox\n|\n|t:|1682110404\n|switch|p2b: Arcanine|Arcanine, L50, M|100\/100\n|-ability|p2b: Arcanine|Intimidate|boost\n|-unboost|p1a: Iron Bundle|atk|1\n|-unboost|p1b: Abomasnow|atk|1\n|-terastallize|p2a: Flutter Mane|Steel\n|cant|p1a: Iron Bundle|slp\n|move|p2a: Flutter Mane|Moonblast|p1b: Abomasnow\n|-damage|p1b: Abomasnow|11\/100\n|move|p1b: Abomasnow|Blizzard|p2a: Flutter Mane|[spread] p2a,p2b\n|-resisted|p2a: Flutter Mane\n|-resisted|p2b: Arcanine\n|-damage|p2a: Flutter Mane|23\/100\n|-damage|p2b: Arcanine|72\/100\n|\n|-weather|Snow|[upkeep]\n|upkeep\n|turn|3\n|\n|t:|1682110427\n|move|p1b: Abomasnow|Protect|p1b: Abomasnow\n|-singleturn|p1b: Abomasnow|Protect\n|-curestatus|p1a: Iron Bundle|slp|[msg]\n|move|p1a: Iron Bundle|Aurora Veil|p1a: Iron Bundle\n|-sidestart|p1: Knoxthebox|move: Aurora Veil\n|move|p2b: Arcanine|Flare Blitz|p1a: Iron Bundle\n|-damage|p1a: Iron Bundle|75\/100\n|-damage|p2b: Arcanine|66\/100|[from] Recoil\n|move|p2a: Flutter Mane|Moonblast|p1a: Iron Bundle\n|-damage|p1a: Iron Bundle|0 fnt\n|faint|p1a: Iron Bundle\n|-end|p1a: Iron Bundle|Quark Drive|[silent]\n|\n|-weather|Snow|[upkeep]\n|upkeep\n|\n|t:|1682110441\n|switch|p1a: Palafin|Palafin-Hero, L50, M|100\/100\n|-activate|p1a: Palafin|ability: Zero to Hero\n|turn|4\n|\n|t:|1682110455\n|move|p1a: Palafin|Wave Crash|p2b: Arcanine\n|-supereffective|p2b: Arcanine\n|-damage|p2b: Arcanine|0 fnt\n|faint|p2b: Arcanine\n|-damage|p1a: Palafin|79\/100|[from] Recoil\n|move|p2a: Flutter Mane|Moonblast|p1b: Abomasnow\n|-damage|p1b: Abomasnow|0 fnt\n|faint|p1b: Abomasnow\n|\n|-weather|Snow|[upkeep]\n|upkeep\n|\n|t:|1682110467\n|switch|p2b: Amoonguss|Amoonguss, L50, F|96\/100\n|switch|p1b: Flutter Mane|Flutter Mane, L50, shiny|100\/100\n|turn|5\n|\n|t:|1682110483\n|-terastallize|p1b: Flutter Mane|Fairy\n|move|p2b: Amoonguss|Protect|p2b: Amoonguss\n|-singleturn|p2b: Amoonguss|Protect\n|move|p1a: Palafin|Wave Crash|p2b: Amoonguss\n|-activate|p2b: Amoonguss|move: Protect\n|move|p1b: Flutter Mane|Dazzling Gleam|p2b: Amoonguss|[spread] p2a\n|-activate|p2b: Amoonguss|move: Protect\n|-resisted|p2a: Flutter Mane\n|-damage|p2a: Flutter Mane|4\/100\n|move|p2a: Flutter Mane|Moonblast|p1b: Flutter Mane\n|-damage|p1b: Flutter Mane|52\/100\n|\n|-weather|none\n|upkeep\n|turn|6\n|\n|t:|1682110500\n|move|p1a: Palafin|Wave Crash|p2b: Amoonguss\n|-resisted|p2b: Amoonguss\n|-damage|p2b: Amoonguss|68\/100\n|-damage|p1a: Palafin|68\/100|[from] Recoil\n|move|p1b: Flutter Mane|Dazzling Gleam|p2b: Amoonguss|[spread] p2a,p2b\n|-resisted|p2a: Flutter Mane\n|-resisted|p2b: Amoonguss\n|-damage|p2a: Flutter Mane|0 fnt\n|-damage|p2b: Amoonguss|48\/100\n|-enditem|p2b: Amoonguss|Sitrus Berry|[eat]\n|-heal|p2b: Amoonguss|73\/100|[from] item: Sitrus Berry\n|faint|p2a: Flutter Mane\n|-end|p2a: Flutter Mane|Protosynthesis|[silent]\n|move|p2b: Amoonguss|Spore|p1a: Palafin\n|-status|p1a: Palafin|slp|[from] move: Spore\n|\n|upkeep\n|\n|t:|1682110507\n|switch|p2a: Palafin|Palafin-Hero, L50, F|100\/100\n|-activate|p2a: Palafin|ability: Zero to Hero\n|turn|7\n|\n|t:|1682110522\n|move|p2a: Palafin|Jet Punch|p1b: Flutter Mane\n|-damage|p1b: Flutter Mane|0 fnt\n|faint|p1b: Flutter Mane\n|-end|p1b: Flutter Mane|Protosynthesis|[silent]\n|cant|p1a: Palafin|slp\n|move|p2b: Amoonguss|Pollen Puff|p2a: Palafin\n|-immune|p2a: Palafin\n|\n|-sideend|p1: Knoxthebox|move: Aurora Veil\n|upkeep\n|turn|8\n|l|\u203dKnoxthebox\n|inactive|Knoxthebox disconnected and has a minute to reconnect!\n|player|p1|\n|\n|t:|1682110533\n|cant|p1a: Palafin|slp\n|move|p2a: Palafin|Wave Crash|p1a: Palafin\n|-resisted|p1a: Palafin\n|-damage|p1a: Palafin|23\/100 slp\n|-damage|p2a: Palafin|88\/100|[from] Recoil\n|move|p2b: Amoonguss|Pollen Puff|p2a: Palafin\n|-heal|p2a: Palafin|100\/100\n|\n|upkeep\n|turn|9\n|inactive|Knoxthebox has 30 seconds left.\n|inactive|Knoxthebox has 20 seconds left.\n|inactive|Knoxthebox has 15 seconds left.\n|inactive|Knoxthebox has 10 seconds left.\n|inactive|Knoxthebox has 5 seconds left.\n|-message|Knoxthebox lost due to inactivity.\n|\n|win|Alaskan_fisher\n|raw|Knoxthebox's rating: 1146 → 1129<\/strong> (-17 for losing)\n|raw|Alaskan_fisher's rating: 1269 → 1286<\/strong> (+17 for winning)\n","uploadtime":1682110951,"views":13,"p1id":"knoxthebox","p2id":"alaskanfisher","formatid":"gen9vgc2023regulationc","rating":1129,"private":0,"password":""}