{"id":"gen9vgc2023regulationc-1858142331","p1":"everycolour","p2":"SM0KESgirl","format":"[Gen 9] VGC 2023 Regulation C","log":"|j|\u2606everycolour\n|j|\u2606SM0KESgirl\n|t:|1683282488\n|gametype|doubles\n|player|p1|everycolour|swimmer|1228\n|player|p2|SM0KESgirl|skyla|1311\n|teamsize|p1|6\n|teamsize|p2|6\n|gen|9\n|tier|[Gen 9] VGC 2023 Regulation C\n|rated|\n|rule|Species Clause: Limit one of each Pok\u00e9mon\n|rule|Item Clause: Limit one of each item\n|clearpoke\n|poke|p1|Dondozo, L50, F|\n|poke|p1|Ting-Lu, L50|\n|poke|p1|Flutter Mane, L50|\n|poke|p1|Gholdengo, L50|\n|poke|p1|Iron Bundle, L50|\n|poke|p1|Dragonite, L50, M|\n|poke|p2|Gholdengo, L50|\n|poke|p2|Murkrow, L50, F|\n|poke|p2|Baxcalibur, L50, M|\n|poke|p2|Annihilape, L50, F|\n|poke|p2|Flutter Mane, L50|\n|poke|p2|Amoonguss, L50, M|\n|teampreview|4\n|inactive|Battle timer is ON: inactive players will automatically lose when time's up. (requested by everycolour)\n|\n|t:|1683282516\n|start\n|switch|p1a: Ting-Lu|Ting-Lu, L50|100\/100\n|switch|p1b: Dondozo|Dondozo, L50, F|100\/100\n|switch|p2a: Murkrow|Murkrow, L50, F|100\/100\n|switch|p2b: Gholdengo|Gholdengo, L50|100\/100\n|-ability|p1a: Ting-Lu|Vessel of Ruin\n|turn|1\n|\n|t:|1683282535\n|move|p2a: Murkrow|Tailwind|p2a: Murkrow\n|-sidestart|p2: SM0KESgirl|move: Tailwind\n|move|p2b: Gholdengo|Make It Rain|p1b: Dondozo|[spread] p1a,p1b\n|-resisted|p1b: Dondozo\n|-damage|p1a: Ting-Lu|60\/100\n|-damage|p1b: Dondozo|79\/100\n|-unboost|p2b: Gholdengo|spa|1\n|move|p1a: Ting-Lu|Stealth Rock|p2a: Murkrow\n|-sidestart|p2: SM0KESgirl|move: Stealth Rock\n|move|p1b: Dondozo|Yawn|p2a: Murkrow\n|-start|p2a: Murkrow|move: Yawn|[of] p1b: Dondozo\n|\n|-heal|p1b: Dondozo|85\/100|[from] item: Leftovers\n|upkeep\n|turn|2\n|inactive|everycolour has 30 seconds left.\n|inactive|SM0KESgirl has 30 seconds left.\n|inactive|everycolour has 20 seconds left.\n|inactive|everycolour has 15 seconds left.\n|inactive|everycolour has 10 seconds left.\n|inactive|everycolour has 5 seconds left.\n|\n|t:|1683282587\n|move|p2a: Murkrow|Haze|p2a: Murkrow\n|-clearallboost\n|move|p2b: Gholdengo|Make It Rain|p1a: Ting-Lu|[spread] p1a,p1b\n|-resisted|p1b: Dondozo\n|-damage|p1a: Ting-Lu|21\/100\n|-damage|p1b: Dondozo|60\/100\n|-unboost|p2b: Gholdengo|spa|1\n|move|p1a: Ting-Lu|Stomping Tantrum|p2b: Gholdengo\n|-supereffective|p2b: Gholdengo\n|-damage|p2b: Gholdengo|38\/100\n|move|p1b: Dondozo|Liquidation|p2a: Murkrow\n|-damage|p2a: Murkrow|59\/100\n|\n|-heal|p1b: Dondozo|67\/100|[from] item: Leftovers\n|-end|p2a: Murkrow|move: Yawn|[silent]\n|-status|p2a: Murkrow|slp\n|upkeep\n|turn|3\n|inactive|SM0KESgirl has 30 seconds left.\n|inactive|SM0KESgirl has 20 seconds left.\n|\n|t:|1683282623\n|switch|p2b: Baxcalibur|Baxcalibur, L50, M|100\/100\n|-damage|p2b: Baxcalibur|76\/100|[from] Stealth Rock\n|move|p1a: Ting-Lu|Protect|p1a: Ting-Lu\n|-singleturn|p1a: Ting-Lu|Protect\n|cant|p2a: Murkrow|slp\n|move|p1b: Dondozo|Liquidation|p2b: Baxcalibur\n|-resisted|p2b: Baxcalibur\n|-damage|p2b: Baxcalibur|58\/100\n|-unboost|p2b: Baxcalibur|def|1\n|\n|-heal|p1b: Dondozo|73\/100|[from] item: Leftovers\n|upkeep\n|turn|4\n|inactive|everycolour has 30 seconds left.\n|inactive|SM0KESgirl has 30 seconds left.\n|\n|t:|1683282653\n|-curestatus|p2a: Murkrow|slp|[msg]\n|move|p2a: Murkrow|Haze|p2a: Murkrow\n|-clearallboost\n|move|p2b: Baxcalibur|Earthquake|p1a: Ting-Lu|[spread] p1a,p1b\n|-immune|p2a: Murkrow\n|-damage|p1a: Ting-Lu|4\/100\n|-damage|p1b: Dondozo|53\/100\n|move|p1a: Ting-Lu|Heavy Slam|p2b: Baxcalibur\n|-supereffective|p2b: Baxcalibur\n|-damage|p2b: Baxcalibur|17\/100\n|move|p1b: Dondozo|Yawn|p2b: Baxcalibur\n|-start|p2b: Baxcalibur|move: Yawn|[of] p1b: Dondozo\n|\n|-heal|p1b: Dondozo|59\/100|[from] item: Leftovers\n|-sideend|p2: SM0KESgirl|move: Tailwind\n|upkeep\n|turn|5\n|inactive|SM0KESgirl has 30 seconds left.\n|inactive|SM0KESgirl has 20 seconds left.\n|inactive|SM0KESgirl has 15 seconds left.\n|\n|t:|1683282694\n|move|p1a: Ting-Lu|Protect|p1a: Ting-Lu\n|-singleturn|p1a: Ting-Lu|Protect\n|move|p2a: Murkrow|Tailwind|p2a: Murkrow\n|-sidestart|p2: SM0KESgirl|move: Tailwind\n|move|p2b: Baxcalibur|Icicle Spear|p1b: Dondozo\n|-resisted|p1b: Dondozo\n|-damage|p1b: Dondozo|54\/100\n|-resisted|p1b: Dondozo\n|-damage|p1b: Dondozo|49\/100\n|-resisted|p1b: Dondozo\n|-damage|p1b: Dondozo|44\/100\n|-hitcount|p1b: Dondozo|3\n|move|p1b: Dondozo|Yawn|p2a: Murkrow\n|-start|p2a: Murkrow|move: Yawn|[of] p1b: Dondozo\n|\n|-heal|p1b: Dondozo|50\/100|[from] item: Leftovers\n|-end|p2b: Baxcalibur|move: Yawn|[silent]\n|-status|p2b: Baxcalibur|slp\n|upkeep\n|turn|6\n|inactive|everycolour has 30 seconds left.\n|inactive|SM0KESgirl has 30 seconds left.\n|\n|t:|1683282728\n|move|p2a: Murkrow|Thunder Wave|p1b: Dondozo\n|-status|p1b: Dondozo|par\n|cant|p2b: Baxcalibur|slp\n|move|p1a: Ting-Lu|Heavy Slam|p2b: Baxcalibur\n|-supereffective|p2b: Baxcalibur\n|-damage|p2b: Baxcalibur|0 fnt\n|faint|p2b: Baxcalibur\n|move|p1b: Dondozo|Yawn||[still]\n|-fail|p1b: Dondozo\n|\n|-heal|p1b: Dondozo|56\/100 par|[from] item: Leftovers\n|-end|p2a: Murkrow|move: Yawn|[silent]\n|-status|p2a: Murkrow|slp\n|upkeep\n|\n|t:|1683282745\n|switch|p2b: Annihilape|Annihilape, L50, F|100\/100\n|-damage|p2b: Annihilape|95\/100|[from] Stealth Rock\n|turn|7\n|inactive|SM0KESgirl has 30 seconds left.\n|\n|t:|1683282778\n|move|p2b: Annihilape|Protect|p2b: Annihilape\n|-singleturn|p2b: Annihilape|Protect\n|move|p1a: Ting-Lu|Protect|p1a: Ting-Lu\n|-singleturn|p1a: Ting-Lu|Protect\n|cant|p2a: Murkrow|slp\n|move|p1b: Dondozo|Yawn|p2b: Annihilape\n|-activate|p2b: Annihilape|move: Protect\n|\n|-heal|p2b: Annihilape|100\/100|[from] item: Leftovers\n|-heal|p1b: Dondozo|63\/100 par|[from] item: Leftovers\n|upkeep\n|turn|8\n|inactive|SM0KESgirl has 30 seconds left.\n|inactive|SM0KESgirl has 20 seconds left.\n|\n|t:|1683282817\n|-curestatus|p2a: Murkrow|slp|[msg]\n|move|p2a: Murkrow|Foul Play|p1b: Dondozo\n|-damage|p1b: Dondozo|34\/100 par\n|move|p2b: Annihilape|Drain Punch|p1b: Dondozo\n|-damage|p1b: Dondozo|15\/100 par\n|move|p1a: Ting-Lu|Heavy Slam|p2b: Annihilape\n|-damage|p2b: Annihilape|68\/100\n|move|p1b: Dondozo|Heavy Slam|p2b: Annihilape\n|-damage|p2b: Annihilape|45\/100\n|\n|-heal|p2b: Annihilape|51\/100|[from] item: Leftovers\n|-heal|p1b: Dondozo|21\/100 par|[from] item: Leftovers\n|-sideend|p2: SM0KESgirl|move: Tailwind\n|upkeep\n|turn|9\n|inactive|everycolour has 30 seconds left.\n|inactive|SM0KESgirl has 30 seconds left.\n|\n|t:|1683282850\n|move|p2a: Murkrow|Tailwind|p2a: Murkrow\n|-sidestart|p2: SM0KESgirl|move: Tailwind\n|move|p2b: Annihilape|Rage Fist|p1b: Dondozo\n|-damage|p1b: Dondozo|0 fnt\n|faint|p1b: Dondozo\n|move|p1a: Ting-Lu|Stomping Tantrum|p2b: Annihilape\n|-damage|p2b: Annihilape|18\/100\n|\n|-heal|p2b: Annihilape|24\/100|[from] item: Leftovers\n|upkeep\n|\n|t:|1683282871\n|switch|p1b: Flutter Mane|Flutter Mane, L50|100\/100\n|-enditem|p1b: Flutter Mane|Booster Energy\n|-activate|p1b: Flutter Mane|ability: Protosynthesis|[fromitem]\n|-start|p1b: Flutter Mane|protosynthesisspe\n|turn|10\n|inactive|everycolour has 30 seconds left.\n|inactive|everycolour has 20 seconds left.\n|inactive|everycolour has 15 seconds left.\n|\n|t:|1683282913\n|-terastallize|p1b: Flutter Mane|Fairy\n|move|p2b: Annihilape|Protect|p2b: Annihilape\n|-singleturn|p2b: Annihilape|Protect\n|move|p2a: Murkrow|Thunder Wave|p1b: Flutter Mane|[miss]\n|-miss|p2a: Murkrow|p1b: Flutter Mane\n|move|p1b: Flutter Mane|Moonblast|p2b: Annihilape\n|-activate|p2b: Annihilape|move: Protect\n|move|p1a: Ting-Lu|Heavy Slam|p2a: Murkrow\n|-crit|p2a: Murkrow\n|-damage|p2a: Murkrow|0 fnt\n|faint|p2a: Murkrow\n|\n|-heal|p2b: Annihilape|30\/100|[from] item: Leftovers\n|upkeep\n|\n|t:|1683282938\n|switch|p2a: Gholdengo|Gholdengo, L50|38\/100\n|-damage|p2a: Gholdengo|32\/100|[from] Stealth Rock\n|turn|11\n|inactive|SM0KESgirl has 30 seconds left.\n|\n|t:|1683282967\n|move|p1b: Flutter Mane|Shadow Ball|p2a: Gholdengo\n|-supereffective|p2a: Gholdengo\n|-damage|p2a: Gholdengo|0 fnt\n|faint|p2a: Gholdengo\n|move|p2b: Annihilape|Rage Fist|p1b: Flutter Mane\n|-damage|p1b: Flutter Mane|0 fnt\n|faint|p1b: Flutter Mane\n|-end|p1b: Flutter Mane|Protosynthesis|[silent]\n|move|p1a: Ting-Lu|Stomping Tantrum|p2b: Annihilape\n|-damage|p2b: Annihilape|0 fnt\n|faint|p2b: Annihilape\n|\n|win|everycolour\n|raw|everycolour's rating: 1228 → 1259<\/strong> (+31 for winning)\n|raw|SM0KESgirl's rating: 1311 → 1286<\/strong> (-25 for losing)\n","uploadtime":1683282983,"views":10,"p1id":"everycolour","p2id":"sm0kesgirl","formatid":"gen9vgc2023regulationc","rating":1259,"private":0,"password":""}