{"id":"gen9vgc2023regulationc-1853103607","p1":"Cyruno","p2":"SorcererBadgerTG","format":"[Gen 9] VGC 2023 Regulation C","log":"|j|\u2606Cyruno\n|j|\u2606SorcererBadgerTG\n|t:|1682635557\n|gametype|doubles\n|player|p1|Cyruno|blue|1172\n|player|p2|SorcererBadgerTG|chuck|1180\n|teamsize|p1|6\n|teamsize|p2|6\n|gen|9\n|tier|[Gen 9] VGC 2023 Regulation C\n|rated|\n|rule|Species Clause: Limit one of each Pok\u00e9mon\n|rule|Item Clause: Limit one of each item\n|clearpoke\n|poke|p1|Scizor, L50, M|\n|poke|p1|Flutter Mane, L50|\n|poke|p1|Chien-Pao, L50|\n|poke|p1|Arcanine, L50, M|\n|poke|p1|Azumarill, L50, F|\n|poke|p1|Amoonguss, L50, F|\n|poke|p2|Grimmsnarl, L50, M|\n|poke|p2|Annihilape, L50, M|\n|poke|p2|Sylveon, L50, F|\n|poke|p2|Sableye, L50, F|\n|poke|p2|Armarouge, L50, F|\n|poke|p2|Goodra, L50, M|\n|teampreview|4\n|inactive|Battle timer is ON: inactive players will automatically lose when time's up. (requested by SorcererBadgerTG)\nSorcererBadgerTG rejected open team sheets.\n|inactive|Cyruno has 60 seconds left.\n|inactive|SorcererBadgerTG has 60 seconds left.\n|\n|t:|1682635602\n|start\n|switch|p1a: Ice Weasel|Chien-Pao, L50|100\/100\n|switch|p1b: Scissors|Scizor, L50, M|100\/100\n|switch|p2a: Sylveon|Sylveon, L50, F|100\/100\n|switch|p2b: Grimmsnarl|Grimmsnarl, L50, M|100\/100\n|-ability|p1a: Ice Weasel|Sword of Ruin\n|turn|1\n|inactive|SorcererBadgerTG has 30 seconds left.\n|\n|t:|1682635631\n|-terastallize|p2a: Sylveon|Ghost\n|move|p1b: Scissors|Bullet Punch|p2b: Grimmsnarl\n|-supereffective|p2b: Grimmsnarl\n|-damage|p2b: Grimmsnarl|0 fnt\n|faint|p2b: Grimmsnarl\n|move|p1a: Ice Weasel|Ice Spinner|p2a: Sylveon\n|-damage|p2a: Sylveon|46\/100\n|move|p2a: Sylveon|Psychic|p1b: Scissors\n|-resisted|p1b: Scissors\n|-damage|p1b: Scissors|84\/100\n|\n|upkeep\n|\n|t:|1682635645\n|switch|p2b: Armarouge|Armarouge, L50, F|100\/100\n|turn|2\n|inactive|SorcererBadgerTG has 30 seconds left.\n|\n|t:|1682635672\n|-terastallize|p1b: Scissors|Fire\n|move|p1a: Ice Weasel|Sucker Punch|p2a: Sylveon\n|-supereffective|p2a: Sylveon\n|-damage|p2a: Sylveon|0 fnt\n|faint|p2a: Sylveon\n|move|p2b: Armarouge|Psychic Terrain|p2b: Armarouge\n|-fieldstart|move: Psychic Terrain\n|move|p1b: Scissors|U-turn|p2b: Armarouge\n|-damage|p2b: Armarouge|53\/100\n|\n|t:|1682635682\n|switch|p1b: Lola|Azumarill, L50, F, shiny|100\/100|[from] U-turn\n|\n|upkeep\n|\n|t:|1682635684\n|switch|p2a: Annihilape|Annihilape, L50, M|100\/100\n|turn|3\n|\n|t:|1682635700\n|move|p1a: Ice Weasel|Ice Spinner|p2b: Armarouge\n|-resisted|p2b: Armarouge\n|-damage|p2b: Armarouge|27\/100\n|-fieldend|move: Psychic Terrain\n|move|p2a: Annihilape|Bulk Up|p2a: Annihilape\n|-boost|p2a: Annihilape|atk|1\n|-boost|p2a: Annihilape|def|1\n|move|p2b: Armarouge|Flamethrower|p1a: Ice Weasel\n|-supereffective|p1a: Ice Weasel\n|-enditem|p1a: Ice Weasel|Focus Sash\n|-damage|p1a: Ice Weasel|1\/100\n|-status|p1a: Ice Weasel|brn\n|move|p1b: Lola|Liquidation|p2b: Armarouge\n|-supereffective|p2b: Armarouge\n|-damage|p2b: Armarouge|0 fnt\n|faint|p2b: Armarouge\n|\n|-damage|p1a: Ice Weasel|0 fnt|[from] brn\n|faint|p1a: Ice Weasel\n|upkeep\n|\n|t:|1682635705\n|switch|p1a: Misdreavus v2|Flutter Mane, L50|100\/100\n|-enditem|p1a: Misdreavus v2|Booster Energy\n|-activate|p1a: Misdreavus v2|ability: Protosynthesis|[fromitem]\n|-start|p1a: Misdreavus v2|protosynthesisspa\n|turn|4\n|\n|t:|1682635723\n|move|p1a: Misdreavus v2|Protect|p1a: Misdreavus v2\n|-singleturn|p1a: Misdreavus v2|Protect\n|move|p2a: Annihilape|Rage Fist|p1a: Misdreavus v2\n|-activate|p1a: Misdreavus v2|move: Protect\n|move|p1b: Lola|Play Rough|p2a: Annihilape\n|-supereffective|p2a: Annihilape\n|-damage|p2a: Annihilape|37\/100\n|\n|upkeep\n|turn|5\n|-message|SorcererBadgerTG forfeited.\n|\n|win|Cyruno\n|raw|Cyruno's rating: 1172 → 1198<\/strong> (+26 for winning)\n|raw|SorcererBadgerTG's rating: 1180 → 1154<\/strong> (-26 for losing)\n|l|\u2606SorcererBadgerTG\n","uploadtime":1682635739,"views":13,"p1id":"cyruno","p2id":"sorcererbadgertg","formatid":"gen9vgc2023regulationc","rating":1154,"private":0,"password":""}