{"id":"gen9vgc2023regulationc-1854101903","p1":"tokoroten","p2":"Cogenic","format":"[Gen 9] VGC 2023 Regulation C","log":"|j|\u2606tokoroten\n|j|\u2606Cogenic\n|t:|1682769486\n|gametype|doubles\n|player|p1|tokoroten|2|1330\n|player|p2|Cogenic|may-masters|1217\n|teamsize|p1|6\n|teamsize|p2|6\n|gen|9\n|tier|[Gen 9] VGC 2023 Regulation C\n|rated|\n|rule|Species Clause: Limit one of each Pok\u00e9mon\n|rule|Item Clause: Limit one of each item\n|clearpoke\n|poke|p1|Chien-Pao, L50|\n|poke|p1|Dragonite, L50, M|\n|poke|p1|Flutter Mane, L50|\n|poke|p1|Ting-Lu, L50|\n|poke|p1|Scream Tail, L50|\n|poke|p1|Corviknight, L50, M|\n|poke|p2|Dondozo, L50, F|\n|poke|p2|Tatsugiri, L50, F|\n|poke|p2|Corviknight, L50, F|\n|poke|p2|Garganacl, L50, M|\n|poke|p2|Flutter Mane, L50|\n|poke|p2|Chi-Yu, L50|\n|teampreview|4\n|inactive|Battle timer is ON: inactive players will automatically lose when time's up. (requested by tokoroten)\n|inactive|tokoroten has 60 seconds left.\nCogenic has agreed to open team sheets.\n|\n|t:|1682769531\n|start\n|switch|p1a: Ting-Lu|Ting-Lu, L50|100\/100\n|switch|p1b: Dragonite|Dragonite, L50, M|100\/100\n|switch|p2a: Corviknight|Corviknight, L50, F|100\/100\n|switch|p2b: Garganacl|Garganacl, L50, M|100\/100\n|-ability|p1a: Ting-Lu|Vessel of Ruin\n|turn|1\n|inactive|tokoroten has 30 seconds left.\n|inactive|tokoroten has 20 seconds left.\n|inactive|tokoroten has 15 seconds left.\n|inactive|tokoroten has 10 seconds left.\n|\n|t:|1682769578\n|move|p1b: Dragonite|Dragon Claw|p2b: Garganacl\n|-damage|p2b: Garganacl|66\/100\n|-damage|p1b: Dragonite|91\/100|[from] item: Life Orb\n|move|p2a: Corviknight|Tailwind|p2a: Corviknight\n|-sidestart|p2: Cogenic|move: Tailwind\n|move|p2b: Garganacl|Stealth Rock|p1a: Ting-Lu\n|-sidestart|p1: tokoroten|move: Stealth Rock\n|move|p1a: Ting-Lu|Stomping Tantrum|p2b: Garganacl\n|-supereffective|p2b: Garganacl\n|-damage|p2b: Garganacl|4\/100\n|-enditem|p2b: Garganacl|Sitrus Berry|[eat]\n|-heal|p2b: Garganacl|29\/100|[from] item: Sitrus Berry\n|\n|upkeep\n|turn|2\n|\n|t:|1682769600\n|switch|p2a: Dondozo|Dondozo, L50, F|100\/100\n|switch|p2b: Tatsugiri|Tatsugiri, L50, F|100\/100\n|-activate|p2b: Tatsugiri|ability: Commander|[of] p2a: Dondozo\n|-boost|p2a: Dondozo|atk|2\n|-boost|p2a: Dondozo|spa|2\n|-boost|p2a: Dondozo|spe|2\n|-boost|p2a: Dondozo|def|2\n|-boost|p2a: Dondozo|spd|2\n|-terastallize|p1b: Dragonite|Flying\n|move|p1b: Dragonite|Tera Blast|p2b: Tatsugiri|[miss]\n|-miss|p1b: Dragonite|p2b: Tatsugiri\n|move|p1a: Ting-Lu|Stomping Tantrum|p2b: Tatsugiri|[miss]\n|-miss|p1a: Ting-Lu|p2b: Tatsugiri\n|\n|upkeep\n|turn|3\n|inactive|tokoroten has 30 seconds left.\n|\n|t:|1682769627\n|switch|p1b: Scream Tail|Scream Tail, L50|100\/100\n|-enditem|p1b: Scream Tail|Booster Energy\n|-activate|p1b: Scream Tail|ability: Protosynthesis|[fromitem]\n|-start|p1b: Scream Tail|protosynthesisspe\n|-damage|p1b: Scream Tail|88\/100|[from] Stealth Rock\n|move|p2a: Dondozo|Wave Crash|p1b: Scream Tail\n|-damage|p1b: Scream Tail|14\/100\n|-damage|p2a: Dondozo|76\/100|[from] Recoil\n|move|p1a: Ting-Lu|Stomping Tantrum|p2a: Dondozo\n|-damage|p2a: Dondozo|35\/100\n|\n|-heal|p2a: Dondozo|41\/100|[from] item: Leftovers\n|upkeep\n|turn|4\n|\n|t:|1682769645\n|-terastallize|p2a: Dondozo|Grass\n|move|p2a: Dondozo|Earthquake|p1b: Scream Tail|[spread] p1a,p1b\n|-miss|p2a: Dondozo|p2b: Tatsugiri\n|-damage|p1a: Ting-Lu|70\/100\n|-damage|p1b: Scream Tail|0 fnt\n|faint|p1b: Scream Tail\n|-end|p1b: Scream Tail|Protosynthesis|[silent]\n|move|p1a: Ting-Lu|Stomping Tantrum|p2a: Dondozo\n|-resisted|p2a: Dondozo\n|-damage|p2a: Dondozo|31\/100\n|\n|-heal|p2a: Dondozo|37\/100|[from] item: Leftovers\n|-sideend|p2: Cogenic|move: Tailwind\n|upkeep\n|\n|t:|1682769656\n|switch|p1b: Dragonite|Dragonite, L50, M, tera:Flying|91\/100\n|-damage|p1b: Dragonite|66\/100|[from] Stealth Rock\n|turn|5\n|\n|t:|1682769661\n|move|p2a: Dondozo|Protect|p2a: Dondozo\n|-singleturn|p2a: Dondozo|Protect\n|move|p1b: Dragonite|Tera Blast|p2a: Dondozo\n|-activate|p2a: Dondozo|move: Protect\n|move|p1a: Ting-Lu|Stomping Tantrum|p2a: Dondozo\n|-activate|p2a: Dondozo|move: Protect\n|\n|-heal|p2a: Dondozo|44\/100|[from] item: Leftovers\n|upkeep\n|turn|6\n|\n|t:|1682769669\n|move|p2a: Dondozo|Wave Crash|p1b: Dragonite\n|-damage|p1b: Dragonite|0 fnt\n|faint|p1b: Dragonite\n|-damage|p2a: Dondozo|25\/100|[from] Recoil\n|move|p1a: Ting-Lu|Stomping Tantrum|p2a: Dondozo\n|-resisted|p2a: Dondozo\n|-damage|p2a: Dondozo|15\/100\n|\n|-heal|p2a: Dondozo|21\/100|[from] item: Leftovers\n|upkeep\n|\n|t:|1682769673\n|switch|p1b: Flutter Mane|Flutter Mane, L50|100\/100\n|-damage|p1b: Flutter Mane|88\/100|[from] Stealth Rock\n|turn|7\n|\n|t:|1682769680\n|move|p2a: Dondozo|Protect|p2a: Dondozo\n|-singleturn|p2a: Dondozo|Protect\n|move|p1b: Flutter Mane|Moonblast|p2a: Dondozo\n|-activate|p2a: Dondozo|move: Protect\n|move|p1a: Ting-Lu|Stomping Tantrum|p2a: Dondozo\n|-activate|p2a: Dondozo|move: Protect\n|\n|-heal|p2a: Dondozo|28\/100|[from] item: Leftovers\n|upkeep\n|turn|8\n|\n|t:|1682769689\n|move|p2a: Dondozo|Wave Crash|p1a: Ting-Lu\n|-supereffective|p1a: Ting-Lu\n|-damage|p1a: Ting-Lu|0 fnt\n|faint|p1a: Ting-Lu\n|-damage|p2a: Dondozo|4\/100|[from] Recoil\n|move|p1b: Flutter Mane|Moonblast|p2a: Dondozo\n|-damage|p2a: Dondozo|0 fnt\n|faint|p2a: Dondozo\n|\n|upkeep\n|\n|t:|1682769694\n|switch|p2a: Corviknight|Corviknight, L50, F|100\/100\n|turn|9\n|-message|tokoroten forfeited.\n|\n|win|Cogenic\n|raw|tokoroten's rating: 1330 → 1304<\/strong> (-26 for losing)\n|raw|Cogenic's rating: 1217 → 1250<\/strong> (+33 for winning)\n|l|\u2606tokoroten\n","uploadtime":1682769700,"views":17,"p1id":"tokoroten","p2id":"cogenic","formatid":"gen9vgc2023regulationc","rating":1250,"private":0,"password":""}