{"id":"gen9vgc2023regulationc-1845886841","p1":"Kojiiii","p2":"Kingb3ans","format":"[Gen 9] VGC 2023 Regulation C","log":"|j|\u2606Kojiiii\n|j|\u2606Kingb3ans\n|t:|1681775477\n|gametype|doubles\n|player|p1|Kojiiii|266|1096\n|player|p2|Kingb3ans|supernerd|1000\n|teamsize|p1|6\n|teamsize|p2|6\n|gen|9\n|tier|[Gen 9] VGC 2023 Regulation C\n|rated|\n|rule|Species Clause: Limit one of each Pok\u00e9mon\n|rule|Item Clause: Limit one of each item\n|clearpoke\n|poke|p1|Palafin, L50, M|\n|poke|p1|Amoonguss, L50, F|\n|poke|p1|Arcanine, L50, M|\n|poke|p1|Flutter Mane, L50|\n|poke|p1|Baxcalibur, L50, M|\n|poke|p1|Ting-Lu, L50|\n|poke|p2|Ting-Lu, L50|\n|poke|p2|Orthworm, L50, F|\n|poke|p2|Armarouge, L50, F|\n|poke|p2|Kingambit, L50, M|\n|poke|p2|Hatterene, L50, F|\n|poke|p2|Indeedee-F, L50, F|\n|teampreview|4\n|\n|t:|1681775521\n|start\n|switch|p1a: Palafin|Palafin, L50, M|100\/100\n|switch|p1b: Flutter Mane|Flutter Mane, L50|100\/100\n|switch|p2a: Orthworm|Orthworm, L50, F|100\/100\n|switch|p2b: Indeedee|Indeedee-F, L50, F|100\/100\n|-fieldstart|move: Psychic Terrain|[from] ability: Psychic Surge|[of] p2b: Indeedee\n|-enditem|p2b: Indeedee|Psychic Seed\n|-boost|p2b: Indeedee|spd|1|[from] item: Psychic Seed\n|-enditem|p1b: Flutter Mane|Booster Energy\n|-activate|p1b: Flutter Mane|ability: Protosynthesis|[fromitem]\n|-start|p1b: Flutter Mane|protosynthesisspa\n|turn|1\n|\n|t:|1681775556\n|-terastallize|p1a: Palafin|Water\n|move|p1b: Flutter Mane|Moonblast|p2b: Indeedee\n|-damage|p2b: Indeedee|67\/100\n|move|p1a: Palafin|Wave Crash|p2b: Indeedee\n|-damage|p2b: Indeedee|0 fnt\n|faint|p2b: Indeedee\n|-damage|p1a: Palafin|78\/100|[from] Recoil\n|move|p2a: Orthworm|Shed Tail|p2a: Orthworm\n|-start|p2a: Orthworm|Substitute|[from] move: Shed Tail\n|-damage|p2a: Orthworm|50\/100\n|\n|t:|1681775573\n|switch|p2a: Armarouge|Armarouge, L50, F|100\/100|[from] Shed Tail\n|\n|upkeep\n|\n|t:|1681775579\n|switch|p2b: Ting-Lu|Ting-Lu, L50|100\/100\n|-ability|p2b: Ting-Lu|Vessel of Ruin\n|turn|2\n|\n|t:|1681775608\n|detailschange|p1a: Palafin|Palafin-Hero, L50, M, tera:Water\n|switch|p1a: Ting-Lu|Ting-Lu, L50|100\/100\n|-ability|p1a: Ting-Lu|Vessel of Ruin\n|-terastallize|p2a: Armarouge|Grass\n|move|p1b: Flutter Mane|Protect|p1b: Flutter Mane\n|-singleturn|p1b: Flutter Mane|Protect\n|move|p2a: Armarouge|Expanding Force|p1b: Flutter Mane|[spread] \n|-activate|p1b: Flutter Mane|move: Protect\n|-immune|p1a: Ting-Lu\n|move|p2b: Ting-Lu|Body Press|p1a: Ting-Lu\n|-supereffective|p1a: Ting-Lu\n|-damage|p1a: Ting-Lu|63\/100\n|\n|upkeep\n|turn|3\n|inactive|Battle timer is ON: inactive players will automatically lose when time's up. (requested by Kingb3ans)\n|\n|t:|1681775671\n|move|p1b: Flutter Mane|Moonblast|p2b: Ting-Lu\n|-supereffective|p2b: Ting-Lu\n|-damage|p2b: Ting-Lu|22\/100\n|move|p1a: Ting-Lu|Heavy Slam|p2a: Armarouge\n|-end|p2a: Armarouge|Substitute\n|move|p2b: Ting-Lu|Body Press|p1a: Ting-Lu\n|-supereffective|p1a: Ting-Lu\n|-damage|p1a: Ting-Lu|29\/100\n|move|p2a: Armarouge|Trick Room|p2a: Armarouge\n|-fieldstart|move: Trick Room|[of] p2a: Armarouge\n|\n|-heal|p2b: Ting-Lu|28\/100|[from] item: Leftovers\n|upkeep\n|turn|4\n|inactive|Kojiiii has 30 seconds left.\n|\n|t:|1681775696\n|move|p1b: Flutter Mane|Protect|p1b: Flutter Mane\n|-singleturn|p1b: Flutter Mane|Protect\n|move|p2b: Ting-Lu|Body Press|p1a: Ting-Lu\n|-supereffective|p1a: Ting-Lu\n|-damage|p1a: Ting-Lu|0 fnt\n|faint|p1a: Ting-Lu\n|move|p2a: Armarouge|Expanding Force|p1b: Flutter Mane\n|-activate|p1b: Flutter Mane|move: Protect\n|\n|-heal|p2b: Ting-Lu|34\/100|[from] item: Leftovers\n|upkeep\n|\n|t:|1681775712\n|switch|p1a: Amoonguss|Amoonguss, L50, F, shiny|100\/100\n|turn|5\n|\n|t:|1681775728\n|move|p1a: Amoonguss|Protect|p1a: Amoonguss\n|-singleturn|p1a: Amoonguss|Protect\n|move|p2b: Ting-Lu|Taunt|p1a: Amoonguss\n|-activate|p1a: Amoonguss|move: Protect\n|move|p2a: Armarouge|Expanding Force|p1b: Flutter Mane|[spread] p1b\n|-activate|p1a: Amoonguss|move: Protect\n|-damage|p1b: Flutter Mane|62\/100\n|move|p1b: Flutter Mane|Moonblast|p2b: Ting-Lu\n|-supereffective|p2b: Ting-Lu\n|-damage|p2b: Ting-Lu|0 fnt\n|faint|p2b: Ting-Lu\n|\n|-fieldend|move: Psychic Terrain\n|upkeep\n|\n|t:|1681775742\n|switch|p2b: Orthworm|Orthworm, L50, F|50\/100\n|turn|6\n|\n|t:|1681775755\n|move|p1b: Flutter Mane|Protect|p1b: Flutter Mane\n|-singleturn|p1b: Flutter Mane|Protect\n|move|p1a: Amoonguss|Spore|p2b: Orthworm\n|-status|p2b: Orthworm|slp|[from] move: Spore\n|move|p2a: Armarouge|Expanding Force|p1a: Amoonguss\n|-supereffective|p1a: Amoonguss\n|-damage|p1a: Amoonguss|29\/100\n|-enditem|p1a: Amoonguss|Sitrus Berry|[eat]\n|-heal|p1a: Amoonguss|54\/100|[from] item: Sitrus Berry\n|cant|p2b: Orthworm|slp\n|\n|upkeep\n|turn|7\n|\n|t:|1681775779\n|move|p1a: Amoonguss|Protect|p1a: Amoonguss\n|-singleturn|p1a: Amoonguss|Protect\n|move|p2a: Armarouge|Expanding Force|p1a: Amoonguss\n|-activate|p1a: Amoonguss|move: Protect\n|-curestatus|p2b: Orthworm|slp|[msg]\n|move|p2b: Orthworm|Iron Head|p1a: Amoonguss\n|-activate|p1a: Amoonguss|move: Protect\n|move|p1b: Flutter Mane|Shadow Ball|p2a: Armarouge\n|-damage|p2a: Armarouge|48\/100\n|\n|-fieldend|move: Trick Room\n|upkeep\n|turn|8\n|\n|t:|1681775799\n|switch|p1a: Palafin|Palafin-Hero, L50, M, tera:Water|78\/100\n|-activate|p1a: Palafin|ability: Zero to Hero\n|move|p1b: Flutter Mane|Shadow Ball|p2b: Orthworm\n|-damage|p2b: Orthworm|0 fnt\n|faint|p2b: Orthworm\n|move|p2a: Armarouge|Expanding Force|p1a: Palafin\n|-damage|p1a: Palafin|23\/100\n|\n|upkeep\n|turn|9\n|\n|t:|1681775819\n|move|p1b: Flutter Mane|Shadow Ball|p2a: Armarouge\n|-damage|p2a: Armarouge|0 fnt\n|faint|p2a: Armarouge\n|\n|win|Kojiiii\n|raw|Kojiiii's rating: 1096 → 1115<\/strong> (+19 for winning)\n|raw|Kingb3ans's rating: 1000 → 1000<\/strong> (+0 for losing)\n|c|\u2606Kingb3ans|wp\n|l|\u2606Kingb3ans\n","uploadtime":1681775838,"views":17,"p1id":"kojiiii","p2id":"kingb3ans","formatid":"gen9vgc2023regulationc","rating":1000,"private":0,"password":""}