{"id":"gen9vgc2023regulationc-1849868341","p1":"SpeedyLinguine","p2":"Yoshitoki","format":"[Gen 9] VGC 2023 Regulation C","log":"|j|\u2606SpeedyLinguine\n|j|\u2606Yoshitoki\n|t:|1682262542\n|gametype|doubles\n|player|p1|SpeedyLinguine|hoopster|1225\n|player|p2|Yoshitoki|shadowtriad|1289\n|teamsize|p1|6\n|teamsize|p2|6\n|gen|9\n|tier|[Gen 9] VGC 2023 Regulation C\n|rated|\n|rule|Species Clause: Limit one of each Pok\u00e9mon\n|rule|Item Clause: Limit one of each item\n|clearpoke\n|poke|p1|Pelipper, L50, F|\n|poke|p1|Amoonguss, L50, F|\n|poke|p1|Flutter Mane, L50|\n|poke|p1|Floatzel, L50, F|\n|poke|p1|Iron Hands, L50|\n|poke|p1|Gholdengo, L50|\n|poke|p2|Orthworm, L50, F|\n|poke|p2|Dragonite, L50, M|\n|poke|p2|Ting-Lu, L50|\n|poke|p2|Gyarados, L50, M|\n|poke|p2|Flutter Mane, L50|\n|poke|p2|Chien-Pao, L50|\n|teampreview|4\nSpeedyLinguine has agreed to open team sheets.\n|\n|t:|1682262583\n|start\n|switch|p1a: Darth Vader|Flutter Mane, L50|100\/100\n|switch|p1b: Unstoppable Force|Gholdengo, L50|100\/100\n|switch|p2a: Ting-Lu|Ting-Lu, L50|100\/100\n|switch|p2b: Dragonite|Dragonite, L50, M|100\/100\n|-ability|p2a: Ting-Lu|Vessel of Ruin\n|turn|1\n|\n|t:|1682262627\n|-terastallize|p2b: Dragonite|Flying\n|move|p1a: Darth Vader|Moonblast|p2b: Dragonite\n|-damage|p2b: Dragonite|80\/100\n|move|p1b: Unstoppable Force|Make It Rain|p2a: Ting-Lu|[spread] p2a,p2b\n|-damage|p2a: Ting-Lu|69\/100\n|-damage|p2b: Dragonite|40\/100\n|-unboost|p1b: Unstoppable Force|spa|1\n|move|p2b: Dragonite|Earthquake|p1b: Unstoppable Force|[spread] p2a,p1a,p1b\n|-supereffective|p1b: Unstoppable Force\n|-damage|p2a: Ting-Lu|54\/100\n|-damage|p1a: Darth Vader|48\/100\n|-damage|p1b: Unstoppable Force|46\/100\n|move|p2a: Ting-Lu|Earthquake|p1a: Darth Vader|[spread] p1a,p1b\n|-immune|p2b: Dragonite\n|-supereffective|p1b: Unstoppable Force\n|-damage|p1a: Darth Vader|0 fnt\n|-damage|p1b: Unstoppable Force|0 fnt\n|faint|p1a: Darth Vader\n|-end|p1a: Darth Vader|Protosynthesis|[silent]\n|faint|p1b: Unstoppable Force\n|\n|upkeep\n|\n|t:|1682262639\n|switch|p1a: The Jordan of VGC|Pelipper, L50, F|100\/100\n|switch|p1b: El Nadador|Floatzel, L50, F|100\/100\n|-weather|RainDance|[from] ability: Drizzle|[of] p1a: The Jordan of VGC\n|turn|2\n|\n|t:|1682262653\n|move|p2b: Dragonite|Extreme Speed|p1b: El Nadador\n|-damage|p1b: El Nadador|52\/100\n|move|p1b: El Nadador|Liquidation|p2a: Ting-Lu\n|-supereffective|p2a: Ting-Lu\n|-damage|p2a: Ting-Lu|0 fnt\n|faint|p2a: Ting-Lu\n|move|p1a: The Jordan of VGC|Hydro Pump|p2b: Dragonite\n|-damage|p2b: Dragonite|0 fnt\n|faint|p2b: Dragonite\n|\n|-weather|RainDance|[upkeep]\n|upkeep\n|\n|t:|1682262657\n|switch|p2b: Orthworm|Orthworm, L50, F|100\/100\n|switch|p2a: Gyarados|Gyarados, L50, M|100\/100\n|-ability|p2a: Gyarados|Intimidate|boost\n|-unboost|p1a: The Jordan of VGC|atk|1\n|-unboost|p1b: El Nadador|atk|1\n|turn|3\n|\n|t:|1682262674\n|-terastallize|p1b: El Nadador|Water\n|move|p1b: El Nadador|Liquidation|p2b: Orthworm\n|-crit|p2b: Orthworm\n|-damage|p2b: Orthworm|0 fnt\n|faint|p2b: Orthworm\n|move|p2a: Gyarados|Thunder Wave|p1a: The Jordan of VGC\n|-status|p1a: The Jordan of VGC|par\n|move|p1a: The Jordan of VGC|Hurricane|p2a: Gyarados\n|-damage|p2a: Gyarados|70\/100\n|\n|-weather|RainDance|[upkeep]\n|upkeep\n|turn|4\n|\n|t:|1682262685\n|move|p1b: El Nadador|Liquidation|p2a: Gyarados\n|-resisted|p2a: Gyarados\n|-damage|p2a: Gyarados|30\/100\n|move|p2a: Gyarados|Thunder Wave|p1b: El Nadador\n|-status|p1b: El Nadador|par\n|cant|p1a: The Jordan of VGC|par\n|\n|-weather|RainDance|[upkeep]\n|upkeep\n|turn|5\n|\n|t:|1682262700\n|move|p1b: El Nadador|Liquidation|p2a: Gyarados\n|-resisted|p2a: Gyarados\n|-damage|p2a: Gyarados|0 fnt\n|faint|p2a: Gyarados\n|\n|win|SpeedyLinguine\n|raw|SpeedyLinguine's rating: 1225 → 1255<\/strong> (+30 for winning)\n|raw|Yoshitoki's rating: 1289 → 1259<\/strong> (-30 for losing)\n","uploadtime":1682262704,"views":10,"p1id":"speedylinguine","p2id":"yoshitoki","formatid":"gen9vgc2023regulationc","rating":1255,"private":0,"password":""}