{"id":"gen9vgc2023regulationc-1849665050","p1":"KilvasGlass","p2":"niftynifty","format":"[Gen 9] VGC 2023 Regulation C","log":"|j|\u2606KilvasGlass\n|j|\u2606niftynifty\n|t:|1682228246\n|gametype|doubles\n|player|p1|KilvasGlass|rocketgrunt|1116\n|player|p2|niftynifty|janitor|1107\n|teamsize|p1|6\n|teamsize|p2|6\n|gen|9\n|tier|[Gen 9] VGC 2023 Regulation C\n|rated|\n|rule|Species Clause: Limit one of each Pok\u00e9mon\n|rule|Item Clause: Limit one of each item\n|clearpoke\n|poke|p1|Talonflame, L50, F|\n|poke|p1|Flutter Mane, L50|\n|poke|p1|Gyarados, L50, F|\n|poke|p1|Ting-Lu, L50|\n|poke|p1|Hydreigon, L50, F|\n|poke|p1|Indeedee-F, L50, F|\n|poke|p2|Farigiraf, L50, M|\n|poke|p2|Tatsugiri-Droopy, L50, F|\n|poke|p2|Garganacl, L50, F|\n|poke|p2|Chi-Yu, L50|\n|poke|p2|Wo-Chien, L50|\n|poke|p2|Flutter Mane, L50|\n|teampreview|4\n|\n|t:|1682228278\n|start\n|switch|p1a: Gyarados|Gyarados, L50, F|100\/100\n|switch|p1b: Hydreigon|Hydreigon, L50, F|100\/100\n|switch|p2a: Flutter Mane|Flutter Mane, L50|100\/100\n|switch|p2b: Chi-Yu|Chi-Yu, L50|100\/100\n|-ability|p1a: Gyarados|Intimidate|boost\n|-unboost|p2a: Flutter Mane|atk|1\n|-unboost|p2b: Chi-Yu|atk|1\n|-ability|p2b: Chi-Yu|Beads of Ruin\n|-enditem|p2a: Flutter Mane|Booster Energy\n|-activate|p2a: Flutter Mane|ability: Protosynthesis|[fromitem]\n|-start|p2a: Flutter Mane|protosynthesisspa\n|turn|1\n|\n|t:|1682228308\n|-terastallize|p1b: Hydreigon|Steel\n|-terastallize|p2b: Chi-Yu|Grass\n|move|p2a: Flutter Mane|Substitute|p2a: Flutter Mane\n|-start|p2a: Flutter Mane|Substitute\n|-damage|p2a: Flutter Mane|76\/100\n|move|p1b: Hydreigon|Flash Cannon|p2a: Flutter Mane\n|-supereffective|p2a: Flutter Mane\n|-end|p2a: Flutter Mane|Substitute\n|-damage|p1b: Hydreigon|91\/100|[from] item: Life Orb\n|move|p1a: Gyarados|Earthquake|p2a: Flutter Mane|[spread] p2a,p2b\n|-immune|p1b: Hydreigon|[from] ability: Levitate\n|-resisted|p2b: Chi-Yu\n|-crit|p2b: Chi-Yu\n|-damage|p2a: Flutter Mane|31\/100\n|-damage|p2b: Chi-Yu|73\/100\n|move|p2b: Chi-Yu|Dark Pulse|p1a: Gyarados\n|-damage|p1a: Gyarados|35\/100\n|\n|upkeep\n|turn|2\n|\n|t:|1682228338\n|move|p2a: Flutter Mane|Shadow Ball|p1a: Gyarados\n|-damage|p1a: Gyarados|0 fnt\n|faint|p1a: Gyarados\n|move|p1b: Hydreigon|Draco Meteor|p2b: Chi-Yu\n|-damage|p2b: Chi-Yu|0 fnt\n|-unboost|p1b: Hydreigon|spa|2\n|faint|p2b: Chi-Yu\n|-damage|p1b: Hydreigon|81\/100|[from] item: Life Orb\n|\n|upkeep\n|\n|t:|1682228349\n|switch|p1a: Flutter Mane|Flutter Mane, L50|100\/100\n|switch|p2b: Garganacl|Garganacl, L50, F|100\/100\n|turn|3\n|\n|t:|1682228373\n|move|p2a: Flutter Mane|Shadow Ball|p1a: Flutter Mane\n|-supereffective|p1a: Flutter Mane\n|-damage|p1a: Flutter Mane|38\/100\n|move|p1b: Hydreigon|Flash Cannon|p2a: Flutter Mane\n|-supereffective|p2a: Flutter Mane\n|-damage|p2a: Flutter Mane|0 fnt\n|faint|p2a: Flutter Mane\n|-end|p2a: Flutter Mane|Protosynthesis|[silent]\n|-damage|p1b: Hydreigon|72\/100|[from] item: Life Orb\n|move|p1a: Flutter Mane|Hex|p2b: Garganacl\n|-damage|p2b: Garganacl|86\/100\n|move|p2b: Garganacl|Salt Cure|p1b: Hydreigon\n|-resisted|p1b: Hydreigon\n|-damage|p1b: Hydreigon|63\/100\n|-start|p1b: Hydreigon|Salt Cure\n|\n|-damage|p1b: Hydreigon|39\/100|[from] Salt Cure\n|upkeep\n|\n|t:|1682228387\n|switch|p2a: Wo-Chien|Wo-Chien, L50|100\/100\n|-ability|p2a: Wo-Chien|Tablets of Ruin\n|turn|4\n|\n|t:|1682228406\n|switch|p1b: Ting-Lu|Ting-Lu, L50|100\/100\n|-ability|p1b: Ting-Lu|Vessel of Ruin\n|move|p1a: Flutter Mane|Draining Kiss|p2a: Wo-Chien\n|-supereffective|p2a: Wo-Chien\n|-crit|p2a: Wo-Chien\n|-damage|p2a: Wo-Chien|54\/100\n|-heal|p1a: Flutter Mane|80\/100|[from] drain|[of] p2a: Wo-Chien\n|move|p2a: Wo-Chien|Pollen Puff|p2b: Garganacl\n|-heal|p2b: Garganacl|100\/100\n|move|p2b: Garganacl|Salt Cure|p1a: Flutter Mane\n|-damage|p1a: Flutter Mane|59\/100\n|-start|p1a: Flutter Mane|Salt Cure\n|\n|-heal|p2a: Wo-Chien|60\/100|[from] item: Leftovers\n|-damage|p1a: Flutter Mane|47\/100|[from] Salt Cure\n|upkeep\n|turn|5\n|\n|t:|1682228428\n|move|p1a: Flutter Mane|Draining Kiss|p2a: Wo-Chien\n|-supereffective|p2a: Wo-Chien\n|-damage|p2a: Wo-Chien|29\/100\n|-heal|p1a: Flutter Mane|75\/100|[from] drain|[of] p2a: Wo-Chien\n|move|p2a: Wo-Chien|Leech Seed|p1b: Ting-Lu\n|-start|p1b: Ting-Lu|move: Leech Seed\n|move|p1b: Ting-Lu|Ruination|p2b: Garganacl\n|-damage|p2b: Garganacl|51\/100\n|move|p2b: Garganacl|Salt Cure|p1b: Ting-Lu\n|-resisted|p1b: Ting-Lu\n|-damage|p1b: Ting-Lu|98\/100\n|-start|p1b: Ting-Lu|Salt Cure\n|\n|-heal|p2a: Wo-Chien|35\/100|[from] item: Leftovers\n|-damage|p1b: Ting-Lu|86\/100|[from] Leech Seed|[of] p2a: Wo-Chien\n|-heal|p2a: Wo-Chien|52\/100|[silent]\n|-damage|p1a: Flutter Mane|62\/100|[from] Salt Cure\n|-damage|p1b: Ting-Lu|74\/100|[from] Salt Cure\n|upkeep\n|turn|6\n|\n|t:|1682228452\n|move|p2a: Wo-Chien|Protect|p2a: Wo-Chien\n|-singleturn|p2a: Wo-Chien|Protect\n|move|p1a: Flutter Mane|Draining Kiss|p2a: Wo-Chien\n|-activate|p2a: Wo-Chien|move: Protect\n|move|p1b: Ting-Lu|Ruination|p2b: Garganacl\n|-damage|p2b: Garganacl|26\/100\n|move|p2b: Garganacl|Recover|p2b: Garganacl\n|-heal|p2b: Garganacl|76\/100\n|\n|-heal|p2a: Wo-Chien|58\/100|[from] item: Leftovers\n|-damage|p1b: Ting-Lu|62\/100|[from] Leech Seed|[of] p2a: Wo-Chien\n|-heal|p2a: Wo-Chien|74\/100|[silent]\n|-damage|p1a: Flutter Mane|50\/100|[from] Salt Cure\n|-damage|p1b: Ting-Lu|49\/100|[from] Salt Cure\n|upkeep\n|turn|7\n|\n|t:|1682228489\n|-end|p1a: Flutter Mane|Protosynthesis|[silent]\n|switch|p1a: Hydreigon|Hydreigon, L50, F, tera:Steel|39\/100\n|move|p2a: Wo-Chien|Leech Seed|p1a: Hydreigon\n|-start|p1a: Hydreigon|move: Leech Seed\n|move|p1b: Ting-Lu|Ruination|p2a: Wo-Chien\n|-damage|p2a: Wo-Chien|37\/100\n|move|p2b: Garganacl|Recover|p2b: Garganacl\n|-heal|p2b: Garganacl|100\/100\n|\n|-heal|p2a: Wo-Chien|44\/100|[from] item: Leftovers\n|-damage|p1a: Hydreigon|27\/100|[from] Leech Seed|[of] p2a: Wo-Chien\n|-heal|p2a: Wo-Chien|54\/100|[silent]\n|-damage|p1b: Ting-Lu|37\/100|[from] Leech Seed|[of] p2a: Wo-Chien\n|-heal|p2a: Wo-Chien|71\/100|[silent]\n|-damage|p1b: Ting-Lu|25\/100|[from] Salt Cure\n|upkeep\n|turn|8\n|\n|t:|1682228517\n|switch|p1b: Flutter Mane|Flutter Mane, L50|50\/100\n|move|p2a: Wo-Chien|Protect|p2a: Wo-Chien\n|-singleturn|p2a: Wo-Chien|Protect\n|move|p1a: Hydreigon|Draco Meteor|p2a: Wo-Chien\n|-activate|p2a: Wo-Chien|move: Protect\n|move|p2b: Garganacl|Salt Cure|p1a: Hydreigon\n|-resisted|p1a: Hydreigon\n|-damage|p1a: Hydreigon|20\/100\n|-start|p1a: Hydreigon|Salt Cure\n|\n|-heal|p2a: Wo-Chien|77\/100|[from] item: Leftovers\n|-damage|p1a: Hydreigon|8\/100|[from] Leech Seed|[of] p2a: Wo-Chien\n|-heal|p2a: Wo-Chien|87\/100|[silent]\n|-damage|p1a: Hydreigon|0 fnt|[from] Salt Cure\n|faint|p1a: Hydreigon\n|upkeep\n|\n|t:|1682228531\n|switch|p1a: Ting-Lu|Ting-Lu, L50|25\/100\n|-ability|p1a: Ting-Lu|Vessel of Ruin\n|turn|9\n|\n|t:|1682228544\n|move|p1b: Flutter Mane|Energy Ball|p2b: Garganacl\n|-supereffective|p2b: Garganacl\n|-damage|p2b: Garganacl|60\/100\n|move|p2a: Wo-Chien|Leech Seed|p1a: Ting-Lu\n|-start|p1a: Ting-Lu|move: Leech Seed\n|move|p1a: Ting-Lu|Ruination|p2b: Garganacl\n|-damage|p2b: Garganacl|30\/100\n|move|p2b: Garganacl|Salt Cure|p1b: Flutter Mane\n|-damage|p1b: Flutter Mane|31\/100\n|-start|p1b: Flutter Mane|Salt Cure\n|\n|-heal|p2a: Wo-Chien|94\/100|[from] item: Leftovers\n|-damage|p1a: Ting-Lu|13\/100|[from] Leech Seed|[of] p2a: Wo-Chien\n|-heal|p2a: Wo-Chien|100\/100|[silent]\n|-damage|p1b: Flutter Mane|18\/100|[from] Salt Cure\n|upkeep\n|turn|10\n|\n|t:|1682228563\n|move|p1b: Flutter Mane|Energy Ball|p2b: Garganacl\n|-supereffective|p2b: Garganacl\n|-damage|p2b: Garganacl|0 fnt\n|faint|p2b: Garganacl\n|move|p2a: Wo-Chien|Pollen Puff|p2: Garganacl|[notarget]\n|-fail|p2a: Wo-Chien\n|move|p1a: Ting-Lu|Rest|p1a: Ting-Lu\n|-status|p1a: Ting-Lu|slp|[from] move: Rest\n|-heal|p1a: Ting-Lu|100\/100 slp|[silent]\n|\n|-damage|p1a: Ting-Lu|88\/100 slp|[from] Leech Seed|[of] p2a: Wo-Chien\n|-damage|p1b: Flutter Mane|6\/100|[from] Salt Cure\n|upkeep\n|turn|11\n|\n|t:|1682228584\n|move|p1b: Flutter Mane|Draining Kiss|p1a: Ting-Lu\n|-supereffective|p1a: Ting-Lu\n|-damage|p1a: Ting-Lu|49\/100 slp\n|-heal|p1b: Flutter Mane|54\/100|[from] drain|[of] p1a: Ting-Lu\n|-damage|p1b: Flutter Mane|37\/100|[from] item: Rocky Helmet|[of] p1a: Ting-Lu\n|move|p2a: Wo-Chien|Knock Off|p1a: Ting-Lu\n|-resisted|p1a: Ting-Lu\n|-damage|p1a: Ting-Lu|43\/100 slp\n|-damage|p2a: Wo-Chien|84\/100|[from] item: Rocky Helmet|[of] p1a: Ting-Lu\n|-enditem|p1a: Ting-Lu|Rocky Helmet|[from] move: Knock Off|[of] p2a: Wo-Chien\n|cant|p1a: Ting-Lu|slp\n|move|p1a: Ting-Lu|Sleep Talk|p1a: Ting-Lu\n|move|p1a: Ting-Lu|Body Press|p2a: Wo-Chien|[from]move: Sleep Talk\n|-supereffective|p2a: Wo-Chien\n|-damage|p2a: Wo-Chien|48\/100\n|\n|-heal|p2a: Wo-Chien|55\/100|[from] item: Leftovers\n|-damage|p1a: Ting-Lu|31\/100 slp|[from] Leech Seed|[of] p2a: Wo-Chien\n|-heal|p2a: Wo-Chien|71\/100|[silent]\n|-damage|p1b: Flutter Mane|25\/100|[from] Salt Cure\n|upkeep\n|turn|12\n|\n|t:|1682228605\n|move|p1b: Flutter Mane|Draining Kiss|p2a: Wo-Chien\n|-supereffective|p2a: Wo-Chien\n|-damage|p2a: Wo-Chien|43\/100\n|-heal|p1b: Flutter Mane|50\/100|[from] drain|[of] p2a: Wo-Chien\n|move|p2a: Wo-Chien|Leech Seed|p1b: Flutter Mane\n|-start|p1b: Flutter Mane|move: Leech Seed\n|cant|p1a: Ting-Lu|slp\n|move|p1a: Ting-Lu|Sleep Talk|p1a: Ting-Lu\n|move|p1a: Ting-Lu|Body Press|p2a: Wo-Chien|[from]move: Sleep Talk\n|-supereffective|p2a: Wo-Chien\n|-damage|p2a: Wo-Chien|9\/100\n|\n|-heal|p2a: Wo-Chien|15\/100|[from] item: Leftovers\n|-damage|p1b: Flutter Mane|38\/100|[from] Leech Seed|[of] p2a: Wo-Chien\n|-heal|p2a: Wo-Chien|25\/100|[silent]\n|-damage|p1a: Ting-Lu|18\/100 slp|[from] Leech Seed|[of] p2a: Wo-Chien\n|-heal|p2a: Wo-Chien|42\/100|[silent]\n|-damage|p1b: Flutter Mane|25\/100|[from] Salt Cure\n|upkeep\n|turn|13\n|\n|t:|1682228626\n|move|p2a: Wo-Chien|Protect|p2a: Wo-Chien\n|-singleturn|p2a: Wo-Chien|Protect\n|move|p1b: Flutter Mane|Draining Kiss|p2a: Wo-Chien\n|-activate|p2a: Wo-Chien|move: Protect\n|-curestatus|p1a: Ting-Lu|slp|[msg]\n|move|p1a: Ting-Lu|Rest|p1a: Ting-Lu\n|-status|p1a: Ting-Lu|slp|[from] move: Rest\n|-heal|p1a: Ting-Lu|100\/100 slp|[silent]\n|\n|-heal|p2a: Wo-Chien|48\/100|[from] item: Leftovers\n|-damage|p1b: Flutter Mane|13\/100|[from] Leech Seed|[of] p2a: Wo-Chien\n|-heal|p2a: Wo-Chien|59\/100|[silent]\n|-damage|p1a: Ting-Lu|88\/100 slp|[from] Leech Seed|[of] p2a: Wo-Chien\n|-heal|p2a: Wo-Chien|75\/100|[silent]\n|-damage|p1b: Flutter Mane|0 fnt|[from] Salt Cure\n|faint|p1b: Flutter Mane\n|-end|p1b: Flutter Mane|Protosynthesis|[silent]\n|upkeep\n|turn|14\n|\n|t:|1682228642\n|move|p2a: Wo-Chien|Pollen Puff|p1a: Ting-Lu\n|-supereffective|p1a: Ting-Lu\n|-damage|p1a: Ting-Lu|63\/100 slp\n|cant|p1a: Ting-Lu|slp\n|move|p1a: Ting-Lu|Sleep Talk|p1a: Ting-Lu\n|move|p1a: Ting-Lu|Ruination|p2a: Wo-Chien|[from]move: Sleep Talk\n|-damage|p2a: Wo-Chien|38\/100\n|\n|-heal|p2a: Wo-Chien|44\/100|[from] item: Leftovers\n|-damage|p1a: Ting-Lu|51\/100 slp|[from] Leech Seed|[of] p2a: Wo-Chien\n|-heal|p2a: Wo-Chien|61\/100|[silent]\n|upkeep\n|turn|15\n|\n|t:|1682228654\n|move|p2a: Wo-Chien|Pollen Puff|p1a: Ting-Lu\n|-supereffective|p1a: Ting-Lu\n|-damage|p1a: Ting-Lu|27\/100 slp\n|cant|p1a: Ting-Lu|slp\n|move|p1a: Ting-Lu|Sleep Talk|p1a: Ting-Lu\n|move|p1a: Ting-Lu|Ruination|p2a: Wo-Chien|[from]move: Sleep Talk\n|-damage|p2a: Wo-Chien|31\/100\n|\n|-heal|p2a: Wo-Chien|37\/100|[from] item: Leftovers\n|-damage|p1a: Ting-Lu|15\/100 slp|[from] Leech Seed|[of] p2a: Wo-Chien\n|-heal|p2a: Wo-Chien|54\/100|[silent]\n|upkeep\n|turn|16\n|\n|t:|1682228667\n|move|p2a: Wo-Chien|Pollen Puff|p1a: Ting-Lu\n|-supereffective|p1a: Ting-Lu\n|-damage|p1a: Ting-Lu|0 fnt\n|faint|p1a: Ting-Lu\n|\n|win|niftynifty\n|raw|KilvasGlass's rating: 1116 → 1090<\/strong> (-26 for losing)\n|raw|niftynifty's rating: 1107 → 1133<\/strong> (+26 for winning)\n|l|\u2606KilvasGlass\n|c|\u2606niftynifty|gg cool team\n","uploadtime":1682228681,"views":17,"p1id":"kilvasglass","p2id":"niftynifty","formatid":"gen9vgc2023regulationc","rating":1090,"private":0,"password":""}