{"id":"gen9vgc2023regulationc-1855883772","p1":"ROOM.exe","p2":"TheTealSpheal","format":"[Gen 9] VGC 2023 Regulation C","log":"|j|\u2606ROOM.exe\n|j|\u2606TheTealSpheal\n|t:|1682995765\n|gametype|doubles\n|player|p1|ROOM.exe|rosa|1321\n|player|p2|TheTealSpheal|fisherman|1264\n|teamsize|p1|6\n|teamsize|p2|6\n|gen|9\n|tier|[Gen 9] VGC 2023 Regulation C\n|rated|\n|rule|Species Clause: Limit one of each Pok\u00e9mon\n|rule|Item Clause: Limit one of each item\n|clearpoke\n|poke|p1|Iron Bundle, L50|\n|poke|p1|Chi-Yu, L50|\n|poke|p1|Maushold, L50|\n|poke|p1|Glimmora, L50, F|\n|poke|p1|Tatsugiri, L50, M|\n|poke|p1|Dondozo, L50, M|\n|poke|p2|Iron Hands, L50|\n|poke|p2|Flutter Mane, L50|\n|poke|p2|Talonflame, L50, F|\n|poke|p2|Indeedee-F, L50, F|\n|poke|p2|Chi-Yu, L50|\n|poke|p2|Garchomp, L50, F|\n|teampreview|4\n|inactive|Battle timer is ON: inactive players will automatically lose when time's up. (requested by ROOM.exe)\n|inactive|TheTealSpheal has 60 seconds left.\n|\n|t:|1682995852\n|start\n|switch|p1a: Maushold|Maushold, L50, shiny|100\/100\n|switch|p1b: Glimmora|Glimmora, L50, F, shiny|100\/100\n|switch|p2a: Talonflame|Talonflame, L50, F|100\/100\n|switch|p2b: Iron Hands|Iron Hands, L50|100\/100\n|turn|1\n|inactive|ROOM.exe has 30 seconds left.\n|\n|t:|1682995886\n|move|p2a: Talonflame|Tailwind|p2a: Talonflame\n|-sidestart|p2: TheTealSpheal|move: Tailwind\n|move|p1a: Maushold|Super Fang|p2b: Iron Hands\n|-damage|p2b: Iron Hands|51\/100\n|move|p2b: Iron Hands|Drain Punch|p1b: Glimmora\n|-damage|p1b: Glimmora|70\/100\n|-heal|p2b: Iron Hands|62\/100|[from] drain|[of] p1b: Glimmora\n|-activate|p1b: Glimmora|ability: Toxic Debris\n|-sidestart|p2: TheTealSpheal|move: Toxic Spikes\n|move|p1b: Glimmora|Power Gem|p2a: Talonflame\n|-supereffective|p2a: Talonflame\n|-damage|p2a: Talonflame|0 fnt\n|faint|p2a: Talonflame\n|\n|upkeep\n|\n|t:|1682995905\n|switch|p2a: Garchomp|Garchomp, L50, F|100\/100\n|-status|p2a: Garchomp|psn\n|turn|2\n|l|\u2606ROOM.exe\n|inactive|ROOM.exe disconnected and has a minute to reconnect!\n|player|p1|\n|j|\u2606ROOM.exe\n|inactive|ROOM.exe reconnected and has 40 seconds left.\n|player|p1|ROOM.exe|rosa\n|l|\u2606ROOM.exe\n|inactive|ROOM.exe disconnected and has a minute to reconnect!\n|player|p1|\n|inactive|ROOM.exe has 30 seconds left.\n|j|\u2606ROOM.exe\n|inactive|ROOM.exe reconnected and has 30 seconds left.\n|player|p1|ROOM.exe|rosa\n|inactive|ROOM.exe has 20 seconds left.\n|inactive|ROOM.exe has 15 seconds left.\n|inactive|ROOM.exe has 10 seconds left.\n|\n|t:|1682995951\n|-terastallize|p1a: Maushold|Ghost\n|move|p1a: Maushold|Follow Me|p1a: Maushold\n|-singleturn|p1a: Maushold|move: Follow Me\n|move|p2a: Garchomp|Dragon Claw|p1a: Maushold\n|-damage|p1a: Maushold|51\/100\n|move|p2b: Iron Hands|Drain Punch|p1a: Maushold\n|-immune|p1a: Maushold\n|move|p1b: Glimmora|Sludge Bomb|p2a: Garchomp\n|-resisted|p2a: Garchomp\n|-damage|p2a: Garchomp|75\/100 psn\n|\n|-damage|p2a: Garchomp|63\/100 psn|[from] psn\n|upkeep\n|turn|3\n|inactive|TheTealSpheal has 30 seconds left.\n|inactive|TheTealSpheal has 20 seconds left.\n|inactive|TheTealSpheal has 15 seconds left.\n|inactive|TheTealSpheal has 10 seconds left.\n|inactive|TheTealSpheal has 5 seconds left.\n|\n|t:|1682996005\n|move|p1a: Maushold|Protect|p1a: Maushold\n|-singleturn|p1a: Maushold|Protect\n|move|p2a: Garchomp|Earthquake|p1b: Glimmora|[spread] p2b,p1b\n|-activate|p1a: Maushold|move: Protect\n|-supereffective|p2b: Iron Hands\n|-supereffective|p1b: Glimmora\n|-damage|p2b: Iron Hands|7\/100\n|-damage|p1b: Glimmora|0 fnt\n|-activate|p1b: Glimmora|ability: Toxic Debris\n|-sidestart|p2: TheTealSpheal|move: Toxic Spikes\n|faint|p1b: Glimmora\n|move|p2b: Iron Hands|Drain Punch|p1a: Maushold\n|-activate|p1a: Maushold|move: Protect\n|\n|-damage|p2a: Garchomp|50\/100 psn|[from] psn\n|upkeep\n|\n|t:|1682996013\n|switch|p1b: Dondozo|Dondozo, L50, M, shiny|100\/100\n|turn|4\n|inactive|ROOM.exe has 30 seconds left.\n|\n|t:|1682996043\n|move|p1a: Maushold|Follow Me|p1a: Maushold\n|-singleturn|p1a: Maushold|move: Follow Me\n|move|p2a: Garchomp|Dragon Claw|p1a: Maushold\n|-damage|p1a: Maushold|1\/100\n|move|p2b: Iron Hands|Drain Punch|p1a: Maushold\n|-immune|p1a: Maushold\n|move|p1b: Dondozo|Earthquake|p2b: Iron Hands|[spread] p1a,p2a,p2b\n|-supereffective|p2b: Iron Hands\n|-damage|p1a: Maushold|0 fnt\n|-damage|p2a: Garchomp|29\/100 psn\n|-damage|p2b: Iron Hands|0 fnt\n|faint|p1a: Maushold\n|faint|p2b: Iron Hands\n|-end|p2b: Iron Hands|Quark Drive|[silent]\n|\n|-damage|p2a: Garchomp|16\/100 psn|[from] psn\n|-sideend|p2: TheTealSpheal|move: Tailwind\n|upkeep\n|c|\u2606TheTealSpheal|Toxic stall in showdown doubles\n|\n|t:|1682996060\n|switch|p1a: Tatsugiri|Tatsugiri, L50, M, shiny|100\/100\n|switch|p2b: Flutter Mane|Flutter Mane, L50|100\/100\n|-activate|p1a: Tatsugiri|ability: Commander|[of] p1b: Dondozo\n|-boost|p1b: Dondozo|atk|2\n|-boost|p1b: Dondozo|spa|2\n|-boost|p1b: Dondozo|spe|2\n|-boost|p1b: Dondozo|def|2\n|-boost|p1b: Dondozo|spd|2\n|-status|p2b: Flutter Mane|tox\n|turn|5\n|\n|t:|1682996076\n|-terastallize|p2b: Flutter Mane|Fairy\n|move|p2b: Flutter Mane|Moonblast|p1b: Dondozo\n|-damage|p1b: Dondozo|57\/100\n|-damage|p2b: Flutter Mane|91\/100 tox|[from] item: Life Orb\n|move|p1b: Dondozo|Earthquake|p2a: Garchomp|[spread] p2a,p2b\n|-miss|p1b: Dondozo|p1a: Tatsugiri\n|-damage|p2a: Garchomp|0 fnt\n|-damage|p2b: Flutter Mane|0 fnt\n|faint|p2a: Garchomp\n|faint|p2b: Flutter Mane\n|-end|p2b: Flutter Mane|Protosynthesis|[silent]\n|\n|win|ROOM.exe\n|raw|ROOM.exe's rating: 1321 → 1338<\/strong> (+17 for winning)\n|raw|TheTealSpheal's rating: 1264 → 1243<\/strong> (-21 for losing)\n|c|\u2606ROOM.exe|not stall\n|c|\u2606ROOM.exe|lol\n|c|\u2606ROOM.exe|its turn 5 bro\n|c|\u2606ROOM.exe|ggs\n","uploadtime":1682996112,"views":12,"p1id":"roomexe","p2id":"thetealspheal","formatid":"gen9vgc2023regulationc","rating":1243,"private":0,"password":""}