{"id":"gen9vgc2023regulationc-1846589567","p1":"DDyarados29","p2":"garfieldslaya","format":"[Gen 9] VGC 2023 Regulation C","log":"|j|\u2606DDyarados29\n|j|\u2606garfieldslaya\n|t:|1681854738\n|gametype|doubles\n|player|p1|DDyarados29|wallace|1358\n|player|p2|garfieldslaya|jasmine|1291\n|teamsize|p1|6\n|teamsize|p2|6\n|gen|9\n|tier|[Gen 9] VGC 2023 Regulation C\n|rated|\n|rule|Species Clause: Limit one of each Pok\u00e9mon\n|rule|Item Clause: Limit one of each item\n|clearpoke\n|poke|p1|Gyarados, L50, F|\n|poke|p1|Baxcalibur, L50, M|\n|poke|p1|Amoonguss, L50, F|\n|poke|p1|Palafin, L50, M|\n|poke|p1|Ting-Lu, L50|\n|poke|p1|Scream Tail, L50|\n|poke|p2|Iron Hands, L50|\n|poke|p2|Amoonguss, L50, M|\n|poke|p2|Ting-Lu, L50|\n|poke|p2|Corviknight, L50, M|\n|poke|p2|Flutter Mane, L50|\n|poke|p2|Arcanine, L50, M|\n|teampreview|4\ngarfieldslaya has agreed to open team sheets.\nDDyarados29 has agreed to open team sheets.\n|inactive|Battle timer is ON: inactive players will automatically lose when time's up. (requested by DDyarados29)\n|inactive|DDyarados29 has 60 seconds left.\n|\n|t:|1681854857\n|start\n|switch|p1a: Dossder|Gyarados, L50, F|100\/100\n|switch|p1b: Ralph|Baxcalibur, L50, M|100\/100\n|switch|p2a: Corviknight|Corviknight, L50, M|100\/100\n|switch|p2b: Iron Hands|Iron Hands, L50|100\/100\n|-ability|p1a: Dossder|Intimidate|boost\n|-ability|p2a: Corviknight|Mirror Armor\n|-unboost|p1a: Dossder|atk|1\n|-unboost|p2b: Iron Hands|atk|1\n|turn|1\n|inactive|garfieldslaya has 30 seconds left.\n|inactive|garfieldslaya has 20 seconds left.\n|inactive|garfieldslaya has 15 seconds left.\n|inactive|garfieldslaya has 10 seconds left.\n|\n|t:|1681854906\n|switch|p1a: Ting-Luigi|Ting-Lu, L50|100\/100\n|-ability|p1a: Ting-Luigi|Vessel of Ruin\n|switch|p2a: Amoonguss|Amoonguss, L50, M|100\/100\n|move|p1b: Ralph|Protect|p1b: Ralph\n|-singleturn|p1b: Ralph|Protect\n|move|p2b: Iron Hands|Thunder Punch|p1a: Ting-Luigi\n|-immune|p1a: Ting-Luigi\n|\n|upkeep\n|turn|2\n|inactive|DDyarados29 has 30 seconds left.\n|inactive|garfieldslaya has 30 seconds left.\n|inactive|DDyarados29 has 20 seconds left.\n|inactive|garfieldslaya has 20 seconds left.\n|\n|t:|1681854944\n|switch|p1b: Dossder|Gyarados, L50, F|100\/100\n|-ability|p1b: Dossder|Intimidate|boost\n|-unboost|p2a: Amoonguss|atk|1\n|-unboost|p2b: Iron Hands|atk|1\n|-end|p2b: Iron Hands|Quark Drive|[silent]\n|switch|p2b: Corviknight|Corviknight, L50, M|100\/100\n|switch|p2a: Ting-Lu|Ting-Lu, L50|100\/100\n|-ability|p2a: Ting-Lu|Vessel of Ruin\n|move|p1a: Ting-Luigi|Earthquake|p2a: Ting-Lu|[spread] p2a\n|-immune|p1b: Dossder\n|-immune|p2b: Corviknight\n|-damage|p2a: Ting-Lu|83\/100\n|\n|-heal|p2a: Ting-Lu|89\/100|[from] item: Leftovers\n|upkeep\n|turn|3\n|inactive|garfieldslaya has 30 seconds left.\n|inactive|DDyarados29 has 30 seconds left.\n|inactive|garfieldslaya has 20 seconds left.\n|inactive|garfieldslaya has 15 seconds left.\n|inactive|DDyarados29 has 20 seconds left.\n|inactive|DDyarados29 has 15 seconds left.\n|inactive|DDyarados29 has 10 seconds left.\n|\n|t:|1681855000\n|move|p2a: Ting-Lu|Protect|p2a: Ting-Lu\n|-singleturn|p2a: Ting-Lu|Protect\n|move|p2b: Corviknight|U-turn|p1a: Ting-Luigi\n|-supereffective|p1a: Ting-Luigi\n|-damage|p1a: Ting-Luigi|61\/100\n|\n|t:|1681855004\n|switch|p2b: Amoonguss|Amoonguss, L50, M|100\/100|[from] U-turn\n|move|p1b: Dossder|Waterfall|p2a: Ting-Lu\n|-activate|p2a: Ting-Lu|move: Protect\n|move|p1a: Ting-Luigi|Earthquake|p2a: Ting-Lu|[spread] p2b\n|-activate|p2a: Ting-Lu|move: Protect\n|-immune|p1b: Dossder\n|-damage|p2b: Amoonguss|68\/100\n|\n|-heal|p2a: Ting-Lu|95\/100|[from] item: Leftovers\n|upkeep\n|turn|4\n|inactive|garfieldslaya has 30 seconds left.\n|\n|t:|1681855034\n|move|p2b: Amoonguss|Rage Powder|p2b: Amoonguss\n|-singleturn|p2b: Amoonguss|move: Rage Powder\n|move|p1b: Dossder|Taunt|p2b: Amoonguss\n|-start|p2b: Amoonguss|move: Taunt\n|move|p1a: Ting-Luigi|Earthquake|p2b: Amoonguss|[spread] p2a,p2b\n|-immune|p1b: Dossder\n|-damage|p2a: Ting-Lu|75\/100\n|-damage|p2b: Amoonguss|36\/100\n|move|p2a: Ting-Lu|Ruination|p1b: Dossder\n|-damage|p1b: Dossder|51\/100\n|\n|-heal|p2a: Ting-Lu|81\/100|[from] item: Leftovers\n|upkeep\n|turn|5\n|\n|t:|1681855060\n|switch|p2b: Corviknight|Corviknight, L50, M|100\/100\n|move|p2a: Ting-Lu|Protect|p2a: Ting-Lu\n|-singleturn|p2a: Ting-Lu|Protect\n|move|p1b: Dossder|Thunder Wave|p2b: Corviknight\n|-status|p2b: Corviknight|par\n|move|p1a: Ting-Luigi|Earthquake|p2b: Corviknight|[spread] \n|-activate|p2a: Ting-Lu|move: Protect\n|-immune|p1b: Dossder\n|-immune|p2b: Corviknight\n|\n|-heal|p2a: Ting-Lu|87\/100|[from] item: Leftovers\n|upkeep\n|turn|6\n|\n|t:|1681855077\n|switch|p2a: Amoonguss|Amoonguss, L50, M|69\/100\n|move|p1b: Dossder|Waterfall|p2b: Corviknight\n|-damage|p2b: Corviknight|63\/100 par\n|move|p1a: Ting-Luigi|Rock Slide|p2a: Amoonguss|[spread] p2a\n|-miss|p1a: Ting-Luigi|p2b: Corviknight\n|-damage|p2a: Amoonguss|54\/100\n|move|p2b: Corviknight|Brave Bird|p1b: Dossder\n|-damage|p1b: Dossder|0 fnt\n|faint|p1b: Dossder\n|-damage|p2b: Corviknight|45\/100 par|[from] Recoil\n|\n|upkeep\n|\n|t:|1681855088\n|switch|p1b: Jiggbounce|Scream Tail, L50|100\/100\n|-enditem|p1b: Jiggbounce|Booster Energy\n|-activate|p1b: Jiggbounce|ability: Protosynthesis|[fromitem]\n|-start|p1b: Jiggbounce|protosynthesisspe\n|turn|7\n|inactive|garfieldslaya has 30 seconds left.\n|\n|t:|1681855119\n|switch|p2a: Ting-Lu|Ting-Lu, L50|87\/100\n|-ability|p2a: Ting-Lu|Vessel of Ruin\n|move|p1b: Jiggbounce|Howl|p1b: Jiggbounce|[spread] p1a,p1b\n|-boost|p1a: Ting-Luigi|atk|1\n|-boost|p1b: Jiggbounce|atk|1\n|move|p1a: Ting-Luigi|Earthquake|p2b: Corviknight|[spread] p1b,p2a\n|-immune|p2b: Corviknight\n|-damage|p1b: Jiggbounce|60\/100\n|-damage|p2a: Ting-Lu|58\/100\n|move|p2b: Corviknight|Brave Bird|p1a: Ting-Luigi\n|-damage|p1a: Ting-Luigi|7\/100\n|-damage|p2b: Corviknight|23\/100 par|[from] Recoil\n|\n|-heal|p2a: Ting-Lu|64\/100|[from] item: Leftovers\n|upkeep\n|turn|8\n|inactive|garfieldslaya has 30 seconds left.\n|\n|t:|1681855144\n|move|p2a: Ting-Lu|Protect|p2a: Ting-Lu\n|-singleturn|p2a: Ting-Lu|Protect\n|move|p1b: Jiggbounce|Disable|p2b: Corviknight\n|-start|p2b: Corviknight|Disable|Brave Bird\n|move|p1a: Ting-Luigi|Rock Slide|p2b: Corviknight|[spread] p2b\n|-activate|p2a: Ting-Lu|move: Protect\n|-damage|p2b: Corviknight|0 fnt\n|faint|p2b: Corviknight\n|\n|-heal|p2a: Ting-Lu|70\/100|[from] item: Leftovers\n|upkeep\n|\n|t:|1681855153\n|switch|p2b: Iron Hands|Iron Hands, L50|100\/100\n|turn|9\n|\n|t:|1681855162\n|-terastallize|p2a: Ting-Lu|Poison\n|move|p2b: Iron Hands|Fake Out|p1a: Ting-Luigi\n|-damage|p1a: Ting-Luigi|0 fnt\n|faint|p1a: Ting-Luigi\n|move|p1b: Jiggbounce|Encore|p2a: Ting-Lu\n|-start|p2a: Ting-Lu|Encore\n|move|p2a: Ting-Lu|Protect||[still]\n|-fail|p2a: Ting-Lu\n|\n|-heal|p2a: Ting-Lu|77\/100|[from] item: Leftovers\n|upkeep\n|\n|t:|1681855171\n|switch|p1a: Ralph|Baxcalibur, L50, M|100\/100\n|turn|10\n|inactive|garfieldslaya has 30 seconds left.\n|inactive|garfieldslaya has 20 seconds left.\n|inactive|garfieldslaya has 15 seconds left.\n|inactive|garfieldslaya has 10 seconds left.\n|\n|t:|1681855220\n|-end|p2b: Iron Hands|Quark Drive|[silent]\n|switch|p2b: Amoonguss|Amoonguss, L50, M|87\/100\n|move|p2a: Ting-Lu|Protect|p2a: Ting-Lu\n|-singleturn|p2a: Ting-Lu|Protect\n|move|p1b: Jiggbounce|Encore||[still]\n|-fail|p1b: Jiggbounce\n|move|p1a: Ralph|Glaive Rush|p2b: Amoonguss\n|-damage|p2b: Amoonguss|28\/100\n|-singlemove|p1a: Ralph|Glaive Rush|[silent]\n|-damage|p1a: Ralph|84\/100|[from] item: Rocky Helmet|[of] p2b: Amoonguss\n|\n|-heal|p2a: Ting-Lu|83\/100|[from] item: Leftovers\n|upkeep\n|turn|11\n|\n|t:|1681855241\n|switch|p2b: Iron Hands|Iron Hands, L50|100\/100\n|move|p2a: Ting-Lu|Protect|p2a: Ting-Lu\n|-singleturn|p2a: Ting-Lu|Protect\n|move|p1b: Jiggbounce|Howl|p1b: Jiggbounce|[spread] p1a,p1b\n|-boost|p1a: Ralph|atk|1\n|-boost|p1b: Jiggbounce|atk|1\n|move|p1a: Ralph|Glaive Rush|p2b: Iron Hands\n|-damage|p2b: Iron Hands|33\/100\n|-singlemove|p1a: Ralph|Glaive Rush|[silent]\n|\n|-heal|p2a: Ting-Lu|89\/100|[from] item: Leftovers\n|-end|p2a: Ting-Lu|Encore\n|upkeep\n|turn|12\n|inactive|DDyarados29 has 30 seconds left.\n|inactive|garfieldslaya has 30 seconds left.\n|inactive|DDyarados29 has 20 seconds left.\n|inactive|garfieldslaya has 20 seconds left.\n|inactive|garfieldslaya has 15 seconds left.\n|\n|t:|1681855282\n|move|p1a: Ralph|Protect|p1a: Ralph\n|-singleturn|p1a: Ralph|Protect\n|move|p2b: Iron Hands|Fake Out|p1b: Jiggbounce\n|-damage|p1b: Jiggbounce|48\/100\n|cant|p1b: Jiggbounce|flinch\n|move|p2a: Ting-Lu|Heavy Slam|p1b: Jiggbounce\n|-supereffective|p1b: Jiggbounce\n|-damage|p1b: Jiggbounce|0 fnt\n|faint|p1b: Jiggbounce\n|-end|p1b: Jiggbounce|Protosynthesis|[silent]\n|\n|-heal|p2a: Ting-Lu|95\/100|[from] item: Leftovers\n|upkeep\n|turn|13\n|inactive|garfieldslaya has 30 seconds left.\n|\n|t:|1681855309\n|-end|p2b: Iron Hands|Quark Drive|[silent]\n|switch|p2b: Amoonguss|Amoonguss, L50, M|62\/100\n|-terastallize|p1a: Ralph|Poison\n|move|p1a: Ralph|Earthquake|p2a: Ting-Lu|[spread] p2a,p2b\n|-supereffective|p2a: Ting-Lu\n|-damage|p2a: Ting-Lu|45\/100\n|-damage|p2b: Amoonguss|26\/100\n|move|p2a: Ting-Lu|Heavy Slam|p1a: Ralph\n|-damage|p1a: Ralph|66\/100\n|\n|-heal|p2a: Ting-Lu|52\/100|[from] item: Leftovers\n|upkeep\n|turn|14\n|\n|t:|1681855331\n|move|p2a: Ting-Lu|Protect|p2a: Ting-Lu\n|-singleturn|p2a: Ting-Lu|Protect\n|move|p1a: Ralph|Earthquake|p2a: Ting-Lu|[spread] p2b\n|-activate|p2a: Ting-Lu|move: Protect\n|-damage|p2b: Amoonguss|0 fnt\n|faint|p2b: Amoonguss\n|\n|-heal|p2a: Ting-Lu|58\/100|[from] item: Leftovers\n|upkeep\n|\n|t:|1681855335\n|switch|p2b: Iron Hands|Iron Hands, L50|33\/100\n|turn|15\n|inactive|garfieldslaya has 30 seconds left.\n|\n|t:|1681855343\n|move|p1a: Ralph|Protect|p1a: Ralph\n|-singleturn|p1a: Ralph|Protect\n|move|p2b: Iron Hands|Fake Out|p1a: Ralph\n|-activate|p1a: Ralph|move: Protect\n|move|p2a: Ting-Lu|Stomping Tantrum|p1a: Ralph\n|-activate|p1a: Ralph|move: Protect\n|\n|-heal|p2a: Ting-Lu|64\/100|[from] item: Leftovers\n|upkeep\n|turn|16\n|inactive|garfieldslaya has 30 seconds left this turn.\n|\n|t:|1681855350\n|move|p1a: Ralph|Earthquake|p2b: Iron Hands|[spread] p2a,p2b\n|-supereffective|p2a: Ting-Lu\n|-supereffective|p2b: Iron Hands\n|-damage|p2a: Ting-Lu|13\/100\n|-damage|p2b: Iron Hands|0 fnt\n|faint|p2b: Iron Hands\n|-end|p2b: Iron Hands|Quark Drive|[silent]\n|move|p2a: Ting-Lu|Stomping Tantrum|p1a: Ralph\n|-supereffective|p1a: Ralph\n|-damage|p1a: Ralph|15\/100\n|\n|-heal|p2a: Ting-Lu|20\/100|[from] item: Leftovers\n|upkeep\n|turn|17\n|inactive|garfieldslaya has 25 seconds left this turn.\n|inactive|garfieldslaya has 20 seconds left.\n|\n|t:|1681855357\n|move|p2a: Ting-Lu|Protect|p2a: Ting-Lu\n|-singleturn|p2a: Ting-Lu|Protect\n|move|p1a: Ralph|Glaive Rush|p2a: Ting-Lu\n|-activate|p2a: Ting-Lu|move: Protect\n|\n|-heal|p2a: Ting-Lu|26\/100|[from] item: Leftovers\n|upkeep\n|turn|18\n|inactive|garfieldslaya has 20 seconds left this turn.\n|inactive|garfieldslaya has 15 seconds left.\n|\n|t:|1681855366\n|move|p2a: Ting-Lu|Protect||[still]\n|-fail|p2a: Ting-Lu\n|move|p1a: Ralph|Glaive Rush|p2a: Ting-Lu\n|-damage|p2a: Ting-Lu|0 fnt\n|-singlemove|p1a: Ralph|Glaive Rush|[silent]\n|faint|p2a: Ting-Lu\n|\n|win|DDyarados29\n|inactive|garfieldslaya has 15 seconds left this turn.\n|raw|DDyarados29's rating: 1358 → 1374<\/strong> (+16 for winning)\n|raw|garfieldslaya's rating: 1291 → 1271<\/strong> (-20 for losing)\n","uploadtime":1681855370,"views":12,"p1id":"ddyarados29","p2id":"garfieldslaya","formatid":"gen9vgc2023regulationc","rating":1271,"private":0,"password":""}