{"id":"gen9vgc2023regulationc-1854324339","p1":"Agitativ40","p2":"Texsla","format":"[Gen 9] VGC 2023 Regulation C","log":"|j|\u2606Agitativ40\n|j|\u2606Texsla\n|t:|1682797099\n|gametype|doubles\n|player|p1|Agitativ40|ethan-masters|\n|player|p2|Texsla|169|\n|teamsize|p1|6\n|teamsize|p2|6\n|gen|9\n|tier|[Gen 9] VGC 2023 Regulation C\n|rule|Species Clause: Limit one of each Pok\u00e9mon\n|rule|Item Clause: Limit one of each item\n|clearpoke\n|poke|p1|Palafin, L50, M|\n|poke|p1|Iron Hands, L50|\n|poke|p1|Chien-Pao, L50|\n|poke|p1|Dragonite, L50, F|\n|poke|p1|Gholdengo, L50|\n|poke|p1|Amoonguss, L50, M|\n|poke|p2|Amoonguss, L50, F|\n|poke|p2|Rotom-Wash, L50|\n|poke|p2|Palafin, L50, M|\n|poke|p2|Gholdengo, L50|\n|poke|p2|Murkrow, L50, M|\n|poke|p2|Chien-Pao, L50|\n|teampreview|4\nTexsla has agreed to open team sheets.\n|j| fifier\nAgitativ40 has agreed to open team sheets.\n|c| fifier|ostia un murkrow\n|j| Slimeks\n|j| InstinKenZ_06\n|c| fifier|ostia un palafin\n|j| XMarcosPr710\n|c| XMarcosPr710|que raro\n|c| fifier|y si\n|\n|t:|1682797161\n|start\n|switch|p1a: Chien-Pao|Chien-Pao, L50|100\/100\n|switch|p1b: Dragonite|Dragonite, L50, F|100\/100\n|switch|p2a: Murkrow|Murkrow, L50, M|100\/100\n|switch|p2b: Rotom|Rotom-Wash, L50|100\/100\n|-ability|p1a: Chien-Pao|Sword of Ruin\n|turn|1\n|c| XMarcosPr710|Hay demasiado chien pao\n|j| gabsalma\n|c| fifier|tu tienes chien-pao?\n|j| Mathias6483\n|c| fifier|che\n|c| XMarcosPr710|nop\n|c| fifier|como alguien use ting-lu fisura\n|c| XMarcosPr710|y la acierte al primer turno xd\n|c| gabsalma|chien pao esta en el meta es obvio que estara mucho\n|c|\u2606Texsla|eso me paso el otro dia\n|c|\u2606Agitativ40|ay, creo que tengo algo mal con el dragonite\n|c|\u2606Agitativ40|Pero ya que\n|c| XMarcosPr710|eso me paso hoy\n|\n|t:|1682797214\n|switch|p1a: Gholdengo|Gholdengo, L50|100\/100\n|move|p2a: Murkrow|Tailwind|p2a: Murkrow\n|-sidestart|p2: Texsla|move: Tailwind\n|move|p2b: Rotom|Will-O-Wisp|p1a: Gholdengo\n|-immune|p1a: Gholdengo|[from] ability: Good as Gold\n|move|p1b: Dragonite|Substitute|p1b: Dragonite\n|-start|p1b: Dragonite|Substitute\n|-damage|p1b: Dragonite|76\/100\n|\n|upkeep\n|turn|2\n|c| gabsalma|agita ilegal?\n|c| fifier|terrible\n|\n|t:|1682797238\n|move|p2b: Rotom|Volt Switch|p1a: Gholdengo\n|-damage|p1a: Gholdengo|72\/100\n|\n|t:|1682797243\n|switch|p2b: Chien-Pao|Chien-Pao, L50|100\/100|[from] Volt Switch\n|-ability|p2b: Chien-Pao|Sword of Ruin\n|move|p2a: Murkrow|Icy Wind|p1b: Dragonite|[spread] p1b\n|-miss|p2a: Murkrow|p1a: Gholdengo\n|-supereffective|p1b: Dragonite\n|-end|p1b: Dragonite|Substitute\n|move|p1a: Gholdengo|Nasty Plot|p1a: Gholdengo\n|-boost|p1a: Gholdengo|spa|2\n|move|p1b: Dragonite|Dragon Dance|p1b: Dragonite\n|-boost|p1b: Dragonite|atk|1\n|-boost|p1b: Dragonite|spe|1\n|\n|-heal|p1a: Gholdengo|78\/100|[from] item: Leftovers\n|upkeep\n|turn|3\n|\n|t:|1682797276\n|-terastallize|p1a: Gholdengo|Water\n|move|p1b: Dragonite|Extreme Speed|p2b: Chien-Pao\n|-damage|p2b: Chien-Pao|39\/100\n|move|p2a: Murkrow|Feather Dance|p1b: Dragonite\n|-unboost|p1b: Dragonite|atk|2\n|move|p2b: Chien-Pao|Ice Spinner|p1b: Dragonite\n|-supereffective|p1b: Dragonite\n|-damage|p1b: Dragonite|0 fnt\n|faint|p1b: Dragonite\n|move|p1a: Gholdengo|Make It Rain|p2b: Chien-Pao|[spread] p2a,p2b\n|-supereffective|p2b: Chien-Pao\n|-damage|p2a: Murkrow|19\/100\n|-damage|p2b: Chien-Pao|0 fnt\n|-unboost|p1a: Gholdengo|spa|1\n|faint|p2b: Chien-Pao\n|\n|-heal|p1a: Gholdengo|84\/100|[from] item: Leftovers\n|upkeep\n|\n|t:|1682797295\n|switch|p2b: Rotom|Rotom-Wash, L50|100\/100\n|switch|p1b: Amoonguss|Amoonguss, L50, M|100\/100\n|turn|4\n|c| gabsalma|auch\n|\n|t:|1682797304\n|switch|p2a: Amoonguss|Amoonguss, L50, F|100\/100\n|move|p1a: Gholdengo|Protect|p1a: Gholdengo\n|-singleturn|p1a: Gholdengo|Protect\n|move|p2b: Rotom|Volt Switch|p1a: Gholdengo\n|-activate|p1a: Gholdengo|move: Protect\n|move|p1b: Amoonguss|Spore|p2b: Rotom\n|-status|p2b: Rotom|slp|[from] move: Spore\n|\n|-heal|p1a: Gholdengo|91\/100|[from] item: Leftovers\n|-sideend|p2: Texsla|move: Tailwind\n|upkeep\n|turn|5\n|j| ford24\n|c| fifier|q bueno es agi\n|\n|t:|1682797323\n|-terastallize|p2b: Rotom|Steel\n|move|p1b: Amoonguss|Rage Powder|p1b: Amoonguss\n|-singleturn|p1b: Amoonguss|move: Rage Powder\n|cant|p2b: Rotom|slp\n|move|p1a: Gholdengo|Nasty Plot|p1a: Gholdengo\n|-boost|p1a: Gholdengo|spa|2\n|move|p2a: Amoonguss|Giga Drain|p1a: Gholdengo\n|-supereffective|p1a: Gholdengo\n|-damage|p1a: Gholdengo|47\/100\n|\n|-heal|p1a: Gholdengo|53\/100|[from] item: Leftovers\n|upkeep\n|turn|6\n|c| fifier|agi idolo\n|c| XMarcosPr710|se las sabe todas xd\n|c| gabsalma|ambos estan jugando bien\n|\n|t:|1682797351\n|move|p2a: Amoonguss|Protect|p2a: Amoonguss\n|-singleturn|p2a: Amoonguss|Protect\n|cant|p2b: Rotom|slp\n|move|p1a: Gholdengo|Make It Rain|p2a: Amoonguss|[spread] p2b\n|-activate|p2a: Amoonguss|move: Protect\n|-resisted|p2b: Rotom\n|-damage|p2b: Rotom|30\/100 slp\n|-unboost|p1a: Gholdengo|spa|1\n|-enditem|p2b: Rotom|Sitrus Berry|[eat]\n|-heal|p2b: Rotom|55\/100 slp|[from] item: Sitrus Berry\n|move|p1b: Amoonguss|Pollen Puff|p1a: Gholdengo\n|-heal|p1a: Gholdengo|100\/100\n|\n|upkeep\n|turn|7\n|c| Mathias6483|Le doy minimo 40turnos a \u00e9ste\n|c| fifier|es vgc\n|c| fifier|no durara tanto\n|\n|t:|1682797371\n|move|p1b: Amoonguss|Rage Powder|p1b: Amoonguss\n|-singleturn|p1b: Amoonguss|move: Rage Powder\n|-curestatus|p2b: Rotom|slp|[msg]\n|move|p2b: Rotom|Volt Switch|p1b: Amoonguss\n|-resisted|p1b: Amoonguss\n|-damage|p1b: Amoonguss|86\/100\n|\n|t:|1682797376\n|switch|p2b: Murkrow|Murkrow, L50, M|19\/100|[from] Volt Switch\n|move|p1a: Gholdengo|Shadow Ball|p2b: Murkrow\n|-resisted|p2b: Murkrow\n|-damage|p2b: Murkrow|0 fnt\n|faint|p2b: Murkrow\n|move|p2a: Amoonguss|Giga Drain|p1a: Gholdengo\n|-supereffective|p1a: Gholdengo\n|-damage|p1a: Gholdengo|59\/100\n|\n|-heal|p1a: Gholdengo|65\/100|[from] item: Leftovers\n|upkeep\n|c| XMarcosPr710|durara max 25\/30\n|c| Mathias6483|Shhh\n|c| ford24|20 le pongo\n|\n|t:|1682797380\n|switch|p2b: Rotom|Rotom-Wash, L50, tera:Steel|55\/100\n|turn|8\n|c| fifier|agi eres muy bueno\n|c| Mathias6483|Mientras mas largo el combate mejor\n|\n|t:|1682797393\n|move|p1a: Gholdengo|Protect|p1a: Gholdengo\n|-singleturn|p1a: Gholdengo|Protect\n|move|p2b: Rotom|Will-O-Wisp|p1b: Amoonguss\n|-status|p1b: Amoonguss|brn\n|move|p2a: Amoonguss|Giga Drain|p1a: Gholdengo\n|-activate|p1a: Gholdengo|move: Protect\n|move|p1b: Amoonguss|Spore|p2b: Rotom\n|-status|p2b: Rotom|slp|[from] move: Spore\n|\n|-heal|p1a: Gholdengo|71\/100|[from] item: Leftovers\n|-damage|p1b: Amoonguss|80\/100 brn|[from] brn\n|upkeep\n|turn|9\n|c| fifier|esta no es la cama p\n|c| fifier|dea\n|c| Mathias6483|A bue\n|\n|t:|1682797409\n|move|p2a: Amoonguss|Protect|p2a: Amoonguss\n|-singleturn|p2a: Amoonguss|Protect\n|cant|p2b: Rotom|slp\n|move|p1a: Gholdengo|Make It Rain|p2b: Rotom|[spread] p2b\n|-activate|p2a: Amoonguss|move: Protect\n|-resisted|p2b: Rotom\n|-damage|p2b: Rotom|0 fnt\n|-unboost|p1a: Gholdengo|spa|1\n|faint|p2b: Rotom\n|move|p1b: Amoonguss|Pollen Puff|p1a: Gholdengo\n|-heal|p1a: Gholdengo|100\/100\n|\n|-damage|p1b: Amoonguss|74\/100 brn|[from] brn\n|upkeep\n|turn|10\n|c| XMarcosPr710|agi anda reloco\n|c| Mathias6483|Con este turno,ya si creo q 30\n|\n|t:|1682797429\n|move|p1a: Gholdengo|Make It Rain|p2a: Amoonguss\n|-damage|p2a: Amoonguss|43\/100\n|-unboost|p1a: Gholdengo|spa|1\n|move|p2a: Amoonguss|Giga Drain|p1a: Gholdengo\n|-supereffective|p1a: Gholdengo\n|-damage|p1a: Gholdengo|54\/100\n|-heal|p2a: Amoonguss|63\/100|[from] drain|[of] p1a: Gholdengo\n|move|p1b: Amoonguss|Pollen Puff|p2a: Amoonguss\n|-damage|p2a: Amoonguss|50\/100\n|\n|-heal|p1a: Gholdengo|60\/100|[from] item: Leftovers\n|-heal|p2a: Amoonguss|56\/100|[from] item: Black Sludge\n|-damage|p1b: Amoonguss|69\/100 brn|[from] brn\n|upkeep\n|turn|11\n|c|\u2606Texsla|lo tengo mas perdido con el chien pao que esta atras\n|c| XMarcosPr710|xd\n|\n|t:|1682797456\n|move|p1a: Gholdengo|Nasty Plot|p1a: Gholdengo\n|-boost|p1a: Gholdengo|spa|2\n|move|p1b: Amoonguss|Pollen Puff|p1a: Gholdengo\n|-heal|p1a: Gholdengo|100\/100\n|move|p2a: Amoonguss|Giga Drain|p1a: Gholdengo\n|-supereffective|p1a: Gholdengo\n|-damage|p1a: Gholdengo|56\/100\n|-heal|p2a: Amoonguss|75\/100|[from] drain|[of] p1a: Gholdengo\n|\n|-heal|p1a: Gholdengo|62\/100|[from] item: Leftovers\n|-heal|p2a: Amoonguss|81\/100|[from] item: Black Sludge\n|-damage|p1b: Amoonguss|63\/100 brn|[from] brn\n|upkeep\n|turn|12\n|c| fifier|por eso\n|c| gabsalma|xd\n|c| fifier|el agi tenia q cambiar al chien-pao y te masacraba\n|\n|t:|1682797476\n|move|p1a: Gholdengo|Make It Rain|p2a: Amoonguss\n|-damage|p2a: Amoonguss|0 fnt\n|-unboost|p1a: Gholdengo|spa|1\n|faint|p2a: Amoonguss\n|\n|win|Agitativ40\n|c| InstinKenZ_06|gg\n|c| fifier|o podia hacer eso\n|c| fifier|tremendo\n|c|\u2606Agitativ40|gg\n|l|\u2606Texsla\n|c|\u2606Agitativ40|Sigue otro\n|c| fifier|gg\n|c| gabsalma|gg\n","uploadtime":1682797492,"views":17,"p1id":"agitativ40","p2id":"texsla","formatid":"gen9vgc2023regulationc","rating":0,"private":0,"password":""}