{"id":"gen9vgc2023regulationc-1855882623","p1":"DoctorTW","p2":"Wasdosaur","format":"[Gen 9] VGC 2023 Regulation C","log":"|j|\u2606DoctorTW\n|j|\u2606Wasdosaur\n|t:|1682995617\n|gametype|doubles\n|player|p1|DoctorTW|102|1174\n|player|p2|Wasdosaur|266|1075\n|teamsize|p1|6\n|teamsize|p2|6\n|gen|9\n|tier|[Gen 9] VGC 2023 Regulation C\n|rated|\n|rule|Species Clause: Limit one of each Pok\u00e9mon\n|rule|Item Clause: Limit one of each item\n|clearpoke\n|poke|p1|Glimmora, L50, F|\n|poke|p1|Iron Hands, L50|\n|poke|p1|Palafin, L50, M|\n|poke|p1|Skeledirge, L50, F|\n|poke|p1|Ting-Lu, L50|\n|poke|p1|Wo-Chien, L50|\n|poke|p2|Indeedee-F, L50, F|\n|poke|p2|Ting-Lu, L50|\n|poke|p2|Iron Hands, L50|\n|poke|p2|Flutter Mane, L50|\n|poke|p2|Baxcalibur, L50, F|\n|poke|p2|Gholdengo, L50|\n|teampreview|4\n|inactive|Battle timer is ON: inactive players will automatically lose when time's up. (requested by Wasdosaur)\n|inactive|Wasdosaur has 60 seconds left.\n|\n|t:|1682995649\n|start\n|switch|p1a: Glimmora|Glimmora, L50, F|100\/100\n|switch|p1b: Wo-Chien|Wo-Chien, L50|100\/100\n|switch|p2a: Ting-Lu|Ting-Lu, L50|100\/100\n|switch|p2b: Baxcalibur|Baxcalibur, L50, F|100\/100\n|-ability|p1b: Wo-Chien|Tablets of Ruin\n|-ability|p2a: Ting-Lu|Vessel of Ruin\n|turn|1\n|inactive|DoctorTW has 30 seconds left.\n|\n|t:|1682995677\n|move|p1a: Glimmora|Spiky Shield|p1a: Glimmora\n|-singleturn|p1a: Glimmora|move: Protect\n|move|p2b: Baxcalibur|Swords Dance|p2b: Baxcalibur\n|-boost|p2b: Baxcalibur|atk|2\n|move|p1b: Wo-Chien|Leech Seed|p2b: Baxcalibur\n|-start|p2b: Baxcalibur|move: Leech Seed\n|move|p2a: Ting-Lu|Stomping Tantrum|p1a: Glimmora\n|-activate|p1a: Glimmora|move: Protect\n|-damage|p2a: Ting-Lu|88\/100|[from] Spiky Shield|[of] p1a: Glimmora\n|\n|-damage|p2b: Baxcalibur|88\/100|[from] Leech Seed|[of] p1b: Wo-Chien\n|upkeep\n|turn|2\n|\n|t:|1682995696\n|-terastallize|p1a: Glimmora|Grass\n|move|p1b: Wo-Chien|Protect|p1b: Wo-Chien\n|-singleturn|p1b: Wo-Chien|Protect\n|move|p1a: Glimmora|Mortal Spin|p2a: Ting-Lu|[spread] p2a,p2b\n|-resisted|p2a: Ting-Lu\n|-damage|p2a: Ting-Lu|87\/100\n|-damage|p2b: Baxcalibur|86\/100\n|-status|p2a: Ting-Lu|psn\n|-status|p2b: Baxcalibur|psn\n|move|p2b: Baxcalibur|Icicle Spear|p1b: Wo-Chien\n|-activate|p1b: Wo-Chien|move: Protect\n|move|p2a: Ting-Lu|Stomping Tantrum|p1a: Glimmora\n|-resisted|p1a: Glimmora\n|-damage|p1a: Glimmora|86\/100\n|-activate|p1a: Glimmora|ability: Toxic Debris\n|-sidestart|p2: Wasdosaur|move: Toxic Spikes\n|\n|-damage|p2b: Baxcalibur|73\/100 psn|[from] Leech Seed|[of] p1b: Wo-Chien\n|-damage|p2b: Baxcalibur|61\/100 psn|[from] psn\n|-damage|p2a: Ting-Lu|75\/100 psn|[from] psn\n|upkeep\n|turn|3\n|inactive|Wasdosaur has 30 seconds left.\n|\n|t:|1682995726\n|move|p1a: Glimmora|Venoshock|p2b: Baxcalibur\n|-damage|p2b: Baxcalibur|16\/100 psn\n|move|p2b: Baxcalibur|Glaive Rush|p1b: Wo-Chien\n|-damage|p1b: Wo-Chien|30\/100\n|-singlemove|p2b: Baxcalibur|Glaive Rush|[silent]\n|move|p1b: Wo-Chien|Leech Seed|p2a: Ting-Lu\n|-start|p2a: Ting-Lu|move: Leech Seed\n|move|p2a: Ting-Lu|Throat Chop|p1a: Glimmora\n|-damage|p1a: Glimmora|53\/100\n|-start|p1a: Glimmora|Throat Chop|[silent]\n|-activate|p1a: Glimmora|ability: Toxic Debris\n|-sidestart|p2: Wasdosaur|move: Toxic Spikes\n|\n|-heal|p1b: Wo-Chien|36\/100|[from] item: Leftovers\n|-damage|p2b: Baxcalibur|4\/100 psn|[from] Leech Seed|[of] p1b: Wo-Chien\n|-heal|p1b: Wo-Chien|50\/100|[silent]\n|-damage|p2a: Ting-Lu|63\/100 psn|[from] Leech Seed|[of] p1b: Wo-Chien\n|-heal|p1b: Wo-Chien|67\/100|[silent]\n|-damage|p2b: Baxcalibur|0 fnt|[from] psn\n|faint|p2b: Baxcalibur\n|-damage|p2a: Ting-Lu|50\/100 psn|[from] psn\n|upkeep\n|\n|t:|1682995745\n|switch|p2b: Flutter Mane|Flutter Mane, L50|100\/100\n|-status|p2b: Flutter Mane|tox\n|turn|4\n|\n|t:|1682995757\n|-terastallize|p2b: Flutter Mane|Fairy\n|move|p1a: Glimmora|Spiky Shield|p1a: Glimmora\n|-singleturn|p1a: Glimmora|move: Protect\n|move|p1b: Wo-Chien|Protect|p1b: Wo-Chien\n|-singleturn|p1b: Wo-Chien|Protect\n|move|p2b: Flutter Mane|Dazzling Gleam|p1a: Glimmora|[spread] \n|-activate|p1a: Glimmora|move: Protect\n|-activate|p1b: Wo-Chien|move: Protect\n|move|p2a: Ting-Lu|Throat Chop|p1a: Glimmora\n|-activate|p1a: Glimmora|move: Protect\n|-damage|p2a: Ting-Lu|38\/100 psn|[from] Spiky Shield|[of] p1a: Glimmora\n|\n|-heal|p1b: Wo-Chien|73\/100|[from] item: Leftovers\n|-damage|p2a: Ting-Lu|26\/100 psn|[from] Leech Seed|[of] p1b: Wo-Chien\n|-heal|p1b: Wo-Chien|90\/100|[silent]\n|-damage|p2b: Flutter Mane|94\/100 tox|[from] psn\n|-damage|p2a: Ting-Lu|14\/100 psn|[from] psn\n|-end|p1a: Glimmora|Throat Chop|[silent]\n|upkeep\n|turn|5\n|\n|t:|1682995781\n|switch|p1b: Skeledirge|Skeledirge, L50, F|100\/100\n|switch|p2a: Iron Hands|Iron Hands, L50|100\/100\n|-status|p2a: Iron Hands|tox\n|move|p2b: Flutter Mane|Dazzling Gleam|p1b: Skeledirge|[spread] p1a,p1b\n|-resisted|p1b: Skeledirge\n|-crit|p1b: Skeledirge\n|-damage|p1a: Glimmora|6\/100\n|-damage|p1b: Skeledirge|72\/100\n|move|p1a: Glimmora|Venoshock|p2b: Flutter Mane\n|-supereffective|p2b: Flutter Mane\n|-damage|p2b: Flutter Mane|0 fnt\n|faint|p2b: Flutter Mane\n|-end|p2b: Flutter Mane|Protosynthesis|[silent]\n|\n|-damage|p2a: Iron Hands|94\/100 tox|[from] psn\n|upkeep\n|\n|t:|1682995796\n|switch|p2b: Ting-Lu|Ting-Lu, L50|14\/100 psn\n|-ability|p2b: Ting-Lu|Vessel of Ruin\n|turn|6\n|c|\u2606Wasdosaur|That\u2019s a bulky glimmers!\n|\n|t:|1682995816\n|move|p1a: Glimmora|Spiky Shield|p1a: Glimmora\n|-singleturn|p1a: Glimmora|move: Protect\n|move|p2a: Iron Hands|Fake Out|p1a: Glimmora\n|-activate|p1a: Glimmora|move: Protect\n|-damage|p2a: Iron Hands|82\/100 tox|[from] Spiky Shield|[of] p1a: Glimmora\n|move|p1b: Skeledirge|Torch Song|p2b: Ting-Lu\n|-damage|p2b: Ting-Lu|0 fnt\n|-boost|p1b: Skeledirge|spa|1\n|faint|p2b: Ting-Lu\n|\n|-heal|p2a: Iron Hands|88\/100 tox|[from] item: Leftovers\n|-damage|p2a: Iron Hands|76\/100 tox|[from] psn\n|upkeep\n|turn|7\n|c|\u2606Wasdosaur|Gg\n|-message|Wasdosaur forfeited.\n|\n|win|DoctorTW\n|raw|DoctorTW's rating: 1174 → 1192<\/strong> (+18 for winning)\n|raw|Wasdosaur's rating: 1075 → 1060<\/strong> (-15 for losing)\n|l|\u2606Wasdosaur\n","uploadtime":1682995838,"views":11,"p1id":"doctortw","p2id":"wasdosaur","formatid":"gen9vgc2023regulationc","rating":1060,"private":0,"password":""}