{"id":"gen9vgc2023regulationc-1851290413","p1":"juliogu10","p2":"darth luffy d","format":"[Gen 9] VGC 2023 Regulation C","log":"|j|\u2606juliogu10\n|j|\u2606darth luffy d\n|t:|1682433068\n|gametype|doubles\n|player|p1|juliogu10|1|1373\n|player|p2|darth luffy d|lance|1275\n|teamsize|p1|6\n|teamsize|p2|6\n|gen|9\n|tier|[Gen 9] VGC 2023 Regulation C\n|rated|\n|rule|Species Clause: Limit one of each Pok\u00e9mon\n|rule|Item Clause: Limit one of each item\n|clearpoke\n|poke|p1|Dragonite, L50, F|\n|poke|p1|Arcanine, L50, M|\n|poke|p1|Amoonguss, L50, F|\n|poke|p1|Chien-Pao, L50|\n|poke|p1|Flutter Mane, L50|\n|poke|p1|Palafin, L50, M|\n|poke|p2|Amoonguss, L50, M|\n|poke|p2|Arcanine, L50, M|\n|poke|p2|Tyranitar, L50, M|\n|poke|p2|Gastrodon, L50, M|\n|poke|p2|Garganacl, L50, M|\n|poke|p2|Garchomp, L50, M|\n|teampreview|4\n|inactive|Battle timer is ON: inactive players will automatically lose when time's up. (requested by juliogu10)\ndarth luffy d rejected open team sheets.\n|inactive|juliogu10 has 60 seconds left.\n|\n|t:|1682433128\n|start\n|switch|p1a: Arcanine|Arcanine, L50, M|100\/100\n|switch|p1b: Palafin|Palafin, L50, M, shiny|100\/100\n|switch|p2a: Tyranitar|Tyranitar, L50, M|100\/100\n|switch|p2b: Garganacl|Garganacl, L50, M|100\/100\n|-ability|p1a: Arcanine|Intimidate|boost\n|-fail|p2a: Tyranitar|unboost|[from] item: Clear Amulet|[of] p2a: Tyranitar\n|-unboost|p2b: Garganacl|atk|1\n|-weather|Sandstorm|[from] ability: Sand Stream|[of] p2a: Tyranitar\n|turn|1\n|\n|t:|1682433147\n|detailschange|p1b: Palafin|Palafin-Hero, L50, M, shiny\n|switch|p1b: Amoonguss|Amoonguss, L50, F|100\/100\n|move|p2a: Tyranitar|Protect|p2a: Tyranitar\n|-singleturn|p2a: Tyranitar|Protect\n|move|p1a: Arcanine|Will-O-Wisp|p2a: Tyranitar\n|-activate|p2a: Tyranitar|move: Protect\n|move|p2b: Garganacl|Salt Cure|p1b: Amoonguss\n|-damage|p1b: Amoonguss|94\/100\n|-start|p1b: Amoonguss|Salt Cure\n|\n|-weather|Sandstorm|[upkeep]\n|-damage|p1b: Amoonguss|88\/100|[from] Sandstorm\n|-damage|p1b: Amoonguss|76\/100|[from] Salt Cure\n|upkeep\n|turn|2\n|inactive|juliogu10 has 30 seconds left.\n|inactive|juliogu10 has 20 seconds left.\n|\n|t:|1682433185\n|switch|p2a: Amoonguss|Amoonguss, L50, M, shiny|100\/100\n|switch|p1b: Palafin|Palafin-Hero, L50, M, shiny|100\/100\n|-activate|p1b: Palafin|ability: Zero to Hero\n|move|p1a: Arcanine|Will-O-Wisp|p2a: Amoonguss|[miss]\n|-miss|p1a: Arcanine|p2a: Amoonguss\n|move|p2b: Garganacl|Stealth Rock|p1b: Palafin\n|-sidestart|p1: juliogu10|move: Stealth Rock\n|\n|-weather|Sandstorm|[upkeep]\n|-damage|p1b: Palafin|95\/100|[from] Sandstorm\n|-damage|p2a: Amoonguss|95\/100|[from] Sandstorm\n|-heal|p2a: Amoonguss|100\/100|[from] item: Black Sludge\n|upkeep\n|turn|3\n|\n|t:|1682433203\n|switch|p2a: Gastrodon|Gastrodon, L50, M|100\/100\n|move|p1b: Palafin|Protect|p1b: Palafin\n|-singleturn|p1b: Palafin|Protect\n|move|p1a: Arcanine|Howl|p1a: Arcanine|[spread] p1a,p1b\n|-boost|p1a: Arcanine|atk|1\n|-boost|p1b: Palafin|atk|1\n|move|p2b: Garganacl|Salt Cure|p1b: Palafin\n|-activate|p1b: Palafin|move: Protect\n|\n|-weather|Sandstorm|[upkeep]\n|-damage|p1b: Palafin|89\/100|[from] Sandstorm\n|upkeep\n|turn|4\n|\n|t:|1682433222\n|move|p1b: Palafin|Drain Punch|p2b: Garganacl\n|-supereffective|p2b: Garganacl\n|-damage|p2b: Garganacl|28\/100\n|-heal|p1b: Palafin|100\/100|[from] drain|[of] p2b: Garganacl\n|move|p1a: Arcanine|Howl|p1a: Arcanine|[spread] p1a,p1b\n|-boost|p1a: Arcanine|atk|1\n|-boost|p1b: Palafin|atk|1\n|move|p2a: Gastrodon|Muddy Water|p1a: Arcanine|[spread] p1a\n|-miss|p2a: Gastrodon|p1b: Palafin\n|-supereffective|p1a: Arcanine\n|-damage|p1a: Arcanine|55\/100\n|move|p2b: Garganacl|Salt Cure|p1b: Palafin\n|-damage|p1b: Palafin|90\/100\n|-start|p1b: Palafin|Salt Cure\n|\n|-weather|Sandstorm|[upkeep]\n|-damage|p1b: Palafin|84\/100|[from] Sandstorm\n|-heal|p2b: Garganacl|34\/100|[from] item: Leftovers\n|-damage|p1b: Palafin|59\/100|[from] Salt Cure\n|upkeep\n|turn|5\n|inactive|darth luffy d has 30 seconds left.\n|\n|t:|1682433248\n|move|p2b: Garganacl|Protect|p2b: Garganacl\n|-singleturn|p2b: Garganacl|Protect\n|move|p1b: Palafin|Drain Punch|p2a: Gastrodon\n|-damage|p2a: Gastrodon|48\/100\n|-heal|p1b: Palafin|91\/100|[from] drain|[of] p2a: Gastrodon\n|move|p1a: Arcanine|Howl|p1a: Arcanine|[spread] p1a,p1b\n|-boost|p1a: Arcanine|atk|1\n|-boost|p1b: Palafin|atk|1\n|move|p2a: Gastrodon|Earth Power|p1a: Arcanine\n|-supereffective|p1a: Arcanine\n|-damage|p1a: Arcanine|0 fnt\n|faint|p1a: Arcanine\n|\n|-weather|none\n|-heal|p2b: Garganacl|40\/100|[from] item: Leftovers\n|-damage|p1b: Palafin|66\/100|[from] Salt Cure\n|upkeep\n|\n|t:|1682433263\n|switch|p1a: Amoonguss|Amoonguss, L50, F|100\/100\n|-damage|p1a: Amoonguss|88\/100|[from] Stealth Rock\n|turn|6\n|\n|t:|1682433282\n|switch|p2a: Amoonguss|Amoonguss, L50, M, shiny|100\/100\n|-terastallize|p2b: Garganacl|Ghost\n|move|p1b: Palafin|Drain Punch|p2b: Garganacl\n|-immune|p2b: Garganacl\n|move|p2b: Garganacl|Recover|p2b: Garganacl\n|-heal|p2b: Garganacl|90\/100\n|move|p1a: Amoonguss|Pollen Puff|p1b: Palafin\n|-heal|p1b: Palafin|100\/100\n|\n|-heal|p2b: Garganacl|96\/100|[from] item: Leftovers\n|-damage|p1b: Palafin|76\/100|[from] Salt Cure\n|upkeep\n|turn|7\n|inactive|juliogu10 has 30 seconds left.\n|\n|t:|1682433308\n|move|p2a: Amoonguss|Protect|p2a: Amoonguss\n|-singleturn|p2a: Amoonguss|Protect\n|move|p1b: Palafin|Ice Punch|p2a: Amoonguss\n|-activate|p2a: Amoonguss|move: Protect\n|move|p2b: Garganacl|Salt Cure|p1a: Amoonguss\n|-damage|p1a: Amoonguss|81\/100\n|-start|p1a: Amoonguss|Salt Cure\n|move|p1a: Amoonguss|Pollen Puff|p1b: Palafin\n|-heal|p1b: Palafin|100\/100\n|\n|-heal|p2b: Garganacl|100\/100|[from] item: Leftovers\n|-damage|p1b: Palafin|76\/100|[from] Salt Cure\n|-damage|p1a: Amoonguss|69\/100|[from] Salt Cure\n|upkeep\n|turn|8\n|\n|t:|1682433331\n|switch|p2a: Gastrodon|Gastrodon, L50, M|48\/100\n|move|p1b: Palafin|Ice Punch|p2a: Gastrodon\n|-damage|p2a: Gastrodon|0 fnt\n|faint|p2a: Gastrodon\n|move|p2b: Garganacl|Salt Cure|p1b: Palafin\n|-damage|p1b: Palafin|65\/100\n|move|p1a: Amoonguss|Pollen Puff|p1b: Palafin\n|-heal|p1b: Palafin|100\/100\n|\n|-damage|p1b: Palafin|76\/100|[from] Salt Cure\n|-damage|p1a: Amoonguss|57\/100|[from] Salt Cure\n|upkeep\n|\n|t:|1682433343\n|switch|p2a: Tyranitar|Tyranitar, L50, M|100\/100\n|-weather|Sandstorm|[from] ability: Sand Stream|[of] p2a: Tyranitar\n|turn|9\n|\n|t:|1682433355\n|-terastallize|p1b: Palafin|Water\n|move|p2a: Tyranitar|Protect|p2a: Tyranitar\n|-singleturn|p2a: Tyranitar|Protect\n|move|p1b: Palafin|Jet Punch|p2b: Garganacl\n|-damage|p2b: Garganacl|15\/100\n|move|p2b: Garganacl|Salt Cure|p1a: Amoonguss\n|-damage|p1a: Amoonguss|50\/100\n|-enditem|p1a: Amoonguss|Sitrus Berry|[eat]\n|-heal|p1a: Amoonguss|75\/100|[from] item: Sitrus Berry\n|move|p1a: Amoonguss|Pollen Puff|p1b: Palafin\n|-heal|p1b: Palafin|100\/100\n|\n|-weather|Sandstorm|[upkeep]\n|-damage|p1b: Palafin|95\/100|[from] Sandstorm\n|-damage|p2b: Garganacl|9\/100|[from] Sandstorm\n|-damage|p1a: Amoonguss|69\/100|[from] Sandstorm\n|-heal|p2b: Garganacl|15\/100|[from] item: Leftovers\n|-damage|p1b: Palafin|70\/100|[from] Salt Cure\n|-damage|p1a: Amoonguss|57\/100|[from] Salt Cure\n|upkeep\n|turn|10\n|-message|darth luffy d forfeited.\n|\n|win|juliogu10\n|raw|juliogu10's rating: 1373 → 1388<\/strong> (+15 for winning)\n|raw|darth luffy d's rating: 1275 → 1257<\/strong> (-18 for losing)\n|l|\u2606darth luffy d\n","uploadtime":1682433377,"views":9,"p1id":"juliogu10","p2id":"darthluffyd","formatid":"gen9vgc2023regulationc","rating":1257,"private":0,"password":""}