{"id":"gen9vgc2023regulationc-1850090839","p1":"pelukas","p2":"sonjaowo","format":"[Gen 9] VGC 2023 Regulation C","log":"|j|\u2606pelukas\n|j|\u2606sonjaowo\n|t:|1682286175\n|gametype|doubles\n|player|p1|pelukas|gambler|1041\n|player|p2|sonjaowo|gardenia|1000\n|teamsize|p1|6\n|teamsize|p2|6\n|gen|9\n|tier|[Gen 9] VGC 2023 Regulation C\n|rated|\n|rule|Species Clause: Limit one of each Pok\u00e9mon\n|rule|Item Clause: Limit one of each item\n|clearpoke\n|poke|p1|Scream Tail, L50|\n|poke|p1|Flutter Mane, L50|\n|poke|p1|Florges, L50, F|\n|poke|p1|Torkoal, L50, M|\n|poke|p1|Iron Valiant, L50|\n|poke|p1|Grimmsnarl, L50, M|\n|poke|p2|Dragonite, L50, F|\n|poke|p2|Iron Hands, L50|\n|poke|p2|Pelipper, L50, F|\n|poke|p2|Flutter Mane, L50|\n|poke|p2|Lycanroc-Dusk, L50, M|\n|poke|p2|Wo-Chien, L50|\n|teampreview|4\n|l|\u2606pelukas\n|player|p1|\n|\n|t:|1682286210\n|start\n|switch|p1a: Grimmsnarl|Grimmsnarl, L50, M, shiny|100\/100\n|switch|p1b: Torkoal|Torkoal, L50, M|100\/100\n|switch|p2a: Lycanroc|Lycanroc-Dusk, L50, M|100\/100\n|switch|p2b: Iron Hands|Iron Hands, L50|100\/100\n|-weather|SunnyDay|[from] ability: Drought|[of] p1b: Torkoal\n|turn|1\n|j|\u2606pelukas\n|player|p1|pelukas|gambler\n|\n|t:|1682286261\n|-terastallize|p1b: Torkoal|Fairy\n|move|p1b: Torkoal|Protect|p1b: Torkoal\n|-singleturn|p1b: Torkoal|Protect\n|move|p2b: Iron Hands|Fake Out|p1b: Torkoal\n|-activate|p1b: Torkoal|move: Protect\n|move|p1a: Grimmsnarl|Reflect|p1a: Grimmsnarl\n|-sidestart|p1: pelukas|Reflect\n|move|p2a: Lycanroc|Iron Head|p1a: Grimmsnarl\n|-supereffective|p1a: Grimmsnarl\n|-damage|p1a: Grimmsnarl|46\/100\n|\n|-weather|SunnyDay|[upkeep]\n|upkeep\n|turn|2\n|\n|t:|1682286294\n|move|p1a: Grimmsnarl|Parting Shot|p2a: Lycanroc\n|-unboost|p2a: Lycanroc|atk|1\n|-unboost|p2a: Lycanroc|spa|1\n|\n|t:|1682286313\n|switch|p1a: Iron Valiant|Iron Valiant, L50, shiny|100\/100|[from] Parting Shot\n|-enditem|p1a: Iron Valiant|Booster Energy\n|-activate|p1a: Iron Valiant|ability: Quark Drive|[fromitem]\n|-start|p1a: Iron Valiant|quarkdrivespe\n|move|p2a: Lycanroc|Iron Head|p1a: Iron Valiant\n|-supereffective|p1a: Iron Valiant\n|-damage|p1a: Iron Valiant|38\/100\n|move|p2b: Iron Hands|Rock Slide|p1a: Iron Valiant|[spread] p1a,p1b\n|-resisted|p1a: Iron Valiant\n|-damage|p1a: Iron Valiant|28\/100\n|-damage|p1b: Torkoal|90\/100\n|move|p1b: Torkoal|Will-O-Wisp|p2b: Iron Hands\n|-status|p2b: Iron Hands|brn\n|\n|-weather|SunnyDay|[upkeep]\n|-damage|p2b: Iron Hands|94\/100 brn|[from] brn\n|upkeep\n|turn|3\n|\n|t:|1682286349\n|switch|p2a: Pelipper|Pelipper, L50, F|100\/100\n|-weather|RainDance|[from] ability: Drizzle|[of] p2a: Pelipper\n|move|p1a: Iron Valiant|Close Combat|p2a: Pelipper\n|-resisted|p2a: Pelipper\n|-damage|p2a: Pelipper|73\/100\n|-unboost|p1a: Iron Valiant|def|1\n|-unboost|p1a: Iron Valiant|spd|1\n|move|p2b: Iron Hands|Rock Slide|p1a: Iron Valiant|[spread] p1a,p1b\n|-resisted|p1a: Iron Valiant\n|-damage|p1a: Iron Valiant|21\/100\n|-damage|p1b: Torkoal|85\/100\n|cant|p1b: Torkoal|flinch\n|\n|-weather|RainDance|[upkeep]\n|-damage|p2b: Iron Hands|88\/100 brn|[from] brn\n|upkeep\n|turn|4\n|\n|t:|1682286388\n|-end|p1a: Iron Valiant|Quark Drive|[silent]\n|switch|p1a: Flutter Mane|Flutter Mane, L50|100\/100\n|move|p1b: Torkoal|Protect|p1b: Torkoal\n|-singleturn|p1b: Torkoal|Protect\n|move|p2a: Pelipper|Tailwind|p2a: Pelipper\n|-sidestart|p2: sonjaowo|move: Tailwind\n|move|p2b: Iron Hands|Rock Slide|p1a: Flutter Mane|[spread] p1a\n|-activate|p1b: Torkoal|move: Protect\n|-damage|p1a: Flutter Mane|84\/100\n|\n|-weather|RainDance|[upkeep]\n|-damage|p2b: Iron Hands|82\/100 brn|[from] brn\n|upkeep\n|turn|5\n|\n|t:|1682286407\n|switch|p1b: Grimmsnarl|Grimmsnarl, L50, M, shiny|46\/100\n|move|p1a: Flutter Mane|Thunderbolt|p2a: Pelipper\n|-supereffective|p2a: Pelipper\n|-damage|p2a: Pelipper|0 fnt\n|faint|p2a: Pelipper\n|-damage|p1a: Flutter Mane|74\/100|[from] item: Life Orb\n|move|p2b: Iron Hands|Rock Slide|p1b: Grimmsnarl|[spread] p1a,p1b\n|-damage|p1a: Flutter Mane|57\/100\n|-damage|p1b: Grimmsnarl|40\/100\n|\n|-weather|RainDance|[upkeep]\n|-damage|p2b: Iron Hands|76\/100 brn|[from] brn\n|upkeep\n|\n|t:|1682286413\n|switch|p2a: Lycanroc|Lycanroc-Dusk, L50, M|100\/100\n|turn|6\n|\n|t:|1682286425\n|move|p1a: Flutter Mane|Protect|p1a: Flutter Mane\n|-singleturn|p1a: Flutter Mane|Protect\n|move|p1b: Grimmsnarl|Light Screen|p1b: Grimmsnarl\n|-sidestart|p1: pelukas|move: Light Screen\n|move|p2a: Lycanroc|Iron Head|p1a: Flutter Mane\n|-activate|p1a: Flutter Mane|move: Protect\n|move|p2b: Iron Hands|Rock Slide|p1b: Grimmsnarl|[spread] \n|-activate|p1a: Flutter Mane|move: Protect\n|-miss|p2b: Iron Hands|p1b: Grimmsnarl\n|\n|-weather|RainDance|[upkeep]\n|-damage|p2b: Iron Hands|70\/100 brn|[from] brn\n|upkeep\n|turn|7\n|\n|t:|1682286452\n|move|p1b: Grimmsnarl|Parting Shot|p2a: Lycanroc\n|-unboost|p2a: Lycanroc|atk|1\n|-unboost|p2a: Lycanroc|spa|1\n|\n|t:|1682286456\n|switch|p1b: Torkoal|Torkoal, L50, M, tera:Fairy|85\/100|[from] Parting Shot\n|-weather|SunnyDay|[from] ability: Drought|[of] p1b: Torkoal\n|-activate|p1a: Flutter Mane|ability: Protosynthesis\n|-start|p1a: Flutter Mane|protosynthesisspe\n|move|p2a: Lycanroc|Iron Head|p1a: Flutter Mane\n|-supereffective|p1a: Flutter Mane\n|-damage|p1a: Flutter Mane|0 fnt\n|faint|p1a: Flutter Mane\n|-end|p1a: Flutter Mane|Protosynthesis|[silent]\n|move|p2b: Iron Hands|Rock Slide|p1b: Torkoal\n|-damage|p1b: Torkoal|78\/100\n|\n|-weather|SunnyDay|[upkeep]\n|-damage|p2b: Iron Hands|64\/100 brn|[from] brn\n|-sideend|p2: sonjaowo|move: Tailwind\n|upkeep\n|\n|t:|1682286475\n|switch|p1a: Iron Valiant|Iron Valiant, L50, shiny|21\/100\n|turn|8\n|\n|t:|1682286484\n|move|p1a: Iron Valiant|Close Combat|p2a: Lycanroc\n|-supereffective|p2a: Lycanroc\n|-damage|p2a: Lycanroc|0 fnt\n|-unboost|p1a: Iron Valiant|def|1\n|-unboost|p1a: Iron Valiant|spd|1\n|faint|p2a: Lycanroc\n|move|p2b: Iron Hands|Rock Slide|p1a: Iron Valiant|[spread] p1a,p1b\n|-resisted|p1a: Iron Valiant\n|-damage|p1a: Iron Valiant|13\/100\n|-damage|p1b: Torkoal|74\/100\n|cant|p1b: Torkoal|flinch\n|\n|-weather|SunnyDay|[upkeep]\n|-damage|p2b: Iron Hands|58\/100 brn|[from] brn\n|-sideend|p1: pelukas|Reflect\n|upkeep\n|\n|t:|1682286487\n|switch|p2a: Flutter Mane|Flutter Mane, L50|100\/100\n|-activate|p2a: Flutter Mane|ability: Protosynthesis\n|-start|p2a: Flutter Mane|protosynthesisspe\n|turn|9\n|\n|t:|1682286514\n|move|p1a: Iron Valiant|Shadow Sneak|p2a: Flutter Mane\n|-supereffective|p2a: Flutter Mane\n|-crit|p2a: Flutter Mane\n|-damage|p2a: Flutter Mane|7\/100\n|move|p2a: Flutter Mane|Dazzling Gleam|p1b: Torkoal|[spread] p1a,p1b\n|-supereffective|p1a: Iron Valiant\n|-damage|p1a: Iron Valiant|0 fnt\n|-damage|p1b: Torkoal|45\/100\n|faint|p1a: Iron Valiant\n|-end|p1a: Iron Valiant|Quark Drive|[silent]\n|move|p2b: Iron Hands|Rock Slide|p1b: Torkoal\n|-damage|p1b: Torkoal|35\/100\n|move|p1b: Torkoal|Heat Wave|p2b: Iron Hands|[spread] p2a,p2b\n|-damage|p2a: Flutter Mane|0 fnt\n|-damage|p2b: Iron Hands|37\/100 brn\n|faint|p2a: Flutter Mane\n|-end|p2a: Flutter Mane|Protosynthesis|[silent]\n|\n|-weather|SunnyDay|[upkeep]\n|-damage|p2b: Iron Hands|30\/100 brn|[from] brn\n|upkeep\n|\n|t:|1682286533\n|switch|p1a: Grimmsnarl|Grimmsnarl, L50, M, shiny|40\/100\n|turn|10\n|\n|t:|1682286544\n|move|p1b: Torkoal|Protect|p1b: Torkoal\n|-singleturn|p1b: Torkoal|Protect\n|move|p1a: Grimmsnarl|Reflect|p1a: Grimmsnarl\n|-sidestart|p1: pelukas|Reflect\n|move|p2b: Iron Hands|Rock Slide|p1b: Torkoal|[spread] p1a\n|-activate|p1b: Torkoal|move: Protect\n|-damage|p1a: Grimmsnarl|33\/100\n|\n|-weather|SunnyDay|[upkeep]\n|-damage|p2b: Iron Hands|24\/100 brn|[from] brn\n|upkeep\n|turn|11\n|\n|t:|1682286558\n|move|p1a: Grimmsnarl|Leech Life|p2b: Iron Hands\n|-resisted|p2b: Iron Hands\n|-damage|p2b: Iron Hands|17\/100 brn\n|-heal|p1a: Grimmsnarl|39\/100|[from] drain|[of] p2b: Iron Hands\n|move|p2b: Iron Hands|Drain Punch|p1a: Grimmsnarl\n|-damage|p1a: Grimmsnarl|27\/100\n|-heal|p2b: Iron Hands|22\/100 brn|[from] drain|[of] p1a: Grimmsnarl\n|move|p1b: Torkoal|Heat Wave|p2b: Iron Hands\n|-damage|p2b: Iron Hands|0 fnt\n|faint|p2b: Iron Hands\n|-end|p2b: Iron Hands|Quark Drive|[silent]\n|\n|win|pelukas\n|raw|pelukas's rating: 1041 → 1071<\/strong> (+30 for winning)\n|raw|sonjaowo's rating: 1000 → 1000<\/strong> (+0 for losing)\n|l|\u2606sonjaowo\n","uploadtime":1682286568,"views":5,"p1id":"pelukas","p2id":"sonjaowo","formatid":"gen9vgc2023regulationc","rating":1000,"private":0,"password":""}