{"id":"gen9vgc2023regulationc-1845981016","p1":"Dennisyan","p2":"peytoncookie","format":"[Gen 9] VGC 2023 Regulation C","log":"|j|\u2606Dennisyan\n|j|\u2606peytoncookie\n|t:|1681786827\n|gametype|doubles\n|player|p1|Dennisyan|blackbelt-gen4dp|1091\n|player|p2|peytoncookie|ninjaboy|1174\n|teamsize|p1|6\n|teamsize|p2|6\n|gen|9\n|tier|[Gen 9] VGC 2023 Regulation C\n|rated|\n|rule|Species Clause: Limit one of each Pok\u00e9mon\n|rule|Item Clause: Limit one of each item\n|clearpoke\n|poke|p1|Flutter Mane, L50|\n|poke|p1|Chien-Pao, L50|\n|poke|p1|Dragapult, L50, F|\n|poke|p1|Amoonguss, L50, M|\n|poke|p1|Arcanine, L50, F|\n|poke|p1|Palafin, L50, M|\n|poke|p2|Gothitelle, L50, M|\n|poke|p2|Scream Tail, L50|\n|poke|p2|Arcanine, L50, F|\n|poke|p2|Ting-Lu, L50|\n|poke|p2|Flutter Mane, L50|\n|poke|p2|Palafin, L50, F|\n|teampreview|4\n|inactive|Battle timer is ON: inactive players will automatically lose when time's up. (requested by Dennisyan)\n|\n|t:|1681786842\n|start\n|switch|p1a: Dragapult|Dragapult, L50, F|100\/100\n|switch|p1b: Chien-Pao|Chien-Pao, L50|100\/100\n|switch|p2a: Arcanine|Arcanine, L50, F, shiny|100\/100\n|switch|p2b: Scream Tail|Scream Tail, L50, shiny|100\/100\n|-ability|p1b: Chien-Pao|Sword of Ruin\n|-ability|p2a: Arcanine|Intimidate|boost\n|-fail|p1a: Dragapult|unboost|[from] ability: Clear Body|[of] p1a: Dragapult\n|-unboost|p1b: Chien-Pao|atk|1\n|-enditem|p2b: Scream Tail|Booster Energy\n|-activate|p2b: Scream Tail|ability: Protosynthesis|[fromitem]\n|-start|p2b: Scream Tail|protosynthesisspe\n|turn|1\n|inactive|Dennisyan has 30 seconds left.\n|\n|t:|1681786872\n|-terastallize|p1a: Dragapult|Steel\n|move|p2b: Scream Tail|Perish Song|p2b: Scream Tail\n|-start|p1a: Dragapult|perish3|[silent]\n|-start|p1b: Chien-Pao|perish3|[silent]\n|-start|p2a: Arcanine|perish3|[silent]\n|-start|p2b: Scream Tail|perish3|[silent]\n|-fieldactivate|move: Perish Song\n|move|p1a: Dragapult|Tera Blast|p2b: Scream Tail\n|-supereffective|p2b: Scream Tail\n|-damage|p2b: Scream Tail|0 fnt\n|faint|p2b: Scream Tail\n|-end|p2b: Scream Tail|Protosynthesis|[silent]\n|move|p1b: Chien-Pao|Sacred Sword|p2a: Arcanine\n|-damage|p2a: Arcanine|74\/100\n|move|p2a: Arcanine|Will-O-Wisp|p1b: Chien-Pao\n|-status|p1b: Chien-Pao|brn\n|\n|-damage|p1b: Chien-Pao|95\/100 brn|[from] brn\n|-start|p1a: Dragapult|perish3\n|-start|p1b: Chien-Pao|perish3\n|-start|p2a: Arcanine|perish3\n|upkeep\n|\n|t:|1681786888\n|switch|p2b: Gothitelle|Gothitelle, L50, M|100\/100\n|turn|2\n|\n|t:|1681786902\n|move|p2b: Gothitelle|Fake Out|p1a: Dragapult\n|-resisted|p1a: Dragapult\n|-damage|p1a: Dragapult|96\/100\n|move|p1b: Chien-Pao|Sucker Punch|p2a: Arcanine\n|-damage|p2a: Arcanine|58\/100\n|cant|p1a: Dragapult|flinch\n|move|p2a: Arcanine|Flare Blitz|p1b: Chien-Pao\n|-supereffective|p1b: Chien-Pao\n|-damage|p1b: Chien-Pao|0 fnt\n|faint|p1b: Chien-Pao\n|-damage|p2a: Arcanine|32\/100|[from] Recoil\n|\n|-start|p1a: Dragapult|perish2\n|-start|p2a: Arcanine|perish2\n|upkeep\n|\n|t:|1681786919\n|switch|p1b: Flutter Mane|Flutter Mane, L50|100\/100\n|-enditem|p1b: Flutter Mane|Booster Energy\n|-activate|p1b: Flutter Mane|ability: Protosynthesis|[fromitem]\n|-start|p1b: Flutter Mane|protosynthesisspa\n|turn|3\n|\n|t:|1681786930\n|move|p2a: Arcanine|Protect|p2a: Arcanine\n|-singleturn|p2a: Arcanine|Protect\n|move|p1a: Dragapult|Tera Blast|p2b: Gothitelle\n|-damage|p2b: Gothitelle|50\/100\n|-enditem|p2b: Gothitelle|Sitrus Berry|[eat]\n|-heal|p2b: Gothitelle|75\/100|[from] item: Sitrus Berry\n|move|p1b: Flutter Mane|Shadow Ball|p2a: Arcanine\n|-activate|p2a: Arcanine|move: Protect\n|move|p2b: Gothitelle|Heal Pulse|p2a: Arcanine\n|-activate|p2a: Arcanine|move: Protect\n|\n|-start|p1a: Dragapult|perish1\n|-start|p2a: Arcanine|perish1\n|upkeep\n|turn|4\n|\n|t:|1681786954\n|switch|p2a: Flutter Mane|Flutter Mane, L50|100\/100\n|move|p2b: Gothitelle|Protect|p2b: Gothitelle\n|-singleturn|p2b: Gothitelle|Protect\n|move|p1a: Dragapult|Tera Blast|p2a: Flutter Mane\n|-supereffective|p2a: Flutter Mane\n|-enditem|p2a: Flutter Mane|Focus Sash\n|-damage|p2a: Flutter Mane|1\/100\n|move|p1b: Flutter Mane|Shadow Ball|p2b: Gothitelle\n|-activate|p2b: Gothitelle|move: Protect\n|\n|-start|p1a: Dragapult|perish0\n|faint|p1a: Dragapult\n|upkeep\n|\n|t:|1681786966\n|switch|p1a: Amoonguss|Amoonguss, L50, M|100\/100\n|turn|5\n|\n|t:|1681786980\n|switch|p2b: Arcanine|Arcanine, L50, F, shiny|32\/100\n|-ability|p2b: Arcanine|Intimidate|boost\n|-unboost|p1a: Amoonguss|atk|1\n|-unboost|p1b: Flutter Mane|atk|1\n|move|p2a: Flutter Mane|Perish Song|p2a: Flutter Mane\n|-start|p1a: Amoonguss|perish3|[silent]\n|-start|p1b: Flutter Mane|perish3|[silent]\n|-start|p2a: Flutter Mane|perish3|[silent]\n|-start|p2b: Arcanine|perish3|[silent]\n|-fieldactivate|move: Perish Song\n|move|p1b: Flutter Mane|Shadow Ball|p2b: Arcanine\n|-damage|p2b: Arcanine|0 fnt\n|faint|p2b: Arcanine\n|move|p1a: Amoonguss|Spore|p2a: Flutter Mane\n|-status|p2a: Flutter Mane|slp|[from] move: Spore\n|\n|-start|p2a: Flutter Mane|perish3\n|-start|p1b: Flutter Mane|perish3\n|-start|p1a: Amoonguss|perish3\n|upkeep\n|\n|t:|1681786994\n|switch|p2b: Gothitelle|Gothitelle, L50, M|75\/100\n|turn|6\n|\n|t:|1681787015\n|-terastallize|p2b: Gothitelle|Water\n|move|p1a: Amoonguss|Protect|p1a: Amoonguss\n|-singleturn|p1a: Amoonguss|Protect\n|cant|p2a: Flutter Mane|slp\n|move|p1b: Flutter Mane|Shadow Ball|p2b: Gothitelle\n|-damage|p2b: Gothitelle|34\/100\n|move|p2b: Gothitelle|Heal Pulse|p2a: Flutter Mane\n|-heal|p2a: Flutter Mane|52\/100 slp\n|\n|-start|p2a: Flutter Mane|perish2\n|-start|p1b: Flutter Mane|perish2\n|-start|p1a: Amoonguss|perish2\n|upkeep\n|turn|7\n|inactive|peytoncookie has 30 seconds left.\n|\n|t:|1681787045\n|cant|p2a: Flutter Mane|slp\n|move|p1b: Flutter Mane|Shadow Ball|p2a: Flutter Mane\n|-supereffective|p2a: Flutter Mane\n|-damage|p2a: Flutter Mane|0 fnt\n|faint|p2a: Flutter Mane\n|-end|p2a: Flutter Mane|Protosynthesis|[silent]\n|move|p2b: Gothitelle|Heal Pulse|p2: Flutter Mane|[notarget]\n|-fail|p2b: Gothitelle\n|move|p1a: Amoonguss|Spore|p2b: Gothitelle\n|-status|p2b: Gothitelle|slp|[from] move: Spore\n|\n|-start|p1b: Flutter Mane|perish1\n|-start|p1a: Amoonguss|perish1\n|upkeep\n|turn|8\n|\n|t:|1681787060\n|cant|p2b: Gothitelle|slp\n|move|p1b: Flutter Mane|Moonblast|p2b: Gothitelle\n|-damage|p2b: Gothitelle|0 fnt\n|faint|p2b: Gothitelle\n|\n|win|Dennisyan\n|raw|Dennisyan's rating: 1091 → 1124<\/strong> (+33 for winning)\n|raw|peytoncookie's rating: 1174 → 1143<\/strong> (-31 for losing)\n|c|\u2606Dennisyan|?\n","uploadtime":1681787072,"views":5,"p1id":"dennisyan","p2id":"peytoncookie","formatid":"gen9vgc2023regulationc","rating":1124,"private":0,"password":""}