{"id":"gen9vgc2023regulationc-1845699335","p1":"dreamswgh","p2":"Blueaquajet3","format":"[Gen 9] VGC 2023 Regulation C","log":"|j|\u2606dreamswgh\n|j|\u2606Blueaquajet3\n|t:|1681756607\n|gametype|doubles\n|player|p1|dreamswgh|nate|1325\n|player|p2|Blueaquajet3|1|1304\n|teamsize|p1|6\n|teamsize|p2|6\n|gen|9\n|tier|[Gen 9] VGC 2023 Regulation C\n|rated|\n|rule|Species Clause: Limit one of each Pok\u00e9mon\n|rule|Item Clause: Limit one of each item\n|clearpoke\n|poke|p1|Torkoal, L50, M|\n|poke|p1|Flutter Mane, L50|\n|poke|p1|Indeedee-F, L50, F|\n|poke|p1|Hatterene, L50, F|\n|poke|p1|Corviknight, L50, F|\n|poke|p1|Mudsdale, L50, F|\n|poke|p2|Forretress, L50, F|\n|poke|p2|Braviary, L50, M|\n|poke|p2|Sandy Shocks, L50|\n|poke|p2|Flutter Mane, L50|\n|poke|p2|Arcanine, L50, M|\n|poke|p2|Tauros-Paldea-Aqua, L50, M|\n|teampreview|4\n|inactive|Battle timer is ON: inactive players will automatically lose when time's up. (requested by Blueaquajet3)\n|inactive|dreamswgh has 60 seconds left.\n|inactive|Blueaquajet3 has 60 seconds left.\n|inactive|dreamswgh has 30 seconds left.\n|\n|t:|1681756675\n|start\n|switch|p1a: Nevada|Indeedee-F, L50, F|100\/100\n|switch|p1b: New Mexico|Hatterene, L50, F|100\/100\n|switch|p2a: Golden Nut|Forretress, L50, F, shiny|100\/100\n|switch|p2b: It's Just A Phase|Flutter Mane, L50|100\/100\n|-fieldstart|move: Psychic Terrain|[from] ability: Psychic Surge|[of] p1a: Nevada\n|-enditem|p1a: Nevada|Psychic Seed\n|-boost|p1a: Nevada|spd|1|[from] item: Psychic Seed\n|turn|1\n|inactive|Blueaquajet3 has 30 seconds left.\n|\n|t:|1681756701\n|move|p1a: Nevada|Follow Me|p1a: Nevada\n|-singleturn|p1a: Nevada|move: Follow Me\n|move|p2b: It's Just A Phase|Mystical Fire|p1a: Nevada\n|-damage|p1a: Nevada|73\/100\n|-unboost|p1a: Nevada|spa|1\n|move|p2a: Golden Nut|Curse|p2a: Golden Nut\n|-unboost|p2a: Golden Nut|spe|1\n|-boost|p2a: Golden Nut|atk|1\n|-boost|p2a: Golden Nut|def|1\n|move|p1b: New Mexico|Trick Room|p1b: New Mexico\n|-fieldstart|move: Trick Room|[of] p1b: New Mexico\n|\n|upkeep\n|turn|2\n|\n|t:|1681756720\n|-terastallize|p2a: Golden Nut|Water\n|-terastallize|p1b: New Mexico|Fire\n|move|p1a: Nevada|Helping Hand|p1b: New Mexico\n|-singleturn|p1b: New Mexico|Helping Hand|[of] p1a: Nevada\n|move|p2a: Golden Nut|Curse|p2a: Golden Nut\n|-unboost|p2a: Golden Nut|spe|1\n|-boost|p2a: Golden Nut|atk|1\n|-boost|p2a: Golden Nut|def|1\n|move|p1b: New Mexico|Mystical Fire|p2a: Golden Nut\n|-resisted|p2a: Golden Nut\n|-damage|p2a: Golden Nut|54\/100\n|-unboost|p2a: Golden Nut|spa|1\n|-damage|p1b: New Mexico|91\/100|[from] item: Life Orb\n|move|p2b: It's Just A Phase|Mystical Fire|p1b: New Mexico\n|-resisted|p1b: New Mexico\n|-damage|p1b: New Mexico|70\/100\n|-unboost|p1b: New Mexico|spa|1\n|\n|-heal|p2a: Golden Nut|60\/100|[from] item: Leftovers\n|upkeep\n|turn|3\n|inactive|dreamswgh has 30 seconds left.\n|inactive|Blueaquajet3 has 30 seconds left.\n|\n|t:|1681756751\n|move|p1a: Nevada|Helping Hand|p1b: New Mexico\n|-singleturn|p1b: New Mexico|Helping Hand|[of] p1a: Nevada\n|move|p2a: Golden Nut|Body Press|p1b: New Mexico\n|-damage|p1b: New Mexico|6\/100\n|move|p1b: New Mexico|Dazzling Gleam|p2b: It's Just A Phase|[spread] p2a,p2b\n|-damage|p2a: Golden Nut|9\/100\n|-damage|p2b: It's Just A Phase|55\/100\n|-damage|p1b: New Mexico|0 fnt|[from] item: Life Orb\n|faint|p1b: New Mexico\n|move|p2b: It's Just A Phase|Mystical Fire|p1a: Nevada\n|-damage|p1a: Nevada|47\/100\n|-unboost|p1a: Nevada|spa|1\n|\n|-heal|p2a: Golden Nut|15\/100|[from] item: Leftovers\n|upkeep\n|\n|t:|1681756768\n|switch|p1b: Texas|Mudsdale, L50, F|100\/100\n|turn|4\n|\n|t:|1681756787\n|-end|p2b: It's Just A Phase|Protosynthesis|[silent]\n|switch|p2b: Imhisdad|Tauros-Paldea-Aqua, L50, M|100\/100\n|-ability|p2b: Imhisdad|Intimidate|boost\n|-unboost|p1a: Nevada|atk|1\n|-fail|p1b: Texas|unboost|Attack|[from] ability: Inner Focus|[of] p1b: Texas\n|move|p1a: Nevada|Helping Hand|p1b: Texas\n|-singleturn|p1b: Texas|Helping Hand|[of] p1a: Nevada\n|move|p2a: Golden Nut|Body Press|p1a: Nevada\n|-damage|p1a: Nevada|0 fnt\n|faint|p1a: Nevada\n|move|p1b: Texas|Earthquake|p2a: Golden Nut|[spread] p2a,p2b\n|-damage|p2a: Golden Nut|0 fnt\n|-damage|p2b: Imhisdad|32\/100\n|faint|p2a: Golden Nut\n|\n|upkeep\n|\n|t:|1681756804\n|switch|p2a: Mymuttdog|Arcanine, L50, M|100\/100\n|switch|p1a: Utah|Flutter Mane, L50|100\/100\n|-ability|p2a: Mymuttdog|Intimidate|boost\n|-unboost|p1a: Utah|atk|1\n|-fail|p1b: Texas|unboost|Attack|[from] ability: Inner Focus|[of] p1b: Texas\n|turn|5\n|inactive|Blueaquajet3 has 30 seconds left.\n|inactive|Blueaquajet3 has 20 seconds left.\n|inactive|Blueaquajet3 has 15 seconds left.\n|inactive|Blueaquajet3 has 10 seconds left.\n|\n|t:|1681756851\n|switch|p2a: It's Just A Phase|Flutter Mane, L50|55\/100\n|move|p1a: Utah|Protect|p1a: Utah\n|-singleturn|p1a: Utah|Protect\n|move|p2b: Imhisdad|Aqua Jet|p1b: Texas\n|-activate|p1b: Texas|move: Psychic Terrain\n|move|p1b: Texas|Earthquake|p2b: Imhisdad|[spread] p2a,p2b\n|-activate|p1a: Utah|move: Protect\n|-damage|p2a: It's Just A Phase|0 fnt\n|-damage|p2b: Imhisdad|0 fnt\n|faint|p2a: It's Just A Phase\n|-end|p2a: It's Just A Phase|Protosynthesis|[silent]\n|faint|p2b: Imhisdad\n|\n|-fieldend|move: Trick Room\n|-fieldend|move: Psychic Terrain\n|upkeep\n|\n|t:|1681756860\n|switch|p2b: Mymuttdog|Arcanine, L50, M|100\/100\n|-ability|p2b: Mymuttdog|Intimidate|boost\n|-unboost|p1a: Utah|atk|1\n|-fail|p1b: Texas|unboost|Attack|[from] ability: Inner Focus|[of] p1b: Texas\n|turn|6\n|\n|t:|1681756883\n|move|p1a: Utah|Substitute|p1a: Utah\n|-start|p1a: Utah|Substitute\n|-damage|p1a: Utah|76\/100\n|move|p2b: Mymuttdog|Will-O-Wisp|p1b: Texas\n|-status|p1b: Texas|brn\n|move|p1b: Texas|Stomping Tantrum|p2b: Mymuttdog\n|-supereffective|p2b: Mymuttdog\n|-damage|p2b: Mymuttdog|51\/100\n|\n|-damage|p1b: Texas|94\/100 brn|[from] brn\n|upkeep\n|turn|7\n|c|\u2606dreamswgh|ggwp\n|\n|t:|1681756898\n|move|p1a: Utah|Shadow Ball|p2b: Mymuttdog\n|-damage|p2b: Mymuttdog|3\/100\n|move|p2b: Mymuttdog|Snarl|p1a: Utah|[spread] p1a,p1b\n|-damage|p1a: Utah|67\/100\n|-damage|p1b: Texas|89\/100 brn\n|-unboost|p1a: Utah|spa|1\n|-unboost|p1b: Texas|spa|1\n|move|p1b: Texas|Stomping Tantrum|p2b: Mymuttdog\n|-supereffective|p2b: Mymuttdog\n|-damage|p2b: Mymuttdog|0 fnt\n|faint|p2b: Mymuttdog\n|\n|win|dreamswgh\n|raw|dreamswgh's rating: 1325 → 1344<\/strong> (+19 for winning)\n|raw|Blueaquajet3's rating: 1304 → 1285<\/strong> (-19 for losing)\n|l|\u2606Blueaquajet3\n","uploadtime":1681756948,"views":8,"p1id":"dreamswgh","p2id":"blueaquajet3","formatid":"gen9vgc2023regulationc","rating":1285,"private":0,"password":""}