{"id":"gen9vgc2023regulationc-1861274887","p1":"RyanIsAPokeMaster","p2":"G3rd","format":"[Gen 9] VGC 2023 Regulation C","log":"|j|\u2606RyanIsAPokeMaster\n|j|\u2606G3rd\n|t:|1683741596\n|gametype|doubles\n|player|p1|RyanIsAPokeMaster|170|1384\n|player|p2|G3rd|giovanni|1489\n|teamsize|p1|6\n|teamsize|p2|6\n|gen|9\n|tier|[Gen 9] VGC 2023 Regulation C\n|rated|\n|rule|Species Clause: Limit one of each Pok\u00e9mon\n|rule|Item Clause: Limit one of each item\n|clearpoke\n|poke|p1|Brute Bonnet, L50|\n|poke|p1|Chi-Yu, L50|\n|poke|p1|Gyarados, L50, M|\n|poke|p1|Corviknight, L50, M|\n|poke|p1|Great Tusk, L50|\n|poke|p1|Flutter Mane, L50|\n|poke|p2|Annihilape, L50, M|\n|poke|p2|Maushold-Four, L50|\n|poke|p2|Chien-Pao, L50|\n|poke|p2|Dragonite, L50, F|\n|poke|p2|Ting-Lu, L50|\n|poke|p2|Florges, L50, F|\n|teampreview|4\nG3rd has agreed to open team sheets.\n|l|\u2606RyanIsAPokeMaster\n|player|p1|\n|j|\u2606RyanIsAPokeMaster\n|player|p1|RyanIsAPokeMaster|170\n|l|\u2606RyanIsAPokeMaster\n|player|p1|\n|j|\u2606RyanIsAPokeMaster\n|player|p1|RyanIsAPokeMaster|170\n|\n|t:|1683741672\n|start\n|switch|p1a: Chi-Yu|Chi-Yu, L50|100\/100\n|switch|p1b: Flutter Mane|Flutter Mane, L50|100\/100\n|switch|p2a: Florges|Florges, L50, F|100\/100\n|switch|p2b: Annihilape|Annihilape, L50, M|100\/100\n|-ability|p1a: Chi-Yu|Beads of Ruin\n|-enditem|p1b: Flutter Mane|Booster Energy\n|-activate|p1b: Flutter Mane|ability: Protosynthesis|[fromitem]\n|-start|p1b: Flutter Mane|protosynthesisspe\n|turn|1\n|inactive|Battle timer is ON: inactive players will automatically lose when time's up. (requested by G3rd)\n|l|\u2606RyanIsAPokeMaster\n|inactive|RyanIsAPokeMaster disconnected and has a minute to reconnect!\n|player|p1|\n|\n|t:|1683741697\n|-terastallize|p2b: Annihilape|Fire\n|move|p1b: Flutter Mane|Dazzling Gleam|p2a: Florges|[spread] p2a,p2b\n|-resisted|p2b: Annihilape\n|-damage|p2a: Florges|75\/100\n|-damage|p2b: Annihilape|84\/100\n|move|p1a: Chi-Yu|Heat Wave|p2a: Florges|[spread] p2b\n|-miss|p1a: Chi-Yu|p2a: Florges\n|-resisted|p2b: Annihilape\n|-damage|p2b: Annihilape|61\/100\n|move|p2b: Annihilape|Rage Fist|p1b: Flutter Mane\n|-supereffective|p1b: Flutter Mane\n|-damage|p1b: Flutter Mane|0 fnt\n|faint|p1b: Flutter Mane\n|-end|p1b: Flutter Mane|Protosynthesis|[silent]\n|move|p2a: Florges|Pollen Puff|p2b: Annihilape\n|-heal|p2b: Annihilape|100\/100\n|\n|upkeep\n|j|\u2606RyanIsAPokeMaster\n|inactive|RyanIsAPokeMaster reconnected and has 55 seconds left.\n|player|p1|RyanIsAPokeMaster|170\n|\n|t:|1683741714\n|switch|p1b: Gyarados|Gyarados, L50, M|100\/100\n|-ability|p1b: Gyarados|Intimidate|boost\n|-unboost|p2a: Florges|atk|1\n|-unboost|p2b: Annihilape|atk|1\n|-ability|p2b: Annihilape|Defiant|boost\n|-boost|p2b: Annihilape|atk|2\n|turn|2\n|\n|t:|1683741731\n|move|p2b: Annihilape|Protect|p2b: Annihilape\n|-singleturn|p2b: Annihilape|Protect\n|move|p1a: Chi-Yu|Heat Wave|p2b: Annihilape|[spread] p2a\n|-activate|p2b: Annihilape|move: Protect\n|-damage|p2a: Florges|40\/100\n|move|p1b: Gyarados|Waterfall|p2b: Annihilape\n|-activate|p2b: Annihilape|move: Protect\n|move|p2a: Florges|Skill Swap|p1b: Gyarados\n|-activate|p2a: Florges|move: Skill Swap|Intimidate|Symbiosis|[of] p1b: Gyarados\n|-ability|p2a: Florges|Intimidate|boost\n|-unboost|p1a: Chi-Yu|atk|1\n|-unboost|p1b: Gyarados|atk|1\n|\n|upkeep\n|turn|3\n|\n|t:|1683741752\n|move|p2a: Florges|Helping Hand|p2b: Annihilape\n|-singleturn|p2b: Annihilape|Helping Hand|[of] p2a: Florges\n|move|p1a: Chi-Yu|Heat Wave|p2b: Annihilape|[spread] p2a,p2b\n|-resisted|p2b: Annihilape\n|-damage|p2a: Florges|8\/100\n|-damage|p2b: Annihilape|78\/100\n|move|p1b: Gyarados|Waterfall|p2b: Annihilape\n|-supereffective|p2b: Annihilape\n|-damage|p2b: Annihilape|25\/100\n|move|p2b: Annihilape|Rage Fist|p1b: Gyarados\n|-damage|p1b: Gyarados|0 fnt\n|faint|p1b: Gyarados\n|\n|-heal|p2b: Annihilape|32\/100|[from] item: Leftovers\n|upkeep\n|\n|t:|1683741758\n|switch|p1b: Brute Bonnet|Brute Bonnet, L50|100\/100\n|turn|4\n|inactive|G3rd has 30 seconds left.\n|inactive|G3rd has 20 seconds left.\n|inactive|G3rd has 15 seconds left.\n|\n|t:|1683741799\n|move|p1b: Brute Bonnet|Sucker Punch|p2b: Annihilape\n|-damage|p2b: Annihilape|0 fnt\n|faint|p2b: Annihilape\n|move|p1a: Chi-Yu|Heat Wave|p2a: Florges\n|-damage|p2a: Florges|0 fnt\n|faint|p2a: Florges\n|\n|upkeep\n|\n|t:|1683741805\n|switch|p2b: Dragonite|Dragonite, L50, F|100\/100\n|switch|p2a: Chien-Pao|Chien-Pao, L50|100\/100\n|-ability|p2a: Chien-Pao|Sword of Ruin\n|turn|5\n|inactive|G3rd has 30 seconds left.\n|\n|t:|1683741837\n|-terastallize|p1b: Brute Bonnet|Steel\n|move|p1a: Chi-Yu|Heat Wave|p2a: Chien-Pao|[spread] p2a,p2b\n|-supereffective|p2a: Chien-Pao\n|-resisted|p2b: Dragonite\n|-enditem|p2a: Chien-Pao|Focus Sash\n|-damage|p2a: Chien-Pao|1\/100\n|-damage|p2b: Dragonite|88\/100\n|move|p2a: Chien-Pao|Ice Spinner|p1b: Brute Bonnet\n|-resisted|p1b: Brute Bonnet\n|-damage|p1b: Brute Bonnet|78\/100\n|move|p2b: Dragonite|Outrage|p1b: Brute Bonnet\n|-resisted|p1b: Brute Bonnet\n|-damage|p1b: Brute Bonnet|19\/100\n|move|p1b: Brute Bonnet|Spore|p2b: Dragonite\n|-status|p2b: Dragonite|slp|[from] move: Spore\n|\n|upkeep\n|turn|6\n|inactive|RyanIsAPokeMaster has 30 seconds left.\n|\n|t:|1683741864\n|move|p2a: Chien-Pao|Sucker Punch|p1b: Brute Bonnet\n|-damage|p1b: Brute Bonnet|0 fnt\n|faint|p1b: Brute Bonnet\n|-end|p1b: Brute Bonnet|Protosynthesis|[silent]\n|move|p1a: Chi-Yu|Heat Wave|p2b: Dragonite|[spread] p2a,p2b\n|-supereffective|p2a: Chien-Pao\n|-resisted|p2b: Dragonite\n|-damage|p2a: Chien-Pao|0 fnt\n|-damage|p2b: Dragonite|63\/100 slp\n|faint|p2a: Chien-Pao\n|cant|p2b: Dragonite|slp\n|\n|upkeep\n|turn|7\n|\n|t:|1683741873\n|move|p1a: Chi-Yu|Heat Wave|p2b: Dragonite\n|-resisted|p2b: Dragonite\n|-damage|p2b: Dragonite|27\/100 slp\n|-curestatus|p2b: Dragonite|slp|[msg]\n|move|p2b: Dragonite|Outrage|p1a: Chi-Yu\n|-damage|p1a: Chi-Yu|0 fnt\n|faint|p1a: Chi-Yu\n|\n|win|G3rd\n|raw|RyanIsAPokeMaster's rating: 1384 → 1370<\/strong> (-14 for losing)\n|raw|G3rd's rating: 1489 → 1503<\/strong> (+14 for winning)\n","uploadtime":1683741883,"views":23,"p1id":"ryanisapokemaster","p2id":"g3rd","formatid":"gen9vgc2023regulationc","rating":1370,"private":0,"password":""}