{"id":"gen9vgc2023regulationc-1858736665","p1":"difficultdrugs","p2":"Corbinnnnnnn","format":"[Gen 9] VGC 2023 Regulation C","log":"|j|\u2606difficultdrugs\n|j|\u2606Corbinnnnnnn\n|t:|1683350896\n|gametype|doubles\n|player|p1|difficultdrugs|bertha|1148\n|player|p2|Corbinnnnnnn|102|1032\n|teamsize|p1|6\n|teamsize|p2|6\n|gen|9\n|tier|[Gen 9] VGC 2023 Regulation C\n|rated|\n|rule|Species Clause: Limit one of each Pok\u00e9mon\n|rule|Item Clause: Limit one of each item\n|clearpoke\n|poke|p1|Ting-Lu, L50|\n|poke|p1|Baxcalibur, L50, F|\n|poke|p1|Scizor, L50, F|\n|poke|p1|Braviary, L50, M|\n|poke|p1|Flutter Mane, L50|\n|poke|p1|Scream Tail, L50|\n|poke|p2|Chi-Yu, L50|\n|poke|p2|Iron Moth, L50|\n|poke|p2|Gholdengo, L50|\n|poke|p2|Kingambit, L50, M|\n|poke|p2|Scream Tail, L50|\n|poke|p2|Hydreigon, L50, M|\n|teampreview|4\n|\n|t:|1683350967\n|start\n|switch|p1a: Ting-Lu|Ting-Lu, L50|100\/100\n|switch|p1b: Braviary|Braviary, L50, M|100\/100\n|switch|p2a: Scream Tail|Scream Tail, L50|100\/100\n|switch|p2b: Hydreigon|Hydreigon, L50, M|100\/100\n|-ability|p1a: Ting-Lu|Vessel of Ruin\n|turn|1\n|\n|t:|1683350986\n|move|p1b: Braviary|Close Combat|p2b: Hydreigon\n|-supereffective|p2b: Hydreigon\n|-damage|p2b: Hydreigon|39\/100\n|-unboost|p1b: Braviary|def|1\n|-unboost|p1b: Braviary|spd|1\n|move|p2a: Scream Tail|Reflect|p2a: Scream Tail\n|-sidestart|p2: Corbinnnnnnn|Reflect\n|move|p2b: Hydreigon|Focus Energy|p2b: Hydreigon\n|-start|p2b: Hydreigon|move: Focus Energy\n|move|p1a: Ting-Lu|Heavy Slam|p2a: Scream Tail\n|-supereffective|p2a: Scream Tail\n|-damage|p2a: Scream Tail|73\/100\n|\n|upkeep\n|turn|2\n|\n|t:|1683351010\n|move|p2b: Hydreigon|Protect|p2b: Hydreigon\n|-singleturn|p2b: Hydreigon|Protect\n|move|p1b: Braviary|Close Combat|p2b: Hydreigon\n|-activate|p2b: Hydreigon|move: Protect\n|move|p2a: Scream Tail|Play Rough|p1b: Braviary\n|-damage|p1b: Braviary|59\/100\n|move|p1a: Ting-Lu|Rock Tomb|p2b: Hydreigon\n|-activate|p2b: Hydreigon|move: Protect\n|\n|upkeep\n|turn|3\n|\n|t:|1683351046\n|switch|p1b: Flutter Mane|Flutter Mane, L50|100\/100\n|-terastallize|p2b: Hydreigon|Electric\n|move|p2a: Scream Tail|Play Rough|p1b: Flutter Mane\n|-damage|p1b: Flutter Mane|57\/100\n|move|p2b: Hydreigon|Draco Meteor|p1b: Flutter Mane\n|-immune|p1b: Flutter Mane\n|move|p1a: Ting-Lu|Rock Tomb|p2b: Hydreigon|[miss]\n|-miss|p1a: Ting-Lu|p2b: Hydreigon\n|\n|upkeep\n|turn|4\n|\n|t:|1683351082\n|move|p2b: Hydreigon|Protect|p2b: Hydreigon\n|-singleturn|p2b: Hydreigon|Protect\n|move|p1b: Flutter Mane|Moonblast|p2b: Hydreigon\n|-activate|p2b: Hydreigon|move: Protect\n|move|p2a: Scream Tail|Light Screen|p2a: Scream Tail\n|-sidestart|p2: Corbinnnnnnn|move: Light Screen\n|move|p1a: Ting-Lu|Rock Tomb|p2b: Hydreigon\n|-activate|p2b: Hydreigon|move: Protect\n|\n|upkeep\n|turn|5\n|\n|t:|1683351102\n|move|p1b: Flutter Mane|Moonblast|p2b: Hydreigon\n|-damage|p2b: Hydreigon|17\/100\n|-unboost|p2b: Hydreigon|spa|1\n|move|p2a: Scream Tail|Play Rough|p1b: Flutter Mane\n|-damage|p1b: Flutter Mane|14\/100\n|move|p2b: Hydreigon|Snarl|p1b: Flutter Mane|[spread] p1a,p1b\n|-resisted|p1a: Ting-Lu\n|-crit|p1a: Ting-Lu\n|-crit|p1b: Flutter Mane\n|-damage|p1a: Ting-Lu|92\/100\n|-damage|p1b: Flutter Mane|0 fnt\n|-unboost|p1a: Ting-Lu|spa|1\n|faint|p1b: Flutter Mane\n|-end|p1b: Flutter Mane|Protosynthesis|[silent]\n|move|p1a: Ting-Lu|Rock Tomb|p2b: Hydreigon\n|-damage|p2b: Hydreigon|9\/100\n|-unboost|p2b: Hydreigon|spe|1\n|\n|-heal|p1a: Ting-Lu|98\/100|[from] item: Leftovers\n|upkeep\n|\n|t:|1683351108\n|switch|p1b: Baxcalibur|Baxcalibur, L50, F|100\/100\n|turn|6\n|\n|t:|1683351147\n|move|p2b: Hydreigon|Protect|p2b: Hydreigon\n|-singleturn|p2b: Hydreigon|Protect\n|move|p1b: Baxcalibur|Ice Shard|p2b: Hydreigon\n|-activate|p2b: Hydreigon|move: Protect\n|move|p2a: Scream Tail|Play Rough|p1b: Baxcalibur\n|-supereffective|p1b: Baxcalibur\n|-damage|p1b: Baxcalibur|63\/100\n|move|p1a: Ting-Lu|Heavy Slam|p2a: Scream Tail\n|-supereffective|p2a: Scream Tail\n|-damage|p2a: Scream Tail|44\/100\n|\n|-heal|p1a: Ting-Lu|100\/100|[from] item: Leftovers\n|upkeep\n|turn|7\n|\n|t:|1683351175\n|move|p1b: Baxcalibur|Protect|p1b: Baxcalibur\n|-singleturn|p1b: Baxcalibur|Protect\n|move|p2b: Hydreigon|Protect||[still]\n|-fail|p2b: Hydreigon\n|move|p2a: Scream Tail|Play Rough|p1b: Baxcalibur\n|-activate|p1b: Baxcalibur|move: Protect\n|move|p1a: Ting-Lu|Earthquake|p2a: Scream Tail|[spread] p2a\n|-activate|p1b: Baxcalibur|move: Protect\n|-immune|p2b: Hydreigon|[from] ability: Levitate\n|-damage|p2a: Scream Tail|32\/100\n|\n|upkeep\n|turn|8\n|\n|t:|1683351204\n|-terastallize|p1b: Baxcalibur|Ground\n|move|p2b: Hydreigon|Protect|p2b: Hydreigon\n|-singleturn|p2b: Hydreigon|Protect\n|move|p1b: Baxcalibur|Ice Shard|p2b: Hydreigon\n|-activate|p2b: Hydreigon|move: Protect\n|move|p2a: Scream Tail|Play Rough|p1b: Baxcalibur|[miss]\n|-miss|p2a: Scream Tail|p1b: Baxcalibur\n|move|p1a: Ting-Lu|Heavy Slam|p2a: Scream Tail\n|-supereffective|p2a: Scream Tail\n|-damage|p2a: Scream Tail|7\/100\n|\n|-sideend|p2: Corbinnnnnnn|Reflect\n|upkeep\n|turn|9\n|\n|t:|1683351240\n|move|p1b: Baxcalibur|Ice Shard|p2a: Scream Tail\n|-damage|p2a: Scream Tail|0 fnt\n|faint|p2a: Scream Tail\n|-end|p2a: Scream Tail|Protosynthesis|[silent]\n|move|p2b: Hydreigon|Draco Meteor|p1b: Baxcalibur\n|-crit|p1b: Baxcalibur\n|-damage|p1b: Baxcalibur|10\/100\n|-unboost|p2b: Hydreigon|spa|2\n|-enditem|p1b: Baxcalibur|Sitrus Berry|[eat]\n|-heal|p1b: Baxcalibur|34\/100|[from] item: Sitrus Berry\n|move|p1a: Ting-Lu|Rock Tomb|p2b: Hydreigon\n|-crit|p2b: Hydreigon\n|-damage|p2b: Hydreigon|0 fnt\n|faint|p2b: Hydreigon\n|\n|upkeep\n|\n|t:|1683351253\n|switch|p2a: Kingambit|Kingambit, L50, M|100\/100\n|switch|p2b: Chi-Yu|Chi-Yu, L50|100\/100\n|-ability|p2b: Chi-Yu|Beads of Ruin\n|turn|10\n|\n|t:|1683351293\n|move|p1b: Baxcalibur|Protect|p1b: Baxcalibur\n|-singleturn|p1b: Baxcalibur|Protect\n|move|p2b: Chi-Yu|Heat Wave|p1a: Ting-Lu|[spread] p1a\n|-activate|p1b: Baxcalibur|move: Protect\n|-damage|p1a: Ting-Lu|73\/100\n|move|p1a: Ting-Lu|Earthquake|p2b: Chi-Yu|[spread] p2a,p2b\n|-activate|p1b: Baxcalibur|move: Protect\n|-supereffective|p2a: Kingambit\n|-supereffective|p2b: Chi-Yu\n|-damage|p2a: Kingambit|60\/100\n|-damage|p2b: Chi-Yu|33\/100\n|move|p2a: Kingambit|Swords Dance|p2a: Kingambit\n|-boost|p2a: Kingambit|atk|2\n|\n|-heal|p1a: Ting-Lu|79\/100|[from] item: Leftovers\n|upkeep\n|turn|11\n|\n|t:|1683351314\n|move|p2a: Kingambit|Sucker Punch|p1b: Baxcalibur\n|-damage|p1b: Baxcalibur|0 fnt\n|faint|p1b: Baxcalibur\n|move|p2b: Chi-Yu|Heat Wave|p1a: Ting-Lu\n|-damage|p1a: Ting-Lu|44\/100\n|move|p1a: Ting-Lu|Earthquake|p2b: Chi-Yu|[spread] p2b\n|-miss|p1a: Ting-Lu|p2a: Kingambit\n|-supereffective|p2b: Chi-Yu\n|-damage|p2b: Chi-Yu|0 fnt\n|faint|p2b: Chi-Yu\n|\n|-heal|p1a: Ting-Lu|50\/100|[from] item: Leftovers\n|-sideend|p2: Corbinnnnnnn|move: Light Screen\n|upkeep\n|\n|t:|1683351324\n|switch|p1b: Braviary|Braviary, L50, M|59\/100\n|turn|12\n|\n|t:|1683351335\n|move|p2a: Kingambit|Sucker Punch|p1b: Braviary\n|-damage|p1b: Braviary|0 fnt\n|faint|p1b: Braviary\n|move|p1a: Ting-Lu|Earthquake|p2a: Kingambit\n|-supereffective|p2a: Kingambit\n|-damage|p2a: Kingambit|8\/100\n|\n|-heal|p1a: Ting-Lu|57\/100|[from] item: Leftovers\n|upkeep\n|turn|13\n|\n|t:|1683351344\n|move|p1a: Ting-Lu|Protect|p1a: Ting-Lu\n|-singleturn|p1a: Ting-Lu|Protect\n|move|p2a: Kingambit|Sucker Punch||[still]\n|-fail|p2a: Kingambit\n|\n|-heal|p1a: Ting-Lu|63\/100|[from] item: Leftovers\n|upkeep\n|turn|14\n|\n|t:|1683351350\n|move|p1a: Ting-Lu|Protect||[still]\n|-fail|p1a: Ting-Lu\n|move|p2a: Kingambit|Sucker Punch||[still]\n|-fail|p2a: Kingambit\n|\n|-heal|p1a: Ting-Lu|69\/100|[from] item: Leftovers\n|upkeep\n|turn|15\n|\n|t:|1683351364\n|move|p1a: Ting-Lu|Protect|p1a: Ting-Lu\n|-singleturn|p1a: Ting-Lu|Protect\n|move|p2a: Kingambit|Sucker Punch||[still]\n|-fail|p2a: Kingambit\n|\n|-heal|p1a: Ting-Lu|75\/100|[from] item: Leftovers\n|upkeep\n|turn|16\n|\n|t:|1683351371\n|move|p1a: Ting-Lu|Protect||[still]\n|-fail|p1a: Ting-Lu\n|move|p2a: Kingambit|Sucker Punch||[still]\n|-fail|p2a: Kingambit\n|\n|-heal|p1a: Ting-Lu|81\/100|[from] item: Leftovers\n|upkeep\n|turn|17\n|\n|t:|1683351379\n|move|p1a: Ting-Lu|Earthquake|p2a: Kingambit\n|-supereffective|p2a: Kingambit\n|-damage|p2a: Kingambit|0 fnt\n|faint|p2a: Kingambit\n|\n|win|difficultdrugs\n|raw|difficultdrugs's rating: 1148 → 1165<\/strong> (+17 for winning)\n|raw|Corbinnnnnnn's rating: 1032 → 1022<\/strong> (-10 for losing)\n|l|\u2606Corbinnnnnnn\n|c|\u2606difficultdrugs|gg\n","uploadtime":1683351395,"views":7,"p1id":"difficultdrugs","p2id":"corbinnnnnnn","formatid":"gen9vgc2023regulationc","rating":1022,"private":0,"password":""}