{"id":"gen9vgc2023regulationc-1849642372","p1":"Pokemariogame570","p2":"temerence","format":"[Gen 9] VGC 2023 Regulation C","log":"|j|\u2606Pokemariogame570\n|j|\u2606temerence\n|t:|1682224485\n|gametype|doubles\n|player|p1|Pokemariogame570|hilbert|1162\n|player|p2|temerence|hilbert|1073\n|teamsize|p1|6\n|teamsize|p2|6\n|gen|9\n|tier|[Gen 9] VGC 2023 Regulation C\n|rated|\n|rule|Species Clause: Limit one of each Pok\u00e9mon\n|rule|Item Clause: Limit one of each item\n|clearpoke\n|poke|p1|Arcanine, L50, F|\n|poke|p1|Palafin, L50, M|\n|poke|p1|Flutter Mane, L50|\n|poke|p1|Amoonguss, L50, M|\n|poke|p1|Ting-Lu, L50|\n|poke|p1|Baxcalibur, L50, M|\n|poke|p2|Flutter Mane, L50|\n|poke|p2|Amoonguss, L50, F|\n|poke|p2|Palafin, L50, M|\n|poke|p2|Chien-Pao, L50|\n|poke|p2|Arcanine, L50, M|\n|poke|p2|Dragapult, L50, F|\n|teampreview|4\n|inactive|Battle timer is ON: inactive players will automatically lose when time's up. (requested by temerence)\n|inactive|temerence has 60 seconds left.\n|\n|t:|1682224526\n|start\n|switch|p1a: Baxcalibur|Baxcalibur, L50, M|100\/100\n|switch|p1b: Flutter Mane|Flutter Mane, L50, shiny|100\/100\n|switch|p2a: Amoonguss|Amoonguss, L50, F|100\/100\n|switch|p2b: Palafin|Palafin, L50, M|100\/100\n|turn|1\n|inactive|Pokemariogame570 has 30 seconds left.\n|\n|t:|1682224556\n|detailschange|p2b: Palafin|Palafin-Hero, L50, M\n|switch|p2b: Flutter Mane|Flutter Mane, L50|100\/100\n|-enditem|p2b: Flutter Mane|Booster Energy\n|-activate|p2b: Flutter Mane|ability: Protosynthesis|[fromitem]\n|-start|p2b: Flutter Mane|protosynthesisspe\n|move|p2a: Amoonguss|Rage Powder|p2a: Amoonguss\n|-singleturn|p2a: Amoonguss|move: Rage Powder\n|move|p1b: Flutter Mane|Dazzling Gleam|p2b: Flutter Mane|[spread] p2a,p2b\n|-resisted|p2a: Amoonguss\n|-damage|p2a: Amoonguss|84\/100\n|-damage|p2b: Flutter Mane|42\/100\n|move|p1a: Baxcalibur|Icicle Crash|p2a: Amoonguss\n|-supereffective|p2a: Amoonguss\n|-damage|p2a: Amoonguss|0 fnt\n|faint|p2a: Amoonguss\n|\n|upkeep\n|\n|t:|1682224570\n|switch|p2a: Palafin|Palafin-Hero, L50, M|100\/100\n|-activate|p2a: Palafin|ability: Zero to Hero\n|turn|2\n|inactive|Pokemariogame570 has 30 seconds left.\n|\n|t:|1682224600\n|-end|p1b: Flutter Mane|Protosynthesis|[silent]\n|switch|p1b: Manuel|Amoonguss, L50, M|100\/100\n|move|p2b: Flutter Mane|Protect|p2b: Flutter Mane\n|-singleturn|p2b: Flutter Mane|Protect\n|move|p1a: Baxcalibur|Protect|p1a: Baxcalibur\n|-singleturn|p1a: Baxcalibur|Protect\n|move|p2a: Palafin|Wave Crash|p1b: Manuel\n|-resisted|p1b: Manuel\n|-damage|p1b: Manuel|59\/100\n|-damage|p2a: Palafin|83\/100|[from] Recoil\n|\n|upkeep\n|turn|3\n|inactive|temerence has 30 seconds left.\n|\n|t:|1682224627\n|move|p2a: Palafin|Protect|p2a: Palafin\n|-singleturn|p2a: Palafin|Protect\n|move|p1b: Manuel|Rage Powder|p1b: Manuel\n|-singleturn|p1b: Manuel|move: Rage Powder\n|move|p2b: Flutter Mane|Moonblast|p1b: Manuel\n|-resisted|p1b: Manuel\n|-damage|p1b: Manuel|39\/100\n|-enditem|p1b: Manuel|Sitrus Berry|[eat]\n|-heal|p1b: Manuel|64\/100|[from] item: Sitrus Berry\n|move|p1a: Baxcalibur|Icicle Crash|p2b: Flutter Mane\n|-damage|p2b: Flutter Mane|0 fnt\n|faint|p2b: Flutter Mane\n|-end|p2b: Flutter Mane|Protosynthesis|[silent]\n|\n|upkeep\n|\n|t:|1682224639\n|switch|p2b: Dragapult|Dragapult, L50, F|100\/100\n|turn|4\n|inactive|temerence has 30 seconds left.\n|\n|t:|1682224666\n|switch|p1b: Flutter Mane|Flutter Mane, L50, shiny|100\/100\n|-terastallize|p2b: Dragapult|Steel\n|-terastallize|p1a: Baxcalibur|Poison\n|move|p2b: Dragapult|Tera Blast|p1a: Baxcalibur\n|-damage|p1a: Baxcalibur|49\/100\n|move|p2a: Palafin|Wave Crash|p1a: Baxcalibur\n|-damage|p1a: Baxcalibur|0 fnt\n|faint|p1a: Baxcalibur\n|-damage|p2a: Palafin|65\/100|[from] Recoil\n|\n|upkeep\n|\n|t:|1682224686\n|switch|p1a: Manuel|Amoonguss, L50, M|97\/100\n|turn|5\n|\n|t:|1682224698\n|move|p2a: Palafin|Protect|p2a: Palafin\n|-singleturn|p2a: Palafin|Protect\n|move|p1a: Manuel|Rage Powder|p1a: Manuel\n|-singleturn|p1a: Manuel|move: Rage Powder\n|move|p2b: Dragapult|Tera Blast|p1a: Manuel\n|-damage|p1a: Manuel|41\/100\n|move|p1b: Flutter Mane|Thunderbolt|p2a: Palafin\n|-activate|p2a: Palafin|move: Protect\n|\n|upkeep\n|turn|6\n|\n|t:|1682224711\n|move|p1a: Manuel|Rage Powder|p1a: Manuel\n|-singleturn|p1a: Manuel|move: Rage Powder\n|move|p2a: Palafin|Jet Punch|p1a: Manuel\n|-resisted|p1a: Manuel\n|-damage|p1a: Manuel|18\/100\n|move|p2b: Dragapult|Tera Blast|p1a: Manuel\n|-damage|p1a: Manuel|0 fnt\n|faint|p1a: Manuel\n|move|p1b: Flutter Mane|Thunderbolt|p2a: Palafin\n|-supereffective|p2a: Palafin\n|-damage|p2a: Palafin|0 fnt\n|faint|p2a: Palafin\n|\n|upkeep\n|\n|t:|1682224727\n|switch|p1a: Arcanine|Arcanine, L50, F|100\/100\n|-ability|p1a: Arcanine|Intimidate|boost\n|-fail|p2b: Dragapult|unboost|[from] ability: Clear Body|[of] p2b: Dragapult\n|turn|7\n|\n|t:|1682224736\n|move|p2b: Dragapult|Tera Blast|p1b: Flutter Mane\n|-supereffective|p1b: Flutter Mane\n|-crit|p1b: Flutter Mane\n|-damage|p1b: Flutter Mane|0 fnt\n|faint|p1b: Flutter Mane\n|-end|p1b: Flutter Mane|Protosynthesis|[silent]\n|move|p1a: Arcanine|Flare Blitz|p2b: Dragapult\n|-supereffective|p2b: Dragapult\n|-damage|p2b: Dragapult|0 fnt\n|faint|p2b: Dragapult\n|-damage|p1a: Arcanine|71\/100|[from] Recoil\n|\n|win|Pokemariogame570\n|raw|Pokemariogame570's rating: 1162 → 1181<\/strong> (+19 for winning)\n|raw|temerence's rating: 1073 → 1057<\/strong> (-16 for losing)\n|l|\u2606Pokemariogame570\n|c|\u2606temerence|gg\n","uploadtime":1682224753,"views":14,"p1id":"pokemariogame570","p2id":"temerence","formatid":"gen9vgc2023regulationc","rating":1057,"private":0,"password":""}