{"id":"gen9vgc2023regulationc-1846470070","p1":"heracross65","p2":"tarikgoesinsane","format":"[Gen 9] VGC 2023 Regulation C","log":"|j|\u2606heracross65\n|j|\u2606tarikgoesinsane\n|t:|1681843488\n|gametype|doubles\n|player|p1|heracross65|170|1197\n|player|p2|tarikgoesinsane|doctor|1122\n|teamsize|p1|6\n|teamsize|p2|6\n|gen|9\n|tier|[Gen 9] VGC 2023 Regulation C\n|rated|\n|rule|Species Clause: Limit one of each Pok\u00e9mon\n|rule|Item Clause: Limit one of each item\n|clearpoke\n|poke|p1|Dragapult, L50, M|\n|poke|p1|Flutter Mane, L50|\n|poke|p1|Chien-Pao, L50|\n|poke|p1|Palafin, L50, M|\n|poke|p1|Amoonguss, L50, F|\n|poke|p1|Ting-Lu, L50|\n|poke|p2|Gyarados, L50, F|\n|poke|p2|Gholdengo, L50|\n|poke|p2|Baxcalibur, L50, F|\n|poke|p2|Ting-Lu, L50|\n|poke|p2|Amoonguss, L50, F|\n|poke|p2|Arcanine, L50, F|\n|teampreview|4\n|inactive|Battle timer is ON: inactive players will automatically lose when time's up. (requested by tarikgoesinsane)\n|inactive|tarikgoesinsane has 60 seconds left.\n|inactive|heracross65 has 60 seconds left.\n|inactive|tarikgoesinsane has 30 seconds left.\n|inactive|tarikgoesinsane has 20 seconds left.\n|\n|t:|1681843560\n|start\n|switch|p1a: Dragapult|Dragapult, L50, M, shiny|100\/100\n|switch|p1b: Palafin|Palafin, L50, M, shiny|100\/100\n|switch|p2a: Gyarados|Gyarados, L50, F, shiny|100\/100\n|switch|p2b: Ting-Lu|Ting-Lu, L50|100\/100\n|-ability|p2a: Gyarados|Intimidate|boost\n|-fail|p1a: Dragapult|unboost|[from] ability: Clear Body|[of] p1a: Dragapult\n|-unboost|p1b: Palafin|atk|1\n|-ability|p2b: Ting-Lu|Vessel of Ruin\n|turn|1\n|inactive|tarikgoesinsane has 30 seconds left.\n|\n|t:|1681843585\n|detailschange|p1b: Palafin|Palafin-Hero, L50, M, shiny\n|switch|p1b: Amoonguss|Amoonguss, L50, F, shiny|100\/100\n|switch|p2b: Amoonguss|Amoonguss, L50, F|100\/100\n|move|p1a: Dragapult|U-turn|p2b: Amoonguss\n|-damage|p2b: Amoonguss|73\/100\n|-damage|p1a: Dragapult|84\/100|[from] item: Rocky Helmet|[of] p2b: Amoonguss\n|-status|p1a: Dragapult|par|[from] ability: Effect Spore|[of] p2b: Amoonguss\n|\n|t:|1681843597\n|switch|p1a: Palafin|Palafin-Hero, L50, M, shiny|100\/100|[from] U-turn\n|-activate|p1a: Palafin|ability: Zero to Hero\n|move|p2a: Gyarados|Thunder Wave|p1a: Palafin\n|-status|p1a: Palafin|par\n|\n|upkeep\n|turn|2\n|inactive|tarikgoesinsane has 30 seconds left.\n|inactive|tarikgoesinsane has 20 seconds left.\n|inactive|tarikgoesinsane has 15 seconds left.\n|inactive|tarikgoesinsane has 10 seconds left.\n|\n|t:|1681843644\n|move|p1a: Palafin|Jet Punch|p2b: Amoonguss\n|-resisted|p2b: Amoonguss\n|-damage|p2b: Amoonguss|53\/100\n|-damage|p1a: Palafin|84\/100 par|[from] item: Rocky Helmet|[of] p2b: Amoonguss\n|move|p2a: Gyarados|Taunt|p1b: Amoonguss\n|-start|p1b: Amoonguss|move: Taunt\n|move|p2b: Amoonguss|Pollen Puff|p1a: Palafin\n|-damage|p1a: Palafin|67\/100 par\n|cant|p1b: Amoonguss|move: Taunt|Spore\n|\n|upkeep\n|turn|3\n|inactive|tarikgoesinsane has 30 seconds left.\n|\n|t:|1681843675\n|switch|p2a: Gholdengo|Gholdengo, L50|100\/100\n|switch|p1a: Flutter Mane|Flutter Mane, L50, shiny|100\/100\n|switch|p1b: Dragapult|Dragapult, L50, M, shiny|84\/100 par\n|move|p2b: Amoonguss|Rage Powder|p2b: Amoonguss\n|-singleturn|p2b: Amoonguss|move: Rage Powder\n|\n|upkeep\n|turn|4\n|inactive|tarikgoesinsane has 30 seconds left.\n|\n|t:|1681843701\n|-terastallize|p2a: Gholdengo|Steel\n|-terastallize|p1b: Dragapult|Steel\n|move|p2b: Amoonguss|Rage Powder|p2b: Amoonguss\n|-singleturn|p2b: Amoonguss|move: Rage Powder\n|move|p1a: Flutter Mane|Mystical Fire|p2b: Amoonguss\n|-supereffective|p2b: Amoonguss\n|-damage|p2b: Amoonguss|0 fnt\n|faint|p2b: Amoonguss\n|move|p2a: Gholdengo|Make It Rain|p1b: Dragapult|[spread] p1a,p1b\n|-supereffective|p1a: Flutter Mane\n|-resisted|p1b: Dragapult\n|-damage|p1a: Flutter Mane|0 fnt\n|-damage|p1b: Dragapult|37\/100 par\n|-unboost|p2a: Gholdengo|spa|1\n|faint|p1a: Flutter Mane\n|-end|p1a: Flutter Mane|Protosynthesis|[silent]\n|move|p1b: Dragapult|Phantom Force||[still]\n|-prepare|p1b: Dragapult|Phantom Force\n|\n|upkeep\n|\n|t:|1681843720\n|switch|p1a: Palafin|Palafin-Hero, L50, M, shiny|67\/100 par\n|switch|p2b: Ting-Lu|Ting-Lu, L50|100\/100\n|-ability|p2b: Ting-Lu|Vessel of Ruin\n|turn|5\n|inactive|tarikgoesinsane has 30 seconds left.\n|\n|t:|1681843746\n|move|p1a: Palafin|Jet Punch|p2b: Ting-Lu\n|-supereffective|p2b: Ting-Lu\n|-damage|p2b: Ting-Lu|38\/100\n|move|p2a: Gholdengo|Nasty Plot|p2a: Gholdengo\n|-boost|p2a: Gholdengo|spa|2\n|move|p1b: Dragapult|Phantom Force|p2a: Gholdengo|[from]lockedmove\n|-damage|p2a: Gholdengo|33\/100\n|move|p2b: Ting-Lu|Ruination|p1a: Palafin\n|-damage|p1a: Palafin|34\/100 par\n|\n|-heal|p2a: Gholdengo|39\/100|[from] item: Leftovers\n|upkeep\n|turn|6\n|\n|t:|1681843769\n|switch|p2b: Gyarados|Gyarados, L50, F, shiny|100\/100\n|-ability|p2b: Gyarados|Intimidate|boost\n|-unboost|p1a: Palafin|atk|1\n|-fail|p1b: Dragapult|unboost|[from] ability: Clear Body|[of] p1b: Dragapult\n|move|p2a: Gholdengo|Protect|p2a: Gholdengo\n|-singleturn|p2a: Gholdengo|Protect\n|cant|p1a: Palafin|par\n|move|p1b: Dragapult|Phantom Force||[still]\n|-prepare|p1b: Dragapult|Phantom Force\n|\n|-heal|p2a: Gholdengo|45\/100|[from] item: Leftovers\n|upkeep\n|turn|7\n|inactive|tarikgoesinsane has 30 seconds left.\n|\n|t:|1681843801\n|switch|p2a: Ting-Lu|Ting-Lu, L50|38\/100\n|-ability|p2a: Ting-Lu|Vessel of Ruin\n|move|p1a: Palafin|Jet Punch|p2a: Ting-Lu\n|-supereffective|p2a: Ting-Lu\n|-damage|p2a: Ting-Lu|0 fnt\n|faint|p2a: Ting-Lu\n|move|p2b: Gyarados|Waterfall|p1a: Palafin\n|-resisted|p1a: Palafin\n|-damage|p1a: Palafin|15\/100 par\n|move|p1b: Dragapult|Phantom Force|p2b: Gyarados|[from]lockedmove\n|-damage|p2b: Gyarados|29\/100\n|-enditem|p2b: Gyarados|Sitrus Berry|[eat]\n|-heal|p2b: Gyarados|54\/100|[from] item: Sitrus Berry\n|\n|upkeep\n|\n|t:|1681843814\n|switch|p2a: Gholdengo|Gholdengo, L50, tera:Steel|45\/100\n|turn|8\n|inactive|tarikgoesinsane has 30 seconds left.\n|\n|t:|1681843843\n|switch|p1a: Amoonguss|Amoonguss, L50, F, shiny|100\/100\n|move|p2a: Gholdengo|Protect|p2a: Gholdengo\n|-singleturn|p2a: Gholdengo|Protect\n|move|p2b: Gyarados|Waterfall|p1b: Dragapult\n|-damage|p1b: Dragapult|0 fnt\n|faint|p1b: Dragapult\n|\n|-heal|p2a: Gholdengo|52\/100|[from] item: Leftovers\n|upkeep\n|\n|t:|1681843852\n|switch|p1b: Palafin|Palafin-Hero, L50, M, shiny|15\/100 par\n|turn|9\n|\n|t:|1681843861\n|move|p1b: Palafin|Jet Punch|p2a: Gholdengo\n|-damage|p2a: Gholdengo|0 fnt\n|faint|p2a: Gholdengo\n|move|p2b: Gyarados|Taunt|p1a: Amoonguss\n|-start|p1a: Amoonguss|move: Taunt\n|cant|p1a: Amoonguss|move: Taunt|Spore\n|\n|upkeep\n|turn|10\n|\n|t:|1681843870\n|move|p2b: Gyarados|Waterfall|p1b: Palafin\n|-resisted|p1b: Palafin\n|-damage|p1b: Palafin|0 fnt\n|faint|p1b: Palafin\n|move|p1a: Amoonguss|Pollen Puff|p2b: Gyarados\n|-resisted|p2b: Gyarados\n|-damage|p2b: Gyarados|45\/100\n|\n|upkeep\n|turn|11\n|\n|t:|1681843881\n|move|p2b: Gyarados|Thunder Wave|p1a: Amoonguss\n|-status|p1a: Amoonguss|par\n|cant|p1a: Amoonguss|par\n|\n|-end|p1a: Amoonguss|move: Taunt\n|upkeep\n|turn|12\n|\n|t:|1681843888\n|move|p2b: Gyarados|Taunt|p1a: Amoonguss\n|-start|p1a: Amoonguss|move: Taunt\n|cant|p1a: Amoonguss|move: Taunt|Spore\n|\n|upkeep\n|turn|13\n|\n|t:|1681843894\n|move|p2b: Gyarados|Waterfall|p1a: Amoonguss\n|-resisted|p1a: Amoonguss\n|-damage|p1a: Amoonguss|79\/100 par\n|move|p1a: Amoonguss|Pollen Puff|p2b: Gyarados\n|-resisted|p2b: Gyarados\n|-damage|p2b: Gyarados|37\/100\n|\n|upkeep\n|turn|14\n|\n|t:|1681843902\n|move|p2b: Gyarados|Waterfall|p1a: Amoonguss\n|-resisted|p1a: Amoonguss\n|-damage|p1a: Amoonguss|58\/100 par\n|cant|p1a: Amoonguss|par\n|\n|-end|p1a: Amoonguss|move: Taunt\n|upkeep\n|turn|15\n|\n|t:|1681843910\n|cant|p1a: Amoonguss|par\n|move|p2b: Gyarados|Taunt|p1a: Amoonguss\n|-start|p1a: Amoonguss|move: Taunt\n|\n|upkeep\n|turn|16\n|\n|t:|1681843915\n|move|p2b: Gyarados|Waterfall|p1a: Amoonguss\n|-resisted|p1a: Amoonguss\n|-damage|p1a: Amoonguss|38\/100 par\n|move|p1a: Amoonguss|Pollen Puff|p2b: Gyarados\n|-resisted|p2b: Gyarados\n|-damage|p2b: Gyarados|30\/100\n|\n|upkeep\n|turn|17\n|\n|t:|1681843925\n|move|p2b: Gyarados|Waterfall|p1a: Amoonguss\n|-resisted|p1a: Amoonguss\n|-damage|p1a: Amoonguss|16\/100 par\n|-enditem|p1a: Amoonguss|Wiki Berry|[eat]\n|-heal|p1a: Amoonguss|50\/100 par|[from] item: Wiki Berry\n|move|p1a: Amoonguss|Pollen Puff|p2b: Gyarados\n|-resisted|p2b: Gyarados\n|-damage|p2b: Gyarados|22\/100\n|\n|upkeep\n|turn|18\n|\n|t:|1681843936\n|move|p2b: Gyarados|Waterfall|p1a: Amoonguss\n|-resisted|p1a: Amoonguss\n|-damage|p1a: Amoonguss|31\/100 par\n|cant|p1a: Amoonguss|par\n|\n|-end|p1a: Amoonguss|move: Taunt\n|upkeep\n|turn|19\n|\n|t:|1681843943\n|move|p2b: Gyarados|Taunt|p1a: Amoonguss\n|-start|p1a: Amoonguss|move: Taunt\n|move|p1a: Amoonguss|Pollen Puff|p2b: Gyarados\n|-resisted|p2b: Gyarados\n|-damage|p2b: Gyarados|15\/100\n|\n|upkeep\n|turn|20\n|\n|t:|1681843950\n|move|p2b: Gyarados|Waterfall|p1a: Amoonguss\n|-resisted|p1a: Amoonguss\n|-damage|p1a: Amoonguss|11\/100 par\n|move|p1a: Amoonguss|Pollen Puff|p2b: Gyarados\n|-resisted|p2b: Gyarados\n|-damage|p2b: Gyarados|7\/100\n|\n|upkeep\n|turn|21\n|\n|t:|1681843958\n|move|p2b: Gyarados|Waterfall|p1a: Amoonguss\n|-resisted|p1a: Amoonguss\n|-damage|p1a: Amoonguss|0 fnt\n|faint|p1a: Amoonguss\n|\n|win|tarikgoesinsane\n|raw|heracross65's rating: 1197 → 1167<\/strong> (-30 for losing)\n|raw|tarikgoesinsane's rating: 1122 → 1152<\/strong> (+30 for winning)\n|c|\u2606tarikgoesinsane|gg\n|l|\u2606heracross65\n","uploadtime":1681843968,"views":13,"p1id":"heracross65","p2id":"tarikgoesinsane","formatid":"gen9vgc2023regulationc","rating":1152,"private":0,"password":""}