{"id":"gen9vgc2023regulationc-1846198373","p1":"Maherpants","p2":"pardini buco","format":"[Gen 9] VGC 2023 Regulation C","log":"|j|\u2606Maherpants\n|j|\u2606pardini buco\n|t:|1681820247\n|gametype|doubles\n|player|p1|Maherpants|102|1153\n|player|p2|pardini buco|266|1206\n|teamsize|p1|6\n|teamsize|p2|6\n|gen|9\n|tier|[Gen 9] VGC 2023 Regulation C\n|rated|\n|rule|Species Clause: Limit one of each Pok\u00e9mon\n|rule|Item Clause: Limit one of each item\n|clearpoke\n|poke|p1|Arcanine, L50, M|\n|poke|p1|Ting-Lu, L50|\n|poke|p1|Flutter Mane, L50|\n|poke|p1|Palafin, L50, M|\n|poke|p1|Amoonguss, L50, M|\n|poke|p1|Baxcalibur, L50, M|\n|poke|p2|Orthworm, L50, F|\n|poke|p2|Dragonite, L50, M|\n|poke|p2|Ting-Lu, L50|\n|poke|p2|Gyarados, L50, F|\n|poke|p2|Flutter Mane, L50|\n|poke|p2|Chien-Pao, L50|\n|teampreview|4\n|inactive|Battle timer is ON: inactive players will automatically lose when time's up. (requested by Maherpants)\nMaherpants has agreed to open team sheets.\n|inactive|pardini buco has 60 seconds left.\n|\n|t:|1681820343\n|start\n|switch|p1a: Palafin|Palafin, L50, M|100\/100\n|switch|p1b: Arcanine|Arcanine, L50, M|100\/100\n|switch|p2a: Orthworm|Orthworm, L50, F|100\/100\n|switch|p2b: Gyarados|Gyarados, L50, F|100\/100\n|-ability|p1b: Arcanine|Intimidate|boost\n|-unboost|p2a: Orthworm|atk|1\n|-unboost|p2b: Gyarados|atk|1\n|-ability|p2b: Gyarados|Intimidate|boost\n|-unboost|p1a: Palafin|atk|1\n|-unboost|p1b: Arcanine|atk|1\n|turn|1\n|inactive|pardini buco has 30 seconds left.\n|inactive|pardini buco has 20 seconds left.\n|inactive|pardini buco has 15 seconds left.\n|inactive|pardini buco has 10 seconds left.\n|\n|t:|1681820392\n|detailschange|p1a: Palafin|Palafin-Hero, L50, M\n|switch|p1a: Flutter Mane|Flutter Mane, L50|100\/100\n|-terastallize|p2a: Orthworm|Fire\n|move|p1b: Arcanine|Will-O-Wisp|p2b: Gyarados\n|-status|p2b: Gyarados|brn\n|move|p2b: Gyarados|Thunder Wave|p1b: Arcanine\n|-status|p1b: Arcanine|par\n|move|p2a: Orthworm|Iron Defense|p2a: Orthworm\n|-boost|p2a: Orthworm|def|2\n|\n|-damage|p2b: Gyarados|94\/100 brn|[from] brn\n|upkeep\n|turn|2\n|inactive|Maherpants has 30 seconds left.\n|inactive|Maherpants has 20 seconds left.\n|\n|t:|1681820430\n|switch|p1b: Palafin|Palafin-Hero, L50, M|100\/100\n|-activate|p1b: Palafin|ability: Zero to Hero\n|move|p1a: Flutter Mane|Moonblast|p2b: Gyarados\n|-damage|p2b: Gyarados|34\/100 brn\n|-unboost|p2b: Gyarados|spa|1\n|move|p2b: Gyarados|Thunder Wave|p1a: Flutter Mane\n|-status|p1a: Flutter Mane|par\n|move|p2a: Orthworm|Iron Defense|p2a: Orthworm\n|-boost|p2a: Orthworm|def|2\n|\n|-damage|p2b: Gyarados|29\/100 brn|[from] brn\n|upkeep\n|turn|3\n|\n|t:|1681820451\n|move|p2b: Gyarados|Thunder Wave|p1b: Palafin\n|-status|p1b: Palafin|par\n|move|p2a: Orthworm|Body Press|p1b: Palafin\n|-damage|p1b: Palafin|31\/100 par\n|move|p1a: Flutter Mane|Moonblast|p2a: Orthworm\n|-resisted|p2a: Orthworm\n|-damage|p2a: Orthworm|56\/100\n|move|p1b: Palafin|Wave Crash|p2b: Gyarados\n|-resisted|p2b: Gyarados\n|-damage|p2b: Gyarados|0 fnt\n|faint|p2b: Gyarados\n|-damage|p1b: Palafin|22\/100 par|[from] Recoil\n|\n|upkeep\n|\n|t:|1681820464\n|switch|p2b: Flutter Mane|Flutter Mane, L50|100\/100\n|turn|4\n|\n|t:|1681820474\n|-terastallize|p1a: Flutter Mane|Steel\n|move|p1b: Palafin|Jet Punch|p2b: Flutter Mane\n|-damage|p2b: Flutter Mane|26\/100\n|move|p2b: Flutter Mane|Hex|p1a: Flutter Mane\n|-damage|p1a: Flutter Mane|12\/100 par\n|move|p2a: Orthworm|Body Press|p1b: Palafin\n|-damage|p1b: Palafin|0 fnt\n|faint|p1b: Palafin\n|move|p1a: Flutter Mane|Moonblast|p2a: Orthworm\n|-resisted|p2a: Orthworm\n|-damage|p2a: Orthworm|17\/100\n|-enditem|p2a: Orthworm|Sitrus Berry|[eat]\n|-heal|p2a: Orthworm|42\/100|[from] item: Sitrus Berry\n|\n|upkeep\n|\n|t:|1681820494\n|switch|p1b: Amoonguss|Amoonguss, L50, M|100\/100\n|turn|5\n|\n|t:|1681820505\n|-end|p2b: Flutter Mane|Protosynthesis|[silent]\n|switch|p2b: Dragonite|Dragonite, L50, M|100\/100\n|move|p1b: Amoonguss|Rage Powder|p1b: Amoonguss\n|-singleturn|p1b: Amoonguss|move: Rage Powder\n|move|p2a: Orthworm|Body Press|p1b: Amoonguss\n|-resisted|p1b: Amoonguss\n|-damage|p1b: Amoonguss|62\/100\n|move|p1a: Flutter Mane|Moonblast|p2a: Orthworm\n|-resisted|p2a: Orthworm\n|-damage|p2a: Orthworm|0 fnt\n|faint|p2a: Orthworm\n|\n|upkeep\n|\n|t:|1681820515\n|switch|p2a: Flutter Mane|Flutter Mane, L50|26\/100\n|turn|6\n|inactive|pardini buco has 30 seconds left.\n|inactive|Maherpants has 30 seconds left.\n|\n|t:|1681820548\n|move|p1b: Amoonguss|Rage Powder|p1b: Amoonguss\n|-singleturn|p1b: Amoonguss|move: Rage Powder\n|move|p2a: Flutter Mane|Psyshock|p1b: Amoonguss\n|-supereffective|p1b: Amoonguss\n|-damage|p1b: Amoonguss|0 fnt\n|faint|p1b: Amoonguss\n|move|p2b: Dragonite|Dragon Dance|p2b: Dragonite\n|-boost|p2b: Dragonite|atk|1\n|-boost|p2b: Dragonite|spe|1\n|move|p1a: Flutter Mane|Moonblast|p2b: Dragonite\n|-supereffective|p2b: Dragonite\n|-damage|p2b: Dragonite|25\/100\n|\n|upkeep\n|\n|t:|1681820561\n|switch|p1b: Arcanine|Arcanine, L50, M|100\/100 par\n|-ability|p1b: Arcanine|Intimidate|boost\n|-unboost|p2a: Flutter Mane|atk|1\n|-unboost|p2b: Dragonite|atk|1\n|turn|7\n|\n|t:|1681820573\n|move|p2b: Dragonite|Earthquake|p1b: Arcanine|[spread] p2a,p1a,p1b\n|-supereffective|p1a: Flutter Mane\n|-supereffective|p1b: Arcanine\n|-damage|p2a: Flutter Mane|0 fnt\n|-damage|p1a: Flutter Mane|0 fnt\n|-damage|p1b: Arcanine|46\/100 par\n|faint|p2a: Flutter Mane\n|-end|p2a: Flutter Mane|Protosynthesis|[silent]\n|faint|p1a: Flutter Mane\n|-end|p1a: Flutter Mane|Protosynthesis|[silent]\n|move|p1b: Arcanine|Will-O-Wisp|p2b: Dragonite\n|-status|p2b: Dragonite|brn\n|-enditem|p2b: Dragonite|Lum Berry|[eat]\n|-curestatus|p2b: Dragonite|brn|[msg]\n|\n|upkeep\n|turn|8\n|c|\u2606pardini buco|gg\n|\n|t:|1681820588\n|move|p2b: Dragonite|Earthquake|p1b: Arcanine\n|-supereffective|p1b: Arcanine\n|-damage|p1b: Arcanine|0 fnt\n|faint|p1b: Arcanine\n|\n|win|pardini buco\n|raw|Maherpants's rating: 1153 → 1132<\/strong> (-21 for losing)\n|raw|pardini buco's rating: 1206 → 1227<\/strong> (+21 for winning)\n|l|\u2606Maherpants\n","uploadtime":1681820623,"views":10,"p1id":"maherpants","p2id":"pardinibuco","formatid":"gen9vgc2023regulationc","rating":1132,"private":0,"password":""}