{"id":"gen9vgc2023regulationc-1851735774","p1":"Mushtoast","p2":"hpunk","format":"[Gen 9] VGC 2023 Regulation C","log":"|j|\u2606Mushtoast\n|j|\u2606hpunk\n|t:|1682476019\n|gametype|doubles\n|player|p1|Mushtoast|tate|1113\n|player|p2|hpunk|169|1195\n|teamsize|p1|6\n|teamsize|p2|6\n|gen|9\n|tier|[Gen 9] VGC 2023 Regulation C\n|rated|\n|rule|Species Clause: Limit one of each Pok\u00e9mon\n|rule|Item Clause: Limit one of each item\n|clearpoke\n|poke|p1|Palafin, L50, M|\n|poke|p1|Arcanine, L50, M|\n|poke|p1|Flutter Mane, L50|\n|poke|p1|Amoonguss, L50, F|\n|poke|p1|Ting-Lu, L50|\n|poke|p1|Scizor, L50, M|\n|poke|p2|Ting-Lu, L50|\n|poke|p2|Amoonguss, L50, M|\n|poke|p2|Arcanine, L50, M|\n|poke|p2|Garganacl, L50, M|\n|poke|p2|Scream Tail, L50|\n|poke|p2|Dragonite, L50, M|\n|teampreview|4\n|inactive|Battle timer is ON: inactive players will automatically lose when time's up. (requested by hpunk)\nMushtoast has agreed to open team sheets.\n|c|\u2606Mushtoast|ah sh- stall\n|\n|t:|1682476050\n|start\n|switch|p1a: Palafin|Palafin, L50, M|100\/100\n|switch|p1b: Arcanine|Arcanine, L50, M|100\/100\n|switch|p2a: Ting-Lu|Ting-Lu, L50|100\/100\n|switch|p2b: Amoonguss|Amoonguss, L50, M|100\/100\n|-ability|p1b: Arcanine|Intimidate|boost\n|-unboost|p2a: Ting-Lu|atk|1\n|-unboost|p2b: Amoonguss|atk|1\n|-ability|p2a: Ting-Lu|Vessel of Ruin\n|turn|1\n|\n|t:|1682476073\n|detailschange|p1a: Palafin|Palafin-Hero, L50, M\n|switch|p1a: Scizor|Scizor, L50, M|100\/100\n|switch|p2b: Arcanine|Arcanine, L50, M|100\/100\n|-ability|p2b: Arcanine|Intimidate|boost\n|-unboost|p1a: Scizor|atk|1\n|-unboost|p1b: Arcanine|atk|1\n|move|p1b: Arcanine|Will-O-Wisp|p2a: Ting-Lu\n|-status|p2a: Ting-Lu|brn\n|move|p2a: Ting-Lu|Fissure|p1b: Arcanine|[miss]\n|-miss|p2a: Ting-Lu|p1b: Arcanine\n|\n|-damage|p2a: Ting-Lu|94\/100 brn|[from] brn\n|upkeep\n|turn|2\n|\n|t:|1682476092\n|switch|p1a: Ting-Lu|Ting-Lu, L50|100\/100\n|-ability|p1a: Ting-Lu|Vessel of Ruin\n|move|p1b: Arcanine|Protect|p1b: Arcanine\n|-singleturn|p1b: Arcanine|Protect\n|move|p2b: Arcanine|Will-O-Wisp|p1a: Ting-Lu\n|-status|p1a: Ting-Lu|brn\n|move|p2a: Ting-Lu|Fissure|p1b: Arcanine\n|-activate|p1b: Arcanine|move: Protect\n|\n|-damage|p1a: Ting-Lu|94\/100 brn|[from] brn\n|-damage|p2a: Ting-Lu|88\/100 brn|[from] brn\n|upkeep\n|turn|3\n|\n|t:|1682476114\n|switch|p2b: Amoonguss|Amoonguss, L50, M|100\/100\n|switch|p1b: Scizor|Scizor, L50, M|100\/100\n|move|p1a: Ting-Lu|Fissure|p2b: Amoonguss|[miss]\n|-miss|p1a: Ting-Lu|p2b: Amoonguss\n|move|p2a: Ting-Lu|Fissure|p1a: Ting-Lu|[miss]\n|-miss|p2a: Ting-Lu|p1a: Ting-Lu\n|\n|-heal|p1a: Ting-Lu|100\/100 brn|[from] item: Leftovers\n|-damage|p1a: Ting-Lu|94\/100 brn|[from] brn\n|-damage|p2a: Ting-Lu|82\/100 brn|[from] brn\n|upkeep\n|turn|4\n|\n|t:|1682476129\n|move|p1b: Scizor|Aerial Ace|p2b: Amoonguss\n|-supereffective|p2b: Amoonguss\n|-damage|p2b: Amoonguss|22\/100\n|-enditem|p2b: Amoonguss|Aguav Berry|[eat]\n|-heal|p2b: Amoonguss|55\/100|[from] item: Aguav Berry\n|-damage|p1b: Scizor|91\/100|[from] item: Life Orb\n|move|p1a: Ting-Lu|Fissure|p2a: Ting-Lu|[miss]\n|-miss|p1a: Ting-Lu|p2a: Ting-Lu\n|move|p2a: Ting-Lu|Fissure|p1a: Ting-Lu|[miss]\n|-miss|p2a: Ting-Lu|p1a: Ting-Lu\n|move|p2b: Amoonguss|Spore|p1b: Scizor\n|-status|p1b: Scizor|slp|[from] move: Spore\n|\n|-heal|p1a: Ting-Lu|100\/100 brn|[from] item: Leftovers\n|-damage|p1a: Ting-Lu|94\/100 brn|[from] brn\n|-damage|p2a: Ting-Lu|76\/100 brn|[from] brn\n|upkeep\n|turn|5\n|\n|t:|1682476147\n|move|p2b: Amoonguss|Rage Powder|p2b: Amoonguss\n|-singleturn|p2b: Amoonguss|move: Rage Powder\n|cant|p1b: Scizor|slp\n|move|p1a: Ting-Lu|Fissure|p2b: Amoonguss|[miss]\n|-miss|p1a: Ting-Lu|p2b: Amoonguss\n|move|p2a: Ting-Lu|Fissure|p1a: Ting-Lu|[miss]\n|-miss|p2a: Ting-Lu|p1a: Ting-Lu\n|\n|-heal|p1a: Ting-Lu|100\/100 brn|[from] item: Leftovers\n|-damage|p1a: Ting-Lu|94\/100 brn|[from] brn\n|-damage|p2a: Ting-Lu|70\/100 brn|[from] brn\n|upkeep\n|turn|6\n|\n|t:|1682476161\n|move|p2b: Amoonguss|Rage Powder|p2b: Amoonguss\n|-singleturn|p2b: Amoonguss|move: Rage Powder\n|cant|p1b: Scizor|slp\n|move|p1a: Ting-Lu|Fissure|p2b: Amoonguss|[miss]\n|-miss|p1a: Ting-Lu|p2b: Amoonguss\n|move|p2a: Ting-Lu|Fissure|p1a: Ting-Lu|[miss]\n|-miss|p2a: Ting-Lu|p1a: Ting-Lu\n|\n|-heal|p1a: Ting-Lu|100\/100 brn|[from] item: Leftovers\n|-damage|p1a: Ting-Lu|94\/100 brn|[from] brn\n|-damage|p2a: Ting-Lu|64\/100 brn|[from] brn\n|upkeep\n|turn|7\n|\n|t:|1682476177\n|move|p2b: Amoonguss|Rage Powder|p2b: Amoonguss\n|-singleturn|p2b: Amoonguss|move: Rage Powder\n|cant|p1b: Scizor|slp\n|move|p1a: Ting-Lu|Fissure|p2b: Amoonguss|[miss]\n|-miss|p1a: Ting-Lu|p2b: Amoonguss\n|move|p2a: Ting-Lu|Fissure|p1a: Ting-Lu|[miss]\n|-miss|p2a: Ting-Lu|p1a: Ting-Lu\n|\n|-heal|p1a: Ting-Lu|100\/100 brn|[from] item: Leftovers\n|-damage|p1a: Ting-Lu|94\/100 brn|[from] brn\n|-damage|p2a: Ting-Lu|58\/100 brn|[from] brn\n|upkeep\n|turn|8\n|c|\u2606Mushtoast|oh man\n|\n|t:|1682476194\n|switch|p2b: Arcanine|Arcanine, L50, M|100\/100\n|-ability|p2b: Arcanine|Intimidate|boost\n|-unboost|p1a: Ting-Lu|atk|1\n|-unboost|p1b: Scizor|atk|1\n|-curestatus|p1b: Scizor|slp|[msg]\n|move|p1b: Scizor|Aerial Ace|p2b: Arcanine\n|-damage|p2b: Arcanine|73\/100\n|-damage|p1b: Scizor|81\/100|[from] item: Life Orb\n|move|p1a: Ting-Lu|Fissure|p2a: Ting-Lu|[miss]\n|-miss|p1a: Ting-Lu|p2a: Ting-Lu\n|move|p2a: Ting-Lu|Fissure|p1a: Ting-Lu\n|-damage|p1a: Ting-Lu|0 fnt\n|faint|p1a: Ting-Lu\n|-ohko\n|\n|-damage|p2a: Ting-Lu|52\/100 brn|[from] brn\n|upkeep\n|\n|t:|1682476213\n|switch|p1a: Palafin|Palafin-Hero, L50, M|100\/100\n|-activate|p1a: Palafin|ability: Zero to Hero\n|turn|9\n|\n|t:|1682476224\n|switch|p2b: Amoonguss|Amoonguss, L50, M|88\/100\n|-terastallize|p1a: Palafin|Water\n|move|p1a: Palafin|Wave Crash|p2b: Amoonguss\n|-resisted|p2b: Amoonguss\n|-damage|p2b: Amoonguss|39\/100\n|-damage|p1a: Palafin|80\/100|[from] Recoil\n|move|p1b: Scizor|U-turn|p2a: Ting-Lu\n|-supereffective|p2a: Ting-Lu\n|-damage|p2a: Ting-Lu|16\/100 brn\n|-enditem|p2a: Ting-Lu|Sitrus Berry|[eat]\n|-heal|p2a: Ting-Lu|41\/100 brn|[from] item: Sitrus Berry\n|-damage|p1b: Scizor|72\/100|[from] item: Life Orb\n|c|\u2606hpunk|1\/8\n|\n|t:|1682476233\n|switch|p1b: Arcanine|Arcanine, L50, M|100\/100|[from] U-turn\n|-ability|p1b: Arcanine|Intimidate|boost\n|-unboost|p2a: Ting-Lu|atk|1\n|-unboost|p2b: Amoonguss|atk|1\n|move|p2a: Ting-Lu|Stealth Rock|p1b: Arcanine\n|-sidestart|p1: Mushtoast|move: Stealth Rock\n|\n|-damage|p2a: Ting-Lu|34\/100 brn|[from] brn\n|upkeep\n|turn|10\n|\n|t:|1682476247\n|move|p1a: Palafin|Wave Crash|p2a: Ting-Lu\n|-supereffective|p2a: Ting-Lu\n|-damage|p2a: Ting-Lu|0 fnt\n|faint|p2a: Ting-Lu\n|-damage|p1a: Palafin|63\/100|[from] Recoil\n|move|p1b: Arcanine|Flare Blitz|p2b: Amoonguss\n|-supereffective|p2b: Amoonguss\n|-crit|p2b: Amoonguss\n|-damage|p2b: Amoonguss|0 fnt\n|faint|p2b: Amoonguss\n|-damage|p1b: Arcanine|84\/100|[from] Recoil\n|\n|upkeep\n|\n|t:|1682476250\n|switch|p2a: Arcanine|Arcanine, L50, M|73\/100\n|switch|p2b: Scream Tail|Scream Tail, L50|100\/100\n|-ability|p2a: Arcanine|Intimidate|boost\n|-unboost|p1a: Palafin|atk|1\n|-unboost|p1b: Arcanine|atk|1\n|turn|11\n|\n|t:|1682476268\n|switch|p1a: Scizor|Scizor, L50, M|72\/100\n|-damage|p1a: Scizor|59\/100|[from] Stealth Rock\n|-terastallize|p2a: Arcanine|Grass\n|move|p2b: Scream Tail|Dazzling Gleam|p1b: Arcanine|[spread] p1a,p1b\n|-resisted|p1a: Scizor\n|-resisted|p1b: Arcanine\n|-damage|p1a: Scizor|52\/100\n|-damage|p1b: Arcanine|76\/100\n|move|p1b: Arcanine|Will-O-Wisp|p2b: Scream Tail\n|-status|p2b: Scream Tail|brn\n|move|p2a: Arcanine|Will-O-Wisp|p1a: Scizor\n|-status|p1a: Scizor|brn\n|\n|-damage|p2b: Scream Tail|95\/100 brn|[from] brn\n|-damage|p1a: Scizor|46\/100 brn|[from] brn\n|upkeep\n|turn|12\n|inactive|Mushtoast has 30 seconds left.\n|\n|t:|1682476296\n|move|p2b: Scream Tail|Dazzling Gleam|p1a: Scizor|[spread] p1a,p1b\n|-resisted|p1a: Scizor\n|-resisted|p1b: Arcanine\n|-damage|p1a: Scizor|37\/100 brn\n|-damage|p1b: Arcanine|70\/100\n|move|p2a: Arcanine|Flare Blitz|p1a: Scizor\n|-supereffective|p1a: Scizor\n|-damage|p1a: Scizor|0 fnt\n|faint|p1a: Scizor\n|-damage|p2a: Arcanine|63\/100|[from] Recoil\n|move|p1b: Arcanine|Flare Blitz|p2a: Arcanine\n|-supereffective|p2a: Arcanine\n|-damage|p2a: Arcanine|0 fnt\n|faint|p2a: Arcanine\n|-damage|p1b: Arcanine|46\/100|[from] Recoil\n|\n|-damage|p2b: Scream Tail|89\/100 brn|[from] brn\n|upkeep\n|\n|t:|1682476304\n|switch|p1a: Palafin|Palafin-Hero, L50, M, tera:Water|63\/100\n|-damage|p1a: Palafin|51\/100|[from] Stealth Rock\n|turn|13\n|\n|t:|1682476310\n|move|p1a: Palafin|Wave Crash|p2b: Scream Tail\n|-damage|p2b: Scream Tail|13\/100 brn\n|-enditem|p2b: Scream Tail|Iapapa Berry|[eat]\n|-heal|p2b: Scream Tail|46\/100 brn|[from] item: Iapapa Berry\n|-damage|p1a: Palafin|20\/100|[from] Recoil\n|move|p2b: Scream Tail|Dazzling Gleam|p1a: Palafin|[spread] p1a,p1b\n|-resisted|p1b: Arcanine\n|-damage|p1a: Palafin|2\/100\n|-damage|p1b: Arcanine|39\/100\n|move|p1b: Arcanine|Flare Blitz|p2b: Scream Tail\n|-damage|p2b: Scream Tail|22\/100 brn\n|-damage|p1b: Arcanine|28\/100|[from] Recoil\n|\n|-damage|p2b: Scream Tail|16\/100 brn|[from] brn\n|upkeep\n|turn|14\n|c|\u2606Mushtoast|ggs\n|\n|t:|1682476326\n|move|p1a: Palafin|Wave Crash|p2b: Scream Tail\n|-damage|p2b: Scream Tail|0 fnt\n|faint|p2b: Scream Tail\n|-end|p2b: Scream Tail|Protosynthesis|[silent]\n|-damage|p1a: Palafin|0 fnt|[from] Recoil\n|faint|p1a: Palafin\n|\n|win|Mushtoast\n|raw|Mushtoast's rating: 1113 → 1144<\/strong> (+31 for winning)\n|raw|hpunk's rating: 1195 → 1164<\/strong> (-31 for losing)\n|c|\u2606hpunk|gg\n","uploadtime":1682476335,"views":9,"p1id":"mushtoast","p2id":"hpunk","formatid":"gen9vgc2023regulationc","rating":1144,"private":0,"password":""}