{"id":"gen9vgc2023regulationc-1847916321","p1":"Sotero23","p2":"MasterofMetapods5","format":"[Gen 9] VGC 2023 Regulation C","log":"|j|\u2606Sotero23\n|j|\u2606MasterofMetapods5\n|t:|1682012443\n|gametype|doubles\n|player|p1|Sotero23|veteran|\n|player|p2|MasterofMetapods5|lance|\n|teamsize|p1|6\n|teamsize|p2|6\n|gen|9\n|tier|[Gen 9] VGC 2023 Regulation C\n|rated|Tournament battle\n|rule|Species Clause: Limit one of each Pok\u00e9mon\n|rule|Item Clause: Limit one of each item\n|clearpoke\n|poke|p1|Scizor, L50, M|\n|poke|p1|Gothitelle, L50, M|\n|poke|p1|Chi-Yu, L50|\n|poke|p1|Dragonite, L50, F|\n|poke|p1|Amoonguss, L50, M|\n|poke|p1|Flutter Mane, L50|\n|poke|p2|Arcanine, L50, M|\n|poke|p2|Ting-Lu, L50|\n|poke|p2|Amoonguss, L50, M|\n|poke|p2|Gothitelle, L50, F|\n|poke|p2|Sylveon, L50, F|\n|poke|p2|Palafin, L50, M|\n|teampreview|4\n|j|%Borghi\nSotero23 has agreed to open team sheets.\nMasterofMetapods5 has agreed to open team sheets.\n|l|%Borghi\n|\n|t:|1682012501\n|start\n|switch|p1a: Gothitelle|Gothitelle, L50, M|100\/100\n|switch|p1b: Flutter Mane|Flutter Mane, L50|100\/100\n|switch|p2a: Palafin|Palafin, L50, M|100\/100\n|switch|p2b: Arcanine|Arcanine, L50, M|100\/100\n|-ability|p2b: Arcanine|Intimidate|boost\n|-unboost|p1a: Gothitelle|atk|1\n|-unboost|p1b: Flutter Mane|atk|1\n|-enditem|p1b: Flutter Mane|Booster Energy\n|-activate|p1b: Flutter Mane|ability: Protosynthesis|[fromitem]\n|-start|p1b: Flutter Mane|protosynthesisspa\n|turn|1\n|j| TypicalAndyy\n|\n|t:|1682012537\n|move|p1a: Gothitelle|Helping Hand|p1b: Flutter Mane\n|-singleturn|p1b: Flutter Mane|Helping Hand|[of] p1a: Gothitelle\n|move|p2b: Arcanine|Protect|p2b: Arcanine\n|-singleturn|p2b: Arcanine|Protect\n|move|p2a: Palafin|Protect|p2a: Palafin\n|-singleturn|p2a: Palafin|Protect\n|move|p1b: Flutter Mane|Moonblast|p2a: Palafin\n|-activate|p2a: Palafin|move: Protect\n|\n|upkeep\n|turn|2\n|\n|t:|1682012557\n|move|p1b: Flutter Mane|Protect|p1b: Flutter Mane\n|-singleturn|p1b: Flutter Mane|Protect\n|move|p2a: Palafin|Jet Punch|p1b: Flutter Mane\n|-activate|p1b: Flutter Mane|move: Protect\n|move|p2b: Arcanine|Flare Blitz|p1b: Flutter Mane\n|-activate|p1b: Flutter Mane|move: Protect\n|move|p1a: Gothitelle|Psychic|p2b: Arcanine\n|-damage|p2b: Arcanine|65\/100\n|\n|upkeep\n|turn|3\n|\n|t:|1682012579\n|move|p1a: Gothitelle|Helping Hand|p1b: Flutter Mane\n|-singleturn|p1b: Flutter Mane|Helping Hand|[of] p1a: Gothitelle\n|move|p2a: Palafin|Jet Punch|p1b: Flutter Mane\n|-damage|p1b: Flutter Mane|54\/100\n|move|p1b: Flutter Mane|Shadow Ball|p2b: Arcanine\n|-damage|p2b: Arcanine|0 fnt\n|faint|p2b: Arcanine\n|\n|upkeep\n|\n|t:|1682012584\n|switch|p2b: Sylveon|Sylveon, L50, F|100\/100\n|turn|4\n|\n|t:|1682012605\n|move|p1b: Flutter Mane|Protect|p1b: Flutter Mane\n|-singleturn|p1b: Flutter Mane|Protect\n|move|p2a: Palafin|Protect|p2a: Palafin\n|-singleturn|p2a: Palafin|Protect\n|move|p1a: Gothitelle|Protect|p1a: Gothitelle\n|-singleturn|p1a: Gothitelle|Protect\n|move|p2b: Sylveon|Hyper Voice|p1a: Gothitelle|[spread] \n|-activate|p1a: Gothitelle|move: Protect\n|-activate|p1b: Flutter Mane|move: Protect\n|\n|upkeep\n|turn|5\n|\n|t:|1682012617\n|-terastallize|p2a: Palafin|Water\n|move|p1a: Gothitelle|Helping Hand|p1b: Flutter Mane\n|-singleturn|p1b: Flutter Mane|Helping Hand|[of] p1a: Gothitelle\n|move|p2a: Palafin|Jet Punch|p1b: Flutter Mane\n|-damage|p1b: Flutter Mane|0 fnt\n|faint|p1b: Flutter Mane\n|-end|p1b: Flutter Mane|Protosynthesis|[silent]\n|move|p2b: Sylveon|Yawn|p1a: Gothitelle\n|-start|p1a: Gothitelle|move: Yawn|[of] p2b: Sylveon\n|\n|upkeep\n|\n|t:|1682012625\n|switch|p1b: Dragonite|Dragonite, L50, F|100\/100\n|turn|6\n|\n|t:|1682012655\n|-terastallize|p1b: Dragonite|Normal\n|move|p1a: Gothitelle|Helping Hand|p1b: Dragonite\n|-singleturn|p1b: Dragonite|Helping Hand|[of] p1a: Gothitelle\n|move|p1b: Dragonite|Extreme Speed|p2b: Sylveon\n|-damage|p2b: Sylveon|26\/100\n|move|p2a: Palafin|Jet Punch|p1b: Dragonite\n|-damage|p1b: Dragonite|65\/100\n|move|p2b: Sylveon|Hyper Voice|p1a: Gothitelle|[spread] p1a,p1b\n|-damage|p1a: Gothitelle|66\/100\n|-damage|p1b: Dragonite|32\/100\n|-enditem|p2b: Sylveon|Throat Spray\n|-boost|p2b: Sylveon|spa|1|[from] item: Throat Spray\n|\n|-heal|p1a: Gothitelle|72\/100|[from] item: Leftovers\n|-end|p1a: Gothitelle|move: Yawn|[silent]\n|-status|p1a: Gothitelle|slp\n|upkeep\n|turn|7\n|\n|t:|1682012683\n|move|p1b: Dragonite|Protect|p1b: Dragonite\n|-singleturn|p1b: Dragonite|Protect\n|move|p2b: Sylveon|Detect|p2b: Sylveon\n|-singleturn|p2b: Sylveon|Protect\n|move|p2a: Palafin|Jet Punch|p1b: Dragonite\n|-activate|p1b: Dragonite|move: Protect\n|cant|p1a: Gothitelle|slp\n|\n|-heal|p1a: Gothitelle|78\/100 slp|[from] item: Leftovers\n|upkeep\n|turn|8\n|\n|t:|1682012693\n|move|p1b: Dragonite|Extreme Speed|p2b: Sylveon\n|-damage|p2b: Sylveon|0 fnt\n|faint|p2b: Sylveon\n|move|p2a: Palafin|Jet Punch|p1b: Dragonite\n|-damage|p1b: Dragonite|0 fnt\n|faint|p1b: Dragonite\n|-curestatus|p1a: Gothitelle|slp|[msg]\n|move|p1a: Gothitelle|Psychic|p2a: Palafin\n|-damage|p2a: Palafin|63\/100\n|-unboost|p2a: Palafin|spd|1\n|\n|-heal|p1a: Gothitelle|83\/100|[from] item: Leftovers\n|upkeep\n|\n|t:|1682012699\n|switch|p1b: Scizor|Scizor, L50, M|100\/100\n|switch|p2b: Gothitelle|Gothitelle, L50, F|100\/100\n|turn|9\n|\n|t:|1682012715\n|move|p1b: Scizor|Protect|p1b: Scizor\n|-singleturn|p1b: Scizor|Protect\n|move|p2b: Gothitelle|Fake Out|p1b: Scizor\n|-activate|p1b: Scizor|move: Protect\n|move|p2a: Palafin|Wave Crash|p1b: Scizor\n|-activate|p1b: Scizor|move: Protect\n|move|p1a: Gothitelle|Psychic|p2a: Palafin\n|-damage|p2a: Palafin|0 fnt\n|faint|p2a: Palafin\n|\n|-heal|p1a: Gothitelle|89\/100|[from] item: Leftovers\n|upkeep\n|turn|10\n|-message|MasterofMetapods5 forfeited.\n|\n|win|Sotero23\n|n|\u2606Sotero23|sotero23\n|n|\u2606MasterofMetapods5|masterofmetapods5\n|n| TypicalAndyy|typicalandyy\n|l|\u2606MasterofMetapods5\n|l| TypicalAndyy\n","uploadtime":1682012891,"views":11,"p1id":"sotero23","p2id":"masterofmetapods5","formatid":"gen9vgc2023regulationc","rating":0,"private":0,"password":""}