{"id":"gen9vgc2023regulationc-1846364342","p1":"Lil Tic","p2":"mtschmucker","format":"[Gen 9] VGC 2023 Regulation C","log":"|j|\u2606Lil Tic\n|j|\u2606mtschmucker\n|t:|1681834937\n|gametype|doubles\n|player|p1|Lil Tic|ninjaboy|1367\n|player|p2|mtschmucker|psychic-gen4|1281\n|teamsize|p1|6\n|teamsize|p2|6\n|gen|9\n|tier|[Gen 9] VGC 2023 Regulation C\n|rated|\n|rule|Species Clause: Limit one of each Pok\u00e9mon\n|rule|Item Clause: Limit one of each item\n|clearpoke\n|poke|p1|Flutter Mane, L50|\n|poke|p1|Glimmora, L50, F|\n|poke|p1|Wo-Chien, L50|\n|poke|p1|Ting-Lu, L50|\n|poke|p1|Chi-Yu, L50|\n|poke|p1|Gyarados, L50, F|\n|poke|p2|Maushold-Four, L50|\n|poke|p2|Sandy Shocks, L50|\n|poke|p2|Espathra, L50, M|\n|poke|p2|Chien-Pao, L50|\n|poke|p2|Palafin, L50, M|\n|poke|p2|Iron Bundle, L50|\n|teampreview|4\nmtschmucker has agreed to open team sheets.\nLil Tic has agreed to open team sheets.\n|\n|t:|1681834997\n|start\n|switch|p1a: Glimmora|Glimmora, L50, F|100\/100\n|switch|p1b: Wo-Chien|Wo-Chien, L50|100\/100\n|switch|p2a: Sandy Shocks|Sandy Shocks, L50|100\/100\n|switch|p2b: Espathra|Espathra, L50, M|100\/100\n|-ability|p1b: Wo-Chien|Tablets of Ruin\n|-enditem|p2a: Sandy Shocks|Booster Energy\n|-activate|p2a: Sandy Shocks|ability: Protosynthesis|[fromitem]\n|-start|p2a: Sandy Shocks|protosynthesisspe\n|turn|1\n|\n|t:|1681835026\n|move|p2a: Sandy Shocks|Gravity|p2a: Sandy Shocks\n|-fieldstart|move: Gravity\n|move|p2b: Espathra|Hypnosis|p1a: Glimmora\n|-status|p1a: Glimmora|slp|[from] move: Hypnosis\n|cant|p1a: Glimmora|slp\n|move|p1b: Wo-Chien|Pollen Puff|p2b: Espathra\n|-supereffective|p2b: Espathra\n|-damage|p2b: Espathra|35\/100\n|-enditem|p2b: Espathra|Sitrus Berry|[eat]\n|-heal|p2b: Espathra|59\/100|[from] item: Sitrus Berry\n|\n|-ability|p2b: Espathra|Speed Boost|boost\n|-boost|p2b: Espathra|spe|1\n|upkeep\n|turn|2\n|\n|t:|1681835056\n|-terastallize|p1a: Glimmora|Grass\n|move|p1b: Wo-Chien|Protect|p1b: Wo-Chien\n|-singleturn|p1b: Wo-Chien|Protect\n|move|p2a: Sandy Shocks|Earth Power|p1a: Glimmora\n|-resisted|p1a: Glimmora\n|-damage|p1a: Glimmora|68\/100 slp\n|move|p2b: Espathra|Hypnosis|p1b: Wo-Chien\n|-activate|p1b: Wo-Chien|move: Protect\n|cant|p1a: Glimmora|slp\n|\n|-ability|p2b: Espathra|Speed Boost|boost\n|-boost|p2b: Espathra|spe|1\n|upkeep\n|turn|3\n|\n|t:|1681835075\n|move|p2b: Espathra|Hypnosis|p1b: Wo-Chien\n|-status|p1b: Wo-Chien|slp|[from] move: Hypnosis\n|move|p2a: Sandy Shocks|Thunder|p1a: Glimmora\n|-resisted|p1a: Glimmora\n|-damage|p1a: Glimmora|28\/100 slp\n|-curestatus|p1a: Glimmora|slp|[msg]\n|move|p1a: Glimmora|Mortal Spin|p2a: Sandy Shocks|[spread] p2a,p2b\n|-resisted|p2a: Sandy Shocks\n|-damage|p2a: Sandy Shocks|99\/100\n|-damage|p2b: Espathra|53\/100\n|-status|p2a: Sandy Shocks|psn\n|-status|p2b: Espathra|psn\n|cant|p1b: Wo-Chien|slp\n|\n|-damage|p2b: Espathra|41\/100 psn|[from] psn\n|-damage|p2a: Sandy Shocks|87\/100 psn|[from] psn\n|-ability|p2b: Espathra|Speed Boost|boost\n|-boost|p2b: Espathra|spe|1\n|upkeep\n|turn|4\n|\n|t:|1681835109\n|-end|p2a: Sandy Shocks|Protosynthesis|[silent]\n|switch|p2a: Iron Bundle|Iron Bundle, L50|100\/100\n|move|p1a: Glimmora|Spiky Shield|p1a: Glimmora\n|-singleturn|p1a: Glimmora|move: Protect\n|move|p2b: Espathra|Lumina Crash|p1a: Glimmora\n|-activate|p1a: Glimmora|move: Protect\n|-curestatus|p1b: Wo-Chien|slp|[msg]\n|move|p1b: Wo-Chien|Leech Seed|p2a: Iron Bundle\n|-start|p2a: Iron Bundle|move: Leech Seed\n|\n|-damage|p2a: Iron Bundle|88\/100|[from] Leech Seed|[of] p1b: Wo-Chien\n|-damage|p2b: Espathra|29\/100 psn|[from] psn\n|-ability|p2b: Espathra|Speed Boost|boost\n|-boost|p2b: Espathra|spe|1\n|upkeep\n|turn|5\n|\n|t:|1681835134\n|switch|p2b: Sandy Shocks|Sandy Shocks, L50|87\/100 psn\n|switch|p1a: Gyarados|Gyarados, L50, F|100\/100\n|-ability|p1a: Gyarados|Intimidate|boost\n|-unboost|p2a: Iron Bundle|atk|1\n|-unboost|p2b: Sandy Shocks|atk|1\n|-terastallize|p2a: Iron Bundle|Ice\n|move|p1b: Wo-Chien|Protect|p1b: Wo-Chien\n|-singleturn|p1b: Wo-Chien|Protect\n|move|p2a: Iron Bundle|Blizzard|p1b: Wo-Chien|[spread] p1a\n|-activate|p1b: Wo-Chien|move: Protect\n|-damage|p1a: Gyarados|56\/100\n|\n|-damage|p2a: Iron Bundle|76\/100|[from] Leech Seed|[of] p1b: Wo-Chien\n|-damage|p2b: Sandy Shocks|75\/100 psn|[from] psn\n|-fieldend|move: Gravity\n|upkeep\n|turn|6\n|\n|t:|1681835169\n|switch|p1a: Ting-Lu|Ting-Lu, L50|100\/100\n|-ability|p1a: Ting-Lu|Vessel of Ruin\n|move|p2a: Iron Bundle|Freeze-Dry|p1a: Ting-Lu\n|-supereffective|p1a: Ting-Lu\n|-damage|p1a: Ting-Lu|61\/100\n|move|p2b: Sandy Shocks|Gravity|p2b: Sandy Shocks\n|-fieldstart|move: Gravity\n|move|p1b: Wo-Chien|Foul Play|p2a: Iron Bundle\n|-damage|p2a: Iron Bundle|60\/100\n|\n|-damage|p2a: Iron Bundle|48\/100|[from] Leech Seed|[of] p1b: Wo-Chien\n|-damage|p2b: Sandy Shocks|63\/100 psn|[from] psn\n|upkeep\n|turn|7\n|\n|t:|1681835194\n|-end|p2b: Sandy Shocks|Protosynthesis|[silent]\n|switch|p2b: Maushold|Maushold-Four, L50|100\/100\n|move|p2a: Iron Bundle|Blizzard|p1b: Wo-Chien|[spread] p1a,p1b\n|-supereffective|p1a: Ting-Lu\n|-supereffective|p1b: Wo-Chien\n|-damage|p1a: Ting-Lu|15\/100\n|-damage|p1b: Wo-Chien|42\/100\n|move|p1b: Wo-Chien|Pollen Puff|p1a: Ting-Lu\n|-heal|p1a: Ting-Lu|65\/100\n|move|p1a: Ting-Lu|Heavy Slam|p2a: Iron Bundle\n|-supereffective|p2a: Iron Bundle\n|-damage|p2a: Iron Bundle|0 fnt\n|faint|p2a: Iron Bundle\n|-end|p2a: Iron Bundle|Quark Drive|[silent]\n|\n|-heal|p1b: Wo-Chien|48\/100|[from] item: Leftovers\n|upkeep\n|\n|t:|1681835218\n|switch|p2a: Espathra|Espathra, L50, M|29\/100 psn\n|turn|8\n|\n|t:|1681835235\n|move|p1b: Wo-Chien|Protect|p1b: Wo-Chien\n|-singleturn|p1b: Wo-Chien|Protect\n|move|p2b: Maushold|Population Bomb|p1a: Ting-Lu\n|-damage|p1a: Ting-Lu|58\/100\n|-damage|p1a: Ting-Lu|50\/100\n|-damage|p1a: Ting-Lu|44\/100\n|-damage|p1a: Ting-Lu|37\/100\n|-damage|p1a: Ting-Lu|31\/100\n|-damage|p1a: Ting-Lu|25\/100\n|-damage|p1a: Ting-Lu|17\/100\n|-damage|p1a: Ting-Lu|10\/100\n|-damage|p1a: Ting-Lu|3\/100\n|-damage|p1a: Ting-Lu|0 fnt\n|faint|p1a: Ting-Lu\n|-hitcount|p1: Ting-Lu|10\n|move|p2a: Espathra|Hypnosis|p1b: Wo-Chien\n|-activate|p1b: Wo-Chien|move: Protect\n|\n|-heal|p1b: Wo-Chien|55\/100|[from] item: Leftovers\n|-damage|p2a: Espathra|16\/100 psn|[from] psn\n|-ability|p2a: Espathra|Speed Boost|boost\n|-boost|p2a: Espathra|spe|1\n|upkeep\n|\n|t:|1681835241\n|switch|p1a: Gyarados|Gyarados, L50, F|56\/100\n|-ability|p1a: Gyarados|Intimidate|boost\n|-unboost|p2a: Espathra|atk|1\n|-unboost|p2b: Maushold|atk|1\n|turn|9\n|\n|t:|1681835272\n|move|p1b: Wo-Chien|Protect||[still]\n|-fail|p1b: Wo-Chien\n|move|p2a: Espathra|Hypnosis|p1a: Gyarados\n|-status|p1a: Gyarados|slp|[from] move: Hypnosis\n|move|p2b: Maushold|Population Bomb|p1b: Wo-Chien\n|-damage|p1b: Wo-Chien|48\/100\n|-damage|p1b: Wo-Chien|41\/100\n|-damage|p1b: Wo-Chien|33\/100\n|-damage|p1b: Wo-Chien|27\/100\n|-damage|p1b: Wo-Chien|20\/100\n|-damage|p1b: Wo-Chien|12\/100\n|-crit|p1b: Wo-Chien\n|-damage|p1b: Wo-Chien|0 fnt\n|faint|p1b: Wo-Chien\n|-hitcount|p1: Wo-Chien|7\n|cant|p1a: Gyarados|slp\n|\n|-damage|p2a: Espathra|4\/100 psn|[from] psn\n|-ability|p2a: Espathra|Speed Boost|boost\n|-boost|p2a: Espathra|spe|1\n|upkeep\n|\n|t:|1681835277\n|switch|p1b: Glimmora|Glimmora, L50, F, tera:Grass|28\/100\n|turn|10\n|\n|t:|1681835316\n|move|p1b: Glimmora|Spiky Shield|p1b: Glimmora\n|-singleturn|p1b: Glimmora|move: Protect\n|move|p2a: Espathra|Lumina Crash|p1b: Glimmora\n|-activate|p1b: Glimmora|move: Protect\n|move|p2b: Maushold|Population Bomb|p1a: Gyarados\n|-damage|p1a: Gyarados|46\/100 slp\n|-enditem|p1a: Gyarados|Sitrus Berry|[eat]\n|-heal|p1a: Gyarados|70\/100 slp|[from] item: Sitrus Berry\n|-damage|p1a: Gyarados|60\/100 slp\n|-damage|p1a: Gyarados|50\/100 slp\n|-damage|p1a: Gyarados|40\/100 slp\n|-damage|p1a: Gyarados|29\/100 slp\n|-damage|p1a: Gyarados|19\/100 slp\n|-damage|p1a: Gyarados|10\/100 slp\n|-damage|p1a: Gyarados|0 fnt\n|faint|p1a: Gyarados\n|-hitcount|p1: Gyarados|8\n|\n|-damage|p2a: Espathra|0 fnt|[from] psn\n|faint|p2a: Espathra\n|-fieldend|move: Gravity\n|upkeep\n|\n|t:|1681835318\n|switch|p2a: Sandy Shocks|Sandy Shocks, L50|63\/100 psn\n|turn|11\n|c|\u2606Lil Tic|gg\n|c|\u2606mtschmucker|gg\n|\n|t:|1681835330\n|move|p2b: Maushold|Population Bomb|p1b: Glimmora\n|-damage|p1b: Glimmora|14\/100\n|-activate|p1b: Glimmora|ability: Toxic Debris\n|-sidestart|p2: mtschmucker|move: Toxic Spikes\n|-damage|p1b: Glimmora|1\/100\n|-activate|p1b: Glimmora|ability: Toxic Debris\n|-sidestart|p2: mtschmucker|move: Toxic Spikes\n|-crit|p1b: Glimmora\n|-damage|p1b: Glimmora|0 fnt\n|faint|p1b: Glimmora\n|-hitcount|p1: Glimmora|3\n|\n|win|mtschmucker\n|raw|Lil Tic's rating: 1367 → 1342<\/strong> (-25 for losing)\n|raw|mtschmucker's rating: 1281 → 1312<\/strong> (+31 for winning)\n|l|\u2606Lil Tic\n","uploadtime":1681835336,"views":13,"p1id":"liltic","p2id":"mtschmucker","formatid":"gen9vgc2023regulationc","rating":1312,"private":0,"password":""}