{"id":"gen9vgc2023regulationc-1848955828","p1":"Alexis_student","p2":"Zerowen","format":"[Gen 9] VGC 2023 Regulation C","log":"|j|\u2606Alexis_student\n|j|\u2606Zerowen\n|t:|1682130812\n|gametype|doubles\n|player|p1|Alexis_student|266|1207\n|player|p2|Zerowen|ingo|1296\n|teamsize|p1|6\n|teamsize|p2|6\n|gen|9\n|tier|[Gen 9] VGC 2023 Regulation C\n|rated|\n|rule|Species Clause: Limit one of each Pok\u00e9mon\n|rule|Item Clause: Limit one of each item\n|clearpoke\n|poke|p1|Amoonguss, L50, M|\n|poke|p1|Palafin, L50, M|\n|poke|p1|Arcanine, L50, M|\n|poke|p1|Flutter Mane, L50|\n|poke|p1|Baxcalibur, L50, M|\n|poke|p1|Ting-Lu, L50|\n|poke|p2|Gastrodon, L50, F|\n|poke|p2|Gothitelle, L50, M|\n|poke|p2|Flutter Mane, L50|\n|poke|p2|Arcanine, L50, F|\n|poke|p2|Roaring Moon, L50|\n|poke|p2|Amoonguss, L50, F|\n|teampreview|4\n|\n|t:|1682130872\n|start\n|switch|p1a: Ting-Lu|Ting-Lu, L50|100\/100\n|switch|p1b: Baxcalibur|Baxcalibur, L50, M|100\/100\n|switch|p2a: \ud83d\udc9c\ud83d\udc93\ud83d\udc9c|Flutter Mane, L50|100\/100\n|switch|p2b: RK9|Arcanine, L50, F|100\/100\n|-ability|p2b: RK9|Intimidate|boost\n|-unboost|p1a: Ting-Lu|atk|1\n|-fail|p1b: Baxcalibur|unboost|[from] item: Clear Amulet|[of] p1b: Baxcalibur\n|-ability|p1a: Ting-Lu|Vessel of Ruin\n|turn|1\n|\n|t:|1682130898\n|switch|p2b: Gothitelle|Gothitelle, L50, M|100\/100\n|switch|p1a: Arcanine|Arcanine, L50, M|100\/100\n|-ability|p1a: Arcanine|Intimidate|boost\n|-unboost|p2a: \ud83d\udc9c\ud83d\udc93\ud83d\udc9c|atk|1\n|-unboost|p2b: Gothitelle|atk|1\n|-terastallize|p1b: Baxcalibur|Water\n|move|p2a: \ud83d\udc9c\ud83d\udc93\ud83d\udc9c|Perish Song|p2a: \ud83d\udc9c\ud83d\udc93\ud83d\udc9c\n|-start|p1a: Arcanine|perish3|[silent]\n|-start|p1b: Baxcalibur|perish3|[silent]\n|-start|p2a: \ud83d\udc9c\ud83d\udc93\ud83d\udc9c|perish3|[silent]\n|-start|p2b: Gothitelle|perish3|[silent]\n|-fieldactivate|move: Perish Song\n|move|p1b: Baxcalibur|Icicle Crash|p2a: \ud83d\udc9c\ud83d\udc93\ud83d\udc9c|[miss]\n|-miss|p1b: Baxcalibur|p2a: \ud83d\udc9c\ud83d\udc93\ud83d\udc9c\n|\n|-start|p2a: \ud83d\udc9c\ud83d\udc93\ud83d\udc9c|perish3\n|-start|p1a: Arcanine|perish3\n|-start|p1b: Baxcalibur|perish3\n|-start|p2b: Gothitelle|perish3\n|upkeep\n|turn|2\n|\n|t:|1682130930\n|-end|p2a: \ud83d\udc9c\ud83d\udc93\ud83d\udc9c|Protosynthesis|[silent]\n|switch|p2a: RK9|Arcanine, L50, F|100\/100\n|-ability|p2a: RK9|Intimidate|boost\n|-unboost|p1a: Arcanine|atk|1\n|-fail|p1b: Baxcalibur|unboost|[from] item: Clear Amulet|[of] p1b: Baxcalibur\n|move|p2b: Gothitelle|Fake Out|p1b: Baxcalibur\n|-damage|p1b: Baxcalibur|97\/100\n|move|p1a: Arcanine|Flare Blitz|p2a: RK9\n|-resisted|p2a: RK9\n|-damage|p2a: RK9|83\/100\n|-damage|p1a: Arcanine|95\/100|[from] Recoil\n|cant|p1b: Baxcalibur|flinch\n|\n|-start|p1a: Arcanine|perish2\n|-start|p1b: Baxcalibur|perish2\n|-start|p2b: Gothitelle|perish2\n|upkeep\n|turn|3\n|\n|t:|1682130957\n|move|p2a: RK9|Protect|p2a: RK9\n|-singleturn|p2a: RK9|Protect\n|move|p2b: Gothitelle|Protect|p2b: Gothitelle\n|-singleturn|p2b: Gothitelle|Protect\n|move|p1a: Arcanine|Extreme Speed|p2b: Gothitelle\n|-activate|p2b: Gothitelle|move: Protect\n|move|p1b: Baxcalibur|Glaive Rush|p2a: RK9\n|-activate|p2a: RK9|move: Protect\n|\n|-start|p1a: Arcanine|perish1\n|-start|p1b: Baxcalibur|perish1\n|-start|p2b: Gothitelle|perish1\n|upkeep\n|turn|4\n|\n|t:|1682130983\n|switch|p2a: Gastrodon|Gastrodon, L50, F|100\/100\n|move|p2b: Gothitelle|Protect||[still]\n|-fail|p2b: Gothitelle\n|move|p1a: Arcanine|Will-O-Wisp|p2b: Gothitelle\n|-status|p2b: Gothitelle|brn\n|move|p1b: Baxcalibur|Glaive Rush|p2b: Gothitelle\n|-damage|p2b: Gothitelle|43\/100 brn\n|-singlemove|p1b: Baxcalibur|Glaive Rush|[silent]\n|\n|-damage|p2b: Gothitelle|37\/100 brn|[from] brn\n|-start|p1a: Arcanine|perish0\n|-start|p1b: Baxcalibur|perish0\n|-start|p2b: Gothitelle|perish0\n|upkeep\n|faint|p1a: Arcanine\n|faint|p1b: Baxcalibur\n|faint|p2b: Gothitelle\n|\n|t:|1682131004\n|switch|p1a: Ting-Lu|Ting-Lu, L50|100\/100\n|switch|p1b: Amoonguss|Amoonguss, L50, M|100\/100\n|switch|p2b: \ud83d\udc9c\ud83d\udc93\ud83d\udc9c|Flutter Mane, L50|100\/100\n|-ability|p1a: Ting-Lu|Vessel of Ruin\n|turn|5\n|\n|t:|1682131024\n|move|p2b: \ud83d\udc9c\ud83d\udc93\ud83d\udc9c|Perish Song|p2b: \ud83d\udc9c\ud83d\udc93\ud83d\udc9c\n|-start|p1a: Ting-Lu|perish3|[silent]\n|-start|p1b: Amoonguss|perish3|[silent]\n|-start|p2a: Gastrodon|perish3|[silent]\n|-start|p2b: \ud83d\udc9c\ud83d\udc93\ud83d\udc9c|perish3|[silent]\n|-fieldactivate|move: Perish Song\n|move|p1a: Ting-Lu|Heavy Slam|p2b: \ud83d\udc9c\ud83d\udc93\ud83d\udc9c\n|-supereffective|p2b: \ud83d\udc9c\ud83d\udc93\ud83d\udc9c\n|-enditem|p2b: \ud83d\udc9c\ud83d\udc93\ud83d\udc9c|Focus Sash\n|-damage|p2b: \ud83d\udc9c\ud83d\udc93\ud83d\udc9c|1\/100\n|move|p2a: Gastrodon|Yawn|p1a: Ting-Lu\n|-start|p1a: Ting-Lu|move: Yawn|[of] p2a: Gastrodon\n|move|p1b: Amoonguss|Spore|p2b: \ud83d\udc9c\ud83d\udc93\ud83d\udc9c\n|-status|p2b: \ud83d\udc9c\ud83d\udc93\ud83d\udc9c|slp|[from] move: Spore\n|\n|-start|p2b: \ud83d\udc9c\ud83d\udc93\ud83d\udc9c|perish3\n|-start|p1a: Ting-Lu|perish3\n|-start|p2a: Gastrodon|perish3\n|-start|p1b: Amoonguss|perish3\n|upkeep\n|turn|6\n|\n|t:|1682131054\n|switch|p2a: RK9|Arcanine, L50, F|83\/100\n|-ability|p2a: RK9|Intimidate|boost\n|-unboost|p1a: Ting-Lu|atk|1\n|-unboost|p1b: Amoonguss|atk|1\n|cant|p2b: \ud83d\udc9c\ud83d\udc93\ud83d\udc9c|slp\n|move|p1a: Ting-Lu|Ruination|p2a: RK9\n|-damage|p2a: RK9|42\/100\n|move|p1b: Amoonguss|Pollen Puff|p2b: \ud83d\udc9c\ud83d\udc93\ud83d\udc9c\n|-resisted|p2b: \ud83d\udc9c\ud83d\udc93\ud83d\udc9c\n|-damage|p2b: \ud83d\udc9c\ud83d\udc93\ud83d\udc9c|0 fnt\n|faint|p2b: \ud83d\udc9c\ud83d\udc93\ud83d\udc9c\n|-end|p2b: \ud83d\udc9c\ud83d\udc93\ud83d\udc9c|Protosynthesis|[silent]\n|\n|-end|p1a: Ting-Lu|move: Yawn|[silent]\n|-status|p1a: Ting-Lu|slp\n|-start|p1a: Ting-Lu|perish2\n|-start|p1b: Amoonguss|perish2\n|upkeep\n|\n|t:|1682131065\n|switch|p2b: Gastrodon|Gastrodon, L50, F|100\/100\n|turn|7\n|\n|t:|1682131097\n|-terastallize|p2b: Gastrodon|Grass\n|move|p2a: RK9|Flare Blitz|p1b: Amoonguss\n|-supereffective|p1b: Amoonguss\n|-damage|p1b: Amoonguss|18\/100\n|-enditem|p1b: Amoonguss|Sitrus Berry|[eat]\n|-heal|p1b: Amoonguss|43\/100|[from] item: Sitrus Berry\n|-damage|p2a: RK9|12\/100|[from] Recoil\n|cant|p1a: Ting-Lu|slp\n|move|p2b: Gastrodon|Ice Beam|p1b: Amoonguss\n|-supereffective|p1b: Amoonguss\n|-damage|p1b: Amoonguss|7\/100\n|move|p1b: Amoonguss|Spore|p2b: Gastrodon\n|-immune|p2b: Gastrodon\n|\n|-start|p1a: Ting-Lu|perish1\n|-start|p1b: Amoonguss|perish1\n|upkeep\n|turn|8\n|\n|t:|1682131134\n|move|p2a: RK9|Protect|p2a: RK9\n|-singleturn|p2a: RK9|Protect\n|move|p2b: Gastrodon|Protect|p2b: Gastrodon\n|-singleturn|p2b: Gastrodon|Protect\n|cant|p1a: Ting-Lu|slp\n|move|p1b: Amoonguss|Pollen Puff|p2b: Gastrodon\n|-activate|p2b: Gastrodon|move: Protect\n|\n|-start|p1a: Ting-Lu|perish0\n|-start|p1b: Amoonguss|perish0\n|faint|p1a: Ting-Lu\n|faint|p1b: Amoonguss\n|\n|win|Zerowen\n|upkeep\n|raw|Alexis_student's rating: 1207 → 1188<\/strong> (-19 for losing)\n|raw|Zerowen's rating: 1296 → 1315<\/strong> (+19 for winning)\n|l|\u2606Zerowen\n","uploadtime":1682131160,"views":9,"p1id":"alexisstudent","p2id":"zerowen","formatid":"gen9vgc2023regulationc","rating":1188,"private":0,"password":""}