{"id":"gen9vgc2023regulationc-1861529594","p1":"Brovid","p2":"adrpen","format":"[Gen 9] VGC 2023 Regulation C","log":"|j|\u2606Brovid\n|j|\u2606adrpen\n|t:|1683769268\n|gametype|doubles\n|player|p1|Brovid|2|1064\n|player|p2|adrpen|preschooler|1145\n|teamsize|p1|6\n|teamsize|p2|6\n|gen|9\n|tier|[Gen 9] VGC 2023 Regulation C\n|rated|\n|rule|Species Clause: Limit one of each Pok\u00e9mon\n|rule|Item Clause: Limit one of each item\n|clearpoke\n|poke|p1|Lilligant, L50, F|\n|poke|p1|Torkoal, L50, F|\n|poke|p1|Flutter Mane, L50|\n|poke|p1|Kingambit, L50, F|\n|poke|p1|Dragonite, L50, F|\n|poke|p1|Great Tusk, L50|\n|poke|p2|Amoonguss, L50, M|\n|poke|p2|Palafin, L50, M|\n|poke|p2|Iron Hands, L50|\n|poke|p2|Arcanine, L50, M|\n|poke|p2|Flutter Mane, L50|\n|poke|p2|Dragonite, L50, M|\n|teampreview|4\n|\n|t:|1683769334\n|start\n|switch|p1a: Raphael|Torkoal, L50, F, shiny|100\/100\n|switch|p1b: GhostBuster|Flutter Mane, L50, shiny|100\/100\n|switch|p2a: Palafin|Palafin, L50, M, shiny|100\/100\n|switch|p2b: Arcanine|Arcanine, L50, M|100\/100\n|-ability|p2b: Arcanine|Intimidate|boost\n|-unboost|p1a: Raphael|atk|1\n|-unboost|p1b: GhostBuster|atk|1\n|-weather|SunnyDay|[from] ability: Drought|[of] p1a: Raphael\n|-activate|p1b: GhostBuster|ability: Protosynthesis\n|-start|p1b: GhostBuster|protosynthesisspa\n|turn|1\n|\n|t:|1683769368\n|move|p2a: Palafin|Protect|p2a: Palafin\n|-singleturn|p2a: Palafin|Protect\n|move|p1b: GhostBuster|Moonblast|p2a: Palafin\n|-activate|p2a: Palafin|move: Protect\n|move|p2b: Arcanine|Flare Blitz|p1b: GhostBuster\n|-damage|p1b: GhostBuster|0 fnt\n|faint|p1b: GhostBuster\n|-end|p1b: GhostBuster|Protosynthesis|[silent]\n|-damage|p2b: Arcanine|78\/100|[from] Recoil\n|move|p1a: Raphael|Earth Power|p2b: Arcanine\n|-supereffective|p2b: Arcanine\n|-damage|p2b: Arcanine|27\/100\n|-enditem|p2b: Arcanine|Sitrus Berry|[eat]\n|-heal|p2b: Arcanine|52\/100|[from] item: Sitrus Berry\n|\n|-weather|SunnyDay|[upkeep]\n|upkeep\n|\n|t:|1683769383\n|switch|p1b: Lulu|Lilligant, L50, F, shiny|100\/100\n|turn|2\n|\n|t:|1683769392\n|detailschange|p2a: Palafin|Palafin-Hero, L50, M, shiny\n|switch|p2a: Iron Hands|Iron Hands, L50, shiny|100\/100\n|-terastallize|p1a: Raphael|Fire\n|move|p2b: Arcanine|Protect|p2b: Arcanine\n|-singleturn|p2b: Arcanine|Protect\n|move|p1b: Lulu|After You||[still]\n|-fail|p1b: Lulu\n|move|p1a: Raphael|Eruption|p2b: Arcanine|[spread] p2a\n|-activate|p2b: Arcanine|move: Protect\n|-damage|p2a: Iron Hands|44\/100\n|\n|-weather|SunnyDay|[upkeep]\n|upkeep\n|turn|3\n|\n|t:|1683769451\n|move|p2a: Iron Hands|Fake Out|p1a: Raphael\n|-damage|p1a: Raphael|89\/100\n|move|p1b: Lulu|After You|p1a: Raphael\n|-activate|p1a: Raphael|move: After You\n|cant|p1a: Raphael|flinch\n|move|p2b: Arcanine|Flare Blitz|p1b: Lulu\n|-supereffective|p1b: Lulu\n|-enditem|p1b: Lulu|Focus Sash\n|-damage|p1b: Lulu|1\/100\n|-damage|p2b: Arcanine|28\/100|[from] Recoil\n|\n|-weather|SunnyDay|[upkeep]\n|upkeep\n|turn|4\n|\n|t:|1683769481\n|move|p2b: Arcanine|Protect|p2b: Arcanine\n|-singleturn|p2b: Arcanine|Protect\n|move|p1b: Lulu|After You|p1a: Raphael\n|-activate|p1a: Raphael|move: After You\n|move|p1a: Raphael|Eruption|p2b: Arcanine|[spread] p2a\n|-activate|p2b: Arcanine|move: Protect\n|-damage|p2a: Iron Hands|0 fnt\n|faint|p2a: Iron Hands\n|-end|p2a: Iron Hands|Quark Drive|[silent]\n|\n|-weather|SunnyDay|[upkeep]\n|upkeep\n|\n|t:|1683769500\n|switch|p2a: Palafin|Palafin-Hero, L50, M, shiny|100\/100\n|-activate|p2a: Palafin|ability: Zero to Hero\n|turn|5\n|\n|t:|1683769522\n|-terastallize|p2a: Palafin|Fire\n|move|p1b: Lulu|Protect|p1b: Lulu\n|-singleturn|p1b: Lulu|Protect\n|move|p2a: Palafin|Jet Punch|p1b: Lulu\n|-activate|p1b: Lulu|move: Protect\n|move|p2b: Arcanine|Howl|p2b: Arcanine|[spread] p2a,p2b\n|-boost|p2a: Palafin|atk|1\n|-boost|p2b: Arcanine|atk|1\n|move|p1a: Raphael|Earth Power|p2b: Arcanine\n|-supereffective|p2b: Arcanine\n|-damage|p2b: Arcanine|0 fnt\n|faint|p2b: Arcanine\n|\n|-weather|none\n|upkeep\n|\n|t:|1683769534\n|switch|p2b: Flutter Mane|Flutter Mane, L50|100\/100\n|-enditem|p2b: Flutter Mane|Booster Energy\n|-activate|p2b: Flutter Mane|ability: Protosynthesis|[fromitem]\n|-start|p2b: Flutter Mane|protosynthesisspa\n|turn|6\n|\n|t:|1683769557\n|move|p2a: Palafin|Jet Punch|p1b: Lulu\n|-resisted|p1b: Lulu\n|-damage|p1b: Lulu|0 fnt\n|faint|p1b: Lulu\n|move|p2b: Flutter Mane|Shadow Ball|p1a: Raphael\n|-damage|p1a: Raphael|16\/100\n|move|p1a: Raphael|Earth Power|p2a: Palafin\n|-supereffective|p2a: Palafin\n|-damage|p2a: Palafin|48\/100\n|\n|upkeep\n|\n|t:|1683769560\n|switch|p1b: Razor|Kingambit, L50, F, shiny|100\/100\n|turn|7\n|\n|t:|1683769583\n|move|p1a: Raphael|Protect|p1a: Raphael\n|-singleturn|p1a: Raphael|Protect\n|move|p2a: Palafin|Jet Punch|p1a: Raphael\n|-activate|p1a: Raphael|move: Protect\n|move|p2b: Flutter Mane|Moonblast|p1b: Razor\n|-damage|p1b: Razor|64\/100\n|move|p1b: Razor|Kowtow Cleave|p2b: Flutter Mane\n|-damage|p2b: Flutter Mane|17\/100\n|\n|upkeep\n|turn|8\n|\n|t:|1683769609\n|move|p1b: Razor|Sucker Punch|p2b: Flutter Mane\n|-damage|p2b: Flutter Mane|0 fnt\n|faint|p2b: Flutter Mane\n|-end|p2b: Flutter Mane|Protosynthesis|[silent]\n|move|p2a: Palafin|Wave Crash|p1b: Razor\n|-damage|p1b: Razor|0 fnt\n|faint|p1b: Razor\n|-damage|p2a: Palafin|26\/100|[from] Recoil\n|move|p1a: Raphael|Flamethrower|p2a: Palafin\n|-resisted|p2a: Palafin\n|-damage|p2a: Palafin|0 fnt\n|faint|p2a: Palafin\n|\n|win|Brovid\n|raw|Brovid's rating: 1064 → 1101<\/strong> (+37 for winning)\n|raw|adrpen's rating: 1145 → 1114<\/strong> (-31 for losing)\n|l|\u2606Brovid\n","uploadtime":1683769634,"views":15,"p1id":"brovid","p2id":"adrpen","formatid":"gen9vgc2023regulationc","rating":1101,"private":0,"password":""}