{"id":"gen9vgc2023regulationc-1859189845","p1":"Piff92","p2":"panchotez","format":"[Gen 9] VGC 2023 Regulation C","log":"|j|\u2606Piff92\n|j|\u2606panchotez\n|t:|1683415658\n|gametype|doubles\n|player|p1|Piff92|170|1105\n|player|p2|panchotez|101|1009\n|teamsize|p1|6\n|teamsize|p2|6\n|gen|9\n|tier|[Gen 9] VGC 2023 Regulation C\n|rated|\n|rule|Species Clause: Limit one of each Pok\u00e9mon\n|rule|Item Clause: Limit one of each item\n|clearpoke\n|poke|p1|Kingambit, L50, M|\n|poke|p1|Stantler, L50, M|\n|poke|p1|Kilowattrel, L50, F|\n|poke|p1|Maushold-Four, L50|\n|poke|p1|Medicham, L50, F|\n|poke|p1|Annihilape, L50, M|\n|poke|p2|Torkoal, L50, F|\n|poke|p2|Oricorio-Pa'u, L50, F|\n|poke|p2|Sunflora, L50, F|\n|poke|p2|Lilligant, L50, F|\n|poke|p2|Arcanine, L50, M|\n|poke|p2|Whiscash, L50, F|\n|teampreview|4\n|\n|t:|1683415740\n|start\n|switch|p1a: Medicham|Medicham, L50, F|100\/100\n|switch|p1b: Kilowattrel|Kilowattrel, L50, F|100\/100\n|switch|p2a: Torkoal|Torkoal, L50, F|100\/100\n|switch|p2b: Oricorio|Oricorio-Pa'u, L50, F|100\/100\n|-weather|SunnyDay|[from] ability: Drought|[of] p2a: Torkoal\n|turn|1\n|\n|t:|1683415785\n|move|p1a: Medicham|Fake Out|p2a: Torkoal\n|-damage|p2a: Torkoal|86\/100\n|-damage|p1a: Medicham|91\/100|[from] item: Life Orb\n|move|p1b: Kilowattrel|Tailwind|p1b: Kilowattrel\n|-sidestart|p1: Piff92|move: Tailwind\n|move|p2b: Oricorio|Tailwind|p2b: Oricorio\n|-sidestart|p2: panchotez|move: Tailwind\n|cant|p2a: Torkoal|flinch\n|\n|-weather|SunnyDay|[upkeep]\n|upkeep\n|turn|2\n|\n|t:|1683415807\n|switch|p2b: Lilligant|Lilligant, L50, F|100\/100\n|move|p1b: Kilowattrel|Air Slash|p2a: Torkoal\n|-damage|p2a: Torkoal|45\/100\n|move|p1a: Medicham|Close Combat|p2a: Torkoal\n|-damage|p2a: Torkoal|0 fnt\n|-unboost|p1a: Medicham|def|1\n|-unboost|p1a: Medicham|spd|1\n|faint|p2a: Torkoal\n|-damage|p1a: Medicham|81\/100|[from] item: Life Orb\n|\n|-weather|SunnyDay|[upkeep]\n|upkeep\n|\n|t:|1683415818\n|switch|p2a: Oricorio|Oricorio-Pa'u, L50, F|100\/100\n|turn|3\n|\n|t:|1683415844\n|switch|p1a: Stantler|Stantler, L50, M|100\/100\n|-ability|p1a: Stantler|Intimidate|boost\n|-fail|p2a: Oricorio|unboost|[from] item: Clear Amulet|[of] p2a: Oricorio\n|-unboost|p2b: Lilligant|atk|1\n|move|p1b: Kilowattrel|Protect|p1b: Kilowattrel\n|-singleturn|p1b: Kilowattrel|Protect\n|move|p2a: Oricorio|Protect|p2a: Oricorio\n|-singleturn|p2a: Oricorio|Protect\n|move|p2b: Lilligant|Quiver Dance|p2b: Lilligant\n|-boost|p2b: Lilligant|spa|1\n|-boost|p2b: Lilligant|spd|1\n|-boost|p2b: Lilligant|spe|1\n|-activate|p2a: Oricorio|ability: Dancer\n|move|p2a: Oricorio|Quiver Dance|p2a: Oricorio|[from]ability: Dancer\n|-boost|p2a: Oricorio|spa|1\n|-boost|p2a: Oricorio|spd|1\n|-boost|p2a: Oricorio|spe|1\n|\n|-weather|SunnyDay|[upkeep]\n|upkeep\n|turn|4\n|\n|t:|1683415885\n|move|p2b: Lilligant|Pollen Puff|p1b: Kilowattrel\n|-resisted|p1b: Kilowattrel\n|-damage|p1b: Kilowattrel|68\/100\n|move|p2a: Oricorio|Revelation Dance|p1b: Kilowattrel\n|-damage|p1b: Kilowattrel|0 fnt\n|faint|p1b: Kilowattrel\n|move|p1a: Stantler|Skill Swap|p2a: Oricorio\n|-activate|p1a: Stantler|move: Skill Swap|Dancer|Intimidate|[of] p2a: Oricorio\n|-ability|p2a: Oricorio|Intimidate|boost\n|-unboost|p1a: Stantler|atk|1\n|\n|-weather|SunnyDay|[upkeep]\n|-sideend|p1: Piff92|move: Tailwind\n|-sideend|p2: panchotez|move: Tailwind\n|upkeep\n|\n|t:|1683415902\n|switch|p1b: Kingambit|Kingambit, L50, M|100\/100\n|turn|5\n|\n|t:|1683415918\n|move|p1b: Kingambit|Sucker Punch|p2a: Oricorio\n|-supereffective|p2a: Oricorio\n|-damage|p2a: Oricorio|0 fnt\n|faint|p2a: Oricorio\n|move|p2b: Lilligant|Leaf Storm|p1a: Stantler\n|-damage|p1a: Stantler|47\/100\n|-unboost|p2b: Lilligant|spa|2\n|move|p1a: Stantler|Trick Room|p1a: Stantler\n|-fieldstart|move: Trick Room|[of] p1a: Stantler\n|\n|-weather|SunnyDay|[upkeep]\n|upkeep\n|\n|t:|1683415927\n|switch|p2a: Sunflora|Sunflora, L50, F|100\/100\n|turn|6\n|\n|t:|1683415952\n|-terastallize|p1b: Kingambit|Flying\n|-terastallize|p2a: Sunflora|Fire\n|move|p1b: Kingambit|Tera Blast|p2a: Sunflora\n|-crit|p2a: Sunflora\n|-enditem|p2a: Sunflora|Focus Sash\n|-damage|p2a: Sunflora|1\/100\n|move|p2a: Sunflora|Tera Blast|p1b: Kingambit\n|-damage|p1b: Kingambit|51\/100\n|move|p1a: Stantler|Hypnosis|p2a: Sunflora|[miss]\n|-miss|p1a: Stantler|p2a: Sunflora\n|move|p2b: Lilligant|Quiver Dance|p2b: Lilligant\n|-boost|p2b: Lilligant|spa|1\n|-boost|p2b: Lilligant|spd|1\n|-boost|p2b: Lilligant|spe|1\n|-activate|p1a: Stantler|ability: Dancer\n|move|p1a: Stantler|Quiver Dance|p1a: Stantler|[from]ability: Dancer\n|-boost|p1a: Stantler|spa|1\n|-boost|p1a: Stantler|spd|1\n|-boost|p1a: Stantler|spe|1\n|\n|-weather|SunnyDay|[upkeep]\n|-damage|p2a: Sunflora|0 fnt|[from] ability: Solar Power|[of] p2a: Sunflora\n|faint|p2a: Sunflora\n|upkeep\n|turn|7\n|\n|t:|1683415983\n|move|p1b: Kingambit|Tera Blast|p2b: Lilligant\n|-supereffective|p2b: Lilligant\n|-damage|p2b: Lilligant|0 fnt\n|faint|p2b: Lilligant\n|\n|win|Piff92\n|raw|Piff92's rating: 1105 → 1123<\/strong> (+18 for winning)\n|raw|panchotez's rating: 1009 → 1001<\/strong> (-8 for losing)\n|l|\u2606panchotez\n","uploadtime":1683416000,"views":9,"p1id":"piff92","p2id":"panchotez","formatid":"gen9vgc2023regulationc","rating":1001,"private":0,"password":""}