{"id":"gen9vgc2023regulationc-1847023206","p1":"Rigs_batata","p2":"Mobibation","format":"[Gen 9] VGC 2023 Regulation C","log":"|j|\u2606Rigs_batata\n|j|\u203dMobibation\n|t:|1681912574\n|gametype|doubles\n|player|p1|Rigs_batata|waiter-gen4dp|\n|player|p2|Mobibation|silver|\n|teamsize|p1|6\n|teamsize|p2|6\n|gen|9\n|tier|[Gen 9] VGC 2023 Regulation C\n|rule|Species Clause: Limit one of each Pok\u00e9mon\n|rule|Item Clause: Limit one of each item\n|clearpoke\n|poke|p1|Lilligant, L50, F|\n|poke|p1|Brute Bonnet, L50|\n|poke|p1|Farigiraf, L50, F|\n|poke|p1|Torkoal, L50, M|\n|poke|p1|Chi-Yu, L50|\n|poke|p1|Flutter Mane, L50|\n|poke|p2|Tinkaton, L50, F|\n|poke|p2|Iron Valiant, L50|\n|poke|p2|Amoonguss, L50, M|\n|poke|p2|Rotom-Wash, L50|\n|poke|p2|Arcanine, L50, F|\n|poke|p2|Grimmsnarl, L50, M|\n|teampreview|4\n|inactive|Battle timer is ON: inactive players will automatically lose when time's up. (requested by Rigs_batata)\n|c|\u2606Rigs_batata|Glhf\n|inactive|Rigs_batata has 60 seconds left.\n|\n|t:|1681912611\n|start\n|switch|p1a: Lilligant|Lilligant, L50, F, shiny|100\/100\n|switch|p1b: Torkoal|Torkoal, L50, M|100\/100\n|switch|p2a: Grimmsnarl|Grimmsnarl, L50, M|100\/100\n|switch|p2b: Tinkaton|Tinkaton, L50, F|100\/100\n|-ability|p2b: Tinkaton|Mold Breaker\n|-weather|SunnyDay|[from] ability: Drought|[of] p1b: Torkoal\n|turn|1\n|\n|t:|1681912633\n|move|p1b: Torkoal|Protect|p1b: Torkoal\n|-singleturn|p1b: Torkoal|Protect\n|move|p2a: Grimmsnarl|Light Screen|p2a: Grimmsnarl\n|-sidestart|p2: Mobibation|move: Light Screen\n|move|p1a: Lilligant|Sleep Powder|p2a: Grimmsnarl\n|-status|p2a: Grimmsnarl|slp|[from] move: Sleep Powder\n|move|p2b: Tinkaton|Knock Off|p1a: Lilligant\n|-damage|p1a: Lilligant|79\/100\n|-enditem|p1a: Lilligant|Focus Sash|[from] move: Knock Off|[of] p2b: Tinkaton\n|\n|-weather|SunnyDay|[upkeep]\n|upkeep\n|turn|2\n|\n|t:|1681912655\n|-terastallize|p1b: Torkoal|Fire\n|cant|p2a: Grimmsnarl|slp\n|move|p1a: Lilligant|After You|p1b: Torkoal\n|-activate|p1b: Torkoal|move: After You\n|move|p1b: Torkoal|Eruption|p2b: Tinkaton|[spread] p2a,p2b\n|-supereffective|p2b: Tinkaton\n|-damage|p2a: Grimmsnarl|21\/100 slp\n|-damage|p2b: Tinkaton|0 fnt\n|faint|p2b: Tinkaton\n|\n|-weather|SunnyDay|[upkeep]\n|upkeep\n|\n|t:|1681912664\n|switch|p2b: Rotom|Rotom-Wash, L50|100\/100\n|turn|3\n|\n|t:|1681912674\n|-terastallize|p2b: Rotom|Electric\n|move|p1b: Torkoal|Protect|p1b: Torkoal\n|-singleturn|p1b: Torkoal|Protect\n|-curestatus|p2a: Grimmsnarl|slp|[msg]\n|move|p2a: Grimmsnarl|Parting Shot|p1a: Lilligant\n|-unboost|p1a: Lilligant|atk|1\n|-unboost|p1a: Lilligant|spa|1\n|\n|t:|1681912681\n|switch|p2a: Iron Valiant|Iron Valiant, L50|100\/100|[from] Parting Shot\n|-enditem|p2a: Iron Valiant|Booster Energy\n|-activate|p2a: Iron Valiant|ability: Quark Drive|[fromitem]\n|-start|p2a: Iron Valiant|quarkdrivespe\n|move|p1a: Lilligant|Solar Beam||[still]\n|-prepare|p1a: Lilligant|Solar Beam\n|-anim|p1a: Lilligant|Solar Beam|p2b: Rotom\n|-damage|p2b: Rotom|75\/100\n|move|p2b: Rotom|Hydro Pump|p1b: Torkoal\n|-activate|p1b: Torkoal|move: Protect\n|\n|-weather|SunnyDay|[upkeep]\n|-heal|p2b: Rotom|81\/100|[from] item: Leftovers\n|upkeep\n|turn|4\n|\n|t:|1681912695\n|move|p1a: Lilligant|After You|p1b: Torkoal\n|-activate|p1b: Torkoal|move: After You\n|move|p1b: Torkoal|Eruption|p2a: Iron Valiant|[spread] p2a,p2b\n|-damage|p2a: Iron Valiant|0 fnt\n|-damage|p2b: Rotom|0 fnt\n|faint|p2a: Iron Valiant\n|-end|p2a: Iron Valiant|Quark Drive|[silent]\n|faint|p2b: Rotom\n|\n|-weather|SunnyDay|[upkeep]\n|upkeep\n|\n|t:|1681912701\n|switch|p2a: Grimmsnarl|Grimmsnarl, L50, M|21\/100\n|turn|5\n|\n|t:|1681912709\n|move|p1a: Lilligant|After You|p1b: Torkoal\n|-activate|p1b: Torkoal|move: After You\n|move|p1b: Torkoal|Eruption|p2a: Grimmsnarl\n|-damage|p2a: Grimmsnarl|0 fnt\n|faint|p2a: Grimmsnarl\n|\n|win|Rigs_batata\n|c|\u2606Rigs_batata|GGs\n","uploadtime":1681912723,"views":6,"p1id":"rigsbatata","p2id":"mobibation","formatid":"gen9vgc2023regulationc","rating":0,"private":0,"password":""}