{"id":"gen9vgc2023regulationc-1856032259","p1":"Wepaoe","p2":"Sugarmaru","format":"[Gen 9] VGC 2023 Regulation C","log":"|j|\u2606Wepaoe\n|j|\u2606Sugarmaru\n|t:|1683020381\n|gametype|doubles\n|player|p1|Wepaoe|265|1276\n|player|p2|Sugarmaru|dawn|1287\n|teamsize|p1|6\n|teamsize|p2|6\n|gen|9\n|tier|[Gen 9] VGC 2023 Regulation C\n|rated|\n|rule|Species Clause: Limit one of each Pok\u00e9mon\n|rule|Item Clause: Limit one of each item\n|clearpoke\n|poke|p1|Arcanine, L50, M|\n|poke|p1|Torkoal, L50, M|\n|poke|p1|Scream Tail, L50|\n|poke|p1|Ting-Lu, L50|\n|poke|p1|Flutter Mane, L50|\n|poke|p1|Dragonite, L50, M|\n|poke|p2|Vivillon-Ocean, L50, M|\n|poke|p2|Chi-Yu, L50|\n|poke|p2|Flutter Mane, L50|\n|poke|p2|Brute Bonnet, L50|\n|poke|p2|Iron Hands, L50|\n|poke|p2|Garchomp, L50, M|\n|teampreview|4\n|inactive|Battle timer is ON: inactive players will automatically lose when time's up. (requested by Wepaoe)\n|\n|t:|1683020428\n|start\n|switch|p1a: Torkoal|Torkoal, L50, M|100\/100\n|switch|p1b: Scream Tail|Scream Tail, L50|100\/100\n|switch|p2a: Flutter Mane|Flutter Mane, L50|100\/100\n|switch|p2b: Chi-Yu|Chi-Yu, L50|100\/100\n|-ability|p2b: Chi-Yu|Beads of Ruin\n|-weather|SunnyDay|[from] ability: Drought|[of] p1a: Torkoal\n|-activate|p2a: Flutter Mane|ability: Protosynthesis\n|-start|p2a: Flutter Mane|protosynthesisspe\n|-activate|p1b: Scream Tail|ability: Protosynthesis\n|-start|p1b: Scream Tail|protosynthesisspd\n|turn|1\n|inactive|Sugarmaru has 30 seconds left.\n|\n|t:|1683020457\n|move|p1a: Torkoal|Protect|p1a: Torkoal\n|-singleturn|p1a: Torkoal|Protect\n|move|p2a: Flutter Mane|Shadow Ball|p1b: Scream Tail\n|-supereffective|p1b: Scream Tail\n|-damage|p1b: Scream Tail|52\/100\n|move|p2b: Chi-Yu|Heat Wave|p1a: Torkoal|[spread] p1b\n|-activate|p1a: Torkoal|move: Protect\n|-damage|p1b: Scream Tail|11\/100\n|move|p1b: Scream Tail|Trick Room|p1b: Scream Tail\n|-fieldstart|move: Trick Room|[of] p1b: Scream Tail\n|\n|-weather|SunnyDay|[upkeep]\n|upkeep\n|turn|2\n|\n|t:|1683020478\n|move|p1b: Scream Tail|Helping Hand|p1a: Torkoal\n|-singleturn|p1a: Torkoal|Helping Hand|[of] p1b: Scream Tail\n|move|p2a: Flutter Mane|Protect|p2a: Flutter Mane\n|-singleturn|p2a: Flutter Mane|Protect\n|move|p1a: Torkoal|Eruption|p2b: Chi-Yu|[spread] p2b\n|-activate|p2a: Flutter Mane|move: Protect\n|-resisted|p2b: Chi-Yu\n|-damage|p2b: Chi-Yu|29\/100\n|-enditem|p2b: Chi-Yu|Sitrus Berry|[eat]\n|-heal|p2b: Chi-Yu|54\/100|[from] item: Sitrus Berry\n|move|p2b: Chi-Yu|Heat Wave|p1b: Scream Tail|[spread] p1a,p1b\n|-resisted|p1a: Torkoal\n|-damage|p1a: Torkoal|49\/100\n|-damage|p1b: Scream Tail|0 fnt\n|faint|p1b: Scream Tail\n|-end|p1b: Scream Tail|Protosynthesis|[silent]\n|\n|-weather|SunnyDay|[upkeep]\n|upkeep\n|\n|t:|1683020495\n|switch|p1b: Dragonite|Dragonite, L50, M|100\/100\n|turn|3\n|inactive|Wepaoe has 30 seconds left.\n|\n|t:|1683020522\n|-terastallize|p1a: Torkoal|Fire\n|move|p2b: Chi-Yu|Protect|p2b: Chi-Yu\n|-singleturn|p2b: Chi-Yu|Protect\n|move|p1a: Torkoal|Heat Wave|p2b: Chi-Yu|[spread] p2a\n|-activate|p2b: Chi-Yu|move: Protect\n|-damage|p2a: Flutter Mane|14\/100\n|move|p1b: Dragonite|Fire Punch|p2a: Flutter Mane\n|-damage|p2a: Flutter Mane|0 fnt\n|faint|p2a: Flutter Mane\n|-end|p2a: Flutter Mane|Protosynthesis|[silent]\n|-damage|p1b: Dragonite|91\/100|[from] item: Life Orb\n|\n|-weather|SunnyDay|[upkeep]\n|upkeep\n|\n|t:|1683020539\n|switch|p2a: Iron Hands|Iron Hands, L50|100\/100\n|turn|4\n|\n|t:|1683020558\n|-terastallize|p2a: Iron Hands|Water\n|move|p1a: Torkoal|Protect|p1a: Torkoal\n|-singleturn|p1a: Torkoal|Protect\n|move|p2a: Iron Hands|Fake Out|p1a: Torkoal\n|-activate|p1a: Torkoal|move: Protect\n|move|p2b: Chi-Yu|Tera Blast|p1b: Dragonite\n|-damage|p1b: Dragonite|44\/100\n|move|p1b: Dragonite|Fire Punch|p2b: Chi-Yu\n|-resisted|p2b: Chi-Yu\n|-damage|p2b: Chi-Yu|19\/100\n|-damage|p1b: Dragonite|35\/100|[from] item: Life Orb\n|\n|-weather|SunnyDay|[upkeep]\n|upkeep\n|turn|5\n|inactive|Sugarmaru has 30 seconds left.\n|\n|t:|1683020584\n|move|p2b: Chi-Yu|Protect|p2b: Chi-Yu\n|-singleturn|p2b: Chi-Yu|Protect\n|move|p1a: Torkoal|Heat Wave|p2a: Iron Hands|[spread] p2a\n|-activate|p2b: Chi-Yu|move: Protect\n|-resisted|p2a: Iron Hands\n|-damage|p2a: Iron Hands|73\/100\n|move|p2a: Iron Hands|Play Rough|p1b: Dragonite\n|-supereffective|p1b: Dragonite\n|-damage|p1b: Dragonite|0 fnt\n|faint|p1b: Dragonite\n|\n|-weather|none\n|-fieldend|move: Trick Room\n|upkeep\n|\n|t:|1683020595\n|switch|p1b: Ting-Lu|Ting-Lu, L50|100\/100\n|-ability|p1b: Ting-Lu|Vessel of Ruin\n|turn|6\n|\n|t:|1683020611\n|move|p1a: Torkoal|Protect|p1a: Torkoal\n|-singleturn|p1a: Torkoal|Protect\n|move|p2b: Chi-Yu|Tera Blast|p1b: Ting-Lu\n|-damage|p1b: Ting-Lu|76\/100\n|move|p2a: Iron Hands|Drain Punch|p1b: Ting-Lu\n|-supereffective|p1b: Ting-Lu\n|-damage|p1b: Ting-Lu|23\/100\n|-heal|p2a: Iron Hands|100\/100|[from] drain|[of] p1b: Ting-Lu\n|move|p1b: Ting-Lu|Earthquake|p2a: Iron Hands|[spread] p2a,p2b\n|-activate|p1a: Torkoal|move: Protect\n|-supereffective|p2b: Chi-Yu\n|-damage|p2a: Iron Hands|72\/100\n|-damage|p2b: Chi-Yu|0 fnt\n|faint|p2b: Chi-Yu\n|\n|-heal|p1b: Ting-Lu|29\/100|[from] item: Leftovers\n|upkeep\n|\n|t:|1683020629\n|switch|p2b: Garchomp|Garchomp, L50, M|100\/100\n|turn|7\n|-message|Wepaoe forfeited.\n|\n|win|Sugarmaru\n|raw|Wepaoe's rating: 1276 → 1252<\/strong> (-24 for losing)\n|raw|Sugarmaru's rating: 1287 → 1311<\/strong> (+24 for winning)\n|l|\u2606Wepaoe\n","uploadtime":1683020637,"views":13,"p1id":"wepaoe","p2id":"sugarmaru","formatid":"gen9vgc2023regulationc","rating":1252,"private":0,"password":""}