{"id":"gen9vgc2023regulationc-1859220561","p1":"tatsugirl i~","p2":"la junta","format":"[Gen 9] VGC 2023 Regulation C","log":"|j|\u2606tatsugirl i~\n|j|\u2606la junta\n|t:|1683419811\n|gametype|doubles\n|player|p1|tatsugirl i~|may-masters|\n|player|p2|la junta|169|\n|teamsize|p1|6\n|teamsize|p2|6\n|gen|9\n|tier|[Gen 9] VGC 2023 Regulation C\n|rated|Tournament battle\n|rule|Species Clause: Limit one of each Pok\u00e9mon\n|rule|Item Clause: Limit one of each item\n|clearpoke\n|poke|p1|Corviknight, L50, F|\n|poke|p1|Rotom-Wash, L50|\n|poke|p1|Dragapult, L50, F|\n|poke|p1|Flutter Mane, L50|\n|poke|p1|Chi-Yu, L50|\n|poke|p1|Dachsbun, L50, M|\n|poke|p2|Wo-Chien, L50|\n|poke|p2|Maushold-Four, L50|\n|poke|p2|Palafin, L50, M|\n|poke|p2|Iron Bundle, L50|\n|poke|p2|Chi-Yu, L50|\n|poke|p2|Annihilape, L50, M|\n|teampreview|4\n|raw| Open Team Sheet for tatsugirl i~<\/summary>Corviknight @ Safety Goggles Ability: Mirror Armor Level: 50 Tera Type: Dragon - Iron Head - Body Press - Tailwind - Roost Rotom (Rotom-Wash) @ Sitrus Berry Ability: Levitate Level: 50 Tera Type: Grass - Hydro Pump - Thunderbolt - Eerie Impulse - Protect Dragapult @ Life Orb Ability: Clear Body Level: 50 Tera Type: Steel - Dragon Darts - Phantom Force - Will-O-Wisp - Protect Flutter Mane @ Booster Energy Ability: Protosynthesis Level: 50 Tera Type: Fairy - Shadow Ball - Moonblast - Dazzling Gleam - Protect Chi-Yu @ Charcoal Ability: Beads of Ruin Level: 50 Tera Type: Grass - Lava Plume - Heat Wave - Dark Pulse - Protect Dachsbun @ Leftovers Ability: Well-Baked Body Level: 50 Tera Type: Steel - Body Press - Play Rough - Yawn - Protect <\/details><\/div> Open Team Sheet for la junta<\/summary>Ndombele (Wo-Chien) @ Assault Vest Ability: Tablets of Ruin Level: 50 Tera Type: Poison - Pollen Puff - Foul Play - Giga Drain - Ruination Curva A (Maushold-Four) @ Safety Goggles Ability: Friend Guard Level: 50 Tera Type: Ghost - Follow Me - Thunder Wave - Taunt - Protect Cholito (Palafin) @ Mystic Water Ability: Zero to Hero Level: 50 Tera Type: Grass - Wave Crash - Jet Punch - Haze - Protect Kvara (Iron Bundle) @ Booster Energy Ability: Quark Drive Level: 50 Tera Type: Ghost - Freeze-Dry - Encore - Icy Wind - Protect Politano (Chi-Yu) @ Focus Sash Ability: Beads of Ruin Level: 50 Tera Type: Water - Heat Wave - Dark Pulse - Nasty Plot - Protect Mario Rui (Annihilape) @ Leftovers Ability: Defiant Level: 50 Tera Type: Water - Drain Punch - Rage Fist - Bulk Up - Protect <\/details><\/div>\n|\n|t:|1683419836\n|start\n|switch|p1a: Chi-Yu|Chi-Yu, L50|100\/100\n|switch|p1b: Flutter Mane|Flutter Mane, L50|100\/100\n|switch|p2a: Curva A|Maushold-Four, L50|100\/100\n|switch|p2b: Mario Rui|Annihilape, L50, M|100\/100\n|-ability|p1a: Chi-Yu|Beads of Ruin\n|-enditem|p1b: Flutter Mane|Booster Energy\n|-activate|p1b: Flutter Mane|ability: Protosynthesis|[fromitem]\n|-start|p1b: Flutter Mane|protosynthesisspe\n|turn|1\n|\n|t:|1683419858\n|-terastallize|p1b: Flutter Mane|Fairy\n|-terastallize|p2b: Mario Rui|Water\n|move|p1b: Flutter Mane|Dazzling Gleam|p2b: Mario Rui|[spread] p2a,p2b\n|-damage|p2a: Curva A|46\/100\n|-damage|p2b: Mario Rui|64\/100\n|move|p1a: Chi-Yu|Dark Pulse|p2b: Mario Rui\n|-damage|p2b: Mario Rui|35\/100\n|move|p2a: Curva A|Thunder Wave|p1a: Chi-Yu\n|-status|p1a: Chi-Yu|par\n|move|p2b: Mario Rui|Bulk Up|p2b: Mario Rui\n|-boost|p2b: Mario Rui|atk|1\n|-boost|p2b: Mario Rui|def|1\n|\n|-heal|p2b: Mario Rui|41\/100|[from] item: Leftovers\n|upkeep\n|turn|2\n|\n|t:|1683419905\n|move|p2a: Curva A|Follow Me|p2a: Curva A\n|-singleturn|p2a: Curva A|move: Follow Me\n|move|p1b: Flutter Mane|Moonblast|p2a: Curva A\n|-damage|p2a: Curva A|0 fnt\n|faint|p2a: Curva A\n|move|p2b: Mario Rui|Drain Punch|p1a: Chi-Yu\n|-supereffective|p1a: Chi-Yu\n|-damage|p1a: Chi-Yu|0 fnt\n|-heal|p2b: Mario Rui|80\/100|[from] drain|[of] p1a: Chi-Yu\n|faint|p1a: Chi-Yu\n|\n|-heal|p2b: Mario Rui|86\/100|[from] item: Leftovers\n|upkeep\n|\n|t:|1683419918\n|switch|p1a: Rotom|Rotom-Wash, L50|100\/100\n|switch|p2a: Kvara|Iron Bundle, L50|100\/100\n|-enditem|p2a: Kvara|Booster Energy\n|-activate|p2a: Kvara|ability: Quark Drive|[fromitem]\n|-start|p2a: Kvara|quarkdrivespe\n|turn|3\n|\n|t:|1683419941\n|move|p2b: Mario Rui|Protect|p2b: Mario Rui\n|-singleturn|p2b: Mario Rui|Protect\n|move|p2a: Kvara|Icy Wind|p1a: Rotom|[spread] p1a,p1b\n|-resisted|p1a: Rotom\n|-damage|p1a: Rotom|93\/100\n|-damage|p1b: Flutter Mane|83\/100\n|-unboost|p1a: Rotom|spe|1\n|-unboost|p1b: Flutter Mane|spe|1\n|move|p1b: Flutter Mane|Moonblast|p2a: Kvara\n|-damage|p2a: Kvara|0 fnt\n|faint|p2a: Kvara\n|-end|p2a: Kvara|Quark Drive|[silent]\n|move|p1a: Rotom|Thunderbolt|p2b: Mario Rui\n|-activate|p2b: Mario Rui|move: Protect\n|\n|-heal|p2b: Mario Rui|92\/100|[from] item: Leftovers\n|upkeep\n|\n|t:|1683419952\n|switch|p2a: Politano|Chi-Yu, L50|100\/100\n|-ability|p2a: Politano|Beads of Ruin\n|turn|4\n|j| ChampionNBloom\n|l| ChampionNBloom\n|\n|t:|1683419974\n|switch|p1a: Dachsbun|Dachsbun, L50, M|100\/100\n|move|p1b: Flutter Mane|Moonblast|p2a: Politano\n|-damage|p2a: Politano|24\/100\n|-unboost|p2a: Politano|spa|1\n|move|p2a: Politano|Dark Pulse|p1a: Dachsbun\n|-resisted|p1a: Dachsbun\n|-damage|p1a: Dachsbun|75\/100\n|move|p2b: Mario Rui|Rage Fist|p1a: Dachsbun\n|-damage|p1a: Dachsbun|0 fnt\n|faint|p1a: Dachsbun\n|\n|-heal|p2b: Mario Rui|99\/100|[from] item: Leftovers\n|upkeep\n|\n|t:|1683419984\n|switch|p1a: Rotom|Rotom-Wash, L50|93\/100\n|turn|5\n|\n|t:|1683419994\n|move|p1a: Rotom|Protect|p1a: Rotom\n|-singleturn|p1a: Rotom|Protect\n|move|p1b: Flutter Mane|Dazzling Gleam|p2b: Mario Rui|[spread] p2a,p2b\n|-damage|p2a: Politano|0 fnt\n|-damage|p2b: Mario Rui|50\/100\n|faint|p2a: Politano\n|move|p2b: Mario Rui|Rage Fist|p1a: Rotom\n|-activate|p1a: Rotom|move: Protect\n|\n|-heal|p2b: Mario Rui|56\/100|[from] item: Leftovers\n|upkeep\n|turn|6\n|\n|t:|1683420004\n|move|p1b: Flutter Mane|Moonblast|p2b: Mario Rui\n|-damage|p2b: Mario Rui|0 fnt\n|faint|p2b: Mario Rui\n|\n|win|tatsugirl i~\n|n|\u2606tatsugirl i~|tatsugirli\n|n|\u2606la junta|lajunta\n","uploadtime":1683420005,"views":6,"p1id":"tatsugirli","p2id":"lajunta","formatid":"gen9vgc2023regulationc","rating":0,"private":0,"password":""}