{"id":"gen9vgc2023regulationc-1855405217","p1":"yjbfnrujj","p2":"vyxl","format":"[Gen 9] VGC 2023 Regulation C","log":"|j|\u2606yjbfnrujj\n|j|\u2606vyxl\n|t:|1682948190\n|gametype|doubles\n|player|p1|yjbfnrujj|lucas|1000\n|player|p2|vyxl|2|1083\n|teamsize|p1|6\n|teamsize|p2|6\n|gen|9\n|tier|[Gen 9] VGC 2023 Regulation C\n|rated|\n|rule|Species Clause: Limit one of each Pok\u00e9mon\n|rule|Item Clause: Limit one of each item\n|clearpoke\n|poke|p1|Arcanine, L50, M|\n|poke|p1|Breloom, L50, F|\n|poke|p1|Dragapult, L50, M|\n|poke|p1|Corviknight, L50, M|\n|poke|p1|Floatzel, L50, F|\n|poke|p1|Krookodile, L50, M|\n|poke|p2|Murkrow, L50, M|\n|poke|p2|Ceruledge, L50, F|\n|poke|p2|Flutter Mane, L50|\n|poke|p2|Gyarados, L50, M|\n|poke|p2|Great Tusk, L50|\n|poke|p2|Wo-Chien, L50|\n|teampreview|4\n|\n|t:|1682948223\n|start\n|switch|p1a: Corviknight|Corviknight, L50, M, shiny|100\/100\n|switch|p1b: Arcanine|Arcanine, L50, M|100\/100\n|switch|p2a: Murkrow|Murkrow, L50, M|100\/100\n|switch|p2b: Ceruledge|Ceruledge, L50, F|100\/100\n|-ability|p1a: Corviknight|Unnerve\n|-ability|p1b: Arcanine|Intimidate|boost\n|-unboost|p2a: Murkrow|atk|1\n|-fail|p2b: Ceruledge|unboost|[from] item: Clear Amulet|[of] p2b: Ceruledge\n|-item|p1b: Arcanine|Air Balloon\n|turn|1\n|inactive|Battle timer is ON: inactive players will automatically lose when time's up. (requested by vyxl)\n|inactive|yjbfnrujj has 60 seconds left.\n|\n|t:|1682948259\n|switch|p1a: Dragapult|Dragapult, L50, M|100\/100\n|-terastallize|p2b: Ceruledge|Grass\n|move|p2a: Murkrow|Tailwind|p2a: Murkrow\n|-sidestart|p2: vyxl|move: Tailwind\n|move|p2b: Ceruledge|Bitter Blade|p1a: Dragapult\n|-resisted|p1a: Dragapult\n|-crit|p1a: Dragapult\n|-damage|p1a: Dragapult|58\/100\n|move|p1b: Arcanine|Flare Blitz|p2a: Murkrow\n|-crit|p2a: Murkrow\n|-enditem|p2a: Murkrow|Focus Sash\n|-damage|p2a: Murkrow|1\/100\n|-status|p2a: Murkrow|brn\n|-damage|p1b: Arcanine|73\/100|[from] Recoil\n|\n|-damage|p2a: Murkrow|0 fnt|[from] brn\n|faint|p2a: Murkrow\n|upkeep\n|\n|t:|1682948277\n|switch|p2a: Wo-Chien|Wo-Chien, L50|100\/100\n|-ability|p2a: Wo-Chien|Tablets of Ruin\n|turn|2\n|\n|t:|1682948293\n|move|p2b: Ceruledge|Protect|p2b: Ceruledge\n|-singleturn|p2b: Ceruledge|Protect\n|move|p2a: Wo-Chien|Leech Seed|p1b: Arcanine|[miss]\n|-miss|p2a: Wo-Chien|p1b: Arcanine\n|move|p1a: Dragapult|Phantom Force||[still]\n|-prepare|p1a: Dragapult|Phantom Force\n|move|p1b: Arcanine|Flare Blitz|p2b: Ceruledge\n|-activate|p2b: Ceruledge|move: Protect\n|\n|upkeep\n|turn|3\n|\n|t:|1682948314\n|move|p2b: Ceruledge|Shadow Sneak|p1b: Arcanine\n|-damage|p1b: Arcanine|53\/100\n|-enditem|p1b: Arcanine|Air Balloon\n|move|p2a: Wo-Chien|Leech Seed|p1b: Arcanine\n|-start|p1b: Arcanine|move: Leech Seed\n|move|p1a: Dragapult|Phantom Force|p2b: Ceruledge|[from]lockedmove\n|-damage|p2b: Ceruledge|60\/100\n|move|p1b: Arcanine|Flare Blitz|p2b: Ceruledge\n|-start|p2b: Ceruledge|ability: Flash Fire\n|\n|-damage|p1b: Arcanine|41\/100|[from] Leech Seed|[of] p2a: Wo-Chien\n|upkeep\n|turn|4\n|inactive|yjbfnrujj has 30 seconds left.\n|\n|t:|1682948342\n|-terastallize|p1a: Dragapult|Ghost\n|move|p2b: Ceruledge|Bitter Blade|p1a: Dragapult\n|-damage|p1a: Dragapult|0 fnt\n|-heal|p2b: Ceruledge|92\/100|[from] drain|[of] p1a: Dragapult\n|faint|p1a: Dragapult\n|move|p2a: Wo-Chien|Pollen Puff|p2b: Ceruledge\n|-heal|p2b: Ceruledge|100\/100\n|move|p1b: Arcanine|Flare Blitz|p2a: Wo-Chien\n|-supereffective|p2a: Wo-Chien\n|-damage|p2a: Wo-Chien|29\/100\n|-damage|p1b: Arcanine|13\/100|[from] Recoil\n|\n|-heal|p2a: Wo-Chien|35\/100|[from] item: Leftovers\n|-damage|p1b: Arcanine|1\/100|[from] Leech Seed|[of] p2a: Wo-Chien\n|-heal|p2a: Wo-Chien|45\/100|[silent]\n|-sideend|p2: vyxl|move: Tailwind\n|upkeep\n|\n|t:|1682948363\n|switch|p1a: Corviknight|Corviknight, L50, M, shiny|100\/100\n|-ability|p1a: Corviknight|Unnerve\n|turn|5\n|\n|t:|1682948374\n|move|p2a: Wo-Chien|Protect|p2a: Wo-Chien\n|-singleturn|p2a: Wo-Chien|Protect\n|move|p1b: Arcanine|Flare Blitz|p2a: Wo-Chien\n|-activate|p2a: Wo-Chien|move: Protect\n|move|p1a: Corviknight|Brave Bird|p2b: Ceruledge\n|-supereffective|p2b: Ceruledge\n|-damage|p2b: Ceruledge|16\/100\n|-damage|p1a: Corviknight|72\/100|[from] Recoil\n|move|p2b: Ceruledge|Bitter Blade|p1a: Corviknight\n|-supereffective|p1a: Corviknight\n|-damage|p1a: Corviknight|0 fnt\n|-heal|p2b: Ceruledge|50\/100|[from] drain|[of] p1a: Corviknight\n|faint|p1a: Corviknight\n|\n|-heal|p2a: Wo-Chien|52\/100|[from] item: Leftovers\n|-damage|p1b: Arcanine|0 fnt|[from] Leech Seed|[of] p2a: Wo-Chien\n|-heal|p2a: Wo-Chien|52\/100|[silent]\n|faint|p1b: Arcanine\n|upkeep\n|l|\u2606yjbfnrujj\n|inactive|yjbfnrujj disconnected and has a minute to reconnect!\n|player|p1|\n|inactive|yjbfnrujj has 30 seconds left.\n|inactive|yjbfnrujj has 20 seconds left.\n|inactive|yjbfnrujj has 15 seconds left.\n|inactive|yjbfnrujj has 10 seconds left.\n|inactive|yjbfnrujj has 5 seconds left.\n|-message|yjbfnrujj lost due to inactivity.\n|\n|win|vyxl\n|raw|yjbfnrujj's rating: 1000 → 1000<\/strong> (+0 for losing)\n|raw|vyxl's rating: 1083 → 1104<\/strong> (+21 for winning)\n","uploadtime":1682948434,"views":18,"p1id":"yjbfnrujj","p2id":"vyxl","formatid":"gen9vgc2023regulationc","rating":1000,"private":0,"password":""}