{"id":"gen9vgc2023regulationc-1860847869","p1":"jfjf","p2":"cousingary","format":"[Gen 9] VGC 2023 Regulation C","log":"|j|\u2606jfjf\n|j|\u2606cousingary\n|t:|1683685305\n|gametype|doubles\n|player|p1|jfjf|169|1257\n|player|p2|cousingary|2|1255\n|teamsize|p1|6\n|teamsize|p2|6\n|gen|9\n|tier|[Gen 9] VGC 2023 Regulation C\n|rated|\n|rule|Species Clause: Limit one of each Pok\u00e9mon\n|rule|Item Clause: Limit one of each item\n|clearpoke\n|poke|p1|Ceruledge, L50, M|\n|poke|p1|Gyarados, L50, F|\n|poke|p1|Amoonguss, L50, M|\n|poke|p1|Flutter Mane, L50|\n|poke|p1|Murkrow, L50, M|\n|poke|p1|Great Tusk, L50|\n|poke|p2|Chien-Pao, L50|\n|poke|p2|Flutter Mane, L50|\n|poke|p2|Gyarados, L50, F|\n|poke|p2|Talonflame, L50, F|\n|poke|p2|Great Tusk, L50|\n|poke|p2|Bronzong, L50|\n|teampreview|4\n|inactive|Battle timer is ON: inactive players will automatically lose when time's up. (requested by cousingary)\n|inactive|jfjf has 60 seconds left.\n|inactive|cousingary has 60 seconds left.\n|\n|t:|1683685350\n|start\n|switch|p1a: Gyarados|Gyarados, L50, F|100\/100\n|switch|p1b: Amoonguss|Amoonguss, L50, M|100\/100\n|switch|p2a: Talonflame|Talonflame, L50, F|100\/100\n|switch|p2b: Great Tusk|Great Tusk, L50|100\/100\n|-ability|p1a: Gyarados|Intimidate|boost\n|-unboost|p2a: Talonflame|atk|1\n|-fail|p2b: Great Tusk|unboost|[from] item: Clear Amulet|[of] p2b: Great Tusk\n|turn|1\n|inactive|jfjf has 30 seconds left.\n|inactive|cousingary has 30 seconds left.\n|inactive|jfjf has 20 seconds left.\n|inactive|cousingary has 20 seconds left.\n|inactive|jfjf has 15 seconds left.\n|inactive|cousingary has 15 seconds left.\n|inactive|jfjf has 10 seconds left.\n|inactive|cousingary has 10 seconds left.\n|inactive|cousingary has 5 seconds left.\n|\n|t:|1683685405\n|move|p2a: Talonflame|Brave Bird|p1b: Amoonguss\n|-supereffective|p1b: Amoonguss\n|-damage|p1b: Amoonguss|57\/100\n|-damage|p2a: Talonflame|83\/100|[from] Recoil\n|move|p2b: Great Tusk|Rock Slide|p1b: Amoonguss|[spread] p1a,p1b\n|-supereffective|p1a: Gyarados\n|-damage|p1a: Gyarados|58\/100\n|-damage|p1b: Amoonguss|39\/100\n|-enditem|p1b: Amoonguss|Sitrus Berry|[eat]\n|-heal|p1b: Amoonguss|64\/100|[from] item: Sitrus Berry\n|cant|p1a: Gyarados|flinch\n|move|p1b: Amoonguss|Spore|p2b: Great Tusk\n|-status|p2b: Great Tusk|slp|[from] move: Spore\n|\n|upkeep\n|turn|2\n|inactive|jfjf has 30 seconds left.\n|inactive|jfjf has 20 seconds left.\n|\n|t:|1683685440\n|move|p2a: Talonflame|Tailwind|p2a: Talonflame\n|-sidestart|p2: cousingary|move: Tailwind\n|cant|p2b: Great Tusk|slp\n|move|p1a: Gyarados|Waterfall|p2a: Talonflame\n|-supereffective|p2a: Talonflame\n|-damage|p2a: Talonflame|0 fnt\n|faint|p2a: Talonflame\n|move|p1b: Amoonguss|Pollen Puff|p1a: Gyarados\n|-heal|p1a: Gyarados|100\/100\n|\n|upkeep\n|\n|t:|1683685452\n|switch|p2a: Chien-Pao|Chien-Pao, L50|100\/100\n|-ability|p2a: Chien-Pao|Sword of Ruin\n|turn|3\n|\n|t:|1683685467\n|switch|p1b: Ceruledge|Ceruledge, L50, M|100\/100\n|move|p2a: Chien-Pao|Protect|p2a: Chien-Pao\n|-singleturn|p2a: Chien-Pao|Protect\n|move|p1a: Gyarados|Protect|p1a: Gyarados\n|-singleturn|p1a: Gyarados|Protect\n|-curestatus|p2b: Great Tusk|slp|[msg]\n|move|p2b: Great Tusk|Rock Slide|p1a: Gyarados|[spread] p1b\n|-activate|p1a: Gyarados|move: Protect\n|-supereffective|p1b: Ceruledge\n|-damage|p1b: Ceruledge|43\/100\n|\n|upkeep\n|turn|4\n|inactive|jfjf has 30 seconds left.\n|\n|t:|1683685501\n|switch|p1b: Amoonguss|Amoonguss, L50, M|97\/100\n|-terastallize|p2a: Chien-Pao|Flying\n|move|p2a: Chien-Pao|Ice Spinner|p1a: Gyarados\n|-damage|p1a: Gyarados|41\/100\n|move|p2b: Great Tusk|Rock Slide|p1a: Gyarados|[spread] p1a,p1b\n|-supereffective|p1a: Gyarados\n|-damage|p1a: Gyarados|0 fnt\n|-damage|p1b: Amoonguss|72\/100\n|faint|p1a: Gyarados\n|\n|upkeep\n|inactive|jfjf has 30 seconds left.\n|\n|t:|1683685532\n|switch|p1a: Ceruledge|Ceruledge, L50, M|43\/100\n|turn|5\n|inactive|jfjf has 30 seconds left.\n|inactive|jfjf has 20 seconds left.\n|inactive|jfjf has 15 seconds left.\n|inactive|jfjf has 10 seconds left.\n|\n|t:|1683685579\n|move|p1b: Amoonguss|Protect|p1b: Amoonguss\n|-singleturn|p1b: Amoonguss|Protect\n|move|p2a: Chien-Pao|Ice Spinner|p1b: Amoonguss\n|-activate|p1b: Amoonguss|move: Protect\n|move|p2b: Great Tusk|Earthquake|p1b: Amoonguss|[spread] p1a\n|-activate|p1b: Amoonguss|move: Protect\n|-immune|p2a: Chien-Pao\n|-supereffective|p1a: Ceruledge\n|-damage|p1a: Ceruledge|0 fnt\n|faint|p1a: Ceruledge\n|\n|-sideend|p2: cousingary|move: Tailwind\n|upkeep\n|\n|t:|1683685593\n|switch|p1a: Flutter Mane|Flutter Mane, L50|100\/100\n|turn|6\n|\n|t:|1683685612\n|-terastallize|p1a: Flutter Mane|Fairy\n|move|p2a: Chien-Pao|Ice Spinner|p1b: Amoonguss\n|-supereffective|p1b: Amoonguss\n|-damage|p1b: Amoonguss|0 fnt\n|faint|p1b: Amoonguss\n|move|p1a: Flutter Mane|Moonblast|p2b: Great Tusk\n|-supereffective|p2b: Great Tusk\n|-damage|p2b: Great Tusk|0 fnt\n|faint|p2b: Great Tusk\n|-end|p2b: Great Tusk|Protosynthesis|[silent]\n|\n|upkeep\n|\n|t:|1683685621\n|switch|p2b: Gyarados|Gyarados, L50, F|100\/100\n|-ability|p2b: Gyarados|Intimidate|boost\n|-unboost|p1a: Flutter Mane|atk|1\n|turn|7\n|inactive|jfjf has 30 seconds left.\n|\n|t:|1683685648\n|move|p2b: Gyarados|Helping Hand|p2a: Chien-Pao\n|-singleturn|p2a: Chien-Pao|Helping Hand|[of] p2b: Gyarados\n|move|p2a: Chien-Pao|Ice Spinner|p1a: Flutter Mane\n|-damage|p1a: Flutter Mane|0 fnt\n|faint|p1a: Flutter Mane\n|-end|p1a: Flutter Mane|Protosynthesis|[silent]\n|\n|win|cousingary\n|raw|jfjf's rating: 1257 → 1232<\/strong> (-25 for losing)\n|raw|cousingary's rating: 1255 → 1280<\/strong> (+25 for winning)\n|l|\u2606cousingary\n","uploadtime":1683685658,"views":16,"p1id":"jfjf","p2id":"cousingary","formatid":"gen9vgc2023regulationc","rating":1232,"private":0,"password":""}