{"id":"gen9vgc2023regulationc-1848984236","p1":"ManciniTheAmazing","p2":"Camodude27","format":"[Gen 9] VGC 2023 Regulation C","log":"|j|\u2606ManciniTheAmazing\n|j|\u2606Camodude27\n|t:|1682134605\n|gametype|doubles\n|player|p1|ManciniTheAmazing|2|\n|player|p2|Camodude27|palmer|\n|teamsize|p1|6\n|teamsize|p2|6\n|gen|9\n|tier|[Gen 9] VGC 2023 Regulation C\n|rule|Species Clause: Limit one of each Pok\u00e9mon\n|rule|Item Clause: Limit one of each item\n|clearpoke\n|poke|p1|Gholdengo, L50|\n|poke|p1|Grimmsnarl, L50, M|\n|poke|p1|Veluza, L50, M|\n|poke|p1|Toxtricity, L50, F|\n|poke|p1|Tauros-Paldea-Aqua, L50, M|\n|poke|p1|Hattrem, L50, F|\n|poke|p2|Kilowattrel, L50, F|\n|poke|p2|Chi-Yu, L50|\n|poke|p2|Meowscarada, L50, F|\n|poke|p2|Gardevoir, L50, M|\n|poke|p2|Persian, L50, M|\n|poke|p2|Vaporeon, L50, F|\n|teampreview|4\n|c|\u2606ManciniTheAmazing|g1\n|c|\u2606Camodude27|glhf\n|c|\u2606ManciniTheAmazing|u2 fren\n|\n|t:|1682134688\n|start\n|switch|p1a: Yowie|Grimmsnarl, L50, M|100\/100\n|switch|p1b: Boomerang|Hattrem, L50, F|100\/100\n|switch|p2a: Kilowattrel|Kilowattrel, L50, F|100\/100\n|switch|p2b: Meowscarada|Meowscarada, L50, F|100\/100\n|-item|p2a: Kilowattrel|Covert Cloak|[from] ability: Frisk|[of] p1a: Yowie|[identify]\n|-item|p2b: Meowscarada|Focus Sash|[from] ability: Frisk|[of] p1a: Yowie|[identify]\n|turn|1\n|\n|t:|1682134717\n|move|p1a: Yowie|Fake Out|p2b: Meowscarada\n|-damage|p2b: Meowscarada|83\/100\n|move|p2a: Kilowattrel|Thunderbolt|p1b: Boomerang\n|-damage|p1b: Boomerang|69\/100\n|cant|p2b: Meowscarada|flinch\n|move|p1b: Boomerang|Trick Room|p1b: Boomerang\n|-fieldstart|move: Trick Room|[of] p1b: Boomerang\n|\n|upkeep\n|turn|2\n|\n|t:|1682134772\n|switch|p2b: Vaporeon|Vaporeon, L50, F|100\/100\n|move|p1b: Boomerang|Psychic|p2a: Kilowattrel\n|-damage|p2a: Kilowattrel|53\/100\n|move|p1a: Yowie|Spirit Break|p2b: Vaporeon\n|-damage|p2b: Vaporeon|65\/100\n|-unboost|p2b: Vaporeon|spa|1\n|move|p2a: Kilowattrel|Thunderbolt|p1a: Yowie\n|-damage|p1a: Yowie|66\/100\n|\n|-heal|p2b: Vaporeon|71\/100|[from] item: Leftovers\n|upkeep\n|turn|3\n|\n|t:|1682134804\n|switch|p1b: Lamingtons|Toxtricity, L50, F|100\/100\n|move|p1a: Yowie|Spirit Break|p2a: Kilowattrel\n|-damage|p2a: Kilowattrel|0 fnt\n|faint|p2a: Kilowattrel\n|move|p2b: Vaporeon|Calm Mind|p2b: Vaporeon\n|-boost|p2b: Vaporeon|spa|1\n|-boost|p2b: Vaporeon|spd|1\n|\n|-heal|p2b: Vaporeon|76\/100|[from] item: Leftovers\n|upkeep\n|\n|t:|1682134815\n|switch|p2a: Meowscarada|Meowscarada, L50, F|83\/100\n|turn|4\n|\n|t:|1682134832\n|move|p2b: Vaporeon|Protect|p2b: Vaporeon\n|-singleturn|p2b: Vaporeon|Protect\n|move|p1a: Yowie|Spirit Break|p2a: Meowscarada\n|-supereffective|p2a: Meowscarada\n|-damage|p2a: Meowscarada|0 fnt\n|faint|p2a: Meowscarada\n|move|p1b: Lamingtons|Substitute|p1b: Lamingtons\n|-start|p1b: Lamingtons|Substitute\n|-damage|p1b: Lamingtons|76\/100\n|\n|-heal|p2b: Vaporeon|82\/100|[from] item: Leftovers\n|upkeep\n|\n|t:|1682134842\n|switch|p2a: Gardevoir|Gardevoir, L50, M|100\/100\n|turn|5\n|\n|t:|1682134863\n|move|p1a: Yowie|Spirit Break|p2b: Vaporeon\n|-damage|p2b: Vaporeon|43\/100\n|-unboost|p2b: Vaporeon|spa|1\n|move|p2b: Vaporeon|Muddy Water|p1b: Lamingtons|[spread] p1a,p1b\n|-activate|p1b: Lamingtons|move: Substitute|[damage]\n|-damage|p1a: Yowie|50\/100\n|move|p1b: Lamingtons|Overdrive|p2b: Vaporeon|[spread] p2a,p2b\n|-supereffective|p2b: Vaporeon\n|-damage|p2a: Gardevoir|53\/100\n|-damage|p2b: Vaporeon|14\/100\n|-enditem|p1b: Lamingtons|Throat Spray\n|-boost|p1b: Lamingtons|spa|1|[from] item: Throat Spray\n|move|p2a: Gardevoir|Moonblast|p1a: Yowie\n|-supereffective|p1a: Yowie\n|-damage|p1a: Yowie|0 fnt\n|faint|p1a: Yowie\n|\n|-heal|p2b: Vaporeon|20\/100|[from] item: Leftovers\n|-fieldend|move: Trick Room\n|upkeep\n|\n|t:|1682134884\n|switch|p1a: Zooper Dooper|Veluza, L50, M|100\/100\n|turn|6\n|\n|t:|1682134897\n|move|p2b: Vaporeon|Protect|p2b: Vaporeon\n|-singleturn|p2b: Vaporeon|Protect\n|move|p2a: Gardevoir|Moonblast|p1a: Zooper Dooper\n|-damage|p1a: Zooper Dooper|23\/100\n|move|p1a: Zooper Dooper|Psycho Cut|p2b: Vaporeon\n|-activate|p2b: Vaporeon|move: Protect\n|move|p1b: Lamingtons|Overdrive|p2b: Vaporeon|[spread] p2a\n|-activate|p2b: Vaporeon|move: Protect\n|-damage|p2a: Gardevoir|0 fnt\n|faint|p2a: Gardevoir\n|\n|-heal|p2b: Vaporeon|26\/100|[from] item: Leftovers\n|upkeep\n|turn|7\n|\n|t:|1682134915\n|move|p1a: Zooper Dooper|Psycho Cut|p2b: Vaporeon\n|-damage|p2b: Vaporeon|0 fnt\n|faint|p2b: Vaporeon\n|-damage|p1a: Zooper Dooper|14\/100|[from] item: Life Orb\n|\n|win|ManciniTheAmazing\n|c|\u2606Camodude27|gg\n|c|\u2606ManciniTheAmazing|gg\n","uploadtime":1682135286,"views":11,"p1id":"mancinitheamazing","p2id":"camodude27","formatid":"gen9vgc2023regulationc","rating":0,"private":0,"password":""}