{"id":"gen9vgc2023regulationc-1854513982","p1":"zhongqiu","p2":"metalgymleader","format":"[Gen 9] VGC 2023 Regulation C","log":"|j|\u2606zhongqiu\n|j|\u2606metalgymleader\n|t:|1682820750\n|gametype|doubles\n|player|p1|zhongqiu|dawn|\n|player|p2|metalgymleader|colress|\n|teamsize|p1|6\n|teamsize|p2|6\n|gen|9\n|tier|[Gen 9] VGC 2023 Regulation C\n|rule|Species Clause: Limit one of each Pok\u00e9mon\n|rule|Item Clause: Limit one of each item\n|clearpoke\n|poke|p1|Pincurchin, L50, F|\n|poke|p1|Iron Moth, L50|\n|poke|p1|Iron Treads, L50|\n|poke|p1|Iron Hands, L50|\n|poke|p1|Iron Bundle, L50|\n|poke|p1|Iron Jugulis, L50|\n|poke|p2|Bronzong, L50|\n|poke|p2|Tinkaton, L50, F|\n|poke|p2|Kingambit, L50, M|\n|poke|p2|Magnezone, L50|\n|poke|p2|Iron Treads, L50|\n|poke|p2|Armarouge, L50, F|\n|teampreview|4\n|inactive|Battle timer is ON: inactive players will automatically lose when time's up. (requested by zhongqiu)\n|inactive|zhongqiu has 60 seconds left.\n|\n|t:|1682820800\n|start\n|switch|p1a: Iron Hands|Iron Hands, L50|100\/100\n|switch|p1b: Iron Moth|Iron Moth, L50|100\/100\n|switch|p2a: Bronzong|Bronzong, L50|100\/100\n|switch|p2b: Magnezone|Magnezone, L50|100\/100\n|turn|1\n|inactive|zhongqiu has 30 seconds left.\n|\n|t:|1682820831\n|-terastallize|p1b: Iron Moth|Flying\n|-terastallize|p2a: Bronzong|Water\n|move|p2a: Bronzong|Protect|p2a: Bronzong\n|-singleturn|p2a: Bronzong|Protect\n|move|p1b: Iron Moth|Overheat|p2a: Bronzong\n|-activate|p2a: Bronzong|move: Protect\n|move|p1a: Iron Hands|Bulldoze|p2b: Magnezone|[spread] p2b\n|-activate|p2a: Bronzong|move: Protect\n|-immune|p1b: Iron Moth\n|-supereffective|p2b: Magnezone\n|-damage|p2b: Magnezone|35\/100\n|-unboost|p2b: Magnezone|spe|1\n|move|p2b: Magnezone|Mirror Coat||[still]\n|-fail|p2b: Magnezone\n|\n|upkeep\n|turn|2\n|inactive|zhongqiu has 30 seconds left.\n|inactive|zhongqiu has 20 seconds left.\n|inactive|zhongqiu has 15 seconds left.\n|\n|t:|1682820874\n|move|p1b: Iron Moth|Overheat|p2a: Bronzong\n|-resisted|p2a: Bronzong\n|-damage|p2a: Bronzong|75\/100\n|-unboost|p1b: Iron Moth|spa|2\n|move|p1a: Iron Hands|Wild Charge|p2a: Bronzong\n|-supereffective|p2a: Bronzong\n|-damage|p2a: Bronzong|0 fnt\n|faint|p2a: Bronzong\n|-damage|p1a: Iron Hands|87\/100|[from] Recoil\n|move|p2b: Magnezone|Volt Switch|p1b: Iron Moth\n|-supereffective|p1b: Iron Moth\n|-damage|p1b: Iron Moth|20\/100\n|\n|t:|1682820887\n|switch|p2b: Tinkaton|Tinkaton, L50, F|100\/100|[from] Volt Switch\n|-ability|p2b: Tinkaton|Mold Breaker\n|-item|p2b: Tinkaton|Air Balloon\n|\n|upkeep\n|\n|t:|1682820896\n|switch|p2a: Magnezone|Magnezone, L50|35\/100\n|turn|3\n|\n|t:|1682820919\n|-end|p1b: Iron Moth|Quark Drive|[silent]\n|switch|p1b: Pincurchin|Pincurchin, L50, F|100\/100\n|-fieldstart|move: Electric Terrain|[from] ability: Electric Surge|[of] p1b: Pincurchin\n|-activate|p1a: Iron Hands|ability: Quark Drive\n|-start|p1a: Iron Hands|quarkdriveatk\n|move|p2b: Tinkaton|Fake Out|p1a: Iron Hands\n|-crit|p1a: Iron Hands\n|-damage|p1a: Iron Hands|76\/100\n|cant|p1a: Iron Hands|flinch\n|move|p2a: Magnezone|Volt Switch|p1b: Pincurchin\n|-resisted|p1b: Pincurchin\n|-damage|p1b: Pincurchin|66\/100\n|\n|t:|1682820932\n|switch|p2a: Kingambit|Kingambit, L50, M|100\/100|[from] Volt Switch\n|\n|upkeep\n|turn|4\n|\n|t:|1682820948\n|move|p1b: Pincurchin|Protect|p1b: Pincurchin\n|-singleturn|p1b: Pincurchin|Protect\n|move|p2b: Tinkaton|Play Rough|p1a: Iron Hands\n|-supereffective|p1a: Iron Hands\n|-damage|p1a: Iron Hands|26\/100\n|move|p1a: Iron Hands|Volt Switch|p2b: Tinkaton\n|-damage|p2b: Tinkaton|84\/100\n|-enditem|p2b: Tinkaton|Air Balloon\n|\n|t:|1682820960\n|-end|p1a: Iron Hands|Quark Drive|[silent]\n|switch|p1a: Iron Treads|Iron Treads, L50|100\/100|[from] Volt Switch\n|-activate|p1a: Iron Treads|ability: Quark Drive\n|-start|p1a: Iron Treads|quarkdrivespe\n|move|p2a: Kingambit|Kowtow Cleave|p1b: Pincurchin\n|-activate|p1b: Pincurchin|move: Protect\n|\n|upkeep\n|turn|5\n|\n|t:|1682820975\n|switch|p1b: Iron Moth|Iron Moth, L50, tera:Flying|20\/100\n|-activate|p1b: Iron Moth|ability: Quark Drive\n|-start|p1b: Iron Moth|quarkdrivespa\n|move|p2b: Tinkaton|Protect|p2b: Tinkaton\n|-singleturn|p2b: Tinkaton|Protect\n|move|p1a: Iron Treads|Earthquake|p2b: Tinkaton|[spread] p2a\n|-activate|p2b: Tinkaton|move: Protect\n|-immune|p1b: Iron Moth\n|-supereffective|p2a: Kingambit\n|-damage|p2a: Kingambit|35\/100\n|-enditem|p2a: Kingambit|Weakness Policy\n|-boost|p2a: Kingambit|atk|2|[from] item: Weakness Policy\n|-boost|p2a: Kingambit|spa|2|[from] item: Weakness Policy\n|-damage|p1a: Iron Treads|91\/100|[from] item: Life Orb\n|move|p2a: Kingambit|Kowtow Cleave|p1b: Iron Moth\n|-damage|p1b: Iron Moth|0 fnt\n|faint|p1b: Iron Moth\n|-end|p1b: Iron Moth|Quark Drive|[silent]\n|\n|upkeep\n|\n|t:|1682820992\n|switch|p1b: Iron Hands|Iron Hands, L50|26\/100\n|-activate|p1b: Iron Hands|ability: Quark Drive\n|-start|p1b: Iron Hands|quarkdriveatk\n|turn|6\n|\n|t:|1682821006\n|switch|p2a: Magnezone|Magnezone, L50|35\/100\n|move|p1b: Iron Hands|Fake Out|p2b: Tinkaton\n|-resisted|p2b: Tinkaton\n|-damage|p2b: Tinkaton|74\/100\n|move|p1a: Iron Treads|Earthquake|p2a: Magnezone|[spread] p1b,p2a,p2b\n|-supereffective|p1b: Iron Hands\n|-supereffective|p2a: Magnezone\n|-supereffective|p2b: Tinkaton\n|-damage|p1b: Iron Hands|0 fnt\n|-damage|p2a: Magnezone|0 fnt\n|-damage|p2b: Tinkaton|0 fnt\n|faint|p1b: Iron Hands\n|-end|p1b: Iron Hands|Quark Drive|[silent]\n|faint|p2a: Magnezone\n|faint|p2b: Tinkaton\n|-damage|p1a: Iron Treads|81\/100|[from] item: Life Orb\n|\n|upkeep\n|-message|metalgymleader forfeited.\n|\n|win|zhongqiu\n|l|\u2606metalgymleader\n","uploadtime":1682821039,"views":12,"p1id":"zhongqiu","p2id":"metalgymleader","formatid":"gen9vgc2023regulationc","rating":0,"private":0,"password":""}