{"id":"gen9vgc2023regulationc-1848880028","p1":"XZacLee","p2":"rudyxkam","format":"[Gen 9] VGC 2023 Regulation C","log":"|j|\u2606XZacLee\n|j|\u2606rudyxkam\n|t:|1682121098\n|gametype|doubles\n|player|p1|XZacLee|larry|1314\n|player|p2|rudyxkam|gardenia|1294\n|teamsize|p1|6\n|teamsize|p2|6\n|gen|9\n|tier|[Gen 9] VGC 2023 Regulation C\n|rated|\n|rule|Species Clause: Limit one of each Pok\u00e9mon\n|rule|Item Clause: Limit one of each item\n|clearpoke\n|poke|p1|Palafin, L50, M|\n|poke|p1|Arcanine, L50, M|\n|poke|p1|Flutter Mane, L50|\n|poke|p1|Amoonguss, L50, F|\n|poke|p1|Ting-Lu, L50|\n|poke|p1|Roaring Moon, L50|\n|poke|p2|Grimmsnarl, L50, M|\n|poke|p2|Talonflame, L50, M|\n|poke|p2|Baxcalibur, L50, F|\n|poke|p2|Corviknight, L50, M|\n|poke|p2|Ting-Lu, L50|\n|poke|p2|Flutter Mane, L50|\n|teampreview|4\n|inactive|Battle timer is ON: inactive players will automatically lose when time's up. (requested by rudyxkam)\n|c|\u2606rudyxkam|glhf!\nrudyxkam has agreed to open team sheets.\n|c|\u2606XZacLee|glhf\nXZacLee has agreed to open team sheets.\n|c|\u2606rudyxkam|hmmmm\n|c|\u2606rudyxkam|this team looks familiar\n|c|\u2606XZacLee|might be mr chuas\n|inactive|XZacLee has 60 seconds left.\n|inactive|rudyxkam has 60 seconds left.\n|c|\u2606rudyxkam|idk where I've seen it though\n|c|\u2606rudyxkam|lol i know\n|inactive|XZacLee has 30 seconds left.\n|inactive|XZacLee has 20 seconds left.\n|inactive|XZacLee has 15 seconds left.\n|\n|t:|1682121176\n|start\n|switch|p1a: Flutter Mane|Flutter Mane, L50|100\/100\n|switch|p1b: Palafin|Palafin, L50, M|100\/100\n|switch|p2a: T. Gojira|Baxcalibur, L50, F, shiny|100\/100\n|switch|p2b: King Caesar|Grimmsnarl, L50, M, shiny|100\/100\n|turn|1\n|inactive|XZacLee has 30 seconds left.\n|\n|t:|1682121206\n|detailschange|p1b: Palafin|Palafin-Hero, L50, M\n|switch|p1b: Arcanine|Arcanine, L50, M|100\/100\n|-ability|p1b: Arcanine|Intimidate|boost\n|-fail|p2a: T. Gojira|unboost|[from] item: Clear Amulet|[of] p2a: T. Gojira\n|-unboost|p2b: King Caesar|atk|1\n|-terastallize|p2a: T. Gojira|Poison\n|move|p2a: T. Gojira|Ice Shard|p1a: Flutter Mane\n|-damage|p1a: Flutter Mane|61\/100\n|move|p2b: King Caesar|Light Screen|p2b: King Caesar\n|-sidestart|p2: rudyxkam|move: Light Screen\n|move|p1a: Flutter Mane|Shadow Ball|p2a: T. Gojira\n|-damage|p2a: T. Gojira|66\/100\n|\n|upkeep\n|turn|2\n|inactive|XZacLee has 30 seconds left.\n|inactive|XZacLee has 20 seconds left.\n|inactive|XZacLee has 15 seconds left.\n|\n|t:|1682121251\n|move|p2b: King Caesar|Thunder Wave|p1a: Flutter Mane\n|-status|p1a: Flutter Mane|par\n|move|p1b: Arcanine|Flare Blitz|p2a: T. Gojira\n|-damage|p2a: T. Gojira|28\/100\n|-ability|p2a: T. Gojira|Thermal Exchange|boost\n|-boost|p2a: T. Gojira|atk|1\n|-damage|p1b: Arcanine|86\/100|[from] Recoil\n|move|p2a: T. Gojira|Icicle Crash|p1a: Flutter Mane\n|-damage|p1a: Flutter Mane|0 fnt\n|faint|p1a: Flutter Mane\n|-end|p1a: Flutter Mane|Protosynthesis|[silent]\n|\n|upkeep\n|\n|t:|1682121257\n|switch|p1a: Palafin|Palafin-Hero, L50, M|100\/100\n|-activate|p1a: Palafin|ability: Zero to Hero\n|turn|3\n|\n|t:|1682121278\n|switch|p2a: Gigan|Corviknight, L50, M, shiny|100\/100\n|-terastallize|p1a: Palafin|Water\n|move|p1a: Palafin|Jet Punch|p2a: Gigan\n|-damage|p2a: Gigan|57\/100\n|move|p2b: King Caesar|Reflect|p2b: King Caesar\n|-sidestart|p2: rudyxkam|Reflect\n|move|p1b: Arcanine|Howl|p1b: Arcanine|[spread] p1a,p1b\n|-boost|p1a: Palafin|atk|1\n|-boost|p1b: Arcanine|atk|1\n|\n|upkeep\n|turn|4\n|inactive|XZacLee has 30 seconds left.\n|inactive|rudyxkam has 30 seconds left.\n|inactive|rudyxkam has 20 seconds left.\n|\n|t:|1682121314\n|move|p2b: King Caesar|Thunder Wave|p1a: Palafin\n|-status|p1a: Palafin|par\n|move|p1b: Arcanine|Howl|p1b: Arcanine|[spread] p1a,p1b\n|-boost|p1a: Palafin|atk|1\n|-boost|p1b: Arcanine|atk|1\n|move|p2a: Gigan|Brave Bird|p1a: Palafin\n|-damage|p1a: Palafin|65\/100 par\n|-damage|p2a: Gigan|45\/100|[from] Recoil\n|move|p1a: Palafin|Wave Crash|p2a: Gigan\n|-damage|p2a: Gigan|0 fnt\n|faint|p2a: Gigan\n|-damage|p1a: Palafin|49\/100 par|[from] Recoil\n|\n|upkeep\n|\n|t:|1682121337\n|switch|p2a: Shobijin|Flutter Mane, L50, shiny|100\/100\n|turn|5\n|\n|t:|1682121349\n|move|p2b: King Caesar|Thunder Wave|p1b: Arcanine\n|-status|p1b: Arcanine|par\n|move|p1a: Palafin|Jet Punch|p2a: Shobijin\n|-damage|p2a: Shobijin|0 fnt\n|faint|p2a: Shobijin\n|-end|p2a: Shobijin|Protosynthesis|[silent]\n|cant|p1b: Arcanine|par\n|\n|upkeep\n|\n|t:|1682121355\n|switch|p2a: T. Gojira|Baxcalibur, L50, F, shiny, tera:Poison|28\/100\n|turn|6\n|\n|t:|1682121362\n|move|p1b: Arcanine|Extreme Speed|p2a: T. Gojira\n|-damage|p2a: T. Gojira|5\/100\n|move|p1a: Palafin|Jet Punch|p2a: T. Gojira\n|-damage|p2a: T. Gojira|0 fnt\n|faint|p2a: T. Gojira\n|move|p2b: King Caesar|Spirit Break|p1b: Arcanine\n|-resisted|p1b: Arcanine\n|-damage|p1b: Arcanine|77\/100 par\n|-unboost|p1b: Arcanine|spa|1\n|\n|upkeep\n|turn|7\n|c|\u2606rudyxkam|gg!\n|c|\u2606XZacLee|ggs\n|\n|t:|1682121374\n|move|p2b: King Caesar|Spirit Break|p1a: Palafin\n|-damage|p1a: Palafin|30\/100 par\n|-unboost|p1a: Palafin|spa|1\n|move|p1b: Arcanine|Flare Blitz|p2b: King Caesar\n|-crit|p2b: King Caesar\n|-damage|p2b: King Caesar|0 fnt\n|faint|p2b: King Caesar\n|-damage|p1b: Arcanine|43\/100 par|[from] Recoil\n|\n|win|XZacLee\n|raw|XZacLee's rating: 1314 → 1333<\/strong> (+19 for winning)\n|raw|rudyxkam's rating: 1294 → 1270<\/strong> (-24 for losing)\n|l|\u2606XZacLee\n","uploadtime":1682121393,"views":5,"p1id":"xzaclee","p2id":"rudyxkam","formatid":"gen9vgc2023regulationc","rating":1270,"private":0,"password":""}