{"id":"gen9vgc2023regulationc-1861383669","p1":"givi","p2":"RazorSquid","format":"[Gen 9] VGC 2023 Regulation C","log":"|j|\u2606givi\n|j|\u2606RazorSquid\n|t:|1683751819\n|gametype|doubles\n|player|p1|givi|lucas|1129\n|player|p2|RazorSquid|roughneck-gen4|1200\n|teamsize|p1|6\n|teamsize|p2|6\n|gen|9\n|tier|[Gen 9] VGC 2023 Regulation C\n|rated|\n|rule|Species Clause: Limit one of each Pok\u00e9mon\n|rule|Item Clause: Limit one of each item\n|clearpoke\n|poke|p1|Sandy Shocks, L50|\n|poke|p1|Torkoal, L50, F|\n|poke|p1|Espathra, L50, F|\n|poke|p1|Brute Bonnet, L50|\n|poke|p1|Flutter Mane, L50|\n|poke|p1|Chi-Yu, L50|\n|poke|p2|Muk, L50, F|\n|poke|p2|Tyranitar, L50, M|\n|poke|p2|Lycanroc, L50, M|\n|poke|p2|Flutter Mane, L50|\n|poke|p2|Amoonguss, L50, F|\n|poke|p2|Gyarados, L50, M|\n|teampreview|4\n|inactive|Battle timer is ON: inactive players will automatically lose when time's up. (requested by RazorSquid)\nRazorSquid has agreed to open team sheets.\n|inactive|RazorSquid has 60 seconds left.\n|\n|t:|1683751851\n|start\n|switch|p1a: Sandy Shocks|Sandy Shocks, L50|100\/100\n|switch|p1b: Espathra|Espathra, L50, F|100\/100\n|switch|p2a: Muk|Muk, L50, F, shiny|100\/100\n|switch|p2b: Flutter Mane|Flutter Mane, L50|100\/100\n|turn|1\n|inactive|givi has 30 seconds left.\n|inactive|givi has 20 seconds left.\n|\n|t:|1683751887\n|-terastallize|p2b: Flutter Mane|Fairy\n|move|p1b: Espathra|Protect|p1b: Espathra\n|-singleturn|p1b: Espathra|Protect\n|move|p2b: Flutter Mane|Moonblast|p1a: Sandy Shocks\n|-enditem|p1a: Sandy Shocks|Focus Sash\n|-damage|p1a: Sandy Shocks|1\/100\n|move|p1a: Sandy Shocks|Gravity|p1a: Sandy Shocks\n|-fieldstart|move: Gravity\n|move|p2a: Muk|Haze|p2a: Muk\n|-clearallboost\n|\n|-ability|p1b: Espathra|Speed Boost|boost\n|-boost|p1b: Espathra|spe|1\n|upkeep\n|turn|2\n|inactive|givi has 30 seconds left.\n|\n|t:|1683751920\n|move|p2a: Muk|Shadow Sneak|p1a: Sandy Shocks\n|-damage|p1a: Sandy Shocks|0 fnt\n|faint|p1a: Sandy Shocks\n|-end|p1a: Sandy Shocks|Protosynthesis|[silent]\n|move|p1b: Espathra|Hypnosis|p2b: Flutter Mane\n|-status|p2b: Flutter Mane|slp|[from] move: Hypnosis\n|cant|p2b: Flutter Mane|slp\n|\n|-ability|p1b: Espathra|Speed Boost|boost\n|-boost|p1b: Espathra|spe|1\n|upkeep\n|\n|t:|1683751925\n|switch|p1a: Torkoal|Torkoal, L50, F|100\/100\n|-weather|SunnyDay|[from] ability: Drought|[of] p1a: Torkoal\n|-activate|p2b: Flutter Mane|ability: Protosynthesis\n|-start|p2b: Flutter Mane|protosynthesisspa\n|turn|3\n|\n|t:|1683751932\n|-end|p2b: Flutter Mane|Protosynthesis|[silent]\n|switch|p2b: Tyranitar|Tyranitar, L50, M|100\/100\n|-weather|Sandstorm|[from] ability: Sand Stream|[of] p2b: Tyranitar\n|move|p1b: Espathra|Lumina Crash|p2a: Muk\n|-supereffective|p2a: Muk\n|-damage|p2a: Muk|34\/100\n|-unboost|p2a: Muk|spd|2\n|-enditem|p2a: Muk|Sitrus Berry|[eat]\n|-heal|p2a: Muk|59\/100|[from] item: Sitrus Berry\n|move|p2a: Muk|Gunk Shot|p1b: Espathra\n|-crit|p1b: Espathra\n|-damage|p1b: Espathra|0 fnt\n|faint|p1b: Espathra\n|move|p1a: Torkoal|Heat Wave|p2a: Muk|[spread] p2a,p2b\n|-resisted|p2b: Tyranitar\n|-damage|p2a: Muk|22\/100\n|-damage|p2b: Tyranitar|96\/100\n|\n|-weather|Sandstorm|[upkeep]\n|-damage|p2a: Muk|16\/100|[from] Sandstorm\n|-damage|p1a: Torkoal|94\/100|[from] Sandstorm\n|upkeep\n|\n|t:|1683751945\n|switch|p1b: Flutter Mane|Flutter Mane, L50|100\/100\n|turn|4\n|inactive|RazorSquid has 30 seconds left.\n|\n|t:|1683751976\n|switch|p2b: Flutter Mane|Flutter Mane, L50, tera:Fairy|100\/100 slp\n|-terastallize|p1b: Flutter Mane|Fairy\n|move|p1a: Torkoal|Helping Hand|p1b: Flutter Mane\n|-singleturn|p1b: Flutter Mane|Helping Hand|[of] p1a: Torkoal\n|move|p2a: Muk|Shadow Sneak|p1b: Flutter Mane\n|-damage|p1b: Flutter Mane|82\/100\n|move|p1b: Flutter Mane|Dazzling Gleam|p2a: Muk|[spread] p2a,p2b\n|-resisted|p2a: Muk\n|-damage|p2a: Muk|0 fnt\n|-damage|p2b: Flutter Mane|1\/100 slp\n|faint|p2a: Muk\n|\n|-weather|Sandstorm|[upkeep]\n|-damage|p2b: Flutter Mane|0 fnt|[from] Sandstorm\n|-damage|p1b: Flutter Mane|76\/100|[from] Sandstorm\n|-damage|p1a: Torkoal|88\/100|[from] Sandstorm\n|faint|p2b: Flutter Mane\n|-end|p2b: Flutter Mane|Protosynthesis|[silent]\n|upkeep\n|\n|t:|1683751989\n|switch|p2b: Lycanroc|Lycanroc, L50, M|100\/100\n|switch|p2a: Tyranitar|Tyranitar, L50, M|96\/100\n|turn|5\n|\n|t:|1683752001\n|move|p2b: Lycanroc|Rock Slide|p1a: Torkoal|[spread] p1a,p1b\n|-supereffective|p1a: Torkoal\n|-damage|p1a: Torkoal|51\/100\n|-damage|p1b: Flutter Mane|29\/100\n|move|p1b: Flutter Mane|Dazzling Gleam|p2b: Lycanroc|[spread] p2a,p2b\n|-supereffective|p2a: Tyranitar\n|-damage|p2a: Tyranitar|42\/100\n|-damage|p2b: Lycanroc|33\/100\n|move|p2a: Tyranitar|Rock Slide|p1b: Flutter Mane|[spread] p1a,p1b\n|-supereffective|p1a: Torkoal\n|-damage|p1a: Torkoal|3\/100\n|-damage|p1b: Flutter Mane|0 fnt\n|faint|p1b: Flutter Mane\n|-end|p1b: Flutter Mane|Protosynthesis|[silent]\n|cant|p1a: Torkoal|flinch\n|\n|-weather|Sandstorm|[upkeep]\n|-damage|p1a: Torkoal|0 fnt|[from] Sandstorm\n|faint|p1a: Torkoal\n|\n|win|RazorSquid\n|upkeep\n|raw|givi's rating: 1129 → 1109<\/strong> (-20 for losing)\n|raw|RazorSquid's rating: 1200 → 1220<\/strong> (+20 for winning)\n|l|\u2606givi\n","uploadtime":1683752019,"views":9,"p1id":"givi","p2id":"razorsquid","formatid":"gen9vgc2023regulationc","rating":1109,"private":0,"password":""}