{"id":"gen9vgc2023regulationc-1859975356","p1":"knight8512","p2":"garbinho","format":"[Gen 9] VGC 2023 Regulation C","log":"|j|\u2606knight8512\n|j|\u2606garbinho\n|t:|1683581039\n|gametype|doubles\n|player|p1|knight8512|boarder|1177\n|player|p2|garbinho|266|1118\n|teamsize|p1|6\n|teamsize|p2|6\n|gen|9\n|tier|[Gen 9] VGC 2023 Regulation C\n|rated|\n|rule|Species Clause: Limit one of each Pok\u00e9mon\n|rule|Item Clause: Limit one of each item\n|clearpoke\n|poke|p1|Baxcalibur, L50, F|\n|poke|p1|Flutter Mane, L50|\n|poke|p1|Ting-Lu, L50|\n|poke|p1|Amoonguss, L50, F|\n|poke|p1|Murkrow, L50, M|\n|poke|p1|Chi-Yu, L50|\n|poke|p2|Murkrow, L50, M|\n|poke|p2|Ting-Lu, L50|\n|poke|p2|Gholdengo, L50|\n|poke|p2|Amoonguss, L50, F|\n|poke|p2|Iron Bundle, L50|\n|poke|p2|Ceruledge, L50, M|\n|teampreview|4\n|\n|t:|1683581067\n|start\n|switch|p1a: Murkrow|Murkrow, L50, M|100\/100\n|switch|p1b: Baxcalibur|Baxcalibur, L50, F|100\/100\n|switch|p2a: Stupid bird|Murkrow, L50, M|100\/100\n|switch|p2b: Stupid Giraffe|Ting-Lu, L50|100\/100\n|-ability|p2b: Stupid Giraffe|Vessel of Ruin\n|turn|1\n|inactive|Battle timer is ON: inactive players will automatically lose when time's up. (requested by garbinho)\n|\n|t:|1683581088\n|move|p1a: Murkrow|Tailwind|p1a: Murkrow\n|-sidestart|p1: knight8512|move: Tailwind\n|move|p2a: Stupid bird|Tailwind|p2a: Stupid bird\n|-sidestart|p2: garbinho|move: Tailwind\n|move|p1b: Baxcalibur|Icicle Spear|p2b: Stupid Giraffe\n|-supereffective|p2b: Stupid Giraffe\n|-damage|p2b: Stupid Giraffe|79\/100\n|-supereffective|p2b: Stupid Giraffe\n|-damage|p2b: Stupid Giraffe|60\/100\n|-supereffective|p2b: Stupid Giraffe\n|-damage|p2b: Stupid Giraffe|40\/100\n|-supereffective|p2b: Stupid Giraffe\n|-damage|p2b: Stupid Giraffe|20\/100\n|-supereffective|p2b: Stupid Giraffe\n|-damage|p2b: Stupid Giraffe|1\/100\n|-hitcount|p2b: Stupid Giraffe|5\n|move|p2b: Stupid Giraffe|Fissure|p1b: Baxcalibur|[miss]\n|-miss|p2b: Stupid Giraffe|p1b: Baxcalibur\n|\n|-heal|p2b: Stupid Giraffe|7\/100|[from] item: Leftovers\n|upkeep\n|turn|2\n|inactive|garbinho has 30 seconds left.\n|inactive|garbinho has 20 seconds left.\n|inactive|garbinho has 15 seconds left.\n|\n|t:|1683581129\n|switch|p2a: stupid shrooms|Amoonguss, L50, F|100\/100\n|move|p2b: Stupid Giraffe|Protect|p2b: Stupid Giraffe\n|-singleturn|p2b: Stupid Giraffe|Protect\n|move|p1a: Murkrow|Foul Play|p2b: Stupid Giraffe\n|-activate|p2b: Stupid Giraffe|move: Protect\n|move|p1b: Baxcalibur|Icicle Spear|p2a: stupid shrooms\n|-supereffective|p2a: stupid shrooms\n|-damage|p2a: stupid shrooms|72\/100\n|-supereffective|p2a: stupid shrooms\n|-damage|p2a: stupid shrooms|45\/100\n|-supereffective|p2a: stupid shrooms\n|-damage|p2a: stupid shrooms|15\/100\n|-supereffective|p2a: stupid shrooms\n|-damage|p2a: stupid shrooms|0 fnt\n|faint|p2a: stupid shrooms\n|-hitcount|p2: stupid shrooms|4\n|\n|-heal|p2b: Stupid Giraffe|14\/100|[from] item: Leftovers\n|upkeep\n|\n|t:|1683581149\n|switch|p2a: stupid fire chad|Ceruledge, L50, M|100\/100\n|turn|3\n|\n|t:|1683581170\n|move|p2a: stupid fire chad|Dragon Claw|p1b: Baxcalibur\n|-supereffective|p1b: Baxcalibur\n|-damage|p1b: Baxcalibur|50\/100\n|move|p1a: Murkrow|Foul Play|p2b: Stupid Giraffe\n|-resisted|p2b: Stupid Giraffe\n|-damage|p2b: Stupid Giraffe|0 fnt\n|faint|p2b: Stupid Giraffe\n|move|p1b: Baxcalibur|Icicle Spear|p2a: stupid fire chad\n|-resisted|p2a: stupid fire chad\n|-damage|p2a: stupid fire chad|89\/100\n|-resisted|p2a: stupid fire chad\n|-damage|p2a: stupid fire chad|78\/100\n|-resisted|p2a: stupid fire chad\n|-damage|p2a: stupid fire chad|67\/100\n|-resisted|p2a: stupid fire chad\n|-damage|p2a: stupid fire chad|56\/100\n|-hitcount|p2a: stupid fire chad|4\n|\n|upkeep\n|\n|t:|1683581184\n|switch|p2b: Stupid bird|Murkrow, L50, M|100\/100\n|turn|4\n|\n|t:|1683581199\n|move|p2b: Stupid bird|Protect|p2b: Stupid bird\n|-singleturn|p2b: Stupid bird|Protect\n|move|p1b: Baxcalibur|Protect|p1b: Baxcalibur\n|-singleturn|p1b: Baxcalibur|Protect\n|move|p2a: stupid fire chad|Dragon Claw|p1b: Baxcalibur\n|-activate|p1b: Baxcalibur|move: Protect\n|move|p1a: Murkrow|Foul Play|p2a: stupid fire chad\n|-supereffective|p2a: stupid fire chad\n|-damage|p2a: stupid fire chad|0 fnt\n|faint|p2a: stupid fire chad\n|\n|-sideend|p2: garbinho|move: Tailwind\n|-sideend|p1: knight8512|move: Tailwind\n|upkeep\n|turn|5\n|-message|garbinho forfeited.\n|\n|win|knight8512\n|raw|knight8512's rating: 1177 → 1198<\/strong> (+21 for winning)\n|raw|garbinho's rating: 1118 → 1097<\/strong> (-21 for losing)\n|l|\u2606garbinho\n","uploadtime":1683581224,"views":11,"p1id":"knight8512","p2id":"garbinho","formatid":"gen9vgc2023regulationc","rating":1097,"private":0,"password":""}