{"id":"gen9vgc2023regulationc-1849501096","p1":"Picaro7","p2":"Cheez776","format":"[Gen 9] VGC 2023 Regulation C","log":"|j|\u2606Picaro7\n|j|\u2606Cheez776\n|t:|1682205951\n|gametype|doubles\n|player|p1|Picaro7|gambler|1087\n|player|p2|Cheez776|1|1087\n|teamsize|p1|6\n|teamsize|p2|6\n|gen|9\n|tier|[Gen 9] VGC 2023 Regulation C\n|rated|\n|rule|Species Clause: Limit one of each Pok\u00e9mon\n|rule|Item Clause: Limit one of each item\n|clearpoke\n|poke|p1|Arcanine, L50, M|\n|poke|p1|Lucario, L50, M|\n|poke|p1|Tyranitar, L50, F|\n|poke|p1|Dragapult, L50, M|\n|poke|p1|Scream Tail, L50|\n|poke|p1|Amoonguss, L50, F|\n|poke|p2|Gholdengo, L50|\n|poke|p2|Dragonite, L50, F|\n|poke|p2|Iron Bundle, L50|\n|poke|p2|Palafin, L50, F|\n|poke|p2|Chien-Pao, L50|\n|poke|p2|Glimmora, L50, F|\n|teampreview|4\n|\n|t:|1682205983\n|start\n|switch|p1a: Tyranitar|Tyranitar, L50, F|100\/100\n|switch|p1b: Scream Tail|Scream Tail, L50|100\/100\n|switch|p2a: Gholdengo|Gholdengo, L50|100\/100\n|switch|p2b: Palafin|Palafin, L50, F|100\/100\n|-ability|p1a: Tyranitar|Unnerve\n|-enditem|p1b: Scream Tail|Booster Energy\n|-activate|p1b: Scream Tail|ability: Protosynthesis|[fromitem]\n|-start|p1b: Scream Tail|protosynthesisspe\n|turn|1\n|\n|t:|1682206022\n|detailschange|p2b: Palafin|Palafin-Hero, L50, F\n|switch|p2b: Glimmora|Glimmora, L50, F|100\/100\n|-terastallize|p2a: Gholdengo|Steel\n|move|p1b: Scream Tail|Thunder Wave|p2b: Glimmora\n|-status|p2b: Glimmora|par\n|move|p2a: Gholdengo|Make It Rain|p1b: Scream Tail|[spread] p1a,p1b\n|-supereffective|p1a: Tyranitar\n|-supereffective|p1b: Scream Tail\n|-damage|p1a: Tyranitar|0 fnt\n|-damage|p1b: Scream Tail|0 fnt\n|-unboost|p2a: Gholdengo|spa|1\n|faint|p1a: Tyranitar\n|faint|p1b: Scream Tail\n|-end|p1b: Scream Tail|Protosynthesis|[silent]\n|\n|upkeep\n|\n|t:|1682206037\n|switch|p1b: Lucario|Lucario, L50, M, shiny|100\/100\n|switch|p1a: Dragapult|Dragapult, L50, M, shiny|100\/100\n|turn|2\n|\n|t:|1682206064\n|-terastallize|p1a: Dragapult|Ghost\n|move|p1a: Dragapult|Phantom Force||[still]\n|-prepare|p1a: Dragapult|Phantom Force\n|move|p1b: Lucario|Drain Punch|p2a: Gholdengo\n|-supereffective|p2a: Gholdengo\n|-damage|p2a: Gholdengo|0 fnt\n|faint|p2a: Gholdengo\n|-damage|p1b: Lucario|91\/100|[from] item: Life Orb\n|move|p2b: Glimmora|Earth Power|p1b: Lucario\n|-supereffective|p1b: Lucario\n|-damage|p1b: Lucario|0 fnt\n|faint|p1b: Lucario\n|\n|upkeep\n|\n|t:|1682206076\n|switch|p2a: Palafin|Palafin-Hero, L50, F|100\/100\n|-activate|p2a: Palafin|ability: Zero to Hero\n|turn|3\n|\n|t:|1682206084\n|move|p2a: Palafin|Protect|p2a: Palafin\n|-singleturn|p2a: Palafin|Protect\n|move|p1a: Dragapult|Phantom Force|p2a: Palafin|[from]lockedmove\n|-activate|p2a: Palafin|move: Phantom Force|[broken]\n|-damage|p2a: Palafin|16\/100\n|cant|p2b: Glimmora|par\n|\n|upkeep\n|turn|4\n|\n|t:|1682206111\n|move|p1a: Dragapult|Phantom Force||[still]\n|-prepare|p1a: Dragapult|Phantom Force\n|move|p2a: Palafin|Wave Crash|p1a: Dragapult|[miss]\n|-miss|p2a: Palafin|p1a: Dragapult\n|move|p2b: Glimmora|Sludge Bomb|p1a: Dragapult|[miss]\n|-miss|p2b: Glimmora|p1a: Dragapult\n|\n|upkeep\n|turn|5\n|\n|t:|1682206130\n|switch|p2a: Iron Bundle|Iron Bundle, L50|100\/100\n|-enditem|p2a: Iron Bundle|Booster Energy\n|-activate|p2a: Iron Bundle|ability: Quark Drive|[fromitem]\n|-start|p2a: Iron Bundle|quarkdrivespe\n|move|p1a: Dragapult|Phantom Force|p2a: Iron Bundle|[from]lockedmove\n|-damage|p2a: Iron Bundle|0 fnt\n|faint|p2a: Iron Bundle\n|-end|p2a: Iron Bundle|Quark Drive|[silent]\n|cant|p2b: Glimmora|par\n|\n|upkeep\n|-message|Cheez776 forfeited.\n|\n|win|Picaro7\n|raw|Picaro7's rating: 1087 → 1114<\/strong> (+27 for winning)\n|raw|Cheez776's rating: 1087 → 1064<\/strong> (-23 for losing)\n|l|\u2606Cheez776\n","uploadtime":1682206236,"views":4,"p1id":"picaro7","p2id":"cheez776","formatid":"gen9vgc2023regulationc","rating":1064,"private":0,"password":""}