{"id":"gen9vgc2023regulationc-1846709929","p1":"NeverOnce","p2":"lmorais","format":"[Gen 9] VGC 2023 Regulation C","log":"|j|\u2606NeverOnce\n|j|\u2606lmorais\n|t:|1681868637\n|gametype|doubles\n|player|p1|NeverOnce|2|1123\n|player|p2|lmorais|265|1134\n|teamsize|p1|6\n|teamsize|p2|6\n|gen|9\n|tier|[Gen 9] VGC 2023 Regulation C\n|rated|\n|rule|Species Clause: Limit one of each Pok\u00e9mon\n|rule|Item Clause: Limit one of each item\n|clearpoke\n|poke|p1|Dondozo, L50, M|\n|poke|p1|Tatsugiri, L50, M|\n|poke|p1|Glimmora, L50, F|\n|poke|p1|Chi-Yu, L50|\n|poke|p1|Dragonite, L50, F|\n|poke|p1|Flutter Mane, L50|\n|poke|p2|Baxcalibur, L50, M|\n|poke|p2|Tatsugiri, L50, F|\n|poke|p2|Arcanine, L50, F|\n|poke|p2|Flutter Mane, L50|\n|poke|p2|Amoonguss, L50, F|\n|poke|p2|Gholdengo, L50|\n|teampreview|4\nNeverOnce has agreed to open team sheets.\n|inactive|Battle timer is ON: inactive players will automatically lose when time's up. (requested by NeverOnce)\n|\n|t:|1681868703\n|start\n|switch|p1a: DozoingOff|Dondozo, L50, M|100\/100\n|switch|p1b: Sashimi Sam|Tatsugiri, L50, M|100\/100\n|switch|p2a: Arcanine|Arcanine, L50, F|100\/100\n|switch|p2b: Tatsugiri|Tatsugiri, L50, F|100\/100\n|-activate|p1b: Sashimi Sam|ability: Commander|[of] p1a: DozoingOff\n|-boost|p1a: DozoingOff|atk|2\n|-boost|p1a: DozoingOff|spa|2\n|-boost|p1a: DozoingOff|spe|2\n|-boost|p1a: DozoingOff|def|2\n|-boost|p1a: DozoingOff|spd|2\n|-ability|p2a: Arcanine|Intimidate|boost\n|-fail|p1a: DozoingOff|unboost|Attack|[from] ability: Oblivious|[of] p1a: DozoingOff\n|-unboost|p1b: Sashimi Sam|atk|1\n|turn|1\n|inactive|NeverOnce has 30 seconds left.\n|inactive|lmorais has 30 seconds left.\n|inactive|lmorais has 20 seconds left.\n|inactive|lmorais has 15 seconds left.\n|inactive|lmorais has 10 seconds left.\n|\n|t:|1681868751\n|-terastallize|p2a: Arcanine|Water\n|move|p2b: Tatsugiri|Dragon Pulse|p1a: DozoingOff\n|-damage|p1a: DozoingOff|86\/100\n|move|p2a: Arcanine|Will-O-Wisp|p1a: DozoingOff\n|-status|p1a: DozoingOff|brn\n|move|p1a: DozoingOff|Order Up|p2b: Tatsugiri\n|-supereffective|p2b: Tatsugiri\n|-damage|p2b: Tatsugiri|36\/100\n|-boost|p1a: DozoingOff|atk|1\n|\n|-heal|p1a: DozoingOff|93\/100 brn|[from] item: Leftovers\n|-damage|p1a: DozoingOff|86\/100 brn|[from] brn\n|upkeep\n|turn|2\n|inactive|lmorais has 30 seconds left.\n|\n|t:|1681868777\n|switch|p2b: Gholdengo|Gholdengo, L50|100\/100\n|move|p2a: Arcanine|Extreme Speed|p1a: DozoingOff\n|-damage|p1a: DozoingOff|78\/100 brn\n|move|p1a: DozoingOff|Order Up|p2b: Gholdengo\n|-resisted|p2b: Gholdengo\n|-damage|p2b: Gholdengo|86\/100\n|-boost|p1a: DozoingOff|atk|1\n|\n|-heal|p1a: DozoingOff|85\/100 brn|[from] item: Leftovers\n|-damage|p1a: DozoingOff|78\/100 brn|[from] brn\n|upkeep\n|turn|3\n|inactive|lmorais has 30 seconds left.\n|\n|t:|1681868808\n|switch|p2a: Tatsugiri|Tatsugiri, L50, F|36\/100\n|move|p2b: Gholdengo|Shadow Ball|p1a: DozoingOff\n|-damage|p1a: DozoingOff|55\/100 brn\n|-damage|p2b: Gholdengo|76\/100|[from] item: Life Orb\n|move|p1a: DozoingOff|Earthquake|p2a: Tatsugiri|[spread] p2a,p2b\n|-miss|p1a: DozoingOff|p1b: Sashimi Sam\n|-supereffective|p2b: Gholdengo\n|-damage|p2a: Tatsugiri|0 fnt\n|-damage|p2b: Gholdengo|20\/100\n|faint|p2a: Tatsugiri\n|\n|-heal|p1a: DozoingOff|61\/100 brn|[from] item: Leftovers\n|-damage|p1a: DozoingOff|55\/100 brn|[from] brn\n|upkeep\n|\n|t:|1681868822\n|switch|p2a: Arcanine|Arcanine, L50, F, tera:Water|100\/100\n|-ability|p2a: Arcanine|Intimidate|boost\n|-fail|p1a: DozoingOff|unboost|Attack|[from] ability: Oblivious|[of] p1a: DozoingOff\n|-unboost|p1b: Sashimi Sam|atk|1\n|turn|4\n|\n|t:|1681868845\n|move|p2a: Arcanine|Extreme Speed|p1a: DozoingOff\n|-damage|p1a: DozoingOff|47\/100 brn\n|move|p2b: Gholdengo|Shadow Ball|p1a: DozoingOff\n|-damage|p1a: DozoingOff|23\/100 brn\n|-unboost|p1a: DozoingOff|spd|1\n|-damage|p2b: Gholdengo|10\/100|[from] item: Life Orb\n|move|p1a: DozoingOff|Earthquake|p2b: Gholdengo|[spread] p2a,p2b\n|-miss|p1a: DozoingOff|p1b: Sashimi Sam\n|-supereffective|p2b: Gholdengo\n|-damage|p2a: Arcanine|65\/100\n|-damage|p2b: Gholdengo|0 fnt\n|faint|p2b: Gholdengo\n|\n|-heal|p1a: DozoingOff|29\/100 brn|[from] item: Leftovers\n|-damage|p1a: DozoingOff|23\/100 brn|[from] brn\n|upkeep\n|\n|t:|1681868860\n|switch|p2b: Baxcalibur|Baxcalibur, L50, M|100\/100\n|turn|5\n|\n|t:|1681868874\n|move|p2a: Arcanine|Extreme Speed|p1a: DozoingOff\n|-damage|p1a: DozoingOff|15\/100 brn\n|move|p2b: Baxcalibur|Icicle Spear|p1a: DozoingOff\n|-resisted|p1a: DozoingOff\n|-crit|p1a: DozoingOff\n|-damage|p1a: DozoingOff|9\/100 brn\n|-resisted|p1a: DozoingOff\n|-damage|p1a: DozoingOff|7\/100 brn\n|-resisted|p1a: DozoingOff\n|-crit|p1a: DozoingOff\n|-damage|p1a: DozoingOff|1\/100 brn\n|-resisted|p1a: DozoingOff\n|-damage|p1a: DozoingOff|0 fnt\n|faint|p1a: DozoingOff\n|-hitcount|p1: DozoingOff|4\n|\n|upkeep\n|\n|t:|1681868880\n|switch|p1a: GlimmoraofHope|Glimmora, L50, F|100\/100\n|turn|6\n|\n|t:|1681868904\n|switch|p1b: NotMisdrevus|Flutter Mane, L50|100\/100\n|-enditem|p1b: NotMisdrevus|Booster Energy\n|-activate|p1b: NotMisdrevus|ability: Protosynthesis|[fromitem]\n|-start|p1b: NotMisdrevus|protosynthesisspa\n|move|p1a: GlimmoraofHope|Mortal Spin|p2b: Baxcalibur|[spread] p2a,p2b\n|-damage|p2a: Arcanine|60\/100\n|-damage|p2b: Baxcalibur|96\/100\n|-status|p2a: Arcanine|psn\n|-status|p2b: Baxcalibur|psn\n|move|p2b: Baxcalibur|Icicle Spear|p1a: GlimmoraofHope\n|-damage|p1a: GlimmoraofHope|85\/100\n|-activate|p1a: GlimmoraofHope|ability: Toxic Debris\n|-sidestart|p2: lmorais|move: Toxic Spikes\n|-damage|p1a: GlimmoraofHope|67\/100\n|-activate|p1a: GlimmoraofHope|ability: Toxic Debris\n|-sidestart|p2: lmorais|move: Toxic Spikes\n|-damage|p1a: GlimmoraofHope|50\/100\n|-damage|p1a: GlimmoraofHope|32\/100\n|-hitcount|p1a: GlimmoraofHope|4\n|move|p2a: Arcanine|Flare Blitz|p1a: GlimmoraofHope\n|-resisted|p1a: GlimmoraofHope\n|-damage|p1a: GlimmoraofHope|0 fnt\n|faint|p1a: GlimmoraofHope\n|-damage|p2a: Arcanine|52\/100 psn|[from] Recoil\n|\n|-damage|p2b: Baxcalibur|84\/100 psn|[from] psn\n|-damage|p2a: Arcanine|39\/100 psn|[from] psn\n|upkeep\n|inactive|NeverOnce has 30 seconds left.\n|\n|t:|1681868930\n|switch|p1a: Sashimi Sam|Tatsugiri, L50, M|100\/100\n|turn|7\n|inactive|NeverOnce has 30 seconds left.\n|\n|t:|1681868958\n|-terastallize|p1b: NotMisdrevus|Fairy\n|move|p1b: NotMisdrevus|Moonblast|p2b: Baxcalibur\n|-supereffective|p2b: Baxcalibur\n|-damage|p2b: Baxcalibur|0 fnt\n|faint|p2b: Baxcalibur\n|move|p1a: Sashimi Sam|Draco Meteor|p2a: Arcanine\n|-damage|p2a: Arcanine|0 fnt\n|-unboost|p1a: Sashimi Sam|spa|2\n|faint|p2a: Arcanine\n|\n|win|NeverOnce\n|raw|NeverOnce's rating: 1123 → 1149<\/strong> (+26 for winning)\n|raw|lmorais's rating: 1134 → 1108<\/strong> (-26 for losing)\n","uploadtime":1681868972,"views":18,"p1id":"neveronce","p2id":"lmorais","formatid":"gen9vgc2023regulationc","rating":1108,"private":0,"password":""}