{"id":"gen9vgc2023regulationc-1849503341","p1":"MarkOnWindows","p2":"SpeedyLinguine","format":"[Gen 9] VGC 2023 Regulation C","log":"|j|\u2606MarkOnWindows\n|j|\u2606SpeedyLinguine\n|t:|1682206232\n|gametype|doubles\n|player|p1|MarkOnWindows|skier|\n|player|p2|SpeedyLinguine|hoopster|\n|teamsize|p1|6\n|teamsize|p2|6\n|gen|9\n|tier|[Gen 9] VGC 2023 Regulation C\n|rule|Species Clause: Limit one of each Pok\u00e9mon\n|rule|Item Clause: Limit one of each item\n|clearpoke\n|poke|p1|Great Tusk, L50|\n|poke|p1|Sableye, L50, F|\n|poke|p1|Gholdengo, L50|\n|poke|p1|Iron Valiant, L50|\n|poke|p1|Roaring Moon, L50|\n|poke|p1|Amoonguss, L50, M|\n|poke|p2|Flutter Mane, L50|\n|poke|p2|Hydreigon, L50, F|\n|poke|p2|Gholdengo, L50|\n|poke|p2|Talonflame, L50, M|\n|poke|p2|Amoonguss, L50, F|\n|poke|p2|Palafin, L50, F|\n|teampreview|4\nSpeedyLinguine has agreed to open team sheets.\n|\n|t:|1682206261\n|start\n|switch|p1a: Sableye|Sableye, L50, F|100\/100\n|switch|p1b: Iron Valiant|Iron Valiant, L50|100\/100\n|switch|p2a: The House|Hydreigon, L50, F|100\/100\n|switch|p2b: MY GUY|Talonflame, L50, M|100\/100\n|turn|1\n|\n|t:|1682206279\n|switch|p2a: Immovable object|Amoonguss, L50, F|100\/100\n|move|p2b: MY GUY|Brave Bird|p1b: Iron Valiant\n|-supereffective|p1b: Iron Valiant\n|-damage|p1b: Iron Valiant|3\/100\n|-damage|p2b: MY GUY|75\/100|[from] Recoil\n|move|p1a: Sableye|Will-O-Wisp|p2a: Immovable object|[miss]\n|-miss|p1a: Sableye|p2a: Immovable object\n|move|p1b: Iron Valiant|Thunderbolt|p2b: MY GUY\n|-supereffective|p2b: MY GUY\n|-damage|p2b: MY GUY|0 fnt\n|faint|p2b: MY GUY\n|\n|upkeep\n|\n|t:|1682206289\n|switch|p2b: Darth Vader|Flutter Mane, L50|100\/100\n|turn|2\n|\n|t:|1682206309\n|move|p2a: Immovable object|Rage Powder|p2a: Immovable object\n|-singleturn|p2a: Immovable object|move: Rage Powder\n|move|p1a: Sableye|Will-O-Wisp|p2b: Darth Vader\n|-status|p2b: Darth Vader|brn\n|move|p2b: Darth Vader|Moonblast|p1a: Sableye\n|-supereffective|p1a: Sableye\n|-damage|p1a: Sableye|0 fnt\n|faint|p1a: Sableye\n|move|p1b: Iron Valiant|Thunderbolt|p2a: Immovable object\n|-resisted|p2a: Immovable object\n|-damage|p2a: Immovable object|90\/100\n|\n|-damage|p2b: Darth Vader|94\/100 brn|[from] brn\n|upkeep\n|\n|t:|1682206325\n|switch|p1a: Great Tusk|Great Tusk, L50|100\/100\n|turn|3\n|\n|t:|1682206332\n|-terastallize|p1a: Great Tusk|Ground\n|move|p2b: Darth Vader|Dazzling Gleam|p1b: Iron Valiant|[spread] p1a,p1b\n|-supereffective|p1b: Iron Valiant\n|-damage|p1a: Great Tusk|81\/100\n|-damage|p1b: Iron Valiant|0 fnt\n|faint|p1b: Iron Valiant\n|-end|p1b: Iron Valiant|Quark Drive|[silent]\n|move|p1a: Great Tusk|Headlong Rush|p2a: Immovable object\n|-damage|p2a: Immovable object|20\/100\n|-unboost|p1a: Great Tusk|def|1\n|-unboost|p1a: Great Tusk|spd|1\n|-enditem|p2a: Immovable object|Sitrus Berry|[eat]\n|-heal|p2a: Immovable object|45\/100|[from] item: Sitrus Berry\n|move|p2a: Immovable object|Spore|p1a: Great Tusk\n|-status|p1a: Great Tusk|slp|[from] move: Spore\n|\n|-damage|p2b: Darth Vader|88\/100 brn|[from] brn\n|upkeep\n|\n|t:|1682206341\n|switch|p1b: Gholdengo|Gholdengo, L50|100\/100\n|turn|4\n|\n|t:|1682206356\n|move|p2a: Immovable object|Rage Powder|p2a: Immovable object\n|-singleturn|p2a: Immovable object|move: Rage Powder\n|move|p1b: Gholdengo|Make It Rain|p2a: Immovable object|[spread] p2a,p2b\n|-supereffective|p2b: Darth Vader\n|-damage|p2a: Immovable object|6\/100\n|-damage|p2b: Darth Vader|0 fnt\n|-unboost|p1b: Gholdengo|spa|1\n|faint|p2b: Darth Vader\n|-end|p2b: Darth Vader|Protosynthesis|[silent]\n|cant|p1a: Great Tusk|slp\n|\n|upkeep\n|\n|t:|1682206362\n|switch|p2b: The House|Hydreigon, L50, F|100\/100\n|turn|5\n|\n|t:|1682206376\n|-terastallize|p2b: The House|Fire\n|move|p1b: Gholdengo|Make It Rain|p2a: Immovable object|[spread] p2a,p2b\n|-resisted|p2b: The House\n|-damage|p2a: Immovable object|0 fnt\n|-damage|p2b: The House|83\/100\n|-unboost|p1b: Gholdengo|spa|1\n|faint|p2a: Immovable object\n|move|p2b: The House|Heat Wave|p1b: Gholdengo|[spread] p1a\n|-miss|p2b: The House|p1b: Gholdengo\n|-damage|p1a: Great Tusk|50\/100 slp\n|-curestatus|p1a: Great Tusk|slp|[msg]\n|move|p1a: Great Tusk|Close Combat|p2b: The House\n|-damage|p2b: The House|16\/100\n|-unboost|p1a: Great Tusk|def|1\n|-unboost|p1a: Great Tusk|spd|1\n|\n|upkeep\n|turn|6\n|\n|t:|1682206398\n|move|p1b: Gholdengo|Make It Rain|p2b: The House\n|-resisted|p2b: The House\n|-damage|p2b: The House|0 fnt\n|-unboost|p1b: Gholdengo|spa|1\n|faint|p2b: The House\n|\n|win|MarkOnWindows\n|l|\u2606SpeedyLinguine\n","uploadtime":1682206421,"views":5,"p1id":"markonwindows","p2id":"speedylinguine","formatid":"gen9vgc2023regulationc","rating":0,"private":0,"password":""}