{"id":"gen9vgc2023regulationc-1848532637","p1":"FunneeMonkee","p2":"ze banded","format":"[Gen 9] VGC 2023 Regulation C","log":"|j|\u2606FunneeMonkee\n|j|\u2606ze banded\n|t:|1682087765\n|gametype|doubles\n|player|p1|FunneeMonkee|lisia|\n|player|p2|ze banded|acetrainer-gen4dp|\n|teamsize|p1|6\n|teamsize|p2|6\n|gen|9\n|tier|[Gen 9] VGC 2023 Regulation C\n|rated|Tournament battle\n|rule|Species Clause: Limit one of each Pok\u00e9mon\n|rule|Item Clause: Limit one of each item\n|clearpoke\n|poke|p1|Iron Hands, L50|\n|poke|p1|Palafin, L50, F|\n|poke|p1|Flutter Mane, L50|\n|poke|p1|Amoonguss, L50, M|\n|poke|p1|Chi-Yu, L50|\n|poke|p1|Ting-Lu, L50|\n|poke|p2|Dondozo, L50, F|\n|poke|p2|Tatsugiri-Droopy, L50, F|\n|poke|p2|Pelipper, L50, F|\n|poke|p2|Drednaw, L50, M|\n|poke|p2|Dragonite, L50, F|\n|poke|p2|Chien-Pao, L50|\n|teampreview|4\n|raw| Open Team Sheet for FunneeMonkee<\/summary>Thick (Iron Hands) @ Safety Goggles Ability: Quark Drive Level: 50 Tera Type: Flying - Fake Out - Drain Punch - Wild Charge - Protect 7 IQ (Palafin) @ Mystic Water Ability: Zero to Hero Level: 50 Shiny: Yes Tera Type: Water - Jet Punch - Wave Crash - Haze - Protect The (Flutter Mane) @ Booster Energy Ability: Protosynthesis Level: 50 Shiny: Yes Tera Type: Water - Dazzling Gleam - Moonblast - Shadow Ball - Protect bogus man (Amoonguss) @ Sitrus Berry Ability: Regenerator Level: 50 Tera Type: Water - Spore - Rage Powder - Pollen Puff - Protect dumb (Chi-Yu) @ Choice Scarf Ability: Beads of Ruin Level: 50 Tera Type: Ghost - Heat Wave - Overheat - Dark Pulse - Snarl uh (Ting-Lu) @ Assault Vest Ability: Vessel of Ruin Level: 50 Tera Type: Poison - Fissure - Stomping Tantrum - Heavy Slam - Ruination <\/details><\/div> Open Team Sheet for ze banded<\/summary>Dondozo @ Life Orb Ability: Unaware Level: 50 Tera Type: Water - Wave Crash - Sleep Talk - Surf - Protect Tatsugiri (Tatsugiri-Droopy) @ Choice Scarf Ability: Commander Level: 50 Shiny: Yes Tera Type: Steel - Draco Meteor - Muddy Water - Icy Wind - Helping Hand Pelipper @ Damp Rock Ability: Drizzle Level: 50 Tera Type: Steel - Hurricane - Hydro Pump - Tailwind - Protect Drednaw @ Choice Band Ability: Swift Swim Level: 50 Tera Type: Grass - Rock Slide - Waterfall - Tera Blast - Earthquake Dragonite @ Lum Berry Ability: Inner Focus Level: 50 Tera Type: Normal - Extreme Speed - Ice Spinner - Thunder Punch - Protect Chien-Pao @ Focus Sash Ability: Sword of Ruin Level: 50 Tera Type: Ice - Ice Spinner - Sucker Punch - Sacred Sword - Protect <\/details><\/div>\n|inactive|Battle timer is ON: inactive players will automatically lose when time's up. (requested by ze banded)\n|j| babiwi bewey\u2714\ufe0f\n|c|\u2606ze banded|glhf\n|j| ROBERT5239423942\n|c|\u2606FunneeMonkee|u2\n|c|\u2606ze banded|drown\n|c| babiwi bewey\u2714\ufe0f|finals hours?\n|j| esotilin123456\n|c|\u2606ze banded|yes\n|j| anyatriesvgc\n|c| babiwi bewey\u2714\ufe0f|\/me vomits\n|l| esotilin123456\n|c| babiwi bewey\u2714\ufe0f|ew surf dozo\n|j| esotilin123456\n|inactive|FunneeMonkee has 60 seconds left.\n|inactive|ze banded has 60 seconds left.\n|j| spectacled eider\n|j| Thepopeofsprouts\n|j| Y0nkerz\n|j| Eldegoss32\n|inactive|FunneeMonkee has 30 seconds left.\n|\n|t:|1682087829\n|start\n|switch|p1a: 7 IQ|Palafin, L50, F, shiny|100\/100\n|switch|p1b: Thick|Iron Hands, L50|100\/100\n|switch|p2a: Dondozo|Dondozo, L50, F|100\/100\n|switch|p2b: Pelipper|Pelipper, L50, F|100\/100\n|-weather|RainDance|[from] ability: Drizzle|[of] p2b: Pelipper\n|turn|1\n|l| Y0nkerz\n|j| Privnoval016\n|inactive|FunneeMonkee has 30 seconds left.\n|\n|t:|1682087857\n|detailschange|p1a: 7 IQ|Palafin-Hero, L50, F, shiny\n|switch|p1a: bogus man|Amoonguss, L50, M|100\/100\n|move|p2a: Dondozo|Protect|p2a: Dondozo\n|-singleturn|p2a: Dondozo|Protect\n|move|p1b: Thick|Fake Out|p2b: Pelipper\n|-damage|p2b: Pelipper|83\/100\n|cant|p2b: Pelipper|flinch\n|\n|-weather|RainDance|[upkeep]\n|upkeep\n|turn|2\n|inactive|ze banded has 30 seconds left.\n|inactive|FunneeMonkee has 30 seconds left.\n|inactive|ze banded has 20 seconds left.\n|inactive|FunneeMonkee has 20 seconds left.\n|inactive|ze banded has 15 seconds left.\n|inactive|ze banded has 10 seconds left.\n|inactive|ze banded has 5 seconds left.\n|\n|t:|1682087908\n|-terastallize|p2a: Dondozo|Water\n|-terastallize|p1a: bogus man|Water\n|move|p2a: Dondozo|Wave Crash|p1a: bogus man\n|-resisted|p1a: bogus man\n|-damage|p1a: bogus man|58\/100\n|-damage|p2a: Dondozo|87\/100|[from] Recoil\n|-damage|p2a: Dondozo|77\/100|[from] item: Life Orb\n|move|p2b: Pelipper|Hurricane|p1a: bogus man\n|-damage|p1a: bogus man|16\/100\n|-start|p1a: bogus man|confusion\n|-enditem|p1a: bogus man|Sitrus Berry|[eat]\n|-heal|p1a: bogus man|41\/100|[from] item: Sitrus Berry\n|move|p1b: Thick|Wild Charge|p2b: Pelipper\n|-supereffective|p2b: Pelipper\n|-damage|p2b: Pelipper|0 fnt\n|faint|p2b: Pelipper\n|-damage|p1b: Thick|86\/100|[from] Recoil\n|-activate|p1a: bogus man|confusion\n|move|p1a: bogus man|Spore|p2a: Dondozo\n|-status|p2a: Dondozo|slp|[from] move: Spore\n|\n|-weather|RainDance|[upkeep]\n|upkeep\n|\n|t:|1682087926\n|switch|p2b: Tatsugiri|Tatsugiri-Droopy, L50, F, shiny|100\/100\n|-activate|p2b: Tatsugiri|ability: Commander|[of] p2a: Dondozo\n|-boost|p2a: Dondozo|atk|2\n|-boost|p2a: Dondozo|spa|2\n|-boost|p2a: Dondozo|spe|2\n|-boost|p2a: Dondozo|def|2\n|-boost|p2a: Dondozo|spd|2\n|turn|3\n|\n|t:|1682087936\n|switch|p1a: 7 IQ|Palafin-Hero, L50, F, shiny|100\/100\n|-activate|p1a: 7 IQ|ability: Zero to Hero\n|cant|p2a: Dondozo|slp\n|move|p2a: Dondozo|Sleep Talk|p2a: Dondozo\n|move|p2a: Dondozo|Surf|p1b: Thick|[from]move: Sleep Talk|[spread] p1a,p1b\n|-miss|p2a: Dondozo|p2b: Tatsugiri\n|-resisted|p1a: 7 IQ\n|-damage|p1a: 7 IQ|40\/100\n|-damage|p1b: Thick|0 fnt\n|faint|p1b: Thick\n|-end|p1b: Thick|Quark Drive|[silent]\n|-damage|p2a: Dondozo|67\/100 slp|[from] item: Life Orb\n|\n|-weather|RainDance|[upkeep]\n|upkeep\n|\n|t:|1682087958\n|switch|p1b: bogus man|Amoonguss, L50, M, tera:Water|74\/100\n|turn|4\n|\n|t:|1682087962\n|-curestatus|p2a: Dondozo|slp|[msg]\n|move|p2a: Dondozo|Sleep Talk||[still]\n|-fail|p2a: Dondozo\n|move|p1a: 7 IQ|Haze|p1a: 7 IQ\n|-clearallboost\n|move|p1b: bogus man|Pollen Puff|p1a: 7 IQ\n|-heal|p1a: 7 IQ|90\/100\n|\n|-weather|RainDance|[upkeep]\n|upkeep\n|turn|5\n|c|\u2606ze banded|NO\n|c|\u2606ze banded|AH\n|c| ROBERT5239423942|womp womp\n|j|%Therazer456\n|\n|t:|1682087976\n|move|p1a: 7 IQ|Wave Crash|p2a: Dondozo\n|-resisted|p2a: Dondozo\n|-damage|p2a: Dondozo|8\/100\n|-damage|p1a: 7 IQ|67\/100|[from] Recoil\n|move|p2a: Dondozo|Wave Crash|p1a: 7 IQ\n|-resisted|p1a: 7 IQ\n|-damage|p1a: 7 IQ|19\/100\n|-damage|p2a: Dondozo|0 fnt|[from] Recoil\n|faint|p2a: Dondozo\n|move|p1b: bogus man|Spore|p2b: Tatsugiri\n|-status|p2b: Tatsugiri|slp|[from] move: Spore\n|\n|-weather|RainDance|[upkeep]\n|upkeep\n|l| Thepopeofsprouts\n|l| Privnoval016\n|c|\u2606ze banded|this is the second time this happened today\n|\n|t:|1682087986\n|switch|p2a: Chien-Pao|Chien-Pao, L50|100\/100\n|-ability|p2a: Chien-Pao|Sword of Ruin\n|turn|6\n|\n|t:|1682087998\n|move|p2a: Chien-Pao|Protect|p2a: Chien-Pao\n|-singleturn|p2a: Chien-Pao|Protect\n|move|p1b: bogus man|Rage Powder|p1b: bogus man\n|-singleturn|p1b: bogus man|move: Rage Powder\n|move|p1a: 7 IQ|Jet Punch|p2a: Chien-Pao\n|-activate|p2a: Chien-Pao|move: Protect\n|cant|p2b: Tatsugiri|slp\n|\n|-weather|RainDance|[upkeep]\n|upkeep\n|turn|7\n|\n|t:|1682088013\n|move|p1b: bogus man|Rage Powder|p1b: bogus man\n|-singleturn|p1b: bogus man|move: Rage Powder\n|move|p1a: 7 IQ|Jet Punch|p2a: Chien-Pao\n|-enditem|p2a: Chien-Pao|Focus Sash\n|-damage|p2a: Chien-Pao|1\/100\n|-curestatus|p2b: Tatsugiri|slp|[msg]\n|move|p2b: Tatsugiri|Muddy Water|p1a: 7 IQ|[spread] p1a,p1b\n|-resisted|p1a: 7 IQ\n|-resisted|p1b: bogus man\n|-damage|p1a: 7 IQ|0 fnt\n|-damage|p1b: bogus man|52\/100\n|faint|p1a: 7 IQ\n|move|p2a: Chien-Pao|Sacred Sword|p1b: bogus man\n|-damage|p1b: bogus man|22\/100\n|\n|-weather|RainDance|[upkeep]\n|upkeep\n|c|\u2606ze banded|YO?\n|\n|t:|1682088026\n|switch|p1a: The|Flutter Mane, L50, shiny|100\/100\n|-enditem|p1a: The|Booster Energy\n|-activate|p1a: The|ability: Protosynthesis|[fromitem]\n|-start|p1a: The|protosynthesisspa\n|turn|8\n|\n|t:|1682088035\n|move|p2a: Chien-Pao|Protect|p2a: Chien-Pao\n|-singleturn|p2a: Chien-Pao|Protect\n|move|p1b: bogus man|Rage Powder|p1b: bogus man\n|-singleturn|p1b: bogus man|move: Rage Powder\n|move|p2b: Tatsugiri|Muddy Water|p1a: The|[spread] p1a,p1b\n|-crit|p1a: The\n|-resisted|p1b: bogus man\n|-damage|p1a: The|29\/100\n|-damage|p1b: bogus man|0 fnt\n|faint|p1b: bogus man\n|move|p1a: The|Dazzling Gleam|p2b: Tatsugiri|[spread] p2b\n|-activate|p2a: Chien-Pao|move: Protect\n|-supereffective|p2b: Tatsugiri\n|-damage|p2b: Tatsugiri|0 fnt\n|faint|p2b: Tatsugiri\n|\n|-weather|none\n|upkeep\n|turn|9\n|\n|t:|1682088041\n|move|p2a: Chien-Pao|Sucker Punch|p1a: The\n|-damage|p1a: The|0 fnt\n|faint|p1a: The\n|-end|p1a: The|Protosynthesis|[silent]\n|\n|win|ze banded\n|n|\u2606FunneeMonkee|funneemonkee\n|n|\u2606ze banded|zebanded\n|n| babiwi bewey\u2714\ufe0f|babiwibewey\n|n| ROBERT5239423942|robert5239423942\n|n| anyatriesvgc|anyatriesvgc\n|n| esotilin123456|esotilin123456\n|n| spectacled eider|spectacledeider\n|n| Eldegoss32|eldegoss32\n|n| Therazer456|therazer456\n","uploadtime":1682088042,"views":7,"p1id":"funneemonkee","p2id":"zebanded","formatid":"gen9vgc2023regulationc","rating":0,"private":0,"password":""}