{"id":"gen9vgc2023regulationc-1851132942","p1":"WalmartParkingLot","p2":"PixelMaster98146","format":"[Gen 9] VGC 2023 Regulation C","log":"|j|\u2606WalmartParkingLot\n|j|\u2606PixelMaster98146\n|t:|1682414662\n|gametype|doubles\n|player|p1|WalmartParkingLot|pokekid|1475\n|player|p2|PixelMaster98146|palmer|1353\n|teamsize|p1|6\n|teamsize|p2|6\n|gen|9\n|tier|[Gen 9] VGC 2023 Regulation C\n|rated|\n|rule|Species Clause: Limit one of each Pok\u00e9mon\n|rule|Item Clause: Limit one of each item\n|clearpoke\n|poke|p1|Flutter Mane, L50|\n|poke|p1|Great Tusk, L50|\n|poke|p1|Scizor, L50, F|\n|poke|p1|Chi-Yu, L50|\n|poke|p1|Iron Bundle, L50|\n|poke|p1|Grimmsnarl, L50, M|\n|poke|p2|Murkrow, L50, F|\n|poke|p2|Baxcalibur, L50, M|\n|poke|p2|Flutter Mane, L50|\n|poke|p2|Ting-Lu, L50|\n|poke|p2|Arcanine, L50, M|\n|poke|p2|Palafin, L50, F|\n|teampreview|4\nPixelMaster98146 has agreed to open team sheets.\n|\n|t:|1682414718\n|start\n|switch|p1a: Flutter Mane|Flutter Mane, L50|100\/100\n|switch|p1b: Scizor|Scizor, L50, F|100\/100\n|switch|p2a: Mafia|Murkrow, L50, F|100\/100\n|switch|p2b: Baxcalibur|Baxcalibur, L50, M|100\/100\n|turn|1\n|\n|t:|1682414740\n|-terastallize|p2b: Baxcalibur|Ground\n|move|p1a: Flutter Mane|Protect|p1a: Flutter Mane\n|-singleturn|p1a: Flutter Mane|Protect\n|move|p2a: Mafia|Tailwind|p2a: Mafia\n|-sidestart|p2: PixelMaster98146|move: Tailwind\n|move|p2b: Baxcalibur|Earthquake|p1b: Scizor|[spread] p1b\n|-activate|p1a: Flutter Mane|move: Protect\n|-immune|p2a: Mafia\n|-damage|p1b: Scizor|46\/100\n|move|p1b: Scizor|Tailwind|p1b: Scizor\n|-sidestart|p1: WalmartParkingLot|move: Tailwind\n|\n|upkeep\n|turn|2\n|\n|t:|1682414769\n|switch|p1b: Chi-Yu|Chi-Yu, L50|100\/100\n|-ability|p1b: Chi-Yu|Beads of Ruin\n|-terastallize|p1a: Flutter Mane|Fairy\n|move|p1a: Flutter Mane|Dazzling Gleam|p2a: Mafia|[spread] p2a,p2b\n|-supereffective|p2a: Mafia\n|-damage|p2a: Mafia|0 fnt\n|-damage|p2b: Baxcalibur|63\/100\n|faint|p2a: Mafia\n|move|p2b: Baxcalibur|Earthquake|p1a: Flutter Mane|[spread] p1a,p1b\n|-supereffective|p1b: Chi-Yu\n|-damage|p1a: Flutter Mane|8\/100\n|-damage|p1b: Chi-Yu|0 fnt\n|faint|p1b: Chi-Yu\n|\n|upkeep\n|\n|t:|1682414784\n|switch|p1b: Iron Bundle|Iron Bundle, L50|100\/100\n|switch|p2a: Mischief|Flutter Mane, L50|100\/100\n|-enditem|p2a: Mischief|Booster Energy\n|-activate|p2a: Mischief|ability: Protosynthesis|[fromitem]\n|-start|p2a: Mischief|protosynthesisspa\n|turn|3\n|\n|t:|1682414799\n|move|p1a: Flutter Mane|Protect|p1a: Flutter Mane\n|-singleturn|p1a: Flutter Mane|Protect\n|move|p2b: Baxcalibur|Ice Shard|p1a: Flutter Mane\n|-activate|p1a: Flutter Mane|move: Protect\n|move|p1b: Iron Bundle|Icy Wind|p2b: Baxcalibur|[spread] p2b\n|-miss|p1b: Iron Bundle|p2a: Mischief\n|-supereffective|p2b: Baxcalibur\n|-damage|p2b: Baxcalibur|37\/100\n|-unboost|p2b: Baxcalibur|spe|1\n|move|p2a: Mischief|Moonblast|p1b: Iron Bundle\n|-damage|p1b: Iron Bundle|0 fnt\n|faint|p1b: Iron Bundle\n|-end|p1b: Iron Bundle|Quark Drive|[silent]\n|\n|upkeep\n|\n|t:|1682414813\n|switch|p1b: Scizor|Scizor, L50, F|46\/100\n|turn|4\n|\n|t:|1682414836\n|move|p1b: Scizor|Bullet Punch|p2a: Mischief\n|-supereffective|p2a: Mischief\n|-damage|p2a: Mischief|0 fnt\n|faint|p2a: Mischief\n|-end|p2a: Mischief|Protosynthesis|[silent]\n|move|p2b: Baxcalibur|Ice Shard|p1a: Flutter Mane\n|-damage|p1a: Flutter Mane|0 fnt\n|faint|p1a: Flutter Mane\n|-end|p1a: Flutter Mane|Protosynthesis|[silent]\n|\n|-sideend|p1: WalmartParkingLot|move: Tailwind\n|-sideend|p2: PixelMaster98146|move: Tailwind\n|upkeep\n|\n|t:|1682414839\n|switch|p2a: Bowlhead|Ting-Lu, L50|100\/100\n|-ability|p2a: Bowlhead|Vessel of Ruin\n|turn|5\n|\n|t:|1682414855\n|move|p1b: Scizor|Pounce|p2b: Baxcalibur\n|-damage|p2b: Baxcalibur|3\/100\n|-unboost|p2b: Baxcalibur|spe|1\n|move|p2a: Bowlhead|Stomping Tantrum|p1b: Scizor\n|-damage|p1b: Scizor|0 fnt\n|faint|p1b: Scizor\n|\n|win|PixelMaster98146\n|raw|WalmartParkingLot's rating: 1475 → 1448<\/strong> (-27 for losing)\n|raw|PixelMaster98146's rating: 1353 → 1380<\/strong> (+27 for winning)\n","uploadtime":1682414871,"views":11,"p1id":"walmartparkinglot","p2id":"pixelmaster98146","formatid":"gen9vgc2023regulationc","rating":1380,"private":0,"password":""}