{"id":"gen9vgc2023regulationc-1848702605","p1":"G3rd","p2":"pog poggersen","format":"[Gen 9] VGC 2023 Regulation C","log":"|j|\u2606G3rd\n|j|\u2606pog poggersen\n|t:|1682102200\n|gametype|doubles\n|player|p1|G3rd|giovanni|1237\n|player|p2|pog poggersen|hiker|1271\n|teamsize|p1|6\n|teamsize|p2|6\n|gen|9\n|tier|[Gen 9] VGC 2023 Regulation C\n|rated|\n|rule|Species Clause: Limit one of each Pok\u00e9mon\n|rule|Item Clause: Limit one of each item\n|clearpoke\n|poke|p1|Talonflame, L50, M|\n|poke|p1|Baxcalibur, L50, F|\n|poke|p1|Amoonguss, L50, M|\n|poke|p1|Flutter Mane, L50|\n|poke|p1|Gyarados, L50, M|\n|poke|p1|Chi-Yu, L50|\n|poke|p2|Dragapult, L50, M|\n|poke|p2|Dachsbun, L50, F|\n|poke|p2|Chi-Yu, L50|\n|poke|p2|Meowscarada, L50, M|\n|poke|p2|Chien-Pao, L50|\n|poke|p2|Gyarados, L50, F|\n|teampreview|4\n|inactive|Battle timer is ON: inactive players will automatically lose when time's up. (requested by pog poggersen)\nG3rd has agreed to open team sheets.\npog poggersen has agreed to open team sheets.\n|inactive|G3rd has 60 seconds left.\n|inactive|pog poggersen has 60 seconds left.\n|inactive|pog poggersen has 30 seconds left.\n|\n|t:|1682102266\n|start\n|switch|p1a: Baxcalibur|Baxcalibur, L50, F|100\/100\n|switch|p1b: Talonflame|Talonflame, L50, M|100\/100\n|switch|p2a: Chi-Yu|Chi-Yu, L50|100\/100\n|switch|p2b: Gyarados|Gyarados, L50, F|100\/100\n|-ability|p2a: Chi-Yu|Beads of Ruin\n|-ability|p2b: Gyarados|Intimidate|boost\n|-fail|p1a: Baxcalibur|unboost|[from] item: Clear Amulet|[of] p1a: Baxcalibur\n|-unboost|p1b: Talonflame|atk|1\n|turn|1\n|inactive|G3rd has 30 seconds left.\n|inactive|pog poggersen has 30 seconds left.\n|inactive|G3rd has 20 seconds left.\n|inactive|G3rd has 15 seconds left.\n|inactive|G3rd has 10 seconds left.\n|inactive|G3rd has 5 seconds left.\n|\n|t:|1682102316\n|switch|p2a: Dachsbun|Dachsbun, L50, F|100\/100\n|move|p1b: Talonflame|Will-O-Wisp|p2b: Gyarados\n|-status|p2b: Gyarados|brn\n|move|p2b: Gyarados|Dragon Dance|p2b: Gyarados\n|-boost|p2b: Gyarados|atk|1\n|-boost|p2b: Gyarados|spe|1\n|move|p1a: Baxcalibur|Glaive Rush|p2a: Dachsbun\n|-immune|p2a: Dachsbun\n|\n|-damage|p2b: Gyarados|94\/100 brn|[from] brn\n|upkeep\n|turn|2\n|inactive|G3rd has 30 seconds left.\n|inactive|G3rd has 20 seconds left.\n|\n|t:|1682102355\n|switch|p1a: Gyarados|Gyarados, L50, M|100\/100\n|-ability|p1a: Gyarados|Intimidate|boost\n|-unboost|p2a: Dachsbun|atk|1\n|-unboost|p2b: Gyarados|atk|1\n|move|p1b: Talonflame|Tailwind|p1b: Talonflame\n|-sidestart|p1: G3rd|move: Tailwind\n|move|p2b: Gyarados|Waterfall|p1b: Talonflame\n|-supereffective|p1b: Talonflame\n|-damage|p1b: Talonflame|56\/100\n|move|p2a: Dachsbun|Howl|p2a: Dachsbun|[spread] p2a,p2b\n|-boost|p2a: Dachsbun|atk|1\n|-boost|p2b: Gyarados|atk|1\n|\n|-damage|p2b: Gyarados|88\/100 brn|[from] brn\n|upkeep\n|turn|3\n|inactive|G3rd has 30 seconds left.\n|inactive|pog poggersen has 30 seconds left.\n|inactive|G3rd has 20 seconds left.\n|inactive|pog poggersen has 20 seconds left.\n|inactive|G3rd has 15 seconds left.\n|\n|t:|1682102398\n|move|p1b: Talonflame|Feint|p2a: Dachsbun\n|-damage|p2a: Dachsbun|96\/100\n|move|p2b: Gyarados|Waterfall|p1b: Talonflame\n|-supereffective|p1b: Talonflame\n|-damage|p1b: Talonflame|0 fnt\n|faint|p1b: Talonflame\n|move|p1a: Gyarados|Thunder Wave|p2a: Dachsbun\n|-status|p2a: Dachsbun|par\n|move|p2a: Dachsbun|Howl|p2a: Dachsbun|[spread] p2a,p2b\n|-boost|p2a: Dachsbun|atk|1\n|-boost|p2b: Gyarados|atk|1\n|\n|-damage|p2b: Gyarados|82\/100 brn|[from] brn\n|upkeep\n|\n|t:|1682102416\n|switch|p1b: Flutter Mane|Flutter Mane, L50|100\/100\n|-enditem|p1b: Flutter Mane|Booster Energy\n|-activate|p1b: Flutter Mane|ability: Protosynthesis|[fromitem]\n|-start|p1b: Flutter Mane|protosynthesisspa\n|turn|4\n|\n|t:|1682102440\n|move|p1b: Flutter Mane|Hex|p2b: Gyarados\n|-damage|p2b: Gyarados|0 fnt\n|faint|p2b: Gyarados\n|move|p1a: Gyarados|Iron Head|p2a: Dachsbun\n|-supereffective|p2a: Dachsbun\n|-enditem|p2a: Dachsbun|Babiri Berry|[eat]\n|-enditem|p2a: Dachsbun|Babiri Berry|[weaken]\n|-damage|p2a: Dachsbun|69\/100 par\n|move|p2a: Dachsbun|Play Rough|p1b: Flutter Mane\n|-damage|p1b: Flutter Mane|28\/100\n|\n|upkeep\n|\n|t:|1682102452\n|switch|p2b: Chi-Yu|Chi-Yu, L50|100\/100\n|-ability|p2b: Chi-Yu|Beads of Ruin\n|turn|5\n|inactive|G3rd has 30 seconds left.\n|\n|t:|1682102478\n|move|p1b: Flutter Mane|Substitute|p1b: Flutter Mane\n|-start|p1b: Flutter Mane|Substitute\n|-damage|p1b: Flutter Mane|4\/100\n|move|p1a: Gyarados|Iron Head|p2a: Dachsbun\n|-supereffective|p2a: Dachsbun\n|-damage|p2a: Dachsbun|23\/100 par\n|move|p2b: Chi-Yu|Lava Plume|p1b: Flutter Mane|[spread] p1a,p1b\n|-ability|p2a: Dachsbun|Well-Baked Body|boost\n|-boost|p2a: Dachsbun|def|2\n|-end|p1b: Flutter Mane|Substitute\n|-resisted|p1a: Gyarados\n|-damage|p1a: Gyarados|83\/100\n|move|p2a: Dachsbun|Body Press|p1a: Gyarados\n|-resisted|p1a: Gyarados\n|-damage|p1a: Gyarados|55\/100\n|\n|-sideend|p1: G3rd|move: Tailwind\n|upkeep\n|turn|6\n|inactive|G3rd has 30 seconds left.\n|inactive|G3rd has 20 seconds left.\n|inactive|G3rd has 15 seconds left.\n|\n|t:|1682102521\n|move|p1b: Flutter Mane|Protect|p1b: Flutter Mane\n|-singleturn|p1b: Flutter Mane|Protect\n|move|p2b: Chi-Yu|Lava Plume|p1a: Gyarados|[spread] p1a\n|-activate|p1b: Flutter Mane|move: Protect\n|-ability|p2a: Dachsbun|Well-Baked Body|boost\n|-boost|p2a: Dachsbun|def|2\n|-resisted|p1a: Gyarados\n|-damage|p1a: Gyarados|37\/100\n|-status|p1a: Gyarados|brn\n|move|p1a: Gyarados|Thunder Wave|p2b: Chi-Yu\n|-status|p2b: Chi-Yu|par\n|move|p2a: Dachsbun|Body Press|p1a: Gyarados\n|-resisted|p1a: Gyarados\n|-damage|p1a: Gyarados|2\/100 brn\n|\n|-damage|p1a: Gyarados|0 fnt|[from] brn\n|faint|p1a: Gyarados\n|upkeep\n|\n|t:|1682102536\n|switch|p1a: Baxcalibur|Baxcalibur, L50, F|100\/100\n|turn|7\n|\n|t:|1682102549\n|move|p1b: Flutter Mane|Hex|p2a: Dachsbun\n|-damage|p2a: Dachsbun|0 fnt\n|faint|p2a: Dachsbun\n|move|p1a: Baxcalibur|Glaive Rush|p2b: Chi-Yu\n|-damage|p2b: Chi-Yu|0 fnt\n|-singlemove|p1a: Baxcalibur|Glaive Rush|[silent]\n|faint|p2b: Chi-Yu\n|\n|upkeep\n|\n|t:|1682102557\n|switch|p2b: Dragapult|Dragapult, L50, M|100\/100\n|turn|8\n|inactive|G3rd has 30 seconds left.\n|inactive|pog poggersen has 30 seconds left.\n|\n|t:|1682102586\n|-terastallize|p2b: Dragapult|Dragon\n|-terastallize|p1a: Baxcalibur|Ground\n|move|p2b: Dragapult|Dragon Darts|p1a: Baxcalibur\n|-damage|p1a: Baxcalibur|22\/100\n|-anim|p2b: Dragapult|Dragon Darts|p1a: Baxcalibur\n|-damage|p1a: Baxcalibur|0 fnt\n|faint|p1a: Baxcalibur\n|-damage|p2b: Dragapult|91\/100|[from] item: Life Orb\n|move|p1b: Flutter Mane|Moonblast|p2b: Dragapult\n|-supereffective|p2b: Dragapult\n|-damage|p2b: Dragapult|0 fnt\n|faint|p2b: Dragapult\n|\n|win|G3rd\n|raw|G3rd's rating: 1237 → 1264<\/strong> (+27 for winning)\n|raw|pog poggersen's rating: 1271 → 1244<\/strong> (-27 for losing)\n|l|\u2606pog poggersen\n","uploadtime":1682102600,"views":18,"p1id":"g3rd","p2id":"pogpoggersen","formatid":"gen9vgc2023regulationc","rating":1244,"private":0,"password":""}