{"id":"gen9vgc2023regulationc-1859200215","p1":"shurick","p2":"GeasGX","format":"[Gen 9] VGC 2023 Regulation C","log":"|j|\u2606shurick\n|j|\u2606GeasGX\n|t:|1683417034\n|gametype|doubles\n|player|p1|shurick|ghetsis|\n|player|p2|GeasGX|hugh|\n|teamsize|p1|6\n|teamsize|p2|6\n|gen|9\n|tier|[Gen 9] VGC 2023 Regulation C\n|rule|Species Clause: Limit one of each Pok\u00e9mon\n|rule|Item Clause: Limit one of each item\n|clearpoke\n|poke|p1|Baxcalibur, L50, M|\n|poke|p1|Amoonguss, L50, F|\n|poke|p1|Pawmot, L50, M|\n|poke|p1|Flutter Mane, L50|\n|poke|p1|Garganacl, L50, F|\n|poke|p1|Palafin, L50, M|\n|poke|p2|Tyranitar, L50, M|\n|poke|p2|Lycanroc, L50, F|\n|poke|p2|Indeedee-F, L50, F|\n|poke|p2|Armarouge, L50, M|\n|poke|p2|Flutter Mane, L50|\n|poke|p2|Iron Moth, L50|\n|teampreview|4\n|j| MeteorPlayz_\n|\n|t:|1683417095\n|start\n|switch|p1a: Nostradamus|Flutter Mane, L50|100\/100\n|switch|p1b: Simo hayha|Baxcalibur, L50, M|100\/100\n|switch|p2a: Tyranitar|Tyranitar, L50, M|100\/100\n|switch|p2b: Lycanroc|Lycanroc, L50, F|100\/100\n|-weather|Sandstorm|[from] ability: Sand Stream|[of] p2a: Tyranitar\n|-enditem|p1a: Nostradamus|Booster Energy\n|-activate|p1a: Nostradamus|ability: Protosynthesis|[fromitem]\n|-start|p1a: Nostradamus|protosynthesisspa\n|turn|1\n|\n|t:|1683417119\n|move|p1b: Simo hayha|Protect|p1b: Simo hayha\n|-singleturn|p1b: Simo hayha|Protect\n|move|p2b: Lycanroc|Rock Slide|p1b: Simo hayha|[spread] p1a\n|-activate|p1b: Simo hayha|move: Protect\n|-damage|p1a: Nostradamus|36\/100\n|move|p1a: Nostradamus|Shadow Ball|p2b: Lycanroc\n|-damage|p2b: Lycanroc|27\/100\n|move|p2a: Tyranitar|Dragon Dance|p2a: Tyranitar\n|-boost|p2a: Tyranitar|atk|1\n|-boost|p2a: Tyranitar|spe|1\n|\n|-weather|Sandstorm|[upkeep]\n|-damage|p1a: Nostradamus|30\/100|[from] Sandstorm\n|-damage|p1b: Simo hayha|95\/100|[from] Sandstorm\n|upkeep\n|turn|2\n|\n|t:|1683417142\n|move|p1b: Simo hayha|Protect|p1b: Simo hayha\n|-singleturn|p1b: Simo hayha|Protect\n|move|p2b: Lycanroc|Rock Slide|p1b: Simo hayha|[spread] p1a\n|-activate|p1b: Simo hayha|move: Protect\n|-damage|p1a: Nostradamus|0 fnt\n|faint|p1a: Nostradamus\n|-end|p1a: Nostradamus|Protosynthesis|[silent]\n|move|p2a: Tyranitar|Rock Slide|p1b: Simo hayha\n|-activate|p1b: Simo hayha|move: Protect\n|\n|-weather|Sandstorm|[upkeep]\n|-damage|p1b: Simo hayha|89\/100|[from] Sandstorm\n|upkeep\n|\n|t:|1683417149\n|switch|p1a: Rasputin|Garganacl, L50, F|100\/100\n|turn|3\n|\n|t:|1683417161\n|switch|p1b: RaidenTamemon|Amoonguss, L50, F|100\/100\n|move|p2b: Lycanroc|Close Combat|p1b: RaidenTamemon\n|-resisted|p1b: RaidenTamemon\n|-damage|p1b: RaidenTamemon|77\/100\n|-unboost|p2b: Lycanroc|def|1\n|-unboost|p2b: Lycanroc|spd|1\n|-damage|p2b: Lycanroc|10\/100|[from] item: Rocky Helmet|[of] p1b: RaidenTamemon\n|move|p2a: Tyranitar|Low Kick|p1a: Rasputin\n|-supereffective|p1a: Rasputin\n|-damage|p1a: Rasputin|7\/100\n|move|p1a: Rasputin|Iron Defense|p1a: Rasputin\n|-boost|p1a: Rasputin|def|2\n|\n|-weather|Sandstorm|[upkeep]\n|-damage|p1b: RaidenTamemon|71\/100|[from] Sandstorm\n|-heal|p1a: Rasputin|13\/100|[from] item: Leftovers\n|upkeep\n|turn|4\n|\n|t:|1683417192\n|move|p1b: RaidenTamemon|Rage Powder|p1b: RaidenTamemon\n|-singleturn|p1b: RaidenTamemon|move: Rage Powder\n|move|p2b: Lycanroc|Bulldoze|p1a: Rasputin|[spread] p2a,p1a,p1b\n|-supereffective|p2a: Tyranitar\n|-supereffective|p1a: Rasputin\n|-damage|p2a: Tyranitar|70\/100\n|-damage|p1a: Rasputin|1\/100\n|-damage|p1b: RaidenTamemon|54\/100\n|-unboost|p1a: Rasputin|spe|1\n|-unboost|p1b: RaidenTamemon|spe|1\n|move|p2a: Tyranitar|Low Kick|p1b: RaidenTamemon\n|-resisted|p1b: RaidenTamemon\n|-damage|p1b: RaidenTamemon|42\/100\n|-damage|p2a: Tyranitar|53\/100|[from] item: Rocky Helmet|[of] p1b: RaidenTamemon\n|move|p1a: Rasputin|Recover|p1a: Rasputin\n|-heal|p1a: Rasputin|51\/100\n|\n|-weather|Sandstorm|[upkeep]\n|-damage|p1b: RaidenTamemon|36\/100|[from] Sandstorm\n|-heal|p1a: Rasputin|57\/100|[from] item: Leftovers\n|upkeep\n|turn|5\n|\n|t:|1683417222\n|move|p2b: Lycanroc|Protect|p2b: Lycanroc\n|-singleturn|p2b: Lycanroc|Protect\n|move|p1b: RaidenTamemon|Rage Powder|p1b: RaidenTamemon\n|-singleturn|p1b: RaidenTamemon|move: Rage Powder\n|move|p2a: Tyranitar|Low Kick|p1b: RaidenTamemon\n|-resisted|p1b: RaidenTamemon\n|-damage|p1b: RaidenTamemon|24\/100\n|-damage|p2a: Tyranitar|36\/100|[from] item: Rocky Helmet|[of] p1b: RaidenTamemon\n|move|p1a: Rasputin|Recover|p1a: Rasputin\n|-heal|p1a: Rasputin|100\/100\n|\n|-weather|none\n|upkeep\n|turn|6\n|\n|t:|1683417254\n|move|p1a: Rasputin|Wide Guard|p1a: Rasputin\n|-singleturn|p1a: Rasputin|Wide Guard\n|move|p2a: Tyranitar|Rock Slide|p1b: RaidenTamemon|[spread] \n|-activate|p1a: Rasputin|move: Wide Guard\n|-activate|p1b: RaidenTamemon|move: Wide Guard\n|move|p2b: Lycanroc|Rock Slide|p1a: Rasputin|[spread] \n|-activate|p1a: Rasputin|move: Wide Guard\n|-activate|p1b: RaidenTamemon|move: Wide Guard\n|move|p1b: RaidenTamemon|Giga Drain|p2a: Tyranitar\n|-supereffective|p2a: Tyranitar\n|-damage|p2a: Tyranitar|0 fnt\n|-heal|p1b: RaidenTamemon|39\/100|[from] drain|[of] p2a: Tyranitar\n|faint|p2a: Tyranitar\n|\n|upkeep\n|\n|t:|1683417262\n|switch|p2a: Indeedee|Indeedee-F, L50, F|100\/100\n|-fieldstart|move: Psychic Terrain|[from] ability: Psychic Surge|[of] p2a: Indeedee\n|turn|7\n|\n|t:|1683417275\n|move|p1a: Rasputin|Wide Guard|p1a: Rasputin\n|-singleturn|p1a: Rasputin|Wide Guard\n|move|p2b: Lycanroc|Close Combat|p1a: Rasputin\n|-supereffective|p1a: Rasputin\n|-damage|p1a: Rasputin|72\/100\n|-unboost|p2b: Lycanroc|def|1\n|-unboost|p2b: Lycanroc|spd|1\n|move|p1b: RaidenTamemon|Spore|p2a: Indeedee\n|-activate|p2a: Indeedee|item: Safety Goggles|Spore\n|move|p2a: Indeedee|Trick Room|p2a: Indeedee\n|-fieldstart|move: Trick Room|[of] p2a: Indeedee\n|\n|-heal|p1a: Rasputin|78\/100|[from] item: Leftovers\n|upkeep\n|turn|8\n|\n|t:|1683417303\n|move|p2b: Lycanroc|Protect|p2b: Lycanroc\n|-singleturn|p2b: Lycanroc|Protect\n|move|p1b: RaidenTamemon|Giga Drain|p2a: Indeedee\n|-damage|p2a: Indeedee|68\/100\n|-heal|p1b: RaidenTamemon|52\/100|[from] drain|[of] p2a: Indeedee\n|move|p1a: Rasputin|Salt Cure|p2b: Lycanroc\n|-activate|p2b: Lycanroc|move: Protect\n|move|p2a: Indeedee|Psychic|p1b: RaidenTamemon\n|-supereffective|p1b: RaidenTamemon\n|-crit|p1b: RaidenTamemon\n|-damage|p1b: RaidenTamemon|0 fnt\n|faint|p1b: RaidenTamemon\n|\n|-heal|p1a: Rasputin|84\/100|[from] item: Leftovers\n|upkeep\n|\n|t:|1683417308\n|switch|p1b: Simo hayha|Baxcalibur, L50, M|89\/100\n|turn|9\n|\n|t:|1683417348\n|move|p1b: Simo hayha|Protect|p1b: Simo hayha\n|-singleturn|p1b: Simo hayha|Protect\n|move|p1a: Rasputin|Salt Cure|p2a: Indeedee\n|-damage|p2a: Indeedee|56\/100\n|-start|p2a: Indeedee|Salt Cure\n|move|p2a: Indeedee|Psychic|p1a: Rasputin\n|-damage|p1a: Rasputin|58\/100\n|move|p2b: Lycanroc|Close Combat|p1b: Simo hayha\n|-activate|p1b: Simo hayha|move: Protect\n|\n|-heal|p1a: Rasputin|64\/100|[from] item: Leftovers\n|-damage|p2a: Indeedee|43\/100|[from] Salt Cure\n|upkeep\n|turn|10\n|\n|t:|1683417374\n|move|p1a: Rasputin|Recover|p1a: Rasputin\n|-heal|p1a: Rasputin|100\/100\n|move|p2a: Indeedee|Psychic|p1a: Rasputin\n|-crit|p1a: Rasputin\n|-damage|p1a: Rasputin|61\/100\n|move|p1b: Simo hayha|Icicle Spear|p2b: Lycanroc\n|-damage|p2b: Lycanroc|0 fnt\n|faint|p2b: Lycanroc\n|-hitcount|p2: Lycanroc|1\n|\n|-heal|p1a: Rasputin|67\/100|[from] item: Leftovers\n|-damage|p2a: Indeedee|31\/100|[from] Salt Cure\n|upkeep\n|\n|t:|1683417382\n|switch|p2b: Armarouge|Armarouge, L50, M|100\/100\n|turn|11\n|\n|t:|1683417404\n|-terastallize|p2b: Armarouge|Grass\n|move|p1a: Rasputin|Wide Guard|p1a: Rasputin\n|-singleturn|p1a: Rasputin|Wide Guard\n|move|p2a: Indeedee|Psychic|p1a: Rasputin\n|-damage|p1a: Rasputin|43\/100\n|move|p2b: Armarouge|Expanding Force|p1a: Rasputin|[spread] \n|-activate|p1a: Rasputin|move: Wide Guard\n|-activate|p1b: Simo hayha|move: Wide Guard\n|move|p1b: Simo hayha|Glaive Rush|p2b: Armarouge\n|-damage|p2b: Armarouge|28\/100\n|-singlemove|p1b: Simo hayha|Glaive Rush|[silent]\n|-ability|p2b: Armarouge|Weak Armor|boost\n|-unboost|p2b: Armarouge|def|1\n|-boost|p2b: Armarouge|spe|2\n|\n|-heal|p1a: Rasputin|48\/100|[from] item: Leftovers\n|-damage|p2a: Indeedee|19\/100|[from] Salt Cure\n|-fieldend|move: Trick Room\n|-fieldend|move: Psychic Terrain\n|upkeep\n|turn|12\n|\n|t:|1683417455\n|move|p2b: Armarouge|Aura Sphere|p1a: Rasputin\n|-supereffective|p1a: Rasputin\n|-damage|p1a: Rasputin|9\/100\n|move|p1b: Simo hayha|Icicle Spear|p2b: Armarouge\n|-supereffective|p2b: Armarouge\n|-damage|p2b: Armarouge|0 fnt\n|faint|p2b: Armarouge\n|-hitcount|p2: Armarouge|1\n|move|p2a: Indeedee|Psychic|p1b: Simo hayha\n|-damage|p1b: Simo hayha|56\/100\n|move|p1a: Rasputin|Salt Cure|p2a: Indeedee\n|-damage|p2a: Indeedee|6\/100\n|\n|-heal|p1a: Rasputin|15\/100|[from] item: Leftovers\n|-damage|p2a: Indeedee|0 fnt|[from] Salt Cure\n|faint|p2a: Indeedee\n|\n|win|shurick\n|upkeep\n|c|\u2606shurick|Gg\n|c|\u2606GeasGX|Gg\n|l|\u2606GeasGX\n","uploadtime":1683417464,"views":14,"p1id":"shurick","p2id":"geasgx","formatid":"gen9vgc2023regulationc","rating":0,"private":0,"password":""}