{"id":"gen9vgc2023regulationc-1846267251","p1":"Killa mic Rick","p2":"GoodUnity-YT","format":"[Gen 9] VGC 2023 Regulation C","log":"|j|\u2606Killa mic Rick\n|j|\u2606GoodUnity-YT\n|t:|1681826953\n|gametype|doubles\n|player|p1|Killa mic Rick|101|1178\n|player|p2|GoodUnity-YT|2|1198\n|teamsize|p1|6\n|teamsize|p2|6\n|gen|9\n|tier|[Gen 9] VGC 2023 Regulation C\n|rated|\n|rule|Species Clause: Limit one of each Pok\u00e9mon\n|rule|Item Clause: Limit one of each item\n|clearpoke\n|poke|p1|Arcanine, L50, F|\n|poke|p1|Ting-Lu, L50|\n|poke|p1|Gothitelle, L50, M|\n|poke|p1|Baxcalibur, L50, M|\n|poke|p1|Flutter Mane, L50|\n|poke|p1|Amoonguss, L50, F|\n|poke|p2|Torkoal, L50, M|\n|poke|p2|Lilligant, L50, F|\n|poke|p2|Flutter Mane, L50|\n|poke|p2|Kingambit, L50, M|\n|poke|p2|Iron Bundle, L50|\n|poke|p2|Iron Hands, L50|\n|teampreview|4\n|\n|t:|1681826966\n|start\n|switch|p1a: Baxcalibur|Baxcalibur, L50, M|100\/100\n|switch|p1b: Arcanine|Arcanine, L50, F|100\/100\n|switch|p2a: Iron Hands|Iron Hands, L50|100\/100\n|switch|p2b: Flutter Mane|Flutter Mane, L50|100\/100\n|turn|1\n|inactive|Battle timer is ON: inactive players will automatically lose when time's up. (requested by Killa mic Rick)\n|inactive|Killa mic Rick has 60 seconds left.\n|\n|t:|1681827002\n|move|p1a: Baxcalibur|Protect|p1a: Baxcalibur\n|-singleturn|p1a: Baxcalibur|Protect\n|move|p1b: Arcanine|Howl|p1b: Arcanine|[spread] p1a,p1b\n|-boost|p1a: Baxcalibur|atk|1\n|-boost|p1b: Arcanine|atk|1\n|move|p2a: Iron Hands|Drain Punch|p1a: Baxcalibur\n|-activate|p1a: Baxcalibur|move: Protect\n|move|p2b: Flutter Mane|Trick Room|p2b: Flutter Mane\n|-fieldstart|move: Trick Room|[of] p2b: Flutter Mane\n|\n|upkeep\n|turn|2\n|\n|t:|1681827016\n|-terastallize|p1a: Baxcalibur|Poison\n|move|p2a: Iron Hands|Drain Punch|p1a: Baxcalibur\n|-resisted|p1a: Baxcalibur\n|-damage|p1a: Baxcalibur|81\/100\n|move|p1a: Baxcalibur|Glaive Rush|p2a: Iron Hands\n|-damage|p2a: Iron Hands|37\/100\n|-singlemove|p1a: Baxcalibur|Glaive Rush|[silent]\n|move|p1b: Arcanine|Flare Blitz|p2b: Flutter Mane\n|-enditem|p2b: Flutter Mane|Focus Sash\n|-damage|p2b: Flutter Mane|1\/100\n|-status|p2b: Flutter Mane|brn\n|-damage|p1b: Arcanine|74\/100|[from] Recoil\n|move|p2b: Flutter Mane|Shadow Ball|p1b: Arcanine\n|-damage|p1b: Arcanine|27\/100\n|\n|-damage|p2b: Flutter Mane|0 fnt|[from] brn\n|faint|p2b: Flutter Mane\n|-end|p2b: Flutter Mane|Protosynthesis|[silent]\n|upkeep\n|\n|t:|1681827036\n|switch|p2b: Torkoal|Torkoal, L50, M|100\/100\n|-weather|SunnyDay|[from] ability: Drought|[of] p2b: Torkoal\n|turn|3\n|\n|t:|1681827046\n|-terastallize|p2b: Torkoal|Fire\n|move|p1b: Arcanine|Extreme Speed|p2a: Iron Hands\n|-damage|p2a: Iron Hands|11\/100\n|move|p1a: Baxcalibur|Ice Shard|p2a: Iron Hands\n|-damage|p2a: Iron Hands|0 fnt\n|faint|p2a: Iron Hands\n|-end|p2a: Iron Hands|Quark Drive|[silent]\n|move|p2b: Torkoal|Eruption|p1b: Arcanine|[spread] p1a\n|-start|p1b: Arcanine|ability: Flash Fire\n|-damage|p1a: Baxcalibur|0 fnt\n|faint|p1a: Baxcalibur\n|\n|-weather|SunnyDay|[upkeep]\n|upkeep\n|\n|t:|1681827060\n|switch|p2a: Lilligant|Lilligant, L50, F|100\/100\n|switch|p1a: Mimi|Flutter Mane, L50|100\/100\n|-activate|p1a: Mimi|ability: Protosynthesis\n|-start|p1a: Mimi|protosynthesisspe\n|turn|4\n|\n|t:|1681827075\n|move|p1a: Mimi|Protect|p1a: Mimi\n|-singleturn|p1a: Mimi|Protect\n|move|p1b: Arcanine|Extreme Speed|p2b: Torkoal\n|-damage|p2b: Torkoal|73\/100\n|move|p2b: Torkoal|Earth Power|p1b: Arcanine\n|-supereffective|p1b: Arcanine\n|-damage|p1b: Arcanine|0 fnt\n|faint|p1b: Arcanine\n|move|p2a: Lilligant|Sleep Powder|p1a: Mimi\n|-activate|p1a: Mimi|move: Protect\n|\n|-weather|SunnyDay|[upkeep]\n|upkeep\n|\n|t:|1681827079\n|switch|p1b: Ting-Lu|Ting-Lu, L50|100\/100\n|-ability|p1b: Ting-Lu|Vessel of Ruin\n|turn|5\n|\n|t:|1681827094\n|move|p2b: Torkoal|Eruption|p1a: Mimi|[spread] p1a,p1b\n|-damage|p1a: Mimi|33\/100\n|-damage|p1b: Ting-Lu|64\/100\n|move|p1b: Ting-Lu|Stomping Tantrum|p2b: Torkoal\n|-supereffective|p2b: Torkoal\n|-damage|p2b: Torkoal|15\/100\n|move|p1a: Mimi|Shadow Ball|p2b: Torkoal\n|-damage|p2b: Torkoal|0 fnt\n|faint|p2b: Torkoal\n|move|p2a: Lilligant|Sleep Powder|p1b: Ting-Lu\n|-status|p1b: Ting-Lu|slp|[from] move: Sleep Powder\n|\n|-weather|SunnyDay|[upkeep]\n|-fieldend|move: Trick Room\n|upkeep\n|turn|6\n|\n|t:|1681827104\n|move|p1a: Mimi|Protect|p1a: Mimi\n|-singleturn|p1a: Mimi|Protect\n|move|p2a: Lilligant|Sleep Powder|p1a: Mimi\n|-activate|p1a: Mimi|move: Protect\n|cant|p1b: Ting-Lu|slp\n|\n|-weather|SunnyDay|[upkeep]\n|upkeep\n|turn|7\n|\n|t:|1681827116\n|move|p2a: Lilligant|Sleep Powder|p1a: Mimi\n|-status|p1a: Mimi|slp|[from] move: Sleep Powder\n|cant|p1a: Mimi|slp\n|cant|p1b: Ting-Lu|slp\n|\n|-weather|none\n|-end|p1a: Mimi|Protosynthesis\n|upkeep\n|-enditem|p1a: Mimi|Booster Energy\n|-activate|p1a: Mimi|ability: Protosynthesis|[fromitem]\n|-start|p1a: Mimi|protosynthesisspe\n|turn|8\n|\n|t:|1681827124\n|cant|p1a: Mimi|slp\n|move|p2a: Lilligant|Leaf Storm|p1a: Mimi\n|-damage|p1a: Mimi|0 fnt\n|-unboost|p2a: Lilligant|spa|2\n|faint|p1a: Mimi\n|-end|p1a: Mimi|Protosynthesis|[silent]\n|cant|p1b: Ting-Lu|slp\n|\n|upkeep\n|turn|9\n|\n|t:|1681827129\n|move|p2a: Lilligant|Leaf Storm|p1b: Ting-Lu\n|-supereffective|p1b: Ting-Lu\n|-damage|p1b: Ting-Lu|38\/100 slp\n|-unboost|p2a: Lilligant|spa|2\n|-curestatus|p1b: Ting-Lu|slp|[msg]\n|move|p1b: Ting-Lu|Throat Chop|p2a: Lilligant\n|-damage|p2a: Lilligant|34\/100\n|-start|p2a: Lilligant|Throat Chop|[silent]\n|\n|upkeep\n|turn|10\n|\n|t:|1681827134\n|move|p2a: Lilligant|Sleep Powder|p1b: Ting-Lu\n|-status|p1b: Ting-Lu|slp|[from] move: Sleep Powder\n|cant|p1b: Ting-Lu|slp\n|\n|-end|p2a: Lilligant|Throat Chop|[silent]\n|upkeep\n|turn|11\n|\n|t:|1681827137\n|move|p2a: Lilligant|Leaf Storm|p1b: Ting-Lu\n|-supereffective|p1b: Ting-Lu\n|-damage|p1b: Ting-Lu|21\/100 slp\n|-unboost|p2a: Lilligant|spa|2\n|cant|p1b: Ting-Lu|slp\n|\n|upkeep\n|turn|12\n|\n|t:|1681827140\n|move|p2a: Lilligant|Leaf Storm|p1b: Ting-Lu\n|-supereffective|p1b: Ting-Lu\n|-damage|p1b: Ting-Lu|7\/100 slp\n|cant|p1b: Ting-Lu|slp\n|\n|upkeep\n|turn|13\n|\n|t:|1681827146\n|move|p2a: Lilligant|Leaf Storm|p1b: Ting-Lu\n|-supereffective|p1b: Ting-Lu\n|-damage|p1b: Ting-Lu|0 fnt\n|faint|p1b: Ting-Lu\n|\n|win|GoodUnity-YT\n|raw|Killa mic Rick's rating: 1178 → 1154<\/strong> (-24 for losing)\n|raw|GoodUnity-YT's rating: 1198 → 1222<\/strong> (+24 for winning)\n|l|\u2606Killa mic Rick\n","uploadtime":1681827314,"views":15,"p1id":"killamicrick","p2id":"goodunityyt","formatid":"gen9vgc2023regulationc","rating":1154,"private":0,"password":""}