{"id":"gen9vgc2023regulationc-1857372231","p1":"chi-yuonetrick","p2":"Jaferlle17","format":"[Gen 9] VGC 2023 Regulation C","log":"|j|\u2606chi-yuonetrick\n|j|\u2606Jaferlle17\n|t:|1683182107\n|gametype|doubles\n|player|p1|chi-yuonetrick|acetrainer-gen6xy|1429\n|player|p2|Jaferlle17|steven|1516\n|teamsize|p1|6\n|teamsize|p2|6\n|gen|9\n|tier|[Gen 9] VGC 2023 Regulation C\n|rated|\n|rule|Species Clause: Limit one of each Pok\u00e9mon\n|rule|Item Clause: Limit one of each item\n|clearpoke\n|poke|p1|Iron Hands, L50|\n|poke|p1|Gyarados, L50, M|\n|poke|p1|Flutter Mane, L50|\n|poke|p1|Chi-Yu, L50|\n|poke|p1|Amoonguss, L50, M|\n|poke|p1|Bronzong, L50|\n|poke|p2|Hatterene, L50, F|\n|poke|p2|Kingambit, L50, M|\n|poke|p2|Tatsugiri-Droopy, L50, F|\n|poke|p2|Torkoal, L50, M|\n|poke|p2|Indeedee-F, L50, F|\n|poke|p2|Dondozo, L50, M|\n|teampreview|4\n|inactive|Battle timer is ON: inactive players will automatically lose when time's up. (requested by Jaferlle17)\nchi-yuonetrick has agreed to open team sheets.\nJaferlle17 rejected open team sheets.\n|inactive|Jaferlle17 has 60 seconds left.\n|\n|t:|1683182141\n|start\n|switch|p1a: Flutter Mane|Flutter Mane, L50|100\/100\n|switch|p1b: Chi-Yu|Chi-Yu, L50|100\/100\n|switch|p2a: Dondozo|Dondozo, L50, M|100\/100\n|switch|p2b: Indeedee|Indeedee-F, L50, F|100\/100\n|-ability|p1b: Chi-Yu|Beads of Ruin\n|-fieldstart|move: Psychic Terrain|[from] ability: Psychic Surge|[of] p2b: Indeedee\n|-enditem|p2b: Indeedee|Psychic Seed\n|-boost|p2b: Indeedee|spd|1|[from] item: Psychic Seed\n|turn|1\n|\n|t:|1683182159\n|-terastallize|p1b: Chi-Yu|Water\n|move|p1a: Flutter Mane|Dazzling Gleam|p2a: Dondozo|[spread] p2a,p2b\n|-damage|p2a: Dondozo|32\/100\n|-damage|p2b: Indeedee|62\/100\n|move|p1b: Chi-Yu|Dark Pulse|p2b: Indeedee\n|-supereffective|p2b: Indeedee\n|-damage|p2b: Indeedee|0 fnt\n|faint|p2b: Indeedee\n|move|p2a: Dondozo|Rock Slide|p1b: Chi-Yu|[spread] p1a,p1b\n|-damage|p1a: Flutter Mane|48\/100\n|-damage|p1b: Chi-Yu|65\/100\n|\n|-heal|p1b: Chi-Yu|71\/100|[from] item: Leftovers\n|upkeep\n|\n|t:|1683182170\n|switch|p2b: Hatterene|Hatterene, L50, F|100\/100\n|turn|2\n|\n|t:|1683182182\n|-terastallize|p2b: Hatterene|Fire\n|move|p1a: Flutter Mane|Dazzling Gleam|p2b: Hatterene|[spread] p2a,p2b\n|-resisted|p2b: Hatterene\n|-damage|p2a: Dondozo|0 fnt\n|-damage|p2b: Hatterene|65\/100\n|faint|p2a: Dondozo\n|move|p1b: Chi-Yu|Dark Pulse|p2b: Hatterene\n|-damage|p2b: Hatterene|6\/100\n|move|p2b: Hatterene|Trick Room|p2b: Hatterene\n|-fieldstart|move: Trick Room|[of] p2b: Hatterene\n|\n|-heal|p1b: Chi-Yu|78\/100|[from] item: Leftovers\n|upkeep\n|\n|t:|1683182191\n|switch|p2a: Torkoal|Torkoal, L50, M|100\/100\n|-weather|SunnyDay|[from] ability: Drought|[of] p2a: Torkoal\n|-activate|p1a: Flutter Mane|ability: Protosynthesis\n|-start|p1a: Flutter Mane|protosynthesisspe\n|turn|3\n|\n|t:|1683182198\n|move|p1b: Chi-Yu|Protect|p1b: Chi-Yu\n|-singleturn|p1b: Chi-Yu|Protect\n|move|p2a: Torkoal|Eruption|p1b: Chi-Yu|[spread] p1a\n|-activate|p1b: Chi-Yu|move: Protect\n|-damage|p1a: Flutter Mane|0 fnt\n|faint|p1a: Flutter Mane\n|-end|p1a: Flutter Mane|Protosynthesis|[silent]\n|move|p2b: Hatterene|Psychic|p1b: Chi-Yu\n|-activate|p1b: Chi-Yu|move: Protect\n|\n|-weather|SunnyDay|[upkeep]\n|-heal|p1b: Chi-Yu|84\/100|[from] item: Leftovers\n|upkeep\n|\n|t:|1683182204\n|switch|p1a: Iron Hands|Iron Hands, L50|100\/100\n|turn|4\n|\n|t:|1683182213\n|move|p1b: Chi-Yu|Protect||[still]\n|-fail|p1b: Chi-Yu\n|move|p2a: Torkoal|Eruption|p1b: Chi-Yu|[spread] p1a,p1b\n|-resisted|p1b: Chi-Yu\n|-damage|p1a: Iron Hands|39\/100\n|-damage|p1b: Chi-Yu|41\/100\n|move|p2b: Hatterene|Dazzling Gleam|p1a: Iron Hands|[spread] p1a,p1b\n|-supereffective|p1a: Iron Hands\n|-damage|p1a: Iron Hands|0 fnt\n|-damage|p1b: Chi-Yu|0 fnt\n|faint|p1a: Iron Hands\n|-end|p1a: Iron Hands|Quark Drive|[silent]\n|faint|p1b: Chi-Yu\n|-damage|p2b: Hatterene|0 fnt|[from] item: Life Orb\n|faint|p2b: Hatterene\n|\n|-weather|SunnyDay|[upkeep]\n|upkeep\n|\n|t:|1683182223\n|switch|p1b: Amoonguss|Amoonguss, L50, M|100\/100\n|turn|5\n|\n|t:|1683182228\n|move|p2a: Torkoal|Eruption|p1b: Amoonguss\n|-supereffective|p1b: Amoonguss\n|-damage|p1b: Amoonguss|0 fnt\n|faint|p1b: Amoonguss\n|\n|win|Jaferlle17\n|raw|chi-yuonetrick's rating: 1429 → 1414<\/strong> (-15 for losing)\n|raw|Jaferlle17's rating: 1516 → 1531<\/strong> (+15 for winning)\n|l|\u2606chi-yuonetrick\n|c|\u2606Jaferlle17|GG\n|l|\u2606Jaferlle17\n","uploadtime":1683182339,"views":10,"p1id":"chiyuonetrick","p2id":"jaferlle17","formatid":"gen9vgc2023regulationc","rating":1414,"private":0,"password":""}