{"id":"gen9vgc2023regulationc-1852823721","p1":"rangueaculeo","p2":"Gard0o","format":"[Gen 9] VGC 2023 Regulation C","log":"|j|\u2606rangueaculeo\n|j|\u2606Gard0o\n|t:|1682609314\n|gametype|doubles\n|player|p1|rangueaculeo|265|1109\n|player|p2|Gard0o|pokemonranger-gen4|1177\n|teamsize|p1|6\n|teamsize|p2|6\n|gen|9\n|tier|[Gen 9] VGC 2023 Regulation C\n|rated|\n|rule|Species Clause: Limit one of each Pok\u00e9mon\n|rule|Item Clause: Limit one of each item\n|clearpoke\n|poke|p1|Maushold-Four, L50|\n|poke|p1|Flutter Mane, L50|\n|poke|p1|Arcanine, L50, F|\n|poke|p1|Chi-Yu, L50|\n|poke|p1|Dachsbun, L50, F|\n|poke|p1|Ceruledge, L50, M|\n|poke|p2|Wo-Chien, L50|\n|poke|p2|Chi-Yu, L50|\n|poke|p2|Gothorita, L50, M|\n|poke|p2|Flutter Mane, L50|\n|poke|p2|Gholdengo, L50|\n|poke|p2|Indeedee-F, L50, F|\n|teampreview|4\n|inactive|Battle timer is ON: inactive players will automatically lose when time's up. (requested by rangueaculeo)\nrangueaculeo rejected open team sheets.\n|inactive|Gard0o has 60 seconds left.\n|\n|t:|1682609382\n|start\n|switch|p1a: Flutter Mane|Flutter Mane, L50|100\/100\n|switch|p1b: Chi-Yu|Chi-Yu, L50|100\/100\n|switch|p2a: Wo-Chien|Wo-Chien, L50|100\/100\n|switch|p2b: Gothorita|Gothorita, L50, M|100\/100\n|-ability|p1b: Chi-Yu|Beads of Ruin\n|-ability|p2a: Wo-Chien|Tablets of Ruin\n|-enditem|p1a: Flutter Mane|Booster Energy\n|-activate|p1a: Flutter Mane|ability: Protosynthesis|[fromitem]\n|-start|p1a: Flutter Mane|protosynthesisspe\n|turn|1\n|inactive|rangueaculeo has 30 seconds left.\n|inactive|Gard0o has 30 seconds left.\n|inactive|Gard0o has 20 seconds left.\n|\n|t:|1682609420\n|-terastallize|p1a: Flutter Mane|Fairy\n|-terastallize|p2a: Wo-Chien|Flying\n|move|p2b: Gothorita|Fake Out|p1b: Chi-Yu\n|-damage|p1b: Chi-Yu|94\/100\n|move|p1a: Flutter Mane|Moonblast|p2a: Wo-Chien\n|-damage|p2a: Wo-Chien|44\/100\n|cant|p1b: Chi-Yu|flinch\n|move|p2a: Wo-Chien|Leech Seed|p1b: Chi-Yu\n|-start|p1b: Chi-Yu|move: Leech Seed\n|\n|-heal|p2a: Wo-Chien|50\/100|[from] item: Leftovers\n|-damage|p1b: Chi-Yu|82\/100|[from] Leech Seed|[of] p2a: Wo-Chien\n|-heal|p2a: Wo-Chien|59\/100|[silent]\n|upkeep\n|turn|2\n|\n|t:|1682609442\n|move|p2a: Wo-Chien|Protect|p2a: Wo-Chien\n|-singleturn|p2a: Wo-Chien|Protect\n|move|p1a: Flutter Mane|Shadow Ball|p2b: Gothorita\n|-supereffective|p2b: Gothorita\n|-damage|p2b: Gothorita|25\/100\n|move|p1b: Chi-Yu|Dark Pulse|p2a: Wo-Chien\n|-activate|p2a: Wo-Chien|move: Protect\n|move|p2b: Gothorita|Trick Room|p2b: Gothorita\n|-fieldstart|move: Trick Room|[of] p2b: Gothorita\n|\n|-heal|p2a: Wo-Chien|65\/100|[from] item: Leftovers\n|-damage|p1b: Chi-Yu|70\/100|[from] Leech Seed|[of] p2a: Wo-Chien\n|-heal|p2a: Wo-Chien|73\/100|[silent]\n|upkeep\n|turn|3\n|inactive|rangueaculeo has 30 seconds left.\n|\n|t:|1682609468\n|move|p2b: Gothorita|Protect|p2b: Gothorita\n|-singleturn|p2b: Gothorita|Protect\n|move|p2a: Wo-Chien|Ruination|p1b: Chi-Yu\n|-damage|p1b: Chi-Yu|36\/100\n|move|p1b: Chi-Yu|Dark Pulse|p2a: Wo-Chien\n|-damage|p2a: Wo-Chien|40\/100\n|move|p1a: Flutter Mane|Moonblast|p2a: Wo-Chien\n|-damage|p2a: Wo-Chien|0 fnt\n|faint|p2a: Wo-Chien\n|\n|upkeep\n|\n|t:|1682609479\n|switch|p2a: Chi-Yu|Chi-Yu, L50|100\/100\n|-ability|p2a: Chi-Yu|Beads of Ruin\n|turn|4\n|\n|t:|1682609501\n|switch|p2b: Indeedee|Indeedee-F, L50, F|100\/100\n|-fieldstart|move: Psychic Terrain|[from] ability: Psychic Surge|[of] p2b: Indeedee\n|-enditem|p2b: Indeedee|Psychic Seed\n|-boost|p2b: Indeedee|spd|1|[from] item: Psychic Seed\n|move|p2a: Chi-Yu|Nasty Plot|p2a: Chi-Yu\n|-boost|p2a: Chi-Yu|spa|2\n|move|p1b: Chi-Yu|Dark Pulse|p2a: Chi-Yu\n|-resisted|p2a: Chi-Yu\n|-damage|p2a: Chi-Yu|79\/100\n|move|p1a: Flutter Mane|Shadow Ball|p2b: Indeedee\n|-immune|p2b: Indeedee\n|\n|-damage|p1b: Chi-Yu|23\/100|[from] Leech Seed|[of] p2a: Chi-Yu\n|-heal|p2a: Chi-Yu|91\/100|[silent]\n|upkeep\n|turn|5\n|\n|t:|1682609521\n|move|p2b: Indeedee|Helping Hand|p2a: Chi-Yu\n|-singleturn|p2a: Chi-Yu|Helping Hand|[of] p2b: Indeedee\n|move|p2a: Chi-Yu|Heat Wave|p1a: Flutter Mane|[spread] p1a,p1b\n|-resisted|p1b: Chi-Yu\n|-damage|p1a: Flutter Mane|0 fnt\n|-damage|p1b: Chi-Yu|0 fnt\n|faint|p1a: Flutter Mane\n|-end|p1a: Flutter Mane|Protosynthesis|[silent]\n|faint|p1b: Chi-Yu\n|\n|upkeep\n|\n|t:|1682609534\n|switch|p1b: Ceruledge|Ceruledge, L50, M|100\/100\n|switch|p1a: Arcanine|Arcanine, L50, F|100\/100\n|-ability|p1a: Arcanine|Intimidate|boost\n|-unboost|p2a: Chi-Yu|atk|1\n|-unboost|p2b: Indeedee|atk|1\n|turn|6\n|\n|t:|1682609548\n|switch|p2b: Gothorita|Gothorita, L50, M|25\/100\n|move|p1b: Ceruledge|Protect|p1b: Ceruledge\n|-singleturn|p1b: Ceruledge|Protect\n|move|p1a: Arcanine|Protect|p1a: Arcanine\n|-singleturn|p1a: Arcanine|Protect\n|move|p2a: Chi-Yu|Dark Pulse|p1b: Ceruledge\n|-activate|p1b: Ceruledge|move: Protect\n|\n|-fieldend|move: Trick Room\n|upkeep\n|turn|7\n|\n|t:|1682609568\n|move|p2b: Gothorita|Protect|p2b: Gothorita\n|-singleturn|p2b: Gothorita|Protect\n|move|p1a: Arcanine|Snarl|p2a: Chi-Yu|[spread] p2a\n|-activate|p2b: Gothorita|move: Protect\n|-resisted|p2a: Chi-Yu\n|-damage|p2a: Chi-Yu|86\/100\n|-unboost|p2a: Chi-Yu|spa|1\n|move|p1b: Ceruledge|Bitter Blade|p2a: Chi-Yu\n|-resisted|p2a: Chi-Yu\n|-damage|p2a: Chi-Yu|54\/100\n|move|p2a: Chi-Yu|Dark Pulse|p1b: Ceruledge\n|-supereffective|p1b: Ceruledge\n|-damage|p1b: Ceruledge|0 fnt\n|faint|p1b: Ceruledge\n|\n|upkeep\n|turn|8\n|\n|t:|1682609587\n|move|p1a: Arcanine|Snarl|p2b: Gothorita|[spread] p2a,p2b\n|-resisted|p2a: Chi-Yu\n|-supereffective|p2b: Gothorita\n|-damage|p2a: Chi-Yu|49\/100\n|-damage|p2b: Gothorita|5\/100\n|-unboost|p2a: Chi-Yu|spa|1\n|-unboost|p2b: Gothorita|spa|1\n|move|p2a: Chi-Yu|Dark Pulse|p1a: Arcanine\n|-damage|p1a: Arcanine|46\/100\n|move|p2b: Gothorita|Foul Play|p1a: Arcanine\n|-damage|p1a: Arcanine|27\/100\n|\n|-fieldend|move: Psychic Terrain\n|upkeep\n|turn|9\n|c|\u2606rangueaculeo|Gg dik suker\n|-message|rangueaculeo forfeited.\n|\n|win|Gard0o\n|raw|rangueaculeo's rating: 1109 → 1089<\/strong> (-20 for losing)\n|raw|Gard0o's rating: 1177 → 1197<\/strong> (+20 for winning)\n|l|\u2606rangueaculeo\n","uploadtime":1682609610,"views":4,"p1id":"rangueaculeo","p2id":"gard0o","formatid":"gen9vgc2023regulationc","rating":1089,"private":0,"password":""}