{"id":"gen9vgc2023regulationc-1850252801","p1":"JDN-2925","p2":"OnHoldWithTheIRS","format":"[Gen 9] VGC 2023 Regulation C","log":"|j|\u2606JDN-2925\n|j|\u2606OnHoldWithTheIRS\n|t:|1682306124\n|gametype|doubles\n|player|p1|JDN-2925|2|1327\n|player|p2|OnHoldWithTheIRS|clerk|1400\n|teamsize|p1|6\n|teamsize|p2|6\n|gen|9\n|tier|[Gen 9] VGC 2023 Regulation C\n|rated|\n|rule|Species Clause: Limit one of each Pok\u00e9mon\n|rule|Item Clause: Limit one of each item\n|clearpoke\n|poke|p1|Wo-Chien, L50|\n|poke|p1|Glimmora, L50, M|\n|poke|p1|Amoonguss, L50, M|\n|poke|p1|Gothitelle, L50, M|\n|poke|p1|Garganacl, L50, M|\n|poke|p1|Flutter Mane, L50|\n|poke|p2|Baxcalibur, L50, F|\n|poke|p2|Sandy Shocks, L50|\n|poke|p2|Klefki, L50, M|\n|poke|p2|Armarouge, L50, M|\n|poke|p2|Rotom-Wash, L50|\n|poke|p2|Meowscarada, L50, F|\n|teampreview|4\nOnHoldWithTheIRS has agreed to open team sheets.\nJDN-2925 rejected open team sheets.\n|\n|t:|1682306194\n|start\n|switch|p1a: Gothitelle|Gothitelle, L50, M|100\/100\n|switch|p1b: Flutter Mane|Flutter Mane, L50|100\/100\n|switch|p2a: Baxcalibur|Baxcalibur, L50, F|100\/100\n|switch|p2b: Rotom|Rotom-Wash, L50|100\/100\n|turn|1\n|\n|t:|1682306222\n|move|p2a: Baxcalibur|Protect|p2a: Baxcalibur\n|-singleturn|p2a: Baxcalibur|Protect\n|move|p1a: Gothitelle|Fake Out|p2a: Baxcalibur\n|-activate|p2a: Baxcalibur|move: Protect\n|move|p1b: Flutter Mane|Perish Song|p1b: Flutter Mane\n|-start|p1a: Gothitelle|perish3|[silent]\n|-start|p1b: Flutter Mane|perish3|[silent]\n|-start|p2a: Baxcalibur|perish3|[silent]\n|-start|p2b: Rotom|perish3|[silent]\n|-fieldactivate|move: Perish Song\n|move|p2b: Rotom|Thunderbolt|p1b: Flutter Mane\n|-damage|p1b: Flutter Mane|66\/100\n|\n|-start|p1b: Flutter Mane|perish3\n|-start|p2b: Rotom|perish3\n|-start|p2a: Baxcalibur|perish3\n|-start|p1a: Gothitelle|perish3\n|upkeep\n|turn|2\n|\n|t:|1682306259\n|move|p1b: Flutter Mane|Protect|p1b: Flutter Mane\n|-singleturn|p1b: Flutter Mane|Protect\n|move|p1a: Gothitelle|Protect|p1a: Gothitelle\n|-singleturn|p1a: Gothitelle|Protect\n|move|p2b: Rotom|Thunderbolt|p1b: Flutter Mane\n|-activate|p1b: Flutter Mane|move: Protect\n|move|p2a: Baxcalibur|Icicle Spear|p1a: Gothitelle\n|-activate|p1a: Gothitelle|move: Protect\n|\n|-start|p1b: Flutter Mane|perish2\n|-start|p2b: Rotom|perish2\n|-start|p2a: Baxcalibur|perish2\n|-start|p1a: Gothitelle|perish2\n|upkeep\n|turn|3\n|\n|t:|1682306289\n|-end|p1b: Flutter Mane|Protosynthesis|[silent]\n|switch|p1b: Glimmora|Glimmora, L50, M|100\/100\n|move|p2b: Rotom|Hydro Pump|p1a: Gothitelle\n|-damage|p1a: Gothitelle|63\/100\n|move|p2a: Baxcalibur|Icicle Spear|p1a: Gothitelle\n|-damage|p1a: Gothitelle|49\/100\n|-enditem|p1a: Gothitelle|Sitrus Berry|[eat]\n|-heal|p1a: Gothitelle|74\/100|[from] item: Sitrus Berry\n|-damage|p1a: Gothitelle|62\/100\n|-damage|p1a: Gothitelle|50\/100\n|-crit|p1a: Gothitelle\n|-damage|p1a: Gothitelle|32\/100\n|-damage|p1a: Gothitelle|20\/100\n|-hitcount|p1a: Gothitelle|5\n|move|p1a: Gothitelle|Heal Pulse|p1b: Glimmora\n|-fail|p1b: Glimmora|heal\n|\n|-start|p2b: Rotom|perish1\n|-start|p2a: Baxcalibur|perish1\n|-start|p1a: Gothitelle|perish1\n|upkeep\n|turn|4\n|\n|t:|1682306339\n|move|p1a: Gothitelle|Protect|p1a: Gothitelle\n|-singleturn|p1a: Gothitelle|Protect\n|move|p2b: Rotom|Hydro Pump|p1b: Glimmora\n|-supereffective|p1b: Glimmora\n|-damage|p1b: Glimmora|35\/100\n|move|p2a: Baxcalibur|Icicle Spear|p1b: Glimmora\n|-damage|p1b: Glimmora|19\/100\n|-activate|p1b: Glimmora|ability: Toxic Debris\n|-sidestart|p2: OnHoldWithTheIRS|move: Toxic Spikes\n|-damage|p1b: Glimmora|4\/100\n|-activate|p1b: Glimmora|ability: Toxic Debris\n|-sidestart|p2: OnHoldWithTheIRS|move: Toxic Spikes\n|-damage|p1b: Glimmora|0 fnt\n|faint|p1b: Glimmora\n|-hitcount|p1: Glimmora|3\n|\n|-start|p2b: Rotom|perish0\n|-start|p2a: Baxcalibur|perish0\n|-start|p1a: Gothitelle|perish0\n|faint|p2b: Rotom\n|faint|p2a: Baxcalibur\n|faint|p1a: Gothitelle\n|upkeep\n|\n|t:|1682306359\n|switch|p2b: Armarouge|Armarouge, L50, M|100\/100\n|switch|p2a: Meowscarada|Meowscarada, L50, F|100\/100\n|switch|p1b: Wo-Chien|Wo-Chien, L50|100\/100\n|switch|p1a: Flutter Mane|Flutter Mane, L50|66\/100\n|-status|p2a: Meowscarada|tox\n|-status|p2b: Armarouge|tox\n|-ability|p1b: Wo-Chien|Tablets of Ruin\n|turn|5\n|\n|t:|1682306407\n|-terastallize|p1a: Flutter Mane|Fairy\n|-terastallize|p2b: Armarouge|Grass\n|move|p2a: Meowscarada|Protect|p2a: Meowscarada\n|-singleturn|p2a: Meowscarada|Protect\n|move|p1a: Flutter Mane|Shadow Ball|p2b: Armarouge\n|-damage|p2b: Armarouge|48\/100 tox\n|move|p2b: Armarouge|Calm Mind|p2b: Armarouge\n|-boost|p2b: Armarouge|spa|1\n|-boost|p2b: Armarouge|spd|1\n|move|p1b: Wo-Chien|Snarl|p2b: Armarouge|[spread] p2b\n|-activate|p2a: Meowscarada|move: Protect\n|-damage|p2b: Armarouge|40\/100 tox\n|-unboost|p2b: Armarouge|spa|1\n|\n|-heal|p2b: Armarouge|46\/100 tox|[from] item: Leftovers\n|-damage|p2a: Meowscarada|95\/100 tox|[from] psn\n|-damage|p2b: Armarouge|40\/100 tox|[from] psn\n|upkeep\n|turn|6\n|\n|t:|1682306440\n|move|p1a: Flutter Mane|Protect|p1a: Flutter Mane\n|-singleturn|p1a: Flutter Mane|Protect\n|move|p2a: Meowscarada|Pollen Puff|p2b: Armarouge\n|-heal|p2b: Armarouge|90\/100 tox\n|move|p2b: Armarouge|Heat Wave|p1b: Wo-Chien|[spread] p1b\n|-activate|p1a: Flutter Mane|move: Protect\n|-supereffective|p1b: Wo-Chien\n|-crit|p1b: Wo-Chien\n|-damage|p1b: Wo-Chien|41\/100\n|move|p1b: Wo-Chien|Snarl|p2a: Meowscarada|[spread] p2a,p2b\n|-resisted|p2a: Meowscarada\n|-damage|p2a: Meowscarada|84\/100 tox\n|-damage|p2b: Armarouge|79\/100 tox\n|-unboost|p2a: Meowscarada|spa|1\n|-unboost|p2b: Armarouge|spa|1\n|\n|-heal|p2b: Armarouge|85\/100 tox|[from] item: Leftovers\n|-heal|p1b: Wo-Chien|47\/100|[from] item: Leftovers\n|-damage|p2a: Meowscarada|72\/100 tox|[from] psn\n|-damage|p2b: Armarouge|73\/100 tox|[from] psn\n|upkeep\n|turn|7\n|\n|t:|1682306471\n|move|p1b: Wo-Chien|Protect|p1b: Wo-Chien\n|-singleturn|p1b: Wo-Chien|Protect\n|move|p2a: Meowscarada|Flower Trick|p1a: Flutter Mane\n|-crit|p1a: Flutter Mane\n|-damage|p1a: Flutter Mane|3\/100\n|move|p1a: Flutter Mane|Dazzling Gleam|p2b: Armarouge|[spread] p2a,p2b\n|-supereffective|p2a: Meowscarada\n|-crit|p2b: Armarouge\n|-damage|p2a: Meowscarada|0 fnt\n|-damage|p2b: Armarouge|0 fnt\n|faint|p2a: Meowscarada\n|faint|p2b: Armarouge\n|\n|win|JDN-2925\n|raw|JDN-2925's rating: 1327 → 1351<\/strong> (+24 for winning)\n|raw|OnHoldWithTheIRS's rating: 1400 → 1376<\/strong> (-24 for losing)\n|l|\u2606JDN-2925\n|j|\u2606JDN-2925\n|player|p1|JDN-2925|2\n|l|\u2606JDN-2925\n|player|p1|\n","uploadtime":1682306771,"views":28,"p1id":"jdn2925","p2id":"onholdwiththeirs","formatid":"gen9vgc2023regulationc","rating":1351,"private":0,"password":""}