{"id":"gen9vgc2023regulationc-1855191152","p1":"Rezzy350","p2":"hysaaron","format":"[Gen 9] VGC 2023 Regulation C","log":"|j|\u2606Rezzy350\n|j|\u2606hysaaron\n|t:|1682912849\n|gametype|doubles\n|player|p1|Rezzy350|cynthia|1083\n|player|p2|hysaaron|101|1145\n|teamsize|p1|6\n|teamsize|p2|6\n|gen|9\n|tier|[Gen 9] VGC 2023 Regulation C\n|rated|\n|rule|Species Clause: Limit one of each Pok\u00e9mon\n|rule|Item Clause: Limit one of each item\n|clearpoke\n|poke|p1|Ting-Lu, L50|\n|poke|p1|Vivillon-Fancy, L50, M|\n|poke|p1|Iron Bundle, L50|\n|poke|p1|Abomasnow, L50, M|\n|poke|p1|Annihilape, L50, F|\n|poke|p1|Chien-Pao, L50|\n|poke|p2|Talonflame, L50, M|\n|poke|p2|Great Tusk, L50|\n|poke|p2|Chi-Yu, L50|\n|poke|p2|Flutter Mane, L50|\n|poke|p2|Amoonguss, L50, F|\n|poke|p2|Gyarados, L50, F|\n|teampreview|4\n|inactive|Battle timer is ON: inactive players will automatically lose when time's up. (requested by Rezzy350)\n|\n|t:|1682912874\n|start\n|switch|p1a: Vivillon|Vivillon-Fancy, L50, M|100\/100\n|switch|p1b: Ting-Lu|Ting-Lu, L50|100\/100\n|switch|p2a: Talonflame|Talonflame, L50, M, shiny|100\/100\n|switch|p2b: Great Tusk|Great Tusk, L50, shiny|100\/100\n|-ability|p1b: Ting-Lu|Vessel of Ruin\n|turn|1\n|\n|t:|1682912899\n|-terastallize|p1b: Ting-Lu|Ground\n|move|p2a: Talonflame|Tailwind|p2a: Talonflame\n|-sidestart|p2: hysaaron|move: Tailwind\n|move|p2b: Great Tusk|Rock Slide|p1a: Vivillon|[spread] p1a,p1b\n|-supereffective|p1a: Vivillon\n|-resisted|p1b: Ting-Lu\n|-enditem|p1a: Vivillon|Focus Sash\n|-damage|p1a: Vivillon|1\/100\n|-damage|p1b: Ting-Lu|96\/100\n|move|p1a: Vivillon|Safeguard|p1a: Vivillon\n|-sidestart|p1: Rezzy350|Safeguard\n|cant|p1b: Ting-Lu|flinch\n|\n|upkeep\n|turn|2\n|\n|t:|1682912916\n|move|p1a: Vivillon|Protect|p1a: Vivillon\n|-singleturn|p1a: Vivillon|Protect\n|move|p2b: Great Tusk|Rock Slide|p1b: Ting-Lu|[spread] p1b\n|-activate|p1a: Vivillon|move: Protect\n|-resisted|p1b: Ting-Lu\n|-crit|p1b: Ting-Lu\n|-damage|p1b: Ting-Lu|89\/100\n|move|p2a: Talonflame|Will-O-Wisp|p1b: Ting-Lu\n|-activate|p1b: Ting-Lu|move: Safeguard\n|move|p1b: Ting-Lu|Rock Slide|p2a: Talonflame|[spread] p2a,p2b\n|-supereffective|p2a: Talonflame\n|-resisted|p2b: Great Tusk\n|-crit|p2b: Great Tusk\n|-damage|p2a: Talonflame|0 fnt\n|-damage|p2b: Great Tusk|93\/100\n|faint|p2a: Talonflame\n|\n|upkeep\n|inactive|hysaaron has 30 seconds left.\n|\n|t:|1682912950\n|switch|p2a: Flutter Mane|Flutter Mane, L50|100\/100\n|-enditem|p2a: Flutter Mane|Booster Energy\n|-activate|p2a: Flutter Mane|ability: Protosynthesis|[fromitem]\n|-start|p2a: Flutter Mane|protosynthesisspa\n|turn|3\n|\n|t:|1682912975\n|switch|p1a: Abomasnow|Abomasnow, L50, M|100\/100\n|-weather|Snow|[from] ability: Snow Warning|[of] p1a: Abomasnow\n|move|p2a: Flutter Mane|Protect|p2a: Flutter Mane\n|-singleturn|p2a: Flutter Mane|Protect\n|move|p2b: Great Tusk|Rock Slide|p1a: Abomasnow|[spread] p1a,p1b\n|-supereffective|p1a: Abomasnow\n|-resisted|p1b: Ting-Lu\n|-damage|p1a: Abomasnow|67\/100\n|-damage|p1b: Ting-Lu|83\/100\n|move|p1b: Ting-Lu|Rock Slide|p2b: Great Tusk|[spread] p2b\n|-activate|p2a: Flutter Mane|move: Protect\n|-resisted|p2b: Great Tusk\n|-damage|p2b: Great Tusk|87\/100\n|\n|-weather|Snow|[upkeep]\n|upkeep\n|turn|4\n|inactive|hysaaron has 30 seconds left.\n|inactive|hysaaron has 20 seconds left.\n|\n|t:|1682913014\n|-terastallize|p2a: Flutter Mane|Steel\n|move|p2b: Great Tusk|Rock Slide|p1b: Ting-Lu|[spread] p1a,p1b\n|-supereffective|p1a: Abomasnow\n|-resisted|p1b: Ting-Lu\n|-damage|p1a: Abomasnow|35\/100\n|-damage|p1b: Ting-Lu|76\/100\n|move|p2a: Flutter Mane|Moonblast|p1b: Ting-Lu\n|-damage|p1b: Ting-Lu|37\/100\n|move|p1a: Abomasnow|Blizzard|p2b: Great Tusk|[spread] p2a,p2b\n|-resisted|p2a: Flutter Mane\n|-supereffective|p2b: Great Tusk\n|-damage|p2a: Flutter Mane|87\/100\n|-damage|p2b: Great Tusk|0 fnt\n|faint|p2b: Great Tusk\n|-end|p2b: Great Tusk|Protosynthesis|[silent]\n|-damage|p1a: Abomasnow|25\/100|[from] item: Life Orb\n|move|p1b: Ting-Lu|Rock Slide|p2a: Flutter Mane\n|-resisted|p2a: Flutter Mane\n|-damage|p2a: Flutter Mane|63\/100\n|\n|-weather|Snow|[upkeep]\n|-sideend|p2: hysaaron|move: Tailwind\n|upkeep\n|\n|t:|1682913036\n|switch|p2b: Chi-Yu|Chi-Yu, L50|100\/100\n|-ability|p2b: Chi-Yu|Beads of Ruin\n|turn|5\n|\n|t:|1682913055\n|move|p1a: Abomasnow|Helping Hand|p1b: Ting-Lu\n|-singleturn|p1b: Ting-Lu|Helping Hand|[of] p1a: Abomasnow\n|move|p2a: Flutter Mane|Moonblast|p1b: Ting-Lu\n|-damage|p1b: Ting-Lu|0 fnt\n|faint|p1b: Ting-Lu\n|move|p2b: Chi-Yu|Heat Wave|p1a: Abomasnow\n|-supereffective|p1a: Abomasnow\n|-damage|p1a: Abomasnow|0 fnt\n|faint|p1a: Abomasnow\n|-damage|p2b: Chi-Yu|91\/100|[from] item: Life Orb\n|\n|-weather|Snow|[upkeep]\n|-sideend|p1: Rezzy350|Safeguard\n|upkeep\n|\n|t:|1682913068\n|switch|p1a: Iron Bundle|Iron Bundle, L50|100\/100\n|switch|p1b: Vivillon|Vivillon-Fancy, L50, M|1\/100\n|-enditem|p1a: Iron Bundle|Booster Energy\n|-activate|p1a: Iron Bundle|ability: Quark Drive|[fromitem]\n|-start|p1a: Iron Bundle|quarkdrivespe\n|turn|6\n|inactive|hysaaron has 30 seconds left.\n|inactive|hysaaron has 20 seconds left.\n|inactive|hysaaron has 15 seconds left.\n|inactive|hysaaron has 10 seconds left.\n|\n|t:|1682913116\n|move|p2a: Flutter Mane|Protect|p2a: Flutter Mane\n|-singleturn|p2a: Flutter Mane|Protect\n|move|p2b: Chi-Yu|Protect|p2b: Chi-Yu\n|-singleturn|p2b: Chi-Yu|Protect\n|move|p1a: Iron Bundle|Hydro Pump|p2b: Chi-Yu\n|-activate|p2b: Chi-Yu|move: Protect\n|move|p1b: Vivillon|Pollen Puff|p2a: Flutter Mane\n|-activate|p2a: Flutter Mane|move: Protect\n|\n|-weather|Snow|[upkeep]\n|upkeep\n|turn|7\n|inactive|hysaaron has 30 seconds left.\n|\n|t:|1682913143\n|move|p1b: Vivillon|Protect|p1b: Vivillon\n|-singleturn|p1b: Vivillon|Protect\n|move|p1a: Iron Bundle|Hydro Pump|p2b: Chi-Yu\n|-supereffective|p2b: Chi-Yu\n|-damage|p2b: Chi-Yu|0 fnt\n|faint|p2b: Chi-Yu\n|move|p2a: Flutter Mane|Moonblast|p1b: Vivillon\n|-activate|p1b: Vivillon|move: Protect\n|\n|-weather|none\n|upkeep\n|turn|8\n|\n|t:|1682913164\n|move|p1b: Vivillon|Rage Powder|p1b: Vivillon\n|-singleturn|p1b: Vivillon|move: Rage Powder\n|move|p1a: Iron Bundle|Hydro Pump|p2a: Flutter Mane\n|-damage|p2a: Flutter Mane|20\/100\n|move|p2a: Flutter Mane|Moonblast|p1b: Vivillon\n|-damage|p1b: Vivillon|0 fnt\n|faint|p1b: Vivillon\n|\n|upkeep\n|turn|9\n|\n|t:|1682913183\n|move|p1a: Iron Bundle|Hydro Pump|p2a: Flutter Mane\n|-crit|p2a: Flutter Mane\n|-damage|p2a: Flutter Mane|0 fnt\n|faint|p2a: Flutter Mane\n|-end|p2a: Flutter Mane|Protosynthesis|[silent]\n|\n|win|Rezzy350\n|raw|Rezzy350's rating: 1083 → 1115<\/strong> (+32 for winning)\n|raw|hysaaron's rating: 1145 → 1116<\/strong> (-29 for losing)\n","uploadtime":1682913187,"views":12,"p1id":"rezzy350","p2id":"hysaaron","formatid":"gen9vgc2023regulationc","rating":1115,"private":0,"password":""}