{"id":"gen9vgc2023regulationc-1847471276","p1":"DashingHat321","p2":"Steakman5","format":"[Gen 9] VGC 2023 Regulation C","log":"|j|\u2606DashingHat321\n|j|\u2606Steakman5\n|t:|1681959203\n|gametype|doubles\n|player|p1|DashingHat321|giovanni|1135\n|player|p2|Steakman5|swimmer-gen4|1240\n|teamsize|p1|6\n|teamsize|p2|6\n|gen|9\n|tier|[Gen 9] VGC 2023 Regulation C\n|rated|\n|rule|Species Clause: Limit one of each Pok\u00e9mon\n|rule|Item Clause: Limit one of each item\n|clearpoke\n|poke|p1|Arcanine, L50, M|\n|poke|p1|Iron Bundle, L50|\n|poke|p1|Great Tusk, L50|\n|poke|p1|Flutter Mane, L50|\n|poke|p1|Chien-Pao, L50|\n|poke|p1|Tsareena, L50, F|\n|poke|p2|Pelipper, L50, M|\n|poke|p2|Drednaw, L50, M|\n|poke|p2|Tatsugiri-Droopy, L50, M|\n|poke|p2|Dondozo, L50, F|\n|poke|p2|Iron Valiant, L50|\n|poke|p2|Flutter Mane, L50|\n|teampreview|4\n|inactive|Battle timer is ON: inactive players will automatically lose when time's up. (requested by DashingHat321)\nDashingHat321 rejected open team sheets.\n|c|\u2606DashingHat321|this looks like I'm due for an L lol. gl hf\n|inactive|Steakman5 has 60 seconds left.\n|\n|t:|1681959245\n|start\n|switch|p1a: Iron Bundle|Iron Bundle, L50|100\/100\n|switch|p1b: Flutter Mane|Flutter Mane, L50|100\/100\n|switch|p2a: Pelipper|Pelipper, L50, M|100\/100\n|switch|p2b: Drednaw|Drednaw, L50, M|100\/100\n|-weather|RainDance|[from] ability: Drizzle|[of] p2a: Pelipper\n|-enditem|p1a: Iron Bundle|Booster Energy\n|-activate|p1a: Iron Bundle|ability: Quark Drive|[fromitem]\n|-start|p1a: Iron Bundle|quarkdrivespe\n|turn|1\n|c|\u2606Steakman5|hf haha\n|inactive|DashingHat321 has 30 seconds left.\n|\n|t:|1681959273\n|move|p2a: Pelipper|Protect|p2a: Pelipper\n|-singleturn|p2a: Pelipper|Protect\n|move|p1a: Iron Bundle|Freeze-Dry|p2b: Drednaw\n|-supereffective|p2b: Drednaw\n|-damage|p2b: Drednaw|0 fnt\n|faint|p2b: Drednaw\n|move|p1b: Flutter Mane|Moonblast|p2a: Pelipper\n|-activate|p2a: Pelipper|move: Protect\n|\n|-weather|RainDance|[upkeep]\n|upkeep\n|\n|t:|1681959282\n|switch|p2b: Dondozo|Dondozo, L50, F|100\/100\n|turn|2\n|\n|t:|1681959291\n|-terastallize|p1b: Flutter Mane|Fairy\n|move|p2b: Dondozo|Protect|p2b: Dondozo\n|-singleturn|p2b: Dondozo|Protect\n|move|p1a: Iron Bundle|Freeze-Dry|p2b: Dondozo\n|-activate|p2b: Dondozo|move: Protect\n|move|p1b: Flutter Mane|Moonblast|p2b: Dondozo\n|-activate|p2b: Dondozo|move: Protect\n|move|p2a: Pelipper|Tailwind|p2a: Pelipper\n|-sidestart|p2: Steakman5|move: Tailwind\n|\n|-weather|RainDance|[upkeep]\n|upkeep\n|turn|3\n|\n|t:|1681959305\n|switch|p2a: Tatsugiri|Tatsugiri-Droopy, L50, M|100\/100\n|-activate|p2a: Tatsugiri|ability: Commander|[of] p2b: Dondozo\n|-boost|p2b: Dondozo|atk|2\n|-boost|p2b: Dondozo|spa|2\n|-boost|p2b: Dondozo|spe|2\n|-boost|p2b: Dondozo|def|2\n|-boost|p2b: Dondozo|spd|2\n|-terastallize|p2b: Dondozo|Water\n|move|p2b: Dondozo|Surf|p1a: Iron Bundle|[spread] p1a,p1b\n|-miss|p2b: Dondozo|p2a: Tatsugiri\n|-resisted|p1a: Iron Bundle\n|-damage|p1a: Iron Bundle|0 fnt\n|-damage|p1b: Flutter Mane|0 fnt\n|faint|p1a: Iron Bundle\n|-end|p1a: Iron Bundle|Quark Drive|[silent]\n|faint|p1b: Flutter Mane\n|-end|p1b: Flutter Mane|Protosynthesis|[silent]\n|-damage|p2b: Dondozo|91\/100|[from] item: Life Orb\n|\n|-weather|RainDance|[upkeep]\n|upkeep\n|\n|t:|1681959320\n|switch|p1b: Chien-Pao|Chien-Pao, L50|100\/100\n|switch|p1a: Tsareena|Tsareena, L50, F|100\/100\n|-ability|p1b: Chien-Pao|Sword of Ruin\n|turn|4\n|\n|t:|1681959332\n|move|p1b: Chien-Pao|Sucker Punch|p2b: Dondozo\n|-damage|p2b: Dondozo|69\/100\n|move|p2b: Dondozo|Surf|p1b: Chien-Pao|[spread] p1a,p1b\n|-miss|p2b: Dondozo|p2a: Tatsugiri\n|-resisted|p1a: Tsareena\n|-damage|p1a: Tsareena|30\/100\n|-damage|p1b: Chien-Pao|0 fnt\n|-enditem|p1a: Tsareena|Sitrus Berry|[eat]\n|-heal|p1a: Tsareena|55\/100|[from] item: Sitrus Berry\n|faint|p1b: Chien-Pao\n|-damage|p2b: Dondozo|59\/100|[from] item: Life Orb\n|move|p1a: Tsareena|Trop Kick|p2b: Dondozo\n|-supereffective|p2b: Dondozo\n|-damage|p2b: Dondozo|29\/100\n|-unboost|p2b: Dondozo|atk|1\n|\n|-weather|RainDance|[upkeep]\n|upkeep\n|turn|5\n|\n|t:|1681959347\n|move|p1a: Tsareena|Protect|p1a: Tsareena\n|-singleturn|p1a: Tsareena|Protect\n|move|p2b: Dondozo|Surf|p1a: Tsareena|[spread] \n|-miss|p2b: Dondozo|p2a: Tatsugiri\n|-activate|p1a: Tsareena|move: Protect\n|\n|-weather|RainDance|[upkeep]\n|-sideend|p2: Steakman5|move: Tailwind\n|upkeep\n|turn|6\n|\n|t:|1681959356\n|move|p2b: Dondozo|Surf|p1a: Tsareena|[spread] p1a\n|-miss|p2b: Dondozo|p2a: Tatsugiri\n|-resisted|p1a: Tsareena\n|-damage|p1a: Tsareena|0 fnt\n|faint|p1a: Tsareena\n|-damage|p2b: Dondozo|20\/100|[from] item: Life Orb\n|\n|win|Steakman5\n|raw|DashingHat321's rating: 1135 → 1117<\/strong> (-18 for losing)\n|raw|Steakman5's rating: 1240 → 1258<\/strong> (+18 for winning)\n|l|\u2606DashingHat321\n|c|\u2606Steakman5|ggs\n","uploadtime":1681959368,"views":3,"p1id":"dashinghat321","p2id":"steakman5","formatid":"gen9vgc2023regulationc","rating":1117,"private":0,"password":""}