{"id":"gen9vgc2023regulationc-1847465454","p1":"JWatt13","p2":"Steakman5","format":"[Gen 9] VGC 2023 Regulation C","log":"|j|\u2606JWatt13\n|j|\u2606Steakman5\n|t:|1681958466\n|gametype|doubles\n|player|p1|JWatt13|nate|1297\n|player|p2|Steakman5|swimmer-gen4|1209\n|teamsize|p1|6\n|teamsize|p2|6\n|gen|9\n|tier|[Gen 9] VGC 2023 Regulation C\n|rated|\n|rule|Species Clause: Limit one of each Pok\u00e9mon\n|rule|Item Clause: Limit one of each item\n|clearpoke\n|poke|p1|Chi-Yu, L50|\n|poke|p1|Flutter Mane, L50|\n|poke|p1|Roaring Moon, L50|\n|poke|p1|Iron Hands, L50|\n|poke|p1|Gyarados, L50, F|\n|poke|p1|Indeedee-F, L50, F|\n|poke|p2|Garganacl, L50, M|\n|poke|p2|Scovillain, L50, M|\n|poke|p2|Palafin, L50, M|\n|poke|p2|Flutter Mane, L50|\n|poke|p2|Dondozo, L50, M|\n|poke|p2|Tatsugiri-Droopy, L50, M|\n|teampreview|4\n|\n|t:|1681958515\n|start\n|switch|p1a: Roaring Moon|Roaring Moon, L50|100\/100\n|switch|p1b: Indeedee|Indeedee-F, L50, F|100\/100\n|switch|p2a: Scovillain|Scovillain, L50, M|100\/100\n|switch|p2b: Dondozo|Dondozo, L50, M|100\/100\n|-fieldstart|move: Psychic Terrain|[from] ability: Psychic Surge|[of] p1b: Indeedee\n|-enditem|p1b: Indeedee|Psychic Seed\n|-boost|p1b: Indeedee|spd|1|[from] item: Psychic Seed\n|-enditem|p1a: Roaring Moon|Booster Energy\n|-activate|p1a: Roaring Moon|ability: Protosynthesis|[fromitem]\n|-start|p1a: Roaring Moon|protosynthesisatk\n|turn|1\n|\n|t:|1681958538\n|switch|p2b: Garganacl|Garganacl, L50, M|100\/100\n|move|p1b: Indeedee|Follow Me|p1b: Indeedee\n|-singleturn|p1b: Indeedee|move: Follow Me\n|move|p1a: Roaring Moon|Dragon Dance|p1a: Roaring Moon\n|-boost|p1a: Roaring Moon|atk|1\n|-boost|p1a: Roaring Moon|spe|1\n|move|p2a: Scovillain|Spicy Extract|p1b: Indeedee\n|-boost|p1b: Indeedee|atk|2\n|-unboost|p1b: Indeedee|def|2\n|\n|upkeep\n|turn|2\n|\n|t:|1681958589\n|-terastallize|p2b: Garganacl|Fairy\n|move|p1a: Roaring Moon|Acrobatics|p2a: Scovillain\n|-supereffective|p2a: Scovillain\n|-damage|p2a: Scovillain|0 fnt\n|faint|p2a: Scovillain\n|move|p1b: Indeedee|Dazzling Gleam|p2b: Garganacl\n|-damage|p2b: Garganacl|83\/100\n|move|p2b: Garganacl|Avalanche|p1a: Roaring Moon\n|-supereffective|p1a: Roaring Moon\n|-damage|p1a: Roaring Moon|59\/100\n|\n|-heal|p2b: Garganacl|88\/100|[from] item: Leftovers\n|upkeep\n|\n|t:|1681958599\n|switch|p2a: Dondozo|Dondozo, L50, M|100\/100\n|turn|3\n|\n|t:|1681958616\n|-terastallize|p1a: Roaring Moon|Flying\n|move|p1b: Indeedee|Helping Hand|p1a: Roaring Moon\n|-singleturn|p1a: Roaring Moon|Helping Hand|[of] p1b: Indeedee\n|move|p2a: Dondozo|Protect|p2a: Dondozo\n|-singleturn|p2a: Dondozo|Protect\n|move|p1a: Roaring Moon|Acrobatics|p2a: Dondozo\n|-activate|p2a: Dondozo|move: Protect\n|move|p2b: Garganacl|Avalanche|p1a: Roaring Moon\n|-supereffective|p1a: Roaring Moon\n|-damage|p1a: Roaring Moon|15\/100\n|\n|-heal|p2b: Garganacl|94\/100|[from] item: Leftovers\n|upkeep\n|turn|4\n|\n|t:|1681958631\n|switch|p2b: Tatsugiri|Tatsugiri-Droopy, L50, M|100\/100\n|-activate|p2b: Tatsugiri|ability: Commander|[of] p2a: Dondozo\n|-boost|p2a: Dondozo|atk|2\n|-boost|p2a: Dondozo|spa|2\n|-boost|p2a: Dondozo|spe|2\n|-boost|p2a: Dondozo|def|2\n|-boost|p2a: Dondozo|spd|2\n|move|p1b: Indeedee|Follow Me|p1b: Indeedee\n|-singleturn|p1b: Indeedee|move: Follow Me\n|move|p1a: Roaring Moon|Acrobatics|p2b: Tatsugiri|[miss]\n|-miss|p1a: Roaring Moon|p2b: Tatsugiri\n|move|p2a: Dondozo|Surf|p1b: Indeedee|[spread] p1a,p1b\n|-miss|p2a: Dondozo|p2b: Tatsugiri\n|-crit|p1a: Roaring Moon\n|-damage|p1a: Roaring Moon|0 fnt\n|-damage|p1b: Indeedee|45\/100\n|faint|p1a: Roaring Moon\n|-end|p1a: Roaring Moon|Protosynthesis|[silent]\n|-damage|p2a: Dondozo|91\/100|[from] item: Life Orb\n|\n|upkeep\n|\n|t:|1681958650\n|switch|p1a: Gyarados|Gyarados, L50, F|100\/100\n|-ability|p1a: Gyarados|Intimidate|boost\n|-unboost|p2a: Dondozo|atk|1\n|-unboost|p2b: Tatsugiri|atk|1\n|turn|5\n|\n|t:|1681958667\n|move|p1b: Indeedee|Protect|p1b: Indeedee\n|-singleturn|p1b: Indeedee|Protect\n|move|p2a: Dondozo|Surf|p1a: Gyarados|[spread] p1a\n|-miss|p2a: Dondozo|p2b: Tatsugiri\n|-activate|p1b: Indeedee|move: Protect\n|-resisted|p1a: Gyarados\n|-damage|p1a: Gyarados|79\/100\n|-damage|p2a: Dondozo|81\/100|[from] item: Life Orb\n|move|p1a: Gyarados|Thunder Wave|p2a: Dondozo\n|-status|p2a: Dondozo|par\n|\n|-fieldend|move: Psychic Terrain\n|upkeep\n|turn|6\n|\n|t:|1681958689\n|switch|p1a: Flutter Mane|Flutter Mane, L50|100\/100\n|move|p1b: Indeedee|Follow Me|p1b: Indeedee\n|-singleturn|p1b: Indeedee|move: Follow Me\n|move|p2a: Dondozo|Surf|p1a: Flutter Mane|[spread] p1a,p1b\n|-miss|p2a: Dondozo|p2b: Tatsugiri\n|-damage|p1a: Flutter Mane|39\/100\n|-damage|p1b: Indeedee|0 fnt\n|faint|p1b: Indeedee\n|-damage|p2a: Dondozo|71\/100 par|[from] item: Life Orb\n|\n|upkeep\n|\n|t:|1681958699\n|switch|p1b: Gyarados|Gyarados, L50, F|79\/100\n|-ability|p1b: Gyarados|Intimidate|boost\n|-unboost|p2a: Dondozo|atk|1\n|-unboost|p2b: Tatsugiri|atk|1\n|turn|7\n|\n|t:|1681958708\n|move|p1a: Flutter Mane|Moonblast|p2a: Dondozo\n|-damage|p2a: Dondozo|32\/100 par\n|move|p1b: Gyarados|Waterfall|p2a: Dondozo\n|-resisted|p2a: Dondozo\n|-damage|p2a: Dondozo|26\/100 par\n|move|p2a: Dondozo|Surf|p1b: Gyarados|[spread] p1a,p1b\n|-miss|p2a: Dondozo|p2b: Tatsugiri\n|-resisted|p1b: Gyarados\n|-damage|p1a: Flutter Mane|0 fnt\n|-damage|p1b: Gyarados|60\/100\n|faint|p1a: Flutter Mane\n|-end|p1a: Flutter Mane|Protosynthesis|[silent]\n|-damage|p2a: Dondozo|16\/100 par|[from] item: Life Orb\n|\n|upkeep\n|turn|8\n|-message|JWatt13 forfeited.\n|\n|win|Steakman5\n|raw|JWatt13's rating: 1297 → 1266<\/strong> (-31 for losing)\n|raw|Steakman5's rating: 1209 → 1240<\/strong> (+31 for winning)\n|l|\u2606JWatt13\n","uploadtime":1681958729,"views":3,"p1id":"jwatt13","p2id":"steakman5","formatid":"gen9vgc2023regulationc","rating":1240,"private":0,"password":""}