{"id":"gen9vgc2023regulationc-1863751021","p1":"Blaziken Blazers","p2":"Cigtar","format":"[Gen 9] VGC 2023 Regulation C","log":"|j|\u2606Blaziken Blazers\n|j|\u2606Cigtar\n|t:|1684071864\n|gametype|doubles\n|player|p1|Blaziken Blazers|hooligans|\n|player|p2|Cigtar|grusha|\n|teamsize|p1|6\n|teamsize|p2|6\n|gen|9\n|tier|[Gen 9] VGC 2023 Regulation C\n|rule|Species Clause: Limit one of each Pok\u00e9mon\n|rule|Item Clause: Limit one of each item\n|clearpoke\n|poke|p1|Roaring Moon, L50|\n|poke|p1|Gholdengo, L50|\n|poke|p1|Sylveon, L50, F|\n|poke|p1|Mudsdale, L50, F|\n|poke|p1|Tauros-Paldea-Aqua, L50, M|\n|poke|p1|Vivillon-Monsoon, L50, F|\n|poke|p2|Chi-Yu, L50|\n|poke|p2|Gyarados, L50, M|\n|poke|p2|Sableye, L50, F|\n|poke|p2|Toedscruel, L50, F|\n|poke|p2|Gothorita, L50, F|\n|poke|p2|Ursaring, L50, F|\n|teampreview|4\n|c|\u2606Blaziken Blazers|G3\nBlaziken Blazers rejected open team sheets.\n|c|\u2606Blaziken Blazers|glhf\n|c|\u2606Cigtar|yt\n|\n|t:|1684072485\n|start\n|switch|p1a: Saandu|Tauros-Paldea-Aqua, L50, M, shiny|100\/100\n|switch|p1b: Rooting4U|Vivillon-Monsoon, L50, F|100\/100\n|switch|p2a: Ursaring|Ursaring, L50, F|100\/100\n|switch|p2b: Gyarados|Gyarados, L50, M|100\/100\n|-ability|p1a: Saandu|Intimidate|boost\n|-unboost|p2a: Ursaring|atk|1\n|-unboost|p2b: Gyarados|atk|1\n|-ability|p2b: Gyarados|Intimidate|boost\n|-unboost|p1a: Saandu|atk|1\n|-unboost|p1b: Rooting4U|atk|1\n|turn|1\n|\n|t:|1684072507\n|move|p2a: Ursaring|Protect|p2a: Ursaring\n|-singleturn|p2a: Ursaring|Protect\n|move|p1a: Saandu|Wild Charge|p2b: Gyarados\n|-supereffective|p2b: Gyarados\n|-damage|p2b: Gyarados|0 fnt\n|faint|p2b: Gyarados\n|-damage|p1a: Saandu|72\/100|[from] Recoil\n|move|p1b: Rooting4U|Sleep Powder|p2a: Ursaring\n|-activate|p2a: Ursaring|move: Protect\n|\n|-status|p2a: Ursaring|tox|[from] item: Toxic Orb\n|upkeep\n|\n|t:|1684072517\n|switch|p2b: Toedscruel|Toedscruel, L50, F|100\/100\n|turn|2\n|\n|t:|1684072527\n|switch|p1a: Subway Surfer|Gholdengo, L50|100\/100\n|move|p2a: Ursaring|Facade|p1b: Rooting4U\n|-damage|p1b: Rooting4U|20\/100\n|move|p1b: Rooting4U|Pollen Puff|p2b: Toedscruel\n|-supereffective|p2b: Toedscruel\n|-damage|p2b: Toedscruel|37\/100\n|move|p2b: Toedscruel|Leaf Storm|p1a: Subway Surfer\n|-resisted|p1a: Subway Surfer\n|-damage|p1a: Subway Surfer|79\/100\n|-unboost|p2b: Toedscruel|spa|2\n|\n|-damage|p2a: Ursaring|94\/100 tox|[from] psn\n|upkeep\n|turn|3\n|\n|t:|1684072581\n|move|p1b: Rooting4U|Protect|p1b: Rooting4U\n|-singleturn|p1b: Rooting4U|Protect\n|move|p1a: Subway Surfer|Protect|p1a: Subway Surfer\n|-singleturn|p1a: Subway Surfer|Protect\n|move|p2a: Ursaring|Facade|p1b: Rooting4U\n|-activate|p1b: Rooting4U|move: Protect\n|move|p2b: Toedscruel|Earth Power|p1a: Subway Surfer\n|-activate|p1a: Subway Surfer|move: Protect\n|\n|-damage|p2a: Ursaring|82\/100 tox|[from] psn\n|upkeep\n|turn|4\n|\n|t:|1684072607\n|switch|p1a: Saandu|Tauros-Paldea-Aqua, L50, M, shiny|72\/100\n|-ability|p1a: Saandu|Intimidate|boost\n|-unboost|p2a: Ursaring|atk|1\n|-unboost|p2b: Toedscruel|atk|1\n|move|p2a: Ursaring|Facade|p1b: Rooting4U\n|-damage|p1b: Rooting4U|0 fnt\n|faint|p1b: Rooting4U\n|move|p2b: Toedscruel|Spore|p1a: Saandu\n|-status|p1a: Saandu|slp|[from] move: Spore\n|\n|-damage|p2a: Ursaring|64\/100 tox|[from] psn\n|upkeep\n|\n|t:|1684072622\n|switch|p1b: Subway Surfer|Gholdengo, L50|79\/100\n|turn|5\n|\n|t:|1684072635\n|switch|p2a: Chi-Yu|Chi-Yu, L50|100\/100\n|-ability|p2a: Chi-Yu|Beads of Ruin\n|cant|p1a: Saandu|slp\n|move|p2b: Toedscruel|Earth Power|p1b: Subway Surfer\n|-supereffective|p1b: Subway Surfer\n|-damage|p1b: Subway Surfer|32\/100\n|-unboost|p1b: Subway Surfer|spd|1\n|move|p1b: Subway Surfer|Make It Rain|p2b: Toedscruel|[spread] p2a,p2b\n|-resisted|p2a: Chi-Yu\n|-damage|p2a: Chi-Yu|68\/100\n|-damage|p2b: Toedscruel|0 fnt\n|-unboost|p1b: Subway Surfer|spa|1\n|faint|p2b: Toedscruel\n|\n|upkeep\n|\n|t:|1684072637\n|switch|p2b: Ursaring|Ursaring, L50, F|64\/100 tox\n|turn|6\n|\n|t:|1684072657\n|move|p1b: Subway Surfer|Protect|p1b: Subway Surfer\n|-singleturn|p1b: Subway Surfer|Protect\n|cant|p1a: Saandu|slp\n|move|p2b: Ursaring|Facade|p1a: Saandu\n|-damage|p1a: Saandu|0 fnt\n|faint|p1a: Saandu\n|move|p2a: Chi-Yu|Dark Pulse|p1b: Subway Surfer\n|-activate|p1b: Subway Surfer|move: Protect\n|\n|-damage|p2b: Ursaring|58\/100 tox|[from] psn\n|upkeep\n|\n|t:|1684072669\n|switch|p1a: Lizardon|Roaring Moon, L50, shiny|100\/100\n|-enditem|p1a: Lizardon|Booster Energy\n|-activate|p1a: Lizardon|ability: Protosynthesis|[fromitem]\n|-start|p1a: Lizardon|protosynthesisatk\n|turn|7\n|\n|t:|1684072755\n|-terastallize|p1a: Lizardon|Flying\n|move|p2a: Chi-Yu|Protect|p2a: Chi-Yu\n|-singleturn|p2a: Chi-Yu|Protect\n|move|p2b: Ursaring|Earthquake|p1b: Subway Surfer|[spread] p1b\n|-activate|p2a: Chi-Yu|move: Protect\n|-immune|p1a: Lizardon\n|-supereffective|p1b: Subway Surfer\n|-damage|p1b: Subway Surfer|0 fnt\n|faint|p1b: Subway Surfer\n|move|p1a: Lizardon|Acrobatics|p2a: Chi-Yu\n|-activate|p2a: Chi-Yu|move: Protect\n|\n|-damage|p2b: Ursaring|46\/100 tox|[from] psn\n|upkeep\n|turn|8\n|j| eshe0\n|c| eshe0|hemlo\n|\n|t:|1684072868\n|move|p2b: Ursaring|Facade|p1a: Lizardon\n|-damage|p1a: Lizardon|19\/100\n|move|p1a: Lizardon|Acrobatics|p2a: Chi-Yu\n|-damage|p2a: Chi-Yu|0 fnt\n|faint|p2a: Chi-Yu\n|\n|-damage|p2b: Ursaring|28\/100 tox|[from] psn\n|upkeep\n|turn|9\n|\n|t:|1684072880\n|move|p1a: Lizardon|Protect|p1a: Lizardon\n|-singleturn|p1a: Lizardon|Protect\n|move|p2b: Ursaring|Facade|p1a: Lizardon\n|-activate|p1a: Lizardon|move: Protect\n|\n|-damage|p2b: Ursaring|4\/100 tox|[from] psn\n|upkeep\n|turn|10\n|\n|t:|1684072887\n|move|p1a: Lizardon|Protect|p1a: Lizardon\n|-singleturn|p1a: Lizardon|Protect\n|move|p2b: Ursaring|Facade|p1a: Lizardon\n|-activate|p1a: Lizardon|move: Protect\n|\n|-damage|p2b: Ursaring|0 fnt|[from] psn\n|faint|p2b: Ursaring\n|\n|win|Blaziken Blazers\n|upkeep\n|c|\u2606Blaziken Blazers|lol\n|c|\u2606Blaziken Blazers|ggs\n|c|\u2606Cigtar|fuck everything\\\n|c| eshe0|lol\n|c| eshe0|I feel like a missed an intense bo3\n|c|\u2606Blaziken Blazers|Sorry for that\n|c|\u2606Blaziken Blazers|Cigtar\n|l|\u2606Cigtar\n|c|\u2606Blaziken Blazers|you played so well\n","uploadtime":1684073108,"views":25,"p1id":"blazikenblazers","p2id":"cigtar","formatid":"gen9vgc2023regulationc","rating":0,"private":0,"password":""}