{"id":"gen9vgc2023regulationc-1855638167","p1":"orochirvb","p2":"RamonTheKiller","format":"[Gen 9] VGC 2023 Regulation C","log":"|j|\u2606orochirvb\n|j|\u2606RamonTheKiller\n|t:|1682968726\n|gametype|doubles\n|player|p1|orochirvb|wallace|1161\n|player|p2|RamonTheKiller|2|1147\n|teamsize|p1|6\n|teamsize|p2|6\n|gen|9\n|tier|[Gen 9] VGC 2023 Regulation C\n|rated|\n|rule|Species Clause: Limit one of each Pok\u00e9mon\n|rule|Item Clause: Limit one of each item\n|clearpoke\n|poke|p1|Roaring Moon, L50|\n|poke|p1|Arcanine, L50, M|\n|poke|p1|Torkoal, L50, F|\n|poke|p1|Dachsbun, L50, F|\n|poke|p1|Arboliva, L50, F|\n|poke|p1|Bisharp, L50, F|\n|poke|p2|Flutter Mane, L50|\n|poke|p2|Palafin, L50, M|\n|poke|p2|Amoonguss, L50, F|\n|poke|p2|Arcanine, L50, F|\n|poke|p2|Ting-Lu, L50|\n|poke|p2|Iron Hands, L50|\n|teampreview|4\n|inactive|Battle timer is ON: inactive players will automatically lose when time's up. (requested by orochirvb)\n|\n|t:|1682968750\n|start\n|switch|p1a: Torkoal|Torkoal, L50, F|100\/100\n|switch|p1b: Arcanine|Arcanine, L50, M|100\/100\n|switch|p2a: Ting-Lu|Ting-Lu, L50|100\/100\n|switch|p2b: Palafin|Palafin, L50, M, shiny|100\/100\n|-ability|p1b: Arcanine|Intimidate|boost\n|-unboost|p2a: Ting-Lu|atk|1\n|-unboost|p2b: Palafin|atk|1\n|-ability|p2a: Ting-Lu|Vessel of Ruin\n|-weather|SunnyDay|[from] ability: Drought|[of] p1a: Torkoal\n|turn|1\n|\n|t:|1682968770\n|move|p2b: Palafin|Protect|p2b: Palafin\n|-singleturn|p2b: Palafin|Protect\n|move|p1b: Arcanine|Will-O-Wisp|p2b: Palafin\n|-activate|p2b: Palafin|move: Protect\n|move|p2a: Ting-Lu|Earthquake|p1b: Arcanine|[spread] p1a,p1b\n|-activate|p2b: Palafin|move: Protect\n|-supereffective|p1a: Torkoal\n|-supereffective|p1b: Arcanine\n|-damage|p1a: Torkoal|63\/100\n|-damage|p1b: Arcanine|49\/100\n|move|p1a: Torkoal|Stealth Rock|p2b: Palafin\n|-sidestart|p2: RamonTheKiller|move: Stealth Rock\n|\n|-weather|SunnyDay|[upkeep]\n|upkeep\n|turn|2\n|\n|t:|1682968790\n|detailschange|p2b: Palafin|Palafin-Hero, L50, M, shiny\n|switch|p2b: Arcanine|Arcanine, L50, F|100\/100\n|-damage|p2b: Arcanine|76\/100|[from] Stealth Rock\n|-ability|p2b: Arcanine|Intimidate|boost\n|-unboost|p1a: Torkoal|atk|1\n|-unboost|p1b: Arcanine|atk|1\n|switch|p1a: Roaring Moon|Roaring Moon, L50|100\/100\n|-activate|p1a: Roaring Moon|ability: Protosynthesis\n|-start|p1a: Roaring Moon|protosynthesisatk\n|move|p1b: Arcanine|Howl|p1b: Arcanine|[spread] p1a,p1b\n|-boost|p1a: Roaring Moon|atk|1\n|-boost|p1b: Arcanine|atk|1\n|move|p2a: Ting-Lu|Rock Slide|p1b: Arcanine|[spread] p1a,p1b\n|-supereffective|p1b: Arcanine\n|-damage|p1a: Roaring Moon|83\/100\n|-damage|p1b: Arcanine|22\/100\n|\n|-weather|SunnyDay|[upkeep]\n|upkeep\n|turn|3\n|inactive|orochirvb has 30 seconds left.\n|\n|t:|1682968819\n|switch|p1b: Dachsbun|Dachsbun, L50, F|100\/100\n|switch|p2a: Flutter Mane|Flutter Mane, L50|100\/100\n|-damage|p2a: Flutter Mane|88\/100|[from] Stealth Rock\n|-activate|p2a: Flutter Mane|ability: Protosynthesis\n|-start|p2a: Flutter Mane|protosynthesisspe\n|move|p2b: Arcanine|Extreme Speed|p1b: Dachsbun\n|-damage|p1b: Dachsbun|77\/100\n|move|p1a: Roaring Moon|Scale Shot|p2b: Arcanine\n|-damage|p2b: Arcanine|40\/100\n|-damage|p2b: Arcanine|5\/100\n|-damage|p2b: Arcanine|0 fnt\n|faint|p2b: Arcanine\n|-hitcount|p2: Arcanine|3\n|-unboost|p1a: Roaring Moon|def|1\n|-boost|p1a: Roaring Moon|spe|1\n|\n|-weather|SunnyDay|[upkeep]\n|-heal|p1b: Dachsbun|83\/100|[from] item: Leftovers\n|upkeep\n|\n|t:|1682968840\n|switch|p2b: Ting-Lu|Ting-Lu, L50|100\/100\n|-damage|p2b: Ting-Lu|95\/100|[from] Stealth Rock\n|-ability|p2b: Ting-Lu|Vessel of Ruin\n|turn|4\n|\n|t:|1682968857\n|-terastallize|p1a: Roaring Moon|Fire\n|move|p2a: Flutter Mane|Protect|p2a: Flutter Mane\n|-singleturn|p2a: Flutter Mane|Protect\n|move|p1a: Roaring Moon|Throat Chop|p2a: Flutter Mane\n|-activate|p2a: Flutter Mane|move: Protect\n|move|p1b: Dachsbun|Yawn|p2b: Ting-Lu\n|-start|p2b: Ting-Lu|move: Yawn|[of] p1b: Dachsbun\n|move|p2b: Ting-Lu|Earthquake|p1a: Roaring Moon|[spread] p1a,p1b\n|-activate|p2a: Flutter Mane|move: Protect\n|-supereffective|p1a: Roaring Moon\n|-damage|p1a: Roaring Moon|0 fnt\n|-damage|p1b: Dachsbun|48\/100\n|faint|p1a: Roaring Moon\n|-end|p1a: Roaring Moon|Protosynthesis|[silent]\n|\n|-weather|SunnyDay|[upkeep]\n|-heal|p1b: Dachsbun|54\/100|[from] item: Leftovers\n|upkeep\n|\n|t:|1682968873\n|switch|p1a: Torkoal|Torkoal, L50, F|63\/100\n|turn|5\n|\n|t:|1682968889\n|move|p2a: Flutter Mane|Power Gem|p1a: Torkoal\n|-supereffective|p1a: Torkoal\n|-damage|p1a: Torkoal|19\/100\n|move|p1b: Dachsbun|Yawn|p2a: Flutter Mane\n|-start|p2a: Flutter Mane|move: Yawn|[of] p1b: Dachsbun\n|move|p2b: Ting-Lu|Heavy Slam|p1b: Dachsbun\n|-supereffective|p1b: Dachsbun\n|-damage|p1b: Dachsbun|0 fnt\n|faint|p1b: Dachsbun\n|move|p1a: Torkoal|Lava Plume|p2a: Flutter Mane|[spread] p2a,p2b\n|-damage|p2a: Flutter Mane|68\/100\n|-damage|p2b: Ting-Lu|79\/100\n|-status|p2a: Flutter Mane|brn\n|-status|p2b: Ting-Lu|brn\n|-enditem|p2b: Ting-Lu|Lum Berry|[eat]\n|-curestatus|p2b: Ting-Lu|brn|[msg]\n|\n|-weather|SunnyDay|[upkeep]\n|-damage|p2a: Flutter Mane|62\/100 brn|[from] brn\n|-end|p2b: Ting-Lu|move: Yawn|[silent]\n|-status|p2b: Ting-Lu|slp\n|upkeep\n|\n|t:|1682968908\n|switch|p1b: Arcanine|Arcanine, L50, M|22\/100\n|-ability|p1b: Arcanine|Intimidate|boost\n|-unboost|p2a: Flutter Mane|atk|1\n|-unboost|p2b: Ting-Lu|atk|1\n|turn|6\n|-message|orochirvb forfeited.\n|\n|win|RamonTheKiller\n|raw|orochirvb's rating: 1161 → 1135<\/strong> (-26 for losing)\n|raw|RamonTheKiller's rating: 1147 → 1173<\/strong> (+26 for winning)\n|l|\u2606orochirvb\n","uploadtime":1682968926,"views":19,"p1id":"orochirvb","p2id":"ramonthekiller","formatid":"gen9vgc2023regulationc","rating":1135,"private":0,"password":""}