{"id":"gen9vgc2023regulationc-1861339105","p1":"coolkhiid","p2":"Bleedlibloop","format":"[Gen 9] VGC 2023 Regulation C","log":"|j|\u2606coolkhiid\n|j|\u2606Bleedlibloop\n|t:|1683747408\n|gametype|doubles\n|player|p1|coolkhiid|169|1347\n|player|p2|Bleedlibloop|cynthia|1254\n|teamsize|p1|6\n|teamsize|p2|6\n|gen|9\n|tier|[Gen 9] VGC 2023 Regulation C\n|rated|\n|rule|Species Clause: Limit one of each Pok\u00e9mon\n|rule|Item Clause: Limit one of each item\n|clearpoke\n|poke|p1|Dragonite, L50, F|\n|poke|p1|Lilligant, L50, F|\n|poke|p1|Great Tusk, L50|\n|poke|p1|Torkoal, L50, M|\n|poke|p1|Chien-Pao, L50|\n|poke|p1|Flutter Mane, L50|\n|poke|p2|Flutter Mane, L50|\n|poke|p2|Chi-Yu, L50|\n|poke|p2|Ting-Lu, L50|\n|poke|p2|Gyarados, L50, M|\n|poke|p2|Iron Bundle, L50|\n|poke|p2|Dragapult, L50, M|\n|teampreview|4\n|inactive|Battle timer is ON: inactive players will automatically lose when time's up. (requested by Bleedlibloop)\n|inactive|Bleedlibloop has 60 seconds left.\n|\n|t:|1683747440\n|start\n|switch|p1a: Torkoal|Torkoal, L50, M|100\/100\n|switch|p1b: Lilligant|Lilligant, L50, F|100\/100\n|switch|p2a: Iron Bundle|Iron Bundle, L50|100\/100\n|switch|p2b: Ting-Lu|Ting-Lu, L50|100\/100\n|-ability|p2b: Ting-Lu|Vessel of Ruin\n|-weather|SunnyDay|[from] ability: Drought|[of] p1a: Torkoal\n|-enditem|p2a: Iron Bundle|Booster Energy\n|-activate|p2a: Iron Bundle|ability: Quark Drive|[fromitem]\n|-start|p2a: Iron Bundle|quarkdrivespe\n|turn|1\n|inactive|coolkhiid has 30 seconds left.\n|inactive|coolkhiid has 20 seconds left.\n|inactive|coolkhiid has 15 seconds left.\n|inactive|coolkhiid has 10 seconds left.\n|inactive|coolkhiid has 5 seconds left.\n|\n|t:|1683747495\n|move|p1b: Lilligant|Protect|p1b: Lilligant\n|-singleturn|p1b: Lilligant|Protect\n|move|p1a: Torkoal|Protect|p1a: Torkoal\n|-singleturn|p1a: Torkoal|Protect\n|move|p2a: Iron Bundle|Icy Wind|p1a: Torkoal|[spread] \n|-activate|p1a: Torkoal|move: Protect\n|-activate|p1b: Lilligant|move: Protect\n|move|p2b: Ting-Lu|Stomping Tantrum|p1a: Torkoal\n|-activate|p1a: Torkoal|move: Protect\n|\n|-weather|SunnyDay|[upkeep]\n|upkeep\n|turn|2\n|inactive|coolkhiid has 30 seconds left.\n|inactive|coolkhiid has 20 seconds left.\n|inactive|coolkhiid has 15 seconds left.\n|inactive|coolkhiid has 10 seconds left.\n|inactive|coolkhiid has 5 seconds left.\n|\n|t:|1683747549\n|move|p1b: Lilligant|Leaf Storm|p2a: Iron Bundle\n|-supereffective|p2a: Iron Bundle\n|-damage|p2a: Iron Bundle|0 fnt\n|-unboost|p1b: Lilligant|spa|2\n|faint|p2a: Iron Bundle\n|-end|p2a: Iron Bundle|Quark Drive|[silent]\n|move|p2b: Ting-Lu|Stomping Tantrum|p1a: Torkoal\n|-supereffective|p1a: Torkoal\n|-damage|p1a: Torkoal|39\/100\n|move|p1a: Torkoal|Overheat|p2b: Ting-Lu\n|-damage|p2b: Ting-Lu|72\/100\n|-unboost|p1a: Torkoal|spa|2\n|-enditem|p1a: Torkoal|Eject Pack\n|\n|t:|1683747560\n|switch|p1a: Great Tusk|Great Tusk, L50|100\/100\n|-activate|p1a: Great Tusk|ability: Protosynthesis\n|-start|p1a: Great Tusk|protosynthesisatk\n|\n|-weather|SunnyDay|[upkeep]\n|upkeep\n|\n|t:|1683747576\n|switch|p2a: Flutter Mane|Flutter Mane, L50|100\/100\n|-activate|p2a: Flutter Mane|ability: Protosynthesis\n|-start|p2a: Flutter Mane|protosynthesisspa\n|turn|3\n|\n|t:|1683747591\n|move|p1b: Lilligant|Leaf Storm|p2a: Flutter Mane\n|-damage|p2a: Flutter Mane|75\/100\n|-unboost|p1b: Lilligant|spa|2\n|move|p1a: Great Tusk|Headlong Rush|p2a: Flutter Mane\n|-crit|p2a: Flutter Mane\n|-damage|p2a: Flutter Mane|0 fnt\n|-unboost|p1a: Great Tusk|def|1\n|-unboost|p1a: Great Tusk|spd|1\n|faint|p2a: Flutter Mane\n|-end|p2a: Flutter Mane|Protosynthesis|[silent]\n|move|p2b: Ting-Lu|Stomping Tantrum|p1a: Great Tusk\n|-damage|p1a: Great Tusk|59\/100\n|\n|-weather|SunnyDay|[upkeep]\n|upkeep\n|\n|t:|1683747602\n|switch|p2a: Gyarados|Gyarados, L50, M|100\/100\n|-ability|p2a: Gyarados|Intimidate|boost\n|-unboost|p1a: Great Tusk|atk|1\n|-unboost|p1b: Lilligant|atk|1\n|turn|4\n|\n|t:|1683747611\n|-end|p1a: Great Tusk|Protosynthesis|[silent]\n|switch|p1a: Torkoal|Torkoal, L50, M|39\/100\n|move|p1b: Lilligant|Sleep Powder|p2b: Ting-Lu\n|-status|p2b: Ting-Lu|slp|[from] move: Sleep Powder\n|move|p2a: Gyarados|Thunder Wave|p1b: Lilligant\n|-status|p1b: Lilligant|par\n|cant|p2b: Ting-Lu|slp\n|\n|-weather|SunnyDay|[upkeep]\n|upkeep\n|turn|5\n|inactive|coolkhiid has 30 seconds left.\n|\n|t:|1683747637\n|move|p1b: Lilligant|Sleep Powder|p2a: Gyarados\n|-activate|p2a: Gyarados|item: Safety Goggles|Sleep Powder\n|move|p2a: Gyarados|Waterfall|p1a: Torkoal\n|-supereffective|p1a: Torkoal\n|-damage|p1a: Torkoal|7\/100\n|-curestatus|p2b: Ting-Lu|slp|[msg]\n|move|p2b: Ting-Lu|Stomping Tantrum|p1a: Torkoal\n|-supereffective|p1a: Torkoal\n|-damage|p1a: Torkoal|0 fnt\n|faint|p1a: Torkoal\n|\n|-weather|none\n|upkeep\n|\n|t:|1683747653\n|switch|p1a: Great Tusk|Great Tusk, L50|59\/100\n|turn|6\n|\n|t:|1683747666\n|-terastallize|p1a: Great Tusk|Steel\n|-terastallize|p2b: Ting-Lu|Poison\n|move|p1a: Great Tusk|Close Combat|p2b: Ting-Lu\n|-resisted|p2b: Ting-Lu\n|-damage|p2b: Ting-Lu|51\/100\n|-unboost|p1a: Great Tusk|def|1\n|-unboost|p1a: Great Tusk|spd|1\n|move|p2a: Gyarados|Waterfall|p1a: Great Tusk\n|-damage|p1a: Great Tusk|12\/100\n|move|p1b: Lilligant|Sleep Powder|p2b: Ting-Lu\n|-status|p2b: Ting-Lu|slp|[from] move: Sleep Powder\n|cant|p2b: Ting-Lu|slp\n|\n|upkeep\n|turn|7\n|\n|t:|1683747690\n|-end|p1a: Great Tusk|Protosynthesis|[silent]\n|switch|p1a: Flutter Mane|Flutter Mane, L50|100\/100\n|move|p2a: Gyarados|Waterfall|p1a: Flutter Mane\n|-crit|p1a: Flutter Mane\n|-damage|p1a: Flutter Mane|0 fnt\n|faint|p1a: Flutter Mane\n|-end|p1a: Flutter Mane|Protosynthesis|[silent]\n|cant|p1b: Lilligant|par\n|-curestatus|p2b: Ting-Lu|slp|[msg]\n|move|p2b: Ting-Lu|Ruination|p1b: Lilligant\n|-damage|p1b: Lilligant|50\/100 par\n|\n|upkeep\n|\n|t:|1683747701\n|switch|p1a: Great Tusk|Great Tusk, L50, tera:Steel|12\/100\n|turn|8\n|\n|t:|1683747715\n|move|p1a: Great Tusk|Rock Slide|p2b: Ting-Lu|[spread] p2b\n|-miss|p1a: Great Tusk|p2a: Gyarados\n|-damage|p2b: Ting-Lu|38\/100\n|move|p2a: Gyarados|Waterfall|p1a: Great Tusk\n|-damage|p1a: Great Tusk|0 fnt\n|faint|p1a: Great Tusk\n|-end|p1a: Great Tusk|Protosynthesis|[silent]\n|cant|p1b: Lilligant|par\n|cant|p2b: Ting-Lu|flinch\n|\n|upkeep\n|turn|9\n|\n|t:|1683747736\n|move|p2a: Gyarados|Iron Head|p1b: Lilligant\n|-damage|p1b: Lilligant|2\/100 par\n|cant|p1b: Lilligant|flinch\n|move|p2b: Ting-Lu|Heavy Slam|p1b: Lilligant\n|-damage|p1b: Lilligant|0 fnt\n|faint|p1b: Lilligant\n|\n|win|Bleedlibloop\n|raw|coolkhiid's rating: 1347 → 1322<\/strong> (-25 for losing)\n|raw|Bleedlibloop's rating: 1254 → 1286<\/strong> (+32 for winning)\n","uploadtime":1683747741,"views":12,"p1id":"coolkhiid","p2id":"bleedlibloop","formatid":"gen9vgc2023regulationc","rating":1286,"private":0,"password":""}