{"id":"gen9vgc2023regulationc-1860132714","p1":"Emiker","p2":"VGCsavant","format":"[Gen 9] VGC 2023 Regulation C","log":"|j|\u2606Emiker\n|j|\u203dVGCsavant\n|t:|1683599113\n|gametype|doubles\n|player|p1|Emiker|red|1392\n|player|p2|VGCsavant|shauntal|1282\n|teamsize|p1|6\n|teamsize|p2|6\n|gen|9\n|tier|[Gen 9] VGC 2023 Regulation C\n|rated|\n|rule|Species Clause: Limit one of each Pok\u00e9mon\n|rule|Item Clause: Limit one of each item\n|clearpoke\n|poke|p1|Chi-Yu, L50|\n|poke|p1|Glimmora, L50, M|\n|poke|p1|Flutter Mane, L50|\n|poke|p1|Wo-Chien, L50|\n|poke|p1|Dondozo, L50, M|\n|poke|p1|Tatsugiri-Droopy, L50, M|\n|poke|p2|Dragonite, L50, F|\n|poke|p2|Maushold-Four, L50|\n|poke|p2|Talonflame, L50, M|\n|poke|p2|Rotom-Wash, L50|\n|poke|p2|Chien-Pao, L50|\n|poke|p2|Annihilape, L50, M|\n|teampreview|4\n|inactive|Battle timer is ON: inactive players will automatically lose when time's up. (requested by VGCsavant)\n|\n|t:|1683599141\n|start\n|switch|p1a: Tatsugiri|Tatsugiri-Droopy, L50, M|100\/100\n|switch|p1b: Flutter Mane|Flutter Mane, L50|100\/100\n|switch|p2a: Rotom|Rotom-Wash, L50|100\/100\n|switch|p2b: Talonflame|Talonflame, L50, M|100\/100\n|-enditem|p1b: Flutter Mane|Booster Energy\n|-activate|p1b: Flutter Mane|ability: Protosynthesis|[fromitem]\n|-start|p1b: Flutter Mane|protosynthesisspa\n|turn|1\n|inactive|Emiker has 30 seconds left.\n|inactive|VGCsavant has 30 seconds left.\n|\n|t:|1683599169\n|switch|p1a: Wo-Chien|Wo-Chien, L50|100\/100\n|-ability|p1a: Wo-Chien|Tablets of Ruin\n|move|p2b: Talonflame|Tailwind|p2b: Talonflame\n|-sidestart|p2: VGCsavant|move: Tailwind\n|move|p2a: Rotom|Volt Switch|p1a: Wo-Chien\n|-resisted|p1a: Wo-Chien\n|-damage|p1a: Wo-Chien|93\/100\n|\n|t:|1683599176\n|switch|p2a: Annihilape|Annihilape, L50, M|100\/100|[from] Volt Switch\n|move|p1b: Flutter Mane|Shadow Ball|p2b: Talonflame\n|-crit|p2b: Talonflame\n|-damage|p2b: Talonflame|0 fnt\n|faint|p2b: Talonflame\n|\n|upkeep\n|\n|t:|1683599186\n|switch|p2b: Chien-Pao|Chien-Pao, L50|100\/100\n|-ability|p2b: Chien-Pao|Sword of Ruin\n|turn|2\n|\n|t:|1683599199\n|-terastallize|p1a: Wo-Chien|Poison\n|move|p2b: Chien-Pao|Ice Spinner|p1b: Flutter Mane\n|-damage|p1b: Flutter Mane|7\/100\n|-damage|p2b: Chien-Pao|91\/100|[from] item: Life Orb\n|move|p2a: Annihilape|Bulk Up|p2a: Annihilape\n|-boost|p2a: Annihilape|atk|1\n|-boost|p2a: Annihilape|def|1\n|move|p1b: Flutter Mane|Moonblast|p2b: Chien-Pao\n|-supereffective|p2b: Chien-Pao\n|-damage|p2b: Chien-Pao|0 fnt\n|faint|p2b: Chien-Pao\n|move|p1a: Wo-Chien|Leech Seed|p2a: Annihilape\n|-start|p2a: Annihilape|move: Leech Seed\n|\n|-damage|p2a: Annihilape|88\/100|[from] Leech Seed|[of] p1a: Wo-Chien\n|-heal|p1a: Wo-Chien|100\/100|[silent]\n|upkeep\n|\n|t:|1683599204\n|switch|p2b: Rotom|Rotom-Wash, L50|100\/100\n|turn|3\n|inactive|Emiker has 30 seconds left.\n|inactive|VGCsavant has 30 seconds left.\n|\n|t:|1683599229\n|-terastallize|p2b: Rotom|Grass\n|move|p1b: Flutter Mane|Protect|p1b: Flutter Mane\n|-singleturn|p1b: Flutter Mane|Protect\n|move|p2a: Annihilape|Rage Fist|p1b: Flutter Mane\n|-activate|p1b: Flutter Mane|move: Protect\n|move|p2b: Rotom|Will-O-Wisp|p1a: Wo-Chien\n|-status|p1a: Wo-Chien|brn\n|move|p1a: Wo-Chien|Leech Seed|p2b: Rotom\n|-immune|p2b: Rotom\n|\n|-heal|p2a: Annihilape|94\/100|[from] item: Leftovers\n|-damage|p2a: Annihilape|82\/100|[from] Leech Seed|[of] p1a: Wo-Chien\n|-damage|p1a: Wo-Chien|94\/100 brn|[from] brn\n|upkeep\n|turn|4\n|inactive|Emiker has 30 seconds left.\n|inactive|Emiker has 20 seconds left.\n|\n|t:|1683599269\n|move|p2a: Annihilape|Bulk Up|p2a: Annihilape\n|-boost|p2a: Annihilape|atk|1\n|-boost|p2a: Annihilape|def|1\n|move|p2b: Rotom|Volt Switch|p1b: Flutter Mane\n|-damage|p1b: Flutter Mane|0 fnt\n|faint|p1b: Flutter Mane\n|-end|p1b: Flutter Mane|Protosynthesis|[silent]\n|move|p1a: Wo-Chien|Pollen Puff|p2b: Rotom\n|-supereffective|p2b: Rotom\n|-damage|p2b: Rotom|60\/100\n|\n|-heal|p2a: Annihilape|88\/100|[from] item: Leftovers\n|-damage|p2a: Annihilape|75\/100|[from] Leech Seed|[of] p1a: Wo-Chien\n|-heal|p1a: Wo-Chien|100\/100 brn|[silent]\n|-damage|p1a: Wo-Chien|94\/100 brn|[from] brn\n|-sideend|p2: VGCsavant|move: Tailwind\n|upkeep\n|\n|t:|1683599292\n|switch|p1b: Chi-Yu|Chi-Yu, L50|100\/100\n|-ability|p1b: Chi-Yu|Beads of Ruin\n|turn|5\n|\n|t:|1683599299\n|move|p1b: Chi-Yu|Protect|p1b: Chi-Yu\n|-singleturn|p1b: Chi-Yu|Protect\n|move|p2b: Rotom|Protect|p2b: Rotom\n|-singleturn|p2b: Rotom|Protect\n|move|p2a: Annihilape|Drain Punch|p1b: Chi-Yu\n|-activate|p1b: Chi-Yu|move: Protect\n|move|p1a: Wo-Chien|Foul Play|p2a: Annihilape\n|-damage|p2a: Annihilape|52\/100\n|\n|-heal|p2a: Annihilape|58\/100|[from] item: Leftovers\n|-damage|p2a: Annihilape|45\/100|[from] Leech Seed|[of] p1a: Wo-Chien\n|-heal|p1a: Wo-Chien|100\/100 brn|[silent]\n|-damage|p1a: Wo-Chien|94\/100 brn|[from] brn\n|upkeep\n|turn|6\n|inactive|Emiker has 30 seconds left.\n|inactive|Emiker has 20 seconds left.\n|\n|t:|1683599338\n|move|p1b: Chi-Yu|Dark Pulse|p2a: Annihilape\n|-damage|p2a: Annihilape|0 fnt\n|faint|p2a: Annihilape\n|move|p2b: Rotom|Hydro Pump|p1a: Wo-Chien\n|-damage|p1a: Wo-Chien|62\/100 brn\n|move|p1a: Wo-Chien|Pollen Puff|p2b: Rotom\n|-supereffective|p2b: Rotom\n|-damage|p2b: Rotom|1\/100\n|-enditem|p2b: Rotom|Sitrus Berry|[eat]\n|-heal|p2b: Rotom|26\/100|[from] item: Sitrus Berry\n|\n|-damage|p1a: Wo-Chien|56\/100 brn|[from] brn\n|upkeep\n|turn|7\n|-message|VGCsavant forfeited.\n|\n|win|Emiker\n|raw|Emiker's rating: 1392 → 1406<\/strong> (+14 for winning)\n|raw|VGCsavant's rating: 1282 → 1265<\/strong> (-17 for losing)\n|l|\u203dVGCsavant\n","uploadtime":1683599357,"views":7,"p1id":"emiker","p2id":"vgcsavant","formatid":"gen9vgc2023regulationc","rating":1265,"private":0,"password":""}