{"id":"gen9vgc2023regulationc-1850908918","p1":"Master7Melon","p2":"SilverDragon550","format":"[Gen 9] VGC 2023 Regulation C","log":"|j|\u2606Master7Melon\n|j|\u2606SilverDragon550\n|t:|1682381045\n|gametype|doubles\n|player|p1|Master7Melon|byron|1299\n|player|p2|SilverDragon550|silver|1214\n|teamsize|p1|6\n|teamsize|p2|6\n|gen|9\n|tier|[Gen 9] VGC 2023 Regulation C\n|rated|\n|rule|Species Clause: Limit one of each Pok\u00e9mon\n|rule|Item Clause: Limit one of each item\n|clearpoke\n|poke|p1|Arcanine, L50, F|\n|poke|p1|Iron Bundle, L50|\n|poke|p1|Amoonguss, L50, F|\n|poke|p1|Flutter Mane, L50|\n|poke|p1|Baxcalibur, L50, F|\n|poke|p1|Ting-Lu, L50|\n|poke|p2|Chien-Pao, L50|\n|poke|p2|Iron Valiant, L50|\n|poke|p2|Amoonguss, L50, M|\n|poke|p2|Dragapult, L50, M|\n|poke|p2|Gyarados, L50, M|\n|poke|p2|Ting-Lu, L50|\n|teampreview|4\nSilverDragon550 has agreed to open team sheets.\nMaster7Melon rejected open team sheets.\n|\n|t:|1682381140\n|start\n|switch|p1a: Iron Bundle|Iron Bundle, L50|100\/100\n|switch|p1b: Ting-Lu|Ting-Lu, L50|100\/100\n|switch|p2a: Bing Chiling|Chien-Pao, L50|100\/100\n|switch|p2b: Jetsicle|Dragapult, L50, M|100\/100\n|-ability|p2a: Bing Chiling|Sword of Ruin\n|-ability|p1b: Ting-Lu|Vessel of Ruin\n|turn|1\n|\n|t:|1682381205\n|-terastallize|p1b: Ting-Lu|Steel\n|move|p1a: Iron Bundle|Icy Wind|p2a: Bing Chiling|[spread] p2a,p2b\n|-resisted|p2a: Bing Chiling\n|-supereffective|p2b: Jetsicle\n|-damage|p2a: Bing Chiling|88\/100\n|-damage|p2b: Jetsicle|58\/100\n|-unboost|p2a: Bing Chiling|spe|1\n|move|p2b: Jetsicle|Phantom Force||[still]\n|-prepare|p2b: Jetsicle|Phantom Force\n|move|p2a: Bing Chiling|Ice Spinner|p1b: Ting-Lu\n|-resisted|p1b: Ting-Lu\n|-damage|p1b: Ting-Lu|85\/100\n|move|p1b: Ting-Lu|Sand Tomb|p2a: Bing Chiling\n|-damage|p2a: Bing Chiling|65\/100\n|-activate|p2a: Bing Chiling|move: Sand Tomb|[of] p1b: Ting-Lu\n|\n|-damage|p2a: Bing Chiling|53\/100|[from] move: Sand Tomb|[partiallytrapped]\n|upkeep\n|turn|2\n|inactive|Battle timer is ON: inactive players will automatically lose when time's up. (requested by SilverDragon550)\n|\n|t:|1682381253\n|move|p1a: Iron Bundle|Icy Wind|p2b: Jetsicle|[spread] p2a\n|-miss|p1a: Iron Bundle|p2b: Jetsicle\n|-resisted|p2a: Bing Chiling\n|-damage|p2a: Bing Chiling|42\/100\n|-unboost|p2a: Bing Chiling|spe|1\n|move|p2b: Jetsicle|Phantom Force|p1a: Iron Bundle|[from]lockedmove\n|-damage|p1a: Iron Bundle|0 fnt\n|faint|p1a: Iron Bundle\n|-end|p1a: Iron Bundle|Quark Drive|[silent]\n|move|p2a: Bing Chiling|Sacred Sword|p1b: Ting-Lu\n|-supereffective|p1b: Ting-Lu\n|-damage|p1b: Ting-Lu|40\/100\n|move|p1b: Ting-Lu|Payback|p2b: Jetsicle\n|-supereffective|p2b: Jetsicle\n|-damage|p2b: Jetsicle|0 fnt\n|faint|p2b: Jetsicle\n|\n|-damage|p2a: Bing Chiling|29\/100|[from] move: Sand Tomb|[partiallytrapped]\n|upkeep\n|\n|t:|1682381273\n|switch|p2b: Love Wins|Iron Valiant, L50|100\/100\n|switch|p1a: Flutter Mane|Flutter Mane, L50|100\/100\n|-enditem|p1a: Flutter Mane|Booster Energy\n|-activate|p1a: Flutter Mane|ability: Protosynthesis|[fromitem]\n|-start|p1a: Flutter Mane|protosynthesisspa\n|turn|3\n|inactive|Master7Melon has 30 seconds left.\n|inactive|SilverDragon550 has 30 seconds left.\n|inactive|Master7Melon has 20 seconds left.\n|\n|t:|1682381312\n|-terastallize|p2b: Love Wins|Steel\n|move|p2a: Bing Chiling|Sucker Punch|p1a: Flutter Mane\n|-damage|p1a: Flutter Mane|14\/100\n|move|p1a: Flutter Mane|Dazzling Gleam|p2b: Love Wins|[spread] p2a,p2b\n|-supereffective|p2a: Bing Chiling\n|-resisted|p2b: Love Wins\n|-crit|p2b: Love Wins\n|-damage|p2a: Bing Chiling|0 fnt\n|-damage|p2b: Love Wins|60\/100\n|faint|p2a: Bing Chiling\n|move|p2b: Love Wins|Close Combat|p1b: Ting-Lu\n|-supereffective|p1b: Ting-Lu\n|-damage|p1b: Ting-Lu|0 fnt\n|-unboost|p2b: Love Wins|def|1\n|-unboost|p2b: Love Wins|spd|1\n|faint|p1b: Ting-Lu\n|-damage|p2b: Love Wins|50\/100|[from] item: Life Orb\n|\n|upkeep\n|\n|t:|1682381322\n|switch|p2a: Sussy Gussy|Amoonguss, L50, M|100\/100\n|switch|p1b: Baxcalibur|Baxcalibur, L50, F|100\/100\n|turn|4\n|inactive|SilverDragon550 has 30 seconds left.\n|\n|t:|1682381348\n|move|p2b: Love Wins|Protect|p2b: Love Wins\n|-singleturn|p2b: Love Wins|Protect\n|move|p1a: Flutter Mane|Shadow Ball|p2b: Love Wins\n|-activate|p2b: Love Wins|move: Protect\n|move|p1b: Baxcalibur|Dragon Dance|p1b: Baxcalibur\n|-boost|p1b: Baxcalibur|atk|1\n|-boost|p1b: Baxcalibur|spe|1\n|move|p2a: Sussy Gussy|Clear Smog|p1a: Flutter Mane\n|-damage|p1a: Flutter Mane|0 fnt\n|-clearboost|p1a: Flutter Mane\n|faint|p1a: Flutter Mane\n|-end|p1a: Flutter Mane|Protosynthesis|[silent]\n|\n|upkeep\n|turn|5\n|inactive|Master7Melon has 30 seconds left.\n|inactive|Master7Melon has 20 seconds left.\n|\n|t:|1682381384\n|move|p2a: Sussy Gussy|Rage Powder|p2a: Sussy Gussy\n|-singleturn|p2a: Sussy Gussy|move: Rage Powder\n|move|p1b: Baxcalibur|Glaive Rush|p2a: Sussy Gussy\n|-damage|p2a: Sussy Gussy|13\/100\n|-singlemove|p1b: Baxcalibur|Glaive Rush|[silent]\n|-enditem|p2a: Sussy Gussy|Sitrus Berry|[eat]\n|-heal|p2a: Sussy Gussy|37\/100|[from] item: Sitrus Berry\n|move|p2b: Love Wins|Close Combat|p1b: Baxcalibur\n|-supereffective|p1b: Baxcalibur\n|-damage|p1b: Baxcalibur|0 fnt\n|-unboost|p2b: Love Wins|def|1\n|-unboost|p2b: Love Wins|spd|1\n|faint|p1b: Baxcalibur\n|-damage|p2b: Love Wins|40\/100|[from] item: Life Orb\n|\n|win|SilverDragon550\n|raw|Master7Melon's rating: 1299 → 1268<\/strong> (-31 for losing)\n|raw|SilverDragon550's rating: 1214 → 1245<\/strong> (+31 for winning)\n|l|\u2606Master7Melon\n","uploadtime":1682381450,"views":6,"p1id":"master7melon","p2id":"silverdragon550","formatid":"gen9vgc2023regulationc","rating":1245,"private":0,"password":""}