{"id":"gen9vgc2023regulationc-1846798266","p1":"Fokkos","p2":"ZedRiverVGC","format":"[Gen 9] VGC 2023 Regulation C","log":"|j|\u2606Fokkos\n|j|\u2606ZedRiverVGC\n|t:|1681881183\n|gametype|doubles\n|player|p1|Fokkos|flannery|1164\n|player|p2|ZedRiverVGC|clown|1084\n|teamsize|p1|6\n|teamsize|p2|6\n|gen|9\n|tier|[Gen 9] VGC 2023 Regulation C\n|rated|\n|rule|Species Clause: Limit one of each Pok\u00e9mon\n|rule|Item Clause: Limit one of each item\n|clearpoke\n|poke|p1|Flutter Mane, L50|\n|poke|p1|Arcanine, L50, F|\n|poke|p1|Tinkaton, L50, F|\n|poke|p1|Palafin, L50, F|\n|poke|p1|Amoonguss, L50, M|\n|poke|p1|Sableye, L50, M|\n|poke|p2|Volcarona, L50, M|\n|poke|p2|Baxcalibur, L50, F|\n|poke|p2|Hariyama, L50, M|\n|poke|p2|Grimmsnarl, L50, M|\n|poke|p2|Kingambit, L50, M|\n|poke|p2|Oranguru, L50, F|\n|teampreview|4\nZedRiverVGC has agreed to open team sheets.\n|\n|t:|1681881242\n|start\n|switch|p1a: Tinkaton|Tinkaton, L50, F|100\/100\n|switch|p1b: Arcanine|Arcanine, L50, F|100\/100\n|switch|p2a: Baxcalibur|Baxcalibur, L50, F|100\/100\n|switch|p2b: Grimmsnarl|Grimmsnarl, L50, M|100\/100\n|-ability|p1b: Arcanine|Intimidate|boost\n|-unboost|p2a: Baxcalibur|atk|1\n|-unboost|p2b: Grimmsnarl|atk|1\n|turn|1\n|\n|t:|1681881272\n|switch|p2a: Volcarona|Volcarona, L50, M|100\/100\n|switch|p1b: Palafin|Palafin, L50, F|100\/100\n|move|p2b: Grimmsnarl|Reflect|p2b: Grimmsnarl\n|-sidestart|p2: ZedRiverVGC|Reflect\n|move|p1a: Tinkaton|Gigaton Hammer|p2b: Grimmsnarl\n|-supereffective|p2b: Grimmsnarl\n|-damage|p2b: Grimmsnarl|0 fnt\n|faint|p2b: Grimmsnarl\n|\n|upkeep\n|\n|t:|1681881283\n|switch|p2b: Hariyama|Hariyama, L50, M|100\/100\n|turn|2\n|\n|t:|1681881303\n|detailschange|p1b: Palafin|Palafin-Hero, L50, F\n|switch|p1b: Sableye|Sableye, L50, M|100\/100\n|move|p2b: Hariyama|Fake Out|p1b: Sableye\n|-immune|p1b: Sableye\n|move|p2a: Volcarona|Quiver Dance|p2a: Volcarona\n|-boost|p2a: Volcarona|spa|1\n|-boost|p2a: Volcarona|spd|1\n|-boost|p2a: Volcarona|spe|1\n|move|p1a: Tinkaton|Thunder Wave|p2b: Hariyama\n|-status|p2b: Hariyama|par\n|\n|upkeep\n|turn|3\n|\n|t:|1681881334\n|move|p1b: Sableye|Fake Out|p2a: Volcarona\n|-damage|p2a: Volcarona|94\/100\n|-damage|p1b: Sableye|84\/100|[from] item: Rocky Helmet|[of] p2a: Volcarona\n|-status|p1b: Sableye|brn|[from] ability: Flame Body|[of] p2a: Volcarona\n|cant|p2a: Volcarona|flinch\n|move|p1a: Tinkaton|Thunder Wave|p2a: Volcarona\n|-status|p2a: Volcarona|par\n|move|p2b: Hariyama|Close Combat|p1a: Tinkaton\n|-damage|p1a: Tinkaton|0 fnt\n|-unboost|p2b: Hariyama|def|1\n|-unboost|p2b: Hariyama|spd|1\n|faint|p1a: Tinkaton\n|\n|-damage|p1b: Sableye|78\/100 brn|[from] brn\n|upkeep\n|\n|t:|1681881356\n|switch|p1a: Arcanine|Arcanine, L50, F|100\/100\n|-ability|p1a: Arcanine|Intimidate|boost\n|-unboost|p2a: Volcarona|atk|1\n|-unboost|p2b: Hariyama|atk|1\n|turn|4\n|\n|t:|1681881378\n|move|p1a: Arcanine|Flare Blitz|p2b: Hariyama\n|-damage|p2b: Hariyama|36\/100 par\n|-damage|p1a: Arcanine|74\/100|[from] Recoil\n|cant|p2a: Volcarona|par\n|move|p1b: Sableye|Foul Play|p2b: Hariyama\n|-resisted|p2b: Hariyama\n|-damage|p2b: Hariyama|28\/100 par\n|move|p2b: Hariyama|Knock Off|p1a: Arcanine\n|-damage|p1a: Arcanine|38\/100\n|-enditem|p1a: Arcanine|Safety Goggles|[from] move: Knock Off|[of] p2b: Hariyama\n|\n|-damage|p1b: Sableye|72\/100 brn|[from] brn\n|upkeep\n|turn|5\n|\n|t:|1681881400\n|move|p2a: Volcarona|Rage Powder|p2a: Volcarona\n|-singleturn|p2a: Volcarona|move: Rage Powder\n|move|p1a: Arcanine|Flare Blitz|p2a: Volcarona\n|-damage|p2a: Volcarona|36\/100 par\n|-damage|p1a: Arcanine|22\/100|[from] item: Rocky Helmet|[of] p2a: Volcarona\n|-damage|p1a: Arcanine|4\/100|[from] Recoil\n|move|p1b: Sableye|Foul Play|p2a: Volcarona\n|-damage|p2a: Volcarona|32\/100 par\n|-damage|p1b: Sableye|56\/100 brn|[from] item: Rocky Helmet|[of] p2a: Volcarona\n|move|p2b: Hariyama|Close Combat|p1a: Arcanine\n|-damage|p1a: Arcanine|0 fnt\n|-unboost|p2b: Hariyama|def|1\n|-unboost|p2b: Hariyama|spd|1\n|faint|p1a: Arcanine\n|\n|-damage|p1b: Sableye|50\/100 brn|[from] brn\n|upkeep\n|\n|t:|1681881405\n|switch|p1a: Palafin|Palafin-Hero, L50, F|100\/100\n|-activate|p1a: Palafin|ability: Zero to Hero\n|turn|6\n|\n|t:|1681881441\n|switch|p2b: Baxcalibur|Baxcalibur, L50, F|100\/100\n|-terastallize|p1a: Palafin|Water\n|-terastallize|p2a: Volcarona|Grass\n|move|p1a: Palafin|Jet Punch|p2a: Volcarona\n|-resisted|p2a: Volcarona\n|-damage|p2a: Volcarona|4\/100 par\n|-damage|p1a: Palafin|84\/100|[from] item: Rocky Helmet|[of] p2a: Volcarona\n|-status|p1a: Palafin|brn|[from] ability: Flame Body|[of] p2a: Volcarona\n|cant|p2a: Volcarona|par\n|move|p1b: Sableye|Foul Play|p2a: Volcarona\n|-damage|p2a: Volcarona|0 fnt\n|-damage|p1b: Sableye|34\/100 brn|[from] item: Rocky Helmet|[of] p2a: Volcarona\n|faint|p2a: Volcarona\n|\n|-damage|p1a: Palafin|78\/100 brn|[from] brn\n|-damage|p1b: Sableye|28\/100 brn|[from] brn\n|upkeep\n|c|\u2606Fokkos|oh ffs\n|\n|t:|1681881453\n|switch|p2a: Hariyama|Hariyama, L50, M|28\/100 par\n|turn|7\n|\n|t:|1681881470\n|move|p2a: Hariyama|Fake Out|p1a: Palafin\n|-damage|p1a: Palafin|57\/100 brn\n|move|p1b: Sableye|Thunder Wave|p2b: Baxcalibur\n|-status|p2b: Baxcalibur|par\n|cant|p1a: Palafin|flinch\n|cant|p2b: Baxcalibur|par\n|\n|-damage|p1a: Palafin|51\/100 brn|[from] brn\n|-damage|p1b: Sableye|22\/100 brn|[from] brn\n|upkeep\n|turn|8\n|\n|t:|1681881509\n|cant|p2a: Hariyama|par\n|move|p1a: Palafin|Jet Punch|p2a: Hariyama\n|-damage|p2a: Hariyama|2\/100 par\n|move|p2b: Baxcalibur|Glaive Rush|p1a: Palafin\n|-damage|p1a: Palafin|0 fnt\n|-singlemove|p2b: Baxcalibur|Glaive Rush|[silent]\n|faint|p1a: Palafin\n|move|p1b: Sableye|Foul Play|p2b: Baxcalibur\n|-crit|p2b: Baxcalibur\n|-damage|p2b: Baxcalibur|24\/100 par\n|\n|-damage|p1b: Sableye|16\/100 brn|[from] brn\n|-sideend|p2: ZedRiverVGC|Reflect\n|upkeep\n|turn|9\n|\n|t:|1681881523\n|cant|p2b: Baxcalibur|par\n|move|p1b: Sableye|Foul Play|p2b: Baxcalibur\n|-damage|p2b: Baxcalibur|0 fnt\n|faint|p2b: Baxcalibur\n|cant|p2a: Hariyama|par\n|\n|-damage|p1b: Sableye|11\/100 brn|[from] brn\n|upkeep\n|turn|10\n|\n|t:|1681881529\n|move|p1b: Sableye|Foul Play|p2a: Hariyama\n|-resisted|p2a: Hariyama\n|-damage|p2a: Hariyama|0 fnt\n|faint|p2a: Hariyama\n|\n|win|Fokkos\n|raw|Fokkos's rating: 1164 → 1183<\/strong> (+19 for winning)\n|raw|ZedRiverVGC's rating: 1084 → 1067<\/strong> (-17 for losing)\n|c|\u2606Fokkos|lol\n|c|\u2606Fokkos|lmao even\n|c|\u2606ZedRiverVGC|even???\n|c|\u2606ZedRiverVGC|i didnt move for 80% of the game\n|c|\u2606Fokkos|as in\n|c|\u2606Fokkos|that was stupid af\n|l|\u2606Fokkos\n","uploadtime":1681881593,"views":10,"p1id":"fokkos","p2id":"zedrivervgc","formatid":"gen9vgc2023regulationc","rating":1067,"private":0,"password":""}