{"id":"gen9vgc2023regulationc-1859167705","p1":"shisui111","p2":"Arcacagne","format":"[Gen 9] VGC 2023 Regulation C","log":"|j|\u2606shisui111\n|j|\u2606Arcacagne\n|t:|1683412766\n|gametype|doubles\n|player|p1|shisui111|266|1295\n|player|p2|Arcacagne|170|1323\n|teamsize|p1|6\n|teamsize|p2|6\n|gen|9\n|tier|[Gen 9] VGC 2023 Regulation C\n|rated|\n|rule|Species Clause: Limit one of each Pok\u00e9mon\n|rule|Item Clause: Limit one of each item\n|clearpoke\n|poke|p1|Talonflame, L50, F|\n|poke|p1|Garchomp, L50, M|\n|poke|p1|Arcanine, L50, M|\n|poke|p1|Amoonguss, L50, F|\n|poke|p1|Grimmsnarl, L50, M|\n|poke|p1|Chien-Pao, L50|\n|poke|p2|Abomasnow, L50, F|\n|poke|p2|Iron Bundle, L50|\n|poke|p2|Rotom-Heat, L50|\n|poke|p2|Amoonguss, L50, M|\n|poke|p2|Iron Hands, L50|\n|poke|p2|Ting-Lu, L50|\n|teampreview|4\n|inactive|Battle timer is ON: inactive players will automatically lose when time's up. (requested by shisui111)\n|\n|t:|1683412823\n|start\n|switch|p1a: Grimmsnarl|Grimmsnarl, L50, M|100\/100\n|switch|p1b: Arcanine|Arcanine, L50, M|100\/100\n|switch|p2a: Abomasnow|Abomasnow, L50, F|100\/100\n|switch|p2b: Iron Hands|Iron Hands, L50|100\/100\n|-ability|p1b: Arcanine|Intimidate|boost\n|-unboost|p2a: Abomasnow|atk|1\n|-unboost|p2b: Iron Hands|atk|1\n|-weather|Snow|[from] ability: Snow Warning|[of] p2a: Abomasnow\n|turn|1\n|inactive|Arcacagne has 30 seconds left.\n|\n|t:|1683412853\n|-terastallize|p2a: Abomasnow|Water\n|move|p2b: Iron Hands|Fake Out|p1a: Grimmsnarl\n|-damage|p1a: Grimmsnarl|89\/100\n|cant|p1a: Grimmsnarl|flinch\n|move|p1b: Arcanine|Howl|p1b: Arcanine|[spread] p1a,p1b\n|-boost|p1a: Grimmsnarl|atk|1\n|-boost|p1b: Arcanine|atk|1\n|move|p2a: Abomasnow|Aurora Veil|p2a: Abomasnow\n|-sidestart|p2: Arcacagne|move: Aurora Veil\n|\n|-weather|Snow|[upkeep]\n|upkeep\n|turn|2\n|inactive|shisui111 has 30 seconds left.\n|inactive|shisui111 has 20 seconds left.\n|\n|t:|1683412888\n|move|p1a: Grimmsnarl|Thunder Wave|p2a: Abomasnow\n|-status|p2a: Abomasnow|par\n|move|p1b: Arcanine|Flare Blitz|p2b: Iron Hands\n|-damage|p2b: Iron Hands|72\/100\n|-damage|p1b: Arcanine|88\/100|[from] Recoil\n|move|p2b: Iron Hands|Volt Switch|p1b: Arcanine\n|-damage|p1b: Arcanine|75\/100\n|\n|t:|1683412906\n|-end|p2b: Iron Hands|Quark Drive|[silent]\n|switch|p2b: Iron Bundle|Iron Bundle, L50|100\/100|[from] Volt Switch\n|-enditem|p2b: Iron Bundle|Booster Energy\n|-activate|p2b: Iron Bundle|ability: Quark Drive|[fromitem]\n|-start|p2b: Iron Bundle|quarkdrivespe\n|move|p2a: Abomasnow|Blizzard|p1b: Arcanine|[spread] p1a,p1b\n|-resisted|p1b: Arcanine\n|-damage|p1a: Grimmsnarl|65\/100\n|-damage|p1b: Arcanine|58\/100\n|-status|p1b: Arcanine|frz\n|\n|-weather|Snow|[upkeep]\n|upkeep\n|turn|3\n|\n|t:|1683412925\n|move|p2b: Iron Bundle|Protect|p2b: Iron Bundle\n|-singleturn|p2b: Iron Bundle|Protect\n|move|p1a: Grimmsnarl|Thunder Wave|p2b: Iron Bundle\n|-activate|p2b: Iron Bundle|move: Protect\n|cant|p1b: Arcanine|frz\n|move|p2a: Abomasnow|Blizzard|p1b: Arcanine|[spread] p1a,p1b\n|-resisted|p1b: Arcanine\n|-damage|p1a: Grimmsnarl|39\/100\n|-damage|p1b: Arcanine|42\/100 frz\n|\n|-weather|Snow|[upkeep]\n|upkeep\n|turn|4\n|inactive|shisui111 has 30 seconds left.\n|\n|t:|1683412959\n|-end|p2b: Iron Bundle|Quark Drive|[silent]\n|switch|p2b: Iron Hands|Iron Hands, L50|72\/100\n|-curestatus|p1b: Arcanine|frz|[from] move: Flare Blitz\n|move|p1b: Arcanine|Flare Blitz|p2b: Iron Hands\n|-damage|p2b: Iron Hands|40\/100\n|-status|p2b: Iron Hands|brn\n|-damage|p1b: Arcanine|27\/100|[from] Recoil\n|move|p1a: Grimmsnarl|Spirit Break|p2a: Abomasnow\n|-damage|p2a: Abomasnow|67\/100 par\n|-unboost|p2a: Abomasnow|spa|1\n|move|p2a: Abomasnow|Blizzard|p1a: Grimmsnarl|[spread] p1a,p1b\n|-resisted|p1b: Arcanine\n|-damage|p1a: Grimmsnarl|23\/100\n|-damage|p1b: Arcanine|18\/100\n|\n|-weather|Snow|[upkeep]\n|-damage|p2b: Iron Hands|33\/100 brn|[from] brn\n|upkeep\n|turn|5\n|inactive|shisui111 has 30 seconds left.\n|inactive|shisui111 has 20 seconds left.\n|\n|t:|1683412997\n|move|p1b: Arcanine|Protect|p1b: Arcanine\n|-singleturn|p1b: Arcanine|Protect\n|move|p2b: Iron Hands|Fake Out|p1a: Grimmsnarl\n|-damage|p1a: Grimmsnarl|13\/100\n|cant|p1a: Grimmsnarl|flinch\n|move|p2a: Abomasnow|Blizzard|p1a: Grimmsnarl|[spread] p1a\n|-activate|p1b: Arcanine|move: Protect\n|-damage|p1a: Grimmsnarl|0 fnt\n|faint|p1a: Grimmsnarl\n|\n|-weather|none\n|-damage|p2b: Iron Hands|27\/100 brn|[from] brn\n|upkeep\n|\n|t:|1683413015\n|switch|p1a: Talonflame|Talonflame, L50, F|100\/100\n|turn|6\n|inactive|shisui111 has 30 seconds left.\n|\n|t:|1683413040\n|switch|p2a: Amoonguss|Amoonguss, L50, M|100\/100\n|move|p1a: Talonflame|Tailwind|p1a: Talonflame\n|-sidestart|p1: shisui111|move: Tailwind\n|move|p1b: Arcanine|Flare Blitz|p2b: Iron Hands\n|-damage|p2b: Iron Hands|0 fnt\n|faint|p2b: Iron Hands\n|-end|p2b: Iron Hands|Quark Drive|[silent]\n|-damage|p1b: Arcanine|6\/100|[from] Recoil\n|\n|upkeep\n|\n|t:|1683413050\n|switch|p2b: Abomasnow|Abomasnow, L50, F, tera:Water|67\/100 par\n|-weather|Snow|[from] ability: Snow Warning|[of] p2b: Abomasnow\n|turn|7\n|\n|t:|1683413074\n|move|p1b: Arcanine|Extreme Speed|p2b: Abomasnow\n|-damage|p2b: Abomasnow|45\/100 par\n|move|p2a: Amoonguss|Rage Powder|p2a: Amoonguss\n|-singleturn|p2a: Amoonguss|move: Rage Powder\n|move|p1a: Talonflame|Taunt|p2a: Amoonguss\n|-start|p2a: Amoonguss|move: Taunt\n|move|p2b: Abomasnow|Blizzard|p1b: Arcanine|[spread] p1a,p1b\n|-resisted|p1b: Arcanine\n|-damage|p1a: Talonflame|60\/100\n|-damage|p1b: Arcanine|0 fnt\n|faint|p1b: Arcanine\n|\n|-weather|Snow|[upkeep]\n|upkeep\n|\n|t:|1683413085\n|switch|p1b: Garchomp|Garchomp, L50, M|100\/100\n|turn|8\n|\n|t:|1683413107\n|-terastallize|p1b: Garchomp|Fire\n|move|p1a: Talonflame|Flare Blitz|p2b: Abomasnow\n|-resisted|p2b: Abomasnow\n|-damage|p2b: Abomasnow|33\/100 par\n|-damage|p1a: Talonflame|56\/100|[from] Recoil\n|move|p1b: Garchomp|Earthquake|p2a: Amoonguss|[spread] p2a,p2b\n|-immune|p1a: Talonflame\n|-damage|p2a: Amoonguss|78\/100\n|-damage|p2b: Abomasnow|0 fnt\n|faint|p2b: Abomasnow\n|move|p2a: Amoonguss|Clear Smog|p1a: Talonflame\n|-damage|p1a: Talonflame|36\/100\n|-clearboost|p1a: Talonflame\n|\n|-weather|Snow|[upkeep]\n|-sideend|p2: Arcacagne|move: Aurora Veil\n|upkeep\n|\n|t:|1683413120\n|switch|p2b: Iron Bundle|Iron Bundle, L50|100\/100\n|turn|9\n|\n|t:|1683413141\n|move|p1a: Talonflame|Flare Blitz|p2a: Amoonguss\n|-supereffective|p2a: Amoonguss\n|-damage|p2a: Amoonguss|20\/100\n|-enditem|p2a: Amoonguss|Sitrus Berry|[eat]\n|-heal|p2a: Amoonguss|45\/100|[from] item: Sitrus Berry\n|-damage|p1a: Talonflame|13\/100|[from] Recoil\n|move|p1b: Garchomp|Rock Slide|p2b: Iron Bundle|[spread] p2a,p2b\n|-supereffective|p2b: Iron Bundle\n|-damage|p2a: Amoonguss|26\/100\n|-damage|p2b: Iron Bundle|71\/100\n|move|p2b: Iron Bundle|Hydro Pump|p1b: Garchomp\n|-supereffective|p1b: Garchomp\n|-damage|p1b: Garchomp|8\/100\n|move|p2a: Amoonguss|Clear Smog|p1a: Talonflame\n|-crit|p1a: Talonflame\n|-damage|p1a: Talonflame|0 fnt\n|-clearboost|p1a: Talonflame\n|faint|p1a: Talonflame\n|\n|-weather|Snow|[upkeep]\n|-sideend|p1: shisui111|move: Tailwind\n|upkeep\n|turn|10\n|inactive|shisui111 has 30 seconds left.\n|inactive|Arcacagne has 30 seconds left.\n|\n|t:|1683413168\n|move|p1b: Garchomp|Protect|p1b: Garchomp\n|-singleturn|p1b: Garchomp|Protect\n|move|p2b: Iron Bundle|Icy Wind|p1b: Garchomp\n|-activate|p1b: Garchomp|move: Protect\n|move|p2a: Amoonguss|Clear Smog|p1b: Garchomp\n|-activate|p1b: Garchomp|move: Protect\n|\n|-weather|Snow|[upkeep]\n|-end|p2a: Amoonguss|move: Taunt\n|upkeep\n|turn|11\n|\n|t:|1683413185\n|move|p2b: Iron Bundle|Blizzard|p1b: Garchomp\n|-resisted|p1b: Garchomp\n|-damage|p1b: Garchomp|0 fnt\n|faint|p1b: Garchomp\n|\n|win|Arcacagne\n|raw|shisui111's rating: 1295 → 1272<\/strong> (-23 for losing)\n|raw|Arcacagne's rating: 1323 → 1341<\/strong> (+18 for winning)\n|l|\u2606shisui111\n","uploadtime":1683413194,"views":8,"p1id":"shisui111","p2id":"arcacagne","formatid":"gen9vgc2023regulationc","rating":1272,"private":0,"password":""}