{"id":"gen9vgc2023regulationc-1858325434","p1":"mudhiman","p2":"tiaole123","format":"[Gen 9] VGC 2023 Regulation C","log":"|j|\u2606mudhiman\n|j|\u2606tiaole123\n|t:|1683302135\n|gametype|doubles\n|player|p1|mudhiman|janitor|\n|player|p2|tiaole123|265|\n|teamsize|p1|6\n|teamsize|p2|6\n|gen|9\n|tier|[Gen 9] VGC 2023 Regulation C\n|rule|Species Clause: Limit one of each Pok\u00e9mon\n|rule|Item Clause: Limit one of each item\n|clearpoke\n|poke|p1|Gholdengo, L50|\n|poke|p1|Arcanine, L50, M|\n|poke|p1|Iron Hands, L50|\n|poke|p1|Amoonguss, L50, F|\n|poke|p1|Iron Bundle, L50|\n|poke|p1|Ting-Lu, L50|\n|poke|p2|Ting-Lu, L50|\n|poke|p2|Gyarados, L50, F|\n|poke|p2|Iron Hands, L50|\n|poke|p2|Flutter Mane, L50|\n|poke|p2|Chi-Yu, L50|\n|poke|p2|Amoonguss, L50, F|\n|teampreview|4\n|c|\u2606mudhiman|g2\n|c|\u2606tiaole123|g2\nmudhiman has agreed to open team sheets.\ntiaole123 has agreed to open team sheets.\n|j| Klefki22\n|j| Z Strats\n|j| Oriol.plazai\n|c|\u2606tiaole123|\/log tiaole123 made this room public.\n|c|\u2606tiaole123|gl hf\n|c|\u2606mudhiman|u2\n|j| SvenVGC\n|j| outdz izon\n|j| pokeway96\n|j| Anisphia\n|\n|t:|1683303192\n|start\n|switch|p1a: Arcanine|Arcanine, L50, M|100\/100\n|switch|p1b: Ting-Lu|Ting-Lu, L50|100\/100\n|switch|p2a: Chi-Yu|Chi-Yu, L50|100\/100\n|switch|p2b: Amoonguss|Amoonguss, L50, F|100\/100\n|-ability|p2a: Chi-Yu|Beads of Ruin\n|-ability|p1a: Arcanine|Intimidate|boost\n|-unboost|p2a: Chi-Yu|atk|1\n|-unboost|p2b: Amoonguss|atk|1\n|-ability|p1b: Ting-Lu|Vessel of Ruin\n|turn|1\n|j| cyan_vg\n|\n|t:|1683303273\n|move|p1a: Arcanine|Protect|p1a: Arcanine\n|-singleturn|p1a: Arcanine|Protect\n|move|p1b: Ting-Lu|Protect|p1b: Ting-Lu\n|-singleturn|p1b: Ting-Lu|Protect\n|move|p2a: Chi-Yu|Heat Wave|p1a: Arcanine|[spread] \n|-activate|p1a: Arcanine|move: Protect\n|-activate|p1b: Ting-Lu|move: Protect\n|move|p2b: Amoonguss|Spore|p1b: Ting-Lu\n|-activate|p1b: Ting-Lu|move: Protect\n|\n|upkeep\n|turn|2\n|\n|t:|1683303294\n|switch|p2a: Iron Hands|Iron Hands, L50|100\/100\n|move|p1a: Arcanine|Flare Blitz|p2b: Amoonguss\n|-supereffective|p2b: Amoonguss\n|-damage|p2b: Amoonguss|21\/100\n|-enditem|p2b: Amoonguss|Sitrus Berry|[eat]\n|-heal|p2b: Amoonguss|46\/100|[from] item: Sitrus Berry\n|-damage|p1a: Arcanine|72\/100|[from] Recoil\n|move|p1b: Ting-Lu|Sand Tomb|p2b: Amoonguss\n|-damage|p2b: Amoonguss|34\/100\n|-activate|p2b: Amoonguss|move: Sand Tomb|[of] p1b: Ting-Lu\n|move|p2b: Amoonguss|Spore|p1b: Ting-Lu\n|-status|p1b: Ting-Lu|slp|[from] move: Spore\n|\n|-damage|p2b: Amoonguss|22\/100|[from] move: Sand Tomb|[partiallytrapped]\n|upkeep\n|turn|3\n|j| Serena\n|l|\u2606tiaole123\n|player|p2|\n|j| Finabas\n|j|\u2606tiaole123\n|player|p2|tiaole123|265\n|j| NJ11VGC\n|c|\u2606tiaole123|having some problem with my browser, sry\n|c|\u2606mudhiman|np\n|l| pokeway96\n|\n|t:|1683303390\n|switch|p1a: Amoonguss|Amoonguss, L50, F|100\/100\n|move|p2a: Iron Hands|Swords Dance|p2a: Iron Hands\n|-boost|p2a: Iron Hands|atk|2\n|cant|p1b: Ting-Lu|slp\n|move|p2b: Amoonguss|Spore|p1a: Amoonguss\n|-immune|p1a: Amoonguss\n|\n|-damage|p2b: Amoonguss|10\/100|[from] move: Sand Tomb|[partiallytrapped]\n|upkeep\n|turn|4\n|j| tyo\n|\n|t:|1683303427\n|-terastallize|p1b: Ting-Lu|Poison\n|move|p2b: Amoonguss|Protect|p2b: Amoonguss\n|-singleturn|p2b: Amoonguss|Protect\n|move|p2a: Iron Hands|Drain Punch|p1b: Ting-Lu\n|-resisted|p1b: Ting-Lu\n|-damage|p1b: Ting-Lu|75\/100 slp\n|cant|p1b: Ting-Lu|slp\n|move|p1a: Amoonguss|Pollen Puff|p1b: Ting-Lu\n|-heal|p1b: Ting-Lu|100\/100 slp\n|\n|-damage|p2b: Amoonguss|0 fnt|[from] move: Sand Tomb|[partiallytrapped]\n|faint|p2b: Amoonguss\n|upkeep\n|\n|t:|1683303437\n|switch|p2b: Chi-Yu|Chi-Yu, L50|100\/100\n|-ability|p2b: Chi-Yu|Beads of Ruin\n|turn|5\n|\n|t:|1683303498\n|move|p1a: Amoonguss|Protect|p1a: Amoonguss\n|-singleturn|p1a: Amoonguss|Protect\n|move|p2b: Chi-Yu|Overheat|p1b: Ting-Lu\n|-damage|p1b: Ting-Lu|41\/100 slp\n|-unboost|p2b: Chi-Yu|spa|2\n|-damage|p2b: Chi-Yu|91\/100|[from] item: Life Orb\n|move|p2a: Iron Hands|Wild Charge|p1b: Ting-Lu\n|-damage|p1b: Ting-Lu|0 fnt\n|faint|p1b: Ting-Lu\n|-damage|p2a: Iron Hands|90\/100|[from] Recoil\n|\n|upkeep\n|\n|t:|1683303523\n|switch|p1b: Arcanine|Arcanine, L50, M|72\/100\n|-ability|p1b: Arcanine|Intimidate|boost\n|-unboost|p2a: Iron Hands|atk|1\n|-unboost|p2b: Chi-Yu|atk|1\n|turn|6\n|l| NJ11VGC\n|j| NJ11VGC\n|j| FREEDOMFIGHTER28\n|\n|t:|1683303579\n|switch|p1a: Iron Bundle|Iron Bundle, L50|100\/100\n|-enditem|p1a: Iron Bundle|Booster Energy\n|-activate|p1a: Iron Bundle|ability: Quark Drive|[fromitem]\n|-start|p1a: Iron Bundle|quarkdrivespe\n|move|p2b: Chi-Yu|Protect|p2b: Chi-Yu\n|-singleturn|p2b: Chi-Yu|Protect\n|move|p1b: Arcanine|Protect|p1b: Arcanine\n|-singleturn|p1b: Arcanine|Protect\n|move|p2a: Iron Hands|Detect||[still]\n|-fail|p2a: Iron Hands\n|\n|upkeep\n|turn|7\n|l| FREEDOMFIGHTER28\n|j| Robbie35646\n|j| Star Rail\n|\n|t:|1683303680\n|switch|p2b: Ting-Lu|Ting-Lu, L50|100\/100\n|-ability|p2b: Ting-Lu|Vessel of Ruin\n|move|p1a: Iron Bundle|Hydro Pump|p2a: Iron Hands\n|-damage|p2a: Iron Hands|64\/100\n|move|p1b: Arcanine|Flare Blitz|p2a: Iron Hands\n|-damage|p2a: Iron Hands|31\/100\n|-status|p2a: Iron Hands|brn\n|-damage|p1b: Arcanine|58\/100|[from] Recoil\n|move|p2a: Iron Hands|Drain Punch|p1a: Iron Bundle\n|-supereffective|p1a: Iron Bundle\n|-damage|p1a: Iron Bundle|39\/100\n|-heal|p2a: Iron Hands|52\/100 brn|[from] drain|[of] p1a: Iron Bundle\n|\n|-damage|p2a: Iron Hands|46\/100 brn|[from] brn\n|upkeep\n|turn|8\n|l| Finabas\n|l| NJ11VGC\n|\n|t:|1683303782\n|move|p1a: Iron Bundle|Protect|p1a: Iron Bundle\n|-singleturn|p1a: Iron Bundle|Protect\n|move|p1b: Arcanine|Flare Blitz|p2a: Iron Hands\n|-damage|p2a: Iron Hands|17\/100 brn\n|-damage|p1b: Arcanine|47\/100|[from] Recoil\n|move|p2a: Iron Hands|Wild Charge|p1a: Iron Bundle\n|-activate|p1a: Iron Bundle|move: Protect\n|move|p2b: Ting-Lu|Stone Edge|p1a: Iron Bundle\n|-activate|p1a: Iron Bundle|move: Protect\n|\n|-damage|p2a: Iron Hands|11\/100 brn|[from] brn\n|upkeep\n|turn|9\n|\n|t:|1683303819\n|move|p1a: Iron Bundle|Substitute|p1a: Iron Bundle\n|-start|p1a: Iron Bundle|Substitute\n|-damage|p1a: Iron Bundle|14\/100\n|move|p1b: Arcanine|Flare Blitz|p2a: Iron Hands\n|-damage|p2a: Iron Hands|0 fnt\n|faint|p2a: Iron Hands\n|-end|p2a: Iron Hands|Quark Drive|[silent]\n|-damage|p1b: Arcanine|42\/100|[from] Recoil\n|move|p2b: Ting-Lu|Stone Edge|p1a: Iron Bundle\n|-supereffective|p1a: Iron Bundle\n|-end|p1a: Iron Bundle|Substitute\n|\n|upkeep\n|\n|t:|1683303824\n|switch|p2a: Chi-Yu|Chi-Yu, L50|91\/100\n|-ability|p2a: Chi-Yu|Beads of Ruin\n|turn|10\n|j| jshehensks\n|\n|t:|1683303867\n|move|p1a: Iron Bundle|Protect|p1a: Iron Bundle\n|-singleturn|p1a: Iron Bundle|Protect\n|move|p2a: Chi-Yu|Protect|p2a: Chi-Yu\n|-singleturn|p2a: Chi-Yu|Protect\n|move|p1b: Arcanine|Protect|p1b: Arcanine\n|-singleturn|p1b: Arcanine|Protect\n|move|p2b: Ting-Lu|Stomping Tantrum|p1b: Arcanine\n|-activate|p1b: Arcanine|move: Protect\n|\n|upkeep\n|turn|11\n|l| jshehensks\n|\n|t:|1683303928\n|-terastallize|p2a: Chi-Yu|Grass\n|move|p1b: Arcanine|Extreme Speed|p2a: Chi-Yu\n|-damage|p2a: Chi-Yu|67\/100\n|move|p1a: Iron Bundle|Freeze-Dry|p2a: Chi-Yu\n|-supereffective|p2a: Chi-Yu\n|-damage|p2a: Chi-Yu|21\/100\n|move|p2a: Chi-Yu|Heat Wave|p1b: Arcanine|[spread] p1a,p1b\n|-resisted|p1b: Arcanine\n|-damage|p1a: Iron Bundle|0 fnt\n|-damage|p1b: Arcanine|23\/100\n|faint|p1a: Iron Bundle\n|-end|p1a: Iron Bundle|Quark Drive|[silent]\n|-damage|p2a: Chi-Yu|12\/100|[from] item: Life Orb\n|move|p2b: Ting-Lu|Stomping Tantrum|p1b: Arcanine\n|-supereffective|p1b: Arcanine\n|-damage|p1b: Arcanine|0 fnt\n|faint|p1b: Arcanine\n|\n|upkeep\n|c|\u2606mudhiman|gg\n|c|\u2606tiaole123|gg\n|\n|t:|1683303949\n|switch|p1b: Amoonguss|Amoonguss, L50, F|100\/100\n|turn|12\n|-message|mudhiman forfeited.\n|\n|win|tiaole123\n|l|\u2606mudhiman\n|l| SvenVGC\n|l| Serena\n|l| outdz izon\n|l| Star Rail\n|l| Z Strats\n|j| Z Strats\n|l| Robbie35646\n|l| Oriol.plazai\n|l| Z Strats\n|l| tyo\n","uploadtime":1683304019,"views":28,"p1id":"mudhiman","p2id":"tiaole123","formatid":"gen9vgc2023regulationc","rating":0,"private":0,"password":""}