{"id":"gen9vgc2023regulationc-1844832785","p1":"jijsijises","p2":"Leofuoco05lla","format":"[Gen 9] VGC 2023 Regulation C","log":"|j|\u2606jijsijises\n|j|\u2606Leofuoco05lla\n|t:|1681654149\n|gametype|doubles\n|player|p1|jijsijises|169|1055\n|player|p2|Leofuoco05lla|1|1000\n|teamsize|p1|6\n|teamsize|p2|6\n|gen|9\n|tier|[Gen 9] VGC 2023 Regulation C\n|rated|\n|rule|Species Clause: Limit one of each Pok\u00e9mon\n|rule|Item Clause: Limit one of each item\n|clearpoke\n|poke|p1|Ceruledge, L50, M|\n|poke|p1|Arcanine, L50, F|\n|poke|p1|Palafin, L50, M|\n|poke|p1|Grimmsnarl, L50, M|\n|poke|p1|Meowscarada, L50, M|\n|poke|p1|Flutter Mane, L50|\n|poke|p2|Palafin, L50, M|\n|poke|p2|Ting-Lu, L50|\n|poke|p2|Amoonguss, L50, M|\n|poke|p2|Dondozo, L50, F|\n|poke|p2|Tatsugiri, L50, F|\n|poke|p2|Baxcalibur, L50, F|\n|teampreview|4\n|\n|t:|1681654189\n|start\n|switch|p1a: Grimmsnarl|Grimmsnarl, L50, M|100\/100\n|switch|p1b: Palafin|Palafin, L50, M|100\/100\n|switch|p2a: Baxcalibur|Baxcalibur, L50, F|100\/100\n|switch|p2b: Palafin|Palafin, L50, M|100\/100\n|turn|1\n|inactive|Battle timer is ON: inactive players will automatically lose when time's up. (requested by Leofuoco05lla)\n|\n|t:|1681654220\n|detailschange|p1b: Palafin|Palafin-Hero, L50, M\n|switch|p1b: Flutter Mane|Flutter Mane, L50|100\/100\n|-enditem|p1b: Flutter Mane|Booster Energy\n|-activate|p1b: Flutter Mane|ability: Protosynthesis|[fromitem]\n|-start|p1b: Flutter Mane|protosynthesisspe\n|move|p1a: Grimmsnarl|Reflect|p1a: Grimmsnarl\n|-sidestart|p1: jijsijises|Reflect\n|move|p2b: Palafin|Flip Turn|p1a: Grimmsnarl\n|-damage|p1a: Grimmsnarl|80\/100\n|\n|t:|1681654240\n|detailschange|p2b: Palafin|Palafin-Hero, L50, M\n|switch|p2b: Ting-Lu|Ting-Lu, L50|100\/100|[from] Flip Turn\n|-ability|p2b: Ting-Lu|Vessel of Ruin\n|move|p2a: Baxcalibur|Dragon Dance|p2a: Baxcalibur\n|-boost|p2a: Baxcalibur|atk|1\n|-boost|p2a: Baxcalibur|spe|1\n|\n|upkeep\n|turn|2\n|\n|t:|1681654261\n|move|p1a: Grimmsnarl|Thunder Wave|p2a: Baxcalibur\n|-status|p2a: Baxcalibur|par\n|move|p1b: Flutter Mane|Dazzling Gleam|p2b: Ting-Lu|[spread] p2a,p2b\n|-supereffective|p2a: Baxcalibur\n|-supereffective|p2b: Ting-Lu\n|-damage|p2a: Baxcalibur|59\/100 par\n|-damage|p2b: Ting-Lu|79\/100\n|cant|p2a: Baxcalibur|par\n|move|p2b: Ting-Lu|Fissure|p1a: Grimmsnarl|[miss]\n|-miss|p2b: Ting-Lu|p1a: Grimmsnarl\n|\n|upkeep\n|turn|3\n|\n|t:|1681654285\n|move|p2a: Baxcalibur|Protect|p2a: Baxcalibur\n|-singleturn|p2a: Baxcalibur|Protect\n|move|p1a: Grimmsnarl|Light Screen|p1a: Grimmsnarl\n|-sidestart|p1: jijsijises|move: Light Screen\n|move|p1b: Flutter Mane|Moonblast|p2a: Baxcalibur\n|-activate|p2a: Baxcalibur|move: Protect\n|move|p2b: Ting-Lu|Stomping Tantrum|p1b: Flutter Mane\n|-damage|p1b: Flutter Mane|13\/100\n|\n|upkeep\n|turn|4\n|inactive|Leofuoco05lla has 30 seconds left.\n|\n|t:|1681654311\n|switch|p1a: Palafin|Palafin-Hero, L50, M|100\/100\n|-activate|p1a: Palafin|ability: Zero to Hero\n|switch|p2a: Amoonguss|Amoonguss, L50, M|100\/100\n|move|p1b: Flutter Mane|Dazzling Gleam|p2b: Ting-Lu|[spread] p2a,p2b\n|-resisted|p2a: Amoonguss\n|-supereffective|p2b: Ting-Lu\n|-damage|p2a: Amoonguss|92\/100\n|-damage|p2b: Ting-Lu|57\/100\n|move|p2b: Ting-Lu|Rock Tomb|p1b: Flutter Mane\n|-damage|p1b: Flutter Mane|0 fnt\n|faint|p1b: Flutter Mane\n|-end|p1b: Flutter Mane|Protosynthesis|[silent]\n|\n|-heal|p2a: Amoonguss|98\/100|[from] item: Leftovers\n|upkeep\n|\n|t:|1681654328\n|switch|p1b: Grimmsnarl|Grimmsnarl, L50, M|80\/100\n|turn|5\n|\n|t:|1681654350\n|switch|p2b: Palafin|Palafin-Hero, L50, M|100\/100\n|-activate|p2b: Palafin|ability: Zero to Hero\n|move|p1a: Palafin|Protect|p1a: Palafin\n|-singleturn|p1a: Palafin|Protect\n|move|p1b: Grimmsnarl|Thunder Wave|p2a: Amoonguss\n|-status|p2a: Amoonguss|par\n|move|p2a: Amoonguss|Spore|p1a: Palafin\n|-activate|p1a: Palafin|move: Protect\n|\n|-heal|p2a: Amoonguss|100\/100 par|[from] item: Leftovers\n|upkeep\n|turn|6\n|\n|t:|1681654372\n|switch|p1a: Ceruledge|Ceruledge, L50, M|100\/100\n|-terastallize|p2b: Palafin|Water\n|move|p1b: Grimmsnarl|Thunder Wave|p2b: Palafin\n|-status|p2b: Palafin|par\n|move|p2b: Palafin|Wave Crash|p1b: Grimmsnarl\n|-damage|p1b: Grimmsnarl|0 fnt\n|faint|p1b: Grimmsnarl\n|-damage|p2b: Palafin|70\/100 par|[from] Recoil\n|move|p2a: Amoonguss|Spore|p1a: Ceruledge\n|-status|p1a: Ceruledge|slp|[from] move: Spore\n|\n|upkeep\n|\n|t:|1681654385\n|switch|p1b: Palafin|Palafin-Hero, L50, M|100\/100\n|turn|7\n|\n|t:|1681654399\n|-terastallize|p1a: Ceruledge|Grass\n|move|p1b: Palafin|Protect|p1b: Palafin\n|-singleturn|p1b: Palafin|Protect\n|cant|p2b: Palafin|par\n|cant|p1a: Ceruledge|slp\n|move|p2a: Amoonguss|Spore|p1b: Palafin\n|-activate|p1b: Palafin|move: Protect\n|\n|upkeep\n|turn|8\n|inactive|Leofuoco05lla has 30 seconds left.\n|inactive|Leofuoco05lla has 20 seconds left.\n|inactive|Leofuoco05lla has 15 seconds left.\n|\n|t:|1681654439\n|move|p2b: Palafin|Protect|p2b: Palafin\n|-singleturn|p2b: Palafin|Protect\n|-curestatus|p1a: Ceruledge|slp|[msg]\n|move|p1a: Ceruledge|Bitter Blade|p2a: Amoonguss\n|-supereffective|p2a: Amoonguss\n|-damage|p2a: Amoonguss|20\/100 par\n|move|p1b: Palafin|Wave Crash|p2a: Amoonguss\n|-resisted|p2a: Amoonguss\n|-damage|p2a: Amoonguss|0 fnt\n|faint|p2a: Amoonguss\n|-damage|p1b: Palafin|94\/100|[from] Recoil\n|\n|-sideend|p1: jijsijises|Reflect\n|upkeep\n|\n|t:|1681654457\n|switch|p2a: Baxcalibur|Baxcalibur, L50, F|59\/100 par\n|turn|9\n|\n|t:|1681654481\n|move|p2b: Palafin|Protect|p2b: Palafin\n|-singleturn|p2b: Palafin|Protect\n|move|p1a: Ceruledge|Bitter Blade|p2a: Baxcalibur\n|-damage|p2a: Baxcalibur|23\/100 par\n|-ability|p2a: Baxcalibur|Thermal Exchange|boost\n|-boost|p2a: Baxcalibur|atk|1\n|move|p1b: Palafin|Wave Crash|p2a: Baxcalibur\n|-resisted|p2a: Baxcalibur\n|-damage|p2a: Baxcalibur|0 fnt\n|faint|p2a: Baxcalibur\n|-damage|p1b: Palafin|87\/100|[from] Recoil\n|\n|upkeep\n|-message|Leofuoco05lla forfeited.\n|\n|win|jijsijises\n|raw|jijsijises's rating: 1055 → 1082<\/strong> (+27 for winning)\n|raw|Leofuoco05lla's rating: 1000 → 1000<\/strong> (+0 for losing)\n|l|\u2606Leofuoco05lla\n","uploadtime":1681654559,"views":15,"p1id":"jijsijises","p2id":"leofuoco05lla","formatid":"gen9vgc2023regulationc","rating":1000,"private":0,"password":""}