{"id":"gen9vgc2023regulationc-1857331415","p1":"mence x vgc","p2":"Tilzie","format":"[Gen 9] VGC 2023 Regulation C","log":"|j|\u2606mence x vgc\n|j|\u2606Tilzie\n|t:|1683174629\n|gametype|doubles\n|player|p1|mence x vgc|janine|1424\n|player|p2|Tilzie|morty|1364\n|teamsize|p1|6\n|teamsize|p2|6\n|gen|9\n|tier|[Gen 9] VGC 2023 Regulation C\n|rated|\n|rule|Species Clause: Limit one of each Pok\u00e9mon\n|rule|Item Clause: Limit one of each item\n|clearpoke\n|poke|p1|Amoonguss, L50, F|\n|poke|p1|Gyarados, L50, F|\n|poke|p1|Iron Hands, L50|\n|poke|p1|Flutter Mane, L50|\n|poke|p1|Chi-Yu, L50|\n|poke|p1|Ting-Lu, L50|\n|poke|p2|Hatterene, L50, F|\n|poke|p2|Indeedee-F, L50, F|\n|poke|p2|Torkoal, L50, F|\n|poke|p2|Oranguru, L50, F|\n|poke|p2|Kingambit, L50, F|\n|poke|p2|Hariyama, L50, F|\n|teampreview|4\n|\n|t:|1683174686\n|start\n|switch|p1a: Flutter Mane|Flutter Mane, L50, shiny|100\/100\n|switch|p1b: Chi-Yu|Chi-Yu, L50|100\/100\n|switch|p2a: Hariyama|Hariyama, L50, F|100\/100\n|switch|p2b: Hatterene|Hatterene, L50, F|100\/100\n|-ability|p1b: Chi-Yu|Beads of Ruin\n|-enditem|p1a: Flutter Mane|Booster Energy\n|-activate|p1a: Flutter Mane|ability: Protosynthesis|[fromitem]\n|-start|p1a: Flutter Mane|protosynthesisspa\n|turn|1\n|inactive|Battle timer is ON: inactive players will automatically lose when time's up. (requested by Tilzie)\n|\n|t:|1683174717\n|move|p2a: Hariyama|Fake Out|p1b: Chi-Yu\n|-damage|p1b: Chi-Yu|78\/100\n|move|p1a: Flutter Mane|Moonblast|p2a: Hariyama\n|-supereffective|p2a: Hariyama\n|-damage|p2a: Hariyama|0 fnt\n|faint|p2a: Hariyama\n|cant|p1b: Chi-Yu|flinch\n|move|p2b: Hatterene|Trick Room|p2b: Hatterene\n|-fieldstart|move: Trick Room|[of] p2b: Hatterene\n|\n|upkeep\n|\n|t:|1683174723\n|switch|p2a: Torkoal|Torkoal, L50, F|100\/100\n|turn|2\n|\n|t:|1683174733\n|-terastallize|p2a: Torkoal|Fire\n|move|p1b: Chi-Yu|Protect|p1b: Chi-Yu\n|-singleturn|p1b: Chi-Yu|Protect\n|move|p1a: Flutter Mane|Protect|p1a: Flutter Mane\n|-singleturn|p1a: Flutter Mane|Protect\n|move|p2a: Torkoal|Eruption|p1b: Chi-Yu|[spread] \n|-activate|p1a: Flutter Mane|move: Protect\n|-activate|p1b: Chi-Yu|move: Protect\n|move|p2b: Hatterene|Dazzling Gleam|p1b: Chi-Yu|[spread] \n|-activate|p1a: Flutter Mane|move: Protect\n|-activate|p1b: Chi-Yu|move: Protect\n|\n|upkeep\n|turn|3\n|inactive|mence x vgc has 30 seconds left.\n|inactive|mence x vgc has 20 seconds left.\n|inactive|mence x vgc has 15 seconds left.\n|\n|t:|1683174777\n|-end|p1a: Flutter Mane|Protosynthesis|[silent]\n|switch|p1a: Ting-Lu|Ting-Lu, L50|100\/100\n|-ability|p1a: Ting-Lu|Vessel of Ruin\n|move|p2a: Torkoal|Eruption|p1b: Chi-Yu|[spread] p1a,p1b\n|-resisted|p1b: Chi-Yu\n|-damage|p1a: Ting-Lu|69\/100\n|-damage|p1b: Chi-Yu|42\/100\n|move|p2b: Hatterene|Dazzling Gleam|p1b: Chi-Yu|[spread] p1a,p1b\n|-supereffective|p1a: Ting-Lu\n|-damage|p1a: Ting-Lu|35\/100\n|-damage|p1b: Chi-Yu|2\/100\n|-damage|p2b: Hatterene|91\/100|[from] item: Life Orb\n|move|p1b: Chi-Yu|Dark Pulse|p2a: Torkoal\n|-damage|p2a: Torkoal|37\/100\n|\n|upkeep\n|turn|4\n|inactive|mence x vgc has 30 seconds left.\n|\n|t:|1683174810\n|move|p1b: Chi-Yu|Protect|p1b: Chi-Yu\n|-singleturn|p1b: Chi-Yu|Protect\n|move|p2a: Torkoal|Flamethrower|p1b: Chi-Yu\n|-activate|p1b: Chi-Yu|move: Protect\n|move|p2b: Hatterene|Dazzling Gleam|p1a: Ting-Lu|[spread] p1a\n|-activate|p1b: Chi-Yu|move: Protect\n|-supereffective|p1a: Ting-Lu\n|-damage|p1a: Ting-Lu|0 fnt\n|faint|p1a: Ting-Lu\n|-damage|p2b: Hatterene|82\/100|[from] item: Life Orb\n|\n|upkeep\n|\n|t:|1683174829\n|switch|p1a: Flutter Mane|Flutter Mane, L50, shiny|100\/100\n|turn|5\n|\n|t:|1683174838\n|switch|p2a: Kingambit|Kingambit, L50, F|100\/100\n|switch|p1b: Amoonguss|Amoonguss, L50, F, shiny|100\/100\n|move|p1a: Flutter Mane|Protect|p1a: Flutter Mane\n|-singleturn|p1a: Flutter Mane|Protect\n|move|p2b: Hatterene|Dazzling Gleam|p1a: Flutter Mane|[spread] p1b\n|-activate|p1a: Flutter Mane|move: Protect\n|-resisted|p1b: Amoonguss\n|-damage|p1b: Amoonguss|81\/100\n|-damage|p2b: Hatterene|72\/100|[from] item: Life Orb\n|\n|-fieldend|move: Trick Room\n|upkeep\n|turn|6\n|inactive|mence x vgc has 30 seconds left.\n|inactive|Tilzie has 30 seconds left.\n|inactive|mence x vgc has 20 seconds left.\n|\n|t:|1683174875\n|move|p1a: Flutter Mane|Shadow Ball|p2b: Hatterene\n|-supereffective|p2b: Hatterene\n|-damage|p2b: Hatterene|0 fnt\n|faint|p2b: Hatterene\n|move|p1b: Amoonguss|Spore|p2a: Kingambit\n|-activate|p2a: Kingambit|item: Safety Goggles|Spore\n|move|p2a: Kingambit|Kowtow Cleave|p1a: Flutter Mane\n|-damage|p1a: Flutter Mane|5\/100\n|\n|upkeep\n|\n|t:|1683174878\n|switch|p2b: Torkoal|Torkoal, L50, F, tera:Fire|37\/100\n|turn|7\n|\n|t:|1683174895\n|move|p1b: Amoonguss|Rage Powder|p1b: Amoonguss\n|-singleturn|p1b: Amoonguss|move: Rage Powder\n|move|p2a: Kingambit|Sucker Punch|p1a: Flutter Mane\n|-damage|p1a: Flutter Mane|0 fnt\n|faint|p1a: Flutter Mane\n|-end|p1a: Flutter Mane|Protosynthesis|[silent]\n|move|p2b: Torkoal|Flamethrower|p1b: Amoonguss\n|-supereffective|p1b: Amoonguss\n|-crit|p1b: Amoonguss\n|-damage|p1b: Amoonguss|0 fnt\n|faint|p1b: Amoonguss\n|\n|upkeep\n|\n|t:|1683174903\n|switch|p1a: Chi-Yu|Chi-Yu, L50|2\/100\n|-ability|p1a: Chi-Yu|Beads of Ruin\n|turn|8\n|\n|t:|1683174912\n|move|p2a: Kingambit|Sucker Punch|p1a: Chi-Yu\n|-resisted|p1a: Chi-Yu\n|-damage|p1a: Chi-Yu|0 fnt\n|faint|p1a: Chi-Yu\n|\n|win|Tilzie\n|raw|mence x vgc's rating: 1424 → 1401<\/strong> (-23 for losing)\n|raw|Tilzie's rating: 1364 → 1387<\/strong> (+23 for winning)\n","uploadtime":1683174918,"views":7,"p1id":"mencexvgc","p2id":"tilzie","formatid":"gen9vgc2023regulationc","rating":1387,"private":0,"password":""}