{"id":"gen9vgc2023regulationc-1849259538","p1":"zihengpeiyu","p2":"pguzmav","format":"[Gen 9] VGC 2023 Regulation C","log":"|j|\u2606zihengpeiyu\n|j|\u2606pguzmav\n|t:|1682178854\n|gametype|doubles\n|player|p1|zihengpeiyu|dawn|1343\n|player|p2|pguzmav|beauty-gen4dp|1346\n|teamsize|p1|6\n|teamsize|p2|6\n|gen|9\n|tier|[Gen 9] VGC 2023 Regulation C\n|rated|\n|rule|Species Clause: Limit one of each Pok\u00e9mon\n|rule|Item Clause: Limit one of each item\n|clearpoke\n|poke|p1|Chien-Pao, L50|\n|poke|p1|Gyarados, L50, M|\n|poke|p1|Ting-Lu, L50|\n|poke|p1|Dragonite, L50, F|\n|poke|p1|Flutter Mane, L50|\n|poke|p1|Pachirisu, L50, F|\n|poke|p2|Baxcalibur, L50, F|\n|poke|p2|Abomasnow, L50, M|\n|poke|p2|Annihilape, L50, M|\n|poke|p2|Arcanine, L50, M|\n|poke|p2|Magnezone, L50|\n|poke|p2|Azumarill, L50, M|\n|teampreview|4\n|inactive|Battle timer is ON: inactive players will automatically lose when time's up. (requested by zihengpeiyu)\n|inactive|pguzmav has 60 seconds left.\n|\n|t:|1682178898\n|start\n|switch|p1a: Gyarados|Gyarados, L50, M|100\/100\n|switch|p1b: Ting-Lu|Ting-Lu, L50|100\/100\n|switch|p2a: Magnezone|Magnezone, L50|100\/100\n|switch|p2b: Baxcalibur|Baxcalibur, L50, F|100\/100\n|-ability|p1a: Gyarados|Intimidate|boost\n|-unboost|p2a: Magnezone|atk|1\n|-unboost|p2b: Baxcalibur|atk|1\n|-ability|p1b: Ting-Lu|Vessel of Ruin\n|turn|1\n|\n|t:|1682178922\n|-terastallize|p2a: Magnezone|Flying\n|move|p1a: Gyarados|Protect|p1a: Gyarados\n|-singleturn|p1a: Gyarados|Protect\n|move|p2b: Baxcalibur|Icicle Crash|p1b: Ting-Lu|[miss]\n|-miss|p2b: Baxcalibur|p1b: Ting-Lu\n|move|p2a: Magnezone|Flash Cannon|p1b: Ting-Lu\n|-damage|p1b: Ting-Lu|78\/100\n|-damage|p2a: Magnezone|91\/100|[from] item: Life Orb\n|move|p1b: Ting-Lu|Earthquake|p2b: Baxcalibur|[spread] p2b\n|-activate|p1a: Gyarados|move: Protect\n|-immune|p2a: Magnezone\n|-damage|p2b: Baxcalibur|70\/100\n|\n|upkeep\n|turn|2\n|inactive|zihengpeiyu has 30 seconds left.\n|inactive|zihengpeiyu has 20 seconds left.\n|\n|t:|1682178958\n|move|p2b: Baxcalibur|Icicle Crash|p1b: Ting-Lu\n|-supereffective|p1b: Ting-Lu\n|-damage|p1b: Ting-Lu|41\/100\n|move|p1a: Gyarados|Thunder Wave|p2b: Baxcalibur\n|-status|p2b: Baxcalibur|par\n|move|p2a: Magnezone|Thunderbolt|p1a: Gyarados\n|-supereffective|p1a: Gyarados\n|-damage|p1a: Gyarados|0 fnt\n|faint|p1a: Gyarados\n|-damage|p2a: Magnezone|81\/100|[from] item: Life Orb\n|move|p1b: Ting-Lu|Earthquake|p2b: Baxcalibur|[spread] p2b\n|-immune|p2a: Magnezone\n|-damage|p2b: Baxcalibur|38\/100 par\n|\n|upkeep\n|\n|t:|1682178964\n|switch|p1a: Chien-Pao|Chien-Pao, L50|100\/100\n|-ability|p1a: Chien-Pao|Sword of Ruin\n|turn|3\n|inactive|zihengpeiyu has 30 seconds left.\n|inactive|pguzmav has 30 seconds left.\n|\n|t:|1682178997\n|switch|p2a: Azumarill|Azumarill, L50, M|100\/100\n|move|p1a: Chien-Pao|Ice Spinner|p2a: Azumarill\n|-resisted|p2a: Azumarill\n|-damage|p2a: Azumarill|71\/100\n|move|p1b: Ting-Lu|Stomping Tantrum|p2b: Baxcalibur\n|-damage|p2b: Baxcalibur|0 fnt\n|faint|p2b: Baxcalibur\n|\n|upkeep\n|\n|t:|1682179007\n|switch|p2b: Annihilape|Annihilape, L50, M|100\/100\n|turn|4\n|inactive|zihengpeiyu has 30 seconds left.\n|\n|t:|1682179036\n|move|p1a: Chien-Pao|Protect|p1a: Chien-Pao\n|-singleturn|p1a: Chien-Pao|Protect\n|move|p2b: Annihilape|Drain Punch|p1a: Chien-Pao\n|-activate|p1a: Chien-Pao|move: Protect\n|move|p2a: Azumarill|Liquidation|p1b: Ting-Lu\n|-supereffective|p1b: Ting-Lu\n|-damage|p1b: Ting-Lu|0 fnt\n|faint|p1b: Ting-Lu\n|\n|upkeep\n|\n|t:|1682179043\n|switch|p1b: Dragonite|Dragonite, L50, F|100\/100\n|turn|5\n|inactive|zihengpeiyu has 30 seconds left.\n|inactive|zihengpeiyu has 20 seconds left.\n|\n|t:|1682179083\n|switch|p2b: Magnezone|Magnezone, L50, tera:Flying|81\/100\n|-terastallize|p1a: Chien-Pao|Ghost\n|move|p1a: Chien-Pao|Ice Spinner|p2a: Azumarill\n|-resisted|p2a: Azumarill\n|-damage|p2a: Azumarill|44\/100\n|-enditem|p2a: Azumarill|Sitrus Berry|[eat]\n|-heal|p2a: Azumarill|69\/100|[from] item: Sitrus Berry\n|move|p1b: Dragonite|Thunder Punch|p2a: Azumarill\n|-supereffective|p2a: Azumarill\n|-damage|p2a: Azumarill|0 fnt\n|faint|p2a: Azumarill\n|\n|upkeep\n|\n|t:|1682179096\n|switch|p2a: Annihilape|Annihilape, L50, M|100\/100\n|turn|6\n|\n|t:|1682179108\n|move|p2b: Magnezone|Protect|p2b: Magnezone\n|-singleturn|p2b: Magnezone|Protect\n|move|p2a: Annihilape|Rage Fist|p1a: Chien-Pao\n|-supereffective|p1a: Chien-Pao\n|-damage|p1a: Chien-Pao|43\/100\n|move|p1a: Chien-Pao|Ice Spinner|p2b: Magnezone\n|-activate|p2b: Magnezone|move: Protect\n|move|p1b: Dragonite|Thunder Punch|p2b: Magnezone\n|-activate|p2b: Magnezone|move: Protect\n|\n|upkeep\n|turn|7\n|inactive|pguzmav has 30 seconds left.\n|\n|t:|1682179136\n|move|p1a: Chien-Pao|Protect|p1a: Chien-Pao\n|-singleturn|p1a: Chien-Pao|Protect\n|move|p2a: Annihilape|Rage Fist|p1b: Dragonite\n|-damage|p1b: Dragonite|86\/100\n|move|p1b: Dragonite|Thunder Punch|p2b: Magnezone\n|-supereffective|p2b: Magnezone\n|-damage|p2b: Magnezone|0 fnt\n|faint|p2b: Magnezone\n|\n|upkeep\n|turn|8\n|\n|t:|1682179147\n|move|p2a: Annihilape|Rage Fist|p1a: Chien-Pao\n|-supereffective|p1a: Chien-Pao\n|-damage|p1a: Chien-Pao|0 fnt\n|faint|p1a: Chien-Pao\n|move|p1b: Dragonite|Thunder Punch|p2a: Annihilape\n|-damage|p2a: Annihilape|61\/100\n|\n|upkeep\n|turn|9\n|\n|t:|1682179155\n|move|p2a: Annihilape|Rage Fist|p1b: Dragonite\n|-damage|p1b: Dragonite|41\/100\n|move|p1b: Dragonite|Thunder Punch|p2a: Annihilape\n|-damage|p2a: Annihilape|17\/100\n|\n|upkeep\n|turn|10\n|\n|t:|1682179162\n|move|p2a: Annihilape|Rage Fist|p1b: Dragonite\n|-crit|p1b: Dragonite\n|-damage|p1b: Dragonite|0 fnt\n|faint|p1b: Dragonite\n|\n|win|pguzmav\n|raw|zihengpeiyu's rating: 1343 → 1323<\/strong> (-20 for losing)\n|raw|pguzmav's rating: 1346 → 1366<\/strong> (+20 for winning)\n|l|\u2606zihengpeiyu\n","uploadtime":1682179174,"views":8,"p1id":"zihengpeiyu","p2id":"pguzmav","formatid":"gen9vgc2023regulationc","rating":1323,"private":0,"password":""}