{"id":"gen9vgc2023regulationc-1856270487","p1":"rudyxkam","p2":"ingoferrari","format":"[Gen 9] VGC 2023 Regulation C","log":"|j|\u2606rudyxkam\n|j|\u2606ingoferrari\n|t:|1683046326\n|gametype|doubles\n|player|p1|rudyxkam|gardenia|1060\n|player|p2|ingoferrari|1|1051\n|teamsize|p1|6\n|teamsize|p2|6\n|gen|9\n|tier|[Gen 9] VGC 2023 Regulation C\n|rated|\n|rule|Species Clause: Limit one of each Pok\u00e9mon\n|rule|Item Clause: Limit one of each item\n|clearpoke\n|poke|p1|Gyarados, L50, M|\n|poke|p1|Talonflame, L50, M|\n|poke|p1|Baxcalibur, L50, F|\n|poke|p1|Corviknight, L50, M|\n|poke|p1|Ting-Lu, L50|\n|poke|p1|Flutter Mane, L50|\n|poke|p2|Vivillon, L50, M|\n|poke|p2|Iron Bundle, L50|\n|poke|p2|Abomasnow, L50, M|\n|poke|p2|Ting-Lu, L50|\n|poke|p2|Bronzong, L50|\n|poke|p2|Iron Hands, L50|\n|teampreview|4\n|inactive|Battle timer is ON: inactive players will automatically lose when time's up. (requested by rudyxkam)\nrudyxkam has agreed to open team sheets.\n|c|\u2606rudyxkam|glhf!\n|inactive|rudyxkam has 60 seconds left.\n|\n|t:|1683046385\n|start\n|switch|p1a: Gigan|Corviknight, L50, M, shiny|100\/100\n|switch|p1b: Shobijin|Flutter Mane, L50, shiny|100\/100\n|switch|p2a: Vivillon|Vivillon, L50, M|100\/100\n|switch|p2b: Bronzong|Bronzong, L50|100\/100\n|turn|1\n|\n|t:|1683046405\n|-terastallize|p1b: Shobijin|Steel\n|move|p2a: Vivillon|Protect|p2a: Vivillon\n|-singleturn|p2a: Vivillon|Protect\n|move|p1b: Shobijin|Shadow Ball|p2b: Bronzong\n|-supereffective|p2b: Bronzong\n|-damage|p2b: Bronzong|36\/100\n|move|p1a: Gigan|Brave Bird|p2a: Vivillon\n|-activate|p2a: Vivillon|move: Protect\n|move|p2b: Bronzong|Trick Room|p2b: Bronzong\n|-fieldstart|move: Trick Room|[of] p2b: Bronzong\n|\n|-heal|p2b: Bronzong|42\/100|[from] item: Leftovers\n|upkeep\n|turn|2\n|inactive|ingoferrari has 30 seconds left.\n|\n|t:|1683046434\n|switch|p2b: Iron Hands|Iron Hands, L50|100\/100\n|-end|p1b: Shobijin|Protosynthesis|[silent]\n|switch|p1b: Manda|Gyarados, L50, M, shiny|100\/100\n|-ability|p1b: Manda|Intimidate|boost\n|-unboost|p2a: Vivillon|atk|1\n|-unboost|p2b: Iron Hands|atk|1\n|move|p1a: Gigan|Bulk Up|p1a: Gigan\n|-boost|p1a: Gigan|atk|1\n|-boost|p1a: Gigan|def|1\n|move|p2a: Vivillon|Pollen Puff|p1a: Gigan\n|-resisted|p1a: Gigan\n|-damage|p1a: Gigan|93\/100\n|\n|upkeep\n|turn|3\n|\n|t:|1683046456\n|switch|p1b: T. Gojira|Baxcalibur, L50, F, shiny|100\/100\n|move|p2a: Vivillon|Rage Powder|p2a: Vivillon\n|-singleturn|p2a: Vivillon|move: Rage Powder\n|move|p2b: Iron Hands|Swords Dance|p2b: Iron Hands\n|-boost|p2b: Iron Hands|atk|2\n|move|p1a: Gigan|Bulk Up|p1a: Gigan\n|-boost|p1a: Gigan|atk|1\n|-boost|p1a: Gigan|def|1\n|\n|upkeep\n|turn|4\n|inactive|rudyxkam has 30 seconds left.\n|inactive|rudyxkam has 20 seconds left.\n|\n|t:|1683046492\n|move|p1b: T. Gojira|Protect|p1b: T. Gojira\n|-singleturn|p1b: T. Gojira|Protect\n|move|p2b: Iron Hands|Wild Charge|p1a: Gigan\n|-supereffective|p1a: Gigan\n|-damage|p1a: Gigan|48\/100\n|-damage|p2b: Iron Hands|92\/100|[from] Recoil\n|move|p1a: Gigan|Brave Bird|p2a: Vivillon\n|-supereffective|p2a: Vivillon\n|-crit|p2a: Vivillon\n|-enditem|p2a: Vivillon|Focus Sash\n|-damage|p2a: Vivillon|1\/100\n|-damage|p1a: Gigan|23\/100|[from] Recoil\n|move|p2a: Vivillon|Pollen Puff|p1a: Gigan\n|-resisted|p1a: Gigan\n|-damage|p1a: Gigan|16\/100\n|\n|upkeep\n|turn|5\n|inactive|rudyxkam has 30 seconds left.\n|inactive|ingoferrari has 30 seconds left.\n|\n|t:|1683046521\n|switch|p1a: Shobijin|Flutter Mane, L50, shiny, tera:Steel|100\/100\n|move|p2a: Vivillon|Rage Powder|p2a: Vivillon\n|-singleturn|p2a: Vivillon|move: Rage Powder\n|move|p2b: Iron Hands|Drain Punch|p1a: Shobijin\n|-supereffective|p1a: Shobijin\n|-damage|p1a: Shobijin|0 fnt\n|-heal|p2b: Iron Hands|100\/100|[from] drain|[of] p1a: Shobijin\n|faint|p1a: Shobijin\n|-end|p1a: Shobijin|Protosynthesis|[silent]\n|move|p1b: T. Gojira|Dragon Dance|p1b: T. Gojira\n|-boost|p1b: T. Gojira|atk|1\n|-boost|p1b: T. Gojira|spe|1\n|\n|-fieldend|move: Trick Room\n|upkeep\n|\n|t:|1683046536\n|switch|p1a: Gigan|Corviknight, L50, M, shiny|16\/100\n|turn|6\n|\n|t:|1683046552\n|move|p1b: T. Gojira|Protect|p1b: T. Gojira\n|-singleturn|p1b: T. Gojira|Protect\n|move|p2a: Vivillon|Protect|p2a: Vivillon\n|-singleturn|p2a: Vivillon|Protect\n|move|p1a: Gigan|Roost|p1a: Gigan\n|-heal|p1a: Gigan|66\/100\n|-singleturn|p1a: Gigan|move: Roost\n|move|p2b: Iron Hands|Drain Punch|p1b: T. Gojira\n|-activate|p1b: T. Gojira|move: Protect\n|\n|upkeep\n|turn|7\n|inactive|ingoferrari has 30 seconds left.\n|inactive|ingoferrari has 20 seconds left.\n|\n|t:|1683046587\n|switch|p1b: Manda|Gyarados, L50, M, shiny|100\/100\n|-ability|p1b: Manda|Intimidate|boost\n|-unboost|p2a: Vivillon|atk|1\n|-unboost|p2b: Iron Hands|atk|1\n|move|p2a: Vivillon|Rage Powder|p2a: Vivillon\n|-singleturn|p2a: Vivillon|move: Rage Powder\n|move|p1a: Gigan|Bulk Up|p1a: Gigan\n|-boost|p1a: Gigan|atk|1\n|-boost|p1a: Gigan|def|1\n|move|p2b: Iron Hands|Drain Punch|p1b: Manda\n|-resisted|p1b: Manda\n|-damage|p1b: Manda|78\/100\n|\n|upkeep\n|turn|8\n|inactive|rudyxkam has 30 seconds left.\n|\n|t:|1683046613\n|move|p2a: Vivillon|Pollen Puff|p1b: Manda\n|-resisted|p1b: Manda\n|-damage|p1b: Manda|65\/100\n|move|p1b: Manda|Waterfall|p2a: Vivillon\n|-damage|p2a: Vivillon|0 fnt\n|faint|p2a: Vivillon\n|move|p1a: Gigan|Brave Bird|p2b: Iron Hands\n|-damage|p2b: Iron Hands|66\/100\n|-damage|p1a: Gigan|51\/100|[from] Recoil\n|move|p2b: Iron Hands|Drain Punch|p1a: Gigan\n|-damage|p1a: Gigan|35\/100\n|-heal|p2b: Iron Hands|73\/100|[from] drain|[of] p1a: Gigan\n|\n|upkeep\n|\n|t:|1683046629\n|switch|p2a: Bronzong|Bronzong, L50|42\/100\n|turn|9\n|\n|t:|1683046642\n|move|p1b: Manda|Waterfall|p2a: Bronzong\n|-damage|p2a: Bronzong|9\/100\n|move|p1a: Gigan|Body Press|p2a: Bronzong\n|-damage|p2a: Bronzong|0 fnt\n|faint|p2a: Bronzong\n|move|p2b: Iron Hands|Wild Charge|p1b: Manda\n|-supereffective|p1b: Manda\n|-damage|p1b: Manda|0 fnt\n|faint|p1b: Manda\n|-damage|p2b: Iron Hands|60\/100|[from] Recoil\n|\n|upkeep\n|\n|t:|1683046654\n|switch|p1b: T. Gojira|Baxcalibur, L50, F, shiny|100\/100\n|switch|p2a: Ting-Lu|Ting-Lu, L50|100\/100\n|-ability|p2a: Ting-Lu|Vessel of Ruin\n|turn|10\n|\n|t:|1683046674\n|move|p1b: T. Gojira|Protect|p1b: T. Gojira\n|-singleturn|p1b: T. Gojira|Protect\n|move|p1a: Gigan|Roost|p1a: Gigan\n|-heal|p1a: Gigan|85\/100\n|-singleturn|p1a: Gigan|move: Roost\n|move|p2b: Iron Hands|Drain Punch|p1b: T. Gojira\n|-activate|p1b: T. Gojira|move: Protect\n|move|p2a: Ting-Lu|Rock Slide|p1b: T. Gojira|[spread] p1a\n|-activate|p1b: T. Gojira|move: Protect\n|-resisted|p1a: Gigan\n|-crit|p1a: Gigan\n|-damage|p1a: Gigan|72\/100\n|\n|upkeep\n|turn|11\n|inactive|rudyxkam has 30 seconds left.\n|inactive|rudyxkam has 20 seconds left.\n|\n|t:|1683046710\n|move|p1b: T. Gojira|Glaive Rush|p2b: Iron Hands\n|-damage|p2b: Iron Hands|19\/100\n|-singlemove|p1b: T. Gojira|Glaive Rush|[silent]\n|-enditem|p2b: Iron Hands|Aguav Berry|[eat]\n|-heal|p2b: Iron Hands|52\/100|[from] item: Aguav Berry\n|move|p1a: Gigan|Brave Bird|p2b: Iron Hands\n|-crit|p2b: Iron Hands\n|-damage|p2b: Iron Hands|0 fnt\n|faint|p2b: Iron Hands\n|-end|p2b: Iron Hands|Quark Drive|[silent]\n|-damage|p1a: Gigan|50\/100|[from] Recoil\n|move|p2a: Ting-Lu|Rock Slide|p1b: T. Gojira|[spread] p1a,p1b\n|-supereffective|p1b: T. Gojira\n|-damage|p1a: Gigan|39\/100\n|-damage|p1b: T. Gojira|0 fnt\n|faint|p1b: T. Gojira\n|\n|upkeep\n|turn|12\n|\n|t:|1683046725\n|move|p1a: Gigan|Bulk Up|p1a: Gigan\n|-boost|p1a: Gigan|atk|1\n|-boost|p1a: Gigan|def|1\n|move|p2a: Ting-Lu|Rock Slide|p1a: Gigan|[miss]\n|-miss|p2a: Ting-Lu|p1a: Gigan\n|\n|upkeep\n|turn|13\n|\n|t:|1683046732\n|move|p1a: Gigan|Roost|p1a: Gigan\n|-heal|p1a: Gigan|89\/100\n|-singleturn|p1a: Gigan|move: Roost\n|move|p2a: Ting-Lu|Rock Slide|p1a: Gigan\n|-resisted|p1a: Gigan\n|-damage|p1a: Gigan|82\/100\n|\n|upkeep\n|turn|14\n|c|\u2606rudyxkam|gg\n|-message|ingoferrari forfeited.\n|\n|win|rudyxkam\n|raw|rudyxkam's rating: 1060 → 1090<\/strong> (+30 for winning)\n|raw|ingoferrari's rating: 1051 → 1034<\/strong> (-17 for losing)\n|l|\u2606ingoferrari\n","uploadtime":1683046745,"views":27,"p1id":"rudyxkam","p2id":"ingoferrari","formatid":"gen9vgc2023regulationc","rating":1034,"private":0,"password":""}