{"id":"gen9vgc2023regulationc-1860605677","p1":"zlint","p2":"kiboboubo","format":"[Gen 9] VGC 2023 Regulation C","log":"|j|\u2606zlint\n|j|\u2606kiboboubo\n|t:|1683658393\n|gametype|doubles\n|player|p1|zlint|may|1371\n|player|p2|kiboboubo|n|1282\n|teamsize|p1|6\n|teamsize|p2|6\n|gen|9\n|tier|[Gen 9] VGC 2023 Regulation C\n|rated|\n|rule|Species Clause: Limit one of each Pok\u00e9mon\n|rule|Item Clause: Limit one of each item\n|clearpoke\n|poke|p1|Scream Tail, L50|\n|poke|p1|Baxcalibur, L50, M|\n|poke|p1|Corviknight, L50, M|\n|poke|p1|Rotom-Wash, L50|\n|poke|p1|Flutter Mane, L50|\n|poke|p1|Tyranitar, L50, M|\n|poke|p2|Flutter Mane, L50|\n|poke|p2|Great Tusk, L50|\n|poke|p2|Gholdengo, L50|\n|poke|p2|Chien-Pao, L50|\n|poke|p2|Jumpluff, L50, F|\n|poke|p2|Torkoal, L50, F|\n|teampreview|4\n|inactive|Battle timer is ON: inactive players will automatically lose when time's up. (requested by kiboboubo)\nzlint has agreed to open team sheets.\nkiboboubo rejected open team sheets.\n|inactive|zlint has 60 seconds left.\n|\n|t:|1683658445\n|start\n|switch|p1a: Corviknight|Corviknight, L50, M, shiny|100\/100\n|switch|p1b: Baxcalibur|Baxcalibur, L50, M|100\/100\n|switch|p2a: Gholdengo|Gholdengo, L50|100\/100\n|switch|p2b: Torkoal|Torkoal, L50, F|100\/100\n|-weather|SunnyDay|[from] ability: Drought|[of] p2b: Torkoal\n|turn|1\n|inactive|zlint has 30 seconds left.\n|inactive|zlint has 20 seconds left.\n|inactive|zlint has 15 seconds left.\n|\n|t:|1683658488\n|switch|p1b: Tyranitar|Tyranitar, L50, M|100\/100\n|-weather|Sandstorm|[from] ability: Sand Stream|[of] p1b: Tyranitar\n|-terastallize|p1a: Corviknight|Fire\n|move|p2a: Gholdengo|Nasty Plot|p2a: Gholdengo\n|-boost|p2a: Gholdengo|spa|2\n|move|p1a: Corviknight|Tailwind|p1a: Corviknight\n|-sidestart|p1: zlint|move: Tailwind\n|move|p2b: Torkoal|Overheat|p1a: Corviknight\n|-resisted|p1a: Corviknight\n|-damage|p1a: Corviknight|78\/100\n|-unboost|p2b: Torkoal|spa|2\n|-enditem|p2b: Torkoal|Eject Pack\n|\n|t:|1683658506\n|switch|p2b: Jumpluff|Jumpluff, L50, F|100\/100\n|\n|-weather|Sandstorm|[upkeep]\n|-damage|p2b: Jumpluff|94\/100|[from] Sandstorm\n|upkeep\n|turn|2\n|\n|t:|1683658524\n|switch|p2b: Torkoal|Torkoal, L50, F|100\/100\n|-weather|SunnyDay|[from] ability: Drought|[of] p2b: Torkoal\n|-terastallize|p2a: Gholdengo|Water\n|move|p1b: Tyranitar|Crunch|p2a: Gholdengo\n|-damage|p2a: Gholdengo|55\/100\n|move|p1a: Corviknight|Brave Bird|p2a: Gholdengo\n|-damage|p2a: Gholdengo|17\/100\n|-damage|p1a: Corviknight|67\/100|[from] Recoil\n|move|p2a: Gholdengo|Make It Rain|p1a: Corviknight|[spread] p1a,p1b\n|-resisted|p1a: Corviknight\n|-supereffective|p1b: Tyranitar\n|-damage|p1a: Corviknight|29\/100\n|-damage|p1b: Tyranitar|0 fnt\n|-unboost|p2a: Gholdengo|spa|1\n|faint|p1b: Tyranitar\n|-damage|p2a: Gholdengo|7\/100|[from] item: Life Orb\n|\n|-weather|SunnyDay|[upkeep]\n|upkeep\n|inactive|zlint has 30 seconds left.\n|\n|t:|1683658550\n|switch|p1b: Baxcalibur|Baxcalibur, L50, M|100\/100\n|turn|3\n|inactive|zlint has 30 seconds left.\n|inactive|zlint has 20 seconds left.\n|\n|t:|1683658586\n|move|p1b: Baxcalibur|Protect|p1b: Baxcalibur\n|-singleturn|p1b: Baxcalibur|Protect\n|move|p2a: Gholdengo|Protect|p2a: Gholdengo\n|-singleturn|p2a: Gholdengo|Protect\n|move|p1a: Corviknight|Brave Bird|p2a: Gholdengo\n|-activate|p2a: Gholdengo|move: Protect\n|move|p2b: Torkoal|Overheat|p1a: Corviknight\n|-resisted|p1a: Corviknight\n|-damage|p1a: Corviknight|0 fnt\n|-unboost|p2b: Torkoal|spa|2\n|faint|p1a: Corviknight\n|\n|-weather|SunnyDay|[upkeep]\n|upkeep\n|\n|t:|1683658590\n|switch|p1a: Flutter Mane|Flutter Mane, L50|100\/100\n|-activate|p1a: Flutter Mane|ability: Protosynthesis\n|-start|p1a: Flutter Mane|protosynthesisspe\n|turn|4\n|inactive|kiboboubo has 30 seconds left.\n|\n|t:|1683658620\n|switch|p2a: Jumpluff|Jumpluff, L50, F|94\/100\n|move|p2b: Torkoal|Protect|p2b: Torkoal\n|-singleturn|p2b: Torkoal|Protect\n|move|p1a: Flutter Mane|Substitute|p1a: Flutter Mane\n|-start|p1a: Flutter Mane|Substitute\n|-damage|p1a: Flutter Mane|76\/100\n|move|p1b: Baxcalibur|Icicle Spear|p2a: Jumpluff\n|-supereffective|p2a: Jumpluff\n|-damage|p2a: Jumpluff|15\/100\n|-supereffective|p2a: Jumpluff\n|-damage|p2a: Jumpluff|0 fnt\n|faint|p2a: Jumpluff\n|-hitcount|p2: Jumpluff|2\n|\n|-weather|SunnyDay|[upkeep]\n|-sideend|p1: zlint|move: Tailwind\n|upkeep\n|inactive|kiboboubo has 30 seconds left.\n|\n|t:|1683658645\n|switch|p2a: Gholdengo|Gholdengo, L50, tera:Water|7\/100\n|turn|5\n|inactive|zlint has 30 seconds left.\n|\n|t:|1683658671\n|move|p2a: Gholdengo|Protect|p2a: Gholdengo\n|-singleturn|p2a: Gholdengo|Protect\n|move|p1a: Flutter Mane|Moonblast|p2a: Gholdengo\n|-activate|p2a: Gholdengo|move: Protect\n|move|p1b: Baxcalibur|Icicle Spear|p2b: Torkoal\n|-resisted|p2b: Torkoal\n|-damage|p2b: Torkoal|95\/100\n|-resisted|p2b: Torkoal\n|-damage|p2b: Torkoal|89\/100\n|-resisted|p2b: Torkoal\n|-damage|p2b: Torkoal|84\/100\n|-resisted|p2b: Torkoal\n|-damage|p2b: Torkoal|78\/100\n|-hitcount|p2b: Torkoal|4\n|move|p2b: Torkoal|Overheat|p1a: Flutter Mane\n|-end|p1a: Flutter Mane|Substitute\n|-unboost|p2b: Torkoal|spa|2\n|\n|-weather|SunnyDay|[upkeep]\n|upkeep\n|turn|6\n|inactive|zlint has 30 seconds left.\n|inactive|zlint has 20 seconds left.\n|inactive|zlint has 15 seconds left.\n|inactive|zlint has 10 seconds left.\n|\n|t:|1683658718\n|move|p1b: Baxcalibur|Ice Shard|p2a: Gholdengo\n|-resisted|p2a: Gholdengo\n|-damage|p2a: Gholdengo|0 fnt\n|faint|p2a: Gholdengo\n|move|p1a: Flutter Mane|Substitute|p1a: Flutter Mane\n|-start|p1a: Flutter Mane|Substitute\n|-damage|p1a: Flutter Mane|52\/100\n|move|p2b: Torkoal|Overheat|p1a: Flutter Mane\n|-end|p1a: Flutter Mane|Substitute\n|-unboost|p2b: Torkoal|spa|2\n|\n|-weather|none\n|-end|p1a: Flutter Mane|Protosynthesis\n|upkeep\n|\n|t:|1683658728\n|switch|p2a: Great Tusk|Great Tusk, L50|100\/100\n|turn|7\n|inactive|zlint has 30 seconds left.\n|inactive|zlint has 20 seconds left.\n|\n|t:|1683658767\n|move|p2b: Torkoal|Helping Hand|p2a: Great Tusk\n|-singleturn|p2a: Great Tusk|Helping Hand|[of] p2b: Torkoal\n|move|p1b: Baxcalibur|Ice Shard|p2a: Great Tusk\n|-supereffective|p2a: Great Tusk\n|-damage|p2a: Great Tusk|63\/100\n|move|p2a: Great Tusk|Earthquake|p1b: Baxcalibur|[spread] p2b,p1a,p1b\n|-supereffective|p2b: Torkoal\n|-damage|p2b: Torkoal|0 fnt\n|-damage|p1a: Flutter Mane|0 fnt\n|-damage|p1b: Baxcalibur|44\/100\n|faint|p2b: Torkoal\n|faint|p1a: Flutter Mane\n|-end|p1a: Flutter Mane|Protosynthesis|[silent]\n|\n|upkeep\n|turn|8\n|\n|t:|1683658781\n|move|p2a: Great Tusk|Earthquake|p1b: Baxcalibur\n|-damage|p1b: Baxcalibur|0 fnt\n|faint|p1b: Baxcalibur\n|\n|win|kiboboubo\n|raw|zlint's rating: 1371 → 1346<\/strong> (-25 for losing)\n|raw|kiboboubo's rating: 1282 → 1313<\/strong> (+31 for winning)\n|l|\u2606kiboboubo\n","uploadtime":1683658794,"views":17,"p1id":"zlint","p2id":"kiboboubo","formatid":"gen9vgc2023regulationc","rating":1313,"private":0,"password":""}