{"id":"gen9vgc2023regulationc-1864333527","p1":"ambatunut","p2":"ShaytheFair","format":"[Gen 9] VGC 2023 Regulation C","log":"|j|\u2606ambatunut\n|j|\u2606ShaytheFair\n|t:|1684156587\n|gametype|doubles\n|player|p1|ambatunut|dancer|\n|player|p2|ShaytheFair|veteranf|\n|teamsize|p1|6\n|teamsize|p2|6\n|gen|9\n|tier|[Gen 9] VGC 2023 Regulation C\n|rule|Species Clause: Limit one of each Pok\u00e9mon\n|rule|Item Clause: Limit one of each item\n|clearpoke\n|poke|p1|Garchomp, L50, M|\n|poke|p1|Talonflame, L50, F|\n|poke|p1|Chien-Pao, L50|\n|poke|p1|Flutter Mane, L50|\n|poke|p1|Tyranitar, L50, F|\n|poke|p1|Iron Bundle, L50|\n|poke|p2|Palafin, L50, M|\n|poke|p2|Flutter Mane, L50|\n|poke|p2|Arcanine, L50, F|\n|poke|p2|Ting-Lu, L50|\n|poke|p2|Amoonguss, L50, F|\n|poke|p2|Kingambit, L50, F|\n|teampreview|4\nShaytheFair has agreed to open team sheets.\nambatunut has agreed to open team sheets.\n|\n|t:|1684156663\n|start\n|switch|p1a: Chompasaurus Rex|Garchomp, L50, M|100\/100\n|switch|p1b: Ni-Hao|Chien-Pao, L50|100\/100\n|switch|p2a: Phish Food|Palafin, L50, M|100\/100\n|switch|p2b: Moose Tracks|Ting-Lu, L50|100\/100\n|-ability|p1b: Ni-Hao|Sword of Ruin\n|-ability|p2b: Moose Tracks|Vessel of Ruin\n|turn|1\n|c|\u2606ShaytheFair|Glhf\n|c|\u2606ambatunut|glhf\n|\n|t:|1684156782\n|detailschange|p2a: Phish Food|Palafin-Hero, L50, M\n|switch|p2a: Butter Pecan|Arcanine, L50, F|100\/100\n|-ability|p2a: Butter Pecan|Intimidate|boost\n|-fail|p1a: Chompasaurus Rex|unboost|[from] item: Clear Amulet|[of] p1a: Chompasaurus Rex\n|-unboost|p1b: Ni-Hao|atk|1\n|-terastallize|p1b: Ni-Hao|Flying\n|-terastallize|p2b: Moose Tracks|Water\n|move|p1b: Ni-Hao|Sacred Sword|p2b: Moose Tracks\n|-damage|p2b: Moose Tracks|85\/100\n|move|p1a: Chompasaurus Rex|Earthquake|p2b: Moose Tracks|[spread] p2a,p2b\n|-immune|p1b: Ni-Hao\n|-supereffective|p2a: Butter Pecan\n|-damage|p2a: Butter Pecan|0 fnt\n|-damage|p2b: Moose Tracks|50\/100\n|faint|p2a: Butter Pecan\n|move|p2b: Moose Tracks|Ruination|p1a: Chompasaurus Rex|[miss]\n|-miss|p2b: Moose Tracks|p1a: Chompasaurus Rex\n|\n|upkeep\n|\n|t:|1684156804\n|switch|p2a: Phish Food|Palafin-Hero, L50, M|100\/100\n|-activate|p2a: Phish Food|ability: Zero to Hero\n|turn|2\n|\n|t:|1684156822\n|move|p2a: Phish Food|Jet Punch|p1a: Chompasaurus Rex\n|-damage|p1a: Chompasaurus Rex|30\/100\n|-damage|p2a: Phish Food|88\/100|[from] ability: Rough Skin|[of] p1a: Chompasaurus Rex\n|move|p1b: Ni-Hao|Sacred Sword|p2b: Moose Tracks\n|-damage|p2b: Moose Tracks|32\/100\n|move|p1a: Chompasaurus Rex|Earthquake|p2a: Phish Food|[spread] p2a,p2b\n|-immune|p1b: Ni-Hao\n|-damage|p2a: Phish Food|45\/100\n|-damage|p2b: Moose Tracks|2\/100\n|move|p2b: Moose Tracks|Ruination|p1b: Ni-Hao\n|-damage|p1b: Ni-Hao|50\/100\n|\n|upkeep\n|turn|3\n|\n|t:|1684156875\n|move|p1a: Chompasaurus Rex|Protect|p1a: Chompasaurus Rex\n|-singleturn|p1a: Chompasaurus Rex|Protect\n|move|p1b: Ni-Hao|Sucker Punch|p2b: Moose Tracks\n|-damage|p2b: Moose Tracks|0 fnt\n|faint|p2b: Moose Tracks\n|move|p2a: Phish Food|Jet Punch|p1b: Ni-Hao\n|-crit|p1b: Ni-Hao\n|-damage|p1b: Ni-Hao|0 fnt\n|faint|p1b: Ni-Hao\n|\n|upkeep\n|\n|t:|1684156886\n|switch|p1b: George Costanza|Iron Bundle, L50|100\/100\n|switch|p2b: Cookies n Cream|Amoonguss, L50, F|100\/100\n|-enditem|p1b: George Costanza|Booster Energy\n|-activate|p1b: George Costanza|ability: Quark Drive|[fromitem]\n|-start|p1b: George Costanza|quarkdrivespe\n|turn|4\n|\n|t:|1684156932\n|move|p1b: George Costanza|Protect|p1b: George Costanza\n|-singleturn|p1b: George Costanza|Protect\n|move|p2a: Phish Food|Jet Punch|p1a: Chompasaurus Rex\n|-damage|p1a: Chompasaurus Rex|0 fnt\n|-damage|p2a: Phish Food|33\/100|[from] ability: Rough Skin|[of] p1a: Chompasaurus Rex\n|faint|p1a: Chompasaurus Rex\n|move|p2b: Cookies n Cream|Pollen Puff|p2a: Phish Food\n|-heal|p2a: Phish Food|83\/100\n|\n|upkeep\n|\n|t:|1684156942\n|switch|p1a: Pokimane|Flutter Mane, L50|100\/100\n|turn|5\n|\n|t:|1684157013\n|move|p1b: George Costanza|Freeze-Dry|p2a: Phish Food\n|-supereffective|p2a: Phish Food\n|-damage|p2a: Phish Food|7\/100\n|move|p1a: Pokimane|Shadow Ball|p2a: Phish Food\n|-damage|p2a: Phish Food|0 fnt\n|faint|p2a: Phish Food\n|move|p2b: Cookies n Cream|Spore|p1b: George Costanza\n|-status|p1b: George Costanza|slp|[from] move: Spore\n|\n|upkeep\n|turn|6\n|\n|t:|1684157032\n|cant|p1b: George Costanza|slp\n|move|p1a: Pokimane|Shadow Ball|p2b: Cookies n Cream\n|-damage|p2b: Cookies n Cream|44\/100\n|move|p2b: Cookies n Cream|Clear Smog|p1a: Pokimane\n|-damage|p1a: Pokimane|85\/100\n|-clearboost|p1a: Pokimane\n|\n|upkeep\n|turn|7\n|c|\u2606ShaytheFair|GG\n|c|\u2606ShaytheFair|You got me\n|\n|t:|1684157055\n|cant|p1b: George Costanza|slp\n|move|p1a: Pokimane|Shadow Ball|p2b: Cookies n Cream\n|-damage|p2b: Cookies n Cream|0 fnt\n|faint|p2b: Cookies n Cream\n|\n|win|ambatunut\n","uploadtime":1684157062,"views":21,"p1id":"ambatunut","p2id":"shaythefair","formatid":"gen9vgc2023regulationc","rating":0,"private":0,"password":""}