{"id":"gen9vgc2023regulationc-1855077813","p1":"pgdraxos","p2":"cwhit7","format":"[Gen 9] VGC 2023 Regulation C","log":"|j|\u2606pgdraxos\n|j|\u2606cwhit7\n|t:|1682898579\n|gametype|doubles\n|player|p1|pgdraxos|steven|1088\n|player|p2|cwhit7|266|1190\n|teamsize|p1|6\n|teamsize|p2|6\n|gen|9\n|tier|[Gen 9] VGC 2023 Regulation C\n|rated|\n|rule|Species Clause: Limit one of each Pok\u00e9mon\n|rule|Item Clause: Limit one of each item\n|clearpoke\n|poke|p1|Ceruledge, L50, M|\n|poke|p1|Gyarados, L50, F|\n|poke|p1|Flutter Mane, L50|\n|poke|p1|Baxcalibur, L50, M|\n|poke|p1|Chien-Pao, L50|\n|poke|p1|Amoonguss, L50, M|\n|poke|p2|Glimmora, L50, F|\n|poke|p2|Wo-Chien, L50|\n|poke|p2|Dragapult, L50, M|\n|poke|p2|Chi-Yu, L50|\n|poke|p2|Tyranitar, L50, M|\n|poke|p2|Houndstone, L50, M|\n|teampreview|4\n|inactive|Battle timer is ON: inactive players will automatically lose when time's up. (requested by cwhit7)\npgdraxos has agreed to open team sheets.\n|\n|t:|1682898609\n|start\n|switch|p1a: Ceruledge|Ceruledge, L50, M|100\/100\n|switch|p1b: Amoonguss|Amoonguss, L50, M|100\/100\n|switch|p2a: Tyranitar|Tyranitar, L50, M|100\/100\n|switch|p2b: Houndstone|Houndstone, L50, M|100\/100\n|-weather|Sandstorm|[from] ability: Sand Stream|[of] p2a: Tyranitar\n|turn|1\n|inactive|cwhit7 has 30 seconds left.\n|inactive|cwhit7 has 20 seconds left.\n|inactive|cwhit7 has 15 seconds left.\n|inactive|cwhit7 has 10 seconds left.\n|inactive|cwhit7 has 5 seconds left.\n|\n|t:|1682898664\n|-terastallize|p1a: Ceruledge|Grass\n|move|p1a: Ceruledge|Shadow Sneak|p2b: Houndstone\n|-supereffective|p2b: Houndstone\n|-damage|p2b: Houndstone|55\/100\n|move|p2b: Houndstone|Will-O-Wisp|p1b: Amoonguss\n|-status|p1b: Amoonguss|brn\n|move|p2a: Tyranitar|Rock Slide|p1a: Ceruledge|[spread] \n|-miss|p2a: Tyranitar|p1a: Ceruledge\n|-miss|p2a: Tyranitar|p1b: Amoonguss\n|move|p1b: Amoonguss|Spore|p2a: Tyranitar\n|-status|p2a: Tyranitar|slp|[from] move: Spore\n|\n|-weather|Sandstorm|[upkeep]\n|-damage|p1a: Ceruledge|94\/100|[from] Sandstorm\n|-damage|p1b: Amoonguss|95\/100 brn|[from] Sandstorm\n|-damage|p1b: Amoonguss|89\/100 brn|[from] brn\n|upkeep\n|turn|2\n|inactive|cwhit7 has 30 seconds left.\n|\n|t:|1682898697\n|move|p2b: Houndstone|Last Respects|p1b: Amoonguss\n|-damage|p1b: Amoonguss|68\/100 brn\n|-damage|p2b: Houndstone|46\/100|[from] item: Life Orb\n|move|p1a: Ceruledge|Close Combat|p2a: Tyranitar\n|-supereffective|p2a: Tyranitar\n|-damage|p2a: Tyranitar|0 fnt\n|-unboost|p1a: Ceruledge|def|1\n|-unboost|p1a: Ceruledge|spd|1\n|faint|p2a: Tyranitar\n|move|p1b: Amoonguss|Spore|p2b: Houndstone\n|-status|p2b: Houndstone|slp|[from] move: Spore\n|\n|-weather|Sandstorm|[upkeep]\n|-damage|p1a: Ceruledge|88\/100|[from] Sandstorm\n|-damage|p1b: Amoonguss|62\/100 brn|[from] Sandstorm\n|-damage|p1b: Amoonguss|56\/100 brn|[from] brn\n|upkeep\n|\n|t:|1682898718\n|switch|p2a: Dragapult|Dragapult, L50, M|100\/100\n|turn|3\n|inactive|pgdraxos has 30 seconds left.\n|\n|t:|1682898749\n|move|p1b: Amoonguss|Rage Powder|p1b: Amoonguss\n|-singleturn|p1b: Amoonguss|move: Rage Powder\n|move|p1a: Ceruledge|Shadow Sneak|p2a: Dragapult\n|-supereffective|p2a: Dragapult\n|-damage|p2a: Dragapult|44\/100\n|cant|p2b: Houndstone|slp\n|move|p2a: Dragapult|U-turn|p1b: Amoonguss\n|-damage|p1b: Amoonguss|29\/100 brn\n|-enditem|p1b: Amoonguss|Sitrus Berry|[eat]\n|-heal|p1b: Amoonguss|54\/100 brn|[from] item: Sitrus Berry\n|\n|t:|1682898761\n|switch|p2a: Chi-Yu|Chi-Yu, L50|100\/100|[from] U-turn\n|-ability|p2a: Chi-Yu|Beads of Ruin\n|\n|-weather|Sandstorm|[upkeep]\n|-damage|p2a: Chi-Yu|95\/100|[from] Sandstorm\n|-damage|p1a: Ceruledge|82\/100|[from] Sandstorm\n|-damage|p1b: Amoonguss|48\/100 brn|[from] Sandstorm\n|-damage|p1b: Amoonguss|42\/100 brn|[from] brn\n|upkeep\n|turn|4\n|\n|t:|1682898784\n|move|p1b: Amoonguss|Rage Powder|p1b: Amoonguss\n|-singleturn|p1b: Amoonguss|move: Rage Powder\n|cant|p2b: Houndstone|slp\n|move|p2a: Chi-Yu|Heat Wave|p1a: Ceruledge|[spread] p1b\n|-start|p1a: Ceruledge|ability: Flash Fire\n|-supereffective|p1b: Amoonguss\n|-damage|p1b: Amoonguss|0 fnt\n|faint|p1b: Amoonguss\n|move|p1a: Ceruledge|Close Combat|p2a: Chi-Yu\n|-supereffective|p2a: Chi-Yu\n|-damage|p2a: Chi-Yu|0 fnt\n|-unboost|p1a: Ceruledge|def|1\n|-unboost|p1a: Ceruledge|spd|1\n|faint|p2a: Chi-Yu\n|\n|-weather|Sandstorm|[upkeep]\n|-damage|p1a: Ceruledge|76\/100|[from] Sandstorm\n|upkeep\n|\n|t:|1682898799\n|switch|p2a: Dragapult|Dragapult, L50, M|44\/100\n|switch|p1b: Chien-Pao|Chien-Pao, L50|100\/100\n|-ability|p1b: Chien-Pao|Sword of Ruin\n|turn|5\n|\n|t:|1682898819\n|-terastallize|p2a: Dragapult|Dark\n|move|p1a: Ceruledge|Shadow Sneak|p2a: Dragapult\n|-resisted|p2a: Dragapult\n|-damage|p2a: Dragapult|27\/100\n|cant|p2b: Houndstone|slp\n|move|p2a: Dragapult|Dragon Darts|p1a: Ceruledge\n|-crit|p1a: Ceruledge\n|-damage|p1a: Ceruledge|0 fnt\n|-anim|p2a: Dragapult|Dragon Darts|p1b: Chien-Pao\n|-damage|p1b: Chien-Pao|54\/100\n|faint|p1a: Ceruledge\n|move|p1b: Chien-Pao|Haze|p1b: Chien-Pao\n|-clearallboost\n|\n|-weather|none\n|upkeep\n|\n|t:|1682898830\n|switch|p1a: Flutter Mane|Flutter Mane, L50|100\/100\n|-enditem|p1a: Flutter Mane|Booster Energy\n|-activate|p1a: Flutter Mane|ability: Protosynthesis|[fromitem]\n|-start|p1a: Flutter Mane|protosynthesisspa\n|turn|6\n|\n|t:|1682898840\n|move|p1b: Chien-Pao|Sucker Punch|p2b: Houndstone\n|-supereffective|p2b: Houndstone\n|-damage|p2b: Houndstone|0 fnt\n|faint|p2b: Houndstone\n|move|p2a: Dragapult|Dragon Darts|p1b: Chien-Pao\n|-damage|p1b: Chien-Pao|6\/100\n|-anim|p2a: Dragapult|Dragon Darts|p1b: Chien-Pao\n|-damage|p1b: Chien-Pao|0 fnt\n|faint|p1b: Chien-Pao\n|move|p1a: Flutter Mane|Moonblast|p2a: Dragapult\n|-supereffective|p2a: Dragapult\n|-damage|p2a: Dragapult|0 fnt\n|faint|p2a: Dragapult\n|\n|win|pgdraxos\n|raw|pgdraxos's rating: 1088 → 1122<\/strong> (+34 for winning)\n|raw|cwhit7's rating: 1190 → 1158<\/strong> (-32 for losing)\n|l|\u2606cwhit7\n","uploadtime":1682898854,"views":8,"p1id":"pgdraxos","p2id":"cwhit7","formatid":"gen9vgc2023regulationc","rating":1122,"private":0,"password":""}