{"id":"gen9vgc2023regulationc-1846754565","p1":"Asd4321","p2":"Tapu Kyle","format":"[Gen 9] VGC 2023 Regulation C","log":"|j|\u2606Asd4321\n|j|\u2606Tapu Kyle\n|t:|1681874391\n|gametype|doubles\n|player|p1|Asd4321|supernerd|1255\n|player|p2|Tapu Kyle|101|1150\n|teamsize|p1|6\n|teamsize|p2|6\n|gen|9\n|tier|[Gen 9] VGC 2023 Regulation C\n|rated|\n|rule|Species Clause: Limit one of each Pok\u00e9mon\n|rule|Item Clause: Limit one of each item\n|clearpoke\n|poke|p1|Chi-Yu, L50|\n|poke|p1|Flutter Mane, L50|\n|poke|p1|Great Tusk, L50|\n|poke|p1|Corviknight, L50, F|\n|poke|p1|Palafin, L50, F|\n|poke|p1|Amoonguss, L50, M|\n|poke|p2|Roaring Moon, L50|\n|poke|p2|Flutter Mane, L50|\n|poke|p2|Iron Bundle, L50|\n|poke|p2|Chien-Pao, L50|\n|poke|p2|Iron Hands, L50|\n|poke|p2|Chi-Yu, L50|\n|teampreview|4\n|inactive|Battle timer is ON: inactive players will automatically lose when time's up. (requested by Tapu Kyle)\n|\n|t:|1681874418\n|start\n|switch|p1a: Corviknight|Corviknight, L50, F|100\/100\n|switch|p1b: Flutter Mane|Flutter Mane, L50|100\/100\n|switch|p2a: Iron Bundle|Iron Bundle, L50|100\/100\n|switch|p2b: Chi-Yu|Chi-Yu, L50|100\/100\n|-ability|p2b: Chi-Yu|Beads of Ruin\n|turn|1\n|\n|t:|1681874433\n|-terastallize|p1a: Corviknight|Water\n|move|p1b: Flutter Mane|Protect|p1b: Flutter Mane\n|-singleturn|p1b: Flutter Mane|Protect\n|move|p2a: Iron Bundle|Hydro Pump|p1b: Flutter Mane\n|-activate|p1b: Flutter Mane|move: Protect\n|move|p2b: Chi-Yu|Heat Wave|p1a: Corviknight|[spread] p1a\n|-activate|p1b: Flutter Mane|move: Protect\n|-resisted|p1a: Corviknight\n|-damage|p1a: Corviknight|75\/100\n|-status|p1a: Corviknight|brn\n|move|p1a: Corviknight|Tailwind|p1a: Corviknight\n|-sidestart|p1: Asd4321|move: Tailwind\n|\n|-damage|p1a: Corviknight|69\/100 brn|[from] brn\n|upkeep\n|turn|2\n|\n|t:|1681874457\n|move|p1b: Flutter Mane|Dazzling Gleam|p2b: Chi-Yu|[spread] p2a,p2b\n|-enditem|p2a: Iron Bundle|Focus Sash\n|-damage|p2a: Iron Bundle|1\/100\n|-damage|p2b: Chi-Yu|50\/100\n|-damage|p1b: Flutter Mane|91\/100|[from] item: Life Orb\n|move|p2a: Iron Bundle|Freeze-Dry|p1a: Corviknight\n|-supereffective|p1a: Corviknight\n|-damage|p1a: Corviknight|0 fnt\n|faint|p1a: Corviknight\n|move|p2b: Chi-Yu|Dark Pulse|p1b: Flutter Mane\n|-damage|p1b: Flutter Mane|41\/100\n|\n|upkeep\n|\n|t:|1681874461\n|switch|p1a: Palafin|Palafin, L50, F|100\/100\n|turn|3\n|inactive|Tapu Kyle has 30 seconds left.\n|\n|t:|1681874486\n|detailschange|p1a: Palafin|Palafin-Hero, L50, F\n|switch|p1a: Great Tusk|Great Tusk, L50|100\/100\n|move|p2a: Iron Bundle|Protect|p2a: Iron Bundle\n|-singleturn|p2a: Iron Bundle|Protect\n|move|p2b: Chi-Yu|Protect|p2b: Chi-Yu\n|-singleturn|p2b: Chi-Yu|Protect\n|move|p1b: Flutter Mane|Dazzling Gleam|p2b: Chi-Yu|[spread] \n|-activate|p2a: Iron Bundle|move: Protect\n|-activate|p2b: Chi-Yu|move: Protect\n|\n|upkeep\n|turn|4\n|\n|t:|1681874504\n|-end|p1a: Great Tusk|Protosynthesis|[silent]\n|switch|p1a: Palafin|Palafin-Hero, L50, F|100\/100\n|-activate|p1a: Palafin|ability: Zero to Hero\n|move|p1b: Flutter Mane|Dazzling Gleam|p2b: Chi-Yu|[spread] p2a,p2b\n|-damage|p2a: Iron Bundle|0 fnt\n|-damage|p2b: Chi-Yu|0 fnt\n|faint|p2a: Iron Bundle\n|-end|p2a: Iron Bundle|Quark Drive|[silent]\n|faint|p2b: Chi-Yu\n|-damage|p1b: Flutter Mane|31\/100|[from] item: Life Orb\n|\n|-sideend|p1: Asd4321|move: Tailwind\n|upkeep\n|\n|t:|1681874517\n|switch|p2a: Flutter Mane|Flutter Mane, L50, shiny|100\/100\n|switch|p2b: Iron Hands|Iron Hands, L50|100\/100\n|turn|5\n|\n|t:|1681874528\n|-terastallize|p2a: Flutter Mane|Fairy\n|move|p1b: Flutter Mane|Protect|p1b: Flutter Mane\n|-singleturn|p1b: Flutter Mane|Protect\n|move|p1a: Palafin|Protect|p1a: Palafin\n|-singleturn|p1a: Palafin|Protect\n|move|p2b: Iron Hands|Fake Out|p1a: Palafin\n|-activate|p1a: Palafin|move: Protect\n|move|p2a: Flutter Mane|Dazzling Gleam|p1b: Flutter Mane|[spread] \n|-activate|p1a: Palafin|move: Protect\n|-activate|p1b: Flutter Mane|move: Protect\n|\n|upkeep\n|turn|6\n|inactive|Tapu Kyle has 30 seconds left.\n|\n|t:|1681874556\n|move|p2a: Flutter Mane|Protect|p2a: Flutter Mane\n|-singleturn|p2a: Flutter Mane|Protect\n|move|p1b: Flutter Mane|Dazzling Gleam|p2a: Flutter Mane|[spread] p2b\n|-activate|p2a: Flutter Mane|move: Protect\n|-supereffective|p2b: Iron Hands\n|-damage|p2b: Iron Hands|41\/100\n|-damage|p1b: Flutter Mane|22\/100|[from] item: Life Orb\n|move|p1a: Palafin|Wave Crash|p2a: Flutter Mane\n|-activate|p2a: Flutter Mane|move: Protect\n|move|p2b: Iron Hands|Wild Charge|p1a: Palafin\n|-supereffective|p1a: Palafin\n|-damage|p1a: Palafin|0 fnt\n|faint|p1a: Palafin\n|-damage|p2b: Iron Hands|22\/100|[from] Recoil\n|\n|upkeep\n|\n|t:|1681874558\n|switch|p1a: Great Tusk|Great Tusk, L50|100\/100\n|turn|7\n|l|\u2606Tapu Kyle\n|inactive|Tapu Kyle disconnected and has a minute to reconnect!\n|player|p2|\n|inactive|Tapu Kyle has 30 seconds left.\n|inactive|Tapu Kyle has 20 seconds left.\n|inactive|Tapu Kyle has 15 seconds left.\n|inactive|Tapu Kyle has 10 seconds left.\n|inactive|Tapu Kyle has 5 seconds left.\n|-message|Tapu Kyle lost due to inactivity.\n|\n|win|Asd4321\n|raw|Asd4321's rating: 1255 → 1273<\/strong> (+18 for winning)\n|raw|Tapu Kyle's rating: 1150 → 1132<\/strong> (-18 for losing)\n","uploadtime":1681874619,"views":6,"p1id":"asd4321","p2id":"tapukyle","formatid":"gen9vgc2023regulationc","rating":1132,"private":0,"password":""}