{"id":"gen9vgc2023regulationc-1861264648","p1":"your local x-9","p2":"Valsi19","format":"[Gen 9] VGC 2023 Regulation C","log":"|j|\u2606your local x-9\n|j|\u2606Valsi19\n|t:|1683740714\n|gametype|doubles\n|player|p1|your local x-9|dahlia|1326\n|player|p2|Valsi19|lady-gen4|1231\n|teamsize|p1|6\n|teamsize|p2|6\n|gen|9\n|tier|[Gen 9] VGC 2023 Regulation C\n|rated|\n|rule|Species Clause: Limit one of each Pok\u00e9mon\n|rule|Item Clause: Limit one of each item\n|clearpoke\n|poke|p1|Gholdengo, L50|\n|poke|p1|Maushold-Four, L50|\n|poke|p1|Flutter Mane, L50|\n|poke|p1|Wo-Chien, L50|\n|poke|p1|Palafin, L50, M|\n|poke|p1|Ceruledge, L50, M|\n|poke|p2|Annihilape, L50, F|\n|poke|p2|Maushold-Four, L50|\n|poke|p2|Ting-Lu, L50|\n|poke|p2|Palafin, L50, M|\n|poke|p2|Flutter Mane, L50|\n|poke|p2|Amoonguss, L50, F|\n|teampreview|4\nyour local x-9 has agreed to open team sheets.\n|inactive|Battle timer is ON: inactive players will automatically lose when time's up. (requested by Valsi19)\n|\n|t:|1683740746\n|start\n|switch|p1a: Ceruledge|Ceruledge, L50, M|100\/100\n|switch|p1b: Maushold|Maushold-Four, L50|100\/100\n|switch|p2a: Maushold|Maushold-Four, L50|100\/100\n|switch|p2b: Annihilape|Annihilape, L50, F|100\/100\n|turn|1\n|\n|t:|1683740762\n|-terastallize|p2b: Annihilape|Fire\n|move|p1b: Maushold|Protect|p1b: Maushold\n|-singleturn|p1b: Maushold|Protect\n|move|p2a: Maushold|Follow Me|p2a: Maushold\n|-singleturn|p2a: Maushold|move: Follow Me\n|move|p1a: Ceruledge|Bulk Up|p1a: Ceruledge\n|-boost|p1a: Ceruledge|atk|1\n|-boost|p1a: Ceruledge|def|1\n|move|p2b: Annihilape|Bulk Up|p2b: Annihilape\n|-boost|p2b: Annihilape|atk|1\n|-boost|p2b: Annihilape|def|1\n|\n|upkeep\n|turn|2\n|\n|t:|1683740784\n|move|p1b: Maushold|Encore|p2b: Annihilape\n|-start|p2b: Annihilape|Encore\n|move|p1a: Ceruledge|Bitter Blade|p2a: Maushold\n|-damage|p2a: Maushold|39\/100\n|move|p2a: Maushold|Super Fang|p1b: Maushold\n|-damage|p1b: Maushold|50\/100\n|move|p2b: Annihilape|Bulk Up|p2b: Annihilape\n|-boost|p2b: Annihilape|atk|1\n|-boost|p2b: Annihilape|def|1\n|\n|upkeep\n|turn|3\n|\n|t:|1683740806\n|switch|p1b: Palafin|Palafin, L50, M|100\/100\n|move|p2a: Maushold|Protect|p2a: Maushold\n|-singleturn|p2a: Maushold|Protect\n|move|p1a: Ceruledge|Bulk Up|p1a: Ceruledge\n|-boost|p1a: Ceruledge|atk|1\n|-boost|p1a: Ceruledge|def|1\n|move|p2b: Annihilape|Bulk Up|p2b: Annihilape\n|-boost|p2b: Annihilape|atk|1\n|-boost|p2b: Annihilape|def|1\n|\n|upkeep\n|turn|4\n|\n|t:|1683740820\n|detailschange|p1b: Palafin|Palafin-Hero, L50, M\n|switch|p1b: Maushold|Maushold-Four, L50|50\/100\n|move|p2a: Maushold|Follow Me|p2a: Maushold\n|-singleturn|p2a: Maushold|move: Follow Me\n|move|p1a: Ceruledge|Bitter Blade|p2a: Maushold\n|-damage|p2a: Maushold|0 fnt\n|faint|p2a: Maushold\n|move|p2b: Annihilape|Bulk Up|p2b: Annihilape\n|-boost|p2b: Annihilape|atk|1\n|-boost|p2b: Annihilape|def|1\n|\n|-end|p2b: Annihilape|Encore\n|upkeep\n|\n|t:|1683740832\n|switch|p2a: Flutter Mane|Flutter Mane, L50|100\/100\n|turn|5\n|\n|t:|1683740842\n|move|p2a: Flutter Mane|Protect|p2a: Flutter Mane\n|-singleturn|p2a: Flutter Mane|Protect\n|move|p2b: Annihilape|Protect|p2b: Annihilape\n|-singleturn|p2b: Annihilape|Protect\n|move|p1a: Ceruledge|Shadow Sneak|p2a: Flutter Mane\n|-activate|p2a: Flutter Mane|move: Protect\n|move|p1b: Maushold|Encore|p2b: Annihilape\n|-activate|p2b: Annihilape|move: Protect\n|\n|upkeep\n|turn|6\n|\n|t:|1683740856\n|move|p1a: Ceruledge|Shadow Sneak|p2a: Flutter Mane\n|-supereffective|p2a: Flutter Mane\n|-enditem|p2a: Flutter Mane|Focus Sash\n|-damage|p2a: Flutter Mane|1\/100\n|move|p2a: Flutter Mane|Moonblast|p1b: Maushold\n|-damage|p1b: Maushold|0 fnt\n|faint|p1b: Maushold\n|move|p2b: Annihilape|Bulk Up|p2b: Annihilape\n|-boost|p2b: Annihilape|atk|1\n|-boost|p2b: Annihilape|def|1\n|\n|upkeep\n|\n|t:|1683740868\n|switch|p1b: Palafin|Palafin-Hero, L50, M|100\/100\n|-activate|p1b: Palafin|ability: Zero to Hero\n|turn|7\n|\n|t:|1683740883\n|move|p2a: Flutter Mane|Protect|p2a: Flutter Mane\n|-singleturn|p2a: Flutter Mane|Protect\n|move|p1a: Ceruledge|Shadow Sneak|p2a: Flutter Mane\n|-activate|p2a: Flutter Mane|move: Protect\n|move|p1b: Palafin|Haze|p1b: Palafin\n|-clearallboost\n|move|p2b: Annihilape|Drain Punch|p1b: Palafin\n|-damage|p1b: Palafin|72\/100\n|\n|upkeep\n|turn|8\n|c|\u2606your local x-9|you thought\n|inactive|Valsi19 has 30 seconds left.\n|-message|Valsi19 forfeited.\n|\n|win|your local x-9\n|raw|your local x-9's rating: 1326 → 1341<\/strong> (+15 for winning)\n|raw|Valsi19's rating: 1231 → 1213<\/strong> (-18 for losing)\n|l|\u2606Valsi19\n","uploadtime":1683740917,"views":12,"p1id":"yourlocalx9","p2id":"valsi19","formatid":"gen9vgc2023regulationc","rating":1213,"private":0,"password":""}