{"id":"gen9vgc2023regulationc-1863676345","p1":"tatsuwin","p2":"rodjilius","format":"[Gen 9] VGC 2023 Regulation C","log":"|j|\u2606tatsuwin\n|j|\u2606rodjilius\n|t:|1684057857\n|gametype|doubles\n|player|p1|tatsuwin|266|1327\n|player|p2|rodjilius|169|1280\n|teamsize|p1|6\n|teamsize|p2|6\n|gen|9\n|tier|[Gen 9] VGC 2023 Regulation C\n|rated|\n|rule|Species Clause: Limit one of each Pok\u00e9mon\n|rule|Item Clause: Limit one of each item\n|clearpoke\n|poke|p1|Iron Hands, L50|\n|poke|p1|Gyarados, L50, F|\n|poke|p1|Amoonguss, L50, M|\n|poke|p1|Ting-Lu, L50|\n|poke|p1|Chi-Yu, L50|\n|poke|p1|Flutter Mane, L50|\n|poke|p2|Gholdengo, L50|\n|poke|p2|Chi-Yu, L50|\n|poke|p2|Iron Bundle, L50|\n|poke|p2|Corviknight, L50, M|\n|poke|p2|Glimmora, L50, M|\n|poke|p2|Grimmsnarl, L50, M|\n|teampreview|4\ntatsuwin has agreed to open team sheets.\n|inactive|Battle timer is ON: inactive players will automatically lose when time's up. (requested by rodjilius)\n|inactive|tatsuwin has 60 seconds left.\n|inactive|rodjilius has 60 seconds left.\n|inactive|tatsuwin has 30 seconds left.\n|inactive|rodjilius has 30 seconds left.\n|\n|t:|1684057925\n|start\n|switch|p1a: Iron Hands|Iron Hands, L50|100\/100\n|switch|p1b: Chi-Yu|Chi-Yu, L50|100\/100\n|switch|p2a: Gholdengo|Gholdengo, L50|100\/100\n|switch|p2b: Grimmsnarl|Grimmsnarl, L50, M|100\/100\n|-ability|p1b: Chi-Yu|Beads of Ruin\n|turn|1\n|inactive|tatsuwin has 30 seconds left.\n|inactive|rodjilius has 30 seconds left.\n|inactive|rodjilius has 20 seconds left.\n|\n|t:|1684057963\n|move|p2b: Grimmsnarl|Fake Out|p1b: Chi-Yu\n|-damage|p1b: Chi-Yu|86\/100\n|move|p2a: Gholdengo|Make It Rain|p1a: Iron Hands|[spread] p1a,p1b\n|-resisted|p1a: Iron Hands\n|-resisted|p1b: Chi-Yu\n|-damage|p1a: Iron Hands|86\/100\n|-damage|p1b: Chi-Yu|65\/100\n|-unboost|p2a: Gholdengo|spa|1\n|cant|p1b: Chi-Yu|flinch\n|move|p1a: Iron Hands|Volt Switch|p2a: Gholdengo\n|-damage|p2a: Gholdengo|82\/100\n|\n|t:|1684057976\n|-end|p1a: Iron Hands|Quark Drive|[silent]\n|switch|p1a: Flutter Mane|Flutter Mane, L50|100\/100|[from] Volt Switch\n|-enditem|p1a: Flutter Mane|Booster Energy\n|-activate|p1a: Flutter Mane|ability: Protosynthesis|[fromitem]\n|-start|p1a: Flutter Mane|protosynthesisspa\n|\n|upkeep\n|turn|2\n|inactive|tatsuwin has 30 seconds left.\n|\n|t:|1684058002\n|move|p1a: Flutter Mane|Protect|p1a: Flutter Mane\n|-singleturn|p1a: Flutter Mane|Protect\n|move|p2b: Grimmsnarl|Light Screen|p2b: Grimmsnarl\n|-sidestart|p2: rodjilius|move: Light Screen\n|move|p2a: Gholdengo|Make It Rain|p1a: Flutter Mane|[spread] p1b\n|-activate|p1a: Flutter Mane|move: Protect\n|-resisted|p1b: Chi-Yu\n|-damage|p1b: Chi-Yu|50\/100\n|-unboost|p2a: Gholdengo|spa|1\n|move|p1b: Chi-Yu|Heat Wave|p2b: Grimmsnarl|[spread] p2a,p2b\n|-supereffective|p2a: Gholdengo\n|-damage|p2a: Gholdengo|8\/100\n|-damage|p2b: Grimmsnarl|66\/100\n|-status|p2a: Gholdengo|brn\n|\n|-damage|p2a: Gholdengo|2\/100 brn|[from] brn\n|upkeep\n|turn|3\n|inactive|tatsuwin has 30 seconds left.\n|inactive|rodjilius has 30 seconds left.\n|inactive|tatsuwin has 20 seconds left.\n|inactive|tatsuwin has 15 seconds left.\n|\n|t:|1684058046\n|switch|p2a: Glimmora|Glimmora, L50, M|100\/100\n|-end|p1a: Flutter Mane|Protosynthesis|[silent]\n|switch|p1a: Ting-Lu|Ting-Lu, L50|100\/100\n|-ability|p1a: Ting-Lu|Vessel of Ruin\n|move|p1b: Chi-Yu|Nasty Plot|p1b: Chi-Yu\n|-boost|p1b: Chi-Yu|spa|2\n|move|p2b: Grimmsnarl|Spirit Break|p1b: Chi-Yu\n|-damage|p1b: Chi-Yu|8\/100\n|-unboost|p1b: Chi-Yu|spa|1\n|\n|upkeep\n|turn|4\n|inactive|rodjilius has 30 seconds left.\n|\n|t:|1684058071\n|move|p2a: Glimmora|Spiky Shield|p2a: Glimmora\n|-singleturn|p2a: Glimmora|move: Protect\n|move|p1b: Chi-Yu|Heat Wave|p2b: Grimmsnarl|[spread] p2b\n|-activate|p2a: Glimmora|move: Protect\n|-damage|p2b: Grimmsnarl|30\/100\n|move|p2b: Grimmsnarl|Spirit Break|p1b: Chi-Yu\n|-damage|p1b: Chi-Yu|0 fnt\n|faint|p1b: Chi-Yu\n|move|p1a: Ting-Lu|Stomping Tantrum|p2a: Glimmora\n|-activate|p2a: Glimmora|move: Protect\n|-damage|p1a: Ting-Lu|88\/100|[from] Spiky Shield|[of] p2a: Glimmora\n|\n|-heal|p1a: Ting-Lu|94\/100|[from] item: Leftovers\n|upkeep\n|\n|t:|1684058086\n|switch|p1b: Iron Hands|Iron Hands, L50|86\/100\n|turn|5\n|inactive|tatsuwin has 30 seconds left.\n|\n|t:|1684058115\n|-terastallize|p2a: Glimmora|Grass\n|move|p1b: Iron Hands|Fake Out|p2b: Grimmsnarl\n|-damage|p2b: Grimmsnarl|16\/100\n|cant|p2b: Grimmsnarl|flinch\n|move|p2a: Glimmora|Mortal Spin|p1b: Iron Hands|[spread] p1a,p1b\n|-resisted|p1a: Ting-Lu\n|-crit|p1a: Ting-Lu\n|-damage|p1a: Ting-Lu|92\/100\n|-damage|p1b: Iron Hands|83\/100\n|-status|p1a: Ting-Lu|psn\n|-status|p1b: Iron Hands|psn\n|move|p1a: Ting-Lu|Stomping Tantrum|p2a: Glimmora\n|-resisted|p2a: Glimmora\n|-damage|p2a: Glimmora|82\/100\n|-activate|p2a: Glimmora|ability: Toxic Debris\n|-sidestart|p1: tatsuwin|move: Toxic Spikes\n|\n|-heal|p1a: Ting-Lu|98\/100 psn|[from] item: Leftovers\n|-damage|p1b: Iron Hands|71\/100 psn|[from] psn\n|-damage|p1a: Ting-Lu|86\/100 psn|[from] psn\n|upkeep\n|turn|6\n|inactive|tatsuwin has 30 seconds left.\n|inactive|rodjilius has 30 seconds left.\n|inactive|tatsuwin has 20 seconds left.\n|\n|t:|1684058153\n|move|p2b: Grimmsnarl|Reflect|p2b: Grimmsnarl\n|-sidestart|p2: rodjilius|Reflect\n|move|p2a: Glimmora|Earth Power|p1b: Iron Hands\n|-supereffective|p1b: Iron Hands\n|-damage|p1b: Iron Hands|49\/100 psn\n|move|p1b: Iron Hands|Volt Switch|p2a: Glimmora\n|-resisted|p2a: Glimmora\n|-damage|p2a: Glimmora|78\/100\n|\n|t:|1684058160\n|-end|p1b: Iron Hands|Quark Drive|[silent]\n|switch|p1b: Flutter Mane|Flutter Mane, L50|100\/100|[from] Volt Switch\n|-status|p1b: Flutter Mane|psn\n|move|p1a: Ting-Lu|Heavy Slam|p2b: Grimmsnarl\n|-supereffective|p2b: Grimmsnarl\n|-damage|p2b: Grimmsnarl|0 fnt\n|faint|p2b: Grimmsnarl\n|\n|-heal|p1a: Ting-Lu|92\/100 psn|[from] item: Leftovers\n|-damage|p1b: Flutter Mane|89\/100 psn|[from] psn\n|-damage|p1a: Ting-Lu|79\/100 psn|[from] psn\n|-sideend|p2: rodjilius|move: Light Screen\n|upkeep\n|\n|t:|1684058173\n|switch|p2b: Gholdengo|Gholdengo, L50|2\/100 brn\n|turn|7\n|\n|t:|1684058181\n|move|p1b: Flutter Mane|Protect|p1b: Flutter Mane\n|-singleturn|p1b: Flutter Mane|Protect\n|move|p2a: Glimmora|Spiky Shield|p2a: Glimmora\n|-singleturn|p2a: Glimmora|move: Protect\n|move|p2b: Gholdengo|Make It Rain|p1b: Flutter Mane|[spread] p1a\n|-activate|p1b: Flutter Mane|move: Protect\n|-damage|p1a: Ting-Lu|56\/100 psn\n|-unboost|p2b: Gholdengo|spa|1\n|move|p1a: Ting-Lu|Ruination|p2a: Glimmora\n|-activate|p2a: Glimmora|move: Protect\n|\n|-heal|p1a: Ting-Lu|62\/100 psn|[from] item: Leftovers\n|-damage|p1b: Flutter Mane|77\/100 psn|[from] psn\n|-damage|p1a: Ting-Lu|49\/100 psn|[from] psn\n|-damage|p2b: Gholdengo|0 fnt|[from] brn\n|faint|p2b: Gholdengo\n|upkeep\n|\n|t:|1684058199\n|switch|p2b: Corviknight|Corviknight, L50, M|100\/100\n|turn|8\n|inactive|tatsuwin has 30 seconds left.\n|\n|t:|1684058226\n|-terastallize|p1b: Flutter Mane|Fairy\n|move|p1b: Flutter Mane|Moonblast|p2a: Glimmora\n|-damage|p2a: Glimmora|17\/100\n|move|p2a: Glimmora|Power Gem|p1b: Flutter Mane\n|-damage|p1b: Flutter Mane|53\/100 psn\n|move|p2b: Corviknight|Iron Head|p1b: Flutter Mane\n|-supereffective|p1b: Flutter Mane\n|-damage|p1b: Flutter Mane|0 fnt\n|faint|p1b: Flutter Mane\n|-end|p1b: Flutter Mane|Protosynthesis|[silent]\n|move|p1a: Ting-Lu|Ruination|p2b: Corviknight\n|-damage|p2b: Corviknight|51\/100\n|\n|-heal|p2b: Corviknight|57\/100|[from] item: Leftovers\n|-heal|p1a: Ting-Lu|55\/100 psn|[from] item: Leftovers\n|-damage|p1a: Ting-Lu|43\/100 psn|[from] psn\n|upkeep\n|\n|t:|1684058242\n|switch|p1b: Iron Hands|Iron Hands, L50|49\/100 psn\n|turn|9\n|\n|t:|1684058267\n|move|p2a: Glimmora|Spiky Shield|p2a: Glimmora\n|-singleturn|p2a: Glimmora|move: Protect\n|move|p2b: Corviknight|Protect|p2b: Corviknight\n|-singleturn|p2b: Corviknight|Protect\n|move|p1b: Iron Hands|Fake Out|p2b: Corviknight\n|-activate|p2b: Corviknight|move: Protect\n|move|p1a: Ting-Lu|Heavy Slam|p2a: Glimmora\n|-activate|p2a: Glimmora|move: Protect\n|-damage|p1a: Ting-Lu|30\/100 psn|[from] Spiky Shield|[of] p2a: Glimmora\n|\n|-heal|p2b: Corviknight|62\/100|[from] item: Leftovers\n|-heal|p1a: Ting-Lu|36\/100 psn|[from] item: Leftovers\n|-damage|p1b: Iron Hands|36\/100 psn|[from] psn\n|-damage|p1a: Ting-Lu|24\/100 psn|[from] psn\n|upkeep\n|turn|10\n|inactive|rodjilius has 30 seconds left.\n|\n|t:|1684058300\n|move|p2a: Glimmora|Earth Power|p1b: Iron Hands\n|-supereffective|p1b: Iron Hands\n|-damage|p1b: Iron Hands|15\/100 psn\n|move|p2b: Corviknight|Brave Bird|p1a: Ting-Lu\n|-damage|p1a: Ting-Lu|2\/100 psn\n|-damage|p2b: Corviknight|52\/100|[from] Recoil\n|move|p1b: Iron Hands|Wild Charge|p2b: Corviknight\n|-supereffective|p2b: Corviknight\n|-damage|p2b: Corviknight|0 fnt\n|faint|p2b: Corviknight\n|-damage|p1b: Iron Hands|6\/100 psn|[from] Recoil\n|move|p1a: Ting-Lu|Heavy Slam|p2a: Glimmora\n|-damage|p2a: Glimmora|0 fnt\n|-activate|p2a: Glimmora|ability: Toxic Debris\n|-sidestart|p1: tatsuwin|move: Toxic Spikes\n|faint|p2a: Glimmora\n|\n|win|tatsuwin\n|raw|tatsuwin's rating: 1327 → 1344<\/strong> (+17 for winning)\n|raw|rodjilius's rating: 1280 → 1258<\/strong> (-22 for losing)\n|l|\u2606rodjilius\n","uploadtime":1684058483,"views":4,"p1id":"tatsuwin","p2id":"rodjilius","formatid":"gen9vgc2023regulationc","rating":1258,"private":0,"password":""}