{"id":"gen9vgc2023regulationc-1848087152","p1":"pls be kind to me","p2":"elitesnorlaxuser","format":"[Gen 9] VGC 2023 Regulation C","log":"|j|\u2606pls be kind to me\n|j|\u2606elitesnorlaxuser\n|t:|1682028181\n|gametype|doubles\n|player|p1|pls be kind to me|flannery|1254\n|player|p2|elitesnorlaxuser|1|1271\n|teamsize|p1|6\n|teamsize|p2|6\n|gen|9\n|tier|[Gen 9] VGC 2023 Regulation C\n|rated|\n|rule|Species Clause: Limit one of each Pok\u00e9mon\n|rule|Item Clause: Limit one of each item\n|clearpoke\n|poke|p1|Chi-Yu, L50|\n|poke|p1|Flutter Mane, L50|\n|poke|p1|Corviknight, L50, F|\n|poke|p1|Baxcalibur, L50, M|\n|poke|p1|Scream Tail, L50|\n|poke|p1|Rotom-Wash, L50|\n|poke|p2|Rotom-Wash, L50|\n|poke|p2|Baxcalibur, L50, F|\n|poke|p2|Amoonguss, L50, F|\n|poke|p2|Arcanine, L50, F|\n|poke|p2|Corviknight, L50, F|\n|poke|p2|Flutter Mane, L50|\n|teampreview|4\npls be kind to me has agreed to open team sheets.\nelitesnorlaxuser has agreed to open team sheets.\n|c|\u2606elitesnorlaxuser|i like your team\n|c|\u2606elitesnorlaxuser|it is interesting\n|c|\u2606pls be kind to me|thanks!\n|c|\u2606pls be kind to me|it's kinda bad, but it's fun\n|\n|t:|1682028298\n|start\n|switch|p1a: Corviknight|Corviknight, L50, F, shiny|100\/100\n|switch|p1b: Flutter Mane|Flutter Mane, L50|100\/100\n|switch|p2a: Rotom|Rotom-Wash, L50|100\/100\n|switch|p2b: Arcanine|Arcanine, L50, F|100\/100\n|-ability|p2b: Arcanine|Intimidate|boost\n|-ability|p1a: Corviknight|Mirror Armor\n|-unboost|p2b: Arcanine|atk|1\n|-unboost|p1b: Flutter Mane|atk|1\n|turn|1\n|\n|t:|1682028349\n|switch|p1a: Baxcalibur|Baxcalibur, L50, M|100\/100\n|move|p1b: Flutter Mane|Protect|p1b: Flutter Mane\n|-singleturn|p1b: Flutter Mane|Protect\n|move|p2b: Arcanine|Protect|p2b: Arcanine\n|-singleturn|p2b: Arcanine|Protect\n|move|p2a: Rotom|Thunderbolt|p1b: Flutter Mane\n|-activate|p1b: Flutter Mane|move: Protect\n|\n|upkeep\n|turn|2\n|\n|t:|1682028390\n|switch|p2b: Amoonguss|Amoonguss, L50, F|100\/100\n|move|p1b: Flutter Mane|Dazzling Gleam|p2a: Rotom|[spread] p2a,p2b\n|-resisted|p2b: Amoonguss\n|-damage|p2a: Rotom|76\/100\n|-damage|p2b: Amoonguss|87\/100\n|move|p2a: Rotom|Thunder Wave|p1b: Flutter Mane\n|-status|p1b: Flutter Mane|par\n|move|p1a: Baxcalibur|Glaive Rush|p2a: Rotom\n|-damage|p2a: Rotom|0 fnt\n|-singlemove|p1a: Baxcalibur|Glaive Rush|[silent]\n|faint|p2a: Rotom\n|\n|upkeep\n|\n|t:|1682028401\n|switch|p2a: Flutter Mane|Flutter Mane, L50|100\/100\n|turn|3\n|\n|t:|1682028413\n|switch|p2b: Arcanine|Arcanine, L50, F|100\/100\n|-ability|p2b: Arcanine|Intimidate|boost\n|-unboost|p1a: Baxcalibur|atk|1\n|-unboost|p1b: Flutter Mane|atk|1\n|move|p1a: Baxcalibur|Protect|p1a: Baxcalibur\n|-singleturn|p1a: Baxcalibur|Protect\n|move|p2a: Flutter Mane|Substitute|p2a: Flutter Mane\n|-start|p2a: Flutter Mane|Substitute\n|-damage|p2a: Flutter Mane|76\/100\n|move|p1b: Flutter Mane|Shadow Ball|p2a: Flutter Mane\n|-supereffective|p2a: Flutter Mane\n|-end|p2a: Flutter Mane|Substitute\n|\n|-heal|p2a: Flutter Mane|82\/100|[from] item: Leftovers\n|upkeep\n|turn|4\n|\n|t:|1682028445\n|-terastallize|p1a: Baxcalibur|Poison\n|move|p2a: Flutter Mane|Moonblast|p1a: Baxcalibur\n|-resisted|p1a: Baxcalibur\n|-damage|p1a: Baxcalibur|83\/100\n|-unboost|p1a: Baxcalibur|spa|1\n|move|p2b: Arcanine|Flare Blitz|p1b: Flutter Mane\n|-crit|p1b: Flutter Mane\n|-enditem|p1b: Flutter Mane|Focus Sash\n|-damage|p1b: Flutter Mane|1\/100 par\n|-damage|p2b: Arcanine|78\/100|[from] Recoil\n|move|p1a: Baxcalibur|Icicle Spear|p2a: Flutter Mane\n|-damage|p2a: Flutter Mane|68\/100\n|-damage|p2a: Flutter Mane|55\/100\n|-damage|p2a: Flutter Mane|41\/100\n|-damage|p2a: Flutter Mane|29\/100\n|-hitcount|p2a: Flutter Mane|4\n|move|p1b: Flutter Mane|Shadow Ball|p2a: Flutter Mane\n|-supereffective|p2a: Flutter Mane\n|-damage|p2a: Flutter Mane|0 fnt\n|faint|p2a: Flutter Mane\n|-end|p2a: Flutter Mane|Protosynthesis|[silent]\n|\n|upkeep\n|\n|t:|1682028457\n|switch|p2a: Amoonguss|Amoonguss, L50, F|100\/100\n|turn|5\n|\n|t:|1682028473\n|switch|p1a: Corviknight|Corviknight, L50, F, shiny|100\/100\n|move|p2b: Arcanine|Protect|p2b: Arcanine\n|-singleturn|p2b: Arcanine|Protect\n|cant|p1b: Flutter Mane|par\n|move|p2a: Amoonguss|Spore|p1a: Corviknight\n|-activate|p1a: Corviknight|item: Safety Goggles|Spore\n|\n|upkeep\n|turn|6\n|\n|t:|1682028501\n|move|p1b: Flutter Mane|Protect|p1b: Flutter Mane\n|-singleturn|p1b: Flutter Mane|Protect\n|move|p2b: Arcanine|Extreme Speed|p1a: Corviknight\n|-resisted|p1a: Corviknight\n|-crit|p1a: Corviknight\n|-damage|p1a: Corviknight|88\/100\n|move|p1a: Corviknight|Tailwind|p1a: Corviknight\n|-sidestart|p1: pls be kind to me|move: Tailwind\n|move|p2a: Amoonguss|Pollen Puff|p1b: Flutter Mane\n|-activate|p1b: Flutter Mane|move: Protect\n|\n|upkeep\n|turn|7\n|\n|t:|1682028544\n|-terastallize|p2a: Amoonguss|Water\n|move|p1b: Flutter Mane|Shadow Ball|p2b: Arcanine\n|-damage|p2b: Arcanine|39\/100\n|move|p1a: Corviknight|Brave Bird|p2b: Arcanine\n|-damage|p2b: Arcanine|0 fnt\n|faint|p2b: Arcanine\n|-damage|p1a: Corviknight|76\/100|[from] Recoil\n|move|p2a: Amoonguss|Spore|p1a: Corviknight\n|-activate|p1a: Corviknight|item: Safety Goggles|Spore\n|\n|upkeep\n|turn|8\n|-message|elitesnorlaxuser forfeited.\n|\n|win|pls be kind to me\n|raw|pls be kind to me's rating: 1254 → 1280<\/strong> (+26 for winning)\n|raw|elitesnorlaxuser's rating: 1271 → 1245<\/strong> (-26 for losing)\n|l|\u2606elitesnorlaxuser\n","uploadtime":1682028562,"views":5,"p1id":"plsbekindtome","p2id":"elitesnorlaxuser","formatid":"gen9vgc2023regulationc","rating":1245,"private":0,"password":""}