{"id":"gen9vgc2023regulationc-1847448146","p1":"THE TENDER","p2":"t0rchlit","format":"[Gen 9] VGC 2023 Regulation C","log":"|j|\u203dTHE TENDER\n|j|\u2606t0rchlit\n|t:|1681956325\n|gametype|doubles\n|player|p1|THE TENDER|266|1371\n|player|p2|t0rchlit|lady-gen4|1279\n|teamsize|p1|6\n|teamsize|p2|6\n|gen|9\n|tier|[Gen 9] VGC 2023 Regulation C\n|rated|\n|rule|Species Clause: Limit one of each Pok\u00e9mon\n|rule|Item Clause: Limit one of each item\n|clearpoke\n|poke|p1|Ting-Lu, L50|\n|poke|p1|Dondozo, L50, M|\n|poke|p1|Flutter Mane, L50|\n|poke|p1|Talonflame, L50, M|\n|poke|p1|Chien-Pao, L50|\n|poke|p1|Dragonite, L50, M|\n|poke|p2|Flutter Mane, L50|\n|poke|p2|Arcanine, L50, F|\n|poke|p2|Palafin, L50, F|\n|poke|p2|Amoonguss, L50, M|\n|poke|p2|Lycanroc, L50, M|\n|poke|p2|Tyranitar, L50, M|\n|teampreview|4\n|inactive|Battle timer is ON: inactive players will automatically lose when time's up. (requested by THE TENDER)\nt0rchlit has agreed to open team sheets.\n|inactive|THE TENDER has 60 seconds left.\n|inactive|THE TENDER has 30 seconds left.\n|\n|t:|1681956394\n|start\n|switch|p1a: Ting-Lu|Ting-Lu, L50|100\/100\n|switch|p1b: Dondozo|Dondozo, L50, M|100\/100\n|switch|p2a: Arcanine|Arcanine, L50, F|100\/100\n|switch|p2b: Flutter Mane|Flutter Mane, L50|100\/100\n|-ability|p2a: Arcanine|Intimidate|boost\n|-unboost|p1a: Ting-Lu|atk|1\n|-unboost|p1b: Dondozo|atk|1\n|-ability|p1a: Ting-Lu|Vessel of Ruin\n|-enditem|p2b: Flutter Mane|Booster Energy\n|-activate|p2b: Flutter Mane|ability: Protosynthesis|[fromitem]\n|-start|p2b: Flutter Mane|protosynthesisspa\n|turn|1\n|inactive|t0rchlit has 30 seconds left.\n|\n|t:|1681956422\n|move|p2b: Flutter Mane|Moonblast|p1b: Dondozo\n|-damage|p1b: Dondozo|57\/100\n|move|p2a: Arcanine|Will-O-Wisp|p1a: Ting-Lu|[miss]\n|-miss|p2a: Arcanine|p1a: Ting-Lu\n|move|p1a: Ting-Lu|Stealth Rock|p2a: Arcanine\n|-sidestart|p2: t0rchlit|move: Stealth Rock\n|move|p1b: Dondozo|Yawn|p2b: Flutter Mane\n|-start|p2b: Flutter Mane|move: Yawn|[of] p1b: Dondozo\n|\n|-heal|p1b: Dondozo|64\/100|[from] item: Leftovers\n|upkeep\n|turn|2\n|c|\u2606t0rchlit|damn\n|inactive|t0rchlit has 30 seconds left.\n|\n|t:|1681956449\n|move|p2b: Flutter Mane|Moonblast|p1b: Dondozo\n|-crit|p1b: Dondozo\n|-damage|p1b: Dondozo|0 fnt\n|faint|p1b: Dondozo\n|move|p2a: Arcanine|Will-O-Wisp|p2b: Flutter Mane\n|-status|p2b: Flutter Mane|brn\n|move|p1a: Ting-Lu|Ruination|p2b: Flutter Mane\n|-damage|p2b: Flutter Mane|50\/100 brn\n|\n|-damage|p2b: Flutter Mane|45\/100 brn|[from] brn\n|-end|p2b: Flutter Mane|move: Yawn|[silent]\n|upkeep\n|inactive|THE TENDER has 30 seconds left.\n|inactive|THE TENDER has 20 seconds left.\n|inactive|THE TENDER has 15 seconds left.\n|inactive|THE TENDER has 10 seconds left.\n|\n|t:|1681956497\n|switch|p1b: Dragonite|Dragonite, L50, M|100\/100\n|turn|3\n|\n|t:|1681956515\n|-terastallize|p1b: Dragonite|Normal\n|move|p2b: Flutter Mane|Protect|p2b: Flutter Mane\n|-singleturn|p2b: Flutter Mane|Protect\n|move|p1b: Dragonite|Extreme Speed|p2a: Arcanine\n|-damage|p2a: Arcanine|21\/100\n|move|p2a: Arcanine|Will-O-Wisp|p1b: Dragonite\n|-status|p1b: Dragonite|brn\n|move|p1a: Ting-Lu|Body Press|p2a: Arcanine\n|-damage|p2a: Arcanine|0 fnt\n|faint|p2a: Arcanine\n|\n|-damage|p2b: Flutter Mane|39\/100 brn|[from] brn\n|-damage|p1b: Dragonite|94\/100 brn|[from] brn\n|upkeep\n|inactive|t0rchlit has 30 seconds left.\n|\n|t:|1681956547\n|switch|p2a: Lycanroc|Lycanroc, L50, M|100\/100\n|-damage|p2a: Lycanroc|88\/100|[from] Stealth Rock\n|turn|4\n|\n|t:|1681956564\n|move|p1b: Dragonite|Extreme Speed|p2a: Lycanroc\n|-resisted|p2a: Lycanroc\n|-damage|p2a: Lycanroc|62\/100\n|move|p2b: Flutter Mane|Moonblast|p1a: Ting-Lu\n|-supereffective|p1a: Ting-Lu\n|-damage|p1a: Ting-Lu|29\/100\n|-enditem|p1a: Ting-Lu|Sitrus Berry|[eat]\n|-heal|p1a: Ting-Lu|54\/100|[from] item: Sitrus Berry\n|move|p2a: Lycanroc|Close Combat|p1a: Ting-Lu\n|-supereffective|p1a: Ting-Lu\n|-damage|p1a: Ting-Lu|17\/100\n|-unboost|p2a: Lycanroc|def|1\n|-unboost|p2a: Lycanroc|spd|1\n|move|p1a: Ting-Lu|Ruination|p2b: Flutter Mane\n|-damage|p2b: Flutter Mane|20\/100 brn\n|\n|-damage|p2b: Flutter Mane|14\/100 brn|[from] brn\n|-damage|p1b: Dragonite|88\/100 brn|[from] brn\n|upkeep\n|turn|5\n|inactive|t0rchlit has 30 seconds left.\n|\n|t:|1681956591\n|move|p1b: Dragonite|Extreme Speed|p2a: Lycanroc\n|-resisted|p2a: Lycanroc\n|-damage|p2a: Lycanroc|18\/100\n|move|p2b: Flutter Mane|Dazzling Gleam|p1a: Ting-Lu|[spread] p1a,p1b\n|-supereffective|p1a: Ting-Lu\n|-damage|p1a: Ting-Lu|0 fnt\n|-damage|p1b: Dragonite|59\/100 brn\n|faint|p1a: Ting-Lu\n|move|p2a: Lycanroc|Close Combat|p1b: Dragonite\n|-supereffective|p1b: Dragonite\n|-damage|p1b: Dragonite|0 fnt\n|-unboost|p2a: Lycanroc|def|1\n|-unboost|p2a: Lycanroc|spd|1\n|faint|p1b: Dragonite\n|\n|-damage|p2b: Flutter Mane|8\/100 brn|[from] brn\n|upkeep\n|\n|t:|1681956609\n|switch|p1b: Chien-Pao|Chien-Pao, L50|100\/100\n|-ability|p1b: Chien-Pao|Sword of Ruin\n|turn|6\n|inactive|THE TENDER has 30 seconds left.\n|\n|t:|1681956635\n|move|p1b: Chien-Pao|Sucker Punch|p2a: Lycanroc\n|-damage|p2a: Lycanroc|0 fnt\n|faint|p2a: Lycanroc\n|move|p2b: Flutter Mane|Moonblast|p1b: Chien-Pao\n|-supereffective|p1b: Chien-Pao\n|-enditem|p1b: Chien-Pao|Focus Sash\n|-damage|p1b: Chien-Pao|1\/100\n|\n|-damage|p2b: Flutter Mane|3\/100 brn|[from] brn\n|upkeep\n|\n|t:|1681956638\n|switch|p2a: Amoongsus|Amoonguss, L50, M|100\/100\n|-damage|p2a: Amoongsus|88\/100|[from] Stealth Rock\n|turn|7\n|\n|t:|1681956649\n|move|p1b: Chien-Pao|Ice Spinner|p2a: Amoongsus\n|-supereffective|p2a: Amoongsus\n|-damage|p2a: Amoongsus|0 fnt\n|faint|p2a: Amoongsus\n|move|p2b: Flutter Mane|Moonblast|p1b: Chien-Pao\n|-supereffective|p1b: Chien-Pao\n|-damage|p1b: Chien-Pao|0 fnt\n|faint|p1b: Chien-Pao\n|\n|win|t0rchlit\n|raw|THE TENDER's rating: 1371 → 1346<\/strong> (-25 for losing)\n|raw|t0rchlit's rating: 1279 → 1310<\/strong> (+31 for winning)\n|c|\u2606t0rchlit|gg\n","uploadtime":1681956657,"views":3,"p1id":"thetender","p2id":"t0rchlit","formatid":"gen9vgc2023regulationc","rating":1310,"private":0,"password":""}