{"id":"gen9vgc2023regulationc-1855751152","p1":"T8XICIDAD","p2":"bloogle654321","format":"[Gen 9] VGC 2023 Regulation C","log":"|j|\u2606T8XICIDAD\n|j|\u2606bloogle654321\n|t:|1682979916\n|gametype|doubles\n|player|p1|T8XICIDAD|clair|1110\n|player|p2|bloogle654321|hilda|1114\n|teamsize|p1|6\n|teamsize|p2|6\n|gen|9\n|tier|[Gen 9] VGC 2023 Regulation C\n|rated|\n|rule|Species Clause: Limit one of each Pok\u00e9mon\n|rule|Item Clause: Limit one of each item\n|clearpoke\n|poke|p1|Amoonguss, L50, F|\n|poke|p1|Palafin, L50, F|\n|poke|p1|Arcanine, L50, M|\n|poke|p1|Flutter Mane, L50|\n|poke|p1|Ting-Lu, L50|\n|poke|p1|Kingambit, L50, F|\n|poke|p2|Flutter Mane, L50|\n|poke|p2|Amoonguss, L50, F|\n|poke|p2|Arcanine, L50, M|\n|poke|p2|Palafin, L50, M|\n|poke|p2|Rotom-Wash, L50|\n|poke|p2|Toxicroak, L50, F|\n|teampreview|4\nT8XICIDAD rejected open team sheets.\n|\n|t:|1682979973\n|start\n|switch|p1a: Arcanine|Arcanine, L50, M|100\/100\n|switch|p1b: Amoonguss|Amoonguss, L50, F|100\/100\n|switch|p2a: Toxicroak|Toxicroak, L50, F|100\/100\n|switch|p2b: Palafin|Palafin, L50, M|100\/100\n|-ability|p1a: Arcanine|Intimidate|boost\n|-unboost|p2a: Toxicroak|atk|1\n|-unboost|p2b: Palafin|atk|1\n|turn|1\n|\n|t:|1682980025\n|-terastallize|p2b: Palafin|Water\n|move|p2a: Toxicroak|Fake Out|p1b: Amoonguss\n|-damage|p1b: Amoonguss|95\/100\n|-damage|p2a: Toxicroak|84\/100|[from] item: Rocky Helmet|[of] p1b: Amoonguss\n|cant|p1b: Amoonguss|flinch\n|move|p2b: Palafin|Wave Crash|p1a: Arcanine\n|-supereffective|p1a: Arcanine\n|-damage|p1a: Arcanine|2\/100\n|-damage|p2b: Palafin|65\/100|[from] Recoil\n|move|p1a: Arcanine|Will-O-Wisp|p2a: Toxicroak\n|-status|p2a: Toxicroak|brn\n|\n|-damage|p2a: Toxicroak|78\/100 brn|[from] brn\n|upkeep\n|turn|2\n|\n|t:|1682980055\n|detailschange|p2b: Palafin|Palafin-Hero, L50, M, tera:Water\n|switch|p2b: Amoonguss|Amoonguss, L50, F|100\/100\n|move|p2a: Toxicroak|Feint|p1a: Arcanine\n|-damage|p1a: Arcanine|0 fnt\n|faint|p1a: Arcanine\n|move|p1b: Amoonguss|Rage Powder|p1b: Amoonguss\n|-singleturn|p1b: Amoonguss|move: Rage Powder\n|\n|-damage|p2a: Toxicroak|72\/100 brn|[from] brn\n|upkeep\n|\n|t:|1682980064\n|switch|p1a: Ting-Lu|Ting-Lu, L50|100\/100\n|-ability|p1a: Ting-Lu|Vessel of Ruin\n|turn|3\n|\n|t:|1682980094\n|switch|p2a: Rotom|Rotom-Wash, L50|100\/100\n|-terastallize|p1a: Ting-Lu|Grass\n|move|p1b: Amoonguss|Rage Powder|p1b: Amoonguss\n|-singleturn|p1b: Amoonguss|move: Rage Powder\n|move|p1a: Ting-Lu|Stomping Tantrum|p2b: Amoonguss\n|-damage|p2b: Amoonguss|74\/100\n|move|p2b: Amoonguss|Spore|p1a: Ting-Lu\n|-immune|p1a: Ting-Lu\n|\n|upkeep\n|turn|4\n|inactive|Battle timer is ON: inactive players will automatically lose when time's up. (requested by T8XICIDAD)\n|\n|t:|1682980192\n|switch|p2b: Toxicroak|Toxicroak, L50, F|72\/100 brn\n|move|p2a: Rotom|Trick|p1a: Ting-Lu\n|-activate|p2a: Rotom|move: Trick|[of] p1a: Ting-Lu\n|-item|p1a: Ting-Lu|Choice Specs|[from] move: Trick\n|-item|p2a: Rotom|Assault Vest|[from] move: Trick\n|move|p1a: Ting-Lu|Ruination|p2b: Toxicroak\n|-damage|p2b: Toxicroak|36\/100 brn\n|move|p1b: Amoonguss|Spore|p2a: Rotom\n|-status|p2a: Rotom|slp|[from] move: Spore\n|\n|-damage|p2b: Toxicroak|30\/100 brn|[from] brn\n|upkeep\n|turn|5\n|inactive|T8XICIDAD has 30 seconds left.\n|inactive|bloogle654321 has 30 seconds left.\n|\n|t:|1682980226\n|move|p1b: Amoonguss|Rage Powder|p1b: Amoonguss\n|-singleturn|p1b: Amoonguss|move: Rage Powder\n|cant|p2a: Rotom|slp\n|move|p2b: Toxicroak|Poison Jab|p1b: Amoonguss\n|-damage|p1b: Amoonguss|84\/100\n|-damage|p2b: Toxicroak|13\/100 brn|[from] item: Rocky Helmet|[of] p1b: Amoonguss\n|move|p1a: Ting-Lu|Ruination|p2a: Rotom\n|-damage|p2a: Rotom|51\/100 slp\n|\n|-damage|p2b: Toxicroak|7\/100 brn|[from] brn\n|upkeep\n|turn|6\n|inactive|bloogle654321 has 30 seconds left.\n|\n|t:|1682980260\n|switch|p2b: Amoonguss|Amoonguss, L50, F|100\/100\n|move|p1b: Amoonguss|Rage Powder|p1b: Amoonguss\n|-singleturn|p1b: Amoonguss|move: Rage Powder\n|cant|p2a: Rotom|slp\n|move|p1a: Ting-Lu|Ruination|p2a: Rotom\n|-damage|p2a: Rotom|26\/100 slp\n|\n|upkeep\n|turn|7\n|\n|t:|1682980279\n|cant|p2a: Rotom|slp\n|move|p1a: Ting-Lu|Ruination|p2b: Amoonguss|[miss]\n|-miss|p1a: Ting-Lu|p2b: Amoonguss\n|move|p2b: Amoonguss|Pollen Puff|p1a: Ting-Lu\n|-supereffective|p1a: Ting-Lu\n|-damage|p1a: Ting-Lu|83\/100\n|move|p1b: Amoonguss|Pollen Puff|p2b: Amoonguss\n|-damage|p2b: Amoonguss|90\/100\n|\n|upkeep\n|turn|8\n|\n|t:|1682980301\n|-curestatus|p2a: Rotom|slp|[msg]\n|move|p2a: Rotom|Thunderbolt|p1b: Amoonguss\n|-resisted|p1b: Amoonguss\n|-damage|p1b: Amoonguss|73\/100\n|move|p1a: Ting-Lu|Ruination|p2b: Amoonguss\n|-damage|p2b: Amoonguss|45\/100\n|-enditem|p2b: Amoonguss|Sitrus Berry|[eat]\n|-heal|p2b: Amoonguss|70\/100|[from] item: Sitrus Berry\n|move|p2b: Amoonguss|Pollen Puff|p1a: Ting-Lu\n|-supereffective|p1a: Ting-Lu\n|-damage|p1a: Ting-Lu|65\/100\n|move|p1b: Amoonguss|Spore|p2a: Rotom\n|-status|p2a: Rotom|slp|[from] move: Spore\n|\n|upkeep\n|turn|9\n|inactive|bloogle654321 has 30 seconds left.\n|\n|t:|1682980326\n|switch|p1b: Flutter Mane|Flutter Mane, L50|100\/100\n|-enditem|p1b: Flutter Mane|Booster Energy\n|-activate|p1b: Flutter Mane|ability: Protosynthesis|[fromitem]\n|-start|p1b: Flutter Mane|protosynthesisspe\n|cant|p2a: Rotom|slp\n|move|p1a: Ting-Lu|Ruination|p2b: Amoonguss|[miss]\n|-miss|p1a: Ting-Lu|p2b: Amoonguss\n|move|p2b: Amoonguss|Pollen Puff|p2a: Rotom\n|-heal|p2a: Rotom|76\/100 slp\n|\n|upkeep\n|turn|10\n|inactive|bloogle654321 has 30 seconds left.\n|inactive|bloogle654321 has 20 seconds left.\n|inactive|bloogle654321 has 15 seconds left.\n|\n|t:|1682980370\n|switch|p1a: Amoonguss|Amoonguss, L50, F|100\/100\n|move|p1b: Flutter Mane|Protect|p1b: Flutter Mane\n|-singleturn|p1b: Flutter Mane|Protect\n|move|p2b: Amoonguss|Protect|p2b: Amoonguss\n|-singleturn|p2b: Amoonguss|Protect\n|cant|p2a: Rotom|slp\n|\n|upkeep\n|turn|11\n|inactive|T8XICIDAD has 30 seconds left.\n|inactive|T8XICIDAD has 20 seconds left.\n|\n|t:|1682980409\n|-end|p1b: Flutter Mane|Protosynthesis|[silent]\n|switch|p1b: Ting-Lu|Ting-Lu, L50, tera:Grass|65\/100\n|-ability|p1b: Ting-Lu|Vessel of Ruin\n|-curestatus|p2a: Rotom|slp|[msg]\n|move|p2a: Rotom|Thunderbolt|p1a: Amoonguss\n|-resisted|p1a: Amoonguss\n|-damage|p1a: Amoonguss|90\/100\n|move|p2b: Amoonguss|Spore|p1b: Ting-Lu\n|-immune|p1b: Ting-Lu\n|move|p1a: Amoonguss|Pollen Puff|p1b: Ting-Lu\n|-heal|p1b: Ting-Lu|100\/100\n|\n|upkeep\n|turn|12\n|inactive|T8XICIDAD has 30 seconds left.\n|\n|t:|1682980437\n|switch|p2a: Toxicroak|Toxicroak, L50, F|7\/100 brn\n|switch|p2b: Palafin|Palafin-Hero, L50, M, tera:Water|65\/100\n|-activate|p2b: Palafin|ability: Zero to Hero\n|move|p1b: Ting-Lu|Stomping Tantrum|p2b: Palafin\n|-crit|p2b: Palafin\n|-damage|p2b: Palafin|17\/100\n|move|p1a: Amoonguss|Spore||[still]\n|-fail|p1a: Amoonguss\n|\n|-damage|p2a: Toxicroak|1\/100 brn|[from] brn\n|upkeep\n|turn|13\n|inactive|bloogle654321 has 30 seconds left.\n|inactive|bloogle654321 has 20 seconds left.\n|inactive|bloogle654321 has 15 seconds left.\n|\n|t:|1682980477\n|move|p2a: Toxicroak|Fake Out|p1a: Amoonguss\n|-damage|p1a: Amoonguss|86\/100\n|-damage|p2a: Toxicroak|0 fnt|[from] item: Rocky Helmet|[of] p1a: Amoonguss\n|faint|p2a: Toxicroak\n|cant|p1a: Amoonguss|flinch\n|move|p2b: Palafin|Ice Punch|p1a: Amoonguss\n|-supereffective|p1a: Amoonguss\n|-damage|p1a: Amoonguss|38\/100\n|-damage|p2b: Palafin|0 fnt|[from] item: Rocky Helmet|[of] p1a: Amoonguss\n|faint|p2b: Palafin\n|move|p1b: Ting-Lu|Stomping Tantrum|p2: Toxicroak|[notarget]\n|-fail|p1b: Ting-Lu\n|\n|upkeep\n|\n|t:|1682980490\n|switch|p2b: Amoonguss|Amoonguss, L50, F|100\/100\n|switch|p2a: Rotom|Rotom-Wash, L50|76\/100\n|turn|14\n|\n|t:|1682980511\n|switch|p1a: Flutter Mane|Flutter Mane, L50|100\/100\n|move|p2a: Rotom|Hydro Pump|p1a: Flutter Mane\n|-damage|p1a: Flutter Mane|67\/100\n|move|p1b: Ting-Lu|Stomping Tantrum|p2a: Rotom\n|-immune|p2a: Rotom|[from] ability: Levitate\n|move|p2b: Amoonguss|Pollen Puff|p1a: Flutter Mane\n|-resisted|p1a: Flutter Mane\n|-damage|p1a: Flutter Mane|63\/100\n|\n|upkeep\n|turn|15\n|inactive|bloogle654321 has 30 seconds left.\n|\n|t:|1682980540\n|move|p1a: Flutter Mane|Protect|p1a: Flutter Mane\n|-singleturn|p1a: Flutter Mane|Protect\n|move|p2a: Rotom|Hydro Pump|p1a: Flutter Mane\n|-activate|p1a: Flutter Mane|move: Protect\n|move|p1b: Ting-Lu|Stomping Tantrum|p2a: Rotom\n|-immune|p2a: Rotom|[from] ability: Levitate\n|move|p2b: Amoonguss|Pollen Puff|p2a: Rotom\n|-heal|p2a: Rotom|100\/100\n|\n|upkeep\n|turn|16\n|inactive|bloogle654321 has 30 seconds left.\n|inactive|bloogle654321 has 20 seconds left.\n|\n|t:|1682980576\n|-end|p1a: Flutter Mane|Protosynthesis|[silent]\n|switch|p1a: Amoonguss|Amoonguss, L50, F|71\/100\n|move|p2a: Rotom|Hydro Pump|p1a: Amoonguss\n|-resisted|p1a: Amoonguss\n|-crit|p1a: Amoonguss\n|-damage|p1a: Amoonguss|50\/100\n|move|p1b: Ting-Lu|Stomping Tantrum|p2b: Amoonguss\n|-damage|p2b: Amoonguss|41\/100\n|move|p2b: Amoonguss|Pollen Puff|p1b: Ting-Lu\n|-supereffective|p1b: Ting-Lu\n|-damage|p1b: Ting-Lu|83\/100\n|\n|upkeep\n|turn|17\n|\n|t:|1682980596\n|move|p2a: Rotom|Hydro Pump|p1a: Amoonguss|[miss]\n|-miss|p2a: Rotom|p1a: Amoonguss\n|move|p1b: Ting-Lu|Stomping Tantrum|p2b: Amoonguss\n|-damage|p2b: Amoonguss|10\/100\n|move|p2b: Amoonguss|Pollen Puff|p1a: Amoonguss\n|-damage|p1a: Amoonguss|39\/100\n|move|p1a: Amoonguss|Spore|p2a: Rotom\n|-status|p2a: Rotom|slp|[from] move: Spore\n|\n|upkeep\n|turn|18\n|-message|bloogle654321 forfeited.\n|\n|win|T8XICIDAD\n|raw|T8XICIDAD's rating: 1110 → 1135<\/strong> (+25 for winning)\n|raw|bloogle654321's rating: 1114 → 1089<\/strong> (-25 for losing)\n|l|\u2606bloogle654321\n","uploadtime":1682980617,"views":18,"p1id":"t8xicidad","p2id":"bloogle654321","formatid":"gen9vgc2023regulationc","rating":1089,"private":0,"password":""}