{"id":"gen9vgc2023regulationc-1853307296","p1":"Ytterby","p2":"Icecobra","format":"[Gen 9] VGC 2023 Regulation C","log":"|j|\u2606Ytterby\n|j|\u2606Icecobra\n|t:|1682665115\n|gametype|doubles\n|player|p1|Ytterby|2|1110\n|player|p2|Icecobra|265|1179\n|teamsize|p1|6\n|teamsize|p2|6\n|gen|9\n|tier|[Gen 9] VGC 2023 Regulation C\n|rated|\n|rule|Species Clause: Limit one of each Pok\u00e9mon\n|rule|Item Clause: Limit one of each item\n|clearpoke\n|poke|p1|Flutter Mane, L50|\n|poke|p1|Arcanine, L50, M|\n|poke|p1|Torkoal, L50, F|\n|poke|p1|Maushold, L50|\n|poke|p1|Annihilape, L50, M|\n|poke|p1|Noivern, L50, M|\n|poke|p2|Talonflame, L50, F|\n|poke|p2|Great Tusk, L50|\n|poke|p2|Flutter Mane, L50|\n|poke|p2|Rotom-Wash, L50|\n|poke|p2|Roaring Moon, L50|\n|poke|p2|Scizor, L50, F|\n|teampreview|4\nIcecobra has agreed to open team sheets.\n|j| GymHunter\n|l| GymHunter\n|\n|t:|1682665160\n|start\n|switch|p1a: Flutter Mane|Flutter Mane, L50|100\/100\n|switch|p1b: Arcanine|Arcanine, L50, M|100\/100\n|switch|p2a: Talonflame|Talonflame, L50, F|100\/100\n|switch|p2b: Great Tusk|Great Tusk, L50|100\/100\n|-ability|p1b: Arcanine|Intimidate|boost\n|-unboost|p2a: Talonflame|atk|1\n|-unboost|p2b: Great Tusk|atk|1\n|turn|1\n|\n|t:|1682665186\n|-terastallize|p2b: Great Tusk|Ground\n|-terastallize|p1b: Arcanine|Grass\n|move|p1a: Flutter Mane|Protect|p1a: Flutter Mane\n|-singleturn|p1a: Flutter Mane|Protect\n|move|p2a: Talonflame|Tailwind|p2a: Talonflame\n|-sidestart|p2: Icecobra|move: Tailwind\n|move|p2b: Great Tusk|Earthquake|p1b: Arcanine|[spread] p1b\n|-activate|p1a: Flutter Mane|move: Protect\n|-immune|p2a: Talonflame\n|-resisted|p1b: Arcanine\n|-damage|p1b: Arcanine|73\/100\n|-damage|p2b: Great Tusk|91\/100|[from] item: Life Orb\n|move|p1b: Arcanine|Heat Wave|p2b: Great Tusk|[spread] p2b\n|-miss|p1b: Arcanine|p2a: Talonflame\n|-damage|p2b: Great Tusk|41\/100\n|\n|upkeep\n|turn|2\n|\n|t:|1682665217\n|-end|p1a: Flutter Mane|Protosynthesis|[silent]\n|switch|p1a: Noivern|Noivern, L50, M|100\/100\n|-item|p2a: Talonflame|Covert Cloak|[from] ability: Frisk|[of] p1a: Noivern|[identify]\n|-item|p2b: Great Tusk|Life Orb|[from] ability: Frisk|[of] p1a: Noivern|[identify]\n|move|p1b: Arcanine|Protect|p1b: Arcanine\n|-singleturn|p1b: Arcanine|Protect\n|move|p2a: Talonflame|Brave Bird|p1b: Arcanine\n|-activate|p1b: Arcanine|move: Protect\n|move|p2b: Great Tusk|Headlong Rush|p1a: Noivern\n|-immune|p1a: Noivern\n|\n|upkeep\n|turn|3\n|\n|t:|1682665252\n|-end|p2b: Great Tusk|Protosynthesis|[silent]\n|switch|p2b: Flutter Mane|Flutter Mane, L50|100\/100\n|move|p1a: Noivern|Protect|p1a: Noivern\n|-singleturn|p1a: Noivern|Protect\n|move|p2a: Talonflame|Brave Bird|p1b: Arcanine\n|-supereffective|p1b: Arcanine\n|-damage|p1b: Arcanine|18\/100\n|-damage|p2a: Talonflame|83\/100|[from] Recoil\n|move|p1b: Arcanine|Heat Wave|p2a: Talonflame|[spread] p2a,p2b\n|-resisted|p2a: Talonflame\n|-damage|p2a: Talonflame|59\/100\n|-damage|p2b: Flutter Mane|70\/100\n|\n|upkeep\n|turn|4\n|\n|t:|1682665297\n|switch|p1a: Torkoal|Torkoal, L50, F|100\/100\n|-weather|SunnyDay|[from] ability: Drought|[of] p1a: Torkoal\n|-activate|p2b: Flutter Mane|ability: Protosynthesis\n|-start|p2b: Flutter Mane|protosynthesisspa\n|move|p2a: Talonflame|Brave Bird|p1b: Arcanine\n|-supereffective|p1b: Arcanine\n|-damage|p1b: Arcanine|0 fnt\n|faint|p1b: Arcanine\n|-damage|p2a: Talonflame|53\/100|[from] Recoil\n|move|p2b: Flutter Mane|Moonblast|p1a: Torkoal\n|-resisted|p1a: Torkoal\n|-damage|p1a: Torkoal|59\/100\n|\n|-weather|SunnyDay|[upkeep]\n|-sideend|p2: Icecobra|move: Tailwind\n|upkeep\n|\n|t:|1682665312\n|switch|p1b: Flutter Mane|Flutter Mane, L50|100\/100\n|-activate|p1b: Flutter Mane|ability: Protosynthesis\n|-start|p1b: Flutter Mane|protosynthesisspe\n|turn|5\n|\n|t:|1682665343\n|move|p1b: Flutter Mane|Shadow Ball|p2a: Talonflame\n|-damage|p2a: Talonflame|0 fnt\n|faint|p2a: Talonflame\n|-damage|p1b: Flutter Mane|91\/100|[from] item: Life Orb\n|move|p2b: Flutter Mane|Moonblast|p1b: Flutter Mane\n|-damage|p1b: Flutter Mane|0 fnt\n|faint|p1b: Flutter Mane\n|-end|p1b: Flutter Mane|Protosynthesis|[silent]\n|move|p1a: Torkoal|Heat Wave|p2b: Flutter Mane\n|-damage|p2b: Flutter Mane|16\/100\n|\n|-weather|SunnyDay|[upkeep]\n|upkeep\n|\n|t:|1682665360\n|switch|p1b: Noivern|Noivern, L50, M|100\/100\n|switch|p2a: Great Tusk|Great Tusk, L50, tera:Ground|41\/100\n|-item|p2a: Great Tusk|Life Orb|[from] ability: Frisk|[of] p1b: Noivern|[identify]\n|-item|p2b: Flutter Mane|Choice Specs|[from] ability: Frisk|[of] p1b: Noivern|[identify]\n|-activate|p2a: Great Tusk|ability: Protosynthesis\n|-start|p2a: Great Tusk|protosynthesisatk\n|turn|6\n|\n|t:|1682665381\n|move|p1b: Noivern|Heat Wave|p2a: Great Tusk|[spread] p2a,p2b\n|-crit|p2b: Flutter Mane\n|-damage|p2a: Great Tusk|0 fnt\n|-damage|p2b: Flutter Mane|0 fnt\n|faint|p2a: Great Tusk\n|-end|p2a: Great Tusk|Protosynthesis|[silent]\n|faint|p2b: Flutter Mane\n|-end|p2b: Flutter Mane|Protosynthesis|[silent]\n|move|p1a: Torkoal|Heat Wave|p2: Great Tusk|[notarget]\n|-fail|p1a: Torkoal\n|\n|-weather|SunnyDay|[upkeep]\n|upkeep\n|\n|t:|1682665393\n|switch|p2a: Roaring Moon|Roaring Moon, L50|100\/100\n|-activate|p2a: Roaring Moon|ability: Protosynthesis\n|-start|p2a: Roaring Moon|protosynthesisatk\n|turn|7\n|\n|t:|1682665412\n|move|p1b: Noivern|Protect|p1b: Noivern\n|-singleturn|p1b: Noivern|Protect\n|move|p2a: Roaring Moon|Dragon Claw|p1b: Noivern\n|-activate|p1b: Noivern|move: Protect\n|move|p1a: Torkoal|Body Press|p2a: Roaring Moon\n|-supereffective|p2a: Roaring Moon\n|-damage|p2a: Roaring Moon|47\/100\n|\n|-weather|SunnyDay|[upkeep]\n|upkeep\n|turn|8\n|\n|t:|1682665428\n|move|p1b: Noivern|Air Slash|p2a: Roaring Moon\n|-damage|p2a: Roaring Moon|19\/100\n|move|p2a: Roaring Moon|Dragon Claw|p1b: Noivern\n|-supereffective|p1b: Noivern\n|-damage|p1b: Noivern|0 fnt\n|faint|p1b: Noivern\n|move|p1a: Torkoal|Body Press|p2a: Roaring Moon\n|-supereffective|p2a: Roaring Moon\n|-damage|p2a: Roaring Moon|0 fnt\n|faint|p2a: Roaring Moon\n|-end|p2a: Roaring Moon|Protosynthesis|[silent]\n|\n|win|Ytterby\n|raw|Ytterby's rating: 1110 → 1140<\/strong> (+30 for winning)\n|raw|Icecobra's rating: 1179 → 1149<\/strong> (-30 for losing)\n|l|\u2606Icecobra\n","uploadtime":1682665462,"views":13,"p1id":"ytterby","p2id":"icecobra","formatid":"gen9vgc2023regulationc","rating":1140,"private":0,"password":""}