{"id":"gen9vgc2023regulationc-1863813565","p1":"Garcix","p2":"C0sta96","format":"[Gen 9] VGC 2023 Regulation C","log":"|j|\u2606Garcix\n|j|\u2606C0sta96\n|t:|1684080914\n|gametype|doubles\n|player|p1|Garcix|101|1166\n|player|p2|C0sta96|sailor|1122\n|teamsize|p1|6\n|teamsize|p2|6\n|gen|9\n|tier|[Gen 9] VGC 2023 Regulation C\n|rated|\n|rule|Species Clause: Limit one of each Pok\u00e9mon\n|rule|Item Clause: Limit one of each item\n|clearpoke\n|poke|p1|Baxcalibur, L50, F|\n|poke|p1|Ting-Lu, L50|\n|poke|p1|Flutter Mane, L50|\n|poke|p1|Arcanine, L50, M|\n|poke|p1|Toxapex, L50, F|\n|poke|p1|Brute Bonnet, L50|\n|poke|p2|Dondozo, L50, F|\n|poke|p2|Tatsugiri, L50, M|\n|poke|p2|Glimmora, L50, M|\n|poke|p2|Chien-Pao, L50|\n|poke|p2|Flutter Mane, L50|\n|poke|p2|Brute Bonnet, L50|\n|teampreview|4\nC0sta96 has agreed to open team sheets.\nGarcix has agreed to open team sheets.\n|\n|t:|1684080968\n|start\n|switch|p1a: Ting-Lu|Ting-Lu, L50|100\/100\n|switch|p1b: Arcanine|Arcanine, L50, M|100\/100\n|switch|p2a: Chien-Pao|Chien-Pao, L50|100\/100\n|switch|p2b: Brute Bonnet|Brute Bonnet, L50|100\/100\n|-ability|p2a: Chien-Pao|Sword of Ruin\n|-ability|p1b: Arcanine|Intimidate|boost\n|-unboost|p2a: Chien-Pao|atk|1\n|-unboost|p2b: Brute Bonnet|atk|1\n|-ability|p1a: Ting-Lu|Vessel of Ruin\n|turn|1\n|inactive|Battle timer is ON: inactive players will automatically lose when time's up. (requested by C0sta96)\n|\n|t:|1684081000\n|move|p2a: Chien-Pao|Ice Spinner|p1a: Ting-Lu\n|-supereffective|p1a: Ting-Lu\n|-damage|p1a: Ting-Lu|62\/100\n|move|p1b: Arcanine|Will-O-Wisp|p2b: Brute Bonnet\n|-status|p2b: Brute Bonnet|brn\n|move|p2b: Brute Bonnet|Bullet Seed|p1a: Ting-Lu\n|-supereffective|p1a: Ting-Lu\n|-damage|p1a: Ting-Lu|56\/100\n|-supereffective|p1a: Ting-Lu\n|-damage|p1a: Ting-Lu|50\/100\n|-supereffective|p1a: Ting-Lu\n|-crit|p1a: Ting-Lu\n|-damage|p1a: Ting-Lu|35\/100\n|-supereffective|p1a: Ting-Lu\n|-damage|p1a: Ting-Lu|28\/100\n|-hitcount|p1a: Ting-Lu|4\n|move|p1a: Ting-Lu|Heavy Slam|p2a: Chien-Pao\n|-supereffective|p2a: Chien-Pao\n|-crit|p2a: Chien-Pao\n|-enditem|p2a: Chien-Pao|Focus Sash\n|-damage|p2a: Chien-Pao|1\/100\n|\n|-damage|p2b: Brute Bonnet|94\/100 brn|[from] brn\n|upkeep\n|turn|2\n|inactive|Garcix has 30 seconds left.\n|inactive|C0sta96 has 30 seconds left.\n|\n|t:|1684081033\n|move|p2a: Chien-Pao|Protect|p2a: Chien-Pao\n|-singleturn|p2a: Chien-Pao|Protect\n|move|p1b: Arcanine|Flare Blitz|p2a: Chien-Pao\n|-activate|p2a: Chien-Pao|move: Protect\n|move|p2b: Brute Bonnet|Spore|p1b: Arcanine\n|-activate|p1b: Arcanine|item: Safety Goggles|Spore\n|move|p1a: Ting-Lu|Ruination|p2b: Brute Bonnet\n|-damage|p2b: Brute Bonnet|48\/100 brn\n|\n|-damage|p2b: Brute Bonnet|41\/100 brn|[from] brn\n|upkeep\n|turn|3\n|inactive|Garcix has 30 seconds left.\n|inactive|C0sta96 has 30 seconds left.\n|\n|t:|1684081064\n|move|p2a: Chien-Pao|Sucker Punch|p1b: Arcanine\n|-damage|p1b: Arcanine|66\/100\n|move|p1b: Arcanine|Flare Blitz|p2a: Chien-Pao\n|-supereffective|p2a: Chien-Pao\n|-damage|p2a: Chien-Pao|0 fnt\n|faint|p2a: Chien-Pao\n|-damage|p1b: Arcanine|66\/100|[from] Recoil\n|move|p2b: Brute Bonnet|Bullet Seed|p1a: Ting-Lu\n|-supereffective|p1a: Ting-Lu\n|-damage|p1a: Ting-Lu|23\/100\n|-supereffective|p1a: Ting-Lu\n|-crit|p1a: Ting-Lu\n|-damage|p1a: Ting-Lu|13\/100\n|-supereffective|p1a: Ting-Lu\n|-damage|p1a: Ting-Lu|8\/100\n|-supereffective|p1a: Ting-Lu\n|-damage|p1a: Ting-Lu|2\/100\n|-supereffective|p1a: Ting-Lu\n|-damage|p1a: Ting-Lu|0 fnt\n|faint|p1a: Ting-Lu\n|-hitcount|p1: Ting-Lu|5\n|\n|-damage|p2b: Brute Bonnet|35\/100 brn|[from] brn\n|upkeep\n|\n|t:|1684081087\n|switch|p2a: Dondozo|Dondozo, L50, F|100\/100\n|switch|p1a: Toxapex|Toxapex, L50, F|100\/100\n|turn|4\n|\n|t:|1684081107\n|-end|p2b: Brute Bonnet|Protosynthesis|[silent]\n|switch|p2b: Tatsugiri|Tatsugiri, L50, M|100\/100\n|-activate|p2b: Tatsugiri|ability: Commander|[of] p2a: Dondozo\n|-boost|p2a: Dondozo|atk|2\n|-boost|p2a: Dondozo|spa|2\n|-boost|p2a: Dondozo|spe|2\n|-boost|p2a: Dondozo|def|2\n|-boost|p2a: Dondozo|spd|2\n|move|p2a: Dondozo|Wave Crash|p1b: Arcanine\n|-supereffective|p1b: Arcanine\n|-damage|p1b: Arcanine|0 fnt\n|faint|p1b: Arcanine\n|-damage|p2a: Dondozo|82\/100|[from] Recoil\n|move|p1a: Toxapex|Chilling Water|p2a: Dondozo\n|-resisted|p2a: Dondozo\n|-damage|p2a: Dondozo|79\/100\n|-unboost|p2a: Dondozo|atk|1\n|\n|-heal|p2a: Dondozo|85\/100|[from] item: Leftovers\n|upkeep\n|\n|t:|1684081124\n|switch|p1b: Flutter Mane|Flutter Mane, L50|100\/100\n|turn|5\n|\n|t:|1684081138\n|-terastallize|p1a: Toxapex|Grass\n|move|p1b: Flutter Mane|Protect|p1b: Flutter Mane\n|-singleturn|p1b: Flutter Mane|Protect\n|move|p2a: Dondozo|Earthquake|p1b: Flutter Mane|[spread] p1a\n|-miss|p2a: Dondozo|p2b: Tatsugiri\n|-activate|p1b: Flutter Mane|move: Protect\n|-resisted|p1a: Toxapex\n|-damage|p1a: Toxapex|89\/100\n|move|p1a: Toxapex|Haze|p1a: Toxapex\n|-clearallboost\n|\n|-heal|p2a: Dondozo|92\/100|[from] item: Leftovers\n|-heal|p1a: Toxapex|95\/100|[from] item: Leftovers\n|upkeep\n|turn|6\n|\n|t:|1684081158\n|move|p1b: Flutter Mane|Thunderbolt|p2a: Dondozo\n|-supereffective|p2a: Dondozo\n|-damage|p2a: Dondozo|7\/100\n|-damage|p1b: Flutter Mane|91\/100|[from] item: Life Orb\n|move|p2a: Dondozo|Wave Crash|p1b: Flutter Mane\n|-damage|p1b: Flutter Mane|4\/100\n|-damage|p2a: Dondozo|0 fnt|[from] Recoil\n|faint|p2a: Dondozo\n|move|p1a: Toxapex|Chilling Water|p2b: Tatsugiri\n|-resisted|p2b: Tatsugiri\n|-crit|p2b: Tatsugiri\n|-damage|p2b: Tatsugiri|96\/100\n|-unboost|p2b: Tatsugiri|atk|1\n|\n|-heal|p1a: Toxapex|100\/100|[from] item: Leftovers\n|upkeep\n|\n|t:|1684081171\n|switch|p2a: Brute Bonnet|Brute Bonnet, L50|35\/100 brn\n|turn|7\n|\n|t:|1684081190\n|-terastallize|p2b: Tatsugiri|Poison\n|move|p1b: Flutter Mane|Protect|p1b: Flutter Mane\n|-singleturn|p1b: Flutter Mane|Protect\n|move|p2a: Brute Bonnet|Rage Powder|p2a: Brute Bonnet\n|-singleturn|p2a: Brute Bonnet|move: Rage Powder\n|move|p2b: Tatsugiri|Icy Wind|p1b: Flutter Mane|[spread] p1a\n|-activate|p1b: Flutter Mane|move: Protect\n|-supereffective|p1a: Toxapex\n|-damage|p1a: Toxapex|81\/100\n|-unboost|p1a: Toxapex|spe|1\n|move|p1a: Toxapex|Icy Wind|p2b: Tatsugiri|[spread] p2a,p2b\n|-supereffective|p2a: Brute Bonnet\n|-damage|p2a: Brute Bonnet|25\/100 brn\n|-damage|p2b: Tatsugiri|88\/100\n|-unboost|p2a: Brute Bonnet|spe|1\n|-unboost|p2b: Tatsugiri|spe|1\n|\n|-heal|p1a: Toxapex|87\/100|[from] item: Leftovers\n|-damage|p2a: Brute Bonnet|18\/100 brn|[from] brn\n|upkeep\n|turn|8\n|inactive|Garcix has 30 seconds left.\n|\n|t:|1684081216\n|move|p2a: Brute Bonnet|Rage Powder|p2a: Brute Bonnet\n|-singleturn|p2a: Brute Bonnet|move: Rage Powder\n|move|p1b: Flutter Mane|Dazzling Gleam|p2b: Tatsugiri|[spread] p2a,p2b\n|-supereffective|p2a: Brute Bonnet\n|-crit|p2a: Brute Bonnet\n|-resisted|p2b: Tatsugiri\n|-damage|p2a: Brute Bonnet|0 fnt\n|-damage|p2b: Tatsugiri|61\/100\n|faint|p2a: Brute Bonnet\n|-end|p2a: Brute Bonnet|Protosynthesis|[silent]\n|-damage|p1b: Flutter Mane|0 fnt|[from] item: Life Orb\n|faint|p1b: Flutter Mane\n|-end|p1b: Flutter Mane|Protosynthesis|[silent]\n|move|p2b: Tatsugiri|Icy Wind|p1a: Toxapex\n|-supereffective|p1a: Toxapex\n|-damage|p1a: Toxapex|59\/100\n|-unboost|p1a: Toxapex|spe|1\n|move|p1a: Toxapex|Icy Wind|p2b: Tatsugiri\n|-damage|p2b: Tatsugiri|51\/100\n|-unboost|p2b: Tatsugiri|spe|1\n|\n|-heal|p1a: Toxapex|65\/100|[from] item: Leftovers\n|upkeep\n|turn|9\n|\n|t:|1684081234\n|move|p1a: Toxapex|Baneful Bunker|p1a: Toxapex\n|-singleturn|p1a: Toxapex|move: Protect\n|move|p2b: Tatsugiri|Icy Wind|p1a: Toxapex\n|-activate|p1a: Toxapex|move: Protect\n|\n|-heal|p1a: Toxapex|70\/100|[from] item: Leftovers\n|upkeep\n|turn|10\n|\n|t:|1684081243\n|move|p2b: Tatsugiri|Icy Wind|p1a: Toxapex\n|-supereffective|p1a: Toxapex\n|-damage|p1a: Toxapex|45\/100\n|-unboost|p1a: Toxapex|spe|1\n|move|p1a: Toxapex|Chilling Water|p2b: Tatsugiri\n|-damage|p2b: Tatsugiri|36\/100\n|-unboost|p2b: Tatsugiri|atk|1\n|\n|-heal|p1a: Toxapex|50\/100|[from] item: Leftovers\n|upkeep\n|turn|11\n|\n|t:|1684081253\n|move|p1a: Toxapex|Baneful Bunker|p1a: Toxapex\n|-singleturn|p1a: Toxapex|move: Protect\n|move|p2b: Tatsugiri|Icy Wind|p1a: Toxapex\n|-activate|p1a: Toxapex|move: Protect\n|\n|-heal|p1a: Toxapex|56\/100|[from] item: Leftovers\n|upkeep\n|turn|12\n|\n|t:|1684081261\n|move|p2b: Tatsugiri|Icy Wind|p1a: Toxapex\n|-supereffective|p1a: Toxapex\n|-crit|p1a: Toxapex\n|-damage|p1a: Toxapex|14\/100\n|-unboost|p1a: Toxapex|spe|1\n|move|p1a: Toxapex|Chilling Water|p2b: Tatsugiri\n|-damage|p2b: Tatsugiri|21\/100\n|-unboost|p2b: Tatsugiri|atk|1\n|\n|-heal|p1a: Toxapex|20\/100|[from] item: Leftovers\n|upkeep\n|turn|13\n|\n|t:|1684081272\n|move|p1a: Toxapex|Baneful Bunker|p1a: Toxapex\n|-singleturn|p1a: Toxapex|move: Protect\n|move|p2b: Tatsugiri|Icy Wind|p1a: Toxapex\n|-activate|p1a: Toxapex|move: Protect\n|\n|-heal|p1a: Toxapex|25\/100|[from] item: Leftovers\n|upkeep\n|turn|14\n|\n|t:|1684081280\n|move|p2b: Tatsugiri|Icy Wind|p1a: Toxapex\n|-supereffective|p1a: Toxapex\n|-damage|p1a: Toxapex|0 fnt\n|faint|p1a: Toxapex\n|\n|win|C0sta96\n|raw|Garcix's rating: 1166 → 1138<\/strong> (-28 for losing)\n|raw|C0sta96's rating: 1122 → 1150<\/strong> (+28 for winning)\n|c|\u2606C0sta96|gg\n|l|\u2606Garcix\n","uploadtime":1684081295,"views":13,"p1id":"garcix","p2id":"c0sta96","formatid":"gen9vgc2023regulationc","rating":1138,"private":0,"password":""}