{"id":"gen9vgc2023regulationc-1848145383","p1":"nsfwgg","p2":"fishuu","format":"[Gen 9] VGC 2023 Regulation C","log":"|j|\u2606nsfwgg\n|j|\u2606fishuu\n|t:|1682035005\n|gametype|doubles\n|player|p1|nsfwgg|dawn|1110\n|player|p2|fishuu|akari|1078\n|teamsize|p1|6\n|teamsize|p2|6\n|gen|9\n|tier|[Gen 9] VGC 2023 Regulation C\n|rated|\n|rule|Species Clause: Limit one of each Pok\u00e9mon\n|rule|Item Clause: Limit one of each item\n|clearpoke\n|poke|p1|Orthworm, L50, F|\n|poke|p1|Garchomp, L50, F|\n|poke|p1|Dragonite, L50, F|\n|poke|p1|Glimmora, L50, M|\n|poke|p1|Chien-Pao, L50|\n|poke|p1|Flutter Mane, L50|\n|poke|p2|Pelipper, L50, M|\n|poke|p2|Floatzel, L50, M|\n|poke|p2|Palafin, L50, F|\n|poke|p2|Rotom-Mow, L50|\n|poke|p2|Dragonite, L50, M|\n|poke|p2|Iron Bundle, L50|\n|teampreview|4\n|inactive|Battle timer is ON: inactive players will automatically lose when time's up. (requested by fishuu)\nnsfwgg has agreed to open team sheets.\n|inactive|nsfwgg has 60 seconds left.\n|inactive|fishuu has 60 seconds left.\nfishuu has agreed to open team sheets.\n|inactive|nsfwgg has 30 seconds left.\n|inactive|fishuu has 30 seconds left.\n|\n|t:|1682035074\n|start\n|switch|p1a: Glimmora|Glimmora, L50, M|100\/100\n|switch|p1b: Flutter Mane|Flutter Mane, L50|100\/100\n|switch|p2a: Pelipper|Pelipper, L50, M, shiny|100\/100\n|switch|p2b: Floatzel|Floatzel, L50, M, shiny|100\/100\n|-weather|RainDance|[from] ability: Drizzle|[of] p2a: Pelipper\n|turn|1\n|inactive|nsfwgg has 30 seconds left.\n|inactive|nsfwgg has 20 seconds left.\n|inactive|nsfwgg has 15 seconds left.\n|inactive|nsfwgg has 10 seconds left.\n|\n|t:|1682035119\n|-terastallize|p1a: Glimmora|Grass\n|move|p2a: Pelipper|Protect|p2a: Pelipper\n|-singleturn|p2a: Pelipper|Protect\n|move|p2b: Floatzel|Wave Crash|p1a: Glimmora\n|-resisted|p1a: Glimmora\n|-damage|p1a: Glimmora|38\/100\n|-activate|p1a: Glimmora|ability: Toxic Debris\n|-sidestart|p2: fishuu|move: Toxic Spikes\n|-damage|p2b: Floatzel|76\/100|[from] Recoil\n|move|p1b: Flutter Mane|Dazzling Gleam|p2a: Pelipper|[spread] p2b\n|-activate|p2a: Pelipper|move: Protect\n|-damage|p2b: Floatzel|4\/100\n|-damage|p1b: Flutter Mane|91\/100|[from] item: Life Orb\n|move|p1a: Glimmora|Energy Ball|p2b: Floatzel\n|-supereffective|p2b: Floatzel\n|-damage|p2b: Floatzel|0 fnt\n|faint|p2b: Floatzel\n|\n|-weather|RainDance|[upkeep]\n|upkeep\n|c|\u2606fishuu|wp\n|c|\u2606fishuu|ngl\n|\n|t:|1682035142\n|switch|p2b: Iron Bundle|Iron Bundle, L50|100\/100\n|-status|p2b: Iron Bundle|psn\n|-enditem|p2b: Iron Bundle|Booster Energy\n|-activate|p2b: Iron Bundle|ability: Quark Drive|[fromitem]\n|-start|p2b: Iron Bundle|quarkdrivespe\n|turn|2\n|inactive|nsfwgg has 30 seconds left.\n|inactive|fishuu has 30 seconds left.\n|inactive|nsfwgg has 20 seconds left.\n|inactive|nsfwgg has 15 seconds left.\n|inactive|nsfwgg has 10 seconds left.\n|inactive|nsfwgg has 5 seconds left.\n|\n|t:|1682035197\n|move|p2b: Iron Bundle|Freeze-Dry|p1a: Glimmora\n|-supereffective|p1a: Glimmora\n|-damage|p1a: Glimmora|0 fnt\n|faint|p1a: Glimmora\n|move|p1b: Flutter Mane|Moonblast|p2b: Iron Bundle\n|-damage|p2b: Iron Bundle|0 fnt\n|faint|p2b: Iron Bundle\n|-end|p2b: Iron Bundle|Quark Drive|[silent]\n|-damage|p1b: Flutter Mane|82\/100|[from] item: Life Orb\n|move|p2a: Pelipper|Hurricane|p1b: Flutter Mane\n|-damage|p1b: Flutter Mane|45\/100\n|\n|-weather|RainDance|[upkeep]\n|upkeep\n|inactive|nsfwgg has 30 seconds left.\n|inactive|nsfwgg has 20 seconds left.\n|\n|t:|1682035235\n|switch|p2b: Dragonite|Dragonite, L50, M, shiny|100\/100\n|switch|p1a: Chien-Pao|Chien-Pao, L50|100\/100\n|-ability|p1a: Chien-Pao|Sword of Ruin\n|turn|3\n|inactive|nsfwgg has 30 seconds left.\n|inactive|fishuu has 30 seconds left.\n|inactive|fishuu has 20 seconds left.\n|\n|t:|1682035273\n|-terastallize|p2b: Dragonite|Normal\n|move|p1a: Chien-Pao|Protect|p1a: Chien-Pao\n|-singleturn|p1a: Chien-Pao|Protect\n|move|p2b: Dragonite|Extreme Speed|p1a: Chien-Pao\n|-activate|p1a: Chien-Pao|move: Protect\n|move|p1b: Flutter Mane|Dazzling Gleam|p2a: Pelipper|[spread] p2a,p2b\n|-damage|p2a: Pelipper|40\/100\n|-damage|p2b: Dragonite|82\/100\n|-damage|p1b: Flutter Mane|35\/100|[from] item: Life Orb\n|move|p2a: Pelipper|Hurricane|p1a: Chien-Pao\n|-activate|p1a: Chien-Pao|move: Protect\n|\n|-weather|RainDance|[upkeep]\n|upkeep\n|turn|4\n|inactive|nsfwgg has 30 seconds left.\n|\n|t:|1682035303\n|move|p2a: Pelipper|Protect|p2a: Pelipper\n|-singleturn|p2a: Pelipper|Protect\n|move|p2b: Dragonite|Extreme Speed|p1a: Chien-Pao\n|-damage|p1a: Chien-Pao|36\/100\n|move|p1a: Chien-Pao|Sacred Sword|p2b: Dragonite\n|-supereffective|p2b: Dragonite\n|-damage|p2b: Dragonite|0 fnt\n|faint|p2b: Dragonite\n|move|p1b: Flutter Mane|Dazzling Gleam|p2a: Pelipper\n|-activate|p2a: Pelipper|move: Protect\n|\n|-weather|RainDance|[upkeep]\n|upkeep\n|turn|5\n|c|\u2606fishuu|wp man\n|inactive|nsfwgg has 30 seconds left.\n|\n|t:|1682035329\n|move|p1a: Chien-Pao|Sucker Punch||[still]\n|-fail|p1a: Chien-Pao\n|move|p1b: Flutter Mane|Moonblast|p2a: Pelipper\n|-damage|p2a: Pelipper|0 fnt\n|faint|p2a: Pelipper\n|-damage|p1b: Flutter Mane|26\/100|[from] item: Life Orb\n|\n|win|nsfwgg\n|raw|nsfwgg's rating: 1110 → 1133<\/strong> (+23 for winning)\n|raw|fishuu's rating: 1078 → 1058<\/strong> (-20 for losing)\n|l|\u2606fishuu\n","uploadtime":1682035469,"views":4,"p1id":"nsfwgg","p2id":"fishuu","formatid":"gen9vgc2023regulationc","rating":1058,"private":0,"password":""}