{"id":"gen9vgc2023regulationc-1860226743","p1":"Sakul55","p2":"SweetSerenityGrace","format":"[Gen 9] VGC 2023 Regulation C","log":"|j|\u2606Sakul55\n|j|\u2606SweetSerenityGrace\n|t:|1683613786\n|gametype|doubles\n|player|p1|Sakul55|169|1316\n|player|p2|SweetSerenityGrace|iris-gen5bw2|1276\n|teamsize|p1|6\n|teamsize|p2|6\n|gen|9\n|tier|[Gen 9] VGC 2023 Regulation C\n|rated|\n|rule|Species Clause: Limit one of each Pok\u00e9mon\n|rule|Item Clause: Limit one of each item\n|clearpoke\n|poke|p1|Ting-Lu, L50|\n|poke|p1|Palafin, L50, M|\n|poke|p1|Iron Hands, L50|\n|poke|p1|Flutter Mane, L50|\n|poke|p1|Arcanine, L50, M|\n|poke|p1|Amoonguss, L50, F|\n|poke|p2|Flutter Mane, L50|\n|poke|p2|Chi-Yu, L50|\n|poke|p2|Palafin, L50, F|\n|poke|p2|Dragonite, L50, F|\n|poke|p2|Iron Hands, L50|\n|poke|p2|Amoonguss, L50, F|\n|teampreview|4\nSweetSerenityGrace rejected open team sheets.\n|\n|t:|1683613823\n|start\n|switch|p1a: Iron Hands|Iron Hands, L50|100\/100\n|switch|p1b: Arcanine|Arcanine, L50, M|100\/100\n|switch|p2a: Big Missy|Flutter Mane, L50|100\/100\n|switch|p2b: Finnie|Palafin, L50, F|100\/100\n|-ability|p1b: Arcanine|Intimidate|boost\n|-unboost|p2a: Big Missy|atk|1\n|-unboost|p2b: Finnie|atk|1\n|-enditem|p2a: Big Missy|Booster Energy\n|-activate|p2a: Big Missy|ability: Protosynthesis|[fromitem]\n|-start|p2a: Big Missy|protosynthesisspe\n|turn|1\n|\n|t:|1683613848\n|switch|p1b: Ting-Lu|Ting-Lu, L50|100\/100\n|-ability|p1b: Ting-Lu|Vessel of Ruin\n|detailschange|p2b: Finnie|Palafin-Hero, L50, F\n|switch|p2b: Shroomie|Amoonguss, L50, F|100\/100\n|move|p2a: Big Missy|Dazzling Gleam|p1a: Iron Hands|[spread] p1a,p1b\n|-supereffective|p1a: Iron Hands\n|-supereffective|p1b: Ting-Lu\n|-damage|p1a: Iron Hands|81\/100\n|-damage|p1b: Ting-Lu|70\/100\n|move|p1a: Iron Hands|Heavy Slam|p2a: Big Missy\n|-supereffective|p2a: Big Missy\n|-damage|p2a: Big Missy|0 fnt\n|faint|p2a: Big Missy\n|-end|p2a: Big Missy|Protosynthesis|[silent]\n|\n|-heal|p1b: Ting-Lu|76\/100|[from] item: Leftovers\n|upkeep\n|\n|t:|1683613866\n|switch|p2a: Dragonite|Dragonite, L50, F|100\/100\n|turn|2\n|\n|t:|1683613890\n|-terastallize|p2a: Dragonite|Normal\n|move|p2b: Shroomie|Rage Powder|p2b: Shroomie\n|-singleturn|p2b: Shroomie|move: Rage Powder\n|move|p2a: Dragonite|Dragon Dance|p2a: Dragonite\n|-boost|p2a: Dragonite|atk|1\n|-boost|p2a: Dragonite|spe|1\n|move|p1a: Iron Hands|Thunder Punch|p2b: Shroomie\n|-resisted|p2b: Shroomie\n|-damage|p2b: Shroomie|88\/100\n|-damage|p1a: Iron Hands|65\/100|[from] item: Rocky Helmet|[of] p2b: Shroomie\n|move|p1b: Ting-Lu|Sand Tomb|p2b: Shroomie\n|-damage|p2b: Shroomie|77\/100\n|-activate|p2b: Shroomie|move: Sand Tomb|[of] p1b: Ting-Lu\n|\n|-heal|p1b: Ting-Lu|83\/100|[from] item: Leftovers\n|-damage|p2b: Shroomie|64\/100|[from] move: Sand Tomb|[partiallytrapped]\n|upkeep\n|turn|3\n|\n|t:|1683613919\n|-terastallize|p1a: Iron Hands|Grass\n|move|p1b: Ting-Lu|Protect|p1b: Ting-Lu\n|-singleturn|p1b: Ting-Lu|Protect\n|move|p2b: Shroomie|Rage Powder|p2b: Shroomie\n|-singleturn|p2b: Shroomie|move: Rage Powder\n|move|p2a: Dragonite|Outrage|p1a: Iron Hands\n|-damage|p1a: Iron Hands|0 fnt\n|faint|p1a: Iron Hands\n|-end|p1a: Iron Hands|Quark Drive|[silent]\n|\n|-heal|p1b: Ting-Lu|89\/100|[from] item: Leftovers\n|-damage|p2b: Shroomie|52\/100|[from] move: Sand Tomb|[partiallytrapped]\n|upkeep\n|\n|t:|1683613931\n|switch|p1a: Arcanine|Arcanine, L50, M|100\/100\n|-ability|p1a: Arcanine|Intimidate|boost\n|-unboost|p2a: Dragonite|atk|1\n|-unboost|p2b: Shroomie|atk|1\n|turn|4\n|\n|t:|1683613952\n|switch|p1a: Flutter Mane|Flutter Mane, L50|100\/100\n|move|p2a: Dragonite|Outrage|p1a: Flutter Mane|[from]lockedmove\n|-immune|p1a: Flutter Mane\n|move|p1b: Ting-Lu|Sand Tomb|p2a: Dragonite|[miss]\n|-miss|p1b: Ting-Lu|p2a: Dragonite\n|move|p2b: Shroomie|Spore|p1b: Ting-Lu\n|-status|p1b: Ting-Lu|slp|[from] move: Spore\n|\n|-heal|p1b: Ting-Lu|95\/100 slp|[from] item: Leftovers\n|-damage|p2b: Shroomie|40\/100|[from] move: Sand Tomb|[partiallytrapped]\n|upkeep\n|turn|5\n|\n|t:|1683613976\n|-end|p1a: Flutter Mane|Protosynthesis|[silent]\n|switch|p1a: Arcanine|Arcanine, L50, M|100\/100\n|-ability|p1a: Arcanine|Intimidate|boost\n|-unboost|p2a: Dragonite|atk|1\n|-unboost|p2b: Shroomie|atk|1\n|move|p2b: Shroomie|Rage Powder|p2b: Shroomie\n|-singleturn|p2b: Shroomie|move: Rage Powder\n|move|p2a: Dragonite|Ice Spinner|p1a: Arcanine\n|-resisted|p1a: Arcanine\n|-damage|p1a: Arcanine|90\/100\n|cant|p1b: Ting-Lu|slp\n|\n|-heal|p1b: Ting-Lu|100\/100 slp|[from] item: Leftovers\n|-damage|p2b: Shroomie|28\/100|[from] move: Sand Tomb|[partiallytrapped]\n|upkeep\n|turn|6\n|\n|t:|1683614015\n|switch|p2a: Finnie|Palafin-Hero, L50, F|100\/100\n|-activate|p2a: Finnie|ability: Zero to Hero\n|move|p2b: Shroomie|Rage Powder|p2b: Shroomie\n|-singleturn|p2b: Shroomie|move: Rage Powder\n|move|p1a: Arcanine|Flare Blitz|p2b: Shroomie\n|-supereffective|p2b: Shroomie\n|-damage|p2b: Shroomie|0 fnt\n|-damage|p1a: Arcanine|74\/100|[from] item: Rocky Helmet|[of] p2b: Shroomie\n|faint|p2b: Shroomie\n|-damage|p1a: Arcanine|64\/100|[from] Recoil\n|-curestatus|p1b: Ting-Lu|slp|[msg]\n|move|p1b: Ting-Lu|Stomping Tantrum|p2a: Finnie\n|-damage|p2a: Finnie|54\/100\n|\n|upkeep\n|\n|t:|1683614029\n|switch|p2b: Dragonite|Dragonite, L50, F, tera:Normal|100\/100\n|turn|7\n|\n|t:|1683614062\n|move|p2a: Finnie|Jet Punch|p1a: Arcanine\n|-supereffective|p1a: Arcanine\n|-damage|p1a: Arcanine|0 fnt\n|faint|p1a: Arcanine\n|move|p2b: Dragonite|Dragon Dance|p2b: Dragonite\n|-boost|p2b: Dragonite|atk|1\n|-boost|p2b: Dragonite|spe|1\n|move|p1b: Ting-Lu|Sand Tomb|p2a: Finnie\n|-damage|p2a: Finnie|42\/100\n|-activate|p2a: Finnie|move: Sand Tomb|[of] p1b: Ting-Lu\n|\n|-damage|p2a: Finnie|30\/100|[from] move: Sand Tomb|[partiallytrapped]\n|upkeep\n|\n|t:|1683614074\n|switch|p1a: Flutter Mane|Flutter Mane, L50|100\/100\n|turn|8\n|\n|t:|1683614094\n|move|p1a: Flutter Mane|Dazzling Gleam|p2b: Dragonite|[spread] p2a,p2b\n|-crit|p2a: Finnie\n|-damage|p2a: Finnie|0 fnt\n|-damage|p2b: Dragonite|84\/100\n|faint|p2a: Finnie\n|move|p2b: Dragonite|Ice Spinner|p1a: Flutter Mane\n|-damage|p1a: Flutter Mane|0 fnt\n|faint|p1a: Flutter Mane\n|-end|p1a: Flutter Mane|Protosynthesis|[silent]\n|move|p1b: Ting-Lu|Sand Tomb|p2b: Dragonite\n|-damage|p2b: Dragonite|72\/100\n|-activate|p2b: Dragonite|move: Sand Tomb|[of] p1b: Ting-Lu\n|\n|-damage|p2b: Dragonite|60\/100|[from] move: Sand Tomb|[partiallytrapped]\n|upkeep\n|turn|9\n|\n|t:|1683614120\n|move|p1b: Ting-Lu|Protect|p1b: Ting-Lu\n|-singleturn|p1b: Ting-Lu|Protect\n|move|p2b: Dragonite|Outrage|p1b: Ting-Lu\n|-activate|p1b: Ting-Lu|move: Protect\n|\n|-damage|p2b: Dragonite|47\/100|[from] move: Sand Tomb|[partiallytrapped]\n|upkeep\n|turn|10\n|\n|t:|1683614137\n|move|p2b: Dragonite|Outrage|p1b: Ting-Lu\n|-damage|p1b: Ting-Lu|47\/100\n|move|p1b: Ting-Lu|Heavy Slam|p2b: Dragonite\n|-damage|p2b: Dragonite|29\/100\n|\n|-heal|p1b: Ting-Lu|53\/100|[from] item: Leftovers\n|-damage|p2b: Dragonite|17\/100|[from] move: Sand Tomb|[partiallytrapped]\n|upkeep\n|turn|11\n|l|\u2606Sakul55\n|player|p1|\n|j|\u2606Sakul55\n|player|p1|Sakul55|169\n|\n|t:|1683614155\n|move|p1b: Ting-Lu|Protect|p1b: Ting-Lu\n|-singleturn|p1b: Ting-Lu|Protect\n|move|p2b: Dragonite|Outrage|p1b: Ting-Lu|[from]lockedmove\n|-activate|p1b: Ting-Lu|move: Protect\n|-start|p2b: Dragonite|confusion|[fatigue]\n|-enditem|p2b: Dragonite|Lum Berry|[eat]\n|-end|p2b: Dragonite|confusion\n|\n|-heal|p1b: Ting-Lu|59\/100|[from] item: Leftovers\n|-damage|p2b: Dragonite|5\/100|[from] move: Sand Tomb|[partiallytrapped]\n|upkeep\n|turn|12\n|\n|t:|1683614168\n|move|p1b: Ting-Lu|Protect||[still]\n|-fail|p1b: Ting-Lu\n|move|p2b: Dragonite|Outrage|p1b: Ting-Lu\n|-damage|p1b: Ting-Lu|0 fnt\n|faint|p1b: Ting-Lu\n|\n|win|SweetSerenityGrace\n|raw|Sakul55's rating: 1316 → 1294<\/strong> (-22 for losing)\n|raw|SweetSerenityGrace's rating: 1276 → 1304<\/strong> (+28 for winning)\n","uploadtime":1683614178,"views":6,"p1id":"sakul55","p2id":"sweetserenitygrace","formatid":"gen9vgc2023regulationc","rating":1294,"private":0,"password":""}