{"id":"gen9vgc2023regulationc-1852660031","p1":"dada097","p2":"Fastjon4444","format":"[Gen 9] VGC 2023 Regulation C","log":"|j|\u2606dada097\n|j|\u2606Fastjon4444\n|t:|1682592662\n|gametype|doubles\n|player|p1|dada097|calem-masters|1331\n|player|p2|Fastjon4444|hilbert|1408\n|teamsize|p1|6\n|teamsize|p2|6\n|gen|9\n|tier|[Gen 9] VGC 2023 Regulation C\n|rated|\n|rule|Species Clause: Limit one of each Pok\u00e9mon\n|rule|Item Clause: Limit one of each item\n|clearpoke\n|poke|p1|Gyarados, L50, F|\n|poke|p1|Palafin, L50, M|\n|poke|p1|Flutter Mane, L50|\n|poke|p1|Chien-Pao, L50|\n|poke|p1|Annihilape, L50, F|\n|poke|p1|Amoonguss, L50, M|\n|poke|p2|Chien-Pao, L50|\n|poke|p2|Dragapult, L50, F|\n|poke|p2|Arcanine, L50, M|\n|poke|p2|Flutter Mane, L50|\n|poke|p2|Palafin, L50, F|\n|poke|p2|Amoonguss, L50, M|\n|teampreview|4\n|inactive|Battle timer is ON: inactive players will automatically lose when time's up. (requested by dada097)\n|\n|t:|1682592692\n|start\n|switch|p1a: Flutter Mane|Flutter Mane, L50|100\/100\n|switch|p1b: Chien-Pao|Chien-Pao, L50|100\/100\n|switch|p2a: Dragapult|Dragapult, L50, F|100\/100\n|switch|p2b: Amoonguss|Amoonguss, L50, M|100\/100\n|-ability|p1b: Chien-Pao|Sword of Ruin\n|turn|1\n|\n|t:|1682592716\n|switch|p2b: Arcanine|Arcanine, L50, M|100\/100\n|-ability|p2b: Arcanine|Intimidate|boost\n|-unboost|p1a: Flutter Mane|atk|1\n|-unboost|p1b: Chien-Pao|atk|1\n|-terastallize|p2a: Dragapult|Steel\n|move|p2a: Dragapult|Tera Blast|p1a: Flutter Mane\n|-supereffective|p1a: Flutter Mane\n|-damage|p1a: Flutter Mane|0 fnt\n|faint|p1a: Flutter Mane\n|-end|p1a: Flutter Mane|Protosynthesis|[silent]\n|move|p1b: Chien-Pao|Ice Spinner|p2b: Arcanine\n|-resisted|p2b: Arcanine\n|-damage|p2b: Arcanine|83\/100\n|\n|upkeep\n|\n|t:|1682592726\n|switch|p1a: Annihilape|Annihilape, L50, F|100\/100\n|turn|2\n|\n|t:|1682592743\n|switch|p1b: Amoonguss|Amoonguss, L50, M, shiny|100\/100\n|move|p2a: Dragapult|Tera Blast|p1b: Amoonguss\n|-damage|p1b: Amoonguss|68\/100\n|move|p2b: Arcanine|Will-O-Wisp|p1a: Annihilape\n|-status|p1a: Annihilape|brn\n|move|p1a: Annihilape|Drain Punch|p2a: Dragapult\n|-supereffective|p2a: Dragapult\n|-damage|p2a: Dragapult|46\/100\n|\n|-damage|p1a: Annihilape|94\/100 brn|[from] brn\n|upkeep\n|turn|3\n|inactive|dada097 has 30 seconds left.\n|\n|t:|1682592776\n|-terastallize|p1b: Amoonguss|Water\n|move|p2a: Dragapult|Phantom Force||[still]\n|-prepare|p2a: Dragapult|Phantom Force\n|move|p2b: Arcanine|Flare Blitz|p1b: Amoonguss\n|-resisted|p1b: Amoonguss\n|-damage|p1b: Amoonguss|41\/100\n|-damage|p2b: Arcanine|74\/100|[from] Recoil\n|move|p1a: Annihilape|Drain Punch|p2a: Dragapult|[miss]\n|-miss|p1a: Annihilape|p2a: Dragapult\n|move|p1b: Amoonguss|Pollen Puff|p1a: Annihilape\n|-heal|p1a: Annihilape|100\/100 brn\n|\n|-damage|p1a: Annihilape|94\/100 brn|[from] brn\n|upkeep\n|turn|4\n|\n|t:|1682592797\n|move|p2b: Arcanine|Extreme Speed|p1b: Amoonguss\n|-damage|p1b: Amoonguss|19\/100\n|-status|p2b: Arcanine|par|[from] ability: Effect Spore|[of] p1b: Amoonguss\n|-enditem|p1b: Amoonguss|Wiki Berry|[eat]\n|-heal|p1b: Amoonguss|52\/100|[from] item: Wiki Berry\n|move|p1b: Amoonguss|Rage Powder|p1b: Amoonguss\n|-singleturn|p1b: Amoonguss|move: Rage Powder\n|move|p2a: Dragapult|Phantom Force|p1b: Amoonguss|[from]lockedmove\n|-damage|p1b: Amoonguss|10\/100\n|move|p1a: Annihilape|Drain Punch|p2a: Dragapult\n|-supereffective|p2a: Dragapult\n|-damage|p2a: Dragapult|0 fnt\n|-heal|p1a: Annihilape|100\/100 brn|[from] drain|[of] p2a: Dragapult\n|faint|p2a: Dragapult\n|\n|-damage|p1a: Annihilape|94\/100 brn|[from] brn\n|upkeep\n|inactive|Fastjon4444 has 30 seconds left.\n|\n|t:|1682592829\n|switch|p2a: Flutter Mane|Flutter Mane, L50|100\/100\n|turn|5\n|inactive|Fastjon4444 has 30 seconds left.\n|\n|t:|1682592856\n|switch|p2b: Amoonguss|Amoonguss, L50, M|100\/100\n|move|p1b: Amoonguss|Rage Powder|p1b: Amoonguss\n|-singleturn|p1b: Amoonguss|move: Rage Powder\n|move|p2a: Flutter Mane|Dazzling Gleam|p1a: Annihilape|[spread] p1a,p1b\n|-supereffective|p1a: Annihilape\n|-damage|p1a: Annihilape|0 fnt\n|-damage|p1b: Amoonguss|0 fnt\n|faint|p1a: Annihilape\n|faint|p1b: Amoonguss\n|\n|upkeep\n|\n|t:|1682592863\n|switch|p1b: Chien-Pao|Chien-Pao, L50|100\/100\n|-ability|p1b: Chien-Pao|Sword of Ruin\n|turn|6\n|\n|t:|1682592872\n|move|p2b: Amoonguss|Rage Powder|p2b: Amoonguss\n|-singleturn|p2b: Amoonguss|move: Rage Powder\n|move|p1b: Chien-Pao|Ice Spinner|p2b: Amoonguss\n|-supereffective|p2b: Amoonguss\n|-damage|p2b: Amoonguss|15\/100\n|-damage|p1b: Chien-Pao|84\/100|[from] item: Rocky Helmet|[of] p2b: Amoonguss\n|move|p2a: Flutter Mane|Dazzling Gleam|p1b: Chien-Pao\n|-supereffective|p1b: Chien-Pao\n|-damage|p1b: Chien-Pao|0 fnt\n|faint|p1b: Chien-Pao\n|\n|win|Fastjon4444\n|raw|dada097's rating: 1331 → 1315<\/strong> (-16 for losing)\n|raw|Fastjon4444's rating: 1408 → 1424<\/strong> (+16 for winning)\n|l|\u2606dada097\n","uploadtime":1682592890,"views":10,"p1id":"dada097","p2id":"fastjon4444","formatid":"gen9vgc2023regulationc","rating":1315,"private":0,"password":""}