{"id":"gen9vgc2023regulationc-1858966939","p1":"TGH_sr","p2":"SilverGigalith","format":"[Gen 9] VGC 2023 Regulation C","log":"|j|\u2606TGH_sr\n|j|\u2606SilverGigalith\n|t:|1683388983\n|gametype|doubles\n|player|p1|TGH_sr|steven|1222\n|player|p2|SilverGigalith|palmer|1164\n|teamsize|p1|6\n|teamsize|p2|6\n|gen|9\n|tier|[Gen 9] VGC 2023 Regulation C\n|rated|\n|rule|Species Clause: Limit one of each Pok\u00e9mon\n|rule|Item Clause: Limit one of each item\n|clearpoke\n|poke|p1|Talonflame, L50, M|\n|poke|p1|Garchomp, L50, F|\n|poke|p1|Kingambit, L50, F|\n|poke|p1|Iron Bundle, L50|\n|poke|p1|Flutter Mane, L50|\n|poke|p1|Amoonguss, L50, F|\n|poke|p2|Palafin, L50, F|\n|poke|p2|Arcanine, L50, F|\n|poke|p2|Flutter Mane, L50|\n|poke|p2|Chi-Yu, L50|\n|poke|p2|Amoonguss, L50, M|\n|poke|p2|Baxcalibur, L50, M|\n|teampreview|4\n|inactive|Battle timer is ON: inactive players will automatically lose when time's up. (requested by SilverGigalith)\n|inactive|TGH_sr has 60 seconds left.\n|inactive|SilverGigalith has 60 seconds left.\nSilverGigalith has agreed to open team sheets.\nTGH_sr has agreed to open team sheets.\n|inactive|SilverGigalith has 30 seconds left.\n|inactive|SilverGigalith has 20 seconds left.\n|inactive|SilverGigalith has 15 seconds left.\n|inactive|SilverGigalith has 10 seconds left.\n|inactive|SilverGigalith has 5 seconds left.\n|\n|t:|1683389071\n|start\n|switch|p1a: Talonflame|Talonflame, L50, M|100\/100\n|switch|p1b: Garchomp|Garchomp, L50, F|100\/100\n|switch|p2a: Palafin|Palafin, L50, F|100\/100\n|switch|p2b: Flutter Mane|Flutter Mane, L50|100\/100\n|-enditem|p2b: Flutter Mane|Booster Energy\n|-activate|p2b: Flutter Mane|ability: Protosynthesis|[fromitem]\n|-start|p2b: Flutter Mane|protosynthesisspa\n|turn|1\n|inactive|TGH_sr has 30 seconds left.\n|inactive|SilverGigalith has 30 seconds left.\n|inactive|SilverGigalith has 20 seconds left.\n|\n|t:|1683389113\n|-terastallize|p2b: Flutter Mane|Steel\n|-terastallize|p1b: Garchomp|Ground\n|move|p1a: Talonflame|Tailwind|p1a: Talonflame\n|-sidestart|p1: TGH_sr|move: Tailwind\n|move|p1b: Garchomp|Earthquake|p2a: Palafin|[spread] p2a,p2b\n|-immune|p1a: Talonflame\n|-supereffective|p2b: Flutter Mane\n|-damage|p2a: Palafin|15\/100\n|-damage|p2b: Flutter Mane|0 fnt\n|faint|p2b: Flutter Mane\n|-end|p2b: Flutter Mane|Protosynthesis|[silent]\n|-damage|p1b: Garchomp|91\/100|[from] item: Life Orb\n|move|p2a: Palafin|Wave Crash|p1a: Talonflame\n|-supereffective|p1a: Talonflame\n|-damage|p1a: Talonflame|0 fnt\n|-damage|p2a: Palafin|0 fnt|[from] item: Rocky Helmet|[of] p1a: Talonflame\n|faint|p1a: Talonflame\n|faint|p2a: Palafin\n|\n|upkeep\n|\n|t:|1683389137\n|switch|p1a: Iron Bundle|Iron Bundle, L50|100\/100\n|switch|p2b: Amoonguss|Amoonguss, L50, M|100\/100\n|switch|p2a: Chi-Yu|Chi-Yu, L50|100\/100\n|-ability|p2a: Chi-Yu|Beads of Ruin\n|-enditem|p1a: Iron Bundle|Booster Energy\n|-activate|p1a: Iron Bundle|ability: Quark Drive|[fromitem]\n|-start|p1a: Iron Bundle|quarkdrivespe\n|turn|2\n|\n|t:|1683389154\n|move|p1a: Iron Bundle|Protect|p1a: Iron Bundle\n|-singleturn|p1a: Iron Bundle|Protect\n|move|p1b: Garchomp|Protect|p1b: Garchomp\n|-singleturn|p1b: Garchomp|Protect\n|move|p2a: Chi-Yu|Heat Wave|p1a: Iron Bundle|[spread] \n|-activate|p1a: Iron Bundle|move: Protect\n|-activate|p1b: Garchomp|move: Protect\n|move|p2b: Amoonguss|Spore|p1b: Garchomp\n|-activate|p1b: Garchomp|move: Protect\n|\n|upkeep\n|turn|3\n|inactive|TGH_sr has 30 seconds left.\n|inactive|TGH_sr has 20 seconds left.\n|inactive|TGH_sr has 15 seconds left.\n|inactive|TGH_sr has 10 seconds left.\n|\n|t:|1683389200\n|move|p1a: Iron Bundle|Icy Wind|p2b: Amoonguss|[spread] p2a,p2b\n|-resisted|p2a: Chi-Yu\n|-supereffective|p2b: Amoonguss\n|-damage|p2a: Chi-Yu|88\/100\n|-damage|p2b: Amoonguss|50\/100\n|-unboost|p2a: Chi-Yu|spe|1\n|-unboost|p2b: Amoonguss|spe|1\n|move|p1b: Garchomp|Dragon Claw|p2b: Amoonguss\n|-damage|p2b: Amoonguss|4\/100\n|-damage|p1b: Garchomp|75\/100|[from] item: Rocky Helmet|[of] p2b: Amoonguss\n|-damage|p1b: Garchomp|65\/100|[from] item: Life Orb\n|move|p2a: Chi-Yu|Heat Wave|p1b: Garchomp|[spread] p1a,p1b\n|-damage|p1a: Iron Bundle|22\/100\n|-damage|p1b: Garchomp|18\/100\n|move|p2b: Amoonguss|Spore|p1b: Garchomp\n|-status|p1b: Garchomp|slp|[from] move: Spore\n|\n|upkeep\n|turn|4\n|\n|t:|1683389221\n|cant|p1b: Garchomp|slp\n|move|p2b: Amoonguss|Protect|p2b: Amoonguss\n|-singleturn|p2b: Amoonguss|Protect\n|move|p1a: Iron Bundle|Icy Wind|p2a: Chi-Yu|[spread] p2a\n|-activate|p2b: Amoonguss|move: Protect\n|-resisted|p2a: Chi-Yu\n|-damage|p2a: Chi-Yu|76\/100\n|-unboost|p2a: Chi-Yu|spe|1\n|move|p2a: Chi-Yu|Heat Wave|p1b: Garchomp|[spread] p1a,p1b\n|-damage|p1a: Iron Bundle|0 fnt\n|-damage|p1b: Garchomp|0 fnt\n|faint|p1a: Iron Bundle\n|-end|p1a: Iron Bundle|Quark Drive|[silent]\n|faint|p1b: Garchomp\n|\n|-sideend|p1: TGH_sr|move: Tailwind\n|upkeep\n|\n|t:|1683389238\n|switch|p1b: Flutter Mane|Flutter Mane, L50|100\/100\n|turn|5\n|\n|t:|1683389254\n|move|p1b: Flutter Mane|Dazzling Gleam|p2a: Chi-Yu|[spread] p2a,p2b\n|-resisted|p2b: Amoonguss\n|-damage|p2a: Chi-Yu|20\/100\n|-damage|p2b: Amoonguss|0 fnt\n|faint|p2b: Amoonguss\n|move|p2a: Chi-Yu|Heat Wave|p1b: Flutter Mane\n|-damage|p1b: Flutter Mane|35\/100\n|\n|upkeep\n|turn|6\n|\n|t:|1683389260\n|move|p1b: Flutter Mane|Dazzling Gleam|p2a: Chi-Yu\n|-damage|p2a: Chi-Yu|0 fnt\n|faint|p2a: Chi-Yu\n|\n|win|TGH_sr\n|raw|TGH_sr's rating: 1222 → 1243<\/strong> (+21 for winning)\n|raw|SilverGigalith's rating: 1164 → 1143<\/strong> (-21 for losing)\n|l|\u2606SilverGigalith\n","uploadtime":1683389268,"views":13,"p1id":"tghsr","p2id":"silvergigalith","formatid":"gen9vgc2023regulationc","rating":1143,"private":0,"password":""}