{"id":"gen9vgc2023regulationc-1860664423","p1":"Chickenmdjw","p2":"TheNamesNap","format":"[Gen 9] VGC 2023 Regulation C","log":"|j|\u2606Chickenmdjw\n|j|\u2606TheNamesNap\n|t:|1683663923\n|gametype|doubles\n|player|p1|Chickenmdjw|266|1083\n|player|p2|TheNamesNap|101|1175\n|teamsize|p1|6\n|teamsize|p2|6\n|gen|9\n|tier|[Gen 9] VGC 2023 Regulation C\n|rated|\n|rule|Species Clause: Limit one of each Pok\u00e9mon\n|rule|Item Clause: Limit one of each item\n|clearpoke\n|poke|p1|Dragonite, L50, F|\n|poke|p1|Flutter Mane, L50|\n|poke|p1|Ting-Lu, L50|\n|poke|p1|Tyranitar, L50, M|\n|poke|p1|Bronzong, L50|\n|poke|p1|Iron Hands, L50|\n|poke|p2|Tyranitar, L50, M|\n|poke|p2|Lycanroc, L50, M|\n|poke|p2|Gyarados, L50, M|\n|poke|p2|Amoonguss, L50, F|\n|poke|p2|Flutter Mane, L50|\n|poke|p2|Ting-Lu, L50|\n|teampreview|4\nTheNamesNap has agreed to open team sheets.\n|inactive|Battle timer is ON: inactive players will automatically lose when time's up. (requested by Chickenmdjw)\n|\n|t:|1683663966\n|start\n|switch|p1a: Iron Hands|Iron Hands, L50|100\/100\n|switch|p1b: Ting-Lu|Ting-Lu, L50|100\/100\n|switch|p2a: Flutter Mane|Flutter Mane, L50|100\/100\n|switch|p2b: Gyarados|Gyarados, L50, M|100\/100\n|-ability|p2b: Gyarados|Intimidate|boost\n|-unboost|p1a: Iron Hands|atk|1\n|-unboost|p1b: Ting-Lu|atk|1\n|-ability|p1b: Ting-Lu|Vessel of Ruin\n|-enditem|p2a: Flutter Mane|Booster Energy\n|-activate|p2a: Flutter Mane|ability: Protosynthesis|[fromitem]\n|-start|p2a: Flutter Mane|protosynthesisspe\n|turn|1\n|\n|t:|1683663991\n|-terastallize|p2a: Flutter Mane|Fairy\n|-terastallize|p1a: Iron Hands|Fire\n|move|p2b: Gyarados|Protect|p2b: Gyarados\n|-singleturn|p2b: Gyarados|Protect\n|move|p2a: Flutter Mane|Moonblast|p1b: Ting-Lu\n|-supereffective|p1b: Ting-Lu\n|-damage|p1b: Ting-Lu|26\/100\n|-unboost|p1b: Ting-Lu|spa|1\n|move|p1a: Iron Hands|Volt Switch|p2b: Gyarados\n|-activate|p2b: Gyarados|move: Protect\n|move|p1b: Ting-Lu|Rock Slide|p2b: Gyarados|[spread] p2a\n|-activate|p2b: Gyarados|move: Protect\n|-damage|p2a: Flutter Mane|78\/100\n|\n|upkeep\n|turn|2\n|\n|t:|1683664014\n|switch|p1b: Tyranitar|Tyranitar, L50, M|100\/100\n|-weather|Sandstorm|[from] ability: Sand Stream|[of] p1b: Tyranitar\n|move|p2a: Flutter Mane|Dazzling Gleam|p1b: Tyranitar|[spread] p1a,p1b\n|-resisted|p1a: Iron Hands\n|-supereffective|p1b: Tyranitar\n|-crit|p1b: Tyranitar\n|-damage|p1a: Iron Hands|82\/100\n|-damage|p1b: Tyranitar|57\/100\n|move|p2b: Gyarados|Waterfall|p1a: Iron Hands\n|-supereffective|p1a: Iron Hands\n|-damage|p1a: Iron Hands|41\/100\n|move|p1a: Iron Hands|Wild Charge|p2b: Gyarados\n|-supereffective|p2b: Gyarados\n|-damage|p2b: Gyarados|0 fnt\n|faint|p2b: Gyarados\n|-damage|p1a: Iron Hands|20\/100|[from] Recoil\n|\n|-weather|Sandstorm|[upkeep]\n|-damage|p2a: Flutter Mane|72\/100|[from] Sandstorm\n|upkeep\n|\n|t:|1683664025\n|switch|p2b: Lycanroc|Lycanroc, L50, M|100\/100\n|turn|3\n|\n|t:|1683664045\n|-end|p1a: Iron Hands|Quark Drive|[silent]\n|switch|p1a: Ting-Lu|Ting-Lu, L50|26\/100\n|-ability|p1a: Ting-Lu|Vessel of Ruin\n|move|p2b: Lycanroc|Rock Slide|p1b: Tyranitar|[spread] p1a,p1b\n|-resisted|p1a: Ting-Lu\n|-damage|p1a: Ting-Lu|18\/100\n|-damage|p1b: Tyranitar|39\/100\n|move|p2a: Flutter Mane|Moonblast|p1a: Ting-Lu\n|-supereffective|p1a: Ting-Lu\n|-damage|p1a: Ting-Lu|0 fnt\n|faint|p1a: Ting-Lu\n|move|p1b: Tyranitar|Rock Slide|p2a: Flutter Mane|[spread] p2a,p2b\n|-damage|p2a: Flutter Mane|12\/100\n|-damage|p2b: Lycanroc|50\/100\n|\n|-weather|Sandstorm|[upkeep]\n|-damage|p2a: Flutter Mane|6\/100|[from] Sandstorm\n|upkeep\n|\n|t:|1683664060\n|switch|p1a: Iron Hands|Iron Hands, L50, tera:Fire|20\/100\n|turn|4\n|\n|t:|1683664073\n|move|p2a: Flutter Mane|Protect|p2a: Flutter Mane\n|-singleturn|p2a: Flutter Mane|Protect\n|move|p1a: Iron Hands|Fake Out|p2a: Flutter Mane\n|-activate|p2a: Flutter Mane|move: Protect\n|move|p2b: Lycanroc|Bulldoze|p1a: Iron Hands|[spread] p1a,p1b\n|-activate|p2a: Flutter Mane|move: Protect\n|-supereffective|p1a: Iron Hands\n|-supereffective|p1b: Tyranitar\n|-damage|p1a: Iron Hands|3\/100\n|-damage|p1b: Tyranitar|17\/100\n|-unboost|p1a: Iron Hands|spe|1\n|-unboost|p1b: Tyranitar|spe|1\n|move|p1b: Tyranitar|Crunch|p2b: Lycanroc\n|-damage|p2b: Lycanroc|0 fnt\n|faint|p2b: Lycanroc\n|\n|-weather|Sandstorm|[upkeep]\n|-damage|p2a: Flutter Mane|0 fnt|[from] Sandstorm\n|faint|p2a: Flutter Mane\n|-end|p2a: Flutter Mane|Protosynthesis|[silent]\n|upkeep\n|\n|t:|1683664081\n|switch|p2b: Tyranitar|Tyranitar, L50, M|100\/100\n|turn|5\n|\n|t:|1683664106\n|move|p2b: Tyranitar|Protect|p2b: Tyranitar\n|-singleturn|p2b: Tyranitar|Protect\n|move|p1b: Tyranitar|Crunch|p2b: Tyranitar\n|-activate|p2b: Tyranitar|move: Protect\n|move|p1a: Iron Hands|Close Combat|p2b: Tyranitar\n|-activate|p2b: Tyranitar|move: Protect\n|\n|-weather|Sandstorm|[upkeep]\n|upkeep\n|turn|6\n|\n|t:|1683664118\n|move|p2b: Tyranitar|Rock Slide|p1b: Tyranitar|[spread] p1a,p1b\n|-supereffective|p1a: Iron Hands\n|-damage|p1a: Iron Hands|0 fnt\n|-damage|p1b: Tyranitar|0 fnt\n|faint|p1a: Iron Hands\n|-end|p1a: Iron Hands|Quark Drive|[silent]\n|faint|p1b: Tyranitar\n|\n|-weather|none\n|upkeep\n|\n|t:|1683664130\n|switch|p1b: Dragonite|Dragonite, L50, F, shiny|100\/100\n|turn|7\n|\n|t:|1683664138\n|move|p1b: Dragonite|Stomping Tantrum|p2b: Tyranitar\n|-supereffective|p2b: Tyranitar\n|-damage|p2b: Tyranitar|41\/100\n|-enditem|p2b: Tyranitar|Weakness Policy\n|-boost|p2b: Tyranitar|atk|2|[from] item: Weakness Policy\n|-boost|p2b: Tyranitar|spa|2|[from] item: Weakness Policy\n|-damage|p1b: Dragonite|91\/100|[from] item: Life Orb\n|move|p2b: Tyranitar|Rock Slide|p1b: Dragonite\n|-supereffective|p1b: Dragonite\n|-damage|p1b: Dragonite|0 fnt\n|faint|p1b: Dragonite\n|\n|win|TheNamesNap\n|raw|Chickenmdjw's rating: 1083 → 1066<\/strong> (-17 for losing)\n|raw|TheNamesNap's rating: 1175 → 1194<\/strong> (+19 for winning)\n|l|\u2606Chickenmdjw\n","uploadtime":1683664153,"views":7,"p1id":"chickenmdjw","p2id":"thenamesnap","formatid":"gen9vgc2023regulationc","rating":1066,"private":0,"password":""}