{"id":"gen9vgc2023regulationc-1847017690","p1":"ACavalDonato1","p2":"Zoono","format":"[Gen 9] VGC 2023 Regulation C","log":"|j|\u2606ACavalDonato1\n|j|\u2606Zoono\n|t:|1681912087\n|gametype|doubles\n|player|p1|ACavalDonato1|1|1254\n|player|p2|Zoono|ghetsis-gen5bw|1187\n|teamsize|p1|6\n|teamsize|p2|6\n|gen|9\n|tier|[Gen 9] VGC 2023 Regulation C\n|rated|\n|rule|Species Clause: Limit one of each Pok\u00e9mon\n|rule|Item Clause: Limit one of each item\n|clearpoke\n|poke|p1|Palafin, L50, F|\n|poke|p1|Chien-Pao, L50|\n|poke|p1|Dragapult, L50, F|\n|poke|p1|Amoonguss, L50, F|\n|poke|p1|Arcanine, L50, F|\n|poke|p1|Flutter Mane, L50|\n|poke|p2|Flutter Mane, L50|\n|poke|p2|Amoonguss, L50, F|\n|poke|p2|Arcanine, L50, M|\n|poke|p2|Palafin, L50, M|\n|poke|p2|Ting-Lu, L50|\n|poke|p2|Dragonite, L50, M|\n|teampreview|4\nZoono has agreed to open team sheets.\nACavalDonato1 has agreed to open team sheets.\n|inactive|Battle timer is ON: inactive players will automatically lose when time's up. (requested by Zoono)\n|\n|t:|1681912244\n|start\n|switch|p1a: Dozo|Palafin, L50, F|100\/100\n|switch|p1b: Bundle|Chien-Pao, L50|100\/100\n|switch|p2a: Nugget|Arcanine, L50, M, shiny|100\/100\n|switch|p2b: PalaWIN|Palafin, L50, M|100\/100\n|-ability|p1b: Bundle|Sword of Ruin\n|-ability|p2a: Nugget|Intimidate|boost\n|-unboost|p1a: Dozo|atk|1\n|-unboost|p1b: Bundle|atk|1\n|turn|1\n|\n|t:|1681912264\n|detailschange|p1a: Dozo|Palafin-Hero, L50, F\n|switch|p1a: ChiYu|Arcanine, L50, F|100\/100\n|-ability|p1a: ChiYu|Intimidate|boost\n|-unboost|p2a: Nugget|atk|1\n|-unboost|p2b: PalaWIN|atk|1\n|move|p1b: Bundle|Protect|p1b: Bundle\n|-singleturn|p1b: Bundle|Protect\n|move|p2b: PalaWIN|Protect|p2b: PalaWIN\n|-singleturn|p2b: PalaWIN|Protect\n|move|p2a: Nugget|Will-O-Wisp|p1b: Bundle\n|-activate|p1b: Bundle|move: Protect\n|\n|upkeep\n|turn|2\n|inactive|ACavalDonato1 has 30 seconds left.\n|inactive|Zoono has 30 seconds left.\n|\n|t:|1681912293\n|move|p1b: Bundle|Sacred Sword|p2a: Nugget\n|-damage|p2a: Nugget|78\/100\n|move|p1a: ChiYu|Will-O-Wisp|p2b: PalaWIN\n|-status|p2b: PalaWIN|brn\n|move|p2b: PalaWIN|Drain Punch|p1b: Bundle\n|-supereffective|p1b: Bundle\n|-crit|p1b: Bundle\n|-damage|p1b: Bundle|21\/100\n|move|p2a: Nugget|Will-O-Wisp|p1b: Bundle\n|-status|p1b: Bundle|brn\n|\n|-damage|p1b: Bundle|15\/100 brn|[from] brn\n|-damage|p2b: PalaWIN|95\/100 brn|[from] brn\n|upkeep\n|turn|3\n|\n|t:|1681912315\n|switch|p2a: My man|Dragonite, L50, M, shiny|100\/100\n|move|p1a: ChiYu|Extreme Speed|p2a: My man\n|-damage|p2a: My man|87\/100\n|move|p2b: PalaWIN|Jet Punch|p1b: Bundle\n|-damage|p1b: Bundle|2\/100 brn\n|move|p1b: Bundle|Sacred Sword|p2a: My man\n|-resisted|p2a: My man\n|-damage|p2a: My man|80\/100\n|\n|-damage|p1b: Bundle|0 fnt|[from] brn\n|faint|p1b: Bundle\n|-damage|p2b: PalaWIN|89\/100 brn|[from] brn\n|upkeep\n|\n|t:|1681912333\n|switch|p1b: Dnite|Dragapult, L50, F|100\/100\n|turn|4\n|inactive|ACavalDonato1 has 30 seconds left.\n|\n|t:|1681912361\n|detailschange|p2b: PalaWIN|Palafin-Hero, L50, M\n|switch|p2b: Ting-Lu|Ting-Lu, L50|100\/100\n|-ability|p2b: Ting-Lu|Vessel of Ruin\n|-terastallize|p1b: Dnite|Steel\n|move|p1b: Dnite|Dragon Darts|p2a: My man\n|-supereffective|p2a: My man\n|-damage|p2a: My man|14\/100\n|-anim|p1b: Dnite|Dragon Darts|p2b: Ting-Lu\n|-damage|p2b: Ting-Lu|82\/100\n|move|p1a: ChiYu|Flare Blitz|p2a: My man\n|-resisted|p2a: My man\n|-damage|p2a: My man|0 fnt\n|faint|p2a: My man\n|-damage|p1a: ChiYu|96\/100|[from] Recoil\n|\n|upkeep\n|inactive|Zoono has 30 seconds left.\n|\n|t:|1681912386\n|switch|p2a: PalaWIN|Palafin-Hero, L50, M|89\/100 brn\n|-activate|p2a: PalaWIN|ability: Zero to Hero\n|turn|5\n|\n|t:|1681912408\n|move|p1b: Dnite|Dragon Darts|p2b: Ting-Lu\n|-damage|p2b: Ting-Lu|61\/100\n|-anim|p1b: Dnite|Dragon Darts|p2a: PalaWIN\n|-damage|p2a: PalaWIN|54\/100 brn\n|move|p1a: ChiYu|Will-O-Wisp|p2b: Ting-Lu|[miss]\n|-miss|p1a: ChiYu|p2b: Ting-Lu\n|move|p2a: PalaWIN|Drain Punch|p1b: Dnite\n|-supereffective|p1b: Dnite\n|-damage|p1b: Dnite|52\/100\n|-heal|p2a: PalaWIN|75\/100 brn|[from] drain|[of] p1b: Dnite\n|move|p2b: Ting-Lu|Stomping Tantrum|p1b: Dnite\n|-supereffective|p1b: Dnite\n|-damage|p1b: Dnite|0 fnt\n|faint|p1b: Dnite\n|\n|-damage|p2a: PalaWIN|69\/100 brn|[from] brn\n|upkeep\n|\n|t:|1681912422\n|switch|p1b: Dozo|Palafin-Hero, L50, F|100\/100\n|-activate|p1b: Dozo|ability: Zero to Hero\n|turn|6\n|\n|t:|1681912441\n|-terastallize|p2b: Ting-Lu|Poison\n|move|p2a: PalaWIN|Jet Punch|p1a: ChiYu\n|-supereffective|p1a: ChiYu\n|-damage|p1a: ChiYu|47\/100\n|move|p1a: ChiYu|Will-O-Wisp|p2b: Ting-Lu\n|-status|p2b: Ting-Lu|brn\n|move|p1b: Dozo|Wave Crash|p2a: PalaWIN\n|-resisted|p2a: PalaWIN\n|-damage|p2a: PalaWIN|29\/100 brn\n|-damage|p1b: Dozo|88\/100|[from] Recoil\n|move|p2b: Ting-Lu|Stomping Tantrum|p1a: ChiYu\n|-supereffective|p1a: ChiYu\n|-damage|p1a: ChiYu|15\/100\n|\n|-damage|p2a: PalaWIN|23\/100 brn|[from] brn\n|-damage|p2b: Ting-Lu|55\/100 brn|[from] brn\n|upkeep\n|turn|7\n|inactive|Zoono has 30 seconds left.\n|\n|t:|1681912467\n|move|p1a: ChiYu|Protect|p1a: ChiYu\n|-singleturn|p1a: ChiYu|Protect\n|move|p2a: PalaWIN|Drain Punch|p1b: Dozo\n|-damage|p1b: Dozo|73\/100\n|-heal|p2a: PalaWIN|31\/100 brn|[from] drain|[of] p1b: Dozo\n|move|p1b: Dozo|Wave Crash|p2b: Ting-Lu\n|-damage|p2b: Ting-Lu|5\/100 brn\n|-damage|p1b: Dozo|53\/100|[from] Recoil\n|move|p2b: Ting-Lu|Stomping Tantrum|p1a: ChiYu\n|-activate|p1a: ChiYu|move: Protect\n|\n|-damage|p2a: PalaWIN|25\/100 brn|[from] brn\n|-damage|p2b: Ting-Lu|0 fnt|[from] brn\n|faint|p2b: Ting-Lu\n|upkeep\n|\n|t:|1681912481\n|switch|p2b: Nugget|Arcanine, L50, M, shiny|78\/100\n|-ability|p2b: Nugget|Intimidate|boost\n|-unboost|p1a: ChiYu|atk|1\n|-unboost|p1b: Dozo|atk|1\n|turn|8\n|\n|t:|1681912503\n|move|p1a: ChiYu|Extreme Speed|p2a: PalaWIN\n|-damage|p2a: PalaWIN|12\/100 brn\n|move|p2a: PalaWIN|Jet Punch|p1a: ChiYu\n|-supereffective|p1a: ChiYu\n|-damage|p1a: ChiYu|0 fnt\n|faint|p1a: ChiYu\n|move|p1b: Dozo|Wave Crash|p2a: PalaWIN\n|-resisted|p2a: PalaWIN\n|-damage|p2a: PalaWIN|0 fnt\n|faint|p2a: PalaWIN\n|-damage|p1b: Dozo|49\/100|[from] Recoil\n|move|p2b: Nugget|Will-O-Wisp|p1b: Dozo|[miss]\n|-miss|p2b: Nugget|p1b: Dozo\n|\n|upkeep\n|turn|9\n|\n|t:|1681912520\n|move|p1b: Dozo|Wave Crash|p2b: Nugget\n|-supereffective|p2b: Nugget\n|-damage|p2b: Nugget|0 fnt\n|faint|p2b: Nugget\n|-damage|p1b: Dozo|25\/100|[from] Recoil\n|\n|win|ACavalDonato1\n|raw|ACavalDonato1's rating: 1254 → 1274<\/strong> (+20 for winning)\n|raw|Zoono's rating: 1187 → 1167<\/strong> (-20 for losing)\n|l|\u2606ACavalDonato1\n","uploadtime":1681912530,"views":7,"p1id":"acavaldonato1","p2id":"zoono","formatid":"gen9vgc2023regulationc","rating":1167,"private":0,"password":""}