{"id":"gen9vgc2023regulationc-1860188418","p1":"mistah mistah 11","p2":"Knightedsquirrel","format":"[Gen 9] VGC 2023 Regulation C","log":"|j|\u2606mistah mistah 11\n|j|\u2606Knightedsquirrel\n|t:|1683607046\n|gametype|doubles\n|player|p1|mistah mistah 11|170|1124\n|player|p2|Knightedsquirrel|101|1204\n|teamsize|p1|6\n|teamsize|p2|6\n|gen|9\n|tier|[Gen 9] VGC 2023 Regulation C\n|rated|\n|rule|Species Clause: Limit one of each Pok\u00e9mon\n|rule|Item Clause: Limit one of each item\n|clearpoke\n|poke|p1|Flamigo, L50, F|\n|poke|p1|Tsareena, L50, F|\n|poke|p1|Torkoal, L50, M|\n|poke|p1|Flutter Mane, L50|\n|poke|p1|Baxcalibur, L50, F|\n|poke|p1|Gyarados, L50, M|\n|poke|p2|Abomasnow, L50, F|\n|poke|p2|Iron Bundle, L50|\n|poke|p2|Gyarados, L50, M|\n|poke|p2|Chi-Yu, L50|\n|poke|p2|Talonflame, L50, F|\n|poke|p2|Garchomp, L50, F|\n|teampreview|4\n|\n|t:|1683607074\n|start\n|switch|p1a: Torkoal|Torkoal, L50, M|100\/100\n|switch|p1b: Flamigo|Flamigo, L50, F|100\/100\n|switch|p2a: Talonflame|Talonflame, L50, F|100\/100\n|switch|p2b: Garchomp|Garchomp, L50, F|100\/100\n|-weather|SunnyDay|[from] ability: Drought|[of] p1a: Torkoal\n|turn|1\n|\n|t:|1683607103\n|move|p2b: Garchomp|Protect|p2b: Garchomp\n|-singleturn|p2b: Garchomp|Protect\n|move|p1a: Torkoal|Protect|p1a: Torkoal\n|-singleturn|p1a: Torkoal|Protect\n|move|p2a: Talonflame|Tailwind|p2a: Talonflame\n|-sidestart|p2: Knightedsquirrel|move: Tailwind\n|move|p1b: Flamigo|Brave Bird|p2b: Garchomp\n|-activate|p2b: Garchomp|move: Protect\n|\n|-weather|SunnyDay|[upkeep]\n|upkeep\n|turn|2\n|\n|t:|1683607156\n|move|p2a: Talonflame|Will-O-Wisp|p1b: Flamigo\n|-status|p1b: Flamigo|brn\n|move|p2b: Garchomp|Swords Dance|p2b: Garchomp\n|-boost|p2b: Garchomp|atk|2\n|move|p1b: Flamigo|Brave Bird|p2b: Garchomp\n|-damage|p2b: Garchomp|68\/100\n|-damage|p1b: Flamigo|88\/100 brn|[from] ability: Rough Skin|[of] p2b: Garchomp\n|-damage|p1b: Flamigo|76\/100 brn|[from] Recoil\n|move|p1a: Torkoal|Overheat|p2b: Garchomp\n|-resisted|p2b: Garchomp\n|-damage|p2b: Garchomp|30\/100\n|-unboost|p1a: Torkoal|spa|2\n|-enditem|p1a: Torkoal|Eject Pack\n|\n|t:|1683607171\n|switch|p1a: Flutter Mane|Flutter Mane, L50|100\/100\n|-activate|p1a: Flutter Mane|ability: Protosynthesis\n|-start|p1a: Flutter Mane|protosynthesisspa\n|\n|-weather|SunnyDay|[upkeep]\n|-damage|p1b: Flamigo|70\/100 brn|[from] brn\n|upkeep\n|turn|3\n|\n|t:|1683607188\n|-end|p1a: Flutter Mane|Protosynthesis|[silent]\n|switch|p1a: Torkoal|Torkoal, L50, M|100\/100\n|move|p2a: Talonflame|Brave Bird|p1b: Flamigo\n|-supereffective|p1b: Flamigo\n|-damage|p1b: Flamigo|0 fnt\n|faint|p1b: Flamigo\n|-damage|p2a: Talonflame|77\/100|[from] Recoil\n|move|p2b: Garchomp|Earthquake|p1a: Torkoal|[spread] p1a\n|-immune|p2a: Talonflame\n|-supereffective|p1a: Torkoal\n|-damage|p1a: Torkoal|8\/100\n|\n|-weather|SunnyDay|[upkeep]\n|upkeep\n|\n|t:|1683607204\n|switch|p1b: Baxcalibur|Baxcalibur, L50, F|100\/100\n|turn|4\n|\n|t:|1683607227\n|move|p2a: Talonflame|Protect|p2a: Talonflame\n|-singleturn|p2a: Talonflame|Protect\n|move|p2b: Garchomp|Protect|p2b: Garchomp\n|-singleturn|p2b: Garchomp|Protect\n|move|p1b: Baxcalibur|Protect|p1b: Baxcalibur\n|-singleturn|p1b: Baxcalibur|Protect\n|move|p1a: Torkoal|Rock Tomb|p2a: Talonflame\n|-activate|p2a: Talonflame|move: Protect\n|\n|-weather|SunnyDay|[upkeep]\n|-sideend|p2: Knightedsquirrel|move: Tailwind\n|upkeep\n|turn|5\n|\n|t:|1683607260\n|-terastallize|p2b: Garchomp|Fire\n|move|p1b: Baxcalibur|Ice Shard|p2b: Garchomp\n|-resisted|p2b: Garchomp\n|-damage|p2b: Garchomp|17\/100\n|move|p2a: Talonflame|Tailwind|p2a: Talonflame\n|-sidestart|p2: Knightedsquirrel|move: Tailwind\n|move|p2b: Garchomp|Earthquake|p1a: Torkoal|[spread] p1a,p1b\n|-immune|p2a: Talonflame\n|-supereffective|p1a: Torkoal\n|-damage|p1a: Torkoal|0 fnt\n|-damage|p1b: Baxcalibur|28\/100\n|faint|p1a: Torkoal\n|\n|-weather|none\n|upkeep\n|\n|t:|1683607271\n|switch|p1a: Flutter Mane|Flutter Mane, L50|100\/100\n|turn|6\n|\n|t:|1683607285\n|move|p1b: Baxcalibur|Protect|p1b: Baxcalibur\n|-singleturn|p1b: Baxcalibur|Protect\n|move|p2a: Talonflame|Brave Bird|p1a: Flutter Mane\n|-damage|p1a: Flutter Mane|8\/100\n|-damage|p2a: Talonflame|51\/100|[from] Recoil\n|move|p2b: Garchomp|Earthquake|p1a: Flutter Mane|[spread] p1a\n|-activate|p1b: Baxcalibur|move: Protect\n|-immune|p2a: Talonflame\n|-damage|p1a: Flutter Mane|0 fnt\n|faint|p1a: Flutter Mane\n|-end|p1a: Flutter Mane|Protosynthesis|[silent]\n|\n|upkeep\n|turn|7\n|-message|mistah mistah 11 forfeited.\n|\n|win|Knightedsquirrel\n|raw|mistah mistah 11's rating: 1124 → 1105<\/strong> (-19 for losing)\n|raw|Knightedsquirrel's rating: 1204 → 1223<\/strong> (+19 for winning)\n|l|\u2606mistah mistah 11\n","uploadtime":1683607301,"views":10,"p1id":"mistahmistah11","p2id":"knightedsquirrel","formatid":"gen9vgc2023regulationc","rating":1105,"private":0,"password":""}