{"id":"gen9vgc2023regulationc-1861238559","p1":"Izayoi Saya","p2":"RadiantBlue4552","format":"[Gen 9] VGC 2023 Regulation C","log":"|j|\u2606Izayoi Saya\n|j|\u2606RadiantBlue4552\n|t:|1683738543\n|gametype|doubles\n|player|p1|Izayoi Saya|ingo|1298\n|player|p2|RadiantBlue4552|101|1345\n|teamsize|p1|6\n|teamsize|p2|6\n|gen|9\n|tier|[Gen 9] VGC 2023 Regulation C\n|rated|\n|rule|Species Clause: Limit one of each Pok\u00e9mon\n|rule|Item Clause: Limit one of each item\n|clearpoke\n|poke|p1|Scream Tail, L50|\n|poke|p1|Ting-Lu, L50|\n|poke|p1|Murkrow, L50, M|\n|poke|p1|Maushold, L50|\n|poke|p1|Gothitelle, L50, M|\n|poke|p1|Flutter Mane, L50|\n|poke|p2|Kingambit, L50, M|\n|poke|p2|Hariyama, L50, F|\n|poke|p2|Garchomp, L50, M|\n|poke|p2|Torkoal, L50, F|\n|poke|p2|Brute Bonnet, L50|\n|poke|p2|Oranguru, L50, F|\n|teampreview|4\n|inactive|Battle timer is ON: inactive players will automatically lose when time's up. (requested by Izayoi Saya)\n|\n|t:|1683738565\n|start\n|switch|p1a: Ting-Lu|Ting-Lu, L50|100\/100\n|switch|p1b: Murkrow|Murkrow, L50, M|100\/100\n|switch|p2a: Oranguru|Oranguru, L50, F|100\/100\n|switch|p2b: Hariyama|Hariyama, L50, F|100\/100\n|-ability|p1a: Ting-Lu|Vessel of Ruin\n|turn|1\n|inactive|RadiantBlue4552 has 30 seconds left.\n|\n|t:|1683738598\n|switch|p1a: Gothitelle|Gothitelle, L50, M|100\/100\n|move|p2b: Hariyama|Fake Out|p1a: Gothitelle\n|-damage|p1a: Gothitelle|90\/100\n|move|p1b: Murkrow|Perish Song|p1b: Murkrow\n|-start|p1a: Gothitelle|perish3|[silent]\n|-start|p1b: Murkrow|perish3|[silent]\n|-start|p2a: Oranguru|perish3|[silent]\n|-start|p2b: Hariyama|perish3|[silent]\n|-fieldactivate|move: Perish Song\n|move|p2a: Oranguru|Trick Room|p2a: Oranguru\n|-fieldstart|move: Trick Room|[of] p2a: Oranguru\n|\n|-start|p2b: Hariyama|perish3\n|-start|p2a: Oranguru|perish3\n|-start|p1a: Gothitelle|perish3\n|-start|p1b: Murkrow|perish3\n|-status|p2b: Hariyama|brn|[from] item: Flame Orb\n|upkeep\n|turn|2\n|inactive|Izayoi Saya has 30 seconds left.\n|inactive|RadiantBlue4552 has 30 seconds left.\n|inactive|RadiantBlue4552 has 20 seconds left.\n|\n|t:|1683738641\n|move|p1a: Gothitelle|Fake Out|p2b: Hariyama\n|-crit|p2b: Hariyama\n|-damage|p2b: Hariyama|91\/100 brn\n|move|p1b: Murkrow|Thunder Wave||[still]\n|-fail|p1b: Murkrow\n|cant|p2b: Hariyama|flinch\n|move|p2a: Oranguru|Yawn|p1a: Gothitelle\n|-start|p1a: Gothitelle|move: Yawn|[of] p2a: Oranguru\n|\n|-damage|p2b: Hariyama|85\/100 brn|[from] brn\n|-start|p2b: Hariyama|perish2\n|-start|p2a: Oranguru|perish2\n|-start|p1a: Gothitelle|perish2\n|-start|p1b: Murkrow|perish2\n|upkeep\n|turn|3\n|\n|t:|1683738666\n|switch|p1b: Scream Tail|Scream Tail, L50|100\/100\n|move|p1a: Gothitelle|Protect|p1a: Gothitelle\n|-singleturn|p1a: Gothitelle|Protect\n|move|p2b: Hariyama|Close Combat|p1b: Scream Tail\n|-resisted|p1b: Scream Tail\n|-damage|p1b: Scream Tail|85\/100\n|-unboost|p2b: Hariyama|def|1\n|-unboost|p2b: Hariyama|spd|1\n|move|p2a: Oranguru|Instruct|p2b: Hariyama\n|-singleturn|p2b: Hariyama|move: Instruct|[of] p2a: Oranguru\n|move|p2b: Hariyama|Close Combat|p1b: Scream Tail\n|-resisted|p1b: Scream Tail\n|-damage|p1b: Scream Tail|70\/100\n|-unboost|p2b: Hariyama|def|1\n|-unboost|p2b: Hariyama|spd|1\n|\n|-damage|p2b: Hariyama|79\/100 brn|[from] brn\n|-end|p1a: Gothitelle|move: Yawn|[silent]\n|-status|p1a: Gothitelle|slp\n|-start|p2b: Hariyama|perish1\n|-start|p2a: Oranguru|perish1\n|-start|p1a: Gothitelle|perish1\n|upkeep\n|turn|4\n|inactive|Izayoi Saya has 30 seconds left.\n|inactive|RadiantBlue4552 has 30 seconds left.\n|inactive|Izayoi Saya has 20 seconds left.\n|inactive|RadiantBlue4552 has 20 seconds left.\n|\n|t:|1683738704\n|switch|p1a: Murkrow|Murkrow, L50, M|100\/100\n|move|p1b: Scream Tail|Protect|p1b: Scream Tail\n|-singleturn|p1b: Scream Tail|Protect\n|move|p2b: Hariyama|Close Combat|p1a: Murkrow\n|-damage|p1a: Murkrow|10\/100\n|-unboost|p2b: Hariyama|def|1\n|-unboost|p2b: Hariyama|spd|1\n|move|p2a: Oranguru|Instruct|p2b: Hariyama\n|-singleturn|p2b: Hariyama|move: Instruct|[of] p2a: Oranguru\n|move|p2b: Hariyama|Close Combat|p1a: Murkrow\n|-damage|p1a: Murkrow|0 fnt\n|-unboost|p2b: Hariyama|def|1\n|-unboost|p2b: Hariyama|spd|1\n|faint|p1a: Murkrow\n|\n|-damage|p2b: Hariyama|73\/100 brn|[from] brn\n|-start|p2b: Hariyama|perish0\n|-start|p2a: Oranguru|perish0\n|faint|p2b: Hariyama\n|faint|p2a: Oranguru\n|upkeep\n|\n|t:|1683738724\n|switch|p2b: Torkoal|Torkoal, L50, F|100\/100\n|switch|p2a: Brute Bonnet|Brute Bonnet, L50|100\/100\n|switch|p1a: Gothitelle|Gothitelle, L50, M|90\/100 slp\n|-weather|SunnyDay|[from] ability: Drought|[of] p2b: Torkoal\n|-activate|p2a: Brute Bonnet|ability: Protosynthesis\n|-start|p2a: Brute Bonnet|protosynthesisatk\n|-activate|p1b: Scream Tail|ability: Protosynthesis\n|-start|p1b: Scream Tail|protosynthesisdef\n|turn|5\n|\n|t:|1683738740\n|cant|p1a: Gothitelle|slp\n|move|p2b: Torkoal|Eruption|p1a: Gothitelle|[spread] p1a,p1b\n|-damage|p1a: Gothitelle|14\/100 slp\n|-damage|p1b: Scream Tail|13\/100\n|-enditem|p1a: Gothitelle|Sitrus Berry|[eat]\n|-heal|p1a: Gothitelle|39\/100 slp|[from] item: Sitrus Berry\n|move|p2a: Brute Bonnet|Spore|p1b: Scream Tail\n|-status|p1b: Scream Tail|slp|[from] move: Spore\n|cant|p1b: Scream Tail|slp\n|\n|-weather|SunnyDay|[upkeep]\n|-fieldend|move: Trick Room\n|upkeep\n|turn|6\n|inactive|RadiantBlue4552 has 30 seconds left.\n|inactive|RadiantBlue4552 has 20 seconds left.\n|\n|t:|1683738776\n|cant|p1b: Scream Tail|slp\n|cant|p1a: Gothitelle|slp\n|move|p2a: Brute Bonnet|Seed Bomb|p1a: Gothitelle\n|-crit|p1a: Gothitelle\n|-damage|p1a: Gothitelle|0 fnt\n|faint|p1a: Gothitelle\n|move|p2b: Torkoal|Eruption|p1b: Scream Tail\n|-damage|p1b: Scream Tail|0 fnt\n|faint|p1b: Scream Tail\n|-end|p1b: Scream Tail|Protosynthesis|[silent]\n|\n|-weather|SunnyDay|[upkeep]\n|upkeep\n|\n|t:|1683738788\n|switch|p1a: Ting-Lu|Ting-Lu, L50|100\/100\n|-ability|p1a: Ting-Lu|Vessel of Ruin\n|turn|7\n|\n|t:|1683738798\n|-terastallize|p1a: Ting-Lu|Fire\n|move|p2b: Torkoal|Protect|p2b: Torkoal\n|-singleturn|p2b: Torkoal|Protect\n|move|p1a: Ting-Lu|Fissure|p2b: Torkoal\n|-activate|p2b: Torkoal|move: Protect\n|move|p2a: Brute Bonnet|Spore|p1a: Ting-Lu\n|-status|p1a: Ting-Lu|slp|[from] move: Spore\n|\n|-weather|SunnyDay|[upkeep]\n|upkeep\n|turn|8\n|\n|t:|1683738813\n|cant|p1a: Ting-Lu|slp\n|move|p2a: Brute Bonnet|Crunch|p1a: Ting-Lu\n|-damage|p1a: Ting-Lu|65\/100 slp\n|move|p2b: Torkoal|Eruption|p1a: Ting-Lu\n|-resisted|p1a: Ting-Lu\n|-damage|p1a: Ting-Lu|36\/100 slp\n|\n|-weather|SunnyDay|[upkeep]\n|upkeep\n|turn|9\n|\n|t:|1683738826\n|-terastallize|p2b: Torkoal|Fire\n|cant|p1a: Ting-Lu|slp\n|move|p2a: Brute Bonnet|Crunch|p1a: Ting-Lu\n|-damage|p1a: Ting-Lu|1\/100 slp\n|move|p2b: Torkoal|Overheat|p1a: Ting-Lu|[miss]\n|-miss|p2b: Torkoal|p1a: Ting-Lu\n|\n|-weather|none\n|-end|p2a: Brute Bonnet|Protosynthesis\n|upkeep\n|turn|10\n|\n|t:|1683738842\n|move|p2b: Torkoal|Protect|p2b: Torkoal\n|-singleturn|p2b: Torkoal|Protect\n|-curestatus|p1a: Ting-Lu|slp|[msg]\n|move|p1a: Ting-Lu|Fissure|p2a: Brute Bonnet\n|-enditem|p2a: Brute Bonnet|Focus Sash\n|-damage|p2a: Brute Bonnet|1\/100\n|move|p2a: Brute Bonnet|Spore|p1a: Ting-Lu\n|-status|p1a: Ting-Lu|slp|[from] move: Spore\n|\n|upkeep\n|turn|11\n|-message|Izayoi Saya forfeited.\n|\n|win|RadiantBlue4552\n|raw|Izayoi Saya's rating: 1298 → 1276<\/strong> (-22 for losing)\n|raw|RadiantBlue4552's rating: 1345 → 1362<\/strong> (+17 for winning)\n|l|\u2606Izayoi Saya\n","uploadtime":1683738857,"views":6,"p1id":"izayoisaya","p2id":"radiantblue4552","formatid":"gen9vgc2023regulationc","rating":1276,"private":0,"password":""}