{"id":"gen9vgc2023regulationc-1854248583","p1":"elellelll","p2":"Used Staryus","format":"[Gen 9] VGC 2023 Regulation C","log":"|j|\u2606elellelll\n|j|\u2606Used Staryus\n|t:|1682788411\n|gametype|doubles\n|player|p1|elellelll|169|\n|player|p2|Used Staryus|swimmer|\n|teamsize|p1|6\n|teamsize|p2|6\n|gen|9\n|tier|[Gen 9] VGC 2023 Regulation C\n|rule|Species Clause: Limit one of each Pok\u00e9mon\n|rule|Item Clause: Limit one of each item\n|clearpoke\n|poke|p1|Ting-Lu, L50|\n|poke|p1|Maushold-Four, L50|\n|poke|p1|Iron Moth, L50|\n|poke|p1|Tatsugiri, L50, M|\n|poke|p1|Lycanroc, L50, F|\n|poke|p1|Mimikyu, L50, M|\n|poke|p2|Slowking, L50, F|\n|poke|p2|Medicham, L50, F|\n|poke|p2|Iron Bundle, L50|\n|poke|p2|Chi-Yu, L50|\n|poke|p2|Abomasnow, L50, M|\n|poke|p2|Electrode, L50|\n|teampreview|4\nelellelll rejected open team sheets.\n|c|\u2606elellelll|glhf!!\n|c|\u2606Used Staryus|you too~\n|\n|t:|1682788548\n|start\n|switch|p1a: Ting-Lu|Ting-Lu, L50|100\/100\n|switch|p1b: Tatsugiri|Tatsugiri, L50, M|100\/100\n|switch|p2a: Medicham|Medicham, L50, F|100\/100\n|switch|p2b: Abomasnow|Abomasnow, L50, M|100\/100\n|-weather|Snow|[from] ability: Snow Warning|[of] p2b: Abomasnow\n|-ability|p1a: Ting-Lu|Vessel of Ruin\n|turn|1\n|\n|t:|1682788634\n|-terastallize|p1a: Ting-Lu|Fighting\n|move|p2a: Medicham|Fake Out|p1a: Ting-Lu\n|-damage|p1a: Ting-Lu|90\/100\n|move|p1b: Tatsugiri|Muddy Water|p2b: Abomasnow|[spread] p2a,p2b\n|-resisted|p2b: Abomasnow\n|-damage|p2a: Medicham|83\/100\n|-damage|p2b: Abomasnow|87\/100\n|move|p2b: Abomasnow|Aurora Veil|p2b: Abomasnow\n|-sidestart|p2: Used Staryus|move: Aurora Veil\n|cant|p1a: Ting-Lu|flinch\n|\n|-weather|Snow|[upkeep]\n|upkeep\n|turn|2\n|\n|t:|1682788666\n|move|p1b: Tatsugiri|Muddy Water|p2a: Medicham|[spread] p2a,p2b\n|-resisted|p2b: Abomasnow\n|-damage|p2a: Medicham|71\/100\n|-damage|p2b: Abomasnow|78\/100\n|move|p2b: Abomasnow|Wood Hammer|p1a: Ting-Lu\n|-damage|p1a: Ting-Lu|65\/100\n|-damage|p2b: Abomasnow|67\/100|[from] Recoil\n|move|p2a: Medicham|Psycho Cut|p1a: Ting-Lu\n|-supereffective|p1a: Ting-Lu\n|-damage|p1a: Ting-Lu|16\/100\n|move|p1a: Ting-Lu|Body Press|p2b: Abomasnow\n|-supereffective|p2b: Abomasnow\n|-damage|p2b: Abomasnow|13\/100\n|\n|-weather|Snow|[upkeep]\n|upkeep\n|turn|3\n|c|\u2606elellelll|fucking huge power\n|c|\u2606elellelll|shoulda seen that coming\n|\n|t:|1682788696\n|switch|p2b: Iron Bundle|Iron Bundle, L50|100\/100\n|-enditem|p2b: Iron Bundle|Booster Energy\n|-activate|p2b: Iron Bundle|ability: Quark Drive|[fromitem]\n|-start|p2b: Iron Bundle|quarkdrivespe\n|move|p1b: Tatsugiri|Muddy Water|p2b: Iron Bundle|[spread] p2b\n|-miss|p1b: Tatsugiri|p2a: Medicham\n|-resisted|p2b: Iron Bundle\n|-crit|p2b: Iron Bundle\n|-damage|p2b: Iron Bundle|74\/100\n|move|p2a: Medicham|Psycho Cut|p1a: Ting-Lu\n|-supereffective|p1a: Ting-Lu\n|-damage|p1a: Ting-Lu|0 fnt\n|faint|p1a: Ting-Lu\n|\n|-weather|Snow|[upkeep]\n|upkeep\n|\n|t:|1682788713\n|switch|p1a: Maushold|Maushold-Four, L50|100\/100\n|turn|4\n|\n|t:|1682788746\n|-terastallize|p2b: Iron Bundle|Ice\n|move|p1a: Maushold|Protect|p1a: Maushold\n|-singleturn|p1a: Maushold|Protect\n|move|p2a: Medicham|Bullet Punch|p1a: Maushold\n|-activate|p1a: Maushold|move: Protect\n|move|p2b: Iron Bundle|Blizzard|p1b: Tatsugiri|[spread] p1b\n|-activate|p1a: Maushold|move: Protect\n|-damage|p1b: Tatsugiri|54\/100\n|-status|p1b: Tatsugiri|frz\n|-curestatus|p1b: Tatsugiri|frz|[msg]\n|move|p1b: Tatsugiri|Icy Wind|p2b: Iron Bundle|[spread] p2a,p2b\n|-resisted|p2b: Iron Bundle\n|-damage|p2a: Medicham|63\/100\n|-damage|p2b: Iron Bundle|68\/100\n|-unboost|p2a: Medicham|spe|1\n|-unboost|p2b: Iron Bundle|spe|1\n|\n|-weather|Snow|[upkeep]\n|upkeep\n|turn|5\n|c|\u2606Used Staryus|aHHH\n|\n|t:|1682788789\n|move|p2b: Iron Bundle|Protect|p2b: Iron Bundle\n|-singleturn|p2b: Iron Bundle|Protect\n|move|p1a: Maushold|Population Bomb|p2b: Iron Bundle\n|-activate|p2b: Iron Bundle|move: Protect\n|move|p1b: Tatsugiri|Muddy Water|p2b: Iron Bundle|[spread] p2a\n|-activate|p2b: Iron Bundle|move: Protect\n|-damage|p2a: Medicham|48\/100\n|-unboost|p2a: Medicham|accuracy|1\n|move|p2a: Medicham|Close Combat|p1a: Maushold|[miss]\n|-miss|p2a: Medicham|p1a: Maushold\n|\n|-weather|none\n|-sideend|p2: Used Staryus|move: Aurora Veil\n|upkeep\n|turn|6\n|c|\u2606Used Staryus|:(\n|c|\u2606elellelll|fsdasd FINALLY A FUCKING ACCURACY DROP\n|c|\u2606Used Staryus|nice play\n|\n|t:|1682788842\n|-end|p2b: Iron Bundle|Quark Drive|[silent]\n|switch|p2b: Abomasnow|Abomasnow, L50, M|13\/100\n|-weather|Snow|[from] ability: Snow Warning|[of] p2b: Abomasnow\n|move|p1a: Maushold|Population Bomb|p2b: Abomasnow\n|-damage|p2b: Abomasnow|5\/100\n|-damage|p2b: Abomasnow|0 fnt\n|faint|p2b: Abomasnow\n|-hitcount|p2: Abomasnow|2\n|move|p1b: Tatsugiri|Muddy Water|p2a: Medicham\n|-damage|p2a: Medicham|12\/100\n|move|p2a: Medicham|Close Combat|p1a: Maushold\n|-supereffective|p1a: Maushold\n|-damage|p1a: Maushold|0 fnt\n|-unboost|p2a: Medicham|def|1\n|-unboost|p2a: Medicham|spd|1\n|faint|p1a: Maushold\n|\n|-weather|Snow|[upkeep]\n|upkeep\n|\n|t:|1682788879\n|switch|p1a: Iron Moth|Iron Moth, L50|100\/100\n|switch|p2b: Chi-Yu|Chi-Yu, L50|100\/100\n|-ability|p2b: Chi-Yu|Beads of Ruin\n|-enditem|p1a: Iron Moth|Booster Energy\n|-activate|p1a: Iron Moth|ability: Quark Drive|[fromitem]\n|-start|p1a: Iron Moth|quarkdrivespe\n|turn|7\n|\n|t:|1682788936\n|switch|p2a: Iron Bundle|Iron Bundle, L50, tera:Ice|68\/100\n|move|p1b: Tatsugiri|Protect|p1b: Tatsugiri\n|-singleturn|p1b: Tatsugiri|Protect\n|move|p1a: Iron Moth|Sludge Wave|p2b: Chi-Yu|[spread] p2a,p2b\n|-activate|p1b: Tatsugiri|move: Protect\n|-damage|p2a: Iron Bundle|0 fnt\n|-damage|p2b: Chi-Yu|57\/100\n|faint|p2a: Iron Bundle\n|-end|p2a: Iron Bundle|Quark Drive|[silent]\n|move|p2b: Chi-Yu|Dark Pulse|p1a: Iron Moth\n|-damage|p1a: Iron Moth|27\/100\n|-damage|p2b: Chi-Yu|47\/100|[from] item: Life Orb\n|\n|-weather|Snow|[upkeep]\n|upkeep\n|\n|t:|1682788949\n|switch|p2a: Medicham|Medicham, L50, F|12\/100\n|turn|8\n|\n|t:|1682788993\n|move|p1a: Iron Moth|Protect|p1a: Iron Moth\n|-singleturn|p1a: Iron Moth|Protect\n|move|p2a: Medicham|Fake Out|p1b: Tatsugiri\n|-damage|p1b: Tatsugiri|28\/100\n|-enditem|p1b: Tatsugiri|Sitrus Berry|[eat]\n|-heal|p1b: Tatsugiri|52\/100|[from] item: Sitrus Berry\n|move|p2b: Chi-Yu|Dark Pulse|p1b: Tatsugiri\n|-damage|p1b: Tatsugiri|0 fnt\n|faint|p1b: Tatsugiri\n|-damage|p2b: Chi-Yu|37\/100|[from] item: Life Orb\n|\n|-weather|Snow|[upkeep]\n|upkeep\n|turn|9\n|c|\u2606elellelll|i hate this\n|c|\u2606elellelll|pivoting to hating pok\u00e9mon\n|c|\u2606Used Staryus|lol\n|\n|t:|1682789027\n|move|p1a: Iron Moth|Sludge Wave|p2a: Medicham|[spread] p2a,p2b\n|-damage|p2a: Medicham|0 fnt\n|-damage|p2b: Chi-Yu|0 fnt\n|faint|p2a: Medicham\n|faint|p2b: Chi-Yu\n|\n|win|elellelll\n|c|\u2606Used Staryus|ggs\n|c|\u2606elellelll|AHHHHHHHHHHHHHH\n|c|\u2606elellelll|gg\n|l|\u2606elellelll\n","uploadtime":1682789242,"views":17,"p1id":"elellelll","p2id":"usedstaryus","formatid":"gen9vgc2023regulationc","rating":0,"private":0,"password":""}