{"id":"gen9vgc2023regulationc-1862176599","p1":"pokemonmasteernico","p2":"titahornofresco","format":"[Gen 9] VGC 2023 Regulation C","log":"|j|\u2606pokemonmasteernico\n|j|\u2606titahornofresco\n|t:|1683845625\n|gametype|doubles\n|player|p1|pokemonmasteernico|veteran|\n|player|p2|titahornofresco|unknown|\n|teamsize|p1|6\n|teamsize|p2|6\n|gen|9\n|tier|[Gen 9] VGC 2023 Regulation C\n|rule|Species Clause: Limit one of each Pok\u00e9mon\n|rule|Item Clause: Limit one of each item\n|clearpoke\n|poke|p1|Palafin, L50, F|\n|poke|p1|Flutter Mane, L50|\n|poke|p1|Amoonguss, L50, M|\n|poke|p1|Arcanine, L50, M|\n|poke|p1|Chien-Pao, L50|\n|poke|p1|Iron Hands, L50|\n|poke|p2|Chien-Pao, L50|\n|poke|p2|Iron Hands, L50|\n|poke|p2|Palafin, L50, M|\n|poke|p2|Amoonguss, L50, M|\n|poke|p2|Dragonite, L50, M|\n|poke|p2|Pelipper, L50, F|\n|teampreview|4\ntitahornofresco has agreed to open team sheets.\npokemonmasteernico has agreed to open team sheets.\n|\n|t:|1683845726\n|start\n|switch|p1a: Flutter Mane|Flutter Mane, L50|100\/100\n|switch|p1b: Arcanine|Arcanine, L50, M|100\/100\n|switch|p2a: Palafin|Palafin, L50, M|100\/100\n|switch|p2b: Amoonguss|Amoonguss, L50, M, shiny|100\/100\n|-ability|p1b: Arcanine|Intimidate|boost\n|-unboost|p2a: Palafin|atk|1\n|-unboost|p2b: Amoonguss|atk|1\n|turn|1\n|\n|t:|1683845762\n|-end|p1a: Flutter Mane|Protosynthesis|[silent]\n|switch|p1a: Amoonguss|Amoonguss, L50, M|100\/100\n|-terastallize|p1b: Arcanine|Water\n|move|p2a: Palafin|Wave Crash|p1b: Arcanine\n|-resisted|p1b: Arcanine\n|-damage|p1b: Arcanine|83\/100\n|-damage|p2a: Palafin|95\/100|[from] Recoil\n|move|p1b: Arcanine|Will-O-Wisp|p2b: Amoonguss\n|-status|p2b: Amoonguss|brn\n|move|p2b: Amoonguss|Spore|p1a: Amoonguss\n|-immune|p1a: Amoonguss\n|\n|-damage|p2b: Amoonguss|95\/100 brn|[from] brn\n|upkeep\n|turn|2\n|\n|t:|1683845795\n|switch|p2b: Dragonite|Dragonite, L50, M, shiny|100\/100\n|move|p2a: Palafin|Protect|p2a: Palafin\n|-singleturn|p2a: Palafin|Protect\n|move|p1b: Arcanine|Snarl|p2b: Dragonite|[spread] p2b\n|-activate|p2a: Palafin|move: Protect\n|-damage|p2b: Dragonite|96\/100\n|-unboost|p2b: Dragonite|spa|1\n|move|p1a: Amoonguss|Spore|p2a: Palafin\n|-activate|p2a: Palafin|move: Protect\n|\n|upkeep\n|turn|3\n|\n|t:|1683845847\n|detailschange|p2a: Palafin|Palafin-Hero, L50, M\n|switch|p2a: Amoonguss|Amoonguss, L50, M, shiny|100\/100 brn\n|move|p2b: Dragonite|Outrage|p1b: Arcanine\n|-damage|p1b: Arcanine|0 fnt\n|faint|p1b: Arcanine\n|move|p1a: Amoonguss|Spore|p2b: Dragonite\n|-status|p2b: Dragonite|slp|[from] move: Spore\n|\n|-damage|p2a: Amoonguss|95\/100 brn|[from] brn\n|upkeep\n|\n|t:|1683845860\n|switch|p1b: Flutter Mane|Flutter Mane, L50|100\/100\n|turn|4\n|\n|t:|1683845917\n|switch|p2b: Palafin|Palafin-Hero, L50, M|95\/100\n|-activate|p2b: Palafin|ability: Zero to Hero\n|move|p1a: Amoonguss|Protect|p1a: Amoonguss\n|-singleturn|p1a: Amoonguss|Protect\n|move|p1b: Flutter Mane|Moonblast|p2b: Palafin\n|-damage|p2b: Palafin|39\/100\n|move|p2a: Amoonguss|Spore|p1b: Flutter Mane\n|-status|p1b: Flutter Mane|slp|[from] move: Spore\n|\n|-damage|p2a: Amoonguss|89\/100 brn|[from] brn\n|upkeep\n|turn|5\n|\n|t:|1683845969\n|cant|p1b: Flutter Mane|slp\n|move|p2b: Palafin|Substitute|p2b: Palafin\n|-start|p2b: Palafin|Substitute\n|-damage|p2b: Palafin|14\/100\n|move|p2a: Amoonguss|Pollen Puff|p2b: Palafin\n|-heal|p2b: Palafin|64\/100\n|move|p1a: Amoonguss|Pollen Puff|p1b: Flutter Mane\n|-immune|p1b: Flutter Mane\n|\n|-damage|p2a: Amoonguss|83\/100 brn|[from] brn\n|upkeep\n|turn|6\n|\n|t:|1683846026\n|-terastallize|p2b: Palafin|Water\n|cant|p1b: Flutter Mane|slp\n|move|p2b: Palafin|Wave Crash|p1a: Amoonguss\n|-resisted|p1a: Amoonguss\n|-damage|p1a: Amoonguss|46\/100\n|-enditem|p1a: Amoonguss|Sitrus Berry|[eat]\n|-heal|p1a: Amoonguss|70\/100|[from] item: Sitrus Berry\n|-damage|p2b: Palafin|44\/100|[from] Recoil\n|move|p2a: Amoonguss|Pollen Puff|p2b: Palafin\n|-heal|p2b: Palafin|94\/100\n|move|p1a: Amoonguss|Spore||[still]\n|-fail|p1a: Amoonguss\n|\n|-damage|p2a: Amoonguss|77\/100 brn|[from] brn\n|upkeep\n|turn|7\n|\n|t:|1683846052\n|move|p1a: Amoonguss|Protect|p1a: Amoonguss\n|-singleturn|p1a: Amoonguss|Protect\n|move|p2b: Palafin|Jet Punch|p1b: Flutter Mane\n|-enditem|p1b: Flutter Mane|Focus Sash\n|-damage|p1b: Flutter Mane|1\/100 slp\n|cant|p1b: Flutter Mane|slp\n|move|p2a: Amoonguss|Pollen Puff|p1b: Flutter Mane\n|-resisted|p1b: Flutter Mane\n|-damage|p1b: Flutter Mane|0 fnt\n|faint|p1b: Flutter Mane\n|-end|p1b: Flutter Mane|Protosynthesis|[silent]\n|\n|-damage|p2a: Amoonguss|71\/100 brn|[from] brn\n|upkeep\n|\n|t:|1683846066\n|switch|p1b: Iron Hands|Iron Hands, L50|100\/100\n|turn|8\n|\n|t:|1683846094\n|move|p2b: Palafin|Protect|p2b: Palafin\n|-singleturn|p2b: Palafin|Protect\n|move|p1a: Amoonguss|Rage Powder|p1a: Amoonguss\n|-singleturn|p1a: Amoonguss|move: Rage Powder\n|move|p1b: Iron Hands|Close Combat|p2b: Palafin\n|-activate|p2b: Palafin|move: Protect\n|move|p2a: Amoonguss|Spore|p1b: Iron Hands\n|-status|p1b: Iron Hands|slp|[from] move: Spore\n|\n|-damage|p2a: Amoonguss|65\/100 brn|[from] brn\n|upkeep\n|turn|9\n|\n|t:|1683846116\n|switch|p2a: Chien-Pao|Chien-Pao, L50|100\/100\n|-ability|p2a: Chien-Pao|Sword of Ruin\n|cant|p1b: Iron Hands|slp\n|move|p2b: Palafin|Wave Crash|p1b: Iron Hands\n|-damage|p1b: Iron Hands|0 fnt\n|faint|p1b: Iron Hands\n|-end|p1b: Iron Hands|Quark Drive|[silent]\n|-damage|p2b: Palafin|53\/100|[from] Recoil\n|move|p1a: Amoonguss|Pollen Puff|p1: Iron Hands|[notarget]\n|-fail|p1a: Amoonguss\n|\n|upkeep\n|turn|10\n|\n|t:|1683846132\n|move|p2a: Chien-Pao|Ice Spinner|p1a: Amoonguss\n|-supereffective|p1a: Amoonguss\n|-damage|p1a: Amoonguss|0 fnt\n|faint|p1a: Amoonguss\n|\n|win|titahornofresco\n","uploadtime":1683846141,"views":14,"p1id":"pokemonmasteernico","p2id":"titahornofresco","formatid":"gen9vgc2023regulationc","rating":0,"private":0,"password":""}