{"id":"gen9vgc2023regulationc-1856474541","p1":"be13costa","p2":"Charlisito","format":"[Gen 9] VGC 2023 Regulation C","log":"|j|\u2606be13costa\n|j|\u2606Charlisito\n|t:|1683065516\n|gametype|doubles\n|player|p1|be13costa|170|1288\n|player|p2|Charlisito|170|1301\n|teamsize|p1|6\n|teamsize|p2|6\n|gen|9\n|tier|[Gen 9] VGC 2023 Regulation C\n|rated|\n|rule|Species Clause: Limit one of each Pok\u00e9mon\n|rule|Item Clause: Limit one of each item\n|clearpoke\n|poke|p1|Flutter Mane, L50|\n|poke|p1|Ting-Lu, L50|\n|poke|p1|Amoonguss, L50, F|\n|poke|p1|Palafin, L50, F|\n|poke|p1|Baxcalibur, L50, M|\n|poke|p1|Arcanine, L50, F|\n|poke|p2|Palafin, L50, M|\n|poke|p2|Arcanine, L50, M|\n|poke|p2|Amoonguss, L50, M|\n|poke|p2|Flutter Mane, L50|\n|poke|p2|Ting-Lu, L50|\n|poke|p2|Bellibolt, L50, F|\n|teampreview|4\n|inactive|Battle timer is ON: inactive players will automatically lose when time's up. (requested by be13costa)\n|\n|t:|1683065539\n|start\n|switch|p1a: Flutter Mane|Flutter Mane, L50|100\/100\n|switch|p1b: Amoonguss|Amoonguss, L50, F|100\/100\n|switch|p2a: Flutter Mane|Flutter Mane, L50|100\/100\n|switch|p2b: Arcanine|Arcanine, L50, M|100\/100\n|-ability|p2b: Arcanine|Intimidate|boost\n|-unboost|p1a: Flutter Mane|atk|1\n|-unboost|p1b: Amoonguss|atk|1\n|-enditem|p1a: Flutter Mane|Booster Energy\n|-activate|p1a: Flutter Mane|ability: Protosynthesis|[fromitem]\n|-start|p1a: Flutter Mane|protosynthesisspe\n|-enditem|p2a: Flutter Mane|Booster Energy\n|-activate|p2a: Flutter Mane|ability: Protosynthesis|[fromitem]\n|-start|p2a: Flutter Mane|protosynthesisspa\n|turn|1\n|\n|t:|1683065548\n|move|p1b: Amoonguss|Rage Powder|p1b: Amoonguss\n|-singleturn|p1b: Amoonguss|move: Rage Powder\n|move|p1a: Flutter Mane|Shadow Ball|p2a: Flutter Mane\n|-supereffective|p2a: Flutter Mane\n|-damage|p2a: Flutter Mane|26\/100\n|move|p2a: Flutter Mane|Shadow Ball|p1b: Amoonguss\n|-damage|p1b: Amoonguss|46\/100\n|move|p2b: Arcanine|Flare Blitz|p1b: Amoonguss\n|-supereffective|p1b: Amoonguss\n|-damage|p1b: Amoonguss|0 fnt\n|-damage|p2b: Arcanine|84\/100|[from] item: Rocky Helmet|[of] p1b: Amoonguss\n|faint|p1b: Amoonguss\n|-damage|p2b: Arcanine|67\/100|[from] Recoil\n|\n|upkeep\n|\n|t:|1683065559\n|switch|p1b: Palafin|Palafin, L50, F|100\/100\n|turn|2\n|\n|t:|1683065573\n|-end|p2a: Flutter Mane|Protosynthesis|[silent]\n|switch|p2a: Amoonguss|Amoonguss, L50, M|100\/100\n|-terastallize|p1b: Palafin|Water\n|move|p1a: Flutter Mane|Dazzling Gleam|p2b: Arcanine|[spread] p2a,p2b\n|-resisted|p2a: Amoonguss\n|-resisted|p2b: Arcanine\n|-damage|p2a: Amoonguss|86\/100\n|-damage|p2b: Arcanine|52\/100\n|move|p2b: Arcanine|Flare Blitz|p1a: Flutter Mane\n|-damage|p1a: Flutter Mane|1\/100\n|-damage|p2b: Arcanine|30\/100|[from] Recoil\n|move|p1b: Palafin|Wave Crash|p2b: Arcanine\n|-supereffective|p2b: Arcanine\n|-damage|p2b: Arcanine|0 fnt\n|faint|p2b: Arcanine\n|-damage|p1b: Palafin|91\/100|[from] Recoil\n|\n|upkeep\n|\n|t:|1683065590\n|switch|p2b: Bellibolt|Bellibolt, L50, F|100\/100\n|turn|3\n|\n|t:|1683065610\n|detailschange|p1b: Palafin|Palafin-Hero, L50, F, tera:Water\n|switch|p1b: Ting-Lu|Ting-Lu, L50|100\/100\n|-ability|p1b: Ting-Lu|Vessel of Ruin\n|move|p1a: Flutter Mane|Shadow Ball|p2a: Amoonguss\n|-damage|p2a: Amoonguss|60\/100\n|move|p2b: Bellibolt|Volt Switch|p1a: Flutter Mane\n|-damage|p1a: Flutter Mane|0 fnt\n|faint|p1a: Flutter Mane\n|-end|p1a: Flutter Mane|Protosynthesis|[silent]\n|l|\u2606Charlisito\n|inactive|Charlisito disconnected and has a minute to reconnect!\n|player|p2|\n|j|\u2606Charlisito\n|inactive|Charlisito reconnected and has 45 seconds left.\n|player|p2|Charlisito|170\n|\n|t:|1683065632\n|switch|p2b: Flutter Mane|Flutter Mane, L50|26\/100|[from] Volt Switch\n|move|p2a: Amoonguss|Spore|p1b: Ting-Lu\n|-status|p1b: Ting-Lu|slp|[from] move: Spore\n|\n|upkeep\n|\n|t:|1683065640\n|switch|p1a: Palafin|Palafin-Hero, L50, F, tera:Water|91\/100\n|-activate|p1a: Palafin|ability: Zero to Hero\n|turn|4\n|\n|t:|1683065651\n|move|p2b: Flutter Mane|Moonblast|p1a: Palafin\n|-damage|p1a: Palafin|53\/100\n|move|p1a: Palafin|Substitute|p1a: Palafin\n|-start|p1a: Palafin|Substitute\n|-damage|p1a: Palafin|28\/100\n|cant|p1b: Ting-Lu|slp\n|move|p2a: Amoonguss|Spore||[still]\n|-fail|p2a: Amoonguss\n|\n|upkeep\n|turn|5\n|\n|t:|1683065660\n|move|p2a: Amoonguss|Rage Powder|p2a: Amoonguss\n|-singleturn|p2a: Amoonguss|move: Rage Powder\n|move|p1a: Palafin|Jet Punch|p2a: Amoonguss\n|-resisted|p2a: Amoonguss\n|-damage|p2a: Amoonguss|35\/100\n|-enditem|p2a: Amoonguss|Sitrus Berry|[eat]\n|-heal|p2a: Amoonguss|60\/100|[from] item: Sitrus Berry\n|move|p2b: Flutter Mane|Shadow Ball|p1a: Palafin\n|-end|p1a: Palafin|Substitute\n|cant|p1b: Ting-Lu|slp\n|\n|upkeep\n|turn|6\n|inactive|Charlisito has 30 seconds left.\n|inactive|Charlisito has 20 seconds left.\n|inactive|Charlisito has 15 seconds left.\n|inactive|Charlisito has 10 seconds left.\n|inactive|Charlisito has 5 seconds left.\n|\n|t:|1683065715\n|move|p1a: Palafin|Jet Punch|p2b: Flutter Mane\n|-damage|p2b: Flutter Mane|0 fnt\n|faint|p2b: Flutter Mane\n|-end|p2b: Flutter Mane|Protosynthesis|[silent]\n|-curestatus|p1b: Ting-Lu|slp|[msg]\n|move|p1b: Ting-Lu|Heavy Slam|p2a: Amoonguss\n|-damage|p2a: Amoonguss|26\/100\n|move|p2a: Amoonguss|Spore|p1a: Palafin\n|-status|p1a: Palafin|slp|[from] move: Spore\n|\n|upkeep\n|\n|t:|1683065729\n|switch|p2b: Bellibolt|Bellibolt, L50, F|100\/100\n|turn|7\n|\n|t:|1683065742\n|-terastallize|p2b: Bellibolt|Grass\n|move|p2a: Amoonguss|Protect|p2a: Amoonguss\n|-singleturn|p2a: Amoonguss|Protect\n|cant|p1a: Palafin|slp\n|move|p2b: Bellibolt|Tera Blast|p1a: Palafin\n|-supereffective|p1a: Palafin\n|-damage|p1a: Palafin|0 fnt\n|faint|p1a: Palafin\n|move|p1b: Ting-Lu|Heavy Slam|p2a: Amoonguss\n|-activate|p2a: Amoonguss|move: Protect\n|\n|upkeep\n|turn|8\n|\n|t:|1683065751\n|move|p2b: Bellibolt|Chilling Water|p1b: Ting-Lu\n|-supereffective|p1b: Ting-Lu\n|-damage|p1b: Ting-Lu|90\/100\n|-unboost|p1b: Ting-Lu|atk|1\n|move|p1b: Ting-Lu|Fissure|p2b: Bellibolt|[miss]\n|-miss|p1b: Ting-Lu|p2b: Bellibolt\n|move|p2a: Amoonguss|Spore|p1b: Ting-Lu\n|-status|p1b: Ting-Lu|slp|[from] move: Spore\n|\n|upkeep\n|turn|9\n|\n|t:|1683065758\n|move|p2b: Bellibolt|Tera Blast|p1b: Ting-Lu\n|-supereffective|p1b: Ting-Lu\n|-damage|p1b: Ting-Lu|66\/100 slp\n|cant|p1b: Ting-Lu|slp\n|move|p2a: Amoonguss|Pollen Puff|p1b: Ting-Lu\n|-supereffective|p1b: Ting-Lu\n|-damage|p1b: Ting-Lu|53\/100 slp\n|\n|upkeep\n|turn|10\n|\n|t:|1683065764\n|move|p2b: Bellibolt|Tera Blast|p1b: Ting-Lu\n|-supereffective|p1b: Ting-Lu\n|-damage|p1b: Ting-Lu|29\/100 slp\n|-curestatus|p1b: Ting-Lu|slp|[msg]\n|move|p1b: Ting-Lu|Fissure|p2b: Bellibolt|[miss]\n|-miss|p1b: Ting-Lu|p2b: Bellibolt\n|move|p2a: Amoonguss|Pollen Puff|p1b: Ting-Lu\n|-supereffective|p1b: Ting-Lu\n|-damage|p1b: Ting-Lu|15\/100\n|\n|upkeep\n|turn|11\n|\n|t:|1683065769\n|move|p2a: Amoonguss|Rage Powder|p2a: Amoonguss\n|-singleturn|p2a: Amoonguss|move: Rage Powder\n|move|p2b: Bellibolt|Tera Blast|p1b: Ting-Lu\n|-supereffective|p1b: Ting-Lu\n|-damage|p1b: Ting-Lu|0 fnt\n|faint|p1b: Ting-Lu\n|\n|win|Charlisito\n|raw|be13costa's rating: 1288 → 1264<\/strong> (-24 for losing)\n|raw|Charlisito's rating: 1301 → 1320<\/strong> (+19 for winning)\n|l|\u2606be13costa\n","uploadtime":1683065811,"views":9,"p1id":"be13costa","p2id":"charlisito","formatid":"gen9vgc2023regulationc","rating":1264,"private":0,"password":""}