{"id":"gen9vgc2023regulationc-1850991946","p1":"Privnoval016","p2":"Quantum2000","format":"[Gen 9] VGC 2023 Regulation C","log":"|j|\u2606Privnoval016\n|j|\u2606Quantum2000\n|t:|1682391160\n|gametype|doubles\n|player|p1|Privnoval016|101|\n|player|p2|Quantum2000|cynthia-gen4|\n|teamsize|p1|6\n|teamsize|p2|6\n|gen|9\n|tier|[Gen 9] VGC 2023 Regulation C\n|rated|Tournament battle\n|rule|Species Clause: Limit one of each Pok\u00e9mon\n|rule|Item Clause: Limit one of each item\n|clearpoke\n|poke|p1|Dragonite, L50, M|\n|poke|p1|Chien-Pao, L50|\n|poke|p1|Ceruledge, L50, M|\n|poke|p1|Amoonguss, L50, M|\n|poke|p1|Scream Tail, L50|\n|poke|p1|Palafin, L50, F|\n|poke|p2|Chi-Yu, L50|\n|poke|p2|Dachsbun, L50, M|\n|poke|p2|Arcanine, L50, M|\n|poke|p2|Dragonite, L50, F|\n|poke|p2|Chien-Pao, L50|\n|poke|p2|Ceruledge, L50, F|\n|teampreview|4\n|raw| Open Team Sheet for Privnoval016<\/summary>Standing Here (Dragonite) @ Choice Band Ability: Multiscale Level: 50 Shiny: Yes Tera Type: Flying - Extreme Speed - Ice Spinner - Thunder Punch - Tera Blast I Realize (Chien-Pao) @ Focus Sash Ability: Sword of Ruin Level: 50 Tera Type: Ghost - Sucker Punch - Ice Spinner - Sacred Sword - Protect That You Were (Ceruledge) @ Clear Amulet Ability: Flash Fire Level: 50 Tera Type: Grass - Bulk Up - Bitter Blade - Shadow Sneak - Protect Just Like Me (Amoonguss) @ Rocky Helmet Ability: Regenerator Level: 50 Shiny: Yes Tera Type: Water - Protect - Spore - Rage Powder - Pollen Puff Trying To Make (Scream Tail) @ Booster Energy Ability: Protosynthesis Level: 50 Tera Type: Steel - Play Rough - Howl - Encore - Disable History (Palafin) @ Mystic Water Ability: Zero to Hero Level: 50 Shiny: Yes Tera Type: Water - Jet Punch - Wave Crash - Protect - Haze <\/details><\/div> Open Team Sheet for Quantum2000<\/summary>Chi-Yu @ Life Orb Ability: Beads of Ruin Level: 50 Tera Type: Grass - Lava Plume - Heat Wave - Protect - Tera Blast Dachsbun @ Safety Goggles Ability: Well-Baked Body Level: 50 Tera Type: Fairy - Wish - Protect - Dazzling Gleam - Yawn Arcanine @ Aguav Berry Ability: Flash Fire Level: 50 Tera Type: Fire - Flare Blitz - Extreme Speed - Will-O-Wisp - Protect Dragonite @ Lum Berry Ability: Multiscale Level: 50 Tera Type: Normal - Tailwind - Extreme Speed - Iron Head - Outrage Chien-Pao @ Focus Sash Ability: Sword of Ruin Level: 50 Tera Type: Ghost - Protect - Ice Spinner - Sucker Punch - Sacred Sword Ceruledge @ Clear Amulet Ability: Flash Fire Level: 50 Tera Type: Steel - Protect - Bulk Up - Shadow Sneak - Bitter Blade <\/details><\/div>\n|\n|t:|1682391199\n|start\n|switch|p1a: History|Palafin, L50, F, shiny|100\/100\n|switch|p1b: Just Like Me|Amoonguss, L50, M, shiny|100\/100\n|switch|p2a: Dachsbun|Dachsbun, L50, M|100\/100\n|switch|p2b: Chi-Yu|Chi-Yu, L50|100\/100\n|-ability|p2b: Chi-Yu|Beads of Ruin\n|turn|1\n|inactive|Battle timer is ON: inactive players will automatically lose when time's up. (requested by Quantum2000)\n|j|%Bright Size\n|l|%Bright Size\n|inactive|Privnoval016 has 60 seconds left.\n|\n|t:|1682391252\n|detailschange|p1a: History|Palafin-Hero, L50, F, shiny\n|switch|p1a: That You Were|Ceruledge, L50, M|100\/100\n|-terastallize|p2b: Chi-Yu|Grass\n|-terastallize|p1b: Just Like Me|Water\n|move|p2b: Chi-Yu|Lava Plume|p1b: Just Like Me|[spread] p1b\n|-ability|p2a: Dachsbun|Well-Baked Body|boost\n|-boost|p2a: Dachsbun|def|2\n|-start|p1a: That You Were|ability: Flash Fire\n|-resisted|p1b: Just Like Me\n|-damage|p1b: Just Like Me|77\/100\n|-status|p1b: Just Like Me|brn\n|-damage|p2b: Chi-Yu|90\/100|[from] item: Life Orb\n|move|p2a: Dachsbun|Dazzling Gleam|p1a: That You Were|[spread] p1a,p1b\n|-resisted|p1a: That You Were\n|-damage|p1a: That You Were|93\/100\n|-damage|p1b: Just Like Me|63\/100 brn\n|move|p1b: Just Like Me|Spore|p2b: Chi-Yu\n|-immune|p2b: Chi-Yu\n|\n|-damage|p1b: Just Like Me|58\/100 brn|[from] brn\n|upkeep\n|turn|2\n|\n|t:|1682391277\n|switch|p1b: History|Palafin-Hero, L50, F, shiny|100\/100\n|-activate|p1b: History|ability: Zero to Hero\n|move|p2b: Chi-Yu|Protect|p2b: Chi-Yu\n|-singleturn|p2b: Chi-Yu|Protect\n|move|p2a: Dachsbun|Yawn|p1a: That You Were\n|-start|p1a: That You Were|move: Yawn|[of] p2a: Dachsbun\n|move|p1a: That You Were|Bitter Blade|p2b: Chi-Yu\n|-activate|p2b: Chi-Yu|move: Protect\n|\n|upkeep\n|turn|3\n|\n|t:|1682391299\n|switch|p2b: Arcanine|Arcanine, L50, M|100\/100\n|move|p1b: History|Haze|p1b: History\n|-clearallboost\n|move|p2a: Dachsbun|Yawn|p1b: History\n|-start|p1b: History|move: Yawn|[of] p2a: Dachsbun\n|move|p1a: That You Were|Bitter Blade|p2b: Arcanine\n|-start|p2b: Arcanine|ability: Flash Fire\n|\n|-end|p1a: That You Were|move: Yawn|[silent]\n|-status|p1a: That You Were|slp\n|upkeep\n|turn|4\n|inactive|Quantum2000 has 30 seconds left.\n|\n|t:|1682391328\n|switch|p1b: Just Like Me|Amoonguss, L50, M, shiny, tera:Water|91\/100 brn\n|cant|p1a: That You Were|slp\n|move|p2b: Arcanine|Extreme Speed|p1b: Just Like Me\n|-damage|p1b: Just Like Me|75\/100 brn\n|-damage|p2b: Arcanine|84\/100|[from] item: Rocky Helmet|[of] p1b: Just Like Me\n|move|p2a: Dachsbun|Dazzling Gleam|p1b: Just Like Me|[spread] p1a,p1b\n|-resisted|p1a: That You Were\n|-damage|p1a: That You Were|88\/100 slp\n|-damage|p1b: Just Like Me|64\/100 brn\n|\n|-damage|p1b: Just Like Me|58\/100 brn|[from] brn\n|upkeep\n|turn|5\n|\n|t:|1682391347\n|-end|p2b: Arcanine|ability: Flash Fire|[silent]\n|switch|p2b: Chien-Pao|Chien-Pao, L50|100\/100\n|-ability|p2b: Chien-Pao|Sword of Ruin\n|move|p2a: Dachsbun|Dazzling Gleam|p1b: Just Like Me|[spread] p1a,p1b\n|-resisted|p1a: That You Were\n|-damage|p1a: That You Were|84\/100 slp\n|-damage|p1b: Just Like Me|48\/100 brn\n|cant|p1a: That You Were|slp\n|move|p1b: Just Like Me|Spore|p2b: Chien-Pao\n|-status|p2b: Chien-Pao|slp|[from] move: Spore\n|\n|-damage|p1b: Just Like Me|42\/100 brn|[from] brn\n|upkeep\n|turn|6\n|inactive|Quantum2000 has 30 seconds left.\n|\n|t:|1682391372\n|switch|p2b: Arcanine|Arcanine, L50, M|84\/100\n|switch|p1b: History|Palafin-Hero, L50, F, shiny|100\/100\n|move|p2a: Dachsbun|Dazzling Gleam|p1b: History|[spread] p1a,p1b\n|-resisted|p1a: That You Were\n|-damage|p1a: That You Were|79\/100 slp\n|-damage|p1b: History|89\/100\n|cant|p1a: That You Were|slp\n|\n|upkeep\n|turn|7\n|\n|t:|1682391391\n|move|p1b: History|Protect|p1b: History\n|-singleturn|p1b: History|Protect\n|move|p2a: Dachsbun|Yawn|p1b: History\n|-activate|p1b: History|move: Protect\n|move|p2b: Arcanine|Will-O-Wisp|p1b: History\n|-activate|p1b: History|move: Protect\n|-curestatus|p1a: That You Were|slp|[msg]\n|move|p1a: That You Were|Bulk Up|p1a: That You Were\n|-boost|p1a: That You Were|atk|1\n|-boost|p1a: That You Were|def|1\n|\n|upkeep\n|turn|8\n|inactive|Quantum2000 has 30 seconds left.\n|inactive|Quantum2000 has 20 seconds left.\n|inactive|Quantum2000 has 15 seconds left.\n|l|\u2606Quantum2000\n|inactive|Quantum2000 disconnected and has a minute to reconnect!\n|player|p2|\n|inactive|Privnoval016 has 30 seconds left.\n|inactive|Quantum2000 has 10 seconds left.\n|inactive|Quantum2000 has 5 seconds left.\n|-message|Quantum2000 lost due to inactivity.\n|\n|win|Privnoval016\n|n|\u2606Privnoval016|privnoval016\n","uploadtime":1682391453,"views":10,"p1id":"privnoval016","p2id":"quantum2000","formatid":"gen9vgc2023regulationc","rating":0,"private":0,"password":""}