{"id":"gen9vgc2023regulationc-1863105282","p1":"Mais0902","p2":"SeveralNonSense","format":"[Gen 9] VGC 2023 Regulation C","log":"|j|\u2606Mais0902\n|j|\u2606SeveralNonSense\n|t:|1683970963\n|gametype|doubles\n|player|p1|Mais0902|ghetsis|\n|player|p2|SeveralNonSense|guitarist|\n|teamsize|p1|6\n|teamsize|p2|6\n|gen|9\n|tier|[Gen 9] VGC 2023 Regulation C\n|rule|Species Clause: Limit one of each Pok\u00e9mon\n|rule|Item Clause: Limit one of each item\n|clearpoke\n|poke|p1|Palafin, L50, M|\n|poke|p1|Amoonguss, L50, M|\n|poke|p1|Gholdengo, L50|\n|poke|p1|Garchomp, L50, F|\n|poke|p1|Corviknight, L50, M|\n|poke|p1|Chien-Pao, L50|\n|poke|p2|Iron Bundle, L50|\n|poke|p2|Arcanine, L50, M|\n|poke|p2|Iron Hands, L50|\n|poke|p2|Gholdengo, L50|\n|poke|p2|Roaring Moon, L50|\n|poke|p2|Clodsire, L50, M|\n|teampreview|4\n|\n|t:|1683970996\n|start\n|switch|p1a: Corviknight|Corviknight, L50, M|100\/100\n|switch|p1b: Garchomp|Garchomp, L50, F|100\/100\n|switch|p2a: Arcanine|Arcanine, L50, M|100\/100\n|switch|p2b: Iron Hands|Iron Hands, L50|100\/100\n|-ability|p2a: Arcanine|Intimidate|boost\n|-unboost|p1a: Corviknight|atk|1\n|-unboost|p1b: Garchomp|atk|1\n|-ability|p1a: Corviknight|Pressure\n|turn|1\n|\n|t:|1683971038\n|switch|p1a: Palafin|Palafin, L50, M, shiny|100\/100\n|move|p1b: Garchomp|Earthquake|p2b: Iron Hands|[spread] p1a,p2a,p2b\n|-supereffective|p2a: Arcanine\n|-supereffective|p2b: Iron Hands\n|-damage|p1a: Palafin|74\/100\n|-damage|p2a: Arcanine|52\/100\n|-damage|p2b: Iron Hands|73\/100\n|move|p2a: Arcanine|Will-O-Wisp|p1b: Garchomp\n|-status|p1b: Garchomp|brn\n|move|p2b: Iron Hands|Drain Punch|p1b: Garchomp\n|-damage|p1b: Garchomp|58\/100 brn\n|-heal|p2b: Iron Hands|91\/100|[from] drain|[of] p1b: Garchomp\n|-damage|p2b: Iron Hands|78\/100|[from] ability: Rough Skin|[of] p1b: Garchomp\n|\n|-heal|p1b: Garchomp|64\/100 brn|[from] item: Leftovers\n|-heal|p2b: Iron Hands|84\/100|[from] item: Leftovers\n|-damage|p1b: Garchomp|58\/100 brn|[from] brn\n|upkeep\n|turn|2\n|c|\u2606SeveralNonSense|what's a corviknight?\n|c|\u2606SeveralNonSense|looks really cool\n|c|\u2606Mais0902|it's a crow that's armored like a knight\n|\n|t:|1683971086\n|move|p2a: Arcanine|Extreme Speed|p1b: Garchomp\n|-damage|p1b: Garchomp|39\/100 brn\n|-damage|p2a: Arcanine|39\/100|[from] ability: Rough Skin|[of] p1b: Garchomp\n|move|p1a: Palafin|Flip Turn|p2a: Arcanine\n|-supereffective|p2a: Arcanine\n|-damage|p2a: Arcanine|0 fnt\n|faint|p2a: Arcanine\n|c|\u2606SeveralNonSense|what does corvi do? is it just a wall?\n|c|\u2606Mais0902|yeah\n|c|\u2606SeveralNonSense|that's a cool looking cool\n|c|\u2606Mais0902|can defog too and has some weird bulk up body press sets\n|c|\u2606SeveralNonSense|body press? damn\n|\n|t:|1683971169\n|detailschange|p1a: Palafin|Palafin-Hero, L50, M, shiny\n|switch|p1a: Corviknight|Corviknight, L50, M|100\/100|[from] Flip Turn\n|-ability|p1a: Corviknight|Pressure\n|move|p1b: Garchomp|Stealth Rock|p2b: Iron Hands\n|-sidestart|p2: SeveralNonSense|move: Stealth Rock\n|move|p2b: Iron Hands|Swords Dance|p2b: Iron Hands\n|-boost|p2b: Iron Hands|atk|2\n|\n|-heal|p1b: Garchomp|45\/100 brn|[from] item: Leftovers\n|-heal|p2b: Iron Hands|91\/100|[from] item: Leftovers\n|-damage|p1b: Garchomp|39\/100 brn|[from] brn\n|upkeep\n|c|\u2606SeveralNonSense|no wonder u brought the corvi\n|\n|t:|1683971180\n|switch|p2a: Iron Bundle|Iron Bundle, L50|100\/100\n|-damage|p2a: Iron Bundle|76\/100|[from] Stealth Rock\n|turn|3\n|\n|t:|1683971189\n|move|p2a: Iron Bundle|Protect|p2a: Iron Bundle\n|-singleturn|p2a: Iron Bundle|Protect\n|move|p1a: Corviknight|Body Press|p2a: Iron Bundle\n|-activate|p2a: Iron Bundle|move: Protect\n|move|p2b: Iron Hands|Drain Punch|p1b: Garchomp\n|-crit|p1b: Garchomp\n|-damage|p1b: Garchomp|0 fnt\n|-heal|p2b: Iron Hands|100\/100|[from] drain|[of] p1b: Garchomp\n|-damage|p2b: Iron Hands|88\/100|[from] ability: Rough Skin|[of] p1b: Garchomp\n|faint|p1b: Garchomp\n|\n|-heal|p2b: Iron Hands|94\/100|[from] item: Leftovers\n|upkeep\n|\n|t:|1683971206\n|switch|p1b: Chien-Pao|Chien-Pao, L50|100\/100\n|-ability|p1b: Chien-Pao|Sword of Ruin\n|turn|4\n|\n|t:|1683971225\n|move|p2a: Iron Bundle|Icy Wind|p1b: Chien-Pao|[spread] p1a,p1b\n|-resisted|p1b: Chien-Pao\n|-damage|p1a: Corviknight|87\/100\n|-damage|p1b: Chien-Pao|83\/100\n|-unboost|p1a: Corviknight|spe|1\n|-unboost|p1b: Chien-Pao|spe|1\n|move|p1b: Chien-Pao|Sacred Sword|p2b: Iron Hands\n|-damage|p2b: Iron Hands|70\/100\n|move|p2b: Iron Hands|Drain Punch|p1b: Chien-Pao\n|-supereffective|p1b: Chien-Pao\n|-damage|p1b: Chien-Pao|0 fnt\n|-heal|p2b: Iron Hands|94\/100|[from] drain|[of] p1b: Chien-Pao\n|faint|p1b: Chien-Pao\n|move|p1a: Corviknight|Body Press|p2a: Iron Bundle\n|-supereffective|p2a: Iron Bundle\n|-crit|p2a: Iron Bundle\n|-damage|p2a: Iron Bundle|1\/100\n|\n|-heal|p2b: Iron Hands|100\/100|[from] item: Leftovers\n|upkeep\n|c|\u2606SeveralNonSense|the penguin lives!\n|\n|t:|1683971242\n|switch|p1b: Palafin|Palafin-Hero, L50, M, shiny|74\/100\n|-activate|p1b: Palafin|ability: Zero to Hero\n|turn|5\n|\n|t:|1683971265\n|-terastallize|p1b: Palafin|Water\n|move|p2a: Iron Bundle|Protect|p2a: Iron Bundle\n|-singleturn|p2a: Iron Bundle|Protect\n|move|p1b: Palafin|Wave Crash|p2b: Iron Hands\n|-damage|p2b: Iron Hands|0 fnt\n|faint|p2b: Iron Hands\n|-end|p2b: Iron Hands|Quark Drive|[silent]\n|-damage|p1b: Palafin|25\/100|[from] Recoil\n|move|p1a: Corviknight|Body Press|p2a: Iron Bundle\n|-activate|p2a: Iron Bundle|move: Protect\n|\n|upkeep\n|\n|t:|1683971270\n|switch|p2b: Roaring Moon|Roaring Moon, L50|100\/100\n|-damage|p2b: Roaring Moon|88\/100|[from] Stealth Rock\n|-enditem|p2b: Roaring Moon|Booster Energy\n|-activate|p2b: Roaring Moon|ability: Protosynthesis|[fromitem]\n|-start|p2b: Roaring Moon|protosynthesisatk\n|turn|6\n|c|\u2606Mais0902|JESUS\n|c|\u2606SeveralNonSense|it just won't die!\n|\n|t:|1683971298\n|-terastallize|p2b: Roaring Moon|Flying\n|move|p2a: Iron Bundle|Freeze-Dry|p1b: Palafin\n|-supereffective|p1b: Palafin\n|-damage|p1b: Palafin|0 fnt\n|faint|p1b: Palafin\n|move|p2b: Roaring Moon|Dragon Dance|p2b: Roaring Moon\n|-boost|p2b: Roaring Moon|atk|1\n|-boost|p2b: Roaring Moon|spe|1\n|move|p1a: Corviknight|Body Press|p2a: Iron Bundle\n|-supereffective|p2a: Iron Bundle\n|-damage|p2a: Iron Bundle|0 fnt\n|faint|p2a: Iron Bundle\n|-end|p2a: Iron Bundle|Quark Drive|[silent]\n|\n|upkeep\n|turn|7\n|\n|t:|1683971313\n|move|p2b: Roaring Moon|Acrobatics|p1a: Corviknight\n|-resisted|p1a: Corviknight\n|-damage|p1a: Corviknight|38\/100\n|-damage|p2b: Roaring Moon|72\/100|[from] item: Rocky Helmet|[of] p1a: Corviknight\n|move|p1a: Corviknight|Body Press|p2b: Roaring Moon\n|-resisted|p2b: Roaring Moon\n|-damage|p2b: Roaring Moon|59\/100\n|\n|upkeep\n|turn|8\n|\n|t:|1683971328\n|move|p2b: Roaring Moon|Acrobatics|p1a: Corviknight\n|-resisted|p1a: Corviknight\n|-damage|p1a: Corviknight|0 fnt\n|-damage|p2b: Roaring Moon|43\/100|[from] item: Rocky Helmet|[of] p1a: Corviknight\n|faint|p1a: Corviknight\n|\n|win|SeveralNonSense\n|c|\u2606Mais0902|gg\n|c|\u2606SeveralNonSense|gg\n","uploadtime":1683971336,"views":8,"p1id":"mais0902","p2id":"severalnonsense","formatid":"gen9vgc2023regulationc","rating":0,"private":0,"password":""}