{"id":"gen9vgc2023regulationc-1856666294","p1":"Juliet69","p2":"iStockphoto","format":"[Gen 9] VGC 2023 Regulation C","log":"|j|\u2606Juliet69\n|j|\u2606iStockphoto\n|t:|1683090803\n|gametype|doubles\n|player|p1|Juliet69|fantina|1148\n|player|p2|iStockphoto|266|1169\n|teamsize|p1|6\n|teamsize|p2|6\n|gen|9\n|tier|[Gen 9] VGC 2023 Regulation C\n|rated|\n|rule|Species Clause: Limit one of each Pok\u00e9mon\n|rule|Item Clause: Limit one of each item\n|clearpoke\n|poke|p1|Dragonite, L50, M|\n|poke|p1|Ceruledge, L50, M|\n|poke|p1|Amoonguss, L50, M|\n|poke|p1|Hydreigon, L50, M|\n|poke|p1|Chi-Yu, L50|\n|poke|p1|Klefki, L50, M|\n|poke|p2|Abomasnow, L50, M|\n|poke|p2|Baxcalibur, L50, F|\n|poke|p2|Ting-Lu, L50|\n|poke|p2|Maushold, L50|\n|poke|p2|Wo-Chien, L50|\n|poke|p2|Gholdengo, L50|\n|teampreview|4\n|inactive|Battle timer is ON: inactive players will automatically lose when time's up. (requested by Juliet69)\n|\n|t:|1683090822\n|start\n|switch|p1a: Ceruledge|Ceruledge, L50, M|100\/100\n|switch|p1b: Klefki|Klefki, L50, M|100\/100\n|switch|p2a: Maushold|Maushold, L50|100\/100\n|switch|p2b: Baxcalibur|Baxcalibur, L50, F|100\/100\n|turn|1\n|\n|t:|1683090839\n|switch|p2b: Ting-Lu|Ting-Lu, L50|100\/100\n|-ability|p2b: Ting-Lu|Vessel of Ruin\n|move|p1b: Klefki|Switcheroo|p2b: Ting-Lu\n|-hint|Since gen 7, Dark is immune to Prankster moves.\n|-immune|p2b: Ting-Lu\n|move|p2a: Maushold|Taunt|p1b: Klefki\n|-start|p1b: Klefki|move: Taunt\n|move|p1a: Ceruledge|Bulk Up|p1a: Ceruledge\n|-boost|p1a: Ceruledge|atk|1\n|-boost|p1a: Ceruledge|def|1\n|\n|upkeep\n|turn|2\n|\n|t:|1683090859\n|move|p2a: Maushold|Taunt|p1a: Ceruledge\n|-start|p1a: Ceruledge|move: Taunt\n|move|p1a: Ceruledge|Bitter Blade|p2b: Ting-Lu\n|-damage|p2b: Ting-Lu|70\/100\n|move|p2b: Ting-Lu|Fissure|p1a: Ceruledge\n|-damage|p1a: Ceruledge|0 fnt\n|faint|p1a: Ceruledge\n|-ohko\n|move|p1b: Klefki|Play Rough|p2b: Ting-Lu\n|-supereffective|p2b: Ting-Lu\n|-damage|p2b: Ting-Lu|46\/100\n|\n|upkeep\n|\n|t:|1683090872\n|switch|p1a: Chi-Yu|Chi-Yu, L50|100\/100\n|-ability|p1a: Chi-Yu|Beads of Ruin\n|turn|3\n|\n|t:|1683090886\n|-terastallize|p1a: Chi-Yu|Fire\n|move|p2a: Maushold|Follow Me|p2a: Maushold\n|-singleturn|p2a: Maushold|move: Follow Me\n|move|p1a: Chi-Yu|Heat Wave|p2a: Maushold|[spread] p2a,p2b\n|-damage|p2a: Maushold|5\/100\n|-damage|p2b: Ting-Lu|23\/100\n|move|p2b: Ting-Lu|Stomping Tantrum|p1a: Chi-Yu\n|-supereffective|p1a: Chi-Yu\n|-damage|p1a: Chi-Yu|7\/100\n|move|p1b: Klefki|Play Rough|p2a: Maushold\n|-damage|p2a: Maushold|0 fnt\n|faint|p2a: Maushold\n|\n|upkeep\n|\n|t:|1683090899\n|switch|p2a: Abomasnow|Abomasnow, L50, M|100\/100\n|-weather|Snow|[from] ability: Snow Warning|[of] p2a: Abomasnow\n|turn|4\n|\n|t:|1683090915\n|-terastallize|p2a: Abomasnow|Water\n|move|p1a: Chi-Yu|Heat Wave|p2a: Abomasnow|[spread] p2a,p2b\n|-resisted|p2a: Abomasnow\n|-damage|p2a: Abomasnow|68\/100\n|-damage|p2b: Ting-Lu|0 fnt\n|faint|p2b: Ting-Lu\n|move|p2a: Abomasnow|Aurora Veil|p2a: Abomasnow\n|-sidestart|p2: iStockphoto|move: Aurora Veil\n|move|p1b: Klefki|Play Rough|p2a: Abomasnow\n|-damage|p2a: Abomasnow|48\/100\n|\n|-weather|Snow|[upkeep]\n|-end|p1b: Klefki|move: Taunt\n|upkeep\n|\n|t:|1683090927\n|switch|p2b: Baxcalibur|Baxcalibur, L50, F|100\/100\n|turn|5\n|\n|t:|1683090944\n|switch|p1a: Dragonite|Dragonite, L50, M|100\/100\n|move|p1b: Klefki|Switcheroo|p2b: Baxcalibur\n|-activate|p1b: Klefki|move: Trick|[of] p2b: Baxcalibur\n|-item|p2b: Baxcalibur|Lagging Tail|[from] move: Switcheroo\n|-item|p1b: Klefki|Clear Amulet|[from] move: Switcheroo\n|move|p2b: Baxcalibur|Dragon Dance|p2b: Baxcalibur\n|-boost|p2b: Baxcalibur|atk|1\n|-boost|p2b: Baxcalibur|spe|1\n|move|p2a: Abomasnow|Icy Wind|p1b: Klefki|[spread] p1a,p1b\n|-supereffective|p1a: Dragonite\n|-resisted|p1b: Klefki\n|-damage|p1a: Dragonite|74\/100\n|-damage|p1b: Klefki|94\/100\n|-unboost|p1a: Dragonite|spe|1\n|\n|-weather|Snow|[upkeep]\n|upkeep\n|turn|6\n|\n|t:|1683090966\n|move|p1b: Klefki|Thunder Wave|p2a: Abomasnow\n|-status|p2a: Abomasnow|par\n|move|p2b: Baxcalibur|Ice Shard|p1a: Dragonite\n|-supereffective|p1a: Dragonite\n|-damage|p1a: Dragonite|0 fnt\n|faint|p1a: Dragonite\n|move|p2a: Abomasnow|Blizzard|p1b: Klefki\n|-resisted|p1b: Klefki\n|-damage|p1b: Klefki|77\/100\n|-status|p1b: Klefki|frz\n|\n|-weather|Snow|[upkeep]\n|upkeep\n|\n|t:|1683090977\n|switch|p1a: Chi-Yu|Chi-Yu, L50, tera:Fire|7\/100\n|-ability|p1a: Chi-Yu|Beads of Ruin\n|turn|7\n|c|\u2606iStockphoto|sorry about the freeze hax\n|c|\u2606Juliet69|and fissure\n|c|\u2606Juliet69|it's crazy\n|\n|t:|1683091001\n|move|p2b: Baxcalibur|Ice Shard|p1a: Chi-Yu\n|-resisted|p1a: Chi-Yu\n|-damage|p1a: Chi-Yu|0 fnt\n|faint|p1a: Chi-Yu\n|cant|p1b: Klefki|frz\n|move|p2a: Abomasnow|Blizzard|p1b: Klefki\n|-resisted|p1b: Klefki\n|-damage|p1b: Klefki|58\/100 frz\n|\n|-weather|Snow|[upkeep]\n|upkeep\n|turn|8\n|c|\u2606iStockphoto|I'm less sorry about that one if I'm being honest\n|\n|t:|1683091020\n|cant|p2a: Abomasnow|par\n|cant|p1b: Klefki|frz\n|move|p2b: Baxcalibur|Earthquake|p1b: Klefki|[spread] p2a,p1b\n|-supereffective|p1b: Klefki\n|-damage|p2a: Abomasnow|12\/100 par\n|-damage|p1b: Klefki|0 fnt\n|faint|p1b: Klefki\n|\n|win|iStockphoto\n|raw|Juliet69's rating: 1148 → 1125<\/strong> (-23 for losing)\n|raw|iStockphoto's rating: 1169 → 1192<\/strong> (+23 for winning)\n|c|\u2606Juliet69|i mean fair,\n|l|\u2606Juliet69\n|c|\u2606iStockphoto|gg!\n","uploadtime":1683091043,"views":6,"p1id":"juliet69","p2id":"istockphoto","formatid":"gen9vgc2023regulationc","rating":1125,"private":0,"password":""}