{"id":"gen9vgc2023regulationc-1849011590","p1":"donbosi","p2":"SweetSerenityGrace","format":"[Gen 9] VGC 2023 Regulation C","log":"|j|\u2606donbosi\n|j|\u2606SweetSerenityGrace\n|t:|1682138682\n|gametype|doubles\n|player|p1|donbosi|1|1040\n|player|p2|SweetSerenityGrace|iris-gen5bw2|1043\n|teamsize|p1|6\n|teamsize|p2|6\n|gen|9\n|tier|[Gen 9] VGC 2023 Regulation C\n|rated|\n|rule|Species Clause: Limit one of each Pok\u00e9mon\n|rule|Item Clause: Limit one of each item\n|clearpoke\n|poke|p1|Wo-Chien, L50|\n|poke|p1|Volcarona, L50, M|\n|poke|p1|Gothitelle, L50, M|\n|poke|p1|Flutter Mane, L50|\n|poke|p1|Garganacl, L50, F|\n|poke|p1|Iron Hands, L50|\n|poke|p2|Flutter Mane, L50|\n|poke|p2|Chi-Yu, L50|\n|poke|p2|Chien-Pao, L50|\n|poke|p2|Dragonite, L50, F|\n|poke|p2|Grimmsnarl, L50, M|\n|poke|p2|Amoonguss, L50, F|\n|teampreview|4\nSweetSerenityGrace rejected open team sheets.\n|\n|t:|1682138710\n|start\n|switch|p1a: Garganacl|Garganacl, L50, F|100\/100\n|switch|p1b: Iron Hands|Iron Hands, L50|100\/100\n|switch|p2a: Grimmsnarl|Grimmsnarl, L50, M|100\/100\n|switch|p2b: Big Missy|Flutter Mane, L50|100\/100\n|-enditem|p2b: Big Missy|Booster Energy\n|-activate|p2b: Big Missy|ability: Protosynthesis|[fromitem]\n|-start|p2b: Big Missy|protosynthesisspe\n|turn|1\n|inactive|Battle timer is ON: inactive players will automatically lose when time's up. (requested by donbosi)\n|\n|t:|1682138727\n|move|p2b: Big Missy|Protect|p2b: Big Missy\n|-singleturn|p2b: Big Missy|Protect\n|move|p1b: Iron Hands|Fake Out|p2a: Grimmsnarl\n|-damage|p2a: Grimmsnarl|84\/100\n|cant|p2a: Grimmsnarl|flinch\n|move|p1a: Garganacl|Salt Cure|p2b: Big Missy\n|-activate|p2b: Big Missy|move: Protect\n|\n|upkeep\n|turn|2\n|inactive|donbosi has 30 seconds left.\n|\n|t:|1682138756\n|move|p1a: Garganacl|Wide Guard|p1a: Garganacl\n|-singleturn|p1a: Garganacl|Wide Guard\n|move|p2a: Grimmsnarl|Reflect|p2a: Grimmsnarl\n|-sidestart|p2: SweetSerenityGrace|Reflect\n|move|p2b: Big Missy|Dazzling Gleam|p1a: Garganacl|[spread] \n|-activate|p1a: Garganacl|move: Wide Guard\n|-activate|p1b: Iron Hands|move: Wide Guard\n|move|p1b: Iron Hands|Volt Switch|p2a: Grimmsnarl\n|-damage|p2a: Grimmsnarl|72\/100\n|\n|t:|1682138766\n|-end|p1b: Iron Hands|Quark Drive|[silent]\n|switch|p1b: Volcarona|Volcarona, L50, M|100\/100|[from] Volt Switch\n|\n|upkeep\n|turn|3\n|\n|t:|1682138780\n|move|p2b: Big Missy|Protect|p2b: Big Missy\n|-singleturn|p2b: Big Missy|Protect\n|move|p2a: Grimmsnarl|Parting Shot|p1b: Volcarona\n|-unboost|p1b: Volcarona|atk|1\n|-unboost|p1b: Volcarona|spa|1\n|\n|t:|1682138789\n|switch|p2a: Dragonite|Dragonite, L50, F|100\/100|[from] Parting Shot\n|move|p1b: Volcarona|Quiver Dance|p1b: Volcarona\n|-boost|p1b: Volcarona|spa|1\n|-boost|p1b: Volcarona|spd|1\n|-boost|p1b: Volcarona|spe|1\n|move|p1a: Garganacl|Salt Cure|p2a: Dragonite\n|-supereffective|p2a: Dragonite\n|-damage|p2a: Dragonite|91\/100\n|-start|p2a: Dragonite|Salt Cure\n|\n|-damage|p2a: Dragonite|79\/100|[from] Salt Cure\n|upkeep\n|turn|4\n|inactive|SweetSerenityGrace has 30 seconds left.\n|\n|t:|1682138820\n|-terastallize|p2a: Dragonite|Normal\n|move|p1b: Volcarona|Protect|p1b: Volcarona\n|-singleturn|p1b: Volcarona|Protect\n|move|p2b: Big Missy|Shadow Ball|p1a: Garganacl\n|-damage|p1a: Garganacl|83\/100\n|move|p2a: Dragonite|Dragon Dance|p2a: Dragonite\n|-boost|p2a: Dragonite|atk|1\n|-boost|p2a: Dragonite|spe|1\n|move|p1a: Garganacl|Salt Cure|p2b: Big Missy\n|-damage|p2b: Big Missy|80\/100\n|-start|p2b: Big Missy|Salt Cure\n|\n|-heal|p1a: Garganacl|89\/100|[from] item: Leftovers\n|-damage|p2b: Big Missy|67\/100|[from] Salt Cure\n|-damage|p2a: Dragonite|67\/100|[from] Salt Cure\n|upkeep\n|turn|5\n|\n|t:|1682138842\n|-end|p2b: Big Missy|Protosynthesis|[silent]\n|switch|p2b: Shroomie|Amoonguss, L50, F|100\/100\n|switch|p1b: Iron Hands|Iron Hands, L50|100\/100\n|move|p2a: Dragonite|Extreme Speed|p1b: Iron Hands\n|-damage|p1b: Iron Hands|49\/100\n|move|p1a: Garganacl|Recover|p1a: Garganacl\n|-heal|p1a: Garganacl|100\/100\n|\n|-damage|p2a: Dragonite|55\/100|[from] Salt Cure\n|upkeep\n|turn|6\n|\n|t:|1682138866\n|move|p1b: Iron Hands|Fake Out|p2a: Dragonite\n|-damage|p2a: Dragonite|44\/100\n|cant|p2a: Dragonite|flinch\n|move|p1a: Garganacl|Salt Cure|p2a: Dragonite\n|-damage|p2a: Dragonite|35\/100\n|move|p2b: Shroomie|Pollen Puff|p1b: Iron Hands\n|-resisted|p1b: Iron Hands\n|-damage|p1b: Iron Hands|44\/100\n|\n|-damage|p2a: Dragonite|23\/100|[from] Salt Cure\n|upkeep\n|turn|7\n|\n|t:|1682138884\n|move|p2a: Dragonite|Extreme Speed|p1b: Iron Hands\n|-damage|p1b: Iron Hands|0 fnt\n|faint|p1b: Iron Hands\n|-end|p1b: Iron Hands|Quark Drive|[silent]\n|move|p1a: Garganacl|Salt Cure|p2b: Shroomie\n|-damage|p2b: Shroomie|93\/100\n|-start|p2b: Shroomie|Salt Cure\n|move|p2b: Shroomie|Pollen Puff|p2a: Dragonite\n|-heal|p2a: Dragonite|73\/100\n|\n|-damage|p2a: Dragonite|61\/100|[from] Salt Cure\n|-damage|p2b: Shroomie|81\/100|[from] Salt Cure\n|upkeep\n|\n|t:|1682138899\n|switch|p1b: Flutter Mane|Flutter Mane, L50|100\/100\n|turn|8\n|\n|t:|1682138921\n|move|p1b: Flutter Mane|Shadow Ball|p2b: Shroomie\n|-damage|p2b: Shroomie|44\/100\n|move|p2a: Dragonite|Outrage|p1a: Garganacl\n|-damage|p1a: Garganacl|38\/100\n|move|p1a: Garganacl|Salt Cure|p2a: Dragonite\n|-damage|p2a: Dragonite|53\/100\n|move|p2b: Shroomie|Spore|p1b: Flutter Mane\n|-status|p1b: Flutter Mane|slp|[from] move: Spore\n|\n|-heal|p1a: Garganacl|44\/100|[from] item: Leftovers\n|-damage|p2a: Dragonite|40\/100|[from] Salt Cure\n|-damage|p2b: Shroomie|32\/100|[from] Salt Cure\n|upkeep\n|turn|9\n|\n|t:|1682138939\n|move|p1a: Garganacl|Protect|p1a: Garganacl\n|-singleturn|p1a: Garganacl|Protect\n|cant|p1b: Flutter Mane|slp\n|move|p2a: Dragonite|Outrage|p1b: Flutter Mane|[from]lockedmove\n|-immune|p1b: Flutter Mane\n|move|p2b: Shroomie|Pollen Puff|p2a: Dragonite\n|-heal|p2a: Dragonite|90\/100\n|\n|-heal|p1a: Garganacl|50\/100|[from] item: Leftovers\n|-damage|p2a: Dragonite|78\/100|[from] Salt Cure\n|-damage|p2b: Shroomie|20\/100|[from] Salt Cure\n|-sideend|p2: SweetSerenityGrace|Reflect\n|upkeep\n|turn|10\n|inactive|SweetSerenityGrace has 30 seconds left.\n|\n|t:|1682138969\n|switch|p2b: Grimmsnarl|Grimmsnarl, L50, M|72\/100\n|cant|p1b: Flutter Mane|slp\n|move|p2a: Dragonite|Ice Spinner|p1a: Garganacl\n|-damage|p1a: Garganacl|22\/100\n|move|p1a: Garganacl|Recover|p1a: Garganacl\n|-heal|p1a: Garganacl|72\/100\n|\n|-heal|p1a: Garganacl|78\/100|[from] item: Leftovers\n|-damage|p2a: Dragonite|66\/100|[from] Salt Cure\n|upkeep\n|turn|11\n|inactive|SweetSerenityGrace has 30 seconds left.\n|\n|t:|1682138995\n|move|p2b: Grimmsnarl|Light Screen|p2b: Grimmsnarl\n|-sidestart|p2: SweetSerenityGrace|move: Light Screen\n|cant|p1b: Flutter Mane|slp\n|move|p2a: Dragonite|Ice Spinner|p1b: Flutter Mane\n|-enditem|p1b: Flutter Mane|Focus Sash\n|-damage|p1b: Flutter Mane|1\/100 slp\n|move|p1a: Garganacl|Salt Cure|p2b: Grimmsnarl\n|-damage|p2b: Grimmsnarl|55\/100\n|-start|p2b: Grimmsnarl|Salt Cure\n|\n|-heal|p1a: Garganacl|84\/100|[from] item: Leftovers\n|-damage|p2a: Dragonite|54\/100|[from] Salt Cure\n|-damage|p2b: Grimmsnarl|43\/100|[from] Salt Cure\n|upkeep\n|turn|12\n|\n|t:|1682139019\n|move|p2b: Grimmsnarl|Parting Shot|p1b: Flutter Mane\n|-unboost|p1b: Flutter Mane|atk|1\n|-unboost|p1b: Flutter Mane|spa|1\n|\n|t:|1682139023\n|switch|p2b: Shroomie|Amoonguss, L50, F|53\/100|[from] Parting Shot\n|-curestatus|p1b: Flutter Mane|slp|[msg]\n|move|p1b: Flutter Mane|Dazzling Gleam|p2a: Dragonite|[spread] p2a,p2b\n|-resisted|p2b: Shroomie\n|-damage|p2a: Dragonite|42\/100\n|-damage|p2b: Shroomie|47\/100\n|move|p2a: Dragonite|Ice Spinner|p1b: Flutter Mane\n|-damage|p1b: Flutter Mane|0 fnt\n|faint|p1b: Flutter Mane\n|-end|p1b: Flutter Mane|Protosynthesis|[silent]\n|move|p1a: Garganacl|Salt Cure|p2a: Dragonite\n|-damage|p2a: Dragonite|28\/100\n|\n|-heal|p1a: Garganacl|90\/100|[from] item: Leftovers\n|-damage|p2a: Dragonite|16\/100|[from] Salt Cure\n|upkeep\n|\n|t:|1682139041\n|switch|p1b: Volcarona|Volcarona, L50, M|100\/100\n|turn|13\n|\n|t:|1682139052\n|move|p2a: Dragonite|Extreme Speed|p1b: Volcarona\n|-damage|p1b: Volcarona|0 fnt\n|faint|p1b: Volcarona\n|move|p1a: Garganacl|Salt Cure|p2b: Shroomie\n|-damage|p2b: Shroomie|36\/100\n|-start|p2b: Shroomie|Salt Cure\n|move|p2b: Shroomie|Pollen Puff|p2a: Dragonite\n|-heal|p2a: Dragonite|66\/100\n|\n|-heal|p1a: Garganacl|96\/100|[from] item: Leftovers\n|-damage|p2a: Dragonite|54\/100|[from] Salt Cure\n|-damage|p2b: Shroomie|24\/100|[from] Salt Cure\n|upkeep\n|turn|14\n|inactive|SweetSerenityGrace has 30 seconds left.\n|inactive|SweetSerenityGrace has 20 seconds left.\n|\n|t:|1682139087\n|switch|p2b: Big Missy|Flutter Mane, L50|67\/100\n|move|p2a: Dragonite|Outrage|p1a: Garganacl\n|-damage|p1a: Garganacl|27\/100\n|move|p1a: Garganacl|Recover|p1a: Garganacl\n|-heal|p1a: Garganacl|77\/100\n|\n|-heal|p1a: Garganacl|83\/100|[from] item: Leftovers\n|-damage|p2a: Dragonite|42\/100|[from] Salt Cure\n|upkeep\n|turn|15\n|\n|t:|1682139101\n|move|p1a: Garganacl|Protect|p1a: Garganacl\n|-singleturn|p1a: Garganacl|Protect\n|move|p2b: Big Missy|Dazzling Gleam|p1a: Garganacl\n|-activate|p1a: Garganacl|move: Protect\n|move|p2a: Dragonite|Outrage|p1a: Garganacl|[from]lockedmove\n|-activate|p1a: Garganacl|move: Protect\n|-start|p2a: Dragonite|confusion|[fatigue]\n|-enditem|p2a: Dragonite|Lum Berry|[eat]\n|-end|p2a: Dragonite|confusion\n|\n|-heal|p1a: Garganacl|89\/100|[from] item: Leftovers\n|-damage|p2a: Dragonite|30\/100|[from] Salt Cure\n|upkeep\n|turn|16\n|\n|t:|1682139119\n|move|p2a: Dragonite|Extreme Speed|p1a: Garganacl\n|-resisted|p1a: Garganacl\n|-damage|p1a: Garganacl|67\/100\n|move|p2b: Big Missy|Dazzling Gleam|p1a: Garganacl\n|-damage|p1a: Garganacl|38\/100\n|move|p1a: Garganacl|Recover|p1a: Garganacl\n|-heal|p1a: Garganacl|88\/100\n|\n|-heal|p1a: Garganacl|94\/100|[from] item: Leftovers\n|-damage|p2a: Dragonite|18\/100|[from] Salt Cure\n|upkeep\n|turn|17\n|inactive|SweetSerenityGrace has 30 seconds left.\n|\n|t:|1682139148\n|-end|p2b: Big Missy|Protosynthesis|[silent]\n|switch|p2b: Grimmsnarl|Grimmsnarl, L50, M|43\/100\n|switch|p2a: Shroomie|Amoonguss, L50, F|57\/100\n|move|p1a: Garganacl|Salt Cure|p2b: Grimmsnarl\n|-damage|p2b: Grimmsnarl|28\/100\n|-start|p2b: Grimmsnarl|Salt Cure\n|\n|-heal|p1a: Garganacl|99\/100|[from] item: Leftovers\n|-damage|p2b: Grimmsnarl|15\/100|[from] Salt Cure\n|upkeep\n|turn|18\n|\n|t:|1682139168\n|switch|p2b: Big Missy|Flutter Mane, L50|67\/100\n|move|p1a: Garganacl|Salt Cure|p2a: Shroomie\n|-crit|p2a: Shroomie\n|-damage|p2a: Shroomie|41\/100\n|-start|p2a: Shroomie|Salt Cure\n|move|p2a: Shroomie|Pollen Puff|p1a: Garganacl\n|-damage|p1a: Garganacl|87\/100\n|\n|-heal|p1a: Garganacl|93\/100|[from] item: Leftovers\n|-damage|p2a: Shroomie|29\/100|[from] Salt Cure\n|-sideend|p2: SweetSerenityGrace|move: Light Screen\n|upkeep\n|turn|19\n|\n|t:|1682139186\n|move|p2a: Shroomie|Rage Powder|p2a: Shroomie\n|-singleturn|p2a: Shroomie|move: Rage Powder\n|move|p2b: Big Missy|Dazzling Gleam|p1a: Garganacl\n|-damage|p1a: Garganacl|63\/100\n|move|p1a: Garganacl|Salt Cure|p2a: Shroomie\n|-damage|p2a: Shroomie|18\/100\n|\n|-heal|p1a: Garganacl|69\/100|[from] item: Leftovers\n|-damage|p2a: Shroomie|5\/100|[from] Salt Cure\n|upkeep\n|turn|20\n|\n|t:|1682139199\n|switch|p2a: Grimmsnarl|Grimmsnarl, L50, M|15\/100\n|move|p2b: Big Missy|Dazzling Gleam|p1a: Garganacl\n|-damage|p1a: Garganacl|35\/100\n|move|p1a: Garganacl|Recover|p1a: Garganacl\n|-heal|p1a: Garganacl|85\/100\n|\n|-heal|p1a: Garganacl|91\/100|[from] item: Leftovers\n|upkeep\n|turn|21\n|\n|t:|1682139211\n|move|p2b: Big Missy|Dazzling Gleam|p1a: Garganacl\n|-damage|p1a: Garganacl|57\/100\n|move|p2a: Grimmsnarl|Spirit Break|p1a: Garganacl\n|-damage|p1a: Garganacl|38\/100\n|-unboost|p1a: Garganacl|spa|1\n|move|p1a: Garganacl|Salt Cure|p2a: Grimmsnarl\n|-damage|p2a: Grimmsnarl|0 fnt\n|faint|p2a: Grimmsnarl\n|\n|-heal|p1a: Garganacl|43\/100|[from] item: Leftovers\n|upkeep\n|\n|t:|1682139222\n|switch|p2a: Dragonite|Dragonite, L50, F, tera:Normal|18\/100\n|turn|22\n|\n|t:|1682139230\n|move|p1a: Garganacl|Protect|p1a: Garganacl\n|-singleturn|p1a: Garganacl|Protect\n|move|p2b: Big Missy|Dazzling Gleam|p1a: Garganacl\n|-activate|p1a: Garganacl|move: Protect\n|move|p2a: Dragonite|Dragon Dance|p2a: Dragonite\n|-boost|p2a: Dragonite|atk|1\n|-boost|p2a: Dragonite|spe|1\n|\n|-heal|p1a: Garganacl|49\/100|[from] item: Leftovers\n|upkeep\n|turn|23\n|\n|t:|1682139242\n|move|p2b: Big Missy|Dazzling Gleam|p1a: Garganacl\n|-damage|p1a: Garganacl|20\/100\n|move|p2a: Dragonite|Outrage|p1a: Garganacl\n|-damage|p1a: Garganacl|0 fnt\n|faint|p1a: Garganacl\n|\n|win|SweetSerenityGrace\n|raw|donbosi's rating: 1040 → 1024<\/strong> (-16 for losing)\n|raw|SweetSerenityGrace's rating: 1043 → 1076<\/strong> (+33 for winning)\n","uploadtime":1682139252,"views":13,"p1id":"donbosi","p2id":"sweetserenitygrace","formatid":"gen9vgc2023regulationc","rating":1024,"private":0,"password":""}