{"id":"gen9vgc2023regulationc-1863030767","p1":"LegendBtw","p2":"ZoryaPet","format":"[Gen 9] VGC 2023 Regulation C","log":"|j|\u2606LegendBtw\n|j|\u2606ZoryaPet\n|t:|1683955475\n|gametype|doubles\n|player|p1|LegendBtw|red-gen1|\n|player|p2|ZoryaPet|roxie|\n|teamsize|p1|6\n|teamsize|p2|6\n|gen|9\n|tier|[Gen 9] VGC 2023 Regulation C\n|rule|Species Clause: Limit one of each Pok\u00e9mon\n|rule|Item Clause: Limit one of each item\n|clearpoke\n|poke|p1|Iron Bundle, L50|\n|poke|p1|Abomasnow, L50, M|\n|poke|p1|Chi-Yu, L50|\n|poke|p1|Flutter Mane, L50|\n|poke|p1|Dragonite, L50, F|\n|poke|p1|Great Tusk, L50|\n|poke|p2|Gyarados, L50, M|\n|poke|p2|Flutter Mane, L50|\n|poke|p2|Gholdengo, L50|\n|poke|p2|Amoonguss, L50, M|\n|poke|p2|Murkrow, L50, F|\n|poke|p2|Great Tusk, L50|\n|teampreview|4\nZoryaPet has agreed to open team sheets.\n|inactive|Battle timer is ON: inactive players will automatically lose when time's up. (requested by LegendBtw)\nLegendBtw has agreed to open team sheets.\n|inactive|ZoryaPet has 60 seconds left.\n|\n|t:|1683955566\n|start\n|switch|p1a: Iron Bundle|Iron Bundle, L50|100\/100\n|switch|p1b: Chi-Yu|Chi-Yu, L50|100\/100\n|switch|p2a: Con ma|Flutter Mane, L50|100\/100\n|switch|p2b: Murkrow|Murkrow, L50, F|100\/100\n|-ability|p1b: Chi-Yu|Beads of Ruin\n|-enditem|p1a: Iron Bundle|Booster Energy\n|-activate|p1a: Iron Bundle|ability: Quark Drive|[fromitem]\n|-start|p1a: Iron Bundle|quarkdrivespe\n|turn|1\n|inactive|LegendBtw has 30 seconds left.\n|\n|t:|1683955598\n|move|p1a: Iron Bundle|Protect|p1a: Iron Bundle\n|-singleturn|p1a: Iron Bundle|Protect\n|move|p2b: Murkrow|Tailwind|p2b: Murkrow\n|-sidestart|p2: ZoryaPet|move: Tailwind\n|move|p2a: Con ma|Moonblast|p1a: Iron Bundle\n|-activate|p1a: Iron Bundle|move: Protect\n|move|p1b: Chi-Yu|Nasty Plot|p1b: Chi-Yu\n|-boost|p1b: Chi-Yu|spa|2\n|\n|upkeep\n|turn|2\n|inactive|LegendBtw has 30 seconds left.\n|inactive|LegendBtw has 20 seconds left.\n|inactive|LegendBtw has 15 seconds left.\n|inactive|LegendBtw has 10 seconds left.\n|\n|t:|1683955644\n|move|p2b: Murkrow|Haze|p2b: Murkrow\n|-clearallboost\n|move|p2a: Con ma|Moonblast|p1a: Iron Bundle\n|-damage|p1a: Iron Bundle|0 fnt\n|faint|p1a: Iron Bundle\n|-end|p1a: Iron Bundle|Quark Drive|[silent]\n|move|p1b: Chi-Yu|Heat Wave|p2b: Murkrow|[spread] p2a,p2b\n|-damage|p2a: Con ma|50\/100\n|-damage|p2b: Murkrow|53\/100\n|\n|upkeep\n|\n|t:|1683955659\n|switch|p1a: Abomasnow|Abomasnow, L50, M|100\/100\n|-weather|Snow|[from] ability: Snow Warning|[of] p1a: Abomasnow\n|turn|3\n|inactive|ZoryaPet has 30 seconds left.\n|inactive|LegendBtw has 30 seconds left.\n|inactive|ZoryaPet has 20 seconds left.\n|\n|t:|1683955696\n|move|p1b: Chi-Yu|Protect|p1b: Chi-Yu\n|-singleturn|p1b: Chi-Yu|Protect\n|move|p2b: Murkrow|Sunny Day|p2b: Murkrow\n|-weather|SunnyDay\n|-activate|p2a: Con ma|ability: Protosynthesis\n|-start|p2a: Con ma|protosynthesisspa\n|move|p2a: Con ma|Moonblast|p1b: Chi-Yu\n|-activate|p1b: Chi-Yu|move: Protect\n|move|p1a: Abomasnow|Blizzard|p2b: Murkrow|[spread] p2a\n|-miss|p1a: Abomasnow|p2b: Murkrow\n|-damage|p2a: Con ma|0 fnt\n|faint|p2a: Con ma\n|-end|p2a: Con ma|Protosynthesis|[silent]\n|-damage|p1a: Abomasnow|91\/100|[from] item: Life Orb\n|\n|-weather|SunnyDay|[upkeep]\n|upkeep\n|\n|t:|1683955709\n|switch|p2a: Gholdengo|Gholdengo, L50|100\/100\n|turn|4\n|inactive|LegendBtw has 30 seconds left.\n|inactive|ZoryaPet has 30 seconds left.\n|inactive|ZoryaPet has 20 seconds left.\n|inactive|ZoryaPet has 15 seconds left.\n|\n|t:|1683955751\n|-terastallize|p2a: Gholdengo|Water\n|-terastallize|p1a: Abomasnow|Water\n|move|p2b: Murkrow|Foul Play|p1b: Chi-Yu\n|-resisted|p1b: Chi-Yu\n|-crit|p1b: Chi-Yu\n|-damage|p1b: Chi-Yu|80\/100\n|move|p2a: Gholdengo|Nasty Plot|p2a: Gholdengo\n|-boost|p2a: Gholdengo|spa|2\n|move|p1b: Chi-Yu|Heat Wave|p2b: Murkrow|[spread] p2b\n|-miss|p1b: Chi-Yu|p2a: Gholdengo\n|-damage|p2b: Murkrow|0 fnt\n|faint|p2b: Murkrow\n|move|p1a: Abomasnow|Leaf Storm|p2a: Gholdengo\n|-supereffective|p2a: Gholdengo\n|-damage|p2a: Gholdengo|0 fnt\n|-unboost|p1a: Abomasnow|spa|2\n|faint|p2a: Gholdengo\n|-damage|p1a: Abomasnow|81\/100|[from] item: Life Orb\n|\n|-weather|SunnyDay|[upkeep]\n|-sideend|p2: ZoryaPet|move: Tailwind\n|upkeep\n|\n|t:|1683955764\n|switch|p2b: Amoonguss|Amoonguss, L50, M|100\/100\n|turn|5\n|-message|ZoryaPet forfeited.\n|\n|win|LegendBtw\n|c|\u2606ZoryaPet|gg nice one\n|c|\u2606LegendBtw|GG\n","uploadtime":1683955785,"views":12,"p1id":"legendbtw","p2id":"zoryapet","formatid":"gen9vgc2023regulationc","rating":0,"private":0,"password":""}