{"id":"gen9vgc2023regulationc-1856372081","p1":"haha you rage quit","p2":"Sneaky Weaville","format":"[Gen 9] VGC 2023 Regulation C","log":"|j|\u2606haha you rage quit\n|j|\u2606Sneaky Weaville\n|t:|1683055158\n|gametype|doubles\n|player|p1|haha you rage quit|pokemaniac|1175\n|player|p2|Sneaky Weaville|grimsley|1241\n|teamsize|p1|6\n|teamsize|p2|6\n|gen|9\n|tier|[Gen 9] VGC 2023 Regulation C\n|rated|\n|rule|Species Clause: Limit one of each Pok\u00e9mon\n|rule|Item Clause: Limit one of each item\n|clearpoke\n|poke|p1|Torkoal, L50, M|\n|poke|p1|Annihilape, L50, M|\n|poke|p1|Kingambit, L50, M|\n|poke|p1|Hatterene, L50, F|\n|poke|p1|Indeedee-F, L50, F|\n|poke|p1|Armarouge, L50, M|\n|poke|p2|Maushold-Four, L50|\n|poke|p2|Annihilape, L50, M|\n|poke|p2|Chien-Pao, L50|\n|poke|p2|Dragonite, L50, M|\n|poke|p2|Tinkaton, L50, F|\n|poke|p2|Sandy Shocks, L50|\n|teampreview|4\n|inactive|Battle timer is ON: inactive players will automatically lose when time's up. (requested by haha you rage quit)\n|\n|t:|1683055203\n|start\n|switch|p1a: Indeedee|Indeedee-F, L50, F, shiny|100\/100\n|switch|p1b: Hatterene|Hatterene, L50, F|100\/100\n|switch|p2a: Dragonite|Dragonite, L50, M|100\/100\n|switch|p2b: Chien-Pao|Chien-Pao, L50|100\/100\n|-ability|p2b: Chien-Pao|Sword of Ruin\n|-fieldstart|move: Psychic Terrain|[from] ability: Psychic Surge|[of] p1a: Indeedee\n|-enditem|p1a: Indeedee|Psychic Seed\n|-boost|p1a: Indeedee|spd|1|[from] item: Psychic Seed\n|turn|1\n|inactive|Sneaky Weaville has 30 seconds left.\n|\n|t:|1683055236\n|-terastallize|p1b: Hatterene|Water\n|move|p1a: Indeedee|Protect|p1a: Indeedee\n|-singleturn|p1a: Indeedee|Protect\n|move|p2b: Chien-Pao|Throat Chop|p1a: Indeedee\n|-activate|p1a: Indeedee|move: Protect\n|move|p2a: Dragonite|Dragon Claw|p1a: Indeedee\n|-activate|p1a: Indeedee|move: Protect\n|move|p1b: Hatterene|Trick Room|p1b: Hatterene\n|-fieldstart|move: Trick Room|[of] p1b: Hatterene\n|\n|upkeep\n|turn|2\n|inactive|Sneaky Weaville has 30 seconds left.\n|inactive|Sneaky Weaville has 20 seconds left.\n|\n|t:|1683055274\n|switch|p2a: Tinkaton|Tinkaton, L50, F|100\/100\n|move|p1b: Hatterene|Dazzling Gleam|p2b: Chien-Pao|[spread] p2a,p2b\n|-resisted|p2a: Tinkaton\n|-supereffective|p2b: Chien-Pao\n|-damage|p2a: Tinkaton|84\/100\n|-enditem|p2b: Chien-Pao|Focus Sash\n|-damage|p2b: Chien-Pao|1\/100\n|-damage|p1b: Hatterene|91\/100|[from] item: Life Orb\n|move|p1a: Indeedee|Dazzling Gleam|p2b: Chien-Pao|[spread] p2a,p2b\n|-resisted|p2a: Tinkaton\n|-supereffective|p2b: Chien-Pao\n|-damage|p2a: Tinkaton|79\/100\n|-damage|p2b: Chien-Pao|0 fnt\n|faint|p2b: Chien-Pao\n|\n|upkeep\n|\n|t:|1683055290\n|switch|p2b: Sandy Shocks|Sandy Shocks, L50|100\/100\n|-enditem|p2b: Sandy Shocks|Booster Energy\n|-activate|p2b: Sandy Shocks|ability: Protosynthesis|[fromitem]\n|-start|p2b: Sandy Shocks|protosynthesisspe\n|turn|3\n|inactive|haha you rage quit has 30 seconds left.\n|\n|t:|1683055317\n|move|p1a: Indeedee|Helping Hand|p1b: Hatterene\n|-singleturn|p1b: Hatterene|Helping Hand|[of] p1a: Indeedee\n|move|p1b: Hatterene|Psychic|p2a: Tinkaton\n|-resisted|p2a: Tinkaton\n|-damage|p2a: Tinkaton|30\/100\n|-damage|p1b: Hatterene|81\/100|[from] item: Life Orb\n|move|p2a: Tinkaton|Gigaton Hammer|p1b: Hatterene\n|-resisted|p1b: Hatterene\n|-damage|p1b: Hatterene|49\/100\n|move|p2b: Sandy Shocks|Earth Power|p1b: Hatterene\n|-damage|p1b: Hatterene|6\/100\n|\n|upkeep\n|turn|4\n|inactive|Sneaky Weaville has 30 seconds left.\n|\n|t:|1683055348\n|move|p1a: Indeedee|Helping Hand|p1b: Hatterene\n|-singleturn|p1b: Hatterene|Helping Hand|[of] p1a: Indeedee\n|move|p1b: Hatterene|Dazzling Gleam|p2b: Sandy Shocks|[spread] p2a,p2b\n|-resisted|p2a: Tinkaton\n|-damage|p2a: Tinkaton|6\/100\n|-damage|p2b: Sandy Shocks|9\/100\n|-damage|p1b: Hatterene|0 fnt|[from] item: Life Orb\n|faint|p1b: Hatterene\n|move|p2a: Tinkaton|Knock Off|p1a: Indeedee\n|-supereffective|p1a: Indeedee\n|-damage|p1a: Indeedee|63\/100\n|move|p2b: Sandy Shocks|Earth Power|p1a: Indeedee\n|-damage|p1a: Indeedee|41\/100\n|-unboost|p1a: Indeedee|spd|1\n|\n|upkeep\n|\n|t:|1683055363\n|switch|p1b: Kingambit|Kingambit, L50, M, shiny|100\/100\n|turn|5\n|\n|t:|1683055381\n|-end|p2b: Sandy Shocks|Protosynthesis|[silent]\n|switch|p2b: Dragonite|Dragonite, L50, M|100\/100\n|move|p1b: Kingambit|Swords Dance|p1b: Kingambit\n|-boost|p1b: Kingambit|atk|2\n|move|p1a: Indeedee|Dazzling Gleam|p2a: Tinkaton|[spread] p2a,p2b\n|-resisted|p2a: Tinkaton\n|-supereffective|p2b: Dragonite\n|-damage|p2a: Tinkaton|2\/100\n|-damage|p2b: Dragonite|87\/100\n|move|p2a: Tinkaton|Gigaton Hammer|p1a: Indeedee\n|-damage|p1a: Indeedee|0 fnt\n|faint|p1a: Indeedee\n|\n|-fieldend|move: Trick Room\n|-fieldend|move: Psychic Terrain\n|upkeep\n|\n|t:|1683055395\n|switch|p1a: Torkoal|Torkoal, L50, M|100\/100\n|-weather|SunnyDay|[from] ability: Drought|[of] p1a: Torkoal\n|turn|6\n|\n|t:|1683055417\n|move|p2b: Dragonite|Extreme Speed|p1a: Torkoal\n|-damage|p1a: Torkoal|75\/100\n|move|p1b: Kingambit|Sucker Punch||[still]\n|-fail|p1b: Kingambit\n|move|p2a: Tinkaton|Play Rough|p1b: Kingambit|[miss]\n|-miss|p2a: Tinkaton|p1b: Kingambit\n|move|p1a: Torkoal|Heat Wave|p2a: Tinkaton|[spread] p2a,p2b\n|-supereffective|p2a: Tinkaton\n|-resisted|p2b: Dragonite\n|-damage|p2a: Tinkaton|0 fnt\n|-damage|p2b: Dragonite|59\/100\n|faint|p2a: Tinkaton\n|\n|-weather|SunnyDay|[upkeep]\n|upkeep\n|\n|t:|1683055430\n|switch|p2a: Sandy Shocks|Sandy Shocks, L50|9\/100\n|-activate|p2a: Sandy Shocks|ability: Protosynthesis\n|-start|p2a: Sandy Shocks|protosynthesisspe\n|turn|7\n|\n|t:|1683055449\n|move|p1b: Kingambit|Sucker Punch|p2a: Sandy Shocks\n|-damage|p2a: Sandy Shocks|0 fnt\n|faint|p2a: Sandy Shocks\n|-end|p2a: Sandy Shocks|Protosynthesis|[silent]\n|move|p2b: Dragonite|Dragon Claw|p1a: Torkoal\n|-damage|p1a: Torkoal|42\/100\n|move|p1a: Torkoal|Eruption|p2b: Dragonite\n|-resisted|p2b: Dragonite\n|-damage|p2b: Dragonite|35\/100\n|\n|-weather|SunnyDay|[upkeep]\n|upkeep\n|turn|8\n|-message|Sneaky Weaville forfeited.\n|\n|win|haha you rage quit\n|raw|haha you rage quit's rating: 1175 → 1205<\/strong> (+30 for winning)\n|raw|Sneaky Weaville's rating: 1241 → 1211<\/strong> (-30 for losing)\n|l|\u2606Sneaky Weaville\n","uploadtime":1683055472,"views":6,"p1id":"hahayouragequit","p2id":"sneakyweaville","formatid":"gen9vgc2023regulationc","rating":1205,"private":0,"password":""}