{"id":"gen9vgc2023regulationc-1845960070","p1":"thrillionaire","p2":"Kiriziio","format":"[Gen 9] VGC 2023 Regulation C","log":"|j|\u2606thrillionaire\n|j|\u2606Kiriziio\n|t:|1681784110\n|gametype|doubles\n|player|p1|thrillionaire|red-masters2|1148\n|player|p2|Kiriziio|lance|1240\n|teamsize|p1|6\n|teamsize|p2|6\n|gen|9\n|tier|[Gen 9] VGC 2023 Regulation C\n|rated|\n|rule|Species Clause: Limit one of each Pok\u00e9mon\n|rule|Item Clause: Limit one of each item\n|clearpoke\n|poke|p1|Gyarados, L50, M|\n|poke|p1|Flutter Mane, L50|\n|poke|p1|Orthworm, L50, F|\n|poke|p1|Ting-Lu, L50|\n|poke|p1|Rotom-Wash, L50|\n|poke|p1|Baxcalibur, L50, F|\n|poke|p2|Dondozo, L50, M|\n|poke|p2|Tatsugiri-Stretchy, L50, M|\n|poke|p2|Chi-Yu, L50|\n|poke|p2|Flutter Mane, L50|\n|poke|p2|Dragonite, L50, M|\n|poke|p2|Glimmora, L50, F|\n|teampreview|4\n|\n|t:|1681784136\n|start\n|switch|p1a: Orthworm|Orthworm, L50, F|100\/100\n|switch|p1b: Gyarados|Gyarados, L50, M|100\/100\n|switch|p2a: Chi-Yu|Chi-Yu, L50|100\/100\n|switch|p2b: Glimmora|Glimmora, L50, F|100\/100\n|-ability|p2a: Chi-Yu|Beads of Ruin\n|-ability|p1b: Gyarados|Intimidate|boost\n|-unboost|p2a: Chi-Yu|atk|1\n|-unboost|p2b: Glimmora|atk|1\n|turn|1\n|\n|t:|1681784188\n|-terastallize|p2a: Chi-Yu|Grass\n|-terastallize|p1a: Orthworm|Fire\n|move|p2b: Glimmora|Toxic|p1b: Gyarados\n|-status|p1b: Gyarados|tox\n|-enditem|p1b: Gyarados|Lum Berry|[eat]\n|-curestatus|p1b: Gyarados|tox|[msg]\n|move|p2a: Chi-Yu|Flamethrower|p1a: Orthworm\n|-resisted|p1a: Orthworm\n|-crit|p1a: Orthworm\n|-damage|p1a: Orthworm|47\/100\n|-enditem|p1a: Orthworm|Sitrus Berry|[eat]\n|-heal|p1a: Orthworm|72\/100|[from] item: Sitrus Berry\n|move|p1b: Gyarados|Bulldoze|p2b: Glimmora|[spread] p2a,p2b\n|-heal|p1a: Orthworm|96\/100|[from] ability: Earth Eater|[of] p1b: Gyarados\n|-resisted|p2a: Chi-Yu\n|-supereffective|p2b: Glimmora\n|-damage|p2a: Chi-Yu|92\/100\n|-damage|p2b: Glimmora|35\/100\n|-unboost|p2b: Glimmora|spe|1\n|-activate|p2b: Glimmora|ability: Toxic Debris\n|-sidestart|p1: thrillionaire|move: Toxic Spikes\n|move|p1a: Orthworm|Body Press|p2b: Glimmora\n|-damage|p2b: Glimmora|1\/100\n|-activate|p2b: Glimmora|ability: Toxic Debris\n|-sidestart|p1: thrillionaire|move: Toxic Spikes\n|\n|upkeep\n|turn|2\n|\n|t:|1681784240\n|move|p2a: Chi-Yu|Tera Blast|p1b: Gyarados\n|-damage|p1b: Gyarados|64\/100\n|move|p1b: Gyarados|Thunder Wave|p2a: Chi-Yu\n|-status|p2a: Chi-Yu|par\n|move|p2b: Glimmora|Toxic|p1a: Orthworm\n|-status|p1a: Orthworm|tox\n|move|p1a: Orthworm|Shed Tail|p1a: Orthworm\n|-start|p1a: Orthworm|Substitute|[from] move: Shed Tail\n|-damage|p1a: Orthworm|46\/100 tox\n|\n|t:|1681784256\n|switch|p1a: Flutter Mane|Flutter Mane, L50, shiny|100\/100|[from] Shed Tail\n|-enditem|p1a: Flutter Mane|Booster Energy\n|-activate|p1a: Flutter Mane|ability: Protosynthesis|[fromitem]\n|-start|p1a: Flutter Mane|protosynthesisspa\n|-status|p1a: Flutter Mane|tox\n|\n|-damage|p1a: Flutter Mane|95\/100 tox|[from] psn\n|upkeep\n|turn|3\n|\n|t:|1681784279\n|move|p2b: Glimmora|Spiky Shield|p2b: Glimmora\n|-singleturn|p2b: Glimmora|move: Protect\n|move|p2a: Chi-Yu|Protect|p2a: Chi-Yu\n|-singleturn|p2a: Chi-Yu|Protect\n|move|p1a: Flutter Mane|Dazzling Gleam|p2a: Chi-Yu|[spread] \n|-activate|p2a: Chi-Yu|move: Protect\n|-activate|p2b: Glimmora|move: Protect\n|move|p1b: Gyarados|Thunder Wave|p2a: Chi-Yu\n|-activate|p2a: Chi-Yu|move: Protect\n|\n|-damage|p1a: Flutter Mane|83\/100 tox|[from] psn\n|upkeep\n|turn|4\n|\n|t:|1681784295\n|move|p1a: Flutter Mane|Dazzling Gleam|p2b: Glimmora|[spread] p2a,p2b\n|-resisted|p2b: Glimmora\n|-damage|p2a: Chi-Yu|54\/100 par\n|-damage|p2b: Glimmora|0 fnt\n|faint|p2b: Glimmora\n|move|p1b: Gyarados|Thunder Wave|p2a: Chi-Yu\n|-fail|p2a: Chi-Yu|par\n|cant|p2a: Chi-Yu|par\n|\n|-damage|p1a: Flutter Mane|66\/100 tox|[from] psn\n|upkeep\n|\n|t:|1681784308\n|switch|p2b: Dondozo|Dondozo, L50, M|100\/100\n|turn|5\n|\n|t:|1681784330\n|move|p1a: Flutter Mane|Moonblast|p2b: Dondozo\n|-damage|p2b: Dondozo|42\/100\n|-enditem|p2b: Dondozo|Sitrus Berry|[eat]\n|-heal|p2b: Dondozo|67\/100|[from] item: Sitrus Berry\n|move|p1b: Gyarados|Thunder Wave|p2b: Dondozo\n|-status|p2b: Dondozo|par\n|move|p2a: Chi-Yu|Dark Pulse|p1b: Gyarados\n|-damage|p1b: Gyarados|26\/100\n|move|p2b: Dondozo|Wave Crash|p1a: Flutter Mane\n|-end|p1a: Flutter Mane|Substitute\n|-damage|p2b: Dondozo|61\/100 par|[from] Recoil|[of] p1a: Flutter Mane\n|\n|-damage|p1a: Flutter Mane|43\/100 tox|[from] psn\n|upkeep\n|turn|6\n|\n|t:|1681784363\n|switch|p1b: Ting-Lu|Ting-Lu, L50|100\/100\n|-status|p1b: Ting-Lu|tox\n|-ability|p1b: Ting-Lu|Vessel of Ruin\n|move|p2a: Chi-Yu|Protect|p2a: Chi-Yu\n|-singleturn|p2a: Chi-Yu|Protect\n|move|p1a: Flutter Mane|Dazzling Gleam|p2a: Chi-Yu|[spread] p2b\n|-activate|p2a: Chi-Yu|move: Protect\n|-damage|p2b: Dondozo|32\/100 par\n|cant|p2b: Dondozo|par\n|\n|-damage|p1a: Flutter Mane|15\/100 tox|[from] psn\n|-damage|p1b: Ting-Lu|94\/100 tox|[from] psn\n|upkeep\n|turn|7\n|\n|t:|1681784388\n|-end|p1a: Flutter Mane|Protosynthesis|[silent]\n|switch|p1a: Orthworm|Orthworm, L50, F, tera:Fire|46\/100 tox\n|move|p2b: Dondozo|Protect|p2b: Dondozo\n|-singleturn|p2b: Dondozo|Protect\n|move|p1b: Ting-Lu|Earthquake|p2b: Dondozo|[spread] p2a\n|-activate|p2b: Dondozo|move: Protect\n|-heal|p1a: Orthworm|71\/100 tox|[from] ability: Earth Eater|[of] p1b: Ting-Lu\n|-resisted|p2a: Chi-Yu\n|-damage|p2a: Chi-Yu|31\/100 par\n|move|p2a: Chi-Yu|Tera Blast|p1b: Ting-Lu\n|-supereffective|p1b: Ting-Lu\n|-damage|p1b: Ting-Lu|50\/100 tox\n|\n|-damage|p1b: Ting-Lu|38\/100 tox|[from] psn\n|-damage|p1a: Orthworm|65\/100 tox|[from] psn\n|upkeep\n|turn|8\n|\n|t:|1681784422\n|move|p2a: Chi-Yu|Protect|p2a: Chi-Yu\n|-singleturn|p2a: Chi-Yu|Protect\n|move|p1b: Ting-Lu|Earthquake|p2b: Dondozo|[spread] p2b\n|-activate|p2a: Chi-Yu|move: Protect\n|-heal|p1a: Orthworm|90\/100 tox|[from] ability: Earth Eater|[of] p1b: Ting-Lu\n|-damage|p2b: Dondozo|7\/100 par\n|move|p1a: Orthworm|Body Press|p2a: Chi-Yu\n|-activate|p2a: Chi-Yu|move: Protect\n|move|p2b: Dondozo|Wave Crash|p1a: Orthworm\n|-supereffective|p1a: Orthworm\n|-damage|p1a: Orthworm|37\/100 tox\n|-damage|p2b: Dondozo|0 fnt|[from] Recoil\n|faint|p2b: Dondozo\n|\n|-damage|p1b: Ting-Lu|20\/100 tox|[from] psn\n|-damage|p1a: Orthworm|26\/100 tox|[from] psn\n|upkeep\n|\n|t:|1681784437\n|switch|p2b: Flutter Mane|Flutter Mane, L50|100\/100\n|-enditem|p2b: Flutter Mane|Booster Energy\n|-activate|p2b: Flutter Mane|ability: Protosynthesis|[fromitem]\n|-start|p2b: Flutter Mane|protosynthesisspe\n|turn|9\n|\n|t:|1681784475\n|move|p2b: Flutter Mane|Protect|p2b: Flutter Mane\n|-singleturn|p2b: Flutter Mane|Protect\n|move|p1b: Ting-Lu|Earthquake|p2b: Flutter Mane|[spread] p2a\n|-activate|p2b: Flutter Mane|move: Protect\n|-heal|p1a: Orthworm|50\/100 tox|[from] ability: Earth Eater|[of] p1b: Ting-Lu\n|-resisted|p2a: Chi-Yu\n|-damage|p2a: Chi-Yu|7\/100 par\n|move|p1a: Orthworm|Heavy Slam|p2b: Flutter Mane\n|-activate|p2b: Flutter Mane|move: Protect\n|move|p2a: Chi-Yu|Tera Blast|p1b: Ting-Lu\n|-supereffective|p1b: Ting-Lu\n|-damage|p1b: Ting-Lu|0 fnt\n|faint|p1b: Ting-Lu\n|\n|-damage|p1a: Orthworm|33\/100 tox|[from] psn\n|upkeep\n|\n|t:|1681784492\n|switch|p1b: Gyarados|Gyarados, L50, M|26\/100\n|-ability|p1b: Gyarados|Intimidate|boost\n|-unboost|p2a: Chi-Yu|atk|1\n|-unboost|p2b: Flutter Mane|atk|1\n|turn|10\n|\n|t:|1681784509\n|move|p2a: Chi-Yu|Protect|p2a: Chi-Yu\n|-singleturn|p2a: Chi-Yu|Protect\n|move|p2b: Flutter Mane|Substitute|p2b: Flutter Mane\n|-start|p2b: Flutter Mane|Substitute\n|-damage|p2b: Flutter Mane|76\/100\n|move|p1b: Gyarados|Thunder Wave||[still]\n|-fail|p1b: Gyarados\n|move|p1a: Orthworm|Heavy Slam|p2b: Flutter Mane\n|-supereffective|p2b: Flutter Mane\n|-end|p2b: Flutter Mane|Substitute\n|\n|-damage|p1a: Orthworm|10\/100 tox|[from] psn\n|upkeep\n|turn|11\n|\n|t:|1681784538\n|switch|p1a: Flutter Mane|Flutter Mane, L50, shiny|15\/100 tox\n|move|p2b: Flutter Mane|Protect|p2b: Flutter Mane\n|-singleturn|p2b: Flutter Mane|Protect\n|move|p2a: Chi-Yu|Protect|p2a: Chi-Yu\n|-singleturn|p2a: Chi-Yu|Protect\n|move|p1b: Gyarados|Waterfall|p2a: Chi-Yu\n|-activate|p2a: Chi-Yu|move: Protect\n|\n|-damage|p1a: Flutter Mane|9\/100 tox|[from] psn\n|upkeep\n|turn|12\n|\n|t:|1681784559\n|move|p2b: Flutter Mane|Substitute|p2b: Flutter Mane\n|-start|p2b: Flutter Mane|Substitute\n|-damage|p2b: Flutter Mane|51\/100\n|move|p1a: Flutter Mane|Dazzling Gleam|p2b: Flutter Mane|[spread] p2a,p2b\n|-end|p2b: Flutter Mane|Substitute\n|-damage|p2a: Chi-Yu|0 fnt\n|faint|p2a: Chi-Yu\n|move|p1b: Gyarados|Waterfall|p2b: Flutter Mane\n|-damage|p2b: Flutter Mane|0 fnt\n|faint|p2b: Flutter Mane\n|-end|p2b: Flutter Mane|Protosynthesis|[silent]\n|\n|win|thrillionaire\n|raw|thrillionaire's rating: 1148 → 1179<\/strong> (+31 for winning)\n|raw|Kiriziio's rating: 1240 → 1209<\/strong> (-31 for losing)\n|l|\u2606Kiriziio\n|c|\u2606thrillionaire|gg\n","uploadtime":1681784580,"views":8,"p1id":"thrillionaire","p2id":"kiriziio","formatid":"gen9vgc2023regulationc","rating":1179,"private":0,"password":""}