{"id":"gen9vgc2023regulationc-1861023173","p1":"D-scNSe","p2":"hjx","format":"[Gen 9] VGC 2023 Regulation C","log":"|j|\u2606D-scNSe\n|j|\u2606hjx\n|t:|1683716237\n|gametype|doubles\n|player|p1|D-scNSe|169|1411\n|player|p2|hjx|266|1327\n|teamsize|p1|6\n|teamsize|p2|6\n|gen|9\n|tier|[Gen 9] VGC 2023 Regulation C\n|rated|\n|rule|Species Clause: Limit one of each Pok\u00e9mon\n|rule|Item Clause: Limit one of each item\n|clearpoke\n|poke|p1|Flutter Mane, L50|\n|poke|p1|Ting-Lu, L50|\n|poke|p1|Maushold-Four, L50|\n|poke|p1|Annihilape, L50, M|\n|poke|p1|Iron Bundle, L50|\n|poke|p1|Arcanine, L50, F|\n|poke|p2|Vaporeon, L50, M|\n|poke|p2|Iron Valiant, L50|\n|poke|p2|Gothitelle, L50, F|\n|poke|p2|Chien-Pao, L50|\n|poke|p2|Talonflame, L50, F|\n|poke|p2|Scizor, L50, M|\n|teampreview|4\n|\n|t:|1683716267\n|start\n|switch|p1a: Maushold|Maushold-Four, L50|100\/100\n|switch|p1b: Flutter Mane|Flutter Mane, L50|100\/100\n|switch|p2a: Vaporeon|Vaporeon, L50, M|100\/100\n|switch|p2b: Gothitelle|Gothitelle, L50, F|100\/100\n|-enditem|p1b: Flutter Mane|Booster Energy\n|-activate|p1b: Flutter Mane|ability: Protosynthesis|[fromitem]\n|-start|p1b: Flutter Mane|protosynthesisspe\n|turn|1\n|\n|t:|1683716291\n|-terastallize|p1a: Maushold|Ghost\n|move|p1b: Flutter Mane|Shadow Ball|p2b: Gothitelle\n|-supereffective|p2b: Gothitelle\n|-damage|p2b: Gothitelle|14\/100\n|-unboost|p2b: Gothitelle|spd|1\n|move|p1a: Maushold|Beat Up|p2b: Gothitelle\n|-supereffective|p2b: Gothitelle\n|-damage|p2b: Gothitelle|8\/100\n|-supereffective|p2b: Gothitelle\n|-damage|p2b: Gothitelle|3\/100\n|-supereffective|p2b: Gothitelle\n|-damage|p2b: Gothitelle|0 fnt\n|faint|p2b: Gothitelle\n|-hitcount|p2: Gothitelle|3\n|move|p2a: Vaporeon|Muddy Water|p1b: Flutter Mane|[spread] p1a,p1b\n|-damage|p1a: Maushold|69\/100\n|-damage|p1b: Flutter Mane|77\/100\n|\n|upkeep\n|\n|t:|1683716310\n|switch|p2b: Talonflame|Talonflame, L50, F|100\/100\n|turn|2\n|\n|t:|1683716328\n|move|p1a: Maushold|Feint|p2b: Talonflame\n|-damage|p2b: Talonflame|88\/100\n|move|p1b: Flutter Mane|Thunderbolt|p2b: Talonflame\n|-supereffective|p2b: Talonflame\n|-crit|p2b: Talonflame\n|-damage|p2b: Talonflame|0 fnt\n|faint|p2b: Talonflame\n|move|p2a: Vaporeon|Muddy Water|p1a: Maushold|[spread] p1a,p1b\n|-damage|p1a: Maushold|34\/100\n|-damage|p1b: Flutter Mane|52\/100\n|-unboost|p1b: Flutter Mane|accuracy|1\n|\n|upkeep\n|\n|t:|1683716337\n|switch|p2b: Iron Valiant|Iron Valiant, L50|100\/100\n|-enditem|p2b: Iron Valiant|Booster Energy\n|-activate|p2b: Iron Valiant|ability: Quark Drive|[fromitem]\n|-start|p2b: Iron Valiant|quarkdrivespe\n|turn|3\n|\n|t:|1683716346\n|-terastallize|p2b: Iron Valiant|Fairy\n|move|p1a: Maushold|Follow Me|p1a: Maushold\n|-singleturn|p1a: Maushold|move: Follow Me\n|move|p1b: Flutter Mane|Moonblast|p2b: Iron Valiant\n|-crit|p2b: Iron Valiant\n|-damage|p2b: Iron Valiant|0 fnt\n|faint|p2b: Iron Valiant\n|-end|p2b: Iron Valiant|Quark Drive|[silent]\n|move|p2a: Vaporeon|Muddy Water|p1b: Flutter Mane|[spread] p1a,p1b\n|-damage|p1a: Maushold|3\/100\n|-damage|p1b: Flutter Mane|29\/100\n|\n|upkeep\n|turn|4\n|\n|t:|1683716361\n|move|p1b: Flutter Mane|Thunderbolt|p2a: Vaporeon\n|-supereffective|p2a: Vaporeon\n|-damage|p2a: Vaporeon|45\/100\n|move|p1a: Maushold|Beat Up|p2a: Vaporeon\n|-damage|p2a: Vaporeon|42\/100\n|-damage|p2a: Vaporeon|39\/100\n|-damage|p2a: Vaporeon|35\/100\n|-damage|p2a: Vaporeon|32\/100\n|-hitcount|p2a: Vaporeon|4\n|move|p2a: Vaporeon|Muddy Water|p1b: Flutter Mane|[spread] \n|-miss|p2a: Vaporeon|p1a: Maushold\n|-enditem|p2a: Vaporeon|Blunder Policy\n|-boost|p2a: Vaporeon|spe|2\n|-miss|p2a: Vaporeon|p1b: Flutter Mane\n|\n|upkeep\n|turn|5\n|-message|hjx forfeited.\n|\n|win|D-scNSe\n|raw|D-scNSe's rating: 1411 → 1426<\/strong> (+15 for winning)\n|raw|hjx's rating: 1327 → 1312<\/strong> (-15 for losing)\n|l|\u2606hjx\n","uploadtime":1683716648,"views":15,"p1id":"dscnse","p2id":"hjx","formatid":"gen9vgc2023regulationc","rating":1312,"private":0,"password":""}