{"id":"gen9vgc2023regulationc-1863129198","p1":"RazorSquid","p2":"Darkvampire855","format":"[Gen 9] VGC 2023 Regulation C","log":"|j|\u2606RazorSquid\n|j|\u2606Darkvampire855\n|t:|1683976001\n|gametype|doubles\n|player|p1|RazorSquid|roughneck-gen4|1104\n|player|p2|Darkvampire855|palmer|1063\n|teamsize|p1|6\n|teamsize|p2|6\n|gen|9\n|tier|[Gen 9] VGC 2023 Regulation C\n|rated|\n|rule|Species Clause: Limit one of each Pok\u00e9mon\n|rule|Item Clause: Limit one of each item\n|clearpoke\n|poke|p1|Hawlucha, L50, M|\n|poke|p1|Indeedee-F, L50, F|\n|poke|p1|Armarouge, L50, M|\n|poke|p1|Palafin, L50, F|\n|poke|p1|Sandy Shocks, L50|\n|poke|p1|Chien-Pao, L50|\n|poke|p2|Annihilape, L50, M|\n|poke|p2|Maushold, L50|\n|poke|p2|Flutter Mane, L50|\n|poke|p2|Azumarill, L50, M|\n|poke|p2|Lycanroc-Dusk, L50, M|\n|poke|p2|Ting-Lu, L50|\n|teampreview|4\n|inactive|Battle timer is ON: inactive players will automatically lose when time's up. (requested by Darkvampire855)\n|inactive|RazorSquid also wants the timer to be on.\nDarkvampire855 rejected open team sheets.\n|inactive|RazorSquid has 60 seconds left.\n|\n|t:|1683976058\n|start\n|switch|p1a: Palafin|Palafin, L50, F, shiny|100\/100\n|switch|p1b: Armarouge|Armarouge, L50, M|100\/100\n|switch|p2a: Annihilape|Annihilape, L50, M|100\/100\n|switch|p2b: Maushold|Maushold, L50|100\/100\n|turn|1\n|inactive|RazorSquid has 30 seconds left.\n|\n|t:|1683976092\n|move|p1b: Armarouge|Protect|p1b: Armarouge\n|-singleturn|p1b: Armarouge|Protect\n|move|p2b: Maushold|Beat Up|p2a: Annihilape\n|-damage|p2a: Annihilape|99\/100\n|-damage|p2a: Annihilape|97\/100\n|-damage|p2a: Annihilape|95\/100\n|-damage|p2a: Annihilape|93\/100\n|-hitcount|p2a: Annihilape|4\n|move|p1a: Palafin|Wave Crash|p2a: Annihilape\n|-damage|p2a: Annihilape|63\/100\n|-damage|p1a: Palafin|89\/100|[from] Recoil\n|move|p2a: Annihilape|Bulk Up|p2a: Annihilape\n|-boost|p2a: Annihilape|atk|1\n|-boost|p2a: Annihilape|def|1\n|\n|-heal|p2a: Annihilape|69\/100|[from] item: Leftovers\n|upkeep\n|turn|2\n|inactive|Darkvampire855 has 30 seconds left.\n|\n|t:|1683976125\n|detailschange|p1a: Palafin|Palafin-Hero, L50, F, shiny\n|switch|p1a: Hawlucha|Hawlucha, L50, M|100\/100\n|move|p2b: Maushold|Protect|p2b: Maushold\n|-singleturn|p2b: Maushold|Protect\n|move|p2a: Annihilape|Protect|p2a: Annihilape\n|-singleturn|p2a: Annihilape|Protect\n|move|p1b: Armarouge|Armor Cannon|p2a: Annihilape\n|-activate|p2a: Annihilape|move: Protect\n|\n|-heal|p2a: Annihilape|75\/100|[from] item: Leftovers\n|upkeep\n|turn|3\n|\n|t:|1683976148\n|move|p2b: Maushold|Baby-Doll Eyes|p1a: Hawlucha\n|-unboost|p1a: Hawlucha|atk|1\n|move|p1a: Hawlucha|Swords Dance|p1a: Hawlucha\n|-boost|p1a: Hawlucha|atk|2\n|move|p2a: Annihilape|Rage Fist|p1a: Hawlucha\n|-damage|p1a: Hawlucha|0 fnt\n|faint|p1a: Hawlucha\n|move|p1b: Armarouge|Armor Cannon|p2a: Annihilape\n|-damage|p2a: Annihilape|28\/100\n|-unboost|p1b: Armarouge|def|1\n|-unboost|p1b: Armarouge|spd|1\n|-damage|p1b: Armarouge|91\/100|[from] item: Life Orb\n|\n|-heal|p2a: Annihilape|34\/100|[from] item: Leftovers\n|upkeep\n|\n|t:|1683976157\n|switch|p1a: Palafin|Palafin-Hero, L50, F, shiny|89\/100\n|-activate|p1a: Palafin|ability: Zero to Hero\n|turn|4\n|\n|t:|1683976168\n|-terastallize|p1a: Palafin|Water\n|move|p2a: Annihilape|Protect|p2a: Annihilape\n|-singleturn|p2a: Annihilape|Protect\n|move|p2b: Maushold|Baby-Doll Eyes|p1a: Palafin\n|-unboost|p1a: Palafin|atk|1\n|-enditem|p1a: Palafin|Eject Pack\n|\n|t:|1683976176\n|switch|p1a: Sandy Shocks|Sandy Shocks, L50, shiny|100\/100\n|-enditem|p1a: Sandy Shocks|Booster Energy\n|-activate|p1a: Sandy Shocks|ability: Protosynthesis|[fromitem]\n|-start|p1a: Sandy Shocks|protosynthesisspe\n|move|p1b: Armarouge|Armor Cannon|p2b: Maushold\n|-damage|p2b: Maushold|0 fnt\n|-unboost|p1b: Armarouge|def|1\n|-unboost|p1b: Armarouge|spd|1\n|faint|p2b: Maushold\n|-damage|p1b: Armarouge|82\/100|[from] item: Life Orb\n|\n|-heal|p2a: Annihilape|40\/100|[from] item: Leftovers\n|upkeep\n|\n|t:|1683976190\n|switch|p2b: Azumarill|Azumarill, L50, M|100\/100\n|turn|5\n|\n|t:|1683976205\n|move|p1a: Sandy Shocks|Thunderbolt|p2b: Azumarill\n|-supereffective|p2b: Azumarill\n|-damage|p2b: Azumarill|11\/100\n|-enditem|p2b: Azumarill|Sitrus Berry|[eat]\n|-heal|p2b: Azumarill|35\/100|[from] item: Sitrus Berry\n|move|p2a: Annihilape|Drain Punch|p1a: Sandy Shocks\n|-damage|p1a: Sandy Shocks|50\/100\n|-heal|p2a: Annihilape|61\/100|[from] drain|[of] p1a: Sandy Shocks\n|move|p1b: Armarouge|Armor Cannon|p2a: Annihilape\n|-damage|p2a: Annihilape|0 fnt\n|-unboost|p1b: Armarouge|def|1\n|-unboost|p1b: Armarouge|spd|1\n|faint|p2a: Annihilape\n|-damage|p1b: Armarouge|72\/100|[from] item: Life Orb\n|move|p2b: Azumarill|Trailblaze|p1a: Sandy Shocks\n|-supereffective|p1a: Sandy Shocks\n|-damage|p1a: Sandy Shocks|7\/100\n|-boost|p2b: Azumarill|spe|1\n|\n|upkeep\n|\n|t:|1683976223\n|switch|p2a: Ting-Lu|Ting-Lu, L50|100\/100\n|-ability|p2a: Ting-Lu|Vessel of Ruin\n|turn|6\n|\n|t:|1683976236\n|move|p1a: Sandy Shocks|Protect|p1a: Sandy Shocks\n|-singleturn|p1a: Sandy Shocks|Protect\n|move|p2b: Azumarill|Trailblaze|p1a: Sandy Shocks\n|-activate|p1a: Sandy Shocks|move: Protect\n|move|p1b: Armarouge|Expanding Force|p2b: Azumarill\n|-damage|p2b: Azumarill|0 fnt\n|faint|p2b: Azumarill\n|-damage|p1b: Armarouge|63\/100|[from] item: Life Orb\n|move|p2a: Ting-Lu|Fissure|p1b: Armarouge|[miss]\n|-miss|p2a: Ting-Lu|p1b: Armarouge\n|\n|upkeep\n|turn|7\n|\n|t:|1683976252\n|move|p1a: Sandy Shocks|Earth Power|p2a: Ting-Lu\n|-damage|p2a: Ting-Lu|76\/100\n|move|p1b: Armarouge|Armor Cannon|p2a: Ting-Lu\n|-damage|p2a: Ting-Lu|27\/100\n|-unboost|p1b: Armarouge|def|1\n|-unboost|p1b: Armarouge|spd|1\n|-damage|p1b: Armarouge|53\/100|[from] item: Life Orb\n|move|p2a: Ting-Lu|Stomping Tantrum|p1b: Armarouge\n|-supereffective|p1b: Armarouge\n|-damage|p1b: Armarouge|0 fnt\n|faint|p1b: Armarouge\n|\n|upkeep\n|\n|t:|1683976265\n|switch|p1b: Palafin|Palafin-Hero, L50, F, shiny, tera:Water|89\/100\n|turn|8\n|\n|t:|1683976271\n|move|p1b: Palafin|Jet Punch|p2a: Ting-Lu\n|-supereffective|p2a: Ting-Lu\n|-crit|p2a: Ting-Lu\n|-damage|p2a: Ting-Lu|0 fnt\n|faint|p2a: Ting-Lu\n|\n|win|RazorSquid\n|raw|RazorSquid's rating: 1104 → 1126<\/strong> (+22 for winning)\n|raw|Darkvampire855's rating: 1063 → 1046<\/strong> (-17 for losing)\n|l|\u2606Darkvampire855\n","uploadtime":1683976276,"views":10,"p1id":"razorsquid","p2id":"darkvampire855","formatid":"gen9vgc2023regulationc","rating":1046,"private":0,"password":""}