{"id":"gen9vgc2023regulationc-1859555061","p1":"tobi29493","p2":"Topperlecat","format":"[Gen 9] VGC 2023 Regulation C","log":"|j|\u2606tobi29493\n|j|\u2606Topperlecat\n|t:|1683541043\n|gametype|doubles\n|player|p1|tobi29493|170|1321\n|player|p2|Topperlecat|n|1323\n|teamsize|p1|6\n|teamsize|p2|6\n|gen|9\n|tier|[Gen 9] VGC 2023 Regulation C\n|rated|\n|rule|Species Clause: Limit one of each Pok\u00e9mon\n|rule|Item Clause: Limit one of each item\n|clearpoke\n|poke|p1|Umbreon, L50, M|\n|poke|p1|Tinkaton, L50, F|\n|poke|p1|Glimmora, L50, M|\n|poke|p1|Gyarados, L50, M|\n|poke|p1|Garchomp, L50, M|\n|poke|p1|Rotom-Heat, L50|\n|poke|p2|Gastrodon-East, L50, F|\n|poke|p2|Iron Bundle, L50|\n|poke|p2|Indeedee-F, L50, F|\n|poke|p2|Ceruledge, L50, F|\n|poke|p2|Tyranitar, L50, F|\n|poke|p2|Corviknight, L50, M|\n|teampreview|4\ntobi29493 rejected open team sheets.\n|inactive|Battle timer is ON: inactive players will automatically lose when time's up. (requested by Topperlecat)\n|\n|t:|1683541112\n|start\n|switch|p1a: Tinkaton|Tinkaton, L50, F|100\/100\n|switch|p1b: Glimmora|Glimmora, L50, M|100\/100\n|switch|p2a: happy feet|Iron Bundle, L50|100\/100\n|switch|p2b: bob|Tyranitar, L50, F|100\/100\n|-ability|p1a: Tinkaton|Mold Breaker\n|-weather|Sandstorm|[from] ability: Sand Stream|[of] p2b: bob\n|-enditem|p2a: happy feet|Booster Energy\n|-activate|p2a: happy feet|ability: Quark Drive|[fromitem]\n|-start|p2a: happy feet|quarkdrivespe\n|turn|1\n|inactive|tobi29493 has 30 seconds left.\n|inactive|Topperlecat has 30 seconds left.\n|inactive|tobi29493 has 20 seconds left.\n|\n|t:|1683541149\n|-terastallize|p1b: Glimmora|Grass\n|move|p2a: happy feet|Protect|p2a: happy feet\n|-singleturn|p2a: happy feet|Protect\n|move|p1a: Tinkaton|Fake Out|p2a: happy feet\n|-activate|p2a: happy feet|move: Protect\n|move|p1b: Glimmora|Mortal Spin|p2b: bob|[spread] p2b\n|-activate|p2a: happy feet|move: Protect\n|-resisted|p2b: bob\n|-damage|p2b: bob|99\/100\n|-status|p2b: bob|psn\n|move|p2b: bob|Fire Punch|p1a: Tinkaton\n|-supereffective|p1a: Tinkaton\n|-damage|p1a: Tinkaton|18\/100\n|-enditem|p1a: Tinkaton|Sitrus Berry|[eat]\n|-heal|p1a: Tinkaton|43\/100|[from] item: Sitrus Berry\n|\n|-weather|Sandstorm|[upkeep]\n|-damage|p2a: happy feet|95\/100|[from] Sandstorm\n|-damage|p1b: Glimmora|95\/100|[from] Sandstorm\n|-damage|p2b: bob|87\/100 psn|[from] psn\n|upkeep\n|turn|2\n|inactive|tobi29493 has 30 seconds left.\n|inactive|tobi29493 has 20 seconds left.\n|inactive|tobi29493 has 15 seconds left.\n|inactive|tobi29493 has 10 seconds left.\n|inactive|tobi29493 has 5 seconds left.\n|\n|t:|1683541200\n|move|p2a: happy feet|Freeze-Dry|p1b: Glimmora\n|-supereffective|p1b: Glimmora\n|-damage|p1b: Glimmora|44\/100\n|move|p1a: Tinkaton|Thunder Wave|p2a: happy feet\n|-status|p2a: happy feet|par\n|move|p1b: Glimmora|Energy Ball|p2b: bob\n|-supereffective|p2b: bob\n|-damage|p2b: bob|42\/100 psn\n|move|p2b: bob|Fire Punch|p1a: Tinkaton\n|-supereffective|p1a: Tinkaton\n|-damage|p1a: Tinkaton|0 fnt\n|faint|p1a: Tinkaton\n|\n|-weather|Sandstorm|[upkeep]\n|-damage|p2a: happy feet|89\/100 par|[from] Sandstorm\n|-damage|p1b: Glimmora|38\/100|[from] Sandstorm\n|-damage|p2b: bob|30\/100 psn|[from] psn\n|upkeep\n|\n|t:|1683541223\n|switch|p1a: Garchomp|Garchomp, L50, M|100\/100\n|turn|3\n|inactive|Topperlecat has 30 seconds left.\n|\n|t:|1683541255\n|-terastallize|p2a: happy feet|Ghost\n|move|p1a: Garchomp|Earthquake|p2b: bob|[spread] p1b,p2a,p2b\n|-resisted|p1b: Glimmora\n|-supereffective|p2b: bob\n|-damage|p1b: Glimmora|24\/100\n|-damage|p2a: happy feet|50\/100 par\n|-damage|p2b: bob|0 fnt\n|-activate|p1b: Glimmora|ability: Toxic Debris\n|-sidestart|p2: Topperlecat|move: Toxic Spikes\n|faint|p2b: bob\n|cant|p2a: happy feet|par\n|move|p1b: Glimmora|Power Gem|p2a: happy feet\n|-damage|p2a: happy feet|0 fnt\n|faint|p2a: happy feet\n|-end|p2a: happy feet|Quark Drive|[silent]\n|\n|-weather|Sandstorm|[upkeep]\n|-damage|p1b: Glimmora|18\/100|[from] Sandstorm\n|upkeep\n|\n|t:|1683541270\n|switch|p2a: wombo combo|Ceruledge, L50, F|100\/100\n|switch|p2b: brbrbrbrbr|Gastrodon-East, L50, F|100\/100\n|-status|p2a: wombo combo|psn\n|-status|p2b: brbrbrbrbr|psn\n|turn|4\n|\n|t:|1683541284\n|move|p1a: Garchomp|Earthquake|p2b: brbrbrbrbr|[spread] p1b,p2a,p2b\n|-resisted|p1b: Glimmora\n|-crit|p1b: Glimmora\n|-supereffective|p2a: wombo combo\n|-damage|p1b: Glimmora|0 fnt\n|-damage|p2a: wombo combo|15\/100 psn\n|-damage|p2b: brbrbrbrbr|53\/100 psn\n|-activate|p1b: Glimmora|ability: Toxic Debris\n|-sidestart|p2: Topperlecat|move: Toxic Spikes\n|faint|p1b: Glimmora\n|move|p2a: wombo combo|Bitter Blade|p1a: Garchomp\n|-resisted|p1a: Garchomp\n|-damage|p1a: Garchomp|80\/100\n|-heal|p2a: wombo combo|26\/100 psn|[from] drain|[of] p1a: Garchomp\n|move|p2b: brbrbrbrbr|Ice Beam|p1a: Garchomp\n|-supereffective|p1a: Garchomp\n|-damage|p1a: Garchomp|0 fnt\n|faint|p1a: Garchomp\n|\n|-weather|Sandstorm|[upkeep]\n|-damage|p2a: wombo combo|20\/100 psn|[from] Sandstorm\n|-damage|p2a: wombo combo|8\/100 psn|[from] psn\n|-damage|p2b: brbrbrbrbr|41\/100 psn|[from] psn\n|upkeep\n|-enditem|p2b: brbrbrbrbr|Sitrus Berry|[eat]\n|-heal|p2b: brbrbrbrbr|65\/100 psn|[from] item: Sitrus Berry\n|\n|t:|1683541304\n|switch|p1b: Rotom|Rotom-Heat, L50|100\/100\n|turn|5\n|\n|t:|1683541314\n|move|p1b: Rotom|Shadow Ball|p2b: brbrbrbrbr\n|-damage|p2b: brbrbrbrbr|50\/100 psn\n|move|p2a: wombo combo|Shadow Claw|p1b: Rotom\n|-damage|p1b: Rotom|62\/100\n|move|p2b: brbrbrbrbr|Yawn|p1b: Rotom\n|-start|p1b: Rotom|move: Yawn|[of] p2b: brbrbrbrbr\n|\n|-weather|none\n|-damage|p2a: wombo combo|0 fnt|[from] psn\n|faint|p2a: wombo combo\n|-damage|p2b: brbrbrbrbr|38\/100 psn|[from] psn\n|upkeep\n|turn|6\n|inactive|tobi29493 has 30 seconds left.\n|\n|t:|1683541341\n|move|p1b: Rotom|Shadow Ball|p2b: brbrbrbrbr\n|-damage|p2b: brbrbrbrbr|21\/100 psn\n|move|p2b: brbrbrbrbr|Clear Smog|p1b: Rotom\n|-damage|p1b: Rotom|50\/100\n|-clearboost|p1b: Rotom\n|\n|-damage|p2b: brbrbrbrbr|9\/100 psn|[from] psn\n|-end|p1b: Rotom|move: Yawn|[silent]\n|-status|p1b: Rotom|slp\n|upkeep\n|turn|7\n|\n|t:|1683541353\n|cant|p1b: Rotom|slp\n|move|p2b: brbrbrbrbr|Clear Smog|p1b: Rotom\n|-damage|p1b: Rotom|37\/100 slp\n|-clearboost|p1b: Rotom\n|\n|-damage|p2b: brbrbrbrbr|0 fnt|[from] psn\n|faint|p2b: brbrbrbrbr\n|\n|win|tobi29493\n|upkeep\n|raw|tobi29493's rating: 1321 → 1341<\/strong> (+20 for winning)\n|raw|Topperlecat's rating: 1323 → 1303<\/strong> (-20 for losing)\n","uploadtime":1683541362,"views":12,"p1id":"tobi29493","p2id":"topperlecat","formatid":"gen9vgc2023regulationc","rating":1303,"private":0,"password":""}