{"id":"gen9vgc2023regulationc-1861957683","p1":"TommeeVGC","p2":"revocolombia","format":"[Gen 9] VGC 2023 Regulation C","log":"|j|\u2606TommeeVGC\n|j|\u2606revocolombia\n|t:|1683824057\n|gametype|doubles\n|player|p1|TommeeVGC|ethan|1314\n|player|p2|revocolombia|pokemonranger-gen4|1373\n|teamsize|p1|6\n|teamsize|p2|6\n|gen|9\n|tier|[Gen 9] VGC 2023 Regulation C\n|rated|\n|rule|Species Clause: Limit one of each Pok\u00e9mon\n|rule|Item Clause: Limit one of each item\n|clearpoke\n|poke|p1|Vivillon-Fancy, L50, F|\n|poke|p1|Corviknight, L50, F|\n|poke|p1|Abomasnow, L50, F|\n|poke|p1|Iron Bundle, L50|\n|poke|p1|Chien-Pao, L50|\n|poke|p1|Ting-Lu, L50|\n|poke|p2|Flutter Mane, L50|\n|poke|p2|Great Tusk, L50|\n|poke|p2|Gholdengo, L50|\n|poke|p2|Chien-Pao, L50|\n|poke|p2|Murkrow, L50, F|\n|poke|p2|Annihilape, L50, M|\n|teampreview|4\nTommeeVGC has agreed to open team sheets.\n|\n|t:|1683824074\n|start\n|switch|p1a: Vivillon|Vivillon-Fancy, L50, F|100\/100\n|switch|p1b: Ting-Lu|Ting-Lu, L50|100\/100\n|switch|p2a: Great Tusk|Great Tusk, L50|100\/100\n|switch|p2b: Murkrow|Murkrow, L50, F|100\/100\n|-ability|p1b: Ting-Lu|Vessel of Ruin\n|turn|1\n|\n|t:|1683824107\n|-terastallize|p1b: Ting-Lu|Ground\n|move|p1a: Vivillon|Protect|p1a: Vivillon\n|-singleturn|p1a: Vivillon|Protect\n|move|p2b: Murkrow|Taunt|p1a: Vivillon\n|-activate|p1a: Vivillon|move: Protect\n|move|p2a: Great Tusk|Brick Break|p1b: Ting-Lu\n|-damage|p1b: Ting-Lu|80\/100\n|move|p1b: Ting-Lu|Earthquake|p2b: Murkrow|[spread] p2a\n|-activate|p1a: Vivillon|move: Protect\n|-immune|p2b: Murkrow\n|-damage|p2a: Great Tusk|46\/100\n|\n|upkeep\n|turn|2\n|\n|t:|1683824134\n|move|p2b: Murkrow|Taunt|p1a: Vivillon\n|-start|p1a: Vivillon|move: Taunt\n|move|p1a: Vivillon|Pollen Puff|p1b: Ting-Lu\n|-heal|p1b: Ting-Lu|100\/100\n|move|p2a: Great Tusk|Rock Slide|p1a: Vivillon|[spread] p1a,p1b\n|-supereffective|p1a: Vivillon\n|-resisted|p1b: Ting-Lu\n|-enditem|p1a: Vivillon|Focus Sash\n|-damage|p1a: Vivillon|1\/100\n|-damage|p1b: Ting-Lu|95\/100\n|cant|p1b: Ting-Lu|flinch\n|\n|upkeep\n|turn|3\n|\n|t:|1683824152\n|move|p2b: Murkrow|Tailwind|p2b: Murkrow\n|-sidestart|p2: revocolombia|move: Tailwind\n|move|p2a: Great Tusk|Rock Slide|p1b: Ting-Lu|[spread] p1a,p1b\n|-supereffective|p1a: Vivillon\n|-resisted|p1b: Ting-Lu\n|-damage|p1a: Vivillon|0 fnt\n|-damage|p1b: Ting-Lu|91\/100\n|faint|p1a: Vivillon\n|move|p1b: Ting-Lu|Earthquake|p2b: Murkrow|[spread] p2a\n|-immune|p2b: Murkrow\n|-damage|p2a: Great Tusk|0 fnt\n|faint|p2a: Great Tusk\n|-end|p2a: Great Tusk|Protosynthesis|[silent]\n|\n|upkeep\n|\n|t:|1683824166\n|switch|p1a: Iron Bundle|Iron Bundle, L50|100\/100\n|switch|p2a: Annihilape|Annihilape, L50, M|100\/100\n|-enditem|p1a: Iron Bundle|Booster Energy\n|-activate|p1a: Iron Bundle|ability: Quark Drive|[fromitem]\n|-start|p1a: Iron Bundle|quarkdrivespe\n|turn|4\n|\n|t:|1683824184\n|move|p1a: Iron Bundle|Protect|p1a: Iron Bundle\n|-singleturn|p1a: Iron Bundle|Protect\n|move|p2b: Murkrow|Sunny Day|p2b: Murkrow\n|-weather|SunnyDay\n|move|p2a: Annihilape|Drain Punch|p1a: Iron Bundle\n|-activate|p1a: Iron Bundle|move: Protect\n|move|p1b: Ting-Lu|Earthquake|p2a: Annihilape|[spread] p2a\n|-activate|p1a: Iron Bundle|move: Protect\n|-immune|p2b: Murkrow\n|-damage|p2a: Annihilape|16\/100\n|\n|-weather|SunnyDay|[upkeep]\n|-heal|p2a: Annihilape|22\/100|[from] item: Leftovers\n|upkeep\n|turn|5\n|inactive|Battle timer is ON: inactive players will automatically lose when time's up. (requested by TommeeVGC)\n|inactive|revocolombia has 60 seconds left.\n|\n|t:|1683824235\n|switch|p1b: Abomasnow|Abomasnow, L50, F|100\/100\n|-weather|Snow|[from] ability: Snow Warning|[of] p1b: Abomasnow\n|move|p2b: Murkrow|Taunt|p1a: Iron Bundle\n|-start|p1a: Iron Bundle|move: Taunt\n|move|p1a: Iron Bundle|Hydro Pump|p2a: Annihilape\n|-damage|p2a: Annihilape|0 fnt\n|faint|p2a: Annihilape\n|\n|-weather|Snow|[upkeep]\n|upkeep\n|\n|t:|1683824248\n|switch|p2a: Chien-Pao|Chien-Pao, L50|100\/100\n|-ability|p2a: Chien-Pao|Sword of Ruin\n|turn|6\n|\n|t:|1683824260\n|switch|p1b: Ting-Lu|Ting-Lu, L50, tera:Ground|91\/100\n|-ability|p1b: Ting-Lu|Vessel of Ruin\n|move|p2b: Murkrow|Sunny Day|p2b: Murkrow\n|-weather|SunnyDay\n|move|p2a: Chien-Pao|Sacred Sword|p1a: Iron Bundle\n|-supereffective|p1a: Iron Bundle\n|-damage|p1a: Iron Bundle|3\/100\n|move|p1a: Iron Bundle|Blizzard|p2b: Murkrow|[spread] p2a,p2b\n|-resisted|p2a: Chien-Pao\n|-supereffective|p2b: Murkrow\n|-damage|p2a: Chien-Pao|81\/100\n|-damage|p2b: Murkrow|38\/100\n|\n|-weather|SunnyDay|[upkeep]\n|-sideend|p2: revocolombia|move: Tailwind\n|upkeep\n|turn|7\n|inactive|revocolombia has 30 seconds left.\n|\n|t:|1683824289\n|switch|p1b: Abomasnow|Abomasnow, L50, F|100\/100\n|-weather|Snow|[from] ability: Snow Warning|[of] p1b: Abomasnow\n|move|p2b: Murkrow|Taunt|p1b: Abomasnow\n|-start|p1b: Abomasnow|move: Taunt\n|move|p1a: Iron Bundle|Blizzard|p2b: Murkrow|[spread] p2a,p2b\n|-resisted|p2a: Chien-Pao\n|-supereffective|p2b: Murkrow\n|-damage|p2a: Chien-Pao|51\/100\n|-damage|p2b: Murkrow|0 fnt\n|faint|p2b: Murkrow\n|move|p2a: Chien-Pao|Ice Spinner|p1b: Abomasnow\n|-damage|p1b: Abomasnow|60\/100\n|\n|-weather|Snow|[upkeep]\n|-end|p1a: Iron Bundle|move: Taunt\n|upkeep\n|turn|8\n|\n|t:|1683824307\n|move|p1a: Iron Bundle|Protect|p1a: Iron Bundle\n|-singleturn|p1a: Iron Bundle|Protect\n|move|p1b: Abomasnow|Ice Shard|p2a: Chien-Pao\n|-resisted|p2a: Chien-Pao\n|-damage|p2a: Chien-Pao|44\/100\n|-damage|p1b: Abomasnow|51\/100|[from] item: Life Orb\n|move|p2a: Chien-Pao|Sacred Sword|p1b: Abomasnow\n|-supereffective|p1b: Abomasnow\n|-damage|p1b: Abomasnow|0 fnt\n|faint|p1b: Abomasnow\n|\n|-weather|Snow|[upkeep]\n|upkeep\n|\n|t:|1683824317\n|switch|p1b: Ting-Lu|Ting-Lu, L50, tera:Ground|91\/100\n|-ability|p1b: Ting-Lu|Vessel of Ruin\n|turn|9\n|\n|t:|1683824326\n|move|p1a: Iron Bundle|Hydro Pump|p2a: Chien-Pao\n|-damage|p2a: Chien-Pao|0 fnt\n|faint|p2a: Chien-Pao\n|\n|win|TommeeVGC\n|raw|TommeeVGC's rating: 1314 → 1337<\/strong> (+23 for winning)\n|raw|revocolombia's rating: 1373 → 1350<\/strong> (-23 for losing)\n","uploadtime":1683824334,"views":8,"p1id":"tommeevgc","p2id":"revocolombia","formatid":"gen9vgc2023regulationc","rating":1337,"private":0,"password":""}