{"id":"gen9vgc2023regulationc-1852598706","p1":"Trap Jihad","p2":"Nightmare_King_VGC","format":"[Gen 9] VGC 2023 Regulation C","log":"|j|\u2606Trap Jihad\n|j|\u2606Nightmare_King_VGC\n|t:|1682582947\n|gametype|doubles\n|player|p1|Trap Jihad|unknown|1501\n|player|p2|Nightmare_King_VGC|veteranf|1527\n|teamsize|p1|6\n|teamsize|p2|6\n|gen|9\n|tier|[Gen 9] VGC 2023 Regulation C\n|rated|\n|rule|Species Clause: Limit one of each Pok\u00e9mon\n|rule|Item Clause: Limit one of each item\n|clearpoke\n|poke|p1|Flutter Mane, L50|\n|poke|p1|Chi-Yu, L50|\n|poke|p1|Gyarados, L50, M|\n|poke|p1|Ting-Lu, L50|\n|poke|p1|Iron Hands, L50|\n|poke|p1|Amoonguss, L50, M|\n|poke|p2|Glimmora, L50, M|\n|poke|p2|Iron Bundle, L50|\n|poke|p2|Dondozo, L50, F|\n|poke|p2|Dragonite, L50, F|\n|poke|p2|Tatsugiri, L50, F|\n|poke|p2|Chi-Yu, L50|\n|teampreview|4\n|inactive|Battle timer is ON: inactive players will automatically lose when time's up. (requested by Trap Jihad)\n|\n|t:|1682583018\n|start\n|switch|p1a: Gyarados|Gyarados, L50, M, shiny|100\/100\n|switch|p1b: Ting-Lu|Ting-Lu, L50|100\/100\n|switch|p2a: Iron Bundle|Iron Bundle, L50|100\/100\n|switch|p2b: Dragonite|Dragonite, L50, F|100\/100\n|-ability|p1a: Gyarados|Intimidate|boost\n|-unboost|p2a: Iron Bundle|atk|1\n|-unboost|p2b: Dragonite|atk|1\n|-ability|p1b: Ting-Lu|Vessel of Ruin\n|-enditem|p2a: Iron Bundle|Booster Energy\n|-activate|p2a: Iron Bundle|ability: Quark Drive|[fromitem]\n|-start|p2a: Iron Bundle|quarkdrivespe\n|turn|1\n|inactive|Trap Jihad has 30 seconds left.\n|inactive|Trap Jihad has 20 seconds left.\n|inactive|Trap Jihad has 15 seconds left.\n|inactive|Trap Jihad has 10 seconds left.\n|\n|t:|1682583064\n|-terastallize|p1a: Gyarados|Grass\n|move|p2a: Iron Bundle|Hydro Pump|p1b: Ting-Lu\n|-supereffective|p1b: Ting-Lu\n|-damage|p1b: Ting-Lu|49\/100\n|-enditem|p1b: Ting-Lu|Weakness Policy\n|-boost|p1b: Ting-Lu|atk|2|[from] item: Weakness Policy\n|-boost|p1b: Ting-Lu|spa|2|[from] item: Weakness Policy\n|move|p2b: Dragonite|Low Kick|p1b: Ting-Lu\n|-supereffective|p1b: Ting-Lu\n|-damage|p1b: Ting-Lu|0 fnt\n|faint|p1b: Ting-Lu\n|move|p1a: Gyarados|Surf|p2b: Dragonite|[spread] p2a,p2b\n|-resisted|p2a: Iron Bundle\n|-resisted|p2b: Dragonite\n|-damage|p2a: Iron Bundle|86\/100\n|-damage|p2b: Dragonite|97\/100\n|\n|upkeep\n|\n|t:|1682583074\n|switch|p1b: Flutter Mane|Flutter Mane, L50|100\/100\n|-enditem|p1b: Flutter Mane|Booster Energy\n|-activate|p1b: Flutter Mane|ability: Protosynthesis|[fromitem]\n|-start|p1b: Flutter Mane|protosynthesisspa\n|turn|2\n|\n|t:|1682583097\n|move|p2a: Iron Bundle|Icy Wind|p1a: Gyarados|[spread] p1a,p1b\n|-supereffective|p1a: Gyarados\n|-damage|p1a: Gyarados|70\/100\n|-damage|p1b: Flutter Mane|82\/100\n|-unboost|p1a: Gyarados|spe|1\n|-unboost|p1b: Flutter Mane|spe|1\n|move|p2b: Dragonite|Low Kick|p1a: Gyarados\n|-damage|p1a: Gyarados|20\/100\n|-enditem|p1a: Gyarados|Aguav Berry|[eat]\n|-heal|p1a: Gyarados|53\/100|[from] item: Aguav Berry\n|move|p1b: Flutter Mane|Moonblast|p2a: Iron Bundle\n|-crit|p2a: Iron Bundle\n|-damage|p2a: Iron Bundle|0 fnt\n|faint|p2a: Iron Bundle\n|-end|p2a: Iron Bundle|Quark Drive|[silent]\n|move|p1a: Gyarados|Thunder Wave|p2b: Dragonite\n|-status|p2b: Dragonite|par\n|\n|upkeep\n|j| poolsideguy\n|inactive|Nightmare_King_VGC has 30 seconds left.\n|\n|t:|1682583125\n|switch|p2a: Dondozo|Dondozo, L50, F|100\/100\n|turn|3\n|\n|t:|1682583141\n|-end|p1b: Flutter Mane|Protosynthesis|[silent]\n|switch|p1b: Amoonguss|Amoonguss, L50, M, shiny|100\/100\n|move|p2a: Dondozo|Protect|p2a: Dondozo\n|-singleturn|p2a: Dondozo|Protect\n|move|p1a: Gyarados|Thunder Wave|p2a: Dondozo\n|-activate|p2a: Dondozo|move: Protect\n|move|p2b: Dragonite|Low Kick|p1a: Gyarados\n|-damage|p1a: Gyarados|6\/100\n|\n|upkeep\n|turn|4\n|\n|t:|1682583153\n|switch|p1a: Flutter Mane|Flutter Mane, L50|82\/100\n|switch|p2b: Tatsugiri|Tatsugiri, L50, F|100\/100\n|-activate|p2b: Tatsugiri|ability: Commander|[of] p2a: Dondozo\n|-boost|p2a: Dondozo|atk|2\n|-boost|p2a: Dondozo|spa|2\n|-boost|p2a: Dondozo|spe|2\n|-boost|p2a: Dondozo|def|2\n|-boost|p2a: Dondozo|spd|2\n|-terastallize|p2a: Dondozo|Grass\n|move|p2a: Dondozo|Earthquake|p1a: Flutter Mane|[spread] p1a,p1b\n|-miss|p2a: Dondozo|p2b: Tatsugiri\n|-damage|p1a: Flutter Mane|13\/100\n|-damage|p1b: Amoonguss|65\/100\n|move|p1b: Amoonguss|Spore|p2a: Dondozo\n|-immune|p2a: Dondozo\n|\n|upkeep\n|turn|5\n|\n|t:|1682583169\n|move|p1a: Flutter Mane|Protect|p1a: Flutter Mane\n|-singleturn|p1a: Flutter Mane|Protect\n|move|p2a: Dondozo|Earthquake|p1a: Flutter Mane|[spread] p1b\n|-miss|p2a: Dondozo|p2b: Tatsugiri\n|-activate|p1a: Flutter Mane|move: Protect\n|-damage|p1b: Amoonguss|32\/100\n|-enditem|p1b: Amoonguss|Sitrus Berry|[eat]\n|-heal|p1b: Amoonguss|57\/100|[from] item: Sitrus Berry\n|move|p1b: Amoonguss|Clear Smog|p2a: Dondozo\n|-supereffective|p2a: Dondozo\n|-damage|p2a: Dondozo|85\/100\n|-clearboost|p2a: Dondozo\n|\n|-heal|p2a: Dondozo|91\/100|[from] item: Leftovers\n|upkeep\n|turn|6\n|\n|t:|1682583183\n|-end|p1a: Flutter Mane|Protosynthesis|[silent]\n|switch|p1a: Gyarados|Gyarados, L50, M, shiny, tera:Grass|6\/100\n|-ability|p1a: Gyarados|Intimidate|boost\n|-unboost|p2a: Dondozo|atk|1\n|-unboost|p2b: Tatsugiri|atk|1\n|move|p2a: Dondozo|Earthquake|p1a: Gyarados|[spread] p1a,p1b\n|-miss|p2a: Dondozo|p2b: Tatsugiri\n|-resisted|p1a: Gyarados\n|-damage|p1a: Gyarados|0 fnt\n|-damage|p1b: Amoonguss|45\/100\n|faint|p1a: Gyarados\n|move|p1b: Amoonguss|Pollen Puff|p1: Gyarados|[notarget]\n|-fail|p1b: Amoonguss\n|\n|-heal|p2a: Dondozo|97\/100|[from] item: Leftovers\n|upkeep\n|\n|t:|1682583191\n|switch|p1a: Flutter Mane|Flutter Mane, L50|13\/100\n|turn|7\n|\n|t:|1682583200\n|move|p1a: Flutter Mane|Protect|p1a: Flutter Mane\n|-singleturn|p1a: Flutter Mane|Protect\n|move|p2a: Dondozo|Earthquake|p1a: Flutter Mane|[spread] p1b\n|-miss|p2a: Dondozo|p2b: Tatsugiri\n|-activate|p1a: Flutter Mane|move: Protect\n|-damage|p1b: Amoonguss|35\/100\n|move|p1b: Amoonguss|Pollen Puff|p2b: Tatsugiri|[miss]\n|-miss|p1b: Amoonguss|p2b: Tatsugiri\n|\n|-heal|p2a: Dondozo|100\/100|[from] item: Leftovers\n|upkeep\n|turn|8\n|-message|Trap Jihad forfeited.\n|\n|win|Nightmare_King_VGC\n|raw|Trap Jihad's rating: 1501 → 1482<\/strong> (-19 for losing)\n|raw|Nightmare_King_VGC's rating: 1527 → 1546<\/strong> (+19 for winning)\n|l|\u2606Trap Jihad\n","uploadtime":1682584890,"views":16,"p1id":"trapjihad","p2id":"nightmarekingvgc","formatid":"gen9vgc2023regulationc","rating":1482,"private":0,"password":""}