{"id":"gen9vgc2023regulationc-1855812681","p1":"om111nous","p2":"tuckerteam","format":"[Gen 9] VGC 2023 Regulation C","log":"|j|\u2606om111nous\n|j|\u2606tuckerteam\n|t:|1682987120\n|gametype|doubles\n|player|p1|om111nous|1|1139\n|player|p2|tuckerteam|milo|1035\n|teamsize|p1|6\n|teamsize|p2|6\n|gen|9\n|tier|[Gen 9] VGC 2023 Regulation C\n|rated|\n|rule|Species Clause: Limit one of each Pok\u00e9mon\n|rule|Item Clause: Limit one of each item\n|clearpoke\n|poke|p1|Annihilape, L50, F|\n|poke|p1|Maushold, L50|\n|poke|p1|Amoonguss, L50, F|\n|poke|p1|Arcanine, L50, F|\n|poke|p1|Flutter Mane, L50|\n|poke|p1|Ting-Lu, L50|\n|poke|p2|Torkoal, L50, M|\n|poke|p2|Jumpluff, L50, M|\n|poke|p2|Great Tusk, L50|\n|poke|p2|Kingambit, L50, M|\n|poke|p2|Flutter Mane, L50|\n|poke|p2|Gyarados, L50, F|\n|teampreview|4\n|c|\u2606tuckerteam|glhf\ntuckerteam has agreed to open team sheets.\n|\n|t:|1682987168\n|start\n|switch|p1a: Annihilape|Annihilape, L50, F|100\/100\n|switch|p1b: Arcanine|Arcanine, L50, F|100\/100\n|switch|p2a: Torkoal|Torkoal, L50, M|100\/100\n|switch|p2b: Great Tusk|Great Tusk, L50|100\/100\n|-ability|p1b: Arcanine|Intimidate|boost\n|-unboost|p2a: Torkoal|atk|1\n|-unboost|p2b: Great Tusk|atk|1\n|-weather|SunnyDay|[from] ability: Drought|[of] p2a: Torkoal\n|-activate|p2b: Great Tusk|ability: Protosynthesis\n|-start|p2b: Great Tusk|protosynthesisdef\n|turn|1\n|\n|t:|1682987196\n|-end|p2b: Great Tusk|Protosynthesis|[silent]\n|switch|p2b: Jumpluff|Jumpluff, L50, M|100\/100\n|move|p1b: Arcanine|Will-O-Wisp|p2b: Jumpluff\n|-status|p2b: Jumpluff|brn\n|move|p1a: Annihilape|Bulk Up|p1a: Annihilape\n|-boost|p1a: Annihilape|atk|1\n|-boost|p1a: Annihilape|def|1\n|move|p2a: Torkoal|Yawn|p1a: Annihilape\n|-start|p1a: Annihilape|move: Yawn|[of] p2a: Torkoal\n|\n|-weather|SunnyDay|[upkeep]\n|-damage|p2b: Jumpluff|95\/100 brn|[from] brn\n|upkeep\n|turn|2\n|\n|t:|1682987217\n|move|p2b: Jumpluff|Tailwind|p2b: Jumpluff\n|-sidestart|p2: tuckerteam|move: Tailwind\n|move|p1b: Arcanine|Snarl|p2a: Torkoal|[spread] p2a,p2b\n|-damage|p2a: Torkoal|89\/100\n|-damage|p2b: Jumpluff|84\/100 brn\n|-unboost|p2a: Torkoal|spa|1\n|-unboost|p2b: Jumpluff|spa|1\n|move|p1a: Annihilape|Drain Punch|p2a: Torkoal\n|-damage|p2a: Torkoal|47\/100\n|move|p2a: Torkoal|Yawn|p1b: Arcanine\n|-start|p1b: Arcanine|move: Yawn|[of] p2a: Torkoal\n|\n|-weather|SunnyDay|[upkeep]\n|-damage|p2b: Jumpluff|78\/100 brn|[from] brn\n|-end|p1a: Annihilape|move: Yawn|[silent]\n|-status|p1a: Annihilape|slp\n|upkeep\n|turn|3\n|\n|t:|1682987259\n|switch|p1b: Ting-Lu|Ting-Lu, L50|100\/100\n|-ability|p1b: Ting-Lu|Vessel of Ruin\n|switch|p2a: Great Tusk|Great Tusk, L50|100\/100\n|-activate|p2a: Great Tusk|ability: Protosynthesis\n|-start|p2a: Great Tusk|protosynthesisatk\n|move|p2b: Jumpluff|Protect|p2b: Jumpluff\n|-singleturn|p2b: Jumpluff|Protect\n|cant|p1a: Annihilape|slp\n|\n|-weather|SunnyDay|[upkeep]\n|-damage|p2b: Jumpluff|72\/100 brn|[from] brn\n|upkeep\n|turn|4\n|\n|t:|1682987283\n|switch|p1b: Amoonguss|Amoonguss, L50, F|100\/100\n|-terastallize|p2a: Great Tusk|Ground\n|move|p2b: Jumpluff|Sleep Powder|p1b: Amoonguss\n|-immune|p1b: Amoonguss\n|move|p2a: Great Tusk|Earthquake|p1a: Annihilape|[spread] p1a,p1b\n|-immune|p2b: Jumpluff\n|-damage|p1a: Annihilape|53\/100 slp\n|-damage|p1b: Amoonguss|48\/100\n|-enditem|p1b: Amoonguss|Sitrus Berry|[eat]\n|-heal|p1b: Amoonguss|73\/100|[from] item: Sitrus Berry\n|cant|p1a: Annihilape|slp\n|\n|-weather|SunnyDay|[upkeep]\n|-heal|p1a: Annihilape|59\/100 slp|[from] item: Leftovers\n|-damage|p2b: Jumpluff|66\/100 brn|[from] brn\n|upkeep\n|turn|5\n|\n|t:|1682987306\n|move|p2b: Jumpluff|Acrobatics|p1b: Amoonguss\n|-supereffective|p1b: Amoonguss\n|-damage|p1b: Amoonguss|60\/100\n|move|p2a: Great Tusk|Earthquake|p1a: Annihilape|[spread] p1a,p1b\n|-immune|p2b: Jumpluff\n|-damage|p1a: Annihilape|13\/100 slp\n|-damage|p1b: Amoonguss|11\/100\n|cant|p1a: Annihilape|slp\n|move|p1b: Amoonguss|Spore|p2a: Great Tusk\n|-status|p2a: Great Tusk|slp|[from] move: Spore\n|\n|-weather|none\n|-end|p2a: Great Tusk|Protosynthesis\n|-heal|p1a: Annihilape|19\/100 slp|[from] item: Leftovers\n|-damage|p2b: Jumpluff|60\/100 brn|[from] brn\n|-sideend|p2: tuckerteam|move: Tailwind\n|upkeep\n|turn|6\n|\n|t:|1682987334\n|switch|p1b: Arcanine|Arcanine, L50, F|100\/100\n|-ability|p1b: Arcanine|Intimidate|boost\n|-unboost|p2a: Great Tusk|atk|1\n|-unboost|p2b: Jumpluff|atk|1\n|-terastallize|p1a: Annihilape|Fire\n|move|p2b: Jumpluff|Protect|p2b: Jumpluff\n|-singleturn|p2b: Jumpluff|Protect\n|cant|p2a: Great Tusk|slp\n|-curestatus|p1a: Annihilape|slp|[msg]\n|move|p1a: Annihilape|Drain Punch|p2a: Great Tusk\n|-damage|p2a: Great Tusk|62\/100 slp\n|-heal|p1a: Annihilape|38\/100|[from] drain|[of] p2a: Great Tusk\n|\n|-heal|p1a: Annihilape|44\/100|[from] item: Leftovers\n|-damage|p2b: Jumpluff|54\/100 brn|[from] brn\n|upkeep\n|turn|7\n|\n|t:|1682987358\n|-end|p2a: Great Tusk|Protosynthesis|[silent]\n|switch|p2a: Torkoal|Torkoal, L50, M|47\/100\n|-weather|SunnyDay|[from] ability: Drought|[of] p2a: Torkoal\n|move|p2b: Jumpluff|Tailwind|p2b: Jumpluff\n|-sidestart|p2: tuckerteam|move: Tailwind\n|move|p1b: Arcanine|Will-O-Wisp|p2a: Torkoal\n|-immune|p2a: Torkoal\n|move|p1a: Annihilape|Bulk Up|p1a: Annihilape\n|-boost|p1a: Annihilape|atk|1\n|-boost|p1a: Annihilape|def|1\n|\n|-weather|SunnyDay|[upkeep]\n|-heal|p1a: Annihilape|50\/100|[from] item: Leftovers\n|-damage|p2b: Jumpluff|48\/100 brn|[from] brn\n|upkeep\n|turn|8\n|\n|t:|1682987377\n|switch|p1b: Ting-Lu|Ting-Lu, L50|100\/100\n|-ability|p1b: Ting-Lu|Vessel of Ruin\n|move|p2b: Jumpluff|Sleep Powder|p1a: Annihilape\n|-status|p1a: Annihilape|slp|[from] move: Sleep Powder\n|cant|p1a: Annihilape|slp\n|move|p2a: Torkoal|Yawn|p1b: Ting-Lu\n|-start|p1b: Ting-Lu|move: Yawn|[of] p2a: Torkoal\n|\n|-weather|SunnyDay|[upkeep]\n|-heal|p1a: Annihilape|56\/100 slp|[from] item: Leftovers\n|-damage|p2b: Jumpluff|42\/100 brn|[from] brn\n|upkeep\n|turn|9\n|\n|t:|1682987402\n|switch|p2a: Great Tusk|Great Tusk, L50, tera:Ground|62\/100 slp\n|-activate|p2a: Great Tusk|ability: Protosynthesis\n|-start|p2a: Great Tusk|protosynthesisatk\n|move|p2b: Jumpluff|Sleep Powder|p1b: Ting-Lu\n|-status|p1b: Ting-Lu|slp|[from] move: Sleep Powder\n|cant|p1a: Annihilape|slp\n|cant|p1b: Ting-Lu|slp\n|\n|-weather|SunnyDay|[upkeep]\n|-heal|p1a: Annihilape|62\/100 slp|[from] item: Leftovers\n|-damage|p2b: Jumpluff|36\/100 brn|[from] brn\n|-end|p1b: Ting-Lu|move: Yawn|[silent]\n|upkeep\n|turn|10\n|\n|t:|1682987447\n|switch|p1a: Arcanine|Arcanine, L50, F|100\/100\n|-ability|p1a: Arcanine|Intimidate|boost\n|-unboost|p2a: Great Tusk|atk|1\n|-unboost|p2b: Jumpluff|atk|1\n|move|p2b: Jumpluff|Acrobatics|p1b: Ting-Lu\n|-damage|p1b: Ting-Lu|98\/100 slp\n|cant|p2a: Great Tusk|slp\n|cant|p1b: Ting-Lu|slp\n|\n|-weather|SunnyDay|[upkeep]\n|-damage|p2b: Jumpluff|30\/100 brn|[from] brn\n|-sideend|p2: tuckerteam|move: Tailwind\n|upkeep\n|turn|11\n|\n|t:|1682987467\n|switch|p1a: Amoonguss|Amoonguss, L50, F|44\/100\n|move|p2b: Jumpluff|Tailwind|p2b: Jumpluff\n|-sidestart|p2: tuckerteam|move: Tailwind\n|-curestatus|p2a: Great Tusk|slp|[msg]\n|move|p2a: Great Tusk|Earthquake|p1a: Amoonguss|[spread] p1a,p1b\n|-immune|p2b: Jumpluff\n|-damage|p1a: Amoonguss|10\/100\n|-damage|p1b: Ting-Lu|76\/100 slp\n|cant|p1b: Ting-Lu|slp\n|\n|-weather|none\n|-end|p2a: Great Tusk|Protosynthesis\n|-damage|p2b: Jumpluff|24\/100 brn|[from] brn\n|upkeep\n|turn|12\n|\n|t:|1682987489\n|-end|p2a: Great Tusk|Protosynthesis|[silent]\n|switch|p2a: Torkoal|Torkoal, L50, M|47\/100\n|-weather|SunnyDay|[from] ability: Drought|[of] p2a: Torkoal\n|move|p1a: Amoonguss|Protect|p1a: Amoonguss\n|-singleturn|p1a: Amoonguss|Protect\n|move|p2b: Jumpluff|Acrobatics|p1a: Amoonguss\n|-activate|p1a: Amoonguss|move: Protect\n|-curestatus|p1b: Ting-Lu|slp|[msg]\n|move|p1b: Ting-Lu|Stomping Tantrum|p2b: Jumpluff\n|-immune|p2b: Jumpluff\n|\n|-weather|SunnyDay|[upkeep]\n|-damage|p2b: Jumpluff|18\/100 brn|[from] brn\n|upkeep\n|turn|13\n|\n|t:|1682987515\n|switch|p1b: Annihilape|Annihilape, L50, F, tera:Fire|62\/100 slp\n|switch|p1a: Arcanine|Arcanine, L50, F|100\/100\n|-ability|p1a: Arcanine|Intimidate|boost\n|-unboost|p2a: Torkoal|atk|1\n|-unboost|p2b: Jumpluff|atk|1\n|move|p2b: Jumpluff|Sleep Powder|p1b: Annihilape|[miss]\n|-miss|p2b: Jumpluff|p1b: Annihilape\n|move|p2a: Torkoal|Heat Wave|p1b: Annihilape|[spread] p1a,p1b\n|-resisted|p1a: Arcanine\n|-resisted|p1b: Annihilape\n|-damage|p1a: Arcanine|68\/100\n|-damage|p1b: Annihilape|41\/100 slp\n|\n|-weather|SunnyDay|[upkeep]\n|-heal|p1b: Annihilape|47\/100 slp|[from] item: Leftovers\n|-damage|p2b: Jumpluff|12\/100 brn|[from] brn\n|upkeep\n|turn|14\n|\n|t:|1682987535\n|switch|p2a: Great Tusk|Great Tusk, L50, tera:Ground|62\/100\n|-activate|p2a: Great Tusk|ability: Protosynthesis\n|-start|p2a: Great Tusk|protosynthesisatk\n|move|p2b: Jumpluff|Protect|p2b: Jumpluff\n|-singleturn|p2b: Jumpluff|Protect\n|move|p1a: Arcanine|Extreme Speed|p2b: Jumpluff\n|-activate|p2b: Jumpluff|move: Protect\n|-curestatus|p1b: Annihilape|slp|[msg]\n|move|p1b: Annihilape|Drain Punch|p2a: Great Tusk\n|-damage|p2a: Great Tusk|35\/100\n|-heal|p1b: Annihilape|60\/100|[from] drain|[of] p2a: Great Tusk\n|\n|-weather|SunnyDay|[upkeep]\n|-heal|p1b: Annihilape|66\/100|[from] item: Leftovers\n|-damage|p2b: Jumpluff|6\/100 brn|[from] brn\n|-sideend|p2: tuckerteam|move: Tailwind\n|upkeep\n|turn|15\n|\n|t:|1682987558\n|switch|p2b: It's not a phase|Flutter Mane, L50|100\/100\n|-activate|p2b: It's not a phase|ability: Protosynthesis\n|-start|p2b: It's not a phase|protosynthesisspa\n|move|p1b: Annihilape|Protect|p1b: Annihilape\n|-singleturn|p1b: Annihilape|Protect\n|move|p1a: Arcanine|Extreme Speed|p2b: It's not a phase\n|-immune|p2b: It's not a phase\n|move|p2a: Great Tusk|Headlong Rush|p1b: Annihilape\n|-activate|p1b: Annihilape|move: Protect\n|\n|-weather|SunnyDay|[upkeep]\n|-heal|p1b: Annihilape|72\/100|[from] item: Leftovers\n|upkeep\n|turn|16\n|\n|t:|1682987586\n|-end|p2a: Great Tusk|Protosynthesis|[silent]\n|switch|p2a: Torkoal|Torkoal, L50, M|47\/100\n|switch|p1b: Ting-Lu|Ting-Lu, L50|76\/100\n|-ability|p1b: Ting-Lu|Vessel of Ruin\n|move|p2b: It's not a phase|Substitute|p2b: It's not a phase\n|-start|p2b: It's not a phase|Substitute\n|-damage|p2b: It's not a phase|76\/100\n|move|p1a: Arcanine|Will-O-Wisp|p2a: Torkoal\n|-immune|p2a: Torkoal\n|\n|-weather|none\n|-end|p2b: It's not a phase|Protosynthesis\n|upkeep\n|-enditem|p2b: It's not a phase|Booster Energy\n|-activate|p2b: It's not a phase|ability: Protosynthesis|[fromitem]\n|-start|p2b: It's not a phase|protosynthesisspa\n|turn|17\n|\n|t:|1682987605\n|move|p2a: Torkoal|Protect|p2a: Torkoal\n|-singleturn|p2a: Torkoal|Protect\n|move|p2b: It's not a phase|Moonblast|p1b: Ting-Lu\n|-supereffective|p1b: Ting-Lu\n|-damage|p1b: Ting-Lu|23\/100\n|move|p1a: Arcanine|Flare Blitz|p2b: It's not a phase\n|-end|p2b: It's not a phase|Substitute\n|-damage|p1a: Arcanine|61\/100|[from] Recoil|[of] p2b: It's not a phase\n|move|p1b: Ting-Lu|Heavy Slam|p2b: It's not a phase\n|-supereffective|p2b: It's not a phase\n|-damage|p2b: It's not a phase|0 fnt\n|faint|p2b: It's not a phase\n|-end|p2b: It's not a phase|Protosynthesis|[silent]\n|\n|upkeep\n|\n|t:|1682987619\n|switch|p2b: Great Tusk|Great Tusk, L50, tera:Ground|35\/100\n|turn|18\n|\n|t:|1682987634\n|switch|p1a: Amoonguss|Amoonguss, L50, F|43\/100\n|switch|p2a: Jumpluff|Jumpluff, L50, M|6\/100 brn\n|move|p2b: Great Tusk|Earthquake|p1b: Ting-Lu|[spread] p1a,p1b\n|-immune|p2a: Jumpluff\n|-damage|p1a: Amoonguss|1\/100\n|-damage|p1b: Ting-Lu|0 fnt\n|faint|p1b: Ting-Lu\n|\n|-damage|p2a: Jumpluff|0 fnt|[from] brn\n|faint|p2a: Jumpluff\n|upkeep\n|\n|t:|1682987648\n|switch|p2a: Torkoal|Torkoal, L50, M|47\/100\n|switch|p1b: Arcanine|Arcanine, L50, F|61\/100\n|-ability|p1b: Arcanine|Intimidate|boost\n|-unboost|p2a: Torkoal|atk|1\n|-unboost|p2b: Great Tusk|atk|1\n|-weather|SunnyDay|[from] ability: Drought|[of] p2a: Torkoal\n|-activate|p2b: Great Tusk|ability: Protosynthesis\n|-start|p2b: Great Tusk|protosynthesisdef\n|turn|19\n|\n|t:|1682987666\n|move|p2a: Torkoal|Protect|p2a: Torkoal\n|-singleturn|p2a: Torkoal|Protect\n|move|p1b: Arcanine|Extreme Speed|p2b: Great Tusk\n|-damage|p2b: Great Tusk|22\/100\n|move|p2b: Great Tusk|Earthquake|p1a: Amoonguss|[spread] p1a,p1b\n|-activate|p2a: Torkoal|move: Protect\n|-supereffective|p1b: Arcanine\n|-damage|p1a: Amoonguss|0 fnt\n|-damage|p1b: Arcanine|0 fnt\n|faint|p1a: Amoonguss\n|faint|p1b: Arcanine\n|\n|-weather|SunnyDay|[upkeep]\n|upkeep\n|\n|t:|1682987689\n|switch|p1b: Annihilape|Annihilape, L50, F, tera:Fire|72\/100\n|turn|20\n|\n|t:|1682987696\n|move|p2a: Torkoal|Protect|p2a: Torkoal\n|-singleturn|p2a: Torkoal|Protect\n|move|p2b: Great Tusk|Earthquake|p1b: Annihilape|[spread] p1b\n|-activate|p2a: Torkoal|move: Protect\n|-supereffective|p1b: Annihilape\n|-crit|p1b: Annihilape\n|-damage|p1b: Annihilape|0 fnt\n|faint|p1b: Annihilape\n|\n|win|tuckerteam\n|raw|om111nous's rating: 1139 → 1107<\/strong> (-32 for losing)\n|raw|tuckerteam's rating: 1035 → 1080<\/strong> (+45 for winning)\n|c|\u2606tuckerteam|wow 20 turns\n|l|\u2606om111nous\n|c|\u2606tuckerteam|gg w[\n","uploadtime":1682987709,"views":17,"p1id":"om111nous","p2id":"tuckerteam","formatid":"gen9vgc2023regulationc","rating":1080,"private":0,"password":""}