{"id":"gen9vgc2023regulationc-1845045748","p1":"fashodat","p2":"That_Leek","format":"[Gen 9] VGC 2023 Regulation C","log":"|j|\u2606fashodat\n|j|\u2606That_Leek\n|t:|1681677452\n|gametype|doubles\n|player|p1|fashodat|hiker-gen4|1181\n|player|p2|That_Leek|blue|1280\n|teamsize|p1|6\n|teamsize|p2|6\n|gen|9\n|tier|[Gen 9] VGC 2023 Regulation C\n|rated|\n|rule|Species Clause: Limit one of each Pok\u00e9mon\n|rule|Item Clause: Limit one of each item\n|clearpoke\n|poke|p1|Scizor, L50, M|\n|poke|p1|Grimmsnarl, L50, M|\n|poke|p1|Amoonguss, L50, M|\n|poke|p1|Chien-Pao, L50|\n|poke|p1|Gyarados, L50, F|\n|poke|p1|Rotom-Mow, L50|\n|poke|p2|Tyranitar, L50, F|\n|poke|p2|Gothitelle, L50, M|\n|poke|p2|Gholdengo, L50|\n|poke|p2|Amoonguss, L50, F|\n|poke|p2|Azumarill, L50, F|\n|poke|p2|Arcanine, L50, F|\n|teampreview|4\nThat_Leek has agreed to open team sheets.\n|\n|t:|1681677510\n|start\n|switch|p1a: Grimmsnarl|Grimmsnarl, L50, M, shiny|100\/100\n|switch|p1b: Amoonguss|Amoonguss, L50, M, shiny|100\/100\n|switch|p2a: Gothitelle|Gothitelle, L50, M|100\/100\n|switch|p2b: Gholdengo|Gholdengo, L50|100\/100\n|turn|1\n|\n|t:|1681677530\n|move|p2a: Gothitelle|Fake Out|p1b: Amoonguss\n|-crit|p1b: Amoonguss\n|-damage|p1b: Amoonguss|93\/100\n|move|p1a: Grimmsnarl|Light Screen|p1a: Grimmsnarl\n|-sidestart|p1: fashodat|move: Light Screen\n|move|p2b: Gholdengo|Nasty Plot|p2b: Gholdengo\n|-boost|p2b: Gholdengo|spa|2\n|cant|p1b: Amoonguss|flinch\n|\n|upkeep\n|turn|2\n|\n|t:|1681677554\n|switch|p2a: Arcanine|Arcanine, L50, F|100\/100\n|-ability|p2a: Arcanine|Intimidate|boost\n|-unboost|p1a: Grimmsnarl|atk|1\n|-unboost|p1b: Amoonguss|atk|1\n|move|p1a: Grimmsnarl|Parting Shot|p2b: Gholdengo\n|-immune|p2b: Gholdengo|[from] ability: Good as Gold\n|move|p2b: Gholdengo|Make It Rain|p1b: Amoonguss|[spread] p1a,p1b\n|-supereffective|p1a: Grimmsnarl\n|-damage|p1a: Grimmsnarl|0 fnt\n|-damage|p1b: Amoonguss|21\/100\n|-unboost|p2b: Gholdengo|spa|1\n|-enditem|p1b: Amoonguss|Sitrus Berry|[eat]\n|-heal|p1b: Amoonguss|46\/100|[from] item: Sitrus Berry\n|faint|p1a: Grimmsnarl\n|-damage|p2b: Gholdengo|91\/100|[from] item: Life Orb\n|move|p1b: Amoonguss|Spore|p2a: Arcanine\n|-activate|p2a: Arcanine|item: Safety Goggles|Spore\n|\n|upkeep\n|\n|t:|1681677576\n|switch|p1a: Rotom|Rotom-Mow, L50, shiny|100\/100\n|turn|3\n|\n|t:|1681677582\n|move|p2b: Gholdengo|Protect|p2b: Gholdengo\n|-singleturn|p2b: Gholdengo|Protect\n|move|p1b: Amoonguss|Protect|p1b: Amoonguss\n|-singleturn|p1b: Amoonguss|Protect\n|move|p1a: Rotom|Shadow Ball|p2b: Gholdengo\n|-activate|p2b: Gholdengo|move: Protect\n|move|p2a: Arcanine|Snarl|p1b: Amoonguss|[spread] p1a\n|-activate|p1b: Amoonguss|move: Protect\n|-damage|p1a: Rotom|93\/100\n|-unboost|p1a: Rotom|spa|1\n|\n|upkeep\n|turn|4\n|\n|t:|1681677597\n|switch|p1b: Scizor|Scizor, L50, M, shiny|100\/100\n|-terastallize|p2b: Gholdengo|Water\n|move|p1a: Rotom|Shadow Ball|p2b: Gholdengo\n|-crit|p2b: Gholdengo\n|-damage|p2b: Gholdengo|38\/100\n|move|p2a: Arcanine|Flare Blitz|p1a: Rotom\n|-supereffective|p1a: Rotom\n|-damage|p1a: Rotom|0 fnt\n|faint|p1a: Rotom\n|-damage|p2a: Arcanine|79\/100|[from] Recoil\n|move|p2b: Gholdengo|Make It Rain|p1b: Scizor\n|-resisted|p1b: Scizor\n|-damage|p1b: Scizor|47\/100\n|-unboost|p2b: Gholdengo|spa|1\n|-damage|p2b: Gholdengo|28\/100|[from] item: Life Orb\n|\n|upkeep\n|\n|t:|1681677608\n|switch|p1a: Amoonguss|Amoonguss, L50, M, shiny|79\/100\n|turn|5\n|\n|t:|1681677621\n|-terastallize|p1b: Scizor|Fire\n|move|p2a: Arcanine|Flare Blitz|p1a: Amoonguss\n|-supereffective|p1a: Amoonguss\n|-damage|p1a: Amoonguss|0 fnt\n|faint|p1a: Amoonguss\n|-damage|p2a: Arcanine|47\/100|[from] Recoil\n|move|p2b: Gholdengo|Make It Rain|p1b: Scizor\n|-resisted|p1b: Scizor\n|-damage|p1b: Scizor|11\/100\n|-unboost|p2b: Gholdengo|spa|1\n|-damage|p2b: Gholdengo|19\/100|[from] item: Life Orb\n|move|p1b: Scizor|Trailblaze|p2b: Gholdengo\n|-supereffective|p2b: Gholdengo\n|-damage|p2b: Gholdengo|0 fnt\n|-boost|p1b: Scizor|spe|1\n|faint|p2b: Gholdengo\n|\n|upkeep\n|\n|t:|1681677627\n|switch|p2b: Gothitelle|Gothitelle, L50, M|100\/100\n|turn|6\n|\n|t:|1681677648\n|move|p2b: Gothitelle|Fake Out|p1b: Scizor\n|-damage|p1b: Scizor|6\/100\n|move|p2a: Arcanine|Extreme Speed|p1b: Scizor\n|-damage|p1b: Scizor|0 fnt\n|faint|p1b: Scizor\n|\n|win|That_Leek\n|raw|fashodat's rating: 1181 → 1163<\/strong> (-18 for losing)\n|raw|That_Leek's rating: 1280 → 1298<\/strong> (+18 for winning)\n|l|\u2606fashodat\n","uploadtime":1681677652,"views":6,"p1id":"fashodat","p2id":"thatleek","formatid":"gen9vgc2023regulationc","rating":1163,"private":0,"password":""}