{"id":"gen9vgc2023regulationc-1846610785","p1":"FeelTheIce05","p2":"PiccoloRuiz","format":"[Gen 9] VGC 2023 Regulation C","log":"|j|\u2606FeelTheIce05\n|j|\u2606PiccoloRuiz\n|t:|1681857038\n|gametype|doubles\n|player|p1|FeelTheIce05|101|1257\n|player|p2|PiccoloRuiz|valerie|1359\n|teamsize|p1|6\n|teamsize|p2|6\n|gen|9\n|tier|[Gen 9] VGC 2023 Regulation C\n|rated|\n|rule|Species Clause: Limit one of each Pok\u00e9mon\n|rule|Item Clause: Limit one of each item\n|clearpoke\n|poke|p1|Palafin, L50, F|\n|poke|p1|Chien-Pao, L50|\n|poke|p1|Dragapult, L50, F|\n|poke|p1|Amoonguss, L50, F|\n|poke|p1|Arcanine, L50, F|\n|poke|p1|Flutter Mane, L50|\n|poke|p2|Flutter Mane, L50|\n|poke|p2|Amoonguss, L50, F|\n|poke|p2|Gyarados, L50, F|\n|poke|p2|Ceruledge, L50, F|\n|poke|p2|Ting-Lu, L50|\n|poke|p2|Baxcalibur, L50, F|\n|teampreview|4\n|inactive|Battle timer is ON: inactive players will automatically lose when time's up. (requested by PiccoloRuiz)\n|inactive|FeelTheIce05 also wants the timer to be on.\n|inactive|PiccoloRuiz has 60 seconds left.\nPiccoloRuiz rejected open team sheets.\n|inactive|PiccoloRuiz has 30 seconds left.\n|inactive|PiccoloRuiz has 20 seconds left.\n|inactive|PiccoloRuiz has 15 seconds left.\n|inactive|PiccoloRuiz has 10 seconds left.\n|inactive|PiccoloRuiz has 5 seconds left.\n|\n|t:|1681857127\n|start\n|switch|p1a: Palafin|Palafin, L50, F|100\/100\n|switch|p1b: Chien-Pao|Chien-Pao, L50|100\/100\n|switch|p2a: Anetra|Ceruledge, L50, F, shiny|100\/100\n|switch|p2b: Amoonguss|Amoonguss, L50, F, shiny|100\/100\n|-ability|p1b: Chien-Pao|Sword of Ruin\n|turn|1\n|inactive|PiccoloRuiz has 30 seconds left.\n|inactive|PiccoloRuiz has 20 seconds left.\n|inactive|PiccoloRuiz has 15 seconds left.\n|\n|t:|1681857170\n|move|p1b: Chien-Pao|Ice Spinner|p2b: Amoonguss\n|-supereffective|p2b: Amoonguss\n|-damage|p2b: Amoonguss|15\/100\n|-enditem|p2b: Amoonguss|Sitrus Berry|[eat]\n|-heal|p2b: Amoonguss|39\/100|[from] item: Sitrus Berry\n|move|p2a: Anetra|Bitter Blade|p1b: Chien-Pao\n|-supereffective|p1b: Chien-Pao\n|-enditem|p1b: Chien-Pao|Focus Sash\n|-damage|p1b: Chien-Pao|1\/100\n|move|p1a: Palafin|Wave Crash|p2a: Anetra\n|-supereffective|p2a: Anetra\n|-damage|p2a: Anetra|0 fnt\n|faint|p2a: Anetra\n|-damage|p1a: Palafin|71\/100|[from] Recoil\n|move|p2b: Amoonguss|Spore|p1a: Palafin\n|-status|p1a: Palafin|slp|[from] move: Spore\n|\n|upkeep\n|\n|t:|1681857188\n|switch|p2a: Sasha Colby|Flutter Mane, L50|100\/100\n|turn|2\n|\n|t:|1681857210\n|detailschange|p1a: Palafin|Palafin-Hero, L50, F\n|switch|p1a: Amoonguss|Amoonguss, L50, F|100\/100\n|move|p2b: Amoonguss|Rage Powder|p2b: Amoonguss\n|-singleturn|p2b: Amoonguss|move: Rage Powder\n|move|p1b: Chien-Pao|Ice Spinner|p2b: Amoonguss\n|-supereffective|p2b: Amoonguss\n|-damage|p2b: Amoonguss|0 fnt\n|faint|p2b: Amoonguss\n|move|p2a: Sasha Colby|Dazzling Gleam|p1b: Chien-Pao|[spread] p1a,p1b\n|-resisted|p1a: Amoonguss\n|-supereffective|p1b: Chien-Pao\n|-damage|p1a: Amoonguss|84\/100\n|-damage|p1b: Chien-Pao|0 fnt\n|faint|p1b: Chien-Pao\n|\n|upkeep\n|\n|t:|1681857222\n|switch|p1b: Flutter Mane|Flutter Mane, L50|100\/100\n|switch|p2b: Bianca|Gyarados, L50, F, shiny|100\/100\n|-ability|p2b: Bianca|Intimidate|boost\n|-unboost|p1a: Amoonguss|atk|1\n|-unboost|p1b: Flutter Mane|atk|1\n|-enditem|p1b: Flutter Mane|Booster Energy\n|-activate|p1b: Flutter Mane|ability: Protosynthesis|[fromitem]\n|-start|p1b: Flutter Mane|protosynthesisspa\n|turn|3\n|\n|t:|1681857236\n|-terastallize|p2a: Sasha Colby|Fairy\n|-terastallize|p1b: Flutter Mane|Fairy\n|move|p2a: Sasha Colby|Dazzling Gleam|p1a: Amoonguss|[spread] p1a,p1b\n|-resisted|p1a: Amoonguss\n|-damage|p1a: Amoonguss|60\/100\n|-damage|p1b: Flutter Mane|43\/100\n|move|p1b: Flutter Mane|Shadow Ball|p2a: Sasha Colby\n|-damage|p2a: Sasha Colby|53\/100\n|move|p2b: Bianca|Taunt|p1a: Amoonguss\n|-start|p1a: Amoonguss|move: Taunt\n|cant|p1a: Amoonguss|move: Taunt|Spore\n|\n|upkeep\n|turn|4\n|inactive|FeelTheIce05 has 30 seconds left.\n|\n|t:|1681857266\n|move|p2a: Sasha Colby|Dazzling Gleam|p1a: Amoonguss|[spread] p1a,p1b\n|-resisted|p1a: Amoonguss\n|-damage|p1a: Amoonguss|40\/100\n|-damage|p1b: Flutter Mane|0 fnt\n|-enditem|p1a: Amoonguss|Sitrus Berry|[eat]\n|-heal|p1a: Amoonguss|65\/100|[from] item: Sitrus Berry\n|faint|p1b: Flutter Mane\n|-end|p1b: Flutter Mane|Protosynthesis|[silent]\n|move|p2b: Bianca|Waterfall|p1a: Amoonguss\n|-resisted|p1a: Amoonguss\n|-damage|p1a: Amoonguss|51\/100\n|move|p1a: Amoonguss|Pollen Puff|p2a: Sasha Colby\n|-resisted|p2a: Sasha Colby\n|-damage|p2a: Sasha Colby|46\/100\n|\n|upkeep\n|\n|t:|1681857270\n|switch|p1b: Palafin|Palafin-Hero, L50, F|71\/100 slp\n|-activate|p1b: Palafin|ability: Zero to Hero\n|turn|5\n|\n|t:|1681857289\n|cant|p1b: Palafin|slp\n|move|p2a: Sasha Colby|Dazzling Gleam|p1b: Palafin|[spread] p1a,p1b\n|-resisted|p1a: Amoonguss\n|-damage|p1a: Amoonguss|29\/100\n|-damage|p1b: Palafin|12\/100 slp\n|move|p2b: Bianca|Waterfall|p1b: Palafin\n|-resisted|p1b: Palafin\n|-damage|p1b: Palafin|0 fnt\n|faint|p1b: Palafin\n|move|p1a: Amoonguss|Pollen Puff|p1: Palafin|[notarget]\n|-fail|p1a: Amoonguss\n|\n|-end|p1a: Amoonguss|move: Taunt\n|upkeep\n|turn|6\n|-message|FeelTheIce05 forfeited.\n|l|\u2606FeelTheIce05\n|inactive|FeelTheIce05 disconnected and has a minute to reconnect!\n|player|p1|\n|\n|win|PiccoloRuiz\n|raw|FeelTheIce05's rating: 1257 → 1239<\/strong> (-18 for losing)\n|raw|PiccoloRuiz's rating: 1359 → 1373<\/strong> (+14 for winning)\n","uploadtime":1681857304,"views":8,"p1id":"feeltheice05","p2id":"piccoloruiz","formatid":"gen9vgc2023regulationc","rating":1239,"private":0,"password":""}