{"id":"gen9vgc2023regulationc-1854545474","p1":"Dot1Q","p2":"chipp zanuff 7","format":"[Gen 9] VGC 2023 Regulation C","log":"|j|\u2606Dot1Q\n|j|\u2606chipp zanuff 7\n|t:|1682824974\n|gametype|doubles\n|player|p1|Dot1Q|veteran|\n|player|p2|chipp zanuff 7|266|\n|teamsize|p1|6\n|teamsize|p2|6\n|gen|9\n|tier|[Gen 9] VGC 2023 Regulation C\n|rule|Species Clause: Limit one of each Pok\u00e9mon\n|rule|Item Clause: Limit one of each item\n|clearpoke\n|poke|p1|Chi-Yu, L50|\n|poke|p1|Flutter Mane, L50|\n|poke|p1|Chien-Pao, L50|\n|poke|p1|Dragonite, L50, F|\n|poke|p1|Dondozo, L50, M|\n|poke|p1|Tatsugiri-Stretchy, L50, M|\n|poke|p2|Garganacl, L50, M|\n|poke|p2|Gyarados, L50, F|\n|poke|p2|Amoonguss, L50, M|\n|poke|p2|Ting-Lu, L50|\n|poke|p2|Flutter Mane, L50|\n|poke|p2|Orthworm, L50, M|\n|teampreview|4\nchipp zanuff 7 has agreed to open team sheets.\n|c|\u2606chipp zanuff 7|g2\nDot1Q has agreed to open team sheets.\n|\n|t:|1682825146\n|start\n|switch|p1a: Chien-Pao|Chien-Pao, L50|100\/100\n|switch|p1b: Dragonite|Dragonite, L50, F|100\/100\n|switch|p2a: Luck|Garganacl, L50, M, shiny|100\/100\n|switch|p2b: Magna|Gyarados, L50, F, shiny|100\/100\n|-ability|p1a: Chien-Pao|Sword of Ruin\n|-ability|p2b: Magna|Intimidate|boost\n|-unboost|p1a: Chien-Pao|atk|1\n|-fail|p1b: Dragonite|unboost|Attack|[from] ability: Inner Focus|[of] p1b: Dragonite\n|turn|1\n|inactive|Battle timer is ON: inactive players will automatically lose when time's up. (requested by chipp zanuff 7)\n|\n|t:|1682825159\n|switch|p2b: Vanessa|Flutter Mane, L50|100\/100\n|-enditem|p2b: Vanessa|Booster Energy\n|-activate|p2b: Vanessa|ability: Protosynthesis|[fromitem]\n|-start|p2b: Vanessa|protosynthesisspa\n|move|p1a: Chien-Pao|Protect|p1a: Chien-Pao\n|-singleturn|p1a: Chien-Pao|Protect\n|move|p1b: Dragonite|Outrage|p2b: Vanessa\n|-immune|p2b: Vanessa\n|move|p2a: Luck|Salt Cure|p1a: Chien-Pao\n|-activate|p1a: Chien-Pao|move: Protect\n|\n|upkeep\n|turn|2\n|inactive|Dot1Q has 30 seconds left.\n|inactive|chipp zanuff 7 has 30 seconds left.\n|\n|t:|1682825189\n|-terastallize|p2b: Vanessa|Fairy\n|-terastallize|p1b: Dragonite|Normal\n|move|p1a: Chien-Pao|Ice Spinner|p2b: Vanessa\n|-damage|p2b: Vanessa|33\/100\n|move|p2b: Vanessa|Dazzling Gleam|p1a: Chien-Pao|[spread] p1a,p1b\n|-supereffective|p1a: Chien-Pao\n|-enditem|p1a: Chien-Pao|Focus Sash\n|-damage|p1a: Chien-Pao|1\/100\n|-damage|p1b: Dragonite|51\/100\n|move|p1b: Dragonite|Outrage|p2b: Vanessa\n|-immune|p2b: Vanessa\n|move|p2a: Luck|Salt Cure|p1a: Chien-Pao\n|-supereffective|p1a: Chien-Pao\n|-damage|p1a: Chien-Pao|0 fnt\n|faint|p1a: Chien-Pao\n|\n|upkeep\n|\n|t:|1682825205\n|switch|p1a: Flutter Mane|Flutter Mane, L50|100\/100\n|turn|3\n|\n|t:|1682825223\n|move|p2b: Vanessa|Protect|p2b: Vanessa\n|-singleturn|p2b: Vanessa|Protect\n|move|p1a: Flutter Mane|Dazzling Gleam|p2b: Vanessa|[spread] p2a\n|-activate|p2b: Vanessa|move: Protect\n|-damage|p2a: Luck|68\/100\n|move|p1b: Dragonite|Outrage|p2b: Vanessa\n|-activate|p2b: Vanessa|move: Protect\n|move|p2a: Luck|Salt Cure|p1a: Flutter Mane\n|-damage|p1a: Flutter Mane|71\/100\n|-start|p1a: Flutter Mane|Salt Cure\n|\n|-heal|p2a: Luck|74\/100|[from] item: Leftovers\n|-damage|p1a: Flutter Mane|59\/100|[from] Salt Cure\n|upkeep\n|turn|4\n|\n|t:|1682825237\n|move|p1a: Flutter Mane|Dazzling Gleam|p2a: Luck|[spread] p2a,p2b\n|-damage|p2a: Luck|37\/100\n|-damage|p2b: Vanessa|0 fnt\n|faint|p2b: Vanessa\n|-end|p2b: Vanessa|Protosynthesis|[silent]\n|move|p1b: Dragonite|Outrage|p2a: Luck\n|-damage|p2a: Luck|0 fnt\n|faint|p2a: Luck\n|\n|-damage|p1a: Flutter Mane|46\/100|[from] Salt Cure\n|upkeep\n|\n|t:|1682825240\n|switch|p2b: Finral|Amoonguss, L50, M|100\/100\n|switch|p2a: Magna|Gyarados, L50, F, shiny|100\/100\n|-ability|p2a: Magna|Intimidate|boost\n|-unboost|p1a: Flutter Mane|atk|1\n|-fail|p1b: Dragonite|unboost|Attack|[from] ability: Inner Focus|[of] p1b: Dragonite\n|turn|5\n|\n|t:|1682825260\n|move|p1a: Flutter Mane|Dazzling Gleam|p2a: Magna|[spread] p2a,p2b\n|-resisted|p2b: Finral\n|-damage|p2a: Magna|65\/100\n|-damage|p2b: Finral|84\/100\n|move|p2a: Magna|Waterfall|p1a: Flutter Mane\n|-damage|p1a: Flutter Mane|0 fnt\n|faint|p1a: Flutter Mane\n|-end|p1a: Flutter Mane|Protosynthesis|[silent]\n|move|p1b: Dragonite|Outrage|p2a: Magna|[from]lockedmove\n|-damage|p2a: Magna|0 fnt\n|faint|p2a: Magna\n|-start|p1b: Dragonite|confusion|[fatigue]\n|move|p2b: Finral|Spore|p1b: Dragonite\n|-status|p1b: Dragonite|slp|[from] move: Spore\n|\n|upkeep\n|\n|t:|1682825275\n|switch|p1a: Chi-Yu|Chi-Yu, L50|100\/100\n|-ability|p1a: Chi-Yu|Beads of Ruin\n|turn|6\n|\n|t:|1682825287\n|move|p1a: Chi-Yu|Overheat|p2b: Finral\n|-supereffective|p2b: Finral\n|-damage|p2b: Finral|0 fnt\n|-unboost|p1a: Chi-Yu|spa|2\n|faint|p2b: Finral\n|\n|win|Dot1Q\n|c|\u2606Dot1Q|ggs\n|l|\u2606Dot1Q\n","uploadtime":1682825303,"views":10,"p1id":"dot1q","p2id":"chippzanuff7","formatid":"gen9vgc2023regulationc","rating":0,"private":0,"password":""}