{"id":"gen9vgc2023regulationc-1863279910","p1":"winteredsoul","p2":"Pampey","format":"[Gen 9] VGC 2023 Regulation C","log":"|j|\u2606winteredsoul\n|j|\u2606Pampey\n|t:|1683997241\n|gametype|doubles\n|player|p1|winteredsoul|acetrainer-gen4dp|\n|player|p2|Pampey|pryce|\n|teamsize|p1|6\n|teamsize|p2|6\n|gen|9\n|tier|[Gen 9] VGC 2023 Regulation C\n|rule|Tera Type Preview: Tera Types are shown at Team Preview\n|rule|Species Clause: Limit one of each Pok\u00e9mon\n|rule|Item Clause: Limit one of each item\n|clearpoke\n|poke|p1|Iron Bundle, L50|\n|poke|p1|Glimmora, L50, F|\n|poke|p1|Tauros-Paldea-Blaze, L50, M|\n|poke|p1|Tsareena, L50, F|\n|poke|p1|Ting-Lu, L50|\n|poke|p1|Altaria, L50, F|\n|poke|p2|Iron Valiant, L50|\n|poke|p2|Ting-Lu, L50|\n|poke|p2|Amoonguss, L50, M|\n|poke|p2|Tatsugiri, L50, F|\n|poke|p2|Dondozo, L50, F|\n|poke|p2|Staraptor, L50, F|\n|teampreview|4\n|raw|winteredsoul's Tera Types: \/ \/ \/ \/ \/ \n|raw|Pampey's Tera Types: \/ \/ \/ \/ \/ \n|inactive|Battle timer is ON: inactive players will automatically lose when time's up. (requested by winteredsoul)\n|c|\u2606winteredsoul|glhf\n|c|\u2606Pampey|gl hf\n|c|\u2606winteredsoul|g1 hold on lets open the others\n|c|\u2606Pampey|ok\n|inactive|winteredsoul has 60 seconds left.\n|inactive|Pampey has 60 seconds left.\n|inactiveoff|Battle timer is now OFF.\n|c|\u2606Pampey|do we do open team sheet or no\n|c|\u2606winteredsoul|no\n|c|\u2606Pampey|alright\n|c|\u2606winteredsoul|ok we ready\n|c|\u2606Pampey|yep\n|\n|t:|1683997400\n|start\n|switch|p1a: Glimmora|Glimmora, L50, F|100\/100\n|switch|p1b: Ting-Lu|Ting-Lu, L50|100\/100\n|switch|p2a: Iron Valiant|Iron Valiant, L50|100\/100\n|switch|p2b: Ting-Lu|Ting-Lu, L50|100\/100\n|-ability|p2b: Ting-Lu|Vessel of Ruin\n|-item|p2b: Ting-Lu|Air Balloon\n|-ability|p1b: Ting-Lu|Vessel of Ruin\n|-enditem|p2a: Iron Valiant|Booster Energy\n|-activate|p2a: Iron Valiant|ability: Quark Drive|[fromitem]\n|-start|p2a: Iron Valiant|quarkdrivespe\n|turn|1\n|j| glowbrogang\n|c| glowbrogang|air balloon tera flying\n|c| glowbrogang|new tech\n|c|\u2606winteredsoul|it's tera steel\n|j| Ace98121212\n|\n|t:|1683997454\n|move|p2a: Iron Valiant|Protect|p2a: Iron Valiant\n|-singleturn|p2a: Iron Valiant|Protect\n|move|p1a: Glimmora|Protect|p1a: Glimmora\n|-singleturn|p1a: Glimmora|Protect\n|move|p2b: Ting-Lu|Stealth Rock|p1a: Glimmora\n|-sidestart|p1: winteredsoul|move: Stealth Rock\n|move|p1b: Ting-Lu|Ruination|p2b: Ting-Lu\n|-damage|p2b: Ting-Lu|50\/100\n|-enditem|p2b: Ting-Lu|Air Balloon\n|\n|upkeep\n|turn|2\n|j| tzarii\n|\n|t:|1683997484\n|-terastallize|p1a: Glimmora|Grass\n|move|p2a: Iron Valiant|Moonblast|p1a: Glimmora\n|-damage|p1a: Glimmora|53\/100\n|move|p1a: Glimmora|Sludge Bomb|p2a: Iron Valiant\n|-supereffective|p2a: Iron Valiant\n|-damage|p2a: Iron Valiant|0 fnt\n|faint|p2a: Iron Valiant\n|-end|p2a: Iron Valiant|Quark Drive|[silent]\n|-damage|p1a: Glimmora|44\/100|[from] item: Life Orb\n|move|p2b: Ting-Lu|Earthquake|p1a: Glimmora|[spread] p1a,p1b\n|-resisted|p1a: Glimmora\n|-damage|p1a: Glimmora|27\/100\n|-damage|p1b: Ting-Lu|84\/100\n|-activate|p1a: Glimmora|ability: Toxic Debris\n|-sidestart|p2: Pampey|move: Toxic Spikes\n|move|p1b: Ting-Lu|Earthquake|p2b: Ting-Lu|[spread] p1a,p2b\n|-resisted|p1a: Glimmora\n|-crit|p1a: Glimmora\n|-damage|p1a: Glimmora|0 fnt\n|-damage|p2b: Ting-Lu|28\/100\n|-activate|p1a: Glimmora|ability: Toxic Debris\n|-sidestart|p2: Pampey|move: Toxic Spikes\n|faint|p1a: Glimmora\n|\n|-heal|p1b: Ting-Lu|90\/100|[from] item: Leftovers\n|upkeep\n|c| Ace98121212|Ting lu vs ting lu\n|\n|t:|1683997505\n|switch|p2a: Dondozo|Dondozo, L50, F|100\/100\n|switch|p1a: Iron Bundle|Iron Bundle, L50|100\/100\n|-damage|p1a: Iron Bundle|76\/100|[from] Stealth Rock\n|-status|p2a: Dondozo|tox\n|-enditem|p1a: Iron Bundle|Booster Energy\n|-activate|p1a: Iron Bundle|ability: Quark Drive|[fromitem]\n|-start|p1a: Iron Bundle|quarkdrivespe\n|turn|3\n|\n|t:|1683997552\n|switch|p2b: Tatsugiri|Tatsugiri, L50, F|100\/100\n|-activate|p2b: Tatsugiri|ability: Commander|[of] p2a: Dondozo\n|-boost|p2a: Dondozo|atk|2\n|-boost|p2a: Dondozo|spa|2\n|-boost|p2a: Dondozo|spe|2\n|-boost|p2a: Dondozo|def|2\n|-boost|p2a: Dondozo|spd|2\n|-terastallize|p2a: Dondozo|Grass\n|move|p1a: Iron Bundle|Freeze-Dry|p2a: Dondozo\n|-supereffective|p2a: Dondozo\n|-damage|p2a: Dondozo|76\/100 tox\n|move|p2a: Dondozo|Tera Blast|p1a: Iron Bundle\n|-supereffective|p1a: Iron Bundle\n|-damage|p1a: Iron Bundle|0 fnt\n|faint|p1a: Iron Bundle\n|-end|p1a: Iron Bundle|Quark Drive|[silent]\n|move|p1b: Ting-Lu|Stomping Tantrum|p2b: Tatsugiri|[miss]\n|-miss|p1b: Ting-Lu|p2b: Tatsugiri\n|\n|-heal|p2a: Dondozo|83\/100 tox|[from] item: Leftovers\n|-heal|p1b: Ting-Lu|96\/100|[from] item: Leftovers\n|-damage|p2a: Dondozo|76\/100 tox|[from] psn\n|upkeep\n|\n|t:|1683997571\n|switch|p1a: Altaria|Altaria, L50, F|100\/100\n|-damage|p1a: Altaria|76\/100|[from] Stealth Rock\n|turn|4\n|\n|t:|1683997589\n|move|p2a: Dondozo|Wave Crash|p1b: Ting-Lu\n|-supereffective|p1b: Ting-Lu\n|-damage|p1b: Ting-Lu|0 fnt\n|faint|p1b: Ting-Lu\n|-damage|p2a: Dondozo|40\/100 tox|[from] Recoil\n|move|p1a: Altaria|Haze|p1a: Altaria\n|-clearallboost\n|\n|-heal|p2a: Dondozo|46\/100 tox|[from] item: Leftovers\n|-damage|p2a: Dondozo|33\/100 tox|[from] psn\n|upkeep\n|turn|5\n|c|\u2606winteredsoul|oh god\n|\n|t:|1683997608\n|move|p1a: Altaria|Tailwind|p1a: Altaria\n|-sidestart|p1: winteredsoul|move: Tailwind\n|move|p2a: Dondozo|Ice Fang|p1a: Altaria\n|-supereffective|p1a: Altaria\n|-damage|p1a: Altaria|0 fnt\n|faint|p1a: Altaria\n|\n|win|Pampey\n|c|\u2606Pampey|gg\n|c|\u2606winteredsoul|gg\n|l| tzarii\n|l| Ace98121212\n|c|\u2606winteredsoul|that was one hell of a loss\n","uploadtime":1683997615,"views":7,"p1id":"winteredsoul","p2id":"pampey","formatid":"gen9vgc2023regulationc","rating":0,"private":0,"password":""}