{"id":"gen9vgc2023regulationc-1849862287","p1":"B-Nut17","p2":"Idk544","format":"[Gen 9] VGC 2023 Regulation C","log":"|j|\u2606B-Nut17\n|j|\u2606Idk544\n|t:|1682261847\n|gametype|doubles\n|player|p1|B-Nut17|265|1235\n|player|p2|Idk544|silver|1289\n|teamsize|p1|6\n|teamsize|p2|6\n|gen|9\n|tier|[Gen 9] VGC 2023 Regulation C\n|rated|\n|rule|Species Clause: Limit one of each Pok\u00e9mon\n|rule|Item Clause: Limit one of each item\n|clearpoke\n|poke|p1|Hatterene, L50, F|\n|poke|p1|Garganacl, L50, M|\n|poke|p1|Farigiraf, L50, F|\n|poke|p1|Arboliva, L50, F|\n|poke|p1|Skeledirge, L50, M|\n|poke|p1|Azumarill, L50, M|\n|poke|p2|Orthworm, L50, M|\n|poke|p2|Iron Hands, L50|\n|poke|p2|Flutter Mane, L50|\n|poke|p2|Gholdengo, L50|\n|poke|p2|Gyarados, L50, M|\n|poke|p2|Ting-Lu, L50|\n|teampreview|4\n|inactive|Battle timer is ON: inactive players will automatically lose when time's up. (requested by B-Nut17)\nIdk544 has agreed to open team sheets.\n|inactive|B-Nut17 has 60 seconds left.\n|inactive|Idk544 has 60 seconds left.\n|\n|t:|1682261906\n|start\n|switch|p1a: Farigiraf|Farigiraf, L50, F|100\/100\n|switch|p1b: Arboliva|Arboliva, L50, F|100\/100\n|switch|p2a: Flutter Mane|Flutter Mane, L50|100\/100\n|switch|p2b: Orthworm|Orthworm, L50, M|100\/100\n|turn|1\n|inactive|B-Nut17 has 30 seconds left.\n|inactive|Idk544 has 30 seconds left.\n|\n|t:|1682261938\n|move|p2a: Flutter Mane|Dazzling Gleam|p1a: Farigiraf|[spread] p1a,p1b\n|-damage|p1a: Farigiraf|65\/100\n|-damage|p1b: Arboliva|69\/100\n|-fieldstart|move: Grassy Terrain|[from] ability: Seed Sower|[of] p1b: Arboliva\n|move|p2b: Orthworm|Shed Tail|p2b: Orthworm\n|-start|p2b: Orthworm|Substitute|[from] move: Shed Tail\n|-damage|p2b: Orthworm|50\/100\n|-enditem|p2b: Orthworm|Sitrus Berry|[eat]\n|-heal|p2b: Orthworm|75\/100|[from] item: Sitrus Berry\n|\n|t:|1682261949\n|switch|p2b: Iron Hands|Iron Hands, L50|100\/100|[from] Shed Tail\n|move|p1b: Arboliva|Earth Power|p2b: Iron Hands\n|-supereffective|p2b: Iron Hands\n|-end|p2b: Iron Hands|Substitute\n|-damage|p1b: Arboliva|59\/100|[from] item: Life Orb\n|move|p1a: Farigiraf|Trick Room|p1a: Farigiraf\n|-fieldstart|move: Trick Room|[of] p1a: Farigiraf\n|\n|-heal|p1b: Arboliva|65\/100|[from] Grassy Terrain\n|-heal|p1a: Farigiraf|71\/100|[from] Grassy Terrain\n|upkeep\n|turn|2\n|inactive|B-Nut17 has 30 seconds left.\n|inactive|Idk544 has 30 seconds left.\n|\n|t:|1682261979\n|-end|p2b: Iron Hands|Quark Drive|[silent]\n|switch|p2b: Orthworm|Orthworm, L50, M|75\/100\n|move|p1b: Arboliva|Protect|p1b: Arboliva\n|-singleturn|p1b: Arboliva|Protect\n|move|p2a: Flutter Mane|Protect|p2a: Flutter Mane\n|-singleturn|p2a: Flutter Mane|Protect\n|move|p1a: Farigiraf|Hyper Voice|p2a: Flutter Mane|[spread] p2b\n|-activate|p2a: Flutter Mane|move: Protect\n|-resisted|p2b: Orthworm\n|-damage|p2b: Orthworm|62\/100\n|\n|-heal|p1b: Arboliva|71\/100|[from] Grassy Terrain\n|-heal|p1a: Farigiraf|77\/100|[from] Grassy Terrain\n|-heal|p2b: Orthworm|69\/100|[from] Grassy Terrain\n|upkeep\n|turn|3\n|\n|t:|1682262000\n|-end|p2a: Flutter Mane|Protosynthesis|[silent]\n|switch|p2a: Iron Hands|Iron Hands, L50|100\/100\n|move|p1b: Arboliva|Energy Ball|p2b: Orthworm\n|-resisted|p2b: Orthworm\n|-damage|p2b: Orthworm|23\/100\n|-damage|p1b: Arboliva|62\/100|[from] item: Life Orb\n|move|p1a: Farigiraf|Thunderbolt|p2b: Orthworm\n|-damage|p2b: Orthworm|0 fnt\n|faint|p2b: Orthworm\n|\n|-heal|p1b: Arboliva|68\/100|[from] Grassy Terrain\n|-heal|p1a: Farigiraf|84\/100|[from] Grassy Terrain\n|upkeep\n|\n|t:|1682262018\n|switch|p2b: Flutter Mane|Flutter Mane, L50|100\/100\n|turn|4\n|\n|t:|1682262029\n|-terastallize|p2a: Iron Hands|Grass\n|move|p1b: Arboliva|Protect|p1b: Arboliva\n|-singleturn|p1b: Arboliva|Protect\n|move|p2b: Flutter Mane|Protect|p2b: Flutter Mane\n|-singleturn|p2b: Flutter Mane|Protect\n|move|p1a: Farigiraf|Hyper Voice|p2b: Flutter Mane|[spread] p2a\n|-activate|p2b: Flutter Mane|move: Protect\n|-damage|p2a: Iron Hands|83\/100\n|move|p2a: Iron Hands|Drain Punch|p1b: Arboliva\n|-activate|p1b: Arboliva|move: Protect\n|\n|-heal|p1b: Arboliva|73\/100|[from] Grassy Terrain\n|-heal|p1a: Farigiraf|90\/100|[from] Grassy Terrain\n|-heal|p2a: Iron Hands|89\/100|[from] Grassy Terrain\n|upkeep\n|turn|5\n|inactive|B-Nut17 has 30 seconds left.\n|\n|t:|1682262060\n|-end|p2b: Flutter Mane|Protosynthesis|[silent]\n|switch|p2b: Gyarados|Gyarados, L50, M|100\/100\n|-ability|p2b: Gyarados|Intimidate|boost\n|-unboost|p1a: Farigiraf|atk|1\n|-unboost|p1b: Arboliva|atk|1\n|move|p1b: Arboliva|Pollen Puff|p2a: Iron Hands\n|-supereffective|p2a: Iron Hands\n|-damage|p2a: Iron Hands|41\/100\n|-damage|p1b: Arboliva|64\/100|[from] item: Life Orb\n|move|p1a: Farigiraf|Thunderbolt|p2b: Gyarados\n|-supereffective|p2b: Gyarados\n|-damage|p2b: Gyarados|0 fnt\n|faint|p2b: Gyarados\n|move|p2a: Iron Hands|Volt Switch|p1b: Arboliva\n|-resisted|p1b: Arboliva\n|-damage|p1b: Arboliva|57\/100\n|\n|t:|1682262076\n|-end|p2a: Iron Hands|Quark Drive|[silent]\n|switch|p2a: Flutter Mane|Flutter Mane, L50|100\/100|[from] Volt Switch\n|\n|-heal|p1b: Arboliva|63\/100|[from] Grassy Terrain\n|-heal|p1a: Farigiraf|96\/100|[from] Grassy Terrain\n|-fieldend|move: Trick Room\n|-fieldend|move: Grassy Terrain\n|upkeep\n|\n|t:|1682262084\n|switch|p2b: Iron Hands|Iron Hands, L50, tera:Grass|41\/100\n|turn|6\n|\n|t:|1682262097\n|move|p1b: Arboliva|Protect|p1b: Arboliva\n|-singleturn|p1b: Arboliva|Protect\n|move|p2a: Flutter Mane|Moonblast|p1a: Farigiraf\n|-crit|p1a: Farigiraf\n|-damage|p1a: Farigiraf|20\/100\n|-unboost|p1a: Farigiraf|spa|1\n|move|p2b: Iron Hands|Wild Charge|p1a: Farigiraf\n|-damage|p1a: Farigiraf|0 fnt\n|faint|p1a: Farigiraf\n|-damage|p2b: Iron Hands|37\/100|[from] Recoil\n|\n|upkeep\n|\n|t:|1682262112\n|switch|p1a: Azumarill|Azumarill, L50, M|100\/100\n|turn|7\n|\n|t:|1682262122\n|move|p2a: Flutter Mane|Protect|p2a: Flutter Mane\n|-singleturn|p2a: Flutter Mane|Protect\n|move|p1b: Arboliva|Protect|p1b: Arboliva\n|-singleturn|p1b: Arboliva|Protect\n|move|p2b: Iron Hands|Drain Punch|p1b: Arboliva\n|-activate|p1b: Arboliva|move: Protect\n|move|p1a: Azumarill|Ice Spinner|p2b: Iron Hands\n|-supereffective|p2b: Iron Hands\n|-damage|p2b: Iron Hands|0 fnt\n|faint|p2b: Iron Hands\n|-end|p2b: Iron Hands|Quark Drive|[silent]\n|\n|upkeep\n|turn|8\n|-message|Idk544 forfeited.\n|\n|win|B-Nut17\n|raw|B-Nut17's rating: 1235 → 1264<\/strong> (+29 for winning)\n|raw|Idk544's rating: 1289 → 1260<\/strong> (-29 for losing)\n","uploadtime":1682262149,"views":12,"p1id":"bnut17","p2id":"idk544","formatid":"gen9vgc2023regulationc","rating":1260,"private":0,"password":""}