{"id":"gen9vgc2023regulationc-1847545735","p1":"GB Seraphix","p2":"cyanatic","format":"[Gen 9] VGC 2023 Regulation C","log":"|j|\u2606GB Seraphix\n|j|\u2606cyanatic\n|t:|1681970921\n|gametype|doubles\n|player|p1|GB Seraphix|rosa|1199\n|player|p2|cyanatic|2|1112\n|teamsize|p1|6\n|teamsize|p2|6\n|gen|9\n|tier|[Gen 9] VGC 2023 Regulation C\n|rated|\n|rule|Species Clause: Limit one of each Pok\u00e9mon\n|rule|Item Clause: Limit one of each item\n|clearpoke\n|poke|p1|Chi-Yu, L50|\n|poke|p1|Dachsbun, L50, F|\n|poke|p1|Flutter Mane, L50|\n|poke|p1|Baxcalibur, L50, M|\n|poke|p1|Amoonguss, L50, M|\n|poke|p1|Rotom-Wash, L50|\n|poke|p2|Riolu, L50, F|\n|poke|p2|Ceruledge, L50, M|\n|poke|p2|Chien-Pao, L50|\n|poke|p2|Iron Bundle, L50|\n|poke|p2|Amoonguss, L50, F|\n|poke|p2|Ting-Lu, L50|\n|teampreview|4\n|\n|t:|1681970974\n|start\n|switch|p1a: Nemo|Chi-Yu, L50|100\/100\n|switch|p1b: Gardenia|Dachsbun, L50, F|100\/100\n|switch|p2a: Riolu|Riolu, L50, F|100\/100\n|switch|p2b: Ceruledge|Ceruledge, L50, M|100\/100\n|-ability|p1a: Nemo|Beads of Ruin\n|turn|1\n|\n|t:|1681971000\n|move|p2b: Ceruledge|Protect|p2b: Ceruledge\n|-singleturn|p2b: Ceruledge|Protect\n|move|p2a: Riolu|Howl|p2a: Riolu|[spread] p2a,p2b\n|-boost|p2a: Riolu|atk|1\n|-boost|p2b: Ceruledge|atk|1\n|move|p1a: Nemo|Dark Pulse|p2b: Ceruledge\n|-activate|p2b: Ceruledge|move: Protect\n|move|p1b: Gardenia|Yawn|p2a: Riolu\n|-start|p2a: Riolu|move: Yawn|[of] p1b: Gardenia\n|\n|upkeep\n|turn|2\n|\n|t:|1681971017\n|-terastallize|p2b: Ceruledge|Fairy\n|move|p2a: Riolu|Bullet Punch|p2b: Ceruledge\n|-supereffective|p2b: Ceruledge\n|-damage|p2b: Ceruledge|75\/100\n|-ability|p2b: Ceruledge|Weak Armor|boost\n|-unboost|p2b: Ceruledge|def|1\n|-boost|p2b: Ceruledge|spe|2\n|-enditem|p2b: Ceruledge|Weakness Policy\n|-boost|p2b: Ceruledge|atk|2|[from] item: Weakness Policy\n|-boost|p2b: Ceruledge|spa|2|[from] item: Weakness Policy\n|move|p2b: Ceruledge|Tera Blast|p1a: Nemo\n|-crit|p1a: Nemo\n|-damage|p1a: Nemo|0 fnt\n|faint|p1a: Nemo\n|move|p1b: Gardenia|Substitute|p1b: Gardenia\n|-start|p1b: Gardenia|Substitute\n|-damage|p1b: Gardenia|75\/100\n|\n|-heal|p1b: Gardenia|82\/100|[from] item: Leftovers\n|-end|p2a: Riolu|move: Yawn|[silent]\n|-status|p2a: Riolu|slp\n|upkeep\n|\n|t:|1681971035\n|switch|p1a: Red Sus|Amoonguss, L50, M|100\/100\n|turn|3\n|\n|t:|1681971052\n|switch|p2a: Amoonguss|Amoonguss, L50, F|100\/100\n|-terastallize|p1b: Gardenia|Steel\n|move|p2b: Ceruledge|Bitter Blade|p1a: Red Sus\n|-supereffective|p1a: Red Sus\n|-damage|p1a: Red Sus|0 fnt\n|-heal|p2b: Ceruledge|100\/100|[from] drain|[of] p1a: Red Sus\n|-damage|p2b: Ceruledge|84\/100|[from] item: Rocky Helmet|[of] p1a: Red Sus\n|faint|p1a: Red Sus\n|move|p1b: Gardenia|Body Press|p2b: Ceruledge\n|-resisted|p2b: Ceruledge\n|-crit|p2b: Ceruledge\n|-damage|p2b: Ceruledge|50\/100\n|-ability|p2b: Ceruledge|Weak Armor|boost\n|-unboost|p2b: Ceruledge|def|1\n|-boost|p2b: Ceruledge|spe|2\n|\n|-heal|p1b: Gardenia|88\/100|[from] item: Leftovers\n|upkeep\n|\n|t:|1681971069\n|switch|p1a: BB|Flutter Mane, L50|100\/100\n|-enditem|p1a: BB|Booster Energy\n|-activate|p1a: BB|ability: Protosynthesis|[fromitem]\n|-start|p1a: BB|protosynthesisspe\n|turn|4\n|\n|t:|1681971079\n|move|p1a: BB|Protect|p1a: BB\n|-singleturn|p1a: BB|Protect\n|move|p2a: Amoonguss|Rage Powder|p2a: Amoonguss\n|-singleturn|p2a: Amoonguss|move: Rage Powder\n|move|p2b: Ceruledge|Bitter Blade|p1a: BB\n|-activate|p1a: BB|move: Protect\n|move|p1b: Gardenia|Body Press|p2a: Amoonguss\n|-resisted|p2a: Amoonguss\n|-damage|p2a: Amoonguss|90\/100\n|\n|-heal|p1b: Gardenia|94\/100|[from] item: Leftovers\n|upkeep\n|turn|5\n|\n|t:|1681971099\n|move|p2a: Amoonguss|Rage Powder|p2a: Amoonguss\n|-singleturn|p2a: Amoonguss|move: Rage Powder\n|move|p2b: Ceruledge|Bitter Blade|p1a: BB\n|-damage|p1a: BB|0 fnt\n|-heal|p2b: Ceruledge|99\/100|[from] drain|[of] p1a: BB\n|faint|p1a: BB\n|-end|p1a: BB|Protosynthesis|[silent]\n|move|p1b: Gardenia|Body Press|p2a: Amoonguss\n|-resisted|p2a: Amoonguss\n|-damage|p2a: Amoonguss|77\/100\n|\n|-heal|p1b: Gardenia|99\/100|[from] item: Leftovers\n|upkeep\n|turn|6\n|-message|GB Seraphix forfeited.\n|\n|win|cyanatic\n|raw|GB Seraphix's rating: 1199 → 1168<\/strong> (-31 for losing)\n|raw|cyanatic's rating: 1112 → 1143<\/strong> (+31 for winning)\n|l|\u2606cyanatic\n","uploadtime":1681971113,"views":7,"p1id":"gbseraphix","p2id":"cyanatic","formatid":"gen9vgc2023regulationc","rating":1143,"private":0,"password":""}