{"id":"gen9vgc2023regulationc-1850991754","p1":"GrimPedia","p2":"Espada04","format":"[Gen 9] VGC 2023 Regulation C","log":"|j|\u2606GrimPedia\n|j|\u2606Espada04\n|t:|1682391137\n|gametype|doubles\n|player|p1|GrimPedia|pokemonranger-gen4|1339\n|player|p2|Espada04|colress|1411\n|teamsize|p1|6\n|teamsize|p2|6\n|gen|9\n|tier|[Gen 9] VGC 2023 Regulation C\n|rated|\n|rule|Species Clause: Limit one of each Pok\u00e9mon\n|rule|Item Clause: Limit one of each item\n|clearpoke\n|poke|p1|Ting-Lu, L50|\n|poke|p1|Iron Hands, L50|\n|poke|p1|Orthworm, L50, F|\n|poke|p1|Hatterene, L50, F|\n|poke|p1|Arcanine, L50, F|\n|poke|p1|Dragonite, L50, F|\n|poke|p2|Torkoal, L50, M|\n|poke|p2|Indeedee-F, L50, F|\n|poke|p2|Hatterene, L50, F|\n|poke|p2|Garganacl, L50, M|\n|poke|p2|Great Tusk, L50|\n|poke|p2|Chi-Yu, L50|\n|teampreview|4\n|inactive|Battle timer is ON: inactive players will automatically lose when time's up. (requested by Espada04)\n|\n|t:|1682391182\n|start\n|switch|p1a: Dragonite|Dragonite, L50, F|100\/100\n|switch|p1b: Arcanine|Arcanine, L50, F|100\/100\n|switch|p2a: Indeedee|Indeedee-F, L50, F, shiny|100\/100\n|switch|p2b: Hatterene|Hatterene, L50, F, shiny|100\/100\n|-ability|p1b: Arcanine|Intimidate|boost\n|-unboost|p2a: Indeedee|atk|1\n|-unboost|p2b: Hatterene|atk|1\n|-fieldstart|move: Psychic Terrain|[from] ability: Psychic Surge|[of] p2a: Indeedee\n|turn|1\n|\n|t:|1682391202\n|move|p2a: Indeedee|Follow Me|p2a: Indeedee\n|-singleturn|p2a: Indeedee|move: Follow Me\n|move|p1b: Arcanine|Howl|p1b: Arcanine|[spread] p1a,p1b\n|-boost|p1a: Dragonite|atk|1\n|-boost|p1b: Arcanine|atk|1\n|move|p1a: Dragonite|Dragon Dance|p1a: Dragonite\n|-boost|p1a: Dragonite|atk|1\n|-boost|p1a: Dragonite|spe|1\n|move|p2b: Hatterene|Trick Room|p2b: Hatterene\n|-fieldstart|move: Trick Room|[of] p2b: Hatterene\n|\n|upkeep\n|turn|2\n|\n|t:|1682391225\n|-terastallize|p2b: Hatterene|Fairy\n|-terastallize|p1a: Dragonite|Flying\n|move|p2b: Hatterene|Dazzling Gleam|p1b: Arcanine|[spread] p1a,p1b\n|-resisted|p1b: Arcanine\n|-damage|p1a: Dragonite|74\/100\n|-damage|p1b: Arcanine|67\/100\n|-damage|p2b: Hatterene|91\/100|[from] item: Life Orb\n|move|p2a: Indeedee|Dazzling Gleam|p1b: Arcanine|[spread] p1a,p1b\n|-resisted|p1b: Arcanine\n|-damage|p1a: Dragonite|62\/100\n|-damage|p1b: Arcanine|60\/100\n|move|p1b: Arcanine|Howl|p1b: Arcanine|[spread] p1a,p1b\n|-boost|p1a: Dragonite|atk|1\n|-boost|p1b: Arcanine|atk|1\n|move|p1a: Dragonite|Ice Spinner|p2a: Indeedee\n|-damage|p2a: Indeedee|21\/100\n|-fieldend|move: Psychic Terrain\n|\n|upkeep\n|turn|3\n|inactive|GrimPedia has 30 seconds left.\n|inactive|Espada04 has 30 seconds left.\n|\n|t:|1682391260\n|move|p2a: Indeedee|Helping Hand|p2b: Hatterene\n|-singleturn|p2b: Hatterene|Helping Hand|[of] p2a: Indeedee\n|move|p1b: Arcanine|Extreme Speed|p2b: Hatterene\n|-damage|p2b: Hatterene|33\/100\n|move|p1a: Dragonite|Extreme Speed|p2b: Hatterene\n|-damage|p2b: Hatterene|0 fnt\n|faint|p2b: Hatterene\n|\n|upkeep\n|\n|t:|1682391273\n|switch|p2b: Torkoal|Torkoal, L50, M, shiny|100\/100\n|-weather|SunnyDay|[from] ability: Drought|[of] p2b: Torkoal\n|turn|4\n|\n|t:|1682391287\n|move|p2a: Indeedee|Follow Me|p2a: Indeedee\n|-singleturn|p2a: Indeedee|move: Follow Me\n|move|p1b: Arcanine|Extreme Speed|p2a: Indeedee\n|-damage|p2a: Indeedee|0 fnt\n|faint|p2a: Indeedee\n|move|p1a: Dragonite|Extreme Speed|p2b: Torkoal\n|-damage|p2b: Torkoal|42\/100\n|move|p2b: Torkoal|Eruption|p1a: Dragonite|[spread] p1a,p1b\n|-resisted|p1b: Arcanine\n|-damage|p1a: Dragonite|22\/100\n|-damage|p1b: Arcanine|37\/100\n|\n|-weather|SunnyDay|[upkeep]\n|upkeep\n|\n|t:|1682391301\n|switch|p2a: Great Tusk|Great Tusk, L50, shiny|100\/100\n|-activate|p2a: Great Tusk|ability: Protosynthesis\n|-start|p2a: Great Tusk|protosynthesisatk\n|turn|5\n|inactive|GrimPedia has 30 seconds left.\n|\n|t:|1682391327\n|move|p1b: Arcanine|Extreme Speed|p2a: Great Tusk\n|-damage|p2a: Great Tusk|67\/100\n|move|p1a: Dragonite|Extreme Speed|p2a: Great Tusk\n|-crit|p2a: Great Tusk\n|-damage|p2a: Great Tusk|0 fnt\n|faint|p2a: Great Tusk\n|-end|p2a: Great Tusk|Protosynthesis|[silent]\n|move|p2b: Torkoal|Eruption|p1b: Arcanine|[spread] p1a,p1b\n|-crit|p1a: Dragonite\n|-resisted|p1b: Arcanine\n|-damage|p1a: Dragonite|0 fnt\n|-damage|p1b: Arcanine|11\/100\n|faint|p1a: Dragonite\n|\n|-weather|SunnyDay|[upkeep]\n|-fieldend|move: Trick Room\n|upkeep\n|-message|Espada04 forfeited.\n|\n|win|GrimPedia\n|raw|GrimPedia's rating: 1339 → 1363<\/strong> (+24 for winning)\n|raw|Espada04's rating: 1411 → 1387<\/strong> (-24 for losing)\n|l|\u2606Espada04\n","uploadtime":1682391354,"views":10,"p1id":"grimpedia","p2id":"espada04","formatid":"gen9vgc2023regulationc","rating":1363,"private":0,"password":""}