{"id":"gen9vgc2023regulationc-1857300492","p1":"SM0KESgirl","p2":"JDGaliano","format":"[Gen 9] VGC 2023 Regulation C","log":"|j|\u2606SM0KESgirl\n|j|\u2606JDGaliano\n|t:|1683169902\n|gametype|doubles\n|player|p1|SM0KESgirl|skyla|1253\n|player|p2|JDGaliano|265|1359\n|teamsize|p1|6\n|teamsize|p2|6\n|gen|9\n|tier|[Gen 9] VGC 2023 Regulation C\n|rated|\n|rule|Species Clause: Limit one of each Pok\u00e9mon\n|rule|Item Clause: Limit one of each item\n|clearpoke\n|poke|p1|Gholdengo, L50|\n|poke|p1|Murkrow, L50, M|\n|poke|p1|Baxcalibur, L50, M|\n|poke|p1|Annihilape, L50, M|\n|poke|p1|Flutter Mane, L50|\n|poke|p1|Amoonguss, L50, F|\n|poke|p2|Flutter Mane, L50|\n|poke|p2|Chi-Yu, L50|\n|poke|p2|Roaring Moon, L50|\n|poke|p2|Jumpluff, L50, F|\n|poke|p2|Wo-Chien, L50|\n|poke|p2|Torkoal, L50, M|\n|teampreview|4\n|inactive|Battle timer is ON: inactive players will automatically lose when time's up. (requested by JDGaliano)\n|\n|t:|1683169933\n|start\n|switch|p1a: Murkrow|Murkrow, L50, M|100\/100\n|switch|p1b: Baxcalibur|Baxcalibur, L50, M|100\/100\n|switch|p2a: Fluffy|Jumpluff, L50, F, shiny|100\/100\n|switch|p2b: Nightmare|Roaring Moon, L50|100\/100\n|turn|1\n|inactive|SM0KESgirl has 30 seconds left.\n|\n|t:|1683169958\n|move|p1a: Murkrow|Tailwind|p1a: Murkrow\n|-sidestart|p1: SM0KESgirl|move: Tailwind\n|move|p1b: Baxcalibur|Earthquake|p2a: Fluffy|[spread] p2b\n|-immune|p1a: Murkrow\n|-immune|p2a: Fluffy\n|-damage|p2b: Nightmare|63\/100\n|move|p2a: Fluffy|Sleep Powder|p1b: Baxcalibur\n|-status|p1b: Baxcalibur|slp|[from] move: Sleep Powder\n|move|p2b: Nightmare|Rock Slide|p1a: Murkrow|[spread] p1a,p1b\n|-supereffective|p1a: Murkrow\n|-supereffective|p1b: Baxcalibur\n|-damage|p1a: Murkrow|57\/100\n|-damage|p1b: Baxcalibur|60\/100 slp\n|\n|upkeep\n|turn|2\n|inactive|SM0KESgirl has 30 seconds left.\n|inactive|JDGaliano has 30 seconds left.\n|\n|t:|1683169990\n|-terastallize|p2b: Nightmare|Ground\n|move|p1a: Murkrow|Thunder Wave|p2a: Fluffy\n|-status|p2a: Fluffy|par\n|cant|p1b: Baxcalibur|slp\n|move|p2b: Nightmare|Rock Slide|p1a: Murkrow|[spread] p1b\n|-miss|p2b: Nightmare|p1a: Murkrow\n|-supereffective|p1b: Baxcalibur\n|-damage|p1b: Baxcalibur|22\/100 slp\n|move|p2a: Fluffy|Absorb|p2b: Nightmare\n|-supereffective|p2b: Nightmare\n|-damage|p2b: Nightmare|54\/100\n|-enditem|p2b: Nightmare|Weakness Policy\n|-boost|p2b: Nightmare|atk|2|[from] item: Weakness Policy\n|-boost|p2b: Nightmare|spa|2|[from] item: Weakness Policy\n|\n|upkeep\n|turn|3\n|inactive|SM0KESgirl has 30 seconds left.\n|inactive|SM0KESgirl has 20 seconds left.\n|\n|t:|1683170026\n|switch|p1b: Gholdengo|Gholdengo, L50|100\/100\n|move|p2a: Fluffy|Rage Powder|p2a: Fluffy\n|-singleturn|p2a: Fluffy|move: Rage Powder\n|move|p1a: Murkrow|Foul Play|p2a: Fluffy\n|-damage|p2a: Fluffy|84\/100 par\n|move|p2b: Nightmare|Rock Slide|p1b: Gholdengo|[spread] p1a,p1b\n|-supereffective|p1a: Murkrow\n|-resisted|p1b: Gholdengo\n|-damage|p1a: Murkrow|0 fnt\n|-damage|p1b: Gholdengo|77\/100\n|faint|p1a: Murkrow\n|\n|upkeep\n|\n|t:|1683170040\n|switch|p1a: Flutter Mane|Flutter Mane, L50|100\/100\n|turn|4\n|\n|t:|1683170056\n|-terastallize|p1b: Gholdengo|Steel\n|move|p2b: Nightmare|Protect|p2b: Nightmare\n|-singleturn|p2b: Nightmare|Protect\n|move|p2a: Fluffy|Protect|p2a: Fluffy\n|-singleturn|p2a: Fluffy|Protect\n|move|p1a: Flutter Mane|Dazzling Gleam|p2b: Nightmare|[spread] \n|-activate|p2a: Fluffy|move: Protect\n|-activate|p2b: Nightmare|move: Protect\n|move|p1b: Gholdengo|Make It Rain|p2b: Nightmare|[spread] \n|-activate|p2a: Fluffy|move: Protect\n|-activate|p2b: Nightmare|move: Protect\n|\n|-sideend|p1: SM0KESgirl|move: Tailwind\n|upkeep\n|turn|5\n|inactive|SM0KESgirl has 30 seconds left.\n|inactive|JDGaliano has 30 seconds left.\n|inactive|SM0KESgirl has 20 seconds left.\n|\n|t:|1683170094\n|move|p1a: Flutter Mane|Dazzling Gleam|p2a: Fluffy|[spread] p2a,p2b\n|-damage|p2a: Fluffy|51\/100 par\n|-damage|p2b: Nightmare|24\/100\n|move|p2b: Nightmare|Earthquake|p1b: Gholdengo|[spread] p1a,p1b\n|-immune|p2a: Fluffy\n|-supereffective|p1b: Gholdengo\n|-enditem|p1a: Flutter Mane|Focus Sash\n|-damage|p1a: Flutter Mane|1\/100\n|-damage|p1b: Gholdengo|0 fnt\n|faint|p1b: Gholdengo\n|cant|p2a: Fluffy|par\n|\n|upkeep\n|\n|t:|1683170106\n|switch|p1b: Baxcalibur|Baxcalibur, L50, M|22\/100 slp\n|turn|6\n|\n|t:|1683170121\n|move|p1a: Flutter Mane|Dazzling Gleam|p2a: Fluffy|[spread] p2a,p2b\n|-damage|p2a: Fluffy|18\/100 par\n|-damage|p2b: Nightmare|0 fnt\n|faint|p2b: Nightmare\n|-end|p2b: Nightmare|Protosynthesis|[silent]\n|-curestatus|p1b: Baxcalibur|slp|[msg]\n|move|p1b: Baxcalibur|Glaive Rush|p2a: Fluffy\n|-crit|p2a: Fluffy\n|-damage|p2a: Fluffy|0 fnt\n|-singlemove|p1b: Baxcalibur|Glaive Rush|[silent]\n|faint|p2a: Fluffy\n|\n|upkeep\n|\n|t:|1683170134\n|switch|p2a: Spectra|Flutter Mane, L50|100\/100\n|switch|p2b: Smoky|Torkoal, L50, M|100\/100\n|-weather|SunnyDay|[from] ability: Drought|[of] p2b: Smoky\n|-activate|p1a: Flutter Mane|ability: Protosynthesis\n|-start|p1a: Flutter Mane|protosynthesisspe\n|-activate|p2a: Spectra|ability: Protosynthesis\n|-start|p2a: Spectra|protosynthesisspa\n|turn|7\n|inactive|SM0KESgirl has 30 seconds left.\n|\n|t:|1683170162\n|move|p2b: Smoky|Helping Hand|p2a: Spectra\n|-singleturn|p2a: Spectra|Helping Hand|[of] p2b: Smoky\n|move|p1a: Flutter Mane|Imprison|p1a: Flutter Mane\n|-start|p1a: Flutter Mane|move: Imprison\n|move|p1b: Baxcalibur|Icicle Spear|p2a: Spectra\n|-damage|p2a: Spectra|82\/100\n|-damage|p2a: Spectra|63\/100\n|-hitcount|p2a: Spectra|2\n|cant|p2a: Spectra|move: Imprison|Dazzling Gleam\n|\n|-weather|SunnyDay|[upkeep]\n|upkeep\n|turn|8\n|inactive|SM0KESgirl has 30 seconds left.\n|inactive|JDGaliano has 30 seconds left.\n|-message|JDGaliano forfeited.\n|\n|win|SM0KESgirl\n|raw|SM0KESgirl's rating: 1253 → 1285<\/strong> (+32 for winning)\n|raw|JDGaliano's rating: 1359 → 1333<\/strong> (-26 for losing)\n|l|\u2606JDGaliano\n","uploadtime":1683170202,"views":13,"p1id":"sm0kesgirl","p2id":"jdgaliano","formatid":"gen9vgc2023regulationc","rating":1285,"private":0,"password":""}