{"id":"gen9vgc2023regulationc-1864065693","p1":"wudiaisuka","p2":"JoeUX9","format":"[Gen 9] VGC 2023 Regulation C","log":"|j|\u2606wudiaisuka\n|j|\u2606JoeUX9\n|t:|1684112572\n|gametype|doubles\n|player|p1|wudiaisuka|169|\n|player|p2|JoeUX9|#scl2machines|\n|teamsize|p1|6\n|teamsize|p2|6\n|gen|9\n|tier|[Gen 9] VGC 2023 Regulation C\n|rule|Species Clause: Limit one of each Pok\u00e9mon\n|rule|Item Clause: Limit one of each item\n|clearpoke\n|poke|p1|Annihilape, L50, F|\n|poke|p1|Maushold-Four, L50|\n|poke|p1|Flutter Mane, L50|\n|poke|p1|Gyarados, L50, M|\n|poke|p1|Chi-Yu, L50|\n|poke|p1|Scizor, L50, M|\n|poke|p2|Chi-Yu, L50|\n|poke|p2|Flutter Mane, L50|\n|poke|p2|Iron Hands, L50|\n|poke|p2|Tyranitar, L50, M|\n|poke|p2|Gyarados, L50, M|\n|poke|p2|Amoonguss, L50, M|\n|teampreview|4\n|c|\u2606wudiaisuka|\/log wudiaisuka made this room public.\nJoeUX9 has agreed to open team sheets.\n|c|\u2606wudiaisuka|G2\n|j| AveragePikachu\nwudiaisuka has agreed to open team sheets.\n|j| nico R0b1N\n|l| nico R0b1N\n|j| nico R0b1N\n|c|\u2606JoeUX9|Glhf\n|c|\u2606wudiaisuka|glhf\n|\n|t:|1684112915\n|start\n|switch|p1a: Chi-Yu|Chi-Yu, L50|100\/100\n|switch|p1b: Scizor|Scizor, L50, M|100\/100\n|switch|p2a: Chi-Yu|Chi-Yu, L50|100\/100\n|switch|p2b: Flutter Mane|Flutter Mane, L50|100\/100\n|-ability|p2a: Chi-Yu|Beads of Ruin\n|-ability|p1a: Chi-Yu|Beads of Ruin\n|-enditem|p2b: Flutter Mane|Booster Energy\n|-activate|p2b: Flutter Mane|ability: Protosynthesis|[fromitem]\n|-start|p2b: Flutter Mane|protosynthesisspa\n|turn|1\n|\n|t:|1684112944\n|-terastallize|p1b: Scizor|Water\n|move|p2b: Flutter Mane|Moonblast|p1a: Chi-Yu\n|-crit|p1a: Chi-Yu\n|-damage|p1a: Chi-Yu|6\/100\n|-unboost|p1a: Chi-Yu|spa|1\n|move|p2a: Chi-Yu|Heat Wave|p1b: Scizor|[spread] p1a\n|-miss|p2a: Chi-Yu|p1b: Scizor\n|-resisted|p1a: Chi-Yu\n|-damage|p1a: Chi-Yu|0 fnt\n|faint|p1a: Chi-Yu\n|-damage|p2a: Chi-Yu|91\/100|[from] item: Life Orb\n|move|p1b: Scizor|Close Combat|p2a: Chi-Yu\n|-supereffective|p2a: Chi-Yu\n|-damage|p2a: Chi-Yu|0 fnt\n|-unboost|p1b: Scizor|def|1\n|-unboost|p1b: Scizor|spd|1\n|faint|p2a: Chi-Yu\n|\n|upkeep\n|j| Ally\n|\n|t:|1684112962\n|switch|p2a: Iron Hands|Iron Hands, L50|100\/100\n|switch|p1a: Annihilape|Annihilape, L50, F|100\/100\n|turn|2\n|\n|t:|1684112979\n|move|p1a: Annihilape|Protect|p1a: Annihilape\n|-singleturn|p1a: Annihilape|Protect\n|move|p1b: Scizor|Protect|p1b: Scizor\n|-singleturn|p1b: Scizor|Protect\n|move|p2a: Iron Hands|Fake Out|p1b: Scizor\n|-activate|p1b: Scizor|move: Protect\n|move|p2b: Flutter Mane|Moonblast|p1a: Annihilape\n|-activate|p1a: Annihilape|move: Protect\n|\n|upkeep\n|turn|3\n|\n|t:|1684112991\n|move|p2b: Flutter Mane|Protect|p2b: Flutter Mane\n|-singleturn|p2b: Flutter Mane|Protect\n|move|p1b: Scizor|Bullet Punch|p2b: Flutter Mane\n|-activate|p2b: Flutter Mane|move: Protect\n|move|p1a: Annihilape|Bulk Up|p1a: Annihilape\n|-boost|p1a: Annihilape|atk|1\n|-boost|p1a: Annihilape|def|1\n|move|p2a: Iron Hands|Thunder Punch|p1b: Scizor\n|-supereffective|p1b: Scizor\n|-damage|p1b: Scizor|0 fnt\n|faint|p1b: Scizor\n|\n|upkeep\n|\n|t:|1684112996\n|switch|p1b: Maushold|Maushold-Four, L50|100\/100\n|turn|4\n|\n|t:|1684113055\n|-terastallize|p2b: Flutter Mane|Fairy\n|move|p1b: Maushold|Protect|p1b: Maushold\n|-singleturn|p1b: Maushold|Protect\n|move|p2b: Flutter Mane|Moonblast|p1a: Annihilape\n|-supereffective|p1a: Annihilape\n|-damage|p1a: Annihilape|2\/100\n|-unboost|p1a: Annihilape|spa|1\n|-ability|p1a: Annihilape|Defiant|boost\n|-boost|p1a: Annihilape|atk|2\n|-enditem|p1a: Annihilape|Sitrus Berry|[eat]\n|-heal|p1a: Annihilape|27\/100|[from] item: Sitrus Berry\n|move|p1a: Annihilape|Rage Fist|p2b: Flutter Mane\n|-damage|p2b: Flutter Mane|0 fnt\n|faint|p2b: Flutter Mane\n|-end|p2b: Flutter Mane|Protosynthesis|[silent]\n|move|p2a: Iron Hands|Swords Dance|p2a: Iron Hands\n|-boost|p2a: Iron Hands|atk|2\n|\n|upkeep\n|\n|t:|1684113061\n|switch|p2b: Amoonguss|Amoonguss, L50, M|100\/100\n|turn|5\n|c|\u2606JoeUX9|oh no\n|j|+Eeveon7\u2764\n|j| LONDONKIN\n|\n|t:|1684113105\n|move|p1b: Maushold|Follow Me|p1b: Maushold\n|-singleturn|p1b: Maushold|move: Follow Me\n|move|p2b: Amoonguss|Rage Powder|p2b: Amoonguss\n|-singleturn|p2b: Amoonguss|move: Rage Powder\n|move|p1a: Annihilape|Rage Fist|p2b: Amoonguss\n|-damage|p2b: Amoonguss|4\/100\n|-enditem|p2b: Amoonguss|Sitrus Berry|[eat]\n|-heal|p2b: Amoonguss|29\/100|[from] item: Sitrus Berry\n|move|p2a: Iron Hands|Drain Punch|p1b: Maushold\n|-supereffective|p1b: Maushold\n|-damage|p1b: Maushold|0 fnt\n|faint|p1b: Maushold\n|\n|upkeep\n|turn|6\n|l| nico R0b1N\n|\n|t:|1684113121\n|move|p2b: Amoonguss|Rage Powder|p2b: Amoonguss\n|-singleturn|p2b: Amoonguss|move: Rage Powder\n|move|p1a: Annihilape|Rage Fist|p2b: Amoonguss\n|-damage|p2b: Amoonguss|0 fnt\n|faint|p2b: Amoonguss\n|move|p2a: Iron Hands|Thunder Punch|p1a: Annihilape\n|-damage|p1a: Annihilape|0 fnt\n|faint|p1a: Annihilape\n|\n|win|JoeUX9\n|c|\u2606JoeUX9|Gg\n|c|\u2606wudiaisuka|gg\n|l|+Eeveon7\u2764\n|n| yotam|yotam\n|l| LONDONKIN\n|c|\u2606JoeUX9|Np\n|l|\u2606JoeUX9\n|l| Ally\n|j| LONDONKIN\n|l| LONDONKIN\n|l| AveragePikachu\n|j| UberVylit\n|l| UberVylit\n","uploadtime":1684114044,"views":33,"p1id":"wudiaisuka","p2id":"joeux9","formatid":"gen9vgc2023regulationc","rating":0,"private":0,"password":""}