{"id":"gen9vgc2023regulationc-1851790475","p1":"Gholdjunge","p2":"daveboy77","format":"[Gen 9] VGC 2023 Regulation C","log":"|j|\u2606Gholdjunge\n|j|\u2606daveboy77\n|t:|1682484180\n|gametype|doubles\n|player|p1|Gholdjunge|youngster-gen2|1491\n|player|p2|daveboy77|alder|1517\n|teamsize|p1|6\n|teamsize|p2|6\n|gen|9\n|tier|[Gen 9] VGC 2023 Regulation C\n|rated|\n|rule|Species Clause: Limit one of each Pok\u00e9mon\n|rule|Item Clause: Limit one of each item\n|clearpoke\n|poke|p1|Azumarill, L50, M|\n|poke|p1|Pelipper, L50, M|\n|poke|p1|Chien-Pao, L50|\n|poke|p1|Amoonguss, L50, F|\n|poke|p1|Iron Hands, L50|\n|poke|p1|Flutter Mane, L50|\n|poke|p2|Iron Treads, L50|\n|poke|p2|Rotom-Wash, L50|\n|poke|p2|Gallade, L50, M|\n|poke|p2|Gengar, L50, F|\n|poke|p2|Dragonite, L50, M|\n|poke|p2|Scovillain, L50, M|\n|teampreview|4\n|inactive|Battle timer is ON: inactive players will automatically lose when time's up. (requested by daveboy77)\n|inactive|Gholdjunge has 60 seconds left.\n|\n|t:|1682484302\n|start\n|switch|p1a: Chien-Pao|Chien-Pao, L50|100\/100\n|switch|p1b: Flutter Mane|Flutter Mane, L50|100\/100\n|switch|p2a: Dragonite|Dragonite, L50, M|100\/100\n|switch|p2b: Rotom|Rotom-Wash, L50|100\/100\n|-ability|p1a: Chien-Pao|Sword of Ruin\n|turn|1\n|inactive|Gholdjunge has 30 seconds left.\n|inactive|daveboy77 has 30 seconds left.\n|\n|t:|1682484343\n|switch|p2a: Iron Treads|Iron Treads, L50|100\/100\n|-enditem|p2a: Iron Treads|Booster Energy\n|-activate|p2a: Iron Treads|ability: Quark Drive|[fromitem]\n|-start|p2a: Iron Treads|quarkdriveatk\n|move|p1a: Chien-Pao|Protect|p1a: Chien-Pao\n|-singleturn|p1a: Chien-Pao|Protect\n|move|p1b: Flutter Mane|Dazzling Gleam|p2b: Rotom|[spread] p2a,p2b\n|-resisted|p2a: Iron Treads\n|-damage|p2a: Iron Treads|77\/100\n|-damage|p2b: Rotom|71\/100\n|move|p2b: Rotom|Discharge|p1b: Flutter Mane|[spread] p1b\n|-activate|p1a: Chien-Pao|move: Protect\n|-immune|p2a: Iron Treads\n|-damage|p1b: Flutter Mane|71\/100\n|\n|upkeep\n|turn|2\n|inactive|Gholdjunge has 30 seconds left.\n|inactive|Gholdjunge has 20 seconds left.\n|inactive|Gholdjunge has 15 seconds left.\n|\n|t:|1682484384\n|move|p1a: Chien-Pao|Sucker Punch|p2b: Rotom\n|-damage|p2b: Rotom|20\/100\n|move|p1b: Flutter Mane|Dazzling Gleam|p2b: Rotom|[spread] p2a,p2b\n|-resisted|p2a: Iron Treads\n|-damage|p2a: Iron Treads|53\/100\n|-damage|p2b: Rotom|0 fnt\n|faint|p2b: Rotom\n|move|p2a: Iron Treads|Rock Slide|p1a: Chien-Pao|[spread] p1a,p1b\n|-supereffective|p1a: Chien-Pao\n|-crit|p1b: Flutter Mane\n|-damage|p1a: Chien-Pao|27\/100\n|-damage|p1b: Flutter Mane|0 fnt\n|faint|p1b: Flutter Mane\n|-end|p1b: Flutter Mane|Protosynthesis|[silent]\n|\n|upkeep\n|\n|t:|1682484406\n|switch|p1b: Azumarill|Azumarill, L50, M|100\/100\n|switch|p2b: Dragonite|Dragonite, L50, M|100\/100\n|turn|3\n|\n|t:|1682484423\n|-terastallize|p1a: Chien-Pao|Ghost\n|move|p2b: Dragonite|Extreme Speed|p1a: Chien-Pao\n|-immune|p1a: Chien-Pao\n|move|p1b: Azumarill|Aqua Jet|p2a: Iron Treads\n|-supereffective|p2a: Iron Treads\n|-damage|p2a: Iron Treads|0 fnt\n|faint|p2a: Iron Treads\n|-end|p2a: Iron Treads|Quark Drive|[silent]\n|move|p1a: Chien-Pao|Ice Spinner|p2b: Dragonite\n|-supereffective|p2b: Dragonite\n|-damage|p2b: Dragonite|13\/100\n|\n|-heal|p2b: Dragonite|19\/100|[from] item: Leftovers\n|upkeep\n|j| Rabbihorn\n|\n|t:|1682484435\n|switch|p2a: Scovillain|Scovillain, L50, M|100\/100\n|turn|4\n|\n|t:|1682484458\n|move|p1b: Azumarill|Aqua Jet|p2a: Scovillain\n|-damage|p2a: Scovillain|57\/100\n|move|p1a: Chien-Pao|Ice Spinner|p2a: Scovillain\n|-damage|p2a: Scovillain|0 fnt\n|faint|p2a: Scovillain\n|move|p2b: Dragonite|Tailwind|p2b: Dragonite\n|-sidestart|p2: daveboy77|move: Tailwind\n|\n|-heal|p2b: Dragonite|25\/100|[from] item: Leftovers\n|upkeep\n|turn|5\n|-message|daveboy77 forfeited.\n|\n|win|Gholdjunge\n|raw|Gholdjunge's rating: 1491 → 1512<\/strong> (+21 for winning)\n|raw|daveboy77's rating: 1517 → 1496<\/strong> (-21 for losing)\n|l|\u2606daveboy77\n","uploadtime":1682484474,"views":12,"p1id":"gholdjunge","p2id":"daveboy77","formatid":"gen9vgc2023regulationc","rating":1496,"private":0,"password":""}