{"id":"gen9vgc2023regulationc-1845857785","p1":"c.blaze","p2":"PBR ESC4N0R","format":"[Gen 9] VGC 2023 Regulation C","log":"|j|\u2606c.blaze\n|j|\u2606PBR ESC4N0R\n|t:|1681772096\n|gametype|doubles\n|player|p1|c.blaze|1|1238\n|player|p2|PBR ESC4N0R|firebreather|1212\n|teamsize|p1|6\n|teamsize|p2|6\n|gen|9\n|tier|[Gen 9] VGC 2023 Regulation C\n|rated|\n|rule|Species Clause: Limit one of each Pok\u00e9mon\n|rule|Item Clause: Limit one of each item\n|clearpoke\n|poke|p1|Arcanine, L50, F|\n|poke|p1|Amoonguss, L50, M|\n|poke|p1|Baxcalibur, L50, M|\n|poke|p1|Ting-Lu, L50|\n|poke|p1|Flutter Mane, L50|\n|poke|p1|Palafin, L50, M|\n|poke|p2|Arcanine, L50, F|\n|poke|p2|Flutter Mane, L50|\n|poke|p2|Chien-Pao, L50|\n|poke|p2|Amoonguss, L50, F|\n|poke|p2|Palafin, L50, M|\n|poke|p2|Baxcalibur, L50, M|\n|teampreview|4\n|j| Ch4rl3sW\n|l| Ch4rl3sW\nc.blaze has agreed to open team sheets.\nPBR ESC4N0R has agreed to open team sheets.\n|inactive|Battle timer is ON: inactive players will automatically lose when time's up. (requested by c.blaze)\n|\n|t:|1681772193\n|start\n|switch|p1a: Arcanine|Arcanine, L50, F|100\/100\n|switch|p1b: Palafin|Palafin, L50, M|100\/100\n|switch|p2a: Amoonguss|Amoonguss, L50, F, shiny|100\/100\n|switch|p2b: Palafin|Palafin, L50, M, shiny|100\/100\n|-ability|p1a: Arcanine|Intimidate|boost\n|-unboost|p2a: Amoonguss|atk|1\n|-unboost|p2b: Palafin|atk|1\n|turn|1\n|inactive|PBR ESC4N0R has 30 seconds left.\n|\n|t:|1681772220\n|detailschange|p2b: Palafin|Palafin-Hero, L50, M, shiny\n|switch|p2b: Arcanine|Arcanine, L50, F, shiny|100\/100\n|-ability|p2b: Arcanine|Intimidate|boost\n|-unboost|p1a: Arcanine|atk|1\n|-unboost|p1b: Palafin|atk|1\n|move|p1a: Arcanine|Flare Blitz|p2a: Amoonguss\n|-supereffective|p2a: Amoonguss\n|-damage|p2a: Amoonguss|45\/100\n|-enditem|p2a: Amoonguss|Sitrus Berry|[eat]\n|-heal|p2a: Amoonguss|70\/100|[from] item: Sitrus Berry\n|-damage|p1a: Arcanine|80\/100|[from] Recoil\n|move|p1b: Palafin|Wave Crash|p2a: Amoonguss\n|-resisted|p2a: Amoonguss\n|-crit|p2a: Amoonguss\n|-damage|p2a: Amoonguss|35\/100\n|-damage|p1b: Palafin|88\/100|[from] Recoil\n|move|p2a: Amoonguss|Spore|p1b: Palafin\n|-status|p1b: Palafin|slp|[from] move: Spore\n|\n|upkeep\n|turn|2\n|\n|t:|1681772241\n|switch|p2a: Palafin|Palafin-Hero, L50, M, shiny|100\/100\n|-activate|p2a: Palafin|ability: Zero to Hero\n|move|p1a: Arcanine|Will-O-Wisp|p2a: Palafin\n|-status|p2a: Palafin|brn\n|cant|p1b: Palafin|slp\n|move|p2b: Arcanine|Howl|p2b: Arcanine|[spread] p2a,p2b\n|-boost|p2a: Palafin|atk|1\n|-boost|p2b: Arcanine|atk|1\n|\n|-damage|p2a: Palafin|95\/100 brn|[from] brn\n|upkeep\n|turn|3\n|\n|t:|1681772258\n|switch|p1a: Ting-Lu|Ting-Lu, L50|100\/100\n|-ability|p1a: Ting-Lu|Vessel of Ruin\n|-terastallize|p2a: Palafin|Water\n|move|p2a: Palafin|Jet Punch|p1a: Ting-Lu\n|-supereffective|p1a: Ting-Lu\n|-damage|p1a: Ting-Lu|42\/100\n|-enditem|p1a: Ting-Lu|Weakness Policy\n|-boost|p1a: Ting-Lu|atk|2|[from] item: Weakness Policy\n|-boost|p1a: Ting-Lu|spa|2|[from] item: Weakness Policy\n|cant|p1b: Palafin|slp\n|move|p2b: Arcanine|Howl|p2b: Arcanine|[spread] p2a,p2b\n|-boost|p2a: Palafin|atk|1\n|-boost|p2b: Arcanine|atk|1\n|\n|-damage|p2a: Palafin|89\/100 brn|[from] brn\n|upkeep\n|turn|4\n|inactive|PBR ESC4N0R has 30 seconds left.\n|inactive|c.blaze has 30 seconds left.\n|\n|t:|1681772291\n|detailschange|p1b: Palafin|Palafin-Hero, L50, M\n|switch|p1b: Arcanine|Arcanine, L50, F|80\/100\n|-ability|p1b: Arcanine|Intimidate|boost\n|-unboost|p2a: Palafin|atk|1\n|-unboost|p2b: Arcanine|atk|1\n|-terastallize|p1a: Ting-Lu|Poison\n|move|p2b: Arcanine|Extreme Speed|p1b: Arcanine\n|-damage|p1b: Arcanine|38\/100\n|move|p2a: Palafin|Jet Punch|p1a: Ting-Lu\n|-damage|p1a: Ting-Lu|14\/100\n|move|p1a: Ting-Lu|Stomping Tantrum|p2b: Arcanine\n|-supereffective|p2b: Arcanine\n|-damage|p2b: Arcanine|0 fnt\n|faint|p2b: Arcanine\n|\n|-damage|p2a: Palafin|83\/100 brn|[from] brn\n|upkeep\n|inactive|PBR ESC4N0R has 30 seconds left.\n|\n|t:|1681772318\n|switch|p2b: Amoonguss|Amoonguss, L50, F, shiny|68\/100\n|turn|5\n|inactive|PBR ESC4N0R has 30 seconds left.\n|\n|t:|1681772345\n|switch|p1b: Palafin|Palafin-Hero, L50, M|88\/100 slp\n|-activate|p1b: Palafin|ability: Zero to Hero\n|move|p2b: Amoonguss|Rage Powder|p2b: Amoonguss\n|-singleturn|p2b: Amoonguss|move: Rage Powder\n|move|p2a: Palafin|Jet Punch|p1b: Palafin\n|-resisted|p1b: Palafin\n|-damage|p1b: Palafin|68\/100 slp\n|move|p1a: Ting-Lu|Stomping Tantrum|p2b: Amoonguss\n|-damage|p2b: Amoonguss|5\/100\n|\n|-damage|p2a: Palafin|77\/100 brn|[from] brn\n|upkeep\n|turn|6\n|inactive|c.blaze has 30 seconds left.\n|\n|t:|1681772373\n|switch|p2b: Baxcalibur|Baxcalibur, L50, M|100\/100\n|cant|p1b: Palafin|slp\n|move|p2a: Palafin|Jet Punch|p1a: Ting-Lu\n|-damage|p1a: Ting-Lu|0 fnt\n|faint|p1a: Ting-Lu\n|\n|-damage|p2a: Palafin|72\/100 brn|[from] brn\n|upkeep\n|\n|t:|1681772379\n|switch|p1a: Arcanine|Arcanine, L50, F|38\/100\n|-ability|p1a: Arcanine|Intimidate|boost\n|-unboost|p2a: Palafin|atk|1\n|-unboost|p2b: Baxcalibur|atk|1\n|turn|7\n|\n|t:|1681772398\n|move|p2a: Palafin|Jet Punch|p1a: Arcanine\n|-supereffective|p1a: Arcanine\n|-damage|p1a: Arcanine|0 fnt\n|faint|p1a: Arcanine\n|-curestatus|p1b: Palafin|slp|[msg]\n|move|p1b: Palafin|Wave Crash|p2b: Baxcalibur\n|-resisted|p2b: Baxcalibur\n|-damage|p2b: Baxcalibur|55\/100\n|-damage|p1b: Palafin|53\/100|[from] Recoil\n|move|p2b: Baxcalibur|Glaive Rush|p1b: Palafin\n|-damage|p1b: Palafin|0 fnt\n|-singlemove|p2b: Baxcalibur|Glaive Rush|[silent]\n|faint|p1b: Palafin\n|-damage|p2b: Baxcalibur|45\/100|[from] item: Life Orb\n|\n|-damage|p2a: Palafin|66\/100 brn|[from] brn\n|upkeep\n|\n|t:|1681772409\n|switch|p1b: Baxcalibur|Baxcalibur, L50, M|100\/100\n|turn|8\n|\n|t:|1681772427\n|switch|p2b: Amoonguss|Amoonguss, L50, F, shiny|38\/100\n|move|p2a: Palafin|Protect|p2a: Palafin\n|-singleturn|p2a: Palafin|Protect\n|move|p1b: Baxcalibur|Icicle Crash|p2b: Amoonguss\n|-supereffective|p2b: Amoonguss\n|-damage|p2b: Amoonguss|0 fnt\n|faint|p2b: Amoonguss\n|\n|-damage|p2a: Palafin|60\/100 brn|[from] brn\n|upkeep\n|\n|t:|1681772437\n|switch|p2b: Baxcalibur|Baxcalibur, L50, M|45\/100\n|turn|9\n|\n|t:|1681772446\n|move|p2a: Palafin|Wave Crash|p1b: Baxcalibur\n|-resisted|p1b: Baxcalibur\n|-damage|p1b: Baxcalibur|72\/100\n|-damage|p2a: Palafin|50\/100 brn|[from] Recoil\n|move|p2b: Baxcalibur|Glaive Rush|p1b: Baxcalibur\n|-supereffective|p1b: Baxcalibur\n|-damage|p1b: Baxcalibur|0 fnt\n|-singlemove|p2b: Baxcalibur|Glaive Rush|[silent]\n|faint|p1b: Baxcalibur\n|-damage|p2b: Baxcalibur|35\/100|[from] item: Life Orb\n|\n|win|PBR ESC4N0R\n|raw|c.blaze's rating: 1238 → 1211<\/strong> (-27 for losing)\n|raw|PBR ESC4N0R's rating: 1212 → 1239<\/strong> (+27 for winning)\n|l|\u2606c.blaze\n","uploadtime":1681772466,"views":7,"p1id":"cblaze","p2id":"pbresc4n0r","formatid":"gen9vgc2023regulationc","rating":1211,"private":0,"password":""}