{"id":"gen9vgc2023regulationc-1845094235","p1":"t4vr","p2":"slim_reaper11","format":"[Gen 9] VGC 2023 Regulation C","log":"|j|\u2606t4vr\n|j|\u2606slim_reaper11\n|t:|1681682839\n|gametype|doubles\n|player|p1|t4vr|101|1148\n|player|p2|slim_reaper11|infielder|1169\n|teamsize|p1|6\n|teamsize|p2|6\n|gen|9\n|tier|[Gen 9] VGC 2023 Regulation C\n|rated|\n|rule|Species Clause: Limit one of each Pok\u00e9mon\n|rule|Item Clause: Limit one of each item\n|clearpoke\n|poke|p1|Wo-Chien, L50|\n|poke|p1|Gothitelle, L50, F|\n|poke|p1|Arcanine, L50, M|\n|poke|p1|Great Tusk, L50|\n|poke|p1|Palafin, L50, F|\n|poke|p1|Flutter Mane, L50|\n|poke|p2|Gallade, L50, M|\n|poke|p2|Amoonguss, L50, F|\n|poke|p2|Chien-Pao, L50|\n|poke|p2|Palafin, L50, M|\n|poke|p2|Tinkaton, L50, F|\n|poke|p2|Salamence, L50, M|\n|teampreview|4\n|inactive|Battle timer is ON: inactive players will automatically lose when time's up. (requested by t4vr)\n|\n|t:|1681682914\n|start\n|switch|p1a: Wo-Chien|Wo-Chien, L50|100\/100\n|switch|p1b: Palafin|Palafin, L50, F, shiny|100\/100\n|switch|p2a: Palafin|Palafin, L50, M|100\/100\n|switch|p2b: Tinkaton|Tinkaton, L50, F|100\/100\n|-ability|p1a: Wo-Chien|Tablets of Ruin\n|turn|1\n|inactive|slim_reaper11 has 30 seconds left.\n|\n|t:|1681682942\n|-terastallize|p2a: Palafin|Water\n|move|p1b: Palafin|Protect|p1b: Palafin\n|-singleturn|p1b: Palafin|Protect\n|move|p1a: Wo-Chien|Protect|p1a: Wo-Chien\n|-singleturn|p1a: Wo-Chien|Protect\n|move|p2b: Tinkaton|Gigaton Hammer|p1a: Wo-Chien\n|-activate|p1a: Wo-Chien|move: Protect\n|move|p2a: Palafin|Flip Turn|p1b: Palafin\n|-activate|p1b: Palafin|move: Protect\n|\n|upkeep\n|turn|2\n|c|\u2606slim_reaper11|Nice double\n|inactive|t4vr has 30 seconds left.\n|\n|t:|1681682971\n|move|p1b: Palafin|Jet Punch|p2b: Tinkaton\n|-damage|p2b: Tinkaton|75\/100\n|move|p2b: Tinkaton|Play Rough|p1a: Wo-Chien\n|-supereffective|p1a: Wo-Chien\n|-damage|p1a: Wo-Chien|57\/100\n|move|p2a: Palafin|Flip Turn|p1b: Palafin\n|-resisted|p1b: Palafin\n|-damage|p1b: Palafin|88\/100\n|\n|t:|1681682983\n|detailschange|p2a: Palafin|Palafin-Hero, L50, M, tera:Water\n|switch|p2a: Amoonguss|Amoonguss, L50, F, shiny|100\/100|[from] Flip Turn\n|move|p1a: Wo-Chien|Pollen Puff|p1b: Palafin\n|-heal|p1b: Palafin|100\/100\n|\n|-heal|p1a: Wo-Chien|63\/100|[from] item: Leftovers\n|upkeep\n|turn|3\n|\n|t:|1681683003\n|detailschange|p1b: Palafin|Palafin-Hero, L50, F, shiny\n|switch|p1b: Arcanine|Arcanine, L50, M|100\/100\n|-ability|p1b: Arcanine|Intimidate|boost\n|-unboost|p2a: Amoonguss|atk|1\n|-fail|p2b: Tinkaton|unboost|Attack|[from] ability: Own Tempo|[of] p2b: Tinkaton\n|move|p1a: Wo-Chien|Protect|p1a: Wo-Chien\n|-singleturn|p1a: Wo-Chien|Protect\n|move|p2b: Tinkaton|Play Rough|p1a: Wo-Chien\n|-activate|p1a: Wo-Chien|move: Protect\n|move|p2a: Amoonguss|Pollen Puff|p1a: Wo-Chien\n|-activate|p1a: Wo-Chien|move: Protect\n|\n|-heal|p1a: Wo-Chien|69\/100|[from] item: Leftovers\n|upkeep\n|turn|4\n|c|\u2606slim_reaper11|Outplaying me left and right\n|inactive|t4vr has 30 seconds left.\n|\n|t:|1681683035\n|switch|p2a: Salamence|Salamence, L50, M|100\/100\n|-ability|p2a: Salamence|Intimidate|boost\n|-unboost|p1a: Wo-Chien|atk|1\n|-unboost|p1b: Arcanine|atk|1\n|-terastallize|p1a: Wo-Chien|Poison\n|move|p1b: Arcanine|Will-O-Wisp|p2b: Tinkaton\n|-status|p2b: Tinkaton|brn\n|-enditem|p2b: Tinkaton|Lum Berry|[eat]\n|-curestatus|p2b: Tinkaton|brn|[msg]\n|move|p2b: Tinkaton|Play Rough|p1a: Wo-Chien\n|-resisted|p1a: Wo-Chien\n|-damage|p1a: Wo-Chien|58\/100\n|move|p1a: Wo-Chien|Leech Seed|p2b: Tinkaton\n|-start|p2b: Tinkaton|move: Leech Seed\n|\n|-heal|p1a: Wo-Chien|65\/100|[from] item: Leftovers\n|-damage|p2b: Tinkaton|62\/100|[from] Leech Seed|[of] p1a: Wo-Chien\n|-heal|p1a: Wo-Chien|76\/100|[silent]\n|upkeep\n|turn|5\n|\n|t:|1681683059\n|switch|p2b: Amoonguss|Amoonguss, L50, F, shiny|100\/100\n|move|p1a: Wo-Chien|Protect|p1a: Wo-Chien\n|-singleturn|p1a: Wo-Chien|Protect\n|move|p1b: Arcanine|Will-O-Wisp|p2b: Amoonguss\n|-status|p2b: Amoonguss|brn\n|move|p2a: Salamence|Tailwind|p2a: Salamence\n|-sidestart|p2: slim_reaper11|move: Tailwind\n|\n|-heal|p1a: Wo-Chien|82\/100|[from] item: Leftovers\n|-damage|p2b: Amoonguss|94\/100 brn|[from] brn\n|upkeep\n|turn|6\n|inactive|slim_reaper11 has 30 seconds left.\n|\n|t:|1681683090\n|move|p2a: Salamence|Air Slash|p1b: Arcanine\n|-damage|p1b: Arcanine|70\/100\n|cant|p1b: Arcanine|flinch\n|move|p2b: Amoonguss|Spore|p1a: Wo-Chien\n|-status|p1a: Wo-Chien|slp|[from] move: Spore\n|cant|p1a: Wo-Chien|slp\n|\n|-heal|p1a: Wo-Chien|89\/100 slp|[from] item: Leftovers\n|-damage|p2b: Amoonguss|88\/100 brn|[from] brn\n|upkeep\n|turn|7\n|inactive|t4vr has 30 seconds left.\n|\n|t:|1681683124\n|move|p2a: Salamence|Air Slash|p1b: Arcanine\n|-damage|p1b: Arcanine|38\/100\n|move|p1b: Arcanine|Will-O-Wisp|p2a: Salamence\n|-status|p2a: Salamence|brn\n|move|p2b: Amoonguss|Pollen Puff|p1b: Arcanine\n|-resisted|p1b: Arcanine\n|-damage|p1b: Arcanine|28\/100\n|cant|p1a: Wo-Chien|slp\n|\n|-heal|p1a: Wo-Chien|95\/100 slp|[from] item: Leftovers\n|-damage|p2a: Salamence|95\/100 brn|[from] brn\n|-damage|p2b: Amoonguss|82\/100 brn|[from] brn\n|upkeep\n|turn|8\n|\n|t:|1681683147\n|move|p1b: Arcanine|Protect|p1b: Arcanine\n|-singleturn|p1b: Arcanine|Protect\n|move|p2b: Amoonguss|Rage Powder|p2b: Amoonguss\n|-singleturn|p2b: Amoonguss|move: Rage Powder\n|move|p2a: Salamence|Air Slash|p1b: Arcanine\n|-activate|p1b: Arcanine|move: Protect\n|cant|p1a: Wo-Chien|slp\n|\n|-heal|p2a: Salamence|100\/100 brn|[from] item: Leftovers\n|-heal|p1a: Wo-Chien|100\/100 slp|[from] item: Leftovers\n|-damage|p2a: Salamence|95\/100 brn|[from] brn\n|-damage|p2b: Amoonguss|76\/100 brn|[from] brn\n|-sideend|p2: slim_reaper11|move: Tailwind\n|upkeep\n|turn|9\n|\n|t:|1681683165\n|move|p1b: Arcanine|Flare Blitz|p2b: Amoonguss\n|-supereffective|p2b: Amoonguss\n|-damage|p2b: Amoonguss|31\/100 brn\n|-damage|p1b: Arcanine|10\/100|[from] Recoil\n|move|p2a: Salamence|Air Slash|p1b: Arcanine\n|-damage|p1b: Arcanine|0 fnt\n|faint|p1b: Arcanine\n|-curestatus|p1a: Wo-Chien|slp|[msg]\n|move|p1a: Wo-Chien|Pollen Puff|p1: Arcanine|[notarget]\n|-fail|p1a: Wo-Chien\n|move|p2b: Amoonguss|Spore|p1a: Wo-Chien\n|-status|p1a: Wo-Chien|slp|[from] move: Spore\n|\n|-heal|p2a: Salamence|100\/100 brn|[from] item: Leftovers\n|-damage|p2a: Salamence|95\/100 brn|[from] brn\n|-damage|p2b: Amoonguss|25\/100 brn|[from] brn\n|upkeep\n|\n|t:|1681683187\n|switch|p1b: Great Tusk|Great Tusk, L50|100\/100\n|turn|10\n|\n|t:|1681683201\n|move|p2a: Salamence|Tailwind|p2a: Salamence\n|-sidestart|p2: slim_reaper11|move: Tailwind\n|move|p1b: Great Tusk|Ice Spinner|p2a: Salamence\n|-supereffective|p2a: Salamence\n|-damage|p2a: Salamence|9\/100 brn\n|move|p2b: Amoonguss|Leaf Storm|p1b: Great Tusk|[miss]\n|-miss|p2b: Amoonguss|p1b: Great Tusk\n|cant|p1a: Wo-Chien|slp\n|\n|-heal|p2a: Salamence|14\/100 brn|[from] item: Leftovers\n|-damage|p2a: Salamence|9\/100 brn|[from] brn\n|-damage|p2b: Amoonguss|19\/100 brn|[from] brn\n|upkeep\n|turn|11\n|\n|t:|1681683221\n|move|p2b: Amoonguss|Rage Powder|p2b: Amoonguss\n|-singleturn|p2b: Amoonguss|move: Rage Powder\n|move|p2a: Salamence|Air Slash|p1b: Great Tusk\n|-supereffective|p1b: Great Tusk\n|-damage|p1b: Great Tusk|43\/100\n|move|p1b: Great Tusk|Ice Spinner|p2b: Amoonguss\n|-supereffective|p2b: Amoonguss\n|-damage|p2b: Amoonguss|0 fnt\n|faint|p2b: Amoonguss\n|cant|p1a: Wo-Chien|slp\n|\n|-heal|p2a: Salamence|14\/100 brn|[from] item: Leftovers\n|-damage|p2a: Salamence|9\/100 brn|[from] brn\n|upkeep\n|\n|t:|1681683227\n|switch|p2b: Palafin|Palafin-Hero, L50, M, tera:Water|100\/100\n|-activate|p2b: Palafin|ability: Zero to Hero\n|turn|12\n|\n|t:|1681683242\n|-end|p1b: Great Tusk|Protosynthesis|[silent]\n|switch|p1b: Palafin|Palafin-Hero, L50, F, shiny|100\/100\n|-activate|p1b: Palafin|ability: Zero to Hero\n|move|p2a: Salamence|Air Slash|p1b: Palafin\n|-damage|p1b: Palafin|71\/100\n|move|p2b: Palafin|Wave Crash|p1a: Wo-Chien\n|-damage|p1a: Wo-Chien|34\/100 slp\n|-damage|p2b: Palafin|79\/100|[from] Recoil\n|-curestatus|p1a: Wo-Chien|slp|[msg]\n|move|p1a: Wo-Chien|Leech Seed|p2b: Palafin\n|-start|p2b: Palafin|move: Leech Seed\n|\n|-heal|p2a: Salamence|14\/100 brn|[from] item: Leftovers\n|-heal|p1a: Wo-Chien|40\/100|[from] item: Leftovers\n|-damage|p2b: Palafin|67\/100|[from] Leech Seed|[of] p1a: Wo-Chien\n|-heal|p1a: Wo-Chien|53\/100|[silent]\n|-damage|p2a: Salamence|9\/100 brn|[from] brn\n|upkeep\n|turn|13\n|\n|t:|1681683263\n|move|p1a: Wo-Chien|Protect|p1a: Wo-Chien\n|-singleturn|p1a: Wo-Chien|Protect\n|move|p1b: Palafin|Jet Punch|p2a: Salamence\n|-resisted|p2a: Salamence\n|-damage|p2a: Salamence|0 fnt\n|faint|p2a: Salamence\n|move|p2b: Palafin|Flip Turn|p1a: Wo-Chien\n|-activate|p1a: Wo-Chien|move: Protect\n|\n|-heal|p1a: Wo-Chien|59\/100|[from] item: Leftovers\n|-damage|p2b: Palafin|55\/100|[from] Leech Seed|[of] p1a: Wo-Chien\n|-heal|p1a: Wo-Chien|71\/100|[silent]\n|-sideend|p2: slim_reaper11|move: Tailwind\n|upkeep\n|\n|t:|1681683271\n|switch|p2a: Tinkaton|Tinkaton, L50, F|62\/100\n|turn|14\n|\n|t:|1681683286\n|move|p2a: Tinkaton|Fake Out|p1b: Palafin\n|-damage|p1b: Palafin|63\/100\n|move|p2b: Palafin|Wave Crash|p1a: Wo-Chien\n|-damage|p1a: Wo-Chien|3\/100\n|-damage|p2b: Palafin|32\/100|[from] Recoil\n|cant|p1b: Palafin|flinch\n|move|p1a: Wo-Chien|Foul Play|p2b: Palafin\n|-crit|p2b: Palafin\n|-damage|p2b: Palafin|0 fnt\n|faint|p2b: Palafin\n|\n|-heal|p1a: Wo-Chien|9\/100|[from] item: Leftovers\n|upkeep\n|turn|15\n|\n|t:|1681683304\n|move|p1a: Wo-Chien|Protect|p1a: Wo-Chien\n|-singleturn|p1a: Wo-Chien|Protect\n|move|p2a: Tinkaton|Foul Play|p1a: Wo-Chien\n|-activate|p1a: Wo-Chien|move: Protect\n|move|p1b: Palafin|Wave Crash|p2a: Tinkaton\n|-damage|p2a: Tinkaton|0 fnt\n|faint|p2a: Tinkaton\n|-damage|p1b: Palafin|46\/100|[from] Recoil\n|\n|win|t4vr\n|raw|t4vr's rating: 1148 → 1175<\/strong> (+27 for winning)\n|raw|slim_reaper11's rating: 1169 → 1142<\/strong> (-27 for losing)\n|l|\u2606slim_reaper11\n","uploadtime":1681683317,"views":8,"p1id":"t4vr","p2id":"slimreaper11","formatid":"gen9vgc2023regulationc","rating":1142,"private":0,"password":""}