{"id":"gen9vgc2023regulationc-1863944200","p1":"Deafmelon","p2":"sabertooth81","format":"[Gen 9] VGC 2023 Regulation C","log":"|j|\u2606Deafmelon\n|j|\u2606sabertooth81\n|t:|1684096278\n|gametype|doubles\n|player|p1|Deafmelon|265|1064\n|player|p2|sabertooth81|acetrainerf-gen4dp|1032\n|teamsize|p1|6\n|teamsize|p2|6\n|gen|9\n|tier|[Gen 9] VGC 2023 Regulation C\n|rated|\n|rule|Species Clause: Limit one of each Pok\u00e9mon\n|rule|Item Clause: Limit one of each item\n|clearpoke\n|poke|p1|Chi-Yu, L50|\n|poke|p1|Flutter Mane, L50|\n|poke|p1|Murkrow, L50, F|\n|poke|p1|Dachsbun, L50, M|\n|poke|p1|Great Tusk, L50|\n|poke|p1|Gyarados, L50, M|\n|poke|p2|Polteageist-Antique, L50|\n|poke|p2|Appletun, L50, M|\n|poke|p2|Garganacl, L50, F|\n|poke|p2|Veluza, L50, M|\n|poke|p2|Chansey, L50, F|\n|poke|p2|Vespiquen, L50, F|\n|teampreview|4\n|inactive|Battle timer is ON: inactive players will automatically lose when time's up. (requested by sabertooth81)\n|\n|t:|1684096294\n|start\n|switch|p1a: Flutter Mane|Flutter Mane, L50|100\/100\n|switch|p1b: Murkrow|Murkrow, L50, F|100\/100\n|switch|p2a: \u8336|Polteageist-Antique, L50, shiny|100\/100\n|switch|p2b: \u5375|Chansey, L50, F|100\/100\n|-enditem|p1a: Flutter Mane|Booster Energy\n|-activate|p1a: Flutter Mane|ability: Protosynthesis|[fromitem]\n|-start|p1a: Flutter Mane|protosynthesisspa\n|turn|1\n|\n|t:|1684096311\n|move|p1a: Flutter Mane|Moonblast|p2a: \u8336\n|-damage|p2a: \u8336|51\/100\n|-start|p1a: Flutter Mane|Disable|Moonblast|[from] ability: Cursed Body|[of] p2a: \u8336\n|move|p1b: Murkrow|Brave Bird|p2b: \u5375\n|-damage|p2b: \u5375|74\/100\n|-damage|p1b: Murkrow|82\/100|[from] Recoil\n|move|p2b: \u5375|Body Slam|p1b: Murkrow\n|-damage|p1b: Murkrow|73\/100\n|-status|p1b: Murkrow|par\n|move|p2a: \u8336|Trick Room|p2a: \u8336\n|-fieldstart|move: Trick Room|[of] p2a: \u8336\n|\n|upkeep\n|turn|2\n|inactive|sabertooth81 has 30 seconds left.\n|\n|t:|1684096338\n|move|p1b: Murkrow|Snarl|p2a: \u8336|[spread] p2a,p2b\n|-supereffective|p2a: \u8336\n|-damage|p2a: \u8336|33\/100\n|-damage|p2b: \u5375|71\/100\n|-unboost|p2a: \u8336|spa|1\n|-unboost|p2b: \u5375|spa|1\n|move|p2b: \u5375|Heal Pulse|p2a: \u8336\n|-heal|p2a: \u8336|84\/100\n|move|p2a: \u8336|Will-O-Wisp|p1a: Flutter Mane\n|-status|p1a: Flutter Mane|brn\n|move|p1a: Flutter Mane|Shadow Ball|p2a: \u8336\n|-supereffective|p2a: \u8336\n|-damage|p2a: \u8336|1\/100\n|\n|-damage|p1a: Flutter Mane|95\/100 brn|[from] brn\n|upkeep\n|turn|3\n|inactive|sabertooth81 has 30 seconds left.\n|\n|t:|1684096372\n|move|p1a: Flutter Mane|Protect|p1a: Flutter Mane\n|-singleturn|p1a: Flutter Mane|Protect\n|move|p2a: \u8336|Ally Switch|p2a: \u8336\n|swap|p2a: \u8336|1|[from] move: Ally Switch\n|move|p1b: Murkrow|Snarl|p2a: \u5375|[spread] p2a,p2b\n|-supereffective|p2b: \u8336\n|-damage|p2a: \u5375|67\/100\n|-damage|p2b: \u8336|0 fnt\n|-unboost|p2a: \u5375|spa|1\n|faint|p2b: \u8336\n|move|p2a: \u5375|Heal Pulse|null|[notarget]\n|-fail|p2a: \u5375\n|\n|-damage|p1a: Flutter Mane|89\/100 brn|[from] brn\n|upkeep\n|\n|t:|1684096384\n|switch|p2b: \u5869|Garganacl, L50, F|100\/100\n|turn|4\n|\n|t:|1684096399\n|cant|p1b: Murkrow|par\n|move|p2b: \u5869|Iron Defense|p2b: \u5869\n|-boost|p2b: \u5869|def|2\n|move|p2a: \u5375|Rock Slide|p1a: Flutter Mane|[spread] p1a,p1b\n|-supereffective|p1b: Murkrow\n|-damage|p1a: Flutter Mane|83\/100 brn\n|-damage|p1b: Murkrow|66\/100 par\n|cant|p1a: Flutter Mane|flinch\n|\n|-damage|p1a: Flutter Mane|77\/100 brn|[from] brn\n|-end|p1a: Flutter Mane|Disable\n|upkeep\n|turn|5\n|\n|t:|1684096423\n|move|p1a: Flutter Mane|Protect|p1a: Flutter Mane\n|-singleturn|p1a: Flutter Mane|Protect\n|move|p1b: Murkrow|Sunny Day|p1b: Murkrow\n|-weather|SunnyDay\n|move|p2b: \u5869|Salt Cure|p1a: Flutter Mane\n|-activate|p1a: Flutter Mane|move: Protect\n|move|p2a: \u5375|Soft-Boiled|p2a: \u5375\n|-heal|p2a: \u5375|100\/100\n|\n|-weather|SunnyDay|[upkeep]\n|-damage|p1a: Flutter Mane|71\/100 brn|[from] brn\n|-fieldend|move: Trick Room\n|upkeep\n|turn|6\n|\n|t:|1684096441\n|move|p1a: Flutter Mane|Moonblast|p2b: \u5869\n|-damage|p2b: \u5869|54\/100\n|move|p2a: \u5375|Heal Pulse|p2b: \u5869\n|-heal|p2b: \u5869|100\/100\n|move|p2b: \u5869|Salt Cure|p1a: Flutter Mane\n|-damage|p1a: Flutter Mane|44\/100 brn\n|-start|p1a: Flutter Mane|Salt Cure\n|cant|p1b: Murkrow|par\n|\n|-weather|SunnyDay|[upkeep]\n|-damage|p1a: Flutter Mane|38\/100 brn|[from] brn\n|-damage|p1a: Flutter Mane|26\/100 brn|[from] Salt Cure\n|upkeep\n|turn|7\n|\n|t:|1684096457\n|move|p1a: Flutter Mane|Moonblast|p2a: \u5375\n|-damage|p2a: \u5375|80\/100\n|-unboost|p2a: \u5375|spa|1\n|move|p2a: \u5375|Heal Pulse|p2b: \u5869\n|-fail|p2b: \u5869|heal\n|move|p2b: \u5869|Salt Cure|p1b: Murkrow\n|-supereffective|p1b: Murkrow\n|-damage|p1b: Murkrow|26\/100 par\n|-start|p1b: Murkrow|Salt Cure\n|move|p1b: Murkrow|Brave Bird|p2a: \u5375\n|-damage|p2a: \u5375|58\/100\n|-damage|p1b: Murkrow|11\/100 par|[from] Recoil\n|\n|-weather|SunnyDay|[upkeep]\n|-damage|p1a: Flutter Mane|20\/100 brn|[from] brn\n|-damage|p1a: Flutter Mane|8\/100 brn|[from] Salt Cure\n|-damage|p1b: Murkrow|0 fnt|[from] Salt Cure\n|faint|p1b: Murkrow\n|upkeep\n|\n|t:|1684096463\n|switch|p1b: Chi-Yu|Chi-Yu, L50|100\/100\n|-ability|p1b: Chi-Yu|Beads of Ruin\n|turn|8\n|\n|t:|1684096481\n|move|p2b: \u5869|Wide Guard|p2b: \u5869\n|-singleturn|p2b: \u5869|Wide Guard\n|move|p1a: Flutter Mane|Shadow Ball|p2b: \u5869\n|-damage|p2b: \u5869|74\/100\n|move|p1b: Chi-Yu|Lava Plume|p2a: \u5375|[spread] p1a\n|-activate|p2a: \u5375|move: Wide Guard\n|-activate|p2b: \u5869|move: Wide Guard\n|-damage|p1a: Flutter Mane|0 fnt\n|faint|p1a: Flutter Mane\n|-end|p1a: Flutter Mane|Protosynthesis|[silent]\n|-damage|p1b: Chi-Yu|90\/100|[from] item: Life Orb\n|move|p2a: \u5375|Body Slam|p1b: Chi-Yu\n|-damage|p1b: Chi-Yu|80\/100\n|\n|-weather|SunnyDay|[upkeep]\n|upkeep\n|\n|t:|1684096487\n|switch|p1a: Dachsbun|Dachsbun, L50, M|100\/100\n|turn|9\n|inactive|sabertooth81 has 30 seconds left.\n|\n|t:|1684096514\n|move|p1b: Chi-Yu|Lava Plume|p2b: \u5869|[spread] p2a,p2b\n|-ability|p1a: Dachsbun|Well-Baked Body|boost\n|-boost|p1a: Dachsbun|def|2\n|-resisted|p2b: \u5869\n|-damage|p2a: \u5375|30\/100\n|-damage|p2b: \u5869|47\/100\n|-status|p2a: \u5375|brn\n|-damage|p1b: Chi-Yu|70\/100|[from] item: Life Orb\n|move|p1a: Dachsbun|Yawn|p2b: \u5869\n|-immune|p2b: \u5869|[from] ability: Purifying Salt\n|move|p2a: \u5375|Soft-Boiled|p2a: \u5375\n|-heal|p2a: \u5375|80\/100 brn\n|move|p2b: \u5869|Body Press|p1b: Chi-Yu\n|-supereffective|p1b: Chi-Yu\n|-damage|p1b: Chi-Yu|0 fnt\n|faint|p1b: Chi-Yu\n|\n|-weather|none\n|-damage|p2a: \u5375|74\/100 brn|[from] brn\n|upkeep\n|turn|10\n|inactive|Deafmelon has 30 seconds left.\n|inactive|sabertooth81 has 30 seconds left.\n|\n|t:|1684096542\n|move|p1a: Dachsbun|Body Press|p2b: \u5869\n|-supereffective|p2b: \u5869\n|-damage|p2b: \u5869|4\/100\n|-enditem|p2b: \u5869|Weakness Policy\n|-boost|p2b: \u5869|atk|2|[from] item: Weakness Policy\n|-boost|p2b: \u5869|spa|2|[from] item: Weakness Policy\n|move|p2a: \u5375|Heal Pulse|p2b: \u5869\n|-heal|p2b: \u5869|55\/100\n|move|p2b: \u5869|Salt Cure|p1a: Dachsbun\n|-damage|p1a: Dachsbun|91\/100\n|-start|p1a: Dachsbun|Salt Cure\n|\n|-heal|p1a: Dachsbun|97\/100|[from] item: Leftovers\n|-damage|p2a: \u5375|68\/100 brn|[from] brn\n|-damage|p1a: Dachsbun|85\/100|[from] Salt Cure\n|upkeep\n|turn|11\n|-message|Deafmelon forfeited.\n|\n|win|sabertooth81\n|raw|Deafmelon's rating: 1064 → 1043<\/strong> (-21 for losing)\n|raw|sabertooth81's rating: 1032 → 1070<\/strong> (+38 for winning)\n|l|\u2606Deafmelon\n","uploadtime":1684096558,"views":10,"p1id":"deafmelon","p2id":"sabertooth81","formatid":"gen9vgc2023regulationc","rating":1043,"private":0,"password":""}