{"id":"gen9vgc2023regulationc-1849370049","p1":"R2VGC","p2":"Xeoniio","format":"[Gen 9] VGC 2023 Regulation C","log":"|j|\u2606R2VGC\n|j|\u2606Xeoniio\n|t:|1682190924\n|gametype|doubles\n|player|p1|R2VGC|170|1278\n|player|p2|Xeoniio|benga|1257\n|teamsize|p1|6\n|teamsize|p2|6\n|gen|9\n|tier|[Gen 9] VGC 2023 Regulation C\n|rated|\n|rule|Species Clause: Limit one of each Pok\u00e9mon\n|rule|Item Clause: Limit one of each item\n|clearpoke\n|poke|p1|Flutter Mane, L50|\n|poke|p1|Garganacl, L50, F|\n|poke|p1|Amoonguss, L50, M|\n|poke|p1|Palafin, L50, M|\n|poke|p1|Arcanine, L50, F|\n|poke|p1|Ting-Lu, L50|\n|poke|p2|Braviary, L50, M|\n|poke|p2|Gholdengo, L50|\n|poke|p2|Palafin, L50, M|\n|poke|p2|Chien-Pao, L50|\n|poke|p2|Stonjourner, L50, F|\n|poke|p2|Iron Hands, L50|\n|teampreview|4\nR2VGC has agreed to open team sheets.\nXeoniio has agreed to open team sheets.\n|\n|t:|1682190970\n|start\n|switch|p1a: Flutter Mane|Flutter Mane, L50|100\/100\n|switch|p1b: Palafin|Palafin, L50, M|100\/100\n|switch|p2a: Braviary|Braviary, L50, M|100\/100\n|switch|p2b: Iron Hands|Iron Hands, L50|100\/100\n|turn|1\n|\n|t:|1682191016\n|-terastallize|p2b: Iron Hands|Grass\n|move|p1b: Palafin|Protect|p1b: Palafin\n|-singleturn|p1b: Palafin|Protect\n|move|p1a: Flutter Mane|Thunderbolt|p2a: Braviary\n|-supereffective|p2a: Braviary\n|-damage|p2a: Braviary|12\/100\n|-enditem|p2a: Braviary|Sitrus Berry|[eat]\n|-heal|p2a: Braviary|37\/100|[from] item: Sitrus Berry\n|move|p2a: Braviary|Tailwind|p2a: Braviary\n|-sidestart|p2: Xeoniio|move: Tailwind\n|move|p2b: Iron Hands|Heavy Slam|p1a: Flutter Mane\n|-supereffective|p1a: Flutter Mane\n|-damage|p1a: Flutter Mane|0 fnt\n|faint|p1a: Flutter Mane\n|-end|p1a: Flutter Mane|Protosynthesis|[silent]\n|\n|upkeep\n|\n|t:|1682191031\n|switch|p1a: Amoonguss|Amoonguss, L50, M|100\/100\n|turn|2\n|\n|t:|1682191050\n|-end|p2b: Iron Hands|Quark Drive|[silent]\n|switch|p2b: Chien-Pao|Chien-Pao, L50|100\/100\n|-ability|p2b: Chien-Pao|Sword of Ruin\n|detailschange|p1b: Palafin|Palafin-Hero, L50, M\n|switch|p1b: Arcanine|Arcanine, L50, F|100\/100\n|-ability|p1b: Arcanine|Intimidate|boost\n|-unboost|p2a: Braviary|atk|1\n|-ability|p2a: Braviary|Defiant|boost\n|-boost|p2a: Braviary|atk|2\n|-unboost|p2b: Chien-Pao|atk|1\n|move|p2a: Braviary|Brave Bird|p1a: Amoonguss\n|-supereffective|p1a: Amoonguss\n|-damage|p1a: Amoonguss|0 fnt\n|-damage|p2a: Braviary|20\/100|[from] item: Rocky Helmet|[of] p1a: Amoonguss\n|faint|p1a: Amoonguss\n|-damage|p2a: Braviary|0 fnt|[from] Recoil\n|faint|p2a: Braviary\n|\n|upkeep\n|\n|t:|1682191071\n|switch|p2a: Iron Hands|Iron Hands, L50, tera:Grass|100\/100\n|switch|p1a: Palafin|Palafin-Hero, L50, M|100\/100\n|-activate|p1a: Palafin|ability: Zero to Hero\n|turn|3\n|\n|t:|1682191088\n|move|p1a: Palafin|Protect|p1a: Palafin\n|-singleturn|p1a: Palafin|Protect\n|move|p2a: Iron Hands|Fake Out|p1b: Arcanine\n|-damage|p1b: Arcanine|79\/100\n|move|p2b: Chien-Pao|Sacred Sword|p1a: Palafin\n|-activate|p1a: Palafin|move: Protect\n|cant|p1b: Arcanine|flinch\n|\n|upkeep\n|turn|4\n|\n|t:|1682191119\n|-terastallize|p1a: Palafin|Water\n|move|p1b: Arcanine|Extreme Speed|p2b: Chien-Pao\n|-damage|p2b: Chien-Pao|66\/100\n|move|p2b: Chien-Pao|Sacred Sword|p1a: Palafin\n|-damage|p1a: Palafin|67\/100\n|-damage|p2b: Chien-Pao|56\/100|[from] item: Life Orb\n|move|p2a: Iron Hands|Wild Charge|p1a: Palafin\n|-supereffective|p1a: Palafin\n|-damage|p1a: Palafin|0 fnt\n|faint|p1a: Palafin\n|-damage|p2a: Iron Hands|86\/100|[from] Recoil\n|\n|-sideend|p2: Xeoniio|move: Tailwind\n|upkeep\n|turn|5\n|\n|t:|1682191137\n|move|p2b: Chien-Pao|Sacred Sword|p1b: Arcanine\n|-damage|p1b: Arcanine|42\/100\n|-damage|p2b: Chien-Pao|47\/100|[from] item: Life Orb\n|move|p1b: Arcanine|Flare Blitz|p2a: Iron Hands\n|-supereffective|p2a: Iron Hands\n|-damage|p2a: Iron Hands|0 fnt\n|faint|p2a: Iron Hands\n|-end|p2a: Iron Hands|Quark Drive|[silent]\n|-damage|p1b: Arcanine|7\/100|[from] Recoil\n|\n|upkeep\n|\n|t:|1682191151\n|switch|p2a: Gholdengo|Gholdengo, L50|100\/100\n|turn|6\n|\n|t:|1682191166\n|move|p2b: Chien-Pao|Sucker Punch|p1b: Arcanine\n|-damage|p1b: Arcanine|0 fnt\n|faint|p1b: Arcanine\n|-damage|p2b: Chien-Pao|37\/100|[from] item: Life Orb\n|\n|win|Xeoniio\n|raw|R2VGC's rating: 1278 → 1251<\/strong> (-27 for losing)\n|raw|Xeoniio's rating: 1257 → 1284<\/strong> (+27 for winning)\n","uploadtime":1682191175,"views":10,"p1id":"r2vgc","p2id":"xeoniio","formatid":"gen9vgc2023regulationc","rating":1251,"private":0,"password":""}