{"id":"gen9vgc2023regulationc-1864030198","p1":"KhiidBrazil","p2":"tooon","format":"[Gen 9] VGC 2023 Regulation C","log":"|j|\u2606KhiidBrazil\n|j|\u2606tooon\n|t:|1684107625\n|gametype|doubles\n|player|p1|KhiidBrazil|1|1268\n|player|p2|tooon|lucas|1248\n|teamsize|p1|6\n|teamsize|p2|6\n|gen|9\n|tier|[Gen 9] VGC 2023 Regulation C\n|rated|\n|rule|Species Clause: Limit one of each Pok\u00e9mon\n|rule|Item Clause: Limit one of each item\n|clearpoke\n|poke|p1|Kingambit, L50, F|\n|poke|p1|Dragonite, L50, F|\n|poke|p1|Abomasnow, L50, F|\n|poke|p1|Great Tusk, L50|\n|poke|p1|Iron Bundle, L50|\n|poke|p1|Flutter Mane, L50|\n|poke|p2|Amoonguss, L50, M|\n|poke|p2|Corviknight, L50, F|\n|poke|p2|Great Tusk, L50|\n|poke|p2|Flutter Mane, L50|\n|poke|p2|Rotom-Wash, L50|\n|poke|p2|Arcanine, L50, F|\n|teampreview|4\ntooon has agreed to open team sheets.\n|inactive|Battle timer is ON: inactive players will automatically lose when time's up. (requested by KhiidBrazil)\nKhiidBrazil has agreed to open team sheets.\n|\n|t:|1684107678\n|start\n|switch|p1a: Abomasnow|Abomasnow, L50, F|100\/100\n|switch|p1b: Iron Bundle|Iron Bundle, L50|100\/100\n|switch|p2a: Flutter Mane|Flutter Mane, L50|100\/100\n|switch|p2b: Arcanine|Arcanine, L50, F|100\/100\n|-ability|p2b: Arcanine|Intimidate|boost\n|-unboost|p1a: Abomasnow|atk|1\n|-unboost|p1b: Iron Bundle|atk|1\n|-weather|Snow|[from] ability: Snow Warning|[of] p1a: Abomasnow\n|turn|1\n|inactive|KhiidBrazil has 30 seconds left.\n|\n|t:|1684107707\n|move|p2b: Arcanine|Extreme Speed|p1b: Iron Bundle\n|-damage|p1b: Iron Bundle|81\/100\n|move|p2a: Flutter Mane|Moonblast|p1b: Iron Bundle\n|-damage|p1b: Iron Bundle|0 fnt\n|faint|p1b: Iron Bundle\n|-end|p1b: Iron Bundle|Quark Drive|[silent]\n|-damage|p2a: Flutter Mane|91\/100|[from] item: Life Orb\n|move|p1a: Abomasnow|Aurora Veil|p1a: Abomasnow\n|-sidestart|p1: KhiidBrazil|move: Aurora Veil\n|\n|-weather|Snow|[upkeep]\n|upkeep\n|\n|t:|1684107716\n|switch|p1b: Great Tusk|Great Tusk, L50|100\/100\n|turn|2\n|inactive|KhiidBrazil has 30 seconds left.\n|\n|t:|1684107750\n|-terastallize|p1a: Abomasnow|Water\n|move|p2a: Flutter Mane|Protect|p2a: Flutter Mane\n|-singleturn|p2a: Flutter Mane|Protect\n|move|p1b: Great Tusk|Headlong Rush|p2a: Flutter Mane\n|-activate|p2a: Flutter Mane|move: Protect\n|move|p2b: Arcanine|Will-O-Wisp|p1b: Great Tusk\n|-status|p1b: Great Tusk|brn\n|move|p1a: Abomasnow|Blizzard|p2b: Arcanine|[spread] p2b\n|-activate|p2a: Flutter Mane|move: Protect\n|-resisted|p2b: Arcanine\n|-damage|p2b: Arcanine|80\/100\n|\n|-weather|Snow|[upkeep]\n|-damage|p1b: Great Tusk|95\/100 brn|[from] brn\n|upkeep\n|turn|3\n|inactive|tooon has 30 seconds left.\n|\n|t:|1684107778\n|-end|p2a: Flutter Mane|Protosynthesis|[silent]\n|switch|p2a: Amoonguss|Amoonguss, L50, M|100\/100\n|move|p1a: Abomasnow|Helping Hand|p1b: Great Tusk\n|-singleturn|p1b: Great Tusk|Helping Hand|[of] p1a: Abomasnow\n|move|p1b: Great Tusk|Headlong Rush|p2a: Amoonguss\n|-damage|p2a: Amoonguss|62\/100\n|-unboost|p1b: Great Tusk|def|1\n|-unboost|p1b: Great Tusk|spd|1\n|-damage|p1b: Great Tusk|78\/100 brn|[from] item: Rocky Helmet|[of] p2a: Amoonguss\n|move|p2b: Arcanine|Flare Blitz|p1a: Abomasnow\n|-resisted|p1a: Abomasnow\n|-damage|p1a: Abomasnow|83\/100\n|-status|p1a: Abomasnow|brn\n|-damage|p2b: Arcanine|74\/100|[from] Recoil\n|\n|-weather|Snow|[upkeep]\n|-damage|p1b: Great Tusk|73\/100 brn|[from] brn\n|-damage|p1a: Abomasnow|77\/100 brn|[from] brn\n|upkeep\n|turn|4\n|\n|t:|1684107797\n|move|p1a: Abomasnow|Helping Hand|p1b: Great Tusk\n|-singleturn|p1b: Great Tusk|Helping Hand|[of] p1a: Abomasnow\n|move|p1b: Great Tusk|Headlong Rush|p2b: Arcanine\n|-supereffective|p2b: Arcanine\n|-damage|p2b: Arcanine|0 fnt\n|-unboost|p1b: Great Tusk|def|1\n|-unboost|p1b: Great Tusk|spd|1\n|faint|p2b: Arcanine\n|move|p2a: Amoonguss|Pollen Puff|p2: Arcanine|[notarget]\n|-fail|p2a: Amoonguss\n|\n|-weather|Snow|[upkeep]\n|-damage|p1b: Great Tusk|67\/100 brn|[from] brn\n|-damage|p1a: Abomasnow|71\/100 brn|[from] brn\n|upkeep\n|\n|t:|1684107807\n|switch|p2b: Flutter Mane|Flutter Mane, L50|91\/100\n|turn|5\n|\n|t:|1684107816\n|move|p2a: Amoonguss|Rage Powder|p2a: Amoonguss\n|-singleturn|p2a: Amoonguss|move: Rage Powder\n|move|p1b: Great Tusk|Headlong Rush|p2a: Amoonguss\n|-damage|p2a: Amoonguss|39\/100\n|-unboost|p1b: Great Tusk|def|1\n|-unboost|p1b: Great Tusk|spd|1\n|-damage|p1b: Great Tusk|50\/100 brn|[from] item: Rocky Helmet|[of] p2a: Amoonguss\n|move|p2b: Flutter Mane|Moonblast|p1b: Great Tusk\n|-supereffective|p1b: Great Tusk\n|-damage|p1b: Great Tusk|0 fnt\n|faint|p1b: Great Tusk\n|-end|p1b: Great Tusk|Protosynthesis|[silent]\n|-damage|p2b: Flutter Mane|81\/100|[from] item: Life Orb\n|move|p1a: Abomasnow|Blizzard|p2b: Flutter Mane|[spread] p2a,p2b\n|-supereffective|p2a: Amoonguss\n|-damage|p2a: Amoonguss|0 fnt\n|-damage|p2b: Flutter Mane|45\/100\n|faint|p2a: Amoonguss\n|\n|-weather|none\n|-damage|p1a: Abomasnow|64\/100 brn|[from] brn\n|-sideend|p1: KhiidBrazil|move: Aurora Veil\n|upkeep\n|\n|t:|1684107833\n|switch|p1b: Dragonite|Dragonite, L50, F, shiny|100\/100\n|switch|p2a: Great Tusk|Great Tusk, L50|100\/100\n|turn|6\n|inactive|KhiidBrazil has 30 seconds left.\n|inactive|tooon has 30 seconds left.\n|inactive|KhiidBrazil has 20 seconds left.\n|inactive|tooon has 20 seconds left.\n|inactive|KhiidBrazil has 15 seconds left.\n|inactive|tooon has 15 seconds left.\n|inactive|KhiidBrazil has 10 seconds left.\n|inactive|KhiidBrazil has 5 seconds left.\n|\n|t:|1684107885\n|-terastallize|p2a: Great Tusk|Fire\n|move|p1b: Dragonite|Aqua Jet|p2a: Great Tusk\n|-supereffective|p2a: Great Tusk\n|-damage|p2a: Great Tusk|65\/100\n|move|p2a: Great Tusk|Rock Slide|p1a: Abomasnow|[spread] p1a,p1b\n|-supereffective|p1b: Dragonite\n|-damage|p1a: Abomasnow|40\/100 brn\n|-damage|p1b: Dragonite|83\/100\n|move|p2b: Flutter Mane|Dazzling Gleam|p1b: Dragonite|[spread] p1a,p1b\n|-supereffective|p1b: Dragonite\n|-damage|p1a: Abomasnow|0 fnt\n|-damage|p1b: Dragonite|16\/100\n|faint|p1a: Abomasnow\n|-damage|p2b: Flutter Mane|36\/100|[from] item: Life Orb\n|\n|upkeep\n|turn|7\n|\n|t:|1684107899\n|move|p1b: Dragonite|Aqua Jet|p2b: Flutter Mane\n|-damage|p2b: Flutter Mane|0 fnt\n|faint|p2b: Flutter Mane\n|-end|p2b: Flutter Mane|Protosynthesis|[silent]\n|move|p2a: Great Tusk|Rock Slide|p1b: Dragonite\n|-supereffective|p1b: Dragonite\n|-damage|p1b: Dragonite|0 fnt\n|faint|p1b: Dragonite\n|\n|win|tooon\n|raw|KhiidBrazil's rating: 1268 → 1242<\/strong> (-26 for losing)\n|raw|tooon's rating: 1248 → 1274<\/strong> (+26 for winning)\n","uploadtime":1684107907,"views":10,"p1id":"khiidbrazil","p2id":"tooon","formatid":"gen9vgc2023regulationc","rating":1242,"private":0,"password":""}