{"id":"gen9vgc2023regulationc-1851849001","p1":"Koruge7","p2":"gspm02","format":"[Gen 9] VGC 2023 Regulation C","log":"|j|\u2606Koruge7\n|j|\u2606gspm02\n|t:|1682494660\n|gametype|doubles\n|player|p1|Koruge7|red|1234\n|player|p2|gspm02|170|1314\n|teamsize|p1|6\n|teamsize|p2|6\n|gen|9\n|tier|[Gen 9] VGC 2023 Regulation C\n|rated|\n|rule|Species Clause: Limit one of each Pok\u00e9mon\n|rule|Item Clause: Limit one of each item\n|clearpoke\n|poke|p1|Dondozo, L50, F|\n|poke|p1|Tatsugiri-Droopy, L50, F|\n|poke|p1|Pelipper, L50, F|\n|poke|p1|Drednaw, L50, F|\n|poke|p1|Dragonite, L50, F|\n|poke|p1|Chien-Pao, L50|\n|poke|p2|Maushold-Four, L50|\n|poke|p2|Annihilape, L50, M|\n|poke|p2|Iron Bundle, L50|\n|poke|p2|Hydreigon, L50, F|\n|poke|p2|Arcanine, L50, M|\n|poke|p2|Ting-Lu, L50|\n|teampreview|4\nKoruge7 rejected open team sheets.\n|\n|t:|1682494670\n|start\n|switch|p1a: Dondozo|Dondozo, L50, F|100\/100\n|switch|p1b: Pelipper|Pelipper, L50, F|100\/100\n|switch|p2a: Maushold|Maushold-Four, L50|100\/100\n|switch|p2b: Hydreigon|Hydreigon, L50, F|100\/100\n|-weather|RainDance|[from] ability: Drizzle|[of] p1b: Pelipper\n|turn|1\n|inactive|Battle timer is ON: inactive players will automatically lose when time's up. (requested by Koruge7)\n|inactive|gspm02 also wants the timer to be on.\n|\n|t:|1682494693\n|move|p1a: Dondozo|Protect|p1a: Dondozo\n|-singleturn|p1a: Dondozo|Protect\n|move|p2a: Maushold|Follow Me|p2a: Maushold\n|-singleturn|p2a: Maushold|move: Follow Me\n|move|p2b: Hydreigon|Focus Energy|p2b: Hydreigon\n|-start|p2b: Hydreigon|move: Focus Energy\n|move|p1b: Pelipper|Tailwind|p1b: Pelipper\n|-sidestart|p1: Koruge7|move: Tailwind\n|\n|-weather|RainDance|[upkeep]\n|upkeep\n|turn|2\n|inactive|gspm02 has 30 seconds left.\n|\n|t:|1682494724\n|switch|p1b: Tatsugiri|Tatsugiri-Droopy, L50, F, shiny|100\/100\n|-activate|p1b: Tatsugiri|ability: Commander|[of] p1a: Dondozo\n|-boost|p1a: Dondozo|atk|2\n|-boost|p1a: Dondozo|spa|2\n|-boost|p1a: Dondozo|spe|2\n|-boost|p1a: Dondozo|def|2\n|-boost|p1a: Dondozo|spd|2\n|move|p2b: Hydreigon|Protect|p2b: Hydreigon\n|-singleturn|p2b: Hydreigon|Protect\n|move|p1a: Dondozo|Surf|p2b: Hydreigon|[spread] p2a\n|-miss|p1a: Dondozo|p1b: Tatsugiri\n|-activate|p2b: Hydreigon|move: Protect\n|-damage|p2a: Maushold|14\/100\n|-damage|p1a: Dondozo|91\/100|[from] item: Life Orb\n|move|p2a: Maushold|Super Fang|p1a: Dondozo\n|-damage|p1a: Dondozo|46\/100\n|\n|-weather|RainDance|[upkeep]\n|upkeep\n|turn|3\n|\n|t:|1682494746\n|move|p2a: Maushold|Protect|p2a: Maushold\n|-singleturn|p2a: Maushold|Protect\n|move|p1a: Dondozo|Surf|p2a: Maushold|[spread] p2b\n|-miss|p1a: Dondozo|p1b: Tatsugiri\n|-activate|p2a: Maushold|move: Protect\n|-resisted|p2b: Hydreigon\n|-damage|p2b: Hydreigon|70\/100\n|-damage|p1a: Dondozo|36\/100|[from] item: Life Orb\n|move|p2b: Hydreigon|Draco Meteor|p1a: Dondozo\n|-crit|p1a: Dondozo\n|-damage|p1a: Dondozo|0 fnt\n|-unboost|p2b: Hydreigon|spa|2\n|faint|p1a: Dondozo\n|\n|-weather|RainDance|[upkeep]\n|upkeep\n|\n|t:|1682494763\n|switch|p1a: Drednaw|Drednaw, L50, F|100\/100\n|turn|4\n|\n|t:|1682494785\n|move|p2a: Maushold|Protect||[still]\n|-fail|p2a: Maushold\n|move|p1a: Drednaw|Rock Slide|p2b: Hydreigon|[spread] p2a,p2b\n|-damage|p2a: Maushold|0 fnt\n|-damage|p2b: Hydreigon|37\/100\n|faint|p2a: Maushold\n|move|p1b: Tatsugiri|Muddy Water|p2b: Hydreigon\n|-resisted|p2b: Hydreigon\n|-damage|p2b: Hydreigon|6\/100\n|move|p2b: Hydreigon|Draco Meteor|p1b: Tatsugiri\n|-supereffective|p1b: Tatsugiri\n|-crit|p1b: Tatsugiri\n|-damage|p1b: Tatsugiri|0 fnt\n|-unboost|p2b: Hydreigon|spa|2\n|faint|p1b: Tatsugiri\n|\n|-weather|RainDance|[upkeep]\n|-sideend|p1: Koruge7|move: Tailwind\n|upkeep\n|\n|t:|1682494803\n|switch|p1b: Pelipper|Pelipper, L50, F|100\/100\n|switch|p2a: Iron Bundle|Iron Bundle, L50|100\/100\n|-enditem|p2a: Iron Bundle|Booster Energy\n|-activate|p2a: Iron Bundle|ability: Quark Drive|[fromitem]\n|-start|p2a: Iron Bundle|quarkdrivespe\n|turn|5\n|\n|t:|1682494813\n|move|p2b: Hydreigon|Protect|p2b: Hydreigon\n|-singleturn|p2b: Hydreigon|Protect\n|move|p2a: Iron Bundle|Freeze-Dry|p1b: Pelipper\n|-supereffective|p1b: Pelipper\n|-damage|p1b: Pelipper|0 fnt\n|faint|p1b: Pelipper\n|move|p1a: Drednaw|Rock Slide|p2a: Iron Bundle|[spread] \n|-activate|p2b: Hydreigon|move: Protect\n|-miss|p1a: Drednaw|p2a: Iron Bundle\n|\n|-weather|RainDance|[upkeep]\n|upkeep\n|turn|6\n|-message|Koruge7 forfeited.\n|\n|win|gspm02\n|raw|Koruge7's rating: 1234 → 1215<\/strong> (-19 for losing)\n|raw|gspm02's rating: 1314 → 1329<\/strong> (+15 for winning)\n|l|\u2606Koruge7\n","uploadtime":1682494834,"views":20,"p1id":"koruge7","p2id":"gspm02","formatid":"gen9vgc2023regulationc","rating":1215,"private":0,"password":""}