{"id":"gen9vgc2023regulationc-1864040122","p1":"Mistergogobe","p2":"Silencerz","format":"[Gen 9] VGC 2023 Regulation C","log":"|j|\u2606Mistergogobe\n|j|\u2606Silencerz\n|t:|1684109027\n|gametype|doubles\n|player|p1|Mistergogobe|2|1127\n|player|p2|Silencerz|musician|1190\n|teamsize|p1|6\n|teamsize|p2|6\n|gen|9\n|tier|[Gen 9] VGC 2023 Regulation C\n|rated|\n|rule|Species Clause: Limit one of each Pok\u00e9mon\n|rule|Item Clause: Limit one of each item\n|clearpoke\n|poke|p1|Garchomp, L50, F|\n|poke|p1|Kilowattrel, L50, F|\n|poke|p1|Mismagius, L50, F|\n|poke|p1|Orthworm, L50, F|\n|poke|p1|Chien-Pao, L50|\n|poke|p1|Annihilape, L50, M|\n|poke|p2|Armarouge, L50, M|\n|poke|p2|Annihilape, L50, F|\n|poke|p2|Indeedee-F, L50, F|\n|poke|p2|Kingambit, L50, M|\n|poke|p2|Torkoal, L50, F|\n|poke|p2|Meowscarada, L50, M|\n|teampreview|4\n|inactive|Battle timer is ON: inactive players will automatically lose when time's up. (requested by Silencerz)\n|inactive|Mistergogobe has 60 seconds left.\n|\n|t:|1684109066\n|start\n|switch|p1a: Garchomp|Garchomp, L50, F|100\/100\n|switch|p1b: Orthworm|Orthworm, L50, F|100\/100\n|switch|p2a: Armarouge|Armarouge, L50, M|100\/100\n|switch|p2b: Indeedee|Indeedee-F, L50, F|100\/100\n|-fieldstart|move: Psychic Terrain|[from] ability: Psychic Surge|[of] p2b: Indeedee\n|-enditem|p2b: Indeedee|Psychic Seed\n|-boost|p2b: Indeedee|spd|1|[from] item: Psychic Seed\n|turn|1\n|\n|t:|1684109083\n|move|p2b: Indeedee|Follow Me|p2b: Indeedee\n|-singleturn|p2b: Indeedee|move: Follow Me\n|move|p1a: Garchomp|Earthquake|p2b: Indeedee|[spread] p2a,p2b\n|-immune|p1b: Orthworm|[from] ability: Earth Eater\n|-supereffective|p2a: Armarouge\n|-damage|p2a: Armarouge|2\/100\n|-damage|p2b: Indeedee|45\/100\n|-damage|p1a: Garchomp|91\/100|[from] item: Life Orb\n|move|p1b: Orthworm|Iron Defense|p1b: Orthworm\n|-boost|p1b: Orthworm|def|2\n|move|p2a: Armarouge|Trick Room|p2a: Armarouge\n|-fieldstart|move: Trick Room|[of] p2a: Armarouge\n|\n|upkeep\n|turn|2\n|inactive|Silencerz has 30 seconds left.\n|\n|t:|1684109110\n|move|p2b: Indeedee|Helping Hand|p2a: Armarouge\n|-singleturn|p2a: Armarouge|Helping Hand|[of] p2b: Indeedee\n|move|p1b: Orthworm|Iron Head|p2a: Armarouge\n|-resisted|p2a: Armarouge\n|-damage|p2a: Armarouge|0 fnt\n|faint|p2a: Armarouge\n|move|p1a: Garchomp|Earthquake|p2b: Indeedee|[spread] p2b\n|-immune|p1b: Orthworm|[from] ability: Earth Eater\n|-damage|p2b: Indeedee|0 fnt\n|faint|p2b: Indeedee\n|-damage|p1a: Garchomp|81\/100|[from] item: Life Orb\n|\n|upkeep\n|\n|t:|1684109121\n|switch|p2a: Kingambit|Kingambit, L50, M|100\/100\n|switch|p2b: Torkoal|Torkoal, L50, F|100\/100\n|-weather|SunnyDay|[from] ability: Drought|[of] p2b: Torkoal\n|turn|3\n|\n|t:|1684109144\n|-terastallize|p2a: Kingambit|Dark\n|-terastallize|p1b: Orthworm|Fighting\n|move|p2b: Torkoal|Eruption|p1b: Orthworm|[spread] p1a,p1b\n|-resisted|p1a: Garchomp\n|-damage|p1a: Garchomp|34\/100\n|-damage|p1b: Orthworm|0 fnt\n|faint|p1b: Orthworm\n|move|p2a: Kingambit|Swords Dance|p2a: Kingambit\n|-boost|p2a: Kingambit|atk|2\n|move|p1a: Garchomp|Earthquake|p2b: Torkoal|[spread] p2a,p2b\n|-supereffective|p2b: Torkoal\n|-damage|p2a: Kingambit|66\/100\n|-damage|p2b: Torkoal|17\/100\n|-damage|p1a: Garchomp|25\/100|[from] item: Life Orb\n|\n|-weather|SunnyDay|[upkeep]\n|upkeep\n|\n|t:|1684109154\n|switch|p1b: Mismagius|Mismagius, L50, F|100\/100\n|turn|4\n|\n|t:|1684109168\n|move|p1a: Garchomp|Protect|p1a: Garchomp\n|-singleturn|p1a: Garchomp|Protect\n|move|p2b: Torkoal|Heat Wave|p1a: Garchomp|[spread] p1b\n|-activate|p1a: Garchomp|move: Protect\n|-damage|p1b: Mismagius|39\/100\n|move|p2a: Kingambit|Kowtow Cleave|p1b: Mismagius\n|-supereffective|p1b: Mismagius\n|-damage|p1b: Mismagius|0 fnt\n|faint|p1b: Mismagius\n|\n|-weather|SunnyDay|[upkeep]\n|upkeep\n|\n|t:|1684109177\n|switch|p1b: Chien-Pao|Chien-Pao, L50|100\/100\n|-ability|p1b: Chien-Pao|Sword of Ruin\n|turn|5\n|\n|t:|1684109189\n|move|p2b: Torkoal|Heat Wave|p1a: Garchomp|[spread] p1a,p1b\n|-resisted|p1a: Garchomp\n|-supereffective|p1b: Chien-Pao\n|-damage|p1a: Garchomp|0 fnt\n|-damage|p1b: Chien-Pao|0 fnt\n|faint|p1a: Garchomp\n|faint|p1b: Chien-Pao\n|\n|win|Silencerz\n|raw|Mistergogobe's rating: 1127 → 1106<\/strong> (-21 for losing)\n|raw|Silencerz's rating: 1190 → 1211<\/strong> (+21 for winning)\n|l|\u2606Mistergogobe\n","uploadtime":1684109204,"views":4,"p1id":"mistergogobe","p2id":"silencerz","formatid":"gen9vgc2023regulationc","rating":1106,"private":0,"password":""}