{"id":"gen9vgc2023regulationc-1845982540","p1":"Blazeras","p2":"BassedNuggz","format":"[Gen 9] VGC 2023 Regulation C","log":"|j|\u2606Blazeras\n|j|\u2606BassedNuggz\n|t:|1681787029\n|gametype|doubles\n|player|p1|Blazeras|red|1114\n|player|p2|BassedNuggz|guitarist-gen4|1036\n|teamsize|p1|6\n|teamsize|p2|6\n|gen|9\n|tier|[Gen 9] VGC 2023 Regulation C\n|rated|\n|rule|Species Clause: Limit one of each Pok\u00e9mon\n|rule|Item Clause: Limit one of each item\n|clearpoke\n|poke|p1|Flutter Mane, L50|\n|poke|p1|Sableye, L50, M|\n|poke|p1|Arcanine, L50, F|\n|poke|p1|Amoonguss, L50, M|\n|poke|p1|Baxcalibur, L50, M|\n|poke|p1|Ting-Lu, L50|\n|poke|p2|Gastrodon-East, L50, F|\n|poke|p2|Cacturne, L50, M|\n|poke|p2|Ceruledge, L50, M|\n|poke|p2|Bruxish, L50, F|\n|poke|p2|Brute Bonnet, L50|\n|poke|p2|Great Tusk, L50|\n|teampreview|4\n|inactive|Battle timer is ON: inactive players will automatically lose when time's up. (requested by Blazeras)\nBlazeras rejected open team sheets.\n|\n|t:|1681787063\n|start\n|switch|p1a: Sableye|Sableye, L50, M|100\/100\n|switch|p1b: Arcanine|Arcanine, L50, F|100\/100\n|switch|p2a: Slay|Bruxish, L50, F|100\/100\n|switch|p2b: Blue Protoman|Ceruledge, L50, M|100\/100\n|-ability|p1b: Arcanine|Intimidate|boost\n|-unboost|p2a: Slay|atk|1\n|-unboost|p2b: Blue Protoman|atk|1\n|turn|1\n|inactive|Blazeras has 30 seconds left.\n|inactive|BassedNuggz has 30 seconds left.\n|inactive|Blazeras has 20 seconds left.\n|\n|t:|1681787100\n|switch|p2b: In-Denture-d|Great Tusk, L50|100\/100\n|-enditem|p2b: In-Denture-d|Booster Energy\n|-activate|p2b: In-Denture-d|ability: Protosynthesis|[fromitem]\n|-start|p2b: In-Denture-d|protosynthesisatk\n|move|p1b: Arcanine|Protect|p1b: Arcanine\n|-singleturn|p1b: Arcanine|Protect\n|move|p1a: Sableye|Reflect|p1a: Sableye\n|-sidestart|p1: Blazeras|Reflect\n|move|p2a: Slay|Reflect|p2a: Slay\n|-sidestart|p2: BassedNuggz|Reflect\n|\n|upkeep\n|turn|2\n|inactive|BassedNuggz has 30 seconds left.\n|\n|t:|1681787126\n|switch|p1b: Baxcalibur|Baxcalibur, L50, M|100\/100\n|move|p1a: Sableye|Will-O-Wisp||[still]\n|cant|p2a: Slay|ability: Dazzling|Will-O-Wisp|[of] p1a: Sableye\n|move|p2b: In-Denture-d|Headlong Rush|p1b: Baxcalibur\n|-damage|p1b: Baxcalibur|57\/100\n|-unboost|p2b: In-Denture-d|def|1\n|-unboost|p2b: In-Denture-d|spd|1\n|move|p2a: Slay|Light Screen|p2a: Slay\n|-sidestart|p2: BassedNuggz|move: Light Screen\n|\n|upkeep\n|turn|3\n|inactive|Blazeras has 30 seconds left.\n|\n|t:|1681787158\n|move|p1a: Sableye|Light Screen|p1a: Sableye\n|-sidestart|p1: Blazeras|move: Light Screen\n|move|p2b: In-Denture-d|Iron Head|p1b: Baxcalibur\n|-supereffective|p1b: Baxcalibur\n|-damage|p1b: Baxcalibur|18\/100\n|move|p2a: Slay|Disable|p1a: Sableye\n|-start|p1a: Sableye|Disable|Light Screen\n|cant|p1b: Baxcalibur|flinch\n|\n|upkeep\n|turn|4\n|inactive|BassedNuggz has 30 seconds left.\n|\n|t:|1681787192\n|switch|p2a: Blue Protoman|Ceruledge, L50, M|100\/100\n|move|p1b: Baxcalibur|Ice Shard|p2b: In-Denture-d\n|-supereffective|p2b: In-Denture-d\n|-damage|p2b: In-Denture-d|65\/100\n|move|p1a: Sableye|Will-O-Wisp|p2b: In-Denture-d\n|-status|p2b: In-Denture-d|brn\n|move|p2b: In-Denture-d|Rock Slide|p1a: Sableye|[spread] p1a,p1b\n|-supereffective|p1b: Baxcalibur\n|-damage|p1a: Sableye|91\/100\n|-damage|p1b: Baxcalibur|2\/100\n|-enditem|p1a: Sableye|Eject Button\n|\n|t:|1681787207\n|switch|p1a: Arcanine|Arcanine, L50, F|100\/100\n|-ability|p1a: Arcanine|Intimidate|boost\n|-unboost|p2a: Blue Protoman|atk|1\n|-unboost|p2b: In-Denture-d|atk|1\n|\n|-damage|p2b: In-Denture-d|59\/100 brn|[from] brn\n|upkeep\n|turn|5\n|inactive|BassedNuggz has 30 seconds left.\n|\n|t:|1681787232\n|-end|p2b: In-Denture-d|Protosynthesis|[silent]\n|switch|p2b: Slay|Bruxish, L50, F|100\/100\n|move|p1a: Arcanine|Protect|p1a: Arcanine\n|-singleturn|p1a: Arcanine|Protect\n|move|p1b: Baxcalibur|Ice Shard||[still]\n|cant|p2b: Slay|ability: Dazzling|Ice Shard|[of] p1b: Baxcalibur\n|move|p2a: Blue Protoman|Iron Head|p1b: Baxcalibur\n|-supereffective|p1b: Baxcalibur\n|-damage|p1b: Baxcalibur|0 fnt\n|faint|p1b: Baxcalibur\n|\n|-sideend|p1: Blazeras|Reflect\n|upkeep\n|\n|t:|1681787253\n|switch|p1b: Sableye|Sableye, L50, M|91\/100\n|turn|6\n|inactive|BassedNuggz has 30 seconds left.\n|inactive|BassedNuggz has 20 seconds left.\n|inactive|BassedNuggz has 15 seconds left.\n|\n|t:|1681787293\n|move|p1a: Arcanine|Extreme Speed||[still]\n|cant|p2b: Slay|ability: Dazzling|Extreme Speed|[of] p1a: Arcanine\n|move|p1b: Sableye|Reflect|p1b: Sableye\n|-sidestart|p1: Blazeras|Reflect\n|move|p2b: Slay|Disable|p1a: Arcanine\n|-start|p1a: Arcanine|Disable|Extreme Speed\n|move|p2a: Blue Protoman|Poison Jab|p1b: Sableye\n|-resisted|p1b: Sableye\n|-damage|p1b: Sableye|84\/100\n|\n|upkeep\n|turn|7\n|inactive|Blazeras has 30 seconds left.\n|\n|t:|1681787326\n|switch|p1a: Flutter Mane|Flutter Mane, L50|100\/100\n|move|p2a: Blue Protoman|Shadow Sneak|p1a: Flutter Mane\n|-supereffective|p1a: Flutter Mane\n|-damage|p1a: Flutter Mane|63\/100\n|move|p1b: Sableye|Thunder Wave||[still]\n|cant|p2b: Slay|ability: Dazzling|Thunder Wave|[of] p1b: Sableye\n|move|p2b: Slay|Super Fang|p1a: Flutter Mane\n|-immune|p1a: Flutter Mane\n|\n|-sideend|p1: Blazeras|move: Light Screen\n|upkeep\n|turn|8\n|inactive|BassedNuggz has 30 seconds left.\n|\n|t:|1681787355\n|-terastallize|p1a: Flutter Mane|Fairy\n|-terastallize|p2a: Blue Protoman|Poison\n|move|p1b: Sableye|Thunder Wave||[still]\n|cant|p2b: Slay|ability: Dazzling|Thunder Wave|[of] p1b: Sableye\n|move|p1a: Flutter Mane|Shadow Ball|p2a: Blue Protoman\n|-damage|p2a: Blue Protoman|65\/100\n|move|p2b: Slay|Disable|p1b: Sableye\n|-start|p1b: Sableye|Disable|Thunder Wave\n|move|p2a: Blue Protoman|Poison Jab|p1a: Flutter Mane\n|-supereffective|p1a: Flutter Mane\n|-damage|p1a: Flutter Mane|0 fnt\n|faint|p1a: Flutter Mane\n|-end|p1a: Flutter Mane|Protosynthesis|[silent]\n|\n|-sideend|p2: BassedNuggz|Reflect\n|upkeep\n|\n|t:|1681787371\n|switch|p1a: Arcanine|Arcanine, L50, F|100\/100\n|-ability|p1a: Arcanine|Intimidate|boost\n|-unboost|p2a: Blue Protoman|atk|1\n|-unboost|p2b: Slay|atk|1\n|turn|9\n|\n|t:|1681787384\n|move|p1a: Arcanine|Extreme Speed||[still]\n|cant|p2b: Slay|ability: Dazzling|Extreme Speed|[of] p1a: Arcanine\n|move|p1b: Sableye|Light Screen|p1b: Sableye\n|-sidestart|p1: Blazeras|move: Light Screen\n|move|p2b: Slay|Reflect|p2b: Slay\n|-sidestart|p2: BassedNuggz|Reflect\n|move|p2a: Blue Protoman|Bitter Blade|p1b: Sableye\n|-damage|p1b: Sableye|65\/100\n|-heal|p2a: Blue Protoman|75\/100|[from] drain|[of] p1b: Sableye\n|\n|-sideend|p2: BassedNuggz|move: Light Screen\n|upkeep\n|turn|10\n|\n|t:|1681787401\n|move|p1b: Sableye|Will-O-Wisp||[still]\n|cant|p2b: Slay|ability: Dazzling|Will-O-Wisp|[of] p1b: Sableye\n|move|p1a: Arcanine|Flare Blitz|p2a: Blue Protoman\n|-start|p2a: Blue Protoman|ability: Flash Fire\n|move|p2b: Slay|Light Screen|p2b: Slay\n|-sidestart|p2: BassedNuggz|move: Light Screen\n|move|p2a: Blue Protoman|Bitter Blade|p1b: Sableye\n|-damage|p1b: Sableye|35\/100\n|-heal|p2a: Blue Protoman|91\/100|[from] drain|[of] p1b: Sableye\n|\n|-sideend|p1: Blazeras|Reflect\n|upkeep\n|turn|11\n|-message|Blazeras forfeited.\n|\n|win|BassedNuggz\n|raw|Blazeras's rating: 1114 → 1083<\/strong> (-31 for losing)\n|raw|BassedNuggz's rating: 1036 → 1078<\/strong> (+42 for winning)\n|l|\u2606Blazeras\n","uploadtime":1681787447,"views":10,"p1id":"blazeras","p2id":"bassednuggz","formatid":"gen9vgc2023regulationc","rating":1078,"private":0,"password":""}