{"id":"gen9vgc2023regulationc-1852493854","p1":"seung2742","p2":"BURANYA","format":"[Gen 9] VGC 2023 Regulation C","log":"|j|\u2606seung2742\n|j|\u2606BURANYA\n|t:|1682564927\n|gametype|doubles\n|player|p1|seung2742|101|1367\n|player|p2|BURANYA|alder|1266\n|teamsize|p1|6\n|teamsize|p2|6\n|gen|9\n|tier|[Gen 9] VGC 2023 Regulation C\n|rated|\n|rule|Species Clause: Limit one of each Pok\u00e9mon\n|rule|Item Clause: Limit one of each item\n|clearpoke\n|poke|p1|Amoonguss, L50, F|\n|poke|p1|Garchomp, L50, F|\n|poke|p1|Iron Bundle, L50|\n|poke|p1|Flutter Mane, L50|\n|poke|p1|Gyarados, L50, M|\n|poke|p1|Arcanine, L50, M|\n|poke|p2|Slither Wing, L50|\n|poke|p2|Iron Bundle, L50|\n|poke|p2|Arcanine, L50, F|\n|poke|p2|Amoonguss, L50, F|\n|poke|p2|Kingambit, L50, F|\n|poke|p2|Flutter Mane, L50|\n|teampreview|4\n|inactive|Battle timer is ON: inactive players will automatically lose when time's up. (requested by seung2742)\n|inactive|seung2742 has 60 seconds left.\n|\n|t:|1682564979\n|start\n|switch|p1a: Flutter Mane|Flutter Mane, L50|100\/100\n|switch|p1b: Iron Bundle|Iron Bundle, L50|100\/100\n|switch|p2a: Iron Bundle|Iron Bundle, L50|100\/100\n|switch|p2b: Slither Wing|Slither Wing, L50|100\/100\n|-enditem|p1b: Iron Bundle|Booster Energy\n|-activate|p1b: Iron Bundle|ability: Quark Drive|[fromitem]\n|-start|p1b: Iron Bundle|quarkdrivespe\n|-enditem|p2a: Iron Bundle|Booster Energy\n|-activate|p2a: Iron Bundle|ability: Quark Drive|[fromitem]\n|-start|p2a: Iron Bundle|quarkdrivespe\n|turn|1\n|\n|t:|1682564995\n|-terastallize|p2b: Slither Wing|Fire\n|move|p1b: Iron Bundle|Icy Wind|p2a: Iron Bundle|[spread] p2a,p2b\n|-resisted|p2a: Iron Bundle\n|-resisted|p2b: Slither Wing\n|-damage|p2a: Iron Bundle|91\/100\n|-damage|p2b: Slither Wing|91\/100\n|-unboost|p2a: Iron Bundle|spe|1\n|move|p1a: Flutter Mane|Moonblast|p2b: Slither Wing\n|-resisted|p2b: Slither Wing\n|-damage|p2b: Slither Wing|64\/100\n|move|p2a: Iron Bundle|Icy Wind|p1b: Iron Bundle|[spread] p1a,p1b\n|-resisted|p1b: Iron Bundle\n|-damage|p1a: Flutter Mane|77\/100\n|-damage|p1b: Iron Bundle|91\/100\n|-unboost|p1a: Flutter Mane|spe|1\n|-unboost|p1b: Iron Bundle|spe|1\n|move|p2b: Slither Wing|Flare Blitz|p1a: Flutter Mane\n|-damage|p1a: Flutter Mane|0 fnt\n|faint|p1a: Flutter Mane\n|-end|p1a: Flutter Mane|Protosynthesis|[silent]\n|-damage|p2b: Slither Wing|43\/100|[from] Recoil\n|\n|upkeep\n|\n|t:|1682565013\n|switch|p1a: Arcanine|Arcanine, L50, M|100\/100\n|-ability|p1a: Arcanine|Intimidate|boost\n|-unboost|p2a: Iron Bundle|atk|1\n|-fail|p2b: Slither Wing|unboost|[from] item: Clear Amulet|[of] p2b: Slither Wing\n|turn|2\n|\n|t:|1682565024\n|move|p2b: Slither Wing|Protect|p2b: Slither Wing\n|-singleturn|p2b: Slither Wing|Protect\n|move|p1a: Arcanine|Extreme Speed|p2b: Slither Wing\n|-activate|p2b: Slither Wing|move: Protect\n|move|p1b: Iron Bundle|Freeze-Dry|p2a: Iron Bundle\n|-damage|p2a: Iron Bundle|23\/100\n|move|p2a: Iron Bundle|Icy Wind|p1b: Iron Bundle|[spread] p1a,p1b\n|-resisted|p1a: Arcanine\n|-resisted|p1b: Iron Bundle\n|-damage|p1a: Arcanine|88\/100\n|-damage|p1b: Iron Bundle|81\/100\n|-unboost|p1a: Arcanine|spe|1\n|-unboost|p1b: Iron Bundle|spe|1\n|\n|upkeep\n|turn|3\n|\n|t:|1682565041\n|-end|p2a: Iron Bundle|Quark Drive|[silent]\n|switch|p2a: Arcanine|Arcanine, L50, F|100\/100\n|-ability|p2a: Arcanine|Intimidate|boost\n|-unboost|p1a: Arcanine|atk|1\n|-unboost|p1b: Iron Bundle|atk|1\n|move|p1a: Arcanine|Extreme Speed|p2b: Slither Wing\n|-damage|p2b: Slither Wing|22\/100\n|move|p1b: Iron Bundle|Freeze-Dry|p2a: Arcanine\n|-resisted|p2a: Arcanine\n|-damage|p2a: Arcanine|83\/100\n|move|p2b: Slither Wing|Close Combat|p1b: Iron Bundle\n|-supereffective|p1b: Iron Bundle\n|-damage|p1b: Iron Bundle|0 fnt\n|-unboost|p2b: Slither Wing|def|1\n|-unboost|p2b: Slither Wing|spd|1\n|faint|p1b: Iron Bundle\n|-end|p1b: Iron Bundle|Quark Drive|[silent]\n|\n|upkeep\n|\n|t:|1682565051\n|switch|p1b: Gyarados|Gyarados, L50, M|100\/100\n|-ability|p1b: Gyarados|Intimidate|boost\n|-unboost|p2a: Arcanine|atk|1\n|-fail|p2b: Slither Wing|unboost|[from] item: Clear Amulet|[of] p2b: Slither Wing\n|turn|4\n|\n|t:|1682565063\n|switch|p2a: Amoonguss|Amoonguss, L50, F|100\/100\n|move|p2b: Slither Wing|Protect|p2b: Slither Wing\n|-singleturn|p2b: Slither Wing|Protect\n|move|p1b: Gyarados|Waterfall|p2a: Amoonguss\n|-resisted|p2a: Amoonguss\n|-damage|p2a: Amoonguss|84\/100\n|-damage|p1b: Gyarados|84\/100|[from] item: Rocky Helmet|[of] p2a: Amoonguss\n|move|p1a: Arcanine|Howl|p1a: Arcanine|[spread] p1a,p1b\n|-boost|p1a: Arcanine|atk|1\n|-boost|p1b: Gyarados|atk|1\n|\n|upkeep\n|turn|5\n|\n|t:|1682565074\n|-end|p2b: Slither Wing|Protosynthesis|[silent]\n|switch|p2b: Arcanine|Arcanine, L50, F|83\/100\n|-ability|p2b: Arcanine|Intimidate|boost\n|-unboost|p1a: Arcanine|atk|1\n|-unboost|p1b: Gyarados|atk|1\n|move|p1a: Arcanine|Extreme Speed|p2b: Arcanine\n|-damage|p2b: Arcanine|64\/100\n|move|p1b: Gyarados|Dragon Dance|p1b: Gyarados\n|-boost|p1b: Gyarados|atk|1\n|-boost|p1b: Gyarados|spe|1\n|move|p2a: Amoonguss|Spore|p1b: Gyarados\n|-activate|p1b: Gyarados|item: Safety Goggles|Spore\n|\n|upkeep\n|turn|6\n|\n|t:|1682565093\n|move|p2a: Amoonguss|Protect|p2a: Amoonguss\n|-singleturn|p2a: Amoonguss|Protect\n|move|p1b: Gyarados|Waterfall|p2b: Arcanine\n|-supereffective|p2b: Arcanine\n|-damage|p2b: Arcanine|0 fnt\n|faint|p2b: Arcanine\n|move|p1a: Arcanine|Howl|p1a: Arcanine|[spread] p1a,p1b\n|-boost|p1a: Arcanine|atk|1\n|-boost|p1b: Gyarados|atk|1\n|\n|upkeep\n|\n|t:|1682565098\n|switch|p2b: Iron Bundle|Iron Bundle, L50|23\/100\n|turn|7\n|\n|t:|1682565106\n|-terastallize|p1b: Gyarados|Flying\n|move|p1a: Arcanine|Extreme Speed|p2b: Iron Bundle\n|-damage|p2b: Iron Bundle|0 fnt\n|faint|p2b: Iron Bundle\n|-end|p2b: Iron Bundle|Quark Drive|[silent]\n|move|p2a: Amoonguss|Rage Powder|p2a: Amoonguss\n|-singleturn|p2a: Amoonguss|move: Rage Powder\n|move|p1b: Gyarados|Tera Blast|p2a: Amoonguss\n|-supereffective|p2a: Amoonguss\n|-damage|p2a: Amoonguss|0 fnt\n|faint|p2a: Amoonguss\n|\n|upkeep\n|-message|BURANYA forfeited.\n|\n|win|seung2742\n|raw|seung2742's rating: 1367 → 1381<\/strong> (+14 for winning)\n|raw|BURANYA's rating: 1266 → 1248<\/strong> (-18 for losing)\n|l|\u2606BURANYA\n","uploadtime":1682565119,"views":9,"p1id":"seung2742","p2id":"buranya","formatid":"gen9vgc2023regulationc","rating":1248,"private":0,"password":""}