{"id":"gen9vgc2023regulationc-1849441526","p1":"PurpleStyle","p2":"Heaven64","format":"[Gen 9] VGC 2023 Regulation C","log":"|j|\u2606PurpleStyle\n|j|\u2606Heaven64\n|t:|1682198866\n|gametype|doubles\n|player|p1|PurpleStyle|pokefan|\n|player|p2|Heaven64|leaf-masters|\n|teamsize|p1|6\n|teamsize|p2|6\n|gen|9\n|tier|[Gen 9] VGC 2023 Regulation C\n|rule|Species Clause: Limit one of each Pok\u00e9mon\n|rule|Item Clause: Limit one of each item\n|clearpoke\n|poke|p1|Flutter Mane, L50|\n|poke|p1|Crocalor, L50, F|\n|poke|p1|Indeedee, L50, M|\n|poke|p1|Drifblim, L50, M|\n|poke|p1|Donphan, L50, M|\n|poke|p1|Hydreigon, L50, F|\n|poke|p2|Gholdengo, L50|\n|poke|p2|Grimmsnarl, L50, M|\n|poke|p2|Noivern, L50, M|\n|poke|p2|Tauros-Paldea-Aqua, L50, M|\n|poke|p2|Veluza, L50, M|\n|poke|p2|Zangoose, L50, M|\n|teampreview|4\n|c|\u2606Heaven64|g2\nPurpleStyle rejected open team sheets.\n|c|\u2606Heaven64|gl\n|c|\u2606PurpleStyle|glhf\n|\n|t:|1682199298\n|start\n|switch|p1a: Flutter Mane|Flutter Mane, L50|100\/100\n|switch|p1b: Indeedee|Indeedee, L50, M|100\/100\n|switch|p2a: Tonsurephobia|Grimmsnarl, L50, M|100\/100\n|switch|p2b: High on Fumes|Zangoose, L50, M, shiny|100\/100\n|-fieldstart|move: Psychic Terrain|[from] ability: Psychic Surge|[of] p1b: Indeedee\n|turn|1\n|\n|t:|1682199324\n|-terastallize|p2b: High on Fumes|Steel\n|move|p2a: Tonsurephobia|Light Screen|p2a: Tonsurephobia\n|-sidestart|p2: Heaven64|move: Light Screen\n|move|p1a: Flutter Mane|Moonblast|p2a: Tonsurephobia\n|-supereffective|p2a: Tonsurephobia\n|-enditem|p2a: Tonsurephobia|Roseli Berry|[eat]\n|-enditem|p2a: Tonsurephobia|Roseli Berry|[weaken]\n|-damage|p2a: Tonsurephobia|69\/100\n|-unboost|p2a: Tonsurephobia|spa|1\n|move|p1b: Indeedee|Psychic|p2b: High on Fumes\n|-resisted|p2b: High on Fumes\n|-damage|p2b: High on Fumes|69\/100\n|-damage|p1b: Indeedee|91\/100|[from] item: Life Orb\n|move|p2b: High on Fumes|Shadow Claw|p1a: Flutter Mane\n|-supereffective|p1a: Flutter Mane\n|-damage|p1a: Flutter Mane|25\/100\n|\n|-heal|p1a: Flutter Mane|32\/100|[from] item: Leftovers\n|upkeep\n|turn|2\n|\n|t:|1682199354\n|move|p1a: Flutter Mane|Protect|p1a: Flutter Mane\n|-singleturn|p1a: Flutter Mane|Protect\n|move|p1b: Indeedee|Dazzling Gleam|p2a: Tonsurephobia|[spread] p2a,p2b\n|-supereffective|p2a: Tonsurephobia\n|-resisted|p2b: High on Fumes\n|-damage|p2a: Tonsurephobia|38\/100\n|-damage|p2b: High on Fumes|58\/100\n|-damage|p1b: Indeedee|82\/100|[from] item: Life Orb\n|move|p2b: High on Fumes|Facade|p1b: Indeedee\n|-damage|p1b: Indeedee|15\/100\n|move|p2a: Tonsurephobia|Spirit Break|p1a: Flutter Mane\n|-activate|p1a: Flutter Mane|move: Protect\n|\n|-heal|p1a: Flutter Mane|38\/100|[from] item: Leftovers\n|upkeep\n|turn|3\n|\n|t:|1682199381\n|-end|p1a: Flutter Mane|Protosynthesis|[silent]\n|switch|p1a: Crocalor|Crocalor, L50, F|100\/100\n|move|p2a: Tonsurephobia|Reflect|p2a: Tonsurephobia\n|-sidestart|p2: Heaven64|Reflect\n|move|p1b: Indeedee|Dazzling Gleam|p2b: High on Fumes|[spread] p2a,p2b\n|-supereffective|p2a: Tonsurephobia\n|-resisted|p2b: High on Fumes\n|-crit|p2b: High on Fumes\n|-damage|p2a: Tonsurephobia|2\/100\n|-damage|p2b: High on Fumes|32\/100\n|-damage|p1b: Indeedee|5\/100|[from] item: Life Orb\n|move|p2b: High on Fumes|Shadow Claw|p1a: Crocalor\n|-crit|p1a: Crocalor\n|-damage|p1a: Crocalor|70\/100\n|\n|upkeep\n|turn|4\n|\n|t:|1682199425\n|switch|p2a: Ficello|Gholdengo, L50|100\/100\n|move|p1b: Indeedee|Dazzling Gleam|p2a: Ficello|[spread] p2a,p2b\n|-resisted|p2a: Ficello\n|-resisted|p2b: High on Fumes\n|-damage|p2a: Ficello|95\/100\n|-damage|p2b: High on Fumes|20\/100\n|-damage|p1b: Indeedee|0 fnt|[from] item: Life Orb\n|faint|p1b: Indeedee\n|move|p2b: High on Fumes|Facade|p1a: Crocalor\n|-damage|p1a: Crocalor|41\/100\n|move|p1a: Crocalor|Snarl|p2a: Ficello|[spread] p2a,p2b\n|-supereffective|p2a: Ficello\n|-damage|p2a: Ficello|87\/100\n|-damage|p2b: High on Fumes|11\/100\n|-unboost|p2a: Ficello|spa|1\n|-unboost|p2b: High on Fumes|spa|1\n|\n|upkeep\n|c|\u2606Heaven64|bro I'm dumb\n|\n|t:|1682199445\n|switch|p1b: Flutter Mane|Flutter Mane, L50|38\/100\n|turn|5\n|c|\u2606Heaven64|I tera steel before getting poisoned\n|c|\u2606PurpleStyle|yeah I noticed that\n|c|\u2606Heaven64|I was wondering why I did no damage\n|\n|t:|1682199507\n|switch|p2a: Tonsurephobia|Grimmsnarl, L50, M|2\/100\n|move|p1b: Flutter Mane|Protect|p1b: Flutter Mane\n|-singleturn|p1b: Flutter Mane|Protect\n|move|p2b: High on Fumes|Shadow Claw|p1b: Flutter Mane\n|-activate|p1b: Flutter Mane|move: Protect\n|move|p1a: Crocalor|Slack Off|p1a: Crocalor\n|-heal|p1a: Crocalor|91\/100\n|\n|-heal|p1b: Flutter Mane|44\/100|[from] item: Leftovers\n|-sideend|p2: Heaven64|move: Light Screen\n|-fieldend|move: Psychic Terrain\n|upkeep\n|turn|6\n|\n|t:|1682199553\n|-end|p1b: Flutter Mane|Protosynthesis|[silent]\n|switch|p1b: Hydreigon|Hydreigon, L50, F|100\/100\n|move|p2a: Tonsurephobia|Light Screen|p2a: Tonsurephobia\n|-sidestart|p2: Heaven64|move: Light Screen\n|move|p2b: High on Fumes|Shadow Claw|p1b: Hydreigon\n|-resisted|p1b: Hydreigon\n|-damage|p1b: Hydreigon|87\/100\n|move|p1a: Crocalor|Snarl|p2b: High on Fumes|[spread] p2a,p2b\n|-resisted|p2a: Tonsurephobia\n|-damage|p2a: Tonsurephobia|0 fnt\n|-damage|p2b: High on Fumes|0 fnt\n|faint|p2a: Tonsurephobia\n|faint|p2b: High on Fumes\n|\n|upkeep\n|\n|t:|1682199562\n|switch|p2b: Fish Gallade|Veluza, L50, M|100\/100\n|switch|p2a: Ficello|Gholdengo, L50|87\/100\n|turn|7\n|\n|t:|1682199588\n|-terastallize|p1a: Crocalor|Water\n|move|p1b: Hydreigon|Protect|p1b: Hydreigon\n|-singleturn|p1b: Hydreigon|Protect\n|move|p2b: Fish Gallade|Aqua Cutter|p1a: Crocalor\n|-resisted|p1a: Crocalor\n|-damage|p1a: Crocalor|76\/100\n|move|p2a: Ficello|Dazzling Gleam|p1b: Hydreigon|[spread] p1a\n|-activate|p1b: Hydreigon|move: Protect\n|-damage|p1a: Crocalor|59\/100\n|move|p1a: Crocalor|Snarl|p2a: Ficello|[spread] p2a,p2b\n|-supereffective|p2a: Ficello\n|-supereffective|p2b: Fish Gallade\n|-damage|p2a: Ficello|77\/100\n|-damage|p2b: Fish Gallade|82\/100\n|-unboost|p2a: Ficello|spa|1\n|-unboost|p2b: Fish Gallade|spa|1\n|\n|-sideend|p2: Heaven64|Reflect\n|upkeep\n|turn|8\n|\n|t:|1682199613\n|move|p2b: Fish Gallade|Aqua Cutter|p1b: Hydreigon\n|-resisted|p1b: Hydreigon\n|-damage|p1b: Hydreigon|65\/100\n|move|p1b: Hydreigon|Dark Pulse|p2a: Ficello\n|-supereffective|p2a: Ficello\n|-crit|p2a: Ficello\n|-damage|p2a: Ficello|0 fnt\n|faint|p2a: Ficello\n|move|p1a: Crocalor|Snarl|p2b: Fish Gallade\n|-supereffective|p2b: Fish Gallade\n|-damage|p2b: Fish Gallade|57\/100\n|-unboost|p2b: Fish Gallade|spa|1\n|\n|upkeep\n|turn|9\n|c|\u2606Heaven64|gg\n|\n|t:|1682199630\n|move|p2b: Fish Gallade|Aqua Cutter|p1b: Hydreigon\n|-resisted|p1b: Hydreigon\n|-damage|p1b: Hydreigon|45\/100\n|move|p1b: Hydreigon|Dark Pulse|p2b: Fish Gallade\n|-supereffective|p2b: Fish Gallade\n|-damage|p2b: Fish Gallade|0 fnt\n|faint|p2b: Fish Gallade\n|\n|win|PurpleStyle\n|c|\u2606PurpleStyle|gg\n","uploadtime":1682200790,"views":9,"p1id":"purplestyle","p2id":"heaven64","formatid":"gen9vgc2023regulationc","rating":0,"private":0,"password":""}