{"id":"gen9vgc2023regulationc-1857365473","p1":"daredevil177","p2":"LBlues","format":"[Gen 9] VGC 2023 Regulation C","log":"|j|\u2606daredevil177\n|j|\u2606LBlues\n|t:|1683180877\n|gametype|doubles\n|player|p1|daredevil177|169|1150\n|player|p2|LBlues|pokemonranger-gen4|1104\n|teamsize|p1|6\n|teamsize|p2|6\n|gen|9\n|tier|[Gen 9] VGC 2023 Regulation C\n|rated|\n|rule|Species Clause: Limit one of each Pok\u00e9mon\n|rule|Item Clause: Limit one of each item\n|clearpoke\n|poke|p1|Maushold, L50|\n|poke|p1|Annihilape, L50, F|\n|poke|p1|Mudsdale, L50, M|\n|poke|p1|Tyranitar, L50, F|\n|poke|p1|Ting-Lu, L50|\n|poke|p1|Amoonguss, L50, F|\n|poke|p2|Pelipper, L50, F|\n|poke|p2|Amoonguss, L50, F|\n|poke|p2|Corviknight, L50, F|\n|poke|p2|Chien-Pao, L50|\n|poke|p2|Raichu, L50, M|\n|poke|p2|Azumarill, L50, F|\n|teampreview|4\n|inactive|Battle timer is ON: inactive players will automatically lose when time's up. (requested by LBlues)\n|inactive|daredevil177 has 60 seconds left.\n|\n|t:|1683180914\n|start\n|switch|p1a: Tyranitar|Tyranitar, L50, F|100\/100\n|switch|p1b: Annihilape|Annihilape, L50, F|100\/100\n|switch|p2a: Azumarill|Azumarill, L50, F|100\/100\n|switch|p2b: Corviknight|Corviknight, L50, F|100\/100\n|-weather|Sandstorm|[from] ability: Sand Stream|[of] p1a: Tyranitar\n|turn|1\n|inactive|daredevil177 has 30 seconds left.\n|inactive|LBlues has 30 seconds left.\n|inactive|LBlues has 20 seconds left.\n|inactive|LBlues has 15 seconds left.\n|inactive|LBlues has 10 seconds left.\n|\n|t:|1683180963\n|switch|p1a: Amoonguss|Amoonguss, L50, F|100\/100\n|move|p1b: Annihilape|Bulk Up|p1b: Annihilape\n|-boost|p1b: Annihilape|atk|1\n|-boost|p1b: Annihilape|def|1\n|move|p2b: Corviknight|Body Press|p1a: Amoonguss\n|-resisted|p1a: Amoonguss\n|-damage|p1a: Amoonguss|89\/100\n|move|p2a: Azumarill|Play Rough|p1b: Annihilape\n|-supereffective|p1b: Annihilape\n|-damage|p1b: Annihilape|28\/100\n|\n|-weather|Sandstorm|[upkeep]\n|-damage|p1b: Annihilape|22\/100|[from] Sandstorm\n|-damage|p2a: Azumarill|95\/100|[from] Sandstorm\n|-damage|p1a: Amoonguss|83\/100|[from] Sandstorm\n|upkeep\n|turn|2\n|inactive|LBlues has 30 seconds left.\n|\n|t:|1683180995\n|switch|p2b: Pelipper|Pelipper, L50, F|100\/100\n|-weather|RainDance|[from] ability: Drizzle|[of] p2b: Pelipper\n|move|p1b: Annihilape|Protect|p1b: Annihilape\n|-singleturn|p1b: Annihilape|Protect\n|move|p2a: Azumarill|Ice Spinner|p1a: Amoonguss\n|-supereffective|p1a: Amoonguss\n|-damage|p1a: Amoonguss|24\/100\n|-enditem|p1a: Amoonguss|Sitrus Berry|[eat]\n|-heal|p1a: Amoonguss|48\/100|[from] item: Sitrus Berry\n|move|p1a: Amoonguss|Spore|p2a: Azumarill\n|-status|p2a: Azumarill|slp|[from] move: Spore\n|\n|-weather|RainDance|[upkeep]\n|upkeep\n|turn|3\n|inactive|LBlues has 30 seconds left.\n|\n|t:|1683181022\n|switch|p1a: Tyranitar|Tyranitar, L50, F|100\/100\n|-weather|Sandstorm|[from] ability: Sand Stream|[of] p1a: Tyranitar\n|move|p1b: Annihilape|Rage Fist|p2b: Pelipper\n|-damage|p2b: Pelipper|27\/100\n|move|p2b: Pelipper|Hurricane|p1b: Annihilape\n|-supereffective|p1b: Annihilape\n|-damage|p1b: Annihilape|0 fnt\n|faint|p1b: Annihilape\n|cant|p2a: Azumarill|slp\n|\n|-weather|Sandstorm|[upkeep]\n|-damage|p2b: Pelipper|21\/100|[from] Sandstorm\n|-damage|p2a: Azumarill|89\/100 slp|[from] Sandstorm\n|upkeep\n|\n|t:|1683181039\n|switch|p1b: Mudsdale|Mudsdale, L50, M|100\/100\n|turn|4\n|\n|t:|1683181057\n|switch|p2b: Corviknight|Corviknight, L50, F|100\/100\n|-terastallize|p1b: Mudsdale|Steel\n|move|p1a: Tyranitar|Rock Slide|p2b: Corviknight|[spread] p2a\n|-miss|p1a: Tyranitar|p2b: Corviknight\n|-damage|p2a: Azumarill|53\/100 slp\n|cant|p2a: Azumarill|slp\n|move|p1b: Mudsdale|Heavy Slam|p2a: Azumarill\n|-damage|p2a: Azumarill|0 fnt\n|faint|p2a: Azumarill\n|\n|-weather|Sandstorm|[upkeep]\n|upkeep\n|\n|t:|1683181076\n|switch|p2a: Pelipper|Pelipper, L50, F|21\/100\n|-weather|RainDance|[from] ability: Drizzle|[of] p2a: Pelipper\n|turn|5\n|\n|t:|1683181087\n|switch|p1a: Amoonguss|Amoonguss, L50, F|81\/100\n|move|p2a: Pelipper|Protect|p2a: Pelipper\n|-singleturn|p2a: Pelipper|Protect\n|move|p2b: Corviknight|Iron Defense|p2b: Corviknight\n|-boost|p2b: Corviknight|def|2\n|move|p1b: Mudsdale|Heavy Slam|p2a: Pelipper\n|-activate|p2a: Pelipper|move: Protect\n|\n|-weather|RainDance|[upkeep]\n|upkeep\n|turn|6\n|\n|t:|1683181107\n|switch|p1b: Tyranitar|Tyranitar, L50, F|100\/100\n|-weather|Sandstorm|[from] ability: Sand Stream|[of] p1b: Tyranitar\n|move|p2b: Corviknight|Body Press|p1a: Amoonguss\n|-resisted|p1a: Amoonguss\n|-damage|p1a: Amoonguss|59\/100\n|move|p2a: Pelipper|Hurricane|p1a: Amoonguss\n|-supereffective|p1a: Amoonguss\n|-damage|p1a: Amoonguss|0 fnt\n|faint|p1a: Amoonguss\n|\n|-weather|Sandstorm|[upkeep]\n|-damage|p2a: Pelipper|15\/100|[from] Sandstorm\n|upkeep\n|\n|t:|1683181118\n|switch|p1a: Mudsdale|Mudsdale, L50, M, tera:Steel|100\/100\n|turn|7\n|\n|t:|1683181135\n|move|p2a: Pelipper|Protect|p2a: Pelipper\n|-singleturn|p2a: Pelipper|Protect\n|move|p1b: Tyranitar|Protect|p1b: Tyranitar\n|-singleturn|p1b: Tyranitar|Protect\n|move|p2b: Corviknight|Body Press|p1b: Tyranitar\n|-activate|p1b: Tyranitar|move: Protect\n|move|p1a: Mudsdale|Heavy Slam|p2a: Pelipper\n|-activate|p2a: Pelipper|move: Protect\n|\n|-weather|Sandstorm|[upkeep]\n|-damage|p2a: Pelipper|9\/100|[from] Sandstorm\n|upkeep\n|turn|8\n|\n|t:|1683181159\n|move|p1b: Tyranitar|Protect|p1b: Tyranitar\n|-singleturn|p1b: Tyranitar|Protect\n|move|p2b: Corviknight|Body Press|p1b: Tyranitar\n|-activate|p1b: Tyranitar|move: Protect\n|move|p2a: Pelipper|Tailwind|p2a: Pelipper\n|-sidestart|p2: LBlues|move: Tailwind\n|move|p1a: Mudsdale|Heavy Slam|p2a: Pelipper\n|-resisted|p2a: Pelipper\n|-damage|p2a: Pelipper|0 fnt\n|faint|p2a: Pelipper\n|\n|-weather|Sandstorm|[upkeep]\n|upkeep\n|\n|t:|1683181169\n|switch|p2a: Chien-Pao|Chien-Pao, L50|100\/100\n|-ability|p2a: Chien-Pao|Sword of Ruin\n|turn|9\n|\n|t:|1683181192\n|move|p2a: Chien-Pao|Protect|p2a: Chien-Pao\n|-singleturn|p2a: Chien-Pao|Protect\n|move|p2b: Corviknight|Body Press|p1b: Tyranitar\n|-supereffective|p1b: Tyranitar\n|-damage|p1b: Tyranitar|0 fnt\n|faint|p1b: Tyranitar\n|move|p1a: Mudsdale|Body Press|p2a: Chien-Pao\n|-activate|p2a: Chien-Pao|move: Protect\n|\n|-weather|Sandstorm|[upkeep]\n|-damage|p2a: Chien-Pao|95\/100|[from] Sandstorm\n|upkeep\n|turn|10\n|\n|t:|1683181210\n|-terastallize|p2a: Chien-Pao|Ghost\n|move|p2a: Chien-Pao|Sucker Punch|p1a: Mudsdale\n|-damage|p1a: Mudsdale|52\/100\n|-ability|p1a: Mudsdale|Stamina|boost\n|-boost|p1a: Mudsdale|def|1\n|-damage|p2a: Chien-Pao|85\/100|[from] item: Life Orb\n|move|p2b: Corviknight|Body Press|p1a: Mudsdale\n|-supereffective|p1a: Mudsdale\n|-damage|p1a: Mudsdale|0 fnt\n|faint|p1a: Mudsdale\n|\n|win|LBlues\n|raw|daredevil177's rating: 1150 → 1122<\/strong> (-28 for losing)\n|raw|LBlues's rating: 1104 → 1132<\/strong> (+28 for winning)\n|l|\u2606daredevil177\n","uploadtime":1683181221,"views":7,"p1id":"daredevil177","p2id":"lblues","formatid":"gen9vgc2023regulationc","rating":1122,"private":0,"password":""}