{"id":"gen9vgc2023regulationc-1859886070","p1":"heelflores","p2":"BMKing1212","format":"[Gen 9] VGC 2023 Regulation C","log":"|j|\u2606heelflores\n|j|\u2606BMKing1212\n|t:|1683572807\n|gametype|doubles\n|player|p1|heelflores|roughneck-gen4|1323\n|player|p2|BMKing1212|169|1325\n|teamsize|p1|6\n|teamsize|p2|6\n|gen|9\n|tier|[Gen 9] VGC 2023 Regulation C\n|rated|\n|rule|Species Clause: Limit one of each Pok\u00e9mon\n|rule|Item Clause: Limit one of each item\n|clearpoke\n|poke|p1|Ceruledge, L50, M|\n|poke|p1|Sableye, L50, M|\n|poke|p1|Gyarados, L50, F|\n|poke|p1|Abomasnow, L50, F|\n|poke|p1|Iron Bundle, L50|\n|poke|p1|Flutter Mane, L50|\n|poke|p2|Flutter Mane, L50|\n|poke|p2|Amoonguss, L50, M|\n|poke|p2|Baxcalibur, L50, F|\n|poke|p2|Palafin, L50, F|\n|poke|p2|Tauros-Paldea-Blaze, L50, M|\n|poke|p2|Iron Bundle, L50|\n|teampreview|4\n|\n|t:|1683572827\n|start\n|switch|p1a: Ceruledge|Ceruledge, L50, M|100\/100\n|switch|p1b: Sableye|Sableye, L50, M|100\/100\n|switch|p2a: Tauros|Tauros-Paldea-Blaze, L50, M|100\/100\n|switch|p2b: Iron Bundle|Iron Bundle, L50|100\/100\n|-ability|p2a: Tauros|Intimidate|boost\n|-unboost|p1a: Ceruledge|atk|1\n|-unboost|p1b: Sableye|atk|1\n|-enditem|p2b: Iron Bundle|Booster Energy\n|-activate|p2b: Iron Bundle|ability: Quark Drive|[fromitem]\n|-start|p2b: Iron Bundle|quarkdrivespe\n|turn|1\n|\n|t:|1683572865\n|move|p2b: Iron Bundle|Protect|p2b: Iron Bundle\n|-singleturn|p2b: Iron Bundle|Protect\n|move|p1b: Sableye|Shadow Sneak|p1a: Ceruledge\n|-supereffective|p1a: Ceruledge\n|-damage|p1a: Ceruledge|84\/100\n|-ability|p1a: Ceruledge|Weak Armor|boost\n|-unboost|p1a: Ceruledge|def|1\n|-boost|p1a: Ceruledge|spe|2\n|-enditem|p2a: Tauros|Mirror Herb\n|-boost|p2a: Tauros|spe|2|[from] item: Mirror Herb\n|-enditem|p1a: Ceruledge|Weakness Policy\n|-boost|p1a: Ceruledge|atk|2|[from] item: Weakness Policy\n|-boost|p1a: Ceruledge|spa|2|[from] item: Weakness Policy\n|move|p2a: Tauros|Raging Bull|p1b: Sableye\n|-damage|p1b: Sableye|55\/100\n|move|p1a: Ceruledge|Close Combat|p2b: Iron Bundle\n|-activate|p2b: Iron Bundle|move: Protect\n|\n|upkeep\n|turn|2\n|\n|t:|1683572902\n|-terastallize|p1a: Ceruledge|Grass\n|move|p1b: Sableye|Shadow Sneak|p1a: Ceruledge\n|-damage|p1a: Ceruledge|74\/100\n|-ability|p1a: Ceruledge|Weak Armor|boost\n|-unboost|p1a: Ceruledge|def|1\n|-boost|p1a: Ceruledge|spe|2\n|move|p1a: Ceruledge|Close Combat|p2b: Iron Bundle\n|-supereffective|p2b: Iron Bundle\n|-damage|p2b: Iron Bundle|0 fnt\n|-unboost|p1a: Ceruledge|def|1\n|-unboost|p1a: Ceruledge|spd|1\n|faint|p2b: Iron Bundle\n|-end|p2b: Iron Bundle|Quark Drive|[silent]\n|move|p2a: Tauros|Raging Bull|p1b: Sableye\n|-damage|p1b: Sableye|10\/100\n|\n|upkeep\n|\n|t:|1683572920\n|switch|p2b: Baxcalibur|Baxcalibur, L50, F|100\/100\n|turn|3\n|\n|t:|1683572935\n|switch|p1b: Iron Bundle|Iron Bundle, L50|100\/100\n|-terastallize|p2b: Baxcalibur|Fire\n|move|p1a: Ceruledge|Protect|p1a: Ceruledge\n|-singleturn|p1a: Ceruledge|Protect\n|move|p2a: Tauros|Raging Bull|p1b: Iron Bundle\n|-damage|p1b: Iron Bundle|61\/100\n|move|p2b: Baxcalibur|Icicle Crash|p1a: Ceruledge\n|-activate|p1a: Ceruledge|move: Protect\n|\n|upkeep\n|turn|4\n|\n|t:|1683572985\n|switch|p1a: Abomasnow|Abomasnow, L50, F|100\/100\n|-weather|Snow|[from] ability: Snow Warning|[of] p1a: Abomasnow\n|move|p2b: Baxcalibur|Protect|p2b: Baxcalibur\n|-singleturn|p2b: Baxcalibur|Protect\n|move|p2a: Tauros|Close Combat|p1b: Iron Bundle\n|-supereffective|p1b: Iron Bundle\n|-damage|p1b: Iron Bundle|0 fnt\n|-unboost|p2a: Tauros|def|1\n|-unboost|p2a: Tauros|spd|1\n|faint|p1b: Iron Bundle\n|-end|p1b: Iron Bundle|Quark Drive|[silent]\n|\n|-weather|Snow|[upkeep]\n|upkeep\n|\n|t:|1683573000\n|switch|p1b: Sableye|Sableye, L50, M|10\/100\n|turn|5\n|\n|t:|1683573018\n|move|p1b: Sableye|Encore|p2b: Baxcalibur\n|-start|p2b: Baxcalibur|Encore\n|move|p2a: Tauros|Raging Bull|p1a: Abomasnow\n|-supereffective|p1a: Abomasnow\n|-damage|p1a: Abomasnow|0 fnt\n|faint|p1a: Abomasnow\n|move|p2b: Baxcalibur|Protect|p2b: Baxcalibur\n|-singleturn|p2b: Baxcalibur|Protect\n|\n|-weather|Snow|[upkeep]\n|upkeep\n|\n|t:|1683573026\n|switch|p1a: Ceruledge|Ceruledge, L50, M, tera:Grass|74\/100\n|turn|6\n|\n|t:|1683573042\n|switch|p2b: Flutter Mane|Flutter Mane, L50|100\/100\n|move|p1b: Sableye|Disable|p2a: Tauros\n|-start|p2a: Tauros|Disable|Raging Bull\n|cant|p2a: Tauros|Disable|Raging Bull\n|move|p1a: Ceruledge|Bitter Blade|p2a: Tauros\n|-resisted|p2a: Tauros\n|-damage|p2a: Tauros|70\/100\n|-heal|p1a: Ceruledge|88\/100|[from] drain|[of] p2a: Tauros\n|\n|-weather|Snow|[upkeep]\n|upkeep\n|turn|7\n|\n|t:|1683573069\n|move|p1b: Sableye|Shadow Sneak|p1a: Ceruledge\n|-damage|p1a: Ceruledge|76\/100\n|-ability|p1a: Ceruledge|Weak Armor|boost\n|-unboost|p1a: Ceruledge|def|1\n|-boost|p1a: Ceruledge|spe|2\n|move|p2a: Tauros|Close Combat|p1a: Ceruledge\n|-damage|p1a: Ceruledge|0 fnt\n|-unboost|p2a: Tauros|def|1\n|-unboost|p2a: Tauros|spd|1\n|faint|p1a: Ceruledge\n|move|p2b: Flutter Mane|Dazzling Gleam|p1b: Sableye\n|-supereffective|p1b: Sableye\n|-damage|p1b: Sableye|0 fnt\n|faint|p1b: Sableye\n|\n|win|BMKing1212\n|raw|heelflores's rating: 1323 → 1303<\/strong> (-20 for losing)\n|raw|BMKing1212's rating: 1325 → 1345<\/strong> (+20 for winning)\n|l|\u2606heelflores\n","uploadtime":1683573091,"views":12,"p1id":"heelflores","p2id":"bmking1212","formatid":"gen9vgc2023regulationc","rating":1303,"private":0,"password":""}