{"id":"gen9vgc2023regulationc-1846870929","p1":"asjindfg","p2":"Ellvaekyoo","format":"[Gen 9] VGC 2023 Regulation C","log":"|j|\u2606asjindfg\n|j|\u2606Ellvaekyoo\n|t:|1681893615\n|gametype|doubles\n|player|p1|asjindfg|265|1000\n|player|p2|Ellvaekyoo|blaine|1031\n|teamsize|p1|6\n|teamsize|p2|6\n|gen|9\n|tier|[Gen 9] VGC 2023 Regulation C\n|rated|\n|rule|Species Clause: Limit one of each Pok\u00e9mon\n|rule|Item Clause: Limit one of each item\n|clearpoke\n|poke|p1|Talonflame, L50, F|\n|poke|p1|Tyranitar, L50, M|\n|poke|p1|Great Tusk, L50|\n|poke|p1|Flutter Mane, L50|\n|poke|p1|Chien-Pao, L50|\n|poke|p1|Maushold-Four, L50|\n|poke|p2|Ceruledge, L50, M|\n|poke|p2|Chien-Pao, L50|\n|poke|p2|Amoonguss, L50, M|\n|poke|p2|Palafin, L50, M|\n|poke|p2|Glimmora, L50, F|\n|poke|p2|Flutter Mane, L50|\n|teampreview|4\n|inactive|Battle timer is ON: inactive players will automatically lose when time's up. (requested by Ellvaekyoo)\n|\n|t:|1681893638\n|start\n|switch|p1a: Talonflame|Talonflame, L50, F|100\/100\n|switch|p1b: Tyranitar|Tyranitar, L50, M|100\/100\n|switch|p2a: Palafin|Palafin, L50, M|100\/100\n|switch|p2b: Glimmora|Glimmora, L50, F|100\/100\n|-weather|Sandstorm|[from] ability: Sand Stream|[of] p1b: Tyranitar\n|turn|1\n|inactive|asjindfg has 30 seconds left.\n|\n|t:|1681893672\n|move|p2a: Palafin|Protect|p2a: Palafin\n|-singleturn|p2a: Palafin|Protect\n|move|p1a: Talonflame|Tailwind|p1a: Talonflame\n|-sidestart|p1: asjindfg|move: Tailwind\n|move|p1b: Tyranitar|Heavy Slam|p2b: Glimmora\n|-supereffective|p2b: Glimmora\n|-damage|p2b: Glimmora|41\/100\n|-activate|p2b: Glimmora|ability: Toxic Debris\n|-sidestart|p1: asjindfg|move: Toxic Spikes\n|move|p2b: Glimmora|Power Gem|p1a: Talonflame\n|-supereffective|p1a: Talonflame\n|-damage|p1a: Talonflame|0 fnt\n|faint|p1a: Talonflame\n|\n|-weather|Sandstorm|[upkeep]\n|-damage|p2a: Palafin|94\/100|[from] Sandstorm\n|upkeep\n|\n|t:|1681893686\n|switch|p1a: Great Tusk|Great Tusk, L50|100\/100\n|-status|p1a: Great Tusk|psn\n|turn|2\n|inactive|Ellvaekyoo has 30 seconds left.\n|\n|t:|1681893721\n|detailschange|p2a: Palafin|Palafin-Hero, L50, M\n|switch|p2a: Ceruledge|Ceruledge, L50, M|100\/100\n|-terastallize|p1b: Tyranitar|Flying\n|-terastallize|p2b: Glimmora|Grass\n|move|p1a: Great Tusk|Earthquake|p2b: Glimmora|[spread] p2a,p2b\n|-immune|p1b: Tyranitar\n|-supereffective|p2a: Ceruledge\n|-resisted|p2b: Glimmora\n|-damage|p2a: Ceruledge|0 fnt\n|-damage|p2b: Glimmora|21\/100\n|-activate|p2b: Glimmora|ability: Toxic Debris\n|-sidestart|p1: asjindfg|move: Toxic Spikes\n|faint|p2a: Ceruledge\n|-damage|p1a: Great Tusk|90\/100 psn|[from] item: Life Orb\n|move|p1b: Tyranitar|Rock Slide|p2b: Glimmora\n|-damage|p2b: Glimmora|0 fnt\n|faint|p2b: Glimmora\n|\n|-weather|Sandstorm|[upkeep]\n|-damage|p1b: Tyranitar|95\/100|[from] Sandstorm\n|-damage|p1a: Great Tusk|78\/100 psn|[from] psn\n|upkeep\n|\n|t:|1681893737\n|switch|p2a: Flutter Mane|Flutter Mane, L50|100\/100\n|switch|p2b: Palafin|Palafin-Hero, L50, M|94\/100\n|-activate|p2b: Palafin|ability: Zero to Hero\n|turn|3\n|\n|t:|1681893750\n|move|p2a: Flutter Mane|Protect|p2a: Flutter Mane\n|-singleturn|p2a: Flutter Mane|Protect\n|move|p2b: Palafin|Protect|p2b: Palafin\n|-singleturn|p2b: Palafin|Protect\n|move|p1a: Great Tusk|Earthquake|p2a: Flutter Mane|[spread] \n|-activate|p2a: Flutter Mane|move: Protect\n|-activate|p2b: Palafin|move: Protect\n|-immune|p1b: Tyranitar\n|move|p1b: Tyranitar|Rock Slide|p2a: Flutter Mane|[spread] \n|-activate|p2a: Flutter Mane|move: Protect\n|-activate|p2b: Palafin|move: Protect\n|\n|-weather|Sandstorm|[upkeep]\n|-damage|p2a: Flutter Mane|94\/100|[from] Sandstorm\n|-damage|p1b: Tyranitar|89\/100|[from] Sandstorm\n|-damage|p2b: Palafin|88\/100|[from] Sandstorm\n|-damage|p1a: Great Tusk|66\/100 psn|[from] psn\n|upkeep\n|turn|4\n|\n|t:|1681893771\n|move|p2b: Palafin|Jet Punch|p1a: Great Tusk\n|-supereffective|p1a: Great Tusk\n|-damage|p1a: Great Tusk|0 fnt\n|faint|p1a: Great Tusk\n|-end|p1a: Great Tusk|Protosynthesis|[silent]\n|move|p2a: Flutter Mane|Moonblast|p1b: Tyranitar\n|-damage|p1b: Tyranitar|50\/100\n|-damage|p2a: Flutter Mane|84\/100|[from] item: Life Orb\n|move|p1b: Tyranitar|Rock Slide|p2a: Flutter Mane|[spread] p2a,p2b\n|-damage|p2a: Flutter Mane|9\/100\n|-damage|p2b: Palafin|57\/100\n|\n|-weather|Sandstorm|[upkeep]\n|-damage|p2a: Flutter Mane|3\/100|[from] Sandstorm\n|-damage|p1b: Tyranitar|44\/100|[from] Sandstorm\n|-damage|p2b: Palafin|50\/100|[from] Sandstorm\n|-sideend|p1: asjindfg|move: Tailwind\n|upkeep\n|\n|t:|1681893784\n|switch|p1a: Flutter Mane|Flutter Mane, L50|100\/100\n|-status|p1a: Flutter Mane|tox\n|turn|5\n|\n|t:|1681893802\n|move|p2b: Palafin|Jet Punch|p1a: Flutter Mane\n|-damage|p1a: Flutter Mane|17\/100 tox\n|move|p2a: Flutter Mane|Dazzling Gleam|p1a: Flutter Mane|[spread] p1a,p1b\n|-damage|p1a: Flutter Mane|0 fnt\n|-damage|p1b: Tyranitar|21\/100\n|faint|p1a: Flutter Mane\n|-end|p1a: Flutter Mane|Protosynthesis|[silent]\n|-damage|p2a: Flutter Mane|0 fnt|[from] item: Life Orb\n|faint|p2a: Flutter Mane\n|-end|p2a: Flutter Mane|Protosynthesis|[silent]\n|move|p1b: Tyranitar|Crunch|p2b: Palafin\n|-damage|p2b: Palafin|7\/100\n|\n|-weather|none\n|upkeep\n|turn|6\n|\n|t:|1681893815\n|move|p2b: Palafin|Protect|p2b: Palafin\n|-singleturn|p2b: Palafin|Protect\n|move|p1b: Tyranitar|Heavy Slam|p2b: Palafin\n|-activate|p2b: Palafin|move: Protect\n|\n|upkeep\n|turn|7\n|\n|t:|1681893821\n|move|p2b: Palafin|Jet Punch|p1b: Tyranitar\n|-damage|p1b: Tyranitar|0 fnt\n|faint|p1b: Tyranitar\n|\n|win|Ellvaekyoo\n|raw|asjindfg's rating: 1000 → 1000<\/strong> (+0 for losing)\n|raw|Ellvaekyoo's rating: 1031 → 1063<\/strong> (+32 for winning)\n|l|\u2606asjindfg\n","uploadtime":1681893832,"views":14,"p1id":"asjindfg","p2id":"ellvaekyoo","formatid":"gen9vgc2023regulationc","rating":1000,"private":0,"password":""}