{"id":"gen9vgc2023regulationc-1862237393","p1":"Mogomomo","p2":"dojanemperor","format":"[Gen 9] VGC 2023 Regulation C","log":"|j|\u2606Mogomomo\n|j|\u2606dojanemperor\n|t:|1683853340\n|gametype|doubles\n|player|p1|Mogomomo|crasherwake|\n|player|p2|dojanemperor|giovanni-masters|\n|teamsize|p1|6\n|teamsize|p2|6\n|gen|9\n|tier|[Gen 9] VGC 2023 Regulation C\n|rule|Tera Type Preview: Tera Types are shown at Team Preview\n|rule|Species Clause: Limit one of each Pok\u00e9mon\n|rule|Item Clause: Limit one of each item\n|clearpoke\n|poke|p1|Flutter Mane, L50|\n|poke|p1|Baxcalibur, L50, M|\n|poke|p1|Kingambit, L50, M|\n|poke|p1|Rotom-Wash, L50|\n|poke|p1|Gothorita, L50, M|\n|poke|p1|Salazzle, L50, F|\n|poke|p2|Iron Bundle, L50|\n|poke|p2|Arcanine, L50, F|\n|poke|p2|Great Tusk, L50|\n|poke|p2|Armarouge, L50, F|\n|poke|p2|Indeedee, L50, M|\n|poke|p2|Abomasnow, L50, F|\n|teampreview|4\n|raw|Mogomomo's Tera Types: \/ \/ \/ \/ \/ \n|raw|dojanemperor's Tera Types: \/ \/ \/ \/ \/ \n|c|\u2606Mogomomo|g1\n|c|\u2606Mogomomo|gl hf!\nMogomomo rejected open team sheets.\n|c|\u2606dojanemperor|u2\n|j| winteredsoul\n|\n|t:|1683853433\n|start\n|switch|p1a: Gothorita|Gothorita, L50, M|100\/100\n|switch|p1b: Flutter Mane|Flutter Mane, L50|100\/100\n|switch|p2a: Iron Bundle|Iron Bundle, L50|100\/100\n|switch|p2b: Armarouge|Armarouge, L50, F|100\/100\n|turn|1\n|j| glowbrogang\n|\n|t:|1683853474\n|move|p1b: Flutter Mane|Protect|p1b: Flutter Mane\n|-singleturn|p1b: Flutter Mane|Protect\n|move|p2a: Iron Bundle|Flip Turn|p2b: Armarouge\n|-supereffective|p2b: Armarouge\n|-damage|p2b: Armarouge|77\/100\n|-ability|p2b: Armarouge|Weak Armor|boost\n|-unboost|p2b: Armarouge|def|1\n|-boost|p2b: Armarouge|spe|2\n|-enditem|p2b: Armarouge|Weakness Policy\n|-boost|p2b: Armarouge|atk|2|[from] item: Weakness Policy\n|-boost|p2b: Armarouge|spa|2|[from] item: Weakness Policy\n|\n|t:|1683853487\n|-end|p2a: Iron Bundle|Quark Drive|[silent]\n|switch|p2a: Indeedee|Indeedee, L50, M|100\/100|[from] Flip Turn\n|-fieldstart|move: Psychic Terrain|[from] ability: Psychic Surge|[of] p2a: Indeedee\n|move|p2b: Armarouge|Expanding Force|p1b: Flutter Mane|[spread] p1a\n|-activate|p1b: Flutter Mane|move: Protect\n|-resisted|p1a: Gothorita\n|-damage|p1a: Gothorita|56\/100\n|move|p1a: Gothorita|Trick Room|p1a: Gothorita\n|-fieldstart|move: Trick Room|[of] p1a: Gothorita\n|\n|upkeep\n|turn|2\n|j| M1so\n|\n|t:|1683853529\n|-end|p1b: Flutter Mane|Protosynthesis|[silent]\n|switch|p1b: Kingambit|Kingambit, L50, M|100\/100\n|move|p2b: Armarouge|Protect|p2b: Armarouge\n|-singleturn|p2b: Armarouge|Protect\n|move|p1a: Gothorita|Foul Play|p2b: Armarouge\n|-activate|p2b: Armarouge|move: Protect\n|move|p2a: Indeedee|Psyshock|p1b: Kingambit\n|-immune|p1b: Kingambit\n|\n|upkeep\n|turn|3\n|l| M1so\n|j| M1so\n|\n|t:|1683853607\n|-terastallize|p1b: Kingambit|Fire\n|move|p1b: Kingambit|Kowtow Cleave|p2b: Armarouge\n|-supereffective|p2b: Armarouge\n|-damage|p2b: Armarouge|0 fnt\n|faint|p2b: Armarouge\n|move|p1a: Gothorita|Foul Play|p2a: Indeedee\n|-supereffective|p2a: Indeedee\n|-damage|p2a: Indeedee|55\/100\n|move|p2a: Indeedee|Dazzling Gleam|p1b: Kingambit|[spread] p1a,p1b\n|-resisted|p1b: Kingambit\n|-damage|p1a: Gothorita|43\/100\n|-damage|p1b: Kingambit|95\/100\n|\n|upkeep\n|\n|t:|1683853629\n|switch|p2b: Great Tusk|Great Tusk, L50|100\/100\n|-enditem|p2b: Great Tusk|Booster Energy\n|-activate|p2b: Great Tusk|ability: Protosynthesis|[fromitem]\n|-start|p2b: Great Tusk|protosynthesisatk\n|turn|4\n|\n|t:|1683853656\n|switch|p1b: Rotom|Rotom-Wash, L50|100\/100\n|move|p2a: Indeedee|Helping Hand|p2b: Great Tusk\n|-singleturn|p2b: Great Tusk|Helping Hand|[of] p2a: Indeedee\n|move|p1a: Gothorita|Foul Play|p2b: Great Tusk\n|-resisted|p2b: Great Tusk\n|-damage|p2b: Great Tusk|88\/100\n|move|p2b: Great Tusk|Rock Slide|p1a: Gothorita|[spread] p1a,p1b\n|-damage|p1a: Gothorita|14\/100\n|-damage|p1b: Rotom|57\/100\n|\n|upkeep\n|turn|5\n|\n|t:|1683853688\n|move|p2b: Great Tusk|Protect|p2b: Great Tusk\n|-singleturn|p2b: Great Tusk|Protect\n|move|p1a: Gothorita|Foul Play|p2a: Indeedee\n|-supereffective|p2a: Indeedee\n|-damage|p2a: Indeedee|0 fnt\n|faint|p2a: Indeedee\n|move|p1b: Rotom|Hydro Pump|p2b: Great Tusk\n|-activate|p2b: Great Tusk|move: Protect\n|\n|-fieldend|move: Trick Room\n|upkeep\n|\n|t:|1683853699\n|switch|p2a: Iron Bundle|Iron Bundle, L50|100\/100\n|turn|6\n|\n|t:|1683853721\n|move|p2a: Iron Bundle|Freeze-Dry|p1b: Rotom\n|-supereffective|p1b: Rotom\n|-damage|p1b: Rotom|0 fnt\n|faint|p1b: Rotom\n|move|p2b: Great Tusk|Rock Slide|p1a: Gothorita\n|-damage|p1a: Gothorita|0 fnt\n|faint|p1a: Gothorita\n|\n|upkeep\n|\n|t:|1683853725\n|switch|p1b: Kingambit|Kingambit, L50, M, tera:Fire|95\/100\n|switch|p1a: Flutter Mane|Flutter Mane, L50|100\/100\n|turn|7\n|\n|t:|1683853777\n|-terastallize|p2b: Great Tusk|Ground\n|move|p1a: Flutter Mane|Protect|p1a: Flutter Mane\n|-singleturn|p1a: Flutter Mane|Protect\n|move|p2a: Iron Bundle|Freeze-Dry|p1a: Flutter Mane\n|-activate|p1a: Flutter Mane|move: Protect\n|move|p2b: Great Tusk|Rock Slide|p1b: Kingambit|[spread] p1b\n|-activate|p1a: Flutter Mane|move: Protect\n|-supereffective|p1b: Kingambit\n|-damage|p1b: Kingambit|59\/100\n|move|p1b: Kingambit|Brick Break|p2a: Iron Bundle\n|-supereffective|p2a: Iron Bundle\n|-damage|p2a: Iron Bundle|33\/100\n|\n|upkeep\n|turn|8\n|\n|t:|1683853804\n|move|p2a: Iron Bundle|Freeze-Dry|p1a: Flutter Mane\n|-damage|p1a: Flutter Mane|68\/100\n|move|p1a: Flutter Mane|Moonblast|p2b: Great Tusk\n|-damage|p2b: Great Tusk|13\/100\n|-unboost|p2b: Great Tusk|spa|1\n|move|p2b: Great Tusk|Rock Slide|p1a: Flutter Mane|[spread] p1a,p1b\n|-supereffective|p1b: Kingambit\n|-damage|p1a: Flutter Mane|21\/100\n|-damage|p1b: Kingambit|19\/100\n|-enditem|p1a: Flutter Mane|Sitrus Berry|[eat]\n|-heal|p1a: Flutter Mane|46\/100|[from] item: Sitrus Berry\n|move|p1b: Kingambit|Kowtow Cleave|p2b: Great Tusk\n|-damage|p2b: Great Tusk|0 fnt\n|faint|p2b: Great Tusk\n|-end|p2b: Great Tusk|Protosynthesis|[silent]\n|\n|-fieldend|move: Psychic Terrain\n|upkeep\n|turn|9\n|\n|t:|1683853837\n|move|p1b: Kingambit|Sucker Punch|p2a: Iron Bundle\n|-damage|p2a: Iron Bundle|0 fnt\n|faint|p2a: Iron Bundle\n|-end|p2a: Iron Bundle|Quark Drive|[silent]\n|\n|win|Mogomomo\n|c|\u2606Mogomomo|gg\n|c|\u2606dojanemperor|gg\n|l| M1so\n|l| winteredsoul\n|j| Hiiya Papaya\n|l| Hiiya Papaya\n|l| glowbrogang\n|l|\u2606dojanemperor\n","uploadtime":1683854262,"views":18,"p1id":"mogomomo","p2id":"dojanemperor","formatid":"gen9vgc2023regulationc","rating":0,"private":0,"password":""}