{"id":"gen9vgc2023regulationc-1861940705","p1":"AndrwApple","p2":"Moonlight Flutter","format":"[Gen 9] VGC 2023 Regulation C","log":"|j|\u2606AndrwApple\n|j|\u2606Moonlight Flutter\n|t:|1683822630\n|gametype|doubles\n|player|p1|AndrwApple|marnie-masters2|\n|player|p2|Moonlight Flutter|dawn-masters2|\n|teamsize|p1|6\n|teamsize|p2|6\n|gen|9\n|tier|[Gen 9] VGC 2023 Regulation C\n|rule|Species Clause: Limit one of each Pok\u00e9mon\n|rule|Item Clause: Limit one of each item\n|clearpoke\n|poke|p1|Baxcalibur, L50, F|\n|poke|p1|Iron Bundle, L50|\n|poke|p1|Flutter Mane, L50|\n|poke|p1|Annihilape, L50, F|\n|poke|p1|Arcanine, L50, M|\n|poke|p1|Abomasnow, L50, M|\n|poke|p2|Flutter Mane, L50|\n|poke|p2|Chi-Yu, L50|\n|poke|p2|Meowscarada, L50, M|\n|poke|p2|Gyarados, L50, M|\n|poke|p2|Baxcalibur, L50, M|\n|poke|p2|Corviknight, L50, M|\n|teampreview|4\nAndrwApple has agreed to open team sheets.\nMoonlight Flutter has agreed to open team sheets.\n|c|\u2606AndrwApple|Glhf\n|c|\u2606Moonlight Flutter|u2\n|\n|t:|1683822662\n|start\n|switch|p1a: Santa|Abomasnow, L50, M|100\/100\n|switch|p1b: Arcanine|Arcanine, L50, M|100\/100\n|switch|p2a: Flutter Mane|Flutter Mane, L50|100\/100\n|switch|p2b: Meowscarada|Meowscarada, L50, M|100\/100\n|-ability|p1b: Arcanine|Intimidate|boost\n|-unboost|p2a: Flutter Mane|atk|1\n|-unboost|p2b: Meowscarada|atk|1\n|-weather|Snow|[from] ability: Snow Warning|[of] p1a: Santa\n|-enditem|p2a: Flutter Mane|Booster Energy\n|-activate|p2a: Flutter Mane|ability: Protosynthesis|[fromitem]\n|-start|p2a: Flutter Mane|protosynthesisspa\n|turn|1\n|\n|t:|1683822681\n|move|p2b: Meowscarada|U-turn|p1a: Santa\n|-start|p2b: Meowscarada|typechange|Bug|[from] ability: Protean\n|-supereffective|p1a: Santa\n|-damage|p1a: Santa|62\/100\n|\n|t:|1683822686\n|switch|p2b: Chi-Yu|Chi-Yu, L50|100\/100|[from] U-turn\n|-ability|p2b: Chi-Yu|Beads of Ruin\n|move|p2a: Flutter Mane|Shadow Ball|p1a: Santa\n|-damage|p1a: Santa|0 fnt\n|faint|p1a: Santa\n|move|p1b: Arcanine|Flare Blitz|p2a: Flutter Mane\n|-damage|p2a: Flutter Mane|15\/100\n|-status|p2a: Flutter Mane|brn\n|-damage|p1b: Arcanine|78\/100|[from] Recoil\n|\n|-weather|Snow|[upkeep]\n|-damage|p2a: Flutter Mane|9\/100 brn|[from] brn\n|upkeep\n|\n|t:|1683822695\n|switch|p1a: Annihilape|Annihilape, L50, F, shiny|100\/100\n|turn|2\n|\n|t:|1683822735\n|-terastallize|p2b: Chi-Yu|Ghost\n|-terastallize|p1a: Annihilape|Fire\n|move|p1b: Arcanine|Extreme Speed|p2b: Chi-Yu\n|-immune|p2b: Chi-Yu\n|move|p2a: Flutter Mane|Shadow Ball|p1b: Arcanine\n|-damage|p1b: Arcanine|5\/100\n|move|p2b: Chi-Yu|Dark Pulse|p1a: Annihilape\n|-damage|p1a: Annihilape|56\/100\n|cant|p1a: Annihilape|flinch\n|\n|-weather|Snow|[upkeep]\n|-damage|p2a: Flutter Mane|3\/100 brn|[from] brn\n|upkeep\n|turn|3\n|\n|t:|1683822751\n|move|p1a: Annihilape|Protect|p1a: Annihilape\n|-singleturn|p1a: Annihilape|Protect\n|move|p2a: Flutter Mane|Shadow Ball|p1a: Annihilape\n|-activate|p1a: Annihilape|move: Protect\n|move|p2b: Chi-Yu|Heat Wave|p1a: Annihilape|[spread] p1b\n|-activate|p1a: Annihilape|move: Protect\n|-resisted|p1b: Arcanine\n|-crit|p1b: Arcanine\n|-damage|p1b: Arcanine|0 fnt\n|faint|p1b: Arcanine\n|\n|-weather|Snow|[upkeep]\n|-damage|p2a: Flutter Mane|0 fnt|[from] brn\n|faint|p2a: Flutter Mane\n|-end|p2a: Flutter Mane|Protosynthesis|[silent]\n|upkeep\n|\n|t:|1683822768\n|switch|p2a: Meowscarada|Meowscarada, L50, M|100\/100\n|switch|p1b: Eskimo|Iron Bundle, L50|100\/100\n|turn|4\n|\n|t:|1683822791\n|move|p2a: Meowscarada|Flower Trick|p1a: Annihilape\n|-start|p2a: Meowscarada|typechange|Grass|[from] ability: Protean\n|-resisted|p1a: Annihilape\n|-crit|p1a: Annihilape\n|-damage|p1a: Annihilape|31\/100\n|-enditem|p1a: Annihilape|Sitrus Berry|[eat]\n|-heal|p1a: Annihilape|56\/100|[from] item: Sitrus Berry\n|move|p1b: Eskimo|Blizzard|p2b: Chi-Yu|[spread] p2a,p2b\n|-supereffective|p2a: Meowscarada\n|-damage|p2a: Meowscarada|0 fnt\n|-damage|p2b: Chi-Yu|33\/100\n|faint|p2a: Meowscarada\n|move|p2b: Chi-Yu|Dark Pulse|p1a: Annihilape\n|-damage|p1a: Annihilape|11\/100\n|move|p1a: Annihilape|Rage Fist|p2b: Chi-Yu\n|-supereffective|p2b: Chi-Yu\n|-damage|p2b: Chi-Yu|0 fnt\n|faint|p2b: Chi-Yu\n|\n|-weather|Snow|[upkeep]\n|upkeep\n|\n|t:|1683822807\n|switch|p2a: Corviknight|Corviknight, L50, M|100\/100\n|turn|5\n|\n|t:|1683822813\n|move|p1b: Eskimo|Blizzard|p2a: Corviknight\n|-damage|p2a: Corviknight|37\/100\n|move|p1a: Annihilape|Rage Fist|p2a: Corviknight\n|-damage|p2a: Corviknight|0 fnt\n|faint|p2a: Corviknight\n|\n|win|AndrwApple\n|c|\u2606Moonlight Flutter|gg\n|c|\u2606AndrwApple|gg\n|l|\u2606AndrwApple\n","uploadtime":1683822839,"views":19,"p1id":"andrwapple","p2id":"moonlightflutter","formatid":"gen9vgc2023regulationc","rating":0,"private":0,"password":""}