{"id":"gen9vgc2023regulationc-1852686168","p1":"D4nkw33b","p2":"Skottymon","format":"[Gen 9] VGC 2023 Regulation C","log":"|j|\u2606D4nkw33b\n|j|\u2606Skottymon\n|t:|1682596279\n|gametype|doubles\n|player|p1|D4nkw33b|2|\n|player|p2|Skottymon|170|\n|teamsize|p1|6\n|teamsize|p2|6\n|gen|9\n|tier|[Gen 9] VGC 2023 Regulation C\n|rule|Species Clause: Limit one of each Pok\u00e9mon\n|rule|Item Clause: Limit one of each item\n|clearpoke\n|poke|p1|Indeedee-F, L50, F|\n|poke|p1|Gengar, L50, F|\n|poke|p1|Honchkrow, L50, M|\n|poke|p1|Tyranitar, L50, M|\n|poke|p1|Garchomp, L50, F|\n|poke|p1|Chi-Yu, L50|\n|poke|p2|Drednaw, L50, F|\n|poke|p2|Tsareena, L50, F|\n|poke|p2|Palossand, L50, M|\n|poke|p2|Annihilape, L50, F|\n|poke|p2|Maushold-Four, L50|\n|poke|p2|Talonflame, L50, M|\n|teampreview|4\n|c|\u2606Skottymon|gl hf\n|c|\u2606D4nkw33b|glhf\n|c|\u2606D4nkw33b|soz comp issue\n|\n|t:|1682596333\n|start\n|switch|p1a: Chi-Yu|Chi-Yu, L50|100\/100\n|switch|p1b: Indeedee|Indeedee-F, L50, F|100\/100\n|switch|p2a: Maushold|Maushold-Four, L50|100\/100\n|switch|p2b: Annihilape|Annihilape, L50, F|100\/100\n|-ability|p1a: Chi-Yu|Beads of Ruin\n|-fieldstart|move: Psychic Terrain|[from] ability: Psychic Surge|[of] p1b: Indeedee\n|turn|1\n|c|\u2606Skottymon|all good\n|\n|t:|1682596374\n|move|p1b: Indeedee|Follow Me|p1b: Indeedee\n|-singleturn|p1b: Indeedee|move: Follow Me\n|move|p2a: Maushold|Beat Up|p1b: Indeedee\n|-supereffective|p1b: Indeedee\n|-damage|p1b: Indeedee|96\/100\n|-supereffective|p1b: Indeedee\n|-damage|p1b: Indeedee|89\/100\n|-supereffective|p1b: Indeedee\n|-damage|p1b: Indeedee|82\/100\n|-supereffective|p1b: Indeedee\n|-damage|p1b: Indeedee|76\/100\n|-hitcount|p1b: Indeedee|4\n|move|p2b: Annihilape|Rage Fist|p1b: Indeedee\n|-immune|p1b: Indeedee\n|move|p1a: Chi-Yu|Heat Wave|p2b: Annihilape|[spread] p2a,p2b\n|-damage|p2a: Maushold|15\/100\n|-damage|p2b: Annihilape|46\/100\n|-enditem|p2a: Maushold|Sitrus Berry|[eat]\n|-heal|p2a: Maushold|40\/100|[from] item: Sitrus Berry\n|\n|-heal|p2b: Annihilape|52\/100|[from] item: Leftovers\n|upkeep\n|turn|2\n|\n|t:|1682596426\n|switch|p2a: Drednaw|Drednaw, L50, F|100\/100\n|-terastallize|p2b: Annihilape|Fire\n|move|p1b: Indeedee|Follow Me|p1b: Indeedee\n|-singleturn|p1b: Indeedee|move: Follow Me\n|move|p2b: Annihilape|Drain Punch|p1b: Indeedee\n|-damage|p1b: Indeedee|43\/100\n|-heal|p2b: Annihilape|65\/100|[from] drain|[of] p1b: Indeedee\n|-enditem|p1b: Indeedee|Sitrus Berry|[eat]\n|-heal|p1b: Indeedee|68\/100|[from] item: Sitrus Berry\n|move|p1a: Chi-Yu|Heat Wave|p2b: Annihilape|[spread] p2a,p2b\n|-resisted|p2a: Drednaw\n|-resisted|p2b: Annihilape\n|-damage|p2a: Drednaw|84\/100\n|-damage|p2b: Annihilape|28\/100\n|\n|-heal|p2b: Annihilape|34\/100|[from] item: Leftovers\n|upkeep\n|turn|3\n|\n|t:|1682596472\n|switch|p1a: Gengar|Gengar, L50, F|100\/100\n|move|p2b: Annihilape|Protect|p2b: Annihilape\n|-singleturn|p2b: Annihilape|Protect\n|move|p1b: Indeedee|Protect|p1b: Indeedee\n|-singleturn|p1b: Indeedee|Protect\n|move|p2a: Drednaw|Liquidation|p1a: Gengar\n|-damage|p1a: Gengar|27\/100\n|-start|p2a: Drednaw|Disable|Liquidation|[from] ability: Cursed Body|[of] p1a: Gengar\n|\n|-heal|p2b: Annihilape|40\/100|[from] item: Leftovers\n|upkeep\n|turn|4\n|\n|t:|1682596519\n|move|p1b: Indeedee|Protect|p1b: Indeedee\n|-singleturn|p1b: Indeedee|Protect\n|move|p2b: Annihilape|Rage Fist|p1a: Gengar\n|-supereffective|p1a: Gengar\n|-damage|p1a: Gengar|0 fnt\n|faint|p1a: Gengar\n|move|p2a: Drednaw|Rock Slide|p1b: Indeedee\n|-activate|p1b: Indeedee|move: Protect\n|\n|-heal|p2b: Annihilape|46\/100|[from] item: Leftovers\n|upkeep\n|\n|t:|1682596533\n|switch|p1a: Chi-Yu|Chi-Yu, L50|100\/100\n|-ability|p1a: Chi-Yu|Beads of Ruin\n|turn|5\n|\n|t:|1682596565\n|-terastallize|p1a: Chi-Yu|Water\n|move|p2b: Annihilape|Protect|p2b: Annihilape\n|-singleturn|p2b: Annihilape|Protect\n|move|p1b: Indeedee|Follow Me|p1b: Indeedee\n|-singleturn|p1b: Indeedee|move: Follow Me\n|move|p1a: Chi-Yu|Dark Pulse|p2a: Drednaw\n|-damage|p2a: Drednaw|2\/100\n|cant|p2a: Drednaw|flinch\n|\n|-heal|p2b: Annihilape|52\/100|[from] item: Leftovers\n|-fieldend|move: Psychic Terrain\n|upkeep\n|turn|6\n|\n|t:|1682596598\n|move|p1b: Indeedee|Helping Hand|p1a: Chi-Yu\n|-singleturn|p1a: Chi-Yu|Helping Hand|[of] p1b: Indeedee\n|move|p2b: Annihilape|Drain Punch|p1b: Indeedee\n|-damage|p1b: Indeedee|38\/100\n|-heal|p2b: Annihilape|64\/100|[from] drain|[of] p1b: Indeedee\n|move|p1a: Chi-Yu|Dark Pulse|p2b: Annihilape\n|-damage|p2b: Annihilape|0 fnt\n|faint|p2b: Annihilape\n|move|p2a: Drednaw|Rock Slide|p1a: Chi-Yu|[spread] p1b\n|-miss|p2a: Drednaw|p1a: Chi-Yu\n|-damage|p1b: Indeedee|12\/100\n|\n|-end|p2a: Drednaw|Disable\n|upkeep\n|\n|t:|1682596614\n|switch|p2b: Maushold|Maushold-Four, L50|40\/100\n|turn|7\n|\n|t:|1682596643\n|move|p1b: Indeedee|Follow Me|p1b: Indeedee\n|-singleturn|p1b: Indeedee|move: Follow Me\n|move|p2b: Maushold|Super Fang|p1b: Indeedee\n|-damage|p1b: Indeedee|7\/100\n|move|p1a: Chi-Yu|Dark Pulse|p2a: Drednaw\n|-damage|p2a: Drednaw|0 fnt\n|faint|p2a: Drednaw\n|\n|upkeep\n|\n|t:|1682596652\n|switch|p2a: Tsareena|Tsareena, L50, F|100\/100\n|turn|8\n|\n|t:|1682596689\n|switch|p1a: Honchkrow|Honchkrow, L50, M|100\/100\n|move|p1b: Indeedee|Protect|p1b: Indeedee\n|-singleturn|p1b: Indeedee|Protect\n|move|p2b: Maushold|Follow Me|p2b: Maushold\n|-singleturn|p2b: Maushold|move: Follow Me\n|move|p2a: Tsareena|Power Whip|p1a: Honchkrow\n|-resisted|p1a: Honchkrow\n|-damage|p1a: Honchkrow|63\/100\n|\n|upkeep\n|turn|9\n|\n|t:|1682596707\n|move|p1b: Indeedee|Helping Hand|p1a: Honchkrow\n|-singleturn|p1a: Honchkrow|Helping Hand|[of] p1b: Indeedee\n|move|p2b: Maushold|Beat Up|p1b: Indeedee\n|-supereffective|p1b: Indeedee\n|-damage|p1b: Indeedee|0 fnt\n|faint|p1b: Indeedee\n|-hitcount|p1: Indeedee|1\n|move|p2a: Tsareena|Play Rough|p1a: Honchkrow\n|-supereffective|p1a: Honchkrow\n|-damage|p1a: Honchkrow|0 fnt\n|faint|p1a: Honchkrow\n|\n|upkeep\n|\n|t:|1682596720\n|switch|p1a: Chi-Yu|Chi-Yu, L50, tera:Water|100\/100\n|-ability|p1a: Chi-Yu|Beads of Ruin\n|turn|10\n|\n|t:|1682596729\n|move|p2b: Maushold|Follow Me|p2b: Maushold\n|-singleturn|p2b: Maushold|move: Follow Me\n|move|p1a: Chi-Yu|Heat Wave|p2b: Maushold|[spread] p2a,p2b\n|-supereffective|p2a: Tsareena\n|-damage|p2a: Tsareena|0 fnt\n|-damage|p2b: Maushold|0 fnt\n|faint|p2a: Tsareena\n|faint|p2b: Maushold\n|\n|win|D4nkw33b\n|c|\u2606D4nkw33b|gg\n|c|\u2606Skottymon|damn gg\n|l|\u2606Skottymon\n|l|\u2606D4nkw33b\n|j|\u2606Skottymon\n|player|p2|Skottymon|170\n","uploadtime":1682596758,"views":15,"p1id":"d4nkw33b","p2id":"skottymon","formatid":"gen9vgc2023regulationc","rating":0,"private":0,"password":""}