{"id":"gen9vgc2023regulationc-1851683953","p1":"Dick Vanderclief","p2":"JWNORRIS","format":"[Gen 9] VGC 2023 Regulation C","log":"|j|\u2606Dick Vanderclief\n|j|\u2606JWNORRIS\n|t:|1682469587\n|gametype|doubles\n|player|p1|Dick Vanderclief|red-masters|1163\n|player|p2|JWNORRIS|cynthia-gen4|1082\n|teamsize|p1|6\n|teamsize|p2|6\n|gen|9\n|tier|[Gen 9] VGC 2023 Regulation C\n|rated|\n|rule|Species Clause: Limit one of each Pok\u00e9mon\n|rule|Item Clause: Limit one of each item\n|clearpoke\n|poke|p1|Palafin, L50, M|\n|poke|p1|Amoonguss, L50, F|\n|poke|p1|Dragonite, L50, M|\n|poke|p1|Chien-Pao, L50|\n|poke|p1|Chi-Yu, L50|\n|poke|p1|Iron Bundle, L50|\n|poke|p2|Cyclizar, L50, M|\n|poke|p2|Mimikyu, L50, M|\n|poke|p2|Flutter Mane, L50|\n|poke|p2|Gothitelle, L50, F|\n|poke|p2|Palafin, L50, M|\n|poke|p2|Amoonguss, L50, M|\n|teampreview|4\n|inactive|Battle timer is ON: inactive players will automatically lose when time's up. (requested by JWNORRIS)\n|inactive|JWNORRIS has 60 seconds left.\n|\n|t:|1682469618\n|start\n|switch|p1a: Iron Bundle|Iron Bundle, L50|100\/100\n|switch|p1b: Chi-Yu|Chi-Yu, L50|100\/100\n|switch|p2a: Flutter Mane|Flutter Mane, L50, shiny|100\/100\n|switch|p2b: Palafin|Palafin, L50, M, shiny|100\/100\n|-ability|p1b: Chi-Yu|Beads of Ruin\n|-enditem|p1a: Iron Bundle|Booster Energy\n|-activate|p1a: Iron Bundle|ability: Quark Drive|[fromitem]\n|-start|p1a: Iron Bundle|quarkdrivespe\n|-enditem|p2a: Flutter Mane|Booster Energy\n|-activate|p2a: Flutter Mane|ability: Protosynthesis|[fromitem]\n|-start|p2a: Flutter Mane|protosynthesisspe\n|turn|1\n|inactive|Dick Vanderclief has 30 seconds left.\n|inactive|Dick Vanderclief has 20 seconds left.\n|inactive|Dick Vanderclief has 15 seconds left.\n|\n|t:|1682469660\n|move|p1a: Iron Bundle|Icy Wind|p2a: Flutter Mane|[spread] p2a,p2b\n|-resisted|p2b: Palafin\n|-damage|p2a: Flutter Mane|76\/100\n|-damage|p2b: Palafin|87\/100\n|-unboost|p2a: Flutter Mane|spe|1\n|-unboost|p2b: Palafin|spe|1\n|move|p2a: Flutter Mane|Perish Song|p2a: Flutter Mane\n|-start|p1a: Iron Bundle|perish3|[silent]\n|-start|p1b: Chi-Yu|perish3|[silent]\n|-start|p2a: Flutter Mane|perish3|[silent]\n|-start|p2b: Palafin|perish3|[silent]\n|-fieldactivate|move: Perish Song\n|move|p1b: Chi-Yu|Heat Wave|p2a: Flutter Mane|[spread] p2a,p2b\n|-resisted|p2b: Palafin\n|-damage|p2a: Flutter Mane|7\/100\n|-damage|p2b: Palafin|47\/100\n|-status|p2b: Palafin|brn\n|move|p2b: Palafin|Flip Turn|p1b: Chi-Yu\n|-supereffective|p1b: Chi-Yu\n|-damage|p1b: Chi-Yu|77\/100\n|\n|t:|1682469674\n|detailschange|p2b: Palafin|Palafin-Hero, L50, M, shiny\n|switch|p2b: Gothitelle|Gothitelle, L50, F, shiny|100\/100|[from] Flip Turn\n|\n|-start|p1a: Iron Bundle|perish3\n|-start|p2a: Flutter Mane|perish3\n|-start|p1b: Chi-Yu|perish3\n|upkeep\n|turn|2\n|\n|t:|1682469687\n|-terastallize|p1a: Iron Bundle|Ghost\n|move|p2a: Flutter Mane|Protect|p2a: Flutter Mane\n|-singleturn|p2a: Flutter Mane|Protect\n|move|p2b: Gothitelle|Fake Out|p1b: Chi-Yu\n|-damage|p1b: Chi-Yu|69\/100\n|move|p1a: Iron Bundle|Icy Wind|p2a: Flutter Mane|[spread] p2b\n|-activate|p2a: Flutter Mane|move: Protect\n|-damage|p2b: Gothitelle|80\/100\n|-unboost|p2b: Gothitelle|spe|1\n|cant|p1b: Chi-Yu|flinch\n|\n|-start|p1a: Iron Bundle|perish2\n|-start|p2a: Flutter Mane|perish2\n|-start|p1b: Chi-Yu|perish2\n|upkeep\n|turn|3\n|\n|t:|1682469707\n|move|p2b: Gothitelle|Protect|p2b: Gothitelle\n|-singleturn|p2b: Gothitelle|Protect\n|move|p1a: Iron Bundle|Freeze-Dry|p2a: Flutter Mane\n|-damage|p2a: Flutter Mane|0 fnt\n|faint|p2a: Flutter Mane\n|-end|p2a: Flutter Mane|Protosynthesis|[silent]\n|move|p1b: Chi-Yu|Heat Wave|p2b: Gothitelle\n|-activate|p2b: Gothitelle|move: Protect\n|\n|-start|p1a: Iron Bundle|perish1\n|-start|p1b: Chi-Yu|perish1\n|upkeep\n|\n|t:|1682469716\n|switch|p2a: Mimikyu|Mimikyu, L50, M, shiny|100\/100\n|turn|4\n|\n|t:|1682469733\n|move|p2a: Mimikyu|Protect|p2a: Mimikyu\n|-singleturn|p2a: Mimikyu|Protect\n|move|p2b: Gothitelle|Protect||[still]\n|-fail|p2b: Gothitelle\n|move|p1a: Iron Bundle|Icy Wind|p2a: Mimikyu|[spread] p2b\n|-activate|p2a: Mimikyu|move: Protect\n|-damage|p2b: Gothitelle|62\/100\n|-unboost|p2b: Gothitelle|spe|1\n|move|p1b: Chi-Yu|Heat Wave|p2b: Gothitelle|[spread] p2b\n|-activate|p2a: Mimikyu|move: Protect\n|-damage|p2b: Gothitelle|8\/100\n|\n|-start|p1a: Iron Bundle|perish0\n|-start|p1b: Chi-Yu|perish0\n|faint|p1a: Iron Bundle\n|-end|p1a: Iron Bundle|Quark Drive|[silent]\n|faint|p1b: Chi-Yu\n|upkeep\n|\n|t:|1682469735\n|switch|p1a: Chien-Pao|Chien-Pao, L50|100\/100\n|switch|p1b: Dragonite|Dragonite, L50, M|100\/100\n|-ability|p1a: Chien-Pao|Sword of Ruin\n|turn|5\n|\n|t:|1682469755\n|move|p1a: Chien-Pao|Ice Spinner|p2a: Mimikyu\n|-activate|p2a: Mimikyu|ability: Disguise\n|-damage|p2a: Mimikyu|100\/100\n|detailschange|p2a: Mimikyu|Mimikyu-Busted, L50, M, shiny\n|-damage|p2a: Mimikyu|88\/100|[from] pokemon: Mimikyu-Busted\n|move|p2a: Mimikyu|Swords Dance|p2a: Mimikyu\n|-boost|p2a: Mimikyu|atk|2\n|move|p1b: Dragonite|Iron Head|p2a: Mimikyu\n|-supereffective|p2a: Mimikyu\n|-damage|p2a: Mimikyu|0 fnt\n|faint|p2a: Mimikyu\n|move|p2b: Gothitelle|Psychic|p1b: Dragonite\n|-damage|p1b: Dragonite|75\/100\n|\n|upkeep\n|\n|t:|1682469765\n|switch|p2a: Palafin|Palafin-Hero, L50, M, shiny|47\/100 brn\n|-activate|p2a: Palafin|ability: Zero to Hero\n|turn|6\n|\n|t:|1682469784\n|move|p1a: Chien-Pao|Sucker Punch|p2a: Palafin\n|-damage|p2a: Palafin|0 fnt\n|faint|p2a: Palafin\n|move|p1b: Dragonite|Iron Head|p2b: Gothitelle\n|-damage|p2b: Gothitelle|0 fnt\n|faint|p2b: Gothitelle\n|\n|win|Dick Vanderclief\n|raw|Dick Vanderclief's rating: 1163 → 1182<\/strong> (+19 for winning)\n|raw|JWNORRIS's rating: 1082 → 1065<\/strong> (-17 for losing)\n|l|\u2606JWNORRIS\n","uploadtime":1682469792,"views":27,"p1id":"dickvanderclief","p2id":"jwnorris","formatid":"gen9vgc2023regulationc","rating":1065,"private":0,"password":""}