{"id":"gen9vgc2023regulationc-1863263258","p1":"Arcacagne","p2":"BollyJones","format":"[Gen 9] VGC 2023 Regulation C","log":"|j|\u2606Arcacagne\n|j|\u2606BollyJones\n|t:|1683995243\n|gametype|doubles\n|player|p1|Arcacagne|169|1347\n|player|p2|BollyJones|1|1381\n|teamsize|p1|6\n|teamsize|p2|6\n|gen|9\n|tier|[Gen 9] VGC 2023 Regulation C\n|rated|\n|rule|Species Clause: Limit one of each Pok\u00e9mon\n|rule|Item Clause: Limit one of each item\n|clearpoke\n|poke|p1|Chi-Yu, L50|\n|poke|p1|Flutter Mane, L50|\n|poke|p1|Amoonguss, L50, F|\n|poke|p1|Ting-Lu, L50|\n|poke|p1|Iron Hands, L50|\n|poke|p1|Gyarados, L50, F|\n|poke|p2|Orthworm, L50, F|\n|poke|p2|Dragonite, L50, M|\n|poke|p2|Ting-Lu, L50|\n|poke|p2|Gyarados, L50, F|\n|poke|p2|Flutter Mane, L50|\n|poke|p2|Chien-Pao, L50|\n|teampreview|4\nBollyJones has agreed to open team sheets.\n|inactive|Battle timer is ON: inactive players will automatically lose when time's up. (requested by Arcacagne)\n|inactive|BollyJones has 60 seconds left.\n|\n|t:|1683995358\n|start\n|switch|p1a: Amoonguss|Amoonguss, L50, F|100\/100\n|switch|p1b: Iron Hands|Iron Hands, L50|100\/100\n|switch|p2a: Ting-Lu|Ting-Lu, L50|100\/100\n|switch|p2b: Gyarados|Gyarados, L50, F|100\/100\n|-ability|p2b: Gyarados|Intimidate|boost\n|-unboost|p1a: Amoonguss|atk|1\n|-unboost|p1b: Iron Hands|atk|1\n|-ability|p2a: Ting-Lu|Vessel of Ruin\n|turn|1\n|inactive|Arcacagne has 30 seconds left.\n|inactive|BollyJones has 30 seconds left.\n|\n|t:|1683995390\n|switch|p2a: Dragonite|Dragonite, L50, M|100\/100\n|-end|p1b: Iron Hands|Quark Drive|[silent]\n|switch|p1b: Gyarados|Gyarados, L50, F|100\/100\n|-ability|p1b: Gyarados|Intimidate|boost\n|-unboost|p2a: Dragonite|atk|1\n|-unboost|p2b: Gyarados|atk|1\n|move|p2b: Gyarados|Taunt|p1a: Amoonguss\n|-start|p1a: Amoonguss|move: Taunt\n|cant|p1a: Amoonguss|move: Taunt|Spore\n|\n|upkeep\n|turn|2\n|inactive|BollyJones has 30 seconds left.\n|\n|t:|1683995415\n|switch|p1a: Flutter Mane|Flutter Mane, L50|100\/100\n|-enditem|p1a: Flutter Mane|Booster Energy\n|-activate|p1a: Flutter Mane|ability: Protosynthesis|[fromitem]\n|-start|p1a: Flutter Mane|protosynthesisspe\n|move|p2a: Dragonite|Dragon Dance|p2a: Dragonite\n|-boost|p2a: Dragonite|atk|1\n|-boost|p2a: Dragonite|spe|1\n|move|p2b: Gyarados|Taunt|p1b: Gyarados\n|-start|p1b: Gyarados|move: Taunt\n|cant|p1b: Gyarados|move: Taunt|Thunder Wave\n|\n|upkeep\n|turn|3\n|inactive|BollyJones has 30 seconds left.\n|inactive|BollyJones has 20 seconds left.\n|inactive|BollyJones has 15 seconds left.\n|inactive|BollyJones has 10 seconds left.\n|\n|t:|1683995461\n|switch|p1b: Iron Hands|Iron Hands, L50|100\/100\n|-terastallize|p2a: Dragonite|Flying\n|move|p1a: Flutter Mane|Protect|p1a: Flutter Mane\n|-singleturn|p1a: Flutter Mane|Protect\n|move|p2a: Dragonite|Tera Blast|p1a: Flutter Mane\n|-activate|p1a: Flutter Mane|move: Protect\n|move|p2b: Gyarados|Thunder Wave|p1b: Iron Hands\n|-immune|p1b: Iron Hands\n|\n|upkeep\n|turn|4\n|inactive|BollyJones has 30 seconds left.\n|inactive|Arcacagne has 30 seconds left.\n|inactive|BollyJones has 20 seconds left.\n|inactive|BollyJones has 15 seconds left.\n|inactive|BollyJones has 10 seconds left.\n|\n|t:|1683995508\n|switch|p2b: Ting-Lu|Ting-Lu, L50|100\/100\n|-ability|p2b: Ting-Lu|Vessel of Ruin\n|move|p1b: Iron Hands|Fake Out|p2a: Dragonite\n|-damage|p2a: Dragonite|93\/100\n|move|p1a: Flutter Mane|Icy Wind|p2b: Ting-Lu|[spread] p2a,p2b\n|-supereffective|p2a: Dragonite\n|-supereffective|p2b: Ting-Lu\n|-damage|p2a: Dragonite|73\/100\n|-damage|p2b: Ting-Lu|85\/100\n|-unboost|p2a: Dragonite|spe|1\n|-unboost|p2b: Ting-Lu|spe|1\n|cant|p2a: Dragonite|flinch\n|\n|upkeep\n|turn|5\n|inactive|Arcacagne has 30 seconds left.\n|inactive|BollyJones has 30 seconds left.\n|\n|t:|1683995536\n|switch|p2a: Orthworm|Orthworm, L50, F|100\/100\n|-end|p1b: Iron Hands|Quark Drive|[silent]\n|switch|p1b: Gyarados|Gyarados, L50, F|100\/100\n|-ability|p1b: Gyarados|Intimidate|boost\n|-unboost|p2a: Orthworm|atk|1\n|-unboost|p2b: Ting-Lu|atk|1\n|-terastallize|p1a: Flutter Mane|Fairy\n|move|p1a: Flutter Mane|Dazzling Gleam|p2a: Orthworm|[spread] p2a,p2b\n|-resisted|p2a: Orthworm\n|-supereffective|p2b: Ting-Lu\n|-damage|p2a: Orthworm|84\/100\n|-damage|p2b: Ting-Lu|40\/100\n|move|p2b: Ting-Lu|Earthquake|p1b: Gyarados|[spread] p1a\n|-heal|p2a: Orthworm|100\/100|[from] ability: Earth Eater|[of] p2b: Ting-Lu\n|-immune|p1b: Gyarados\n|-damage|p1a: Flutter Mane|46\/100\n|\n|upkeep\n|turn|6\n|inactive|Arcacagne has 30 seconds left.\n|inactive|BollyJones has 30 seconds left.\n|\n|t:|1683995569\n|switch|p2b: Gyarados|Gyarados, L50, F|100\/100\n|-ability|p2b: Gyarados|Intimidate|boost\n|-unboost|p1a: Flutter Mane|atk|1\n|-unboost|p1b: Gyarados|atk|1\n|move|p1a: Flutter Mane|Dazzling Gleam|p2b: Gyarados|[spread] p2a,p2b\n|-resisted|p2a: Orthworm\n|-damage|p2a: Orthworm|78\/100\n|-damage|p2b: Gyarados|70\/100\n|move|p1b: Gyarados|Taunt|p2a: Orthworm\n|-start|p2a: Orthworm|move: Taunt\n|move|p2a: Orthworm|Heavy Slam|p1a: Flutter Mane\n|-supereffective|p1a: Flutter Mane\n|-damage|p1a: Flutter Mane|0 fnt\n|faint|p1a: Flutter Mane\n|-end|p1a: Flutter Mane|Protosynthesis|[silent]\n|\n|upkeep\n|\n|t:|1683995582\n|switch|p1a: Iron Hands|Iron Hands, L50|100\/100\n|turn|7\n|inactive|BollyJones has 30 seconds left.\n|inactive|Arcacagne has 30 seconds left.\n|inactive|BollyJones has 20 seconds left.\n|inactive|BollyJones has 15 seconds left.\n|inactive|BollyJones has 10 seconds left.\n|inactive|BollyJones has 5 seconds left.\n|\n|t:|1683995633\n|switch|p2a: Dragonite|Dragonite, L50, M, tera:Flying|73\/100\n|move|p2b: Gyarados|Taunt|p1b: Gyarados\n|-start|p1b: Gyarados|move: Taunt\n|cant|p1b: Gyarados|move: Taunt|Thunder Wave\n|move|p1a: Iron Hands|Swords Dance|p1a: Iron Hands\n|-boost|p1a: Iron Hands|atk|2\n|\n|upkeep\n|turn|8\n|inactive|BollyJones has 30 seconds left.\n|inactive|BollyJones has 20 seconds left.\n|inactive|BollyJones has 15 seconds left.\n|inactive|BollyJones has 10 seconds left.\n|inactive|BollyJones has 5 seconds left.\n|\n|t:|1683995686\n|move|p2a: Dragonite|Earthquake|p1b: Gyarados|[spread] p1a\n|-immune|p2b: Gyarados\n|-immune|p1b: Gyarados\n|-supereffective|p1a: Iron Hands\n|-damage|p1a: Iron Hands|66\/100\n|move|p2b: Gyarados|Thunder Wave|p1b: Gyarados\n|-status|p1b: Gyarados|par\n|move|p1a: Iron Hands|Thunder Punch|p2a: Dragonite\n|-supereffective|p2a: Dragonite\n|-damage|p2a: Dragonite|0 fnt\n|faint|p2a: Dragonite\n|move|p1b: Gyarados|Waterfall|p2b: Gyarados\n|-resisted|p2b: Gyarados\n|-damage|p2b: Gyarados|59\/100\n|\n|upkeep\n|inactive|BollyJones has 30 seconds left.\n|inactive|BollyJones has 20 seconds left.\n|\n|t:|1683995721\n|switch|p2a: Ting-Lu|Ting-Lu, L50|40\/100\n|-ability|p2a: Ting-Lu|Vessel of Ruin\n|turn|9\n|\n|t:|1683995745\n|switch|p1b: Amoonguss|Amoonguss, L50, F|100\/100\n|move|p2b: Gyarados|Waterfall|p1a: Iron Hands\n|-damage|p1a: Iron Hands|44\/100\n|move|p2a: Ting-Lu|Earthquake|p1b: Amoonguss|[spread] p1a,p1b\n|-immune|p2b: Gyarados\n|-supereffective|p1a: Iron Hands\n|-damage|p1a: Iron Hands|0 fnt\n|-damage|p1b: Amoonguss|57\/100\n|faint|p1a: Iron Hands\n|-end|p1a: Iron Hands|Quark Drive|[silent]\n|\n|upkeep\n|\n|t:|1683995756\n|switch|p1a: Gyarados|Gyarados, L50, F|100\/100 par\n|-ability|p1a: Gyarados|Intimidate|boost\n|-unboost|p2a: Ting-Lu|atk|1\n|-unboost|p2b: Gyarados|atk|1\n|turn|10\n|-message|Arcacagne forfeited.\n|\n|win|BollyJones\n|raw|Arcacagne's rating: 1347 → 1329<\/strong> (-18 for losing)\n|raw|BollyJones's rating: 1381 → 1399<\/strong> (+18 for winning)\n","uploadtime":1683995770,"views":5,"p1id":"arcacagne","p2id":"bollyjones","formatid":"gen9vgc2023regulationc","rating":1329,"private":0,"password":""}