{"id":"gen9vgc2023regulationc-1861295034","p1":"FanPoke2011","p2":"AguaSteppin'","format":"[Gen 9] VGC 2023 Regulation C","log":"|j|\u2606FanPoke2011\n|j|\u2606AguaSteppin'\n|t:|1683743343\n|gametype|doubles\n|player|p1|FanPoke2011|blackbelt-gen4dp|1470\n|player|p2|AguaSteppin'|red|1444\n|teamsize|p1|6\n|teamsize|p2|6\n|gen|9\n|tier|[Gen 9] VGC 2023 Regulation C\n|rated|\n|rule|Species Clause: Limit one of each Pok\u00e9mon\n|rule|Item Clause: Limit one of each item\n|clearpoke\n|poke|p1|Chien-Pao, L50|\n|poke|p1|Dragonite, L50, F|\n|poke|p1|Flutter Mane, L50|\n|poke|p1|Volcarona, L50, M|\n|poke|p1|Gyarados, L50, M|\n|poke|p1|Garganacl, L50, F|\n|poke|p2|Iron Bundle, L50|\n|poke|p2|Maushold, L50|\n|poke|p2|Gholdengo, L50|\n|poke|p2|Great Tusk, L50|\n|poke|p2|Talonflame, L50, M|\n|poke|p2|Flutter Mane, L50|\n|teampreview|4\n|inactive|Battle timer is ON: inactive players will automatically lose when time's up. (requested by AguaSteppin')\nFanPoke2011 has agreed to open team sheets.\n|inactive|FanPoke2011 has 60 seconds left.\n|inactive|AguaSteppin' has 60 seconds left.\n|\n|t:|1683743395\n|start\n|switch|p1a: Diego|Chien-Pao, L50|100\/100\n|switch|p1b: Cecilia|Dragonite, L50, F, shiny|100\/100\n|switch|p2a: CaptainCold|Talonflame, L50, M|100\/100\n|switch|p2b: Gholdenjoe|Gholdengo, L50|100\/100\n|-ability|p1a: Diego|Sword of Ruin\n|turn|1\n|inactive|FanPoke2011 has 30 seconds left.\n|inactive|FanPoke2011 has 20 seconds left.\n|inactive|FanPoke2011 has 15 seconds left.\n|\n|t:|1683743437\n|-terastallize|p1b: Cecilia|Normal\n|move|p2a: CaptainCold|Quick Guard|p2a: CaptainCold\n|-singleturn|p2a: CaptainCold|Quick Guard\n|move|p1b: Cecilia|Extreme Speed|p2a: CaptainCold\n|-activate|p2a: CaptainCold|move: Quick Guard\n|move|p1a: Diego|Sucker Punch|p2b: Gholdenjoe\n|-activate|p2b: Gholdenjoe|move: Quick Guard\n|move|p2b: Gholdenjoe|Make It Rain|p1b: Cecilia|[spread] p1a,p1b\n|-supereffective|p1a: Diego\n|-enditem|p1a: Diego|Focus Sash\n|-damage|p1a: Diego|1\/100\n|-damage|p1b: Cecilia|53\/100\n|-unboost|p2b: Gholdenjoe|spa|1\n|\n|upkeep\n|turn|2\n|\n|t:|1683743461\n|move|p2a: CaptainCold|Quick Guard|p2a: CaptainCold\n|-singleturn|p2a: CaptainCold|Quick Guard\n|move|p1a: Diego|Sucker Punch|p2b: Gholdenjoe\n|-activate|p2b: Gholdenjoe|move: Quick Guard\n|move|p2b: Gholdenjoe|Make It Rain|p1b: Cecilia|[spread] p1a,p1b\n|-supereffective|p1a: Diego\n|-damage|p1a: Diego|0 fnt\n|-damage|p1b: Cecilia|22\/100\n|-unboost|p2b: Gholdenjoe|spa|1\n|faint|p1a: Diego\n|move|p1b: Cecilia|Fire Punch|p2b: Gholdenjoe\n|-supereffective|p2b: Gholdenjoe\n|-damage|p2b: Gholdenjoe|32\/100\n|-damage|p1b: Cecilia|12\/100|[from] item: Life Orb\n|\n|-heal|p2b: Gholdenjoe|38\/100|[from] item: Leftovers\n|upkeep\n|\n|t:|1683743467\n|switch|p1a: Garganacl|Garganacl, L50, F|100\/100\n|turn|3\n|\n|t:|1683743491\n|switch|p2b: Miska|Maushold, L50|100\/100\n|move|p1b: Cecilia|Protect|p1b: Cecilia\n|-singleturn|p1b: Cecilia|Protect\n|move|p2a: CaptainCold|Brave Bird|p1b: Cecilia\n|-activate|p1b: Cecilia|move: Protect\n|move|p1a: Garganacl|Salt Cure|p2a: CaptainCold\n|-supereffective|p2a: CaptainCold\n|-damage|p2a: CaptainCold|37\/100\n|-start|p2a: CaptainCold|Salt Cure\n|\n|-damage|p2a: CaptainCold|25\/100|[from] Salt Cure\n|upkeep\n|turn|4\n|\n|t:|1683743511\n|move|p2b: Miska|Feint|p1b: Cecilia\n|-damage|p1b: Cecilia|2\/100\n|move|p1b: Cecilia|Extreme Speed|p2a: CaptainCold\n|-damage|p2a: CaptainCold|0 fnt\n|faint|p2a: CaptainCold\n|-damage|p1b: Cecilia|0 fnt|[from] item: Life Orb\n|faint|p1b: Cecilia\n|move|p1a: Garganacl|Salt Cure|p2b: Miska\n|-damage|p2b: Miska|82\/100\n|-start|p2b: Miska|Salt Cure\n|\n|-damage|p2b: Miska|70\/100|[from] Salt Cure\n|upkeep\n|\n|t:|1683743521\n|switch|p2a: Gholdenjoe|Gholdengo, L50|38\/100\n|switch|p1b: Toxicidad|Flutter Mane, L50|100\/100\n|-enditem|p1b: Toxicidad|Booster Energy\n|-activate|p1b: Toxicidad|ability: Protosynthesis|[fromitem]\n|-start|p1b: Toxicidad|protosynthesisspa\n|turn|5\n|\n|t:|1683743543\n|move|p1a: Garganacl|Wide Guard|p1a: Garganacl\n|-singleturn|p1a: Garganacl|Wide Guard\n|move|p2b: Miska|Feint|p1a: Garganacl\n|-activate|p1a: Garganacl|move: Feint\n|-resisted|p1a: Garganacl\n|-damage|p1a: Garganacl|98\/100\n|move|p1b: Toxicidad|Moonblast|p2b: Miska\n|-damage|p2b: Miska|0 fnt\n|faint|p2b: Miska\n|move|p2a: Gholdenjoe|Make It Rain|p1a: Garganacl|[spread] p1a,p1b\n|-supereffective|p1a: Garganacl\n|-supereffective|p1b: Toxicidad\n|-damage|p1a: Garganacl|28\/100\n|-damage|p1b: Toxicidad|1\/100\n|-unboost|p2a: Gholdenjoe|spa|1\n|\n|-heal|p2a: Gholdenjoe|44\/100|[from] item: Leftovers\n|-heal|p1a: Garganacl|34\/100|[from] item: Leftovers\n|upkeep\n|\n|t:|1683743558\n|switch|p2b: Trunks|Great Tusk, L50|100\/100\n|turn|6\n|\n|t:|1683743581\n|-terastallize|p2b: Trunks|Fire\n|move|p1a: Garganacl|Wide Guard|p1a: Garganacl\n|-singleturn|p1a: Garganacl|Wide Guard\n|move|p2b: Trunks|Headlong Rush|p1b: Toxicidad\n|-damage|p1b: Toxicidad|0 fnt\n|-unboost|p2b: Trunks|def|1\n|-unboost|p2b: Trunks|spd|1\n|faint|p1b: Toxicidad\n|-end|p1b: Toxicidad|Protosynthesis|[silent]\n|move|p2a: Gholdenjoe|Shadow Ball|p1a: Garganacl\n|-damage|p1a: Garganacl|22\/100\n|-unboost|p1a: Garganacl|spd|1\n|\n|-heal|p2a: Gholdenjoe|50\/100|[from] item: Leftovers\n|-heal|p1a: Garganacl|28\/100|[from] item: Leftovers\n|upkeep\n|turn|7\n|-message|FanPoke2011 forfeited.\n|\n|win|AguaSteppin'\n|raw|FanPoke2011's rating: 1470 → 1449<\/strong> (-21 for losing)\n|raw|AguaSteppin''s rating: 1444 → 1465<\/strong> (+21 for winning)\n|l|\u2606FanPoke2011\n","uploadtime":1683743734,"views":16,"p1id":"fanpoke2011","p2id":"aguasteppin","formatid":"gen9vgc2023regulationc","rating":1449,"private":0,"password":""}