{"id":"gen9vgc2023regulationc-1846353361","p1":"probrn","p2":"ccmirai","format":"[Gen 9] VGC 2023 Regulation C","log":"|j|\u2606probrn\n|j|\u2606ccmirai\n|t:|1681834044\n|gametype|doubles\n|player|p1|probrn|grimsley|1572\n|player|p2|ccmirai|101|1538\n|teamsize|p1|6\n|teamsize|p2|6\n|gen|9\n|tier|[Gen 9] VGC 2023 Regulation C\n|rated|\n|rule|Species Clause: Limit one of each Pok\u00e9mon\n|rule|Item Clause: Limit one of each item\n|clearpoke\n|poke|p1|Wo-Chien, L50|\n|poke|p1|Arcanine, L50, F|\n|poke|p1|Glimmora, L50, M|\n|poke|p1|Dondozo, L50, M|\n|poke|p1|Tatsugiri-Droopy, L50, M|\n|poke|p1|Garganacl, L50, M|\n|poke|p2|Ting-Lu, L50|\n|poke|p2|Gyarados, L50, M|\n|poke|p2|Glimmora, L50, F|\n|poke|p2|Wo-Chien, L50|\n|poke|p2|Chien-Pao, L50|\n|poke|p2|Scizor, L50, M|\n|teampreview|4\nprobrn has agreed to open team sheets.\n|inactive|Battle timer is ON: inactive players will automatically lose when time's up. (requested by probrn)\n|\n|t:|1681834094\n|start\n|switch|p1a: Arcanine|Arcanine, L50, F|100\/100\n|switch|p1b: Glimmora|Glimmora, L50, M|100\/100\n|switch|p2a: Glimmora|Glimmora, L50, F|100\/100\n|switch|p2b: Scizor|Scizor, L50, M|100\/100\n|-ability|p1a: Arcanine|Intimidate|boost\n|-unboost|p2a: Glimmora|atk|1\n|-unboost|p2b: Scizor|atk|1\n|turn|1\n|inactive|probrn has 30 seconds left.\n|inactive|ccmirai has 30 seconds left.\n|inactive|probrn has 20 seconds left.\n|inactive|ccmirai has 20 seconds left.\n|inactive|ccmirai has 15 seconds left.\n|\n|t:|1681834135\n|switch|p2a: Gyarados|Gyarados, L50, M|100\/100\n|-ability|p2a: Gyarados|Intimidate|boost\n|-unboost|p1a: Arcanine|atk|1\n|-unboost|p1b: Glimmora|atk|1\n|-terastallize|p1b: Glimmora|Grass\n|-terastallize|p2b: Scizor|Fire\n|move|p1b: Glimmora|Earth Power|p2a: Gyarados\n|-immune|p2a: Gyarados\n|move|p1a: Arcanine|Will-O-Wisp|p2b: Scizor|[miss]\n|-miss|p1a: Arcanine|p2b: Scizor\n|move|p2b: Scizor|Swords Dance|p2b: Scizor\n|-boost|p2b: Scizor|atk|2\n|\n|upkeep\n|turn|2\n|\n|t:|1681834155\n|switch|p1a: Dondozo|Dondozo, L50, M|100\/100\n|move|p2b: Scizor|Protect|p2b: Scizor\n|-singleturn|p2b: Scizor|Protect\n|move|p1b: Glimmora|Mortal Spin|p2a: Gyarados|[spread] p2a\n|-activate|p2b: Scizor|move: Protect\n|-damage|p2a: Gyarados|98\/100\n|-status|p2a: Gyarados|psn\n|move|p2a: Gyarados|Thunder Wave|p1b: Glimmora\n|-status|p1b: Glimmora|par\n|\n|-damage|p2a: Gyarados|85\/100 psn|[from] psn\n|upkeep\n|turn|3\n|\n|t:|1681834177\n|move|p2a: Gyarados|Waterfall|p1b: Glimmora\n|-resisted|p1b: Glimmora\n|-damage|p1b: Glimmora|80\/100 par\n|-activate|p1b: Glimmora|ability: Toxic Debris\n|-sidestart|p2: ccmirai|move: Toxic Spikes\n|move|p2b: Scizor|Pounce|p1b: Glimmora\n|-supereffective|p1b: Glimmora\n|-damage|p1b: Glimmora|0 fnt\n|-activate|p1b: Glimmora|ability: Toxic Debris\n|-sidestart|p2: ccmirai|move: Toxic Spikes\n|faint|p1b: Glimmora\n|move|p1a: Dondozo|Substitute|p1a: Dondozo\n|-start|p1a: Dondozo|Substitute\n|-damage|p1a: Dondozo|76\/100\n|\n|-heal|p1a: Dondozo|82\/100|[from] item: Leftovers\n|-damage|p2a: Gyarados|73\/100 psn|[from] psn\n|upkeep\n|\n|t:|1681834189\n|switch|p1b: Tatsugiri|Tatsugiri-Droopy, L50, M|100\/100\n|-activate|p1b: Tatsugiri|ability: Commander|[of] p1a: Dondozo\n|-boost|p1a: Dondozo|atk|2\n|-boost|p1a: Dondozo|spa|2\n|-boost|p1a: Dondozo|spe|2\n|-boost|p1a: Dondozo|def|2\n|-boost|p1a: Dondozo|spd|2\n|turn|4\n|\n|t:|1681834200\n|switch|p2a: Glimmora|Glimmora, L50, F|100\/100\n|-sideend|p2: ccmirai|move: Toxic Spikes|[of] p2a: Glimmora\n|move|p2b: Scizor|Protect|p2b: Scizor\n|-singleturn|p2b: Scizor|Protect\n|move|p1a: Dondozo|Earthquake|p2a: Glimmora|[spread] p2a\n|-miss|p1a: Dondozo|p1b: Tatsugiri\n|-activate|p2b: Scizor|move: Protect\n|-supereffective|p2a: Glimmora\n|-damage|p2a: Glimmora|0 fnt\n|faint|p2a: Glimmora\n|\n|-heal|p1a: Dondozo|88\/100|[from] item: Leftovers\n|upkeep\n|\n|t:|1681834209\n|switch|p2a: Wo-Chien|Wo-Chien, L50|100\/100\n|-ability|p2a: Wo-Chien|Tablets of Ruin\n|turn|5\n|\n|t:|1681834220\n|move|p1a: Dondozo|Order Up|p2a: Wo-Chien\n|-damage|p2a: Wo-Chien|76\/100\n|-boost|p1a: Dondozo|def|1\n|move|p2a: Wo-Chien|Giga Drain|p1a: Dondozo\n|-supereffective|p1a: Dondozo\n|-activate|p1a: Dondozo|move: Substitute|[damage]\n|-heal|p2a: Wo-Chien|87\/100|[from] drain|[of] p1a: Dondozo\n|move|p2b: Scizor|Pounce|p1a: Dondozo\n|-activate|p1a: Dondozo|move: Substitute|[damage]\n|\n|-heal|p1a: Dondozo|94\/100|[from] item: Leftovers\n|-heal|p2a: Wo-Chien|94\/100|[from] item: Leftovers\n|upkeep\n|turn|6\n|inactive|ccmirai has 30 seconds left.\n|inactive|ccmirai has 20 seconds left.\n|\n|t:|1681834260\n|move|p2b: Scizor|Bullet Punch|p1a: Dondozo\n|-resisted|p1a: Dondozo\n|-end|p1a: Dondozo|Substitute\n|move|p1a: Dondozo|Substitute|p1a: Dondozo\n|-start|p1a: Dondozo|Substitute\n|-damage|p1a: Dondozo|69\/100\n|move|p2a: Wo-Chien|Leech Seed||[still]\n|-fail|p2a: Wo-Chien\n|\n|-heal|p1a: Dondozo|75\/100|[from] item: Leftovers\n|-heal|p2a: Wo-Chien|99\/100|[from] item: Leftovers\n|upkeep\n|turn|7\n|\n|t:|1681834274\n|move|p1a: Dondozo|Earthquake|p2a: Wo-Chien|[spread] p2a,p2b\n|-miss|p1a: Dondozo|p1b: Tatsugiri\n|-resisted|p2a: Wo-Chien\n|-supereffective|p2b: Scizor\n|-damage|p2a: Wo-Chien|89\/100\n|-damage|p2b: Scizor|53\/100\n|move|p2a: Wo-Chien|Giga Drain|p1a: Dondozo\n|-supereffective|p1a: Dondozo\n|-activate|p1a: Dondozo|move: Substitute|[damage]\n|-heal|p2a: Wo-Chien|100\/100|[from] drain|[of] p1a: Dondozo\n|move|p2b: Scizor|Pounce|p1a: Dondozo\n|-end|p1a: Dondozo|Substitute\n|\n|-heal|p1a: Dondozo|81\/100|[from] item: Leftovers\n|upkeep\n|turn|8\n|\n|t:|1681834293\n|switch|p2b: Gyarados|Gyarados, L50, M|73\/100 psn\n|-ability|p2b: Gyarados|Intimidate|boost\n|-unboost|p1a: Dondozo|atk|1\n|-unboost|p1b: Tatsugiri|atk|1\n|move|p1a: Dondozo|Substitute|p1a: Dondozo\n|-start|p1a: Dondozo|Substitute\n|-damage|p1a: Dondozo|56\/100\n|move|p2a: Wo-Chien|Giga Drain|p1a: Dondozo\n|-supereffective|p1a: Dondozo\n|-activate|p1a: Dondozo|move: Substitute|[damage]\n|\n|-heal|p1a: Dondozo|62\/100|[from] item: Leftovers\n|-damage|p2b: Gyarados|60\/100 psn|[from] psn\n|upkeep\n|turn|9\n|\n|t:|1681834306\n|move|p1a: Dondozo|Order Up|p2a: Wo-Chien\n|-damage|p2a: Wo-Chien|83\/100\n|-boost|p1a: Dondozo|def|1\n|move|p2b: Gyarados|Taunt|p1a: Dondozo\n|-start|p1a: Dondozo|move: Taunt\n|move|p2a: Wo-Chien|Giga Drain|p1a: Dondozo\n|-supereffective|p1a: Dondozo\n|-end|p1a: Dondozo|Substitute\n|-heal|p2a: Wo-Chien|86\/100|[from] drain|[of] p1a: Dondozo\n|\n|-heal|p1a: Dondozo|68\/100|[from] item: Leftovers\n|-heal|p2a: Wo-Chien|93\/100|[from] item: Leftovers\n|-damage|p2b: Gyarados|48\/100 psn|[from] psn\n|upkeep\n|-enditem|p2b: Gyarados|Sitrus Berry|[eat]\n|-heal|p2b: Gyarados|73\/100 psn|[from] item: Sitrus Berry\n|turn|10\n|\n|t:|1681834323\n|move|p1a: Dondozo|Order Up|p2a: Wo-Chien\n|-damage|p2a: Wo-Chien|73\/100\n|-boost|p1a: Dondozo|def|1\n|move|p2b: Gyarados|Thunder Wave|p1a: Dondozo\n|-status|p1a: Dondozo|par\n|move|p2a: Wo-Chien|Leech Seed|p1a: Dondozo\n|-start|p1a: Dondozo|move: Leech Seed\n|\n|-heal|p2a: Wo-Chien|80\/100|[from] item: Leftovers\n|-heal|p1a: Dondozo|74\/100 par|[from] item: Leftovers\n|-damage|p1a: Dondozo|62\/100 par|[from] Leech Seed|[of] p2a: Wo-Chien\n|-heal|p2a: Wo-Chien|95\/100|[silent]\n|-damage|p2b: Gyarados|60\/100 psn|[from] psn\n|upkeep\n|turn|11\n|inactive|ccmirai has 30 seconds left.\n|\n|t:|1681834349\n|move|p2b: Gyarados|Waterfall|p1a: Dondozo\n|-resisted|p1a: Dondozo\n|-damage|p1a: Dondozo|59\/100 par\n|move|p2a: Wo-Chien|Pollen Puff|p2b: Gyarados\n|-heal|p2b: Gyarados|100\/100 psn\n|move|p1a: Dondozo|Earthquake|p2b: Gyarados|[spread] p2a\n|-miss|p1a: Dondozo|p1b: Tatsugiri\n|-immune|p2b: Gyarados\n|-resisted|p2a: Wo-Chien\n|-damage|p2a: Wo-Chien|85\/100\n|\n|-heal|p2a: Wo-Chien|92\/100|[from] item: Leftovers\n|-heal|p1a: Dondozo|65\/100 par|[from] item: Leftovers\n|-damage|p1a: Dondozo|53\/100 par|[from] Leech Seed|[of] p2a: Wo-Chien\n|-heal|p2a: Wo-Chien|100\/100|[silent]\n|-damage|p2b: Gyarados|88\/100 psn|[from] psn\n|upkeep\n|turn|12\n|inactive|probrn has 30 seconds left.\n|\n|t:|1681834375\n|move|p2b: Gyarados|Waterfall|p1a: Dondozo\n|-resisted|p1a: Dondozo\n|-damage|p1a: Dondozo|50\/100 par\n|move|p2a: Wo-Chien|Giga Drain|p1a: Dondozo\n|-supereffective|p1a: Dondozo\n|-damage|p1a: Dondozo|32\/100 par\n|move|p1a: Dondozo|Order Up|p2a: Wo-Chien\n|-crit|p2a: Wo-Chien\n|-damage|p2a: Wo-Chien|70\/100\n|-boost|p1a: Dondozo|def|1\n|\n|-heal|p2a: Wo-Chien|76\/100|[from] item: Leftovers\n|-heal|p1a: Dondozo|38\/100 par|[from] item: Leftovers\n|-damage|p1a: Dondozo|25\/100 par|[from] Leech Seed|[of] p2a: Wo-Chien\n|-heal|p2a: Wo-Chien|91\/100|[silent]\n|-damage|p2b: Gyarados|76\/100 psn|[from] psn\n|-end|p1a: Dondozo|move: Taunt\n|upkeep\n|turn|13\n|\n|t:|1681834394\n|switch|p2b: Scizor|Scizor, L50, M, tera:Fire|53\/100\n|move|p2a: Wo-Chien|Pollen Puff|p2b: Scizor\n|-heal|p2b: Scizor|100\/100\n|cant|p1a: Dondozo|par\n|\n|-heal|p2a: Wo-Chien|97\/100|[from] item: Leftovers\n|-heal|p1a: Dondozo|31\/100 par|[from] item: Leftovers\n|-damage|p1a: Dondozo|19\/100 par|[from] Leech Seed|[of] p2a: Wo-Chien\n|-heal|p2a: Wo-Chien|100\/100|[silent]\n|upkeep\n|turn|14\n|j| ScV Gengar\n|inactive|ccmirai has 30 seconds left.\n|\n|t:|1681834423\n|move|p2a: Wo-Chien|Protect|p2a: Wo-Chien\n|-singleturn|p2a: Wo-Chien|Protect\n|move|p2b: Scizor|Swords Dance|p2b: Scizor\n|-boost|p2b: Scizor|atk|2\n|cant|p1a: Dondozo|par\n|\n|-heal|p1a: Dondozo|25\/100 par|[from] item: Leftovers\n|-damage|p1a: Dondozo|12\/100 par|[from] Leech Seed|[of] p2a: Wo-Chien\n|upkeep\n|turn|15\n|\n|t:|1681834433\n|move|p2a: Wo-Chien|Giga Drain|p1a: Dondozo\n|-supereffective|p1a: Dondozo\n|-damage|p1a: Dondozo|0 fnt\n|faint|p1a: Dondozo\n|move|p2b: Scizor|Pounce|p1b: Tatsugiri\n|-damage|p1b: Tatsugiri|18\/100\n|-unboost|p1b: Tatsugiri|spe|1\n|\n|upkeep\n|\n|t:|1681834437\n|switch|p1a: Arcanine|Arcanine, L50, F|100\/100\n|-ability|p1a: Arcanine|Intimidate|boost\n|-unboost|p2a: Wo-Chien|atk|1\n|-unboost|p2b: Scizor|atk|1\n|turn|16\n|\n|t:|1681834445\n|switch|p2a: Gyarados|Gyarados, L50, M|76\/100 psn\n|-ability|p2a: Gyarados|Intimidate|boost\n|-unboost|p1a: Arcanine|atk|1\n|-unboost|p1b: Tatsugiri|atk|1\n|move|p2b: Scizor|Bullet Punch|p1b: Tatsugiri\n|-resisted|p1b: Tatsugiri\n|-damage|p1b: Tatsugiri|0 fnt\n|faint|p1b: Tatsugiri\n|move|p1a: Arcanine|Flare Blitz|p2a: Gyarados\n|-resisted|p2a: Gyarados\n|-damage|p2a: Gyarados|61\/100 psn\n|-damage|p1a: Arcanine|95\/100|[from] Recoil\n|\n|-damage|p2a: Gyarados|49\/100 psn|[from] psn\n|upkeep\n|turn|17\n|-message|probrn forfeited.\n|\n|win|ccmirai\n|raw|probrn's rating: 1572 → 1550<\/strong> (-22 for losing)\n|raw|ccmirai's rating: 1538 → 1560<\/strong> (+22 for winning)\n|l|\u2606probrn\n","uploadtime":1681834497,"views":21,"p1id":"probrn","p2id":"ccmirai","formatid":"gen9vgc2023regulationc","rating":1550,"private":0,"password":""}