{"id":"gen9vgc2023regulationc-1853211383","p1":"Wal42","p2":"TeacherGus","format":"[Gen 9] VGC 2023 Regulation C","log":"|j|\u2606Wal42\n|j|\u2606TeacherGus\n|t:|1682649195\n|gametype|doubles\n|player|p1|Wal42|265|1145\n|player|p2|TeacherGus|266|1132\n|teamsize|p1|6\n|teamsize|p2|6\n|gen|9\n|tier|[Gen 9] VGC 2023 Regulation C\n|rated|\n|rule|Species Clause: Limit one of each Pok\u00e9mon\n|rule|Item Clause: Limit one of each item\n|clearpoke\n|poke|p1|Ting-Lu, L50|\n|poke|p1|Amoonguss, L50, F|\n|poke|p1|Arcanine, L50, M|\n|poke|p1|Flutter Mane, L50|\n|poke|p1|Palafin, L50, M|\n|poke|p1|Baxcalibur, L50, M|\n|poke|p2|Palafin, L50, M|\n|poke|p2|Chien-Pao, L50|\n|poke|p2|Dragapult, L50, M|\n|poke|p2|Amoonguss, L50, M|\n|poke|p2|Arcanine, L50, F|\n|poke|p2|Flutter Mane, L50|\n|teampreview|4\n|\n|t:|1682649294\n|start\n|switch|p1a: Ting-Lu|Ting-Lu, L50|100\/100\n|switch|p1b: Palafin|Palafin, L50, M, shiny|100\/100\n|switch|p2a: ChiYu|Arcanine, L50, F|100\/100\n|switch|p2b: Dozo|Palafin, L50, M|100\/100\n|-ability|p2a: ChiYu|Intimidate|boost\n|-unboost|p1a: Ting-Lu|atk|1\n|-unboost|p1b: Palafin|atk|1\n|-ability|p1a: Ting-Lu|Vessel of Ruin\n|turn|1\n|\n|t:|1682649320\n|detailschange|p1b: Palafin|Palafin-Hero, L50, M, shiny\n|switch|p1b: Flutter Mane|Flutter Mane, L50, shiny|100\/100\n|-enditem|p1b: Flutter Mane|Booster Energy\n|-activate|p1b: Flutter Mane|ability: Protosynthesis|[fromitem]\n|-start|p1b: Flutter Mane|protosynthesisspa\n|detailschange|p2b: Dozo|Palafin-Hero, L50, M\n|switch|p2b: Mimi|Flutter Mane, L50|100\/100\n|-enditem|p2b: Mimi|Booster Energy\n|-activate|p2b: Mimi|ability: Protosynthesis|[fromitem]\n|-start|p2b: Mimi|protosynthesisspa\n|move|p2a: ChiYu|Protect|p2a: ChiYu\n|-singleturn|p2a: ChiYu|Protect\n|move|p1a: Ting-Lu|Ruination|p2b: Mimi\n|-damage|p2b: Mimi|51\/100\n|\n|upkeep\n|turn|2\n|\n|t:|1682649377\n|switch|p2a: Dozo|Palafin-Hero, L50, M|100\/100\n|-activate|p2a: Dozo|ability: Zero to Hero\n|move|p2b: Mimi|Protect|p2b: Mimi\n|-singleturn|p2b: Mimi|Protect\n|move|p1b: Flutter Mane|Moonblast|p2a: Dozo\n|-damage|p2a: Dozo|56\/100\n|move|p1a: Ting-Lu|Heavy Slam|p2b: Mimi\n|-activate|p2b: Mimi|move: Protect\n|\n|upkeep\n|turn|3\n|\n|t:|1682649400\n|-terastallize|p2a: Dozo|Water\n|move|p2a: Dozo|Jet Punch|p1b: Flutter Mane\n|-damage|p1b: Flutter Mane|0 fnt\n|faint|p1b: Flutter Mane\n|-end|p1b: Flutter Mane|Protosynthesis|[silent]\n|move|p2b: Mimi|Moonblast|p1a: Ting-Lu\n|-supereffective|p1a: Ting-Lu\n|-damage|p1a: Ting-Lu|64\/100\n|-unboost|p1a: Ting-Lu|spa|1\n|move|p1a: Ting-Lu|Heavy Slam|p2b: Mimi\n|-supereffective|p2b: Mimi\n|-damage|p2b: Mimi|0 fnt\n|faint|p2b: Mimi\n|-end|p2b: Mimi|Protosynthesis|[silent]\n|\n|upkeep\n|\n|t:|1682649421\n|switch|p1b: Arcanine|Arcanine, L50, M, shiny|100\/100\n|switch|p2b: ChiYu|Arcanine, L50, F|100\/100\n|-ability|p2b: ChiYu|Intimidate|boost\n|-unboost|p1a: Ting-Lu|atk|1\n|-unboost|p1b: Arcanine|atk|1\n|-ability|p1b: Arcanine|Intimidate|boost\n|-unboost|p2a: Dozo|atk|1\n|-unboost|p2b: ChiYu|atk|1\n|turn|4\n|\n|t:|1682649450\n|switch|p2a: Bundle|Chien-Pao, L50|100\/100\n|-ability|p2a: Bundle|Sword of Ruin\n|-terastallize|p1b: Arcanine|Water\n|move|p1b: Arcanine|Extreme Speed|p2a: Bundle\n|-damage|p2a: Bundle|78\/100\n|move|p2b: ChiYu|Will-O-Wisp|p1a: Ting-Lu\n|-status|p1a: Ting-Lu|brn\n|move|p1a: Ting-Lu|Stomping Tantrum|p2a: Bundle\n|-damage|p2a: Bundle|68\/100\n|\n|-damage|p1a: Ting-Lu|58\/100 brn|[from] brn\n|upkeep\n|turn|5\n|\n|t:|1682649478\n|move|p2a: Bundle|Sacred Sword|p1a: Ting-Lu\n|-supereffective|p1a: Ting-Lu\n|-damage|p1a: Ting-Lu|12\/100 brn\n|move|p2b: ChiYu|Will-O-Wisp|p1b: Arcanine\n|-status|p1b: Arcanine|brn\n|move|p1b: Arcanine|Flare Blitz|p2a: Bundle\n|-supereffective|p2a: Bundle\n|-damage|p2a: Bundle|20\/100\n|-damage|p1b: Arcanine|87\/100 brn|[from] Recoil\n|move|p1a: Ting-Lu|Ruination|p2a: Bundle\n|-damage|p2a: Bundle|11\/100\n|\n|-damage|p1b: Arcanine|82\/100 brn|[from] brn\n|-damage|p1a: Ting-Lu|6\/100 brn|[from] brn\n|upkeep\n|turn|6\n|\n|t:|1682649512\n|move|p2a: Bundle|Protect|p2a: Bundle\n|-singleturn|p2a: Bundle|Protect\n|move|p2b: ChiYu|Protect|p2b: ChiYu\n|-singleturn|p2b: ChiYu|Protect\n|move|p1b: Arcanine|Extreme Speed|p2a: Bundle\n|-activate|p2a: Bundle|move: Protect\n|move|p1a: Ting-Lu|Stomping Tantrum|p2b: ChiYu\n|-activate|p2b: ChiYu|move: Protect\n|\n|-damage|p1b: Arcanine|76\/100 brn|[from] brn\n|-damage|p1a: Ting-Lu|0 fnt|[from] brn\n|faint|p1a: Ting-Lu\n|upkeep\n|\n|t:|1682649526\n|switch|p1a: Palafin|Palafin-Hero, L50, M, shiny|100\/100\n|-activate|p1a: Palafin|ability: Zero to Hero\n|turn|7\n|\n|t:|1682649565\n|switch|p2b: Dozo|Palafin-Hero, L50, M, tera:Water|56\/100\n|move|p1b: Arcanine|Extreme Speed|p2a: Bundle\n|-damage|p2a: Bundle|0 fnt\n|faint|p2a: Bundle\n|move|p1a: Palafin|Jet Punch|p2b: Dozo\n|-resisted|p2b: Dozo\n|-damage|p2b: Dozo|33\/100\n|\n|-damage|p1b: Arcanine|70\/100 brn|[from] brn\n|upkeep\n|\n|t:|1682649577\n|switch|p2a: ChiYu|Arcanine, L50, F|100\/100\n|-ability|p2a: ChiYu|Intimidate|boost\n|-unboost|p1a: Palafin|atk|1\n|-unboost|p1b: Arcanine|atk|1\n|turn|8\n|\n|t:|1682649601\n|move|p1b: Arcanine|Extreme Speed|p2b: Dozo\n|-damage|p2b: Dozo|27\/100\n|move|p2a: ChiYu|Will-O-Wisp|p1a: Palafin\n|-status|p1a: Palafin|brn\n|move|p1a: Palafin|Wave Crash|p2a: ChiYu\n|-supereffective|p2a: ChiYu\n|-damage|p2a: ChiYu|31\/100\n|-damage|p1a: Palafin|78\/100 brn|[from] Recoil\n|move|p2b: Dozo|Wave Crash|p1a: Palafin\n|-resisted|p1a: Palafin\n|-damage|p1a: Palafin|17\/100 brn\n|-damage|p2b: Dozo|8\/100|[from] Recoil\n|\n|-damage|p1b: Arcanine|64\/100 brn|[from] brn\n|-damage|p1a: Palafin|11\/100 brn|[from] brn\n|upkeep\n|turn|9\n|\n|t:|1682649655\n|move|p2b: Dozo|Protect|p2b: Dozo\n|-singleturn|p2b: Dozo|Protect\n|move|p2a: ChiYu|Extreme Speed|p1a: Palafin\n|-damage|p1a: Palafin|0 fnt\n|faint|p1a: Palafin\n|move|p1b: Arcanine|Extreme Speed|p2b: Dozo\n|-activate|p2b: Dozo|move: Protect\n|\n|-damage|p1b: Arcanine|59\/100 brn|[from] brn\n|upkeep\n|turn|10\n|\n|t:|1682649683\n|move|p2a: ChiYu|Extreme Speed|p1b: Arcanine\n|-damage|p1b: Arcanine|35\/100 brn\n|move|p1b: Arcanine|Extreme Speed|p2b: Dozo\n|-damage|p2b: Dozo|2\/100\n|move|p2b: Dozo|Wave Crash|p1b: Arcanine\n|-resisted|p1b: Arcanine\n|-damage|p1b: Arcanine|0 fnt\n|faint|p1b: Arcanine\n|-damage|p2b: Dozo|0 fnt|[from] Recoil\n|faint|p2b: Dozo\n|\n|win|TeacherGus\n|raw|Wal42's rating: 1145 → 1119<\/strong> (-26 for losing)\n|raw|TeacherGus's rating: 1132 → 1158<\/strong> (+26 for winning)\n|c|\u2606TeacherGus|Gg\n|c|\u2606TeacherGus|Was an awesome game\n|l|\u2606Wal42\n|c|\u2606TeacherGus|I had fun\n|c|\u2606TeacherGus|Thank you\n","uploadtime":1682649754,"views":6,"p1id":"wal42","p2id":"teachergus","formatid":"gen9vgc2023regulationc","rating":1119,"private":0,"password":""}