{"id":"gen9vgc2023regulationc-1861607520","p1":"WallyTryHard","p2":"TheWigletts","format":"[Gen 9] VGC 2023 Regulation C","log":"|j|\u2606WallyTryHard\n|j|\u2606TheWigletts\n|t:|1683780531\n|gametype|doubles\n|player|p1|WallyTryHard|170|\n|player|p2|TheWigletts|101|\n|teamsize|p1|6\n|teamsize|p2|6\n|gen|9\n|tier|[Gen 9] VGC 2023 Regulation C\n|rated|Tournament battle\n|rule|Species Clause: Limit one of each Pok\u00e9mon\n|rule|Item Clause: Limit one of each item\n|clearpoke\n|poke|p1|Chi-Yu, L50|\n|poke|p1|Flutter Mane, L50|\n|poke|p1|Murkrow, L50, F|\n|poke|p1|Gholdengo, L50|\n|poke|p1|Great Tusk, L50|\n|poke|p1|Azumarill, L50, M|\n|poke|p2|Amoonguss, L50, F|\n|poke|p2|Iron Hands, L50|\n|poke|p2|Flutter Mane, L50|\n|poke|p2|Arcanine, L50, M|\n|poke|p2|Palafin, L50, F|\n|poke|p2|Pelipper, L50, M|\n|teampreview|4\n|raw| Open Team Sheet for WallyTryHard<\/summary>Habanero (Chi-Yu) @ Choice Specs Ability: Beads of Ruin Level: 50 Tera Type: Grass - Heat Wave - Dark Pulse - Overheat - Tera Blast Flutter Side (Flutter Mane) @ Focus Sash Ability: Protosynthesis Level: 50 Tera Type: Fire - Dazzling Gleam - Shadow Ball - Imprison - Trick Room Lurkrow (Murkrow) @ Eviolite Ability: Prankster Level: 50 Tera Type: Ghost - Foul Play - Haze - Tailwind - Sunny Day Gholdengo @ Leftovers Ability: Good as Gold Level: 50 Tera Type: Steel - Make It Rain - Shadow Ball - Nasty Plot - Protect Great Tusk @ Choice Scarf Ability: Protosynthesis Level: 50 Hidden Power: Fighting Tera Type: Fire - Earthquake - Headlong Rush - Close Combat - Rock Slide Azumarill @ Assault Vest Ability: Huge Power Level: 50 Tera Type: Water - Liquidation - Play Rough - Ice Spinner - Aqua Jet <\/details><\/div> Open Team Sheet for TheWigletts<\/summary>Amoonguss @ Sitrus Berry Ability: Regenerator Level: 50 Tera Type: Steel - Protect - Pollen Puff - Spore - Rage Powder Iron Hands @ Assault Vest Ability: Quark Drive Level: 50 Tera Type: Grass - Wild Charge - Drain Punch - Fake Out - Volt Switch Flutter Mane @ Choice Specs Ability: Protosynthesis Level: 50 Tera Type: Fairy - Moonblast - Shadow Ball - Thunder - Dazzling Gleam Arcanine @ Safety Goggles Ability: Intimidate Level: 50 Tera Type: Grass - Protect - Flare Blitz - Extreme Speed - Will-O-Wisp Palafin @ Mystic Water Ability: Zero to Hero Level: 50 Tera Type: Water - Protect - Wave Crash - Haze - Jet Punch Pelipper @ Yache Berry Ability: Drizzle Level: 50 Tera Type: Grass - Protect - Chilling Water - Hurricane - Wide Guard <\/details><\/div>\n|inactive|Battle timer is ON: inactive players will automatically lose when time's up. (requested by WallyTryHard)\n|inactive|TheWigletts also wants the timer to be on.\n|c|\u2606WallyTryHard|gl hf!\n|c|\u2606TheWigletts|hf\n|inactive|WallyTryHard has 60 seconds left.\n|\n|t:|1683780577\n|start\n|switch|p1a: Lurkrow|Murkrow, L50, F|100\/100\n|switch|p1b: Habanero|Chi-Yu, L50|100\/100\n|switch|p2a: Palafin|Palafin, L50, F|100\/100\n|switch|p2b: Flutter Mane|Flutter Mane, L50|100\/100\n|-ability|p1b: Habanero|Beads of Ruin\n|turn|1\n|\n|t:|1683780601\n|detailschange|p2a: Palafin|Palafin-Hero, L50, F\n|switch|p2a: Arcanine|Arcanine, L50, M|100\/100\n|-ability|p2a: Arcanine|Intimidate|boost\n|-unboost|p1a: Lurkrow|atk|1\n|-unboost|p1b: Habanero|atk|1\n|-terastallize|p1b: Habanero|Grass\n|move|p1a: Lurkrow|Tailwind|p1a: Lurkrow\n|-sidestart|p1: WallyTryHard|move: Tailwind\n|move|p1b: Habanero|Heat Wave|p2a: Arcanine|[spread] p2a\n|-miss|p1b: Habanero|p2b: Flutter Mane\n|-resisted|p2a: Arcanine\n|-damage|p2a: Arcanine|72\/100\n|move|p2b: Flutter Mane|Dazzling Gleam|p1b: Habanero|[spread] p1a,p1b\n|-supereffective|p1a: Lurkrow\n|-damage|p1a: Lurkrow|0 fnt\n|-damage|p1b: Habanero|50\/100\n|faint|p1a: Lurkrow\n|\n|upkeep\n|j| altarboy69\n|\n|t:|1683780612\n|switch|p1a: Gholdengo|Gholdengo, L50|100\/100\n|turn|2\n|j| Pikachu Bagels\n|l| Pikachu Bagels\n|\n|t:|1683780632\n|-end|p2b: Flutter Mane|Protosynthesis|[silent]\n|switch|p2b: Pelipper|Pelipper, L50, M|100\/100\n|-weather|RainDance|[from] ability: Drizzle|[of] p2b: Pelipper\n|move|p1b: Habanero|Heat Wave|p2a: Arcanine|[spread] p2a,p2b\n|-resisted|p2a: Arcanine\n|-resisted|p2b: Pelipper\n|-damage|p2a: Arcanine|55\/100\n|-damage|p2b: Pelipper|77\/100\n|-status|p2b: Pelipper|brn\n|move|p1a: Gholdengo|Make It Rain|p2a: Arcanine|[spread] p2a,p2b\n|-resisted|p2a: Arcanine\n|-resisted|p2b: Pelipper\n|-damage|p2a: Arcanine|27\/100\n|-damage|p2b: Pelipper|38\/100 brn\n|-unboost|p1a: Gholdengo|spa|1\n|move|p2a: Arcanine|Flare Blitz|p1b: Habanero\n|-supereffective|p1b: Habanero\n|-damage|p1b: Habanero|0 fnt\n|faint|p1b: Habanero\n|-damage|p2a: Arcanine|17\/100|[from] Recoil\n|\n|-weather|RainDance|[upkeep]\n|-damage|p2b: Pelipper|32\/100 brn|[from] brn\n|upkeep\n|\n|t:|1683780638\n|switch|p1b: Great Tusk|Great Tusk, L50|100\/100\n|turn|3\n|j| Evelyie\n|l| Evelyie\n|\n|t:|1683780656\n|move|p2b: Pelipper|Protect|p2b: Pelipper\n|-singleturn|p2b: Pelipper|Protect\n|move|p2a: Arcanine|Extreme Speed|p1b: Great Tusk\n|-damage|p1b: Great Tusk|85\/100\n|move|p1b: Great Tusk|Rock Slide|p2a: Arcanine|[spread] \n|-activate|p2b: Pelipper|move: Protect\n|-miss|p1b: Great Tusk|p2a: Arcanine\n|move|p1a: Gholdengo|Nasty Plot|p1a: Gholdengo\n|-boost|p1a: Gholdengo|spa|2\n|\n|-weather|RainDance|[upkeep]\n|-damage|p2b: Pelipper|26\/100 brn|[from] brn\n|upkeep\n|turn|4\n|\n|t:|1683780676\n|move|p2b: Pelipper|Wide Guard|p2b: Pelipper\n|-singleturn|p2b: Pelipper|Wide Guard\n|move|p1b: Great Tusk|Rock Slide|p2a: Arcanine|[spread] \n|-activate|p2a: Arcanine|move: Wide Guard\n|-activate|p2b: Pelipper|move: Wide Guard\n|move|p1a: Gholdengo|Shadow Ball|p2b: Pelipper\n|-damage|p2b: Pelipper|0 fnt\n|faint|p2b: Pelipper\n|move|p2a: Arcanine|Flare Blitz|p1a: Gholdengo\n|-supereffective|p1a: Gholdengo\n|-damage|p1a: Gholdengo|62\/100\n|-status|p1a: Gholdengo|brn\n|-damage|p2a: Arcanine|5\/100|[from] Recoil\n|\n|-weather|RainDance|[upkeep]\n|-heal|p1a: Gholdengo|68\/100 brn|[from] item: Leftovers\n|-damage|p1a: Gholdengo|62\/100 brn|[from] brn\n|-sideend|p1: WallyTryHard|move: Tailwind\n|upkeep\n|\n|t:|1683780683\n|switch|p2b: Palafin|Palafin-Hero, L50, F|100\/100\n|-activate|p2b: Palafin|ability: Zero to Hero\n|turn|5\n|\n|t:|1683780691\n|-terastallize|p2b: Palafin|Water\n|move|p1a: Gholdengo|Protect|p1a: Gholdengo\n|-singleturn|p1a: Gholdengo|Protect\n|move|p2b: Palafin|Jet Punch|p1b: Great Tusk\n|-supereffective|p1b: Great Tusk\n|-damage|p1b: Great Tusk|0 fnt\n|faint|p1b: Great Tusk\n|-end|p1b: Great Tusk|Protosynthesis|[silent]\n|move|p2a: Arcanine|Flare Blitz|p1a: Gholdengo\n|-activate|p1a: Gholdengo|move: Protect\n|\n|-weather|RainDance|[upkeep]\n|-heal|p1a: Gholdengo|68\/100 brn|[from] item: Leftovers\n|-damage|p1a: Gholdengo|62\/100 brn|[from] brn\n|upkeep\n|turn|6\n|c|\u2606TheWigletts|gg\n|\n|t:|1683780699\n|move|p2b: Palafin|Jet Punch|p1a: Gholdengo\n|-damage|p1a: Gholdengo|0 fnt\n|faint|p1a: Gholdengo\n|\n|win|TheWigletts\n|n|\u2606WallyTryHard|wallytryhard\n|n|\u2606TheWigletts|thewigletts\n|n| altarboy69|altarboy69\n","uploadtime":1683780700,"views":16,"p1id":"wallytryhard","p2id":"thewigletts","formatid":"gen9vgc2023regulationc","rating":0,"private":0,"password":""}