{"id":"gen9vgc2023regulationc-1857742720","p1":"Dunnakhiin","p2":"TeamInferno Ted","format":"[Gen 9] VGC 2023 Regulation C","log":"|j|\u2606Dunnakhiin\n|j|\u2606TeamInferno Ted\n|t:|1683227491\n|gametype|doubles\n|player|p1|Dunnakhiin|2|\n|player|p2|TeamInferno Ted|pokemaniac|\n|teamsize|p1|6\n|teamsize|p2|6\n|gen|9\n|tier|[Gen 9] VGC 2023 Regulation C\n|rule|Species Clause: Limit one of each Pok\u00e9mon\n|rule|Item Clause: Limit one of each item\n|clearpoke\n|poke|p1|Gyarados, L50, M|\n|poke|p1|Grumpig, L50, F|\n|poke|p1|Gholdengo, L50|\n|poke|p1|Murkrow, L50, F|\n|poke|p1|Glaceon, L50, M|\n|poke|p1|Heracross, L50, F|\n|poke|p2|Pelipper, L50, F|\n|poke|p2|Amoonguss, L50, M|\n|poke|p2|Lucario, L50, M|\n|poke|p2|Dragonite, L50, M|\n|poke|p2|Floatzel, L50, M|\n|poke|p2|Blissey, L50, F|\n|teampreview|4\n|c|\u2606TeamInferno Ted|glhf\n|c|\u2606Dunnakhiin|There we go\n|c|\u2606Dunnakhiin|You too!\n|\n|t:|1683227531\n|start\n|switch|p1a: Gyarados|Gyarados, L50, M|100\/100\n|switch|p1b: Murkrow|Murkrow, L50, F|100\/100\n|switch|p2a: Pelipper|Pelipper, L50, F|100\/100\n|switch|p2b: Amoonguss|Amoonguss, L50, M|100\/100\n|-weather|RainDance|[from] ability: Drizzle|[of] p2a: Pelipper\n|turn|1\n|c|\u2606Dunnakhiin|Ah i was gonna swap gleam off the pig too\n|\n|t:|1683227556\n|move|p1b: Murkrow|Tailwind|p1b: Murkrow\n|-sidestart|p1: Dunnakhiin|move: Tailwind\n|move|p1a: Gyarados|Thunder|p2a: Pelipper\n|-supereffective|p2a: Pelipper\n|-damage|p2a: Pelipper|17\/100\n|move|p2a: Pelipper|Tailwind|p2a: Pelipper\n|-sidestart|p2: TeamInferno Ted|move: Tailwind\n|move|p2b: Amoonguss|Sludge Bomb|p1a: Gyarados\n|-damage|p1a: Gyarados|70\/100\n|\n|-weather|RainDance|[upkeep]\n|upkeep\n|turn|2\n|\n|t:|1683227586\n|move|p2a: Pelipper|Protect|p2a: Pelipper\n|-singleturn|p2a: Pelipper|Protect\n|move|p1b: Murkrow|Thunder Wave|p2b: Amoonguss\n|-status|p2b: Amoonguss|par\n|move|p1a: Gyarados|Ice Fang|p2a: Pelipper\n|-activate|p2a: Pelipper|move: Protect\n|move|p2b: Amoonguss|Spore|p1b: Murkrow\n|-status|p1b: Murkrow|slp|[from] move: Spore\n|\n|-weather|RainDance|[upkeep]\n|upkeep\n|turn|3\n|c|\u2606TeamInferno Ted|special gyara nice\n|\n|t:|1683227604\n|cant|p1b: Murkrow|slp\n|move|p1a: Gyarados|Ice Fang|p2a: Pelipper\n|-damage|p2a: Pelipper|0 fnt\n|faint|p2a: Pelipper\n|-ability|p1a: Gyarados|Moxie|boost\n|-boost|p1a: Gyarados|atk|1\n|cant|p2b: Amoonguss|par\n|\n|-weather|RainDance|[upkeep]\n|upkeep\n|\n|t:|1683227614\n|switch|p2a: Lucario|Lucario, L50, M|100\/100\n|turn|4\n|c|\u2606Dunnakhiin|Its just thunder, but actually special Gyara might be the play\n|\n|t:|1683227637\n|-terastallize|p2a: Lucario|Steel\n|-curestatus|p1b: Murkrow|slp|[msg]\n|move|p1b: Murkrow|Thunder Wave|p2a: Lucario\n|-status|p2a: Lucario|par\n|move|p1a: Gyarados|Waterfall|p2a: Lucario\n|-damage|p2a: Lucario|0 fnt\n|faint|p2a: Lucario\n|-ability|p1a: Gyarados|Moxie|boost\n|-boost|p1a: Gyarados|atk|1\n|move|p2b: Amoonguss|Sludge Bomb|p1b: Murkrow\n|-damage|p1b: Murkrow|69\/100\n|-status|p1b: Murkrow|psn\n|\n|-weather|RainDance|[upkeep]\n|-damage|p1b: Murkrow|57\/100 psn|[from] psn\n|-sideend|p1: Dunnakhiin|move: Tailwind\n|-sideend|p2: TeamInferno Ted|move: Tailwind\n|upkeep\n|c|\u2606TeamInferno Ted|dam one turn wake up\n|c|\u2606TeamInferno Ted|lucky on that too\n|\n|t:|1683227660\n|switch|p2a: Floatzel|Floatzel, L50, M|100\/100\n|turn|5\n|\n|t:|1683227682\n|move|p1a: Gyarados|Protect|p1a: Gyarados\n|-singleturn|p1a: Gyarados|Protect\n|move|p2a: Floatzel|Aqua Jet|p1b: Murkrow\n|-damage|p1b: Murkrow|30\/100 psn\n|move|p1b: Murkrow|Thunder Wave|p2a: Floatzel\n|-status|p2a: Floatzel|par\n|cant|p2b: Amoonguss|par\n|\n|-weather|none\n|-damage|p1b: Murkrow|18\/100 psn|[from] psn\n|upkeep\n|turn|6\n|\n|t:|1683227701\n|cant|p2a: Floatzel|par\n|move|p1a: Gyarados|Waterfall|p2a: Floatzel\n|-resisted|p2a: Floatzel\n|-damage|p2a: Floatzel|27\/100 par\n|move|p1b: Murkrow|Foul Play|p2a: Floatzel\n|-damage|p2a: Floatzel|0 fnt\n|faint|p2a: Floatzel\n|cant|p2b: Amoonguss|par\n|\n|-damage|p1b: Murkrow|6\/100 psn|[from] psn\n|upkeep\n|turn|7\n|\n|t:|1683227717\n|cant|p2b: Amoonguss|par\n|move|p1a: Gyarados|Ice Fang|p2b: Amoonguss\n|-supereffective|p2b: Amoonguss\n|-damage|p2b: Amoonguss|0 fnt\n|faint|p2b: Amoonguss\n|\n|win|Dunnakhiin\n|c|\u2606Dunnakhiin|GGs\n|c|\u2606TeamInferno Ted|yeah thats not fair in the slightest xD\n|c|\u2606TeamInferno Ted|don't think it's going to go that way though\n|c|\u2606Dunnakhiin|Because of the paras? XD\n|c|\u2606TeamInferno Ted|ye\n","uploadtime":1683227773,"views":10,"p1id":"dunnakhiin","p2id":"teaminfernoted","formatid":"gen9vgc2023regulationc","rating":0,"private":0,"password":""}