{"id":"gen9vgc2023regulationc-1848249700","p1":"Sinister Patron","p2":"Sumo'sWeenusVGC","format":"[Gen 9] VGC 2023 Regulation C","log":"|j|\u2606Sinister Patron\n|j|\u2606Sumo'sWeenusVGC\n|t:|1682048023\n|gametype|doubles\n|player|p1|Sinister Patron|169|1155\n|player|p2|Sumo'sWeenusVGC|colress|1189\n|teamsize|p1|6\n|teamsize|p2|6\n|gen|9\n|tier|[Gen 9] VGC 2023 Regulation C\n|rated|\n|rule|Species Clause: Limit one of each Pok\u00e9mon\n|rule|Item Clause: Limit one of each item\n|clearpoke\n|poke|p1|Iron Moth, L50|\n|poke|p1|Torkoal, L50, M|\n|poke|p1|Breloom, L50, M|\n|poke|p1|Kingambit, L50, M|\n|poke|p1|Murkrow, L50, M|\n|poke|p1|Armarouge, L50, F|\n|poke|p2|Annihilape, L50, M|\n|poke|p2|Chien-Pao, L50|\n|poke|p2|Flutter Mane, L50|\n|poke|p2|Arcanine, L50, M|\n|poke|p2|Palafin, L50, F|\n|poke|p2|Amoonguss, L50, F|\n|teampreview|4\n|inactive|Battle timer is ON: inactive players will automatically lose when time's up. (requested by Sumo'sWeenusVGC)\n|inactive|Sinister Patron also wants the timer to be on.\nSumo'sWeenusVGC has agreed to open team sheets.\nSinister Patron has agreed to open team sheets.\n|inactive|Sinister Patron has 60 seconds left.\n|inactive|Sumo'sWeenusVGC has 60 seconds left.\n|inactive|Sumo'sWeenusVGC has 30 seconds left.\n|inactive|Sumo'sWeenusVGC has 20 seconds left.\n|\n|t:|1682048096\n|start\n|switch|p1a: Kingambit|Kingambit, L50, M|100\/100\n|switch|p1b: Breloom|Breloom, L50, M|100\/100\n|switch|p2a: Psi Mu Signma|Annihilape, L50, M, shiny|100\/100\n|switch|p2b: Doll-Pugno|Palafin, L50, F, shiny|100\/100\n|turn|1\n|c|\u2606Sumo'sWeenusVGC|gl hf\n|inactive|Sumo'sWeenusVGC has 30 seconds left.\n|\n|t:|1682048123\n|detailschange|p2b: Doll-Pugno|Palafin-Hero, L50, F, shiny\n|switch|p2b: Farter Man|Flutter Mane, L50, shiny|100\/100\n|move|p2a: Psi Mu Signma|Protect|p2a: Psi Mu Signma\n|-singleturn|p2a: Psi Mu Signma|Protect\n|move|p1a: Kingambit|Protect|p1a: Kingambit\n|-singleturn|p1a: Kingambit|Protect\n|move|p1b: Breloom|Spore|p2a: Psi Mu Signma\n|-activate|p2a: Psi Mu Signma|move: Protect\n|\n|upkeep\n|turn|2\n|\n|t:|1682048141\n|move|p1a: Kingambit|Sucker Punch|p2b: Farter Man\n|-damage|p2b: Farter Man|9\/100\n|move|p2b: Farter Man|Moonblast|p1b: Breloom\n|-supereffective|p1b: Breloom\n|-enditem|p1b: Breloom|Focus Sash\n|-damage|p1b: Breloom|1\/100\n|move|p1b: Breloom|Bullet Seed|p2a: Psi Mu Signma\n|-damage|p2a: Psi Mu Signma|79\/100\n|-damage|p2a: Psi Mu Signma|58\/100\n|-hitcount|p2a: Psi Mu Signma|2\n|move|p2a: Psi Mu Signma|Drain Punch|p1a: Kingambit\n|-supereffective|p1a: Kingambit\n|-damage|p1a: Kingambit|4\/100\n|-heal|p2a: Psi Mu Signma|97\/100|[from] drain|[of] p1a: Kingambit\n|\n|-heal|p2a: Psi Mu Signma|100\/100|[from] item: Leftovers\n|upkeep\n|turn|3\n|\n|t:|1682048162\n|-end|p2b: Farter Man|Protosynthesis|[silent]\n|switch|p2b: Doll-Pugno|Palafin-Hero, L50, F, shiny|100\/100\n|-activate|p2b: Doll-Pugno|ability: Zero to Hero\n|move|p2a: Psi Mu Signma|Protect|p2a: Psi Mu Signma\n|-singleturn|p2a: Psi Mu Signma|Protect\n|move|p1a: Kingambit|Sucker Punch||[still]\n|-fail|p1a: Kingambit\n|move|p1b: Breloom|Spore|p2a: Psi Mu Signma\n|-activate|p2a: Psi Mu Signma|move: Protect\n|\n|upkeep\n|turn|4\n|\n|t:|1682048180\n|move|p1a: Kingambit|Protect|p1a: Kingambit\n|-singleturn|p1a: Kingambit|Protect\n|move|p2b: Doll-Pugno|Jet Punch|p1b: Breloom\n|-resisted|p1b: Breloom\n|-damage|p1b: Breloom|0 fnt\n|faint|p1b: Breloom\n|move|p2a: Psi Mu Signma|Drain Punch|p1a: Kingambit\n|-activate|p1a: Kingambit|move: Protect\n|\n|upkeep\n|\n|t:|1682048195\n|switch|p1b: Armarouge|Armarouge, L50, F|100\/100\n|turn|5\n|\n|t:|1682048208\n|move|p2b: Doll-Pugno|Jet Punch|p1a: Kingambit\n|-damage|p1a: Kingambit|0 fnt\n|faint|p1a: Kingambit\n|move|p2a: Psi Mu Signma|Rage Fist|p1b: Armarouge\n|-supereffective|p1b: Armarouge\n|-damage|p1b: Armarouge|0 fnt\n|faint|p1b: Armarouge\n|\n|upkeep\n|-message|Sinister Patron forfeited.\n|\n|win|Sumo'sWeenusVGC\n|raw|Sinister Patron's rating: 1155 → 1132<\/strong> (-23 for losing)\n|raw|Sumo'sWeenusVGC's rating: 1189 → 1212<\/strong> (+23 for winning)\n|l|\u2606Sinister Patron\n","uploadtime":1682048226,"views":12,"p1id":"sinisterpatron","p2id":"sumosweenusvgc","formatid":"gen9vgc2023regulationc","rating":1132,"private":0,"password":""}