{"id":"gen9vgc2023regulationc-1855715063","p1":"B-Nut17","p2":"Piff92","format":"[Gen 9] VGC 2023 Regulation C","log":"|j|\u2606B-Nut17\n|j|\u2606Piff92\n|t:|1682976057\n|gametype|doubles\n|player|p1|B-Nut17|2|1062\n|player|p2|Piff92|101|1047\n|teamsize|p1|6\n|teamsize|p2|6\n|gen|9\n|tier|[Gen 9] VGC 2023 Regulation C\n|rated|\n|rule|Species Clause: Limit one of each Pok\u00e9mon\n|rule|Item Clause: Limit one of each item\n|clearpoke\n|poke|p1|Arcanine, L50, M|\n|poke|p1|Palafin, L50, F|\n|poke|p1|Amoonguss, L50, F|\n|poke|p1|Flutter Mane, L50|\n|poke|p1|Ting-Lu, L50|\n|poke|p1|Roaring Moon, L50|\n|poke|p2|Pikachu, L50, M|\n|poke|p2|Pelipper, L50, M|\n|poke|p2|Farigiraf, L50, F|\n|poke|p2|Tatsugiri, L50, F|\n|poke|p2|Dondozo, L50, M|\n|poke|p2|Toxicroak, L50, M|\n|teampreview|4\n|inactive|Battle timer is ON: inactive players will automatically lose when time's up. (requested by B-Nut17)\nB-Nut17 rejected open team sheets.\n|\n|t:|1682976129\n|start\n|switch|p1a: Amoonguss|Amoonguss, L50, F|100\/100\n|switch|p1b: Roaring Moon|Roaring Moon, L50|100\/100\n|switch|p2a: Pelipper|Pelipper, L50, M|100\/100\n|switch|p2b: Toxicroak|Toxicroak, L50, M|100\/100\n|-weather|RainDance|[from] ability: Drizzle|[of] p2a: Pelipper\n|turn|1\n|inactive|Piff92 has 30 seconds left.\n|inactive|Piff92 has 20 seconds left.\n|inactive|Piff92 has 15 seconds left.\n|inactive|Piff92 has 10 seconds left.\n|\n|t:|1682976176\n|move|p2b: Toxicroak|Fake Out|p1b: Roaring Moon\n|-damage|p1b: Roaring Moon|88\/100\n|move|p1a: Amoonguss|Rage Powder|p1a: Amoonguss\n|-singleturn|p1a: Amoonguss|move: Rage Powder\n|cant|p1b: Roaring Moon|flinch\n|move|p2a: Pelipper|Hurricane|p1a: Amoonguss\n|-supereffective|p1a: Amoonguss\n|-damage|p1a: Amoonguss|41\/100\n|\n|-weather|RainDance|[upkeep]\n|upkeep\n|turn|2\n|inactive|B-Nut17 has 30 seconds left.\n|\n|t:|1682976208\n|switch|p1a: Flutter Mane|Flutter Mane, L50|100\/100\n|-terastallize|p1b: Roaring Moon|Poison\n|move|p1b: Roaring Moon|Dragon Dance|p1b: Roaring Moon\n|-boost|p1b: Roaring Moon|atk|1\n|-boost|p1b: Roaring Moon|spe|1\n|move|p2b: Toxicroak|Drain Punch|p1b: Roaring Moon\n|-resisted|p1b: Roaring Moon\n|-damage|p1b: Roaring Moon|73\/100\n|move|p2a: Pelipper|Hurricane|p1a: Flutter Mane\n|-damage|p1a: Flutter Mane|59\/100\n|\n|-weather|RainDance|[upkeep]\n|upkeep\n|turn|3\n|inactive|Piff92 has 30 seconds left.\n|inactive|Piff92 has 20 seconds left.\n|\n|t:|1682976247\n|move|p2b: Toxicroak|Sucker Punch|p1a: Flutter Mane\n|-damage|p1a: Flutter Mane|15\/100\n|move|p1b: Roaring Moon|Breaking Swipe|p2b: Toxicroak|[spread] p2a,p2b\n|-damage|p2a: Pelipper|67\/100\n|-damage|p2b: Toxicroak|45\/100\n|-unboost|p2a: Pelipper|atk|1\n|-unboost|p2b: Toxicroak|atk|1\n|-damage|p1b: Roaring Moon|63\/100|[from] item: Life Orb\n|move|p1a: Flutter Mane|Icy Wind|p2a: Pelipper|[spread] p2a,p2b\n|-damage|p2a: Pelipper|41\/100\n|-damage|p2b: Toxicroak|29\/100\n|-unboost|p2a: Pelipper|spe|1\n|-unboost|p2b: Toxicroak|spe|1\n|-enditem|p2a: Pelipper|Sitrus Berry|[eat]\n|-heal|p2a: Pelipper|66\/100|[from] item: Sitrus Berry\n|move|p2a: Pelipper|Hurricane|p1b: Roaring Moon\n|-damage|p1b: Roaring Moon|26\/100\n|\n|-weather|RainDance|[upkeep]\n|-heal|p2b: Toxicroak|42\/100|[from] ability: Dry Skin\n|upkeep\n|turn|4\n|inactive|Piff92 has 30 seconds left.\n|\n|t:|1682976277\n|move|p2a: Pelipper|Wide Guard|p2a: Pelipper\n|-singleturn|p2a: Pelipper|Wide Guard\n|move|p2b: Toxicroak|Sucker Punch|p1a: Flutter Mane\n|-damage|p1a: Flutter Mane|0 fnt\n|faint|p1a: Flutter Mane\n|-end|p1a: Flutter Mane|Protosynthesis|[silent]\n|move|p1b: Roaring Moon|Breaking Swipe|p2a: Pelipper|[spread] \n|-activate|p2a: Pelipper|move: Wide Guard\n|-activate|p2b: Toxicroak|move: Wide Guard\n|\n|-weather|RainDance|[upkeep]\n|-heal|p2b: Toxicroak|54\/100|[from] ability: Dry Skin\n|upkeep\n|\n|t:|1682976294\n|switch|p1a: Amoonguss|Amoonguss, L50, F|75\/100\n|turn|5\n|\n|t:|1682976307\n|switch|p2b: Dondozo|Dondozo, L50, M|100\/100\n|move|p1b: Roaring Moon|Throat Chop|p2a: Pelipper\n|-damage|p2a: Pelipper|8\/100\n|-start|p2a: Pelipper|Throat Chop|[silent]\n|-damage|p1b: Roaring Moon|16\/100|[from] item: Life Orb\n|move|p2a: Pelipper|Hurricane|p1b: Roaring Moon\n|-damage|p1b: Roaring Moon|0 fnt\n|faint|p1b: Roaring Moon\n|-end|p1b: Roaring Moon|Protosynthesis|[silent]\n|move|p1a: Amoonguss|Pollen Puff|p1: Roaring Moon|[notarget]\n|-fail|p1a: Amoonguss\n|\n|-weather|none\n|upkeep\n|\n|t:|1682976322\n|switch|p1b: Arcanine|Arcanine, L50, M|100\/100\n|-ability|p1b: Arcanine|Intimidate|boost\n|-unboost|p2a: Pelipper|atk|1\n|-unboost|p2b: Dondozo|atk|1\n|turn|6\n|inactive|Piff92 has 30 seconds left.\n|\n|t:|1682976352\n|switch|p2a: Toxicroak|Toxicroak, L50, M|54\/100\n|-terastallize|p2b: Dondozo|Grass\n|move|p1b: Arcanine|Snarl|p2b: Dondozo|[spread] p2a,p2b\n|-resisted|p2a: Toxicroak\n|-damage|p2a: Toxicroak|50\/100\n|-damage|p2b: Dondozo|95\/100\n|-unboost|p2a: Toxicroak|spa|1\n|-unboost|p2b: Dondozo|spa|1\n|move|p2b: Dondozo|Wave Crash|p1b: Arcanine\n|-supereffective|p1b: Arcanine\n|-damage|p1b: Arcanine|46\/100\n|-enditem|p1b: Arcanine|Sitrus Berry|[eat]\n|-heal|p1b: Arcanine|71\/100|[from] item: Sitrus Berry\n|-damage|p2b: Dondozo|83\/100|[from] Recoil\n|move|p1a: Amoonguss|Spore|p2b: Dondozo\n|-immune|p2b: Dondozo\n|\n|-heal|p2b: Dondozo|89\/100|[from] item: Leftovers\n|upkeep\n|turn|7\n|inactive|Piff92 has 30 seconds left.\n|\n|t:|1682976381\n|move|p2a: Toxicroak|Fake Out|p1b: Arcanine\n|-damage|p1b: Arcanine|58\/100\n|move|p1a: Amoonguss|Rage Powder|p1a: Amoonguss\n|-singleturn|p1a: Amoonguss|move: Rage Powder\n|cant|p1b: Arcanine|flinch\n|move|p2b: Dondozo|Yawn|p1a: Amoonguss\n|-start|p1a: Amoonguss|move: Yawn|[of] p2b: Dondozo\n|\n|-heal|p2b: Dondozo|95\/100|[from] item: Leftovers\n|upkeep\n|turn|8\n|\n|t:|1682976397\n|move|p2b: Dondozo|Protect|p2b: Dondozo\n|-singleturn|p2b: Dondozo|Protect\n|move|p1a: Amoonguss|Rage Powder|p1a: Amoonguss\n|-singleturn|p1a: Amoonguss|move: Rage Powder\n|move|p2a: Toxicroak|Poison Jab|p1a: Amoonguss\n|-damage|p1a: Amoonguss|44\/100\n|move|p1b: Arcanine|Heat Wave|p2a: Toxicroak|[spread] p2a\n|-activate|p2b: Dondozo|move: Protect\n|-crit|p2a: Toxicroak\n|-damage|p2a: Toxicroak|16\/100\n|\n|-heal|p2b: Dondozo|100\/100|[from] item: Leftovers\n|-end|p1a: Amoonguss|move: Yawn|[silent]\n|-status|p1a: Amoonguss|slp\n|upkeep\n|turn|9\n|inactive|Piff92 has 30 seconds left.\n|\n|t:|1682976423\n|cant|p1a: Amoonguss|slp\n|move|p1b: Arcanine|Heat Wave|p2b: Dondozo|[spread] p2a,p2b\n|-supereffective|p2b: Dondozo\n|-damage|p2a: Toxicroak|0 fnt\n|-damage|p2b: Dondozo|67\/100\n|faint|p2a: Toxicroak\n|move|p2b: Dondozo|Wave Crash|p1b: Arcanine\n|-supereffective|p1b: Arcanine\n|-damage|p1b: Arcanine|7\/100\n|-damage|p2b: Dondozo|56\/100|[from] Recoil\n|\n|-heal|p2b: Dondozo|62\/100|[from] item: Leftovers\n|upkeep\n|\n|t:|1682976436\n|switch|p2a: Pelipper|Pelipper, L50, M|8\/100\n|-weather|RainDance|[from] ability: Drizzle|[of] p2a: Pelipper\n|turn|10\n|\n|t:|1682976446\n|move|p2a: Pelipper|Wide Guard|p2a: Pelipper\n|-singleturn|p2a: Pelipper|Wide Guard\n|cant|p1a: Amoonguss|slp\n|move|p1b: Arcanine|Snarl|p2a: Pelipper|[spread] \n|-activate|p2a: Pelipper|move: Wide Guard\n|-activate|p2b: Dondozo|move: Wide Guard\n|move|p2b: Dondozo|Earthquake|p1a: Amoonguss|[spread] p1a,p1b\n|-activate|p2a: Pelipper|move: Wide Guard\n|-supereffective|p1b: Arcanine\n|-damage|p1a: Amoonguss|34\/100 slp\n|-damage|p1b: Arcanine|0 fnt\n|faint|p1b: Arcanine\n|\n|-weather|RainDance|[upkeep]\n|-heal|p2b: Dondozo|68\/100|[from] item: Leftovers\n|upkeep\n|turn|11\n|\n|t:|1682976470\n|move|p2a: Pelipper|Hurricane|p1a: Amoonguss\n|-supereffective|p1a: Amoonguss\n|-damage|p1a: Amoonguss|0 fnt\n|faint|p1a: Amoonguss\n|\n|win|Piff92\n|raw|B-Nut17's rating: 1062 → 1042<\/strong> (-20 for losing)\n|raw|Piff92's rating: 1047 → 1081<\/strong> (+34 for winning)\n|l|\u2606B-Nut17\n","uploadtime":1682976479,"views":15,"p1id":"bnut17","p2id":"piff92","formatid":"gen9vgc2023regulationc","rating":1042,"private":0,"password":""}