{"id":"gen9vgc2023regulationc-1862334956","p1":"Vitormileer","p2":"GB Seraphix","format":"[Gen 9] VGC 2023 Regulation C","log":"|j|\u2606Vitormileer\n|j|\u2606GB Seraphix\n|t:|1683867831\n|gametype|doubles\n|player|p1|Vitormileer|brock|1069\n|player|p2|GB Seraphix|102|1161\n|teamsize|p1|6\n|teamsize|p2|6\n|gen|9\n|tier|[Gen 9] VGC 2023 Regulation C\n|rated|\n|rule|Species Clause: Limit one of each Pok\u00e9mon\n|rule|Item Clause: Limit one of each item\n|clearpoke\n|poke|p1|Muk, L50, F|\n|poke|p1|Dragonite, L50, F|\n|poke|p1|Chi-Yu, L50|\n|poke|p1|Ting-Lu, L50|\n|poke|p1|Dondozo, L50, M|\n|poke|p1|Tatsugiri, L50, F|\n|poke|p2|Chi-Yu, L50|\n|poke|p2|Dachsbun, L50, F|\n|poke|p2|Flutter Mane, L50|\n|poke|p2|Jumpluff, L50, F|\n|poke|p2|Great Tusk, L50|\n|poke|p2|Torkoal, L50, F|\n|teampreview|4\n|inactive|Battle timer is ON: inactive players will automatically lose when time's up. (requested by Vitormileer)\n|\n|t:|1683867862\n|start\n|switch|p1a: Muk|Muk, L50, F, shiny|100\/100\n|switch|p1b: Ting-Lu|Ting-Lu, L50|100\/100\n|switch|p2a: Nemo|Chi-Yu, L50|100\/100\n|switch|p2b: Gardenia|Dachsbun, L50, F|100\/100\n|-ability|p2a: Nemo|Beads of Ruin\n|-ability|p1b: Ting-Lu|Vessel of Ruin\n|turn|1\n|\n|t:|1683867886\n|-terastallize|p1a: Muk|Flying\n|move|p2a: Nemo|Lava Plume|p1a: Muk|[spread] p1a,p1b\n|-ability|p2b: Gardenia|Well-Baked Body|boost\n|-boost|p2b: Gardenia|def|2\n|-damage|p1a: Muk|75\/100\n|-damage|p1b: Ting-Lu|83\/100\n|-status|p1b: Ting-Lu|brn\n|move|p2b: Gardenia|Substitute|p2b: Gardenia\n|-start|p2b: Gardenia|Substitute\n|-damage|p2b: Gardenia|75\/100\n|move|p1a: Muk|Drain Punch|p2a: Nemo\n|-supereffective|p2a: Nemo\n|-damage|p2a: Nemo|24\/100\n|-heal|p1a: Muk|99\/100|[from] drain|[of] p2a: Nemo\n|-status|p2a: Nemo|psn|[from] ability: Poison Touch|[of] p1a: Muk\n|move|p1b: Ting-Lu|Earthquake|p2a: Nemo|[spread] p2a,p2b\n|-immune|p1a: Muk\n|-activate|p2b: Gardenia|move: Substitute|[damage]\n|-supereffective|p2a: Nemo\n|-damage|p2a: Nemo|0 fnt\n|faint|p2a: Nemo\n|\n|-heal|p2b: Gardenia|82\/100|[from] item: Leftovers\n|-damage|p1a: Muk|87\/100|[from] item: Black Sludge\n|-damage|p1b: Ting-Lu|77\/100 brn|[from] brn\n|upkeep\n|inactive|GB Seraphix has 30 seconds left.\n|\n|t:|1683867918\n|switch|p2a: Blu|Jumpluff, L50, F|100\/100\n|turn|2\n|\n|t:|1683867934\n|move|p2a: Blu|Sleep Powder|p1a: Muk\n|-status|p1a: Muk|slp|[from] move: Sleep Powder\n|move|p2b: Gardenia|Body Press|p1b: Ting-Lu\n|-supereffective|p1b: Ting-Lu\n|-damage|p1b: Ting-Lu|31\/100 brn\n|cant|p1a: Muk|slp\n|move|p1b: Ting-Lu|Rock Slide|p2b: Gardenia|[spread] p2a,p2b\n|-activate|p2b: Gardenia|move: Substitute|[damage]\n|-supereffective|p2a: Blu\n|-damage|p2a: Blu|75\/100\n|\n|-heal|p2b: Gardenia|88\/100|[from] item: Leftovers\n|-damage|p1a: Muk|75\/100 slp|[from] item: Black Sludge\n|-damage|p1b: Ting-Lu|25\/100 brn|[from] brn\n|upkeep\n|turn|3\n|\n|t:|1683867959\n|switch|p2a: BB|Flutter Mane, L50|100\/100\n|-enditem|p2a: BB|Booster Energy\n|-activate|p2a: BB|ability: Protosynthesis|[fromitem]\n|-start|p2a: BB|protosynthesisspe\n|move|p2b: Gardenia|Body Press|p1b: Ting-Lu\n|-supereffective|p1b: Ting-Lu\n|-damage|p1b: Ting-Lu|0 fnt\n|faint|p1b: Ting-Lu\n|-curestatus|p1a: Muk|slp|[msg]\n|move|p1a: Muk|Acid Armor|p1a: Muk\n|-boost|p1a: Muk|def|2\n|\n|-heal|p2b: Gardenia|94\/100|[from] item: Leftovers\n|-damage|p1a: Muk|62\/100|[from] item: Black Sludge\n|upkeep\n|\n|t:|1683867970\n|switch|p1b: Chi-Yu|Chi-Yu, L50|100\/100\n|-ability|p1b: Chi-Yu|Beads of Ruin\n|turn|4\n|\n|t:|1683867987\n|move|p2a: BB|Protect|p2a: BB\n|-singleturn|p2a: BB|Protect\n|move|p1a: Muk|Shadow Sneak|p2a: BB\n|-activate|p2a: BB|move: Protect\n|move|p1b: Chi-Yu|Overheat|p2a: BB\n|-activate|p2a: BB|move: Protect\n|move|p2b: Gardenia|Yawn|p1a: Muk\n|-start|p1a: Muk|move: Yawn|[of] p2b: Gardenia\n|\n|-heal|p2b: Gardenia|99\/100|[from] item: Leftovers\n|-damage|p1a: Muk|50\/100|[from] item: Black Sludge\n|upkeep\n|turn|5\n|\n|t:|1683868010\n|switch|p1a: Dragonite|Dragonite, L50, F|100\/100\n|move|p2a: BB|Moonblast|p1a: Dragonite\n|-supereffective|p1a: Dragonite\n|-damage|p1a: Dragonite|31\/100\n|move|p1b: Chi-Yu|Overheat|p2a: BB\n|-damage|p2a: BB|11\/100\n|-unboost|p1b: Chi-Yu|spa|2\n|move|p2b: Gardenia|Body Press|p1b: Chi-Yu\n|-supereffective|p1b: Chi-Yu\n|-damage|p1b: Chi-Yu|0 fnt\n|faint|p1b: Chi-Yu\n|\n|-heal|p2b: Gardenia|100\/100|[from] item: Leftovers\n|upkeep\n|\n|t:|1683868021\n|switch|p1b: Muk|Muk, L50, F, shiny, tera:Flying|50\/100\n|turn|6\n|\n|t:|1683868039\n|move|p1b: Muk|Shadow Sneak|p2a: BB\n|-supereffective|p2a: BB\n|-damage|p2a: BB|0 fnt\n|faint|p2a: BB\n|-end|p2a: BB|Protosynthesis|[silent]\n|move|p1a: Dragonite|Iron Head|p2b: Gardenia\n|-supereffective|p2b: Gardenia\n|-end|p2b: Gardenia|Substitute\n|move|p2b: Gardenia|Yawn|p1a: Dragonite\n|-start|p1a: Dragonite|move: Yawn|[of] p2b: Gardenia\n|\n|-damage|p1b: Muk|38\/100|[from] item: Black Sludge\n|upkeep\n|\n|t:|1683868049\n|switch|p2a: Blu|Jumpluff, L50, F|75\/100\n|turn|7\n|\n|t:|1683868061\n|move|p2b: Gardenia|Protect|p2b: Gardenia\n|-singleturn|p2b: Gardenia|Protect\n|move|p2a: Blu|Sleep Powder|p1b: Muk\n|-status|p1b: Muk|slp|[from] move: Sleep Powder\n|move|p1a: Dragonite|Iron Head|p2b: Gardenia\n|-activate|p2b: Gardenia|move: Protect\n|cant|p1b: Muk|slp\n|\n|-damage|p1b: Muk|25\/100 slp|[from] item: Black Sludge\n|-end|p1a: Dragonite|move: Yawn|[silent]\n|-status|p1a: Dragonite|slp\n|upkeep\n|turn|8\n|\n|t:|1683868080\n|move|p2a: Blu|Tailwind|p2a: Blu\n|-sidestart|p2: GB Seraphix|move: Tailwind\n|move|p2b: Gardenia|Body Press|p1a: Dragonite\n|-resisted|p1a: Dragonite\n|-damage|p1a: Dragonite|10\/100 slp\n|cant|p1a: Dragonite|slp\n|-curestatus|p1b: Muk|slp|[msg]\n|move|p1b: Muk|Gunk Shot|p2a: Blu\n|-supereffective|p2a: Blu\n|-damage|p2a: Blu|0 fnt\n|faint|p2a: Blu\n|\n|-damage|p1b: Muk|13\/100|[from] item: Black Sludge\n|upkeep\n|turn|9\n|\n|t:|1683868095\n|move|p2b: Gardenia|Body Press|p1b: Muk\n|-resisted|p1b: Muk\n|-damage|p1b: Muk|0 fnt\n|faint|p1b: Muk\n|cant|p1a: Dragonite|slp\n|\n|upkeep\n|turn|10\n|\n|t:|1683868101\n|move|p2b: Gardenia|Body Press|p1a: Dragonite\n|-resisted|p1a: Dragonite\n|-damage|p1a: Dragonite|0 fnt\n|faint|p1a: Dragonite\n|\n|win|GB Seraphix\n|raw|Vitormileer's rating: 1069 → 1054<\/strong> (-15 for losing)\n|raw|GB Seraphix's rating: 1161 → 1180<\/strong> (+19 for winning)\n|l|\u2606Vitormileer\n","uploadtime":1683868108,"views":13,"p1id":"vitormileer","p2id":"gbseraphix","formatid":"gen9vgc2023regulationc","rating":1054,"private":0,"password":""}