{"id":"gen9vgc2023regulationc-1857906411","p1":"Betor182","p2":"Hadrian1917","format":"[Gen 9] VGC 2023 Regulation C","log":"|j|\u2606Betor182\n|j|\u2606Hadrian1917\n|t:|1683245690\n|gametype|doubles\n|player|p1|Betor182|170|\n|player|p2|Hadrian1917|brock|\n|teamsize|p1|6\n|teamsize|p2|6\n|gen|9\n|tier|[Gen 9] VGC 2023 Regulation C\n|rule|Species Clause: Limit one of each Pok\u00e9mon\n|rule|Item Clause: Limit one of each item\n|clearpoke\n|poke|p1|Chi-Yu, L50|\n|poke|p1|Flutter Mane, L50|\n|poke|p1|Gyarados, L50, F|\n|poke|p1|Iron Hands, L50|\n|poke|p1|Amoonguss, L50, M|\n|poke|p1|Ting-Lu, L50|\n|poke|p2|Flutter Mane, L50|\n|poke|p2|Chi-Yu, L50|\n|poke|p2|Iron Hands, L50|\n|poke|p2|Ting-Lu, L50|\n|poke|p2|Gyarados, L50, M|\n|poke|p2|Amoonguss, L50, M|\n|teampreview|4\n|inactive|Battle timer is ON: inactive players will automatically lose when time's up. (requested by Betor182)\n|\n|t:|1683245711\n|start\n|switch|p1a: Iron Hands|Iron Hands, L50|100\/100\n|switch|p1b: Chi-Yu|Chi-Yu, L50|100\/100\n|switch|p2a: Gyarados|Gyarados, L50, M|100\/100\n|switch|p2b: Amoonguss|Amoonguss, L50, M|100\/100\n|-ability|p1b: Chi-Yu|Beads of Ruin\n|-ability|p2a: Gyarados|Intimidate|boost\n|-unboost|p1a: Iron Hands|atk|1\n|-unboost|p1b: Chi-Yu|atk|1\n|turn|1\n|inactive|Hadrian1917 has 30 seconds left.\n|inactive|Betor182 has 30 seconds left.\n|\n|t:|1683245742\n|switch|p2a: Ting-Lu|Ting-Lu, L50|100\/100\n|-ability|p2a: Ting-Lu|Vessel of Ruin\n|-terastallize|p1b: Chi-Yu|Water\n|-terastallize|p2b: Amoonguss|Water\n|move|p1a: Iron Hands|Fake Out|p2a: Ting-Lu\n|-damage|p2a: Ting-Lu|95\/100\n|move|p1b: Chi-Yu|Heat Wave|p2a: Ting-Lu|[spread] p2a,p2b\n|-resisted|p2b: Amoonguss\n|-damage|p2a: Ting-Lu|60\/100\n|-damage|p2b: Amoonguss|83\/100\n|-status|p2b: Amoonguss|brn\n|-damage|p1b: Chi-Yu|91\/100|[from] item: Life Orb\n|move|p2b: Amoonguss|Spore|p1b: Chi-Yu\n|-status|p1b: Chi-Yu|slp|[from] move: Spore\n|\n|-heal|p2a: Ting-Lu|66\/100|[from] item: Leftovers\n|-damage|p2b: Amoonguss|77\/100 brn|[from] brn\n|upkeep\n|turn|2\n|inactive|Betor182 has 30 seconds left.\n|inactive|Hadrian1917 has 30 seconds left.\n|\n|t:|1683245769\n|switch|p2a: Gyarados|Gyarados, L50, M|100\/100\n|-ability|p2a: Gyarados|Intimidate|boost\n|-unboost|p1a: Iron Hands|atk|1\n|-unboost|p1b: Chi-Yu|atk|1\n|cant|p1b: Chi-Yu|slp\n|move|p1a: Iron Hands|Wild Charge|p2b: Amoonguss\n|-supereffective|p2b: Amoonguss\n|-damage|p2b: Amoonguss|32\/100 brn\n|-enditem|p2b: Amoonguss|Sitrus Berry|[eat]\n|-heal|p2b: Amoonguss|57\/100 brn|[from] item: Sitrus Berry\n|-damage|p1a: Iron Hands|90\/100|[from] Recoil\n|move|p2b: Amoonguss|Spore|p1a: Iron Hands\n|-status|p1a: Iron Hands|slp|[from] move: Spore\n|\n|-damage|p2b: Amoonguss|51\/100 brn|[from] brn\n|upkeep\n|turn|3\n|inactive|Betor182 has 30 seconds left.\n|inactive|Hadrian1917 has 30 seconds left.\n|\n|t:|1683245800\n|switch|p1b: Gyarados|Gyarados, L50, F|100\/100\n|-ability|p1b: Gyarados|Intimidate|boost\n|-unboost|p2a: Gyarados|atk|1\n|-unboost|p2b: Amoonguss|atk|1\n|switch|p2a: Ting-Lu|Ting-Lu, L50|66\/100\n|-ability|p2a: Ting-Lu|Vessel of Ruin\n|cant|p1a: Iron Hands|slp\n|move|p2b: Amoonguss|Pollen Puff|p2a: Ting-Lu\n|-heal|p2a: Ting-Lu|100\/100\n|\n|-damage|p2b: Amoonguss|45\/100 brn|[from] brn\n|upkeep\n|turn|4\n|\n|t:|1683245823\n|switch|p2b: Gyarados|Gyarados, L50, M|100\/100\n|-ability|p2b: Gyarados|Intimidate|boost\n|-unboost|p1a: Iron Hands|atk|1\n|-unboost|p1b: Gyarados|atk|1\n|move|p1b: Gyarados|Dragon Dance|p1b: Gyarados\n|-boost|p1b: Gyarados|atk|1\n|-boost|p1b: Gyarados|spe|1\n|move|p2a: Ting-Lu|Rock Tomb|p1b: Gyarados\n|-supereffective|p1b: Gyarados\n|-damage|p1b: Gyarados|66\/100\n|-unboost|p1b: Gyarados|spe|1\n|cant|p1a: Iron Hands|slp\n|\n|upkeep\n|turn|5\n|\n|t:|1683245843\n|move|p1b: Gyarados|Waterfall|p2a: Ting-Lu\n|-supereffective|p2a: Ting-Lu\n|-damage|p2a: Ting-Lu|58\/100\n|move|p2b: Gyarados|Thunder Wave|p1b: Gyarados\n|-status|p1b: Gyarados|par\n|move|p2a: Ting-Lu|Rock Tomb|p1b: Gyarados\n|-supereffective|p1b: Gyarados\n|-damage|p1b: Gyarados|25\/100 par\n|-unboost|p1b: Gyarados|spe|1\n|cant|p1a: Iron Hands|slp\n|\n|-heal|p2a: Ting-Lu|64\/100|[from] item: Leftovers\n|upkeep\n|turn|6\n|\n|t:|1683245862\n|switch|p2b: Amoonguss|Amoonguss, L50, M, tera:Water|78\/100 brn\n|cant|p1b: Gyarados|par\n|move|p2a: Ting-Lu|Rock Tomb|p1b: Gyarados\n|-supereffective|p1b: Gyarados\n|-damage|p1b: Gyarados|0 fnt\n|faint|p1b: Gyarados\n|-curestatus|p1a: Iron Hands|slp|[msg]\n|move|p1a: Iron Hands|Wild Charge|p2b: Amoonguss\n|-supereffective|p2b: Amoonguss\n|-crit|p2b: Amoonguss\n|-damage|p2b: Amoonguss|0 fnt\n|faint|p2b: Amoonguss\n|-damage|p1a: Iron Hands|72\/100|[from] Recoil\n|\n|-heal|p2a: Ting-Lu|70\/100|[from] item: Leftovers\n|upkeep\n|\n|t:|1683245881\n|switch|p1b: Chi-Yu|Chi-Yu, L50, tera:Water|91\/100 slp\n|switch|p2b: Iron Hands|Iron Hands, L50|100\/100\n|-ability|p1b: Chi-Yu|Beads of Ruin\n|turn|7\n|\n|t:|1683245894\n|-end|p1a: Iron Hands|Quark Drive|[silent]\n|switch|p1a: Flutter Mane|Flutter Mane, L50|100\/100\n|-enditem|p1a: Flutter Mane|Booster Energy\n|-activate|p1a: Flutter Mane|ability: Protosynthesis|[fromitem]\n|-start|p1a: Flutter Mane|protosynthesisspe\n|cant|p1b: Chi-Yu|slp\n|move|p2a: Ting-Lu|Stomping Tantrum|p1a: Flutter Mane\n|-damage|p1a: Flutter Mane|43\/100\n|move|p2b: Iron Hands|Wild Charge|p1b: Chi-Yu\n|-supereffective|p1b: Chi-Yu\n|-damage|p1b: Chi-Yu|0 fnt\n|faint|p1b: Chi-Yu\n|-damage|p2b: Iron Hands|87\/100|[from] Recoil\n|\n|-heal|p2a: Ting-Lu|75\/100|[from] item: Leftovers\n|upkeep\n|\n|t:|1683245911\n|switch|p1b: Iron Hands|Iron Hands, L50|72\/100\n|turn|8\n|\n|t:|1683245918\n|-end|p2b: Iron Hands|Quark Drive|[silent]\n|switch|p2b: Gyarados|Gyarados, L50, M|100\/100\n|-ability|p2b: Gyarados|Intimidate|boost\n|-unboost|p1a: Flutter Mane|atk|1\n|-unboost|p1b: Iron Hands|atk|1\n|move|p1b: Iron Hands|Fake Out|p2a: Ting-Lu\n|-damage|p2a: Ting-Lu|70\/100\n|move|p1a: Flutter Mane|Moonblast|p2b: Gyarados\n|-damage|p2b: Gyarados|74\/100\n|cant|p2a: Ting-Lu|flinch\n|\n|-heal|p2a: Ting-Lu|76\/100|[from] item: Leftovers\n|upkeep\n|turn|9\n|inactive|Hadrian1917 has 30 seconds left.\n|\n|t:|1683245944\n|move|p1a: Flutter Mane|Dazzling Gleam|p2a: Ting-Lu|[spread] p2a,p2b\n|-supereffective|p2a: Ting-Lu\n|-damage|p2a: Ting-Lu|43\/100\n|-damage|p2b: Gyarados|57\/100\n|move|p2b: Gyarados|Waterfall|p1b: Iron Hands\n|-damage|p1b: Iron Hands|50\/100\n|-enditem|p1b: Iron Hands|Sitrus Berry|[eat]\n|-heal|p1b: Iron Hands|75\/100|[from] item: Sitrus Berry\n|move|p2a: Ting-Lu|Heavy Slam|p1a: Flutter Mane\n|-supereffective|p1a: Flutter Mane\n|-damage|p1a: Flutter Mane|0 fnt\n|faint|p1a: Flutter Mane\n|-end|p1a: Flutter Mane|Protosynthesis|[silent]\n|move|p1b: Iron Hands|Drain Punch|p2a: Ting-Lu\n|-supereffective|p2a: Ting-Lu\n|-damage|p2a: Ting-Lu|16\/100\n|-heal|p1b: Iron Hands|89\/100|[from] drain|[of] p2a: Ting-Lu\n|\n|-heal|p2a: Ting-Lu|21\/100|[from] item: Leftovers\n|upkeep\n|turn|10\n|\n|t:|1683245968\n|switch|p2b: Iron Hands|Iron Hands, L50|87\/100\n|move|p2a: Ting-Lu|Rock Tomb|p1b: Iron Hands\n|-resisted|p1b: Iron Hands\n|-damage|p1b: Iron Hands|84\/100\n|-unboost|p1b: Iron Hands|spe|1\n|move|p1b: Iron Hands|Wild Charge|p2b: Iron Hands\n|-resisted|p2b: Iron Hands\n|-damage|p2b: Iron Hands|77\/100\n|-damage|p1b: Iron Hands|81\/100|[from] Recoil\n|\n|-heal|p2a: Ting-Lu|27\/100|[from] item: Leftovers\n|upkeep\n|turn|11\n|\n|t:|1683245986\n|move|p2b: Iron Hands|Fake Out|p1b: Iron Hands\n|-damage|p1b: Iron Hands|70\/100\n|move|p2a: Ting-Lu|Stomping Tantrum|p1b: Iron Hands\n|-supereffective|p1b: Iron Hands\n|-damage|p1b: Iron Hands|25\/100\n|cant|p1b: Iron Hands|flinch\n|\n|-heal|p2a: Ting-Lu|33\/100|[from] item: Leftovers\n|upkeep\n|turn|12\n|\n|t:|1683246002\n|move|p2a: Ting-Lu|Stomping Tantrum|p1b: Iron Hands\n|-supereffective|p1b: Iron Hands\n|-damage|p1b: Iron Hands|0 fnt\n|faint|p1b: Iron Hands\n|-end|p1b: Iron Hands|Quark Drive|[silent]\n|\n|win|Hadrian1917\n|l|\u2606Betor182\n","uploadtime":1683246048,"views":12,"p1id":"betor182","p2id":"hadrian1917","formatid":"gen9vgc2023regulationc","rating":0,"private":0,"password":""}