{"id":"gen9vgc2023regulationc-1858676855","p1":"Ysalcrak","p2":"RadiantBlue4552","format":"[Gen 9] VGC 2023 Regulation C","log":"|j|\u2606Ysalcrak\n|j|\u2606RadiantBlue4552\n|t:|1683341102\n|gametype|doubles\n|player|p1|Ysalcrak|hilda|1141\n|player|p2|RadiantBlue4552|265|1034\n|teamsize|p1|6\n|teamsize|p2|5\n|gen|9\n|tier|[Gen 9] VGC 2023 Regulation C\n|rated|\n|rule|Species Clause: Limit one of each Pok\u00e9mon\n|rule|Item Clause: Limit one of each item\n|clearpoke\n|poke|p1|Abomasnow, L50, F|\n|poke|p1|Iron Bundle, L50|\n|poke|p1|Iron Hands, L50|\n|poke|p1|Chi-Yu, L50|\n|poke|p1|Corviknight, L50, F|\n|poke|p1|Garchomp, L50, M|\n|poke|p2|Slaking, L50, F|\n|poke|p2|Sableye, L50, F|\n|poke|p2|Roaring Moon, L50|\n|poke|p2|Torkoal, L50, M|\n|poke|p2|Arcanine, L50, F|\n|teampreview|4\n|inactive|Battle timer is ON: inactive players will automatically lose when time's up. (requested by RadiantBlue4552)\n|\n|t:|1683341142\n|start\n|switch|p1a: Garchomp|Garchomp, L50, M|100\/100\n|switch|p1b: Iron Bundle|Iron Bundle, L50|100\/100\n|switch|p2a: Sableye|Sableye, L50, F|100\/100\n|switch|p2b: Slaking|Slaking, L50, F, shiny|100\/100\n|turn|1\n|inactive|Ysalcrak has 30 seconds left.\n|\n|t:|1683341169\n|move|p2a: Sableye|Skill Swap|p2b: Slaking\n|-activate|p2a: Sableye|move: Skill Swap|||[of] p2b: Slaking\n|move|p2b: Slaking|Curse|p2b: Slaking\n|-unboost|p2b: Slaking|spe|1\n|-boost|p2b: Slaking|atk|1\n|-boost|p2b: Slaking|def|1\n|move|p1b: Iron Bundle|Icy Wind|p2b: Slaking|[spread] p2a,p2b\n|-damage|p2a: Sableye|79\/100\n|-damage|p2b: Slaking|85\/100\n|-unboost|p2a: Sableye|spe|1\n|-unboost|p2b: Slaking|spe|1\n|-enditem|p2a: Sableye|Eject Button\n|\n|t:|1683341180\n|switch|p2a: Arcanine|Arcanine, L50, F|100\/100\n|-ability|p2a: Arcanine|Intimidate|boost\n|-fail|p1a: Garchomp|unboost|[from] item: Clear Amulet|[of] p1a: Garchomp\n|-unboost|p1b: Iron Bundle|atk|1\n|move|p1a: Garchomp|Earthquake|p2b: Slaking|[spread] p1b,p2a,p2b\n|-supereffective|p2a: Arcanine\n|-damage|p1b: Iron Bundle|56\/100\n|-damage|p2a: Arcanine|2\/100\n|-damage|p2b: Slaking|69\/100\n|\n|-heal|p2b: Slaking|75\/100|[from] item: Leftovers\n|upkeep\n|turn|2\n|\n|t:|1683341200\n|move|p2a: Arcanine|Extreme Speed|p1b: Iron Bundle\n|-damage|p1b: Iron Bundle|35\/100\n|move|p2b: Slaking|Curse|p2b: Slaking\n|-unboost|p2b: Slaking|spe|1\n|-boost|p2b: Slaking|atk|1\n|-boost|p2b: Slaking|def|1\n|move|p1b: Iron Bundle|Icy Wind|p2b: Slaking|[spread] p2a,p2b\n|-resisted|p2a: Arcanine\n|-damage|p2a: Arcanine|0 fnt\n|-damage|p2b: Slaking|60\/100\n|-unboost|p2b: Slaking|spe|1\n|faint|p2a: Arcanine\n|move|p1a: Garchomp|Dragon Claw|p2b: Slaking\n|-damage|p2b: Slaking|46\/100\n|\n|-heal|p2b: Slaking|53\/100|[from] item: Leftovers\n|upkeep\n|\n|t:|1683341217\n|switch|p2a: Sableye|Sableye, L50, F|79\/100\n|turn|3\n|inactive|Ysalcrak has 30 seconds left.\n|inactive|Ysalcrak has 20 seconds left.\n|inactive|Ysalcrak has 15 seconds left.\n|inactive|Ysalcrak has 10 seconds left.\n|\n|t:|1683341262\n|move|p2a: Sableye|Fake Out|p1b: Iron Bundle\n|-damage|p1b: Iron Bundle|27\/100\n|move|p2b: Slaking|Curse|p2b: Slaking\n|-unboost|p2b: Slaking|spe|1\n|-boost|p2b: Slaking|atk|1\n|-boost|p2b: Slaking|def|1\n|move|p1b: Iron Bundle|Hydro Pump|p2a: Sableye\n|-damage|p2a: Sableye|23\/100\n|move|p1a: Garchomp|Stomping Tantrum|p2b: Slaking\n|-damage|p2b: Slaking|42\/100\n|\n|-heal|p2b: Slaking|48\/100|[from] item: Leftovers\n|upkeep\n|turn|4\n|\n|t:|1683341286\n|-end|p1b: Iron Bundle|Quark Drive|[silent]\n|switch|p1b: Chi-Yu|Chi-Yu, L50|100\/100\n|-ability|p1b: Chi-Yu|Beads of Ruin\n|move|p2a: Sableye|Skill Swap|p1b: Chi-Yu\n|-hint|Since gen 7, Dark is immune to Prankster moves.\n|-immune|p1b: Chi-Yu\n|move|p2b: Slaking|Slack Off|p2b: Slaking\n|-heal|p2b: Slaking|98\/100\n|move|p1a: Garchomp|Dragon Claw|p2a: Sableye\n|-damage|p2a: Sableye|0 fnt\n|faint|p2a: Sableye\n|\n|-heal|p2b: Slaking|100\/100|[from] item: Leftovers\n|upkeep\n|\n|t:|1683341300\n|switch|p2a: Roaring Moon|Roaring Moon, L50|100\/100\n|turn|5\n|inactive|Ysalcrak has 30 seconds left.\n|\n|t:|1683341329\n|move|p1b: Chi-Yu|Overheat|p2a: Roaring Moon|[miss]\n|-miss|p1b: Chi-Yu|p2a: Roaring Moon\n|move|p1a: Garchomp|Dragon Claw|p2a: Roaring Moon\n|-supereffective|p2a: Roaring Moon\n|-damage|p2a: Roaring Moon|1\/100\n|move|p2a: Roaring Moon|Acrobatics|p1b: Chi-Yu\n|-damage|p1b: Chi-Yu|64\/100\n|-damage|p2a: Roaring Moon|0 fnt|[from] item: Life Orb\n|faint|p2a: Roaring Moon\n|-end|p2a: Roaring Moon|Protosynthesis|[silent]\n|move|p2b: Slaking|Drain Punch|p1b: Chi-Yu\n|-supereffective|p1b: Chi-Yu\n|-damage|p1b: Chi-Yu|0 fnt\n|faint|p1b: Chi-Yu\n|\n|upkeep\n|\n|t:|1683341346\n|switch|p1b: Iron Bundle|Iron Bundle, L50|27\/100\n|turn|6\n|\n|t:|1683341358\n|move|p1b: Iron Bundle|Hydro Pump|p2b: Slaking\n|-damage|p2b: Slaking|62\/100\n|move|p1a: Garchomp|Dragon Claw|p2b: Slaking\n|-damage|p2b: Slaking|51\/100\n|move|p2b: Slaking|Drain Punch|p1b: Iron Bundle\n|-supereffective|p1b: Iron Bundle\n|-damage|p1b: Iron Bundle|0 fnt\n|-heal|p2b: Slaking|59\/100|[from] drain|[of] p1b: Iron Bundle\n|faint|p1b: Iron Bundle\n|-end|p1b: Iron Bundle|Quark Drive|[silent]\n|\n|-heal|p2b: Slaking|65\/100|[from] item: Leftovers\n|upkeep\n|\n|t:|1683341369\n|switch|p1b: Iron Hands|Iron Hands, L50|100\/100\n|turn|7\n|\n|t:|1683341382\n|-terastallize|p2b: Slaking|Ghost\n|move|p1a: Garchomp|Dragon Claw|p2b: Slaking\n|-damage|p2b: Slaking|55\/100\n|move|p1b: Iron Hands|Drain Punch|p2b: Slaking\n|-immune|p2b: Slaking\n|move|p2b: Slaking|Drain Punch|p1b: Iron Hands\n|-damage|p1b: Iron Hands|51\/100\n|-heal|p2b: Slaking|77\/100|[from] drain|[of] p1b: Iron Hands\n|\n|-heal|p2b: Slaking|83\/100|[from] item: Leftovers\n|upkeep\n|turn|8\n|\n|t:|1683341405\n|-terastallize|p1a: Garchomp|Fire\n|move|p1a: Garchomp|Dragon Claw|p2b: Slaking\n|-crit|p2b: Slaking\n|-damage|p2b: Slaking|44\/100\n|move|p1b: Iron Hands|Thunder Punch|p2b: Slaking\n|-crit|p2b: Slaking\n|-damage|p2b: Slaking|0 fnt\n|faint|p2b: Slaking\n|\n|win|Ysalcrak\n|raw|Ysalcrak's rating: 1141 → 1159<\/strong> (+18 for winning)\n|raw|RadiantBlue4552's rating: 1034 → 1023<\/strong> (-11 for losing)\n|c|\u2606Ysalcrak|gg\n|l|\u2606Ysalcrak\n","uploadtime":1683341421,"views":11,"p1id":"ysalcrak","p2id":"radiantblue4552","formatid":"gen9vgc2023regulationc","rating":1023,"private":0,"password":""}