{"id":"gen9vgc2023regulationc-1847483646","p1":"BeardedSamurai","p2":"jerorororo","format":"[Gen 9] VGC 2023 Regulation C","log":"|j|\u2606BeardedSamurai\n|j|\u2606jerorororo\n|t:|1681960830\n|gametype|doubles\n|player|p1|BeardedSamurai|hilbert|1202\n|player|p2|jerorororo|bugcatcher-gen4dp|1293\n|teamsize|p1|6\n|teamsize|p2|6\n|gen|9\n|tier|[Gen 9] VGC 2023 Regulation C\n|rated|\n|rule|Species Clause: Limit one of each Pok\u00e9mon\n|rule|Item Clause: Limit one of each item\n|clearpoke\n|poke|p1|Arcanine, L50, F|\n|poke|p1|Tyranitar, L50, F|\n|poke|p1|Chien-Pao, L50|\n|poke|p1|Sandy Shocks, L50|\n|poke|p1|Scizor, L50, F|\n|poke|p1|Gastrodon, L50, F|\n|poke|p2|Espathra, L50, F|\n|poke|p2|Lycanroc-Midnight, L50, F|\n|poke|p2|Dugtrio, L50, F|\n|poke|p2|Haxorus, L50, F|\n|poke|p2|Cryogonal, L50|\n|poke|p2|Indeedee-F, L50, F|\n|teampreview|4\n|inactive|Battle timer is ON: inactive players will automatically lose when time's up. (requested by BeardedSamurai)\nBeardedSamurai has agreed to open team sheets.\n|c|\u2606BeardedSamurai|what the heck are you cooking\n|inactive|BeardedSamurai has 60 seconds left.\njerorororo rejected open team sheets.\n|c|\u2606jerorororo|Just a random team\n|inactive|BeardedSamurai has 30 seconds left.\n|\n|t:|1681960899\n|start\n|switch|p1a: Scizor|Scizor, L50, F|100\/100\n|switch|p1b: Chien-Pao|Chien-Pao, L50|100\/100\n|switch|p2a: Espathra|Espathra, L50, F|100\/100\n|switch|p2b: Lycanroc|Lycanroc-Midnight, L50, F|100\/100\n|-ability|p1b: Chien-Pao|Sword of Ruin\n|turn|1\n|\n|t:|1681960922\n|switch|p1b: Arcanine|Arcanine, L50, F|100\/100\n|-ability|p1b: Arcanine|Intimidate|boost\n|-unboost|p2a: Espathra|atk|1\n|-unboost|p2b: Lycanroc|atk|1\n|move|p2a: Espathra|Protect|p2a: Espathra\n|-singleturn|p2a: Espathra|Protect\n|move|p2b: Lycanroc|Protect|p2b: Lycanroc\n|-singleturn|p2b: Lycanroc|Protect\n|move|p1a: Scizor|Close Combat|p2b: Lycanroc\n|-activate|p2b: Lycanroc|move: Protect\n|\n|-ability|p2a: Espathra|Speed Boost|boost\n|-boost|p2a: Espathra|spe|1\n|upkeep\n|turn|2\n|\n|t:|1681960941\n|-terastallize|p2b: Lycanroc|Ghost\n|move|p2a: Espathra|Skill Swap|p2b: Lycanroc\n|-activate|p2a: Espathra|move: Skill Swap|||[of] p2b: Lycanroc\n|move|p2b: Lycanroc|Bulk Up|p2b: Lycanroc\n|-boost|p2b: Lycanroc|atk|1\n|-boost|p2b: Lycanroc|def|1\n|move|p1b: Arcanine|Howl|p1b: Arcanine|[spread] p1a,p1b\n|-boost|p1a: Scizor|atk|1\n|-boost|p1b: Arcanine|atk|1\n|move|p1a: Scizor|Close Combat|p2b: Lycanroc\n|-immune|p2b: Lycanroc\n|\n|-ability|p2b: Lycanroc|Speed Boost|boost\n|-boost|p2b: Lycanroc|spe|1\n|upkeep\n|turn|3\n|inactive|jerorororo has 30 seconds left.\n|\n|t:|1681960968\n|switch|p2b: Cryogonal|Cryogonal, L50|100\/100\n|-terastallize|p1b: Arcanine|Water\n|move|p1a: Scizor|Bullet Punch|p2b: Cryogonal\n|-supereffective|p2b: Cryogonal\n|-damage|p2b: Cryogonal|0 fnt\n|faint|p2b: Cryogonal\n|move|p2a: Espathra|Hypnosis|p1a: Scizor\n|-status|p1a: Scizor|slp|[from] move: Hypnosis\n|move|p1b: Arcanine|Will-O-Wisp|p2a: Espathra\n|-status|p2a: Espathra|brn\n|\n|-damage|p2a: Espathra|95\/100 brn|[from] brn\n|upkeep\n|\n|t:|1681960977\n|switch|p2b: Dugtrio|Dugtrio, L50, F|100\/100\n|turn|4\n|inactive|BeardedSamurai has 30 seconds left.\n|\n|t:|1681961005\n|cant|p1a: Scizor|slp\n|move|p1b: Arcanine|Extreme Speed|p2a: Espathra\n|-damage|p2a: Espathra|50\/100 brn\n|-enditem|p2a: Espathra|Sitrus Berry|[eat]\n|-heal|p2a: Espathra|74\/100 brn|[from] item: Sitrus Berry\n|move|p2a: Espathra|Skill Swap|p2b: Dugtrio\n|-activate|p2a: Espathra|move: Skill Swap|||[of] p2b: Dugtrio\n|move|p2b: Dugtrio|Fissure|p1b: Arcanine\n|-damage|p1b: Arcanine|0 fnt\n|faint|p1b: Arcanine\n|-ohko\n|\n|-damage|p2a: Espathra|68\/100 brn|[from] brn\n|upkeep\n|\n|t:|1681961019\n|switch|p1b: Chien-Pao|Chien-Pao, L50|100\/100\n|-ability|p1b: Chien-Pao|Sword of Ruin\n|turn|5\n|\n|t:|1681961035\n|cant|p1a: Scizor|slp\n|move|p2a: Espathra|Lumina Crash|p1a: Scizor\n|-resisted|p1a: Scizor\n|-damage|p1a: Scizor|84\/100 slp\n|move|p2b: Dugtrio|Fissure|p1b: Chien-Pao\n|-damage|p1b: Chien-Pao|0 fnt\n|faint|p1b: Chien-Pao\n|-ohko\n|\n|-damage|p2a: Espathra|62\/100 brn|[from] brn\n|upkeep\n|\n|t:|1681961044\n|switch|p1b: Tyranitar|Tyranitar, L50, F|100\/100\n|-weather|Sandstorm|[from] ability: Sand Stream|[of] p1b: Tyranitar\n|turn|6\n|\n|t:|1681961064\n|cant|p1a: Scizor|slp\n|move|p2a: Espathra|Hypnosis|p1b: Tyranitar|[miss]\n|-miss|p2a: Espathra|p1b: Tyranitar\n|move|p2b: Dugtrio|Fissure|p1a: Scizor\n|-damage|p1a: Scizor|0 fnt\n|faint|p1a: Scizor\n|-ohko\n|move|p1b: Tyranitar|Crunch|p2b: Dugtrio\n|-enditem|p2b: Dugtrio|Focus Sash\n|-damage|p2b: Dugtrio|1\/100\n|\n|-weather|Sandstorm|[upkeep]\n|-damage|p2a: Espathra|56\/100 brn|[from] Sandstorm\n|-damage|p2a: Espathra|50\/100 brn|[from] brn\n|upkeep\n|turn|7\n|\n|t:|1681961083\n|move|p2a: Espathra|Hypnosis|p1b: Tyranitar|[miss]\n|-miss|p2a: Espathra|p1b: Tyranitar\n|move|p2b: Dugtrio|Fissure|p1b: Tyranitar\n|-damage|p1b: Tyranitar|0 fnt\n|faint|p1b: Tyranitar\n|-ohko\n|\n|win|jerorororo\n|raw|BeardedSamurai's rating: 1202 → 1183<\/strong> (-19 for losing)\n|raw|jerorororo's rating: 1293 → 1312<\/strong> (+19 for winning)\n|l|\u2606BeardedSamurai\n|c|\u2606jerorororo|Gg\n","uploadtime":1681961118,"views":3,"p1id":"beardedsamurai","p2id":"jerorororo","formatid":"gen9vgc2023regulationc","rating":1183,"private":0,"password":""}