{"id":"gen9vgc2023regulationc-1848128115","p1":"OhmMyCod","p2":"Rean411","format":"[Gen 9] VGC 2023 Regulation C","log":"|j|\u2606OhmMyCod\n|j|\u2606Rean411\n|t:|1682032963\n|gametype|doubles\n|player|p1|OhmMyCod|fisherman|1294\n|player|p2|Rean411|170|1324\n|teamsize|p1|6\n|teamsize|p2|6\n|gen|9\n|tier|[Gen 9] VGC 2023 Regulation C\n|rated|\n|rule|Species Clause: Limit one of each Pok\u00e9mon\n|rule|Item Clause: Limit one of each item\n|clearpoke\n|poke|p1|Corviknight, L50, M|\n|poke|p1|Maushold, L50|\n|poke|p1|Annihilape, L50, F|\n|poke|p1|Scream Tail, L50|\n|poke|p1|Iron Bundle, L50|\n|poke|p1|Ceruledge, L50, F|\n|poke|p2|Arcanine, L50, F|\n|poke|p2|Ting-Lu, L50|\n|poke|p2|Amoonguss, L50, M|\n|poke|p2|Gyarados, L50, F|\n|poke|p2|Annihilape, L50, F|\n|poke|p2|Maushold, L50|\n|teampreview|4\n|inactive|Battle timer is ON: inactive players will automatically lose when time's up. (requested by OhmMyCod)\nRean411 has agreed to open team sheets.\n|\n|t:|1682032981\n|start\n|switch|p1a: Maushold|Maushold, L50|100\/100\n|switch|p1b: Annihilape|Annihilape, L50, F|100\/100\n|switch|p2a: Caesar|Annihilape, L50, F|100\/100\n|switch|p2b: Selahn|Maushold, L50|100\/100\n|turn|1\n|\n|t:|1682032999\n|-terastallize|p2a: Caesar|Fire\n|move|p1a: Maushold|Follow Me|p1a: Maushold\n|-singleturn|p1a: Maushold|move: Follow Me\n|move|p1b: Annihilape|Acrobatics|p2a: Caesar\n|-damage|p2a: Caesar|88\/100\n|move|p2b: Selahn|Taunt|p1a: Maushold\n|-start|p1a: Maushold|move: Taunt\n|move|p2a: Caesar|Bulk Up|p2a: Caesar\n|-boost|p2a: Caesar|atk|1\n|-boost|p2a: Caesar|def|1\n|\n|-heal|p2a: Caesar|94\/100|[from] item: Leftovers\n|upkeep\n|turn|2\n|inactive|OhmMyCod has 30 seconds left.\n|\n|t:|1682033027\n|move|p1b: Annihilape|Protect|p1b: Annihilape\n|-singleturn|p1b: Annihilape|Protect\n|move|p1a: Maushold|Population Bomb|p2b: Selahn\n|-damage|p2b: Selahn|90\/100\n|-damage|p2b: Selahn|80\/100\n|-damage|p2b: Selahn|68\/100\n|-damage|p2b: Selahn|57\/100\n|-damage|p2b: Selahn|47\/100\n|-damage|p2b: Selahn|36\/100\n|-damage|p2b: Selahn|26\/100\n|-damage|p2b: Selahn|16\/100\n|-damage|p2b: Selahn|6\/100\n|-crit|p2b: Selahn\n|-damage|p2b: Selahn|0 fnt\n|faint|p2b: Selahn\n|-hitcount|p2: Selahn|10\n|move|p2a: Caesar|Rage Fist|p1b: Annihilape\n|-activate|p1b: Annihilape|move: Protect\n|\n|-heal|p2a: Caesar|99\/100|[from] item: Leftovers\n|upkeep\n|\n|t:|1682033050\n|switch|p2b: Good Boi|Arcanine, L50, F|100\/100\n|-ability|p2b: Good Boi|Intimidate|boost\n|-unboost|p1a: Maushold|atk|1\n|-unboost|p1b: Annihilape|atk|1\n|-ability|p1b: Annihilape|Defiant|boost\n|-boost|p1b: Annihilape|atk|2\n|turn|3\n|\n|t:|1682033073\n|-terastallize|p1b: Annihilape|Water\n|move|p1a: Maushold|Beat Up|p1b: Annihilape\n|-crit|p1b: Annihilape\n|-damage|p1b: Annihilape|96\/100\n|-damage|p1b: Annihilape|94\/100\n|-damage|p1b: Annihilape|92\/100\n|-damage|p1b: Annihilape|90\/100\n|-hitcount|p1b: Annihilape|4\n|move|p1b: Annihilape|Rage Fist|p2a: Caesar\n|-crit|p2a: Caesar\n|-damage|p2a: Caesar|0 fnt\n|faint|p2a: Caesar\n|move|p2b: Good Boi|Will-O-Wisp|p1b: Annihilape\n|-status|p1b: Annihilape|brn\n|\n|-damage|p1b: Annihilape|84\/100 brn|[from] brn\n|upkeep\n|c|\u2606Rean411|You\u2019ve got to be kidding me.\n|inactive|Rean411 has 30 seconds left.\n|\n|t:|1682033099\n|switch|p2a: Mushu|Gyarados, L50, F|100\/100\n|-ability|p2a: Mushu|Intimidate|boost\n|-unboost|p1a: Maushold|atk|1\n|-unboost|p1b: Annihilape|atk|1\n|-ability|p1b: Annihilape|Defiant|boost\n|-boost|p1b: Annihilape|atk|2\n|turn|4\n|\n|t:|1682033118\n|switch|p1a: Iron Bundle|Iron Bundle, L50|100\/100\n|-enditem|p1a: Iron Bundle|Booster Energy\n|-activate|p1a: Iron Bundle|ability: Quark Drive|[fromitem]\n|-start|p1a: Iron Bundle|quarkdrivespe\n|move|p2b: Good Boi|Extreme Speed|p1a: Iron Bundle\n|-damage|p1a: Iron Bundle|72\/100\n|move|p1b: Annihilape|Rage Fist|p2b: Good Boi\n|-damage|p2b: Good Boi|0 fnt\n|faint|p2b: Good Boi\n|move|p2a: Mushu|Iron Head|p1b: Annihilape\n|-resisted|p1b: Annihilape\n|-damage|p1b: Annihilape|69\/100 brn\n|\n|-damage|p1b: Annihilape|63\/100 brn|[from] brn\n|upkeep\n|turn|5\n|inactive|Rean411 has 30 seconds left.\n|inactive|Rean411 has 20 seconds left.\n|inactive|Rean411 has 15 seconds left.\n|\n|t:|1682033162\n|move|p1a: Iron Bundle|Freeze-Dry|p2a: Mushu\n|-supereffective|p2a: Mushu\n|-damage|p2a: Mushu|0 fnt\n|faint|p2a: Mushu\n|\n|win|OhmMyCod\n|raw|OhmMyCod's rating: 1294 → 1321<\/strong> (+27 for winning)\n|raw|Rean411's rating: 1324 → 1302<\/strong> (-22 for losing)\n|c|\u2606Rean411|GGWP\n","uploadtime":1682033176,"views":5,"p1id":"ohmmycod","p2id":"rean411","formatid":"gen9vgc2023regulationc","rating":1302,"private":0,"password":""}