{"id":"gen9vgc2023regulationc-1849811534","p1":"gEBEMBA","p2":"ethan06","format":"[Gen 9] VGC 2023 Regulation C","log":"|j|\u2606gEBEMBA\n|j|\u2606ethan06\n|t:|1682255390\n|gametype|doubles\n|player|p1|gEBEMBA|169|\n|player|p2|ethan06|ninjaboy|\n|teamsize|p1|6\n|teamsize|p2|6\n|gen|9\n|tier|[Gen 9] VGC 2023 Regulation C\n|rule|Species Clause: Limit one of each Pok\u00e9mon\n|rule|Item Clause: Limit one of each item\n|clearpoke\n|poke|p1|Scovillain, L50, M|\n|poke|p1|Tauros-Paldea-Combat, L50, M|\n|poke|p1|Roaring Moon, L50|\n|poke|p1|Gyarados, L50, F|\n|poke|p1|Electrode, L50|\n|poke|p1|Maushold, L50|\n|poke|p2|Dondozo, L50, F|\n|poke|p2|Tatsugiri, L50, F|\n|poke|p2|Slowking, L50, M|\n|poke|p2|Beartic, L50, F|\n|poke|p2|Kingambit, L50, M|\n|poke|p2|Iron Valiant, L50|\n|teampreview|4\n|c|\u2606ethan06|g1\nethan06 has agreed to open team sheets.\ngEBEMBA has agreed to open team sheets.\n|c|\u2606ethan06|hfhfhfhfhfhf !\n|c|\u2606gEBEMBA|i will only have fun if i win\n|c|\u2606ethan06|prepare not to have fun\n|c|\u2606ethan06|i have dondozo\n|c|\u2606gEBEMBA|im fatter then dozo\n|\n|t:|1682255518\n|start\n|switch|p1a: Jasonnnnnn|Scovillain, L50, M|100\/100\n|switch|p1b: Jason|Maushold, L50|100\/100\n|switch|p2a: Kingambit|Kingambit, L50, M|100\/100\n|switch|p2b: Slowking|Slowking, L50, M|100\/100\n|turn|1\n|\n|t:|1682255546\n|-terastallize|p2a: Kingambit|Flying\n|move|p1b: Jason|Sunny Day|p1b: Jason\n|-weather|SunnyDay\n|move|p1a: Jasonnnnnn|Growth|p1a: Jasonnnnnn\n|-boost|p1a: Jasonnnnnn|atk|2\n|-boost|p1a: Jasonnnnnn|spa|2\n|move|p2a: Kingambit|Brick Break|p1b: Jason\n|-supereffective|p1b: Jason\n|-damage|p1b: Jason|28\/100\n|move|p2b: Slowking|Chilly Reception|p2b: Slowking\n|-weather|Snow\n|\n|t:|1682255556\n|switch|p2b: Beartic|Beartic, L50, F|100\/100|[from] Chilly Reception\n|\n|-weather|Snow|[upkeep]\n|upkeep\n|turn|2\n|\n|t:|1682255570\n|move|p1a: Jasonnnnnn|Protect|p1a: Jasonnnnnn\n|-singleturn|p1a: Jasonnnnnn|Protect\n|move|p2b: Beartic|Liquidation|p1b: Jason\n|-damage|p1b: Jason|0 fnt\n|faint|p1b: Jason\n|move|p2a: Kingambit|Tera Blast|p1a: Jasonnnnnn\n|-activate|p1a: Jasonnnnnn|move: Protect\n|\n|-weather|Snow|[upkeep]\n|upkeep\n|\n|t:|1682255579\n|switch|p1b: Jasonnnnn|Tauros-Paldea-Combat, L50, M|100\/100\n|-ability|p1b: Jasonnnnn|Intimidate|boost\n|-unboost|p2a: Kingambit|atk|1\n|-ability|p2a: Kingambit|Defiant|boost\n|-boost|p2a: Kingambit|atk|2\n|-fail|p2b: Beartic|unboost|[from] item: Clear Amulet|[of] p2b: Beartic\n|turn|3\n|\n|t:|1682255595\n|switch|p1b: Jasonnn|Gyarados, L50, F|100\/100\n|-ability|p1b: Jasonnn|Intimidate|boost\n|-unboost|p2a: Kingambit|atk|1\n|-ability|p2a: Kingambit|Defiant|boost\n|-boost|p2a: Kingambit|atk|2\n|-enditem|p1b: Jasonnn|Mirror Herb\n|-boost|p1b: Jasonnn|atk|2|[from] item: Mirror Herb\n|-fail|p2b: Beartic|unboost|[from] item: Clear Amulet|[of] p2b: Beartic\n|move|p2b: Beartic|Protect|p2b: Beartic\n|-singleturn|p2b: Beartic|Protect\n|move|p1a: Jasonnnnnn|Flamethrower|p2b: Beartic\n|-activate|p2b: Beartic|move: Protect\n|move|p2a: Kingambit|Tera Blast|p1a: Jasonnnnnn\n|-supereffective|p1a: Jasonnnnnn\n|-damage|p1a: Jasonnnnnn|0 fnt\n|faint|p1a: Jasonnnnnn\n|\n|-weather|Snow|[upkeep]\n|upkeep\n|\n|t:|1682255607\n|switch|p1a: Jasonnnnn|Tauros-Paldea-Combat, L50, M|100\/100\n|-ability|p1a: Jasonnnnn|Intimidate|boost\n|-unboost|p2a: Kingambit|atk|1\n|-ability|p2a: Kingambit|Defiant|boost\n|-boost|p2a: Kingambit|atk|2\n|-fail|p2b: Beartic|unboost|[from] item: Clear Amulet|[of] p2b: Beartic\n|turn|4\n|\n|t:|1682255663\n|move|p2a: Kingambit|Sucker Punch|p1b: Jasonnn\n|-damage|p1b: Jasonnn|0 fnt\n|faint|p1b: Jasonnn\n|move|p2b: Beartic|Icicle Crash|p1a: Jasonnnnn\n|-damage|p1a: Jasonnnnn|42\/100\n|cant|p1a: Jasonnnnn|flinch\n|\n|-weather|Snow|[upkeep]\n|upkeep\n|turn|5\n|\n|t:|1682255687\n|move|p2b: Beartic|Icicle Crash|p1a: Jasonnnnn\n|-crit|p1a: Jasonnnnn\n|-damage|p1a: Jasonnnnn|0 fnt\n|faint|p1a: Jasonnnnn\n|\n|win|ethan06\n|l|\u2606gEBEMBA\n|c|\u2606ethan06|it's only game 1\n|l|\u2606ethan06\n|j|\u2606ethan06\n|player|p2|ethan06|ninjaboy\n","uploadtime":1682256078,"views":16,"p1id":"gebemba","p2id":"ethan06","formatid":"gen9vgc2023regulationc","rating":0,"private":0,"password":""}