{"id":"gen9vgc2023regulationc-1848123373","p1":"Auraen","p2":"Post GC2 testing","format":"[Gen 9] VGC 2023 Regulation C","log":"|j|\u2606Auraen\n|j|\u2606Post GC2 testing\n|t:|1682032402\n|gametype|doubles\n|player|p1|Auraen|flannery|1298\n|player|p2|Post GC2 testing|colress|1404\n|teamsize|p1|6\n|teamsize|p2|6\n|gen|9\n|tier|[Gen 9] VGC 2023 Regulation C\n|rated|\n|rule|Species Clause: Limit one of each Pok\u00e9mon\n|rule|Item Clause: Limit one of each item\n|clearpoke\n|poke|p1|Gastrodon, L50, M|\n|poke|p1|Orthworm, L50, F|\n|poke|p1|Ting-Lu, L50|\n|poke|p1|Dragonite, L50, F|\n|poke|p1|Scizor, L50, F|\n|poke|p1|Rotom-Heat, L50|\n|poke|p2|Dondozo, L50, F|\n|poke|p2|Tatsugiri-Stretchy, L50, F|\n|poke|p2|Pelipper, L50, M|\n|poke|p2|Toedscruel, L50, M|\n|poke|p2|Annihilape, L50, M|\n|poke|p2|Maushold-Four, L50|\n|teampreview|4\n|\n|t:|1682032434\n|start\n|switch|p1a: Dragonite|Dragonite, L50, F|100\/100\n|switch|p1b: Ting-Lu|Ting-Lu, L50|100\/100\n|switch|p2a: Monsoon|Pelipper, L50, M, shiny|100\/100\n|switch|p2b: Big Bertha|Dondozo, L50, F, shiny|100\/100\n|-weather|RainDance|[from] ability: Drizzle|[of] p2a: Monsoon\n|-ability|p1b: Ting-Lu|Vessel of Ruin\n|turn|1\n|\n|t:|1682032452\n|switch|p2a: Bulkward|Tatsugiri-Stretchy, L50, F|100\/100\n|-activate|p2a: Bulkward|ability: Commander|[of] p2b: Big Bertha\n|-boost|p2b: Big Bertha|atk|2\n|-boost|p2b: Big Bertha|spa|2\n|-boost|p2b: Big Bertha|spe|2\n|-boost|p2b: Big Bertha|def|2\n|-boost|p2b: Big Bertha|spd|2\n|switch|p1a: Gastrodon|Gastrodon, L50, M|100\/100\n|move|p2b: Big Bertha|Order Up|p1a: Gastrodon\n|-damage|p1a: Gastrodon|55\/100\n|-boost|p2b: Big Bertha|spe|1\n|-damage|p2b: Big Bertha|91\/100|[from] item: Life Orb\n|move|p1b: Ting-Lu|Sand Tomb|p2b: Big Bertha\n|-damage|p2b: Big Bertha|83\/100\n|-activate|p2b: Big Bertha|move: Sand Tomb|[of] p1b: Ting-Lu\n|\n|-weather|RainDance|[upkeep]\n|-damage|p2b: Big Bertha|70\/100|[from] move: Sand Tomb|[partiallytrapped]\n|upkeep\n|turn|2\n|\n|t:|1682032474\n|switch|p1a: Rotom|Rotom-Heat, L50|100\/100\n|-terastallize|p2b: Big Bertha|Water\n|move|p2b: Big Bertha|Order Up|p1a: Rotom\n|-damage|p1a: Rotom|50\/100\n|-boost|p2b: Big Bertha|spe|1\n|-damage|p2b: Big Bertha|60\/100|[from] item: Life Orb\n|move|p1b: Ting-Lu|Ruination|p2b: Big Bertha\n|-damage|p2b: Big Bertha|31\/100\n|\n|-weather|RainDance|[upkeep]\n|-damage|p2b: Big Bertha|18\/100|[from] move: Sand Tomb|[partiallytrapped]\n|upkeep\n|turn|3\n|\n|t:|1682032494\n|move|p2b: Big Bertha|Surf|p1b: Ting-Lu|[spread] p1a,p1b\n|-miss|p2b: Big Bertha|p2a: Bulkward\n|-supereffective|p1a: Rotom\n|-supereffective|p1b: Ting-Lu\n|-damage|p1a: Rotom|0 fnt\n|-damage|p1b: Ting-Lu|12\/100\n|faint|p1a: Rotom\n|-damage|p2b: Big Bertha|8\/100|[from] item: Life Orb\n|move|p1b: Ting-Lu|Ruination|p2b: Big Bertha\n|-damage|p2b: Big Bertha|4\/100\n|\n|-weather|RainDance|[upkeep]\n|-damage|p2b: Big Bertha|0 fnt|[from] move: Sand Tomb|[partiallytrapped]\n|faint|p2b: Big Bertha\n|upkeep\n|\n|t:|1682032506\n|switch|p1a: Dragonite|Dragonite, L50, F|100\/100\n|switch|p2b: Weirdo|Toedscruel, L50, M, shiny|100\/100\n|turn|4\n|\n|t:|1682032520\n|switch|p1b: Gastrodon|Gastrodon, L50, M|55\/100\n|-terastallize|p1a: Dragonite|Flying\n|move|p2b: Weirdo|Protect|p2b: Weirdo\n|-singleturn|p2b: Weirdo|Protect\n|move|p2a: Bulkward|Icy Wind|p1a: Dragonite|[spread] p1a,p1b\n|-supereffective|p1a: Dragonite\n|-damage|p1a: Dragonite|89\/100\n|-damage|p1b: Gastrodon|43\/100\n|-unboost|p1a: Dragonite|spe|1\n|-unboost|p1b: Gastrodon|spe|1\n|move|p1a: Dragonite|Ice Spinner|p2b: Weirdo\n|-activate|p2b: Weirdo|move: Protect\n|\n|-weather|RainDance|[upkeep]\n|-heal|p1a: Dragonite|95\/100|[from] item: Leftovers\n|upkeep\n|turn|5\n|\n|t:|1682032537\n|switch|p2b: Monsoon|Pelipper, L50, M, shiny|100\/100\n|move|p2a: Bulkward|Icy Wind|p1b: Gastrodon|[spread] p1a,p1b\n|-supereffective|p1a: Dragonite\n|-damage|p1a: Dragonite|69\/100\n|-damage|p1b: Gastrodon|32\/100\n|-unboost|p1a: Dragonite|spe|1\n|-unboost|p1b: Gastrodon|spe|1\n|move|p1a: Dragonite|Ice Spinner|p2b: Monsoon\n|-damage|p2b: Monsoon|61\/100\n|move|p1b: Gastrodon|Recover|p1b: Gastrodon\n|-heal|p1b: Gastrodon|82\/100\n|\n|-weather|RainDance|[upkeep]\n|-heal|p1a: Dragonite|75\/100|[from] item: Leftovers\n|upkeep\n|turn|6\n|\n|t:|1682032559\n|switch|p2a: Weirdo|Toedscruel, L50, M, shiny|100\/100\n|move|p2b: Monsoon|Hurricane|p1a: Dragonite\n|-damage|p1a: Dragonite|33\/100\n|move|p1a: Dragonite|Ice Spinner|p2b: Monsoon\n|-damage|p2b: Monsoon|23\/100\n|move|p1b: Gastrodon|Liquidation|p2b: Monsoon\n|-resisted|p2b: Monsoon\n|-damage|p2b: Monsoon|0 fnt\n|faint|p2b: Monsoon\n|\n|-weather|RainDance|[upkeep]\n|-heal|p1a: Dragonite|39\/100|[from] item: Leftovers\n|upkeep\n|\n|t:|1682032566\n|switch|p2b: Bulkward|Tatsugiri-Stretchy, L50, F|100\/100\n|turn|7\n|\n|t:|1682032580\n|switch|p1a: Ting-Lu|Ting-Lu, L50|12\/100\n|-ability|p1a: Ting-Lu|Vessel of Ruin\n|move|p2b: Bulkward|Draco Meteor|p1a: Ting-Lu\n|-damage|p1a: Ting-Lu|0 fnt\n|-unboost|p2b: Bulkward|spa|2\n|faint|p1a: Ting-Lu\n|move|p2a: Weirdo|Giga Drain|p1b: Gastrodon\n|-supereffective|p1b: Gastrodon\n|-damage|p1b: Gastrodon|0 fnt\n|faint|p1b: Gastrodon\n|\n|-weather|RainDance|[upkeep]\n|upkeep\n|\n|t:|1682032593\n|switch|p1b: Dragonite|Dragonite, L50, F, tera:Flying|39\/100\n|turn|8\n|\n|t:|1682032597\n|move|p2b: Bulkward|Draco Meteor|p1b: Dragonite\n|-damage|p1b: Dragonite|10\/100\n|-unboost|p2b: Bulkward|spa|2\n|move|p2a: Weirdo|Giga Drain|p1b: Dragonite\n|-resisted|p1b: Dragonite\n|-damage|p1b: Dragonite|0 fnt\n|faint|p1b: Dragonite\n|\n|win|Post GC2 testing\n|raw|Auraen's rating: 1298 → 1280<\/strong> (-18 for losing)\n|raw|Post GC2 testing's rating: 1404 → 1418<\/strong> (+14 for winning)\n|l|\u2606Auraen\n","uploadtime":1682032611,"views":6,"p1id":"auraen","p2id":"postgc2testing","formatid":"gen9vgc2023regulationc","rating":1280,"private":0,"password":""}