{"id":"gen9vgc2023regulationc-1856024040","p1":"slimejrlegit","p2":"UserOmega","format":"[Gen 9] VGC 2023 Regulation C","log":"|j|\u2606slimejrlegit\n|j|\u2606UserOmega\n|t:|1683019009\n|gametype|doubles\n|player|p1|slimejrlegit|2|1256\n|player|p2|UserOmega|youngcouple-gen4dp|1292\n|teamsize|p1|6\n|teamsize|p2|6\n|gen|9\n|tier|[Gen 9] VGC 2023 Regulation C\n|rated|\n|rule|Species Clause: Limit one of each Pok\u00e9mon\n|rule|Item Clause: Limit one of each item\n|clearpoke\n|poke|p1|Abomasnow, L50, F|\n|poke|p1|Iron Bundle, L50|\n|poke|p1|Garchomp, L50, F|\n|poke|p1|Chien-Pao, L50|\n|poke|p1|Iron Moth, L50|\n|poke|p1|Iron Valiant, L50|\n|poke|p2|Klefki, L50, M|\n|poke|p2|Glimmora, L50, F|\n|poke|p2|Annihilape, L50, M|\n|poke|p2|Scream Tail, L50|\n|poke|p2|Ting-Lu, L50|\n|poke|p2|Sylveon, L50, F|\n|teampreview|4\n|\n|t:|1683019062\n|start\n|switch|p1a: Iron Moth|Iron Moth, L50|100\/100\n|switch|p1b: Iron Valiant|Iron Valiant, L50|100\/100\n|switch|p2a: Klefki|Klefki, L50, M|100\/100\n|switch|p2b: Glimmora|Glimmora, L50, F|100\/100\n|turn|1\n|\n|t:|1683019102\n|move|p1b: Iron Valiant|Protect|p1b: Iron Valiant\n|-singleturn|p1b: Iron Valiant|Protect\n|move|p2a: Klefki|Light Screen|p2a: Klefki\n|-sidestart|p2: UserOmega|move: Light Screen\n|move|p2b: Glimmora|Sludge Bomb|p1b: Iron Valiant\n|-activate|p1b: Iron Valiant|move: Protect\n|move|p1a: Iron Moth|Fiery Dance|p2a: Klefki\n|-supereffective|p2a: Klefki\n|-damage|p2a: Klefki|20\/100\n|-boost|p1a: Iron Moth|spa|1\n|\n|upkeep\n|turn|2\n|\n|t:|1683019145\n|move|p1b: Iron Valiant|Shadow Sneak|p2a: Klefki\n|-damage|p2a: Klefki|8\/100\n|move|p2a: Klefki|Reflect|p2a: Klefki\n|-sidestart|p2: UserOmega|Reflect\n|move|p2b: Glimmora|Power Gem|p1a: Iron Moth\n|-supereffective|p1a: Iron Moth\n|-damage|p1a: Iron Moth|56\/100\n|move|p1a: Iron Moth|Heat Wave|p2b: Glimmora|[spread] p2a,p2b\n|-supereffective|p2a: Klefki\n|-resisted|p2b: Glimmora\n|-crit|p2b: Glimmora\n|-damage|p2a: Klefki|0 fnt\n|-damage|p2b: Glimmora|35\/100\n|faint|p2a: Klefki\n|-enditem|p2b: Glimmora|Red Card|[of] p1a: Iron Moth\n|-end|p1a: Iron Moth|Quark Drive|[silent]\n|drag|p1a: Garchomp|Garchomp, L50, F|100\/100\n|\n|upkeep\n|\n|t:|1683019159\n|switch|p2a: Ting-Lu|Ting-Lu, L50|100\/100\n|-ability|p2a: Ting-Lu|Vessel of Ruin\n|turn|3\n|inactive|Battle timer is ON: inactive players will automatically lose when time's up. (requested by slimejrlegit)\n|\n|t:|1683019187\n|-terastallize|p2b: Glimmora|Grass\n|move|p1a: Garchomp|Stomping Tantrum|p2b: Glimmora\n|-resisted|p2b: Glimmora\n|-damage|p2b: Glimmora|19\/100\n|-activate|p2b: Glimmora|ability: Toxic Debris\n|-sidestart|p1: slimejrlegit|move: Toxic Spikes\n|move|p1b: Iron Valiant|Close Combat|p2a: Ting-Lu\n|-supereffective|p2a: Ting-Lu\n|-damage|p2a: Ting-Lu|57\/100\n|-unboost|p1b: Iron Valiant|def|1\n|-unboost|p1b: Iron Valiant|spd|1\n|move|p2b: Glimmora|Mortal Spin|p1b: Iron Valiant|[spread] p1a,p1b\n|-resisted|p1a: Garchomp\n|-supereffective|p1b: Iron Valiant\n|-damage|p1a: Garchomp|98\/100\n|-damage|p1b: Iron Valiant|83\/100\n|-status|p1a: Garchomp|psn\n|-status|p1b: Iron Valiant|psn\n|-damage|p2b: Glimmora|7\/100|[from] ability: Rough Skin|[of] p1a: Garchomp\n|move|p2a: Ting-Lu|Heavy Slam|p1b: Iron Valiant\n|-supereffective|p1b: Iron Valiant\n|-crit|p1b: Iron Valiant\n|-damage|p1b: Iron Valiant|0 fnt\n|faint|p1b: Iron Valiant\n|-end|p1b: Iron Valiant|Quark Drive|[silent]\n|\n|-damage|p1a: Garchomp|86\/100 psn|[from] psn\n|upkeep\n|\n|t:|1683019197\n|switch|p1b: Chien-Pao|Chien-Pao, L50|100\/100\n|-status|p1b: Chien-Pao|psn\n|-ability|p1b: Chien-Pao|Sword of Ruin\n|turn|4\n|\n|t:|1683019212\n|move|p2b: Glimmora|Spiky Shield|p2b: Glimmora\n|-singleturn|p2b: Glimmora|move: Protect\n|move|p1a: Garchomp|Stomping Tantrum|p2b: Glimmora\n|-activate|p2b: Glimmora|move: Protect\n|-damage|p1a: Garchomp|73\/100 psn|[from] Spiky Shield|[of] p2b: Glimmora\n|move|p1b: Chien-Pao|Ice Spinner|p2a: Ting-Lu\n|-supereffective|p2a: Ting-Lu\n|-damage|p2a: Ting-Lu|13\/100\n|move|p2a: Ting-Lu|Heavy Slam|p1b: Chien-Pao\n|-supereffective|p1b: Chien-Pao\n|-damage|p1b: Chien-Pao|8\/100 psn\n|\n|-damage|p1a: Garchomp|61\/100 psn|[from] psn\n|-damage|p1b: Chien-Pao|0 fnt|[from] psn\n|faint|p1b: Chien-Pao\n|upkeep\n|\n|t:|1683019221\n|switch|p1b: Iron Moth|Iron Moth, L50|56\/100\n|-sideend|p1: slimejrlegit|move: Toxic Spikes|[of] p1b: Iron Moth\n|turn|5\n|\n|t:|1683019232\n|move|p1a: Garchomp|Stomping Tantrum|p2b: Glimmora\n|-resisted|p2b: Glimmora\n|-damage|p2b: Glimmora|0 fnt\n|-activate|p2b: Glimmora|ability: Toxic Debris\n|-sidestart|p1: slimejrlegit|move: Toxic Spikes\n|faint|p2b: Glimmora\n|move|p1b: Iron Moth|Fiery Dance|p2a: Ting-Lu\n|-damage|p2a: Ting-Lu|0 fnt\n|-boost|p1b: Iron Moth|spa|1\n|faint|p2a: Ting-Lu\n|\n|-damage|p1a: Garchomp|48\/100 psn|[from] psn\n|upkeep\n|\n|t:|1683019239\n|switch|p2b: Scream Tail|Scream Tail, L50|100\/100\n|-enditem|p2b: Scream Tail|Booster Energy\n|-activate|p2b: Scream Tail|ability: Protosynthesis|[fromitem]\n|-start|p2b: Scream Tail|protosynthesisspe\n|turn|6\n|\n|t:|1683019250\n|-terastallize|p1a: Garchomp|Fire\n|move|p2b: Scream Tail|Protect|p2b: Scream Tail\n|-singleturn|p2b: Scream Tail|Protect\n|move|p1a: Garchomp|Stomping Tantrum|p2b: Scream Tail\n|-activate|p2b: Scream Tail|move: Protect\n|move|p1b: Iron Moth|Acid Spray|p2b: Scream Tail\n|-activate|p2b: Scream Tail|move: Protect\n|\n|-damage|p1a: Garchomp|36\/100 psn|[from] psn\n|upkeep\n|turn|7\n|\n|t:|1683019257\n|move|p2b: Scream Tail|Psychic Fangs|p1b: Iron Moth\n|-supereffective|p1b: Iron Moth\n|-damage|p1b: Iron Moth|0 fnt\n|faint|p1b: Iron Moth\n|-end|p1b: Iron Moth|Quark Drive|[silent]\n|move|p1a: Garchomp|Stomping Tantrum|p2b: Scream Tail\n|-damage|p2b: Scream Tail|74\/100\n|\n|-damage|p1a: Garchomp|23\/100 psn|[from] psn\n|upkeep\n|turn|8\n|\n|t:|1683019262\n|move|p2b: Scream Tail|Protect|p2b: Scream Tail\n|-singleturn|p2b: Scream Tail|Protect\n|move|p1a: Garchomp|Stomping Tantrum|p2b: Scream Tail\n|-activate|p2b: Scream Tail|move: Protect\n|\n|-damage|p1a: Garchomp|11\/100 psn|[from] psn\n|-sideend|p2: UserOmega|move: Light Screen\n|upkeep\n|turn|9\n|-message|slimejrlegit forfeited.\n|\n|win|UserOmega\n|raw|slimejrlegit's rating: 1256 → 1234<\/strong> (-22 for losing)\n|raw|UserOmega's rating: 1292 → 1314<\/strong> (+22 for winning)\n|l|\u2606slimejrlegit\n","uploadtime":1683019275,"views":12,"p1id":"slimejrlegit","p2id":"useromega","formatid":"gen9vgc2023regulationc","rating":1234,"private":0,"password":""}