{"id":"gen9vgc2023regulationc-1862413022","p1":"1jx","p2":"parking2","format":"[Gen 9] VGC 2023 Regulation C","log":"|j|\u26061jx\n|j|\u2606parking2\n|t:|1683881972\n|gametype|doubles\n|player|p1|1jx|169|1171\n|player|p2|parking2|102|1244\n|teamsize|p1|6\n|teamsize|p2|6\n|gen|9\n|tier|[Gen 9] VGC 2023 Regulation C\n|rated|\n|rule|Species Clause: Limit one of each Pok\u00e9mon\n|rule|Item Clause: Limit one of each item\n|clearpoke\n|poke|p1|Annihilape, L50, F|\n|poke|p1|Maushold, L50|\n|poke|p1|Ting-Lu, L50|\n|poke|p1|Gyarados, L50, F|\n|poke|p1|Skeledirge, L50, M|\n|poke|p1|Glimmora, L50, M|\n|poke|p2|Annihilape, L50, M|\n|poke|p2|Maushold-Four, L50|\n|poke|p2|Flutter Mane, L50|\n|poke|p2|Amoonguss, L50, M|\n|poke|p2|Arcanine, L50, M|\n|poke|p2|Ting-Lu, L50|\n|teampreview|4\n|inactive|Battle timer is ON: inactive players will automatically lose when time's up. (requested by 1jx)\n|\n|t:|1683881995\n|start\n|switch|p1a: Skelediege.JR|Skeledirge, L50, M|100\/100\n|switch|p1b: Why he's not grass|Glimmora, L50, M|100\/100\n|switch|p2a: Annihilape|Annihilape, L50, M|100\/100\n|switch|p2b: Maushold|Maushold-Four, L50|100\/100\n|turn|1\n|\n|t:|1683882017\n|-terastallize|p2a: Annihilape|Poison\n|-terastallize|p1a: Skelediege.JR|Normal\n|move|p2b: Maushold|Beat Up|p2a: Annihilape\n|-damage|p2a: Annihilape|98\/100\n|-damage|p2a: Annihilape|96\/100\n|-crit|p2a: Annihilape\n|-damage|p2a: Annihilape|94\/100\n|-damage|p2a: Annihilape|92\/100\n|-hitcount|p2a: Annihilape|4\n|move|p2a: Annihilape|Rage Fist|p1b: Why he's not grass\n|-enditem|p1b: Why he's not grass|Focus Sash\n|-damage|p1b: Why he's not grass|1\/100\n|-activate|p1b: Why he's not grass|ability: Toxic Debris\n|-sidestart|p2: parking2|move: Toxic Spikes\n|move|p1b: Why he's not grass|Power Gem|p2b: Maushold\n|-damage|p2b: Maushold|59\/100\n|move|p1a: Skelediege.JR|Torch Song|p2b: Maushold\n|-damage|p2b: Maushold|18\/100\n|-boost|p1a: Skelediege.JR|spa|1\n|-enditem|p1a: Skelediege.JR|Throat Spray\n|-boost|p1a: Skelediege.JR|spa|1|[from] item: Throat Spray\n|\n|-heal|p2a: Annihilape|98\/100|[from] item: Leftovers\n|upkeep\n|turn|2\n|\n|t:|1683882038\n|move|p1b: Why he's not grass|Spiky Shield|p1b: Why he's not grass\n|-singleturn|p1b: Why he's not grass|move: Protect\n|move|p2b: Maushold|Follow Me|p2b: Maushold\n|-singleturn|p2b: Maushold|move: Follow Me\n|move|p2a: Annihilape|Drain Punch|p1a: Skelediege.JR\n|-supereffective|p1a: Skelediege.JR\n|-damage|p1a: Skelediege.JR|46\/100\n|-heal|p2a: Annihilape|100\/100|[from] drain|[of] p1a: Skelediege.JR\n|move|p1a: Skelediege.JR|Hyper Voice|p2a: Annihilape|[spread] p2a,p2b\n|-damage|p2a: Annihilape|51\/100\n|-damage|p2b: Maushold|0 fnt\n|faint|p2b: Maushold\n|\n|-heal|p2a: Annihilape|57\/100|[from] item: Leftovers\n|upkeep\n|\n|t:|1683882048\n|switch|p2b: Amoonguss|Amoonguss, L50, M|100\/100\n|-sideend|p2: parking2|move: Toxic Spikes|[of] p2b: Amoonguss\n|turn|3\n|\n|t:|1683882064\n|switch|p1a: GODape|Annihilape, L50, F|100\/100\n|move|p2a: Annihilape|Drain Punch|p1a: GODape\n|-immune|p1a: GODape\n|move|p1b: Why he's not grass|Power Gem|p2a: Annihilape\n|-damage|p2a: Annihilape|16\/100\n|move|p2b: Amoonguss|Pollen Puff|p2a: Annihilape\n|-heal|p2a: Annihilape|66\/100\n|\n|-heal|p2a: Annihilape|71\/100|[from] item: Leftovers\n|upkeep\n|turn|4\n|\n|t:|1683882086\n|move|p1a: GODape|Protect|p1a: GODape\n|-singleturn|p1a: GODape|Protect\n|move|p2b: Amoonguss|Rage Powder|p2b: Amoonguss\n|-singleturn|p2b: Amoonguss|move: Rage Powder\n|move|p2a: Annihilape|Rage Fist|p1a: GODape\n|-activate|p1a: GODape|move: Protect\n|move|p1b: Why he's not grass|Power Gem|p2b: Amoonguss\n|-damage|p2b: Amoonguss|73\/100\n|\n|-heal|p2a: Annihilape|77\/100|[from] item: Leftovers\n|upkeep\n|turn|5\n|\n|t:|1683882104\n|switch|p1a: Skelediege.JR|Skeledirge, L50, M, tera:Normal|46\/100\n|move|p2a: Annihilape|Drain Punch|p1b: Why he's not grass\n|-damage|p1b: Why he's not grass|0 fnt\n|-heal|p2a: Annihilape|78\/100|[from] drain|[of] p1b: Why he's not grass\n|-activate|p1b: Why he's not grass|ability: Toxic Debris\n|-sidestart|p2: parking2|move: Toxic Spikes\n|faint|p1b: Why he's not grass\n|move|p2b: Amoonguss|Spore|p1a: Skelediege.JR\n|-status|p1a: Skelediege.JR|slp|[from] move: Spore\n|\n|-heal|p2a: Annihilape|84\/100|[from] item: Leftovers\n|upkeep\n|\n|t:|1683882116\n|switch|p1b: Ting-Lu|Ting-Lu, L50|100\/100\n|-ability|p1b: Ting-Lu|Vessel of Ruin\n|turn|6\n|\n|t:|1683882125\n|cant|p1a: Skelediege.JR|slp\n|move|p2a: Annihilape|Drain Punch|p1a: Skelediege.JR\n|-supereffective|p1a: Skelediege.JR\n|-damage|p1a: Skelediege.JR|0 fnt\n|-heal|p2a: Annihilape|100\/100|[from] drain|[of] p1a: Skelediege.JR\n|faint|p1a: Skelediege.JR\n|move|p1b: Ting-Lu|Earthquake|p2a: Annihilape|[spread] p2a,p2b\n|-supereffective|p2a: Annihilape\n|-damage|p2a: Annihilape|33\/100\n|-damage|p2b: Amoonguss|42\/100\n|-enditem|p2b: Amoonguss|Sitrus Berry|[eat]\n|-heal|p2b: Amoonguss|67\/100|[from] item: Sitrus Berry\n|move|p2b: Amoonguss|Spore|p1b: Ting-Lu\n|-status|p1b: Ting-Lu|slp|[from] move: Spore\n|\n|-heal|p2a: Annihilape|39\/100|[from] item: Leftovers\n|upkeep\n|\n|t:|1683882131\n|switch|p1a: GODape|Annihilape, L50, F|100\/100\n|turn|7\n|\n|t:|1683882148\n|move|p1a: GODape|Fire Punch|p2b: Amoonguss\n|-supereffective|p2b: Amoonguss\n|-damage|p2b: Amoonguss|14\/100\n|move|p2a: Annihilape|Rage Fist|p1a: GODape\n|-supereffective|p1a: GODape\n|-damage|p1a: GODape|0 fnt\n|faint|p1a: GODape\n|cant|p1b: Ting-Lu|slp\n|move|p1b: Ting-Lu|Sleep Talk|p1b: Ting-Lu\n|move|p1b: Ting-Lu|Rock Slide|p2a: Annihilape|[from]move: Sleep Talk|[spread] p2a,p2b\n|-damage|p2a: Annihilape|22\/100\n|-damage|p2b: Amoonguss|0 fnt\n|faint|p2b: Amoonguss\n|\n|-heal|p2a: Annihilape|27\/100|[from] item: Leftovers\n|upkeep\n|c|\u2606parking2|gg\n|\n|t:|1683882159\n|switch|p2b: Flutter Mane|Flutter Mane, L50|100\/100\n|-status|p2b: Flutter Mane|psn\n|turn|8\n|\n|t:|1683882165\n|move|p2b: Flutter Mane|Dazzling Gleam|p1b: Ting-Lu\n|-supereffective|p1b: Ting-Lu\n|-damage|p1b: Ting-Lu|49\/100 slp\n|-enditem|p1b: Ting-Lu|Weakness Policy\n|-boost|p1b: Ting-Lu|atk|2|[from] item: Weakness Policy\n|-boost|p1b: Ting-Lu|spa|2|[from] item: Weakness Policy\n|-damage|p2b: Flutter Mane|90\/100 psn|[from] item: Life Orb\n|move|p2a: Annihilape|Drain Punch|p1b: Ting-Lu\n|-supereffective|p1b: Ting-Lu\n|-damage|p1b: Ting-Lu|5\/100 slp\n|-heal|p2a: Annihilape|58\/100|[from] drain|[of] p1b: Ting-Lu\n|cant|p1b: Ting-Lu|slp\n|move|p1b: Ting-Lu|Sleep Talk|p1b: Ting-Lu\n|move|p1b: Ting-Lu|Rock Slide|p2a: Annihilape|[from]move: Sleep Talk|[spread] p2a,p2b\n|-damage|p2a: Annihilape|26\/100\n|-damage|p2b: Flutter Mane|25\/100 psn\n|\n|-heal|p2a: Annihilape|32\/100|[from] item: Leftovers\n|-damage|p2b: Flutter Mane|13\/100 psn|[from] psn\n|upkeep\n|turn|9\n|\n|t:|1683882179\n|move|p2b: Flutter Mane|Dazzling Gleam|p1b: Ting-Lu\n|-supereffective|p1b: Ting-Lu\n|-damage|p1b: Ting-Lu|0 fnt\n|faint|p1b: Ting-Lu\n|-damage|p2b: Flutter Mane|3\/100 psn|[from] item: Life Orb\n|\n|win|parking2\n|raw|1jx's rating: 1171 → 1151<\/strong> (-20 for losing)\n|raw|parking2's rating: 1244 → 1264<\/strong> (+20 for winning)\n","uploadtime":1683882181,"views":8,"p1id":"1jx","p2id":"parking2","formatid":"gen9vgc2023regulationc","rating":1151,"private":0,"password":""}