{"id":"gen9vgc2023regulationc-1855866271","p1":"Mait27","p2":"Denngekibuko","format":"[Gen 9] VGC 2023 Regulation C","log":"|j|\u2606Mait27\n|j|\u2606Denngekibuko\n|t:|1682993602\n|gametype|doubles\n|player|p1|Mait27|102|1101\n|player|p2|Denngekibuko|lucas|1190\n|teamsize|p1|6\n|teamsize|p2|6\n|gen|9\n|tier|[Gen 9] VGC 2023 Regulation C\n|rated|\n|rule|Species Clause: Limit one of each Pok\u00e9mon\n|rule|Item Clause: Limit one of each item\n|clearpoke\n|poke|p1|Klawf, L50, F|\n|poke|p1|Grimmsnarl, L50, M|\n|poke|p1|Arcanine, L50, M|\n|poke|p1|Flutter Mane, L50|\n|poke|p1|Farigiraf, L50, M|\n|poke|p1|Wo-Chien, L50|\n|poke|p2|Orthworm, L50, M|\n|poke|p2|Oranguru, L50, M|\n|poke|p2|Pelipper, L50, M|\n|poke|p2|Iron Hands, L50|\n|poke|p2|Ting-Lu, L50|\n|poke|p2|Gastrodon, L50, F|\n|teampreview|4\n|\n|t:|1682993664\n|start\n|switch|p1a: Grimmsnarl|Grimmsnarl, L50, M|100\/100\n|switch|p1b: Klawf|Klawf, L50, F|100\/100\n|switch|p2a: Oranguru|Oranguru, L50, M|100\/100\n|switch|p2b: Iron Hands|Iron Hands, L50|100\/100\n|-enditem|p2b: Iron Hands|Booster Energy\n|-activate|p2b: Iron Hands|ability: Quark Drive|[fromitem]\n|-start|p2b: Iron Hands|quarkdriveatk\n|turn|1\n|\n|t:|1682993681\n|move|p1a: Grimmsnarl|Fake Out|p2b: Iron Hands\n|-crit|p2b: Iron Hands\n|-damage|p2b: Iron Hands|89\/100\n|move|p1b: Klawf|Swords Dance|p1b: Klawf\n|-boost|p1b: Klawf|atk|2\n|cant|p2b: Iron Hands|flinch\n|move|p2a: Oranguru|Trick Room|p2a: Oranguru\n|-fieldstart|move: Trick Room|[of] p2a: Oranguru\n|\n|upkeep\n|turn|2\n|\n|t:|1682993711\n|-terastallize|p1b: Klawf|Water\n|move|p1a: Grimmsnarl|Parting Shot|p2b: Iron Hands\n|-unboost|p2b: Iron Hands|atk|1\n|-unboost|p2b: Iron Hands|spa|1\n|\n|t:|1682993716\n|switch|p1a: Arcanine|Arcanine, L50, M|100\/100|[from] Parting Shot\n|-ability|p1a: Arcanine|Intimidate|boost\n|-unboost|p2a: Oranguru|atk|1\n|-unboost|p2b: Iron Hands|atk|1\n|move|p2b: Iron Hands|Earthquake|p1b: Klawf|[spread] p1a,p1b\n|-activate|p2a: Oranguru|ability: Telepathy\n|-supereffective|p1a: Arcanine\n|-damage|p1a: Arcanine|59\/100\n|-damage|p1b: Klawf|79\/100\n|move|p2a: Oranguru|Instruct|p2b: Iron Hands\n|-singleturn|p2b: Iron Hands|move: Instruct|[of] p2a: Oranguru\n|move|p2b: Iron Hands|Earthquake|p1b: Klawf|[spread] p1a,p1b\n|-activate|p2a: Oranguru|ability: Telepathy\n|-supereffective|p1a: Arcanine\n|-crit|p1a: Arcanine\n|-damage|p1a: Arcanine|0 fnt\n|-damage|p1b: Klawf|58\/100\n|faint|p1a: Arcanine\n|move|p1b: Klawf|Crabhammer|p2b: Iron Hands|[miss]\n|-miss|p1b: Klawf|p2b: Iron Hands\n|\n|upkeep\n|\n|t:|1682993739\n|switch|p1a: Grimmsnarl|Grimmsnarl, L50, M|100\/100\n|turn|3\n|\n|t:|1682993752\n|move|p1a: Grimmsnarl|Fake Out|p2a: Oranguru\n|-damage|p2a: Oranguru|92\/100\n|move|p2b: Iron Hands|Wild Charge|p1b: Klawf\n|-supereffective|p1b: Klawf\n|-damage|p1b: Klawf|0 fnt\n|faint|p1b: Klawf\n|-damage|p2b: Iron Hands|81\/100|[from] Recoil\n|cant|p2a: Oranguru|flinch\n|\n|upkeep\n|\n|t:|1682993763\n|switch|p1b: Wo-Chien|Wo-Chien, L50|100\/100\n|-ability|p1b: Wo-Chien|Tablets of Ruin\n|turn|4\n|\n|t:|1682993773\n|move|p1a: Grimmsnarl|Thunder Wave|p2a: Oranguru\n|-status|p2a: Oranguru|par\n|cant|p2a: Oranguru|par\n|move|p2b: Iron Hands|Close Combat|p1b: Wo-Chien\n|-supereffective|p1b: Wo-Chien\n|-damage|p1b: Wo-Chien|32\/100\n|-unboost|p2b: Iron Hands|def|1\n|-unboost|p2b: Iron Hands|spd|1\n|move|p1b: Wo-Chien|Leech Seed|p2b: Iron Hands\n|-start|p2b: Iron Hands|move: Leech Seed\n|\n|-heal|p1b: Wo-Chien|38\/100|[from] item: Leftovers\n|-damage|p2b: Iron Hands|69\/100|[from] Leech Seed|[of] p1b: Wo-Chien\n|-heal|p1b: Wo-Chien|55\/100|[silent]\n|upkeep\n|turn|5\n|\n|t:|1682993803\n|move|p1b: Wo-Chien|Protect|p1b: Wo-Chien\n|-singleturn|p1b: Wo-Chien|Protect\n|move|p2a: Oranguru|Instruct|p2b: Iron Hands\n|-singleturn|p2b: Iron Hands|move: Instruct|[of] p2a: Oranguru\n|move|p2b: Iron Hands|Close Combat|p1b: Wo-Chien\n|-activate|p1b: Wo-Chien|move: Protect\n|move|p2b: Iron Hands|Close Combat|p1a: Grimmsnarl\n|-damage|p1a: Grimmsnarl|58\/100\n|-unboost|p2b: Iron Hands|def|1\n|-unboost|p2b: Iron Hands|spd|1\n|move|p1a: Grimmsnarl|Spirit Break|p2b: Iron Hands\n|-supereffective|p2b: Iron Hands\n|-damage|p2b: Iron Hands|14\/100\n|-unboost|p2b: Iron Hands|spa|1\n|\n|-heal|p1b: Wo-Chien|61\/100|[from] item: Leftovers\n|-damage|p2b: Iron Hands|2\/100|[from] Leech Seed|[of] p1b: Wo-Chien\n|-heal|p1b: Wo-Chien|78\/100|[silent]\n|-fieldend|move: Trick Room\n|upkeep\n|turn|6\n|\n|t:|1682993833\n|move|p1b: Wo-Chien|Leech Seed|p2a: Oranguru|[miss]\n|-miss|p1b: Wo-Chien|p2a: Oranguru\n|move|p1a: Grimmsnarl|Spirit Break|p2b: Iron Hands\n|-supereffective|p2b: Iron Hands\n|-damage|p2b: Iron Hands|0 fnt\n|faint|p2b: Iron Hands\n|-end|p2b: Iron Hands|Quark Drive|[silent]\n|move|p2a: Oranguru|Trick Room|p2a: Oranguru\n|-fieldstart|move: Trick Room|[of] p2a: Oranguru\n|\n|-heal|p1b: Wo-Chien|84\/100|[from] item: Leftovers\n|upkeep\n|\n|t:|1682993852\n|switch|p2b: Pelipper|Pelipper, L50, M|100\/100\n|-weather|RainDance|[from] ability: Drizzle|[of] p2b: Pelipper\n|turn|7\n|\n|t:|1682993867\n|switch|p2a: Gastrodon|Gastrodon, L50, F|100\/100\n|move|p1a: Grimmsnarl|Thunder Wave|p2b: Pelipper\n|-status|p2b: Pelipper|par\n|move|p2b: Pelipper|Surf|p1a: Grimmsnarl|[spread] p1a,p1b\n|-ability|p2a: Gastrodon|Storm Drain|boost\n|-boost|p2a: Gastrodon|spa|1\n|-resisted|p1b: Wo-Chien\n|-damage|p1a: Grimmsnarl|6\/100\n|-damage|p1b: Wo-Chien|65\/100\n|move|p1b: Wo-Chien|Leech Seed|p2a: Gastrodon\n|-start|p2a: Gastrodon|move: Leech Seed\n|\n|-weather|RainDance|[upkeep]\n|-heal|p1b: Wo-Chien|71\/100|[from] item: Leftovers\n|-damage|p2a: Gastrodon|88\/100|[from] Leech Seed|[of] p1b: Wo-Chien\n|-heal|p1b: Wo-Chien|85\/100|[silent]\n|upkeep\n|turn|8\n|\n|t:|1682993896\n|move|p2a: Gastrodon|Earth Power|p1a: Grimmsnarl\n|-damage|p1a: Grimmsnarl|0 fnt\n|faint|p1a: Grimmsnarl\n|move|p2b: Pelipper|Surf|p1b: Wo-Chien|[spread] p1b\n|-ability|p2a: Gastrodon|Storm Drain|boost\n|-boost|p2a: Gastrodon|spa|1\n|-resisted|p1b: Wo-Chien\n|-damage|p1b: Wo-Chien|66\/100\n|move|p1b: Wo-Chien|Giga Drain|p2a: Gastrodon\n|-supereffective|p2a: Gastrodon\n|-damage|p2a: Gastrodon|0 fnt\n|-heal|p1b: Wo-Chien|100\/100|[from] drain|[of] p2a: Gastrodon\n|faint|p2a: Gastrodon\n|\n|-weather|RainDance|[upkeep]\n|upkeep\n|\n|t:|1682993912\n|switch|p2a: Oranguru|Oranguru, L50, M|92\/100 par\n|turn|9\n|\n|t:|1682993918\n|-terastallize|p2b: Pelipper|Water\n|cant|p2b: Pelipper|par\n|move|p2a: Oranguru|Instruct|p2b: Pelipper\n|-singleturn|p2b: Pelipper|move: Instruct|[of] p2a: Oranguru\n|move|p2b: Pelipper|Surf|p1b: Wo-Chien|[spread] p1b\n|-activate|p2a: Oranguru|ability: Telepathy\n|-resisted|p1b: Wo-Chien\n|-damage|p1b: Wo-Chien|75\/100\n|move|p1b: Wo-Chien|Leech Seed|p2b: Pelipper\n|-start|p2b: Pelipper|move: Leech Seed\n|\n|-weather|RainDance|[upkeep]\n|-heal|p1b: Wo-Chien|81\/100|[from] item: Leftovers\n|-damage|p2b: Pelipper|89\/100 par|[from] Leech Seed|[of] p1b: Wo-Chien\n|-heal|p1b: Wo-Chien|92\/100|[silent]\n|upkeep\n|turn|10\n|-message|Denngekibuko forfeited by changing their name.\n|l|denngekibuko\n|\n|win|Mait27\n|raw|Mait27's rating: 1101 → 1130<\/strong> (+29 for winning)\n|raw|Denngekibuko's rating: 1159 → 1130<\/strong> (-29 for losing)\n|j|\u2606Denngekibuko\n|l|\u2606Mait27\n|j|\u2606Mait27\n|player|p1|Mait27|102\n","uploadtime":1682994126,"views":11,"p1id":"mait27","p2id":"denngekibuko","formatid":"gen9vgc2023regulationc","rating":1130,"private":0,"password":""}