{"id":"gen9vgc2023regulationc-1850069710","p1":"bleldigs","p2":"Shnipe_Cizy","format":"[Gen 9] VGC 2023 Regulation C","log":"|j|\u2606bleldigs\n|j|\u2606Shnipe_Cizy\n|t:|1682283857\n|gametype|doubles\n|player|p1|bleldigs|buck|1344\n|player|p2|Shnipe_Cizy|ghetsis|1397\n|teamsize|p1|6\n|teamsize|p2|6\n|gen|9\n|tier|[Gen 9] VGC 2023 Regulation C\n|rated|\n|rule|Species Clause: Limit one of each Pok\u00e9mon\n|rule|Item Clause: Limit one of each item\n|clearpoke\n|poke|p1|Annihilape, L50, M|\n|poke|p1|Wo-Chien, L50|\n|poke|p1|Glimmora, L50, M|\n|poke|p1|Flutter Mane, L50|\n|poke|p1|Gyarados, L50, F|\n|poke|p1|Pawmot, L50, M|\n|poke|p2|Ting-Lu, L50|\n|poke|p2|Garganacl, L50, M|\n|poke|p2|Roaring Moon, L50|\n|poke|p2|Amoonguss, L50, M|\n|poke|p2|Arcanine, L50, M|\n|poke|p2|Iron Bundle, L50|\n|teampreview|4\nShnipe_Cizy has agreed to open team sheets.\nbleldigs has agreed to open team sheets.\n|inactive|Battle timer is ON: inactive players will automatically lose when time's up. (requested by Shnipe_Cizy)\n|\n|t:|1682283921\n|start\n|switch|p1a: Annihilape|Annihilape, L50, M|100\/100\n|switch|p1b: Pawmot|Pawmot, L50, M|100\/100\n|switch|p2a: Garganacl|Garganacl, L50, M|100\/100\n|switch|p2b: Amoonguss|Amoonguss, L50, M|100\/100\n|turn|1\n|inactive|bleldigs has 30 seconds left.\n|\n|t:|1682283954\n|switch|p1b: Wo-Chien|Wo-Chien, L50|100\/100\n|-ability|p1b: Wo-Chien|Tablets of Ruin\n|move|p2a: Garganacl|Protect|p2a: Garganacl\n|-singleturn|p2a: Garganacl|Protect\n|move|p2b: Amoonguss|Protect|p2b: Amoonguss\n|-singleturn|p2b: Amoonguss|Protect\n|move|p1a: Annihilape|Final Gambit|p2a: Garganacl\n|-activate|p2a: Garganacl|move: Protect\n|\n|upkeep\n|turn|2\n|\n|t:|1682283976\n|switch|p1a: Gyarados|Gyarados, L50, F|100\/100\n|-ability|p1a: Gyarados|Intimidate|boost\n|-unboost|p2a: Garganacl|atk|1\n|-unboost|p2b: Amoonguss|atk|1\n|move|p2b: Amoonguss|Rage Powder|p2b: Amoonguss\n|-singleturn|p2b: Amoonguss|move: Rage Powder\n|move|p1b: Wo-Chien|Leech Seed|p2a: Garganacl\n|-start|p2a: Garganacl|move: Leech Seed\n|move|p2a: Garganacl|Stealth Rock|p1b: Wo-Chien\n|-sidestart|p1: bleldigs|move: Stealth Rock\n|\n|-damage|p2a: Garganacl|88\/100|[from] Leech Seed|[of] p1b: Wo-Chien\n|upkeep\n|turn|3\n|inactive|bleldigs has 30 seconds left.\n|inactive|Shnipe_Cizy has 30 seconds left.\n|inactive|bleldigs has 20 seconds left.\n|inactive|bleldigs has 15 seconds left.\n|\n|t:|1682284019\n|switch|p1b: Annihilape|Annihilape, L50, M|100\/100\n|-damage|p1b: Annihilape|95\/100|[from] Stealth Rock\n|switch|p2b: Iron Bundle|Iron Bundle, L50|100\/100\n|move|p1a: Gyarados|Thunder Wave|p2b: Iron Bundle\n|-status|p2b: Iron Bundle|par\n|move|p2a: Garganacl|Salt Cure|p1b: Annihilape\n|-resisted|p1b: Annihilape\n|-damage|p1b: Annihilape|90\/100\n|-start|p1b: Annihilape|Salt Cure\n|\n|-heal|p2a: Garganacl|94\/100|[from] item: Leftovers\n|-damage|p2a: Garganacl|82\/100|[from] Leech Seed|[of] p1b: Annihilape\n|-heal|p1b: Annihilape|100\/100|[silent]\n|-damage|p1b: Annihilape|88\/100|[from] Salt Cure\n|upkeep\n|turn|4\n|inactive|bleldigs has 30 seconds left.\n|inactive|Shnipe_Cizy has 30 seconds left.\n|inactive|bleldigs has 20 seconds left.\n|inactive|bleldigs has 15 seconds left.\n|inactive|bleldigs has 10 seconds left.\n|inactive|bleldigs has 5 seconds left.\n|\n|t:|1682284070\n|switch|p2a: Amoonguss|Amoonguss, L50, M|100\/100\n|move|p2b: Iron Bundle|Protect|p2b: Iron Bundle\n|-singleturn|p2b: Iron Bundle|Protect\n|move|p1b: Annihilape|Close Combat|p2b: Iron Bundle\n|-activate|p2b: Iron Bundle|move: Protect\n|move|p1a: Gyarados|Waterfall|p2b: Iron Bundle\n|-activate|p2b: Iron Bundle|move: Protect\n|\n|-damage|p1b: Annihilape|76\/100|[from] Salt Cure\n|upkeep\n|turn|5\n|inactive|bleldigs has 30 seconds left.\n|inactive|bleldigs has 20 seconds left.\n|\n|t:|1682284105\n|switch|p1b: Wo-Chien|Wo-Chien, L50|100\/100\n|-damage|p1b: Wo-Chien|88\/100|[from] Stealth Rock\n|-ability|p1b: Wo-Chien|Tablets of Ruin\n|-terastallize|p1a: Gyarados|Grass\n|move|p2a: Amoonguss|Protect|p2a: Amoonguss\n|-singleturn|p2a: Amoonguss|Protect\n|move|p1a: Gyarados|Whirlpool|p2a: Amoonguss\n|-activate|p2a: Amoonguss|move: Protect\n|move|p2b: Iron Bundle|Freeze-Dry|p1a: Gyarados\n|-supereffective|p1a: Gyarados\n|-damage|p1a: Gyarados|39\/100\n|-status|p1a: Gyarados|frz\n|\n|-heal|p1b: Wo-Chien|94\/100|[from] item: Leftovers\n|upkeep\n|turn|6\n|inactive|bleldigs has 30 seconds left.\n|inactive|Shnipe_Cizy has 30 seconds left.\n|inactive|Shnipe_Cizy has 20 seconds left.\n|\n|t:|1682284141\n|switch|p2a: Arcanine|Arcanine, L50, M|100\/100\n|-ability|p2a: Arcanine|Intimidate|boost\n|-unboost|p1a: Gyarados|atk|1\n|-unboost|p1b: Wo-Chien|atk|1\n|cant|p1a: Gyarados|frz\n|move|p2b: Iron Bundle|Encore|p1a: Gyarados\n|-start|p1a: Gyarados|Encore\n|move|p1b: Wo-Chien|Pollen Puff|p2b: Iron Bundle\n|-damage|p2b: Iron Bundle|60\/100 par\n|\n|-heal|p1b: Wo-Chien|100\/100|[from] item: Leftovers\n|upkeep\n|turn|7\n|inactive|bleldigs has 30 seconds left.\n|inactive|bleldigs has 20 seconds left.\n|inactive|bleldigs has 15 seconds left.\n|\n|t:|1682284183\n|move|p2a: Arcanine|Flare Blitz|p1a: Gyarados\n|-supereffective|p1a: Gyarados\n|-damage|p1a: Gyarados|0 fnt\n|faint|p1a: Gyarados\n|-damage|p2a: Arcanine|86\/100|[from] Recoil\n|cant|p2b: Iron Bundle|par\n|move|p1b: Wo-Chien|Leech Seed|p2a: Arcanine\n|-start|p2a: Arcanine|move: Leech Seed\n|\n|-damage|p2a: Arcanine|74\/100|[from] Leech Seed|[of] p1b: Wo-Chien\n|upkeep\n|\n|t:|1682284196\n|switch|p1a: Pawmot|Pawmot, L50, M|100\/100\n|-damage|p1a: Pawmot|94\/100|[from] Stealth Rock\n|turn|8\n|inactive|Shnipe_Cizy has 30 seconds left.\n|\n|t:|1682284223\n|-end|p2b: Iron Bundle|Quark Drive|[silent]\n|switch|p2b: Amoonguss|Amoonguss, L50, M|100\/100\n|move|p1a: Pawmot|Close Combat|p2b: Amoonguss\n|-resisted|p2b: Amoonguss\n|-damage|p2b: Amoonguss|80\/100\n|-unboost|p1a: Pawmot|def|1\n|-unboost|p1a: Pawmot|spd|1\n|move|p2a: Arcanine|Flare Blitz|p1b: Wo-Chien\n|-supereffective|p1b: Wo-Chien\n|-damage|p1b: Wo-Chien|28\/100\n|-damage|p2a: Arcanine|48\/100|[from] Recoil\n|-enditem|p2a: Arcanine|Sitrus Berry|[eat]\n|-heal|p2a: Arcanine|73\/100|[from] item: Sitrus Berry\n|move|p1b: Wo-Chien|Pollen Puff|p1a: Pawmot\n|-heal|p1a: Pawmot|100\/100\n|\n|-heal|p1b: Wo-Chien|34\/100|[from] item: Leftovers\n|-damage|p2a: Arcanine|60\/100|[from] Leech Seed|[of] p1b: Wo-Chien\n|-heal|p1b: Wo-Chien|45\/100|[silent]\n|upkeep\n|turn|9\n|inactive|bleldigs has 30 seconds left.\n|\n|t:|1682284258\n|move|p2a: Arcanine|Protect|p2a: Arcanine\n|-singleturn|p2a: Arcanine|Protect\n|move|p1b: Wo-Chien|Protect|p1b: Wo-Chien\n|-singleturn|p1b: Wo-Chien|Protect\n|move|p1a: Pawmot|Revival Blessing|p1a: Pawmot\n|\n|t:|1682284263\n|-heal|p1: Gyarados|50\/100|[from] move: Revival Blessing\n|move|p2b: Amoonguss|Spore|p1a: Pawmot\n|-status|p1a: Pawmot|slp|[from] move: Spore\n|\n|-heal|p1b: Wo-Chien|52\/100|[from] item: Leftovers\n|-damage|p2a: Arcanine|48\/100|[from] Leech Seed|[of] p1b: Wo-Chien\n|-heal|p1b: Wo-Chien|63\/100|[silent]\n|upkeep\n|turn|10\n|\n|t:|1682284287\n|-curestatus|p1a: Pawmot|slp|[from] ability: Natural Cure\n|switch|p1a: Gyarados|Gyarados, L50, F|50\/100\n|-damage|p1a: Gyarados|25\/100|[from] Stealth Rock\n|-ability|p1a: Gyarados|Intimidate|boost\n|-unboost|p2a: Arcanine|atk|1\n|-unboost|p2b: Amoonguss|atk|1\n|-enditem|p1a: Gyarados|Aguav Berry|[eat]\n|-heal|p1a: Gyarados|58\/100|[from] item: Aguav Berry\n|switch|p2a: Garganacl|Garganacl, L50, M|82\/100\n|move|p1b: Wo-Chien|Pollen Puff|p1a: Gyarados\n|-heal|p1a: Gyarados|100\/100\n|move|p2b: Amoonguss|Spore|p1b: Wo-Chien\n|-immune|p1b: Wo-Chien\n|\n|-heal|p1b: Wo-Chien|69\/100|[from] item: Leftovers\n|-heal|p2a: Garganacl|88\/100|[from] item: Leftovers\n|upkeep\n|turn|11\n|inactive|bleldigs has 30 seconds left.\n|inactive|Shnipe_Cizy has 30 seconds left.\n|\n|t:|1682284314\n|move|p1a: Gyarados|Whirlpool|p2a: Garganacl|[miss]\n|-miss|p1a: Gyarados|p2a: Garganacl\n|move|p1b: Wo-Chien|Leech Seed|p2a: Garganacl\n|-start|p2a: Garganacl|move: Leech Seed\n|move|p2a: Garganacl|Salt Cure|p1a: Gyarados\n|-supereffective|p1a: Gyarados\n|-damage|p1a: Gyarados|81\/100\n|-start|p1a: Gyarados|Salt Cure\n|move|p2b: Amoonguss|Pollen Puff|p1b: Wo-Chien\n|-supereffective|p1b: Wo-Chien\n|-damage|p1b: Wo-Chien|19\/100\n|\n|-heal|p1b: Wo-Chien|25\/100|[from] item: Leftovers\n|-heal|p2a: Garganacl|94\/100|[from] item: Leftovers\n|-damage|p2a: Garganacl|82\/100|[from] Leech Seed|[of] p1b: Wo-Chien\n|-heal|p1b: Wo-Chien|39\/100|[silent]\n|-damage|p1a: Gyarados|57\/100|[from] Salt Cure\n|upkeep\n|turn|12\n|inactive|bleldigs has 30 seconds left.\n|\n|t:|1682284346\n|switch|p1a: Pawmot|Pawmot, L50, M|100\/100\n|-damage|p1a: Pawmot|94\/100|[from] Stealth Rock\n|switch|p1b: Annihilape|Annihilape, L50, M|76\/100\n|-damage|p1b: Annihilape|70\/100|[from] Stealth Rock\n|move|p2a: Garganacl|Recover|p2a: Garganacl\n|-heal|p2a: Garganacl|100\/100\n|move|p2b: Amoonguss|Pollen Puff|p1b: Annihilape\n|-resisted|p1b: Annihilape\n|-crit|p1b: Annihilape\n|-damage|p1b: Annihilape|63\/100\n|\n|-damage|p2a: Garganacl|88\/100|[from] Leech Seed|[of] p1b: Annihilape\n|-heal|p1b: Annihilape|75\/100|[silent]\n|upkeep\n|turn|13\n|inactive|bleldigs has 30 seconds left.\n|inactive|Shnipe_Cizy has 30 seconds left.\n|inactive|bleldigs has 20 seconds left.\n|inactive|Shnipe_Cizy has 20 seconds left.\n|inactive|bleldigs has 15 seconds left.\n|inactive|Shnipe_Cizy has 15 seconds left.\n|inactive|bleldigs has 10 seconds left.\n|inactive|Shnipe_Cizy has 10 seconds left.\n|inactive|Shnipe_Cizy has 5 seconds left.\n|\n|t:|1682284400\n|-terastallize|p2a: Garganacl|Ghost\n|move|p1a: Pawmot|Fake Out|p2b: Amoonguss\n|-damage|p2b: Amoonguss|67\/100\n|move|p1b: Annihilape|Rage Fist|p2b: Amoonguss\n|-damage|p2b: Amoonguss|6\/100\n|-enditem|p2b: Amoonguss|Aguav Berry|[eat]\n|-heal|p2b: Amoonguss|39\/100|[from] item: Aguav Berry\n|move|p2a: Garganacl|Salt Cure|p1a: Pawmot\n|-resisted|p1a: Pawmot\n|-damage|p1a: Pawmot|82\/100\n|-start|p1a: Pawmot|Salt Cure\n|cant|p2b: Amoonguss|flinch\n|\n|-heal|p2a: Garganacl|94\/100|[from] item: Leftovers\n|-damage|p2a: Garganacl|82\/100|[from] Leech Seed|[of] p1b: Annihilape\n|-heal|p1b: Annihilape|86\/100|[silent]\n|-damage|p1a: Pawmot|70\/100|[from] Salt Cure\n|upkeep\n|turn|14\n|inactive|bleldigs has 10 seconds left this turn.\n|inactive|bleldigs has 5 seconds left.\n|-message|bleldigs lost due to inactivity.\n|\n|win|Shnipe_Cizy\n|raw|bleldigs's rating: 1344 → 1327<\/strong> (-17 for losing)\n|raw|Shnipe_Cizy's rating: 1397 → 1414<\/strong> (+17 for winning)\n","uploadtime":1682284420,"views":17,"p1id":"bleldigs","p2id":"shnipecizy","formatid":"gen9vgc2023regulationc","rating":1327,"private":0,"password":""}