{"id":"gen9vgc2023regulationc-1849324695","p1":"comet_scout51","p2":"LesbianLeavanny","format":"[Gen 9] VGC 2023 Regulation C","log":"|j|\u2606comet_scout51\n|j|\u2606LesbianLeavanny\n|t:|1682186011\n|gametype|doubles\n|player|p1|comet_scout51|lucas|1008\n|player|p2|LesbianLeavanny|penny|1047\n|teamsize|p1|6\n|teamsize|p2|6\n|gen|9\n|tier|[Gen 9] VGC 2023 Regulation C\n|rated|\n|rule|Species Clause: Limit one of each Pok\u00e9mon\n|rule|Item Clause: Limit one of each item\n|clearpoke\n|poke|p1|Arcanine, L50, M|\n|poke|p1|Palafin, L50, M|\n|poke|p1|Florges, L50, F|\n|poke|p1|Breloom, L50, M|\n|poke|p1|Lokix, L50, M|\n|poke|p1|Cetitan, L50, F|\n|poke|p2|Iron Jugulis, L50|\n|poke|p2|Garchomp, L50, F|\n|poke|p2|Chien-Pao, L50|\n|poke|p2|Kilowattrel, L50, F|\n|poke|p2|Ting-Lu, L50|\n|poke|p2|Mismagius, L50, F|\n|teampreview|4\n|inactive|Battle timer is ON: inactive players will automatically lose when time's up. (requested by LesbianLeavanny)\n|\n|t:|1682186027\n|start\n|switch|p1a: Lokix|Lokix, L50, M, shiny|100\/100\n|switch|p1b: Palafin|Palafin, L50, M|100\/100\n|switch|p2a: SUPERIOR Esmerelda|Mismagius, L50, F|100\/100\n|switch|p2b: Dommy Mommy|Garchomp, L50, F, shiny|100\/100\n|turn|1\n|c|\u2606LesbianLeavanny|Good luck, have fun.\n|\n|t:|1682186043\n|move|p1a: Lokix|Sucker Punch|p2a: SUPERIOR Esmerelda\n|-supereffective|p2a: SUPERIOR Esmerelda\n|-enditem|p2a: SUPERIOR Esmerelda|Focus Sash\n|-damage|p2a: SUPERIOR Esmerelda|1\/100\n|move|p1b: Palafin|Jet Punch|p2a: SUPERIOR Esmerelda\n|-damage|p2a: SUPERIOR Esmerelda|0 fnt\n|faint|p2a: SUPERIOR Esmerelda\n|move|p2b: Dommy Mommy|Earthquake|p1a: Lokix|[spread] p1a,p1b\n|-resisted|p1a: Lokix\n|-damage|p1a: Lokix|73\/100\n|-damage|p1b: Palafin|47\/100\n|\n|upkeep\n|\n|t:|1682186052\n|switch|p2a: Tara|Chien-Pao, L50|100\/100\n|-ability|p2a: Tara|Sword of Ruin\n|-item|p2a: Tara|Air Balloon\n|turn|2\n|\n|t:|1682186062\n|move|p1b: Palafin|Protect|p1b: Palafin\n|-singleturn|p1b: Palafin|Protect\n|move|p2a: Tara|Ice Shard|p1a: Lokix\n|-damage|p1a: Lokix|33\/100\n|move|p2b: Dommy Mommy|Earthquake|p1b: Palafin|[spread] p1a\n|-activate|p1b: Palafin|move: Protect\n|-immune|p2a: Tara\n|-resisted|p1a: Lokix\n|-damage|p1a: Lokix|0 fnt\n|faint|p1a: Lokix\n|\n|upkeep\n|\n|t:|1682186073\n|switch|p1a: Florges|Florges, L50, F|100\/100\n|turn|3\n|\n|t:|1682186080\n|detailschange|p1b: Palafin|Palafin-Hero, L50, M\n|switch|p1b: Cetitan|Cetitan, L50, F|100\/100\n|move|p2b: Dommy Mommy|Protect|p2b: Dommy Mommy\n|-singleturn|p2b: Dommy Mommy|Protect\n|move|p2a: Tara|Icicle Crash|p1a: Florges\n|-damage|p1a: Florges|39\/100\n|cant|p1a: Florges|flinch\n|\n|-heal|p1a: Florges|45\/100|[from] item: Leftovers\n|upkeep\n|turn|4\n|\n|t:|1682186094\n|move|p1b: Cetitan|Ice Shard|p2b: Dommy Mommy\n|-supereffective|p2b: Dommy Mommy\n|-damage|p2b: Dommy Mommy|0 fnt\n|faint|p2b: Dommy Mommy\n|move|p2a: Tara|Sacred Sword|p1b: Cetitan\n|-supereffective|p1b: Cetitan\n|-damage|p1b: Cetitan|41\/100\n|move|p1a: Florges|Dazzling Gleam|p2a: Tara\n|-supereffective|p2a: Tara\n|-damage|p2a: Tara|2\/100\n|-enditem|p2a: Tara|Air Balloon\n|\n|-heal|p1a: Florges|51\/100|[from] item: Leftovers\n|upkeep\n|\n|t:|1682186099\n|switch|p2b: Goose|Kilowattrel, L50, F, shiny|100\/100\n|turn|5\n|\n|t:|1682186111\n|-terastallize|p2b: Goose|Water\n|move|p1a: Florges|Protect|p1a: Florges\n|-singleturn|p1a: Florges|Protect\n|move|p1b: Cetitan|Ice Shard|p2a: Tara\n|-resisted|p2a: Tara\n|-damage|p2a: Tara|0 fnt\n|faint|p2a: Tara\n|move|p2b: Goose|Discharge|p1b: Cetitan|[spread] p1b\n|-activate|p1a: Florges|move: Protect\n|-damage|p1b: Cetitan|0 fnt\n|faint|p1b: Cetitan\n|\n|-heal|p1a: Florges|57\/100|[from] item: Leftovers\n|upkeep\n|\n|t:|1682186124\n|switch|p1b: Palafin|Palafin-Hero, L50, M|47\/100\n|-activate|p1b: Palafin|ability: Zero to Hero\n|turn|6\n|\n|t:|1682186132\n|move|p1b: Palafin|Protect|p1b: Palafin\n|-singleturn|p1b: Palafin|Protect\n|move|p2b: Goose|Discharge|p1b: Palafin|[spread] p1a\n|-activate|p1b: Palafin|move: Protect\n|-damage|p1a: Florges|31\/100\n|move|p1a: Florges|Pollen Puff|p1b: Palafin\n|-activate|p1b: Palafin|move: Protect\n|\n|-heal|p1a: Florges|37\/100|[from] item: Leftovers\n|upkeep\n|turn|7\n|\n|t:|1682186154\n|move|p2b: Goose|Discharge|p1a: Florges|[spread] p1a,p1b\n|-supereffective|p1b: Palafin\n|-damage|p1a: Florges|11\/100\n|-damage|p1b: Palafin|0 fnt\n|-status|p1a: Florges|par\n|faint|p1b: Palafin\n|move|p1a: Florges|Dazzling Gleam|p2b: Goose\n|-damage|p2b: Goose|56\/100\n|\n|-heal|p1a: Florges|17\/100 par|[from] item: Leftovers\n|upkeep\n|turn|8\n|c|\u2606LesbianLeavanny|g.g.w.p.\n|\n|t:|1682186165\n|move|p2b: Goose|Discharge|p1a: Florges\n|-crit|p1a: Florges\n|-damage|p1a: Florges|0 fnt\n|faint|p1a: Florges\n|\n|win|LesbianLeavanny\n|raw|comet_scout51's rating: 1008 → 1000<\/strong> (-8 for losing)\n|raw|LesbianLeavanny's rating: 1047 → 1076<\/strong> (+29 for winning)\n","uploadtime":1682186170,"views":9,"p1id":"cometscout51","p2id":"lesbianleavanny","formatid":"gen9vgc2023regulationc","rating":1000,"private":0,"password":""}