{"id":"gen9vgc2023regulationc-1860602358","p1":"Citoraptor","p2":"1sasa1","format":"[Gen 9] VGC 2023 Regulation C","log":"|j|\u2606Citoraptor\n|j|\u26061sasa1\n|t:|1683658106\n|gametype|doubles\n|player|p1|Citoraptor|265|1136\n|player|p2|1sasa1|170|1110\n|teamsize|p1|6\n|teamsize|p2|6\n|gen|9\n|tier|[Gen 9] VGC 2023 Regulation C\n|rated|\n|rule|Species Clause: Limit one of each Pok\u00e9mon\n|rule|Item Clause: Limit one of each item\n|clearpoke\n|poke|p1|Roaring Moon, L50|\n|poke|p1|Talonflame, L50, F|\n|poke|p1|Gholdengo, L50|\n|poke|p1|Chien-Pao, L50|\n|poke|p1|Palafin, L50, F|\n|poke|p1|Maushold-Four, L50|\n|poke|p2|Kingambit, L50, M|\n|poke|p2|Flutter Mane, L50|\n|poke|p2|Great Tusk, L50|\n|poke|p2|Dragonite, L50, F|\n|poke|p2|Torkoal, L50, M|\n|poke|p2|Lilligant, L50, F|\n|teampreview|4\n1sasa1 rejected open team sheets.\n|\n|t:|1683658137\n|start\n|switch|p1a: Talonflame|Talonflame, L50, F|100\/100\n|switch|p1b: Maushold|Maushold-Four, L50|100\/100\n|switch|p2a: Lilligant|Lilligant, L50, F, shiny|100\/100\n|switch|p2b: Torkoal|Torkoal, L50, M, shiny|100\/100\n|-weather|SunnyDay|[from] ability: Drought|[of] p2b: Torkoal\n|turn|1\n|\n|t:|1683658161\n|move|p1b: Maushold|Protect|p1b: Maushold\n|-singleturn|p1b: Maushold|Protect\n|move|p2a: Lilligant|After You|p2b: Torkoal\n|-activate|p2b: Torkoal|move: After You\n|move|p2b: Torkoal|Eruption|p1a: Talonflame|[spread] p1a\n|-activate|p1b: Maushold|move: Protect\n|-resisted|p1a: Talonflame\n|-damage|p1a: Talonflame|58\/100\n|move|p1a: Talonflame|Taunt|p2a: Lilligant\n|-start|p2a: Lilligant|move: Taunt\n|\n|-weather|SunnyDay|[upkeep]\n|upkeep\n|turn|2\n|inactive|Battle timer is ON: inactive players will automatically lose when time's up. (requested by Citoraptor)\n|\n|t:|1683658189\n|move|p2a: Lilligant|Leaf Storm|p1b: Maushold\n|-damage|p1b: Maushold|29\/100\n|-unboost|p2a: Lilligant|spa|2\n|move|p1a: Talonflame|Brave Bird|p2a: Lilligant\n|-supereffective|p2a: Lilligant\n|-enditem|p2a: Lilligant|Focus Sash\n|-damage|p2a: Lilligant|1\/100\n|-damage|p1a: Talonflame|32\/100|[from] Recoil\n|move|p1b: Maushold|Super Fang|p2b: Torkoal\n|-damage|p2b: Torkoal|51\/100\n|move|p2b: Torkoal|Flamethrower|p1b: Maushold\n|-damage|p1b: Maushold|0 fnt\n|faint|p1b: Maushold\n|\n|-weather|SunnyDay|[upkeep]\n|upkeep\n|\n|t:|1683658210\n|switch|p1b: Roaring Moon|Roaring Moon, L50, shiny|100\/100\n|-activate|p1b: Roaring Moon|ability: Protosynthesis\n|-start|p1b: Roaring Moon|protosynthesisatk\n|turn|3\n|\n|t:|1683658228\n|move|p2a: Lilligant|Leaf Storm|p1b: Roaring Moon\n|-resisted|p1b: Roaring Moon\n|-damage|p1b: Roaring Moon|85\/100\n|-unboost|p2a: Lilligant|spa|2\n|move|p1a: Talonflame|Tailwind|p1a: Talonflame\n|-sidestart|p1: Citoraptor|move: Tailwind\n|move|p1b: Roaring Moon|Earthquake|p2b: Torkoal|[spread] p2a,p2b\n|-immune|p1a: Talonflame\n|-resisted|p2a: Lilligant\n|-supereffective|p2b: Torkoal\n|-damage|p2a: Lilligant|0 fnt\n|-damage|p2b: Torkoal|0 fnt\n|faint|p2a: Lilligant\n|faint|p2b: Torkoal\n|\n|-weather|SunnyDay|[upkeep]\n|upkeep\n|\n|t:|1683658245\n|switch|p2a: Great Tusk|Great Tusk, L50, shiny|100\/100\n|switch|p2b: Flutter Mane|Flutter Mane, L50|100\/100\n|-activate|p2a: Great Tusk|ability: Protosynthesis\n|-start|p2a: Great Tusk|protosynthesisatk\n|-activate|p2b: Flutter Mane|ability: Protosynthesis\n|-start|p2b: Flutter Mane|protosynthesisspe\n|turn|4\n|\n|t:|1683658262\n|-terastallize|p1b: Roaring Moon|Flying\n|-terastallize|p2b: Flutter Mane|Fairy\n|move|p1a: Talonflame|Will-O-Wisp|p2b: Flutter Mane\n|-status|p2b: Flutter Mane|brn\n|move|p1b: Roaring Moon|Acrobatics|p2a: Great Tusk\n|-supereffective|p2a: Great Tusk\n|-damage|p2a: Great Tusk|40\/100\n|move|p2b: Flutter Mane|Dazzling Gleam|p1a: Talonflame|[spread] p1a,p1b\n|-resisted|p1a: Talonflame\n|-damage|p1a: Talonflame|0 fnt\n|-damage|p1b: Roaring Moon|32\/100\n|faint|p1a: Talonflame\n|move|p2a: Great Tusk|Rock Slide|p1b: Roaring Moon\n|-supereffective|p1b: Roaring Moon\n|-damage|p1b: Roaring Moon|0 fnt\n|faint|p1b: Roaring Moon\n|-end|p1b: Roaring Moon|Protosynthesis|[silent]\n|\n|-weather|SunnyDay|[upkeep]\n|-damage|p2b: Flutter Mane|95\/100 brn|[from] brn\n|upkeep\n|\n|t:|1683658284\n|switch|p1b: Gholdengo|Gholdengo, L50|100\/100\n|turn|5\n|\n|t:|1683658293\n|move|p1b: Gholdengo|Make It Rain|p2a: Great Tusk|[spread] p2a,p2b\n|-supereffective|p2b: Flutter Mane\n|-damage|p2a: Great Tusk|0 fnt\n|-damage|p2b: Flutter Mane|0 fnt\n|-unboost|p1b: Gholdengo|spa|1\n|faint|p2a: Great Tusk\n|-end|p2a: Great Tusk|Protosynthesis|[silent]\n|faint|p2b: Flutter Mane\n|-end|p2b: Flutter Mane|Protosynthesis|[silent]\n|\n|win|Citoraptor\n|raw|Citoraptor's rating: 1136 → 1159<\/strong> (+23 for winning)\n|raw|1sasa1's rating: 1110 → 1087<\/strong> (-23 for losing)\n|c|\u2606Citoraptor|Gg\n|l|\u26061sasa1\n","uploadtime":1683658312,"views":12,"p1id":"citoraptor","p2id":"1sasa1","formatid":"gen9vgc2023regulationc","rating":1087,"private":0,"password":""}