{"id":"gen9vgc2023regulationc-1860556970","p1":"Toy Time King","p2":"Ciq108","format":"[Gen 9] VGC 2023 Regulation C","log":"|j|\u2606Toy Time King\n|j|\u2606Ciq108\n|t:|1683654296\n|gametype|doubles\n|player|p1|Toy Time King|veteran|\n|player|p2|Ciq108|102|\n|teamsize|p1|6\n|teamsize|p2|6\n|gen|9\n|tier|[Gen 9] VGC 2023 Regulation C\n|rule|Tera Type Preview: Tera Types are shown at Team Preview\n|rule|Species Clause: Limit one of each Pok\u00e9mon\n|rule|Item Clause: Limit one of each item\n|clearpoke\n|poke|p1|Flutter Mane, L50|\n|poke|p1|Amoonguss, L50, F|\n|poke|p1|Arcanine, L50, M|\n|poke|p1|Eelektross, L50, M|\n|poke|p1|Clawitzer, L50, F|\n|poke|p1|Iron Treads, L50|\n|poke|p2|Talonflame, L50, M|\n|poke|p2|Garchomp, L50, M|\n|poke|p2|Dondozo, L50, M|\n|poke|p2|Tatsugiri-Stretchy, L50, M|\n|poke|p2|Rotom-Mow, L50|\n|poke|p2|Gholdengo, L50|\n|teampreview|4\n|raw|Toy Time King's Tera Types: \/ \/ \/ \/ \/ \n|raw|Ciq108's Tera Types: \/ \/ \/ \/ \/ \n|c|\u2606Ciq108|G2\n|c|\u2606Ciq108|Glhf\n|c|\u2606Toy Time King|hf\n|\n|t:|1683654725\n|start\n|switch|p1a: floating|Eelektross, L50, M|100\/100\n|switch|p1b: The Claw|Clawitzer, L50, F|100\/100\n|switch|p2a: Tatsugiri|Tatsugiri-Stretchy, L50, M|100\/100\n|switch|p2b: Gholdengo|Gholdengo, L50|100\/100\n|turn|1\n|\n|t:|1683654755\n|move|p1b: The Claw|Helping Hand|p1a: floating\n|-singleturn|p1a: floating|Helping Hand|[of] p1b: The Claw\n|move|p2a: Tatsugiri|Draco Meteor|p1b: The Claw\n|-damage|p1b: The Claw|24\/100\n|-unboost|p2a: Tatsugiri|spa|2\n|move|p2b: Gholdengo|Shadow Ball|p1b: The Claw\n|-damage|p1b: The Claw|0 fnt\n|faint|p1b: The Claw\n|-damage|p2b: Gholdengo|91\/100|[from] item: Life Orb\n|move|p1a: floating|Thunderbolt|p2b: Gholdengo\n|-damage|p2b: Gholdengo|10\/100\n|\n|upkeep\n|\n|t:|1683654770\n|switch|p1b: Habatakukami|Flutter Mane, L50|100\/100\n|turn|2\n|\n|t:|1683654817\n|switch|p2a: Rotom|Rotom-Mow, L50|100\/100\n|move|p2b: Gholdengo|Protect|p2b: Gholdengo\n|-singleturn|p2b: Gholdengo|Protect\n|move|p1b: Habatakukami|Dazzling Gleam|p2b: Gholdengo|[spread] p2a\n|-activate|p2b: Gholdengo|move: Protect\n|-damage|p2a: Rotom|54\/100\n|move|p1a: floating|Thunderbolt|p2b: Gholdengo\n|-activate|p2b: Gholdengo|move: Protect\n|\n|upkeep\n|turn|3\n|j| sejuntest\n|j| PaldeanBob\n|\n|t:|1683654855\n|move|p1a: floating|Protect|p1a: floating\n|-singleturn|p1a: floating|Protect\n|move|p1b: Habatakukami|Dazzling Gleam|p2b: Gholdengo|[spread] p2a,p2b\n|-resisted|p2b: Gholdengo\n|-damage|p2a: Rotom|8\/100\n|-damage|p2b: Gholdengo|0 fnt\n|-enditem|p2a: Rotom|Sitrus Berry|[eat]\n|-heal|p2a: Rotom|33\/100|[from] item: Sitrus Berry\n|faint|p2b: Gholdengo\n|move|p2a: Rotom|Volt Switch|p1b: Habatakukami\n|-damage|p1b: Habatakukami|74\/100\n|\n|t:|1683654868\n|switch|p2a: Garchomp|Garchomp, L50, M|100\/100|[from] Volt Switch\n|\n|upkeep\n|\n|t:|1683654872\n|switch|p2b: Tatsugiri|Tatsugiri-Stretchy, L50, M|100\/100\n|turn|4\n|j| Ace98121212\n|\n|t:|1683654904\n|-terastallize|p2a: Garchomp|Fire\n|move|p2b: Tatsugiri|Icy Wind|p1a: floating|[spread] p1a,p1b\n|-damage|p1a: floating|85\/100\n|-damage|p1b: Habatakukami|60\/100\n|-unboost|p1a: floating|spe|1\n|-unboost|p1b: Habatakukami|spe|1\n|move|p2a: Garchomp|Tera Blast|p1b: Habatakukami\n|-damage|p1b: Habatakukami|0 fnt\n|faint|p1b: Habatakukami\n|-end|p1b: Habatakukami|Protosynthesis|[silent]\n|move|p1a: floating|Thunderbolt|p2b: Tatsugiri\n|-damage|p2b: Tatsugiri|44\/100\n|\n|upkeep\n|\n|t:|1683654915\n|switch|p1b: Sus|Amoonguss, L50, F|100\/100\n|turn|5\n|\n|t:|1683654929\n|-terastallize|p1b: Sus|Water\n|move|p1b: Sus|Rage Powder|p1b: Sus\n|-singleturn|p1b: Sus|move: Rage Powder\n|move|p2b: Tatsugiri|Icy Wind|p1a: floating|[spread] p1b\n|-miss|p2b: Tatsugiri|p1a: floating\n|-resisted|p1b: Sus\n|-damage|p1b: Sus|94\/100\n|-unboost|p1b: Sus|spe|1\n|move|p2a: Garchomp|Tera Blast|p1b: Sus\n|-resisted|p1b: Sus\n|-damage|p1b: Sus|80\/100\n|move|p1a: floating|Thunderbolt|p2b: Tatsugiri\n|-damage|p2b: Tatsugiri|0 fnt\n|faint|p2b: Tatsugiri\n|\n|upkeep\n|\n|t:|1683654934\n|switch|p2b: Rotom|Rotom-Mow, L50|33\/100\n|turn|6\n|\n|t:|1683654968\n|move|p2b: Rotom|Protect|p2b: Rotom\n|-singleturn|p2b: Rotom|Protect\n|move|p2a: Garchomp|Tera Blast|p1a: floating\n|-damage|p1a: floating|37\/100\n|move|p1a: floating|Flamethrower|p2b: Rotom\n|-activate|p2b: Rotom|move: Protect\n|move|p1b: Sus|Spore|p2a: Garchomp\n|-status|p2a: Garchomp|slp|[from] move: Spore\n|\n|upkeep\n|turn|7\n|\n|t:|1683655032\n|move|p1a: floating|Protect|p1a: floating\n|-singleturn|p1a: floating|Protect\n|cant|p2a: Garchomp|slp\n|move|p2b: Rotom|Leaf Storm|p1a: floating\n|-activate|p1a: floating|move: Protect\n|move|p1b: Sus|Pollen Puff|p2b: Rotom\n|-supereffective|p2b: Rotom\n|-damage|p2b: Rotom|2\/100\n|\n|upkeep\n|turn|8\n|\n|t:|1683655051\n|move|p1a: floating|Protect||[still]\n|-fail|p1a: floating\n|cant|p2a: Garchomp|slp\n|move|p2b: Rotom|Leaf Storm|p1a: floating\n|-damage|p1a: floating|0 fnt\n|-unboost|p2b: Rotom|spa|2\n|faint|p1a: floating\n|move|p1b: Sus|Pollen Puff|p2b: Rotom\n|-supereffective|p2b: Rotom\n|-damage|p2b: Rotom|0 fnt\n|faint|p2b: Rotom\n|\n|upkeep\n|turn|9\n|\n|t:|1683655064\n|cant|p2a: Garchomp|slp\n|move|p1b: Sus|Clear Smog|p2a: Garchomp\n|-damage|p2a: Garchomp|82\/100 slp\n|-clearboost|p2a: Garchomp\n|\n|upkeep\n|turn|10\n|\n|t:|1683655071\n|-curestatus|p2a: Garchomp|slp|[msg]\n|move|p2a: Garchomp|Earthquake|p1b: Sus\n|-damage|p1b: Sus|44\/100\n|move|p1b: Sus|Spore|p2a: Garchomp\n|-status|p2a: Garchomp|slp|[from] move: Spore\n|\n|upkeep\n|turn|11\n|\n|t:|1683655080\n|cant|p2a: Garchomp|slp\n|move|p1b: Sus|Clear Smog|p2a: Garchomp\n|-damage|p2a: Garchomp|66\/100 slp\n|-clearboost|p2a: Garchomp\n|\n|upkeep\n|turn|12\n|\n|t:|1683655085\n|cant|p2a: Garchomp|slp\n|move|p1b: Sus|Clear Smog|p2a: Garchomp\n|-damage|p2a: Garchomp|49\/100 slp\n|-clearboost|p2a: Garchomp\n|\n|upkeep\n|turn|13\n|j| Concept Everything\n|\n|t:|1683655095\n|-curestatus|p2a: Garchomp|slp|[msg]\n|move|p2a: Garchomp|Earthquake|p1b: Sus\n|-damage|p1b: Sus|5\/100\n|move|p1b: Sus|Clear Smog|p2a: Garchomp\n|-damage|p2a: Garchomp|31\/100\n|-clearboost|p2a: Garchomp\n|\n|upkeep\n|turn|14\n|\n|t:|1683655102\n|move|p2a: Garchomp|Earthquake|p1b: Sus\n|-damage|p1b: Sus|0 fnt\n|faint|p1b: Sus\n|\n|win|Ciq108\n|c| sejuntest|gg\n|c|\u2606Toy Time King|ggs\n|c|\u2606Ciq108|Ggs\n|l|\u2606Toy Time King\n|l| PaldeanBob\n|c| Ace98121212|Gg\n|l| Ace98121212\n|l|\u2606Ciq108\n|l| sejuntest\n|l| Concept Everything\n|j|@trace\n|l|@trace\n|j|\u2606Toy Time King\n|player|p1|Toy Time King|veteran\n","uploadtime":1683655110,"views":41,"p1id":"toytimeking","p2id":"ciq108","formatid":"gen9vgc2023regulationc","rating":0,"private":0,"password":""}