{"id":"gen9vgc2023regulationc-1846352460","p1":"BirdKeeperNeek","p2":"chamo3413","format":"[Gen 9] VGC 2023 Regulation C","log":"|j|\u2606BirdKeeperNeek\n|j|\u2606chamo3413\n|t:|1681833972\n|gametype|doubles\n|player|p1|BirdKeeperNeek|falkner|1310\n|player|p2|chamo3413|170|1331\n|teamsize|p1|6\n|teamsize|p2|6\n|gen|9\n|tier|[Gen 9] VGC 2023 Regulation C\n|rated|\n|rule|Species Clause: Limit one of each Pok\u00e9mon\n|rule|Item Clause: Limit one of each item\n|clearpoke\n|poke|p1|Murkrow, L50, F|\n|poke|p1|Dragonite, L50, F|\n|poke|p1|Pelipper, L50, M|\n|poke|p1|Kilowattrel, L50, F|\n|poke|p1|Bombirdier, L50, F|\n|poke|p1|Braviary, L50, M|\n|poke|p2|Flutter Mane, L50|\n|poke|p2|Torkoal, L50, F|\n|poke|p2|Glimmora, L50, F|\n|poke|p2|Chi-Yu, L50|\n|poke|p2|Amoonguss, L50, F|\n|poke|p2|Great Tusk, L50|\n|teampreview|4\n|c|\u2606BirdKeeperNeek|glhf\n|\n|t:|1681834008\n|start\n|switch|p1a: Murkrow|Murkrow, L50, F|100\/100\n|switch|p1b: Bombirdier|Bombirdier, L50, F|100\/100\n|switch|p2a: Flutter Mane|Flutter Mane, L50|100\/100\n|switch|p2b: Glimmora|Glimmora, L50, F|100\/100\n|turn|1\n|\n|t:|1681834039\n|move|p1a: Murkrow|Tailwind|p1a: Murkrow\n|-sidestart|p1: BirdKeeperNeek|move: Tailwind\n|move|p1b: Bombirdier|Rock Blast|p2a: Flutter Mane|[miss]\n|-miss|p1b: Bombirdier|p2a: Flutter Mane\n|move|p2b: Glimmora|Mortal Spin|p1b: Bombirdier|[spread] p1a,p1b\n|-damage|p1a: Murkrow|95\/100\n|-damage|p1b: Bombirdier|95\/100\n|-status|p1a: Murkrow|psn\n|-status|p1b: Bombirdier|psn\n|move|p2a: Flutter Mane|Trick Room|p2a: Flutter Mane\n|-fieldstart|move: Trick Room|[of] p2a: Flutter Mane\n|\n|-damage|p1b: Bombirdier|82\/100 psn|[from] psn\n|-damage|p1a: Murkrow|83\/100 psn|[from] psn\n|upkeep\n|turn|2\n|c|\u2606BirdKeeperNeek|hmm\n|c|\u2606BirdKeeperNeek|fair enough\n|\n|t:|1681834073\n|-terastallize|p1b: Bombirdier|Rock\n|move|p1a: Murkrow|Quash|p2a: Flutter Mane\n|-activate|p2a: Flutter Mane|move: Quash\n|move|p2b: Glimmora|Power Gem|p1a: Murkrow\n|-supereffective|p1a: Murkrow\n|-damage|p1a: Murkrow|6\/100 psn\n|move|p1b: Bombirdier|Rock Blast|p2a: Flutter Mane|[miss]\n|-miss|p1b: Bombirdier|p2a: Flutter Mane\n|move|p2a: Flutter Mane|Dazzling Gleam|p1b: Bombirdier|[spread] p1a,p1b\n|-supereffective|p1a: Murkrow\n|-damage|p1a: Murkrow|0 fnt\n|-damage|p1b: Bombirdier|45\/100 psn\n|faint|p1a: Murkrow\n|\n|-damage|p1b: Bombirdier|33\/100 psn|[from] psn\n|upkeep\n|c|\u2606BirdKeeperNeek|no way\n|\n|t:|1681834090\n|switch|p1a: Pelipper|Pelipper, L50, M|100\/100\n|-weather|RainDance|[from] ability: Drizzle|[of] p1a: Pelipper\n|turn|3\n|\n|t:|1681834107\n|move|p1b: Bombirdier|Protect|p1b: Bombirdier\n|-singleturn|p1b: Bombirdier|Protect\n|move|p2a: Flutter Mane|Shadow Ball|p1a: Pelipper\n|-damage|p1a: Pelipper|12\/100\n|move|p2b: Glimmora|Power Gem|p1b: Bombirdier\n|-activate|p1b: Bombirdier|move: Protect\n|move|p1a: Pelipper|Hydro Pump|p2b: Glimmora|[miss]\n|-miss|p1a: Pelipper|p2b: Glimmora\n|\n|-weather|RainDance|[upkeep]\n|-damage|p1b: Bombirdier|20\/100 psn|[from] psn\n|upkeep\n|turn|4\n|c|\u2606BirdKeeperNeek|:\/\n|\n|t:|1681834127\n|move|p1b: Bombirdier|Protect|p1b: Bombirdier\n|-singleturn|p1b: Bombirdier|Protect\n|move|p2a: Flutter Mane|Dazzling Gleam|p1a: Pelipper|[spread] p1a\n|-activate|p1b: Bombirdier|move: Protect\n|-damage|p1a: Pelipper|0 fnt\n|faint|p1a: Pelipper\n|move|p2b: Glimmora|Power Gem|p1b: Bombirdier\n|-activate|p1b: Bombirdier|move: Protect\n|\n|-weather|RainDance|[upkeep]\n|-damage|p1b: Bombirdier|8\/100 psn|[from] psn\n|-sideend|p1: BirdKeeperNeek|move: Tailwind\n|upkeep\n|\n|t:|1681834138\n|switch|p1a: Dragonite|Dragonite, L50, F|100\/100\n|turn|5\n|\n|t:|1681834157\n|move|p2a: Flutter Mane|Dazzling Gleam|p1b: Bombirdier|[spread] p1a,p1b\n|-supereffective|p1a: Dragonite\n|-damage|p1a: Dragonite|77\/100\n|-damage|p1b: Bombirdier|0 fnt\n|faint|p1b: Bombirdier\n|move|p2b: Glimmora|Power Gem|p1a: Dragonite\n|-supereffective|p1a: Dragonite\n|-damage|p1a: Dragonite|20\/100\n|move|p1a: Dragonite|Earthquake|p2b: Glimmora|[spread] p2a,p2b\n|-supereffective|p2b: Glimmora\n|-damage|p2a: Flutter Mane|50\/100\n|-damage|p2b: Glimmora|0 fnt\n|-activate|p2b: Glimmora|ability: Toxic Debris\n|-sidestart|p1: BirdKeeperNeek|move: Toxic Spikes\n|faint|p2b: Glimmora\n|\n|-weather|RainDance|[upkeep]\n|-fieldend|move: Trick Room\n|upkeep\n|\n|t:|1681834171\n|switch|p2b: Great Tusk|Great Tusk, L50|100\/100\n|turn|6\n|c|\u2606BirdKeeperNeek|Is that\n|c|\u2606BirdKeeperNeek|An Iron Ball Flutter mane\n|c|\u2606BirdKeeperNeek|that's amazing\n|\n|t:|1681834195\n|-end|p2a: Flutter Mane|Protosynthesis|[silent]\n|switch|p2a: Torkoal|Torkoal, L50, F|100\/100\n|-weather|SunnyDay|[from] ability: Drought|[of] p2a: Torkoal\n|-activate|p2b: Great Tusk|ability: Protosynthesis\n|-start|p2b: Great Tusk|protosynthesisatk\n|move|p2b: Great Tusk|Close Combat|p1a: Dragonite\n|-resisted|p1a: Dragonite\n|-damage|p1a: Dragonite|0 fnt\n|-unboost|p2b: Great Tusk|def|1\n|-unboost|p2b: Great Tusk|spd|1\n|faint|p1a: Dragonite\n|\n|win|chamo3413\n|raw|BirdKeeperNeek's rating: 1310 → 1291<\/strong> (-19 for losing)\n|raw|chamo3413's rating: 1331 → 1350<\/strong> (+19 for winning)\n|c|\u2606BirdKeeperNeek|gg\n","uploadtime":1681834211,"views":13,"p1id":"birdkeeperneek","p2id":"chamo3413","formatid":"gen9vgc2023regulationc","rating":1291,"private":0,"password":""}