{"id":"gen9vgc2023regulationc-1862822032","p1":"IAMSTEPHEN2023","p2":"TGH_sr","format":"[Gen 9] VGC 2023 Regulation C","log":"|j|\u2606IAMSTEPHEN2023\n|j|\u2606TGH_sr\n|t:|1683925777\n|gametype|doubles\n|player|p1|IAMSTEPHEN2023|ninjaboy|1133\n|player|p2|TGH_sr|steven|1214\n|teamsize|p1|6\n|teamsize|p2|6\n|gen|9\n|tier|[Gen 9] VGC 2023 Regulation C\n|rated|\n|rule|Species Clause: Limit one of each Pok\u00e9mon\n|rule|Item Clause: Limit one of each item\n|clearpoke\n|poke|p1|Stonjourner, L50, M|\n|poke|p1|Dragonite, L50, M|\n|poke|p1|Gholdengo, L50|\n|poke|p1|Great Tusk, L50|\n|poke|p1|Flutter Mane, L50|\n|poke|p1|Talonflame, L50, M|\n|poke|p2|Talonflame, L50, M|\n|poke|p2|Garchomp, L50, M|\n|poke|p2|Kingambit, L50, M|\n|poke|p2|Amoonguss, L50, F|\n|poke|p2|Iron Bundle, L50|\n|poke|p2|Flutter Mane, L50|\n|teampreview|4\nTGH_sr has agreed to open team sheets.\n|inactive|Battle timer is ON: inactive players will automatically lose when time's up. (requested by IAMSTEPHEN2023)\nIAMSTEPHEN2023 rejected open team sheets.\n|\n|t:|1683925799\n|start\n|switch|p1a: Stonjourner|Stonjourner, L50, M|100\/100\n|switch|p1b: Talonflame|Talonflame, L50, M|100\/100\n|switch|p2a: Talonflame|Talonflame, L50, M|100\/100\n|switch|p2b: Garchomp|Garchomp, L50, M|100\/100\n|turn|1\n|inactive|TGH_sr has 30 seconds left.\n|inactive|IAMSTEPHEN2023 has 30 seconds left.\n|inactive|TGH_sr has 20 seconds left.\n|\n|t:|1683925835\n|move|p1a: Stonjourner|Wide Guard|p1a: Stonjourner\n|-singleturn|p1a: Stonjourner|Wide Guard\n|move|p1b: Talonflame|Tailwind|p1b: Talonflame\n|-sidestart|p1: IAMSTEPHEN2023|move: Tailwind\n|move|p2a: Talonflame|Tailwind|p2a: Talonflame\n|-sidestart|p2: TGH_sr|move: Tailwind\n|move|p2b: Garchomp|Rock Slide|p1b: Talonflame|[spread] \n|-activate|p1a: Stonjourner|move: Wide Guard\n|-activate|p1b: Talonflame|move: Wide Guard\n|\n|upkeep\n|turn|2\n|inactive|TGH_sr has 30 seconds left.\n|\n|t:|1683925868\n|switch|p2b: Kingambit|Kingambit, L50, M|100\/100\n|move|p2a: Talonflame|Brave Bird|p1b: Talonflame\n|-damage|p1b: Talonflame|15\/100\n|-damage|p2a: Talonflame|68\/100|[from] Recoil\n|-damage|p2a: Talonflame|58\/100|[from] item: Life Orb\n|move|p1b: Talonflame|Brave Bird|p2b: Kingambit\n|-resisted|p2b: Kingambit\n|-damage|p2b: Kingambit|84\/100\n|-damage|p1b: Talonflame|9\/100|[from] Recoil\n|move|p1a: Stonjourner|Rock Slide|p2a: Talonflame|[spread] p2a,p2b\n|-supereffective|p2a: Talonflame\n|-resisted|p2b: Kingambit\n|-damage|p2a: Talonflame|0 fnt\n|-damage|p2b: Kingambit|75\/100\n|faint|p2a: Talonflame\n|\n|upkeep\n|\n|t:|1683925887\n|switch|p2a: Garchomp|Garchomp, L50, M|100\/100\n|turn|3\n|inactive|TGH_sr has 30 seconds left.\n|inactive|TGH_sr has 20 seconds left.\n|inactive|TGH_sr has 15 seconds left.\n|inactive|TGH_sr has 10 seconds left.\n|\n|t:|1683925936\n|move|p2b: Kingambit|Sucker Punch|p1b: Talonflame\n|-damage|p1b: Talonflame|0 fnt\n|faint|p1b: Talonflame\n|move|p2a: Garchomp|Iron Head|p1a: Stonjourner\n|-supereffective|p1a: Stonjourner\n|-damage|p1a: Stonjourner|37\/100\n|cant|p1a: Stonjourner|flinch\n|\n|upkeep\n|inactive|IAMSTEPHEN2023 has 30 seconds left.\n|inactive|IAMSTEPHEN2023 has 20 seconds left.\n|inactive|IAMSTEPHEN2023 has 15 seconds left.\n|inactive|IAMSTEPHEN2023 has 10 seconds left.\n|inactive|IAMSTEPHEN2023 has 5 seconds left.\n|\n|t:|1683925989\n|switch|p1b: Dragonite|Dragonite, L50, M|100\/100\n|turn|4\n|inactive|IAMSTEPHEN2023 has 30 seconds left.\n|inactive|TGH_sr has 30 seconds left.\n|inactive|IAMSTEPHEN2023 has 20 seconds left.\n|inactive|TGH_sr has 20 seconds left.\n|inactive|TGH_sr has 15 seconds left.\n|\n|t:|1683926029\n|-terastallize|p2a: Garchomp|Steel\n|-terastallize|p1b: Dragonite|Normal\n|move|p1a: Stonjourner|Wide Guard|p1a: Stonjourner\n|-singleturn|p1a: Stonjourner|Wide Guard\n|move|p2a: Garchomp|Iron Head|p1a: Stonjourner\n|-supereffective|p1a: Stonjourner\n|-damage|p1a: Stonjourner|0 fnt\n|faint|p1a: Stonjourner\n|move|p1b: Dragonite|Fire Punch|p2b: Kingambit\n|-supereffective|p2b: Kingambit\n|-damage|p2b: Kingambit|7\/100\n|move|p2b: Kingambit|Swords Dance|p2b: Kingambit\n|-boost|p2b: Kingambit|atk|2\n|\n|-sideend|p1: IAMSTEPHEN2023|move: Tailwind\n|-sideend|p2: TGH_sr|move: Tailwind\n|upkeep\n|\n|t:|1683926042\n|switch|p1a: Flutter Mane|Flutter Mane, L50|100\/100\n|-enditem|p1a: Flutter Mane|Booster Energy\n|-activate|p1a: Flutter Mane|ability: Protosynthesis|[fromitem]\n|-start|p1a: Flutter Mane|protosynthesisspe\n|turn|5\n|\n|t:|1683926064\n|move|p2b: Kingambit|Sucker Punch|p1b: Dragonite\n|-damage|p1b: Dragonite|2\/100\n|move|p1a: Flutter Mane|Dazzling Gleam|p2a: Garchomp|[spread] p2a,p2b\n|-resisted|p2a: Garchomp\n|-damage|p2a: Garchomp|86\/100\n|-damage|p2b: Kingambit|0 fnt\n|faint|p2b: Kingambit\n|move|p2a: Garchomp|Iron Head|p1a: Flutter Mane\n|-supereffective|p1a: Flutter Mane\n|-damage|p1a: Flutter Mane|0 fnt\n|faint|p1a: Flutter Mane\n|-end|p1a: Flutter Mane|Protosynthesis|[silent]\n|move|p1b: Dragonite|Fire Punch|p2a: Garchomp\n|-supereffective|p2a: Garchomp\n|-damage|p2a: Garchomp|8\/100\n|-damage|p1b: Dragonite|0 fnt|[from] ability: Rough Skin|[of] p2a: Garchomp\n|faint|p1b: Dragonite\n|\n|win|TGH_sr\n|raw|IAMSTEPHEN2023's rating: 1133 → 1114<\/strong> (-19 for losing)\n|raw|TGH_sr's rating: 1214 → 1233<\/strong> (+19 for winning)\n","uploadtime":1683926089,"views":17,"p1id":"iamstephen2023","p2id":"tghsr","formatid":"gen9vgc2023regulationc","rating":1114,"private":0,"password":""}