{"id":"gen9vgc2023regulationc-1855176077","p1":"SmilingCrow113","p2":"pgdraxos","format":"[Gen 9] VGC 2023 Regulation C","log":"|j|\u2606SmilingCrow113\n|j|\u2606pgdraxos\n|t:|1682910762\n|gametype|doubles\n|player|p1|SmilingCrow113|101|1067\n|player|p2|pgdraxos|steven|1089\n|teamsize|p1|6\n|teamsize|p2|6\n|gen|9\n|tier|[Gen 9] VGC 2023 Regulation C\n|rated|\n|rule|Species Clause: Limit one of each Pok\u00e9mon\n|rule|Item Clause: Limit one of each item\n|clearpoke\n|poke|p1|Gastrodon, L50, F|\n|poke|p1|Ceruledge, L50, F|\n|poke|p1|Grimmsnarl, L50, M|\n|poke|p1|Ting-Lu, L50|\n|poke|p1|Dragonite, L50, F|\n|poke|p1|Flutter Mane, L50|\n|poke|p2|Ceruledge, L50, M|\n|poke|p2|Gyarados, L50, F|\n|poke|p2|Flutter Mane, L50|\n|poke|p2|Baxcalibur, L50, F|\n|poke|p2|Chien-Pao, L50|\n|poke|p2|Amoonguss, L50, F|\n|teampreview|4\npgdraxos has agreed to open team sheets.\n|\n|t:|1682910791\n|start\n|switch|p1a: Flutter Mane|Flutter Mane, L50|100\/100\n|switch|p1b: Ceruledge|Ceruledge, L50, F, shiny|100\/100\n|switch|p2a: Ceruledge|Ceruledge, L50, M|100\/100\n|switch|p2b: Gyarados|Gyarados, L50, F, shiny|100\/100\n|-ability|p2b: Gyarados|Intimidate|boost\n|-unboost|p1a: Flutter Mane|atk|1\n|-unboost|p1b: Ceruledge|atk|1\n|turn|1\n|\n|t:|1682910818\n|-terastallize|p1b: Ceruledge|Grass\n|-terastallize|p2a: Ceruledge|Grass\n|move|p2a: Ceruledge|Shadow Sneak|p1a: Flutter Mane\n|-supereffective|p1a: Flutter Mane\n|-damage|p1a: Flutter Mane|23\/100\n|move|p1a: Flutter Mane|Shadow Ball|p2a: Ceruledge\n|-damage|p2a: Ceruledge|72\/100\n|move|p1b: Ceruledge|Bitter Blade|p2a: Ceruledge\n|-start|p2a: Ceruledge|ability: Flash Fire\n|move|p2b: Gyarados|Thunder Wave|p1b: Ceruledge\n|-status|p1b: Ceruledge|par\n|\n|upkeep\n|turn|2\n|\n|t:|1682910846\n|-end|p2a: Ceruledge|ability: Flash Fire|[silent]\n|switch|p2a: Chien-Pao|Chien-Pao, L50|100\/100\n|-ability|p2a: Chien-Pao|Sword of Ruin\n|move|p1a: Flutter Mane|Protect|p1a: Flutter Mane\n|-singleturn|p1a: Flutter Mane|Protect\n|move|p2b: Gyarados|Waterfall|p1a: Flutter Mane\n|-activate|p1a: Flutter Mane|move: Protect\n|move|p1b: Ceruledge|Tera Blast|p2b: Gyarados\n|-damage|p2b: Gyarados|51\/100\n|-damage|p1b: Ceruledge|91\/100 par|[from] item: Life Orb\n|\n|upkeep\n|turn|3\n|\n|t:|1682910865\n|move|p1a: Flutter Mane|Dazzling Gleam|p2b: Gyarados|[spread] p2a,p2b\n|-supereffective|p2a: Chien-Pao\n|-crit|p2b: Gyarados\n|-damage|p2a: Chien-Pao|19\/100\n|-damage|p2b: Gyarados|23\/100\n|move|p2a: Chien-Pao|Ice Spinner|p1b: Ceruledge\n|-supereffective|p1b: Ceruledge\n|-damage|p1b: Ceruledge|0 fnt\n|faint|p1b: Ceruledge\n|move|p2b: Gyarados|Waterfall|p1a: Flutter Mane\n|-damage|p1a: Flutter Mane|0 fnt\n|faint|p1a: Flutter Mane\n|-end|p1a: Flutter Mane|Protosynthesis|[silent]\n|\n|upkeep\n|\n|t:|1682910878\n|switch|p1a: Grimmsnarl|Grimmsnarl, L50, M|100\/100\n|switch|p1b: Gastrodon|Gastrodon, L50, F|100\/100\n|turn|4\n|\n|t:|1682910894\n|move|p2a: Chien-Pao|Protect|p2a: Chien-Pao\n|-singleturn|p2a: Chien-Pao|Protect\n|move|p1a: Grimmsnarl|Fake Out|p2a: Chien-Pao\n|-activate|p2a: Chien-Pao|move: Protect\n|move|p2b: Gyarados|Thunder Wave|p1a: Grimmsnarl\n|-status|p1a: Grimmsnarl|par\n|move|p1b: Gastrodon|Icy Wind|p2a: Chien-Pao|[spread] p2b\n|-activate|p2a: Chien-Pao|move: Protect\n|-damage|p2b: Gyarados|16\/100\n|-unboost|p2b: Gyarados|spe|1\n|\n|upkeep\n|turn|5\n|\n|t:|1682910914\n|move|p2a: Chien-Pao|Sucker Punch|p1b: Gastrodon\n|-damage|p1b: Gastrodon|51\/100\n|move|p2b: Gyarados|Taunt|p1a: Grimmsnarl\n|-start|p1a: Grimmsnarl|move: Taunt\n|move|p1b: Gastrodon|Icy Wind|p2a: Chien-Pao|[spread] p2b\n|-miss|p1b: Gastrodon|p2a: Chien-Pao\n|-damage|p2b: Gyarados|10\/100\n|-unboost|p2b: Gyarados|spe|1\n|cant|p1a: Grimmsnarl|par\n|\n|upkeep\n|turn|6\n|\n|t:|1682910936\n|switch|p2b: Baxcalibur|Baxcalibur, L50, F, shiny|100\/100\n|move|p2a: Chien-Pao|Protect|p2a: Chien-Pao\n|-singleturn|p2a: Chien-Pao|Protect\n|move|p1b: Gastrodon|Protect|p1b: Gastrodon\n|-singleturn|p1b: Gastrodon|Protect\n|move|p1a: Grimmsnarl|Spirit Break|p2b: Baxcalibur\n|-supereffective|p2b: Baxcalibur\n|-damage|p2b: Baxcalibur|6\/100\n|-unboost|p2b: Baxcalibur|spa|1\n|\n|upkeep\n|turn|7\n|\n|t:|1682910955\n|move|p2a: Chien-Pao|Sucker Punch|p1b: Gastrodon\n|-damage|p1b: Gastrodon|2\/100\n|-enditem|p1b: Gastrodon|Sitrus Berry|[eat]\n|-heal|p1b: Gastrodon|27\/100|[from] item: Sitrus Berry\n|move|p2b: Baxcalibur|Ice Shard|p1a: Grimmsnarl\n|-damage|p1a: Grimmsnarl|48\/100 par\n|-damage|p2b: Baxcalibur|0 fnt|[from] item: Life Orb\n|faint|p2b: Baxcalibur\n|move|p1b: Gastrodon|Icy Wind|p2a: Chien-Pao\n|-resisted|p2a: Chien-Pao\n|-damage|p2a: Chien-Pao|11\/100\n|move|p1a: Grimmsnarl|Spirit Break|p2a: Chien-Pao\n|-supereffective|p2a: Chien-Pao\n|-damage|p2a: Chien-Pao|0 fnt\n|faint|p2a: Chien-Pao\n|\n|-end|p1a: Grimmsnarl|move: Taunt\n|upkeep\n|\n|t:|1682910967\n|switch|p2a: Ceruledge|Ceruledge, L50, M, tera:Grass|72\/100\n|switch|p2b: Gyarados|Gyarados, L50, F, shiny|10\/100\n|-ability|p2b: Gyarados|Intimidate|boost\n|-unboost|p1a: Grimmsnarl|atk|1\n|-unboost|p1b: Gastrodon|atk|1\n|turn|8\n|\n|t:|1682910985\n|move|p2b: Gyarados|Helping Hand|p2a: Ceruledge\n|-singleturn|p2a: Ceruledge|Helping Hand|[of] p2b: Gyarados\n|move|p1b: Gastrodon|Protect|p1b: Gastrodon\n|-singleturn|p1b: Gastrodon|Protect\n|move|p2a: Ceruledge|Shadow Sneak|p1b: Gastrodon\n|-activate|p1b: Gastrodon|move: Protect\n|cant|p1a: Grimmsnarl|par\n|\n|upkeep\n|turn|9\n|\n|t:|1682911006\n|move|p2b: Gyarados|Helping Hand|p2a: Ceruledge\n|-singleturn|p2a: Ceruledge|Helping Hand|[of] p2b: Gyarados\n|move|p1b: Gastrodon|Protect|p1b: Gastrodon\n|-singleturn|p1b: Gastrodon|Protect\n|move|p2a: Ceruledge|Shadow Sneak|p1b: Gastrodon\n|-activate|p1b: Gastrodon|move: Protect\n|move|p1a: Grimmsnarl|Trick|p2a: Ceruledge\n|-activate|p1a: Grimmsnarl|move: Trick|[of] p2a: Ceruledge\n|-item|p2a: Ceruledge|Lagging Tail|[from] move: Trick\n|-item|p1a: Grimmsnarl|Assault Vest|[from] move: Trick\n|\n|upkeep\n|turn|10\n|\n|t:|1682911023\n|move|p2b: Gyarados|Helping Hand|p2a: Ceruledge\n|-singleturn|p2a: Ceruledge|Helping Hand|[of] p2b: Gyarados\n|move|p2a: Ceruledge|Shadow Sneak|p1b: Gastrodon\n|-damage|p1b: Gastrodon|0 fnt\n|faint|p1b: Gastrodon\n|move|p1a: Grimmsnarl|Spirit Break|p2a: Ceruledge\n|-damage|p2a: Ceruledge|44\/100\n|-unboost|p2a: Ceruledge|spa|1\n|\n|upkeep\n|turn|11\n|\n|t:|1682911034\n|move|p2b: Gyarados|Waterfall|p1a: Grimmsnarl\n|-damage|p1a: Grimmsnarl|2\/100 par\n|move|p1a: Grimmsnarl|Spirit Break|p2b: Gyarados\n|-damage|p2b: Gyarados|0 fnt\n|faint|p2b: Gyarados\n|move|p2a: Ceruledge|Bitter Blade|p1a: Grimmsnarl\n|-damage|p1a: Grimmsnarl|0 fnt\n|-heal|p2a: Ceruledge|45\/100|[from] drain|[of] p1a: Grimmsnarl\n|faint|p1a: Grimmsnarl\n|\n|win|pgdraxos\n|raw|SmilingCrow113's rating: 1067 → 1048<\/strong> (-19 for losing)\n|raw|pgdraxos's rating: 1089 → 1114<\/strong> (+25 for winning)\n|l|\u2606SmilingCrow113\n|c|\u2606pgdraxos|the trick was a surprise\n","uploadtime":1682911063,"views":17,"p1id":"smilingcrow113","p2id":"pgdraxos","formatid":"gen9vgc2023regulationc","rating":1048,"private":0,"password":""}