{"id":"gen9vgc2023regulationc-1857197919","p1":"kradpkmn","p2":"Ultra35","format":"[Gen 9] VGC 2023 Regulation C","log":"|j|\u2606kradpkmn\n|j|\u2606Ultra35\n|t:|1683156881\n|gametype|doubles\n|player|p1|kradpkmn|cynthia-gen4|1209\n|player|p2|Ultra35|2|1178\n|teamsize|p1|6\n|teamsize|p2|6\n|gen|9\n|tier|[Gen 9] VGC 2023 Regulation C\n|rated|\n|rule|Species Clause: Limit one of each Pok\u00e9mon\n|rule|Item Clause: Limit one of each item\n|clearpoke\n|poke|p1|Abomasnow, L50, F|\n|poke|p1|Iron Bundle, L50|\n|poke|p1|Ting-Lu, L50|\n|poke|p1|Dragonite, L50, F|\n|poke|p1|Ceruledge, L50, M|\n|poke|p1|Gengar, L50, M|\n|poke|p2|Torkoal, L50, M|\n|poke|p2|Jumpluff, L50, F|\n|poke|p2|Iron Moth, L50|\n|poke|p2|Great Tusk, L50|\n|poke|p2|Chien-Pao, L50|\n|poke|p2|Kingambit, L50, M|\n|teampreview|4\nkradpkmn has agreed to open team sheets.\n|inactive|Battle timer is ON: inactive players will automatically lose when time's up. (requested by kradpkmn)\nUltra35 has agreed to open team sheets.\n|inactive|Ultra35 has 60 seconds left.\n|\n|t:|1683156943\n|start\n|switch|p1a: Abomasnow|Abomasnow, L50, F|100\/100\n|switch|p1b: Iron Bundle|Iron Bundle, L50|100\/100\n|switch|p2a: Chien-Pao|Chien-Pao, L50|100\/100\n|switch|p2b: Great Tusk|Great Tusk, L50|100\/100\n|-ability|p2a: Chien-Pao|Sword of Ruin\n|-weather|Snow|[from] ability: Snow Warning|[of] p1a: Abomasnow\n|-enditem|p1b: Iron Bundle|Booster Energy\n|-activate|p1b: Iron Bundle|ability: Quark Drive|[fromitem]\n|-start|p1b: Iron Bundle|quarkdrivespe\n|turn|1\n|\n|t:|1683156960\n|switch|p2a: Torkoal|Torkoal, L50, M|100\/100\n|-weather|SunnyDay|[from] ability: Drought|[of] p2a: Torkoal\n|-activate|p2b: Great Tusk|ability: Protosynthesis\n|-start|p2b: Great Tusk|protosynthesisatk\n|-terastallize|p2b: Great Tusk|Steel\n|move|p1b: Iron Bundle|Icy Wind|p2a: Torkoal|[spread] p2a,p2b\n|-resisted|p2a: Torkoal\n|-resisted|p2b: Great Tusk\n|-crit|p2b: Great Tusk\n|-damage|p2a: Torkoal|88\/100\n|-damage|p2b: Great Tusk|79\/100\n|-unboost|p2a: Torkoal|spe|1\n|-unboost|p2b: Great Tusk|spe|1\n|move|p2b: Great Tusk|Close Combat|p1b: Iron Bundle\n|-supereffective|p1b: Iron Bundle\n|-damage|p1b: Iron Bundle|0 fnt\n|-unboost|p2b: Great Tusk|def|1\n|-unboost|p2b: Great Tusk|spd|1\n|faint|p1b: Iron Bundle\n|-end|p1b: Iron Bundle|Quark Drive|[silent]\n|move|p1a: Abomasnow|Aurora Veil||[still]\n|-fail|p1a: Abomasnow\n|\n|-weather|SunnyDay|[upkeep]\n|upkeep\n|inactive|kradpkmn has 30 seconds left.\n|\n|t:|1683156988\n|switch|p1b: Ceruledge|Ceruledge, L50, M|100\/100\n|turn|2\n|\n|t:|1683157007\n|-end|p2b: Great Tusk|Protosynthesis|[silent]\n|switch|p2b: Iron Moth|Iron Moth, L50, shiny|100\/100\n|-enditem|p2b: Iron Moth|Booster Energy\n|-activate|p2b: Iron Moth|ability: Quark Drive|[fromitem]\n|-start|p2b: Iron Moth|quarkdrivespe\n|switch|p1a: Dragonite|Dragonite, L50, F|100\/100\n|move|p1b: Ceruledge|Bitter Blade|p2b: Iron Moth\n|-resisted|p2b: Iron Moth\n|-damage|p2b: Iron Moth|48\/100\n|move|p2a: Torkoal|Overheat|p1a: Dragonite|[miss]\n|-miss|p2a: Torkoal|p1a: Dragonite\n|\n|-weather|SunnyDay|[upkeep]\n|upkeep\n|turn|3\n|inactive|kradpkmn has 30 seconds left.\n|inactive|Ultra35 has 30 seconds left.\n|inactive|kradpkmn has 20 seconds left.\n|-activate|p2a: Torkoal|item: Quick Claw\n|\n|t:|1683157044\n|switch|p1b: Abomasnow|Abomasnow, L50, F|100\/100\n|-weather|Snow|[from] ability: Snow Warning|[of] p1b: Abomasnow\n|move|p2b: Iron Moth|Protect|p2b: Iron Moth\n|-singleturn|p2b: Iron Moth|Protect\n|move|p2a: Torkoal|Overheat|p1a: Dragonite\n|-resisted|p1a: Dragonite\n|-damage|p1a: Dragonite|87\/100\n|-unboost|p2a: Torkoal|spa|2\n|move|p1a: Dragonite|Outrage|p2b: Iron Moth\n|-activate|p2b: Iron Moth|move: Protect\n|\n|-weather|Snow|[upkeep]\n|upkeep\n|turn|4\n|inactive|Ultra35 has 30 seconds left.\n|\n|t:|1683157075\n|switch|p2a: Great Tusk|Great Tusk, L50, tera:Steel|79\/100\n|-terastallize|p1b: Abomasnow|Water\n|move|p2b: Iron Moth|Sludge Wave|p1b: Abomasnow|[spread] p1a,p1b\n|-immune|p2a: Great Tusk\n|-damage|p1a: Dragonite|47\/100\n|-damage|p1b: Abomasnow|57\/100\n|-status|p1a: Dragonite|psn\n|move|p1a: Dragonite|Outrage|p2a: Great Tusk\n|-resisted|p2a: Great Tusk\n|-damage|p2a: Great Tusk|43\/100\n|move|p1b: Abomasnow|Aurora Veil|p1b: Abomasnow\n|-sidestart|p1: kradpkmn|move: Aurora Veil\n|\n|-weather|Snow|[upkeep]\n|-damage|p1a: Dragonite|35\/100 psn|[from] psn\n|upkeep\n|turn|5\n|\n|t:|1683157098\n|move|p2b: Iron Moth|Sludge Wave|p1a: Dragonite|[spread] p1a,p1b\n|-immune|p2a: Great Tusk\n|-damage|p1a: Dragonite|9\/100 psn\n|-damage|p1b: Abomasnow|25\/100\n|move|p2a: Great Tusk|Rock Slide|p1a: Dragonite|[spread] p1b\n|-miss|p2a: Great Tusk|p1a: Dragonite\n|-damage|p1b: Abomasnow|8\/100\n|move|p1a: Dragonite|Outrage|p2b: Iron Moth|[from]lockedmove\n|-damage|p2b: Iron Moth|0 fnt\n|faint|p2b: Iron Moth\n|-end|p2b: Iron Moth|Quark Drive|[silent]\n|move|p1b: Abomasnow|Blizzard|p2a: Great Tusk\n|-resisted|p2a: Great Tusk\n|-damage|p2a: Great Tusk|0 fnt\n|faint|p2a: Great Tusk\n|-end|p2a: Great Tusk|Protosynthesis|[silent]\n|-damage|p1b: Abomasnow|0 fnt|[from] item: Life Orb\n|faint|p1b: Abomasnow\n|\n|-weather|Snow|[upkeep]\n|-damage|p1a: Dragonite|0 fnt|[from] psn\n|faint|p1a: Dragonite\n|upkeep\n|\n|t:|1683157119\n|switch|p2b: Chien-Pao|Chien-Pao, L50|100\/100\n|switch|p2a: Torkoal|Torkoal, L50, M|88\/100\n|switch|p1a: Ceruledge|Ceruledge, L50, M|100\/100\n|-ability|p2b: Chien-Pao|Sword of Ruin\n|-weather|SunnyDay|[from] ability: Drought|[of] p2a: Torkoal\n|turn|6\n|\n|t:|1683157132\n|move|p2b: Chien-Pao|Protect|p2b: Chien-Pao\n|-singleturn|p2b: Chien-Pao|Protect\n|move|p1a: Ceruledge|Bitter Blade|p2b: Chien-Pao\n|-activate|p2b: Chien-Pao|move: Protect\n|move|p2a: Torkoal|Fissure|p1a: Ceruledge\n|-damage|p1a: Ceruledge|0 fnt\n|faint|p1a: Ceruledge\n|-ohko\n|\n|win|Ultra35\n|raw|kradpkmn's rating: 1209 → 1182<\/strong> (-27 for losing)\n|raw|Ultra35's rating: 1178 → 1205<\/strong> (+27 for winning)\n","uploadtime":1683157142,"views":8,"p1id":"kradpkmn","p2id":"ultra35","formatid":"gen9vgc2023regulationc","rating":1182,"private":0,"password":""}