{"id":"gen9vgc2023regulationc-1862881898","p1":"Beru98","p2":"PictoChatVGC","format":"[Gen 9] VGC 2023 Regulation C","log":"|j|\u2606Beru98\n|j|\u2606PictoChatVGC\n|t:|1683933232\n|gametype|doubles\n|player|p1|Beru98|170|\n|player|p2|PictoChatVGC|lucas|\n|teamsize|p1|6\n|teamsize|p2|6\n|gen|9\n|tier|[Gen 9] VGC 2023 Regulation C\n|rule|Species Clause: Limit one of each Pok\u00e9mon\n|rule|Item Clause: Limit one of each item\n|clearpoke\n|poke|p1|Gyarados, L50, M|\n|poke|p1|Kingambit, L50, M|\n|poke|p1|Baxcalibur, L50, M|\n|poke|p1|Flutter Mane, L50|\n|poke|p1|Chien-Pao, L50|\n|poke|p1|Amoonguss, L50, F|\n|poke|p2|Iron Hands, L50|\n|poke|p2|Indeedee-F, L50, F|\n|poke|p2|Torkoal, L50, F|\n|poke|p2|Tyranitar, L50, M|\n|poke|p2|Armarouge, L50, F|\n|poke|p2|Oranguru, L50, M|\n|teampreview|4\nBeru98 has agreed to open team sheets.\nPictoChatVGC has agreed to open team sheets.\n|c|\u2606Beru98|When you are we can start the timer\n|\n|t:|1683933313\n|start\n|switch|p1a: Gyarados|Gyarados, L50, M|100\/100\n|switch|p1b: Chien-Pao|Chien-Pao, L50|100\/100\n|switch|p2a: Indeedee-Respects|Indeedee-F, L50, F|100\/100\n|switch|p2b: ARealGorillo|Oranguru, L50, M|100\/100\n|-ability|p1b: Chien-Pao|Sword of Ruin\n|-ability|p1a: Gyarados|Intimidate|boost\n|-unboost|p2a: Indeedee-Respects|atk|1\n|-unboost|p2b: ARealGorillo|atk|1\n|-fieldstart|move: Psychic Terrain|[from] ability: Psychic Surge|[of] p2a: Indeedee-Respects\n|turn|1\n|inactive|Battle timer is ON: inactive players will automatically lose when time's up. (requested by PictoChatVGC)\n|inactive|Beru98 has 60 seconds left.\n|inactive|PictoChatVGC has 60 seconds left.\n|\n|t:|1683933361\n|move|p2a: Indeedee-Respects|Follow Me|p2a: Indeedee-Respects\n|-singleturn|p2a: Indeedee-Respects|move: Follow Me\n|move|p1b: Chien-Pao|Ice Spinner|p2a: Indeedee-Respects\n|-damage|p2a: Indeedee-Respects|31\/100\n|-fieldend|move: Psychic Terrain\n|move|p1a: Gyarados|Taunt|p2a: Indeedee-Respects\n|-start|p2a: Indeedee-Respects|move: Taunt\n|move|p2b: ARealGorillo|Trick Room|p2b: ARealGorillo\n|-fieldstart|move: Trick Room|[of] p2b: ARealGorillo\n|\n|upkeep\n|turn|2\n|inactive|Beru98 has 30 seconds left.\n|inactive|PictoChatVGC has 30 seconds left.\n|inactive|PictoChatVGC has 20 seconds left.\n|inactive|PictoChatVGC has 15 seconds left.\n|\n|t:|1683933401\n|move|p2b: ARealGorillo|Taunt|p1a: Gyarados\n|-start|p1a: Gyarados|move: Taunt\n|move|p2a: Indeedee-Respects|Psychic|p1a: Gyarados\n|-damage|p1a: Gyarados|70\/100\n|cant|p1a: Gyarados|move: Taunt|Thunder Wave\n|move|p1b: Chien-Pao|Sacred Sword|p2b: ARealGorillo\n|-damage|p2b: ARealGorillo|64\/100\n|\n|upkeep\n|turn|3\n|\n|t:|1683933420\n|switch|p2a: Darude|Tyranitar, L50, M|100\/100\n|-weather|Sandstorm|[from] ability: Sand Stream|[of] p2a: Darude\n|switch|p1a: Kingambit|Kingambit, L50, M|100\/100\n|move|p2b: ARealGorillo|Bulldoze|p1a: Kingambit|[spread] p2a,p1a,p1b\n|-supereffective|p2a: Darude\n|-supereffective|p1a: Kingambit\n|-damage|p2a: Darude|88\/100\n|-damage|p1a: Kingambit|89\/100\n|-damage|p1b: Chien-Pao|93\/100\n|-unboost|p2a: Darude|spe|1\n|-unboost|p1a: Kingambit|spe|1\n|-ability|p1a: Kingambit|Defiant|boost\n|-boost|p1a: Kingambit|atk|2\n|-unboost|p1b: Chien-Pao|spe|1\n|-enditem|p2a: Darude|Weakness Policy\n|-boost|p2a: Darude|atk|2|[from] item: Weakness Policy\n|-boost|p2a: Darude|spa|2|[from] item: Weakness Policy\n|-activate|p2b: ARealGorillo|ability: Symbiosis|Life Orb|[of] p2a: Darude\n|move|p1b: Chien-Pao|Sacred Sword|p2b: ARealGorillo\n|-damage|p2b: ARealGorillo|25\/100\n|\n|-weather|Sandstorm|[upkeep]\n|-damage|p2b: ARealGorillo|19\/100|[from] Sandstorm\n|-damage|p1b: Chien-Pao|87\/100|[from] Sandstorm\n|upkeep\n|turn|4\n|inactive|Beru98 has 30 seconds left.\n|inactive|PictoChatVGC has 30 seconds left.\n|inactive|Beru98 has 20 seconds left.\n|inactive|Beru98 has 15 seconds left.\n|\n|t:|1683933463\n|-terastallize|p2a: Darude|Rock\n|-terastallize|p1a: Kingambit|Fire\n|move|p1b: Chien-Pao|Sucker Punch|p2a: Darude\n|-damage|p2a: Darude|49\/100\n|move|p2a: Darude|Rock Slide|p1b: Chien-Pao|[spread] p1a,p1b\n|-supereffective|p1a: Kingambit\n|-supereffective|p1b: Chien-Pao\n|-damage|p1a: Kingambit|0 fnt\n|-damage|p1b: Chien-Pao|0 fnt\n|faint|p1a: Kingambit\n|faint|p1b: Chien-Pao\n|-damage|p2a: Darude|39\/100|[from] item: Life Orb\n|move|p2b: ARealGorillo|Instruct|p2a: Darude\n|-singleturn|p2a: Darude|move: Instruct|[of] p2b: ARealGorillo\n|move|p2a: Darude|Rock Slide|p1: Kingambit|[notarget]\n|-fail|p2a: Darude\n|\n|-weather|Sandstorm|[upkeep]\n|-damage|p2b: ARealGorillo|13\/100|[from] Sandstorm\n|upkeep\n|\n|t:|1683933482\n|switch|p1a: Gyarados|Gyarados, L50, M|70\/100\n|switch|p1b: Amoonguss|Amoonguss, L50, F|100\/100\n|-ability|p1a: Gyarados|Intimidate|boost\n|-unboost|p2a: Darude|atk|1\n|-unboost|p2b: ARealGorillo|atk|1\n|turn|5\n|\n|t:|1683933500\n|switch|p2b: Indeedee-Respects|Indeedee-F, L50, F|31\/100\n|-fieldstart|move: Psychic Terrain|[from] ability: Psychic Surge|[of] p2b: Indeedee-Respects\n|move|p2a: Darude|Protect|p2a: Darude\n|-singleturn|p2a: Darude|Protect\n|move|p1b: Amoonguss|Spore|p2a: Darude\n|-activate|p2a: Darude|move: Protect\n|move|p1a: Gyarados|Waterfall|p2a: Darude\n|-activate|p2a: Darude|move: Protect\n|\n|-weather|Sandstorm|[upkeep]\n|-damage|p1b: Amoonguss|95\/100|[from] Sandstorm\n|-damage|p1a: Gyarados|64\/100|[from] Sandstorm\n|-fieldend|move: Trick Room\n|upkeep\n|turn|6\n|\n|t:|1683933516\n|move|p2b: Indeedee-Respects|Follow Me|p2b: Indeedee-Respects\n|-singleturn|p2b: Indeedee-Respects|move: Follow Me\n|move|p1a: Gyarados|Waterfall|p2b: Indeedee-Respects\n|-damage|p2b: Indeedee-Respects|0 fnt\n|faint|p2b: Indeedee-Respects\n|move|p2a: Darude|Rock Slide|p1a: Gyarados|[spread] p1a,p1b\n|-supereffective|p1a: Gyarados\n|-damage|p1a: Gyarados|0 fnt\n|-damage|p1b: Amoonguss|20\/100\n|faint|p1a: Gyarados\n|-damage|p2a: Darude|29\/100|[from] item: Life Orb\n|move|p1b: Amoonguss|Pollen Puff|p1: Gyarados|[notarget]\n|-fail|p1b: Amoonguss\n|\n|-weather|Sandstorm|[upkeep]\n|-damage|p1b: Amoonguss|15\/100|[from] Sandstorm\n|upkeep\n|\n|t:|1683933532\n|switch|p2b: ARealGorillo|Oranguru, L50, M|13\/100\n|turn|7\n|\n|t:|1683933539\n|move|p2b: ARealGorillo|Taunt|p1b: Amoonguss\n|-start|p1b: Amoonguss|move: Taunt\n|move|p2a: Darude|Crunch|p1b: Amoonguss\n|-damage|p1b: Amoonguss|0 fnt\n|faint|p1b: Amoonguss\n|-damage|p2a: Darude|20\/100|[from] item: Life Orb\n|\n|win|PictoChatVGC\n|c|\u2606PictoChatVGC|gg\n|c|\u2606Beru98|Gg\n","uploadtime":1683933555,"views":13,"p1id":"beru98","p2id":"pictochatvgc","formatid":"gen9vgc2023regulationc","rating":0,"private":0,"password":""}