{"id":"gen9vgc2023regulationc-1862985296","p1":"Funnyman Krebs","p2":"anthonyy737","format":"[Gen 9] VGC 2023 Regulation C","log":"|j|\u2606Funnyman Krebs\n|j|\u2606anthonyy737\n|t:|1683947837\n|gametype|doubles\n|player|p1|Funnyman Krebs|wallace|1705\n|player|p2|anthonyy737|101|1630\n|teamsize|p1|6\n|teamsize|p2|6\n|gen|9\n|tier|[Gen 9] VGC 2023 Regulation C\n|rated|\n|rule|Species Clause: Limit one of each Pok\u00e9mon\n|rule|Item Clause: Limit one of each item\n|clearpoke\n|poke|p1|Glimmora, L50, M|\n|poke|p1|Iron Bundle, L50|\n|poke|p1|Chi-Yu, L50|\n|poke|p1|Dragonite, L50, F|\n|poke|p1|Dondozo, L50, F|\n|poke|p1|Tatsugiri, L50, M|\n|poke|p2|Dragapult, L50, M|\n|poke|p2|Dondozo, L50, M|\n|poke|p2|Tatsugiri, L50, M|\n|poke|p2|Iron Bundle, L50|\n|poke|p2|Glimmora, L50, F|\n|poke|p2|Chi-Yu, L50|\n|teampreview|4\nFunnyman Krebs has agreed to open team sheets.\n|c|\u2606anthonyy737|well\nanthonyy737 has agreed to open team sheets.\n|c|\u2606Funnyman Krebs|Let's do it lol\n|c|\u2606Funnyman Krebs|Hows Dragapult been?\n|c|\u2606Funnyman Krebs|I was thinking of it myself\n|c|\u2606anthonyy737|LARGE MARGE\n|c|\u2606anthonyy737|it's been pretty good actually\n|c|\u2606anthonyy737|i have a local tmrw and can't decide on an item\n|c|\u2606anthonyy737|or moveset LOL I haven't clicked disable once\n|c|\u2606anthonyy737|its funny in ots tho\n|c|\u2606Funnyman Krebs|Glad you like the nicknames lol\n|\n|t:|1683947937\n|start\n|switch|p1a: Iron Santa|Iron Bundle, L50, shiny|100\/100\n|switch|p1b: Wheeeee!|Glimmora, L50, M, shiny|100\/100\n|switch|p2a: Dondozo|Dondozo, L50, M|100\/100\n|switch|p2b: Glimmora|Glimmora, L50, F, shiny|100\/100\n|-enditem|p1a: Iron Santa|Booster Energy\n|-activate|p1a: Iron Santa|ability: Quark Drive|[fromitem]\n|-start|p1a: Iron Santa|quarkdrivespe\n|turn|1\n|c|\u2606Funnyman Krebs|Glhf\n|c|\u2606anthonyy737|yt\n|j| Rabbihorn\n|\n|t:|1683947985\n|-terastallize|p2b: Glimmora|Grass\n|-terastallize|p1b: Wheeeee!|Grass\n|move|p2a: Dondozo|Protect|p2a: Dondozo\n|-singleturn|p2a: Dondozo|Protect\n|move|p1a: Iron Santa|Icy Wind|p2b: Glimmora|[spread] p2b\n|-activate|p2a: Dondozo|move: Protect\n|-supereffective|p2b: Glimmora\n|-damage|p2b: Glimmora|71\/100\n|-unboost|p2b: Glimmora|spe|1\n|move|p1b: Wheeeee!|Mortal Spin|p2b: Glimmora|[spread] p2b\n|-activate|p2a: Dondozo|move: Protect\n|-supereffective|p2b: Glimmora\n|-damage|p2b: Glimmora|62\/100\n|-status|p2b: Glimmora|psn\n|-activate|p2b: Glimmora|ability: Toxic Debris\n|-sidestart|p1: Funnyman Krebs|move: Toxic Spikes\n|-sideend|p1: Funnyman Krebs|Toxic Spikes|[from] move: Mortal Spin|[of] p1b: Wheeeee!\n|move|p2b: Glimmora|Power Gem|p1a: Iron Santa\n|-supereffective|p1a: Iron Santa\n|-damage|p1a: Iron Santa|0 fnt\n|faint|p1a: Iron Santa\n|-end|p1a: Iron Santa|Quark Drive|[silent]\n|\n|-damage|p2b: Glimmora|49\/100 psn|[from] psn\n|upkeep\n|\n|t:|1683948013\n|switch|p1a: Large Marge|Dondozo, L50, F|100\/100\n|turn|2\n|j| raffix92\n|inactive|Battle timer is ON: inactive players will automatically lose when time's up. (requested by Funnyman Krebs)\n|\n|t:|1683948054\n|move|p1a: Large Marge|Protect|p1a: Large Marge\n|-singleturn|p1a: Large Marge|Protect\n|move|p1b: Wheeeee!|Mortal Spin|p2a: Dondozo|[spread] p2a,p2b\n|-supereffective|p2b: Glimmora\n|-damage|p2a: Dondozo|97\/100\n|-damage|p2b: Glimmora|40\/100 psn\n|-status|p2a: Dondozo|psn\n|-activate|p2b: Glimmora|ability: Toxic Debris\n|-sidestart|p1: Funnyman Krebs|move: Toxic Spikes\n|-sideend|p1: Funnyman Krebs|Toxic Spikes|[from] move: Mortal Spin|[of] p1b: Wheeeee!\n|move|p2a: Dondozo|Earthquake|p1b: Wheeeee!|[spread] p2b,p1b\n|-activate|p1a: Large Marge|move: Protect\n|-resisted|p2b: Glimmora\n|-resisted|p1b: Wheeeee!\n|-damage|p2b: Glimmora|28\/100 psn\n|-damage|p1b: Wheeeee!|91\/100\n|-activate|p2b: Glimmora|ability: Toxic Debris\n|-sidestart|p1: Funnyman Krebs|move: Toxic Spikes\n|-activate|p1b: Wheeeee!|ability: Toxic Debris\n|-sidestart|p2: anthonyy737|move: Toxic Spikes\n|move|p2b: Glimmora|Energy Ball|p1a: Large Marge\n|-activate|p1a: Large Marge|move: Protect\n|\n|-heal|p2a: Dondozo|100\/100 psn|[from] item: Leftovers\n|-damage|p2a: Dondozo|88\/100 psn|[from] psn\n|-damage|p2b: Glimmora|16\/100 psn|[from] psn\n|upkeep\n|turn|3\n|inactive|Funnyman Krebs has 30 seconds left.\n|inactive|Funnyman Krebs has 20 seconds left.\n|inactive|Funnyman Krebs has 15 seconds left.\n|inactive|Funnyman Krebs has 10 seconds left.\n|\n|t:|1683948101\n|switch|p1b: Sashimi|Tatsugiri, L50, M|100\/100\n|-activate|p1b: Sashimi|ability: Commander|[of] p1a: Large Marge\n|-boost|p1a: Large Marge|atk|2\n|-boost|p1a: Large Marge|spa|2\n|-boost|p1a: Large Marge|spe|2\n|-boost|p1a: Large Marge|def|2\n|-boost|p1a: Large Marge|spd|2\n|switch|p2b: Tatsugiri|Tatsugiri, L50, M|100\/100\n|-activate|p2b: Tatsugiri|ability: Commander|[of] p2a: Dondozo\n|-boost|p2a: Dondozo|atk|2\n|-boost|p2a: Dondozo|spa|2\n|-boost|p2a: Dondozo|spe|2\n|-boost|p2a: Dondozo|def|2\n|-boost|p2a: Dondozo|spd|2\n|move|p1a: Large Marge|Earthquake|p2a: Dondozo|[spread] p2a\n|-miss|p1a: Large Marge|p1b: Sashimi\n|-miss|p1a: Large Marge|p2b: Tatsugiri\n|-damage|p2a: Dondozo|74\/100 psn\n|move|p2a: Dondozo|Wave Crash|p1b: Sashimi|[miss]\n|-miss|p2a: Dondozo|p1b: Sashimi\n|\n|-heal|p2a: Dondozo|80\/100 psn|[from] item: Leftovers\n|-damage|p2a: Dondozo|67\/100 psn|[from] psn\n|upkeep\n|turn|4\n|\n|t:|1683948123\n|move|p1a: Large Marge|Wave Crash|p2a: Dondozo\n|-resisted|p2a: Dondozo\n|-damage|p2a: Dondozo|51\/100 psn\n|-damage|p1a: Large Marge|95\/100|[from] Recoil\n|move|p2a: Dondozo|Substitute|p2a: Dondozo\n|-start|p2a: Dondozo|Substitute\n|-damage|p2a: Dondozo|26\/100 psn\n|\n|-heal|p1a: Large Marge|100\/100|[from] item: Leftovers\n|-heal|p2a: Dondozo|32\/100 psn|[from] item: Leftovers\n|-damage|p2a: Dondozo|20\/100 psn|[from] psn\n|upkeep\n|turn|5\n|\n|t:|1683948141\n|move|p1a: Large Marge|Protect|p1a: Large Marge\n|-singleturn|p1a: Large Marge|Protect\n|move|p2a: Dondozo|Earthquake|p1a: Large Marge|[spread] \n|-miss|p2a: Dondozo|p2b: Tatsugiri\n|-miss|p2a: Dondozo|p1b: Sashimi\n|-activate|p1a: Large Marge|move: Protect\n|\n|-heal|p2a: Dondozo|26\/100 psn|[from] item: Leftovers\n|-damage|p2a: Dondozo|14\/100 psn|[from] psn\n|upkeep\n|turn|6\n|\n|t:|1683948152\n|move|p1a: Large Marge|Protect||[still]\n|-fail|p1a: Large Marge\n|move|p2a: Dondozo|Earthquake|p1a: Large Marge|[spread] p1a\n|-miss|p2a: Dondozo|p2b: Tatsugiri\n|-miss|p2a: Dondozo|p1b: Sashimi\n|-damage|p1a: Large Marge|84\/100\n|\n|-heal|p1a: Large Marge|90\/100|[from] item: Leftovers\n|-heal|p2a: Dondozo|20\/100 psn|[from] item: Leftovers\n|-damage|p2a: Dondozo|8\/100 psn|[from] psn\n|upkeep\n|turn|7\n|\n|t:|1683948161\n|move|p1a: Large Marge|Protect|p1a: Large Marge\n|-singleturn|p1a: Large Marge|Protect\n|move|p2a: Dondozo|Protect||[still]\n|-fail|p2a: Dondozo\n|\n|-heal|p1a: Large Marge|96\/100|[from] item: Leftovers\n|-heal|p2a: Dondozo|14\/100 psn|[from] item: Leftovers\n|-damage|p2a: Dondozo|1\/100 psn|[from] psn\n|upkeep\n|turn|8\n|\n|t:|1683948172\n|move|p1a: Large Marge|Earthquake|p2a: Dondozo|[spread] p2a\n|-miss|p1a: Large Marge|p1b: Sashimi\n|-miss|p1a: Large Marge|p2b: Tatsugiri\n|-activate|p2a: Dondozo|move: Substitute|[damage]\n|move|p2a: Dondozo|Earthquake|p1a: Large Marge|[spread] p1a\n|-miss|p2a: Dondozo|p2b: Tatsugiri\n|-miss|p2a: Dondozo|p1b: Sashimi\n|-damage|p1a: Large Marge|80\/100\n|\n|-heal|p1a: Large Marge|86\/100|[from] item: Leftovers\n|-heal|p2a: Dondozo|8\/100 psn|[from] item: Leftovers\n|-damage|p2a: Dondozo|0 fnt|[from] psn\n|faint|p2a: Dondozo\n|upkeep\n|\n|t:|1683948179\n|switch|p2a: Iron Bundle|Iron Bundle, L50, shiny|100\/100\n|-status|p2a: Iron Bundle|psn\n|-enditem|p2a: Iron Bundle|Booster Energy\n|-activate|p2a: Iron Bundle|ability: Quark Drive|[fromitem]\n|-start|p2a: Iron Bundle|quarkdrivespe\n|turn|9\n|\n|t:|1683948195\n|move|p2a: Iron Bundle|Freeze-Dry|p1a: Large Marge\n|-supereffective|p1a: Large Marge\n|-damage|p1a: Large Marge|56\/100\n|move|p1a: Large Marge|Earthquake|p2b: Tatsugiri|[spread] p2a,p2b\n|-miss|p1a: Large Marge|p1b: Sashimi\n|-damage|p2a: Iron Bundle|53\/100 psn\n|-damage|p2b: Tatsugiri|27\/100\n|move|p2b: Tatsugiri|Draco Meteor|p1a: Large Marge\n|-damage|p1a: Large Marge|29\/100\n|-unboost|p2b: Tatsugiri|spa|2\n|\n|-heal|p1a: Large Marge|35\/100|[from] item: Leftovers\n|-damage|p2a: Iron Bundle|41\/100 psn|[from] psn\n|upkeep\n|turn|10\n|j| Dylanbopper\n|inactive|anthonyy737 has 30 seconds left.\n|\n|t:|1683948228\n|switch|p2b: Glimmora|Glimmora, L50, F, shiny, tera:Grass|16\/100 psn\n|move|p2a: Iron Bundle|Freeze-Dry|p1a: Large Marge\n|-supereffective|p1a: Large Marge\n|-damage|p1a: Large Marge|2\/100\n|move|p1a: Large Marge|Earthquake|p2a: Iron Bundle|[spread] p2a,p2b\n|-miss|p1a: Large Marge|p1b: Sashimi\n|-resisted|p2b: Glimmora\n|-damage|p2a: Iron Bundle|0 fnt\n|-damage|p2b: Glimmora|0 fnt\n|-activate|p2b: Glimmora|ability: Toxic Debris\n|-sidestart|p1: Funnyman Krebs|move: Toxic Spikes\n|faint|p2a: Iron Bundle\n|-end|p2a: Iron Bundle|Quark Drive|[silent]\n|faint|p2b: Glimmora\n|\n|-heal|p1a: Large Marge|8\/100|[from] item: Leftovers\n|upkeep\n|\n|t:|1683948236\n|switch|p2b: Tatsugiri|Tatsugiri, L50, M|27\/100\n|-status|p2b: Tatsugiri|psn\n|turn|11\n|c|\u2606anthonyy737|gg\n|c|\u2606Funnyman Krebs|gg's\n|\n|t:|1683948248\n|move|p1a: Large Marge|Protect|p1a: Large Marge\n|-singleturn|p1a: Large Marge|Protect\n|move|p2b: Tatsugiri|Draco Meteor|p1a: Large Marge\n|-activate|p1a: Large Marge|move: Protect\n|\n|-heal|p1a: Large Marge|15\/100|[from] item: Leftovers\n|-damage|p2b: Tatsugiri|15\/100 psn|[from] psn\n|upkeep\n|turn|12\n|\n|t:|1683948259\n|move|p1a: Large Marge|Tera Blast|p2b: Tatsugiri\n|-damage|p2b: Tatsugiri|0 fnt\n|faint|p2b: Tatsugiri\n|\n|win|Funnyman Krebs\n|raw|Funnyman Krebs's rating: 1705 → 1721<\/strong> (+16 for winning)\n|raw|anthonyy737's rating: 1630 → 1614<\/strong> (-16 for losing)\n|l| Dylanbopper\n|c|\u2606Funnyman Krebs|Lfg I can play the mirror\n|l|\u2606anthonyy737\n|c|\u2606Funnyman Krebs|If you want a Bo3 lmk\n","uploadtime":1683948284,"views":20,"p1id":"funnymankrebs","p2id":"anthonyy737","formatid":"gen9vgc2023regulationc","rating":1614,"private":0,"password":""}