{"id":"gen9vgc2023regulationc-1861009608","p1":"Karajony","p2":"lolitoenpoke","format":"[Gen 9] VGC 2023 Regulation C","log":"|j|\u2606Karajony\n|j|\u2606lolitoenpoke\n|t:|1683713476\n|gametype|doubles\n|player|p1|Karajony|worker-gen4|1398\n|player|p2|lolitoenpoke|170|1474\n|teamsize|p1|6\n|teamsize|p2|6\n|gen|9\n|tier|[Gen 9] VGC 2023 Regulation C\n|rated|\n|rule|Species Clause: Limit one of each Pok\u00e9mon\n|rule|Item Clause: Limit one of each item\n|clearpoke\n|poke|p1|Bronzong, L50|\n|poke|p1|Flutter Mane, L50|\n|poke|p1|Ting-Lu, L50|\n|poke|p1|Dragonite, L50, F|\n|poke|p1|Arcanine, L50, F|\n|poke|p1|Glimmora, L50, F|\n|poke|p2|Talonflame, L50, M|\n|poke|p2|Dragapult, L50, M|\n|poke|p2|Chien-Pao, L50|\n|poke|p2|Gholdengo, L50|\n|poke|p2|Iron Hands, L50|\n|poke|p2|Rotom-Wash, L50|\n|teampreview|4\n|inactive|Battle timer is ON: inactive players will automatically lose when time's up. (requested by Karajony)\n|inactive|Karajony has 60 seconds left.\n|inactive|lolitoenpoke has 60 seconds left.\n|\n|t:|1683713527\n|start\n|switch|p1a: Dragonite|Dragonite, L50, F|100\/100\n|switch|p1b: Ting-Lu|Ting-Lu, L50|100\/100\n|switch|p2a: Rotom|Rotom-Wash, L50|100\/100\n|switch|p2b: Dragapult|Dragapult, L50, M|100\/100\n|-ability|p1b: Ting-Lu|Vessel of Ruin\n|turn|1\n|inactive|Karajony has 30 seconds left.\n|\n|t:|1683713553\n|-terastallize|p2b: Dragapult|Dragon\n|-terastallize|p1a: Dragonite|Flying\n|move|p2b: Dragapult|Dragon Darts|p1b: Ting-Lu\n|-damage|p1b: Ting-Lu|71\/100\n|-anim|p2b: Dragapult|Dragon Darts|p1a: Dragonite\n|-damage|p1a: Dragonite|77\/100\n|move|p2a: Rotom|Will-O-Wisp|p1a: Dragonite\n|-status|p1a: Dragonite|brn\n|move|p1a: Dragonite|Tera Blast|p2a: Rotom\n|-resisted|p2a: Rotom\n|-damage|p2a: Rotom|78\/100\n|move|p1b: Ting-Lu|Earthquake|p2b: Dragapult|[spread] p2b\n|-immune|p1a: Dragonite\n|-immune|p2a: Rotom|[from] ability: Levitate\n|-damage|p2b: Dragapult|51\/100\n|\n|-damage|p1a: Dragonite|71\/100 brn|[from] brn\n|upkeep\n|turn|2\n|inactive|lolitoenpoke has 30 seconds left.\n|inactive|lolitoenpoke has 20 seconds left.\n|\n|t:|1683713589\n|switch|p1a: Bronzong|Bronzong, L50|100\/100\n|move|p2b: Dragapult|Dragon Darts|p1a: Bronzong\n|-resisted|p1a: Bronzong\n|-damage|p1a: Bronzong|84\/100\n|-anim|p2b: Dragapult|Dragon Darts|p1b: Ting-Lu\n|-damage|p1b: Ting-Lu|42\/100\n|move|p2a: Rotom|Will-O-Wisp|p1b: Ting-Lu\n|-status|p1b: Ting-Lu|brn\n|move|p1b: Ting-Lu|Earthquake|p2a: Rotom|[spread] p2b\n|-immune|p1a: Bronzong|[from] ability: Levitate\n|-immune|p2a: Rotom|[from] ability: Levitate\n|-damage|p2b: Dragapult|24\/100\n|\n|-heal|p1a: Bronzong|90\/100|[from] item: Leftovers\n|-damage|p1b: Ting-Lu|36\/100 brn|[from] brn\n|upkeep\n|turn|3\n|inactive|Karajony has 30 seconds left.\n|inactive|lolitoenpoke has 30 seconds left.\n|inactive|lolitoenpoke has 20 seconds left.\n|inactive|lolitoenpoke has 15 seconds left.\n|\n|t:|1683713630\n|switch|p2b: Iron Hands|Iron Hands, L50|100\/100\n|move|p2a: Rotom|Hydro Pump|p1a: Bronzong\n|-damage|p1a: Bronzong|59\/100\n|move|p1b: Ting-Lu|Ruination|p2a: Rotom\n|-damage|p2a: Rotom|39\/100\n|move|p1a: Bronzong|Body Press|p2b: Iron Hands\n|-damage|p2b: Iron Hands|83\/100\n|\n|-heal|p1a: Bronzong|64\/100|[from] item: Leftovers\n|-damage|p1b: Ting-Lu|30\/100 brn|[from] brn\n|upkeep\n|turn|4\n|inactive|lolitoenpoke has 30 seconds left.\n|\n|t:|1683713663\n|move|p2b: Iron Hands|Fake Out|p1b: Ting-Lu\n|-damage|p1b: Ting-Lu|22\/100 brn\n|move|p2a: Rotom|Hydro Pump|p1a: Bronzong|[miss]\n|-miss|p2a: Rotom|p1a: Bronzong\n|cant|p1b: Ting-Lu|flinch\n|move|p1a: Bronzong|Iron Defense|p1a: Bronzong\n|-boost|p1a: Bronzong|def|2\n|\n|-heal|p1a: Bronzong|70\/100|[from] item: Leftovers\n|-damage|p1b: Ting-Lu|16\/100 brn|[from] brn\n|upkeep\n|turn|5\n|\n|t:|1683713686\n|move|p2a: Rotom|Hydro Pump|p1a: Bronzong\n|-damage|p1a: Bronzong|41\/100\n|move|p2b: Iron Hands|Drain Punch|p1b: Ting-Lu\n|-supereffective|p1b: Ting-Lu\n|-crit|p1b: Ting-Lu\n|-damage|p1b: Ting-Lu|0 fnt\n|-heal|p2b: Iron Hands|92\/100|[from] drain|[of] p1b: Ting-Lu\n|faint|p1b: Ting-Lu\n|move|p1a: Bronzong|Body Press|p2a: Rotom\n|-damage|p2a: Rotom|0 fnt\n|faint|p2a: Rotom\n|\n|-heal|p1a: Bronzong|46\/100|[from] item: Leftovers\n|upkeep\n|\n|t:|1683713702\n|switch|p2a: Dragapult|Dragapult, L50, M, tera:Dragon|24\/100\n|switch|p1b: Flutter Mane|Flutter Mane, L50|100\/100\n|-enditem|p1b: Flutter Mane|Booster Energy\n|-activate|p1b: Flutter Mane|ability: Protosynthesis|[fromitem]\n|-start|p1b: Flutter Mane|protosynthesisspa\n|turn|6\n|\n|t:|1683713726\n|move|p1b: Flutter Mane|Protect|p1b: Flutter Mane\n|-singleturn|p1b: Flutter Mane|Protect\n|move|p1a: Bronzong|Protect|p1a: Bronzong\n|-singleturn|p1a: Bronzong|Protect\n|move|p2a: Dragapult|U-turn|p1b: Flutter Mane\n|-activate|p1b: Flutter Mane|move: Protect\n|move|p2b: Iron Hands|Wild Charge|p1b: Flutter Mane\n|-activate|p1b: Flutter Mane|move: Protect\n|\n|-heal|p1a: Bronzong|52\/100|[from] item: Leftovers\n|upkeep\n|turn|7\n|inactive|lolitoenpoke has 30 seconds left.\n|\n|t:|1683713751\n|move|p2a: Dragapult|U-turn|p1b: Flutter Mane\n|-resisted|p1b: Flutter Mane\n|-damage|p1b: Flutter Mane|82\/100\n|\n|t:|1683713754\n|switch|p2a: Chien-Pao|Chien-Pao, L50|100\/100|[from] U-turn\n|-ability|p2a: Chien-Pao|Sword of Ruin\n|move|p1b: Flutter Mane|Dazzling Gleam|p2b: Iron Hands|[spread] p2a,p2b\n|-supereffective|p2a: Chien-Pao\n|-supereffective|p2b: Iron Hands\n|-enditem|p2a: Chien-Pao|Focus Sash\n|-damage|p2a: Chien-Pao|1\/100\n|-damage|p2b: Iron Hands|40\/100\n|move|p2b: Iron Hands|Wild Charge|p1b: Flutter Mane\n|-damage|p1b: Flutter Mane|0 fnt\n|faint|p1b: Flutter Mane\n|-end|p1b: Flutter Mane|Protosynthesis|[silent]\n|-damage|p2b: Iron Hands|28\/100|[from] Recoil\n|move|p1a: Bronzong|Body Press|p2a: Chien-Pao\n|-supereffective|p2a: Chien-Pao\n|-damage|p2a: Chien-Pao|0 fnt\n|faint|p2a: Chien-Pao\n|\n|-heal|p1a: Bronzong|58\/100|[from] item: Leftovers\n|upkeep\n|\n|t:|1683713772\n|switch|p2a: Dragapult|Dragapult, L50, M, tera:Dragon|24\/100\n|switch|p1b: Dragonite|Dragonite, L50, F, tera:Flying|71\/100 brn\n|turn|8\n|inactive|lolitoenpoke has 30 seconds left.\n|inactive|lolitoenpoke has 20 seconds left.\n|\n|t:|1683713810\n|move|p1b: Dragonite|Extreme Speed|p2a: Dragapult\n|-damage|p2a: Dragapult|0 fnt\n|faint|p2a: Dragapult\n|move|p2b: Iron Hands|Wild Charge|p1b: Dragonite\n|-supereffective|p1b: Dragonite\n|-damage|p1b: Dragonite|0 fnt\n|faint|p1b: Dragonite\n|-damage|p2b: Iron Hands|13\/100|[from] Recoil\n|move|p1a: Bronzong|Body Press|p2b: Iron Hands\n|-damage|p2b: Iron Hands|0 fnt\n|faint|p2b: Iron Hands\n|-end|p2b: Iron Hands|Quark Drive|[silent]\n|\n|win|Karajony\n|raw|Karajony's rating: 1398 → 1422<\/strong> (+24 for winning)\n|raw|lolitoenpoke's rating: 1474 → 1450<\/strong> (-24 for losing)\n|l|\u2606lolitoenpoke\n||Ladder isn't responding, score probably updated but might not have (Request timeout).\n","uploadtime":1683714759,"views":14,"p1id":"karajony","p2id":"lolitoenpoke","formatid":"gen9vgc2023regulationc","rating":1422,"private":0,"password":""}