{"id":"gen9vgc2023regulationc-1849688296","p1":"Peripuff","p2":"William7414","format":"[Gen 9] VGC 2023 Regulation C","log":"|j|\u2606Peripuff\n|j|\u2606William7414\n|t:|1682232647\n|gametype|doubles\n|player|p1|Peripuff|bianca|1045\n|player|p2|William7414|iono|1000\n|teamsize|p1|6\n|teamsize|p2|6\n|gen|9\n|tier|[Gen 9] VGC 2023 Regulation C\n|rated|\n|rule|Species Clause: Limit one of each Pok\u00e9mon\n|rule|Item Clause: Limit one of each item\n|clearpoke\n|poke|p1|Maushold-Four, L50|\n|poke|p1|Annihilape, L50, F|\n|poke|p1|Iron Bundle, L50|\n|poke|p1|Flutter Mane, L50|\n|poke|p1|Chi-Yu, L50|\n|poke|p1|Amoonguss, L50, F|\n|poke|p2|Ting-Lu, L50|\n|poke|p2|Flutter Mane, L50|\n|poke|p2|Dondozo, L50, M|\n|poke|p2|Tatsugiri, L50, M|\n|poke|p2|Amoonguss, L50, M|\n|poke|p2|Quaquaval, L50, M|\n|teampreview|4\n|\n|t:|1682232691\n|start\n|switch|p1a: Wooper's frien :)|Iron Bundle, L50|100\/100\n|switch|p1b: tired misdreavus|Flutter Mane, L50|100\/100\n|switch|p2a: Ting-Lu|Ting-Lu, L50|100\/100\n|switch|p2b: Amoonguss|Amoonguss, L50, M|100\/100\n|-ability|p2a: Ting-Lu|Vessel of Ruin\n|-enditem|p1a: Wooper's frien :)|Booster Energy\n|-activate|p1a: Wooper's frien :)|ability: Quark Drive|[fromitem]\n|-start|p1a: Wooper's frien :)|quarkdrivespe\n|turn|1\n|inactive|Battle timer is ON: inactive players will automatically lose when time's up. (requested by William7414)\n|\n|t:|1682232751\n|-terastallize|p1b: tired misdreavus|Fairy\n|move|p2b: Amoonguss|Rage Powder|p2b: Amoonguss\n|-singleturn|p2b: Amoonguss|move: Rage Powder\n|move|p1a: Wooper's frien :)|Freeze-Dry|p2b: Amoonguss\n|-supereffective|p2b: Amoonguss\n|-damage|p2b: Amoonguss|48\/100\n|move|p1b: tired misdreavus|Moonblast|p2b: Amoonguss\n|-resisted|p2b: Amoonguss\n|-damage|p2b: Amoonguss|15\/100\n|move|p2a: Ting-Lu|Fissure|p1b: tired misdreavus\n|-damage|p1b: tired misdreavus|0 fnt\n|faint|p1b: tired misdreavus\n|-end|p1b: tired misdreavus|Protosynthesis|[silent]\n|-ohko\n|\n|-heal|p2b: Amoonguss|20\/100|[from] item: Black Sludge\n|upkeep\n|\n|t:|1682232770\n|switch|p1b: Ungaboongus|Amoonguss, L50, F|100\/100\n|turn|2\n|inactive|Peripuff has 30 seconds left.\n|inactive|William7414 has 30 seconds left.\n|inactive|Peripuff has 20 seconds left.\n|inactive|William7414 has 20 seconds left.\n|\n|t:|1682232814\n|move|p2b: Amoonguss|Rage Powder|p2b: Amoonguss\n|-singleturn|p2b: Amoonguss|move: Rage Powder\n|move|p1a: Wooper's frien :)|Freeze-Dry|p2b: Amoonguss\n|-supereffective|p2b: Amoonguss\n|-damage|p2b: Amoonguss|0 fnt\n|faint|p2b: Amoonguss\n|move|p2a: Ting-Lu|Body Press|p1a: Wooper's frien :)\n|-supereffective|p1a: Wooper's frien :)\n|-damage|p1a: Wooper's frien :)|44\/100\n|move|p1b: Ungaboongus|Spore|p2a: Ting-Lu\n|-status|p2a: Ting-Lu|slp|[from] move: Spore\n|\n|upkeep\n|\n|t:|1682232833\n|switch|p2b: Flutter Mane|Flutter Mane, L50|100\/100\n|-enditem|p2b: Flutter Mane|Booster Energy\n|-activate|p2b: Flutter Mane|ability: Protosynthesis|[fromitem]\n|-start|p2b: Flutter Mane|protosynthesisspe\n|turn|3\n|inactive|Peripuff has 30 seconds left.\n|inactive|Peripuff has 20 seconds left.\n|inactive|Peripuff has 15 seconds left.\n|inactive|Peripuff has 10 seconds left.\n|inactive|Peripuff has 5 seconds left.\n|\n|t:|1682232888\n|move|p1a: Wooper's frien :)|Hydro Pump|p2b: Flutter Mane\n|-damage|p2b: Flutter Mane|60\/100\n|move|p2b: Flutter Mane|Dazzling Gleam|p1b: Ungaboongus|[spread] p1a,p1b\n|-resisted|p1b: Ungaboongus\n|-damage|p1a: Wooper's frien :)|0 fnt\n|-damage|p1b: Ungaboongus|90\/100\n|faint|p1a: Wooper's frien :)\n|-end|p1a: Wooper's frien :)|Quark Drive|[silent]\n|cant|p2a: Ting-Lu|slp\n|move|p1b: Ungaboongus|Spore|p2a: Ting-Lu\n|-fail|p2a: Ting-Lu|slp\n|\n|upkeep\n|inactive|Peripuff has 30 seconds left.\n|inactive|Peripuff has 20 seconds left.\n|inactive|Peripuff has 15 seconds left.\n|inactive|Peripuff has 10 seconds left.\n|inactive|Peripuff has 5 seconds left.\n|\n|t:|1682232943\n|switch|p1a: fish|Chi-Yu, L50|100\/100\n|-ability|p1a: fish|Beads of Ruin\n|turn|4\n|inactive|Peripuff has 30 seconds left.\n|inactive|Peripuff has 20 seconds left.\n|inactive|Peripuff has 15 seconds left.\n|inactive|Peripuff has 10 seconds left.\n|inactive|Peripuff has 5 seconds left.\n|\n|t:|1682232994\n|move|p2b: Flutter Mane|Mystical Fire|p1b: Ungaboongus\n|-supereffective|p1b: Ungaboongus\n|-damage|p1b: Ungaboongus|48\/100\n|-unboost|p1b: Ungaboongus|spa|1\n|move|p1a: fish|Nasty Plot|p1a: fish\n|-boost|p1a: fish|spa|2\n|cant|p2a: Ting-Lu|slp\n|move|p1b: Ungaboongus|Clear Smog|p2b: Flutter Mane\n|-damage|p2b: Flutter Mane|49\/100\n|-clearboost|p2b: Flutter Mane\n|\n|upkeep\n|turn|5\n|inactive|Peripuff has 30 seconds left.\n|inactive|William7414 has 30 seconds left.\n|inactive|William7414 has 20 seconds left.\n|\n|t:|1682233030\n|move|p2b: Flutter Mane|Dazzling Gleam|p1a: fish|[spread] p1a,p1b\n|-resisted|p1b: Ungaboongus\n|-crit|p1b: Ungaboongus\n|-damage|p1a: fish|71\/100\n|-damage|p1b: Ungaboongus|27\/100\n|move|p1a: fish|Heat Wave|p2b: Flutter Mane|[spread] p2a,p2b\n|-damage|p2a: Ting-Lu|71\/100 slp\n|-damage|p2b: Flutter Mane|0 fnt\n|faint|p2b: Flutter Mane\n|-end|p2b: Flutter Mane|Protosynthesis|[silent]\n|-curestatus|p2a: Ting-Lu|slp|[msg]\n|move|p2a: Ting-Lu|Fissure|p1a: fish|[miss]\n|-miss|p2a: Ting-Lu|p1a: fish\n|move|p1b: Ungaboongus|Pollen Puff|p1a: fish\n|-heal|p1a: fish|100\/100\n|\n|upkeep\n|\n|t:|1682233040\n|switch|p2b: Quaquaval|Quaquaval, L50, M|100\/100\n|turn|6\n|inactive|William7414 has 30 seconds left.\n|inactive|William7414 has 20 seconds left.\n|inactive|William7414 has 15 seconds left.\n|inactive|Peripuff has 30 seconds left.\n|inactive|William7414 has 10 seconds left.\n|\n|t:|1682233091\n|-terastallize|p2b: Quaquaval|Water\n|move|p1b: Ungaboongus|Rage Powder|p1b: Ungaboongus\n|-singleturn|p1b: Ungaboongus|move: Rage Powder\n|move|p2b: Quaquaval|Aqua Jet|p1b: Ungaboongus\n|-resisted|p1b: Ungaboongus\n|-damage|p1b: Ungaboongus|15\/100\n|-damage|p2b: Quaquaval|84\/100|[from] item: Rocky Helmet|[of] p1b: Ungaboongus\n|move|p1a: fish|Nasty Plot|p1a: fish\n|-boost|p1a: fish|spa|2\n|move|p2a: Ting-Lu|Stomping Tantrum|p1b: Ungaboongus\n|-damage|p1b: Ungaboongus|0 fnt\n|-damage|p2a: Ting-Lu|55\/100|[from] item: Rocky Helmet|[of] p1b: Ungaboongus\n|faint|p1b: Ungaboongus\n|\n|upkeep\n|turn|7\n|inactive|Peripuff has 30 seconds left.\n|inactive|Peripuff has 20 seconds left.\n|inactive|Peripuff has 15 seconds left.\n|\n|t:|1682233134\n|move|p1a: fish|Heat Wave|p2b: Quaquaval|[spread] p2a,p2b\n|-resisted|p2b: Quaquaval\n|-damage|p2a: Ting-Lu|16\/100\n|-damage|p2b: Quaquaval|9\/100\n|move|p2b: Quaquaval|Aqua Step|p1a: fish\n|-supereffective|p1a: fish\n|-enditem|p1a: fish|Focus Sash\n|-damage|p1a: fish|1\/100\n|-boost|p2b: Quaquaval|spe|1\n|move|p2a: Ting-Lu|Fissure|p1a: fish\n|-damage|p1a: fish|0 fnt\n|faint|p1a: fish\n|-ohko\n|\n|win|William7414\n|raw|Peripuff's rating: 1045 → 1026<\/strong> (-19 for losing)\n|raw|William7414's rating: 1000 → 1045<\/strong> (+45 for winning)\n|l|\u2606William7414\n","uploadtime":1682233160,"views":14,"p1id":"peripuff","p2id":"william7414","formatid":"gen9vgc2023regulationc","rating":1026,"private":0,"password":""}