{"id":"gen9vgc2023regulationc-1857708966","p1":"myselfkula","p2":"Fourhanded451","format":"[Gen 9] VGC 2023 Regulation C","log":"|j|\u2606myselfkula\n|j|\u2606Fourhanded451\n|t:|1683224435\n|gametype|doubles\n|player|p1|myselfkula|101|1245\n|player|p2|Fourhanded451|medium|1194\n|teamsize|p1|6\n|teamsize|p2|6\n|gen|9\n|tier|[Gen 9] VGC 2023 Regulation C\n|rated|\n|rule|Species Clause: Limit one of each Pok\u00e9mon\n|rule|Item Clause: Limit one of each item\n|clearpoke\n|poke|p1|Annihilape, L50, F|\n|poke|p1|Tyranitar, L50, F|\n|poke|p1|Ting-Lu, L50|\n|poke|p1|Amoonguss, L50, M|\n|poke|p1|Maushold, L50|\n|poke|p1|Lycanroc, L50, M|\n|poke|p2|Ting-Lu, L50|\n|poke|p2|Vivillon-River, L50, F|\n|poke|p2|Iron Bundle, L50|\n|poke|p2|Flutter Mane, L50|\n|poke|p2|Chi-Yu, L50|\n|poke|p2|Murkrow, L50, M|\n|teampreview|4\n|inactive|Battle timer is ON: inactive players will automatically lose when time's up. (requested by Fourhanded451)\n|inactive|myselfkula has 60 seconds left.\n|inactive|Fourhanded451 has 60 seconds left.\n|\n|t:|1683224472\n|start\n|switch|p1a: Lycanroc|Lycanroc, L50, M|100\/100\n|switch|p1b: Annihilape|Annihilape, L50, F|100\/100\n|switch|p2a: Vivillon|Vivillon-River, L50, F|100\/100\n|switch|p2b: Ting-Lu|Ting-Lu, L50|100\/100\n|-ability|p2b: Ting-Lu|Vessel of Ruin\n|turn|1\n|inactive|myselfkula has 30 seconds left.\n|inactive|Fourhanded451 has 30 seconds left.\n|inactive|myselfkula has 20 seconds left.\n|\n|t:|1683224512\n|-terastallize|p2b: Ting-Lu|Ground\n|move|p1a: Lycanroc|Protect|p1a: Lycanroc\n|-singleturn|p1a: Lycanroc|Protect\n|move|p2a: Vivillon|Protect|p2a: Vivillon\n|-singleturn|p2a: Vivillon|Protect\n|move|p1b: Annihilape|Bulk Up|p1b: Annihilape\n|-boost|p1b: Annihilape|atk|1\n|-boost|p1b: Annihilape|def|1\n|move|p2b: Ting-Lu|Earthquake|p1b: Annihilape|[spread] p1b\n|-activate|p2a: Vivillon|move: Protect\n|-activate|p1a: Lycanroc|move: Protect\n|-damage|p1b: Annihilape|53\/100\n|\n|-heal|p1b: Annihilape|59\/100|[from] item: Leftovers\n|upkeep\n|turn|2\n|inactive|myselfkula has 30 seconds left.\n|inactive|myselfkula has 20 seconds left.\n|\n|t:|1683224551\n|move|p1a: Lycanroc|Rock Slide|p2b: Ting-Lu|[spread] p2a,p2b\n|-supereffective|p2a: Vivillon\n|-resisted|p2b: Ting-Lu\n|-enditem|p2a: Vivillon|Focus Sash\n|-damage|p2a: Vivillon|1\/100\n|-damage|p2b: Ting-Lu|93\/100\n|move|p1b: Annihilape|Drain Punch|p2b: Ting-Lu\n|-damage|p2b: Ting-Lu|69\/100\n|-heal|p1b: Annihilape|74\/100|[from] drain|[of] p2b: Ting-Lu\n|move|p2a: Vivillon|Pollen Puff|p2b: Ting-Lu\n|-heal|p2b: Ting-Lu|100\/100\n|cant|p2b: Ting-Lu|flinch\n|\n|-heal|p1b: Annihilape|80\/100|[from] item: Leftovers\n|upkeep\n|turn|3\n|inactive|myselfkula has 30 seconds left.\n|inactive|myselfkula has 20 seconds left.\n|inactive|myselfkula has 15 seconds left.\n|\n|t:|1683224591\n|move|p2a: Vivillon|Protect|p2a: Vivillon\n|-singleturn|p2a: Vivillon|Protect\n|move|p1a: Lycanroc|Rock Slide|p2b: Ting-Lu|[spread] p2b\n|-activate|p2a: Vivillon|move: Protect\n|-resisted|p2b: Ting-Lu\n|-damage|p2b: Ting-Lu|92\/100\n|move|p1b: Annihilape|Bulk Up|p1b: Annihilape\n|-boost|p1b: Annihilape|atk|1\n|-boost|p1b: Annihilape|def|1\n|cant|p2b: Ting-Lu|flinch\n|\n|-heal|p1b: Annihilape|86\/100|[from] item: Leftovers\n|upkeep\n|turn|4\n|inactive|myselfkula has 30 seconds left.\n|\n|t:|1683224618\n|move|p1a: Lycanroc|Rock Slide|p2b: Ting-Lu|[spread] p2a,p2b\n|-supereffective|p2a: Vivillon\n|-resisted|p2b: Ting-Lu\n|-damage|p2a: Vivillon|0 fnt\n|-damage|p2b: Ting-Lu|84\/100\n|faint|p2a: Vivillon\n|move|p1b: Annihilape|Drain Punch|p2b: Ting-Lu\n|-damage|p2b: Ting-Lu|50\/100\n|-heal|p1b: Annihilape|100\/100|[from] drain|[of] p2b: Ting-Lu\n|cant|p2b: Ting-Lu|flinch\n|\n|upkeep\n|\n|t:|1683224629\n|switch|p2a: Iron Bundle|Iron Bundle, L50|100\/100\n|-enditem|p2a: Iron Bundle|Booster Energy\n|-activate|p2a: Iron Bundle|ability: Quark Drive|[fromitem]\n|-start|p2a: Iron Bundle|quarkdrivespe\n|turn|5\n|inactive|myselfkula has 30 seconds left.\n|\n|t:|1683224654\n|switch|p2b: Flutter Mane|Flutter Mane, L50|100\/100\n|move|p2a: Iron Bundle|Hydro Pump|p1a: Lycanroc\n|-supereffective|p1a: Lycanroc\n|-enditem|p1a: Lycanroc|Focus Sash\n|-damage|p1a: Lycanroc|1\/100\n|move|p1a: Lycanroc|Endeavor|p2a: Iron Bundle\n|-damage|p2a: Iron Bundle|1\/100\n|move|p1b: Annihilape|Drain Punch|p2b: Flutter Mane\n|-immune|p2b: Flutter Mane\n|\n|upkeep\n|turn|6\n|inactive|Fourhanded451 has 30 seconds left.\n|\n|t:|1683224685\n|switch|p1b: Tyranitar|Tyranitar, L50, F|100\/100\n|-weather|Sandstorm|[from] ability: Sand Stream|[of] p1b: Tyranitar\n|move|p1a: Lycanroc|Rock Slide|p2a: Iron Bundle|[spread] p2b\n|-miss|p1a: Lycanroc|p2a: Iron Bundle\n|-damage|p2b: Flutter Mane|39\/100\n|move|p2a: Iron Bundle|Icy Wind|p1a: Lycanroc|[spread] p1a,p1b\n|-crit|p1a: Lycanroc\n|-damage|p1a: Lycanroc|0 fnt\n|-damage|p1b: Tyranitar|90\/100\n|-unboost|p1b: Tyranitar|spe|1\n|faint|p1a: Lycanroc\n|move|p2b: Flutter Mane|Dazzling Gleam|p1b: Tyranitar\n|-supereffective|p1b: Tyranitar\n|-damage|p1b: Tyranitar|11\/100\n|\n|-weather|Sandstorm|[upkeep]\n|-damage|p2a: Iron Bundle|0 fnt|[from] Sandstorm\n|-damage|p2b: Flutter Mane|33\/100|[from] Sandstorm\n|faint|p2a: Iron Bundle\n|-end|p2a: Iron Bundle|Quark Drive|[silent]\n|upkeep\n|\n|t:|1683224706\n|switch|p2a: Ting-Lu|Ting-Lu, L50, tera:Ground|50\/100\n|switch|p1a: Annihilape|Annihilape, L50, F|100\/100\n|-ability|p2a: Ting-Lu|Vessel of Ruin\n|turn|7\n|inactive|myselfkula has 30 seconds left.\n|\n|t:|1683224732\n|move|p1a: Annihilape|Protect|p1a: Annihilape\n|-singleturn|p1a: Annihilape|Protect\n|move|p2b: Flutter Mane|Dazzling Gleam|p1a: Annihilape|[spread] p1b\n|-activate|p1a: Annihilape|move: Protect\n|-supereffective|p1b: Tyranitar\n|-damage|p1b: Tyranitar|0 fnt\n|faint|p1b: Tyranitar\n|move|p2a: Ting-Lu|Rock Slide|p1a: Annihilape\n|-activate|p1a: Annihilape|move: Protect\n|\n|-weather|Sandstorm|[upkeep]\n|-damage|p2b: Flutter Mane|26\/100|[from] Sandstorm\n|-damage|p1a: Annihilape|94\/100|[from] Sandstorm\n|-heal|p1a: Annihilape|100\/100|[from] item: Leftovers\n|upkeep\n|\n|t:|1683224744\n|switch|p1b: Maushold|Maushold, L50|100\/100\n|turn|8\n|\n|t:|1683224760\n|-terastallize|p1a: Annihilape|Fire\n|move|p2b: Flutter Mane|Dazzling Gleam|p1b: Maushold|[spread] p1a,p1b\n|-resisted|p1a: Annihilape\n|-damage|p1a: Annihilape|89\/100\n|-damage|p1b: Maushold|62\/100\n|move|p1b: Maushold|Beat Up|p1a: Annihilape\n|-damage|p1a: Annihilape|87\/100\n|-damage|p1a: Annihilape|85\/100\n|-hitcount|p1a: Annihilape|2\n|move|p1a: Annihilape|Rage Fist|p2a: Ting-Lu\n|-damage|p2a: Ting-Lu|0 fnt\n|faint|p2a: Ting-Lu\n|\n|-weather|Sandstorm|[upkeep]\n|-damage|p2b: Flutter Mane|20\/100|[from] Sandstorm\n|-damage|p1a: Annihilape|79\/100|[from] Sandstorm\n|-heal|p1a: Annihilape|85\/100|[from] item: Leftovers\n|upkeep\n|turn|9\n|\n|t:|1683224778\n|move|p2b: Flutter Mane|Dazzling Gleam|p1b: Maushold|[spread] p1a,p1b\n|-resisted|p1a: Annihilape\n|-damage|p1a: Annihilape|70\/100\n|-damage|p1b: Maushold|9\/100\n|move|p1b: Maushold|Beat Up|p2b: Flutter Mane\n|-damage|p2b: Flutter Mane|14\/100\n|-damage|p2b: Flutter Mane|10\/100\n|-hitcount|p2b: Flutter Mane|2\n|move|p1a: Annihilape|Rage Fist|p2b: Flutter Mane\n|-supereffective|p2b: Flutter Mane\n|-damage|p2b: Flutter Mane|0 fnt\n|faint|p2b: Flutter Mane\n|-end|p2b: Flutter Mane|Protosynthesis|[silent]\n|\n|win|myselfkula\n|raw|myselfkula's rating: 1245 → 1266<\/strong> (+21 for winning)\n|raw|Fourhanded451's rating: 1194 → 1173<\/strong> (-21 for losing)\n|l|\u2606Fourhanded451\n","uploadtime":1683224800,"views":10,"p1id":"myselfkula","p2id":"fourhanded451","formatid":"gen9vgc2023regulationc","rating":1173,"private":0,"password":""}