{"id":"gen9vgc2023regulationc-1861915479","p1":"Ciq108","p2":"Kavchi","format":"[Gen 9] VGC 2023 Regulation C","log":"|j|\u2606Ciq108\n|j|\u2606Kavchi\n|t:|1683820429\n|gametype|doubles\n|player|p1|Ciq108|102|\n|player|p2|Kavchi|169|\n|teamsize|p1|6\n|teamsize|p2|6\n|gen|9\n|tier|[Gen 9] VGC 2023 Regulation C\n|rule|Tera Type Preview: Tera Types are shown at Team Preview\n|rule|Species Clause: Limit one of each Pok\u00e9mon\n|rule|Item Clause: Limit one of each item\n|clearpoke\n|poke|p1|Gholdengo, L50|\n|poke|p1|Tatsugiri-Stretchy, L50, M|\n|poke|p1|Dondozo, L50, M|\n|poke|p1|Talonflame, L50, F|\n|poke|p1|Garchomp, L50, F|\n|poke|p1|Garganacl, L50, F|\n|poke|p2|Volcarona, L50, F|\n|poke|p2|Gyarados, L50, M|\n|poke|p2|Flutter Mane, L50|\n|poke|p2|Roaring Moon, L50|\n|poke|p2|Breloom, L50, F|\n|poke|p2|Dragonite, L50, F|\n|teampreview|4\n|raw|Ciq108's Tera Types: \/ \/ \/ \/ \/ \n|raw|Kavchi's Tera Types: \/ \/ \/ \/ \/ \n|c|\u2606Kavchi|accept other 2\n|c|\u2606Ciq108|G2\n|l|\u2606Kavchi\n|player|p2|\n|c|\u2606Ciq108|Glhf\n|j|\u2606Kavchi\n|player|p2|Kavchi|169\n|j| Clas\n|c|\u2606Kavchi|Glhf!\n|\n|t:|1683820983\n|start\n|switch|p1a: Talonflame|Talonflame, L50, F|100\/100\n|switch|p1b: Gholdengo|Gholdengo, L50|100\/100\n|switch|p2a: Volcarona|Volcarona, L50, F|100\/100\n|switch|p2b: Gyarados|Gyarados, L50, M|100\/100\n|-ability|p2b: Gyarados|Intimidate|boost\n|-unboost|p1a: Talonflame|atk|1\n|-unboost|p1b: Gholdengo|atk|1\n|turn|1\n|\n|t:|1683821030\n|-terastallize|p2b: Gyarados|Ground\n|move|p1a: Talonflame|Tailwind|p1a: Talonflame\n|-sidestart|p1: Ciq108|move: Tailwind\n|move|p1b: Gholdengo|Power Gem|p2a: Volcarona\n|-supereffective|p2a: Volcarona\n|-damage|p2a: Volcarona|0 fnt\n|faint|p2a: Volcarona\n|move|p2b: Gyarados|Waterfall|p1b: Gholdengo\n|-damage|p1b: Gholdengo|57\/100\n|\n|upkeep\n|\n|t:|1683821040\n|switch|p2a: Roaring Moon|Roaring Moon, L50|100\/100\n|-enditem|p2a: Roaring Moon|Booster Energy\n|-activate|p2a: Roaring Moon|ability: Protosynthesis|[fromitem]\n|-start|p2a: Roaring Moon|protosynthesisspe\n|turn|2\n|\n|t:|1683821050\n|-terastallize|p1b: Gholdengo|Fairy\n|move|p2b: Gyarados|Protect|p2b: Gyarados\n|-singleturn|p2b: Gyarados|Protect\n|move|p1a: Talonflame|Will-O-Wisp|p2b: Gyarados\n|-activate|p2b: Gyarados|move: Protect\n|move|p2a: Roaring Moon|Crunch|p1b: Gholdengo\n|-resisted|p1b: Gholdengo\n|-damage|p1b: Gholdengo|32\/100\n|-unboost|p1b: Gholdengo|def|1\n|move|p1b: Gholdengo|Dazzling Gleam|p2a: Roaring Moon|[spread] p2a\n|-activate|p2b: Gyarados|move: Protect\n|-supereffective|p2a: Roaring Moon\n|-damage|p2a: Roaring Moon|0 fnt\n|faint|p2a: Roaring Moon\n|-end|p2a: Roaring Moon|Protosynthesis|[silent]\n|\n|upkeep\n|\n|t:|1683821065\n|switch|p2a: Flutter Mane|Flutter Mane, L50|100\/100\n|turn|3\n|\n|t:|1683821079\n|switch|p1b: Dondozo|Dondozo, L50, M|100\/100\n|move|p1a: Talonflame|Will-O-Wisp|p2b: Gyarados\n|-status|p2b: Gyarados|brn\n|move|p2a: Flutter Mane|Dazzling Gleam|p1a: Talonflame|[spread] p1a,p1b\n|-resisted|p1a: Talonflame\n|-damage|p1a: Talonflame|79\/100\n|-damage|p1b: Dondozo|73\/100\n|move|p2b: Gyarados|Waterfall|p1a: Talonflame\n|-supereffective|p1a: Talonflame\n|-damage|p1a: Talonflame|9\/100\n|\n|-damage|p2b: Gyarados|95\/100 brn|[from] brn\n|upkeep\n|turn|4\n|\n|t:|1683821110\n|switch|p1a: Tatsugiri|Tatsugiri-Stretchy, L50, M|100\/100\n|-activate|p1a: Tatsugiri|ability: Commander|[of] p1b: Dondozo\n|-boost|p1b: Dondozo|atk|2\n|-boost|p1b: Dondozo|spa|2\n|-boost|p1b: Dondozo|spe|2\n|-boost|p1b: Dondozo|def|2\n|-boost|p1b: Dondozo|spd|2\n|move|p2b: Gyarados|Protect|p2b: Gyarados\n|-singleturn|p2b: Gyarados|Protect\n|move|p1b: Dondozo|Wave Crash|p2a: Flutter Mane\n|-damage|p2a: Flutter Mane|0 fnt\n|faint|p2a: Flutter Mane\n|-end|p2a: Flutter Mane|Protosynthesis|[silent]\n|-damage|p1b: Dondozo|51\/100|[from] Recoil\n|\n|-damage|p2b: Gyarados|89\/100 brn|[from] brn\n|-sideend|p1: Ciq108|move: Tailwind\n|upkeep\n|turn|5\n|\n|t:|1683821127\n|move|p1b: Dondozo|Wave Crash|p2b: Gyarados\n|-supereffective|p2b: Gyarados\n|-damage|p2b: Gyarados|0 fnt\n|faint|p2b: Gyarados\n|-damage|p1b: Dondozo|30\/100|[from] Recoil\n|\n|win|Ciq108\n|c|\u2606Ciq108|Ggs\n","uploadtime":1683821137,"views":16,"p1id":"ciq108","p2id":"kavchi","formatid":"gen9vgc2023regulationc","rating":0,"private":0,"password":""}