{"id":"gen9vgc2023regulationc-1854916581","p1":"ironhandsfanacct","p2":"BodaciousBulbasaur","format":"[Gen 9] VGC 2023 Regulation C","log":"|j|\u2606ironhandsfanacct\n|j|\u2606BodaciousBulbasaur\n|t:|1682880470\n|gametype|doubles\n|player|p1|ironhandsfanacct|iris-gen5bw2|\n|player|p2|BodaciousBulbasaur|acetrainerf-gen4dp|\n|teamsize|p1|6\n|teamsize|p2|6\n|gen|9\n|tier|[Gen 9] VGC 2023 Regulation C\n|rule|Species Clause: Limit one of each Pok\u00e9mon\n|rule|Item Clause: Limit one of each item\n|clearpoke\n|poke|p1|Palafin, L50, F|\n|poke|p1|Pelipper, L50, M|\n|poke|p1|Bisharp, L50, F|\n|poke|p1|Glimmora, L50, F|\n|poke|p1|Breloom, L50, F|\n|poke|p1|Magnezone, L50|\n|poke|p2|Dragonite, L50, F|\n|poke|p2|Scream Tail, L50|\n|poke|p2|Tauros-Paldea-Aqua, L50, M|\n|poke|p2|Houndoom, L50, F|\n|poke|p2|Rotom-Wash, L50|\n|poke|p2|Vivillon-Fancy, L50, M|\n|teampreview|4\n|c|\u2606BodaciousBulbasaur|G1\n|c|\u2606ironhandsfanacct|do you wanna open all of them?\n|c|\u2606ironhandsfanacct|lol\n|c|\u2606BodaciousBulbasaur|Yeah. That's usually what I do\n|c|\u2606ironhandsfanacct|1 sec its being weird\n|c|\u2606BodaciousBulbasaur|Ah, I see. You made your team as Reg C\n|c|\u2606ironhandsfanacct|oh yeah\n|c|\u2606ironhandsfanacct|r?\n|c|\u2606BodaciousBulbasaur|Ready. GLHF\n|c|\u2606ironhandsfanacct|glhf\n|inactive|Battle timer is ON: inactive players will automatically lose when time's up. (requested by BodaciousBulbasaur)\n|\n|t:|1682880598\n|start\n|switch|p1a: Palafin|Palafin, L50, F, shiny|100\/100\n|switch|p1b: Glimmora|Glimmora, L50, F, shiny|100\/100\n|switch|p2a: Scream Tail|Scream Tail, L50|100\/100\n|switch|p2b: Tauros|Tauros-Paldea-Aqua, L50, M|100\/100\n|-ability|p2b: Tauros|Intimidate|boost\n|-unboost|p1a: Palafin|atk|1\n|-unboost|p1b: Glimmora|atk|1\n|turn|1\n|inactive|ironhandsfanacct has 30 seconds left.\n|inactive|BodaciousBulbasaur has 30 seconds left.\n|\n|t:|1682880628\n|detailschange|p1a: Palafin|Palafin-Hero, L50, F, shiny\n|switch|p1a: Magnezone|Magnezone, L50, shiny|100\/100\n|-terastallize|p1b: Glimmora|Fairy\n|move|p2a: Scream Tail|Protect|p2a: Scream Tail\n|-singleturn|p2a: Scream Tail|Protect\n|move|p2b: Tauros|Protect|p2b: Tauros\n|-singleturn|p2b: Tauros|Protect\n|move|p1b: Glimmora|Energy Ball|p2b: Tauros\n|-activate|p2b: Tauros|move: Protect\n|\n|upkeep\n|turn|2\n|\n|t:|1682880643\n|move|p2a: Scream Tail|Disable|p1b: Glimmora\n|-start|p1b: Glimmora|Disable|Energy Ball\n|move|p2b: Tauros|Stomping Tantrum|p1a: Magnezone\n|-supereffective|p1a: Magnezone\n|-ability|p1a: Magnezone|Sturdy\n|-damage|p1a: Magnezone|1\/100\n|-damage|p2b: Tauros|91\/100|[from] item: Life Orb\n|move|p1b: Glimmora|Earth Power|p2b: Tauros\n|-damage|p2b: Tauros|36\/100\n|move|p1a: Magnezone|Flash Cannon|p2a: Scream Tail\n|-supereffective|p2a: Scream Tail\n|-damage|p2a: Scream Tail|33\/100\n|\n|upkeep\n|turn|3\n|inactive|BodaciousBulbasaur has 30 seconds left.\n|inactive|BodaciousBulbasaur has 20 seconds left.\n|inactive|BodaciousBulbasaur has 15 seconds left.\n|inactive|BodaciousBulbasaur has 10 seconds left.\n|\n|t:|1682880691\n|switch|p1a: Pelipper|Pelipper, L50, M, shiny|100\/100\n|-weather|RainDance|[from] ability: Drizzle|[of] p1a: Pelipper\n|-terastallize|p2a: Scream Tail|Dragon\n|move|p2a: Scream Tail|Protect|p2a: Scream Tail\n|-singleturn|p2a: Scream Tail|Protect\n|move|p2b: Tauros|Stomping Tantrum|p1a: Pelipper\n|-immune|p1a: Pelipper\n|move|p1b: Glimmora|Power Gem|p2a: Scream Tail\n|-activate|p2a: Scream Tail|move: Protect\n|\n|-weather|RainDance|[upkeep]\n|upkeep\n|turn|4\n|inactive|ironhandsfanacct has 30 seconds left.\n|inactive|BodaciousBulbasaur has 30 seconds left.\n|\n|t:|1682880726\n|move|p2a: Scream Tail|Howl|p2a: Scream Tail|[spread] p2a,p2b\n|-boost|p2a: Scream Tail|atk|1\n|-boost|p2b: Tauros|atk|1\n|move|p2b: Tauros|Wild Charge|p1a: Pelipper\n|-supereffective|p1a: Pelipper\n|-enditem|p1a: Pelipper|Focus Sash\n|-damage|p1a: Pelipper|1\/100\n|-damage|p2b: Tauros|8\/100|[from] Recoil\n|-damage|p2b: Tauros|0 fnt|[from] item: Life Orb\n|faint|p2b: Tauros\n|move|p1b: Glimmora|Power Gem|p2a: Scream Tail\n|-damage|p2a: Scream Tail|3\/100\n|move|p1a: Pelipper|Tailwind|p1a: Pelipper\n|-sidestart|p1: ironhandsfanacct|move: Tailwind\n|\n|-weather|RainDance|[upkeep]\n|upkeep\n|\n|t:|1682880742\n|switch|p2b: Rotom|Rotom-Wash, L50|100\/100\n|turn|5\n|\n|t:|1682880765\n|move|p2a: Scream Tail|Protect|p2a: Scream Tail\n|-singleturn|p2a: Scream Tail|Protect\n|move|p1b: Glimmora|Power Gem|p2b: Rotom\n|-damage|p2b: Rotom|64\/100\n|move|p1a: Pelipper|Hurricane|p2a: Scream Tail\n|-activate|p2a: Scream Tail|move: Protect\n|move|p2b: Rotom|Thunderbolt|p1b: Glimmora\n|-damage|p1b: Glimmora|56\/100\n|\n|-weather|RainDance|[upkeep]\n|-end|p1b: Glimmora|Disable\n|upkeep\n|turn|6\n|inactive|BodaciousBulbasaur has 30 seconds left.\n|\n|t:|1682880797\n|move|p1b: Glimmora|Power Gem|p2b: Rotom\n|-damage|p2b: Rotom|27\/100\n|-enditem|p2b: Rotom|Sitrus Berry|[eat]\n|-heal|p2b: Rotom|51\/100|[from] item: Sitrus Berry\n|move|p1a: Pelipper|Hurricane|p2a: Scream Tail\n|-damage|p2a: Scream Tail|0 fnt\n|faint|p2a: Scream Tail\n|-end|p2a: Scream Tail|Protosynthesis|[silent]\n|move|p2b: Rotom|Thunderbolt|p1a: Pelipper\n|-supereffective|p1a: Pelipper\n|-damage|p1a: Pelipper|0 fnt\n|faint|p1a: Pelipper\n|\n|-weather|RainDance|[upkeep]\n|upkeep\n|\n|t:|1682880809\n|switch|p2a: Dragonite|Dragonite, L50, F|100\/100\n|switch|p1a: Palafin|Palafin-Hero, L50, F, shiny|100\/100\n|-activate|p1a: Palafin|ability: Zero to Hero\n|turn|7\n|\n|t:|1682880822\n|move|p2a: Dragonite|Protect|p2a: Dragonite\n|-singleturn|p2a: Dragonite|Protect\n|move|p1a: Palafin|Wave Crash|p2b: Rotom\n|-resisted|p2b: Rotom\n|-damage|p2b: Rotom|0 fnt\n|faint|p2b: Rotom\n|-damage|p1a: Palafin|86\/100|[from] Recoil\n|move|p1b: Glimmora|Power Gem|p2a: Dragonite\n|-activate|p2a: Dragonite|move: Protect\n|\n|-weather|none\n|-sideend|p1: ironhandsfanacct|move: Tailwind\n|upkeep\n|turn|8\n|\n|t:|1682880837\n|move|p1a: Palafin|Wave Crash|p2a: Dragonite\n|-resisted|p2a: Dragonite\n|-damage|p2a: Dragonite|76\/100\n|-damage|p1a: Palafin|77\/100|[from] Recoil\n|move|p1b: Glimmora|Power Gem|p2a: Dragonite\n|-supereffective|p2a: Dragonite\n|-damage|p2a: Dragonite|0 fnt\n|faint|p2a: Dragonite\n|\n|win|ironhandsfanacct\n|c|\u2606ironhandsfanacct|gg\n|c|\u2606BodaciousBulbasaur|GG\n","uploadtime":1682881575,"views":14,"p1id":"ironhandsfanacct","p2id":"bodaciousbulbasaur","formatid":"gen9vgc2023regulationc","rating":0,"private":0,"password":""}