{"id":"gen9vgc2023regulationc-1860866574","p1":"sayo_love","p2":"yungelghonami","format":"[Gen 9] VGC 2023 Regulation C","log":"|j|\u2606sayo_love\n|j|\u2606yungelghonami\n|t:|1683687719\n|gametype|doubles\n|player|p1|sayo_love|266|1211\n|player|p2|yungelghonami|102|1134\n|teamsize|p1|6\n|teamsize|p2|6\n|gen|9\n|tier|[Gen 9] VGC 2023 Regulation C\n|rated|\n|rule|Species Clause: Limit one of each Pok\u00e9mon\n|rule|Item Clause: Limit one of each item\n|clearpoke\n|poke|p1|Gholdengo, L50|\n|poke|p1|Flutter Mane, L50|\n|poke|p1|Chi-Yu, L50|\n|poke|p1|Grimmsnarl, L50, M|\n|poke|p1|Gyarados, L50, M|\n|poke|p1|Amoonguss, L50, M|\n|poke|p2|Abomasnow, L50, M|\n|poke|p2|Scream Tail, L50|\n|poke|p2|Scizor, L50, F|\n|poke|p2|Sandy Shocks, L50|\n|poke|p2|Cetitan, L50, F|\n|poke|p2|Ceruledge, L50, M|\n|teampreview|4\n|\n|t:|1683687759\n|start\n|switch|p1a: Grimmsnarl|Grimmsnarl, L50, M|100\/100\n|switch|p1b: Gholdengo|Gholdengo, L50|100\/100\n|switch|p2a: Abomasnow|Abomasnow, L50, M|100\/100\n|switch|p2b: Scizor|Scizor, L50, F|100\/100\n|-weather|Snow|[from] ability: Snow Warning|[of] p2a: Abomasnow\n|turn|1\n|\n|t:|1683687773\n|move|p2b: Scizor|Bullet Punch|p1a: Grimmsnarl\n|-supereffective|p1a: Grimmsnarl\n|-damage|p1a: Grimmsnarl|0 fnt\n|faint|p1a: Grimmsnarl\n|-damage|p2b: Scizor|91\/100|[from] item: Life Orb\n|move|p1b: Gholdengo|Nasty Plot|p1b: Gholdengo\n|-boost|p1b: Gholdengo|spa|2\n|move|p2a: Abomasnow|Aurora Veil|p2a: Abomasnow\n|-sidestart|p2: yungelghonami|move: Aurora Veil\n|\n|-weather|Snow|[upkeep]\n|upkeep\n|\n|t:|1683687777\n|switch|p1a: Chi-Yu|Chi-Yu, L50|100\/100\n|-ability|p1a: Chi-Yu|Beads of Ruin\n|turn|2\n|\n|t:|1683687797\n|-terastallize|p2b: Scizor|Fire\n|move|p1a: Chi-Yu|Dark Pulse|p2b: Scizor\n|-damage|p2b: Scizor|21\/100\n|move|p1b: Gholdengo|Nasty Plot|p1b: Gholdengo\n|-boost|p1b: Gholdengo|spa|2\n|move|p2b: Scizor|Close Combat|p1a: Chi-Yu\n|-supereffective|p1a: Chi-Yu\n|-damage|p1a: Chi-Yu|0 fnt\n|-unboost|p2b: Scizor|def|1\n|-unboost|p2b: Scizor|spd|1\n|faint|p1a: Chi-Yu\n|-damage|p2b: Scizor|11\/100|[from] item: Life Orb\n|move|p2a: Abomasnow|Blizzard|p1b: Gholdengo\n|-resisted|p1b: Gholdengo\n|-damage|p1b: Gholdengo|79\/100\n|\n|-weather|Snow|[upkeep]\n|-heal|p1b: Gholdengo|85\/100|[from] item: Leftovers\n|upkeep\n|\n|t:|1683687804\n|switch|p1a: Gyarados|Gyarados, L50, M|100\/100\n|-ability|p1a: Gyarados|Intimidate|boost\n|-unboost|p2a: Abomasnow|atk|1\n|-unboost|p2b: Scizor|atk|1\n|turn|3\n|\n|t:|1683687823\n|move|p1b: Gholdengo|Make It Rain|p2a: Abomasnow|[spread] p2a,p2b\n|-supereffective|p2a: Abomasnow\n|-resisted|p2b: Scizor\n|-damage|p2a: Abomasnow|0 fnt\n|-damage|p2b: Scizor|0 fnt\n|-unboost|p1b: Gholdengo|spa|1\n|faint|p2a: Abomasnow\n|faint|p2b: Scizor\n|move|p1a: Gyarados|Waterfall|p2: Abomasnow|[notarget]\n|-fail|p1a: Gyarados\n|\n|-weather|Snow|[upkeep]\n|-heal|p1b: Gholdengo|91\/100|[from] item: Leftovers\n|upkeep\n|\n|t:|1683687840\n|switch|p2b: Sandy Shocks|Sandy Shocks, L50|100\/100\n|switch|p2a: Cetitan|Cetitan, L50, F|100\/100\n|-enditem|p2b: Sandy Shocks|Booster Energy\n|-activate|p2b: Sandy Shocks|ability: Protosynthesis|[fromitem]\n|-start|p2b: Sandy Shocks|protosynthesisspa\n|turn|4\n|\n|t:|1683687864\n|-terastallize|p1a: Gyarados|Grass\n|move|p2a: Cetitan|Ice Spinner|p1a: Gyarados\n|-supereffective|p1a: Gyarados\n|-damage|p1a: Gyarados|13\/100\n|-enditem|p1a: Gyarados|Sitrus Berry|[eat]\n|-heal|p1a: Gyarados|37\/100|[from] item: Sitrus Berry\n|move|p2b: Sandy Shocks|Earth Power|p1b: Gholdengo\n|-supereffective|p1b: Gholdengo\n|-damage|p1b: Gholdengo|0 fnt\n|faint|p1b: Gholdengo\n|move|p1a: Gyarados|Waterfall|p2b: Sandy Shocks\n|-supereffective|p2b: Sandy Shocks\n|-damage|p2b: Sandy Shocks|45\/100\n|\n|-weather|Snow|[upkeep]\n|upkeep\n|turn|5\n|-message|sayo_love forfeited.\n|\n|win|yungelghonami\n|raw|sayo_love's rating: 1211 → 1179<\/strong> (-32 for losing)\n|raw|yungelghonami's rating: 1106 → 1138<\/strong> (+32 for winning)\n|l|\u2606sayo_love\n","uploadtime":1683687891,"views":15,"p1id":"sayolove","p2id":"yungelghonami","formatid":"gen9vgc2023regulationc","rating":1138,"private":0,"password":""}