{"id":"gen9vgc2023regulationc-1852220052","p1":"Polentino","p2":"NoahMP3","format":"[Gen 9] VGC 2023 Regulation C","log":"|j|\u2606Polentino\n|j|\u2606NoahMP3\n|t:|1682534049\n|gametype|doubles\n|player|p1|Polentino|101|1184\n|player|p2|NoahMP3|chuck|1169\n|teamsize|p1|6\n|teamsize|p2|6\n|gen|9\n|tier|[Gen 9] VGC 2023 Regulation C\n|rated|\n|rule|Species Clause: Limit one of each Pok\u00e9mon\n|rule|Item Clause: Limit one of each item\n|clearpoke\n|poke|p1|Pelipper, L50, F|\n|poke|p1|Iron Jugulis, L50|\n|poke|p1|Scizor, L50, M|\n|poke|p1|Farigiraf, L50, F|\n|poke|p1|Sylveon, L50, M|\n|poke|p1|Oranguru, L50, F|\n|poke|p2|Hatterene, L50, F|\n|poke|p2|Indeedee-F, L50, F|\n|poke|p2|Hariyama, L50, M|\n|poke|p2|Oranguru, L50, M|\n|poke|p2|Wo-Chien, L50|\n|poke|p2|Torkoal, L50, M|\n|teampreview|4\n|inactive|Battle timer is ON: inactive players will automatically lose when time's up. (requested by NoahMP3)\n|\n|t:|1682534068\n|start\n|switch|p1a: Sylveon|Sylveon, L50, M, shiny|100\/100\n|switch|p1b: Oranguru|Oranguru, L50, F|100\/100\n|switch|p2a: Hariyama|Hariyama, L50, M|100\/100\n|switch|p2b: Oranguru|Oranguru, L50, M|100\/100\n|turn|1\n|\n|t:|1682534085\n|-terastallize|p1a: Sylveon|Fairy\n|-terastallize|p2a: Hariyama|Steel\n|move|p1a: Sylveon|Hyper Voice|p2a: Hariyama|[spread] p2a,p2b\n|-resisted|p2a: Hariyama\n|-damage|p2a: Hariyama|76\/100\n|-damage|p2b: Oranguru|63\/100\n|-enditem|p1a: Sylveon|Throat Spray\n|-boost|p1a: Sylveon|spa|1|[from] item: Throat Spray\n|move|p1b: Oranguru|Instruct|p1a: Sylveon\n|-singleturn|p1a: Sylveon|move: Instruct|[of] p1b: Oranguru\n|move|p1a: Sylveon|Hyper Voice|p2a: Hariyama|[spread] p2a,p2b\n|-resisted|p2a: Hariyama\n|-damage|p2a: Hariyama|41\/100\n|-damage|p2b: Oranguru|5\/100\n|move|p2b: Oranguru|Instruct||[still]\n|-fail|p2b: Oranguru\n|move|p2a: Hariyama|Heavy Slam|p1a: Sylveon\n|-supereffective|p1a: Sylveon\n|-damage|p1a: Sylveon|0 fnt\n|faint|p1a: Sylveon\n|\n|-status|p2a: Hariyama|brn|[from] item: Flame Orb\n|upkeep\n|\n|t:|1682534106\n|switch|p1a: Scizor|Scizor, L50, M|100\/100\n|turn|2\n|\n|t:|1682534116\n|switch|p2b: Torkoal|Torkoal, L50, M|100\/100\n|-weather|SunnyDay|[from] ability: Drought|[of] p2b: Torkoal\n|move|p1a: Scizor|Bullet Punch|p2b: Torkoal\n|-resisted|p2b: Torkoal\n|-damage|p2b: Torkoal|86\/100\n|move|p1b: Oranguru|Instruct|p1a: Scizor\n|-singleturn|p1a: Scizor|move: Instruct|[of] p1b: Oranguru\n|move|p1a: Scizor|Bullet Punch|p2b: Torkoal\n|-resisted|p2b: Torkoal\n|-damage|p2b: Torkoal|72\/100\n|move|p2a: Hariyama|Close Combat|p1a: Scizor\n|-damage|p1a: Scizor|68\/100\n|-unboost|p2a: Hariyama|def|1\n|-unboost|p2a: Hariyama|spd|1\n|\n|-weather|SunnyDay|[upkeep]\n|-damage|p2a: Hariyama|35\/100 brn|[from] brn\n|upkeep\n|turn|3\n|\n|t:|1682534132\n|switch|p1b: Pelipper|Pelipper, L50, F|100\/100\n|-weather|RainDance|[from] ability: Drizzle|[of] p1b: Pelipper\n|switch|p2a: Oranguru|Oranguru, L50, M|5\/100\n|move|p1a: Scizor|Trailblaze|p2a: Oranguru\n|-damage|p2a: Oranguru|0 fnt\n|-boost|p1a: Scizor|spe|1\n|faint|p2a: Oranguru\n|move|p2b: Torkoal|Heat Wave|p1a: Scizor|[spread] p1a,p1b\n|-supereffective|p1a: Scizor\n|-resisted|p1b: Pelipper\n|-damage|p1a: Scizor|0 fnt\n|-damage|p1b: Pelipper|88\/100\n|faint|p1a: Scizor\n|\n|-weather|RainDance|[upkeep]\n|upkeep\n|\n|t:|1682534147\n|switch|p1a: Oranguru|Oranguru, L50, F|100\/100\n|switch|p2a: Hariyama|Hariyama, L50, M, tera:Steel|35\/100 brn\n|turn|4\n|\n|t:|1682534153\n|switch|p2b: Wo-Chien|Wo-Chien, L50|100\/100\n|-ability|p2b: Wo-Chien|Tablets of Ruin\n|move|p2a: Hariyama|Fake Out|p1b: Pelipper\n|-damage|p1b: Pelipper|83\/100\n|cant|p1b: Pelipper|flinch\n|move|p1a: Oranguru|Instruct||[still]\n|-fail|p1a: Oranguru\n|\n|-weather|RainDance|[upkeep]\n|-damage|p2a: Hariyama|29\/100 brn|[from] brn\n|upkeep\n|turn|5\n|\n|t:|1682534164\n|switch|p2a: Torkoal|Torkoal, L50, M|72\/100\n|-weather|SunnyDay|[from] ability: Drought|[of] p2a: Torkoal\n|move|p1b: Pelipper|Hurricane|p2b: Wo-Chien\n|-supereffective|p2b: Wo-Chien\n|-damage|p2b: Wo-Chien|46\/100\n|-enditem|p2b: Wo-Chien|Sitrus Berry|[eat]\n|-heal|p2b: Wo-Chien|71\/100|[from] item: Sitrus Berry\n|move|p1a: Oranguru|Instruct|p1b: Pelipper\n|-singleturn|p1b: Pelipper|move: Instruct|[of] p1a: Oranguru\n|move|p1b: Pelipper|Hurricane|p2b: Wo-Chien\n|-supereffective|p2b: Wo-Chien\n|-damage|p2b: Wo-Chien|18\/100\n|move|p2b: Wo-Chien|Growth|p2b: Wo-Chien\n|-boost|p2b: Wo-Chien|atk|2\n|-boost|p2b: Wo-Chien|spa|2\n|\n|-weather|SunnyDay|[upkeep]\n|upkeep\n|turn|6\n|inactive|NoahMP3 has 30 seconds left.\n|\n|t:|1682534190\n|move|p1b: Pelipper|Hydro Pump|p2a: Torkoal\n|-supereffective|p2a: Torkoal\n|-damage|p2a: Torkoal|11\/100\n|move|p1a: Oranguru|Instruct|p1b: Pelipper\n|-singleturn|p1b: Pelipper|move: Instruct|[of] p1a: Oranguru\n|move|p1b: Pelipper|Hydro Pump|p2a: Torkoal|[miss]\n|-miss|p1b: Pelipper|p2a: Torkoal\n|move|p2b: Wo-Chien|Solar Beam||[still]\n|-prepare|p2b: Wo-Chien|Solar Beam\n|-anim|p2b: Wo-Chien|Solar Beam|p1a: Oranguru\n|-damage|p1a: Oranguru|31\/100\n|move|p2a: Torkoal|Heat Wave|p1a: Oranguru|[spread] p1a,p1b\n|-resisted|p1b: Pelipper\n|-damage|p1a: Oranguru|0 fnt\n|-damage|p1b: Pelipper|45\/100\n|faint|p1a: Oranguru\n|\n|-weather|SunnyDay|[upkeep]\n|upkeep\n|turn|7\n|-message|Polentino forfeited.\n|\n|win|NoahMP3\n|raw|Polentino's rating: 1184 → 1158<\/strong> (-26 for losing)\n|raw|NoahMP3's rating: 1169 → 1195<\/strong> (+26 for winning)\n|l|\u2606Polentino\n","uploadtime":1682534219,"views":14,"p1id":"polentino","p2id":"noahmp3","formatid":"gen9vgc2023regulationc","rating":1158,"private":0,"password":""}