{"id":"gen9vgc2023regulationc-1860863798","p1":"TwigRL","p2":"PyroLockeyy","format":"[Gen 9] VGC 2023 Regulation C","log":"|j|\u2606TwigRL\n|j|\u2606PyroLockeyy\n|t:|1683687360\n|gametype|doubles\n|player|p1|TwigRL|1|1209\n|player|p2|PyroLockeyy|266|1270\n|teamsize|p1|6\n|teamsize|p2|6\n|gen|9\n|tier|[Gen 9] VGC 2023 Regulation C\n|rated|\n|rule|Species Clause: Limit one of each Pok\u00e9mon\n|rule|Item Clause: Limit one of each item\n|clearpoke\n|poke|p1|Dragonite, L50, F|\n|poke|p1|Sylveon, L50, F|\n|poke|p1|Ceruledge, L50, M|\n|poke|p1|Pachirisu, L50, M|\n|poke|p1|Talonflame, L50, F|\n|poke|p1|Altaria, L50, M|\n|poke|p2|Chien-Pao, L50|\n|poke|p2|Garchomp, L50, F|\n|poke|p2|Scizor, L50, M|\n|poke|p2|Gyarados, L50, M|\n|poke|p2|Farigiraf, L50, F|\n|poke|p2|Iron Hands, L50|\n|teampreview|4\n|inactive|Battle timer is ON: inactive players will automatically lose when time's up. (requested by TwigRL)\nTwigRL rejected open team sheets.\n|\n|t:|1683687405\n|start\n|switch|p1a: Dragonite|Dragonite, L50, F|100\/100\n|switch|p1b: Talonflame|Talonflame, L50, F|100\/100\n|switch|p2a: Gyarados|Gyarados, L50, M|100\/100\n|switch|p2b: Scizor|Scizor, L50, M|100\/100\n|-ability|p2a: Gyarados|Intimidate|boost\n|-fail|p1a: Dragonite|unboost|Attack|[from] ability: Inner Focus|[of] p1a: Dragonite\n|-unboost|p1b: Talonflame|atk|1\n|turn|1\n|inactive|PyroLockeyy has 30 seconds left.\n|inactive|PyroLockeyy has 20 seconds left.\n|\n|t:|1683687444\n|switch|p2b: Chien-Pao|Chien-Pao, L50|100\/100\n|-ability|p2b: Chien-Pao|Sword of Ruin\n|-terastallize|p1a: Dragonite|Normal\n|move|p1a: Dragonite|Extreme Speed|p2a: Gyarados\n|-damage|p2a: Gyarados|0 fnt\n|faint|p2a: Gyarados\n|move|p1b: Talonflame|Will-O-Wisp|p2b: Chien-Pao\n|-status|p2b: Chien-Pao|brn\n|\n|-damage|p2b: Chien-Pao|95\/100 brn|[from] brn\n|upkeep\n|\n|t:|1683687460\n|switch|p2a: Iron Hands|Iron Hands, L50|100\/100\n|turn|2\n|inactive|PyroLockeyy has 30 seconds left.\n|inactive|PyroLockeyy has 20 seconds left.\n|inactive|PyroLockeyy has 15 seconds left.\n|\n|t:|1683687503\n|move|p1a: Dragonite|Extreme Speed|p2a: Iron Hands\n|-damage|p2a: Iron Hands|37\/100\n|move|p2b: Chien-Pao|Ice Fang|p1a: Dragonite\n|-damage|p1a: Dragonite|79\/100\n|move|p1b: Talonflame|Will-O-Wisp|p2a: Iron Hands\n|-status|p2a: Iron Hands|brn\n|move|p2a: Iron Hands|Drain Punch|p1a: Dragonite\n|-supereffective|p1a: Dragonite\n|-damage|p1a: Dragonite|23\/100\n|-heal|p2a: Iron Hands|60\/100 brn|[from] drain|[of] p1a: Dragonite\n|\n|-damage|p2b: Chien-Pao|89\/100 brn|[from] brn\n|-damage|p2a: Iron Hands|54\/100 brn|[from] brn\n|upkeep\n|turn|3\n|inactive|TwigRL has 30 seconds left.\n|inactive|PyroLockeyy has 30 seconds left.\n|inactive|PyroLockeyy has 20 seconds left.\n|inactive|PyroLockeyy has 15 seconds left.\n|\n|t:|1683687544\n|move|p1a: Dragonite|Extreme Speed|p2a: Iron Hands\n|-damage|p2a: Iron Hands|0 fnt\n|faint|p2a: Iron Hands\n|-end|p2a: Iron Hands|Quark Drive|[silent]\n|move|p1b: Talonflame|Tailwind|p1b: Talonflame\n|-sidestart|p1: TwigRL|move: Tailwind\n|move|p2b: Chien-Pao|Ice Fang|p1a: Dragonite\n|-damage|p1a: Dragonite|5\/100\n|\n|-damage|p2b: Chien-Pao|83\/100 brn|[from] brn\n|upkeep\n|\n|t:|1683687556\n|switch|p2a: Scizor|Scizor, L50, M|100\/100\n|turn|4\n|\n|t:|1683687581\n|-terastallize|p2a: Scizor|Water\n|move|p2b: Chien-Pao|Protect|p2b: Chien-Pao\n|-singleturn|p2b: Chien-Pao|Protect\n|move|p1a: Dragonite|Extreme Speed|p2a: Scizor\n|-damage|p2a: Scizor|5\/100\n|move|p1b: Talonflame|Brave Bird|p2a: Scizor\n|-damage|p2a: Scizor|0 fnt\n|faint|p2a: Scizor\n|-damage|p1b: Talonflame|99\/100|[from] Recoil\n|\n|-damage|p2b: Chien-Pao|77\/100 brn|[from] brn\n|upkeep\n|turn|5\n|inactive|TwigRL has 30 seconds left.\n|\n|t:|1683687611\n|move|p1a: Dragonite|Extreme Speed|p2b: Chien-Pao\n|-damage|p2b: Chien-Pao|0 fnt\n|faint|p2b: Chien-Pao\n|\n|win|TwigRL\n|raw|TwigRL's rating: 1209 → 1238<\/strong> (+29 for winning)\n|raw|PyroLockeyy's rating: 1270 → 1241<\/strong> (-29 for losing)\n","uploadtime":1683687619,"views":19,"p1id":"twigrl","p2id":"pyrolockeyy","formatid":"gen9vgc2023regulationc","rating":1238,"private":0,"password":""}