{"id":"gen9vgc2023regulationc-1849822657","p1":"Thinhomega357","p2":"R2VGC","format":"[Gen 9] VGC 2023 Regulation C","log":"|j|\u2606Thinhomega357\n|j|\u2606R2VGC\n|t:|1682256943\n|gametype|doubles\n|player|p1|Thinhomega357|hilda|1284\n|player|p2|R2VGC|102|1242\n|teamsize|p1|6\n|teamsize|p2|6\n|gen|9\n|tier|[Gen 9] VGC 2023 Regulation C\n|rated|\n|rule|Species Clause: Limit one of each Pok\u00e9mon\n|rule|Item Clause: Limit one of each item\n|clearpoke\n|poke|p1|Chien-Pao, L50|\n|poke|p1|Arcanine, L50, F|\n|poke|p1|Palafin, L50, F|\n|poke|p1|Glimmora, L50, F|\n|poke|p1|Dragonite, L50, M|\n|poke|p1|Dragapult, L50, F|\n|poke|p2|Flutter Mane, L50|\n|poke|p2|Garganacl, L50, M|\n|poke|p2|Amoonguss, L50, F|\n|poke|p2|Palafin, L50, F|\n|poke|p2|Arcanine, L50, M|\n|poke|p2|Ting-Lu, L50|\n|teampreview|4\n|inactive|Battle timer is ON: inactive players will automatically lose when time's up. (requested by Thinhomega357)\n|inactive|Thinhomega357 has 60 seconds left.\n|\n|t:|1682257015\n|start\n|switch|p1a: Palafin|Palafin, L50, F|100\/100\n|switch|p1b: Glimmora|Glimmora, L50, F|100\/100\n|switch|p2a: Garganacl|Garganacl, L50, M|100\/100\n|switch|p2b: Palafin|Palafin, L50, F|100\/100\n|turn|1\n|inactive|R2VGC has 30 seconds left.\n|\n|t:|1682257047\n|detailschange|p1a: Palafin|Palafin-Hero, L50, F\n|switch|p1a: Chien-Pao|Chien-Pao, L50|100\/100\n|-ability|p1a: Chien-Pao|Sword of Ruin\n|detailschange|p2b: Palafin|Palafin-Hero, L50, F\n|switch|p2b: Arcanine|Arcanine, L50, M|100\/100\n|-ability|p2b: Arcanine|Intimidate|boost\n|-unboost|p1a: Chien-Pao|atk|1\n|-unboost|p1b: Glimmora|atk|1\n|-terastallize|p1b: Glimmora|Grass\n|move|p1b: Glimmora|Energy Ball|p2a: Garganacl\n|-supereffective|p2a: Garganacl\n|-damage|p2a: Garganacl|36\/100\n|move|p2a: Garganacl|Stealth Rock|p1a: Chien-Pao\n|-sidestart|p1: Thinhomega357|move: Stealth Rock\n|\n|-heal|p2a: Garganacl|42\/100|[from] item: Leftovers\n|upkeep\n|turn|2\n|inactive|R2VGC has 30 seconds left.\n|\n|t:|1682257073\n|move|p1a: Chien-Pao|Protect|p1a: Chien-Pao\n|-singleturn|p1a: Chien-Pao|Protect\n|move|p1b: Glimmora|Power Gem|p2b: Arcanine\n|-supereffective|p2b: Arcanine\n|-damage|p2b: Arcanine|23\/100\n|move|p2b: Arcanine|Flare Blitz|p1b: Glimmora\n|-supereffective|p1b: Glimmora\n|-damage|p1b: Glimmora|0 fnt\n|-activate|p1b: Glimmora|ability: Toxic Debris\n|-sidestart|p2: R2VGC|move: Toxic Spikes\n|faint|p1b: Glimmora\n|-damage|p2b: Arcanine|0 fnt|[from] Recoil\n|faint|p2b: Arcanine\n|move|p2a: Garganacl|Recover|p2a: Garganacl\n|-heal|p2a: Garganacl|92\/100\n|\n|-heal|p2a: Garganacl|98\/100|[from] item: Leftovers\n|upkeep\n|inactive|R2VGC has 30 seconds left.\n|\n|t:|1682257109\n|switch|p1b: Palafin|Palafin-Hero, L50, F|100\/100\n|switch|p2b: Palafin|Palafin-Hero, L50, F|100\/100\n|-damage|p1b: Palafin|88\/100|[from] Stealth Rock\n|-activate|p1b: Palafin|ability: Zero to Hero\n|-status|p2b: Palafin|psn\n|-activate|p2b: Palafin|ability: Zero to Hero\n|turn|3\n|\n|t:|1682257128\n|switch|p1a: Dragonite|Dragonite, L50, M|100\/100\n|-damage|p1a: Dragonite|76\/100|[from] Stealth Rock\n|-terastallize|p2a: Garganacl|Ghost\n|move|p1b: Palafin|Wave Crash|p2a: Garganacl\n|-damage|p2a: Garganacl|43\/100\n|-damage|p1b: Palafin|66\/100|[from] Recoil\n|move|p2b: Palafin|Drain Punch|p1a: Dragonite\n|-resisted|p1a: Dragonite\n|-crit|p1a: Dragonite\n|-damage|p1a: Dragonite|51\/100\n|move|p2a: Garganacl|Salt Cure|p1b: Palafin\n|-damage|p1b: Palafin|52\/100\n|-start|p1b: Palafin|Salt Cure\n|\n|-heal|p2a: Garganacl|48\/100|[from] item: Leftovers\n|-damage|p2b: Palafin|88\/100 psn|[from] psn\n|-damage|p1b: Palafin|27\/100|[from] Salt Cure\n|upkeep\n|turn|4\n|inactive|R2VGC has 30 seconds left.\n|\n|t:|1682257157\n|move|p2a: Garganacl|Protect|p2a: Garganacl\n|-singleturn|p2a: Garganacl|Protect\n|move|p1a: Dragonite|Extreme Speed|p2b: Palafin\n|-damage|p2b: Palafin|50\/100 psn\n|move|p1b: Palafin|Wave Crash|p2a: Garganacl\n|-activate|p2a: Garganacl|move: Protect\n|move|p2b: Palafin|Bulk Up|p2b: Palafin\n|-boost|p2b: Palafin|atk|1\n|-boost|p2b: Palafin|def|1\n|\n|-heal|p2a: Garganacl|54\/100|[from] item: Leftovers\n|-damage|p2b: Palafin|38\/100 psn|[from] psn\n|-damage|p1b: Palafin|2\/100|[from] Salt Cure\n|upkeep\n|turn|5\n|\n|t:|1682257181\n|move|p1a: Dragonite|Extreme Speed|p2b: Palafin\n|-damage|p2b: Palafin|8\/100 psn\n|move|p2b: Palafin|Jet Punch|p1b: Palafin\n|-resisted|p1b: Palafin\n|-damage|p1b: Palafin|0 fnt\n|faint|p1b: Palafin\n|move|p2a: Garganacl|Salt Cure|p1a: Dragonite\n|-supereffective|p1a: Dragonite\n|-damage|p1a: Dragonite|24\/100\n|-start|p1a: Dragonite|Salt Cure\n|\n|-heal|p2a: Garganacl|60\/100|[from] item: Leftovers\n|-damage|p2b: Palafin|0 fnt|[from] psn\n|faint|p2b: Palafin\n|-damage|p1a: Dragonite|12\/100|[from] Salt Cure\n|upkeep\n|\n|t:|1682257198\n|switch|p1b: Chien-Pao|Chien-Pao, L50|100\/100\n|switch|p2b: Flutter Mane|Flutter Mane, L50|100\/100\n|-damage|p1b: Chien-Pao|75\/100|[from] Stealth Rock\n|-ability|p1b: Chien-Pao|Sword of Ruin\n|-status|p2b: Flutter Mane|psn\n|turn|6\n|\n|t:|1682257214\n|move|p1a: Dragonite|Extreme Speed|p2b: Flutter Mane\n|-immune|p2b: Flutter Mane\n|move|p1b: Chien-Pao|Sucker Punch|p2b: Flutter Mane\n|-damage|p2b: Flutter Mane|21\/100 psn\n|move|p2b: Flutter Mane|Dazzling Gleam|p1a: Dragonite|[spread] p1a,p1b\n|-supereffective|p1a: Dragonite\n|-supereffective|p1b: Chien-Pao\n|-damage|p1a: Dragonite|0 fnt\n|-damage|p1b: Chien-Pao|0 fnt\n|faint|p1a: Dragonite\n|faint|p1b: Chien-Pao\n|\n|win|R2VGC\n|raw|Thinhomega357's rating: 1284 → 1256<\/strong> (-28 for losing)\n|raw|R2VGC's rating: 1242 → 1270<\/strong> (+28 for winning)\n","uploadtime":1682257230,"views":15,"p1id":"thinhomega357","p2id":"r2vgc","formatid":"gen9vgc2023regulationc","rating":1256,"private":0,"password":""}