{"id":"gen9vgc2023regulationc-1848402534","p1":"imelated","p2":"TonyJazs","format":"[Gen 9] VGC 2023 Regulation C","log":"|j|\u2606imelated\n|j|\u2606TonyJazs\n|t:|1682073085\n|gametype|doubles\n|player|p1|imelated|1|1113\n|player|p2|TonyJazs|brawly|1107\n|teamsize|p1|6\n|teamsize|p2|6\n|gen|9\n|tier|[Gen 9] VGC 2023 Regulation C\n|rated|\n|rule|Species Clause: Limit one of each Pok\u00e9mon\n|rule|Item Clause: Limit one of each item\n|clearpoke\n|poke|p1|Indeedee-F, L50, F|\n|poke|p1|Armarouge, L50, M|\n|poke|p1|Torkoal, L50, F|\n|poke|p1|Great Tusk, L50|\n|poke|p1|Flutter Mane, L50|\n|poke|p1|Iron Hands, L50|\n|poke|p2|Dragapult, L50, F|\n|poke|p2|Chien-Pao, L50|\n|poke|p2|Palafin, L50, M|\n|poke|p2|Baxcalibur, L50, M|\n|poke|p2|Talonflame, L50, F|\n|poke|p2|Great Tusk, L50|\n|teampreview|4\n|inactive|Battle timer is ON: inactive players will automatically lose when time's up. (requested by TonyJazs)\n|inactive|imelated has 60 seconds left.\n|\n|t:|1682073141\n|start\n|switch|p1a: Indeedee|Indeedee-F, L50, F|100\/100\n|switch|p1b: Armarouge|Armarouge, L50, M|100\/100\n|switch|p2a: Palafin|Palafin, L50, M, shiny|100\/100\n|switch|p2b: Chien-Pao|Chien-Pao, L50|100\/100\n|-ability|p2b: Chien-Pao|Sword of Ruin\n|-fieldstart|move: Psychic Terrain|[from] ability: Psychic Surge|[of] p1a: Indeedee\n|-enditem|p1a: Indeedee|Psychic Seed\n|-boost|p1a: Indeedee|spd|1|[from] item: Psychic Seed\n|turn|1\n|inactive|TonyJazs has 30 seconds left.\n|inactive|TonyJazs has 20 seconds left.\n|\n|t:|1682073178\n|-terastallize|p2a: Palafin|Water\n|move|p2b: Chien-Pao|Ice Spinner|p1a: Indeedee\n|-damage|p1a: Indeedee|51\/100\n|-fieldend|move: Psychic Terrain\n|move|p2a: Palafin|Wave Crash|p1b: Armarouge\n|-supereffective|p1b: Armarouge\n|-damage|p1b: Armarouge|0 fnt\n|faint|p1b: Armarouge\n|-damage|p2a: Palafin|64\/100|[from] Recoil\n|move|p1a: Indeedee|Trick Room|p1a: Indeedee\n|-fieldstart|move: Trick Room|[of] p1a: Indeedee\n|\n|upkeep\n|\n|t:|1682073189\n|switch|p1b: Torkoal|Torkoal, L50, F|100\/100\n|-weather|SunnyDay|[from] ability: Drought|[of] p1b: Torkoal\n|turn|2\n|inactive|TonyJazs has 30 seconds left.\n|\n|t:|1682073214\n|detailschange|p2a: Palafin|Palafin-Hero, L50, M, shiny, tera:Water\n|switch|p2a: Dragapult|Dragapult, L50, F, shiny|100\/100\n|-terastallize|p1b: Torkoal|Fire\n|move|p2b: Chien-Pao|Sucker Punch|p1a: Indeedee\n|-supereffective|p1a: Indeedee\n|-damage|p1a: Indeedee|0 fnt\n|faint|p1a: Indeedee\n|move|p1b: Torkoal|Eruption|p2b: Chien-Pao|[spread] p2a,p2b\n|-resisted|p2a: Dragapult\n|-supereffective|p2b: Chien-Pao\n|-damage|p2a: Dragapult|24\/100\n|-enditem|p2b: Chien-Pao|Focus Sash\n|-damage|p2b: Chien-Pao|1\/100\n|\n|-weather|SunnyDay|[upkeep]\n|upkeep\n|\n|t:|1682073227\n|switch|p1a: Iron Hands|Iron Hands, L50, shiny|100\/100\n|turn|3\n|inactive|TonyJazs has 30 seconds left.\n|\n|t:|1682073256\n|move|p1a: Iron Hands|Fake Out|p2b: Chien-Pao\n|-damage|p2b: Chien-Pao|0 fnt\n|faint|p2b: Chien-Pao\n|move|p1b: Torkoal|Eruption|p2a: Dragapult\n|-resisted|p2a: Dragapult\n|-damage|p2a: Dragapult|0 fnt\n|faint|p2a: Dragapult\n|\n|-weather|SunnyDay|[upkeep]\n|upkeep\n|\n|t:|1682073264\n|switch|p2b: Great Tusk|Great Tusk, L50|100\/100\n|switch|p2a: Palafin|Palafin-Hero, L50, M, shiny, tera:Water|64\/100\n|-activate|p2a: Palafin|ability: Zero to Hero\n|-activate|p2b: Great Tusk|ability: Protosynthesis\n|-start|p2b: Great Tusk|protosynthesisatk\n|turn|4\n|\n|t:|1682073279\n|move|p1b: Torkoal|Protect|p1b: Torkoal\n|-singleturn|p1b: Torkoal|Protect\n|move|p1a: Iron Hands|Wild Charge|p2a: Palafin\n|-supereffective|p2a: Palafin\n|-damage|p2a: Palafin|0 fnt\n|faint|p2a: Palafin\n|-damage|p1a: Iron Hands|88\/100|[from] Recoil\n|move|p2b: Great Tusk|Headlong Rush|p1a: Iron Hands\n|-supereffective|p1a: Iron Hands\n|-damage|p1a: Iron Hands|0 fnt\n|-unboost|p2b: Great Tusk|def|1\n|-unboost|p2b: Great Tusk|spd|1\n|faint|p1a: Iron Hands\n|-end|p1a: Iron Hands|Quark Drive|[silent]\n|\n|-weather|SunnyDay|[upkeep]\n|upkeep\n|turn|5\n|\n|t:|1682073295\n|move|p2b: Great Tusk|Protect|p2b: Great Tusk\n|-singleturn|p2b: Great Tusk|Protect\n|move|p1b: Torkoal|Eruption|p2b: Great Tusk\n|-activate|p2b: Great Tusk|move: Protect\n|\n|-weather|SunnyDay|[upkeep]\n|-fieldend|move: Trick Room\n|upkeep\n|turn|6\n|\n|t:|1682073303\n|move|p2b: Great Tusk|Headlong Rush|p1b: Torkoal\n|-supereffective|p1b: Torkoal\n|-damage|p1b: Torkoal|0 fnt\n|-unboost|p2b: Great Tusk|def|1\n|-unboost|p2b: Great Tusk|spd|1\n|faint|p1b: Torkoal\n|\n|win|TonyJazs\n|raw|imelated's rating: 1113 → 1088<\/strong> (-25 for losing)\n|raw|TonyJazs's rating: 1107 → 1132<\/strong> (+25 for winning)\n|l|\u2606imelated\n|c|\u2606TonyJazs|gg\n","uploadtime":1682073311,"views":13,"p1id":"imelated","p2id":"tonyjazs","formatid":"gen9vgc2023regulationc","rating":1088,"private":0,"password":""}