{"id":"gen9vgc2023regulationc-1861863889","p1":"Ciq108","p2":"Primordial Drizzle","format":"[Gen 9] VGC 2023 Regulation C","log":"|j|\u2606Ciq108\n|j|\u2606Primordial Drizzle\n|t:|1683816007\n|gametype|doubles\n|player|p1|Ciq108|102|\n|player|p2|Primordial Drizzle|lisia-masters|\n|teamsize|p1|6\n|teamsize|p2|6\n|gen|9\n|tier|[Gen 9] VGC 2023 Regulation C\n|rule|Species Clause: Limit one of each Pok\u00e9mon\n|rule|Item Clause: Limit one of each item\n|clearpoke\n|poke|p1|Garchomp, L50, M|\n|poke|p1|Magneton, L50|\n|poke|p1|Gardevoir, L50, M|\n|poke|p1|Rotom-Mow, L50|\n|poke|p1|Dondozo, L50, M|\n|poke|p1|Tatsugiri, L50, M|\n|poke|p2|Amoonguss, L50, F|\n|poke|p2|Rotom-Wash, L50|\n|poke|p2|Gholdengo, L50|\n|poke|p2|Azumarill, L50, M|\n|poke|p2|Mismagius, L50, F|\n|poke|p2|Jigglypuff, L50, F|\n|teampreview|4\n|c|\u2606Primordial Drizzle|g2\n|c|\u2606Primordial Drizzle|g1*\n|c|\u2606Ciq108|Glhf\n|c|\u2606Primordial Drizzle|i put in live link\n|c|\u2606Primordial Drizzle|sgive me a min\n|c|\u2606Ciq108|K\n|c|\u2606Primordial Drizzle|ok im ready\n|c|\u2606Primordial Drizzle|gl\n|c|\u2606Ciq108|U2\n|\n|t:|1683816154\n|start\n|switch|p1a: Garchomp|Garchomp, L50, M|100\/100\n|switch|p1b: Rotom|Rotom-Mow, L50|100\/100\n|switch|p2a: among us|Amoonguss, L50, F|100\/100\n|switch|p2b: tokyo|Rotom-Wash, L50|100\/100\n|turn|1\n|\n|t:|1683816167\n|move|p2a: among us|Rage Powder|p2a: among us\n|-singleturn|p2a: among us|move: Rage Powder\n|move|p1a: Garchomp|Dragon Claw|p2b: tokyo\n|-damage|p2b: tokyo|64\/100\n|move|p1b: Rotom|Leaf Storm|p2b: tokyo\n|-supereffective|p2b: tokyo\n|-damage|p2b: tokyo|0 fnt\n|-unboost|p1b: Rotom|spa|2\n|faint|p2b: tokyo\n|\n|upkeep\n|\n|t:|1683816179\n|switch|p2b: Mouse|Azumarill, L50, M|100\/100\n|turn|2\n|\n|t:|1683816192\n|move|p1a: Garchomp|Earthquake|p2b: Mouse|[spread] p2a,p2b\n|-immune|p1b: Rotom|[from] ability: Levitate\n|-damage|p2a: among us|72\/100\n|-damage|p2b: Mouse|55\/100\n|move|p1b: Rotom|Discharge|p2b: Mouse|[spread] p2a,p2b\n|-immune|p1a: Garchomp\n|-resisted|p2a: among us\n|-supereffective|p2b: Mouse\n|-damage|p2a: among us|67\/100\n|-damage|p2b: Mouse|40\/100\n|move|p2b: Mouse|Play Rough|p1a: Garchomp\n|-supereffective|p1a: Garchomp\n|-damage|p1a: Garchomp|0 fnt\n|-damage|p2b: Mouse|27\/100|[from] ability: Rough Skin|[of] p1a: Garchomp\n|faint|p1a: Garchomp\n|move|p2a: among us|Spore|p1b: Rotom\n|-immune|p1b: Rotom\n|\n|upkeep\n|\n|t:|1683816214\n|switch|p1a: Magneton|Magneton, L50|100\/100\n|turn|3\n|j| iPetBigfoot\n|\n|t:|1683816226\n|switch|p1b: Gardevoir|Gardevoir, L50, M|100\/100\n|switch|p2b: Sleepy Joe|Gholdengo, L50|100\/100\n|-terastallize|p1a: Magneton|Grass\n|move|p1a: Magneton|Thunderbolt|p2b: Sleepy Joe\n|-damage|p2b: Sleepy Joe|49\/100\n|move|p2a: among us|Spore|p1a: Magneton\n|-immune|p1a: Magneton\n|\n|upkeep\n|turn|4\n|\n|t:|1683816252\n|move|p2a: among us|Rage Powder|p2a: among us\n|-singleturn|p2a: among us|move: Rage Powder\n|move|p1b: Gardevoir|Mystical Fire|p2a: among us\n|-supereffective|p2a: among us\n|-damage|p2a: among us|15\/100\n|-unboost|p2a: among us|spa|1\n|-enditem|p2a: among us|Sitrus Berry|[eat]\n|-heal|p2a: among us|40\/100|[from] item: Sitrus Berry\n|move|p2b: Sleepy Joe|Make It Rain|p1a: Magneton|[spread] p1a,p1b\n|-supereffective|p1b: Gardevoir\n|-damage|p1a: Magneton|46\/100\n|-enditem|p1b: Gardevoir|Focus Sash\n|-damage|p1b: Gardevoir|1\/100\n|-unboost|p2b: Sleepy Joe|spa|1\n|move|p1a: Magneton|Flash Cannon|p2a: among us\n|-damage|p2a: among us|0 fnt\n|faint|p2a: among us\n|\n|upkeep\n|\n|t:|1683816269\n|switch|p2a: Mouse|Azumarill, L50, M|27\/100\n|turn|5\n|j| Kingbananahammock\n|\n|t:|1683816298\n|-terastallize|p2b: Sleepy Joe|Electric\n|move|p1b: Gardevoir|Protect|p1b: Gardevoir\n|-singleturn|p1b: Gardevoir|Protect\n|move|p2a: Mouse|Aqua Jet|p1b: Gardevoir\n|-activate|p1b: Gardevoir|move: Protect\n|move|p2b: Sleepy Joe|Recover|p2b: Sleepy Joe\n|-heal|p2b: Sleepy Joe|99\/100\n|move|p1a: Magneton|Thunderbolt|p2a: Mouse\n|-supereffective|p2a: Mouse\n|-damage|p2a: Mouse|0 fnt\n|faint|p2a: Mouse\n|\n|upkeep\n|turn|6\n|\n|t:|1683816317\n|move|p1b: Gardevoir|Mystical Fire|p2b: Sleepy Joe\n|-damage|p2b: Sleepy Joe|75\/100\n|-unboost|p2b: Sleepy Joe|spa|1\n|move|p2b: Sleepy Joe|Nasty Plot|p2b: Sleepy Joe\n|-boost|p2b: Sleepy Joe|spa|2\n|move|p1a: Magneton|Tera Blast|p2b: Sleepy Joe\n|-crit|p2b: Sleepy Joe\n|-damage|p2b: Sleepy Joe|0 fnt\n|faint|p2b: Sleepy Joe\n|\n|win|Ciq108\n|c|\u2606Primordial Drizzle|man\n|c|\u2606Ciq108|Gg\n|c|\u2606Primordial Drizzle|unfrot crit\n|c|\u2606Primordial Drizzle|gg\n|l| iPetBigfoot\n|l| Kingbananahammock\n|l|\u2606Primordial Drizzle\n","uploadtime":1683816599,"views":13,"p1id":"ciq108","p2id":"primordialdrizzle","formatid":"gen9vgc2023regulationc","rating":0,"private":0,"password":""}