{"id":"gen9vgc2023regulationc-1863076816","p1":"The_Bear_Cook","p2":"MyBloodyPsycho","format":"[Gen 9] VGC 2023 Regulation C","log":"|j|\u2606The_Bear_Cook\n|j|\u2606MyBloodyPsycho\n|t:|1683965060\n|gametype|doubles\n|player|p1|The_Bear_Cook|blackbelt-gen4dp|1276\n|player|p2|MyBloodyPsycho|lance|1190\n|teamsize|p1|6\n|teamsize|p2|6\n|gen|9\n|tier|[Gen 9] VGC 2023 Regulation C\n|rated|\n|rule|Species Clause: Limit one of each Pok\u00e9mon\n|rule|Item Clause: Limit one of each item\n|clearpoke\n|poke|p1|Palafin, L50, F|\n|poke|p1|Gyarados, L50, F|\n|poke|p1|Amoonguss, L50, M|\n|poke|p1|Iron Hands, L50|\n|poke|p1|Pelipper, L50, M|\n|poke|p1|Flutter Mane, L50|\n|poke|p2|Tatsugiri-Droopy, L50, F|\n|poke|p2|Dondozo, L50, F|\n|poke|p2|Sylveon, L50, M|\n|poke|p2|Armarouge, L50, F|\n|poke|p2|Meowscarada, L50, F|\n|poke|p2|Indeedee-F, L50, F|\n|teampreview|4\n|inactive|Battle timer is ON: inactive players will automatically lose when time's up. (requested by MyBloodyPsycho)\nThe_Bear_Cook has agreed to open team sheets.\n|\n|t:|1683965075\n|start\n|switch|p1a: Palafin|Palafin, L50, F|100\/100\n|switch|p1b: Pelipper|Pelipper, L50, M|100\/100\n|switch|p2a: Tatsugiri|Tatsugiri-Droopy, L50, F|100\/100\n|switch|p2b: Meowscarada|Meowscarada, L50, F|100\/100\n|-weather|RainDance|[from] ability: Drizzle|[of] p1b: Pelipper\n|turn|1\n|\n|t:|1683965089\n|-terastallize|p2b: Meowscarada|Poison\n|move|p1a: Palafin|Protect|p1a: Palafin\n|-singleturn|p1a: Palafin|Protect\n|move|p2a: Tatsugiri|Soak|p1b: Pelipper\n|-start|p1b: Pelipper|typechange|Water\n|move|p2b: Meowscarada|Flower Trick|p1b: Pelipper\n|-supereffective|p1b: Pelipper\n|-crit|p1b: Pelipper\n|-enditem|p1b: Pelipper|Focus Sash\n|-damage|p1b: Pelipper|1\/100\n|move|p1b: Pelipper|Tailwind|p1b: Pelipper\n|-sidestart|p1: The_Bear_Cook|move: Tailwind\n|\n|-weather|RainDance|[upkeep]\n|upkeep\n|turn|2\n|\n|t:|1683965112\n|move|p1b: Pelipper|Hurricane|p2b: Meowscarada\n|-damage|p2b: Meowscarada|50\/100\n|move|p1a: Palafin|Wave Crash|p2a: Tatsugiri\n|-activate|p2a: Tatsugiri|ability: Storm Drain\n|-ability|p2a: Tatsugiri|Storm Drain|boost\n|-boost|p2a: Tatsugiri|spa|1\n|move|p2a: Tatsugiri|Soak|p1a: Palafin\n|-fail|p1a: Palafin\n|move|p2b: Meowscarada|Trick Room|p2b: Meowscarada\n|-fieldstart|move: Trick Room|[of] p2b: Meowscarada\n|\n|-weather|RainDance|[upkeep]\n|upkeep\n|turn|3\n|\n|t:|1683965126\n|switch|p2a: Indeedee|Indeedee-F, L50, F|100\/100\n|-fieldstart|move: Psychic Terrain|[from] ability: Psychic Surge|[of] p2a: Indeedee\n|detailschange|p1a: Palafin|Palafin-Hero, L50, F\n|switch|p1a: Gyarados|Gyarados, L50, F|100\/100\n|-ability|p1a: Gyarados|Intimidate|boost\n|-unboost|p2a: Indeedee|atk|1\n|-unboost|p2b: Meowscarada|atk|1\n|move|p2b: Meowscarada|Flower Trick|p1a: Gyarados\n|-crit|p1a: Gyarados\n|-damage|p1a: Gyarados|45\/100\n|move|p1b: Pelipper|Hurricane|p2b: Meowscarada\n|-damage|p2b: Meowscarada|2\/100\n|\n|-weather|RainDance|[upkeep]\n|upkeep\n|turn|4\n|\n|t:|1683965141\n|move|p2a: Indeedee|Dazzling Gleam|p1a: Gyarados|[spread] p1a,p1b\n|-damage|p1a: Gyarados|36\/100\n|-damage|p1b: Pelipper|0 fnt\n|faint|p1b: Pelipper\n|move|p2b: Meowscarada|Flower Trick|p1a: Gyarados\n|-crit|p1a: Gyarados\n|-damage|p1a: Gyarados|0 fnt\n|faint|p1a: Gyarados\n|\n|-weather|RainDance|[upkeep]\n|-sideend|p1: The_Bear_Cook|move: Tailwind\n|upkeep\n|n|!The_Bear_Cook|thebearcook\n|\n|t:|1683965152\n|switch|p1a: Flutter Mane|Flutter Mane, L50|100\/100\n|switch|p1b: Palafin|Palafin-Hero, L50, F|100\/100\n|-activate|p1b: Palafin|ability: Zero to Hero\n|turn|5\n|\n|t:|1683965158\n|move|p2a: Indeedee|Follow Me|p2a: Indeedee\n|-singleturn|p2a: Indeedee|move: Follow Me\n|move|p1b: Palafin|Wave Crash|p2a: Indeedee\n|-damage|p2a: Indeedee|0 fnt\n|faint|p2a: Indeedee\n|-damage|p1b: Palafin|77\/100|[from] Recoil\n|move|p1a: Flutter Mane|Dazzling Gleam|p2b: Meowscarada\n|-resisted|p2b: Meowscarada\n|-damage|p2b: Meowscarada|0 fnt\n|faint|p2b: Meowscarada\n|\n|-weather|none\n|upkeep\n|\n|t:|1683965169\n|switch|p2a: Tatsugiri|Tatsugiri-Droopy, L50, F|100\/100\n|switch|p2b: Armarouge|Armarouge, L50, F|100\/100\n|turn|6\n|\n|t:|1683965180\n|move|p1b: Palafin|Protect|p1b: Palafin\n|-singleturn|p1b: Palafin|Protect\n|move|p2b: Armarouge|Expanding Force|p1a: Flutter Mane|[spread] p1a\n|-activate|p1b: Palafin|move: Protect\n|-damage|p1a: Flutter Mane|46\/100\n|move|p1a: Flutter Mane|Dazzling Gleam|p2a: Tatsugiri|[spread] p2a,p2b\n|-supereffective|p2a: Tatsugiri\n|-resisted|p2b: Armarouge\n|-damage|p2a: Tatsugiri|0 fnt\n|-damage|p2b: Armarouge|75\/100\n|faint|p2a: Tatsugiri\n|\n|-fieldend|move: Trick Room\n|upkeep\n|turn|7\n|\n|t:|1683965192\n|move|p1a: Flutter Mane|Dazzling Gleam|p2b: Armarouge\n|-resisted|p2b: Armarouge\n|-damage|p2b: Armarouge|39\/100\n|move|p1b: Palafin|Wave Crash|p2b: Armarouge\n|-supereffective|p2b: Armarouge\n|-damage|p2b: Armarouge|0 fnt\n|faint|p2b: Armarouge\n|-damage|p1b: Palafin|65\/100|[from] Recoil\n|\n|win|The_Bear_Cook\n|raw|The_Bear_Cook's rating: 1276 → 1295<\/strong> (+19 for winning)\n|raw|MyBloodyPsycho's rating: 1190 → 1171<\/strong> (-19 for losing)\n","uploadtime":1683965146,"views":6,"p1id":"thebearcook","p2id":"mybloodypsycho","formatid":"gen9vgc2023regulationc","rating":1171,"private":0,"password":""}