{"id":"gen9vgc2023regulationc-1854292566","p1":"mattnot3","p2":"Lugiabirb","format":"[Gen 9] VGC 2023 Regulation C","log":"|j|\u2606mattnot3\n|j|\u2606Lugiabirb\n|t:|1682793428\n|gametype|doubles\n|player|p1|mattnot3|pokemonbreeder-gen4|1418\n|player|p2|Lugiabirb|leon|1315\n|teamsize|p1|6\n|teamsize|p2|6\n|gen|9\n|tier|[Gen 9] VGC 2023 Regulation C\n|rated|\n|rule|Species Clause: Limit one of each Pok\u00e9mon\n|rule|Item Clause: Limit one of each item\n|clearpoke\n|poke|p1|Chi-Yu, L50|\n|poke|p1|Flutter Mane, L50|\n|poke|p1|Scizor, L50, F|\n|poke|p1|Wo-Chien, L50|\n|poke|p1|Gyarados, L50, F|\n|poke|p1|Glimmora, L50, F|\n|poke|p2|Iron Moth, L50|\n|poke|p2|Flutter Mane, L50|\n|poke|p2|Great Tusk, L50|\n|poke|p2|Chien-Pao, L50|\n|poke|p2|Dragonite, L50, M|\n|poke|p2|Scizor, L50, M|\n|teampreview|4\n|inactive|Battle timer is ON: inactive players will automatically lose when time's up. (requested by Lugiabirb)\n|c|\u2606mattnot3|gl hf\nLugiabirb has agreed to open team sheets.\nmattnot3 has agreed to open team sheets.\n|c|\u2606Lugiabirb|u2\n|inactive|mattnot3 has 60 seconds left.\n|inactive|mattnot3 has 30 seconds left.\n|inactive|mattnot3 has 20 seconds left.\n|inactive|mattnot3 has 15 seconds left.\n|\n|t:|1682793508\n|start\n|switch|p1a: Scizor|Scizor, L50, F|100\/100\n|switch|p1b: Gyarados|Gyarados, L50, F|100\/100\n|switch|p2a: Iron Moth|Iron Moth, L50|100\/100\n|switch|p2b: Great Tusk|Great Tusk, L50|100\/100\n|-ability|p1b: Gyarados|Intimidate|boost\n|-unboost|p2a: Iron Moth|atk|1\n|-unboost|p2b: Great Tusk|atk|1\n|-enditem|p2a: Iron Moth|Booster Energy\n|-activate|p2a: Iron Moth|ability: Quark Drive|[fromitem]\n|-start|p2a: Iron Moth|quarkdrivespe\n|turn|1\n|inactive|mattnot3 has 30 seconds left.\n|inactive|Lugiabirb has 30 seconds left.\n|inactive|Lugiabirb has 20 seconds left.\n|\n|t:|1682793545\n|-end|p2b: Great Tusk|Protosynthesis|[silent]\n|switch|p2b: Flutter Mane|Flutter Mane, L50|100\/100\n|move|p2a: Iron Moth|Protect|p2a: Iron Moth\n|-singleturn|p2a: Iron Moth|Protect\n|move|p1a: Scizor|Protect|p1a: Scizor\n|-singleturn|p1a: Scizor|Protect\n|move|p1b: Gyarados|Waterfall|p2a: Iron Moth\n|-activate|p2a: Iron Moth|move: Protect\n|\n|upkeep\n|turn|2\n|\n|t:|1682793570\n|-terastallize|p1a: Scizor|Water\n|move|p1a: Scizor|Bullet Punch|p2b: Flutter Mane\n|-supereffective|p2b: Flutter Mane\n|-damage|p2b: Flutter Mane|6\/100\n|move|p2a: Iron Moth|Heat Wave|p1b: Gyarados|[spread] p1a,p1b\n|-resisted|p1a: Scizor\n|-resisted|p1b: Gyarados\n|-damage|p1a: Scizor|79\/100\n|-damage|p1b: Gyarados|88\/100\n|move|p2b: Flutter Mane|Moonblast|p1a: Scizor\n|-damage|p1a: Scizor|0 fnt\n|faint|p1a: Scizor\n|move|p1b: Gyarados|Waterfall|p2a: Iron Moth\n|-supereffective|p2a: Iron Moth\n|-damage|p2a: Iron Moth|2\/100\n|\n|upkeep\n|\n|t:|1682793587\n|switch|p1a: Flutter Mane|Flutter Mane, L50|100\/100\n|-enditem|p1a: Flutter Mane|Booster Energy\n|-activate|p1a: Flutter Mane|ability: Protosynthesis|[fromitem]\n|-start|p1a: Flutter Mane|protosynthesisspa\n|turn|3\n|j| KnickNom\n|inactive|mattnot3 has 30 seconds left.\n|\n|t:|1682793622\n|move|p2a: Iron Moth|Sunny Day|p2a: Iron Moth\n|-weather|SunnyDay\n|-activate|p2b: Flutter Mane|ability: Protosynthesis\n|-start|p2b: Flutter Mane|protosynthesisspe\n|move|p2b: Flutter Mane|Moonblast|p1b: Gyarados\n|-damage|p1b: Gyarados|36\/100\n|-enditem|p1b: Gyarados|Sitrus Berry|[eat]\n|-heal|p1b: Gyarados|60\/100|[from] item: Sitrus Berry\n|move|p1a: Flutter Mane|Shadow Ball|p2b: Flutter Mane\n|-supereffective|p2b: Flutter Mane\n|-damage|p2b: Flutter Mane|0 fnt\n|faint|p2b: Flutter Mane\n|-end|p2b: Flutter Mane|Protosynthesis|[silent]\n|move|p1b: Gyarados|Waterfall|p2a: Iron Moth\n|-supereffective|p2a: Iron Moth\n|-damage|p2a: Iron Moth|0 fnt\n|faint|p2a: Iron Moth\n|-end|p2a: Iron Moth|Quark Drive|[silent]\n|\n|-weather|SunnyDay|[upkeep]\n|upkeep\n|\n|t:|1682793628\n|switch|p2a: Great Tusk|Great Tusk, L50|100\/100\n|switch|p2b: Chien-Pao|Chien-Pao, L50|100\/100\n|-activate|p2a: Great Tusk|ability: Protosynthesis\n|-start|p2a: Great Tusk|protosynthesisatk\n|-ability|p2b: Chien-Pao|Sword of Ruin\n|turn|4\n|inactive|mattnot3 has 30 seconds left.\n|\n|t:|1682793655\n|-end|p1a: Flutter Mane|Protosynthesis|[silent]\n|switch|p1a: Wo-Chien|Wo-Chien, L50|100\/100\n|-ability|p1a: Wo-Chien|Tablets of Ruin\n|-terastallize|p2a: Great Tusk|Steel\n|move|p2a: Great Tusk|Rock Slide|p1a: Wo-Chien|[spread] p1a,p1b\n|-supereffective|p1b: Gyarados\n|-damage|p1a: Wo-Chien|80\/100\n|-damage|p1b: Gyarados|5\/100\n|move|p2b: Chien-Pao|Ice Spinner|p1a: Wo-Chien\n|-supereffective|p1a: Wo-Chien\n|-damage|p1a: Wo-Chien|17\/100\n|cant|p1b: Gyarados|flinch\n|\n|-weather|SunnyDay|[upkeep]\n|-heal|p1a: Wo-Chien|23\/100|[from] item: Leftovers\n|upkeep\n|turn|5\n|inactive|mattnot3 has 30 seconds left.\n|\n|t:|1682793681\n|move|p1a: Wo-Chien|Protect|p1a: Wo-Chien\n|-singleturn|p1a: Wo-Chien|Protect\n|move|p2a: Great Tusk|Rock Slide|p1a: Wo-Chien|[spread] p1b\n|-activate|p1a: Wo-Chien|move: Protect\n|-supereffective|p1b: Gyarados\n|-damage|p1b: Gyarados|0 fnt\n|faint|p1b: Gyarados\n|move|p2b: Chien-Pao|Ice Spinner|p1a: Wo-Chien\n|-activate|p1a: Wo-Chien|move: Protect\n|\n|-weather|SunnyDay|[upkeep]\n|-heal|p1a: Wo-Chien|30\/100|[from] item: Leftovers\n|upkeep\n|\n|t:|1682793685\n|switch|p1b: Flutter Mane|Flutter Mane, L50|100\/100\n|-activate|p1b: Flutter Mane|ability: Protosynthesis\n|-start|p1b: Flutter Mane|protosynthesisspa\n|turn|6\n|\n|t:|1682793699\n|move|p2a: Great Tusk|Rock Slide|p1b: Flutter Mane|[spread] p1a,p1b\n|-damage|p1a: Wo-Chien|7\/100\n|-damage|p1b: Flutter Mane|59\/100\n|move|p2b: Chien-Pao|Ice Spinner|p1a: Wo-Chien\n|-supereffective|p1a: Wo-Chien\n|-damage|p1a: Wo-Chien|0 fnt\n|faint|p1a: Wo-Chien\n|move|p1b: Flutter Mane|Moonblast|p2b: Chien-Pao\n|-supereffective|p2b: Chien-Pao\n|-enditem|p2b: Chien-Pao|Focus Sash\n|-damage|p2b: Chien-Pao|1\/100\n|-unboost|p2b: Chien-Pao|spa|1\n|\n|-weather|SunnyDay|[upkeep]\n|upkeep\n|turn|7\n|\n|t:|1682793711\n|move|p2a: Great Tusk|Rock Slide|p1b: Flutter Mane\n|-damage|p1b: Flutter Mane|0 fnt\n|faint|p1b: Flutter Mane\n|-end|p1b: Flutter Mane|Protosynthesis|[silent]\n|\n|win|Lugiabirb\n|raw|mattnot3's rating: 1418 → 1392<\/strong> (-26 for losing)\n|raw|Lugiabirb's rating: 1315 → 1341<\/strong> (+26 for winning)\n|l|\u2606Lugiabirb\n|c|\u2606mattnot3|gg\n","uploadtime":1682793724,"views":18,"p1id":"mattnot3","p2id":"lugiabirb","formatid":"gen9vgc2023regulationc","rating":1341,"private":0,"password":""}