{"id":"gen9vgc2023regulationc-1845222012","p1":"Sandy_Simis","p2":"bostonl1","format":"[Gen 9] VGC 2023 Regulation C","log":"|j|\u2606Sandy_Simis\n|j|\u2606bostonl1\n|t:|1681698249\n|gametype|doubles\n|player|p1|Sandy_Simis|102|\n|player|p2|bostonl1|morty|\n|teamsize|p1|6\n|teamsize|p2|6\n|gen|9\n|tier|[Gen 9] VGC 2023 Regulation C\n|rule|Species Clause: Limit one of each Pok\u00e9mon\n|rule|Item Clause: Limit one of each item\n|clearpoke\n|poke|p1|Cetitan, L50, M|\n|poke|p1|Abomasnow, L50, M|\n|poke|p1|Chi-Yu, L50|\n|poke|p1|Maushold-Four, L50|\n|poke|p1|Flutter Mane, L50|\n|poke|p1|Gyarados, L50, M|\n|poke|p2|Breloom, L50, F|\n|poke|p2|Volcarona, L50, F|\n|poke|p2|Palafin, L50, F|\n|poke|p2|Chien-Pao, L50|\n|poke|p2|Dragonite, L50, M|\n|poke|p2|Ting-Lu, L50|\n|teampreview|4\n|c|\u2606bostonl1|g1\n|c|\u2606bostonl1|ill send the pokepaste in dms\n|c|\u2606Sandy_Simis|Kk same\n|c|\u2606Sandy_Simis|Glhf\n|c|\u2606bostonl1|u2\n|j| Inazuma-Fulgur\n|\n|t:|1681698485\n|start\n|switch|p1a: Cetitan|Cetitan, L50, M|100\/100\n|switch|p1b: Abomasnow|Abomasnow, L50, M|100\/100\n|switch|p2a: Bowl|Ting-Lu, L50|100\/100\n|switch|p2b: BBloom|Breloom, L50, F|100\/100\n|-weather|Snow|[from] ability: Snow Warning|[of] p1b: Abomasnow\n|-ability|p2a: Bowl|Vessel of Ruin\n|turn|1\n|c|\u2606Sandy_Simis|I need to start naming the mons on my team lamo\n|c|\u2606bostonl1|lul\n|\n|t:|1681698564\n|-terastallize|p2a: Bowl|Poison\n|move|p2b: BBloom|Mach Punch|p1b: Abomasnow\n|-supereffective|p1b: Abomasnow\n|-damage|p1b: Abomasnow|44\/100\n|move|p1a: Cetitan|Ice Spinner|p2b: BBloom\n|-supereffective|p2b: BBloom\n|-enditem|p2b: BBloom|Focus Sash\n|-damage|p2b: BBloom|1\/100\n|move|p1b: Abomasnow|Aurora Veil|p1b: Abomasnow\n|-sidestart|p1: Sandy_Simis|move: Aurora Veil\n|move|p2a: Bowl|Rock Tomb|p1b: Abomasnow\n|-supereffective|p1b: Abomasnow\n|-damage|p1b: Abomasnow|25\/100\n|-unboost|p1b: Abomasnow|spe|1\n|\n|-weather|Snow|[upkeep]\n|upkeep\n|turn|2\n|\n|t:|1681698612\n|move|p2b: BBloom|Mach Punch|p1b: Abomasnow\n|-supereffective|p1b: Abomasnow\n|-damage|p1b: Abomasnow|0 fnt\n|faint|p1b: Abomasnow\n|move|p1a: Cetitan|Ice Spinner|p2b: BBloom\n|-supereffective|p2b: BBloom\n|-crit|p2b: BBloom\n|-damage|p2b: BBloom|0 fnt\n|faint|p2b: BBloom\n|move|p2a: Bowl|Rock Tomb|p1a: Cetitan\n|-supereffective|p1a: Cetitan\n|-damage|p1a: Cetitan|85\/100\n|-unboost|p1a: Cetitan|spe|1\n|\n|-weather|Snow|[upkeep]\n|upkeep\n|\n|t:|1681698632\n|switch|p2b: Cheems-Pao|Chien-Pao, L50|100\/100\n|switch|p1b: Chi-Yu|Chi-Yu, L50|100\/100\n|-ability|p1b: Chi-Yu|Beads of Ruin\n|-ability|p2b: Cheems-Pao|Sword of Ruin\n|turn|3\n|\n|t:|1681698647\n|move|p2b: Cheems-Pao|Protect|p2b: Cheems-Pao\n|-singleturn|p2b: Cheems-Pao|Protect\n|move|p1b: Chi-Yu|Heat Wave|p2a: Bowl|[spread] p2a\n|-activate|p2b: Cheems-Pao|move: Protect\n|-damage|p2a: Bowl|73\/100\n|move|p1a: Cetitan|Entrainment|p2a: Bowl\n|-endability|p2a: Bowl|Vessel of Ruin|[from] move: Entrainment\n|-ability|p2a: Bowl|Slush Rush|[from] move: Entrainment\n|move|p2a: Bowl|Stomping Tantrum|p1b: Chi-Yu\n|-supereffective|p1b: Chi-Yu\n|-damage|p1b: Chi-Yu|0 fnt\n|faint|p1b: Chi-Yu\n|\n|-weather|Snow|[upkeep]\n|-heal|p2a: Bowl|79\/100|[from] item: Leftovers\n|upkeep\n|c|\u2606Sandy_Simis|Hm\n|c|\u2606Sandy_Simis|Not what i planed\n|\n|t:|1681698674\n|switch|p1b: Flutter Mane|Flutter Mane, L50|100\/100\n|-enditem|p1b: Flutter Mane|Booster Energy\n|-activate|p1b: Flutter Mane|ability: Protosynthesis|[fromitem]\n|-start|p1b: Flutter Mane|protosynthesisspa\n|turn|4\n|\n|t:|1681698791\n|-terastallize|p1b: Flutter Mane|Fairy\n|move|p2b: Cheems-Pao|Sucker Punch|p1b: Flutter Mane\n|-resisted|p1b: Flutter Mane\n|-damage|p1b: Flutter Mane|69\/100\n|-damage|p2b: Cheems-Pao|91\/100|[from] item: Life Orb\n|move|p1b: Flutter Mane|Dazzling Gleam|p2b: Cheems-Pao|[spread] p2a,p2b\n|-resisted|p2a: Bowl\n|-supereffective|p2b: Cheems-Pao\n|-damage|p2a: Bowl|60\/100\n|-damage|p2b: Cheems-Pao|0 fnt\n|faint|p2b: Cheems-Pao\n|move|p1a: Cetitan|Charm|p2a: Bowl\n|-unboost|p2a: Bowl|atk|2\n|move|p2a: Bowl|Stomping Tantrum|p1b: Flutter Mane\n|-damage|p1b: Flutter Mane|47\/100\n|\n|-weather|Snow|[upkeep]\n|-heal|p2a: Bowl|66\/100|[from] item: Leftovers\n|upkeep\n|\n|t:|1681698803\n|switch|p2b: Dragonite|Dragonite, L50, M|100\/100\n|turn|5\n|\n|t:|1681698830\n|move|p2b: Dragonite|Protect|p2b: Dragonite\n|-singleturn|p2b: Dragonite|Protect\n|move|p1b: Flutter Mane|Shadow Ball|p2a: Bowl\n|-damage|p2a: Bowl|24\/100\n|move|p1a: Cetitan|Ice Spinner|p2a: Bowl\n|-damage|p2a: Bowl|4\/100\n|move|p2a: Bowl|Ruination|p1a: Cetitan\n|-damage|p1a: Cetitan|43\/100\n|\n|-weather|none\n|-heal|p2a: Bowl|10\/100|[from] item: Leftovers\n|-sideend|p1: Sandy_Simis|move: Aurora Veil\n|upkeep\n|turn|6\n|\n|t:|1681698923\n|move|p1b: Flutter Mane|Protect|p1b: Flutter Mane\n|-singleturn|p1b: Flutter Mane|Protect\n|move|p2b: Dragonite|Extreme Speed|p1b: Flutter Mane\n|-activate|p1b: Flutter Mane|move: Protect\n|move|p1a: Cetitan|Ice Spinner|p2b: Dragonite\n|-supereffective|p2b: Dragonite\n|-damage|p2b: Dragonite|0 fnt\n|faint|p2b: Dragonite\n|move|p2a: Bowl|Rock Tomb|p1a: Cetitan\n|-supereffective|p1a: Cetitan\n|-damage|p1a: Cetitan|27\/100\n|-unboost|p1a: Cetitan|spe|1\n|\n|-heal|p2a: Bowl|16\/100|[from] item: Leftovers\n|upkeep\n|turn|7\n|\n|t:|1681698936\n|move|p1b: Flutter Mane|Shadow Ball|p2a: Bowl\n|-damage|p2a: Bowl|0 fnt\n|faint|p2a: Bowl\n|\n|win|Sandy_Simis\n|c|\u2606bostonl1|gg\n|c|\u2606Sandy_Simis|Ggs g1\n|c|\u2606bostonl1|https:\/\/replay.pokemonshowdown.com\/gen9vgc2023regulationc-1845222012\n|l| Inazuma-Fulgur\n|l|\u2606bostonl1\n","uploadtime":1681698943,"views":21,"p1id":"sandysimis","p2id":"bostonl1","formatid":"gen9vgc2023regulationc","rating":0,"private":0,"password":""}