{"id":"gen9vgc2023regulationc-1849731055","p1":"b4d3","p2":"padhug","format":"[Gen 9] VGC 2023 Regulation C","log":"|j|\u2606b4d3\n|j|\u2606padhug\n|t:|1682241252\n|gametype|doubles\n|player|p1|b4d3|101|1087\n|player|p2|padhug|265|1022\n|teamsize|p1|6\n|teamsize|p2|6\n|gen|9\n|tier|[Gen 9] VGC 2023 Regulation C\n|rated|\n|rule|Species Clause: Limit one of each Pok\u00e9mon\n|rule|Item Clause: Limit one of each item\n|clearpoke\n|poke|p1|Murkrow, L50, F|\n|poke|p1|Meowscarada, L50, M|\n|poke|p1|Garchomp, L50, M|\n|poke|p1|Scizor, L50, M|\n|poke|p1|Corviknight, L50, M|\n|poke|p1|Armarouge, L50, M|\n|poke|p2|Torkoal, L50, F|\n|poke|p2|Umbreon, L50, M|\n|poke|p2|Talonflame, L50, M|\n|poke|p2|Dragapult, L50, M|\n|poke|p2|Great Tusk, L50|\n|poke|p2|Rotom-Wash, L50|\n|teampreview|4\n|\n|t:|1682241287\n|start\n|switch|p1a: Murkrow|Murkrow, L50, F, shiny|100\/100\n|switch|p1b: Garchomp|Garchomp, L50, M|100\/100\n|switch|p2a: Talonflame|Talonflame, L50, M|100\/100\n|switch|p2b: Torkoal|Torkoal, L50, F|100\/100\n|-weather|SunnyDay|[from] ability: Drought|[of] p2b: Torkoal\n|turn|1\n|\n|t:|1682241304\n|-terastallize|p1b: Garchomp|Rock\n|move|p2a: Talonflame|Tailwind|p2a: Talonflame\n|-sidestart|p2: padhug|move: Tailwind\n|move|p1a: Murkrow|Taunt|p2a: Talonflame\n|-start|p2a: Talonflame|move: Taunt\n|move|p1b: Garchomp|Rock Slide|p2b: Torkoal|[spread] p2a,p2b\n|-supereffective|p2a: Talonflame\n|-supereffective|p2b: Torkoal\n|-enditem|p2a: Talonflame|Focus Sash\n|-damage|p2a: Talonflame|1\/100\n|-damage|p2b: Torkoal|58\/100\n|cant|p2b: Torkoal|flinch\n|\n|-weather|SunnyDay|[upkeep]\n|upkeep\n|turn|2\n|\n|t:|1682241323\n|move|p2b: Torkoal|Protect|p2b: Torkoal\n|-singleturn|p2b: Torkoal|Protect\n|move|p1a: Murkrow|Taunt|p2b: Torkoal\n|-activate|p2b: Torkoal|move: Protect\n|move|p2a: Talonflame|Heat Wave|p1a: Murkrow|[spread] p1a,p1b\n|-resisted|p1b: Garchomp\n|-damage|p1a: Murkrow|72\/100\n|-damage|p1b: Garchomp|87\/100\n|move|p1b: Garchomp|Rock Slide|p2b: Torkoal|[spread] p2a\n|-activate|p2b: Torkoal|move: Protect\n|-supereffective|p2a: Talonflame\n|-damage|p2a: Talonflame|0 fnt\n|faint|p2a: Talonflame\n|\n|-weather|SunnyDay|[upkeep]\n|upkeep\n|\n|t:|1682241336\n|switch|p2a: Great Tusk|Great Tusk, L50|100\/100\n|-activate|p2a: Great Tusk|ability: Protosynthesis\n|-start|p2a: Great Tusk|protosynthesisatk\n|turn|3\n|\n|t:|1682241351\n|move|p1b: Garchomp|Protect|p1b: Garchomp\n|-singleturn|p1b: Garchomp|Protect\n|move|p1a: Murkrow|Taunt|p2b: Torkoal\n|-start|p2b: Torkoal|move: Taunt\n|move|p2a: Great Tusk|Ice Spinner|p1a: Murkrow\n|-supereffective|p1a: Murkrow\n|-damage|p1a: Murkrow|0 fnt\n|faint|p1a: Murkrow\n|cant|p2b: Torkoal|move: Taunt|Will-O-Wisp\n|\n|-weather|SunnyDay|[upkeep]\n|upkeep\n|\n|t:|1682241370\n|switch|p1a: Corviknight|Corviknight, L50, M|100\/100\n|turn|4\n|\n|t:|1682241386\n|move|p2a: Great Tusk|Ice Spinner|p1a: Corviknight\n|-damage|p1a: Corviknight|72\/100\n|move|p1b: Garchomp|Rock Slide|p2a: Great Tusk|[spread] p2a,p2b\n|-resisted|p2a: Great Tusk\n|-supereffective|p2b: Torkoal\n|-damage|p2a: Great Tusk|96\/100\n|-damage|p2b: Torkoal|16\/100\n|move|p1a: Corviknight|Iron Defense|p1a: Corviknight\n|-boost|p1a: Corviknight|def|2\n|move|p2b: Torkoal|Rock Slide|p1b: Garchomp|[spread] p1a,p1b\n|-damage|p1a: Corviknight|68\/100\n|-damage|p1b: Garchomp|78\/100\n|\n|-weather|SunnyDay|[upkeep]\n|-heal|p2a: Great Tusk|100\/100|[from] item: Leftovers\n|-heal|p1a: Corviknight|74\/100|[from] item: Leftovers\n|-sideend|p2: padhug|move: Tailwind\n|upkeep\n|turn|5\n|\n|t:|1682241420\n|move|p1b: Garchomp|Rock Slide|p2a: Great Tusk|[spread] p2a,p2b\n|-resisted|p2a: Great Tusk\n|-crit|p2a: Great Tusk\n|-supereffective|p2b: Torkoal\n|-damage|p2a: Great Tusk|93\/100\n|-damage|p2b: Torkoal|0 fnt\n|faint|p2b: Torkoal\n|move|p2a: Great Tusk|Earthquake|p1a: Corviknight|[spread] p1b\n|-immune|p1a: Corviknight\n|-supereffective|p1b: Garchomp\n|-damage|p1b: Garchomp|0 fnt\n|faint|p1b: Garchomp\n|move|p1a: Corviknight|Iron Defense|p1a: Corviknight\n|-boost|p1a: Corviknight|def|2\n|\n|-weather|none\n|-end|p2a: Great Tusk|Protosynthesis\n|-heal|p2a: Great Tusk|99\/100|[from] item: Leftovers\n|-heal|p1a: Corviknight|80\/100|[from] item: Leftovers\n|upkeep\n|\n|t:|1682241435\n|switch|p1b: Meowscarada|Meowscarada, L50, M|100\/100\n|switch|p2b: Umbreon|Umbreon, L50, M|100\/100\n|turn|6\n|\n|t:|1682241466\n|move|p1b: Meowscarada|Flower Trick|p2a: Great Tusk\n|-start|p1b: Meowscarada|typechange|Grass|[from] ability: Protean\n|-supereffective|p2a: Great Tusk\n|-crit|p2a: Great Tusk\n|-damage|p2a: Great Tusk|10\/100\n|-damage|p1b: Meowscarada|91\/100|[from] item: Life Orb\n|move|p2a: Great Tusk|Ice Spinner|p1b: Meowscarada\n|-supereffective|p1b: Meowscarada\n|-damage|p1b: Meowscarada|0 fnt\n|faint|p1b: Meowscarada\n|move|p1a: Corviknight|Body Press|p2b: Umbreon\n|-supereffective|p2b: Umbreon\n|-damage|p2b: Umbreon|12\/100\n|-damage|p1a: Corviknight|64\/100|[from] item: Rocky Helmet|[of] p2b: Umbreon\n|move|p2b: Umbreon|Yawn|p1a: Corviknight\n|-start|p1a: Corviknight|move: Yawn|[of] p2b: Umbreon\n|\n|-heal|p2a: Great Tusk|16\/100|[from] item: Leftovers\n|-heal|p1a: Corviknight|69\/100|[from] item: Leftovers\n|upkeep\n|turn|7\n|\n|t:|1682241496\n|move|p2a: Great Tusk|Protect|p2a: Great Tusk\n|-singleturn|p2a: Great Tusk|Protect\n|move|p2b: Umbreon|Protect|p2b: Umbreon\n|-singleturn|p2b: Umbreon|Protect\n|move|p1a: Corviknight|Body Press|p2b: Umbreon\n|-activate|p2b: Umbreon|move: Protect\n|\n|-heal|p2a: Great Tusk|22\/100|[from] item: Leftovers\n|-heal|p1a: Corviknight|75\/100|[from] item: Leftovers\n|-end|p1a: Corviknight|move: Yawn|[silent]\n|-status|p1a: Corviknight|slp\n|upkeep\n|turn|8\n|\n|t:|1682241512\n|move|p2a: Great Tusk|Ice Spinner|p1a: Corviknight\n|-damage|p1a: Corviknight|67\/100 slp\n|cant|p1a: Corviknight|slp\n|move|p2b: Umbreon|Screech|p1a: Corviknight\n|-ability|p1a: Corviknight|Mirror Armor\n|-unboost|p2b: Umbreon|def|2\n|\n|-heal|p2a: Great Tusk|28\/100|[from] item: Leftovers\n|-heal|p1a: Corviknight|73\/100 slp|[from] item: Leftovers\n|upkeep\n|turn|9\n|\n|t:|1682241525\n|move|p2a: Great Tusk|Ice Spinner|p1a: Corviknight\n|-damage|p1a: Corviknight|66\/100 slp\n|cant|p1a: Corviknight|slp\n|move|p2b: Umbreon|Foul Play|p1a: Corviknight\n|-damage|p1a: Corviknight|59\/100 slp\n|\n|-heal|p2a: Great Tusk|33\/100|[from] item: Leftovers\n|-heal|p1a: Corviknight|65\/100 slp|[from] item: Leftovers\n|upkeep\n|turn|10\n|\n|t:|1682241541\n|move|p2a: Great Tusk|Ice Spinner|p1a: Corviknight\n|-damage|p1a: Corviknight|59\/100 slp\n|cant|p1a: Corviknight|slp\n|move|p2b: Umbreon|Yawn||[still]\n|-fail|p2b: Umbreon\n|\n|-heal|p2a: Great Tusk|39\/100|[from] item: Leftovers\n|-heal|p1a: Corviknight|65\/100 slp|[from] item: Leftovers\n|upkeep\n|turn|11\n|\n|t:|1682241551\n|move|p2a: Great Tusk|Protect|p2a: Great Tusk\n|-singleturn|p2a: Great Tusk|Protect\n|-curestatus|p1a: Corviknight|slp|[msg]\n|move|p1a: Corviknight|Body Press|p2b: Umbreon\n|-supereffective|p2b: Umbreon\n|-damage|p2b: Umbreon|0 fnt\n|-damage|p1a: Corviknight|48\/100|[from] item: Rocky Helmet|[of] p2b: Umbreon\n|faint|p2b: Umbreon\n|\n|-heal|p2a: Great Tusk|45\/100|[from] item: Leftovers\n|-heal|p1a: Corviknight|54\/100|[from] item: Leftovers\n|upkeep\n|turn|12\n|c|\u2606b4d3|lol\n|\n|t:|1682241568\n|move|p2a: Great Tusk|Iron Head|p1a: Corviknight\n|-resisted|p1a: Corviknight\n|-damage|p1a: Corviknight|51\/100\n|move|p1a: Corviknight|Roost|p1a: Corviknight\n|-heal|p1a: Corviknight|100\/100\n|-singleturn|p1a: Corviknight|move: Roost\n|\n|-heal|p2a: Great Tusk|51\/100|[from] item: Leftovers\n|upkeep\n|turn|13\n|c|\u2606b4d3|lol\n|\n|t:|1682241580\n|move|p2a: Great Tusk|Ice Spinner|p1a: Corviknight\n|-damage|p1a: Corviknight|94\/100\n|move|p1a: Corviknight|Body Press|p2a: Great Tusk\n|-damage|p2a: Great Tusk|3\/100\n|\n|-heal|p2a: Great Tusk|9\/100|[from] item: Leftovers\n|-heal|p1a: Corviknight|99\/100|[from] item: Leftovers\n|upkeep\n|turn|14\n|\n|t:|1682241590\n|move|p2a: Great Tusk|Protect|p2a: Great Tusk\n|-singleturn|p2a: Great Tusk|Protect\n|move|p1a: Corviknight|Body Press|p2a: Great Tusk\n|-activate|p2a: Great Tusk|move: Protect\n|\n|-heal|p2a: Great Tusk|14\/100|[from] item: Leftovers\n|-heal|p1a: Corviknight|100\/100|[from] item: Leftovers\n|upkeep\n|turn|15\n|c|\u2606b4d3|hmmmm\n|\n|t:|1682241599\n|move|p2a: Great Tusk|Ice Spinner|p1a: Corviknight\n|-damage|p1a: Corviknight|94\/100\n|move|p1a: Corviknight|Body Press|p2a: Great Tusk\n|-damage|p2a: Great Tusk|0 fnt\n|faint|p2a: Great Tusk\n|-end|p2a: Great Tusk|Protosynthesis|[silent]\n|\n|win|b4d3\n|raw|b4d3's rating: 1087 → 1109<\/strong> (+22 for winning)\n|raw|padhug's rating: 1022 → 1011<\/strong> (-11 for losing)\n|l|\u2606padhug\n","uploadtime":1682241619,"views":17,"p1id":"b4d3","p2id":"padhug","formatid":"gen9vgc2023regulationc","rating":1011,"private":0,"password":""}