{"id":"gen9vgc2023regulationc-1858012412","p1":"dadarvin","p2":"Jdaboy1337","format":"[Gen 9] VGC 2023 Regulation C","log":"|j|\u2606dadarvin\n|j|\u2606Jdaboy1337\n|t:|1683260096\n|gametype|doubles\n|player|p1|dadarvin|rosa|1323\n|player|p2|Jdaboy1337|fisherman-gen4|1397\n|teamsize|p1|6\n|teamsize|p2|6\n|gen|9\n|tier|[Gen 9] VGC 2023 Regulation C\n|rated|\n|rule|Species Clause: Limit one of each Pok\u00e9mon\n|rule|Item Clause: Limit one of each item\n|clearpoke\n|poke|p1|Torkoal, L50, F|\n|poke|p1|Armarouge, L50, F|\n|poke|p1|Gothitelle, L50, M|\n|poke|p1|Indeedee, L50, M|\n|poke|p1|Gallade, L50, M|\n|poke|p1|Flutter Mane, L50|\n|poke|p2|Palafin, L50, F|\n|poke|p2|Amoonguss, L50, M|\n|poke|p2|Flutter Mane, L50|\n|poke|p2|Arcanine, L50, F|\n|poke|p2|Great Tusk, L50|\n|poke|p2|Iron Bundle, L50|\n|teampreview|4\n|inactive|Battle timer is ON: inactive players will automatically lose when time's up. (requested by Jdaboy1337)\n|inactive|dadarvin has 60 seconds left.\n|inactive|Jdaboy1337 has 60 seconds left.\n|inactive|Jdaboy1337 has 30 seconds left.\n|\n|t:|1683260166\n|start\n|switch|p1a: Indeedee|Indeedee, L50, M|100\/100\n|switch|p1b: Flutter Mane|Flutter Mane, L50|100\/100\n|switch|p2a: Amoonguss|Amoonguss, L50, M, shiny|100\/100\n|switch|p2b: Flutter Mane|Flutter Mane, L50|100\/100\n|-fieldstart|move: Psychic Terrain|[from] ability: Psychic Surge|[of] p1a: Indeedee\n|turn|1\n|inactive|dadarvin has 30 seconds left.\n|inactive|dadarvin has 20 seconds left.\n|inactive|dadarvin has 15 seconds left.\n|inactive|dadarvin has 10 seconds left.\n|\n|t:|1683260215\n|move|p2a: Amoonguss|Protect|p2a: Amoonguss\n|-singleturn|p2a: Amoonguss|Protect\n|move|p1a: Indeedee|Psychic|p2a: Amoonguss\n|-activate|p2a: Amoonguss|move: Protect\n|move|p1b: Flutter Mane|Shadow Ball|p2b: Flutter Mane\n|-supereffective|p2b: Flutter Mane\n|-crit|p2b: Flutter Mane\n|-enditem|p2b: Flutter Mane|Focus Sash\n|-damage|p2b: Flutter Mane|1\/100\n|-unboost|p2b: Flutter Mane|spd|1\n|move|p2b: Flutter Mane|Shadow Ball|p1b: Flutter Mane\n|-supereffective|p1b: Flutter Mane\n|-damage|p1b: Flutter Mane|7\/100\n|\n|upkeep\n|turn|2\n|\n|t:|1683260236\n|-terastallize|p2a: Amoonguss|Dark\n|move|p2b: Flutter Mane|Protect|p2b: Flutter Mane\n|-singleturn|p2b: Flutter Mane|Protect\n|move|p1a: Indeedee|Psychic|p2b: Flutter Mane\n|-activate|p2b: Flutter Mane|move: Protect\n|move|p1b: Flutter Mane|Shadow Ball|p2a: Amoonguss\n|-resisted|p2a: Amoonguss\n|-damage|p2a: Amoonguss|69\/100\n|move|p2a: Amoonguss|Spore|p1b: Flutter Mane\n|-status|p1b: Flutter Mane|slp|[from] move: Spore\n|\n|upkeep\n|turn|3\n|\n|t:|1683260260\n|move|p2a: Amoonguss|Rage Powder|p2a: Amoonguss\n|-singleturn|p2a: Amoonguss|move: Rage Powder\n|move|p1a: Indeedee|Psychic|p2a: Amoonguss\n|-immune|p2a: Amoonguss\n|cant|p1b: Flutter Mane|slp\n|move|p2b: Flutter Mane|Dazzling Gleam|p1a: Indeedee|[spread] p1a,p1b\n|-damage|p1a: Indeedee|49\/100\n|-damage|p1b: Flutter Mane|0 fnt\n|faint|p1b: Flutter Mane\n|-end|p1b: Flutter Mane|Protosynthesis|[silent]\n|\n|upkeep\n|\n|t:|1683260265\n|switch|p1b: Armarouge|Armarouge, L50, F|100\/100\n|turn|4\n|\n|t:|1683260275\n|switch|p1a: Torkoal|Torkoal, L50, F|100\/100\n|-weather|SunnyDay|[from] ability: Drought|[of] p1a: Torkoal\n|-activate|p2b: Flutter Mane|ability: Protosynthesis\n|-start|p2b: Flutter Mane|protosynthesisspa\n|move|p2a: Amoonguss|Rage Powder|p2a: Amoonguss\n|-singleturn|p2a: Amoonguss|move: Rage Powder\n|move|p2b: Flutter Mane|Shadow Ball|p1b: Armarouge\n|-supereffective|p1b: Armarouge\n|-damage|p1b: Armarouge|13\/100\n|-unboost|p1b: Armarouge|spd|1\n|-enditem|p1b: Armarouge|Weakness Policy\n|-boost|p1b: Armarouge|atk|2|[from] item: Weakness Policy\n|-boost|p1b: Armarouge|spa|2|[from] item: Weakness Policy\n|move|p1b: Armarouge|Expanding Force|p2b: Flutter Mane|[spread] p2b\n|-immune|p2a: Amoonguss\n|-damage|p2b: Flutter Mane|0 fnt\n|faint|p2b: Flutter Mane\n|-end|p2b: Flutter Mane|Protosynthesis|[silent]\n|\n|-weather|SunnyDay|[upkeep]\n|upkeep\n|\n|t:|1683260294\n|switch|p2b: Iron Bundle|Iron Bundle, L50|100\/100\n|-enditem|p2b: Iron Bundle|Booster Energy\n|-activate|p2b: Iron Bundle|ability: Quark Drive|[fromitem]\n|-start|p2b: Iron Bundle|quarkdrivespe\n|turn|5\n|\n|t:|1683260304\n|-terastallize|p1a: Torkoal|Grass\n|move|p1b: Armarouge|Protect|p1b: Armarouge\n|-singleturn|p1b: Armarouge|Protect\n|move|p2b: Iron Bundle|Freeze-Dry|p1b: Armarouge\n|-activate|p1b: Armarouge|move: Protect\n|move|p2a: Amoonguss|Spore|p1a: Torkoal\n|-immune|p1a: Torkoal\n|move|p1a: Torkoal|Eruption|p2a: Amoonguss|[spread] p2a,p2b\n|-damage|p2a: Amoonguss|0 fnt\n|-damage|p2b: Iron Bundle|0 fnt\n|faint|p2a: Amoonguss\n|faint|p2b: Iron Bundle\n|-end|p2b: Iron Bundle|Quark Drive|[silent]\n|\n|-weather|SunnyDay|[upkeep]\n|-fieldend|move: Psychic Terrain\n|upkeep\n|-message|Jdaboy1337 forfeited.\n|\n|win|dadarvin\n|raw|dadarvin's rating: 1323 → 1347<\/strong> (+24 for winning)\n|raw|Jdaboy1337's rating: 1397 → 1373<\/strong> (-24 for losing)\n|l|\u2606Jdaboy1337\n","uploadtime":1683260327,"views":6,"p1id":"dadarvin","p2id":"jdaboy1337","formatid":"gen9vgc2023regulationc","rating":1347,"private":0,"password":""}