{"id":"gen9vgc2023regulationc-1858848276","p1":"Neto123","p2":"tomo0501","format":"[Gen 9] VGC 2023 Regulation C","log":"|j|\u2606Neto123\n|j|\u2606tomo0501\n|t:|1683373012\n|gametype|doubles\n|player|p1|Neto123|265|1319\n|player|p2|tomo0501|102|1416\n|teamsize|p1|6\n|teamsize|p2|6\n|gen|9\n|tier|[Gen 9] VGC 2023 Regulation C\n|rated|\n|rule|Species Clause: Limit one of each Pok\u00e9mon\n|rule|Item Clause: Limit one of each item\n|clearpoke\n|poke|p1|Torkoal, L50, F|\n|poke|p1|Iron Hands, L50|\n|poke|p1|Flutter Mane, L50|\n|poke|p1|Barraskewda, L50, M|\n|poke|p1|Maushold, L50|\n|poke|p1|Lilligant, L50, F|\n|poke|p2|Glimmora, L50, M|\n|poke|p2|Chi-Yu, L50|\n|poke|p2|Flutter Mane, L50|\n|poke|p2|Dragonite, L50, F|\n|poke|p2|Tatsugiri, L50, M|\n|poke|p2|Dondozo, L50, F|\n|teampreview|4\n|inactive|Battle timer is ON: inactive players will automatically lose when time's up. (requested by Neto123)\n|inactive|tomo0501 has 60 seconds left.\n|\n|t:|1683373055\n|start\n|switch|p1a: Iron Hands|Iron Hands, L50|100\/100\n|switch|p1b: Barraskewda|Barraskewda, L50, M|100\/100\n|switch|p2a: Dragonite|Dragonite, L50, F|100\/100\n|switch|p2b: Glimmora|Glimmora, L50, M|100\/100\n|turn|1\n|\n|t:|1683373070\n|switch|p2b: Tatsugiri|Tatsugiri, L50, M|100\/100\n|move|p1a: Iron Hands|Fake Out|p2b: Tatsugiri\n|-damage|p2b: Tatsugiri|71\/100\n|move|p2a: Dragonite|Extreme Speed|p1b: Barraskewda\n|-damage|p1b: Barraskewda|42\/100\n|move|p1b: Barraskewda|Ice Fang|p2a: Dragonite\n|-supereffective|p2a: Dragonite\n|-damage|p2a: Dragonite|20\/100\n|\n|upkeep\n|turn|2\n|\n|t:|1683373093\n|move|p2a: Dragonite|Protect|p2a: Dragonite\n|-singleturn|p2a: Dragonite|Protect\n|move|p1b: Barraskewda|Ice Fang|p2b: Tatsugiri\n|-damage|p2b: Tatsugiri|5\/100\n|move|p2b: Tatsugiri|Muddy Water|p1b: Barraskewda|[spread] p1a,p1b\n|-resisted|p1b: Barraskewda\n|-damage|p1a: Iron Hands|69\/100\n|-damage|p1b: Barraskewda|0 fnt\n|faint|p1b: Barraskewda\n|move|p1a: Iron Hands|Wild Charge|p2a: Dragonite\n|-activate|p2a: Dragonite|move: Protect\n|\n|upkeep\n|\n|t:|1683373107\n|switch|p1b: Lilligant|Lilligant, L50, F|100\/100\n|turn|3\n|\n|t:|1683373131\n|switch|p2b: Glimmora|Glimmora, L50, M|100\/100\n|move|p2a: Dragonite|Extreme Speed|p1b: Lilligant\n|-damage|p1b: Lilligant|63\/100\n|move|p1b: Lilligant|Energy Ball|p2b: Glimmora\n|-damage|p2b: Glimmora|53\/100\n|move|p1a: Iron Hands|Wild Charge|p2a: Dragonite\n|-damage|p2a: Dragonite|0 fnt\n|faint|p2a: Dragonite\n|-damage|p1a: Iron Hands|66\/100|[from] Recoil\n|\n|upkeep\n|\n|t:|1683373147\n|switch|p2a: Flutter Mane|Flutter Mane, L50|100\/100\n|-enditem|p2a: Flutter Mane|Booster Energy\n|-activate|p2a: Flutter Mane|ability: Protosynthesis|[fromitem]\n|-start|p2a: Flutter Mane|protosynthesisspe\n|turn|4\n|inactive|tomo0501 has 30 seconds left.\n|\n|t:|1683373175\n|-end|p1a: Iron Hands|Quark Drive|[silent]\n|switch|p1a: Torkoal|Torkoal, L50, F|100\/100\n|-weather|SunnyDay|[from] ability: Drought|[of] p1a: Torkoal\n|move|p2a: Flutter Mane|Protect|p2a: Flutter Mane\n|-singleturn|p2a: Flutter Mane|Protect\n|move|p1b: Lilligant|Sleep Powder|p2a: Flutter Mane\n|-activate|p2a: Flutter Mane|move: Protect\n|move|p2b: Glimmora|Power Gem|p1b: Lilligant\n|-damage|p1b: Lilligant|5\/100\n|\n|-weather|SunnyDay|[upkeep]\n|upkeep\n|turn|5\n|\n|t:|1683373193\n|-end|p2a: Flutter Mane|Protosynthesis|[silent]\n|switch|p2a: Tatsugiri|Tatsugiri, L50, M|5\/100\n|move|p1b: Lilligant|After You|p1a: Torkoal\n|-activate|p1a: Torkoal|move: After You\n|move|p1a: Torkoal|Eruption|p2b: Glimmora|[spread] p2a,p2b\n|-resisted|p2a: Tatsugiri\n|-resisted|p2b: Glimmora\n|-damage|p2a: Tatsugiri|0 fnt\n|-damage|p2b: Glimmora|6\/100\n|faint|p2a: Tatsugiri\n|move|p2b: Glimmora|Power Gem|p1b: Lilligant\n|-damage|p1b: Lilligant|0 fnt\n|faint|p1b: Lilligant\n|\n|-weather|SunnyDay|[upkeep]\n|upkeep\n|\n|t:|1683373208\n|switch|p1b: Iron Hands|Iron Hands, L50|66\/100\n|switch|p2a: Flutter Mane|Flutter Mane, L50|100\/100\n|-activate|p2a: Flutter Mane|ability: Protosynthesis\n|-start|p2a: Flutter Mane|protosynthesisspe\n|turn|6\n|inactive|tomo0501 has 30 seconds left.\n|\n|t:|1683373239\n|-terastallize|p2a: Flutter Mane|Steel\n|-terastallize|p1a: Torkoal|Fire\n|move|p1b: Iron Hands|Fake Out|p2b: Glimmora\n|-resisted|p2b: Glimmora\n|-damage|p2b: Glimmora|0 fnt\n|-activate|p2b: Glimmora|ability: Toxic Debris\n|-sidestart|p1: Neto123|move: Toxic Spikes\n|faint|p2b: Glimmora\n|move|p2a: Flutter Mane|Hex|p1a: Torkoal\n|-crit|p1a: Torkoal\n|-damage|p1a: Torkoal|34\/100\n|move|p1a: Torkoal|Eruption|p2a: Flutter Mane\n|-supereffective|p2a: Flutter Mane\n|-damage|p2a: Flutter Mane|12\/100\n|\n|-weather|SunnyDay|[upkeep]\n|upkeep\n|turn|7\n|-message|tomo0501 forfeited.\n|\n|win|Neto123\n|raw|Neto123's rating: 1319 → 1344<\/strong> (+25 for winning)\n|raw|tomo0501's rating: 1416 → 1391<\/strong> (-25 for losing)\n|l|\u2606tomo0501\n","uploadtime":1683373295,"views":8,"p1id":"neto123","p2id":"tomo0501","formatid":"gen9vgc2023regulationc","rating":1344,"private":0,"password":""}