{"id":"gen9vgc2023regulationc-1863885582","p1":"iuxvisionary","p2":"Jaywill06","format":"[Gen 9] VGC 2023 Regulation C","log":"|j|\u2606iuxvisionary\n|j|\u2606Jaywill06\n|t:|1684089387\n|gametype|doubles\n|player|p1|iuxvisionary|flint|1149\n|player|p2|Jaywill06|rosa|1125\n|teamsize|p1|6\n|teamsize|p2|6\n|gen|9\n|tier|[Gen 9] VGC 2023 Regulation C\n|rated|\n|rule|Species Clause: Limit one of each Pok\u00e9mon\n|rule|Item Clause: Limit one of each item\n|clearpoke\n|poke|p1|Garchomp, L50, M|\n|poke|p1|Murkrow, L50, M|\n|poke|p1|Gholdengo, L50|\n|poke|p1|Annihilape, L50, F|\n|poke|p1|Maushold-Four, L50|\n|poke|p1|Glimmora, L50, F|\n|poke|p2|Pawmot, L50, M|\n|poke|p2|Dondozo, L50, F|\n|poke|p2|Tatsugiri, L50, F|\n|poke|p2|Iron Bundle, L50|\n|poke|p2|Murkrow, L50, M|\n|poke|p2|Gholdengo, L50|\n|teampreview|4\nJaywill06 has agreed to open team sheets.\niuxvisionary has agreed to open team sheets.\n|c|\u2606Jaywill06|Safety goggles\n|c|\u2606Jaywill06|Interesting\n|c|\u2606iuxvisionary|don't want him spored\n|c|\u2606Jaywill06|Makes sense\n|\n|t:|1684089479\n|start\n|switch|p1a: Murkrow|Murkrow, L50, M|100\/100\n|switch|p1b: Gholdengo|Gholdengo, L50|100\/100\n|switch|p2a: Iron Pravus|Iron Bundle, L50|100\/100\n|switch|p2b: Cyrus|Pawmot, L50, M|100\/100\n|turn|1\n|\n|t:|1684089503\n|move|p2b: Cyrus|Fake Out|p1a: Murkrow\n|-damage|p1a: Murkrow|67\/100\n|cant|p1a: Murkrow|flinch\n|move|p2a: Iron Pravus|Hydro Pump|p1b: Gholdengo|[miss]\n|-miss|p2a: Iron Pravus|p1b: Gholdengo\n|move|p1b: Gholdengo|Make It Rain|p2a: Iron Pravus|[spread] p2a,p2b\n|-resisted|p2b: Cyrus\n|-damage|p2a: Iron Pravus|0 fnt\n|-damage|p2b: Cyrus|25\/100\n|-unboost|p1b: Gholdengo|spa|1\n|faint|p2a: Iron Pravus\n|-end|p2a: Iron Pravus|Quark Drive|[silent]\n|\n|upkeep\n|\n|t:|1684089522\n|switch|p2a: King|Gholdengo, L50|100\/100\n|turn|2\n|\n|t:|1684089546\n|-terastallize|p2a: King|Steel\n|move|p1a: Murkrow|Sucker Punch||[still]\n|-fail|p1a: Murkrow\n|move|p2b: Cyrus|Double Shock|p1b: Gholdengo\n|-damage|p1b: Gholdengo|39\/100\n|-start|p2b: Cyrus|typechange|???\/Fighting|[from] move: Double Shock\n|move|p2a: King|Trick|p1a: Murkrow\n|-activate|p2a: King|move: Trick|[of] p1a: Murkrow\n|-item|p1a: Murkrow|Choice Specs|[from] move: Trick\n|-item|p2a: King|Life Orb|[from] move: Trick\n|move|p1b: Gholdengo|Make It Rain|p2b: Cyrus|[spread] p2a,p2b\n|-resisted|p2a: King\n|-damage|p2a: King|69\/100\n|-damage|p2b: Cyrus|0 fnt\n|-unboost|p1b: Gholdengo|spa|1\n|faint|p2b: Cyrus\n|\n|upkeep\n|\n|t:|1684089559\n|switch|p2b: Deshaun|Murkrow, L50, M|100\/100\n|turn|3\n|\n|t:|1684089576\n|switch|p1b: Maushold|Maushold-Four, L50|100\/100\n|move|p1a: Murkrow|Tailwind|p1a: Murkrow\n|-sidestart|p1: iuxvisionary|move: Tailwind\n|move|p2b: Deshaun|Tailwind|p2b: Deshaun\n|-sidestart|p2: Jaywill06|move: Tailwind\n|move|p2a: King|Make It Rain|p1b: Maushold|[spread] p1a,p1b\n|-damage|p1a: Murkrow|0 fnt\n|-damage|p1b: Maushold|21\/100\n|-unboost|p2a: King|spa|1\n|faint|p1a: Murkrow\n|-damage|p2a: King|59\/100|[from] item: Life Orb\n|\n|upkeep\n|\n|t:|1684089579\n|switch|p1a: Annihilape|Annihilape, L50, F|100\/100\n|turn|4\n|\n|t:|1684089626\n|-terastallize|p1a: Annihilape|Steel\n|move|p2b: Deshaun|Taunt|p1b: Maushold\n|-start|p1b: Maushold|move: Taunt\n|move|p2a: King|Shadow Ball|p1a: Annihilape\n|-damage|p1a: Annihilape|81\/100\n|-damage|p2a: King|50\/100|[from] item: Life Orb\n|move|p1b: Maushold|Beat Up|p1a: Annihilape\n|-damage|p1a: Annihilape|80\/100\n|-damage|p1a: Annihilape|78\/100\n|-damage|p1a: Annihilape|76\/100\n|-hitcount|p1a: Annihilape|3\n|move|p1a: Annihilape|Drain Punch|p2a: King\n|-supereffective|p2a: King\n|-damage|p2a: King|0 fnt\n|-heal|p1a: Annihilape|94\/100|[from] drain|[of] p2a: King\n|faint|p2a: King\n|\n|-heal|p1a: Annihilape|100\/100|[from] item: Leftovers\n|upkeep\n|turn|5\n|c|\u2606Jaywill06|OH SHIT\n|c|\u2606Jaywill06|That's mad smart\n|c|\u2606iuxvisionary|yeah its kinda funny\n|c|\u2606Jaywill06|I'm not even mad\n|c|\u2606Jaywill06|ggs\n|c|\u2606iuxvisionary|ggs\n|\n|t:|1684089676\n|move|p1b: Maushold|Super Fang|p2b: Deshaun\n|-damage|p2b: Deshaun|51\/100\n|move|p1a: Annihilape|Drain Punch|p2b: Deshaun\n|-damage|p2b: Deshaun|23\/100\n|move|p2b: Deshaun|Foul Play|p1a: Annihilape\n|-damage|p1a: Annihilape|72\/100\n|\n|-heal|p1a: Annihilape|78\/100|[from] item: Leftovers\n|upkeep\n|turn|6\n|c|\u2606Jaywill06|I'm stealing that\n|c|\u2606iuxvisionary|please do\n|\n|t:|1684089694\n|move|p1b: Maushold|Beat Up|p2b: Deshaun\n|-resisted|p2b: Deshaun\n|-damage|p2b: Deshaun|22\/100\n|-resisted|p2b: Deshaun\n|-damage|p2b: Deshaun|21\/100\n|-resisted|p2b: Deshaun\n|-damage|p2b: Deshaun|20\/100\n|-hitcount|p2b: Deshaun|3\n|move|p1a: Annihilape|Drain Punch|p2b: Deshaun\n|-damage|p2b: Deshaun|0 fnt\n|-heal|p1a: Annihilape|86\/100|[from] drain|[of] p2b: Deshaun\n|faint|p2b: Deshaun\n|\n|win|iuxvisionary\n|raw|iuxvisionary's rating: 1149 → 1172<\/strong> (+23 for winning)\n|raw|Jaywill06's rating: 1125 → 1102<\/strong> (-23 for losing)\n|c|\u2606Jaywill06|Good luck on the ladder boss\n|c|\u2606iuxvisionary|you too man\n","uploadtime":1684089720,"views":5,"p1id":"iuxvisionary","p2id":"jaywill06","formatid":"gen9vgc2023regulationc","rating":1102,"private":0,"password":""}