{"id":"gen9vgc2023regulationc-1861809479","p1":"ElectaCrow","p2":"Arcanine Numbers","format":"[Gen 9] VGC 2023 Regulation C","log":"|j|\u2606ElectaCrow\n|j|\u2606Arcanine Numbers\n|t:|1683810939\n|gametype|doubles\n|player|p1|ElectaCrow|hilbert|\n|player|p2|Arcanine Numbers|ethan-masters|\n|teamsize|p1|6\n|teamsize|p2|6\n|gen|9\n|tier|[Gen 9] VGC 2023 Regulation C\n|rule|Tera Type Preview: Tera Types are shown at Team Preview\n|rule|Species Clause: Limit one of each Pok\u00e9mon\n|rule|Item Clause: Limit one of each item\n|clearpoke\n|poke|p1|Chien-Pao, L50|\n|poke|p1|Dragapult, L50, M|\n|poke|p1|Azumarill, L50, M|\n|poke|p1|Rotom-Wash, L50|\n|poke|p1|Bronzong, L50|\n|poke|p1|Skeledirge, L50, M|\n|poke|p2|Arcanine, L50, F|\n|poke|p2|Dondozo, L50, M|\n|poke|p2|Tatsugiri, L50, M|\n|poke|p2|Flamigo, L50, F|\n|poke|p2|Pelipper, L50, M|\n|poke|p2|Kilowattrel, L50, F|\n|teampreview|4\n|raw|ElectaCrow's Tera Types: \/ \/ \/ \/ \/ \n|raw|Arcanine Numbers's Tera Types: \/ \/ \/ \/ \/ \n|inactive|Battle timer is ON: inactive players will automatically lose when time's up. (requested by Arcanine Numbers)\n|inactiveoff|Battle timer is now OFF.\nArcanine Numbers rejected open team sheets.\n|\n|t:|1683810976\n|start\n|switch|p1a: Dragapult|Dragapult, L50, M|100\/100\n|switch|p1b: Rotom|Rotom-Wash, L50|100\/100\n|switch|p2a: Pelipper|Pelipper, L50, M|100\/100\n|switch|p2b: Kilowattrel|Kilowattrel, L50, F|100\/100\n|-weather|RainDance|[from] ability: Drizzle|[of] p2a: Pelipper\n|turn|1\n|\n|t:|1683811068\n|switch|p2b: Dondozo|Dondozo, L50, M|100\/100\n|move|p1a: Dragapult|Dragon Darts|p2b: Dondozo\n|-damage|p2b: Dondozo|76\/100\n|-anim|p1a: Dragapult|Dragon Darts|p2a: Pelipper\n|-damage|p2a: Pelipper|60\/100\n|move|p1b: Rotom|Volt Switch|p2a: Pelipper\n|-supereffective|p2a: Pelipper\n|-damage|p2a: Pelipper|0 fnt\n|faint|p2a: Pelipper\n|\n|t:|1683811075\n|switch|p1b: Azumarill|Azumarill, L50, M|100\/100|[from] Volt Switch\n|\n|-weather|RainDance|[upkeep]\n|upkeep\n|\n|t:|1683811083\n|switch|p2a: Kilowattrel|Kilowattrel, L50, F|100\/100\n|turn|2\n|\n|t:|1683811135\n|move|p1b: Azumarill|Protect|p1b: Azumarill\n|-singleturn|p1b: Azumarill|Protect\n|move|p2a: Kilowattrel|Thunder|p1b: Azumarill\n|-activate|p1b: Azumarill|move: Protect\n|move|p1a: Dragapult|Dragon Darts|p2a: Kilowattrel\n|-damage|p2a: Kilowattrel|20\/100\n|-anim|p1a: Dragapult|Dragon Darts|p2b: Dondozo\n|-damage|p2b: Dondozo|49\/100\n|-enditem|p2b: Dondozo|Sitrus Berry|[eat]\n|-heal|p2b: Dondozo|74\/100|[from] item: Sitrus Berry\n|move|p2b: Dondozo|Order Up|p1a: Dragapult\n|-supereffective|p1a: Dragapult\n|-damage|p1a: Dragapult|33\/100\n|\n|-weather|RainDance|[upkeep]\n|upkeep\n|turn|3\n|\n|t:|1683811149\n|switch|p1b: Bronzong|Bronzong, L50|100\/100\n|move|p2a: Kilowattrel|Thunder|p1b: Bronzong\n|-damage|p1b: Bronzong|32\/100\n|move|p1a: Dragapult|Dragon Darts|p2a: Kilowattrel\n|-crit|p2a: Kilowattrel\n|-damage|p2a: Kilowattrel|0 fnt\n|-anim|p1a: Dragapult|Dragon Darts|p2b: Dondozo\n|-damage|p2b: Dondozo|46\/100\n|faint|p2a: Kilowattrel\n|move|p2b: Dondozo|Order Up|p1a: Dragapult\n|-supereffective|p1a: Dragapult\n|-damage|p1a: Dragapult|0 fnt\n|faint|p1a: Dragapult\n|\n|-weather|RainDance|[upkeep]\n|upkeep\n|\n|t:|1683811153\n|switch|p2a: Flamigo|Flamigo, L50, F|100\/100\n|switch|p1a: Azumarill|Azumarill, L50, M|100\/100\n|-copyboost|p2a: Flamigo|p2b: Dondozo|[from] ability: Costar\n|turn|4\n|\n|t:|1683811170\n|-terastallize|p2a: Flamigo|Flying\n|move|p2a: Flamigo|Brave Bird|p1a: Azumarill\n|-damage|p1a: Azumarill|12\/100\n|-damage|p2a: Flamigo|65\/100|[from] Recoil\n|-damage|p2a: Flamigo|55\/100|[from] item: Life Orb\n|move|p1a: Azumarill|Play Rough|p2a: Flamigo\n|-damage|p2a: Flamigo|0 fnt\n|faint|p2a: Flamigo\n|move|p2b: Dondozo|Rest|p2b: Dondozo\n|-status|p2b: Dondozo|slp|[from] move: Rest\n|-heal|p2b: Dondozo|100\/100 slp|[silent]\n|move|p1b: Bronzong|Hypnosis|p2b: Dondozo\n|-fail|p2b: Dondozo|slp\n|\n|-weather|RainDance|[upkeep]\n|upkeep\n|turn|5\n|\n|t:|1683811202\n|move|p1a: Azumarill|Play Rough|p2b: Dondozo\n|-damage|p2b: Dondozo|65\/100 slp\n|cant|p2b: Dondozo|slp\n|move|p1b: Bronzong|Body Press|p2b: Dondozo\n|-damage|p2b: Dondozo|49\/100 slp\n|\n|-weather|none\n|upkeep\n|turn|6\n|\n|t:|1683811214\n|move|p1a: Azumarill|Play Rough|p2b: Dondozo\n|-damage|p2b: Dondozo|10\/100 slp\n|cant|p2b: Dondozo|slp\n|move|p1b: Bronzong|Body Press|p2b: Dondozo\n|-damage|p2b: Dondozo|0 fnt\n|faint|p2b: Dondozo\n|\n|win|ElectaCrow\n|c|\u2606Arcanine Numbers|g2g2\n|l|\u2606Arcanine Numbers\n","uploadtime":1683811360,"views":21,"p1id":"electacrow","p2id":"arcaninenumbers","formatid":"gen9vgc2023regulationc","rating":0,"private":0,"password":""}