{"id":"gen9vgc2023regulationc-1849239013","p1":"Boggy00","p2":"An_Italian_Jojo","format":"[Gen 9] VGC 2023 Regulation C","log":"|j|\u2606Boggy00\n|j|\u2606An_Italian_Jojo\n|t:|1682176529\n|gametype|doubles\n|player|p1|Boggy00|266|1108\n|player|p2|An_Italian_Jojo|1|1201\n|teamsize|p1|6\n|teamsize|p2|6\n|gen|9\n|tier|[Gen 9] VGC 2023 Regulation C\n|rated|\n|rule|Species Clause: Limit one of each Pok\u00e9mon\n|rule|Item Clause: Limit one of each item\n|clearpoke\n|poke|p1|Flutter Mane, L50|\n|poke|p1|Wo-Chien, L50|\n|poke|p1|Annihilape, L50, M|\n|poke|p1|Arcanine, L50, F|\n|poke|p1|Corviknight, L50, M|\n|poke|p1|Ting-Lu, L50|\n|poke|p2|Maushold-Four, L50|\n|poke|p2|Annihilape, L50, M|\n|poke|p2|Tinkaton, L50, F|\n|poke|p2|Pelipper, L50, M|\n|poke|p2|Chi-Yu, L50|\n|poke|p2|Palafin, L50, F|\n|teampreview|4\n|c|\u2606An_Italian_Jojo|gl hf\nAn_Italian_Jojo has agreed to open team sheets.\n|\n|t:|1682176562\n|start\n|switch|p1a: Wo-Chien|Wo-Chien, L50|100\/100\n|switch|p1b: Flutter Mane|Flutter Mane, L50|100\/100\n|switch|p2a: Maushold|Maushold-Four, L50|100\/100\n|switch|p2b: Annihilape|Annihilape, L50, M|100\/100\n|-ability|p1a: Wo-Chien|Tablets of Ruin\n|turn|1\n|\n|t:|1682176587\n|move|p2a: Maushold|Follow Me|p2a: Maushold\n|-singleturn|p2a: Maushold|move: Follow Me\n|move|p1b: Flutter Mane|Dazzling Gleam|p2b: Annihilape|[spread] p2a,p2b\n|-supereffective|p2b: Annihilape\n|-damage|p2a: Maushold|55\/100\n|-damage|p2b: Annihilape|46\/100\n|-damage|p1b: Flutter Mane|91\/100|[from] item: Life Orb\n|move|p2b: Annihilape|Bulk Up|p2b: Annihilape\n|-boost|p2b: Annihilape|atk|1\n|-boost|p2b: Annihilape|def|1\n|move|p1a: Wo-Chien|Leech Seed|p2a: Maushold|[miss]\n|-miss|p1a: Wo-Chien|p2a: Maushold\n|\n|-heal|p2b: Annihilape|53\/100|[from] item: Leftovers\n|upkeep\n|turn|2\n|\n|t:|1682176615\n|-terastallize|p1b: Flutter Mane|Fairy\n|-terastallize|p2b: Annihilape|Fire\n|move|p2a: Maushold|Follow Me|p2a: Maushold\n|-singleturn|p2a: Maushold|move: Follow Me\n|move|p1b: Flutter Mane|Dazzling Gleam|p2a: Maushold|[spread] p2a,p2b\n|-resisted|p2b: Annihilape\n|-damage|p2a: Maushold|0 fnt\n|-damage|p2b: Annihilape|35\/100\n|faint|p2a: Maushold\n|-damage|p1b: Flutter Mane|81\/100|[from] item: Life Orb\n|move|p2b: Annihilape|Rage Fist|p1b: Flutter Mane\n|-damage|p1b: Flutter Mane|0 fnt\n|faint|p1b: Flutter Mane\n|-end|p1b: Flutter Mane|Protosynthesis|[silent]\n|move|p1a: Wo-Chien|Leech Seed|p2b: Annihilape|[miss]\n|-miss|p1a: Wo-Chien|p2b: Annihilape\n|\n|-heal|p2b: Annihilape|42\/100|[from] item: Leftovers\n|upkeep\n|\n|t:|1682176640\n|switch|p1b: Arcanine|Arcanine, L50, F, shiny|100\/100\n|switch|p2a: Chi-Yu|Chi-Yu, L50|100\/100\n|-ability|p2a: Chi-Yu|Beads of Ruin\n|-ability|p1b: Arcanine|Intimidate|boost\n|-unboost|p2a: Chi-Yu|atk|1\n|-unboost|p2b: Annihilape|atk|1\n|-ability|p2b: Annihilape|Defiant|boost\n|-boost|p2b: Annihilape|atk|2\n|turn|3\n|\n|t:|1682176653\n|move|p1a: Wo-Chien|Protect|p1a: Wo-Chien\n|-singleturn|p1a: Wo-Chien|Protect\n|move|p2a: Chi-Yu|Heat Wave|p1a: Wo-Chien|[spread] p1b\n|-activate|p1a: Wo-Chien|move: Protect\n|-resisted|p1b: Arcanine\n|-damage|p1b: Arcanine|64\/100\n|move|p2b: Annihilape|Rage Fist|p1b: Arcanine\n|-damage|p1b: Arcanine|0 fnt\n|faint|p1b: Arcanine\n|\n|-heal|p2b: Annihilape|48\/100|[from] item: Leftovers\n|upkeep\n|\n|t:|1682176667\n|switch|p1b: Annihilape|Annihilape, L50, M|100\/100\n|turn|4\n|\n|t:|1682176687\n|move|p1b: Annihilape|Protect|p1b: Annihilape\n|-singleturn|p1b: Annihilape|Protect\n|move|p2a: Chi-Yu|Heat Wave|p1a: Wo-Chien|[spread] p1a\n|-activate|p1b: Annihilape|move: Protect\n|-supereffective|p1a: Wo-Chien\n|-crit|p1a: Wo-Chien\n|-damage|p1a: Wo-Chien|0 fnt\n|faint|p1a: Wo-Chien\n|move|p2b: Annihilape|Drain Punch|p1b: Annihilape\n|-activate|p1b: Annihilape|move: Protect\n|\n|-heal|p2b: Annihilape|54\/100|[from] item: Leftovers\n|upkeep\n|turn|5\n|\n|t:|1682176706\n|move|p2a: Chi-Yu|Heat Wave|p1b: Annihilape\n|-damage|p1b: Annihilape|15\/100\n|move|p2b: Annihilape|Rage Fist|p1b: Annihilape\n|-supereffective|p1b: Annihilape\n|-damage|p1b: Annihilape|0 fnt\n|faint|p1b: Annihilape\n|\n|win|An_Italian_Jojo\n|raw|Boggy00's rating: 1108 → 1090<\/strong> (-18 for losing)\n|raw|An_Italian_Jojo's rating: 1201 → 1219<\/strong> (+18 for winning)\n|j| A Borygon\n|l|\u2606Boggy00\n|l| A Borygon\n","uploadtime":1682176865,"views":12,"p1id":"boggy00","p2id":"anitalianjojo","formatid":"gen9vgc2023regulationc","rating":1090,"private":0,"password":""}