{"id":"gen9vgc2023regulationc-1852579807","p1":"WoJiaoReaction","p2":"Yarrack","format":"[Gen 9] VGC 2023 Regulation C","log":"|j|\u2606WoJiaoReaction\n|j|\u2606Yarrack\n|t:|1682579736\n|gametype|doubles\n|player|p1|WoJiaoReaction|firebreather|1290\n|player|p2|Yarrack|youngster-gen4dp|1329\n|teamsize|p1|6\n|teamsize|p2|6\n|gen|9\n|tier|[Gen 9] VGC 2023 Regulation C\n|rated|\n|rule|Species Clause: Limit one of each Pok\u00e9mon\n|rule|Item Clause: Limit one of each item\n|clearpoke\n|poke|p1|Azumarill, L50, M|\n|poke|p1|Skeledirge, L50, M|\n|poke|p1|Amoonguss, L50, M|\n|poke|p1|Iron Hands, L50|\n|poke|p1|Roaring Moon, L50|\n|poke|p1|Klefki, L50, F|\n|poke|p2|Flamigo, L50, F|\n|poke|p2|Chien-Pao, L50|\n|poke|p2|Dragapult, L50, M|\n|poke|p2|Roaring Moon, L50|\n|poke|p2|Amoonguss, L50, F|\n|poke|p2|Vaporeon, L50, F|\n|teampreview|4\n|inactive|Battle timer is ON: inactive players will automatically lose when time's up. (requested by Yarrack)\n|inactive|WoJiaoReaction has 60 seconds left.\n|inactive|WoJiaoReaction has 30 seconds left.\n|\n|t:|1682579798\n|start\n|switch|p1a: Roaring Moon|Roaring Moon, L50|100\/100\n|switch|p1b: Iron Hands|Iron Hands, L50|100\/100\n|switch|p2a: Roaring Moon|Roaring Moon, L50|100\/100\n|switch|p2b: Amoonguss|Amoonguss, L50, F|100\/100\n|-enditem|p2a: Roaring Moon|Booster Energy\n|-activate|p2a: Roaring Moon|ability: Protosynthesis|[fromitem]\n|-start|p2a: Roaring Moon|protosynthesisatk\n|-enditem|p1a: Roaring Moon|Booster Energy\n|-activate|p1a: Roaring Moon|ability: Protosynthesis|[fromitem]\n|-start|p1a: Roaring Moon|protosynthesisatk\n|turn|1\n|inactive|WoJiaoReaction has 30 seconds left.\n|\n|t:|1682579831\n|move|p2a: Roaring Moon|Protect|p2a: Roaring Moon\n|-singleturn|p2a: Roaring Moon|Protect\n|move|p1b: Iron Hands|Fake Out|p2a: Roaring Moon\n|-activate|p2a: Roaring Moon|move: Protect\n|move|p1a: Roaring Moon|Dragon Dance|p1a: Roaring Moon\n|-boost|p1a: Roaring Moon|atk|1\n|-boost|p1a: Roaring Moon|spe|1\n|move|p2b: Amoonguss|Spore|p1a: Roaring Moon\n|-status|p1a: Roaring Moon|slp|[from] move: Spore\n|\n|upkeep\n|turn|2\n|j| LALA21\n|inactive|WoJiaoReaction has 30 seconds left.\n|\n|t:|1682579863\n|-terastallize|p2a: Roaring Moon|Ground\n|cant|p1a: Roaring Moon|slp\n|move|p2a: Roaring Moon|Dragon Dance|p2a: Roaring Moon\n|-boost|p2a: Roaring Moon|atk|1\n|-boost|p2a: Roaring Moon|spe|1\n|move|p1b: Iron Hands|Drain Punch|p2a: Roaring Moon\n|-damage|p2a: Roaring Moon|37\/100\n|move|p2b: Amoonguss|Pollen Puff|p1a: Roaring Moon\n|-supereffective|p1a: Roaring Moon\n|-damage|p1a: Roaring Moon|68\/100 slp\n|\n|upkeep\n|turn|3\n|\n|t:|1682579885\n|-terastallize|p1a: Roaring Moon|Flying\n|move|p2b: Amoonguss|Rage Powder|p2b: Amoonguss\n|-singleturn|p2b: Amoonguss|move: Rage Powder\n|move|p2a: Roaring Moon|Dragon Dance|p2a: Roaring Moon\n|-boost|p2a: Roaring Moon|atk|1\n|-boost|p2a: Roaring Moon|spe|1\n|cant|p1a: Roaring Moon|slp\n|move|p1b: Iron Hands|Drain Punch|p2b: Amoonguss\n|-resisted|p2b: Amoonguss\n|-damage|p2b: Amoonguss|83\/100\n|\n|upkeep\n|turn|4\n|\n|t:|1682579901\n|move|p2b: Amoonguss|Rage Powder|p2b: Amoonguss\n|-singleturn|p2b: Amoonguss|move: Rage Powder\n|move|p2a: Roaring Moon|Throat Chop|p1a: Roaring Moon\n|-damage|p1a: Roaring Moon|0 fnt\n|faint|p1a: Roaring Moon\n|-end|p1a: Roaring Moon|Protosynthesis|[silent]\n|move|p1b: Iron Hands|Drain Punch|p2b: Amoonguss\n|-resisted|p2b: Amoonguss\n|-crit|p2b: Amoonguss\n|-damage|p2b: Amoonguss|60\/100\n|\n|upkeep\n|\n|t:|1682579921\n|switch|p1a: Klefki|Klefki, L50, F|100\/100\n|turn|5\n|\n|t:|1682579933\n|switch|p2b: Flamigo|Flamigo, L50, F|100\/100\n|-copyboost|p2b: Flamigo|p2a: Roaring Moon|[from] ability: Costar\n|move|p1a: Klefki|Reflect|p1a: Klefki\n|-sidestart|p1: WoJiaoReaction|Reflect\n|move|p2a: Roaring Moon|Earthquake|p1a: Klefki|[spread] p1a,p1b\n|-immune|p2b: Flamigo\n|-supereffective|p1a: Klefki\n|-supereffective|p1b: Iron Hands\n|-damage|p1a: Klefki|0 fnt\n|-damage|p1b: Iron Hands|5\/100\n|faint|p1a: Klefki\n|move|p1b: Iron Hands|Drain Punch|p2a: Roaring Moon\n|-damage|p2a: Roaring Moon|0 fnt\n|-heal|p1b: Iron Hands|19\/100|[from] drain|[of] p2a: Roaring Moon\n|faint|p2a: Roaring Moon\n|-end|p2a: Roaring Moon|Protosynthesis|[silent]\n|\n|upkeep\n|\n|t:|1682579950\n|switch|p2a: Amoonguss|Amoonguss, L50, F|93\/100\n|switch|p1a: Skeledirge|Skeledirge, L50, M|100\/100\n|turn|6\n|\n|t:|1682579971\n|move|p2a: Amoonguss|Rage Powder|p2a: Amoonguss\n|-singleturn|p2a: Amoonguss|move: Rage Powder\n|move|p2b: Flamigo|Brave Bird|p1a: Skeledirge\n|-damage|p1a: Skeledirge|64\/100\n|-damage|p2b: Flamigo|85\/100|[from] Recoil\n|move|p1a: Skeledirge|Torch Song|p2a: Amoonguss\n|-supereffective|p2a: Amoonguss\n|-damage|p2a: Amoonguss|19\/100\n|-boost|p1a: Skeledirge|spa|1\n|-enditem|p2a: Amoonguss|Sitrus Berry|[eat]\n|-heal|p2a: Amoonguss|44\/100|[from] item: Sitrus Berry\n|move|p1b: Iron Hands|Thunder Punch|p2a: Amoonguss\n|-resisted|p2a: Amoonguss\n|-damage|p2a: Amoonguss|28\/100\n|-status|p2a: Amoonguss|par\n|\n|upkeep\n|turn|7\n|inactive|WoJiaoReaction has 30 seconds left.\n|\n|t:|1682579998\n|cant|p2a: Amoonguss|par\n|move|p2b: Flamigo|Brave Bird|p1b: Iron Hands\n|-damage|p1b: Iron Hands|0 fnt\n|faint|p1b: Iron Hands\n|-end|p1b: Iron Hands|Quark Drive|[silent]\n|-damage|p2b: Flamigo|76\/100|[from] Recoil\n|move|p1a: Skeledirge|Slack Off|p1a: Skeledirge\n|-heal|p1a: Skeledirge|100\/100\n|\n|upkeep\n|turn|8\n|\n|t:|1682580011\n|switch|p2a: Dragapult|Dragapult, L50, M|100\/100\n|move|p2b: Flamigo|Brave Bird|p1a: Skeledirge\n|-damage|p1a: Skeledirge|65\/100\n|-damage|p2b: Flamigo|60\/100|[from] Recoil\n|move|p1a: Skeledirge|Torch Song|p2b: Flamigo\n|-damage|p2b: Flamigo|0 fnt\n|-boost|p1a: Skeledirge|spa|1\n|faint|p2b: Flamigo\n|\n|upkeep\n|\n|t:|1682580020\n|switch|p2b: Amoonguss|Amoonguss, L50, F|61\/100 par\n|turn|9\n|\n|t:|1682580030\n|move|p2a: Dragapult|Phantom Force||[still]\n|-prepare|p2a: Dragapult|Phantom Force\n|move|p1a: Skeledirge|Slack Off|p1a: Skeledirge\n|-heal|p1a: Skeledirge|100\/100\n|move|p2b: Amoonguss|Spore|p1a: Skeledirge\n|-activate|p1a: Skeledirge|item: Safety Goggles|Spore\n|\n|upkeep\n|turn|10\n|\n|t:|1682580043\n|move|p2a: Dragapult|Phantom Force|p1a: Skeledirge|[from]lockedmove\n|-supereffective|p1a: Skeledirge\n|-damage|p1a: Skeledirge|19\/100\n|move|p1a: Skeledirge|Yawn|p2a: Dragapult\n|-start|p2a: Dragapult|move: Yawn|[of] p1a: Skeledirge\n|move|p2b: Amoonguss|Pollen Puff|p1a: Skeledirge\n|-resisted|p1a: Skeledirge\n|-damage|p1a: Skeledirge|16\/100\n|\n|upkeep\n|turn|11\n|\n|t:|1682580055\n|move|p2a: Dragapult|Phantom Force||[still]\n|-prepare|p2a: Dragapult|Phantom Force\n|move|p1a: Skeledirge|Slack Off|p1a: Skeledirge\n|-heal|p1a: Skeledirge|66\/100\n|move|p2b: Amoonguss|Pollen Puff|p1a: Skeledirge\n|-resisted|p1a: Skeledirge\n|-damage|p1a: Skeledirge|63\/100\n|\n|-end|p2a: Dragapult|move: Yawn|[silent]\n|-status|p2a: Dragapult|slp\n|upkeep\n|turn|12\n|\n|t:|1682580075\n|cant|p2a: Dragapult|slp\n|move|p1a: Skeledirge|Torch Song|p2a: Dragapult\n|-resisted|p2a: Dragapult\n|-damage|p2a: Dragapult|51\/100 slp\n|-boost|p1a: Skeledirge|spa|1\n|cant|p2b: Amoonguss|par\n|\n|-sideend|p1: WoJiaoReaction|Reflect\n|upkeep\n|turn|13\n|\n|t:|1682580087\n|cant|p2a: Dragapult|slp\n|move|p1a: Skeledirge|Torch Song|p2a: Dragapult\n|-resisted|p2a: Dragapult\n|-damage|p2a: Dragapult|0 fnt\n|-boost|p1a: Skeledirge|spa|1\n|faint|p2a: Dragapult\n|move|p2b: Amoonguss|Pollen Puff|p1a: Skeledirge\n|-resisted|p1a: Skeledirge\n|-damage|p1a: Skeledirge|59\/100\n|\n|upkeep\n|turn|14\n|-message|Yarrack forfeited.\n|\n|win|WoJiaoReaction\n|raw|WoJiaoReaction's rating: 1290 → 1318<\/strong> (+28 for winning)\n|raw|Yarrack's rating: 1329 → 1307<\/strong> (-22 for losing)\n|l|\u2606Yarrack\n","uploadtime":1682580103,"views":13,"p1id":"wojiaoreaction","p2id":"yarrack","formatid":"gen9vgc2023regulationc","rating":1307,"private":0,"password":""}