{"id":"gen9vgc2023regulationc-1862691186","p1":"Ciq108","p2":"EncoreVGC","format":"[Gen 9] VGC 2023 Regulation C","log":"|j|\u2606Ciq108\n|j|\u2606EncoreVGC\n|t:|1683912568\n|gametype|doubles\n|player|p1|Ciq108|169|\n|player|p2|EncoreVGC|tuber|\n|teamsize|p1|6\n|teamsize|p2|6\n|gen|9\n|tier|[Gen 9] VGC 2023 Regulation C\n|rule|Species Clause: Limit one of each Pok\u00e9mon\n|rule|Item Clause: Limit one of each item\n|clearpoke\n|poke|p1|Hydreigon, L50, M|\n|poke|p1|Palafin, L50, F|\n|poke|p1|Garchomp, L50, F|\n|poke|p1|Kilowattrel, L50, M|\n|poke|p1|Orthworm, L50, F|\n|poke|p1|Gardevoir, L50, M|\n|poke|p2|Pelipper, L50, M|\n|poke|p2|Drednaw, L50, M|\n|poke|p2|Oranguru, L50, M|\n|poke|p2|Bellibolt, L50, F|\n|poke|p2|Salamence, L50, F|\n|poke|p2|Weavile, L50, M|\n|teampreview|4\n|c|\u2606EncoreVGC|G2\nEncoreVGC rejected open team sheets.\n|j| Toy Time King\n|j| Memebasedgod\n|j| TeamInferno Ted\n|c|\u2606Ciq108|Glhf\n|c|\u2606EncoreVGC|Glhf\n|l|\u2606Ciq108\n|player|p1|\n|\n|t:|1683913577\n|start\n|switch|p1a: da dolpheen boi|Palafin, L50, F|100\/100\n|switch|p1b: da chompy boi|Garchomp, L50, F|100\/100\n|switch|p2a: Drednaw|Drednaw, L50, M|100\/100\n|switch|p2b: Weavile|Weavile, L50, M|100\/100\n|turn|1\n|j|\u2606Ciq108\n|player|p1|Ciq108|169\n|c|\u2606EncoreVGC|Everything okay?\n|\n|t:|1683913615\n|detailschange|p1a: da dolpheen boi|Palafin-Hero, L50, F\n|switch|p1a: da waifu boi|Gardevoir, L50, M|100\/100\n|move|p1b: da chompy boi|Protect|p1b: da chompy boi\n|-singleturn|p1b: da chompy boi|Protect\n|move|p2a: Drednaw|Protect|p2a: Drednaw\n|-singleturn|p2a: Drednaw|Protect\n|move|p2b: Weavile|Ice Spinner|p1b: da chompy boi\n|-activate|p1b: da chompy boi|move: Protect\n|\n|upkeep\n|turn|2\n|\n|t:|1683913629\n|switch|p2b: Pelipper|Pelipper, L50, M|100\/100\n|-weather|RainDance|[from] ability: Drizzle|[of] p2b: Pelipper\n|-terastallize|p1b: da chompy boi|Water\n|-terastallize|p2a: Drednaw|Grass\n|move|p2a: Drednaw|Liquidation|p1a: da waifu boi\n|-damage|p1a: da waifu boi|11\/100\n|-damage|p2a: Drednaw|91\/100|[from] item: Life Orb\n|move|p1b: da chompy boi|Earthquake|p2a: Drednaw|[spread] p2a\n|-activate|p1a: da waifu boi|ability: Telepathy\n|-immune|p2b: Pelipper\n|-resisted|p2a: Drednaw\n|-damage|p2a: Drednaw|71\/100\n|move|p1a: da waifu boi|Moonblast|p2b: Pelipper\n|-damage|p2b: Pelipper|46\/100\n|-enditem|p2b: Pelipper|Sitrus Berry|[eat]\n|-heal|p2b: Pelipper|70\/100|[from] item: Sitrus Berry\n|\n|-weather|RainDance|[upkeep]\n|upkeep\n|turn|3\n|\n|t:|1683913670\n|move|p2a: Drednaw|Protect|p2a: Drednaw\n|-singleturn|p2a: Drednaw|Protect\n|move|p1a: da waifu boi|Protect|p1a: da waifu boi\n|-singleturn|p1a: da waifu boi|Protect\n|move|p1b: da chompy boi|Dragon Claw|p2a: Drednaw\n|-activate|p2a: Drednaw|move: Protect\n|move|p2b: Pelipper|Hurricane|p1a: da waifu boi\n|-activate|p1a: da waifu boi|move: Protect\n|\n|-weather|RainDance|[upkeep]\n|upkeep\n|turn|4\n|j| MattStarVGC\n|l| MattStarVGC\n|\n|t:|1683913704\n|move|p1b: da chompy boi|Protect|p1b: da chompy boi\n|-singleturn|p1b: da chompy boi|Protect\n|move|p2a: Drednaw|Tera Blast|p1b: da chompy boi\n|-activate|p1b: da chompy boi|move: Protect\n|move|p1a: da waifu boi|Moonblast|p2a: Drednaw\n|-damage|p2a: Drednaw|17\/100\n|move|p2b: Pelipper|Hurricane|p1a: da waifu boi\n|-damage|p1a: da waifu boi|0 fnt\n|faint|p1a: da waifu boi\n|\n|-weather|RainDance|[upkeep]\n|upkeep\n|j| MattStarVGC\n|\n|t:|1683913718\n|switch|p1a: da dolpheen boi|Palafin-Hero, L50, F|100\/100\n|-activate|p1a: da dolpheen boi|ability: Zero to Hero\n|turn|5\n|\n|t:|1683913735\n|switch|p2a: Salamence|Salamence, L50, F|100\/100\n|-ability|p2a: Salamence|Intimidate|boost\n|-unboost|p1a: da dolpheen boi|atk|1\n|-fail|p1b: da chompy boi|unboost|[from] item: Clear Amulet|[of] p1b: da chompy boi\n|move|p1a: da dolpheen boi|Protect|p1a: da dolpheen boi\n|-singleturn|p1a: da dolpheen boi|Protect\n|move|p2b: Pelipper|Protect|p2b: Pelipper\n|-singleturn|p2b: Pelipper|Protect\n|move|p1b: da chompy boi|Substitute|p1b: da chompy boi\n|-start|p1b: da chompy boi|Substitute\n|-damage|p1b: da chompy boi|76\/100\n|\n|-weather|RainDance|[upkeep]\n|upkeep\n|turn|6\n|\n|t:|1683913762\n|switch|p2a: Weavile|Weavile, L50, M|100\/100\n|move|p1b: da chompy boi|Protect|p1b: da chompy boi\n|-singleturn|p1b: da chompy boi|Protect\n|move|p1a: da dolpheen boi|Ice Punch|p2a: Weavile\n|-resisted|p2a: Weavile\n|-damage|p2a: Weavile|79\/100\n|move|p2b: Pelipper|Tailwind|p2b: Pelipper\n|-sidestart|p2: EncoreVGC|move: Tailwind\n|\n|-weather|none\n|upkeep\n|turn|7\n|\n|t:|1683913784\n|switch|p1a: no burn neck boi|Hydreigon, L50, M|100\/100\n|move|p2a: Weavile|Fake Out|p1a: no burn neck boi\n|-damage|p1a: no burn neck boi|89\/100\n|move|p2b: Pelipper|Hurricane|p1b: da chompy boi\n|-end|p1b: da chompy boi|Substitute\n|move|p1b: da chompy boi|Dragon Claw|p2a: Weavile\n|-damage|p2a: Weavile|0 fnt\n|faint|p2a: Weavile\n|\n|upkeep\n|\n|t:|1683913797\n|switch|p2a: Salamence|Salamence, L50, F|100\/100\n|-ability|p2a: Salamence|Intimidate|boost\n|-unboost|p1a: no burn neck boi|atk|1\n|-fail|p1b: da chompy boi|unboost|[from] item: Clear Amulet|[of] p1b: da chompy boi\n|turn|8\n|\n|t:|1683913807\n|move|p2a: Salamence|Draco Meteor|p1b: da chompy boi\n|-damage|p1b: da chompy boi|0 fnt\n|-unboost|p2a: Salamence|spa|2\n|faint|p1b: da chompy boi\n|move|p2b: Pelipper|Hurricane|p1a: no burn neck boi\n|-damage|p1a: no burn neck boi|62\/100\n|move|p1a: no burn neck boi|Draco Meteor|p2b: Pelipper\n|-damage|p2b: Pelipper|0 fnt\n|-unboost|p1a: no burn neck boi|spa|2\n|faint|p2b: Pelipper\n|\n|upkeep\n|\n|t:|1683913818\n|switch|p1b: da dolpheen boi|Palafin-Hero, L50, F|100\/100\n|switch|p2b: Drednaw|Drednaw, L50, M, tera:Grass|17\/100\n|turn|9\n|\n|t:|1683913840\n|move|p1b: da dolpheen boi|Jet Punch|p2b: Drednaw\n|-resisted|p2b: Drednaw\n|-damage|p2b: Drednaw|0 fnt\n|faint|p2b: Drednaw\n|move|p2a: Salamence|Draco Meteor|p1a: no burn neck boi\n|-supereffective|p1a: no burn neck boi\n|-damage|p1a: no burn neck boi|23\/100\n|-unboost|p2a: Salamence|spa|2\n|move|p1a: no burn neck boi|Draco Meteor|p2a: Salamence\n|-supereffective|p2a: Salamence\n|-damage|p2a: Salamence|55\/100\n|-unboost|p1a: no burn neck boi|spa|2\n|\n|-sideend|p2: EncoreVGC|move: Tailwind\n|upkeep\n|turn|10\n|c|\u2606EncoreVGC|Gg\n|\n|t:|1683913854\n|move|p2a: Salamence|Draco Meteor|p1a: no burn neck boi\n|-supereffective|p1a: no burn neck boi\n|-damage|p1a: no burn neck boi|0 fnt\n|-unboost|p2a: Salamence|spa|2\n|faint|p1a: no burn neck boi\n|move|p1b: da dolpheen boi|Ice Punch|p2a: Salamence\n|-supereffective|p2a: Salamence\n|-damage|p2a: Salamence|0 fnt\n|faint|p2a: Salamence\n|\n|win|Ciq108\n|c|\u2606Ciq108|Gg\n|l| Toy Time King\n|c| TeamInferno Ted|ggs\n|l| MattStarVGC\n|l| TeamInferno Ted\n","uploadtime":1683913872,"views":14,"p1id":"ciq108","p2id":"encorevgc","formatid":"gen9vgc2023regulationc","rating":0,"private":0,"password":""}