{"id":"gen9vgc2023regulationc-1854763763","p1":"Jbenn","p2":"Ab0ve5029","format":"[Gen 9] VGC 2023 Regulation C","log":"|j|\u2606Jbenn\n|j|\u2606Ab0ve5029\n|t:|1682862979\n|gametype|doubles\n|player|p1|Jbenn|steven|\n|player|p2|Ab0ve5029|n|\n|teamsize|p1|6\n|teamsize|p2|6\n|gen|9\n|tier|[Gen 9] VGC 2023 Regulation C\n|rated|Tournament battle\n|rule|Species Clause: Limit one of each Pok\u00e9mon\n|rule|Item Clause: Limit one of each item\n|clearpoke\n|poke|p1|Roaring Moon, L50|\n|poke|p1|Great Tusk, L50|\n|poke|p1|Gholdengo, L50|\n|poke|p1|Hariyama, L50, F|\n|poke|p1|Mimikyu, L50, F|\n|poke|p1|Gyarados, L50, M|\n|poke|p2|Chien-Pao, L50|\n|poke|p2|Palafin, L50, M|\n|poke|p2|Dragapult, L50, M|\n|poke|p2|Kingambit, L50, M|\n|poke|p2|Arcanine, L50, M|\n|poke|p2|Amoonguss, L50, M|\n|teampreview|4\n|raw| Open Team Sheet for Jbenn<\/summary>Smaug (Roaring Moon) @ Booster Energy Ability: Protosynthesis Level: 50 Tera Type: Flying - Protect - Tailwind - Acrobatics - Jaw Lock Big AL (Great Tusk) @ Life Orb Ability: Protosynthesis Level: 50 Hidden Power: Fighting Tera Type: Grass - Protect - Headlong Rush - Earthquake - Ice Spinner 50 Cent (Gholdengo) @ Leftovers Ability: Good as Gold Level: 50 Tera Type: Water - Protect - Nasty Plot - Make It Rain - Thunderbolt Yokozuna (Hariyama) @ Roseli Berry Ability: Thick Fat Level: 50 Shiny: Yes Tera Type: Steel - Fake Out - Close Combat - Iron Head - Wide Guard Casper (Mimikyu) @ Sitrus Berry Ability: Disguise Level: 50 Tera Type: Water - Protect - Trick Room - Play Rough - Curse Haku (Gyarados) (M) @ Lum Berry Ability: Intimidate Level: 50 Shiny: Yes Tera Type: Flying - Taunt - Waterfall - Thunder Wave - Tera Blast <\/details><\/div> Open Team Sheet for Ab0ve5029<\/summary>Astrumy (Chien-Pao) @ Focus Sash Ability: Sword of Ruin Level: 50 Tera Type: Ghost - Ice Spinner - Throat Chop - Sacred Sword - Protect Above (Palafin) @ Mystic Water Ability: Zero to Hero Level: 50 Tera Type: Water - Wave Crash - Jet Punch - Haze - Protect RulingWillB (Dragapult) @ Choice Band Ability: Clear Body Level: 50 Tera Type: Steel - Dragon Darts - Phantom Force - Tera Blast - U-turn hancec (Kingambit) @ Lum Berry Ability: Defiant Level: 50 Tera Type: Dark - Kowtow Cleave - Sucker Punch - Swords Dance - Protect CaLdAbOoS (Arcanine) @ Safety Goggles Ability: Intimidate Level: 50 Tera Type: Water - Flare Blitz - Extreme Speed - Will-O-Wisp - Protect Whynus (Amoonguss) @ Sitrus Berry Ability: Regenerator Level: 50 Tera Type: Water - Pollen Puff - Spore - Rage Powder - Protect <\/details><\/div>\n|c|\u2606Ab0ve5029|glhf\n|j| LoveforVGC\n|c|\u2606Jbenn|u2345\n|j| esotilin123456\n|j| jf168\n|\n|t:|1682863040\n|start\n|switch|p1a: Smaug|Roaring Moon, L50|100\/100\n|switch|p1b: Casper|Mimikyu, L50, F|100\/100\n|switch|p2a: hancec|Kingambit, L50, M|100\/100\n|switch|p2b: Whynus|Amoonguss, L50, M|100\/100\n|-enditem|p1a: Smaug|Booster Energy\n|-activate|p1a: Smaug|ability: Protosynthesis|[fromitem]\n|-start|p1a: Smaug|protosynthesisspe\n|turn|1\n|j| OneofthePizzaGuys\n|\n|t:|1682863077\n|-terastallize|p2b: Whynus|Water\n|move|p1a: Smaug|Acrobatics|p2b: Whynus\n|-damage|p2b: Whynus|67\/100\n|move|p1b: Casper|Curse|p2a: hancec\n|-start|p2a: hancec|Curse|[of] p1b: Casper\n|-damage|p1b: Casper|50\/100\n|-enditem|p1b: Casper|Sitrus Berry|[eat]\n|-heal|p1b: Casper|75\/100|[from] item: Sitrus Berry\n|move|p2a: hancec|Swords Dance|p2a: hancec\n|-boost|p2a: hancec|atk|2\n|move|p2b: Whynus|Spore|p1b: Casper\n|-status|p1b: Casper|slp|[from] move: Spore\n|\n|-damage|p2a: hancec|76\/100|[from] Curse\n|upkeep\n|turn|2\n|\n|t:|1682863117\n|move|p1a: Smaug|Protect|p1a: Smaug\n|-singleturn|p1a: Smaug|Protect\n|cant|p1b: Casper|slp\n|move|p2a: hancec|Kowtow Cleave|p1a: Smaug\n|-activate|p1a: Smaug|move: Protect\n|move|p2b: Whynus|Pollen Puff|p1b: Casper\n|-activate|p1b: Casper|ability: Disguise\n|-damage|p1b: Casper|75\/100 slp\n|detailschange|p1b: Casper|Mimikyu-Busted, L50, F\n|-damage|p1b: Casper|63\/100 slp|[from] pokemon: Mimikyu-Busted\n|\n|-damage|p2a: hancec|51\/100|[from] Curse\n|upkeep\n|turn|3\n|\n|t:|1682863161\n|switch|p1b: 50 Cent|Gholdengo, L50|100\/100\n|move|p1a: Smaug|Jaw Lock|p2a: hancec\n|-resisted|p2a: hancec\n|-damage|p2a: hancec|37\/100\n|-activate|p1a: Smaug|trapped\n|-activate|p2a: hancec|trapped\n|move|p2a: hancec|Kowtow Cleave|p1a: Smaug\n|-resisted|p1a: Smaug\n|-damage|p1a: Smaug|45\/100\n|move|p2b: Whynus|Pollen Puff|p2a: hancec\n|-heal|p2a: hancec|86\/100\n|\n|-damage|p2a: hancec|62\/100|[from] Curse\n|upkeep\n|turn|4\n|\n|t:|1682863205\n|-terastallize|p1b: 50 Cent|Water\n|move|p2a: hancec|Protect|p2a: hancec\n|-singleturn|p2a: hancec|Protect\n|move|p1a: Smaug|Acrobatics|p2b: Whynus\n|-damage|p2b: Whynus|32\/100\n|-enditem|p2b: Whynus|Sitrus Berry|[eat]\n|-heal|p2b: Whynus|57\/100|[from] item: Sitrus Berry\n|move|p1b: 50 Cent|Thunderbolt|p2b: Whynus\n|-supereffective|p2b: Whynus\n|-damage|p2b: Whynus|0 fnt\n|faint|p2b: Whynus\n|\n|-damage|p2a: hancec|37\/100|[from] Curse\n|upkeep\n|\n|t:|1682863220\n|switch|p2b: Astrumy|Chien-Pao, L50|100\/100\n|-ability|p2b: Astrumy|Sword of Ruin\n|turn|5\n|\n|t:|1682863242\n|move|p1a: Smaug|Protect|p1a: Smaug\n|-singleturn|p1a: Smaug|Protect\n|move|p1b: 50 Cent|Protect|p1b: 50 Cent\n|-singleturn|p1b: 50 Cent|Protect\n|move|p2a: hancec|Sucker Punch||[still]\n|-fail|p2a: hancec\n|move|p2b: Astrumy|Ice Spinner|p1a: Smaug\n|-activate|p1a: Smaug|move: Protect\n|\n|-damage|p2a: hancec|13\/100|[from] Curse\n|upkeep\n|turn|6\n|\n|t:|1682863261\n|switch|p1b: Haku|Gyarados, L50, M, shiny|100\/100\n|-ability|p1b: Haku|Intimidate|boost\n|-unboost|p2a: hancec|atk|1\n|-ability|p2a: hancec|Defiant|boost\n|-boost|p2a: hancec|atk|2\n|-unboost|p2b: Astrumy|atk|1\n|move|p1a: Smaug|Tailwind|p1a: Smaug\n|-sidestart|p1: Jbenn|move: Tailwind\n|move|p2b: Astrumy|Ice Spinner|p1a: Smaug\n|-supereffective|p1a: Smaug\n|-damage|p1a: Smaug|0 fnt\n|faint|p1a: Smaug\n|-end|p1a: Smaug|Protosynthesis|[silent]\n|move|p2a: hancec|Kowtow Cleave|p1b: Haku\n|-damage|p1b: Haku|0 fnt\n|faint|p1b: Haku\n|\n|-damage|p2a: hancec|0 fnt|[from] Curse\n|faint|p2a: hancec\n|upkeep\n|c|\u2606Jbenn|ouch\n|\n|t:|1682863278\n|switch|p1a: Casper|Mimikyu-Busted, L50, F|63\/100 slp\n|switch|p1b: 50 Cent|Gholdengo, L50, tera:Water|100\/100\n|switch|p2a: CaLdAbOoS|Arcanine, L50, M|100\/100\n|-ability|p2a: CaLdAbOoS|Intimidate|boost\n|-unboost|p1a: Casper|atk|1\n|-unboost|p1b: 50 Cent|atk|1\n|turn|7\n|\n|t:|1682863305\n|move|p2b: Astrumy|Protect|p2b: Astrumy\n|-singleturn|p2b: Astrumy|Protect\n|move|p2a: CaLdAbOoS|Protect|p2a: CaLdAbOoS\n|-singleturn|p2a: CaLdAbOoS|Protect\n|cant|p1a: Casper|slp\n|move|p1b: 50 Cent|Make It Rain|p2b: Astrumy|[spread] \n|-activate|p2a: CaLdAbOoS|move: Protect\n|-activate|p2b: Astrumy|move: Protect\n|\n|upkeep\n|turn|8\n|j| FunneeMonkee\n|\n|t:|1682863329\n|cant|p1a: Casper|slp\n|move|p1b: 50 Cent|Make It Rain|p2b: Astrumy|[spread] p2a,p2b\n|-resisted|p2a: CaLdAbOoS\n|-supereffective|p2b: Astrumy\n|-damage|p2a: CaLdAbOoS|74\/100\n|-enditem|p2b: Astrumy|Focus Sash\n|-damage|p2b: Astrumy|1\/100\n|-unboost|p1b: 50 Cent|spa|1\n|move|p2b: Astrumy|Throat Chop|p1b: 50 Cent\n|-damage|p1b: 50 Cent|69\/100\n|-start|p1b: 50 Cent|Throat Chop|[silent]\n|move|p2a: CaLdAbOoS|Flare Blitz|p1a: Casper\n|-damage|p1a: Casper|0 fnt\n|faint|p1a: Casper\n|-damage|p2a: CaLdAbOoS|57\/100|[from] Recoil\n|\n|-heal|p1b: 50 Cent|75\/100|[from] item: Leftovers\n|upkeep\n|turn|9\n|\n|t:|1682863359\n|move|p2a: CaLdAbOoS|Extreme Speed|p1b: 50 Cent\n|-damage|p1b: 50 Cent|47\/100\n|move|p1b: 50 Cent|Nasty Plot|p1b: 50 Cent\n|-boost|p1b: 50 Cent|spa|2\n|move|p2b: Astrumy|Throat Chop|p1b: 50 Cent\n|-damage|p1b: 50 Cent|12\/100\n|\n|-heal|p1b: 50 Cent|18\/100|[from] item: Leftovers\n|-end|p1b: 50 Cent|Throat Chop|[silent]\n|-sideend|p1: Jbenn|move: Tailwind\n|upkeep\n|turn|10\n|c|\u2606Jbenn|damn the call\n|c|\u2606Jbenn|gas wp\n|c|\u2606Ab0ve5029|bro i was shaking\n|c|\u2606Ab0ve5029|gg\n|\n|t:|1682863376\n|move|p1b: 50 Cent|Protect|p1b: 50 Cent\n|-singleturn|p1b: 50 Cent|Protect\n|move|p2a: CaLdAbOoS|Extreme Speed|p1b: 50 Cent\n|-activate|p1b: 50 Cent|move: Protect\n|move|p2b: Astrumy|Throat Chop|p1b: 50 Cent\n|-activate|p1b: 50 Cent|move: Protect\n|\n|-heal|p1b: 50 Cent|24\/100|[from] item: Leftovers\n|upkeep\n|turn|11\n|\n|t:|1682863391\n|move|p1b: 50 Cent|Protect|p1b: 50 Cent\n|-singleturn|p1b: 50 Cent|Protect\n|move|p2a: CaLdAbOoS|Extreme Speed|p1b: 50 Cent\n|-activate|p1b: 50 Cent|move: Protect\n|move|p2b: Astrumy|Throat Chop|p1b: 50 Cent\n|-activate|p1b: 50 Cent|move: Protect\n|\n|-heal|p1b: 50 Cent|30\/100|[from] item: Leftovers\n|upkeep\n|turn|12\n|\n|t:|1682863412\n|move|p2a: CaLdAbOoS|Extreme Speed|p1b: 50 Cent\n|-damage|p1b: 50 Cent|3\/100\n|move|p2b: Astrumy|Throat Chop|p1b: 50 Cent\n|-damage|p1b: 50 Cent|0 fnt\n|faint|p1b: 50 Cent\n|\n|win|Ab0ve5029\n|n|\u2606Jbenn|jbenn\n|n|\u2606Ab0ve5029|ab0ve5029\n|n| LoveforVGC|loveforvgc\n|n| esotilin123456|esotilin123456\n|n| jf168|jf168\n|n| OneofthePizzaGuys|oneofthepizzaguys\n|n| FunneeMonkee|funneemonkee\n|l| jf168\n|l| LoveforVGC\n|l|\u2606Ab0ve5029\n","uploadtime":1682863413,"views":13,"p1id":"jbenn","p2id":"ab0ve5029","formatid":"gen9vgc2023regulationc","rating":0,"private":0,"password":""}