{"id":"gen9vgc2023regulationc-1855169318","p1":"ReginFlowerPower22","p2":"mathismathin","format":"[Gen 9] VGC 2023 Regulation C","log":"|j|\u2606ReginFlowerPower22\n|j|\u2606mathismathin\n|t:|1682909851\n|gametype|doubles\n|player|p1|ReginFlowerPower22|bellelba|1490\n|player|p2|mathismathin|169|1565\n|teamsize|p1|6\n|teamsize|p2|6\n|gen|9\n|tier|[Gen 9] VGC 2023 Regulation C\n|rated|\n|rule|Species Clause: Limit one of each Pok\u00e9mon\n|rule|Item Clause: Limit one of each item\n|clearpoke\n|poke|p1|Abomasnow, L50, F|\n|poke|p1|Rotom-Frost, L50|\n|poke|p1|Kilowattrel, L50, F|\n|poke|p1|Garchomp, L50, M|\n|poke|p1|Arcanine, L50, M|\n|poke|p1|Gholdengo, L50|\n|poke|p2|Tinkaton, L50, F|\n|poke|p2|Gholdengo, L50|\n|poke|p2|Vivillon, L50, F|\n|poke|p2|Gyarados, L50, M|\n|poke|p2|Great Tusk, L50|\n|poke|p2|Chien-Pao, L50|\n|teampreview|4\n|inactive|Battle timer is ON: inactive players will automatically lose when time's up. (requested by ReginFlowerPower22)\n|inactive|mathismathin has 60 seconds left.\n|\n|t:|1682909899\n|start\n|switch|p1a: Abomasnow|Abomasnow, L50, F|100\/100\n|switch|p1b: Kilowattrel|Kilowattrel, L50, F|100\/100\n|switch|p2a: Gholdengo|Gholdengo, L50|100\/100\n|switch|p2b: Great Tusk|Great Tusk, L50|100\/100\n|-weather|Snow|[from] ability: Snow Warning|[of] p1a: Abomasnow\n|turn|1\n|\n|t:|1682909910\n|move|p1b: Kilowattrel|Tailwind|p1b: Kilowattrel\n|-sidestart|p1: ReginFlowerPower22|move: Tailwind\n|move|p1a: Abomasnow|Aurora Veil|p1a: Abomasnow\n|-sidestart|p1: ReginFlowerPower22|move: Aurora Veil\n|move|p2b: Great Tusk|Rock Slide|p1a: Abomasnow|[spread] p1a,p1b\n|-supereffective|p1a: Abomasnow\n|-supereffective|p1b: Kilowattrel\n|-damage|p1a: Abomasnow|80\/100\n|-damage|p1b: Kilowattrel|55\/100\n|move|p2a: Gholdengo|Nasty Plot|p2a: Gholdengo\n|-boost|p2a: Gholdengo|spa|2\n|\n|-weather|Snow|[upkeep]\n|upkeep\n|turn|2\n|\n|t:|1682909930\n|move|p1b: Kilowattrel|Air Slash|p2a: Gholdengo\n|-resisted|p2a: Gholdengo\n|-damage|p2a: Gholdengo|83\/100\n|move|p1a: Abomasnow|Blizzard|p2b: Great Tusk|[spread] p2a,p2b\n|-resisted|p2a: Gholdengo\n|-supereffective|p2b: Great Tusk\n|-damage|p2a: Gholdengo|64\/100\n|-damage|p2b: Great Tusk|44\/100\n|move|p2b: Great Tusk|Rock Slide|p1b: Kilowattrel|[spread] p1a,p1b\n|-supereffective|p1a: Abomasnow\n|-supereffective|p1b: Kilowattrel\n|-damage|p1a: Abomasnow|59\/100\n|-damage|p1b: Kilowattrel|0 fnt\n|faint|p1b: Kilowattrel\n|move|p2a: Gholdengo|Make It Rain|p1a: Abomasnow\n|-supereffective|p1a: Abomasnow\n|-enditem|p1a: Abomasnow|Babiri Berry|[eat]\n|-enditem|p1a: Abomasnow|Babiri Berry|[weaken]\n|-damage|p1a: Abomasnow|0 fnt\n|-unboost|p2a: Gholdengo|spa|1\n|faint|p1a: Abomasnow\n|-damage|p2a: Gholdengo|54\/100|[from] item: Life Orb\n|\n|-weather|Snow|[upkeep]\n|upkeep\n|j| THUNDERSND77\n|\n|t:|1682909951\n|switch|p1b: Garchomp|Garchomp, L50, M|100\/100\n|switch|p1a: Rotom|Rotom-Frost, L50|100\/100\n|turn|3\n|inactive|mathismathin has 30 seconds left.\n|\n|t:|1682909981\n|-terastallize|p1b: Garchomp|Ground\n|move|p2a: Gholdengo|Protect|p2a: Gholdengo\n|-singleturn|p2a: Gholdengo|Protect\n|move|p1b: Garchomp|Earthquake|p2b: Great Tusk|[spread] p2b\n|-activate|p2a: Gholdengo|move: Protect\n|-immune|p1a: Rotom|[from] ability: Levitate\n|-damage|p2b: Great Tusk|0 fnt\n|faint|p2b: Great Tusk\n|-end|p2b: Great Tusk|Protosynthesis|[silent]\n|move|p1a: Rotom|Blizzard|p2a: Gholdengo\n|-activate|p2a: Gholdengo|move: Protect\n|\n|-weather|Snow|[upkeep]\n|upkeep\n|\n|t:|1682909985\n|switch|p2b: Tinkaton|Tinkaton, L50, F|100\/100\n|-ability|p2b: Tinkaton|Mold Breaker\n|turn|4\n|\n|t:|1682910001\n|move|p2b: Tinkaton|Fake Out|p1b: Garchomp\n|-crit|p1b: Garchomp\n|-damage|p1b: Garchomp|89\/100\n|-damage|p2b: Tinkaton|88\/100|[from] ability: Rough Skin|[of] p1b: Garchomp\n|cant|p1b: Garchomp|flinch\n|move|p1a: Rotom|Discharge|p2a: Gholdengo|[spread] p2a,p2b\n|-immune|p1b: Garchomp\n|-damage|p2a: Gholdengo|21\/100\n|-damage|p2b: Tinkaton|66\/100\n|move|p2a: Gholdengo|Make It Rain|p1b: Garchomp|[spread] p1a,p1b\n|-damage|p1a: Rotom|49\/100\n|-damage|p1b: Garchomp|12\/100\n|-unboost|p2a: Gholdengo|spa|1\n|-damage|p2a: Gholdengo|12\/100|[from] item: Life Orb\n|\n|-weather|Snow|[upkeep]\n|-sideend|p1: ReginFlowerPower22|move: Tailwind\n|upkeep\n|turn|5\n|inactive|mathismathin has 30 seconds left.\n|\n|t:|1682910027\n|move|p2a: Gholdengo|Protect|p2a: Gholdengo\n|-singleturn|p2a: Gholdengo|Protect\n|move|p1b: Garchomp|Earthquake|p2a: Gholdengo|[spread] p2b\n|-activate|p2a: Gholdengo|move: Protect\n|-immune|p1a: Rotom|[from] ability: Levitate\n|-supereffective|p2b: Tinkaton\n|-damage|p2b: Tinkaton|0 fnt\n|faint|p2b: Tinkaton\n|move|p1a: Rotom|Discharge|p2a: Gholdengo|[spread] \n|-activate|p2a: Gholdengo|move: Protect\n|-immune|p1b: Garchomp\n|\n|-weather|none\n|-sideend|p1: ReginFlowerPower22|move: Aurora Veil\n|upkeep\n|\n|t:|1682910029\n|switch|p2b: Chien-Pao|Chien-Pao, L50|100\/100\n|-ability|p2b: Chien-Pao|Sword of Ruin\n|turn|6\n|\n|t:|1682910046\n|move|p2b: Chien-Pao|Ice Spinner|p1b: Garchomp\n|-supereffective|p1b: Garchomp\n|-damage|p1b: Garchomp|0 fnt\n|-damage|p2b: Chien-Pao|88\/100|[from] ability: Rough Skin|[of] p1b: Garchomp\n|faint|p1b: Garchomp\n|move|p2a: Gholdengo|Shadow Ball|p1a: Rotom\n|-damage|p1a: Rotom|6\/100\n|-damage|p2a: Gholdengo|2\/100|[from] item: Life Orb\n|move|p1a: Rotom|Discharge|p2b: Chien-Pao|[spread] p2a,p2b\n|-damage|p2a: Gholdengo|0 fnt\n|-damage|p2b: Chien-Pao|39\/100\n|faint|p2a: Gholdengo\n|\n|upkeep\n|turn|7\n|c|\u2606mathismathin|gg\n|\n|t:|1682910059\n|move|p2b: Chien-Pao|Ice Spinner|p1a: Rotom\n|-resisted|p1a: Rotom\n|-damage|p1a: Rotom|0 fnt\n|faint|p1a: Rotom\n|\n|win|mathismathin\n|raw|ReginFlowerPower22's rating: 1490 → 1474<\/strong> (-16 for losing)\n|raw|mathismathin's rating: 1565 → 1581<\/strong> (+16 for winning)\n|l|\u2606ReginFlowerPower22\n","uploadtime":1682910067,"views":12,"p1id":"reginflowerpower22","p2id":"mathismathin","formatid":"gen9vgc2023regulationc","rating":1474,"private":0,"password":""}