{"id":"gen9vgc2023regulationc-1856408939","p1":"Alt dr8ke","p2":"haha you rage quit","format":"[Gen 9] VGC 2023 Regulation C","log":"|j|\u2606Alt dr8ke\n|j|\u2606haha you rage quit\n|t:|1683058630\n|gametype|doubles\n|player|p1|Alt dr8ke|102|1200\n|player|p2|haha you rage quit|pokemaniac|1205\n|teamsize|p1|6\n|teamsize|p2|6\n|gen|9\n|tier|[Gen 9] VGC 2023 Regulation C\n|rated|\n|rule|Species Clause: Limit one of each Pok\u00e9mon\n|rule|Item Clause: Limit one of each item\n|clearpoke\n|poke|p1|Tyranitar, L50, F|\n|poke|p1|Glimmora, L50, M|\n|poke|p1|Arcanine, L50, F|\n|poke|p1|Corviknight, L50, F|\n|poke|p1|Flutter Mane, L50|\n|poke|p1|Iron Bundle, L50|\n|poke|p2|Flutter Mane, L50|\n|poke|p2|Chi-Yu, L50|\n|poke|p2|Great Tusk, L50|\n|poke|p2|Gholdengo, L50|\n|poke|p2|Murkrow, L50, M|\n|poke|p2|Talonflame, L50, M|\n|teampreview|4\n|\n|t:|1683058705\n|start\n|switch|p1a: Tyranitar|Tyranitar, L50, F|100\/100\n|switch|p1b: Glimmora|Glimmora, L50, M|100\/100\n|switch|p2a: Gholdengo|Gholdengo, L50|100\/100\n|switch|p2b: Murkrow|Murkrow, L50, M|100\/100\n|-weather|Sandstorm|[from] ability: Sand Stream|[of] p1a: Tyranitar\n|turn|1\n|inactive|Battle timer is ON: inactive players will automatically lose when time's up. (requested by haha you rage quit)\n|\n|t:|1683058745\n|switch|p1b: Corviknight|Corviknight, L50, F|100\/100\n|-terastallize|p1a: Tyranitar|Flying\n|move|p2b: Murkrow|Tailwind|p2b: Murkrow\n|-sidestart|p2: haha you rage quit|move: Tailwind\n|move|p2a: Gholdengo|Make It Rain|p1b: Corviknight|[spread] p1a,p1b\n|-resisted|p1b: Corviknight\n|-damage|p1a: Tyranitar|70\/100\n|-damage|p1b: Corviknight|79\/100\n|-unboost|p2a: Gholdengo|spa|1\n|move|p1a: Tyranitar|Crunch|p2a: Gholdengo\n|-supereffective|p2a: Gholdengo\n|-damage|p2a: Gholdengo|25\/100\n|-unboost|p2a: Gholdengo|def|1\n|\n|-weather|Sandstorm|[upkeep]\n|-damage|p2b: Murkrow|95\/100|[from] Sandstorm\n|-damage|p1a: Tyranitar|64\/100|[from] Sandstorm\n|upkeep\n|turn|2\n|inactive|Alt dr8ke has 30 seconds left.\n|\n|t:|1683058778\n|move|p2b: Murkrow|Haze|p2b: Murkrow\n|-clearallboost\n|move|p2a: Gholdengo|Power Gem|p1a: Tyranitar\n|-supereffective|p1a: Tyranitar\n|-damage|p1a: Tyranitar|33\/100\n|move|p1a: Tyranitar|Rock Slide|p2b: Murkrow|[spread] p2a,p2b\n|-resisted|p2a: Gholdengo\n|-crit|p2a: Gholdengo\n|-supereffective|p2b: Murkrow\n|-damage|p2a: Gholdengo|5\/100\n|-damage|p2b: Murkrow|0 fnt\n|faint|p2b: Murkrow\n|move|p1b: Corviknight|U-turn|p2a: Gholdengo\n|-resisted|p2a: Gholdengo\n|-crit|p2a: Gholdengo\n|-damage|p2a: Gholdengo|0 fnt\n|faint|p2a: Gholdengo\n|\n|t:|1683058796\n|switch|p1b: Arcanine|Arcanine, L50, F|100\/100|[from] U-turn\n|\n|-weather|Sandstorm|[upkeep]\n|-damage|p1a: Tyranitar|27\/100|[from] Sandstorm\n|upkeep\n|\n|t:|1683058802\n|switch|p2b: Flutter Mane|Flutter Mane, L50, shiny|100\/100\n|switch|p2a: Great Tusk|Great Tusk, L50, shiny|100\/100\n|-enditem|p2b: Flutter Mane|Booster Energy\n|-activate|p2b: Flutter Mane|ability: Protosynthesis|[fromitem]\n|-start|p2b: Flutter Mane|protosynthesisspa\n|turn|3\n|inactive|Alt dr8ke has 30 seconds left.\n|inactive|haha you rage quit has 30 seconds left.\n|inactive|Alt dr8ke has 20 seconds left.\n|inactive|haha you rage quit has 20 seconds left.\n|inactive|haha you rage quit has 15 seconds left.\n|\n|t:|1683058846\n|switch|p1b: Corviknight|Corviknight, L50, F|79\/100\n|move|p2b: Flutter Mane|Dazzling Gleam|p1a: Tyranitar|[spread] p1a,p1b\n|-resisted|p1b: Corviknight\n|-damage|p1a: Tyranitar|2\/100\n|-damage|p1b: Corviknight|60\/100\n|move|p2a: Great Tusk|Headlong Rush|p1b: Corviknight\n|-immune|p1b: Corviknight\n|move|p1a: Tyranitar|Tera Blast|p2a: Great Tusk\n|-supereffective|p2a: Great Tusk\n|-damage|p2a: Great Tusk|51\/100\n|\n|-weather|Sandstorm|[upkeep]\n|-damage|p2b: Flutter Mane|94\/100|[from] Sandstorm\n|-damage|p1a: Tyranitar|0 fnt|[from] Sandstorm\n|faint|p1a: Tyranitar\n|upkeep\n|\n|t:|1683058862\n|switch|p1a: Arcanine|Arcanine, L50, F|100\/100\n|-ability|p1a: Arcanine|Intimidate|boost\n|-unboost|p2a: Great Tusk|atk|1\n|-unboost|p2b: Flutter Mane|atk|1\n|turn|4\n|inactive|Alt dr8ke has 30 seconds left.\n|inactive|Alt dr8ke has 20 seconds left.\n|\n|t:|1683058897\n|move|p1a: Arcanine|Protect|p1a: Arcanine\n|-singleturn|p1a: Arcanine|Protect\n|move|p2b: Flutter Mane|Mystical Fire|p1b: Corviknight\n|-supereffective|p1b: Corviknight\n|-damage|p1b: Corviknight|0 fnt\n|faint|p1b: Corviknight\n|move|p2a: Great Tusk|Headlong Rush|p1a: Arcanine\n|-activate|p1a: Arcanine|move: Protect\n|\n|-weather|Sandstorm|[upkeep]\n|-damage|p2b: Flutter Mane|88\/100|[from] Sandstorm\n|-sideend|p2: haha you rage quit|move: Tailwind\n|upkeep\n|\n|t:|1683058906\n|switch|p1b: Glimmora|Glimmora, L50, M|100\/100\n|turn|5\n|\n|t:|1683058918\n|move|p1b: Glimmora|Spiky Shield|p1b: Glimmora\n|-singleturn|p1b: Glimmora|move: Protect\n|move|p2b: Flutter Mane|Moonblast|p1b: Glimmora\n|-activate|p1b: Glimmora|move: Protect\n|move|p1a: Arcanine|Will-O-Wisp|p2a: Great Tusk\n|-status|p2a: Great Tusk|brn\n|move|p2a: Great Tusk|Headlong Rush|p1a: Arcanine\n|-supereffective|p1a: Arcanine\n|-crit|p1a: Arcanine\n|-damage|p1a: Arcanine|0 fnt\n|-unboost|p2a: Great Tusk|def|1\n|-unboost|p2a: Great Tusk|spd|1\n|faint|p1a: Arcanine\n|\n|-weather|none\n|-damage|p2a: Great Tusk|45\/100 brn|[from] brn\n|upkeep\n|turn|6\n|\n|t:|1683058940\n|move|p2b: Flutter Mane|Shadow Ball|p1b: Glimmora\n|-damage|p1b: Glimmora|30\/100\n|move|p1b: Glimmora|Energy Ball|p2a: Great Tusk\n|-supereffective|p2a: Great Tusk\n|-damage|p2a: Great Tusk|0 fnt\n|faint|p2a: Great Tusk\n|-end|p2a: Great Tusk|Protosynthesis|[silent]\n|\n|upkeep\n|turn|7\n|\n|t:|1683058950\n|move|p2b: Flutter Mane|Shadow Ball|p1b: Glimmora\n|-damage|p1b: Glimmora|0 fnt\n|faint|p1b: Glimmora\n|\n|win|haha you rage quit\n|raw|Alt dr8ke's rating: 1200 → 1175<\/strong> (-25 for losing)\n|raw|haha you rage quit's rating: 1205 → 1230<\/strong> (+25 for winning)\n|l|\u2606Alt dr8ke\n","uploadtime":1683058958,"views":6,"p1id":"altdr8ke","p2id":"hahayouragequit","formatid":"gen9vgc2023regulationc","rating":1175,"private":0,"password":""}