{"id":"gen9vgc2023regulationc-1858611940","p1":"labmonjo1210","p2":"Star_Dragon44","format":"[Gen 9] VGC 2023 Regulation C","log":"|j|\u2606labmonjo1210\n|j|\u2606Star_Dragon44\n|t:|1683332126\n|gametype|doubles\n|player|p1|labmonjo1210|2|\n|player|p2|Star_Dragon44|hilda-wonderlauncher|\n|teamsize|p1|6\n|teamsize|p2|6\n|gen|9\n|tier|[Gen 9] VGC 2023 Regulation C\n|rule|Species Clause: Limit one of each Pok\u00e9mon\n|rule|Item Clause: Limit one of each item\n|clearpoke\n|poke|p1|Armarouge, L50, M|\n|poke|p1|Gastrodon, L50, M|\n|poke|p1|Roaring Moon, L50|\n|poke|p1|Iron Moth, L50|\n|poke|p1|Cetitan, L50, F|\n|poke|p1|Pelipper, L50, M|\n|poke|p2|Gyarados, L50, M|\n|poke|p2|Sandy Shocks, L50|\n|poke|p2|Great Tusk, L50|\n|poke|p2|Goodra, L50, F|\n|poke|p2|Scream Tail, L50|\n|poke|p2|Haxorus, L50, F|\n|teampreview|4\n|j| lethalpilot\n|\n|t:|1683332173\n|start\n|switch|p1a: Megatron|Armarouge, L50, M, shiny|100\/100\n|switch|p1b: Glorpis|Gastrodon, L50, M, shiny|100\/100\n|switch|p2a: Sandy Shocks|Sandy Shocks, L50|100\/100\n|switch|p2b: Great Tusk|Great Tusk, L50|100\/100\n|-enditem|p2a: Sandy Shocks|Booster Energy\n|-activate|p2a: Sandy Shocks|ability: Protosynthesis|[fromitem]\n|-start|p2a: Sandy Shocks|protosynthesisspe\n|turn|1\n|\n|t:|1683332227\n|-terastallize|p1a: Megatron|Flying\n|move|p2a: Sandy Shocks|Earth Power|p1a: Megatron\n|-immune|p1a: Megatron\n|move|p2b: Great Tusk|Close Combat|p1a: Megatron\n|-resisted|p1a: Megatron\n|-damage|p1a: Megatron|64\/100\n|-unboost|p2b: Great Tusk|def|1\n|-unboost|p2b: Great Tusk|spd|1\n|move|p1a: Megatron|Psychic|p2b: Great Tusk\n|-supereffective|p2b: Great Tusk\n|-damage|p2b: Great Tusk|0 fnt\n|faint|p2b: Great Tusk\n|-end|p2b: Great Tusk|Protosynthesis|[silent]\n|move|p1b: Glorpis|Earthquake|p2a: Sandy Shocks|[spread] p2a\n|-immune|p1a: Megatron\n|-supereffective|p2a: Sandy Shocks\n|-damage|p2a: Sandy Shocks|54\/100\n|\n|upkeep\n|\n|t:|1683332258\n|switch|p2b: Haxorus|Haxorus, L50, F|100\/100\n|-ability|p2b: Haxorus|Mold Breaker\n|turn|2\n|\n|t:|1683332298\n|move|p2b: Haxorus|First Impression|p1b: Glorpis\n|-damage|p1b: Glorpis|67\/100\n|move|p2a: Sandy Shocks|Thunderbolt|p1a: Megatron\n|-supereffective|p1a: Megatron\n|-damage|p1a: Megatron|0 fnt\n|faint|p1a: Megatron\n|move|p1b: Glorpis|Ice Beam|p2b: Haxorus\n|-supereffective|p2b: Haxorus\n|-damage|p2b: Haxorus|35\/100\n|\n|upkeep\n|\n|t:|1683332308\n|switch|p1a: Intigua|Roaring Moon, L50, shiny|100\/100\n|-enditem|p1a: Intigua|Booster Energy\n|-activate|p1a: Intigua|ability: Protosynthesis|[fromitem]\n|-start|p1a: Intigua|protosynthesisatk\n|turn|3\n|\n|t:|1683332354\n|move|p2a: Sandy Shocks|Earth Power|p1a: Intigua\n|-damage|p1a: Intigua|59\/100\n|-unboost|p1a: Intigua|spd|1\n|move|p1a: Intigua|Dragon Claw|p2b: Haxorus\n|-supereffective|p2b: Haxorus\n|-damage|p2b: Haxorus|0 fnt\n|faint|p2b: Haxorus\n|move|p1b: Glorpis|Ice Beam|p2a: Sandy Shocks\n|-supereffective|p2a: Sandy Shocks\n|-damage|p2a: Sandy Shocks|0 fnt\n|faint|p2a: Sandy Shocks\n|-end|p2a: Sandy Shocks|Protosynthesis|[silent]\n|\n|upkeep\n|\n|t:|1683332379\n|switch|p2b: Gyarados|Gyarados, L50, M|100\/100\n|-ability|p2b: Gyarados|Intimidate|boost\n|-unboost|p1a: Intigua|atk|1\n|-unboost|p1b: Glorpis|atk|1\n|turn|4\n|\n|t:|1683332414\n|move|p1a: Intigua|Acrobatics|p2b: Gyarados\n|-damage|p2b: Gyarados|53\/100\n|move|p2b: Gyarados|Icy Wind|p1b: Glorpis|[spread] p1a,p1b\n|-supereffective|p1a: Intigua\n|-damage|p1a: Intigua|42\/100\n|-damage|p1b: Glorpis|62\/100\n|-unboost|p1a: Intigua|spe|1\n|-unboost|p1b: Glorpis|spe|1\n|move|p1b: Glorpis|Ice Beam|p2b: Gyarados\n|-damage|p2b: Gyarados|33\/100\n|\n|upkeep\n|turn|5\n|\n|t:|1683332434\n|move|p2b: Gyarados|Earthquake|p1b: Glorpis|[spread] p1a,p1b\n|-damage|p1a: Intigua|16\/100\n|-damage|p1b: Glorpis|43\/100\n|move|p1a: Intigua|Acrobatics|p2b: Gyarados\n|-damage|p2b: Gyarados|0 fnt\n|faint|p2b: Gyarados\n|\n|win|labmonjo1210\n|l|\u2606labmonjo1210\n","uploadtime":1683332483,"views":14,"p1id":"labmonjo1210","p2id":"stardragon44","formatid":"gen9vgc2023regulationc","rating":0,"private":0,"password":""}