{"id":"gen9vgc2023regulationc-1857073765","p1":"paulcomma","p2":"haha you rage quit","format":"[Gen 9] VGC 2023 Regulation C","log":"|j|\u2606paulcomma\n|j|\u2606haha you rage quit\n|t:|1683143192\n|gametype|doubles\n|player|p1|paulcomma|skier|1240\n|player|p2|haha you rage quit|pokemaniac|1270\n|teamsize|p1|6\n|teamsize|p2|6\n|gen|9\n|tier|[Gen 9] VGC 2023 Regulation C\n|rated|\n|rule|Species Clause: Limit one of each Pok\u00e9mon\n|rule|Item Clause: Limit one of each item\n|clearpoke\n|poke|p1|Flutter Mane, L50|\n|poke|p1|Jumpluff, L50, F|\n|poke|p1|Chi-Yu, L50|\n|poke|p1|Torkoal, L50, M|\n|poke|p1|Roaring Moon, L50|\n|poke|p1|Wo-Chien, L50|\n|poke|p2|Flutter Mane, L50|\n|poke|p2|Chi-Yu, L50|\n|poke|p2|Donphan, L50, M|\n|poke|p2|Gholdengo, L50|\n|poke|p2|Talonflame, L50, M|\n|poke|p2|Murkrow, L50, M|\n|teampreview|4\n|inactive|Battle timer is ON: inactive players will automatically lose when time's up. (requested by paulcomma)\n|inactive|haha you rage quit has 60 seconds left.\n|\n|t:|1683143237\n|start\n|switch|p1a: Jumpluff|Jumpluff, L50, F|100\/100\n|switch|p1b: Roaring Moon|Roaring Moon, L50|100\/100\n|switch|p2a: Murkrow|Murkrow, L50, M|100\/100\n|switch|p2b: Donphan|Donphan, L50, M|100\/100\n|turn|1\n|inactive|haha you rage quit has 30 seconds left.\n|inactive|haha you rage quit has 20 seconds left.\n|inactive|haha you rage quit has 15 seconds left.\n|inactive|haha you rage quit has 10 seconds left.\n|inactive|haha you rage quit has 5 seconds left.\n|\n|t:|1683143288\n|move|p2a: Murkrow|Quash|p1a: Jumpluff\n|-activate|p1a: Jumpluff|move: Quash\n|move|p1b: Roaring Moon|Rock Slide|p2b: Donphan|[spread] p2a,p2b\n|-supereffective|p2a: Murkrow\n|-resisted|p2b: Donphan\n|-enditem|p2a: Murkrow|Focus Sash\n|-damage|p2a: Murkrow|1\/100\n|-damage|p2b: Donphan|91\/100\n|move|p2b: Donphan|Earthquake|p1b: Roaring Moon|[spread] p1b\n|-immune|p2a: Murkrow\n|-immune|p1a: Jumpluff\n|-damage|p1b: Roaring Moon|32\/100\n|move|p1a: Jumpluff|Sleep Powder|p2b: Donphan|[miss]\n|-miss|p1a: Jumpluff|p2b: Donphan\n|\n|upkeep\n|turn|2\n|inactive|paulcomma has 30 seconds left.\n|inactive|haha you rage quit has 30 seconds left.\n|\n|t:|1683143314\n|move|p2a: Murkrow|Tailwind|p2a: Murkrow\n|-sidestart|p2: haha you rage quit|move: Tailwind\n|move|p2b: Donphan|Earthquake|p1b: Roaring Moon|[spread] p1b\n|-immune|p2a: Murkrow\n|-immune|p1a: Jumpluff\n|-damage|p1b: Roaring Moon|0 fnt\n|faint|p1b: Roaring Moon\n|-end|p1b: Roaring Moon|Protosynthesis|[silent]\n|move|p1a: Jumpluff|Sleep Powder|p2b: Donphan|[miss]\n|-miss|p1a: Jumpluff|p2b: Donphan\n|\n|upkeep\n|\n|t:|1683143328\n|switch|p1b: Chi-Yu|Chi-Yu, L50|100\/100\n|-ability|p1b: Chi-Yu|Beads of Ruin\n|turn|3\n|\n|t:|1683143340\n|move|p1b: Chi-Yu|Protect|p1b: Chi-Yu\n|-singleturn|p1b: Chi-Yu|Protect\n|move|p2a: Murkrow|Quash|p1a: Jumpluff\n|-activate|p1a: Jumpluff|move: Quash\n|move|p2b: Donphan|Earthquake|p1a: Jumpluff|[spread] \n|-activate|p1b: Chi-Yu|move: Protect\n|-immune|p2a: Murkrow\n|-immune|p1a: Jumpluff\n|move|p1a: Jumpluff|Sleep Powder|p2b: Donphan|[miss]\n|-miss|p1a: Jumpluff|p2b: Donphan\n|\n|upkeep\n|turn|4\n|c|\u2606paulcomma|live by sleep powder die by sleep powder\n|inactive|paulcomma has 30 seconds left.\n|\n|t:|1683143370\n|-terastallize|p1b: Chi-Yu|Grass\n|move|p2a: Murkrow|Quash|p1a: Jumpluff\n|-activate|p1a: Jumpluff|move: Quash\n|move|p2b: Donphan|Earthquake|p1b: Chi-Yu|[spread] p1b\n|-immune|p2a: Murkrow\n|-immune|p1a: Jumpluff\n|-resisted|p1b: Chi-Yu\n|-damage|p1b: Chi-Yu|60\/100\n|move|p1b: Chi-Yu|Tera Blast|p2b: Donphan\n|-supereffective|p2b: Donphan\n|-damage|p2b: Donphan|0 fnt\n|faint|p2b: Donphan\n|move|p1a: Jumpluff|Sleep Powder|p2a: Murkrow\n|-status|p2a: Murkrow|slp|[from] move: Sleep Powder\n|\n|upkeep\n|\n|t:|1683143386\n|switch|p2b: Chi-Yu|Chi-Yu, L50|100\/100\n|-ability|p2b: Chi-Yu|Beads of Ruin\n|turn|5\n|\n|t:|1683143400\n|move|p1b: Chi-Yu|Protect|p1b: Chi-Yu\n|-singleturn|p1b: Chi-Yu|Protect\n|cant|p2a: Murkrow|slp\n|move|p2b: Chi-Yu|Heat Wave|p1a: Jumpluff|[spread] \n|-activate|p1b: Chi-Yu|move: Protect\n|-miss|p2b: Chi-Yu|p1a: Jumpluff\n|move|p1a: Jumpluff|Sleep Powder|p2b: Chi-Yu\n|-status|p2b: Chi-Yu|slp|[from] move: Sleep Powder\n|\n|-sideend|p2: haha you rage quit|move: Tailwind\n|upkeep\n|turn|6\n|\n|t:|1683143421\n|cant|p2b: Chi-Yu|slp\n|cant|p2a: Murkrow|slp\n|move|p1a: Jumpluff|Absorb|p2a: Murkrow\n|-resisted|p2a: Murkrow\n|-damage|p2a: Murkrow|0 fnt\n|faint|p2a: Murkrow\n|move|p1b: Chi-Yu|Flamethrower|p2b: Chi-Yu\n|-resisted|p2b: Chi-Yu\n|-damage|p2b: Chi-Yu|78\/100 slp\n|\n|upkeep\n|\n|t:|1683143433\n|switch|p2a: Flutter Mane|Flutter Mane, L50, shiny|100\/100\n|-enditem|p2a: Flutter Mane|Booster Energy\n|-activate|p2a: Flutter Mane|ability: Protosynthesis|[fromitem]\n|-start|p2a: Flutter Mane|protosynthesisspe\n|turn|7\n|\n|t:|1683143449\n|move|p1a: Jumpluff|Rage Powder|p1a: Jumpluff\n|-singleturn|p1a: Jumpluff|move: Rage Powder\n|move|p2a: Flutter Mane|Icy Wind|p1a: Jumpluff|[spread] p1a,p1b\n|-supereffective|p1a: Jumpluff\n|-supereffective|p1b: Chi-Yu\n|-damage|p1a: Jumpluff|24\/100\n|-damage|p1b: Chi-Yu|35\/100\n|-unboost|p1a: Jumpluff|spe|1\n|-unboost|p1b: Chi-Yu|spe|1\n|cant|p2b: Chi-Yu|slp\n|move|p1b: Chi-Yu|Flamethrower|p2a: Flutter Mane\n|-damage|p2a: Flutter Mane|29\/100\n|\n|upkeep\n|turn|8\n|\n|t:|1683143469\n|switch|p1a: Torkoal|Torkoal, L50, M|100\/100\n|-weather|SunnyDay|[from] ability: Drought|[of] p1a: Torkoal\n|move|p1b: Chi-Yu|Protect|p1b: Chi-Yu\n|-singleturn|p1b: Chi-Yu|Protect\n|move|p2a: Flutter Mane|Icy Wind|p1b: Chi-Yu|[spread] p1a\n|-activate|p1b: Chi-Yu|move: Protect\n|-resisted|p1a: Torkoal\n|-damage|p1a: Torkoal|87\/100\n|-unboost|p1a: Torkoal|spe|1\n|cant|p2b: Chi-Yu|slp\n|\n|-weather|SunnyDay|[upkeep]\n|upkeep\n|turn|9\n|\n|t:|1683143485\n|move|p2a: Flutter Mane|Icy Wind|p1b: Chi-Yu|[spread] p1a,p1b\n|-resisted|p1a: Torkoal\n|-supereffective|p1b: Chi-Yu\n|-damage|p1a: Torkoal|74\/100\n|-damage|p1b: Chi-Yu|9\/100\n|-unboost|p1a: Torkoal|spe|1\n|-unboost|p1b: Chi-Yu|spe|1\n|-curestatus|p2b: Chi-Yu|slp|[msg]\n|move|p2b: Chi-Yu|Snarl|p1a: Torkoal|[spread] p1a,p1b\n|-crit|p1b: Chi-Yu\n|-damage|p1a: Torkoal|35\/100\n|-damage|p1b: Chi-Yu|0 fnt\n|-unboost|p1a: Torkoal|spa|1\n|faint|p1b: Chi-Yu\n|move|p1a: Torkoal|Earth Power|p2b: Chi-Yu\n|-supereffective|p2b: Chi-Yu\n|-damage|p2b: Chi-Yu|31\/100\n|\n|-weather|SunnyDay|[upkeep]\n|upkeep\n|\n|t:|1683143494\n|switch|p1b: Jumpluff|Jumpluff, L50, F|24\/100\n|turn|10\n|\n|t:|1683143509\n|move|p1b: Jumpluff|Sleep Powder|p2a: Flutter Mane|[miss]\n|-miss|p1b: Jumpluff|p2a: Flutter Mane\n|move|p2a: Flutter Mane|Icy Wind|p1b: Jumpluff|[spread] p1a,p1b\n|-resisted|p1a: Torkoal\n|-supereffective|p1b: Jumpluff\n|-damage|p1a: Torkoal|22\/100\n|-damage|p1b: Jumpluff|0 fnt\n|-unboost|p1a: Torkoal|spe|1\n|faint|p1b: Jumpluff\n|move|p2b: Chi-Yu|Snarl|p1a: Torkoal\n|-damage|p1a: Torkoal|0 fnt\n|faint|p1a: Torkoal\n|\n|win|haha you rage quit\n|raw|paulcomma's rating: 1240 → 1217<\/strong> (-23 for losing)\n|raw|haha you rage quit's rating: 1270 → 1293<\/strong> (+23 for winning)\n|l|\u2606paulcomma\n","uploadtime":1683143539,"views":8,"p1id":"paulcomma","p2id":"hahayouragequit","formatid":"gen9vgc2023regulationc","rating":1217,"private":0,"password":""}