{"id":"gen9vgc2023regulationc-1861981171","p1":"leolc0926","p2":"TommeeVGC","format":"[Gen 9] VGC 2023 Regulation C","log":"|j|\u2606leolc0926\n|j|\u2606TommeeVGC\n|t:|1683826071\n|gametype|doubles\n|player|p1|leolc0926|steven|1237\n|player|p2|TommeeVGC|ethan|1322\n|teamsize|p1|6\n|teamsize|p2|6\n|gen|9\n|tier|[Gen 9] VGC 2023 Regulation C\n|rated|\n|rule|Species Clause: Limit one of each Pok\u00e9mon\n|rule|Item Clause: Limit one of each item\n|clearpoke\n|poke|p1|Roaring Moon, L50|\n|poke|p1|Palafin, L50, F|\n|poke|p1|Flutter Mane, L50|\n|poke|p1|Arcanine, L50, M|\n|poke|p1|Ting-Lu, L50|\n|poke|p1|Amoonguss, L50, F|\n|poke|p2|Vivillon-Fancy, L50, M|\n|poke|p2|Corviknight, L50, F|\n|poke|p2|Abomasnow, L50, F|\n|poke|p2|Iron Bundle, L50|\n|poke|p2|Chien-Pao, L50|\n|poke|p2|Ting-Lu, L50|\n|teampreview|4\n|inactive|Battle timer is ON: inactive players will automatically lose when time's up. (requested by TommeeVGC)\n|\n|t:|1683826098\n|start\n|switch|p1a: \u8f70\u9e23\u4fa0|Roaring Moon, L50|100\/100\n|switch|p1b: \u632f\u7ffc\u4fa0|Flutter Mane, L50, shiny|100\/100\n|switch|p2a: Vivillon|Vivillon-Fancy, L50, M|100\/100\n|switch|p2b: Ting-Lu|Ting-Lu, L50|100\/100\n|-ability|p2b: Ting-Lu|Vessel of Ruin\n|-enditem|p1a: \u8f70\u9e23\u4fa0|Booster Energy\n|-activate|p1a: \u8f70\u9e23\u4fa0|ability: Protosynthesis|[fromitem]\n|-start|p1a: \u8f70\u9e23\u4fa0|protosynthesisatk\n|turn|1\n|\n|t:|1683826123\n|-terastallize|p1a: \u8f70\u9e23\u4fa0|Flying\n|-terastallize|p2b: Ting-Lu|Ground\n|move|p2a: Vivillon|Protect|p2a: Vivillon\n|-singleturn|p2a: Vivillon|Protect\n|move|p1b: \u632f\u7ffc\u4fa0|Moonblast|p2a: Vivillon\n|-activate|p2a: Vivillon|move: Protect\n|move|p1a: \u8f70\u9e23\u4fa0|Dragon Dance|p1a: \u8f70\u9e23\u4fa0\n|-boost|p1a: \u8f70\u9e23\u4fa0|atk|1\n|-boost|p1a: \u8f70\u9e23\u4fa0|spe|1\n|move|p2b: Ting-Lu|Earthquake|p1a: \u8f70\u9e23\u4fa0|[spread] p1b\n|-activate|p2a: Vivillon|move: Protect\n|-immune|p1a: \u8f70\u9e23\u4fa0\n|-damage|p1b: \u632f\u7ffc\u4fa0|0 fnt\n|faint|p1b: \u632f\u7ffc\u4fa0\n|-end|p1b: \u632f\u7ffc\u4fa0|Protosynthesis|[silent]\n|\n|upkeep\n|\n|t:|1683826131\n|switch|p1b: \u75af\u72d7\u4fa0|Arcanine, L50, M, shiny|100\/100\n|-ability|p1b: \u75af\u72d7\u4fa0|Intimidate|boost\n|-unboost|p2a: Vivillon|atk|1\n|-unboost|p2b: Ting-Lu|atk|1\n|turn|2\n|inactive|leolc0926 has 30 seconds left.\n|inactive|leolc0926 has 20 seconds left.\n|\n|t:|1683826169\n|move|p2a: Vivillon|Rage Powder|p2a: Vivillon\n|-singleturn|p2a: Vivillon|move: Rage Powder\n|move|p1a: \u8f70\u9e23\u4fa0|Dragon Dance|p1a: \u8f70\u9e23\u4fa0\n|-boost|p1a: \u8f70\u9e23\u4fa0|atk|1\n|-boost|p1a: \u8f70\u9e23\u4fa0|spe|1\n|move|p1b: \u75af\u72d7\u4fa0|Will-O-Wisp|p2b: Ting-Lu\n|-status|p2b: Ting-Lu|brn\n|move|p2b: Ting-Lu|Earthquake|p1b: \u75af\u72d7\u4fa0|[spread] p1b\n|-immune|p2a: Vivillon\n|-immune|p1a: \u8f70\u9e23\u4fa0\n|-supereffective|p1b: \u75af\u72d7\u4fa0\n|-damage|p1b: \u75af\u72d7\u4fa0|43\/100\n|\n|-damage|p2b: Ting-Lu|95\/100 brn|[from] brn\n|upkeep\n|turn|3\n|inactive|leolc0926 has 30 seconds left.\n|\n|t:|1683826196\n|move|p2a: Vivillon|Protect|p2a: Vivillon\n|-singleturn|p2a: Vivillon|Protect\n|move|p1a: \u8f70\u9e23\u4fa0|Acrobatics|p2a: Vivillon\n|-activate|p2a: Vivillon|move: Protect\n|move|p1b: \u75af\u72d7\u4fa0|Flare Blitz|p2a: Vivillon\n|-activate|p2a: Vivillon|move: Protect\n|move|p2b: Ting-Lu|Earthquake|p1b: \u75af\u72d7\u4fa0|[spread] p1b\n|-activate|p2a: Vivillon|move: Protect\n|-immune|p1a: \u8f70\u9e23\u4fa0\n|-supereffective|p1b: \u75af\u72d7\u4fa0\n|-damage|p1b: \u75af\u72d7\u4fa0|0 fnt\n|faint|p1b: \u75af\u72d7\u4fa0\n|\n|-damage|p2b: Ting-Lu|89\/100 brn|[from] brn\n|upkeep\n|\n|t:|1683826199\n|switch|p1b: \u53e4\u9f0e\u4fa0|Ting-Lu, L50|100\/100\n|-ability|p1b: \u53e4\u9f0e\u4fa0|Vessel of Ruin\n|turn|4\n|\n|t:|1683826214\n|move|p2a: Vivillon|Rage Powder|p2a: Vivillon\n|-singleturn|p2a: Vivillon|move: Rage Powder\n|move|p1a: \u8f70\u9e23\u4fa0|Acrobatics|p2a: Vivillon\n|-supereffective|p2a: Vivillon\n|-enditem|p2a: Vivillon|Focus Sash\n|-damage|p2a: Vivillon|1\/100\n|move|p2b: Ting-Lu|Earthquake|p1a: \u8f70\u9e23\u4fa0|[spread] p1b\n|-immune|p2a: Vivillon\n|-immune|p1a: \u8f70\u9e23\u4fa0\n|-damage|p1b: \u53e4\u9f0e\u4fa0|86\/100\n|move|p1b: \u53e4\u9f0e\u4fa0|Heavy Slam|p2a: Vivillon\n|-damage|p2a: Vivillon|0 fnt\n|faint|p2a: Vivillon\n|\n|-damage|p2b: Ting-Lu|83\/100 brn|[from] brn\n|upkeep\n|\n|t:|1683826229\n|switch|p2a: Iron Bundle|Iron Bundle, L50|100\/100\n|-enditem|p2a: Iron Bundle|Booster Energy\n|-activate|p2a: Iron Bundle|ability: Quark Drive|[fromitem]\n|-start|p2a: Iron Bundle|quarkdrivespe\n|turn|5\n|\n|t:|1683826252\n|move|p1a: \u8f70\u9e23\u4fa0|Protect|p1a: \u8f70\u9e23\u4fa0\n|-singleturn|p1a: \u8f70\u9e23\u4fa0|Protect\n|move|p2a: Iron Bundle|Protect|p2a: Iron Bundle\n|-singleturn|p2a: Iron Bundle|Protect\n|move|p2b: Ting-Lu|Earthquake|p1b: \u53e4\u9f0e\u4fa0|[spread] p1b\n|-activate|p2a: Iron Bundle|move: Protect\n|-activate|p1a: \u8f70\u9e23\u4fa0|move: Protect\n|-damage|p1b: \u53e4\u9f0e\u4fa0|72\/100\n|move|p1b: \u53e4\u9f0e\u4fa0|Heavy Slam|p2a: Iron Bundle\n|-activate|p2a: Iron Bundle|move: Protect\n|\n|-damage|p2b: Ting-Lu|77\/100 brn|[from] brn\n|upkeep\n|turn|6\n|\n|t:|1683826271\n|switch|p2b: Abomasnow|Abomasnow, L50, F|100\/100\n|-weather|Snow|[from] ability: Snow Warning|[of] p2b: Abomasnow\n|move|p1a: \u8f70\u9e23\u4fa0|Acrobatics|p2a: Iron Bundle\n|-damage|p2a: Iron Bundle|0 fnt\n|faint|p2a: Iron Bundle\n|-end|p2a: Iron Bundle|Quark Drive|[silent]\n|move|p1b: \u53e4\u9f0e\u4fa0|Heavy Slam|p2b: Abomasnow\n|-supereffective|p2b: Abomasnow\n|-damage|p2b: Abomasnow|52\/100\n|\n|-weather|Snow|[upkeep]\n|upkeep\n|\n|t:|1683826282\n|switch|p2a: Ting-Lu|Ting-Lu, L50, tera:Ground|77\/100 brn\n|-ability|p2a: Ting-Lu|Vessel of Ruin\n|turn|7\n|\n|t:|1683826296\n|move|p2b: Abomasnow|Ice Shard|p1a: \u8f70\u9e23\u4fa0\n|-supereffective|p1a: \u8f70\u9e23\u4fa0\n|-damage|p1a: \u8f70\u9e23\u4fa0|65\/100\n|-damage|p2b: Abomasnow|42\/100|[from] item: Life Orb\n|move|p1a: \u8f70\u9e23\u4fa0|Acrobatics|p2b: Abomasnow\n|-supereffective|p2b: Abomasnow\n|-damage|p2b: Abomasnow|0 fnt\n|faint|p2b: Abomasnow\n|move|p2a: Ting-Lu|Rock Slide|p1a: \u8f70\u9e23\u4fa0|[spread] p1b\n|-miss|p2a: Ting-Lu|p1a: \u8f70\u9e23\u4fa0\n|-resisted|p1b: \u53e4\u9f0e\u4fa0\n|-damage|p1b: \u53e4\u9f0e\u4fa0|68\/100\n|move|p1b: \u53e4\u9f0e\u4fa0|Ruination|p2a: Ting-Lu|[miss]\n|-miss|p1b: \u53e4\u9f0e\u4fa0|p2a: Ting-Lu\n|\n|-weather|Snow|[upkeep]\n|-damage|p2a: Ting-Lu|71\/100 brn|[from] brn\n|upkeep\n|turn|8\n|\n|t:|1683826311\n|move|p1a: \u8f70\u9e23\u4fa0|Acrobatics|p2a: Ting-Lu\n|-damage|p2a: Ting-Lu|0 fnt\n|faint|p2a: Ting-Lu\n|\n|win|leolc0926\n|raw|leolc0926's rating: 1237 → 1268<\/strong> (+31 for winning)\n|raw|TommeeVGC's rating: 1322 → 1297<\/strong> (-25 for losing)\n|c|\u2606leolc0926|gg\n|l|\u2606TommeeVGC\n","uploadtime":1683826321,"views":9,"p1id":"leolc0926","p2id":"tommeevgc","formatid":"gen9vgc2023regulationc","rating":1268,"private":0,"password":""}