{"id":"gen9vgc2023regulationc-1855242475","p1":"ShellRaptor556","p2":"44sight","format":"[Gen 9] VGC 2023 Regulation C","log":"|j|\u2606ShellRaptor556\n|j|\u260644sight\n|t:|1682921355\n|gametype|doubles\n|player|p1|ShellRaptor556|caitlin|1324\n|player|p2|44sight|benga|1227\n|teamsize|p1|6\n|teamsize|p2|6\n|gen|9\n|tier|[Gen 9] VGC 2023 Regulation C\n|rated|\n|rule|Species Clause: Limit one of each Pok\u00e9mon\n|rule|Item Clause: Limit one of each item\n|clearpoke\n|poke|p1|Indeedee-F, L50, F|\n|poke|p1|Armarouge, L50, M|\n|poke|p1|Torkoal, L50, F|\n|poke|p1|Farigiraf, L50, M|\n|poke|p1|Iron Hands, L50|\n|poke|p1|Great Tusk, L50|\n|poke|p2|Ting-Lu, L50|\n|poke|p2|Amoonguss, L50, F|\n|poke|p2|Arcanine, L50, F|\n|poke|p2|Flutter Mane, L50|\n|poke|p2|Palafin, L50, M|\n|poke|p2|Baxcalibur, L50, F|\n|teampreview|4\n|inactive|Battle timer is ON: inactive players will automatically lose when time's up. (requested by ShellRaptor556)\n|j| Concept Everything\n|inactive|44sight has 60 seconds left.\n|inactive|44sight has 30 seconds left.\n|\n|t:|1682921416\n|start\n|switch|p1a: Indeedee|Indeedee-F, L50, F|100\/100\n|switch|p1b: Armarouge|Armarouge, L50, M|100\/100\n|switch|p2a: Amoonguss|Amoonguss, L50, F|100\/100\n|switch|p2b: Arcanine|Arcanine, L50, F|100\/100\n|-fieldstart|move: Psychic Terrain|[from] ability: Psychic Surge|[of] p1a: Indeedee\n|-enditem|p1a: Indeedee|Psychic Seed\n|-boost|p1a: Indeedee|spd|1|[from] item: Psychic Seed\n|-ability|p2b: Arcanine|Intimidate|boost\n|-unboost|p1a: Indeedee|atk|1\n|-unboost|p1b: Armarouge|atk|1\n|turn|1\n|\n|t:|1682921432\n|-terastallize|p2a: Amoonguss|Water\n|move|p1a: Indeedee|Psychic|p2a: Amoonguss\n|-damage|p2a: Amoonguss|69\/100\n|move|p2b: Arcanine|Flare Blitz|p1a: Indeedee\n|-damage|p1a: Indeedee|30\/100\n|-damage|p2b: Arcanine|79\/100|[from] Recoil\n|move|p2a: Amoonguss|Spore|p1b: Armarouge\n|-status|p1b: Armarouge|slp|[from] move: Spore\n|cant|p1b: Armarouge|slp\n|\n|upkeep\n|turn|2\n|l| Concept Everything\n|inactive|ShellRaptor556 has 30 seconds left.\n|inactive|ShellRaptor556 has 20 seconds left.\n|\n|t:|1682921470\n|move|p1a: Indeedee|Follow Me|p1a: Indeedee\n|-singleturn|p1a: Indeedee|move: Follow Me\n|move|p2b: Arcanine|Flare Blitz|p1a: Indeedee\n|-damage|p1a: Indeedee|0 fnt\n|faint|p1a: Indeedee\n|-damage|p2b: Arcanine|70\/100|[from] Recoil\n|move|p2a: Amoonguss|Pollen Puff|p2b: Arcanine\n|-heal|p2b: Arcanine|100\/100\n|cant|p1b: Armarouge|slp\n|\n|upkeep\n|\n|t:|1682921493\n|switch|p1a: Great Tusk|Great Tusk, L50|100\/100\n|turn|3\n|\n|t:|1682921503\n|move|p2b: Arcanine|Will-O-Wisp|p1a: Great Tusk\n|-status|p1a: Great Tusk|brn\n|move|p1a: Great Tusk|Earthquake|p2a: Amoonguss|[spread] p1b,p2a,p2b\n|-supereffective|p1b: Armarouge\n|-supereffective|p2b: Arcanine\n|-damage|p1b: Armarouge|61\/100 slp\n|-damage|p2a: Amoonguss|50\/100\n|-damage|p2b: Arcanine|53\/100\n|-enditem|p2a: Amoonguss|Sitrus Berry|[eat]\n|-heal|p2a: Amoonguss|75\/100|[from] item: Sitrus Berry\n|move|p2a: Amoonguss|Pollen Puff|p1b: Armarouge\n|-damage|p1b: Armarouge|41\/100 slp\n|-curestatus|p1b: Armarouge|slp|[msg]\n|move|p1b: Armarouge|Trick Room|p1b: Armarouge\n|-fieldstart|move: Trick Room|[of] p1b: Armarouge\n|\n|-damage|p1a: Great Tusk|95\/100 brn|[from] brn\n|upkeep\n|turn|4\n|inactive|ShellRaptor556 has 30 seconds left.\n|\n|t:|1682921536\n|move|p2b: Arcanine|Extreme Speed|p1b: Armarouge\n|-activate|p1b: Armarouge|move: Psychic Terrain\n|move|p2a: Amoonguss|Spore|p1b: Armarouge\n|-status|p1b: Armarouge|slp|[from] move: Spore\n|cant|p1b: Armarouge|slp\n|move|p1a: Great Tusk|Earthquake|p2b: Arcanine|[spread] p1b,p2a,p2b\n|-supereffective|p1b: Armarouge\n|-supereffective|p2b: Arcanine\n|-crit|p2b: Arcanine\n|-damage|p1b: Armarouge|3\/100 slp\n|-damage|p2a: Amoonguss|56\/100\n|-damage|p2b: Arcanine|0 fnt\n|faint|p2b: Arcanine\n|\n|-damage|p1a: Great Tusk|89\/100 brn|[from] brn\n|upkeep\n|\n|t:|1682921550\n|switch|p2b: Flutter Mane|Flutter Mane, L50|100\/100\n|-enditem|p2b: Flutter Mane|Booster Energy\n|-activate|p2b: Flutter Mane|ability: Protosynthesis|[fromitem]\n|-start|p2b: Flutter Mane|protosynthesisspa\n|turn|5\n|\n|t:|1682921566\n|move|p2a: Amoonguss|Protect|p2a: Amoonguss\n|-singleturn|p2a: Amoonguss|Protect\n|move|p2b: Flutter Mane|Protect|p2b: Flutter Mane\n|-singleturn|p2b: Flutter Mane|Protect\n|cant|p1b: Armarouge|slp\n|move|p1a: Great Tusk|Earthquake|p2b: Flutter Mane|[spread] p1b\n|-activate|p2a: Amoonguss|move: Protect\n|-activate|p2b: Flutter Mane|move: Protect\n|-supereffective|p1b: Armarouge\n|-damage|p1b: Armarouge|0 fnt\n|faint|p1b: Armarouge\n|\n|-damage|p1a: Great Tusk|83\/100 brn|[from] brn\n|-fieldend|move: Psychic Terrain\n|upkeep\n|\n|t:|1682921571\n|switch|p1b: Torkoal|Torkoal, L50, F|100\/100\n|-weather|SunnyDay|[from] ability: Drought|[of] p1b: Torkoal\n|-activate|p1a: Great Tusk|ability: Protosynthesis\n|-start|p1a: Great Tusk|protosynthesisatk\n|turn|6\n|\n|t:|1682921588\n|-end|p2b: Flutter Mane|Protosynthesis|[silent]\n|switch|p2b: Baxcalibur|Baxcalibur, L50, F, shiny|100\/100\n|-terastallize|p1b: Torkoal|Flying\n|move|p2a: Amoonguss|Spore|p1b: Torkoal\n|-status|p1b: Torkoal|slp|[from] move: Spore\n|cant|p1b: Torkoal|slp\n|move|p1a: Great Tusk|Earthquake|p2a: Amoonguss|[spread] p2a,p2b\n|-immune|p1b: Torkoal\n|-damage|p2a: Amoonguss|33\/100\n|-damage|p2b: Baxcalibur|77\/100\n|\n|-weather|SunnyDay|[upkeep]\n|-damage|p1a: Great Tusk|77\/100 brn|[from] brn\n|upkeep\n|turn|7\n|\n|t:|1682921608\n|move|p2a: Amoonguss|Protect|p2a: Amoonguss\n|-singleturn|p2a: Amoonguss|Protect\n|move|p2b: Baxcalibur|Ice Shard|p1a: Great Tusk\n|-supereffective|p1a: Great Tusk\n|-damage|p1a: Great Tusk|45\/100 brn\n|-curestatus|p1b: Torkoal|slp|[msg]\n|move|p1b: Torkoal|Eruption|p2b: Baxcalibur|[spread] p2b\n|-activate|p2a: Amoonguss|move: Protect\n|-damage|p2b: Baxcalibur|0 fnt\n|faint|p2b: Baxcalibur\n|move|p1a: Great Tusk|Earthquake|p2a: Amoonguss|[spread] \n|-activate|p2a: Amoonguss|move: Protect\n|-immune|p1b: Torkoal\n|\n|-weather|SunnyDay|[upkeep]\n|-damage|p1a: Great Tusk|39\/100 brn|[from] brn\n|-fieldend|move: Trick Room\n|upkeep\n|\n|t:|1682921623\n|switch|p2b: Flutter Mane|Flutter Mane, L50|100\/100\n|-activate|p2b: Flutter Mane|ability: Protosynthesis\n|-start|p2b: Flutter Mane|protosynthesisspa\n|turn|8\n|inactive|44sight has 30 seconds left.\n|\n|t:|1682921652\n|move|p2b: Flutter Mane|Protect|p2b: Flutter Mane\n|-singleturn|p2b: Flutter Mane|Protect\n|move|p1a: Great Tusk|Earthquake|p2b: Flutter Mane|[spread] p2a\n|-activate|p2b: Flutter Mane|move: Protect\n|-immune|p1b: Torkoal\n|-damage|p2a: Amoonguss|11\/100\n|move|p1b: Torkoal|Eruption|p2b: Flutter Mane|[spread] p2a\n|-activate|p2b: Flutter Mane|move: Protect\n|-resisted|p2a: Amoonguss\n|-damage|p2a: Amoonguss|0 fnt\n|faint|p2a: Amoonguss\n|\n|-weather|SunnyDay|[upkeep]\n|-damage|p1a: Great Tusk|33\/100 brn|[from] brn\n|upkeep\n|turn|9\n|\n|t:|1682921667\n|move|p2b: Flutter Mane|Moonblast|p1b: Torkoal\n|-damage|p1b: Torkoal|8\/100\n|move|p1a: Great Tusk|Earthquake|p2b: Flutter Mane|[spread] p2b\n|-immune|p1b: Torkoal\n|-damage|p2b: Flutter Mane|54\/100\n|move|p1b: Torkoal|Eruption|p2b: Flutter Mane\n|-damage|p2b: Flutter Mane|43\/100\n|\n|-weather|SunnyDay|[upkeep]\n|-damage|p1a: Great Tusk|27\/100 brn|[from] brn\n|upkeep\n|turn|10\n|\n|t:|1682921685\n|move|p2b: Flutter Mane|Moonblast|p1b: Torkoal\n|-damage|p1b: Torkoal|0 fnt\n|faint|p1b: Torkoal\n|move|p1a: Great Tusk|Earthquake|p2b: Flutter Mane\n|-damage|p2b: Flutter Mane|0 fnt\n|faint|p2b: Flutter Mane\n|-end|p2b: Flutter Mane|Protosynthesis|[silent]\n|\n|win|ShellRaptor556\n|raw|ShellRaptor556's rating: 1324 → 1339<\/strong> (+15 for winning)\n|raw|44sight's rating: 1227 → 1209<\/strong> (-18 for losing)\n|l|\u260644sight\n","uploadtime":1682921709,"views":21,"p1id":"shellraptor556","p2id":"44sight","formatid":"gen9vgc2023regulationc","rating":1209,"private":0,"password":""}