{"id":"gen9vgc2023regulationc-1863891114","p1":"rodjilius","p2":"mathtass","format":"[Gen 9] VGC 2023 Regulation C","log":"|j|\u2606rodjilius\n|j|\u2606mathtass\n|t:|1684090024\n|gametype|doubles\n|player|p1|rodjilius|102|1325\n|player|p2|mathtass|101|1397\n|teamsize|p1|6\n|teamsize|p2|6\n|gen|9\n|tier|[Gen 9] VGC 2023 Regulation C\n|rated|\n|rule|Species Clause: Limit one of each Pok\u00e9mon\n|rule|Item Clause: Limit one of each item\n|clearpoke\n|poke|p1|Corviknight, L50, F|\n|poke|p1|Gholdengo, L50|\n|poke|p1|Chi-Yu, L50|\n|poke|p1|Iron Bundle, L50|\n|poke|p1|Glimmora, L50, F|\n|poke|p1|Grimmsnarl, L50, M|\n|poke|p2|Palafin, L50, M|\n|poke|p2|Chien-Pao, L50|\n|poke|p2|Dragapult, L50, F|\n|poke|p2|Amoonguss, L50, F|\n|poke|p2|Arcanine, L50, M|\n|poke|p2|Flutter Mane, L50|\n|teampreview|4\n|inactive|Battle timer is ON: inactive players will automatically lose when time's up. (requested by rodjilius)\nmathtass has agreed to open team sheets.\n|inactive|mathtass has 60 seconds left.\n|\n|t:|1684090063\n|start\n|switch|p1a: Glimmora|Glimmora, L50, F|100\/100\n|switch|p1b: Grimmsnarl|Grimmsnarl, L50, M|100\/100\n|switch|p2a: Blair|Dragapult, L50, F, shiny|100\/100\n|switch|p2b: Poseidon|Palafin, L50, M, shiny|100\/100\n|turn|1\n|inactive|rodjilius has 30 seconds left.\n|\n|t:|1684090088\n|detailschange|p2b: Poseidon|Palafin-Hero, L50, M, shiny\n|switch|p2b: Dante|Chien-Pao, L50|100\/100\n|-ability|p2b: Dante|Sword of Ruin\n|-terastallize|p2a: Blair|Steel\n|move|p1b: Grimmsnarl|Fake Out|p2b: Dante\n|-damage|p2b: Dante|84\/100\n|move|p2a: Blair|Tera Blast|p1a: Glimmora\n|-supereffective|p1a: Glimmora\n|-crit|p1a: Glimmora\n|-damage|p1a: Glimmora|0 fnt\n|-activate|p1a: Glimmora|ability: Toxic Debris\n|-sidestart|p2: mathtass|move: Toxic Spikes\n|faint|p1a: Glimmora\n|\n|upkeep\n|\n|t:|1684090102\n|switch|p1a: Chi-Yu|Chi-Yu, L50|100\/100\n|-ability|p1a: Chi-Yu|Beads of Ruin\n|turn|2\n|\n|t:|1684090116\n|switch|p2a: Poseidon|Palafin-Hero, L50, M, shiny|100\/100\n|-status|p2a: Poseidon|psn\n|-activate|p2a: Poseidon|ability: Zero to Hero\n|move|p2b: Dante|Protect|p2b: Dante\n|-singleturn|p2b: Dante|Protect\n|move|p1b: Grimmsnarl|Reflect|p1b: Grimmsnarl\n|-sidestart|p1: rodjilius|Reflect\n|move|p1a: Chi-Yu|Heat Wave|p2a: Poseidon|[spread] p2a\n|-activate|p2b: Dante|move: Protect\n|-resisted|p2a: Poseidon\n|-crit|p2a: Poseidon\n|-damage|p2a: Poseidon|62\/100 psn\n|\n|-damage|p2a: Poseidon|50\/100 psn|[from] psn\n|upkeep\n|turn|3\n|\n|t:|1684090136\n|-terastallize|p1a: Chi-Yu|Grass\n|move|p2b: Dante|Sucker Punch|p1a: Chi-Yu\n|-damage|p1a: Chi-Yu|54\/100\n|move|p2a: Poseidon|Jet Punch|p1a: Chi-Yu\n|-resisted|p1a: Chi-Yu\n|-damage|p1a: Chi-Yu|18\/100\n|move|p1a: Chi-Yu|Heat Wave|p2a: Poseidon|[spread] p2b\n|-miss|p1a: Chi-Yu|p2a: Poseidon\n|-supereffective|p2b: Dante\n|-damage|p2b: Dante|0 fnt\n|faint|p2b: Dante\n|move|p1b: Grimmsnarl|Spirit Break|p2a: Poseidon\n|-damage|p2a: Poseidon|22\/100 psn\n|-unboost|p2a: Poseidon|spa|1\n|\n|-damage|p2a: Poseidon|10\/100 psn|[from] psn\n|upkeep\n|\n|t:|1684090147\n|switch|p2b: Manila|Amoonguss, L50, F, shiny|100\/100\n|-sideend|p2: mathtass|move: Toxic Spikes|[of] p2b: Manila\n|turn|4\n|\n|t:|1684090165\n|switch|p1a: Corviknight|Corviknight, L50, F|100\/100\n|move|p2a: Poseidon|Jet Punch|p1a: Corviknight\n|-damage|p1a: Corviknight|72\/100\n|move|p1b: Grimmsnarl|Spirit Break|p2a: Poseidon\n|-damage|p2a: Poseidon|0 fnt\n|faint|p2a: Poseidon\n|move|p2b: Manila|Spore|p1b: Grimmsnarl\n|-activate|p1b: Grimmsnarl|item: Safety Goggles|Spore\n|\n|-heal|p1a: Corviknight|78\/100|[from] item: Leftovers\n|upkeep\n|\n|t:|1684090172\n|switch|p2a: Blair|Dragapult, L50, F, shiny, tera:Steel|100\/100\n|turn|5\n|inactive|mathtass has 30 seconds left.\n|\n|t:|1684090200\n|move|p2a: Blair|Tera Blast|p1b: Grimmsnarl\n|-supereffective|p1b: Grimmsnarl\n|-damage|p1b: Grimmsnarl|26\/100\n|move|p1a: Corviknight|Brave Bird|p2b: Manila\n|-supereffective|p2b: Manila\n|-damage|p2b: Manila|32\/100\n|-damage|p1a: Corviknight|49\/100|[from] Recoil\n|move|p1b: Grimmsnarl|Spirit Break|p2b: Manila\n|-resisted|p2b: Manila\n|-damage|p2b: Manila|19\/100\n|-unboost|p2b: Manila|spa|1\n|move|p2b: Manila|Spore|p1a: Corviknight\n|-status|p1a: Corviknight|slp|[from] move: Spore\n|\n|-heal|p1a: Corviknight|55\/100 slp|[from] item: Leftovers\n|-heal|p2b: Manila|25\/100|[from] item: Leftovers\n|upkeep\n|turn|6\n|inactive|rodjilius has 30 seconds left.\n|\n|t:|1684090235\n|move|p2a: Blair|Tera Blast|p1b: Grimmsnarl\n|-supereffective|p1b: Grimmsnarl\n|-crit|p1b: Grimmsnarl\n|-damage|p1b: Grimmsnarl|0 fnt\n|faint|p1b: Grimmsnarl\n|cant|p1a: Corviknight|slp\n|move|p2b: Manila|Pollen Puff|p1a: Corviknight\n|-resisted|p1a: Corviknight\n|-damage|p1a: Corviknight|53\/100 slp\n|\n|-heal|p1a: Corviknight|58\/100 slp|[from] item: Leftovers\n|-heal|p2b: Manila|31\/100|[from] item: Leftovers\n|-sideend|p1: rodjilius|Reflect\n|upkeep\n|\n|t:|1684090247\n|switch|p1b: Chi-Yu|Chi-Yu, L50, tera:Grass|18\/100\n|-ability|p1b: Chi-Yu|Beads of Ruin\n|turn|7\n|\n|t:|1684090257\n|move|p1b: Chi-Yu|Protect|p1b: Chi-Yu\n|-singleturn|p1b: Chi-Yu|Protect\n|move|p2a: Blair|Tera Blast|p1b: Chi-Yu\n|-activate|p1b: Chi-Yu|move: Protect\n|cant|p1a: Corviknight|slp\n|move|p2b: Manila|Pollen Puff|p1a: Corviknight\n|-resisted|p1a: Corviknight\n|-damage|p1a: Corviknight|55\/100 slp\n|\n|-heal|p1a: Corviknight|61\/100 slp|[from] item: Leftovers\n|-heal|p2b: Manila|37\/100|[from] item: Leftovers\n|upkeep\n|turn|8\n|\n|t:|1684090276\n|move|p1b: Chi-Yu|Protect||[still]\n|-fail|p1b: Chi-Yu\n|move|p2a: Blair|Tera Blast|p1b: Chi-Yu\n|-damage|p1b: Chi-Yu|0 fnt\n|faint|p1b: Chi-Yu\n|-curestatus|p1a: Corviknight|slp|[msg]\n|move|p1a: Corviknight|Brave Bird|p2b: Manila\n|-supereffective|p2b: Manila\n|-damage|p2b: Manila|0 fnt\n|faint|p2b: Manila\n|-damage|p1a: Corviknight|46\/100|[from] Recoil\n|\n|-heal|p1a: Corviknight|52\/100|[from] item: Leftovers\n|upkeep\n|turn|9\n|\n|t:|1684090290\n|move|p1a: Corviknight|Protect|p1a: Corviknight\n|-singleturn|p1a: Corviknight|Protect\n|move|p2a: Blair|Tera Blast|p1a: Corviknight\n|-activate|p1a: Corviknight|move: Protect\n|\n|-heal|p1a: Corviknight|58\/100|[from] item: Leftovers\n|upkeep\n|turn|10\n|\n|t:|1684090300\n|move|p2a: Blair|Tera Blast|p1a: Corviknight\n|-resisted|p1a: Corviknight\n|-damage|p1a: Corviknight|33\/100\n|move|p1a: Corviknight|Bulk Up|p1a: Corviknight\n|-boost|p1a: Corviknight|atk|1\n|-boost|p1a: Corviknight|def|1\n|\n|-heal|p1a: Corviknight|39\/100|[from] item: Leftovers\n|upkeep\n|turn|11\n|\n|t:|1684090308\n|move|p1a: Corviknight|Protect|p1a: Corviknight\n|-singleturn|p1a: Corviknight|Protect\n|move|p2a: Blair|Tera Blast|p1a: Corviknight\n|-activate|p1a: Corviknight|move: Protect\n|\n|-heal|p1a: Corviknight|44\/100|[from] item: Leftovers\n|upkeep\n|turn|12\n|\n|t:|1684090317\n|move|p2a: Blair|Tera Blast|p1a: Corviknight\n|-resisted|p1a: Corviknight\n|-damage|p1a: Corviknight|27\/100\n|move|p1a: Corviknight|Bulk Up|p1a: Corviknight\n|-boost|p1a: Corviknight|atk|1\n|-boost|p1a: Corviknight|def|1\n|\n|-heal|p1a: Corviknight|33\/100|[from] item: Leftovers\n|upkeep\n|turn|13\n|\n|t:|1684090324\n|move|p1a: Corviknight|Protect|p1a: Corviknight\n|-singleturn|p1a: Corviknight|Protect\n|move|p2a: Blair|Tera Blast|p1a: Corviknight\n|-activate|p1a: Corviknight|move: Protect\n|\n|-heal|p1a: Corviknight|39\/100|[from] item: Leftovers\n|upkeep\n|turn|14\n|\n|t:|1684090333\n|move|p2a: Blair|Tera Blast|p1a: Corviknight\n|-resisted|p1a: Corviknight\n|-damage|p1a: Corviknight|25\/100\n|move|p1a: Corviknight|Bulk Up|p1a: Corviknight\n|-boost|p1a: Corviknight|atk|1\n|-boost|p1a: Corviknight|def|1\n|\n|-heal|p1a: Corviknight|31\/100|[from] item: Leftovers\n|upkeep\n|turn|15\n|\n|t:|1684090340\n|move|p1a: Corviknight|Protect|p1a: Corviknight\n|-singleturn|p1a: Corviknight|Protect\n|move|p2a: Blair|Tera Blast|p1a: Corviknight\n|-activate|p1a: Corviknight|move: Protect\n|\n|-heal|p1a: Corviknight|37\/100|[from] item: Leftovers\n|upkeep\n|turn|16\n|\n|t:|1684090348\n|move|p2a: Blair|Tera Blast|p1a: Corviknight\n|-resisted|p1a: Corviknight\n|-damage|p1a: Corviknight|27\/100\n|move|p1a: Corviknight|Bulk Up|p1a: Corviknight\n|-boost|p1a: Corviknight|atk|1\n|-boost|p1a: Corviknight|def|1\n|\n|-heal|p1a: Corviknight|33\/100|[from] item: Leftovers\n|upkeep\n|turn|17\n|\n|t:|1684090356\n|move|p1a: Corviknight|Protect|p1a: Corviknight\n|-singleturn|p1a: Corviknight|Protect\n|move|p2a: Blair|Tera Blast|p1a: Corviknight\n|-activate|p1a: Corviknight|move: Protect\n|\n|-heal|p1a: Corviknight|39\/100|[from] item: Leftovers\n|upkeep\n|turn|18\n|\n|t:|1684090367\n|move|p2a: Blair|Tera Blast|p1a: Corviknight\n|-resisted|p1a: Corviknight\n|-damage|p1a: Corviknight|30\/100\n|move|p1a: Corviknight|Bulk Up|p1a: Corviknight\n|-boost|p1a: Corviknight|atk|1\n|-boost|p1a: Corviknight|def|1\n|\n|-heal|p1a: Corviknight|36\/100|[from] item: Leftovers\n|upkeep\n|turn|19\n|\n|t:|1684090375\n|move|p1a: Corviknight|Protect|p1a: Corviknight\n|-singleturn|p1a: Corviknight|Protect\n|move|p2a: Blair|Tera Blast|p1a: Corviknight\n|-activate|p1a: Corviknight|move: Protect\n|\n|-heal|p1a: Corviknight|42\/100|[from] item: Leftovers\n|upkeep\n|turn|20\n|\n|t:|1684090382\n|-activate|p2a: Blair|move: Struggle\n|move|p2a: Blair|Struggle|p1a: Corviknight\n|-damage|p1a: Corviknight|35\/100\n|-damage|p2a: Blair|75\/100|[from] recoil\n|move|p1a: Corviknight|Bulk Up|p1a: Corviknight\n|-boost|p1a: Corviknight|atk|1\n|-boost|p1a: Corviknight|def|1\n|\n|-heal|p1a: Corviknight|41\/100|[from] item: Leftovers\n|upkeep\n|turn|21\n|\n|t:|1684090391\n|-activate|p2a: Blair|move: Struggle\n|move|p2a: Blair|Struggle|p1a: Corviknight\n|-damage|p1a: Corviknight|35\/100\n|-damage|p2a: Blair|50\/100|[from] recoil\n|move|p1a: Corviknight|Iron Head|p2a: Blair\n|-resisted|p2a: Blair\n|-damage|p2a: Blair|0 fnt\n|faint|p2a: Blair\n|\n|win|rodjilius\n|raw|rodjilius's rating: 1325 → 1349<\/strong> (+24 for winning)\n|raw|mathtass's rating: 1397 → 1373<\/strong> (-24 for losing)\n","uploadtime":1684090396,"views":6,"p1id":"rodjilius","p2id":"mathtass","formatid":"gen9vgc2023regulationc","rating":1349,"private":0,"password":""}