{"id":"gen9vgc2023regulationc-1861364483","p1":"Steeltrainer","p2":"SoMuchAppletun","format":"[Gen 9] VGC 2023 Regulation C","log":"|j|\u2606Steeltrainer\n|j|\u2606SoMuchAppletun\n|t:|1683749881\n|gametype|doubles\n|player|p1|Steeltrainer|2|1297\n|player|p2|SoMuchAppletun|bede-masters|1389\n|teamsize|p1|6\n|teamsize|p2|6\n|gen|9\n|tier|[Gen 9] VGC 2023 Regulation C\n|rated|\n|rule|Species Clause: Limit one of each Pok\u00e9mon\n|rule|Item Clause: Limit one of each item\n|clearpoke\n|poke|p1|Flutter Mane, L50|\n|poke|p1|Arcanine, L50, F|\n|poke|p1|Ting-Lu, L50|\n|poke|p1|Gothitelle, L50, F|\n|poke|p1|Rotom-Wash, L50|\n|poke|p1|Grimmsnarl, L50, M|\n|poke|p2|Abomasnow, L50, M|\n|poke|p2|Baxcalibur, L50, M|\n|poke|p2|Iron Bundle, L50|\n|poke|p2|Iron Valiant, L50|\n|poke|p2|Ceruledge, L50, F|\n|poke|p2|Iron Hands, L50|\n|teampreview|4\n|inactive|Battle timer is ON: inactive players will automatically lose when time's up. (requested by SoMuchAppletun)\n|\n|t:|1683749906\n|start\n|switch|p1a: Gothitelle|Gothitelle, L50, F|100\/100\n|switch|p1b: Grimmsnarl|Grimmsnarl, L50, M|100\/100\n|switch|p2a: Wrath|Abomasnow, L50, M|100\/100\n|switch|p2b: Pride|Iron Bundle, L50, shiny|100\/100\n|-weather|Snow|[from] ability: Snow Warning|[of] p2a: Wrath\n|turn|1\n|\n|t:|1683749917\n|move|p1a: Gothitelle|Fake Out|p2a: Wrath\n|-damage|p2a: Wrath|96\/100\n|move|p1b: Grimmsnarl|Parting Shot|p2b: Pride\n|-unboost|p2b: Pride|atk|1\n|-unboost|p2b: Pride|spa|1\n|\n|t:|1683749925\n|switch|p1b: Arcanine|Arcanine, L50, F|100\/100|[from] Parting Shot\n|-ability|p1b: Arcanine|Intimidate|boost\n|-unboost|p2a: Wrath|atk|1\n|-unboost|p2b: Pride|atk|1\n|move|p2b: Pride|Taunt|p1b: Arcanine\n|-start|p1b: Arcanine|move: Taunt\n|cant|p2a: Wrath|flinch\n|\n|-weather|Snow|[upkeep]\n|upkeep\n|turn|2\n|inactive|Steeltrainer has 30 seconds left.\n|\n|t:|1683749950\n|move|p1a: Gothitelle|Protect|p1a: Gothitelle\n|-singleturn|p1a: Gothitelle|Protect\n|move|p2b: Pride|Aurora Veil|p2b: Pride\n|-sidestart|p2: SoMuchAppletun|move: Aurora Veil\n|move|p1b: Arcanine|Snarl|p2b: Pride|[spread] p2a,p2b\n|-damage|p2a: Wrath|89\/100\n|-damage|p2b: Pride|90\/100\n|-unboost|p2a: Wrath|spa|1\n|-unboost|p2b: Pride|spa|1\n|move|p2a: Wrath|Earthquake|p1b: Arcanine|[spread] p2b,p1b\n|-activate|p1a: Gothitelle|move: Protect\n|-supereffective|p1b: Arcanine\n|-damage|p2b: Pride|81\/100\n|-damage|p1b: Arcanine|56\/100\n|-damage|p2a: Wrath|80\/100|[from] item: Life Orb\n|\n|-weather|Snow|[upkeep]\n|upkeep\n|turn|3\n|\n|t:|1683749968\n|move|p2b: Pride|Electric Terrain|p2b: Pride\n|-fieldstart|move: Electric Terrain\n|-activate|p2b: Pride|ability: Quark Drive\n|-start|p2b: Pride|quarkdrivespe\n|move|p1b: Arcanine|Flamethrower|p2a: Wrath\n|-supereffective|p2a: Wrath\n|-damage|p2a: Wrath|0 fnt\n|faint|p2a: Wrath\n|move|p1a: Gothitelle|Heal Pulse|p1b: Arcanine\n|-heal|p1b: Arcanine|100\/100\n|\n|-weather|Snow|[upkeep]\n|-end|p1b: Arcanine|move: Taunt\n|upkeep\n|\n|t:|1683749984\n|switch|p2a: Envy|Ceruledge, L50, F|100\/100\n|turn|4\n|\n|t:|1683750000\n|move|p2b: Pride|Icy Wind|p1a: Gothitelle|[spread] p1a,p1b\n|-resisted|p1b: Arcanine\n|-damage|p1a: Gothitelle|94\/100\n|-damage|p1b: Arcanine|97\/100\n|-unboost|p1a: Gothitelle|spe|1\n|-unboost|p1b: Arcanine|spe|1\n|move|p2a: Envy|Bulk Up|p2a: Envy\n|-boost|p2a: Envy|atk|1\n|-boost|p2a: Envy|def|1\n|move|p1b: Arcanine|Snarl|p2a: Envy|[spread] p2a,p2b\n|-supereffective|p2a: Envy\n|-damage|p2a: Envy|89\/100\n|-damage|p2b: Pride|71\/100\n|-unboost|p2a: Envy|spa|1\n|-unboost|p2b: Pride|spa|1\n|move|p1a: Gothitelle|Psychic|p2a: Envy\n|-damage|p2a: Envy|68\/100\n|\n|-weather|Snow|[upkeep]\n|-heal|p2a: Envy|74\/100|[from] item: Leftovers\n|upkeep\n|turn|5\n|inactive|Steeltrainer has 30 seconds left.\n|\n|t:|1683750028\n|switch|p1b: Grimmsnarl|Grimmsnarl, L50, M|100\/100\n|move|p1a: Gothitelle|Protect|p1a: Gothitelle\n|-singleturn|p1a: Gothitelle|Protect\n|move|p2b: Pride|Taunt|p1b: Grimmsnarl\n|-start|p1b: Grimmsnarl|move: Taunt\n|move|p2a: Envy|Bitter Blade|p1a: Gothitelle\n|-activate|p1a: Gothitelle|move: Protect\n|\n|-weather|none\n|-heal|p2a: Envy|80\/100|[from] item: Leftovers\n|upkeep\n|turn|6\n|\n|t:|1683750051\n|switch|p1a: Arcanine|Arcanine, L50, F|97\/100\n|-ability|p1a: Arcanine|Intimidate|boost\n|-unboost|p2a: Envy|atk|1\n|-unboost|p2b: Pride|atk|1\n|move|p2b: Pride|Taunt|p1a: Arcanine\n|-start|p1a: Arcanine|move: Taunt\n|move|p2a: Envy|Bitter Blade|p1b: Grimmsnarl\n|-damage|p1b: Grimmsnarl|50\/100\n|-heal|p2a: Envy|100\/100|[from] drain|[of] p1b: Grimmsnarl\n|move|p1b: Grimmsnarl|Spirit Break|p2b: Pride\n|-damage|p2b: Pride|48\/100\n|-unboost|p2b: Pride|spa|1\n|\n|upkeep\n|turn|7\n|\n|t:|1683750075\n|switch|p1b: Gothitelle|Gothitelle, L50, F|94\/100\n|move|p2b: Pride|Icy Wind|p1b: Gothitelle|[spread] p1a\n|-miss|p2b: Pride|p1b: Gothitelle\n|-resisted|p1a: Arcanine\n|-damage|p1a: Arcanine|95\/100\n|-unboost|p1a: Arcanine|spe|1\n|move|p2a: Envy|Bulk Up|p2a: Envy\n|-boost|p2a: Envy|atk|1\n|-boost|p2a: Envy|def|1\n|move|p1a: Arcanine|Snarl|p2a: Envy|[spread] p2a,p2b\n|-supereffective|p2a: Envy\n|-damage|p2a: Envy|89\/100\n|-damage|p2b: Pride|37\/100\n|-unboost|p2a: Envy|spa|1\n|-unboost|p2b: Pride|spa|1\n|\n|-heal|p2a: Envy|95\/100|[from] item: Leftovers\n|-fieldend|move: Electric Terrain\n|-end|p2b: Pride|Quark Drive\n|upkeep\n|turn|8\n|\n|t:|1683750100\n|switch|p1a: Ting-Lu|Ting-Lu, L50|100\/100\n|-ability|p1a: Ting-Lu|Vessel of Ruin\n|move|p1b: Gothitelle|Protect|p1b: Gothitelle\n|-singleturn|p1b: Gothitelle|Protect\n|move|p2b: Pride|Taunt|p1b: Gothitelle\n|-activate|p1b: Gothitelle|move: Protect\n|move|p2a: Envy|Bitter Blade|p1a: Ting-Lu\n|-damage|p1a: Ting-Lu|60\/100\n|-heal|p2a: Envy|100\/100|[from] drain|[of] p1a: Ting-Lu\n|\n|upkeep\n|turn|9\n|\n|t:|1683750120\n|-terastallize|p1a: Ting-Lu|Poison\n|move|p2a: Envy|Protect|p2a: Envy\n|-singleturn|p2a: Envy|Protect\n|move|p2b: Pride|Icy Wind|p1a: Ting-Lu|[spread] p1a,p1b\n|-damage|p1a: Ting-Lu|59\/100\n|-damage|p1b: Gothitelle|90\/100\n|-unboost|p1a: Ting-Lu|spe|1\n|-unboost|p1b: Gothitelle|spe|1\n|move|p1b: Gothitelle|Heal Pulse|p1a: Ting-Lu\n|-heal|p1a: Ting-Lu|100\/100\n|move|p1a: Ting-Lu|Fissure|p2a: Envy\n|-activate|p2a: Envy|move: Protect\n|\n|-sideend|p2: SoMuchAppletun|move: Aurora Veil\n|upkeep\n|turn|10\n|inactive|SoMuchAppletun has 30 seconds left.\n|\n|t:|1683750150\n|move|p1b: Gothitelle|Protect|p1b: Gothitelle\n|-singleturn|p1b: Gothitelle|Protect\n|move|p2b: Pride|Electric Terrain|p2b: Pride\n|-fieldstart|move: Electric Terrain\n|-activate|p2b: Pride|ability: Quark Drive\n|-start|p2b: Pride|quarkdrivespe\n|move|p2a: Envy|Bulk Up|p2a: Envy\n|-boost|p2a: Envy|atk|1\n|-boost|p2a: Envy|def|1\n|move|p1a: Ting-Lu|Fissure|p2a: Envy|[miss]\n|-miss|p1a: Ting-Lu|p2a: Envy\n|\n|upkeep\n|turn|11\n|\n|t:|1683750166\n|switch|p1b: Arcanine|Arcanine, L50, F|95\/100\n|-ability|p1b: Arcanine|Intimidate|boost\n|-unboost|p2a: Envy|atk|1\n|-unboost|p2b: Pride|atk|1\n|move|p2b: Pride|Taunt|p1b: Arcanine\n|-start|p1b: Arcanine|move: Taunt\n|move|p2a: Envy|Bitter Blade|p1a: Ting-Lu\n|-damage|p1a: Ting-Lu|56\/100\n|move|p1a: Ting-Lu|Fissure|p2a: Envy|[miss]\n|-miss|p1a: Ting-Lu|p2a: Envy\n|\n|upkeep\n|turn|12\n|\n|t:|1683750187\n|-end|p2b: Pride|Quark Drive|[silent]\n|switch|p2b: Lust|Iron Valiant, L50|100\/100\n|-activate|p2b: Lust|ability: Quark Drive\n|-start|p2b: Lust|quarkdrivespe\n|switch|p1b: Grimmsnarl|Grimmsnarl, L50, M|50\/100\n|move|p2a: Envy|Protect|p2a: Envy\n|-singleturn|p2a: Envy|Protect\n|move|p1a: Ting-Lu|Fissure|p2a: Envy\n|-activate|p2a: Envy|move: Protect\n|\n|upkeep\n|turn|13\n|inactive|Steeltrainer has 30 seconds left.\n|\n|t:|1683750213\n|switch|p1a: Arcanine|Arcanine, L50, F|95\/100\n|-ability|p1a: Arcanine|Intimidate|boost\n|-unboost|p2a: Envy|atk|1\n|-unboost|p2b: Lust|atk|1\n|move|p1b: Grimmsnarl|Fake Tears|p2a: Envy\n|-unboost|p2a: Envy|spd|2\n|move|p2b: Lust|Psyshock|p1a: Arcanine\n|-damage|p1a: Arcanine|66\/100\n|move|p2a: Envy|Bitter Blade|p1a: Arcanine\n|-resisted|p1a: Arcanine\n|-damage|p1a: Arcanine|39\/100\n|\n|upkeep\n|turn|14\n|\n|t:|1683750230\n|switch|p2a: Pride|Iron Bundle, L50, shiny|37\/100\n|-activate|p2a: Pride|ability: Quark Drive\n|-start|p2a: Pride|quarkdrivespe\n|move|p1b: Grimmsnarl|Parting Shot|p2a: Pride\n|-unboost|p2a: Pride|atk|1\n|-unboost|p2a: Pride|spa|1\n|\n|t:|1683750238\n|switch|p1b: Gothitelle|Gothitelle, L50, F|90\/100|[from] Parting Shot\n|move|p2b: Lust|Dazzling Gleam|p1a: Arcanine|[spread] p1a,p1b\n|-resisted|p1a: Arcanine\n|-damage|p1a: Arcanine|27\/100\n|-damage|p1b: Gothitelle|68\/100\n|move|p1a: Arcanine|Morning Sun|p1a: Arcanine\n|-heal|p1a: Arcanine|77\/100\n|\n|-fieldend|move: Electric Terrain\n|-end|p2a: Pride|Quark Drive\n|-end|p2b: Lust|Quark Drive\n|upkeep\n|turn|15\n|\n|t:|1683750255\n|move|p1b: Gothitelle|Fake Out|p2b: Lust\n|-damage|p2b: Lust|94\/100\n|move|p2a: Pride|Taunt|p1a: Arcanine\n|-start|p1a: Arcanine|move: Taunt\n|cant|p2b: Lust|flinch\n|move|p1a: Arcanine|Snarl|p2a: Pride|[spread] p2a,p2b\n|-resisted|p2b: Lust\n|-damage|p2a: Pride|21\/100\n|-damage|p2b: Lust|91\/100\n|-unboost|p2a: Pride|spa|1\n|-unboost|p2b: Lust|spa|1\n|\n|upkeep\n|turn|16\n|\n|t:|1683750273\n|move|p2a: Pride|Taunt|p1b: Gothitelle\n|-start|p1b: Gothitelle|move: Taunt\n|move|p2b: Lust|Aura Sphere|p1a: Arcanine\n|-damage|p1a: Arcanine|55\/100\n|move|p1a: Arcanine|Snarl|p2a: Pride|[spread] p2a,p2b\n|-resisted|p2b: Lust\n|-damage|p2a: Pride|6\/100\n|-damage|p2b: Lust|88\/100\n|-unboost|p2a: Pride|spa|1\n|-unboost|p2b: Lust|spa|1\n|move|p1b: Gothitelle|Psychic|p2b: Lust\n|-supereffective|p2b: Lust\n|-damage|p2b: Lust|15\/100\n|\n|upkeep\n|turn|17\n|inactive|Steeltrainer has 30 seconds left.\n|\n|t:|1683750306\n|switch|p1b: Grimmsnarl|Grimmsnarl, L50, M|50\/100\n|move|p2a: Pride|Icy Wind|p1a: Arcanine|[spread] p1a,p1b\n|-resisted|p1a: Arcanine\n|-damage|p1a: Arcanine|53\/100\n|-damage|p1b: Grimmsnarl|44\/100\n|-unboost|p1a: Arcanine|spe|1\n|move|p2b: Lust|Aura Sphere|p1a: Arcanine\n|-damage|p1a: Arcanine|37\/100\n|move|p1a: Arcanine|Snarl|p2a: Pride|[spread] p2a,p2b\n|-resisted|p2b: Lust\n|-damage|p2a: Pride|0 fnt\n|-damage|p2b: Lust|12\/100\n|-unboost|p2b: Lust|spa|1\n|faint|p2a: Pride\n|-end|p2a: Pride|Quark Drive|[silent]\n|\n|-end|p1a: Arcanine|move: Taunt\n|upkeep\n|\n|t:|1683750321\n|switch|p2a: Envy|Ceruledge, L50, F|100\/100\n|turn|18\n|\n|t:|1683750331\n|move|p2a: Envy|Protect|p2a: Envy\n|-singleturn|p2a: Envy|Protect\n|move|p1b: Grimmsnarl|Parting Shot|p2a: Envy\n|-activate|p2a: Envy|move: Protect\n|move|p2b: Lust|Dazzling Gleam|p1a: Arcanine|[spread] p1a,p1b\n|-resisted|p1a: Arcanine\n|-supereffective|p1b: Grimmsnarl\n|-damage|p1a: Arcanine|32\/100\n|-damage|p1b: Grimmsnarl|23\/100\n|move|p1a: Arcanine|Morning Sun|p1a: Arcanine\n|-heal|p1a: Arcanine|82\/100\n|\n|upkeep\n|turn|19\n|\n|t:|1683750354\n|move|p1b: Grimmsnarl|Fake Tears|p2a: Envy\n|-unboost|p2a: Envy|spd|2\n|move|p2b: Lust|Aura Sphere|p1b: Grimmsnarl\n|-damage|p1b: Grimmsnarl|6\/100\n|move|p2a: Envy|Bulk Up|p2a: Envy\n|-boost|p2a: Envy|atk|1\n|-boost|p2a: Envy|def|1\n|move|p1a: Arcanine|Snarl|p2a: Envy|[spread] p2a,p2b\n|-supereffective|p2a: Envy\n|-resisted|p2b: Lust\n|-damage|p2a: Envy|63\/100\n|-damage|p2b: Lust|9\/100\n|-unboost|p2a: Envy|spa|1\n|-unboost|p2b: Lust|spa|1\n|\n|-heal|p2a: Envy|69\/100|[from] item: Leftovers\n|upkeep\n|turn|20\n|\n|t:|1683750374\n|move|p2a: Envy|Shadow Sneak|p1b: Grimmsnarl\n|-resisted|p1b: Grimmsnarl\n|-damage|p1b: Grimmsnarl|0 fnt\n|faint|p1b: Grimmsnarl\n|move|p2b: Lust|Aura Sphere|p1a: Arcanine\n|-damage|p1a: Arcanine|71\/100\n|move|p1a: Arcanine|Snarl|p2b: Lust|[spread] p2a,p2b\n|-supereffective|p2a: Envy\n|-resisted|p2b: Lust\n|-damage|p2a: Envy|31\/100\n|-damage|p2b: Lust|7\/100\n|-unboost|p2a: Envy|spa|1\n|-unboost|p2b: Lust|spa|1\n|\n|-heal|p2a: Envy|37\/100|[from] item: Leftovers\n|upkeep\n|\n|t:|1683750386\n|switch|p1b: Gothitelle|Gothitelle, L50, F|68\/100\n|turn|21\n|\n|t:|1683750395\n|-terastallize|p2a: Envy|Steel\n|move|p2b: Lust|Aura Sphere|p1a: Arcanine\n|-damage|p1a: Arcanine|61\/100\n|move|p2a: Envy|Bitter Blade|p1b: Gothitelle\n|-damage|p1b: Gothitelle|0 fnt\n|-heal|p2a: Envy|72\/100|[from] drain|[of] p1b: Gothitelle\n|faint|p1b: Gothitelle\n|move|p1a: Arcanine|Snarl|p2b: Lust|[spread] p2a\n|-miss|p1a: Arcanine|p2b: Lust\n|-damage|p2a: Envy|53\/100\n|-unboost|p2a: Envy|spa|1\n|\n|-heal|p2a: Envy|59\/100|[from] item: Leftovers\n|upkeep\n|\n|t:|1683750404\n|switch|p1b: Ting-Lu|Ting-Lu, L50, tera:Poison|56\/100\n|-ability|p1b: Ting-Lu|Vessel of Ruin\n|turn|22\n|\n|t:|1683750416\n|move|p2b: Lust|Psyshock|p1b: Ting-Lu\n|-supereffective|p1b: Ting-Lu\n|-damage|p1b: Ting-Lu|49\/100\n|move|p2a: Envy|Bitter Blade|p1b: Ting-Lu\n|-damage|p1b: Ting-Lu|5\/100\n|-heal|p2a: Envy|90\/100|[from] drain|[of] p1b: Ting-Lu\n|move|p1a: Arcanine|Morning Sun|p1a: Arcanine\n|-heal|p1a: Arcanine|100\/100\n|move|p1b: Ting-Lu|Fissure|p2a: Envy|[miss]\n|-miss|p1b: Ting-Lu|p2a: Envy\n|\n|-heal|p2a: Envy|96\/100|[from] item: Leftovers\n|upkeep\n|turn|23\n|inactive|Steeltrainer has 30 seconds left.\n|\n|t:|1683750440\n|move|p2b: Lust|Psyshock|p1b: Ting-Lu\n|-supereffective|p1b: Ting-Lu\n|-damage|p1b: Ting-Lu|0 fnt\n|faint|p1b: Ting-Lu\n|move|p2a: Envy|Bitter Blade|p1a: Arcanine\n|-resisted|p1a: Arcanine\n|-damage|p1a: Arcanine|60\/100\n|-heal|p2a: Envy|100\/100|[from] drain|[of] p1a: Arcanine\n|move|p1a: Arcanine|Snarl|p2b: Lust|[spread] p2a,p2b\n|-resisted|p2b: Lust\n|-damage|p2a: Envy|81\/100\n|-damage|p2b: Lust|4\/100\n|-unboost|p2a: Envy|spa|1\n|-unboost|p2b: Lust|spa|1\n|\n|-heal|p2a: Envy|87\/100|[from] item: Leftovers\n|upkeep\n|turn|24\n|inactive|Steeltrainer has 30 seconds left this turn.\n|\n|t:|1683750458\n|move|p2b: Lust|Psyshock|p1a: Arcanine\n|-damage|p1a: Arcanine|52\/100\n|move|p2a: Envy|Bitter Blade|p1a: Arcanine\n|-resisted|p1a: Arcanine\n|-damage|p1a: Arcanine|15\/100\n|-heal|p2a: Envy|100\/100|[from] drain|[of] p1a: Arcanine\n|move|p1a: Arcanine|Morning Sun|p1a: Arcanine\n|-heal|p1a: Arcanine|64\/100\n|\n|upkeep\n|turn|25\n|inactive|Steeltrainer has 25 seconds left this turn.\n|inactive|Steeltrainer has 20 seconds left.\n|inactive|Steeltrainer has 15 seconds left.\n|\n|t:|1683750471\n|move|p2b: Lust|Aura Sphere|p1a: Arcanine\n|-damage|p1a: Arcanine|57\/100\n|move|p2a: Envy|Bulk Up|p2a: Envy\n|-boost|p2a: Envy|atk|1\n|-boost|p2a: Envy|def|1\n|move|p1a: Arcanine|Snarl|p2b: Lust|[spread] p2a,p2b\n|-resisted|p2b: Lust\n|-damage|p2a: Envy|83\/100\n|-damage|p2b: Lust|1\/100\n|-unboost|p2a: Envy|spa|1\n|\n|-heal|p2a: Envy|89\/100|[from] item: Leftovers\n|upkeep\n|turn|26\n|inactive|Steeltrainer has 15 seconds left this turn.\n|inactive|Steeltrainer has 10 seconds left.\n|\n|t:|1683750490\n|move|p2b: Lust|Aura Sphere|p1a: Arcanine\n|-damage|p1a: Arcanine|49\/100\n|move|p2a: Envy|Bitter Blade|p1a: Arcanine\n|-resisted|p1a: Arcanine\n|-damage|p1a: Arcanine|0 fnt\n|-heal|p2a: Envy|100\/100|[from] drain|[of] p1a: Arcanine\n|faint|p1a: Arcanine\n|\n|win|SoMuchAppletun\n|inactive|Steeltrainer has 10 seconds left this turn.\n|raw|Steeltrainer's rating: 1297 → 1278<\/strong> (-19 for losing)\n|raw|SoMuchAppletun's rating: 1389 → 1404<\/strong> (+15 for winning)\n|c|\u2606SoMuchAppletun|gg mate\n|c|\u2606Steeltrainer|Ggs\n|c|\u2606SoMuchAppletun|had me sweating lmao wp\n|c|\u2606Steeltrainer|Fun match\n|c|\u2606SoMuchAppletun|for real!\n|c|\u2606SoMuchAppletun|until next time!\n|c|\u2606Steeltrainer|Ceruledge is painful LOL\n|c|\u2606Steeltrainer|Cya!\n","uploadtime":1683750524,"views":8,"p1id":"steeltrainer","p2id":"somuchappletun","formatid":"gen9vgc2023regulationc","rating":1278,"private":0,"password":""}