{"id":"gen9vgc2023regulationc-1863980744","p1":"FinalGambitVGC","p2":"Arceus's Bard","format":"[Gen 9] VGC 2023 Regulation C","log":"|j|\u2606FinalGambitVGC\n|j|\u2606Arceus's Bard\n|t:|1684100869\n|gametype|doubles\n|player|p1|FinalGambitVGC|cynthia-masters|\n|player|p2|Arceus's Bard|colress|\n|teamsize|p1|6\n|teamsize|p2|6\n|gen|9\n|tier|[Gen 9] VGC 2023 Regulation C\n|rule|Species Clause: Limit one of each Pok\u00e9mon\n|rule|Item Clause: Limit one of each item\n|clearpoke\n|poke|p1|Iron Valiant, L50|\n|poke|p1|Slither Wing, L50|\n|poke|p1|Misdreavus, L50, M|\n|poke|p1|Gothitelle, L50, F|\n|poke|p1|Amoonguss, L50, M|\n|poke|p1|Mabosstiff, L50, M|\n|poke|p2|Hydreigon, L50, F|\n|poke|p2|Garganacl, L50, M|\n|poke|p2|Wo-Chien, L50|\n|poke|p2|Toxapex, L50, M|\n|poke|p2|Magnezone, L50|\n|poke|p2|Dragalge, L50, F|\n|teampreview|4\n|c|\u2606Arceus's Bard|glhf\n|c|\u2606FinalGambitVGC|u2\n|c|\u2606FinalGambitVGC|g1\n|\n|t:|1684100965\n|start\n|switch|p1a: Iron Valiant|Iron Valiant, L50|100\/100\n|switch|p1b: Slither Wing|Slither Wing, L50|100\/100\n|switch|p2a: Toxapex|Toxapex, L50, M|100\/100\n|switch|p2b: Rhaenys|Dragalge, L50, F|100\/100\n|-enditem|p1a: Iron Valiant|Booster Energy\n|-activate|p1a: Iron Valiant|ability: Quark Drive|[fromitem]\n|-start|p1a: Iron Valiant|quarkdriveatk\n|turn|1\n|\n|t:|1684101094\n|-end|p1b: Slither Wing|Protosynthesis|[silent]\n|switch|p1b: Amoonguss|Amoonguss, L50, M|100\/100\n|-terastallize|p1a: Iron Valiant|Psychic\n|move|p2a: Toxapex|Baneful Bunker|p2a: Toxapex\n|-singleturn|p2a: Toxapex|move: Protect\n|move|p1a: Iron Valiant|Zen Headbutt|p2b: Rhaenys\n|-supereffective|p2b: Rhaenys\n|-damage|p2b: Rhaenys|0 fnt\n|faint|p2b: Rhaenys\n|\n|upkeep\n|\n|t:|1684101104\n|switch|p2b: Colress|Magnezone, L50|100\/100\n|turn|2\n|\n|t:|1684101116\n|move|p1a: Iron Valiant|Zen Headbutt|p2a: Toxapex|[miss]\n|-miss|p1a: Iron Valiant|p2a: Toxapex\n|move|p2b: Colress|Flash Cannon|p1a: Iron Valiant\n|-damage|p1a: Iron Valiant|19\/100\n|move|p2a: Toxapex|Toxic|p1a: Iron Valiant\n|-status|p1a: Iron Valiant|tox\n|move|p1b: Amoonguss|Spore|p2b: Colress\n|-status|p2b: Colress|slp|[from] move: Spore\n|\n|-damage|p1a: Iron Valiant|13\/100 tox|[from] psn\n|upkeep\n|turn|3\n|\n|t:|1684101147\n|-end|p1a: Iron Valiant|Quark Drive|[silent]\n|switch|p1a: Slither Wing|Slither Wing, L50|100\/100\n|switch|p2a: Melankholia|Hydreigon, L50, F|100\/100\n|cant|p2b: Colress|slp\n|move|p1b: Amoonguss|Spore|p2a: Melankholia\n|-status|p2a: Melankholia|slp|[from] move: Spore\n|\n|upkeep\n|turn|4\n|\n|t:|1684101197\n|cant|p2a: Melankholia|slp\n|move|p1a: Slither Wing|Close Combat|p2b: Colress\n|-supereffective|p2b: Colress\n|-damage|p2b: Colress|0 fnt\n|-unboost|p1a: Slither Wing|def|1\n|-unboost|p1a: Slither Wing|spd|1\n|faint|p2b: Colress\n|move|p1b: Amoonguss|Pollen Puff|p2a: Melankholia\n|-supereffective|p2a: Melankholia\n|-damage|p2a: Melankholia|56\/100 slp\n|\n|upkeep\n|\n|t:|1684101207\n|switch|p2b: Toxapex|Toxapex, L50, M|100\/100\n|turn|5\n|\n|t:|1684101221\n|-end|p1a: Slither Wing|Protosynthesis|[silent]\n|switch|p1a: Mabosstiff|Mabosstiff, L50, M|100\/100\n|-ability|p1a: Mabosstiff|Intimidate|boost\n|-unboost|p2a: Melankholia|atk|1\n|-unboost|p2b: Toxapex|atk|1\n|move|p2b: Toxapex|Baneful Bunker|p2b: Toxapex\n|-singleturn|p2b: Toxapex|move: Protect\n|cant|p2a: Melankholia|slp\n|move|p1b: Amoonguss|Spore|p2b: Toxapex\n|-activate|p2b: Toxapex|move: Protect\n|\n|upkeep\n|turn|6\n|\n|t:|1684101235\n|cant|p2a: Melankholia|slp\n|move|p1a: Mabosstiff|Play Rough|p2a: Melankholia\n|-supereffective|p2a: Melankholia\n|-damage|p2a: Melankholia|0 fnt\n|faint|p2a: Melankholia\n|move|p2b: Toxapex|Toxic|p1a: Mabosstiff\n|-status|p1a: Mabosstiff|tox\n|move|p1b: Amoonguss|Spore|p2b: Toxapex\n|-status|p2b: Toxapex|slp|[from] move: Spore\n|\n|-damage|p1a: Mabosstiff|95\/100 tox|[from] psn\n|upkeep\n|turn|7\n|\n|t:|1684101251\n|cant|p2b: Toxapex|slp\n|move|p1a: Mabosstiff|Play Rough|p2b: Toxapex\n|-resisted|p2b: Toxapex\n|-damage|p2b: Toxapex|92\/100 slp\n|move|p1b: Amoonguss|Pollen Puff|p2b: Toxapex\n|-resisted|p2b: Toxapex\n|-damage|p2b: Toxapex|85\/100 slp\n|\n|-heal|p1a: Mabosstiff|100\/100 tox|[from] item: Leftovers\n|-heal|p2b: Toxapex|90\/100 slp|[from] item: Black Sludge\n|-damage|p1a: Mabosstiff|89\/100 tox|[from] psn\n|upkeep\n|turn|8\n|\n|t:|1684101291\n|move|p1a: Mabosstiff|Play Rough|p2b: Toxapex\n|-resisted|p2b: Toxapex\n|-damage|p2b: Toxapex|82\/100 slp\n|cant|p2b: Toxapex|slp\n|move|p1b: Amoonguss|Pollen Puff|p2b: Toxapex\n|-resisted|p2b: Toxapex\n|-damage|p2b: Toxapex|75\/100 slp\n|\n|-heal|p1a: Mabosstiff|95\/100 tox|[from] item: Leftovers\n|-heal|p2b: Toxapex|81\/100 slp|[from] item: Black Sludge\n|-damage|p1a: Mabosstiff|77\/100 tox|[from] psn\n|upkeep\n|turn|9\n|\n|t:|1684101312\n|move|p1a: Mabosstiff|Play Rough|p2b: Toxapex\n|-resisted|p2b: Toxapex\n|-damage|p2b: Toxapex|72\/100 slp\n|-curestatus|p2b: Toxapex|slp|[msg]\n|move|p2b: Toxapex|Toxic|p1b: Amoonguss\n|-immune|p1b: Amoonguss\n|move|p1b: Amoonguss|Pollen Puff|p2b: Toxapex\n|-resisted|p2b: Toxapex\n|-damage|p2b: Toxapex|64\/100\n|\n|-heal|p1a: Mabosstiff|83\/100 tox|[from] item: Leftovers\n|-heal|p2b: Toxapex|70\/100|[from] item: Black Sludge\n|-damage|p1a: Mabosstiff|59\/100 tox|[from] psn\n|upkeep\n|turn|10\n|\n|t:|1684101328\n|move|p2b: Toxapex|Baneful Bunker|p2b: Toxapex\n|-singleturn|p2b: Toxapex|move: Protect\n|move|p1a: Mabosstiff|Play Rough|p2b: Toxapex\n|-activate|p2b: Toxapex|move: Protect\n|move|p1b: Amoonguss|Spore|p2b: Toxapex\n|-activate|p2b: Toxapex|move: Protect\n|\n|-heal|p1a: Mabosstiff|65\/100 tox|[from] item: Leftovers\n|-heal|p2b: Toxapex|76\/100|[from] item: Black Sludge\n|-damage|p1a: Mabosstiff|36\/100 tox|[from] psn\n|upkeep\n|turn|11\n|\n|t:|1684101340\n|move|p1a: Mabosstiff|Play Rough|p2b: Toxapex\n|-resisted|p2b: Toxapex\n|-damage|p2b: Toxapex|67\/100\n|move|p2b: Toxapex|Recover|p2b: Toxapex\n|-heal|p2b: Toxapex|100\/100\n|move|p1b: Amoonguss|Spore|p2b: Toxapex\n|-status|p2b: Toxapex|slp|[from] move: Spore\n|\n|-heal|p1a: Mabosstiff|42\/100 tox|[from] item: Leftovers\n|-damage|p1a: Mabosstiff|6\/100 tox|[from] psn\n|upkeep\n|turn|12\n|\n|t:|1684101357\n|switch|p1a: Iron Valiant|Iron Valiant, L50, tera:Psychic|13\/100 tox\n|cant|p2b: Toxapex|slp\n|move|p1b: Amoonguss|Pollen Puff|p1a: Iron Valiant\n|-heal|p1a: Iron Valiant|63\/100 tox\n|\n|-damage|p1a: Iron Valiant|57\/100 tox|[from] psn\n|upkeep\n|turn|13\n|\n|t:|1684101370\n|cant|p2b: Toxapex|slp\n|move|p1a: Iron Valiant|Zen Headbutt|p2b: Toxapex\n|-supereffective|p2b: Toxapex\n|-damage|p2b: Toxapex|38\/100 slp\n|move|p1b: Amoonguss|Pollen Puff|p1a: Iron Valiant\n|-heal|p1a: Iron Valiant|100\/100 tox\n|\n|-heal|p2b: Toxapex|44\/100 slp|[from] item: Black Sludge\n|-damage|p1a: Iron Valiant|88\/100 tox|[from] psn\n|upkeep\n|turn|14\n|\n|t:|1684101382\n|move|p1b: Amoonguss|Rage Powder|p1b: Amoonguss\n|-singleturn|p1b: Amoonguss|move: Rage Powder\n|move|p1a: Iron Valiant|Zen Headbutt|p2b: Toxapex\n|-supereffective|p2b: Toxapex\n|-damage|p2b: Toxapex|0 fnt\n|faint|p2b: Toxapex\n|\n|win|FinalGambitVGC\n|l|\u2606Arceus's Bard\n","uploadtime":1684101392,"views":6,"p1id":"finalgambitvgc","p2id":"arceussbard","formatid":"gen9vgc2023regulationc","rating":0,"private":0,"password":""}