{"id":"gen9vgc2023regulationc-1847268750","p1":"BMDL_Champ_Phenix","p2":"YGO_better","format":"[Gen 9] VGC 2023 Regulation C","log":"|j|\u2606BMDL_Champ_Phenix\n|j|\u2606YGO_better\n|t:|1681933179\n|gametype|doubles\n|player|p1|BMDL_Champ_Phenix|steven|\n|player|p2|YGO_better|1|\n|teamsize|p1|6\n|teamsize|p2|6\n|gen|9\n|tier|[Gen 9] VGC 2023 Regulation C\n|rule|Species Clause: Limit one of each Pok\u00e9mon\n|rule|Item Clause: Limit one of each item\n|clearpoke\n|poke|p1|Iron Valiant, L50|\n|poke|p1|Murkrow, L50, M|\n|poke|p1|Palafin, L50, M|\n|poke|p1|Skeledirge, L50, F|\n|poke|p1|Farigiraf, L50, F|\n|poke|p1|Mudsdale, L50, F|\n|poke|p2|Iron Moth, L50|\n|poke|p2|Vaporeon, L50, M|\n|poke|p2|Sylveon, L50, M|\n|poke|p2|Torkoal, L50, M|\n|poke|p2|Dragapult, L50, M|\n|poke|p2|Cyclizar, L50, F|\n|teampreview|4\n|c|\u2606YGO_better|G3\n|c|\u2606YGO_better|gl hf\n|c|\u2606BMDL_Champ_Phenix|same to you\n|\n|t:|1681933780\n|start\n|switch|p1a: Nevermore|Murkrow, L50, M|100\/100\n|switch|p1b: Leonardo|Iron Valiant, L50|100\/100\n|switch|p2a: Abyssmegalo|Vaporeon, L50, M, shiny|100\/100\n|switch|p2b: Ghost Trick|Dragapult, L50, M|100\/100\n|turn|1\n|\n|t:|1681933801\n|move|p1a: Nevermore|Tailwind|p1a: Nevermore\n|-sidestart|p1: BMDL_Champ_Phenix|move: Tailwind\n|move|p1b: Leonardo|Thunder Punch|p2a: Abyssmegalo\n|-supereffective|p2a: Abyssmegalo\n|-damage|p2a: Abyssmegalo|42\/100\n|move|p2a: Abyssmegalo|Yawn|p1b: Leonardo\n|-start|p1b: Leonardo|move: Yawn|[of] p2a: Abyssmegalo\n|move|p2b: Ghost Trick|Dragon Tail|p1a: Nevermore\n|-damage|p1a: Nevermore|59\/100\n|drag|p1a: Sans|Skeledirge, L50, F|100\/100\n|\n|-heal|p2a: Abyssmegalo|48\/100|[from] item: Leftovers\n|upkeep\n|turn|2\n|\n|t:|1681933831\n|move|p1b: Leonardo|Thunder Punch|p2a: Abyssmegalo\n|-supereffective|p2a: Abyssmegalo\n|-damage|p2a: Abyssmegalo|0 fnt\n|faint|p2a: Abyssmegalo\n|move|p1a: Sans|Shadow Ball|p2b: Ghost Trick\n|-supereffective|p2b: Ghost Trick\n|-damage|p2b: Ghost Trick|8\/100\n|-start|p1a: Sans|Disable|Shadow Ball|[from] ability: Cursed Body|[of] p2b: Ghost Trick\n|move|p2b: Ghost Trick|Light Screen|p2b: Ghost Trick\n|-sidestart|p2: YGO_better|move: Light Screen\n|\n|-end|p1b: Leonardo|move: Yawn|[silent]\n|-status|p1b: Leonardo|slp\n|upkeep\n|\n|t:|1681933844\n|switch|p2a: Vrum|Cyclizar, L50, F|100\/100\n|turn|3\n|\n|t:|1681933854\n|-end|p1b: Leonardo|Quark Drive|[silent]\n|switch|p1b: Nevermore|Murkrow, L50, M|59\/100\n|move|p2a: Vrum|Shed Tail|p2a: Vrum\n|-start|p2a: Vrum|Substitute|[from] move: Shed Tail\n|-damage|p2a: Vrum|50\/100\n|\n|t:|1681933860\n|switch|p2a: Evotile|Torkoal, L50, M|100\/100|[from] Shed Tail\n|-weather|SunnyDay|[from] ability: Drought|[of] p2a: Evotile\n|move|p1a: Sans|Snarl|p2b: Ghost Trick|[spread] p2a,p2b\n|-supereffective|p2b: Ghost Trick\n|-damage|p2a: Evotile|89\/100\n|-damage|p2b: Ghost Trick|0 fnt\n|-unboost|p2a: Evotile|spa|1\n|faint|p2b: Ghost Trick\n|\n|-weather|SunnyDay|[upkeep]\n|upkeep\n|\n|t:|1681933872\n|switch|p2b: Vrum|Cyclizar, L50, F|84\/100\n|turn|4\n|\n|t:|1681933886\n|move|p1b: Nevermore|Rain Dance|p1b: Nevermore\n|-weather|RainDance\n|move|p2b: Vrum|Thunderbolt|p1a: Sans\n|-damage|p1a: Sans|87\/100\n|move|p1a: Sans|Snarl|p2b: Vrum|[spread] p2a,p2b\n|-damage|p2a: Evotile|77\/100\n|-damage|p2b: Vrum|72\/100\n|-unboost|p2a: Evotile|spa|1\n|-unboost|p2b: Vrum|spa|1\n|move|p2a: Evotile|Eruption|p1a: Sans|[spread] p1a,p1b\n|-resisted|p1a: Sans\n|-damage|p1a: Sans|79\/100\n|-damage|p1b: Nevermore|51\/100\n|\n|-weather|RainDance|[upkeep]\n|-sideend|p1: BMDL_Champ_Phenix|move: Tailwind\n|upkeep\n|turn|5\n|\n|t:|1681933908\n|move|p1b: Nevermore|Thunder Wave|p2b: Vrum\n|-status|p2b: Vrum|par\n|move|p2b: Vrum|Thunderbolt|p1a: Sans\n|-damage|p1a: Sans|65\/100\n|move|p1a: Sans|Snarl|p2b: Vrum|[spread] p2a,p2b\n|-crit|p2b: Vrum\n|-damage|p2a: Evotile|67\/100\n|-damage|p2b: Vrum|46\/100 par\n|-unboost|p2a: Evotile|spa|1\n|-unboost|p2b: Vrum|spa|1\n|move|p2a: Evotile|Rock Slide|p1a: Sans|[spread] p1a,p1b\n|-supereffective|p1a: Sans\n|-supereffective|p1b: Nevermore\n|-damage|p1a: Sans|46\/100\n|-damage|p1b: Nevermore|20\/100\n|\n|-weather|RainDance|[upkeep]\n|-end|p1a: Sans|Disable\n|upkeep\n|turn|6\n|\n|t:|1681933930\n|move|p1b: Nevermore|Tailwind|p1b: Nevermore\n|-sidestart|p1: BMDL_Champ_Phenix|move: Tailwind\n|move|p1a: Sans|Shadow Ball|p2a: Evotile\n|-end|p2a: Evotile|Substitute\n|cant|p2b: Vrum|par\n|move|p2a: Evotile|Rock Slide|p1b: Nevermore|[spread] p1a,p1b\n|-supereffective|p1a: Sans\n|-supereffective|p1b: Nevermore\n|-damage|p1a: Sans|27\/100\n|-damage|p1b: Nevermore|0 fnt\n|faint|p1b: Nevermore\n|\n|-weather|RainDance|[upkeep]\n|-sideend|p2: YGO_better|move: Light Screen\n|upkeep\n|\n|t:|1681933944\n|switch|p1b: Leonardo|Iron Valiant, L50|100\/100 slp\n|turn|7\n|\n|t:|1681933957\n|cant|p1b: Leonardo|slp\n|move|p1a: Sans|Snarl|p2b: Vrum|[spread] p2a,p2b\n|-damage|p2a: Evotile|50\/100\n|-damage|p2b: Vrum|29\/100 par\n|-unboost|p2a: Evotile|spa|1\n|-unboost|p2b: Vrum|spa|1\n|move|p2b: Vrum|Thunderbolt|p1a: Sans\n|-damage|p1a: Sans|13\/100\n|move|p2a: Evotile|Rock Slide|p1b: Leonardo|[spread] p1a,p1b\n|-supereffective|p1a: Sans\n|-resisted|p1b: Leonardo\n|-damage|p1a: Sans|0 fnt\n|-damage|p1b: Leonardo|93\/100 slp\n|faint|p1a: Sans\n|\n|-weather|RainDance|[upkeep]\n|upkeep\n|\n|t:|1681933970\n|switch|p1a: Melman|Farigiraf, L50, F|100\/100\n|turn|8\n|\n|t:|1681933980\n|cant|p1b: Leonardo|slp\n|move|p1a: Melman|Psychic Fangs|p2b: Vrum\n|-damage|p2b: Vrum|0 fnt\n|faint|p2b: Vrum\n|move|p2a: Evotile|Rock Slide|p1a: Melman|[spread] p1a,p1b\n|-resisted|p1b: Leonardo\n|-crit|p1b: Leonardo\n|-damage|p1a: Melman|86\/100\n|-damage|p1b: Leonardo|82\/100 slp\n|\n|-weather|none\n|upkeep\n|turn|9\n|\n|t:|1681933992\n|-curestatus|p1b: Leonardo|slp|[msg]\n|move|p1b: Leonardo|Liquidation|p2a: Evotile\n|-supereffective|p2a: Evotile\n|-damage|p2a: Evotile|4\/100\n|move|p1a: Melman|Psychic Fangs|p2a: Evotile\n|-damage|p2a: Evotile|0 fnt\n|faint|p2a: Evotile\n|\n|win|BMDL_Champ_Phenix\n|c|\u2606YGO_better|yea gg\n|c|\u2606BMDL_Champ_Phenix|gg\n|l|\u2606YGO_better\n","uploadtime":1681934130,"views":15,"p1id":"bmdlchampphenix","p2id":"ygobetter","formatid":"gen9vgc2023regulationc","rating":0,"private":0,"password":""}