{"id":"gen9vgc2023regulationc-1845403269","p1":"Heimskringle","p2":"dkkdkdkdkfkrk","format":"[Gen 9] VGC 2023 Regulation C","log":"|j|\u2606Heimskringle\n|j|\u2606dkkdkdkdkfkrk\n|t:|1681728463\n|gametype|doubles\n|player|p1|Heimskringle|101|1047\n|player|p2|dkkdkdkdkfkrk|169|1051\n|teamsize|p1|6\n|teamsize|p2|6\n|gen|9\n|tier|[Gen 9] VGC 2023 Regulation C\n|rated|\n|rule|Species Clause: Limit one of each Pok\u00e9mon\n|rule|Item Clause: Limit one of each item\n|clearpoke\n|poke|p1|Ting-Lu, L50|\n|poke|p1|Baxcalibur, L50, F|\n|poke|p1|Iron Bundle, L50|\n|poke|p1|Arcanine, L50, M|\n|poke|p1|Amoonguss, L50, F|\n|poke|p1|Flutter Mane, L50|\n|poke|p2|Orthworm, L50, F|\n|poke|p2|Ting-Lu, L50|\n|poke|p2|Great Tusk, L50|\n|poke|p2|Flutter Mane, L50|\n|poke|p2|Iron Hands, L50|\n|poke|p2|Chi-Yu, L50|\n|teampreview|4\n|inactive|Battle timer is ON: inactive players will automatically lose when time's up. (requested by dkkdkdkdkfkrk)\n|inactive|Heimskringle has 60 seconds left.\ndkkdkdkdkfkrk rejected open team sheets.\n|inactive|Heimskringle has 30 seconds left.\n|inactive|Heimskringle has 20 seconds left.\n|inactive|Heimskringle has 15 seconds left.\n|inactive|Heimskringle has 10 seconds left.\n|\n|t:|1681728564\n|start\n|switch|p1a: Arcanine|Arcanine, L50, M|100\/100\n|switch|p1b: Iron Bundle|Iron Bundle, L50, shiny|100\/100\n|switch|p2a: Ting-Lu|Ting-Lu, L50|100\/100\n|switch|p2b: Orthworm|Orthworm, L50, F|100\/100\n|-ability|p1a: Arcanine|Intimidate|boost\n|-unboost|p2a: Ting-Lu|atk|1\n|-unboost|p2b: Orthworm|atk|1\n|-ability|p2a: Ting-Lu|Vessel of Ruin\n|-enditem|p1b: Iron Bundle|Booster Energy\n|-activate|p1b: Iron Bundle|ability: Quark Drive|[fromitem]\n|-start|p1b: Iron Bundle|quarkdrivespe\n|turn|1\n|inactive|Heimskringle has 30 seconds left.\n|inactive|dkkdkdkdkfkrk has 30 seconds left.\n|inactive|Heimskringle has 20 seconds left.\n|inactive|dkkdkdkdkfkrk has 20 seconds left.\n|inactive|Heimskringle has 15 seconds left.\n|inactive|dkkdkdkdkfkrk has 15 seconds left.\n|inactive|dkkdkdkdkfkrk has 10 seconds left.\n|\n|t:|1681728610\n|-terastallize|p2b: Orthworm|Fire\n|move|p1b: Iron Bundle|Protect|p1b: Iron Bundle\n|-singleturn|p1b: Iron Bundle|Protect\n|move|p1a: Arcanine|Flare Blitz|p2b: Orthworm\n|-resisted|p2b: Orthworm\n|-damage|p2b: Orthworm|85\/100\n|-damage|p1a: Arcanine|96\/100|[from] Recoil\n|move|p2b: Orthworm|Shed Tail|p2b: Orthworm\n|-start|p2b: Orthworm|Substitute|[from] move: Shed Tail\n|-damage|p2b: Orthworm|35\/100\n|-enditem|p2b: Orthworm|Sitrus Berry|[eat]\n|-heal|p2b: Orthworm|60\/100|[from] item: Sitrus Berry\n|\n|t:|1681728627\n|switch|p2b: Great Tusk|Great Tusk, L50|100\/100|[from] Shed Tail\n|move|p2a: Ting-Lu|Payback|p1b: Iron Bundle\n|-activate|p1b: Iron Bundle|move: Protect\n|\n|upkeep\n|turn|2\n|inactive|Heimskringle has 30 seconds left.\n|inactive|Heimskringle has 20 seconds left.\n|inactive|Heimskringle has 15 seconds left.\n|\n|t:|1681728670\n|switch|p2a: Iron Hands|Iron Hands, L50|100\/100\n|-terastallize|p1a: Arcanine|Grass\n|move|p1b: Iron Bundle|Freeze-Dry|p2b: Great Tusk\n|-supereffective|p2b: Great Tusk\n|-end|p2b: Great Tusk|Substitute\n|move|p2b: Great Tusk|Close Combat|p1b: Iron Bundle\n|-supereffective|p1b: Iron Bundle\n|-damage|p1b: Iron Bundle|0 fnt\n|-unboost|p2b: Great Tusk|def|1\n|-unboost|p2b: Great Tusk|spd|1\n|faint|p1b: Iron Bundle\n|-end|p1b: Iron Bundle|Quark Drive|[silent]\n|move|p1a: Arcanine|Will-O-Wisp|p2b: Great Tusk\n|-status|p2b: Great Tusk|brn\n|\n|-damage|p2b: Great Tusk|95\/100 brn|[from] brn\n|upkeep\n|\n|t:|1681728690\n|switch|p1b: Flutter Mane|Flutter Mane, L50|100\/100\n|turn|3\n|\n|t:|1681728713\n|-end|p2b: Great Tusk|Protosynthesis|[silent]\n|switch|p2b: Orthworm|Orthworm, L50, F, tera:Fire|60\/100\n|-end|p2a: Iron Hands|Quark Drive|[silent]\n|switch|p2a: Ting-Lu|Ting-Lu, L50|100\/100\n|-ability|p2a: Ting-Lu|Vessel of Ruin\n|move|p1b: Flutter Mane|Protect|p1b: Flutter Mane\n|-singleturn|p1b: Flutter Mane|Protect\n|move|p1a: Arcanine|Protect||[still]\n|-fail|p1a: Arcanine\n|\n|upkeep\n|turn|4\n|inactive|Heimskringle has 30 seconds left.\n|inactive|Heimskringle has 20 seconds left.\n|inactive|dkkdkdkdkfkrk has 30 seconds left.\n|inactive|Heimskringle has 15 seconds left.\n|\n|t:|1681728757\n|-end|p1b: Flutter Mane|Protosynthesis|[silent]\n|switch|p1b: Baxcalibur|Baxcalibur, L50, F|100\/100\n|move|p1a: Arcanine|Will-O-Wisp|p2a: Ting-Lu\n|-status|p2a: Ting-Lu|brn\n|move|p2b: Orthworm|Heavy Slam|p1b: Baxcalibur\n|-supereffective|p1b: Baxcalibur\n|-damage|p1b: Baxcalibur|76\/100\n|move|p2a: Ting-Lu|Bulldoze|p1b: Baxcalibur|[spread] p1a,p1b\n|-heal|p2b: Orthworm|85\/100|[from] ability: Earth Eater|[of] p2a: Ting-Lu\n|-resisted|p1a: Arcanine\n|-damage|p1a: Arcanine|91\/100\n|-damage|p1b: Baxcalibur|66\/100\n|-unboost|p1a: Arcanine|spe|1\n|\n|-damage|p2a: Ting-Lu|95\/100 brn|[from] brn\n|upkeep\n|turn|5\n|inactive|dkkdkdkdkfkrk has 30 seconds left.\n|\n|t:|1681728786\n|switch|p2a: Iron Hands|Iron Hands, L50|100\/100\n|move|p1b: Baxcalibur|Protect|p1b: Baxcalibur\n|-singleturn|p1b: Baxcalibur|Protect\n|move|p1a: Arcanine|Howl|p1a: Arcanine|[spread] p1a,p1b\n|-boost|p1a: Arcanine|atk|1\n|-boost|p1b: Baxcalibur|atk|1\n|move|p2b: Orthworm|Iron Defense|p2b: Orthworm\n|-boost|p2b: Orthworm|def|2\n|\n|upkeep\n|turn|6\n|inactive|Heimskringle has 30 seconds left.\n|inactive|Heimskringle has 20 seconds left.\n|inactive|Heimskringle has 15 seconds left.\n|inactive|Heimskringle has 10 seconds left.\n|inactive|Heimskringle has 5 seconds left.\n|inactive|dkkdkdkdkfkrk has 30 seconds left.\n|\n|t:|1681728843\n|move|p2a: Iron Hands|Fake Out|p1a: Arcanine\n|-damage|p1a: Arcanine|76\/100\n|move|p1b: Baxcalibur|Glaive Rush|p2b: Orthworm\n|-damage|p2b: Orthworm|47\/100\n|-singlemove|p1b: Baxcalibur|Glaive Rush|[silent]\n|cant|p1a: Arcanine|flinch\n|move|p2b: Orthworm|Body Press|p1b: Baxcalibur\n|-supereffective|p1b: Baxcalibur\n|-damage|p1b: Baxcalibur|0 fnt\n|faint|p1b: Baxcalibur\n|\n|upkeep\n|\n|t:|1681728854\n|switch|p1b: Flutter Mane|Flutter Mane, L50|100\/100\n|turn|7\n|\n|t:|1681728867\n|-end|p2a: Iron Hands|Quark Drive|[silent]\n|switch|p2a: Ting-Lu|Ting-Lu, L50|95\/100 brn\n|-ability|p2a: Ting-Lu|Vessel of Ruin\n|move|p1b: Flutter Mane|Shadow Ball|p2b: Orthworm\n|-damage|p2b: Orthworm|2\/100\n|-damage|p1b: Flutter Mane|91\/100|[from] item: Life Orb\n|move|p1a: Arcanine|Will-O-Wisp|p2a: Ting-Lu\n|-fail|p2a: Ting-Lu|brn\n|move|p2b: Orthworm|Heavy Slam|p1b: Flutter Mane\n|-supereffective|p1b: Flutter Mane\n|-damage|p1b: Flutter Mane|0 fnt\n|faint|p1b: Flutter Mane\n|-end|p1b: Flutter Mane|Protosynthesis|[silent]\n|\n|-damage|p2a: Ting-Lu|89\/100 brn|[from] brn\n|upkeep\n|turn|8\n|\n|t:|1681728889\n|switch|p2b: Iron Hands|Iron Hands, L50|100\/100\n|switch|p2a: Great Tusk|Great Tusk, L50|95\/100 brn\n|move|p1a: Arcanine|Flare Blitz|p2b: Iron Hands\n|-damage|p2b: Iron Hands|60\/100\n|-damage|p1a: Arcanine|59\/100|[from] Recoil\n|\n|-damage|p2a: Great Tusk|89\/100 brn|[from] brn\n|upkeep\n|turn|9\n|\n|t:|1681728899\n|-end|p2b: Iron Hands|Quark Drive|[silent]\n|switch|p2b: Orthworm|Orthworm, L50, F, tera:Fire|2\/100\n|move|p1a: Arcanine|Protect|p1a: Arcanine\n|-singleturn|p1a: Arcanine|Protect\n|move|p2a: Great Tusk|Earthquake|p1a: Arcanine|[spread] \n|-activate|p1a: Arcanine|move: Protect\n|-heal|p2b: Orthworm|27\/100|[from] ability: Earth Eater|[of] p2a: Great Tusk\n|\n|-damage|p2a: Great Tusk|83\/100 brn|[from] brn\n|upkeep\n|turn|10\n|\n|t:|1681728916\n|move|p2a: Great Tusk|Earthquake|p1a: Arcanine|[spread] p1a\n|-heal|p2b: Orthworm|52\/100|[from] ability: Earth Eater|[of] p2a: Great Tusk\n|-resisted|p1a: Arcanine\n|-damage|p1a: Arcanine|48\/100\n|move|p1a: Arcanine|Flare Blitz|p2b: Orthworm\n|-resisted|p2b: Orthworm\n|-damage|p2b: Orthworm|28\/100\n|-damage|p1a: Arcanine|41\/100|[from] Recoil\n|move|p2b: Orthworm|Iron Defense|p2b: Orthworm\n|-boost|p2b: Orthworm|def|2\n|\n|-damage|p2a: Great Tusk|77\/100 brn|[from] brn\n|upkeep\n|turn|11\n|\n|t:|1681728932\n|move|p2a: Great Tusk|Earthquake|p1a: Arcanine|[spread] p1a\n|-heal|p2b: Orthworm|53\/100|[from] ability: Earth Eater|[of] p2a: Great Tusk\n|-resisted|p1a: Arcanine\n|-damage|p1a: Arcanine|29\/100\n|move|p1a: Arcanine|Flare Blitz|p2b: Orthworm\n|-resisted|p2b: Orthworm\n|-damage|p2b: Orthworm|40\/100\n|-damage|p1a: Arcanine|25\/100|[from] Recoil\n|move|p2b: Orthworm|Iron Defense|p2b: Orthworm\n|-boost|p2b: Orthworm|def|2\n|\n|-damage|p2a: Great Tusk|72\/100 brn|[from] brn\n|upkeep\n|turn|12\n|\n|t:|1681728951\n|move|p2a: Great Tusk|Earthquake|p1a: Arcanine|[spread] p1a\n|-heal|p2b: Orthworm|65\/100|[from] ability: Earth Eater|[of] p2a: Great Tusk\n|-resisted|p1a: Arcanine\n|-damage|p1a: Arcanine|14\/100\n|move|p1a: Arcanine|Flare Blitz|p2a: Great Tusk\n|-damage|p2a: Great Tusk|20\/100 brn\n|-damage|p1a: Arcanine|0 fnt|[from] Recoil\n|faint|p1a: Arcanine\n|\n|win|dkkdkdkdkfkrk\n|raw|Heimskringle's rating: 1047 → 1030<\/strong> (-17 for losing)\n|raw|dkkdkdkdkfkrk's rating: 1051 → 1083<\/strong> (+32 for winning)\n|l|\u2606Heimskringle\n","uploadtime":1681728969,"views":8,"p1id":"heimskringle","p2id":"dkkdkdkdkfkrk","formatid":"gen9vgc2023regulationc","rating":1030,"private":0,"password":""}