{"id":"gen9vgc2023regulationc-1856717809","p1":"bombart","p2":"Vitalis24","format":"[Gen 9] VGC 2023 Regulation C","log":"|j|\u2606bombart\n|j|\u2606Vitalis24\n|t:|1683099988\n|gametype|doubles\n|player|p1|bombart|benga|1322\n|player|p2|Vitalis24|ethan|1301\n|teamsize|p1|6\n|teamsize|p2|6\n|gen|9\n|tier|[Gen 9] VGC 2023 Regulation C\n|rated|\n|rule|Species Clause: Limit one of each Pok\u00e9mon\n|rule|Item Clause: Limit one of each item\n|clearpoke\n|poke|p1|Flutter Mane, L50|\n|poke|p1|Chi-Yu, L50|\n|poke|p1|Maushold-Four, L50|\n|poke|p1|Annihilape, L50, M|\n|poke|p1|Amoonguss, L50, M|\n|poke|p1|Iron Bundle, L50|\n|poke|p2|Indeedee-F, L50, F|\n|poke|p2|Flutter Mane, L50|\n|poke|p2|Murkrow, L50, M|\n|poke|p2|Great Tusk, L50|\n|poke|p2|Iron Bundle, L50|\n|poke|p2|Chi-Yu, L50|\n|teampreview|4\n|inactive|Battle timer is ON: inactive players will automatically lose when time's up. (requested by bombart)\nbombart has agreed to open team sheets.\n|inactive|bombart has 60 seconds left.\n|inactive|Vitalis24 has 60 seconds left.\n|\n|t:|1683100042\n|start\n|switch|p1a: Iron Bundle|Iron Bundle, L50|100\/100\n|switch|p1b: Annihilape|Annihilape, L50, M|100\/100\n|switch|p2a: Iron Bundle|Iron Bundle, L50|100\/100\n|switch|p2b: Flutter Mane|Flutter Mane, L50|100\/100\n|-enditem|p2a: Iron Bundle|Booster Energy\n|-activate|p2a: Iron Bundle|ability: Quark Drive|[fromitem]\n|-start|p2a: Iron Bundle|quarkdrivespe\n|-enditem|p1a: Iron Bundle|Booster Energy\n|-activate|p1a: Iron Bundle|ability: Quark Drive|[fromitem]\n|-start|p1a: Iron Bundle|quarkdrivespe\n|turn|1\n|inactive|bombart has 30 seconds left.\n|inactive|Vitalis24 has 30 seconds left.\n|\n|t:|1683100068\n|-end|p2b: Flutter Mane|Protosynthesis|[silent]\n|switch|p2b: Chi-Yu|Chi-Yu, L50|100\/100\n|-ability|p2b: Chi-Yu|Beads of Ruin\n|move|p1b: Annihilape|Protect|p1b: Annihilape\n|-singleturn|p1b: Annihilape|Protect\n|move|p2a: Iron Bundle|Freeze-Dry|p1a: Iron Bundle\n|-crit|p1a: Iron Bundle\n|-damage|p1a: Iron Bundle|0 fnt\n|faint|p1a: Iron Bundle\n|-end|p1a: Iron Bundle|Quark Drive|[silent]\n|\n|upkeep\n|\n|t:|1683100079\n|switch|p1a: Maushold|Maushold-Four, L50|100\/100\n|turn|2\n|\n|t:|1683100097\n|move|p1a: Maushold|Follow Me|p1a: Maushold\n|-singleturn|p1a: Maushold|move: Follow Me\n|move|p2a: Iron Bundle|Hydro Pump|p1a: Maushold\n|-damage|p1a: Maushold|14\/100\n|move|p2b: Chi-Yu|Will-O-Wisp|p1a: Maushold\n|-status|p1a: Maushold|brn\n|move|p1b: Annihilape|Drain Punch|p2a: Iron Bundle\n|-supereffective|p2a: Iron Bundle\n|-damage|p2a: Iron Bundle|26\/100\n|\n|-damage|p1a: Maushold|8\/100 brn|[from] brn\n|upkeep\n|turn|3\n|inactive|bombart has 30 seconds left.\n|\n|t:|1683100125\n|-terastallize|p1b: Annihilape|Fire\n|move|p1a: Maushold|Follow Me|p1a: Maushold\n|-singleturn|p1a: Maushold|move: Follow Me\n|move|p2a: Iron Bundle|Freeze-Dry|p1a: Maushold\n|-damage|p1a: Maushold|0 fnt\n|faint|p1a: Maushold\n|move|p2b: Chi-Yu|Will-O-Wisp|p1b: Annihilape\n|-immune|p1b: Annihilape\n|move|p1b: Annihilape|Drain Punch|p2a: Iron Bundle\n|-supereffective|p2a: Iron Bundle\n|-damage|p2a: Iron Bundle|0 fnt\n|faint|p2a: Iron Bundle\n|-end|p2a: Iron Bundle|Quark Drive|[silent]\n|\n|upkeep\n|\n|t:|1683100142\n|switch|p2a: Great Tusk|Great Tusk, L50|100\/100\n|switch|p1a: Flutter Mane|Flutter Mane, L50|100\/100\n|turn|4\n|inactive|bombart has 30 seconds left.\n|\n|t:|1683100169\n|-terastallize|p2a: Great Tusk|Steel\n|move|p1a: Flutter Mane|Moonblast|p2a: Great Tusk\n|-resisted|p2a: Great Tusk\n|-damage|p2a: Great Tusk|23\/100\n|move|p2b: Chi-Yu|Dark Pulse|p1b: Annihilape\n|-damage|p1b: Annihilape|44\/100\n|move|p1b: Annihilape|Bulk Up|p1b: Annihilape\n|-boost|p1b: Annihilape|atk|1\n|-boost|p1b: Annihilape|def|1\n|move|p2a: Great Tusk|Iron Head|p1a: Flutter Mane\n|-supereffective|p1a: Flutter Mane\n|-damage|p1a: Flutter Mane|0 fnt\n|faint|p1a: Flutter Mane\n|-end|p1a: Flutter Mane|Protosynthesis|[silent]\n|\n|-heal|p1b: Annihilape|50\/100|[from] item: Leftovers\n|upkeep\n|turn|5\n|\n|t:|1683100193\n|move|p1b: Annihilape|Protect|p1b: Annihilape\n|-singleturn|p1b: Annihilape|Protect\n|move|p2b: Chi-Yu|Dark Pulse|p1b: Annihilape\n|-activate|p1b: Annihilape|move: Protect\n|move|p2a: Great Tusk|Headlong Rush|p1b: Annihilape\n|-activate|p1b: Annihilape|move: Protect\n|\n|-heal|p1b: Annihilape|56\/100|[from] item: Leftovers\n|upkeep\n|turn|6\n|\n|t:|1683100209\n|move|p2b: Chi-Yu|Dark Pulse|p1b: Annihilape\n|-damage|p1b: Annihilape|0 fnt\n|faint|p1b: Annihilape\n|\n|win|Vitalis24\n|raw|bombart's rating: 1322 → 1300<\/strong> (-22 for losing)\n|raw|Vitalis24's rating: 1280 → 1308<\/strong> (+28 for winning)\n|l|\u2606bombart\n","uploadtime":1683100215,"views":11,"p1id":"bombart","p2id":"vitalis24","formatid":"gen9vgc2023regulationc","rating":1300,"private":0,"password":""}