{"id":"gen9vgc2023regulationc-1847653821","p1":"Bailey3253","p2":"Strongale","format":"[Gen 9] VGC 2023 Regulation C","log":"|j|\u2606Bailey3253\n|j|\u2606Strongale\n|t:|1681988142\n|gametype|doubles\n|player|p1|Bailey3253|pokemaniac|1301\n|player|p2|Strongale|169|1365\n|teamsize|p1|6\n|teamsize|p2|6\n|gen|9\n|tier|[Gen 9] VGC 2023 Regulation C\n|rated|\n|rule|Species Clause: Limit one of each Pok\u00e9mon\n|rule|Item Clause: Limit one of each item\n|clearpoke\n|poke|p1|Dragapult, L50, F|\n|poke|p1|Flutter Mane, L50|\n|poke|p1|Scizor, L50, M|\n|poke|p1|Chien-Pao, L50|\n|poke|p1|Amoonguss, L50, F|\n|poke|p1|Ting-Lu, L50|\n|poke|p2|Volcarona, L50, F|\n|poke|p2|Iron Jugulis, L50|\n|poke|p2|Oricorio-Pom-Pom, L50, M|\n|poke|p2|Pelipper, L50, F|\n|poke|p2|Drednaw, L50, M|\n|poke|p2|Gastrodon, L50, F|\n|teampreview|4\n|inactive|Battle timer is ON: inactive players will automatically lose when time's up. (requested by Strongale)\n|\n|t:|1681988183\n|start\n|switch|p1a: Ting-Lu|Ting-Lu, L50|100\/100\n|switch|p1b: Chien-Pao|Chien-Pao, L50|100\/100\n|switch|p2a: Volcarona|Volcarona, L50, F|100\/100\n|switch|p2b: Oricorio|Oricorio-Pom-Pom, L50, M|100\/100\n|-ability|p1b: Chien-Pao|Sword of Ruin\n|-ability|p1a: Ting-Lu|Vessel of Ruin\n|turn|1\n|inactive|Strongale has 30 seconds left.\n|\n|t:|1681988210\n|move|p2b: Oricorio|Protect|p2b: Oricorio\n|-singleturn|p2b: Oricorio|Protect\n|move|p1b: Chien-Pao|Ice Spinner|p2b: Oricorio\n|-activate|p2b: Oricorio|move: Protect\n|move|p2a: Volcarona|Quiver Dance|p2a: Volcarona\n|-boost|p2a: Volcarona|spa|1\n|-boost|p2a: Volcarona|spd|1\n|-boost|p2a: Volcarona|spe|1\n|-activate|p2b: Oricorio|ability: Dancer\n|move|p2b: Oricorio|Quiver Dance|p2b: Oricorio|[from]ability: Dancer\n|-boost|p2b: Oricorio|spa|1\n|-boost|p2b: Oricorio|spd|1\n|-boost|p2b: Oricorio|spe|1\n|move|p1a: Ting-Lu|Stone Edge|p2a: Volcarona\n|-supereffective|p2a: Volcarona\n|-damage|p2a: Volcarona|0 fnt\n|faint|p2a: Volcarona\n|\n|upkeep\n|\n|t:|1681988231\n|switch|p2a: Pelipper|Pelipper, L50, F|100\/100\n|-weather|RainDance|[from] ability: Drizzle|[of] p2a: Pelipper\n|turn|2\n|inactive|Bailey3253 has 30 seconds left.\n|\n|t:|1681988261\n|-terastallize|p2b: Oricorio|Electric\n|move|p2b: Oricorio|Icy Wind|p1b: Chien-Pao|[spread] p1a,p1b\n|-supereffective|p1a: Ting-Lu\n|-resisted|p1b: Chien-Pao\n|-damage|p1a: Ting-Lu|88\/100\n|-damage|p1b: Chien-Pao|92\/100\n|-unboost|p1a: Ting-Lu|spe|1\n|-unboost|p1b: Chien-Pao|spe|1\n|-damage|p2b: Oricorio|91\/100|[from] item: Life Orb\n|move|p1b: Chien-Pao|Ice Spinner|p2b: Oricorio\n|-damage|p2b: Oricorio|0 fnt\n|faint|p2b: Oricorio\n|move|p2a: Pelipper|Hurricane|p1b: Chien-Pao\n|-damage|p1b: Chien-Pao|38\/100\n|-start|p1b: Chien-Pao|confusion\n|move|p1a: Ting-Lu|Stone Edge|p2a: Pelipper\n|-supereffective|p2a: Pelipper\n|-damage|p2a: Pelipper|18\/100\n|\n|-weather|RainDance|[upkeep]\n|upkeep\n|\n|t:|1681988280\n|switch|p2b: Iron Jugulis|Iron Jugulis, L50|100\/100\n|-enditem|p2b: Iron Jugulis|Booster Energy\n|-activate|p2b: Iron Jugulis|ability: Quark Drive|[fromitem]\n|-start|p2b: Iron Jugulis|quarkdrivespe\n|turn|3\n|inactive|Strongale has 30 seconds left.\n|\n|t:|1681988308\n|move|p2b: Iron Jugulis|Hurricane|p1b: Chien-Pao\n|-damage|p1b: Chien-Pao|0 fnt\n|faint|p1b: Chien-Pao\n|move|p2a: Pelipper|Tailwind|p2a: Pelipper\n|-sidestart|p2: Strongale|move: Tailwind\n|move|p1a: Ting-Lu|Stone Edge|p2b: Iron Jugulis\n|-supereffective|p2b: Iron Jugulis\n|-damage|p2b: Iron Jugulis|24\/100\n|\n|-weather|RainDance|[upkeep]\n|upkeep\n|\n|t:|1681988320\n|switch|p1b: Scizor|Scizor, L50, M|100\/100\n|turn|4\n|\n|t:|1681988334\n|move|p2b: Iron Jugulis|Protect|p2b: Iron Jugulis\n|-singleturn|p2b: Iron Jugulis|Protect\n|move|p1b: Scizor|Bullet Punch|p2a: Pelipper\n|-resisted|p2a: Pelipper\n|-damage|p2a: Pelipper|0 fnt\n|faint|p2a: Pelipper\n|move|p1a: Ting-Lu|Stone Edge|p2b: Iron Jugulis\n|-activate|p2b: Iron Jugulis|move: Protect\n|\n|-weather|RainDance|[upkeep]\n|upkeep\n|turn|5\n|-message|Strongale forfeited.\n|\n|win|Bailey3253\n|raw|Bailey3253's rating: 1301 → 1325<\/strong> (+24 for winning)\n|raw|Strongale's rating: 1365 → 1341<\/strong> (-24 for losing)\n|l|\u2606Strongale\n|c|\u2606Bailey3253|gg\n","uploadtime":1681988385,"views":20,"p1id":"bailey3253","p2id":"strongale","formatid":"gen9vgc2023regulationc","rating":1325,"private":0,"password":""}