{"id":"gen9vgc2023regulationc-1859940549","p1":"shelmerfudd","p2":"LokiMouse","format":"[Gen 9] VGC 2023 Regulation C","log":"|j|\u2606shelmerfudd\n|j|\u2606LokiMouse\n|t:|1683577699\n|gametype|doubles\n|player|p1|shelmerfudd|doctor|1102\n|player|p2|LokiMouse|101|1113\n|teamsize|p1|6\n|teamsize|p2|6\n|gen|9\n|tier|[Gen 9] VGC 2023 Regulation C\n|rated|\n|rule|Species Clause: Limit one of each Pok\u00e9mon\n|rule|Item Clause: Limit one of each item\n|clearpoke\n|poke|p1|Gyarados, L50, M|\n|poke|p1|Murkrow, L50, F|\n|poke|p1|Great Tusk, L50|\n|poke|p1|Flutter Mane, L50|\n|poke|p1|Amoonguss, L50, F|\n|poke|p1|Chien-Pao, L50|\n|poke|p2|Dachsbun, L50, F|\n|poke|p2|Great Tusk, L50|\n|poke|p2|Chi-Yu, L50|\n|poke|p2|Baxcalibur, L50, F|\n|poke|p2|Flutter Mane, L50|\n|poke|p2|Iron Bundle, L50|\n|teampreview|4\n|inactive|Battle timer is ON: inactive players will automatically lose when time's up. (requested by shelmerfudd)\n|inactive|LokiMouse has 60 seconds left.\n|\n|t:|1683577796\n|start\n|switch|p1a: Gyarados|Gyarados, L50, M|100\/100\n|switch|p1b: Murkrow|Murkrow, L50, F|100\/100\n|switch|p2a: Chi-Yu|Chi-Yu, L50|100\/100\n|switch|p2b: Great Tusk|Great Tusk, L50|100\/100\n|-ability|p2a: Chi-Yu|Beads of Ruin\n|-ability|p1a: Gyarados|Intimidate|boost\n|-unboost|p2a: Chi-Yu|atk|1\n|-unboost|p2b: Great Tusk|atk|1\n|turn|1\n|inactive|LokiMouse has 30 seconds left.\n|\n|t:|1683577826\n|-end|p2b: Great Tusk|Protosynthesis|[silent]\n|switch|p2b: Baxcalibur|Baxcalibur, L50, F|100\/100\n|-terastallize|p2a: Chi-Yu|Water\n|move|p1b: Murkrow|Tailwind|p1b: Murkrow\n|-sidestart|p1: shelmerfudd|move: Tailwind\n|move|p2a: Chi-Yu|Dark Pulse|p1a: Gyarados\n|-damage|p1a: Gyarados|50\/100\n|move|p1a: Gyarados|Waterfall|p2a: Chi-Yu\n|-resisted|p2a: Chi-Yu\n|-damage|p2a: Chi-Yu|74\/100\n|\n|upkeep\n|turn|2\n|inactive|shelmerfudd has 30 seconds left.\n|\n|t:|1683577854\n|switch|p1a: Great Tusk|Great Tusk, L50|100\/100\n|move|p2a: Chi-Yu|Dark Pulse|p1a: Great Tusk\n|-resisted|p1a: Great Tusk\n|-damage|p1a: Great Tusk|60\/100\n|move|p1b: Murkrow|Foul Play|p2b: Baxcalibur\n|-damage|p2b: Baxcalibur|52\/100\n|move|p2b: Baxcalibur|Icicle Spear|p1b: Murkrow\n|-supereffective|p1b: Murkrow\n|-damage|p1b: Murkrow|71\/100\n|-supereffective|p1b: Murkrow\n|-damage|p1b: Murkrow|37\/100\n|-supereffective|p1b: Murkrow\n|-damage|p1b: Murkrow|7\/100\n|-supereffective|p1b: Murkrow\n|-damage|p1b: Murkrow|0 fnt\n|faint|p1b: Murkrow\n|-hitcount|p1: Murkrow|4\n|\n|upkeep\n|\n|t:|1683577871\n|switch|p1b: Flutter Mane|Flutter Mane, L50|100\/100\n|turn|3\n|\n|t:|1683577887\n|-terastallize|p1a: Great Tusk|Steel\n|move|p2b: Baxcalibur|Protect|p2b: Baxcalibur\n|-singleturn|p2b: Baxcalibur|Protect\n|move|p1a: Great Tusk|Iron Head|p2b: Baxcalibur\n|-activate|p2b: Baxcalibur|move: Protect\n|move|p1b: Flutter Mane|Dazzling Gleam|p2b: Baxcalibur|[spread] p2a\n|-activate|p2b: Baxcalibur|move: Protect\n|-damage|p2a: Chi-Yu|23\/100\n|-damage|p1b: Flutter Mane|91\/100|[from] item: Life Orb\n|move|p2a: Chi-Yu|Dark Pulse|p1b: Flutter Mane\n|-damage|p1b: Flutter Mane|26\/100\n|\n|upkeep\n|turn|4\n|\n|t:|1683577907\n|move|p2b: Baxcalibur|Ice Shard|p1b: Flutter Mane\n|-damage|p1b: Flutter Mane|0 fnt\n|faint|p1b: Flutter Mane\n|-end|p1b: Flutter Mane|Protosynthesis|[silent]\n|move|p1a: Great Tusk|Iron Head|p2b: Baxcalibur\n|-supereffective|p2b: Baxcalibur\n|-damage|p2b: Baxcalibur|0 fnt\n|faint|p2b: Baxcalibur\n|move|p2a: Chi-Yu|Dark Pulse|p1a: Great Tusk\n|-damage|p1a: Great Tusk|0 fnt\n|faint|p1a: Great Tusk\n|-end|p1a: Great Tusk|Protosynthesis|[silent]\n|\n|-sideend|p1: shelmerfudd|move: Tailwind\n|upkeep\n|\n|t:|1683577920\n|switch|p1a: Gyarados|Gyarados, L50, M|50\/100\n|switch|p2b: Iron Bundle|Iron Bundle, L50|100\/100\n|-ability|p1a: Gyarados|Intimidate|boost\n|-unboost|p2a: Chi-Yu|atk|1\n|-unboost|p2b: Iron Bundle|atk|1\n|-enditem|p2b: Iron Bundle|Booster Energy\n|-activate|p2b: Iron Bundle|ability: Quark Drive|[fromitem]\n|-start|p2b: Iron Bundle|quarkdrivespe\n|turn|5\n|-message|shelmerfudd forfeited.\n|\n|win|LokiMouse\n|raw|shelmerfudd's rating: 1102 → 1078<\/strong> (-24 for losing)\n|raw|LokiMouse's rating: 1113 → 1137<\/strong> (+24 for winning)\n|l|\u2606shelmerfudd\n","uploadtime":1683577930,"views":11,"p1id":"shelmerfudd","p2id":"lokimouse","formatid":"gen9vgc2023regulationc","rating":1078,"private":0,"password":""}