{"id":"gen9vgc2023regulationc-1848823799","p1":"Fastjon4444","p2":"SoupEatingChampion","format":"[Gen 9] VGC 2023 Regulation C","log":"|j|\u2606Fastjon4444\n|j|\u2606SoupEatingChampion\n|t:|1682114309\n|gametype|doubles\n|player|p1|Fastjon4444|hilbert|1168\n|player|p2|SoupEatingChampion|swimmer-gen1|1107\n|teamsize|p1|6\n|teamsize|p2|6\n|gen|9\n|tier|[Gen 9] VGC 2023 Regulation C\n|rated|\n|rule|Species Clause: Limit one of each Pok\u00e9mon\n|rule|Item Clause: Limit one of each item\n|clearpoke\n|poke|p1|Chien-Pao, L50|\n|poke|p1|Dragapult, L50, M|\n|poke|p1|Arcanine, L50, F|\n|poke|p1|Flutter Mane, L50|\n|poke|p1|Palafin, L50, F|\n|poke|p1|Amoonguss, L50, M|\n|poke|p2|Ting-Lu, L50|\n|poke|p2|Abomasnow, L50, M|\n|poke|p2|Dondozo, L50, M|\n|poke|p2|Tatsugiri, L50, M|\n|poke|p2|Kingambit, L50, M|\n|poke|p2|Garganacl, L50, F|\n|teampreview|4\n|inactive|Battle timer is ON: inactive players will automatically lose when time's up. (requested by SoupEatingChampion)\nSoupEatingChampion rejected open team sheets.\n|\n|t:|1682114335\n|start\n|switch|p1a: Chien-Pao|Chien-Pao, L50|100\/100\n|switch|p1b: Dragapult|Dragapult, L50, M|100\/100\n|switch|p2a: Coldonel Coldwall|Abomasnow, L50, M|100\/100\n|switch|p2b: Guille|Kingambit, L50, M|100\/100\n|-ability|p1a: Chien-Pao|Sword of Ruin\n|-weather|Snow|[from] ability: Snow Warning|[of] p2a: Coldonel Coldwall\n|turn|1\n|inactive|Fastjon4444 has 30 seconds left.\n|inactive|Fastjon4444 has 20 seconds left.\n|inactive|Fastjon4444 has 15 seconds left.\n|inactive|Fastjon4444 has 10 seconds left.\n|\n|t:|1682114383\n|-terastallize|p2b: Guille|Poison\n|move|p1b: Dragapult|Phantom Force||[still]\n|-prepare|p1b: Dragapult|Phantom Force\n|move|p1a: Chien-Pao|Ice Spinner|p2b: Guille\n|-damage|p2b: Guille|61\/100\n|move|p2a: Coldonel Coldwall|Aurora Veil|p2a: Coldonel Coldwall\n|-sidestart|p2: SoupEatingChampion|move: Aurora Veil\n|move|p2b: Guille|Guillotine|p1a: Chien-Pao\n|-enditem|p1a: Chien-Pao|Focus Sash\n|-damage|p1a: Chien-Pao|1\/100\n|\n|-weather|Snow|[upkeep]\n|upkeep\n|turn|2\n|\n|t:|1682114401\n|move|p1a: Chien-Pao|Sucker Punch|p2b: Guille\n|-damage|p2b: Guille|39\/100\n|move|p2b: Guille|Sucker Punch||[still]\n|-fail|p2b: Guille\n|move|p1b: Dragapult|Phantom Force|p2a: Coldonel Coldwall|[from]lockedmove\n|-damage|p2a: Coldonel Coldwall|62\/100\n|-damage|p1b: Dragapult|91\/100|[from] item: Life Orb\n|move|p2a: Coldonel Coldwall|Sheer Cold|p1b: Dragapult|[miss]\n|-miss|p2a: Coldonel Coldwall|p1b: Dragapult\n|\n|-weather|Snow|[upkeep]\n|upkeep\n|turn|3\n|\n|t:|1682114425\n|move|p1a: Chien-Pao|Sucker Punch|p2b: Guille\n|-damage|p2b: Guille|16\/100\n|move|p1b: Dragapult|Phantom Force||[still]\n|-prepare|p1b: Dragapult|Phantom Force\n|move|p2a: Coldonel Coldwall|Sheer Cold|p1b: Dragapult|[miss]\n|-miss|p2a: Coldonel Coldwall|p1b: Dragapult\n|move|p2b: Guille|Poison Jab|p1a: Chien-Pao\n|-damage|p1a: Chien-Pao|0 fnt\n|faint|p1a: Chien-Pao\n|\n|-weather|Snow|[upkeep]\n|upkeep\n|\n|t:|1682114447\n|switch|p1a: Flutter Mane|Flutter Mane, L50|100\/100\n|turn|4\n|\n|t:|1682114468\n|move|p2b: Guille|Sucker Punch|p1a: Flutter Mane\n|-damage|p1a: Flutter Mane|47\/100\n|move|p1b: Dragapult|Phantom Force|p2a: Coldonel Coldwall|[from]lockedmove\n|-damage|p2a: Coldonel Coldwall|31\/100\n|-damage|p1b: Dragapult|81\/100|[from] item: Life Orb\n|move|p1a: Flutter Mane|Shadow Ball|p2b: Guille\n|-damage|p2b: Guille|0 fnt\n|faint|p2b: Guille\n|-end|p2b: Guille|fallenundefined|[silent]\n|move|p2a: Coldonel Coldwall|Sheer Cold|p1b: Dragapult|[miss]\n|-miss|p2a: Coldonel Coldwall|p1b: Dragapult\n|\n|-weather|Snow|[upkeep]\n|upkeep\n|\n|t:|1682114474\n|switch|p2b: You get the point|Garganacl, L50, F|100\/100\n|turn|5\n|inactive|Fastjon4444 has 30 seconds left.\n|inactive|Fastjon4444 has 20 seconds left.\n|\n|t:|1682114512\n|-end|p1a: Flutter Mane|Protosynthesis|[silent]\n|switch|p1a: Amoonguss|Amoonguss, L50, M|100\/100\n|-terastallize|p1b: Dragapult|Steel\n|move|p1b: Dragapult|Tera Blast|p2a: Coldonel Coldwall\n|-supereffective|p2a: Coldonel Coldwall\n|-damage|p2a: Coldonel Coldwall|0 fnt\n|faint|p2a: Coldonel Coldwall\n|-damage|p1b: Dragapult|71\/100|[from] item: Life Orb\n|move|p2b: You get the point|Salt Cure|p1a: Amoonguss\n|-damage|p1a: Amoonguss|90\/100\n|-start|p1a: Amoonguss|Salt Cure\n|\n|-weather|none\n|-damage|p1a: Amoonguss|77\/100|[from] Salt Cure\n|upkeep\n|\n|t:|1682114518\n|switch|p2a: Fissany|Ting-Lu, L50|100\/100\n|-ability|p2a: Fissany|Vessel of Ruin\n|turn|6\n|\n|t:|1682114540\n|move|p1b: Dragapult|Tera Blast|p2b: You get the point\n|-supereffective|p2b: You get the point\n|-damage|p2b: You get the point|55\/100\n|-damage|p1b: Dragapult|61\/100|[from] item: Life Orb\n|move|p2a: Fissany|Fissure|p1a: Amoonguss|[miss]\n|-miss|p2a: Fissany|p1a: Amoonguss\n|move|p2b: You get the point|Fissure|p1a: Amoonguss|[miss]\n|-miss|p2b: You get the point|p1a: Amoonguss\n|move|p1a: Amoonguss|Spore|p2a: Fissany\n|-status|p2a: Fissany|slp|[from] move: Spore\n|\n|-damage|p1a: Amoonguss|65\/100|[from] Salt Cure\n|upkeep\n|turn|7\n|inactive|Fastjon4444 has 30 seconds left.\n|\n|t:|1682114565\n|switch|p1a: Flutter Mane|Flutter Mane, L50|47\/100\n|move|p2b: You get the point|Protect|p2b: You get the point\n|-singleturn|p2b: You get the point|Protect\n|move|p1b: Dragapult|Tera Blast|p2b: You get the point\n|-activate|p2b: You get the point|move: Protect\n|cant|p2a: Fissany|slp\n|\n|upkeep\n|turn|8\n|\n|t:|1682114582\n|move|p1b: Dragapult|Tera Blast|p2b: You get the point\n|-supereffective|p2b: You get the point\n|-damage|p2b: You get the point|14\/100\n|-enditem|p2b: You get the point|Aguav Berry|[eat]\n|-heal|p2b: You get the point|47\/100|[from] item: Aguav Berry\n|-damage|p1b: Dragapult|51\/100|[from] item: Life Orb\n|move|p1a: Flutter Mane|Dazzling Gleam|p2b: You get the point|[spread] p2a,p2b\n|-supereffective|p2a: Fissany\n|-damage|p2a: Fissany|73\/100 slp\n|-damage|p2b: You get the point|31\/100\n|cant|p2a: Fissany|slp\n|move|p2b: You get the point|Fissure|p1a: Flutter Mane|[miss]\n|-miss|p2b: You get the point|p1a: Flutter Mane\n|\n|-sideend|p2: SoupEatingChampion|move: Aurora Veil\n|upkeep\n|turn|9\n|\n|t:|1682114603\n|-end|p1a: Flutter Mane|Protosynthesis|[silent]\n|switch|p1a: Amoonguss|Amoonguss, L50, M|98\/100\n|move|p1b: Dragapult|Tera Blast|p2b: You get the point\n|-supereffective|p2b: You get the point\n|-damage|p2b: You get the point|0 fnt\n|faint|p2b: You get the point\n|-damage|p1b: Dragapult|42\/100|[from] item: Life Orb\n|-curestatus|p2a: Fissany|slp|[msg]\n|move|p2a: Fissany|Fissure|p1b: Dragapult\n|-damage|p1b: Dragapult|0 fnt\n|faint|p1b: Dragapult\n|-ohko\n|\n|upkeep\n|\n|t:|1682114618\n|switch|p1b: Flutter Mane|Flutter Mane, L50|47\/100\n|turn|10\n|\n|t:|1682114623\n|move|p1b: Flutter Mane|Moonblast|p2a: Fissany\n|-supereffective|p2a: Fissany\n|-damage|p2a: Fissany|10\/100\n|move|p2a: Fissany|Fissure|p1b: Flutter Mane|[miss]\n|-miss|p2a: Fissany|p1b: Flutter Mane\n|move|p1a: Amoonguss|Spore|p2a: Fissany\n|-status|p2a: Fissany|slp|[from] move: Spore\n|\n|upkeep\n|turn|11\n|-message|SoupEatingChampion forfeited.\n|\n|win|Fastjon4444\n|raw|Fastjon4444's rating: 1168 → 1189<\/strong> (+21 for winning)\n|raw|SoupEatingChampion's rating: 1107 → 1086<\/strong> (-21 for losing)\n|l|\u2606SoupEatingChampion\n","uploadtime":1682114637,"views":9,"p1id":"fastjon4444","p2id":"soupeatingchampion","formatid":"gen9vgc2023regulationc","rating":1086,"private":0,"password":""}