{"id":"gen9vgc2023regulationc-1862280980","p1":"Echo Rose#9471","p2":"JDGwin","format":"[Gen 9] VGC 2023 Regulation C","log":"|j|\u2606Echo Rose#9471\n|j|\u2606JDGwin\n|t:|1683859149\n|gametype|doubles\n|player|p1|Echo Rose#9471|101|1407\n|player|p2|JDGwin|cynthia|1389\n|teamsize|p1|6\n|teamsize|p2|6\n|gen|9\n|tier|[Gen 9] VGC 2023 Regulation C\n|rated|\n|rule|Species Clause: Limit one of each Pok\u00e9mon\n|rule|Item Clause: Limit one of each item\n|clearpoke\n|poke|p1|Annihilape, L50, M|\n|poke|p1|Maushold-Four, L50|\n|poke|p1|Amoonguss, L50, F|\n|poke|p1|Arcanine, L50, F|\n|poke|p1|Tatsugiri, L50, M|\n|poke|p1|Glimmora, L50, F|\n|poke|p2|Vivillon-Fancy, L50, M|\n|poke|p2|Ting-Lu, L50|\n|poke|p2|Gyarados, L50, F|\n|poke|p2|Gholdengo, L50|\n|poke|p2|Dragonite, L50, M|\n|poke|p2|Baxcalibur, L50, F|\n|teampreview|4\n|inactive|Battle timer is ON: inactive players will automatically lose when time's up. (requested by JDGwin)\n|inactive|JDGwin has 60 seconds left.\n|\n|t:|1683859208\n|start\n|switch|p1a: Glimmer|Glimmora, L50, F|100\/100\n|switch|p1b: Alfredo|Arcanine, L50, F|100\/100\n|switch|p2a: Vivillon|Vivillon-Fancy, L50, M|100\/100\n|switch|p2b: Ting-Lu|Ting-Lu, L50|100\/100\n|-ability|p1b: Alfredo|Intimidate|boost\n|-unboost|p2a: Vivillon|atk|1\n|-unboost|p2b: Ting-Lu|atk|1\n|-ability|p2b: Ting-Lu|Vessel of Ruin\n|turn|1\n|inactive|JDGwin has 30 seconds left.\n|inactive|Echo Rose#9471 has 30 seconds left.\n|inactive|JDGwin has 20 seconds left.\n|inactive|JDGwin has 15 seconds left.\n|\n|t:|1683859249\n|switch|p1b: Maushold|Maushold-Four, L50|100\/100\n|-terastallize|p1a: Glimmer|Grass\n|-terastallize|p2b: Ting-Lu|Poison\n|move|p2a: Vivillon|Sleep Powder|p1b: Maushold\n|-activate|p1b: Maushold|item: Safety Goggles|Sleep Powder\n|move|p1a: Glimmer|Mortal Spin|p2a: Vivillon|[spread] p2a,p2b\n|-resisted|p2b: Ting-Lu\n|-damage|p2a: Vivillon|94\/100\n|-damage|p2b: Ting-Lu|99\/100\n|-status|p2a: Vivillon|psn\n|-status|p2b: Ting-Lu|psn\n|move|p2b: Ting-Lu|Earthquake|p1a: Glimmer|[spread] p1a,p1b\n|-immune|p2a: Vivillon\n|-resisted|p1a: Glimmer\n|-damage|p1a: Glimmer|92\/100\n|-damage|p1b: Maushold|74\/100\n|\n|-damage|p2a: Vivillon|81\/100 psn|[from] psn\n|-damage|p2b: Ting-Lu|88\/100 psn|[from] psn\n|upkeep\n|turn|2\n|\n|t:|1683859273\n|move|p1b: Maushold|Protect|p1b: Maushold\n|-singleturn|p1b: Maushold|Protect\n|move|p2a: Vivillon|Tailwind|p2a: Vivillon\n|-sidestart|p2: JDGwin|move: Tailwind\n|move|p2b: Ting-Lu|Ruination|p1a: Glimmer\n|-damage|p1a: Glimmer|46\/100\n|move|p1a: Glimmer|Power Gem|p2a: Vivillon\n|-supereffective|p2a: Vivillon\n|-damage|p2a: Vivillon|0 fnt\n|faint|p2a: Vivillon\n|\n|-damage|p2b: Ting-Lu|75\/100 psn|[from] psn\n|upkeep\n|\n|t:|1683859289\n|switch|p2a: Gyarados|Gyarados, L50, F|100\/100\n|-ability|p2a: Gyarados|Intimidate|boost\n|-unboost|p1a: Glimmer|atk|1\n|-unboost|p1b: Maushold|atk|1\n|turn|3\n|\n|t:|1683859317\n|move|p1b: Maushold|Follow Me|p1b: Maushold\n|-singleturn|p1b: Maushold|move: Follow Me\n|move|p2a: Gyarados|Thunder Wave|p1b: Maushold\n|-status|p1b: Maushold|par\n|move|p2b: Ting-Lu|Ruination|p1b: Maushold\n|-damage|p1b: Maushold|38\/100 par\n|move|p1a: Glimmer|Mortal Spin|p2a: Gyarados|[spread] p2a,p2b\n|-resisted|p2b: Ting-Lu\n|-damage|p2a: Gyarados|98\/100\n|-damage|p2b: Ting-Lu|75\/100 psn\n|-status|p2a: Gyarados|psn\n|\n|-damage|p2a: Gyarados|85\/100 psn|[from] psn\n|-damage|p2b: Ting-Lu|62\/100 psn|[from] psn\n|upkeep\n|turn|4\n|\n|t:|1683859333\n|move|p2a: Gyarados|Helping Hand|p2b: Ting-Lu\n|-singleturn|p2b: Ting-Lu|Helping Hand|[of] p2a: Gyarados\n|move|p1b: Maushold|Protect|p1b: Maushold\n|-singleturn|p1b: Maushold|Protect\n|move|p2b: Ting-Lu|Rock Slide|p1b: Maushold|[spread] \n|-activate|p1b: Maushold|move: Protect\n|-miss|p2b: Ting-Lu|p1a: Glimmer\n|move|p1a: Glimmer|Power Gem|p2a: Gyarados\n|-supereffective|p2a: Gyarados\n|-damage|p2a: Gyarados|43\/100 psn\n|-enditem|p2a: Gyarados|Sitrus Berry|[eat]\n|-heal|p2a: Gyarados|67\/100 psn|[from] item: Sitrus Berry\n|\n|-damage|p2a: Gyarados|55\/100 psn|[from] psn\n|-damage|p2b: Ting-Lu|50\/100 psn|[from] psn\n|upkeep\n|turn|5\n|\n|t:|1683859357\n|move|p1b: Maushold|Follow Me|p1b: Maushold\n|-singleturn|p1b: Maushold|move: Follow Me\n|move|p2a: Gyarados|Waterfall|p1b: Maushold\n|-damage|p1b: Maushold|0 fnt\n|faint|p1b: Maushold\n|move|p2b: Ting-Lu|Rock Slide|p1a: Glimmer\n|-damage|p1a: Glimmer|32\/100\n|cant|p1a: Glimmer|flinch\n|\n|-damage|p2a: Gyarados|43\/100 psn|[from] psn\n|-damage|p2b: Ting-Lu|38\/100 psn|[from] psn\n|-sideend|p2: JDGwin|move: Tailwind\n|upkeep\n|\n|t:|1683859367\n|switch|p1b: Alfredo|Arcanine, L50, F|100\/100\n|-ability|p1b: Alfredo|Intimidate|boost\n|-unboost|p2a: Gyarados|atk|1\n|-unboost|p2b: Ting-Lu|atk|1\n|turn|6\n|\n|t:|1683859386\n|move|p1b: Alfredo|Flare Blitz|p2b: Ting-Lu\n|-damage|p2b: Ting-Lu|12\/100 psn\n|-damage|p1b: Alfredo|88\/100|[from] Recoil\n|move|p1a: Glimmer|Power Gem|p2a: Gyarados\n|-supereffective|p2a: Gyarados\n|-damage|p2a: Gyarados|0 fnt\n|faint|p2a: Gyarados\n|move|p2b: Ting-Lu|Earthquake|p1b: Alfredo|[spread] p1a,p1b\n|-resisted|p1a: Glimmer\n|-supereffective|p1b: Alfredo\n|-damage|p1a: Glimmer|24\/100\n|-damage|p1b: Alfredo|47\/100\n|\n|-damage|p2b: Ting-Lu|0 fnt|[from] psn\n|faint|p2b: Ting-Lu\n|upkeep\n|\n|t:|1683859402\n|switch|p2b: Gholdengo|Gholdengo, L50|100\/100\n|turn|7\n|\n|t:|1683859417\n|move|p2b: Gholdengo|Protect|p2b: Gholdengo\n|-singleturn|p2b: Gholdengo|Protect\n|move|p1b: Alfredo|Flare Blitz|p2b: Gholdengo\n|-activate|p2b: Gholdengo|move: Protect\n|move|p1a: Glimmer|Earth Power|p2b: Gholdengo\n|-activate|p2b: Gholdengo|move: Protect\n|\n|upkeep\n|turn|8\n|\n|t:|1683859433\n|move|p1b: Alfredo|Flare Blitz|p2b: Gholdengo\n|-supereffective|p2b: Gholdengo\n|-damage|p2b: Gholdengo|4\/100\n|-damage|p1b: Alfredo|14\/100|[from] Recoil\n|-enditem|p1b: Alfredo|Figy Berry|[eat]\n|-heal|p1b: Alfredo|48\/100|[from] item: Figy Berry\n|move|p1a: Glimmer|Earth Power|p2b: Gholdengo\n|-supereffective|p2b: Gholdengo\n|-damage|p2b: Gholdengo|0 fnt\n|faint|p2b: Gholdengo\n|\n|win|Echo Rose#9471\n|raw|Echo Rose#9471's rating: 1407 → 1426<\/strong> (+19 for winning)\n|raw|JDGwin's rating: 1389 → 1370<\/strong> (-19 for losing)\n|l|\u2606JDGwin\n","uploadtime":1683859442,"views":11,"p1id":"echorose9471","p2id":"jdgwin","formatid":"gen9vgc2023regulationc","rating":1370,"private":0,"password":""}