{"id":"gen9vgc2023regulationc-1860460532","p1":"PhatHomer","p2":"TheCakester8","format":"[Gen 9] VGC 2023 Regulation C","log":"|j|\u2606PhatHomer\n|j|\u2606TheCakester8\n|t:|1683646176\n|gametype|doubles\n|player|p1|PhatHomer|169|1126\n|player|p2|TheCakester8|170|1069\n|teamsize|p1|6\n|teamsize|p2|6\n|gen|9\n|tier|[Gen 9] VGC 2023 Regulation C\n|rated|\n|rule|Species Clause: Limit one of each Pok\u00e9mon\n|rule|Item Clause: Limit one of each item\n|clearpoke\n|poke|p1|Flutter Mane, L50|\n|poke|p1|Kingambit, L50, M|\n|poke|p1|Palafin, L50, M|\n|poke|p1|Iron Hands, L50|\n|poke|p1|Iron Moth, L50|\n|poke|p1|Garchomp, L50, M|\n|poke|p2|Toxicroak, L50, M|\n|poke|p2|Zoroark, L50, F|\n|poke|p2|Chien-Pao, L50|\n|poke|p2|Palafin, L50, M|\n|poke|p2|Surskit, L50, M|\n|poke|p2|Pelipper, L50, F|\n|teampreview|4\nTheCakester8 has agreed to open team sheets.\n|inactive|Battle timer is ON: inactive players will automatically lose when time's up. (requested by PhatHomer)\n|\n|t:|1683646238\n|start\n|switch|p1a: Troniyama|Iron Hands, L50|100\/100\n|switch|p1b: Misprevious|Flutter Mane, L50|100\/100\n|switch|p2a: Pelipper|Pelipper, L50, F|100\/100\n|switch|p2b: Palafin|Palafin, L50, M|100\/100\n|-weather|RainDance|[from] ability: Drizzle|[of] p2a: Pelipper\n|turn|1\n|inactive|PhatHomer has 30 seconds left.\n|inactive|PhatHomer has 20 seconds left.\n|inactive|PhatHomer has 15 seconds left.\n|\n|t:|1683646280\n|-terastallize|p2b: Palafin|Water\n|move|p2a: Pelipper|Protect|p2a: Pelipper\n|-singleturn|p2a: Pelipper|Protect\n|move|p1a: Troniyama|Fake Out|p2a: Pelipper\n|-activate|p2a: Pelipper|move: Protect\n|move|p2b: Palafin|Jet Punch|p1b: Misprevious\n|-enditem|p1b: Misprevious|Focus Sash\n|-damage|p1b: Misprevious|1\/100\n|move|p1b: Misprevious|Moonblast|p2a: Pelipper\n|-activate|p2a: Pelipper|move: Protect\n|\n|-weather|RainDance|[upkeep]\n|upkeep\n|turn|2\n|inactive|TheCakester8 has 30 seconds left.\n|\n|t:|1683646311\n|detailschange|p2b: Palafin|Palafin-Hero, L50, M, tera:Water\n|switch|p2b: Zoroark.|Toxicroak, L50, M|100\/100\n|move|p1b: Misprevious|Protect|p1b: Misprevious\n|-singleturn|p1b: Misprevious|Protect\n|move|p2a: Pelipper|Surf|p1b: Misprevious|[spread] p1a\n|-activate|p1b: Misprevious|move: Protect\n|-immune|p2b: Zoroark.|[from] ability: Dry Skin\n|-damage|p1a: Troniyama|66\/100\n|move|p1a: Troniyama|Thunder Punch|p2a: Pelipper\n|-supereffective|p2a: Pelipper\n|-damage|p2a: Pelipper|0 fnt\n|faint|p2a: Pelipper\n|\n|-weather|RainDance|[upkeep]\n|-heal|p1a: Troniyama|72\/100|[from] item: Leftovers\n|upkeep\n|\n|t:|1683646329\n|switch|p2a: Palafin|Palafin-Hero, L50, M, tera:Water|100\/100\n|-activate|p2a: Palafin|ability: Zero to Hero\n|turn|3\n|inactive|TheCakester8 has 30 seconds left.\n|\n|t:|1683646356\n|move|p2a: Palafin|Jet Punch|p1b: Misprevious\n|-damage|p1b: Misprevious|0 fnt\n|faint|p1b: Misprevious\n|-end|p1b: Misprevious|Protosynthesis|[silent]\n|move|p2b: Zoroark.|Swords Dance|p2b: Zoroark.\n|-boost|p2b: Zoroark.|atk|2\n|move|p1a: Troniyama|Drain Punch|p2b: Zoroark.\n|-resisted|p2b: Zoroark.\n|-damage|p2b: Zoroark.|64\/100\n|-heal|p1a: Troniyama|83\/100|[from] drain|[of] p2b: Zoroark.\n|\n|-weather|RainDance|[upkeep]\n|-heal|p2b: Zoroark.|76\/100|[from] ability: Dry Skin\n|-heal|p1a: Troniyama|89\/100|[from] item: Leftovers\n|upkeep\n|\n|t:|1683646370\n|switch|p1b: Florida Man|Palafin, L50, M|100\/100\n|turn|4\n|inactive|TheCakester8 has 30 seconds left.\n|\n|t:|1683646404\n|detailschange|p1b: Florida Man|Palafin-Hero, L50, M\n|switch|p1b: Voltcarona|Iron Moth, L50|100\/100\n|-enditem|p1b: Voltcarona|Booster Energy\n|-activate|p1b: Voltcarona|ability: Quark Drive|[fromitem]\n|-start|p1b: Voltcarona|quarkdrivespa\n|move|p2a: Palafin|Wave Crash|p1a: Troniyama\n|-damage|p1a: Troniyama|0 fnt\n|faint|p1a: Troniyama\n|-end|p1a: Troniyama|Quark Drive|[silent]\n|-damage|p2a: Palafin|57\/100|[from] Recoil\n|move|p2b: Zoroark.|Shadow Claw|p1b: Voltcarona\n|-damage|p1b: Voltcarona|25\/100\n|\n|-weather|RainDance|[upkeep]\n|-heal|p2b: Zoroark.|88\/100|[from] ability: Dry Skin\n|upkeep\n|\n|t:|1683646418\n|switch|p1a: Florida Man|Palafin-Hero, L50, M|100\/100\n|-activate|p1a: Florida Man|ability: Zero to Hero\n|turn|5\n|\n|t:|1683646427\n|move|p1b: Voltcarona|Protect|p1b: Voltcarona\n|-singleturn|p1b: Voltcarona|Protect\n|move|p2a: Palafin|Jet Punch|p1a: Florida Man\n|-resisted|p1a: Florida Man\n|-damage|p1a: Florida Man|55\/100\n|move|p2b: Zoroark.|Sucker Punch|p1a: Florida Man\n|-damage|p1a: Florida Man|14\/100\n|move|p1a: Florida Man|Wave Crash|p2b: Zoroark.\n|-heal|p2b: Zoroark.|100\/100|[from] ability: Dry Skin|[of] p1a: Florida Man\n|\n|-weather|RainDance|[upkeep]\n|upkeep\n|turn|6\n|\n|t:|1683646444\n|move|p1a: Florida Man|Protect|p1a: Florida Man\n|-singleturn|p1a: Florida Man|Protect\n|move|p2a: Palafin|Jet Punch|p1b: Voltcarona\n|-supereffective|p1b: Voltcarona\n|-damage|p1b: Voltcarona|0 fnt\n|faint|p1b: Voltcarona\n|-end|p1b: Voltcarona|Quark Drive|[silent]\n|move|p2b: Zoroark.|Sucker Punch||[still]\n|-fail|p2b: Zoroark.\n|\n|-weather|RainDance|[upkeep]\n|upkeep\n|turn|7\n|-message|PhatHomer forfeited.\n|\n|win|TheCakester8\n|raw|PhatHomer's rating: 1126 → 1097<\/strong> (-29 for losing)\n|raw|TheCakester8's rating: 1069 → 1103<\/strong> (+34 for winning)\n|l|\u2606PhatHomer\n","uploadtime":1683646451,"views":6,"p1id":"phathomer","p2id":"thecakester8","formatid":"gen9vgc2023regulationc","rating":1097,"private":0,"password":""}