{"id":"gen9vgc2023regulationc-1846580721","p1":"p00pmaster12","p2":"dogson5","format":"[Gen 9] VGC 2023 Regulation C","log":"|j|\u2606p00pmaster12\n|j|\u2606dogson5\n|t:|1681853805\n|gametype|doubles\n|player|p1|p00pmaster12|169|1298\n|player|p2|dogson5|nate|1331\n|teamsize|p1|6\n|teamsize|p2|6\n|gen|9\n|tier|[Gen 9] VGC 2023 Regulation C\n|rated|\n|rule|Species Clause: Limit one of each Pok\u00e9mon\n|rule|Item Clause: Limit one of each item\n|clearpoke\n|poke|p1|Farigiraf, L50, M|\n|poke|p1|Chi-Yu, L50|\n|poke|p1|Flutter Mane, L50|\n|poke|p1|Torkoal, L50, F|\n|poke|p1|Lilligant, L50, F|\n|poke|p1|Iron Bundle, L50|\n|poke|p2|Palafin, L50, M|\n|poke|p2|Flutter Mane, L50|\n|poke|p2|Arcanine, L50, F|\n|poke|p2|Amoonguss, L50, M|\n|poke|p2|Dragonite, L50, M|\n|poke|p2|Kingambit, L50, F|\n|teampreview|4\np00pmaster12 rejected open team sheets.\n|inactive|Battle timer is ON: inactive players will automatically lose when time's up. (requested by p00pmaster12)\n|\n|t:|1681853848\n|start\n|switch|p1a: Torkoal|Torkoal, L50, F|100\/100\n|switch|p1b: Lilligant|Lilligant, L50, F|100\/100\n|switch|p2a: Dragonite|Dragonite, L50, M|100\/100\n|switch|p2b: Palafin|Palafin, L50, M|100\/100\n|-weather|SunnyDay|[from] ability: Drought|[of] p1a: Torkoal\n|turn|1\n|\n|t:|1681853872\n|detailschange|p2b: Palafin|Palafin-Hero, L50, M\n|switch|p2b: Arcanine|Arcanine, L50, F|100\/100\n|-ability|p2b: Arcanine|Intimidate|boost\n|-unboost|p1a: Torkoal|atk|1\n|-unboost|p1b: Lilligant|atk|1\n|switch|p1a: Farigiraf|Farigiraf, L50, M|100\/100\n|move|p1b: Lilligant|Leaf Storm|p2b: Arcanine\n|-resisted|p2b: Arcanine\n|-damage|p2b: Arcanine|71\/100\n|-unboost|p1b: Lilligant|spa|2\n|move|p2a: Dragonite|Stomping Tantrum|p1a: Farigiraf\n|-damage|p1a: Farigiraf|73\/100\n|\n|-weather|SunnyDay|[upkeep]\n|upkeep\n|turn|2\n|inactive|p00pmaster12 has 30 seconds left.\n|inactive|dogson5 has 30 seconds left.\n|\n|t:|1681853904\n|-terastallize|p2a: Dragonite|Flying\n|move|p1b: Lilligant|Sleep Powder|p2b: Arcanine\n|-activate|p2b: Arcanine|item: Safety Goggles|Sleep Powder\n|move|p2b: Arcanine|Flare Blitz|p1b: Lilligant\n|-supereffective|p1b: Lilligant\n|-enditem|p1b: Lilligant|Focus Sash\n|-damage|p1b: Lilligant|1\/100\n|-status|p1b: Lilligant|brn\n|-damage|p2b: Arcanine|46\/100|[from] Recoil\n|move|p2a: Dragonite|Tera Blast|p1b: Lilligant\n|-supereffective|p1b: Lilligant\n|-damage|p1b: Lilligant|0 fnt\n|faint|p1b: Lilligant\n|move|p1a: Farigiraf|Hyper Voice|p2b: Arcanine|[spread] p2a,p2b\n|-damage|p2a: Dragonite|90\/100\n|-damage|p2b: Arcanine|9\/100\n|-enditem|p1a: Farigiraf|Throat Spray\n|-boost|p1a: Farigiraf|spa|1|[from] item: Throat Spray\n|\n|-weather|SunnyDay|[upkeep]\n|upkeep\n|\n|t:|1681853923\n|switch|p1b: Chi-Yu|Chi-Yu, L50|100\/100\n|-ability|p1b: Chi-Yu|Beads of Ruin\n|turn|3\n|\n|t:|1681853938\n|move|p1b: Chi-Yu|Heat Wave|p2b: Arcanine|[spread] p2a,p2b\n|-resisted|p2b: Arcanine\n|-damage|p2a: Dragonite|34\/100\n|-damage|p2b: Arcanine|0 fnt\n|faint|p2b: Arcanine\n|move|p2a: Dragonite|Tera Blast|p1b: Chi-Yu\n|-damage|p1b: Chi-Yu|14\/100\n|move|p1a: Farigiraf|Nasty Plot|p1a: Farigiraf\n|-boost|p1a: Farigiraf|spa|2\n|\n|-weather|SunnyDay|[upkeep]\n|upkeep\n|\n|t:|1681853950\n|switch|p2b: Flutter Mane|Flutter Mane, L50|100\/100\n|-activate|p2b: Flutter Mane|ability: Protosynthesis\n|-start|p2b: Flutter Mane|protosynthesisspa\n|turn|4\n|\n|t:|1681853964\n|move|p1b: Chi-Yu|Heat Wave|p2b: Flutter Mane|[spread] p2a,p2b\n|-damage|p2a: Dragonite|0 fnt\n|-damage|p2b: Flutter Mane|17\/100\n|faint|p2a: Dragonite\n|move|p2b: Flutter Mane|Dazzling Gleam|p1b: Chi-Yu|[spread] p1a,p1b\n|-crit|p1b: Chi-Yu\n|-damage|p1a: Farigiraf|18\/100\n|-damage|p1b: Chi-Yu|0 fnt\n|faint|p1b: Chi-Yu\n|move|p1a: Farigiraf|Psyshock|p2b: Flutter Mane\n|-damage|p2b: Flutter Mane|0 fnt\n|faint|p2b: Flutter Mane\n|-end|p2b: Flutter Mane|Protosynthesis|[silent]\n|\n|-weather|SunnyDay|[upkeep]\n|upkeep\n|\n|t:|1681853978\n|switch|p1b: Torkoal|Torkoal, L50, F|100\/100\n|switch|p2a: Palafin|Palafin-Hero, L50, M|100\/100\n|-activate|p2a: Palafin|ability: Zero to Hero\n|turn|5\n|inactive|p00pmaster12 has 30 seconds left.\n|\n|t:|1681854007\n|-terastallize|p1a: Farigiraf|Normal\n|move|p2a: Palafin|Protect|p2a: Palafin\n|-singleturn|p2a: Palafin|Protect\n|move|p1a: Farigiraf|Hyper Voice|p2a: Palafin\n|-activate|p2a: Palafin|move: Protect\n|move|p1b: Torkoal|Overheat|p2a: Palafin\n|-activate|p2a: Palafin|move: Protect\n|\n|-weather|none\n|upkeep\n|turn|6\n|j| acbf\n|\n|t:|1681854027\n|move|p2a: Palafin|Wave Crash|p1a: Farigiraf\n|-damage|p1a: Farigiraf|0 fnt\n|faint|p1a: Farigiraf\n|-damage|p2a: Palafin|94\/100|[from] Recoil\n|move|p1b: Torkoal|Overheat|p2a: Palafin\n|-resisted|p2a: Palafin\n|-damage|p2a: Palafin|67\/100\n|-unboost|p1b: Torkoal|spa|2\n|\n|upkeep\n|turn|7\n|-message|p00pmaster12 forfeited.\n|\n|win|dogson5\n|raw|p00pmaster12's rating: 1298 → 1275<\/strong> (-23 for losing)\n|raw|dogson5's rating: 1331 → 1349<\/strong> (+18 for winning)\n|l|\u2606p00pmaster12\n","uploadtime":1681854045,"views":7,"p1id":"p00pmaster12","p2id":"dogson5","formatid":"gen9vgc2023regulationc","rating":1275,"private":0,"password":""}