{"id":"gen9vgc2023regulationc-1847784202","p1":"supaflytnt","p2":"JayVolver","format":"[Gen 9] VGC 2023 Regulation C","log":"|j|\u2606supaflytnt\n|j|\u2606JayVolver\n|t:|1682001688\n|gametype|doubles\n|player|p1|supaflytnt|1|1072\n|player|p2|JayVolver|2|1063\n|teamsize|p1|6\n|teamsize|p2|6\n|gen|9\n|tier|[Gen 9] VGC 2023 Regulation C\n|rated|\n|rule|Species Clause: Limit one of each Pok\u00e9mon\n|rule|Item Clause: Limit one of each item\n|clearpoke\n|poke|p1|Flutter Mane, L50|\n|poke|p1|Arcanine, L50, F|\n|poke|p1|Baxcalibur, L50, F|\n|poke|p1|Palafin, L50, M|\n|poke|p1|Amoonguss, L50, M|\n|poke|p1|Kingambit, L50, M|\n|poke|p2|Grimmsnarl, L50, M|\n|poke|p2|Arcanine, L50, M|\n|poke|p2|Iron Hands, L50|\n|poke|p2|Gengar, L50, M|\n|poke|p2|Tinkaton, L50, F|\n|poke|p2|Gastrodon, L50, F|\n|teampreview|4\n|inactive|Battle timer is ON: inactive players will automatically lose when time's up. (requested by JayVolver)\n|\n|t:|1682001753\n|start\n|switch|p1a: Gucci Mane|Flutter Mane, L50, shiny|100\/100\n|switch|p1b: Noah\u2019s Ark|Arcanine, L50, F|100\/100\n|switch|p2a: Grimmsnarl|Grimmsnarl, L50, M|100\/100\n|switch|p2b: Gastrodon|Gastrodon, L50, F|100\/100\n|-ability|p1b: Noah\u2019s Ark|Intimidate|boost\n|-unboost|p2a: Grimmsnarl|atk|1\n|-unboost|p2b: Gastrodon|atk|1\n|turn|1\n|\n|t:|1682001776\n|switch|p1b: Among who?|Amoonguss, L50, M|100\/100\n|move|p2a: Grimmsnarl|Light Screen|p2a: Grimmsnarl\n|-sidestart|p2: JayVolver|move: Light Screen\n|move|p1a: Gucci Mane|Moonblast|p2a: Grimmsnarl\n|-supereffective|p2a: Grimmsnarl\n|-damage|p2a: Grimmsnarl|9\/100\n|-unboost|p2a: Grimmsnarl|spa|1\n|move|p2b: Gastrodon|Muddy Water|p1b: Among who?|[spread] p1a\n|-miss|p2b: Gastrodon|p1b: Among who?\n|-damage|p1a: Gucci Mane|72\/100\n|-unboost|p1a: Gucci Mane|accuracy|1\n|\n|upkeep\n|turn|2\n|\n|t:|1682001800\n|move|p2b: Gastrodon|Protect|p2b: Gastrodon\n|-singleturn|p2b: Gastrodon|Protect\n|move|p2a: Grimmsnarl|Parting Shot|p1a: Gucci Mane\n|-unboost|p1a: Gucci Mane|atk|1\n|-unboost|p1a: Gucci Mane|spa|1\n|\n|t:|1682001805\n|switch|p2a: Arcanine|Arcanine, L50, M|100\/100|[from] Parting Shot\n|-ability|p2a: Arcanine|Intimidate|boost\n|-unboost|p1a: Gucci Mane|atk|1\n|-unboost|p1b: Among who?|atk|1\n|move|p1a: Gucci Mane|Moonblast|p2a: Arcanine\n|-resisted|p2a: Arcanine\n|-damage|p2a: Arcanine|81\/100\n|move|p1b: Among who?|Spore|p2b: Gastrodon\n|-activate|p2b: Gastrodon|move: Protect\n|\n|upkeep\n|turn|3\n|\n|t:|1682001827\n|-end|p1a: Gucci Mane|Protosynthesis|[silent]\n|switch|p1a: Baxcalibur|Baxcalibur, L50, F|100\/100\n|-terastallize|p1b: Among who?|Water\n|move|p2a: Arcanine|Flare Blitz|p1b: Among who?\n|-resisted|p1b: Among who?\n|-damage|p1b: Among who?|72\/100\n|-damage|p2a: Arcanine|71\/100|[from] Recoil\n|move|p2b: Gastrodon|Muddy Water|p1a: Baxcalibur|[spread] p1a,p1b\n|-resisted|p1a: Baxcalibur\n|-resisted|p1b: Among who?\n|-damage|p1a: Baxcalibur|88\/100\n|-damage|p1b: Among who?|63\/100\n|move|p1b: Among who?|Spore|p2b: Gastrodon\n|-status|p2b: Gastrodon|slp|[from] move: Spore\n|\n|upkeep\n|turn|4\n|inactive|supaflytnt has 30 seconds left.\n|inactive|JayVolver has 30 seconds left.\n|\n|t:|1682001854\n|move|p2a: Arcanine|Will-O-Wisp|p1b: Among who?\n|-status|p1b: Among who?|brn\n|move|p1a: Baxcalibur|Glaive Rush|p2a: Arcanine\n|-damage|p2a: Arcanine|0 fnt\n|-singlemove|p1a: Baxcalibur|Glaive Rush|[silent]\n|faint|p2a: Arcanine\n|cant|p2b: Gastrodon|slp\n|move|p1b: Among who?|Pollen Puff|p1a: Baxcalibur\n|-heal|p1a: Baxcalibur|100\/100\n|\n|-damage|p1b: Among who?|57\/100 brn|[from] brn\n|upkeep\n|\n|t:|1682001871\n|switch|p2a: Grimmsnarl|Grimmsnarl, L50, M|9\/100\n|turn|5\n|\n|t:|1682001889\n|move|p1a: Baxcalibur|Ice Shard|p2a: Grimmsnarl\n|-damage|p2a: Grimmsnarl|0 fnt\n|faint|p2a: Grimmsnarl\n|cant|p2b: Gastrodon|slp\n|move|p1b: Among who?|Pollen Puff|p2b: Gastrodon\n|-damage|p2b: Gastrodon|89\/100 slp\n|\n|-heal|p2b: Gastrodon|95\/100 slp|[from] item: Leftovers\n|-damage|p1b: Among who?|51\/100 brn|[from] brn\n|upkeep\n|\n|t:|1682001901\n|switch|p2a: Tinkaton|Tinkaton, L50, F|100\/100\n|-ability|p2a: Tinkaton|Mold Breaker\n|turn|6\n|\n|t:|1682001916\n|move|p1a: Baxcalibur|Protect|p1a: Baxcalibur\n|-singleturn|p1a: Baxcalibur|Protect\n|move|p2a: Tinkaton|Fake Out|p1b: Among who?\n|-damage|p1b: Among who?|43\/100 brn\n|cant|p2b: Gastrodon|slp\n|cant|p1b: Among who?|flinch\n|\n|-heal|p2b: Gastrodon|100\/100 slp|[from] item: Leftovers\n|-damage|p1b: Among who?|37\/100 brn|[from] brn\n|upkeep\n|turn|7\n|inactive|supaflytnt has 30 seconds left.\n|\n|t:|1682001945\n|move|p1b: Among who?|Rage Powder|p1b: Among who?\n|-singleturn|p1b: Among who?|move: Rage Powder\n|move|p2a: Tinkaton|Knock Off|p1b: Among who?\n|-damage|p1b: Among who?|21\/100 brn\n|-enditem|p1b: Among who?|Mental Herb|[from] move: Knock Off|[of] p2a: Tinkaton\n|move|p1a: Baxcalibur|Glaive Rush|p2b: Gastrodon\n|-damage|p2b: Gastrodon|25\/100 slp\n|-singlemove|p1a: Baxcalibur|Glaive Rush|[silent]\n|-curestatus|p2b: Gastrodon|slp|[msg]\n|move|p2b: Gastrodon|Earth Power|p1b: Among who?\n|-damage|p1b: Among who?|0 fnt\n|faint|p1b: Among who?\n|\n|-heal|p2b: Gastrodon|32\/100|[from] item: Leftovers\n|upkeep\n|\n|t:|1682001959\n|switch|p1b: Noah\u2019s Ark|Arcanine, L50, F|100\/100\n|-ability|p1b: Noah\u2019s Ark|Intimidate|boost\n|-unboost|p2a: Tinkaton|atk|1\n|-unboost|p2b: Gastrodon|atk|1\n|turn|8\n|\n|t:|1682001977\n|-terastallize|p2a: Tinkaton|Fairy\n|move|p1b: Noah\u2019s Ark|Protect|p1b: Noah\u2019s Ark\n|-singleturn|p1b: Noah\u2019s Ark|Protect\n|move|p1a: Baxcalibur|Protect|p1a: Baxcalibur\n|-singleturn|p1a: Baxcalibur|Protect\n|move|p2b: Gastrodon|Protect|p2b: Gastrodon\n|-singleturn|p2b: Gastrodon|Protect\n|move|p2a: Tinkaton|Gigaton Hammer|p1a: Baxcalibur\n|-activate|p1a: Baxcalibur|move: Protect\n|\n|-heal|p2b: Gastrodon|38\/100|[from] item: Leftovers\n|-sideend|p2: JayVolver|move: Light Screen\n|upkeep\n|turn|9\n|\n|t:|1682002000\n|move|p1b: Noah\u2019s Ark|Will-O-Wisp|p2a: Tinkaton\n|-status|p2a: Tinkaton|brn\n|move|p2a: Tinkaton|Play Rough|p1a: Baxcalibur\n|-supereffective|p1a: Baxcalibur\n|-damage|p1a: Baxcalibur|81\/100\n|move|p1a: Baxcalibur|Icicle Spear|p2b: Gastrodon\n|-damage|p2b: Gastrodon|23\/100\n|-damage|p2b: Gastrodon|7\/100\n|-damage|p2b: Gastrodon|0 fnt\n|faint|p2b: Gastrodon\n|-hitcount|p2: Gastrodon|3\n|\n|-damage|p2a: Tinkaton|95\/100 brn|[from] brn\n|upkeep\n|turn|10\n|\n|t:|1682002017\n|move|p1a: Baxcalibur|Protect|p1a: Baxcalibur\n|-singleturn|p1a: Baxcalibur|Protect\n|move|p1b: Noah\u2019s Ark|Flare Blitz|p2a: Tinkaton\n|-damage|p2a: Tinkaton|42\/100 brn\n|-damage|p1b: Noah\u2019s Ark|81\/100|[from] Recoil\n|move|p2a: Tinkaton|Gigaton Hammer|p1a: Baxcalibur\n|-activate|p1a: Baxcalibur|move: Protect\n|\n|-damage|p2a: Tinkaton|36\/100 brn|[from] brn\n|upkeep\n|turn|11\n|\n|t:|1682002031\n|move|p1b: Noah\u2019s Ark|Flare Blitz|p2a: Tinkaton\n|-damage|p2a: Tinkaton|0 fnt\n|faint|p2a: Tinkaton\n|-damage|p1b: Noah\u2019s Ark|69\/100|[from] Recoil\n|\n|win|supaflytnt\n|raw|supaflytnt's rating: 1072 → 1100<\/strong> (+28 for winning)\n|raw|JayVolver's rating: 1063 → 1044<\/strong> (-19 for losing)\n|c|\u2606supaflytnt|Gg\n|l|\u2606JayVolver\n","uploadtime":1682002199,"views":11,"p1id":"supaflytnt","p2id":"jayvolver","formatid":"gen9vgc2023regulationc","rating":1044,"private":0,"password":""}