{"id":"gen9vgc2023regulationc-1851466860","p1":"12donau","p2":"gianniking","format":"[Gen 9] VGC 2023 Regulation C","log":"|j|\u260612donau\n|j|\u2606gianniking\n|t:|1682447473\n|gametype|doubles\n|player|p1|12donau|266|1186\n|player|p2|gianniking|169|1224\n|teamsize|p1|6\n|teamsize|p2|6\n|gen|9\n|tier|[Gen 9] VGC 2023 Regulation C\n|rated|\n|rule|Species Clause: Limit one of each Pok\u00e9mon\n|rule|Item Clause: Limit one of each item\n|clearpoke\n|poke|p1|Kingambit, L50, F|\n|poke|p1|Hydreigon, L50, M|\n|poke|p1|Azumarill, L50, F|\n|poke|p1|Maushold, L50|\n|poke|p1|Annihilape, L50, F|\n|poke|p1|Dudunsparce-*, L50, M|\n|poke|p2|Annihilape, L50, M|\n|poke|p2|Maushold, L50|\n|poke|p2|Corviknight, L50, F|\n|poke|p2|Gholdengo, L50|\n|poke|p2|Gastrodon, L50, F|\n|poke|p2|Ting-Lu, L50|\n|teampreview|4\ngianniking has agreed to open team sheets.\n|\n|t:|1682447516\n|start\n|switch|p1a: Maushold|Maushold, L50|100\/100\n|switch|p1b: Dudunsparce|Dudunsparce, L50, M|100\/100\n|switch|p2a: Annihilape|Annihilape, L50, M|100\/100\n|switch|p2b: Maushold|Maushold, L50|100\/100\n|turn|1\n|\n|t:|1682447534\n|-terastallize|p1b: Dudunsparce|Psychic\n|move|p2b: Maushold|Taunt|p1a: Maushold\n|-start|p1a: Maushold|move: Taunt\n|move|p1a: Maushold|Beat Up|p1b: Dudunsparce\n|-supereffective|p1b: Dudunsparce\n|-damage|p1b: Dudunsparce|98\/100\n|-ability|p1b: Dudunsparce|Rattled|boost\n|-boost|p1b: Dudunsparce|spe|1\n|-enditem|p1b: Dudunsparce|Weakness Policy\n|-boost|p1b: Dudunsparce|atk|2|[from] item: Weakness Policy\n|-boost|p1b: Dudunsparce|spa|2|[from] item: Weakness Policy\n|-supereffective|p1b: Dudunsparce\n|-damage|p1b: Dudunsparce|94\/100\n|-ability|p1b: Dudunsparce|Rattled|boost\n|-boost|p1b: Dudunsparce|spe|1\n|-supereffective|p1b: Dudunsparce\n|-crit|p1b: Dudunsparce\n|-damage|p1b: Dudunsparce|90\/100\n|-ability|p1b: Dudunsparce|Rattled|boost\n|-boost|p1b: Dudunsparce|spe|1\n|-supereffective|p1b: Dudunsparce\n|-damage|p1b: Dudunsparce|86\/100\n|-ability|p1b: Dudunsparce|Rattled|boost\n|-boost|p1b: Dudunsparce|spe|1\n|-hitcount|p1b: Dudunsparce|4\n|move|p1b: Dudunsparce|Stored Power|p2a: Annihilape\n|-supereffective|p2a: Annihilape\n|-damage|p2a: Annihilape|0 fnt\n|faint|p2a: Annihilape\n|\n|upkeep\n|\n|t:|1682447573\n|switch|p2a: Corviknight|Corviknight, L50, F|100\/100\n|turn|2\n|\n|t:|1682447589\n|move|p1b: Dudunsparce|Protect|p1b: Dudunsparce\n|-singleturn|p1b: Dudunsparce|Protect\n|move|p2b: Maushold|Follow Me|p2b: Maushold\n|-singleturn|p2b: Maushold|move: Follow Me\n|move|p1a: Maushold|Super Fang|p2b: Maushold\n|-damage|p2b: Maushold|51\/100\n|move|p2a: Corviknight|Tailwind|p2a: Corviknight\n|-sidestart|p2: gianniking|move: Tailwind\n|\n|upkeep\n|turn|3\n|\n|t:|1682447605\n|move|p2b: Maushold|Follow Me|p2b: Maushold\n|-singleturn|p2b: Maushold|move: Follow Me\n|move|p1b: Dudunsparce|Stored Power|p2b: Maushold\n|-damage|p2b: Maushold|0 fnt\n|faint|p2b: Maushold\n|move|p1a: Maushold|Super Fang|p2a: Corviknight\n|-damage|p2a: Corviknight|51\/100\n|move|p2a: Corviknight|Brave Bird|p1b: Dudunsparce\n|-damage|p1b: Dudunsparce|55\/100\n|-damage|p2a: Corviknight|40\/100|[from] Recoil\n|-enditem|p2a: Corviknight|Sitrus Berry|[eat]\n|-heal|p2a: Corviknight|65\/100|[from] item: Sitrus Berry\n|\n|-end|p1a: Maushold|move: Taunt\n|upkeep\n|\n|t:|1682447618\n|switch|p2b: Gastrodon|Gastrodon, L50, F|100\/100\n|turn|4\n|\n|t:|1682447648\n|move|p1a: Maushold|Follow Me|p1a: Maushold\n|-singleturn|p1a: Maushold|move: Follow Me\n|move|p1b: Dudunsparce|Stored Power|p2b: Gastrodon\n|-damage|p2b: Gastrodon|0 fnt\n|faint|p2b: Gastrodon\n|move|p2a: Corviknight|Roost|p2a: Corviknight\n|-heal|p2a: Corviknight|100\/100\n|-singleturn|p2a: Corviknight|move: Roost\n|\n|upkeep\n|turn|5\n|\n|t:|1682447668\n|move|p1a: Maushold|Follow Me|p1a: Maushold\n|-singleturn|p1a: Maushold|move: Follow Me\n|move|p1b: Dudunsparce|Stored Power|p2a: Corviknight\n|-resisted|p2a: Corviknight\n|-damage|p2a: Corviknight|27\/100\n|move|p2a: Corviknight|Brave Bird|p1a: Maushold\n|-crit|p1a: Maushold\n|-damage|p1a: Maushold|27\/100\n|-damage|p2a: Corviknight|6\/100|[from] Recoil\n|\n|-sideend|p2: gianniking|move: Tailwind\n|upkeep\n|turn|6\n|c|\u260612donau|gg\n|c|\u260612donau|just forfeit\n|c|\u2606gianniking|no sense\n|c|\u2606gianniking|game is on open list\n|c|\u2606gianniking|you win only on shodown\n|c|\u2606gianniking|bravo\n|c|\u260612donau|i wouldve beaten you otherwhise aswell\n|c|\u260612donau|corviknight is a shitty mon\n|c|\u260612donau|just sits there\n|c|\u260612donau|gastrodon is too slow for tr\n|c|\u260612donau|tailwind*\n|inactive|Battle timer is ON: inactive players will automatically lose when time's up. (requested by 12donau)\n|c|\u2606gianniking|ting lu is out\n|c|\u260612donau|why arent you clicking a move\n|c|\u2606gianniking|meta is full of dark pokmn\n|c|\u260612donau|ting lu would get bodied by azu\n|inactive|gianniking has 60 seconds left.\n|c|\u2606gianniking|ok\n|c|\u260612donau|i can baton pass\n|c|\u2606gianniking|if you happy wish we all happy\n|inactive|gianniking has 30 seconds left.\n|c|\u260612donau|i can kill it with ice beam\n|\n|t:|1682447908\n|move|p1a: Maushold|Protect|p1a: Maushold\n|-singleturn|p1a: Maushold|Protect\n|move|p1b: Dudunsparce|Baton Pass|p1b: Dudunsparce\n|\n|t:|1682447911\n|switch|p1b: Azumarill|Azumarill, L50, F|100\/100|[from] Baton Pass\n|move|p2a: Corviknight|Body Press|p1a: Maushold\n|-activate|p1a: Maushold|move: Protect\n|\n|upkeep\n|turn|7\n|c|\u260612donau|too easy\n|\n|t:|1682447922\n|switch|p1a: Annihilape|Annihilape, L50, F|100\/100\n|move|p1b: Azumarill|Aqua Jet|p2a: Corviknight\n|-damage|p2a: Corviknight|0 fnt\n|faint|p2a: Corviknight\n|\n|win|12donau\n|raw|12donau's rating: 1186 → 1214<\/strong> (+28 for winning)\n|raw|gianniking's rating: 1224 → 1196<\/strong> (-28 for losing)\n|c|\u260612donau|gg\n|c|\u260612donau|salty\n","uploadtime":1682447938,"views":8,"p1id":"12donau","p2id":"gianniking","formatid":"gen9vgc2023regulationc","rating":1196,"private":0,"password":""}