{"id":"gen9vgc2023regulationc-1852341187","p1":"BenjThaGoat","p2":"cowboy boot killer","format":"[Gen 9] VGC 2023 Regulation C","log":"|j|\u2606BenjThaGoat\n|j|\u2606cowboy boot killer\n|t:|1682545928\n|gametype|doubles\n|player|p1|BenjThaGoat|2|1105\n|player|p2|cowboy boot killer|266|1179\n|teamsize|p1|6\n|teamsize|p2|6\n|gen|9\n|tier|[Gen 9] VGC 2023 Regulation C\n|rated|\n|rule|Species Clause: Limit one of each Pok\u00e9mon\n|rule|Item Clause: Limit one of each item\n|clearpoke\n|poke|p1|Scream Tail, L50|\n|poke|p1|Gothitelle, L50, F|\n|poke|p1|Arcanine, L50, M|\n|poke|p1|Amoonguss, L50, M|\n|poke|p1|Flutter Mane, L50|\n|poke|p1|Palafin, L50, F|\n|poke|p2|Espathra, L50, M|\n|poke|p2|Toedscruel, L50, M|\n|poke|p2|Forretress, L50, F|\n|poke|p2|Salamence, L50, F|\n|poke|p2|Rotom-Mow, L50|\n|poke|p2|Ting-Lu, L50|\n|teampreview|4\n|inactive|Battle timer is ON: inactive players will automatically lose when time's up. (requested by cowboy boot killer)\n|\n|t:|1682545951\n|start\n|switch|p1a: Scream Tail|Scream Tail, L50|100\/100\n|switch|p1b: Palafin|Palafin, L50, F|100\/100\n|switch|p2a: Espathra|Espathra, L50, M|100\/100\n|switch|p2b: Toedscruel|Toedscruel, L50, M|100\/100\n|-enditem|p1a: Scream Tail|Booster Energy\n|-activate|p1a: Scream Tail|ability: Protosynthesis|[fromitem]\n|-start|p1a: Scream Tail|protosynthesisspe\n|turn|1\n|\n|t:|1682545965\n|detailschange|p1b: Palafin|Palafin-Hero, L50, F\n|switch|p1b: Gothitelle|Gothitelle, L50, F|100\/100\n|move|p1a: Scream Tail|Perish Song|p1a: Scream Tail\n|-start|p1a: Scream Tail|perish3|[silent]\n|-start|p1b: Gothitelle|perish3|[silent]\n|-start|p2a: Espathra|perish3|[silent]\n|-start|p2b: Toedscruel|perish3|[silent]\n|-fieldactivate|move: Perish Song\n|move|p2a: Espathra|Skill Swap|p2b: Toedscruel\n|-activate|p2a: Espathra|move: Skill Swap|||[of] p2b: Toedscruel\n|move|p2b: Toedscruel|Spore|p1b: Gothitelle\n|-status|p1b: Gothitelle|slp|[from] move: Spore\n|\n|-start|p1a: Scream Tail|perish3\n|-start|p2a: Espathra|perish3\n|-start|p2b: Toedscruel|perish3\n|-start|p1b: Gothitelle|perish3\n|-ability|p2b: Toedscruel|Speed Boost|boost\n|-boost|p2b: Toedscruel|spe|1\n|upkeep\n|turn|2\n|\n|t:|1682545987\n|cant|p1b: Gothitelle|slp\n|move|p1a: Scream Tail|Disable|p2b: Toedscruel\n|-start|p2b: Toedscruel|Disable|Spore\n|cant|p2b: Toedscruel|Disable|Spore\n|move|p2a: Espathra|Dazzling Gleam|p1a: Scream Tail|[spread] p1a,p1b\n|-damage|p1a: Scream Tail|87\/100\n|-damage|p1b: Gothitelle|86\/100 slp\n|\n|-start|p1a: Scream Tail|perish2\n|-start|p2b: Toedscruel|perish2\n|-start|p2a: Espathra|perish2\n|-start|p1b: Gothitelle|perish2\n|-ability|p2b: Toedscruel|Speed Boost|boost\n|-boost|p2b: Toedscruel|spe|1\n|upkeep\n|turn|3\n|\n|t:|1682546005\n|move|p2b: Toedscruel|Protect|p2b: Toedscruel\n|-singleturn|p2b: Toedscruel|Protect\n|move|p1a: Scream Tail|Protect|p1a: Scream Tail\n|-singleturn|p1a: Scream Tail|Protect\n|cant|p1b: Gothitelle|slp\n|move|p2a: Espathra|Skill Swap|p1b: Gothitelle\n|-activate|p2a: Espathra|move: Skill Swap|Shadow Tag|Mycelium Might|[of] p1b: Gothitelle\n|\n|-start|p2b: Toedscruel|perish1\n|-start|p1a: Scream Tail|perish1\n|-start|p2a: Espathra|perish1\n|-start|p1b: Gothitelle|perish1\n|-ability|p2b: Toedscruel|Speed Boost|boost\n|-boost|p2b: Toedscruel|spe|1\n|upkeep\n|turn|4\n|\n|t:|1682546028\n|switch|p2b: Forretress|Forretress, L50, F|100\/100\n|switch|p2a: Rotom|Rotom-Mow, L50|100\/100\n|move|p1a: Scream Tail|Protect||[still]\n|-fail|p1a: Scream Tail\n|-curestatus|p1b: Gothitelle|slp|[msg]\n|move|p1b: Gothitelle|Protect||[still]\n|-fail|p1b: Gothitelle\n|\n|-start|p1a: Scream Tail|perish0\n|-start|p1b: Gothitelle|perish0\n|upkeep\n|faint|p1a: Scream Tail\n|-end|p1a: Scream Tail|Protosynthesis|[silent]\n|faint|p1b: Gothitelle\n|c|\u2606cowboy boot killer|owned\n|c|\u2606BenjThaGoat|LMFAO\n|c|\u2606cowboy boot killer|lol\n|\n|t:|1682546049\n|switch|p1a: Palafin|Palafin-Hero, L50, F|100\/100\n|switch|p1b: Arcanine|Arcanine, L50, M|100\/100\n|-ability|p1b: Arcanine|Intimidate|boost\n|-unboost|p2a: Rotom|atk|1\n|-unboost|p2b: Forretress|atk|1\n|-activate|p1a: Palafin|ability: Zero to Hero\n|turn|5\n|\n|t:|1682546073\n|-terastallize|p1b: Arcanine|Normal\n|-terastallize|p2b: Forretress|Ghost\n|move|p1b: Arcanine|Flare Blitz|p2a: Rotom\n|-supereffective|p2a: Rotom\n|-damage|p2a: Rotom|0 fnt\n|faint|p2a: Rotom\n|-damage|p1b: Arcanine|77\/100|[from] Recoil\n|move|p1a: Palafin|Close Combat|p2b: Forretress\n|-immune|p2b: Forretress\n|move|p2b: Forretress|Curse|p1b: Arcanine\n|-start|p1b: Arcanine|Curse|[of] p2b: Forretress\n|-damage|p2b: Forretress|50\/100\n|\n|-damage|p1b: Arcanine|52\/100|[from] Curse\n|upkeep\n|\n|t:|1682546090\n|switch|p2a: Espathra|Espathra, L50, M|100\/100\n|turn|6\n|\n|t:|1682546099\n|switch|p2b: Toedscruel|Toedscruel, L50, M|100\/100\n|move|p1b: Arcanine|Extreme Speed|p2a: Espathra\n|-damage|p2a: Espathra|46\/100\n|move|p2a: Espathra|Skill Swap|p2b: Toedscruel\n|-activate|p2a: Espathra|move: Skill Swap|||[of] p2b: Toedscruel\n|move|p1a: Palafin|Wave Crash|p2a: Espathra\n|-damage|p2a: Espathra|0 fnt\n|faint|p2a: Espathra\n|-damage|p1a: Palafin|88\/100|[from] Recoil\n|\n|-damage|p1b: Arcanine|27\/100|[from] Curse\n|upkeep\n|\n|t:|1682546109\n|switch|p2a: Forretress|Forretress, L50, F, tera:Ghost|50\/100\n|turn|7\n|\n|t:|1682546132\n|move|p2b: Toedscruel|Protect|p2b: Toedscruel\n|-singleturn|p2b: Toedscruel|Protect\n|move|p1b: Arcanine|Flare Blitz|p2a: Forretress\n|-damage|p2a: Forretress|13\/100\n|-damage|p1b: Arcanine|13\/100|[from] Recoil\n|move|p1a: Palafin|Close Combat|p2b: Toedscruel\n|-activate|p2b: Toedscruel|move: Protect\n|move|p2a: Forretress|Pin Missile|p1a: Palafin\n|-damage|p1a: Palafin|80\/100\n|-damage|p1a: Palafin|73\/100\n|-damage|p1a: Palafin|65\/100\n|-damage|p1a: Palafin|56\/100\n|-hitcount|p1a: Palafin|4\n|\n|-damage|p1b: Arcanine|0 fnt|[from] Curse\n|faint|p1b: Arcanine\n|-ability|p2b: Toedscruel|Speed Boost|boost\n|-boost|p2b: Toedscruel|spe|1\n|upkeep\n|turn|8\n|\n|t:|1682546153\n|move|p1a: Palafin|Jet Punch|p2a: Forretress\n|-damage|p2a: Forretress|0 fnt\n|faint|p2a: Forretress\n|move|p2b: Toedscruel|Spore|p1a: Palafin\n|-status|p1a: Palafin|slp|[from] move: Spore\n|\n|-ability|p2b: Toedscruel|Speed Boost|boost\n|-boost|p2b: Toedscruel|spe|1\n|upkeep\n|turn|9\n|\n|t:|1682546162\n|cant|p1a: Palafin|slp\n|move|p2b: Toedscruel|Earth Power|p1a: Palafin\n|-damage|p1a: Palafin|30\/100 slp\n|\n|-ability|p2b: Toedscruel|Speed Boost|boost\n|-boost|p2b: Toedscruel|spe|1\n|upkeep\n|turn|10\n|\n|t:|1682546171\n|cant|p1a: Palafin|slp\n|move|p2b: Toedscruel|Earth Power|p1a: Palafin\n|-damage|p1a: Palafin|6\/100 slp\n|\n|-ability|p2b: Toedscruel|Speed Boost|boost\n|-boost|p2b: Toedscruel|spe|1\n|upkeep\n|turn|11\n|\n|t:|1682546179\n|cant|p1a: Palafin|slp\n|move|p2b: Toedscruel|Spore|p1a: Palafin\n|-fail|p1a: Palafin|slp\n|\n|-ability|p2b: Toedscruel|Speed Boost|boost\n|-boost|p2b: Toedscruel|spe|1\n|upkeep\n|turn|12\n|c|\u2606cowboy boot killer|gg that was cool\n|\n|t:|1682546194\n|-curestatus|p1a: Palafin|slp|[msg]\n|move|p1a: Palafin|Jet Punch|p2b: Toedscruel\n|-damage|p2b: Toedscruel|45\/100\n|move|p2b: Toedscruel|Earth Power|p1a: Palafin\n|-damage|p1a: Palafin|0 fnt\n|faint|p1a: Palafin\n|\n|win|cowboy boot killer\n|raw|BenjThaGoat's rating: 1105 → 1085<\/strong> (-20 for losing)\n|raw|cowboy boot killer's rating: 1179 → 1199<\/strong> (+20 for winning)\n","uploadtime":1682546208,"views":20,"p1id":"benjthagoat","p2id":"cowboybootkiller","formatid":"gen9vgc2023regulationc","rating":1085,"private":0,"password":""}