{"id":"gen9vgc2023regulationc-1855708112","p1":"skuchi4","p2":"il_turco03","format":"[Gen 9] VGC 2023 Regulation C","log":"|j|\u2606skuchi4\n|j|\u2606il_turco03\n|t:|1682975336\n|gametype|doubles\n|player|p1|skuchi4|clair|1139\n|player|p2|il_turco03|palmer|1134\n|teamsize|p1|6\n|teamsize|p2|6\n|gen|9\n|tier|[Gen 9] VGC 2023 Regulation C\n|rated|\n|rule|Species Clause: Limit one of each Pok\u00e9mon\n|rule|Item Clause: Limit one of each item\n|clearpoke\n|poke|p1|Amoonguss, L50, F|\n|poke|p1|Dragonite, L50, F|\n|poke|p1|Arcanine, L50, M|\n|poke|p1|Palafin, L50, F|\n|poke|p1|Magnezone, L50|\n|poke|p1|Annihilape, L50, M|\n|poke|p2|Maushold-Four, L50|\n|poke|p2|Annihilape, L50, M|\n|poke|p2|Kingambit, L50, F|\n|poke|p2|Palafin, L50, M|\n|poke|p2|Amoonguss, L50, M|\n|poke|p2|Flutter Mane, L50|\n|teampreview|4\n|inactive|Battle timer is ON: inactive players will automatically lose when time's up. (requested by il_turco03)\n|inactive|il_turco03 has 60 seconds left.\n|inactive|il_turco03 has 30 seconds left.\n|inactive|il_turco03 has 20 seconds left.\n|inactive|il_turco03 has 15 seconds left.\n|\n|t:|1682975411\n|start\n|switch|p1a: Amoonguss|Amoonguss, L50, F|100\/100\n|switch|p1b: Magnezone|Magnezone, L50|100\/100\n|switch|p2a: Palafin|Palafin, L50, M|100\/100\n|switch|p2b: Flutter Mane|Flutter Mane, L50|100\/100\n|-enditem|p2b: Flutter Mane|Booster Energy\n|-activate|p2b: Flutter Mane|ability: Protosynthesis|[fromitem]\n|-start|p2b: Flutter Mane|protosynthesisspa\n|turn|1\n|inactive|il_turco03 has 30 seconds left.\n|inactive|il_turco03 has 20 seconds left.\n|inactive|il_turco03 has 15 seconds left.\n|inactive|il_turco03 has 10 seconds left.\n|inactive|il_turco03 has 5 seconds left.\n|\n|t:|1682975464\n|detailschange|p2a: Palafin|Palafin-Hero, L50, M\n|switch|p2a: Kingambit|Kingambit, L50, F|100\/100\n|move|p2b: Flutter Mane|Protect|p2b: Flutter Mane\n|-singleturn|p2b: Flutter Mane|Protect\n|move|p1b: Magnezone|Flash Cannon|p2b: Flutter Mane\n|-activate|p2b: Flutter Mane|move: Protect\n|move|p1a: Amoonguss|Energy Ball|p2a: Kingambit\n|-resisted|p2a: Kingambit\n|-damage|p2a: Kingambit|87\/100\n|\n|upkeep\n|turn|2\n|inactive|skuchi4 has 30 seconds left.\n|inactive|il_turco03 has 30 seconds left.\n|\n|t:|1682975497\n|move|p1a: Amoonguss|Protect|p1a: Amoonguss\n|-singleturn|p1a: Amoonguss|Protect\n|move|p2b: Flutter Mane|Shadow Ball|p1b: Magnezone\n|-crit|p1b: Magnezone\n|-damage|p1b: Magnezone|2\/100\n|move|p1b: Magnezone|Flash Cannon|p2b: Flutter Mane\n|-supereffective|p2b: Flutter Mane\n|-damage|p2b: Flutter Mane|0 fnt\n|faint|p2b: Flutter Mane\n|-end|p2b: Flutter Mane|Protosynthesis|[silent]\n|move|p2a: Kingambit|Kowtow Cleave|p1b: Magnezone\n|-damage|p1b: Magnezone|0 fnt\n|faint|p1b: Magnezone\n|\n|upkeep\n|\n|t:|1682975512\n|switch|p2b: Amoonguss|Amoonguss, L50, M|100\/100\n|switch|p1b: Annihilape|Annihilape, L50, M|100\/100\n|turn|3\n|\n|t:|1682975535\n|-terastallize|p1b: Annihilape|Fire\n|move|p2a: Kingambit|Protect|p2a: Kingambit\n|-singleturn|p2a: Kingambit|Protect\n|move|p1b: Annihilape|Fire Punch|p2b: Amoonguss\n|-supereffective|p2b: Amoonguss\n|-damage|p2b: Amoonguss|41\/100\n|-damage|p1b: Annihilape|84\/100|[from] item: Rocky Helmet|[of] p2b: Amoonguss\n|move|p2b: Amoonguss|Spore|p1b: Annihilape\n|-activate|p1b: Annihilape|item: Safety Goggles|Spore\n|move|p1a: Amoonguss|Pollen Puff|p1b: Annihilape\n|-heal|p1b: Annihilape|100\/100\n|\n|upkeep\n|turn|4\n|inactive|skuchi4 has 30 seconds left.\n|inactive|il_turco03 has 30 seconds left.\n|inactive|il_turco03 has 20 seconds left.\n|\n|t:|1682975571\n|-terastallize|p2b: Amoonguss|Water\n|move|p2b: Amoonguss|Rage Powder|p2b: Amoonguss\n|-singleturn|p2b: Amoonguss|move: Rage Powder\n|move|p1a: Amoonguss|Rage Powder|p1a: Amoonguss\n|-singleturn|p1a: Amoonguss|move: Rage Powder\n|move|p2a: Kingambit|Sucker Punch||[still]\n|-fail|p2a: Kingambit\n|move|p1b: Annihilape|Drain Punch|p2a: Kingambit\n|-supereffective|p2a: Kingambit\n|-damage|p2a: Kingambit|0 fnt\n|faint|p2a: Kingambit\n|\n|upkeep\n|\n|t:|1682975582\n|switch|p2a: Palafin|Palafin-Hero, L50, M|100\/100\n|-activate|p2a: Palafin|ability: Zero to Hero\n|turn|5\n|\n|t:|1682975605\n|move|p1a: Amoonguss|Rage Powder|p1a: Amoonguss\n|-singleturn|p1a: Amoonguss|move: Rage Powder\n|move|p2a: Palafin|Jet Punch|p1a: Amoonguss\n|-resisted|p1a: Amoonguss\n|-damage|p1a: Amoonguss|81\/100\n|move|p1b: Annihilape|Drain Punch|p2a: Palafin\n|-damage|p2a: Palafin|67\/100\n|move|p2b: Amoonguss|Pollen Puff|p1a: Amoonguss\n|-damage|p1a: Amoonguss|66\/100\n|\n|-heal|p1a: Amoonguss|72\/100|[from] item: Leftovers\n|upkeep\n|turn|6\n|\n|t:|1682975626\n|move|p2a: Palafin|Wave Crash|p1b: Annihilape\n|-supereffective|p1b: Annihilape\n|-damage|p1b: Annihilape|0 fnt\n|faint|p1b: Annihilape\n|-damage|p2a: Palafin|32\/100|[from] Recoil\n|move|p2b: Amoonguss|Pollen Puff|p2a: Palafin\n|-heal|p2a: Palafin|82\/100\n|move|p1a: Amoonguss|Pollen Puff|p1: Annihilape|[notarget]\n|-fail|p1a: Amoonguss\n|\n|-heal|p1a: Amoonguss|78\/100|[from] item: Leftovers\n|upkeep\n|\n|t:|1682975639\n|switch|p1b: Dragonite|Dragonite, L50, F|100\/100\n|turn|7\n|\n|t:|1682975653\n|move|p1b: Dragonite|Extreme Speed|p2b: Amoonguss\n|-damage|p2b: Amoonguss|19\/100\n|-damage|p1b: Dragonite|84\/100|[from] item: Rocky Helmet|[of] p2b: Amoonguss\n|move|p2a: Palafin|Wave Crash|p1b: Dragonite\n|-resisted|p1b: Dragonite\n|-damage|p1b: Dragonite|38\/100\n|-damage|p2a: Palafin|67\/100|[from] Recoil\n|move|p2b: Amoonguss|Spore|p1b: Dragonite\n|-status|p1b: Dragonite|slp|[from] move: Spore\n|-enditem|p1b: Dragonite|Lum Berry|[eat]\n|-curestatus|p1b: Dragonite|slp|[msg]\n|move|p1a: Amoonguss|Energy Ball|p2b: Amoonguss\n|-supereffective|p2b: Amoonguss\n|-damage|p2b: Amoonguss|0 fnt\n|faint|p2b: Amoonguss\n|\n|-heal|p1a: Amoonguss|84\/100|[from] item: Leftovers\n|upkeep\n|turn|8\n|inactive|il_turco03 has 30 seconds left.\n|\n|t:|1682975682\n|move|p1a: Amoonguss|Rage Powder|p1a: Amoonguss\n|-singleturn|p1a: Amoonguss|move: Rage Powder\n|move|p2a: Palafin|Jet Punch|p1a: Amoonguss\n|-resisted|p1a: Amoonguss\n|-damage|p1a: Amoonguss|63\/100\n|move|p1b: Dragonite|Dragon Dance|p1b: Dragonite\n|-boost|p1b: Dragonite|atk|1\n|-boost|p1b: Dragonite|spe|1\n|\n|-heal|p1a: Amoonguss|69\/100|[from] item: Leftovers\n|upkeep\n|turn|9\n|\n|t:|1682975695\n|move|p1b: Dragonite|Extreme Speed|p2a: Palafin\n|-damage|p2a: Palafin|27\/100\n|move|p1a: Amoonguss|Rage Powder|p1a: Amoonguss\n|-singleturn|p1a: Amoonguss|move: Rage Powder\n|move|p2a: Palafin|Haze|p2a: Palafin\n|-clearallboost\n|\n|-heal|p1a: Amoonguss|75\/100|[from] item: Leftovers\n|upkeep\n|turn|10\n|\n|t:|1682975706\n|move|p1b: Dragonite|Extreme Speed|p2a: Palafin\n|-damage|p2a: Palafin|0 fnt\n|faint|p2a: Palafin\n|\n|win|skuchi4\n|raw|skuchi4's rating: 1139 → 1164<\/strong> (+25 for winning)\n|raw|il_turco03's rating: 1134 → 1109<\/strong> (-25 for losing)\n","uploadtime":1682975713,"views":14,"p1id":"skuchi4","p2id":"ilturco03","formatid":"gen9vgc2023regulationc","rating":1109,"private":0,"password":""}