{"id":"gen9vgc2023regulationc-1860411515","p1":"esotilin123456","p2":"NaecheVGC","format":"[Gen 9] VGC 2023 Regulation C","log":"|j|\u2606esotilin123456\n|j|\u2606NaecheVGC\n|t:|1683641898\n|gametype|doubles\n|player|p1|esotilin123456|hilbert-wonderlauncher|1559\n|player|p2|NaecheVGC|nate|1501\n|teamsize|p1|6\n|teamsize|p2|6\n|gen|9\n|tier|[Gen 9] VGC 2023 Regulation C\n|rated|\n|rule|Species Clause: Limit one of each Pok\u00e9mon\n|rule|Item Clause: Limit one of each item\n|clearpoke\n|poke|p1|Tyranitar, L50, M|\n|poke|p1|Corviknight, L50, M|\n|poke|p1|Salamence, L50, F|\n|poke|p1|Arcanine, L50, M|\n|poke|p1|Gastrodon, L50, F|\n|poke|p1|Rotom-Mow, L50|\n|poke|p2|Bronzong, L50|\n|poke|p2|Flutter Mane, L50|\n|poke|p2|Ting-Lu, L50|\n|poke|p2|Iron Hands, L50|\n|poke|p2|Amoonguss, L50, M|\n|poke|p2|Rotom-Heat, L50|\n|teampreview|4\n|inactive|Battle timer is ON: inactive players will automatically lose when time's up. (requested by NaecheVGC)\n|inactive|esotilin123456 has 60 seconds left.\n|inactive|esotilin123456 has 30 seconds left.\n|\n|t:|1683641962\n|start\n|switch|p1a: good boi|Arcanine, L50, M|100\/100\n|switch|p1b: GROHAHSHSHSH|Gastrodon, L50, F|100\/100\n|switch|p2a: Trick Roominator|Bronzong, L50|100\/100\n|switch|p2b: Patty Cake|Iron Hands, L50|100\/100\n|-ability|p1a: good boi|Intimidate|boost\n|-unboost|p2a: Trick Roominator|atk|1\n|-unboost|p2b: Patty Cake|atk|1\n|turn|1\n|\n|t:|1683641980\n|-terastallize|p2a: Trick Roominator|Water\n|move|p2b: Patty Cake|Fake Out|p1a: good boi\n|-damage|p1a: good boi|89\/100\n|cant|p1a: good boi|flinch\n|move|p1b: GROHAHSHSHSH|Earth Power|p2b: Patty Cake\n|-supereffective|p2b: Patty Cake\n|-damage|p2b: Patty Cake|64\/100\n|move|p2a: Trick Roominator|Trick Room|p2a: Trick Roominator\n|-fieldstart|move: Trick Room|[of] p2a: Trick Roominator\n|\n|upkeep\n|turn|2\n|\n|t:|1683642001\n|-end|p2b: Patty Cake|Quark Drive|[silent]\n|switch|p2b: Bowl Cut|Ting-Lu, L50|100\/100\n|-ability|p2b: Bowl Cut|Vessel of Ruin\n|move|p2a: Trick Roominator|Safeguard|p2a: Trick Roominator\n|-sidestart|p2: NaecheVGC|Safeguard\n|move|p1b: GROHAHSHSHSH|Yawn|p2a: Trick Roominator\n|-activate|p2a: Trick Roominator|move: Safeguard\n|move|p1a: good boi|Flare Blitz|p2b: Bowl Cut\n|-damage|p2b: Bowl Cut|65\/100\n|-damage|p1a: good boi|74\/100|[from] Recoil\n|\n|upkeep\n|turn|3\n|\n|t:|1683642021\n|switch|p1a: IRON MUGULIS|Rotom-Mow, L50|100\/100\n|move|p2a: Trick Roominator|Helping Hand|p2b: Bowl Cut\n|-singleturn|p2b: Bowl Cut|Helping Hand|[of] p2a: Trick Roominator\n|move|p2b: Bowl Cut|Earthquake|p1a: IRON MUGULIS|[spread] p1b\n|-immune|p2a: Trick Roominator|[from] ability: Levitate\n|-immune|p1a: IRON MUGULIS|[from] ability: Levitate\n|-damage|p1b: GROHAHSHSHSH|25\/100\n|-damage|p2b: Bowl Cut|55\/100|[from] item: Life Orb\n|move|p1b: GROHAHSHSHSH|Ice Beam|p2b: Bowl Cut\n|-supereffective|p2b: Bowl Cut\n|-damage|p2b: Bowl Cut|28\/100\n|\n|-heal|p1b: GROHAHSHSHSH|31\/100|[from] item: Leftovers\n|upkeep\n|turn|4\n|inactive|NaecheVGC has 30 seconds left.\n|\n|t:|1683642053\n|switch|p1b: IRON BIRD|Corviknight, L50, M|100\/100\n|move|p2a: Trick Roominator|Helping Hand|p2b: Bowl Cut\n|-singleturn|p2b: Bowl Cut|Helping Hand|[of] p2a: Trick Roominator\n|move|p2b: Bowl Cut|Rock Slide|p1a: IRON MUGULIS|[spread] p1a,p1b\n|-damage|p1a: IRON MUGULIS|64\/100\n|-damage|p1b: IRON BIRD|72\/100\n|-damage|p2b: Bowl Cut|18\/100|[from] item: Life Orb\n|cant|p1a: IRON MUGULIS|flinch\n|\n|upkeep\n|turn|5\n|\n|t:|1683642073\n|move|p2a: Trick Roominator|Helping Hand|p2b: Bowl Cut\n|-singleturn|p2b: Bowl Cut|Helping Hand|[of] p2a: Trick Roominator\n|move|p2b: Bowl Cut|Throat Chop|p1a: IRON MUGULIS\n|-damage|p1a: IRON MUGULIS|0 fnt\n|faint|p1a: IRON MUGULIS\n|-damage|p2b: Bowl Cut|8\/100|[from] item: Life Orb\n|move|p1b: IRON BIRD|Brave Bird|p2b: Bowl Cut\n|-damage|p2b: Bowl Cut|0 fnt\n|faint|p2b: Bowl Cut\n|-damage|p1b: IRON BIRD|69\/100|[from] Recoil\n|\n|-fieldend|move: Trick Room\n|upkeep\n|inactive|NaecheVGC has 30 seconds left.\n|\n|t:|1683642099\n|switch|p1a: GROHAHSHSHSH|Gastrodon, L50, F|31\/100\n|switch|p2b: Patty Cake|Iron Hands, L50|64\/100\n|turn|6\n|\n|t:|1683642110\n|switch|p1a: good boi|Arcanine, L50, M|74\/100\n|-ability|p1a: good boi|Intimidate|boost\n|-unboost|p2a: Trick Roominator|atk|1\n|-unboost|p2b: Patty Cake|atk|1\n|move|p1b: IRON BIRD|Bulk Up|p1b: IRON BIRD\n|-boost|p1b: IRON BIRD|atk|1\n|-boost|p1b: IRON BIRD|def|1\n|move|p2b: Patty Cake|Volt Switch|p1b: IRON BIRD\n|-supereffective|p1b: IRON BIRD\n|-damage|p1b: IRON BIRD|37\/100\n|\n|t:|1683642121\n|-end|p2b: Patty Cake|Quark Drive|[silent]\n|switch|p2b: Fus Ro Dah!|Rotom-Heat, L50|100\/100|[from] Volt Switch\n|move|p2a: Trick Roominator|Trick Room|p2a: Trick Roominator\n|-fieldstart|move: Trick Room|[of] p2a: Trick Roominator\n|\n|-sideend|p2: NaecheVGC|Safeguard\n|upkeep\n|turn|7\n|\n|t:|1683642134\n|move|p1b: IRON BIRD|Protect|p1b: IRON BIRD\n|-singleturn|p1b: IRON BIRD|Protect\n|move|p2a: Trick Roominator|Safeguard|p2a: Trick Roominator\n|-sidestart|p2: NaecheVGC|Safeguard\n|move|p2b: Fus Ro Dah!|Thunderbolt|p1b: IRON BIRD\n|-activate|p1b: IRON BIRD|move: Protect\n|move|p1a: good boi|Snarl|p2a: Trick Roominator|[spread] p2a,p2b\n|-damage|p2a: Trick Roominator|94\/100\n|-damage|p2b: Fus Ro Dah!|91\/100\n|-unboost|p2a: Trick Roominator|spa|1\n|-unboost|p2b: Fus Ro Dah!|spa|1\n|\n|upkeep\n|turn|8\n|\n|t:|1683642153\n|switch|p1b: GROHAHSHSHSH|Gastrodon, L50, F|31\/100\n|move|p2a: Trick Roominator|Helping Hand|p2b: Fus Ro Dah!\n|-singleturn|p2b: Fus Ro Dah!|Helping Hand|[of] p2a: Trick Roominator\n|move|p2b: Fus Ro Dah!|Thunderbolt|p1b: GROHAHSHSHSH\n|-immune|p1b: GROHAHSHSHSH\n|move|p1a: good boi|Snarl|p2b: Fus Ro Dah!|[spread] p2b\n|-miss|p1a: good boi|p2a: Trick Roominator\n|-damage|p2b: Fus Ro Dah!|82\/100\n|-unboost|p2b: Fus Ro Dah!|spa|1\n|\n|-heal|p1b: GROHAHSHSHSH|38\/100|[from] item: Leftovers\n|upkeep\n|turn|9\n|inactive|NaecheVGC has 30 seconds left.\n|\n|t:|1683642178\n|switch|p2b: Patty Cake|Iron Hands, L50|64\/100\n|move|p2a: Trick Roominator|Gyro Ball|p1a: good boi\n|-resisted|p1a: good boi\n|-damage|p1a: good boi|66\/100\n|move|p1b: GROHAHSHSHSH|Earth Power|p2b: Patty Cake\n|-supereffective|p2b: Patty Cake\n|-damage|p2b: Patty Cake|22\/100\n|move|p1a: good boi|Snarl|p2b: Patty Cake|[spread] p2a,p2b\n|-resisted|p2b: Patty Cake\n|-damage|p2a: Trick Roominator|87\/100\n|-damage|p2b: Patty Cake|20\/100\n|-unboost|p2a: Trick Roominator|spa|1\n|-unboost|p2b: Patty Cake|spa|1\n|\n|-heal|p1b: GROHAHSHSHSH|44\/100|[from] item: Leftovers\n|upkeep\n|turn|10\n|inactive|NaecheVGC has 30 seconds left.\n|\n|t:|1683642211\n|move|p2a: Trick Roominator|Helping Hand|p2b: Patty Cake\n|-singleturn|p2b: Patty Cake|Helping Hand|[of] p2a: Trick Roominator\n|move|p1b: GROHAHSHSHSH|Protect|p1b: GROHAHSHSHSH\n|-singleturn|p1b: GROHAHSHSHSH|Protect\n|move|p2b: Patty Cake|Drain Punch|p1a: good boi\n|-damage|p1a: good boi|0 fnt\n|-heal|p2b: Patty Cake|46\/100|[from] drain|[of] p1a: good boi\n|faint|p1a: good boi\n|\n|-heal|p1b: GROHAHSHSHSH|50\/100|[from] item: Leftovers\n|-fieldend|move: Trick Room\n|upkeep\n|\n|t:|1683642218\n|switch|p1a: IRON BIRD|Corviknight, L50, M|37\/100\n|turn|11\n|\n|t:|1683642233\n|move|p1a: IRON BIRD|Brave Bird|p2b: Patty Cake\n|-damage|p2b: Patty Cake|6\/100\n|-damage|p1a: IRON BIRD|22\/100|[from] Recoil\n|-enditem|p1a: IRON BIRD|Aguav Berry|[eat]\n|-heal|p1a: IRON BIRD|55\/100|[from] item: Aguav Berry\n|move|p1b: GROHAHSHSHSH|Earth Power|p2b: Patty Cake\n|-supereffective|p2b: Patty Cake\n|-damage|p2b: Patty Cake|0 fnt\n|faint|p2b: Patty Cake\n|-end|p2b: Patty Cake|Quark Drive|[silent]\n|move|p2a: Trick Roominator|Trick Room|p2a: Trick Roominator\n|-fieldstart|move: Trick Room|[of] p2a: Trick Roominator\n|\n|-heal|p1b: GROHAHSHSHSH|56\/100|[from] item: Leftovers\n|-sideend|p2: NaecheVGC|Safeguard\n|upkeep\n|\n|t:|1683642247\n|switch|p2b: Fus Ro Dah!|Rotom-Heat, L50|82\/100\n|turn|12\n|\n|t:|1683642268\n|move|p1a: IRON BIRD|Protect|p1a: IRON BIRD\n|-singleturn|p1a: IRON BIRD|Protect\n|move|p2a: Trick Roominator|Safeguard|p2a: Trick Roominator\n|-sidestart|p2: NaecheVGC|Safeguard\n|move|p1b: GROHAHSHSHSH|Yawn|p2b: Fus Ro Dah!\n|-activate|p2b: Fus Ro Dah!|move: Safeguard\n|move|p2b: Fus Ro Dah!|Nasty Plot|p2b: Fus Ro Dah!\n|-boost|p2b: Fus Ro Dah!|spa|2\n|\n|-heal|p1b: GROHAHSHSHSH|62\/100|[from] item: Leftovers\n|upkeep\n|turn|13\n|\n|t:|1683642288\n|-terastallize|p1a: IRON BIRD|Grass\n|move|p2a: Trick Roominator|Helping Hand|p2b: Fus Ro Dah!\n|-singleturn|p2b: Fus Ro Dah!|Helping Hand|[of] p2a: Trick Roominator\n|move|p1b: GROHAHSHSHSH|Ice Beam|p2a: Trick Roominator\n|-resisted|p2a: Trick Roominator\n|-damage|p2a: Trick Roominator|79\/100\n|move|p1a: IRON BIRD|Brave Bird|p2a: Trick Roominator\n|-damage|p2a: Trick Roominator|42\/100\n|-damage|p1a: IRON BIRD|44\/100|[from] Recoil\n|move|p2b: Fus Ro Dah!|Overheat|p1b: GROHAHSHSHSH\n|-resisted|p1b: GROHAHSHSHSH\n|-damage|p1b: GROHAHSHSHSH|0 fnt\n|-unboost|p2b: Fus Ro Dah!|spa|2\n|faint|p1b: GROHAHSHSHSH\n|\n|upkeep\n|turn|14\n|-message|esotilin123456 forfeited.\n|\n|win|NaecheVGC\n|raw|esotilin123456's rating: 1559 → 1536<\/strong> (-23 for losing)\n|raw|NaecheVGC's rating: 1501 → 1524<\/strong> (+23 for winning)\n|l|\u2606esotilin123456\n","uploadtime":1683642311,"views":3,"p1id":"esotilin123456","p2id":"naechevgc","formatid":"gen9vgc2023regulationc","rating":1524,"private":0,"password":""}