{"id":"gen9vgc2023regulationc-1851108735","p1":"mait27","p2":"whosgemini","format":"[Gen 9] VGC 2023 Regulation C","log":"|j|\u2606mait27\n|j|\u2606whosgemini\n|t:|1682410686\n|gametype|doubles\n|player|p1|mait27|170|1169\n|player|p2|whosgemini|n|1185\n|teamsize|p1|6\n|teamsize|p2|6\n|gen|9\n|tier|[Gen 9] VGC 2023 Regulation C\n|rated|\n|rule|Species Clause: Limit one of each Pok\u00e9mon\n|rule|Item Clause: Limit one of each item\n|clearpoke\n|poke|p1|Roaring Moon, L50|\n|poke|p1|Amoonguss, L50, F|\n|poke|p1|Garganacl, L50, F|\n|poke|p1|Barraskewda, L50, M|\n|poke|p1|Gholdengo, L50|\n|poke|p1|Iron Bundle, L50|\n|poke|p2|Annihilape, L50, M|\n|poke|p2|Brute Bonnet, L50|\n|poke|p2|Volcarona, L50, M|\n|poke|p2|Chien-Pao, L50|\n|poke|p2|Gyarados, L50, F|\n|poke|p2|Gholdengo, L50|\n|teampreview|4\n|inactive|Battle timer is ON: inactive players will automatically lose when time's up. (requested by whosgemini)\n|\n|t:|1682410717\n|start\n|switch|p1a: Garganacl|Garganacl, L50, F|100\/100\n|switch|p1b: Barraskewda|Barraskewda, L50, M|100\/100\n|switch|p2a: Annihilape|Annihilape, L50, M|100\/100\n|switch|p2b: Brute Bonnet|Brute Bonnet, L50|100\/100\n|turn|1\n|\n|t:|1682410740\n|move|p1a: Garganacl|Protect|p1a: Garganacl\n|-singleturn|p1a: Garganacl|Protect\n|move|p1b: Barraskewda|Close Combat|p2b: Brute Bonnet\n|-supereffective|p2b: Brute Bonnet\n|-damage|p2b: Brute Bonnet|11\/100\n|-unboost|p1b: Barraskewda|def|1\n|-unboost|p1b: Barraskewda|spd|1\n|-damage|p1b: Barraskewda|84\/100|[from] item: Rocky Helmet|[of] p2b: Brute Bonnet\n|move|p2a: Annihilape|Bulk Up|p2a: Annihilape\n|-boost|p2a: Annihilape|atk|1\n|-boost|p2a: Annihilape|def|1\n|move|p2b: Brute Bonnet|Spore|p1a: Garganacl\n|-activate|p1a: Garganacl|move: Protect\n|\n|upkeep\n|turn|2\n|\n|t:|1682410763\n|move|p2b: Brute Bonnet|Sucker Punch|p1b: Barraskewda\n|-damage|p1b: Barraskewda|0 fnt\n|faint|p1b: Barraskewda\n|move|p2a: Annihilape|Drain Punch|p1a: Garganacl\n|-supereffective|p1a: Garganacl\n|-damage|p1a: Garganacl|53\/100\n|move|p1a: Garganacl|Salt Cure|p2a: Annihilape\n|-resisted|p2a: Annihilape\n|-damage|p2a: Annihilape|96\/100\n|-start|p2a: Annihilape|Salt Cure\n|\n|-heal|p1a: Garganacl|59\/100|[from] item: Leftovers\n|-damage|p2a: Annihilape|83\/100|[from] Salt Cure\n|upkeep\n|\n|t:|1682410780\n|switch|p1b: Gholdengo|Gholdengo, L50|100\/100\n|turn|3\n|\n|t:|1682410794\n|-terastallize|p2a: Annihilape|Normal\n|move|p1b: Gholdengo|Shadow Ball|p2a: Annihilape\n|-immune|p2a: Annihilape\n|move|p2a: Annihilape|Rage Fist|p1b: Gholdengo\n|-supereffective|p1b: Gholdengo\n|-damage|p1b: Gholdengo|0 fnt\n|faint|p1b: Gholdengo\n|move|p2b: Brute Bonnet|Spore|p1a: Garganacl\n|-immune|p1a: Garganacl|[from] ability: Purifying Salt\n|move|p1a: Garganacl|Salt Cure|p2b: Brute Bonnet\n|-damage|p2b: Brute Bonnet|0 fnt\n|faint|p2b: Brute Bonnet\n|-end|p2b: Brute Bonnet|Protosynthesis|[silent]\n|\n|-heal|p1a: Garganacl|65\/100|[from] item: Leftovers\n|-damage|p2a: Annihilape|71\/100|[from] Salt Cure\n|upkeep\n|\n|t:|1682410814\n|switch|p1b: Roaring Moon|Roaring Moon, L50|100\/100\n|switch|p2b: Gholdengo|Gholdengo, L50|100\/100\n|-enditem|p1b: Roaring Moon|Booster Energy\n|-activate|p1b: Roaring Moon|ability: Protosynthesis|[fromitem]\n|-start|p1b: Roaring Moon|protosynthesisspe\n|turn|4\n|\n|t:|1682410825\n|switch|p2b: Volcarona|Volcarona, L50, M|100\/100\n|-terastallize|p1b: Roaring Moon|Flying\n|move|p1a: Garganacl|Wide Guard|p1a: Garganacl\n|-singleturn|p1a: Garganacl|Wide Guard\n|move|p1b: Roaring Moon|Dragon Dance|p1b: Roaring Moon\n|-boost|p1b: Roaring Moon|atk|1\n|-boost|p1b: Roaring Moon|spe|1\n|move|p2a: Annihilape|Drain Punch|p1b: Roaring Moon\n|-resisted|p1b: Roaring Moon\n|-crit|p1b: Roaring Moon\n|-damage|p1b: Roaring Moon|54\/100\n|-heal|p2a: Annihilape|91\/100|[from] drain|[of] p1b: Roaring Moon\n|\n|-heal|p1a: Garganacl|71\/100|[from] item: Leftovers\n|-damage|p2a: Annihilape|78\/100|[from] Salt Cure\n|upkeep\n|turn|5\n|inactive|mait27 has 30 seconds left.\n|\n|t:|1682410856\n|move|p1b: Roaring Moon|Acrobatics|p2a: Annihilape\n|-crit|p2a: Annihilape\n|-damage|p2a: Annihilape|0 fnt\n|faint|p2a: Annihilape\n|move|p2b: Volcarona|Quiver Dance|p2b: Volcarona\n|-boost|p2b: Volcarona|spa|1\n|-boost|p2b: Volcarona|spd|1\n|-boost|p2b: Volcarona|spe|1\n|move|p1a: Garganacl|Salt Cure|p2b: Volcarona\n|-supereffective|p2b: Volcarona\n|-damage|p2b: Volcarona|48\/100\n|-start|p2b: Volcarona|Salt Cure\n|\n|-heal|p1a: Garganacl|76\/100|[from] item: Leftovers\n|-damage|p2b: Volcarona|36\/100|[from] Salt Cure\n|upkeep\n|\n|t:|1682410867\n|switch|p2a: Gholdengo|Gholdengo, L50|100\/100\n|turn|6\n|\n|t:|1682410876\n|move|p1a: Garganacl|Protect|p1a: Garganacl\n|-singleturn|p1a: Garganacl|Protect\n|move|p1b: Roaring Moon|Earthquake|p2b: Volcarona|[spread] p2a,p2b\n|-activate|p1a: Garganacl|move: Protect\n|-supereffective|p2a: Gholdengo\n|-damage|p2a: Gholdengo|12\/100\n|-damage|p2b: Volcarona|0 fnt\n|faint|p2b: Volcarona\n|move|p2a: Gholdengo|Make It Rain|p1b: Roaring Moon|[spread] p1b\n|-activate|p1a: Garganacl|move: Protect\n|-damage|p1b: Roaring Moon|0 fnt\n|-unboost|p2a: Gholdengo|spa|1\n|faint|p1b: Roaring Moon\n|-end|p1b: Roaring Moon|Protosynthesis|[silent]\n|\n|-heal|p1a: Garganacl|82\/100|[from] item: Leftovers\n|upkeep\n|turn|7\n|\n|t:|1682410895\n|move|p2a: Gholdengo|Make It Rain|p1a: Garganacl\n|-supereffective|p1a: Garganacl\n|-damage|p1a: Garganacl|0 fnt\n|-unboost|p2a: Gholdengo|spa|1\n|faint|p1a: Garganacl\n|\n|win|whosgemini\n|raw|mait27's rating: 1169 → 1145<\/strong> (-24 for losing)\n|raw|whosgemini's rating: 1185 → 1209<\/strong> (+24 for winning)\n","uploadtime":1682410907,"views":8,"p1id":"mait27","p2id":"whosgemini","formatid":"gen9vgc2023regulationc","rating":1145,"private":0,"password":""}