{"id":"gen9vgc2023regulationc-1857935636","p1":"Chargingcharger","p2":"Millie Jean","format":"[Gen 9] VGC 2023 Regulation C","log":"|j|\u2606Chargingcharger\n|j|\u2606Millie Jean\n|t:|1683249392\n|gametype|doubles\n|player|p1|Chargingcharger|1|1101\n|player|p2|Millie Jean|whitney|1201\n|teamsize|p1|6\n|teamsize|p2|6\n|gen|9\n|tier|[Gen 9] VGC 2023 Regulation C\n|rated|\n|rule|Species Clause: Limit one of each Pok\u00e9mon\n|rule|Item Clause: Limit one of each item\n|clearpoke\n|poke|p1|Lilligant, L50, F|\n|poke|p1|Torkoal, L50, F|\n|poke|p1|Flutter Mane, L50|\n|poke|p1|Chi-Yu, L50|\n|poke|p1|Great Tusk, L50|\n|poke|p1|Dragonite, L50, M|\n|poke|p2|Wo-Chien, L50|\n|poke|p2|Glimmora, L50, M|\n|poke|p2|Dondozo, L50, M|\n|poke|p2|Tatsugiri, L50, F|\n|poke|p2|Arcanine, L50, M|\n|poke|p2|Flutter Mane, L50|\n|teampreview|4\n|inactive|Battle timer is ON: inactive players will automatically lose when time's up. (requested by Millie Jean)\nMillie Jean has agreed to open team sheets.\nChargingcharger rejected open team sheets.\n|inactive|Chargingcharger has 60 seconds left.\n|inactive|Millie Jean has 60 seconds left.\n|\n|t:|1683249428\n|start\n|switch|p1a: Lilligant|Lilligant, L50, F|100\/100\n|switch|p1b: Torkoal|Torkoal, L50, F|100\/100\n|switch|p2a: Glimmora|Glimmora, L50, M|100\/100\n|switch|p2b: Arcanine|Arcanine, L50, M|100\/100\n|-ability|p2b: Arcanine|Intimidate|boost\n|-unboost|p1a: Lilligant|atk|1\n|-unboost|p1b: Torkoal|atk|1\n|-weather|SunnyDay|[from] ability: Drought|[of] p1b: Torkoal\n|turn|1\n|\n|t:|1683249451\n|-terastallize|p1a: Lilligant|Water\n|move|p2b: Arcanine|Extreme Speed|p1a: Lilligant\n|-damage|p1a: Lilligant|61\/100\n|move|p1a: Lilligant|After You|p1b: Torkoal\n|-activate|p1b: Torkoal|move: After You\n|move|p1b: Torkoal|Eruption|p2a: Glimmora|[spread] p2a,p2b\n|-resisted|p2a: Glimmora\n|-resisted|p2b: Arcanine\n|-damage|p2a: Glimmora|59\/100\n|-damage|p2b: Arcanine|53\/100\n|move|p2a: Glimmora|Mortal Spin|p1b: Torkoal|[spread] p1a,p1b\n|-damage|p1a: Lilligant|54\/100\n|-damage|p1b: Torkoal|97\/100\n|-status|p1a: Lilligant|psn\n|-status|p1b: Torkoal|psn\n|\n|-weather|SunnyDay|[upkeep]\n|-damage|p1a: Lilligant|42\/100 psn|[from] psn\n|-damage|p1b: Torkoal|85\/100 psn|[from] psn\n|upkeep\n|turn|2\n|inactive|Millie Jean has 30 seconds left.\n|\n|t:|1683249478\n|move|p2b: Arcanine|Protect|p2b: Arcanine\n|-singleturn|p2b: Arcanine|Protect\n|move|p1a: Lilligant|After You|p1b: Torkoal\n|-activate|p1b: Torkoal|move: After You\n|move|p1b: Torkoal|Eruption|p2a: Glimmora|[spread] p2a\n|-activate|p2b: Arcanine|move: Protect\n|-resisted|p2a: Glimmora\n|-damage|p2a: Glimmora|22\/100\n|move|p2a: Glimmora|Earth Power|p1b: Torkoal\n|-supereffective|p1b: Torkoal\n|-damage|p1b: Torkoal|20\/100 psn\n|\n|-weather|SunnyDay|[upkeep]\n|-damage|p1a: Lilligant|29\/100 psn|[from] psn\n|-damage|p1b: Torkoal|7\/100 psn|[from] psn\n|upkeep\n|turn|3\n|\n|t:|1683249498\n|move|p2b: Arcanine|Extreme Speed|p1b: Torkoal\n|-damage|p1b: Torkoal|0 fnt\n|faint|p1b: Torkoal\n|move|p1a: Lilligant|After You|p1: Torkoal|[notarget]\n|-fail|p1a: Lilligant\n|move|p2a: Glimmora|Energy Ball|p1a: Lilligant\n|-supereffective|p1a: Lilligant\n|-damage|p1a: Lilligant|0 fnt\n|faint|p1a: Lilligant\n|\n|-weather|SunnyDay|[upkeep]\n|upkeep\n|\n|t:|1683249509\n|switch|p1a: Chi-Yu|Chi-Yu, L50|100\/100\n|switch|p1b: Dragonite|Dragonite, L50, M|100\/100\n|-ability|p1a: Chi-Yu|Beads of Ruin\n|turn|4\n|\n|t:|1683249532\n|move|p1a: Chi-Yu|Heat Wave|p2a: Glimmora|[spread] p2a,p2b\n|-resisted|p2a: Glimmora\n|-resisted|p2b: Arcanine\n|-damage|p2a: Glimmora|0 fnt\n|-damage|p2b: Arcanine|7\/100\n|faint|p2a: Glimmora\n|move|p2b: Arcanine|Will-O-Wisp|p1b: Dragonite\n|-status|p1b: Dragonite|brn\n|move|p1b: Dragonite|Iron Head|p2b: Arcanine\n|-resisted|p2b: Arcanine\n|-damage|p2b: Arcanine|0 fnt\n|faint|p2b: Arcanine\n|\n|-weather|SunnyDay|[upkeep]\n|-damage|p1b: Dragonite|94\/100 brn|[from] brn\n|upkeep\n|\n|t:|1683249544\n|switch|p2b: Tatsugiri|Tatsugiri, L50, F|100\/100\n|switch|p2a: Dondozo|Dondozo, L50, M|100\/100\n|-activate|p2b: Tatsugiri|ability: Commander|[of] p2a: Dondozo\n|-boost|p2a: Dondozo|atk|2\n|-boost|p2a: Dondozo|spa|2\n|-boost|p2a: Dondozo|spe|2\n|-boost|p2a: Dondozo|def|2\n|-boost|p2a: Dondozo|spd|2\n|turn|5\n|\n|t:|1683249564\n|move|p2a: Dondozo|Protect|p2a: Dondozo\n|-singleturn|p2a: Dondozo|Protect\n|move|p1a: Chi-Yu|Heat Wave|p2b: Tatsugiri|[spread] \n|-miss|p1a: Chi-Yu|p2b: Tatsugiri\n|-activate|p2a: Dondozo|move: Protect\n|move|p1b: Dragonite|Dragon Claw|p2b: Tatsugiri|[miss]\n|-miss|p1b: Dragonite|p2b: Tatsugiri\n|\n|-weather|none\n|-damage|p1b: Dragonite|88\/100 brn|[from] brn\n|upkeep\n|turn|6\n|\n|t:|1683249578\n|move|p1a: Chi-Yu|Heat Wave|p2a: Dondozo|[spread] p2a\n|-miss|p1a: Chi-Yu|p2b: Tatsugiri\n|-resisted|p2a: Dondozo\n|-damage|p2a: Dondozo|88\/100\n|move|p2a: Dondozo|Wave Crash|p1a: Chi-Yu\n|-supereffective|p1a: Chi-Yu\n|-damage|p1a: Chi-Yu|0 fnt\n|faint|p1a: Chi-Yu\n|-damage|p2a: Dondozo|69\/100|[from] Recoil\n|move|p1b: Dragonite|Iron Head|p2a: Dondozo\n|-resisted|p2a: Dondozo\n|-damage|p2a: Dondozo|67\/100\n|\n|-heal|p2a: Dondozo|73\/100|[from] item: Leftovers\n|-damage|p1b: Dragonite|82\/100 brn|[from] brn\n|upkeep\n|turn|7\n|c|\u2606Millie Jean|gg\n|-message|Chargingcharger forfeited.\n|\n|win|Millie Jean\n|raw|Chargingcharger's rating: 1101 → 1083<\/strong> (-18 for losing)\n|raw|Millie Jean's rating: 1201 → 1219<\/strong> (+18 for winning)\n|l|\u2606Chargingcharger\n","uploadtime":1683249598,"views":9,"p1id":"chargingcharger","p2id":"milliejean","formatid":"gen9vgc2023regulationc","rating":1083,"private":0,"password":""}