{"id":"gen9vgc2023regulationc-1858407794","p1":"Fenomenez","p2":"fainfive","format":"[Gen 9] VGC 2023 Regulation C","log":"|j|\u2606Fenomenez\n|j|\u2606fainfive\n|t:|1683309469\n|gametype|doubles\n|player|p1|Fenomenez|lance|1120\n|player|p2|fainfive|170|1094\n|teamsize|p1|6\n|teamsize|p2|6\n|gen|9\n|tier|[Gen 9] VGC 2023 Regulation C\n|rated|\n|rule|Species Clause: Limit one of each Pok\u00e9mon\n|rule|Item Clause: Limit one of each item\n|clearpoke\n|poke|p1|Palafin, L50, M|\n|poke|p1|Iron Hands, L50|\n|poke|p1|Amoonguss, L50, M|\n|poke|p1|Flutter Mane, L50|\n|poke|p1|Arcanine, L50, F|\n|poke|p1|Ting-Lu, L50|\n|poke|p2|Chi-Yu, L50|\n|poke|p2|Gyarados, L50, M|\n|poke|p2|Iron Hands, L50|\n|poke|p2|Flutter Mane, L50|\n|poke|p2|Ting-Lu, L50|\n|poke|p2|Gholdengo, L50|\n|teampreview|4\n|inactive|Battle timer is ON: inactive players will automatically lose when time's up. (requested by fainfive)\n|inactive|fainfive has 60 seconds left.\n|\n|t:|1683309521\n|start\n|switch|p1a: Palafin|Palafin, L50, M|100\/100\n|switch|p1b: Ting-Lu|Ting-Lu, L50|100\/100\n|switch|p2a: Chi-Yu|Chi-Yu, L50|100\/100\n|switch|p2b: Gyarados|Gyarados, L50, M, shiny|100\/100\n|-ability|p2a: Chi-Yu|Beads of Ruin\n|-ability|p2b: Gyarados|Intimidate|boost\n|-unboost|p1a: Palafin|atk|1\n|-unboost|p1b: Ting-Lu|atk|1\n|-ability|p1b: Ting-Lu|Vessel of Ruin\n|turn|1\n|c|\u2606Fenomenez|Hello\n|inactive|Fenomenez has 30 seconds left.\n|inactive|fainfive has 30 seconds left.\n|inactive|Fenomenez has 20 seconds left.\n|\n|t:|1683309557\n|detailschange|p1a: Palafin|Palafin-Hero, L50, M\n|switch|p1a: Iron Hands|Iron Hands, L50|100\/100\n|move|p2a: Chi-Yu|Protect|p2a: Chi-Yu\n|-singleturn|p2a: Chi-Yu|Protect\n|move|p2b: Gyarados|Thunder Wave|p1a: Iron Hands\n|-immune|p1a: Iron Hands\n|move|p1b: Ting-Lu|Stomping Tantrum|p2a: Chi-Yu\n|-activate|p2a: Chi-Yu|move: Protect\n|\n|upkeep\n|turn|2\n|inactive|fainfive has 30 seconds left.\n|inactive|fainfive has 20 seconds left.\n|\n|t:|1683309593\n|move|p1a: Iron Hands|Fake Out|p2a: Chi-Yu\n|-damage|p2a: Chi-Yu|83\/100\n|cant|p2a: Chi-Yu|flinch\n|move|p2b: Gyarados|Waterfall|p1b: Ting-Lu\n|-supereffective|p1b: Ting-Lu\n|-damage|p1b: Ting-Lu|65\/100\n|move|p1b: Ting-Lu|Stomping Tantrum|p2a: Chi-Yu\n|-supereffective|p2a: Chi-Yu\n|-crit|p2a: Chi-Yu\n|-damage|p2a: Chi-Yu|0 fnt\n|faint|p2a: Chi-Yu\n|\n|upkeep\n|\n|t:|1683309603\n|switch|p2a: Flutter Mane|Flutter Mane, L50|100\/100\n|-enditem|p2a: Flutter Mane|Booster Energy\n|-activate|p2a: Flutter Mane|ability: Protosynthesis|[fromitem]\n|-start|p2a: Flutter Mane|protosynthesisspa\n|turn|3\n|inactive|Fenomenez has 30 seconds left.\n|\n|t:|1683309631\n|switch|p2b: Iron Hands|Iron Hands, L50|100\/100\n|-terastallize|p2a: Flutter Mane|Fairy\n|-terastallize|p1a: Iron Hands|Grass\n|move|p2a: Flutter Mane|Dazzling Gleam|p1b: Ting-Lu|[spread] p1a,p1b\n|-supereffective|p1b: Ting-Lu\n|-damage|p1a: Iron Hands|73\/100\n|-damage|p1b: Ting-Lu|33\/100\n|move|p1a: Iron Hands|Wild Charge|p2b: Iron Hands\n|-resisted|p2b: Iron Hands\n|-damage|p2b: Iron Hands|83\/100\n|-damage|p1a: Iron Hands|68\/100|[from] Recoil\n|move|p1b: Ting-Lu|Heavy Slam|p2a: Flutter Mane\n|-supereffective|p2a: Flutter Mane\n|-damage|p2a: Flutter Mane|35\/100\n|\n|-heal|p1a: Iron Hands|74\/100|[from] item: Leftovers\n|upkeep\n|turn|4\n|inactive|Fenomenez has 30 seconds left.\n|inactive|fainfive has 30 seconds left.\n|inactive|Fenomenez has 20 seconds left.\n|inactive|fainfive has 20 seconds left.\n|inactive|Fenomenez has 15 seconds left.\n|\n|t:|1683309672\n|switch|p1b: Flutter Mane|Flutter Mane, L50|100\/100\n|-enditem|p1b: Flutter Mane|Booster Energy\n|-activate|p1b: Flutter Mane|ability: Protosynthesis|[fromitem]\n|-start|p1b: Flutter Mane|protosynthesisspa\n|move|p2b: Iron Hands|Fake Out|p1a: Iron Hands\n|-damage|p1a: Iron Hands|63\/100\n|move|p2a: Flutter Mane|Moonblast|p1b: Flutter Mane\n|-damage|p1b: Flutter Mane|30\/100\n|cant|p1a: Iron Hands|flinch\n|\n|-heal|p1a: Iron Hands|70\/100|[from] item: Leftovers\n|upkeep\n|turn|5\n|inactive|Fenomenez has 30 seconds left.\n|inactive|Fenomenez has 20 seconds left.\n|inactive|Fenomenez has 15 seconds left.\n|inactive|Fenomenez has 10 seconds left.\n|\n|t:|1683309719\n|-end|p1b: Flutter Mane|Protosynthesis|[silent]\n|switch|p1b: Palafin|Palafin-Hero, L50, M|100\/100\n|-activate|p1b: Palafin|ability: Zero to Hero\n|move|p2a: Flutter Mane|Dazzling Gleam|p1a: Iron Hands|[spread] p1a,p1b\n|-damage|p1a: Iron Hands|33\/100\n|-damage|p1b: Palafin|52\/100\n|move|p1a: Iron Hands|Wild Charge|p2a: Flutter Mane\n|-damage|p2a: Flutter Mane|0 fnt\n|faint|p2a: Flutter Mane\n|-end|p2a: Flutter Mane|Protosynthesis|[silent]\n|-damage|p1a: Iron Hands|28\/100|[from] Recoil\n|move|p2b: Iron Hands|Drain Punch|p1a: Iron Hands\n|-damage|p1a: Iron Hands|0 fnt\n|-heal|p2b: Iron Hands|97\/100|[from] drain|[of] p1a: Iron Hands\n|faint|p1a: Iron Hands\n|-end|p1a: Iron Hands|Quark Drive|[silent]\n|\n|upkeep\n|inactive|Fenomenez has 30 seconds left.\n|\n|t:|1683309752\n|switch|p2a: Gyarados|Gyarados, L50, M, shiny|100\/100\n|switch|p1a: Flutter Mane|Flutter Mane, L50|30\/100\n|-ability|p2a: Gyarados|Intimidate|boost\n|-unboost|p1a: Flutter Mane|atk|1\n|-unboost|p1b: Palafin|atk|1\n|turn|6\n|inactive|Fenomenez has 30 seconds left.\n|inactive|fainfive has 30 seconds left.\n|\n|t:|1683309787\n|move|p1b: Palafin|Protect|p1b: Palafin\n|-singleturn|p1b: Palafin|Protect\n|move|p1a: Flutter Mane|Moonblast|p2b: Iron Hands\n|-supereffective|p2b: Iron Hands\n|-damage|p2b: Iron Hands|24\/100\n|move|p2a: Gyarados|Thunder Wave|p1b: Palafin\n|-activate|p1b: Palafin|move: Protect\n|move|p2b: Iron Hands|Wild Charge|p1b: Palafin\n|-activate|p1b: Palafin|move: Protect\n|\n|upkeep\n|turn|7\n|inactive|Fenomenez has 30 seconds left.\n|inactive|fainfive has 30 seconds left.\n|inactive|Fenomenez has 20 seconds left.\n|\n|t:|1683309822\n|move|p1a: Flutter Mane|Dazzling Gleam|p2b: Iron Hands|[spread] p2a,p2b\n|-supereffective|p2b: Iron Hands\n|-damage|p2a: Gyarados|78\/100\n|-damage|p2b: Iron Hands|0 fnt\n|faint|p2b: Iron Hands\n|-end|p2b: Iron Hands|Quark Drive|[silent]\n|move|p1b: Palafin|Wave Crash|p2a: Gyarados\n|-resisted|p2a: Gyarados\n|-damage|p2a: Gyarados|47\/100\n|-damage|p1b: Palafin|41\/100|[from] Recoil\n|move|p2a: Gyarados|Waterfall|p1a: Flutter Mane\n|-damage|p1a: Flutter Mane|0 fnt\n|faint|p1a: Flutter Mane\n|-end|p1a: Flutter Mane|Protosynthesis|[silent]\n|\n|upkeep\n|\n|t:|1683309833\n|switch|p1a: Ting-Lu|Ting-Lu, L50|33\/100\n|-ability|p1a: Ting-Lu|Vessel of Ruin\n|turn|8\n|inactive|Fenomenez has 30 seconds left.\n|\n|t:|1683309862\n|move|p2a: Gyarados|Protect|p2a: Gyarados\n|-singleturn|p2a: Gyarados|Protect\n|move|p1b: Palafin|Wave Crash|p2a: Gyarados\n|-activate|p2a: Gyarados|move: Protect\n|move|p1a: Ting-Lu|Heavy Slam|p2a: Gyarados\n|-activate|p2a: Gyarados|move: Protect\n|\n|upkeep\n|turn|9\n|\n|t:|1683309874\n|move|p1b: Palafin|Wave Crash|p2a: Gyarados\n|-resisted|p2a: Gyarados\n|-damage|p2a: Gyarados|18\/100\n|-damage|p1b: Palafin|32\/100|[from] Recoil\n|move|p2a: Gyarados|Waterfall|p1a: Ting-Lu\n|-supereffective|p1a: Ting-Lu\n|-damage|p1a: Ting-Lu|0 fnt\n|faint|p1a: Ting-Lu\n|\n|upkeep\n|turn|10\n|\n|t:|1683309892\n|move|p1b: Palafin|Wave Crash|p2a: Gyarados\n|-resisted|p2a: Gyarados\n|-damage|p2a: Gyarados|0 fnt\n|faint|p2a: Gyarados\n|-damage|p1b: Palafin|26\/100|[from] Recoil\n|\n|win|Fenomenez\n|raw|Fenomenez's rating: 1120 → 1143<\/strong> (+23 for winning)\n|raw|fainfive's rating: 1094 → 1072<\/strong> (-22 for losing)\n|c|\u2606fainfive|gg\n|l|\u2606fainfive\n|c|\u2606Fenomenez|Gg nice game\n|j|\u2606fainfive\n|player|p2|fainfive|170\n","uploadtime":1683309918,"views":14,"p1id":"fenomenez","p2id":"fainfive","formatid":"gen9vgc2023regulationc","rating":1072,"private":0,"password":""}