{"id":"gen9vgc2023regulationc-1857968376","p1":"beachbotexe","p2":"BROOMX3","format":"[Gen 9] VGC 2023 Regulation C","log":"|j|\u2606beachbotexe\n|j|\u2606BROOMX3\n|t:|1683253691\n|gametype|doubles\n|player|p1|beachbotexe|170|1140\n|player|p2|BROOMX3|cynthia-gen4|1040\n|teamsize|p1|6\n|teamsize|p2|6\n|gen|9\n|tier|[Gen 9] VGC 2023 Regulation C\n|rated|\n|rule|Species Clause: Limit one of each Pok\u00e9mon\n|rule|Item Clause: Limit one of each item\n|clearpoke\n|poke|p1|Torkoal, L50, F|\n|poke|p1|Jumpluff, L50, M|\n|poke|p1|Flutter Mane, L50|\n|poke|p1|Great Tusk, L50|\n|poke|p1|Chien-Pao, L50|\n|poke|p1|Kingambit, L50, M|\n|poke|p2|Amoonguss, L50, F|\n|poke|p2|Palafin, L50, M|\n|poke|p2|Arcanine, L50, M|\n|poke|p2|Flutter Mane, L50|\n|poke|p2|Murkrow, L50, M|\n|poke|p2|Garchomp, L50, F|\n|teampreview|4\n|inactive|Battle timer is ON: inactive players will automatically lose when time's up. (requested by BROOMX3)\n|inactive|beachbotexe has 60 seconds left.\n|\n|t:|1683253746\n|start\n|switch|p1a: Great Tusk|Great Tusk, L50|100\/100\n|switch|p1b: Torkoal|Torkoal, L50, F|100\/100\n|switch|p2a: Amoonguss|Amoonguss, L50, F, shiny|100\/100\n|switch|p2b: Palafin|Palafin, L50, M, shiny|100\/100\n|-weather|SunnyDay|[from] ability: Drought|[of] p1b: Torkoal\n|-activate|p1a: Great Tusk|ability: Protosynthesis\n|-start|p1a: Great Tusk|protosynthesisatk\n|turn|1\n|inactive|beachbotexe has 30 seconds left.\n|\n|t:|1683253773\n|detailschange|p2b: Palafin|Palafin-Hero, L50, M, shiny\n|switch|p2b: Murkrow|Murkrow, L50, M|100\/100\n|switch|p2a: Garchomp|Garchomp, L50, F|100\/100\n|switch|p1b: Jumpluff|Jumpluff, L50, M|100\/100\n|move|p1a: Great Tusk|Earthquake|p2b: Murkrow|[spread] p2a\n|-immune|p1b: Jumpluff\n|-immune|p2b: Murkrow\n|-crit|p2a: Garchomp\n|-damage|p2a: Garchomp|19\/100\n|\n|-weather|SunnyDay|[upkeep]\n|upkeep\n|turn|2\n|inactive|beachbotexe has 30 seconds left.\n|inactive|BROOMX3 has 30 seconds left.\n|inactive|beachbotexe has 20 seconds left.\n|\n|t:|1683253808\n|move|p2b: Murkrow|Confuse Ray|p1a: Great Tusk\n|-start|p1a: Great Tusk|confusion\n|move|p1b: Jumpluff|Tailwind|p1b: Jumpluff\n|-sidestart|p1: beachbotexe|move: Tailwind\n|-activate|p1a: Great Tusk|confusion\n|move|p1a: Great Tusk|Earthquake|p2a: Garchomp|[spread] p2a\n|-immune|p1b: Jumpluff\n|-immune|p2b: Murkrow\n|-crit|p2a: Garchomp\n|-damage|p2a: Garchomp|0 fnt\n|faint|p2a: Garchomp\n|\n|-weather|SunnyDay|[upkeep]\n|upkeep\n|\n|t:|1683253816\n|switch|p2a: Amoonguss|Amoonguss, L50, F, shiny|100\/100\n|turn|3\n|\n|t:|1683253831\n|move|p2a: Amoonguss|Protect|p2a: Amoonguss\n|-singleturn|p2a: Amoonguss|Protect\n|move|p2b: Murkrow|Thunder Wave|p1b: Jumpluff\n|-status|p1b: Jumpluff|par\n|-activate|p1a: Great Tusk|confusion\n|move|p1a: Great Tusk|Earthquake|p2a: Amoonguss|[spread] \n|-activate|p2a: Amoonguss|move: Protect\n|-immune|p1b: Jumpluff\n|-immune|p2b: Murkrow\n|cant|p1b: Jumpluff|par\n|\n|-weather|SunnyDay|[upkeep]\n|upkeep\n|turn|4\n|inactive|beachbotexe has 30 seconds left.\n|inactive|BROOMX3 has 30 seconds left.\n|inactive|beachbotexe has 20 seconds left.\n|inactive|beachbotexe has 15 seconds left.\n|\n|t:|1683253872\n|move|p2b: Murkrow|Confuse Ray|p1b: Jumpluff\n|-start|p1b: Jumpluff|confusion\n|-activate|p1a: Great Tusk|confusion\n|move|p1a: Great Tusk|Earthquake|p2a: Amoonguss|[spread] p2a\n|-immune|p1b: Jumpluff\n|-immune|p2b: Murkrow\n|-damage|p2a: Amoonguss|57\/100\n|-activate|p1b: Jumpluff|confusion\n|move|p1b: Jumpluff|Encore|p2b: Murkrow\n|-start|p2b: Murkrow|Encore\n|move|p2a: Amoonguss|Spore|p1a: Great Tusk\n|-status|p1a: Great Tusk|slp|[from] move: Spore\n|\n|-weather|SunnyDay|[upkeep]\n|upkeep\n|turn|5\n|\n|t:|1683253896\n|switch|p1b: Torkoal|Torkoal, L50, F|100\/100\n|switch|p2b: Palafin|Palafin-Hero, L50, M, shiny|100\/100\n|-activate|p2b: Palafin|ability: Zero to Hero\n|move|p2a: Amoonguss|Protect|p2a: Amoonguss\n|-singleturn|p2a: Amoonguss|Protect\n|cant|p1a: Great Tusk|slp\n|\n|-weather|none\n|-end|p1a: Great Tusk|Protosynthesis\n|-sideend|p1: beachbotexe|move: Tailwind\n|upkeep\n|turn|6\n|\n|t:|1683253913\n|move|p1b: Torkoal|Protect|p1b: Torkoal\n|-singleturn|p1b: Torkoal|Protect\n|-curestatus|p1a: Great Tusk|slp|[msg]\n|-activate|p1a: Great Tusk|confusion\n|move|p1a: Great Tusk|Earthquake|p2b: Palafin|[spread] p2a,p2b\n|-activate|p1b: Torkoal|move: Protect\n|-damage|p2a: Amoonguss|25\/100\n|-damage|p2b: Palafin|65\/100\n|-enditem|p2a: Amoonguss|Sitrus Berry|[eat]\n|-heal|p2a: Amoonguss|50\/100|[from] item: Sitrus Berry\n|move|p2b: Palafin|Bulk Up|p2b: Palafin\n|-boost|p2b: Palafin|atk|1\n|-boost|p2b: Palafin|def|1\n|move|p2a: Amoonguss|Spore|p1b: Torkoal\n|-activate|p1b: Torkoal|move: Protect\n|\n|upkeep\n|turn|7\n|inactive|beachbotexe has 30 seconds left.\n|\n|t:|1683253945\n|switch|p1b: Jumpluff|Jumpluff, L50, M|100\/100 par\n|-terastallize|p2b: Palafin|Water\n|move|p2a: Amoonguss|Protect|p2a: Amoonguss\n|-singleturn|p2a: Amoonguss|Protect\n|move|p2b: Palafin|Jet Punch|p1a: Great Tusk\n|-supereffective|p1a: Great Tusk\n|-damage|p1a: Great Tusk|0 fnt\n|faint|p1a: Great Tusk\n|-end|p1a: Great Tusk|Protosynthesis|[silent]\n|\n|upkeep\n|\n|t:|1683253957\n|switch|p1a: Torkoal|Torkoal, L50, F|100\/100\n|-weather|SunnyDay|[from] ability: Drought|[of] p1a: Torkoal\n|turn|8\n|\n|t:|1683253968\n|switch|p2a: Murkrow|Murkrow, L50, M|100\/100\n|move|p1a: Torkoal|Protect|p1a: Torkoal\n|-singleturn|p1a: Torkoal|Protect\n|move|p1b: Jumpluff|Tailwind|p1b: Jumpluff\n|-sidestart|p1: beachbotexe|move: Tailwind\n|move|p2b: Palafin|Wave Crash|p1a: Torkoal\n|-activate|p1a: Torkoal|move: Protect\n|\n|-weather|SunnyDay|[upkeep]\n|upkeep\n|turn|9\n|\n|t:|1683253988\n|move|p2b: Palafin|Jet Punch|p1a: Torkoal\n|-supereffective|p1a: Torkoal\n|-damage|p1a: Torkoal|33\/100\n|move|p2a: Murkrow|Thunder Wave|p1a: Torkoal\n|-status|p1a: Torkoal|par\n|move|p1b: Jumpluff|Leaf Storm|p2b: Palafin\n|-supereffective|p2b: Palafin\n|-damage|p2b: Palafin|5\/100\n|-unboost|p1b: Jumpluff|spa|2\n|cant|p1a: Torkoal|par\n|\n|-weather|SunnyDay|[upkeep]\n|upkeep\n|turn|10\n|\n|t:|1683254009\n|move|p2b: Palafin|Protect|p2b: Palafin\n|-singleturn|p2b: Palafin|Protect\n|move|p2a: Murkrow|Confuse Ray|p1b: Jumpluff\n|-start|p1b: Jumpluff|confusion\n|-activate|p1b: Jumpluff|confusion\n|move|p1b: Jumpluff|Leaf Storm|p2b: Palafin\n|-activate|p2b: Palafin|move: Protect\n|move|p1a: Torkoal|Overheat|p2a: Murkrow\n|-damage|p2a: Murkrow|48\/100\n|-unboost|p1a: Torkoal|spa|2\n|-enditem|p1a: Torkoal|Eject Pack\n|\n|t:|1683254027\n|switch|p1a: Flutter Mane|Flutter Mane, L50|100\/100\n|-activate|p1a: Flutter Mane|ability: Protosynthesis\n|-start|p1a: Flutter Mane|protosynthesisspe\n|\n|-weather|SunnyDay|[upkeep]\n|upkeep\n|turn|11\n|\n|t:|1683254048\n|move|p2b: Palafin|Jet Punch|p1a: Flutter Mane\n|-damage|p1a: Flutter Mane|15\/100\n|move|p2a: Murkrow|Thunder Wave|p1a: Flutter Mane\n|-status|p1a: Flutter Mane|par\n|-end|p1b: Jumpluff|confusion\n|move|p1b: Jumpluff|Leaf Storm|p2b: Palafin|[miss]\n|-miss|p1b: Jumpluff|p2b: Palafin\n|cant|p1a: Flutter Mane|par\n|\n|-weather|SunnyDay|[upkeep]\n|-sideend|p1: beachbotexe|move: Tailwind\n|upkeep\n|turn|12\n|\n|t:|1683254065\n|move|p2b: Palafin|Jet Punch|p1a: Flutter Mane\n|-damage|p1a: Flutter Mane|0 fnt\n|faint|p1a: Flutter Mane\n|-end|p1a: Flutter Mane|Protosynthesis|[silent]\n|move|p2a: Murkrow|Confuse Ray|p1b: Jumpluff\n|-start|p1b: Jumpluff|confusion\n|-activate|p1b: Jumpluff|confusion\n|move|p1b: Jumpluff|Tailwind|p1b: Jumpluff\n|-sidestart|p1: beachbotexe|move: Tailwind\n|\n|-weather|none\n|upkeep\n|-message|beachbotexe forfeited.\n|\n|win|BROOMX3\n|raw|beachbotexe's rating: 1140 → 1108<\/strong> (-32 for losing)\n|raw|BROOMX3's rating: 1040 → 1084<\/strong> (+44 for winning)\n|l|\u2606beachbotexe\n","uploadtime":1683254369,"views":14,"p1id":"beachbotexe","p2id":"broomx3","formatid":"gen9vgc2023regulationc","rating":1084,"private":0,"password":""}