{"id":"gen9vgc2023regulationc-1845278257","p1":"Maaaak","p2":"Emberbloom","format":"[Gen 9] VGC 2023 Regulation C","log":"|j|\u2606Maaaak\n|j|\u2606Emberbloom\n|t:|1681706509\n|gametype|doubles\n|player|p1|Maaaak|102|1491\n|player|p2|Emberbloom|flannery|1532\n|teamsize|p1|6\n|teamsize|p2|6\n|gen|9\n|tier|[Gen 9] VGC 2023 Regulation C\n|rated|\n|rule|Species Clause: Limit one of each Pok\u00e9mon\n|rule|Item Clause: Limit one of each item\n|clearpoke\n|poke|p1|Flutter Mane, L50|\n|poke|p1|Arcanine, L50, M|\n|poke|p1|Chien-Pao, L50|\n|poke|p1|Gholdengo, L50|\n|poke|p1|Great Tusk, L50|\n|poke|p1|Iron Jugulis, L50|\n|poke|p2|Corviknight, L50, M|\n|poke|p2|Tyranitar, L50, M|\n|poke|p2|Garchomp, L50, M|\n|poke|p2|Gyarados, L50, F|\n|poke|p2|Amoonguss, L50, M|\n|poke|p2|Iron Hands, L50|\n|teampreview|4\n|inactive|Battle timer is ON: inactive players will automatically lose when time's up. (requested by Maaaak)\n|inactive|Maaaak has 60 seconds left.\n|inactive|Emberbloom has 60 seconds left.\n|\n|t:|1681706550\n|start\n|switch|p1a: Iron Jugulis|Iron Jugulis, L50|100\/100\n|switch|p1b: Flutter Mane|Flutter Mane, L50, shiny|100\/100\n|switch|p2a: Corviknight|Corviknight, L50, M|100\/100\n|switch|p2b: Garchomp|Garchomp, L50, M|100\/100\n|-enditem|p1a: Iron Jugulis|Booster Energy\n|-activate|p1a: Iron Jugulis|ability: Quark Drive|[fromitem]\n|-start|p1a: Iron Jugulis|quarkdrivespe\n|turn|1\n|inactive|Maaaak has 30 seconds left.\n|\n|t:|1681706579\n|-terastallize|p2b: Garchomp|Fire\n|move|p1a: Iron Jugulis|Tailwind|p1a: Iron Jugulis\n|-sidestart|p1: Maaaak|move: Tailwind\n|move|p1b: Flutter Mane|Dazzling Gleam|p2b: Garchomp|[spread] p2a,p2b\n|-resisted|p2a: Corviknight\n|-resisted|p2b: Garchomp\n|-damage|p2a: Corviknight|87\/100\n|-damage|p2b: Garchomp|81\/100\n|move|p2b: Garchomp|Rock Slide|p1b: Flutter Mane|[spread] p1a,p1b\n|-supereffective|p1a: Iron Jugulis\n|-damage|p1a: Iron Jugulis|29\/100\n|-damage|p1b: Flutter Mane|52\/100\n|move|p2a: Corviknight|Tailwind|p2a: Corviknight\n|-sidestart|p2: Emberbloom|move: Tailwind\n|\n|upkeep\n|turn|2\n|\n|t:|1681706603\n|move|p1a: Iron Jugulis|Air Slash|p2b: Garchomp\n|-damage|p2b: Garchomp|43\/100\n|move|p1b: Flutter Mane|Shadow Ball|p2b: Garchomp\n|-damage|p2b: Garchomp|0 fnt\n|faint|p2b: Garchomp\n|move|p2a: Corviknight|Iron Head|p1b: Flutter Mane\n|-supereffective|p1b: Flutter Mane\n|-damage|p1b: Flutter Mane|0 fnt\n|faint|p1b: Flutter Mane\n|-end|p1b: Flutter Mane|Protosynthesis|[silent]\n|\n|upkeep\n|j| danieljnthn\n|j| Rabbihorn\n|\n|t:|1681706615\n|switch|p1b: Gholdengo|Gholdengo, L50|100\/100\n|switch|p2b: Tyranitar|Tyranitar, L50, M, shiny|100\/100\n|-weather|Sandstorm|[from] ability: Sand Stream|[of] p2b: Tyranitar\n|turn|3\n|inactive|Maaaak has 30 seconds left.\n|inactive|Emberbloom has 30 seconds left.\n|inactive|Emberbloom has 20 seconds left.\n|\n|t:|1681706660\n|-terastallize|p1b: Gholdengo|Ghost\n|move|p1a: Iron Jugulis|Dark Pulse|p2a: Corviknight\n|-damage|p2a: Corviknight|49\/100\n|move|p2a: Corviknight|Brave Bird|p1a: Iron Jugulis\n|-damage|p1a: Iron Jugulis|0 fnt\n|faint|p1a: Iron Jugulis\n|-end|p1a: Iron Jugulis|Quark Drive|[silent]\n|-damage|p2a: Corviknight|41\/100|[from] Recoil\n|move|p1b: Gholdengo|Nasty Plot|p1b: Gholdengo\n|-boost|p1b: Gholdengo|spa|2\n|move|p2b: Tyranitar|Fire Punch|p1b: Gholdengo\n|-damage|p1b: Gholdengo|73\/100\n|\n|-weather|Sandstorm|[upkeep]\n|-damage|p1b: Gholdengo|67\/100|[from] Sandstorm\n|-heal|p1b: Gholdengo|73\/100|[from] item: Leftovers\n|upkeep\n|\n|t:|1681706679\n|switch|p1a: Arcanine|Arcanine, L50, M|100\/100\n|-ability|p1a: Arcanine|Intimidate|boost\n|-ability|p2a: Corviknight|Mirror Armor\n|-unboost|p1a: Arcanine|atk|1\n|-unboost|p2b: Tyranitar|atk|1\n|turn|4\n|inactive|Maaaak has 30 seconds left.\n|\n|t:|1681706706\n|switch|p2b: Amoonguss|Amoonguss, L50, M|100\/100\n|move|p1a: Arcanine|Extreme Speed|p2a: Corviknight\n|-resisted|p2a: Corviknight\n|-crit|p2a: Corviknight\n|-damage|p2a: Corviknight|17\/100\n|move|p2a: Corviknight|Iron Head|p1b: Gholdengo\n|-damage|p1b: Gholdengo|47\/100\n|cant|p1b: Gholdengo|flinch\n|\n|-weather|Sandstorm|[upkeep]\n|-damage|p1a: Arcanine|95\/100|[from] Sandstorm\n|-damage|p1b: Gholdengo|41\/100|[from] Sandstorm\n|-damage|p2b: Amoonguss|95\/100|[from] Sandstorm\n|-heal|p1b: Gholdengo|47\/100|[from] item: Leftovers\n|-sideend|p1: Maaaak|move: Tailwind\n|-sideend|p2: Emberbloom|move: Tailwind\n|upkeep\n|turn|5\n|inactive|Maaaak has 30 seconds left.\n|inactive|Emberbloom has 30 seconds left.\n|\n|t:|1681706734\n|move|p1a: Arcanine|Extreme Speed|p2b: Amoonguss\n|-damage|p2b: Amoonguss|73\/100\n|-damage|p1a: Arcanine|78\/100|[from] item: Rocky Helmet|[of] p2b: Amoonguss\n|move|p2a: Corviknight|Tailwind|p2a: Corviknight\n|-sidestart|p2: Emberbloom|move: Tailwind\n|move|p1b: Gholdengo|Make It Rain|p2a: Corviknight|[spread] p2a,p2b\n|-resisted|p2a: Corviknight\n|-damage|p2a: Corviknight|0 fnt\n|-damage|p2b: Amoonguss|0 fnt\n|-unboost|p1b: Gholdengo|spa|1\n|faint|p2a: Corviknight\n|faint|p2b: Amoonguss\n|\n|-weather|Sandstorm|[upkeep]\n|-damage|p1a: Arcanine|73\/100|[from] Sandstorm\n|-damage|p1b: Gholdengo|41\/100|[from] Sandstorm\n|-heal|p1b: Gholdengo|47\/100|[from] item: Leftovers\n|upkeep\n|\n|t:|1681706739\n|switch|p2b: Tyranitar|Tyranitar, L50, M, shiny|100\/100\n|turn|6\n|\n|t:|1681706757\n|move|p1b: Gholdengo|Protect|p1b: Gholdengo\n|-singleturn|p1b: Gholdengo|Protect\n|move|p1a: Arcanine|Extreme Speed|p2b: Tyranitar\n|-resisted|p2b: Tyranitar\n|-damage|p2b: Tyranitar|90\/100\n|move|p2b: Tyranitar|Rock Slide|p1a: Arcanine|[spread] p1a\n|-activate|p1b: Gholdengo|move: Protect\n|-supereffective|p1a: Arcanine\n|-damage|p1a: Arcanine|12\/100\n|\n|-weather|Sandstorm|[upkeep]\n|-damage|p1a: Arcanine|6\/100|[from] Sandstorm\n|-damage|p1b: Gholdengo|41\/100|[from] Sandstorm\n|-heal|p1b: Gholdengo|47\/100|[from] item: Leftovers\n|upkeep\n|turn|7\n|\n|t:|1681706775\n|move|p1a: Arcanine|Extreme Speed|p2b: Tyranitar\n|-resisted|p2b: Tyranitar\n|-damage|p2b: Tyranitar|79\/100\n|move|p2b: Tyranitar|Rock Slide|p1b: Gholdengo|[spread] p1a,p1b\n|-supereffective|p1a: Arcanine\n|-damage|p1a: Arcanine|0 fnt\n|-damage|p1b: Gholdengo|20\/100\n|faint|p1a: Arcanine\n|move|p1b: Gholdengo|Make It Rain|p2b: Tyranitar\n|-supereffective|p2b: Tyranitar\n|-damage|p2b: Tyranitar|0 fnt\n|-unboost|p1b: Gholdengo|spa|1\n|faint|p2b: Tyranitar\n|\n|win|Maaaak\n|raw|Maaaak's rating: 1491 → 1513<\/strong> (+22 for winning)\n|raw|Emberbloom's rating: 1532 → 1510<\/strong> (-22 for losing)\n","uploadtime":1681706782,"views":11,"p1id":"maaaak","p2id":"emberbloom","formatid":"gen9vgc2023regulationc","rating":1510,"private":0,"password":""}