{"id":"gen9vgc2023regulationc-1857444530","p1":"Karajony","p2":"hit my whip","format":"[Gen 9] VGC 2023 Regulation C","log":"|j|\u2606Karajony\n|j|\u2606hit my whip\n|t:|1683194214\n|gametype|doubles\n|player|p1|Karajony|worker-gen4|1220\n|player|p2|hit my whip|acetrainerf-gen4dp|1255\n|teamsize|p1|6\n|teamsize|p2|6\n|gen|9\n|tier|[Gen 9] VGC 2023 Regulation C\n|rated|\n|rule|Species Clause: Limit one of each Pok\u00e9mon\n|rule|Item Clause: Limit one of each item\n|clearpoke\n|poke|p1|Flutter Mane, L50|\n|poke|p1|Iron Hands, L50|\n|poke|p1|Baxcalibur, L50, M|\n|poke|p1|Scream Tail, L50|\n|poke|p1|Arcanine, L50, F|\n|poke|p1|Kingambit, L50, F|\n|poke|p2|Jumpluff, L50, M|\n|poke|p2|Torkoal, L50, F|\n|poke|p2|Arcanine, L50, M|\n|poke|p2|Cyclizar, L50, F|\n|poke|p2|Roaring Moon, L50|\n|poke|p2|Mimikyu, L50, M|\n|teampreview|4\n|inactive|Battle timer is ON: inactive players will automatically lose when time's up. (requested by hit my whip)\n|inactive|Karajony also wants the timer to be on.\n|inactive|Karajony has 60 seconds left.\n|\n|t:|1683194247\n|start\n|switch|p1a: Iron Hands|Iron Hands, L50|100\/100\n|switch|p1b: Scream Tail|Scream Tail, L50|100\/100\n|switch|p2a: dat boi|Cyclizar, L50, F|100\/100\n|switch|p2b: Torkoal|Torkoal, L50, F|100\/100\n|-weather|SunnyDay|[from] ability: Drought|[of] p2b: Torkoal\n|-activate|p1b: Scream Tail|ability: Protosynthesis\n|-start|p1b: Scream Tail|protosynthesisdef\n|turn|1\n|inactive|hit my whip has 30 seconds left.\n|\n|t:|1683194279\n|move|p2a: dat boi|Shed Tail|p2a: dat boi\n|-start|p2a: dat boi|Substitute|[from] move: Shed Tail\n|-damage|p2a: dat boi|50\/100\n|\n|t:|1683194282\n|switch|p2a: Arcanine|Arcanine, L50, M|100\/100|[from] Shed Tail\n|-ability|p2a: Arcanine|Intimidate|boost\n|-fail|p1a: Iron Hands|unboost|[from] item: Clear Amulet|[of] p1a: Iron Hands\n|-unboost|p1b: Scream Tail|atk|1\n|move|p1b: Scream Tail|Stealth Rock|p2a: Arcanine\n|-sidestart|p2: hit my whip|move: Stealth Rock\n|move|p1a: Iron Hands|Swords Dance|p1a: Iron Hands\n|-boost|p1a: Iron Hands|atk|2\n|move|p2b: Torkoal|Overheat|p1b: Scream Tail\n|-damage|p1b: Scream Tail|44\/100\n|-unboost|p2b: Torkoal|spa|2\n|-enditem|p2b: Torkoal|Eject Pack\n|\n|t:|1683194295\n|switch|p2b: dat boi|Cyclizar, L50, F|83\/100\n|-damage|p2b: dat boi|71\/100|[from] Stealth Rock\n|\n|-weather|SunnyDay|[upkeep]\n|upkeep\n|turn|2\n|inactive|Karajony has 30 seconds left.\n|\n|t:|1683194328\n|-end|p1b: Scream Tail|Protosynthesis|[silent]\n|switch|p1b: Baxcalibur|Baxcalibur, L50, M|100\/100\n|move|p2b: dat boi|Shed Tail|p2b: dat boi\n|-start|p2b: dat boi|Substitute|[from] move: Shed Tail\n|-damage|p2b: dat boi|21\/100\n|\n|t:|1683194332\n|switch|p2b: roaring mid|Roaring Moon, L50|100\/100|[from] Shed Tail\n|-damage|p2b: roaring mid|88\/100|[from] Stealth Rock\n|-activate|p2b: roaring mid|ability: Protosynthesis\n|-start|p2b: roaring mid|protosynthesisatk\n|move|p2a: Arcanine|Will-O-Wisp|p1a: Iron Hands|[miss]\n|-miss|p2a: Arcanine|p1a: Iron Hands\n|move|p1a: Iron Hands|Drain Punch|p2b: roaring mid\n|-supereffective|p2b: roaring mid\n|-end|p2b: roaring mid|Substitute\n|\n|-weather|SunnyDay|[upkeep]\n|upkeep\n|turn|3\n|inactive|Karajony has 30 seconds left.\n|\n|t:|1683194361\n|-terastallize|p2b: roaring mid|Fire\n|-terastallize|p1b: Baxcalibur|Water\n|move|p1a: Iron Hands|Detect|p1a: Iron Hands\n|-singleturn|p1a: Iron Hands|Protect\n|move|p2b: roaring mid|Breaking Swipe|p1b: Baxcalibur|[spread] p1b\n|-activate|p1a: Iron Hands|move: Protect\n|-damage|p1b: Baxcalibur|69\/100\n|-unboost|p1b: Baxcalibur|atk|1\n|move|p2a: Arcanine|Flare Blitz|p1a: Iron Hands\n|-activate|p1a: Iron Hands|move: Protect\n|move|p1b: Baxcalibur|Icicle Spear|p2b: roaring mid\n|-resisted|p2b: roaring mid\n|-damage|p2b: roaring mid|83\/100\n|-resisted|p2b: roaring mid\n|-damage|p2b: roaring mid|77\/100\n|-resisted|p2b: roaring mid\n|-damage|p2b: roaring mid|71\/100\n|-resisted|p2b: roaring mid\n|-damage|p2b: roaring mid|65\/100\n|-hitcount|p2b: roaring mid|4\n|\n|-weather|SunnyDay|[upkeep]\n|upkeep\n|turn|4\n|inactive|Karajony has 30 seconds left.\n|\n|t:|1683194392\n|switch|p1b: Arcanine|Arcanine, L50, F|100\/100\n|-ability|p1b: Arcanine|Intimidate|boost\n|-immune|p2a: Arcanine\n|-unboost|p2b: roaring mid|atk|1\n|move|p2b: roaring mid|Tera Blast|p1a: Iron Hands\n|-damage|p1a: Iron Hands|56\/100\n|move|p2a: Arcanine|Flare Blitz|p1a: Iron Hands\n|-damage|p1a: Iron Hands|0 fnt\n|faint|p1a: Iron Hands\n|-end|p1a: Iron Hands|Quark Drive|[silent]\n|-damage|p2a: Arcanine|78\/100|[from] Recoil\n|\n|-weather|SunnyDay|[upkeep]\n|upkeep\n|\n|t:|1683194408\n|switch|p1a: Scream Tail|Scream Tail, L50|44\/100\n|-activate|p1a: Scream Tail|ability: Protosynthesis\n|-start|p1a: Scream Tail|protosynthesisdef\n|turn|5\n|\n|t:|1683194420\n|move|p2b: roaring mid|Dragon Dance|p2b: roaring mid\n|-boost|p2b: roaring mid|atk|1\n|-boost|p2b: roaring mid|spe|1\n|move|p1a: Scream Tail|Encore|p2b: roaring mid\n|-start|p2b: roaring mid|Encore\n|move|p2a: Arcanine|Flare Blitz|p1a: Scream Tail\n|-damage|p1a: Scream Tail|0 fnt\n|faint|p1a: Scream Tail\n|-end|p1a: Scream Tail|Protosynthesis|[silent]\n|-damage|p2a: Arcanine|62\/100|[from] Recoil\n|move|p1b: Arcanine|Flare Blitz|p2a: Arcanine\n|-resisted|p2a: Arcanine\n|-end|p2a: Arcanine|Substitute\n|-damage|p1b: Arcanine|94\/100|[from] Recoil|[of] p2a: Arcanine\n|\n|-weather|none\n|-end|p2b: roaring mid|Protosynthesis\n|upkeep\n|\n|t:|1683194434\n|switch|p1a: Baxcalibur|Baxcalibur, L50, M, tera:Water|69\/100\n|turn|6\n|\n|t:|1683194454\n|-end|p2b: roaring mid|Protosynthesis|[silent]\n|switch|p2b: Torkoal|Torkoal, L50, F|100\/100\n|-damage|p2b: Torkoal|76\/100|[from] Stealth Rock\n|-weather|SunnyDay|[from] ability: Drought|[of] p2b: Torkoal\n|move|p2a: Arcanine|Flare Blitz|p1b: Arcanine\n|-resisted|p1b: Arcanine\n|-damage|p1b: Arcanine|47\/100\n|-enditem|p1b: Arcanine|Sitrus Berry|[eat]\n|-heal|p1b: Arcanine|72\/100|[from] item: Sitrus Berry\n|-damage|p2a: Arcanine|46\/100|[from] Recoil\n|move|p1b: Arcanine|Howl|p1b: Arcanine|[spread] p1a,p1b\n|-boost|p1a: Baxcalibur|atk|1\n|-boost|p1b: Arcanine|atk|1\n|move|p1a: Baxcalibur|Glaive Rush|p2b: Torkoal\n|-damage|p2b: Torkoal|0 fnt\n|-singlemove|p1a: Baxcalibur|Glaive Rush|[silent]\n|faint|p2b: Torkoal\n|\n|-weather|SunnyDay|[upkeep]\n|upkeep\n|\n|t:|1683194472\n|switch|p2b: roaring mid|Roaring Moon, L50, tera:Fire|65\/100\n|-damage|p2b: roaring mid|41\/100|[from] Stealth Rock\n|-activate|p2b: roaring mid|ability: Protosynthesis\n|-start|p2b: roaring mid|protosynthesisatk\n|turn|7\n|\n|t:|1683194486\n|move|p1b: Arcanine|Protect|p1b: Arcanine\n|-singleturn|p1b: Arcanine|Protect\n|move|p1a: Baxcalibur|Protect|p1a: Baxcalibur\n|-singleturn|p1a: Baxcalibur|Protect\n|move|p2a: Arcanine|Extreme Speed|p1a: Baxcalibur\n|-activate|p1a: Baxcalibur|move: Protect\n|move|p2b: roaring mid|Breaking Swipe|p1a: Baxcalibur|[spread] \n|-activate|p1a: Baxcalibur|move: Protect\n|-activate|p1b: Arcanine|move: Protect\n|\n|-weather|SunnyDay|[upkeep]\n|upkeep\n|turn|8\n|\n|t:|1683194507\n|move|p2a: Arcanine|Extreme Speed|p1a: Baxcalibur\n|-damage|p1a: Baxcalibur|49\/100\n|move|p2b: roaring mid|Breaking Swipe|p1b: Arcanine|[spread] p1a,p1b\n|-crit|p1b: Arcanine\n|-damage|p1a: Baxcalibur|22\/100\n|-damage|p1b: Arcanine|15\/100\n|-unboost|p1a: Baxcalibur|atk|1\n|-unboost|p1b: Arcanine|atk|1\n|move|p1b: Arcanine|Flare Blitz|p2b: roaring mid\n|-resisted|p2b: roaring mid\n|-damage|p2b: roaring mid|0 fnt\n|faint|p2b: roaring mid\n|-end|p2b: roaring mid|Protosynthesis|[silent]\n|-damage|p1b: Arcanine|2\/100|[from] Recoil\n|move|p1a: Baxcalibur|Glaive Rush|p2a: Arcanine\n|-damage|p2a: Arcanine|0 fnt\n|-singlemove|p1a: Baxcalibur|Glaive Rush|[silent]\n|faint|p2a: Arcanine\n|\n|-weather|SunnyDay|[upkeep]\n|upkeep\n|inactive|hit my whip has 30 seconds left.\n|\n|t:|1683194536\n|switch|p2b: dat boi|Cyclizar, L50, F|54\/100\n|-damage|p2b: dat boi|42\/100|[from] Stealth Rock\n|turn|9\n|\n|t:|1683194546\n|move|p1b: Arcanine|Protect|p1b: Arcanine\n|-singleturn|p1b: Arcanine|Protect\n|move|p1a: Baxcalibur|Protect|p1a: Baxcalibur\n|-singleturn|p1a: Baxcalibur|Protect\n|move|p2b: dat boi|Breaking Swipe|p1b: Arcanine|[spread] \n|-activate|p1a: Baxcalibur|move: Protect\n|-activate|p1b: Arcanine|move: Protect\n|\n|-weather|SunnyDay|[upkeep]\n|upkeep\n|turn|10\n|\n|t:|1683194564\n|move|p1a: Baxcalibur|Ice Shard|p2b: dat boi\n|-supereffective|p2b: dat boi\n|-damage|p2b: dat boi|0 fnt\n|faint|p2b: dat boi\n|\n|win|Karajony\n|raw|Karajony's rating: 1220 → 1249<\/strong> (+29 for winning)\n|raw|hit my whip's rating: 1276 → 1247<\/strong> (-29 for losing)\n|l|\u2606hit my whip\n","uploadtime":1683194571,"views":14,"p1id":"karajony","p2id":"hitmywhip","formatid":"gen9vgc2023regulationc","rating":1247,"private":0,"password":""}