{"id":"gen9vgc2023regulationc-1864212700","p1":"Minimugs","p2":"Ahtvm","format":"[Gen 9] VGC 2023 Regulation C","log":"|j|\u2606Minimugs\n|j|\u2606Ahtvm\n|t:|1684137795\n|gametype|doubles\n|player|p1|Minimugs|steven|1081\n|player|p2|Ahtvm|shadowtriad|1056\n|teamsize|p1|6\n|teamsize|p2|6\n|gen|9\n|tier|[Gen 9] VGC 2023 Regulation C\n|rated|\n|rule|Species Clause: Limit one of each Pok\u00e9mon\n|rule|Item Clause: Limit one of each item\n|clearpoke\n|poke|p1|Annihilape, L50, F|\n|poke|p1|Amoonguss, L50, F|\n|poke|p1|Indeedee-F, L50, F|\n|poke|p1|Armarouge, L50, M|\n|poke|p1|Great Tusk, L50|\n|poke|p1|Torkoal, L50, F|\n|poke|p2|Torkoal, L50, F|\n|poke|p2|Chi-Yu, L50|\n|poke|p2|Dragonite, L50, F|\n|poke|p2|Iron Hands, L50|\n|poke|p2|Garchomp, L50, M|\n|poke|p2|Gholdengo, L50|\n|teampreview|4\n|inactive|Battle timer is ON: inactive players will automatically lose when time's up. (requested by Minimugs)\n|inactive|Ahtvm has 60 seconds left.\n|\n|t:|1684137851\n|start\n|switch|p1a: Amoonguss|Amoonguss, L50, F|100\/100\n|switch|p1b: Indeedee|Indeedee-F, L50, F|100\/100\n|switch|p2a: Torkoal|Torkoal, L50, F|100\/100\n|switch|p2b: Chi-Yu|Chi-Yu, L50|100\/100\n|-ability|p2b: Chi-Yu|Beads of Ruin\n|-fieldstart|move: Psychic Terrain|[from] ability: Psychic Surge|[of] p1b: Indeedee\n|-weather|SunnyDay|[from] ability: Drought|[of] p2a: Torkoal\n|turn|1\n|\n|t:|1684137865\n|move|p1a: Amoonguss|Protect|p1a: Amoonguss\n|-singleturn|p1a: Amoonguss|Protect\n|move|p2b: Chi-Yu|Dark Pulse|p1b: Indeedee\n|-supereffective|p1b: Indeedee\n|-damage|p1b: Indeedee|0 fnt\n|faint|p1b: Indeedee\n|move|p2a: Torkoal|Stealth Rock|p1a: Amoonguss\n|-sidestart|p1: Minimugs|move: Stealth Rock\n|\n|-weather|SunnyDay|[upkeep]\n|upkeep\n|\n|t:|1684137872\n|switch|p1b: Great Tusk|Great Tusk, L50|100\/100\n|-damage|p1b: Great Tusk|98\/100|[from] Stealth Rock\n|-activate|p1b: Great Tusk|ability: Protosynthesis\n|-start|p1b: Great Tusk|protosynthesisatk\n|turn|2\n|\n|t:|1684137891\n|-terastallize|p1a: Amoonguss|Dark\n|move|p2b: Chi-Yu|Dark Pulse|p1a: Amoonguss\n|-resisted|p1a: Amoonguss\n|-damage|p1a: Amoonguss|75\/100\n|move|p1b: Great Tusk|Play Rough|p2b: Chi-Yu|[miss]\n|-miss|p1b: Great Tusk|p2b: Chi-Yu\n|move|p2a: Torkoal|Solar Beam||[still]\n|-prepare|p2a: Torkoal|Solar Beam\n|-anim|p2a: Torkoal|Solar Beam|p1b: Great Tusk\n|-supereffective|p1b: Great Tusk\n|-damage|p1b: Great Tusk|28\/100\n|cant|p1a: Amoonguss|flinch\n|\n|-weather|SunnyDay|[upkeep]\n|-heal|p1b: Great Tusk|34\/100|[from] item: Leftovers\n|-damage|p1a: Amoonguss|63\/100|[from] item: Black Sludge\n|upkeep\n|turn|3\n|inactive|Ahtvm has 30 seconds left.\n|\n|t:|1684137920\n|move|p2b: Chi-Yu|Dark Pulse|p1b: Great Tusk\n|-resisted|p1b: Great Tusk\n|-damage|p1b: Great Tusk|2\/100\n|move|p1b: Great Tusk|Headlong Rush|p2a: Torkoal\n|-supereffective|p2a: Torkoal\n|-damage|p2a: Torkoal|2\/100\n|-unboost|p1b: Great Tusk|def|1\n|-unboost|p1b: Great Tusk|spd|1\n|move|p2a: Torkoal|Body Press|p1a: Amoonguss\n|-supereffective|p1a: Amoonguss\n|-damage|p1a: Amoonguss|3\/100\n|move|p1a: Amoonguss|Spore|p2b: Chi-Yu\n|-status|p2b: Chi-Yu|slp|[from] move: Spore\n|\n|-weather|SunnyDay|[upkeep]\n|-heal|p1b: Great Tusk|8\/100|[from] item: Leftovers\n|-damage|p1a: Amoonguss|0 fnt|[from] item: Black Sludge\n|faint|p1a: Amoonguss\n|upkeep\n|\n|t:|1684137936\n|switch|p1a: Torkoal|Torkoal, L50, F|100\/100\n|-damage|p1a: Torkoal|76\/100|[from] Stealth Rock\n|turn|4\n|\n|t:|1684137958\n|switch|p2b: Dragonite|Dragonite, L50, F|100\/100\n|move|p1b: Great Tusk|Protect|p1b: Great Tusk\n|-singleturn|p1b: Great Tusk|Protect\n|move|p2a: Torkoal|Eruption|p1a: Torkoal|[spread] p1a\n|-activate|p1b: Great Tusk|move: Protect\n|-resisted|p1a: Torkoal\n|-damage|p1a: Torkoal|75\/100\n|move|p1a: Torkoal|Eruption|p2a: Torkoal|[spread] p2a,p2b\n|-resisted|p2a: Torkoal\n|-resisted|p2b: Dragonite\n|-damage|p2a: Torkoal|0 fnt\n|-damage|p2b: Dragonite|81\/100\n|faint|p2a: Torkoal\n|\n|-weather|SunnyDay|[upkeep]\n|-heal|p1b: Great Tusk|14\/100|[from] item: Leftovers\n|upkeep\n|\n|t:|1684137974\n|switch|p2a: Iron Hands|Iron Hands, L50|100\/100\n|turn|5\n|\n|t:|1684137983\n|move|p2a: Iron Hands|Fake Out|p1b: Great Tusk\n|-activate|p1b: Great Tusk|move: Psychic Terrain\n|move|p2b: Dragonite|Dragon Dance|p2b: Dragonite\n|-boost|p2b: Dragonite|atk|1\n|-boost|p2b: Dragonite|spe|1\n|move|p1b: Great Tusk|Play Rough|p2b: Dragonite\n|-supereffective|p2b: Dragonite\n|-damage|p2b: Dragonite|0 fnt\n|faint|p2b: Dragonite\n|move|p1a: Torkoal|Eruption|p2a: Iron Hands\n|-damage|p2a: Iron Hands|13\/100\n|\n|-weather|SunnyDay|[upkeep]\n|-heal|p1b: Great Tusk|19\/100|[from] item: Leftovers\n|-heal|p2a: Iron Hands|19\/100|[from] item: Leftovers\n|-fieldend|move: Psychic Terrain\n|upkeep\n|\n|t:|1684137995\n|switch|p2b: Chi-Yu|Chi-Yu, L50|100\/100 slp\n|-ability|p2b: Chi-Yu|Beads of Ruin\n|turn|6\n|\n|t:|1684138009\n|cant|p2b: Chi-Yu|slp\n|move|p1b: Great Tusk|Close Combat|p2b: Chi-Yu\n|-supereffective|p2b: Chi-Yu\n|-damage|p2b: Chi-Yu|0 fnt\n|-unboost|p1b: Great Tusk|def|1\n|-unboost|p1b: Great Tusk|spd|1\n|faint|p2b: Chi-Yu\n|move|p2a: Iron Hands|Wild Charge|p1b: Great Tusk\n|-immune|p1b: Great Tusk\n|move|p1a: Torkoal|Eruption|p2a: Iron Hands\n|-damage|p2a: Iron Hands|0 fnt\n|faint|p2a: Iron Hands\n|-end|p2a: Iron Hands|Quark Drive|[silent]\n|\n|win|Minimugs\n|raw|Minimugs's rating: 1081 → 1107<\/strong> (+26 for winning)\n|raw|Ahtvm's rating: 1056 → 1039<\/strong> (-17 for losing)\n|l|\u2606Ahtvm\n|c|\u2606Minimugs|g\n","uploadtime":1684138026,"views":14,"p1id":"minimugs","p2id":"ahtvm","formatid":"gen9vgc2023regulationc","rating":1039,"private":0,"password":""}