{"id":"gen9vgc2023regulationc-1854445864","p1":"CrimsonSky05","p2":"my form empties","format":"[Gen 9] VGC 2023 Regulation C","log":"|j|\u2606CrimsonSky05\n|j|\u2606my form empties\n|t:|1682811880\n|gametype|doubles\n|player|p1|CrimsonSky05|steven|1299\n|player|p2|my form empties|unknownf|1236\n|teamsize|p1|6\n|teamsize|p2|6\n|gen|9\n|tier|[Gen 9] VGC 2023 Regulation C\n|rated|\n|rule|Species Clause: Limit one of each Pok\u00e9mon\n|rule|Item Clause: Limit one of each item\n|clearpoke\n|poke|p1|Flutter Mane, L50|\n|poke|p1|Amoonguss, L50, F|\n|poke|p1|Palafin, L50, M|\n|poke|p1|Ting-Lu, L50|\n|poke|p1|Armarouge, L50, M|\n|poke|p1|Indeedee-F, L50, F|\n|poke|p2|Roaring Moon, L50|\n|poke|p2|Corviknight, L50, M|\n|poke|p2|Garchomp, L50, F|\n|poke|p2|Flutter Mane, L50|\n|poke|p2|Chi-Yu, L50|\n|poke|p2|Gyarados, L50, M|\n|teampreview|4\nmy form empties has agreed to open team sheets.\nCrimsonSky05 has agreed to open team sheets.\n|\n|t:|1682811918\n|start\n|switch|p1a: Armarouge|Armarouge, L50, M|100\/100\n|switch|p1b: Flutter Mane|Flutter Mane, L50|100\/100\n|switch|p2a: Roaring Moon|Roaring Moon, L50|100\/100\n|switch|p2b: Garchomp|Garchomp, L50, F|100\/100\n|-enditem|p2a: Roaring Moon|Booster Energy\n|-activate|p2a: Roaring Moon|ability: Protosynthesis|[fromitem]\n|-start|p2a: Roaring Moon|protosynthesisspe\n|turn|1\n|\n|t:|1682811946\n|-terastallize|p1a: Armarouge|Grass\n|move|p2a: Roaring Moon|Protect|p2a: Roaring Moon\n|-singleturn|p2a: Roaring Moon|Protect\n|move|p1b: Flutter Mane|Moonblast|p2a: Roaring Moon\n|-activate|p2a: Roaring Moon|move: Protect\n|move|p2b: Garchomp|Earthquake|p1b: Flutter Mane|[spread] p1a,p1b\n|-activate|p2a: Roaring Moon|move: Protect\n|-resisted|p1a: Armarouge\n|-damage|p1a: Armarouge|82\/100\n|-damage|p1b: Flutter Mane|15\/100\n|move|p1a: Armarouge|Trick Room|p1a: Armarouge\n|-fieldstart|move: Trick Room|[of] p1a: Armarouge\n|\n|upkeep\n|turn|2\n|\n|t:|1682811982\n|-end|p2a: Roaring Moon|Protosynthesis|[silent]\n|switch|p2a: Corviknight|Corviknight, L50, M|100\/100\n|move|p1a: Armarouge|Expanding Force|p2b: Garchomp\n|-damage|p2b: Garchomp|46\/100\n|move|p2b: Garchomp|Rock Slide|p1a: Armarouge|[spread] p1a\n|-miss|p2b: Garchomp|p1b: Flutter Mane\n|-damage|p1a: Armarouge|64\/100\n|move|p1b: Flutter Mane|Moonblast|p2a: Corviknight\n|-resisted|p2a: Corviknight\n|-damage|p2a: Corviknight|73\/100\n|\n|upkeep\n|turn|3\n|\n|t:|1682811996\n|-end|p1b: Flutter Mane|Protosynthesis|[silent]\n|switch|p1b: Indeedee|Indeedee-F, L50, F|100\/100\n|-fieldstart|move: Psychic Terrain|[from] ability: Psychic Surge|[of] p1b: Indeedee\n|-enditem|p1b: Indeedee|Psychic Seed\n|-boost|p1b: Indeedee|spd|1|[from] item: Psychic Seed\n|-terastallize|p2a: Corviknight|Fire\n|move|p1a: Armarouge|Expanding Force|p2b: Garchomp|[spread] p2a,p2b\n|-damage|p2a: Corviknight|1\/100\n|-damage|p2b: Garchomp|0 fnt\n|-enditem|p2a: Corviknight|Sitrus Berry|[eat]\n|-heal|p2a: Corviknight|26\/100|[from] item: Sitrus Berry\n|faint|p2b: Garchomp\n|move|p2a: Corviknight|Brave Bird|p1a: Armarouge\n|-supereffective|p1a: Armarouge\n|-crit|p1a: Armarouge\n|-damage|p1a: Armarouge|0 fnt\n|faint|p1a: Armarouge\n|-damage|p2a: Corviknight|6\/100|[from] Recoil\n|\n|upkeep\n|\n|t:|1682812014\n|switch|p1a: Ting-Lu|Ting-Lu, L50|100\/100\n|switch|p2b: Gyarados|Gyarados, L50, M|100\/100\n|-ability|p1a: Ting-Lu|Vessel of Ruin\n|-ability|p2b: Gyarados|Intimidate|boost\n|-unboost|p1a: Ting-Lu|atk|1\n|-unboost|p1b: Indeedee|atk|1\n|turn|4\n|\n|t:|1682812042\n|move|p1b: Indeedee|Helping Hand|p1a: Ting-Lu\n|-singleturn|p1a: Ting-Lu|Helping Hand|[of] p1b: Indeedee\n|move|p1a: Ting-Lu|Throat Chop|p2b: Gyarados\n|-damage|p2b: Gyarados|62\/100\n|-start|p2b: Gyarados|Throat Chop|[silent]\n|move|p2a: Corviknight|Roost|p2a: Corviknight\n|-heal|p2a: Corviknight|57\/100\n|move|p2b: Gyarados|Taunt|p1b: Indeedee\n|-start|p1b: Indeedee|move: Taunt\n|\n|-heal|p2b: Gyarados|68\/100|[from] item: Leftovers\n|upkeep\n|turn|5\n|\n|t:|1682812061\n|switch|p1b: Flutter Mane|Flutter Mane, L50|15\/100\n|move|p1a: Ting-Lu|Throat Chop|p2b: Gyarados\n|-damage|p2b: Gyarados|42\/100\n|move|p2a: Corviknight|Roost|p2a: Corviknight\n|-heal|p2a: Corviknight|100\/100\n|move|p2b: Gyarados|Waterfall|p1a: Ting-Lu\n|-supereffective|p1a: Ting-Lu\n|-damage|p1a: Ting-Lu|46\/100\n|-enditem|p1a: Ting-Lu|Weakness Policy\n|-boost|p1a: Ting-Lu|atk|2|[from] item: Weakness Policy\n|-boost|p1a: Ting-Lu|spa|2|[from] item: Weakness Policy\n|\n|-heal|p2b: Gyarados|49\/100|[from] item: Leftovers\n|-end|p2b: Gyarados|Throat Chop|[silent]\n|-fieldend|move: Trick Room\n|upkeep\n|turn|6\n|\n|t:|1682812093\n|-end|p1b: Flutter Mane|Protosynthesis|[silent]\n|switch|p1b: Indeedee|Indeedee-F, L50, F|100\/100\n|move|p2b: Gyarados|Protect|p2b: Gyarados\n|-singleturn|p2b: Gyarados|Protect\n|move|p1a: Ting-Lu|Protect|p1a: Ting-Lu\n|-singleturn|p1a: Ting-Lu|Protect\n|move|p2a: Corviknight|Tailwind|p2a: Corviknight\n|-sidestart|p2: my form empties|move: Tailwind\n|\n|-heal|p2b: Gyarados|55\/100|[from] item: Leftovers\n|upkeep\n|turn|7\n|\n|t:|1682812110\n|switch|p2a: Roaring Moon|Roaring Moon, L50|100\/100\n|move|p1a: Ting-Lu|Protect||[still]\n|-fail|p1a: Ting-Lu\n|move|p2b: Gyarados|Taunt|p1b: Indeedee\n|-start|p1b: Indeedee|move: Taunt\n|cant|p1b: Indeedee|move: Taunt|Trick Room\n|\n|-heal|p2b: Gyarados|61\/100|[from] item: Leftovers\n|-fieldend|move: Psychic Terrain\n|upkeep\n|turn|8\n|\n|t:|1682812123\n|switch|p1b: Flutter Mane|Flutter Mane, L50|15\/100\n|move|p1a: Ting-Lu|Protect|p1a: Ting-Lu\n|-singleturn|p1a: Ting-Lu|Protect\n|move|p2a: Roaring Moon|Throat Chop|p1b: Flutter Mane\n|-damage|p1b: Flutter Mane|0 fnt\n|faint|p1b: Flutter Mane\n|-end|p1b: Flutter Mane|Protosynthesis|[silent]\n|move|p2b: Gyarados|Waterfall|p1a: Ting-Lu\n|-activate|p1a: Ting-Lu|move: Protect\n|\n|-heal|p2b: Gyarados|67\/100|[from] item: Leftovers\n|upkeep\n|\n|t:|1682812134\n|switch|p1b: Indeedee|Indeedee-F, L50, F|100\/100\n|-fieldstart|move: Psychic Terrain|[from] ability: Psychic Surge|[of] p1b: Indeedee\n|turn|9\n|\n|t:|1682812147\n|move|p2a: Roaring Moon|Throat Chop|p1b: Indeedee\n|-supereffective|p1b: Indeedee\n|-damage|p1b: Indeedee|21\/100\n|-start|p1b: Indeedee|Throat Chop|[silent]\n|move|p2b: Gyarados|Waterfall|p1a: Ting-Lu\n|-supereffective|p1a: Ting-Lu\n|-damage|p1a: Ting-Lu|0 fnt\n|faint|p1a: Ting-Lu\n|move|p1b: Indeedee|Heal Pulse|p1: Ting-Lu|[notarget]\n|-fail|p1b: Indeedee\n|\n|-heal|p2b: Gyarados|73\/100|[from] item: Leftovers\n|-sideend|p2: my form empties|move: Tailwind\n|upkeep\n|turn|10\n|-message|CrimsonSky05 forfeited.\n|\n|win|my form empties\n|raw|CrimsonSky05's rating: 1299 → 1270<\/strong> (-29 for losing)\n|raw|my form empties's rating: 1236 → 1265<\/strong> (+29 for winning)\n|l|\u2606CrimsonSky05\n","uploadtime":1682812156,"views":19,"p1id":"crimsonsky05","p2id":"myformempties","formatid":"gen9vgc2023regulationc","rating":1265,"private":0,"password":""}