{"id":"gen9vgc2023regulationc-1861896005","p1":"tcalver","p2":"XinBluQAQ","format":"[Gen 9] VGC 2023 Regulation C","log":"|j|\u2606tcalver\n|j|\u2606XinBluQAQ\n|t:|1683818790\n|gametype|doubles\n|player|p1|tcalver|102|1354\n|player|p2|XinBluQAQ|shadowtriad|1351\n|teamsize|p1|6\n|teamsize|p2|6\n|gen|9\n|tier|[Gen 9] VGC 2023 Regulation C\n|rated|\n|rule|Species Clause: Limit one of each Pok\u00e9mon\n|rule|Item Clause: Limit one of each item\n|clearpoke\n|poke|p1|Oranguru, L50, M|\n|poke|p1|Chi-Yu, L50|\n|poke|p1|Torkoal, L50, M|\n|poke|p1|Scream Tail, L50|\n|poke|p1|Iron Jugulis, L50|\n|poke|p1|Flutter Mane, L50|\n|poke|p2|Iron Bundle, L50|\n|poke|p2|Dondozo, L50, M|\n|poke|p2|Tatsugiri, L50, F|\n|poke|p2|Glimmora, L50, M|\n|poke|p2|Dragonite, L50, F|\n|poke|p2|Chi-Yu, L50|\n|teampreview|4\n|inactive|Battle timer is ON: inactive players will automatically lose when time's up. (requested by tcalver)\n|\n|t:|1683818872\n|start\n|switch|p1a: Scream Tail|Scream Tail, L50|100\/100\n|switch|p1b: Torkoal|Torkoal, L50, M|100\/100\n|switch|p2a: Glimmora|Glimmora, L50, M|100\/100\n|switch|p2b: Dondozo|Dondozo, L50, M|100\/100\n|-weather|SunnyDay|[from] ability: Drought|[of] p1b: Torkoal\n|-activate|p1a: Scream Tail|ability: Protosynthesis\n|-start|p1a: Scream Tail|protosynthesisspe\n|turn|1\n|inactive|tcalver has 30 seconds left.\n|\n|t:|1683818911\n|-terastallize|p1a: Scream Tail|Steel\n|move|p1a: Scream Tail|Reflect|p1a: Scream Tail\n|-sidestart|p1: tcalver|Reflect\n|move|p2a: Glimmora|Power Gem|p1b: Torkoal\n|-supereffective|p1b: Torkoal\n|-crit|p1b: Torkoal\n|-damage|p1b: Torkoal|0 fnt\n|faint|p1b: Torkoal\n|move|p2b: Dondozo|Wave Crash|p1a: Scream Tail\n|-damage|p1a: Scream Tail|87\/100\n|-damage|p2b: Dondozo|96\/100|[from] Recoil\n|\n|-weather|SunnyDay|[upkeep]\n|-heal|p2b: Dondozo|100\/100|[from] item: Leftovers\n|upkeep\n|\n|t:|1683818923\n|switch|p1b: Iron Jugulis|Iron Jugulis, L50|100\/100\n|-enditem|p1b: Iron Jugulis|Booster Energy\n|-activate|p1b: Iron Jugulis|ability: Quark Drive|[fromitem]\n|-start|p1b: Iron Jugulis|quarkdrivespa\n|turn|2\n|\n|t:|1683818947\n|move|p1a: Scream Tail|Disable|p2a: Glimmora\n|-start|p2a: Glimmora|Disable|Power Gem\n|move|p1b: Iron Jugulis|Dark Pulse|p2b: Dondozo\n|-damage|p2b: Dondozo|55\/100\n|cant|p2a: Glimmora|Disable|Power Gem\n|cant|p2b: Dondozo|flinch\n|\n|-weather|SunnyDay|[upkeep]\n|-heal|p2b: Dondozo|61\/100|[from] item: Leftovers\n|upkeep\n|turn|3\n|\n|t:|1683818966\n|move|p2b: Dondozo|Protect|p2b: Dondozo\n|-singleturn|p2b: Dondozo|Protect\n|move|p1a: Scream Tail|Light Screen|p1a: Scream Tail\n|-sidestart|p1: tcalver|move: Light Screen\n|move|p1b: Iron Jugulis|Dark Pulse|p2b: Dondozo\n|-activate|p2b: Dondozo|move: Protect\n|move|p2a: Glimmora|Mortal Spin|p1a: Scream Tail|[spread] p1b\n|-immune|p1a: Scream Tail\n|-damage|p1b: Iron Jugulis|97\/100\n|-status|p1b: Iron Jugulis|psn\n|\n|-weather|SunnyDay|[upkeep]\n|-heal|p2b: Dondozo|68\/100|[from] item: Leftovers\n|-damage|p1b: Iron Jugulis|85\/100 psn|[from] psn\n|upkeep\n|turn|4\n|inactive|XinBluQAQ has 30 seconds left.\n|\n|t:|1683818998\n|switch|p2b: Dragonite|Dragonite, L50, F|100\/100\n|move|p1a: Scream Tail|Thunder Wave|p2b: Dragonite\n|-status|p2b: Dragonite|par\n|move|p1b: Iron Jugulis|Dark Pulse|p2b: Dragonite\n|-damage|p2b: Dragonite|78\/100 par\n|move|p2a: Glimmora|Earth Power|p1a: Scream Tail\n|-supereffective|p1a: Scream Tail\n|-damage|p1a: Scream Tail|64\/100\n|\n|-weather|SunnyDay|[upkeep]\n|-damage|p1b: Iron Jugulis|72\/100 psn|[from] psn\n|upkeep\n|turn|5\n|inactive|XinBluQAQ has 30 seconds left.\n|\n|t:|1683819030\n|move|p1a: Scream Tail|Thunder Wave|p2a: Glimmora\n|-status|p2a: Glimmora|par\n|move|p1b: Iron Jugulis|Dark Pulse|p2b: Dragonite\n|-damage|p2b: Dragonite|34\/100 par\n|move|p2a: Glimmora|Energy Ball|p1a: Scream Tail\n|-resisted|p1a: Scream Tail\n|-damage|p1a: Scream Tail|57\/100\n|move|p2b: Dragonite|Ice Spinner|p1b: Iron Jugulis\n|-supereffective|p1b: Iron Jugulis\n|-damage|p1b: Iron Jugulis|16\/100 psn\n|\n|-weather|none\n|-end|p1a: Scream Tail|Protosynthesis\n|-damage|p1b: Iron Jugulis|4\/100 psn|[from] psn\n|-end|p2a: Glimmora|Disable\n|upkeep\n|turn|6\n|inactive|XinBluQAQ has 30 seconds left.\n|inactive|tcalver has 30 seconds left.\n|\n|t:|1683819068\n|-end|p1a: Scream Tail|Protosynthesis|[silent]\n|switch|p1a: Chi-Yu|Chi-Yu, L50|100\/100\n|-ability|p1a: Chi-Yu|Beads of Ruin\n|move|p1b: Iron Jugulis|Dark Pulse|p2a: Glimmora\n|-damage|p2a: Glimmora|64\/100 par\n|cant|p2a: Glimmora|par\n|move|p2b: Dragonite|Ice Spinner|p1a: Chi-Yu\n|-resisted|p1a: Chi-Yu\n|-damage|p1a: Chi-Yu|80\/100\n|\n|-damage|p1b: Iron Jugulis|0 fnt|[from] psn\n|faint|p1b: Iron Jugulis\n|-end|p1b: Iron Jugulis|Quark Drive|[silent]\n|upkeep\n|\n|t:|1683819080\n|switch|p1b: Scream Tail|Scream Tail, L50, tera:Steel|57\/100\n|turn|7\n|\n|t:|1683819100\n|move|p1b: Scream Tail|Disable|p2b: Dragonite\n|-start|p2b: Dragonite|Disable|Ice Spinner\n|move|p1a: Chi-Yu|Heat Wave|p2a: Glimmora|[spread] p2a\n|-miss|p1a: Chi-Yu|p2b: Dragonite\n|-resisted|p2a: Glimmora\n|-damage|p2a: Glimmora|50\/100 par\n|cant|p2a: Glimmora|par\n|cant|p2b: Dragonite|Disable|Ice Spinner\n|\n|upkeep\n|turn|8\n|\n|t:|1683819121\n|move|p1b: Scream Tail|Thunder Wave|p2b: Dragonite|[miss]\n|-miss|p1b: Scream Tail|p2b: Dragonite\n|move|p1a: Chi-Yu|Dark Pulse|p2a: Glimmora\n|-damage|p2a: Glimmora|16\/100 par\n|cant|p2a: Glimmora|flinch\n|-activate|p2b: Dragonite|move: Struggle\n|move|p2b: Dragonite|Struggle|p1b: Scream Tail\n|-damage|p1b: Scream Tail|42\/100\n|-damage|p2b: Dragonite|9\/100 par|[from] recoil\n|\n|-sideend|p1: tcalver|Reflect\n|upkeep\n|turn|9\n|\n|t:|1683819136\n|move|p1b: Scream Tail|Light Screen||[still]\n|-fail|p1b: Scream Tail\n|move|p1a: Chi-Yu|Dark Pulse|p2a: Glimmora\n|-damage|p2a: Glimmora|0 fnt\n|faint|p2a: Glimmora\n|-activate|p2b: Dragonite|move: Struggle\n|move|p2b: Dragonite|Struggle|p1b: Scream Tail\n|-damage|p1b: Scream Tail|22\/100\n|-damage|p2b: Dragonite|0 fnt|[from] recoil\n|faint|p2b: Dragonite\n|\n|upkeep\n|\n|t:|1683819149\n|switch|p2a: Iron Bundle|Iron Bundle, L50|100\/100\n|switch|p2b: Dondozo|Dondozo, L50, M|68\/100\n|-enditem|p2a: Iron Bundle|Booster Energy\n|-activate|p2a: Iron Bundle|ability: Quark Drive|[fromitem]\n|-start|p2a: Iron Bundle|quarkdrivespe\n|turn|10\n|\n|t:|1683819165\n|move|p2a: Iron Bundle|Protect|p2a: Iron Bundle\n|-singleturn|p2a: Iron Bundle|Protect\n|move|p1a: Chi-Yu|Protect|p1a: Chi-Yu\n|-singleturn|p1a: Chi-Yu|Protect\n|move|p1b: Scream Tail|Thunder Wave|p2a: Iron Bundle\n|-activate|p2a: Iron Bundle|move: Protect\n|move|p2b: Dondozo|Earthquake|p1b: Scream Tail|[spread] p1b\n|-activate|p2a: Iron Bundle|move: Protect\n|-activate|p1a: Chi-Yu|move: Protect\n|-supereffective|p1b: Scream Tail\n|-damage|p1b: Scream Tail|0 fnt\n|faint|p1b: Scream Tail\n|-end|p1b: Scream Tail|Protosynthesis|[silent]\n|\n|-heal|p2b: Dondozo|74\/100|[from] item: Leftovers\n|-sideend|p1: tcalver|move: Light Screen\n|upkeep\n|turn|11\n|-message|tcalver forfeited.\n|\n|win|XinBluQAQ\n|raw|tcalver's rating: 1354 → 1334<\/strong> (-20 for losing)\n|raw|XinBluQAQ's rating: 1351 → 1371<\/strong> (+20 for winning)\n|l|\u2606tcalver\n","uploadtime":1683819185,"views":13,"p1id":"tcalver","p2id":"xinbluqaq","formatid":"gen9vgc2023regulationc","rating":1334,"private":0,"password":""}