{"id":"gen9vgc2023regulationc-1848825958","p1":"Priest_of_Talos","p2":"Spearstorms","format":"[Gen 9] VGC 2023 Regulation C","log":"|j|\u2606Priest_of_Talos\n|j|\u2606Spearstorms\n|t:|1682114552\n|gametype|doubles\n|player|p1|Priest_of_Talos|boarder|\n|player|p2|Spearstorms|evelyn|\n|teamsize|p1|6\n|teamsize|p2|6\n|gen|9\n|tier|[Gen 9] VGC 2023 Regulation C\n|rule|Species Clause: Limit one of each Pok\u00e9mon\n|rule|Item Clause: Limit one of each item\n|clearpoke\n|poke|p1|Ting-Lu, L50|\n|poke|p1|Amoonguss, L50, M|\n|poke|p1|Palafin, L50, M|\n|poke|p1|Arcanine, L50, M|\n|poke|p1|Flutter Mane, L50|\n|poke|p1|Annihilape, L50, F|\n|poke|p2|Dondozo, L50, M|\n|poke|p2|Tatsugiri, L50, F|\n|poke|p2|Chi-Yu, L50|\n|poke|p2|Flutter Mane, L50|\n|poke|p2|Pawmot, L50, F|\n|poke|p2|Dragonite, L50, F|\n|teampreview|4\nSpearstorms has agreed to open team sheets.\nPriest_of_Talos has agreed to open team sheets.\n|\n|t:|1682114612\n|start\n|switch|p1a: Cuphead|Ting-Lu, L50|100\/100\n|switch|p1b: AMOGUS|Amoonguss, L50, M|100\/100\n|switch|p2a: Chi-Yu|Chi-Yu, L50|100\/100\n|switch|p2b: Tatsugiri|Tatsugiri, L50, F|100\/100\n|-ability|p2a: Chi-Yu|Beads of Ruin\n|-ability|p1a: Cuphead|Vessel of Ruin\n|turn|1\n|\n|t:|1682114630\n|move|p1b: AMOGUS|Protect|p1b: AMOGUS\n|-singleturn|p1b: AMOGUS|Protect\n|move|p2a: Chi-Yu|Heat Wave|p1b: AMOGUS|[spread] p1a\n|-activate|p1b: AMOGUS|move: Protect\n|-damage|p1a: Cuphead|79\/100\n|move|p2b: Tatsugiri|Taunt|p1b: AMOGUS\n|-activate|p1b: AMOGUS|move: Protect\n|move|p1a: Cuphead|Stomping Tantrum|p2a: Chi-Yu\n|-supereffective|p2a: Chi-Yu\n|-damage|p2a: Chi-Yu|0 fnt\n|faint|p2a: Chi-Yu\n|\n|upkeep\n|\n|t:|1682114641\n|switch|p2a: Flutter Mane|Flutter Mane, L50|100\/100\n|-enditem|p2a: Flutter Mane|Booster Energy\n|-activate|p2a: Flutter Mane|ability: Protosynthesis|[fromitem]\n|-start|p2a: Flutter Mane|protosynthesisspe\n|turn|2\n|\n|t:|1682114671\n|switch|p1b: Mr. Items|Annihilape, L50, F|100\/100\n|-terastallize|p1a: Cuphead|Poison\n|move|p2a: Flutter Mane|Moonblast|p1a: Cuphead\n|-resisted|p1a: Cuphead\n|-damage|p1a: Cuphead|69\/100\n|-unboost|p1a: Cuphead|spa|1\n|move|p2b: Tatsugiri|Taunt|p1b: Mr. Items\n|-start|p1b: Mr. Items|move: Taunt\n|move|p1a: Cuphead|Heavy Slam|p2a: Flutter Mane\n|-supereffective|p2a: Flutter Mane\n|-damage|p2a: Flutter Mane|0 fnt\n|faint|p2a: Flutter Mane\n|-end|p2a: Flutter Mane|Protosynthesis|[silent]\n|\n|upkeep\n|\n|t:|1682114683\n|switch|p2a: Dondozo|Dondozo, L50, M|100\/100\n|-activate|p2b: Tatsugiri|ability: Commander|[of] p2a: Dondozo\n|-boost|p2a: Dondozo|atk|2\n|-boost|p2a: Dondozo|spa|2\n|-boost|p2a: Dondozo|spe|2\n|-boost|p2a: Dondozo|def|2\n|-boost|p2a: Dondozo|spd|2\n|turn|3\n|\n|t:|1682114697\n|-terastallize|p2a: Dondozo|Grass\n|move|p1b: Mr. Items|Fling|p2a: Dondozo\n|-damage|p2a: Dondozo|92\/100\n|-enditem|p1b: Mr. Items|Rare Bone|[from] move: Fling\n|move|p2a: Dondozo|Earthquake|p1a: Cuphead|[spread] p1a,p1b\n|-miss|p2a: Dondozo|p2b: Tatsugiri\n|-supereffective|p1a: Cuphead\n|-crit|p1a: Cuphead\n|-damage|p1a: Cuphead|12\/100\n|-damage|p1b: Mr. Items|67\/100\n|move|p1a: Cuphead|Fissure|p2a: Dondozo\n|-damage|p2a: Dondozo|0 fnt\n|faint|p2a: Dondozo\n|-ohko\n|\n|upkeep\n|turn|4\n|\n|t:|1682114718\n|move|p2b: Tatsugiri|Muddy Water|p1b: Mr. Items|[spread] p1a,p1b\n|-damage|p1a: Cuphead|0 fnt\n|-damage|p1b: Mr. Items|45\/100\n|faint|p1a: Cuphead\n|move|p1b: Mr. Items|Thief|p2b: Tatsugiri\n|-damage|p2b: Tatsugiri|59\/100\n|-enditem|p2b: Tatsugiri|Sitrus Berry|[silent]|[from] move: Thief|[of] p1b: Mr. Items\n|-item|p1b: Mr. Items|Sitrus Berry|[from] move: Thief|[of] p2b: Tatsugiri\n|-enditem|p1b: Mr. Items|Sitrus Berry|[eat]\n|-heal|p1b: Mr. Items|70\/100|[from] item: Sitrus Berry\n|\n|-end|p1b: Mr. Items|move: Taunt\n|upkeep\n|\n|t:|1682114732\n|switch|p1a: AMOGUS|Amoonguss, L50, M|100\/100\n|turn|5\n|\n|t:|1682114739\n|move|p2b: Tatsugiri|Taunt|p1a: AMOGUS\n|-start|p1a: AMOGUS|move: Taunt\n|move|p1b: Mr. Items|Acrobatics|p2b: Tatsugiri\n|-damage|p2b: Tatsugiri|0 fnt\n|faint|p2b: Tatsugiri\n|\n|win|Priest_of_Talos\n|l|\u2606Spearstorms\n|l|\u2606Priest_of_Talos\n|j|\u2606Spearstorms\n|player|p2|Spearstorms|evelyn\n","uploadtime":1682114753,"views":8,"p1id":"priestoftalos","p2id":"spearstorms","formatid":"gen9vgc2023regulationc","rating":0,"private":0,"password":""}