{"id":"gen9vgc2023regulationc-1863502846","p1":"KingStevie","p2":"Thast","format":"[Gen 9] VGC 2023 Regulation C","log":"|j|\u2606KingStevie\n|j|\u2606Thast\n|t:|1684026236\n|gametype|doubles\n|player|p1|KingStevie|steven|1029\n|player|p2|Thast|plasmagrunt-gen5bw|1074\n|teamsize|p1|6\n|teamsize|p2|6\n|gen|9\n|tier|[Gen 9] VGC 2023 Regulation C\n|rated|\n|rule|Species Clause: Limit one of each Pok\u00e9mon\n|rule|Item Clause: Limit one of each item\n|clearpoke\n|poke|p1|Talonflame, L50, F|\n|poke|p1|Flutter Mane, L50|\n|poke|p1|Glimmora, L50, M|\n|poke|p1|Iron Hands, L50|\n|poke|p1|Palafin, L50, F|\n|poke|p1|Chien-Pao, L50|\n|poke|p2|Abomasnow, L50, M|\n|poke|p2|Cetitan, L50, F|\n|poke|p2|Iron Bundle, L50|\n|poke|p2|Avalugg, L50, F|\n|poke|p2|Eiscue, L50, F|\n|poke|p2|Rotom-Frost, L50|\n|teampreview|4\n|c|\u2606Thast|g; hf\n|c|\u2606Thast|gl hf*\n|\n|t:|1684026276\n|start\n|switch|p1a: Talonflame|Talonflame, L50, F|100\/100\n|switch|p1b: Iron Hands|Iron Hands, L50|100\/100\n|switch|p2a: Abomasnow|Abomasnow, L50, M, shiny|100\/100\n|switch|p2b: Avalugg|Avalugg, L50, F|100\/100\n|-weather|Snow|[from] ability: Snow Warning|[of] p2a: Abomasnow\n|turn|1\n|inactive|Battle timer is ON: inactive players will automatically lose when time's up. (requested by KingStevie)\n|\n|t:|1684026319\n|move|p1b: Iron Hands|Fake Out|p2b: Avalugg\n|-damage|p2b: Avalugg|96\/100\n|move|p1a: Talonflame|Taunt|p2a: Abomasnow\n|-start|p2a: Abomasnow|move: Taunt\n|move|p2a: Abomasnow|Leaf Storm|p1b: Iron Hands\n|-damage|p1b: Iron Hands|74\/100\n|-unboost|p2a: Abomasnow|spa|2\n|-enditem|p2a: Abomasnow|Eject Pack\n|\n|t:|1684026329\n|switch|p2a: Iron Bundle|Iron Bundle, L50|100\/100\n|-enditem|p2a: Iron Bundle|Booster Energy\n|-activate|p2a: Iron Bundle|ability: Quark Drive|[fromitem]\n|-start|p2a: Iron Bundle|quarkdrivespe\n|cant|p2b: Avalugg|flinch\n|\n|-weather|Snow|[upkeep]\n|-heal|p2b: Avalugg|100\/100|[from] ability: Ice Body\n|upkeep\n|turn|2\n|inactive|KingStevie has 30 seconds left.\n|\n|t:|1684026359\n|move|p1a: Talonflame|Tailwind|p1a: Talonflame\n|-sidestart|p1: KingStevie|move: Tailwind\n|move|p2a: Iron Bundle|Aurora Veil|p2a: Iron Bundle\n|-sidestart|p2: Thast|move: Aurora Veil\n|move|p1b: Iron Hands|Volt Switch|p2a: Iron Bundle\n|-supereffective|p2a: Iron Bundle\n|-damage|p2a: Iron Bundle|74\/100\n|\n|t:|1684026366\n|-end|p1b: Iron Hands|Quark Drive|[silent]\n|switch|p1b: Palafin|Palafin, L50, F, shiny|100\/100|[from] Volt Switch\n|move|p2b: Avalugg|Body Press|p1b: Palafin\n|-damage|p1b: Palafin|51\/100\n|\n|-weather|Snow|[upkeep]\n|upkeep\n|turn|3\n|inactive|KingStevie has 30 seconds left.\n|\n|t:|1684026392\n|detailschange|p1b: Palafin|Palafin-Hero, L50, F, shiny\n|switch|p1b: Iron Hands|Iron Hands, L50|74\/100\n|move|p1a: Talonflame|Taunt|p2b: Avalugg\n|-start|p2b: Avalugg|move: Taunt\n|move|p2a: Iron Bundle|Blizzard|p1b: Iron Hands|[spread] p1a,p1b\n|-damage|p1a: Talonflame|47\/100\n|-damage|p1b: Iron Hands|48\/100\n|move|p2b: Avalugg|Body Press|p1a: Talonflame\n|-resisted|p1a: Talonflame\n|-damage|p1a: Talonflame|23\/100\n|\n|-weather|Snow|[upkeep]\n|upkeep\n|turn|4\n|\n|t:|1684026414\n|move|p1b: Iron Hands|Fake Out|p2b: Avalugg\n|-damage|p2b: Avalugg|97\/100\n|move|p1a: Talonflame|Will-O-Wisp|p2b: Avalugg\n|-status|p2b: Avalugg|brn\n|move|p2a: Iron Bundle|Blizzard|p1b: Iron Hands|[spread] p1a,p1b\n|-damage|p1a: Talonflame|0 fnt\n|-damage|p1b: Iron Hands|23\/100\n|faint|p1a: Talonflame\n|cant|p2b: Avalugg|flinch\n|\n|-weather|Snow|[upkeep]\n|-heal|p2b: Avalugg|100\/100 brn|[from] ability: Ice Body\n|-damage|p2b: Avalugg|95\/100 brn|[from] brn\n|upkeep\n|\n|t:|1684026430\n|switch|p1a: Palafin|Palafin-Hero, L50, F, shiny|51\/100\n|-activate|p1a: Palafin|ability: Zero to Hero\n|turn|5\n|\n|t:|1684026442\n|-terastallize|p1a: Palafin|Water\n|-terastallize|p2a: Iron Bundle|Water\n|move|p1a: Palafin|Wave Crash|p2b: Avalugg\n|-damage|p2b: Avalugg|71\/100 brn\n|-damage|p1a: Palafin|42\/100|[from] Recoil\n|move|p2a: Iron Bundle|Blizzard|p1b: Iron Hands|[spread] p1a,p1b\n|-resisted|p1a: Palafin\n|-damage|p1a: Palafin|17\/100\n|-damage|p1b: Iron Hands|0 fnt\n|faint|p1b: Iron Hands\n|-end|p1b: Iron Hands|Quark Drive|[silent]\n|move|p2b: Avalugg|Body Press|p1a: Palafin\n|-damage|p1a: Palafin|0 fnt\n|faint|p1a: Palafin\n|\n|-weather|none\n|-heal|p2b: Avalugg|77\/100 brn|[from] item: Leftovers\n|-damage|p2b: Avalugg|71\/100 brn|[from] brn\n|-end|p2b: Avalugg|move: Taunt\n|-sideend|p1: KingStevie|move: Tailwind\n|upkeep\n|-message|KingStevie forfeited.\n|\n|win|Thast\n|raw|KingStevie's rating: 1029 → 1016<\/strong> (-13 for losing)\n|raw|Thast's rating: 1074 → 1099<\/strong> (+25 for winning)\n|l|\u2606KingStevie\n|c|\u2606Thast|gg wp\n","uploadtime":1684026475,"views":8,"p1id":"kingstevie","p2id":"thast","formatid":"gen9vgc2023regulationc","rating":1016,"private":0,"password":""}