{"id":"gen9vgc2023regulationc-1862883304","p1":"TGH_sr","p2":"Pablo_RS","format":"[Gen 9] VGC 2023 Regulation C","log":"|j|\u2606TGH_sr\n|j|\u2606Pablo_RS\n|t:|1683933423\n|gametype|doubles\n|player|p1|TGH_sr|steven|1242\n|player|p2|Pablo_RS|169|1266\n|teamsize|p1|6\n|teamsize|p2|6\n|gen|9\n|tier|[Gen 9] VGC 2023 Regulation C\n|rated|\n|rule|Species Clause: Limit one of each Pok\u00e9mon\n|rule|Item Clause: Limit one of each item\n|clearpoke\n|poke|p1|Arcanine, L50, F|\n|poke|p1|Palafin, L50, M|\n|poke|p1|Kingambit, L50, F|\n|poke|p1|Amoonguss, L50, F|\n|poke|p1|Ting-Lu, L50|\n|poke|p1|Flutter Mane, L50|\n|poke|p2|Hawlucha, L50, M|\n|poke|p2|Indeedee-F, L50, F|\n|poke|p2|Armarouge, L50, M|\n|poke|p2|Palafin, L50, F|\n|poke|p2|Sandy Shocks, L50|\n|poke|p2|Chien-Pao, L50|\n|teampreview|4\nTGH_sr has agreed to open team sheets.\n|inactive|Battle timer is ON: inactive players will automatically lose when time's up. (requested by Pablo_RS)\n|inactive|TGH_sr has 60 seconds left.\n|\n|t:|1683933472\n|start\n|switch|p1a: Kingambit|Kingambit, L50, F|100\/100\n|switch|p1b: Arcanine|Arcanine, L50, F|100\/100\n|switch|p2a: Isabelle|Indeedee-F, L50, F|100\/100\n|switch|p2b: C. Falcon|Hawlucha, L50, M, shiny|100\/100\n|-ability|p1b: Arcanine|Intimidate|boost\n|-unboost|p2a: Isabelle|atk|1\n|-unboost|p2b: C. Falcon|atk|1\n|-fieldstart|move: Psychic Terrain|[from] ability: Psychic Surge|[of] p2a: Isabelle\n|-enditem|p2b: C. Falcon|Psychic Seed\n|-boost|p2b: C. Falcon|spd|1|[from] item: Psychic Seed\n|turn|1\n|inactive|TGH_sr has 30 seconds left.\n|inactive|TGH_sr has 20 seconds left.\n|inactive|TGH_sr has 15 seconds left.\n|inactive|TGH_sr has 10 seconds left.\n|\n|t:|1683933517\n|-terastallize|p1a: Kingambit|Dark\n|move|p2a: Isabelle|Helping Hand|p2b: C. Falcon\n|-singleturn|p2b: C. Falcon|Helping Hand|[of] p2a: Isabelle\n|move|p2b: C. Falcon|Flying Press|p1a: Kingambit\n|-supereffective|p1a: Kingambit\n|-damage|p1a: Kingambit|30\/100\n|move|p1b: Arcanine|Howl|p1b: Arcanine|[spread] p1a,p1b\n|-boost|p1a: Kingambit|atk|1\n|-boost|p1b: Arcanine|atk|1\n|move|p1a: Kingambit|Kowtow Cleave|p2a: Isabelle\n|-supereffective|p2a: Isabelle\n|-damage|p2a: Isabelle|0 fnt\n|faint|p2a: Isabelle\n|\n|upkeep\n|\n|t:|1683933529\n|switch|p2a: Mega Man|Armarouge, L50, M|100\/100\n|turn|2\n|inactive|TGH_sr has 30 seconds left.\n|\n|t:|1683933563\n|switch|p1b: Flutter Mane|Flutter Mane, L50|100\/100\n|move|p1a: Kingambit|Protect|p1a: Kingambit\n|-singleturn|p1a: Kingambit|Protect\n|move|p2b: C. Falcon|Flying Press|p1a: Kingambit\n|-activate|p1a: Kingambit|move: Protect\n|move|p2a: Mega Man|Expanding Force|p1a: Kingambit|[spread] p1b\n|-activate|p1a: Kingambit|move: Protect\n|-damage|p1b: Flutter Mane|26\/100\n|-damage|p2a: Mega Man|91\/100|[from] item: Life Orb\n|\n|upkeep\n|turn|3\n|inactive|TGH_sr has 30 seconds left.\n|inactive|Pablo_RS has 30 seconds left.\n|inactive|TGH_sr has 20 seconds left.\n|inactive|TGH_sr has 15 seconds left.\n|inactive|Pablo_RS has 20 seconds left.\n|inactive|TGH_sr has 10 seconds left.\n|\n|t:|1683933611\n|switch|p1a: Arcanine|Arcanine, L50, F|100\/100\n|-ability|p1a: Arcanine|Intimidate|boost\n|-unboost|p2a: Mega Man|atk|1\n|-unboost|p2b: C. Falcon|atk|1\n|move|p2b: C. Falcon|Acrobatics|p1b: Flutter Mane\n|-damage|p1b: Flutter Mane|0 fnt\n|faint|p1b: Flutter Mane\n|-end|p1b: Flutter Mane|Protosynthesis|[silent]\n|move|p2a: Mega Man|Armor Cannon|p1a: Arcanine\n|-resisted|p1a: Arcanine\n|-damage|p1a: Arcanine|56\/100\n|-unboost|p2a: Mega Man|def|1\n|-unboost|p2a: Mega Man|spd|1\n|-damage|p2a: Mega Man|82\/100|[from] item: Life Orb\n|\n|upkeep\n|\n|t:|1683933624\n|switch|p1b: Ting-Lu|Ting-Lu, L50|100\/100\n|-ability|p1b: Ting-Lu|Vessel of Ruin\n|turn|4\n|\n|t:|1683933649\n|move|p2a: Mega Man|Wide Guard|p2a: Mega Man\n|-singleturn|p2a: Mega Man|Wide Guard\n|move|p2b: C. Falcon|Swords Dance|p2b: C. Falcon\n|-boost|p2b: C. Falcon|atk|2\n|move|p1a: Arcanine|Howl|p1a: Arcanine|[spread] p1a,p1b\n|-boost|p1a: Arcanine|atk|1\n|-boost|p1b: Ting-Lu|atk|1\n|move|p1b: Ting-Lu|Stomping Tantrum|p2a: Mega Man\n|-supereffective|p2a: Mega Man\n|-damage|p2a: Mega Man|0 fnt\n|faint|p2a: Mega Man\n|\n|upkeep\n|\n|t:|1683933658\n|switch|p2a: R.O.B.|Sandy Shocks, L50, shiny|100\/100\n|-enditem|p2a: R.O.B.|Booster Energy\n|-activate|p2a: R.O.B.|ability: Protosynthesis|[fromitem]\n|-start|p2a: R.O.B.|protosynthesisspe\n|turn|5\n|inactive|TGH_sr has 30 seconds left.\n|inactive|TGH_sr has 20 seconds left.\n|\n|t:|1683933695\n|-terastallize|p2a: R.O.B.|Grass\n|move|p2b: C. Falcon|Swords Dance|p2b: C. Falcon\n|-boost|p2b: C. Falcon|atk|2\n|move|p2a: R.O.B.|Thunderbolt|p1a: Arcanine\n|-damage|p1a: Arcanine|21\/100\n|move|p1a: Arcanine|Flare Blitz|p2b: C. Falcon\n|-crit|p2b: C. Falcon\n|-damage|p2b: C. Falcon|0 fnt\n|faint|p2b: C. Falcon\n|-damage|p1a: Arcanine|0 fnt|[from] Recoil\n|faint|p1a: Arcanine\n|move|p1b: Ting-Lu|Stomping Tantrum|p2a: R.O.B.\n|-resisted|p2a: R.O.B.\n|-damage|p2a: R.O.B.|71\/100\n|\n|-fieldend|move: Psychic Terrain\n|upkeep\n|\n|t:|1683933709\n|switch|p1a: Kingambit|Kingambit, L50, F, tera:Dark|30\/100\n|turn|6\n|-message|Pablo_RS forfeited.\n|\n|win|TGH_sr\n|raw|TGH_sr's rating: 1242 → 1269<\/strong> (+27 for winning)\n|raw|Pablo_RS's rating: 1266 → 1239<\/strong> (-27 for losing)\n|l|\u2606Pablo_RS\n","uploadtime":1683933786,"views":11,"p1id":"tghsr","p2id":"pablors","formatid":"gen9vgc2023regulationc","rating":1239,"private":0,"password":""}