{"id":"gen9vgc2023regulationc-1864353650","p1":"manutdfan1995","p2":"littlemasteraik","format":"[Gen 9] VGC 2023 Regulation C","log":"|j|\u2606manutdfan1995\n|j|\u2606littlemasteraik\n|t:|1684158741\n|gametype|doubles\n|player|p1|manutdfan1995|aromalady|1360\n|player|p2|littlemasteraik|102|1379\n|teamsize|p1|6\n|teamsize|p2|6\n|gen|9\n|tier|[Gen 9] VGC 2023 Regulation C\n|rated|\n|rule|Species Clause: Limit one of each Pok\u00e9mon\n|rule|Item Clause: Limit one of each item\n|clearpoke\n|poke|p1|Dragonite, L50, F|\n|poke|p1|Chien-Pao, L50|\n|poke|p1|Arcanine, L50, M|\n|poke|p1|Flutter Mane, L50|\n|poke|p1|Great Tusk, L50|\n|poke|p1|Talonflame, L50, M|\n|poke|p2|Talonflame, L50, M|\n|poke|p2|Amoonguss, L50, F|\n|poke|p2|Flutter Mane, L50|\n|poke|p2|Chi-Yu, L50|\n|poke|p2|Iron Bundle, L50|\n|poke|p2|Azumarill, L50, F|\n|teampreview|4\n|inactive|Battle timer is ON: inactive players will automatically lose when time's up. (requested by littlemasteraik)\n|\n|t:|1684158779\n|start\n|switch|p1a: Endeavor|Talonflame, L50, M|100\/100\n|switch|p1b: Liscia|Flutter Mane, L50|100\/100\n|switch|p2a: Talonflame|Talonflame, L50, M|100\/100\n|switch|p2b: Flutter Mane|Flutter Mane, L50|100\/100\n|turn|1\n|inactive|littlemasteraik has 30 seconds left.\n|\n|t:|1684158807\n|-terastallize|p1b: Liscia|Fairy\n|-terastallize|p2b: Flutter Mane|Fairy\n|move|p1a: Endeavor|Tailwind|p1a: Endeavor\n|-sidestart|p1: manutdfan1995|move: Tailwind\n|move|p2a: Talonflame|Tailwind|p2a: Talonflame\n|-sidestart|p2: littlemasteraik|move: Tailwind\n|move|p1b: Liscia|Shadow Ball|p2a: Talonflame\n|-damage|p2a: Talonflame|31\/100\n|-damage|p1b: Liscia|91\/100|[from] item: Life Orb\n|move|p2b: Flutter Mane|Dazzling Gleam|p1a: Endeavor|[spread] p1a,p1b\n|-resisted|p1a: Endeavor\n|-damage|p1a: Endeavor|59\/100\n|-damage|p1b: Liscia|30\/100\n|\n|upkeep\n|turn|2\n|inactive|manutdfan1995 has 30 seconds left.\n|inactive|littlemasteraik has 30 seconds left.\n|\n|t:|1684158840\n|switch|p2a: Chi-Yu|Chi-Yu, L50|100\/100\n|-ability|p2a: Chi-Yu|Beads of Ruin\n|move|p1b: Liscia|Dazzling Gleam|p2b: Flutter Mane|[spread] p2a,p2b\n|-damage|p2a: Chi-Yu|49\/100\n|-damage|p2b: Flutter Mane|30\/100\n|-damage|p1b: Liscia|20\/100|[from] item: Life Orb\n|move|p1a: Endeavor|Brave Bird|p2b: Flutter Mane\n|-damage|p2b: Flutter Mane|0 fnt\n|faint|p2b: Flutter Mane\n|-end|p2b: Flutter Mane|Protosynthesis|[silent]\n|-damage|p1a: Endeavor|51\/100|[from] Recoil\n|\n|-heal|p2a: Chi-Yu|55\/100|[from] item: Leftovers\n|upkeep\n|\n|t:|1684158858\n|switch|p2b: Azumarill|Azumarill, L50, F|100\/100\n|turn|3\n|\n|t:|1684158877\n|move|p1b: Liscia|Protect|p1b: Liscia\n|-singleturn|p1b: Liscia|Protect\n|move|p2a: Chi-Yu|Protect|p2a: Chi-Yu\n|-singleturn|p2a: Chi-Yu|Protect\n|move|p2b: Azumarill|Aqua Jet|p1b: Liscia\n|-activate|p1b: Liscia|move: Protect\n|move|p1a: Endeavor|Brave Bird|p2a: Chi-Yu\n|-activate|p2a: Chi-Yu|move: Protect\n|\n|-heal|p2a: Chi-Yu|62\/100|[from] item: Leftovers\n|upkeep\n|turn|4\n|inactive|littlemasteraik has 30 seconds left.\n|\n|t:|1684158904\n|move|p2b: Azumarill|Aqua Jet|p1b: Liscia\n|-damage|p1b: Liscia|0 fnt\n|faint|p1b: Liscia\n|-end|p1b: Liscia|Protosynthesis|[silent]\n|move|p1a: Endeavor|Brave Bird|p2a: Chi-Yu\n|-damage|p2a: Chi-Yu|23\/100\n|-damage|p1a: Endeavor|40\/100|[from] Recoil\n|move|p2a: Chi-Yu|Dark Pulse|p1a: Endeavor\n|-damage|p1a: Endeavor|0 fnt\n|faint|p1a: Endeavor\n|\n|-heal|p2a: Chi-Yu|29\/100|[from] item: Leftovers\n|-sideend|p1: manutdfan1995|move: Tailwind\n|-sideend|p2: littlemasteraik|move: Tailwind\n|upkeep\n|\n|t:|1684158911\n|switch|p1b: Tai Lung|Chien-Pao, L50|100\/100\n|switch|p1a: Nagatoro|Dragonite, L50, F|100\/100\n|-ability|p1b: Tai Lung|Sword of Ruin\n|turn|5\n|\n|t:|1684158931\n|move|p1b: Tai Lung|Protect|p1b: Tai Lung\n|-singleturn|p1b: Tai Lung|Protect\n|move|p2a: Chi-Yu|Protect|p2a: Chi-Yu\n|-singleturn|p2a: Chi-Yu|Protect\n|move|p1a: Nagatoro|Extreme Speed|p2b: Azumarill\n|-damage|p2b: Azumarill|43\/100\n|move|p2b: Azumarill|Play Rough|p1b: Tai Lung\n|-activate|p1b: Tai Lung|move: Protect\n|\n|-heal|p2a: Chi-Yu|35\/100|[from] item: Leftovers\n|upkeep\n|turn|6\n|inactive|littlemasteraik has 30 seconds left.\n|inactive|littlemasteraik has 20 seconds left.\n|\n|t:|1684158968\n|move|p1a: Nagatoro|Extreme Speed|p2b: Azumarill\n|-damage|p2b: Azumarill|0 fnt\n|faint|p2b: Azumarill\n|move|p1b: Tai Lung|Sacred Sword|p2a: Chi-Yu\n|-supereffective|p2a: Chi-Yu\n|-crit|p2a: Chi-Yu\n|-damage|p2a: Chi-Yu|0 fnt\n|faint|p2a: Chi-Yu\n|\n|upkeep\n|\n|t:|1684158976\n|switch|p2b: Talonflame|Talonflame, L50, M|31\/100\n|turn|7\n|\n|t:|1684158982\n|move|p1a: Nagatoro|Extreme Speed|p2b: Talonflame\n|-damage|p2b: Talonflame|0 fnt\n|faint|p2b: Talonflame\n|\n|win|manutdfan1995\n|raw|manutdfan1995's rating: 1360 → 1381<\/strong> (+21 for winning)\n|raw|littlemasteraik's rating: 1379 → 1358<\/strong> (-21 for losing)\n","uploadtime":1684158988,"views":7,"p1id":"manutdfan1995","p2id":"littlemasteraik","formatid":"gen9vgc2023regulationc","rating":1358,"private":0,"password":""}