{"id":"gen9vgc2023regulationc-1851635187","p1":"B.AngelOwO","p2":"anshar_training","format":"[Gen 9] VGC 2023 Regulation C","log":"|j|\u2606B.AngelOwO\n|j|\u2606anshar_training\n|t:|1682463804\n|gametype|doubles\n|player|p1|B.AngelOwO|guitarist|1168\n|player|p2|anshar_training|pokemaniac|1085\n|teamsize|p1|6\n|teamsize|p2|6\n|gen|9\n|tier|[Gen 9] VGC 2023 Regulation C\n|rated|\n|rule|Species Clause: Limit one of each Pok\u00e9mon\n|rule|Item Clause: Limit one of each item\n|clearpoke\n|poke|p1|Coalossal, L50, M|\n|poke|p1|Clawitzer, L50, M|\n|poke|p1|Roaring Moon, L50|\n|poke|p1|Talonflame, L50, F|\n|poke|p1|Chi-Yu, L50|\n|poke|p1|Lycanroc, L50, M|\n|poke|p2|Palafin, L50, F|\n|poke|p2|Flutter Mane, L50|\n|poke|p2|Arcanine, L50, M|\n|poke|p2|Amoonguss, L50, F|\n|poke|p2|Ting-Lu, L50|\n|poke|p2|Roaring Moon, L50|\n|teampreview|4\n|inactive|Battle timer is ON: inactive players will automatically lose when time's up. (requested by anshar_training)\n|inactive|B.AngelOwO also wants the timer to be on.\n|inactive|anshar_training has 60 seconds left.\n|inactive|anshar_training has 30 seconds left.\n|inactive|anshar_training has 20 seconds left.\n|inactive|anshar_training has 15 seconds left.\n|inactive|anshar_training has 10 seconds left.\n|inactive|anshar_training has 5 seconds left.\n|\n|t:|1682463890\n|start\n|switch|p1a: Chi-Yu|Chi-Yu, L50|100\/100\n|switch|p1b: Talonflame|Talonflame, L50, F|100\/100\n|switch|p2a: Palafin|Palafin, L50, F|100\/100\n|switch|p2b: Amoonguss|Amoonguss, L50, F|100\/100\n|-ability|p1a: Chi-Yu|Beads of Ruin\n|turn|1\n|inactive|anshar_training has 30 seconds left.\n|inactive|anshar_training has 20 seconds left.\n|inactive|anshar_training has 15 seconds left.\n|inactive|anshar_training has 10 seconds left.\n|inactive|anshar_training has 5 seconds left.\n|\n|t:|1682463941\n|switch|p2b: Ting-Lu|Ting-Lu, L50|100\/100\n|-ability|p2b: Ting-Lu|Vessel of Ruin\n|-terastallize|p1a: Chi-Yu|Grass\n|move|p1b: Talonflame|Sunny Day|p1b: Talonflame\n|-weather|SunnyDay\n|move|p1a: Chi-Yu|Heat Wave|p2a: Palafin|[spread] p2b\n|-miss|p1a: Chi-Yu|p2a: Palafin\n|-damage|p2b: Ting-Lu|50\/100\n|move|p2a: Palafin|Wave Crash|p1a: Chi-Yu\n|-resisted|p1a: Chi-Yu\n|-damage|p1a: Chi-Yu|79\/100\n|-damage|p2a: Palafin|96\/100|[from] Recoil\n|\n|-weather|SunnyDay|[upkeep]\n|upkeep\n|turn|2\n|inactive|anshar_training has 30 seconds left.\n|inactive|anshar_training has 20 seconds left.\n|inactive|anshar_training has 15 seconds left.\n|inactive|anshar_training has 10 seconds left.\n|inactive|anshar_training has 5 seconds left.\n|\n|t:|1682463993\n|switch|p1a: Roaring Moon|Roaring Moon, L50|100\/100\n|-activate|p1a: Roaring Moon|ability: Protosynthesis\n|-start|p1a: Roaring Moon|protosynthesisatk\n|move|p2a: Palafin|Protect|p2a: Palafin\n|-singleturn|p2a: Palafin|Protect\n|move|p1b: Talonflame|Tailwind|p1b: Talonflame\n|-sidestart|p1: B.AngelOwO|move: Tailwind\n|move|p2b: Ting-Lu|Heavy Slam|p1a: Roaring Moon\n|-damage|p1a: Roaring Moon|84\/100\n|\n|-weather|SunnyDay|[upkeep]\n|upkeep\n|turn|3\n|inactive|anshar_training has 30 seconds left.\n|inactive|anshar_training has 20 seconds left.\n|inactive|anshar_training has 15 seconds left.\n|inactive|anshar_training has 10 seconds left.\n|inactive|anshar_training has 5 seconds left.\n|\n|t:|1682464043\n|detailschange|p2a: Palafin|Palafin-Hero, L50, F\n|switch|p2a: Amoonguss|Amoonguss, L50, F|100\/100\n|move|p1b: Talonflame|Flare Blitz|p2b: Ting-Lu\n|-damage|p2b: Ting-Lu|10\/100\n|-damage|p1b: Talonflame|80\/100|[from] Recoil\n|move|p1a: Roaring Moon|Dragon Claw|p2b: Ting-Lu\n|-damage|p2b: Ting-Lu|0 fnt\n|faint|p2b: Ting-Lu\n|\n|-weather|SunnyDay|[upkeep]\n|upkeep\n|inactive|anshar_training has 30 seconds left.\n|inactive|anshar_training has 20 seconds left.\n|inactive|anshar_training has 15 seconds left.\n|inactive|anshar_training has 10 seconds left.\n|inactive|anshar_training has 5 seconds left.\n|\n|t:|1682464095\n|switch|p2b: Flutter Mane|Flutter Mane, L50|100\/100\n|-activate|p2b: Flutter Mane|ability: Protosynthesis\n|-start|p2b: Flutter Mane|protosynthesisspe\n|turn|4\n|\n|t:|1682464110\n|-terastallize|p2a: Amoonguss|Water\n|move|p1a: Roaring Moon|Protect|p1a: Roaring Moon\n|-singleturn|p1a: Roaring Moon|Protect\n|move|p2a: Amoonguss|Rage Powder|p2a: Amoonguss\n|-singleturn|p2a: Amoonguss|move: Rage Powder\n|move|p1b: Talonflame|Flare Blitz|p2a: Amoonguss\n|-resisted|p2a: Amoonguss\n|-crit|p2a: Amoonguss\n|-damage|p2a: Amoonguss|61\/100\n|-damage|p1b: Talonflame|61\/100|[from] Recoil\n|move|p2b: Flutter Mane|Dazzling Gleam|p1a: Roaring Moon|[spread] p1b\n|-activate|p1a: Roaring Moon|move: Protect\n|-resisted|p1b: Talonflame\n|-damage|p1b: Talonflame|25\/100\n|\n|-weather|SunnyDay|[upkeep]\n|upkeep\n|turn|5\n|\n|t:|1682464132\n|-end|p1a: Roaring Moon|Protosynthesis|[silent]\n|switch|p1a: Chi-Yu|Chi-Yu, L50, tera:Grass|79\/100\n|-ability|p1a: Chi-Yu|Beads of Ruin\n|move|p2a: Amoonguss|Rage Powder|p2a: Amoonguss\n|-singleturn|p2a: Amoonguss|move: Rage Powder\n|move|p1b: Talonflame|Taunt|p2a: Amoonguss\n|-start|p2a: Amoonguss|move: Taunt\n|move|p2b: Flutter Mane|Dazzling Gleam|p1a: Chi-Yu|[spread] p1a,p1b\n|-resisted|p1b: Talonflame\n|-damage|p1a: Chi-Yu|27\/100\n|-damage|p1b: Talonflame|0 fnt\n|faint|p1b: Talonflame\n|\n|-weather|none\n|-end|p2b: Flutter Mane|Protosynthesis\n|-sideend|p1: B.AngelOwO|move: Tailwind\n|upkeep\n|\n|t:|1682464151\n|switch|p1b: Roaring Moon|Roaring Moon, L50|84\/100\n|turn|6\n|\n|t:|1682464164\n|switch|p2a: Palafin|Palafin-Hero, L50, F|96\/100\n|-activate|p2a: Palafin|ability: Zero to Hero\n|move|p1b: Roaring Moon|Rock Slide|p2b: Flutter Mane|[spread] p2a,p2b\n|-damage|p2a: Palafin|79\/100\n|-damage|p2b: Flutter Mane|68\/100\n|move|p2b: Flutter Mane|Dazzling Gleam|p1b: Roaring Moon|[spread] p1a,p1b\n|-supereffective|p1b: Roaring Moon\n|-damage|p1a: Chi-Yu|0 fnt\n|-damage|p1b: Roaring Moon|0 fnt\n|faint|p1a: Chi-Yu\n|faint|p1b: Roaring Moon\n|-end|p1b: Roaring Moon|Protosynthesis|[silent]\n|\n|upkeep\n|-message|B.AngelOwO forfeited.\n|\n|win|anshar_training\n|raw|B.AngelOwO's rating: 1168 → 1137<\/strong> (-31 for losing)\n|raw|anshar_training's rating: 1085 → 1119<\/strong> (+34 for winning)\n|l|\u2606B.AngelOwO\n","uploadtime":1682464182,"views":13,"p1id":"bangelowo","p2id":"anshartraining","formatid":"gen9vgc2023regulationc","rating":1119,"private":0,"password":""}