{"id":"gen9vgc2023regulationc-1857209402","p1":"gGusto","p2":"TooTz","format":"[Gen 9] VGC 2023 Regulation C","log":"|j|\u2606gGusto\n|j|\u2606TooTz\n|t:|1683158294\n|gametype|doubles\n|player|p1|gGusto|1|1271\n|player|p2|TooTz|silver|1174\n|teamsize|p1|6\n|teamsize|p2|6\n|gen|9\n|tier|[Gen 9] VGC 2023 Regulation C\n|rated|\n|rule|Species Clause: Limit one of each Pok\u00e9mon\n|rule|Item Clause: Limit one of each item\n|clearpoke\n|poke|p1|Flutter Mane, L50|\n|poke|p1|Arcanine, L50, F|\n|poke|p1|Amoonguss, L50, M|\n|poke|p1|Palafin, L50, M|\n|poke|p1|Ting-Lu, L50|\n|poke|p1|Baxcalibur, L50, F|\n|poke|p2|Dragapult, L50, M|\n|poke|p2|Maushold, L50|\n|poke|p2|Rotom-Heat, L50|\n|poke|p2|Murkrow, L50, M|\n|poke|p2|Gholdengo, L50|\n|poke|p2|Kingambit, L50, F|\n|teampreview|4\n|inactive|Battle timer is ON: inactive players will automatically lose when time's up. (requested by TooTz)\n|inactive|gGusto also wants the timer to be on.\ngGusto has agreed to open team sheets.\n|\n|t:|1683158323\n|start\n|switch|p1a: Ting-Lu|Ting-Lu, L50|100\/100\n|switch|p1b: Baxcalibur|Baxcalibur, L50, F|100\/100\n|switch|p2a: Dragapult|Dragapult, L50, M, shiny|100\/100\n|switch|p2b: Maushold|Maushold, L50|100\/100\n|-ability|p1a: Ting-Lu|Vessel of Ruin\n|turn|1\n|\n|t:|1683158347\n|-terastallize|p1b: Baxcalibur|Water\n|move|p2a: Dragapult|Will-O-Wisp|p1a: Ting-Lu\n|-status|p1a: Ting-Lu|brn\n|move|p2b: Maushold|Thunder Wave|p1b: Baxcalibur\n|-status|p1b: Baxcalibur|par\n|move|p1a: Ting-Lu|Stomping Tantrum|p2a: Dragapult\n|-damage|p2a: Dragapult|80\/100\n|move|p1b: Baxcalibur|Glaive Rush|p2a: Dragapult\n|-supereffective|p2a: Dragapult\n|-damage|p2a: Dragapult|0 fnt\n|-singlemove|p1b: Baxcalibur|Glaive Rush|[silent]\n|faint|p2a: Dragapult\n|-damage|p1b: Baxcalibur|91\/100 par|[from] item: Life Orb\n|\n|-damage|p1a: Ting-Lu|94\/100 brn|[from] brn\n|upkeep\n|\n|t:|1683158365\n|switch|p2a: Gholdengo|Gholdengo, L50|100\/100\n|turn|2\n|inactive|gGusto has 30 seconds left.\n|inactive|gGusto has 20 seconds left.\n|\n|t:|1683158410\n|move|p1b: Baxcalibur|Protect|p1b: Baxcalibur\n|-singleturn|p1b: Baxcalibur|Protect\n|move|p2b: Maushold|Follow Me|p2b: Maushold\n|-singleturn|p2b: Maushold|move: Follow Me\n|move|p2a: Gholdengo|Hex|p1b: Baxcalibur\n|-activate|p1b: Baxcalibur|move: Protect\n|move|p1a: Ting-Lu|Ruination|p2b: Maushold\n|-damage|p2b: Maushold|51\/100\n|\n|-damage|p1a: Ting-Lu|88\/100 brn|[from] brn\n|upkeep\n|turn|3\n|\n|t:|1683158426\n|switch|p1b: Amoonguss|Amoonguss, L50, M|100\/100\n|move|p2b: Maushold|Follow Me|p2b: Maushold\n|-singleturn|p2b: Maushold|move: Follow Me\n|move|p2a: Gholdengo|Hex|p1b: Amoonguss\n|-damage|p1b: Amoonguss|74\/100\n|move|p1a: Ting-Lu|Ruination|p2b: Maushold\n|-damage|p2b: Maushold|26\/100\n|\n|-damage|p1a: Ting-Lu|82\/100 brn|[from] brn\n|upkeep\n|turn|4\n|\n|t:|1683158444\n|move|p2b: Maushold|Follow Me|p2b: Maushold\n|-singleturn|p2b: Maushold|move: Follow Me\n|move|p2a: Gholdengo|Power Gem|p1a: Ting-Lu\n|-resisted|p1a: Ting-Lu\n|-damage|p1a: Ting-Lu|76\/100 brn\n|move|p1a: Ting-Lu|Stomping Tantrum|p2b: Maushold\n|-damage|p2b: Maushold|6\/100\n|move|p1b: Amoonguss|Pollen Puff|p2b: Maushold\n|-damage|p2b: Maushold|0 fnt\n|faint|p2b: Maushold\n|\n|-damage|p1a: Ting-Lu|70\/100 brn|[from] brn\n|upkeep\n|\n|t:|1683158456\n|switch|p2b: Rotom|Rotom-Heat, L50, shiny|100\/100\n|turn|5\n|\n|t:|1683158474\n|switch|p1b: Baxcalibur|Baxcalibur, L50, F, tera:Water|91\/100 par\n|move|p2a: Gholdengo|Make It Rain|p1b: Baxcalibur|[spread] p1a,p1b\n|-resisted|p1b: Baxcalibur\n|-damage|p1a: Ting-Lu|51\/100 brn\n|-damage|p1b: Baxcalibur|76\/100 par\n|-unboost|p2a: Gholdengo|spa|1\n|move|p2b: Rotom|Overheat|p1b: Baxcalibur\n|-resisted|p1b: Baxcalibur\n|-damage|p1b: Baxcalibur|58\/100 par\n|-unboost|p2b: Rotom|spa|2\n|-ability|p1b: Baxcalibur|Thermal Exchange|boost\n|-boost|p1b: Baxcalibur|atk|1\n|move|p1a: Ting-Lu|Ruination|p2b: Rotom\n|-damage|p2b: Rotom|50\/100\n|-enditem|p2b: Rotom|Sitrus Berry|[eat]\n|-heal|p2b: Rotom|75\/100|[from] item: Sitrus Berry\n|\n|-damage|p1a: Ting-Lu|45\/100 brn|[from] brn\n|upkeep\n|turn|6\n|inactive|gGusto has 30 seconds left.\n|inactive|gGusto has 20 seconds left.\n|\n|t:|1683158510\n|switch|p1b: Amoonguss|Amoonguss, L50, M|100\/100\n|move|p2a: Gholdengo|Hex|p1b: Amoonguss\n|-damage|p1b: Amoonguss|84\/100\n|move|p2b: Rotom|Hex|p1b: Amoonguss\n|-damage|p1b: Amoonguss|78\/100\n|move|p1a: Ting-Lu|Ruination|p2b: Rotom\n|-damage|p2b: Rotom|38\/100\n|\n|-damage|p1a: Ting-Lu|39\/100 brn|[from] brn\n|upkeep\n|turn|7\n|inactive|TooTz has 30 seconds left.\n|\n|t:|1683158536\n|switch|p1b: Baxcalibur|Baxcalibur, L50, F, tera:Water|58\/100 par\n|move|p2a: Gholdengo|Hex|p1a: Ting-Lu\n|-resisted|p1a: Ting-Lu\n|-damage|p1a: Ting-Lu|29\/100 brn\n|move|p2b: Rotom|Nasty Plot|p2b: Rotom\n|-boost|p2b: Rotom|spa|2\n|move|p1a: Ting-Lu|Ruination|p2a: Gholdengo\n|-damage|p2a: Gholdengo|50\/100\n|\n|-damage|p1a: Ting-Lu|23\/100 brn|[from] brn\n|upkeep\n|turn|8\n|\n|t:|1683158553\n|move|p1b: Baxcalibur|Ice Shard|p2b: Rotom\n|-resisted|p2b: Rotom\n|-damage|p2b: Rotom|21\/100\n|-damage|p1b: Baxcalibur|48\/100 par|[from] item: Life Orb\n|move|p2a: Gholdengo|Hex|p1b: Baxcalibur\n|-damage|p1b: Baxcalibur|9\/100 par\n|move|p2b: Rotom|Nasty Plot|p2b: Rotom\n|-boost|p2b: Rotom|spa|2\n|move|p1a: Ting-Lu|Stone Edge|p2b: Rotom\n|-supereffective|p2b: Rotom\n|-damage|p2b: Rotom|0 fnt\n|faint|p2b: Rotom\n|\n|-damage|p1a: Ting-Lu|16\/100 brn|[from] brn\n|upkeep\n|turn|9\n|-message|TooTz forfeited.\n|\n|win|gGusto\n|raw|gGusto's rating: 1271 → 1289<\/strong> (+18 for winning)\n|raw|TooTz's rating: 1174 → 1156<\/strong> (-18 for losing)\n|l|\u2606TooTz\n","uploadtime":1683158572,"views":15,"p1id":"ggusto","p2id":"tootz","formatid":"gen9vgc2023regulationc","rating":1156,"private":0,"password":""}