{"id":"gen9vgc2023regulationc-1864242407","p1":"Deadhead Omega","p2":"NoDynaNoParty","format":"[Gen 9] VGC 2023 Regulation C","log":"|j|\u2606Deadhead Omega\n|j|\u2606NoDynaNoParty\n|t:|1684143221\n|gametype|doubles\n|player|p1|Deadhead Omega|benga|\n|player|p2|NoDynaNoParty|teamrocket|\n|teamsize|p1|6\n|teamsize|p2|6\n|gen|9\n|tier|[Gen 9] VGC 2023 Regulation C\n|rated|Tournament battle\n|rule|Species Clause: Limit one of each Pok\u00e9mon\n|rule|Item Clause: Limit one of each item\n|clearpoke\n|poke|p1|Dondozo, L50, M|\n|poke|p1|Tatsugiri, L50, M|\n|poke|p1|Flutter Mane, L50|\n|poke|p1|Chi-Yu, L50|\n|poke|p1|Murkrow, L50, M|\n|poke|p1|Amoonguss, L50, M|\n|poke|p2|Annihilape, L50, M|\n|poke|p2|Maushold-Four, L50|\n|poke|p2|Arcanine, L50, M|\n|poke|p2|Iron Bundle, L50|\n|poke|p2|Roaring Moon, L50|\n|poke|p2|Gholdengo, L50|\n|teampreview|4\n|raw| Open Team Sheet for Deadhead Omega<\/summary>Dondozo @ Leftovers Ability: Oblivious Level: 50 Tera Type: Grass - Tera Blast - Earthquake - Wave Crash - Protect Tatsugiri @ Choice Scarf Ability: Commander Level: 50 Tera Type: Steel - Draco Meteor - Muddy Water - Icy Wind - Sleep Talk Flutter Mane @ Choice Specs Ability: Protosynthesis Level: 50 Tera Type: Fairy - Moonblast - Dazzling Gleam - Shadow Ball - Thunderbolt Chi-Yu @ Focus Sash Ability: Beads of Ruin Level: 50 Tera Type: Fire - Overheat - Heat Wave - Dark Pulse - Protect Murkrow @ Eviolite Ability: Prankster Level: 50 Tera Type: Ghost - Tailwind - Haze - Sunny Day - Foul Play Amoonguss @ Sitrus Berry Ability: Regenerator Level: 50 Tera Type: Water - Rage Powder - Spore - Pollen Puff - Protect <\/details><\/div> Open Team Sheet for NoDynaNoParty<\/summary>Annihilape @ Sitrus Berry Ability: Defiant Level: 50 Tera Type: Water - Drain Punch - Rage Fist - Protect - Bulk Up Maushold (Maushold-Four) @ Safety Goggles Ability: Friend Guard Level: 50 Tera Type: Ghost - Super Fang - Beat Up - Protect - Follow Me Arcanine (M) @ Assault Vest Ability: Intimidate Level: 50 Shiny: Yes Tera Type: Grass - Flare Blitz - Extreme Speed - Snarl - Close Combat Iron Bundle @ Covert Cloak Ability: Quark Drive Level: 50 Tera Type: Poison - Freeze-Dry - Icy Wind - Protect - Encore Roaring Moon @ Booster Energy Ability: Protosynthesis Level: 50 Tera Type: Flying - Acrobatics - Breaking Swipe - Protect - Tailwind Gholdengo @ Leftovers Ability: Good as Gold Level: 50 Tera Type: Water - Make It Rain - Shadow Ball - Nasty Plot - Protect <\/details><\/div>\n|j|+Robbie35646\n|inactive|Battle timer is ON: inactive players will automatically lose when time's up. (requested by NoDynaNoParty)\n|l|+Robbie35646\n|\n|t:|1684143309\n|start\n|switch|p1a: Murkrow|Murkrow, L50, M|100\/100\n|switch|p1b: Flutter Mane|Flutter Mane, L50|100\/100\n|switch|p2a: Gholdengo|Gholdengo, L50|100\/100\n|switch|p2b: Maushold|Maushold-Four, L50|100\/100\n|turn|1\n|inactive|Deadhead Omega has 30 seconds left.\n|inactive|NoDynaNoParty has 30 seconds left.\n|inactive|Deadhead Omega has 20 seconds left.\n|inactive|NoDynaNoParty has 20 seconds left.\n|j| higashi no gab\n|inactive|Deadhead Omega has 15 seconds left.\n|inactive|NoDynaNoParty has 15 seconds left.\n|inactive|Deadhead Omega has 10 seconds left.\n|\n|t:|1684143354\n|-terastallize|p2a: Gholdengo|Water\n|move|p1a: Murkrow|Tailwind|p1a: Murkrow\n|-sidestart|p1: Deadhead Omega|move: Tailwind\n|move|p1b: Flutter Mane|Dazzling Gleam|p2a: Gholdengo|[spread] p2a,p2b\n|-damage|p2a: Gholdengo|70\/100\n|-damage|p2b: Maushold|40\/100\n|move|p2b: Maushold|Super Fang|p1a: Murkrow\n|-damage|p1a: Murkrow|51\/100\n|move|p2a: Gholdengo|Make It Rain|p1a: Murkrow|[spread] p1a,p1b\n|-supereffective|p1b: Flutter Mane\n|-damage|p1a: Murkrow|0 fnt\n|-damage|p1b: Flutter Mane|12\/100\n|-unboost|p2a: Gholdengo|spa|1\n|faint|p1a: Murkrow\n|\n|-heal|p2a: Gholdengo|77\/100|[from] item: Leftovers\n|upkeep\n|inactive|Deadhead Omega has 30 seconds left.\n|inactive|Deadhead Omega has 20 seconds left.\n|\n|t:|1684143389\n|switch|p1a: Chi-Yu|Chi-Yu, L50|100\/100\n|-ability|p1a: Chi-Yu|Beads of Ruin\n|turn|2\n|inactive|Deadhead Omega has 30 seconds left.\n|inactive|NoDynaNoParty has 30 seconds left.\n|inactive|Deadhead Omega has 20 seconds left.\n|inactive|Deadhead Omega has 15 seconds left.\n|\n|t:|1684143432\n|move|p2b: Maushold|Protect|p2b: Maushold\n|-singleturn|p2b: Maushold|Protect\n|move|p2a: Gholdengo|Protect|p2a: Gholdengo\n|-singleturn|p2a: Gholdengo|Protect\n|move|p1b: Flutter Mane|Dazzling Gleam|p2a: Gholdengo|[spread] \n|-activate|p2a: Gholdengo|move: Protect\n|-activate|p2b: Maushold|move: Protect\n|move|p1a: Chi-Yu|Dark Pulse|p2a: Gholdengo\n|-activate|p2a: Gholdengo|move: Protect\n|\n|-heal|p2a: Gholdengo|83\/100|[from] item: Leftovers\n|upkeep\n|turn|3\n|\n|t:|1684143453\n|move|p2b: Maushold|Follow Me|p2b: Maushold\n|-singleturn|p2b: Maushold|move: Follow Me\n|move|p1b: Flutter Mane|Dazzling Gleam|p2b: Maushold|[spread] p2a,p2b\n|-damage|p2a: Gholdengo|42\/100\n|-damage|p2b: Maushold|0 fnt\n|faint|p2b: Maushold\n|move|p1a: Chi-Yu|Heat Wave|p2a: Gholdengo\n|-resisted|p2a: Gholdengo\n|-damage|p2a: Gholdengo|7\/100\n|move|p2a: Gholdengo|Make It Rain|p1b: Flutter Mane|[spread] p1a,p1b\n|-resisted|p1a: Chi-Yu\n|-supereffective|p1b: Flutter Mane\n|-damage|p1a: Chi-Yu|82\/100\n|-damage|p1b: Flutter Mane|0 fnt\n|-unboost|p2a: Gholdengo|spa|1\n|faint|p1b: Flutter Mane\n|-end|p1b: Flutter Mane|Protosynthesis|[silent]\n|\n|-heal|p2a: Gholdengo|14\/100|[from] item: Leftovers\n|upkeep\n|inactive|NoDynaNoParty has 30 seconds left.\n|\n|t:|1684143478\n|switch|p1b: Dondozo|Dondozo, L50, M|100\/100\n|switch|p2b: Roaring Moon|Roaring Moon, L50|100\/100\n|-enditem|p2b: Roaring Moon|Booster Energy\n|-activate|p2b: Roaring Moon|ability: Protosynthesis|[fromitem]\n|-start|p2b: Roaring Moon|protosynthesisspe\n|turn|4\n|j|+Robbie35646\n|inactive|Deadhead Omega has 30 seconds left.\n|j| PuteroDondozo\n|inactive|Deadhead Omega has 20 seconds left.\n|l|+Robbie35646\n|inactive|Deadhead Omega has 15 seconds left.\n|\n|t:|1684143519\n|move|p2b: Roaring Moon|Protect|p2b: Roaring Moon\n|-singleturn|p2b: Roaring Moon|Protect\n|move|p2a: Gholdengo|Protect|p2a: Gholdengo\n|-singleturn|p2a: Gholdengo|Protect\n|move|p1a: Chi-Yu|Heat Wave|p2a: Gholdengo|[spread] \n|-activate|p2a: Gholdengo|move: Protect\n|-activate|p2b: Roaring Moon|move: Protect\n|move|p1b: Dondozo|Wave Crash|p2b: Roaring Moon\n|-activate|p2b: Roaring Moon|move: Protect\n|\n|-heal|p2a: Gholdengo|20\/100|[from] item: Leftovers\n|-sideend|p1: Deadhead Omega|move: Tailwind\n|upkeep\n|turn|5\n|inactive|NoDynaNoParty has 30 seconds left.\n|\n|t:|1684143546\n|move|p1a: Chi-Yu|Protect|p1a: Chi-Yu\n|-singleturn|p1a: Chi-Yu|Protect\n|move|p2b: Roaring Moon|Acrobatics|p1a: Chi-Yu\n|-activate|p1a: Chi-Yu|move: Protect\n|move|p2a: Gholdengo|Shadow Ball|p1a: Chi-Yu\n|-activate|p1a: Chi-Yu|move: Protect\n|move|p1b: Dondozo|Earthquake|p2a: Gholdengo|[spread] p2a,p2b\n|-activate|p1a: Chi-Yu|move: Protect\n|-damage|p2a: Gholdengo|0 fnt\n|-damage|p2b: Roaring Moon|82\/100\n|faint|p2a: Gholdengo\n|\n|upkeep\n|\n|t:|1684143559\n|switch|p2a: Iron Bundle|Iron Bundle, L50|100\/100\n|turn|6\n|inactive|Deadhead Omega has 30 seconds left.\n|inactive|Deadhead Omega has 20 seconds left.\n|inactive|Deadhead Omega has 15 seconds left.\n|\n|t:|1684143603\n|-terastallize|p1b: Dondozo|Grass\n|move|p2b: Roaring Moon|Breaking Swipe|p1b: Dondozo|[spread] p1a,p1b\n|-damage|p1a: Chi-Yu|47\/100\n|-damage|p1b: Dondozo|85\/100\n|-unboost|p1a: Chi-Yu|atk|1\n|-unboost|p1b: Dondozo|atk|1\n|move|p2a: Iron Bundle|Encore|p1a: Chi-Yu\n|-start|p1a: Chi-Yu|Encore\n|move|p1a: Chi-Yu|Protect|p1a: Chi-Yu\n|-singleturn|p1a: Chi-Yu|Protect\n|move|p1b: Dondozo|Tera Blast|p2a: Iron Bundle\n|-supereffective|p2a: Iron Bundle\n|-damage|p2a: Iron Bundle|48\/100\n|\n|-heal|p1b: Dondozo|91\/100|[from] item: Leftovers\n|upkeep\n|turn|7\n|j|+Robbie35646\n|\n|t:|1684143627\n|move|p2a: Iron Bundle|Protect|p2a: Iron Bundle\n|-singleturn|p2a: Iron Bundle|Protect\n|move|p1a: Chi-Yu|Protect||[still]\n|-fail|p1a: Chi-Yu\n|move|p1b: Dondozo|Protect|p1b: Dondozo\n|-singleturn|p1b: Dondozo|Protect\n|move|p2b: Roaring Moon|Breaking Swipe|p1b: Dondozo|[spread] p1a\n|-activate|p1b: Dondozo|move: Protect\n|-damage|p1a: Chi-Yu|15\/100\n|-unboost|p1a: Chi-Yu|atk|1\n|\n|-heal|p1b: Dondozo|97\/100|[from] item: Leftovers\n|upkeep\n|turn|8\n|\n|t:|1684143650\n|move|p1a: Chi-Yu|Protect|p1a: Chi-Yu\n|-singleturn|p1a: Chi-Yu|Protect\n|move|p2b: Roaring Moon|Breaking Swipe|p1b: Dondozo|[spread] p1b\n|-activate|p1a: Chi-Yu|move: Protect\n|-damage|p1b: Dondozo|82\/100\n|-unboost|p1b: Dondozo|atk|1\n|move|p2a: Iron Bundle|Encore|p1b: Dondozo\n|-start|p1b: Dondozo|Encore\n|move|p1b: Dondozo|Protect||[still]\n|-fail|p1b: Dondozo\n|\n|-heal|p1b: Dondozo|88\/100|[from] item: Leftovers\n|-end|p1a: Chi-Yu|Encore\n|upkeep\n|turn|9\n|\n|t:|1684143670\n|move|p1b: Dondozo|Protect|p1b: Dondozo\n|-singleturn|p1b: Dondozo|Protect\n|move|p2b: Roaring Moon|Breaking Swipe|p1a: Chi-Yu|[spread] p1a\n|-activate|p1b: Dondozo|move: Protect\n|-damage|p1a: Chi-Yu|0 fnt\n|faint|p1a: Chi-Yu\n|move|p2a: Iron Bundle|Freeze-Dry|p1b: Dondozo\n|-activate|p1b: Dondozo|move: Protect\n|\n|-heal|p1b: Dondozo|94\/100|[from] item: Leftovers\n|upkeep\n|turn|10\n|l|+Robbie35646\n|-message|Deadhead Omega forfeited.\n|\n|win|NoDynaNoParty\n|n|\u2606Deadhead Omega|deadheadomega\n|n|\u2606NoDynaNoParty|nodynanoparty\n|n| higashi no gab|higashinogab\n|n| PuteroDondozo|puterodondozo\n|l|\u2606Deadhead Omega\n|l| PuteroDondozo\n|l| higashi no gab\n","uploadtime":1684143677,"views":20,"p1id":"deadheadomega","p2id":"nodynanoparty","formatid":"gen9vgc2023regulationc","rating":0,"private":0,"password":""}