{"id":"gen9vgc2023regulationc-1858570223","p1":"Hd70","p2":"testinglitch1","format":"[Gen 9] VGC 2023 Regulation C","log":"|j|\u2606Hd70\n|j|\u2606testinglitch1\n|t:|1683326669\n|gametype|doubles\n|player|p1|Hd70|2|1365\n|player|p2|testinglitch1|101|1344\n|teamsize|p1|6\n|teamsize|p2|6\n|gen|9\n|tier|[Gen 9] VGC 2023 Regulation C\n|rated|\n|rule|Species Clause: Limit one of each Pok\u00e9mon\n|rule|Item Clause: Limit one of each item\n|clearpoke\n|poke|p1|Flutter Mane, L50|\n|poke|p1|Gothitelle, L50, F|\n|poke|p1|Scream Tail, L50|\n|poke|p1|Amoonguss, L50, F|\n|poke|p1|Arcanine, L50, F|\n|poke|p1|Palafin, L50, M|\n|poke|p2|Annihilape, L50, F|\n|poke|p2|Corviknight, L50, M|\n|poke|p2|Gholdengo, L50|\n|poke|p2|Grimmsnarl, L50, M|\n|poke|p2|Iron Moth, L50|\n|poke|p2|Ting-Lu, L50|\n|teampreview|4\n|\n|t:|1683326698\n|start\n|switch|p1a: Flutter Mane|Flutter Mane, L50|100\/100\n|switch|p1b: Palafin|Palafin, L50, M|100\/100\n|switch|p2a: Grimmsnarl|Grimmsnarl, L50, M|100\/100\n|switch|p2b: Annihilape|Annihilape, L50, F|100\/100\n|turn|1\n|\n|t:|1683326723\n|move|p1b: Palafin|Protect|p1b: Palafin\n|-singleturn|p1b: Palafin|Protect\n|move|p2b: Annihilape|Protect|p2b: Annihilape\n|-singleturn|p2b: Annihilape|Protect\n|move|p2a: Grimmsnarl|Light Screen|p2a: Grimmsnarl\n|-sidestart|p2: testinglitch1|move: Light Screen\n|move|p1a: Flutter Mane|Moonblast|p2a: Grimmsnarl\n|-supereffective|p2a: Grimmsnarl\n|-damage|p2a: Grimmsnarl|45\/100\n|-unboost|p2a: Grimmsnarl|spa|1\n|\n|upkeep\n|turn|2\n|\n|t:|1683326738\n|detailschange|p1b: Palafin|Palafin-Hero, L50, M\n|switch|p1b: Scream Tail|Scream Tail, L50|100\/100\n|-enditem|p1b: Scream Tail|Booster Energy\n|-activate|p1b: Scream Tail|ability: Protosynthesis|[fromitem]\n|-start|p1b: Scream Tail|protosynthesisspe\n|move|p2a: Grimmsnarl|Reflect|p2a: Grimmsnarl\n|-sidestart|p2: testinglitch1|Reflect\n|move|p1a: Flutter Mane|Moonblast|p2a: Grimmsnarl\n|-supereffective|p2a: Grimmsnarl\n|-damage|p2a: Grimmsnarl|0 fnt\n|faint|p2a: Grimmsnarl\n|move|p2b: Annihilape|Rage Fist|p1a: Flutter Mane\n|-supereffective|p1a: Flutter Mane\n|-damage|p1a: Flutter Mane|4\/100\n|\n|upkeep\n|\n|t:|1683326752\n|switch|p2a: Ting-Lu|Ting-Lu, L50|100\/100\n|-ability|p2a: Ting-Lu|Vessel of Ruin\n|turn|3\n|\n|t:|1683326770\n|-end|p1a: Flutter Mane|Protosynthesis|[silent]\n|switch|p1a: Palafin|Palafin-Hero, L50, M|100\/100\n|-activate|p1a: Palafin|ability: Zero to Hero\n|move|p1b: Scream Tail|Protect|p1b: Scream Tail\n|-singleturn|p1b: Scream Tail|Protect\n|move|p2b: Annihilape|Protect|p2b: Annihilape\n|-singleturn|p2b: Annihilape|Protect\n|move|p2a: Ting-Lu|Earthquake|p1a: Palafin|[spread] p1a\n|-activate|p2b: Annihilape|move: Protect\n|-activate|p1b: Scream Tail|move: Protect\n|-damage|p1a: Palafin|63\/100\n|\n|upkeep\n|turn|4\n|\n|t:|1683326800\n|-terastallize|p1a: Palafin|Water\n|move|p1b: Scream Tail|Play Rough|p2b: Annihilape\n|-supereffective|p2b: Annihilape\n|-damage|p2b: Annihilape|71\/100\n|move|p1a: Palafin|Wave Crash|p2b: Annihilape\n|-damage|p2b: Annihilape|0 fnt\n|faint|p2b: Annihilape\n|-damage|p1a: Palafin|35\/100|[from] Recoil\n|move|p2a: Ting-Lu|Payback|p1a: Palafin\n|-damage|p1a: Palafin|0 fnt\n|faint|p1a: Palafin\n|\n|upkeep\n|\n|t:|1683326813\n|switch|p1a: Arcanine|Arcanine, L50, F|100\/100\n|switch|p2b: Gholdengo|Gholdengo, L50|100\/100\n|-ability|p1a: Arcanine|Intimidate|boost\n|-unboost|p2a: Ting-Lu|atk|1\n|-unboost|p2b: Gholdengo|atk|1\n|turn|5\n|\n|t:|1683326823\n|-terastallize|p2b: Gholdengo|Water\n|move|p1a: Arcanine|Protect|p1a: Arcanine\n|-singleturn|p1a: Arcanine|Protect\n|move|p1b: Scream Tail|Perish Song|p1b: Scream Tail\n|-start|p1a: Arcanine|perish3|[silent]\n|-start|p1b: Scream Tail|perish3|[silent]\n|-start|p2a: Ting-Lu|perish3|[silent]\n|-immune|p2b: Gholdengo|[from] ability: Good as Gold\n|-fieldactivate|move: Perish Song\n|move|p2b: Gholdengo|Nasty Plot|p2b: Gholdengo\n|-boost|p2b: Gholdengo|spa|2\n|move|p2a: Ting-Lu|Stomping Tantrum|p1a: Arcanine\n|-activate|p1a: Arcanine|move: Protect\n|\n|-start|p1b: Scream Tail|perish3\n|-start|p1a: Arcanine|perish3\n|-start|p2a: Ting-Lu|perish3\n|upkeep\n|turn|6\n|\n|t:|1683326848\n|-end|p1b: Scream Tail|Protosynthesis|[silent]\n|switch|p1b: Flutter Mane|Flutter Mane, L50|4\/100\n|move|p1a: Arcanine|Will-O-Wisp|p2a: Ting-Lu\n|-status|p2a: Ting-Lu|brn\n|move|p2b: Gholdengo|Shadow Ball|p1a: Arcanine\n|-damage|p1a: Arcanine|23\/100\n|move|p2a: Ting-Lu|Stomping Tantrum|p1a: Arcanine\n|-supereffective|p1a: Arcanine\n|-damage|p1a: Arcanine|0 fnt\n|faint|p1a: Arcanine\n|\n|-damage|p2a: Ting-Lu|94\/100 brn|[from] brn\n|-start|p2a: Ting-Lu|perish2\n|upkeep\n|\n|t:|1683326860\n|switch|p1a: Scream Tail|Scream Tail, L50|100\/100\n|turn|7\n|\n|t:|1683326865\n|move|p1b: Flutter Mane|Protect|p1b: Flutter Mane\n|-singleturn|p1b: Flutter Mane|Protect\n|move|p1a: Scream Tail|Protect|p1a: Scream Tail\n|-singleturn|p1a: Scream Tail|Protect\n|move|p2b: Gholdengo|Shadow Ball|p1a: Scream Tail\n|-activate|p1a: Scream Tail|move: Protect\n|move|p2a: Ting-Lu|Stomping Tantrum|p1b: Flutter Mane\n|-activate|p1b: Flutter Mane|move: Protect\n|\n|-damage|p2a: Ting-Lu|88\/100 brn|[from] brn\n|-start|p2a: Ting-Lu|perish1\n|upkeep\n|turn|8\n|\n|t:|1683326878\n|move|p1b: Flutter Mane|Moonblast|p2b: Gholdengo\n|-damage|p2b: Gholdengo|77\/100\n|move|p1a: Scream Tail|Play Rough|p2b: Gholdengo\n|-damage|p2b: Gholdengo|60\/100\n|move|p2b: Gholdengo|Make It Rain|p1b: Flutter Mane|[spread] p1a,p1b\n|-supereffective|p1a: Scream Tail\n|-supereffective|p1b: Flutter Mane\n|-damage|p1a: Scream Tail|0 fnt\n|-damage|p1b: Flutter Mane|0 fnt\n|-unboost|p2b: Gholdengo|spa|1\n|faint|p1a: Scream Tail\n|-end|p1a: Scream Tail|Protosynthesis|[silent]\n|faint|p1b: Flutter Mane\n|-end|p1b: Flutter Mane|Protosynthesis|[silent]\n|\n|win|testinglitch1\n|raw|Hd70's rating: 1365 → 1344<\/strong> (-21 for losing)\n|raw|testinglitch1's rating: 1344 → 1365<\/strong> (+21 for winning)\n|l|\u2606Hd70\n","uploadtime":1683326896,"views":11,"p1id":"hd70","p2id":"testinglitch1","formatid":"gen9vgc2023regulationc","rating":1344,"private":0,"password":""}