{"id":"gen9vgc2023regulationc-1848934692","p1":"mxcaster","p2":"BoutEclipse","format":"[Gen 9] VGC 2023 Regulation C","log":"|j|\u2606mxcaster\n|j|\u2606BoutEclipse\n|t:|1682128114\n|gametype|doubles\n|player|p1|mxcaster|1|1033\n|player|p2|BoutEclipse|hilbert|1108\n|teamsize|p1|6\n|teamsize|p2|6\n|gen|9\n|tier|[Gen 9] VGC 2023 Regulation C\n|rated|\n|rule|Species Clause: Limit one of each Pok\u00e9mon\n|rule|Item Clause: Limit one of each item\n|clearpoke\n|poke|p1|Kingambit, L50, F|\n|poke|p1|Maushold-Four, L50|\n|poke|p1|Ting-Lu, L50|\n|poke|p1|Tinkaton, L50, F|\n|poke|p1|Grimmsnarl, L50, M|\n|poke|p1|Wo-Chien, L50|\n|poke|p2|Ceruledge, L50, F|\n|poke|p2|Sableye, L50, F|\n|poke|p2|Iron Hands, L50|\n|poke|p2|Chien-Pao, L50|\n|poke|p2|Sylveon, L50, M|\n|poke|p2|Corviknight, L50, M|\n|teampreview|4\n|inactive|Battle timer is ON: inactive players will automatically lose when time's up. (requested by BoutEclipse)\n|\n|t:|1682128132\n|start\n|switch|p1a: Kingambit|Kingambit, L50, F|100\/100\n|switch|p1b: Grimmsnarl|Grimmsnarl, L50, M|100\/100\n|switch|p2a: Sableye|Sableye, L50, F|100\/100\n|switch|p2b: Ceruledge|Ceruledge, L50, F|100\/100\n|turn|1\n|inactive|mxcaster has 30 seconds left.\n|inactive|mxcaster has 20 seconds left.\n|\n|t:|1682128170\n|switch|p2b: Iron Hands|Iron Hands, L50|100\/100\n|-terastallize|p1a: Kingambit|Dark\n|move|p2a: Sableye|Reflect|p2a: Sableye\n|-sidestart|p2: BoutEclipse|Reflect\n|move|p1b: Grimmsnarl|Fling|p2b: Iron Hands\n|-resisted|p2b: Iron Hands\n|-damage|p2b: Iron Hands|90\/100\n|-enditem|p1b: Grimmsnarl|Room Service|[from] move: Fling\n|move|p1a: Kingambit|Fling|p2b: Iron Hands\n|-resisted|p2b: Iron Hands\n|-damage|p2b: Iron Hands|72\/100\n|-enditem|p1a: Kingambit|Iron Ball|[from] move: Fling\n|\n|upkeep\n|turn|2\n|inactive|mxcaster has 30 seconds left.\n|\n|t:|1682128198\n|move|p2b: Iron Hands|Fake Out|p1b: Grimmsnarl\n|-damage|p1b: Grimmsnarl|86\/100\n|move|p2a: Sableye|Will-O-Wisp|p1a: Kingambit\n|-hint|Since gen 7, Dark is immune to Prankster moves.\n|-immune|p1a: Kingambit\n|cant|p1b: Grimmsnarl|flinch\n|move|p1a: Kingambit|Thief|p2a: Sableye\n|-damage|p2a: Sableye|63\/100\n|-enditem|p2a: Sableye|Light Clay|[silent]|[from] move: Thief|[of] p1a: Kingambit\n|-item|p1a: Kingambit|Light Clay|[from] move: Thief|[of] p2a: Sableye\n|\n|upkeep\n|turn|3\n|inactive|mxcaster has 30 seconds left.\n|inactive|mxcaster has 20 seconds left.\n|inactive|mxcaster has 15 seconds left.\n|\n|t:|1682128239\n|move|p1b: Grimmsnarl|Thief|p2b: Iron Hands\n|-resisted|p2b: Iron Hands\n|-damage|p2b: Iron Hands|66\/100\n|-enditem|p2b: Iron Hands|Safety Goggles|[silent]|[from] move: Thief|[of] p1b: Grimmsnarl\n|-item|p1b: Grimmsnarl|Safety Goggles|[from] move: Thief|[of] p2b: Iron Hands\n|move|p2a: Sableye|Foul Play|p1b: Grimmsnarl\n|-resisted|p1b: Grimmsnarl\n|-damage|p1b: Grimmsnarl|75\/100\n|move|p2b: Iron Hands|Swords Dance|p2b: Iron Hands\n|-boost|p2b: Iron Hands|atk|2\n|move|p1a: Kingambit|Fling|p2b: Iron Hands\n|-resisted|p2b: Iron Hands\n|-damage|p2b: Iron Hands|57\/100\n|-enditem|p1a: Kingambit|Light Clay|[from] move: Fling\n|\n|upkeep\n|turn|4\n|inactive|mxcaster has 30 seconds left.\n|inactive|mxcaster has 20 seconds left.\n|inactive|mxcaster has 15 seconds left.\n|inactive|mxcaster has 10 seconds left.\n|\n|t:|1682128286\n|switch|p2a: Sylveon|Sylveon, L50, M|100\/100\n|switch|p1a: Tinkaton|Tinkaton, L50, F|100\/100\n|-ability|p1a: Tinkaton|Mold Breaker\n|move|p1b: Grimmsnarl|Drain Punch|p2b: Iron Hands\n|-damage|p2b: Iron Hands|47\/100\n|-heal|p1b: Grimmsnarl|82\/100|[from] drain|[of] p2b: Iron Hands\n|move|p2b: Iron Hands|Drain Punch|p1a: Tinkaton\n|-damage|p1a: Tinkaton|23\/100\n|-heal|p2b: Iron Hands|77\/100|[from] drain|[of] p1a: Tinkaton\n|\n|upkeep\n|turn|5\n|inactive|mxcaster has 30 seconds left.\n|inactive|mxcaster has 20 seconds left.\n|\n|t:|1682128322\n|move|p1a: Tinkaton|Gigaton Hammer|p2a: Sylveon\n|-supereffective|p2a: Sylveon\n|-damage|p2a: Sylveon|43\/100\n|-heal|p1a: Tinkaton|31\/100|[from] item: Shell Bell|[of] p2a: Sylveon\n|move|p2a: Sylveon|Hyper Voice|p1a: Tinkaton|[spread] p1a,p1b\n|-resisted|p1a: Tinkaton\n|-crit|p1a: Tinkaton\n|-supereffective|p1b: Grimmsnarl\n|-damage|p1a: Tinkaton|8\/100\n|-damage|p1b: Grimmsnarl|10\/100\n|-enditem|p2a: Sylveon|Throat Spray\n|-boost|p2a: Sylveon|spa|1|[from] item: Throat Spray\n|move|p1b: Grimmsnarl|Fling|p2b: Iron Hands\n|-resisted|p2b: Iron Hands\n|-damage|p2b: Iron Hands|69\/100\n|-enditem|p1b: Grimmsnarl|Safety Goggles|[from] move: Fling\n|move|p2b: Iron Hands|Drain Punch|p1a: Tinkaton\n|-damage|p1a: Tinkaton|0 fnt\n|-heal|p2b: Iron Hands|72\/100|[from] drain|[of] p1a: Tinkaton\n|faint|p1a: Tinkaton\n|\n|upkeep\n|inactive|mxcaster has 30 seconds left.\n|\n|t:|1682128349\n|switch|p1a: Kingambit|Kingambit, L50, F, tera:Dark|100\/100\n|turn|6\n|\n|t:|1682128370\n|move|p2a: Sylveon|Hyper Voice|p1a: Kingambit|[spread] p1a,p1b\n|-supereffective|p1a: Kingambit\n|-supereffective|p1b: Grimmsnarl\n|-damage|p1a: Kingambit|22\/100\n|-damage|p1b: Grimmsnarl|0 fnt\n|faint|p1b: Grimmsnarl\n|move|p2b: Iron Hands|Drain Punch|p1a: Kingambit\n|-supereffective|p1a: Kingambit\n|-damage|p1a: Kingambit|0 fnt\n|-heal|p2b: Iron Hands|81\/100|[from] drain|[of] p1a: Kingambit\n|faint|p1a: Kingambit\n|\n|upkeep\n|-message|mxcaster forfeited.\n|\n|win|BoutEclipse\n|raw|mxcaster's rating: 1033 → 1021<\/strong> (-12 for losing)\n|raw|BoutEclipse's rating: 1108 → 1128<\/strong> (+20 for winning)\n|l|\u2606mxcaster\n","uploadtime":1682128386,"views":11,"p1id":"mxcaster","p2id":"bouteclipse","formatid":"gen9vgc2023regulationc","rating":1021,"private":0,"password":""}