{"id":"gen9vgc2023regulationc-1855706268","p1":"Sandy_Simis","p2":"CurryBean","format":"[Gen 9] VGC 2023 Regulation C","log":"|j|\u2606Sandy_Simis\n|j|\u2606CurryBean\n|t:|1682975145\n|gametype|doubles\n|player|p1|Sandy_Simis|265|\n|player|p2|CurryBean|101|\n|teamsize|p1|6\n|teamsize|p2|6\n|gen|9\n|tier|[Gen 9] VGC 2023 Regulation C\n|rule|Species Clause: Limit one of each Pok\u00e9mon\n|rule|Item Clause: Limit one of each item\n|clearpoke\n|poke|p1|Basculin, L50, F|\n|poke|p1|Iron Bundle, L50|\n|poke|p1|Chien-Pao, L50|\n|poke|p1|Indeedee-F, L50, F|\n|poke|p1|Gholdengo, L50|\n|poke|p1|Great Tusk, L50|\n|poke|p2|Chien-Pao, L50|\n|poke|p2|Garchomp, L50, F|\n|poke|p2|Scizor, L50, F|\n|poke|p2|Gyarados, L50, F|\n|poke|p2|Farigiraf, L50, F|\n|poke|p2|Iron Hands, L50|\n|teampreview|4\n|c|\u2606CurryBean|g1\n|j| Bostonl1\n|j| dunderguy\n|c| Bostonl1|This bro brought basculin\n|c|\u2606Sandy_Simis|So just to say this now\n|c|\u2606CurryBean|im scared\n|c| Bostonl1|Ur donezo bro\n|c|\u2606Sandy_Simis|I planned from the begining to use this\n|c|\u2606CurryBean|yoooo\n|c|\u2606Sandy_Simis|This isnt because we won\n|c|\u2606Sandy_Simis|And im memeing\n|c|\u2606CurryBean|!randpoke\n|raw| NFE<\/span> <\/span> Shelgon<\/a><\/span> <\/span> Rock Head<\/span>Overcoat<\/em><\/span><\/span>HP<\/em> 65<\/span> Atk<\/em> 95<\/span> Def<\/em> 100<\/span> SpA<\/em> 60<\/span> SpD<\/em> 50<\/span> Spe<\/em> 50<\/span> BST 420<\/em><\/span> <\/span><\/li> <\/li><\/ul><\/div>\n|raw|Dex#:<\/font> 372 |  Gen:<\/font> 3 |  Height:<\/font> 1.1 m |  Weight:<\/font> 110.5 kg (100 BP)<\/em> |  Dex Colour:<\/font> White |  Egg Group(s):<\/font> Dragon |  Evolution:<\/font> Salamence (50)<\/font>\n\n|c|\u2606Sandy_Simis|LMAO\n|c|\u2606Sandy_Simis|GLHF\n|l|\u2606Sandy_Simis\n|player|p1|\n|c|\u2606CurryBean|where did you go nooooo\n|c| Bostonl1|Bye sandy\n|j|\u2606Sandy_Simis\n|player|p1|Sandy_Simis|265\n|c|\u2606CurryBean|wb\n|j| PierceTheDriftveil\n|c| dunderguy|says glhf, instantly leaves\n|j| JeroenWP\n|c| dunderguy|bravo\n|c|\u2606CurryBean|hf\n|c| JeroenWP|gl hf\n|l| Bostonl1\n|c|\u2606Sandy_Simis|Fun fact\n|c|\u2606Sandy_Simis|I play Sd on my phone\n|j| Bostonl1\n|c|\u2606CurryBean|LOL\n|c|\u2606Sandy_Simis|So if i leave the tap i DC\n|c|\u2606CurryBean|im sorry\n|c|\u2606Sandy_Simis|not your fauld LMAO\n|\n|t:|1682975499\n|start\n|switch|p1a: Frieza|Iron Bundle, L50|100\/100\n|switch|p1b: Piletina|Gholdengo, L50|100\/100\n|switch|p2a: bingus|Chien-Pao, L50|100\/100\n|switch|p2b: hiii|Garchomp, L50, F|100\/100\n|-ability|p2a: bingus|Sword of Ruin\n|-enditem|p1a: Frieza|Booster Energy\n|-activate|p1a: Frieza|ability: Quark Drive|[fromitem]\n|-start|p1a: Frieza|quarkdrivespe\n|turn|1\n|j| yomoves\n|c| Bostonl1|I love bingus\n|l| dunderguy\n|\n|t:|1682975613\n|switch|p2b: big skizzy|Scizor, L50, F|100\/100\n|move|p1b: Piletina|Protect|p1b: Piletina\n|-singleturn|p1b: Piletina|Protect\n|move|p2a: bingus|Sucker Punch|p1a: Frieza\n|-damage|p1a: Frieza|43\/100\n|move|p1a: Frieza|Icy Wind|p2a: bingus|[spread] p2a,p2b\n|-resisted|p2a: bingus\n|-resisted|p2b: big skizzy\n|-damage|p2a: bingus|84\/100\n|-damage|p2b: big skizzy|88\/100\n|-unboost|p2a: bingus|spe|1\n|-unboost|p2b: big skizzy|spe|1\n|\n|upkeep\n|turn|2\n|l| Bostonl1\n|\n|t:|1682975684\n|move|p1a: Frieza|Protect|p1a: Frieza\n|-singleturn|p1a: Frieza|Protect\n|move|p2a: bingus|Sucker Punch||[still]\n|-fail|p2a: bingus\n|move|p2b: big skizzy|Bullet Punch|p1a: Frieza\n|-activate|p1a: Frieza|move: Protect\n|move|p1b: Piletina|Nasty Plot|p1b: Piletina\n|-boost|p1b: Piletina|spa|2\n|\n|upkeep\n|turn|3\n|j| Bostonl1\n|\n|t:|1682975816\n|-end|p1a: Frieza|Quark Drive|[silent]\n|switch|p1a: \u05e1\u05d0\u05b7\u05dc\u05d0\u05b7\u05de\u05d9|Indeedee-F, L50, F|100\/100\n|-fieldstart|move: Psychic Terrain|[from] ability: Psychic Surge|[of] p1a: \u05e1\u05d0\u05b7\u05dc\u05d0\u05b7\u05de\u05d9\n|-enditem|p1a: \u05e1\u05d0\u05b7\u05dc\u05d0\u05b7\u05de\u05d9|Psychic Seed\n|-boost|p1a: \u05e1\u05d0\u05b7\u05dc\u05d0\u05b7\u05de\u05d9|spd|1|[from] item: Psychic Seed\n|move|p2a: bingus|Sucker Punch|p1b: Piletina\n|-activate|p1b: Piletina|move: Psychic Terrain\n|move|p2b: big skizzy|Bullet Punch|p1a: \u05e1\u05d0\u05b7\u05dc\u05d0\u05b7\u05de\u05d9\n|-activate|p1a: \u05e1\u05d0\u05b7\u05dc\u05d0\u05b7\u05de\u05d9|move: Psychic Terrain\n|move|p1b: Piletina|Make It Rain|p2a: bingus|[spread] p2a,p2b\n|-supereffective|p2a: bingus\n|-resisted|p2b: big skizzy\n|-crit|p2b: big skizzy\n|-damage|p2a: bingus|0 fnt\n|-damage|p2b: big skizzy|12\/100\n|-unboost|p1b: Piletina|spa|1\n|faint|p2a: bingus\n|\n|upkeep\n|\n|t:|1682975828\n|switch|p2a: hiii|Garchomp, L50, F|100\/100\n|turn|4\n|c| Bostonl1|Indeedee out here speaking the language of the ancient badger people\n|c|\u2606CurryBean|what did he mean by this\n|c| PierceTheDriftveil|^\n|c| yomoves|Jewish people are not ancient badgers wtf\n|c| Bostonl1|LOL\n|\n|t:|1682975928\n|-terastallize|p2a: hiii|Ground\n|-terastallize|p1a: \u05e1\u05d0\u05b7\u05dc\u05d0\u05b7\u05de\u05d9|Fairy\n|move|p1b: Piletina|Protect|p1b: Piletina\n|-singleturn|p1b: Piletina|Protect\n|move|p2b: big skizzy|Bullet Punch|p1a: \u05e1\u05d0\u05b7\u05dc\u05d0\u05b7\u05de\u05d9\n|-activate|p1a: \u05e1\u05d0\u05b7\u05dc\u05d0\u05b7\u05de\u05d9|move: Psychic Terrain\n|move|p2a: hiii|Earthquake|p1a: \u05e1\u05d0\u05b7\u05dc\u05d0\u05b7\u05de\u05d9|[spread] p2b,p1a\n|-activate|p1b: Piletina|move: Protect\n|-damage|p2b: big skizzy|0 fnt\n|-damage|p1a: \u05e1\u05d0\u05b7\u05dc\u05d0\u05b7\u05de\u05d9|42\/100\n|faint|p2b: big skizzy\n|move|p1a: \u05e1\u05d0\u05b7\u05dc\u05d0\u05b7\u05de\u05d9|Dazzling Gleam|p2a: hiii\n|-damage|p2a: hiii|73\/100\n|\n|upkeep\n|\n|t:|1682975933\n|switch|p2b: worm|Gyarados, L50, F|100\/100\n|-ability|p2b: worm|Intimidate|boost\n|-unboost|p1a: \u05e1\u05d0\u05b7\u05dc\u05d0\u05b7\u05de\u05d9|atk|1\n|-unboost|p1b: Piletina|atk|1\n|turn|5\n|l| Bostonl1\n|j| Bostonl1\n|j| Orthoninja\n|\n|t:|1682976035\n|move|p2b: worm|Helping Hand|p2a: hiii\n|-singleturn|p2a: hiii|Helping Hand|[of] p2b: worm\n|move|p2a: hiii|Earthquake|p1a: \u05e1\u05d0\u05b7\u05dc\u05d0\u05b7\u05de\u05d9|[spread] p1a,p1b\n|-immune|p2b: worm\n|-supereffective|p1b: Piletina\n|-damage|p1a: \u05e1\u05d0\u05b7\u05dc\u05d0\u05b7\u05de\u05d9|0 fnt\n|-damage|p1b: Piletina|0 fnt\n|faint|p1a: \u05e1\u05d0\u05b7\u05dc\u05d0\u05b7\u05de\u05d9\n|faint|p1b: Piletina\n|\n|upkeep\n|\n|t:|1682976042\n|switch|p1b: Frieza|Iron Bundle, L50|43\/100\n|switch|p1a: Goku|Basculin, L50, F|100\/100\n|turn|6\n|\n|t:|1682976055\n|move|p2b: worm|Helping Hand|p2a: hiii\n|-singleturn|p2a: hiii|Helping Hand|[of] p2b: worm\n|move|p2a: hiii|Earthquake|p1a: Goku|[spread] p1a,p1b\n|-immune|p2b: worm\n|-damage|p1a: Goku|0 fnt\n|-damage|p1b: Frieza|0 fnt\n|faint|p1a: Goku\n|faint|p1b: Frieza\n|-end|p1b: Frieza|Quark Drive|[silent]\n|\n|win|CurryBean\n|c|\u2606CurryBean|gg\n|c|\u2606Sandy_Simis|Ggs\n|l| Orthoninja\n|l| Bostonl1\n|l|\u2606Sandy_Simis\n|l| yomoves\n|j| Bostonl1\n|j| Lugiabirb\n|l| Bostonl1\n|l| Lugiabirb\n|l| JeroenWP\n|j|\u2606Sandy_Simis\n|player|p1|Sandy_Simis|265\n","uploadtime":1682976732,"views":18,"p1id":"sandysimis","p2id":"currybean","formatid":"gen9vgc2023regulationc","rating":0,"private":0,"password":""}