{"id":"gen9vgc2023regulationc-1845225935","p1":"Choknater","p2":"trashcanpapi69","format":"[Gen 9] VGC 2023 Regulation C","log":"|j|\u2606Choknater\n|j|\u2606trashcanpapi69\n|t:|1681698761\n|gametype|doubles\n|player|p1|Choknater|2|1192\n|player|p2|trashcanpapi69|red|1100\n|teamsize|p1|6\n|teamsize|p2|6\n|gen|9\n|tier|[Gen 9] VGC 2023 Regulation C\n|rated|\n|rule|Species Clause: Limit one of each Pok\u00e9mon\n|rule|Item Clause: Limit one of each item\n|clearpoke\n|poke|p1|Tinkaton, L50, F|\n|poke|p1|Rotom-Heat, L50|\n|poke|p1|Ting-Lu, L50|\n|poke|p1|Brute Bonnet, L50|\n|poke|p1|Garganacl, L50, M|\n|poke|p1|Salamence, L50, F|\n|poke|p2|Dragonite, L50, M|\n|poke|p2|Chien-Pao, L50|\n|poke|p2|Kingambit, L50, M|\n|poke|p2|Rotom-Wash, L50|\n|poke|p2|Flutter Mane, L50|\n|poke|p2|Arcanine, L50, M|\n|teampreview|4\ntrashcanpapi69 rejected open team sheets.\n|\n|t:|1681698790\n|start\n|switch|p1a: Garganacl|Garganacl, L50, M|100\/100\n|switch|p1b: Ting-Lu|Ting-Lu, L50|100\/100\n|switch|p2a: Dragonite|Dragonite, L50, M|100\/100\n|switch|p2b: Chien-Pao|Chien-Pao, L50|100\/100\n|-ability|p2b: Chien-Pao|Sword of Ruin\n|-ability|p1b: Ting-Lu|Vessel of Ruin\n|turn|1\n|\n|t:|1681698807\n|-terastallize|p2a: Dragonite|Normal\n|-terastallize|p1a: Garganacl|Poison\n|move|p2a: Dragonite|Extreme Speed|p1b: Ting-Lu\n|-damage|p1b: Ting-Lu|62\/100\n|move|p2b: Chien-Pao|Ice Spinner|p1b: Ting-Lu\n|-supereffective|p1b: Ting-Lu\n|-damage|p1b: Ting-Lu|17\/100\n|move|p1b: Ting-Lu|Fissure|p2b: Chien-Pao\n|-enditem|p2b: Chien-Pao|Focus Sash\n|-damage|p2b: Chien-Pao|1\/100\n|move|p1a: Garganacl|Salt Cure|p2a: Dragonite\n|-damage|p2a: Dragonite|92\/100\n|-start|p2a: Dragonite|Salt Cure\n|\n|-heal|p1b: Ting-Lu|23\/100|[from] item: Leftovers\n|-damage|p2a: Dragonite|79\/100|[from] Salt Cure\n|upkeep\n|turn|2\n|\n|t:|1681698829\n|move|p1a: Garganacl|Protect|p1a: Garganacl\n|-singleturn|p1a: Garganacl|Protect\n|move|p2a: Dragonite|Extreme Speed|p1a: Garganacl\n|-activate|p1a: Garganacl|move: Protect\n|move|p2b: Chien-Pao|Ice Spinner|p1b: Ting-Lu\n|-supereffective|p1b: Ting-Lu\n|-damage|p1b: Ting-Lu|0 fnt\n|faint|p1b: Ting-Lu\n|\n|-damage|p2a: Dragonite|67\/100|[from] Salt Cure\n|upkeep\n|\n|t:|1681698842\n|switch|p1b: Rotom|Rotom-Heat, L50|100\/100\n|turn|3\n|\n|t:|1681698862\n|move|p2a: Dragonite|Extreme Speed|p1b: Rotom\n|-damage|p1b: Rotom|0 fnt\n|faint|p1b: Rotom\n|move|p2b: Chien-Pao|Ice Spinner|p1a: Garganacl\n|-damage|p1a: Garganacl|74\/100\n|move|p1a: Garganacl|Salt Cure|p2b: Chien-Pao\n|-supereffective|p2b: Chien-Pao\n|-damage|p2b: Chien-Pao|0 fnt\n|faint|p2b: Chien-Pao\n|\n|-heal|p1a: Garganacl|80\/100|[from] item: Black Sludge\n|-damage|p2a: Dragonite|55\/100|[from] Salt Cure\n|upkeep\n|\n|t:|1681698880\n|switch|p2b: Kingambit|Kingambit, L50, M|100\/100\n|switch|p1b: Brute Bonnet|Brute Bonnet, L50|100\/100\n|turn|4\n|\n|t:|1681698893\n|move|p2a: Dragonite|Extreme Speed|p1b: Brute Bonnet\n|-damage|p1b: Brute Bonnet|50\/100\n|move|p1b: Brute Bonnet|Spore|p2b: Kingambit\n|-status|p2b: Kingambit|slp|[from] move: Spore\n|cant|p2b: Kingambit|slp\n|move|p1a: Garganacl|Salt Cure|p2b: Kingambit\n|-resisted|p2b: Kingambit\n|-damage|p2b: Kingambit|95\/100 slp\n|-start|p2b: Kingambit|Salt Cure\n|\n|-heal|p1a: Garganacl|86\/100|[from] item: Black Sludge\n|-damage|p2a: Dragonite|43\/100|[from] Salt Cure\n|-damage|p2b: Kingambit|71\/100 slp|[from] Salt Cure\n|upkeep\n|turn|5\n|\n|t:|1681698909\n|switch|p2b: Arcanine|Arcanine, L50, M|100\/100\n|-ability|p2b: Arcanine|Intimidate|boost\n|-unboost|p1a: Garganacl|atk|1\n|-unboost|p1b: Brute Bonnet|atk|1\n|move|p2a: Dragonite|Extreme Speed|p1b: Brute Bonnet\n|-damage|p1b: Brute Bonnet|0 fnt\n|faint|p1b: Brute Bonnet\n|-end|p1b: Brute Bonnet|Protosynthesis|[silent]\n|move|p1a: Garganacl|Body Press|p2b: Arcanine\n|-damage|p2b: Arcanine|73\/100\n|\n|-heal|p1a: Garganacl|92\/100|[from] item: Black Sludge\n|-damage|p2a: Dragonite|31\/100|[from] Salt Cure\n|upkeep\n|turn|6\n|\n|t:|1681698922\n|switch|p2a: Kingambit|Kingambit, L50, M|71\/100 slp\n|move|p2b: Arcanine|Will-O-Wisp|p1a: Garganacl\n|-immune|p1a: Garganacl|[from] ability: Purifying Salt\n|move|p1a: Garganacl|Salt Cure|p2b: Arcanine\n|-supereffective|p2b: Arcanine\n|-damage|p2b: Arcanine|54\/100\n|-start|p2b: Arcanine|Salt Cure\n|\n|-heal|p1a: Garganacl|98\/100|[from] item: Black Sludge\n|-damage|p2b: Arcanine|42\/100|[from] Salt Cure\n|upkeep\n|turn|7\n|\n|t:|1681698933\n|move|p2b: Arcanine|Flare Blitz|p1a: Garganacl\n|-damage|p1a: Garganacl|72\/100\n|-damage|p2b: Arcanine|33\/100|[from] Recoil\n|cant|p2a: Kingambit|slp\n|move|p1a: Garganacl|Salt Cure|p2a: Kingambit\n|-resisted|p2a: Kingambit\n|-damage|p2a: Kingambit|67\/100 slp\n|-start|p2a: Kingambit|Salt Cure\n|\n|-heal|p1a: Garganacl|78\/100|[from] item: Black Sludge\n|-damage|p2b: Arcanine|21\/100|[from] Salt Cure\n|-damage|p2a: Kingambit|43\/100 slp|[from] Salt Cure\n|upkeep\n|turn|8\n|\n|t:|1681698943\n|switch|p2a: Dragonite|Dragonite, L50, M, tera:Normal|31\/100\n|move|p2b: Arcanine|Flare Blitz|p1a: Garganacl\n|-damage|p1a: Garganacl|53\/100\n|-damage|p2b: Arcanine|12\/100|[from] Recoil\n|move|p1a: Garganacl|Recover|p1a: Garganacl\n|-heal|p1a: Garganacl|100\/100\n|\n|-damage|p2b: Arcanine|0 fnt|[from] Salt Cure\n|faint|p2b: Arcanine\n|upkeep\n|\n|t:|1681698952\n|switch|p2b: Kingambit|Kingambit, L50, M|43\/100 slp\n|turn|9\n|\n|t:|1681698972\n|move|p2a: Dragonite|Dragon Claw|p1a: Garganacl\n|-damage|p1a: Garganacl|67\/100\n|-curestatus|p2b: Kingambit|slp|[msg]\n|move|p2b: Kingambit|Guillotine|p1a: Garganacl\n|-damage|p1a: Garganacl|0 fnt\n|faint|p1a: Garganacl\n|-ohko\n|\n|win|trashcanpapi69\n|raw|Choknater's rating: 1192 → 1161<\/strong> (-31 for losing)\n|raw|trashcanpapi69's rating: 1100 → 1131<\/strong> (+31 for winning)\n|c|\u2606trashcanpapi69|LETS GOOOOOOOOOO\n|c|\u2606Choknater|Nice hahah\n|c|\u2606trashcanpapi69|gg\n|c|\u2606Choknater|Gg\n|l|\u2606Choknater\n","uploadtime":1681699227,"views":7,"p1id":"choknater","p2id":"trashcanpapi69","formatid":"gen9vgc2023regulationc","rating":1131,"private":0,"password":""}