{"id":"gen9vgc2023regulationc-1856795640","p1":"Abugbog","p2":"Bullish21","format":"[Gen 9] VGC 2023 Regulation C","log":"|j|\u2606Abugbog\n|j|\u2606Bullish21\n|t:|1683112656\n|gametype|doubles\n|player|p1|Abugbog|101|1154\n|player|p2|Bullish21|riley|1151\n|teamsize|p1|6\n|teamsize|p2|6\n|gen|9\n|tier|[Gen 9] VGC 2023 Regulation C\n|rated|\n|rule|Species Clause: Limit one of each Pok\u00e9mon\n|rule|Item Clause: Limit one of each item\n|clearpoke\n|poke|p1|Ting-Lu, L50|\n|poke|p1|Flutter Mane, L50|\n|poke|p1|Tyranitar, L50, M|\n|poke|p1|Lycanroc, L50, M|\n|poke|p1|Corviknight, L50, M|\n|poke|p1|Gastrodon-East, L50, M|\n|poke|p2|Brambleghast, L50, M|\n|poke|p2|Ursaring, L50, M|\n|poke|p2|Lucario, L50, F|\n|poke|p2|Indeedee-F, L50, F|\n|poke|p2|Sylveon, L50, F|\n|poke|p2|Hatterene, L50, F|\n|teampreview|4\nBullish21 rejected open team sheets.\n|\n|t:|1683112692\n|start\n|switch|p1a: Lycanroc|Lycanroc, L50, M, shiny|100\/100\n|switch|p1b: Tyranitar|Tyranitar, L50, M, shiny|100\/100\n|switch|p2a: Indeedee|Indeedee-F, L50, F|100\/100\n|switch|p2b: Hatterene|Hatterene, L50, F|100\/100\n|-weather|Sandstorm|[from] ability: Sand Stream|[of] p1b: Tyranitar\n|-fieldstart|move: Psychic Terrain|[from] ability: Psychic Surge|[of] p2a: Indeedee\n|-enditem|p2a: Indeedee|Psychic Seed\n|-boost|p2a: Indeedee|spd|1|[from] item: Psychic Seed\n|turn|1\n|\n|t:|1683112724\n|-terastallize|p2a: Indeedee|Steel\n|move|p1a: Lycanroc|Rock Slide|p2b: Hatterene|[spread] p2b\n|-miss|p1a: Lycanroc|p2a: Indeedee\n|-damage|p2b: Hatterene|71\/100\n|move|p1b: Tyranitar|Rock Slide|p2a: Indeedee|[spread] p2a\n|-miss|p1b: Tyranitar|p2b: Hatterene\n|-resisted|p2a: Indeedee\n|-damage|p2a: Indeedee|87\/100\n|move|p2b: Hatterene|Dazzling Gleam|p1a: Lycanroc|[spread] p1a,p1b\n|-supereffective|p1b: Tyranitar\n|-damage|p1a: Lycanroc|63\/100\n|-damage|p1b: Tyranitar|74\/100\n|move|p2a: Indeedee|Trick Room|p2a: Indeedee\n|-fieldstart|move: Trick Room|[of] p2a: Indeedee\n|\n|-weather|Sandstorm|[upkeep]\n|-damage|p2b: Hatterene|65\/100|[from] Sandstorm\n|upkeep\n|turn|2\n|\n|t:|1683112757\n|move|p2a: Indeedee|Helping Hand|p2b: Hatterene\n|-singleturn|p2b: Hatterene|Helping Hand|[of] p2a: Indeedee\n|move|p2b: Hatterene|Dazzling Gleam|p1b: Tyranitar|[spread] p1a,p1b\n|-supereffective|p1b: Tyranitar\n|-damage|p1a: Lycanroc|3\/100\n|-damage|p1b: Tyranitar|36\/100\n|move|p1b: Tyranitar|Rock Slide|p2b: Hatterene|[spread] p2a,p2b\n|-resisted|p2a: Indeedee\n|-damage|p2a: Indeedee|72\/100\n|-damage|p2b: Hatterene|32\/100\n|move|p1a: Lycanroc|Rock Slide|p2a: Indeedee|[spread] p2a,p2b\n|-resisted|p2a: Indeedee\n|-damage|p2a: Indeedee|60\/100\n|-damage|p2b: Hatterene|0 fnt\n|faint|p2b: Hatterene\n|\n|-weather|Sandstorm|[upkeep]\n|upkeep\n|\n|t:|1683112773\n|switch|p2b: Sylveon|Sylveon, L50, F|100\/100\n|turn|3\n|inactive|Battle timer is ON: inactive players will automatically lose when time's up. (requested by Bullish21)\n|\n|t:|1683112817\n|move|p2a: Indeedee|Helping Hand|p2b: Sylveon\n|-singleturn|p2b: Sylveon|Helping Hand|[of] p2a: Indeedee\n|move|p2b: Sylveon|Hyper Voice|p1b: Tyranitar|[spread] p1a,p1b\n|-supereffective|p1b: Tyranitar\n|-damage|p1a: Lycanroc|0 fnt\n|-damage|p1b: Tyranitar|0 fnt\n|faint|p1a: Lycanroc\n|faint|p1b: Tyranitar\n|\n|-weather|Sandstorm|[upkeep]\n|-damage|p2b: Sylveon|95\/100|[from] Sandstorm\n|upkeep\n|\n|t:|1683112833\n|switch|p1b: Ting-Lu|Ting-Lu, L50|100\/100\n|switch|p1a: Corviknight|Corviknight, L50, M, shiny|100\/100\n|-ability|p1b: Ting-Lu|Vessel of Ruin\n|turn|4\n|inactive|Abugbog has 30 seconds left.\n|\n|t:|1683112862\n|move|p2a: Indeedee|Helping Hand|p2b: Sylveon\n|-singleturn|p2b: Sylveon|Helping Hand|[of] p2a: Indeedee\n|move|p1b: Ting-Lu|Protect|p1b: Ting-Lu\n|-singleturn|p1b: Ting-Lu|Protect\n|move|p2b: Sylveon|Hyper Voice|p1b: Ting-Lu|[spread] p1a\n|-activate|p1b: Ting-Lu|move: Protect\n|-resisted|p1a: Corviknight\n|-damage|p1a: Corviknight|68\/100\n|move|p1a: Corviknight|Bulk Up|p1a: Corviknight\n|-boost|p1a: Corviknight|atk|1\n|-boost|p1a: Corviknight|def|1\n|\n|-weather|Sandstorm|[upkeep]\n|-damage|p2b: Sylveon|89\/100|[from] Sandstorm\n|upkeep\n|turn|5\n|inactive|Abugbog has 30 seconds left.\n|inactive|Abugbog has 20 seconds left.\n|\n|t:|1683112898\n|-terastallize|p1b: Ting-Lu|Poison\n|move|p2a: Indeedee|Helping Hand|p2b: Sylveon\n|-singleturn|p2b: Sylveon|Helping Hand|[of] p2a: Indeedee\n|move|p1b: Ting-Lu|Earthquake|p2b: Sylveon|[spread] p2a,p2b\n|-immune|p1a: Corviknight\n|-supereffective|p2a: Indeedee\n|-damage|p2a: Indeedee|0 fnt\n|-damage|p2b: Sylveon|41\/100\n|faint|p2a: Indeedee\n|move|p2b: Sylveon|Hyper Voice|p1b: Ting-Lu|[spread] p1a,p1b\n|-resisted|p1a: Corviknight\n|-resisted|p1b: Ting-Lu\n|-damage|p1a: Corviknight|36\/100\n|-damage|p1b: Ting-Lu|73\/100\n|-enditem|p1a: Corviknight|Sitrus Berry|[eat]\n|-heal|p1a: Corviknight|61\/100|[from] item: Sitrus Berry\n|move|p1a: Corviknight|Roost|p1a: Corviknight\n|-heal|p1a: Corviknight|100\/100\n|-singleturn|p1a: Corviknight|move: Roost\n|\n|-weather|none\n|-fieldend|move: Trick Room\n|-fieldend|move: Psychic Terrain\n|upkeep\n|\n|t:|1683112916\n|switch|p2a: Ursaring|Ursaring, L50, M|100\/100\n|turn|6\n|inactive|Abugbog has 30 seconds left.\n|\n|t:|1683112946\n|move|p1a: Corviknight|Brave Bird|p2b: Sylveon\n|-damage|p2b: Sylveon|0 fnt\n|faint|p2b: Sylveon\n|-damage|p1a: Corviknight|87\/100|[from] Recoil\n|move|p2a: Ursaring|Crunch|p1b: Ting-Lu\n|-damage|p1b: Ting-Lu|55\/100\n|move|p1b: Ting-Lu|Throat Chop|p2a: Ursaring\n|-damage|p2a: Ursaring|54\/100\n|-start|p2a: Ursaring|Throat Chop|[silent]\n|\n|-status|p2a: Ursaring|brn|[from] item: Flame Orb\n|upkeep\n|turn|7\n|\n|t:|1683112968\n|move|p1a: Corviknight|Brave Bird|p2a: Ursaring\n|-damage|p2a: Ursaring|0 fnt\n|faint|p2a: Ursaring\n|-damage|p1a: Corviknight|70\/100|[from] Recoil\n|\n|win|Abugbog\n|raw|Abugbog's rating: 1154 → 1179<\/strong> (+25 for winning)\n|raw|Bullish21's rating: 1151 → 1126<\/strong> (-25 for losing)\n|l|\u2606Bullish21\n","uploadtime":1683112975,"views":8,"p1id":"abugbog","p2id":"bullish21","formatid":"gen9vgc2023regulationc","rating":1126,"private":0,"password":""}