{"id":"gen9vgc2023regulationc-1854092783","p1":"Jscoot12","p2":"Mr.Fabulas","format":"[Gen 9] VGC 2023 Regulation C","log":"|j|\u2606Jscoot12\n|j|\u2606Mr.Fabulas\n|t:|1682767936\n|gametype|doubles\n|player|p1|Jscoot12|265|1269\n|player|p2|Mr.Fabulas|169|1211\n|teamsize|p1|6\n|teamsize|p2|6\n|gen|9\n|tier|[Gen 9] VGC 2023 Regulation C\n|rated|\n|rule|Species Clause: Limit one of each Pok\u00e9mon\n|rule|Item Clause: Limit one of each item\n|clearpoke\n|poke|p1|Orthworm, L50, F|\n|poke|p1|Dragonite, L50, M|\n|poke|p1|Flutter Mane, L50|\n|poke|p1|Chi-Yu, L50|\n|poke|p1|Gastrodon-East, L50, F|\n|poke|p1|Baxcalibur, L50, M|\n|poke|p2|Flutter Mane, L50|\n|poke|p2|Arcanine, L50, M|\n|poke|p2|Gyarados, L50, F|\n|poke|p2|Iron Hands, L50|\n|poke|p2|Arboliva, L50, F|\n|poke|p2|Volcarona, L50, M|\n|teampreview|4\n|c|\u2606Mr.Fabulas|glhf\n|\n|t:|1682767960\n|start\n|switch|p1a: Baxcalibur|Baxcalibur, L50, M|100\/100\n|switch|p1b: Orthworm|Orthworm, L50, F|100\/100\n|switch|p2a: Flutter Mane|Flutter Mane, L50, shiny|100\/100\n|switch|p2b: Arboliva|Arboliva, L50, F, shiny|100\/100\n|turn|1\n|\n|t:|1682767979\n|move|p1a: Baxcalibur|Protect|p1a: Baxcalibur\n|-singleturn|p1a: Baxcalibur|Protect\n|move|p2a: Flutter Mane|Moonblast|p1a: Baxcalibur\n|-activate|p1a: Baxcalibur|move: Protect\n|move|p1b: Orthworm|Heavy Slam|p2a: Flutter Mane\n|-supereffective|p2a: Flutter Mane\n|-damage|p2a: Flutter Mane|0 fnt\n|faint|p2a: Flutter Mane\n|-end|p2a: Flutter Mane|Protosynthesis|[silent]\n|move|p2b: Arboliva|Earth Power|p1b: Orthworm\n|-immune|p1b: Orthworm|[from] ability: Earth Eater\n|\n|upkeep\n|\n|t:|1682767991\n|switch|p2a: Arcanine|Arcanine, L50, M, shiny|100\/100\n|-ability|p2a: Arcanine|Intimidate|boost\n|-unboost|p1a: Baxcalibur|atk|1\n|-unboost|p1b: Orthworm|atk|1\n|turn|2\n|\n|t:|1682768009\n|-terastallize|p1b: Orthworm|Fire\n|-terastallize|p2b: Arboliva|Water\n|move|p1a: Baxcalibur|Ice Shard|p2b: Arboliva\n|-resisted|p2b: Arboliva\n|-damage|p2b: Arboliva|90\/100\n|-damage|p1a: Baxcalibur|91\/100|[from] item: Life Orb\n|move|p2a: Arcanine|Heat Wave|p1a: Baxcalibur|[spread] p1a\n|-miss|p2a: Arcanine|p1b: Orthworm\n|-damage|p1a: Baxcalibur|71\/100\n|-ability|p1a: Baxcalibur|Thermal Exchange|boost\n|-boost|p1a: Baxcalibur|atk|1\n|move|p1b: Orthworm|Shed Tail|p1b: Orthworm\n|-start|p1b: Orthworm|Substitute|[from] move: Shed Tail\n|-damage|p1b: Orthworm|50\/100\n|\n|t:|1682768026\n|switch|p1b: Flutter Mane|Flutter Mane, L50|100\/100|[from] Shed Tail\n|-enditem|p1b: Flutter Mane|Booster Energy\n|-activate|p1b: Flutter Mane|ability: Protosynthesis|[fromitem]\n|-start|p1b: Flutter Mane|protosynthesisspe\n|move|p2b: Arboliva|Earth Power|p1a: Baxcalibur\n|-damage|p1a: Baxcalibur|42\/100\n|\n|upkeep\n|turn|3\n|\n|t:|1682768043\n|move|p1a: Baxcalibur|Protect|p1a: Baxcalibur\n|-singleturn|p1a: Baxcalibur|Protect\n|move|p2a: Arcanine|Extreme Speed|p1a: Baxcalibur\n|-activate|p1a: Baxcalibur|move: Protect\n|move|p1b: Flutter Mane|Thunderbolt|p2b: Arboliva\n|-supereffective|p2b: Arboliva\n|-damage|p2b: Arboliva|35\/100\n|-enditem|p2b: Arboliva|Sitrus Berry|[eat]\n|-heal|p2b: Arboliva|60\/100|[from] item: Sitrus Berry\n|move|p2b: Arboliva|Giga Drain|p1b: Flutter Mane\n|-end|p1b: Flutter Mane|Substitute\n|-heal|p2b: Arboliva|72\/100|[from] drain|[of] p1b: Flutter Mane\n|\n|-item|p2b: Arboliva|Sitrus Berry|[from] ability: Harvest\n|upkeep\n|turn|4\n|\n|t:|1682768085\n|move|p1b: Flutter Mane|Thunderbolt|p2b: Arboliva\n|-supereffective|p2b: Arboliva\n|-damage|p2b: Arboliva|23\/100\n|-enditem|p2b: Arboliva|Sitrus Berry|[eat]\n|-heal|p2b: Arboliva|48\/100|[from] item: Sitrus Berry\n|move|p2a: Arcanine|Flare Blitz|p1a: Baxcalibur\n|-damage|p1a: Baxcalibur|0 fnt\n|faint|p1a: Baxcalibur\n|-damage|p2a: Arcanine|87\/100|[from] Recoil\n|move|p2b: Arboliva|Giga Drain|p1b: Flutter Mane\n|-damage|p1b: Flutter Mane|58\/100\n|-heal|p2b: Arboliva|65\/100|[from] drain|[of] p1b: Flutter Mane\n|\n|upkeep\n|\n|t:|1682768099\n|switch|p1a: Chi-Yu|Chi-Yu, L50|100\/100\n|-ability|p1a: Chi-Yu|Beads of Ruin\n|turn|5\n|\n|t:|1682768112\n|move|p2b: Arboliva|Protect|p2b: Arboliva\n|-singleturn|p2b: Arboliva|Protect\n|move|p1b: Flutter Mane|Dazzling Gleam|p2a: Arcanine|[spread] p2a\n|-activate|p2b: Arboliva|move: Protect\n|-resisted|p2a: Arcanine\n|-damage|p2a: Arcanine|70\/100\n|move|p1a: Chi-Yu|Heat Wave|p2b: Arboliva|[spread] p2a\n|-activate|p2b: Arboliva|move: Protect\n|-resisted|p2a: Arcanine\n|-damage|p2a: Arcanine|37\/100\n|move|p2a: Arcanine|Flare Blitz|p1b: Flutter Mane\n|-damage|p1b: Flutter Mane|0 fnt\n|faint|p1b: Flutter Mane\n|-end|p1b: Flutter Mane|Protosynthesis|[silent]\n|-damage|p2a: Arcanine|23\/100|[from] Recoil\n|\n|-item|p2b: Arboliva|Sitrus Berry|[from] ability: Harvest\n|upkeep\n|\n|t:|1682768132\n|switch|p1b: Orthworm|Orthworm, L50, F, tera:Fire|50\/100\n|turn|6\n|\n|t:|1682768144\n|move|p2a: Arcanine|Extreme Speed|p1a: Chi-Yu\n|-damage|p1a: Chi-Yu|73\/100\n|move|p1a: Chi-Yu|Heat Wave|p2b: Arboliva|[spread] p2a\n|-miss|p1a: Chi-Yu|p2b: Arboliva\n|-resisted|p2a: Arcanine\n|-damage|p2a: Arcanine|0 fnt\n|faint|p2a: Arcanine\n|move|p1b: Orthworm|Heavy Slam|p2b: Arboliva\n|-resisted|p2b: Arboliva\n|-damage|p2b: Arboliva|44\/100\n|-enditem|p2b: Arboliva|Sitrus Berry|[eat]\n|-heal|p2b: Arboliva|69\/100|[from] item: Sitrus Berry\n|move|p2b: Arboliva|Tera Blast|p1a: Chi-Yu\n|-supereffective|p1a: Chi-Yu\n|-damage|p1a: Chi-Yu|0 fnt\n|faint|p1a: Chi-Yu\n|\n|-heal|p1b: Orthworm|56\/100|[from] item: Leftovers\n|upkeep\n|\n|t:|1682768161\n|switch|p2a: Iron Hands|Iron Hands, L50|100\/100\n|turn|7\n|\n|t:|1682768172\n|move|p2a: Iron Hands|Fake Out|p1b: Orthworm\n|-crit|p1b: Orthworm\n|-damage|p1b: Orthworm|40\/100\n|cant|p1b: Orthworm|flinch\n|move|p2b: Arboliva|Tera Blast|p1b: Orthworm\n|-supereffective|p1b: Orthworm\n|-damage|p1b: Orthworm|0 fnt\n|faint|p1b: Orthworm\n|\n|win|Mr.Fabulas\n|raw|Jscoot12's rating: 1269 → 1240<\/strong> (-29 for losing)\n|raw|Mr.Fabulas's rating: 1211 → 1240<\/strong> (+29 for winning)\n|c|\u2606Mr.Fabulas|gg\n","uploadtime":1682768185,"views":26,"p1id":"jscoot12","p2id":"mrfabulas","formatid":"gen9vgc2023regulationc","rating":1240,"private":0,"password":""}