{"id":"gen9vgc2023regulationc-1847103807","p1":"xCress","p2":"ultramandyna","format":"[Gen 9] VGC 2023 Regulation C","log":"|j|\u2606xCress\n|j|\u2606ultramandyna\n|t:|1681919353\n|gametype|doubles\n|player|p1|xCress|2|1057\n|player|p2|ultramandyna|169|1043\n|teamsize|p1|6\n|teamsize|p2|6\n|gen|9\n|tier|[Gen 9] VGC 2023 Regulation C\n|rated|\n|rule|Species Clause: Limit one of each Pok\u00e9mon\n|rule|Item Clause: Limit one of each item\n|clearpoke\n|poke|p1|Espeon, L50, M|\n|poke|p1|Floatzel, L50, M|\n|poke|p1|Amoonguss, L50, M|\n|poke|p1|Arcanine, L50, M|\n|poke|p1|Great Tusk, L50|\n|poke|p1|Indeedee, L50, M|\n|poke|p2|Amoonguss, L50, M|\n|poke|p2|Gholdengo, L50|\n|poke|p2|Kingambit, L50, M|\n|poke|p2|Ting-Lu, L50|\n|poke|p2|Palafin, L50, M|\n|poke|p2|Skeledirge, L50, M|\n|teampreview|4\n|inactive|Battle timer is ON: inactive players will automatically lose when time's up. (requested by ultramandyna)\n|\n|t:|1681919387\n|start\n|switch|p1a: Amoonguss|Amoonguss, L50, M|100\/100\n|switch|p1b: Arcanine|Arcanine, L50, M|100\/100\n|switch|p2a: Palafin|Palafin, L50, M|100\/100\n|switch|p2b: Skeledirge|Skeledirge, L50, M|100\/100\n|-ability|p1b: Arcanine|Intimidate|boost\n|-unboost|p2a: Palafin|atk|1\n|-unboost|p2b: Skeledirge|atk|1\n|turn|1\n|inactive|ultramandyna has 30 seconds left.\n|\n|t:|1681919413\n|detailschange|p2a: Palafin|Palafin-Hero, L50, M\n|switch|p2a: Ting-Lu|Ting-Lu, L50|100\/100\n|-ability|p2a: Ting-Lu|Vessel of Ruin\n|-terastallize|p2b: Skeledirge|Water\n|move|p1b: Arcanine|Will-O-Wisp|p2a: Ting-Lu\n|-status|p2a: Ting-Lu|brn\n|move|p2b: Skeledirge|Torch Song|p1a: Amoonguss\n|-supereffective|p1a: Amoonguss\n|-damage|p1a: Amoonguss|62\/100\n|-boost|p2b: Skeledirge|spa|1\n|move|p1a: Amoonguss|Spore|p2b: Skeledirge\n|-status|p2b: Skeledirge|slp|[from] move: Spore\n|\n|-heal|p1a: Amoonguss|68\/100|[from] item: Black Sludge\n|-damage|p2a: Ting-Lu|94\/100 brn|[from] brn\n|upkeep\n|turn|2\n|inactive|ultramandyna has 30 seconds left.\n|\n|t:|1681919439\n|move|p1b: Arcanine|Extreme Speed|p2b: Skeledirge\n|-damage|p2b: Skeledirge|71\/100 slp\n|-damage|p1b: Arcanine|91\/100|[from] item: Life Orb\n|cant|p2b: Skeledirge|slp\n|move|p2a: Ting-Lu|Bulldoze|p1b: Arcanine|[spread] p2b,p1a,p1b\n|-supereffective|p1b: Arcanine\n|-damage|p2b: Skeledirge|64\/100 slp\n|-damage|p1a: Amoonguss|59\/100\n|-damage|p1b: Arcanine|69\/100\n|-unboost|p2b: Skeledirge|spe|1\n|-unboost|p1a: Amoonguss|spe|1\n|-unboost|p1b: Arcanine|spe|1\n|move|p1a: Amoonguss|Giga Drain|p2b: Skeledirge\n|-supereffective|p2b: Skeledirge\n|-damage|p2b: Skeledirge|27\/100 slp\n|-heal|p1a: Amoonguss|76\/100|[from] drain|[of] p2b: Skeledirge\n|\n|-heal|p2a: Ting-Lu|100\/100 brn|[from] item: Leftovers\n|-heal|p1a: Amoonguss|81\/100|[from] item: Black Sludge\n|-damage|p2a: Ting-Lu|94\/100 brn|[from] brn\n|upkeep\n|turn|3\n|inactive|xCress has 30 seconds left.\n|inactive|ultramandyna has 30 seconds left.\n|\n|t:|1681919472\n|switch|p1b: Floatzel|Floatzel, L50, M|100\/100\n|switch|p2a: Kingambit|Kingambit, L50, M|100\/100\n|-curestatus|p2b: Skeledirge|slp|[msg]\n|move|p2b: Skeledirge|Earth Power|p1b: Floatzel\n|-damage|p1b: Floatzel|15\/100\n|move|p1a: Amoonguss|Giga Drain|p2b: Skeledirge\n|-supereffective|p2b: Skeledirge\n|-damage|p2b: Skeledirge|0 fnt\n|-heal|p1a: Amoonguss|93\/100|[from] drain|[of] p2b: Skeledirge\n|faint|p2b: Skeledirge\n|\n|-heal|p1a: Amoonguss|99\/100|[from] item: Black Sludge\n|upkeep\n|\n|t:|1681919488\n|switch|p2b: Palafin|Palafin-Hero, L50, M|100\/100\n|-activate|p2b: Palafin|ability: Zero to Hero\n|turn|4\n|\n|t:|1681919502\n|move|p2b: Palafin|Jet Punch|p1b: Floatzel\n|-resisted|p1b: Floatzel\n|-damage|p1b: Floatzel|0 fnt\n|faint|p1b: Floatzel\n|move|p2a: Kingambit|Swords Dance|p2a: Kingambit\n|-boost|p2a: Kingambit|atk|2\n|move|p1a: Amoonguss|Pollen Puff|p1: Floatzel|[notarget]\n|-fail|p1a: Amoonguss\n|\n|-heal|p1a: Amoonguss|100\/100|[from] item: Black Sludge\n|upkeep\n|\n|t:|1681919512\n|switch|p1b: Arcanine|Arcanine, L50, M|69\/100\n|-ability|p1b: Arcanine|Intimidate|boost\n|-unboost|p2a: Kingambit|atk|1\n|-ability|p2a: Kingambit|Defiant|boost\n|-boost|p2a: Kingambit|atk|2\n|-unboost|p2b: Palafin|atk|1\n|turn|5\n|\n|t:|1681919530\n|move|p2a: Kingambit|Protect|p2a: Kingambit\n|-singleturn|p2a: Kingambit|Protect\n|move|p2b: Palafin|Jet Punch|p1b: Arcanine\n|-supereffective|p1b: Arcanine\n|-damage|p1b: Arcanine|0 fnt\n|faint|p1b: Arcanine\n|move|p1a: Amoonguss|Spore|p2b: Palafin\n|-status|p2b: Palafin|slp|[from] move: Spore\n|\n|upkeep\n|\n|t:|1681919538\n|switch|p1b: Great Tusk|Great Tusk, L50|100\/100\n|-enditem|p1b: Great Tusk|Booster Energy\n|-activate|p1b: Great Tusk|ability: Protosynthesis|[fromitem]\n|-start|p1b: Great Tusk|protosynthesisatk\n|turn|6\n|\n|t:|1681919552\n|cant|p2b: Palafin|slp\n|move|p1b: Great Tusk|Bulldoze|p2a: Kingambit|[spread] p1a,p2a,p2b\n|-supereffective|p2a: Kingambit\n|-damage|p1a: Amoonguss|66\/100\n|-damage|p2a: Kingambit|58\/100\n|-damage|p2b: Palafin|73\/100 slp\n|-unboost|p1a: Amoonguss|spe|1\n|-unboost|p2a: Kingambit|spe|1\n|-ability|p2a: Kingambit|Defiant|boost\n|-boost|p2a: Kingambit|atk|2\n|-unboost|p2b: Palafin|spe|1\n|move|p2a: Kingambit|Kowtow Cleave|p1b: Great Tusk\n|-resisted|p1b: Great Tusk\n|-damage|p1b: Great Tusk|37\/100\n|move|p1a: Amoonguss|Giga Drain|p2b: Palafin\n|-supereffective|p2b: Palafin\n|-damage|p2b: Palafin|28\/100 slp\n|-heal|p1a: Amoonguss|86\/100|[from] drain|[of] p2b: Palafin\n|\n|-heal|p1a: Amoonguss|91\/100|[from] item: Black Sludge\n|upkeep\n|turn|7\n|inactive|ultramandyna has 30 seconds left.\n|\n|t:|1681919581\n|-curestatus|p2b: Palafin|slp|[msg]\n|move|p2b: Palafin|Jet Punch|p1b: Great Tusk\n|-supereffective|p1b: Great Tusk\n|-damage|p1b: Great Tusk|0 fnt\n|faint|p1b: Great Tusk\n|-end|p1b: Great Tusk|Protosynthesis|[silent]\n|move|p2a: Kingambit|Kowtow Cleave|p1a: Amoonguss\n|-damage|p1a: Amoonguss|0 fnt\n|faint|p1a: Amoonguss\n|\n|win|ultramandyna\n|raw|xCress's rating: 1057 → 1038<\/strong> (-19 for losing)\n|raw|ultramandyna's rating: 1043 → 1078<\/strong> (+35 for winning)\n|l|\u2606xCress\n","uploadtime":1681919597,"views":5,"p1id":"xcress","p2id":"ultramandyna","formatid":"gen9vgc2023regulationc","rating":1038,"private":0,"password":""}