{"id":"gen9vgc2023regulationc-1849418976","p1":"Echo Rose#9471","p2":"koolaidkoochie","format":"[Gen 9] VGC 2023 Regulation C","log":"|j|\u2606Echo Rose#9471\n|j|\u2606koolaidkoochie\n|t:|1682196335\n|gametype|doubles\n|player|p1|Echo Rose#9471|266|1343\n|player|p2|koolaidkoochie|102|1361\n|teamsize|p1|6\n|teamsize|p2|6\n|gen|9\n|tier|[Gen 9] VGC 2023 Regulation C\n|rated|\n|rule|Species Clause: Limit one of each Pok\u00e9mon\n|rule|Item Clause: Limit one of each item\n|clearpoke\n|poke|p1|Chi-Yu, L50|\n|poke|p1|Dachsbun, L50, M|\n|poke|p1|Flutter Mane, L50|\n|poke|p1|Gastrodon, L50, F|\n|poke|p1|Amoonguss, L50, M|\n|poke|p1|Corviknight, L50, F|\n|poke|p2|Abomasnow, L50, M|\n|poke|p2|Iron Bundle, L50|\n|poke|p2|Ceruledge, L50, F|\n|poke|p2|Chi-Yu, L50|\n|poke|p2|Cetitan, L50, F|\n|poke|p2|Ting-Lu, L50|\n|teampreview|4\nkoolaidkoochie has agreed to open team sheets.\n|\n|t:|1682196361\n|start\n|switch|p1a: Chi-Yu|Chi-Yu, L50|100\/100\n|switch|p1b: Flutter Mane|Flutter Mane, L50|100\/100\n|switch|p2a: Abomasnow|Abomasnow, L50, M|100\/100\n|switch|p2b: Iron Bundle|Iron Bundle, L50|100\/100\n|-ability|p1a: Chi-Yu|Beads of Ruin\n|-weather|Snow|[from] ability: Snow Warning|[of] p2a: Abomasnow\n|-enditem|p2b: Iron Bundle|Booster Energy\n|-activate|p2b: Iron Bundle|ability: Quark Drive|[fromitem]\n|-start|p2b: Iron Bundle|quarkdrivespe\n|-enditem|p1b: Flutter Mane|Booster Energy\n|-activate|p1b: Flutter Mane|ability: Protosynthesis|[fromitem]\n|-start|p1b: Flutter Mane|protosynthesisspe\n|turn|1\n|\n|t:|1682196378\n|move|p1a: Chi-Yu|Protect|p1a: Chi-Yu\n|-singleturn|p1a: Chi-Yu|Protect\n|move|p2a: Abomasnow|Protect|p2a: Abomasnow\n|-singleturn|p2a: Abomasnow|Protect\n|move|p2b: Iron Bundle|Aurora Veil|p2b: Iron Bundle\n|-sidestart|p2: koolaidkoochie|move: Aurora Veil\n|move|p1b: Flutter Mane|Dazzling Gleam|p2a: Abomasnow|[spread] p2b\n|-activate|p2a: Abomasnow|move: Protect\n|-damage|p2b: Iron Bundle|46\/100\n|\n|-weather|Snow|[upkeep]\n|upkeep\n|turn|2\n|\n|t:|1682196389\n|switch|p1a: Gastrodon|Gastrodon, L50, F|100\/100\n|move|p2b: Iron Bundle|Hydro Pump|p1a: Gastrodon\n|-ability|p1a: Gastrodon|Storm Drain|boost\n|-boost|p1a: Gastrodon|spa|1\n|move|p1b: Flutter Mane|Dazzling Gleam|p2b: Iron Bundle|[spread] p2a,p2b\n|-damage|p2a: Abomasnow|81\/100\n|-damage|p2b: Iron Bundle|0 fnt\n|faint|p2b: Iron Bundle\n|-end|p2b: Iron Bundle|Quark Drive|[silent]\n|move|p2a: Abomasnow|Blizzard|p1a: Gastrodon|[spread] p1a,p1b\n|-damage|p1a: Gastrodon|73\/100\n|-damage|p1b: Flutter Mane|77\/100\n|\n|-weather|Snow|[upkeep]\n|upkeep\n|\n|t:|1682196395\n|switch|p2b: Chi-Yu|Chi-Yu, L50|100\/100\n|-ability|p2b: Chi-Yu|Beads of Ruin\n|turn|3\n|\n|t:|1682196419\n|-terastallize|p1a: Gastrodon|Fire\n|move|p1b: Flutter Mane|Protect|p1b: Flutter Mane\n|-singleturn|p1b: Flutter Mane|Protect\n|move|p2b: Chi-Yu|Lava Plume|p1a: Gastrodon|[spread] p2a,p1a\n|-activate|p1b: Flutter Mane|move: Protect\n|-supereffective|p2a: Abomasnow\n|-resisted|p1a: Gastrodon\n|-damage|p2a: Abomasnow|0 fnt\n|-damage|p1a: Gastrodon|55\/100\n|faint|p2a: Abomasnow\n|move|p1a: Gastrodon|Earth Power|p2b: Chi-Yu\n|-supereffective|p2b: Chi-Yu\n|-damage|p2b: Chi-Yu|14\/100\n|\n|-weather|Snow|[upkeep]\n|upkeep\n|inactive|Battle timer is ON: inactive players will automatically lose when time's up. (requested by Echo Rose#9471)\n|\n|t:|1682196465\n|switch|p2a: Ceruledge|Ceruledge, L50, F|100\/100\n|turn|4\n|\n|t:|1682196482\n|-terastallize|p2a: Ceruledge|Bug\n|move|p2a: Ceruledge|Shadow Sneak|p1b: Flutter Mane\n|-supereffective|p1b: Flutter Mane\n|-damage|p1b: Flutter Mane|3\/100\n|move|p1b: Flutter Mane|Perish Song|p1b: Flutter Mane\n|-start|p1a: Gastrodon|perish3|[silent]\n|-start|p1b: Flutter Mane|perish3|[silent]\n|-start|p2a: Ceruledge|perish3|[silent]\n|-start|p2b: Chi-Yu|perish3|[silent]\n|-fieldactivate|move: Perish Song\n|move|p2b: Chi-Yu|Lava Plume|p1b: Flutter Mane|[spread] p1a,p1b\n|-start|p2a: Ceruledge|ability: Flash Fire\n|-resisted|p1a: Gastrodon\n|-damage|p1a: Gastrodon|34\/100\n|-damage|p1b: Flutter Mane|0 fnt\n|faint|p1b: Flutter Mane\n|-end|p1b: Flutter Mane|Protosynthesis|[silent]\n|move|p1a: Gastrodon|Recover|p1a: Gastrodon\n|-heal|p1a: Gastrodon|85\/100\n|\n|-weather|Snow|[upkeep]\n|-start|p2b: Chi-Yu|perish3\n|-start|p2a: Ceruledge|perish3\n|-start|p1a: Gastrodon|perish3\n|upkeep\n|\n|t:|1682196492\n|switch|p1b: Mercury|Corviknight, L50, F, shiny|100\/100\n|turn|5\n|inactive|koolaidkoochie has 30 seconds left.\n|\n|t:|1682196524\n|move|p1b: Mercury|Protect|p1b: Mercury\n|-singleturn|p1b: Mercury|Protect\n|move|p1a: Gastrodon|Protect|p1a: Gastrodon\n|-singleturn|p1a: Gastrodon|Protect\n|move|p2b: Chi-Yu|Lava Plume|p1b: Mercury|[spread] \n|-activate|p1a: Gastrodon|move: Protect\n|-activate|p1b: Mercury|move: Protect\n|-immune|p2a: Ceruledge|[from] ability: Flash Fire\n|move|p2a: Ceruledge|Bitter Blade|p1a: Gastrodon\n|-activate|p1a: Gastrodon|move: Protect\n|\n|-weather|none\n|-start|p2b: Chi-Yu|perish2\n|-start|p2a: Ceruledge|perish2\n|-start|p1a: Gastrodon|perish2\n|-sideend|p2: koolaidkoochie|move: Aurora Veil\n|upkeep\n|turn|6\n|l|\u2606Echo Rose#9471\n|inactive|Echo Rose#9471 disconnected and has a minute to reconnect!\n|player|p1|\n|j|\u2606Echo Rose#9471\n|inactive|Echo Rose#9471 reconnected and has 55 seconds left.\n|player|p1|Echo Rose#9471|266\n|\n|t:|1682196544\n|switch|p1b: Chi-Yu|Chi-Yu, L50|100\/100\n|-ability|p1b: Chi-Yu|Beads of Ruin\n|move|p2b: Chi-Yu|Dark Pulse|p1a: Gastrodon\n|-damage|p1a: Gastrodon|32\/100\n|move|p2a: Ceruledge|Bitter Blade|p1b: Chi-Yu\n|-resisted|p1b: Chi-Yu\n|-damage|p1b: Chi-Yu|49\/100\n|move|p1a: Gastrodon|Earth Power|p2b: Chi-Yu\n|-supereffective|p2b: Chi-Yu\n|-crit|p2b: Chi-Yu\n|-damage|p2b: Chi-Yu|0 fnt\n|faint|p2b: Chi-Yu\n|\n|-start|p2a: Ceruledge|perish1\n|-start|p1a: Gastrodon|perish1\n|upkeep\n|turn|7\n|\n|t:|1682196554\n|switch|p1a: Mercury|Corviknight, L50, F, shiny|100\/100\n|move|p1b: Chi-Yu|Protect|p1b: Chi-Yu\n|-singleturn|p1b: Chi-Yu|Protect\n|move|p2a: Ceruledge|Protect||[still]\n|-fail|p2a: Ceruledge\n|\n|-start|p2a: Ceruledge|perish0\n|faint|p2a: Ceruledge\n|\n|win|Echo Rose#9471\n|upkeep\n|raw|Echo Rose#9471's rating: 1343 → 1364<\/strong> (+21 for winning)\n|raw|koolaidkoochie's rating: 1361 → 1340<\/strong> (-21 for losing)\n|l|\u2606koolaidkoochie\n","uploadtime":1682196562,"views":13,"p1id":"echorose9471","p2id":"koolaidkoochie","formatid":"gen9vgc2023regulationc","rating":1340,"private":0,"password":""}