{"id":"gen9vgc2023regulationc-1854285627","p1":"mattnot3","p2":"mysafewordisharder","format":"[Gen 9] VGC 2023 Regulation C","log":"|j|\u2606mattnot3\n|j|\u2606mysafewordisharder\n|t:|1682792635\n|gametype|doubles\n|player|p1|mattnot3|pokemonbreeder-gen4|1381\n|player|p2|mysafewordisharder|milo|1316\n|teamsize|p1|6\n|teamsize|p2|6\n|gen|9\n|tier|[Gen 9] VGC 2023 Regulation C\n|rated|\n|rule|Species Clause: Limit one of each Pok\u00e9mon\n|rule|Item Clause: Limit one of each item\n|clearpoke\n|poke|p1|Chi-Yu, L50|\n|poke|p1|Flutter Mane, L50|\n|poke|p1|Scizor, L50, F|\n|poke|p1|Wo-Chien, L50|\n|poke|p1|Gyarados, L50, F|\n|poke|p1|Glimmora, L50, F|\n|poke|p2|Garganacl, L50, F|\n|poke|p2|Arcanine, L50, F|\n|poke|p2|Amoonguss, L50, M|\n|poke|p2|Palafin, L50, F|\n|poke|p2|Flutter Mane, L50|\n|poke|p2|Baxcalibur, L50, F|\n|teampreview|4\n|c|\u2606mysafewordisharder|glhf\nmysafewordisharder has agreed to open team sheets.\n|c|\u2606mattnot3|u too\nmattnot3 has agreed to open team sheets.\n|inactive|Battle timer is ON: inactive players will automatically lose when time's up. (requested by mysafewordisharder)\n|\n|t:|1682792755\n|start\n|switch|p1a: Scizor|Scizor, L50, F|100\/100\n|switch|p1b: Glimmora|Glimmora, L50, F|100\/100\n|switch|p2a: Salt me Bae|Garganacl, L50, F|100\/100\n|switch|p2b: Chest Day|Palafin, L50, F|100\/100\n|turn|1\n|\n|t:|1682792779\n|detailschange|p2b: Chest Day|Palafin-Hero, L50, F\n|switch|p2b: Sus|Amoonguss, L50, M|100\/100\n|move|p2a: Salt me Bae|Protect|p2a: Salt me Bae\n|-singleturn|p2a: Salt me Bae|Protect\n|move|p1b: Glimmora|Earth Power|p2a: Salt me Bae\n|-activate|p2a: Salt me Bae|move: Protect\n|move|p1a: Scizor|Tailwind|p1a: Scizor\n|-sidestart|p1: mattnot3|move: Tailwind\n|\n|upkeep\n|turn|2\n|inactive|mattnot3 has 30 seconds left.\n|\n|t:|1682792804\n|-terastallize|p2a: Salt me Bae|Grass\n|move|p1b: Glimmora|Earth Power|p2a: Salt me Bae\n|-resisted|p2a: Salt me Bae\n|-damage|p2a: Salt me Bae|90\/100\n|move|p1a: Scizor|U-turn|p2a: Salt me Bae\n|-supereffective|p2a: Salt me Bae\n|-damage|p2a: Salt me Bae|39\/100\n|\n|t:|1682792814\n|switch|p1a: Chi-Yu|Chi-Yu, L50|100\/100|[from] U-turn\n|-ability|p1a: Chi-Yu|Beads of Ruin\n|move|p2a: Salt me Bae|Salt Cure|p1a: Chi-Yu\n|-supereffective|p1a: Chi-Yu\n|-damage|p1a: Chi-Yu|63\/100\n|-start|p1a: Chi-Yu|Salt Cure\n|move|p2b: Sus|Spore|p1b: Glimmora\n|-status|p1b: Glimmora|slp|[from] move: Spore\n|\n|-heal|p2a: Salt me Bae|45\/100|[from] item: Leftovers\n|-damage|p1a: Chi-Yu|51\/100|[from] Salt Cure\n|upkeep\n|turn|3\n|inactive|mattnot3 has 30 seconds left.\n|\n|t:|1682792841\n|switch|p1b: Scizor|Scizor, L50, F|100\/100\n|switch|p2a: Chest Day|Palafin-Hero, L50, F|100\/100\n|-activate|p2a: Chest Day|ability: Zero to Hero\n|move|p2b: Sus|Protect|p2b: Sus\n|-singleturn|p2b: Sus|Protect\n|move|p1a: Chi-Yu|Heat Wave|p2b: Sus|[spread] p2a\n|-activate|p2b: Sus|move: Protect\n|-resisted|p2a: Chest Day\n|-damage|p2a: Chest Day|69\/100\n|\n|-damage|p1a: Chi-Yu|38\/100|[from] Salt Cure\n|upkeep\n|turn|4\n|\n|t:|1682792859\n|switch|p1a: Glimmora|Glimmora, L50, F|100\/100 slp\n|switch|p2b: Salt me Bae|Garganacl, L50, F, tera:Grass|45\/100\n|move|p2a: Chest Day|Jet Punch|p1a: Glimmora\n|-supereffective|p1a: Glimmora\n|-damage|p1a: Glimmora|1\/100 slp\n|-activate|p1a: Glimmora|ability: Toxic Debris\n|-sidestart|p2: mysafewordisharder|move: Toxic Spikes\n|move|p1b: Scizor|U-turn|p2a: Chest Day\n|-damage|p2a: Chest Day|34\/100\n|\n|t:|1682792881\n|switch|p1b: Flutter Mane|Flutter Mane, L50|100\/100|[from] U-turn\n|-enditem|p1b: Flutter Mane|Booster Energy\n|-activate|p1b: Flutter Mane|ability: Protosynthesis|[fromitem]\n|-start|p1b: Flutter Mane|protosynthesisspa\n|\n|-heal|p2b: Salt me Bae|50\/100|[from] item: Leftovers\n|-sideend|p1: mattnot3|move: Tailwind\n|upkeep\n|turn|5\n|\n|t:|1682792897\n|switch|p2a: Sus|Amoonguss, L50, M|100\/100\n|-sideend|p2: mysafewordisharder|move: Toxic Spikes|[of] p2a: Sus\n|switch|p1a: Scizor|Scizor, L50, F|100\/100\n|move|p1b: Flutter Mane|Protect|p1b: Flutter Mane\n|-singleturn|p1b: Flutter Mane|Protect\n|move|p2b: Salt me Bae|Protect||[still]\n|-fail|p2b: Salt me Bae\n|\n|-heal|p2b: Salt me Bae|56\/100|[from] item: Leftovers\n|upkeep\n|turn|6\n|\n|t:|1682792916\n|move|p2a: Sus|Rage Powder|p2a: Sus\n|-singleturn|p2a: Sus|move: Rage Powder\n|move|p1b: Flutter Mane|Substitute|p1b: Flutter Mane\n|-start|p1b: Flutter Mane|Substitute\n|-damage|p1b: Flutter Mane|76\/100\n|move|p1a: Scizor|U-turn|p2b: Salt me Bae\n|-supereffective|p2b: Salt me Bae\n|-damage|p2b: Salt me Bae|0 fnt\n|faint|p2b: Salt me Bae\n|\n|t:|1682792926\n|switch|p1a: Chi-Yu|Chi-Yu, L50|38\/100|[from] U-turn\n|-ability|p1a: Chi-Yu|Beads of Ruin\n|\n|upkeep\n|\n|t:|1682792932\n|switch|p2b: Chest Day|Palafin-Hero, L50, F|34\/100\n|turn|7\n|\n|t:|1682792936\n|switch|p1a: Glimmora|Glimmora, L50, F|1\/100 slp\n|move|p1b: Flutter Mane|Protect|p1b: Flutter Mane\n|-singleturn|p1b: Flutter Mane|Protect\n|move|p2a: Sus|Rage Powder|p2a: Sus\n|-singleturn|p2a: Sus|move: Rage Powder\n|move|p2b: Chest Day|Jet Punch|p1a: Glimmora\n|-supereffective|p1a: Glimmora\n|-damage|p1a: Glimmora|0 fnt\n|-activate|p1a: Glimmora|ability: Toxic Debris\n|-sidestart|p2: mysafewordisharder|move: Toxic Spikes\n|faint|p1a: Glimmora\n|\n|upkeep\n|\n|t:|1682792954\n|switch|p1a: Scizor|Scizor, L50, F|100\/100\n|turn|8\n|inactive|mattnot3 has 30 seconds left.\n|\n|t:|1682792986\n|-terastallize|p1a: Scizor|Water\n|move|p2b: Chest Day|Protect|p2b: Chest Day\n|-singleturn|p2b: Chest Day|Protect\n|move|p2a: Sus|Rage Powder|p2a: Sus\n|-singleturn|p2a: Sus|move: Rage Powder\n|move|p1a: Scizor|Bullet Punch|p2a: Sus\n|-damage|p2a: Sus|74\/100\n|move|p1b: Flutter Mane|Shadow Ball|p2a: Sus\n|-damage|p2a: Sus|23\/100\n|-enditem|p2a: Sus|Sitrus Berry|[eat]\n|-heal|p2a: Sus|48\/100|[from] item: Sitrus Berry\n|\n|upkeep\n|turn|9\n|\n|t:|1682793003\n|move|p1b: Flutter Mane|Protect|p1b: Flutter Mane\n|-singleturn|p1b: Flutter Mane|Protect\n|move|p2a: Sus|Rage Powder|p2a: Sus\n|-singleturn|p2a: Sus|move: Rage Powder\n|move|p2b: Chest Day|Jet Punch|p1b: Flutter Mane\n|-activate|p1b: Flutter Mane|move: Protect\n|move|p1a: Scizor|Bullet Punch|p2a: Sus\n|-damage|p2a: Sus|18\/100\n|\n|upkeep\n|turn|10\n|\n|t:|1682793016\n|move|p2a: Sus|Rage Powder|p2a: Sus\n|-singleturn|p2a: Sus|move: Rage Powder\n|move|p2b: Chest Day|Jet Punch|p1b: Flutter Mane\n|-end|p1b: Flutter Mane|Substitute\n|move|p1a: Scizor|Bullet Punch|p2a: Sus\n|-damage|p2a: Sus|0 fnt\n|faint|p2a: Sus\n|move|p1b: Flutter Mane|Moonblast|p2b: Chest Day\n|-damage|p2b: Chest Day|0 fnt\n|faint|p2b: Chest Day\n|\n|upkeep\n|c|\u2606mysafewordisharder|gg wp\n|\n|t:|1682793026\n|switch|p2a: It's not a phase|Flutter Mane, L50|100\/100\n|-status|p2a: It's not a phase|psn\n|-enditem|p2a: It's not a phase|Booster Energy\n|-activate|p2a: It's not a phase|ability: Protosynthesis|[fromitem]\n|-start|p2a: It's not a phase|protosynthesisspa\n|turn|11\n|-message|mysafewordisharder forfeited.\n|\n|win|mattnot3\n|raw|mattnot3's rating: 1381 → 1397<\/strong> (+16 for winning)\n|raw|mysafewordisharder's rating: 1316 → 1300<\/strong> (-16 for losing)\n|c|\u2606mattnot3|gg wp\n","uploadtime":1682793045,"views":23,"p1id":"mattnot3","p2id":"mysafewordisharder","formatid":"gen9vgc2023regulationc","rating":1300,"private":0,"password":""}