{"id":"gen9vgc2023regulationc-1857034982","p1":"TheLegend05","p2":"ihopeafairmatch","format":"[Gen 9] VGC 2023 Regulation C","log":"|j|\u2606TheLegend05\n|j|\u2606ihopeafairmatch\n|t:|1683139128\n|gametype|doubles\n|player|p1|TheLegend05|artist-gen4|\n|player|p2|ihopeafairmatch|ghetsis|\n|teamsize|p1|6\n|teamsize|p2|6\n|gen|9\n|tier|[Gen 9] VGC 2023 Regulation C\n|rated|Tournament battle\n|rule|Species Clause: Limit one of each Pok\u00e9mon\n|rule|Item Clause: Limit one of each item\n|clearpoke\n|poke|p1|Abomasnow, L50, F|\n|poke|p1|Iron Bundle, L50|\n|poke|p1|Gyarados, L50, F|\n|poke|p1|Ting-Lu, L50|\n|poke|p1|Amoonguss, L50, M|\n|poke|p1|Ceruledge, L50, F|\n|poke|p2|Torkoal, L50, M|\n|poke|p2|Scovillain, L50, M|\n|poke|p2|Flutter Mane, L50|\n|poke|p2|Ting-Lu, L50|\n|poke|p2|Baxcalibur, L50, M|\n|poke|p2|Grimmsnarl, L50, M|\n|teampreview|4\n|inactive|Battle timer is ON: inactive players will automatically lose when time's up. (requested by ihopeafairmatch)\n|inactive|TheLegend05 has 60 seconds left.\n|inactive|ihopeafairmatch has 60 seconds left.\nihopeafairmatch has agreed to open team sheets.\n|inactive|TheLegend05 has 30 seconds left.\n|inactive|ihopeafairmatch has 30 seconds left.\n|inactive|TheLegend05 has 20 seconds left.\n|inactive|ihopeafairmatch has 20 seconds left.\n|inactive|ihopeafairmatch has 15 seconds left.\n|inactive|ihopeafairmatch has 10 seconds left.\n|\n|t:|1683139212\n|start\n|switch|p1a: Gyarados|Gyarados, L50, F, shiny|100\/100\n|switch|p1b: Ting-Lu|Ting-Lu, L50|100\/100\n|switch|p2a: Grimmsnarl|Grimmsnarl, L50, M|100\/100\n|switch|p2b: Flutter Mane|Flutter Mane, L50|100\/100\n|-ability|p1a: Gyarados|Intimidate|boost\n|-unboost|p2a: Grimmsnarl|atk|1\n|-unboost|p2b: Flutter Mane|atk|1\n|-ability|p1b: Ting-Lu|Vessel of Ruin\n|-enditem|p2b: Flutter Mane|Booster Energy\n|-activate|p2b: Flutter Mane|ability: Protosynthesis|[fromitem]\n|-start|p2b: Flutter Mane|protosynthesisspa\n|turn|1\n|inactive|TheLegend05 has 30 seconds left.\n|inactive|ihopeafairmatch has 30 seconds left.\n|inactive|ihopeafairmatch has 20 seconds left.\n|\n|t:|1683139248\n|move|p1b: Ting-Lu|Protect|p1b: Ting-Lu\n|-singleturn|p1b: Ting-Lu|Protect\n|move|p2a: Grimmsnarl|Reflect|p2a: Grimmsnarl\n|-sidestart|p2: ihopeafairmatch|Reflect\n|move|p2b: Flutter Mane|Moonblast|p1b: Ting-Lu\n|-activate|p1b: Ting-Lu|move: Protect\n|move|p1a: Gyarados|Thunder Wave|p2b: Flutter Mane\n|-status|p2b: Flutter Mane|par\n|\n|upkeep\n|turn|2\n|\n|t:|1683139271\n|-terastallize|p1b: Ting-Lu|Fire\n|move|p1a: Gyarados|Waterfall|p2b: Flutter Mane\n|-damage|p2b: Flutter Mane|64\/100 par\n|move|p2a: Grimmsnarl|Spirit Break|p1b: Ting-Lu\n|-resisted|p1b: Ting-Lu\n|-damage|p1b: Ting-Lu|95\/100\n|-unboost|p1b: Ting-Lu|spa|1\n|cant|p2b: Flutter Mane|par\n|move|p1b: Ting-Lu|Earthquake|p2b: Flutter Mane|[spread] p2a,p2b\n|-immune|p1a: Gyarados\n|-damage|p2a: Grimmsnarl|81\/100\n|-damage|p2b: Flutter Mane|38\/100 par\n|\n|-heal|p1b: Ting-Lu|100\/100|[from] item: Leftovers\n|upkeep\n|turn|3\n|inactive|ihopeafairmatch has 30 seconds left.\n|\n|t:|1683139303\n|switch|p2a: Baxcalibur|Baxcalibur, L50, M|100\/100\n|-end|p2b: Flutter Mane|Protosynthesis|[silent]\n|switch|p2b: Torkoal|Torkoal, L50, M|100\/100\n|-weather|SunnyDay|[from] ability: Drought|[of] p2b: Torkoal\n|move|p1a: Gyarados|Waterfall|p2b: Torkoal\n|-supereffective|p2b: Torkoal\n|-damage|p2b: Torkoal|80\/100\n|move|p1b: Ting-Lu|Earthquake|p2b: Torkoal|[spread] p2a,p2b\n|-immune|p1a: Gyarados\n|-supereffective|p2b: Torkoal\n|-damage|p2a: Baxcalibur|87\/100\n|-damage|p2b: Torkoal|52\/100\n|\n|-weather|SunnyDay|[upkeep]\n|upkeep\n|turn|4\n|inactive|TheLegend05 has 30 seconds left.\n|\n|t:|1683139333\n|-terastallize|p2a: Baxcalibur|Water\n|move|p2a: Baxcalibur|Swords Dance|p2a: Baxcalibur\n|-boost|p2a: Baxcalibur|atk|2\n|move|p1a: Gyarados|Thunder Wave|p2a: Baxcalibur\n|-status|p2a: Baxcalibur|par\n|move|p1b: Ting-Lu|Earthquake|p2b: Torkoal|[spread] p2a,p2b\n|-immune|p1a: Gyarados\n|-supereffective|p2b: Torkoal\n|-damage|p2a: Baxcalibur|73\/100 par\n|-damage|p2b: Torkoal|25\/100\n|move|p2b: Torkoal|Earth Power|p1b: Ting-Lu\n|-supereffective|p1b: Ting-Lu\n|-damage|p1b: Ting-Lu|78\/100\n|\n|-weather|SunnyDay|[upkeep]\n|-heal|p1b: Ting-Lu|84\/100|[from] item: Leftovers\n|upkeep\n|turn|5\n|inactive|TheLegend05 has 30 seconds left.\n|\n|t:|1683139363\n|move|p1a: Gyarados|Waterfall|p2a: Baxcalibur\n|-resisted|p2a: Baxcalibur\n|-damage|p2a: Baxcalibur|68\/100 par\n|move|p1b: Ting-Lu|Earthquake|p2a: Baxcalibur|[spread] p2a,p2b\n|-immune|p1a: Gyarados\n|-supereffective|p2b: Torkoal\n|-damage|p2a: Baxcalibur|53\/100 par\n|-damage|p2b: Torkoal|0 fnt\n|faint|p2b: Torkoal\n|move|p2a: Baxcalibur|Glaive Rush|p1a: Gyarados\n|-damage|p1a: Gyarados|0 fnt\n|-singlemove|p2a: Baxcalibur|Glaive Rush|[silent]\n|faint|p1a: Gyarados\n|\n|-weather|SunnyDay|[upkeep]\n|-heal|p1b: Ting-Lu|91\/100|[from] item: Leftovers\n|upkeep\n|inactive|TheLegend05 has 30 seconds left.\n|\n|t:|1683139391\n|switch|p1a: Ceruledge|Ceruledge, L50, F|100\/100\n|switch|p2b: Grimmsnarl|Grimmsnarl, L50, M|81\/100\n|turn|6\n|\n|t:|1683139410\n|move|p2b: Grimmsnarl|Fake Out|p1b: Ting-Lu\n|-damage|p1b: Ting-Lu|84\/100\n|move|p2a: Baxcalibur|Ice Shard|p1a: Ceruledge\n|-resisted|p1a: Ceruledge\n|-damage|p1a: Ceruledge|76\/100\n|move|p1a: Ceruledge|Bitter Blade|p2a: Baxcalibur\n|-resisted|p2a: Baxcalibur\n|-damage|p2a: Baxcalibur|37\/100 par\n|-heal|p1a: Ceruledge|86\/100|[from] drain|[of] p2a: Baxcalibur\n|-ability|p2a: Baxcalibur|Thermal Exchange|boost\n|-boost|p2a: Baxcalibur|atk|1\n|cant|p1b: Ting-Lu|flinch\n|\n|-weather|SunnyDay|[upkeep]\n|-heal|p1b: Ting-Lu|90\/100|[from] item: Leftovers\n|upkeep\n|turn|7\n|inactive|TheLegend05 has 30 seconds left.\n|\n|t:|1683139439\n|move|p1a: Ceruledge|Swords Dance|p1a: Ceruledge\n|-boost|p1a: Ceruledge|atk|2\n|move|p2b: Grimmsnarl|Spirit Break|p1a: Ceruledge\n|-resisted|p1a: Ceruledge\n|-damage|p1a: Ceruledge|69\/100\n|move|p1b: Ting-Lu|Stomping Tantrum|p2a: Baxcalibur\n|-crit|p2a: Baxcalibur\n|-damage|p2a: Baxcalibur|0 fnt\n|faint|p2a: Baxcalibur\n|\n|-weather|none\n|-heal|p1b: Ting-Lu|96\/100|[from] item: Leftovers\n|upkeep\n|\n|t:|1683139453\n|switch|p2a: Flutter Mane|Flutter Mane, L50|38\/100 par\n|turn|8\n|\n|t:|1683139471\n|move|p1a: Ceruledge|Bitter Blade|p2a: Flutter Mane\n|-damage|p2a: Flutter Mane|0 fnt\n|-heal|p1a: Ceruledge|85\/100|[from] drain|[of] p2a: Flutter Mane\n|faint|p2a: Flutter Mane\n|-end|p2a: Flutter Mane|Protosynthesis|[silent]\n|move|p2b: Grimmsnarl|Spirit Break|p1b: Ting-Lu\n|-resisted|p1b: Ting-Lu\n|-damage|p1b: Ting-Lu|88\/100\n|-unboost|p1b: Ting-Lu|spa|1\n|move|p1b: Ting-Lu|Heavy Slam|p2b: Grimmsnarl\n|-supereffective|p2b: Grimmsnarl\n|-damage|p2b: Grimmsnarl|39\/100\n|\n|-heal|p1b: Ting-Lu|94\/100|[from] item: Leftovers\n|-sideend|p2: ihopeafairmatch|Reflect\n|upkeep\n|turn|9\n|c|\u2606ihopeafairmatch|Gg\n|-message|ihopeafairmatch forfeited.\n|\n|win|TheLegend05\n|n|\u2606TheLegend05|thelegend05\n|n|\u2606ihopeafairmatch|ihopeafairmatch\n|l|\u2606ihopeafairmatch\n","uploadtime":1683139496,"views":12,"p1id":"thelegend05","p2id":"ihopeafairmatch","formatid":"gen9vgc2023regulationc","rating":0,"private":0,"password":""}