{"id":"gen9vgc2023regulationc-1851458816","p1":"Goldsaint5","p2":"jeffman323","format":"[Gen 9] VGC 2023 Regulation C","log":"|j|\u2606Goldsaint5\n|j|\u2606jeffman323\n|t:|1682446819\n|gametype|doubles\n|player|p1|Goldsaint5|wikstrom|1517\n|player|p2|jeffman323|steven|1566\n|teamsize|p1|6\n|teamsize|p2|6\n|gen|9\n|tier|[Gen 9] VGC 2023 Regulation C\n|rated|\n|rule|Species Clause: Limit one of each Pok\u00e9mon\n|rule|Item Clause: Limit one of each item\n|clearpoke\n|poke|p1|Talonflame, L50, M|\n|poke|p1|Chien-Pao, L50|\n|poke|p1|Great Tusk, L50|\n|poke|p1|Scizor, L50, M|\n|poke|p1|Arcanine, L50, M|\n|poke|p1|Iron Hands, L50|\n|poke|p2|Hatterene, L50, F|\n|poke|p2|Azumarill, L50, M|\n|poke|p2|Torkoal, L50, F|\n|poke|p2|Kingambit, L50, M|\n|poke|p2|Iron Hands, L50|\n|poke|p2|Stantler, L50, M|\n|teampreview|4\njeffman323 has agreed to open team sheets.\nGoldsaint5 has agreed to open team sheets.\n|c|\u2606Goldsaint5|gl hf\n|\n|t:|1682446870\n|start\n|switch|p1a: Iron Hands|Iron Hands, L50|100\/100\n|switch|p1b: Scizor|Scizor, L50, M|100\/100\n|switch|p2a: Iron Hands|Iron Hands, L50|100\/100\n|switch|p2b: Stantler|Stantler, L50, M|100\/100\n|-ability|p2b: Stantler|Intimidate|boost\n|-unboost|p1a: Iron Hands|atk|1\n|-fail|p1b: Scizor|unboost|[from] item: Clear Amulet|[of] p1b: Scizor\n|turn|1\n|\n|t:|1682446891\n|move|p1a: Iron Hands|Fake Out|p2b: Stantler\n|-damage|p2b: Stantler|89\/100\n|move|p2a: Iron Hands|Fake Out|p1b: Scizor\n|-resisted|p1b: Scizor\n|-damage|p1b: Scizor|93\/100\n|cant|p1b: Scizor|flinch\n|cant|p2b: Stantler|flinch\n|\n|upkeep\n|turn|2\n|\n|t:|1682446927\n|-terastallize|p2b: Stantler|Fire\n|move|p1b: Scizor|Brick Break|p2b: Stantler\n|-damage|p2b: Stantler|62\/100\n|move|p1a: Iron Hands|Drain Punch|p2b: Stantler\n|-damage|p2b: Stantler|33\/100\n|move|p2a: Iron Hands|Drain Punch|p1b: Scizor\n|-damage|p1b: Scizor|47\/100\n|move|p2b: Stantler|Trick Room|p2b: Stantler\n|-fieldstart|move: Trick Room|[of] p2b: Stantler\n|\n|upkeep\n|turn|3\n|\n|t:|1682446958\n|-end|p1a: Iron Hands|Quark Drive|[silent]\n|switch|p1a: Chien-Pao|Chien-Pao, L50|100\/100\n|-ability|p1a: Chien-Pao|Sword of Ruin\n|switch|p1b: Arcanine|Arcanine, L50, M|100\/100\n|-ability|p1b: Arcanine|Intimidate|boost\n|-unboost|p2a: Iron Hands|atk|1\n|-unboost|p2b: Stantler|atk|1\n|move|p2a: Iron Hands|Drain Punch|p1b: Arcanine\n|-damage|p1b: Arcanine|60\/100\n|move|p2b: Stantler|Reflect|p2b: Stantler\n|-sidestart|p2: jeffman323|Reflect\n|\n|upkeep\n|turn|4\n|\n|t:|1682446976\n|switch|p1a: Iron Hands|Iron Hands, L50|100\/100\n|move|p2b: Stantler|Helping Hand|p2a: Iron Hands\n|-singleturn|p2a: Iron Hands|Helping Hand|[of] p2b: Stantler\n|move|p2a: Iron Hands|Earthquake|p1a: Iron Hands|[spread] p2b,p1a,p1b\n|-supereffective|p2b: Stantler\n|-supereffective|p1a: Iron Hands\n|-crit|p1a: Iron Hands\n|-supereffective|p1b: Arcanine\n|-damage|p2b: Stantler|0 fnt\n|-damage|p1a: Iron Hands|10\/100\n|-damage|p1b: Arcanine|0 fnt\n|faint|p2b: Stantler\n|faint|p1b: Arcanine\n|\n|upkeep\n|\n|t:|1682446989\n|switch|p2b: Torkoal|Torkoal, L50, F|100\/100\n|switch|p1b: Scizor|Scizor, L50, M|47\/100\n|-weather|SunnyDay|[from] ability: Drought|[of] p2b: Torkoal\n|turn|5\n|-message|Goldsaint5 forfeited.\n|\n|win|jeffman323\n|raw|Goldsaint5's rating: 1517 → 1500<\/strong> (-17 for losing)\n|raw|jeffman323's rating: 1566 → 1583<\/strong> (+17 for winning)\n|l|\u2606Goldsaint5\n","uploadtime":1682446997,"views":6,"p1id":"goldsaint5","p2id":"jeffman323","formatid":"gen9vgc2023regulationc","rating":1500,"private":0,"password":""}