{"id":"gen9vgc2023regulationc-1858396029","p1":"volcaronya","p2":"MasterofMetapods5","format":"[Gen 9] VGC 2023 Regulation C","log":"|j|\u2606volcaronya\n|j|\u2606MasterofMetapods5\n|t:|1683308404\n|gametype|doubles\n|player|p1|volcaronya|lusamine-masters|\n|player|p2|MasterofMetapods5|lance|\n|teamsize|p1|6\n|teamsize|p2|6\n|gen|9\n|tier|[Gen 9] VGC 2023 Regulation C\n|rated|Tournament battle\n|rule|Species Clause: Limit one of each Pok\u00e9mon\n|rule|Item Clause: Limit one of each item\n|clearpoke\n|poke|p1|Gholdengo, L50|\n|poke|p1|Wo-Chien, L50|\n|poke|p1|Ting-Lu, L50|\n|poke|p1|Palafin, L50, F|\n|poke|p1|Flutter Mane, L50|\n|poke|p1|Arcanine, L50, F|\n|poke|p2|Amoonguss, L50, M|\n|poke|p2|Ting-Lu, L50|\n|poke|p2|Corviknight, L50, M|\n|poke|p2|Rotom-Wash, L50|\n|poke|p2|Chi-Yu, L50|\n|poke|p2|Flutter Mane, L50|\n|teampreview|4\n|raw| Open Team Sheet for volcaronya<\/summary>Gholdengo @ Sitrus Berry Ability: Good as Gold Level: 50 Tera Type: Water - Make It Rain - Shadow Ball - Protect - Nasty Plot Wo-Chien @ Leftovers Ability: Tablets of Ruin Level: 50 Tera Type: Poison - Foul Play - Pollen Puff - Leech Seed - Protect Ting-Lu @ Assault Vest Ability: Vessel of Ruin Level: 50 Tera Type: Poison - Stomping Tantrum - Ruination - Sand Tomb - Heavy Slam Palafin @ Mystic Water Ability: Zero to Hero Level: 50 Tera Type: Water - Wave Crash - Jet Punch - Protect - Haze Flutter Mane @ Choice Specs Ability: Protosynthesis Level: 50 Tera Type: Fairy - Moonblast - Shadow Ball - Dazzling Gleam - Thunderbolt Arcanine @ Safety Goggles Ability: Intimidate Level: 50 Tera Type: Grass - Will-O-Wisp - Flare Blitz - Extreme Speed - Howl <\/details><\/div> Open Team Sheet for MasterofMetapods5<\/summary>Amoonguss (M) @ Sitrus Berry Ability: Regenerator Level: 50 Tera Type: Water - Clear Smog - Pollen Puff - Spore - Rage Powder Ting-Lu @ Leftovers Ability: Vessel of Ruin Level: 50 Tera Type: Poison - Protect - Earthquake - Heavy Slam - Ruination Corviknight (M) @ Lum Berry Ability: Mirror Armor Level: 50 Tera Type: Dragon - Brave Bird - Iron Head - Roost - Tailwind Rotom (Rotom-Wash) @ Safety Goggles Ability: Levitate Level: 50 Tera Type: Poison - Protect - Thunderbolt - Hydro Pump - Nasty Plot Chi-Yu @ Focus Sash Ability: Beads of Ruin Level: 50 Tera Type: Fire - Protect - Heat Wave - Dark Pulse - Overheat Flutter Mane @ Booster Energy Ability: Protosynthesis Level: 50 Tera Type: Ghost - Protect - Moonblast - Shadow Ball - Icy Wind <\/details><\/div>\n|j| godlyreal\n|j| ihopeafairmatch\n|c|\u2606MasterofMetapods5|glhf\n|c|\u2606volcaronya|glhf\n|c| ihopeafairmatch|I see a pala sweep\n|\n|t:|1683308472\n|start\n|switch|p1a: Ting-Lu|Ting-Lu, L50|100\/100\n|switch|p1b: Flutter Mane|Flutter Mane, L50|100\/100\n|switch|p2a: Chi-Yu|Chi-Yu, L50|100\/100\n|switch|p2b: Amoonguss|Amoonguss, L50, M|100\/100\n|-ability|p2a: Chi-Yu|Beads of Ruin\n|-ability|p1a: Ting-Lu|Vessel of Ruin\n|turn|1\n|\n|t:|1683308488\n|-end|p1b: Flutter Mane|Protosynthesis|[silent]\n|switch|p1b: Arcanine|Arcanine, L50, F|100\/100\n|-ability|p1b: Arcanine|Intimidate|boost\n|-unboost|p2a: Chi-Yu|atk|1\n|-unboost|p2b: Amoonguss|atk|1\n|move|p2a: Chi-Yu|Protect|p2a: Chi-Yu\n|-singleturn|p2a: Chi-Yu|Protect\n|move|p1a: Ting-Lu|Stomping Tantrum|p2a: Chi-Yu\n|-activate|p2a: Chi-Yu|move: Protect\n|move|p2b: Amoonguss|Spore|p1a: Ting-Lu\n|-status|p1a: Ting-Lu|slp|[from] move: Spore\n|\n|upkeep\n|turn|2\n|\n|t:|1683308498\n|switch|p2b: Rotom|Rotom-Wash, L50|100\/100\n|move|p2a: Chi-Yu|Dark Pulse|p1b: Arcanine\n|-damage|p1b: Arcanine|54\/100\n|move|p1b: Arcanine|Flare Blitz|p2b: Rotom\n|-resisted|p2b: Rotom\n|-damage|p2b: Rotom|75\/100\n|-damage|p1b: Arcanine|47\/100|[from] Recoil\n|cant|p1a: Ting-Lu|slp\n|\n|upkeep\n|turn|3\n|\n|t:|1683308508\n|switch|p1b: Wo-Chien|Wo-Chien, L50|100\/100\n|-ability|p1b: Wo-Chien|Tablets of Ruin\n|move|p2a: Chi-Yu|Heat Wave|p1b: Wo-Chien|[spread] p1a,p1b\n|-supereffective|p1b: Wo-Chien\n|-damage|p1a: Ting-Lu|82\/100 slp\n|-damage|p1b: Wo-Chien|55\/100\n|move|p2b: Rotom|Nasty Plot|p2b: Rotom\n|-boost|p2b: Rotom|spa|2\n|-curestatus|p1a: Ting-Lu|slp|[msg]\n|move|p1a: Ting-Lu|Stomping Tantrum|p2a: Chi-Yu\n|-supereffective|p2a: Chi-Yu\n|-enditem|p2a: Chi-Yu|Focus Sash\n|-damage|p2a: Chi-Yu|1\/100\n|\n|-heal|p1b: Wo-Chien|61\/100|[from] item: Leftovers\n|upkeep\n|turn|4\n|\n|t:|1683308538\n|move|p1b: Wo-Chien|Protect|p1b: Wo-Chien\n|-singleturn|p1b: Wo-Chien|Protect\n|move|p2a: Chi-Yu|Overheat|p1b: Wo-Chien\n|-activate|p1b: Wo-Chien|move: Protect\n|move|p2b: Rotom|Hydro Pump|p1a: Ting-Lu\n|-supereffective|p1a: Ting-Lu\n|-damage|p1a: Ting-Lu|1\/100\n|move|p1a: Ting-Lu|Heavy Slam|p2a: Chi-Yu\n|-resisted|p2a: Chi-Yu\n|-damage|p2a: Chi-Yu|0 fnt\n|faint|p2a: Chi-Yu\n|\n|-heal|p1b: Wo-Chien|67\/100|[from] item: Leftovers\n|upkeep\n|\n|t:|1683308555\n|switch|p2a: Amoonguss|Amoonguss, L50, M|100\/100\n|turn|5\n|\n|t:|1683308572\n|move|p2b: Rotom|Protect|p2b: Rotom\n|-singleturn|p2b: Rotom|Protect\n|move|p1b: Wo-Chien|Leech Seed|p2b: Rotom\n|-activate|p2b: Rotom|move: Protect\n|move|p1a: Ting-Lu|Ruination|p2b: Rotom\n|-activate|p2b: Rotom|move: Protect\n|move|p2a: Amoonguss|Pollen Puff|p1a: Ting-Lu\n|-supereffective|p1a: Ting-Lu\n|-damage|p1a: Ting-Lu|0 fnt\n|faint|p1a: Ting-Lu\n|\n|-heal|p1b: Wo-Chien|73\/100|[from] item: Leftovers\n|upkeep\n|\n|t:|1683308581\n|switch|p1a: Arcanine|Arcanine, L50, F|47\/100\n|-ability|p1a: Arcanine|Intimidate|boost\n|-unboost|p2a: Amoonguss|atk|1\n|-unboost|p2b: Rotom|atk|1\n|turn|6\n|\n|t:|1683308613\n|move|p1a: Arcanine|Flare Blitz|p2a: Amoonguss\n|-supereffective|p2a: Amoonguss\n|-damage|p2a: Amoonguss|42\/100\n|-enditem|p2a: Amoonguss|Sitrus Berry|[eat]\n|-heal|p2a: Amoonguss|67\/100|[from] item: Sitrus Berry\n|-damage|p1a: Arcanine|26\/100|[from] Recoil\n|move|p2b: Rotom|Thunderbolt|p1b: Wo-Chien\n|-resisted|p1b: Wo-Chien\n|-damage|p1b: Wo-Chien|52\/100\n|move|p1b: Wo-Chien|Leech Seed|p2b: Rotom\n|-start|p2b: Rotom|move: Leech Seed\n|move|p2a: Amoonguss|Pollen Puff|p1b: Wo-Chien\n|-supereffective|p1b: Wo-Chien\n|-damage|p1b: Wo-Chien|6\/100\n|\n|-heal|p1b: Wo-Chien|12\/100|[from] item: Leftovers\n|-damage|p2b: Rotom|63\/100|[from] Leech Seed|[of] p1b: Wo-Chien\n|-heal|p1b: Wo-Chien|22\/100|[silent]\n|upkeep\n|turn|7\n|\n|t:|1683308676\n|switch|p2a: Ting-Lu|Ting-Lu, L50|100\/100\n|-ability|p2a: Ting-Lu|Vessel of Ruin\n|move|p1b: Wo-Chien|Protect|p1b: Wo-Chien\n|-singleturn|p1b: Wo-Chien|Protect\n|move|p1a: Arcanine|Flare Blitz|p2a: Ting-Lu\n|-damage|p2a: Ting-Lu|78\/100\n|-damage|p1a: Arcanine|16\/100|[from] Recoil\n|move|p2b: Rotom|Nasty Plot|p2b: Rotom\n|-boost|p2b: Rotom|spa|2\n|\n|-heal|p1b: Wo-Chien|27\/100|[from] item: Leftovers\n|-heal|p2a: Ting-Lu|84\/100|[from] item: Leftovers\n|-damage|p2b: Rotom|51\/100|[from] Leech Seed|[of] p1b: Wo-Chien\n|-heal|p1b: Wo-Chien|37\/100|[silent]\n|upkeep\n|turn|8\n|c| ihopeafairmatch|Arcanine shoul be savede for corvi\n|\n|t:|1683308695\n|move|p1a: Arcanine|Will-O-Wisp|p2a: Ting-Lu\n|-status|p2a: Ting-Lu|brn\n|move|p2b: Rotom|Thunderbolt|p1b: Wo-Chien\n|-resisted|p1b: Wo-Chien\n|-damage|p1b: Wo-Chien|12\/100\n|move|p1b: Wo-Chien|Leech Seed|p2a: Ting-Lu\n|-start|p2a: Ting-Lu|move: Leech Seed\n|move|p2a: Ting-Lu|Heavy Slam|p1b: Wo-Chien\n|-damage|p1b: Wo-Chien|0 fnt\n|faint|p1b: Wo-Chien\n|\n|-heal|p2a: Ting-Lu|90\/100 brn|[from] item: Leftovers\n|-damage|p2a: Ting-Lu|84\/100 brn|[from] brn\n|upkeep\n|c| godlyreal|what corvi bruh\n|\n|t:|1683308706\n|switch|p1b: Flutter Mane|Flutter Mane, L50|100\/100\n|turn|9\n|c|\u2606MasterofMetapods5|what is you saying\n|c| godlyreal|lmao\n|j| No1OhioVGC\n|l| No1OhioVGC\n|l| ihopeafairmatch\n|inactive|Battle timer is ON: inactive players will automatically lose when time's up. (requested by MasterofMetapods5)\n|\n|t:|1683308777\n|-terastallize|p1b: Flutter Mane|Fairy\n|-terastallize|p2a: Ting-Lu|Poison\n|move|p1b: Flutter Mane|Dazzling Gleam|p2b: Rotom|[spread] p2a,p2b\n|-resisted|p2a: Ting-Lu\n|-crit|p2a: Ting-Lu\n|-damage|p2a: Ting-Lu|61\/100 brn\n|-damage|p2b: Rotom|4\/100\n|move|p1a: Arcanine|Flare Blitz|p2b: Rotom\n|-resisted|p2b: Rotom\n|-damage|p2b: Rotom|0 fnt\n|faint|p2b: Rotom\n|-damage|p1a: Arcanine|15\/100|[from] Recoil\n|move|p2a: Ting-Lu|Earthquake|p1a: Arcanine|[spread] p1a,p1b\n|-supereffective|p1a: Arcanine\n|-damage|p1a: Arcanine|0 fnt\n|-damage|p1b: Flutter Mane|75\/100\n|faint|p1a: Arcanine\n|\n|-heal|p2a: Ting-Lu|67\/100 brn|[from] item: Leftovers\n|-damage|p2a: Ting-Lu|55\/100 brn|[from] Leech Seed|[of] p1b: Flutter Mane\n|-heal|p1b: Flutter Mane|96\/100|[silent]\n|-damage|p2a: Ting-Lu|49\/100 brn|[from] brn\n|upkeep\n|\n|t:|1683308782\n|switch|p2b: Amoonguss|Amoonguss, L50, M|100\/100\n|turn|10\n|\n|t:|1683308789\n|move|p1b: Flutter Mane|Dazzling Gleam|p2b: Amoonguss|[spread] p2a,p2b\n|-resisted|p2a: Ting-Lu\n|-resisted|p2b: Amoonguss\n|-damage|p2a: Ting-Lu|34\/100 brn\n|-damage|p2b: Amoonguss|80\/100\n|move|p2a: Ting-Lu|Heavy Slam|p1b: Flutter Mane\n|-supereffective|p1b: Flutter Mane\n|-damage|p1b: Flutter Mane|43\/100\n|move|p2b: Amoonguss|Spore|p1b: Flutter Mane\n|-status|p1b: Flutter Mane|slp|[from] move: Spore\n|\n|-heal|p2a: Ting-Lu|40\/100 brn|[from] item: Leftovers\n|-damage|p2a: Ting-Lu|27\/100 brn|[from] Leech Seed|[of] p1b: Flutter Mane\n|-heal|p1b: Flutter Mane|63\/100 slp|[silent]\n|-damage|p2a: Ting-Lu|22\/100 brn|[from] brn\n|upkeep\n|turn|11\n|\n|t:|1683308799\n|cant|p1b: Flutter Mane|slp\n|move|p2a: Ting-Lu|Heavy Slam|p1b: Flutter Mane\n|-supereffective|p1b: Flutter Mane\n|-damage|p1b: Flutter Mane|5\/100 slp\n|move|p2b: Amoonguss|Pollen Puff|p2a: Ting-Lu\n|-heal|p2a: Ting-Lu|72\/100 brn\n|\n|-heal|p2a: Ting-Lu|77\/100 brn|[from] item: Leftovers\n|-damage|p2a: Ting-Lu|65\/100 brn|[from] Leech Seed|[of] p1b: Flutter Mane\n|-heal|p1b: Flutter Mane|25\/100 slp|[silent]\n|-damage|p2a: Ting-Lu|59\/100 brn|[from] brn\n|upkeep\n|turn|12\n|c|\u2606MasterofMetapods5|gg\n|\n|t:|1683308806\n|-curestatus|p1b: Flutter Mane|slp|[msg]\n|move|p1b: Flutter Mane|Dazzling Gleam|p2b: Amoonguss|[spread] p2a,p2b\n|-resisted|p2a: Ting-Lu\n|-resisted|p2b: Amoonguss\n|-damage|p2a: Ting-Lu|45\/100 brn\n|-damage|p2b: Amoonguss|60\/100\n|move|p2a: Ting-Lu|Heavy Slam|p1b: Flutter Mane\n|-supereffective|p1b: Flutter Mane\n|-damage|p1b: Flutter Mane|0 fnt\n|faint|p1b: Flutter Mane\n|-end|p1b: Flutter Mane|Protosynthesis|[silent]\n|\n|win|MasterofMetapods5\n|n|\u2606volcaronya|volcaronya\n|n|\u2606MasterofMetapods5|masterofmetapods5\n|n| godlyreal|godlyreal\n|c|\u2606volcaronya|gg\n","uploadtime":1683308808,"views":11,"p1id":"volcaronya","p2id":"masterofmetapods5","formatid":"gen9vgc2023regulationc","rating":0,"private":0,"password":""}