{"id":"gen9vgc2023regulationc-1847128402","p1":"bgtc","p2":"Riverpasta","format":"[Gen 9] VGC 2023 Regulation C","log":"|j|\u2606bgtc\n|j|\u2606Riverpasta\n|t:|1681921408\n|gametype|doubles\n|player|p1|bgtc|170|1381\n|player|p2|Riverpasta|red|1464\n|teamsize|p1|6\n|teamsize|p2|6\n|gen|9\n|tier|[Gen 9] VGC 2023 Regulation C\n|rated|\n|rule|Species Clause: Limit one of each Pok\u00e9mon\n|rule|Item Clause: Limit one of each item\n|clearpoke\n|poke|p1|Dragonite, L50, F|\n|poke|p1|Ting-Lu, L50|\n|poke|p1|Annihilape, L50, F|\n|poke|p1|Amoonguss, L50, M|\n|poke|p1|Flutter Mane, L50|\n|poke|p1|Arcanine, L50, M|\n|poke|p2|Kingambit, L50, M|\n|poke|p2|Amoonguss, L50, M|\n|poke|p2|Stantler, L50, F|\n|poke|p2|Hatterene, L50, F|\n|poke|p2|Clawitzer, L50, M|\n|poke|p2|Iron Hands, L50|\n|teampreview|4\n|inactive|Battle timer is ON: inactive players will automatically lose when time's up. (requested by Riverpasta)\n|\n|t:|1681921466\n|start\n|switch|p1a: Annihilape|Annihilape, L50, F|100\/100\n|switch|p1b: Ting-Lu|Ting-Lu, L50|100\/100\n|switch|p2a: Kingambit|Kingambit, L50, M|100\/100\n|switch|p2b: Amoonguss|Amoonguss, L50, M|100\/100\n|-ability|p1b: Ting-Lu|Vessel of Ruin\n|turn|1\n|\n|t:|1681921487\n|switch|p1b: Amoonguss|Amoonguss, L50, M|100\/100\n|-terastallize|p1a: Annihilape|Fire\n|move|p2a: Kingambit|Protect|p2a: Kingambit\n|-singleturn|p2a: Kingambit|Protect\n|move|p1a: Annihilape|Bulk Up|p1a: Annihilape\n|-boost|p1a: Annihilape|atk|1\n|-boost|p1a: Annihilape|def|1\n|move|p2b: Amoonguss|Spore|p1a: Annihilape\n|-immune|p1a: Annihilape|[from] ability: Vital Spirit\n|\n|upkeep\n|turn|2\n|\n|t:|1681921510\n|move|p1a: Annihilape|Drain Punch|p2a: Kingambit\n|-supereffective|p2a: Kingambit\n|-damage|p2a: Kingambit|0 fnt\n|faint|p2a: Kingambit\n|move|p1b: Amoonguss|Spore|p2b: Amoonguss\n|-immune|p2b: Amoonguss\n|move|p2b: Amoonguss|Clear Smog|p1a: Annihilape\n|-damage|p1a: Annihilape|88\/100\n|-clearboost|p1a: Annihilape\n|\n|-heal|p1a: Annihilape|95\/100|[from] item: Leftovers\n|upkeep\n|\n|t:|1681921524\n|switch|p2a: Clawitzer|Clawitzer, L50, M|100\/100\n|turn|3\n|\n|t:|1681921532\n|move|p1a: Annihilape|Protect|p1a: Annihilape\n|-singleturn|p1a: Annihilape|Protect\n|move|p2b: Amoonguss|Rage Powder|p2b: Amoonguss\n|-singleturn|p2b: Amoonguss|move: Rage Powder\n|move|p2a: Clawitzer|Ice Beam|p1b: Amoonguss\n|-supereffective|p1b: Amoonguss\n|-damage|p1b: Amoonguss|22\/100\n|-enditem|p1b: Amoonguss|Sitrus Berry|[eat]\n|-heal|p1b: Amoonguss|47\/100|[from] item: Sitrus Berry\n|move|p1b: Amoonguss|Spore|p2a: Clawitzer\n|-status|p2a: Clawitzer|slp|[from] move: Spore\n|\n|-heal|p1a: Annihilape|100\/100|[from] item: Leftovers\n|upkeep\n|turn|4\n|c|\u2606Riverpasta|Man\n|c|\u2606Riverpasta|Thats so lame\n|inactive|bgtc has 30 seconds left.\n|\n|t:|1681921562\n|switch|p1b: Ting-Lu|Ting-Lu, L50|100\/100\n|-ability|p1b: Ting-Lu|Vessel of Ruin\n|move|p2b: Amoonguss|Rage Powder|p2b: Amoonguss\n|-singleturn|p2b: Amoonguss|move: Rage Powder\n|move|p1a: Annihilape|Bulk Up|p1a: Annihilape\n|-boost|p1a: Annihilape|atk|1\n|-boost|p1a: Annihilape|def|1\n|cant|p2a: Clawitzer|slp\n|\n|upkeep\n|turn|5\n|c|\u2606Riverpasta|Yeah of course you do\n|c|\u2606Riverpasta|Why is vital spirit ape so good\n|\n|t:|1681921587\n|switch|p2a: Stantler|Stantler, L50, F|100\/100\n|-ability|p2a: Stantler|Intimidate|boost\n|-unboost|p1a: Annihilape|atk|1\n|-unboost|p1b: Ting-Lu|atk|1\n|switch|p1b: Amoonguss|Amoonguss, L50, M|80\/100\n|move|p1a: Annihilape|Protect|p1a: Annihilape\n|-singleturn|p1a: Annihilape|Protect\n|move|p2b: Amoonguss|Spore|p1b: Amoonguss\n|-immune|p1b: Amoonguss\n|\n|upkeep\n|turn|6\n|\n|t:|1681921608\n|switch|p1b: Arcanine|Arcanine, L50, M|100\/100\n|-ability|p1b: Arcanine|Intimidate|boost\n|-unboost|p2a: Stantler|atk|1\n|-unboost|p2b: Amoonguss|atk|1\n|move|p1a: Annihilape|Bulk Up|p1a: Annihilape\n|-boost|p1a: Annihilape|atk|1\n|-boost|p1a: Annihilape|def|1\n|move|p2a: Stantler|Skill Swap|p1a: Annihilape\n|-activate|p2a: Stantler|move: Skill Swap|Vital Spirit|Intimidate|[of] p1a: Annihilape\n|-ability|p1a: Annihilape|Intimidate|boost\n|-unboost|p2a: Stantler|atk|1\n|-unboost|p2b: Amoonguss|atk|1\n|move|p2b: Amoonguss|Spore|p1a: Annihilape\n|-status|p1a: Annihilape|slp|[from] move: Spore\n|\n|upkeep\n|turn|7\n|\n|t:|1681921633\n|switch|p2a: Clawitzer|Clawitzer, L50, M|100\/100 slp\n|move|p1b: Arcanine|Flare Blitz|p2b: Amoonguss\n|-supereffective|p2b: Amoonguss\n|-damage|p2b: Amoonguss|20\/100\n|-damage|p1b: Arcanine|84\/100|[from] item: Rocky Helmet|[of] p2b: Amoonguss\n|-damage|p1b: Arcanine|54\/100|[from] Recoil\n|cant|p1a: Annihilape|slp\n|move|p2b: Amoonguss|Clear Smog|p1a: Annihilape\n|-damage|p1a: Annihilape|88\/100 slp\n|-clearboost|p1a: Annihilape\n|\n|-heal|p1a: Annihilape|95\/100 slp|[from] item: Leftovers\n|upkeep\n|turn|8\n|\n|t:|1681921654\n|switch|p1a: Amoonguss|Amoonguss, L50, M|100\/100\n|switch|p2b: Stantler|Stantler, L50, F|100\/100\n|-ability|p2b: Stantler|Intimidate|boost\n|-unboost|p1a: Amoonguss|atk|1\n|-unboost|p1b: Arcanine|atk|1\n|move|p1b: Arcanine|Protect|p1b: Arcanine\n|-singleturn|p1b: Arcanine|Protect\n|cant|p2a: Clawitzer|slp\n|\n|upkeep\n|turn|9\n|\n|t:|1681921672\n|move|p1b: Arcanine|Extreme Speed|p2a: Clawitzer\n|-damage|p2a: Clawitzer|84\/100 slp\n|move|p2b: Stantler|Hypnosis|p1a: Amoonguss\n|-status|p1a: Amoonguss|slp|[from] move: Hypnosis\n|-curestatus|p2a: Clawitzer|slp|[msg]\n|move|p2a: Clawitzer|Water Pulse|p1b: Arcanine\n|-supereffective|p1b: Arcanine\n|-damage|p1b: Arcanine|0 fnt\n|faint|p1b: Arcanine\n|cant|p1a: Amoonguss|slp\n|\n|upkeep\n|\n|t:|1681921684\n|switch|p1b: Annihilape|Annihilape, L50, F, tera:Fire|95\/100 slp\n|-activate|p1b: Annihilape|ability: Vital Spirit\n|-curestatus|p1b: Annihilape|slp|[msg]\n|turn|10\n|\n|t:|1681921699\n|switch|p2b: Amoonguss|Amoonguss, L50, M|53\/100\n|move|p1b: Annihilape|Protect|p1b: Annihilape\n|-singleturn|p1b: Annihilape|Protect\n|move|p2a: Clawitzer|Protect|p2a: Clawitzer\n|-singleturn|p2a: Clawitzer|Protect\n|-curestatus|p1a: Amoonguss|slp|[msg]\n|move|p1a: Amoonguss|Spore|p2a: Clawitzer\n|-activate|p2a: Clawitzer|move: Protect\n|\n|-heal|p1b: Annihilape|100\/100|[from] item: Leftovers\n|upkeep\n|turn|11\n|\n|t:|1681921723\n|switch|p2b: Stantler|Stantler, L50, F|100\/100\n|-ability|p2b: Stantler|Intimidate|boost\n|-unboost|p1a: Amoonguss|atk|1\n|-unboost|p1b: Annihilape|atk|1\n|move|p1a: Amoonguss|Rage Powder|p1a: Amoonguss\n|-singleturn|p1a: Amoonguss|move: Rage Powder\n|move|p1b: Annihilape|Rage Fist|p2a: Clawitzer\n|-damage|p2a: Clawitzer|35\/100\n|move|p2a: Clawitzer|Ice Beam|p1a: Amoonguss\n|-supereffective|p1a: Amoonguss\n|-damage|p1a: Amoonguss|25\/100\n|\n|upkeep\n|turn|12\n|inactive|Riverpasta has 30 seconds left.\n|inactive|Riverpasta has 20 seconds left.\n|\n|t:|1681921759\n|switch|p2a: Amoonguss|Amoonguss, L50, M|87\/100\n|switch|p1a: Ting-Lu|Ting-Lu, L50|100\/100\n|-ability|p1a: Ting-Lu|Vessel of Ruin\n|move|p1b: Annihilape|Rage Fist|p2a: Amoonguss\n|-damage|p2a: Amoonguss|53\/100\n|-damage|p1b: Annihilape|84\/100|[from] item: Rocky Helmet|[of] p2a: Amoonguss\n|move|p2b: Stantler|Hypnosis|p1a: Ting-Lu\n|-status|p1a: Ting-Lu|slp|[from] move: Hypnosis\n|\n|-heal|p1b: Annihilape|90\/100|[from] item: Leftovers\n|upkeep\n|turn|13\n|inactive|bgtc has 30 seconds left.\n|\n|t:|1681921790\n|switch|p1b: Amoonguss|Amoonguss, L50, M|58\/100\n|switch|p2b: Clawitzer|Clawitzer, L50, M|35\/100\n|cant|p1a: Ting-Lu|slp\n|move|p2a: Amoonguss|Pollen Puff|p2b: Clawitzer\n|-heal|p2b: Clawitzer|85\/100\n|\n|upkeep\n|turn|14\n|inactive|Riverpasta has 30 seconds left.\n|\n|t:|1681921817\n|switch|p1b: Annihilape|Annihilape, L50, F, tera:Fire|90\/100\n|move|p2b: Clawitzer|Ice Beam|p1b: Annihilape\n|-resisted|p1b: Annihilape\n|-damage|p1b: Annihilape|80\/100\n|cant|p1a: Ting-Lu|slp\n|move|p2a: Amoonguss|Clear Smog|p1b: Annihilape\n|-damage|p1b: Annihilape|71\/100\n|-clearboost|p1b: Annihilape\n|\n|-heal|p1b: Annihilape|77\/100|[from] item: Leftovers\n|upkeep\n|turn|15\n|\n|t:|1681921839\n|switch|p1a: Amoonguss|Amoonguss, L50, M|91\/100\n|switch|p2a: Stantler|Stantler, L50, F|100\/100\n|-ability|p2a: Stantler|Intimidate|boost\n|-unboost|p1a: Amoonguss|atk|1\n|-unboost|p1b: Annihilape|atk|1\n|move|p2b: Clawitzer|Protect|p2b: Clawitzer\n|-singleturn|p2b: Clawitzer|Protect\n|move|p1b: Annihilape|Rage Fist|p2b: Clawitzer\n|-activate|p2b: Clawitzer|move: Protect\n|\n|-heal|p1b: Annihilape|84\/100|[from] item: Leftovers\n|upkeep\n|turn|16\n|c|\u2606Riverpasta|Playing against ape is unfun cause you get one move wrong and you lose\n|inactive|Riverpasta has 30 seconds left.\n|\n|t:|1681921864\n|switch|p2b: Amoonguss|Amoonguss, L50, M|87\/100\n|move|p1a: Amoonguss|Rage Powder|p1a: Amoonguss\n|-singleturn|p1a: Amoonguss|move: Rage Powder\n|move|p1b: Annihilape|Rage Fist|p2b: Amoonguss\n|-damage|p2b: Amoonguss|25\/100\n|-damage|p1b: Annihilape|67\/100|[from] item: Rocky Helmet|[of] p2b: Amoonguss\n|move|p2a: Stantler|Hypnosis|p1a: Amoonguss\n|-status|p1a: Amoonguss|slp|[from] move: Hypnosis\n|\n|-heal|p1b: Annihilape|74\/100|[from] item: Leftovers\n|upkeep\n|turn|17\n|inactive|Riverpasta has 30 seconds left.\n|\n|t:|1681921891\n|move|p2b: Amoonguss|Rage Powder|p2b: Amoonguss\n|-singleturn|p2b: Amoonguss|move: Rage Powder\n|move|p1b: Annihilape|Rage Fist|p2b: Amoonguss\n|-damage|p2b: Amoonguss|0 fnt\n|-damage|p1b: Annihilape|57\/100|[from] item: Rocky Helmet|[of] p2b: Amoonguss\n|faint|p2b: Amoonguss\n|cant|p1a: Amoonguss|slp\n|move|p2a: Stantler|Trick Room|p2a: Stantler\n|-fieldstart|move: Trick Room|[of] p2a: Stantler\n|\n|-heal|p1b: Annihilape|63\/100|[from] item: Leftovers\n|upkeep\n|\n|t:|1681921895\n|switch|p2b: Clawitzer|Clawitzer, L50, M|85\/100\n|turn|18\n|\n|t:|1681921916\n|move|p1b: Annihilape|Protect|p1b: Annihilape\n|-singleturn|p1b: Annihilape|Protect\n|cant|p1a: Amoonguss|slp\n|move|p2b: Clawitzer|Ice Beam|p1a: Amoonguss\n|-supereffective|p1a: Amoonguss\n|-damage|p1a: Amoonguss|20\/100 slp\n|move|p2a: Stantler|Tera Blast|p1a: Amoonguss\n|-damage|p1a: Amoonguss|0 fnt\n|faint|p1a: Amoonguss\n|\n|-heal|p1b: Annihilape|70\/100|[from] item: Leftovers\n|upkeep\n|\n|t:|1681921927\n|switch|p1a: Ting-Lu|Ting-Lu, L50|100\/100 slp\n|-ability|p1a: Ting-Lu|Vessel of Ruin\n|turn|19\n|-message|bgtc forfeited.\n|\n|win|Riverpasta\n|raw|bgtc's rating: 1381 → 1366<\/strong> (-15 for losing)\n|raw|Riverpasta's rating: 1464 → 1479<\/strong> (+15 for winning)\n|l|\u2606bgtc\n","uploadtime":1681921949,"views":11,"p1id":"bgtc","p2id":"riverpasta","formatid":"gen9vgc2023regulationc","rating":1366,"private":0,"password":""}