{"id":"gen9vgc2023regulationc-1859377802","p1":"Magiplop","p2":"zakkyroo","format":"[Gen 9] VGC 2023 Regulation C","log":"|j|\u2606Magiplop\n|j|\u2606zakkyroo\n|t:|1683451511\n|gametype|doubles\n|player|p1|Magiplop|102|1032\n|player|p2|zakkyroo|wattson|1041\n|teamsize|p1|6\n|teamsize|p2|6\n|gen|9\n|tier|[Gen 9] VGC 2023 Regulation C\n|rated|\n|rule|Species Clause: Limit one of each Pok\u00e9mon\n|rule|Item Clause: Limit one of each item\n|clearpoke\n|poke|p1|Lumineon, L50, M|\n|poke|p1|Medicham, L50, F|\n|poke|p1|Maushold-Four, L50|\n|poke|p1|Volcarona, L50, M|\n|poke|p1|Sawsbuck-Autumn, L50, M|\n|poke|p1|Chien-Pao, L50|\n|poke|p2|Flutter Mane, L50|\n|poke|p2|Amoonguss, L50, F|\n|poke|p2|Iron Bundle, L50|\n|poke|p2|Kingambit, L50, M|\n|poke|p2|Talonflame, L50, F|\n|poke|p2|Great Tusk, L50|\n|teampreview|4\n|inactive|Battle timer is ON: inactive players will automatically lose when time's up. (requested by Magiplop)\n|\n|t:|1683451551\n|start\n|switch|p1a: Sawsbuck|Sawsbuck-Autumn, L50, M|100\/100\n|switch|p1b: Maushold|Maushold-Four, L50|100\/100\n|switch|p2a: Talonflame|Talonflame, L50, F|100\/100\n|switch|p2b: Kingambit|Kingambit, L50, M|100\/100\n|turn|1\n|inactive|zakkyroo has 30 seconds left.\n|\n|t:|1683451577\n|-terastallize|p1a: Sawsbuck|Water\n|move|p2b: Kingambit|Protect|p2b: Kingambit\n|-singleturn|p2b: Kingambit|Protect\n|move|p2a: Talonflame|Brave Bird|p1a: Sawsbuck\n|-damage|p1a: Sawsbuck|68\/100\n|-damage|p2a: Talonflame|91\/100|[from] Recoil\n|move|p1b: Maushold|Super Fang|p2b: Kingambit\n|-activate|p2b: Kingambit|move: Protect\n|move|p1a: Sawsbuck|Swords Dance|p1a: Sawsbuck\n|-boost|p1a: Sawsbuck|atk|2\n|\n|upkeep\n|turn|2\n|inactive|Magiplop has 30 seconds left.\n|inactive|zakkyroo has 30 seconds left.\n|inactive|zakkyroo has 20 seconds left.\n|inactive|zakkyroo has 15 seconds left.\n|\n|t:|1683451621\n|switch|p2b: Flutter Mane|Flutter Mane, L50|100\/100\n|move|p2a: Talonflame|Will-O-Wisp|p1a: Sawsbuck\n|-status|p1a: Sawsbuck|brn\n|move|p1b: Maushold|Super Fang|p2b: Flutter Mane\n|-immune|p2b: Flutter Mane\n|move|p1a: Sawsbuck|Horn Leech|p2b: Flutter Mane\n|-damage|p2b: Flutter Mane|40\/100\n|-heal|p1a: Sawsbuck|92\/100 brn|[from] drain|[of] p2b: Flutter Mane\n|\n|-damage|p1a: Sawsbuck|86\/100 brn|[from] brn\n|upkeep\n|turn|3\n|inactive|Magiplop has 30 seconds left.\n|inactive|zakkyroo has 30 seconds left.\n|inactive|zakkyroo has 20 seconds left.\n|\n|t:|1683451659\n|move|p1b: Maushold|Follow Me|p1b: Maushold\n|-singleturn|p1b: Maushold|move: Follow Me\n|move|p2b: Flutter Mane|Thunderbolt|p1b: Maushold\n|-damage|p1b: Maushold|40\/100\n|move|p2a: Talonflame|Flare Blitz|p1b: Maushold\n|-damage|p1b: Maushold|0 fnt\n|faint|p1b: Maushold\n|-damage|p2a: Talonflame|79\/100|[from] Recoil\n|move|p1a: Sawsbuck|Horn Leech|p2b: Flutter Mane\n|-damage|p2b: Flutter Mane|0 fnt\n|-heal|p1a: Sawsbuck|100\/100 brn|[from] drain|[of] p2b: Flutter Mane\n|faint|p2b: Flutter Mane\n|-end|p2b: Flutter Mane|Protosynthesis|[silent]\n|\n|-damage|p1a: Sawsbuck|95\/100 brn|[from] brn\n|upkeep\n|\n|t:|1683451681\n|switch|p2b: Kingambit|Kingambit, L50, M|100\/100\n|switch|p1b: Lumineon|Lumineon, L50, M|100\/100\n|turn|4\n|inactive|zakkyroo has 30 seconds left.\n|\n|t:|1683451718\n|switch|p1b: Chien-Pao|Chien-Pao, L50|100\/100\n|-ability|p1b: Chien-Pao|Sword of Ruin\n|move|p2a: Talonflame|Brave Bird|p1a: Sawsbuck\n|-damage|p1a: Sawsbuck|34\/100 brn\n|-damage|p2a: Talonflame|60\/100|[from] Recoil\n|move|p1a: Sawsbuck|Facade|p2b: Kingambit\n|-resisted|p2b: Kingambit\n|-damage|p2b: Kingambit|51\/100\n|move|p2b: Kingambit|Kowtow Cleave|p1a: Sawsbuck\n|-damage|p1a: Sawsbuck|0 fnt\n|faint|p1a: Sawsbuck\n|\n|upkeep\n|\n|t:|1683451731\n|switch|p1a: Lumineon|Lumineon, L50, M|100\/100\n|turn|5\n|inactive|zakkyroo has 30 seconds left.\n|\n|t:|1683451758\n|move|p2b: Kingambit|Protect|p2b: Kingambit\n|-singleturn|p2b: Kingambit|Protect\n|move|p1b: Chien-Pao|Ice Spinner|p2a: Talonflame\n|-damage|p2a: Talonflame|0 fnt\n|faint|p2a: Talonflame\n|move|p1a: Lumineon|Waterfall|p2b: Kingambit\n|-activate|p2b: Kingambit|move: Protect\n|\n|upkeep\n|\n|t:|1683451765\n|switch|p2a: Iron Bundle|Iron Bundle, L50|100\/100\n|-enditem|p2a: Iron Bundle|Booster Energy\n|-activate|p2a: Iron Bundle|ability: Quark Drive|[fromitem]\n|-start|p2a: Iron Bundle|quarkdrivespe\n|turn|6\n|inactive|zakkyroo has 30 seconds left.\n|\n|t:|1683451798\n|move|p1b: Chien-Pao|Sucker Punch|p2a: Iron Bundle\n|-damage|p2a: Iron Bundle|46\/100\n|move|p2a: Iron Bundle|Freeze-Dry|p1a: Lumineon\n|-supereffective|p1a: Lumineon\n|-damage|p1a: Lumineon|1\/100\n|-enditem|p1a: Lumineon|Sitrus Berry|[eat]\n|-heal|p1a: Lumineon|26\/100|[from] item: Sitrus Berry\n|move|p1a: Lumineon|Encore|p2b: Kingambit\n|-start|p2b: Kingambit|Encore\n|move|p2b: Kingambit|Protect||[still]\n|-fail|p2b: Kingambit\n|\n|upkeep\n|turn|7\n|inactive|zakkyroo has 30 seconds left.\n|\n|t:|1683451825\n|-terastallize|p2a: Iron Bundle|Ghost\n|move|p2b: Kingambit|Protect|p2b: Kingambit\n|-singleturn|p2b: Kingambit|Protect\n|move|p1b: Chien-Pao|Sucker Punch|p2a: Iron Bundle\n|-supereffective|p2a: Iron Bundle\n|-damage|p2a: Iron Bundle|0 fnt\n|faint|p2a: Iron Bundle\n|-end|p2a: Iron Bundle|Quark Drive|[silent]\n|move|p1a: Lumineon|Waterfall|p2b: Kingambit\n|-activate|p2b: Kingambit|move: Protect\n|\n|upkeep\n|turn|8\n|\n|t:|1683451838\n|move|p2b: Kingambit|Protect||[still]\n|-fail|p2b: Kingambit\n|move|p1b: Chien-Pao|Ice Spinner|p2b: Kingambit\n|-resisted|p2b: Kingambit\n|-damage|p2b: Kingambit|31\/100\n|move|p1a: Lumineon|Waterfall|p2b: Kingambit\n|-damage|p2b: Kingambit|3\/100\n|\n|-end|p2b: Kingambit|Encore\n|upkeep\n|turn|9\n|\n|t:|1683451855\n|move|p1b: Chien-Pao|Sucker Punch|p2b: Kingambit\n|-resisted|p2b: Kingambit\n|-damage|p2b: Kingambit|0 fnt\n|faint|p2b: Kingambit\n|\n|win|Magiplop\n|raw|Magiplop's rating: 1032 → 1068<\/strong> (+36 for winning)\n|raw|zakkyroo's rating: 1041 → 1024<\/strong> (-17 for losing)\n|l|\u2606zakkyroo\n","uploadtime":1683451876,"views":16,"p1id":"magiplop","p2id":"zakkyroo","formatid":"gen9vgc2023regulationc","rating":1024,"private":0,"password":""}