{"id":"gen9vgc2023regulationc-1863411913","p1":"jamesdaltonbell","p2":"Gemstone Bandits","format":"[Gen 9] VGC 2023 Regulation C","log":"|j|\u2606jamesdaltonbell\n|j|\u2606Gemstone Bandits\n|t:|1684013666\n|gametype|doubles\n|player|p1|jamesdaltonbell|pokemonbreeder|\n|player|p2|Gemstone Bandits|shadowtriad|\n|teamsize|p1|6\n|teamsize|p2|6\n|gen|9\n|tier|[Gen 9] VGC 2023 Regulation C\n|rule|Species Clause: Limit one of each Pok\u00e9mon\n|rule|Item Clause: Limit one of each item\n|clearpoke\n|poke|p1|Quaquaval, L50, F|\n|poke|p1|Roaring Moon, L50|\n|poke|p1|Stantler, L50, M|\n|poke|p1|Talonflame, L50, M|\n|poke|p1|Rotom-Frost, L50|\n|poke|p1|Scizor, L50, F|\n|poke|p2|Tyranitar, L50, M|\n|poke|p2|Garchomp, L50, M|\n|poke|p2|Sandy Shocks, L50|\n|poke|p2|Masquerain, L50, M|\n|poke|p2|Gengar, L50, M|\n|poke|p2|Heracross, L50, F|\n|teampreview|4\n|c|\u2606Gemstone Bandits|g2\n|j| Samax2599\n|l| Samax2599\n|j| j4ce\n|c|\u2606jamesdaltonbell|glhf\n|inactive|Battle timer is ON: inactive players will automatically lose when time's up. (requested by Gemstone Bandits)\n|c|\u2606Gemstone Bandits|glhf\n|inactive|jamesdaltonbell has 60 seconds left.\n|inactive|jamesdaltonbell has 30 seconds left.\n|inactive|jamesdaltonbell has 20 seconds left.\n|inactive|jamesdaltonbell has 15 seconds left.\n|inactive|jamesdaltonbell has 10 seconds left.\n|\n|t:|1684014183\n|start\n|switch|p1a: Steel|Scizor, L50, F|100\/100\n|switch|p1b: Killer Frost|Rotom-Frost, L50|100\/100\n|switch|p2a: Tyranitar|Tyranitar, L50, M|100\/100\n|switch|p2b: Garchomp|Garchomp, L50, M|100\/100\n|-weather|Sandstorm|[from] ability: Sand Stream|[of] p2a: Tyranitar\n|turn|1\n|inactive|jamesdaltonbell has 30 seconds left.\n|inactive|Gemstone Bandits has 30 seconds left.\n|inactive|jamesdaltonbell has 20 seconds left.\n|inactive|Gemstone Bandits has 20 seconds left.\n|\n|t:|1684014220\n|switch|p1a: Deerdevil|Stantler, L50, M|100\/100\n|-ability|p1a: Deerdevil|Intimidate|boost\n|-unboost|p2a: Tyranitar|atk|1\n|-unboost|p2b: Garchomp|atk|1\n|-terastallize|p2b: Garchomp|Water\n|move|p1b: Killer Frost|Blizzard|p2a: Tyranitar|[spread] p2a,p2b\n|-resisted|p2b: Garchomp\n|-damage|p2a: Tyranitar|75\/100\n|-damage|p2b: Garchomp|79\/100\n|move|p2b: Garchomp|Swords Dance|p2b: Garchomp\n|-boost|p2b: Garchomp|atk|2\n|move|p2a: Tyranitar|Rock Slide|p1a: Deerdevil|[spread] p1a,p1b\n|-supereffective|p1b: Killer Frost\n|-damage|p1a: Deerdevil|87\/100\n|-damage|p1b: Killer Frost|61\/100\n|\n|-weather|Sandstorm|[upkeep]\n|-damage|p1b: Killer Frost|55\/100|[from] Sandstorm\n|-damage|p1a: Deerdevil|81\/100|[from] Sandstorm\n|upkeep\n|turn|2\n|inactive|jamesdaltonbell has 30 seconds left.\n|inactive|Gemstone Bandits has 30 seconds left.\n|\n|t:|1684014252\n|switch|p1b: Steel|Scizor, L50, F|100\/100\n|move|p2b: Garchomp|Rock Slide|p1b: Steel|[spread] p1a,p1b\n|-damage|p1a: Deerdevil|55\/100\n|-damage|p1b: Steel|75\/100\n|move|p1a: Deerdevil|Double Kick|p2a: Tyranitar\n|-supereffective|p2a: Tyranitar\n|-damage|p2a: Tyranitar|56\/100\n|-enditem|p2a: Tyranitar|Weakness Policy\n|-boost|p2a: Tyranitar|atk|2|[from] item: Weakness Policy\n|-boost|p2a: Tyranitar|spa|2|[from] item: Weakness Policy\n|-supereffective|p2a: Tyranitar\n|-damage|p2a: Tyranitar|35\/100\n|-hitcount|p2a: Tyranitar|2\n|move|p2a: Tyranitar|Rock Slide|p1a: Deerdevil|[spread] p1a,p1b\n|-damage|p1a: Deerdevil|26\/100\n|-damage|p1b: Steel|42\/100\n|-enditem|p1b: Steel|Sitrus Berry|[eat]\n|-heal|p1b: Steel|67\/100|[from] item: Sitrus Berry\n|\n|-weather|Sandstorm|[upkeep]\n|-damage|p1a: Deerdevil|20\/100|[from] Sandstorm\n|upkeep\n|turn|3\n|inactive|jamesdaltonbell has 30 seconds left.\n|\n|t:|1684014280\n|move|p1a: Deerdevil|Protect|p1a: Deerdevil\n|-singleturn|p1a: Deerdevil|Protect\n|move|p2a: Tyranitar|Protect|p2a: Tyranitar\n|-singleturn|p2a: Tyranitar|Protect\n|move|p1b: Steel|Bullet Punch|p2a: Tyranitar\n|-activate|p2a: Tyranitar|move: Protect\n|move|p2b: Garchomp|Earthquake|p1a: Deerdevil|[spread] p1b\n|-activate|p2a: Tyranitar|move: Protect\n|-activate|p1a: Deerdevil|move: Protect\n|-damage|p1b: Steel|17\/100\n|\n|-weather|Sandstorm|[upkeep]\n|-damage|p1a: Deerdevil|14\/100|[from] Sandstorm\n|upkeep\n|turn|4\n|\n|t:|1684014303\n|switch|p1a: Killer Frost|Rotom-Frost, L50|55\/100\n|move|p2a: Tyranitar|Protect|p2a: Tyranitar\n|-singleturn|p2a: Tyranitar|Protect\n|move|p1b: Steel|Bullet Punch|p2a: Tyranitar\n|-activate|p2a: Tyranitar|move: Protect\n|move|p2b: Garchomp|Earthquake|p1b: Steel|[spread] p1b\n|-activate|p2a: Tyranitar|move: Protect\n|-immune|p1a: Killer Frost|[from] ability: Levitate\n|-damage|p1b: Steel|0 fnt\n|faint|p1b: Steel\n|\n|-weather|Sandstorm|[upkeep]\n|-damage|p1a: Killer Frost|49\/100|[from] Sandstorm\n|upkeep\n|c| j4ce|y'all posted g3 twice btw, make sure u dont lose g1\n|c|\u2606jamesdaltonbell|thanks\n|c|\u2606Gemstone Bandits|oh\n|c|\u2606jamesdaltonbell|got the replay\n|c|\u2606Gemstone Bandits|I already closed it\n|\n|t:|1684014326\n|switch|p1b: Deerdevil|Stantler, L50, M|14\/100\n|-ability|p1b: Deerdevil|Intimidate|boost\n|-unboost|p2a: Tyranitar|atk|1\n|-unboost|p2b: Garchomp|atk|1\n|turn|5\n|\n|t:|1684014342\n|move|p1b: Deerdevil|Protect|p1b: Deerdevil\n|-singleturn|p1b: Deerdevil|Protect\n|move|p1a: Killer Frost|Thunderbolt|p2b: Garchomp\n|-supereffective|p2b: Garchomp\n|-damage|p2b: Garchomp|0 fnt\n|faint|p2b: Garchomp\n|move|p2a: Tyranitar|Rock Slide|p1a: Killer Frost|[spread] p1a\n|-activate|p1b: Deerdevil|move: Protect\n|-supereffective|p1a: Killer Frost\n|-damage|p1a: Killer Frost|0 fnt\n|faint|p1a: Killer Frost\n|\n|-weather|none\n|upkeep\n|\n|t:|1684014364\n|switch|p2b: Heracross|Heracross, L50, F|100\/100\n|switch|p1a: Etrigan the Demon|Roaring Moon, L50|100\/100\n|turn|6\n|inactive|jamesdaltonbell has 30 seconds left.\n|inactive|Gemstone Bandits has 30 seconds left.\n|inactive|jamesdaltonbell has 20 seconds left.\n|inactive|Gemstone Bandits has 20 seconds left.\n|inactive|Gemstone Bandits has 15 seconds left.\n|inactive|Gemstone Bandits has 10 seconds left.\n|\n|t:|1684014409\n|-terastallize|p1a: Etrigan the Demon|Fairy\n|move|p2b: Heracross|Stone Edge|p1a: Etrigan the Demon\n|-crit|p1a: Etrigan the Demon\n|-damage|p1a: Etrigan the Demon|28\/100\n|move|p1a: Etrigan the Demon|Dragon Dance|p1a: Etrigan the Demon\n|-boost|p1a: Etrigan the Demon|atk|1\n|-boost|p1a: Etrigan the Demon|spe|1\n|move|p1b: Deerdevil|Sunny Day|p1b: Deerdevil\n|-weather|SunnyDay\n|-activate|p1a: Etrigan the Demon|ability: Protosynthesis\n|-start|p1a: Etrigan the Demon|protosynthesisatk\n|move|p2a: Tyranitar|Rock Slide|p1b: Deerdevil|[spread] p1a,p1b\n|-damage|p1a: Etrigan the Demon|0 fnt\n|-damage|p1b: Deerdevil|0 fnt\n|faint|p1a: Etrigan the Demon\n|-end|p1a: Etrigan the Demon|Protosynthesis|[silent]\n|faint|p1b: Deerdevil\n|\n|win|Gemstone Bandits\n|c|\u2606Gemstone Bandits|gg wp\n|c|\u2606jamesdaltonbell|i got smoked\n|c|\u2606jamesdaltonbell|gg\n|c|\u2606Gemstone Bandits|Can you share the replays please?\n|c|\u2606jamesdaltonbell|yeah, i've got all three\n|c| j4ce|Never underestimate the power of spread moves, good lord\n","uploadtime":1684014430,"views":20,"p1id":"jamesdaltonbell","p2id":"gemstonebandits","formatid":"gen9vgc2023regulationc","rating":0,"private":0,"password":""}