{"id":"gen9vgc2023regulationc-1847051274","p1":"D-Wrecks","p2":"TStorm","format":"[Gen 9] VGC 2023 Regulation C","log":"|j|\u2606D-Wrecks\n|j|\u2606TStorm\n|t:|1681914985\n|gametype|doubles\n|player|p1|D-Wrecks|blackbelt-gen4dp|1539\n|player|p2|TStorm|101|1515\n|teamsize|p1|6\n|teamsize|p2|6\n|gen|9\n|tier|[Gen 9] VGC 2023 Regulation C\n|rated|\n|rule|Species Clause: Limit one of each Pok\u00e9mon\n|rule|Item Clause: Limit one of each item\n|clearpoke\n|poke|p1|Dondozo, L50, F|\n|poke|p1|Tatsugiri, L50, M|\n|poke|p1|Pawmot, L50, M|\n|poke|p1|Iron Bundle, L50|\n|poke|p1|Flutter Mane, L50|\n|poke|p1|Chi-Yu, L50|\n|poke|p2|Ting-Lu, L50|\n|poke|p2|Arcanine, L50, M|\n|poke|p2|Flutter Mane, L50|\n|poke|p2|Kingambit, L50, F|\n|poke|p2|Palafin, L50, M|\n|poke|p2|Amoonguss, L50, M|\n|teampreview|4\n|inactive|Battle timer is ON: inactive players will automatically lose when time's up. (requested by D-Wrecks)\n|\n|t:|1681915042\n|start\n|switch|p1a: Wraith|Flutter Mane, L50, shiny|100\/100\n|switch|p1b: Darvaza|Chi-Yu, L50|100\/100\n|switch|p2a: Palafin|Palafin, L50, M, shiny|100\/100\n|switch|p2b: Ting-Lu|Ting-Lu, L50|100\/100\n|-ability|p1b: Darvaza|Beads of Ruin\n|-ability|p2b: Ting-Lu|Vessel of Ruin\n|turn|1\n|\n|t:|1681915061\n|-end|p1a: Wraith|Protosynthesis|[silent]\n|switch|p1a: Dondozo|Dondozo, L50, F, shiny|100\/100\n|-terastallize|p2b: Ting-Lu|Ground\n|move|p1b: Darvaza|Protect|p1b: Darvaza\n|-singleturn|p1b: Darvaza|Protect\n|move|p2a: Palafin|Protect|p2a: Palafin\n|-singleturn|p2a: Palafin|Protect\n|move|p2b: Ting-Lu|Earthquake|p1a: Dondozo|[spread] p1a\n|-activate|p2a: Palafin|move: Protect\n|-activate|p1b: Darvaza|move: Protect\n|-damage|p1a: Dondozo|50\/100\n|\n|-heal|p1a: Dondozo|56\/100|[from] item: Leftovers\n|upkeep\n|turn|2\n|inactive|D-Wrecks has 30 seconds left.\n|inactive|D-Wrecks has 20 seconds left.\n|\n|t:|1681915099\n|switch|p1b: Tatsugiri|Tatsugiri, L50, M, shiny|100\/100\n|-activate|p1b: Tatsugiri|ability: Commander|[of] p1a: Dondozo\n|-boost|p1a: Dondozo|atk|2\n|-boost|p1a: Dondozo|spa|2\n|-boost|p1a: Dondozo|spe|2\n|-boost|p1a: Dondozo|def|2\n|-boost|p1a: Dondozo|spd|2\n|detailschange|p2a: Palafin|Palafin-Hero, L50, M, shiny\n|switch|p2a: Arcanine|Arcanine, L50, M|100\/100\n|-ability|p2a: Arcanine|Intimidate|boost\n|-unboost|p1a: Dondozo|atk|1\n|-unboost|p1b: Tatsugiri|atk|1\n|move|p1a: Dondozo|Order Up|p2a: Arcanine\n|-damage|p2a: Arcanine|65\/100\n|-boost|p1a: Dondozo|atk|1\n|move|p2b: Ting-Lu|Earthquake|p1b: Tatsugiri|[spread] p2a,p1a\n|-miss|p2b: Ting-Lu|p1b: Tatsugiri\n|-supereffective|p2a: Arcanine\n|-damage|p2a: Arcanine|0 fnt\n|-damage|p1a: Dondozo|31\/100\n|faint|p2a: Arcanine\n|\n|-heal|p1a: Dondozo|38\/100|[from] item: Leftovers\n|upkeep\n|\n|t:|1681915118\n|switch|p2a: Palafin|Palafin-Hero, L50, M, shiny|100\/100\n|-activate|p2a: Palafin|ability: Zero to Hero\n|turn|3\n|\n|t:|1681915126\n|switch|p2b: Flutter Mane|Flutter Mane, L50|100\/100\n|-terastallize|p1a: Dondozo|Grass\n|move|p1a: Dondozo|Tera Blast|p2a: Palafin\n|-supereffective|p2a: Palafin\n|-damage|p2a: Palafin|0 fnt\n|faint|p2a: Palafin\n|\n|-heal|p1a: Dondozo|44\/100|[from] item: Leftovers\n|upkeep\n|\n|t:|1681915136\n|switch|p2a: Ting-Lu|Ting-Lu, L50, tera:Ground|100\/100\n|-ability|p2a: Ting-Lu|Vessel of Ruin\n|turn|4\n|inactive|TStorm has 30 seconds left.\n|inactive|TStorm has 20 seconds left.\n|\n|t:|1681915173\n|move|p1a: Dondozo|Protect|p1a: Dondozo\n|-singleturn|p1a: Dondozo|Protect\n|move|p2b: Flutter Mane|Moonblast|p1a: Dondozo\n|-activate|p1a: Dondozo|move: Protect\n|move|p2a: Ting-Lu|Throat Chop|p1a: Dondozo\n|-activate|p1a: Dondozo|move: Protect\n|\n|-heal|p1a: Dondozo|50\/100|[from] item: Leftovers\n|upkeep\n|turn|5\n|j| EstoyFuerisimaVGC\n|\n|t:|1681915187\n|move|p2b: Flutter Mane|Moonblast|p1a: Dondozo\n|-damage|p1a: Dondozo|27\/100\n|move|p1a: Dondozo|Tera Blast|p2a: Ting-Lu\n|-supereffective|p2a: Ting-Lu\n|-damage|p2a: Ting-Lu|4\/100\n|move|p2a: Ting-Lu|Throat Chop|p1a: Dondozo\n|-damage|p1a: Dondozo|8\/100\n|-start|p1a: Dondozo|Throat Chop|[silent]\n|\n|-heal|p1a: Dondozo|14\/100|[from] item: Leftovers\n|upkeep\n|turn|6\n|\n|t:|1681915200\n|move|p1a: Dondozo|Protect|p1a: Dondozo\n|-singleturn|p1a: Dondozo|Protect\n|move|p2b: Flutter Mane|Moonblast|p1a: Dondozo\n|-activate|p1a: Dondozo|move: Protect\n|move|p2a: Ting-Lu|Throat Chop|p1b: Tatsugiri|[miss]\n|-miss|p2a: Ting-Lu|p1b: Tatsugiri\n|\n|-heal|p1a: Dondozo|20\/100|[from] item: Leftovers\n|-end|p1a: Dondozo|Throat Chop|[silent]\n|upkeep\n|turn|7\n|\n|t:|1681915211\n|move|p1a: Dondozo|Protect||[still]\n|-fail|p1a: Dondozo\n|move|p2b: Flutter Mane|Moonblast|p1a: Dondozo\n|-damage|p1a: Dondozo|0 fnt\n|faint|p1a: Dondozo\n|move|p2a: Ting-Lu|Throat Chop|p1b: Tatsugiri\n|-damage|p1b: Tatsugiri|0 fnt\n|faint|p1b: Tatsugiri\n|\n|upkeep\n|\n|t:|1681915214\n|switch|p1b: Darvaza|Chi-Yu, L50|100\/100\n|switch|p1a: Wraith|Flutter Mane, L50, shiny|100\/100\n|-ability|p1b: Darvaza|Beads of Ruin\n|turn|8\n|inactive|D-Wrecks has 30 seconds left.\n|\n|t:|1681915240\n|move|p1b: Darvaza|Protect|p1b: Darvaza\n|-singleturn|p1b: Darvaza|Protect\n|move|p2b: Flutter Mane|Moonblast|p1a: Wraith\n|-damage|p1a: Wraith|39\/100\n|move|p1a: Wraith|Dazzling Gleam|p2a: Ting-Lu|[spread] p2a,p2b\n|-damage|p2a: Ting-Lu|0 fnt\n|-damage|p2b: Flutter Mane|60\/100\n|faint|p2a: Ting-Lu\n|\n|upkeep\n|turn|9\n|\n|t:|1681915253\n|move|p2b: Flutter Mane|Moonblast|p1b: Darvaza\n|-damage|p1b: Darvaza|26\/100\n|move|p1a: Wraith|Dazzling Gleam|p2b: Flutter Mane\n|-damage|p2b: Flutter Mane|0 fnt\n|faint|p2b: Flutter Mane\n|-end|p2b: Flutter Mane|Protosynthesis|[silent]\n|\n|win|D-Wrecks\n|raw|D-Wrecks's rating: 1539 → 1558<\/strong> (+19 for winning)\n|raw|TStorm's rating: 1515 → 1496<\/strong> (-19 for losing)\n|l|\u2606TStorm\n|l|\u2606D-Wrecks\n|l| EstoyFuerisimaVGC\n","uploadtime":1681915494,"views":5,"p1id":"dwrecks","p2id":"tstorm","formatid":"gen9vgc2023regulationc","rating":1496,"private":0,"password":""}