{"id":"gen9vgc2023regulationc-1856139667","p1":"zhongqiu","p2":"LazieSquid","format":"[Gen 9] VGC 2023 Regulation C","log":"|j|\u2606zhongqiu\n|j|\u2606LazieSquid\n|t:|1683034267\n|gametype|doubles\n|player|p1|zhongqiu|dawn|1289\n|player|p2|LazieSquid|fisherman-gen4|1363\n|teamsize|p1|6\n|teamsize|p2|6\n|gen|9\n|tier|[Gen 9] VGC 2023 Regulation C\n|rated|\n|rule|Species Clause: Limit one of each Pok\u00e9mon\n|rule|Item Clause: Limit one of each item\n|clearpoke\n|poke|p1|Oranguru, L50, F|\n|poke|p1|Torkoal, L50, F|\n|poke|p1|Indeedee-F, L50, F|\n|poke|p1|Hatterene, L50, F|\n|poke|p1|Hariyama, L50, F|\n|poke|p1|Armarouge, L50, F|\n|poke|p2|Annihilape, L50, F|\n|poke|p2|Maushold, L50|\n|poke|p2|Iron Bundle, L50|\n|poke|p2|Flutter Mane, L50|\n|poke|p2|Arcanine, L50, M|\n|poke|p2|Baxcalibur, L50, F|\n|teampreview|4\n|inactive|Battle timer is ON: inactive players will automatically lose when time's up. (requested by LazieSquid)\n|inactive|zhongqiu has 60 seconds left.\n|inactive|LazieSquid has 60 seconds left.\n|\n|t:|1683034314\n|start\n|switch|p1a: Oranguru|Oranguru, L50, F|100\/100\n|switch|p1b: Hariyama|Hariyama, L50, F|100\/100\n|switch|p2a: Arcanine|Arcanine, L50, M|100\/100\n|switch|p2b: Flutter Mane|Flutter Mane, L50|100\/100\n|-ability|p2a: Arcanine|Intimidate|boost\n|-fail|p1a: Oranguru|unboost|Attack|[from] ability: Inner Focus|[of] p1a: Oranguru\n|-unboost|p1b: Hariyama|atk|1\n|turn|1\n|inactive|zhongqiu has 30 seconds left.\n|inactive|zhongqiu has 20 seconds left.\n|\n|t:|1683034353\n|switch|p1b: Armarouge|Armarouge, L50, F|100\/100\n|move|p2b: Flutter Mane|Moonblast|p1b: Armarouge\n|-resisted|p1b: Armarouge\n|-damage|p1b: Armarouge|70\/100\n|move|p2a: Arcanine|Flare Blitz|p1a: Oranguru\n|-damage|p1a: Oranguru|56\/100\n|-damage|p2a: Arcanine|86\/100|[from] Recoil\n|move|p1a: Oranguru|Trick Room|p1a: Oranguru\n|-fieldstart|move: Trick Room|[of] p1a: Oranguru\n|\n|upkeep\n|turn|2\n|inactive|zhongqiu has 30 seconds left.\n|inactive|zhongqiu has 20 seconds left.\n|inactive|zhongqiu has 15 seconds left.\n|inactive|zhongqiu has 10 seconds left.\n|\n|t:|1683034401\n|switch|p1a: Indeedee|Indeedee-F, L50, F|100\/100\n|-fieldstart|move: Psychic Terrain|[from] ability: Psychic Surge|[of] p1a: Indeedee\n|-terastallize|p2b: Flutter Mane|Fairy\n|move|p1b: Armarouge|Expanding Force|p2a: Arcanine|[spread] p2a,p2b\n|-damage|p2a: Arcanine|21\/100\n|-damage|p2b: Flutter Mane|30\/100\n|move|p2a: Arcanine|Snarl|p1b: Armarouge|[spread] p1a,p1b\n|-supereffective|p1a: Indeedee\n|-enditem|p1a: Indeedee|Colbur Berry|[eat]\n|-enditem|p1a: Indeedee|Colbur Berry|[weaken]\n|-supereffective|p1b: Armarouge\n|-damage|p1a: Indeedee|93\/100\n|-damage|p1b: Armarouge|51\/100\n|-unboost|p1a: Indeedee|spa|1\n|-unboost|p1b: Armarouge|spa|1\n|-enditem|p1b: Armarouge|Weakness Policy\n|-boost|p1b: Armarouge|atk|2|[from] item: Weakness Policy\n|-boost|p1b: Armarouge|spa|2|[from] item: Weakness Policy\n|move|p2b: Flutter Mane|Dazzling Gleam|p1a: Indeedee|[spread] p1a,p1b\n|-resisted|p1b: Armarouge\n|-damage|p1a: Indeedee|44\/100\n|-damage|p1b: Armarouge|27\/100\n|\n|upkeep\n|turn|3\n|inactive|zhongqiu has 30 seconds left.\n|inactive|zhongqiu has 20 seconds left.\n|inactive|zhongqiu has 15 seconds left.\n|\n|t:|1683034443\n|move|p2b: Flutter Mane|Protect|p2b: Flutter Mane\n|-singleturn|p2b: Flutter Mane|Protect\n|move|p1b: Armarouge|Expanding Force|p2b: Flutter Mane|[spread] p2a\n|-activate|p2b: Flutter Mane|move: Protect\n|-damage|p2a: Arcanine|0 fnt\n|faint|p2a: Arcanine\n|move|p1a: Indeedee|Dazzling Gleam|p2b: Flutter Mane\n|-activate|p2b: Flutter Mane|move: Protect\n|\n|upkeep\n|\n|t:|1683034461\n|switch|p2a: Iron Bundle|Iron Bundle, L50|100\/100\n|-enditem|p2a: Iron Bundle|Booster Energy\n|-activate|p2a: Iron Bundle|ability: Quark Drive|[fromitem]\n|-start|p2a: Iron Bundle|quarkdrivespe\n|turn|4\n|inactive|zhongqiu has 30 seconds left.\n|\n|t:|1683034488\n|move|p2a: Iron Bundle|Protect|p2a: Iron Bundle\n|-singleturn|p2a: Iron Bundle|Protect\n|move|p1b: Armarouge|Expanding Force|p2b: Flutter Mane|[spread] p2b\n|-activate|p2a: Iron Bundle|move: Protect\n|-damage|p2b: Flutter Mane|0 fnt\n|faint|p2b: Flutter Mane\n|-end|p2b: Flutter Mane|Protosynthesis|[silent]\n|move|p1a: Indeedee|Dazzling Gleam|p2a: Iron Bundle\n|-activate|p2a: Iron Bundle|move: Protect\n|\n|upkeep\n|\n|t:|1683034496\n|switch|p2b: Annihilape|Annihilape, L50, F|100\/100\n|turn|5\n|\n|t:|1683034513\n|move|p2b: Annihilape|Protect|p2b: Annihilape\n|-singleturn|p2b: Annihilape|Protect\n|move|p2a: Iron Bundle|Protect||[still]\n|-fail|p2a: Iron Bundle\n|move|p1b: Armarouge|Expanding Force|p2a: Iron Bundle|[spread] p2a\n|-activate|p2b: Annihilape|move: Protect\n|-damage|p2a: Iron Bundle|0 fnt\n|faint|p2a: Iron Bundle\n|-end|p2a: Iron Bundle|Quark Drive|[silent]\n|move|p1a: Indeedee|Healing Wish|p1a: Indeedee\n|faint|p1a: Indeedee\n|\n|-fieldend|move: Trick Room\n|upkeep\n|\n|t:|1683034524\n|switch|p1a: Oranguru|Oranguru, L50, F|56\/100\n|-heal|p1a: Oranguru|100\/100|[from] move: Healing Wish\n|turn|6\n|\n|t:|1683034537\n|switch|p1b: Hariyama|Hariyama, L50, F|100\/100\n|move|p2b: Annihilape|Rage Fist|p1b: Hariyama\n|-damage|p1b: Hariyama|75\/100\n|move|p1a: Oranguru|Trick Room|p1a: Oranguru\n|-fieldstart|move: Trick Room|[of] p1a: Oranguru\n|\n|-fieldend|move: Psychic Terrain\n|-status|p1b: Hariyama|brn|[from] item: Flame Orb\n|upkeep\n|turn|7\n|\n|t:|1683034559\n|move|p1b: Hariyama|Headlong Rush|p2b: Annihilape\n|-damage|p2b: Annihilape|23\/100\n|-unboost|p1b: Hariyama|def|1\n|-unboost|p1b: Hariyama|spd|1\n|-enditem|p2b: Annihilape|Sitrus Berry|[eat]\n|-heal|p2b: Annihilape|48\/100|[from] item: Sitrus Berry\n|move|p1a: Oranguru|Taunt|p2b: Annihilape\n|-start|p2b: Annihilape|move: Taunt\n|move|p2b: Annihilape|Rage Fist|p1b: Hariyama\n|-damage|p1b: Hariyama|0 fnt\n|faint|p1b: Hariyama\n|\n|upkeep\n|\n|t:|1683034571\n|switch|p1b: Armarouge|Armarouge, L50, F|27\/100\n|turn|8\n|\n|t:|1683034583\n|move|p1a: Oranguru|Foul Play|p2b: Annihilape\n|-damage|p2b: Annihilape|10\/100\n|move|p1b: Armarouge|Expanding Force|p2b: Annihilape\n|-supereffective|p2b: Annihilape\n|-damage|p2b: Annihilape|0 fnt\n|faint|p2b: Annihilape\n|\n|win|zhongqiu\n|raw|zhongqiu's rating: 1289 → 1319<\/strong> (+30 for winning)\n|raw|LazieSquid's rating: 1363 → 1339<\/strong> (-24 for losing)\n|l|\u2606LazieSquid\n","uploadtime":1683034592,"views":17,"p1id":"zhongqiu","p2id":"laziesquid","formatid":"gen9vgc2023regulationc","rating":1319,"private":0,"password":""}