{"id":"gen9vgc2023regulationc-1861770965","p1":"F2VGC","p2":"Felipe.Miller.V","format":"[Gen 9] VGC 2023 Regulation C","log":"|j|\u2606F2VGC\n|j|\u2606Felipe.Miller.V\n|t:|1683806816\n|gametype|doubles\n|player|p1|F2VGC|palmer|1387\n|player|p2|Felipe.Miller.V|1|1349\n|teamsize|p1|6\n|teamsize|p2|6\n|gen|9\n|tier|[Gen 9] VGC 2023 Regulation C\n|rated|\n|rule|Species Clause: Limit one of each Pok\u00e9mon\n|rule|Item Clause: Limit one of each item\n|clearpoke\n|poke|p1|Tyranitar, L50, M|\n|poke|p1|Lycanroc, L50, F|\n|poke|p1|Iron Bundle, L50|\n|poke|p1|Chi-Yu, L50|\n|poke|p1|Flutter Mane, L50|\n|poke|p1|Amoonguss, L50, F|\n|poke|p2|Flutter Mane, L50|\n|poke|p2|Baxcalibur, L50, M|\n|poke|p2|Mimikyu, L50, M|\n|poke|p2|Maushold, L50|\n|poke|p2|Iron Hands, L50|\n|poke|p2|Torkoal, L50, M|\n|teampreview|4\nF2VGC has agreed to open team sheets.\n|inactive|Battle timer is ON: inactive players will automatically lose when time's up. (requested by F2VGC)\n|inactive|Felipe.Miller.V has 60 seconds left.\n|inactive|Felipe.Miller.V has 30 seconds left.\n|\n|t:|1683806911\n|start\n|switch|p1a: Tyranitar|Tyranitar, L50, M|100\/100\n|switch|p1b: Lycanroc|Lycanroc, L50, F, shiny|100\/100\n|switch|p2a: Flutter Mane|Flutter Mane, L50, shiny|100\/100\n|switch|p2b: Mimikyu|Mimikyu, L50, M, shiny|100\/100\n|-weather|Sandstorm|[from] ability: Sand Stream|[of] p1a: Tyranitar\n|turn|1\n|inactive|F2VGC has 30 seconds left.\n|\n|t:|1683806937\n|-terastallize|p1a: Tyranitar|Flying\n|move|p1b: Lycanroc|Rock Slide|p2b: Mimikyu|[spread] p2a,p2b\n|-damage|p2a: Flutter Mane|67\/100\n|-activate|p2b: Mimikyu|ability: Disguise\n|-damage|p2b: Mimikyu|100\/100\n|detailschange|p2b: Mimikyu|Mimikyu-Busted, L50, M, shiny\n|-damage|p2b: Mimikyu|88\/100|[from] pokemon: Mimikyu-Busted\n|move|p1a: Tyranitar|Rock Slide|p2a: Flutter Mane|[spread] p2a,p2b\n|-crit|p2a: Flutter Mane\n|-damage|p2a: Flutter Mane|17\/100\n|-damage|p2b: Mimikyu|52\/100\n|move|p2b: Mimikyu|Will-O-Wisp|p1a: Tyranitar\n|-status|p1a: Tyranitar|brn\n|move|p2a: Flutter Mane|Trick Room|p2a: Flutter Mane\n|-fieldstart|move: Trick Room|[of] p2a: Flutter Mane\n|\n|-weather|Sandstorm|[upkeep]\n|-damage|p2a: Flutter Mane|10\/100|[from] Sandstorm\n|-damage|p2b: Mimikyu|46\/100|[from] Sandstorm\n|-damage|p1a: Tyranitar|95\/100 brn|[from] Sandstorm\n|-damage|p1a: Tyranitar|89\/100 brn|[from] brn\n|upkeep\n|turn|2\n|inactive|Felipe.Miller.V has 30 seconds left.\n|inactive|Felipe.Miller.V has 20 seconds left.\n|\n|t:|1683806976\n|-end|p2a: Flutter Mane|Protosynthesis|[silent]\n|switch|p2a: Iron Hands|Iron Hands, L50|100\/100\n|-enditem|p2a: Iron Hands|Booster Energy\n|-activate|p2a: Iron Hands|ability: Quark Drive|[fromitem]\n|-start|p2a: Iron Hands|quarkdriveatk\n|move|p1b: Lycanroc|Accelerock|p2a: Iron Hands\n|-resisted|p2a: Iron Hands\n|-damage|p2a: Iron Hands|94\/100\n|move|p2b: Mimikyu|Will-O-Wisp|p1b: Lycanroc\n|-status|p1b: Lycanroc|brn\n|move|p1a: Tyranitar|Heavy Slam|p2b: Mimikyu\n|-supereffective|p2b: Mimikyu\n|-damage|p2b: Mimikyu|0 fnt\n|faint|p2b: Mimikyu\n|\n|-weather|Sandstorm|[upkeep]\n|-damage|p2a: Iron Hands|87\/100|[from] Sandstorm\n|-damage|p1a: Tyranitar|83\/100 brn|[from] Sandstorm\n|-damage|p1a: Tyranitar|77\/100 brn|[from] brn\n|-damage|p1b: Lycanroc|94\/100 brn|[from] brn\n|upkeep\n|\n|t:|1683806992\n|switch|p2b: Torkoal|Torkoal, L50, M, shiny|100\/100\n|-weather|SunnyDay|[from] ability: Drought|[of] p2b: Torkoal\n|turn|3\n|\n|t:|1683807010\n|move|p2b: Torkoal|Eruption|p1a: Tyranitar|[spread] p1a,p1b\n|-resisted|p1b: Lycanroc\n|-damage|p1a: Tyranitar|13\/100 brn\n|-damage|p1b: Lycanroc|4\/100 brn\n|move|p2a: Iron Hands|Fire Punch|p1a: Tyranitar\n|-damage|p1a: Tyranitar|0 fnt\n|faint|p1a: Tyranitar\n|move|p1b: Lycanroc|Rock Slide|p2a: Iron Hands|[spread] p2a,p2b\n|-resisted|p2a: Iron Hands\n|-supereffective|p2b: Torkoal\n|-damage|p2a: Iron Hands|83\/100\n|-damage|p2b: Torkoal|80\/100\n|\n|-weather|SunnyDay|[upkeep]\n|-damage|p1b: Lycanroc|0 fnt|[from] brn\n|faint|p1b: Lycanroc\n|upkeep\n|\n|t:|1683807021\n|switch|p1a: Chi-Yu|Chi-Yu, L50|100\/100\n|switch|p1b: Amoonguss|Amoonguss, L50, F, shiny|100\/100\n|-ability|p1a: Chi-Yu|Beads of Ruin\n|turn|4\n|\n|t:|1683807034\n|-terastallize|p2b: Torkoal|Fire\n|move|p1a: Chi-Yu|Protect|p1a: Chi-Yu\n|-singleturn|p1a: Chi-Yu|Protect\n|move|p2b: Torkoal|Eruption|p1a: Chi-Yu|[spread] p1b\n|-activate|p1a: Chi-Yu|move: Protect\n|-supereffective|p1b: Amoonguss\n|-damage|p1b: Amoonguss|0 fnt\n|faint|p1b: Amoonguss\n|move|p2a: Iron Hands|Fire Punch|p1a: Chi-Yu\n|-activate|p1a: Chi-Yu|move: Protect\n|\n|-weather|SunnyDay|[upkeep]\n|upkeep\n|turn|5\n|\n|t:|1683807048\n|move|p2b: Torkoal|Eruption|p1a: Chi-Yu\n|-resisted|p1a: Chi-Yu\n|-damage|p1a: Chi-Yu|26\/100\n|move|p2a: Iron Hands|Thunder Punch|p1a: Chi-Yu\n|-damage|p1a: Chi-Yu|0 fnt\n|faint|p1a: Chi-Yu\n|\n|win|Felipe.Miller.V\n|raw|F2VGC's rating: 1387 → 1365<\/strong> (-22 for losing)\n|raw|Felipe.Miller.V's rating: 1349 → 1371<\/strong> (+22 for winning)\n|l|\u2606F2VGC\n","uploadtime":1683807061,"views":17,"p1id":"f2vgc","p2id":"felipemillerv","formatid":"gen9vgc2023regulationc","rating":1365,"private":0,"password":""}