{"id":"gen9vgc2023regulationc-1856761059","p1":"diejjo","p2":"WhatWasIC00KING","format":"[Gen 9] VGC 2023 Regulation C","log":"|j|\u2606diejjo\n|j|\u2606WhatWasIC00KING\n|t:|1683107259\n|gametype|doubles\n|player|p1|diejjo|ethan|1292\n|player|p2|WhatWasIC00KING|gambler|1276\n|teamsize|p1|6\n|teamsize|p2|6\n|gen|9\n|tier|[Gen 9] VGC 2023 Regulation C\n|rated|\n|rule|Species Clause: Limit one of each Pok\u00e9mon\n|rule|Item Clause: Limit one of each item\n|clearpoke\n|poke|p1|Talonflame, L50, F|\n|poke|p1|Iron Bundle, L50|\n|poke|p1|Iron Hands, L50|\n|poke|p1|Gholdengo, L50|\n|poke|p1|Garchomp, L50, F|\n|poke|p1|Chien-Pao, L50|\n|poke|p2|Ting-Lu, L50|\n|poke|p2|Annihilape, L50, M|\n|poke|p2|Palafin, L50, M|\n|poke|p2|Flutter Mane, L50|\n|poke|p2|Arcanine, L50, F|\n|poke|p2|Amoonguss, L50, M|\n|teampreview|4\nWhatWasIC00KING has agreed to open team sheets.\n|inactive|Battle timer is ON: inactive players will automatically lose when time's up. (requested by diejjo)\n|\n|t:|1683107313\n|start\n|switch|p1a: Garchomp|Garchomp, L50, F|100\/100\n|switch|p1b: Chien-Pao|Chien-Pao, L50|100\/100\n|switch|p2a: Ares|Annihilape, L50, M, shiny|100\/100\n|switch|p2b: Eris|Flutter Mane, L50|100\/100\n|-ability|p1b: Chien-Pao|Sword of Ruin\n|turn|1\n|inactive|WhatWasIC00KING has 30 seconds left.\n|inactive|WhatWasIC00KING has 20 seconds left.\n|\n|t:|1683107352\n|-terastallize|p1a: Garchomp|Fire\n|move|p1b: Chien-Pao|Protect|p1b: Chien-Pao\n|-singleturn|p1b: Chien-Pao|Protect\n|move|p2b: Eris|Dazzling Gleam|p1b: Chien-Pao|[spread] p1a\n|-activate|p1b: Chien-Pao|move: Protect\n|-resisted|p1a: Garchomp\n|-damage|p1a: Garchomp|78\/100\n|move|p1a: Garchomp|Earthquake|p2a: Ares|[spread] p2a,p2b\n|-activate|p1b: Chien-Pao|move: Protect\n|-damage|p2a: Ares|50\/100\n|-damage|p2b: Eris|24\/100\n|-damage|p1a: Garchomp|68\/100|[from] item: Life Orb\n|move|p2a: Ares|Drain Punch|p1b: Chien-Pao\n|-activate|p1b: Chien-Pao|move: Protect\n|\n|-heal|p2a: Ares|56\/100|[from] item: Leftovers\n|upkeep\n|turn|2\n|\n|t:|1683107372\n|-end|p2b: Eris|Protosynthesis|[silent]\n|switch|p2b: Aeolus|Arcanine, L50, F, shiny|100\/100\n|-ability|p2b: Aeolus|Intimidate|boost\n|-unboost|p1a: Garchomp|atk|1\n|-unboost|p1b: Chien-Pao|atk|1\n|move|p1b: Chien-Pao|Sucker Punch||[still]\n|-fail|p1b: Chien-Pao\n|move|p1a: Garchomp|Stomping Tantrum|p2a: Ares\n|-damage|p2a: Ares|22\/100\n|-damage|p1a: Garchomp|58\/100|[from] item: Life Orb\n|move|p2a: Ares|Drain Punch|p1b: Chien-Pao\n|-supereffective|p1b: Chien-Pao\n|-enditem|p1b: Chien-Pao|Focus Sash\n|-damage|p1b: Chien-Pao|1\/100\n|-heal|p2a: Ares|58\/100|[from] drain|[of] p1b: Chien-Pao\n|\n|-heal|p2a: Ares|64\/100|[from] item: Leftovers\n|upkeep\n|turn|3\n|inactive|WhatWasIC00KING has 30 seconds left.\n|\n|t:|1683107404\n|switch|p2b: Hypnos|Amoonguss, L50, M, shiny|100\/100\n|move|p1b: Chien-Pao|Protect|p1b: Chien-Pao\n|-singleturn|p1b: Chien-Pao|Protect\n|move|p2a: Ares|Protect|p2a: Ares\n|-singleturn|p2a: Ares|Protect\n|move|p1a: Garchomp|Earthquake|p2b: Hypnos|[spread] p2b\n|-activate|p1b: Chien-Pao|move: Protect\n|-activate|p2a: Ares|move: Protect\n|-damage|p2b: Hypnos|71\/100\n|-damage|p1a: Garchomp|48\/100|[from] item: Life Orb\n|\n|-heal|p2a: Ares|70\/100|[from] item: Leftovers\n|upkeep\n|turn|4\n|\n|t:|1683107427\n|switch|p2b: Aeolus|Arcanine, L50, F, shiny|100\/100\n|-ability|p2b: Aeolus|Intimidate|boost\n|-unboost|p1a: Garchomp|atk|1\n|-unboost|p1b: Chien-Pao|atk|1\n|move|p1b: Chien-Pao|Ice Spinner|p2b: Aeolus\n|-resisted|p2b: Aeolus\n|-damage|p2b: Aeolus|86\/100\n|move|p1a: Garchomp|Earthquake|p2b: Aeolus|[spread] p1b,p2a,p2b\n|-supereffective|p2b: Aeolus\n|-damage|p1b: Chien-Pao|0 fnt\n|-damage|p2a: Ares|42\/100\n|-damage|p2b: Aeolus|28\/100\n|faint|p1b: Chien-Pao\n|-damage|p1a: Garchomp|39\/100|[from] item: Life Orb\n|move|p2a: Ares|Drain Punch|p1a: Garchomp\n|-damage|p1a: Garchomp|11\/100\n|-heal|p2a: Ares|54\/100|[from] drain|[of] p1a: Garchomp\n|-damage|p2a: Ares|42\/100|[from] ability: Rough Skin|[of] p1a: Garchomp\n|\n|-heal|p2a: Ares|48\/100|[from] item: Leftovers\n|upkeep\n|\n|t:|1683107450\n|switch|p1b: Iron Bundle|Iron Bundle, L50, shiny|100\/100\n|-enditem|p1b: Iron Bundle|Booster Energy\n|-activate|p1b: Iron Bundle|ability: Quark Drive|[fromitem]\n|-start|p1b: Iron Bundle|quarkdrivespe\n|turn|5\n|\n|t:|1683107456\n|move|p2a: Ares|Protect|p2a: Ares\n|-singleturn|p2a: Ares|Protect\n|move|p1b: Iron Bundle|Hydro Pump|p2a: Ares\n|-activate|p2a: Ares|move: Protect\n|move|p1a: Garchomp|Stomping Tantrum|p2b: Aeolus\n|-supereffective|p2b: Aeolus\n|-damage|p2b: Aeolus|0 fnt\n|faint|p2b: Aeolus\n|-damage|p1a: Garchomp|1\/100|[from] item: Life Orb\n|\n|-heal|p2a: Ares|54\/100|[from] item: Leftovers\n|upkeep\n|\n|t:|1683107467\n|switch|p2b: Hypnos|Amoonguss, L50, M, shiny|100\/100\n|turn|6\n|\n|t:|1683107477\n|switch|p1a: Iron Hands|Iron Hands, L50|100\/100\n|move|p2b: Hypnos|Rage Powder|p2b: Hypnos\n|-singleturn|p2b: Hypnos|move: Rage Powder\n|move|p1b: Iron Bundle|Freeze-Dry|p2b: Hypnos\n|-supereffective|p2b: Hypnos\n|-damage|p2b: Hypnos|42\/100\n|-enditem|p2b: Hypnos|Sitrus Berry|[eat]\n|-heal|p2b: Hypnos|67\/100|[from] item: Sitrus Berry\n|move|p2a: Ares|Drain Punch|p1b: Iron Bundle\n|-supereffective|p1b: Iron Bundle\n|-damage|p1b: Iron Bundle|21\/100\n|-heal|p2a: Ares|78\/100|[from] drain|[of] p1b: Iron Bundle\n|\n|-heal|p2a: Ares|84\/100|[from] item: Leftovers\n|upkeep\n|turn|7\n|inactive|diejjo has 30 seconds left.\n|inactive|WhatWasIC00KING has 30 seconds left.\n|inactive|WhatWasIC00KING has 20 seconds left.\n|\n|t:|1683107513\n|switch|p2b: Eris|Flutter Mane, L50|24\/100\n|move|p1b: Iron Bundle|Freeze-Dry|p2b: Eris\n|-damage|p2b: Eris|0 fnt\n|faint|p2b: Eris\n|-end|p2b: Eris|Protosynthesis|[silent]\n|move|p2a: Ares|Drain Punch|p1b: Iron Bundle\n|-supereffective|p1b: Iron Bundle\n|-damage|p1b: Iron Bundle|0 fnt\n|-heal|p2a: Ares|90\/100|[from] drain|[of] p1b: Iron Bundle\n|faint|p1b: Iron Bundle\n|-end|p1b: Iron Bundle|Quark Drive|[silent]\n|move|p1a: Iron Hands|Wild Charge|p2a: Ares\n|-damage|p2a: Ares|36\/100\n|-damage|p1a: Iron Hands|88\/100|[from] Recoil\n|\n|-heal|p2a: Ares|42\/100|[from] item: Leftovers\n|upkeep\n|\n|t:|1683107530\n|switch|p1b: Garchomp|Garchomp, L50, F, tera:Fire|1\/100\n|switch|p2b: Hypnos|Amoonguss, L50, M, shiny|100\/100\n|turn|8\n|\n|t:|1683107546\n|move|p2a: Ares|Protect|p2a: Ares\n|-singleturn|p2a: Ares|Protect\n|move|p2b: Hypnos|Protect|p2b: Hypnos\n|-singleturn|p2b: Hypnos|Protect\n|move|p1b: Garchomp|Stomping Tantrum|p2a: Ares\n|-activate|p2a: Ares|move: Protect\n|move|p1a: Iron Hands|Heavy Slam|p2a: Ares\n|-activate|p2a: Ares|move: Protect\n|\n|-heal|p2a: Ares|48\/100|[from] item: Leftovers\n|upkeep\n|turn|9\n|\n|t:|1683107564\n|move|p2b: Hypnos|Rage Powder|p2b: Hypnos\n|-singleturn|p2b: Hypnos|move: Rage Powder\n|move|p1b: Garchomp|Stomping Tantrum|p2b: Hypnos\n|-damage|p2b: Hypnos|66\/100\n|-damage|p1b: Garchomp|0 fnt|[from] item: Life Orb\n|faint|p1b: Garchomp\n|move|p2a: Ares|Drain Punch|p1a: Iron Hands\n|-damage|p1a: Iron Hands|64\/100\n|-heal|p2a: Ares|61\/100|[from] drain|[of] p1a: Iron Hands\n|move|p1a: Iron Hands|Heavy Slam|p2b: Hypnos\n|-damage|p2b: Hypnos|24\/100\n|\n|-heal|p2a: Ares|67\/100|[from] item: Leftovers\n|upkeep\n|turn|10\n|\n|t:|1683107579\n|move|p2b: Hypnos|Protect|p2b: Hypnos\n|-singleturn|p2b: Hypnos|Protect\n|move|p2a: Ares|Bulk Up|p2a: Ares\n|-boost|p2a: Ares|atk|1\n|-boost|p2a: Ares|def|1\n|move|p1a: Iron Hands|Heavy Slam|p2b: Hypnos\n|-activate|p2b: Hypnos|move: Protect\n|\n|-heal|p2a: Ares|73\/100|[from] item: Leftovers\n|upkeep\n|turn|11\n|inactive|diejjo has 30 seconds left.\n|inactive|diejjo has 20 seconds left.\n|\n|t:|1683107626\n|move|p2a: Ares|Rage Fist|p1a: Iron Hands\n|-damage|p1a: Iron Hands|0 fnt\n|faint|p1a: Iron Hands\n|-end|p1a: Iron Hands|Quark Drive|[silent]\n|\n|win|WhatWasIC00KING\n|raw|diejjo's rating: 1292 → 1266<\/strong> (-26 for losing)\n|raw|WhatWasIC00KING's rating: 1276 → 1302<\/strong> (+26 for winning)\n|l|\u2606diejjo\n","uploadtime":1683107637,"views":18,"p1id":"diejjo","p2id":"whatwasic00king","formatid":"gen9vgc2023regulationc","rating":1266,"private":0,"password":""}