{"id":"gen9vgc2023regulationc-1855120081","p1":"NegaChad","p2":"finalgambitvgc","format":"[Gen 9] VGC 2023 Regulation C","log":"|j|\u2606NegaChad\n|j|\u2606finalgambitvgc\n|t:|1682903718\n|gametype|doubles\n|player|p1|NegaChad|blue|\n|player|p2|finalgambitvgc|mela|\n|teamsize|p1|6\n|teamsize|p2|6\n|gen|9\n|tier|[Gen 9] VGC 2023 Regulation C\n|rule|Species Clause: Limit one of each Pok\u00e9mon\n|rule|Item Clause: Limit one of each item\n|clearpoke\n|poke|p1|Talonflame, L50, F|\n|poke|p1|Farigiraf, L50, M|\n|poke|p1|Great Tusk, L50|\n|poke|p1|Qwilfish, L50, M|\n|poke|p1|Bisharp, L50, M|\n|poke|p1|Brambleghast, L50, F|\n|poke|p2|Amoonguss, L50, M|\n|poke|p2|Iron Valiant, L50|\n|poke|p2|Gothitelle, L50, M|\n|poke|p2|Misdreavus, L50, M|\n|poke|p2|Mabosstiff, L50, F|\n|poke|p2|Ceruledge, L50, F|\n|teampreview|4\n|j| GIANT OSHAWOTT\n|c|\u2606NegaChad|G2\n|c|\u2606NegaChad|glhf\n|c|\u2606finalgambitvgc|u2\n|l| GIANT OSHAWOTT\n|\n|t:|1682903791\n|start\n|switch|p1a: RIPJAWS|Qwilfish, L50, M|100\/100\n|switch|p1b: DIAMONDHEAD|Bisharp, L50, M, shiny|100\/100\n|switch|p2a: Misdreavus|Misdreavus, L50, M|100\/100\n|switch|p2b: Gothitelle|Gothitelle, L50, M|100\/100\n|-ability|p1a: RIPJAWS|Intimidate|boost\n|-unboost|p2a: Misdreavus|atk|1\n|-unboost|p2b: Gothitelle|atk|1\n|turn|1\n|\n|t:|1682903815\n|move|p2b: Gothitelle|Fake Out|p1b: DIAMONDHEAD\n|-resisted|p1b: DIAMONDHEAD\n|-damage|p1b: DIAMONDHEAD|99\/100\n|move|p1a: RIPJAWS|Thunder Wave|p2b: Gothitelle\n|-status|p2b: Gothitelle|par\n|move|p2a: Misdreavus|Perish Song|p2a: Misdreavus\n|-start|p1a: RIPJAWS|perish3|[silent]\n|-start|p1b: DIAMONDHEAD|perish3|[silent]\n|-start|p2a: Misdreavus|perish3|[silent]\n|-start|p2b: Gothitelle|perish3|[silent]\n|-fieldactivate|move: Perish Song\n|cant|p1b: DIAMONDHEAD|flinch\n|\n|-start|p1a: RIPJAWS|perish3\n|-start|p2a: Misdreavus|perish3\n|-start|p1b: DIAMONDHEAD|perish3\n|-start|p2b: Gothitelle|perish3\n|upkeep\n|turn|2\n|\n|t:|1682903854\n|-terastallize|p2b: Gothitelle|Steel\n|move|p2a: Misdreavus|Protect|p2a: Misdreavus\n|-singleturn|p2a: Misdreavus|Protect\n|move|p2b: Gothitelle|Protect|p2b: Gothitelle\n|-singleturn|p2b: Gothitelle|Protect\n|move|p1a: RIPJAWS|Chilling Water|p2b: Gothitelle\n|-activate|p2b: Gothitelle|move: Protect\n|move|p1b: DIAMONDHEAD|Swords Dance|p1b: DIAMONDHEAD\n|-boost|p1b: DIAMONDHEAD|atk|2\n|\n|-start|p1a: RIPJAWS|perish2\n|-start|p2a: Misdreavus|perish2\n|-start|p1b: DIAMONDHEAD|perish2\n|-start|p2b: Gothitelle|perish2\n|upkeep\n|turn|3\n|\n|t:|1682903907\n|move|p1b: DIAMONDHEAD|Sucker Punch|p2b: Gothitelle\n|-damage|p2b: Gothitelle|34\/100 par\n|-enditem|p2b: Gothitelle|Sitrus Berry|[eat]\n|-heal|p2b: Gothitelle|59\/100 par|[from] item: Sitrus Berry\n|move|p1a: RIPJAWS|Chilling Water|p2a: Misdreavus\n|-damage|p2a: Misdreavus|90\/100\n|-unboost|p2a: Misdreavus|atk|1\n|move|p2a: Misdreavus|Shadow Ball|p1a: RIPJAWS\n|-damage|p1a: RIPJAWS|46\/100\n|cant|p2b: Gothitelle|par\n|\n|-heal|p1a: RIPJAWS|52\/100|[from] item: Black Sludge\n|-start|p1a: RIPJAWS|perish1\n|-start|p2a: Misdreavus|perish1\n|-start|p1b: DIAMONDHEAD|perish1\n|-start|p2b: Gothitelle|perish1\n|upkeep\n|turn|4\n|j| GIANT OSHAWOTT\n|\n|t:|1682903949\n|switch|p2b: Iron Valiant|Iron Valiant, L50|100\/100\n|-enditem|p2b: Iron Valiant|Booster Energy\n|-activate|p2b: Iron Valiant|ability: Quark Drive|[fromitem]\n|-start|p2b: Iron Valiant|quarkdrivespa\n|move|p2a: Misdreavus|Protect|p2a: Misdreavus\n|-singleturn|p2a: Misdreavus|Protect\n|move|p1a: RIPJAWS|Chilling Water|p2b: Iron Valiant\n|-damage|p2b: Iron Valiant|70\/100\n|-unboost|p2b: Iron Valiant|atk|1\n|move|p1b: DIAMONDHEAD|Iron Head|p2a: Misdreavus\n|-activate|p2a: Misdreavus|move: Protect\n|\n|-heal|p1a: RIPJAWS|58\/100|[from] item: Black Sludge\n|-start|p1a: RIPJAWS|perish0\n|-start|p2a: Misdreavus|perish0\n|-start|p1b: DIAMONDHEAD|perish0\n|faint|p1a: RIPJAWS\n|faint|p2a: Misdreavus\n|faint|p1b: DIAMONDHEAD\n|upkeep\n|\n|t:|1682903966\n|switch|p1a: CANNONBOLT|Great Tusk, L50, shiny|100\/100\n|switch|p2a: Gothitelle|Gothitelle, L50, M, tera:Steel|59\/100 par\n|switch|p1b: WAY BIG|Farigiraf, L50, M, shiny|100\/100\n|turn|5\n|\n|t:|1682903982\n|-terastallize|p1a: CANNONBOLT|Poison\n|cant|p2a: Gothitelle|par\n|move|p2b: Iron Valiant|Moonblast|p1a: CANNONBOLT\n|-resisted|p1a: CANNONBOLT\n|-damage|p1a: CANNONBOLT|71\/100\n|-unboost|p1a: CANNONBOLT|spa|1\n|move|p1a: CANNONBOLT|Play Rough|p2b: Iron Valiant\n|-supereffective|p2b: Iron Valiant\n|-damage|p2b: Iron Valiant|0 fnt\n|faint|p2b: Iron Valiant\n|-end|p2b: Iron Valiant|Quark Drive|[silent]\n|move|p1b: WAY BIG|Nasty Plot|p1b: WAY BIG\n|-boost|p1b: WAY BIG|spa|2\n|\n|upkeep\n|\n|t:|1682903991\n|switch|p2b: Ceruledge|Ceruledge, L50, F|100\/100\n|-item|p2b: Ceruledge|Air Balloon\n|turn|6\n|\n|t:|1682904011\n|move|p2b: Ceruledge|Bitter Blade|p1b: WAY BIG\n|-damage|p1b: WAY BIG|54\/100\n|move|p1a: CANNONBOLT|Knock Off|p2b: Ceruledge\n|-supereffective|p2b: Ceruledge\n|-damage|p2b: Ceruledge|3\/100\n|-enditem|p2b: Ceruledge|Air Balloon\n|move|p1b: WAY BIG|Psychic|p2a: Gothitelle\n|-resisted|p2a: Gothitelle\n|-damage|p2a: Gothitelle|17\/100 par\n|cant|p2a: Gothitelle|par\n|\n|upkeep\n|turn|7\n|l| GIANT OSHAWOTT\n|\n|t:|1682904051\n|move|p2b: Ceruledge|Bitter Blade|p1b: WAY BIG\n|-damage|p1b: WAY BIG|9\/100\n|-heal|p2b: Ceruledge|37\/100|[from] drain|[of] p1b: WAY BIG\n|-enditem|p1b: WAY BIG|Aguav Berry|[eat]\n|-heal|p1b: WAY BIG|42\/100|[from] item: Aguav Berry\n|move|p1a: CANNONBOLT|Knock Off|p2b: Ceruledge\n|-supereffective|p2b: Ceruledge\n|-damage|p2b: Ceruledge|0 fnt\n|faint|p2b: Ceruledge\n|move|p1b: WAY BIG|Dazzling Gleam|p2a: Gothitelle\n|-resisted|p2a: Gothitelle\n|-damage|p2a: Gothitelle|0 fnt\n|faint|p2a: Gothitelle\n|\n|win|NegaChad\n|c|\u2606NegaChad|gg\n|c|\u2606finalgambitvgc|gg\n|l|\u2606finalgambitvgc\n","uploadtime":1682904107,"views":21,"p1id":"negachad","p2id":"finalgambitvgc","formatid":"gen9vgc2023regulationc","rating":0,"private":0,"password":""}