{"id":"gen9vgc2023regulationc-1856026228","p1":"Shepherd181","p2":"Sub-basser","format":"[Gen 9] VGC 2023 Regulation C","log":"|j|\u2606Shepherd181\n|j|\u2606Sub-basser\n|t:|1683019385\n|gametype|doubles\n|player|p1|Shepherd181|hilbert|1146\n|player|p2|Sub-basser|102|1116\n|teamsize|p1|6\n|teamsize|p2|6\n|gen|9\n|tier|[Gen 9] VGC 2023 Regulation C\n|rated|\n|rule|Species Clause: Limit one of each Pok\u00e9mon\n|rule|Item Clause: Limit one of each item\n|clearpoke\n|poke|p1|Orthworm, L50, M|\n|poke|p1|Chien-Pao, L50|\n|poke|p1|Dragonite, L50, M|\n|poke|p1|Ting-Lu, L50|\n|poke|p1|Flutter Mane, L50|\n|poke|p1|Arcanine, L50, F|\n|poke|p2|Gholdengo, L50|\n|poke|p2|Murkrow, L50, F|\n|poke|p2|Glimmora, L50, F|\n|poke|p2|Pyroar, L50, F|\n|poke|p2|Klawf, L50, F|\n|poke|p2|Garganacl, L50, F|\n|teampreview|4\n|inactive|Battle timer is ON: inactive players will automatically lose when time's up. (requested by Sub-basser)\nSub-basser has agreed to open team sheets.\n|inactive|Shepherd181 has 60 seconds left.\nShepherd181 has agreed to open team sheets.\n|inactive|Shepherd181 has 30 seconds left.\n|inactive|Shepherd181 has 20 seconds left.\n|inactive|Shepherd181 has 15 seconds left.\n|\n|t:|1683019479\n|start\n|switch|p1a: Orthworm|Orthworm, L50, M|100\/100\n|switch|p1b: Chien-Pao|Chien-Pao, L50|100\/100\n|switch|p2a: Murkrow|Murkrow, L50, F|100\/100\n|switch|p2b: Klawf|Klawf, L50, F|100\/100\n|-ability|p1b: Chien-Pao|Sword of Ruin\n|turn|1\n|inactive|Shepherd181 has 30 seconds left.\n|inactive|Sub-basser has 30 seconds left.\n|inactive|Shepherd181 has 20 seconds left.\n|inactive|Shepherd181 has 15 seconds left.\n|inactive|Shepherd181 has 10 seconds left.\n|inactive|Shepherd181 has 5 seconds left.\n|\n|t:|1683019534\n|move|p2a: Murkrow|Perish Song|p2a: Murkrow\n|-start|p1a: Orthworm|perish3|[silent]\n|-start|p1b: Chien-Pao|perish3|[silent]\n|-start|p2a: Murkrow|perish3|[silent]\n|-start|p2b: Klawf|perish3|[silent]\n|-fieldactivate|move: Perish Song\n|move|p1b: Chien-Pao|Ice Spinner|p2a: Murkrow\n|-supereffective|p2a: Murkrow\n|-damage|p2a: Murkrow|0 fnt\n|faint|p2a: Murkrow\n|move|p2b: Klawf|Block|p1b: Chien-Pao\n|-activate|p1b: Chien-Pao|trapped\n|move|p1a: Orthworm|Shed Tail|p1a: Orthworm\n|-start|p1a: Orthworm|Substitute|[from] move: Shed Tail\n|-damage|p1a: Orthworm|50\/100\n|-enditem|p1a: Orthworm|Sitrus Berry|[eat]\n|-heal|p1a: Orthworm|75\/100|[from] item: Sitrus Berry\n|\n|t:|1683019549\n|switch|p1a: Dragonite|Dragonite, L50, M|100\/100|[from] Shed Tail\n|\n|-start|p1b: Chien-Pao|perish3\n|-start|p2b: Klawf|perish3\n|upkeep\n|\n|t:|1683019561\n|switch|p2a: Gholdengo|Gholdengo, L50|100\/100\n|turn|2\n|inactive|Shepherd181 has 30 seconds left.\n|inactive|Sub-basser has 30 seconds left.\n|inactive|Sub-basser has 20 seconds left.\n|\n|t:|1683019598\n|move|p1b: Chien-Pao|Protect|p1b: Chien-Pao\n|-singleturn|p1b: Chien-Pao|Protect\n|move|p1a: Dragonite|Dragon Dance|p1a: Dragonite\n|-boost|p1a: Dragonite|atk|1\n|-boost|p1a: Dragonite|spe|1\n|move|p2a: Gholdengo|Dazzling Gleam|p1a: Dragonite|[spread] p1a\n|-activate|p1b: Chien-Pao|move: Protect\n|-supereffective|p1a: Dragonite\n|-activate|p1a: Dragonite|move: Substitute|[damage]\n|move|p2b: Klawf|Rock Slide|p1a: Dragonite|[spread] p1a\n|-activate|p1b: Chien-Pao|move: Protect\n|-supereffective|p1a: Dragonite\n|-end|p1a: Dragonite|Substitute\n|\n|-start|p1b: Chien-Pao|perish2\n|-start|p2b: Klawf|perish2\n|upkeep\n|turn|3\n|inactive|Shepherd181 has 30 seconds left.\n|inactive|Sub-basser has 30 seconds left.\n|inactive|Shepherd181 has 20 seconds left.\n|inactive|Shepherd181 has 15 seconds left.\n|inactive|Shepherd181 has 10 seconds left.\n|inactive|Shepherd181 has 5 seconds left.\n|\n|t:|1683019653\n|-terastallize|p2a: Gholdengo|Ground\n|move|p1a: Dragonite|Tera Blast|p2b: Klawf\n|-resisted|p2b: Klawf\n|-damage|p2b: Klawf|93\/100\n|move|p1b: Chien-Pao|Ice Spinner|p2b: Klawf\n|-damage|p2b: Klawf|45\/100\n|-damage|p1b: Chien-Pao|84\/100|[from] item: Rocky Helmet|[of] p2b: Klawf\n|move|p2a: Gholdengo|Dazzling Gleam|p1b: Chien-Pao|[spread] p1a,p1b\n|-supereffective|p1a: Dragonite\n|-supereffective|p1b: Chien-Pao\n|-damage|p1a: Dragonite|77\/100\n|-damage|p1b: Chien-Pao|6\/100\n|move|p2b: Klawf|Rock Slide|p1b: Chien-Pao|[spread] p1b\n|-miss|p2b: Klawf|p1a: Dragonite\n|-supereffective|p1b: Chien-Pao\n|-damage|p1b: Chien-Pao|0 fnt\n|faint|p1b: Chien-Pao\n|\n|-start|p2b: Klawf|perish1\n|upkeep\n|\n|t:|1683019674\n|switch|p1b: Ting-Lu|Ting-Lu, L50|100\/100\n|-ability|p1b: Ting-Lu|Vessel of Ruin\n|turn|4\n|\n|t:|1683019699\n|switch|p2b: Garganacl|Garganacl, L50, F|100\/100\n|-terastallize|p1a: Dragonite|Flying\n|move|p1a: Dragonite|Tera Blast|p2a: Gholdengo\n|-damage|p2a: Gholdengo|14\/100\n|move|p2a: Gholdengo|Dazzling Gleam|p1a: Dragonite|[spread] p1a,p1b\n|-supereffective|p1b: Ting-Lu\n|-damage|p1a: Dragonite|60\/100\n|-damage|p1b: Ting-Lu|81\/100\n|-heal|p2a: Gholdengo|19\/100|[from] item: Shell Bell|[of] p1b: Ting-Lu\n|move|p1b: Ting-Lu|Earthquake|p2b: Garganacl|[spread] p2a,p2b\n|-immune|p1a: Dragonite\n|-supereffective|p2b: Garganacl\n|-damage|p2a: Gholdengo|0 fnt\n|-damage|p2b: Garganacl|65\/100\n|faint|p2a: Gholdengo\n|\n|upkeep\n|inactive|Sub-basser has 30 seconds left.\n|\n|t:|1683019734\n|switch|p2a: Klawf|Klawf, L50, F|78\/100\n|turn|5\n|inactive|Shepherd181 has 30 seconds left.\n|inactive|Shepherd181 has 20 seconds left.\n|inactive|Shepherd181 has 15 seconds left.\n|inactive|Shepherd181 has 10 seconds left.\n|\n|t:|1683019781\n|move|p2b: Garganacl|Wide Guard|p2b: Garganacl\n|-singleturn|p2b: Garganacl|Wide Guard\n|move|p1a: Dragonite|Earthquake|p2a: Klawf|[spread] p1b\n|-activate|p2a: Klawf|move: Wide Guard\n|-activate|p2b: Garganacl|move: Wide Guard\n|-damage|p1b: Ting-Lu|62\/100\n|move|p2a: Klawf|Rock Slide|p1a: Dragonite|[spread] p1a,p1b\n|-supereffective|p1a: Dragonite\n|-resisted|p1b: Ting-Lu\n|-damage|p1a: Dragonite|18\/100\n|-damage|p1b: Ting-Lu|56\/100\n|move|p1b: Ting-Lu|Earthquake|p2a: Klawf|[spread] \n|-activate|p2a: Klawf|move: Wide Guard\n|-activate|p2b: Garganacl|move: Wide Guard\n|-immune|p1a: Dragonite\n|\n|upkeep\n|turn|6\n|inactive|Sub-basser has 30 seconds left.\n|\n|t:|1683019807\n|move|p2b: Garganacl|Wide Guard|p2b: Garganacl\n|-singleturn|p2b: Garganacl|Wide Guard\n|move|p1a: Dragonite|Tera Blast|p2a: Klawf\n|-resisted|p2a: Klawf\n|-damage|p2a: Klawf|39\/100\n|move|p2a: Klawf|Rock Slide|p1a: Dragonite|[spread] p1a,p1b\n|-supereffective|p1a: Dragonite\n|-resisted|p1b: Ting-Lu\n|-damage|p1a: Dragonite|0 fnt\n|-damage|p1b: Ting-Lu|51\/100\n|faint|p1a: Dragonite\n|move|p1b: Ting-Lu|Earthquake|p2a: Klawf|[spread] \n|-activate|p2a: Klawf|move: Wide Guard\n|-activate|p2b: Garganacl|move: Wide Guard\n|\n|upkeep\n|\n|t:|1683019815\n|switch|p1a: Orthworm|Orthworm, L50, M|75\/100\n|turn|7\n|\n|t:|1683019837\n|move|p2a: Klawf|Protect|p2a: Klawf\n|-singleturn|p2a: Klawf|Protect\n|move|p1b: Ting-Lu|Earthquake|p2a: Klawf|[spread] p2b\n|-activate|p2a: Klawf|move: Protect\n|-heal|p1a: Orthworm|100\/100|[from] ability: Earth Eater|[of] p1b: Ting-Lu\n|-supereffective|p2b: Garganacl\n|-damage|p2b: Garganacl|29\/100\n|move|p1a: Orthworm|Body Press|p2b: Garganacl\n|-supereffective|p2b: Garganacl\n|-damage|p2b: Garganacl|0 fnt\n|faint|p2b: Garganacl\n|\n|upkeep\n|turn|8\n|\n|t:|1683019849\n|move|p2a: Klawf|Rock Slide|p1b: Ting-Lu|[spread] p1b\n|-miss|p2a: Klawf|p1a: Orthworm\n|-resisted|p1b: Ting-Lu\n|-crit|p1b: Ting-Lu\n|-damage|p1b: Ting-Lu|43\/100\n|cant|p1b: Ting-Lu|flinch\n|move|p1a: Orthworm|Body Press|p2a: Klawf\n|-supereffective|p2a: Klawf\n|-damage|p2a: Klawf|0 fnt\n|-damage|p1a: Orthworm|84\/100|[from] item: Rocky Helmet|[of] p2a: Klawf\n|faint|p2a: Klawf\n|\n|win|Shepherd181\n|raw|Shepherd181's rating: 1146 → 1169<\/strong> (+23 for winning)\n|raw|Sub-basser's rating: 1116 → 1093<\/strong> (-23 for losing)\n|l|\u2606Shepherd181\n|l|\u2606Sub-basser\n|j|\u2606Sub-basser\n|player|p2|Sub-basser|102\n","uploadtime":1683019878,"views":13,"p1id":"shepherd181","p2id":"subbasser","formatid":"gen9vgc2023regulationc","rating":1093,"private":0,"password":""}