{"id":"gen9vgc2023regulationc-1852908492","p1":"KatafriVGC","p2":"vasuvasuvasu","format":"[Gen 9] VGC 2023 Regulation C","log":"|j|\u2606KatafriVGC\n|j|\u203dvasuvasuvasu\n|t:|1682616408\n|gametype|doubles\n|player|p1|KatafriVGC|n|1140\n|player|p2|vasuvasuvasu|170|1085\n|teamsize|p1|6\n|teamsize|p2|6\n|gen|9\n|tier|[Gen 9] VGC 2023 Regulation C\n|rated|\n|rule|Species Clause: Limit one of each Pok\u00e9mon\n|rule|Item Clause: Limit one of each item\n|clearpoke\n|poke|p1|Abomasnow, L50, F|\n|poke|p1|Baxcalibur, L50, F|\n|poke|p1|Kingambit, L50, F|\n|poke|p1|Frosmoth, L50, M|\n|poke|p1|Slowking, L50, M|\n|poke|p1|Iron Bundle, L50|\n|poke|p2|Roaring Moon, L50|\n|poke|p2|Gothorita, L50, F|\n|poke|p2|Gholdengo, L50|\n|poke|p2|Meowscarada, L50, F|\n|poke|p2|Iron Bundle, L50|\n|poke|p2|Orthworm, L50, M|\n|teampreview|4\nKatafriVGC has agreed to open team sheets.\n|inactive|Battle timer is ON: inactive players will automatically lose when time's up. (requested by KatafriVGC)\nvasuvasuvasu rejected open team sheets.\n|inactive|KatafriVGC has 60 seconds left.\n|\n|t:|1682616476\n|start\n|switch|p1a: Obamasnow|Abomasnow, L50, F, shiny|100\/100\n|switch|p1b: Slowking|Slowking, L50, M|100\/100\n|switch|p2a: Roaring Moon|Roaring Moon, L50|100\/100\n|switch|p2b: Gothorita|Gothorita, L50, F|100\/100\n|-weather|Snow|[from] ability: Snow Warning|[of] p1a: Obamasnow\n|-enditem|p2a: Roaring Moon|Booster Energy\n|-activate|p2a: Roaring Moon|ability: Protosynthesis|[fromitem]\n|-start|p2a: Roaring Moon|protosynthesisatk\n|turn|1\n|\n|t:|1682616497\n|move|p2b: Gothorita|Fake Out|p1a: Obamasnow\n|-damage|p1a: Obamasnow|97\/100\n|move|p2a: Roaring Moon|Dragon Dance|p2a: Roaring Moon\n|-boost|p2a: Roaring Moon|atk|1\n|-boost|p2a: Roaring Moon|spe|1\n|cant|p1a: Obamasnow|flinch\n|move|p1b: Slowking|Trick Room|p1b: Slowking\n|-fieldstart|move: Trick Room|[of] p1b: Slowking\n|\n|-weather|Snow|[upkeep]\n|upkeep\n|turn|2\n|inactive|vasuvasuvasu has 30 seconds left.\n|inactive|vasuvasuvasu has 20 seconds left.\n|\n|t:|1682616534\n|move|p1b: Slowking|Surf|p2b: Gothorita|[spread] p1a,p2a,p2b\n|-resisted|p1a: Obamasnow\n|-resisted|p2a: Roaring Moon\n|-damage|p1a: Obamasnow|83\/100\n|-damage|p2a: Roaring Moon|86\/100\n|-damage|p2b: Gothorita|78\/100\n|move|p1a: Obamasnow|Blizzard|p2b: Gothorita|[spread] p2a,p2b\n|-supereffective|p2a: Roaring Moon\n|-damage|p2a: Roaring Moon|36\/100\n|-damage|p2b: Gothorita|58\/100\n|move|p2b: Gothorita|Light Screen|p2b: Gothorita\n|-sidestart|p2: vasuvasuvasu|move: Light Screen\n|move|p2a: Roaring Moon|Dragon Claw|p1a: Obamasnow\n|-damage|p1a: Obamasnow|29\/100\n|\n|-weather|Snow|[upkeep]\n|upkeep\n|turn|3\n|inactive|vasuvasuvasu has 30 seconds left.\n|\n|t:|1682616562\n|move|p1b: Slowking|Surf|p2a: Roaring Moon|[spread] p1a,p2a,p2b\n|-resisted|p1a: Obamasnow\n|-resisted|p2a: Roaring Moon\n|-damage|p1a: Obamasnow|17\/100\n|-damage|p2a: Roaring Moon|26\/100\n|-damage|p2b: Gothorita|42\/100\n|move|p1a: Obamasnow|Blizzard|p2a: Roaring Moon|[spread] p2a,p2b\n|-supereffective|p2a: Roaring Moon\n|-damage|p2a: Roaring Moon|0 fnt\n|-damage|p2b: Gothorita|28\/100\n|faint|p2a: Roaring Moon\n|-end|p2a: Roaring Moon|Protosynthesis|[silent]\n|move|p2b: Gothorita|Heal Pulse|p2: Roaring Moon|[notarget]\n|-fail|p2b: Gothorita\n|\n|-weather|Snow|[upkeep]\n|upkeep\n|\n|t:|1682616574\n|switch|p2a: Iron Bundle|Iron Bundle, L50|100\/100\n|turn|4\n|\n|t:|1682616589\n|move|p1b: Slowking|Flamethrower|p2b: Gothorita\n|-damage|p2b: Gothorita|16\/100\n|move|p1a: Obamasnow|Aurora Veil|p1a: Obamasnow\n|-sidestart|p1: KatafriVGC|move: Aurora Veil\n|move|p2b: Gothorita|Heal Pulse|p2a: Iron Bundle\n|-fail|p2a: Iron Bundle|heal\n|move|p2a: Iron Bundle|Freeze-Dry|p1a: Obamasnow\n|-damage|p1a: Obamasnow|0 fnt\n|faint|p1a: Obamasnow\n|\n|-weather|Snow|[upkeep]\n|upkeep\n|\n|t:|1682616600\n|switch|p1a: Zangetsu|Kingambit, L50, F|100\/100\n|turn|5\n|inactive|vasuvasuvasu has 30 seconds left.\n|\n|t:|1682616629\n|move|p1b: Slowking|Flamethrower|p2a: Iron Bundle\n|-damage|p2a: Iron Bundle|65\/100\n|move|p1a: Zangetsu|Kowtow Cleave|p2b: Gothorita\n|-supereffective|p2b: Gothorita\n|-damage|p2b: Gothorita|0 fnt\n|faint|p2b: Gothorita\n|move|p2a: Iron Bundle|Freeze-Dry|p1b: Slowking\n|-supereffective|p1b: Slowking\n|-damage|p1b: Slowking|69\/100\n|\n|-weather|Snow|[upkeep]\n|-fieldend|move: Trick Room\n|upkeep\n|\n|t:|1682616641\n|switch|p2b: Gholdengo|Gholdengo, L50|100\/100\n|turn|6\n|inactive|vasuvasuvasu has 30 seconds left.\n|\n|t:|1682616671\n|-terastallize|p2a: Iron Bundle|Ice\n|-terastallize|p1b: Slowking|Fire\n|move|p2a: Iron Bundle|Freeze-Dry|p1b: Slowking\n|-resisted|p1b: Slowking\n|-damage|p1b: Slowking|58\/100\n|move|p2b: Gholdengo|Make It Rain|p1a: Zangetsu|[spread] p1a,p1b\n|-resisted|p1a: Zangetsu\n|-resisted|p1b: Slowking\n|-damage|p1a: Zangetsu|89\/100\n|-damage|p1b: Slowking|47\/100\n|-unboost|p2b: Gholdengo|spa|1\n|move|p1a: Zangetsu|Kowtow Cleave|p2b: Gholdengo\n|-supereffective|p2b: Gholdengo\n|-damage|p2b: Gholdengo|0 fnt\n|faint|p2b: Gholdengo\n|move|p1b: Slowking|Trick Room|p1b: Slowking\n|-fieldstart|move: Trick Room|[of] p1b: Slowking\n|\n|-weather|Snow|[upkeep]\n|-sideend|p2: vasuvasuvasu|move: Light Screen\n|upkeep\n|turn|7\n|-message|vasuvasuvasu forfeited.\n|\n|win|KatafriVGC\n|raw|KatafriVGC's rating: 1140 → 1161<\/strong> (+21 for winning)\n|raw|vasuvasuvasu's rating: 1085 → 1066<\/strong> (-19 for losing)\n|l|\u203dvasuvasuvasu\n","uploadtime":1682616975,"views":5,"p1id":"katafrivgc","p2id":"vasuvasuvasu","formatid":"gen9vgc2023regulationc","rating":1066,"private":0,"password":""}