{"id":"gen9vgc2023regulationc-1856597986","p1":"yaboyredmond","p2":"kmilly132","format":"[Gen 9] VGC 2023 Regulation C","log":"|j|\u2606yaboyredmond\n|j|\u2606kmilly132\n|t:|1683080529\n|gametype|doubles\n|player|p1|yaboyredmond|102|\n|player|p2|kmilly132|169|\n|teamsize|p1|6\n|teamsize|p2|6\n|gen|9\n|tier|[Gen 9] VGC 2023 Regulation C\n|rule|Species Clause: Limit one of each Pok\u00e9mon\n|rule|Item Clause: Limit one of each item\n|clearpoke\n|poke|p1|Grafaiai, L50, M|\n|poke|p1|Slaking, L50, F|\n|poke|p1|Barraskewda, L50, F|\n|poke|p1|Beartic, L50, M|\n|poke|p1|Rotom-Mow, L50|\n|poke|p1|Goodra, L50, F|\n|poke|p2|Weavile, L50, M|\n|poke|p2|Krookodile, L50, M|\n|poke|p2|Rotom-Mow, L50|\n|poke|p2|Goodra, L50, F|\n|poke|p2|Bisharp, L50, M|\n|poke|p2|Vaporeon, L50, M|\n|teampreview|4\nkmilly132 rejected open team sheets.\n|c|\u2606kmilly132|glhf\n|c|\u2606yaboyredmond|glhf\n|\n|t:|1683080672\n|start\n|switch|p1a: Barraskewda|Barraskewda, L50, F|100\/100\n|switch|p1b: Beartic|Beartic, L50, M|100\/100\n|switch|p2a: John Deere|Rotom-Mow, L50|100\/100\n|switch|p2b: Clyde|Krookodile, L50, M|100\/100\n|-ability|p2b: Clyde|Intimidate|boost\n|-unboost|p1a: Barraskewda|atk|1\n|-unboost|p1b: Beartic|atk|1\n|turn|1\n|\n|t:|1683080704\n|switch|p1a: Goodra|Goodra, L50, F|100\/100\n|switch|p1b: Rotom|Rotom-Mow, L50|100\/100\n|-terastallize|p2a: John Deere|Electric\n|move|p2b: Clyde|Protect|p2b: Clyde\n|-singleturn|p2b: Clyde|Protect\n|move|p2a: John Deere|Discharge|p1b: Rotom|[spread] p1a,p1b\n|-activate|p2b: Clyde|move: Protect\n|-resisted|p1a: Goodra\n|-resisted|p1b: Rotom\n|-damage|p1a: Goodra|88\/100\n|-damage|p1b: Rotom|88\/100\n|\n|upkeep\n|turn|2\n|\n|t:|1683080742\n|move|p2a: John Deere|Discharge|p1a: Goodra|[spread] p1a,p1b\n|-immune|p2b: Clyde\n|-resisted|p1a: Goodra\n|-resisted|p1b: Rotom\n|-damage|p1a: Goodra|77\/100\n|-damage|p1b: Rotom|74\/100\n|move|p2b: Clyde|Gunk Shot|p1b: Rotom\n|-supereffective|p1b: Rotom\n|-damage|p1b: Rotom|0 fnt\n|faint|p1b: Rotom\n|-damage|p2b: Clyde|90\/100|[from] item: Life Orb\n|move|p1a: Goodra|Muddy Water|p2b: Clyde|[spread] p2a,p2b\n|-supereffective|p2b: Clyde\n|-damage|p2a: John Deere|79\/100\n|-damage|p2b: Clyde|47\/100\n|-unboost|p2a: John Deere|accuracy|1\n|\n|upkeep\n|j| SATMaofever\n|\n|t:|1683080797\n|switch|p1b: Barraskewda|Barraskewda, L50, F|100\/100\n|turn|3\n|\n|t:|1683080825\n|move|p2b: Clyde|Protect|p2b: Clyde\n|-singleturn|p2b: Clyde|Protect\n|move|p1b: Barraskewda|Rain Dance|p1b: Barraskewda\n|-weather|RainDance\n|move|p2a: John Deere|Discharge|p1b: Barraskewda|[spread] p1a,p1b\n|-activate|p2b: Clyde|move: Protect\n|-resisted|p1a: Goodra\n|-supereffective|p1b: Barraskewda\n|-damage|p1a: Goodra|66\/100\n|-enditem|p1b: Barraskewda|Focus Sash\n|-damage|p1b: Barraskewda|1\/100\n|-status|p1a: Goodra|par\n|cant|p1a: Goodra|par\n|\n|-weather|RainDance|[upkeep]\n|upkeep\n|turn|4\n|\n|t:|1683080939\n|switch|p2a: Butters Creamy Goo|Goodra, L50, F|100\/100\n|-terastallize|p1b: Barraskewda|Water\n|move|p1b: Barraskewda|Liquidation|p2a: Butters Creamy Goo\n|-resisted|p2a: Butters Creamy Goo\n|-damage|p2a: Butters Creamy Goo|59\/100\n|move|p2b: Clyde|Crunch|p1b: Barraskewda\n|-damage|p1b: Barraskewda|0 fnt\n|faint|p1b: Barraskewda\n|-damage|p2b: Clyde|37\/100|[from] item: Life Orb\n|move|p1a: Goodra|Muddy Water|p2a: Butters Creamy Goo|[spread] p2a,p2b\n|-resisted|p2a: Butters Creamy Goo\n|-supereffective|p2b: Clyde\n|-damage|p2a: Butters Creamy Goo|53\/100\n|-damage|p2b: Clyde|0 fnt\n|faint|p2b: Clyde\n|\n|-weather|RainDance|[upkeep]\n|upkeep\n|\n|t:|1683080964\n|switch|p1b: Beartic|Beartic, L50, M|100\/100\n|switch|p2b: Gambit Jr.|Bisharp, L50, M|100\/100\n|turn|5\n|\n|t:|1683081029\n|move|p1b: Beartic|Icicle Crash|p2a: Butters Creamy Goo\n|-supereffective|p2a: Butters Creamy Goo\n|-damage|p2a: Butters Creamy Goo|0 fnt\n|faint|p2a: Butters Creamy Goo\n|move|p2b: Gambit Jr.|Iron Head|p1b: Beartic\n|-supereffective|p1b: Beartic\n|-damage|p1b: Beartic|6\/100\n|move|p1a: Goodra|Muddy Water|p2b: Gambit Jr.|[miss]\n|-miss|p1a: Goodra|p2b: Gambit Jr.\n|\n|-weather|RainDance|[upkeep]\n|upkeep\n|\n|t:|1683081038\n|switch|p2a: John Deere|Rotom-Mow, L50, tera:Electric|79\/100\n|turn|6\n|\n|t:|1683081054\n|move|p2b: Gambit Jr.|Sucker Punch|p1b: Beartic\n|-damage|p1b: Beartic|0 fnt\n|faint|p1b: Beartic\n|move|p2a: John Deere|Volt Switch|p1a: Goodra\n|-resisted|p1a: Goodra\n|-damage|p1a: Goodra|53\/100 par\n|move|p1a: Goodra|Muddy Water|p2b: Gambit Jr.|[spread] p2a,p2b\n|-damage|p2a: John Deere|50\/100\n|-damage|p2b: Gambit Jr.|74\/100\n|-unboost|p2a: John Deere|accuracy|1\n|\n|-weather|RainDance|[upkeep]\n|upkeep\n|turn|7\n|\n|t:|1683081075\n|move|p2a: John Deere|Volt Switch|p1a: Goodra\n|-resisted|p1a: Goodra\n|-damage|p1a: Goodra|39\/100 par\n|move|p2b: Gambit Jr.|Assurance|p1a: Goodra\n|-damage|p1a: Goodra|0 fnt\n|-ability|p1a: Goodra|Gooey\n|-unboost|p2b: Gambit Jr.|spe|1\n|-ability|p2b: Gambit Jr.|Defiant|boost\n|-boost|p2b: Gambit Jr.|atk|2\n|faint|p1a: Goodra\n|\n|win|kmilly132\n|c|\u2606kmilly132|gg\n","uploadtime":1683081087,"views":19,"p1id":"yaboyredmond","p2id":"kmilly132","formatid":"gen9vgc2023regulationc","rating":0,"private":0,"password":""}