{"id":"gen9vgc2023regulationc-1848866813","p1":"Citoraptor","p2":"shimowo","format":"[Gen 9] VGC 2023 Regulation C","log":"|j|\u2606Citoraptor\n|j|\u2606shimowo\n|t:|1682119416\n|gametype|doubles\n|player|p1|Citoraptor|2|1015\n|player|p2|shimowo|colress|1000\n|teamsize|p1|6\n|teamsize|p2|6\n|gen|9\n|tier|[Gen 9] VGC 2023 Regulation C\n|rated|\n|rule|Species Clause: Limit one of each Pok\u00e9mon\n|rule|Item Clause: Limit one of each item\n|clearpoke\n|poke|p1|Roaring Moon, L50|\n|poke|p1|Talonflame, L50, M|\n|poke|p1|Gholdengo, L50|\n|poke|p1|Chien-Pao, L50|\n|poke|p1|Palafin, L50, M|\n|poke|p1|Maushold, L50|\n|poke|p2|Medicham, L50, M|\n|poke|p2|Klefki, L50, F|\n|poke|p2|Amoonguss, L50, M|\n|poke|p2|Iron Moth, L50|\n|poke|p2|Basculin, L50, F|\n|poke|p2|Haxorus, L50, F|\n|teampreview|4\nshimowo rejected open team sheets.\n|\n|t:|1682119444\n|start\n|switch|p1a: Talonflame|Talonflame, L50, M|100\/100\n|switch|p1b: Palafin|Palafin, L50, M|100\/100\n|switch|p2a: Klefki|Klefki, L50, F, shiny|100\/100\n|switch|p2b: Amoonguss|Amoonguss, L50, M|100\/100\n|turn|1\n|inactive|Battle timer is ON: inactive players will automatically lose when time's up. (requested by Citoraptor)\n|\n|t:|1682119460\n|move|p1b: Palafin|Protect|p1b: Palafin\n|-singleturn|p1b: Palafin|Protect\n|move|p2a: Klefki|Reflect|p2a: Klefki\n|-sidestart|p2: shimowo|Reflect\n|move|p1a: Talonflame|Taunt|p2b: Amoonguss\n|-start|p2b: Amoonguss|move: Taunt\n|cant|p2b: Amoonguss|move: Taunt|Spore\n|\n|upkeep\n|turn|2\n|\n|t:|1682119472\n|detailschange|p1b: Palafin|Palafin-Hero, L50, M\n|switch|p1b: Roaring Moon|Roaring Moon, L50, shiny|100\/100\n|-enditem|p1b: Roaring Moon|Booster Energy\n|-activate|p1b: Roaring Moon|ability: Protosynthesis|[fromitem]\n|-start|p1b: Roaring Moon|protosynthesisatk\n|switch|p2a: Haxorus|Haxorus, L50, F|100\/100\n|-ability|p2a: Haxorus|Mold Breaker\n|switch|p2b: \ud83e\udde0|Medicham, L50, M|100\/100\n|move|p1a: Talonflame|Taunt|p2a: Haxorus\n|-start|p2a: Haxorus|move: Taunt\n|\n|upkeep\n|turn|3\n|inactive|Citoraptor has 30 seconds left.\n|inactive|shimowo has 30 seconds left.\n|\n|t:|1682119499\n|move|p1a: Talonflame|Tailwind|p1a: Talonflame\n|-sidestart|p1: Citoraptor|move: Tailwind\n|move|p1b: Roaring Moon|Acrobatics|p2b: \ud83e\udde0\n|-supereffective|p2b: \ud83e\udde0\n|-damage|p2b: \ud83e\udde0|11\/100\n|move|p2a: Haxorus|Earthquake|p1a: Talonflame|[spread] p2b,p1b\n|-immune|p1a: Talonflame\n|-crit|p1b: Roaring Moon\n|-damage|p2b: \ud83e\udde0|0 fnt\n|-damage|p1b: Roaring Moon|44\/100\n|faint|p2b: \ud83e\udde0\n|\n|upkeep\n|\n|t:|1682119509\n|switch|p2b: Klefki|Klefki, L50, F, shiny|100\/100\n|turn|4\n|\n|t:|1682119526\n|move|p2b: Klefki|Spikes|p1a: Talonflame\n|-sidestart|p1: Citoraptor|Spikes\n|move|p1a: Talonflame|Taunt|p2b: Klefki\n|-start|p2b: Klefki|move: Taunt\n|move|p1b: Roaring Moon|Dragon Claw|p2a: Haxorus\n|-supereffective|p2a: Haxorus\n|-damage|p2a: Haxorus|18\/100\n|move|p2a: Haxorus|Shadow Claw|p1b: Roaring Moon\n|-resisted|p1b: Roaring Moon\n|-damage|p1b: Roaring Moon|28\/100\n|\n|-end|p2a: Haxorus|move: Taunt\n|upkeep\n|turn|5\n|-message|shimowo forfeited.\n|\n|win|Citoraptor\n|raw|Citoraptor's rating: 1015 → 1051<\/strong> (+36 for winning)\n|raw|shimowo's rating: 1000 → 1000<\/strong> (+0 for losing)\n|l|\u2606shimowo\n","uploadtime":1682119544,"views":9,"p1id":"citoraptor","p2id":"shimowo","formatid":"gen9vgc2023regulationc","rating":1000,"private":0,"password":""}