{"id":"gen9vgc2023regulationc-1863763251","p1":"DonFuron","p2":"matthewssandslash","format":"[Gen 9] VGC 2023 Regulation C","log":"|j|\u2606DonFuron\n|j|\u2606matthewssandslash\n|t:|1684073548\n|gametype|doubles\n|player|p1|DonFuron|red|\n|player|p2|matthewssandslash|101|\n|teamsize|p1|6\n|teamsize|p2|6\n|gen|9\n|tier|[Gen 9] VGC 2023 Regulation C\n|rule|Species Clause: Limit one of each Pok\u00e9mon\n|rule|Item Clause: Limit one of each item\n|clearpoke\n|poke|p1|Bronzor, L50|\n|poke|p1|Marill, L50, M|\n|poke|p1|Houndstone, L50, F|\n|poke|p1|Vaporeon, L50, M|\n|poke|p1|Crabominable, L50, M|\n|poke|p1|Coalossal, L50, M|\n|poke|p2|Rabsca, L50, M|\n|poke|p2|Whiscash, L50, F|\n|poke|p2|Pincurchin, L50, F|\n|poke|p2|Hawlucha, L50, F|\n|poke|p2|Wigglytuff, L50, F|\n|poke|p2|Bombirdier, L50, M|\n|teampreview|4\nDonFuron rejected open team sheets.\n|c|\u2606DonFuron|game2\n|c|\u2606DonFuron|gl hf\n|c|\u2606matthewssandslash|glhf\n|\n|t:|1684074065\n|start\n|switch|p1a: Good times|Bronzor, L50|100\/100\n|switch|p1b: Cher|Houndstone, L50, F, shiny|100\/100\n|switch|p2a: I still had outs|Pincurchin, L50, F|100\/100\n|switch|p2b: T2 Persian uses|Hawlucha, L50, F|100\/100\n|-fieldstart|move: Electric Terrain|[from] ability: Electric Surge|[of] p2a: I still had outs\n|-enditem|p2b: T2 Persian uses|Electric Seed\n|-boost|p2b: T2 Persian uses|def|1|[from] item: Electric Seed\n|turn|1\n|\n|t:|1684074089\n|move|p2b: T2 Persian uses|Taunt|p1a: Good times\n|-start|p1a: Good times|move: Taunt\n|-enditem|p1a: Good times|Mental Herb\n|-end|p1a: Good times|move: Taunt\n|move|p1b: Cher|Will-O-Wisp|p2b: T2 Persian uses|[miss]\n|-miss|p1b: Cher|p2b: T2 Persian uses\n|move|p2a: I still had outs|Thunderbolt|p1b: Cher\n|-damage|p1b: Cher|60\/100\n|-status|p1b: Cher|par\n|move|p1a: Good times|Trick Room|p1a: Good times\n|-fieldstart|move: Trick Room|[of] p1a: Good times\n|\n|upkeep\n|turn|2\n|j| fizzywizzyglizzy\n|\n|t:|1684074117\n|switch|p1b: Sullivan|Crabominable, L50, M|100\/100\n|move|p2b: T2 Persian uses|Protect|p2b: T2 Persian uses\n|-singleturn|p2b: T2 Persian uses|Protect\n|move|p1a: Good times|Hypnosis|p2a: I still had outs|[miss]\n|-miss|p1a: Good times|p2a: I still had outs\n|move|p2a: I still had outs|Thunderbolt|p1a: Good times\n|-damage|p1a: Good times|58\/100\n|\n|upkeep\n|turn|3\n|\n|t:|1684074139\n|-terastallize|p2b: T2 Persian uses|Fighting\n|move|p1a: Good times|Hypnosis|p2a: I still had outs|[miss]\n|-miss|p1a: Good times|p2a: I still had outs\n|move|p2a: I still had outs|Thunderbolt|p1a: Good times\n|-damage|p1a: Good times|8\/100\n|move|p1b: Sullivan|Ice Hammer|p2b: T2 Persian uses\n|-damage|p2b: T2 Persian uses|34\/100\n|-unboost|p1b: Sullivan|spe|1\n|move|p2b: T2 Persian uses|Close Combat|p1b: Sullivan\n|-supereffective|p1b: Sullivan\n|-damage|p1b: Sullivan|0 fnt\n|-unboost|p2b: T2 Persian uses|def|1\n|-unboost|p2b: T2 Persian uses|spd|1\n|faint|p1b: Sullivan\n|\n|upkeep\n|c|\u2606matthewssandslash|...do I tell him?\n|\n|t:|1684074168\n|switch|p1b: Indigo Plateau|Vaporeon, L50, M|100\/100\n|turn|4\n|\n|t:|1684074232\n|-terastallize|p1b: Indigo Plateau|Ground\n|move|p2b: T2 Persian uses|Protect|p2b: T2 Persian uses\n|-singleturn|p2b: T2 Persian uses|Protect\n|move|p1a: Good times|Hypnosis|p2a: I still had outs\n|-activate|p2a: I still had outs|move: Electric Terrain\n|move|p2a: I still had outs|Thunderbolt|p1b: Indigo Plateau\n|-immune|p1b: Indigo Plateau\n|move|p1b: Indigo Plateau|Chilling Water|p2b: T2 Persian uses\n|-activate|p2b: T2 Persian uses|move: Protect\n|\n|upkeep\n|turn|5\n|c|\u2606matthewssandslash|yeah buddy\n|c|\u2606matthewssandslash|love you\n|c|\u2606matthewssandslash|but electric terrain blocks sleep\n|c|\u2606DonFuron|i know\n|c|\u2606matthewssandslash|oh\n|c|\u2606matthewssandslash|OH\n|\n|t:|1684074297\n|switch|p2b: If you'd protected|Rabsca, L50, M|100\/100\n|move|p1a: Good times|Hypnosis|p2b: If you'd protected\n|-activate|p2b: If you'd protected|move: Electric Terrain\n|move|p2a: I still had outs|Hydro Pump|p1b: Indigo Plateau\n|-immune|p1b: Indigo Plateau|[from] ability: Water Absorb\n|move|p1b: Indigo Plateau|Calm Mind|p1b: Indigo Plateau\n|-boost|p1b: Indigo Plateau|spa|1\n|-boost|p1b: Indigo Plateau|spd|1\n|\n|-fieldend|move: Trick Room\n|-fieldend|move: Electric Terrain\n|upkeep\n|turn|6\n|\n|t:|1684074325\n|switch|p1a: Cher|Houndstone, L50, F, shiny|60\/100 par\n|move|p1b: Indigo Plateau|Protect|p1b: Indigo Plateau\n|-singleturn|p1b: Indigo Plateau|Protect\n|move|p2b: If you'd protected|Psychic|p1b: Indigo Plateau\n|-activate|p1b: Indigo Plateau|move: Protect\n|move|p2a: I still had outs|Thunderbolt|p1a: Cher\n|-damage|p1a: Cher|29\/100 par\n|\n|upkeep\n|turn|7\n|j| Yeetawheat\n|\n|t:|1684074357\n|move|p1b: Indigo Plateau|Calm Mind|p1b: Indigo Plateau\n|-boost|p1b: Indigo Plateau|spa|1\n|-boost|p1b: Indigo Plateau|spd|1\n|move|p2b: If you'd protected|Psychic|p1b: Indigo Plateau\n|-damage|p1b: Indigo Plateau|84\/100\n|move|p1a: Cher|Snarl|p2b: If you'd protected|[spread] p2a,p2b\n|-supereffective|p2b: If you'd protected\n|-damage|p2a: I still had outs|93\/100\n|-damage|p2b: If you'd protected|89\/100\n|-unboost|p2a: I still had outs|spa|1\n|-unboost|p2b: If you'd protected|spa|1\n|move|p2a: I still had outs|Thunderbolt|p1a: Cher\n|-damage|p1a: Cher|7\/100 par\n|-enditem|p1a: Cher|Aguav Berry|[eat]\n|-heal|p1a: Cher|40\/100 par|[from] item: Aguav Berry\n|\n|upkeep\n|turn|8\n|c|\u2606matthewssandslash|oh no\n|\n|t:|1684074391\n|move|p2a: I still had outs|Sucker Punch|p1a: Cher\n|-supereffective|p1a: Cher\n|-damage|p1a: Cher|22\/100 par\n|move|p1b: Indigo Plateau|Chilling Water|p2a: I still had outs\n|-damage|p2a: I still had outs|43\/100\n|-unboost|p2a: I still had outs|atk|1\n|move|p2b: If you'd protected|Psychic|p1a: Cher\n|-damage|p1a: Cher|0 fnt\n|faint|p1a: Cher\n|\n|upkeep\n|\n|t:|1684074400\n|switch|p1a: Good times|Bronzor, L50|8\/100\n|turn|9\n|\n|t:|1684074409\n|move|p1a: Good times|Protect|p1a: Good times\n|-singleturn|p1a: Good times|Protect\n|move|p2a: I still had outs|Sucker Punch||[still]\n|-fail|p2a: I still had outs\n|move|p1b: Indigo Plateau|Calm Mind|p1b: Indigo Plateau\n|-boost|p1b: Indigo Plateau|spa|1\n|-boost|p1b: Indigo Plateau|spd|1\n|move|p2b: If you'd protected|Bug Buzz|p1a: Good times\n|-activate|p1a: Good times|move: Protect\n|\n|upkeep\n|turn|10\n|\n|t:|1684074441\n|move|p1a: Good times|Protect||[still]\n|-fail|p1a: Good times\n|move|p2a: I still had outs|Sucker Punch|p1b: Indigo Plateau\n|-damage|p1b: Indigo Plateau|74\/100\n|move|p1b: Indigo Plateau|Chilling Water|p2b: If you'd protected\n|-damage|p2b: If you'd protected|35\/100\n|-unboost|p2b: If you'd protected|atk|1\n|-enditem|p2b: If you'd protected|Sitrus Berry|[eat]\n|-heal|p2b: If you'd protected|60\/100|[from] item: Sitrus Berry\n|move|p2b: If you'd protected|Bug Buzz|p1a: Good times\n|-damage|p1a: Good times|0 fnt\n|faint|p1a: Good times\n|\n|upkeep\n|turn|11\n|\n|t:|1684074477\n|switch|p2a: T2 Persian uses|Hawlucha, L50, F, tera:Fighting|34\/100\n|move|p1b: Indigo Plateau|Wish|p1b: Indigo Plateau\n|move|p2b: If you'd protected|Bug Buzz|p1b: Indigo Plateau\n|-crit|p1b: Indigo Plateau\n|-damage|p1b: Indigo Plateau|28\/100\n|\n|upkeep\n|turn|12\n|l| fizzywizzyglizzy\n|\n|t:|1684074495\n|switch|p2b: With King's Rock|Bombirdier, L50, M|100\/100\n|move|p1b: Indigo Plateau|Protect|p1b: Indigo Plateau\n|-singleturn|p1b: Indigo Plateau|Protect\n|move|p2a: T2 Persian uses|Close Combat|p1b: Indigo Plateau\n|-activate|p1b: Indigo Plateau|move: Protect\n|\n|-heal|p1b: Indigo Plateau|78\/100|[from] move: Wish|[wisher] Indigo Plateau\n|upkeep\n|turn|13\n|\n|t:|1684074512\n|move|p2a: T2 Persian uses|Close Combat|p1b: Indigo Plateau\n|-damage|p1b: Indigo Plateau|14\/100\n|-unboost|p2a: T2 Persian uses|def|1\n|-unboost|p2a: T2 Persian uses|spd|1\n|-enditem|p1b: Indigo Plateau|Ganlon Berry|[eat]\n|-boost|p1b: Indigo Plateau|def|1|[from] item: Ganlon Berry\n|move|p2b: With King's Rock|Knock Off|p1b: Indigo Plateau\n|-damage|p1b: Indigo Plateau|0 fnt\n|faint|p1b: Indigo Plateau\n|-damage|p2b: With King's Rock|91\/100|[from] item: Life Orb\n|\n|win|matthewssandslash\n|j| fizzywizzyglizzy\n|c|\u2606matthewssandslash|gg!\n|c|\u2606DonFuron|gg\n|c|\u2606matthewssandslash|whoa\n|l| fizzywizzyglizzy\n|l| Yeetawheat\n|l|\u2606DonFuron\n","uploadtime":1684074527,"views":17,"p1id":"donfuron","p2id":"matthewssandslash","formatid":"gen9vgc2023regulationc","rating":0,"private":0,"password":""}