{"id":"gen9vgc2023regulationc-1845930187","p1":"Zacharius123","p2":"mrvsvgc","format":"[Gen 9] VGC 2023 Regulation C","log":"|j|\u2606Zacharius123\n|j|\u2606mrvsvgc\n|t:|1681780538\n|gametype|doubles\n|player|p1|Zacharius123|265|1071\n|player|p2|mrvsvgc|clair|1153\n|teamsize|p1|6\n|teamsize|p2|6\n|gen|9\n|tier|[Gen 9] VGC 2023 Regulation C\n|rated|\n|rule|Species Clause: Limit one of each Pok\u00e9mon\n|rule|Item Clause: Limit one of each item\n|clearpoke\n|poke|p1|Tyranitar, L50, F|\n|poke|p1|Houndstone, L50, F|\n|poke|p1|Amoonguss, L50, M|\n|poke|p1|Talonflame, L50, F|\n|poke|p1|Palafin, L50, F|\n|poke|p1|Flutter Mane, L50|\n|poke|p2|Palafin, L50, M|\n|poke|p2|Chien-Pao, L50|\n|poke|p2|Dragapult, L50, M|\n|poke|p2|Amoonguss, L50, F|\n|poke|p2|Arcanine, L50, F|\n|poke|p2|Flutter Mane, L50|\n|teampreview|4\n|inactive|Battle timer is ON: inactive players will automatically lose when time's up. (requested by Zacharius123)\nZacharius123 rejected open team sheets.\n|\n|t:|1681780573\n|start\n|switch|p1a: Houndstone|Houndstone, L50, F|100\/100\n|switch|p1b: Palafin|Palafin, L50, F|100\/100\n|switch|p2a: Dozo|Palafin, L50, M|100\/100\n|switch|p2b: ChiYu|Arcanine, L50, F|100\/100\n|-ability|p2b: ChiYu|Intimidate|boost\n|-unboost|p1a: Houndstone|atk|1\n|-unboost|p1b: Palafin|atk|1\n|turn|1\n|inactive|Zacharius123 has 30 seconds left.\n|\n|t:|1681780601\n|detailschange|p1b: Palafin|Palafin-Hero, L50, F\n|switch|p1b: Tyranitar|Tyranitar, L50, F|100\/100\n|-weather|Sandstorm|[from] ability: Sand Stream|[of] p1b: Tyranitar\n|detailschange|p2a: Dozo|Palafin-Hero, L50, M\n|switch|p2a: WoChien|Amoonguss, L50, F|100\/100\n|move|p1a: Houndstone|Will-O-Wisp|p2a: WoChien\n|-status|p2a: WoChien|brn\n|move|p2b: ChiYu|Will-O-Wisp|p1a: Houndstone\n|-status|p1a: Houndstone|brn\n|\n|-weather|Sandstorm|[upkeep]\n|-damage|p2a: WoChien|95\/100 brn|[from] Sandstorm\n|-damage|p1a: Houndstone|94\/100 brn|[from] brn\n|-damage|p2a: WoChien|89\/100 brn|[from] brn\n|upkeep\n|turn|2\n|inactive|Zacharius123 has 30 seconds left.\n|inactive|mrvsvgc has 30 seconds left.\n|\n|t:|1681780634\n|move|p2a: WoChien|Rage Powder|p2a: WoChien\n|-singleturn|p2a: WoChien|move: Rage Powder\n|move|p1a: Houndstone|Howl|p1a: Houndstone|[spread] p1a,p1b\n|-boost|p1a: Houndstone|atk|1\n|-boost|p1b: Tyranitar|atk|1\n|move|p2b: ChiYu|Will-O-Wisp|p1b: Tyranitar\n|-status|p1b: Tyranitar|brn\n|move|p1b: Tyranitar|Rock Slide|p2a: WoChien|[spread] p2a,p2b\n|-supereffective|p2b: ChiYu\n|-damage|p2a: WoChien|70\/100 brn\n|-damage|p2b: ChiYu|50\/100\n|\n|-weather|Sandstorm|[upkeep]\n|-damage|p2a: WoChien|64\/100 brn|[from] Sandstorm\n|-damage|p1a: Houndstone|88\/100 brn|[from] brn\n|-damage|p1b: Tyranitar|95\/100 brn|[from] brn\n|-damage|p2a: WoChien|58\/100 brn|[from] brn\n|upkeep\n|turn|3\n|inactive|mrvsvgc has 30 seconds left.\n|\n|t:|1681780664\n|switch|p2a: Dozo|Palafin-Hero, L50, M|100\/100\n|-activate|p2a: Dozo|ability: Zero to Hero\n|move|p2b: ChiYu|Protect|p2b: ChiYu\n|-singleturn|p2b: ChiYu|Protect\n|move|p1a: Houndstone|Howl|p1a: Houndstone|[spread] p1a,p1b\n|-boost|p1a: Houndstone|atk|1\n|-boost|p1b: Tyranitar|atk|1\n|move|p1b: Tyranitar|Rock Slide|p2a: Dozo|[spread] p2a\n|-activate|p2b: ChiYu|move: Protect\n|-damage|p2a: Dozo|73\/100\n|\n|-weather|Sandstorm|[upkeep]\n|-damage|p2a: Dozo|67\/100|[from] Sandstorm\n|-damage|p1a: Houndstone|82\/100 brn|[from] brn\n|-damage|p1b: Tyranitar|89\/100 brn|[from] brn\n|upkeep\n|turn|4\n|inactive|Zacharius123 has 30 seconds left.\n|inactive|Zacharius123 has 20 seconds left.\n|\n|t:|1681780703\n|switch|p2b: WoChien|Amoonguss, L50, F|91\/100 brn\n|-terastallize|p1b: Tyranitar|Flying\n|move|p1a: Houndstone|Scary Face|p2a: Dozo\n|-unboost|p2a: Dozo|spe|2\n|move|p1b: Tyranitar|Rock Slide|p2a: Dozo|[spread] p2a,p2b\n|-damage|p2a: Dozo|41\/100\n|-damage|p2b: WoChien|62\/100 brn\n|move|p2a: Dozo|Haze|p2a: Dozo\n|-clearallboost\n|\n|-weather|Sandstorm|[upkeep]\n|-damage|p2a: Dozo|35\/100|[from] Sandstorm\n|-damage|p1b: Tyranitar|83\/100 brn|[from] Sandstorm\n|-damage|p2b: WoChien|56\/100 brn|[from] Sandstorm\n|-damage|p1a: Houndstone|76\/100 brn|[from] brn\n|-damage|p1b: Tyranitar|77\/100 brn|[from] brn\n|-damage|p2b: WoChien|50\/100 brn|[from] brn\n|upkeep\n|-enditem|p2b: WoChien|Sitrus Berry|[eat]\n|-heal|p2b: WoChien|75\/100 brn|[from] item: Sitrus Berry\n|turn|5\n|\n|t:|1681780722\n|switch|p1b: Palafin|Palafin-Hero, L50, F|100\/100\n|-activate|p1b: Palafin|ability: Zero to Hero\n|switch|p2b: ChiYu|Arcanine, L50, F|50\/100\n|-ability|p2b: ChiYu|Intimidate|boost\n|-unboost|p1a: Houndstone|atk|1\n|-unboost|p1b: Palafin|atk|1\n|move|p2a: Dozo|Protect|p2a: Dozo\n|-singleturn|p2a: Dozo|Protect\n|move|p1a: Houndstone|Howl|p1a: Houndstone|[spread] p1a,p1b\n|-boost|p1a: Houndstone|atk|1\n|-boost|p1b: Palafin|atk|1\n|\n|-weather|none\n|-damage|p1a: Houndstone|70\/100 brn|[from] brn\n|upkeep\n|turn|6\n|\n|t:|1681780746\n|switch|p2b: WoChien|Amoonguss, L50, F|100\/100 brn\n|move|p1b: Palafin|Jet Punch|p2b: WoChien\n|-resisted|p2b: WoChien\n|-damage|p2b: WoChien|82\/100 brn\n|move|p1a: Houndstone|Howl|p1a: Houndstone|[spread] p1a,p1b\n|-boost|p1a: Houndstone|atk|1\n|-boost|p1b: Palafin|atk|1\n|move|p2a: Dozo|Wave Crash|p1a: Houndstone\n|-damage|p1a: Houndstone|0 fnt\n|faint|p1a: Houndstone\n|-damage|p2a: Dozo|17\/100|[from] Recoil\n|\n|-damage|p2b: WoChien|76\/100 brn|[from] brn\n|upkeep\n|\n|t:|1681780760\n|switch|p1a: Tyranitar|Tyranitar, L50, F, tera:Flying|77\/100 brn\n|-weather|Sandstorm|[from] ability: Sand Stream|[of] p1a: Tyranitar\n|turn|7\n|\n|t:|1681780776\n|switch|p2b: ChiYu|Arcanine, L50, F|50\/100\n|-ability|p2b: ChiYu|Intimidate|boost\n|-unboost|p1a: Tyranitar|atk|1\n|-unboost|p1b: Palafin|atk|1\n|move|p2a: Dozo|Protect|p2a: Dozo\n|-singleturn|p2a: Dozo|Protect\n|move|p1b: Palafin|Jet Punch|p2a: Dozo\n|-activate|p2a: Dozo|move: Protect\n|move|p1a: Tyranitar|Tera Blast|p2b: ChiYu\n|-damage|p2b: ChiYu|33\/100\n|\n|-weather|Sandstorm|[upkeep]\n|-damage|p2a: Dozo|11\/100|[from] Sandstorm\n|-damage|p1a: Tyranitar|71\/100 brn|[from] Sandstorm\n|-damage|p1a: Tyranitar|65\/100 brn|[from] brn\n|upkeep\n|turn|8\n|inactive|mrvsvgc has 30 seconds left.\n|\n|t:|1681780804\n|switch|p2a: WoChien|Amoonguss, L50, F|100\/100 brn\n|move|p2b: ChiYu|Extreme Speed|p1b: Palafin\n|-damage|p1b: Palafin|81\/100\n|move|p1b: Palafin|Jet Punch|p2a: WoChien\n|-resisted|p2a: WoChien\n|-damage|p2a: WoChien|83\/100 brn\n|move|p1a: Tyranitar|Rock Slide|p2a: WoChien|[spread] p2a,p2b\n|-supereffective|p2b: ChiYu\n|-damage|p2a: WoChien|75\/100 brn\n|-damage|p2b: ChiYu|8\/100\n|\n|-weather|Sandstorm|[upkeep]\n|-damage|p1a: Tyranitar|59\/100 brn|[from] Sandstorm\n|-damage|p2a: WoChien|69\/100 brn|[from] Sandstorm\n|-damage|p1a: Tyranitar|53\/100 brn|[from] brn\n|-damage|p2a: WoChien|63\/100 brn|[from] brn\n|upkeep\n|turn|9\n|inactive|mrvsvgc has 30 seconds left.\n|\n|t:|1681780830\n|move|p2b: ChiYu|Protect|p2b: ChiYu\n|-singleturn|p2b: ChiYu|Protect\n|move|p1b: Palafin|Protect|p1b: Palafin\n|-singleturn|p1b: Palafin|Protect\n|move|p1a: Tyranitar|Rock Slide|p2b: ChiYu|[spread] \n|-activate|p2b: ChiYu|move: Protect\n|-miss|p1a: Tyranitar|p2a: WoChien\n|move|p2a: WoChien|Pollen Puff|p1a: Tyranitar\n|-resisted|p1a: Tyranitar\n|-damage|p1a: Tyranitar|48\/100 brn\n|\n|-weather|Sandstorm|[upkeep]\n|-damage|p1a: Tyranitar|42\/100 brn|[from] Sandstorm\n|-damage|p2a: WoChien|57\/100 brn|[from] Sandstorm\n|-damage|p1a: Tyranitar|36\/100 brn|[from] brn\n|-damage|p2a: WoChien|51\/100 brn|[from] brn\n|upkeep\n|turn|10\n|\n|t:|1681780854\n|move|p2b: ChiYu|Extreme Speed|p1a: Tyranitar\n|-damage|p1a: Tyranitar|16\/100 brn\n|move|p1b: Palafin|Jet Punch|p2b: ChiYu\n|-supereffective|p2b: ChiYu\n|-damage|p2b: ChiYu|0 fnt\n|faint|p2b: ChiYu\n|move|p1a: Tyranitar|Tera Blast|p2a: WoChien\n|-supereffective|p2a: WoChien\n|-damage|p2a: WoChien|26\/100 brn\n|move|p2a: WoChien|Spore|p1b: Palafin\n|-activate|p1b: Palafin|item: Safety Goggles|Spore\n|\n|-weather|Sandstorm|[upkeep]\n|-damage|p1a: Tyranitar|10\/100 brn|[from] Sandstorm\n|-damage|p2a: WoChien|20\/100 brn|[from] Sandstorm\n|-damage|p1a: Tyranitar|4\/100 brn|[from] brn\n|-damage|p2a: WoChien|15\/100 brn|[from] brn\n|upkeep\n|\n|t:|1681780871\n|switch|p2b: Bundle|Chien-Pao, L50|100\/100\n|-ability|p2b: Bundle|Sword of Ruin\n|turn|11\n|inactive|Zacharius123 has 30 seconds left.\n|inactive|mrvsvgc has 30 seconds left.\n|\n|t:|1681780897\n|move|p2a: WoChien|Rage Powder|p2a: WoChien\n|-singleturn|p2a: WoChien|move: Rage Powder\n|move|p1b: Palafin|Jet Punch|p2a: WoChien\n|-resisted|p2a: WoChien\n|-damage|p2a: WoChien|0 fnt\n|faint|p2a: WoChien\n|move|p2b: Bundle|Sacred Sword|p1b: Palafin\n|-crit|p1b: Palafin\n|-damage|p1b: Palafin|27\/100\n|move|p1a: Tyranitar|Rock Slide|p2b: Bundle\n|-supereffective|p2b: Bundle\n|-damage|p2b: Bundle|63\/100\n|\n|-weather|none\n|-damage|p1a: Tyranitar|0 fnt|[from] brn\n|faint|p1a: Tyranitar\n|upkeep\n|\n|t:|1681780910\n|switch|p1a: Flutter Mane|Flutter Mane, L50|100\/100\n|switch|p2a: Dozo|Palafin-Hero, L50, M|11\/100\n|turn|12\n|\n|t:|1681780924\n|-terastallize|p2a: Dozo|Water\n|move|p2b: Bundle|Sucker Punch|p1b: Palafin\n|-damage|p1b: Palafin|0 fnt\n|faint|p1b: Palafin\n|move|p2a: Dozo|Jet Punch|p1a: Flutter Mane\n|-damage|p1a: Flutter Mane|0 fnt\n|faint|p1a: Flutter Mane\n|-end|p1a: Flutter Mane|Protosynthesis|[silent]\n|\n|win|mrvsvgc\n|raw|Zacharius123's rating: 1071 → 1055<\/strong> (-16 for losing)\n|raw|mrvsvgc's rating: 1153 → 1172<\/strong> (+19 for winning)\n","uploadtime":1681780933,"views":12,"p1id":"zacharius123","p2id":"mrvsvgc","formatid":"gen9vgc2023regulationc","rating":1055,"private":0,"password":""}