{"id":"gen9vgc2023regulationc-1850658370","p1":"LvatorySmkeDetectr","p2":"Idk544","format":"[Gen 9] VGC 2023 Regulation C","log":"|j|\u2606LvatorySmkeDetectr\n|j|\u2606Idk544\n|t:|1682356767\n|gametype|doubles\n|player|p1|LvatorySmkeDetectr|burglar|1289\n|player|p2|Idk544|silver|1356\n|teamsize|p1|6\n|teamsize|p2|6\n|gen|9\n|tier|[Gen 9] VGC 2023 Regulation C\n|rated|\n|rule|Species Clause: Limit one of each Pok\u00e9mon\n|rule|Item Clause: Limit one of each item\n|clearpoke\n|poke|p1|Flutter Mane, L50|\n|poke|p1|Chien-Pao, L50|\n|poke|p1|Torkoal, L50, M|\n|poke|p1|Slither Wing, L50|\n|poke|p1|Tsareena, L50, F|\n|poke|p1|Dragonite, L50, F|\n|poke|p2|Orthworm, L50, M|\n|poke|p2|Iron Hands, L50|\n|poke|p2|Flutter Mane, L50|\n|poke|p2|Gholdengo, L50|\n|poke|p2|Gyarados, L50, M|\n|poke|p2|Ting-Lu, L50|\n|teampreview|4\n|inactive|Battle timer is ON: inactive players will automatically lose when time's up. (requested by LvatorySmkeDetectr)\nIdk544 has agreed to open team sheets.\n|inactive|LvatorySmkeDetectr has 60 seconds left.\n|inactive|Idk544 has 60 seconds left.\n|inactive|Idk544 has 30 seconds left.\nLvatorySmkeDetectr has agreed to open team sheets.\n|inactive|Idk544 has 20 seconds left.\n|inactive|Idk544 has 15 seconds left.\n|inactive|Idk544 has 10 seconds left.\n|\n|t:|1682356849\n|start\n|switch|p1a: Slither Wing|Slither Wing, L50|100\/100\n|switch|p1b: Torkoal|Torkoal, L50, M|100\/100\n|switch|p2a: Orthworm|Orthworm, L50, M|100\/100\n|switch|p2b: Ting-Lu|Ting-Lu, L50|100\/100\n|-ability|p2b: Ting-Lu|Vessel of Ruin\n|-weather|SunnyDay|[from] ability: Drought|[of] p1b: Torkoal\n|-activate|p1a: Slither Wing|ability: Protosynthesis\n|-start|p1a: Slither Wing|protosynthesisatk\n|turn|1\n|inactive|Idk544 has 30 seconds left.\n|\n|t:|1682356883\n|switch|p2a: Gyarados|Gyarados, L50, M|100\/100\n|-ability|p2a: Gyarados|Intimidate|boost\n|-fail|p1a: Slither Wing|unboost|[from] item: Clear Amulet|[of] p1a: Slither Wing\n|-unboost|p1b: Torkoal|atk|1\n|-enditem|p1b: Torkoal|Eject Pack\n|\n|t:|1682356892\n|switch|p1b: Tsareena|Tsareena, L50, F|100\/100\n|move|p1a: Slither Wing|Close Combat|p2b: Ting-Lu\n|-supereffective|p2b: Ting-Lu\n|-damage|p2b: Ting-Lu|6\/100\n|-unboost|p1a: Slither Wing|def|1\n|-unboost|p1a: Slither Wing|spd|1\n|-enditem|p2b: Ting-Lu|Aguav Berry|[eat]\n|-heal|p2b: Ting-Lu|39\/100|[from] item: Aguav Berry\n|move|p2b: Ting-Lu|Bulldoze|p1b: Tsareena|[spread] p1a,p1b\n|-immune|p2a: Gyarados\n|-resisted|p1a: Slither Wing\n|-resisted|p1b: Tsareena\n|-damage|p1a: Slither Wing|82\/100\n|-damage|p1b: Tsareena|90\/100\n|-unboost|p1b: Tsareena|spe|1\n|\n|-weather|SunnyDay|[upkeep]\n|upkeep\n|turn|2\n|inactive|LvatorySmkeDetectr has 30 seconds left.\n|inactive|Idk544 has 30 seconds left.\n|inactive|LvatorySmkeDetectr has 20 seconds left.\n|inactive|Idk544 has 20 seconds left.\n|inactive|Idk544 has 15 seconds left.\n|\n|t:|1682356937\n|move|p2b: Ting-Lu|Protect|p2b: Ting-Lu\n|-singleturn|p2b: Ting-Lu|Protect\n|move|p1b: Tsareena|Power Whip|p2a: Gyarados\n|-damage|p2a: Gyarados|26\/100\n|move|p1a: Slither Wing|Flare Blitz|p2a: Gyarados\n|-resisted|p2a: Gyarados\n|-damage|p2a: Gyarados|0 fnt\n|faint|p2a: Gyarados\n|-damage|p1a: Slither Wing|74\/100|[from] Recoil\n|\n|-weather|SunnyDay|[upkeep]\n|upkeep\n|\n|t:|1682356955\n|switch|p2a: Flutter Mane|Flutter Mane, L50|100\/100\n|-activate|p2a: Flutter Mane|ability: Protosynthesis\n|-start|p2a: Flutter Mane|protosynthesisspa\n|turn|3\n|\n|t:|1682356962\n|switch|p2b: Orthworm|Orthworm, L50, M|100\/100\n|-terastallize|p2a: Flutter Mane|Fairy\n|move|p1a: Slither Wing|Protect|p1a: Slither Wing\n|-singleturn|p1a: Slither Wing|Protect\n|move|p2a: Flutter Mane|Dazzling Gleam|p1a: Slither Wing|[spread] p1b\n|-activate|p1a: Slither Wing|move: Protect\n|-damage|p1b: Tsareena|19\/100\n|move|p1b: Tsareena|Power Whip|p2b: Orthworm\n|-resisted|p2b: Orthworm\n|-damage|p2b: Orthworm|77\/100\n|\n|-weather|SunnyDay|[upkeep]\n|upkeep\n|turn|4\n|\n|t:|1682356986\n|switch|p1b: Torkoal|Torkoal, L50, M|100\/100\n|-terastallize|p1a: Slither Wing|Fire\n|move|p2b: Orthworm|Helping Hand|p2a: Flutter Mane\n|-singleturn|p2a: Flutter Mane|Helping Hand|[of] p2b: Orthworm\n|move|p2a: Flutter Mane|Dazzling Gleam|p1a: Slither Wing|[spread] p1a,p1b\n|-resisted|p1a: Slither Wing\n|-resisted|p1b: Torkoal\n|-damage|p1a: Slither Wing|4\/100\n|-damage|p1b: Torkoal|34\/100\n|move|p1a: Slither Wing|Flare Blitz|p2a: Flutter Mane\n|-enditem|p2a: Flutter Mane|Focus Sash\n|-damage|p2a: Flutter Mane|1\/100\n|-damage|p1a: Slither Wing|0 fnt|[from] Recoil\n|faint|p1a: Slither Wing\n|-end|p1a: Slither Wing|Protosynthesis|[silent]\n|\n|-weather|SunnyDay|[upkeep]\n|upkeep\n|\n|t:|1682357005\n|switch|p1a: Dragonite|Dragonite, L50, F|100\/100\n|turn|5\n|\n|t:|1682357014\n|-end|p2a: Flutter Mane|Protosynthesis|[silent]\n|switch|p2a: Ting-Lu|Ting-Lu, L50|39\/100\n|-ability|p2a: Ting-Lu|Vessel of Ruin\n|move|p1a: Dragonite|Extreme Speed|p2a: Ting-Lu\n|-damage|p2a: Ting-Lu|14\/100\n|move|p2b: Orthworm|Shed Tail|p2b: Orthworm\n|-start|p2b: Orthworm|Substitute|[from] move: Shed Tail\n|-damage|p2b: Orthworm|27\/100\n|-enditem|p2b: Orthworm|Sitrus Berry|[eat]\n|-heal|p2b: Orthworm|52\/100|[from] item: Sitrus Berry\n|\n|t:|1682357026\n|switch|p2b: Flutter Mane|Flutter Mane, L50, tera:Fairy|1\/100|[from] Shed Tail\n|-activate|p2b: Flutter Mane|ability: Protosynthesis\n|-start|p2b: Flutter Mane|protosynthesisspa\n|move|p1b: Torkoal|Heat Wave|p2b: Flutter Mane|[spread] p2a,p2b\n|-end|p2b: Flutter Mane|Substitute\n|-damage|p2a: Ting-Lu|0 fnt\n|faint|p2a: Ting-Lu\n|\n|-weather|none\n|-end|p2b: Flutter Mane|Protosynthesis\n|upkeep\n|\n|t:|1682357039\n|switch|p2a: Orthworm|Orthworm, L50, M|52\/100\n|turn|6\n|\n|t:|1682357052\n|move|p2b: Flutter Mane|Protect|p2b: Flutter Mane\n|-singleturn|p2b: Flutter Mane|Protect\n|move|p1a: Dragonite|Extreme Speed|p2b: Flutter Mane\n|-activate|p2b: Flutter Mane|move: Protect\n|move|p2a: Orthworm|Heavy Slam|p1a: Dragonite\n|-damage|p1a: Dragonite|95\/100\n|move|p1b: Torkoal|Overheat|p2a: Orthworm\n|-supereffective|p2a: Orthworm\n|-damage|p2a: Orthworm|0 fnt\n|-unboost|p1b: Torkoal|spa|2\n|faint|p2a: Orthworm\n|\n|upkeep\n|turn|7\n|-message|Idk544 forfeited.\n|\n|win|LvatorySmkeDetectr\n|raw|LvatorySmkeDetectr's rating: 1268 → 1299<\/strong> (+31 for winning)\n|raw|Idk544's rating: 1356 → 1331<\/strong> (-25 for losing)\n","uploadtime":1682357073,"views":14,"p1id":"lvatorysmkedetectr","p2id":"idk544","formatid":"gen9vgc2023regulationc","rating":1299,"private":0,"password":""}