{"id":"gen9vgc2023regulationc-1847969404","p1":"coachbryan1.0","p2":"Pikachudo2","format":"[Gen 9] VGC 2023 Regulation C","log":"|j|\u2606coachbryan1.0\n|j|\u2606Pikachudo2\n|t:|1682016771\n|gametype|doubles\n|player|p1|coachbryan1.0|2|1207\n|player|p2|Pikachudo2|101|1240\n|teamsize|p1|6\n|teamsize|p2|6\n|gen|9\n|tier|[Gen 9] VGC 2023 Regulation C\n|rated|\n|rule|Species Clause: Limit one of each Pok\u00e9mon\n|rule|Item Clause: Limit one of each item\n|clearpoke\n|poke|p1|Tyranitar, L50, M|\n|poke|p1|Flutter Mane, L50|\n|poke|p1|Talonflame, L50, M|\n|poke|p1|Farigiraf, L50, M|\n|poke|p1|Chien-Pao, L50|\n|poke|p1|Garchomp, L50, M|\n|poke|p2|Chi-Yu, L50|\n|poke|p2|Flutter Mane, L50|\n|poke|p2|Glimmora, L50, M|\n|poke|p2|Wo-Chien, L50|\n|poke|p2|Indeedee-F, L50, F|\n|poke|p2|Iron Hands, L50|\n|teampreview|4\ncoachbryan1.0 has agreed to open team sheets.\n|c|\u2606coachbryan1.0|gl;hf\n|inactive|Battle timer is ON: inactive players will automatically lose when time's up. (requested by coachbryan1.0)\n|inactive|coachbryan1.0 has 60 seconds left.\n|\n|t:|1682016829\n|start\n|switch|p1a: Worldwide|Talonflame, L50, M|100\/100\n|switch|p1b: LoveMeLoveMe|Garchomp, L50, M|100\/100\n|switch|p2a: Glimmora|Glimmora, L50, M|100\/100\n|switch|p2b: Wo-Chien|Wo-Chien, L50|100\/100\n|-ability|p2b: Wo-Chien|Tablets of Ruin\n|turn|1\n|inactive|coachbryan1.0 has 30 seconds left.\n|\n|t:|1682016864\n|switch|p1a: Cover Girl|Flutter Mane, L50|100\/100\n|-enditem|p1a: Cover Girl|Booster Energy\n|-activate|p1a: Cover Girl|ability: Protosynthesis|[fromitem]\n|-start|p1a: Cover Girl|protosynthesisspa\n|-terastallize|p2a: Glimmora|Grass\n|move|p1b: LoveMeLoveMe|Protect|p1b: LoveMeLoveMe\n|-singleturn|p1b: LoveMeLoveMe|Protect\n|move|p2a: Glimmora|Mortal Spin|p1a: Cover Girl|[spread] p1a\n|-activate|p1b: LoveMeLoveMe|move: Protect\n|-damage|p1a: Cover Girl|96\/100\n|-status|p1a: Cover Girl|psn\n|move|p2b: Wo-Chien|Leech Seed|p1b: LoveMeLoveMe\n|-activate|p1b: LoveMeLoveMe|move: Protect\n|\n|-damage|p1a: Cover Girl|84\/100 psn|[from] psn\n|upkeep\n|turn|2\n|inactive|coachbryan1.0 has 30 seconds left.\n|inactive|coachbryan1.0 has 20 seconds left.\n|\n|t:|1682016899\n|switch|p1b: Honey|Farigiraf, L50, M|100\/100\n|move|p1a: Cover Girl|Shadow Ball|p2a: Glimmora\n|-damage|p2a: Glimmora|50\/100\n|-enditem|p2a: Glimmora|Sitrus Berry|[eat]\n|-heal|p2a: Glimmora|75\/100|[from] item: Sitrus Berry\n|move|p2a: Glimmora|Sludge Bomb|p1a: Cover Girl\n|-damage|p1a: Cover Girl|51\/100 psn\n|move|p2b: Wo-Chien|Leech Seed|p1b: Honey|[miss]\n|-miss|p2b: Wo-Chien|p1b: Honey\n|\n|-damage|p1a: Cover Girl|39\/100 psn|[from] psn\n|upkeep\n|turn|3\n|\n|t:|1682016923\n|-terastallize|p1b: Honey|Fire\n|move|p2a: Glimmora|Spiky Shield|p2a: Glimmora\n|-singleturn|p2a: Glimmora|move: Protect\n|move|p1a: Cover Girl|Dazzling Gleam|p2a: Glimmora|[spread] p2b\n|-activate|p2a: Glimmora|move: Protect\n|-supereffective|p2b: Wo-Chien\n|-damage|p2b: Wo-Chien|49\/100\n|move|p2b: Wo-Chien|Leech Seed|p1b: Honey|[miss]\n|-miss|p2b: Wo-Chien|p1b: Honey\n|move|p1b: Honey|Tera Blast|p2b: Wo-Chien\n|-supereffective|p2b: Wo-Chien\n|-damage|p2b: Wo-Chien|0 fnt\n|faint|p2b: Wo-Chien\n|\n|-damage|p1a: Cover Girl|26\/100 psn|[from] psn\n|upkeep\n|\n|t:|1682016937\n|switch|p2b: Indeedee|Indeedee-F, L50, F|100\/100\n|-fieldstart|move: Psychic Terrain|[from] ability: Psychic Surge|[of] p2b: Indeedee\n|-enditem|p2b: Indeedee|Psychic Seed\n|-boost|p2b: Indeedee|spd|1|[from] item: Psychic Seed\n|turn|4\n|inactive|coachbryan1.0 has 30 seconds left.\n|\n|t:|1682016970\n|move|p2b: Indeedee|Follow Me|p2b: Indeedee\n|-singleturn|p2b: Indeedee|move: Follow Me\n|move|p1a: Cover Girl|Dazzling Gleam|p2b: Indeedee|[spread] p2a,p2b\n|-damage|p2a: Glimmora|37\/100\n|-damage|p2b: Indeedee|82\/100\n|move|p2a: Glimmora|Earth Power|p1b: Honey\n|-supereffective|p1b: Honey\n|-damage|p1b: Honey|49\/100\n|move|p1b: Honey|Tera Blast|p2b: Indeedee\n|-damage|p2b: Indeedee|64\/100\n|\n|-damage|p1a: Cover Girl|14\/100 psn|[from] psn\n|upkeep\n|turn|5\n|\n|t:|1682016988\n|switch|p1b: Worldwide|Talonflame, L50, M|100\/100\n|move|p2a: Glimmora|Spiky Shield|p2a: Glimmora\n|-singleturn|p2a: Glimmora|move: Protect\n|move|p2b: Indeedee|Protect|p2b: Indeedee\n|-singleturn|p2b: Indeedee|Protect\n|move|p1a: Cover Girl|Dazzling Gleam|p2b: Indeedee|[spread] \n|-activate|p2a: Glimmora|move: Protect\n|-activate|p2b: Indeedee|move: Protect\n|\n|-damage|p1a: Cover Girl|1\/100 psn|[from] psn\n|upkeep\n|turn|6\n|\n|t:|1682017004\n|move|p2b: Indeedee|Follow Me|p2b: Indeedee\n|-singleturn|p2b: Indeedee|move: Follow Me\n|move|p1b: Worldwide|Taunt|p2b: Indeedee\n|-start|p2b: Indeedee|move: Taunt\n|move|p1a: Cover Girl|Dazzling Gleam|p2b: Indeedee|[spread] p2a,p2b\n|-damage|p2a: Glimmora|2\/100\n|-damage|p2b: Indeedee|45\/100\n|move|p2a: Glimmora|Mortal Spin|p1a: Cover Girl|[spread] p1a,p1b\n|-damage|p1a: Cover Girl|0 fnt\n|-damage|p1b: Worldwide|95\/100\n|-status|p1b: Worldwide|psn\n|faint|p1a: Cover Girl\n|-end|p1a: Cover Girl|Protosynthesis|[silent]\n|\n|-damage|p1b: Worldwide|83\/100 psn|[from] psn\n|upkeep\n|\n|t:|1682017020\n|switch|p1a: Honey|Farigiraf, L50, M, tera:Fire|49\/100\n|turn|7\n|\n|t:|1682017027\n|move|p1b: Worldwide|Tailwind|p1b: Worldwide\n|-sidestart|p1: coachbryan1.0|move: Tailwind\n|move|p1a: Honey|Tera Blast|p2a: Glimmora\n|-supereffective|p2a: Glimmora\n|-damage|p2a: Glimmora|0 fnt\n|faint|p2a: Glimmora\n|move|p2b: Indeedee|Hyper Voice|p1b: Worldwide|[spread] p1a,p1b\n|-damage|p1a: Honey|27\/100\n|-damage|p1b: Worldwide|51\/100 psn\n|\n|-damage|p1b: Worldwide|39\/100 psn|[from] psn\n|upkeep\n|\n|t:|1682017032\n|switch|p2a: Flutter Mane|Flutter Mane, L50|100\/100\n|-enditem|p2a: Flutter Mane|Booster Energy\n|-activate|p2a: Flutter Mane|ability: Protosynthesis|[fromitem]\n|-start|p2a: Flutter Mane|protosynthesisspe\n|turn|8\n|inactive|coachbryan1.0 has 30 seconds left.\n|\n|t:|1682017064\n|move|p2a: Flutter Mane|Protect|p2a: Flutter Mane\n|-singleturn|p2a: Flutter Mane|Protect\n|move|p1a: Honey|Protect|p1a: Honey\n|-singleturn|p1a: Honey|Protect\n|move|p1b: Worldwide|Brave Bird|p2b: Indeedee\n|-damage|p2b: Indeedee|0 fnt\n|faint|p2b: Indeedee\n|-damage|p1b: Worldwide|25\/100 psn|[from] Recoil\n|\n|-damage|p1b: Worldwide|12\/100 psn|[from] psn\n|-fieldend|move: Psychic Terrain\n|upkeep\n|turn|9\n|\n|t:|1682017078\n|move|p1b: Worldwide|Brave Bird|p2a: Flutter Mane\n|-damage|p2a: Flutter Mane|27\/100\n|-damage|p1b: Worldwide|0 fnt|[from] Recoil\n|faint|p1b: Worldwide\n|move|p2a: Flutter Mane|Substitute|p2a: Flutter Mane\n|-start|p2a: Flutter Mane|Substitute\n|-damage|p2a: Flutter Mane|2\/100\n|move|p1a: Honey|Psyshock|p2a: Flutter Mane\n|-crit|p2a: Flutter Mane\n|-end|p2a: Flutter Mane|Substitute\n|\n|upkeep\n|\n|t:|1682017087\n|switch|p1b: LoveMeLoveMe|Garchomp, L50, M|100\/100\n|turn|10\n|\n|t:|1682017096\n|move|p2a: Flutter Mane|Protect|p2a: Flutter Mane\n|-singleturn|p2a: Flutter Mane|Protect\n|move|p1b: LoveMeLoveMe|Iron Head|p2a: Flutter Mane\n|-activate|p2a: Flutter Mane|move: Protect\n|move|p1a: Honey|Psyshock|p2a: Flutter Mane\n|-activate|p2a: Flutter Mane|move: Protect\n|\n|-sideend|p1: coachbryan1.0|move: Tailwind\n|upkeep\n|turn|11\n|\n|t:|1682017110\n|move|p2a: Flutter Mane|Dazzling Gleam|p1b: LoveMeLoveMe|[spread] p1a,p1b\n|-resisted|p1a: Honey\n|-supereffective|p1b: LoveMeLoveMe\n|-damage|p1a: Honey|10\/100\n|-damage|p1b: LoveMeLoveMe|34\/100\n|-enditem|p1a: Honey|Aguav Berry|[eat]\n|-heal|p1a: Honey|43\/100|[from] item: Aguav Berry\n|move|p1b: LoveMeLoveMe|Iron Head|p2a: Flutter Mane\n|-supereffective|p2a: Flutter Mane\n|-damage|p2a: Flutter Mane|0 fnt\n|faint|p2a: Flutter Mane\n|-end|p2a: Flutter Mane|Protosynthesis|[silent]\n|\n|win|coachbryan1.0\n|raw|coachbryan1.0's rating: 1207 → 1234<\/strong> (+27 for winning)\n|raw|Pikachudo2's rating: 1240 → 1213<\/strong> (-27 for losing)\n|l|\u2606Pikachudo2\n|c|\u2606coachbryan1.0|ggs\n","uploadtime":1682017256,"views":13,"p1id":"coachbryan10","p2id":"pikachudo2","formatid":"gen9vgc2023regulationc","rating":1213,"private":0,"password":""}