{"id":"gen9vgc2023regulationc-1845946659","p1":"kenkazoUnimarc","p2":"Hiemer14","format":"[Gen 9] VGC 2023 Regulation C","log":"|j|\u2606kenkazoUnimarc\n|j|\u2606Hiemer14\n|t:|1681782479\n|gametype|doubles\n|player|p1|kenkazoUnimarc|1|1403\n|player|p2|Hiemer14|170|1400\n|teamsize|p1|6\n|teamsize|p2|6\n|gen|9\n|tier|[Gen 9] VGC 2023 Regulation C\n|rated|\n|rule|Species Clause: Limit one of each Pok\u00e9mon\n|rule|Item Clause: Limit one of each item\n|clearpoke\n|poke|p1|Kingambit, L50, F|\n|poke|p1|Rotom-Wash, L50|\n|poke|p1|Chi-Yu, L50|\n|poke|p1|Flutter Mane, L50|\n|poke|p1|Pachirisu, L50, F|\n|poke|p1|Garchomp, L50, F|\n|poke|p2|Murkrow, L50, F|\n|poke|p2|Flutter Mane, L50|\n|poke|p2|Chi-Yu, L50|\n|poke|p2|Great Tusk, L50|\n|poke|p2|Tyranitar, L50, F|\n|poke|p2|Iron Bundle, L50|\n|teampreview|4\n|inactive|Battle timer is ON: inactive players will automatically lose when time's up. (requested by kenkazoUnimarc)\n|\n|t:|1681782533\n|start\n|switch|p1a: ioechu|Rotom-Wash, L50|100\/100\n|switch|p1b: Pachirisu|Pachirisu, L50, F|100\/100\n|switch|p2a: Murkrow|Murkrow, L50, F|100\/100\n|switch|p2b: Great Tusk|Great Tusk, L50|100\/100\n|turn|1\n|inactive|kenkazoUnimarc has 30 seconds left.\n|\n|t:|1681782561\n|move|p1b: Pachirisu|Protect|p1b: Pachirisu\n|-singleturn|p1b: Pachirisu|Protect\n|move|p2a: Murkrow|Taunt|p1b: Pachirisu\n|-activate|p1b: Pachirisu|move: Protect\n|move|p2b: Great Tusk|Close Combat|p1a: ioechu\n|-damage|p1a: ioechu|29\/100\n|-unboost|p2b: Great Tusk|def|1\n|-unboost|p2b: Great Tusk|spd|1\n|-damage|p2b: Great Tusk|90\/100|[from] item: Life Orb\n|move|p1a: ioechu|Hydro Pump|p2b: Great Tusk\n|-supereffective|p2b: Great Tusk\n|-damage|p2b: Great Tusk|0 fnt\n|faint|p2b: Great Tusk\n|-end|p2b: Great Tusk|Protosynthesis|[silent]\n|\n|upkeep\n|\n|t:|1681782575\n|switch|p2b: Flutter Mane|Flutter Mane, L50|100\/100\n|-enditem|p2b: Flutter Mane|Booster Energy\n|-activate|p2b: Flutter Mane|ability: Protosynthesis|[fromitem]\n|-start|p2b: Flutter Mane|protosynthesisspa\n|turn|2\n|\n|t:|1681782589\n|move|p2a: Murkrow|Tailwind|p2a: Murkrow\n|-sidestart|p2: Hiemer14|move: Tailwind\n|move|p2b: Flutter Mane|Dazzling Gleam|p1a: ioechu|[spread] p1a,p1b\n|-crit|p1b: Pachirisu\n|-damage|p1a: ioechu|0 fnt\n|-damage|p1b: Pachirisu|39\/100\n|-enditem|p1b: Pachirisu|Sitrus Berry|[eat]\n|-heal|p1b: Pachirisu|64\/100|[from] item: Sitrus Berry\n|faint|p1a: ioechu\n|move|p1b: Pachirisu|Nuzzle|p2b: Flutter Mane\n|-damage|p2b: Flutter Mane|96\/100\n|-status|p2b: Flutter Mane|par\n|\n|upkeep\n|\n|t:|1681782603\n|switch|p1a: Kingambit|Kingambit, L50, F|100\/100\n|turn|3\n|inactive|kenkazoUnimarc has 30 seconds left.\n|inactive|Hiemer14 has 30 seconds left.\n|\n|t:|1681782635\n|move|p2b: Flutter Mane|Protect|p2b: Flutter Mane\n|-singleturn|p2b: Flutter Mane|Protect\n|move|p2a: Murkrow|Foul Play|p1a: Kingambit\n|-resisted|p1a: Kingambit\n|-damage|p1a: Kingambit|79\/100\n|move|p1b: Pachirisu|Nuzzle|p2a: Murkrow\n|-supereffective|p2a: Murkrow\n|-damage|p2a: Murkrow|90\/100\n|-status|p2a: Murkrow|par\n|move|p1a: Kingambit|Iron Head|p2b: Flutter Mane\n|-activate|p2b: Flutter Mane|move: Protect\n|\n|upkeep\n|turn|4\n|\n|t:|1681782660\n|-terastallize|p2b: Flutter Mane|Water\n|move|p1b: Pachirisu|Follow Me|p1b: Pachirisu\n|-singleturn|p1b: Pachirisu|move: Follow Me\n|move|p2b: Flutter Mane|Dazzling Gleam|p1b: Pachirisu|[spread] p1a,p1b\n|-damage|p1a: Kingambit|54\/100\n|-damage|p1b: Pachirisu|29\/100\n|move|p2a: Murkrow|Foul Play|p1b: Pachirisu\n|-damage|p1b: Pachirisu|8\/100\n|move|p1a: Kingambit|Iron Head|p2b: Flutter Mane\n|-resisted|p2b: Flutter Mane\n|-damage|p2b: Flutter Mane|57\/100 par\n|\n|upkeep\n|turn|5\n|\n|t:|1681782680\n|move|p1a: Kingambit|Sucker Punch|p2b: Flutter Mane\n|-damage|p2b: Flutter Mane|0 fnt\n|faint|p2b: Flutter Mane\n|-end|p2b: Flutter Mane|Protosynthesis|[silent]\n|move|p1b: Pachirisu|Super Fang|p2a: Murkrow\n|-damage|p2a: Murkrow|45\/100 par\n|move|p2a: Murkrow|Foul Play|p1a: Kingambit\n|-resisted|p1a: Kingambit\n|-damage|p1a: Kingambit|32\/100\n|\n|-sideend|p2: Hiemer14|move: Tailwind\n|upkeep\n|\n|t:|1681782689\n|switch|p2b: Iron Bundle|Iron Bundle, L50|100\/100\n|turn|6\n|\n|t:|1681782700\n|move|p2b: Iron Bundle|Protect|p2b: Iron Bundle\n|-singleturn|p2b: Iron Bundle|Protect\n|move|p1b: Pachirisu|Protect|p1b: Pachirisu\n|-singleturn|p1b: Pachirisu|Protect\n|move|p1a: Kingambit|Sucker Punch||[still]\n|-fail|p1a: Kingambit\n|move|p2a: Murkrow|Foul Play|p1b: Pachirisu\n|-activate|p1b: Pachirisu|move: Protect\n|\n|upkeep\n|turn|7\n|\n|t:|1681782727\n|move|p2b: Iron Bundle|Protect||[still]\n|-fail|p2b: Iron Bundle\n|move|p1a: Kingambit|Sucker Punch||[still]\n|-fail|p1a: Kingambit\n|move|p1b: Pachirisu|Nuzzle|p2b: Iron Bundle\n|-supereffective|p2b: Iron Bundle\n|-damage|p2b: Iron Bundle|90\/100\n|-status|p2b: Iron Bundle|par\n|move|p2a: Murkrow|Foul Play|p1b: Pachirisu\n|-damage|p1b: Pachirisu|0 fnt\n|faint|p1b: Pachirisu\n|\n|upkeep\n|\n|t:|1681782741\n|switch|p1b: Flutter Mane|Flutter Mane, L50|100\/100\n|turn|8\n|\n|t:|1681782749\n|-terastallize|p1b: Flutter Mane|Fairy\n|move|p1a: Kingambit|Sucker Punch|p2b: Iron Bundle\n|-damage|p2b: Iron Bundle|36\/100 par\n|cant|p2a: Murkrow|par\n|move|p1b: Flutter Mane|Dazzling Gleam|p2a: Murkrow|[spread] p2a,p2b\n|-supereffective|p2a: Murkrow\n|-damage|p2a: Murkrow|0 fnt\n|-damage|p2b: Iron Bundle|0 fnt\n|faint|p2a: Murkrow\n|faint|p2b: Iron Bundle\n|-end|p2b: Iron Bundle|Quark Drive|[silent]\n|\n|win|kenkazoUnimarc\n|raw|kenkazoUnimarc's rating: 1403 → 1423<\/strong> (+20 for winning)\n|raw|Hiemer14's rating: 1400 → 1380<\/strong> (-20 for losing)\n|l|\u2606Hiemer14\n","uploadtime":1681782771,"views":10,"p1id":"kenkazounimarc","p2id":"hiemer14","formatid":"gen9vgc2023regulationc","rating":1380,"private":0,"password":""}