{"id":"gen9vgc2023regulationc-1857906965","p1":"Hecma","p2":"citrussnapple","format":"[Gen 9] VGC 2023 Regulation C","log":"|j|\u2606Hecma\n|j|\u2606citrussnapple\n|t:|1683245762\n|gametype|doubles\n|player|p1|Hecma|169|1101\n|player|p2|citrussnapple|liza|1161\n|teamsize|p1|6\n|teamsize|p2|6\n|gen|9\n|tier|[Gen 9] VGC 2023 Regulation C\n|rated|\n|rule|Species Clause: Limit one of each Pok\u00e9mon\n|rule|Item Clause: Limit one of each item\n|clearpoke\n|poke|p1|Flutter Mane, L50|\n|poke|p1|Chi-Yu, L50|\n|poke|p1|Roaring Moon, L50|\n|poke|p1|Jumpluff, L50, M|\n|poke|p1|Wo-Chien, L50|\n|poke|p1|Torkoal, L50, M|\n|poke|p2|Abomasnow, L50, F|\n|poke|p2|Iron Bundle, L50|\n|poke|p2|Orthworm, L50, F|\n|poke|p2|Gothitelle, L50, M|\n|poke|p2|Flutter Mane, L50|\n|poke|p2|Torkoal, L50, F|\n|teampreview|4\n|inactive|Battle timer is ON: inactive players will automatically lose when time's up. (requested by Hecma)\n|inactive|Hecma has 60 seconds left.\n|inactive|citrussnapple has 60 seconds left.\n|\n|t:|1683245814\n|start\n|switch|p1a: Roaring Moon|Roaring Moon, L50|100\/100\n|switch|p1b: Jumpluff|Jumpluff, L50, M, shiny|100\/100\n|switch|p2a: Iron Bundle|Iron Bundle, L50|100\/100\n|switch|p2b: Gothitelle|Gothitelle, L50, M, shiny|100\/100\n|turn|1\n|inactive|citrussnapple has 30 seconds left.\n|\n|t:|1683245839\n|-terastallize|p2a: Iron Bundle|Ice\n|move|p1b: Jumpluff|Protect|p1b: Jumpluff\n|-singleturn|p1b: Jumpluff|Protect\n|move|p1a: Roaring Moon|Protect|p1a: Roaring Moon\n|-singleturn|p1a: Roaring Moon|Protect\n|move|p2b: Gothitelle|Fake Out|p1b: Jumpluff\n|-activate|p1b: Jumpluff|move: Protect\n|move|p2a: Iron Bundle|Blizzard|p1a: Roaring Moon|[spread] \n|-activate|p1a: Roaring Moon|move: Protect\n|-activate|p1b: Jumpluff|move: Protect\n|\n|upkeep\n|turn|2\n|\n|t:|1683245854\n|move|p2b: Gothitelle|Protect|p2b: Gothitelle\n|-singleturn|p2b: Gothitelle|Protect\n|move|p2a: Iron Bundle|Blizzard|p1b: Jumpluff|[spread] p1a,p1b\n|-supereffective|p1a: Roaring Moon\n|-supereffective|p1b: Jumpluff\n|-damage|p1a: Roaring Moon|0 fnt\n|-enditem|p1b: Jumpluff|Focus Sash\n|-damage|p1b: Jumpluff|1\/100\n|faint|p1a: Roaring Moon\n|-end|p1a: Roaring Moon|Protosynthesis|[silent]\n|move|p1b: Jumpluff|Sleep Powder|p2a: Iron Bundle\n|-status|p2a: Iron Bundle|slp|[from] move: Sleep Powder\n|\n|upkeep\n|\n|t:|1683245868\n|switch|p1a: Flutter Mane|Flutter Mane, L50, shiny|100\/100\n|turn|3\n|inactive|citrussnapple has 30 seconds left.\n|inactive|citrussnapple has 20 seconds left.\n|\n|t:|1683245904\n|cant|p2a: Iron Bundle|slp\n|move|p1b: Jumpluff|Absorb|p2a: Iron Bundle\n|-damage|p2a: Iron Bundle|89\/100 slp\n|-heal|p1b: Jumpluff|5\/100|[from] drain|[of] p2a: Iron Bundle\n|move|p2b: Gothitelle|Skill Swap||[still]\n|-fail|p2b: Gothitelle\n|move|p1a: Flutter Mane|Substitute|p1a: Flutter Mane\n|-start|p1a: Flutter Mane|Substitute\n|-damage|p1a: Flutter Mane|76\/100\n|\n|upkeep\n|turn|4\n|inactive|citrussnapple has 30 seconds left.\n|\n|t:|1683245929\n|move|p1b: Jumpluff|Protect|p1b: Jumpluff\n|-singleturn|p1b: Jumpluff|Protect\n|move|p2b: Gothitelle|Protect|p2b: Gothitelle\n|-singleturn|p2b: Gothitelle|Protect\n|-curestatus|p2a: Iron Bundle|slp|[msg]\n|move|p2a: Iron Bundle|Blizzard|p1b: Jumpluff|[spread] \n|-activate|p1b: Jumpluff|move: Protect\n|-miss|p2a: Iron Bundle|p1a: Flutter Mane\n|move|p1a: Flutter Mane|Trick Room|p1a: Flutter Mane\n|-fieldstart|move: Trick Room|[of] p1a: Flutter Mane\n|\n|upkeep\n|turn|5\n|inactive|citrussnapple has 30 seconds left.\n|inactive|citrussnapple has 20 seconds left.\n|inactive|citrussnapple has 15 seconds left.\n|\n|t:|1683245970\n|-end|p2a: Iron Bundle|Quark Drive|[silent]\n|switch|p2a: Torkoal|Torkoal, L50, F|100\/100\n|-weather|SunnyDay|[from] ability: Drought|[of] p2a: Torkoal\n|-activate|p1a: Flutter Mane|ability: Protosynthesis\n|-start|p1a: Flutter Mane|protosynthesisspa\n|move|p1a: Flutter Mane|Shadow Ball|p2b: Gothitelle\n|-supereffective|p2b: Gothitelle\n|-damage|p2b: Gothitelle|26\/100\n|-enditem|p2b: Gothitelle|Sitrus Berry|[eat]\n|-heal|p2b: Gothitelle|51\/100|[from] item: Sitrus Berry\n|move|p1b: Jumpluff|Sleep Powder|p2a: Torkoal|[miss]\n|-miss|p1b: Jumpluff|p2a: Torkoal\n|move|p2b: Gothitelle|Trick Room|p2b: Gothitelle\n|-fieldend|move: Trick Room\n|\n|-weather|SunnyDay|[upkeep]\n|upkeep\n|turn|6\n|inactive|citrussnapple has 30 seconds left.\n|inactive|citrussnapple has 20 seconds left.\n|inactive|citrussnapple has 15 seconds left.\n|\n|t:|1683246011\n|switch|p2a: Iron Bundle|Iron Bundle, L50, tera:Ice|89\/100\n|move|p2b: Gothitelle|Protect|p2b: Gothitelle\n|-singleturn|p2b: Gothitelle|Protect\n|move|p1b: Jumpluff|Sleep Powder|p2a: Iron Bundle\n|-status|p2a: Iron Bundle|slp|[from] move: Sleep Powder\n|move|p1a: Flutter Mane|Shadow Ball|p2b: Gothitelle\n|-activate|p2b: Gothitelle|move: Protect\n|\n|-weather|SunnyDay|[upkeep]\n|upkeep\n|turn|7\n|inactive|citrussnapple has 30 seconds left.\n|\n|t:|1683246037\n|-end|p2a: Iron Bundle|Quark Drive|[silent]\n|switch|p2a: Torkoal|Torkoal, L50, F|100\/100\n|move|p1b: Jumpluff|Sleep Powder|p2b: Gothitelle|[miss]\n|-miss|p1b: Jumpluff|p2b: Gothitelle\n|move|p1a: Flutter Mane|Shadow Ball|p2b: Gothitelle\n|-supereffective|p2b: Gothitelle\n|-damage|p2b: Gothitelle|0 fnt\n|faint|p2b: Gothitelle\n|\n|-weather|SunnyDay|[upkeep]\n|upkeep\n|\n|t:|1683246049\n|switch|p2b: Flutter Mane|Flutter Mane, L50|100\/100\n|-activate|p2b: Flutter Mane|ability: Protosynthesis\n|-start|p2b: Flutter Mane|protosynthesisspd\n|turn|8\n|\n|t:|1683246069\n|move|p2b: Flutter Mane|Protect|p2b: Flutter Mane\n|-singleturn|p2b: Flutter Mane|Protect\n|move|p1b: Jumpluff|Rage Powder|p1b: Jumpluff\n|-singleturn|p1b: Jumpluff|move: Rage Powder\n|move|p2a: Torkoal|Eruption|p1a: Flutter Mane|[spread] p1a,p1b\n|-end|p1a: Flutter Mane|Substitute\n|-supereffective|p1b: Jumpluff\n|-crit|p1b: Jumpluff\n|-damage|p1b: Jumpluff|0 fnt\n|faint|p1b: Jumpluff\n|move|p1a: Flutter Mane|Trick Room|p1a: Flutter Mane\n|-fieldstart|move: Trick Room|[of] p1a: Flutter Mane\n|\n|-weather|SunnyDay|[upkeep]\n|upkeep\n|\n|t:|1683246075\n|switch|p1b: Torkoal|Torkoal, L50, M, shiny|100\/100\n|turn|9\n|\n|t:|1683246094\n|-terastallize|p1b: Torkoal|Fire\n|move|p1b: Torkoal|Eruption|p2b: Flutter Mane|[spread] p2a,p2b\n|-resisted|p2a: Torkoal\n|-damage|p2a: Torkoal|0 fnt\n|-damage|p2b: Flutter Mane|11\/100\n|faint|p2a: Torkoal\n|move|p1a: Flutter Mane|Shadow Ball|p2b: Flutter Mane\n|-supereffective|p2b: Flutter Mane\n|-damage|p2b: Flutter Mane|0 fnt\n|faint|p2b: Flutter Mane\n|-end|p2b: Flutter Mane|Protosynthesis|[silent]\n|\n|-weather|none\n|-end|p1a: Flutter Mane|Protosynthesis\n|upkeep\n|c|\u2606Hecma|ggs\n|inactive|citrussnapple has 30 seconds left.\n|\n|t:|1683246126\n|switch|p2b: Iron Bundle|Iron Bundle, L50, tera:Ice|89\/100 slp\n|turn|10\n|c|\u2606citrussnapple|gg how slow is your flutter?\n|\n|t:|1683246138\n|cant|p2b: Iron Bundle|slp\n|move|p1b: Torkoal|Eruption|p2b: Iron Bundle\n|-supereffective|p2b: Iron Bundle\n|-damage|p2b: Iron Bundle|0 fnt\n|faint|p2b: Iron Bundle\n|-end|p2b: Iron Bundle|Quark Drive|[silent]\n|\n|win|Hecma\n|raw|Hecma's rating: 1101 → 1130<\/strong> (+29 for winning)\n|raw|citrussnapple's rating: 1161 → 1132<\/strong> (-29 for losing)\n|c|\u2606Hecma|63\n|c|\u2606citrussnapple|cool tech!\n|c|\u2606citrussnapple|wp\n|c|\u2606Hecma|ggs :D\n|l|\u2606citrussnapple\n","uploadtime":1683246234,"views":9,"p1id":"hecma","p2id":"citrussnapple","formatid":"gen9vgc2023regulationc","rating":1130,"private":0,"password":""}