{"id":"gen9vgc2023regulationc-1852784173","p1":"icedragonkid105","p2":"LittleSun69","format":"[Gen 9] VGC 2023 Regulation C","log":"|j|\u2606icedragonkid105\n|j|\u2606LittleSun69\n|t:|1682606021\n|gametype|doubles\n|player|p1|icedragonkid105|265|1180\n|player|p2|LittleSun69|170|1070\n|teamsize|p1|6\n|teamsize|p2|6\n|gen|9\n|tier|[Gen 9] VGC 2023 Regulation C\n|rated|\n|rule|Species Clause: Limit one of each Pok\u00e9mon\n|rule|Item Clause: Limit one of each item\n|clearpoke\n|poke|p1|Baxcalibur, L50, M|\n|poke|p1|Flutter Mane, L50|\n|poke|p1|Chi-Yu, L50|\n|poke|p1|Iron Hands, L50|\n|poke|p1|Iron Bundle, L50|\n|poke|p1|Arcanine, L50, M|\n|poke|p2|Annihilape, L50, F|\n|poke|p2|Iron Hands, L50|\n|poke|p2|Amoonguss, L50, F|\n|poke|p2|Dragonite, L50, F|\n|poke|p2|Garganacl, L50, M|\n|poke|p2|Baxcalibur, L50, M|\n|teampreview|4\n|\n|t:|1682606049\n|start\n|switch|p1a: Glacius|Baxcalibur, L50, M|100\/100\n|switch|p1b: K-9|Arcanine, L50, M|100\/100\n|switch|p2a: Annihilape|Annihilape, L50, F, shiny|100\/100\n|switch|p2b: Garganacl|Garganacl, L50, M|100\/100\n|-ability|p1b: K-9|Intimidate|boost\n|-unboost|p2a: Annihilape|atk|1\n|-ability|p2a: Annihilape|Defiant|boost\n|-boost|p2a: Annihilape|atk|2\n|-unboost|p2b: Garganacl|atk|1\n|turn|1\n|\n|t:|1682606076\n|-terastallize|p1a: Glacius|Poison\n|move|p2a: Annihilape|Close Combat|p1b: K-9\n|-damage|p1b: K-9|8\/100\n|-unboost|p2a: Annihilape|def|1\n|-unboost|p2a: Annihilape|spd|1\n|move|p1b: K-9|Howl|p1b: K-9|[spread] p1a,p1b\n|-boost|p1a: Glacius|atk|1\n|-boost|p1b: K-9|atk|1\n|move|p1a: Glacius|Glaive Rush|p2a: Annihilape\n|-damage|p2a: Annihilape|0 fnt\n|-singlemove|p1a: Glacius|Glaive Rush|[silent]\n|faint|p2a: Annihilape\n|move|p2b: Garganacl|Iron Defense|p2b: Garganacl\n|-boost|p2b: Garganacl|def|2\n|\n|upkeep\n|\n|t:|1682606097\n|switch|p2a: Iron Hands|Iron Hands, L50|100\/100\n|turn|2\n|\n|t:|1682606125\n|switch|p1b: Dom|Iron Hands, L50|100\/100\n|move|p2a: Iron Hands|Fake Out|p1b: Dom\n|-damage|p1b: Dom|92\/100\n|move|p1a: Glacius|Icicle Crash|p2b: Garganacl\n|-damage|p2b: Garganacl|72\/100\n|cant|p2b: Garganacl|flinch\n|\n|-heal|p2b: Garganacl|78\/100|[from] item: Leftovers\n|upkeep\n|turn|3\n|\n|t:|1682606158\n|move|p1b: Dom|Fake Out|p2b: Garganacl\n|-resisted|p2b: Garganacl\n|-damage|p2b: Garganacl|75\/100\n|move|p1a: Glacius|Icicle Crash|p2b: Garganacl\n|-damage|p2b: Garganacl|46\/100\n|move|p2a: Iron Hands|Thunder Punch|p1a: Glacius\n|-damage|p1a: Glacius|68\/100\n|cant|p2b: Garganacl|flinch\n|\n|-heal|p2b: Garganacl|52\/100|[from] item: Leftovers\n|upkeep\n|turn|4\n|\n|t:|1682606184\n|move|p1a: Glacius|Icicle Crash|p2b: Garganacl\n|-damage|p2b: Garganacl|26\/100\n|move|p2a: Iron Hands|Heavy Slam|p1a: Glacius\n|-damage|p1a: Glacius|56\/100\n|move|p1b: Dom|Drain Punch|p2b: Garganacl\n|-supereffective|p2b: Garganacl\n|-crit|p2b: Garganacl\n|-damage|p2b: Garganacl|0 fnt\n|-heal|p1b: Dom|100\/100|[from] drain|[of] p2b: Garganacl\n|faint|p2b: Garganacl\n|\n|upkeep\n|\n|t:|1682606196\n|switch|p2b: Dragonite|Dragonite, L50, F|100\/100\n|turn|5\n|inactive|Battle timer is ON: inactive players will automatically lose when time's up. (requested by icedragonkid105)\n|\n|t:|1682606219\n|-terastallize|p2b: Dragonite|Normal\n|move|p1a: Glacius|Protect|p1a: Glacius\n|-singleturn|p1a: Glacius|Protect\n|move|p2a: Iron Hands|Thunder Punch|p1a: Glacius\n|-activate|p1a: Glacius|move: Protect\n|move|p2b: Dragonite|Tera Blast|p1b: Dom\n|-damage|p1b: Dom|53\/100\n|move|p1b: Dom|Volt Switch|p2b: Dragonite\n|-damage|p2b: Dragonite|94\/100\n|\n|t:|1682606232\n|-end|p1b: Dom|Quark Drive|[silent]\n|switch|p1b: K-9|Arcanine, L50, M|8\/100|[from] Volt Switch\n|-ability|p1b: K-9|Intimidate|boost\n|-unboost|p2a: Iron Hands|atk|1\n|-unboost|p2b: Dragonite|atk|1\n|\n|upkeep\n|turn|6\n|\n|t:|1682606250\n|switch|p1b: Dom|Iron Hands, L50|53\/100\n|move|p1a: Glacius|Ice Shard|p2b: Dragonite\n|-damage|p2b: Dragonite|58\/100\n|move|p2a: Iron Hands|Thunder Punch|p1a: Glacius\n|-damage|p1a: Glacius|33\/100\n|move|p2b: Dragonite|Tera Blast|p1b: Dom\n|-damage|p1b: Dom|21\/100\n|\n|upkeep\n|turn|7\n|\n|t:|1682606274\n|move|p2a: Iron Hands|Fake Out||[still]\n|-hint|Fake Out only works on your first turn out.\n|-fail|p2a: Iron Hands\n|move|p1b: Dom|Fake Out|p2a: Iron Hands\n|-damage|p2a: Iron Hands|89\/100\n|move|p1a: Glacius|Glaive Rush|p2b: Dragonite\n|-damage|p2b: Dragonite|0 fnt\n|-singlemove|p1a: Glacius|Glaive Rush|[silent]\n|faint|p2b: Dragonite\n|\n|upkeep\n|turn|8\n|\n|t:|1682606291\n|move|p1a: Glacius|Glaive Rush|p2a: Iron Hands\n|-damage|p2a: Iron Hands|24\/100\n|-singlemove|p1a: Glacius|Glaive Rush|[silent]\n|move|p2a: Iron Hands|Drain Punch|p1b: Dom\n|-damage|p1b: Dom|4\/100\n|-heal|p2a: Iron Hands|33\/100|[from] drain|[of] p1b: Dom\n|move|p1b: Dom|Drain Punch|p2a: Iron Hands\n|-damage|p2a: Iron Hands|0 fnt\n|-heal|p1b: Dom|20\/100|[from] drain|[of] p2a: Iron Hands\n|faint|p2a: Iron Hands\n|-end|p2a: Iron Hands|Quark Drive|[silent]\n|\n|win|icedragonkid105\n|raw|icedragonkid105's rating: 1180 → 1197<\/strong> (+17 for winning)\n|raw|LittleSun69's rating: 1070 → 1056<\/strong> (-14 for losing)\n|l|\u2606LittleSun69\n","uploadtime":1682606305,"views":15,"p1id":"icedragonkid105","p2id":"littlesun69","formatid":"gen9vgc2023regulationc","rating":1056,"private":0,"password":""}