{"id":"gen9vgc2023regulationc-1852338029","p1":"jejejeejjene","p2":"SorcererBadgerTG","format":"[Gen 9] VGC 2023 Regulation C","log":"|j|\u2606jejejeejjene\n|j|\u2606SorcererBadgerTG\n|t:|1682545582\n|gametype|doubles\n|player|p1|jejejeejjene|169|1000\n|player|p2|SorcererBadgerTG|169|1091\n|teamsize|p1|6\n|teamsize|p2|6\n|gen|9\n|tier|[Gen 9] VGC 2023 Regulation C\n|rated|\n|rule|Species Clause: Limit one of each Pok\u00e9mon\n|rule|Item Clause: Limit one of each item\n|clearpoke\n|poke|p1|Chi-Yu, L50|\n|poke|p1|Dachsbun, L50, M|\n|poke|p1|Dragonite, L50, F|\n|poke|p1|Flutter Mane, L50|\n|poke|p1|Azumarill, L50, F|\n|poke|p1|Chien-Pao, L50|\n|poke|p2|Kingambit, L50, F|\n|poke|p2|Slither Wing, L50|\n|poke|p2|Amoonguss, L50, F|\n|poke|p2|Palafin, L50, M|\n|poke|p2|Gholdengo, L50|\n|poke|p2|Murkrow, L50, M|\n|teampreview|4\n|inactive|Battle timer is ON: inactive players will automatically lose when time's up. (requested by SorcererBadgerTG)\nSorcererBadgerTG has agreed to open team sheets.\n|inactive|SorcererBadgerTG has 60 seconds left.\n|inactive|SorcererBadgerTG has 30 seconds left.\n|\n|t:|1682545646\n|start\n|switch|p1a: Chi-Yu|Chi-Yu, L50|100\/100\n|switch|p1b: Dachsbun|Dachsbun, L50, M|100\/100\n|switch|p2a: Slither Wing|Slither Wing, L50|100\/100\n|switch|p2b: Palafin|Palafin, L50, M|100\/100\n|-ability|p1a: Chi-Yu|Beads of Ruin\n|turn|1\n|\n|t:|1682545668\n|detailschange|p2b: Palafin|Palafin-Hero, L50, M\n|switch|p2b: Murkrow|Murkrow, L50, M|100\/100\n|-terastallize|p1a: Chi-Yu|Ghost\n|-terastallize|p2a: Slither Wing|Fairy\n|move|p1a: Chi-Yu|Lava Plume|p2a: Slither Wing|[spread] p2a,p2b\n|-ability|p1b: Dachsbun|Well-Baked Body|boost\n|-boost|p1b: Dachsbun|def|2\n|-damage|p2a: Slither Wing|61\/100\n|-damage|p2b: Murkrow|61\/100\n|-status|p2a: Slither Wing|brn\n|-status|p2b: Murkrow|brn\n|move|p2a: Slither Wing|Close Combat|p1a: Chi-Yu\n|-immune|p1a: Chi-Yu\n|move|p1b: Dachsbun|Body Press|p2b: Murkrow\n|-damage|p2b: Murkrow|12\/100 brn\n|\n|-damage|p2a: Slither Wing|55\/100 brn|[from] brn\n|-damage|p2b: Murkrow|6\/100 brn|[from] brn\n|upkeep\n|turn|2\n|inactive|SorcererBadgerTG has 30 seconds left.\n|inactive|SorcererBadgerTG has 20 seconds left.\n|inactive|SorcererBadgerTG has 15 seconds left.\n|\n|t:|1682545713\n|move|p2b: Murkrow|Haze|p2b: Murkrow\n|-clearallboost\n|move|p1a: Chi-Yu|Lava Plume|p2b: Murkrow|[spread] p2a,p2b\n|-ability|p1b: Dachsbun|Well-Baked Body|boost\n|-boost|p1b: Dachsbun|def|2\n|-damage|p2a: Slither Wing|9\/100 brn\n|-damage|p2b: Murkrow|0 fnt\n|faint|p2b: Murkrow\n|move|p2a: Slither Wing|Earthquake|p1b: Dachsbun|[spread] p1a,p1b\n|-damage|p1a: Chi-Yu|73\/100\n|-damage|p1b: Dachsbun|91\/100\n|-damage|p2a: Slither Wing|0 fnt|[from] item: Life Orb\n|faint|p2a: Slither Wing\n|-end|p2a: Slither Wing|Protosynthesis|[silent]\n|move|p1b: Dachsbun|Body Press|p2: Slither Wing|[notarget]\n|-fail|p1b: Dachsbun\n|\n|-heal|p1b: Dachsbun|97\/100|[from] item: Leftovers\n|upkeep\n|\n|t:|1682545725\n|switch|p2a: Palafin|Palafin-Hero, L50, M|100\/100\n|switch|p2b: Kingambit|Kingambit, L50, F|100\/100\n|-activate|p2a: Palafin|ability: Zero to Hero\n|turn|3\n|\n|t:|1682545748\n|switch|p1a: Azumarill|Azumarill, L50, F|100\/100\n|move|p2b: Kingambit|Protect|p2b: Kingambit\n|-singleturn|p2b: Kingambit|Protect\n|move|p2a: Palafin|Jet Punch|p1a: Azumarill\n|-resisted|p1a: Azumarill\n|-damage|p1a: Azumarill|80\/100\n|move|p1b: Dachsbun|Body Press|p2b: Kingambit\n|-activate|p2b: Kingambit|move: Protect\n|\n|-heal|p1b: Dachsbun|100\/100|[from] item: Leftovers\n|upkeep\n|turn|4\n|\n|t:|1682545772\n|move|p2b: Kingambit|Sucker Punch|p1b: Dachsbun\n|-resisted|p1b: Dachsbun\n|-damage|p1b: Dachsbun|91\/100\n|move|p2a: Palafin|Wave Crash|p1b: Dachsbun\n|-damage|p1b: Dachsbun|54\/100\n|-damage|p2a: Palafin|91\/100|[from] Recoil\n|move|p1b: Dachsbun|Body Press|p2b: Kingambit\n|-supereffective|p2b: Kingambit\n|-damage|p2b: Kingambit|0 fnt\n|faint|p2b: Kingambit\n|move|p1a: Azumarill|Play Rough|p2a: Palafin\n|-damage|p2a: Palafin|42\/100\n|\n|-heal|p1b: Dachsbun|60\/100|[from] item: Leftovers\n|upkeep\n|turn|5\n|\n|t:|1682545786\n|move|p2a: Palafin|Protect|p2a: Palafin\n|-singleturn|p2a: Palafin|Protect\n|move|p1b: Dachsbun|Body Press|p2a: Palafin\n|-activate|p2a: Palafin|move: Protect\n|move|p1a: Azumarill|Play Rough|p2a: Palafin\n|-activate|p2a: Palafin|move: Protect\n|\n|-heal|p1b: Dachsbun|66\/100|[from] item: Leftovers\n|upkeep\n|turn|6\n|\n|t:|1682545798\n|move|p2a: Palafin|Wave Crash|p1a: Azumarill\n|-resisted|p1a: Azumarill\n|-damage|p1a: Azumarill|42\/100\n|-damage|p2a: Palafin|29\/100|[from] Recoil\n|move|p1b: Dachsbun|Body Press|p2a: Palafin\n|-damage|p2a: Palafin|0 fnt\n|faint|p2a: Palafin\n|\n|win|jejejeejjene\n|raw|jejejeejjene's rating: 1000 → 1050<\/strong> (+50 for winning)\n|raw|SorcererBadgerTG's rating: 1091 → 1061<\/strong> (-30 for losing)\n|l|\u2606jejejeejjene\n","uploadtime":1682545802,"views":9,"p1id":"jejejeejjene","p2id":"sorcererbadgertg","formatid":"gen9vgc2023regulationc","rating":1050,"private":0,"password":""}