{"id":"gen9vgc2023regulationc-1856555283","p1":"Leontrophic","p2":"Messidopokemon","format":"[Gen 9] VGC 2023 Regulation C","log":"|j|\u2606Leontrophic\n|j|\u2606Messidopokemon\n|t:|1683075223\n|gametype|doubles\n|player|p1|Leontrophic|red|1326\n|player|p2|Messidopokemon|170|1350\n|teamsize|p1|6\n|teamsize|p2|6\n|gen|9\n|tier|[Gen 9] VGC 2023 Regulation C\n|rated|\n|rule|Species Clause: Limit one of each Pok\u00e9mon\n|rule|Item Clause: Limit one of each item\n|clearpoke\n|poke|p1|Flutter Mane, L50|\n|poke|p1|Chi-Yu, L50|\n|poke|p1|Dragonite, L50, M|\n|poke|p1|Annihilape, L50, M|\n|poke|p1|Ting-Lu, L50|\n|poke|p1|Abomasnow, L50, M|\n|poke|p2|Palafin, L50, F|\n|poke|p2|Dragapult, L50, M|\n|poke|p2|Amoonguss, L50, M|\n|poke|p2|Arcanine, L50, F|\n|poke|p2|Chien-Pao, L50|\n|poke|p2|Flutter Mane, L50|\n|teampreview|4\nMessidopokemon has agreed to open team sheets.\n|inactive|Battle timer is ON: inactive players will automatically lose when time's up. (requested by Messidopokemon)\n|\n|t:|1683075293\n|start\n|switch|p1a: Kai|Ting-Lu, L50|100\/100\n|switch|p1b: Klaus|Abomasnow, L50, M, shiny|100\/100\n|switch|p2a: Dnite|Dragapult, L50, M|100\/100\n|switch|p2b: Chien-Pao|Chien-Pao, L50|100\/100\n|-ability|p2b: Chien-Pao|Sword of Ruin\n|-weather|Snow|[from] ability: Snow Warning|[of] p1b: Klaus\n|-ability|p1a: Kai|Vessel of Ruin\n|turn|1\n|inactive|Leontrophic has 30 seconds left.\n|inactive|Leontrophic has 20 seconds left.\n|inactive|Leontrophic has 15 seconds left.\n|inactive|Leontrophic has 10 seconds left.\n|\n|t:|1683075338\n|-terastallize|p1b: Klaus|Ghost\n|move|p2a: Dnite|U-turn|p1a: Kai\n|-supereffective|p1a: Kai\n|-damage|p1a: Kai|42\/100\n|c|\u2606Messidopokemon|vais perder e vais aprender a aceitar a team sheet fdp\n|\n|t:|1683075347\n|switch|p2a: ChiYu|Arcanine, L50, F|100\/100|[from] U-turn\n|-ability|p2a: ChiYu|Intimidate|boost\n|-unboost|p1a: Kai|atk|1\n|-unboost|p1b: Klaus|atk|1\n|move|p2b: Chien-Pao|Ice Spinner|p1a: Kai\n|-supereffective|p1a: Kai\n|-damage|p1a: Kai|0 fnt\n|faint|p1a: Kai\n|move|p1b: Klaus|Aurora Veil|p1b: Klaus\n|-sidestart|p1: Leontrophic|move: Aurora Veil\n|\n|-weather|Snow|[upkeep]\n|upkeep\n|\n|t:|1683075363\n|switch|p1a: Maria|Flutter Mane, L50|100\/100\n|turn|2\n|inactive|Leontrophic has 30 seconds left.\n|\n|t:|1683075391\n|move|p2b: Chien-Pao|Protect|p2b: Chien-Pao\n|-singleturn|p2b: Chien-Pao|Protect\n|move|p1a: Maria|Dazzling Gleam|p2b: Chien-Pao|[spread] p2a\n|-activate|p2b: Chien-Pao|move: Protect\n|-resisted|p2a: ChiYu\n|-damage|p2a: ChiYu|73\/100\n|move|p2a: ChiYu|Flare Blitz|p1a: Maria\n|-damage|p1a: Maria|19\/100\n|-status|p1a: Maria|brn\n|-damage|p2a: ChiYu|54\/100|[from] Recoil\n|move|p1b: Klaus|Blizzard|p2a: ChiYu|[spread] p2a\n|-activate|p2b: Chien-Pao|move: Protect\n|-resisted|p2a: ChiYu\n|-damage|p2a: ChiYu|34\/100\n|\n|-weather|Snow|[upkeep]\n|-damage|p1a: Maria|13\/100 brn|[from] brn\n|upkeep\n|turn|3\n|inactive|Messidopokemon has 30 seconds left.\n|\n|t:|1683075422\n|move|p2a: ChiYu|Protect|p2a: ChiYu\n|-singleturn|p2a: ChiYu|Protect\n|move|p2b: Chien-Pao|Sucker Punch|p1b: Klaus\n|-supereffective|p1b: Klaus\n|-damage|p1b: Klaus|23\/100\n|move|p1a: Maria|Dazzling Gleam|p2a: ChiYu|[spread] p2b\n|-activate|p2a: ChiYu|move: Protect\n|-supereffective|p2b: Chien-Pao\n|-enditem|p2b: Chien-Pao|Focus Sash\n|-damage|p2b: Chien-Pao|1\/100\n|move|p1b: Klaus|Blizzard|p2b: Chien-Pao|[spread] p2b\n|-activate|p2a: ChiYu|move: Protect\n|-resisted|p2b: Chien-Pao\n|-damage|p2b: Chien-Pao|0 fnt\n|faint|p2b: Chien-Pao\n|\n|-weather|Snow|[upkeep]\n|-damage|p1a: Maria|7\/100 brn|[from] brn\n|upkeep\n|\n|t:|1683075444\n|switch|p2b: Flutter Mane|Flutter Mane, L50, shiny|100\/100\n|-enditem|p2b: Flutter Mane|Booster Energy\n|-activate|p2b: Flutter Mane|ability: Protosynthesis|[fromitem]\n|-start|p2b: Flutter Mane|protosynthesisspa\n|turn|4\n|\n|t:|1683075455\n|-terastallize|p2b: Flutter Mane|Fairy\n|move|p1a: Maria|Dazzling Gleam|p2b: Flutter Mane|[spread] p2a,p2b\n|-resisted|p2a: ChiYu\n|-damage|p2a: ChiYu|8\/100\n|-damage|p2b: Flutter Mane|45\/100\n|-enditem|p2a: ChiYu|Aguav Berry|[eat]\n|-heal|p2a: ChiYu|41\/100|[from] item: Aguav Berry\n|move|p2b: Flutter Mane|Dazzling Gleam|p1a: Maria|[spread] p1a,p1b\n|-damage|p1a: Maria|0 fnt\n|-damage|p1b: Klaus|0 fnt\n|faint|p1a: Maria\n|-end|p1a: Maria|Protosynthesis|[silent]\n|faint|p1b: Klaus\n|move|p2a: ChiYu|Flare Blitz|p1: Maria|[notarget]\n|-fail|p2a: ChiYu\n|\n|-weather|Snow|[upkeep]\n|upkeep\n|\n|t:|1683075470\n|switch|p1a: Terminator|Annihilape, L50, M|100\/100\n|turn|5\n|\n|t:|1683075486\n|move|p2b: Flutter Mane|Moonblast|p1a: Terminator\n|-supereffective|p1a: Terminator\n|-damage|p1a: Terminator|5\/100\n|move|p2a: ChiYu|Will-O-Wisp|p1a: Terminator\n|-status|p1a: Terminator|brn\n|move|p1a: Terminator|Rage Fist|p2b: Flutter Mane\n|-damage|p2b: Flutter Mane|8\/100\n|\n|-weather|none\n|-heal|p1a: Terminator|11\/100 brn|[from] item: Leftovers\n|-damage|p1a: Terminator|5\/100 brn|[from] brn\n|-sideend|p1: Leontrophic|move: Aurora Veil\n|upkeep\n|turn|6\n|-message|Leontrophic forfeited.\n|\n|win|Messidopokemon\n|raw|Leontrophic's rating: 1326 → 1307<\/strong> (-19 for losing)\n|raw|Messidopokemon's rating: 1350 → 1369<\/strong> (+19 for winning)\n|l|\u2606Leontrophic\n","uploadtime":1683075340,"views":11,"p1id":"leontrophic","p2id":"messidopokemon","formatid":"gen9vgc2023regulationc","rating":1307,"private":0,"password":""}