{"id":"gen9vgc2023regulationc-1849854393","p1":"tommopokemon","p2":"SpeedyLinguine","format":"[Gen 9] VGC 2023 Regulation C","log":"|j|\u2606tommopokemon\n|j|\u2606SpeedyLinguine\n|t:|1682260934\n|gametype|doubles\n|player|p1|tommopokemon|102|1164\n|player|p2|SpeedyLinguine|hoopster|1255\n|teamsize|p1|6\n|teamsize|p2|6\n|gen|9\n|tier|[Gen 9] VGC 2023 Regulation C\n|rated|\n|rule|Species Clause: Limit one of each Pok\u00e9mon\n|rule|Item Clause: Limit one of each item\n|clearpoke\n|poke|p1|Scream Tail, L50|\n|poke|p1|Palafin, L50, F|\n|poke|p1|Gothitelle, L50, F|\n|poke|p1|Flutter Mane, L50|\n|poke|p1|Chi-Yu, L50|\n|poke|p1|Ting-Lu, L50|\n|poke|p2|Pelipper, L50, F|\n|poke|p2|Amoonguss, L50, F|\n|poke|p2|Flutter Mane, L50|\n|poke|p2|Floatzel, L50, M|\n|poke|p2|Iron Hands, L50|\n|poke|p2|Gholdengo, L50|\n|teampreview|4\n|inactive|Battle timer is ON: inactive players will automatically lose when time's up. (requested by tommopokemon)\nSpeedyLinguine has agreed to open team sheets.\ntommopokemon rejected open team sheets.\n|inactive|SpeedyLinguine has 60 seconds left.\n|\n|t:|1682260975\n|start\n|switch|p1a: Scream Tail|Scream Tail, L50|100\/100\n|switch|p1b: Palafin|Palafin, L50, F|100\/100\n|switch|p2a: Darth Vader|Flutter Mane, L50|100\/100\n|switch|p2b: Unstoppable Force|Gholdengo, L50|100\/100\n|-enditem|p1a: Scream Tail|Booster Energy\n|-activate|p1a: Scream Tail|ability: Protosynthesis|[fromitem]\n|-start|p1a: Scream Tail|protosynthesisspe\n|turn|1\n|\n|t:|1682260987\n|-terastallize|p2b: Unstoppable Force|Steel\n|-terastallize|p1b: Palafin|Water\n|move|p1a: Scream Tail|Light Screen|p1a: Scream Tail\n|-sidestart|p1: tommopokemon|move: Light Screen\n|move|p2a: Darth Vader|Shadow Ball|p1a: Scream Tail\n|-supereffective|p1a: Scream Tail\n|-damage|p1a: Scream Tail|58\/100\n|move|p2b: Unstoppable Force|Make It Rain|p1b: Palafin|[spread] p1a,p1b\n|-supereffective|p1a: Scream Tail\n|-resisted|p1b: Palafin\n|-damage|p1a: Scream Tail|0 fnt\n|-damage|p1b: Palafin|72\/100\n|-unboost|p2b: Unstoppable Force|spa|1\n|faint|p1a: Scream Tail\n|-end|p1a: Scream Tail|Protosynthesis|[silent]\n|move|p1b: Palafin|Wave Crash|p2b: Unstoppable Force\n|-damage|p2b: Unstoppable Force|20\/100\n|-damage|p1b: Palafin|47\/100|[from] Recoil\n|\n|upkeep\n|inactive|tommopokemon has 30 seconds left.\n|\n|t:|1682261016\n|switch|p1a: Gothitelle|Gothitelle, L50, F|100\/100\n|turn|2\n|\n|t:|1682261033\n|move|p2a: Darth Vader|Protect|p2a: Darth Vader\n|-singleturn|p2a: Darth Vader|Protect\n|move|p1a: Gothitelle|Fake Out|p2b: Unstoppable Force\n|-resisted|p2b: Unstoppable Force\n|-damage|p2b: Unstoppable Force|17\/100\n|move|p1b: Palafin|Jet Punch|p2a: Darth Vader\n|-activate|p2a: Darth Vader|move: Protect\n|cant|p2b: Unstoppable Force|flinch\n|\n|upkeep\n|turn|3\n|\n|t:|1682261045\n|-end|p2a: Darth Vader|Protosynthesis|[silent]\n|switch|p2a: The Jordan of VGC|Pelipper, L50, F|100\/100\n|-weather|RainDance|[from] ability: Drizzle|[of] p2a: The Jordan of VGC\n|move|p1b: Palafin|Jet Punch|p2b: Unstoppable Force\n|-damage|p2b: Unstoppable Force|0 fnt\n|faint|p2b: Unstoppable Force\n|move|p1a: Gothitelle|Heal Pulse|p1b: Palafin\n|-heal|p1b: Palafin|98\/100\n|\n|-weather|RainDance|[upkeep]\n|upkeep\n|\n|t:|1682261053\n|switch|p2b: El Nadador|Floatzel, L50, M|100\/100\n|turn|4\n|\n|t:|1682261062\n|detailschange|p1b: Palafin|Palafin-Hero, L50, F, tera:Water\n|switch|p1b: Ting-Lu|Ting-Lu, L50|100\/100\n|-ability|p1b: Ting-Lu|Vessel of Ruin\n|move|p2b: El Nadador|Wave Crash|p1a: Gothitelle\n|-damage|p1a: Gothitelle|0 fnt\n|faint|p1a: Gothitelle\n|-damage|p2b: El Nadador|69\/100|[from] Recoil\n|move|p2a: The Jordan of VGC|Hurricane|p1b: Ting-Lu\n|-damage|p1b: Ting-Lu|93\/100\n|\n|-weather|RainDance|[upkeep]\n|upkeep\n|\n|t:|1682261074\n|switch|p1a: Palafin|Palafin-Hero, L50, F, tera:Water|98\/100\n|-activate|p1a: Palafin|ability: Zero to Hero\n|turn|5\n|\n|t:|1682261090\n|move|p2b: El Nadador|Wave Crash|p1b: Ting-Lu\n|-supereffective|p1b: Ting-Lu\n|-damage|p1b: Ting-Lu|0 fnt\n|faint|p1b: Ting-Lu\n|-damage|p2b: El Nadador|22\/100|[from] Recoil\n|move|p1a: Palafin|Wave Crash|p2b: El Nadador\n|-resisted|p2b: El Nadador\n|-damage|p2b: El Nadador|0 fnt\n|faint|p2b: El Nadador\n|-damage|p1a: Palafin|91\/100|[from] Recoil\n|move|p2a: The Jordan of VGC|Hydro Pump|p1a: Palafin|[miss]\n|-miss|p2a: The Jordan of VGC|p1a: Palafin\n|\n|-weather|RainDance|[upkeep]\n|-sideend|p1: tommopokemon|move: Light Screen\n|upkeep\n|\n|t:|1682261099\n|switch|p2b: Darth Vader|Flutter Mane, L50|100\/100\n|turn|6\n|\n|t:|1682261106\n|move|p1a: Palafin|Jet Punch|p2b: Darth Vader\n|-enditem|p2b: Darth Vader|Focus Sash\n|-damage|p2b: Darth Vader|1\/100\n|move|p2b: Darth Vader|Moonblast|p1a: Palafin\n|-damage|p1a: Palafin|44\/100\n|-unboost|p1a: Palafin|spa|1\n|move|p2a: The Jordan of VGC|Hurricane|p1a: Palafin\n|-damage|p1a: Palafin|7\/100\n|-start|p1a: Palafin|confusion\n|\n|-weather|RainDance|[upkeep]\n|upkeep\n|turn|7\n|\n|t:|1682261120\n|move|p2b: Darth Vader|Moonblast|p1a: Palafin\n|-damage|p1a: Palafin|0 fnt\n|faint|p1a: Palafin\n|\n|win|SpeedyLinguine\n|raw|tommopokemon's rating: 1164 → 1145<\/strong> (-19 for losing)\n|raw|SpeedyLinguine's rating: 1255 → 1274<\/strong> (+19 for winning)\n|l|\u2606tommopokemon\n","uploadtime":1682261128,"views":9,"p1id":"tommopokemon","p2id":"speedylinguine","formatid":"gen9vgc2023regulationc","rating":1145,"private":0,"password":""}