{"id":"gen9vgc2023regulationc-1846340155","p1":"rarcevgc2","p2":"teamtest1995","format":"[Gen 9] VGC 2023 Regulation C","log":"|j|\u2606rarcevgc2\n|j|\u2606teamtest1995\n|t:|1681832975\n|gametype|doubles\n|player|p1|rarcevgc2|sonia-professor|1238\n|player|p2|teamtest1995|265|1160\n|teamsize|p1|6\n|teamsize|p2|6\n|gen|9\n|tier|[Gen 9] VGC 2023 Regulation C\n|rated|\n|rule|Species Clause: Limit one of each Pok\u00e9mon\n|rule|Item Clause: Limit one of each item\n|clearpoke\n|poke|p1|Arcanine, L50, M|\n|poke|p1|Gastrodon-East, L50, F|\n|poke|p1|Flutter Mane, L50|\n|poke|p1|Chi-Yu, L50|\n|poke|p1|Tatsugiri, L50, F|\n|poke|p1|Dondozo, L50, F|\n|poke|p2|Glimmora, L50, F|\n|poke|p2|Flutter Mane, L50|\n|poke|p2|Iron Bundle, L50|\n|poke|p2|Gyarados, L50, M|\n|poke|p2|Amoonguss, L50, M|\n|poke|p2|Chi-Yu, L50|\n|teampreview|4\n|inactive|Battle timer is ON: inactive players will automatically lose when time's up. (requested by teamtest1995)\n|inactive|rarcevgc2 also wants the timer to be on.\n|\n|t:|1681833009\n|start\n|switch|p1a: Flutter Mane|Flutter Mane, L50|100\/100\n|switch|p1b: Chi-Yu|Chi-Yu, L50|100\/100\n|switch|p2a: Glimmora|Glimmora, L50, F|100\/100\n|switch|p2b: Iron Bundle|Iron Bundle, L50|100\/100\n|-ability|p1b: Chi-Yu|Beads of Ruin\n|turn|1\n|\n|t:|1681833027\n|switch|p1b: Tatsugiri|Tatsugiri, L50, F|100\/100\n|move|p2b: Iron Bundle|Icy Wind|p1a: Flutter Mane|[spread] p1a\n|-miss|p2b: Iron Bundle|p1b: Tatsugiri\n|-damage|p1a: Flutter Mane|77\/100\n|-unboost|p1a: Flutter Mane|spe|1\n|move|p1a: Flutter Mane|Perish Song|p1a: Flutter Mane\n|-start|p1a: Flutter Mane|perish3|[silent]\n|-start|p1b: Tatsugiri|perish3|[silent]\n|-start|p2a: Glimmora|perish3|[silent]\n|-start|p2b: Iron Bundle|perish3|[silent]\n|-fieldactivate|move: Perish Song\n|move|p2a: Glimmora|Power Gem|p1b: Tatsugiri\n|-damage|p1b: Tatsugiri|37\/100\n|\n|-start|p2b: Iron Bundle|perish3\n|-start|p1b: Tatsugiri|perish3\n|-start|p1a: Flutter Mane|perish3\n|-start|p2a: Glimmora|perish3\n|upkeep\n|turn|2\n|inactive|teamtest1995 has 30 seconds left.\n|\n|t:|1681833054\n|-end|p1a: Flutter Mane|Protosynthesis|[silent]\n|switch|p1a: Dondozo|Dondozo, L50, F|100\/100\n|-activate|p1b: Tatsugiri|ability: Commander|[of] p1a: Dondozo\n|-boost|p1a: Dondozo|atk|2\n|-boost|p1a: Dondozo|spa|2\n|-boost|p1a: Dondozo|spe|2\n|-boost|p1a: Dondozo|def|2\n|-boost|p1a: Dondozo|spd|2\n|move|p2b: Iron Bundle|Icy Wind|p1a: Dondozo|[spread] p1a\n|-miss|p2b: Iron Bundle|p1b: Tatsugiri\n|-resisted|p1a: Dondozo\n|-damage|p1a: Dondozo|96\/100\n|-unboost|p1a: Dondozo|spe|1\n|move|p2a: Glimmora|Mortal Spin|p1a: Dondozo|[spread] p1a\n|-miss|p2a: Glimmora|p1b: Tatsugiri\n|-damage|p1a: Dondozo|94\/100\n|-status|p1a: Dondozo|psn\n|\n|-damage|p1a: Dondozo|82\/100 psn|[from] psn\n|-start|p2b: Iron Bundle|perish2\n|-start|p1b: Tatsugiri|perish2\n|-start|p2a: Glimmora|perish2\n|upkeep\n|turn|3\n|inactive|teamtest1995 has 30 seconds left.\n|\n|t:|1681833083\n|switch|p2a: Gyarados|Gyarados, L50, M|100\/100\n|-ability|p2a: Gyarados|Intimidate|boost\n|-unboost|p1a: Dondozo|atk|1\n|-unboost|p1b: Tatsugiri|atk|1\n|-terastallize|p1a: Dondozo|Steel\n|move|p2b: Iron Bundle|Freeze-Dry|p1a: Dondozo\n|-resisted|p1a: Dondozo\n|-damage|p1a: Dondozo|73\/100 psn\n|move|p1a: Dondozo|Earthquake|p2b: Iron Bundle|[spread] p2b\n|-miss|p1a: Dondozo|p1b: Tatsugiri\n|-immune|p2a: Gyarados\n|-damage|p2b: Iron Bundle|55\/100\n|-heal|p1a: Dondozo|76\/100 psn|[from] item: Shell Bell|[of] p2b: Iron Bundle\n|\n|-damage|p1a: Dondozo|64\/100 psn|[from] psn\n|-start|p2b: Iron Bundle|perish1\n|-start|p1b: Tatsugiri|perish1\n|upkeep\n|turn|4\n|inactive|rarcevgc2 has 30 seconds left.\n|\n|t:|1681833110\n|move|p2b: Iron Bundle|Icy Wind|p1b: Tatsugiri|[spread] p1a\n|-miss|p2b: Iron Bundle|p1b: Tatsugiri\n|-resisted|p1a: Dondozo\n|-damage|p1a: Dondozo|59\/100 psn\n|-unboost|p1a: Dondozo|spe|1\n|move|p2a: Gyarados|Dragon Dance|p2a: Gyarados\n|-boost|p2a: Gyarados|atk|1\n|-boost|p2a: Gyarados|spe|1\n|-enditem|p1b: Tatsugiri|Mirror Herb\n|-boost|p1b: Tatsugiri|atk|1|[from] item: Mirror Herb\n|-boost|p1b: Tatsugiri|spe|1|[from] item: Mirror Herb\n|move|p1a: Dondozo|Rock Slide|p2b: Iron Bundle|[spread] p2a,p2b\n|-supereffective|p2a: Gyarados\n|-supereffective|p2b: Iron Bundle\n|-damage|p2a: Gyarados|41\/100\n|-damage|p2b: Iron Bundle|0 fnt\n|faint|p2b: Iron Bundle\n|-end|p2b: Iron Bundle|Quark Drive|[silent]\n|-heal|p1a: Dondozo|68\/100 psn|[from] item: Shell Bell|[of] p2: Iron Bundle\n|\n|-damage|p1a: Dondozo|55\/100 psn|[from] psn\n|-start|p1b: Tatsugiri|perish0\n|upkeep\n|faint|p1b: Tatsugiri\n|inactive|teamtest1995 has 30 seconds left.\n|\n|t:|1681833138\n|switch|p2b: Glimmora|Glimmora, L50, F|100\/100\n|switch|p1b: Flutter Mane|Flutter Mane, L50|77\/100\n|turn|5\n|\n|t:|1681833154\n|-terastallize|p2b: Glimmora|Grass\n|move|p2a: Gyarados|Protect|p2a: Gyarados\n|-singleturn|p2a: Gyarados|Protect\n|move|p1b: Flutter Mane|Shadow Ball|p2b: Glimmora\n|-damage|p2b: Glimmora|58\/100\n|-unboost|p2b: Glimmora|spd|1\n|-damage|p1b: Flutter Mane|67\/100|[from] item: Life Orb\n|move|p2b: Glimmora|Earth Power|p1a: Dondozo\n|-supereffective|p1a: Dondozo\n|-damage|p1a: Dondozo|19\/100 psn\n|move|p1a: Dondozo|Rock Slide|p2a: Gyarados|[spread] p2b\n|-activate|p2a: Gyarados|move: Protect\n|-damage|p2b: Glimmora|28\/100\n|-activate|p2b: Glimmora|ability: Toxic Debris\n|-sidestart|p1: rarcevgc2|move: Toxic Spikes\n|-heal|p1a: Dondozo|21\/100 psn|[from] item: Shell Bell|[of] p2b: Glimmora\n|\n|-damage|p1a: Dondozo|9\/100 psn|[from] psn\n|upkeep\n|turn|6\n|inactive|rarcevgc2 has 30 seconds left.\n|inactive|teamtest1995 has 30 seconds left.\n|\n|t:|1681833180\n|move|p1b: Flutter Mane|Moonblast|p2b: Glimmora\n|-damage|p2b: Glimmora|0 fnt\n|faint|p2b: Glimmora\n|-damage|p1b: Flutter Mane|57\/100|[from] item: Life Orb\n|move|p2a: Gyarados|Waterfall|p1b: Flutter Mane\n|-damage|p1b: Flutter Mane|0 fnt\n|faint|p1b: Flutter Mane\n|-end|p1b: Flutter Mane|Protosynthesis|[silent]\n|move|p1a: Dondozo|Rock Slide|p2a: Gyarados\n|-supereffective|p2a: Gyarados\n|-damage|p2a: Gyarados|0 fnt\n|faint|p2a: Gyarados\n|-heal|p1a: Dondozo|12\/100 psn|[from] item: Shell Bell|[of] p2: Gyarados\n|\n|-damage|p1a: Dondozo|0 fnt|[from] psn\n|faint|p1a: Dondozo\n|upkeep\n|\n|t:|1681833196\n|switch|p1b: Chi-Yu|Chi-Yu, L50|100\/100\n|switch|p2b: Flutter Mane|Flutter Mane, L50|100\/100\n|-status|p1b: Chi-Yu|psn\n|-ability|p1b: Chi-Yu|Beads of Ruin\n|-enditem|p2b: Flutter Mane|Booster Energy\n|-activate|p2b: Flutter Mane|ability: Protosynthesis|[fromitem]\n|-start|p2b: Flutter Mane|protosynthesisspa\n|turn|7\n|\n|t:|1681833208\n|move|p2b: Flutter Mane|Moonblast|p1b: Chi-Yu\n|-damage|p1b: Chi-Yu|26\/100 psn\n|-unboost|p1b: Chi-Yu|spa|1\n|move|p1b: Chi-Yu|Heat Wave|p2b: Flutter Mane\n|-damage|p2b: Flutter Mane|44\/100\n|\n|-damage|p1b: Chi-Yu|14\/100 psn|[from] psn\n|upkeep\n|turn|8\n|\n|t:|1681833219\n|move|p2b: Flutter Mane|Moonblast|p1b: Chi-Yu\n|-damage|p1b: Chi-Yu|0 fnt\n|faint|p1b: Chi-Yu\n|\n|win|teamtest1995\n|raw|rarcevgc2's rating: 1238 → 1207<\/strong> (-31 for losing)\n|raw|teamtest1995's rating: 1160 → 1191<\/strong> (+31 for winning)\n|c|\u2606teamtest1995|gg\n|l|\u2606rarcevgc2\n","uploadtime":1681833231,"views":8,"p1id":"rarcevgc2","p2id":"teamtest1995","formatid":"gen9vgc2023regulationc","rating":1191,"private":0,"password":""}