{"id":"gen9vgc2023regulationc-1851858763","p1":"First-Thymer","p2":"SM0KESgirl","format":"[Gen 9] VGC 2023 Regulation C","log":"|j|\u2606First-Thymer\n|j|\u2606SM0KESgirl\n|t:|1682496253\n|gametype|doubles\n|player|p1|First-Thymer|265|1058\n|player|p2|SM0KESgirl|101|1151\n|teamsize|p1|6\n|teamsize|p2|6\n|gen|9\n|tier|[Gen 9] VGC 2023 Regulation C\n|rated|\n|rule|Species Clause: Limit one of each Pok\u00e9mon\n|rule|Item Clause: Limit one of each item\n|clearpoke\n|poke|p1|Glimmora, L50, M|\n|poke|p1|Toxapex, L50, F|\n|poke|p1|Slither Wing, L50|\n|poke|p1|Indeedee-F, L50, F|\n|poke|p1|Garganacl, L50, F|\n|poke|p1|Wo-Chien, L50|\n|poke|p2|Gholdengo, L50|\n|poke|p2|Murkrow, L50, M|\n|poke|p2|Baxcalibur, L50, M|\n|poke|p2|Annihilape, L50, M|\n|poke|p2|Flutter Mane, L50|\n|poke|p2|Amoonguss, L50, M|\n|teampreview|4\n|inactive|Battle timer is ON: inactive players will automatically lose when time's up. (requested by First-Thymer)\n|inactive|First-Thymer has 60 seconds left.\n|inactive|SM0KESgirl has 60 seconds left.\n|\n|t:|1682496288\n|start\n|switch|p1a: Glimmora|Glimmora, L50, M|100\/100\n|switch|p1b: Indeedee|Indeedee-F, L50, F|100\/100\n|switch|p2a: Flutter Mane|Flutter Mane, L50|100\/100\n|switch|p2b: Gholdengo|Gholdengo, L50|100\/100\n|-fieldstart|move: Psychic Terrain|[from] ability: Psychic Surge|[of] p1b: Indeedee\n|-enditem|p1b: Indeedee|Psychic Seed\n|-boost|p1b: Indeedee|spd|1|[from] item: Psychic Seed\n|turn|1\n|inactive|SM0KESgirl has 30 seconds left.\n|inactive|SM0KESgirl has 20 seconds left.\n|\n|t:|1682496324\n|move|p2a: Flutter Mane|Imprison|p2a: Flutter Mane\n|-start|p2a: Flutter Mane|move: Imprison\n|move|p1a: Glimmora|Mortal Spin|p2a: Flutter Mane|[spread] p2a\n|-immune|p2b: Gholdengo\n|-damage|p2a: Flutter Mane|89\/100\n|-status|p2a: Flutter Mane|psn\n|move|p2b: Gholdengo|Make It Rain|p1a: Glimmora|[spread] p1a,p1b\n|-supereffective|p1a: Glimmora\n|-enditem|p1a: Glimmora|Focus Sash\n|-damage|p1a: Glimmora|1\/100\n|-damage|p1b: Indeedee|52\/100\n|-unboost|p2b: Gholdengo|spa|1\n|cant|p1b: Indeedee|move: Imprison|Trick Room\n|\n|-damage|p2a: Flutter Mane|77\/100 psn|[from] psn\n|upkeep\n|turn|2\n|inactive|First-Thymer has 30 seconds left.\n|inactive|SM0KESgirl has 30 seconds left.\n|inactive|First-Thymer has 20 seconds left.\n|\n|t:|1682496361\n|move|p2a: Flutter Mane|Dazzling Gleam|p1b: Indeedee|[spread] p1a,p1b\n|-resisted|p1a: Glimmora\n|-damage|p1a: Glimmora|0 fnt\n|-damage|p1b: Indeedee|30\/100\n|faint|p1a: Glimmora\n|move|p2b: Gholdengo|Make It Rain|p1b: Indeedee\n|-damage|p1b: Indeedee|0 fnt\n|-unboost|p2b: Gholdengo|spa|1\n|faint|p1b: Indeedee\n|\n|-damage|p2a: Flutter Mane|65\/100 psn|[from] psn\n|upkeep\n|\n|t:|1682496368\n|switch|p1a: Toxapex|Toxapex, L50, F|100\/100\n|switch|p1b: Wo-Chien|Wo-Chien, L50|100\/100\n|-ability|p1b: Wo-Chien|Tablets of Ruin\n|turn|3\n|inactive|SM0KESgirl has 30 seconds left.\n|\n|t:|1682496402\n|-end|p2a: Flutter Mane|Protosynthesis|[silent]\n|switch|p2a: Annihilape|Annihilape, L50, M|100\/100\n|switch|p2b: Baxcalibur|Baxcalibur, L50, M|100\/100\n|-terastallize|p1b: Wo-Chien|Fire\n|move|p1b: Wo-Chien|Giga Drain|p2b: Baxcalibur\n|-resisted|p2b: Baxcalibur\n|-damage|p2b: Baxcalibur|93\/100\n|move|p1a: Toxapex|Hex|p2a: Annihilape\n|-supereffective|p2a: Annihilape\n|-damage|p2a: Annihilape|82\/100\n|\n|-heal|p2a: Annihilape|88\/100|[from] item: Leftovers\n|upkeep\n|turn|4\n|inactive|SM0KESgirl has 30 seconds left.\n|inactive|SM0KESgirl has 20 seconds left.\n|\n|t:|1682496437\n|-terastallize|p2a: Annihilape|Grass\n|move|p1a: Toxapex|Baneful Bunker|p1a: Toxapex\n|-singleturn|p1a: Toxapex|move: Protect\n|move|p2a: Annihilape|Bulk Up|p2a: Annihilape\n|-boost|p2a: Annihilape|atk|1\n|-boost|p2a: Annihilape|def|1\n|move|p2b: Baxcalibur|Earthquake|p1b: Wo-Chien|[spread] p2a,p1b\n|-activate|p1a: Toxapex|move: Protect\n|-resisted|p2a: Annihilape\n|-supereffective|p1b: Wo-Chien\n|-damage|p2a: Annihilape|80\/100\n|-damage|p1b: Wo-Chien|54\/100\n|move|p1b: Wo-Chien|Leech Seed|p2a: Annihilape\n|-immune|p2a: Annihilape\n|\n|-heal|p2a: Annihilape|86\/100|[from] item: Leftovers\n|upkeep\n|turn|5\n|inactive|First-Thymer has 30 seconds left.\n|inactive|SM0KESgirl has 30 seconds left.\n|-message|First-Thymer forfeited.\n|\n|win|SM0KESgirl\n|raw|First-Thymer's rating: 1058 → 1044<\/strong> (-14 for losing)\n|raw|SM0KESgirl's rating: 1151 → 1169<\/strong> (+18 for winning)\n|l|\u2606First-Thymer\n","uploadtime":1682496476,"views":16,"p1id":"firstthymer","p2id":"sm0kesgirl","formatid":"gen9vgc2023regulationc","rating":1044,"private":0,"password":""}