{"id":"gen9vgc2023regulationc-1849847628","p1":"omg_its_daddy","p2":"Gemstone Bandits","format":"[Gen 9] VGC 2023 Regulation C","log":"|j|\u2606omg_its_daddy\n|j|\u2606Gemstone Bandits\n|t:|1682260133\n|gametype|doubles\n|player|p1|omg_its_daddy|li|\n|player|p2|Gemstone Bandits|shadowtriad|\n|teamsize|p1|6\n|teamsize|p2|6\n|gen|9\n|tier|[Gen 9] VGC 2023 Regulation C\n|rule|Species Clause: Limit one of each Pok\u00e9mon\n|rule|Item Clause: Limit one of each item\n|clearpoke\n|poke|p1|Dragalge, L50, F|\n|poke|p1|Drowzee, L50, M|\n|poke|p1|Gyarados, L50, M|\n|poke|p1|Raichu, L50, M|\n|poke|p1|Iron Valiant, L50|\n|poke|p1|Corviknight, L50, F|\n|poke|p2|Tyranitar, L50, M|\n|poke|p2|Garchomp, L50, M|\n|poke|p2|Gengar, L50, F|\n|poke|p2|Sandy Shocks, L50|\n|poke|p2|Umbreon, L50, M|\n|poke|p2|Orthworm, L50, F|\n|teampreview|4\n|c|\u2606omg_its_daddy|g2\n|c|\u2606omg_its_daddy|glhf!\n|c|\u2606Gemstone Bandits|gl\n|inactive|Battle timer is ON: inactive players will automatically lose when time's up. (requested by omg_its_daddy)\n|\n|t:|1682260400\n|start\n|switch|p1a: Gyarados|Gyarados, L50, M|100\/100\n|switch|p1b: Raichu|Raichu, L50, M|100\/100\n|switch|p2a: Tyranitar|Tyranitar, L50, M|100\/100\n|switch|p2b: Garchomp|Garchomp, L50, M|100\/100\n|-ability|p1a: Gyarados|Intimidate|boost\n|-unboost|p2a: Tyranitar|atk|1\n|-unboost|p2b: Garchomp|atk|1\n|-weather|Sandstorm|[from] ability: Sand Stream|[of] p2a: Tyranitar\n|turn|1\n|inactive|omg_its_daddy has 30 seconds left.\n|inactive|Gemstone Bandits has 30 seconds left.\n|inactive|omg_its_daddy has 20 seconds left.\n|inactive|Gemstone Bandits has 20 seconds left.\n|\n|t:|1682260440\n|switch|p2a: Umbreon|Umbreon, L50, M, shiny|100\/100\n|-terastallize|p2b: Garchomp|Steel\n|move|p1b: Raichu|Feint|p2b: Garchomp\n|-resisted|p2b: Garchomp\n|-damage|p2b: Garchomp|97\/100\n|move|p2b: Garchomp|Swords Dance|p2b: Garchomp\n|-boost|p2b: Garchomp|atk|2\n|move|p1a: Gyarados|Ice Fang|p2b: Garchomp\n|-resisted|p2b: Garchomp\n|-damage|p2b: Garchomp|85\/100\n|-status|p2b: Garchomp|frz\n|\n|-weather|Sandstorm|[upkeep]\n|-damage|p1b: Raichu|95\/100|[from] Sandstorm\n|-damage|p1a: Gyarados|95\/100|[from] Sandstorm\n|-damage|p2a: Umbreon|95\/100|[from] Sandstorm\n|-heal|p2a: Umbreon|100\/100|[from] item: Leftovers\n|upkeep\n|turn|2\n|\n|t:|1682260458\n|move|p1b: Raichu|Volt Switch|p2a: Umbreon\n|-damage|p2a: Umbreon|87\/100\n|\n|t:|1682260464\n|switch|p1b: Corviknight|Corviknight, L50, F|100\/100|[from] Volt Switch\n|cant|p2b: Garchomp|frz\n|move|p1a: Gyarados|Dragon Dance|p1a: Gyarados\n|-boost|p1a: Gyarados|atk|1\n|-boost|p1a: Gyarados|spe|1\n|move|p2a: Umbreon|Yawn|p1a: Gyarados\n|-start|p1a: Gyarados|move: Yawn|[of] p2a: Umbreon\n|\n|-weather|Sandstorm|[upkeep]\n|-damage|p1a: Gyarados|89\/100|[from] Sandstorm\n|-damage|p2a: Umbreon|81\/100|[from] Sandstorm\n|-heal|p2a: Umbreon|87\/100|[from] item: Leftovers\n|upkeep\n|turn|3\n|inactive|omg_its_daddy has 30 seconds left.\n|inactive|Gemstone Bandits has 30 seconds left.\n|\n|t:|1682260494\n|move|p1a: Gyarados|Waterfall|p2a: Umbreon\n|-damage|p2a: Umbreon|50\/100\n|cant|p2b: Garchomp|frz\n|move|p1b: Corviknight|Body Press|p2a: Umbreon\n|-supereffective|p2a: Umbreon\n|-damage|p2a: Umbreon|25\/100\n|move|p2a: Umbreon|Yawn|p1b: Corviknight\n|-start|p1b: Corviknight|move: Yawn|[of] p2a: Umbreon\n|\n|-weather|Sandstorm|[upkeep]\n|-damage|p1a: Gyarados|83\/100|[from] Sandstorm\n|-damage|p2a: Umbreon|19\/100|[from] Sandstorm\n|-heal|p2a: Umbreon|25\/100|[from] item: Leftovers\n|-end|p1a: Gyarados|move: Yawn|[silent]\n|-status|p1a: Gyarados|slp\n|-enditem|p1a: Gyarados|Lum Berry|[eat]\n|-curestatus|p1a: Gyarados|slp|[msg]\n|upkeep\n|turn|4\n|inactive|omg_its_daddy has 30 seconds left.\n|\n|t:|1682260519\n|switch|p1b: Raichu|Raichu, L50, M|95\/100\n|move|p1a: Gyarados|Waterfall|p2a: Umbreon\n|-damage|p2a: Umbreon|0 fnt\n|faint|p2a: Umbreon\n|-curestatus|p2b: Garchomp|frz|[msg]\n|move|p2b: Garchomp|Substitute|p2b: Garchomp\n|-start|p2b: Garchomp|Substitute\n|-damage|p2b: Garchomp|60\/100\n|\n|-weather|Sandstorm|[upkeep]\n|-damage|p1a: Gyarados|77\/100|[from] Sandstorm\n|-damage|p1b: Raichu|89\/100|[from] Sandstorm\n|upkeep\n|\n|t:|1682260524\n|switch|p2a: Gengar|Gengar, L50, F|100\/100\n|turn|5\n|inactive|omg_its_daddy has 30 seconds left.\n|inactive|Gemstone Bandits has 30 seconds left.\n|inactive|Gemstone Bandits has 20 seconds left.\n|inactive|Gemstone Bandits has 15 seconds left.\n|\n|t:|1682260566\n|switch|p2a: Tyranitar|Tyranitar, L50, M|100\/100\n|-terastallize|p1a: Gyarados|Grass\n|move|p1a: Gyarados|Waterfall|p2a: Tyranitar\n|-supereffective|p2a: Tyranitar\n|-damage|p2a: Tyranitar|28\/100\n|-enditem|p2a: Tyranitar|Weakness Policy\n|-boost|p2a: Tyranitar|atk|2|[from] item: Weakness Policy\n|-boost|p2a: Tyranitar|spa|2|[from] item: Weakness Policy\n|move|p1b: Raichu|Volt Switch|p2b: Garchomp\n|-activate|p2b: Garchomp|move: Substitute|[damage]\n|\n|t:|1682260581\n|switch|p1b: Corviknight|Corviknight, L50, F|100\/100|[from] Volt Switch\n|move|p2b: Garchomp|Earthquake|p1b: Corviknight|[spread] p2a,p1a\n|-immune|p1b: Corviknight\n|-supereffective|p2a: Tyranitar\n|-resisted|p1a: Gyarados\n|-damage|p2a: Tyranitar|0 fnt\n|-damage|p1a: Gyarados|42\/100\n|faint|p2a: Tyranitar\n|\n|-weather|none\n|upkeep\n|\n|t:|1682260585\n|switch|p2a: Gengar|Gengar, L50, F|100\/100\n|turn|6\n|\n|t:|1682260609\n|move|p2a: Gengar|Sludge Bomb|p1a: Gyarados\n|-supereffective|p1a: Gyarados\n|-damage|p1a: Gyarados|0 fnt\n|faint|p1a: Gyarados\n|move|p2b: Garchomp|Swords Dance|p2b: Garchomp\n|-boost|p2b: Garchomp|atk|2\n|move|p1b: Corviknight|Body Press|p2b: Garchomp|[miss]\n|-miss|p1b: Corviknight|p2b: Garchomp\n|\n|upkeep\n|\n|t:|1682260623\n|switch|p1a: Iron Valiant|Iron Valiant, L50|100\/100\n|turn|7\n|\n|t:|1682260631\n|move|p2a: Gengar|Sludge Bomb|p1a: Iron Valiant\n|-supereffective|p1a: Iron Valiant\n|-enditem|p1a: Iron Valiant|Focus Sash\n|-damage|p1a: Iron Valiant|1\/100\n|move|p1a: Iron Valiant|Knock Off|p2a: Gengar\n|-supereffective|p2a: Gengar\n|-damage|p2a: Gengar|0 fnt\n|-start|p1a: Iron Valiant|Disable|Knock Off|[from] ability: Cursed Body|[of] p2a: Gengar\n|-enditem|p2a: Gengar|Choice Scarf|[from] move: Knock Off|[of] p1a: Iron Valiant\n|faint|p2a: Gengar\n|move|p2b: Garchomp|Iron Head|p1a: Iron Valiant\n|-supereffective|p1a: Iron Valiant\n|-damage|p1a: Iron Valiant|0 fnt\n|faint|p1a: Iron Valiant\n|-end|p1a: Iron Valiant|Quark Drive|[silent]\n|move|p1b: Corviknight|Iron Defense|p1b: Corviknight\n|-boost|p1b: Corviknight|def|2\n|\n|upkeep\n|\n|t:|1682260636\n|switch|p1a: Raichu|Raichu, L50, M|89\/100\n|turn|8\n|\n|t:|1682260652\n|move|p1a: Raichu|Volt Switch|p2b: Garchomp\n|-end|p2b: Garchomp|Substitute\n|move|p2b: Garchomp|Iron Head|p1a: Raichu\n|-resisted|p1a: Raichu\n|-damage|p1a: Raichu|2\/100\n|move|p1b: Corviknight|Iron Defense|p1b: Corviknight\n|-boost|p1b: Corviknight|def|2\n|\n|upkeep\n|turn|9\n|\n|t:|1682260669\n|move|p1a: Raichu|Volt Switch|p2b: Garchomp\n|-damage|p2b: Garchomp|37\/100\n|move|p2b: Garchomp|Iron Head|p1a: Raichu\n|-resisted|p1a: Raichu\n|-damage|p1a: Raichu|0 fnt\n|faint|p1a: Raichu\n|move|p1b: Corviknight|Body Press|p2b: Garchomp\n|-supereffective|p2b: Garchomp\n|-damage|p2b: Garchomp|0 fnt\n|faint|p2b: Garchomp\n|\n|win|omg_its_daddy\n|c|\u2606Gemstone Bandits|gg\n|c|\u2606omg_its_daddy|gg\n|l|\u2606Gemstone Bandits\n","uploadtime":1682261044,"views":27,"p1id":"omgitsdaddy","p2id":"gemstonebandits","formatid":"gen9vgc2023regulationc","rating":0,"private":0,"password":""}