{"id":"gen9vgc2023regulationc-1848187333","p1":"Bdogplatinum","p2":"Amar115","format":"[Gen 9] VGC 2023 Regulation C","log":"|j|\u2606Bdogplatinum\n|j|\u2606Amar115\n|t:|1682040075\n|gametype|doubles\n|player|p1|Bdogplatinum|cress|\n|player|p2|Amar115|266|\n|teamsize|p1|6\n|teamsize|p2|6\n|gen|9\n|tier|[Gen 9] VGC 2023 Regulation C\n|rule|Species Clause: Limit one of each Pok\u00e9mon\n|rule|Item Clause: Limit one of each item\n|clearpoke\n|poke|p1|Armarouge, L50, F|\n|poke|p1|Indeedee-F, L50, F|\n|poke|p1|Hatterene, L50, F|\n|poke|p1|Iron Thorns, L50|\n|poke|p1|Dachsbun, L50, M|\n|poke|p1|Rotom-Frost, L50|\n|poke|p2|Flutter Mane, L50|\n|poke|p2|Hydreigon, L50, M|\n|poke|p2|Chi-Yu, L50|\n|poke|p2|Vaporeon, L50, M|\n|poke|p2|Flamigo, L50, M|\n|poke|p2|Klawf, L50, M|\n|teampreview|4\n|inactive|Battle timer is ON: inactive players will automatically lose when time's up. (requested by Amar115)\n|inactiveoff|Battle timer is now OFF.\n|c|\u2606Bdogplatinum|g3\n|c|\u2606Amar115|game 3\n|\n|t:|1682040677\n|start\n|switch|p1a: Hatterene|Hatterene, L50, F|100\/100\n|switch|p1b: Indeedee|Indeedee-F, L50, F|100\/100\n|switch|p2a: Vaporeon|Vaporeon, L50, M|100\/100\n|switch|p2b: Chi-Yu|Chi-Yu, L50|100\/100\n|-ability|p2b: Chi-Yu|Beads of Ruin\n|-fieldstart|move: Psychic Terrain|[from] ability: Psychic Surge|[of] p1b: Indeedee\n|-enditem|p1b: Indeedee|Psychic Seed\n|-boost|p1b: Indeedee|spd|1|[from] item: Psychic Seed\n|turn|1\n|\n|t:|1682040724\n|-terastallize|p2b: Chi-Yu|Dark\n|move|p1b: Indeedee|Follow Me|p1b: Indeedee\n|-singleturn|p1b: Indeedee|move: Follow Me\n|move|p2b: Chi-Yu|Dark Pulse|p1b: Indeedee\n|-supereffective|p1b: Indeedee\n|-damage|p1b: Indeedee|10\/100\n|move|p2a: Vaporeon|Muddy Water|p1b: Indeedee|[spread] p1a,p1b\n|-damage|p1a: Hatterene|47\/100\n|-damage|p1b: Indeedee|0 fnt\n|-unboost|p1a: Hatterene|accuracy|1\n|faint|p1b: Indeedee\n|move|p1a: Hatterene|Trick Room|p1a: Hatterene\n|-fieldstart|move: Trick Room|[of] p1a: Hatterene\n|\n|upkeep\n|\n|t:|1682040736\n|switch|p1b: Iron Thorns|Iron Thorns, L50|100\/100\n|-enditem|p1b: Iron Thorns|Booster Energy\n|-activate|p1b: Iron Thorns|ability: Quark Drive|[fromitem]\n|-start|p1b: Iron Thorns|quarkdriveatk\n|turn|2\n|\n|t:|1682040778\n|switch|p1a: Dachsbun|Dachsbun, L50, M|100\/100\n|-terastallize|p1b: Iron Thorns|Fairy\n|move|p2a: Vaporeon|Chilling Water|p1b: Iron Thorns\n|-crit|p1b: Iron Thorns\n|-damage|p1b: Iron Thorns|56\/100\n|-unboost|p1b: Iron Thorns|atk|1\n|move|p1b: Iron Thorns|Rock Slide|p2b: Chi-Yu|[spread] p2a\n|-miss|p1b: Iron Thorns|p2b: Chi-Yu\n|-damage|p2a: Vaporeon|77\/100\n|move|p2b: Chi-Yu|Dark Pulse|p1a: Dachsbun\n|-resisted|p1a: Dachsbun\n|-damage|p1a: Dachsbun|65\/100\n|\n|upkeep\n|turn|3\n|\n|t:|1682040822\n|move|p2a: Vaporeon|Fake Tears|p1b: Iron Thorns\n|-unboost|p1b: Iron Thorns|spd|2\n|move|p1b: Iron Thorns|Rock Slide|p2a: Vaporeon|[spread] p2a,p2b\n|-damage|p2a: Vaporeon|54\/100\n|-damage|p2b: Chi-Yu|59\/100\n|move|p1a: Dachsbun|Yawn|p2a: Vaporeon\n|-start|p2a: Vaporeon|move: Yawn|[of] p1a: Dachsbun\n|move|p2b: Chi-Yu|Dark Pulse|p1b: Iron Thorns\n|-resisted|p1b: Iron Thorns\n|-damage|p1b: Iron Thorns|0 fnt\n|faint|p1b: Iron Thorns\n|-end|p1b: Iron Thorns|Quark Drive|[silent]\n|\n|upkeep\n|\n|t:|1682040829\n|switch|p1b: Hatterene|Hatterene, L50, F|47\/100\n|turn|4\n|\n|t:|1682040852\n|switch|p2a: Flutter Mane|Flutter Mane, L50|100\/100\n|-enditem|p2a: Flutter Mane|Booster Energy\n|-activate|p2a: Flutter Mane|ability: Protosynthesis|[fromitem]\n|-start|p2a: Flutter Mane|protosynthesisspa\n|move|p1a: Dachsbun|Helping Hand|p1b: Hatterene\n|-singleturn|p1b: Hatterene|Helping Hand|[of] p1a: Dachsbun\n|move|p1b: Hatterene|Dazzling Gleam|p2a: Flutter Mane|[spread] p2a,p2b\n|-supereffective|p2b: Chi-Yu\n|-damage|p2a: Flutter Mane|27\/100\n|-damage|p2b: Chi-Yu|0 fnt\n|faint|p2b: Chi-Yu\n|-damage|p1b: Hatterene|37\/100|[from] item: Life Orb\n|\n|upkeep\n|\n|t:|1682040869\n|switch|p2b: Hydreigon|Hydreigon, L50, M|100\/100\n|turn|5\n|\n|t:|1682040886\n|move|p1a: Dachsbun|Helping Hand|p1b: Hatterene\n|-singleturn|p1b: Hatterene|Helping Hand|[of] p1a: Dachsbun\n|move|p2a: Flutter Mane|Protect|p2a: Flutter Mane\n|-singleturn|p2a: Flutter Mane|Protect\n|move|p1b: Hatterene|Dazzling Gleam|p2b: Hydreigon|[spread] p2b\n|-activate|p2a: Flutter Mane|move: Protect\n|-supereffective|p2b: Hydreigon\n|-damage|p2b: Hydreigon|0 fnt\n|faint|p2b: Hydreigon\n|-damage|p1b: Hatterene|27\/100|[from] item: Life Orb\n|\n|-fieldend|move: Trick Room\n|-fieldend|move: Psychic Terrain\n|upkeep\n|\n|t:|1682040898\n|switch|p2b: Vaporeon|Vaporeon, L50, M|54\/100\n|turn|6\n|\n|t:|1682040913\n|move|p2a: Flutter Mane|Shadow Ball|p1b: Hatterene\n|-supereffective|p1b: Hatterene\n|-damage|p1b: Hatterene|0 fnt\n|faint|p1b: Hatterene\n|move|p1a: Dachsbun|Body Press|p2b: Vaporeon\n|-damage|p2b: Vaporeon|32\/100\n|move|p2b: Vaporeon|Yawn|p1a: Dachsbun\n|-start|p1a: Dachsbun|move: Yawn|[of] p2b: Vaporeon\n|\n|upkeep\n|turn|7\n|\n|t:|1682040942\n|move|p2a: Flutter Mane|Moonblast|p1a: Dachsbun\n|-damage|p1a: Dachsbun|0 fnt\n|faint|p1a: Dachsbun\n|\n|win|Amar115\n|l|\u2606Bdogplatinum\n|j|\u2606Bdogplatinum\n|player|p1|Bdogplatinum|cress\n|l|\u2606Bdogplatinum\n|player|p1|\n","uploadtime":1682040974,"views":10,"p1id":"bdogplatinum","p2id":"amar115","formatid":"gen9vgc2023regulationc","rating":0,"private":0,"password":""}