{"id":"gen9vgc2023regulationc-1854397198","p1":"SolarCetitan","p2":"whatupdog123","format":"[Gen 9] VGC 2023 Regulation C","log":"|j|\u2606SolarCetitan\n|j|\u2606whatupdog123\n|t:|1682805751\n|gametype|doubles\n|player|p1|SolarCetitan|silver|1109\n|player|p2|whatupdog123|steven|1080\n|teamsize|p1|6\n|teamsize|p2|6\n|gen|9\n|tier|[Gen 9] VGC 2023 Regulation C\n|rated|\n|rule|Species Clause: Limit one of each Pok\u00e9mon\n|rule|Item Clause: Limit one of each item\n|clearpoke\n|poke|p1|Pincurchin, L50, F|\n|poke|p1|Gyarados, L50, M|\n|poke|p1|Iron Valiant, L50|\n|poke|p1|Medicham, L50, M|\n|poke|p1|Iron Hands, L50|\n|poke|p1|Azumarill, L50, F|\n|poke|p2|Tauros-Paldea-Blaze, L50, M|\n|poke|p2|Froslass, L50, F|\n|poke|p2|Amoonguss, L50, M|\n|poke|p2|Flutter Mane, L50|\n|poke|p2|Chien-Pao, L50|\n|poke|p2|Arcanine, L50, M|\n|teampreview|4\nSolarCetitan rejected open team sheets.\n|\n|t:|1682805783\n|start\n|switch|p1a: Medicham|Medicham, L50, M|100\/100\n|switch|p1b: Iron Hands|Iron Hands, L50|100\/100\n|switch|p2a: Tauros|Tauros-Paldea-Blaze, L50, M|100\/100\n|switch|p2b: Froslass|Froslass, L50, F|100\/100\n|turn|1\n|inactive|Battle timer is ON: inactive players will automatically lose when time's up. (requested by whatupdog123)\n|\n|t:|1682805799\n|move|p2b: Froslass|Protect|p2b: Froslass\n|-singleturn|p2b: Froslass|Protect\n|move|p2a: Tauros|Protect|p2a: Tauros\n|-singleturn|p2a: Tauros|Protect\n|move|p1b: Iron Hands|Fake Out|p2a: Tauros\n|-activate|p2a: Tauros|move: Protect\n|move|p1a: Medicham|Skill Swap||[still]\n|-fail|p1a: Medicham\n|\n|upkeep\n|turn|2\n|\n|t:|1682805822\n|-end|p1b: Iron Hands|Quark Drive|[silent]\n|switch|p1b: Azumarill|Azumarill, L50, F|100\/100\n|move|p2b: Froslass|Frost Breath|p2a: Tauros\n|-resisted|p2a: Tauros\n|-crit|p2a: Tauros\n|-damage|p2a: Tauros|78\/100\n|-setboost|p2a: Tauros|atk|6|[from] ability: Anger Point\n|move|p2a: Tauros|Earthquake|p1b: Azumarill|[spread] p2b,p1a,p1b\n|-enditem|p2b: Froslass|Focus Sash\n|-damage|p2b: Froslass|1\/100\n|-enditem|p1a: Medicham|Focus Sash\n|-damage|p1a: Medicham|1\/100\n|-damage|p1b: Azumarill|5\/100\n|move|p1a: Medicham|Zen Headbutt|p2a: Tauros\n|-supereffective|p2a: Tauros\n|-damage|p2a: Tauros|0 fnt\n|faint|p2a: Tauros\n|\n|upkeep\n|\n|t:|1682805839\n|switch|p2a: Arcanine|Arcanine, L50, M|100\/100\n|-ability|p2a: Arcanine|Intimidate|boost\n|-unboost|p1a: Medicham|atk|1\n|-unboost|p1b: Azumarill|atk|1\n|turn|3\n|\n|t:|1682805858\n|move|p2a: Arcanine|Extreme Speed|p1b: Azumarill\n|-crit|p1b: Azumarill\n|-damage|p1b: Azumarill|0 fnt\n|faint|p1b: Azumarill\n|move|p2b: Froslass|Frost Breath|p1a: Medicham\n|-crit|p1a: Medicham\n|-damage|p1a: Medicham|0 fnt\n|faint|p1a: Medicham\n|\n|upkeep\n|\n|t:|1682805864\n|switch|p1a: Iron Valiant|Iron Valiant, L50|100\/100\n|switch|p1b: Iron Hands|Iron Hands, L50|100\/100\n|turn|4\n|\n|t:|1682805882\n|move|p1a: Iron Valiant|Protect|p1a: Iron Valiant\n|-singleturn|p1a: Iron Valiant|Protect\n|move|p2b: Froslass|Protect|p2b: Froslass\n|-singleturn|p2b: Froslass|Protect\n|move|p2a: Arcanine|Protect|p2a: Arcanine\n|-singleturn|p2a: Arcanine|Protect\n|move|p1b: Iron Hands|Fake Out|p2a: Arcanine\n|-activate|p2a: Arcanine|move: Protect\n|\n|upkeep\n|turn|5\n|inactive|SolarCetitan has 30 seconds left.\n|inactive|whatupdog123 has 30 seconds left.\n|\n|t:|1682805914\n|-terastallize|p1a: Iron Valiant|Fighting\n|-terastallize|p2a: Arcanine|Normal\n|move|p2a: Arcanine|Extreme Speed|p1a: Iron Valiant\n|-damage|p1a: Iron Valiant|50\/100\n|move|p1a: Iron Valiant|Drain Punch|p2a: Arcanine\n|-supereffective|p2a: Arcanine\n|-damage|p2a: Arcanine|0 fnt\n|-heal|p1a: Iron Valiant|100\/100|[from] drain|[of] p2a: Arcanine\n|faint|p2a: Arcanine\n|-damage|p1a: Iron Valiant|91\/100|[from] item: Life Orb\n|move|p2b: Froslass|Destiny Bond|p2b: Froslass\n|-singlemove|p2b: Froslass|Destiny Bond\n|move|p1b: Iron Hands|Thunder Punch|p2b: Froslass\n|-damage|p2b: Froslass|0 fnt\n|faint|p2b: Froslass\n|-activate|p2b: Froslass|move: Destiny Bond\n|faint|p1b: Iron Hands\n|-end|p1b: Iron Hands|Quark Drive|[silent]\n|\n|upkeep\n|\n|t:|1682805928\n|switch|p2b: Chien-Pao|Chien-Pao, L50|100\/100\n|-ability|p2b: Chien-Pao|Sword of Ruin\n|turn|6\n|\n|t:|1682805936\n|move|p1a: Iron Valiant|Protect|p1a: Iron Valiant\n|-singleturn|p1a: Iron Valiant|Protect\n|move|p2b: Chien-Pao|Ice Spinner|p1a: Iron Valiant\n|-activate|p1a: Iron Valiant|move: Protect\n|\n|upkeep\n|turn|7\n|\n|t:|1682805945\n|move|p2b: Chien-Pao|Ice Spinner|p1a: Iron Valiant\n|-damage|p1a: Iron Valiant|7\/100\n|-damage|p2b: Chien-Pao|91\/100|[from] item: Life Orb\n|move|p1a: Iron Valiant|Drain Punch|p2b: Chien-Pao\n|-supereffective|p2b: Chien-Pao\n|-damage|p2b: Chien-Pao|0 fnt\n|-heal|p1a: Iron Valiant|54\/100|[from] drain|[of] p2b: Chien-Pao\n|faint|p2b: Chien-Pao\n|-damage|p1a: Iron Valiant|45\/100|[from] item: Life Orb\n|\n|win|SolarCetitan\n|raw|SolarCetitan's rating: 1109 → 1132<\/strong> (+23 for winning)\n|raw|whatupdog123's rating: 1080 → 1060<\/strong> (-20 for losing)\n|c|\u2606whatupdog123|gg\n|l|\u2606whatupdog123\n|c|\u2606SolarCetitan|Ggs\n","uploadtime":1682805961,"views":20,"p1id":"solarcetitan","p2id":"whatupdog123","formatid":"gen9vgc2023regulationc","rating":1060,"private":0,"password":""}