{"id":"gen9vgc2023regulationc-1850932809","p1":"mrkoklock","p2":"Tronplex","format":"[Gen 9] VGC 2023 Regulation C","log":"|j|\u2606mrkoklock\n|j|\u2606Tronplex\n|t:|1682383879\n|gametype|doubles\n|player|p1|mrkoklock|sisandbro|1192\n|player|p2|Tronplex|101|1182\n|teamsize|p1|6\n|teamsize|p2|6\n|gen|9\n|tier|[Gen 9] VGC 2023 Regulation C\n|rated|\n|rule|Species Clause: Limit one of each Pok\u00e9mon\n|rule|Item Clause: Limit one of each item\n|clearpoke\n|poke|p1|Oranguru, L50, F|\n|poke|p1|Torkoal, L50, F|\n|poke|p1|Hariyama, L50, M|\n|poke|p1|Amoonguss, L50, F|\n|poke|p1|Kingambit, L50, F|\n|poke|p1|Ting-Lu, L50|\n|poke|p2|Chi-Yu, L50|\n|poke|p2|Magnezone, L50|\n|poke|p2|Gyarados, L50, F|\n|poke|p2|Hydreigon, L50, M|\n|poke|p2|Great Tusk, L50|\n|poke|p2|Brambleghast, L50, M|\n|teampreview|4\n|inactive|Battle timer is ON: inactive players will automatically lose when time's up. (requested by mrkoklock)\nmrkoklock rejected open team sheets.\n|inactive|Tronplex has 60 seconds left.\n|inactive|Tronplex has 30 seconds left.\n|inactive|Tronplex has 20 seconds left.\n|inactive|Tronplex has 15 seconds left.\n|inactive|Tronplex has 10 seconds left.\n|\n|t:|1682383961\n|start\n|switch|p1a: Hariyama|Hariyama, L50, M|100\/100\n|switch|p1b: Oranguru|Oranguru, L50, F|100\/100\n|switch|p2a: Chi-Yu|Chi-Yu, L50|100\/100\n|switch|p2b: Magnezone|Magnezone, L50|100\/100\n|-ability|p2a: Chi-Yu|Beads of Ruin\n|turn|1\n|\n|t:|1682383985\n|move|p1a: Hariyama|Fake Out|p2a: Chi-Yu\n|-damage|p2a: Chi-Yu|75\/100\n|cant|p2a: Chi-Yu|flinch\n|move|p2b: Magnezone|Thunder Wave|p1b: Oranguru\n|-status|p1b: Oranguru|par\n|cant|p1b: Oranguru|par\n|\n|-status|p1a: Hariyama|brn|[from] item: Flame Orb\n|upkeep\n|turn|2\n|inactive|mrkoklock has 30 seconds left.\n|inactive|Tronplex has 30 seconds left.\n|inactive|mrkoklock has 20 seconds left.\n|inactive|Tronplex has 20 seconds left.\n|inactive|Tronplex has 15 seconds left.\n|inactive|Tronplex has 10 seconds left.\n|inactive|Tronplex has 5 seconds left.\n|\n|t:|1682384037\n|move|p2a: Chi-Yu|Heat Wave|p1a: Hariyama|[spread] p1a,p1b\n|-damage|p1a: Hariyama|21\/100 brn\n|-damage|p1b: Oranguru|58\/100 par\n|move|p2b: Magnezone|Volt Switch|p1b: Oranguru\n|-damage|p1b: Oranguru|18\/100 par\n|-damage|p2b: Magnezone|91\/100|[from] item: Life Orb\n|\n|t:|1682384045\n|switch|p2b: Gyarados|Gyarados, L50, F|100\/100|[from] Volt Switch\n|-ability|p2b: Gyarados|Intimidate|boost\n|-unboost|p1a: Hariyama|atk|1\n|-fail|p1b: Oranguru|unboost|Attack|[from] ability: Inner Focus|[of] p1b: Oranguru\n|move|p1a: Hariyama|Close Combat|p2b: Gyarados\n|-resisted|p2b: Gyarados\n|-damage|p2b: Gyarados|64\/100\n|-unboost|p1a: Hariyama|def|1\n|-unboost|p1a: Hariyama|spd|1\n|move|p1b: Oranguru|Instruct|p1a: Hariyama\n|-singleturn|p1a: Hariyama|move: Instruct|[of] p1b: Oranguru\n|move|p1a: Hariyama|Close Combat|p2b: Gyarados\n|-resisted|p2b: Gyarados\n|-damage|p2b: Gyarados|27\/100\n|-unboost|p1a: Hariyama|def|1\n|-unboost|p1a: Hariyama|spd|1\n|\n|-damage|p1a: Hariyama|15\/100 brn|[from] brn\n|upkeep\n|turn|3\n|inactive|Tronplex has 30 seconds left.\n|\n|t:|1682384077\n|switch|p2b: Magnezone|Magnezone, L50|91\/100\n|move|p1a: Hariyama|Protect|p1a: Hariyama\n|-singleturn|p1a: Hariyama|Protect\n|move|p2a: Chi-Yu|Heat Wave|p1b: Oranguru|[spread] p1b\n|-activate|p1a: Hariyama|move: Protect\n|-damage|p1b: Oranguru|0 fnt\n|faint|p1b: Oranguru\n|\n|-damage|p1a: Hariyama|9\/100 brn|[from] brn\n|upkeep\n|\n|t:|1682384087\n|switch|p1b: Torkoal|Torkoal, L50, F|100\/100\n|-weather|SunnyDay|[from] ability: Drought|[of] p1b: Torkoal\n|turn|4\n|\n|t:|1682384107\n|-terastallize|p1b: Torkoal|Fire\n|move|p2a: Chi-Yu|Heat Wave|p1b: Torkoal|[spread] p1b\n|-miss|p2a: Chi-Yu|p1a: Hariyama\n|-resisted|p1b: Torkoal\n|-damage|p1b: Torkoal|23\/100\n|move|p2b: Magnezone|Volt Switch|p1b: Torkoal\n|-damage|p1b: Torkoal|0 fnt\n|faint|p1b: Torkoal\n|-damage|p2b: Magnezone|81\/100|[from] item: Life Orb\n|\n|t:|1682384119\n|switch|p2b: Gyarados|Gyarados, L50, F|27\/100|[from] Volt Switch\n|-ability|p2b: Gyarados|Intimidate|boost\n|-unboost|p1a: Hariyama|atk|1\n|move|p1a: Hariyama|Close Combat|p2a: Chi-Yu\n|-supereffective|p2a: Chi-Yu\n|-damage|p2a: Chi-Yu|0 fnt\n|-unboost|p1a: Hariyama|def|1\n|-unboost|p1a: Hariyama|spd|1\n|faint|p2a: Chi-Yu\n|\n|-weather|SunnyDay|[upkeep]\n|-damage|p1a: Hariyama|3\/100 brn|[from] brn\n|upkeep\n|inactive|Tronplex has 30 seconds left.\n|\n|t:|1682384144\n|switch|p2a: Great Tusk|Great Tusk, L50|100\/100\n|switch|p1b: Kingambit|Kingambit, L50, F|100\/100\n|-activate|p2a: Great Tusk|ability: Protosynthesis\n|-start|p2a: Great Tusk|protosynthesisatk\n|turn|5\n|\n|t:|1682384171\n|move|p1b: Kingambit|Sucker Punch||[still]\n|-fail|p1b: Kingambit\n|move|p2a: Great Tusk|Earthquake|p1a: Hariyama|[spread] p1a,p1b\n|-immune|p2b: Gyarados\n|-supereffective|p1b: Kingambit\n|-damage|p1a: Hariyama|0 fnt\n|-damage|p1b: Kingambit|30\/100\n|faint|p1a: Hariyama\n|move|p2b: Gyarados|Thunder Wave|p1b: Kingambit\n|-status|p1b: Kingambit|par\n|\n|-weather|SunnyDay|[upkeep]\n|upkeep\n|turn|6\n|-message|mrkoklock forfeited.\n|\n|win|Tronplex\n|raw|mrkoklock's rating: 1192 → 1166<\/strong> (-26 for losing)\n|raw|Tronplex's rating: 1182 → 1208<\/strong> (+26 for winning)\n|l|\u2606mrkoklock\n","uploadtime":1682384187,"views":10,"p1id":"mrkoklock","p2id":"tronplex","formatid":"gen9vgc2023regulationc","rating":1166,"private":0,"password":""}