{"id":"gen9vgc2023regulationc-1846353250","p1":"suhayb1910","p2":"theiceclimber2","format":"[Gen 9] VGC 2023 Regulation C","log":"|j|\u2606suhayb1910\n|j|\u2606theiceclimber2\n|t:|1681834034\n|gametype|doubles\n|player|p1|suhayb1910|lucas|1116\n|player|p2|theiceclimber2|dawn|1099\n|teamsize|p1|6\n|teamsize|p2|6\n|gen|9\n|tier|[Gen 9] VGC 2023 Regulation C\n|rated|\n|rule|Species Clause: Limit one of each Pok\u00e9mon\n|rule|Item Clause: Limit one of each item\n|clearpoke\n|poke|p1|Tauros-Paldea-Aqua, L50, M|\n|poke|p1|Brute Bonnet, L50|\n|poke|p1|Torkoal, L50, M|\n|poke|p1|Flutter Mane, L50|\n|poke|p1|Indeedee-F, L50, F|\n|poke|p1|Garganacl, L50, M|\n|poke|p2|Chien-Pao, L50|\n|poke|p2|Amoonguss, L50, F|\n|poke|p2|Iron Bundle, L50|\n|poke|p2|Iron Hands, L50|\n|poke|p2|Chi-Yu, L50|\n|poke|p2|Flutter Mane, L50|\n|teampreview|4\n|inactive|Battle timer is ON: inactive players will automatically lose when time's up. (requested by theiceclimber2)\n|inactive|suhayb1910 also wants the timer to be on.\n|inactive|theiceclimber2 has 60 seconds left.\n|\n|t:|1681834069\n|start\n|switch|p1a: Indeedee|Indeedee-F, L50, F|100\/100\n|switch|p1b: Garganacl|Garganacl, L50, M|100\/100\n|switch|p2a: Flutter Who?|Chi-Yu, L50|100\/100\n|switch|p2b: Bolk|Iron Hands, L50|100\/100\n|-ability|p2a: Flutter Who?|Beads of Ruin\n|-fieldstart|move: Psychic Terrain|[from] ability: Psychic Surge|[of] p1a: Indeedee\n|-enditem|p1a: Indeedee|Psychic Seed\n|-boost|p1a: Indeedee|spd|1|[from] item: Psychic Seed\n|turn|1\n|\n|t:|1681834089\n|-terastallize|p1a: Indeedee|Fairy\n|move|p1a: Indeedee|Follow Me|p1a: Indeedee\n|-singleturn|p1a: Indeedee|move: Follow Me\n|move|p2a: Flutter Who?|Snarl|p1b: Garganacl|[spread] p1a,p1b\n|-resisted|p1a: Indeedee\n|-damage|p1a: Indeedee|92\/100\n|-damage|p1b: Garganacl|78\/100\n|-unboost|p1a: Indeedee|spa|1\n|-unboost|p1b: Garganacl|spa|1\n|move|p2b: Bolk|Drain Punch|p1a: Indeedee\n|-resisted|p1a: Indeedee\n|-damage|p1a: Indeedee|70\/100\n|move|p1b: Garganacl|Salt Cure|p2a: Flutter Who?\n|-supereffective|p2a: Flutter Who?\n|-damage|p2a: Flutter Who?|51\/100\n|-start|p2a: Flutter Who?|Salt Cure\n|\n|-damage|p2a: Flutter Who?|39\/100|[from] Salt Cure\n|upkeep\n|-enditem|p2a: Flutter Who?|Sitrus Berry|[eat]\n|-heal|p2a: Flutter Who?|64\/100|[from] item: Sitrus Berry\n|turn|2\n|\n|t:|1681834111\n|switch|p1b: Tauros|Tauros-Paldea-Aqua, L50, M|100\/100\n|-ability|p1b: Tauros|Intimidate|boost\n|-unboost|p2a: Flutter Who?|atk|1\n|-unboost|p2b: Bolk|atk|1\n|move|p2a: Flutter Who?|Heat Wave|p1b: Tauros|[spread] \n|-miss|p2a: Flutter Who?|p1a: Indeedee\n|-miss|p2a: Flutter Who?|p1b: Tauros\n|move|p2b: Bolk|Wild Charge|p1a: Indeedee\n|-damage|p1a: Indeedee|34\/100\n|-damage|p2b: Bolk|94\/100|[from] Recoil\n|move|p1a: Indeedee|Trick Room|p1a: Indeedee\n|-fieldstart|move: Trick Room|[of] p1a: Indeedee\n|\n|-damage|p2a: Flutter Who?|52\/100|[from] Salt Cure\n|upkeep\n|turn|3\n|c|\u2606theiceclimber2|Well that sucks\n|c|\u2606suhayb1910|ik\n|inactive|suhayb1910 has 30 seconds left.\n|\n|t:|1681834141\n|switch|p2a: Powah|Iron Bundle, L50|100\/100\n|-enditem|p2a: Powah|Booster Energy\n|-activate|p2a: Powah|ability: Quark Drive|[fromitem]\n|-start|p2a: Powah|quarkdrivespe\n|move|p2b: Bolk|Wild Charge|p1a: Indeedee\n|-damage|p1a: Indeedee|3\/100\n|-damage|p2b: Bolk|89\/100|[from] Recoil\n|move|p1a: Indeedee|Psyshock|p2b: Bolk\n|-supereffective|p2b: Bolk\n|-damage|p2b: Bolk|54\/100\n|move|p1b: Tauros|Body Press|p2a: Powah\n|-supereffective|p2a: Powah\n|-damage|p2a: Powah|35\/100\n|\n|upkeep\n|turn|4\n|c|\u2606theiceclimber2|It's okay though such is the game\n|c|\u2606suhayb1910|well said\n|\n|t:|1681834165\n|move|p2a: Powah|Protect|p2a: Powah\n|-singleturn|p2a: Powah|Protect\n|move|p1a: Indeedee|Follow Me|p1a: Indeedee\n|-singleturn|p1a: Indeedee|move: Follow Me\n|move|p2b: Bolk|Wild Charge|p1a: Indeedee\n|-damage|p1a: Indeedee|0 fnt\n|faint|p1a: Indeedee\n|-damage|p2b: Bolk|54\/100|[from] Recoil\n|move|p1b: Tauros|Body Press|p2a: Powah\n|-activate|p2a: Powah|move: Protect\n|\n|upkeep\n|\n|t:|1681834176\n|switch|p1a: Torkoal|Torkoal, L50, M|100\/100\n|-weather|SunnyDay|[from] ability: Drought|[of] p1a: Torkoal\n|turn|5\n|\n|t:|1681834189\n|-end|p2a: Powah|Quark Drive|[silent]\n|switch|p2a: Okay buddy|Flutter Mane, L50|100\/100\n|-activate|p2a: Okay buddy|ability: Protosynthesis\n|-start|p2a: Okay buddy|protosynthesisspe\n|move|p1a: Torkoal|Eruption|p2b: Bolk|[spread] p2a,p2b\n|-damage|p2a: Okay buddy|17\/100\n|-damage|p2b: Bolk|17\/100\n|move|p2b: Bolk|Wild Charge|p1b: Tauros\n|-supereffective|p1b: Tauros\n|-damage|p1b: Tauros|43\/100\n|-damage|p2b: Bolk|6\/100|[from] Recoil\n|move|p1b: Tauros|Body Press|p2b: Bolk\n|-damage|p2b: Bolk|0 fnt\n|faint|p2b: Bolk\n|-end|p2b: Bolk|Quark Drive|[silent]\n|\n|-weather|SunnyDay|[upkeep]\n|-heal|p1b: Tauros|49\/100|[from] item: Leftovers\n|-fieldend|move: Psychic Terrain\n|upkeep\n|\n|t:|1681834198\n|switch|p2b: Flutter Who?|Chi-Yu, L50|52\/100\n|-ability|p2b: Flutter Who?|Beads of Ruin\n|turn|6\n|\n|t:|1681834219\n|move|p2b: Flutter Who?|Protect|p2b: Flutter Who?\n|-singleturn|p2b: Flutter Who?|Protect\n|move|p1a: Torkoal|Earth Power|p2b: Flutter Who?\n|-activate|p2b: Flutter Who?|move: Protect\n|move|p1b: Tauros|Raging Bull|p2a: Okay buddy\n|-damage|p2a: Okay buddy|0 fnt\n|faint|p2a: Okay buddy\n|-end|p2a: Okay buddy|Protosynthesis|[silent]\n|\n|-weather|SunnyDay|[upkeep]\n|-heal|p1b: Tauros|55\/100|[from] item: Leftovers\n|-fieldend|move: Trick Room\n|upkeep\n|\n|t:|1681834227\n|switch|p2a: Powah|Iron Bundle, L50|35\/100\n|turn|7\n|\n|t:|1681834245\n|move|p2a: Powah|Hydro Pump|p1a: Torkoal\n|-supereffective|p1a: Torkoal\n|-damage|p1a: Torkoal|28\/100\n|move|p2b: Flutter Who?|Heat Wave|p1b: Tauros|[spread] p1a\n|-miss|p2b: Flutter Who?|p1b: Tauros\n|-resisted|p1a: Torkoal\n|-damage|p1a: Torkoal|0 fnt\n|faint|p1a: Torkoal\n|move|p1b: Tauros|Body Press|p2b: Flutter Who?\n|-supereffective|p2b: Flutter Who?\n|-damage|p2b: Flutter Who?|0 fnt\n|faint|p2b: Flutter Who?\n|\n|-weather|SunnyDay|[upkeep]\n|-heal|p1b: Tauros|61\/100|[from] item: Leftovers\n|upkeep\n|c|\u2606theiceclimber2|Sigh\n|\n|t:|1681834258\n|switch|p1a: Garganacl|Garganacl, L50, M|78\/100\n|turn|8\n|c|\u2606suhayb1910|i cant lie i got super lucky\n|c|\u2606theiceclimber2|Yeah\n|c|\u2606theiceclimber2|It's okay though\n|\n|t:|1681834281\n|-terastallize|p2a: Powah|Ghost\n|move|p2a: Powah|Hydro Pump|p1a: Garganacl\n|-supereffective|p1a: Garganacl\n|-damage|p1a: Garganacl|40\/100\n|move|p1b: Tauros|Body Press|p2a: Powah\n|-immune|p2a: Powah\n|move|p1a: Garganacl|Body Press|p2a: Powah\n|-immune|p2a: Powah\n|\n|-weather|SunnyDay|[upkeep]\n|-heal|p1b: Tauros|67\/100|[from] item: Leftovers\n|upkeep\n|turn|9\n|c|\u2606theiceclimber2|I just wonder if I would've won without\n|c|\u2606suhayb1910|well played\n|c|\u2606suhayb1910|idk\n|\n|t:|1681834302\n|move|p2a: Powah|Freeze-Dry|p1b: Tauros\n|-supereffective|p1b: Tauros\n|-damage|p1b: Tauros|0 fnt\n|faint|p1b: Tauros\n|move|p1a: Garganacl|Salt Cure|p2a: Powah\n|-damage|p2a: Powah|13\/100\n|-start|p2a: Powah|Salt Cure\n|\n|-weather|none\n|-damage|p2a: Powah|1\/100|[from] Salt Cure\n|upkeep\n|turn|10\n|\n|t:|1681834313\n|move|p2a: Powah|Hydro Pump|p1a: Garganacl|[miss]\n|-miss|p2a: Powah|p1a: Garganacl\n|move|p1a: Garganacl|Heavy Slam|p2a: Powah\n|-damage|p2a: Powah|0 fnt\n|faint|p2a: Powah\n|-end|p2a: Powah|Quark Drive|[silent]\n|\n|win|suhayb1910\n|raw|suhayb1910's rating: 1116 → 1140<\/strong> (+24 for winning)\n|raw|theiceclimber2's rating: 1099 → 1075<\/strong> (-24 for losing)\n|c|\u2606theiceclimber2|lol\n|c|\u2606suhayb1910|gg\n|c|\u2606theiceclimber2|That miss was the nail in the coffin\n|c|\u2606theiceclimber2|Gg\n|c|\u2606suhayb1910|just to rub it in\n|c|\u2606theiceclimber2|Sigh\n|c|\u2606theiceclimber2|What do I do differently there\n|l|\u2606suhayb1910\n","uploadtime":1681834352,"views":16,"p1id":"suhayb1910","p2id":"theiceclimber2","formatid":"gen9vgc2023regulationc","rating":1075,"private":0,"password":""}