{"id":"gen9vgc2023regulationc-1861141731","p1":"Beru98","p2":"redstonejesus","format":"[Gen 9] VGC 2023 Regulation C","log":"|j|\u2606Beru98\n|j|\u2606redstonejesus\n|t:|1683730228\n|gametype|doubles\n|player|p1|Beru98|170|1267\n|player|p2|redstonejesus|101|1168\n|teamsize|p1|6\n|teamsize|p2|6\n|gen|9\n|tier|[Gen 9] VGC 2023 Regulation C\n|rated|\n|rule|Species Clause: Limit one of each Pok\u00e9mon\n|rule|Item Clause: Limit one of each item\n|clearpoke\n|poke|p1|Torkoal, L50, M|\n|poke|p1|Jumpluff, L50, M|\n|poke|p1|Great Tusk, L50|\n|poke|p1|Flutter Mane, L50|\n|poke|p1|Sandy Shocks, L50|\n|poke|p1|Kingambit, L50, F|\n|poke|p2|Great Tusk, L50|\n|poke|p2|Murkrow, L50, M|\n|poke|p2|Flutter Mane, L50|\n|poke|p2|Iron Bundle, L50|\n|poke|p2|Kingambit, L50, F|\n|poke|p2|Amoonguss, L50, F|\n|teampreview|4\n|\n|t:|1683730243\n|start\n|switch|p1a: Torkoal|Torkoal, L50, M|100\/100\n|switch|p1b: Jumpluff|Jumpluff, L50, M|100\/100\n|switch|p2a: Move Along|Iron Bundle, L50|100\/100\n|switch|p2b: Nevermore|Murkrow, L50, M|100\/100\n|-weather|SunnyDay|[from] ability: Drought|[of] p1a: Torkoal\n|-enditem|p2a: Move Along|Booster Energy\n|-activate|p2a: Move Along|ability: Quark Drive|[fromitem]\n|-start|p2a: Move Along|quarkdrivespe\n|turn|1\n|\n|t:|1683730262\n|move|p2b: Nevermore|Tailwind|p2b: Nevermore\n|-sidestart|p2: redstonejesus|move: Tailwind\n|move|p2a: Move Along|Freeze-Dry|p1b: Jumpluff\n|-supereffective|p1b: Jumpluff\n|-damage|p1b: Jumpluff|0 fnt\n|faint|p1b: Jumpluff\n|move|p1a: Torkoal|Overheat|p2a: Move Along\n|-damage|p2a: Move Along|0 fnt\n|-unboost|p1a: Torkoal|spa|2\n|-enditem|p1a: Torkoal|Eject Pack\n|faint|p2a: Move Along\n|-end|p2a: Move Along|Quark Drive|[silent]\n|\n|t:|1683730272\n|switch|p1a: Sandy Shocks|Sandy Shocks, L50|100\/100\n|-activate|p1a: Sandy Shocks|ability: Protosynthesis\n|-start|p1a: Sandy Shocks|protosynthesisspe\n|\n|-weather|SunnyDay|[upkeep]\n|upkeep\n|\n|t:|1683730280\n|switch|p2a: Goodlife|Great Tusk, L50, shiny|100\/100\n|switch|p1b: Great Tusk|Great Tusk, L50|100\/100\n|-activate|p2a: Goodlife|ability: Protosynthesis\n|-start|p2a: Goodlife|protosynthesisatk\n|-activate|p1b: Great Tusk|ability: Protosynthesis\n|-start|p1b: Great Tusk|protosynthesisatk\n|turn|2\n|\n|t:|1683730298\n|-terastallize|p1a: Sandy Shocks|Flying\n|move|p2a: Goodlife|Headlong Rush|p1a: Sandy Shocks\n|-immune|p1a: Sandy Shocks\n|move|p1a: Sandy Shocks|Tera Blast|p2a: Goodlife\n|-supereffective|p2a: Goodlife\n|-damage|p2a: Goodlife|8\/100\n|move|p2b: Nevermore|Foul Play|p1b: Great Tusk\n|-resisted|p1b: Great Tusk\n|-damage|p1b: Great Tusk|80\/100\n|move|p1b: Great Tusk|Rock Slide|p2a: Goodlife|[spread] p2a,p2b\n|-resisted|p2a: Goodlife\n|-supereffective|p2b: Nevermore\n|-damage|p2a: Goodlife|4\/100\n|-damage|p2b: Nevermore|45\/100\n|\n|-weather|SunnyDay|[upkeep]\n|upkeep\n|turn|3\n|\n|t:|1683730323\n|move|p2a: Goodlife|Headlong Rush|p1b: Great Tusk\n|-damage|p1b: Great Tusk|16\/100\n|-unboost|p2a: Goodlife|def|1\n|-unboost|p2a: Goodlife|spd|1\n|move|p1a: Sandy Shocks|Thunderbolt|p2b: Nevermore\n|-supereffective|p2b: Nevermore\n|-damage|p2b: Nevermore|0 fnt\n|faint|p2b: Nevermore\n|move|p1b: Great Tusk|Rock Slide|p2a: Goodlife\n|-resisted|p2a: Goodlife\n|-crit|p2a: Goodlife\n|-damage|p2a: Goodlife|0 fnt\n|faint|p2a: Goodlife\n|-end|p2a: Goodlife|Protosynthesis|[silent]\n|\n|-weather|SunnyDay|[upkeep]\n|upkeep\n|\n|t:|1683730336\n|switch|p2b: Kingslayer|Flutter Mane, L50|100\/100\n|-activate|p2b: Kingslayer|ability: Protosynthesis\n|-start|p2b: Kingslayer|protosynthesisspa\n|turn|4\n|\n|t:|1683730346\n|-end|p1b: Great Tusk|Protosynthesis|[silent]\n|switch|p1b: Torkoal|Torkoal, L50, M|100\/100\n|-terastallize|p2b: Kingslayer|Fairy\n|move|p2b: Kingslayer|Dazzling Gleam|p1a: Sandy Shocks|[spread] p1a,p1b\n|-resisted|p1b: Torkoal\n|-enditem|p1a: Sandy Shocks|Focus Sash\n|-damage|p1a: Sandy Shocks|1\/100\n|-damage|p1b: Torkoal|55\/100\n|move|p1a: Sandy Shocks|Thunder Wave|p2b: Kingslayer\n|-status|p2b: Kingslayer|par\n|\n|-weather|SunnyDay|[upkeep]\n|-sideend|p2: redstonejesus|move: Tailwind\n|upkeep\n|turn|5\n|\n|t:|1683730366\n|move|p1a: Sandy Shocks|Thunderbolt|p2b: Kingslayer\n|-damage|p2b: Kingslayer|54\/100 par\n|move|p2b: Kingslayer|Dazzling Gleam|p1a: Sandy Shocks|[spread] p1a,p1b\n|-resisted|p1b: Torkoal\n|-damage|p1a: Sandy Shocks|0 fnt\n|-damage|p1b: Torkoal|7\/100\n|faint|p1a: Sandy Shocks\n|-end|p1a: Sandy Shocks|Protosynthesis|[silent]\n|move|p1b: Torkoal|Overheat|p2b: Kingslayer\n|-damage|p2b: Kingslayer|0 fnt\n|-unboost|p1b: Torkoal|spa|2\n|faint|p2b: Kingslayer\n|-end|p2b: Kingslayer|Protosynthesis|[silent]\n|\n|win|Beru98\n|raw|Beru98's rating: 1267 → 1285<\/strong> (+18 for winning)\n|raw|redstonejesus's rating: 1168 → 1150<\/strong> (-18 for losing)\n|l|\u2606redstonejesus\n|l|\u2606Beru98\n|j|\u2606redstonejesus\n|player|p2|redstonejesus|101\n","uploadtime":1683730396,"views":7,"p1id":"beru98","p2id":"redstonejesus","formatid":"gen9vgc2023regulationc","rating":1150,"private":0,"password":""}