{"id":"gen9vgc2023regulationc-1847451509","p1":"dunsparcedingo","p2":"GisforGamma","format":"[Gen 9] VGC 2023 Regulation C","log":"|j|\u2606dunsparcedingo\n|j|\u203dGisforGamma\n|t:|1681956735\n|gametype|doubles\n|player|p1|dunsparcedingo|zinnia|1204\n|player|p2|GisforGamma|gentleman-gen4dp|1150\n|teamsize|p1|6\n|teamsize|p2|6\n|gen|9\n|tier|[Gen 9] VGC 2023 Regulation C\n|rated|\n|rule|Species Clause: Limit one of each Pok\u00e9mon\n|rule|Item Clause: Limit one of each item\n|clearpoke\n|poke|p1|Torkoal, L50, F|\n|poke|p1|Jumpluff, L50, M|\n|poke|p1|Chi-Yu, L50|\n|poke|p1|Flutter Mane, L50|\n|poke|p1|Iron Bundle, L50|\n|poke|p1|Slither Wing, L50|\n|poke|p2|Coalossal, L50, M|\n|poke|p2|Bruxish, L50, F|\n|poke|p2|Dragonite, L50, F|\n|poke|p2|Chien-Pao, L50|\n|poke|p2|Flutter Mane, L50|\n|poke|p2|Iron Hands, L50|\n|teampreview|4\ndunsparcedingo has agreed to open team sheets.\nGisforGamma has agreed to open team sheets.\n|\n|t:|1681956780\n|start\n|switch|p1a: Torkoal|Torkoal, L50, F|100\/100\n|switch|p1b: Jumpluff|Jumpluff, L50, M|100\/100\n|switch|p2a: Coalossal|Coalossal, L50, M|100\/100\n|switch|p2b: Bruxish|Bruxish, L50, F, shiny|100\/100\n|-weather|SunnyDay|[from] ability: Drought|[of] p1a: Torkoal\n|turn|1\n|\n|t:|1681956813\n|switch|p1a: Flutter Mane|Flutter Mane, L50|100\/100\n|-activate|p1a: Flutter Mane|ability: Protosynthesis\n|-start|p1a: Flutter Mane|protosynthesisspe\n|-terastallize|p2a: Coalossal|Ground\n|move|p2b: Bruxish|Aqua Jet|p2a: Coalossal\n|-supereffective|p2a: Coalossal\n|-crit|p2a: Coalossal\n|-damage|p2a: Coalossal|83\/100\n|-ability|p2a: Coalossal|Steam Engine|boost\n|-boost|p2a: Coalossal|spe|6\n|-enditem|p2a: Coalossal|Weakness Policy\n|-boost|p2a: Coalossal|atk|2|[from] item: Weakness Policy\n|-boost|p2a: Coalossal|spa|2|[from] item: Weakness Policy\n|move|p2a: Coalossal|Flare Blitz|p1b: Jumpluff\n|-supereffective|p1b: Jumpluff\n|-enditem|p1b: Jumpluff|Focus Sash\n|-damage|p1b: Jumpluff|1\/100\n|-damage|p2a: Coalossal|51\/100|[from] Recoil\n|move|p1b: Jumpluff|Sleep Powder|p2a: Coalossal\n|-status|p2a: Coalossal|slp|[from] move: Sleep Powder\n|\n|-weather|SunnyDay|[upkeep]\n|upkeep\n|turn|2\n|\n|t:|1681956855\n|switch|p1b: Slither Wing|Slither Wing, L50|100\/100\n|-activate|p1b: Slither Wing|ability: Protosynthesis\n|-start|p1b: Slither Wing|protosynthesisatk\n|cant|p2a: Coalossal|slp\n|move|p2b: Bruxish|Aqua Jet|p1b: Slither Wing\n|-damage|p1b: Slither Wing|94\/100\n|move|p1a: Flutter Mane|Moonblast|p2a: Coalossal\n|-damage|p2a: Coalossal|0 fnt\n|faint|p2a: Coalossal\n|\n|-weather|SunnyDay|[upkeep]\n|upkeep\n|\n|t:|1681956869\n|switch|p2a: Flutter Mane|Flutter Mane, L50|100\/100\n|-activate|p2a: Flutter Mane|ability: Protosynthesis\n|-start|p2a: Flutter Mane|protosynthesisspe\n|turn|3\n|\n|t:|1681956896\n|-end|p1a: Flutter Mane|Protosynthesis|[silent]\n|switch|p1a: Torkoal|Torkoal, L50, F|100\/100\n|-terastallize|p1b: Slither Wing|Fire\n|move|p2a: Flutter Mane|Protect|p2a: Flutter Mane\n|-singleturn|p2a: Flutter Mane|Protect\n|move|p1b: Slither Wing|First Impression||[still]\n|cant|p2b: Bruxish|ability: Dazzling|First Impression|[of] p1b: Slither Wing\n|move|p2b: Bruxish|Super Fang|p1b: Slither Wing\n|-damage|p1b: Slither Wing|47\/100\n|\n|-weather|SunnyDay|[upkeep]\n|upkeep\n|turn|4\n|\n|t:|1681956941\n|-end|p1b: Slither Wing|Protosynthesis|[silent]\n|switch|p1b: Flutter Mane|Flutter Mane, L50|100\/100\n|-activate|p1b: Flutter Mane|ability: Protosynthesis\n|-start|p1b: Flutter Mane|protosynthesisspe\n|move|p2a: Flutter Mane|Shadow Ball|p1b: Flutter Mane\n|-supereffective|p1b: Flutter Mane\n|-damage|p1b: Flutter Mane|2\/100\n|move|p2b: Bruxish|Super Fang|p1a: Torkoal\n|-damage|p1a: Torkoal|50\/100\n|move|p1a: Torkoal|Overheat|p2a: Flutter Mane\n|-damage|p2a: Flutter Mane|34\/100\n|-unboost|p1a: Torkoal|spa|2\n|\n|-weather|SunnyDay|[upkeep]\n|-heal|p1a: Torkoal|56\/100|[from] item: Leftovers\n|upkeep\n|turn|5\n|\n|t:|1681956983\n|-end|p1b: Flutter Mane|Protosynthesis|[silent]\n|switch|p1b: Slither Wing|Slither Wing, L50, tera:Fire|47\/100\n|-activate|p1b: Slither Wing|ability: Protosynthesis\n|-start|p1b: Slither Wing|protosynthesisatk\n|switch|p1a: Jumpluff|Jumpluff, L50, M|1\/100\n|move|p2b: Bruxish|Aqua Jet|p1b: Slither Wing\n|-supereffective|p1b: Slither Wing\n|-damage|p1b: Slither Wing|35\/100\n|move|p2a: Flutter Mane|Moonblast|p1a: Jumpluff\n|-damage|p1a: Jumpluff|0 fnt\n|faint|p1a: Jumpluff\n|\n|-weather|none\n|-end|p2a: Flutter Mane|Protosynthesis\n|-end|p1b: Slither Wing|Protosynthesis\n|upkeep\n|-enditem|p2a: Flutter Mane|Booster Energy\n|-activate|p2a: Flutter Mane|ability: Protosynthesis|[fromitem]\n|-start|p2a: Flutter Mane|protosynthesisspe\n|\n|t:|1681957003\n|switch|p1a: Torkoal|Torkoal, L50, F|56\/100\n|-weather|SunnyDay|[from] ability: Drought|[of] p1a: Torkoal\n|-activate|p1b: Slither Wing|ability: Protosynthesis\n|-start|p1b: Slither Wing|protosynthesisatk\n|turn|6\n|\n|t:|1681957022\n|move|p2b: Bruxish|Aqua Jet|p1b: Slither Wing\n|-supereffective|p1b: Slither Wing\n|-damage|p1b: Slither Wing|21\/100\n|move|p2a: Flutter Mane|Shadow Ball|p1b: Slither Wing\n|-damage|p1b: Slither Wing|0 fnt\n|faint|p1b: Slither Wing\n|-end|p1b: Slither Wing|Protosynthesis|[silent]\n|move|p1a: Torkoal|Overheat|p2a: Flutter Mane\n|-damage|p2a: Flutter Mane|0 fnt\n|-unboost|p1a: Torkoal|spa|2\n|faint|p2a: Flutter Mane\n|-end|p2a: Flutter Mane|Protosynthesis|[silent]\n|\n|-weather|SunnyDay|[upkeep]\n|-heal|p1a: Torkoal|62\/100|[from] item: Leftovers\n|upkeep\n|\n|t:|1681957038\n|switch|p2a: Dragonite|Dragonite, L50, F|100\/100\n|switch|p1b: Flutter Mane|Flutter Mane, L50|2\/100\n|-activate|p1b: Flutter Mane|ability: Protosynthesis\n|-start|p1b: Flutter Mane|protosynthesisspe\n|turn|7\n|-message|dunsparcedingo forfeited.\n|\n|win|GisforGamma\n|raw|dunsparcedingo's rating: 1204 → 1175<\/strong> (-29 for losing)\n|raw|GisforGamma's rating: 1150 → 1179<\/strong> (+29 for winning)\n","uploadtime":1681957046,"views":11,"p1id":"dunsparcedingo","p2id":"gisforgamma","formatid":"gen9vgc2023regulationc","rating":1175,"private":0,"password":""}