{"id":"gen9vgc2023regulationc-1845704977","p1":"mietitore22","p2":"DrChocolateMD","format":"[Gen 9] VGC 2023 Regulation C","log":"|j|\u2606mietitore22\n|j|\u2606DrChocolateMD\n|t:|1681757081\n|gametype|doubles\n|player|p1|mietitore22|170|1106\n|player|p2|DrChocolateMD|cyrus|1007\n|teamsize|p1|6\n|teamsize|p2|6\n|gen|9\n|tier|[Gen 9] VGC 2023 Regulation C\n|rated|\n|rule|Species Clause: Limit one of each Pok\u00e9mon\n|rule|Item Clause: Limit one of each item\n|clearpoke\n|poke|p1|Amoonguss, L50, F|\n|poke|p1|Flutter Mane, L50|\n|poke|p1|Chien-Pao, L50|\n|poke|p1|Great Tusk, L50|\n|poke|p1|Talonflame, L50, F|\n|poke|p1|Glimmora, L50, M|\n|poke|p2|Ting-Lu, L50|\n|poke|p2|Gyarados, L50, F|\n|poke|p2|Orthworm, L50, F|\n|poke|p2|Dragonite, L50, F|\n|poke|p2|Annihilape, L50, F|\n|poke|p2|Maushold, L50|\n|teampreview|4\nDrChocolateMD rejected open team sheets.\n|inactive|Battle timer is ON: inactive players will automatically lose when time's up. (requested by mietitore22)\n|\n|t:|1681757125\n|start\n|switch|p1a: Talonflame|Talonflame, L50, F|100\/100\n|switch|p1b: Chien-Pao|Chien-Pao, L50|100\/100\n|switch|p2a: Gyarados|Gyarados, L50, F|100\/100\n|switch|p2b: Orthworm|Orthworm, L50, F|100\/100\n|-ability|p1b: Chien-Pao|Sword of Ruin\n|-ability|p2a: Gyarados|Intimidate|boost\n|-unboost|p1a: Talonflame|atk|1\n|-unboost|p1b: Chien-Pao|atk|1\n|turn|1\n|\n|t:|1681757144\n|-terastallize|p1b: Chien-Pao|Steel\n|-terastallize|p2b: Orthworm|Fire\n|move|p1a: Talonflame|Tailwind|p1a: Talonflame\n|-sidestart|p1: mietitore22|move: Tailwind\n|move|p1b: Chien-Pao|Sacred Sword|p2b: Orthworm\n|-damage|p2b: Orthworm|80\/100\n|move|p2a: Gyarados|Thunder Wave|p1a: Talonflame\n|-status|p1a: Talonflame|par\n|move|p2b: Orthworm|Iron Defense|p2b: Orthworm\n|-boost|p2b: Orthworm|def|2\n|\n|upkeep\n|turn|2\n|\n|t:|1681757167\n|switch|p1a: Amoonguss|Amoonguss, L50, F|100\/100\n|move|p1b: Chien-Pao|Haze|p1b: Chien-Pao\n|-clearallboost\n|move|p2a: Gyarados|Waterfall|p1a: Amoonguss\n|-resisted|p1a: Amoonguss\n|-damage|p1a: Amoonguss|81\/100\n|move|p2b: Orthworm|Body Press|p1b: Chien-Pao\n|-supereffective|p1b: Chien-Pao\n|-crit|p1b: Chien-Pao\n|-enditem|p1b: Chien-Pao|Focus Sash\n|-damage|p1b: Chien-Pao|1\/100\n|\n|upkeep\n|turn|3\n|\n|t:|1681757186\n|move|p1a: Amoonguss|Rage Powder|p1a: Amoonguss\n|-singleturn|p1a: Amoonguss|move: Rage Powder\n|move|p1b: Chien-Pao|Sacred Sword|p2b: Orthworm\n|-damage|p2b: Orthworm|52\/100\n|move|p2a: Gyarados|Taunt|p1a: Amoonguss\n|-start|p1a: Amoonguss|move: Taunt\n|move|p2b: Orthworm|Shed Tail|p2b: Orthworm\n|-start|p2b: Orthworm|Substitute|[from] move: Shed Tail\n|-damage|p2b: Orthworm|2\/100\n|-enditem|p2b: Orthworm|Sitrus Berry|[eat]\n|-heal|p2b: Orthworm|27\/100|[from] item: Sitrus Berry\n|\n|t:|1681757197\n|switch|p2b: Dragonite|Dragonite, L50, F|100\/100|[from] Shed Tail\n|\n|upkeep\n|turn|4\n|\n|t:|1681757216\n|move|p1b: Chien-Pao|Protect|p1b: Chien-Pao\n|-singleturn|p1b: Chien-Pao|Protect\n|move|p2b: Dragonite|Dragon Dance|p2b: Dragonite\n|-boost|p2b: Dragonite|atk|1\n|-boost|p2b: Dragonite|spe|1\n|move|p2a: Gyarados|Bulldoze|p1b: Chien-Pao|[spread] p1a\n|-activate|p1b: Chien-Pao|move: Protect\n|-immune|p2b: Dragonite\n|-damage|p1a: Amoonguss|69\/100\n|-unboost|p1a: Amoonguss|spe|1\n|move|p1a: Amoonguss|Pollen Puff|p1b: Chien-Pao\n|-activate|p1b: Chien-Pao|move: Protect\n|\n|-sideend|p1: mietitore22|move: Tailwind\n|upkeep\n|turn|5\n|inactive|mietitore22 has 30 seconds left.\n|inactive|DrChocolateMD has 30 seconds left.\n|\n|t:|1681757249\n|move|p2b: Dragonite|Earthquake|p1b: Chien-Pao|[spread] p1a,p1b\n|-immune|p2a: Gyarados\n|-supereffective|p1b: Chien-Pao\n|-damage|p1a: Amoonguss|30\/100\n|-damage|p1b: Chien-Pao|0 fnt\n|-enditem|p1a: Amoonguss|Sitrus Berry|[eat]\n|-heal|p1a: Amoonguss|55\/100|[from] item: Sitrus Berry\n|faint|p1b: Chien-Pao\n|move|p2a: Gyarados|Bulldoze|p1a: Amoonguss|[spread] p1a\n|-immune|p2b: Dragonite\n|-damage|p1a: Amoonguss|45\/100\n|-unboost|p1a: Amoonguss|spe|1\n|move|p1a: Amoonguss|Pollen Puff|p2a: Gyarados\n|-resisted|p2a: Gyarados\n|-damage|p2a: Gyarados|92\/100\n|\n|upkeep\n|\n|t:|1681757265\n|switch|p1b: Great Tusk|Great Tusk, L50|100\/100\n|turn|6\n|\n|t:|1681757276\n|switch|p2a: Orthworm|Orthworm, L50, F, tera:Fire|27\/100\n|move|p2b: Dragonite|Earthquake|p1a: Amoonguss|[spread] p1a,p1b\n|-heal|p2a: Orthworm|52\/100|[from] ability: Earth Eater|[of] p2b: Dragonite\n|-damage|p1a: Amoonguss|12\/100\n|-damage|p1b: Great Tusk|71\/100\n|move|p1b: Great Tusk|Headlong Rush|p2b: Dragonite\n|-immune|p2b: Dragonite\n|move|p1a: Amoonguss|Pollen Puff|p2b: Dragonite\n|-resisted|p2b: Dragonite\n|-activate|p2b: Dragonite|move: Substitute|[damage]\n|\n|-end|p1a: Amoonguss|move: Taunt\n|upkeep\n|turn|7\n|-message|mietitore22 forfeited.\n|\n|win|DrChocolateMD\n|raw|mietitore22's rating: 1106 → 1074<\/strong> (-32 for losing)\n|raw|DrChocolateMD's rating: 1007 → 1057<\/strong> (+50 for winning)\n|l|\u2606mietitore22\n","uploadtime":1681757293,"views":9,"p1id":"mietitore22","p2id":"drchocolatemd","formatid":"gen9vgc2023regulationc","rating":1057,"private":0,"password":""}