{"id":"gen9vgc2023regulationc-1857919101","p1":"kaizerfattah","p2":"bubafulbo","format":"[Gen 9] VGC 2023 Regulation C","log":"|j|\u2606kaizerfattah\n|j|\u2606bubafulbo\n|t:|1683247305\n|gametype|doubles\n|player|p1|kaizerfattah|hilda-wonderlauncher|1375\n|player|p2|bubafulbo|cynthia-gen4|1335\n|teamsize|p1|6\n|teamsize|p2|6\n|gen|9\n|tier|[Gen 9] VGC 2023 Regulation C\n|rated|\n|rule|Species Clause: Limit one of each Pok\u00e9mon\n|rule|Item Clause: Limit one of each item\n|clearpoke\n|poke|p1|Dachsbun, L50, F|\n|poke|p1|Flutter Mane, L50|\n|poke|p1|Baxcalibur, L50, F|\n|poke|p1|Chi-Yu, L50|\n|poke|p1|Azumarill, L50, M|\n|poke|p1|Iron Hands, L50|\n|poke|p2|Dragapult, L50, M|\n|poke|p2|Amoonguss, L50, F|\n|poke|p2|Ting-Lu, L50|\n|poke|p2|Arcanine, L50, M|\n|poke|p2|Palafin, L50, F|\n|poke|p2|Flutter Mane, L50|\n|teampreview|4\n|inactive|Battle timer is ON: inactive players will automatically lose when time's up. (requested by kaizerfattah)\n|\n|t:|1683247332\n|start\n|switch|p1a: Smoked fillet|Chi-Yu, L50|100\/100\n|switch|p1b: Mustard|Iron Hands, L50|100\/100\n|switch|p2a: Palafin|Palafin, L50, F|100\/100\n|switch|p2b: Flutter Mane|Flutter Mane, L50|100\/100\n|-ability|p1a: Smoked fillet|Beads of Ruin\n|turn|1\n|\n|t:|1683247344\n|detailschange|p2a: Palafin|Palafin-Hero, L50, F\n|switch|p2a: Arcanine|Arcanine, L50, M|100\/100\n|-ability|p2a: Arcanine|Intimidate|boost\n|-unboost|p1a: Smoked fillet|atk|1\n|-unboost|p1b: Mustard|atk|1\n|-end|p1b: Mustard|Quark Drive|[silent]\n|switch|p1b: Hot Loaf|Dachsbun, L50, F|100\/100\n|move|p1a: Smoked fillet|Lava Plume|p2b: Flutter Mane|[spread] p2a,p2b\n|-ability|p1b: Hot Loaf|Well-Baked Body|boost\n|-boost|p1b: Hot Loaf|def|2\n|-resisted|p2a: Arcanine\n|-damage|p2a: Arcanine|75\/100\n|-damage|p2b: Flutter Mane|51\/100\n|-status|p2b: Flutter Mane|brn\n|move|p2b: Flutter Mane|Moonblast|p1b: Hot Loaf\n|-damage|p1b: Hot Loaf|7\/100\n|-unboost|p1b: Hot Loaf|spa|1\n|\n|-heal|p1b: Hot Loaf|13\/100|[from] item: Leftovers\n|-damage|p2b: Flutter Mane|45\/100 brn|[from] brn\n|upkeep\n|turn|2\n|\n|t:|1683247368\n|move|p1b: Hot Loaf|Protect|p1b: Hot Loaf\n|-singleturn|p1b: Hot Loaf|Protect\n|move|p2a: Arcanine|Extreme Speed|p1b: Hot Loaf\n|-activate|p1b: Hot Loaf|move: Protect\n|move|p1a: Smoked fillet|Lava Plume|p2b: Flutter Mane|[spread] p2a,p2b\n|-activate|p1b: Hot Loaf|move: Protect\n|-resisted|p2a: Arcanine\n|-damage|p2a: Arcanine|51\/100\n|-damage|p2b: Flutter Mane|0 fnt\n|faint|p2b: Flutter Mane\n|-end|p2b: Flutter Mane|Protosynthesis|[silent]\n|\n|-heal|p1b: Hot Loaf|19\/100|[from] item: Leftovers\n|upkeep\n|\n|t:|1683247378\n|switch|p2b: Palafin|Palafin-Hero, L50, F|100\/100\n|-activate|p2b: Palafin|ability: Zero to Hero\n|turn|3\n|\n|t:|1683247391\n|switch|p1b: Mustard|Iron Hands, L50|100\/100\n|-terastallize|p1a: Smoked fillet|Grass\n|move|p2b: Palafin|Jet Punch|p1b: Mustard\n|-damage|p1b: Mustard|65\/100\n|move|p1a: Smoked fillet|Lava Plume|p2a: Arcanine|[spread] p1b,p2a,p2b\n|-resisted|p2a: Arcanine\n|-resisted|p2b: Palafin\n|-damage|p1b: Mustard|37\/100\n|-damage|p2a: Arcanine|26\/100\n|-damage|p2b: Palafin|77\/100\n|move|p2a: Arcanine|Wild Charge|p1a: Smoked fillet\n|-resisted|p1a: Smoked fillet\n|-damage|p1a: Smoked fillet|80\/100\n|-damage|p2a: Arcanine|23\/100|[from] Recoil\n|-enditem|p2a: Arcanine|Figy Berry|[eat]\n|-heal|p2a: Arcanine|56\/100|[from] item: Figy Berry\n|\n|upkeep\n|turn|4\n|\n|t:|1683247410\n|-end|p1b: Mustard|Quark Drive|[silent]\n|switch|p1b: Hot Loaf|Dachsbun, L50, F|19\/100\n|move|p2a: Arcanine|Protect|p2a: Arcanine\n|-singleturn|p2a: Arcanine|Protect\n|move|p2b: Palafin|Protect|p2b: Palafin\n|-singleturn|p2b: Palafin|Protect\n|move|p1a: Smoked fillet|Lava Plume|p2a: Arcanine|[spread] \n|-activate|p2a: Arcanine|move: Protect\n|-activate|p2b: Palafin|move: Protect\n|-ability|p1b: Hot Loaf|Well-Baked Body|boost\n|-boost|p1b: Hot Loaf|def|2\n|\n|-heal|p1b: Hot Loaf|25\/100|[from] item: Leftovers\n|upkeep\n|turn|5\n|\n|t:|1683247431\n|-terastallize|p2b: Palafin|Water\n|move|p1b: Hot Loaf|Protect|p1b: Hot Loaf\n|-singleturn|p1b: Hot Loaf|Protect\n|move|p2b: Palafin|Jet Punch|p1b: Hot Loaf\n|-activate|p1b: Hot Loaf|move: Protect\n|move|p1a: Smoked fillet|Lava Plume|p2b: Palafin|[spread] p2a,p2b\n|-activate|p1b: Hot Loaf|move: Protect\n|-resisted|p2a: Arcanine\n|-resisted|p2b: Palafin\n|-damage|p2a: Arcanine|30\/100\n|-damage|p2b: Palafin|55\/100\n|move|p2a: Arcanine|Flare Blitz|p1a: Smoked fillet\n|-supereffective|p1a: Smoked fillet\n|-damage|p1a: Smoked fillet|0 fnt\n|faint|p1a: Smoked fillet\n|-damage|p2a: Arcanine|13\/100|[from] Recoil\n|\n|-heal|p1b: Hot Loaf|31\/100|[from] item: Leftovers\n|upkeep\n|\n|t:|1683247451\n|switch|p1a: Mustard|Iron Hands, L50|37\/100\n|turn|6\n|\n|t:|1683247476\n|move|p2a: Arcanine|Protect|p2a: Arcanine\n|-singleturn|p2a: Arcanine|Protect\n|move|p2b: Palafin|Protect|p2b: Palafin\n|-singleturn|p2b: Palafin|Protect\n|move|p1b: Hot Loaf|Wish|p1b: Hot Loaf\n|move|p1a: Mustard|Wild Charge|p2b: Palafin\n|-activate|p2b: Palafin|move: Protect\n|\n|-heal|p1b: Hot Loaf|37\/100|[from] item: Leftovers\n|upkeep\n|turn|7\n|\n|t:|1683247499\n|move|p1b: Hot Loaf|Protect|p1b: Hot Loaf\n|-singleturn|p1b: Hot Loaf|Protect\n|move|p2b: Palafin|Jet Punch|p1b: Hot Loaf\n|-activate|p1b: Hot Loaf|move: Protect\n|move|p2a: Arcanine|Flare Blitz|p1a: Mustard\n|-damage|p1a: Mustard|0 fnt\n|faint|p1a: Mustard\n|-end|p1a: Mustard|Quark Drive|[silent]\n|-damage|p2a: Arcanine|0 fnt|[from] Recoil\n|faint|p2a: Arcanine\n|\n|-heal|p1b: Hot Loaf|87\/100|[from] move: Wish|[wisher] Hot Loaf\n|-heal|p1b: Hot Loaf|93\/100|[from] item: Leftovers\n|upkeep\n|\n|t:|1683247515\n|switch|p2a: Ting-Lu|Ting-Lu, L50|100\/100\n|switch|p1a: Popsicle|Baxcalibur, L50, F|100\/100\n|-ability|p2a: Ting-Lu|Vessel of Ruin\n|turn|8\n|\n|t:|1683247533\n|move|p2b: Palafin|Jet Punch|p1b: Hot Loaf\n|-damage|p1b: Hot Loaf|60\/100\n|move|p1b: Hot Loaf|Body Press|p2a: Ting-Lu\n|-supereffective|p2a: Ting-Lu\n|-damage|p2a: Ting-Lu|51\/100\n|move|p1a: Popsicle|Glaive Rush|p2b: Palafin\n|-damage|p2b: Palafin|0 fnt\n|-singlemove|p1a: Popsicle|Glaive Rush|[silent]\n|faint|p2b: Palafin\n|move|p2a: Ting-Lu|Heavy Slam|p1b: Hot Loaf\n|-supereffective|p1b: Hot Loaf\n|-damage|p1b: Hot Loaf|21\/100\n|\n|-heal|p1b: Hot Loaf|27\/100|[from] item: Leftovers\n|upkeep\n|turn|9\n|\n|t:|1683247555\n|move|p1a: Popsicle|Ice Shard|p2a: Ting-Lu\n|-supereffective|p2a: Ting-Lu\n|-damage|p2a: Ting-Lu|20\/100\n|move|p1b: Hot Loaf|Body Press|p2a: Ting-Lu\n|-supereffective|p2a: Ting-Lu\n|-damage|p2a: Ting-Lu|0 fnt\n|faint|p2a: Ting-Lu\n|\n|win|kaizerfattah\n|raw|kaizerfattah's rating: 1375 → 1393<\/strong> (+18 for winning)\n|raw|bubafulbo's rating: 1335 → 1317<\/strong> (-18 for losing)\n|c|\u2606kaizerfattah|Gg\n|l|\u2606bubafulbo\n","uploadtime":1683247727,"views":10,"p1id":"kaizerfattah","p2id":"bubafulbo","formatid":"gen9vgc2023regulationc","rating":1317,"private":0,"password":""}