{"id":"gen9vgc2023regulationc-1862595587","p1":"Xcdc9182","p2":"thrillcorner","format":"[Gen 9] VGC 2023 Regulation C","log":"|j|\u203dXcdc9182\n|j|\u2606thrillcorner\n|t:|1683904039\n|gametype|doubles\n|player|p1|Xcdc9182|265|1341\n|player|p2|thrillcorner|red-masters2|1361\n|teamsize|p1|6\n|teamsize|p2|6\n|gen|9\n|tier|[Gen 9] VGC 2023 Regulation C\n|rated|\n|rule|Species Clause: Limit one of each Pok\u00e9mon\n|rule|Item Clause: Limit one of each item\n|clearpoke\n|poke|p1|Flutter Mane, L50|\n|poke|p1|Oranguru, L50, M|\n|poke|p1|Roaring Moon, L50|\n|poke|p1|Jumpluff, L50, M|\n|poke|p1|Chi-Yu, L50|\n|poke|p1|Torkoal, L50, M|\n|poke|p2|Pelipper, L50, F|\n|poke|p2|Azumarill, L50, M|\n|poke|p2|Iron Hands, L50|\n|poke|p2|Flutter Mane, L50|\n|poke|p2|Arcanine, L50, M|\n|poke|p2|Amoonguss, L50, M|\n|teampreview|4\n|inactive|Battle timer is ON: inactive players will automatically lose when time's up. (requested by Xcdc9182)\n|\n|t:|1683904068\n|start\n|switch|p1a: Flutter Mane|Flutter Mane, L50|100\/100\n|switch|p1b: Oranguru|Oranguru, L50, M|100\/100\n|switch|p2a: Arcanine|Arcanine, L50, M|100\/100\n|switch|p2b: Iron Hands|Iron Hands, L50|100\/100\n|-ability|p2a: Arcanine|Intimidate|boost\n|-unboost|p1a: Flutter Mane|atk|1\n|-unboost|p1b: Oranguru|atk|1\n|turn|1\n|\n|t:|1683904089\n|-end|p2b: Iron Hands|Quark Drive|[silent]\n|switch|p2b: Azumarill|Azumarill, L50, M|100\/100\n|move|p2a: Arcanine|Howl|p2a: Arcanine|[spread] p2a,p2b\n|-boost|p2a: Arcanine|atk|1\n|-boost|p2b: Azumarill|atk|1\n|move|p1b: Oranguru|Hyper Voice|p2a: Arcanine|[spread] p2a,p2b\n|-damage|p2a: Arcanine|85\/100\n|-damage|p2b: Azumarill|78\/100\n|move|p1a: Flutter Mane|Trick Room|p1a: Flutter Mane\n|-fieldstart|move: Trick Room|[of] p1a: Flutter Mane\n|-enditem|p1a: Flutter Mane|Room Service\n|-unboost|p1a: Flutter Mane|spe|1|[from] item: Room Service\n|\n|upkeep\n|turn|2\n|\n|t:|1683904111\n|switch|p2a: Pelipper|Pelipper, L50, F|100\/100\n|-weather|RainDance|[from] ability: Drizzle|[of] p2a: Pelipper\n|move|p2b: Azumarill|Aqua Jet|p1a: Flutter Mane\n|-damage|p1a: Flutter Mane|0 fnt\n|faint|p1a: Flutter Mane\n|-end|p1a: Flutter Mane|Protosynthesis|[silent]\n|-damage|p2b: Azumarill|69\/100|[from] item: Life Orb\n|move|p1b: Oranguru|Encore||[still]\n|-fail|p1b: Oranguru\n|\n|-weather|RainDance|[upkeep]\n|upkeep\n|\n|t:|1683904124\n|switch|p1a: Torkoal|Torkoal, L50, M|100\/100\n|-weather|SunnyDay|[from] ability: Drought|[of] p1a: Torkoal\n|turn|3\n|\n|t:|1683904144\n|switch|p2a: Iron Hands|Iron Hands, L50|100\/100\n|-terastallize|p1a: Torkoal|Fire\n|move|p2b: Azumarill|Protect|p2b: Azumarill\n|-singleturn|p2b: Azumarill|Protect\n|move|p1a: Torkoal|Eruption|p2a: Iron Hands|[spread] p2a\n|-activate|p2b: Azumarill|move: Protect\n|-damage|p2a: Iron Hands|26\/100\n|move|p1b: Oranguru|Instruct|p1a: Torkoal\n|-singleturn|p1a: Torkoal|move: Instruct|[of] p1b: Oranguru\n|move|p1a: Torkoal|Eruption|p2b: Azumarill|[spread] p2a\n|-activate|p2b: Azumarill|move: Protect\n|-damage|p2a: Iron Hands|0 fnt\n|faint|p2a: Iron Hands\n|-end|p2a: Iron Hands|Quark Drive|[silent]\n|\n|-weather|SunnyDay|[upkeep]\n|upkeep\n|\n|t:|1683904161\n|switch|p2a: Pelipper|Pelipper, L50, F|100\/100\n|-weather|RainDance|[from] ability: Drizzle|[of] p2a: Pelipper\n|turn|4\n|\n|t:|1683904172\n|switch|p1a: Roaring Moon|Roaring Moon, L50|100\/100\n|switch|p2a: Arcanine|Arcanine, L50, M|85\/100\n|-ability|p2a: Arcanine|Intimidate|boost\n|-unboost|p1a: Roaring Moon|atk|1\n|-unboost|p1b: Oranguru|atk|1\n|move|p2b: Azumarill|Aqua Jet|p1a: Roaring Moon\n|-resisted|p1a: Roaring Moon\n|-damage|p1a: Roaring Moon|57\/100\n|-damage|p2b: Azumarill|59\/100|[from] item: Life Orb\n|move|p1b: Oranguru|Encore|p2b: Azumarill\n|-start|p2b: Azumarill|Encore\n|\n|-weather|RainDance|[upkeep]\n|upkeep\n|turn|5\n|inactive|Xcdc9182 has 30 seconds left.\n|inactive|thrillcorner has 30 seconds left.\n|\n|t:|1683904207\n|-end|p1a: Roaring Moon|Protosynthesis|[silent]\n|switch|p1a: Torkoal|Torkoal, L50, M, tera:Fire|100\/100\n|-weather|SunnyDay|[from] ability: Drought|[of] p1a: Torkoal\n|move|p2a: Arcanine|Extreme Speed|p1a: Torkoal\n|-crit|p1a: Torkoal\n|-damage|p1a: Torkoal|76\/100\n|move|p2b: Azumarill|Aqua Jet|p1a: Torkoal\n|-supereffective|p1a: Torkoal\n|-damage|p1a: Torkoal|39\/100\n|-damage|p2b: Azumarill|49\/100|[from] item: Life Orb\n|move|p1b: Oranguru|Hyper Voice|p2a: Arcanine|[spread] p2a,p2b\n|-damage|p2a: Arcanine|68\/100\n|-damage|p2b: Azumarill|26\/100\n|\n|-weather|SunnyDay|[upkeep]\n|-fieldend|move: Trick Room\n|upkeep\n|turn|6\n|inactive|Xcdc9182 has 30 seconds left.\n|\n|t:|1683904235\n|switch|p2a: Pelipper|Pelipper, L50, F|100\/100\n|-weather|RainDance|[from] ability: Drizzle|[of] p2a: Pelipper\n|move|p2b: Azumarill|Aqua Jet|p1a: Torkoal\n|-supereffective|p1a: Torkoal\n|-damage|p1a: Torkoal|0 fnt\n|faint|p1a: Torkoal\n|-damage|p2b: Azumarill|16\/100|[from] item: Life Orb\n|move|p1b: Oranguru|Hyper Voice|p2b: Azumarill|[spread] p2a,p2b\n|-damage|p2a: Pelipper|63\/100\n|-damage|p2b: Azumarill|0 fnt\n|faint|p2b: Azumarill\n|\n|-weather|RainDance|[upkeep]\n|upkeep\n|\n|t:|1683904247\n|switch|p2b: Arcanine|Arcanine, L50, M|68\/100\n|switch|p1a: Roaring Moon|Roaring Moon, L50|57\/100\n|-ability|p2b: Arcanine|Intimidate|boost\n|-unboost|p1a: Roaring Moon|atk|1\n|-unboost|p1b: Oranguru|atk|1\n|turn|7\n|\n|t:|1683904260\n|move|p2a: Pelipper|Protect|p2a: Pelipper\n|-singleturn|p2a: Pelipper|Protect\n|move|p1a: Roaring Moon|Rock Slide|p2a: Pelipper|[spread] p2b\n|-activate|p2a: Pelipper|move: Protect\n|-supereffective|p2b: Arcanine\n|-damage|p2b: Arcanine|35\/100\n|cant|p2b: Arcanine|flinch\n|move|p1b: Oranguru|Hyper Voice|p2a: Pelipper|[spread] p2b\n|-activate|p2a: Pelipper|move: Protect\n|-damage|p2b: Arcanine|19\/100\n|\n|-weather|RainDance|[upkeep]\n|upkeep\n|turn|8\n|\n|t:|1683904275\n|move|p2a: Pelipper|Wide Guard|p2a: Pelipper\n|-singleturn|p2a: Pelipper|Wide Guard\n|move|p1a: Roaring Moon|Rock Slide|p2a: Pelipper|[spread] \n|-activate|p2a: Pelipper|move: Wide Guard\n|-activate|p2b: Arcanine|move: Wide Guard\n|move|p2b: Arcanine|Will-O-Wisp|p1a: Roaring Moon\n|-status|p1a: Roaring Moon|brn\n|move|p1b: Oranguru|Instruct|p1a: Roaring Moon\n|-singleturn|p1a: Roaring Moon|move: Instruct|[of] p1b: Oranguru\n|move|p1a: Roaring Moon|Rock Slide|p2a: Pelipper|[spread] \n|-activate|p2a: Pelipper|move: Wide Guard\n|-activate|p2b: Arcanine|move: Wide Guard\n|\n|-weather|RainDance|[upkeep]\n|-damage|p1a: Roaring Moon|51\/100 brn|[from] brn\n|upkeep\n|turn|9\n|inactive|Xcdc9182 has 30 seconds left.\n|inactive|Xcdc9182 has 20 seconds left.\n|inactive|Xcdc9182 has 15 seconds left.\n|inactive|Xcdc9182 has 10 seconds left.\n|inactive|Xcdc9182 has 5 seconds left.\n|\n|t:|1683904330\n|move|p1a: Roaring Moon|Protect|p1a: Roaring Moon\n|-singleturn|p1a: Roaring Moon|Protect\n|move|p2b: Arcanine|Extreme Speed|p1a: Roaring Moon\n|-activate|p1a: Roaring Moon|move: Protect\n|move|p2a: Pelipper|Hurricane|p1a: Roaring Moon\n|-activate|p1a: Roaring Moon|move: Protect\n|move|p1b: Oranguru|Instruct|p2a: Pelipper\n|-singleturn|p2a: Pelipper|move: Instruct|[of] p1b: Oranguru\n|move|p2a: Pelipper|Hurricane|p1a: Roaring Moon\n|-activate|p1a: Roaring Moon|move: Protect\n|\n|-weather|RainDance|[upkeep]\n|-damage|p1a: Roaring Moon|46\/100 brn|[from] brn\n|upkeep\n|turn|10\n|n|\u203dXcdc9182|xcdc9182\n|inactive|Xcdc9182 has 30 seconds left.\n|inactive|thrillcorner has 30 seconds left.\n|inactive|Xcdc9182 has 20 seconds left.\n|inactive|Xcdc9182 has 15 seconds left.\n|inactive|Xcdc9182 has 10 seconds left.\n|inactive|Xcdc9182 has 5 seconds left.\n|\n|t:|1683904385\n|move|p1a: Roaring Moon|Protect||[still]\n|-fail|p1a: Roaring Moon\n|move|p2b: Arcanine|Extreme Speed|p1a: Roaring Moon\n|-damage|p1a: Roaring Moon|22\/100 brn\n|move|p2a: Pelipper|Hurricane|p1a: Roaring Moon\n|-damage|p1a: Roaring Moon|0 fnt\n|faint|p1a: Roaring Moon\n|-end|p1a: Roaring Moon|Protosynthesis|[silent]\n|move|p1b: Oranguru|Instruct|p2b: Arcanine\n|-singleturn|p2b: Arcanine|move: Instruct|[of] p1b: Oranguru\n|move|p2b: Arcanine|Extreme Speed|p1b: Oranguru\n|-damage|p1b: Oranguru|77\/100\n|\n|-weather|none\n|-heal|p1b: Oranguru|83\/100|[from] item: Leftovers\n|upkeep\n|turn|11\n|n|\u203dXcdc9182|xcdc9182\n|inactive|Xcdc9182 has 30 seconds left.\n|\n|t:|1683904412\n|move|p2a: Pelipper|Wide Guard|p2a: Pelipper\n|-singleturn|p2a: Pelipper|Wide Guard\n|move|p2b: Arcanine|Extreme Speed|p1b: Oranguru\n|-damage|p1b: Oranguru|60\/100\n|move|p1b: Oranguru|Hyper Voice|p2b: Arcanine|[spread] \n|-activate|p2a: Pelipper|move: Wide Guard\n|-activate|p2b: Arcanine|move: Wide Guard\n|\n|-heal|p1b: Oranguru|66\/100|[from] item: Leftovers\n|upkeep\n|turn|12\n|\n|t:|1683904436\n|move|p2a: Pelipper|Wide Guard|p2a: Pelipper\n|-singleturn|p2a: Pelipper|Wide Guard\n|move|p2b: Arcanine|Extreme Speed|p1b: Oranguru\n|-damage|p1b: Oranguru|42\/100\n|move|p1b: Oranguru|Hyper Voice|p2a: Pelipper|[spread] \n|-activate|p2a: Pelipper|move: Wide Guard\n|-activate|p2b: Arcanine|move: Wide Guard\n|\n|-heal|p1b: Oranguru|48\/100|[from] item: Leftovers\n|upkeep\n|turn|13\n|-message|Xcdc9182 forfeited.\n|\n|win|thrillcorner\n|raw|Xcdc9182's rating: 1341 → 1322<\/strong> (-19 for losing)\n|raw|thrillcorner's rating: 1361 → 1380<\/strong> (+19 for winning)\n|l|\u203dXcdc9182\n|c|\u2606thrillcorner|gg\n","uploadtime":1683904456,"views":76,"p1id":"xcdc9182","p2id":"thrillcorner","formatid":"gen9vgc2023regulationc","rating":1322,"private":0,"password":""}