{"id":"gen9vgc2023regulationc-1849261208","p1":"Suecoco","p2":"SneakyEne","format":"[Gen 9] VGC 2023 Regulation C","log":"|j|\u2606Suecoco\n|j|\u2606SneakyEne\n|t:|1682179037\n|gametype|doubles\n|player|p1|Suecoco|169|\n|player|p2|SneakyEne|skyla-masters|\n|teamsize|p1|6\n|teamsize|p2|6\n|gen|9\n|tier|[Gen 9] VGC 2023 Regulation C\n|rule|Species Clause: Limit one of each Pok\u00e9mon\n|rule|Item Clause: Limit one of each item\n|clearpoke\n|poke|p1|Dragonite, L50, F|\n|poke|p1|Gastrodon, L50, M|\n|poke|p1|Tsareena, L50, F|\n|poke|p1|Pyroar, L50, F|\n|poke|p1|Gholdengo, L50|\n|poke|p1|Tauros-Paldea-Aqua, L50, M|\n|poke|p2|Bisharp, L50, M|\n|poke|p2|Volcarona, L50, M|\n|poke|p2|Pachirisu, L50, F|\n|poke|p2|Garganacl, L50, M|\n|poke|p2|Oricorio-Sensu, L50, M|\n|poke|p2|Spiritomb, L50, F|\n|teampreview|4\n|c|\u2606SneakyEne|glhf\n|c|\u2606Suecoco|gl :)]\n|\n|t:|1682179080\n|start\n|switch|p1a: shlurp|Gastrodon, L50, M|100\/100\n|switch|p1b: Schmlantha|Tsareena, L50, F|100\/100\n|switch|p2a: Monday|Volcarona, L50, M|100\/100\n|switch|p2b: *Naruto Reference*|Oricorio-Sensu, L50, M|100\/100\n|turn|1\n|\n|t:|1682179110\n|-terastallize|p2a: Monday|Grass\n|move|p1a: shlurp|Protect|p1a: shlurp\n|-singleturn|p1a: shlurp|Protect\n|move|p2b: *Naruto Reference*|Air Slash|p1b: Schmlantha|[miss]\n|-miss|p2b: *Naruto Reference*|p1b: Schmlantha\n|move|p2a: Monday|Giga Drain|p1a: shlurp\n|-activate|p1a: shlurp|move: Protect\n|move|p1b: Schmlantha|Teeter Dance|p2a: Monday|[spread] p2a,p2b\n|-activate|p1a: shlurp|move: Protect\n|-start|p2a: Monday|confusion\n|-start|p2b: *Naruto Reference*|confusion\n|-activate|p2b: *Naruto Reference*|ability: Dancer\n|-activate|p2b: *Naruto Reference*|confusion\n|-damage|p2b: *Naruto Reference*|92\/100|[from] confusion\n|\n|upkeep\n|turn|2\n|\n|t:|1682179147\n|switch|p2b: Ene|Spiritomb, L50, F, shiny|100\/100\n|-ability|p2b: Ene|Pressure\n|-activate|p2a: Monday|confusion\n|-damage|p2a: Monday|95\/100|[from] confusion\n|move|p1b: Schmlantha|U-turn|p2a: Monday\n|-supereffective|p2a: Monday\n|-damage|p2a: Monday|28\/100\n|-enditem|p2a: Monday|Sitrus Berry|[eat]\n|-heal|p2a: Monday|53\/100|[from] item: Sitrus Berry\n|\n|t:|1682179159\n|switch|p1b: Cinn-E-mon|Gholdengo, L50|100\/100|[from] U-turn\n|move|p1a: shlurp|Stealth Rock|p2b: Ene\n|-sidestart|p2: SneakyEne|move: Stealth Rock\n|\n|upkeep\n|turn|3\n|\n|t:|1682179184\n|move|p1b: Cinn-E-mon|Trick|p2a: Monday\n|-activate|p1b: Cinn-E-mon|move: Trick|[of] p2a: Monday\n|-item|p2a: Monday|Choice Specs|[from] move: Trick\n|-enditem|p1b: Cinn-E-mon|Choice Specs|[silent]|[from] move: Trick\n|-end|p2a: Monday|confusion\n|move|p2a: Monday|Giga Drain|p1a: shlurp\n|-supereffective|p1a: shlurp\n|-damage|p1a: shlurp|0 fnt\n|-heal|p2a: Monday|100\/100|[from] drain|[of] p1a: shlurp\n|faint|p1a: shlurp\n|move|p2b: Ene|Foul Play|p1b: Cinn-E-mon\n|-supereffective|p1b: Cinn-E-mon\n|-damage|p1b: Cinn-E-mon|62\/100\n|\n|upkeep\n|\n|t:|1682179199\n|switch|p1a: smol-pini|Dragonite, L50, F|100\/100\n|turn|4\n|\n|t:|1682179214\n|switch|p2a: Paris?|Garganacl, L50, M|100\/100\n|-damage|p2a: Paris?|88\/100|[from] Stealth Rock\n|-terastallize|p1a: smol-pini|Normal\n|move|p1b: Cinn-E-mon|Protect|p1b: Cinn-E-mon\n|-singleturn|p1b: Cinn-E-mon|Protect\n|move|p1a: smol-pini|Tailwind|p1a: smol-pini\n|-sidestart|p1: Suecoco|move: Tailwind\n|move|p2b: Ene|Will-O-Wisp|p1a: smol-pini\n|-status|p1a: smol-pini|brn\n|\n|-damage|p1a: smol-pini|94\/100 brn|[from] brn\n|upkeep\n|turn|5\n|\n|t:|1682179239\n|move|p1b: Cinn-E-mon|Make It Rain|p2b: Ene|[spread] p2a,p2b\n|-supereffective|p2a: Paris?\n|-damage|p2a: Paris?|32\/100\n|-damage|p2b: Ene|64\/100\n|-unboost|p1b: Cinn-E-mon|spa|1\n|move|p1a: smol-pini|Ice Spinner|p2b: Ene\n|-damage|p2b: Ene|48\/100\n|move|p2a: Paris?|Fire Punch|p1b: Cinn-E-mon\n|-supereffective|p1b: Cinn-E-mon\n|-damage|p1b: Cinn-E-mon|7\/100\n|move|p2b: Ene|Trick Room|p2b: Ene\n|-fieldstart|move: Trick Room|[of] p2b: Ene\n|\n|-heal|p2b: Ene|54\/100|[from] item: Leftovers\n|-damage|p1a: smol-pini|88\/100 brn|[from] brn\n|upkeep\n|turn|6\n|\n|t:|1682179270\n|move|p1b: Cinn-E-mon|Protect|p1b: Cinn-E-mon\n|-singleturn|p1b: Cinn-E-mon|Protect\n|move|p2b: Ene|Foul Play|p1a: smol-pini\n|-damage|p1a: smol-pini|36\/100 brn\n|-damage|p2b: Ene|37\/100|[from] item: Rocky Helmet|[of] p1a: smol-pini\n|move|p2a: Paris?|Fire Punch|p1b: Cinn-E-mon\n|-activate|p1b: Cinn-E-mon|move: Protect\n|move|p1a: smol-pini|Ice Spinner|p2a: Paris?\n|-damage|p2a: Paris?|22\/100\n|\n|-heal|p2b: Ene|43\/100|[from] item: Leftovers\n|-damage|p1a: smol-pini|30\/100 brn|[from] brn\n|upkeep\n|turn|7\n|\n|t:|1682179290\n|move|p1a: smol-pini|Extreme Speed|p2a: Paris?\n|-resisted|p2a: Paris?\n|-damage|p2a: Paris?|14\/100\n|move|p2b: Ene|Foul Play|p1a: smol-pini\n|-damage|p1a: smol-pini|0 fnt\n|-damage|p2b: Ene|27\/100|[from] item: Rocky Helmet|[of] p1a: smol-pini\n|faint|p1a: smol-pini\n|move|p2a: Paris?|Fire Punch|p1b: Cinn-E-mon\n|-supereffective|p1b: Cinn-E-mon\n|-damage|p1b: Cinn-E-mon|0 fnt\n|faint|p1b: Cinn-E-mon\n|\n|-heal|p2b: Ene|32\/100|[from] item: Leftovers\n|-sideend|p1: Suecoco|move: Tailwind\n|upkeep\n|\n|t:|1682179309\n|switch|p1a: Schmlantha|Tsareena, L50, F|100\/100\n|turn|8\n|\n|t:|1682179317\n|move|p2b: Ene|Foul Play|p1a: Schmlantha\n|-damage|p1a: Schmlantha|50\/100\n|move|p2a: Paris?|Fire Punch|p1a: Schmlantha\n|-supereffective|p1a: Schmlantha\n|-damage|p1a: Schmlantha|0 fnt\n|faint|p1a: Schmlantha\n|\n|win|SneakyEne\n|c|\u2606Suecoco|gr\n","uploadtime":1682179326,"views":7,"p1id":"suecoco","p2id":"sneakyene","formatid":"gen9vgc2023regulationc","rating":0,"private":0,"password":""}