{"id":"gen9vgc2023regulationc-1859673410","p1":"je8","p2":"QrdeJegoMac","format":"[Gen 9] VGC 2023 Regulation C","log":"|j|\u2606je8\n|j|\u2606QrdeJegoMac\n|t:|1683554894\n|gametype|doubles\n|player|p1|je8|170|1461\n|player|p2|QrdeJegoMac|266|1427\n|teamsize|p1|6\n|teamsize|p2|6\n|gen|9\n|tier|[Gen 9] VGC 2023 Regulation C\n|rated|\n|rule|Species Clause: Limit one of each Pok\u00e9mon\n|rule|Item Clause: Limit one of each item\n|clearpoke\n|poke|p1|Pawmot, L50, M|\n|poke|p1|Ting-Lu, L50|\n|poke|p1|Wo-Chien, L50|\n|poke|p1|Flutter Mane, L50|\n|poke|p1|Corviknight, L50, F|\n|poke|p1|Arcanine, L50, M|\n|poke|p2|Murkrow, L50, F|\n|poke|p2|Chi-Yu, L50|\n|poke|p2|Flutter Mane, L50|\n|poke|p2|Great Tusk, L50|\n|poke|p2|Brute Bonnet, L50|\n|poke|p2|Corviknight, L50, F|\n|teampreview|4\n|inactive|Battle timer is ON: inactive players will automatically lose when time's up. (requested by QrdeJegoMac)\n|j| Braindeadmeta\n|inactive|je8 has 60 seconds left.\nQrdeJegoMac has agreed to open team sheets.\n|inactive|je8 has 30 seconds left.\nje8 has agreed to open team sheets.\n|inactive|je8 has 20 seconds left.\n|inactive|je8 has 15 seconds left.\n|inactive|je8 has 10 seconds left.\n|inactive|je8 has 5 seconds left.\n|\n|t:|1683554984\n|start\n|switch|p1a: Arcanine|Arcanine, L50, M|100\/100\n|switch|p1b: Flutter Mane|Flutter Mane, L50|100\/100\n|switch|p2a: Great Tusk|Great Tusk, L50|100\/100\n|switch|p2b: Murkrow|Murkrow, L50, F, shiny|100\/100\n|-ability|p1a: Arcanine|Intimidate|boost\n|-unboost|p2a: Great Tusk|atk|1\n|-unboost|p2b: Murkrow|atk|1\n|turn|1\n|inactive|je8 has 30 seconds left.\n|inactive|je8 has 20 seconds left.\n|inactive|je8 has 15 seconds left.\n|\n|t:|1683555027\n|-terastallize|p2a: Great Tusk|Steel\n|move|p2b: Murkrow|Haze|p2b: Murkrow\n|-clearallboost\n|move|p2a: Great Tusk|Headlong Rush|p1a: Arcanine\n|-supereffective|p1a: Arcanine\n|-damage|p1a: Arcanine|0 fnt\n|-unboost|p2a: Great Tusk|def|1\n|-unboost|p2a: Great Tusk|spd|1\n|faint|p1a: Arcanine\n|move|p1b: Flutter Mane|Moonblast|p2a: Great Tusk\n|-resisted|p2a: Great Tusk\n|-damage|p2a: Great Tusk|24\/100\n|-unboost|p2a: Great Tusk|spa|1\n|-damage|p1b: Flutter Mane|91\/100|[from] item: Life Orb\n|\n|upkeep\n|\n|t:|1683555044\n|switch|p1a: Ting-Lu|Ting-Lu, L50|100\/100\n|-ability|p1a: Ting-Lu|Vessel of Ruin\n|turn|2\n|\n|t:|1683555054\n|-end|p2a: Great Tusk|Protosynthesis|[silent]\n|switch|p2a: Corviknight|Corviknight, L50, F|100\/100\n|-end|p1b: Flutter Mane|Protosynthesis|[silent]\n|switch|p1b: Corviknight|Corviknight, L50, F|100\/100\n|move|p2b: Murkrow|Tailwind|p2b: Murkrow\n|-sidestart|p2: QrdeJegoMac|move: Tailwind\n|move|p1a: Ting-Lu|Sand Tomb|p2a: Corviknight\n|-immune|p2a: Corviknight\n|\n|upkeep\n|turn|3\n|\n|t:|1683555071\n|move|p2b: Murkrow|Foul Play|p1b: Corviknight\n|-damage|p1b: Corviknight|74\/100\n|move|p2a: Corviknight|Brave Bird|p1a: Ting-Lu\n|-damage|p1a: Ting-Lu|55\/100\n|-damage|p2a: Corviknight|80\/100|[from] Recoil\n|move|p1b: Corviknight|Bulk Up|p1b: Corviknight\n|-boost|p1b: Corviknight|atk|1\n|-boost|p1b: Corviknight|def|1\n|move|p1a: Ting-Lu|Rock Slide|p2a: Corviknight|[spread] p2a,p2b\n|-supereffective|p2b: Murkrow\n|-damage|p2a: Corviknight|63\/100\n|-damage|p2b: Murkrow|67\/100\n|\n|upkeep\n|turn|4\n|inactive|je8 has 30 seconds left.\n|\n|t:|1683555099\n|move|p2b: Murkrow|Haze|p2b: Murkrow\n|-clearallboost\n|move|p2a: Corviknight|Brave Bird|p1a: Ting-Lu\n|-damage|p1a: Ting-Lu|10\/100\n|-damage|p2a: Corviknight|42\/100|[from] Recoil\n|move|p1b: Corviknight|Iron Head|p2b: Murkrow\n|-damage|p2b: Murkrow|44\/100\n|move|p1a: Ting-Lu|Rock Slide|p2b: Murkrow|[spread] p2b\n|-miss|p1a: Ting-Lu|p2a: Corviknight\n|-supereffective|p2b: Murkrow\n|-damage|p2b: Murkrow|5\/100\n|\n|upkeep\n|turn|5\n|inactive|je8 has 30 seconds left.\n|\n|t:|1683555130\n|switch|p2b: Flutter Mane|Flutter Mane, L50|100\/100\n|move|p2a: Corviknight|Brave Bird|p1a: Ting-Lu\n|-damage|p1a: Ting-Lu|0 fnt\n|faint|p1a: Ting-Lu\n|-damage|p2a: Corviknight|37\/100|[from] Recoil\n|move|p1b: Corviknight|Iron Head|p2b: Flutter Mane\n|-supereffective|p2b: Flutter Mane\n|-damage|p2b: Flutter Mane|9\/100\n|\n|-sideend|p2: QrdeJegoMac|move: Tailwind\n|upkeep\n|\n|t:|1683555135\n|switch|p1a: Flutter Mane|Flutter Mane, L50|91\/100\n|turn|6\n|inactive|je8 has 30 seconds left.\n|\n|t:|1683555164\n|-end|p2b: Flutter Mane|Protosynthesis|[silent]\n|switch|p2b: Murkrow|Murkrow, L50, F, shiny|5\/100\n|-terastallize|p1a: Flutter Mane|Fairy\n|move|p1a: Flutter Mane|Dazzling Gleam|p2a: Corviknight|[spread] p2a,p2b\n|-resisted|p2a: Corviknight\n|-supereffective|p2b: Murkrow\n|-damage|p2a: Corviknight|8\/100\n|-damage|p2b: Murkrow|0 fnt\n|faint|p2b: Murkrow\n|-damage|p1a: Flutter Mane|81\/100|[from] item: Life Orb\n|move|p2a: Corviknight|Brave Bird|p1a: Flutter Mane\n|-damage|p1a: Flutter Mane|0 fnt\n|faint|p1a: Flutter Mane\n|-end|p1a: Flutter Mane|Protosynthesis|[silent]\n|-damage|p2a: Corviknight|0 fnt|[from] Recoil\n|faint|p2a: Corviknight\n|move|p1b: Corviknight|Bulk Up|p1b: Corviknight\n|-boost|p1b: Corviknight|atk|1\n|-boost|p1b: Corviknight|def|1\n|\n|upkeep\n|\n|t:|1683555170\n|switch|p2b: Flutter Mane|Flutter Mane, L50|9\/100\n|switch|p2a: Great Tusk|Great Tusk, L50, tera:Steel|24\/100\n|turn|7\n|\n|t:|1683555183\n|move|p2a: Great Tusk|Close Combat|p1b: Corviknight\n|-damage|p1b: Corviknight|37\/100\n|-unboost|p2a: Great Tusk|def|1\n|-unboost|p2a: Great Tusk|spd|1\n|move|p2b: Flutter Mane|Shadow Ball|p1b: Corviknight\n|-damage|p1b: Corviknight|0 fnt\n|faint|p1b: Corviknight\n|\n|win|QrdeJegoMac\n|raw|je8's rating: 1461 → 1439<\/strong> (-22 for losing)\n|raw|QrdeJegoMac's rating: 1427 → 1449<\/strong> (+22 for winning)\n|c|\u2606QrdeJegoMac|gg\n|c|\u2606QrdeJegoMac|was fun\n|l| Braindeadmeta\n","uploadtime":1683555195,"views":7,"p1id":"je8","p2id":"qrdejegomac","formatid":"gen9vgc2023regulationc","rating":1439,"private":0,"password":""}