{"id":"gen9vgc2023regulationc-1859468194","p1":"knight8512","p2":"Dynisos","format":"[Gen 9] VGC 2023 Regulation C","log":"|j|\u2606knight8512\n|j|\u2606Dynisos\n|t:|1683472428\n|gametype|doubles\n|player|p1|knight8512|boarder|1103\n|player|p2|Dynisos|cynthia-gen4|1000\n|teamsize|p1|6\n|teamsize|p2|6\n|gen|9\n|tier|[Gen 9] VGC 2023 Regulation C\n|rated|\n|rule|Species Clause: Limit one of each Pok\u00e9mon\n|rule|Item Clause: Limit one of each item\n|clearpoke\n|poke|p1|Grimmsnarl, L50, M|\n|poke|p1|Ting-Lu, L50|\n|poke|p1|Amoonguss, L50, M|\n|poke|p1|Ceruledge, L50, F|\n|poke|p1|Annihilape, L50, M|\n|poke|p1|Gyarados, L50, M|\n|poke|p2|Ting-Lu, L50|\n|poke|p2|Annihilape, L50, F|\n|poke|p2|Flutter Mane, L50|\n|poke|p2|Amoonguss, L50, M|\n|poke|p2|Arcanine, L50, M|\n|poke|p2|Dondozo, L50, F|\n|teampreview|4\nDynisos rejected open team sheets.\n|inactive|Battle timer is ON: inactive players will automatically lose when time's up. (requested by Dynisos)\n|\n|t:|1683472460\n|start\n|switch|p1a: Grimmsnarl|Grimmsnarl, L50, M|100\/100\n|switch|p1b: Annihilape|Annihilape, L50, M|100\/100\n|switch|p2a: Ting-Lu|Ting-Lu, L50|100\/100\n|switch|p2b: Annihilape|Annihilape, L50, F|100\/100\n|-ability|p2a: Ting-Lu|Vessel of Ruin\n|turn|1\n|inactive|knight8512 has 30 seconds left.\n|\n|t:|1683472486\n|move|p1b: Annihilape|Protect|p1b: Annihilape\n|-singleturn|p1b: Annihilape|Protect\n|move|p1a: Grimmsnarl|Reflect|p1a: Grimmsnarl\n|-sidestart|p1: knight8512|Reflect\n|move|p2b: Annihilape|Rage Fist|p1b: Annihilape\n|-activate|p1b: Annihilape|move: Protect\n|move|p2a: Ting-Lu|Fissure|p1a: Grimmsnarl|[miss]\n|-miss|p2a: Ting-Lu|p1a: Grimmsnarl\n|\n|upkeep\n|turn|2\n|inactive|knight8512 has 30 seconds left.\n|inactive|Dynisos has 30 seconds left.\n|inactive|knight8512 has 20 seconds left.\n|j| BeiGev1\n|inactive|knight8512 has 15 seconds left.\n|inactive|Dynisos has 20 seconds left.\n|l| BeiGev1\n|inactive|Dynisos has 15 seconds left.\n|inactive|Dynisos has 10 seconds left.\n|inactive|Dynisos has 5 seconds left.\n|\n|t:|1683472544\n|switch|p1b: Amoonguss|Amoonguss, L50, M, shiny|100\/100\n|move|p2b: Annihilape|Rage Fist|p1b: Amoonguss\n|-damage|p1b: Amoonguss|86\/100\n|move|p1a: Grimmsnarl|Spirit Break|p2a: Ting-Lu\n|-supereffective|p2a: Ting-Lu\n|-damage|p2a: Ting-Lu|71\/100\n|-unboost|p2a: Ting-Lu|spa|1\n|move|p2a: Ting-Lu|Stomping Tantrum|p1b: Amoonguss\n|-damage|p1b: Amoonguss|57\/100\n|\n|upkeep\n|turn|3\n|inactive|knight8512 has 30 seconds left.\n|\n|t:|1683472569\n|switch|p2b: Arcanine|Arcanine, L50, M|100\/100\n|-ability|p2b: Arcanine|Intimidate|boost\n|-unboost|p1a: Grimmsnarl|atk|1\n|-unboost|p1b: Amoonguss|atk|1\n|move|p1a: Grimmsnarl|Parting Shot|p2a: Ting-Lu\n|-hint|Since gen 7, Dark is immune to Prankster moves.\n|-immune|p2a: Ting-Lu\n|move|p2a: Ting-Lu|Ruination|p1a: Grimmsnarl|[miss]\n|-miss|p2a: Ting-Lu|p1a: Grimmsnarl\n|move|p1b: Amoonguss|Spore|p2b: Arcanine\n|-status|p2b: Arcanine|slp|[from] move: Spore\n|\n|upkeep\n|turn|4\n|inactive|knight8512 has 30 seconds left.\n|inactive|Dynisos has 30 seconds left.\n|\n|t:|1683472600\n|switch|p1b: Annihilape|Annihilape, L50, M|100\/100\n|move|p1a: Grimmsnarl|Parting Shot|p2b: Arcanine\n|-unboost|p2b: Arcanine|atk|1\n|-unboost|p2b: Arcanine|spa|1\n|\n|t:|1683472607\n|switch|p1a: Amoonguss|Amoonguss, L50, M, shiny|90\/100|[from] Parting Shot\n|cant|p2b: Arcanine|slp\n|move|p2a: Ting-Lu|Ruination|p1a: Amoonguss\n|-damage|p1a: Amoonguss|46\/100\n|-enditem|p1a: Amoonguss|Sitrus Berry|[eat]\n|-heal|p1a: Amoonguss|70\/100|[from] item: Sitrus Berry\n|\n|upkeep\n|turn|5\n|\n|t:|1683472622\n|cant|p2b: Arcanine|slp\n|move|p1b: Annihilape|Bulk Up|p1b: Annihilape\n|-boost|p1b: Annihilape|atk|1\n|-boost|p1b: Annihilape|def|1\n|move|p2a: Ting-Lu|Stomping Tantrum|p1b: Annihilape\n|-damage|p1b: Annihilape|88\/100\n|move|p1a: Amoonguss|Spore|p2a: Ting-Lu\n|-status|p2a: Ting-Lu|slp|[from] move: Spore\n|\n|upkeep\n|turn|6\n|inactive|knight8512 has 30 seconds left.\n|\n|t:|1683472652\n|switch|p1a: Ceruledge|Ceruledge, L50, F|100\/100\n|cant|p2b: Arcanine|slp\n|move|p1b: Annihilape|Rage Fist|p2a: Ting-Lu\n|-resisted|p2a: Ting-Lu\n|-damage|p2a: Ting-Lu|56\/100 slp\n|cant|p2a: Ting-Lu|slp\n|\n|upkeep\n|turn|7\n|j| BeiGev1\n|inactive|Dynisos has 30 seconds left.\n|\n|t:|1683472679\n|-curestatus|p2b: Arcanine|slp|[msg]\n|move|p2b: Arcanine|Will-O-Wisp|p1b: Annihilape\n|-status|p1b: Annihilape|brn\n|move|p1b: Annihilape|Drain Punch|p2a: Ting-Lu\n|-supereffective|p2a: Ting-Lu\n|-damage|p2a: Ting-Lu|35\/100 slp\n|-heal|p1b: Annihilape|100\/100 brn|[from] drain|[of] p2a: Ting-Lu\n|move|p1a: Ceruledge|Bitter Blade|p2a: Ting-Lu\n|-damage|p2a: Ting-Lu|13\/100 slp\n|cant|p2a: Ting-Lu|slp\n|\n|-damage|p1b: Annihilape|94\/100 brn|[from] brn\n|upkeep\n|turn|8\n|inactive|knight8512 has 30 seconds left.\n|inactive|Dynisos has 30 seconds left.\n|inactive|Dynisos has 20 seconds left.\n|inactive|Dynisos has 15 seconds left.\n|inactive|Dynisos has 10 seconds left.\n|\n|t:|1683472726\n|move|p2b: Arcanine|Heat Wave|p1b: Annihilape|[spread] p1b\n|-start|p1a: Ceruledge|ability: Flash Fire\n|-damage|p1b: Annihilape|75\/100 brn\n|-damage|p2b: Arcanine|91\/100|[from] item: Life Orb\n|move|p1b: Annihilape|Drain Punch|p2a: Ting-Lu\n|-supereffective|p2a: Ting-Lu\n|-damage|p2a: Ting-Lu|0 fnt\n|-heal|p1b: Annihilape|84\/100 brn|[from] drain|[of] p2a: Ting-Lu\n|faint|p2a: Ting-Lu\n|move|p1a: Ceruledge|Bulk Up|p1a: Ceruledge\n|-boost|p1a: Ceruledge|atk|1\n|-boost|p1a: Ceruledge|def|1\n|\n|-damage|p1b: Annihilape|77\/100 brn|[from] brn\n|-sideend|p1: knight8512|Reflect\n|upkeep\n|\n|t:|1683472740\n|switch|p2a: Flutter Mane|Flutter Mane, L50|100\/100\n|turn|9\n|\n|t:|1683472757\n|-terastallize|p2a: Flutter Mane|Fairy\n|move|p2b: Arcanine|Protect|p2b: Arcanine\n|-singleturn|p2b: Arcanine|Protect\n|move|p1b: Annihilape|Protect|p1b: Annihilape\n|-singleturn|p1b: Annihilape|Protect\n|move|p1a: Ceruledge|Protect|p1a: Ceruledge\n|-singleturn|p1a: Ceruledge|Protect\n|move|p2a: Flutter Mane|Power Gem|p1a: Ceruledge\n|-activate|p1a: Ceruledge|move: Protect\n|\n|-damage|p1b: Annihilape|71\/100 brn|[from] brn\n|upkeep\n|turn|10\n|inactive|knight8512 has 30 seconds left.\n|inactive|knight8512 has 20 seconds left.\n|inactive|knight8512 has 15 seconds left.\n|inactive|knight8512 has 10 seconds left.\n|\n|t:|1683472807\n|switch|p2b: Annihilape|Annihilape, L50, F|100\/100\n|-terastallize|p1a: Ceruledge|Grass\n|move|p2a: Flutter Mane|Power Gem|p1a: Ceruledge\n|-damage|p1a: Ceruledge|56\/100\n|move|p1b: Annihilape|Rage Fist|p2a: Flutter Mane\n|-damage|p2a: Flutter Mane|0 fnt\n|faint|p2a: Flutter Mane\n|-end|p2a: Flutter Mane|Protosynthesis|[silent]\n|move|p1a: Ceruledge|Bitter Blade|p2b: Annihilape\n|-damage|p2b: Annihilape|0 fnt\n|-heal|p1a: Ceruledge|100\/100|[from] drain|[of] p2b: Annihilape\n|faint|p2b: Annihilape\n|\n|-damage|p1b: Annihilape|65\/100 brn|[from] brn\n|upkeep\n|\n|t:|1683472820\n|switch|p2b: Arcanine|Arcanine, L50, M|91\/100\n|-ability|p2b: Arcanine|Intimidate|boost\n|-fail|p1a: Ceruledge|unboost|[from] item: Clear Amulet|[of] p1a: Ceruledge\n|-unboost|p1b: Annihilape|atk|1\n|-ability|p1b: Annihilape|Defiant|boost\n|-boost|p1b: Annihilape|atk|2\n|turn|11\n|\n|t:|1683472840\n|move|p2b: Arcanine|Will-O-Wisp|p1a: Ceruledge\n|-immune|p1a: Ceruledge|[from] ability: Flash Fire\n|move|p1b: Annihilape|Rage Fist|p2b: Arcanine\n|-damage|p2b: Arcanine|20\/100\n|move|p1a: Ceruledge|Bitter Blade|p2b: Arcanine\n|-resisted|p2b: Arcanine\n|-damage|p2b: Arcanine|0 fnt\n|faint|p2b: Arcanine\n|\n|win|knight8512\n|raw|knight8512's rating: 1103 → 1121<\/strong> (+18 for winning)\n|raw|Dynisos's rating: 1000 → 1000<\/strong> (+0 for losing)\n|l|\u2606Dynisos\n|l| BeiGev1\n","uploadtime":1683473020,"views":15,"p1id":"knight8512","p2id":"dynisos","formatid":"gen9vgc2023regulationc","rating":1000,"private":0,"password":""}