{"id":"gen9vgc2023regulationc-1857522494","p1":"r3gCt3st","p2":"YuWei1101","format":"[Gen 9] VGC 2023 Regulation C","log":"|j|\u2606r3gCt3st\n|j|\u2606YuWei1101\n|t:|1683204568\n|gametype|doubles\n|player|p1|r3gCt3st|harlequin|1333\n|player|p2|YuWei1101|brendan|1428\n|teamsize|p1|6\n|teamsize|p2|6\n|gen|9\n|tier|[Gen 9] VGC 2023 Regulation C\n|rated|\n|rule|Species Clause: Limit one of each Pok\u00e9mon\n|rule|Item Clause: Limit one of each item\n|clearpoke\n|poke|p1|Annihilape, L50, M|\n|poke|p1|Glimmora, L50, M|\n|poke|p1|Arcanine, L50, M|\n|poke|p1|Palafin, L50, M|\n|poke|p1|Amoonguss, L50, M|\n|poke|p1|Ting-Lu, L50|\n|poke|p2|Annihilape, L50, M|\n|poke|p2|Maushold-Four, L50|\n|poke|p2|Flutter Mane, L50|\n|poke|p2|Ting-Lu, L50|\n|poke|p2|Rotom-Wash, L50|\n|poke|p2|Amoonguss, L50, F|\n|teampreview|4\n|\n|t:|1683204594\n|start\n|switch|p1a: Glimmora|Glimmora, L50, M|100\/100\n|switch|p1b: Annihilape|Annihilape, L50, M|100\/100\n|switch|p2a: Annihilape|Annihilape, L50, M|100\/100\n|switch|p2b: Maushold|Maushold-Four, L50|100\/100\n|turn|1\n|\n|t:|1683204612\n|-terastallize|p1b: Annihilape|Fire\n|move|p2b: Maushold|Beat Up|p2a: Annihilape\n|-damage|p2a: Annihilape|99\/100\n|-damage|p2a: Annihilape|97\/100\n|-damage|p2a: Annihilape|95\/100\n|-damage|p2a: Annihilape|93\/100\n|-hitcount|p2a: Annihilape|4\n|move|p1b: Annihilape|Bulk Up|p1b: Annihilape\n|-boost|p1b: Annihilape|atk|1\n|-boost|p1b: Annihilape|def|1\n|move|p1a: Glimmora|Toxic|p2a: Annihilape\n|-status|p2a: Annihilape|tox\n|move|p2a: Annihilape|Rage Fist|p1b: Annihilape\n|-damage|p1b: Annihilape|41\/100\n|\n|-heal|p2a: Annihilape|99\/100 tox|[from] item: Leftovers\n|-heal|p1b: Annihilape|48\/100|[from] item: Leftovers\n|-damage|p2a: Annihilape|93\/100 tox|[from] psn\n|upkeep\n|turn|2\n|\n|t:|1683204649\n|-terastallize|p2b: Maushold|Ghost\n|move|p1b: Annihilape|Protect|p1b: Annihilape\n|-singleturn|p1b: Annihilape|Protect\n|move|p2b: Maushold|Follow Me|p2b: Maushold\n|-singleturn|p2b: Maushold|move: Follow Me\n|move|p1a: Glimmora|Toxic|p2b: Maushold\n|-status|p2b: Maushold|tox\n|move|p2a: Annihilape|Rage Fist|p1b: Annihilape\n|-activate|p1b: Annihilape|move: Protect\n|\n|-heal|p1b: Annihilape|54\/100|[from] item: Leftovers\n|-heal|p2a: Annihilape|99\/100 tox|[from] item: Leftovers\n|-damage|p2b: Maushold|94\/100 tox|[from] psn\n|-damage|p2a: Annihilape|87\/100 tox|[from] psn\n|upkeep\n|turn|3\n|\n|t:|1683204671\n|switch|p1b: Ting-Lu|Ting-Lu, L50|100\/100\n|-ability|p1b: Ting-Lu|Vessel of Ruin\n|move|p2b: Maushold|Beat Up|p2a: Annihilape\n|-damage|p2a: Annihilape|85\/100 tox\n|-damage|p2a: Annihilape|84\/100 tox\n|-damage|p2a: Annihilape|82\/100 tox\n|-hitcount|p2a: Annihilape|3\n|move|p2a: Annihilape|Rage Fist|p1b: Ting-Lu\n|-resisted|p1b: Ting-Lu\n|-damage|p1b: Ting-Lu|62\/100\n|move|p1a: Glimmora|Power Gem|p2b: Maushold\n|-crit|p2b: Maushold\n|-damage|p2b: Maushold|49\/100 tox\n|\n|-heal|p2a: Annihilape|88\/100 tox|[from] item: Leftovers\n|-damage|p2b: Maushold|37\/100 tox|[from] psn\n|-damage|p2a: Annihilape|69\/100 tox|[from] psn\n|upkeep\n|turn|4\n|\n|t:|1683204703\n|move|p2b: Maushold|Baby-Doll Eyes|p1b: Ting-Lu\n|-unboost|p1b: Ting-Lu|atk|1\n|move|p1a: Glimmora|Power Gem|p2b: Maushold\n|-damage|p2b: Maushold|8\/100 tox\n|move|p2a: Annihilape|Rage Fist|p1a: Glimmora\n|-damage|p1a: Glimmora|0 fnt\n|-activate|p1a: Glimmora|ability: Toxic Debris\n|-sidestart|p2: YuWei1101|move: Toxic Spikes\n|faint|p1a: Glimmora\n|move|p1b: Ting-Lu|Fissure|p2a: Annihilape|[miss]\n|-miss|p1b: Ting-Lu|p2a: Annihilape\n|\n|-heal|p2a: Annihilape|75\/100 tox|[from] item: Leftovers\n|-damage|p2b: Maushold|0 fnt|[from] psn\n|faint|p2b: Maushold\n|-damage|p2a: Annihilape|50\/100 tox|[from] psn\n|upkeep\n|\n|t:|1683204723\n|switch|p2b: Amoonguss|Amoonguss, L50, F|100\/100\n|switch|p1a: Annihilape|Annihilape, L50, M, tera:Fire|54\/100\n|-sideend|p2: YuWei1101|move: Toxic Spikes|[of] p2b: Amoonguss\n|turn|5\n|\n|t:|1683204751\n|move|p2b: Amoonguss|Rage Powder|p2b: Amoonguss\n|-singleturn|p2b: Amoonguss|move: Rage Powder\n|move|p1a: Annihilape|Bulk Up|p1a: Annihilape\n|-boost|p1a: Annihilape|atk|1\n|-boost|p1a: Annihilape|def|1\n|move|p2a: Annihilape|Drain Punch|p1b: Ting-Lu\n|-supereffective|p1b: Ting-Lu\n|-damage|p1b: Ting-Lu|27\/100\n|-heal|p2a: Annihilape|72\/100 tox|[from] drain|[of] p1b: Ting-Lu\n|move|p1b: Ting-Lu|Fissure|p2b: Amoonguss\n|-damage|p2b: Amoonguss|0 fnt\n|faint|p2b: Amoonguss\n|-ohko\n|\n|-heal|p1a: Annihilape|60\/100|[from] item: Leftovers\n|-heal|p2a: Annihilape|78\/100 tox|[from] item: Leftovers\n|-damage|p2a: Annihilape|47\/100 tox|[from] psn\n|upkeep\n|\n|t:|1683204769\n|switch|p2b: Rotom|Rotom-Wash, L50|100\/100\n|turn|6\n|\n|t:|1683204783\n|move|p1a: Annihilape|Protect|p1a: Annihilape\n|-singleturn|p1a: Annihilape|Protect\n|move|p2b: Rotom|Hydro Pump|p1a: Annihilape\n|-activate|p1a: Annihilape|move: Protect\n|move|p2a: Annihilape|Rage Fist|p1a: Annihilape\n|-activate|p1a: Annihilape|move: Protect\n|move|p1b: Ting-Lu|Throat Chop|p2a: Annihilape\n|-damage|p2a: Annihilape|24\/100 tox\n|-start|p2a: Annihilape|Throat Chop|[silent]\n|\n|-heal|p1a: Annihilape|66\/100|[from] item: Leftovers\n|-heal|p2a: Annihilape|30\/100 tox|[from] item: Leftovers\n|-damage|p2a: Annihilape|0 fnt|[from] psn\n|faint|p2a: Annihilape\n|upkeep\n|turn|7\n|\n|t:|1683204801\n|move|p2b: Rotom|Hydro Pump|p1a: Annihilape\n|-supereffective|p1a: Annihilape\n|-damage|p1a: Annihilape|20\/100\n|move|p1a: Annihilape|Rage Fist|p2b: Rotom\n|-damage|p2b: Rotom|20\/100\n|-enditem|p2b: Rotom|Sitrus Berry|[eat]\n|-heal|p2b: Rotom|44\/100|[from] item: Sitrus Berry\n|move|p1b: Ting-Lu|Throat Chop|p2b: Rotom\n|-damage|p2b: Rotom|23\/100\n|-start|p2b: Rotom|Throat Chop|[silent]\n|\n|-heal|p1a: Annihilape|26\/100|[from] item: Leftovers\n|upkeep\n|turn|8\n|-message|YuWei1101 forfeited.\n|\n|win|r3gCt3st\n|raw|r3gCt3st's rating: 1333 → 1358<\/strong> (+25 for winning)\n|raw|YuWei1101's rating: 1428 → 1403<\/strong> (-25 for losing)\n","uploadtime":1683204819,"views":4,"p1id":"r3gct3st","p2id":"yuwei1101","formatid":"gen9vgc2023regulationc","rating":1358,"private":0,"password":""}