{"id":"gen9vgc2023regulationc-1860571197","p1":"duff72","p2":"CambodianDriftGod","format":"[Gen 9] VGC 2023 Regulation C","log":"|j|\u2606duff72\n|j|\u2606CambodianDriftGod\n|t:|1683655467\n|gametype|doubles\n|player|p1|duff72|266|1028\n|player|p2|CambodianDriftGod|101|1125\n|teamsize|p1|4\n|teamsize|p2|6\n|gen|9\n|tier|[Gen 9] VGC 2023 Regulation C\n|rated|\n|rule|Species Clause: Limit one of each Pok\u00e9mon\n|rule|Item Clause: Limit one of each item\n|clearpoke\n|poke|p1|Scream Tail, L50|\n|poke|p1|Wigglytuff, L50, M|\n|poke|p1|Jigglypuff, L50, F|\n|poke|p1|Igglybuff, L50, F|\n|poke|p2|Flutter Mane, L50|\n|poke|p2|Chi-Yu, L50|\n|poke|p2|Roaring Moon, L50|\n|poke|p2|Jumpluff, L50, F|\n|poke|p2|Wo-Chien, L50|\n|poke|p2|Torkoal, L50, M|\n|teampreview|4\n|j| ghostistheman\n|\n|t:|1683655499\n|start\n|switch|p1a: Scream Tail|Scream Tail, L50|100\/100\n|switch|p1b: Igglybuff|Igglybuff, L50, F|100\/100\n|switch|p2a: Flutter Mane|Flutter Mane, L50|100\/100\n|switch|p2b: Wo-Chien|Wo-Chien, L50|100\/100\n|-ability|p2b: Wo-Chien|Tablets of Ruin\n|-enditem|p1a: Scream Tail|Booster Energy\n|-activate|p1a: Scream Tail|ability: Protosynthesis|[fromitem]\n|-start|p1a: Scream Tail|protosynthesisspd\n|turn|1\n|\n|t:|1683655524\n|move|p2b: Wo-Chien|Substitute|p2b: Wo-Chien\n|-start|p2b: Wo-Chien|Substitute\n|-damage|p2b: Wo-Chien|76\/100\n|move|p2a: Flutter Mane|Substitute|p2a: Flutter Mane\n|-start|p2a: Flutter Mane|Substitute\n|-damage|p2a: Flutter Mane|76\/100\n|move|p1b: Igglybuff|Gravity|p1b: Igglybuff\n|-fieldstart|move: Gravity\n|move|p1a: Scream Tail|Trick Room|p1a: Scream Tail\n|-fieldstart|move: Trick Room|[of] p1a: Scream Tail\n|\n|upkeep\n|turn|2\n|\n|t:|1683655545\n|move|p1b: Igglybuff|Sing|p2a: Flutter Mane\n|-status|p2a: Flutter Mane|slp|[from] move: Sing\n|cant|p2a: Flutter Mane|slp\n|move|p2b: Wo-Chien|Dark Pulse|p1a: Scream Tail\n|-damage|p1a: Scream Tail|85\/100\n|move|p1a: Scream Tail|Bulk Up|p1a: Scream Tail\n|-boost|p1a: Scream Tail|atk|1\n|-boost|p1a: Scream Tail|def|1\n|\n|upkeep\n|turn|3\n|\n|t:|1683655573\n|move|p1b: Igglybuff|Sing|p2b: Wo-Chien\n|-status|p2b: Wo-Chien|slp|[from] move: Sing\n|cant|p2a: Flutter Mane|slp\n|cant|p2b: Wo-Chien|slp\n|move|p1a: Scream Tail|Bulk Up|p1a: Scream Tail\n|-boost|p1a: Scream Tail|atk|1\n|-boost|p1a: Scream Tail|def|1\n|\n|upkeep\n|turn|4\n|\n|t:|1683655610\n|move|p1b: Igglybuff|Sweet Kiss||[still]\n|-fail|p1b: Igglybuff\n|-curestatus|p2a: Flutter Mane|slp|[msg]\n|move|p2a: Flutter Mane|Shadow Ball|p1a: Scream Tail\n|-supereffective|p1a: Scream Tail\n|-damage|p1a: Scream Tail|55\/100\n|cant|p2b: Wo-Chien|slp\n|move|p1a: Scream Tail|Drain Punch|p2b: Wo-Chien\n|-supereffective|p2b: Wo-Chien\n|-end|p2b: Wo-Chien|Substitute\n|-heal|p1a: Scream Tail|66\/100|[from] drain|[of] p2b: Wo-Chien\n|\n|upkeep\n|turn|5\n|\n|t:|1683655633\n|move|p1b: Igglybuff|Sing|p2a: Flutter Mane\n|-status|p2a: Flutter Mane|slp|[from] move: Sing\n|cant|p2a: Flutter Mane|slp\n|-curestatus|p2b: Wo-Chien|slp|[msg]\n|move|p2b: Wo-Chien|Dark Pulse|p1a: Scream Tail\n|-damage|p1a: Scream Tail|52\/100\n|move|p1a: Scream Tail|Drain Punch|p2b: Wo-Chien\n|-supereffective|p2b: Wo-Chien\n|-damage|p2b: Wo-Chien|25\/100\n|-heal|p1a: Scream Tail|74\/100|[from] drain|[of] p2b: Wo-Chien\n|\n|-fieldend|move: Trick Room\n|-fieldend|move: Gravity\n|upkeep\n|turn|6\n|\n|t:|1683655661\n|move|p2b: Wo-Chien|Leaf Storm|p1b: Igglybuff\n|-damage|p1b: Igglybuff|18\/100\n|-unboost|p2b: Wo-Chien|spa|2\n|-enditem|p2b: Wo-Chien|Eject Pack\n|\n|t:|1683655667\n|switch|p2b: Torkoal|Torkoal, L50, M|100\/100\n|-weather|SunnyDay|[from] ability: Drought|[of] p2b: Torkoal\n|-activate|p2a: Flutter Mane|ability: Protosynthesis\n|-start|p2a: Flutter Mane|protosynthesisspa\n|-curestatus|p2a: Flutter Mane|slp|[msg]\n|move|p2a: Flutter Mane|Shadow Ball|p1b: Igglybuff\n|-immune|p1b: Igglybuff\n|move|p1b: Igglybuff|Gravity|p1b: Igglybuff\n|-fieldstart|move: Gravity\n|move|p1a: Scream Tail|Trick Room|p1a: Scream Tail\n|-fieldstart|move: Trick Room|[of] p1a: Scream Tail\n|\n|-weather|SunnyDay|[upkeep]\n|upkeep\n|turn|7\n|\n|t:|1683655694\n|move|p1b: Igglybuff|Sing|p2b: Torkoal\n|-status|p2b: Torkoal|slp|[from] move: Sing\n|cant|p2b: Torkoal|slp\n|move|p2a: Flutter Mane|Dazzling Gleam|p1b: Igglybuff|[spread] p1a,p1b\n|-damage|p1a: Scream Tail|60\/100\n|-damage|p1b: Igglybuff|0 fnt\n|faint|p1b: Igglybuff\n|move|p1a: Scream Tail|Bulk Up|p1a: Scream Tail\n|-boost|p1a: Scream Tail|atk|1\n|-boost|p1a: Scream Tail|def|1\n|\n|-weather|SunnyDay|[upkeep]\n|upkeep\n|\n|t:|1683655707\n|switch|p1b: Jigglypuff|Jigglypuff, L50, F, shiny|100\/100\n|turn|8\n|\n|t:|1683655725\n|-terastallize|p2b: Torkoal|Fire\n|move|p1b: Jigglypuff|Sing|p2a: Flutter Mane\n|-status|p2a: Flutter Mane|slp|[from] move: Sing\n|cant|p2b: Torkoal|slp\n|cant|p2a: Flutter Mane|slp\n|move|p1a: Scream Tail|Bulk Up|p1a: Scream Tail\n|-boost|p1a: Scream Tail|atk|1\n|-boost|p1a: Scream Tail|def|1\n|\n|-weather|SunnyDay|[upkeep]\n|upkeep\n|turn|9\n|\n|t:|1683655742\n|move|p1b: Jigglypuff|Gyro Ball|p2a: Flutter Mane\n|-supereffective|p2a: Flutter Mane\n|-activate|p2a: Flutter Mane|move: Substitute|[damage]\n|-curestatus|p2b: Torkoal|slp|[msg]\n|move|p2b: Torkoal|Eruption|p1a: Scream Tail|[spread] p1a,p1b\n|-damage|p1a: Scream Tail|3\/100\n|-damage|p1b: Jigglypuff|0 fnt\n|faint|p1b: Jigglypuff\n|-curestatus|p2a: Flutter Mane|slp|[msg]\n|move|p2a: Flutter Mane|Dazzling Gleam|p1a: Scream Tail\n|-damage|p1a: Scream Tail|0 fnt\n|faint|p1a: Scream Tail\n|-end|p1a: Scream Tail|Protosynthesis|[silent]\n|\n|-weather|SunnyDay|[upkeep]\n|upkeep\n|-message|duff72 forfeited.\n|\n|win|CambodianDriftGod\n|raw|duff72's rating: 1028 → 1018<\/strong> (-10 for losing)\n|raw|CambodianDriftGod's rating: 1125 → 1143<\/strong> (+18 for winning)\n|l|\u2606duff72\n|c| ghostistheman|lmao\n|c| ghostistheman|gg\n","uploadtime":1683655775,"views":8,"p1id":"duff72","p2id":"cambodiandriftgod","formatid":"gen9vgc2023regulationc","rating":1018,"private":0,"password":""}