{"id":"gen9vgc2023regulationc-1853415102","p1":"AnimeRedneck","p2":"Lucyviee","format":"[Gen 9] VGC 2023 Regulation C","log":"|j|\u2606AnimeRedneck\n|j|\u2606Lucyviee\n|t:|1682682339\n|gametype|doubles\n|player|p1|AnimeRedneck|pryce|1056\n|player|p2|Lucyviee|may-masters2|1134\n|teamsize|p1|6\n|teamsize|p2|6\n|gen|9\n|tier|[Gen 9] VGC 2023 Regulation C\n|rated|\n|rule|Species Clause: Limit one of each Pok\u00e9mon\n|rule|Item Clause: Limit one of each item\n|clearpoke\n|poke|p1|Blissey, L50, F|\n|poke|p1|Corviknight, L50, F|\n|poke|p1|Dondozo, L50, F|\n|poke|p1|Tatsugiri-Stretchy, L50, M|\n|poke|p1|Chi-Yu, L50|\n|poke|p1|Pawmot, L50, F|\n|poke|p2|Palafin, L50, F|\n|poke|p2|Chi-Yu, L50|\n|poke|p2|Pelipper, L50, M|\n|poke|p2|Maushold, L50|\n|poke|p2|Annihilape, L50, F|\n|poke|p2|Flutter Mane, L50|\n|teampreview|4\nAnimeRedneck rejected open team sheets.\n|\n|t:|1682682379\n|start\n|switch|p1a: Pawmot|Pawmot, L50, F|100\/100\n|switch|p1b: Sprite|Tatsugiri-Stretchy, L50, M|100\/100\n|switch|p2a: Palafin|Palafin, L50, F, shiny|100\/100\n|switch|p2b: Annihilape|Annihilape, L50, F|100\/100\n|turn|1\n|\n|t:|1682682408\n|detailschange|p2a: Palafin|Palafin-Hero, L50, F, shiny\n|switch|p2a: Pelipper|Pelipper, L50, M|100\/100\n|-weather|RainDance|[from] ability: Drizzle|[of] p2a: Pelipper\n|-terastallize|p1b: Sprite|Dragon\n|move|p2b: Annihilape|Final Gambit|p1b: Sprite\n|-damage|p1b: Sprite|0 fnt\n|faint|p2b: Annihilape\n|faint|p1b: Sprite\n|move|p1a: Pawmot|Double Shock|p2a: Pelipper\n|-supereffective|p2a: Pelipper\n|-enditem|p2a: Pelipper|Focus Sash\n|-damage|p2a: Pelipper|1\/100\n|-start|p1a: Pawmot|typechange|???\/Fighting|[from] move: Double Shock\n|\n|-weather|RainDance|[upkeep]\n|upkeep\n|\n|t:|1682682430\n|switch|p2b: Palafin|Palafin-Hero, L50, F, shiny|100\/100\n|switch|p1b: Cheerwine|Blissey, L50, F, shiny|100\/100\n|-activate|p2b: Palafin|ability: Zero to Hero\n|turn|2\n|\n|t:|1682682448\n|-terastallize|p2b: Palafin|Grass\n|move|p2a: Pelipper|Protect|p2a: Pelipper\n|-singleturn|p2a: Pelipper|Protect\n|move|p1a: Pawmot|Revival Blessing|p1a: Pawmot\n|\n|t:|1682682453\n|-heal|p1: Sprite|50\/100|[from] move: Revival Blessing\n|move|p2b: Palafin|Wave Crash|p1a: Pawmot\n|-enditem|p1a: Pawmot|Focus Sash\n|-damage|p1a: Pawmot|1\/100\n|-damage|p2b: Palafin|77\/100|[from] Recoil\n|move|p1b: Cheerwine|Thunder Wave|p2b: Palafin\n|-status|p2b: Palafin|par\n|\n|-weather|RainDance|[upkeep]\n|upkeep\n|turn|3\n|\n|t:|1682682493\n|switch|p1a: Barq\u2019s|Dondozo, L50, F|100\/100\n|move|p2b: Palafin|Jet Punch|p1a: Barq\u2019s\n|-resisted|p1a: Barq\u2019s\n|-damage|p1a: Barq\u2019s|79\/100\n|move|p2a: Pelipper|Tailwind|p2a: Pelipper\n|-sidestart|p2: Lucyviee|move: Tailwind\n|move|p1b: Cheerwine|Skill Swap|p1a: Barq\u2019s\n|-activate|p1b: Cheerwine|move: Skill Swap|||[of] p1a: Barq\u2019s\n|\n|-weather|RainDance|[upkeep]\n|upkeep\n|turn|4\n|\n|t:|1682682530\n|move|p1a: Barq\u2019s|Protect|p1a: Barq\u2019s\n|-singleturn|p1a: Barq\u2019s|Protect\n|move|p2a: Pelipper|Hurricane|p1a: Barq\u2019s\n|-activate|p1a: Barq\u2019s|move: Protect\n|move|p2b: Palafin|Close Combat|p1a: Barq\u2019s\n|-activate|p1a: Barq\u2019s|move: Protect\n|move|p1b: Cheerwine|Thunder Wave|p2a: Pelipper|[miss]\n|-miss|p1b: Cheerwine|p2a: Pelipper\n|\n|-weather|RainDance|[upkeep]\n|upkeep\n|turn|5\n|\n|t:|1682682553\n|switch|p1b: Sprite|Tatsugiri-Stretchy, L50, M|50\/100\n|-activate|p1b: Sprite|ability: Commander|[of] p1a: Barq\u2019s\n|-boost|p1a: Barq\u2019s|atk|2\n|-boost|p1a: Barq\u2019s|spa|2\n|-boost|p1a: Barq\u2019s|spe|2\n|-boost|p1a: Barq\u2019s|def|2\n|-boost|p1a: Barq\u2019s|spd|2\n|move|p2a: Pelipper|Hurricane|p1a: Barq\u2019s\n|-damage|p1a: Barq\u2019s|60\/100\n|move|p1a: Barq\u2019s|Order Up|p2a: Pelipper\n|-damage|p2a: Pelipper|0 fnt\n|faint|p2a: Pelipper\n|-boost|p1a: Barq\u2019s|spe|1\n|move|p2b: Palafin|Close Combat|p1a: Barq\u2019s\n|-damage|p1a: Barq\u2019s|43\/100\n|-unboost|p2b: Palafin|def|1\n|-unboost|p2b: Palafin|spd|1\n|\n|-weather|none\n|upkeep\n|\n|t:|1682682560\n|switch|p2a: Chi-Yu|Chi-Yu, L50|100\/100\n|-ability|p2a: Chi-Yu|Beads of Ruin\n|turn|6\n|\n|t:|1682682578\n|move|p1a: Barq\u2019s|Protect|p1a: Barq\u2019s\n|-singleturn|p1a: Barq\u2019s|Protect\n|move|p2b: Palafin|Jet Punch|p1a: Barq\u2019s\n|-activate|p1a: Barq\u2019s|move: Protect\n|move|p2a: Chi-Yu|Dark Pulse|p1a: Barq\u2019s\n|-activate|p1a: Barq\u2019s|move: Protect\n|\n|-sideend|p2: Lucyviee|move: Tailwind\n|upkeep\n|turn|7\n|\n|t:|1682682592\n|move|p1a: Barq\u2019s|Rock Slide|p2b: Palafin|[spread] p2a,p2b\n|-supereffective|p2a: Chi-Yu\n|-damage|p2a: Chi-Yu|19\/100\n|-damage|p2b: Palafin|45\/100 par\n|cant|p2a: Chi-Yu|flinch\n|move|p2b: Palafin|Wave Crash|p1a: Barq\u2019s\n|-resisted|p1a: Barq\u2019s\n|-damage|p1a: Barq\u2019s|27\/100\n|-damage|p2b: Palafin|40\/100 par|[from] Recoil\n|\n|upkeep\n|turn|8\n|\n|t:|1682682606\n|cant|p2b: Palafin|par\n|move|p1a: Barq\u2019s|Rock Slide|p2a: Chi-Yu|[spread] p2a,p2b\n|-supereffective|p2a: Chi-Yu\n|-damage|p2a: Chi-Yu|0 fnt\n|-damage|p2b: Palafin|3\/100 par\n|faint|p2a: Chi-Yu\n|\n|upkeep\n|turn|9\n|-message|Lucyviee forfeited.\n|\n|win|AnimeRedneck\n|raw|AnimeRedneck's rating: 1056 → 1095<\/strong> (+39 for winning)\n|raw|Lucyviee's rating: 1134 → 1103<\/strong> (-31 for losing)\n|l|\u2606Lucyviee\n","uploadtime":1682682617,"views":15,"p1id":"animeredneck","p2id":"lucyviee","formatid":"gen9vgc2023regulationc","rating":1095,"private":0,"password":""}