{"id":"gen9vgc2023regulationc-1847484412","p1":"PoGoboy","p2":"Emberbloom","format":"[Gen 9] VGC 2023 Regulation C","log":"|j|\u2606PoGoboy\n|j|\u2606Emberbloom\n|t:|1681960934\n|gametype|doubles\n|player|p1|PoGoboy|rika|1366\n|player|p2|Emberbloom|flannery|1443\n|teamsize|p1|6\n|teamsize|p2|6\n|gen|9\n|tier|[Gen 9] VGC 2023 Regulation C\n|rated|\n|rule|Species Clause: Limit one of each Pok\u00e9mon\n|rule|Item Clause: Limit one of each item\n|clearpoke\n|poke|p1|Iron Jugulis, L50|\n|poke|p1|Garchomp, L50, F|\n|poke|p1|Abomasnow, L50, M|\n|poke|p1|Iron Bundle, L50|\n|poke|p1|Gyarados, L50, F|\n|poke|p1|Arcanine, L50, M|\n|poke|p2|Corviknight, L50, F|\n|poke|p2|Tyranitar, L50, M|\n|poke|p2|Garchomp, L50, M|\n|poke|p2|Gyarados, L50, F|\n|poke|p2|Amoonguss, L50, F|\n|poke|p2|Iron Hands, L50|\n|teampreview|4\n|inactive|Battle timer is ON: inactive players will automatically lose when time's up. (requested by PoGoboy)\n|\n|t:|1681960961\n|start\n|switch|p1a: Gyarados|Gyarados, L50, F|100\/100\n|switch|p1b: Arcanine|Arcanine, L50, M|100\/100\n|switch|p2a: Corviknight|Corviknight, L50, F|100\/100\n|switch|p2b: Iron Hands|Iron Hands, L50|100\/100\n|-ability|p1b: Arcanine|Intimidate|boost\n|-ability|p2a: Corviknight|Mirror Armor\n|-unboost|p1b: Arcanine|atk|1\n|-unboost|p2b: Iron Hands|atk|1\n|-ability|p1a: Gyarados|Intimidate|boost\n|-ability|p2a: Corviknight|Mirror Armor\n|-unboost|p1a: Gyarados|atk|1\n|-unboost|p2b: Iron Hands|atk|1\n|turn|1\n|inactive|PoGoboy has 30 seconds left.\n|inactive|Emberbloom has 30 seconds left.\n|inactive|Emberbloom has 20 seconds left.\n|inactive|Emberbloom has 15 seconds left.\n|\n|t:|1681961004\n|switch|p1a: Garchomp|Garchomp, L50, F|100\/100\n|move|p1b: Arcanine|Will-O-Wisp|p2b: Iron Hands\n|-status|p2b: Iron Hands|brn\n|move|p2a: Corviknight|Tailwind|p2a: Corviknight\n|-sidestart|p2: Emberbloom|move: Tailwind\n|move|p2b: Iron Hands|Swords Dance|p2b: Iron Hands\n|-boost|p2b: Iron Hands|atk|2\n|\n|-damage|p2b: Iron Hands|94\/100 brn|[from] brn\n|upkeep\n|turn|2\n|inactive|Emberbloom has 30 seconds left.\n|\n|t:|1681961036\n|switch|p1b: Iron Jugulis|Iron Jugulis, L50|100\/100\n|-enditem|p1b: Iron Jugulis|Booster Energy\n|-activate|p1b: Iron Jugulis|ability: Quark Drive|[fromitem]\n|-start|p1b: Iron Jugulis|quarkdrivespe\n|-terastallize|p2b: Iron Hands|Grass\n|-terastallize|p1a: Garchomp|Ground\n|move|p2a: Corviknight|Iron Head|p1a: Garchomp\n|-damage|p1a: Garchomp|76\/100\n|-damage|p2a: Corviknight|88\/100|[from] ability: Rough Skin|[of] p1a: Garchomp\n|move|p2b: Iron Hands|Swords Dance|p2b: Iron Hands\n|-boost|p2b: Iron Hands|atk|2\n|move|p1a: Garchomp|Stomping Tantrum|p2b: Iron Hands\n|-resisted|p2b: Iron Hands\n|-damage|p2b: Iron Hands|76\/100 brn\n|\n|-damage|p2b: Iron Hands|70\/100 brn|[from] brn\n|upkeep\n|turn|3\n|\n|t:|1681961060\n|move|p1b: Iron Jugulis|Tailwind|p1b: Iron Jugulis\n|-sidestart|p1: PoGoboy|move: Tailwind\n|move|p1a: Garchomp|Rock Slide|p2b: Iron Hands|[spread] p2a,p2b\n|-damage|p2a: Corviknight|71\/100\n|-damage|p2b: Iron Hands|56\/100 brn\n|move|p2a: Corviknight|Taunt|p1b: Iron Jugulis\n|-start|p1b: Iron Jugulis|move: Taunt\n|move|p2b: Iron Hands|Thunder Punch|p1b: Iron Jugulis\n|-supereffective|p1b: Iron Jugulis\n|-damage|p1b: Iron Jugulis|8\/100\n|\n|-damage|p2b: Iron Hands|50\/100 brn|[from] brn\n|upkeep\n|turn|4\n|\n|t:|1681961079\n|move|p1b: Iron Jugulis|Air Slash|p2b: Iron Hands\n|-supereffective|p2b: Iron Hands\n|-damage|p2b: Iron Hands|6\/100 brn\n|move|p1a: Garchomp|Rock Slide|p2a: Corviknight|[spread] p2a,p2b\n|-damage|p2a: Corviknight|55\/100\n|-damage|p2b: Iron Hands|0 fnt\n|faint|p2b: Iron Hands\n|-end|p2b: Iron Hands|Quark Drive|[silent]\n|move|p2a: Corviknight|Brave Bird|p1b: Iron Jugulis\n|-damage|p1b: Iron Jugulis|0 fnt\n|faint|p1b: Iron Jugulis\n|-end|p1b: Iron Jugulis|Quark Drive|[silent]\n|-damage|p2a: Corviknight|52\/100|[from] Recoil\n|\n|-sideend|p2: Emberbloom|move: Tailwind\n|upkeep\n|\n|t:|1681961087\n|switch|p1b: Arcanine|Arcanine, L50, M|100\/100\n|switch|p2b: Garchomp|Garchomp, L50, M|100\/100\n|-ability|p1b: Arcanine|Intimidate|boost\n|-ability|p2a: Corviknight|Mirror Armor\n|-unboost|p1b: Arcanine|atk|1\n|-unboost|p2b: Garchomp|atk|1\n|turn|5\n|\n|t:|1681961102\n|switch|p2a: Tyranitar|Tyranitar, L50, M, shiny|100\/100\n|-weather|Sandstorm|[from] ability: Sand Stream|[of] p2a: Tyranitar\n|move|p1b: Arcanine|Flare Blitz|p2a: Tyranitar\n|-resisted|p2a: Tyranitar\n|-damage|p2a: Tyranitar|87\/100\n|-damage|p1b: Arcanine|95\/100|[from] Recoil\n|move|p1a: Garchomp|Stomping Tantrum|p2b: Garchomp\n|-damage|p2b: Garchomp|41\/100\n|move|p2b: Garchomp|Rock Slide|p1a: Garchomp|[spread] p1a,p1b\n|-resisted|p1a: Garchomp\n|-supereffective|p1b: Arcanine\n|-damage|p1a: Garchomp|68\/100\n|-damage|p1b: Arcanine|57\/100\n|-damage|p2b: Garchomp|32\/100|[from] item: Life Orb\n|\n|-weather|Sandstorm|[upkeep]\n|-damage|p1b: Arcanine|52\/100|[from] Sandstorm\n|upkeep\n|turn|6\n|\n|t:|1681961120\n|switch|p1b: Gyarados|Gyarados, L50, F|100\/100\n|-ability|p1b: Gyarados|Intimidate|boost\n|-unboost|p2a: Tyranitar|atk|1\n|-unboost|p2b: Garchomp|atk|1\n|switch|p2b: Corviknight|Corviknight, L50, F|52\/100\n|move|p1a: Garchomp|Earthquake|p2a: Tyranitar|[spread] p2a\n|-immune|p1b: Gyarados\n|-immune|p2b: Corviknight\n|-supereffective|p2a: Tyranitar\n|-damage|p2a: Tyranitar|7\/100\n|move|p2a: Tyranitar|Rock Slide|p1b: Gyarados|[spread] p1a,p1b\n|-resisted|p1a: Garchomp\n|-supereffective|p1b: Gyarados\n|-damage|p1a: Garchomp|58\/100\n|-damage|p1b: Gyarados|55\/100\n|\n|-weather|Sandstorm|[upkeep]\n|-sideend|p1: PoGoboy|move: Tailwind\n|upkeep\n|turn|7\n|\n|t:|1681961133\n|move|p1a: Garchomp|Rock Slide|p2a: Tyranitar|[spread] p2a,p2b\n|-damage|p2a: Tyranitar|0 fnt\n|-damage|p2b: Corviknight|35\/100\n|faint|p2a: Tyranitar\n|move|p1b: Gyarados|Dragon Dance|p1b: Gyarados\n|-boost|p1b: Gyarados|atk|1\n|-boost|p1b: Gyarados|spe|1\n|move|p2b: Corviknight|Tailwind|p2b: Corviknight\n|-sidestart|p2: Emberbloom|move: Tailwind\n|\n|-weather|Sandstorm|[upkeep]\n|upkeep\n|\n|t:|1681961136\n|switch|p2a: Garchomp|Garchomp, L50, M|32\/100\n|turn|8\n|\n|t:|1681961148\n|move|p2a: Garchomp|Rock Slide|p1a: Garchomp|[spread] p1b\n|-miss|p2a: Garchomp|p1a: Garchomp\n|-supereffective|p1b: Gyarados\n|-damage|p1b: Gyarados|0 fnt\n|faint|p1b: Gyarados\n|-damage|p2a: Garchomp|22\/100|[from] item: Life Orb\n|move|p2b: Corviknight|Iron Head|p1a: Garchomp\n|-damage|p1a: Garchomp|34\/100\n|-damage|p2b: Corviknight|23\/100|[from] ability: Rough Skin|[of] p1a: Garchomp\n|move|p1a: Garchomp|Stomping Tantrum|p2a: Garchomp|[miss]\n|-miss|p1a: Garchomp|p2a: Garchomp\n|\n|-weather|Sandstorm|[upkeep]\n|upkeep\n|\n|t:|1681961155\n|switch|p1b: Arcanine|Arcanine, L50, M|52\/100\n|-ability|p1b: Arcanine|Intimidate|boost\n|-unboost|p2a: Garchomp|atk|1\n|-ability|p2b: Corviknight|Mirror Armor\n|-unboost|p1b: Arcanine|atk|1\n|turn|9\n|\n|t:|1681961170\n|move|p1b: Arcanine|Extreme Speed|p2a: Garchomp\n|-damage|p2a: Garchomp|6\/100\n|move|p2a: Garchomp|Rock Slide|p1a: Garchomp|[spread] p1a\n|-miss|p2a: Garchomp|p1b: Arcanine\n|-resisted|p1a: Garchomp\n|-damage|p1a: Garchomp|26\/100\n|-damage|p2a: Garchomp|0 fnt|[from] item: Life Orb\n|faint|p2a: Garchomp\n|move|p2b: Corviknight|Brave Bird|p1a: Garchomp\n|-crit|p1a: Garchomp\n|-damage|p1a: Garchomp|0 fnt\n|-damage|p2b: Corviknight|11\/100|[from] ability: Rough Skin|[of] p1a: Garchomp\n|faint|p1a: Garchomp\n|-damage|p2b: Corviknight|2\/100|[from] Recoil\n|\n|-weather|none\n|upkeep\n|turn|10\n|\n|t:|1681961179\n|move|p2b: Corviknight|Brave Bird|p1b: Arcanine\n|-damage|p1b: Arcanine|6\/100\n|-enditem|p1b: Arcanine|Sitrus Berry|[eat]\n|-heal|p1b: Arcanine|31\/100|[from] item: Sitrus Berry\n|-damage|p2b: Corviknight|0 fnt|[from] Recoil\n|faint|p2b: Corviknight\n|\n|win|PoGoboy\n|raw|PoGoboy's rating: 1366 → 1390<\/strong> (+24 for winning)\n|raw|Emberbloom's rating: 1443 → 1419<\/strong> (-24 for losing)\n|l|\u2606PoGoboy\n","uploadtime":1681961191,"views":5,"p1id":"pogoboy","p2id":"emberbloom","formatid":"gen9vgc2023regulationc","rating":1390,"private":0,"password":""}