{"id":"gen9vgc2023regulationc-1847786279","p1":"Cotton621","p2":"PONLO_A25PRUEBA","format":"[Gen 9] VGC 2023 Regulation C","log":"|j|\u2606Cotton621\n|j|\u2606PONLO_A25PRUEBA\n|t:|1682001862\n|gametype|doubles\n|player|p1|Cotton621|266|1222\n|player|p2|PONLO_A25PRUEBA|tate|1268\n|teamsize|p1|6\n|teamsize|p2|6\n|gen|9\n|tier|[Gen 9] VGC 2023 Regulation C\n|rated|\n|rule|Species Clause: Limit one of each Pok\u00e9mon\n|rule|Item Clause: Limit one of each item\n|clearpoke\n|poke|p1|Dondozo, L50, F|\n|poke|p1|Tatsugiri, L50, M|\n|poke|p1|Hydreigon, L50, F|\n|poke|p1|Amoonguss, L50, M|\n|poke|p1|Arcanine, L50, F|\n|poke|p1|Flutter Mane, L50|\n|poke|p2|Maushold-Four, L50|\n|poke|p2|Annihilape, L50, F|\n|poke|p2|Flutter Mane, L50|\n|poke|p2|Chi-Yu, L50|\n|poke|p2|Tatsugiri-Droopy, L50, F|\n|poke|p2|Dondozo, L50, M|\n|teampreview|4\n|\n|t:|1682001879\n|start\n|switch|p1a: Amoonguss|Amoonguss, L50, M|100\/100\n|switch|p1b: Flutter Mane|Flutter Mane, L50|100\/100\n|switch|p2a: Maushold|Maushold-Four, L50|100\/100\n|switch|p2b: Annihilape|Annihilape, L50, F|100\/100\n|-enditem|p1b: Flutter Mane|Booster Energy\n|-activate|p1b: Flutter Mane|ability: Protosynthesis|[fromitem]\n|-start|p1b: Flutter Mane|protosynthesisspe\n|turn|1\n|\n|t:|1682001893\n|move|p2a: Maushold|Protect|p2a: Maushold\n|-singleturn|p2a: Maushold|Protect\n|move|p1a: Amoonguss|Rage Powder|p1a: Amoonguss\n|-singleturn|p1a: Amoonguss|move: Rage Powder\n|move|p1b: Flutter Mane|Dazzling Gleam|p2a: Maushold|[spread] p2b\n|-activate|p2a: Maushold|move: Protect\n|-supereffective|p2b: Annihilape\n|-damage|p2b: Annihilape|44\/100\n|move|p2b: Annihilape|Final Gambit|p1a: Amoonguss\n|-damage|p1a: Amoonguss|58\/100\n|faint|p2b: Annihilape\n|\n|-heal|p1a: Amoonguss|63\/100|[from] item: Black Sludge\n|upkeep\n|\n|t:|1682001901\n|switch|p2b: Dondozo|Dondozo, L50, M|100\/100\n|turn|2\n|\n|t:|1682001911\n|switch|p2a: Tatsugiri|Tatsugiri-Droopy, L50, F|100\/100\n|-activate|p2a: Tatsugiri|ability: Commander|[of] p2b: Dondozo\n|-boost|p2b: Dondozo|atk|2\n|-boost|p2b: Dondozo|spa|2\n|-boost|p2b: Dondozo|spe|2\n|-boost|p2b: Dondozo|def|2\n|-boost|p2b: Dondozo|spd|2\n|-terastallize|p2b: Dondozo|Grass\n|move|p1b: Flutter Mane|Dazzling Gleam|p2b: Dondozo|[spread] p2b\n|-miss|p1b: Flutter Mane|p2a: Tatsugiri\n|-damage|p2b: Dondozo|83\/100\n|move|p2b: Dondozo|Earthquake|p1b: Flutter Mane|[spread] p1a,p1b\n|-miss|p2b: Dondozo|p2a: Tatsugiri\n|-damage|p1a: Amoonguss|18\/100\n|-damage|p1b: Flutter Mane|0 fnt\n|faint|p1b: Flutter Mane\n|-end|p1b: Flutter Mane|Protosynthesis|[silent]\n|move|p1a: Amoonguss|Spore|p2b: Dondozo\n|-immune|p2b: Dondozo\n|\n|-heal|p1a: Amoonguss|24\/100|[from] item: Black Sludge\n|upkeep\n|\n|t:|1682001928\n|switch|p1b: Dondozo|Dondozo, L50, F|100\/100\n|turn|3\n|\n|t:|1682001939\n|switch|p1a: Tatsugiri|Tatsugiri, L50, M|100\/100\n|-activate|p1a: Tatsugiri|ability: Commander|[of] p1b: Dondozo\n|-boost|p1b: Dondozo|atk|2\n|-boost|p1b: Dondozo|spa|2\n|-boost|p1b: Dondozo|spe|2\n|-boost|p1b: Dondozo|def|2\n|-boost|p1b: Dondozo|spd|2\n|move|p2b: Dondozo|Tera Blast|p1b: Dondozo\n|-supereffective|p1b: Dondozo\n|-damage|p1b: Dondozo|51\/100\n|move|p1b: Dondozo|Order Up|p2b: Dondozo\n|-damage|p2b: Dondozo|69\/100\n|-boost|p1b: Dondozo|atk|1\n|\n|-heal|p1b: Dondozo|57\/100|[from] item: Leftovers\n|upkeep\n|turn|4\n|\n|t:|1682001952\n|-terastallize|p1b: Dondozo|Grass\n|move|p1b: Dondozo|Protect|p1b: Dondozo\n|-singleturn|p1b: Dondozo|Protect\n|move|p2b: Dondozo|Tera Blast|p1b: Dondozo\n|-activate|p1b: Dondozo|move: Protect\n|\n|-heal|p1b: Dondozo|63\/100|[from] item: Leftovers\n|upkeep\n|turn|5\n|\n|t:|1682001964\n|move|p2b: Dondozo|Order Up|p1b: Dondozo\n|-damage|p1b: Dondozo|47\/100\n|-boost|p2b: Dondozo|def|1\n|move|p1b: Dondozo|Order Up|p2b: Dondozo\n|-damage|p2b: Dondozo|55\/100\n|-boost|p1b: Dondozo|atk|1\n|\n|-heal|p1b: Dondozo|53\/100|[from] item: Leftovers\n|upkeep\n|turn|6\n|\n|t:|1682001976\n|move|p1b: Dondozo|Protect|p1b: Dondozo\n|-singleturn|p1b: Dondozo|Protect\n|move|p2b: Dondozo|Order Up|p1b: Dondozo\n|-activate|p1b: Dondozo|move: Protect\n|\n|-heal|p1b: Dondozo|60\/100|[from] item: Leftovers\n|upkeep\n|turn|7\n|\n|t:|1682001985\n|move|p2b: Dondozo|Order Up|p1b: Dondozo\n|-damage|p1b: Dondozo|42\/100\n|-boost|p2b: Dondozo|def|1\n|move|p1b: Dondozo|Liquidation|p2b: Dondozo\n|-resisted|p2b: Dondozo\n|-damage|p2b: Dondozo|44\/100\n|\n|-heal|p1b: Dondozo|48\/100|[from] item: Leftovers\n|upkeep\n|turn|8\n|\n|t:|1682001999\n|move|p1b: Dondozo|Protect|p1b: Dondozo\n|-singleturn|p1b: Dondozo|Protect\n|move|p2b: Dondozo|Order Up|p1b: Dondozo\n|-activate|p1b: Dondozo|move: Protect\n|\n|-heal|p1b: Dondozo|55\/100|[from] item: Leftovers\n|upkeep\n|turn|9\n|\n|t:|1682002007\n|move|p2b: Dondozo|Order Up|p1b: Dondozo\n|-damage|p1b: Dondozo|40\/100\n|-boost|p2b: Dondozo|def|1\n|move|p1b: Dondozo|Order Up|p2b: Dondozo\n|-damage|p2b: Dondozo|28\/100\n|-boost|p1b: Dondozo|atk|1\n|\n|-heal|p1b: Dondozo|46\/100|[from] item: Leftovers\n|upkeep\n|turn|10\n|\n|t:|1682002016\n|move|p1b: Dondozo|Protect|p1b: Dondozo\n|-singleturn|p1b: Dondozo|Protect\n|move|p2b: Dondozo|Order Up|p1b: Dondozo\n|-activate|p1b: Dondozo|move: Protect\n|\n|-heal|p1b: Dondozo|52\/100|[from] item: Leftovers\n|upkeep\n|turn|11\n|\n|t:|1682002025\n|move|p2b: Dondozo|Rest|p2b: Dondozo\n|-status|p2b: Dondozo|slp|[from] move: Rest\n|-heal|p2b: Dondozo|100\/100 slp|[silent]\n|move|p1b: Dondozo|Order Up|p2b: Dondozo\n|-damage|p2b: Dondozo|87\/100 slp\n|-boost|p1b: Dondozo|atk|1\n|\n|-heal|p1b: Dondozo|58\/100|[from] item: Leftovers\n|upkeep\n|turn|12\n|\n|t:|1682002039\n|cant|p2b: Dondozo|slp\n|move|p1b: Dondozo|Order Up|p2b: Dondozo\n|-damage|p2b: Dondozo|71\/100 slp\n|-boost|p1b: Dondozo|atk|0\n|\n|-heal|p1b: Dondozo|65\/100|[from] item: Leftovers\n|upkeep\n|turn|13\n|\n|t:|1682002049\n|cant|p2b: Dondozo|slp\n|move|p1b: Dondozo|Order Up|p2b: Dondozo\n|-damage|p2b: Dondozo|56\/100 slp\n|-boost|p1b: Dondozo|atk|0\n|\n|-heal|p1b: Dondozo|71\/100|[from] item: Leftovers\n|upkeep\n|turn|14\n|\n|t:|1682002083\n|-curestatus|p2b: Dondozo|slp|[msg]\n|move|p2b: Dondozo|Order Up|p1b: Dondozo\n|-damage|p1b: Dondozo|55\/100\n|-boost|p2b: Dondozo|def|1\n|move|p1b: Dondozo|Order Up|p2b: Dondozo\n|-damage|p2b: Dondozo|43\/100\n|-boost|p1b: Dondozo|atk|0\n|\n|-heal|p1b: Dondozo|62\/100|[from] item: Leftovers\n|upkeep\n|turn|15\n|\n|t:|1682002101\n|move|p2b: Dondozo|Order Up|p1b: Dondozo\n|-damage|p1b: Dondozo|46\/100\n|-boost|p2b: Dondozo|def|0\n|move|p1b: Dondozo|Order Up|p2b: Dondozo\n|-damage|p2b: Dondozo|30\/100\n|-boost|p1b: Dondozo|atk|0\n|\n|-heal|p1b: Dondozo|52\/100|[from] item: Leftovers\n|upkeep\n|turn|16\n|\n|t:|1682002109\n|move|p1b: Dondozo|Protect|p1b: Dondozo\n|-singleturn|p1b: Dondozo|Protect\n|move|p2b: Dondozo|Rest|p2b: Dondozo\n|-status|p2b: Dondozo|slp|[from] move: Rest\n|-heal|p2b: Dondozo|100\/100 slp|[silent]\n|\n|-heal|p1b: Dondozo|58\/100|[from] item: Leftovers\n|upkeep\n|turn|17\n|\n|t:|1682002114\n|cant|p2b: Dondozo|slp\n|move|p1b: Dondozo|Earthquake|p2b: Dondozo|[spread] p2b\n|-miss|p1b: Dondozo|p1a: Tatsugiri\n|-miss|p1b: Dondozo|p2a: Tatsugiri\n|-resisted|p2b: Dondozo\n|-damage|p2b: Dondozo|94\/100 slp\n|\n|-heal|p1b: Dondozo|64\/100|[from] item: Leftovers\n|upkeep\n|turn|18\n|\n|t:|1682002124\n|cant|p2b: Dondozo|slp\n|move|p1b: Dondozo|Order Up|p2b: Dondozo\n|-damage|p2b: Dondozo|80\/100 slp\n|-boost|p1b: Dondozo|atk|0\n|\n|-heal|p1b: Dondozo|71\/100|[from] item: Leftovers\n|upkeep\n|turn|19\n|\n|t:|1682002137\n|-curestatus|p2b: Dondozo|slp|[msg]\n|move|p2b: Dondozo|Order Up|p1b: Dondozo\n|-damage|p1b: Dondozo|56\/100\n|-boost|p2b: Dondozo|def|0\n|move|p1b: Dondozo|Order Up|p2b: Dondozo\n|-damage|p2b: Dondozo|65\/100\n|-boost|p1b: Dondozo|atk|0\n|\n|-heal|p1b: Dondozo|62\/100|[from] item: Leftovers\n|upkeep\n|turn|20\n|\n|t:|1682002148\n|move|p1b: Dondozo|Protect|p1b: Dondozo\n|-singleturn|p1b: Dondozo|Protect\n|move|p2b: Dondozo|Tera Blast|p1b: Dondozo\n|-activate|p1b: Dondozo|move: Protect\n|\n|-heal|p1b: Dondozo|68\/100|[from] item: Leftovers\n|upkeep\n|turn|21\n|\n|t:|1682002156\n|move|p2b: Dondozo|Tera Blast|p1b: Dondozo\n|-resisted|p1b: Dondozo\n|-damage|p1b: Dondozo|57\/100\n|move|p1b: Dondozo|Order Up|p2b: Dondozo\n|-damage|p2b: Dondozo|50\/100\n|-boost|p1b: Dondozo|atk|0\n|\n|-heal|p1b: Dondozo|63\/100|[from] item: Leftovers\n|upkeep\n|turn|22\n|\n|t:|1682002165\n|move|p1b: Dondozo|Protect|p1b: Dondozo\n|-singleturn|p1b: Dondozo|Protect\n|move|p2b: Dondozo|Tera Blast|p1b: Dondozo\n|-activate|p1b: Dondozo|move: Protect\n|\n|-heal|p1b: Dondozo|69\/100|[from] item: Leftovers\n|upkeep\n|turn|23\n|\n|t:|1682002174\n|move|p2b: Dondozo|Tera Blast|p1b: Dondozo\n|-resisted|p1b: Dondozo\n|-damage|p1b: Dondozo|57\/100\n|move|p1b: Dondozo|Order Up|p2b: Dondozo\n|-damage|p2b: Dondozo|35\/100\n|-boost|p1b: Dondozo|atk|0\n|\n|-heal|p1b: Dondozo|63\/100|[from] item: Leftovers\n|upkeep\n|turn|24\n|\n|t:|1682002187\n|move|p2b: Dondozo|Rest|p2b: Dondozo\n|-status|p2b: Dondozo|slp|[from] move: Rest\n|-heal|p2b: Dondozo|100\/100 slp|[silent]\n|move|p1b: Dondozo|Order Up|p2b: Dondozo\n|-damage|p2b: Dondozo|86\/100 slp\n|-boost|p1b: Dondozo|atk|0\n|\n|-heal|p1b: Dondozo|69\/100|[from] item: Leftovers\n|upkeep\n|turn|25\n|c|\u2606Cotton621|this is fun\n|\n|t:|1682002198\n|cant|p2b: Dondozo|slp\n|move|p1b: Dondozo|Order Up|p2b: Dondozo\n|-damage|p2b: Dondozo|71\/100 slp\n|-boost|p1b: Dondozo|atk|0\n|\n|-heal|p1b: Dondozo|76\/100|[from] item: Leftovers\n|upkeep\n|turn|26\n|\n|t:|1682002207\n|cant|p2b: Dondozo|slp\n|move|p1b: Dondozo|Order Up|p2b: Dondozo\n|-damage|p2b: Dondozo|56\/100 slp\n|-boost|p1b: Dondozo|atk|0\n|\n|-heal|p1b: Dondozo|82\/100|[from] item: Leftovers\n|upkeep\n|turn|27\n|c|\u2606PONLO_A25PRUEBA|vgc 2023\n|\n|t:|1682002215\n|-curestatus|p2b: Dondozo|slp|[msg]\n|move|p2b: Dondozo|Tera Blast|p1b: Dondozo\n|-resisted|p1b: Dondozo\n|-damage|p1b: Dondozo|70\/100\n|move|p1b: Dondozo|Order Up|p2b: Dondozo\n|-damage|p2b: Dondozo|42\/100\n|-boost|p1b: Dondozo|atk|0\n|\n|-heal|p1b: Dondozo|76\/100|[from] item: Leftovers\n|upkeep\n|turn|28\n|\n|t:|1682002224\n|move|p2b: Dondozo|Tera Blast|p1b: Dondozo\n|-resisted|p1b: Dondozo\n|-damage|p1b: Dondozo|65\/100\n|move|p1b: Dondozo|Liquidation|p2b: Dondozo\n|-resisted|p2b: Dondozo\n|-damage|p2b: Dondozo|31\/100\n|\n|-heal|p1b: Dondozo|71\/100|[from] item: Leftovers\n|upkeep\n|turn|29\n|\n|t:|1682002233\n|move|p2b: Dondozo|Rest|p2b: Dondozo\n|-status|p2b: Dondozo|slp|[from] move: Rest\n|-heal|p2b: Dondozo|100\/100 slp|[silent]\n|move|p1b: Dondozo|Liquidation|p2b: Dondozo\n|-resisted|p2b: Dondozo\n|-damage|p2b: Dondozo|90\/100 slp\n|\n|-heal|p1b: Dondozo|77\/100|[from] item: Leftovers\n|upkeep\n|turn|30\n|\n|t:|1682002242\n|cant|p2b: Dondozo|slp\n|move|p1b: Dondozo|Liquidation|p2b: Dondozo\n|-resisted|p2b: Dondozo\n|-damage|p2b: Dondozo|79\/100 slp\n|\n|-heal|p1b: Dondozo|83\/100|[from] item: Leftovers\n|upkeep\n|turn|31\n|\n|t:|1682002250\n|cant|p2b: Dondozo|slp\n|move|p1b: Dondozo|Liquidation|p2b: Dondozo\n|-resisted|p2b: Dondozo\n|-damage|p2b: Dondozo|68\/100 slp\n|\n|-heal|p1b: Dondozo|90\/100|[from] item: Leftovers\n|upkeep\n|turn|32\n|\n|t:|1682002258\n|-curestatus|p2b: Dondozo|slp|[msg]\n|move|p2b: Dondozo|Tera Blast|p1b: Dondozo\n|-resisted|p1b: Dondozo\n|-damage|p1b: Dondozo|77\/100\n|move|p1b: Dondozo|Liquidation|p2b: Dondozo\n|-resisted|p2b: Dondozo\n|-damage|p2b: Dondozo|58\/100\n|\n|-heal|p1b: Dondozo|83\/100|[from] item: Leftovers\n|upkeep\n|turn|33\n|\n|t:|1682002267\n|move|p1b: Dondozo|Protect|p1b: Dondozo\n|-singleturn|p1b: Dondozo|Protect\n|move|p2b: Dondozo|Tera Blast|p1b: Dondozo\n|-activate|p1b: Dondozo|move: Protect\n|\n|-heal|p1b: Dondozo|90\/100|[from] item: Leftovers\n|upkeep\n|turn|34\n|\n|t:|1682002275\n|move|p2b: Dondozo|Tera Blast|p1b: Dondozo\n|-resisted|p1b: Dondozo\n|-damage|p1b: Dondozo|78\/100\n|move|p1b: Dondozo|Liquidation|p2b: Dondozo\n|-resisted|p2b: Dondozo\n|-damage|p2b: Dondozo|47\/100\n|\n|-heal|p1b: Dondozo|84\/100|[from] item: Leftovers\n|upkeep\n|turn|35\n|\n|t:|1682002286\n|move|p2b: Dondozo|Order Up|p1b: Dondozo\n|-damage|p1b: Dondozo|69\/100\n|-boost|p2b: Dondozo|def|0\n|move|p1b: Dondozo|Liquidation|p2b: Dondozo\n|-resisted|p2b: Dondozo\n|-damage|p2b: Dondozo|36\/100\n|\n|-heal|p1b: Dondozo|75\/100|[from] item: Leftovers\n|upkeep\n|turn|36\n|\n|t:|1682002297\n|move|p2b: Dondozo|Rest|p2b: Dondozo\n|-status|p2b: Dondozo|slp|[from] move: Rest\n|-heal|p2b: Dondozo|100\/100 slp|[silent]\n|move|p1b: Dondozo|Liquidation|p2b: Dondozo\n|-resisted|p2b: Dondozo\n|-damage|p2b: Dondozo|90\/100 slp\n|\n|-heal|p1b: Dondozo|81\/100|[from] item: Leftovers\n|upkeep\n|turn|37\n|\n|t:|1682002305\n|cant|p2b: Dondozo|slp\n|move|p1b: Dondozo|Liquidation|p2b: Dondozo\n|-resisted|p2b: Dondozo\n|-damage|p2b: Dondozo|79\/100 slp\n|\n|-heal|p1b: Dondozo|87\/100|[from] item: Leftovers\n|upkeep\n|turn|38\n|\n|t:|1682002328\n|cant|p2b: Dondozo|slp\n|move|p1b: Dondozo|Liquidation|p2b: Dondozo\n|-resisted|p2b: Dondozo\n|-damage|p2b: Dondozo|69\/100 slp\n|\n|-heal|p1b: Dondozo|93\/100|[from] item: Leftovers\n|upkeep\n|turn|39\n|\n|t:|1682002333\n|-curestatus|p2b: Dondozo|slp|[msg]\n|move|p2b: Dondozo|Tera Blast|p1b: Dondozo\n|-resisted|p1b: Dondozo\n|-damage|p1b: Dondozo|83\/100\n|move|p1b: Dondozo|Liquidation|p2b: Dondozo\n|-resisted|p2b: Dondozo\n|-damage|p2b: Dondozo|57\/100\n|\n|-heal|p1b: Dondozo|89\/100|[from] item: Leftovers\n|upkeep\n|turn|40\n|\n|t:|1682002342\n|move|p1b: Dondozo|Protect|p1b: Dondozo\n|-singleturn|p1b: Dondozo|Protect\n|move|p2b: Dondozo|Tera Blast|p1b: Dondozo\n|-activate|p1b: Dondozo|move: Protect\n|\n|-heal|p1b: Dondozo|95\/100|[from] item: Leftovers\n|upkeep\n|turn|41\n|\n|t:|1682002356\n|move|p2b: Dondozo|Tera Blast|p1b: Dondozo\n|-resisted|p1b: Dondozo\n|-damage|p1b: Dondozo|83\/100\n|move|p1b: Dondozo|Liquidation|p2b: Dondozo\n|-resisted|p2b: Dondozo\n|-damage|p2b: Dondozo|45\/100\n|\n|-heal|p1b: Dondozo|90\/100|[from] item: Leftovers\n|upkeep\n|turn|42\n|\n|t:|1682002364\n|move|p2b: Dondozo|Tera Blast|p1b: Dondozo\n|-resisted|p1b: Dondozo\n|-damage|p1b: Dondozo|79\/100\n|move|p1b: Dondozo|Liquidation|p2b: Dondozo\n|-resisted|p2b: Dondozo\n|-damage|p2b: Dondozo|33\/100\n|\n|-heal|p1b: Dondozo|85\/100|[from] item: Leftovers\n|upkeep\n|turn|43\n|\n|t:|1682002370\n|move|p2b: Dondozo|Rest|p2b: Dondozo\n|-status|p2b: Dondozo|slp|[from] move: Rest\n|-heal|p2b: Dondozo|100\/100 slp|[silent]\n|move|p1b: Dondozo|Earthquake|p2a: Tatsugiri|[spread] p2b\n|-miss|p1b: Dondozo|p1a: Tatsugiri\n|-miss|p1b: Dondozo|p2a: Tatsugiri\n|-resisted|p2b: Dondozo\n|-damage|p2b: Dondozo|94\/100 slp\n|\n|-heal|p1b: Dondozo|91\/100|[from] item: Leftovers\n|upkeep\n|turn|44\n|\n|t:|1682002403\n|cant|p2b: Dondozo|slp\n|move|p1b: Dondozo|Earthquake|p2a: Tatsugiri|[spread] p2b\n|-miss|p1b: Dondozo|p1a: Tatsugiri\n|-miss|p1b: Dondozo|p2a: Tatsugiri\n|-resisted|p2b: Dondozo\n|-damage|p2b: Dondozo|87\/100 slp\n|\n|-heal|p1b: Dondozo|97\/100|[from] item: Leftovers\n|upkeep\n|turn|45\n|\n|t:|1682002411\n|cant|p2b: Dondozo|slp\n|move|p1b: Dondozo|Earthquake|p2a: Tatsugiri|[spread] p2b\n|-miss|p1b: Dondozo|p1a: Tatsugiri\n|-miss|p1b: Dondozo|p2a: Tatsugiri\n|-resisted|p2b: Dondozo\n|-damage|p2b: Dondozo|80\/100 slp\n|\n|-heal|p1b: Dondozo|100\/100|[from] item: Leftovers\n|upkeep\n|turn|46\n|\n|t:|1682002420\n|-curestatus|p2b: Dondozo|slp|[msg]\n|move|p2b: Dondozo|Tera Blast|p1b: Dondozo\n|-resisted|p1b: Dondozo\n|-damage|p1b: Dondozo|89\/100\n|move|p1b: Dondozo|Earthquake|p2b: Dondozo|[spread] p2b\n|-miss|p1b: Dondozo|p1a: Tatsugiri\n|-miss|p1b: Dondozo|p2a: Tatsugiri\n|-resisted|p2b: Dondozo\n|-damage|p2b: Dondozo|73\/100\n|\n|-heal|p1b: Dondozo|95\/100|[from] item: Leftovers\n|upkeep\n|turn|47\n|\n|t:|1682002440\n|move|p2b: Dondozo|Order Up|p1b: Dondozo\n|-crit|p1b: Dondozo\n|-damage|p1b: Dondozo|71\/100\n|-boost|p2b: Dondozo|def|0\n|move|p1b: Dondozo|Liquidation|p2b: Dondozo\n|-resisted|p2b: Dondozo\n|-damage|p2b: Dondozo|62\/100\n|\n|-heal|p1b: Dondozo|77\/100|[from] item: Leftovers\n|upkeep\n|turn|48\n|\n|t:|1682002449\n|move|p1b: Dondozo|Protect|p1b: Dondozo\n|-singleturn|p1b: Dondozo|Protect\n|move|p2b: Dondozo|Earthquake|p1b: Dondozo|[spread] \n|-miss|p2b: Dondozo|p2a: Tatsugiri\n|-miss|p2b: Dondozo|p1a: Tatsugiri\n|-activate|p1b: Dondozo|move: Protect\n|\n|-heal|p1b: Dondozo|83\/100|[from] item: Leftovers\n|upkeep\n|turn|49\n|\n|t:|1682002457\n|move|p2b: Dondozo|Earthquake|p1b: Dondozo|[spread] p1b\n|-miss|p2b: Dondozo|p2a: Tatsugiri\n|-miss|p2b: Dondozo|p1a: Tatsugiri\n|-resisted|p1b: Dondozo\n|-damage|p1b: Dondozo|76\/100\n|move|p1b: Dondozo|Liquidation|p2b: Dondozo\n|-resisted|p2b: Dondozo\n|-damage|p2b: Dondozo|51\/100\n|\n|-heal|p1b: Dondozo|82\/100|[from] item: Leftovers\n|upkeep\n|turn|50\n|\n|t:|1682002465\n|move|p2b: Dondozo|Earthquake|p1a: Tatsugiri|[spread] p1b\n|-miss|p2b: Dondozo|p2a: Tatsugiri\n|-miss|p2b: Dondozo|p1a: Tatsugiri\n|-resisted|p1b: Dondozo\n|-damage|p1b: Dondozo|76\/100\n|move|p1b: Dondozo|Earthquake|p2a: Tatsugiri|[spread] p2b\n|-miss|p1b: Dondozo|p1a: Tatsugiri\n|-miss|p1b: Dondozo|p2a: Tatsugiri\n|-resisted|p2b: Dondozo\n|-damage|p2b: Dondozo|44\/100\n|\n|-heal|p1b: Dondozo|82\/100|[from] item: Leftovers\n|upkeep\n|turn|51\n|\n|t:|1682002476\n|move|p1b: Dondozo|Protect|p1b: Dondozo\n|-singleturn|p1b: Dondozo|Protect\n|move|p2b: Dondozo|Earthquake|p1a: Tatsugiri|[spread] \n|-miss|p2b: Dondozo|p2a: Tatsugiri\n|-miss|p2b: Dondozo|p1a: Tatsugiri\n|-activate|p1b: Dondozo|move: Protect\n|\n|-heal|p1b: Dondozo|88\/100|[from] item: Leftovers\n|upkeep\n|turn|52\n|\n|t:|1682002484\n|move|p2b: Dondozo|Earthquake|p1b: Dondozo|[spread] p1b\n|-miss|p2b: Dondozo|p2a: Tatsugiri\n|-miss|p2b: Dondozo|p1a: Tatsugiri\n|-resisted|p1b: Dondozo\n|-damage|p1b: Dondozo|81\/100\n|move|p1b: Dondozo|Earthquake|p2b: Dondozo|[spread] p2b\n|-miss|p1b: Dondozo|p1a: Tatsugiri\n|-miss|p1b: Dondozo|p2a: Tatsugiri\n|-resisted|p2b: Dondozo\n|-damage|p2b: Dondozo|37\/100\n|\n|-heal|p1b: Dondozo|87\/100|[from] item: Leftovers\n|upkeep\n|turn|53\n|\n|t:|1682002496\n|move|p1b: Dondozo|Protect|p1b: Dondozo\n|-singleturn|p1b: Dondozo|Protect\n|move|p2b: Dondozo|Rest|p2b: Dondozo\n|-status|p2b: Dondozo|slp|[from] move: Rest\n|-heal|p2b: Dondozo|100\/100 slp|[silent]\n|\n|-heal|p1b: Dondozo|93\/100|[from] item: Leftovers\n|upkeep\n|turn|54\n|\n|t:|1682002501\n|cant|p2b: Dondozo|slp\n|move|p1b: Dondozo|Earthquake|p2a: Tatsugiri|[spread] p2b\n|-miss|p1b: Dondozo|p1a: Tatsugiri\n|-miss|p1b: Dondozo|p2a: Tatsugiri\n|-resisted|p2b: Dondozo\n|-damage|p2b: Dondozo|94\/100 slp\n|\n|-heal|p1b: Dondozo|99\/100|[from] item: Leftovers\n|upkeep\n|turn|55\n|\n|t:|1682002505\n|cant|p2b: Dondozo|slp\n|move|p1b: Dondozo|Earthquake|p2b: Dondozo|[spread] p2b\n|-miss|p1b: Dondozo|p1a: Tatsugiri\n|-miss|p1b: Dondozo|p2a: Tatsugiri\n|-resisted|p2b: Dondozo\n|-damage|p2b: Dondozo|88\/100 slp\n|\n|-heal|p1b: Dondozo|100\/100|[from] item: Leftovers\n|upkeep\n|turn|56\n|\n|t:|1682002509\n|-curestatus|p2b: Dondozo|slp|[msg]\n|move|p2b: Dondozo|Earthquake|p1b: Dondozo|[spread] p1b\n|-miss|p2b: Dondozo|p2a: Tatsugiri\n|-miss|p2b: Dondozo|p1a: Tatsugiri\n|-resisted|p1b: Dondozo\n|-damage|p1b: Dondozo|93\/100\n|move|p1b: Dondozo|Earthquake|p2b: Dondozo|[spread] p2b\n|-miss|p1b: Dondozo|p1a: Tatsugiri\n|-miss|p1b: Dondozo|p2a: Tatsugiri\n|-resisted|p2b: Dondozo\n|-damage|p2b: Dondozo|81\/100\n|\n|-heal|p1b: Dondozo|99\/100|[from] item: Leftovers\n|upkeep\n|turn|57\n|\n|t:|1682002520\n|move|p2b: Dondozo|Earthquake|p1b: Dondozo|[spread] p1b\n|-miss|p2b: Dondozo|p2a: Tatsugiri\n|-miss|p2b: Dondozo|p1a: Tatsugiri\n|-resisted|p1b: Dondozo\n|-damage|p1b: Dondozo|92\/100\n|move|p1b: Dondozo|Earthquake|p2b: Dondozo|[spread] p2b\n|-miss|p1b: Dondozo|p1a: Tatsugiri\n|-miss|p1b: Dondozo|p2a: Tatsugiri\n|-resisted|p2b: Dondozo\n|-crit|p2b: Dondozo\n|-damage|p2b: Dondozo|70\/100\n|\n|-heal|p1b: Dondozo|99\/100|[from] item: Leftovers\n|upkeep\n|turn|58\n|\n|t:|1682002532\n|move|p2b: Dondozo|Earthquake|p1a: Tatsugiri|[spread] p1b\n|-miss|p2b: Dondozo|p2a: Tatsugiri\n|-miss|p2b: Dondozo|p1a: Tatsugiri\n|-resisted|p1b: Dondozo\n|-damage|p1b: Dondozo|91\/100\n|move|p1b: Dondozo|Earthquake|p2b: Dondozo|[spread] p2b\n|-miss|p1b: Dondozo|p1a: Tatsugiri\n|-miss|p1b: Dondozo|p2a: Tatsugiri\n|-resisted|p2b: Dondozo\n|-damage|p2b: Dondozo|64\/100\n|\n|-heal|p1b: Dondozo|97\/100|[from] item: Leftovers\n|upkeep\n|turn|59\n|\n|t:|1682002548\n|move|p2b: Dondozo|Earthquake|p1a: Tatsugiri|[spread] p1b\n|-miss|p2b: Dondozo|p2a: Tatsugiri\n|-miss|p2b: Dondozo|p1a: Tatsugiri\n|-resisted|p1b: Dondozo\n|-damage|p1b: Dondozo|90\/100\n|move|p1b: Dondozo|Earthquake|p2a: Tatsugiri|[spread] p2b\n|-miss|p1b: Dondozo|p1a: Tatsugiri\n|-miss|p1b: Dondozo|p2a: Tatsugiri\n|-resisted|p2b: Dondozo\n|-damage|p2b: Dondozo|57\/100\n|\n|-heal|p1b: Dondozo|96\/100|[from] item: Leftovers\n|upkeep\n|turn|60\n|\n|t:|1682002553\n|move|p2b: Dondozo|Earthquake|p1a: Tatsugiri|[spread] p1b\n|-miss|p2b: Dondozo|p2a: Tatsugiri\n|-miss|p2b: Dondozo|p1a: Tatsugiri\n|-resisted|p1b: Dondozo\n|-damage|p1b: Dondozo|88\/100\n|move|p1b: Dondozo|Earthquake|p2b: Dondozo|[spread] p2b\n|-miss|p1b: Dondozo|p1a: Tatsugiri\n|-miss|p1b: Dondozo|p2a: Tatsugiri\n|-resisted|p2b: Dondozo\n|-damage|p2b: Dondozo|51\/100\n|\n|-heal|p1b: Dondozo|95\/100|[from] item: Leftovers\n|upkeep\n|turn|61\n|\n|t:|1682002556\n|move|p2b: Dondozo|Earthquake|p1a: Tatsugiri|[spread] p1b\n|-miss|p2b: Dondozo|p2a: Tatsugiri\n|-miss|p2b: Dondozo|p1a: Tatsugiri\n|-resisted|p1b: Dondozo\n|-damage|p1b: Dondozo|87\/100\n|move|p1b: Dondozo|Earthquake|p2a: Tatsugiri|[spread] p2b\n|-miss|p1b: Dondozo|p1a: Tatsugiri\n|-miss|p1b: Dondozo|p2a: Tatsugiri\n|-resisted|p2b: Dondozo\n|-damage|p2b: Dondozo|44\/100\n|\n|-heal|p1b: Dondozo|93\/100|[from] item: Leftovers\n|upkeep\n|turn|62\n|\n|t:|1682002561\n|move|p2b: Dondozo|Earthquake|p1b: Dondozo|[spread] p1b\n|-miss|p2b: Dondozo|p2a: Tatsugiri\n|-miss|p2b: Dondozo|p1a: Tatsugiri\n|-resisted|p1b: Dondozo\n|-damage|p1b: Dondozo|86\/100\n|move|p1b: Dondozo|Earthquake|p2a: Tatsugiri|[spread] p2b\n|-miss|p1b: Dondozo|p1a: Tatsugiri\n|-miss|p1b: Dondozo|p2a: Tatsugiri\n|-resisted|p2b: Dondozo\n|-damage|p2b: Dondozo|38\/100\n|\n|-heal|p1b: Dondozo|92\/100|[from] item: Leftovers\n|upkeep\n|turn|63\n|\n|t:|1682002567\n|move|p1b: Dondozo|Protect|p1b: Dondozo\n|-singleturn|p1b: Dondozo|Protect\n|move|p2b: Dondozo|Order Up|p1b: Dondozo\n|-activate|p1b: Dondozo|move: Protect\n|\n|-heal|p1b: Dondozo|99\/100|[from] item: Leftovers\n|upkeep\n|turn|64\n|\n|t:|1682002569\n|move|p1b: Dondozo|Protect||[still]\n|-fail|p1b: Dondozo\n|move|p2b: Dondozo|Order Up|p1b: Dondozo\n|-damage|p1b: Dondozo|84\/100\n|-boost|p2b: Dondozo|def|0\n|\n|-heal|p1b: Dondozo|90\/100|[from] item: Leftovers\n|upkeep\n|turn|65\n|\n|t:|1682002573\n|move|p1b: Dondozo|Protect|p1b: Dondozo\n|-singleturn|p1b: Dondozo|Protect\n|move|p2b: Dondozo|Rest|p2b: Dondozo\n|-status|p2b: Dondozo|slp|[from] move: Rest\n|-heal|p2b: Dondozo|100\/100 slp|[silent]\n|\n|-heal|p1b: Dondozo|96\/100|[from] item: Leftovers\n|upkeep\n|turn|66\n|\n|t:|1682002593\n|move|p1b: Dondozo|Protect||[still]\n|-fail|p1b: Dondozo\n|cant|p2b: Dondozo|slp\n|\n|-heal|p1b: Dondozo|100\/100|[from] item: Leftovers\n|upkeep\n|turn|67\n|\n|t:|1682002597\n|cant|p2b: Dondozo|slp\n|-activate|p1b: Dondozo|move: Struggle\n|move|p1b: Dondozo|Struggle|p2b: Dondozo\n|-damage|p2b: Dondozo|92\/100 slp\n|-damage|p1b: Dondozo|76\/100|[from] recoil\n|\n|-heal|p1b: Dondozo|82\/100|[from] item: Leftovers\n|upkeep\n|turn|68\n|\n|t:|1682002603\n|-curestatus|p2b: Dondozo|slp|[msg]\n|move|p2b: Dondozo|Earthquake|p1b: Dondozo|[spread] p1b\n|-miss|p2b: Dondozo|p2a: Tatsugiri\n|-miss|p2b: Dondozo|p1a: Tatsugiri\n|-resisted|p1b: Dondozo\n|-damage|p1b: Dondozo|74\/100\n|-activate|p1b: Dondozo|move: Struggle\n|move|p1b: Dondozo|Struggle|p2a: Tatsugiri|[miss]\n|-miss|p1b: Dondozo|p2a: Tatsugiri\n|\n|-heal|p1b: Dondozo|81\/100|[from] item: Leftovers\n|upkeep\n|turn|69\n|\n|t:|1682002617\n|move|p2b: Dondozo|Earthquake|p1a: Tatsugiri|[spread] p1b\n|-miss|p2b: Dondozo|p2a: Tatsugiri\n|-miss|p2b: Dondozo|p1a: Tatsugiri\n|-resisted|p1b: Dondozo\n|-damage|p1b: Dondozo|73\/100\n|-activate|p1b: Dondozo|move: Struggle\n|move|p1b: Dondozo|Struggle|p2a: Tatsugiri|[miss]\n|-miss|p1b: Dondozo|p2a: Tatsugiri\n|\n|-heal|p1b: Dondozo|79\/100|[from] item: Leftovers\n|upkeep\n|turn|70\n|c|\u2606PONLO_A25PRUEBA|clever move\n|\n|t:|1682002626\n|move|p2b: Dondozo|Earthquake|p1a: Tatsugiri|[spread] p1b\n|-miss|p2b: Dondozo|p2a: Tatsugiri\n|-miss|p2b: Dondozo|p1a: Tatsugiri\n|-resisted|p1b: Dondozo\n|-damage|p1b: Dondozo|72\/100\n|-activate|p1b: Dondozo|move: Struggle\n|move|p1b: Dondozo|Struggle|p2b: Dondozo\n|-damage|p2b: Dondozo|83\/100\n|-damage|p1b: Dondozo|47\/100|[from] recoil\n|\n|-heal|p1b: Dondozo|53\/100|[from] item: Leftovers\n|upkeep\n|turn|71\n|\n|t:|1682002641\n|move|p2b: Dondozo|Order Up|p1b: Dondozo\n|-damage|p1b: Dondozo|37\/100\n|-boost|p2b: Dondozo|def|0\n|-activate|p1b: Dondozo|move: Struggle\n|move|p1b: Dondozo|Struggle|p2b: Dondozo\n|-crit|p2b: Dondozo\n|-damage|p2b: Dondozo|69\/100\n|-damage|p1b: Dondozo|13\/100|[from] recoil\n|\n|-heal|p1b: Dondozo|19\/100|[from] item: Leftovers\n|upkeep\n|turn|72\n|\n|t:|1682002683\n|move|p2b: Dondozo|Order Up|p1b: Dondozo\n|-damage|p1b: Dondozo|2\/100\n|-boost|p2b: Dondozo|def|0\n|-activate|p1b: Dondozo|move: Struggle\n|move|p1b: Dondozo|Struggle|p2b: Dondozo\n|-damage|p2b: Dondozo|60\/100\n|-damage|p1b: Dondozo|0 fnt|[from] recoil\n|faint|p1b: Dondozo\n|\n|upkeep\n|\n|t:|1682002699\n|switch|p1b: Amoonguss|Amoonguss, L50, M|57\/100\n|turn|73\n|\n|t:|1682002706\n|move|p1a: Tatsugiri|Protect|p1a: Tatsugiri\n|-singleturn|p1a: Tatsugiri|Protect\n|move|p2b: Dondozo|Order Up|p1a: Tatsugiri\n|-activate|p1a: Tatsugiri|move: Protect\n|move|p1b: Amoonguss|Clear Smog|p2b: Dondozo\n|-supereffective|p2b: Dondozo\n|-damage|p2b: Dondozo|43\/100\n|-clearboost|p2b: Dondozo\n|\n|-heal|p1b: Amoonguss|63\/100|[from] item: Black Sludge\n|upkeep\n|turn|74\n|\n|t:|1682002728\n|move|p1a: Tatsugiri|Icy Wind|p2b: Dondozo|[spread] p2b\n|-miss|p1a: Tatsugiri|p2a: Tatsugiri\n|-supereffective|p2b: Dondozo\n|-damage|p2b: Dondozo|12\/100\n|-activate|p2b: Dondozo|move: Struggle\n|move|p2b: Dondozo|Struggle|p1b: Amoonguss\n|-crit|p1b: Amoonguss\n|-damage|p1b: Amoonguss|43\/100\n|-damage|p2b: Dondozo|0 fnt|[from] recoil\n|faint|p2b: Dondozo\n|move|p1b: Amoonguss|Clear Smog|p2a: Tatsugiri\n|-damage|p2a: Tatsugiri|82\/100\n|-clearboost|p2a: Tatsugiri\n|\n|-heal|p1b: Amoonguss|49\/100|[from] item: Black Sludge\n|upkeep\n|\n|t:|1682002736\n|switch|p2b: Maushold|Maushold-Four, L50|100\/100\n|turn|75\n|\n|t:|1682002754\n|move|p2b: Maushold|Protect|p2b: Maushold\n|-singleturn|p2b: Maushold|Protect\n|move|p1a: Tatsugiri|Draco Meteor|p2a: Tatsugiri\n|-supereffective|p2a: Tatsugiri\n|-damage|p2a: Tatsugiri|0 fnt\n|-unboost|p1a: Tatsugiri|spa|2\n|faint|p2a: Tatsugiri\n|move|p1b: Amoonguss|Spore|p2b: Maushold\n|-activate|p2b: Maushold|move: Protect\n|\n|-heal|p1b: Amoonguss|55\/100|[from] item: Black Sludge\n|upkeep\n|turn|76\n|\n|t:|1682002766\n|move|p1a: Tatsugiri|Protect|p1a: Tatsugiri\n|-singleturn|p1a: Tatsugiri|Protect\n|move|p2b: Maushold|Population Bomb|p1b: Amoonguss\n|-damage|p1b: Amoonguss|45\/100\n|-damage|p1b: Amoonguss|35\/100\n|-damage|p1b: Amoonguss|25\/100\n|-damage|p1b: Amoonguss|15\/100\n|-damage|p1b: Amoonguss|4\/100\n|-damage|p1b: Amoonguss|0 fnt\n|faint|p1b: Amoonguss\n|-hitcount|p1: Amoonguss|6\n|\n|upkeep\n|turn|77\n|\n|t:|1682002775\n|move|p2b: Maushold|Population Bomb|p1a: Tatsugiri\n|-damage|p1a: Tatsugiri|80\/100\n|-damage|p1a: Tatsugiri|59\/100\n|-damage|p1a: Tatsugiri|38\/100\n|-damage|p1a: Tatsugiri|16\/100\n|-damage|p1a: Tatsugiri|0 fnt\n|faint|p1a: Tatsugiri\n|-hitcount|p1: Tatsugiri|5\n|\n|win|PONLO_A25PRUEBA\n|raw|Cotton621's rating: 1222 → 1202<\/strong> (-20 for losing)\n|raw|PONLO_A25PRUEBA's rating: 1299 → 1319<\/strong> (+20 for winning)\n|c|\u2606Cotton621|zamn\n|c|\u2606Cotton621|what a waste of time lol\n|l|\u2606Cotton621\n|c|\u2606PONLO_A25PRUEBA|xDDd\n|c|\u2606PONLO_A25PRUEBA|yeah\n|c|\u2606PONLO_A25PRUEBA|gg\n","uploadtime":1682002837,"views":6,"p1id":"cotton621","p2id":"ponloa25prueba","formatid":"gen9vgc2023regulationc","rating":1202,"private":0,"password":""}