{"id":"gen9vgc2023regulationc-1860683896","p1":"Edward2201","p2":"vta39","format":"[Gen 9] VGC 2023 Regulation C","log":"|j|\u2606Edward2201\n|j|\u2606vta39\n|t:|1683665931\n|gametype|doubles\n|player|p1|Edward2201|265|1193\n|player|p2|vta39|madame-gen4dp|1299\n|teamsize|p1|6\n|teamsize|p2|6\n|gen|9\n|tier|[Gen 9] VGC 2023 Regulation C\n|rated|\n|rule|Species Clause: Limit one of each Pok\u00e9mon\n|rule|Item Clause: Limit one of each item\n|clearpoke\n|poke|p1|Flutter Mane, L50|\n|poke|p1|Amoonguss, L50, F|\n|poke|p1|Chi-Yu, L50|\n|poke|p1|Iron Bundle, L50|\n|poke|p1|Scream Tail, L50|\n|poke|p1|Annihilape, L50, F|\n|poke|p2|Dondozo, L50, M|\n|poke|p2|Tatsugiri, L50, F|\n|poke|p2|Chi-Yu, L50|\n|poke|p2|Iron Bundle, L50|\n|poke|p2|Glimmora, L50, M|\n|poke|p2|Abomasnow, L50, F|\n|teampreview|4\n|inactive|Battle timer is ON: inactive players will automatically lose when time's up. (requested by Edward2201)\n|\n|t:|1683665976\n|start\n|switch|p1a: Chi-Yu|Chi-Yu, L50|100\/100\n|switch|p1b: Iron Bundle|Iron Bundle, L50|100\/100\n|switch|p2a: Iron Bundle|Iron Bundle, L50, shiny|100\/100\n|switch|p2b: Glimmora|Glimmora, L50, M, shiny|100\/100\n|-ability|p1a: Chi-Yu|Beads of Ruin\n|turn|1\n|inactive|Edward2201 has 30 seconds left.\n|inactive|vta39 has 30 seconds left.\n|\n|t:|1683666004\n|move|p1a: Chi-Yu|Protect|p1a: Chi-Yu\n|-singleturn|p1a: Chi-Yu|Protect\n|move|p2a: Iron Bundle|Icy Wind|p1a: Chi-Yu|[spread] p1b\n|-activate|p1a: Chi-Yu|move: Protect\n|-resisted|p1b: Iron Bundle\n|-damage|p1b: Iron Bundle|81\/100\n|-unboost|p1b: Iron Bundle|spe|1\n|move|p1b: Iron Bundle|Hydro Pump|p2b: Glimmora\n|-supereffective|p2b: Glimmora\n|-damage|p2b: Glimmora|11\/100\n|move|p2b: Glimmora|Mortal Spin|p1a: Chi-Yu|[spread] p1b\n|-activate|p1a: Chi-Yu|move: Protect\n|-damage|p1b: Iron Bundle|76\/100\n|-status|p1b: Iron Bundle|psn\n|\n|-damage|p1b: Iron Bundle|64\/100 psn|[from] psn\n|upkeep\n|turn|2\n|inactive|vta39 has 30 seconds left.\n|\n|t:|1683666030\n|move|p2a: Iron Bundle|Icy Wind|p1a: Chi-Yu|[spread] p1a,p1b\n|-resisted|p1a: Chi-Yu\n|-resisted|p1b: Iron Bundle\n|-damage|p1a: Chi-Yu|84\/100\n|-damage|p1b: Iron Bundle|42\/100 psn\n|-unboost|p1a: Chi-Yu|spe|1\n|-unboost|p1b: Iron Bundle|spe|1\n|move|p1a: Chi-Yu|Heat Wave|p2b: Glimmora|[spread] p2a,p2b\n|-resisted|p2b: Glimmora\n|-damage|p2a: Iron Bundle|0 fnt\n|-damage|p2b: Glimmora|0 fnt\n|faint|p2a: Iron Bundle\n|-end|p2a: Iron Bundle|Quark Drive|[silent]\n|faint|p2b: Glimmora\n|move|p1b: Iron Bundle|Icy Wind|p2: Iron Bundle|[notarget]\n|-fail|p1b: Iron Bundle\n|\n|-damage|p1b: Iron Bundle|30\/100 psn|[from] psn\n|upkeep\n|\n|t:|1683666038\n|switch|p2a: Dondozo|Dondozo, L50, M|100\/100\n|switch|p2b: Tatsugiri|Tatsugiri, L50, F|100\/100\n|-activate|p2b: Tatsugiri|ability: Commander|[of] p2a: Dondozo\n|-boost|p2a: Dondozo|atk|2\n|-boost|p2a: Dondozo|spa|2\n|-boost|p2a: Dondozo|spe|2\n|-boost|p2a: Dondozo|def|2\n|-boost|p2a: Dondozo|spd|2\n|turn|3\n|inactive|vta39 has 30 seconds left.\n|\n|t:|1683666068\n|-terastallize|p2a: Dondozo|Grass\n|move|p1a: Chi-Yu|Protect|p1a: Chi-Yu\n|-singleturn|p1a: Chi-Yu|Protect\n|move|p2a: Dondozo|Earthquake|p1a: Chi-Yu|[spread] p1b\n|-miss|p2a: Dondozo|p2b: Tatsugiri\n|-activate|p1a: Chi-Yu|move: Protect\n|-damage|p1b: Iron Bundle|0 fnt\n|faint|p1b: Iron Bundle\n|-end|p1b: Iron Bundle|Quark Drive|[silent]\n|\n|upkeep\n|\n|t:|1683666086\n|switch|p1b: Flutter Mane|Flutter Mane, L50, shiny|100\/100\n|turn|4\n|inactive|Edward2201 has 30 seconds left.\n|\n|t:|1683666119\n|-terastallize|p1b: Flutter Mane|Fairy\n|move|p1b: Flutter Mane|Moonblast|p2a: Dondozo\n|-crit|p2a: Dondozo\n|-damage|p2a: Dondozo|0 fnt\n|faint|p2a: Dondozo\n|move|p1a: Chi-Yu|Dark Pulse|p2b: Tatsugiri\n|-damage|p2b: Tatsugiri|31\/100\n|\n|upkeep\n|turn|5\n|-message|vta39 forfeited.\n|\n|win|Edward2201\n|raw|Edward2201's rating: 1193 → 1225<\/strong> (+32 for winning)\n|raw|vta39's rating: 1299 → 1267<\/strong> (-32 for losing)\n|l|\u2606vta39\n|l|\u2606Edward2201\n|j|\u2606Edward2201\n|player|p1|Edward2201|265\n","uploadtime":1683666180,"views":16,"p1id":"edward2201","p2id":"vta39","formatid":"gen9vgc2023regulationc","rating":1225,"private":0,"password":""}