{"id":"gen9vgc2023regulationc-1851724194","p1":"Can'tStopFalling","p2":"PMTrainerMugi","format":"[Gen 9] VGC 2023 Regulation C","log":"|j|\u2606Can'tStopFalling\n|j|\u2606PMTrainerMugi\n|t:|1682474505\n|gametype|doubles\n|player|p1|Can'tStopFalling|parasollady|1292\n|player|p2|PMTrainerMugi|dawn-gen4pt|1349\n|teamsize|p1|6\n|teamsize|p2|6\n|gen|9\n|tier|[Gen 9] VGC 2023 Regulation C\n|rated|\n|rule|Species Clause: Limit one of each Pok\u00e9mon\n|rule|Item Clause: Limit one of each item\n|clearpoke\n|poke|p1|Stonjourner, L50, M|\n|poke|p1|Farigiraf, L50, F|\n|poke|p1|Amoonguss, L50, F|\n|poke|p1|Flutter Mane, L50|\n|poke|p1|Sandy Shocks, L50|\n|poke|p1|Tatsugiri-Droopy, L50, F|\n|poke|p2|Chi-Yu, L50|\n|poke|p2|Flutter Mane, L50|\n|poke|p2|Arcanine, L50, F|\n|poke|p2|Iron Hands, L50|\n|poke|p2|Dragonite, L50, F|\n|poke|p2|Palafin, L50, M|\n|teampreview|4\n|\n|t:|1682474533\n|start\n|switch|p1a: Sandy Shocks|Sandy Shocks, L50|100\/100\n|switch|p1b: Tatsugiri|Tatsugiri-Droopy, L50, F, shiny|100\/100\n|switch|p2a: Chi-Yu|Chi-Yu, L50|100\/100\n|switch|p2b: Flutter Mane|Flutter Mane, L50|100\/100\n|-ability|p2a: Chi-Yu|Beads of Ruin\n|-enditem|p2b: Flutter Mane|Booster Energy\n|-activate|p2b: Flutter Mane|ability: Protosynthesis|[fromitem]\n|-start|p2b: Flutter Mane|protosynthesisspa\n|turn|1\n|\n|t:|1682474549\n|-terastallize|p2a: Chi-Yu|Grass\n|-terastallize|p1b: Tatsugiri|Fire\n|move|p1a: Sandy Shocks|Gravity|p1a: Sandy Shocks\n|-fieldstart|move: Gravity\n|move|p2a: Chi-Yu|Tera Blast|p1a: Sandy Shocks\n|-supereffective|p1a: Sandy Shocks\n|-damage|p1a: Sandy Shocks|0 fnt\n|faint|p1a: Sandy Shocks\n|-end|p1a: Sandy Shocks|Protosynthesis|[silent]\n|-damage|p2a: Chi-Yu|91\/100|[from] item: Life Orb\n|move|p2b: Flutter Mane|Dazzling Gleam|p1b: Tatsugiri\n|-resisted|p1b: Tatsugiri\n|-damage|p1b: Tatsugiri|54\/100\n|move|p1b: Tatsugiri|Icy Wind|p2a: Chi-Yu|[spread] p2a,p2b\n|-supereffective|p2a: Chi-Yu\n|-damage|p2a: Chi-Yu|57\/100\n|-damage|p2b: Flutter Mane|82\/100\n|-unboost|p2a: Chi-Yu|spe|1\n|-unboost|p2b: Flutter Mane|spe|1\n|\n|upkeep\n|\n|t:|1682474569\n|switch|p1a: Stonjourner|Stonjourner, L50, M|100\/100\n|turn|2\n|\n|t:|1682474576\n|move|p1b: Tatsugiri|Protect|p1b: Tatsugiri\n|-singleturn|p1b: Tatsugiri|Protect\n|move|p2a: Chi-Yu|Protect|p2a: Chi-Yu\n|-singleturn|p2a: Chi-Yu|Protect\n|move|p1a: Stonjourner|Rock Slide|p2b: Flutter Mane|[spread] p2b\n|-activate|p2a: Chi-Yu|move: Protect\n|-damage|p2b: Flutter Mane|37\/100\n|move|p2b: Flutter Mane|Shadow Ball|p1b: Tatsugiri\n|-activate|p1b: Tatsugiri|move: Protect\n|\n|upkeep\n|turn|3\n|\n|t:|1682474594\n|move|p1b: Tatsugiri|Icy Wind|p2a: Chi-Yu|[spread] p2a,p2b\n|-supereffective|p2a: Chi-Yu\n|-damage|p2a: Chi-Yu|17\/100\n|-damage|p2b: Flutter Mane|15\/100\n|-unboost|p2a: Chi-Yu|spe|1\n|-unboost|p2b: Flutter Mane|spe|1\n|move|p1a: Stonjourner|Rock Slide|p2a: Chi-Yu|[spread] p2a,p2b\n|-damage|p2a: Chi-Yu|0 fnt\n|-damage|p2b: Flutter Mane|0 fnt\n|faint|p2a: Chi-Yu\n|faint|p2b: Flutter Mane\n|-end|p2b: Flutter Mane|Protosynthesis|[silent]\n|\n|upkeep\n|\n|t:|1682474604\n|switch|p2a: Arcanine|Arcanine, L50, F|100\/100\n|switch|p2b: Iron Hands|Iron Hands, L50|100\/100\n|-ability|p2a: Arcanine|Intimidate|boost\n|-unboost|p1a: Stonjourner|atk|1\n|-unboost|p1b: Tatsugiri|atk|1\n|turn|4\n|\n|t:|1682474617\n|switch|p1a: Cherry|Farigiraf, L50, F, shiny|100\/100\n|move|p1b: Tatsugiri|Muddy Water|p2a: Arcanine|[spread] p2a,p2b\n|-supereffective|p2a: Arcanine\n|-damage|p2a: Arcanine|40\/100\n|-damage|p2b: Iron Hands|83\/100\n|-unboost|p2a: Arcanine|accuracy|1\n|-unboost|p2b: Iron Hands|accuracy|1\n|move|p2a: Arcanine|Will-O-Wisp|p1a: Cherry\n|-status|p1a: Cherry|brn\n|move|p2b: Iron Hands|Drain Punch|p1b: Tatsugiri\n|-damage|p1b: Tatsugiri|0 fnt\n|-heal|p2b: Iron Hands|99\/100|[from] drain|[of] p1b: Tatsugiri\n|faint|p1b: Tatsugiri\n|\n|-damage|p1a: Cherry|94\/100 brn|[from] brn\n|upkeep\n|\n|t:|1682474623\n|switch|p1b: Stonjourner|Stonjourner, L50, M|100\/100\n|turn|5\n|\n|t:|1682474637\n|move|p1b: Stonjourner|Protect|p1b: Stonjourner\n|-singleturn|p1b: Stonjourner|Protect\n|move|p2a: Arcanine|Flare Blitz|p1a: Cherry\n|-damage|p1a: Cherry|56\/100 brn\n|-damage|p2a: Arcanine|26\/100|[from] Recoil\n|move|p1a: Cherry|Skill Swap|p2a: Arcanine\n|-activate|p1a: Cherry|move: Skill Swap|Intimidate|Armor Tail|[of] p2a: Arcanine\n|-ability|p1a: Cherry|Intimidate|boost\n|-unboost|p2a: Arcanine|atk|1\n|-unboost|p2b: Iron Hands|atk|1\n|move|p2b: Iron Hands|Drain Punch|p1a: Cherry\n|-damage|p1a: Cherry|31\/100 brn\n|-heal|p2b: Iron Hands|100\/100|[from] drain|[of] p1a: Cherry\n|\n|-damage|p1a: Cherry|25\/100 brn|[from] brn\n|-fieldend|move: Gravity\n|upkeep\n|turn|6\n|\n|t:|1682474655\n|move|p1a: Cherry|Protect|p1a: Cherry\n|-singleturn|p1a: Cherry|Protect\n|move|p1b: Stonjourner|Rock Slide|p2b: Iron Hands|[spread] p2a,p2b\n|-supereffective|p2a: Arcanine\n|-resisted|p2b: Iron Hands\n|-damage|p2a: Arcanine|0 fnt\n|-damage|p2b: Iron Hands|90\/100\n|faint|p2a: Arcanine\n|cant|p2b: Iron Hands|flinch\n|\n|-damage|p1a: Cherry|19\/100 brn|[from] brn\n|upkeep\n|turn|7\n|\n|t:|1682474665\n|move|p1b: Stonjourner|Rock Slide|p2b: Iron Hands\n|-resisted|p2b: Iron Hands\n|-crit|p2b: Iron Hands\n|-damage|p2b: Iron Hands|70\/100\n|move|p1a: Cherry|Psyshock|p2b: Iron Hands\n|-supereffective|p2b: Iron Hands\n|-damage|p2b: Iron Hands|13\/100\n|cant|p2b: Iron Hands|flinch\n|\n|-damage|p1a: Cherry|13\/100 brn|[from] brn\n|upkeep\n|turn|8\n|\n|t:|1682474677\n|move|p1b: Stonjourner|Low Kick|p2b: Iron Hands\n|-damage|p2b: Iron Hands|0 fnt\n|faint|p2b: Iron Hands\n|-end|p2b: Iron Hands|Quark Drive|[silent]\n|\n|win|Can'tStopFalling\n|raw|Can'tStopFalling's rating: 1292 → 1321<\/strong> (+29 for winning)\n|raw|PMTrainerMugi's rating: 1349 → 1326<\/strong> (-23 for losing)\n|l|\u2606PMTrainerMugi\n","uploadtime":1682474688,"views":15,"p1id":"cantstopfalling","p2id":"pmtrainermugi","formatid":"gen9vgc2023regulationc","rating":1321,"private":0,"password":""}