{"id":"gen9vgc2023regulationc-1862912320","p1":"Nehzzy","p2":"AverageAvenger","format":"[Gen 9] VGC 2023 Regulation C","log":"|j|\u2606Nehzzy\n|j|\u2606AverageAvenger\n|t:|1683937434\n|gametype|doubles\n|player|p1|Nehzzy|1|\n|player|p2|AverageAvenger|volkner|\n|teamsize|p1|6\n|teamsize|p2|6\n|gen|9\n|tier|[Gen 9] VGC 2023 Regulation C\n|rule|Species Clause: Limit one of each Pok\u00e9mon\n|rule|Item Clause: Limit one of each item\n|clearpoke\n|poke|p1|Amoonguss, L50, M|\n|poke|p1|Gyarados, L50, F|\n|poke|p1|Murkrow, L50, F|\n|poke|p1|Great Tusk, L50|\n|poke|p1|Flutter Mane, L50|\n|poke|p1|Gholdengo, L50|\n|poke|p2|Ting-Lu, L50|\n|poke|p2|Vivillon-Fancy, L50, M|\n|poke|p2|Iron Bundle, L50|\n|poke|p2|Abomasnow, L50, M|\n|poke|p2|Chien-Pao, L50|\n|poke|p2|Dragonite, L50, F|\n|teampreview|4\nAverageAvenger has agreed to open team sheets.\nNehzzy has agreed to open team sheets.\n|c|\u2606Nehzzy|G3\n|c|\u2606Nehzzy|glhf\n|c|\u2606AverageAvenger|glhf\n|\n|t:|1683938209\n|start\n|switch|p1a: Great Tusk|Great Tusk, L50|100\/100\n|switch|p1b: Murkrow|Murkrow, L50, F|100\/100\n|switch|p2a: Thing-Lu|Ting-Lu, L50|100\/100\n|switch|p2b: Large Marge|Dragonite, L50, F|100\/100\n|-ability|p2a: Thing-Lu|Vessel of Ruin\n|turn|1\n|inactive|Battle timer is ON: inactive players will automatically lose when time's up. (requested by AverageAvenger)\n|inactive|AverageAvenger has 60 seconds left.\n|\n|t:|1683938249\n|-terastallize|p2a: Thing-Lu|Ground\n|move|p2b: Large Marge|Extreme Speed|p1b: Murkrow\n|-damage|p1b: Murkrow|64\/100\n|move|p1b: Murkrow|Sunny Day|p1b: Murkrow\n|-weather|SunnyDay\n|-activate|p1a: Great Tusk|ability: Protosynthesis\n|-start|p1a: Great Tusk|protosynthesisatk\n|move|p1a: Great Tusk|Rock Slide|p2a: Thing-Lu|[spread] p2a,p2b\n|-resisted|p2a: Thing-Lu\n|-supereffective|p2b: Large Marge\n|-damage|p2a: Thing-Lu|93\/100\n|-damage|p2b: Large Marge|74\/100\n|move|p2a: Thing-Lu|Stomping Tantrum|p1a: Great Tusk\n|-crit|p1a: Great Tusk\n|-damage|p1a: Great Tusk|10\/100\n|\n|-weather|SunnyDay|[upkeep]\n|upkeep\n|turn|2\n|inactive|Nehzzy has 30 seconds left.\n|inactive|AverageAvenger has 30 seconds left.\n|inactive|Nehzzy has 20 seconds left.\n|inactive|Nehzzy has 15 seconds left.\n|inactive|Nehzzy has 10 seconds left.\n|inactive|Nehzzy has 5 seconds left.\n|\n|t:|1683938303\n|-end|p1a: Great Tusk|Protosynthesis|[silent]\n|switch|p1a: Gyarados|Gyarados, L50, F|100\/100\n|-ability|p1a: Gyarados|Intimidate|boost\n|-unboost|p2a: Thing-Lu|atk|1\n|-unboost|p2b: Large Marge|atk|1\n|move|p2b: Large Marge|Thunder Punch|p1b: Murkrow\n|-supereffective|p1b: Murkrow\n|-damage|p1b: Murkrow|18\/100\n|move|p1b: Murkrow|Foul Play|p2a: Thing-Lu\n|-damage|p2a: Thing-Lu|75\/100\n|move|p2a: Thing-Lu|Stomping Tantrum|p1a: Gyarados\n|-immune|p1a: Gyarados\n|\n|-weather|SunnyDay|[upkeep]\n|upkeep\n|turn|3\n|inactive|AverageAvenger has 30 seconds left.\n|inactive|Nehzzy has 30 seconds left.\n|inactive|AverageAvenger has 20 seconds left.\n|inactive|AverageAvenger has 15 seconds left.\n|inactive|AverageAvenger has 10 seconds left.\n|inactive|AverageAvenger has 5 seconds left.\n|inactive|Nehzzy has 20 seconds left.\n|\n|t:|1683938358\n|switch|p1b: Flutter Mane|Flutter Mane, L50|100\/100\n|-activate|p1b: Flutter Mane|ability: Protosynthesis\n|-start|p1b: Flutter Mane|protosynthesisspa\n|switch|p2a: Lonmg|Chien-Pao, L50|100\/100\n|-ability|p2a: Lonmg|Sword of Ruin\n|move|p2b: Large Marge|Thunder Punch|p1a: Gyarados\n|-supereffective|p1a: Gyarados\n|-damage|p1a: Gyarados|0 fnt\n|faint|p1a: Gyarados\n|\n|-weather|SunnyDay|[upkeep]\n|upkeep\n|\n|t:|1683938371\n|switch|p1a: Murkrow|Murkrow, L50, F|18\/100\n|turn|4\n|\n|t:|1683938392\n|-terastallize|p1b: Flutter Mane|Fairy\n|move|p2b: Large Marge|Extreme Speed|p1a: Murkrow\n|-damage|p1a: Murkrow|0 fnt\n|faint|p1a: Murkrow\n|move|p2a: Lonmg|Sucker Punch|p1b: Flutter Mane\n|-resisted|p1b: Flutter Mane\n|-damage|p1b: Flutter Mane|69\/100\n|move|p1b: Flutter Mane|Dazzling Gleam|p2a: Lonmg|[spread] p2a,p2b\n|-supereffective|p2a: Lonmg\n|-supereffective|p2b: Large Marge\n|-damage|p2a: Lonmg|0 fnt\n|-damage|p2b: Large Marge|0 fnt\n|faint|p2a: Lonmg\n|faint|p2b: Large Marge\n|\n|-weather|SunnyDay|[upkeep]\n|upkeep\n|\n|t:|1683938404\n|switch|p2a: Snowbama|Abomasnow, L50, M|100\/100\n|switch|p2b: Thing-Lu|Ting-Lu, L50, tera:Ground|75\/100\n|switch|p1a: Great Tusk|Great Tusk, L50|10\/100\n|-activate|p1a: Great Tusk|ability: Protosynthesis\n|-start|p1a: Great Tusk|protosynthesisatk\n|-weather|Snow|[from] ability: Snow Warning|[of] p2a: Snowbama\n|-end|p1a: Great Tusk|Protosynthesis\n|-end|p1b: Flutter Mane|Protosynthesis\n|-ability|p2b: Thing-Lu|Vessel of Ruin\n|turn|5\n|\n|t:|1683938423\n|move|p2a: Snowbama|Ice Shard|p1a: Great Tusk\n|-supereffective|p1a: Great Tusk\n|-damage|p1a: Great Tusk|0 fnt\n|faint|p1a: Great Tusk\n|-end|p1a: Great Tusk|Protosynthesis|[silent]\n|-damage|p2a: Snowbama|91\/100|[from] item: Life Orb\n|move|p1b: Flutter Mane|Dazzling Gleam|p2b: Thing-Lu|[spread] p2a,p2b\n|-damage|p2a: Snowbama|42\/100\n|-damage|p2b: Thing-Lu|35\/100\n|move|p2b: Thing-Lu|Stomping Tantrum|p1b: Flutter Mane\n|-damage|p1b: Flutter Mane|0 fnt\n|faint|p1b: Flutter Mane\n|-end|p1b: Flutter Mane|Protosynthesis|[silent]\n|\n|win|AverageAvenger\n|c|\u2606Nehzzy|gg\n|c|\u2606AverageAvenger|gg!\n|l|\u2606Nehzzy\n|j|\u2606Nehzzy\n|player|p1|Nehzzy|1\n","uploadtime":1683938440,"views":15,"p1id":"nehzzy","p2id":"averageavenger","formatid":"gen9vgc2023regulationc","rating":0,"private":0,"password":""}