{"id":"gen9vgc2023regulationc-1861695090","p1":"TwistedWombat","p2":"haha you rage quit","format":"[Gen 9] VGC 2023 Regulation C","log":"|j|\u2606TwistedWombat\n|j|\u2606haha you rage quit\n|t:|1683795726\n|gametype|doubles\n|player|p1|TwistedWombat|169|1050\n|player|p2|haha you rage quit|pokemaniac|1126\n|teamsize|p1|6\n|teamsize|p2|6\n|gen|9\n|tier|[Gen 9] VGC 2023 Regulation C\n|rated|\n|rule|Species Clause: Limit one of each Pok\u00e9mon\n|rule|Item Clause: Limit one of each item\n|clearpoke\n|poke|p1|Garchomp, L50, F|\n|poke|p1|Dragonite, L50, M|\n|poke|p1|Kingambit, L50, F|\n|poke|p1|Chien-Pao, L50|\n|poke|p1|Rotom-Wash, L50|\n|poke|p1|Farigiraf, L50, F|\n|poke|p2|Murkrow, L50, M|\n|poke|p2|Great Tusk, L50|\n|poke|p2|Flutter Mane, L50|\n|poke|p2|Jumpluff, L50, M|\n|poke|p2|Torkoal, L50, M|\n|poke|p2|Kingambit, L50, M|\n|teampreview|4\n|\n|t:|1683795751\n|start\n|switch|p1a: Garchomp|Garchomp, L50, F|100\/100\n|switch|p1b: Dragonite|Dragonite, L50, M|100\/100\n|switch|p2a: Jumpluff|Jumpluff, L50, M|100\/100\n|switch|p2b: Torkoal|Torkoal, L50, M|100\/100\n|-weather|SunnyDay|[from] ability: Drought|[of] p2b: Torkoal\n|turn|1\n|\n|t:|1683795804\n|-terastallize|p1b: Dragonite|Flying\n|move|p2a: Jumpluff|Sleep Powder|p1a: Garchomp\n|-status|p1a: Garchomp|slp|[from] move: Sleep Powder\n|cant|p1a: Garchomp|slp\n|move|p1b: Dragonite|Tera Blast|p2b: Torkoal\n|-damage|p2b: Torkoal|41\/100\n|move|p2b: Torkoal|Overheat|p1b: Dragonite\n|-damage|p1b: Dragonite|54\/100\n|-unboost|p2b: Torkoal|spa|2\n|-enditem|p2b: Torkoal|Eject Pack\n|\n|t:|1683795821\n|switch|p2b: Flutter Mane|Flutter Mane, L50, shiny|100\/100\n|-activate|p2b: Flutter Mane|ability: Protosynthesis\n|-start|p2b: Flutter Mane|protosynthesisspa\n|\n|-weather|SunnyDay|[upkeep]\n|upkeep\n|turn|2\n|\n|t:|1683795842\n|switch|p1a: Chien-Pao|Chien-Pao, L50|100\/100\n|-ability|p1a: Chien-Pao|Sword of Ruin\n|move|p2a: Jumpluff|Strength Sap|p1b: Dragonite\n|-unboost|p1b: Dragonite|atk|1\n|move|p2b: Flutter Mane|Dazzling Gleam|p1a: Chien-Pao|[spread] p1a,p1b\n|-supereffective|p1a: Chien-Pao\n|-crit|p1a: Chien-Pao\n|-crit|p1b: Dragonite\n|-enditem|p1a: Chien-Pao|Focus Sash\n|-damage|p1a: Chien-Pao|1\/100\n|-damage|p1b: Dragonite|0 fnt\n|faint|p1b: Dragonite\n|-damage|p2b: Flutter Mane|91\/100|[from] item: Life Orb\n|\n|-weather|SunnyDay|[upkeep]\n|upkeep\n|\n|t:|1683795859\n|switch|p1b: Kingambit|Kingambit, L50, F|100\/100\n|turn|3\n|\n|t:|1683795899\n|-terastallize|p2a: Jumpluff|Water\n|move|p2b: Flutter Mane|Protect|p2b: Flutter Mane\n|-singleturn|p2b: Flutter Mane|Protect\n|move|p1a: Chien-Pao|Sucker Punch||[still]\n|-fail|p1a: Chien-Pao\n|move|p2a: Jumpluff|Sleep Powder|p1b: Kingambit\n|-status|p1b: Kingambit|slp|[from] move: Sleep Powder\n|cant|p1b: Kingambit|slp\n|\n|-weather|SunnyDay|[upkeep]\n|upkeep\n|turn|4\n|\n|t:|1683795926\n|-end|p2b: Flutter Mane|Protosynthesis|[silent]\n|switch|p2b: Great Tusk|Great Tusk, L50, shiny|100\/100\n|-activate|p2b: Great Tusk|ability: Protosynthesis\n|-start|p2b: Great Tusk|protosynthesisatk\n|move|p1a: Chien-Pao|Protect|p1a: Chien-Pao\n|-singleturn|p1a: Chien-Pao|Protect\n|move|p2a: Jumpluff|Sleep Powder|p1a: Chien-Pao\n|-activate|p1a: Chien-Pao|move: Protect\n|cant|p1b: Kingambit|slp\n|\n|-weather|SunnyDay|[upkeep]\n|upkeep\n|turn|5\n|inactive|Battle timer is ON: inactive players will automatically lose when time's up. (requested by haha you rage quit)\n|\n|t:|1683795968\n|move|p2a: Jumpluff|Encore|p1a: Chien-Pao\n|-start|p1a: Chien-Pao|Encore\n|move|p1a: Chien-Pao|Protect||[still]\n|-fail|p1a: Chien-Pao\n|move|p2b: Great Tusk|Close Combat|p1b: Kingambit\n|-supereffective|p1b: Kingambit\n|-damage|p1b: Kingambit|0 fnt\n|-unboost|p2b: Great Tusk|def|1\n|-unboost|p2b: Great Tusk|spd|1\n|faint|p1b: Kingambit\n|\n|-weather|none\n|-end|p2b: Great Tusk|Protosynthesis\n|upkeep\n|\n|t:|1683795981\n|switch|p1b: Garchomp|Garchomp, L50, F|100\/100 slp\n|turn|6\n|inactive|TwistedWombat has 30 seconds left.\n|inactive|TwistedWombat has 20 seconds left.\n|\n|t:|1683796020\n|-end|p2b: Great Tusk|Protosynthesis|[silent]\n|switch|p2b: Flutter Mane|Flutter Mane, L50, shiny|91\/100\n|move|p1a: Chien-Pao|Protect|p1a: Chien-Pao\n|-singleturn|p1a: Chien-Pao|Protect\n|-curestatus|p1b: Garchomp|slp|[msg]\n|move|p1b: Garchomp|Earthquake|p2a: Jumpluff|[spread] p2a,p2b\n|-activate|p1a: Chien-Pao|move: Protect\n|-crit|p2b: Flutter Mane\n|-damage|p2a: Jumpluff|46\/100\n|-damage|p2b: Flutter Mane|0 fnt\n|faint|p2b: Flutter Mane\n|-end|p2b: Flutter Mane|Protosynthesis|[silent]\n|move|p2a: Jumpluff|Tailwind|p2a: Jumpluff\n|-sidestart|p2: haha you rage quit|move: Tailwind\n|\n|upkeep\n|\n|t:|1683796031\n|switch|p2b: Great Tusk|Great Tusk, L50, shiny|100\/100\n|turn|7\n|\n|t:|1683796053\n|move|p1a: Chien-Pao|Protect|p1a: Chien-Pao\n|-singleturn|p1a: Chien-Pao|Protect\n|move|p2a: Jumpluff|Strength Sap|p1b: Garchomp\n|-unboost|p1b: Garchomp|atk|1\n|-heal|p2a: Jumpluff|100\/100\n|move|p1b: Garchomp|Earthquake|p2a: Jumpluff|[spread] p2a,p2b\n|-activate|p1a: Chien-Pao|move: Protect\n|-damage|p2a: Jumpluff|61\/100\n|-damage|p2b: Great Tusk|75\/100\n|move|p2b: Great Tusk|Headlong Rush|p1b: Garchomp\n|-damage|p1b: Garchomp|7\/100\n|-unboost|p2b: Great Tusk|def|1\n|-unboost|p2b: Great Tusk|spd|1\n|-damage|p2b: Great Tusk|63\/100|[from] ability: Rough Skin|[of] p1b: Garchomp\n|\n|-end|p1a: Chien-Pao|Encore\n|upkeep\n|turn|8\n|inactive|TwistedWombat has 30 seconds left.\n|inactive|TwistedWombat has 20 seconds left.\n|inactive|TwistedWombat has 15 seconds left.\n|inactive|TwistedWombat has 10 seconds left.\n|inactive|TwistedWombat has 5 seconds left.\n|\n|t:|1683796104\n|move|p2a: Jumpluff|Encore|p1a: Chien-Pao\n|-start|p1a: Chien-Pao|Encore\n|move|p1b: Garchomp|Earthquake|p2a: Jumpluff|[spread] p1a,p2a,p2b\n|-damage|p1a: Chien-Pao|0 fnt\n|-damage|p2a: Jumpluff|25\/100\n|-damage|p2b: Great Tusk|28\/100\n|faint|p1a: Chien-Pao\n|move|p2b: Great Tusk|Rock Slide|p1b: Garchomp\n|-resisted|p1b: Garchomp\n|-damage|p1b: Garchomp|0 fnt\n|faint|p1b: Garchomp\n|\n|win|haha you rage quit\n|raw|TwistedWombat's rating: 1050 → 1036<\/strong> (-14 for losing)\n|raw|haha you rage quit's rating: 1126 → 1146<\/strong> (+20 for winning)\n","uploadtime":1683796131,"views":12,"p1id":"twistedwombat","p2id":"hahayouragequit","formatid":"gen9vgc2023regulationc","rating":1036,"private":0,"password":""}