{"id":"gen9vgc2023regulationc-1857532250","p1":"bubafulbo","p2":"Domronin","format":"[Gen 9] VGC 2023 Regulation C","log":"|j|\u2606bubafulbo\n|j|\u2606Domronin\n|t:|1683205592\n|gametype|doubles\n|player|p1|bubafulbo|cynthia-gen4|1329\n|player|p2|Domronin|unknown|1334\n|teamsize|p1|6\n|teamsize|p2|6\n|gen|9\n|tier|[Gen 9] VGC 2023 Regulation C\n|rated|\n|rule|Species Clause: Limit one of each Pok\u00e9mon\n|rule|Item Clause: Limit one of each item\n|clearpoke\n|poke|p1|Leafeon, L50, F|\n|poke|p1|Torkoal, L50, F|\n|poke|p1|Great Tusk, L50|\n|poke|p1|Dragonite, L50, F|\n|poke|p1|Chien-Pao, L50|\n|poke|p1|Flutter Mane, L50|\n|poke|p2|Great Tusk, L50|\n|poke|p2|Talonflame, L50, M|\n|poke|p2|Iron Bundle, L50|\n|poke|p2|Chi-Yu, L50|\n|poke|p2|Flutter Mane, L50|\n|poke|p2|Kingambit, L50, F|\n|teampreview|4\n|inactive|Battle timer is ON: inactive players will automatically lose when time's up. (requested by bubafulbo)\n|\n|t:|1683205642\n|start\n|switch|p1a: Dragonite|Dragonite, L50, F|100\/100\n|switch|p1b: Great Tusk|Great Tusk, L50|100\/100\n|switch|p2a: Flutter Mane|Flutter Mane, L50|100\/100\n|switch|p2b: Kingambit|Kingambit, L50, F|100\/100\n|turn|1\n|\n|t:|1683205661\n|switch|p1a: Torkoal|Torkoal, L50, F|100\/100\n|-weather|SunnyDay|[from] ability: Drought|[of] p1a: Torkoal\n|-activate|p1b: Great Tusk|ability: Protosynthesis\n|-start|p1b: Great Tusk|protosynthesisatk\n|-activate|p2a: Flutter Mane|ability: Protosynthesis\n|-start|p2a: Flutter Mane|protosynthesisspa\n|-item|p1a: Torkoal|Air Balloon\n|-terastallize|p1b: Great Tusk|Ground\n|-terastallize|p2a: Flutter Mane|Fairy\n|move|p1b: Great Tusk|Earthquake|p2b: Kingambit|[spread] p2a,p2b\n|-immune|p1a: Torkoal\n|-supereffective|p2b: Kingambit\n|-damage|p2a: Flutter Mane|0 fnt\n|-damage|p2b: Kingambit|0 fnt\n|faint|p2a: Flutter Mane\n|-end|p2a: Flutter Mane|Protosynthesis|[silent]\n|faint|p2b: Kingambit\n|\n|-weather|SunnyDay|[upkeep]\n|upkeep\n|\n|t:|1683205685\n|switch|p2a: Chi-Yu|Chi-Yu, L50|100\/100\n|switch|p2b: Iron Bundle|Iron Bundle, L50|100\/100\n|-ability|p2a: Chi-Yu|Beads of Ruin\n|-enditem|p2b: Iron Bundle|Booster Energy\n|-activate|p2b: Iron Bundle|ability: Quark Drive|[fromitem]\n|-start|p2b: Iron Bundle|quarkdrivespe\n|turn|2\n|\n|t:|1683205703\n|move|p2b: Iron Bundle|Icy Wind|p1b: Great Tusk|[spread] p1a,p1b\n|-resisted|p1a: Torkoal\n|-supereffective|p1b: Great Tusk\n|-damage|p1a: Torkoal|89\/100\n|-damage|p1b: Great Tusk|24\/100\n|-unboost|p1a: Torkoal|spe|1\n|-unboost|p1b: Great Tusk|spe|1\n|-enditem|p1a: Torkoal|Air Balloon\n|move|p2a: Chi-Yu|Heat Wave|p1b: Great Tusk|[spread] p1a,p1b\n|-resisted|p1a: Torkoal\n|-damage|p1a: Torkoal|53\/100\n|-damage|p1b: Great Tusk|0 fnt\n|faint|p1b: Great Tusk\n|-end|p1b: Great Tusk|Protosynthesis|[silent]\n|move|p1a: Torkoal|Yawn|p2b: Iron Bundle\n|-start|p2b: Iron Bundle|move: Yawn|[of] p1a: Torkoal\n|\n|-weather|SunnyDay|[upkeep]\n|upkeep\n|\n|t:|1683205715\n|switch|p1b: Leafeon|Leafeon, L50, F|100\/100\n|turn|3\n|\n|t:|1683205731\n|move|p1b: Leafeon|Protect|p1b: Leafeon\n|-singleturn|p1b: Leafeon|Protect\n|move|p2b: Iron Bundle|Icy Wind|p1b: Leafeon|[spread] p1a\n|-activate|p1b: Leafeon|move: Protect\n|-resisted|p1a: Torkoal\n|-damage|p1a: Torkoal|41\/100\n|-unboost|p1a: Torkoal|spe|1\n|move|p2a: Chi-Yu|Heat Wave|p1b: Leafeon|[spread] p1a\n|-activate|p1b: Leafeon|move: Protect\n|-resisted|p1a: Torkoal\n|-crit|p1a: Torkoal\n|-damage|p1a: Torkoal|0 fnt\n|faint|p1a: Torkoal\n|\n|-weather|SunnyDay|[upkeep]\n|-end|p2b: Iron Bundle|move: Yawn|[silent]\n|-status|p2b: Iron Bundle|slp\n|upkeep\n|\n|t:|1683205741\n|switch|p1a: Dragonite|Dragonite, L50, F|100\/100\n|turn|4\n|\n|t:|1683205750\n|move|p1a: Dragonite|Extreme Speed|p2a: Chi-Yu\n|-damage|p2a: Chi-Yu|48\/100\n|move|p1b: Leafeon|X-Scissor|p2a: Chi-Yu\n|-damage|p2a: Chi-Yu|0 fnt\n|faint|p2a: Chi-Yu\n|-damage|p1b: Leafeon|90\/100|[from] item: Life Orb\n|cant|p2b: Iron Bundle|slp\n|\n|-weather|SunnyDay|[upkeep]\n|upkeep\n|turn|5\n|\n|t:|1683205758\n|move|p1a: Dragonite|Extreme Speed|p2b: Iron Bundle\n|-damage|p2b: Iron Bundle|65\/100 slp\n|move|p1b: Leafeon|Leaf Blade|p2b: Iron Bundle\n|-supereffective|p2b: Iron Bundle\n|-damage|p2b: Iron Bundle|0 fnt\n|faint|p2b: Iron Bundle\n|-end|p2b: Iron Bundle|Quark Drive|[silent]\n|-damage|p1b: Leafeon|80\/100|[from] item: Life Orb\n|\n|win|bubafulbo\n|raw|bubafulbo's rating: 1329 → 1349<\/strong> (+20 for winning)\n|raw|Domronin's rating: 1334 → 1314<\/strong> (-20 for losing)\n|l|\u2606Domronin\n","uploadtime":1683205769,"views":8,"p1id":"bubafulbo","p2id":"domronin","formatid":"gen9vgc2023regulationc","rating":1314,"private":0,"password":""}