{"id":"gen9vgc2023regulationc-1864079301","p1":"RonJohn","p2":"delloetta","format":"[Gen 9] VGC 2023 Regulation C","log":"|j|\u2606RonJohn\n|j|\u2606delloetta\n|t:|1684114438\n|gametype|doubles\n|player|p1|RonJohn|169|1293\n|player|p2|delloetta|jasmine|1203\n|teamsize|p1|6\n|teamsize|p2|6\n|gen|9\n|tier|[Gen 9] VGC 2023 Regulation C\n|rated|\n|rule|Species Clause: Limit one of each Pok\u00e9mon\n|rule|Item Clause: Limit one of each item\n|clearpoke\n|poke|p1|Flutter Mane, L50|\n|poke|p1|Orthworm, L50, F|\n|poke|p1|Dragonite, L50, M|\n|poke|p1|Amoonguss, L50, M|\n|poke|p1|Gyarados, L50, F|\n|poke|p1|Ting-Lu, L50|\n|poke|p2|Espathra, L50, F|\n|poke|p2|Grimmsnarl, L50, M|\n|poke|p2|Annihilape, L50, F|\n|poke|p2|Amoonguss, L50, F|\n|poke|p2|Gholdengo, L50|\n|poke|p2|Iron Bundle, L50|\n|teampreview|4\nRonJohn has agreed to open team sheets.\ndelloetta has agreed to open team sheets.\n|\n|t:|1684114496\n|start\n|switch|p1a: Ting-Lu|Ting-Lu, L50|100\/100\n|switch|p1b: Orthworm|Orthworm, L50, F|100\/100\n|switch|p2a: Espathra|Espathra, L50, F|100\/100\n|switch|p2b: Amoonguss|Amoonguss, L50, F|100\/100\n|-ability|p1a: Ting-Lu|Vessel of Ruin\n|turn|1\n|\n|t:|1684114515\n|switch|p2a: Annihilape|Annihilape, L50, F|100\/100\n|move|p1a: Ting-Lu|Earthquake|p2b: Amoonguss|[spread] p2a,p2b\n|-immune|p1b: Orthworm|[from] ability: Earth Eater\n|-damage|p2a: Annihilape|69\/100\n|-damage|p2b: Amoonguss|68\/100\n|move|p1b: Orthworm|Shed Tail|p1b: Orthworm\n|-start|p1b: Orthworm|Substitute|[from] move: Shed Tail\n|-damage|p1b: Orthworm|50\/100\n|-enditem|p1b: Orthworm|Sitrus Berry|[eat]\n|-heal|p1b: Orthworm|75\/100|[from] item: Sitrus Berry\n|\n|t:|1684114540\n|switch|p1b: Dragonite|Dragonite, L50, M|100\/100|[from] Shed Tail\n|move|p2b: Amoonguss|Spore|p1a: Ting-Lu\n|-status|p1a: Ting-Lu|slp|[from] move: Spore\n|\n|-heal|p2a: Annihilape|75\/100|[from] item: Leftovers\n|upkeep\n|turn|2\n|\n|t:|1684114574\n|move|p1b: Dragonite|Dragon Dance|p1b: Dragonite\n|-boost|p1b: Dragonite|atk|1\n|-boost|p1b: Dragonite|spe|1\n|move|p2a: Annihilape|Rage Fist|p1b: Dragonite\n|-activate|p1b: Dragonite|move: Substitute|[damage]\n|cant|p1a: Ting-Lu|slp\n|move|p2b: Amoonguss|Spore||[still]\n|-fail|p2b: Amoonguss\n|\n|-heal|p2a: Annihilape|81\/100|[from] item: Leftovers\n|upkeep\n|turn|3\n|\n|t:|1684114597\n|move|p2b: Amoonguss|Rage Powder|p2b: Amoonguss\n|-singleturn|p2b: Amoonguss|move: Rage Powder\n|move|p1b: Dragonite|Dragon Dance|p1b: Dragonite\n|-boost|p1b: Dragonite|atk|1\n|-boost|p1b: Dragonite|spe|1\n|move|p2a: Annihilape|Rage Fist|p1b: Dragonite\n|-end|p1b: Dragonite|Substitute\n|cant|p1a: Ting-Lu|slp\n|\n|-heal|p2a: Annihilape|88\/100|[from] item: Leftovers\n|upkeep\n|turn|4\n|\n|t:|1684114630\n|move|p2b: Amoonguss|Rage Powder|p2b: Amoonguss\n|-singleturn|p2b: Amoonguss|move: Rage Powder\n|move|p1b: Dragonite|Ice Spinner|p2b: Amoonguss\n|-supereffective|p2b: Amoonguss\n|-damage|p2b: Amoonguss|0 fnt\n|faint|p2b: Amoonguss\n|move|p2a: Annihilape|Bulk Up|p2a: Annihilape\n|-boost|p2a: Annihilape|atk|1\n|-boost|p2a: Annihilape|def|1\n|cant|p1a: Ting-Lu|slp\n|\n|-heal|p2a: Annihilape|94\/100|[from] item: Leftovers\n|upkeep\n|\n|t:|1684114637\n|switch|p2b: Grimmsnarl|Grimmsnarl, L50, M|100\/100\n|turn|5\n|\n|t:|1684114660\n|move|p1b: Dragonite|Extreme Speed|p2b: Grimmsnarl\n|-damage|p2b: Grimmsnarl|35\/100\n|move|p2b: Grimmsnarl|Reflect|p2b: Grimmsnarl\n|-sidestart|p2: delloetta|Reflect\n|move|p2a: Annihilape|Rage Fist|p1b: Dragonite\n|-damage|p1b: Dragonite|62\/100\n|-curestatus|p1a: Ting-Lu|slp|[msg]\n|move|p1a: Ting-Lu|Heavy Slam|p2b: Grimmsnarl\n|-supereffective|p2b: Grimmsnarl\n|-damage|p2b: Grimmsnarl|0 fnt\n|faint|p2b: Grimmsnarl\n|\n|-heal|p2a: Annihilape|99\/100|[from] item: Leftovers\n|upkeep\n|\n|t:|1684114671\n|switch|p2b: Espathra|Espathra, L50, F|100\/100\n|turn|6\n|\n|t:|1684114683\n|switch|p1a: Orthworm|Orthworm, L50, F|75\/100\n|move|p2b: Espathra|Protect|p2b: Espathra\n|-singleturn|p2b: Espathra|Protect\n|move|p1b: Dragonite|Earthquake|p2a: Annihilape|[spread] p2a\n|-activate|p2b: Espathra|move: Protect\n|-heal|p1a: Orthworm|100\/100|[from] ability: Earth Eater|[of] p1b: Dragonite\n|-damage|p2a: Annihilape|76\/100\n|move|p2a: Annihilape|Drain Punch|p1a: Orthworm\n|-supereffective|p1a: Orthworm\n|-damage|p1a: Orthworm|32\/100\n|-heal|p2a: Annihilape|100\/100|[from] drain|[of] p1a: Orthworm\n|\n|-ability|p2b: Espathra|Speed Boost|boost\n|-boost|p2b: Espathra|spe|1\n|upkeep\n|turn|7\n|\n|t:|1684114714\n|-terastallize|p1b: Dragonite|Normal\n|move|p1a: Orthworm|Protect|p1a: Orthworm\n|-singleturn|p1a: Orthworm|Protect\n|move|p1b: Dragonite|Extreme Speed|p2b: Espathra\n|-damage|p2b: Espathra|1\/100\n|move|p2b: Espathra|Calm Mind|p2b: Espathra\n|-boost|p2b: Espathra|spa|1\n|-boost|p2b: Espathra|spd|1\n|move|p2a: Annihilape|Drain Punch|p1a: Orthworm\n|-activate|p1a: Orthworm|move: Protect\n|\n|-ability|p2b: Espathra|Speed Boost|boost\n|-boost|p2b: Espathra|spe|1\n|upkeep\n|turn|8\n|\n|t:|1684114735\n|switch|p1a: Flutter Mane|Flutter Mane, L50|100\/100\n|move|p2b: Espathra|Protect|p2b: Espathra\n|-singleturn|p2b: Espathra|Protect\n|move|p1b: Dragonite|Extreme Speed|p2b: Espathra\n|-activate|p2b: Espathra|move: Protect\n|move|p2a: Annihilape|Drain Punch|p1b: Dragonite\n|-supereffective|p1b: Dragonite\n|-damage|p1b: Dragonite|0 fnt\n|faint|p1b: Dragonite\n|\n|-ability|p2b: Espathra|Speed Boost|boost\n|-boost|p2b: Espathra|spe|1\n|upkeep\n|\n|t:|1684114751\n|switch|p1b: Orthworm|Orthworm, L50, F|32\/100\n|turn|9\n|\n|t:|1684114770\n|move|p1b: Orthworm|Protect|p1b: Orthworm\n|-singleturn|p1b: Orthworm|Protect\n|move|p2b: Espathra|Stored Power|p1a: Flutter Mane\n|-damage|p1a: Flutter Mane|13\/100\n|move|p1a: Flutter Mane|Dazzling Gleam|p2a: Annihilape|[spread] p2a,p2b\n|-supereffective|p2a: Annihilape\n|-damage|p2a: Annihilape|23\/100\n|-damage|p2b: Espathra|0 fnt\n|faint|p2b: Espathra\n|move|p2a: Annihilape|Drain Punch|p1b: Orthworm\n|-activate|p1b: Orthworm|move: Protect\n|\n|-heal|p2a: Annihilape|29\/100|[from] item: Leftovers\n|upkeep\n|turn|10\n|-message|delloetta forfeited.\n|\n|win|RonJohn\n|raw|RonJohn's rating: 1293 → 1312<\/strong> (+19 for winning)\n|raw|delloetta's rating: 1203 → 1184<\/strong> (-19 for losing)\n|l|\u2606delloetta\n|c|\u2606RonJohn|gg\n","uploadtime":1684114801,"views":32,"p1id":"ronjohn","p2id":"delloetta","formatid":"gen9vgc2023regulationc","rating":1184,"private":0,"password":""}