{"id":"gen9vgc2023regulationc-1849804756","p1":"haha u rage quit","p2":"Hactorgv_128","format":"[Gen 9] VGC 2023 Regulation C","log":"|j|\u2606haha u rage quit\n|j|\u2606Hactorgv_128\n|t:|1682254391\n|gametype|doubles\n|player|p1|haha u rage quit|pokemaniac|1223\n|player|p2|Hactorgv_128|hiker-gen4|1234\n|teamsize|p1|6\n|teamsize|p2|6\n|gen|9\n|tier|[Gen 9] VGC 2023 Regulation C\n|rated|\n|rule|Species Clause: Limit one of each Pok\u00e9mon\n|rule|Item Clause: Limit one of each item\n|clearpoke\n|poke|p1|Torkoal, L50, M|\n|poke|p1|Dondozo, L50, M|\n|poke|p1|Indeedee-F, L50, F|\n|poke|p1|Tatsugiri-Droopy, L50, M|\n|poke|p1|Kingambit, L50, M|\n|poke|p1|Hatterene, L50, F|\n|poke|p2|Farigiraf, L50, M|\n|poke|p2|Iron Hands, L50|\n|poke|p2|Arboliva, L50, F|\n|poke|p2|Kingambit, L50, F|\n|poke|p2|Palafin, L50, F|\n|poke|p2|Skeledirge, L50, F|\n|teampreview|4\n|\n|t:|1682254405\n|start\n|switch|p1a: Indeedee|Indeedee-F, L50, F, shiny|100\/100\n|switch|p1b: Hatterene|Hatterene, L50, F|100\/100\n|switch|p2a: Farigiraf|Farigiraf, L50, M|100\/100\n|switch|p2b: Iron Hands|Iron Hands, L50|100\/100\n|-fieldstart|move: Psychic Terrain|[from] ability: Psychic Surge|[of] p1a: Indeedee\n|-enditem|p1a: Indeedee|Psychic Seed\n|-boost|p1a: Indeedee|spd|1|[from] item: Psychic Seed\n|-enditem|p2b: Iron Hands|Booster Energy\n|-activate|p2b: Iron Hands|ability: Quark Drive|[fromitem]\n|-start|p2b: Iron Hands|quarkdriveatk\n|turn|1\n|inactive|Battle timer is ON: inactive players will automatically lose when time's up. (requested by haha u rage quit)\n|\n|t:|1682254474\n|move|p1a: Indeedee|Follow Me|p1a: Indeedee\n|-singleturn|p1a: Indeedee|move: Follow Me\n|move|p2b: Iron Hands|Iron Head|p1a: Indeedee\n|-damage|p1a: Indeedee|45\/100\n|move|p1b: Hatterene|Psychic|p2b: Iron Hands\n|-supereffective|p2b: Iron Hands\n|-damage|p2b: Iron Hands|0 fnt\n|faint|p2b: Iron Hands\n|-end|p2b: Iron Hands|Quark Drive|[silent]\n|move|p2a: Farigiraf|Trick Room|p2a: Farigiraf\n|-fieldstart|move: Trick Room|[of] p2a: Farigiraf\n|\n|upkeep\n|\n|t:|1682254484\n|switch|p2b: Arboliva|Arboliva, L50, F|100\/100\n|turn|2\n|inactive|haha u rage quit has 30 seconds left.\n|\n|t:|1682254515\n|move|p1a: Indeedee|Helping Hand|p1b: Hatterene\n|-singleturn|p1b: Hatterene|Helping Hand|[of] p1a: Indeedee\n|move|p1b: Hatterene|Psychic|p2a: Farigiraf\n|-resisted|p2a: Farigiraf\n|-damage|p2a: Farigiraf|43\/100\n|move|p2b: Arboliva|Energy Ball|p1a: Indeedee\n|-damage|p1a: Indeedee|24\/100\n|move|p2a: Farigiraf|Hyper Voice|p1b: Hatterene|[spread] p1a,p1b\n|-damage|p1a: Indeedee|11\/100\n|-damage|p1b: Hatterene|72\/100\n|-enditem|p2a: Farigiraf|Throat Spray\n|-boost|p2a: Farigiraf|spa|1|[from] item: Throat Spray\n|\n|upkeep\n|turn|3\n|\n|t:|1682254539\n|move|p1a: Indeedee|Helping Hand|p1b: Hatterene\n|-singleturn|p1b: Hatterene|Helping Hand|[of] p1a: Indeedee\n|move|p1b: Hatterene|Psychic|p2a: Farigiraf\n|-resisted|p2a: Farigiraf\n|-crit|p2a: Farigiraf\n|-damage|p2a: Farigiraf|0 fnt\n|faint|p2a: Farigiraf\n|move|p2b: Arboliva|Energy Ball|p1b: Hatterene\n|-damage|p1b: Hatterene|21\/100\n|\n|upkeep\n|\n|t:|1682254549\n|switch|p2a: Kingambit|Kingambit, L50, F|100\/100\n|turn|4\n|\n|t:|1682254555\n|move|p1a: Indeedee|Helping Hand|p1b: Hatterene\n|-singleturn|p1b: Hatterene|Helping Hand|[of] p1a: Indeedee\n|move|p2a: Kingambit|Protect|p2a: Kingambit\n|-singleturn|p2a: Kingambit|Protect\n|move|p1b: Hatterene|Dazzling Gleam|p2b: Arboliva|[spread] p2b\n|-activate|p2a: Kingambit|move: Protect\n|-damage|p2b: Arboliva|51\/100\n|-fieldstart|move: Grassy Terrain|[from] ability: Seed Sower|[of] p2b: Arboliva\n|move|p2b: Arboliva|Dazzling Gleam|p1b: Hatterene|[spread] p1a,p1b\n|-damage|p1a: Indeedee|1\/100\n|-damage|p1b: Hatterene|0 fnt\n|faint|p1b: Hatterene\n|\n|-heal|p2b: Arboliva|57\/100|[from] Grassy Terrain\n|-heal|p2b: Arboliva|63\/100|[from] item: Leftovers\n|-heal|p1a: Indeedee|7\/100|[from] Grassy Terrain\n|upkeep\n|\n|t:|1682254572\n|switch|p1b: Torkoal|Torkoal, L50, M|100\/100\n|-weather|SunnyDay|[from] ability: Drought|[of] p1b: Torkoal\n|turn|5\n|\n|t:|1682254581\n|-terastallize|p1b: Torkoal|Fire\n|-terastallize|p2b: Arboliva|Rock\n|move|p2a: Kingambit|Protect||[still]\n|-fail|p2a: Kingambit\n|move|p1a: Indeedee|Follow Me|p1a: Indeedee\n|-singleturn|p1a: Indeedee|move: Follow Me\n|move|p1b: Torkoal|Eruption|p2a: Kingambit|[spread] p2a,p2b\n|-supereffective|p2a: Kingambit\n|-resisted|p2b: Arboliva\n|-enditem|p2a: Kingambit|Focus Sash\n|-damage|p2a: Kingambit|1\/100\n|-damage|p2b: Arboliva|11\/100\n|move|p2b: Arboliva|Earth Power|p1a: Indeedee\n|-damage|p1a: Indeedee|0 fnt\n|faint|p1a: Indeedee\n|\n|-weather|SunnyDay|[upkeep]\n|-heal|p2b: Arboliva|17\/100|[from] Grassy Terrain\n|-heal|p2b: Arboliva|23\/100|[from] item: Leftovers\n|-heal|p2a: Kingambit|7\/100|[from] Grassy Terrain\n|-fieldend|move: Trick Room\n|upkeep\n|\n|t:|1682254590\n|switch|p1a: Kingambit|Kingambit, L50, M, shiny|100\/100\n|turn|6\n|\n|t:|1682254608\n|move|p2a: Kingambit|Protect|p2a: Kingambit\n|-singleturn|p2a: Kingambit|Protect\n|move|p2b: Arboliva|Earth Power|p1b: Torkoal\n|-supereffective|p1b: Torkoal\n|-damage|p1b: Torkoal|17\/100\n|move|p1a: Kingambit|Low Kick|p2b: Arboliva\n|-supereffective|p2b: Arboliva\n|-damage|p2b: Arboliva|0 fnt\n|faint|p2b: Arboliva\n|move|p1b: Torkoal|Heat Wave|p2a: Kingambit\n|-activate|p2a: Kingambit|move: Protect\n|\n|-weather|SunnyDay|[upkeep]\n|-heal|p2a: Kingambit|13\/100|[from] Grassy Terrain\n|-heal|p1b: Torkoal|23\/100|[from] Grassy Terrain\n|upkeep\n|turn|7\n|\n|t:|1682254623\n|move|p2a: Kingambit|Sucker Punch|p1b: Torkoal\n|-damage|p1b: Torkoal|0 fnt\n|faint|p1b: Torkoal\n|move|p1a: Kingambit|Low Kick|p2a: Kingambit\n|-supereffective|p2a: Kingambit\n|-damage|p2a: Kingambit|0 fnt\n|faint|p2a: Kingambit\n|\n|win|haha u rage quit\n|raw|haha u rage quit's rating: 1223 → 1249<\/strong> (+26 for winning)\n|raw|Hactorgv_128's rating: 1234 → 1208<\/strong> (-26 for losing)\n|l|\u2606Hactorgv_128\n","uploadtime":1682254642,"views":10,"p1id":"hahauragequit","p2id":"hactorgv128","formatid":"gen9vgc2023regulationc","rating":1208,"private":0,"password":""}