{"id":"gen9vgc2023regulationc-1858353111","p1":"ENLIGHTENMENT1124","p2":"ikuyogotou","format":"[Gen 9] VGC 2023 Regulation C","log":"|j|\u2606ENLIGHTENMENT1124\n|j|\u2606ikuyogotou\n|t:|1683304585\n|gametype|doubles\n|player|p1|ENLIGHTENMENT1124|2|1248\n|player|p2|ikuyogotou|kahili|1309\n|teamsize|p1|6\n|teamsize|p2|6\n|gen|9\n|tier|[Gen 9] VGC 2023 Regulation C\n|rated|\n|rule|Species Clause: Limit one of each Pok\u00e9mon\n|rule|Item Clause: Limit one of each item\n|clearpoke\n|poke|p1|Maushold-Four, L50|\n|poke|p1|Annihilape, L50, M|\n|poke|p1|Lycanroc, L50, F|\n|poke|p1|Tyranitar, L50, M|\n|poke|p1|Indeedee-F, L50, F|\n|poke|p1|Flutter Mane, L50|\n|poke|p2|Flutter Mane, L50|\n|poke|p2|Glimmora, L50, M|\n|poke|p2|Dragonite, L50, F|\n|poke|p2|Chi-Yu, L50|\n|poke|p2|Gyarados, L50, M|\n|poke|p2|Amoonguss, L50, F|\n|teampreview|4\n|\n|t:|1683304635\n|start\n|switch|p1a: Tyranitar|Tyranitar, L50, M, shiny|100\/100\n|switch|p1b: Indeedee|Indeedee-F, L50, F|100\/100\n|switch|p2a: Glimmora|Glimmora, L50, M|100\/100\n|switch|p2b: Gyarados|Gyarados, L50, M|100\/100\n|-fieldstart|move: Psychic Terrain|[from] ability: Psychic Surge|[of] p1b: Indeedee\n|-ability|p2b: Gyarados|Intimidate|boost\n|-unboost|p1a: Tyranitar|atk|1\n|-unboost|p1b: Indeedee|atk|1\n|-weather|Sandstorm|[from] ability: Sand Stream|[of] p1a: Tyranitar\n|turn|1\n|\n|t:|1683304678\n|move|p2a: Glimmora|Mortal Spin|p1a: Tyranitar|[spread] p1a,p1b\n|-resisted|p1a: Tyranitar\n|-damage|p1a: Tyranitar|99\/100\n|-damage|p1b: Indeedee|97\/100\n|-status|p1a: Tyranitar|psn\n|-status|p1b: Indeedee|psn\n|move|p2b: Gyarados|Taunt|p1b: Indeedee\n|-start|p1b: Indeedee|move: Taunt\n|move|p1a: Tyranitar|Rock Slide|p2a: Glimmora|[spread] p2b\n|-miss|p1a: Tyranitar|p2a: Glimmora\n|-supereffective|p2b: Gyarados\n|-damage|p2b: Gyarados|60\/100\n|cant|p1b: Indeedee|move: Taunt|Trick Room\n|\n|-weather|Sandstorm|[upkeep]\n|-damage|p2b: Gyarados|54\/100|[from] Sandstorm\n|-damage|p1b: Indeedee|84\/100 psn|[from] psn\n|-damage|p1a: Tyranitar|87\/100 psn|[from] psn\n|upkeep\n|turn|2\n|\n|t:|1683304707\n|switch|p1a: Annihilape|Annihilape, L50, M|100\/100\n|move|p2a: Glimmora|Power Gem|p1b: Indeedee\n|-damage|p1b: Indeedee|53\/100 psn\n|move|p1b: Indeedee|Psychic|p2a: Glimmora\n|-supereffective|p2a: Glimmora\n|-damage|p2a: Glimmora|64\/100\n|move|p2b: Gyarados|Waterfall|p1a: Annihilape\n|-damage|p1a: Annihilape|56\/100\n|\n|-weather|Sandstorm|[upkeep]\n|-damage|p1a: Annihilape|50\/100|[from] Sandstorm\n|-damage|p2b: Gyarados|48\/100|[from] Sandstorm\n|-heal|p1a: Annihilape|56\/100|[from] item: Leftovers\n|-damage|p1b: Indeedee|41\/100 psn|[from] psn\n|upkeep\n|turn|3\n|\n|t:|1683304736\n|switch|p1b: Tyranitar|Tyranitar, L50, M, shiny|87\/100 psn\n|-terastallize|p1a: Annihilape|Water\n|move|p2a: Glimmora|Mortal Spin|p1b: Tyranitar|[spread] p1a,p1b\n|-resisted|p1b: Tyranitar\n|-damage|p1a: Annihilape|52\/100\n|-damage|p1b: Tyranitar|86\/100 psn\n|-status|p1a: Annihilape|psn\n|move|p1a: Annihilape|Bulk Up|p1a: Annihilape\n|-boost|p1a: Annihilape|atk|1\n|-boost|p1a: Annihilape|def|1\n|move|p2b: Gyarados|Waterfall|p1a: Annihilape\n|-resisted|p1a: Annihilape\n|-damage|p1a: Annihilape|36\/100 psn\n|\n|-weather|Sandstorm|[upkeep]\n|-damage|p1a: Annihilape|30\/100 psn|[from] Sandstorm\n|-damage|p2b: Gyarados|42\/100|[from] Sandstorm\n|-heal|p1a: Annihilape|36\/100 psn|[from] item: Leftovers\n|-damage|p1a: Annihilape|24\/100 psn|[from] psn\n|-damage|p1b: Tyranitar|73\/100 psn|[from] psn\n|upkeep\n|turn|4\n|\n|t:|1683304761\n|move|p2b: Gyarados|Protect|p2b: Gyarados\n|-singleturn|p2b: Gyarados|Protect\n|move|p2a: Glimmora|Energy Ball|p1a: Annihilape\n|-supereffective|p1a: Annihilape\n|-crit|p1a: Annihilape\n|-damage|p1a: Annihilape|0 fnt\n|faint|p1a: Annihilape\n|move|p1b: Tyranitar|Rock Slide|p2a: Glimmora|[spread] p2a\n|-activate|p2b: Gyarados|move: Protect\n|-damage|p2a: Glimmora|30\/100\n|-activate|p2a: Glimmora|ability: Toxic Debris\n|-sidestart|p1: ENLIGHTENMENT1124|move: Toxic Spikes\n|\n|-weather|Sandstorm|[upkeep]\n|-damage|p2b: Gyarados|36\/100|[from] Sandstorm\n|-damage|p1b: Tyranitar|61\/100 psn|[from] psn\n|upkeep\n|\n|t:|1683304780\n|switch|p1a: Indeedee|Indeedee-F, L50, F|41\/100 psn\n|turn|5\n|\n|t:|1683304807\n|move|p1a: Indeedee|Helping Hand|p1b: Tyranitar\n|-singleturn|p1b: Tyranitar|Helping Hand|[of] p1a: Indeedee\n|move|p2a: Glimmora|Power Gem|p1a: Indeedee\n|-damage|p1a: Indeedee|5\/100 psn\n|move|p2b: Gyarados|Waterfall|p1b: Tyranitar\n|-supereffective|p1b: Tyranitar\n|-damage|p1b: Tyranitar|0 fnt\n|faint|p1b: Tyranitar\n|\n|-weather|none\n|-damage|p1a: Indeedee|0 fnt|[from] psn\n|faint|p1a: Indeedee\n|-fieldend|move: Psychic Terrain\n|upkeep\n|-message|ENLIGHTENMENT1124 forfeited.\n|\n|win|ikuyogotou\n|raw|ENLIGHTENMENT1124's rating: 1248 → 1227<\/strong> (-21 for losing)\n|raw|ikuyogotou's rating: 1309 → 1326<\/strong> (+17 for winning)\n|l|\u2606ENLIGHTENMENT1124\n","uploadtime":1683304830,"views":11,"p1id":"enlightenment1124","p2id":"ikuyogotou","formatid":"gen9vgc2023regulationc","rating":1227,"private":0,"password":""}