{"id":"gen9vgc2023regulationc-1851519068","p1":"Kingdm23","p2":"rudyxkam","format":"[Gen 9] VGC 2023 Regulation C","log":"|j|\u2606Kingdm23\n|j|\u2606rudyxkam\n|t:|1682451991\n|gametype|doubles\n|player|p1|Kingdm23|265|1138\n|player|p2|rudyxkam|gardenia|1161\n|teamsize|p1|6\n|teamsize|p2|6\n|gen|9\n|tier|[Gen 9] VGC 2023 Regulation C\n|rated|\n|rule|Species Clause: Limit one of each Pok\u00e9mon\n|rule|Item Clause: Limit one of each item\n|clearpoke\n|poke|p1|Gyarados, L50, F|\n|poke|p1|Grimmsnarl, L50, M|\n|poke|p1|Ting-Lu, L50|\n|poke|p1|Flutter Mane, L50|\n|poke|p1|Farigiraf, L50, M|\n|poke|p1|Baxcalibur, L50, M|\n|poke|p2|Gyarados, L50, M|\n|poke|p2|Talonflame, L50, M|\n|poke|p2|Baxcalibur, L50, F|\n|poke|p2|Corviknight, L50, M|\n|poke|p2|Ting-Lu, L50|\n|poke|p2|Flutter Mane, L50|\n|teampreview|4\n|inactive|Battle timer is ON: inactive players will automatically lose when time's up. (requested by rudyxkam)\nrudyxkam has agreed to open team sheets.\nKingdm23 has agreed to open team sheets.\n|c|\u2606rudyxkam|glhf!\n|inactive|Kingdm23 has 60 seconds left.\n|inactive|rudyxkam has 60 seconds left.\n|inactive|Kingdm23 has 30 seconds left.\n|inactive|rudyxkam has 30 seconds left.\n|inactive|Kingdm23 has 20 seconds left.\n|inactive|rudyxkam has 20 seconds left.\n|inactive|Kingdm23 has 15 seconds left.\n|inactive|rudyxkam has 15 seconds left.\n|inactive|Kingdm23 has 10 seconds left.\n|inactive|rudyxkam has 10 seconds left.\n|inactive|rudyxkam has 5 seconds left.\n|\n|t:|1682452080\n|start\n|switch|p1a: Grimmsnarl|Grimmsnarl, L50, M|100\/100\n|switch|p1b: Ting-Lu|Ting-Lu, L50|100\/100\n|switch|p2a: Rodan|Talonflame, L50, M, shiny|100\/100\n|switch|p2b: Sker|Ting-Lu, L50|100\/100\n|-ability|p1b: Ting-Lu|Vessel of Ruin\n|-ability|p2b: Sker|Vessel of Ruin\n|turn|1\n|inactive|Kingdm23 has 30 seconds left.\n|\n|t:|1682452107\n|move|p1a: Grimmsnarl|Misty Terrain|p1a: Grimmsnarl\n|-fieldstart|move: Misty Terrain\n|move|p2a: Rodan|Taunt|p1a: Grimmsnarl\n|-start|p1a: Grimmsnarl|move: Taunt\n|move|p1b: Ting-Lu|Body Press|p2a: Rodan\n|-resisted|p2a: Rodan\n|-damage|p2a: Rodan|84\/100\n|move|p2b: Sker|Bulldoze|p1a: Grimmsnarl|[spread] p1a,p1b\n|-immune|p2a: Rodan\n|-crit|p1b: Ting-Lu\n|-damage|p1a: Grimmsnarl|83\/100\n|-damage|p1b: Ting-Lu|87\/100\n|-unboost|p1a: Grimmsnarl|spe|1\n|-unboost|p1b: Ting-Lu|spe|1\n|\n|upkeep\n|turn|2\n|inactive|Kingdm23 has 30 seconds left.\n|inactive|rudyxkam has 30 seconds left.\n|\n|t:|1682452143\n|switch|p1a: Baxcalibur|Baxcalibur, L50, M|100\/100\n|move|p2a: Rodan|Will-O-Wisp|p1b: Ting-Lu\n|-activate|p1b: Ting-Lu|move: Misty Terrain\n|move|p2b: Sker|Heavy Slam|p1a: Baxcalibur\n|-supereffective|p1a: Baxcalibur\n|-damage|p1a: Baxcalibur|66\/100\n|move|p1b: Ting-Lu|Stomping Tantrum|p2b: Sker\n|-damage|p2b: Sker|85\/100\n|\n|upkeep\n|turn|3\n|\n|t:|1682452162\n|switch|p2a: Manda|Gyarados, L50, M, shiny|100\/100\n|-ability|p2a: Manda|Intimidate|boost\n|-unboost|p1a: Baxcalibur|atk|1\n|-unboost|p1b: Ting-Lu|atk|1\n|switch|p1b: Grimmsnarl|Grimmsnarl, L50, M|83\/100\n|move|p1a: Baxcalibur|Icicle Spear|p2b: Sker\n|-supereffective|p2b: Sker\n|-damage|p2b: Sker|75\/100\n|-supereffective|p2b: Sker\n|-damage|p2b: Sker|64\/100\n|-supereffective|p2b: Sker\n|-damage|p2b: Sker|54\/100\n|-supereffective|p2b: Sker\n|-damage|p2b: Sker|42\/100\n|-hitcount|p2b: Sker|4\n|move|p2b: Sker|Bulldoze|p1a: Baxcalibur|[spread] p1a,p1b\n|-immune|p2a: Manda\n|-damage|p1a: Baxcalibur|51\/100\n|-damage|p1b: Grimmsnarl|64\/100\n|-unboost|p1a: Baxcalibur|spe|1\n|-unboost|p1b: Grimmsnarl|spe|1\n|\n|upkeep\n|turn|4\n|inactive|Kingdm23 has 30 seconds left.\n|inactive|rudyxkam has 30 seconds left.\n|inactive|Kingdm23 has 20 seconds left.\n|inactive|rudyxkam has 20 seconds left.\n|inactive|Kingdm23 has 15 seconds left.\n|inactive|rudyxkam has 15 seconds left.\n|inactive|Kingdm23 has 10 seconds left.\n|inactive|rudyxkam has 10 seconds left.\n|\n|t:|1682452208\n|switch|p1a: Ting-Lu|Ting-Lu, L50|87\/100\n|-ability|p1a: Ting-Lu|Vessel of Ruin\n|switch|p2b: Rodan|Talonflame, L50, M, shiny|84\/100\n|move|p1b: Grimmsnarl|Reflect|p1b: Grimmsnarl\n|-sidestart|p1: Kingdm23|Reflect\n|move|p2a: Manda|Waterfall|p1a: Ting-Lu\n|-supereffective|p1a: Ting-Lu\n|-damage|p1a: Ting-Lu|60\/100\n|\n|upkeep\n|turn|5\n|inactive|Kingdm23 has 30 seconds left.\n|inactive|rudyxkam has 30 seconds left.\n|inactive|Kingdm23 has 20 seconds left.\n|inactive|rudyxkam has 20 seconds left.\n|inactive|Kingdm23 has 15 seconds left.\n|inactive|rudyxkam has 15 seconds left.\n|inactive|Kingdm23 has 10 seconds left.\n|\n|t:|1682452254\n|switch|p2b: T. Gojira|Baxcalibur, L50, F, shiny|100\/100\n|switch|p2a: Sker|Ting-Lu, L50|42\/100\n|-ability|p2a: Sker|Vessel of Ruin\n|switch|p1b: Baxcalibur|Baxcalibur, L50, M|51\/100\n|move|p1a: Ting-Lu|Heavy Slam|p2a: Sker\n|-damage|p2a: Sker|38\/100\n|\n|-fieldend|Misty Terrain\n|upkeep\n|turn|6\n|inactive|Kingdm23 has 30 seconds left.\n|inactive|rudyxkam has 30 seconds left.\n|inactive|Kingdm23 has 20 seconds left.\n|inactive|Kingdm23 has 15 seconds left.\n|inactive|rudyxkam has 20 seconds left.\n|inactive|rudyxkam has 15 seconds left.\n|\n|t:|1682452299\n|switch|p2a: Manda|Gyarados, L50, M, shiny|100\/100\n|-ability|p2a: Manda|Intimidate|boost\n|-unboost|p1a: Ting-Lu|atk|1\n|-unboost|p1b: Baxcalibur|atk|1\n|switch|p1a: Grimmsnarl|Grimmsnarl, L50, M|64\/100\n|move|p1b: Baxcalibur|Protect|p1b: Baxcalibur\n|-singleturn|p1b: Baxcalibur|Protect\n|move|p2b: T. Gojira|Dragon Dance|p2b: T. Gojira\n|-boost|p2b: T. Gojira|atk|1\n|-boost|p2b: T. Gojira|spe|1\n|\n|upkeep\n|turn|7\n|\n|t:|1682452321\n|switch|p1b: Flutter Mane|Flutter Mane, L50|100\/100\n|move|p2a: Manda|Helping Hand|p2b: T. Gojira\n|-singleturn|p2b: T. Gojira|Helping Hand|[of] p2a: Manda\n|move|p1a: Grimmsnarl|Misty Terrain|p1a: Grimmsnarl\n|-fieldstart|move: Misty Terrain\n|move|p2b: T. Gojira|Glaive Rush|p1b: Flutter Mane\n|-immune|p1b: Flutter Mane\n|\n|upkeep\n|turn|8\n|inactive|Kingdm23 has 30 seconds left.\n|inactive|rudyxkam has 30 seconds left.\n|inactive|rudyxkam has 20 seconds left.\n|inactive|rudyxkam has 15 seconds left.\n|\n|t:|1682452365\n|-terastallize|p2b: T. Gojira|Poison\n|-terastallize|p1b: Flutter Mane|Fairy\n|move|p2a: Manda|Helping Hand|p2b: T. Gojira\n|-singleturn|p2b: T. Gojira|Helping Hand|[of] p2a: Manda\n|move|p2b: T. Gojira|Icicle Crash|p1b: Flutter Mane\n|-damage|p1b: Flutter Mane|0 fnt\n|faint|p1b: Flutter Mane\n|-end|p1b: Flutter Mane|Protosynthesis|[silent]\n|move|p1a: Grimmsnarl|Spirit Break|p2b: T. Gojira\n|-resisted|p2b: T. Gojira\n|-damage|p2b: T. Gojira|87\/100\n|\n|upkeep\n|\n|t:|1682452378\n|switch|p1b: Ting-Lu|Ting-Lu, L50|60\/100\n|-ability|p1b: Ting-Lu|Vessel of Ruin\n|turn|9\n|inactive|Kingdm23 has 30 seconds left.\n|\n|t:|1682452405\n|move|p2a: Manda|Helping Hand|p2b: T. Gojira\n|-singleturn|p2b: T. Gojira|Helping Hand|[of] p2a: Manda\n|move|p2b: T. Gojira|Icicle Crash|p1b: Ting-Lu\n|-supereffective|p1b: Ting-Lu\n|-damage|p1b: Ting-Lu|0 fnt\n|faint|p1b: Ting-Lu\n|move|p1a: Grimmsnarl|Spirit Break|p2a: Manda\n|-damage|p2a: Manda|66\/100\n|-unboost|p2a: Manda|spa|1\n|\n|upkeep\n|\n|t:|1682452410\n|switch|p1b: Baxcalibur|Baxcalibur, L50, M|51\/100\n|turn|10\n|\n|t:|1682452434\n|move|p2a: Manda|Helping Hand|p2b: T. Gojira\n|-singleturn|p2b: T. Gojira|Helping Hand|[of] p2a: Manda\n|move|p1b: Baxcalibur|Protect|p1b: Baxcalibur\n|-singleturn|p1b: Baxcalibur|Protect\n|move|p2b: T. Gojira|Icicle Crash|p1a: Grimmsnarl\n|-damage|p1a: Grimmsnarl|0 fnt\n|faint|p1a: Grimmsnarl\n|\n|upkeep\n|turn|11\n|-message|Kingdm23 forfeited.\n|\n|win|rudyxkam\n|raw|Kingdm23's rating: 1138 → 1115<\/strong> (-23 for losing)\n|raw|rudyxkam's rating: 1161 → 1184<\/strong> (+23 for winning)\n|c|\u2606rudyxkam|gg\n|l|\u2606Kingdm23\n","uploadtime":1682452449,"views":6,"p1id":"kingdm23","p2id":"rudyxkam","formatid":"gen9vgc2023regulationc","rating":1115,"private":0,"password":""}