{"id":"gen9vgc2023regulationc-1860602258","p1":"zlint","p2":"hujuku0","format":"[Gen 9] VGC 2023 Regulation C","log":"|j|\u2606zlint\n|j|\u2606hujuku0\n|t:|1683658098\n|gametype|doubles\n|player|p1|zlint|may|1391\n|player|p2|hujuku0|101|1394\n|teamsize|p1|6\n|teamsize|p2|6\n|gen|9\n|tier|[Gen 9] VGC 2023 Regulation C\n|rated|\n|rule|Species Clause: Limit one of each Pok\u00e9mon\n|rule|Item Clause: Limit one of each item\n|clearpoke\n|poke|p1|Scream Tail, L50|\n|poke|p1|Baxcalibur, L50, F|\n|poke|p1|Corviknight, L50, M|\n|poke|p1|Rotom-Wash, L50|\n|poke|p1|Flutter Mane, L50|\n|poke|p1|Tyranitar, L50, M|\n|poke|p2|Tinkaton, L50, F|\n|poke|p2|Iron Bundle, L50|\n|poke|p2|Ceruledge, L50, F|\n|poke|p2|Abomasnow, L50, F|\n|poke|p2|Chi-Yu, L50|\n|poke|p2|Dragonite, L50, M|\n|teampreview|4\n|inactive|Battle timer is ON: inactive players will automatically lose when time's up. (requested by hujuku0)\nzlint has agreed to open team sheets.\n|j| qwwqwqwqw\n|inactive|zlint has 60 seconds left.\n|l| qwwqwqwqw\n|inactive|zlint has 30 seconds left.\n|inactive|zlint has 20 seconds left.\n|inactive|zlint has 15 seconds left.\n|\n|t:|1683658175\n|start\n|switch|p1a: Scream Tail|Scream Tail, L50, shiny|100\/100\n|switch|p1b: Baxcalibur|Baxcalibur, L50, F|100\/100\n|switch|p2a: Iron Bundle|Iron Bundle, L50|100\/100\n|switch|p2b: Chi-Yu|Chi-Yu, L50|100\/100\n|-ability|p2b: Chi-Yu|Beads of Ruin\n|-enditem|p2a: Iron Bundle|Booster Energy\n|-activate|p2a: Iron Bundle|ability: Quark Drive|[fromitem]\n|-start|p2a: Iron Bundle|quarkdrivespe\n|-enditem|p1a: Scream Tail|Booster Energy\n|-activate|p1a: Scream Tail|ability: Protosynthesis|[fromitem]\n|-start|p1a: Scream Tail|protosynthesisspe\n|turn|1\n|inactive|zlint has 30 seconds left.\n|\n|t:|1683658209\n|move|p2a: Iron Bundle|Protect|p2a: Iron Bundle\n|-singleturn|p2a: Iron Bundle|Protect\n|move|p1a: Scream Tail|Howl|p1a: Scream Tail|[spread] p1a,p1b\n|-boost|p1a: Scream Tail|atk|1\n|-boost|p1b: Baxcalibur|atk|1\n|move|p2b: Chi-Yu|Dark Pulse|p1b: Baxcalibur\n|-damage|p1b: Baxcalibur|46\/100\n|move|p1b: Baxcalibur|Glaive Rush|p2a: Iron Bundle\n|-activate|p2a: Iron Bundle|move: Protect\n|\n|upkeep\n|turn|2\n|\n|t:|1683658224\n|move|p2a: Iron Bundle|Encore|p1a: Scream Tail\n|-start|p1a: Scream Tail|Encore\n|move|p1a: Scream Tail|Howl|p1a: Scream Tail|[spread] p1a,p1b\n|-boost|p1a: Scream Tail|atk|1\n|-boost|p1b: Baxcalibur|atk|1\n|move|p2b: Chi-Yu|Dark Pulse|p1b: Baxcalibur\n|-damage|p1b: Baxcalibur|0 fnt\n|faint|p1b: Baxcalibur\n|\n|upkeep\n|\n|t:|1683658233\n|switch|p1b: Tyranitar|Tyranitar, L50, M|100\/100\n|-weather|Sandstorm|[from] ability: Sand Stream|[of] p1b: Tyranitar\n|turn|3\n|\n|t:|1683658237\n|switch|p2b: Abomasnow|Abomasnow, L50, F|100\/100\n|-weather|Snow|[from] ability: Snow Warning|[of] p2b: Abomasnow\n|move|p2a: Iron Bundle|Aurora Veil|p2a: Iron Bundle\n|-sidestart|p2: hujuku0|move: Aurora Veil\n|move|p1a: Scream Tail|Howl|p1a: Scream Tail|[spread] p1a,p1b\n|-boost|p1a: Scream Tail|atk|1\n|-boost|p1b: Tyranitar|atk|1\n|move|p1b: Tyranitar|Rock Slide|p2a: Iron Bundle|[spread] p2a,p2b\n|-supereffective|p2a: Iron Bundle\n|-supereffective|p2b: Abomasnow\n|-damage|p2a: Iron Bundle|53\/100\n|-damage|p2b: Abomasnow|39\/100\n|\n|-weather|Snow|[upkeep]\n|upkeep\n|turn|4\n|inactive|zlint has 30 seconds left.\n|inactive|hujuku0 has 30 seconds left.\n|\n|t:|1683658270\n|switch|p2b: Tinkaton|Tinkaton, L50, F|100\/100\n|-ability|p2b: Tinkaton|Mold Breaker\n|move|p2a: Iron Bundle|Protect|p2a: Iron Bundle\n|-singleturn|p2a: Iron Bundle|Protect\n|move|p1a: Scream Tail|Howl|p1a: Scream Tail|[spread] p1a,p1b\n|-boost|p1a: Scream Tail|atk|1\n|-boost|p1b: Tyranitar|atk|1\n|move|p1b: Tyranitar|Rock Slide|p2b: Tinkaton|[spread] p2b\n|-activate|p2a: Iron Bundle|move: Protect\n|-resisted|p2b: Tinkaton\n|-damage|p2b: Tinkaton|76\/100\n|\n|-weather|Snow|[upkeep]\n|-end|p1a: Scream Tail|Encore\n|upkeep\n|turn|5\n|\n|t:|1683658289\n|-end|p1a: Scream Tail|Protosynthesis|[silent]\n|switch|p1a: Rotom|Rotom-Wash, L50, shiny|100\/100\n|move|p2a: Iron Bundle|Blizzard|p1a: Rotom|[spread] p1a,p1b\n|-resisted|p1a: Rotom\n|-damage|p1a: Rotom|81\/100\n|-damage|p1b: Tyranitar|80\/100\n|move|p2b: Tinkaton|Gigaton Hammer|p1a: Rotom\n|-resisted|p1a: Rotom\n|-damage|p1a: Rotom|68\/100\n|move|p1b: Tyranitar|Rock Slide|p2b: Tinkaton|[spread] p2a,p2b\n|-supereffective|p2a: Iron Bundle\n|-crit|p2a: Iron Bundle\n|-resisted|p2b: Tinkaton\n|-damage|p2a: Iron Bundle|0 fnt\n|-damage|p2b: Tinkaton|53\/100\n|faint|p2a: Iron Bundle\n|-end|p2a: Iron Bundle|Quark Drive|[silent]\n|\n|-weather|Snow|[upkeep]\n|upkeep\n|\n|t:|1683658297\n|switch|p2a: Abomasnow|Abomasnow, L50, F|39\/100\n|turn|6\n|\n|t:|1683658309\n|-terastallize|p1b: Tyranitar|Flying\n|move|p2b: Tinkaton|Play Rough|p1b: Tyranitar\n|-damage|p1b: Tyranitar|49\/100\n|move|p2a: Abomasnow|Energy Ball|p1a: Rotom\n|-supereffective|p1a: Rotom\n|-damage|p1a: Rotom|0 fnt\n|faint|p1a: Rotom\n|move|p1b: Tyranitar|Rock Slide|p2b: Tinkaton|[spread] p2a,p2b\n|-supereffective|p2a: Abomasnow\n|-resisted|p2b: Tinkaton\n|-damage|p2a: Abomasnow|0 fnt\n|-damage|p2b: Tinkaton|30\/100\n|faint|p2a: Abomasnow\n|\n|-weather|Snow|[upkeep]\n|upkeep\n|\n|t:|1683658321\n|switch|p2a: Chi-Yu|Chi-Yu, L50|100\/100\n|switch|p1a: Scream Tail|Scream Tail, L50, shiny|100\/100\n|-ability|p2a: Chi-Yu|Beads of Ruin\n|turn|7\n|\n|t:|1683658343\n|move|p2a: Chi-Yu|Dark Pulse|p1b: Tyranitar\n|-damage|p1b: Tyranitar|17\/100\n|move|p1a: Scream Tail|Encore|p2b: Tinkaton\n|-start|p2b: Tinkaton|Encore\n|move|p2b: Tinkaton|Play Rough|p1b: Tyranitar\n|-damage|p1b: Tyranitar|0 fnt\n|faint|p1b: Tyranitar\n|\n|-weather|none\n|-sideend|p2: hujuku0|move: Aurora Veil\n|upkeep\n|turn|8\n|\n|t:|1683658354\n|move|p2a: Chi-Yu|Dark Pulse|p1a: Scream Tail\n|-damage|p1a: Scream Tail|63\/100\n|move|p1a: Scream Tail|Disable|p2b: Tinkaton\n|-start|p2b: Tinkaton|Disable|Play Rough\n|cant|p2b: Tinkaton|Disable|Play Rough\n|\n|upkeep\n|turn|9\n|\n|t:|1683658365\n|move|p2a: Chi-Yu|Dark Pulse|p1a: Scream Tail\n|-damage|p1a: Scream Tail|23\/100\n|move|p1a: Scream Tail|Disable|p2a: Chi-Yu\n|-start|p2a: Chi-Yu|Disable|Dark Pulse\n|-activate|p2b: Tinkaton|move: Struggle\n|move|p2b: Tinkaton|Struggle|p1a: Scream Tail\n|-damage|p1a: Scream Tail|13\/100\n|-damage|p2b: Tinkaton|5\/100|[from] recoil\n|\n|-end|p2b: Tinkaton|Encore\n|upkeep\n|turn|10\n|\n|t:|1683658379\n|move|p2b: Tinkaton|Feint|p1a: Scream Tail\n|-damage|p1a: Scream Tail|7\/100\n|-activate|p2a: Chi-Yu|move: Struggle\n|move|p2a: Chi-Yu|Struggle|p1a: Scream Tail\n|-damage|p1a: Scream Tail|0 fnt\n|faint|p1a: Scream Tail\n|-end|p1a: Scream Tail|Protosynthesis|[silent]\n|-damage|p2a: Chi-Yu|75\/100|[from] recoil\n|\n|win|hujuku0\n|raw|zlint's rating: 1391 → 1371<\/strong> (-20 for losing)\n|raw|hujuku0's rating: 1394 → 1414<\/strong> (+20 for winning)\n","uploadtime":1683658386,"views":17,"p1id":"zlint","p2id":"hujuku0","formatid":"gen9vgc2023regulationc","rating":1371,"private":0,"password":""}