{"id":"gen9vgc2023regulationc-1849425009","p1":"Tehspap","p2":"MAJOLION","format":"[Gen 9] VGC 2023 Regulation C","log":"|j|\u2606Tehspap\n|j|\u2606MAJOLION\n|t:|1682197013\n|gametype|doubles\n|player|p1|Tehspap|crasherwake|1093\n|player|p2|MAJOLION|102|1073\n|teamsize|p1|6\n|teamsize|p2|6\n|gen|9\n|tier|[Gen 9] VGC 2023 Regulation C\n|rated|\n|rule|Species Clause: Limit one of each Pok\u00e9mon\n|rule|Item Clause: Limit one of each item\n|clearpoke\n|poke|p1|Bruxish, L50, M|\n|poke|p1|Palossand, L50, M|\n|poke|p1|Amoonguss, L50, M|\n|poke|p1|Cyclizar, L50, M|\n|poke|p1|Scizor, L50, M|\n|poke|p1|Palafin, L50, F|\n|poke|p2|Palafin, L50, M|\n|poke|p2|Amoonguss, L50, M|\n|poke|p2|Arcanine, L50, M|\n|poke|p2|Flutter Mane, L50|\n|poke|p2|Ting-Lu, L50|\n|poke|p2|Torkoal, L50, F|\n|teampreview|4\n|\n|t:|1682197033\n|start\n|switch|p1a: Bruxish|Bruxish, L50, M, shiny|100\/100\n|switch|p1b: Palossand|Palossand, L50, M, shiny|100\/100\n|switch|p2a: Ting-Lu|Ting-Lu, L50|100\/100\n|switch|p2b: Torkoal|Torkoal, L50, F|100\/100\n|-ability|p2a: Ting-Lu|Vessel of Ruin\n|-weather|SunnyDay|[from] ability: Drought|[of] p2b: Torkoal\n|turn|1\n|inactive|Battle timer is ON: inactive players will automatically lose when time's up. (requested by Tehspap)\n|\n|t:|1682197045\n|-terastallize|p2b: Torkoal|Flying\n|move|p2b: Torkoal|Helping Hand|p2a: Ting-Lu\n|-singleturn|p2a: Ting-Lu|Helping Hand|[of] p2b: Torkoal\n|move|p1b: Palossand|Protect|p1b: Palossand\n|-singleturn|p1b: Palossand|Protect\n|move|p2a: Ting-Lu|Earthquake|p1b: Palossand|[spread] p1a\n|-activate|p1b: Palossand|move: Protect\n|-immune|p2b: Torkoal\n|-damage|p1a: Bruxish|35\/100\n|move|p1a: Bruxish|Trick Room|p1a: Bruxish\n|-fieldstart|move: Trick Room|[of] p1a: Bruxish\n|\n|-weather|SunnyDay|[upkeep]\n|upkeep\n|turn|2\n|inactive|Tehspap has 30 seconds left.\n|\n|t:|1682197076\n|move|p2b: Torkoal|Helping Hand|p2a: Ting-Lu\n|-singleturn|p2a: Ting-Lu|Helping Hand|[of] p2b: Torkoal\n|move|p1a: Bruxish|Aqua Jet|p1b: Palossand\n|-supereffective|p1b: Palossand\n|-damage|p1b: Palossand|90\/100\n|-ability|p1b: Palossand|Water Compaction|boost\n|-boost|p1b: Palossand|def|2\n|-enditem|p1b: Palossand|Weakness Policy\n|-boost|p1b: Palossand|atk|2|[from] item: Weakness Policy\n|-boost|p1b: Palossand|spa|2|[from] item: Weakness Policy\n|move|p1b: Palossand|Shadow Ball|p2b: Torkoal\n|-damage|p2b: Torkoal|44\/100\n|move|p2a: Ting-Lu|Earthquake|p1a: Bruxish|[spread] p1a,p1b\n|-immune|p2b: Torkoal\n|-damage|p1a: Bruxish|0 fnt\n|-damage|p1b: Palossand|68\/100\n|faint|p1a: Bruxish\n|\n|-weather|SunnyDay|[upkeep]\n|upkeep\n|\n|t:|1682197097\n|switch|p1a: Amoonguss|Amoonguss, L50, M, shiny|100\/100\n|turn|3\n|\n|t:|1682197111\n|move|p2b: Torkoal|Protect|p2b: Torkoal\n|-singleturn|p2b: Torkoal|Protect\n|move|p1a: Amoonguss|Spore|p2a: Ting-Lu\n|-status|p2a: Ting-Lu|slp|[from] move: Spore\n|move|p1b: Palossand|Shadow Ball|p2b: Torkoal\n|-activate|p2b: Torkoal|move: Protect\n|cant|p2a: Ting-Lu|slp\n|\n|-weather|SunnyDay|[upkeep]\n|upkeep\n|turn|4\n|\n|t:|1682197131\n|move|p1a: Amoonguss|Pollen Puff|p1b: Palossand\n|-heal|p1b: Palossand|100\/100\n|move|p2b: Torkoal|Overheat|p1a: Amoonguss\n|-supereffective|p1a: Amoonguss\n|-damage|p1a: Amoonguss|16\/100\n|-unboost|p2b: Torkoal|spa|2\n|-enditem|p2b: Torkoal|Eject Pack\n|-enditem|p1a: Amoonguss|Sitrus Berry|[eat]\n|-heal|p1a: Amoonguss|41\/100|[from] item: Sitrus Berry\n|\n|t:|1682197142\n|switch|p2b: Flutter Mane|Flutter Mane, L50|100\/100\n|-activate|p2b: Flutter Mane|ability: Protosynthesis\n|-start|p2b: Flutter Mane|protosynthesisspe\n|move|p1b: Palossand|Shadow Ball|p2b: Flutter Mane\n|-supereffective|p2b: Flutter Mane\n|-damage|p2b: Flutter Mane|0 fnt\n|faint|p2b: Flutter Mane\n|-end|p2b: Flutter Mane|Protosynthesis|[silent]\n|cant|p2a: Ting-Lu|slp\n|\n|-weather|SunnyDay|[upkeep]\n|upkeep\n|\n|t:|1682197146\n|switch|p2b: Torkoal|Torkoal, L50, F, tera:Flying|44\/100\n|turn|5\n|\n|t:|1682197170\n|move|p1a: Amoonguss|Spore|p2b: Torkoal\n|-status|p2b: Torkoal|slp|[from] move: Spore\n|cant|p2b: Torkoal|slp\n|move|p1b: Palossand|Shadow Ball|p2b: Torkoal\n|-damage|p2b: Torkoal|0 fnt\n|faint|p2b: Torkoal\n|cant|p2a: Ting-Lu|slp\n|\n|-weather|none\n|-fieldend|move: Trick Room\n|upkeep\n|\n|t:|1682197174\n|switch|p2b: Arcanine|Arcanine, L50, M|100\/100\n|-ability|p2b: Arcanine|Intimidate|boost\n|-unboost|p1a: Amoonguss|atk|1\n|-unboost|p1b: Palossand|atk|1\n|turn|6\n|\n|t:|1682197195\n|move|p1a: Amoonguss|Rage Powder|p1a: Amoonguss\n|-singleturn|p1a: Amoonguss|move: Rage Powder\n|move|p2b: Arcanine|Snarl|p1a: Amoonguss|[spread] p1a,p1b\n|-supereffective|p1b: Palossand\n|-damage|p1a: Amoonguss|27\/100\n|-damage|p1b: Palossand|66\/100\n|-unboost|p1a: Amoonguss|spa|1\n|-unboost|p1b: Palossand|spa|1\n|-curestatus|p2a: Ting-Lu|slp|[msg]\n|move|p2a: Ting-Lu|Earthquake|p1b: Palossand|[spread] p2b,p1a,p1b\n|-supereffective|p2b: Arcanine\n|-damage|p2b: Arcanine|8\/100\n|-damage|p1a: Amoonguss|4\/100\n|-damage|p1b: Palossand|51\/100\n|move|p1b: Palossand|Earth Power|p2b: Arcanine\n|-supereffective|p2b: Arcanine\n|-damage|p2b: Arcanine|0 fnt\n|faint|p2b: Arcanine\n|\n|upkeep\n|turn|7\n|\n|t:|1682197217\n|move|p2a: Ting-Lu|Earthquake|p1a: Amoonguss|[spread] p1a,p1b\n|-damage|p1a: Amoonguss|0 fnt\n|-damage|p1b: Palossand|35\/100\n|faint|p1a: Amoonguss\n|move|p1b: Palossand|Energy Ball|p2a: Ting-Lu\n|-supereffective|p2a: Ting-Lu\n|-damage|p2a: Ting-Lu|43\/100\n|-unboost|p2a: Ting-Lu|spd|1\n|\n|upkeep\n|\n|t:|1682197226\n|switch|p1a: Scizor|Scizor, L50, M|100\/100\n|turn|8\n|-message|MAJOLION forfeited.\n|\n|win|Tehspap\n|raw|Tehspap's rating: 1093 → 1118<\/strong> (+25 for winning)\n|raw|MAJOLION's rating: 1073 → 1053<\/strong> (-20 for losing)\n|l|\u2606MAJOLION\n","uploadtime":1682197237,"views":12,"p1id":"tehspap","p2id":"majolion","formatid":"gen9vgc2023regulationc","rating":1053,"private":0,"password":""}