{"id":"gen9vgc2023regulationc-1858289000","p1":"Yae3ko","p2":"Owe","format":"[Gen 9] VGC 2023 Regulation C","log":"|j|\u2606Yae3ko\n|j|\u2606Owe\n|t:|1683298858\n|gametype|doubles\n|player|p1|Yae3ko|1|\n|player|p2|Owe|#vgcwliikilowattrels|\n|teamsize|p1|6\n|teamsize|p2|6\n|gen|9\n|tier|[Gen 9] VGC 2023 Regulation C\n|rule|Species Clause: Limit one of each Pok\u00e9mon\n|rule|Item Clause: Limit one of each item\n|clearpoke\n|poke|p1|Amoonguss, L50, F|\n|poke|p1|Palafin, L50, F|\n|poke|p1|Arcanine, L50, M|\n|poke|p1|Flutter Mane, L50|\n|poke|p1|Ting-Lu, L50|\n|poke|p1|Kingambit, L50, M|\n|poke|p2|Gyarados, L50, F|\n|poke|p2|Kingambit, L50, F|\n|poke|p2|Flutter Mane, L50|\n|poke|p2|Amoonguss, L50, F|\n|poke|p2|Chi-Yu, L50|\n|poke|p2|Iron Hands, L50|\n|teampreview|4\nOwe has agreed to open team sheets.\n|c|\u2606Yae3ko|G3\nYae3ko has agreed to open team sheets.\n|j| Star Rail\n|j| JeanMarc\n|j| Sratsym\n|j| Bertigo\n|j| ChiShuPian de GuLi\n|l| Bertigo\n|l| ChiShuPian de GuLi\n|l| Sratsym\n|j| ggplot2\n|j| Bertigo\n|j| duckpond\n|\n|t:|1683299980\n|start\n|switch|p1a: \u3072\u307f\u305a\u306e\u304b\u307f|Palafin, L50, F|100\/100\n|switch|p1b: \u30c0\u30a4\u30b8\u30f3|Kingambit, L50, M|100\/100\n|switch|p2a: Dilorenzo|Gyarados, L50, F|100\/100\n|switch|p2b: Kim|Kingambit, L50, F|100\/100\n|-ability|p2a: Dilorenzo|Intimidate|boost\n|-unboost|p1a: \u3072\u307f\u305a\u306e\u304b\u307f|atk|1\n|-unboost|p1b: \u30c0\u30a4\u30b8\u30f3|atk|1\n|-ability|p1b: \u30c0\u30a4\u30b8\u30f3|Defiant|boost\n|-boost|p1b: \u30c0\u30a4\u30b8\u30f3|atk|2\n|turn|1\n|inactive|Battle timer is ON: inactive players will automatically lose when time's up. (requested by Owe)\n|j| ceree\n|inactive|Yae3ko has 60 seconds left.\n|inactive|Owe has 60 seconds left.\n|j| ChiShuPian de GuLi\n|j| templevgc\n|j| Matsubarakanon\n|\n|t:|1683300037\n|detailschange|p1a: \u3072\u307f\u305a\u306e\u304b\u307f|Palafin-Hero, L50, F\n|switch|p1a: \u30a4\u30b9|Amoonguss, L50, F|100\/100\n|move|p2a: Dilorenzo|Thunder Wave|p1a: \u30a4\u30b9\n|-status|p1a: \u30a4\u30b9|par\n|move|p2b: Kim|Low Kick|p1b: \u30c0\u30a4\u30b8\u30f3\n|-supereffective|p1b: \u30c0\u30a4\u30b8\u30f3\n|-damage|p1b: \u30c0\u30a4\u30b8\u30f3|0 fnt\n|faint|p1b: \u30c0\u30a4\u30b8\u30f3\n|\n|upkeep\n|\n|t:|1683300054\n|switch|p1b: \u3072\u307f\u305a\u306e\u304b\u307f|Palafin-Hero, L50, F|100\/100\n|-activate|p1b: \u3072\u307f\u305a\u306e\u304b\u307f|ability: Zero to Hero\n|turn|2\n|j| Sratsym\n|inactive|Yae3ko has 30 seconds left.\n|inactive|Yae3ko has 20 seconds left.\n|inactive|Yae3ko has 15 seconds left.\n|\n|t:|1683300098\n|switch|p1a: \u305d\u3046\u305f|Arcanine, L50, M|100\/100\n|-ability|p1a: \u305d\u3046\u305f|Intimidate|boost\n|-unboost|p2a: Dilorenzo|atk|1\n|-unboost|p2b: Kim|atk|1\n|-ability|p2b: Kim|Defiant|boost\n|-boost|p2b: Kim|atk|2\n|-terastallize|p1b: \u3072\u307f\u305a\u306e\u304b\u307f|Water\n|move|p2a: Dilorenzo|Taunt|p1a: \u305d\u3046\u305f\n|-start|p1a: \u305d\u3046\u305f|move: Taunt\n|move|p1b: \u3072\u307f\u305a\u306e\u304b\u307f|Wave Crash|p2b: Kim\n|-crit|p2b: Kim\n|-damage|p2b: Kim|0 fnt\n|faint|p2b: Kim\n|-damage|p1b: \u3072\u307f\u305a\u306e\u304b\u307f|68\/100|[from] Recoil\n|\n|upkeep\n|inactive|Owe has 30 seconds left.\n|\n|t:|1683300127\n|switch|p2b: Mario Rui|Chi-Yu, L50|100\/100\n|-ability|p2b: Mario Rui|Beads of Ruin\n|turn|3\n|inactive|Yae3ko has 30 seconds left.\n|\n|t:|1683300154\n|switch|p2a: Lozano|Amoonguss, L50, F, shiny|100\/100\n|move|p2b: Mario Rui|Protect|p2b: Mario Rui\n|-singleturn|p2b: Mario Rui|Protect\n|move|p1a: \u305d\u3046\u305f|Extreme Speed|p2b: Mario Rui\n|-activate|p2b: Mario Rui|move: Protect\n|move|p1b: \u3072\u307f\u305a\u306e\u304b\u307f|Wave Crash|p2b: Mario Rui\n|-activate|p2b: Mario Rui|move: Protect\n|\n|upkeep\n|turn|4\n|inactive|Yae3ko has 30 seconds left.\n|inactive|Yae3ko has 20 seconds left.\n|inactive|Yae3ko has 15 seconds left.\n|inactive|Yae3ko has 10 seconds left.\n|\n|t:|1683300203\n|move|p2a: Lozano|Rage Powder|p2a: Lozano\n|-singleturn|p2a: Lozano|move: Rage Powder\n|move|p2b: Mario Rui|Nasty Plot|p2b: Mario Rui\n|-boost|p2b: Mario Rui|spa|2\n|move|p1a: \u305d\u3046\u305f|Flare Blitz|p2a: Lozano\n|-supereffective|p2a: Lozano\n|-damage|p2a: Lozano|18\/100\n|-enditem|p2a: Lozano|Sitrus Berry|[eat]\n|-heal|p2a: Lozano|43\/100|[from] item: Sitrus Berry\n|-damage|p1a: \u305d\u3046\u305f|70\/100|[from] Recoil\n|move|p1b: \u3072\u307f\u305a\u306e\u304b\u307f|Wave Crash|p2a: Lozano\n|-resisted|p2a: Lozano\n|-damage|p2a: Lozano|0 fnt\n|faint|p2a: Lozano\n|-damage|p1b: \u3072\u307f\u305a\u306e\u304b\u307f|53\/100|[from] Recoil\n|\n|-end|p1a: \u305d\u3046\u305f|move: Taunt\n|upkeep\n|\n|t:|1683300214\n|switch|p2a: Dilorenzo|Gyarados, L50, F|100\/100\n|-ability|p2a: Dilorenzo|Intimidate|boost\n|-unboost|p1a: \u305d\u3046\u305f|atk|1\n|-unboost|p1b: \u3072\u307f\u305a\u306e\u304b\u307f|atk|1\n|turn|5\n|inactive|Yae3ko has 30 seconds left.\n|inactive|Owe has 30 seconds left.\n|j| WilliamTheShuai\n|\n|t:|1683300246\n|switch|p1a: \u30a4\u30b9|Amoonguss, L50, F|100\/100 par\n|-terastallize|p2b: Mario Rui|Water\n|move|p2b: Mario Rui|Dark Pulse|p1b: \u3072\u307f\u305a\u306e\u304b\u307f\n|-damage|p1b: \u3072\u307f\u305a\u306e\u304b\u307f|0 fnt\n|faint|p1b: \u3072\u307f\u305a\u306e\u304b\u307f\n|move|p2a: Dilorenzo|Waterfall|p1a: \u30a4\u30b9\n|-resisted|p1a: \u30a4\u30b9\n|-damage|p1a: \u30a4\u30b9|87\/100 par\n|-damage|p2a: Dilorenzo|84\/100|[from] item: Rocky Helmet|[of] p1a: \u30a4\u30b9\n|\n|upkeep\n|l| ceree\n|\n|t:|1683300254\n|switch|p1b: \u305d\u3046\u305f|Arcanine, L50, M|70\/100\n|-ability|p1b: \u305d\u3046\u305f|Intimidate|boost\n|-unboost|p2a: Dilorenzo|atk|1\n|-unboost|p2b: Mario Rui|atk|1\n|turn|6\n|l| WilliamTheShuai\n|inactive|Yae3ko has 30 seconds left.\n|inactive|Yae3ko has 20 seconds left.\n|\n|t:|1683300293\n|move|p1a: \u30a4\u30b9|Protect|p1a: \u30a4\u30b9\n|-singleturn|p1a: \u30a4\u30b9|Protect\n|move|p2b: Mario Rui|Heat Wave|p1b: \u305d\u3046\u305f|[spread] p1b\n|-activate|p1a: \u30a4\u30b9|move: Protect\n|-resisted|p1b: \u305d\u3046\u305f\n|-damage|p1b: \u305d\u3046\u305f|23\/100\n|move|p2a: Dilorenzo|Waterfall|p1b: \u305d\u3046\u305f\n|-supereffective|p1b: \u305d\u3046\u305f\n|-damage|p1b: \u305d\u3046\u305f|0 fnt\n|faint|p1b: \u305d\u3046\u305f\n|\n|upkeep\n|turn|7\n|l| duckpond\n|l| Bertigo\n|-message|Yae3ko forfeited.\n|\n|win|Owe\n|c|\u2606Owe|ggs!\n|c|\u2606Yae3ko|ggs!\n|l| ggplot2\n|l| Matsubarakanon\n|l| JeanMarc\n","uploadtime":1683300337,"views":27,"p1id":"yae3ko","p2id":"owe","formatid":"gen9vgc2023regulationc","rating":0,"private":0,"password":""}