{"id":"gen9vgc2023regulationc-1847023385","p1":"dreamswgh","p2":"RgAngel","format":"[Gen 9] VGC 2023 Regulation C","log":"|j|\u2606dreamswgh\n|j|\u2606RgAngel\n|t:|1681912589\n|gametype|doubles\n|player|p1|dreamswgh|nate|1340\n|player|p2|RgAngel|candice|1318\n|teamsize|p1|6\n|teamsize|p2|6\n|gen|9\n|tier|[Gen 9] VGC 2023 Regulation C\n|rated|\n|rule|Species Clause: Limit one of each Pok\u00e9mon\n|rule|Item Clause: Limit one of each item\n|clearpoke\n|poke|p1|Torkoal, L50, M|\n|poke|p1|Flutter Mane, L50|\n|poke|p1|Indeedee-F, L50, F|\n|poke|p1|Hatterene, L50, F|\n|poke|p1|Corviknight, L50, M|\n|poke|p1|Mudsdale, L50, F|\n|poke|p2|Torkoal, L50, M|\n|poke|p2|Great Tusk, L50|\n|poke|p2|Gyarados, L50, M|\n|poke|p2|Flutter Mane, L50|\n|poke|p2|Glimmora, L50, M|\n|poke|p2|Iron Bundle, L50|\n|teampreview|4\nRgAngel has agreed to open team sheets.\ndreamswgh has agreed to open team sheets.\n|\n|t:|1681912653\n|start\n|switch|p1a: Nevada|Indeedee-F, L50, F|100\/100\n|switch|p1b: Okalahoma|Corviknight, L50, M|100\/100\n|switch|p2a: Torkoal|Torkoal, L50, M|100\/100\n|switch|p2b: Great Tusk|Great Tusk, L50|100\/100\n|-fieldstart|move: Psychic Terrain|[from] ability: Psychic Surge|[of] p1a: Nevada\n|-enditem|p1a: Nevada|Psychic Seed\n|-boost|p1a: Nevada|spd|1|[from] item: Psychic Seed\n|-weather|SunnyDay|[from] ability: Drought|[of] p2a: Torkoal\n|-activate|p2b: Great Tusk|ability: Protosynthesis\n|-start|p2b: Great Tusk|protosynthesisatk\n|turn|1\n|\n|t:|1681912687\n|-terastallize|p2b: Great Tusk|Fire\n|move|p2b: Great Tusk|Close Combat|p1b: Okalahoma\n|-damage|p1b: Okalahoma|36\/100\n|-unboost|p2b: Great Tusk|def|1\n|-unboost|p2b: Great Tusk|spd|1\n|move|p1b: Okalahoma|U-turn|p2b: Great Tusk\n|-resisted|p2b: Great Tusk\n|-damage|p2b: Great Tusk|87\/100\n|\n|t:|1681912719\n|switch|p1b: Arizona|Torkoal, L50, M|100\/100|[from] U-turn\n|move|p2a: Torkoal|Flamethrower|p1b: Arizona\n|-resisted|p1b: Arizona\n|-damage|p1b: Arizona|73\/100\n|move|p1a: Nevada|Trick Room|p1a: Nevada\n|-fieldstart|move: Trick Room|[of] p1a: Nevada\n|\n|-weather|SunnyDay|[upkeep]\n|upkeep\n|turn|2\n|\n|t:|1681912746\n|-end|p2b: Great Tusk|Protosynthesis|[silent]\n|switch|p2b: Gyarados|Gyarados, L50, M, shiny|100\/100\n|-ability|p2b: Gyarados|Intimidate|boost\n|-unboost|p1a: Nevada|atk|1\n|-unboost|p1b: Arizona|atk|1\n|-terastallize|p1b: Arizona|Fire\n|move|p1a: Nevada|Helping Hand|p1b: Arizona\n|-singleturn|p1b: Arizona|Helping Hand|[of] p1a: Nevada\n|move|p1b: Arizona|Eruption|p2b: Gyarados|[spread] p2a,p2b\n|-resisted|p2a: Torkoal\n|-resisted|p2b: Gyarados\n|-damage|p2a: Torkoal|45\/100\n|-damage|p2b: Gyarados|50\/100\n|-enditem|p2a: Torkoal|Sitrus Berry|[eat]\n|-heal|p2a: Torkoal|69\/100|[from] item: Sitrus Berry\n|move|p2a: Torkoal|Yawn|p1b: Arizona\n|-start|p1b: Arizona|move: Yawn|[of] p2a: Torkoal\n|\n|-weather|SunnyDay|[upkeep]\n|upkeep\n|turn|3\n|\n|t:|1681912779\n|move|p1a: Nevada|Helping Hand|p1b: Arizona\n|-singleturn|p1b: Arizona|Helping Hand|[of] p1a: Nevada\n|move|p2a: Torkoal|Protect|p2a: Torkoal\n|-singleturn|p2a: Torkoal|Protect\n|move|p1b: Arizona|Eruption|p2a: Torkoal|[spread] p2b\n|-activate|p2a: Torkoal|move: Protect\n|-resisted|p2b: Gyarados\n|-damage|p2b: Gyarados|0 fnt\n|faint|p2b: Gyarados\n|\n|-weather|SunnyDay|[upkeep]\n|-end|p1b: Arizona|move: Yawn|[silent]\n|-status|p1b: Arizona|slp\n|upkeep\n|\n|t:|1681912790\n|switch|p2b: Great Tusk|Great Tusk, L50, tera:Fire|87\/100\n|-activate|p2b: Great Tusk|ability: Protosynthesis\n|-start|p2b: Great Tusk|protosynthesisatk\n|turn|4\n|\n|t:|1681912836\n|switch|p1b: Okalahoma|Corviknight, L50, M|36\/100\n|switch|p2a: Iron Bundle|Iron Bundle, L50|100\/100\n|-enditem|p2a: Iron Bundle|Booster Energy\n|-activate|p2a: Iron Bundle|ability: Quark Drive|[fromitem]\n|-start|p2a: Iron Bundle|quarkdrivespe\n|move|p1a: Nevada|Dazzling Gleam|p2b: Great Tusk|[spread] p2a,p2b\n|-resisted|p2b: Great Tusk\n|-damage|p2a: Iron Bundle|73\/100\n|-damage|p2b: Great Tusk|82\/100\n|move|p2b: Great Tusk|Earthquake|p1a: Nevada|[spread] p2a,p1a\n|-immune|p1b: Okalahoma\n|-damage|p2a: Iron Bundle|14\/100\n|-damage|p1a: Nevada|54\/100\n|\n|-weather|SunnyDay|[upkeep]\n|upkeep\n|turn|5\n|\n|t:|1681912869\n|move|p1a: Nevada|Helping Hand|p1b: Okalahoma\n|-singleturn|p1b: Okalahoma|Helping Hand|[of] p1a: Nevada\n|move|p2a: Iron Bundle|Protect|p2a: Iron Bundle\n|-singleturn|p2a: Iron Bundle|Protect\n|move|p1b: Okalahoma|Brave Bird|p2b: Great Tusk\n|-damage|p2b: Great Tusk|14\/100\n|-damage|p1b: Okalahoma|11\/100|[from] Recoil\n|move|p2b: Great Tusk|Ice Spinner|p1b: Okalahoma\n|-damage|p1b: Okalahoma|0 fnt\n|-fieldend|move: Psychic Terrain\n|faint|p1b: Okalahoma\n|\n|-weather|none\n|-end|p2b: Great Tusk|Protosynthesis\n|-fieldend|move: Trick Room\n|upkeep\n|\n|t:|1681912896\n|switch|p1b: New Mexico|Hatterene, L50, F|100\/100\n|turn|6\n|\n|t:|1681912922\n|-end|p2a: Iron Bundle|Quark Drive|[silent]\n|switch|p2a: Torkoal|Torkoal, L50, M|69\/100\n|-weather|SunnyDay|[from] ability: Drought|[of] p2a: Torkoal\n|-activate|p2b: Great Tusk|ability: Protosynthesis\n|-start|p2b: Great Tusk|protosynthesisatk\n|move|p1a: Nevada|Follow Me|p1a: Nevada\n|-singleturn|p1a: Nevada|move: Follow Me\n|move|p2b: Great Tusk|Rock Slide|p1a: Nevada|[spread] p1a,p1b\n|-damage|p1a: Nevada|30\/100\n|-damage|p1b: New Mexico|75\/100\n|move|p1b: New Mexico|Dazzling Gleam|p2a: Torkoal|[spread] p2a,p2b\n|-resisted|p2a: Torkoal\n|-resisted|p2b: Great Tusk\n|-damage|p2a: Torkoal|49\/100\n|-damage|p2b: Great Tusk|0 fnt\n|faint|p2b: Great Tusk\n|-end|p2b: Great Tusk|Protosynthesis|[silent]\n|-damage|p1b: New Mexico|66\/100|[from] item: Life Orb\n|\n|-weather|SunnyDay|[upkeep]\n|upkeep\n|\n|t:|1681912938\n|switch|p2b: Iron Bundle|Iron Bundle, L50|14\/100\n|turn|7\n|\n|t:|1681912971\n|move|p1a: Nevada|Follow Me|p1a: Nevada\n|-singleturn|p1a: Nevada|move: Follow Me\n|move|p2b: Iron Bundle|Freeze-Dry|p1a: Nevada\n|-damage|p1a: Nevada|6\/100\n|move|p2a: Torkoal|Flamethrower|p1a: Nevada\n|-damage|p1a: Nevada|0 fnt\n|faint|p1a: Nevada\n|move|p1b: New Mexico|Dazzling Gleam|p2a: Torkoal|[spread] p2a,p2b\n|-resisted|p2a: Torkoal\n|-damage|p2a: Torkoal|31\/100\n|-damage|p2b: Iron Bundle|0 fnt\n|faint|p2b: Iron Bundle\n|-end|p2b: Iron Bundle|Quark Drive|[silent]\n|-damage|p1b: New Mexico|56\/100|[from] item: Life Orb\n|\n|-weather|SunnyDay|[upkeep]\n|upkeep\n|\n|t:|1681912980\n|switch|p1a: Arizona|Torkoal, L50, M, tera:Fire|73\/100 slp\n|turn|8\n|-message|RgAngel forfeited.\n|\n|win|dreamswgh\n|raw|dreamswgh's rating: 1340 → 1359<\/strong> (+19 for winning)\n|raw|RgAngel's rating: 1318 → 1299<\/strong> (-19 for losing)\n|l|\u2606RgAngel\n","uploadtime":1681912988,"views":6,"p1id":"dreamswgh","p2id":"rgangel","formatid":"gen9vgc2023regulationc","rating":1299,"private":0,"password":""}