{"id":"gen9vgc2023regulationc-1851412265","p1":"ghost56789","p2":"icedragonkid105","format":"[Gen 9] VGC 2023 Regulation C","log":"|j|\u2606ghost56789\n|j|\u2606icedragonkid105\n|t:|1682443047\n|gametype|doubles\n|player|p1|ghost56789|beauty-gen5bw2|1122\n|player|p2|icedragonkid105|101|1181\n|teamsize|p1|6\n|teamsize|p2|6\n|gen|9\n|tier|[Gen 9] VGC 2023 Regulation C\n|rated|\n|rule|Species Clause: Limit one of each Pok\u00e9mon\n|rule|Item Clause: Limit one of each item\n|clearpoke\n|poke|p1|Garchomp, L50, M|\n|poke|p1|Talonflame, L50, F|\n|poke|p1|Flutter Mane, L50|\n|poke|p1|Iron Bundle, L50|\n|poke|p1|Tyranitar, L50, M|\n|poke|p1|Chien-Pao, L50|\n|poke|p2|Baxcalibur, L50, M|\n|poke|p2|Flutter Mane, L50|\n|poke|p2|Chi-Yu, L50|\n|poke|p2|Gastrodon-East, L50, M|\n|poke|p2|Iron Bundle, L50|\n|poke|p2|Arcanine, L50, M|\n|teampreview|4\nghost56789 rejected open team sheets.\n|\n|t:|1682443089\n|start\n|switch|p1a: Talonflame|Talonflame, L50, F, shiny|100\/100\n|switch|p1b: Tyranitar|Tyranitar, L50, M, shiny|100\/100\n|switch|p2a: Glacius|Baxcalibur, L50, M|100\/100\n|switch|p2b: K-9|Arcanine, L50, M|100\/100\n|-ability|p2b: K-9|Intimidate|boost\n|-unboost|p1a: Talonflame|atk|1\n|-unboost|p1b: Tyranitar|atk|1\n|-weather|Sandstorm|[from] ability: Sand Stream|[of] p1b: Tyranitar\n|turn|1\n|\n|t:|1682443125\n|move|p2b: K-9|Extreme Speed|p1a: Talonflame\n|-damage|p1a: Talonflame|65\/100\n|move|p1a: Talonflame|Tailwind|p1a: Talonflame\n|-sidestart|p1: ghost56789|move: Tailwind\n|move|p1b: Tyranitar|Low Kick|p2a: Glacius\n|-supereffective|p2a: Glacius\n|-damage|p2a: Glacius|48\/100\n|move|p2a: Glacius|Glaive Rush|p1b: Tyranitar\n|-damage|p1b: Tyranitar|45\/100\n|-singlemove|p2a: Glacius|Glaive Rush|[silent]\n|\n|-weather|Sandstorm|[upkeep]\n|-damage|p2a: Glacius|42\/100|[from] Sandstorm\n|upkeep\n|turn|2\n|\n|t:|1682443153\n|switch|p1a: Flutter Mane|Flutter Mane, L50|100\/100\n|move|p2a: Glacius|Protect|p2a: Glacius\n|-singleturn|p2a: Glacius|Protect\n|move|p1b: Tyranitar|Rock Slide|p2b: K-9|[spread] \n|-activate|p2a: Glacius|move: Protect\n|-miss|p1b: Tyranitar|p2b: K-9\n|move|p2b: K-9|Howl|p2b: K-9|[spread] p2a,p2b\n|-boost|p2a: Glacius|atk|1\n|-boost|p2b: K-9|atk|1\n|\n|-weather|Sandstorm|[upkeep]\n|-damage|p1a: Flutter Mane|94\/100|[from] Sandstorm\n|-damage|p2a: Glacius|36\/100|[from] Sandstorm\n|upkeep\n|turn|3\n|\n|t:|1682443184\n|move|p2b: K-9|Extreme Speed|p1b: Tyranitar\n|-resisted|p1b: Tyranitar\n|-crit|p1b: Tyranitar\n|-damage|p1b: Tyranitar|20\/100\n|move|p2a: Glacius|Ice Shard|p1a: Flutter Mane\n|-damage|p1a: Flutter Mane|4\/100\n|move|p1a: Flutter Mane|Dazzling Gleam|p2b: K-9|[spread] p2a,p2b\n|-supereffective|p2a: Glacius\n|-resisted|p2b: K-9\n|-damage|p2a: Glacius|0 fnt\n|-damage|p2b: K-9|72\/100\n|faint|p2a: Glacius\n|move|p1b: Tyranitar|Rock Slide|p2b: K-9\n|-supereffective|p2b: K-9\n|-damage|p2b: K-9|2\/100\n|\n|-weather|Sandstorm|[upkeep]\n|-damage|p1a: Flutter Mane|0 fnt|[from] Sandstorm\n|faint|p1a: Flutter Mane\n|-end|p1a: Flutter Mane|Protosynthesis|[silent]\n|upkeep\n|\n|t:|1682443217\n|switch|p1a: Talonflame|Talonflame, L50, F, shiny|65\/100\n|switch|p2a: Rouge|Flutter Mane, L50, shiny|100\/100\n|-enditem|p2a: Rouge|Booster Energy\n|-activate|p2a: Rouge|ability: Protosynthesis|[fromitem]\n|-start|p2a: Rouge|protosynthesisspe\n|turn|4\n|\n|t:|1682443234\n|move|p2b: K-9|Extreme Speed|p1a: Talonflame\n|-damage|p1a: Talonflame|10\/100\n|move|p1a: Talonflame|Taunt|p2a: Rouge\n|-start|p2a: Rouge|move: Taunt\n|move|p2a: Rouge|Dazzling Gleam|p1a: Talonflame|[spread] p1a,p1b\n|-resisted|p1a: Talonflame\n|-supereffective|p1b: Tyranitar\n|-damage|p1a: Talonflame|0 fnt\n|-damage|p1b: Tyranitar|0 fnt\n|faint|p1a: Talonflame\n|faint|p1b: Tyranitar\n|\n|-weather|Sandstorm|[upkeep]\n|-damage|p2a: Rouge|94\/100|[from] Sandstorm\n|-sideend|p1: ghost56789|move: Tailwind\n|upkeep\n|\n|t:|1682443242\n|switch|p1b: Iron Bundle|Iron Bundle, L50, shiny|100\/100\n|-enditem|p1b: Iron Bundle|Booster Energy\n|-activate|p1b: Iron Bundle|ability: Quark Drive|[fromitem]\n|-start|p1b: Iron Bundle|quarkdrivespe\n|turn|5\n|\n|t:|1682443258\n|-terastallize|p1b: Iron Bundle|Steel\n|move|p2b: K-9|Extreme Speed|p1b: Iron Bundle\n|-resisted|p1b: Iron Bundle\n|-damage|p1b: Iron Bundle|76\/100\n|move|p1b: Iron Bundle|Hydro Pump|p2a: Rouge\n|-damage|p2a: Rouge|41\/100\n|move|p2a: Rouge|Shadow Ball|p1b: Iron Bundle\n|-damage|p1b: Iron Bundle|0 fnt\n|faint|p1b: Iron Bundle\n|-end|p1b: Iron Bundle|Quark Drive|[silent]\n|\n|win|icedragonkid105\n|raw|ghost56789's rating: 1122 → 1101<\/strong> (-21 for losing)\n|raw|icedragonkid105's rating: 1181 → 1202<\/strong> (+21 for winning)\n","uploadtime":1682443275,"views":10,"p1id":"ghost56789","p2id":"icedragonkid105","formatid":"gen9vgc2023regulationc","rating":1101,"private":0,"password":""}