{"id":"gen9vgc2023regulationc-1863865771","p1":"Clementine23","p2":"Yeetawheat","format":"[Gen 9] VGC 2023 Regulation C","log":"|j|\u2606Clementine23\n|j|\u2606Yeetawheat\n|t:|1684087083\n|gametype|doubles\n|player|p1|Clementine23|richboy|\n|player|p2|Yeetawheat|2|\n|teamsize|p1|6\n|teamsize|p2|6\n|gen|9\n|tier|[Gen 9] VGC 2023 Regulation C\n|rule|Species Clause: Limit one of each Pok\u00e9mon\n|rule|Item Clause: Limit one of each item\n|clearpoke\n|poke|p1|Iron Hands, L50|\n|poke|p1|Chien-Pao, L50|\n|poke|p1|Palafin, L50, F|\n|poke|p1|Talonflame, L50, M|\n|poke|p1|Great Tusk, L50|\n|poke|p1|Gholdengo, L50|\n|poke|p2|Scizor, L50, M|\n|poke|p2|Tauros-Paldea-Aqua, L50, M|\n|poke|p2|Rotom-Heat, L50|\n|poke|p2|Flutter Mane, L50|\n|poke|p2|Ting-Lu, L50|\n|poke|p2|Amoonguss, L50, F|\n|teampreview|4\nClementine23 has agreed to open team sheets.\nYeetawheat has agreed to open team sheets.\n|c|\u2606Yeetawheat|glhf\n|c|\u2606Yeetawheat|g3\n|c|\u2606Clementine23|glhf\n|j| SirSmokeVGC\n|\n|t:|1684087120\n|start\n|switch|p1a: Palafin|Palafin, L50, F|100\/100\n|switch|p1b: Chien-Pao|Chien-Pao, L50|100\/100\n|switch|p2a: Tauros|Tauros-Paldea-Aqua, L50, M|100\/100\n|switch|p2b: Scizor|Scizor, L50, M|100\/100\n|-ability|p1b: Chien-Pao|Sword of Ruin\n|-ability|p2a: Tauros|Intimidate|boost\n|-unboost|p1a: Palafin|atk|1\n|-fail|p1b: Chien-Pao|unboost|[from] item: Clear Amulet|[of] p1b: Chien-Pao\n|turn|1\n|\n|t:|1684087165\n|detailschange|p1a: Palafin|Palafin-Hero, L50, F\n|switch|p1a: Iron Hands|Iron Hands, L50|100\/100\n|-terastallize|p2a: Tauros|Grass\n|move|p1b: Chien-Pao|Protect|p1b: Chien-Pao\n|-singleturn|p1b: Chien-Pao|Protect\n|move|p2a: Tauros|Trailblaze|p1a: Iron Hands\n|-damage|p1a: Iron Hands|73\/100\n|-boost|p2a: Tauros|spe|1\n|move|p2b: Scizor|Swords Dance|p2b: Scizor\n|-boost|p2b: Scizor|atk|2\n|\n|upkeep\n|turn|2\n|\n|t:|1684087198\n|move|p1a: Iron Hands|Fake Out|p2b: Scizor\n|-resisted|p2b: Scizor\n|-damage|p2b: Scizor|90\/100\n|cant|p2b: Scizor|flinch\n|move|p2a: Tauros|Wave Crash|p1b: Chien-Pao\n|-damage|p1b: Chien-Pao|29\/100\n|-damage|p2a: Tauros|79\/100|[from] Recoil\n|move|p1b: Chien-Pao|Ice Spinner|p2a: Tauros\n|-supereffective|p2a: Tauros\n|-damage|p2a: Tauros|0 fnt\n|faint|p2a: Tauros\n|\n|upkeep\n|\n|t:|1684087218\n|switch|p2a: Flutter Mane|Flutter Mane, L50|100\/100\n|-enditem|p2a: Flutter Mane|Booster Energy\n|-activate|p2a: Flutter Mane|ability: Protosynthesis|[fromitem]\n|-start|p2a: Flutter Mane|protosynthesisspe\n|turn|3\n|\n|t:|1684087247\n|move|p1b: Chien-Pao|Sucker Punch|p2a: Flutter Mane\n|-damage|p2a: Flutter Mane|12\/100\n|move|p2a: Flutter Mane|Moonblast|p1b: Chien-Pao\n|-supereffective|p1b: Chien-Pao\n|-damage|p1b: Chien-Pao|0 fnt\n|faint|p1b: Chien-Pao\n|move|p2b: Scizor|Pounce|p1a: Iron Hands\n|-resisted|p1a: Iron Hands\n|-damage|p1a: Iron Hands|49\/100\n|-unboost|p1a: Iron Hands|spe|1\n|move|p1a: Iron Hands|Drain Punch|p2b: Scizor\n|-damage|p2b: Scizor|46\/100\n|-heal|p1a: Iron Hands|65\/100|[from] drain|[of] p2b: Scizor\n|\n|upkeep\n|\n|t:|1684087262\n|switch|p1b: Palafin|Palafin-Hero, L50, F|100\/100\n|-activate|p1b: Palafin|ability: Zero to Hero\n|turn|4\n|\n|t:|1684087276\n|move|p2b: Scizor|Protect|p2b: Scizor\n|-singleturn|p2b: Scizor|Protect\n|move|p1b: Palafin|Jet Punch|p2a: Flutter Mane\n|-damage|p2a: Flutter Mane|0 fnt\n|faint|p2a: Flutter Mane\n|-end|p2a: Flutter Mane|Protosynthesis|[silent]\n|move|p1a: Iron Hands|Drain Punch|p2b: Scizor\n|-activate|p2b: Scizor|move: Protect\n|\n|upkeep\n|\n|t:|1684087281\n|switch|p2a: Rotom|Rotom-Heat, L50|100\/100\n|turn|5\n|\n|t:|1684087294\n|move|p1b: Palafin|Protect|p1b: Palafin\n|-singleturn|p1b: Palafin|Protect\n|move|p2a: Rotom|Thunderbolt|p1b: Palafin\n|-activate|p1b: Palafin|move: Protect\n|move|p2b: Scizor|Pounce|p1a: Iron Hands\n|-resisted|p1a: Iron Hands\n|-crit|p1a: Iron Hands\n|-damage|p1a: Iron Hands|26\/100\n|-unboost|p1a: Iron Hands|spe|1\n|move|p1a: Iron Hands|Drain Punch|p2b: Scizor\n|-damage|p2b: Scizor|3\/100\n|-heal|p1a: Iron Hands|42\/100|[from] drain|[of] p2b: Scizor\n|\n|upkeep\n|turn|6\n|\n|t:|1684087311\n|-terastallize|p1b: Palafin|Water\n|move|p1b: Palafin|Jet Punch|p2a: Rotom\n|-supereffective|p2a: Rotom\n|-damage|p2a: Rotom|0 fnt\n|faint|p2a: Rotom\n|move|p2b: Scizor|Bullet Punch|p1b: Palafin\n|-resisted|p1b: Palafin\n|-damage|p1b: Palafin|72\/100\n|move|p1a: Iron Hands|Drain Punch|p2b: Scizor\n|-damage|p2b: Scizor|0 fnt\n|-heal|p1a: Iron Hands|43\/100|[from] drain|[of] p2b: Scizor\n|faint|p2b: Scizor\n|\n|win|Clementine23\n|c|\u2606Yeetawheat|gg!\n|c|\u2606Clementine23|ggs\n|l|\u2606Clementine23\n","uploadtime":1684087403,"views":10,"p1id":"clementine23","p2id":"yeetawheat","formatid":"gen9vgc2023regulationc","rating":0,"private":0,"password":""}