{"id":"gen9vgc2023regulationc-1863838200","p1":"Ichiban0","p2":"jayballester","format":"[Gen 9] VGC 2023 Regulation C","log":"|j|\u2606Ichiban0\n|j|\u2606jayballester\n|t:|1684083829\n|gametype|doubles\n|player|p1|Ichiban0|2|\n|player|p2|jayballester|riley|\n|teamsize|p1|6\n|teamsize|p2|6\n|gen|9\n|tier|[Gen 9] VGC 2023 Regulation C\n|rule|Species Clause: Limit one of each Pok\u00e9mon\n|rule|Item Clause: Limit one of each item\n|clearpoke\n|poke|p1|Fletchling, L50, F|\n|poke|p1|Hydreigon, L50, M|\n|poke|p1|Gardevoir, L50, M|\n|poke|p1|Palafin, L50, M|\n|poke|p1|Amoonguss, L50, F|\n|poke|p1|Arcanine, L50, M|\n|poke|p2|Great Tusk, L50|\n|poke|p2|Volcarona, L50, M|\n|poke|p2|Salamence, L50, F|\n|poke|p2|Oranguru, L50, F|\n|poke|p2|Murkrow, L50, M|\n|poke|p2|Sylveon, L50, F|\n|teampreview|4\n|\n|t:|1684083855\n|start\n|switch|p1a: Gardevoir|Gardevoir, L50, M|100\/100\n|switch|p1b: Palafin|Palafin, L50, M|100\/100\n|switch|p2a: Mence > Moon|Salamence, L50, F|100\/100\n|switch|p2b: The Donfather|Great Tusk, L50|100\/100\n|-ability|p1a: Gardevoir|Intimidate|boost\n|-unboost|p2a: Mence > Moon|atk|1\n|-fail|p2b: The Donfather|unboost|[from] item: Clear Amulet|[of] p2b: The Donfather\n|-ability|p1a: Gardevoir|Intimidate|[from] ability: Trace|[of] p2a: Mence > Moon\n|-ability|p2a: Mence > Moon|Intimidate|boost\n|-unboost|p1a: Gardevoir|atk|1\n|-unboost|p1b: Palafin|atk|1\n|turn|1\n|j| Jstardude\n|\n|t:|1684083921\n|detailschange|p1b: Palafin|Palafin-Hero, L50, M\n|switch|p1b: Arcanine|Arcanine, L50, M|100\/100\n|-ability|p1b: Arcanine|Intimidate|boost\n|-unboost|p2a: Mence > Moon|atk|1\n|-fail|p2b: The Donfather|unboost|[from] item: Clear Amulet|[of] p2b: The Donfather\n|switch|p2a: Mothra's GF|Volcarona, L50, M|100\/100\n|move|p1a: Gardevoir|Moonblast|p2a: Mothra's GF\n|-resisted|p2a: Mothra's GF\n|-damage|p2a: Mothra's GF|79\/100\n|-unboost|p2a: Mothra's GF|spa|1\n|move|p2b: The Donfather|Headlong Rush|p1a: Gardevoir\n|-damage|p1a: Gardevoir|0 fnt\n|-unboost|p2b: The Donfather|def|1\n|-unboost|p2b: The Donfather|spd|1\n|faint|p1a: Gardevoir\n|\n|upkeep\n|\n|t:|1684083937\n|switch|p1a: Palafin|Palafin-Hero, L50, M|100\/100\n|-activate|p1a: Palafin|ability: Zero to Hero\n|turn|2\n|\n|t:|1684083990\n|-terastallize|p1a: Palafin|Grass\n|-terastallize|p2a: Mothra's GF|Grass\n|move|p2b: The Donfather|Protect|p2b: The Donfather\n|-singleturn|p2b: The Donfather|Protect\n|move|p1a: Palafin|Wave Crash|p2a: Mothra's GF\n|-resisted|p2a: Mothra's GF\n|-damage|p2a: Mothra's GF|32\/100\n|-status|p1a: Palafin|brn|[from] ability: Flame Body|[of] p2a: Mothra's GF\n|-enditem|p1a: Palafin|Lum Berry|[eat]\n|-curestatus|p1a: Palafin|brn|[msg]\n|-enditem|p2a: Mothra's GF|Sitrus Berry|[eat]\n|-heal|p2a: Mothra's GF|57\/100|[from] item: Sitrus Berry\n|-damage|p1a: Palafin|83\/100|[from] Recoil\n|move|p2a: Mothra's GF|Will-O-Wisp|p1a: Palafin\n|-status|p1a: Palafin|brn\n|move|p1b: Arcanine|Will-O-Wisp|p2b: The Donfather\n|-activate|p2b: The Donfather|move: Protect\n|\n|-damage|p1a: Palafin|77\/100 brn|[from] brn\n|upkeep\n|turn|3\n|c|\u2606jayballester|sadge\n|c|\u2606Ichiban0|this\n|c|\u2606Ichiban0|IS BULLSHIT\n|c|\u2606Ichiban0|!dt flame body\n|raw| Flame Body<\/a><\/span> 30% chance a Pokemon making contact with this Pokemon will be burned.<\/span> <\/li> <\/li><\/ul>\n|raw|Gen:<\/font> 3<\/font>\n\n|c|\u2606jayballester|hey I'm not ohkoing Palafin due to that spatk drop\n|c|\u2606Ichiban0|there was a 25 % chance that happened\n|\n|t:|1684084102\n|move|p2a: Mothra's GF|Rage Powder|p2a: Mothra's GF\n|-singleturn|p2a: Mothra's GF|move: Rage Powder\n|move|p1a: Palafin|Bulk Up|p1a: Palafin\n|-boost|p1a: Palafin|atk|1\n|-boost|p1a: Palafin|def|1\n|move|p2b: The Donfather|Headlong Rush|p1b: Arcanine\n|-supereffective|p1b: Arcanine\n|-enditem|p1b: Arcanine|Shuca Berry|[eat]\n|-enditem|p1b: Arcanine|Shuca Berry|[weaken]\n|-damage|p1b: Arcanine|33\/100\n|-unboost|p2b: The Donfather|def|1\n|-unboost|p2b: The Donfather|spd|1\n|move|p1b: Arcanine|Snarl|p2b: The Donfather|[spread] p2a\n|-miss|p1b: Arcanine|p2b: The Donfather\n|-damage|p2a: Mothra's GF|49\/100\n|-unboost|p2a: Mothra's GF|spa|1\n|\n|-damage|p1a: Palafin|71\/100 brn|[from] brn\n|upkeep\n|turn|4\n|\n|t:|1684084130\n|switch|p2a: Mence > Moon|Salamence, L50, F|100\/100\n|-ability|p2a: Mence > Moon|Intimidate|boost\n|-unboost|p1a: Palafin|atk|1\n|-unboost|p1b: Arcanine|atk|1\n|move|p2b: The Donfather|Protect|p2b: The Donfather\n|-singleturn|p2b: The Donfather|Protect\n|move|p1b: Arcanine|Protect|p1b: Arcanine\n|-singleturn|p1b: Arcanine|Protect\n|move|p1a: Palafin|Jet Punch|p2b: The Donfather\n|-activate|p2b: The Donfather|move: Protect\n|\n|-damage|p1a: Palafin|65\/100 brn|[from] brn\n|upkeep\n|turn|5\n|\n|t:|1684084146\n|-end|p2b: The Donfather|Protosynthesis|[silent]\n|switch|p2b: Mothra's GF|Volcarona, L50, M, tera:Grass|49\/100\n|move|p1a: Palafin|Bulk Up|p1a: Palafin\n|-boost|p1a: Palafin|atk|1\n|-boost|p1a: Palafin|def|1\n|move|p2a: Mence > Moon|Dual Wingbeat|p1a: Palafin\n|-supereffective|p1a: Palafin\n|-damage|p1a: Palafin|41\/100 brn\n|-supereffective|p1a: Palafin\n|-damage|p1a: Palafin|16\/100 brn\n|-hitcount|p1a: Palafin|2\n|move|p1b: Arcanine|Will-O-Wisp|p2b: Mothra's GF\n|-status|p2b: Mothra's GF|brn\n|\n|-damage|p1a: Palafin|10\/100 brn|[from] brn\n|-damage|p2b: Mothra's GF|43\/100 brn|[from] brn\n|upkeep\n|turn|6\n|\n|t:|1684084167\n|switch|p2b: The Donfather|Great Tusk, L50|100\/100\n|move|p1a: Palafin|Iron Head|p2a: Mence > Moon\n|-damage|p2a: Mence > Moon|70\/100\n|move|p2a: Mence > Moon|Earthquake|p1a: Palafin|[spread] p2b,p1a,p1b\n|-resisted|p1a: Palafin\n|-supereffective|p1b: Arcanine\n|-damage|p2b: The Donfather|82\/100\n|-damage|p1a: Palafin|3\/100 brn\n|-damage|p1b: Arcanine|0 fnt\n|faint|p1b: Arcanine\n|\n|-heal|p2a: Mence > Moon|76\/100|[from] item: Leftovers\n|-damage|p1a: Palafin|0 fnt|[from] brn\n|faint|p1a: Palafin\n|upkeep\n|\n|t:|1684084175\n|switch|p1b: Amoonguss|Amoonguss, L50, F|100\/100\n|turn|7\n|\n|t:|1684084183\n|move|p2a: Mence > Moon|Dual Wingbeat|p1b: Amoonguss\n|-supereffective|p1b: Amoonguss\n|-damage|p1b: Amoonguss|58\/100\n|-supereffective|p1b: Amoonguss\n|-damage|p1b: Amoonguss|16\/100\n|-hitcount|p1b: Amoonguss|2\n|move|p2b: The Donfather|Headlong Rush|p1b: Amoonguss\n|-damage|p1b: Amoonguss|0 fnt\n|-unboost|p2b: The Donfather|def|1\n|-unboost|p2b: The Donfather|spd|1\n|faint|p1b: Amoonguss\n|\n|win|jayballester\n|c|\u2606jayballester|ggs sry for that burn\n|c|\u2606Ichiban0|im so done\n|c|\u2606Ichiban0|BRUV I WAS WINNING\n|c|\u2606Ichiban0|this is so annoying\n|c|\u2606Ichiban0|man\n|c|\u2606jayballester|winning is a brad term\n|c|\u2606jayballester|I still had two full mons\n|c|\u2606jayballester|broad*\n","uploadtime":1684084249,"views":18,"p1id":"ichiban0","p2id":"jayballester","formatid":"gen9vgc2023regulationc","rating":0,"private":0,"password":""}