{"id":"gen9vgc2023regulationc-1857428709","p1":"Windows11Goated","p2":"Caspereq","format":"[Gen 9] VGC 2023 Regulation C","log":"|j|\u2606Windows11Goated\n|j|\u2606Caspereq\n|t:|1683191664\n|gametype|doubles\n|player|p1|Windows11Goated|265|1110\n|player|p2|Caspereq|biker|1202\n|teamsize|p1|6\n|teamsize|p2|6\n|gen|9\n|tier|[Gen 9] VGC 2023 Regulation C\n|rated|\n|rule|Species Clause: Limit one of each Pok\u00e9mon\n|rule|Item Clause: Limit one of each item\n|clearpoke\n|poke|p1|Iron Bundle, L50|\n|poke|p1|Abomasnow, L50, F|\n|poke|p1|Talonflame, L50, F|\n|poke|p1|Great Tusk, L50|\n|poke|p1|Flutter Mane, L50|\n|poke|p1|Arcanine, L50, F|\n|poke|p2|Talonflame, L50, M|\n|poke|p2|Ting-Lu, L50|\n|poke|p2|Cetitan, L50, M|\n|poke|p2|Arcanine, L50, M|\n|poke|p2|Flutter Mane, L50|\n|poke|p2|Abomasnow, L50, M|\n|teampreview|4\n|inactive|Battle timer is ON: inactive players will automatically lose when time's up. (requested by Caspereq)\nWindows11Goated has agreed to open team sheets.\nCaspereq has agreed to open team sheets.\n|inactive|Windows11Goated has 60 seconds left.\n|inactive|Caspereq has 60 seconds left.\n|inactive|Windows11Goated has 30 seconds left.\n|\n|t:|1683191728\n|start\n|switch|p1a: Great Tusk|Great Tusk, L50|100\/100\n|switch|p1b: Talonflame|Talonflame, L50, F|100\/100\n|switch|p2a: Cetitan|Cetitan, L50, M, shiny|100\/100\n|switch|p2b: Talonflame|Talonflame, L50, M, shiny|100\/100\n|turn|1\n|inactive|Caspereq has 30 seconds left.\n|inactive|Caspereq has 20 seconds left.\n|inactive|Caspereq has 15 seconds left.\n|inactive|Caspereq has 10 seconds left.\n|inactive|Caspereq has 5 seconds left.\n|\n|t:|1683191779\n|-terastallize|p2a: Cetitan|Water\n|move|p1a: Great Tusk|Protect|p1a: Great Tusk\n|-singleturn|p1a: Great Tusk|Protect\n|move|p1b: Talonflame|Tailwind|p1b: Talonflame\n|-sidestart|p1: Windows11Goated|move: Tailwind\n|move|p2b: Talonflame|Tailwind|p2b: Talonflame\n|-sidestart|p2: Caspereq|move: Tailwind\n|move|p2a: Cetitan|Liquidation|p1a: Great Tusk\n|-activate|p1a: Great Tusk|move: Protect\n|\n|upkeep\n|turn|2\n|\n|t:|1683191803\n|-end|p1a: Great Tusk|Protosynthesis|[silent]\n|switch|p1a: Iron Bundle|Iron Bundle, L50|100\/100\n|-enditem|p1a: Iron Bundle|Booster Energy\n|-activate|p1a: Iron Bundle|ability: Quark Drive|[fromitem]\n|-start|p1a: Iron Bundle|quarkdrivespe\n|move|p1b: Talonflame|Brave Bird|p2b: Talonflame\n|-damage|p2b: Talonflame|19\/100\n|-damage|p1b: Talonflame|73\/100|[from] Recoil\n|move|p2b: Talonflame|Will-O-Wisp|p1a: Iron Bundle\n|-status|p1a: Iron Bundle|brn\n|move|p2a: Cetitan|Liquidation|p1b: Talonflame\n|-supereffective|p1b: Talonflame\n|-damage|p1b: Talonflame|0 fnt\n|faint|p1b: Talonflame\n|\n|-damage|p1a: Iron Bundle|94\/100 brn|[from] brn\n|upkeep\n|\n|t:|1683191821\n|switch|p1b: Flutter Mane|Flutter Mane, L50|100\/100\n|turn|3\n|\n|t:|1683191837\n|switch|p2b: Ting-Lu|Ting-Lu, L50|100\/100\n|-ability|p2b: Ting-Lu|Vessel of Ruin\n|move|p1a: Iron Bundle|Freeze-Dry|p2a: Cetitan\n|-supereffective|p2a: Cetitan\n|-damage|p2a: Cetitan|39\/100\n|move|p1b: Flutter Mane|Dazzling Gleam|p2a: Cetitan|[spread] p2a,p2b\n|-supereffective|p2b: Ting-Lu\n|-damage|p2a: Cetitan|0 fnt\n|-damage|p2b: Ting-Lu|71\/100\n|faint|p2a: Cetitan\n|\n|-damage|p1a: Iron Bundle|88\/100 brn|[from] brn\n|upkeep\n|\n|t:|1683191851\n|switch|p2a: Flutter Mane|Flutter Mane, L50, shiny|100\/100\n|turn|4\n|inactive|Windows11Goated has 30 seconds left.\n|\n|t:|1683191880\n|move|p1a: Iron Bundle|Protect|p1a: Iron Bundle\n|-singleturn|p1a: Iron Bundle|Protect\n|move|p2a: Flutter Mane|Thunderbolt|p1a: Iron Bundle\n|-activate|p1a: Iron Bundle|move: Protect\n|move|p1b: Flutter Mane|Dazzling Gleam|p2b: Ting-Lu|[spread] p2a,p2b\n|-supereffective|p2b: Ting-Lu\n|-damage|p2a: Flutter Mane|65\/100\n|-damage|p2b: Ting-Lu|38\/100\n|move|p2b: Ting-Lu|Heavy Slam|p1b: Flutter Mane\n|-supereffective|p1b: Flutter Mane\n|-damage|p1b: Flutter Mane|0 fnt\n|faint|p1b: Flutter Mane\n|-end|p1b: Flutter Mane|Protosynthesis|[silent]\n|\n|-damage|p1a: Iron Bundle|82\/100 brn|[from] brn\n|-sideend|p2: Caspereq|move: Tailwind\n|-sideend|p1: Windows11Goated|move: Tailwind\n|upkeep\n|\n|t:|1683191888\n|switch|p1b: Great Tusk|Great Tusk, L50|100\/100\n|turn|5\n|inactive|Windows11Goated has 30 seconds left.\n|inactive|Windows11Goated has 20 seconds left.\n|inactive|Windows11Goated has 15 seconds left.\n|inactive|Windows11Goated has 10 seconds left.\n|\n|t:|1683191937\n|-terastallize|p1a: Iron Bundle|Ghost\n|move|p1a: Iron Bundle|Hydro Pump|p2b: Ting-Lu|[miss]\n|-miss|p1a: Iron Bundle|p2b: Ting-Lu\n|move|p2a: Flutter Mane|Thunderbolt|p1a: Iron Bundle\n|-damage|p1a: Iron Bundle|10\/100 brn\n|move|p1b: Great Tusk|Headlong Rush|p2a: Flutter Mane\n|-damage|p2a: Flutter Mane|0 fnt\n|-unboost|p1b: Great Tusk|def|1\n|-unboost|p1b: Great Tusk|spd|1\n|faint|p2a: Flutter Mane\n|-end|p2a: Flutter Mane|Protosynthesis|[silent]\n|-damage|p1b: Great Tusk|91\/100|[from] item: Life Orb\n|move|p2b: Ting-Lu|Ruination|p1b: Great Tusk\n|-damage|p1b: Great Tusk|46\/100\n|\n|-damage|p1a: Iron Bundle|4\/100 brn|[from] brn\n|upkeep\n|\n|t:|1683191953\n|switch|p2a: Talonflame|Talonflame, L50, M, shiny|19\/100\n|turn|6\n|inactive|Caspereq has 30 seconds left.\n|inactive|Caspereq has 20 seconds left.\n|\n|t:|1683191989\n|move|p1a: Iron Bundle|Freeze-Dry|p2a: Talonflame\n|-damage|p2a: Talonflame|0 fnt\n|faint|p2a: Talonflame\n|move|p1b: Great Tusk|Close Combat|p2b: Ting-Lu\n|-supereffective|p2b: Ting-Lu\n|-damage|p2b: Ting-Lu|0 fnt\n|-unboost|p1b: Great Tusk|def|1\n|-unboost|p1b: Great Tusk|spd|1\n|faint|p2b: Ting-Lu\n|-damage|p1b: Great Tusk|36\/100|[from] item: Life Orb\n|\n|win|Windows11Goated\n|raw|Windows11Goated's rating: 1110 → 1141<\/strong> (+31 for winning)\n|raw|Caspereq's rating: 1202 → 1171<\/strong> (-31 for losing)\n|c|\u2606Windows11Goated|gg\n|l|\u2606Caspereq\n","uploadtime":1683192000,"views":9,"p1id":"windows11goated","p2id":"caspereq","formatid":"gen9vgc2023regulationc","rating":1141,"private":0,"password":""}