{"id":"gen9vgc2023regulationc-1863894928","p1":"Marcello_del","p2":"wackomarko","format":"[Gen 9] VGC 2023 Regulation C","log":"|j|\u2606Marcello_del\n|j|\u2606wackomarko\n|t:|1684090475\n|gametype|doubles\n|player|p1|Marcello_del|camper|1034\n|player|p2|wackomarko|hiker-gen4|1134\n|teamsize|p1|6\n|teamsize|p2|6\n|gen|9\n|tier|[Gen 9] VGC 2023 Regulation C\n|rated|\n|rule|Species Clause: Limit one of each Pok\u00e9mon\n|rule|Item Clause: Limit one of each item\n|clearpoke\n|poke|p1|Hawlucha, L50, M|\n|poke|p1|Indeedee-F, L50, F|\n|poke|p1|Armarouge, L50, M|\n|poke|p1|Dachsbun, L50, M|\n|poke|p1|Gyarados, L50, M|\n|poke|p1|Vivillon-Fancy, L50, F|\n|poke|p2|Talonflame, L50, M|\n|poke|p2|Amoonguss, L50, F|\n|poke|p2|Flutter Mane, L50|\n|poke|p2|Chien-Pao, L50|\n|poke|p2|Gyarados, L50, M|\n|poke|p2|Dragapult, L50, F|\n|teampreview|4\nwackomarko has agreed to open team sheets.\n|\n|t:|1684090521\n|start\n|switch|p1a: Vivillon|Vivillon-Fancy, L50, F|100\/100\n|switch|p1b: Armarouge|Armarouge, L50, M, shiny|100\/100\n|switch|p2a: Chien-Pao|Chien-Pao, L50|100\/100\n|switch|p2b: Flutter Mane|Flutter Mane, L50, shiny|100\/100\n|-ability|p2a: Chien-Pao|Sword of Ruin\n|turn|1\n|inactive|Battle timer is ON: inactive players will automatically lose when time's up. (requested by wackomarko)\n|inactive|wackomarko has 60 seconds left.\n|inactive|Marcello_del has 60 seconds left.\n|inactive|Marcello_del has 30 seconds left.\n|\n|t:|1684090594\n|-terastallize|p1b: Armarouge|Grass\n|move|p2a: Chien-Pao|Ice Spinner|p1a: Vivillon\n|-supereffective|p1a: Vivillon\n|-enditem|p1a: Vivillon|Focus Sash\n|-damage|p1a: Vivillon|1\/100\n|move|p2b: Flutter Mane|Shadow Ball|p1b: Armarouge\n|-damage|p1b: Armarouge|55\/100\n|-damage|p2b: Flutter Mane|91\/100|[from] item: Life Orb\n|move|p1a: Vivillon|U-turn|p2a: Chien-Pao\n|-supereffective|p2a: Chien-Pao\n|-damage|p2a: Chien-Pao|66\/100\n|\n|t:|1684090608\n|switch|p1a: Indeedee|Indeedee-F, L50, F|100\/100|[from] U-turn\n|-fieldstart|move: Psychic Terrain|[from] ability: Psychic Surge|[of] p1a: Indeedee\n|move|p1b: Armarouge|Expanding Force|p2b: Flutter Mane|[spread] p2b\n|-immune|p2a: Chien-Pao\n|-damage|p2b: Flutter Mane|31\/100\n|\n|upkeep\n|turn|2\n|\n|t:|1684090631\n|move|p1a: Indeedee|Follow Me|p1a: Indeedee\n|-singleturn|p1a: Indeedee|move: Follow Me\n|move|p2a: Chien-Pao|Ice Spinner|p1a: Indeedee\n|-damage|p1a: Indeedee|46\/100\n|-fieldend|move: Psychic Terrain\n|move|p2b: Flutter Mane|Dazzling Gleam|p1b: Armarouge|[spread] p1a,p1b\n|-damage|p1a: Indeedee|7\/100\n|-damage|p1b: Armarouge|9\/100\n|-damage|p2b: Flutter Mane|22\/100|[from] item: Life Orb\n|move|p1b: Armarouge|Lava Plume|p2b: Flutter Mane|[spread] p1a,p2a,p2b\n|-supereffective|p2a: Chien-Pao\n|-damage|p1a: Indeedee|0 fnt\n|-damage|p2a: Chien-Pao|0 fnt\n|-damage|p2b: Flutter Mane|0 fnt\n|faint|p1a: Indeedee\n|faint|p2a: Chien-Pao\n|faint|p2b: Flutter Mane\n|-end|p2b: Flutter Mane|Protosynthesis|[silent]\n|\n|upkeep\n|\n|t:|1684090647\n|switch|p2a: Gyarados|Gyarados, L50, M, shiny|100\/100\n|switch|p2b: Dragapult|Dragapult, L50, F, shiny|100\/100\n|switch|p1a: Vivillon|Vivillon-Fancy, L50, F|1\/100\n|-ability|p2a: Gyarados|Intimidate|boost\n|-unboost|p1a: Vivillon|atk|1\n|-unboost|p1b: Armarouge|atk|1\n|turn|3\n|inactive|wackomarko has 30 seconds left.\n|\n|t:|1684090680\n|-terastallize|p2b: Dragapult|Dragon\n|move|p1b: Armarouge|Wide Guard|p1b: Armarouge\n|-singleturn|p1b: Armarouge|Wide Guard\n|move|p2b: Dragapult|Phantom Force||[still]\n|-prepare|p2b: Dragapult|Phantom Force\n|move|p1a: Vivillon|Sleep Powder|p2b: Dragapult|[miss]\n|-miss|p1a: Vivillon|p2b: Dragapult\n|move|p2a: Gyarados|Ice Fang|p1a: Vivillon\n|-supereffective|p1a: Vivillon\n|-damage|p1a: Vivillon|0 fnt\n|faint|p1a: Vivillon\n|\n|upkeep\n|\n|t:|1684090691\n|switch|p1a: Hawlucha|Hawlucha, L50, M, shiny|100\/100\n|turn|4\n|\n|t:|1684090704\n|move|p2b: Dragapult|Phantom Force|p1b: Armarouge|[from]lockedmove\n|-damage|p1b: Armarouge|0 fnt\n|faint|p1b: Armarouge\n|move|p1a: Hawlucha|Swords Dance|p1a: Hawlucha\n|-boost|p1a: Hawlucha|atk|2\n|move|p2a: Gyarados|Ice Fang|p1a: Hawlucha\n|-supereffective|p1a: Hawlucha\n|-damage|p1a: Hawlucha|34\/100\n|\n|upkeep\n|turn|5\n|\n|t:|1684090719\n|move|p2b: Dragapult|Phantom Force||[still]\n|-prepare|p2b: Dragapult|Phantom Force\n|move|p1a: Hawlucha|Flying Press|p2a: Gyarados\n|-resisted|p2a: Gyarados\n|-damage|p2a: Gyarados|47\/100\n|move|p2a: Gyarados|Ice Fang|p1a: Hawlucha|[miss]\n|-miss|p2a: Gyarados|p1a: Hawlucha\n|\n|upkeep\n|turn|6\n|c|\u2606wackomarko|gg\n|\n|t:|1684090730\n|move|p2b: Dragapult|Phantom Force|p1a: Hawlucha|[from]lockedmove\n|-damage|p1a: Hawlucha|0 fnt\n|faint|p1a: Hawlucha\n|\n|win|wackomarko\n|raw|Marcello_del's rating: 1034 → 1023<\/strong> (-11 for losing)\n|raw|wackomarko's rating: 1134 → 1152<\/strong> (+18 for winning)\n|l|\u2606Marcello_del\n","uploadtime":1684090737,"views":5,"p1id":"marcellodel","p2id":"wackomarko","formatid":"gen9vgc2023regulationc","rating":1023,"private":0,"password":""}