{"id":"gen9vgc2023regulationc-1851111145","p1":"Insertable194","p2":"Hansusu","format":"[Gen 9] VGC 2023 Regulation C","log":"|j|\u2606Insertable194\n|j|\u2606Hansusu\n|t:|1682411102\n|gametype|doubles\n|player|p1|Insertable194|169|1429\n|player|p2|Hansusu|caitlin|1405\n|teamsize|p1|6\n|teamsize|p2|6\n|gen|9\n|tier|[Gen 9] VGC 2023 Regulation C\n|rated|\n|rule|Species Clause: Limit one of each Pok\u00e9mon\n|rule|Item Clause: Limit one of each item\n|clearpoke\n|poke|p1|Talonflame, L50, M|\n|poke|p1|Dragapult, L50, F|\n|poke|p1|Flutter Mane, L50|\n|poke|p1|Chien-Pao, L50|\n|poke|p1|Farigiraf, L50, F|\n|poke|p1|Chi-Yu, L50|\n|poke|p2|Flutter Mane, L50|\n|poke|p2|Ting-Lu, L50|\n|poke|p2|Arcanine, L50, F|\n|poke|p2|Amoonguss, L50, F|\n|poke|p2|Chien-Pao, L50|\n|poke|p2|Dragapult, L50, M|\n|teampreview|4\nInsertable194 has agreed to open team sheets.\n|inactive|Battle timer is ON: inactive players will automatically lose when time's up. (requested by Insertable194)\n|\n|t:|1682411139\n|start\n|switch|p1a: Talonflame|Talonflame, L50, M|100\/100\n|switch|p1b: Flutter Mane|Flutter Mane, L50|100\/100\n|switch|p2a: Chien-Pao|Chien-Pao, L50|100\/100\n|switch|p2b: Dragapult|Dragapult, L50, M|100\/100\n|-ability|p2a: Chien-Pao|Sword of Ruin\n|turn|1\n|inactive|Insertable194 has 30 seconds left.\n|\n|t:|1682411164\n|-terastallize|p2b: Dragapult|Fire\n|move|p2a: Chien-Pao|Sucker Punch|p1b: Flutter Mane\n|-damage|p1b: Flutter Mane|10\/100\n|move|p1a: Talonflame|Tailwind|p1a: Talonflame\n|-sidestart|p1: Insertable194|move: Tailwind\n|move|p1b: Flutter Mane|Dazzling Gleam|p2b: Dragapult|[spread] p2a,p2b\n|-supereffective|p2a: Chien-Pao\n|-resisted|p2b: Dragapult\n|-enditem|p2a: Chien-Pao|Focus Sash\n|-damage|p2a: Chien-Pao|1\/100\n|-damage|p2b: Dragapult|61\/100\n|move|p2b: Dragapult|Dragon Darts|p1a: Talonflame\n|-damage|p1a: Talonflame|20\/100\n|-anim|p2b: Dragapult|Dragon Darts|p1a: Talonflame\n|-damage|p1a: Talonflame|0 fnt\n|faint|p1a: Talonflame\n|\n|upkeep\n|\n|t:|1682411181\n|switch|p1a: Chien-Pao|Chien-Pao, L50|100\/100\n|-ability|p1a: Chien-Pao|Sword of Ruin\n|turn|2\n|\n|t:|1682411201\n|-end|p1b: Flutter Mane|Protosynthesis|[silent]\n|switch|p1b: Dragapult|Dragapult, L50, F|100\/100\n|-terastallize|p1a: Chien-Pao|Dark\n|move|p2a: Chien-Pao|Protect|p2a: Chien-Pao\n|-singleturn|p2a: Chien-Pao|Protect\n|move|p1a: Chien-Pao|Sucker Punch|p2b: Dragapult\n|-damage|p2b: Dragapult|0 fnt\n|faint|p2b: Dragapult\n|\n|upkeep\n|\n|t:|1682411211\n|switch|p2b: Arcanine|Arcanine, L50, F|100\/100\n|-ability|p2b: Arcanine|Intimidate|boost\n|-unboost|p1a: Chien-Pao|atk|1\n|-fail|p1b: Dragapult|unboost|[from] ability: Clear Body|[of] p1b: Dragapult\n|turn|3\n|\n|t:|1682411223\n|move|p1a: Chien-Pao|Sucker Punch|p2a: Chien-Pao\n|-resisted|p2a: Chien-Pao\n|-damage|p2a: Chien-Pao|0 fnt\n|faint|p2a: Chien-Pao\n|move|p1b: Dragapult|Dragon Darts|p2b: Arcanine\n|-damage|p2b: Arcanine|53\/100\n|-anim|p1b: Dragapult|Dragon Darts|p2b: Arcanine\n|-damage|p2b: Arcanine|2\/100\n|move|p2b: Arcanine|Will-O-Wisp|p1a: Chien-Pao\n|-status|p1a: Chien-Pao|brn\n|\n|-damage|p1a: Chien-Pao|95\/100 brn|[from] brn\n|upkeep\n|\n|t:|1682411235\n|switch|p2a: Flutter Mane|Flutter Mane, L50|100\/100\n|-enditem|p2a: Flutter Mane|Booster Energy\n|-activate|p2a: Flutter Mane|ability: Protosynthesis|[fromitem]\n|-start|p2a: Flutter Mane|protosynthesisspa\n|turn|4\n|inactive|Insertable194 has 30 seconds left.\n|\n|t:|1682411261\n|switch|p1b: Flutter Mane|Flutter Mane, L50|10\/100\n|move|p2b: Arcanine|Protect|p2b: Arcanine\n|-singleturn|p2b: Arcanine|Protect\n|move|p1a: Chien-Pao|Sucker Punch||[still]\n|-fail|p1a: Chien-Pao\n|move|p2a: Flutter Mane|Dazzling Gleam|p1a: Chien-Pao|[spread] p1a,p1b\n|-supereffective|p1a: Chien-Pao\n|-damage|p1a: Chien-Pao|0 fnt\n|-damage|p1b: Flutter Mane|0 fnt\n|faint|p1a: Chien-Pao\n|faint|p1b: Flutter Mane\n|-end|p1b: Flutter Mane|Protosynthesis|[silent]\n|\n|-sideend|p1: Insertable194|move: Tailwind\n|upkeep\n|\n|t:|1682411270\n|switch|p1b: Dragapult|Dragapult, L50, F|100\/100\n|turn|5\n|\n|t:|1682411282\n|move|p1b: Dragapult|Phantom Force||[still]\n|-prepare|p1b: Dragapult|Phantom Force\n|move|p2a: Flutter Mane|Moonblast|p1b: Dragapult|[miss]\n|-miss|p2a: Flutter Mane|p1b: Dragapult\n|move|p2b: Arcanine|Will-O-Wisp|p1b: Dragapult|[miss]\n|-miss|p2b: Arcanine|p1b: Dragapult\n|\n|upkeep\n|turn|6\n|\n|t:|1682411294\n|move|p1b: Dragapult|Phantom Force|p2a: Flutter Mane|[from]lockedmove\n|-supereffective|p2a: Flutter Mane\n|-damage|p2a: Flutter Mane|0 fnt\n|faint|p2a: Flutter Mane\n|-end|p2a: Flutter Mane|Protosynthesis|[silent]\n|move|p2b: Arcanine|Will-O-Wisp|p1b: Dragapult\n|-status|p1b: Dragapult|brn\n|\n|-damage|p1b: Dragapult|94\/100 brn|[from] brn\n|upkeep\n|turn|7\n|-message|Hansusu forfeited.\n|\n|win|Insertable194\n|raw|Insertable194's rating: 1429 → 1448<\/strong> (+19 for winning)\n|raw|Hansusu's rating: 1405 → 1386<\/strong> (-19 for losing)\n|l|\u2606Hansusu\n","uploadtime":1682411308,"views":8,"p1id":"insertable194","p2id":"hansusu","formatid":"gen9vgc2023regulationc","rating":1386,"private":0,"password":""}