{"id":"gen9vgc2023regulationc-1862290967","p1":"Nehzzy","p2":"zessozessozesso","format":"[Gen 9] VGC 2023 Regulation C","log":"|j|\u2606Nehzzy\n|j|\u2606zessozessozesso\n|t:|1683860537\n|gametype|doubles\n|player|p1|Nehzzy|265|1310\n|player|p2|zessozessozesso|102|1198\n|teamsize|p1|6\n|teamsize|p2|6\n|gen|9\n|tier|[Gen 9] VGC 2023 Regulation C\n|rated|\n|rule|Species Clause: Limit one of each Pok\u00e9mon\n|rule|Item Clause: Limit one of each item\n|clearpoke\n|poke|p1|Amoonguss, L50, M|\n|poke|p1|Gyarados, L50, M|\n|poke|p1|Murkrow, L50, M|\n|poke|p1|Great Tusk, L50|\n|poke|p1|Flutter Mane, L50|\n|poke|p1|Gholdengo, L50|\n|poke|p2|Flutter Mane, L50|\n|poke|p2|Ting-Lu, L50|\n|poke|p2|Iron Bundle, L50|\n|poke|p2|Palafin, L50, F|\n|poke|p2|Arcanine, L50, M|\n|poke|p2|Amoonguss, L50, M|\n|teampreview|4\n|inactive|Battle timer is ON: inactive players will automatically lose when time's up. (requested by zessozessozesso)\nNehzzy has agreed to open team sheets.\n|inactive|zessozessozesso has 60 seconds left.\n|\n|t:|1683860589\n|start\n|switch|p1a: Murkrow|Murkrow, L50, M|100\/100\n|switch|p1b: Gholdengo|Gholdengo, L50|100\/100\n|switch|p2a: Iron Bundle|Iron Bundle, L50|100\/100\n|switch|p2b: Arcanine|Arcanine, L50, M|100\/100\n|-ability|p2b: Arcanine|Intimidate|boost\n|-unboost|p1a: Murkrow|atk|1\n|-unboost|p1b: Gholdengo|atk|1\n|-enditem|p2a: Iron Bundle|Booster Energy\n|-activate|p2a: Iron Bundle|ability: Quark Drive|[fromitem]\n|-start|p2a: Iron Bundle|quarkdrivespe\n|turn|1\n|inactive|Nehzzy has 30 seconds left.\n|\n|t:|1683860617\n|move|p2a: Iron Bundle|Protect|p2a: Iron Bundle\n|-singleturn|p2a: Iron Bundle|Protect\n|move|p1b: Gholdengo|Protect|p1b: Gholdengo\n|-singleturn|p1b: Gholdengo|Protect\n|move|p2b: Arcanine|Snarl|p1b: Gholdengo|[spread] p1a\n|-activate|p1b: Gholdengo|move: Protect\n|-resisted|p1a: Murkrow\n|-damage|p1a: Murkrow|97\/100\n|-unboost|p1a: Murkrow|spa|1\n|move|p1a: Murkrow|Foul Play|p2b: Arcanine\n|-damage|p2b: Arcanine|62\/100\n|\n|upkeep\n|turn|2\n|inactive|zessozessozesso has 30 seconds left.\n|\n|t:|1683860647\n|move|p1a: Murkrow|Tailwind|p1a: Murkrow\n|-sidestart|p1: Nehzzy|move: Tailwind\n|move|p2a: Iron Bundle|Icy Wind|p1b: Gholdengo|[spread] p1a,p1b\n|-supereffective|p1a: Murkrow\n|-resisted|p1b: Gholdengo\n|-damage|p1a: Murkrow|67\/100\n|-damage|p1b: Gholdengo|93\/100\n|-unboost|p1a: Murkrow|spe|1\n|-unboost|p1b: Gholdengo|spe|1\n|move|p1b: Gholdengo|Make It Rain|p2a: Iron Bundle|[spread] p2a,p2b\n|-resisted|p2b: Arcanine\n|-damage|p2a: Iron Bundle|17\/100\n|-damage|p2b: Arcanine|39\/100\n|-unboost|p1b: Gholdengo|spa|1\n|move|p2b: Arcanine|Flare Blitz|p1b: Gholdengo\n|-supereffective|p1b: Gholdengo\n|-damage|p1b: Gholdengo|0 fnt\n|faint|p1b: Gholdengo\n|-damage|p2b: Arcanine|8\/100|[from] Recoil\n|\n|upkeep\n|\n|t:|1683860663\n|switch|p1b: Great Tusk|Great Tusk, L50|100\/100\n|turn|3\n|\n|t:|1683860683\n|-terastallize|p2b: Arcanine|Flying\n|move|p2a: Iron Bundle|Protect|p2a: Iron Bundle\n|-singleturn|p2a: Iron Bundle|Protect\n|move|p1a: Murkrow|Sunny Day|p1a: Murkrow\n|-weather|SunnyDay\n|-activate|p1b: Great Tusk|ability: Protosynthesis\n|-start|p1b: Great Tusk|protosynthesisatk\n|move|p1b: Great Tusk|Earthquake|p2b: Arcanine|[spread] \n|-activate|p2a: Iron Bundle|move: Protect\n|-immune|p1a: Murkrow\n|-immune|p2b: Arcanine\n|move|p2b: Arcanine|Will-O-Wisp|p1b: Great Tusk|[miss]\n|-miss|p2b: Arcanine|p1b: Great Tusk\n|\n|-weather|SunnyDay|[upkeep]\n|upkeep\n|turn|4\n|inactive|Nehzzy has 30 seconds left.\n|inactive|zessozessozesso has 30 seconds left.\n|\n|t:|1683860709\n|-end|p1b: Great Tusk|Protosynthesis|[silent]\n|switch|p1b: Flutter Mane|Flutter Mane, L50|100\/100\n|-activate|p1b: Flutter Mane|ability: Protosynthesis\n|-start|p1b: Flutter Mane|protosynthesisspa\n|-end|p2a: Iron Bundle|Quark Drive|[silent]\n|switch|p2a: Ting-Lu|Ting-Lu, L50|100\/100\n|-ability|p2a: Ting-Lu|Vessel of Ruin\n|move|p2b: Arcanine|Protect|p2b: Arcanine\n|-singleturn|p2b: Arcanine|Protect\n|move|p1a: Murkrow|Foul Play|p2b: Arcanine\n|-activate|p2b: Arcanine|move: Protect\n|\n|-weather|SunnyDay|[upkeep]\n|upkeep\n|turn|5\n|inactive|Nehzzy has 30 seconds left.\n|inactive|zessozessozesso has 30 seconds left.\n|\n|t:|1683860742\n|-terastallize|p1b: Flutter Mane|Fairy\n|move|p1b: Flutter Mane|Moonblast|p2a: Ting-Lu\n|-supereffective|p2a: Ting-Lu\n|-damage|p2a: Ting-Lu|13\/100\n|-unboost|p2a: Ting-Lu|spa|1\n|move|p1a: Murkrow|Foul Play|p2b: Arcanine\n|-damage|p2b: Arcanine|0 fnt\n|faint|p2b: Arcanine\n|move|p2a: Ting-Lu|Rock Slide|p1b: Flutter Mane|[spread] p1a,p1b\n|-supereffective|p1a: Murkrow\n|-crit|p1a: Murkrow\n|-damage|p1a: Murkrow|5\/100\n|-damage|p1b: Flutter Mane|74\/100\n|\n|-weather|SunnyDay|[upkeep]\n|-sideend|p1: Nehzzy|move: Tailwind\n|upkeep\n|\n|t:|1683860757\n|switch|p2b: Flutter Mane|Flutter Mane, L50|100\/100\n|-activate|p2b: Flutter Mane|ability: Protosynthesis\n|-start|p2b: Flutter Mane|protosynthesisspa\n|turn|6\n|\n|t:|1683860768\n|move|p1a: Murkrow|Tailwind|p1a: Murkrow\n|-sidestart|p1: Nehzzy|move: Tailwind\n|move|p1b: Flutter Mane|Moonblast|p2b: Flutter Mane\n|-damage|p2b: Flutter Mane|0 fnt\n|faint|p2b: Flutter Mane\n|-end|p2b: Flutter Mane|Protosynthesis|[silent]\n|move|p2a: Ting-Lu|Heavy Slam|p1b: Flutter Mane\n|-supereffective|p1b: Flutter Mane\n|-damage|p1b: Flutter Mane|0 fnt\n|faint|p1b: Flutter Mane\n|-end|p1b: Flutter Mane|Protosynthesis|[silent]\n|\n|-weather|SunnyDay|[upkeep]\n|upkeep\n|\n|t:|1683860775\n|switch|p2b: Iron Bundle|Iron Bundle, L50|17\/100\n|switch|p1b: Great Tusk|Great Tusk, L50|100\/100\n|-activate|p1b: Great Tusk|ability: Protosynthesis\n|-start|p1b: Great Tusk|protosynthesisatk\n|turn|7\n|\n|t:|1683860798\n|move|p1b: Great Tusk|Earthquake|p2a: Ting-Lu|[spread] p2a,p2b\n|-immune|p1a: Murkrow\n|-damage|p2a: Ting-Lu|0 fnt\n|-damage|p2b: Iron Bundle|0 fnt\n|faint|p2a: Ting-Lu\n|faint|p2b: Iron Bundle\n|-end|p2b: Iron Bundle|Quark Drive|[silent]\n|\n|win|Nehzzy\n|raw|Nehzzy's rating: 1310 → 1324<\/strong> (+14 for winning)\n|raw|zessozessozesso's rating: 1198 → 1181<\/strong> (-17 for losing)\n|l|\u2606zessozessozesso\n|c|\u2606Nehzzy|gg\n","uploadtime":1683860808,"views":14,"p1id":"nehzzy","p2id":"zessozessozesso","formatid":"gen9vgc2023regulationc","rating":1181,"private":0,"password":""}