{"id":"gen9vgc2023regulationc-1848828977","p1":"Chicken_045","p2":"CheesyCheeserton","format":"[Gen 9] VGC 2023 Regulation C","log":"|j|\u2606Chicken_045\n|j|\u2606CheesyCheeserton\n|t:|1682114893\n|gametype|doubles\n|player|p1|Chicken_045|102|1117\n|player|p2|CheesyCheeserton|penny|1125\n|teamsize|p1|6\n|teamsize|p2|6\n|gen|9\n|tier|[Gen 9] VGC 2023 Regulation C\n|rated|\n|rule|Species Clause: Limit one of each Pok\u00e9mon\n|rule|Item Clause: Limit one of each item\n|clearpoke\n|poke|p1|Chien-Pao, L50|\n|poke|p1|Dragapult, L50, M|\n|poke|p1|Amoonguss, L50, F|\n|poke|p1|Arcanine, L50, M|\n|poke|p1|Azumarill, L50, M|\n|poke|p1|Great Tusk, L50|\n|poke|p2|Tyranitar, L50, F|\n|poke|p2|Glimmora, L50, F|\n|poke|p2|Garchomp, L50, F|\n|poke|p2|Corviknight, L50, F|\n|poke|p2|Arcanine, L50, F|\n|poke|p2|Sandy Shocks, L50|\n|teampreview|4\n|inactive|Battle timer is ON: inactive players will automatically lose when time's up. (requested by Chicken_045)\n|inactive|Chicken_045 has 60 seconds left.\nCheesyCheeserton rejected open team sheets.\n|\n|t:|1682114928\n|start\n|switch|p1a: Chien-Pao|Chien-Pao, L50|100\/100\n|switch|p1b: Great Tusk|Great Tusk, L50|100\/100\n|switch|p2a: Fluffy|Arcanine, L50, F|100\/100\n|switch|p2b: Dill Dough|Sandy Shocks, L50|100\/100\n|-ability|p1a: Chien-Pao|Sword of Ruin\n|-ability|p2a: Fluffy|Intimidate|boost\n|-unboost|p1a: Chien-Pao|atk|1\n|-unboost|p1b: Great Tusk|atk|1\n|-enditem|p2b: Dill Dough|Booster Energy\n|-activate|p2b: Dill Dough|ability: Protosynthesis|[fromitem]\n|-start|p2b: Dill Dough|protosynthesisspe\n|turn|1\n|inactive|Chicken_045 has 30 seconds left.\n|\n|t:|1682114962\n|switch|p1a: Arcanine|Arcanine, L50, M|100\/100\n|-ability|p1a: Arcanine|Intimidate|boost\n|-unboost|p2a: Fluffy|atk|1\n|-unboost|p2b: Dill Dough|atk|1\n|-terastallize|p2b: Dill Dough|Grass\n|-terastallize|p1b: Great Tusk|Ground\n|move|p2b: Dill Dough|Tera Blast|p1b: Great Tusk\n|-supereffective|p1b: Great Tusk\n|-damage|p1b: Great Tusk|0 fnt\n|faint|p1b: Great Tusk\n|-end|p1b: Great Tusk|Protosynthesis|[silent]\n|move|p2a: Fluffy|Close Combat|p1a: Arcanine\n|-damage|p1a: Arcanine|67\/100\n|-unboost|p2a: Fluffy|def|1\n|-unboost|p2a: Fluffy|spd|1\n|\n|upkeep\n|\n|t:|1682114972\n|switch|p1b: Chien-Pao|Chien-Pao, L50|100\/100\n|-ability|p1b: Chien-Pao|Sword of Ruin\n|turn|2\n|\n|t:|1682114984\n|switch|p2a: Noms|Tyranitar, L50, F|100\/100\n|-weather|Sandstorm|[from] ability: Sand Stream|[of] p2a: Noms\n|move|p2b: Dill Dough|Protect|p2b: Dill Dough\n|-singleturn|p2b: Dill Dough|Protect\n|move|p1a: Arcanine|Extreme Speed|p2a: Noms\n|-resisted|p2a: Noms\n|-damage|p2a: Noms|88\/100\n|move|p1b: Chien-Pao|Ice Spinner|p2b: Dill Dough\n|-activate|p2b: Dill Dough|move: Protect\n|\n|-weather|Sandstorm|[upkeep]\n|-damage|p2b: Dill Dough|94\/100|[from] Sandstorm\n|-damage|p1b: Chien-Pao|95\/100|[from] Sandstorm\n|upkeep\n|turn|3\n|\n|t:|1682115004\n|move|p2b: Dill Dough|Thunderbolt|p1b: Chien-Pao\n|-damage|p1b: Chien-Pao|25\/100\n|move|p1b: Chien-Pao|Ice Spinner|p2a: Noms\n|-damage|p2a: Noms|50\/100\n|move|p1a: Arcanine|Flare Blitz|p2b: Dill Dough\n|-supereffective|p2b: Dill Dough\n|-damage|p2b: Dill Dough|0 fnt\n|faint|p2b: Dill Dough\n|-end|p2b: Dill Dough|Protosynthesis|[silent]\n|-damage|p1a: Arcanine|40\/100|[from] Recoil\n|move|p2a: Noms|Power Gem|p1b: Chien-Pao\n|-supereffective|p1b: Chien-Pao\n|-damage|p1b: Chien-Pao|0 fnt\n|faint|p1b: Chien-Pao\n|\n|-weather|Sandstorm|[upkeep]\n|upkeep\n|\n|t:|1682115017\n|switch|p1b: Amoonguss|Amoonguss, L50, F|100\/100\n|switch|p2b: Fluffy|Arcanine, L50, F|100\/100\n|-ability|p2b: Fluffy|Intimidate|boost\n|-unboost|p1a: Arcanine|atk|1\n|-unboost|p1b: Amoonguss|atk|1\n|turn|4\n|\n|t:|1682115029\n|move|p1a: Arcanine|Extreme Speed|p2b: Fluffy\n|-damage|p2b: Fluffy|82\/100\n|move|p2b: Fluffy|Flare Blitz|p1b: Amoonguss\n|-supereffective|p1b: Amoonguss\n|-damage|p1b: Amoonguss|4\/100\n|-status|p1b: Amoonguss|brn\n|-enditem|p1b: Amoonguss|Sitrus Berry|[eat]\n|-heal|p1b: Amoonguss|28\/100 brn|[from] item: Sitrus Berry\n|-damage|p2b: Fluffy|44\/100|[from] Recoil\n|move|p2a: Noms|Ice Beam|p1b: Amoonguss\n|-supereffective|p1b: Amoonguss\n|-damage|p1b: Amoonguss|0 fnt\n|faint|p1b: Amoonguss\n|\n|-weather|Sandstorm|[upkeep]\n|upkeep\n|turn|5\n|\n|t:|1682115048\n|move|p1a: Arcanine|Will-O-Wisp|p2a: Noms|[miss]\n|-miss|p1a: Arcanine|p2a: Noms\n|move|p2b: Fluffy|Close Combat|p1a: Arcanine\n|-damage|p1a: Arcanine|0 fnt\n|-unboost|p2b: Fluffy|def|1\n|-unboost|p2b: Fluffy|spd|1\n|faint|p1a: Arcanine\n|\n|win|CheesyCheeserton\n|raw|Chicken_045's rating: 1117 → 1093<\/strong> (-24 for losing)\n|raw|CheesyCheeserton's rating: 1125 → 1149<\/strong> (+24 for winning)\n|l|\u2606Chicken_045\n","uploadtime":1682115067,"views":9,"p1id":"chicken045","p2id":"cheesycheeserton","formatid":"gen9vgc2023regulationc","rating":1093,"private":0,"password":""}