{"id":"gen9vgc2023regulationc-1861368494","p1":"Dragon Master Rosa","p2":"ComanderChaCha","format":"[Gen 9] VGC 2023 Regulation C","log":"|j|\u2606Dragon Master Rosa\n|j|\u2606ComanderChaCha\n|t:|1683750277\n|gametype|doubles\n|player|p1|Dragon Master Rosa|rosa|1090\n|player|p2|ComanderChaCha|170|1078\n|teamsize|p1|6\n|teamsize|p2|6\n|gen|9\n|tier|[Gen 9] VGC 2023 Regulation C\n|rated|\n|rule|Species Clause: Limit one of each Pok\u00e9mon\n|rule|Item Clause: Limit one of each item\n|clearpoke\n|poke|p1|Ting-Lu, L50|\n|poke|p1|Iron Hands, L50|\n|poke|p1|Flutter Mane, L50|\n|poke|p1|Amoonguss, L50, M|\n|poke|p1|Arcanine, L50, F|\n|poke|p1|Palafin, L50, M|\n|poke|p2|Dondozo, L50, M|\n|poke|p2|Tatsugiri, L50, M|\n|poke|p2|Flamigo, L50, M|\n|poke|p2|Annihilape, L50, M|\n|poke|p2|Cetitan, L50, M|\n|poke|p2|Maushold, L50|\n|teampreview|4\nDragon Master Rosa has agreed to open team sheets.\n|\n|t:|1683750302\n|start\n|switch|p1a: Ting-Lu|Ting-Lu, L50|100\/100\n|switch|p1b: Palafin|Palafin, L50, M|100\/100\n|switch|p2a: Annihilape|Annihilape, L50, M|100\/100\n|switch|p2b: Tatsugiri|Tatsugiri, L50, M|100\/100\n|-ability|p1a: Ting-Lu|Vessel of Ruin\n|turn|1\n|\n|t:|1683750318\n|detailschange|p1b: Palafin|Palafin-Hero, L50, M\n|switch|p1b: Amoonguss|Amoonguss, L50, M|100\/100\n|move|p2b: Tatsugiri|Endure|p2b: Tatsugiri\n|-singleturn|p2b: Tatsugiri|move: Endure\n|move|p2a: Annihilape|Final Gambit|p1a: Ting-Lu\n|-damage|p1a: Ting-Lu|10\/100\n|faint|p2a: Annihilape\n|move|p1a: Ting-Lu|Fissure|p2b: Tatsugiri|[miss]\n|-miss|p1a: Ting-Lu|p2b: Tatsugiri\n|\n|-status|p2b: Tatsugiri|tox|[from] item: Toxic Orb\n|upkeep\n|\n|t:|1683750335\n|switch|p2a: Flamigo|Flamigo, L50, M|100\/100\n|-copyboost|p2a: Flamigo|p2b: Tatsugiri|[from] ability: Costar\n|turn|2\n|\n|t:|1683750351\n|switch|p1a: Palafin|Palafin-Hero, L50, M|100\/100\n|-activate|p1a: Palafin|ability: Zero to Hero\n|move|p2a: Flamigo|Brave Bird|p1b: Amoonguss\n|-supereffective|p1b: Amoonguss\n|-damage|p1b: Amoonguss|20\/100\n|-enditem|p1b: Amoonguss|Sitrus Berry|[eat]\n|-heal|p1b: Amoonguss|45\/100|[from] item: Sitrus Berry\n|-damage|p2a: Flamigo|64\/100|[from] Recoil\n|move|p2b: Tatsugiri|Muddy Water|p1a: Palafin|[spread] p1a\n|-miss|p2b: Tatsugiri|p1b: Amoonguss\n|-resisted|p1a: Palafin\n|-damage|p1a: Palafin|84\/100\n|-unboost|p1a: Palafin|accuracy|1\n|move|p1b: Amoonguss|Spore|p2a: Flamigo\n|-status|p2a: Flamigo|slp|[from] move: Spore\n|\n|-damage|p2b: Tatsugiri|94\/100 tox|[from] psn\n|upkeep\n|turn|3\n|\n|t:|1683750382\n|switch|p2a: Dondozo|Dondozo, L50, M|100\/100\n|-activate|p2b: Tatsugiri|ability: Commander|[of] p2a: Dondozo\n|-boost|p2a: Dondozo|atk|2\n|-boost|p2a: Dondozo|spa|2\n|-boost|p2a: Dondozo|spe|2\n|-boost|p2a: Dondozo|def|2\n|-boost|p2a: Dondozo|spd|2\n|switch|p1a: Iron Hands|Iron Hands, L50|100\/100\n|move|p1b: Amoonguss|Pollen Puff|p1a: Iron Hands\n|-immune|p1a: Iron Hands\n|\n|-damage|p2b: Tatsugiri|82\/100 tox|[from] psn\n|upkeep\n|turn|4\n|\n|t:|1683750406\n|switch|p1b: Ting-Lu|Ting-Lu, L50|10\/100\n|-ability|p1b: Ting-Lu|Vessel of Ruin\n|-terastallize|p2a: Dondozo|Dragon\n|move|p1a: Iron Hands|Fake Out|p2a: Dondozo\n|-damage|p2a: Dondozo|95\/100\n|cant|p2a: Dondozo|flinch\n|\n|-heal|p2a: Dondozo|100\/100|[from] item: Leftovers\n|-damage|p2b: Tatsugiri|63\/100 tox|[from] psn\n|upkeep\n|turn|5\n|\n|t:|1683750421\n|move|p2a: Dondozo|Order Up|p1b: Ting-Lu\n|-damage|p1b: Ting-Lu|0 fnt\n|faint|p1b: Ting-Lu\n|-boost|p2a: Dondozo|atk|1\n|move|p1a: Iron Hands|Ice Punch|p2a: Dondozo\n|-supereffective|p2a: Dondozo\n|-damage|p2a: Dondozo|79\/100\n|-status|p2a: Dondozo|frz\n|\n|-heal|p2a: Dondozo|85\/100 frz|[from] item: Leftovers\n|-damage|p2b: Tatsugiri|38\/100 tox|[from] psn\n|upkeep\n|\n|t:|1683750427\n|switch|p1b: Palafin|Palafin-Hero, L50, M|84\/100\n|turn|6\n|\n|t:|1683750440\n|cant|p2a: Dondozo|frz\n|move|p1b: Palafin|Ice Punch|p2a: Dondozo\n|-supereffective|p2a: Dondozo\n|-damage|p2a: Dondozo|60\/100 frz\n|move|p1a: Iron Hands|Ice Punch|p2a: Dondozo\n|-supereffective|p2a: Dondozo\n|-damage|p2a: Dondozo|39\/100 frz\n|\n|-heal|p2a: Dondozo|45\/100 frz|[from] item: Leftovers\n|-damage|p2b: Tatsugiri|7\/100 tox|[from] psn\n|upkeep\n|turn|7\n|\n|t:|1683750453\n|cant|p2a: Dondozo|frz\n|move|p1b: Palafin|Ice Punch|p2a: Dondozo\n|-supereffective|p2a: Dondozo\n|-damage|p2a: Dondozo|22\/100 frz\n|move|p1a: Iron Hands|Ice Punch|p2a: Dondozo\n|-supereffective|p2a: Dondozo\n|-damage|p2a: Dondozo|0 fnt\n|faint|p2a: Dondozo\n|\n|-damage|p2b: Tatsugiri|0 fnt|[from] psn\n|faint|p2b: Tatsugiri\n|upkeep\n|-message|ComanderChaCha forfeited.\n|\n|win|Dragon Master Rosa\n|raw|Dragon Master Rosa's rating: 1090 → 1116<\/strong> (+26 for winning)\n|raw|ComanderChaCha's rating: 1078 → 1057<\/strong> (-21 for losing)\n|l|\u2606ComanderChaCha\n","uploadtime":1683750469,"views":6,"p1id":"dragonmasterrosa","p2id":"comanderchacha","formatid":"gen9vgc2023regulationc","rating":1057,"private":0,"password":""}