{"id":"gen9vgc2023regulationc-1852208246","p1":"pelukas","p2":"Itaker1ddl1n","format":"[Gen 9] VGC 2023 Regulation C","log":"|j|\u2606pelukas\n|j|\u2606Itaker1ddl1n\n|t:|1682533068\n|gametype|doubles\n|player|p1|pelukas|palmer|1140\n|player|p2|Itaker1ddl1n|2|1113\n|teamsize|p1|6\n|teamsize|p2|6\n|gen|9\n|tier|[Gen 9] VGC 2023 Regulation C\n|rated|\n|rule|Species Clause: Limit one of each Pok\u00e9mon\n|rule|Item Clause: Limit one of each item\n|clearpoke\n|poke|p1|Iron Bundle, L50|\n|poke|p1|Mimikyu, L50, F|\n|poke|p1|Dachsbun, L50, F|\n|poke|p1|Klefki, L50, M|\n|poke|p1|Sylveon, L50, F|\n|poke|p1|Iron Valiant, L50|\n|poke|p2|Gholdengo, L50|\n|poke|p2|Chi-Yu, L50|\n|poke|p2|Flutter Mane, L50|\n|poke|p2|Baxcalibur, L50, F|\n|poke|p2|Gyarados, L50, M|\n|poke|p2|Iron Hands, L50|\n|teampreview|4\npelukas has agreed to open team sheets.\n|\n|t:|1682533097\n|start\n|switch|p1a: Klefki|Klefki, L50, M|100\/100\n|switch|p1b: Mimikyu|Mimikyu, L50, F|100\/100\n|switch|p2a: Iron Hands|Iron Hands, L50|100\/100\n|switch|p2b: Gholdengo|Gholdengo, L50|100\/100\n|turn|1\n|\n|t:|1682533124\n|switch|p2b: Gyarados|Gyarados, L50, M|100\/100\n|-ability|p2b: Gyarados|Intimidate|boost\n|-unboost|p1a: Klefki|atk|1\n|-unboost|p1b: Mimikyu|atk|1\n|move|p2a: Iron Hands|Fake Out|p1a: Klefki\n|-resisted|p1a: Klefki\n|-damage|p1a: Klefki|94\/100\n|cant|p1a: Klefki|flinch\n|move|p1b: Mimikyu|Swords Dance|p1b: Mimikyu\n|-boost|p1b: Mimikyu|atk|2\n|\n|upkeep\n|turn|2\n|inactive|Battle timer is ON: inactive players will automatically lose when time's up. (requested by pelukas)\n|\n|t:|1682533149\n|move|p1a: Klefki|Reflect|p1a: Klefki\n|-sidestart|p1: pelukas|Reflect\n|move|p1b: Mimikyu|Swords Dance|p1b: Mimikyu\n|-boost|p1b: Mimikyu|atk|2\n|move|p2b: Gyarados|Waterfall|p1b: Mimikyu\n|-activate|p1b: Mimikyu|ability: Disguise\n|-damage|p1b: Mimikyu|100\/100\n|detailschange|p1b: Mimikyu|Mimikyu-Busted, L50, F\n|-damage|p1b: Mimikyu|88\/100|[from] pokemon: Mimikyu-Busted\n|move|p2a: Iron Hands|Volt Switch|p1a: Klefki\n|-damage|p1a: Klefki|77\/100\n|\n|t:|1682533165\n|-end|p2a: Iron Hands|Quark Drive|[silent]\n|switch|p2a: Gholdengo|Gholdengo, L50|100\/100|[from] Volt Switch\n|\n|upkeep\n|turn|3\n|\n|t:|1682533185\n|move|p1b: Mimikyu|Shadow Sneak|p2a: Gholdengo\n|-supereffective|p2a: Gholdengo\n|-crit|p2a: Gholdengo\n|-damage|p2a: Gholdengo|0 fnt\n|faint|p2a: Gholdengo\n|-damage|p1b: Mimikyu|78\/100|[from] item: Life Orb\n|move|p1a: Klefki|Light Screen|p1a: Klefki\n|-sidestart|p1: pelukas|move: Light Screen\n|move|p2b: Gyarados|Waterfall|p1b: Mimikyu\n|-damage|p1b: Mimikyu|43\/100\n|\n|upkeep\n|\n|t:|1682533199\n|switch|p2a: Baxcalibur|Baxcalibur, L50, F|100\/100\n|turn|4\n|\n|t:|1682533209\n|move|p2a: Baxcalibur|Ice Shard|p1b: Mimikyu\n|-damage|p1b: Mimikyu|21\/100\n|move|p1a: Klefki|Thunder Wave|p2b: Gyarados\n|-status|p2b: Gyarados|par\n|move|p1b: Mimikyu|Play Rough|p2a: Baxcalibur\n|-supereffective|p2a: Baxcalibur\n|-damage|p2a: Baxcalibur|0 fnt\n|faint|p2a: Baxcalibur\n|-damage|p1b: Mimikyu|11\/100|[from] item: Life Orb\n|move|p2b: Gyarados|Waterfall|p1b: Mimikyu\n|-damage|p1b: Mimikyu|0 fnt\n|faint|p1b: Mimikyu\n|\n|upkeep\n|\n|t:|1682533223\n|switch|p1b: Iron Bundle|Iron Bundle, L50|100\/100\n|switch|p2a: Iron Hands|Iron Hands, L50|100\/100\n|-enditem|p1b: Iron Bundle|Booster Energy\n|-activate|p1b: Iron Bundle|ability: Quark Drive|[fromitem]\n|-start|p1b: Iron Bundle|quarkdrivespe\n|turn|5\n|\n|t:|1682533237\n|switch|p1a: Sylveon|Sylveon, L50, F, shiny|100\/100\n|-terastallize|p1b: Iron Bundle|Fairy\n|move|p2a: Iron Hands|Fake Out|p1b: Iron Bundle\n|-damage|p1b: Iron Bundle|86\/100\n|cant|p1b: Iron Bundle|flinch\n|move|p2b: Gyarados|Waterfall|p1a: Sylveon\n|-damage|p1a: Sylveon|66\/100\n|-start|p2b: Gyarados|Attract|[from] ability: Cute Charm|[of] p1a: Sylveon\n|\n|-heal|p1a: Sylveon|72\/100|[from] item: Leftovers\n|upkeep\n|turn|6\n|inactive|Itaker1ddl1n has 30 seconds left.\n|\n|t:|1682533262\n|move|p1b: Iron Bundle|Freeze-Dry|p2b: Gyarados\n|-supereffective|p2b: Gyarados\n|-damage|p2b: Gyarados|0 fnt\n|faint|p2b: Gyarados\n|move|p1a: Sylveon|Psychic|p2a: Iron Hands\n|-supereffective|p2a: Iron Hands\n|-crit|p2a: Iron Hands\n|-damage|p2a: Iron Hands|30\/100\n|move|p2a: Iron Hands|Wild Charge|p1a: Sylveon\n|-damage|p1a: Sylveon|29\/100\n|-damage|p2a: Iron Hands|22\/100|[from] Recoil\n|\n|-heal|p1a: Sylveon|35\/100|[from] item: Leftovers\n|upkeep\n|turn|7\n|\n|t:|1682533279\n|move|p1b: Iron Bundle|Tera Blast|p2a: Iron Hands\n|-supereffective|p2a: Iron Hands\n|-damage|p2a: Iron Hands|0 fnt\n|faint|p2a: Iron Hands\n|-end|p2a: Iron Hands|Quark Drive|[silent]\n|\n|win|pelukas\n|raw|pelukas's rating: 1140 → 1163<\/strong> (+23 for winning)\n|raw|Itaker1ddl1n's rating: 1113 → 1090<\/strong> (-23 for losing)\n|l|\u2606Itaker1ddl1n\n","uploadtime":1682533306,"views":10,"p1id":"pelukas","p2id":"itaker1ddl1n","formatid":"gen9vgc2023regulationc","rating":1090,"private":0,"password":""}