{"id":"gen9vgc2023regulationc-1854439129","p1":"previouslyunnamed","p2":"TemporaryAbuser","format":"[Gen 9] VGC 2023 Regulation C","log":"|j|\u2606previouslyunnamed\n|j|\u2606TemporaryAbuser\n|t:|1682811041\n|gametype|doubles\n|player|p1|previouslyunnamed|swimmerf-gen4|1215\n|player|p2|TemporaryAbuser|artist|1128\n|teamsize|p1|6\n|teamsize|p2|6\n|gen|9\n|tier|[Gen 9] VGC 2023 Regulation C\n|rated|\n|rule|Species Clause: Limit one of each Pok\u00e9mon\n|rule|Item Clause: Limit one of each item\n|clearpoke\n|poke|p1|Murkrow, L50, F|\n|poke|p1|Flutter Mane, L50|\n|poke|p1|Chi-Yu, L50|\n|poke|p1|Great Tusk, L50|\n|poke|p1|Tyranitar, L50, M|\n|poke|p1|Chien-Pao, L50|\n|poke|p2|Iron Bundle, L50|\n|poke|p2|Polteageist, L50|\n|poke|p2|Chi-Yu, L50|\n|poke|p2|Indeedee-F, L50, F|\n|poke|p2|Flutter Mane, L50|\n|poke|p2|Dragonite, L50, F|\n|teampreview|4\n|inactive|Battle timer is ON: inactive players will automatically lose when time's up. (requested by previouslyunnamed)\n|inactive|TemporaryAbuser has 60 seconds left.\n|\n|t:|1682811077\n|start\n|switch|p1a: Murkrow|Murkrow, L50, F|100\/100\n|switch|p1b: Chi-Yu|Chi-Yu, L50|100\/100\n|switch|p2a: Iron Bundle|Iron Bundle, L50|100\/100\n|switch|p2b: Polteageist|Polteageist, L50|100\/100\n|-ability|p1b: Chi-Yu|Beads of Ruin\n|turn|1\n|\n|t:|1682811090\n|-terastallize|p1b: Chi-Yu|Ghost\n|move|p1a: Murkrow|Tailwind|p1a: Murkrow\n|-sidestart|p1: previouslyunnamed|move: Tailwind\n|move|p1b: Chi-Yu|Dark Pulse|p2b: Polteageist\n|-supereffective|p2b: Polteageist\n|-damage|p2b: Polteageist|0 fnt\n|faint|p2b: Polteageist\n|move|p2a: Iron Bundle|Fling|p2: Polteageist|[notarget]\n|-fail|p2a: Iron Bundle\n|\n|upkeep\n|\n|t:|1682811104\n|switch|p2b: Indeedee|Indeedee-F, L50, F|100\/100\n|-fieldstart|move: Psychic Terrain|[from] ability: Psychic Surge|[of] p2b: Indeedee\n|turn|2\n|\n|t:|1682811119\n|-terastallize|p2a: Iron Bundle|Ice\n|move|p2b: Indeedee|Helping Hand|p2a: Iron Bundle\n|-singleturn|p2a: Iron Bundle|Helping Hand|[of] p2b: Indeedee\n|move|p1a: Murkrow|Sunny Day|p1a: Murkrow\n|-weather|SunnyDay\n|move|p1b: Chi-Yu|Heat Wave|p2a: Iron Bundle|[spread] p2a,p2b\n|-supereffective|p2a: Iron Bundle\n|-damage|p2a: Iron Bundle|0 fnt\n|-damage|p2b: Indeedee|8\/100\n|-enditem|p2b: Indeedee|Sitrus Berry|[eat]\n|-heal|p2b: Indeedee|33\/100|[from] item: Sitrus Berry\n|faint|p2a: Iron Bundle\n|-end|p2a: Iron Bundle|Quark Drive|[silent]\n|\n|-weather|SunnyDay|[upkeep]\n|upkeep\n|\n|t:|1682811129\n|switch|p2a: Dragonite|Dragonite, L50, F|100\/100\n|turn|3\n|\n|t:|1682811151\n|move|p2b: Indeedee|Helping Hand|p2a: Dragonite\n|-singleturn|p2a: Dragonite|Helping Hand|[of] p2b: Indeedee\n|move|p1b: Chi-Yu|Protect|p1b: Chi-Yu\n|-singleturn|p1b: Chi-Yu|Protect\n|move|p1a: Murkrow|Foul Play|p2a: Dragonite\n|-damage|p2a: Dragonite|73\/100\n|move|p2a: Dragonite|Ice Spinner|p1b: Chi-Yu\n|-activate|p1b: Chi-Yu|move: Protect\n|\n|-weather|SunnyDay|[upkeep]\n|upkeep\n|turn|4\n|\n|t:|1682811165\n|move|p2b: Indeedee|Helping Hand|p2a: Dragonite\n|-singleturn|p2a: Dragonite|Helping Hand|[of] p2b: Indeedee\n|move|p1b: Chi-Yu|Heat Wave|p2b: Indeedee|[spread] p2a\n|-miss|p1b: Chi-Yu|p2b: Indeedee\n|-resisted|p2a: Dragonite\n|-damage|p2a: Dragonite|46\/100\n|move|p1a: Murkrow|Foul Play|p2a: Dragonite\n|-damage|p2a: Dragonite|0 fnt\n|faint|p2a: Dragonite\n|\n|-weather|SunnyDay|[upkeep]\n|-sideend|p1: previouslyunnamed|move: Tailwind\n|upkeep\n|turn|5\n|-message|TemporaryAbuser forfeited.\n|\n|win|previouslyunnamed\n|raw|previouslyunnamed's rating: 1215 → 1234<\/strong> (+19 for winning)\n|raw|TemporaryAbuser's rating: 1128 → 1109<\/strong> (-19 for losing)\n|l|\u2606TemporaryAbuser\n","uploadtime":1682811178,"views":16,"p1id":"previouslyunnamed","p2id":"temporaryabuser","formatid":"gen9vgc2023regulationc","rating":1109,"private":0,"password":""}