{"id":"gen9vgc2023regulationc-1849355283","p1":"spammm","p2":"Mr2Devious","format":"[Gen 9] VGC 2023 Regulation C","log":"|j|\u2606spammm\n|j|\u2606Mr2Devious\n|t:|1682189302\n|gametype|doubles\n|player|p1|spammm|169|1331\n|player|p2|Mr2Devious|dragontamer|1277\n|teamsize|p1|6\n|teamsize|p2|6\n|gen|9\n|tier|[Gen 9] VGC 2023 Regulation C\n|rated|\n|rule|Species Clause: Limit one of each Pok\u00e9mon\n|rule|Item Clause: Limit one of each item\n|clearpoke\n|poke|p1|Iron Jugulis, L50|\n|poke|p1|Iron Treads, L50|\n|poke|p1|Iron Hands, L50|\n|poke|p1|Chien-Pao, L50|\n|poke|p1|Palafin, L50, F|\n|poke|p1|Amoonguss, L50, F|\n|poke|p2|Annihilape, L50, M|\n|poke|p2|Torkoal, L50, M|\n|poke|p2|Hariyama, L50, F|\n|poke|p2|Hatterene, L50, F|\n|poke|p2|Oranguru, L50, F|\n|poke|p2|Lurantis, L50, M|\n|teampreview|4\n|inactive|Battle timer is ON: inactive players will automatically lose when time's up. (requested by Mr2Devious)\n|inactive|spammm has 60 seconds left.\n|\n|t:|1682189411\n|start\n|switch|p1a: Amoonguss|Amoonguss, L50, F|100\/100\n|switch|p1b: OG FLIPPER|Palafin, L50, F|100\/100\n|switch|p2a: Annihilape|Annihilape, L50, M|100\/100\n|switch|p2b: Hatterene|Hatterene, L50, F|100\/100\n|turn|1\n|inactive|spammm has 30 seconds left.\n|inactive|spammm has 20 seconds left.\n|\n|t:|1682189447\n|move|p1b: OG FLIPPER|Protect|p1b: OG FLIPPER\n|-singleturn|p1b: OG FLIPPER|Protect\n|move|p1a: Amoonguss|Protect|p1a: Amoonguss\n|-singleturn|p1a: Amoonguss|Protect\n|move|p2a: Annihilape|Final Gambit|p1b: OG FLIPPER\n|-activate|p1b: OG FLIPPER|move: Protect\n|move|p2b: Hatterene|Trick Room|p2b: Hatterene\n|-fieldstart|move: Trick Room|[of] p2b: Hatterene\n|\n|upkeep\n|turn|2\n|\n|t:|1682189466\n|detailschange|p1b: OG FLIPPER|Palafin-Hero, L50, F\n|switch|p1b: Iron Hands|Iron Hands, L50|100\/100\n|switch|p2a: Torkoal|Torkoal, L50, M|100\/100\n|-weather|SunnyDay|[from] ability: Drought|[of] p2a: Torkoal\n|move|p2b: Hatterene|Psychic|p1a: Amoonguss\n|-supereffective|p1a: Amoonguss\n|-damage|p1a: Amoonguss|13\/100\n|-enditem|p1a: Amoonguss|Sitrus Berry|[eat]\n|-heal|p1a: Amoonguss|37\/100|[from] item: Sitrus Berry\n|move|p1a: Amoonguss|Spore|p2a: Torkoal\n|-status|p2a: Torkoal|slp|[from] move: Spore\n|\n|-weather|SunnyDay|[upkeep]\n|upkeep\n|turn|3\n|inactive|spammm has 30 seconds left.\n|inactive|spammm has 20 seconds left.\n|inactive|spammm has 15 seconds left.\n|\n|t:|1682189509\n|switch|p1a: OG FLIPPER|Palafin-Hero, L50, F|100\/100\n|-activate|p1a: OG FLIPPER|ability: Zero to Hero\n|-terastallize|p1b: Iron Hands|Fire\n|cant|p2a: Torkoal|slp\n|move|p2b: Hatterene|Dazzling Gleam|p1b: Iron Hands|[spread] p1a,p1b\n|-resisted|p1b: Iron Hands\n|-damage|p1a: OG FLIPPER|67\/100\n|-damage|p1b: Iron Hands|90\/100\n|move|p1b: Iron Hands|Thunder Punch|p2b: Hatterene\n|-damage|p2b: Hatterene|47\/100\n|-enditem|p2b: Hatterene|Sitrus Berry|[eat]\n|-heal|p2b: Hatterene|72\/100|[from] item: Sitrus Berry\n|\n|-weather|SunnyDay|[upkeep]\n|upkeep\n|turn|4\n|\n|t:|1682189532\n|move|p1a: OG FLIPPER|Protect|p1a: OG FLIPPER\n|-singleturn|p1a: OG FLIPPER|Protect\n|cant|p2a: Torkoal|slp\n|move|p2b: Hatterene|Psychic|p1b: Iron Hands\n|-damage|p1b: Iron Hands|59\/100\n|-unboost|p1b: Iron Hands|spd|1\n|move|p1b: Iron Hands|Fire Punch|p2b: Hatterene\n|-damage|p2b: Hatterene|0 fnt\n|faint|p2b: Hatterene\n|\n|-weather|SunnyDay|[upkeep]\n|upkeep\n|\n|t:|1682189548\n|switch|p2b: Hariyama|Hariyama, L50, F|100\/100\n|turn|5\n|inactive|spammm has 30 seconds left.\n|\n|t:|1682189579\n|switch|p1a: Amoonguss|Amoonguss, L50, F|71\/100\n|cant|p2a: Torkoal|slp\n|move|p2b: Hariyama|Close Combat|p1b: Iron Hands\n|-damage|p1b: Iron Hands|12\/100\n|-unboost|p2b: Hariyama|def|1\n|-unboost|p2b: Hariyama|spd|1\n|move|p1b: Iron Hands|Drain Punch|p2b: Hariyama\n|-damage|p2b: Hariyama|30\/100\n|-heal|p1b: Iron Hands|49\/100|[from] drain|[of] p2b: Hariyama\n|\n|-weather|SunnyDay|[upkeep]\n|-fieldend|move: Trick Room\n|-status|p2b: Hariyama|brn|[from] item: Flame Orb\n|upkeep\n|turn|6\n|inactive|Mr2Devious has 30 seconds left.\n|\n|t:|1682189611\n|-terastallize|p2a: Torkoal|Fire\n|move|p1a: Amoonguss|Protect|p1a: Amoonguss\n|-singleturn|p1a: Amoonguss|Protect\n|move|p1b: Iron Hands|Drain Punch|p2b: Hariyama\n|-damage|p2b: Hariyama|0 fnt\n|-heal|p1b: Iron Hands|65\/100|[from] drain|[of] p2b: Hariyama\n|faint|p2b: Hariyama\n|-curestatus|p2a: Torkoal|slp|[msg]\n|move|p2a: Torkoal|Eruption|p1b: Iron Hands|[spread] p1b\n|-activate|p1a: Amoonguss|move: Protect\n|-resisted|p1b: Iron Hands\n|-damage|p1b: Iron Hands|18\/100\n|\n|-weather|none\n|upkeep\n|\n|t:|1682189627\n|switch|p2b: Annihilape|Annihilape, L50, M|100\/100\n|turn|7\n|\n|t:|1682189645\n|move|p1a: Amoonguss|Rage Powder|p1a: Amoonguss\n|-singleturn|p1a: Amoonguss|move: Rage Powder\n|move|p2b: Annihilape|Rock Slide|p1b: Iron Hands|[spread] p1a,p1b\n|-supereffective|p1b: Iron Hands\n|-damage|p1a: Amoonguss|59\/100\n|-damage|p1b: Iron Hands|0 fnt\n|faint|p1b: Iron Hands\n|-end|p1b: Iron Hands|Quark Drive|[silent]\n|move|p2a: Torkoal|Eruption|p1a: Amoonguss\n|-supereffective|p1a: Amoonguss\n|-damage|p1a: Amoonguss|0 fnt\n|faint|p1a: Amoonguss\n|\n|upkeep\n|\n|t:|1682189650\n|switch|p1b: OG FLIPPER|Palafin-Hero, L50, F|67\/100\n|switch|p1a: Iron Treads|Iron Treads, L50|100\/100\n|turn|8\n|\n|t:|1682189661\n|move|p1b: OG FLIPPER|Protect|p1b: OG FLIPPER\n|-singleturn|p1b: OG FLIPPER|Protect\n|move|p2b: Annihilape|Rock Slide|p1a: Iron Treads|[spread] p1a\n|-activate|p1b: OG FLIPPER|move: Protect\n|-resisted|p1a: Iron Treads\n|-damage|p1a: Iron Treads|98\/100\n|move|p1a: Iron Treads|Earthquake|p2a: Torkoal|[spread] p2a,p2b\n|-activate|p1b: OG FLIPPER|move: Protect\n|-supereffective|p2a: Torkoal\n|-crit|p2a: Torkoal\n|-damage|p2a: Torkoal|15\/100\n|-damage|p2b: Annihilape|65\/100\n|move|p2a: Torkoal|Eruption|p1b: OG FLIPPER|[spread] p1a\n|-activate|p1b: OG FLIPPER|move: Protect\n|-supereffective|p1a: Iron Treads\n|-damage|p1a: Iron Treads|68\/100\n|\n|upkeep\n|turn|9\n|\n|t:|1682189681\n|move|p1b: OG FLIPPER|Jet Punch|p2b: Annihilape\n|-damage|p2b: Annihilape|24\/100\n|move|p2b: Annihilape|Rock Slide|p1a: Iron Treads|[spread] p1a,p1b\n|-resisted|p1a: Iron Treads\n|-damage|p1a: Iron Treads|65\/100\n|-damage|p1b: OG FLIPPER|55\/100\n|move|p1a: Iron Treads|Knock Off|p2a: Torkoal\n|-damage|p2a: Torkoal|0 fnt\n|-enditem|p2a: Torkoal|Charcoal|[from] move: Knock Off|[of] p1a: Iron Treads\n|faint|p2a: Torkoal\n|\n|upkeep\n|turn|10\n|l|\u2606Mr2Devious\n|inactive|Mr2Devious disconnected and has a minute to reconnect!\n|player|p2|\n|inactive|Mr2Devious has 30 seconds left.\n|inactive|Mr2Devious has 20 seconds left.\n|inactive|Mr2Devious has 15 seconds left.\n|inactive|Mr2Devious has 10 seconds left.\n|inactive|Mr2Devious has 5 seconds left.\n|-message|Mr2Devious lost due to inactivity.\n|\n|win|spammm\n|raw|spammm's rating: 1331 → 1348<\/strong> (+17 for winning)\n|raw|Mr2Devious's rating: 1277 → 1256<\/strong> (-21 for losing)\n","uploadtime":1682189740,"views":5,"p1id":"spammm","p2id":"mr2devious","formatid":"gen9vgc2023regulationc","rating":1256,"private":0,"password":""}