{"id":"gen9vgc2023regulationc-1845969392","p1":"Mashu2021","p2":"kokialcazar","format":"[Gen 9] VGC 2023 Regulation C","log":"|j|\u2606Mashu2021\n|j|\u2606kokialcazar\n|t:|1681785298\n|gametype|doubles\n|player|p1|Mashu2021|cynthia-gen4|1165\n|player|p2|kokialcazar|morty|1212\n|teamsize|p1|6\n|teamsize|p2|6\n|gen|9\n|tier|[Gen 9] VGC 2023 Regulation C\n|rated|\n|rule|Species Clause: Limit one of each Pok\u00e9mon\n|rule|Item Clause: Limit one of each item\n|clearpoke\n|poke|p1|Orthworm, L50, M|\n|poke|p1|Ting-Lu, L50|\n|poke|p1|Gyarados, L50, F|\n|poke|p1|Dragonite, L50, F|\n|poke|p1|Iron Bundle, L50|\n|poke|p1|Flutter Mane, L50|\n|poke|p2|Gastrodon-East, L50, M|\n|poke|p2|Arcanine, L50, M|\n|poke|p2|Flutter Mane, L50|\n|poke|p2|Corviknight, L50, M|\n|poke|p2|Great Tusk, L50|\n|poke|p2|Tyranitar, L50, M|\n|teampreview|4\n|\n|t:|1681785334\n|start\n|switch|p1a: Orthworm|Orthworm, L50, M|100\/100\n|switch|p1b: Ting-Lu|Ting-Lu, L50|100\/100\n|switch|p2a: Tyranitar|Tyranitar, L50, M, shiny|100\/100\n|switch|p2b: Flutter Mane|Flutter Mane, L50, shiny|100\/100\n|-weather|Sandstorm|[from] ability: Sand Stream|[of] p2a: Tyranitar\n|-ability|p1b: Ting-Lu|Vessel of Ruin\n|turn|1\n|inactive|Battle timer is ON: inactive players will automatically lose when time's up. (requested by kokialcazar)\n|\n|t:|1681785355\n|-terastallize|p1a: Orthworm|Fire\n|move|p2b: Flutter Mane|Protect|p2b: Flutter Mane\n|-singleturn|p2b: Flutter Mane|Protect\n|move|p2a: Tyranitar|Earthquake|p1a: Orthworm|[spread] p1b\n|-activate|p2b: Flutter Mane|move: Protect\n|-immune|p1a: Orthworm|[from] ability: Earth Eater\n|-damage|p1b: Ting-Lu|84\/100\n|move|p1a: Orthworm|Heavy Slam|p2b: Flutter Mane\n|-activate|p2b: Flutter Mane|move: Protect\n|move|p1b: Ting-Lu|Earthquake|p2b: Flutter Mane|[spread] p2a\n|-activate|p2b: Flutter Mane|move: Protect\n|-immune|p1a: Orthworm|[from] ability: Earth Eater\n|-supereffective|p2a: Tyranitar\n|-damage|p2a: Tyranitar|32\/100\n|\n|-weather|Sandstorm|[upkeep]\n|-damage|p2b: Flutter Mane|94\/100|[from] Sandstorm\n|-damage|p1a: Orthworm|94\/100|[from] Sandstorm\n|upkeep\n|turn|2\n|inactive|Mashu2021 has 30 seconds left.\n|\n|t:|1681785381\n|-end|p2b: Flutter Mane|Protosynthesis|[silent]\n|switch|p2b: Great Tusk|Great Tusk, L50, shiny|100\/100\n|-enditem|p2b: Great Tusk|Booster Energy\n|-activate|p2b: Great Tusk|ability: Protosynthesis|[fromitem]\n|-start|p2b: Great Tusk|protosynthesisatk\n|move|p2a: Tyranitar|Rock Slide|p1b: Ting-Lu|[spread] p1a,p1b\n|-supereffective|p1a: Orthworm\n|-resisted|p1b: Ting-Lu\n|-damage|p1a: Orthworm|53\/100\n|-damage|p1b: Ting-Lu|74\/100\n|move|p1a: Orthworm|Heavy Slam|p2b: Great Tusk\n|-damage|p2b: Great Tusk|91\/100\n|move|p1b: Ting-Lu|Earthquake|p2a: Tyranitar|[spread] p2a,p2b\n|-heal|p1a: Orthworm|78\/100|[from] ability: Earth Eater|[of] p1b: Ting-Lu\n|-supereffective|p2a: Tyranitar\n|-crit|p2b: Great Tusk\n|-damage|p2a: Tyranitar|0 fnt\n|-damage|p2b: Great Tusk|50\/100\n|faint|p2a: Tyranitar\n|\n|-weather|Sandstorm|[upkeep]\n|-damage|p1a: Orthworm|72\/100|[from] Sandstorm\n|upkeep\n|\n|t:|1681785402\n|switch|p2a: Gastrodon|Gastrodon-East, L50, M, shiny|100\/100\n|turn|3\n|inactive|Mashu2021 has 30 seconds left.\n|\n|t:|1681785433\n|move|p1a: Orthworm|Protect|p1a: Orthworm\n|-singleturn|p1a: Orthworm|Protect\n|move|p2b: Great Tusk|Close Combat|p1b: Ting-Lu\n|-supereffective|p1b: Ting-Lu\n|-crit|p1b: Ting-Lu\n|-damage|p1b: Ting-Lu|0 fnt\n|-unboost|p2b: Great Tusk|def|1\n|-unboost|p2b: Great Tusk|spd|1\n|faint|p1b: Ting-Lu\n|move|p2a: Gastrodon|Muddy Water|p1a: Orthworm\n|-activate|p1a: Orthworm|move: Protect\n|\n|-weather|Sandstorm|[upkeep]\n|-damage|p1a: Orthworm|66\/100|[from] Sandstorm\n|upkeep\n|\n|t:|1681785447\n|switch|p1b: Iron Bundle|Iron Bundle, L50, shiny|100\/100\n|-enditem|p1b: Iron Bundle|Booster Energy\n|-activate|p1b: Iron Bundle|ability: Quark Drive|[fromitem]\n|-start|p1b: Iron Bundle|quarkdrivespe\n|turn|4\n|\n|t:|1681785471\n|-end|p2b: Great Tusk|Protosynthesis|[silent]\n|switch|p2b: Flutter Mane|Flutter Mane, L50, shiny|94\/100\n|move|p2a: Gastrodon|Protect|p2a: Gastrodon\n|-singleturn|p2a: Gastrodon|Protect\n|move|p1b: Iron Bundle|Icy Wind|p2b: Flutter Mane|[spread] p2b\n|-activate|p2a: Gastrodon|move: Protect\n|-damage|p2b: Flutter Mane|75\/100\n|-unboost|p2b: Flutter Mane|spe|1\n|move|p1a: Orthworm|Heavy Slam|p2b: Flutter Mane\n|-supereffective|p2b: Flutter Mane\n|-damage|p2b: Flutter Mane|0 fnt\n|faint|p2b: Flutter Mane\n|-end|p2b: Flutter Mane|Protosynthesis|[silent]\n|\n|-weather|Sandstorm|[upkeep]\n|-damage|p1b: Iron Bundle|94\/100|[from] Sandstorm\n|-damage|p1a: Orthworm|60\/100|[from] Sandstorm\n|upkeep\n|\n|t:|1681785489\n|switch|p2b: Great Tusk|Great Tusk, L50, shiny|50\/100\n|turn|5\n|\n|t:|1681785504\n|move|p2a: Gastrodon|Protect||[still]\n|-fail|p2a: Gastrodon\n|move|p1b: Iron Bundle|Freeze-Dry|p2a: Gastrodon\n|-supereffective|p2a: Gastrodon\n|-damage|p2a: Gastrodon|0 fnt\n|faint|p2a: Gastrodon\n|move|p2b: Great Tusk|Close Combat|p1b: Iron Bundle\n|-supereffective|p1b: Iron Bundle\n|-crit|p1b: Iron Bundle\n|-damage|p1b: Iron Bundle|0 fnt\n|-unboost|p2b: Great Tusk|def|1\n|-unboost|p2b: Great Tusk|spd|1\n|faint|p1b: Iron Bundle\n|-end|p1b: Iron Bundle|Quark Drive|[silent]\n|move|p1a: Orthworm|Iron Defense|p1a: Orthworm\n|-boost|p1a: Orthworm|def|2\n|\n|-weather|none\n|upkeep\n|\n|t:|1681785520\n|switch|p1b: Gyarados|Gyarados, L50, F|100\/100\n|-ability|p1b: Gyarados|Intimidate|boost\n|-unboost|p2b: Great Tusk|atk|1\n|turn|6\n|\n|t:|1681785529\n|-terastallize|p2b: Great Tusk|Ground\n|move|p2b: Great Tusk|Close Combat|p1a: Orthworm\n|-damage|p1a: Orthworm|47\/100\n|-unboost|p2b: Great Tusk|def|1\n|-unboost|p2b: Great Tusk|spd|1\n|-enditem|p1a: Orthworm|Sitrus Berry|[eat]\n|-heal|p1a: Orthworm|72\/100|[from] item: Sitrus Berry\n|move|p1b: Gyarados|Waterfall|p2b: Great Tusk\n|-supereffective|p2b: Great Tusk\n|-damage|p2b: Great Tusk|0 fnt\n|faint|p2b: Great Tusk\n|-end|p2b: Great Tusk|Protosynthesis|[silent]\n|\n|win|Mashu2021\n|raw|Mashu2021's rating: 1165 → 1193<\/strong> (+28 for winning)\n|raw|kokialcazar's rating: 1212 → 1184<\/strong> (-28 for losing)\n","uploadtime":1681785548,"views":6,"p1id":"mashu2021","p2id":"kokialcazar","formatid":"gen9vgc2023regulationc","rating":1184,"private":0,"password":""}