{"id":"gen9vgc2023regulationc-1846089129","p1":"Sumo'sWeenusVGC","p2":"moth.o","format":"[Gen 9] VGC 2023 Regulation C","log":"|j|\u2606Sumo'sWeenusVGC\n|j|\u2606moth.o\n|t:|1681804398\n|gametype|doubles\n|player|p1|Sumo'sWeenusVGC|colress|1173\n|player|p2|moth.o|roxie|1266\n|teamsize|p1|6\n|teamsize|p2|6\n|gen|9\n|tier|[Gen 9] VGC 2023 Regulation C\n|rated|\n|rule|Species Clause: Limit one of each Pok\u00e9mon\n|rule|Item Clause: Limit one of each item\n|clearpoke\n|poke|p1|Ting-Lu, L50|\n|poke|p1|Wo-Chien, L50|\n|poke|p1|Flutter Mane, L50|\n|poke|p1|Glimmora, L50, F|\n|poke|p1|Palafin, L50, F|\n|poke|p1|Arcanine, L50, M|\n|poke|p2|Chi-Yu, L50|\n|poke|p2|Iron Jugulis, L50|\n|poke|p2|Vaporeon, L50, F|\n|poke|p2|Great Tusk, L50|\n|poke|p2|Hatterene, L50, F|\n|poke|p2|Dragalge, L50, F|\n|teampreview|4\n|inactive|Battle timer is ON: inactive players will automatically lose when time's up. (requested by Sumo'sWeenusVGC)\nSumo'sWeenusVGC has agreed to open team sheets.\n|inactive|Sumo'sWeenusVGC has 60 seconds left.\n|inactive|moth.o has 60 seconds left.\n|\n|t:|1681804456\n|start\n|switch|p1a: Ting-Lu|Ting-Lu, L50|100\/100\n|switch|p1b: Bad Dolphin|Palafin, L50, F, shiny|100\/100\n|switch|p2a: Vaporeon|Vaporeon, L50, F|100\/100\n|switch|p2b: Iron Jugulis|Iron Jugulis, L50|100\/100\n|-ability|p1a: Ting-Lu|Vessel of Ruin\n|-enditem|p2b: Iron Jugulis|Booster Energy\n|-activate|p2b: Iron Jugulis|ability: Quark Drive|[fromitem]\n|-start|p2b: Iron Jugulis|quarkdrivespe\n|turn|1\n|\n|t:|1681804474\n|detailschange|p1b: Bad Dolphin|Palafin-Hero, L50, F, shiny\n|switch|p1b: Flutter Mane|Flutter Mane, L50, shiny|100\/100\n|move|p2b: Iron Jugulis|Tailwind|p2b: Iron Jugulis\n|-sidestart|p2: moth.o|move: Tailwind\n|move|p2a: Vaporeon|Calm Mind|p2a: Vaporeon\n|-boost|p2a: Vaporeon|spa|1\n|-boost|p2a: Vaporeon|spd|1\n|move|p1a: Ting-Lu|Fissure|p2a: Vaporeon|[miss]\n|-miss|p1a: Ting-Lu|p2a: Vaporeon\n|\n|upkeep\n|turn|2\n|\n|t:|1681804495\n|switch|p1a: Bad Dolphin|Palafin-Hero, L50, F, shiny|100\/100\n|-activate|p1a: Bad Dolphin|ability: Zero to Hero\n|move|p2b: Iron Jugulis|Air Slash|p1a: Bad Dolphin\n|-damage|p1a: Bad Dolphin|64\/100\n|move|p2a: Vaporeon|Muddy Water|p1b: Flutter Mane|[spread] p1a,p1b\n|-resisted|p1a: Bad Dolphin\n|-damage|p1a: Bad Dolphin|44\/100\n|-damage|p1b: Flutter Mane|63\/100\n|-unboost|p1b: Flutter Mane|accuracy|1\n|move|p1b: Flutter Mane|Moonblast|p2b: Iron Jugulis\n|-supereffective|p2b: Iron Jugulis\n|-damage|p2b: Iron Jugulis|0 fnt\n|faint|p2b: Iron Jugulis\n|-end|p2b: Iron Jugulis|Quark Drive|[silent]\n|\n|upkeep\n|\n|t:|1681804514\n|switch|p2b: Dragalge|Dragalge, L50, F|100\/100\n|turn|3\n|\n|t:|1681804526\n|-end|p1b: Flutter Mane|Protosynthesis|[silent]\n|switch|p1b: Ting-Lu|Ting-Lu, L50|100\/100\n|-ability|p1b: Ting-Lu|Vessel of Ruin\n|move|p1a: Bad Dolphin|Protect|p1a: Bad Dolphin\n|-singleturn|p1a: Bad Dolphin|Protect\n|move|p2a: Vaporeon|Muddy Water|p1b: Ting-Lu|[spread] \n|-activate|p1a: Bad Dolphin|move: Protect\n|-miss|p2a: Vaporeon|p1b: Ting-Lu\n|move|p2b: Dragalge|Sludge Bomb|p1b: Ting-Lu\n|-resisted|p1b: Ting-Lu\n|-damage|p1b: Ting-Lu|91\/100\n|-status|p1b: Ting-Lu|psn\n|\n|-damage|p1b: Ting-Lu|79\/100 psn|[from] psn\n|upkeep\n|turn|4\n|inactive|Sumo'sWeenusVGC has 30 seconds left.\n|\n|t:|1681804554\n|-terastallize|p1a: Bad Dolphin|Water\n|move|p2a: Vaporeon|Muddy Water|p1a: Bad Dolphin|[spread] p1a,p1b\n|-resisted|p1a: Bad Dolphin\n|-supereffective|p1b: Ting-Lu\n|-damage|p1a: Bad Dolphin|30\/100\n|-damage|p1b: Ting-Lu|46\/100 psn\n|move|p2b: Dragalge|Draco Meteor|p1b: Ting-Lu\n|-damage|p1b: Ting-Lu|20\/100 psn\n|-unboost|p2b: Dragalge|spa|2\n|move|p1a: Bad Dolphin|Wave Crash|p2b: Dragalge\n|-resisted|p2b: Dragalge\n|-damage|p2b: Dragalge|28\/100\n|-enditem|p2b: Dragalge|Sitrus Berry|[eat]\n|-heal|p2b: Dragalge|53\/100|[from] item: Sitrus Berry\n|-damage|p1a: Bad Dolphin|13\/100|[from] Recoil\n|move|p1b: Ting-Lu|Fissure|p2a: Vaporeon|[miss]\n|-miss|p1b: Ting-Lu|p2a: Vaporeon\n|\n|-damage|p1b: Ting-Lu|8\/100 psn|[from] psn\n|-sideend|p2: moth.o|move: Tailwind\n|upkeep\n|turn|5\n|inactive|Sumo'sWeenusVGC has 30 seconds left.\n|\n|t:|1681804584\n|move|p1a: Bad Dolphin|Protect|p1a: Bad Dolphin\n|-singleturn|p1a: Bad Dolphin|Protect\n|move|p2b: Dragalge|Protect|p2b: Dragalge\n|-singleturn|p2b: Dragalge|Protect\n|move|p2a: Vaporeon|Muddy Water|p1a: Bad Dolphin|[spread] p1b\n|-activate|p1a: Bad Dolphin|move: Protect\n|-supereffective|p1b: Ting-Lu\n|-damage|p1b: Ting-Lu|0 fnt\n|faint|p1b: Ting-Lu\n|\n|upkeep\n|\n|t:|1681804596\n|switch|p1b: Flutter Mane|Flutter Mane, L50, shiny|63\/100\n|turn|6\n|\n|t:|1681804608\n|-terastallize|p2b: Dragalge|Grass\n|move|p1b: Flutter Mane|Thunderbolt|p2a: Vaporeon\n|-supereffective|p2a: Vaporeon\n|-damage|p2a: Vaporeon|50\/100\n|move|p1a: Bad Dolphin|Wave Crash|p2b: Dragalge\n|-resisted|p2b: Dragalge\n|-damage|p2b: Dragalge|0 fnt\n|faint|p2b: Dragalge\n|-damage|p1a: Bad Dolphin|0 fnt|[from] Recoil\n|faint|p1a: Bad Dolphin\n|move|p2a: Vaporeon|Muddy Water|p1b: Flutter Mane\n|-damage|p1b: Flutter Mane|11\/100\n|\n|-heal|p2a: Vaporeon|57\/100|[from] item: Leftovers\n|upkeep\n|\n|t:|1681804624\n|switch|p1a: Goodest Boi|Arcanine, L50, M, shiny|100\/100\n|switch|p2b: Hatterene|Hatterene, L50, F|100\/100\n|-ability|p1a: Goodest Boi|Intimidate|boost\n|-unboost|p2a: Vaporeon|atk|1\n|-unboost|p2b: Hatterene|atk|1\n|turn|7\n|\n|t:|1681804635\n|move|p2a: Vaporeon|Protect|p2a: Vaporeon\n|-singleturn|p2a: Vaporeon|Protect\n|move|p1b: Flutter Mane|Thunderbolt|p2a: Vaporeon\n|-activate|p2a: Vaporeon|move: Protect\n|move|p1a: Goodest Boi|Snarl|p2b: Hatterene|[spread] p2b\n|-activate|p2a: Vaporeon|move: Protect\n|-damage|p2b: Hatterene|92\/100\n|move|p2b: Hatterene|Dazzling Gleam|p1b: Flutter Mane|[spread] p1a,p1b\n|-resisted|p1a: Goodest Boi\n|-damage|p1a: Goodest Boi|89\/100\n|-damage|p1b: Flutter Mane|0 fnt\n|faint|p1b: Flutter Mane\n|-end|p1b: Flutter Mane|Protosynthesis|[silent]\n|\n|-heal|p2a: Vaporeon|63\/100|[from] item: Leftovers\n|upkeep\n|turn|8\n|inactive|Sumo'sWeenusVGC has 30 seconds left.\n|\n|t:|1681804663\n|move|p1a: Goodest Boi|Flare Blitz|p2b: Hatterene\n|-damage|p2b: Hatterene|52\/100\n|-damage|p1a: Goodest Boi|78\/100|[from] Recoil\n|move|p2a: Vaporeon|Muddy Water|p1a: Goodest Boi\n|-supereffective|p1a: Goodest Boi\n|-damage|p1a: Goodest Boi|0 fnt\n|faint|p1a: Goodest Boi\n|\n|win|moth.o\n|raw|Sumo'sWeenusVGC's rating: 1173 → 1155<\/strong> (-18 for losing)\n|raw|moth.o's rating: 1266 → 1284<\/strong> (+18 for winning)\n|c|\u2606Sumo'sWeenusVGC|gg\n|l|\u2606moth.o\n","uploadtime":1681804676,"views":9,"p1id":"sumosweenusvgc","p2id":"motho","formatid":"gen9vgc2023regulationc","rating":1155,"private":0,"password":""}