{"id":"gen9vgc2023regulationc-1860096210","p1":"hynax7","p2":"Shanipika","format":"[Gen 9] VGC 2023 Regulation C","log":"|j|\u2606hynax7\n|j|\u2606Shanipika\n|t:|1683594738\n|gametype|doubles\n|player|p1|hynax7|ethan|\n|player|p2|Shanipika|1|\n|teamsize|p1|6\n|teamsize|p2|6\n|gen|9\n|tier|[Gen 9] VGC 2023 Regulation C\n|rule|Species Clause: Limit one of each Pok\u00e9mon\n|rule|Item Clause: Limit one of each item\n|clearpoke\n|poke|p1|Dondozo, L50, F|\n|poke|p1|Tatsugiri, L50, M|\n|poke|p1|Oricorio, L50, F|\n|poke|p1|Hatterene, L50, F|\n|poke|p1|Palafin, L50, F|\n|poke|p1|Medicham, L50, M|\n|poke|p2|Murkrow, L50, M|\n|poke|p2|Bellibolt, L50, F|\n|poke|p2|Slowking, L50, F|\n|poke|p2|Breloom, L50, M|\n|poke|p2|Naclstack, L50, F|\n|poke|p2|Gholdengo, L50|\n|teampreview|4\nhynax7 has agreed to open team sheets.\n|c|\u2606Shanipika|G1 gl hf\n|c|\u2606hynax7|u2\n|c|\u2606Shanipika|Oh just need to accept the other challenges its BO3\n|c|\u2606hynax7|oops\n|\n|t:|1683594915\n|start\n|switch|p1a: Palafin|Palafin, L50, F, shiny|100\/100\n|switch|p1b: Hatterene|Hatterene, L50, F|100\/100\n|switch|p2a: Murkrow|Murkrow, L50, M|100\/100\n|switch|p2b: Breloom|Breloom, L50, M|100\/100\n|turn|1\n|\n|t:|1683594945\n|detailschange|p1a: Palafin|Palafin-Hero, L50, F, shiny\n|switch|p1a: Oricorio|Oricorio, L50, F|100\/100\n|-terastallize|p2b: Breloom|Grass\n|move|p2a: Murkrow|Tailwind|p2a: Murkrow\n|-sidestart|p2: Shanipika|move: Tailwind\n|move|p2b: Breloom|Bullet Seed|p1a: Oricorio\n|-resisted|p1a: Oricorio\n|-damage|p1a: Oricorio|92\/100\n|-resisted|p1a: Oricorio\n|-crit|p1a: Oricorio\n|-damage|p1a: Oricorio|80\/100\n|-resisted|p1a: Oricorio\n|-damage|p1a: Oricorio|71\/100\n|-resisted|p1a: Oricorio\n|-damage|p1a: Oricorio|62\/100\n|-resisted|p1a: Oricorio\n|-damage|p1a: Oricorio|54\/100\n|-hitcount|p1a: Oricorio|5\n|move|p1b: Hatterene|Dazzling Gleam|p2b: Breloom|[spread] p2a,p2b\n|-supereffective|p2a: Murkrow\n|-damage|p2a: Murkrow|7\/100\n|-damage|p2b: Breloom|33\/100\n|\n|upkeep\n|turn|2\n|\n|t:|1683594976\n|move|p1a: Oricorio|Protect|p1a: Oricorio\n|-singleturn|p1a: Oricorio|Protect\n|move|p2b: Breloom|Bullet Seed|p1b: Hatterene\n|-damage|p1b: Hatterene|70\/100\n|-damage|p1b: Hatterene|38\/100\n|-damage|p1b: Hatterene|5\/100\n|-damage|p1b: Hatterene|0 fnt\n|faint|p1b: Hatterene\n|-hitcount|p1: Hatterene|4\n|move|p2a: Murkrow|Foul Play|p1a: Oricorio\n|-activate|p1a: Oricorio|move: Protect\n|\n|upkeep\n|\n|t:|1683594988\n|switch|p1b: Medicham|Medicham, L50, M, shiny|100\/100\n|turn|3\n|\n|t:|1683595004\n|move|p2b: Breloom|Protect|p2b: Breloom\n|-singleturn|p2b: Breloom|Protect\n|move|p1b: Medicham|Bullet Punch|p2a: Murkrow\n|-damage|p2a: Murkrow|0 fnt\n|faint|p2a: Murkrow\n|-damage|p1b: Medicham|91\/100|[from] item: Life Orb\n|move|p1a: Oricorio|Revelation Dance|p2b: Breloom\n|-activate|p2b: Breloom|move: Protect\n|\n|upkeep\n|\n|t:|1683595016\n|switch|p2a: Bellibolt|Bellibolt, L50, F|100\/100\n|turn|4\n|\n|t:|1683595033\n|switch|p2b: Slowking|Slowking, L50, F|100\/100\n|move|p1a: Oricorio|Revelation Dance|p2b: Slowking\n|-resisted|p2b: Slowking\n|-damage|p2b: Slowking|89\/100\n|move|p1b: Medicham|Close Combat|p2a: Bellibolt\n|-damage|p2a: Bellibolt|30\/100\n|-unboost|p1b: Medicham|def|1\n|-unboost|p1b: Medicham|spd|1\n|-start|p2a: Bellibolt|Charge|Close Combat|[from] ability: Electromorphosis\n|-enditem|p2a: Bellibolt|Sitrus Berry|[eat]\n|-heal|p2a: Bellibolt|55\/100|[from] item: Sitrus Berry\n|-damage|p1b: Medicham|81\/100|[from] item: Life Orb\n|move|p2a: Bellibolt|Thunderbolt|p1b: Medicham\n|-damage|p1b: Medicham|0 fnt\n|faint|p1b: Medicham\n|-end|p2a: Bellibolt|Charge|[silent]\n|\n|-sideend|p2: Shanipika|move: Tailwind\n|upkeep\n|\n|t:|1683595050\n|switch|p1b: Palafin|Palafin-Hero, L50, F, shiny|100\/100\n|-activate|p1b: Palafin|ability: Zero to Hero\n|turn|5\n|\n|t:|1683595074\n|-terastallize|p1b: Palafin|Water\n|move|p2a: Bellibolt|Protect|p2a: Bellibolt\n|-singleturn|p2a: Bellibolt|Protect\n|move|p1a: Oricorio|Tailwind|p1a: Oricorio\n|-sidestart|p1: hynax7|move: Tailwind\n|move|p1b: Palafin|Wave Crash|p2a: Bellibolt\n|-activate|p2a: Bellibolt|move: Protect\n|move|p2b: Slowking|Trick Room|p2b: Slowking\n|-fieldstart|move: Trick Room|[of] p2b: Slowking\n|\n|upkeep\n|turn|6\n|\n|t:|1683595110\n|move|p2b: Slowking|Protect|p2b: Slowking\n|-singleturn|p2b: Slowking|Protect\n|move|p2a: Bellibolt|Parabolic Charge|p1a: Oricorio|[spread] p1a,p1b\n|-activate|p2b: Slowking|move: Protect\n|-supereffective|p1a: Oricorio\n|-supereffective|p1b: Palafin\n|-damage|p1a: Oricorio|3\/100\n|-heal|p2a: Bellibolt|76\/100|[from] drain|[of] p1a: Oricorio\n|-damage|p1b: Palafin|67\/100\n|-heal|p2a: Bellibolt|92\/100|[from] drain|[of] p1b: Palafin\n|-enditem|p1a: Oricorio|Aguav Berry|[eat]\n|-heal|p1a: Oricorio|36\/100|[from] item: Aguav Berry\n|move|p1b: Palafin|Wave Crash|p2a: Bellibolt\n|-damage|p2a: Bellibolt|17\/100\n|-start|p2a: Bellibolt|Charge|Wave Crash|[from] ability: Electromorphosis\n|-damage|p1b: Palafin|41\/100|[from] Recoil\n|move|p1a: Oricorio|Revelation Dance|p2a: Bellibolt\n|-damage|p2a: Bellibolt|0 fnt\n|faint|p2a: Bellibolt\n|\n|upkeep\n|\n|t:|1683595130\n|switch|p2a: Breloom|Breloom, L50, M, tera:Grass|33\/100\n|turn|7\n|\n|t:|1683595143\n|move|p1a: Oricorio|Protect|p1a: Oricorio\n|-singleturn|p1a: Oricorio|Protect\n|move|p1b: Palafin|Jet Punch|p2b: Slowking\n|-resisted|p2b: Slowking\n|-damage|p2b: Slowking|66\/100\n|move|p2b: Slowking|Grass Knot|p1b: Palafin\n|-supereffective|p1b: Palafin\n|-damage|p1b: Palafin|6\/100\n|move|p2a: Breloom|Spore|p1a: Oricorio\n|-activate|p1a: Oricorio|move: Protect\n|\n|upkeep\n|turn|8\n|\n|t:|1683595168\n|move|p1b: Palafin|Protect|p1b: Palafin\n|-singleturn|p1b: Palafin|Protect\n|move|p2a: Breloom|Mach Punch|p1b: Palafin\n|-activate|p1b: Palafin|move: Protect\n|move|p2b: Slowking|Surf|p1a: Oricorio|[spread] p2a,p1a\n|-activate|p1b: Palafin|move: Protect\n|-resisted|p2a: Breloom\n|-supereffective|p1a: Oricorio\n|-damage|p2a: Breloom|9\/100\n|-damage|p1a: Oricorio|0 fnt\n|faint|p1a: Oricorio\n|\n|-sideend|p1: hynax7|move: Tailwind\n|upkeep\n|turn|9\n|c|\u2606hynax7|gg\n|\n|t:|1683595183\n|move|p1b: Palafin|Jet Punch|p2a: Breloom\n|-resisted|p2a: Breloom\n|-damage|p2a: Breloom|0 fnt\n|faint|p2a: Breloom\n|move|p2b: Slowking|Grass Knot|p1b: Palafin\n|-supereffective|p1b: Palafin\n|-damage|p1b: Palafin|0 fnt\n|faint|p1b: Palafin\n|\n|win|Shanipika\n|c|\u2606Shanipika|gg\n","uploadtime":1683595191,"views":15,"p1id":"hynax7","p2id":"shanipika","formatid":"gen9vgc2023regulationc","rating":0,"private":0,"password":""}