{"id":"gen9vgc2023regulationc-1863806769","p1":"lol95","p2":"PKAB","format":"[Gen 9] VGC 2023 Regulation C","log":"|j|\u2606lol95\n|j|\u2606PKAB\n|t:|1684080100\n|gametype|doubles\n|player|p1|lol95|265|\n|player|p2|PKAB|170|\n|teamsize|p1|6\n|teamsize|p2|6\n|gen|9\n|tier|[Gen 9] VGC 2023 Regulation C\n|rule|Species Clause: Limit one of each Pok\u00e9mon\n|rule|Item Clause: Limit one of each item\n|clearpoke\n|poke|p1|Hawlucha, L50, M|\n|poke|p1|Indeedee-F, L50, F|\n|poke|p1|Armarouge, L50, M|\n|poke|p1|Palafin, L50, F|\n|poke|p1|Sandy Shocks, L50|\n|poke|p1|Chien-Pao, L50|\n|poke|p2|Talonflame, L50, M|\n|poke|p2|Gholdengo, L50|\n|poke|p2|Garchomp, L50, F|\n|poke|p2|Iron Hands, L50|\n|poke|p2|Iron Bundle, L50|\n|poke|p2|Chien-Pao, L50|\n|teampreview|4\nPKAB has agreed to open team sheets.\nlol95 has agreed to open team sheets.\n|j| Indigosaffron\n|c|\u2606lol95|gl hf :)\n|c|\u2606PKAB|o7 same to u\n|l| Indigosaffron\n|j| Breloom3912\n|j| Indigosaffron\n|\n|t:|1684080277\n|start\n|switch|p1a: Indeedee|Indeedee-F, L50, F|100\/100\n|switch|p1b: Armarouge|Armarouge, L50, M|100\/100\n|switch|p2a: Talonflame|Talonflame, L50, M|100\/100\n|switch|p2b: Garchomp|Garchomp, L50, F|100\/100\n|-fieldstart|move: Psychic Terrain|[from] ability: Psychic Surge|[of] p1a: Indeedee\n|turn|1\n|\n|t:|1684080326\n|-terastallize|p1b: Armarouge|Grass\n|move|p2a: Talonflame|Tailwind|p2a: Talonflame\n|-sidestart|p2: PKAB|move: Tailwind\n|move|p2b: Garchomp|Stomping Tantrum|p1b: Armarouge\n|-resisted|p1b: Armarouge\n|-damage|p1b: Armarouge|83\/100\n|move|p1a: Indeedee|Psychic|p2b: Garchomp\n|-damage|p2b: Garchomp|59\/100\n|move|p1b: Armarouge|Expanding Force|p2a: Talonflame|[spread] p2a,p2b\n|-damage|p2a: Talonflame|0 fnt\n|-damage|p2b: Garchomp|0 fnt\n|faint|p2a: Talonflame\n|faint|p2b: Garchomp\n|-damage|p1b: Armarouge|73\/100|[from] item: Life Orb\n|\n|upkeep\n|\n|t:|1684080330\n|switch|p2a: Chien-Pao|Chien-Pao, L50|100\/100\n|switch|p2b: Iron Bundle|Iron Bundle, L50|100\/100\n|-ability|p2a: Chien-Pao|Sword of Ruin\n|-enditem|p2b: Iron Bundle|Booster Energy\n|-activate|p2b: Iron Bundle|ability: Quark Drive|[fromitem]\n|-start|p2b: Iron Bundle|quarkdrivespe\n|turn|2\n|\n|t:|1684080384\n|move|p1a: Indeedee|Follow Me|p1a: Indeedee\n|-singleturn|p1a: Indeedee|move: Follow Me\n|move|p2b: Iron Bundle|Icy Wind|p1b: Armarouge|[spread] p1a,p1b\n|-supereffective|p1b: Armarouge\n|-damage|p1a: Indeedee|82\/100\n|-damage|p1b: Armarouge|22\/100\n|-unboost|p1a: Indeedee|spe|1\n|-unboost|p1b: Armarouge|spe|1\n|move|p2a: Chien-Pao|Ice Spinner|p1a: Indeedee\n|-damage|p1a: Indeedee|29\/100\n|-fieldend|move: Psychic Terrain\n|move|p1b: Armarouge|Armor Cannon|p2a: Chien-Pao\n|-supereffective|p2a: Chien-Pao\n|-enditem|p2a: Chien-Pao|Focus Sash\n|-damage|p2a: Chien-Pao|1\/100\n|-unboost|p1b: Armarouge|def|1\n|-unboost|p1b: Armarouge|spd|1\n|-damage|p1b: Armarouge|12\/100|[from] item: Life Orb\n|\n|upkeep\n|turn|3\n|\n|t:|1684080404\n|move|p1b: Armarouge|Protect|p1b: Armarouge\n|-singleturn|p1b: Armarouge|Protect\n|move|p1a: Indeedee|Protect|p1a: Indeedee\n|-singleturn|p1a: Indeedee|Protect\n|move|p2b: Iron Bundle|Icy Wind|p1a: Indeedee|[spread] \n|-activate|p1a: Indeedee|move: Protect\n|-activate|p1b: Armarouge|move: Protect\n|move|p2a: Chien-Pao|Sacred Sword|p1a: Indeedee\n|-activate|p1a: Indeedee|move: Protect\n|\n|upkeep\n|turn|4\n|\n|t:|1684080448\n|move|p1a: Indeedee|Protect|p1a: Indeedee\n|-singleturn|p1a: Indeedee|Protect\n|move|p2b: Iron Bundle|Icy Wind|p1b: Armarouge|[spread] p1b\n|-activate|p1a: Indeedee|move: Protect\n|-supereffective|p1b: Armarouge\n|-damage|p1b: Armarouge|0 fnt\n|faint|p1b: Armarouge\n|move|p2a: Chien-Pao|Sacred Sword|p1a: Indeedee\n|-activate|p1a: Indeedee|move: Protect\n|\n|-sideend|p2: PKAB|move: Tailwind\n|upkeep\n|\n|t:|1684080461\n|switch|p1b: Sandy Shocks|Sandy Shocks, L50, shiny|100\/100\n|-enditem|p1b: Sandy Shocks|Booster Energy\n|-activate|p1b: Sandy Shocks|ability: Protosynthesis|[fromitem]\n|-start|p1b: Sandy Shocks|protosynthesisspe\n|turn|5\n|\n|t:|1684080478\n|-terastallize|p2b: Iron Bundle|Ice\n|move|p1a: Indeedee|Follow Me|p1a: Indeedee\n|-singleturn|p1a: Indeedee|move: Follow Me\n|move|p2b: Iron Bundle|Freeze-Dry|p1a: Indeedee\n|-damage|p1a: Indeedee|0 fnt\n|faint|p1a: Indeedee\n|move|p1b: Sandy Shocks|Thunderbolt|p2b: Iron Bundle\n|-damage|p2b: Iron Bundle|18\/100\n|move|p2a: Chien-Pao|Sacred Sword|p1b: Sandy Shocks\n|-damage|p1b: Sandy Shocks|49\/100\n|\n|upkeep\n|\n|t:|1684080490\n|switch|p1a: Chien-Pao|Chien-Pao, L50|100\/100\n|-ability|p1a: Chien-Pao|Sword of Ruin\n|turn|6\n|\n|t:|1684080525\n|move|p2b: Iron Bundle|Protect|p2b: Iron Bundle\n|-singleturn|p2b: Iron Bundle|Protect\n|move|p1b: Sandy Shocks|Protect|p1b: Sandy Shocks\n|-singleturn|p1b: Sandy Shocks|Protect\n|move|p2a: Chien-Pao|Sucker Punch||[still]\n|-fail|p2a: Chien-Pao\n|move|p1a: Chien-Pao|Throat Chop|p2b: Iron Bundle\n|-activate|p2b: Iron Bundle|move: Protect\n|\n|upkeep\n|turn|7\n|\n|t:|1684080552\n|move|p2b: Iron Bundle|Freeze-Dry|p1b: Sandy Shocks\n|-supereffective|p1b: Sandy Shocks\n|-damage|p1b: Sandy Shocks|0 fnt\n|faint|p1b: Sandy Shocks\n|-end|p1b: Sandy Shocks|Protosynthesis|[silent]\n|move|p1a: Chien-Pao|Throat Chop|p2b: Iron Bundle\n|-damage|p2b: Iron Bundle|0 fnt\n|faint|p2b: Iron Bundle\n|-end|p2b: Iron Bundle|Quark Drive|[silent]\n|move|p2a: Chien-Pao|Sacred Sword|p1a: Chien-Pao\n|-supereffective|p1a: Chien-Pao\n|-enditem|p1a: Chien-Pao|Focus Sash\n|-damage|p1a: Chien-Pao|1\/100\n|\n|upkeep\n|turn|8\n|\n|t:|1684080565\n|move|p2a: Chien-Pao|Sucker Punch|p1a: Chien-Pao\n|-resisted|p1a: Chien-Pao\n|-damage|p1a: Chien-Pao|0 fnt\n|faint|p1a: Chien-Pao\n|\n|win|PKAB\n|j| Orangex733\n|l| Breloom3912\n|c|\u2606lol95|gg\n|l| Indigosaffron\n|j| superstar jamie\n|l| superstar jamie\n|l| Orangex733\n|l|\u2606lol95\n","uploadtime":1684080578,"views":16,"p1id":"lol95","p2id":"pkab","formatid":"gen9vgc2023regulationc","rating":0,"private":0,"password":""}