{"id":"gen9vgc2023regulationc-1851242056","p1":"metalgymleader","p2":"nikaso","format":"[Gen 9] VGC 2023 Regulation C","log":"|j|\u2606metalgymleader\n|j|\u2606nikaso\n|t:|1682428709\n|gametype|doubles\n|player|p1|metalgymleader|colress|1000\n|player|p2|nikaso|266|1027\n|teamsize|p1|6\n|teamsize|p2|6\n|gen|9\n|tier|[Gen 9] VGC 2023 Regulation C\n|rated|\n|rule|Species Clause: Limit one of each Pok\u00e9mon\n|rule|Item Clause: Limit one of each item\n|clearpoke\n|poke|p1|Klefki, L50, F|\n|poke|p1|Corviknight, L50, F|\n|poke|p1|Chi-Yu, L50|\n|poke|p1|Flutter Mane, L50|\n|poke|p1|Roaring Moon, L50|\n|poke|p1|Annihilape, L50, F|\n|poke|p2|Arcanine, L50, M|\n|poke|p2|Dragapult, L50, M|\n|poke|p2|Chien-Pao, L50|\n|poke|p2|Amoonguss, L50, M|\n|poke|p2|Flutter Mane, L50|\n|poke|p2|Palafin, L50, M|\n|teampreview|4\n|\n|t:|1682428744\n|start\n|switch|p1a: Corviknight|Corviknight, L50, F|100\/100\n|switch|p1b: Roaring Moon|Roaring Moon, L50|100\/100\n|switch|p2a: Palafin|Palafin, L50, M, shiny|100\/100\n|switch|p2b: Chien-Pao|Chien-Pao, L50|100\/100\n|-ability|p2b: Chien-Pao|Sword of Ruin\n|-enditem|p1b: Roaring Moon|Booster Energy\n|-activate|p1b: Roaring Moon|ability: Protosynthesis|[fromitem]\n|-start|p1b: Roaring Moon|protosynthesisatk\n|turn|1\n|\n|t:|1682428777\n|detailschange|p2a: Palafin|Palafin-Hero, L50, M, shiny\n|switch|p2a: Flutter Mane|Flutter Mane, L50|100\/100\n|-enditem|p2a: Flutter Mane|Booster Energy\n|-activate|p2a: Flutter Mane|ability: Protosynthesis|[fromitem]\n|-start|p2a: Flutter Mane|protosynthesisspe\n|move|p1b: Roaring Moon|Protect|p1b: Roaring Moon\n|-singleturn|p1b: Roaring Moon|Protect\n|move|p2b: Chien-Pao|Sacred Sword|p1b: Roaring Moon\n|-activate|p1b: Roaring Moon|move: Protect\n|move|p1a: Corviknight|Tailwind|p1a: Corviknight\n|-sidestart|p1: metalgymleader|move: Tailwind\n|\n|upkeep\n|turn|2\n|\n|t:|1682428815\n|move|p2a: Flutter Mane|Shadow Ball|p1a: Corviknight\n|-damage|p1a: Corviknight|62\/100\n|-ability|p1a: Corviknight|Mirror Armor\n|-unboost|p2a: Flutter Mane|spd|1\n|move|p1b: Roaring Moon|Acrobatics|p2a: Flutter Mane\n|-damage|p2a: Flutter Mane|0 fnt\n|faint|p2a: Flutter Mane\n|-end|p2a: Flutter Mane|Protosynthesis|[silent]\n|move|p2b: Chien-Pao|Sacred Sword|p1b: Roaring Moon\n|-supereffective|p1b: Roaring Moon\n|-damage|p1b: Roaring Moon|19\/100\n|move|p1a: Corviknight|Brave Bird|p2b: Chien-Pao\n|-damage|p2b: Chien-Pao|42\/100\n|-damage|p1a: Corviknight|47\/100|[from] Recoil\n|-enditem|p1a: Corviknight|Sitrus Berry|[eat]\n|-heal|p1a: Corviknight|72\/100|[from] item: Sitrus Berry\n|\n|upkeep\n|\n|t:|1682428836\n|switch|p2a: Palafin|Palafin-Hero, L50, M, shiny|100\/100\n|-activate|p2a: Palafin|ability: Zero to Hero\n|turn|3\n|\n|t:|1682428853\n|-terastallize|p2a: Palafin|Water\n|move|p2b: Chien-Pao|Sucker Punch|p1b: Roaring Moon\n|-resisted|p1b: Roaring Moon\n|-damage|p1b: Roaring Moon|0 fnt\n|faint|p1b: Roaring Moon\n|-end|p1b: Roaring Moon|Protosynthesis|[silent]\n|move|p1a: Corviknight|Brave Bird|p2b: Chien-Pao\n|-damage|p2b: Chien-Pao|0 fnt\n|faint|p2b: Chien-Pao\n|-damage|p1a: Corviknight|62\/100|[from] Recoil\n|move|p2a: Palafin|Wave Crash|p1a: Corviknight\n|-damage|p1a: Corviknight|0 fnt\n|faint|p1a: Corviknight\n|-damage|p2a: Palafin|81\/100|[from] Recoil\n|\n|upkeep\n|\n|t:|1682428868\n|switch|p2b: Timon|Arcanine, L50, M, shiny|100\/100\n|switch|p1b: Annihilape|Annihilape, L50, F|100\/100\n|switch|p1a: Chi-Yu|Chi-Yu, L50|100\/100\n|-ability|p1a: Chi-Yu|Beads of Ruin\n|-ability|p2b: Timon|Intimidate|boost\n|-unboost|p1a: Chi-Yu|atk|1\n|-unboost|p1b: Annihilape|atk|1\n|-ability|p1b: Annihilape|Defiant|boost\n|-boost|p1b: Annihilape|atk|2\n|turn|4\n|\n|t:|1682428891\n|-terastallize|p1b: Annihilape|Water\n|move|p2a: Palafin|Jet Punch|p1b: Annihilape\n|-resisted|p1b: Annihilape\n|-damage|p1b: Annihilape|66\/100\n|move|p1a: Chi-Yu|Dark Pulse|p2b: Timon\n|-damage|p2b: Timon|7\/100\n|-damage|p1a: Chi-Yu|91\/100|[from] item: Life Orb\n|move|p1b: Annihilape|Drain Punch|p2b: Timon\n|-damage|p2b: Timon|0 fnt\n|-heal|p1b: Annihilape|69\/100|[from] drain|[of] p2b: Timon\n|faint|p2b: Timon\n|\n|-heal|p1b: Annihilape|75\/100|[from] item: Leftovers\n|-sideend|p1: metalgymleader|move: Tailwind\n|upkeep\n|turn|5\n|-message|nikaso forfeited.\n|\n|win|metalgymleader\n|raw|metalgymleader's rating: 1000 → 1048<\/strong> (+48 for winning)\n|raw|nikaso's rating: 1073 → 1048<\/strong> (-25 for losing)\n|l|\u2606nikaso\n","uploadtime":1682429022,"views":13,"p1id":"metalgymleader","p2id":"nikaso","formatid":"gen9vgc2023regulationc","rating":1048,"private":0,"password":""}