{"id":"gen9vgc2023regulationc-1859481671","p1":"jaibee96","p2":"LumineonVGC","format":"[Gen 9] VGC 2023 Regulation C","log":"|j|\u2606jaibee96\n|j|\u203dLumineonVGC\n|t:|1683474089\n|gametype|doubles\n|player|p1|jaibee96|169|1216\n|player|p2|LumineonVGC|169|1317\n|teamsize|p1|6\n|teamsize|p2|6\n|gen|9\n|tier|[Gen 9] VGC 2023 Regulation C\n|rated|\n|rule|Species Clause: Limit one of each Pok\u00e9mon\n|rule|Item Clause: Limit one of each item\n|clearpoke\n|poke|p1|Slowbro, L50, F|\n|poke|p1|Gastrodon, L50, F|\n|poke|p1|Azumarill, L50, F|\n|poke|p1|Barraskewda, L50, F|\n|poke|p1|Palafin, L50, F|\n|poke|p1|Pelipper, L50, M|\n|poke|p2|Flutter Mane, L50|\n|poke|p2|Chi-Yu, L50|\n|poke|p2|Gyarados, L50, M|\n|poke|p2|Amoonguss, L50, M|\n|poke|p2|Iron Hands, L50|\n|poke|p2|Lumineon, L50, M|\n|teampreview|4\n|inactive|Battle timer is ON: inactive players will automatically lose when time's up. (requested by LumineonVGC)\n|inactive|jaibee96 has 60 seconds left.\n|inactive|LumineonVGC has 60 seconds left.\n|inactive|LumineonVGC has 30 seconds left.\n|inactive|LumineonVGC has 20 seconds left.\n|\n|t:|1683474160\n|start\n|switch|p1a: Slowbro|Slowbro, L50, F|100\/100\n|switch|p1b: Pelipper|Pelipper, L50, M|100\/100\n|switch|p2a: Chi-Yu|Chi-Yu, L50|100\/100\n|switch|p2b: Iron Hands|Iron Hands, L50|100\/100\n|-ability|p2a: Chi-Yu|Beads of Ruin\n|-weather|RainDance|[from] ability: Drizzle|[of] p1b: Pelipper\n|turn|1\n|inactive|jaibee96 has 30 seconds left.\n|inactive|jaibee96 has 20 seconds left.\n|\n|t:|1683474200\n|switch|p1b: Gastrodon|Gastrodon, L50, F|100\/100\n|-terastallize|p2a: Chi-Yu|Grass\n|-terastallize|p1a: Slowbro|Steel\n|move|p2b: Iron Hands|Fake Out|p1b: Gastrodon\n|-damage|p1b: Gastrodon|87\/100\n|move|p2a: Chi-Yu|Tera Blast|p1a: Slowbro\n|-resisted|p1a: Slowbro\n|-damage|p1a: Slowbro|76\/100\n|move|p1a: Slowbro|Trick Room|p1a: Slowbro\n|-fieldstart|move: Trick Room|[of] p1a: Slowbro\n|\n|-weather|RainDance|[upkeep]\n|upkeep\n|turn|2\n|\n|t:|1683474221\n|move|p1a: Slowbro|Surf|p2b: Iron Hands|[spread] p2a,p2b\n|-ability|p1b: Gastrodon|Storm Drain|boost\n|-boost|p1b: Gastrodon|spa|1\n|-resisted|p2a: Chi-Yu\n|-damage|p2a: Chi-Yu|82\/100\n|-damage|p2b: Iron Hands|78\/100\n|move|p1b: Gastrodon|Ice Beam|p2a: Chi-Yu\n|-supereffective|p2a: Chi-Yu\n|-damage|p2a: Chi-Yu|4\/100\n|move|p2b: Iron Hands|Drain Punch|p1a: Slowbro\n|-supereffective|p1a: Slowbro\n|-damage|p1a: Slowbro|22\/100\n|-heal|p2b: Iron Hands|99\/100|[from] drain|[of] p1a: Slowbro\n|move|p2a: Chi-Yu|Tera Blast|p1b: Gastrodon\n|-supereffective|p1b: Gastrodon\n|-damage|p1b: Gastrodon|0 fnt\n|faint|p1b: Gastrodon\n|\n|-weather|RainDance|[upkeep]\n|upkeep\n|\n|t:|1683474240\n|switch|p1b: Azumarill|Azumarill, L50, F|100\/100\n|-enditem|p1b: Azumarill|Room Service\n|-unboost|p1b: Azumarill|spe|1|[from] item: Room Service\n|turn|3\n|inactive|LumineonVGC has 30 seconds left.\n|\n|t:|1683474266\n|move|p1a: Slowbro|Surf|p2b: Iron Hands|[spread] p1b,p2a,p2b\n|-resisted|p1b: Azumarill\n|-resisted|p2a: Chi-Yu\n|-damage|p1b: Azumarill|76\/100\n|-damage|p2a: Chi-Yu|0 fnt\n|-damage|p2b: Iron Hands|78\/100\n|faint|p2a: Chi-Yu\n|move|p1b: Azumarill|Play Rough|p2b: Iron Hands\n|-supereffective|p2b: Iron Hands\n|-damage|p2b: Iron Hands|7\/100\n|move|p2b: Iron Hands|Drain Punch|p1a: Slowbro\n|-supereffective|p1a: Slowbro\n|-damage|p1a: Slowbro|0 fnt\n|-heal|p2b: Iron Hands|16\/100|[from] drain|[of] p1a: Slowbro\n|faint|p1a: Slowbro\n|\n|-weather|RainDance|[upkeep]\n|upkeep\n|\n|t:|1683474281\n|switch|p1a: Pelipper|Pelipper, L50, M|100\/100\n|switch|p2a: Amoonguss|Amoonguss, L50, M|100\/100\n|turn|4\n|inactive|LumineonVGC has 30 seconds left.\n|\n|t:|1683474315\n|move|p2a: Amoonguss|Rage Powder|p2a: Amoonguss\n|-singleturn|p2a: Amoonguss|move: Rage Powder\n|move|p1b: Azumarill|Surf|p2b: Iron Hands|[spread] p1a,p2a,p2b\n|-resisted|p1a: Pelipper\n|-resisted|p2a: Amoonguss\n|-damage|p1a: Pelipper|86\/100\n|-damage|p2a: Amoonguss|91\/100\n|-damage|p2b: Iron Hands|5\/100\n|move|p1a: Pelipper|Hurricane|p2a: Amoonguss\n|-supereffective|p2a: Amoonguss\n|-damage|p2a: Amoonguss|13\/100\n|-start|p2a: Amoonguss|confusion\n|-enditem|p2a: Amoonguss|Sitrus Berry|[eat]\n|-heal|p2a: Amoonguss|38\/100|[from] item: Sitrus Berry\n|move|p2b: Iron Hands|Wild Charge|p1a: Pelipper\n|-supereffective|p1a: Pelipper\n|-damage|p1a: Pelipper|0 fnt\n|faint|p1a: Pelipper\n|-damage|p2b: Iron Hands|0 fnt|[from] Recoil\n|faint|p2b: Iron Hands\n|-end|p2b: Iron Hands|Quark Drive|[silent]\n|\n|-weather|RainDance|[upkeep]\n|upkeep\n|\n|t:|1683474328\n|switch|p2b: Lumineon|Lumineon, L50, M|100\/100\n|turn|5\n|\n|t:|1683474340\n|-activate|p2a: Amoonguss|confusion\n|move|p2a: Amoonguss|Rage Powder|p2a: Amoonguss\n|-singleturn|p2a: Amoonguss|move: Rage Powder\n|move|p1b: Azumarill|Liquidation|p2a: Amoonguss\n|-resisted|p2a: Amoonguss\n|-damage|p2a: Amoonguss|5\/100\n|move|p2b: Lumineon|Chilling Water|p1b: Azumarill\n|-resisted|p1b: Azumarill\n|-damage|p1b: Azumarill|60\/100\n|-unboost|p1b: Azumarill|atk|1\n|\n|-weather|none\n|-fieldend|move: Trick Room\n|upkeep\n|turn|6\n|\n|t:|1683474354\n|-activate|p2a: Amoonguss|confusion\n|move|p2a: Amoonguss|Protect|p2a: Amoonguss\n|-singleturn|p2a: Amoonguss|Protect\n|move|p2b: Lumineon|Chilling Water|p1b: Azumarill\n|-resisted|p1b: Azumarill\n|-damage|p1b: Azumarill|51\/100\n|-unboost|p1b: Azumarill|atk|1\n|move|p1b: Azumarill|Liquidation|p2b: Lumineon\n|-activate|p2b: Lumineon|ability: Storm Drain\n|-ability|p2b: Lumineon|Storm Drain|boost\n|-boost|p2b: Lumineon|spa|1\n|\n|upkeep\n|turn|7\n|\n|t:|1683474371\n|move|p2b: Lumineon|Chilling Water|p1b: Azumarill\n|-resisted|p1b: Azumarill\n|-damage|p1b: Azumarill|35\/100\n|-unboost|p1b: Azumarill|atk|1\n|-activate|p2a: Amoonguss|confusion\n|move|p2a: Amoonguss|Spore|p1b: Azumarill\n|-status|p1b: Azumarill|slp|[from] move: Spore\n|cant|p1b: Azumarill|slp\n|\n|upkeep\n|turn|8\n|\n|t:|1683474384\n|-end|p2a: Amoonguss|confusion\n|move|p2a: Amoonguss|Rage Powder|p2a: Amoonguss\n|-singleturn|p2a: Amoonguss|move: Rage Powder\n|move|p2b: Lumineon|Chilling Water|p1b: Azumarill\n|-resisted|p1b: Azumarill\n|-damage|p1b: Azumarill|21\/100 slp\n|-unboost|p1b: Azumarill|atk|1\n|cant|p1b: Azumarill|slp\n|\n|upkeep\n|turn|9\n|\n|t:|1683474396\n|move|p2b: Lumineon|Chilling Water|p1b: Azumarill\n|-resisted|p1b: Azumarill\n|-damage|p1b: Azumarill|7\/100 slp\n|-unboost|p1b: Azumarill|atk|1\n|move|p2a: Amoonguss|Pollen Puff|p2b: Lumineon\n|-immune|p2b: Lumineon\n|cant|p1b: Azumarill|slp\n|\n|upkeep\n|turn|10\n|\n|t:|1683474410\n|move|p2a: Amoonguss|Protect|p2a: Amoonguss\n|-singleturn|p2a: Amoonguss|Protect\n|move|p2b: Lumineon|Chilling Water|p1b: Azumarill\n|-resisted|p1b: Azumarill\n|-damage|p1b: Azumarill|0 fnt\n|faint|p1b: Azumarill\n|\n|win|LumineonVGC\n|raw|jaibee96's rating: 1216 → 1198<\/strong> (-18 for losing)\n|raw|LumineonVGC's rating: 1317 → 1331<\/strong> (+14 for winning)\n|l|\u2606jaibee96\n","uploadtime":1683474420,"views":12,"p1id":"jaibee96","p2id":"lumineonvgc","formatid":"gen9vgc2023regulationc","rating":1198,"private":0,"password":""}