{"id":"gen9vgc2023regulationc-1847715828","p1":"ob0b","p2":"JiangTang","format":"[Gen 9] VGC 2023 Regulation C","log":"|j|\u2606ob0b\n|j|\u2606JiangTang\n|t:|1681995550\n|gametype|doubles\n|player|p1|ob0b|swimmer-gen4|1332\n|player|p2|JiangTang|red|1283\n|teamsize|p1|6\n|teamsize|p2|6\n|gen|9\n|tier|[Gen 9] VGC 2023 Regulation C\n|rated|\n|rule|Species Clause: Limit one of each Pok\u00e9mon\n|rule|Item Clause: Limit one of each item\n|clearpoke\n|poke|p1|Indeedee-F, L50, F|\n|poke|p1|Armarouge, L50, M|\n|poke|p1|Torkoal, L50, F|\n|poke|p1|Hariyama, L50, M|\n|poke|p1|Hatterene, L50, F|\n|poke|p1|Iron Hands, L50|\n|poke|p2|Lycanroc-Dusk, L50, M|\n|poke|p2|Chien-Pao, L50|\n|poke|p2|Grafaiai, L50, F|\n|poke|p2|Chi-Yu, L50|\n|poke|p2|Flutter Mane, L50|\n|poke|p2|Iron Bundle, L50|\n|teampreview|4\n|inactive|Battle timer is ON: inactive players will automatically lose when time's up. (requested by ob0b)\nob0b rejected open team sheets.\n|inactive|ob0b has 60 seconds left.\n|inactive|JiangTang has 60 seconds left.\n|\n|t:|1681995604\n|start\n|switch|p1a: Inseedee|Indeedee-F, L50, F|100\/100\n|switch|p1b: Hut|Armarouge, L50, M|100\/100\n|switch|p2a: Iron Bundle|Iron Bundle, L50, shiny|100\/100\n|switch|p2b: Flutter Mane|Flutter Mane, L50|100\/100\n|-fieldstart|move: Psychic Terrain|[from] ability: Psychic Surge|[of] p1a: Inseedee\n|-enditem|p1a: Inseedee|Psychic Seed\n|-boost|p1a: Inseedee|spd|1|[from] item: Psychic Seed\n|-enditem|p2a: Iron Bundle|Booster Energy\n|-activate|p2a: Iron Bundle|ability: Quark Drive|[fromitem]\n|-start|p2a: Iron Bundle|quarkdrivespe\n|turn|1\n|inactive|JiangTang has 30 seconds left.\n|inactive|JiangTang has 20 seconds left.\n|inactive|JiangTang has 15 seconds left.\n|inactive|JiangTang has 10 seconds left.\n|inactive|JiangTang has 5 seconds left.\n|\n|t:|1681995659\n|move|p1a: Inseedee|Follow Me|p1a: Inseedee\n|-singleturn|p1a: Inseedee|move: Follow Me\n|move|p2a: Iron Bundle|Electric Terrain|p2a: Iron Bundle\n|-fieldstart|move: Electric Terrain\n|move|p2b: Flutter Mane|Shadow Ball|p1a: Inseedee\n|-immune|p1a: Inseedee\n|move|p1b: Hut|Trick Room|p1b: Hut\n|-fieldstart|move: Trick Room|[of] p1b: Hut\n|\n|upkeep\n|turn|2\n|inactive|ob0b has 30 seconds left.\n|inactive|JiangTang has 30 seconds left.\n|inactive|JiangTang has 20 seconds left.\n|inactive|JiangTang has 15 seconds left.\n|inactive|JiangTang has 10 seconds left.\n|\n|t:|1681995707\n|switch|p1a: 30|Hariyama, L50, M, shiny|100\/100\n|-end|p2b: Flutter Mane|Protosynthesis|[silent]\n|switch|p2b: Lycanroc|Lycanroc-Dusk, L50, M|100\/100\n|-terastallize|p1b: Hut|Fire\n|move|p1b: Hut|Expanding Force|p2a: Iron Bundle\n|-damage|p2a: Iron Bundle|43\/100\n|move|p2a: Iron Bundle|Encore|p1b: Hut\n|-start|p1b: Hut|Encore\n|\n|-status|p1a: 30|brn|[from] item: Flame Orb\n|upkeep\n|turn|3\n|inactive|JiangTang has 30 seconds left.\n|inactive|JiangTang has 20 seconds left.\n|inactive|JiangTang has 15 seconds left.\n|\n|t:|1681995749\n|switch|p1a: Inseedee|Indeedee-F, L50, F|100\/100\n|-fieldstart|move: Psychic Terrain|[from] ability: Psychic Surge|[of] p1a: Inseedee\n|move|p2b: Lycanroc|Accelerock|p1b: Hut\n|-activate|p1b: Hut|move: Psychic Terrain\n|move|p1b: Hut|Expanding Force|p2a: Iron Bundle|[spread] p2a,p2b\n|-damage|p2a: Iron Bundle|0 fnt\n|-damage|p2b: Lycanroc|0 fnt\n|faint|p2a: Iron Bundle\n|-end|p2a: Iron Bundle|Quark Drive|[silent]\n|faint|p2b: Lycanroc\n|\n|upkeep\n|\n|t:|1681995763\n|switch|p2b: Flutter Mane|Flutter Mane, L50|100\/100\n|switch|p2a: Chien-Pao|Chien-Pao, L50|100\/100\n|-ability|p2a: Chien-Pao|Sword of Ruin\n|turn|4\n|inactive|ob0b has 30 seconds left.\n|inactive|ob0b has 20 seconds left.\n|\n|t:|1681995798\n|-terastallize|p2b: Flutter Mane|Fairy\n|move|p1b: Hut|Expanding Force|p2b: Flutter Mane|[spread] p2b\n|-immune|p2a: Chien-Pao\n|-damage|p2b: Flutter Mane|32\/100\n|move|p1a: Inseedee|Dazzling Gleam|p2a: Chien-Pao|[spread] p2a,p2b\n|-supereffective|p2a: Chien-Pao\n|-damage|p2a: Chien-Pao|57\/100\n|-damage|p2b: Flutter Mane|18\/100\n|move|p2a: Chien-Pao|Ice Spinner|p1b: Hut\n|-resisted|p1b: Hut\n|-damage|p1b: Hut|75\/100\n|-fieldend|move: Psychic Terrain\n|move|p2b: Flutter Mane|Dazzling Gleam|p1a: Inseedee|[spread] p1a,p1b\n|-resisted|p1b: Hut\n|-damage|p1a: Inseedee|39\/100\n|-damage|p1b: Hut|41\/100\n|\n|upkeep\n|turn|5\n|\n|t:|1681995820\n|move|p2a: Chien-Pao|Protect|p2a: Chien-Pao\n|-singleturn|p2a: Chien-Pao|Protect\n|move|p1a: Inseedee|Follow Me|p1a: Inseedee\n|-singleturn|p1a: Inseedee|move: Follow Me\n|move|p1b: Hut|Expanding Force|p2a: Chien-Pao\n|-activate|p2a: Chien-Pao|move: Protect\n|move|p2b: Flutter Mane|Dazzling Gleam|p1b: Hut|[spread] p1a,p1b\n|-resisted|p1b: Hut\n|-crit|p1b: Hut\n|-damage|p1a: Inseedee|0 fnt\n|-damage|p1b: Hut|0 fnt\n|faint|p1a: Inseedee\n|faint|p1b: Hut\n|\n|-fieldend|move: Trick Room\n|upkeep\n|\n|t:|1681995836\n|switch|p1a: 30|Hariyama, L50, M, shiny|100\/100 brn\n|switch|p1b: Dewtree|Hatterene, L50, F, shiny|100\/100\n|turn|6\n|\n|t:|1681995855\n|move|p2a: Chien-Pao|Sucker Punch|p1a: 30\n|-resisted|p1a: 30\n|-damage|p1a: 30|75\/100 brn\n|move|p2b: Flutter Mane|Dazzling Gleam|p1b: Dewtree|[spread] p1a,p1b\n|-supereffective|p1a: 30\n|-damage|p1a: 30|0 fnt\n|-damage|p1b: Dewtree|36\/100\n|faint|p1a: 30\n|move|p1b: Dewtree|Trick Room|p1b: Dewtree\n|-fieldstart|move: Trick Room|[of] p1b: Dewtree\n|\n|upkeep\n|turn|7\n|-message|ob0b forfeited.\n|\n|win|JiangTang\n|raw|ob0b's rating: 1332 → 1309<\/strong> (-23 for losing)\n|raw|JiangTang's rating: 1283 → 1312<\/strong> (+29 for winning)\n|l|\u2606ob0b\n","uploadtime":1681995869,"views":8,"p1id":"ob0b","p2id":"jiangtang","formatid":"gen9vgc2023regulationc","rating":1309,"private":0,"password":""}