{"id":"gen9vgc2023regulationc-1858239926","p1":"fmvtis","p2":"mpduncan75","format":"[Gen 9] VGC 2023 Regulation C","log":"|j|\u2606fmvtis\n|j|\u2606mpduncan75\n|t:|1683294327\n|gametype|doubles\n|player|p1|fmvtis|ghetsis|1205\n|player|p2|mpduncan75|265|1229\n|teamsize|p1|6\n|teamsize|p2|6\n|gen|9\n|tier|[Gen 9] VGC 2023 Regulation C\n|rated|\n|rule|Species Clause: Limit one of each Pok\u00e9mon\n|rule|Item Clause: Limit one of each item\n|clearpoke\n|poke|p1|Tatsugiri-Droopy, L50, M|\n|poke|p1|Glimmora, L50, M|\n|poke|p1|Chi-Yu, L50|\n|poke|p1|Flutter Mane, L50|\n|poke|p1|Dondozo, L50, F|\n|poke|p1|Scizor, L50, M|\n|poke|p2|Scizor, L50, F|\n|poke|p2|Amoonguss, L50, F|\n|poke|p2|Tinkaton, L50, F|\n|poke|p2|Iron Hands, L50|\n|poke|p2|Iron Bundle, L50|\n|poke|p2|Ceruledge, L50, F|\n|teampreview|4\n|inactive|Battle timer is ON: inactive players will automatically lose when time's up. (requested by mpduncan75)\n|\n|t:|1683294355\n|start\n|switch|p1a: Glimmora|Glimmora, L50, M|100\/100\n|switch|p1b: Flutter Mane|Flutter Mane, L50|100\/100\n|switch|p2a: Iron Hands|Iron Hands, L50|100\/100\n|switch|p2b: Tinkaton|Tinkaton, L50, F|100\/100\n|-ability|p2b: Tinkaton|Mold Breaker\n|turn|1\n|inactive|fmvtis has 30 seconds left.\n|\n|t:|1683294381\n|move|p2a: Iron Hands|Detect|p2a: Iron Hands\n|-singleturn|p2a: Iron Hands|Protect\n|move|p1b: Flutter Mane|Moonblast|p2a: Iron Hands\n|-activate|p2a: Iron Hands|move: Protect\n|move|p1a: Glimmora|Earth Power|p2b: Tinkaton\n|-supereffective|p2b: Tinkaton\n|-damage|p2b: Tinkaton|50\/100\n|move|p2b: Tinkaton|Gigaton Hammer|p1b: Flutter Mane\n|-supereffective|p1b: Flutter Mane\n|-damage|p1b: Flutter Mane|0 fnt\n|faint|p1b: Flutter Mane\n|-end|p1b: Flutter Mane|Protosynthesis|[silent]\n|\n|upkeep\n|\n|t:|1683294393\n|switch|p1b: Chi-Yu|Chi-Yu, L50|100\/100\n|-ability|p1b: Chi-Yu|Beads of Ruin\n|turn|2\n|\n|t:|1683294407\n|switch|p2b: Ceruledge|Ceruledge, L50, F|100\/100\n|move|p1b: Chi-Yu|Heat Wave|p2a: Iron Hands|[spread] p2a\n|-start|p2b: Ceruledge|ability: Flash Fire\n|-damage|p2a: Iron Hands|54\/100\n|move|p1a: Glimmora|Earth Power|p2a: Iron Hands\n|-supereffective|p2a: Iron Hands\n|-damage|p2a: Iron Hands|0 fnt\n|faint|p2a: Iron Hands\n|-end|p2a: Iron Hands|Quark Drive|[silent]\n|\n|upkeep\n|\n|t:|1683294419\n|switch|p2a: Tinkaton|Tinkaton, L50, F|50\/100\n|-ability|p2a: Tinkaton|Mold Breaker\n|turn|3\n|inactive|fmvtis has 30 seconds left.\n|\n|t:|1683294446\n|switch|p1b: Scizor|Scizor, L50, M|100\/100\n|move|p2a: Tinkaton|Fake Out|p1a: Glimmora\n|-resisted|p1a: Glimmora\n|-damage|p1a: Glimmora|96\/100\n|-activate|p1a: Glimmora|ability: Toxic Debris\n|-sidestart|p2: mpduncan75|move: Toxic Spikes\n|cant|p1a: Glimmora|flinch\n|move|p2b: Ceruledge|Bitter Blade|p1b: Scizor\n|-supereffective|p1b: Scizor\n|-damage|p1b: Scizor|0 fnt\n|faint|p1b: Scizor\n|\n|upkeep\n|\n|t:|1683294452\n|switch|p1b: Chi-Yu|Chi-Yu, L50|100\/100\n|-ability|p1b: Chi-Yu|Beads of Ruin\n|turn|4\n|inactive|fmvtis has 30 seconds left.\n|inactive|mpduncan75 has 30 seconds left.\n|\n|t:|1683294479\n|-terastallize|p1b: Chi-Yu|Grass\n|-terastallize|p2b: Ceruledge|Grass\n|move|p1b: Chi-Yu|Dark Pulse|p2b: Ceruledge\n|-damage|p2b: Ceruledge|58\/100\n|move|p1a: Glimmora|Earth Power|p2a: Tinkaton\n|-supereffective|p2a: Tinkaton\n|-damage|p2a: Tinkaton|0 fnt\n|faint|p2a: Tinkaton\n|cant|p2b: Ceruledge|flinch\n|\n|upkeep\n|\n|t:|1683294491\n|switch|p2a: Iron Bundle|Iron Bundle, L50|100\/100\n|-status|p2a: Iron Bundle|psn\n|turn|5\n|\n|t:|1683294499\n|move|p2a: Iron Bundle|Protect|p2a: Iron Bundle\n|-singleturn|p2a: Iron Bundle|Protect\n|move|p1b: Chi-Yu|Dark Pulse|p2a: Iron Bundle\n|-activate|p2a: Iron Bundle|move: Protect\n|move|p1a: Glimmora|Energy Ball|p2a: Iron Bundle\n|-activate|p2a: Iron Bundle|move: Protect\n|move|p2b: Ceruledge|Bitter Blade|p1b: Chi-Yu\n|-supereffective|p1b: Chi-Yu\n|-damage|p1b: Chi-Yu|0 fnt\n|-heal|p2b: Ceruledge|94\/100|[from] drain|[of] p1b: Chi-Yu\n|faint|p1b: Chi-Yu\n|\n|-damage|p2a: Iron Bundle|88\/100 psn|[from] psn\n|upkeep\n|turn|6\n|\n|t:|1683294519\n|move|p2a: Iron Bundle|Hydro Pump|p1a: Glimmora\n|-supereffective|p1a: Glimmora\n|-damage|p1a: Glimmora|0 fnt\n|faint|p1a: Glimmora\n|\n|win|mpduncan75\n|raw|fmvtis's rating: 1205 → 1182<\/strong> (-23 for losing)\n|raw|mpduncan75's rating: 1229 → 1252<\/strong> (+23 for winning)\n|l|\u2606mpduncan75\n|l|\u2606fmvtis\n","uploadtime":1683294531,"views":7,"p1id":"fmvtis","p2id":"mpduncan75","formatid":"gen9vgc2023regulationc","rating":1182,"private":0,"password":""}