{"id":"gen9vgc2023regulationc-1860991928","p1":"RazorSquid","p2":"Rico Vasquez","format":"[Gen 9] VGC 2023 Regulation C","log":"|j|\u2606RazorSquid\n|j|\u2606Rico Vasquez\n|t:|1683709949\n|gametype|doubles\n|player|p1|RazorSquid|roughneck-gen4|1150\n|player|p2|Rico Vasquez|swimmer-gen4dp|1204\n|teamsize|p1|6\n|teamsize|p2|6\n|gen|9\n|tier|[Gen 9] VGC 2023 Regulation C\n|rated|\n|rule|Species Clause: Limit one of each Pok\u00e9mon\n|rule|Item Clause: Limit one of each item\n|clearpoke\n|poke|p1|Iron Bundle, L50|\n|poke|p1|Vivillon, L50, M|\n|poke|p1|Abomasnow, L50, M|\n|poke|p1|Annihilape, L50, F|\n|poke|p1|Chien-Pao, L50|\n|poke|p1|Ting-Lu, L50|\n|poke|p2|Flutter Mane, L50|\n|poke|p2|Roaring Moon, L50|\n|poke|p2|Wo-Chien, L50|\n|poke|p2|Torkoal, L50, F|\n|poke|p2|Noivern, L50, F|\n|poke|p2|Quaquaval, L50, F|\n|teampreview|4\n|inactive|Battle timer is ON: inactive players will automatically lose when time's up. (requested by RazorSquid)\n|inactive|RazorSquid has 60 seconds left.\n|inactive|Rico Vasquez has 60 seconds left.\n|\n|t:|1683710005\n|start\n|switch|p1a: Vivillon|Vivillon, L50, M|100\/100\n|switch|p1b: Annihilape|Annihilape, L50, F|100\/100\n|switch|p2a: Flutter Mane|Flutter Mane, L50|100\/100\n|switch|p2b: Wo-Chien|Wo-Chien, L50|100\/100\n|-ability|p2b: Wo-Chien|Tablets of Ruin\n|turn|1\n|inactive|RazorSquid has 30 seconds left.\n|inactive|Rico Vasquez has 30 seconds left.\n|inactive|Rico Vasquez has 20 seconds left.\n|inactive|Rico Vasquez has 15 seconds left.\n|inactive|Rico Vasquez has 10 seconds left.\n|\n|t:|1683710055\n|-terastallize|p1b: Annihilape|Fire\n|move|p1a: Vivillon|Rage Powder|p1a: Vivillon\n|-singleturn|p1a: Vivillon|move: Rage Powder\n|move|p1b: Annihilape|Bulk Up|p1b: Annihilape\n|-boost|p1b: Annihilape|atk|1\n|-boost|p1b: Annihilape|def|1\n|move|p2b: Wo-Chien|Leaf Storm|p1b: Annihilape\n|-resisted|p1b: Annihilape\n|-damage|p1b: Annihilape|83\/100\n|-unboost|p2b: Wo-Chien|spa|2\n|-enditem|p2b: Wo-Chien|Eject Pack\n|\n|t:|1683710070\n|switch|p2b: Quaquaval|Quaquaval, L50, F, shiny|100\/100\n|move|p2a: Flutter Mane|Trick Room|p2a: Flutter Mane\n|-fieldstart|move: Trick Room|[of] p2a: Flutter Mane\n|-enditem|p2a: Flutter Mane|Room Service\n|-unboost|p2a: Flutter Mane|spe|1|[from] item: Room Service\n|\n|-heal|p1b: Annihilape|89\/100|[from] item: Leftovers\n|upkeep\n|turn|2\n|inactive|Rico Vasquez has 30 seconds left.\n|\n|t:|1683710098\n|move|p1a: Vivillon|Rage Powder|p1a: Vivillon\n|-singleturn|p1a: Vivillon|move: Rage Powder\n|move|p2a: Flutter Mane|Substitute|p2a: Flutter Mane\n|-start|p2a: Flutter Mane|Substitute\n|-damage|p2a: Flutter Mane|76\/100\n|move|p2b: Quaquaval|Aqua Step|p1a: Vivillon\n|-enditem|p1a: Vivillon|Focus Sash\n|-damage|p1a: Vivillon|1\/100\n|-boost|p2b: Quaquaval|spe|1\n|-damage|p2b: Quaquaval|91\/100|[from] item: Life Orb\n|move|p1b: Annihilape|Rage Fist|p2a: Flutter Mane\n|-supereffective|p2a: Flutter Mane\n|-end|p2a: Flutter Mane|Substitute\n|\n|-heal|p1b: Annihilape|95\/100|[from] item: Leftovers\n|upkeep\n|turn|3\n|inactive|RazorSquid has 30 seconds left.\n|inactive|Rico Vasquez has 30 seconds left.\n|inactive|RazorSquid has 20 seconds left.\n|inactive|RazorSquid has 15 seconds left.\n|inactive|RazorSquid has 10 seconds left.\n|\n|t:|1683710144\n|move|p1a: Vivillon|Rage Powder|p1a: Vivillon\n|-singleturn|p1a: Vivillon|move: Rage Powder\n|move|p2a: Flutter Mane|Dazzling Gleam|p1b: Annihilape|[spread] p1a,p1b\n|-resisted|p1b: Annihilape\n|-damage|p1a: Vivillon|0 fnt\n|-damage|p1b: Annihilape|87\/100\n|faint|p1a: Vivillon\n|move|p1b: Annihilape|Rage Fist|p2a: Flutter Mane\n|-supereffective|p2a: Flutter Mane\n|-damage|p2a: Flutter Mane|0 fnt\n|faint|p2a: Flutter Mane\n|-end|p2a: Flutter Mane|Protosynthesis|[silent]\n|move|p2b: Quaquaval|Aqua Step|p1b: Annihilape\n|-supereffective|p1b: Annihilape\n|-damage|p1b: Annihilape|15\/100\n|-boost|p2b: Quaquaval|spe|1\n|-damage|p2b: Quaquaval|81\/100|[from] item: Life Orb\n|\n|-heal|p1b: Annihilape|21\/100|[from] item: Leftovers\n|upkeep\n|inactive|Rico Vasquez has 30 seconds left.\n|inactive|RazorSquid has 30 seconds left.\n|\n|t:|1683710177\n|switch|p2a: Wo-Chien|Wo-Chien, L50|100\/100\n|switch|p1a: Abomasnow|Abomasnow, L50, M|100\/100\n|-ability|p2a: Wo-Chien|Tablets of Ruin\n|-weather|Snow|[from] ability: Snow Warning|[of] p1a: Abomasnow\n|turn|4\n|inactive|Rico Vasquez has 30 seconds left.\n|inactive|Rico Vasquez has 20 seconds left.\n|inactive|Rico Vasquez has 15 seconds left.\n|inactive|Rico Vasquez has 10 seconds left.\n|inactive|Rico Vasquez has 5 seconds left.\n|\n|t:|1683710228\n|switch|p2a: Torkoal|Torkoal, L50, F|100\/100\n|-weather|SunnyDay|[from] ability: Drought|[of] p2a: Torkoal\n|move|p1a: Abomasnow|Energy Ball|p2b: Quaquaval\n|-supereffective|p2b: Quaquaval\n|-damage|p2b: Quaquaval|0 fnt\n|faint|p2b: Quaquaval\n|-damage|p1a: Abomasnow|91\/100|[from] item: Life Orb\n|move|p1b: Annihilape|Drain Punch|p2a: Torkoal\n|-damage|p2a: Torkoal|59\/100\n|-heal|p1b: Annihilape|38\/100|[from] drain|[of] p2a: Torkoal\n|\n|-weather|SunnyDay|[upkeep]\n|-heal|p1b: Annihilape|44\/100|[from] item: Leftovers\n|upkeep\n|\n|t:|1683710246\n|switch|p2b: Wo-Chien|Wo-Chien, L50|100\/100\n|-ability|p2b: Wo-Chien|Tablets of Ruin\n|turn|5\n|inactive|RazorSquid has 30 seconds left.\n|\n|t:|1683710271\n|switch|p1a: Iron Bundle|Iron Bundle, L50|100\/100\n|-enditem|p1a: Iron Bundle|Booster Energy\n|-activate|p1a: Iron Bundle|ability: Quark Drive|[fromitem]\n|-start|p1a: Iron Bundle|quarkdrivespe\n|-terastallize|p2a: Torkoal|Fire\n|move|p2a: Torkoal|Eruption|p1b: Annihilape|[spread] p1a,p1b\n|-resisted|p1b: Annihilape\n|-damage|p1a: Iron Bundle|0 fnt\n|-damage|p1b: Annihilape|8\/100\n|faint|p1a: Iron Bundle\n|-end|p1a: Iron Bundle|Quark Drive|[silent]\n|move|p2b: Wo-Chien|Pollen Puff|p2a: Torkoal\n|-heal|p2a: Torkoal|100\/100\n|move|p1b: Annihilape|Drain Punch|p2b: Wo-Chien\n|-supereffective|p2b: Wo-Chien\n|-damage|p2b: Wo-Chien|31\/100\n|-heal|p1b: Annihilape|38\/100|[from] drain|[of] p2b: Wo-Chien\n|\n|-weather|SunnyDay|[upkeep]\n|-heal|p1b: Annihilape|44\/100|[from] item: Leftovers\n|-fieldend|move: Trick Room\n|upkeep\n|\n|t:|1683710281\n|switch|p1a: Abomasnow|Abomasnow, L50, M|91\/100\n|-weather|Snow|[from] ability: Snow Warning|[of] p1a: Abomasnow\n|turn|6\n|\n|t:|1683710304\n|move|p1b: Annihilape|Drain Punch|p2a: Torkoal\n|-damage|p2a: Torkoal|68\/100\n|-heal|p1b: Annihilape|58\/100|[from] drain|[of] p2a: Torkoal\n|move|p1a: Abomasnow|Blizzard|p2b: Wo-Chien|[spread] p2a,p2b\n|-resisted|p2a: Torkoal\n|-supereffective|p2b: Wo-Chien\n|-damage|p2a: Torkoal|37\/100\n|-damage|p2b: Wo-Chien|0 fnt\n|-status|p2a: Torkoal|frz\n|faint|p2b: Wo-Chien\n|-damage|p1a: Abomasnow|81\/100|[from] item: Life Orb\n|cant|p2a: Torkoal|frz\n|\n|-weather|Snow|[upkeep]\n|-heal|p1b: Annihilape|64\/100|[from] item: Leftovers\n|upkeep\n|turn|7\n|\n|t:|1683710314\n|move|p1b: Annihilape|Drain Punch|p2a: Torkoal\n|-damage|p2a: Torkoal|0 fnt\n|-heal|p1b: Annihilape|79\/100|[from] drain|[of] p2a: Torkoal\n|faint|p2a: Torkoal\n|\n|win|RazorSquid\n|raw|RazorSquid's rating: 1150 → 1179<\/strong> (+29 for winning)\n|raw|Rico Vasquez's rating: 1204 → 1175<\/strong> (-29 for losing)\n","uploadtime":1683710326,"views":8,"p1id":"razorsquid","p2id":"ricovasquez","formatid":"gen9vgc2023regulationc","rating":1175,"private":0,"password":""}