{"id":"gen9vgc2023regulationc-1854904533","p1":"BumpyBumps","p2":"xXxninu2008","format":"[Gen 9] VGC 2023 Regulation C","log":"|j|\u2606BumpyBumps\n|j|\u2606xXxninu2008\n|t:|1682879153\n|gametype|doubles\n|player|p1|BumpyBumps|wallace|\n|player|p2|xXxninu2008|2|\n|teamsize|p1|6\n|teamsize|p2|6\n|gen|9\n|tier|[Gen 9] VGC 2023 Regulation C\n|rule|Species Clause: Limit one of each Pok\u00e9mon\n|rule|Item Clause: Limit one of each item\n|clearpoke\n|poke|p1|Flutter Mane, L50|\n|poke|p1|Chien-Pao, L50|\n|poke|p1|Ting-Lu, L50|\n|poke|p1|Arcanine, L50, M|\n|poke|p1|Dragonite, L50, M|\n|poke|p1|Amoonguss, L50, F|\n|poke|p2|Garchomp, L50, F|\n|poke|p2|Murkrow, L50, F|\n|poke|p2|Annihilape, L50, M|\n|poke|p2|Meowscarada, L50, M|\n|poke|p2|Ceruledge, L50, M|\n|poke|p2|Chien-Pao, L50|\n|teampreview|4\nBumpyBumps rejected open team sheets.\n|\n|t:|1682879208\n|start\n|switch|p1a: Chien-Pao|Chien-Pao, L50|100\/100\n|switch|p1b: Dragonite|Dragonite, L50, M|100\/100\n|switch|p2a: Heal|Garchomp, L50, F, shiny|100\/100\n|switch|p2b: pulse|Murkrow, L50, F, shiny|100\/100\n|-ability|p1a: Chien-Pao|Sword of Ruin\n|turn|1\n|\n|t:|1682879233\n|move|p1b: Dragonite|Protect|p1b: Dragonite\n|-singleturn|p1b: Dragonite|Protect\n|move|p2b: pulse|Tailwind|p2b: pulse\n|-sidestart|p2: xXxninu2008|move: Tailwind\n|move|p2a: Heal|Rock Slide|p1b: Dragonite|[spread] p1a\n|-activate|p1b: Dragonite|move: Protect\n|-supereffective|p1a: Chien-Pao\n|-damage|p1a: Chien-Pao|59\/100\n|move|p1a: Chien-Pao|Ice Spinner|p2a: Heal\n|-supereffective|p2a: Heal\n|-damage|p2a: Heal|0 fnt\n|-damage|p1a: Chien-Pao|47\/100|[from] ability: Rough Skin|[of] p2a: Heal\n|faint|p2a: Heal\n|\n|upkeep\n|\n|t:|1682879251\n|switch|p2a: Shinigami|Annihilape, L50, M|100\/100\n|turn|2\n|\n|t:|1682879287\n|switch|p1b: Ting-Lu|Ting-Lu, L50|100\/100\n|-ability|p1b: Ting-Lu|Vessel of Ruin\n|-terastallize|p2a: Shinigami|Fighting\n|move|p2b: pulse|Thunder Wave|p1b: Ting-Lu\n|-immune|p1b: Ting-Lu\n|move|p1a: Chien-Pao|Ice Shard|p2b: pulse\n|-supereffective|p2b: pulse\n|-damage|p2b: pulse|10\/100\n|move|p2a: Shinigami|Close Combat|p1a: Chien-Pao\n|-supereffective|p1a: Chien-Pao\n|-damage|p1a: Chien-Pao|0 fnt\n|-unboost|p2a: Shinigami|def|1\n|-unboost|p2a: Shinigami|spd|1\n|faint|p1a: Chien-Pao\n|\n|upkeep\n|\n|t:|1682879300\n|switch|p1a: Flutter Mane|Flutter Mane, L50|100\/100\n|turn|3\n|\n|t:|1682879321\n|move|p2b: pulse|Tailwind||[still]\n|-fail|p2b: pulse\n|move|p2a: Shinigami|Close Combat|p1b: Ting-Lu\n|-supereffective|p1b: Ting-Lu\n|-damage|p1b: Ting-Lu|27\/100\n|-unboost|p2a: Shinigami|def|1\n|-unboost|p2a: Shinigami|spd|1\n|move|p1a: Flutter Mane|Moonblast|p2a: Shinigami\n|-supereffective|p2a: Shinigami\n|-enditem|p2a: Shinigami|Focus Sash\n|-damage|p2a: Shinigami|1\/100\n|-unboost|p2a: Shinigami|spa|1\n|-ability|p2a: Shinigami|Defiant|boost\n|-boost|p2a: Shinigami|atk|2\n|-damage|p1a: Flutter Mane|91\/100|[from] item: Life Orb\n|move|p1b: Ting-Lu|Heavy Slam|p2b: pulse\n|-damage|p2b: pulse|0 fnt\n|faint|p2b: pulse\n|\n|upkeep\n|j| aquaarmor23\n|l| aquaarmor23\n|\n|t:|1682879339\n|switch|p2b: Katty?|Chien-Pao, L50|100\/100\n|-ability|p2b: Katty?|Sword of Ruin\n|turn|4\n|\n|t:|1682879365\n|move|p2b: Katty?|Ice Spinner|p1a: Flutter Mane\n|-damage|p1a: Flutter Mane|3\/100\n|move|p2a: Shinigami|Drain Punch|p1b: Ting-Lu\n|-supereffective|p1b: Ting-Lu\n|-damage|p1b: Ting-Lu|0 fnt\n|-heal|p2a: Shinigami|17\/100|[from] drain|[of] p1b: Ting-Lu\n|faint|p1b: Ting-Lu\n|move|p1a: Flutter Mane|Moonblast|p2a: Shinigami\n|-supereffective|p2a: Shinigami\n|-damage|p2a: Shinigami|0 fnt\n|faint|p2a: Shinigami\n|-damage|p1a: Flutter Mane|0 fnt|[from] item: Life Orb\n|faint|p1a: Flutter Mane\n|-end|p1a: Flutter Mane|Protosynthesis|[silent]\n|\n|-sideend|p2: xXxninu2008|move: Tailwind\n|upkeep\n|\n|t:|1682879375\n|switch|p1a: Dragonite|Dragonite, L50, M|100\/100\n|turn|5\n|\n|t:|1682879388\n|-terastallize|p1a: Dragonite|Flying\n|move|p1a: Dragonite|Protect|p1a: Dragonite\n|-singleturn|p1a: Dragonite|Protect\n|move|p2b: Katty?|Ice Spinner|p1a: Dragonite\n|-activate|p1a: Dragonite|move: Protect\n|\n|upkeep\n|turn|6\n|\n|t:|1682879405\n|move|p1a: Dragonite|Extreme Speed|p2b: Katty?\n|-damage|p2b: Katty?|66\/100\n|move|p2b: Katty?|Ice Spinner|p1a: Dragonite\n|-supereffective|p1a: Dragonite\n|-damage|p1a: Dragonite|50\/100\n|\n|upkeep\n|turn|7\n|\n|t:|1682879415\n|move|p1a: Dragonite|Protect|p1a: Dragonite\n|-singleturn|p1a: Dragonite|Protect\n|move|p2b: Katty?|Ice Spinner|p1a: Dragonite\n|-activate|p1a: Dragonite|move: Protect\n|\n|upkeep\n|turn|8\n|\n|t:|1682879421\n|move|p1a: Dragonite|Extreme Speed|p2b: Katty?\n|-damage|p2b: Katty?|31\/100\n|move|p2b: Katty?|Ice Spinner|p1a: Dragonite\n|-supereffective|p1a: Dragonite\n|-damage|p1a: Dragonite|0 fnt\n|faint|p1a: Dragonite\n|\n|win|xXxninu2008\n|l|\u2606BumpyBumps\n","uploadtime":1682879446,"views":7,"p1id":"bumpybumps","p2id":"xxxninu2008","formatid":"gen9vgc2023regulationc","rating":0,"private":0,"password":""}