{"id":"gen9vgc2023regulationc-1857318735","p1":"Katkip","p2":"Clyde0199","format":"[Gen 9] VGC 2023 Regulation C","log":"|j|\u2606Katkip\n|j|\u2606Clyde0199\n|t:|1683172572\n|gametype|doubles\n|player|p1|Katkip|may-masters2|\n|player|p2|Clyde0199|blue|\n|teamsize|p1|6\n|teamsize|p2|6\n|gen|9\n|tier|[Gen 9] VGC 2023 Regulation C\n|rule|Species Clause: Limit one of each Pok\u00e9mon\n|rule|Item Clause: Limit one of each item\n|clearpoke\n|poke|p1|Lilligant, L50, F|\n|poke|p1|Torkoal, L50, F|\n|poke|p1|Flutter Mane, L50|\n|poke|p1|Kingambit, L50, F|\n|poke|p1|Breloom, L50, F|\n|poke|p1|Great Tusk, L50|\n|poke|p2|Flutter Mane, L50|\n|poke|p2|Ting-Lu, L50|\n|poke|p2|Amoonguss, L50, M|\n|poke|p2|Dragonite, L50, F|\n|poke|p2|Arcanine, L50, M|\n|poke|p2|Baxcalibur, L50, F|\n|teampreview|4\n|\n|t:|1683172607\n|start\n|switch|p1a: Torkoal|Torkoal, L50, F, shiny|100\/100\n|switch|p1b: Great Tusk|Great Tusk, L50, shiny|100\/100\n|switch|p2a: Just A Guy|Arcanine, L50, M|100\/100\n|switch|p2b: Hehehe|Amoonguss, L50, M|100\/100\n|-ability|p2a: Just A Guy|Intimidate|boost\n|-unboost|p1a: Torkoal|atk|1\n|-unboost|p1b: Great Tusk|atk|1\n|-weather|SunnyDay|[from] ability: Drought|[of] p1a: Torkoal\n|-activate|p1b: Great Tusk|ability: Protosynthesis\n|-start|p1b: Great Tusk|protosynthesisspe\n|turn|1\n|\n|t:|1683172639\n|-end|p1b: Great Tusk|Protosynthesis|[silent]\n|switch|p1b: Breloom|Breloom, L50, F, shiny|100\/100\n|move|p2a: Just A Guy|Will-O-Wisp|p1b: Breloom|[miss]\n|-miss|p2a: Just A Guy|p1b: Breloom\n|move|p2b: Hehehe|Spore|p1a: Torkoal\n|-status|p1a: Torkoal|slp|[from] move: Spore\n|cant|p1a: Torkoal|slp\n|\n|-weather|SunnyDay|[upkeep]\n|upkeep\n|turn|2\n|\n|t:|1683172666\n|move|p1b: Breloom|Protect|p1b: Breloom\n|-singleturn|p1b: Breloom|Protect\n|cant|p1a: Torkoal|slp\n|move|p2a: Just A Guy|Flare Blitz|p1b: Breloom\n|-activate|p1b: Breloom|move: Protect\n|move|p2b: Hehehe|Pollen Puff|p2a: Just A Guy\n|-immune|p2a: Just A Guy\n|\n|-weather|SunnyDay|[upkeep]\n|upkeep\n|turn|3\n|\n|t:|1683172693\n|move|p1b: Breloom|Mach Punch|p2a: Just A Guy\n|-damage|p2a: Just A Guy|68\/100\n|move|p2a: Just A Guy|Flare Blitz|p1b: Breloom\n|-supereffective|p1b: Breloom\n|-crit|p1b: Breloom\n|-damage|p1b: Breloom|0 fnt\n|faint|p1b: Breloom\n|-damage|p2a: Just A Guy|45\/100|[from] Recoil\n|move|p2b: Hehehe|Pollen Puff|p2a: Just A Guy\n|-heal|p2a: Just A Guy|95\/100\n|-curestatus|p1a: Torkoal|slp|[msg]\n|move|p1a: Torkoal|Flamethrower|p2b: Hehehe\n|-supereffective|p2b: Hehehe\n|-damage|p2b: Hehehe|0 fnt\n|faint|p2b: Hehehe\n|\n|-weather|SunnyDay|[upkeep]\n|upkeep\n|\n|t:|1683172719\n|switch|p1b: Great Tusk|Great Tusk, L50, shiny|100\/100\n|switch|p2b: Really Big Guy|Ting-Lu, L50|100\/100\n|-activate|p1b: Great Tusk|ability: Protosynthesis\n|-start|p1b: Great Tusk|protosynthesisatk\n|-ability|p2b: Really Big Guy|Vessel of Ruin\n|turn|4\n|\n|t:|1683172759\n|move|p1a: Torkoal|Protect|p1a: Torkoal\n|-singleturn|p1a: Torkoal|Protect\n|move|p1b: Great Tusk|Headlong Rush|p2a: Just A Guy\n|-supereffective|p2a: Just A Guy\n|-damage|p2a: Just A Guy|0 fnt\n|-unboost|p1b: Great Tusk|def|1\n|-unboost|p1b: Great Tusk|spd|1\n|faint|p2a: Just A Guy\n|move|p2b: Really Big Guy|Heavy Slam|p1b: Great Tusk\n|-damage|p1b: Great Tusk|80\/100\n|\n|-weather|SunnyDay|[upkeep]\n|upkeep\n|\n|t:|1683172771\n|switch|p2a: Big Guy|Dragonite, L50, F|100\/100\n|turn|5\n|\n|t:|1683172813\n|-end|p1b: Great Tusk|Protosynthesis|[silent]\n|switch|p1b: Lilligant|Lilligant, L50, F, shiny|100\/100\n|move|p2a: Big Guy|Stomping Tantrum|p1b: Lilligant\n|-resisted|p1b: Lilligant\n|-damage|p1b: Lilligant|70\/100\n|move|p2b: Really Big Guy|Ruination|p1b: Lilligant\n|-damage|p1b: Lilligant|35\/100\n|move|p1a: Torkoal|Flamethrower|p2a: Big Guy\n|-resisted|p2a: Big Guy\n|-damage|p2a: Big Guy|87\/100\n|\n|-weather|none\n|upkeep\n|turn|6\n|\n|t:|1683172892\n|move|p1a: Torkoal|Protect|p1a: Torkoal\n|-singleturn|p1a: Torkoal|Protect\n|move|p1b: Lilligant|Sleep Powder|p2a: Big Guy\n|-status|p2a: Big Guy|slp|[from] move: Sleep Powder\n|cant|p2a: Big Guy|slp\n|move|p2b: Really Big Guy|Fissure|p1a: Torkoal\n|-activate|p1a: Torkoal|move: Protect\n|\n|upkeep\n|turn|7\n|\n|t:|1683172911\n|switch|p1a: Great Tusk|Great Tusk, L50, shiny|80\/100\n|move|p1b: Lilligant|Leaf Storm|p2b: Really Big Guy\n|-supereffective|p2b: Really Big Guy\n|-damage|p2b: Really Big Guy|40\/100\n|-unboost|p1b: Lilligant|spa|2\n|cant|p2a: Big Guy|slp\n|move|p2b: Really Big Guy|Fissure|p1a: Great Tusk\n|-damage|p1a: Great Tusk|0 fnt\n|faint|p1a: Great Tusk\n|-end|p1a: Great Tusk|Protosynthesis|[silent]\n|-ohko\n|\n|upkeep\n|\n|t:|1683172921\n|switch|p1a: Torkoal|Torkoal, L50, F, shiny|100\/100\n|-weather|SunnyDay|[from] ability: Drought|[of] p1a: Torkoal\n|turn|8\n|\n|t:|1683172932\n|move|p1b: Lilligant|After You|p1a: Torkoal\n|-activate|p1a: Torkoal|move: After You\n|move|p1a: Torkoal|Eruption|p2a: Big Guy|[spread] p2a,p2b\n|-resisted|p2a: Big Guy\n|-damage|p2a: Big Guy|51\/100 slp\n|-damage|p2b: Really Big Guy|0 fnt\n|faint|p2b: Really Big Guy\n|-curestatus|p2a: Big Guy|slp|[msg]\n|move|p2a: Big Guy|Stomping Tantrum|p1b: Lilligant\n|-resisted|p1b: Lilligant\n|-damage|p1b: Lilligant|0 fnt\n|faint|p1b: Lilligant\n|\n|-weather|SunnyDay|[upkeep]\n|upkeep\n|turn|9\n|\n|t:|1683172947\n|-terastallize|p1a: Torkoal|Fire\n|move|p2a: Big Guy|Stomping Tantrum|p1a: Torkoal\n|-supereffective|p1a: Torkoal\n|-damage|p1a: Torkoal|27\/100\n|move|p1a: Torkoal|Flamethrower|p2a: Big Guy\n|-resisted|p2a: Big Guy\n|-damage|p2a: Big Guy|5\/100\n|\n|-weather|SunnyDay|[upkeep]\n|upkeep\n|turn|10\n|\n|t:|1683172958\n|move|p1a: Torkoal|Protect|p1a: Torkoal\n|-singleturn|p1a: Torkoal|Protect\n|move|p2a: Big Guy|Stomping Tantrum|p1a: Torkoal\n|-activate|p1a: Torkoal|move: Protect\n|\n|-weather|SunnyDay|[upkeep]\n|upkeep\n|turn|11\n|\n|t:|1683172966\n|move|p2a: Big Guy|Stomping Tantrum|p1a: Torkoal\n|-supereffective|p1a: Torkoal\n|-damage|p1a: Torkoal|0 fnt\n|faint|p1a: Torkoal\n|\n|win|Clyde0199\n","uploadtime":1683172974,"views":7,"p1id":"katkip","p2id":"clyde0199","formatid":"gen9vgc2023regulationc","rating":0,"private":0,"password":""}