{"id":"gen9vgc2023regulationc-1846554081","p1":"dreamswgh","p2":"Goldjunge1994","format":"[Gen 9] VGC 2023 Regulation C","log":"|j|\u2606dreamswgh\n|j|\u2606Goldjunge1994\n|t:|1681851090\n|gametype|doubles\n|player|p1|dreamswgh|nate|1339\n|player|p2|Goldjunge1994|169|1341\n|teamsize|p1|6\n|teamsize|p2|6\n|gen|9\n|tier|[Gen 9] VGC 2023 Regulation C\n|rated|\n|rule|Species Clause: Limit one of each Pok\u00e9mon\n|rule|Item Clause: Limit one of each item\n|clearpoke\n|poke|p1|Torkoal, L50, F|\n|poke|p1|Flutter Mane, L50|\n|poke|p1|Indeedee-F, L50, F|\n|poke|p1|Hatterene, L50, F|\n|poke|p1|Corviknight, L50, F|\n|poke|p1|Mudsdale, L50, F|\n|poke|p2|Palafin, L50, M|\n|poke|p2|Gholdengo, L50|\n|poke|p2|Chien-Pao, L50|\n|poke|p2|Dragonite, L50, M|\n|poke|p2|Arcanine, L50, F|\n|poke|p2|Amoonguss, L50, M|\n|teampreview|4\n|j| Mukked It Up\n|\n|t:|1681851122\n|start\n|switch|p1a: Nevada|Indeedee-F, L50, F|100\/100\n|switch|p1b: New Mexico|Hatterene, L50, F|100\/100\n|switch|p2a: Chien-Pao|Chien-Pao, L50|100\/100\n|switch|p2b: Gholdengo|Gholdengo, L50|100\/100\n|-ability|p2a: Chien-Pao|Sword of Ruin\n|-fieldstart|move: Psychic Terrain|[from] ability: Psychic Surge|[of] p1a: Nevada\n|-enditem|p1a: Nevada|Psychic Seed\n|-boost|p1a: Nevada|spd|1|[from] item: Psychic Seed\n|turn|1\n|\n|t:|1681851152\n|-terastallize|p1b: New Mexico|Fire\n|move|p1a: Nevada|Follow Me|p1a: Nevada\n|-singleturn|p1a: Nevada|move: Follow Me\n|move|p2a: Chien-Pao|Ice Spinner|p1a: Nevada\n|-damage|p1a: Nevada|51\/100\n|-fieldend|move: Psychic Terrain\n|move|p2b: Gholdengo|Nasty Plot|p2b: Gholdengo\n|-boost|p2b: Gholdengo|spa|2\n|move|p1b: New Mexico|Trick Room|p1b: New Mexico\n|-fieldstart|move: Trick Room|[of] p1b: New Mexico\n|\n|upkeep\n|turn|2\n|\n|t:|1681851193\n|-terastallize|p2b: Gholdengo|Water\n|move|p2a: Chien-Pao|Sucker Punch|p1b: New Mexico\n|-damage|p1b: New Mexico|49\/100\n|move|p1b: New Mexico|Dazzling Gleam|p2a: Chien-Pao|[spread] p2a,p2b\n|-supereffective|p2a: Chien-Pao\n|-enditem|p2a: Chien-Pao|Focus Sash\n|-damage|p2a: Chien-Pao|1\/100\n|-damage|p2b: Gholdengo|58\/100\n|-damage|p1b: New Mexico|39\/100|[from] item: Life Orb\n|move|p1a: Nevada|Dazzling Gleam|p2a: Chien-Pao|[spread] p2a,p2b\n|-supereffective|p2a: Chien-Pao\n|-crit|p2b: Gholdengo\n|-damage|p2a: Chien-Pao|0 fnt\n|-damage|p2b: Gholdengo|40\/100\n|faint|p2a: Chien-Pao\n|move|p2b: Gholdengo|Make It Rain|p1a: Nevada|[spread] p1a,p1b\n|-resisted|p1b: New Mexico\n|-damage|p1a: Nevada|0 fnt\n|-damage|p1b: New Mexico|0 fnt\n|-unboost|p2b: Gholdengo|spa|1\n|faint|p1a: Nevada\n|faint|p1b: New Mexico\n|\n|-heal|p2b: Gholdengo|46\/100|[from] item: Leftovers\n|upkeep\n|\n|t:|1681851217\n|switch|p1b: Arizona|Torkoal, L50, F|100\/100\n|switch|p1a: Okalahoma|Corviknight, L50, F|100\/100\n|switch|p2a: Dragonite|Dragonite, L50, M|100\/100\n|-weather|SunnyDay|[from] ability: Drought|[of] p1b: Arizona\n|turn|3\n|\n|t:|1681851234\n|move|p2b: Gholdengo|Protect|p2b: Gholdengo\n|-singleturn|p2b: Gholdengo|Protect\n|move|p1b: Arizona|Eruption|p2a: Dragonite|[spread] p2a\n|-activate|p2b: Gholdengo|move: Protect\n|-resisted|p2a: Dragonite\n|-damage|p2a: Dragonite|82\/100\n|move|p1a: Okalahoma|Brave Bird|p2a: Dragonite\n|-damage|p2a: Dragonite|12\/100\n|-damage|p1a: Okalahoma|78\/100|[from] Recoil\n|move|p2a: Dragonite|Stomping Tantrum|p1b: Arizona\n|-supereffective|p1b: Arizona\n|-damage|p1b: Arizona|61\/100\n|\n|-weather|SunnyDay|[upkeep]\n|-heal|p2b: Gholdengo|52\/100|[from] item: Leftovers\n|upkeep\n|turn|4\n|\n|t:|1681851258\n|move|p2a: Dragonite|Extreme Speed|p1b: Arizona\n|-damage|p1b: Arizona|38\/100\n|move|p1b: Arizona|Eruption|p2a: Dragonite|[spread] p2a,p2b\n|-resisted|p2a: Dragonite\n|-resisted|p2b: Gholdengo\n|-damage|p2a: Dragonite|0 fnt\n|-damage|p2b: Gholdengo|37\/100\n|faint|p2a: Dragonite\n|move|p1a: Okalahoma|Brave Bird|p2b: Gholdengo\n|-damage|p2b: Gholdengo|0 fnt\n|faint|p2b: Gholdengo\n|-damage|p1a: Okalahoma|66\/100|[from] Recoil\n|\n|-weather|SunnyDay|[upkeep]\n|upkeep\n|\n|t:|1681851272\n|switch|p2b: Amoonguss|Amoonguss, L50, M|100\/100\n|turn|5\n|\n|t:|1681851279\n|move|p1b: Arizona|Flamethrower|p2b: Amoonguss\n|-supereffective|p2b: Amoonguss\n|-damage|p2b: Amoonguss|0 fnt\n|faint|p2b: Amoonguss\n|\n|win|dreamswgh\n|raw|dreamswgh's rating: 1339 → 1359<\/strong> (+20 for winning)\n|raw|Goldjunge1994's rating: 1341 → 1321<\/strong> (-20 for losing)\n|c|\u2606dreamswgh|ggep\n|l|\u2606Goldjunge1994\n|c|\u2606dreamswgh|wp\n|l| Mukked It Up\n","uploadtime":1681851325,"views":10,"p1id":"dreamswgh","p2id":"goldjunge1994","formatid":"gen9vgc2023regulationc","rating":1321,"private":0,"password":""}