{"id":"gen9vgc2023regulationc-1848291971","p1":"Sayo_love","p2":"brocksoup","format":"[Gen 9] VGC 2023 Regulation C","log":"|j|\u2606Sayo_love\n|j|\u2606brocksoup\n|t:|1682054806\n|gametype|doubles\n|player|p1|Sayo_love|swimmerf-gen4dp|1272\n|player|p2|brocksoup|1|1359\n|teamsize|p1|6\n|teamsize|p2|6\n|gen|9\n|tier|[Gen 9] VGC 2023 Regulation C\n|rated|\n|rule|Species Clause: Limit one of each Pok\u00e9mon\n|rule|Item Clause: Limit one of each item\n|clearpoke\n|poke|p1|Roaring Moon, L50|\n|poke|p1|Amoonguss, L50, M|\n|poke|p1|Flutter Mane, L50|\n|poke|p1|Palafin, L50, M|\n|poke|p1|Arcanine, L50, M|\n|poke|p1|Ting-Lu, L50|\n|poke|p2|Chien-Pao, L50|\n|poke|p2|Chi-Yu, L50|\n|poke|p2|Flutter Mane, L50|\n|poke|p2|Grafaiai, L50, M|\n|poke|p2|Dragonite, L50, M|\n|poke|p2|Dachsbun, L50, F|\n|teampreview|4\n|inactive|Battle timer is ON: inactive players will automatically lose when time's up. (requested by brocksoup)\n|\n|t:|1682054833\n|start\n|switch|p1a: Palafin|Palafin, L50, M, shiny|100\/100\n|switch|p1b: Ting-Lu|Ting-Lu, L50|100\/100\n|switch|p2a: Grafaiai|Grafaiai, L50, M|100\/100\n|switch|p2b: Dragonite|Dragonite, L50, M|100\/100\n|-ability|p1b: Ting-Lu|Vessel of Ruin\n|turn|1\n|\n|t:|1682054857\n|detailschange|p1a: Palafin|Palafin-Hero, L50, M, shiny\n|switch|p1a: Arcanine|Arcanine, L50, M|100\/100\n|-ability|p1a: Arcanine|Intimidate|boost\n|-unboost|p2a: Grafaiai|atk|1\n|-fail|p2b: Dragonite|unboost|[from] item: Clear Amulet|[of] p2b: Dragonite\n|switch|p2b: Dachsbun|Dachsbun, L50, F|100\/100\n|move|p2a: Grafaiai|Parting Shot|p1a: Arcanine\n|-unboost|p1a: Arcanine|atk|1\n|-unboost|p1a: Arcanine|spa|1\n|\n|t:|1682054872\n|switch|p2a: Chi-Yu|Chi-Yu, L50|100\/100|[from] Parting Shot\n|-ability|p2a: Chi-Yu|Beads of Ruin\n|move|p1b: Ting-Lu|Ruination|p2b: Dachsbun\n|-damage|p2b: Dachsbun|50\/100\n|\n|-heal|p2b: Dachsbun|57\/100|[from] item: Leftovers\n|upkeep\n|turn|2\n|\n|t:|1682054896\n|switch|p1a: Palafin|Palafin-Hero, L50, M, shiny|100\/100\n|-activate|p1a: Palafin|ability: Zero to Hero\n|move|p2a: Chi-Yu|Lava Plume|p1b: Ting-Lu|[spread] p1a,p1b\n|-ability|p2b: Dachsbun|Well-Baked Body|boost\n|-boost|p2b: Dachsbun|def|2\n|-resisted|p1a: Palafin\n|-damage|p1a: Palafin|87\/100\n|-damage|p1b: Ting-Lu|84\/100\n|-status|p1b: Ting-Lu|brn\n|move|p2b: Dachsbun|Wish|p2b: Dachsbun\n|move|p1b: Ting-Lu|Ruination|p2b: Dachsbun\n|-damage|p2b: Dachsbun|29\/100\n|\n|-heal|p2b: Dachsbun|35\/100|[from] item: Leftovers\n|-damage|p1b: Ting-Lu|78\/100 brn|[from] brn\n|upkeep\n|turn|3\n|inactive|Sayo_love has 30 seconds left.\n|inactive|brocksoup has 30 seconds left.\n|inactive|Sayo_love has 20 seconds left.\n|\n|t:|1682054934\n|-terastallize|p2a: Chi-Yu|Ghost\n|move|p2a: Chi-Yu|Lava Plume|p1a: Palafin|[spread] p1a,p1b\n|-ability|p2b: Dachsbun|Well-Baked Body|boost\n|-boost|p2b: Dachsbun|def|2\n|-resisted|p1a: Palafin\n|-damage|p1a: Palafin|72\/100\n|-damage|p1b: Ting-Lu|63\/100 brn\n|move|p1a: Palafin|Substitute|p1a: Palafin\n|-start|p1a: Palafin|Substitute\n|-damage|p1a: Palafin|47\/100\n|move|p2b: Dachsbun|Body Press|p1b: Ting-Lu\n|-supereffective|p1b: Ting-Lu\n|-damage|p1b: Ting-Lu|0 fnt\n|faint|p1b: Ting-Lu\n|\n|-heal|p2b: Dachsbun|85\/100|[from] move: Wish|[wisher] Dachsbun\n|-heal|p2b: Dachsbun|91\/100|[from] item: Leftovers\n|upkeep\n|\n|t:|1682054945\n|switch|p1b: Flutter Mane|Flutter Mane, L50|100\/100\n|turn|4\n|\n|t:|1682054960\n|-terastallize|p1a: Palafin|Water\n|move|p1a: Palafin|Jet Punch|p2a: Chi-Yu\n|-damage|p2a: Chi-Yu|0 fnt\n|faint|p2a: Chi-Yu\n|move|p1b: Flutter Mane|Moonblast|p2b: Dachsbun\n|-crit|p2b: Dachsbun\n|-damage|p2b: Dachsbun|0 fnt\n|faint|p2b: Dachsbun\n|\n|upkeep\n|\n|t:|1682054971\n|switch|p2a: Grafaiai|Grafaiai, L50, M|100\/100\n|switch|p2b: Dragonite|Dragonite, L50, M|100\/100\n|turn|5\n|\n|t:|1682054984\n|-end|p1b: Flutter Mane|Protosynthesis|[silent]\n|switch|p1b: Arcanine|Arcanine, L50, M|100\/100\n|-ability|p1b: Arcanine|Intimidate|boost\n|-unboost|p2a: Grafaiai|atk|1\n|-fail|p2b: Dragonite|unboost|[from] item: Clear Amulet|[of] p2b: Dragonite\n|move|p2a: Grafaiai|Parting Shot|p1b: Arcanine\n|-unboost|p1b: Arcanine|atk|1\n|-unboost|p1b: Arcanine|spa|1\n|move|p1a: Palafin|Jet Punch|p2a: Grafaiai\n|-damage|p2a: Grafaiai|5\/100\n|move|p2b: Dragonite|Iron Head|p1b: Arcanine\n|-resisted|p1b: Arcanine\n|-damage|p1b: Arcanine|86\/100\n|\n|upkeep\n|turn|6\n|\n|t:|1682055004\n|move|p2b: Dragonite|Extreme Speed|p1a: Palafin\n|-end|p1a: Palafin|Substitute\n|move|p2a: Grafaiai|Parting Shot|p1a: Palafin\n|-unboost|p1a: Palafin|atk|1\n|-unboost|p1a: Palafin|spa|1\n|move|p1a: Palafin|Jet Punch|p2a: Grafaiai\n|-damage|p2a: Grafaiai|0 fnt\n|faint|p2a: Grafaiai\n|move|p1b: Arcanine|Will-O-Wisp|p2b: Dragonite|[miss]\n|-miss|p1b: Arcanine|p2b: Dragonite\n|\n|upkeep\n|turn|7\n|inactive|Sayo_love has 30 seconds left.\n|\n|t:|1682055029\n|move|p1a: Palafin|Protect|p1a: Palafin\n|-singleturn|p1a: Palafin|Protect\n|move|p2b: Dragonite|Extreme Speed|p1b: Arcanine\n|-damage|p1b: Arcanine|56\/100\n|move|p1b: Arcanine|Will-O-Wisp|p2b: Dragonite\n|-status|p2b: Dragonite|brn\n|\n|-damage|p2b: Dragonite|95\/100 brn|[from] brn\n|upkeep\n|turn|8\n|\n|t:|1682055042\n|move|p2b: Dragonite|Extreme Speed|p1a: Palafin\n|-damage|p1a: Palafin|34\/100\n|move|p1a: Palafin|Substitute|p1a: Palafin\n|-start|p1a: Palafin|Substitute\n|-damage|p1a: Palafin|9\/100\n|move|p1b: Arcanine|Flare Blitz|p2b: Dragonite\n|-resisted|p2b: Dragonite\n|-damage|p2b: Dragonite|77\/100 brn\n|-damage|p1b: Arcanine|51\/100|[from] Recoil\n|\n|-damage|p2b: Dragonite|72\/100 brn|[from] brn\n|upkeep\n|turn|9\n|-message|brocksoup forfeited.\n|\n|win|Sayo_love\n|raw|Sayo_love's rating: 1272 → 1303<\/strong> (+31 for winning)\n|raw|brocksoup's rating: 1359 → 1334<\/strong> (-25 for losing)\n|l|\u2606brocksoup\n","uploadtime":1682055105,"views":8,"p1id":"sayolove","p2id":"brocksoup","formatid":"gen9vgc2023regulationc","rating":1303,"private":0,"password":""}