{"id":"gen9vgc2023regulationc-1854893468","p1":"refanner","p2":"Pedroerpro7","format":"[Gen 9] VGC 2023 Regulation C","log":"|j|\u2606refanner\n|j|\u2606Pedroerpro7\n|t:|1682877910\n|gametype|doubles\n|player|p1|refanner|102|1254\n|player|p2|Pedroerpro7|unknown|1334\n|teamsize|p1|6\n|teamsize|p2|6\n|gen|9\n|tier|[Gen 9] VGC 2023 Regulation C\n|rated|\n|rule|Species Clause: Limit one of each Pok\u00e9mon\n|rule|Item Clause: Limit one of each item\n|clearpoke\n|poke|p1|Kingambit, L50, M|\n|poke|p1|Great Tusk, L50|\n|poke|p1|Flutter Mane, L50|\n|poke|p1|Gyarados, L50, F|\n|poke|p1|Chi-Yu, L50|\n|poke|p1|Glimmora, L50, F|\n|poke|p2|Orthworm, L50, F|\n|poke|p2|Dragonite, L50, M|\n|poke|p2|Ting-Lu, L50|\n|poke|p2|Gyarados, L50, F|\n|poke|p2|Flutter Mane, L50|\n|poke|p2|Chien-Pao, L50|\n|teampreview|4\nPedroerpro7 has agreed to open team sheets.\n|inactive|Battle timer is ON: inactive players will automatically lose when time's up. (requested by Pedroerpro7)\n|inactive|refanner has 60 seconds left.\n|inactive|refanner has 30 seconds left.\n|inactive|refanner has 20 seconds left.\n|inactive|refanner has 15 seconds left.\n|\n|t:|1682877993\n|start\n|switch|p1a: Glimmora|Glimmora, L50, F|100\/100\n|switch|p1b: Gyarados|Gyarados, L50, F|100\/100\n|switch|p2a: Ting-Lu|Ting-Lu, L50|100\/100\n|switch|p2b: Orthworm|Orthworm, L50, F|100\/100\n|-ability|p1b: Gyarados|Intimidate|boost\n|-unboost|p2a: Ting-Lu|atk|1\n|-unboost|p2b: Orthworm|atk|1\n|-ability|p2a: Ting-Lu|Vessel of Ruin\n|turn|1\n|inactive|refanner has 30 seconds left.\n|inactive|refanner has 20 seconds left.\n|inactive|refanner has 15 seconds left.\n|inactive|refanner has 10 seconds left.\n|\n|t:|1682878040\n|switch|p2a: Gyarados|Gyarados, L50, F|100\/100\n|-ability|p2a: Gyarados|Intimidate|boost\n|-unboost|p1a: Glimmora|atk|1\n|-unboost|p1b: Gyarados|atk|1\n|-terastallize|p1a: Glimmora|Grass\n|move|p1a: Glimmora|Mortal Spin|p2a: Gyarados|[spread] p2a\n|-immune|p2b: Orthworm\n|-damage|p2a: Gyarados|97\/100\n|-status|p2a: Gyarados|psn\n|move|p1b: Gyarados|Thunder Wave|p2b: Orthworm\n|-status|p2b: Orthworm|par\n|move|p2b: Orthworm|Shed Tail|p2b: Orthworm\n|-start|p2b: Orthworm|Substitute|[from] move: Shed Tail\n|-damage|p2b: Orthworm|50\/100 par\n|-enditem|p2b: Orthworm|Sitrus Berry|[eat]\n|-heal|p2b: Orthworm|75\/100 par|[from] item: Sitrus Berry\n|\n|t:|1682878053\n|switch|p2b: Flutter Mane|Flutter Mane, L50|100\/100|[from] Shed Tail\n|\n|-damage|p2a: Gyarados|85\/100 psn|[from] psn\n|upkeep\n|turn|2\n|\n|t:|1682878075\n|-terastallize|p2b: Flutter Mane|Fairy\n|move|p2b: Flutter Mane|Dazzling Gleam|p1a: Glimmora|[spread] p1a,p1b\n|-damage|p1a: Glimmora|56\/100\n|-damage|p1b: Gyarados|55\/100\n|move|p1a: Glimmora|Sludge Bomb|p2b: Flutter Mane\n|-supereffective|p2b: Flutter Mane\n|-end|p2b: Flutter Mane|Substitute\n|move|p2a: Gyarados|Thunder Wave|p1a: Glimmora\n|-status|p1a: Glimmora|par\n|move|p1b: Gyarados|Thunder Wave||[still]\n|-fail|p1b: Gyarados\n|\n|-damage|p2a: Gyarados|72\/100 psn|[from] psn\n|upkeep\n|turn|3\n|\n|t:|1682878100\n|move|p2b: Flutter Mane|Dazzling Gleam|p1b: Gyarados|[spread] p1a,p1b\n|-damage|p1a: Glimmora|16\/100 par\n|-damage|p1b: Gyarados|6\/100\n|-enditem|p1b: Gyarados|Sitrus Berry|[eat]\n|-heal|p1b: Gyarados|31\/100|[from] item: Sitrus Berry\n|move|p2a: Gyarados|Waterfall|p1a: Glimmora\n|-resisted|p1a: Glimmora\n|-damage|p1a: Glimmora|0 fnt\n|faint|p1a: Glimmora\n|move|p1b: Gyarados|Iron Head|p2b: Flutter Mane\n|-supereffective|p2b: Flutter Mane\n|-damage|p2b: Flutter Mane|48\/100\n|\n|-damage|p2a: Gyarados|60\/100 psn|[from] psn\n|upkeep\n|inactive|refanner has 30 seconds left.\n|inactive|refanner has 20 seconds left.\n|\n|t:|1682878136\n|switch|p1a: Flutter Mane|Flutter Mane, L50|100\/100\n|-enditem|p1a: Flutter Mane|Booster Energy\n|-activate|p1a: Flutter Mane|ability: Protosynthesis|[fromitem]\n|-start|p1a: Flutter Mane|protosynthesisspa\n|turn|4\n|\n|t:|1682878147\n|-end|p2b: Flutter Mane|Protosynthesis|[silent]\n|switch|p2b: Orthworm|Orthworm, L50, F|75\/100 par\n|move|p1a: Flutter Mane|Hex|p2a: Gyarados\n|-damage|p2a: Gyarados|0 fnt\n|faint|p2a: Gyarados\n|move|p1b: Gyarados|Iron Head|p2b: Orthworm\n|-resisted|p2b: Orthworm\n|-damage|p2b: Orthworm|70\/100 par\n|\n|upkeep\n|\n|t:|1682878155\n|switch|p2a: Ting-Lu|Ting-Lu, L50|100\/100\n|-ability|p2a: Ting-Lu|Vessel of Ruin\n|turn|5\n|\n|t:|1682878171\n|-end|p1a: Flutter Mane|Protosynthesis|[silent]\n|switch|p1a: Kingambit|Kingambit, L50, M|100\/100\n|move|p1b: Gyarados|Iron Head|p2b: Orthworm\n|-resisted|p2b: Orthworm\n|-damage|p2b: Orthworm|64\/100 par\n|move|p2a: Ting-Lu|Rock Slide|p1b: Gyarados|[spread] p1a,p1b\n|-resisted|p1a: Kingambit\n|-supereffective|p1b: Gyarados\n|-damage|p1a: Kingambit|91\/100\n|-damage|p1b: Gyarados|0 fnt\n|faint|p1b: Gyarados\n|move|p2b: Orthworm|Heavy Slam|p1a: Kingambit\n|-resisted|p1a: Kingambit\n|-damage|p1a: Kingambit|84\/100\n|\n|upkeep\n|\n|t:|1682878182\n|switch|p1b: Flutter Mane|Flutter Mane, L50|100\/100\n|turn|6\n|inactive|refanner has 30 seconds left.\n|\n|t:|1682878216\n|switch|p2a: Flutter Mane|Flutter Mane, L50, tera:Fairy|48\/100\n|move|p1b: Flutter Mane|Moonblast|p2a: Flutter Mane\n|-damage|p2a: Flutter Mane|0 fnt\n|faint|p2a: Flutter Mane\n|-end|p2a: Flutter Mane|Protosynthesis|[silent]\n|move|p1a: Kingambit|Iron Head|p2b: Orthworm\n|-resisted|p2b: Orthworm\n|-damage|p2b: Orthworm|50\/100 par\n|move|p2b: Orthworm|Body Press|p1a: Kingambit\n|-supereffective|p1a: Kingambit\n|-damage|p1a: Kingambit|0 fnt\n|faint|p1a: Kingambit\n|\n|upkeep\n|\n|t:|1682878220\n|switch|p2a: Ting-Lu|Ting-Lu, L50|100\/100\n|-ability|p2a: Ting-Lu|Vessel of Ruin\n|turn|7\n|\n|t:|1682878236\n|move|p1b: Flutter Mane|Hex|p2b: Orthworm\n|-damage|p2b: Orthworm|0 fnt\n|faint|p2b: Orthworm\n|move|p2a: Ting-Lu|Bulldoze|p1b: Flutter Mane\n|-damage|p1b: Flutter Mane|36\/100\n|-unboost|p1b: Flutter Mane|spe|1\n|\n|upkeep\n|turn|8\n|\n|t:|1682878244\n|move|p1b: Flutter Mane|Moonblast|p2a: Ting-Lu\n|-supereffective|p2a: Ting-Lu\n|-damage|p2a: Ting-Lu|41\/100\n|move|p2a: Ting-Lu|Bulldoze|p1b: Flutter Mane\n|-damage|p1b: Flutter Mane|0 fnt\n|faint|p1b: Flutter Mane\n|-end|p1b: Flutter Mane|Protosynthesis|[silent]\n|\n|win|Pedroerpro7\n|raw|refanner's rating: 1254 → 1235<\/strong> (-19 for losing)\n|raw|Pedroerpro7's rating: 1334 → 1349<\/strong> (+15 for winning)\n","uploadtime":1682878251,"views":8,"p1id":"refanner","p2id":"pedroerpro7","formatid":"gen9vgc2023regulationc","rating":1235,"private":0,"password":""}