{"id":"gen9vgc2023regulationc-1855896984","p1":"tedchangsmart","p2":"Mait27","format":"[Gen 9] VGC 2023 Regulation C","log":"|j|\u2606tedchangsmart\n|j|\u2606Mait27\n|t:|1682997504\n|gametype|doubles\n|player|p1|tedchangsmart|norman|1133\n|player|p2|Mait27|102|1082\n|teamsize|p1|6\n|teamsize|p2|6\n|gen|9\n|tier|[Gen 9] VGC 2023 Regulation C\n|rated|\n|rule|Species Clause: Limit one of each Pok\u00e9mon\n|rule|Item Clause: Limit one of each item\n|clearpoke\n|poke|p1|Maushold-Four, L50|\n|poke|p1|Gholdengo, L50|\n|poke|p1|Indeedee-F, L50, F|\n|poke|p1|Armarouge, L50, F|\n|poke|p1|Palafin, L50, F|\n|poke|p1|Hydreigon, L50, F|\n|poke|p2|Klawf, L50, F|\n|poke|p2|Grimmsnarl, L50, M|\n|poke|p2|Arcanine, L50, M|\n|poke|p2|Flutter Mane, L50|\n|poke|p2|Wo-Chien, L50|\n|poke|p2|Mimikyu, L50, F|\n|teampreview|4\n|inactive|Battle timer is ON: inactive players will automatically lose when time's up. (requested by tedchangsmart)\ntedchangsmart has agreed to open team sheets.\n|inactive|Mait27 has 60 seconds left.\n|\n|t:|1682997545\n|start\n|switch|p1a: Hydreigon|Hydreigon, L50, F|100\/100\n|switch|p1b: Palafin|Palafin, L50, F|100\/100\n|switch|p2a: Wo-Chien|Wo-Chien, L50|100\/100\n|switch|p2b: Klawf|Klawf, L50, F|100\/100\n|-ability|p2a: Wo-Chien|Tablets of Ruin\n|turn|1\n|\n|t:|1682997562\n|detailschange|p1b: Palafin|Palafin-Hero, L50, F\n|switch|p1b: Maushold|Maushold-Four, L50|100\/100\n|move|p2b: Klawf|Protect|p2b: Klawf\n|-singleturn|p2b: Klawf|Protect\n|move|p1a: Hydreigon|Tailwind|p1a: Hydreigon\n|-sidestart|p1: tedchangsmart|move: Tailwind\n|move|p2a: Wo-Chien|Leech Seed|p1a: Hydreigon\n|-start|p1a: Hydreigon|move: Leech Seed\n|\n|-damage|p1a: Hydreigon|88\/100|[from] Leech Seed|[of] p2a: Wo-Chien\n|upkeep\n|turn|2\n|\n|t:|1682997583\n|move|p1b: Maushold|Tidy Up|p1b: Maushold\n|-boost|p1b: Maushold|atk|1\n|-boost|p1b: Maushold|spe|1\n|move|p1a: Hydreigon|Draco Meteor|p2a: Wo-Chien\n|-damage|p2a: Wo-Chien|65\/100\n|-unboost|p1a: Hydreigon|spa|2\n|move|p2b: Klawf|Swords Dance|p2b: Klawf\n|-boost|p2b: Klawf|atk|2\n|move|p2a: Wo-Chien|Leech Seed|p1b: Maushold\n|-start|p1b: Maushold|move: Leech Seed\n|\n|-heal|p2a: Wo-Chien|71\/100|[from] item: Leftovers\n|-damage|p1b: Maushold|88\/100|[from] Leech Seed|[of] p2a: Wo-Chien\n|-heal|p2a: Wo-Chien|80\/100|[silent]\n|-damage|p1a: Hydreigon|76\/100|[from] Leech Seed|[of] p2a: Wo-Chien\n|-heal|p2a: Wo-Chien|92\/100|[silent]\n|upkeep\n|turn|3\n|inactive|tedchangsmart has 30 seconds left.\n|inactive|Mait27 has 30 seconds left.\n|inactive|Mait27 has 20 seconds left.\n|inactive|Mait27 has 15 seconds left.\n|inactive|Mait27 has 10 seconds left.\n|\n|t:|1682997632\n|switch|p1a: Palafin|Palafin-Hero, L50, F|100\/100\n|-activate|p1a: Palafin|ability: Zero to Hero\n|-terastallize|p2b: Klawf|Water\n|move|p2a: Wo-Chien|Protect|p2a: Wo-Chien\n|-singleturn|p2a: Wo-Chien|Protect\n|move|p1b: Maushold|Population Bomb|p2a: Wo-Chien\n|-activate|p2a: Wo-Chien|move: Protect\n|move|p2b: Klawf|Crabhammer|p1b: Maushold\n|-damage|p1b: Maushold|0 fnt\n|faint|p1b: Maushold\n|\n|-heal|p2a: Wo-Chien|98\/100|[from] item: Leftovers\n|upkeep\n|\n|t:|1682997649\n|switch|p1b: Gholdengo|Gholdengo, L50|100\/100\n|turn|4\n|\n|t:|1682997661\n|switch|p1a: Hydreigon|Hydreigon, L50, F|76\/100\n|move|p1b: Gholdengo|Thunderbolt|p2b: Klawf\n|-supereffective|p2b: Klawf\n|-enditem|p2b: Klawf|Focus Sash\n|-damage|p2b: Klawf|1\/100\n|-ability|p2b: Klawf|Anger Shell|boost\n|-boost|p2b: Klawf|atk|1\n|-boost|p2b: Klawf|spa|1\n|-boost|p2b: Klawf|spe|1\n|-unboost|p2b: Klawf|def|1\n|-unboost|p2b: Klawf|spd|1\n|move|p2b: Klawf|Crabhammer|p1b: Gholdengo\n|-damage|p1b: Gholdengo|7\/100\n|move|p2a: Wo-Chien|Leech Seed|p1a: Hydreigon\n|-start|p1a: Hydreigon|move: Leech Seed\n|\n|-heal|p2a: Wo-Chien|100\/100|[from] item: Leftovers\n|-damage|p1a: Hydreigon|64\/100|[from] Leech Seed|[of] p2a: Wo-Chien\n|-sideend|p1: tedchangsmart|move: Tailwind\n|upkeep\n|turn|5\n|inactive|Mait27 has 30 seconds left.\n|\n|t:|1682997688\n|move|p2b: Klawf|Crabhammer|p1b: Gholdengo\n|-damage|p1b: Gholdengo|0 fnt\n|faint|p1b: Gholdengo\n|move|p1a: Hydreigon|Tailwind|p1a: Hydreigon\n|-sidestart|p1: tedchangsmart|move: Tailwind\n|move|p2a: Wo-Chien|Pollen Puff|p1a: Hydreigon\n|-supereffective|p1a: Hydreigon\n|-damage|p1a: Hydreigon|23\/100\n|\n|-damage|p1a: Hydreigon|11\/100|[from] Leech Seed|[of] p2a: Wo-Chien\n|upkeep\n|\n|t:|1682997699\n|switch|p1b: Palafin|Palafin-Hero, L50, F|100\/100\n|turn|6\n|\n|t:|1682997707\n|switch|p2b: Grimmsnarl|Grimmsnarl, L50, M|100\/100\n|move|p1b: Palafin|Jet Punch|p2b: Grimmsnarl\n|-damage|p2b: Grimmsnarl|53\/100\n|move|p1a: Hydreigon|Heat Wave|p2a: Wo-Chien|[spread] p2a,p2b\n|-supereffective|p2a: Wo-Chien\n|-crit|p2b: Grimmsnarl\n|-damage|p2a: Wo-Chien|68\/100\n|-damage|p2b: Grimmsnarl|26\/100\n|move|p2a: Wo-Chien|Leech Seed|p1b: Palafin\n|-start|p1b: Palafin|move: Leech Seed\n|\n|-heal|p2a: Wo-Chien|74\/100|[from] item: Leftovers\n|-damage|p1b: Palafin|88\/100|[from] Leech Seed|[of] p2a: Wo-Chien\n|-heal|p2a: Wo-Chien|86\/100|[silent]\n|-damage|p1a: Hydreigon|0 fnt|[from] Leech Seed|[of] p2a: Wo-Chien\n|-heal|p2a: Wo-Chien|96\/100|[silent]\n|faint|p1a: Hydreigon\n|upkeep\n|turn|7\n|\n|t:|1682997730\n|-terastallize|p1b: Palafin|Water\n|move|p2b: Grimmsnarl|Fake Out|p1b: Palafin\n|-damage|p1b: Palafin|80\/100\n|cant|p1b: Palafin|flinch\n|move|p2a: Wo-Chien|Pollen Puff|p2b: Grimmsnarl\n|-heal|p2b: Grimmsnarl|76\/100\n|\n|-heal|p2a: Wo-Chien|100\/100|[from] item: Leftovers\n|-damage|p1b: Palafin|68\/100|[from] Leech Seed|[of] p2a: Wo-Chien\n|upkeep\n|turn|8\n|\n|t:|1682997746\n|switch|p2b: Mimikyu|Mimikyu, L50, F|100\/100\n|move|p1b: Palafin|Jet Punch|p2b: Mimikyu\n|-activate|p2b: Mimikyu|ability: Disguise\n|-damage|p2b: Mimikyu|100\/100\n|detailschange|p2b: Mimikyu|Mimikyu-Busted, L50, F\n|-damage|p2b: Mimikyu|88\/100|[from] pokemon: Mimikyu-Busted\n|move|p2a: Wo-Chien|Giga Drain|p1b: Palafin\n|-supereffective|p1b: Palafin\n|-damage|p1b: Palafin|14\/100\n|\n|-damage|p1b: Palafin|2\/100|[from] Leech Seed|[of] p2a: Wo-Chien\n|-sideend|p1: tedchangsmart|move: Tailwind\n|upkeep\n|turn|9\n|\n|t:|1682997760\n|move|p2b: Mimikyu|Protect|p2b: Mimikyu\n|-singleturn|p2b: Mimikyu|Protect\n|move|p2a: Wo-Chien|Protect|p2a: Wo-Chien\n|-singleturn|p2a: Wo-Chien|Protect\n|move|p1b: Palafin|Jet Punch|p2b: Mimikyu\n|-activate|p2b: Mimikyu|move: Protect\n|\n|-damage|p1b: Palafin|0 fnt|[from] Leech Seed|[of] p2a: Wo-Chien\n|faint|p1b: Palafin\n|\n|win|Mait27\n|upkeep\n|raw|tedchangsmart's rating: 1133 → 1104<\/strong> (-29 for losing)\n|raw|Mait27's rating: 1082 → 1114<\/strong> (+32 for winning)\n|l|\u2606tedchangsmart\n","uploadtime":1682997780,"views":17,"p1id":"tedchangsmart","p2id":"mait27","formatid":"gen9vgc2023regulationc","rating":1104,"private":0,"password":""}