{"id":"gen9vgc2023regulationc-1856525459","p1":"blfuller_4","p2":"RitmanTesting1","format":"[Gen 9] VGC 2023 Regulation C","log":"|j|\u2606blfuller_4\n|j|\u2606RitmanTesting1\n|t:|1683071592\n|gametype|doubles\n|player|p1|blfuller_4|cynthia-gen4|1395\n|player|p2|RitmanTesting1|byron|1437\n|teamsize|p1|6\n|teamsize|p2|6\n|gen|9\n|tier|[Gen 9] VGC 2023 Regulation C\n|rated|\n|rule|Species Clause: Limit one of each Pok\u00e9mon\n|rule|Item Clause: Limit one of each item\n|clearpoke\n|poke|p1|Palafin, L50, F|\n|poke|p1|Amoonguss, L50, F|\n|poke|p1|Arcanine, L50, F|\n|poke|p1|Flutter Mane, L50|\n|poke|p1|Chi-Yu, L50|\n|poke|p1|Gholdengo, L50|\n|poke|p2|Arcanine, L50, M|\n|poke|p2|Flutter Mane, L50|\n|poke|p2|Rotom-Wash, L50|\n|poke|p2|Dragonite, L50, M|\n|poke|p2|Chien-Pao, L50|\n|poke|p2|Amoonguss, L50, F|\n|teampreview|4\n|inactive|Battle timer is ON: inactive players will automatically lose when time's up. (requested by RitmanTesting1)\nRitmanTesting1 has agreed to open team sheets.\nblfuller_4 has agreed to open team sheets.\n|inactive|blfuller_4 has 60 seconds left.\n|\n|t:|1683071636\n|start\n|switch|p1a: Amoonguss|Amoonguss, L50, F|100\/100\n|switch|p1b: Palafin|Palafin, L50, F|100\/100\n|switch|p2a: Rotom|Rotom-Wash, L50|100\/100\n|switch|p2b: Amoonguss|Amoonguss, L50, F|100\/100\n|turn|1\n|\n|t:|1683071654\n|switch|p2a: Chien-Pao|Chien-Pao, L50|100\/100\n|-ability|p2a: Chien-Pao|Sword of Ruin\n|move|p1b: Palafin|Protect|p1b: Palafin\n|-singleturn|p1b: Palafin|Protect\n|move|p1a: Amoonguss|Spore|p2a: Chien-Pao\n|-status|p2a: Chien-Pao|slp|[from] move: Spore\n|move|p2b: Amoonguss|Spore|p1b: Palafin\n|-activate|p1b: Palafin|move: Protect\n|\n|upkeep\n|turn|2\n|inactive|blfuller_4 has 30 seconds left.\n|\n|t:|1683071688\n|detailschange|p1b: Palafin|Palafin-Hero, L50, F\n|switch|p1b: Arcanine|Arcanine, L50, F|100\/100\n|-ability|p1b: Arcanine|Intimidate|boost\n|-unboost|p2a: Chien-Pao|atk|1\n|-unboost|p2b: Amoonguss|atk|1\n|cant|p2a: Chien-Pao|slp\n|move|p1a: Amoonguss|Spore|p2a: Chien-Pao\n|-fail|p2a: Chien-Pao|slp\n|move|p2b: Amoonguss|Spore|p1b: Arcanine\n|-activate|p1b: Arcanine|item: Safety Goggles|Spore\n|\n|upkeep\n|turn|3\n|\n|t:|1683071705\n|switch|p2b: Rotom|Rotom-Wash, L50|100\/100\n|-curestatus|p2a: Chien-Pao|slp|[msg]\n|move|p2a: Chien-Pao|Ice Spinner|p1a: Amoonguss\n|-supereffective|p1a: Amoonguss\n|-damage|p1a: Amoonguss|45\/100\n|-enditem|p1a: Amoonguss|Sitrus Berry|[eat]\n|-heal|p1a: Amoonguss|69\/100|[from] item: Sitrus Berry\n|move|p1b: Arcanine|Flare Blitz|p2a: Chien-Pao\n|-supereffective|p2a: Chien-Pao\n|-enditem|p2a: Chien-Pao|Focus Sash\n|-damage|p2a: Chien-Pao|1\/100\n|-status|p2a: Chien-Pao|brn\n|-damage|p1b: Arcanine|75\/100|[from] Recoil\n|move|p1a: Amoonguss|Pollen Puff|p1b: Arcanine\n|-heal|p1b: Arcanine|100\/100\n|\n|-damage|p2a: Chien-Pao|0 fnt|[from] brn\n|faint|p2a: Chien-Pao\n|upkeep\n|\n|t:|1683071715\n|switch|p2a: Dragonite|Dragonite, L50, M|100\/100\n|turn|4\n|inactive|blfuller_4 has 30 seconds left.\n|\n|t:|1683071741\n|move|p1b: Arcanine|Protect|p1b: Arcanine\n|-singleturn|p1b: Arcanine|Protect\n|move|p2b: Rotom|Hydro Pump|p1b: Arcanine\n|-activate|p1b: Arcanine|move: Protect\n|move|p2a: Dragonite|Dragon Claw|p1a: Amoonguss\n|-damage|p1a: Amoonguss|13\/100\n|move|p1a: Amoonguss|Spore|p2a: Dragonite\n|-status|p2a: Dragonite|slp|[from] move: Spore\n|\n|upkeep\n|turn|5\n|inactive|blfuller_4 has 30 seconds left.\n|\n|t:|1683071772\n|switch|p1b: Palafin|Palafin-Hero, L50, F|100\/100\n|-activate|p1b: Palafin|ability: Zero to Hero\n|switch|p1a: Gholdengo|Gholdengo, L50|100\/100\n|move|p2b: Rotom|Thunderbolt|p1a: Gholdengo\n|-damage|p1a: Gholdengo|77\/100\n|cant|p2a: Dragonite|slp\n|\n|upkeep\n|turn|6\n|\n|t:|1683071786\n|switch|p2a: Amoonguss|Amoonguss, L50, F|100\/100\n|-terastallize|p1b: Palafin|Grass\n|move|p1b: Palafin|Jet Punch|p2a: Amoonguss\n|-resisted|p2a: Amoonguss\n|-damage|p2a: Amoonguss|81\/100\n|move|p2b: Rotom|Thunderbolt|p1b: Palafin\n|-resisted|p1b: Palafin\n|-damage|p1b: Palafin|83\/100\n|move|p1a: Gholdengo|Dazzling Gleam|p2b: Rotom|[spread] p2a,p2b\n|-resisted|p2a: Amoonguss\n|-damage|p2a: Amoonguss|72\/100\n|-damage|p2b: Rotom|80\/100\n|\n|upkeep\n|turn|7\n|\n|t:|1683071805\n|move|p1b: Palafin|Wave Crash|p2a: Amoonguss\n|-resisted|p2a: Amoonguss\n|-damage|p2a: Amoonguss|32\/100\n|-damage|p1b: Palafin|69\/100|[from] Recoil\n|move|p2b: Rotom|Nasty Plot|p2b: Rotom\n|-boost|p2b: Rotom|spa|2\n|move|p1a: Gholdengo|Shadow Ball|p2a: Amoonguss\n|-damage|p2a: Amoonguss|0 fnt\n|faint|p2a: Amoonguss\n|\n|upkeep\n|\n|t:|1683071814\n|switch|p2a: Dragonite|Dragonite, L50, M|100\/100 slp\n|turn|8\n|\n|t:|1683071835\n|-terastallize|p2a: Dragonite|Normal\n|move|p1b: Palafin|Protect|p1b: Palafin\n|-singleturn|p1b: Palafin|Protect\n|-curestatus|p2a: Dragonite|slp|[msg]\n|move|p2a: Dragonite|Extreme Speed|p1b: Palafin\n|-activate|p1b: Palafin|move: Protect\n|move|p2b: Rotom|Hydro Pump|p1a: Gholdengo\n|-damage|p1a: Gholdengo|24\/100\n|move|p1a: Gholdengo|Shadow Ball|p2b: Rotom\n|-damage|p2b: Rotom|36\/100\n|-enditem|p2b: Rotom|Sitrus Berry|[eat]\n|-heal|p2b: Rotom|61\/100|[from] item: Sitrus Berry\n|\n|upkeep\n|turn|9\n|\n|t:|1683071853\n|switch|p1a: Amoonguss|Amoonguss, L50, F|46\/100\n|move|p2a: Dragonite|Extreme Speed|p1b: Palafin\n|-damage|p1b: Palafin|0 fnt\n|faint|p1b: Palafin\n|move|p2b: Rotom|Thunderbolt|p1a: Amoonguss\n|-resisted|p1a: Amoonguss\n|-damage|p1a: Amoonguss|14\/100\n|\n|upkeep\n|\n|t:|1683071862\n|switch|p1b: Arcanine|Arcanine, L50, F|100\/100\n|-ability|p1b: Arcanine|Intimidate|boost\n|-fail|p2a: Dragonite|unboost|Attack|[from] ability: Inner Focus|[of] p2a: Dragonite\n|-unboost|p2b: Rotom|atk|1\n|turn|10\n|\n|t:|1683071884\n|move|p1a: Amoonguss|Protect|p1a: Amoonguss\n|-singleturn|p1a: Amoonguss|Protect\n|move|p2a: Dragonite|Extreme Speed|p1a: Amoonguss\n|-activate|p1a: Amoonguss|move: Protect\n|move|p1b: Arcanine|Will-O-Wisp|p2a: Dragonite\n|-status|p2a: Dragonite|brn\n|move|p2b: Rotom|Hydro Pump|p1b: Arcanine\n|-supereffective|p1b: Arcanine\n|-damage|p1b: Arcanine|0 fnt\n|faint|p1b: Arcanine\n|\n|-damage|p2a: Dragonite|94\/100 brn|[from] brn\n|upkeep\n|\n|t:|1683071897\n|switch|p1b: Gholdengo|Gholdengo, L50|24\/100\n|turn|11\n|\n|t:|1683071904\n|move|p2a: Dragonite|Extreme Speed|p1a: Amoonguss\n|-damage|p1a: Amoonguss|0 fnt\n|faint|p1a: Amoonguss\n|move|p2b: Rotom|Thunderbolt|p1b: Gholdengo\n|-damage|p1b: Gholdengo|0 fnt\n|faint|p1b: Gholdengo\n|\n|win|RitmanTesting1\n|raw|blfuller_4's rating: 1395 → 1377<\/strong> (-18 for losing)\n|raw|RitmanTesting1's rating: 1437 → 1455<\/strong> (+18 for winning)\n|c|\u2606RitmanTesting1|gg\n|c|\u2606blfuller_4|gg\n|l|\u2606blfuller_4\n","uploadtime":1683071916,"views":10,"p1id":"blfuller4","p2id":"ritmantesting1","formatid":"gen9vgc2023regulationc","rating":1377,"private":0,"password":""}