{"id":"gen9vgc2023regulationc-1859784074","p1":"Rambah","p2":"gustavy545","format":"[Gen 9] VGC 2023 Regulation C","log":"|j|\u2606Rambah\n|j|\u2606gustavy545\n|t:|1683564263\n|gametype|doubles\n|player|p1|Rambah|169|1158\n|player|p2|gustavy545|265|1148\n|teamsize|p1|6\n|teamsize|p2|6\n|gen|9\n|tier|[Gen 9] VGC 2023 Regulation C\n|rated|\n|rule|Species Clause: Limit one of each Pok\u00e9mon\n|rule|Item Clause: Limit one of each item\n|clearpoke\n|poke|p1|Baxcalibur, L50, M|\n|poke|p1|Amoonguss, L50, M|\n|poke|p1|Kingambit, L50, M|\n|poke|p1|Ting-Lu, L50|\n|poke|p1|Flutter Mane, L50|\n|poke|p1|Chi-Yu, L50|\n|poke|p2|Salamence, L50, M|\n|poke|p2|Chien-Pao, L50|\n|poke|p2|Iron Hands, L50|\n|poke|p2|Volcarona, L50, F|\n|poke|p2|Gholdengo, L50|\n|poke|p2|Iron Bundle, L50|\n|teampreview|4\nRambah has agreed to open team sheets.\ngustavy545 has agreed to open team sheets.\n|c|\u2606gustavy545|ciao\n|\n|t:|1683564315\n|start\n|switch|p1a: Flutter Mane|Flutter Mane, L50|100\/100\n|switch|p1b: Baxcalibur|Baxcalibur, L50, M|100\/100\n|switch|p2a: Iron Bundle|Iron Bundle, L50|100\/100\n|switch|p2b: Volcarona|Volcarona, L50, F|100\/100\n|-enditem|p2a: Iron Bundle|Booster Energy\n|-activate|p2a: Iron Bundle|ability: Quark Drive|[fromitem]\n|-start|p2a: Iron Bundle|quarkdrivespe\n|-enditem|p1a: Flutter Mane|Booster Energy\n|-activate|p1a: Flutter Mane|ability: Protosynthesis|[fromitem]\n|-start|p1a: Flutter Mane|protosynthesisspe\n|turn|1\n|\n|t:|1683564362\n|-terastallize|p1b: Baxcalibur|Poison\n|-terastallize|p2b: Volcarona|Water\n|move|p2a: Iron Bundle|Icy Wind|p1b: Baxcalibur|[spread] p1a,p1b\n|-crit|p1b: Baxcalibur\n|-damage|p1a: Flutter Mane|79\/100\n|-damage|p1b: Baxcalibur|67\/100\n|-unboost|p1a: Flutter Mane|spe|1\n|-unboost|p1b: Baxcalibur|spe|1\n|move|p1a: Flutter Mane|Dazzling Gleam|p2b: Volcarona|[spread] p2a,p2b\n|-damage|p2a: Iron Bundle|32\/100\n|-damage|p2b: Volcarona|79\/100\n|move|p2b: Volcarona|Quiver Dance|p2b: Volcarona\n|-boost|p2b: Volcarona|spa|1\n|-boost|p2b: Volcarona|spd|1\n|-boost|p2b: Volcarona|spe|1\n|move|p1b: Baxcalibur|Glaive Rush|p2b: Volcarona\n|-damage|p2b: Volcarona|4\/100\n|-singlemove|p1b: Baxcalibur|Glaive Rush|[silent]\n|-enditem|p2b: Volcarona|Sitrus Berry|[eat]\n|-heal|p2b: Volcarona|29\/100|[from] item: Sitrus Berry\n|\n|upkeep\n|turn|2\n|\n|t:|1683564395\n|move|p1b: Baxcalibur|Ice Shard|p2b: Volcarona\n|-resisted|p2b: Volcarona\n|-damage|p2b: Volcarona|16\/100\n|move|p2a: Iron Bundle|Hydro Pump|p1b: Baxcalibur\n|-damage|p1b: Baxcalibur|5\/100\n|move|p1a: Flutter Mane|Moonblast|p2a: Iron Bundle\n|-damage|p2a: Iron Bundle|0 fnt\n|faint|p2a: Iron Bundle\n|-end|p2a: Iron Bundle|Quark Drive|[silent]\n|move|p2b: Volcarona|Tera Blast|p1a: Flutter Mane\n|-damage|p1a: Flutter Mane|29\/100\n|\n|upkeep\n|\n|t:|1683564413\n|switch|p2a: Gholdengo|Gholdengo, L50|100\/100\n|turn|3\n|\n|t:|1683564426\n|-end|p1a: Flutter Mane|Protosynthesis|[silent]\n|switch|p1a: Amoonguss|Amoonguss, L50, M|100\/100\n|switch|p1b: Ting-Lu|Ting-Lu, L50|100\/100\n|-ability|p1b: Ting-Lu|Vessel of Ruin\n|move|p2b: Volcarona|Quiver Dance|p2b: Volcarona\n|-boost|p2b: Volcarona|spa|1\n|-boost|p2b: Volcarona|spd|1\n|-boost|p2b: Volcarona|spe|1\n|move|p2a: Gholdengo|Make It Rain|p1b: Ting-Lu|[spread] p1a,p1b\n|-damage|p1a: Amoonguss|66\/100\n|-damage|p1b: Ting-Lu|84\/100\n|-unboost|p2a: Gholdengo|spa|1\n|\n|upkeep\n|turn|4\n|\n|t:|1683564498\n|switch|p1a: Baxcalibur|Baxcalibur, L50, M, tera:Poison|5\/100\n|move|p2b: Volcarona|Bug Buzz|p1b: Ting-Lu\n|-supereffective|p1b: Ting-Lu\n|-damage|p1b: Ting-Lu|36\/100\n|move|p2a: Gholdengo|Nasty Plot|p2a: Gholdengo\n|-boost|p2a: Gholdengo|spa|2\n|move|p1b: Ting-Lu|Rock Slide|p2a: Gholdengo|[spread] p2a,p2b\n|-resisted|p2a: Gholdengo\n|-damage|p2a: Gholdengo|93\/100\n|-damage|p2b: Volcarona|0 fnt\n|faint|p2b: Volcarona\n|\n|-heal|p2a: Gholdengo|99\/100|[from] item: Leftovers\n|upkeep\n|\n|t:|1683564511\n|switch|p2b: Iron Hands|Iron Hands, L50|100\/100\n|turn|5\n|\n|t:|1683564523\n|move|p1a: Baxcalibur|Protect|p1a: Baxcalibur\n|-singleturn|p1a: Baxcalibur|Protect\n|move|p2a: Gholdengo|Make It Rain|p1a: Baxcalibur|[spread] p1b\n|-activate|p1a: Baxcalibur|move: Protect\n|-damage|p1b: Ting-Lu|13\/100\n|-unboost|p2a: Gholdengo|spa|1\n|move|p2b: Iron Hands|Iron Head|p1a: Baxcalibur\n|-activate|p1a: Baxcalibur|move: Protect\n|move|p1b: Ting-Lu|Ruination|p2a: Gholdengo|[miss]\n|-miss|p1b: Ting-Lu|p2a: Gholdengo\n|\n|-heal|p2a: Gholdengo|100\/100|[from] item: Leftovers\n|upkeep\n|turn|6\n|\n|t:|1683564558\n|switch|p1b: Amoonguss|Amoonguss, L50, M|99\/100\n|move|p1a: Baxcalibur|Glaive Rush|p2a: Gholdengo\n|-resisted|p2a: Gholdengo\n|-damage|p2a: Gholdengo|65\/100\n|-singlemove|p1a: Baxcalibur|Glaive Rush|[silent]\n|move|p2a: Gholdengo|Make It Rain|p1a: Baxcalibur|[spread] p1a,p1b\n|-damage|p1a: Baxcalibur|0 fnt\n|-damage|p1b: Amoonguss|51\/100\n|-unboost|p2a: Gholdengo|spa|1\n|faint|p1a: Baxcalibur\n|move|p2b: Iron Hands|Wild Charge|p1b: Amoonguss\n|-resisted|p1b: Amoonguss\n|-damage|p1b: Amoonguss|32\/100\n|-enditem|p1b: Amoonguss|Sitrus Berry|[eat]\n|-heal|p1b: Amoonguss|57\/100|[from] item: Sitrus Berry\n|-damage|p2b: Iron Hands|96\/100|[from] Recoil\n|\n|-heal|p2a: Gholdengo|71\/100|[from] item: Leftovers\n|upkeep\n|\n|t:|1683564574\n|switch|p1a: Flutter Mane|Flutter Mane, L50|29\/100\n|turn|7\n|\n|t:|1683564589\n|move|p1b: Amoonguss|Rage Powder|p1b: Amoonguss\n|-singleturn|p1b: Amoonguss|move: Rage Powder\n|move|p1a: Flutter Mane|Shadow Ball|p2a: Gholdengo\n|-supereffective|p2a: Gholdengo\n|-damage|p2a: Gholdengo|0 fnt\n|faint|p2a: Gholdengo\n|move|p2b: Iron Hands|Iron Head|p1b: Amoonguss\n|-damage|p1b: Amoonguss|36\/100\n|\n|upkeep\n|turn|8\n|\n|t:|1683564600\n|move|p1a: Flutter Mane|Protect|p1a: Flutter Mane\n|-singleturn|p1a: Flutter Mane|Protect\n|move|p2b: Iron Hands|Iron Head|p1b: Amoonguss\n|-damage|p1b: Amoonguss|14\/100\n|move|p1b: Amoonguss|Spore|p2b: Iron Hands\n|-status|p2b: Iron Hands|slp|[from] move: Spore\n|\n|upkeep\n|turn|9\n|\n|t:|1683564609\n|move|p1a: Flutter Mane|Moonblast|p2b: Iron Hands\n|-supereffective|p2b: Iron Hands\n|-damage|p2b: Iron Hands|40\/100 slp\n|cant|p2b: Iron Hands|slp\n|move|p1b: Amoonguss|Pollen Puff|p1a: Flutter Mane\n|-heal|p1a: Flutter Mane|78\/100\n|\n|upkeep\n|turn|10\n|-message|gustavy545 forfeited.\n|\n|win|Rambah\n|raw|Rambah's rating: 1158 → 1182<\/strong> (+24 for winning)\n|raw|gustavy545's rating: 1148 → 1124<\/strong> (-24 for losing)\n|l|\u2606gustavy545\n","uploadtime":1683564629,"views":5,"p1id":"rambah","p2id":"gustavy545","formatid":"gen9vgc2023regulationc","rating":1124,"private":0,"password":""}