{"id":"gen9vgc2023regulationc-1845145773","p1":"Loafus06","p2":"MrIKUrtz","format":"[Gen 9] VGC 2023 Regulation C","log":"|j|\u2606Loafus06\n|j|\u2606MrIKUrtz\n|t:|1681688993\n|gametype|doubles\n|player|p1|Loafus06|burnet|1185\n|player|p2|MrIKUrtz|102|1093\n|teamsize|p1|6\n|teamsize|p2|6\n|gen|9\n|tier|[Gen 9] VGC 2023 Regulation C\n|rated|\n|rule|Species Clause: Limit one of each Pok\u00e9mon\n|rule|Item Clause: Limit one of each item\n|clearpoke\n|poke|p1|Ting-Lu, L50|\n|poke|p1|Dragapult, L50, M|\n|poke|p1|Espathra, L50, M|\n|poke|p1|Amoonguss, L50, M|\n|poke|p1|Sandy Shocks, L50|\n|poke|p1|Chien-Pao, L50|\n|poke|p2|Torkoal, L50, F|\n|poke|p2|Lilligant, L50, F|\n|poke|p2|Chien-Pao, L50|\n|poke|p2|Flutter Mane, L50|\n|poke|p2|Iron Bundle, L50|\n|poke|p2|Annihilape, L50, M|\n|teampreview|4\n|inactive|Battle timer is ON: inactive players will automatically lose when time's up. (requested by Loafus06)\n|\n|t:|1681689022\n|start\n|switch|p1a: Ting-Lu|Ting-Lu, L50|100\/100\n|switch|p1b: Espathra|Espathra, L50, M|100\/100\n|switch|p2a: Flutter Mane|Flutter Mane, L50|100\/100\n|switch|p2b: Iron Bundle|Iron Bundle, L50|100\/100\n|-ability|p1a: Ting-Lu|Vessel of Ruin\n|turn|1\n|\n|t:|1681689047\n|-terastallize|p1a: Ting-Lu|Poison\n|move|p1b: Espathra|Protect|p1b: Espathra\n|-singleturn|p1b: Espathra|Protect\n|move|p2a: Flutter Mane|Shadow Ball|p1b: Espathra\n|-activate|p1b: Espathra|move: Protect\n|move|p2b: Iron Bundle|Freeze-Dry|p1a: Ting-Lu\n|-damage|p1a: Ting-Lu|87\/100\n|move|p1a: Ting-Lu|Fissure|p2b: Iron Bundle\n|-damage|p2b: Iron Bundle|0 fnt\n|faint|p2b: Iron Bundle\n|-end|p2b: Iron Bundle|Quark Drive|[silent]\n|-ohko\n|\n|-ability|p1b: Espathra|Speed Boost|boost\n|-boost|p1b: Espathra|spe|1\n|upkeep\n|\n|t:|1681689059\n|switch|p2b: Torkoal|Torkoal, L50, F|100\/100\n|-weather|SunnyDay|[from] ability: Drought|[of] p2b: Torkoal\n|-activate|p2a: Flutter Mane|ability: Protosynthesis\n|-start|p2a: Flutter Mane|protosynthesisspe\n|turn|2\n|\n|t:|1681689076\n|move|p2a: Flutter Mane|Shadow Ball|p1b: Espathra\n|-supereffective|p1b: Espathra\n|-enditem|p1b: Espathra|Focus Sash\n|-damage|p1b: Espathra|1\/100\n|-unboost|p1b: Espathra|spd|1\n|move|p1b: Espathra|Hypnosis|p2b: Torkoal\n|-status|p2b: Torkoal|slp|[from] move: Hypnosis\n|move|p1a: Ting-Lu|Fissure|p2a: Flutter Mane\n|-damage|p2a: Flutter Mane|0 fnt\n|faint|p2a: Flutter Mane\n|-end|p2a: Flutter Mane|Protosynthesis|[silent]\n|-ohko\n|cant|p2b: Torkoal|slp\n|\n|-weather|SunnyDay|[upkeep]\n|-ability|p1b: Espathra|Speed Boost|boost\n|-boost|p1b: Espathra|spe|1\n|upkeep\n|\n|t:|1681689091\n|switch|p2a: Annihilape|Annihilape, L50, M|100\/100\n|turn|3\n|\n|t:|1681689098\n|move|p1b: Espathra|Hypnosis|p2a: Annihilape\n|-status|p2a: Annihilape|slp|[from] move: Hypnosis\n|-enditem|p2a: Annihilape|Lum Berry|[eat]\n|-curestatus|p2a: Annihilape|slp|[msg]\n|move|p2a: Annihilape|Rage Fist|p1b: Espathra\n|-supereffective|p1b: Espathra\n|-damage|p1b: Espathra|0 fnt\n|faint|p1b: Espathra\n|move|p1a: Ting-Lu|Fissure|p2a: Annihilape|[miss]\n|-miss|p1a: Ting-Lu|p2a: Annihilape\n|-curestatus|p2b: Torkoal|slp|[msg]\n|move|p2b: Torkoal|Eruption|p1a: Ting-Lu\n|-damage|p1a: Ting-Lu|45\/100\n|\n|-weather|SunnyDay|[upkeep]\n|upkeep\n|\n|t:|1681689109\n|switch|p1b: Dragapult|Dragapult, L50, M|100\/100\n|turn|4\n|\n|t:|1681689121\n|-terastallize|p2a: Annihilape|Fire\n|move|p1b: Dragapult|Confuse Ray|p2a: Annihilape\n|-start|p2a: Annihilape|confusion\n|-activate|p2a: Annihilape|confusion\n|-damage|p2a: Annihilape|87\/100|[from] confusion\n|move|p1a: Ting-Lu|Fissure|p2b: Torkoal\n|-damage|p2b: Torkoal|0 fnt\n|faint|p2b: Torkoal\n|-ohko\n|\n|-weather|SunnyDay|[upkeep]\n|upkeep\n|turn|5\n|\n|t:|1681689131\n|move|p1b: Dragapult|Phantom Force||[still]\n|-prepare|p1b: Dragapult|Phantom Force\n|-activate|p2a: Annihilape|confusion\n|-damage|p2a: Annihilape|75\/100|[from] confusion\n|move|p1a: Ting-Lu|Fissure|p2a: Annihilape\n|-damage|p2a: Annihilape|0 fnt\n|faint|p2a: Annihilape\n|-ohko\n|\n|win|Loafus06\n|raw|Loafus06's rating: 1185 → 1204<\/strong> (+19 for winning)\n|raw|MrIKUrtz's rating: 1093 → 1075<\/strong> (-18 for losing)\n|l|\u2606MrIKUrtz\n","uploadtime":1681689139,"views":19,"p1id":"loafus06","p2id":"mrikurtz","formatid":"gen9vgc2023regulationc","rating":1075,"private":0,"password":""}