{"id":"gen9vgc2023regulationc-1856692905","p1":"lalowoofl3","p2":"pjcsq3","format":"[Gen 9] VGC 2023 Regulation C","log":"|j|\u2606lalowoofl3\n|j|\u2606pjcsq3\n|t:|1683095622\n|gametype|doubles\n|player|p1|lalowoofl3|102|1156\n|player|p2|pjcsq3|unknown|1295\n|teamsize|p1|6\n|teamsize|p2|6\n|gen|9\n|tier|[Gen 9] VGC 2023 Regulation C\n|rated|\n|rule|Species Clause: Limit one of each Pok\u00e9mon\n|rule|Item Clause: Limit one of each item\n|clearpoke\n|poke|p1|Grimmsnarl, L50, M|\n|poke|p1|Sandy Shocks, L50|\n|poke|p1|Palafin, L50, F|\n|poke|p1|Annihilape, L50, F|\n|poke|p1|Arcanine, L50, M|\n|poke|p1|Baxcalibur, L50, M|\n|poke|p2|Glimmora, L50, F|\n|poke|p2|Dragonite, L50, M|\n|poke|p2|Flutter Mane, L50|\n|poke|p2|Dondozo, L50, F|\n|poke|p2|Chien-Pao, L50|\n|poke|p2|Chi-Yu, L50|\n|teampreview|4\n|\n|t:|1683095650\n|start\n|switch|p1a: Grimmsnarl|Grimmsnarl, L50, M|100\/100\n|switch|p1b: Sandy Shocks|Sandy Shocks, L50|100\/100\n|switch|p2a: Glimmora|Glimmora, L50, F|100\/100\n|switch|p2b: Dondozo|Dondozo, L50, F|100\/100\n|turn|1\n|\n|t:|1683095668\n|-terastallize|p2a: Glimmora|Grass\n|move|p1a: Grimmsnarl|Misty Terrain|p1a: Grimmsnarl\n|-fieldstart|move: Misty Terrain\n|move|p1b: Sandy Shocks|Thunderbolt|p2b: Dondozo\n|-supereffective|p2b: Dondozo\n|-damage|p2b: Dondozo|6\/100\n|move|p2a: Glimmora|Energy Ball|p1b: Sandy Shocks\n|-supereffective|p1b: Sandy Shocks\n|-damage|p1b: Sandy Shocks|6\/100\n|move|p2b: Dondozo|Bulldoze|p1b: Sandy Shocks|[spread] p2a,p1a,p1b\n|-resisted|p2a: Glimmora\n|-supereffective|p1b: Sandy Shocks\n|-damage|p2a: Glimmora|95\/100\n|-damage|p1a: Grimmsnarl|88\/100\n|-damage|p1b: Sandy Shocks|0 fnt\n|-unboost|p2a: Glimmora|spe|1\n|-unboost|p1a: Grimmsnarl|spe|1\n|-activate|p2a: Glimmora|ability: Toxic Debris\n|-sidestart|p1: lalowoofl3|move: Toxic Spikes\n|faint|p1b: Sandy Shocks\n|-end|p1b: Sandy Shocks|Protosynthesis|[silent]\n|\n|-heal|p2b: Dondozo|12\/100|[from] item: Leftovers\n|upkeep\n|\n|t:|1683095695\n|switch|p1b: Arcanine|Arcanine, L50, M|100\/100\n|-ability|p1b: Arcanine|Intimidate|boost\n|-unboost|p2a: Glimmora|atk|1\n|-unboost|p2b: Dondozo|atk|1\n|turn|2\n|\n|t:|1683095706\n|move|p2a: Glimmora|Spiky Shield|p2a: Glimmora\n|-singleturn|p2a: Glimmora|move: Protect\n|move|p1a: Grimmsnarl|Reflect|p1a: Grimmsnarl\n|-sidestart|p1: lalowoofl3|Reflect\n|move|p1b: Arcanine|Flare Blitz|p2a: Glimmora\n|-activate|p2a: Glimmora|move: Protect\n|-damage|p1b: Arcanine|88\/100|[from] Spiky Shield|[of] p2a: Glimmora\n|move|p2b: Dondozo|Bulldoze|p1b: Arcanine|[spread] p1a,p1b\n|-activate|p2a: Glimmora|move: Protect\n|-supereffective|p1b: Arcanine\n|-damage|p1a: Grimmsnarl|83\/100\n|-damage|p1b: Arcanine|79\/100\n|-unboost|p1a: Grimmsnarl|spe|1\n|-unboost|p1b: Arcanine|spe|1\n|\n|-heal|p2b: Dondozo|18\/100|[from] item: Leftovers\n|upkeep\n|turn|3\n|\n|t:|1683095726\n|move|p2b: Dondozo|Protect|p2b: Dondozo\n|-singleturn|p2b: Dondozo|Protect\n|move|p1a: Grimmsnarl|Light Screen|p1a: Grimmsnarl\n|-sidestart|p1: lalowoofl3|move: Light Screen\n|move|p2a: Glimmora|Power Gem|p1b: Arcanine\n|-supereffective|p1b: Arcanine\n|-damage|p1b: Arcanine|23\/100\n|move|p1b: Arcanine|Flare Blitz|p2a: Glimmora\n|-supereffective|p2a: Glimmora\n|-damage|p2a: Glimmora|0 fnt\n|-activate|p2a: Glimmora|ability: Toxic Debris\n|-sidestart|p1: lalowoofl3|move: Toxic Spikes\n|faint|p2a: Glimmora\n|-damage|p1b: Arcanine|0 fnt|[from] Recoil\n|faint|p1b: Arcanine\n|\n|-heal|p2b: Dondozo|25\/100|[from] item: Leftovers\n|upkeep\n|\n|t:|1683095745\n|switch|p2a: Chien-Pao|Chien-Pao, L50|100\/100\n|switch|p1b: Annihilape|Annihilape, L50, F|100\/100\n|-ability|p2a: Chien-Pao|Sword of Ruin\n|turn|4\n|\n|t:|1683095760\n|move|p2a: Chien-Pao|Protect|p2a: Chien-Pao\n|-singleturn|p2a: Chien-Pao|Protect\n|move|p1b: Annihilape|Rage Fist|p2b: Dondozo\n|-damage|p2b: Dondozo|6\/100\n|move|p2b: Dondozo|Wave Crash|p1a: Grimmsnarl\n|-damage|p1a: Grimmsnarl|58\/100\n|-damage|p2b: Dondozo|0 fnt|[from] Recoil\n|faint|p2b: Dondozo\n|move|p1a: Grimmsnarl|Spirit Break|p2a: Chien-Pao\n|-activate|p2a: Chien-Pao|move: Protect\n|\n|upkeep\n|\n|t:|1683095770\n|switch|p2b: Dragonite|Dragonite, L50, M|100\/100\n|turn|5\n|\n|t:|1683095783\n|move|p2a: Chien-Pao|Ice Spinner|p1a: Grimmsnarl\n|-damage|p1a: Grimmsnarl|21\/100\n|-fieldend|Misty Terrain\n|move|p2b: Dragonite|Dragon Dance|p2b: Dragonite\n|-boost|p2b: Dragonite|atk|1\n|-boost|p2b: Dragonite|spe|1\n|move|p1b: Annihilape|Drain Punch|p2a: Chien-Pao\n|-supereffective|p2a: Chien-Pao\n|-enditem|p2a: Chien-Pao|Focus Sash\n|-damage|p2a: Chien-Pao|1\/100\n|move|p1a: Grimmsnarl|Spirit Break|p2b: Dragonite\n|-supereffective|p2b: Dragonite\n|-damage|p2b: Dragonite|49\/100\n|\n|upkeep\n|turn|6\n|\n|t:|1683095811\n|move|p2b: Dragonite|Outrage|p1a: Grimmsnarl\n|-immune|p1a: Grimmsnarl\n|move|p2a: Chien-Pao|Ice Spinner|p1a: Grimmsnarl\n|-damage|p1a: Grimmsnarl|0 fnt\n|faint|p1a: Grimmsnarl\n|move|p1b: Annihilape|Rage Fist|p2b: Dragonite\n|-damage|p2b: Dragonite|14\/100\n|\n|upkeep\n|turn|7\n|\n|t:|1683095835\n|-terastallize|p1b: Annihilape|Fire\n|move|p2a: Chien-Pao|Sucker Punch|p1b: Annihilape\n|-damage|p1b: Annihilape|69\/100\n|move|p2b: Dragonite|Outrage|p1b: Annihilape\n|-damage|p1b: Annihilape|0 fnt\n|faint|p1b: Annihilape\n|\n|win|pjcsq3\n|raw|lalowoofl3's rating: 1156 → 1141<\/strong> (-15 for losing)\n|raw|pjcsq3's rating: 1295 → 1310<\/strong> (+15 for winning)\n","uploadtime":1683095848,"views":6,"p1id":"lalowoofl3","p2id":"pjcsq3","formatid":"gen9vgc2023regulationc","rating":1141,"private":0,"password":""}