{"id":"gen9vgc2023regulationc-1861161611","p1":"Paopao123","p2":"littensalt","format":"[Gen 9] VGC 2023 Regulation C","log":"|j|\u2606Paopao123\n|j|\u2606littensalt\n|t:|1683731967\n|gametype|doubles\n|player|p1|Paopao123|102|1000\n|player|p2|littensalt|hugh|1060\n|teamsize|p1|6\n|teamsize|p2|6\n|gen|9\n|tier|[Gen 9] VGC 2023 Regulation C\n|rated|\n|rule|Species Clause: Limit one of each Pok\u00e9mon\n|rule|Item Clause: Limit one of each item\n|clearpoke\n|poke|p1|Chien-Pao, L50|\n|poke|p1|Tyranitar, L50, F|\n|poke|p1|Lycanroc, L50, M|\n|poke|p1|Dragonite, L50, M|\n|poke|p1|Corviknight, L50, F|\n|poke|p1|Annihilape, L50, M|\n|poke|p2|Indeedee-F, L50, F|\n|poke|p2|Armarouge, L50, F|\n|poke|p2|Gholdengo, L50|\n|poke|p2|Murkrow, L50, M|\n|poke|p2|Meowscarada, L50, F|\n|poke|p2|Great Tusk, L50|\n|teampreview|4\n|\n|t:|1683731998\n|start\n|switch|p1a: Lycanroc|Lycanroc, L50, M|100\/100\n|switch|p1b: Tyranitar|Tyranitar, L50, F|100\/100\n|switch|p2a: Indeedee|Indeedee-F, L50, F|100\/100\n|switch|p2b: Armarouge|Armarouge, L50, F|100\/100\n|-weather|Sandstorm|[from] ability: Sand Stream|[of] p1b: Tyranitar\n|-fieldstart|move: Psychic Terrain|[from] ability: Psychic Surge|[of] p2a: Indeedee\n|-enditem|p2a: Indeedee|Psychic Seed\n|-boost|p2a: Indeedee|spd|1|[from] item: Psychic Seed\n|turn|1\n|\n|t:|1683732029\n|move|p2b: Armarouge|Protect|p2b: Armarouge\n|-singleturn|p2b: Armarouge|Protect\n|move|p1a: Lycanroc|Rock Slide|p2a: Indeedee|[spread] p2a\n|-activate|p2b: Armarouge|move: Protect\n|-damage|p2a: Indeedee|61\/100\n|move|p1b: Tyranitar|Rock Slide|p2a: Indeedee|[spread] \n|-activate|p2b: Armarouge|move: Protect\n|-miss|p1b: Tyranitar|p2a: Indeedee\n|cant|p2a: Indeedee|flinch\n|\n|-weather|Sandstorm|[upkeep]\n|-damage|p2a: Indeedee|55\/100|[from] Sandstorm\n|-damage|p2b: Armarouge|95\/100|[from] Sandstorm\n|upkeep\n|turn|2\n|\n|t:|1683732052\n|move|p1a: Lycanroc|Rock Slide|p2a: Indeedee|[spread] p2a\n|-miss|p1a: Lycanroc|p2b: Armarouge\n|-damage|p2a: Indeedee|20\/100\n|move|p1b: Tyranitar|Rock Slide|p2a: Indeedee|[spread] p2a,p2b\n|-supereffective|p2b: Armarouge\n|-damage|p2a: Indeedee|0 fnt\n|-damage|p2b: Armarouge|31\/100\n|faint|p2a: Indeedee\n|move|p2b: Armarouge|Expanding Force|p1b: Tyranitar|[spread] p1a\n|-immune|p1b: Tyranitar\n|-damage|p1a: Lycanroc|38\/100\n|-damage|p2b: Armarouge|21\/100|[from] item: Life Orb\n|\n|-weather|Sandstorm|[upkeep]\n|-damage|p2b: Armarouge|15\/100|[from] Sandstorm\n|upkeep\n|\n|t:|1683732061\n|switch|p2a: Gholdengo|Gholdengo, L50|100\/100\n|turn|3\n|\n|t:|1683732092\n|switch|p1b: Dragonite|Dragonite, L50, M|100\/100\n|move|p1a: Lycanroc|Bulldoze|p2a: Gholdengo|[spread] p2a,p2b\n|-immune|p1b: Dragonite\n|-supereffective|p2a: Gholdengo\n|-supereffective|p2b: Armarouge\n|-damage|p2a: Gholdengo|71\/100\n|-damage|p2b: Armarouge|0 fnt\n|-unboost|p2a: Gholdengo|spe|1\n|faint|p2b: Armarouge\n|move|p2a: Gholdengo|Make It Rain|p1a: Lycanroc|[spread] p1a,p1b\n|-supereffective|p1a: Lycanroc\n|-damage|p1a: Lycanroc|0 fnt\n|-damage|p1b: Dragonite|76\/100\n|-unboost|p2a: Gholdengo|spa|1\n|faint|p1a: Lycanroc\n|\n|-weather|Sandstorm|[upkeep]\n|-damage|p1b: Dragonite|70\/100|[from] Sandstorm\n|-heal|p2a: Gholdengo|77\/100|[from] item: Leftovers\n|upkeep\n|\n|t:|1683732112\n|switch|p1a: Chien-Pao|Chien-Pao, L50|100\/100\n|switch|p2b: Great Tusk|Great Tusk, L50|100\/100\n|-ability|p1a: Chien-Pao|Sword of Ruin\n|-enditem|p2b: Great Tusk|Booster Energy\n|-activate|p2b: Great Tusk|ability: Protosynthesis|[fromitem]\n|-start|p2b: Great Tusk|protosynthesisatk\n|turn|4\n|\n|t:|1683732142\n|-terastallize|p1a: Chien-Pao|Water\n|-terastallize|p2a: Gholdengo|Steel\n|move|p1a: Chien-Pao|Ice Spinner|p2b: Great Tusk\n|-supereffective|p2b: Great Tusk\n|-damage|p2b: Great Tusk|36\/100\n|-fieldend|move: Psychic Terrain\n|move|p2b: Great Tusk|Close Combat|p1a: Chien-Pao\n|-damage|p1a: Chien-Pao|0 fnt\n|-unboost|p2b: Great Tusk|def|1\n|-unboost|p2b: Great Tusk|spd|1\n|faint|p1a: Chien-Pao\n|move|p1b: Dragonite|Aerial Ace|p2b: Great Tusk\n|-supereffective|p2b: Great Tusk\n|-damage|p2b: Great Tusk|0 fnt\n|faint|p2b: Great Tusk\n|-end|p2b: Great Tusk|Protosynthesis|[silent]\n|move|p2a: Gholdengo|Nasty Plot|p2a: Gholdengo\n|-boost|p2a: Gholdengo|spa|2\n|\n|-weather|Sandstorm|[upkeep]\n|-damage|p1b: Dragonite|64\/100|[from] Sandstorm\n|-heal|p2a: Gholdengo|83\/100|[from] item: Leftovers\n|upkeep\n|\n|t:|1683732165\n|switch|p1a: Tyranitar|Tyranitar, L50, F|100\/100\n|turn|5\n|\n|t:|1683732176\n|move|p1a: Tyranitar|Stomping Tantrum|p2a: Gholdengo\n|-supereffective|p2a: Gholdengo\n|-damage|p2a: Gholdengo|0 fnt\n|faint|p2a: Gholdengo\n|\n|win|Paopao123\n|raw|Paopao123's rating: 1000 → 1047<\/strong> (+47 for winning)\n|raw|littensalt's rating: 1060 → 1038<\/strong> (-22 for losing)\n|c|\u2606littensalt|gg\n|l|\u2606Paopao123\n","uploadtime":1683732187,"views":6,"p1id":"paopao123","p2id":"littensalt","formatid":"gen9vgc2023regulationc","rating":1038,"private":0,"password":""}