{"id":"gen9vgc2023regulationc-1849102236","p1":"Ka1sen","p2":"ether21","format":"[Gen 9] VGC 2023 Regulation C","log":"|j|\u2606Ka1sen\n|j|\u2606ether21\n|t:|1682155741\n|gametype|doubles\n|player|p1|Ka1sen|170|1074\n|player|p2|ether21|twins-gen4dp|1153\n|teamsize|p1|6\n|teamsize|p2|6\n|gen|9\n|tier|[Gen 9] VGC 2023 Regulation C\n|rated|\n|rule|Species Clause: Limit one of each Pok\u00e9mon\n|rule|Item Clause: Limit one of each item\n|clearpoke\n|poke|p1|Volcarona, L50, F|\n|poke|p1|Oricorio, L50, M|\n|poke|p1|Annihilape, L50, M|\n|poke|p1|Tatsugiri, L50, F|\n|poke|p1|Palafin, L50, M|\n|poke|p1|Iron Hands, L50|\n|poke|p2|Dondozo, L50, M|\n|poke|p2|Tatsugiri, L50, F|\n|poke|p2|Arcanine, L50, M|\n|poke|p2|Baxcalibur, L50, F|\n|poke|p2|Ting-Lu, L50|\n|poke|p2|Mimikyu, L50, M|\n|teampreview|4\n|\n|t:|1682155773\n|start\n|switch|p1a: Palafin|Palafin, L50, M|100\/100\n|switch|p1b: Iron Hands|Iron Hands, L50|100\/100\n|switch|p2a: Dondozo|Dondozo, L50, M|100\/100\n|switch|p2b: Mimikyu|Mimikyu, L50, M|100\/100\n|turn|1\n|inactive|Battle timer is ON: inactive players will automatically lose when time's up. (requested by ether21)\n|\n|t:|1682155796\n|switch|p2a: Arcanine|Arcanine, L50, M|100\/100\n|-ability|p2a: Arcanine|Intimidate|boost\n|-unboost|p1a: Palafin|atk|1\n|-unboost|p1b: Iron Hands|atk|1\n|move|p1b: Iron Hands|Fake Out|p2a: Arcanine\n|-damage|p2a: Arcanine|87\/100\n|move|p1a: Palafin|Jet Punch|p2b: Mimikyu\n|-activate|p2b: Mimikyu|ability: Disguise\n|-damage|p2b: Mimikyu|100\/100\n|detailschange|p2b: Mimikyu|Mimikyu-Busted, L50, M\n|-damage|p2b: Mimikyu|88\/100|[from] pokemon: Mimikyu-Busted\n|move|p2b: Mimikyu|Play Rough|p1b: Iron Hands\n|-supereffective|p1b: Iron Hands\n|-damage|p1b: Iron Hands|44\/100\n|-damage|p2b: Mimikyu|78\/100|[from] item: Life Orb\n|\n|upkeep\n|turn|2\n|inactive|Ka1sen has 30 seconds left.\n|\n|t:|1682155822\n|detailschange|p1a: Palafin|Palafin-Hero, L50, M\n|switch|p1a: Oricorio|Oricorio, L50, M|100\/100\n|move|p2b: Mimikyu|Play Rough|p1b: Iron Hands\n|-supereffective|p1b: Iron Hands\n|-damage|p1b: Iron Hands|0 fnt\n|faint|p1b: Iron Hands\n|-end|p1b: Iron Hands|Quark Drive|[silent]\n|-damage|p2b: Mimikyu|68\/100|[from] item: Life Orb\n|move|p2a: Arcanine|Will-O-Wisp|p1a: Oricorio\n|-immune|p1a: Oricorio\n|\n|upkeep\n|\n|t:|1682155830\n|switch|p1b: Volcarona|Volcarona, L50, F|100\/100\n|turn|3\n|\n|t:|1682155842\n|move|p2b: Mimikyu|Protect|p2b: Mimikyu\n|-singleturn|p2b: Mimikyu|Protect\n|move|p1a: Oricorio|Icy Wind|p2b: Mimikyu|[spread] p2a\n|-activate|p2b: Mimikyu|move: Protect\n|-resisted|p2a: Arcanine\n|-damage|p2a: Arcanine|79\/100\n|-unboost|p2a: Arcanine|spe|1\n|move|p1b: Volcarona|Quiver Dance|p1b: Volcarona\n|-boost|p1b: Volcarona|spa|1\n|-boost|p1b: Volcarona|spd|1\n|-boost|p1b: Volcarona|spe|1\n|-activate|p1a: Oricorio|ability: Dancer\n|move|p1a: Oricorio|Quiver Dance|p1a: Oricorio|[from]ability: Dancer\n|-boost|p1a: Oricorio|spa|1\n|-boost|p1a: Oricorio|spd|1\n|-boost|p1a: Oricorio|spe|1\n|move|p2a: Arcanine|Flare Blitz|p1b: Volcarona\n|-damage|p1b: Volcarona|17\/100\n|-enditem|p1b: Volcarona|Sitrus Berry|[eat]\n|-heal|p1b: Volcarona|42\/100|[from] item: Sitrus Berry\n|-damage|p2a: Arcanine|54\/100|[from] Recoil\n|\n|upkeep\n|turn|4\n|\n|t:|1682155863\n|switch|p2b: Tatsugiri|Tatsugiri, L50, F|100\/100\n|switch|p2a: Dondozo|Dondozo, L50, M|100\/100\n|-activate|p2b: Tatsugiri|ability: Commander|[of] p2a: Dondozo\n|-boost|p2a: Dondozo|atk|2\n|-boost|p2a: Dondozo|spa|2\n|-boost|p2a: Dondozo|spe|2\n|-boost|p2a: Dondozo|def|2\n|-boost|p2a: Dondozo|spd|2\n|move|p1a: Oricorio|Air Slash|p2a: Dondozo\n|-damage|p2a: Dondozo|74\/100\n|move|p1b: Volcarona|Fiery Dance|p2a: Dondozo\n|-resisted|p2a: Dondozo\n|-damage|p2a: Dondozo|56\/100\n|-activate|p1a: Oricorio|ability: Dancer\n|move|p1a: Oricorio|Fiery Dance|p2a: Dondozo|[from]ability: Dancer\n|-resisted|p2a: Dondozo\n|-damage|p2a: Dondozo|42\/100\n|\n|-heal|p2a: Dondozo|48\/100|[from] item: Leftovers\n|upkeep\n|turn|5\n|\n|t:|1682155880\n|move|p1a: Oricorio|Air Slash|p2a: Dondozo\n|-damage|p2a: Dondozo|22\/100\n|move|p1b: Volcarona|Bug Buzz|p2a: Dondozo\n|-damage|p2a: Dondozo|0 fnt\n|faint|p2a: Dondozo\n|\n|upkeep\n|\n|t:|1682155886\n|switch|p2a: Mimikyu|Mimikyu-Busted, L50, M|68\/100\n|turn|6\n|\n|t:|1682155897\n|move|p2a: Mimikyu|Protect|p2a: Mimikyu\n|-singleturn|p2a: Mimikyu|Protect\n|move|p1a: Oricorio|Icy Wind|p2b: Tatsugiri|[spread] p2b\n|-activate|p2a: Mimikyu|move: Protect\n|-damage|p2b: Tatsugiri|69\/100\n|-unboost|p2b: Tatsugiri|spe|1\n|move|p1b: Volcarona|Bug Buzz|p2b: Tatsugiri\n|-damage|p2b: Tatsugiri|0 fnt\n|faint|p2b: Tatsugiri\n|\n|upkeep\n|\n|t:|1682155907\n|switch|p2b: Arcanine|Arcanine, L50, M|54\/100\n|-ability|p2b: Arcanine|Intimidate|boost\n|-unboost|p1a: Oricorio|atk|1\n|-unboost|p1b: Volcarona|atk|1\n|turn|7\n|\n|t:|1682155928\n|move|p1a: Oricorio|Air Slash|p2b: Arcanine\n|-damage|p2b: Arcanine|0 fnt\n|faint|p2b: Arcanine\n|move|p1b: Volcarona|Fiery Dance|p2a: Mimikyu\n|-damage|p2a: Mimikyu|0 fnt\n|-boost|p1b: Volcarona|spa|1\n|faint|p2a: Mimikyu\n|-activate|p1a: Oricorio|ability: Dancer\n|move|p1a: Oricorio|Fiery Dance|p2: Mimikyu|[from]ability: Dancer|[notarget]\n|-fail|p1a: Oricorio\n|\n|win|Ka1sen\n|raw|Ka1sen's rating: 1074 → 1109<\/strong> (+35 for winning)\n|raw|ether21's rating: 1153 → 1122<\/strong> (-31 for losing)\n","uploadtime":1682155946,"views":8,"p1id":"ka1sen","p2id":"ether21","formatid":"gen9vgc2023regulationc","rating":1109,"private":0,"password":""}