{"id":"gen9vgc2023regulationc-1859144784","p1":"aurablade0012","p2":"Adelg8","format":"[Gen 9] VGC 2023 Regulation C","log":"|j|\u2606aurablade0012\n|j|\u2606Adelg8\n|t:|1683409874\n|gametype|doubles\n|player|p1|aurablade0012|1|1000\n|player|p2|Adelg8|170|1051\n|teamsize|p1|6\n|teamsize|p2|6\n|gen|9\n|tier|[Gen 9] VGC 2023 Regulation C\n|rated|\n|rule|Species Clause: Limit one of each Pok\u00e9mon\n|rule|Item Clause: Limit one of each item\n|clearpoke\n|poke|p1|Meowscarada, L50, F|\n|poke|p1|Palafin, L50, F|\n|poke|p1|Grimmsnarl, L50, M|\n|poke|p1|Chi-Yu, L50|\n|poke|p1|Clodsire, L50, F|\n|poke|p1|Mismagius, L50, F|\n|poke|p2|Flutter Mane, L50|\n|poke|p2|Chien-Pao, L50|\n|poke|p2|Abomasnow, L50, M|\n|poke|p2|Gyarados, L50, M|\n|poke|p2|Grafaiai, L50, M|\n|poke|p2|Orthworm, L50, F|\n|teampreview|4\n|inactive|Battle timer is ON: inactive players will automatically lose when time's up. (requested by aurablade0012)\n|\n|t:|1683409920\n|start\n|switch|p1a: Palafin|Palafin, L50, F|100\/100\n|switch|p1b: Clodsire|Clodsire, L50, F|100\/100\n|switch|p2a: Gyarados|Gyarados, L50, M|100\/100\n|switch|p2b: Abomasnow|Abomasnow, L50, M|100\/100\n|-weather|Snow|[from] ability: Snow Warning|[of] p2b: Abomasnow\n|-ability|p2a: Gyarados|Intimidate|boost\n|-unboost|p1a: Palafin|atk|1\n|-unboost|p1b: Clodsire|atk|1\n|turn|1\n|\n|t:|1683409944\n|-terastallize|p2a: Gyarados|Ground\n|move|p1a: Palafin|Flip Turn|p2b: Abomasnow\n|-resisted|p2b: Abomasnow\n|-damage|p2b: Abomasnow|90\/100\n|\n|t:|1683409949\n|detailschange|p1a: Palafin|Palafin-Hero, L50, F\n|switch|p1a: Chi-Yu|Chi-Yu, L50|100\/100|[from] Flip Turn\n|-ability|p1a: Chi-Yu|Beads of Ruin\n|move|p2b: Abomasnow|Aurora Veil|p2b: Abomasnow\n|-sidestart|p2: Adelg8|move: Aurora Veil\n|move|p2a: Gyarados|Tera Blast|p1b: Clodsire\n|-supereffective|p1b: Clodsire\n|-damage|p1b: Clodsire|9\/100\n|move|p1b: Clodsire|Toxic|p2b: Abomasnow\n|-status|p2b: Abomasnow|tox\n|\n|-weather|Snow|[upkeep]\n|-heal|p1b: Clodsire|15\/100|[from] item: Black Sludge\n|-damage|p2b: Abomasnow|84\/100 tox|[from] psn\n|upkeep\n|turn|2\n|inactive|Adelg8 has 30 seconds left.\n|\n|t:|1683409978\n|move|p1b: Clodsire|Protect|p1b: Clodsire\n|-singleturn|p1b: Clodsire|Protect\n|move|p1a: Chi-Yu|Lava Plume|p2b: Abomasnow|[spread] p2a,p2b\n|-activate|p1b: Clodsire|move: Protect\n|-supereffective|p2b: Abomasnow\n|-damage|p2a: Gyarados|84\/100\n|-damage|p2b: Abomasnow|0 fnt\n|faint|p2b: Abomasnow\n|move|p2a: Gyarados|Tera Blast|p1a: Chi-Yu\n|-supereffective|p1a: Chi-Yu\n|-damage|p1a: Chi-Yu|0 fnt\n|faint|p1a: Chi-Yu\n|\n|-weather|Snow|[upkeep]\n|-heal|p1b: Clodsire|21\/100|[from] item: Black Sludge\n|upkeep\n|\n|t:|1683409994\n|switch|p1a: Palafin|Palafin-Hero, L50, F|100\/100\n|switch|p2b: Chien-Pao|Chien-Pao, L50|100\/100\n|-ability|p2b: Chien-Pao|Sword of Ruin\n|-activate|p1a: Palafin|ability: Zero to Hero\n|turn|3\n|\n|t:|1683410011\n|-terastallize|p1a: Palafin|Water\n|move|p2b: Chien-Pao|Protect|p2b: Chien-Pao\n|-singleturn|p2b: Chien-Pao|Protect\n|move|p1a: Palafin|Wave Crash|p2a: Gyarados\n|-supereffective|p2a: Gyarados\n|-damage|p2a: Gyarados|0 fnt\n|faint|p2a: Gyarados\n|-damage|p1a: Palafin|74\/100|[from] Recoil\n|move|p1b: Clodsire|Recover|p1b: Clodsire\n|-heal|p1b: Clodsire|71\/100\n|\n|-weather|Snow|[upkeep]\n|-heal|p1b: Clodsire|77\/100|[from] item: Black Sludge\n|upkeep\n|\n|t:|1683410020\n|switch|p2a: Flutter Mane|Flutter Mane, L50|100\/100\n|turn|4\n|\n|t:|1683410032\n|move|p2a: Flutter Mane|Moonblast|p1a: Palafin\n|-damage|p1a: Palafin|2\/100\n|-unboost|p1a: Palafin|spa|1\n|-damage|p2a: Flutter Mane|91\/100|[from] item: Life Orb\n|move|p2b: Chien-Pao|Sacred Sword|p1a: Palafin\n|-damage|p1a: Palafin|0 fnt\n|faint|p1a: Palafin\n|move|p1b: Clodsire|Toxic|p2b: Chien-Pao\n|-status|p2b: Chien-Pao|tox\n|\n|-weather|Snow|[upkeep]\n|-heal|p1b: Clodsire|83\/100|[from] item: Black Sludge\n|-damage|p2b: Chien-Pao|94\/100 tox|[from] psn\n|upkeep\n|\n|t:|1683410035\n|switch|p1a: Meowscarada|Meowscarada, L50, F|100\/100\n|turn|5\n|inactive|Adelg8 has 30 seconds left.\n|\n|t:|1683410060\n|move|p1b: Clodsire|Protect|p1b: Clodsire\n|-singleturn|p1b: Clodsire|Protect\n|move|p1a: Meowscarada|Flower Trick|p2a: Flutter Mane\n|-start|p1a: Meowscarada|typechange|Grass|[from] ability: Protean\n|-crit|p2a: Flutter Mane\n|-damage|p2a: Flutter Mane|0 fnt\n|faint|p2a: Flutter Mane\n|-end|p2a: Flutter Mane|Protosynthesis|[silent]\n|move|p2b: Chien-Pao|Sacred Sword|p1a: Meowscarada\n|-damage|p1a: Meowscarada|38\/100\n|\n|-weather|none\n|-heal|p1b: Clodsire|89\/100|[from] item: Black Sludge\n|-damage|p2b: Chien-Pao|82\/100 tox|[from] psn\n|-sideend|p2: Adelg8|move: Aurora Veil\n|upkeep\n|turn|6\n|\n|t:|1683410073\n|move|p1a: Meowscarada|Flower Trick|p2b: Chien-Pao\n|-crit|p2b: Chien-Pao\n|-damage|p2b: Chien-Pao|23\/100 tox\n|move|p2b: Chien-Pao|Ice Spinner|p1a: Meowscarada\n|-supereffective|p1a: Meowscarada\n|-damage|p1a: Meowscarada|0 fnt\n|faint|p1a: Meowscarada\n|move|p1b: Clodsire|Recover|p1b: Clodsire\n|-heal|p1b: Clodsire|100\/100\n|\n|-damage|p2b: Chien-Pao|5\/100 tox|[from] psn\n|upkeep\n|turn|7\n|\n|t:|1683410080\n|move|p1b: Clodsire|Protect|p1b: Clodsire\n|-singleturn|p1b: Clodsire|Protect\n|move|p2b: Chien-Pao|Ice Spinner|p1b: Clodsire\n|-activate|p1b: Clodsire|move: Protect\n|\n|-damage|p2b: Chien-Pao|0 fnt|[from] psn\n|faint|p2b: Chien-Pao\n|\n|win|aurablade0012\n|upkeep\n|raw|aurablade0012's rating: 1000 → 1046<\/strong> (+46 for winning)\n|raw|Adelg8's rating: 1051 → 1031<\/strong> (-20 for losing)\n|l|\u2606Adelg8\n","uploadtime":1683410088,"views":7,"p1id":"aurablade0012","p2id":"adelg8","formatid":"gen9vgc2023regulationc","rating":1031,"private":0,"password":""}