{"id":"gen9vgc2023regulationc-1856563637","p1":"SetsukuVGC","p2":"SpadesHS","format":"[Gen 9] VGC 2023 Regulation C","log":"|j|\u2606SetsukuVGC\n|j|\u2606SpadesHS\n|t:|1683076239\n|gametype|doubles\n|player|p1|SetsukuVGC|266|\n|player|p2|SpadesHS|n|\n|teamsize|p1|6\n|teamsize|p2|6\n|gen|9\n|tier|[Gen 9] VGC 2023 Regulation C\n|rule|Species Clause: Limit one of each Pok\u00e9mon\n|rule|Item Clause: Limit one of each item\n|clearpoke\n|poke|p1|Coalossal, L50, M|\n|poke|p1|Flamigo, L50, F|\n|poke|p1|Bruxish, L50, F|\n|poke|p1|Meowscarada, L50, F|\n|poke|p1|Hydreigon, L50, M|\n|poke|p1|Iron Moth, L50|\n|poke|p2|Amoonguss, L50, F|\n|poke|p2|Palafin, L50, F|\n|poke|p2|Arcanine, L50, F|\n|poke|p2|Ting-Lu, L50|\n|poke|p2|Kingambit, L50, M|\n|poke|p2|Flutter Mane, L50|\n|teampreview|4\n|\n|t:|1683076310\n|start\n|switch|p1a: Coalossal|Coalossal, L50, M|100\/100\n|switch|p1b: Bruxish|Bruxish, L50, F|100\/100\n|switch|p2a: Tiki|Ting-Lu, L50|100\/100\n|switch|p2b: Fun Police|Arcanine, L50, F|100\/100\n|-ability|p2b: Fun Police|Intimidate|boost\n|-unboost|p1a: Coalossal|atk|1\n|-unboost|p1b: Bruxish|atk|1\n|-ability|p2a: Tiki|Vessel of Ruin\n|turn|1\n|\n|t:|1683076337\n|-terastallize|p2b: Fun Police|Flying\n|-terastallize|p1a: Coalossal|Ground\n|move|p1b: Bruxish|Surf|p2b: Fun Police|[spread] p1a,p2a,p2b\n|-supereffective|p1a: Coalossal\n|-supereffective|p2a: Tiki\n|-damage|p1a: Coalossal|75\/100\n|-damage|p2a: Tiki|89\/100\n|-damage|p2b: Fun Police|88\/100\n|-ability|p1a: Coalossal|Steam Engine|boost\n|-boost|p1a: Coalossal|spe|6\n|-enditem|p1a: Coalossal|Weakness Policy\n|-boost|p1a: Coalossal|atk|2|[from] item: Weakness Policy\n|-boost|p1a: Coalossal|spa|2|[from] item: Weakness Policy\n|move|p1a: Coalossal|Earthquake|p2b: Fun Police|[spread] p1b,p2a\n|-immune|p2b: Fun Police\n|-damage|p1b: Bruxish|26\/100\n|-damage|p2a: Tiki|58\/100\n|-enditem|p1b: Bruxish|Eject Button\n|\n|t:|1683076350\n|switch|p1b: Flamigo|Flamigo, L50, F|100\/100\n|-copyboost|p1b: Flamigo|p1a: Coalossal|[from] ability: Costar\n|move|p2b: Fun Police|Howl|p2b: Fun Police|[spread] p2a,p2b\n|-boost|p2a: Tiki|atk|1\n|-boost|p2b: Fun Police|atk|1\n|move|p2a: Tiki|Earthquake|p1a: Coalossal|[spread] p1a\n|-immune|p2b: Fun Police\n|-immune|p1b: Flamigo\n|-damage|p1a: Coalossal|30\/100\n|\n|upkeep\n|turn|2\n|\n|t:|1683076379\n|switch|p2a: Timeline|Flutter Mane, L50|100\/100\n|move|p1b: Flamigo|Low Kick|p2a: Timeline\n|-immune|p2a: Timeline\n|move|p1a: Coalossal|Rock Slide|p2a: Timeline|[spread] p2a,p2b\n|-supereffective|p2b: Fun Police\n|-damage|p2a: Timeline|54\/100\n|-damage|p2b: Fun Police|14\/100\n|move|p2b: Fun Police|Will-O-Wisp|p1b: Flamigo\n|-status|p1b: Flamigo|brn\n|\n|-damage|p1b: Flamigo|95\/100 brn|[from] brn\n|upkeep\n|turn|3\n|\n|t:|1683076400\n|move|p2b: Fun Police|Extreme Speed|p1a: Coalossal\n|-damage|p1a: Coalossal|2\/100\n|move|p1b: Flamigo|Low Kick|p2b: Fun Police\n|-resisted|p2b: Fun Police\n|-damage|p2b: Fun Police|0 fnt\n|faint|p2b: Fun Police\n|move|p1a: Coalossal|Heat Crash|p2a: Timeline\n|-damage|p2a: Timeline|0 fnt\n|faint|p2a: Timeline\n|-end|p2a: Timeline|Protosynthesis|[silent]\n|\n|-damage|p1b: Flamigo|89\/100 brn|[from] brn\n|upkeep\n|\n|t:|1683076410\n|switch|p2a: Tiki|Ting-Lu, L50|58\/100\n|switch|p2b: Magnus|Kingambit, L50, M|100\/100\n|-ability|p2a: Tiki|Vessel of Ruin\n|turn|4\n|\n|t:|1683076436\n|move|p1a: Coalossal|Endure|p1a: Coalossal\n|-singleturn|p1a: Coalossal|move: Endure\n|move|p2b: Magnus|Protect|p2b: Magnus\n|-singleturn|p2b: Magnus|Protect\n|move|p1b: Flamigo|Low Kick|p2b: Magnus\n|-activate|p2b: Magnus|move: Protect\n|move|p2a: Tiki|Ruination|p1b: Flamigo|[miss]\n|-miss|p2a: Tiki|p1b: Flamigo\n|\n|-damage|p1b: Flamigo|83\/100 brn|[from] brn\n|upkeep\n|turn|5\n|\n|t:|1683076458\n|move|p2b: Magnus|Sucker Punch|p1b: Flamigo\n|-resisted|p1b: Flamigo\n|-damage|p1b: Flamigo|51\/100 brn\n|move|p1b: Flamigo|Low Kick|p2b: Magnus\n|-supereffective|p2b: Magnus\n|-damage|p2b: Magnus|0 fnt\n|faint|p2b: Magnus\n|move|p1a: Coalossal|Heat Crash|p2a: Tiki\n|-damage|p2a: Tiki|41\/100\n|move|p2a: Tiki|Heavy Slam|p1b: Flamigo\n|-damage|p1b: Flamigo|3\/100 brn\n|-enditem|p1b: Flamigo|Sitrus Berry|[eat]\n|-heal|p1b: Flamigo|27\/100 brn|[from] item: Sitrus Berry\n|\n|-damage|p1b: Flamigo|22\/100 brn|[from] brn\n|upkeep\n|turn|6\n|\n|t:|1683076473\n|move|p1b: Flamigo|Low Kick|p2a: Tiki\n|-supereffective|p2a: Tiki\n|-damage|p2a: Tiki|0 fnt\n|faint|p2a: Tiki\n|\n|win|SetsukuVGC\n","uploadtime":1683076966,"views":15,"p1id":"setsukuvgc","p2id":"spadeshs","formatid":"gen9vgc2023regulationc","rating":0,"private":0,"password":""}