{"id":"gen9vgc2023regulationc-1862031929","p1":"PurpleStyle","p2":"jayballester","format":"[Gen 9] VGC 2023 Regulation C","log":"|j|\u2606PurpleStyle\n|j|\u2606jayballester\n|t:|1683830441\n|gametype|doubles\n|player|p1|PurpleStyle|pokefan|\n|player|p2|jayballester|riley|\n|teamsize|p1|6\n|teamsize|p2|6\n|gen|9\n|tier|[Gen 9] VGC 2023 Regulation C\n|rule|Species Clause: Limit one of each Pok\u00e9mon\n|rule|Item Clause: Limit one of each item\n|clearpoke\n|poke|p1|Hydreigon, L50, F|\n|poke|p1|Tauros-Paldea-Combat, L50, M|\n|poke|p1|Flutter Mane, L50|\n|poke|p1|Indeedee, L50, M|\n|poke|p1|Drifblim, L50, M|\n|poke|p1|Azumarill, L50, F|\n|poke|p2|Dragalge, L50, F|\n|poke|p2|Hatterene, L50, F|\n|poke|p2|Ting-Lu, L50|\n|poke|p2|Palafin, L50, M|\n|poke|p2|Staraptor, L50, M|\n|poke|p2|Corviknight, L50, F|\n|teampreview|4\n|c|\u2606jayballester|g1\nPurpleStyle rejected open team sheets.\n|c|\u2606jayballester|glhf!\n|c|\u2606PurpleStyle|glhf\n|\n|t:|1683830530\n|start\n|switch|p1a: Indeedee|Indeedee, L50, M|100\/100\n|switch|p1b: Drifblim|Drifblim, L50, M|100\/100\n|switch|p2a: Gladio|Palafin, L50, M|100\/100\n|switch|p2b: Staraptor|Staraptor, L50, M|100\/100\n|-fieldstart|move: Psychic Terrain|[from] ability: Psychic Surge|[of] p1a: Indeedee\n|-enditem|p1b: Drifblim|Psychic Seed\n|-boost|p1b: Drifblim|spd|1|[from] item: Psychic Seed\n|turn|1\n|\n|t:|1683830589\n|detailschange|p2a: Gladio|Palafin-Hero, L50, M\n|switch|p2a: Dragalge|Dragalge, L50, F|100\/100\n|move|p2b: Staraptor|Brave Bird|p1a: Indeedee\n|-damage|p1a: Indeedee|0 fnt\n|faint|p1a: Indeedee\n|-damage|p2b: Staraptor|72\/100|[from] Recoil\n|move|p1b: Drifblim|Will-O-Wisp|p2b: Staraptor\n|-status|p2b: Staraptor|brn\n|\n|-damage|p2b: Staraptor|66\/100 brn|[from] brn\n|upkeep\n|\n|t:|1683830618\n|switch|p1a: Flutter Mane|Flutter Mane, L50|100\/100\n|turn|2\n|\n|t:|1683830653\n|-terastallize|p1a: Flutter Mane|Electric\n|-terastallize|p2a: Dragalge|Ghost\n|move|p2b: Staraptor|Brave Bird|p1b: Drifblim\n|-damage|p1b: Drifblim|62\/100\n|-damage|p2b: Staraptor|50\/100 brn|[from] Recoil\n|move|p1b: Drifblim|Acrobatics|p2a: Dragalge\n|-crit|p2a: Dragalge\n|-damage|p2a: Dragalge|22\/100\n|move|p1a: Flutter Mane|Moonblast|p2a: Dragalge\n|-damage|p2a: Dragalge|0 fnt\n|faint|p2a: Dragalge\n|\n|-damage|p2b: Staraptor|44\/100 brn|[from] brn\n|upkeep\n|\n|t:|1683830673\n|switch|p2a: Corviknight|Corviknight, L50, F|100\/100\n|turn|3\n|\n|t:|1683830711\n|move|p2b: Staraptor|Brave Bird|p1b: Drifblim\n|-damage|p1b: Drifblim|22\/100\n|-damage|p2b: Staraptor|27\/100 brn|[from] Recoil\n|move|p1b: Drifblim|Tailwind|p1b: Drifblim\n|-sidestart|p1: PurpleStyle|move: Tailwind\n|move|p1a: Flutter Mane|Thunderbolt|p2a: Corviknight\n|-supereffective|p2a: Corviknight\n|-damage|p2a: Corviknight|22\/100\n|move|p2a: Corviknight|Brave Bird|p1b: Drifblim\n|-damage|p1b: Drifblim|0 fnt\n|faint|p1b: Drifblim\n|-damage|p2a: Corviknight|14\/100|[from] Recoil\n|\n|-heal|p2a: Corviknight|20\/100|[from] item: Leftovers\n|-damage|p2b: Staraptor|22\/100 brn|[from] brn\n|upkeep\n|\n|t:|1683830722\n|switch|p1b: Azumarill|Azumarill, L50, F|100\/100\n|turn|4\n|\n|t:|1683830748\n|move|p1a: Flutter Mane|Thunderbolt|p2a: Corviknight\n|-supereffective|p2a: Corviknight\n|-damage|p2a: Corviknight|0 fnt\n|faint|p2a: Corviknight\n|move|p2b: Staraptor|Brave Bird|p1b: Azumarill\n|-damage|p1b: Azumarill|60\/100\n|-damage|p2b: Staraptor|6\/100 brn|[from] Recoil\n|move|p1b: Azumarill|Liquidation|p2b: Staraptor\n|-damage|p2b: Staraptor|0 fnt\n|faint|p2b: Staraptor\n|\n|upkeep\n|\n|t:|1683830759\n|switch|p2b: Gladio|Palafin-Hero, L50, M|100\/100\n|-activate|p2b: Gladio|ability: Zero to Hero\n|turn|5\n|\n|t:|1683830770\n|move|p2b: Gladio|Protect|p2b: Gladio\n|-singleturn|p2b: Gladio|Protect\n|move|p1a: Flutter Mane|Thunderbolt|p2b: Gladio\n|-activate|p2b: Gladio|move: Protect\n|move|p1b: Azumarill|Liquidation|p2b: Gladio\n|-activate|p2b: Gladio|move: Protect\n|\n|-fieldend|move: Psychic Terrain\n|upkeep\n|turn|6\n|\n|t:|1683830782\n|move|p1a: Flutter Mane|Protect|p1a: Flutter Mane\n|-singleturn|p1a: Flutter Mane|Protect\n|move|p2b: Gladio|Wave Crash|p1a: Flutter Mane\n|-activate|p1a: Flutter Mane|move: Protect\n|move|p1b: Azumarill|Liquidation|p2b: Gladio\n|-resisted|p2b: Gladio\n|-damage|p2b: Gladio|73\/100\n|\n|-sideend|p1: PurpleStyle|move: Tailwind\n|upkeep\n|turn|7\n|\n|t:|1683830802\n|move|p1a: Flutter Mane|Thunderbolt|p2b: Gladio\n|-supereffective|p2b: Gladio\n|-damage|p2b: Gladio|0 fnt\n|faint|p2b: Gladio\n|\n|win|PurpleStyle\n|c|\u2606jayballester|gg\n|c|\u2606PurpleStyle|gg\n|l|\u2606jayballester\n","uploadtime":1683831483,"views":24,"p1id":"purplestyle","p2id":"jayballester","formatid":"gen9vgc2023regulationc","rating":0,"private":0,"password":""}