{"id":"gen9vgc2023regulationc-1849337128","p1":"SiderisVGC","p2":"Santiagoht27","format":"[Gen 9] VGC 2023 Regulation C","log":"|j|\u2606SiderisVGC\n|j|\u2606Santiagoht27\n|t:|1682187350\n|gametype|doubles\n|player|p1|SiderisVGC|266|1315\n|player|p2|Santiagoht27|steven|1331\n|teamsize|p1|6\n|teamsize|p2|6\n|gen|9\n|tier|[Gen 9] VGC 2023 Regulation C\n|rated|\n|rule|Species Clause: Limit one of each Pok\u00e9mon\n|rule|Item Clause: Limit one of each item\n|clearpoke\n|poke|p1|Garganacl, L50, M|\n|poke|p1|Arcanine, L50, M|\n|poke|p1|Roaring Moon, L50|\n|poke|p1|Amoonguss, L50, F|\n|poke|p1|Ting-Lu, L50|\n|poke|p1|Iron Bundle, L50|\n|poke|p2|Azumarill, L50, M|\n|poke|p2|Farigiraf, L50, F|\n|poke|p2|Amoonguss, L50, M|\n|poke|p2|Iron Hands, L50|\n|poke|p2|Hatterene, L50, F|\n|poke|p2|Kingambit, L50, M|\n|teampreview|4\n|\n|t:|1682187384\n|start\n|switch|p1a: Roaring Moon|Roaring Moon, L50, shiny|100\/100\n|switch|p1b: Ting-Lu|Ting-Lu, L50|100\/100\n|switch|p2a: LA TETO|Hatterene, L50, F|100\/100\n|switch|p2b: KINO|Kingambit, L50, M|100\/100\n|-ability|p1b: Ting-Lu|Vessel of Ruin\n|-enditem|p1a: Roaring Moon|Booster Energy\n|-activate|p1a: Roaring Moon|ability: Protosynthesis|[fromitem]\n|-start|p1a: Roaring Moon|protosynthesisatk\n|turn|1\n|inactive|Battle timer is ON: inactive players will automatically lose when time's up. (requested by SiderisVGC)\n|\n|t:|1682187402\n|-terastallize|p1a: Roaring Moon|Flying\n|-terastallize|p2b: KINO|Fire\n|move|p1a: Roaring Moon|Acrobatics|p2a: LA TETO\n|-damage|p2a: LA TETO|13\/100\n|move|p2b: KINO|Swords Dance|p2b: KINO\n|-boost|p2b: KINO|atk|2\n|move|p1b: Ting-Lu|Stomping Tantrum|p2b: KINO\n|-supereffective|p2b: KINO\n|-damage|p2b: KINO|48\/100\n|move|p2a: LA TETO|Trick Room|p2a: LA TETO\n|-fieldstart|move: Trick Room|[of] p2a: LA TETO\n|\n|-heal|p2a: LA TETO|19\/100|[from] item: Leftovers\n|upkeep\n|turn|2\n|\n|t:|1682187418\n|move|p1a: Roaring Moon|Protect|p1a: Roaring Moon\n|-singleturn|p1a: Roaring Moon|Protect\n|move|p2a: LA TETO|Dazzling Gleam|p1a: Roaring Moon|[spread] p1b\n|-activate|p1a: Roaring Moon|move: Protect\n|-supereffective|p1b: Ting-Lu\n|-damage|p1b: Ting-Lu|72\/100\n|move|p1b: Ting-Lu|Stomping Tantrum|p2b: KINO\n|-supereffective|p2b: KINO\n|-damage|p2b: KINO|0 fnt\n|faint|p2b: KINO\n|\n|-heal|p2a: LA TETO|25\/100|[from] item: Leftovers\n|upkeep\n|\n|t:|1682187430\n|switch|p2b: MANI|Iron Hands, L50|100\/100\n|-enditem|p2b: MANI|Booster Energy\n|-activate|p2b: MANI|ability: Quark Drive|[fromitem]\n|-start|p2b: MANI|quarkdriveatk\n|turn|3\n|\n|t:|1682187440\n|-end|p1a: Roaring Moon|Protosynthesis|[silent]\n|switch|p1a: Amoonguss|Amoonguss, L50, F|100\/100\n|move|p2a: LA TETO|Dazzling Gleam|p1a: Amoonguss|[spread] p1a,p1b\n|-resisted|p1a: Amoonguss\n|-supereffective|p1b: Ting-Lu\n|-damage|p1a: Amoonguss|87\/100\n|-damage|p1b: Ting-Lu|43\/100\n|move|p1b: Ting-Lu|Heavy Slam|p2a: LA TETO\n|-supereffective|p2a: LA TETO\n|-damage|p2a: LA TETO|0 fnt\n|faint|p2a: LA TETO\n|move|p2b: MANI|Thunder Punch|p1a: Amoonguss\n|-resisted|p1a: Amoonguss\n|-damage|p1a: Amoonguss|65\/100\n|\n|upkeep\n|\n|t:|1682187452\n|switch|p2a: CHERRY|Azumarill, L50, M|100\/100\n|turn|4\n|\n|t:|1682187469\n|switch|p1b: Roaring Moon|Roaring Moon, L50, shiny, tera:Flying|100\/100\n|move|p1a: Amoonguss|Spore|p2a: CHERRY\n|-status|p2a: CHERRY|slp|[from] move: Spore\n|move|p2b: MANI|Drain Punch|p1b: Roaring Moon\n|-resisted|p1b: Roaring Moon\n|-damage|p1b: Roaring Moon|60\/100\n|cant|p2a: CHERRY|slp\n|\n|upkeep\n|turn|5\n|\n|t:|1682187484\n|move|p1a: Amoonguss|Spore|p2b: MANI\n|-status|p2b: MANI|slp|[from] move: Spore\n|cant|p2b: MANI|slp\n|cant|p2a: CHERRY|slp\n|move|p1b: Roaring Moon|Acrobatics|p2a: CHERRY\n|-damage|p2a: CHERRY|43\/100 slp\n|\n|-fieldend|move: Trick Room\n|upkeep\n|turn|6\n|\n|t:|1682187498\n|move|p1b: Roaring Moon|Acrobatics|p2a: CHERRY\n|-damage|p2a: CHERRY|0 fnt\n|faint|p2a: CHERRY\n|cant|p2b: MANI|slp\n|move|p1a: Amoonguss|Pollen Puff|p1b: Roaring Moon\n|-heal|p1b: Roaring Moon|100\/100\n|\n|upkeep\n|turn|7\n|-message|Santiagoht27 forfeited.\n|\n|win|SiderisVGC\n|raw|SiderisVGC's rating: 1315 → 1336<\/strong> (+21 for winning)\n|raw|Santiagoht27's rating: 1331 → 1310<\/strong> (-21 for losing)\n|l|\u2606Santiagoht27\n","uploadtime":1682187560,"views":8,"p1id":"siderisvgc","p2id":"santiagoht27","formatid":"gen9vgc2023regulationc","rating":1310,"private":0,"password":""}