{"id":"gen9vgc2023regulationc-1862706503","p1":"letlara","p2":"volcaronya","format":"[Gen 9] VGC 2023 Regulation C","log":"|j|\u2606letlara\n|j|\u2606volcaronya\n|t:|1683913926\n|gametype|doubles\n|player|p1|letlara|1|\n|player|p2|volcaronya|lusamine-masters|\n|teamsize|p1|6\n|teamsize|p2|6\n|gen|9\n|tier|[Gen 9] VGC 2023 Regulation C\n|rule|Tera Type Preview: Tera Types are shown at Team Preview\n|rule|Species Clause: Limit one of each Pok\u00e9mon\n|rule|Item Clause: Limit one of each item\n|clearpoke\n|poke|p1|Dragonite, L50, F|\n|poke|p1|Palafin, L50, F|\n|poke|p1|Iron Valiant, L50|\n|poke|p1|Krookodile, L50, F|\n|poke|p1|Gengar, L50, F|\n|poke|p1|Lycanroc, L50, M|\n|poke|p2|Iron Hands, L50|\n|poke|p2|Kingambit, L50, F|\n|poke|p2|Dragonite, L50, M|\n|poke|p2|Maushold-Four, L50|\n|poke|p2|Rotom-Wash, L50|\n|poke|p2|Skeledirge, L50, F|\n|teampreview|4\n|raw|letlara's Tera Types: \/ \/ \/ \/ \/ \n|raw|volcaronya's Tera Types: \/ \/ \/ \/ \/ \n|inactive|Battle timer is ON: inactive players will automatically lose when time's up. (requested by letlara)\n|inactiveoff|Battle timer is now OFF.\nvolcaronya rejected open team sheets.\n|c|\u2606letlara|glhf\n|j| sejuntest\n|c|\u2606volcaronya|glhf\n|c| sejuntest|is that a ca\n|c| sejuntest|:eyes:\n|c|\u2606volcaronya|n\n|c|\u2606volcaronya|\/\/avatar lusamine-masters\n|\n|t:|1683914173\n|start\n|switch|p1a: Palafin|Palafin, L50, F|100\/100\n|switch|p1b: Gengar|Gengar, L50, F|100\/100\n|switch|p2a: Maushold|Maushold-Four, L50|100\/100\n|switch|p2b: Dragonite|Dragonite, L50, M|100\/100\n|turn|1\n|\n|t:|1683914187\n|move|p2a: Maushold|Follow Me|p2a: Maushold\n|-singleturn|p2a: Maushold|move: Follow Me\n|move|p1b: Gengar|Dazzling Gleam|p2a: Maushold|[spread] p2a,p2b\n|-supereffective|p2b: Dragonite\n|-damage|p2a: Maushold|51\/100\n|-damage|p2b: Dragonite|73\/100\n|move|p1a: Palafin|Flip Turn|p2a: Maushold\n|-damage|p2a: Maushold|7\/100\n|-damage|p1a: Palafin|91\/100|[from] item: Life Orb\n|\n|t:|1683914197\n|detailschange|p1a: Palafin|Palafin-Hero, L50, F\n|switch|p1a: Lycanroc|Lycanroc, L50, M|100\/100|[from] Flip Turn\n|move|p2b: Dragonite|Dragon Dance|p2b: Dragonite\n|-boost|p2b: Dragonite|atk|1\n|-boost|p2b: Dragonite|spe|1\n|\n|upkeep\n|turn|2\n|\n|t:|1683914207\n|move|p2b: Dragonite|Ice Spinner|p1a: Lycanroc\n|-damage|p1a: Lycanroc|17\/100\n|move|p1a: Lycanroc|Rock Slide|p2a: Maushold|[spread] p2a,p2b\n|-supereffective|p2b: Dragonite\n|-damage|p2a: Maushold|0 fnt\n|-damage|p2b: Dragonite|20\/100\n|faint|p2a: Maushold\n|move|p1b: Gengar|Dazzling Gleam|p2b: Dragonite\n|-supereffective|p2b: Dragonite\n|-damage|p2b: Dragonite|0 fnt\n|faint|p2b: Dragonite\n|\n|upkeep\n|\n|t:|1683914213\n|switch|p2a: Iron Hands|Iron Hands, L50|100\/100\n|switch|p2b: Kingambit|Kingambit, L50, F|100\/100\n|turn|3\n|\n|t:|1683914228\n|switch|p1b: Dragonite|Dragonite, L50, F|100\/100\n|move|p2b: Kingambit|Sucker Punch|p1a: Lycanroc\n|-damage|p1a: Lycanroc|0 fnt\n|faint|p1a: Lycanroc\n|move|p2a: Iron Hands|Swords Dance|p2a: Iron Hands\n|-boost|p2a: Iron Hands|atk|2\n|\n|upkeep\n|\n|t:|1683914236\n|switch|p1a: Gengar|Gengar, L50, F|100\/100\n|turn|4\n|\n|t:|1683914254\n|move|p2b: Kingambit|Sucker Punch|p1a: Gengar\n|-supereffective|p1a: Gengar\n|-damage|p1a: Gengar|0 fnt\n|-start|p2b: Kingambit|Disable|Sucker Punch|[from] ability: Cursed Body|[of] p1a: Gengar\n|faint|p1a: Gengar\n|move|p1b: Dragonite|Fire Punch|p2b: Kingambit\n|-supereffective|p2b: Kingambit\n|-damage|p2b: Kingambit|41\/100\n|-status|p2b: Kingambit|brn\n|-enditem|p2b: Kingambit|Sitrus Berry|[eat]\n|-heal|p2b: Kingambit|65\/100 brn|[from] item: Sitrus Berry\n|move|p2a: Iron Hands|Thunder Punch|p1b: Dragonite\n|-damage|p1b: Dragonite|52\/100\n|-status|p1b: Dragonite|par\n|\n|-damage|p2b: Kingambit|59\/100 brn|[from] brn\n|upkeep\n|\n|t:|1683914268\n|switch|p1a: Palafin|Palafin-Hero, L50, F|91\/100\n|-activate|p1a: Palafin|ability: Zero to Hero\n|turn|5\n|c| sejuntest|burn and para\n|c|\u2606volcaronya|and disable\n|\n|t:|1683914285\n|-terastallize|p1a: Palafin|Fighting\n|move|p1a: Palafin|Drain Punch|p2b: Kingambit\n|-supereffective|p2b: Kingambit\n|-damage|p2b: Kingambit|0 fnt\n|-heal|p1a: Palafin|100\/100|[from] drain|[of] p2b: Kingambit\n|faint|p2b: Kingambit\n|-damage|p1a: Palafin|91\/100|[from] item: Life Orb\n|move|p1b: Dragonite|Fire Punch|p2a: Iron Hands\n|-damage|p2a: Iron Hands|76\/100\n|move|p2a: Iron Hands|Thunder Punch|p1a: Palafin\n|-damage|p1a: Palafin|1\/100\n|-status|p1a: Palafin|par\n|\n|upkeep\n|turn|6\n|c| sejuntest|double para\n|c| sejuntest|this hands go crazy\n|\n|t:|1683914305\n|-terastallize|p2a: Iron Hands|Poison\n|move|p1a: Palafin|Drain Punch|p2a: Iron Hands\n|-resisted|p2a: Iron Hands\n|-damage|p2a: Iron Hands|57\/100\n|-heal|p1a: Palafin|14\/100 par|[from] drain|[of] p2a: Iron Hands\n|-damage|p1a: Palafin|4\/100 par|[from] item: Life Orb\n|move|p1b: Dragonite|Fire Punch|p2a: Iron Hands\n|-damage|p2a: Iron Hands|32\/100\n|move|p2a: Iron Hands|Drain Punch|p1a: Palafin\n|-damage|p1a: Palafin|0 fnt\n|-heal|p2a: Iron Hands|34\/100|[from] drain|[of] p1a: Palafin\n|faint|p1a: Palafin\n|\n|upkeep\n|turn|7\n|\n|t:|1683914320\n|move|p1b: Dragonite|Fire Punch|p2a: Iron Hands\n|-damage|p2a: Iron Hands|11\/100\n|move|p2a: Iron Hands|Thunder Punch|p1b: Dragonite\n|-damage|p1b: Dragonite|0 fnt\n|faint|p1b: Dragonite\n|\n|win|volcaronya\n|c|\u2606volcaronya|idt it even mattered\n|c|\u2606volcaronya|the paras\n|c| sejuntest|trading punches LOL\n|c|\u2606letlara|lol,gg\n|c|\u2606volcaronya|gg\n|c| sejuntest|g2 and g3 links?\n|c| sejuntest|plz post\n|c| sejuntest|in the discord\n|l|\u2606letlara\n","uploadtime":1683914374,"views":13,"p1id":"letlara","p2id":"volcaronya","formatid":"gen9vgc2023regulationc","rating":0,"private":0,"password":""}