{"id":"gen9vgc2023regulationc-1860726807","p1":"yuuuuuuuuuj","p2":"gianniking","format":"[Gen 9] VGC 2023 Regulation C","log":"|j|\u2606yuuuuuuuuuj\n|j|\u2606gianniking\n|t:|1683670593\n|gametype|doubles\n|player|p1|yuuuuuuuuuj|101|1143\n|player|p2|gianniking|170|1230\n|teamsize|p1|6\n|teamsize|p2|6\n|gen|9\n|tier|[Gen 9] VGC 2023 Regulation C\n|rated|\n|rule|Species Clause: Limit one of each Pok\u00e9mon\n|rule|Item Clause: Limit one of each item\n|clearpoke\n|poke|p1|Medicham, L50, F|\n|poke|p1|Gyarados, L50, M|\n|poke|p1|Revavroom, L50, F|\n|poke|p1|Ting-Lu, L50|\n|poke|p1|Flamigo, L50, M|\n|poke|p1|Meowscarada, L50, M|\n|poke|p2|Annihilape, L50, F|\n|poke|p2|Maushold, L50|\n|poke|p2|Corviknight, L50, M|\n|poke|p2|Gholdengo, L50|\n|poke|p2|Iron Bundle, L50|\n|poke|p2|Ting-Lu, L50|\n|teampreview|4\nyuuuuuuuuuj rejected open team sheets.\n|inactive|Battle timer is ON: inactive players will automatically lose when time's up. (requested by yuuuuuuuuuj)\n|\n|t:|1683670619\n|start\n|switch|p1a: Gyarados|Gyarados, L50, M|100\/100\n|switch|p1b: Revavroom|Revavroom, L50, F|100\/100\n|switch|p2a: Maushold|Maushold, L50|100\/100\n|switch|p2b: Gholdengo|Gholdengo, L50|100\/100\n|-ability|p1a: Gyarados|Intimidate|boost\n|-unboost|p2a: Maushold|atk|1\n|-unboost|p2b: Gholdengo|atk|1\n|turn|1\n|\n|t:|1683670634\n|move|p2a: Maushold|Follow Me|p2a: Maushold\n|-singleturn|p2a: Maushold|move: Follow Me\n|move|p1a: Gyarados|Dragon Dance|p1a: Gyarados\n|-boost|p1a: Gyarados|atk|1\n|-boost|p1a: Gyarados|spe|1\n|move|p2b: Gholdengo|Nasty Plot|p2b: Gholdengo\n|-boost|p2b: Gholdengo|spa|2\n|-enditem|p1a: Gyarados|Mirror Herb\n|-boost|p1a: Gyarados|spa|2|[from] item: Mirror Herb\n|move|p1b: Revavroom|Shift Gear|p1b: Revavroom\n|-boost|p1b: Revavroom|spe|2\n|-boost|p1b: Revavroom|atk|1\n|\n|upkeep\n|turn|2\n|\n|t:|1683670650\n|move|p2a: Maushold|Follow Me|p2a: Maushold\n|-singleturn|p2a: Maushold|move: Follow Me\n|move|p1b: Revavroom|Magnet Rise|p1b: Revavroom\n|-start|p1b: Revavroom|Magnet Rise\n|move|p1a: Gyarados|Earthquake|p2b: Gholdengo|[spread] p2a,p2b\n|-immune|p1b: Revavroom\n|-supereffective|p2b: Gholdengo\n|-damage|p2a: Maushold|60\/100\n|-damage|p2b: Gholdengo|44\/100\n|-enditem|p2b: Gholdengo|Sitrus Berry|[eat]\n|-heal|p2b: Gholdengo|69\/100|[from] item: Sitrus Berry\n|move|p2b: Gholdengo|Thunderbolt|p1a: Gyarados\n|-supereffective|p1a: Gyarados\n|-damage|p1a: Gyarados|0 fnt\n|faint|p1a: Gyarados\n|\n|upkeep\n|\n|t:|1683670663\n|switch|p1a: Ting-Lu|Ting-Lu, L50|100\/100\n|-ability|p1a: Ting-Lu|Vessel of Ruin\n|turn|3\n|\n|t:|1683670678\n|-terastallize|p2b: Gholdengo|Water\n|move|p1b: Revavroom|Iron Head|p2a: Maushold\n|-damage|p2a: Maushold|8\/100\n|cant|p2a: Maushold|flinch\n|move|p2b: Gholdengo|Make It Rain|p1b: Revavroom|[spread] p1a,p1b\n|-resisted|p1b: Revavroom\n|-damage|p1a: Ting-Lu|63\/100\n|-damage|p1b: Revavroom|69\/100\n|-unboost|p2b: Gholdengo|spa|1\n|move|p1a: Ting-Lu|Earthquake|p2a: Maushold|[spread] p2a,p2b\n|-immune|p1b: Revavroom\n|-damage|p2a: Maushold|0 fnt\n|-damage|p2b: Gholdengo|42\/100\n|faint|p2a: Maushold\n|\n|-heal|p1b: Revavroom|75\/100|[from] item: Leftovers\n|upkeep\n|\n|t:|1683670697\n|switch|p2a: Iron Bundle|Iron Bundle, L50|100\/100\n|-enditem|p2a: Iron Bundle|Booster Energy\n|-activate|p2a: Iron Bundle|ability: Quark Drive|[fromitem]\n|-start|p2a: Iron Bundle|quarkdrivespe\n|turn|4\n|inactive|gianniking has 30 seconds left.\n|\n|t:|1683670723\n|move|p2a: Iron Bundle|Hydro Pump|p1b: Revavroom\n|-damage|p1b: Revavroom|38\/100\n|move|p1b: Revavroom|Shift Gear|p1b: Revavroom\n|-boost|p1b: Revavroom|spe|2\n|-boost|p1b: Revavroom|atk|1\n|move|p2b: Gholdengo|Make It Rain|p1a: Ting-Lu|[spread] p1a,p1b\n|-resisted|p1b: Revavroom\n|-damage|p1a: Ting-Lu|33\/100\n|-damage|p1b: Revavroom|13\/100\n|-unboost|p2b: Gholdengo|spa|1\n|move|p1a: Ting-Lu|Throat Chop|p2b: Gholdengo\n|-damage|p2b: Gholdengo|3\/100\n|-start|p2b: Gholdengo|Throat Chop|[silent]\n|\n|-heal|p1b: Revavroom|19\/100|[from] item: Leftovers\n|upkeep\n|turn|5\n|inactive|gianniking has 30 seconds left.\n|\n|t:|1683670749\n|move|p2b: Gholdengo|Protect|p2b: Gholdengo\n|-singleturn|p2b: Gholdengo|Protect\n|move|p1b: Revavroom|Iron Head|p2b: Gholdengo\n|-activate|p2b: Gholdengo|move: Protect\n|move|p2a: Iron Bundle|Icy Wind|p1a: Ting-Lu|[spread] p1a\n|-miss|p2a: Iron Bundle|p1b: Revavroom\n|-supereffective|p1a: Ting-Lu\n|-damage|p1a: Ting-Lu|17\/100\n|-unboost|p1a: Ting-Lu|spe|1\n|move|p1a: Ting-Lu|Heavy Slam|p2a: Iron Bundle\n|-damage|p2a: Iron Bundle|52\/100\n|\n|-heal|p1b: Revavroom|25\/100|[from] item: Leftovers\n|-end|p2b: Gholdengo|Throat Chop|[silent]\n|upkeep\n|turn|6\n|\n|t:|1683670772\n|switch|p2b: Corviknight|Corviknight, L50, M|100\/100\n|move|p1b: Revavroom|Iron Head|p2a: Iron Bundle\n|-damage|p2a: Iron Bundle|0 fnt\n|faint|p2a: Iron Bundle\n|-end|p2a: Iron Bundle|Quark Drive|[silent]\n|move|p1a: Ting-Lu|Throat Chop|p2b: Corviknight\n|-damage|p2b: Corviknight|74\/100\n|-start|p2b: Corviknight|Throat Chop|[silent]\n|\n|-heal|p1b: Revavroom|30\/100|[from] item: Leftovers\n|-end|p1b: Revavroom|Magnet Rise\n|upkeep\n|\n|t:|1683670782\n|switch|p2a: Gholdengo|Gholdengo, L50, tera:Water|3\/100\n|turn|7\n|\n|t:|1683670790\n|move|p2a: Gholdengo|Protect|p2a: Gholdengo\n|-singleturn|p2a: Gholdengo|Protect\n|move|p1b: Revavroom|Iron Head|p2b: Corviknight\n|-resisted|p2b: Corviknight\n|-damage|p2b: Corviknight|56\/100\n|move|p2b: Corviknight|Tailwind|p2b: Corviknight\n|-sidestart|p2: gianniking|move: Tailwind\n|move|p1a: Ting-Lu|Throat Chop|p2a: Gholdengo\n|-activate|p2a: Gholdengo|move: Protect\n|\n|-heal|p1b: Revavroom|36\/100|[from] item: Leftovers\n|-end|p2b: Corviknight|Throat Chop|[silent]\n|upkeep\n|turn|8\n|\n|t:|1683670813\n|move|p1b: Revavroom|Iron Head|p2a: Gholdengo\n|-resisted|p2a: Gholdengo\n|-crit|p2a: Gholdengo\n|-damage|p2a: Gholdengo|0 fnt\n|faint|p2a: Gholdengo\n|move|p2b: Corviknight|Body Press|p1b: Revavroom\n|-damage|p1b: Revavroom|5\/100\n|move|p1a: Ting-Lu|Throat Chop|p2b: Corviknight\n|-damage|p2b: Corviknight|32\/100\n|-start|p2b: Corviknight|Throat Chop|[silent]\n|\n|-heal|p1b: Revavroom|11\/100|[from] item: Leftovers\n|upkeep\n|turn|9\n|\n|t:|1683670828\n|switch|p1a: Medicham|Medicham, L50, F|100\/100\n|move|p1b: Revavroom|Iron Head|p2b: Corviknight\n|-resisted|p2b: Corviknight\n|-damage|p2b: Corviknight|14\/100\n|cant|p2b: Corviknight|flinch\n|\n|-heal|p1b: Revavroom|17\/100|[from] item: Leftovers\n|-end|p2b: Corviknight|Throat Chop|[silent]\n|upkeep\n|turn|10\n|inactive|gianniking has 30 seconds left.\n|inactive|gianniking has 20 seconds left.\n|inactive|gianniking has 15 seconds left.\n|\n|t:|1683670871\n|-terastallize|p1a: Medicham|Fire\n|move|p1b: Revavroom|Iron Head|p2b: Corviknight\n|-resisted|p2b: Corviknight\n|-damage|p2b: Corviknight|0 fnt\n|faint|p2b: Corviknight\n|\n|win|yuuuuuuuuuj\n|raw|yuuuuuuuuuj's rating: 1143 → 1174<\/strong> (+31 for winning)\n|raw|gianniking's rating: 1230 → 1199<\/strong> (-31 for losing)\n|l|\u2606yuuuuuuuuuj\n","uploadtime":1683670981,"views":13,"p1id":"yuuuuuuuuuj","p2id":"gianniking","formatid":"gen9vgc2023regulationc","rating":1174,"private":0,"password":""}