{"id":"gen9vgc2023regulationc-1860527547","p1":"SlowHomie","p2":"himothy23","format":"[Gen 9] VGC 2023 Regulation C","log":"|j|\u2606SlowHomie\n|j|\u2606himothy23\n|t:|1683651829\n|gametype|doubles\n|player|p1|SlowHomie|lucas|\n|player|p2|himothy23|harlequin|\n|teamsize|p1|6\n|teamsize|p2|6\n|gen|9\n|tier|[Gen 9] VGC 2023 Regulation C\n|rated|Tournament battle\n|rule|Species Clause: Limit one of each Pok\u00e9mon\n|rule|Item Clause: Limit one of each item\n|clearpoke\n|poke|p1|Orthworm, L50, F|\n|poke|p1|Dragonite, L50, F|\n|poke|p1|Ting-Lu, L50|\n|poke|p1|Gyarados, L50, M|\n|poke|p1|Flutter Mane, L50|\n|poke|p1|Chien-Pao, L50|\n|poke|p2|Lycanroc, L50, F|\n|poke|p2|Corviknight, L50, M|\n|poke|p2|Iron Bundle, L50|\n|poke|p2|Tyranitar, L50, F|\n|poke|p2|Garchomp, L50, F|\n|poke|p2|Flutter Mane, L50|\n|teampreview|4\n|raw| Open Team Sheet for SlowHomie<\/summary>Orthworm @ Sitrus Berry Ability: Earth Eater Level: 50 Tera Type: Fire - Shed Tail - Body Press - Iron Defense - Heavy Slam Dragonite @ Lum Berry Ability: Multiscale Level: 50 Tera Type: Flying - Dragon Dance - Tera Blast - Earthquake - Extreme Speed Ting-Lu @ Choice Band Ability: Vessel of Ruin Level: 50 Tera Type: Water - Earthquake - Rock Slide - Throat Chop - Bulldoze Gyarados @ Safety Goggles Ability: Intimidate Level: 50 Tera Type: Water - Taunt - Thunder Wave - Waterfall - Bulldoze Flutter Mane @ Choice Specs Ability: Protosynthesis Level: 50 Tera Type: Fairy - Hex - Dazzling Gleam - Moonblast - Icy Wind Chien-Pao @ Focus Sash Ability: Sword of Ruin Level: 50 Tera Type: Dark - Ice Spinner - Sucker Punch - Haze - Protect <\/details><\/div> Open Team Sheet for himothy23<\/summary>Lycanroc @ Focus Sash Ability: Sand Rush Level: 50 Tera Type: Ghost - Close Combat - Protect - Rock Slide - Endeavor Corviknight @ Sitrus Berry Ability: Mirror Armor Level: 50 Tera Type: Fire - Taunt - Brave Bird - Tailwind - Roost Iron Bundle @ Booster Energy Ability: Quark Drive Level: 50 Tera Type: Flying - Protect - Freeze-Dry - Hydro Pump - Icy Wind Tyranitar @ Assault Vest Ability: Sand Stream Level: 50 Tera Type: Grass - Rock Slide - Crunch - Low Kick - Tera Blast Garchomp @ Life Orb Ability: Sand Veil Level: 50 Tera Type: Steel - Earthquake - Dragon Claw - Stomping Tantrum - Protect Flutter Mane @ Choice Specs Ability: Protosynthesis Level: 50 Tera Type: Fairy - Protect - Moonblast - Shadow Ball - Dazzling Gleam <\/details><\/div>\n|j| LoafOfGodlyBread\n|c|\u2606himothy23|glhf!\n|c|\u2606SlowHomie|u2!\n|c|\u2606SlowHomie|glhf\n|c| LoafOfGodlyBread|orthworm is actually nutty\n|c|\u2606SlowHomie|ye worm go hard\n|\n|t:|1683651910\n|start\n|switch|p1a: Gyarados|Gyarados, L50, M|100\/100\n|switch|p1b: Orthworm|Orthworm, L50, F|100\/100\n|switch|p2a: Tyranitar|Tyranitar, L50, F|100\/100\n|switch|p2b: Lycanroc|Lycanroc, L50, F|100\/100\n|-ability|p1a: Gyarados|Intimidate|boost\n|-unboost|p2a: Tyranitar|atk|1\n|-unboost|p2b: Lycanroc|atk|1\n|-weather|Sandstorm|[from] ability: Sand Stream|[of] p2a: Tyranitar\n|turn|1\n|\n|t:|1683651924\n|move|p2b: Lycanroc|Close Combat|p1b: Orthworm\n|-supereffective|p1b: Orthworm\n|-damage|p1b: Orthworm|61\/100\n|-unboost|p2b: Lycanroc|def|1\n|-unboost|p2b: Lycanroc|spd|1\n|move|p1a: Gyarados|Bulldoze|p2a: Tyranitar|[spread] p2a,p2b\n|-heal|p1b: Orthworm|86\/100|[from] ability: Earth Eater|[of] p1a: Gyarados\n|-supereffective|p2a: Tyranitar\n|-supereffective|p2b: Lycanroc\n|-damage|p2a: Tyranitar|78\/100\n|-damage|p2b: Lycanroc|36\/100\n|-unboost|p2a: Tyranitar|spe|1\n|-unboost|p2b: Lycanroc|spe|1\n|move|p1b: Orthworm|Heavy Slam|p2b: Lycanroc\n|-supereffective|p2b: Lycanroc\n|-damage|p2b: Lycanroc|0 fnt\n|faint|p2b: Lycanroc\n|move|p2a: Tyranitar|Rock Slide|p1a: Gyarados|[spread] p1a,p1b\n|-supereffective|p1a: Gyarados\n|-resisted|p1b: Orthworm\n|-damage|p1a: Gyarados|61\/100\n|-damage|p1b: Orthworm|78\/100\n|\n|-weather|Sandstorm|[upkeep]\n|upkeep\n|\n|t:|1683651950\n|switch|p2b: Iron Bundle|Iron Bundle, L50|100\/100\n|-enditem|p2b: Iron Bundle|Booster Energy\n|-activate|p2b: Iron Bundle|ability: Quark Drive|[fromitem]\n|-start|p2b: Iron Bundle|quarkdrivespe\n|turn|2\n|j| Radio Free C-Side\n|\n|t:|1683651985\n|-terastallize|p1a: Gyarados|Water\n|move|p2b: Iron Bundle|Freeze-Dry|p1a: Gyarados\n|-supereffective|p1a: Gyarados\n|-damage|p1a: Gyarados|0 fnt\n|faint|p1a: Gyarados\n|move|p1b: Orthworm|Heavy Slam|p2b: Iron Bundle\n|-damage|p2b: Iron Bundle|56\/100\n|move|p2a: Tyranitar|Low Kick|p1b: Orthworm\n|-supereffective|p1b: Orthworm\n|-damage|p1b: Orthworm|38\/100\n|-enditem|p1b: Orthworm|Sitrus Berry|[eat]\n|-heal|p1b: Orthworm|63\/100|[from] item: Sitrus Berry\n|\n|-weather|Sandstorm|[upkeep]\n|-damage|p2b: Iron Bundle|50\/100|[from] Sandstorm\n|upkeep\n|j| Vehiculo\n|\n|t:|1683651995\n|switch|p1a: Dragonite|Dragonite, L50, F|100\/100\n|turn|3\n|\n|t:|1683652008\n|move|p1a: Dragonite|Extreme Speed|p2b: Iron Bundle\n|-damage|p2b: Iron Bundle|15\/100\n|move|p2b: Iron Bundle|Freeze-Dry|p1a: Dragonite\n|-supereffective|p1a: Dragonite\n|-damage|p1a: Dragonite|31\/100\n|move|p1b: Orthworm|Body Press|p2a: Tyranitar\n|-supereffective|p2a: Tyranitar\n|-damage|p2a: Tyranitar|0 fnt\n|faint|p2a: Tyranitar\n|\n|-weather|Sandstorm|[upkeep]\n|-damage|p2b: Iron Bundle|9\/100|[from] Sandstorm\n|-damage|p1a: Dragonite|25\/100|[from] Sandstorm\n|upkeep\n|\n|t:|1683652017\n|switch|p2a: Flutter Mane|Flutter Mane, L50|100\/100\n|turn|4\n|\n|t:|1683652047\n|-terastallize|p2a: Flutter Mane|Fairy\n|move|p2b: Iron Bundle|Protect|p2b: Iron Bundle\n|-singleturn|p2b: Iron Bundle|Protect\n|move|p1a: Dragonite|Extreme Speed|p2b: Iron Bundle\n|-activate|p2b: Iron Bundle|move: Protect\n|move|p2a: Flutter Mane|Dazzling Gleam|p1a: Dragonite|[spread] p1a,p1b\n|-supereffective|p1a: Dragonite\n|-resisted|p1b: Orthworm\n|-damage|p1a: Dragonite|0 fnt\n|-damage|p1b: Orthworm|24\/100\n|faint|p1a: Dragonite\n|move|p1b: Orthworm|Heavy Slam|p2a: Flutter Mane\n|-supereffective|p2a: Flutter Mane\n|-damage|p2a: Flutter Mane|0 fnt\n|faint|p2a: Flutter Mane\n|-end|p2a: Flutter Mane|Protosynthesis|[silent]\n|\n|-weather|Sandstorm|[upkeep]\n|-damage|p2b: Iron Bundle|3\/100|[from] Sandstorm\n|upkeep\n|\n|t:|1683652055\n|switch|p1a: Ting-Lu|Ting-Lu, L50|100\/100\n|-ability|p1a: Ting-Lu|Vessel of Ruin\n|turn|5\n|\n|t:|1683652061\n|move|p2b: Iron Bundle|Hydro Pump|p1b: Orthworm|[miss]\n|-miss|p2b: Iron Bundle|p1b: Orthworm\n|move|p1a: Ting-Lu|Throat Chop|p2b: Iron Bundle\n|-damage|p2b: Iron Bundle|0 fnt\n|faint|p2b: Iron Bundle\n|-end|p2b: Iron Bundle|Quark Drive|[silent]\n|\n|win|SlowHomie\n|n|\u2606SlowHomie|slowhomie\n|n|\u2606himothy23|himothy23\n|n| LoafOfGodlyBread|loafofgodlybread\n|n| Radio Free C-Side|radiofreecside\n|n| Vehiculo|vehiculo\n","uploadtime":1683652062,"views":6,"p1id":"slowhomie","p2id":"himothy23","formatid":"gen9vgc2023regulationc","rating":0,"private":0,"password":""}