{"id":"gen9vgc2023regulationc-1855894806","p1":"IceBeatsRock","p2":"leafyarrow","format":"[Gen 9] VGC 2023 Regulation C","log":"|j|\u2606IceBeatsRock\n|j|\u2606leafyarrow\n|t:|1682997211\n|gametype|doubles\n|player|p1|IceBeatsRock|bertha|1126\n|player|p2|leafyarrow|leaf-gen3|1173\n|teamsize|p1|6\n|teamsize|p2|6\n|gen|9\n|tier|[Gen 9] VGC 2023 Regulation C\n|rated|\n|rule|Species Clause: Limit one of each Pok\u00e9mon\n|rule|Item Clause: Limit one of each item\n|clearpoke\n|poke|p1|Chi-Yu, L50|\n|poke|p1|Murkrow, L50, M|\n|poke|p1|Great Tusk, L50|\n|poke|p1|Gyarados, L50, F|\n|poke|p1|Amoonguss, L50, F|\n|poke|p1|Flutter Mane, L50|\n|poke|p2|Flutter Mane, L50|\n|poke|p2|Palafin, L50, F|\n|poke|p2|Amoonguss, L50, M|\n|poke|p2|Ting-Lu, L50|\n|poke|p2|Arcanine, L50, F|\n|poke|p2|Jolteon, L50, M|\n|teampreview|4\n|inactive|Battle timer is ON: inactive players will automatically lose when time's up. (requested by IceBeatsRock)\nleafyarrow has agreed to open team sheets.\n|inactive|leafyarrow has 60 seconds left.\n|inactive|leafyarrow has 30 seconds left.\n|inactive|leafyarrow has 20 seconds left.\nIceBeatsRock has agreed to open team sheets.\n|inactive|leafyarrow has 15 seconds left.\n|inactive|leafyarrow has 10 seconds left.\n|inactive|leafyarrow has 5 seconds left.\n|\n|t:|1682997298\n|start\n|switch|p1a: Gyarados|Gyarados, L50, F|100\/100\n|switch|p1b: Great Tusk|Great Tusk, L50|100\/100\n|switch|p2a: Flutter Mane|Flutter Mane, L50|100\/100\n|switch|p2b: Amoonguss|Amoonguss, L50, M|100\/100\n|-ability|p1a: Gyarados|Intimidate|boost\n|-unboost|p2a: Flutter Mane|atk|1\n|-unboost|p2b: Amoonguss|atk|1\n|turn|1\n|inactive|leafyarrow has 30 seconds left.\n|inactive|leafyarrow has 20 seconds left.\n|inactive|leafyarrow has 15 seconds left.\n|inactive|leafyarrow has 10 seconds left.\n|inactive|leafyarrow has 5 seconds left.\n|\n|t:|1682997349\n|-end|p2a: Flutter Mane|Protosynthesis|[silent]\n|switch|p2a: Jolteon|Jolteon, L50, M|100\/100\n|move|p1b: Great Tusk|Protect|p1b: Great Tusk\n|-singleturn|p1b: Great Tusk|Protect\n|move|p1a: Gyarados|Thunder Wave|p2a: Jolteon\n|-immune|p2a: Jolteon|[from] ability: Volt Absorb\n|move|p2b: Amoonguss|Spore|p1a: Gyarados\n|-status|p1a: Gyarados|slp|[from] move: Spore\n|\n|upkeep\n|turn|2\n|inactive|IceBeatsRock has 30 seconds left.\n|inactive|leafyarrow has 30 seconds left.\n|inactive|leafyarrow has 20 seconds left.\n|\n|t:|1682997387\n|-terastallize|p2a: Jolteon|Flying\n|move|p2b: Amoonguss|Protect|p2b: Amoonguss\n|-singleturn|p2b: Amoonguss|Protect\n|move|p2a: Jolteon|Tera Blast|p1b: Great Tusk\n|-supereffective|p1b: Great Tusk\n|-damage|p1b: Great Tusk|0 fnt\n|faint|p1b: Great Tusk\n|-end|p1b: Great Tusk|Protosynthesis|[silent]\n|cant|p1a: Gyarados|slp\n|\n|upkeep\n|\n|t:|1682997401\n|switch|p1b: Flutter Mane|Flutter Mane, L50|100\/100\n|turn|3\n|\n|t:|1682997423\n|-terastallize|p1a: Gyarados|Grass\n|move|p1b: Flutter Mane|Power Gem|p2a: Jolteon\n|-supereffective|p2a: Jolteon\n|-enditem|p2a: Jolteon|Focus Sash\n|-damage|p2a: Jolteon|1\/100\n|move|p2a: Jolteon|Thunderbolt|p1a: Gyarados\n|-resisted|p1a: Gyarados\n|-crit|p1a: Gyarados\n|-damage|p1a: Gyarados|71\/100 slp\n|cant|p1a: Gyarados|slp\n|move|p2b: Amoonguss|Spore|p1b: Flutter Mane\n|-status|p1b: Flutter Mane|slp|[from] move: Spore\n|\n|upkeep\n|turn|4\n|inactive|leafyarrow has 30 seconds left.\n|\n|t:|1682997452\n|switch|p2b: Flutter Mane|Flutter Mane, L50|100\/100\n|cant|p1b: Flutter Mane|slp\n|move|p2a: Jolteon|Tera Blast|p1a: Gyarados\n|-supereffective|p1a: Gyarados\n|-damage|p1a: Gyarados|0 fnt\n|faint|p1a: Gyarados\n|\n|upkeep\n|\n|t:|1682997459\n|switch|p1a: Chi-Yu|Chi-Yu, L50|100\/100\n|-ability|p1a: Chi-Yu|Beads of Ruin\n|turn|5\n|inactive|leafyarrow has 30 seconds left.\n|\n|t:|1682997486\n|move|p2a: Jolteon|Detect|p2a: Jolteon\n|-singleturn|p2a: Jolteon|Protect\n|move|p2b: Flutter Mane|Shadow Ball|p1b: Flutter Mane\n|-supereffective|p1b: Flutter Mane\n|-damage|p1b: Flutter Mane|0 fnt\n|faint|p1b: Flutter Mane\n|-end|p1b: Flutter Mane|Protosynthesis|[silent]\n|move|p1a: Chi-Yu|Heat Wave|p2b: Flutter Mane|[spread] p2b\n|-activate|p2a: Jolteon|move: Protect\n|-damage|p2b: Flutter Mane|42\/100\n|-damage|p1a: Chi-Yu|90\/100|[from] item: Life Orb\n|\n|upkeep\n|turn|6\n|\n|t:|1682997506\n|-end|p2b: Flutter Mane|Protosynthesis|[silent]\n|switch|p2b: Amoonguss|Amoonguss, L50, M|100\/100\n|move|p2a: Jolteon|Thunderbolt|p1a: Chi-Yu\n|-crit|p1a: Chi-Yu\n|-damage|p1a: Chi-Yu|16\/100\n|move|p1a: Chi-Yu|Heat Wave|p2b: Amoonguss|[spread] p2a,p2b\n|-supereffective|p2b: Amoonguss\n|-damage|p2a: Jolteon|0 fnt\n|-damage|p2b: Amoonguss|0 fnt\n|faint|p2a: Jolteon\n|faint|p2b: Amoonguss\n|-damage|p1a: Chi-Yu|6\/100|[from] item: Life Orb\n|\n|upkeep\n|\n|t:|1682997517\n|switch|p2a: Arcanine|Arcanine, L50, F|100\/100\n|switch|p2b: Flutter Mane|Flutter Mane, L50|42\/100\n|-ability|p2a: Arcanine|Intimidate|boost\n|-unboost|p1a: Chi-Yu|atk|1\n|turn|7\n|\n|t:|1682997524\n|move|p2a: Arcanine|Extreme Speed|p1a: Chi-Yu\n|-damage|p1a: Chi-Yu|0 fnt\n|faint|p1a: Chi-Yu\n|\n|win|leafyarrow\n|raw|IceBeatsRock's rating: 1126 → 1104<\/strong> (-22 for losing)\n|raw|leafyarrow's rating: 1173 → 1195<\/strong> (+22 for winning)\n|l|\u2606IceBeatsRock\n","uploadtime":1682997573,"views":14,"p1id":"icebeatsrock","p2id":"leafyarrow","formatid":"gen9vgc2023regulationc","rating":1104,"private":0,"password":""}