{"id":"gen9vgc2023regulationc-1847578520","p1":"Swisher102","p2":"JDN-2925","format":"[Gen 9] VGC 2023 Regulation C","log":"|j|\u2606Swisher102\n|j|\u2606JDN-2925\n|t:|1681976565\n|gametype|doubles\n|player|p1|Swisher102|erika|1306\n|player|p2|JDN-2925|170|1262\n|teamsize|p1|6\n|teamsize|p2|6\n|gen|9\n|tier|[Gen 9] VGC 2023 Regulation C\n|rated|\n|rule|Species Clause: Limit one of each Pok\u00e9mon\n|rule|Item Clause: Limit one of each item\n|clearpoke\n|poke|p1|Bronzong, L50|\n|poke|p1|Azumarill, L50, F|\n|poke|p1|Garchomp, L50, F|\n|poke|p1|Iron Hands, L50|\n|poke|p1|Skeledirge, L50, M|\n|poke|p1|Scizor, L50, M|\n|poke|p2|Wo-Chien, L50|\n|poke|p2|Glimmora, L50, M|\n|poke|p2|Amoonguss, L50, M|\n|poke|p2|Gothitelle, L50, M|\n|poke|p2|Garganacl, L50, M|\n|poke|p2|Flutter Mane, L50|\n|teampreview|4\n|inactive|Battle timer is ON: inactive players will automatically lose when time's up. (requested by Swisher102)\n|inactive|JDN-2925 has 60 seconds left.\n|inactive|JDN-2925 has 30 seconds left.\n|\n|t:|1681976629\n|start\n|switch|p1a: Skeledirge|Skeledirge, L50, M|100\/100\n|switch|p1b: Scizor|Scizor, L50, M|100\/100\n|switch|p2a: Garganacl|Garganacl, L50, M|100\/100\n|switch|p2b: Amoonguss|Amoonguss, L50, M|100\/100\n|turn|1\n|inactive|JDN-2925 has 30 seconds left.\n|inactive|JDN-2925 has 20 seconds left.\n|inactive|JDN-2925 has 15 seconds left.\n|\n|t:|1681976673\n|-terastallize|p1a: Skeledirge|Grass\n|-terastallize|p2a: Garganacl|Ghost\n|move|p2b: Amoonguss|Protect|p2b: Amoonguss\n|-singleturn|p2b: Amoonguss|Protect\n|move|p1b: Scizor|Close Combat|p2a: Garganacl\n|-immune|p2a: Garganacl\n|move|p1a: Skeledirge|Heat Wave|p2b: Amoonguss|[spread] p2a\n|-activate|p2b: Amoonguss|move: Protect\n|-damage|p2a: Garganacl|51\/100\n|move|p2a: Garganacl|Salt Cure|p1a: Skeledirge\n|-damage|p1a: Skeledirge|85\/100\n|-start|p1a: Skeledirge|Salt Cure\n|\n|-damage|p1a: Skeledirge|73\/100|[from] Salt Cure\n|upkeep\n|turn|2\n|inactive|JDN-2925 has 30 seconds left.\n|inactive|Swisher102 has 30 seconds left.\n|\n|t:|1681976715\n|switch|p2b: Flutter Mane|Flutter Mane, L50|100\/100\n|move|p2a: Garganacl|Protect|p2a: Garganacl\n|-singleturn|p2a: Garganacl|Protect\n|move|p1b: Scizor|Bullet Punch|p2a: Garganacl\n|-activate|p2a: Garganacl|move: Protect\n|move|p1a: Skeledirge|Heat Wave|p2a: Garganacl|[spread] p2b\n|-activate|p2a: Garganacl|move: Protect\n|-damage|p2b: Flutter Mane|52\/100\n|\n|-damage|p1a: Skeledirge|61\/100|[from] Salt Cure\n|upkeep\n|turn|3\n|inactive|JDN-2925 has 30 seconds left.\n|\n|t:|1681976744\n|switch|p1a: Bronzong|Bronzong, L50|100\/100\n|move|p1b: Scizor|Bullet Punch|p2b: Flutter Mane\n|-supereffective|p2b: Flutter Mane\n|-damage|p2b: Flutter Mane|0 fnt\n|faint|p2b: Flutter Mane\n|-end|p2b: Flutter Mane|Protosynthesis|[silent]\n|-damage|p1b: Scizor|91\/100|[from] item: Life Orb\n|move|p2a: Garganacl|Recover|p2a: Garganacl\n|-heal|p2a: Garganacl|100\/100\n|\n|upkeep\n|\n|t:|1681976759\n|switch|p2b: Wo-Chien|Wo-Chien, L50|100\/100\n|-ability|p2b: Wo-Chien|Tablets of Ruin\n|turn|4\n|\n|t:|1681976773\n|move|p2b: Wo-Chien|Leech Seed|p1a: Bronzong\n|-start|p1a: Bronzong|move: Leech Seed\n|move|p1b: Scizor|U-turn|p2b: Wo-Chien\n|-supereffective|p2b: Wo-Chien\n|-damage|p2b: Wo-Chien|0 fnt\n|faint|p2b: Wo-Chien\n|-damage|p1b: Scizor|81\/100|[from] item: Life Orb\n|\n|t:|1681976779\n|switch|p1b: Skeledirge|Skeledirge, L50, M, tera:Grass|61\/100|[from] U-turn\n|move|p2a: Garganacl|Salt Cure|p1b: Skeledirge\n|-damage|p1b: Skeledirge|46\/100\n|-start|p1b: Skeledirge|Salt Cure\n|move|p1a: Bronzong|Safeguard|p1a: Bronzong\n|-sidestart|p1: Swisher102|Safeguard\n|\n|-damage|p1b: Skeledirge|34\/100|[from] Salt Cure\n|upkeep\n|\n|t:|1681976790\n|switch|p2b: Amoonguss|Amoonguss, L50, M|100\/100\n|turn|5\n|\n|t:|1681976801\n|move|p1a: Bronzong|Helping Hand|p1b: Skeledirge\n|-singleturn|p1b: Skeledirge|Helping Hand|[of] p1a: Bronzong\n|move|p1b: Skeledirge|Shadow Ball|p2a: Garganacl\n|-supereffective|p2a: Garganacl\n|-damage|p2a: Garganacl|14\/100\n|-unboost|p2a: Garganacl|spd|1\n|-enditem|p2a: Garganacl|Figy Berry|[eat]\n|-heal|p2a: Garganacl|47\/100|[from] item: Figy Berry\n|move|p2a: Garganacl|Salt Cure|p1b: Skeledirge\n|-damage|p1b: Skeledirge|18\/100\n|move|p2b: Amoonguss|Spore|p1a: Bronzong\n|-activate|p1a: Bronzong|move: Safeguard\n|\n|-damage|p1a: Bronzong|88\/100|[from] Leech Seed|[of] p2b: Amoonguss\n|-damage|p1b: Skeledirge|6\/100|[from] Salt Cure\n|upkeep\n|turn|6\n|inactive|Swisher102 has 30 seconds left.\n|inactive|JDN-2925 has 30 seconds left.\n|inactive|Swisher102 has 20 seconds left.\n|\n|t:|1681976837\n|switch|p1b: Garchomp|Garchomp, L50, F|100\/100\n|switch|p1a: Scizor|Scizor, L50, M|81\/100\n|move|p2b: Amoonguss|Protect|p2b: Amoonguss\n|-singleturn|p2b: Amoonguss|Protect\n|move|p2a: Garganacl|Recover|p2a: Garganacl\n|-heal|p2a: Garganacl|97\/100\n|\n|upkeep\n|turn|7\n|inactive|Swisher102 has 30 seconds left.\n|inactive|JDN-2925 has 30 seconds left.\n|\n|t:|1681976864\n|switch|p1a: Bronzong|Bronzong, L50|88\/100\n|move|p1b: Garchomp|Earthquake|p2b: Amoonguss|[spread] p2a,p2b\n|-immune|p1a: Bronzong|[from] ability: Levitate\n|-damage|p2a: Garganacl|73\/100\n|-damage|p2b: Amoonguss|65\/100\n|move|p2a: Garganacl|Salt Cure|p1b: Garchomp\n|-resisted|p1b: Garchomp\n|-damage|p1b: Garchomp|94\/100\n|-start|p1b: Garchomp|Salt Cure\n|move|p2b: Amoonguss|Pollen Puff|p2a: Garganacl\n|-heal|p2a: Garganacl|100\/100\n|\n|-heal|p2b: Amoonguss|71\/100|[from] item: Black Sludge\n|-damage|p1b: Garchomp|81\/100|[from] Salt Cure\n|upkeep\n|turn|8\n|\n|t:|1681976890\n|move|p1a: Bronzong|Helping Hand|p1b: Garchomp\n|-singleturn|p1b: Garchomp|Helping Hand|[of] p1a: Bronzong\n|move|p1b: Garchomp|Earthquake|p2b: Amoonguss|[spread] p2a,p2b\n|-immune|p1a: Bronzong|[from] ability: Levitate\n|-damage|p2a: Garganacl|67\/100\n|-damage|p2b: Amoonguss|15\/100\n|move|p2a: Garganacl|Salt Cure|p1a: Bronzong\n|-resisted|p1a: Bronzong\n|-damage|p1a: Bronzong|82\/100\n|move|p2b: Amoonguss|Pollen Puff|p2a: Garganacl\n|-heal|p2a: Garganacl|100\/100\n|\n|-heal|p2b: Amoonguss|21\/100|[from] item: Black Sludge\n|-damage|p1b: Garchomp|69\/100|[from] Salt Cure\n|-sideend|p1: Swisher102|Safeguard\n|upkeep\n|turn|9\n|inactive|JDN-2925 has 30 seconds left.\n|inactive|JDN-2925 has 20 seconds left.\n|\n|t:|1681976929\n|move|p1b: Garchomp|Earthquake|p2b: Amoonguss|[spread] p2a,p2b\n|-immune|p1a: Bronzong|[from] ability: Levitate\n|-damage|p2a: Garganacl|78\/100\n|-damage|p2b: Amoonguss|0 fnt\n|faint|p2b: Amoonguss\n|move|p2a: Garganacl|Body Press|p1a: Bronzong\n|-damage|p1a: Bronzong|57\/100\n|move|p1a: Bronzong|Safeguard|p1a: Bronzong\n|-sidestart|p1: Swisher102|Safeguard\n|\n|-damage|p1b: Garchomp|56\/100|[from] Salt Cure\n|upkeep\n|turn|10\n|\n|t:|1681976949\n|move|p1a: Bronzong|Helping Hand|p1b: Garchomp\n|-singleturn|p1b: Garchomp|Helping Hand|[of] p1a: Bronzong\n|move|p1b: Garchomp|Stomping Tantrum|p2a: Garganacl\n|-damage|p2a: Garganacl|45\/100\n|move|p2a: Garganacl|Recover|p2a: Garganacl\n|-heal|p2a: Garganacl|95\/100\n|\n|-damage|p1b: Garchomp|44\/100|[from] Salt Cure\n|upkeep\n|turn|11\n|\n|t:|1681976961\n|move|p1a: Bronzong|Helping Hand|p1b: Garchomp\n|-singleturn|p1b: Garchomp|Helping Hand|[of] p1a: Bronzong\n|move|p1b: Garchomp|Earthquake|p2a: Garganacl|[spread] p2a\n|-immune|p1a: Bronzong|[from] ability: Levitate\n|-damage|p2a: Garganacl|63\/100\n|move|p2a: Garganacl|Recover|p2a: Garganacl\n|-heal|p2a: Garganacl|100\/100\n|\n|-damage|p1b: Garchomp|31\/100|[from] Salt Cure\n|upkeep\n|turn|12\n|\n|t:|1681976986\n|switch|p1b: Skeledirge|Skeledirge, L50, M, tera:Grass|6\/100\n|switch|p1a: Scizor|Scizor, L50, M|81\/100\n|move|p2a: Garganacl|Salt Cure|p1a: Scizor\n|-damage|p1a: Scizor|67\/100\n|-start|p1a: Scizor|Salt Cure\n|\n|-damage|p1a: Scizor|42\/100|[from] Salt Cure\n|upkeep\n|turn|13\n|\n|t:|1681977004\n|move|p2a: Garganacl|Protect|p2a: Garganacl\n|-singleturn|p2a: Garganacl|Protect\n|move|p1a: Scizor|U-turn|p2a: Garganacl\n|-activate|p2a: Garganacl|move: Protect\n|move|p1b: Skeledirge|Shadow Ball|p2a: Garganacl\n|-activate|p2a: Garganacl|move: Protect\n|\n|-damage|p1a: Scizor|17\/100|[from] Salt Cure\n|-sideend|p1: Swisher102|Safeguard\n|upkeep\n|turn|14\n|inactive|JDN-2925 has 30 seconds left.\n|\n|t:|1681977029\n|switch|p1a: Bronzong|Bronzong, L50|57\/100\n|move|p1b: Skeledirge|Shadow Ball|p2a: Garganacl\n|-supereffective|p2a: Garganacl\n|-damage|p2a: Garganacl|47\/100\n|move|p2a: Garganacl|Salt Cure|p1b: Skeledirge\n|-damage|p1b: Skeledirge|0 fnt\n|faint|p1b: Skeledirge\n|\n|upkeep\n|\n|t:|1681977037\n|switch|p1b: Scizor|Scizor, L50, M|17\/100\n|turn|15\n|\n|t:|1681977050\n|move|p1a: Bronzong|Helping Hand|p1b: Scizor\n|-singleturn|p1b: Scizor|Helping Hand|[of] p1a: Bronzong\n|move|p1b: Scizor|Bullet Punch|p2a: Garganacl\n|-damage|p2a: Garganacl|14\/100\n|-damage|p1b: Scizor|8\/100|[from] item: Life Orb\n|move|p2a: Garganacl|Recover|p2a: Garganacl\n|-heal|p2a: Garganacl|64\/100\n|\n|upkeep\n|turn|16\n|\n|t:|1681977064\n|move|p1a: Bronzong|Helping Hand|p1b: Scizor\n|-singleturn|p1b: Scizor|Helping Hand|[of] p1a: Bronzong\n|move|p1b: Scizor|Bullet Punch|p2a: Garganacl\n|-damage|p2a: Garganacl|28\/100\n|-damage|p1b: Scizor|0 fnt|[from] item: Life Orb\n|faint|p1b: Scizor\n|move|p2a: Garganacl|Recover|p2a: Garganacl\n|-heal|p2a: Garganacl|78\/100\n|\n|upkeep\n|\n|t:|1681977069\n|switch|p1b: Garchomp|Garchomp, L50, F|31\/100\n|turn|17\n|\n|t:|1681977080\n|move|p1a: Bronzong|Helping Hand|p1b: Garchomp\n|-singleturn|p1b: Garchomp|Helping Hand|[of] p1a: Bronzong\n|move|p1b: Garchomp|Earthquake|p2a: Garganacl|[spread] p2a\n|-immune|p1a: Bronzong|[from] ability: Levitate\n|-damage|p2a: Garganacl|47\/100\n|move|p2a: Garganacl|Salt Cure|p1b: Garchomp\n|-resisted|p1b: Garchomp\n|-damage|p1b: Garchomp|25\/100\n|-start|p1b: Garchomp|Salt Cure\n|\n|-damage|p1b: Garchomp|13\/100|[from] Salt Cure\n|upkeep\n|turn|18\n|\n|t:|1681977094\n|move|p1a: Bronzong|Helping Hand|p1b: Garchomp\n|-singleturn|p1b: Garchomp|Helping Hand|[of] p1a: Bronzong\n|move|p2a: Garganacl|Protect|p2a: Garganacl\n|-singleturn|p2a: Garganacl|Protect\n|move|p1b: Garchomp|Stomping Tantrum|p2a: Garganacl\n|-activate|p2a: Garganacl|move: Protect\n|\n|-damage|p1b: Garchomp|0 fnt|[from] Salt Cure\n|faint|p1b: Garchomp\n|upkeep\n|turn|19\n|-message|Swisher102 forfeited.\n|\n|win|JDN-2925\n|raw|Swisher102's rating: 1306 → 1283<\/strong> (-23 for losing)\n|raw|JDN-2925's rating: 1262 → 1290<\/strong> (+28 for winning)\n|l|\u2606Swisher102\n","uploadtime":1681977118,"views":11,"p1id":"swisher102","p2id":"jdn2925","formatid":"gen9vgc2023regulationc","rating":1283,"private":0,"password":""}