{"id":"gen9vgc2023regulationc-1847786621","p1":"paokami","p2":"shaboogles","format":"[Gen 9] VGC 2023 Regulation C","log":"|j|\u2606paokami\n|j|\u2606shaboogles\n|t:|1682001891\n|gametype|doubles\n|player|p1|paokami|red|1288\n|player|p2|shaboogles|elesa|1277\n|teamsize|p1|6\n|teamsize|p2|6\n|gen|9\n|tier|[Gen 9] VGC 2023 Regulation C\n|rated|\n|rule|Species Clause: Limit one of each Pok\u00e9mon\n|rule|Item Clause: Limit one of each item\n|clearpoke\n|poke|p1|Flutter Mane, L50|\n|poke|p1|Dragonite, L50, M|\n|poke|p1|Amoonguss, L50, M|\n|poke|p1|Ting-Lu, L50|\n|poke|p1|Annihilape, L50, M|\n|poke|p1|Chien-Pao, L50|\n|poke|p2|Torkoal, L50, M|\n|poke|p2|Chi-Yu, L50|\n|poke|p2|Gyarados, L50, M|\n|poke|p2|Jumpluff, L50, M|\n|poke|p2|Flutter Mane, L50|\n|poke|p2|Great Tusk, L50|\n|teampreview|4\n|\n|t:|1682001908\n|start\n|switch|p1a: Dragonite|Dragonite, L50, M|100\/100\n|switch|p1b: Ting-Lu|Ting-Lu, L50|100\/100\n|switch|p2a: Torkoal|Torkoal, L50, M|100\/100\n|switch|p2b: Jumpluff|Jumpluff, L50, M, shiny|100\/100\n|-ability|p1b: Ting-Lu|Vessel of Ruin\n|-weather|SunnyDay|[from] ability: Drought|[of] p2a: Torkoal\n|turn|1\n|\n|t:|1682001925\n|-terastallize|p1a: Dragonite|Flying\n|move|p2b: Jumpluff|Sleep Powder|p1b: Ting-Lu\n|-status|p1b: Ting-Lu|slp|[from] move: Sleep Powder\n|move|p1a: Dragonite|Tera Blast|p2b: Jumpluff\n|-supereffective|p2b: Jumpluff\n|-damage|p2b: Jumpluff|0 fnt\n|faint|p2b: Jumpluff\n|cant|p1b: Ting-Lu|slp\n|move|p2a: Torkoal|Will-O-Wisp|p1a: Dragonite\n|-status|p1a: Dragonite|brn\n|-enditem|p1a: Dragonite|Lum Berry|[eat]\n|-curestatus|p1a: Dragonite|brn|[msg]\n|\n|-weather|SunnyDay|[upkeep]\n|upkeep\n|\n|t:|1682001936\n|switch|p2b: Chi-Yu|Chi-Yu, L50|100\/100\n|-ability|p2b: Chi-Yu|Beads of Ruin\n|turn|2\n|\n|t:|1682001957\n|move|p2a: Torkoal|Helping Hand|p2b: Chi-Yu\n|-singleturn|p2b: Chi-Yu|Helping Hand|[of] p2a: Torkoal\n|move|p2b: Chi-Yu|Heat Wave|p1a: Dragonite|[spread] p1a,p1b\n|-damage|p1a: Dragonite|41\/100\n|-damage|p1b: Ting-Lu|0 fnt\n|faint|p1b: Ting-Lu\n|move|p1a: Dragonite|Tera Blast|p2b: Chi-Yu\n|-crit|p2b: Chi-Yu\n|-damage|p2b: Chi-Yu|0 fnt\n|faint|p2b: Chi-Yu\n|\n|-weather|SunnyDay|[upkeep]\n|upkeep\n|\n|t:|1682001974\n|switch|p2b: Great Tusk|Great Tusk, L50|100\/100\n|switch|p1b: Flutter Mane|Flutter Mane, L50|100\/100\n|-activate|p1b: Flutter Mane|ability: Protosynthesis\n|-start|p1b: Flutter Mane|protosynthesisspe\n|-activate|p2b: Great Tusk|ability: Protosynthesis\n|-start|p2b: Great Tusk|protosynthesisatk\n|turn|3\n|\n|t:|1682002024\n|-terastallize|p2b: Great Tusk|Fire\n|move|p2a: Torkoal|Helping Hand|p2b: Great Tusk\n|-singleturn|p2b: Great Tusk|Helping Hand|[of] p2a: Torkoal\n|move|p1b: Flutter Mane|Protect|p1b: Flutter Mane\n|-singleturn|p1b: Flutter Mane|Protect\n|move|p2b: Great Tusk|Rock Slide|p1a: Dragonite|[spread] p1a\n|-activate|p1b: Flutter Mane|move: Protect\n|-supereffective|p1a: Dragonite\n|-damage|p1a: Dragonite|0 fnt\n|faint|p1a: Dragonite\n|\n|-weather|SunnyDay|[upkeep]\n|upkeep\n|\n|t:|1682002038\n|switch|p1a: Chien-Pao|Chien-Pao, L50|100\/100\n|-ability|p1a: Chien-Pao|Sword of Ruin\n|turn|4\n|\n|t:|1682002047\n|move|p2a: Torkoal|Helping Hand|p2b: Great Tusk\n|-singleturn|p2b: Great Tusk|Helping Hand|[of] p2a: Torkoal\n|move|p1b: Flutter Mane|Shadow Ball|p2b: Great Tusk\n|-damage|p2b: Great Tusk|37\/100\n|move|p1a: Chien-Pao|Sacred Sword|p2b: Great Tusk\n|-damage|p2b: Great Tusk|9\/100\n|move|p2b: Great Tusk|Rock Slide|p1b: Flutter Mane|[spread] p1a,p1b\n|-supereffective|p1a: Chien-Pao\n|-enditem|p1a: Chien-Pao|Focus Sash\n|-damage|p1a: Chien-Pao|1\/100\n|-damage|p1b: Flutter Mane|0 fnt\n|faint|p1b: Flutter Mane\n|-end|p1b: Flutter Mane|Protosynthesis|[silent]\n|\n|-weather|SunnyDay|[upkeep]\n|upkeep\n|turn|5\n|-message|paokami forfeited.\n|\n|win|shaboogles\n|raw|paokami's rating: 1288 → 1262<\/strong> (-26 for losing)\n|raw|shaboogles's rating: 1277 → 1303<\/strong> (+26 for winning)\n|l|\u2606paokami\n","uploadtime":1682002072,"views":10,"p1id":"paokami","p2id":"shaboogles","formatid":"gen9vgc2023regulationc","rating":1262,"private":0,"password":""}