{"id":"gen9vgc2023regulationc-1851448653","p1":"Seal00","p2":"MGUltra42","format":"[Gen 9] VGC 2023 Regulation C","log":"|j|\u2606Seal00\n|j|\u2606MGUltra42\n|t:|1682445986\n|gametype|doubles\n|player|p1|Seal00|266|1102\n|player|p2|MGUltra42|101|1175\n|teamsize|p1|6\n|teamsize|p2|6\n|gen|9\n|tier|[Gen 9] VGC 2023 Regulation C\n|rated|\n|rule|Species Clause: Limit one of each Pok\u00e9mon\n|rule|Item Clause: Limit one of each item\n|clearpoke\n|poke|p1|Talonflame, L50, F|\n|poke|p1|Slither Wing, L50|\n|poke|p1|Gyarados, L50, F|\n|poke|p1|Flutter Mane, L50|\n|poke|p1|Iron Bundle, L50|\n|poke|p1|Ting-Lu, L50|\n|poke|p2|Ting-Lu, L50|\n|poke|p2|Amoonguss, L50, M|\n|poke|p2|Arcanine, L50, M|\n|poke|p2|Flutter Mane, L50|\n|poke|p2|Palafin, L50, M|\n|poke|p2|Baxcalibur, L50, M|\n|teampreview|4\nSeal00 has agreed to open team sheets.\n|c|\u2606MGUltra42|BOOM SHAKALAKALA\n|c|\u2606MGUltra42|PLZ BRING GYARADOS\n|c|\u2606MGUltra42|I HAVE A SECRET TECH TO BEAT IT\n|c|\u2606Seal00|Ok\n|\n|t:|1682446058\n|start\n|switch|p1a: The biggest Bird|Talonflame, L50, F|100\/100\n|switch|p1b: AliRasini|Slither Wing, L50|100\/100\n|switch|p2a: RK9|Arcanine, L50, M, shiny|100\/100\n|switch|p2b: SCARF|Baxcalibur, L50, M, shiny|100\/100\n|-ability|p2a: RK9|Intimidate|boost\n|-unboost|p1a: The biggest Bird|atk|1\n|-unboost|p1b: AliRasini|atk|1\n|turn|1\n|\n|t:|1682446080\n|-terastallize|p1b: AliRasini|Fire\n|move|p2b: SCARF|Protect|p2b: SCARF\n|-singleturn|p2b: SCARF|Protect\n|move|p1b: AliRasini|First Impression|p2b: SCARF\n|-activate|p2b: SCARF|move: Protect\n|move|p1a: The biggest Bird|Sunny Day|p1a: The biggest Bird\n|-weather|SunnyDay\n|-activate|p1b: AliRasini|ability: Protosynthesis\n|-start|p1b: AliRasini|protosynthesisatk\n|move|p2a: RK9|Will-O-Wisp|p1b: AliRasini|[miss]\n|-miss|p2a: RK9|p1b: AliRasini\n|\n|-weather|SunnyDay|[upkeep]\n|upkeep\n|turn|2\n|c|\u2606MGUltra42|hehe boi\n|\n|t:|1682446118\n|-terastallize|p2b: SCARF|Poison\n|move|p1a: The biggest Bird|Tailwind|p1a: The biggest Bird\n|-sidestart|p1: Seal00|move: Tailwind\n|move|p1b: AliRasini|Close Combat|p2a: RK9\n|-damage|p2a: RK9|41\/100\n|-unboost|p1b: AliRasini|def|1\n|-unboost|p1b: AliRasini|spd|1\n|move|p2a: RK9|Howl|p2a: RK9|[spread] p2a,p2b\n|-boost|p2a: RK9|atk|1\n|-boost|p2b: SCARF|atk|1\n|move|p2b: SCARF|Glaive Rush|p1b: AliRasini\n|-damage|p1b: AliRasini|0 fnt\n|-singlemove|p2b: SCARF|Glaive Rush|[silent]\n|faint|p1b: AliRasini\n|-end|p1b: AliRasini|Protosynthesis|[silent]\n|\n|-weather|SunnyDay|[upkeep]\n|upkeep\n|\n|t:|1682446131\n|switch|p1b: Mi zio|Ting-Lu, L50|100\/100\n|-ability|p1b: Mi zio|Vessel of Ruin\n|turn|3\n|\n|t:|1682446139\n|move|p2b: SCARF|Protect|p2b: SCARF\n|-singleturn|p2b: SCARF|Protect\n|move|p1a: The biggest Bird|Taunt|p2a: RK9\n|-start|p2a: RK9|move: Taunt\n|cant|p2a: RK9|move: Taunt|Will-O-Wisp\n|move|p1b: Mi zio|Earthquake|p2b: SCARF|[spread] p2a\n|-activate|p2b: SCARF|move: Protect\n|-immune|p1a: The biggest Bird\n|-supereffective|p2a: RK9\n|-damage|p2a: RK9|0 fnt\n|faint|p2a: RK9\n|\n|-weather|SunnyDay|[upkeep]\n|upkeep\n|\n|t:|1682446153\n|switch|p2a: XYZ|Amoonguss, L50, M, shiny|100\/100\n|turn|4\n|\n|t:|1682446163\n|move|p1a: The biggest Bird|Taunt|p2a: XYZ\n|-start|p2a: XYZ|move: Taunt\n|move|p1b: Mi zio|Earthquake|p2a: XYZ|[spread] p2a,p2b\n|-immune|p1a: The biggest Bird\n|-supereffective|p2b: SCARF\n|-damage|p2a: XYZ|57\/100\n|-damage|p2b: SCARF|16\/100\n|move|p2b: SCARF|Icicle Spear|p1b: Mi zio\n|-supereffective|p1b: Mi zio\n|-damage|p1b: Mi zio|72\/100\n|-supereffective|p1b: Mi zio\n|-damage|p1b: Mi zio|45\/100\n|-supereffective|p1b: Mi zio\n|-damage|p1b: Mi zio|19\/100\n|-supereffective|p1b: Mi zio\n|-damage|p1b: Mi zio|0 fnt\n|faint|p1b: Mi zio\n|-hitcount|p1: Mi zio|4\n|cant|p2a: XYZ|move: Taunt|Spore\n|\n|-weather|SunnyDay|[upkeep]\n|upkeep\n|\n|t:|1682446183\n|switch|p1b: Gyarados|Gyarados, L50, F|100\/100\n|-ability|p1b: Gyarados|Intimidate|boost\n|-unboost|p2a: XYZ|atk|1\n|-unboost|p2b: SCARF|atk|1\n|turn|5\n|\n|t:|1682446200\n|switch|p2a: Shah|Ting-Lu, L50|100\/100\n|-ability|p2a: Shah|Vessel of Ruin\n|move|p1b: Gyarados|Protect|p1b: Gyarados\n|-singleturn|p1b: Gyarados|Protect\n|move|p2b: SCARF|Protect|p2b: SCARF\n|-singleturn|p2b: SCARF|Protect\n|move|p1a: The biggest Bird|Brave Bird|p2a: Shah\n|-damage|p2a: Shah|85\/100\n|-damage|p1a: The biggest Bird|93\/100|[from] Recoil\n|\n|-weather|none\n|-sideend|p1: Seal00|move: Tailwind\n|upkeep\n|turn|6\n|\n|t:|1682446223\n|move|p2b: SCARF|Ice Shard|p1b: Gyarados\n|-damage|p1b: Gyarados|73\/100\n|move|p1a: The biggest Bird|Tailwind|p1a: The biggest Bird\n|-sidestart|p1: Seal00|move: Tailwind\n|move|p1b: Gyarados|Waterfall|p2b: SCARF\n|-damage|p2b: SCARF|0 fnt\n|faint|p2b: SCARF\n|move|p2a: Shah|Ruination|p1b: Gyarados\n|-damage|p1b: Gyarados|37\/100\n|-enditem|p1b: Gyarados|Sitrus Berry|[eat]\n|-heal|p1b: Gyarados|62\/100|[from] item: Sitrus Berry\n|\n|upkeep\n|\n|t:|1682446235\n|switch|p2b: XYZ|Amoonguss, L50, M, shiny|90\/100\n|turn|7\n|\n|t:|1682446249\n|move|p2b: XYZ|Protect|p2b: XYZ\n|-singleturn|p2b: XYZ|Protect\n|move|p1a: The biggest Bird|Taunt|p2b: XYZ\n|-activate|p2b: XYZ|move: Protect\n|move|p1b: Gyarados|Waterfall|p2a: Shah\n|-supereffective|p2a: Shah\n|-damage|p2a: Shah|39\/100\n|cant|p2a: Shah|flinch\n|\n|upkeep\n|turn|8\n|inactive|Battle timer is ON: inactive players will automatically lose when time's up. (requested by Seal00)\n|\n|t:|1682446265\n|move|p1a: The biggest Bird|Taunt|p2b: XYZ\n|-start|p2b: XYZ|move: Taunt\n|move|p1b: Gyarados|Waterfall|p2a: Shah\n|-supereffective|p2a: Shah\n|-damage|p2a: Shah|0 fnt\n|faint|p2a: Shah\n|move|p2b: XYZ|Pollen Puff|p2: Shah|[notarget]\n|-fail|p2b: XYZ\n|\n|upkeep\n|turn|9\n|-message|MGUltra42 forfeited.\n|\n|win|Seal00\n|raw|Seal00's rating: 1102 → 1132<\/strong> (+30 for winning)\n|raw|MGUltra42's rating: 1175 → 1145<\/strong> (-30 for losing)\n|l|\u2606MGUltra42\n|c|\u2606Seal00|L bozo\n","uploadtime":1682446291,"views":9,"p1id":"seal00","p2id":"mgultra42","formatid":"gen9vgc2023regulationc","rating":1132,"private":0,"password":""}