{"id":"gen9vgc2023regulationc-1844925204","p1":"Mr. Reese","p2":"varca","format":"[Gen 9] VGC 2023 Regulation C","log":"|j|\u2606Mr. Reese\n|j|\u2606varca\n|t:|1681664747\n|gametype|doubles\n|player|p1|Mr. Reese|roxie|\n|player|p2|varca|clown|\n|teamsize|p1|6\n|teamsize|p2|6\n|gen|9\n|tier|[Gen 9] VGC 2023 Regulation C\n|rated|Tournament battle\n|rule|Species Clause: Limit one of each Pok\u00e9mon\n|rule|Item Clause: Limit one of each item\n|clearpoke\n|poke|p1|Flutter Mane, L50|\n|poke|p1|Chi-Yu, L50|\n|poke|p1|Gallade, L50, M|\n|poke|p1|Magnezone, L50|\n|poke|p1|Iron Bundle, L50|\n|poke|p1|Corviknight, L50, M|\n|poke|p2|Tyranitar, L50, F|\n|poke|p2|Amoonguss, L50, F|\n|poke|p2|Gengar, L50, F|\n|poke|p2|Rotom-Wash, L50|\n|poke|p2|Talonflame, L50, M|\n|poke|p2|Garchomp, L50, M|\n|teampreview|4\n|raw| Open Team Sheet for Mr. Reese<\/summary>Cancer (Flutter Mane) @ Focus Sash Ability: Protosynthesis Level: 50 Tera Type: Fairy - Shadow Ball - Dazzling Gleam - Imprison - Trick Room Feesh (Chi-Yu) @ Choice Specs Ability: Beads of Ruin Level: 50 Tera Type: Fire - Flamethrower - Heat Wave - Dark Pulse - Psychic Occam (Gallade) (M) @ Scope Lens Ability: Sharpness Level: 50 Shiny: Yes Tera Type: Water - Psycho Cut - Sacred Sword - Night Slash - Aqua Cutter Alexi (Magnezone) @ Assault Vest Ability: Magnet Pull Level: 50 Tera Type: Flying - Thunderbolt - Flash Cannon - Electroweb - Tera Blast Big Gucci (Iron Bundle) @ Life Orb Ability: Quark Drive Level: 50 Shiny: Yes Tera Type: Ice - Icy Wind - Hydro Pump - Freeze-Dry - Encore Corviknight @ Covert Cloak Ability: Mirror Armor Level: 50 Tera Type: Ghost - Tailwind - Brave Bird - Roost - Bulk Up <\/details><\/div> Open Team Sheet for varca<\/summary>Tyranitar @ Assault Vest Ability: Sand Stream Level: 50 Tera Type: Flying - Rock Slide - Crunch - Low Kick - Tera Blast Amoonguss @ Mental Herb Ability: Regenerator Level: 50 Tera Type: Water - Spore - Rage Powder - Clear Smog - Pollen Puff Gengar (F) @ Focus Sash Ability: Cursed Body Level: 50 Tera Type: Flying - Dazzling Gleam - Icy Wind - Energy Ball - Shadow Ball Rotom (Rotom-Wash) @ Sitrus Berry Ability: Levitate Level: 50 Tera Type: Electric - Hydro Pump - Discharge - Will-O-Wisp - Thunderbolt Talonflame (M) @ Charcoal Ability: Gale Wings Level: 50 Tera Type: Fire - Brave Bird - Flare Blitz - Tailwind - Will-O-Wisp Garchomp (M) @ Rocky Helmet Ability: Rough Skin Level: 50 Tera Type: Ground - Dragon Claw - Earthquake - Rock Slide - Protect <\/details><\/div>\n|c|\u2606Mr. Reese|gen 5 called\n|c|\u2606Mr. Reese|lmao\n|c|\u2606Mr. Reese|glhf\n|j| Erikbound\n|\n|t:|1681664850\n|start\n|switch|p1a: Big Gucci|Iron Bundle, L50, shiny|100\/100\n|switch|p1b: Corviknight|Corviknight, L50, M|100\/100\n|switch|p2a: Gengar|Gengar, L50, F|100\/100\n|switch|p2b: Talonflame|Talonflame, L50, M|100\/100\n|turn|1\n|j| BigGucci69\n|\n|t:|1681664864\n|-end|p1a: Big Gucci|Quark Drive|[silent]\n|switch|p1a: Alexi|Magnezone, L50|100\/100\n|move|p2b: Talonflame|Tailwind|p2b: Talonflame\n|-sidestart|p2: varca|move: Tailwind\n|move|p2a: Gengar|Energy Ball|p1a: Alexi\n|-resisted|p1a: Alexi\n|-damage|p1a: Alexi|89\/100\n|move|p1b: Corviknight|Tailwind|p1b: Corviknight\n|-sidestart|p1: Mr. Reese|move: Tailwind\n|\n|upkeep\n|turn|2\n|\n|t:|1681664896\n|-terastallize|p1a: Alexi|Flying\n|move|p2b: Talonflame|Flare Blitz|p1a: Alexi\n|-damage|p1a: Alexi|34\/100\n|-damage|p2b: Talonflame|80\/100|[from] Recoil\n|move|p2a: Gengar|Icy Wind|p1b: Corviknight|[spread] p1a,p1b\n|-supereffective|p1a: Alexi\n|-damage|p1a: Alexi|12\/100\n|-damage|p1b: Corviknight|86\/100\n|-unboost|p1a: Alexi|spe|1\n|move|p1b: Corviknight|Brave Bird|p2a: Gengar\n|-damage|p2a: Gengar|5\/100\n|-start|p1b: Corviknight|Disable|Brave Bird|[from] ability: Cursed Body|[of] p2a: Gengar\n|-damage|p1b: Corviknight|65\/100|[from] Recoil\n|move|p1a: Alexi|Electroweb|p2a: Gengar|[spread] p2a,p2b\n|-supereffective|p2b: Talonflame\n|-damage|p2a: Gengar|0 fnt\n|-damage|p2b: Talonflame|2\/100\n|-unboost|p2b: Talonflame|spe|1\n|faint|p2a: Gengar\n|\n|upkeep\n|\n|t:|1681664911\n|switch|p2a: Tyranitar|Tyranitar, L50, F|100\/100\n|-weather|Sandstorm|[from] ability: Sand Stream|[of] p2a: Tyranitar\n|turn|3\n|\n|t:|1681664947\n|move|p2b: Talonflame|Flare Blitz|p1b: Corviknight\n|-supereffective|p1b: Corviknight\n|-damage|p1b: Corviknight|0 fnt\n|faint|p1b: Corviknight\n|-damage|p2b: Talonflame|0 fnt|[from] Recoil\n|faint|p2b: Talonflame\n|move|p2a: Tyranitar|Rock Slide|p1a: Alexi\n|-supereffective|p1a: Alexi\n|-damage|p1a: Alexi|0 fnt\n|faint|p1a: Alexi\n|\n|-weather|Sandstorm|[upkeep]\n|upkeep\n|\n|t:|1681664962\n|switch|p2b: Amoonguss|Amoonguss, L50, F|100\/100\n|switch|p1b: Occam|Gallade, L50, M, shiny|100\/100\n|switch|p1a: Big Gucci|Iron Bundle, L50, shiny|100\/100\n|turn|4\n|\n|t:|1681664987\n|-terastallize|p2a: Tyranitar|Flying\n|move|p1a: Big Gucci|Icy Wind|p2b: Amoonguss|[spread] p2a,p2b\n|-supereffective|p2a: Tyranitar\n|-supereffective|p2b: Amoonguss\n|-damage|p2a: Tyranitar|69\/100\n|-damage|p2b: Amoonguss|60\/100\n|-unboost|p2a: Tyranitar|spe|1\n|-unboost|p2b: Amoonguss|spe|1\n|-damage|p1a: Big Gucci|91\/100|[from] item: Life Orb\n|move|p1b: Occam|Psycho Cut|p2b: Amoonguss\n|-supereffective|p2b: Amoonguss\n|-crit|p2b: Amoonguss\n|-damage|p2b: Amoonguss|0 fnt\n|faint|p2b: Amoonguss\n|move|p2a: Tyranitar|Tera Blast|p1b: Occam\n|-supereffective|p1b: Occam\n|-damage|p1b: Occam|0 fnt\n|faint|p1b: Occam\n|\n|-weather|Sandstorm|[upkeep]\n|-damage|p1a: Big Gucci|84\/100|[from] Sandstorm\n|-damage|p2a: Tyranitar|63\/100|[from] Sandstorm\n|-sideend|p1: Mr. Reese|move: Tailwind\n|-sideend|p2: varca|move: Tailwind\n|upkeep\n|turn|5\n|\n|t:|1681665005\n|move|p1a: Big Gucci|Freeze-Dry|p2a: Tyranitar\n|-supereffective|p2a: Tyranitar\n|-damage|p2a: Tyranitar|4\/100\n|-damage|p1a: Big Gucci|75\/100|[from] item: Life Orb\n|move|p2a: Tyranitar|Rock Slide|p1a: Big Gucci\n|-supereffective|p1a: Big Gucci\n|-damage|p1a: Big Gucci|0 fnt\n|faint|p1a: Big Gucci\n|-end|p1a: Big Gucci|Quark Drive|[silent]\n|\n|win|varca\n|n|\u2606Mr. Reese|mrreese\n|n|\u2606varca|varca\n|n| Erikbound|erikbound\n|n| BigGucci69|biggucci69\n|l| Erikbound\n|c|\u2606varca|lol\n|c|\u2606Mr. Reese|pain\n|c|\u2606Mr. Reese|gg\n|l| BigGucci69\n","uploadtime":1681665030,"views":14,"p1id":"mrreese","p2id":"varca","formatid":"gen9vgc2023regulationc","rating":0,"private":0,"password":""}