{"id":"gen9vgc2023regulationc-1847120708","p1":"TStorm","p2":"wadata","format":"[Gen 9] VGC 2023 Regulation C","log":"|j|\u2606TStorm\n|j|\u2606wadata\n|t:|1681920776\n|gametype|doubles\n|player|p1|TStorm|101|\n|player|p2|wadata|1|\n|teamsize|p1|6\n|teamsize|p2|6\n|gen|9\n|tier|[Gen 9] VGC 2023 Regulation C\n|rated|Tournament battle\n|rule|Species Clause: Limit one of each Pok\u00e9mon\n|rule|Item Clause: Limit one of each item\n|clearpoke\n|poke|p1|Flutter Mane, L50|\n|poke|p1|Dragonite, L50, F|\n|poke|p1|Chien-Pao, L50|\n|poke|p1|Iron Bundle, L50|\n|poke|p1|Chi-Yu, L50|\n|poke|p1|Arcanine, L50, M|\n|poke|p2|Talonflame, L50, M|\n|poke|p2|Baxcalibur, L50, M|\n|poke|p2|Gallade, L50, M|\n|poke|p2|Breloom, L50, M|\n|poke|p2|Kingambit, L50, M|\n|poke|p2|Gastrodon, L50, F|\n|teampreview|4\n|raw| Open Team Sheet for TStorm<\/summary>Flutter Mane @ Choice Specs Ability: Protosynthesis Level: 50 Tera Type: Fairy - Moonblast - Shadow Ball - Thunderbolt - Dazzling Gleam Dragonite @ Weakness Policy Ability: Multiscale Level: 50 Tera Type: Normal - Aerial Ace - Extreme Speed - Tailwind - Protect Chien-Pao @ Focus Sash Ability: Sword of Ruin Level: 50 Tera Type: Ghost - Haze - Ice Shard - Protect - Throat Chop Iron Bundle @ Booster Energy Ability: Quark Drive Level: 50 Tera Type: Ghost - Freeze-Dry - Hydro Pump - Icy Wind - Protect Chi-Yu @ Choice Scarf Ability: Beads of Ruin Level: 50 Tera Type: Ghost - Heat Wave - Snarl - Dark Pulse - Protect Not Arcanine (Arcanine) (M) @ Clear Amulet Ability: Intimidate Level: 50 Shiny: Yes Tera Type: Normal - Flare Blitz - Howl - Extreme Speed - Protect <\/details><\/div> Open Team Sheet for wadata<\/summary>Talonflame @ Covert Cloak Ability: Gale Wings Level: 50 Tera Type: Ghost - Brave Bird - Flare Blitz - Will-O-Wisp - Tailwind Westopolis (Baxcalibur) @ Loaded Dice Ability: Thermal Exchange Level: 50 Tera Type: Poison - Icicle Spear - Glaive Rush - Ice Shard - Protect Gallade (M) @ Life Orb Ability: Sharpness Level: 50 Tera Type: Steel - Sacred Sword - Psycho Cut - Will-O-Wisp - Protect Breloom @ Focus Sash Ability: Technician Level: 50 Tera Type: Water - Spore - Mach Punch - Rock Slide - Bullet Seed Kingambit @ Assault Vest Ability: Defiant Level: 50 Tera Type: Flying - Kowtow Cleave - Iron Head - Sucker Punch - Tera Blast Gastrodon @ Leftovers Ability: Storm Drain Level: 50 Tera Type: Fire - Earth Power - Muddy Water - Recover - Protect <\/details><\/div>\n|j| Radio Free C-Side\n|c|\u2606TStorm|GLHF????\n|c|\u2606wadata|yes?\n|c| Radio Free C-Side|no?\n|c|\u2606wadata|lol\n|j| EdRadical\n|l| EdRadical\n|\n|t:|1681920867\n|start\n|switch|p1a: Iron Bundle|Iron Bundle, L50|100\/100\n|switch|p1b: Chien-Pao|Chien-Pao, L50|100\/100\n|switch|p2a: Talonflame|Talonflame, L50, M|100\/100\n|switch|p2b: Gallade|Gallade, L50, M|100\/100\n|-ability|p1b: Chien-Pao|Sword of Ruin\n|-enditem|p1a: Iron Bundle|Booster Energy\n|-activate|p1a: Iron Bundle|ability: Quark Drive|[fromitem]\n|-start|p1a: Iron Bundle|quarkdrivespe\n|turn|1\n|j| LukPeu\n|\n|t:|1681920902\n|-terastallize|p1a: Iron Bundle|Ghost\n|-terastallize|p2b: Gallade|Steel\n|move|p1b: Chien-Pao|Protect|p1b: Chien-Pao\n|-singleturn|p1b: Chien-Pao|Protect\n|move|p2a: Talonflame|Tailwind|p2a: Talonflame\n|-sidestart|p2: wadata|move: Tailwind\n|move|p1a: Iron Bundle|Hydro Pump|p2a: Talonflame\n|-supereffective|p2a: Talonflame\n|-damage|p2a: Talonflame|0 fnt\n|faint|p2a: Talonflame\n|move|p2b: Gallade|Sacred Sword|p1a: Iron Bundle\n|-immune|p1a: Iron Bundle\n|\n|upkeep\n|\n|t:|1681920907\n|switch|p2a: Breloom|Breloom, L50, M|100\/100\n|turn|2\n|j| They34\n|\n|t:|1681920927\n|move|p1b: Chien-Pao|Ice Shard|p2a: Breloom\n|-supereffective|p2a: Breloom\n|-damage|p2a: Breloom|16\/100\n|move|p1a: Iron Bundle|Icy Wind|p2b: Gallade|[spread] p2a,p2b\n|-supereffective|p2a: Breloom\n|-resisted|p2b: Gallade\n|-crit|p2b: Gallade\n|-damage|p2a: Breloom|0 fnt\n|-damage|p2b: Gallade|82\/100\n|-unboost|p2b: Gallade|spe|1\n|faint|p2a: Breloom\n|move|p2b: Gallade|Sacred Sword|p1b: Chien-Pao\n|-supereffective|p1b: Chien-Pao\n|-enditem|p1b: Chien-Pao|Focus Sash\n|-damage|p1b: Chien-Pao|1\/100\n|-damage|p2b: Gallade|73\/100|[from] item: Life Orb\n|\n|upkeep\n|\n|t:|1681920932\n|switch|p2a: Westopolis|Baxcalibur, L50, M|100\/100\n|turn|3\n|\n|t:|1681920942\n|move|p1a: Iron Bundle|Protect|p1a: Iron Bundle\n|-singleturn|p1a: Iron Bundle|Protect\n|move|p1b: Chien-Pao|Protect|p1b: Chien-Pao\n|-singleturn|p1b: Chien-Pao|Protect\n|move|p2a: Westopolis|Ice Shard|p1b: Chien-Pao\n|-activate|p1b: Chien-Pao|move: Protect\n|move|p2b: Gallade|Psycho Cut|p1a: Iron Bundle\n|-activate|p1a: Iron Bundle|move: Protect\n|\n|upkeep\n|turn|4\n|\n|t:|1681920962\n|move|p2a: Westopolis|Ice Shard|p1b: Chien-Pao\n|-resisted|p1b: Chien-Pao\n|-damage|p1b: Chien-Pao|0 fnt\n|faint|p1b: Chien-Pao\n|move|p1a: Iron Bundle|Hydro Pump|p2b: Gallade|[miss]\n|-miss|p1a: Iron Bundle|p2b: Gallade\n|move|p2b: Gallade|Psycho Cut|p1a: Iron Bundle\n|-damage|p1a: Iron Bundle|17\/100\n|-damage|p2b: Gallade|63\/100|[from] item: Life Orb\n|\n|-sideend|p2: wadata|move: Tailwind\n|upkeep\n|c|\u2606wadata|ghost tera off the bat was huge call\n|\n|t:|1681920980\n|switch|p1b: Chi-Yu|Chi-Yu, L50|100\/100\n|-ability|p1b: Chi-Yu|Beads of Ruin\n|turn|5\n|\n|t:|1681921000\n|move|p2b: Gallade|Protect|p2b: Gallade\n|-singleturn|p2b: Gallade|Protect\n|move|p1a: Iron Bundle|Hydro Pump|p2b: Gallade\n|-activate|p2b: Gallade|move: Protect\n|move|p1b: Chi-Yu|Heat Wave|p2a: Westopolis|[spread] p2a\n|-activate|p2b: Gallade|move: Protect\n|-damage|p2a: Westopolis|46\/100\n|-ability|p2a: Westopolis|Thermal Exchange|boost\n|-boost|p2a: Westopolis|atk|1\n|move|p2a: Westopolis|Glaive Rush|p1b: Chi-Yu\n|-damage|p1b: Chi-Yu|0 fnt\n|-singlemove|p2a: Westopolis|Glaive Rush|[silent]\n|faint|p1b: Chi-Yu\n|\n|upkeep\n|l| They34\n|\n|t:|1681921014\n|switch|p1b: Flutter Mane|Flutter Mane, L50|100\/100\n|turn|6\n|j| Tempest brute\n|\n|t:|1681921067\n|move|p2a: Westopolis|Ice Shard|p1a: Iron Bundle\n|-damage|p1a: Iron Bundle|0 fnt\n|faint|p1a: Iron Bundle\n|-end|p1a: Iron Bundle|Quark Drive|[silent]\n|move|p1b: Flutter Mane|Shadow Ball|p2b: Gallade\n|-damage|p2b: Gallade|5\/100\n|move|p2b: Gallade|Psycho Cut|p1b: Flutter Mane\n|-damage|p1b: Flutter Mane|0 fnt\n|faint|p1b: Flutter Mane\n|-end|p1b: Flutter Mane|Protosynthesis|[silent]\n|-damage|p2b: Gallade|0 fnt|[from] item: Life Orb\n|faint|p2b: Gallade\n|\n|win|wadata\n|n|\u2606TStorm|tstorm\n|n|\u2606wadata|wadata\n|n| Radio Free C-Side|radiofreecside\n|n| LukPeu|lukpeu\n|n| Tempest brute|tempestbrute\n","uploadtime":1681921068,"views":3,"p1id":"tstorm","p2id":"wadata","formatid":"gen9vgc2023regulationc","rating":0,"private":0,"password":""}