{"id":"gen9vgc2023regulationc-1855320239","p1":"SisalVT","p2":"haburasigosi","format":"[Gen 9] VGC 2023 Regulation C","log":"|j|\u2606SisalVT\n|j|\u2606haburasigosi\n|t:|1682936433\n|gametype|doubles\n|player|p1|SisalVT|blue|1660\n|player|p2|haburasigosi|169|1540\n|teamsize|p1|6\n|teamsize|p2|6\n|gen|9\n|tier|[Gen 9] VGC 2023 Regulation C\n|rated|\n|rule|Species Clause: Limit one of each Pok\u00e9mon\n|rule|Item Clause: Limit one of each item\n|clearpoke\n|poke|p1|Breloom, L50, M|\n|poke|p1|Chien-Pao, L50|\n|poke|p1|Flutter Mane, L50|\n|poke|p1|Chi-Yu, L50|\n|poke|p1|Dondozo, L50, M|\n|poke|p1|Tatsugiri-Stretchy, L50, F|\n|poke|p2|Ting-Lu, L50|\n|poke|p2|Dragonite, L50, M|\n|poke|p2|Palafin, L50, M|\n|poke|p2|Flutter Mane, L50|\n|poke|p2|Arcanine, L50, M|\n|poke|p2|Amoonguss, L50, M|\n|teampreview|4\nSisalVT has agreed to open team sheets.\n|j| AshML\n|\n|t:|1682936452\n|start\n|switch|p1a: Tattisaurus|Breloom, L50, M|100\/100\n|switch|p1b: Bottas|Flutter Mane, L50|100\/100\n|switch|p2a: Wildfire|Arcanine, L50, M|100\/100\n|switch|p2b: Ting-Lu|Ting-Lu, L50|100\/100\n|-ability|p2a: Wildfire|Intimidate|boost\n|-unboost|p1a: Tattisaurus|atk|1\n|-unboost|p1b: Bottas|atk|1\n|-ability|p2b: Ting-Lu|Vessel of Ruin\n|-enditem|p1b: Bottas|Booster Energy\n|-activate|p1b: Bottas|ability: Protosynthesis|[fromitem]\n|-start|p1b: Bottas|protosynthesisspa\n|turn|1\n|\n|t:|1682936481\n|switch|p2b: Eternal|Amoonguss, L50, M, shiny|100\/100\n|move|p1b: Bottas|Shadow Ball|p2a: Wildfire\n|-damage|p2a: Wildfire|36\/100\n|-unboost|p2a: Wildfire|spd|1\n|move|p2a: Wildfire|Flare Blitz|p1a: Tattisaurus\n|-supereffective|p1a: Tattisaurus\n|-enditem|p1a: Tattisaurus|Focus Sash\n|-damage|p1a: Tattisaurus|1\/100\n|-damage|p2a: Wildfire|12\/100|[from] Recoil\n|move|p1a: Tattisaurus|Spore|p2b: Eternal\n|-immune|p2b: Eternal\n|\n|upkeep\n|turn|2\n|\n|t:|1682936490\n|switch|p1a: Hanako|Chi-Yu, L50|100\/100\n|-ability|p1a: Hanako|Beads of Ruin\n|move|p1b: Bottas|Protect|p1b: Bottas\n|-singleturn|p1b: Bottas|Protect\n|move|p2a: Wildfire|Extreme Speed|p1a: Hanako\n|-damage|p1a: Hanako|73\/100\n|move|p2b: Eternal|Spore|p1b: Bottas\n|-activate|p1b: Bottas|move: Protect\n|\n|upkeep\n|turn|3\n|\n|t:|1682936529\n|-terastallize|p2b: Eternal|Water\n|move|p2a: Wildfire|Protect|p2a: Wildfire\n|-singleturn|p2a: Wildfire|Protect\n|move|p1b: Bottas|Shadow Ball|p2b: Eternal\n|-damage|p2b: Eternal|38\/100\n|-unboost|p2b: Eternal|spd|1\n|-enditem|p2b: Eternal|Sitrus Berry|[eat]\n|-heal|p2b: Eternal|63\/100|[from] item: Sitrus Berry\n|move|p1a: Hanako|Heat Wave|p2a: Wildfire|[spread] p2b\n|-activate|p2a: Wildfire|move: Protect\n|-resisted|p2b: Eternal\n|-damage|p2b: Eternal|36\/100\n|move|p2b: Eternal|Spore|p1b: Bottas\n|-status|p1b: Bottas|slp|[from] move: Spore\n|\n|upkeep\n|turn|4\n|\n|t:|1682936544\n|switch|p2a: Ting-Lu|Ting-Lu, L50|100\/100\n|-ability|p2a: Ting-Lu|Vessel of Ruin\n|cant|p1b: Bottas|slp\n|move|p1a: Hanako|Dark Pulse|p2b: Eternal\n|-damage|p2b: Eternal|0 fnt\n|faint|p2b: Eternal\n|\n|upkeep\n|\n|t:|1682936577\n|switch|p2b: Flutter Mane|Flutter Mane, L50|100\/100\n|turn|5\n|\n|t:|1682936589\n|move|p1a: Hanako|Protect|p1a: Hanako\n|-singleturn|p1a: Hanako|Protect\n|move|p2b: Flutter Mane|Moonblast|p1a: Hanako\n|-activate|p1a: Hanako|move: Protect\n|cant|p1b: Bottas|slp\n|move|p2a: Ting-Lu|Heavy Slam|p1b: Bottas\n|-supereffective|p1b: Bottas\n|-damage|p1b: Bottas|0 fnt\n|faint|p1b: Bottas\n|-end|p1b: Bottas|Protosynthesis|[silent]\n|\n|upkeep\n|\n|t:|1682936597\n|switch|p1b: Nivalis|Chien-Pao, L50|100\/100\n|-ability|p1b: Nivalis|Sword of Ruin\n|turn|6\n|\n|t:|1682936601\n|-end|p2b: Flutter Mane|Protosynthesis|[silent]\n|switch|p2b: Wildfire|Arcanine, L50, M|12\/100\n|-ability|p2b: Wildfire|Intimidate|boost\n|-unboost|p1a: Hanako|atk|1\n|-unboost|p1b: Nivalis|atk|1\n|-terastallize|p1a: Hanako|Grass\n|move|p1b: Nivalis|Ice Spinner|p2b: Wildfire\n|-resisted|p2b: Wildfire\n|-crit|p2b: Wildfire\n|-damage|p2b: Wildfire|0 fnt\n|faint|p2b: Wildfire\n|-damage|p1b: Nivalis|91\/100|[from] item: Life Orb\n|move|p1a: Hanako|Tera Blast|p2a: Ting-Lu\n|-supereffective|p2a: Ting-Lu\n|-damage|p2a: Ting-Lu|65\/100\n|move|p2a: Ting-Lu|Bulldoze|p1b: Nivalis|[spread] p1a,p1b\n|-resisted|p1a: Hanako\n|-damage|p1a: Hanako|59\/100\n|-damage|p1b: Nivalis|66\/100\n|-unboost|p1a: Hanako|spe|1\n|-unboost|p1b: Nivalis|spe|1\n|\n|upkeep\n|\n|t:|1682936604\n|switch|p2b: Flutter Mane|Flutter Mane, L50|100\/100\n|turn|7\n|\n|t:|1682936618\n|move|p1b: Nivalis|Protect|p1b: Nivalis\n|-singleturn|p1b: Nivalis|Protect\n|move|p2b: Flutter Mane|Dazzling Gleam|p1a: Hanako|[spread] p1a\n|-activate|p1b: Nivalis|move: Protect\n|-damage|p1a: Hanako|30\/100\n|-enditem|p1a: Hanako|Sitrus Berry|[eat]\n|-heal|p1a: Hanako|54\/100|[from] item: Sitrus Berry\n|move|p1a: Hanako|Tera Blast|p2b: Flutter Mane\n|-damage|p2b: Flutter Mane|65\/100\n|move|p2a: Ting-Lu|Heavy Slam|p1a: Hanako\n|-damage|p1a: Hanako|4\/100\n|\n|upkeep\n|turn|8\n|\n|t:|1682936629\n|move|p1b: Nivalis|Sucker Punch|p2b: Flutter Mane\n|-damage|p2b: Flutter Mane|0 fnt\n|faint|p2b: Flutter Mane\n|-end|p2b: Flutter Mane|Protosynthesis|[silent]\n|-damage|p1b: Nivalis|56\/100|[from] item: Life Orb\n|move|p1a: Hanako|Tera Blast|p2a: Ting-Lu\n|-supereffective|p2a: Ting-Lu\n|-damage|p2a: Ting-Lu|28\/100\n|move|p2a: Ting-Lu|Bulldoze|p1a: Hanako|[spread] p1a,p1b\n|-resisted|p1a: Hanako\n|-damage|p1a: Hanako|0 fnt\n|-damage|p1b: Nivalis|27\/100\n|-unboost|p1b: Nivalis|spe|1\n|faint|p1a: Hanako\n|\n|upkeep\n|\n|t:|1682936631\n|switch|p1a: Tattisaurus|Breloom, L50, M|1\/100\n|turn|9\n|\n|t:|1682936635\n|move|p1a: Tattisaurus|Mach Punch|p2a: Ting-Lu\n|-supereffective|p2a: Ting-Lu\n|-crit|p2a: Ting-Lu\n|-damage|p2a: Ting-Lu|0 fnt\n|faint|p2a: Ting-Lu\n|\n|win|SisalVT\n|raw|SisalVT's rating: 1677 → 1689<\/strong> (+12 for winning)\n|raw|haburasigosi's rating: 1540 → 1528<\/strong> (-12 for losing)\n|l|\u2606SisalVT\n","uploadtime":1682936683,"views":22,"p1id":"sisalvt","p2id":"haburasigosi","formatid":"gen9vgc2023regulationc","rating":1528,"private":0,"password":""}