{"id":"gen9vgc2023regulationc-1858607478","p1":"MasterofMetapods5","p2":"your local x-9","format":"[Gen 9] VGC 2023 Regulation C","log":"|j|\u2606MasterofMetapods5\n|j|\u2606your local x-9\n|t:|1683331497\n|gametype|doubles\n|player|p1|MasterofMetapods5|lance|\n|player|p2|your local x-9|dahlia|\n|teamsize|p1|6\n|teamsize|p2|6\n|gen|9\n|tier|[Gen 9] VGC 2023 Regulation C\n|rated|Tournament battle\n|rule|Species Clause: Limit one of each Pok\u00e9mon\n|rule|Item Clause: Limit one of each item\n|clearpoke\n|poke|p1|Amoonguss, L50, M|\n|poke|p1|Ting-Lu, L50|\n|poke|p1|Corviknight, L50, M|\n|poke|p1|Rotom-Wash, L50|\n|poke|p1|Chi-Yu, L50|\n|poke|p1|Flutter Mane, L50|\n|poke|p2|Pincurchin, L50, F|\n|poke|p2|Iron Hands, L50|\n|poke|p2|Talonflame, L50, F|\n|poke|p2|Dragonite, L50, M|\n|poke|p2|Chien-Pao, L50|\n|poke|p2|Vivillon, L50, F|\n|teampreview|4\n|j|%Bright Size\n|c|\u2606your local x-9|Glhf\nyour local x-9 has agreed to open team sheets.\n|l|%Bright Size\n|c|\u2606MasterofMetapods5|glhf\nMasterofMetapods5 has agreed to open team sheets.\n|j| WeirdPolyCouple\n|c|\u2606MasterofMetapods5|banded pincurchin heat\n|c|\u2606your local x-9|man you have no idea what this thing has done for me\n|l| WeirdPolyCouple\n|j| ale cog\n|\n|t:|1683331573\n|start\n|switch|p1a: Chi-Yu|Chi-Yu, L50|100\/100\n|switch|p1b: Corviknight|Corviknight, L50, M|100\/100\n|switch|p2a: Talonflame|Talonflame, L50, F|100\/100\n|switch|p2b: Turbo Lax|Iron Hands, L50|100\/100\n|-ability|p1a: Chi-Yu|Beads of Ruin\n|turn|1\n|j| Shrestha\n|\n|t:|1683331589\n|move|p1a: Chi-Yu|Protect|p1a: Chi-Yu\n|-singleturn|p1a: Chi-Yu|Protect\n|move|p2a: Talonflame|Tailwind|p2a: Talonflame\n|-sidestart|p2: your local x-9|move: Tailwind\n|move|p2b: Turbo Lax|Belly Drum|p2b: Turbo Lax\n|-damage|p2b: Turbo Lax|50\/100\n|-setboost|p2b: Turbo Lax|atk|6|[from] move: Belly Drum\n|-enditem|p2b: Turbo Lax|Sitrus Berry|[eat]\n|-heal|p2b: Turbo Lax|75\/100|[from] item: Sitrus Berry\n|move|p1b: Corviknight|Tailwind|p1b: Corviknight\n|-sidestart|p1: MasterofMetapods5|move: Tailwind\n|\n|upkeep\n|turn|2\n|c|\u2606your local x-9|it\u2019s time to click buttons\n|\n|t:|1683331617\n|switch|p2a: Anti Shroom|Pincurchin, L50, F|100\/100\n|-fieldstart|move: Electric Terrain|[from] ability: Electric Surge|[of] p2a: Anti Shroom\n|-activate|p2b: Turbo Lax|ability: Quark Drive\n|-start|p2b: Turbo Lax|quarkdriveatk\n|move|p1a: Chi-Yu|Overheat|p2b: Turbo Lax\n|-damage|p2b: Turbo Lax|0 fnt\n|-unboost|p1a: Chi-Yu|spa|2\n|faint|p2b: Turbo Lax\n|-end|p2b: Turbo Lax|Quark Drive|[silent]\n|move|p1b: Corviknight|Brave Bird|p2a: Anti Shroom\n|-resisted|p2a: Anti Shroom\n|-damage|p2a: Anti Shroom|71\/100\n|-damage|p1b: Corviknight|93\/100|[from] Recoil\n|\n|upkeep\n|c|\u2606MasterofMetapods5|true\n|c|\u2606your local x-9|alright\n|c|\u2606your local x-9|that was rude and you know it\n|\n|t:|1683331643\n|switch|p2b: Dragonite|Dragonite, L50, M|100\/100\n|turn|3\n|j| DLLU\n|c|\u2606your local x-9|apologize\n|c|\u2606MasterofMetapods5|my bad team\n|\n|t:|1683331663\n|switch|p1b: Ting-Lu|Ting-Lu, L50|100\/100\n|-ability|p1b: Ting-Lu|Vessel of Ruin\n|-terastallize|p2b: Dragonite|Flying\n|move|p1a: Chi-Yu|Heat Wave|p2b: Dragonite|[spread] p2a,p2b\n|-damage|p2a: Anti Shroom|44\/100\n|-damage|p2b: Dragonite|94\/100\n|-status|p2b: Dragonite|brn\n|move|p2b: Dragonite|Tera Blast|p1a: Chi-Yu\n|-crit|p1a: Chi-Yu\n|-damage|p1a: Chi-Yu|21\/100\n|move|p2a: Anti Shroom|Zing Zap|p1b: Ting-Lu\n|-immune|p1b: Ting-Lu\n|\n|-damage|p2b: Dragonite|88\/100 brn|[from] brn\n|upkeep\n|turn|4\n|c| Shrestha|chi yu is too cute to apologize\n|c|\u2606your local x-9|that burn ended the game for me\n|c|\u2606your local x-9|thats so pain inducing\n|\n|t:|1683331694\n|move|p1a: Chi-Yu|Heat Wave|p2b: Dragonite|[spread] p2a,p2b\n|-damage|p2a: Anti Shroom|17\/100\n|-damage|p2b: Dragonite|74\/100 brn\n|move|p2b: Dragonite|Low Kick|p1b: Ting-Lu\n|-supereffective|p1b: Ting-Lu\n|-damage|p1b: Ting-Lu|71\/100\n|move|p1b: Ting-Lu|Heavy Slam|p2b: Dragonite\n|-damage|p2b: Dragonite|47\/100 brn\n|move|p2a: Anti Shroom|Zing Zap|p1a: Chi-Yu\n|-damage|p1a: Chi-Yu|0 fnt\n|faint|p1a: Chi-Yu\n|\n|-heal|p1b: Ting-Lu|77\/100|[from] item: Leftovers\n|-damage|p2b: Dragonite|40\/100 brn|[from] brn\n|-sideend|p2: your local x-9|move: Tailwind\n|-sideend|p1: MasterofMetapods5|move: Tailwind\n|upkeep\n|c|\u2606MasterofMetapods5|rotom cleaned anyway\n|\n|t:|1683331710\n|switch|p1a: Rotom|Rotom-Wash, L50|100\/100\n|turn|5\n|j| Benassiesto\n|\n|t:|1683331718\n|move|p1a: Rotom|Thunderbolt|p2b: Dragonite\n|-supereffective|p2b: Dragonite\n|-damage|p2b: Dragonite|3\/100 brn\n|move|p2b: Dragonite|Low Kick|p1b: Ting-Lu\n|-supereffective|p1b: Ting-Lu\n|-damage|p1b: Ting-Lu|46\/100\n|move|p1b: Ting-Lu|Earthquake|p2b: Dragonite|[spread] p2a\n|-immune|p1a: Rotom|[from] ability: Levitate\n|-immune|p2b: Dragonite\n|-supereffective|p2a: Anti Shroom\n|-damage|p2a: Anti Shroom|0 fnt\n|faint|p2a: Anti Shroom\n|\n|-heal|p1b: Ting-Lu|52\/100|[from] item: Leftovers\n|-damage|p2b: Dragonite|0 fnt|[from] brn\n|faint|p2b: Dragonite\n|upkeep\n|c|\u2606MasterofMetapods5|gg\n|\n|t:|1683331726\n|switch|p2b: Talonflame|Talonflame, L50, F|100\/100\n|turn|6\n|c|\u2606your local x-9|ggs\n|c|\u2606your local x-9|rip Dragonite murder time\n|c| Shrestha|nd cute chi yu wins the game\n|\n|t:|1683331752\n|move|p2b: Talonflame|Brave Bird|p1b: Ting-Lu\n|-damage|p1b: Ting-Lu|30\/100\n|-damage|p2b: Talonflame|91\/100|[from] Recoil\n|move|p1a: Rotom|Thunderbolt|p2b: Talonflame\n|-supereffective|p2b: Talonflame\n|-damage|p2b: Talonflame|20\/100\n|move|p1b: Ting-Lu|Heavy Slam|p2b: Talonflame\n|-resisted|p2b: Talonflame\n|-damage|p2b: Talonflame|0 fnt\n|faint|p2b: Talonflame\n|\n|win|MasterofMetapods5\n|n|\u2606MasterofMetapods5|masterofmetapods5\n|n|\u2606your local x-9|yourlocalx9\n|n| ale cog|alecog\n|n| Shrestha|shrestha\n|n| DLLU|dllu\n|n| Benassiesto|benassiesto\n","uploadtime":1683331753,"views":4,"p1id":"masterofmetapods5","p2id":"yourlocalx9","formatid":"gen9vgc2023regulationc","rating":0,"private":0,"password":""}