{"id":"gen9vgc2023regulationc-1860101989","p1":"buggo69420","p2":"31Turbina","format":"[Gen 9] VGC 2023 Regulation C","log":"|j|\u2606buggo69420\n|j|\u260631Turbina\n|t:|1683595398\n|gametype|doubles\n|player|p1|buggo69420|2|1359\n|player|p2|31Turbina|ingo|1330\n|teamsize|p1|6\n|teamsize|p2|6\n|gen|9\n|tier|[Gen 9] VGC 2023 Regulation C\n|rated|\n|rule|Species Clause: Limit one of each Pok\u00e9mon\n|rule|Item Clause: Limit one of each item\n|clearpoke\n|poke|p1|Chien-Pao, L50|\n|poke|p1|Talonflame, L50, M|\n|poke|p1|Iron Bundle, L50|\n|poke|p1|Garchomp, L50, M|\n|poke|p1|Slither Wing, L50|\n|poke|p1|Flutter Mane, L50|\n|poke|p2|Glimmora, L50, M|\n|poke|p2|Garganacl, L50, F|\n|poke|p2|Wo-Chien, L50|\n|poke|p2|Flutter Mane, L50|\n|poke|p2|Iron Bundle, L50|\n|poke|p2|Annihilape, L50, F|\n|teampreview|4\n|inactive|Battle timer is ON: inactive players will automatically lose when time's up. (requested by 31Turbina)\n|\n|t:|1683595426\n|start\n|switch|p1a: Iron Bundle|Iron Bundle, L50|100\/100\n|switch|p1b: Slither Wing|Slither Wing, L50|100\/100\n|switch|p2a: Glimmora|Glimmora, L50, M|100\/100\n|switch|p2b: Garganacl|Garganacl, L50, F|100\/100\n|-enditem|p1a: Iron Bundle|Booster Energy\n|-activate|p1a: Iron Bundle|ability: Quark Drive|[fromitem]\n|-start|p1a: Iron Bundle|quarkdrivespe\n|turn|1\n|inactive|buggo69420 has 30 seconds left.\n|inactive|31Turbina has 30 seconds left.\n|inactive|buggo69420 has 20 seconds left.\n|inactive|buggo69420 has 15 seconds left.\n|inactive|buggo69420 has 10 seconds left.\n|\n|t:|1683595476\n|-terastallize|p2b: Garganacl|Flying\n|move|p1a: Iron Bundle|Protect|p1a: Iron Bundle\n|-singleturn|p1a: Iron Bundle|Protect\n|move|p1b: Slither Wing|Close Combat|p2a: Glimmora\n|-damage|p2a: Glimmora|23\/100\n|-unboost|p1b: Slither Wing|def|1\n|-unboost|p1b: Slither Wing|spd|1\n|-activate|p2a: Glimmora|ability: Toxic Debris\n|-sidestart|p1: buggo69420|move: Toxic Spikes\n|move|p2a: Glimmora|Power Gem|p1b: Slither Wing\n|-damage|p1b: Slither Wing|58\/100\n|move|p2b: Garganacl|Salt Cure|p1a: Iron Bundle\n|-activate|p1a: Iron Bundle|move: Protect\n|\n|upkeep\n|turn|2\n|inactive|buggo69420 has 30 seconds left.\n|inactive|buggo69420 has 20 seconds left.\n|inactive|buggo69420 has 15 seconds left.\n|inactive|buggo69420 has 10 seconds left.\n|\n|t:|1683595522\n|move|p1a: Iron Bundle|Freeze-Dry|p2b: Garganacl\n|-supereffective|p2b: Garganacl\n|-damage|p2b: Garganacl|57\/100\n|move|p1b: Slither Wing|Close Combat|p2a: Glimmora\n|-damage|p2a: Glimmora|0 fnt\n|-unboost|p1b: Slither Wing|def|1\n|-unboost|p1b: Slither Wing|spd|1\n|-activate|p2a: Glimmora|ability: Toxic Debris\n|-sidestart|p1: buggo69420|move: Toxic Spikes\n|faint|p2a: Glimmora\n|move|p2b: Garganacl|Salt Cure|p1a: Iron Bundle\n|-supereffective|p1a: Iron Bundle\n|-damage|p1a: Iron Bundle|69\/100\n|-start|p1a: Iron Bundle|Salt Cure\n|\n|-heal|p2b: Garganacl|63\/100|[from] item: Leftovers\n|-damage|p1a: Iron Bundle|44\/100|[from] Salt Cure\n|upkeep\n|\n|t:|1683595544\n|switch|p2a: Iron Bundle|Iron Bundle, L50|100\/100\n|turn|3\n|\n|t:|1683595555\n|-end|p1b: Slither Wing|Protosynthesis|[silent]\n|switch|p1b: Talonflame|Talonflame, L50, M|100\/100\n|-terastallize|p1a: Iron Bundle|Ice\n|move|p1a: Iron Bundle|Protect|p1a: Iron Bundle\n|-singleturn|p1a: Iron Bundle|Protect\n|move|p2a: Iron Bundle|Protect|p2a: Iron Bundle\n|-singleturn|p2a: Iron Bundle|Protect\n|move|p2b: Garganacl|Protect||[still]\n|-fail|p2b: Garganacl\n|\n|-heal|p2b: Garganacl|69\/100|[from] item: Leftovers\n|-damage|p1a: Iron Bundle|32\/100|[from] Salt Cure\n|upkeep\n|turn|4\n|inactive|31Turbina has 30 seconds left.\n|\n|t:|1683595586\n|move|p1b: Talonflame|Tailwind|p1b: Talonflame\n|-sidestart|p1: buggo69420|move: Tailwind\n|move|p1a: Iron Bundle|Freeze-Dry|p2b: Garganacl\n|-supereffective|p2b: Garganacl\n|-damage|p2b: Garganacl|11\/100\n|move|p2a: Iron Bundle|Hydro Pump|p1b: Talonflame|[miss]\n|-miss|p2a: Iron Bundle|p1b: Talonflame\n|move|p2b: Garganacl|Salt Cure|p1b: Talonflame\n|-supereffective|p1b: Talonflame\n|-damage|p1b: Talonflame|33\/100\n|-start|p1b: Talonflame|Salt Cure\n|\n|-heal|p2b: Garganacl|16\/100|[from] item: Leftovers\n|-damage|p1a: Iron Bundle|19\/100|[from] Salt Cure\n|-damage|p1b: Talonflame|21\/100|[from] Salt Cure\n|upkeep\n|turn|5\n|inactive|buggo69420 has 30 seconds left.\n|\n|t:|1683595620\n|-end|p1a: Iron Bundle|Quark Drive|[silent]\n|switch|p1a: Slither Wing|Slither Wing, L50|58\/100\n|-status|p1a: Slither Wing|tox\n|switch|p1b: Flutter Mane|Flutter Mane, L50|100\/100\n|-status|p1b: Flutter Mane|tox\n|move|p2a: Iron Bundle|Protect|p2a: Iron Bundle\n|-singleturn|p2a: Iron Bundle|Protect\n|move|p2b: Garganacl|Protect||[still]\n|-fail|p2b: Garganacl\n|\n|-heal|p2b: Garganacl|22\/100|[from] item: Leftovers\n|-damage|p1b: Flutter Mane|95\/100 tox|[from] psn\n|-damage|p1a: Slither Wing|52\/100 tox|[from] psn\n|upkeep\n|turn|6\n|\n|t:|1683595641\n|move|p1a: Slither Wing|First Impression|p2a: Iron Bundle\n|-damage|p2a: Iron Bundle|36\/100\n|move|p1b: Flutter Mane|Dazzling Gleam|p2a: Iron Bundle|[spread] p2a,p2b\n|-damage|p2a: Iron Bundle|0 fnt\n|-damage|p2b: Garganacl|0 fnt\n|faint|p2a: Iron Bundle\n|-end|p2a: Iron Bundle|Quark Drive|[silent]\n|faint|p2b: Garganacl\n|\n|-damage|p1b: Flutter Mane|83\/100 tox|[from] psn\n|-damage|p1a: Slither Wing|40\/100 tox|[from] psn\n|upkeep\n|\n|t:|1683595655\n|switch|p2b: Flutter Mane|Flutter Mane, L50|100\/100\n|-enditem|p2b: Flutter Mane|Booster Energy\n|-activate|p2b: Flutter Mane|ability: Protosynthesis|[fromitem]\n|-start|p2b: Flutter Mane|protosynthesisspe\n|turn|7\n|c|\u2606buggo69420|wait was that av garg with protect\n|inactive|buggo69420 has 30 seconds left.\n|\n|t:|1683595684\n|move|p2b: Flutter Mane|Protect|p2b: Flutter Mane\n|-singleturn|p2b: Flutter Mane|Protect\n|move|p1b: Flutter Mane|Dazzling Gleam|p2b: Flutter Mane\n|-activate|p2b: Flutter Mane|move: Protect\n|move|p1a: Slither Wing|Flare Blitz|p2b: Flutter Mane\n|-activate|p2b: Flutter Mane|move: Protect\n|\n|-damage|p1b: Flutter Mane|66\/100 tox|[from] psn\n|-damage|p1a: Slither Wing|22\/100 tox|[from] psn\n|-sideend|p1: buggo69420|move: Tailwind\n|upkeep\n|turn|8\n|\n|t:|1683595697\n|-end|p1a: Slither Wing|Protosynthesis|[silent]\n|switch|p1a: Iron Bundle|Iron Bundle, L50, tera:Ice|19\/100\n|-status|p1a: Iron Bundle|tox\n|move|p2b: Flutter Mane|Shadow Ball|p1b: Flutter Mane\n|-supereffective|p1b: Flutter Mane\n|-damage|p1b: Flutter Mane|0 fnt\n|faint|p1b: Flutter Mane\n|-end|p1b: Flutter Mane|Protosynthesis|[silent]\n|\n|-damage|p1a: Iron Bundle|13\/100 tox|[from] psn\n|upkeep\n|\n|t:|1683595707\n|switch|p1b: Talonflame|Talonflame, L50, M|21\/100\n|turn|9\n|\n|t:|1683595720\n|move|p2b: Flutter Mane|Protect|p2b: Flutter Mane\n|-singleturn|p2b: Flutter Mane|Protect\n|move|p1a: Iron Bundle|Freeze-Dry|p2b: Flutter Mane\n|-activate|p2b: Flutter Mane|move: Protect\n|move|p1b: Talonflame|Tailwind|p1b: Talonflame\n|-sidestart|p1: buggo69420|move: Tailwind\n|\n|-damage|p1a: Iron Bundle|1\/100 tox|[from] psn\n|upkeep\n|turn|10\n|\n|t:|1683595737\n|move|p1a: Iron Bundle|Icy Wind|p2b: Flutter Mane\n|-damage|p2b: Flutter Mane|60\/100\n|-unboost|p2b: Flutter Mane|spe|1\n|move|p1b: Talonflame|Taunt|p2b: Flutter Mane\n|-start|p2b: Flutter Mane|move: Taunt\n|move|p2b: Flutter Mane|Dazzling Gleam|p1a: Iron Bundle|[spread] p1a,p1b\n|-resisted|p1b: Talonflame\n|-crit|p1b: Talonflame\n|-damage|p1a: Iron Bundle|0 fnt\n|-damage|p1b: Talonflame|0 fnt\n|faint|p1a: Iron Bundle\n|-end|p1a: Iron Bundle|Quark Drive|[silent]\n|faint|p1b: Talonflame\n|\n|upkeep\n|\n|t:|1683595751\n|switch|p1a: Slither Wing|Slither Wing, L50|22\/100 tox\n|turn|11\n|\n|t:|1683595760\n|move|p1a: Slither Wing|Flare Blitz|p2b: Flutter Mane\n|-damage|p2b: Flutter Mane|0 fnt\n|faint|p2b: Flutter Mane\n|-end|p2b: Flutter Mane|Protosynthesis|[silent]\n|-damage|p1a: Slither Wing|7\/100 tox|[from] Recoil\n|\n|win|buggo69420\n|raw|buggo69420's rating: 1359 → 1377<\/strong> (+18 for winning)\n|raw|31Turbina's rating: 1330 → 1312<\/strong> (-18 for losing)\n|l|\u260631Turbina\n","uploadtime":1683595790,"views":12,"p1id":"buggo69420","p2id":"31turbina","formatid":"gen9vgc2023regulationc","rating":1312,"private":0,"password":""}