{"id":"gen9vgc2023regulationc-1848519317","p1":"Ricardo Randorez","p2":"Jflow21","format":"[Gen 9] VGC 2023 Regulation C","log":"|j|\u2606Ricardo Randorez\n|j|\u2606Jflow21\n|t:|1682086592\n|gametype|doubles\n|player|p1|Ricardo Randorez|102|1122\n|player|p2|Jflow21|bruno|1163\n|teamsize|p1|6\n|teamsize|p2|6\n|gen|9\n|tier|[Gen 9] VGC 2023 Regulation C\n|rated|\n|rule|Species Clause: Limit one of each Pok\u00e9mon\n|rule|Item Clause: Limit one of each item\n|clearpoke\n|poke|p1|Pachirisu, L50, F|\n|poke|p1|Gholdengo, L50|\n|poke|p1|Azumarill, L50, M|\n|poke|p1|Chien-Pao, L50|\n|poke|p1|Dragonite, L50, F|\n|poke|p1|Brute Bonnet, L50|\n|poke|p2|Skeledirge, L50, M|\n|poke|p2|Murkrow, L50, F|\n|poke|p2|Great Tusk, L50|\n|poke|p2|Dragonite, L50, M|\n|poke|p2|Gyarados, L50, M|\n|poke|p2|Ting-Lu, L50|\n|teampreview|4\nJflow21 rejected open team sheets.\n|j| gamin'extreme\n|l| gamin'extreme\n|inactive|Battle timer is ON: inactive players will automatically lose when time's up. (requested by Ricardo Randorez)\n|\n|t:|1682086635\n|start\n|switch|p1a: Dragonite|Dragonite, L50, F|100\/100\n|switch|p1b: Brute Bonnet|Brute Bonnet, L50|100\/100\n|switch|p2a: Skeledirge|Skeledirge, L50, M, shiny|100\/100\n|switch|p2b: Murkrow|Murkrow, L50, F, shiny|100\/100\n|turn|1\n|\n|t:|1682086655\n|-end|p1b: Brute Bonnet|Protosynthesis|[silent]\n|switch|p1b: Azumarill|Azumarill, L50, M|100\/100\n|-terastallize|p2a: Skeledirge|Grass\n|move|p2b: Murkrow|Sunny Day|p2b: Murkrow\n|-weather|SunnyDay\n|move|p1a: Dragonite|Tailwind|p1a: Dragonite\n|-sidestart|p1: Ricardo Randorez|move: Tailwind\n|move|p2a: Skeledirge|Torch Song|p1b: Azumarill\n|-resisted|p1b: Azumarill\n|-damage|p1b: Azumarill|80\/100\n|-boost|p2a: Skeledirge|spa|1\n|\n|-weather|SunnyDay|[upkeep]\n|upkeep\n|turn|2\n|inactive|Ricardo Randorez has 30 seconds left.\n|inactive|Ricardo Randorez has 20 seconds left.\n|inactive|Ricardo Randorez has 15 seconds left.\n|\n|t:|1682086697\n|-terastallize|p1a: Dragonite|Normal\n|move|p1a: Dragonite|Extreme Speed|p2a: Skeledirge\n|-damage|p2a: Skeledirge|51\/100\n|-damage|p1a: Dragonite|91\/100|[from] item: Life Orb\n|move|p2b: Murkrow|Tailwind|p2b: Murkrow\n|-sidestart|p2: Jflow21|move: Tailwind\n|move|p2a: Skeledirge|Solar Beam||[still]\n|-prepare|p2a: Skeledirge|Solar Beam\n|-anim|p2a: Skeledirge|Solar Beam|p1b: Azumarill\n|-supereffective|p1b: Azumarill\n|-damage|p1b: Azumarill|0 fnt\n|faint|p1b: Azumarill\n|\n|-weather|SunnyDay|[upkeep]\n|upkeep\n|c|\u2606Jflow21|was brute spore?\n|\n|t:|1682086712\n|switch|p1b: Chien-Pao|Chien-Pao, L50|100\/100\n|-ability|p1b: Chien-Pao|Sword of Ruin\n|turn|3\n|\n|t:|1682086734\n|switch|p2a: Gyarados|Gyarados, L50, M|100\/100\n|-ability|p2a: Gyarados|Intimidate|boost\n|-fail|p1a: Dragonite|unboost|Attack|[from] ability: Inner Focus|[of] p1a: Dragonite\n|-unboost|p1b: Chien-Pao|atk|1\n|move|p1a: Dragonite|Extreme Speed|p2b: Murkrow\n|-crit|p2b: Murkrow\n|-enditem|p2b: Murkrow|Focus Sash\n|-damage|p2b: Murkrow|1\/100\n|-damage|p1a: Dragonite|81\/100|[from] item: Life Orb\n|move|p1b: Chien-Pao|Ice Spinner|p2a: Gyarados\n|-damage|p2a: Gyarados|61\/100\n|move|p2b: Murkrow|Foul Play|p1a: Dragonite\n|-damage|p1a: Dragonite|11\/100\n|\n|-weather|SunnyDay|[upkeep]\n|upkeep\n|turn|4\n|inactive|Ricardo Randorez has 30 seconds left.\n|inactive|Jflow21 has 30 seconds left.\n|\n|t:|1682086766\n|switch|p1b: Brute Bonnet|Brute Bonnet, L50|100\/100\n|-activate|p1b: Brute Bonnet|ability: Protosynthesis\n|-start|p1b: Brute Bonnet|protosynthesisatk\n|move|p2a: Gyarados|Protect|p2a: Gyarados\n|-singleturn|p2a: Gyarados|Protect\n|move|p1a: Dragonite|Extreme Speed|p2b: Murkrow\n|-damage|p2b: Murkrow|0 fnt\n|faint|p2b: Murkrow\n|-damage|p1a: Dragonite|1\/100|[from] item: Life Orb\n|\n|-weather|SunnyDay|[upkeep]\n|-sideend|p1: Ricardo Randorez|move: Tailwind\n|upkeep\n|\n|t:|1682086784\n|switch|p2b: Skeledirge|Skeledirge, L50, M, shiny, tera:Grass|51\/100\n|turn|5\n|\n|t:|1682086803\n|move|p1a: Dragonite|Extreme Speed|p2a: Gyarados\n|-damage|p2a: Gyarados|0 fnt\n|faint|p2a: Gyarados\n|-damage|p1a: Dragonite|0 fnt|[from] item: Life Orb\n|faint|p1a: Dragonite\n|move|p1b: Brute Bonnet|Sucker Punch|p2b: Skeledirge\n|-damage|p2b: Skeledirge|8\/100\n|move|p2b: Skeledirge|Torch Song|p1b: Brute Bonnet\n|-supereffective|p1b: Brute Bonnet\n|-damage|p1b: Brute Bonnet|0 fnt\n|-boost|p2b: Skeledirge|spa|1\n|faint|p1b: Brute Bonnet\n|-end|p1b: Brute Bonnet|Protosynthesis|[silent]\n|\n|-weather|none\n|-sideend|p2: Jflow21|move: Tailwind\n|upkeep\n|\n|t:|1682086820\n|switch|p1a: Chien-Pao|Chien-Pao, L50|100\/100\n|switch|p2a: Great Tusk|Great Tusk, L50, shiny|100\/100\n|-ability|p1a: Chien-Pao|Sword of Ruin\n|turn|6\n|\n|t:|1682086835\n|move|p1a: Chien-Pao|Protect|p1a: Chien-Pao\n|-singleturn|p1a: Chien-Pao|Protect\n|move|p2a: Great Tusk|Close Combat|p1a: Chien-Pao\n|-activate|p1a: Chien-Pao|move: Protect\n|move|p2b: Skeledirge|Torch Song|p1a: Chien-Pao\n|-activate|p1a: Chien-Pao|move: Protect\n|\n|upkeep\n|turn|7\n|\n|t:|1682086849\n|move|p1a: Chien-Pao|Ice Spinner|p2b: Skeledirge\n|-supereffective|p2b: Skeledirge\n|-damage|p2b: Skeledirge|0 fnt\n|faint|p2b: Skeledirge\n|move|p2a: Great Tusk|Close Combat|p1a: Chien-Pao\n|-supereffective|p1a: Chien-Pao\n|-enditem|p1a: Chien-Pao|Focus Sash\n|-damage|p1a: Chien-Pao|1\/100\n|-unboost|p2a: Great Tusk|def|1\n|-unboost|p2a: Great Tusk|spd|1\n|\n|upkeep\n|turn|8\n|c|\u2606Jflow21|gg\n|\n|t:|1682086860\n|move|p1a: Chien-Pao|Ice Spinner|p2a: Great Tusk\n|-supereffective|p2a: Great Tusk\n|-damage|p2a: Great Tusk|0 fnt\n|faint|p2a: Great Tusk\n|-end|p2a: Great Tusk|Protosynthesis|[silent]\n|\n|win|Ricardo Randorez\n|raw|Ricardo Randorez's rating: 1122 → 1150<\/strong> (+28 for winning)\n|raw|Jflow21's rating: 1163 → 1135<\/strong> (-28 for losing)\n","uploadtime":1682086866,"views":6,"p1id":"ricardorandorez","p2id":"jflow21","formatid":"gen9vgc2023regulationc","rating":1135,"private":0,"password":""}