{"id":"gen9vgc2023regulationc-1860896048","p1":"Astonished_25","p2":"pokesportspodcast","format":"[Gen 9] VGC 2023 Regulation C","log":"|j|\u2606Astonished_25\n|j|\u203dpokesportspodcast\n|t:|1683692024\n|gametype|doubles\n|player|p1|Astonished_25|tate|1504\n|player|p2|pokesportspodcast|cheren-gen5bw2|1557\n|teamsize|p1|6\n|teamsize|p2|6\n|gen|9\n|tier|[Gen 9] VGC 2023 Regulation C\n|rated|\n|rule|Species Clause: Limit one of each Pok\u00e9mon\n|rule|Item Clause: Limit one of each item\n|clearpoke\n|poke|p1|Ting-Lu, L50|\n|poke|p1|Grimmsnarl, L50, M|\n|poke|p1|Iron Bundle, L50|\n|poke|p1|Annihilape, L50, F|\n|poke|p1|Arcanine, L50, M|\n|poke|p1|Maushold, L50|\n|poke|p2|Oranguru, L50, F|\n|poke|p2|Torkoal, L50, M|\n|poke|p2|Dragonite, L50, F|\n|poke|p2|Lilligant, L50, F|\n|poke|p2|Flutter Mane, L50|\n|poke|p2|Iron Hands, L50|\n|teampreview|4\n|inactive|Battle timer is ON: inactive players will automatically lose when time's up. (requested by pokesportspodcast)\npokesportspodcast has agreed to open team sheets.\nAstonished_25 has agreed to open team sheets.\n|inactive|Astonished_25 has 60 seconds left.\n|inactive|Astonished_25 has 30 seconds left.\n|inactive|Astonished_25 has 20 seconds left.\n|\n|t:|1683692097\n|start\n|switch|p1a: Arcanine|Arcanine, L50, M|100\/100\n|switch|p1b: Grimmsnarl|Grimmsnarl, L50, M|100\/100\n|switch|p2a: Iron Hands|Iron Hands, L50|100\/100\n|switch|p2b: Oranguru|Oranguru, L50, F|100\/100\n|-ability|p1a: Arcanine|Intimidate|boost\n|-unboost|p2a: Iron Hands|atk|1\n|-fail|p2b: Oranguru|unboost|Attack|[from] ability: Inner Focus|[of] p2b: Oranguru\n|turn|1\n|c|\u2606Astonished_25|gl hf\n|inactive|pokesportspodcast has 30 seconds left.\n|\n|t:|1683692123\n|switch|p1b: Ting-Lu|Ting-Lu, L50|100\/100\n|-ability|p1b: Ting-Lu|Vessel of Ruin\n|-terastallize|p2a: Iron Hands|Steel\n|move|p1a: Arcanine|Howl|p1a: Arcanine|[spread] p1a,p1b\n|-boost|p1a: Arcanine|atk|1\n|-boost|p1b: Ting-Lu|atk|1\n|move|p2a: Iron Hands|Heavy Slam|p1b: Ting-Lu\n|-damage|p1b: Ting-Lu|91\/100\n|move|p2b: Oranguru|Trick Room|p2b: Oranguru\n|-fieldstart|move: Trick Room|[of] p2b: Oranguru\n|\n|upkeep\n|turn|2\n|j| futonkagebunshin\n|inactive|Astonished_25 has 30 seconds left.\n|inactive|Astonished_25 has 20 seconds left.\n|inactive|Astonished_25 has 15 seconds left.\n|inactive|Astonished_25 has 10 seconds left.\n|\n|t:|1683692170\n|-terastallize|p1b: Ting-Lu|Poison\n|move|p2a: Iron Hands|Close Combat|p1b: Ting-Lu\n|-resisted|p1b: Ting-Lu\n|-damage|p1b: Ting-Lu|76\/100\n|-unboost|p2a: Iron Hands|def|1\n|-unboost|p2a: Iron Hands|spd|1\n|move|p1b: Ting-Lu|Stomping Tantrum|p2a: Iron Hands\n|-supereffective|p2a: Iron Hands\n|-damage|p2a: Iron Hands|0 fnt\n|faint|p2a: Iron Hands\n|-end|p2a: Iron Hands|Quark Drive|[silent]\n|move|p2b: Oranguru|Instruct|p2: Iron Hands|[notarget]\n|-fail|p2b: Oranguru\n|move|p1a: Arcanine|Flare Blitz|p2b: Oranguru\n|-damage|p2b: Oranguru|1\/100\n|-damage|p1a: Arcanine|64\/100|[from] Recoil\n|-damage|p1a: Arcanine|55\/100|[from] item: Life Orb\n|\n|upkeep\n|\n|t:|1683692177\n|switch|p2a: Torkoal|Torkoal, L50, M|100\/100\n|-weather|SunnyDay|[from] ability: Drought|[of] p2a: Torkoal\n|turn|3\n|\n|t:|1683692191\n|move|p2a: Torkoal|Eruption|p1a: Arcanine|[spread] p1a,p1b\n|-resisted|p1a: Arcanine\n|-damage|p1a: Arcanine|19\/100\n|-damage|p1b: Ting-Lu|51\/100\n|move|p1b: Ting-Lu|Stomping Tantrum|p2a: Torkoal\n|-supereffective|p2a: Torkoal\n|-damage|p2a: Torkoal|19\/100\n|move|p2b: Oranguru|Instruct|p2a: Torkoal\n|-singleturn|p2a: Torkoal|move: Instruct|[of] p2b: Oranguru\n|move|p2a: Torkoal|Eruption|p1a: Arcanine|[spread] p1a,p1b\n|-resisted|p1a: Arcanine\n|-crit|p1b: Ting-Lu\n|-damage|p1a: Arcanine|12\/100\n|-damage|p1b: Ting-Lu|43\/100\n|move|p1a: Arcanine|Flare Blitz|p2b: Oranguru\n|-damage|p2b: Oranguru|0 fnt\n|faint|p2b: Oranguru\n|-damage|p1a: Arcanine|12\/100|[from] Recoil\n|-damage|p1a: Arcanine|2\/100|[from] item: Life Orb\n|\n|-weather|SunnyDay|[upkeep]\n|upkeep\n|\n|t:|1683692198\n|switch|p2b: Flutter Mane|Flutter Mane, L50|100\/100\n|-activate|p2b: Flutter Mane|ability: Protosynthesis\n|-start|p2b: Flutter Mane|protosynthesisspa\n|turn|4\n|\n|t:|1683692208\n|move|p1a: Arcanine|Protect|p1a: Arcanine\n|-singleturn|p1a: Arcanine|Protect\n|move|p2b: Flutter Mane|Protect|p2b: Flutter Mane\n|-singleturn|p2b: Flutter Mane|Protect\n|move|p2a: Torkoal|Heat Wave|p1b: Ting-Lu|[spread] p1b\n|-activate|p1a: Arcanine|move: Protect\n|-damage|p1b: Ting-Lu|25\/100\n|move|p1b: Ting-Lu|Stomping Tantrum|p2a: Torkoal\n|-supereffective|p2a: Torkoal\n|-damage|p2a: Torkoal|0 fnt\n|faint|p2a: Torkoal\n|\n|-weather|SunnyDay|[upkeep]\n|upkeep\n|turn|5\n|c|\u2606Astonished_25|gg\n|\n|t:|1683692223\n|move|p1b: Ting-Lu|Heavy Slam|p2b: Flutter Mane\n|-supereffective|p2b: Flutter Mane\n|-damage|p2b: Flutter Mane|0 fnt\n|faint|p2b: Flutter Mane\n|-end|p2b: Flutter Mane|Protosynthesis|[silent]\n|\n|win|Astonished_25\n|raw|Astonished_25's rating: 1504 → 1527<\/strong> (+23 for winning)\n|raw|pokesportspodcast's rating: 1557 → 1534<\/strong> (-23 for losing)\n|l|\u203dpokesportspodcast\n","uploadtime":1683692228,"views":18,"p1id":"astonished25","p2id":"pokesportspodcast","formatid":"gen9vgc2023regulationc","rating":1527,"private":0,"password":""}