{"id":"gen9vgc2023regulationc-1847124301","p1":"Dabahad","p2":"Ytterby","format":"[Gen 9] VGC 2023 Regulation C","log":"|j|\u2606Dabahad\n|j|\u2606Ytterby\n|t:|1681921079\n|gametype|doubles\n|player|p1|Dabahad|266|1279\n|player|p2|Ytterby|brycenman|1303\n|teamsize|p1|6\n|teamsize|p2|6\n|gen|9\n|tier|[Gen 9] VGC 2023 Regulation C\n|rated|\n|rule|Species Clause: Limit one of each Pok\u00e9mon\n|rule|Item Clause: Limit one of each item\n|clearpoke\n|poke|p1|Breloom, L50, F|\n|poke|p1|Talonflame, L50, M|\n|poke|p1|Flutter Mane, L50|\n|poke|p1|Iron Hands, L50|\n|poke|p1|Kingambit, L50, F|\n|poke|p1|Palafin, L50, M|\n|poke|p2|Annihilape, L50, M|\n|poke|p2|Maushold, L50|\n|poke|p2|Indeedee-F, L50, F|\n|poke|p2|Iron Hands, L50|\n|poke|p2|Rotom-Heat, L50|\n|poke|p2|Iron Bundle, L50|\n|teampreview|4\n|\n|t:|1681921122\n|start\n|switch|p1a: Palafin|Palafin, L50, M|100\/100\n|switch|p1b: Iron Hands|Iron Hands, L50|100\/100\n|switch|p2a: Indeedee|Indeedee-F, L50, F|100\/100\n|switch|p2b: Iron Hands|Iron Hands, L50|100\/100\n|-fieldstart|move: Psychic Terrain|[from] ability: Psychic Surge|[of] p2a: Indeedee\n|-enditem|p2b: Iron Hands|Psychic Seed\n|-boost|p2b: Iron Hands|spd|1|[from] item: Psychic Seed\n|turn|1\n|inactive|Battle timer is ON: inactive players will automatically lose when time's up. (requested by Dabahad)\n|l|\u2606Dabahad\n|inactive|Dabahad disconnected and has a minute to reconnect!\n|player|p1|\n|j|\u2606Dabahad\n|inactive|Dabahad reconnected and has 75 seconds left.\n|player|p1|Dabahad|266\n|inactive|Dabahad has 60 seconds left.\n|\n|t:|1681921156\n|move|p1b: Iron Hands|Fake Out|p2b: Iron Hands\n|-activate|p2b: Iron Hands|move: Psychic Terrain\n|move|p1a: Palafin|Flip Turn|p2a: Indeedee\n|-damage|p2a: Indeedee|70\/100\n|-enditem|p2a: Indeedee|Eject Button\n|\n|t:|1681921171\n|switch|p2a: Rotom|Rotom-Heat, L50|100\/100\n|move|p2b: Iron Hands|Swords Dance|p2b: Iron Hands\n|-boost|p2b: Iron Hands|atk|2\n|\n|upkeep\n|turn|2\n|inactive|Dabahad has 30 seconds left.\n|\n|t:|1681921203\n|move|p1a: Palafin|Flip Turn|p2a: Rotom\n|-supereffective|p2a: Rotom\n|-damage|p2a: Rotom|38\/100\n|\n|t:|1681921209\n|detailschange|p1a: Palafin|Palafin-Hero, L50, M\n|switch|p1a: Flutter Mane|Flutter Mane, L50|100\/100|[from] Flip Turn\n|move|p2a: Rotom|Will-O-Wisp|p1b: Iron Hands\n|-status|p1b: Iron Hands|brn\n|move|p2b: Iron Hands|Earthquake|p1a: Flutter Mane|[spread] p1a,p1b\n|-immune|p2a: Rotom|[from] ability: Levitate\n|-supereffective|p1b: Iron Hands\n|-crit|p1b: Iron Hands\n|-damage|p1a: Flutter Mane|0 fnt\n|-damage|p1b: Iron Hands|0 fnt\n|faint|p1a: Flutter Mane\n|-end|p1a: Flutter Mane|Protosynthesis|[silent]\n|faint|p1b: Iron Hands\n|-end|p1b: Iron Hands|Quark Drive|[silent]\n|\n|upkeep\n|\n|t:|1681921224\n|switch|p1a: Palafin|Palafin-Hero, L50, M|100\/100\n|switch|p1b: Kingambit|Kingambit, L50, F|100\/100\n|-activate|p1a: Palafin|ability: Zero to Hero\n|-activate|p1b: Kingambit|ability: Supreme Overlord\n|-start|p1b: Kingambit|fallen2|[silent]\n|turn|3\n|inactive|Ytterby has 30 seconds left.\n|inactive|Ytterby has 20 seconds left.\n|inactive|Ytterby has 15 seconds left.\n|inactive|Ytterby has 10 seconds left.\n|inactive|Ytterby has 5 seconds left.\n|\n|t:|1681921276\n|switch|p2a: Indeedee|Indeedee-F, L50, F|70\/100\n|-terastallize|p1b: Kingambit|Flying\n|move|p1a: Palafin|Drain Punch|p2a: Indeedee\n|-damage|p2a: Indeedee|27\/100\n|move|p2b: Iron Hands|Earthquake|p1b: Kingambit|[spread] p2a,p1a\n|-immune|p1b: Kingambit\n|-damage|p2a: Indeedee|0 fnt\n|-damage|p1a: Palafin|35\/100\n|faint|p2a: Indeedee\n|move|p1b: Kingambit|Tera Blast|p2b: Iron Hands\n|-damage|p2b: Iron Hands|63\/100\n|\n|upkeep\n|\n|t:|1681921292\n|switch|p2a: Iron Bundle|Iron Bundle, L50|100\/100\n|turn|4\n|\n|t:|1681921314\n|move|p2a: Iron Bundle|Protect|p2a: Iron Bundle\n|-singleturn|p2a: Iron Bundle|Protect\n|move|p1a: Palafin|Drain Punch|p2a: Iron Bundle\n|-activate|p2a: Iron Bundle|move: Protect\n|move|p1b: Kingambit|Tera Blast|p2b: Iron Hands\n|-damage|p2b: Iron Hands|22\/100\n|move|p2b: Iron Hands|Wild Charge|p1b: Kingambit\n|-supereffective|p1b: Kingambit\n|-damage|p1b: Kingambit|0 fnt\n|faint|p1b: Kingambit\n|-end|p1b: Kingambit|fallen2|[silent]\n|-damage|p2b: Iron Hands|0 fnt|[from] Recoil\n|faint|p2b: Iron Hands\n|-end|p2b: Iron Hands|Quark Drive|[silent]\n|\n|upkeep\n|\n|t:|1681921327\n|switch|p2b: Rotom|Rotom-Heat, L50|38\/100\n|turn|5\n|\n|t:|1681921337\n|move|p2a: Iron Bundle|Freeze-Dry|p1a: Palafin\n|-supereffective|p1a: Palafin\n|-damage|p1a: Palafin|0 fnt\n|faint|p1a: Palafin\n|\n|win|Ytterby\n|raw|Dabahad's rating: 1279 → 1256<\/strong> (-23 for losing)\n|raw|Ytterby's rating: 1303 → 1322<\/strong> (+19 for winning)\n|l|\u2606Dabahad\n","uploadtime":1681921347,"views":10,"p1id":"dabahad","p2id":"ytterby","formatid":"gen9vgc2023regulationc","rating":1256,"private":0,"password":""}