{"id":"gen9vgc2023regulationc-1859171319","p1":"GucciSoup","p2":"Valkenhine","format":"[Gen 9] VGC 2023 Regulation C","log":"|j|\u2606GucciSoup\n|j|\u2606Valkenhine\n|t:|1683413245\n|gametype|doubles\n|player|p1|GucciSoup|wallace|1165\n|player|p2|Valkenhine|266|1125\n|teamsize|p1|6\n|teamsize|p2|6\n|gen|9\n|tier|[Gen 9] VGC 2023 Regulation C\n|rated|\n|rule|Species Clause: Limit one of each Pok\u00e9mon\n|rule|Item Clause: Limit one of each item\n|clearpoke\n|poke|p1|Annihilape, L50, M|\n|poke|p1|Gothitelle, L50, F|\n|poke|p1|Grimmsnarl, L50, M|\n|poke|p1|Murkrow, L50, F|\n|poke|p1|Flutter Mane, L50|\n|poke|p1|Chi-Yu, L50|\n|poke|p2|Dragapult, L50, M|\n|poke|p2|Palafin, L50, F|\n|poke|p2|Ceruledge, L50, M|\n|poke|p2|Baxcalibur, L50, M|\n|poke|p2|Flutter Mane, L50|\n|poke|p2|Tsareena, L50, F|\n|teampreview|4\n|\n|t:|1683413284\n|start\n|switch|p1a: Murkrow|Murkrow, L50, F|100\/100\n|switch|p1b: Grimmsnarl|Grimmsnarl, L50, M|100\/100\n|switch|p2a: Flutter Mane|Flutter Mane, L50|100\/100\n|switch|p2b: Dragapult|Dragapult, L50, M|100\/100\n|-enditem|p2a: Flutter Mane|Booster Energy\n|-activate|p2a: Flutter Mane|ability: Protosynthesis|[fromitem]\n|-start|p2a: Flutter Mane|protosynthesisspa\n|turn|1\n|inactive|Battle timer is ON: inactive players will automatically lose when time's up. (requested by Valkenhine)\n|inactive|GucciSoup has 60 seconds left.\n|inactive|Valkenhine has 60 seconds left.\n|\n|t:|1683413324\n|move|p1a: Murkrow|Tailwind|p1a: Murkrow\n|-sidestart|p1: GucciSoup|move: Tailwind\n|move|p1b: Grimmsnarl|Reflect|p1b: Grimmsnarl\n|-sidestart|p1: GucciSoup|Reflect\n|move|p2b: Dragapult|U-turn|p1a: Murkrow\n|-damage|p1a: Murkrow|80\/100\n|-damage|p2b: Dragapult|91\/100|[from] item: Life Orb\n|\n|t:|1683413332\n|switch|p2b: Palafin|Palafin, L50, F|100\/100|[from] U-turn\n|move|p2a: Flutter Mane|Dazzling Gleam|p1a: Murkrow|[spread] p1a,p1b\n|-supereffective|p1a: Murkrow\n|-supereffective|p1b: Grimmsnarl\n|-damage|p1a: Murkrow|0 fnt\n|-damage|p1b: Grimmsnarl|28\/100\n|faint|p1a: Murkrow\n|\n|upkeep\n|\n|t:|1683413343\n|switch|p1a: Flutter Mane|Flutter Mane, L50|100\/100\n|turn|2\n|\n|t:|1683413365\n|move|p1b: Grimmsnarl|Light Screen|p1b: Grimmsnarl\n|-sidestart|p1: GucciSoup|move: Light Screen\n|move|p2b: Palafin|Jet Punch|p1b: Grimmsnarl\n|-damage|p1b: Grimmsnarl|13\/100\n|move|p1a: Flutter Mane|Calm Mind|p1a: Flutter Mane\n|-boost|p1a: Flutter Mane|spa|1\n|-boost|p1a: Flutter Mane|spd|1\n|move|p2a: Flutter Mane|Dazzling Gleam|p1b: Grimmsnarl|[spread] p1a,p1b\n|-supereffective|p1b: Grimmsnarl\n|-damage|p1a: Flutter Mane|85\/100\n|-damage|p1b: Grimmsnarl|0 fnt\n|faint|p1b: Grimmsnarl\n|\n|-heal|p1a: Flutter Mane|91\/100|[from] item: Leftovers\n|upkeep\n|\n|t:|1683413375\n|switch|p1b: Chi-Yu|Chi-Yu, L50|100\/100\n|-ability|p1b: Chi-Yu|Beads of Ruin\n|turn|3\n|\n|t:|1683413390\n|-terastallize|p1a: Flutter Mane|Water\n|move|p2a: Flutter Mane|Protect|p2a: Flutter Mane\n|-singleturn|p2a: Flutter Mane|Protect\n|move|p1a: Flutter Mane|Moonblast|p2b: Palafin\n|-damage|p2b: Palafin|0 fnt\n|faint|p2b: Palafin\n|move|p1b: Chi-Yu|Snarl|p2a: Flutter Mane\n|-activate|p2a: Flutter Mane|move: Protect\n|\n|-heal|p1a: Flutter Mane|97\/100|[from] item: Leftovers\n|upkeep\n|inactive|Valkenhine has 30 seconds left.\n|\n|t:|1683413422\n|switch|p2b: Dragapult|Dragapult, L50, M|91\/100\n|turn|4\n|\n|t:|1683413446\n|move|p2b: Dragapult|Protect|p2b: Dragapult\n|-singleturn|p2b: Dragapult|Protect\n|move|p1a: Flutter Mane|Moonblast|p2b: Dragapult\n|-activate|p2b: Dragapult|move: Protect\n|move|p1b: Chi-Yu|Snarl|p2b: Dragapult|[spread] p2a\n|-activate|p2b: Dragapult|move: Protect\n|-damage|p2a: Flutter Mane|56\/100\n|-unboost|p2a: Flutter Mane|spa|1\n|move|p2a: Flutter Mane|Dazzling Gleam|p1a: Flutter Mane|[spread] p1a,p1b\n|-damage|p1a: Flutter Mane|83\/100\n|-damage|p1b: Chi-Yu|81\/100\n|\n|-heal|p1a: Flutter Mane|89\/100|[from] item: Leftovers\n|-sideend|p1: GucciSoup|move: Tailwind\n|upkeep\n|turn|5\n|inactive|Valkenhine has 30 seconds left.\n|\n|t:|1683413476\n|move|p2a: Flutter Mane|Protect|p2a: Flutter Mane\n|-singleturn|p2a: Flutter Mane|Protect\n|move|p2b: Dragapult|Phantom Force||[still]\n|-prepare|p2b: Dragapult|Phantom Force\n|move|p1a: Flutter Mane|Moonblast|p2b: Dragapult|[miss]\n|-miss|p1a: Flutter Mane|p2b: Dragapult\n|move|p1b: Chi-Yu|Snarl|p2a: Flutter Mane|[spread] \n|-miss|p1b: Chi-Yu|p2b: Dragapult\n|-activate|p2a: Flutter Mane|move: Protect\n|\n|-heal|p1a: Flutter Mane|95\/100|[from] item: Leftovers\n|upkeep\n|turn|6\n|\n|t:|1683413501\n|-end|p2a: Flutter Mane|Protosynthesis|[silent]\n|switch|p2a: Ceruledge|Ceruledge, L50, M|100\/100\n|move|p2b: Dragapult|Phantom Force|p1a: Flutter Mane|[from]lockedmove\n|-crit|p1a: Flutter Mane\n|-damage|p1a: Flutter Mane|0 fnt\n|faint|p1a: Flutter Mane\n|-end|p1a: Flutter Mane|Protosynthesis|[silent]\n|-damage|p2b: Dragapult|82\/100|[from] item: Life Orb\n|move|p1b: Chi-Yu|Snarl|p2a: Ceruledge|[spread] p2a,p2b\n|-supereffective|p2a: Ceruledge\n|-supereffective|p2b: Dragapult\n|-damage|p2a: Ceruledge|27\/100\n|-damage|p2b: Dragapult|0 fnt\n|faint|p2b: Dragapult\n|\n|upkeep\n|\n|t:|1683413515\n|switch|p2b: Flutter Mane|Flutter Mane, L50|56\/100\n|turn|7\n|c|\u2606GucciSoup|Cheap\n|\n|t:|1683413534\n|move|p2b: Flutter Mane|Protect|p2b: Flutter Mane\n|-singleturn|p2b: Flutter Mane|Protect\n|move|p2a: Ceruledge|Protect|p2a: Ceruledge\n|-singleturn|p2a: Ceruledge|Protect\n|move|p1b: Chi-Yu|Snarl|p2a: Ceruledge|[spread] \n|-activate|p2a: Ceruledge|move: Protect\n|-activate|p2b: Flutter Mane|move: Protect\n|\n|upkeep\n|turn|8\n|\n|t:|1683413557\n|-terastallize|p2b: Flutter Mane|Fairy\n|move|p2a: Ceruledge|Shadow Sneak|p1b: Chi-Yu\n|-resisted|p1b: Chi-Yu\n|-damage|p1b: Chi-Yu|70\/100\n|move|p2b: Flutter Mane|Moonblast|p1b: Chi-Yu\n|-damage|p1b: Chi-Yu|24\/100\n|move|p1b: Chi-Yu|Snarl|p2a: Ceruledge|[spread] p2a,p2b\n|-supereffective|p2a: Ceruledge\n|-resisted|p2b: Flutter Mane\n|-damage|p2a: Ceruledge|0 fnt\n|-damage|p2b: Flutter Mane|35\/100\n|-unboost|p2b: Flutter Mane|spa|1\n|faint|p2a: Ceruledge\n|\n|-sideend|p1: GucciSoup|Reflect\n|upkeep\n|turn|9\n|\n|t:|1683413576\n|move|p2b: Flutter Mane|Protect|p2b: Flutter Mane\n|-singleturn|p2b: Flutter Mane|Protect\n|move|p1b: Chi-Yu|Snarl|p2b: Flutter Mane\n|-activate|p2b: Flutter Mane|move: Protect\n|\n|-sideend|p1: GucciSoup|move: Light Screen\n|upkeep\n|turn|10\n|\n|t:|1683413584\n|move|p2b: Flutter Mane|Moonblast|p1b: Chi-Yu\n|-damage|p1b: Chi-Yu|0 fnt\n|faint|p1b: Chi-Yu\n|\n|win|Valkenhine\n|raw|GucciSoup's rating: 1165 → 1137<\/strong> (-28 for losing)\n|raw|Valkenhine's rating: 1125 → 1153<\/strong> (+28 for winning)\n|l|\u2606GucciSoup\n","uploadtime":1683413597,"views":8,"p1id":"guccisoup","p2id":"valkenhine","formatid":"gen9vgc2023regulationc","rating":1137,"private":0,"password":""}