{"id":"gen9vgc2023regulationc-1848559115","p1":"Goribot","p2":"Dolanator50000","format":"[Gen 9] VGC 2023 Regulation C","log":"|j|\u203dGoribot\n|j|\u2606Dolanator50000\n|t:|1682089993\n|gametype|doubles\n|player|p1|Goribot|koga|1104\n|player|p2|Dolanator50000|102|1045\n|teamsize|p1|6\n|teamsize|p2|6\n|gen|9\n|tier|[Gen 9] VGC 2023 Regulation C\n|rated|\n|rule|Species Clause: Limit one of each Pok\u00e9mon\n|rule|Item Clause: Limit one of each item\n|clearpoke\n|poke|p1|Annihilape, L50, F|\n|poke|p1|Farigiraf, L50, M|\n|poke|p1|Vaporeon, L50, M|\n|poke|p1|Torkoal, L50, F|\n|poke|p1|Eelektross, L50, F|\n|poke|p1|Chien-Pao, L50|\n|poke|p2|Bisharp, L50, M|\n|poke|p2|Dachsbun, L50, M|\n|poke|p2|Gothitelle, L50, M|\n|poke|p2|Hariyama, L50, F|\n|poke|p2|Rotom-Mow, L50|\n|poke|p2|Mudsdale, L50, F|\n|teampreview|4\n|inactive|Battle timer is ON: inactive players will automatically lose when time's up. (requested by Dolanator50000)\n|\n|t:|1682090027\n|start\n|switch|p1a: Farigiraf|Farigiraf, L50, M|100\/100\n|switch|p1b: Annihilape|Annihilape, L50, F|100\/100\n|switch|p2a: Mudsdale|Mudsdale, L50, F|100\/100\n|switch|p2b: Rotom|Rotom-Mow, L50|100\/100\n|turn|1\n|inactive|Goribot has 30 seconds left.\n|inactive|Goribot has 20 seconds left.\n|\n|t:|1682090063\n|move|p1b: Annihilape|Final Gambit|p2a: Mudsdale\n|-damage|p2a: Mudsdale|0 fnt\n|faint|p1b: Annihilape\n|faint|p2a: Mudsdale\n|move|p2b: Rotom|Trick|p1a: Farigiraf\n|-activate|p2b: Rotom|move: Trick|[of] p1a: Farigiraf\n|-item|p1a: Farigiraf|Choice Scarf|[from] move: Trick\n|-item|p2b: Rotom|Rocky Helmet|[from] move: Trick\n|move|p1a: Farigiraf|Trick Room|p1a: Farigiraf\n|-fieldstart|move: Trick Room|[of] p1a: Farigiraf\n|\n|upkeep\n|\n|t:|1682090075\n|switch|p2a: Hariyama|Hariyama, L50, F|100\/100\n|switch|p1b: Torkoal|Torkoal, L50, F|100\/100\n|-weather|SunnyDay|[from] ability: Drought|[of] p1b: Torkoal\n|turn|2\n|\n|t:|1682090087\n|switch|p1a: Chien-Pao|Chien-Pao, L50|100\/100\n|-ability|p1a: Chien-Pao|Sword of Ruin\n|-terastallize|p1b: Torkoal|Fire\n|-terastallize|p2b: Rotom|Electric\n|move|p2a: Hariyama|Fake Out|p1b: Torkoal\n|-damage|p1b: Torkoal|86\/100\n|cant|p1b: Torkoal|flinch\n|move|p2b: Rotom|Thunderbolt|p1b: Torkoal\n|-damage|p1b: Torkoal|14\/100\n|\n|-weather|SunnyDay|[upkeep]\n|-status|p2a: Hariyama|brn|[from] item: Flame Orb\n|upkeep\n|turn|3\n|inactive|Dolanator50000 has 30 seconds left.\n|\n|t:|1682090114\n|move|p2a: Hariyama|Wide Guard|p2a: Hariyama\n|-singleturn|p2a: Hariyama|Wide Guard\n|move|p1b: Torkoal|Heat Wave|p2b: Rotom|[spread] \n|-activate|p2a: Hariyama|move: Wide Guard\n|-activate|p2b: Rotom|move: Wide Guard\n|move|p2b: Rotom|Thunderbolt|p1b: Torkoal\n|-damage|p1b: Torkoal|0 fnt\n|faint|p1b: Torkoal\n|move|p1a: Chien-Pao|Swords Dance|p1a: Chien-Pao\n|-boost|p1a: Chien-Pao|atk|2\n|\n|-weather|SunnyDay|[upkeep]\n|-damage|p2a: Hariyama|95\/100 brn|[from] brn\n|upkeep\n|\n|t:|1682090122\n|switch|p1b: Farigiraf|Farigiraf, L50, M|100\/100\n|turn|4\n|\n|t:|1682090145\n|move|p1a: Chien-Pao|Protect|p1a: Chien-Pao\n|-singleturn|p1a: Chien-Pao|Protect\n|move|p2a: Hariyama|Bullet Punch||[still]\n|cant|p1b: Farigiraf|ability: Armor Tail|Bullet Punch|[of] p2a: Hariyama\n|move|p2b: Rotom|Will-O-Wisp|p1a: Chien-Pao\n|-activate|p1a: Chien-Pao|move: Protect\n|move|p1b: Farigiraf|Hyper Voice|p2a: Hariyama|[spread] p2a,p2b\n|-damage|p2a: Hariyama|61\/100 brn\n|-damage|p2b: Rotom|64\/100\n|\n|-weather|SunnyDay|[upkeep]\n|-damage|p2a: Hariyama|55\/100 brn|[from] brn\n|upkeep\n|turn|5\n|inactive|Goribot has 30 seconds left.\n|\n|t:|1682090175\n|move|p2a: Hariyama|Facade|p1a: Chien-Pao\n|-enditem|p1a: Chien-Pao|Focus Sash\n|-damage|p1a: Chien-Pao|1\/100\n|move|p2b: Rotom|Will-O-Wisp|p1a: Chien-Pao\n|-status|p1a: Chien-Pao|brn\n|move|p1b: Farigiraf|Hyper Voice|p2b: Rotom|[spread] p2a,p2b\n|-damage|p2a: Hariyama|22\/100 brn\n|-damage|p2b: Rotom|27\/100\n|move|p1a: Chien-Pao|Icicle Crash|p2b: Rotom\n|-damage|p2b: Rotom|0 fnt\n|faint|p2b: Rotom\n|\n|-weather|SunnyDay|[upkeep]\n|-damage|p2a: Hariyama|16\/100 brn|[from] brn\n|-damage|p1a: Chien-Pao|0 fnt|[from] brn\n|faint|p1a: Chien-Pao\n|-fieldend|move: Trick Room\n|upkeep\n|\n|t:|1682090188\n|switch|p2b: Dachsbun|Dachsbun, L50, M|100\/100\n|turn|6\n|\n|t:|1682090193\n|move|p2a: Hariyama|Wide Guard|p2a: Hariyama\n|-singleturn|p2a: Hariyama|Wide Guard\n|move|p1b: Farigiraf|Hyper Voice|p2a: Hariyama|[spread] \n|-activate|p2a: Hariyama|move: Wide Guard\n|-activate|p2b: Dachsbun|move: Wide Guard\n|move|p2b: Dachsbun|Yawn|p1b: Farigiraf\n|-start|p1b: Farigiraf|move: Yawn|[of] p2b: Dachsbun\n|\n|-weather|none\n|-damage|p2a: Hariyama|10\/100 brn|[from] brn\n|upkeep\n|turn|7\n|\n|t:|1682090207\n|move|p2a: Hariyama|Wide Guard|p2a: Hariyama\n|-singleturn|p2a: Hariyama|Wide Guard\n|move|p1b: Farigiraf|Hyper Voice|p2b: Dachsbun|[spread] \n|-activate|p2a: Hariyama|move: Wide Guard\n|-activate|p2b: Dachsbun|move: Wide Guard\n|move|p2b: Dachsbun|Play Rough|p1b: Farigiraf\n|-damage|p1b: Farigiraf|70\/100\n|\n|-damage|p2a: Hariyama|4\/100 brn|[from] brn\n|-end|p1b: Farigiraf|move: Yawn|[silent]\n|-status|p1b: Farigiraf|slp\n|upkeep\n|turn|8\n|\n|t:|1682090221\n|move|p2b: Dachsbun|Helping Hand|p2a: Hariyama\n|-singleturn|p2a: Hariyama|Helping Hand|[of] p2b: Dachsbun\n|cant|p1b: Farigiraf|slp\n|move|p2a: Hariyama|Facade|p1b: Farigiraf\n|-damage|p1b: Farigiraf|0 fnt\n|faint|p1b: Farigiraf\n|\n|win|Dolanator50000\n|raw|Goribot's rating: 1104 → 1075<\/strong> (-29 for losing)\n|raw|Dolanator50000's rating: 1045 → 1084<\/strong> (+39 for winning)\n|l|\u203dGoribot\n","uploadtime":1682090231,"views":11,"p1id":"goribot","p2id":"dolanator50000","formatid":"gen9vgc2023regulationc","rating":1075,"private":0,"password":""}