{"id":"gen9vgc2023regulationc-1855816734","p1":"julioowagner","p2":"feetway","format":"[Gen 9] VGC 2023 Regulation C","log":"|j|\u2606julioowagner\n|j|\u2606feetway\n|t:|1682987590\n|gametype|doubles\n|player|p1|julioowagner|cress|1000\n|player|p2|feetway|veteran-gen4|1071\n|teamsize|p1|6\n|teamsize|p2|6\n|gen|9\n|tier|[Gen 9] VGC 2023 Regulation C\n|rated|\n|rule|Species Clause: Limit one of each Pok\u00e9mon\n|rule|Item Clause: Limit one of each item\n|clearpoke\n|poke|p1|Arcanine, L50, M|\n|poke|p1|Amoonguss, L50, F|\n|poke|p1|Gardevoir, L50, F|\n|poke|p1|Azumarill, L50, M|\n|poke|p1|Magnezone, L50|\n|poke|p1|Altaria, L50, M|\n|poke|p2|Iron Hands, L50|\n|poke|p2|Dragonite, L50, M|\n|poke|p2|Flutter Mane, L50|\n|poke|p2|Brute Bonnet, L50|\n|poke|p2|Gastrodon-East, L50, F|\n|poke|p2|Arcanine, L50, M|\n|teampreview|4\nfeetway has agreed to open team sheets.\n|inactive|Battle timer is ON: inactive players will automatically lose when time's up. (requested by feetway)\n|inactive|julioowagner also wants the timer to be on.\n|\n|t:|1682987672\n|start\n|switch|p1a: Arcanine|Arcanine, L50, M|100\/100\n|switch|p1b: Amoonguss|Amoonguss, L50, F|100\/100\n|switch|p2a: pickle|Dragonite, L50, M, shiny|100\/100\n|switch|p2b: catch deez hands|Iron Hands, L50|100\/100\n|-ability|p1a: Arcanine|Intimidate|boost\n|-unboost|p2a: pickle|atk|1\n|-unboost|p2b: catch deez hands|atk|1\n|turn|1\n|\n|t:|1682987693\n|switch|p2a: Arcanine|Arcanine, L50, M|100\/100\n|-ability|p2a: Arcanine|Intimidate|boost\n|-unboost|p1a: Arcanine|atk|1\n|-unboost|p1b: Amoonguss|atk|1\n|move|p2b: catch deez hands|Fake Out|p1b: Amoonguss\n|-damage|p1b: Amoonguss|88\/100\n|move|p1a: Arcanine|Will-O-Wisp|p2a: Arcanine\n|-immune|p2a: Arcanine\n|cant|p1b: Amoonguss|flinch\n|\n|-heal|p1b: Amoonguss|94\/100|[from] item: Leftovers\n|upkeep\n|turn|2\n|inactive|julioowagner has 30 seconds left.\n|inactive|julioowagner has 20 seconds left.\n|inactive|julioowagner has 15 seconds left.\n|\n|t:|1682987738\n|switch|p1b: Altaria|Altaria, L50, M|100\/100\n|move|p1a: Arcanine|Will-O-Wisp|p2b: catch deez hands\n|-status|p2b: catch deez hands|brn\n|move|p2a: Arcanine|Flare Blitz|p1b: Altaria\n|-resisted|p1b: Altaria\n|-damage|p1b: Altaria|68\/100\n|-status|p1b: Altaria|brn\n|-damage|p2a: Arcanine|89\/100|[from] Recoil\n|move|p2b: catch deez hands|Ice Punch|p1b: Altaria\n|-supereffective|p1b: Altaria\n|-damage|p1b: Altaria|27\/100 brn\n|\n|-damage|p1b: Altaria|21\/100 brn|[from] brn\n|-damage|p2b: catch deez hands|94\/100 brn|[from] brn\n|upkeep\n|turn|3\n|inactive|julioowagner has 30 seconds left.\n|\n|t:|1682987771\n|switch|p1a: Gardevoir|Gardevoir, L50, F|100\/100\n|-end|p2b: catch deez hands|Quark Drive|[silent]\n|switch|p2b: Ms. Magius|Flutter Mane, L50|100\/100\n|move|p2a: Arcanine|Snarl|p1b: Altaria|[spread] p1a,p1b\n|-damage|p1a: Gardevoir|90\/100\n|-damage|p1b: Altaria|13\/100 brn\n|-unboost|p1a: Gardevoir|spa|1\n|-unboost|p1b: Altaria|spa|1\n|move|p1b: Altaria|Earthquake|p2b: Ms. Magius|[spread] p1a,p2a,p2b\n|-supereffective|p2a: Arcanine\n|-damage|p1a: Gardevoir|73\/100\n|-damage|p2a: Arcanine|66\/100\n|-damage|p2b: Ms. Magius|77\/100\n|\n|-damage|p1b: Altaria|7\/100 brn|[from] brn\n|upkeep\n|turn|4\n|inactive|julioowagner has 30 seconds left.\n|\n|t:|1682987801\n|move|p2b: Ms. Magius|Shadow Ball|p1a: Gardevoir\n|-supereffective|p1a: Gardevoir\n|-damage|p1a: Gardevoir|0 fnt\n|faint|p1a: Gardevoir\n|move|p2a: Arcanine|Flare Blitz|p1b: Altaria\n|-resisted|p1b: Altaria\n|-damage|p1b: Altaria|0 fnt\n|faint|p1b: Altaria\n|-damage|p2a: Arcanine|64\/100|[from] Recoil\n|\n|upkeep\n|inactive|julioowagner no longer wants the timer on, but the timer is staying on because feetway still does.\n|\n|t:|1682987819\n|switch|p1a: Arcanine|Arcanine, L50, M|100\/100\n|switch|p1b: Amoonguss|Amoonguss, L50, F|100\/100\n|-ability|p1a: Arcanine|Intimidate|boost\n|-unboost|p2a: Arcanine|atk|1\n|-unboost|p2b: Ms. Magius|atk|1\n|turn|5\n|inactive|julioowagner has 30 seconds left.\n|\n|t:|1682987845\n|move|p1a: Arcanine|Close Combat|p2a: Arcanine\n|-damage|p2a: Arcanine|18\/100\n|-unboost|p1a: Arcanine|def|1\n|-unboost|p1a: Arcanine|spd|1\n|move|p2b: Ms. Magius|Shadow Ball|p1b: Amoonguss\n|-damage|p1b: Amoonguss|58\/100\n|move|p2a: Arcanine|Flare Blitz|p1b: Amoonguss\n|-supereffective|p1b: Amoonguss\n|-damage|p1b: Amoonguss|0 fnt\n|faint|p1b: Amoonguss\n|-damage|p2a: Arcanine|0 fnt|[from] Recoil\n|faint|p2a: Arcanine\n|\n|upkeep\n|\n|t:|1682987857\n|switch|p2a: pickle|Dragonite, L50, M, shiny|100\/100\n|turn|6\n|\n|t:|1682987868\n|-terastallize|p1a: Arcanine|Fire\n|move|p1a: Arcanine|Close Combat|p2b: Ms. Magius\n|-immune|p2b: Ms. Magius\n|move|p2b: Ms. Magius|Shadow Ball|p1a: Arcanine\n|-crit|p1a: Arcanine\n|-damage|p1a: Arcanine|0 fnt\n|faint|p1a: Arcanine\n|\n|win|feetway\n|raw|julioowagner's rating: 1000 → 1000<\/strong> (+0 for losing)\n|raw|feetway's rating: 1071 → 1094<\/strong> (+23 for winning)\n","uploadtime":1682987877,"views":16,"p1id":"julioowagner","p2id":"feetway","formatid":"gen9vgc2023regulationc","rating":1000,"private":0,"password":""}