{"id":"gen9vgc2023regulationc-1861740497","p1":"Arcacagne","p2":"fissure = skill","format":"[Gen 9] VGC 2023 Regulation C","log":"|j|\u2606Arcacagne\n|j|\u2606fissure = skill\n|t:|1683802807\n|gametype|doubles\n|player|p1|Arcacagne|102|1391\n|player|p2|fissure = skill|steven|1391\n|teamsize|p1|6\n|teamsize|p2|6\n|gen|9\n|tier|[Gen 9] VGC 2023 Regulation C\n|rated|\n|rule|Species Clause: Limit one of each Pok\u00e9mon\n|rule|Item Clause: Limit one of each item\n|clearpoke\n|poke|p1|Chi-Yu, L50|\n|poke|p1|Flutter Mane, L50|\n|poke|p1|Amoonguss, L50, M|\n|poke|p1|Ting-Lu, L50|\n|poke|p1|Iron Hands, L50|\n|poke|p1|Gyarados, L50, M|\n|poke|p2|Lycanroc, L50, M|\n|poke|p2|Corviknight, L50, M|\n|poke|p2|Iron Bundle, L50|\n|poke|p2|Tyranitar, L50, M|\n|poke|p2|Garchomp, L50, F|\n|poke|p2|Flutter Mane, L50|\n|teampreview|4\n|inactive|Battle timer is ON: inactive players will automatically lose when time's up. (requested by Arcacagne)\n|\n|t:|1683802848\n|start\n|switch|p1a: Flutter Mane|Flutter Mane, L50|100\/100\n|switch|p1b: Iron Hands|Iron Hands, L50|100\/100\n|switch|p2a: best typing|Corviknight, L50, M|100\/100\n|switch|p2b: no luck|Tyranitar, L50, M|100\/100\n|-weather|Sandstorm|[from] ability: Sand Stream|[of] p2b: no luck\n|-enditem|p1a: Flutter Mane|Booster Energy\n|-activate|p1a: Flutter Mane|ability: Protosynthesis|[fromitem]\n|-start|p1a: Flutter Mane|protosynthesisspa\n|turn|1\n|inactive|Arcacagne has 30 seconds left.\n|inactive|fissure = skill has 30 seconds left.\n|\n|t:|1683802876\n|-terastallize|p2b: no luck|Grass\n|move|p1b: Iron Hands|Fake Out|p2a: best typing\n|-resisted|p2a: best typing\n|-damage|p2a: best typing|96\/100\n|move|p1a: Flutter Mane|Substitute|p1a: Flutter Mane\n|-start|p1a: Flutter Mane|Substitute\n|-damage|p1a: Flutter Mane|76\/100\n|cant|p2a: best typing|flinch\n|move|p2b: no luck|Tera Blast|p1b: Iron Hands\n|-damage|p1b: Iron Hands|70\/100\n|\n|-weather|Sandstorm|[upkeep]\n|-damage|p1a: Flutter Mane|69\/100|[from] Sandstorm\n|-damage|p2b: no luck|95\/100|[from] Sandstorm\n|-damage|p1b: Iron Hands|64\/100|[from] Sandstorm\n|upkeep\n|turn|2\n|inactive|Arcacagne has 30 seconds left.\n|\n|t:|1683802910\n|-end|p1b: Iron Hands|Quark Drive|[silent]\n|switch|p1b: Amoonguss|Amoonguss, L50, M|100\/100\n|move|p1a: Flutter Mane|Protect|p1a: Flutter Mane\n|-singleturn|p1a: Flutter Mane|Protect\n|move|p2a: best typing|Tailwind|p2a: best typing\n|-sidestart|p2: fissure = skill|move: Tailwind\n|move|p2b: no luck|Rock Slide|p1b: Amoonguss|[spread] p1b\n|-activate|p1a: Flutter Mane|move: Protect\n|-damage|p1b: Amoonguss|73\/100\n|\n|-weather|Sandstorm|[upkeep]\n|-damage|p1a: Flutter Mane|63\/100|[from] Sandstorm\n|-damage|p2b: no luck|89\/100|[from] Sandstorm\n|-damage|p1b: Amoonguss|67\/100|[from] Sandstorm\n|upkeep\n|turn|3\n|\n|t:|1683802932\n|move|p2a: best typing|Brave Bird|p1b: Amoonguss\n|-supereffective|p1b: Amoonguss\n|-damage|p1b: Amoonguss|9\/100\n|-enditem|p1b: Amoonguss|Sitrus Berry|[eat]\n|-heal|p1b: Amoonguss|34\/100|[from] item: Sitrus Berry\n|-damage|p2a: best typing|76\/100|[from] Recoil\n|move|p1a: Flutter Mane|Moonblast|p2b: no luck\n|-damage|p2b: no luck|54\/100\n|-unboost|p2b: no luck|spa|1\n|move|p2b: no luck|Rock Slide|p1b: Amoonguss|[spread] p1a,p1b\n|-end|p1a: Flutter Mane|Substitute\n|-damage|p1b: Amoonguss|8\/100\n|move|p1b: Amoonguss|Spore|p2a: best typing\n|-activate|p2a: best typing|item: Safety Goggles|Spore\n|\n|-weather|Sandstorm|[upkeep]\n|-damage|p1a: Flutter Mane|57\/100|[from] Sandstorm\n|-damage|p2b: no luck|48\/100|[from] Sandstorm\n|-damage|p1b: Amoonguss|2\/100|[from] Sandstorm\n|upkeep\n|turn|4\n|inactive|Arcacagne has 30 seconds left.\n|inactive|fissure = skill has 30 seconds left.\n|\n|t:|1683802966\n|-end|p1a: Flutter Mane|Protosynthesis|[silent]\n|switch|p1a: Iron Hands|Iron Hands, L50|64\/100\n|switch|p2b: dodge it!|Garchomp, L50, F|100\/100\n|switch|p1b: Gyarados|Gyarados, L50, M|100\/100\n|-ability|p1b: Gyarados|Intimidate|boost\n|-ability|p2a: best typing|Mirror Armor\n|-unboost|p1b: Gyarados|atk|1\n|-unboost|p2b: dodge it!|atk|1\n|move|p2a: best typing|Brave Bird|p1a: Iron Hands\n|-damage|p1a: Iron Hands|39\/100\n|-damage|p2a: best typing|65\/100|[from] Recoil\n|\n|-weather|Sandstorm|[upkeep]\n|-damage|p1b: Gyarados|94\/100|[from] Sandstorm\n|-damage|p1a: Iron Hands|33\/100|[from] Sandstorm\n|upkeep\n|turn|5\n|inactive|Arcacagne has 30 seconds left.\n|inactive|fissure = skill has 30 seconds left.\n|\n|t:|1683802996\n|move|p1a: Iron Hands|Fake Out|p2b: dodge it!\n|-damage|p2b: dodge it!|87\/100\n|cant|p2b: dodge it!|flinch\n|move|p2a: best typing|Brave Bird|p1b: Gyarados\n|-damage|p1b: Gyarados|62\/100\n|-damage|p2a: best typing|55\/100|[from] Recoil\n|move|p1b: Gyarados|Thunder Wave|p2a: best typing\n|-status|p2a: best typing|par\n|\n|-weather|none\n|-sideend|p2: fissure = skill|move: Tailwind\n|upkeep\n|turn|6\n|inactive|fissure = skill has 30 seconds left.\n|\n|t:|1683803025\n|-end|p1a: Iron Hands|Quark Drive|[silent]\n|switch|p1a: Amoonguss|Amoonguss, L50, M|35\/100\n|move|p2b: dodge it!|Protect|p2b: dodge it!\n|-singleturn|p2b: dodge it!|Protect\n|move|p1b: Gyarados|Waterfall|p2a: best typing\n|-damage|p2a: best typing|38\/100 par\n|cant|p2a: best typing|par\n|\n|upkeep\n|turn|7\n|\n|t:|1683803048\n|switch|p2a: no luck|Tyranitar, L50, M, tera:Grass|48\/100\n|-weather|Sandstorm|[from] ability: Sand Stream|[of] p2a: no luck\n|switch|p1a: Iron Hands|Iron Hands, L50|33\/100\n|move|p2b: dodge it!|Substitute|p2b: dodge it!\n|-start|p2b: dodge it!|Substitute\n|-damage|p2b: dodge it!|62\/100\n|move|p1b: Gyarados|Waterfall|p2a: no luck\n|-resisted|p2a: no luck\n|-damage|p2a: no luck|38\/100\n|\n|-weather|Sandstorm|[upkeep]\n|-damage|p1b: Gyarados|56\/100|[from] Sandstorm\n|-damage|p2a: no luck|32\/100|[from] Sandstorm\n|-damage|p1a: Iron Hands|27\/100|[from] Sandstorm\n|upkeep\n|turn|8\n|inactive|Arcacagne has 30 seconds left.\n|inactive|fissure = skill has 30 seconds left.\n|inactive|fissure = skill has 20 seconds left.\n|inactive|Arcacagne has 20 seconds left.\n|inactive|fissure = skill has 15 seconds left.\n|j| THUNDERSND77\n|inactive|Arcacagne has 15 seconds left.\n|inactive|fissure = skill has 10 seconds left.\n|inactive|fissure = skill has 5 seconds left.\n|\n|t:|1683803103\n|-terastallize|p1a: Iron Hands|Grass\n|move|p2b: dodge it!|Earthquake|p1a: Iron Hands|[spread] p2a,p1a\n|-immune|p1b: Gyarados\n|-resisted|p2a: no luck\n|-resisted|p1a: Iron Hands\n|-damage|p2a: no luck|17\/100\n|-damage|p1a: Iron Hands|16\/100\n|-damage|p2b: dodge it!|53\/100|[from] item: Life Orb\n|move|p1b: Gyarados|Thunder Wave|p2a: no luck\n|-status|p2a: no luck|par\n|move|p1a: Iron Hands|Drain Punch|p2b: dodge it!|[miss]\n|-miss|p1a: Iron Hands|p2b: dodge it!\n|move|p2a: no luck|Rock Slide|p1b: Gyarados|[spread] p1b\n|-miss|p2a: no luck|p1a: Iron Hands\n|-supereffective|p1b: Gyarados\n|-damage|p1b: Gyarados|0 fnt\n|faint|p1b: Gyarados\n|\n|-weather|Sandstorm|[upkeep]\n|-damage|p1a: Iron Hands|10\/100|[from] Sandstorm\n|-damage|p2a: no luck|12\/100 par|[from] Sandstorm\n|upkeep\n|\n|t:|1683803126\n|switch|p1b: Flutter Mane|Flutter Mane, L50|57\/100\n|turn|9\n|inactive|fissure = skill has 30 seconds left.\n|inactive|fissure = skill has 20 seconds left.\n|inactive|fissure = skill has 15 seconds left.\n|inactive|fissure = skill has 10 seconds left.\n|inactive|fissure = skill has 5 seconds left.\n|\n|t:|1683803181\n|-end|p1a: Iron Hands|Quark Drive|[silent]\n|switch|p1a: Amoonguss|Amoonguss, L50, M|68\/100\n|move|p1b: Flutter Mane|Protect|p1b: Flutter Mane\n|-singleturn|p1b: Flutter Mane|Protect\n|move|p2b: dodge it!|Earthquake|p1b: Flutter Mane|[spread] p2a,p1a\n|-activate|p1b: Flutter Mane|move: Protect\n|-resisted|p2a: no luck\n|-damage|p2a: no luck|0 fnt\n|-damage|p1a: Amoonguss|37\/100\n|faint|p2a: no luck\n|-damage|p2b: dodge it!|43\/100|[from] item: Life Orb\n|\n|-weather|Sandstorm|[upkeep]\n|-damage|p1b: Flutter Mane|51\/100|[from] Sandstorm\n|-damage|p1a: Amoonguss|31\/100|[from] Sandstorm\n|upkeep\n|inactive|fissure = skill has 30 seconds left.\n|inactive|fissure = skill has 20 seconds left.\n|inactive|fissure = skill has 15 seconds left.\n|inactive|fissure = skill has 10 seconds left.\n|inactive|fissure = skill has 5 seconds left.\n|\n|t:|1683803233\n|switch|p2a: best typing|Corviknight, L50, M|38\/100 par\n|turn|10\n|inactive|fissure = skill has 30 seconds left.\n|inactive|fissure = skill has 20 seconds left.\n|inactive|fissure = skill has 15 seconds left.\n|inactive|fissure = skill has 10 seconds left.\n|\n|t:|1683803279\n|move|p1b: Flutter Mane|Moonblast|p2b: dodge it!\n|-supereffective|p2b: dodge it!\n|-end|p2b: dodge it!|Substitute\n|move|p2b: dodge it!|Earthquake|p1a: Amoonguss|[spread] p1a,p1b\n|-immune|p2a: best typing\n|-damage|p1a: Amoonguss|0 fnt\n|-damage|p1b: Flutter Mane|0 fnt\n|faint|p1a: Amoonguss\n|faint|p1b: Flutter Mane\n|-end|p1b: Flutter Mane|Protosynthesis|[silent]\n|-damage|p2b: dodge it!|33\/100|[from] item: Life Orb\n|cant|p2a: best typing|par\n|\n|-weather|Sandstorm|[upkeep]\n|upkeep\n|-message|Arcacagne forfeited.\n|\n|win|fissure = skill\n|raw|Arcacagne's rating: 1391 → 1371<\/strong> (-20 for losing)\n|raw|fissure = skill's rating: 1391 → 1411<\/strong> (+20 for winning)\n","uploadtime":1683803296,"views":21,"p1id":"arcacagne","p2id":"fissureskill","formatid":"gen9vgc2023regulationc","rating":1371,"private":0,"password":""}