{"id":"gen9vgc2023regulationc-1849507865","p1":"Angelowos","p2":"Wkr Yaspo","format":"[Gen 9] VGC 2023 Regulation C","log":"|j|\u2606Angelowos\n|j|\u2606Wkr Yaspo\n|t:|1682206788\n|gametype|doubles\n|player|p1|Angelowos|red|\n|player|p2|Wkr Yaspo|backpacker|\n|teamsize|p1|6\n|teamsize|p2|6\n|gen|9\n|tier|[Gen 9] VGC 2023 Regulation C\n|rule|Species Clause: Limit one of each Pok\u00e9mon\n|rule|Item Clause: Limit one of each item\n|clearpoke\n|poke|p1|Flutter Mane, L50|\n|poke|p1|Arcanine, L50, M|\n|poke|p1|Palafin, L50, M|\n|poke|p1|Amoonguss, L50, F|\n|poke|p1|Gastrodon-East, L50, M|\n|poke|p1|Grimmsnarl, L50, M|\n|poke|p2|Palafin, L50, M|\n|poke|p2|Flutter Mane, L50|\n|poke|p2|Arcanine, L50, M|\n|poke|p2|Amoonguss, L50, M|\n|poke|p2|Ting-Lu, L50|\n|poke|p2|Roaring Moon, L50|\n|teampreview|4\n|c|\u2606Wkr Yaspo|buena suerte !\n|c|\u2606Angelowos|Gracias\n|c|\u2606Angelowos|Igualmente\n|\n|t:|1682206900\n|start\n|switch|p1a: Palafin|Palafin, L50, M|100\/100\n|switch|p1b: Gastrodon|Gastrodon-East, L50, M|100\/100\n|switch|p2a: Arcanine|Arcanine, L50, M|100\/100\n|switch|p2b: Roaring Moon|Roaring Moon, L50|100\/100\n|-ability|p2a: Arcanine|Intimidate|boost\n|-unboost|p1a: Palafin|atk|1\n|-unboost|p1b: Gastrodon|atk|1\n|-enditem|p2b: Roaring Moon|Booster Energy\n|-activate|p2b: Roaring Moon|ability: Protosynthesis|[fromitem]\n|-start|p2b: Roaring Moon|protosynthesisatk\n|turn|1\n|\n|t:|1682206946\n|detailschange|p1a: Palafin|Palafin-Hero, L50, M\n|switch|p1a: Amoonguss|Amoonguss, L50, F|100\/100\n|move|p2b: Roaring Moon|Dragon Dance|p2b: Roaring Moon\n|-boost|p2b: Roaring Moon|atk|1\n|-boost|p2b: Roaring Moon|spe|1\n|move|p2a: Arcanine|Will-O-Wisp|p1a: Amoonguss\n|-status|p1a: Amoonguss|brn\n|move|p1b: Gastrodon|Yawn|p2b: Roaring Moon\n|-start|p2b: Roaring Moon|move: Yawn|[of] p1b: Gastrodon\n|\n|-damage|p1a: Amoonguss|95\/100 brn|[from] brn\n|upkeep\n|turn|2\n|\n|t:|1682207012\n|switch|p2a: Ting-Lu|Ting-Lu, L50|100\/100\n|-ability|p2a: Ting-Lu|Vessel of Ruin\n|switch|p1b: Palafin|Palafin-Hero, L50, M|100\/100\n|-activate|p1b: Palafin|ability: Zero to Hero\n|move|p2b: Roaring Moon|Acrobatics|p1a: Amoonguss\n|-supereffective|p1a: Amoonguss\n|-damage|p1a: Amoonguss|0 fnt\n|faint|p1a: Amoonguss\n|\n|-end|p2b: Roaring Moon|move: Yawn|[silent]\n|-status|p2b: Roaring Moon|slp\n|upkeep\n|\n|t:|1682207043\n|switch|p1a: Gastrodon|Gastrodon-East, L50, M|100\/100\n|turn|3\n|\n|t:|1682207134\n|-end|p2b: Roaring Moon|Protosynthesis|[silent]\n|switch|p2b: Arcanine|Arcanine, L50, M|100\/100\n|-ability|p2b: Arcanine|Intimidate|boost\n|-unboost|p1a: Gastrodon|atk|1\n|-unboost|p1b: Palafin|atk|1\n|move|p1b: Palafin|Drain Punch|p2b: Arcanine\n|-damage|p2b: Arcanine|76\/100\n|move|p2a: Ting-Lu|Heavy Slam|p1a: Gastrodon\n|-resisted|p1a: Gastrodon\n|-damage|p1a: Gastrodon|84\/100\n|move|p1a: Gastrodon|Yawn|p2a: Ting-Lu\n|-start|p2a: Ting-Lu|move: Yawn|[of] p1a: Gastrodon\n|\n|upkeep\n|turn|4\n|\n|t:|1682207208\n|switch|p2a: Flutter Mane|Flutter Mane, L50|100\/100\n|-terastallize|p1b: Palafin|Water\n|-terastallize|p2b: Arcanine|Grass\n|move|p1b: Palafin|Wave Crash|p1a: Gastrodon\n|-activate|p1a: Gastrodon|ability: Storm Drain\n|-ability|p1a: Gastrodon|Storm Drain|boost\n|-boost|p1a: Gastrodon|spa|1\n|move|p2b: Arcanine|Will-O-Wisp|p1b: Palafin\n|-status|p1b: Palafin|brn\n|move|p1a: Gastrodon|Yawn|p2b: Arcanine\n|-start|p2b: Arcanine|move: Yawn|[of] p1a: Gastrodon\n|\n|-damage|p1b: Palafin|95\/100 brn|[from] brn\n|upkeep\n|turn|5\n|c|\u2606Angelowos|Chmre me confund\u00ed xd\n|c|\u2606Angelowos|De equipo\n|c|\u2606Wkr Yaspo|mmm\n|c|\u2606Angelowos|Ya dec\u00eda yo que raro\n|c|\u2606Angelowos|Pero no importa\n|\n|t:|1682207305\n|switch|p2b: Roaring Moon|Roaring Moon, L50|100\/100 slp\n|move|p2a: Flutter Mane|Moonblast|p1a: Gastrodon\n|-damage|p1a: Gastrodon|14\/100\n|move|p1b: Palafin|Ice Punch|p2b: Roaring Moon\n|-supereffective|p2b: Roaring Moon\n|-damage|p2b: Roaring Moon|77\/100 slp\n|move|p1a: Gastrodon|Yawn|p2a: Flutter Mane\n|-start|p2a: Flutter Mane|move: Yawn|[of] p1a: Gastrodon\n|\n|-damage|p1b: Palafin|89\/100 brn|[from] brn\n|upkeep\n|turn|6\n|\n|t:|1682207336\n|switch|p1b: Flutter Mane|Flutter Mane, L50|100\/100\n|-end|p2b: Roaring Moon|Protosynthesis|[silent]\n|switch|p2b: Arcanine|Arcanine, L50, M, tera:Grass|76\/100\n|-ability|p2b: Arcanine|Intimidate|boost\n|-unboost|p1a: Gastrodon|atk|1\n|-unboost|p1b: Flutter Mane|atk|1\n|move|p1a: Gastrodon|Protect|p1a: Gastrodon\n|-singleturn|p1a: Gastrodon|Protect\n|move|p2a: Flutter Mane|Moonblast|p1a: Gastrodon\n|-activate|p1a: Gastrodon|move: Protect\n|\n|-end|p2a: Flutter Mane|move: Yawn|[silent]\n|-status|p2a: Flutter Mane|slp\n|upkeep\n|turn|7\n|\n|t:|1682207395\n|-end|p2a: Flutter Mane|Protosynthesis|[silent]\n|switch|p2a: Ting-Lu|Ting-Lu, L50|100\/100\n|-ability|p2a: Ting-Lu|Vessel of Ruin\n|move|p1b: Flutter Mane|Protect|p1b: Flutter Mane\n|-singleturn|p1b: Flutter Mane|Protect\n|move|p2b: Arcanine|Extreme Speed|p1a: Gastrodon\n|-damage|p1a: Gastrodon|0 fnt\n|faint|p1a: Gastrodon\n|\n|upkeep\n|\n|t:|1682207406\n|switch|p1a: Palafin|Palafin-Hero, L50, M, tera:Water|89\/100 brn\n|turn|8\n|\n|t:|1682207458\n|move|p1b: Flutter Mane|Shadow Ball|p2b: Arcanine\n|-damage|p2b: Arcanine|24\/100\n|-damage|p1b: Flutter Mane|90\/100|[from] item: Life Orb\n|move|p1a: Palafin|Ice Punch|p2b: Arcanine\n|-supereffective|p2b: Arcanine\n|-damage|p2b: Arcanine|0 fnt\n|faint|p2b: Arcanine\n|move|p2a: Ting-Lu|Ruination|p1b: Flutter Mane\n|-damage|p1b: Flutter Mane|46\/100\n|\n|-damage|p1a: Palafin|83\/100 brn|[from] brn\n|upkeep\n|\n|t:|1682207479\n|switch|p2b: Roaring Moon|Roaring Moon, L50|77\/100 slp\n|turn|9\n|\n|t:|1682207504\n|move|p1b: Flutter Mane|Dazzling Gleam|p2b: Roaring Moon|[spread] p2a,p2b\n|-supereffective|p2a: Ting-Lu\n|-supereffective|p2b: Roaring Moon\n|-damage|p2a: Ting-Lu|71\/100\n|-damage|p2b: Roaring Moon|0 fnt\n|faint|p2b: Roaring Moon\n|-end|p2b: Roaring Moon|Protosynthesis|[silent]\n|-damage|p1b: Flutter Mane|36\/100|[from] item: Life Orb\n|move|p1a: Palafin|Wave Crash|p2a: Ting-Lu\n|-supereffective|p2a: Ting-Lu\n|-damage|p2a: Ting-Lu|18\/100\n|-damage|p1a: Palafin|59\/100 brn|[from] Recoil\n|move|p2a: Ting-Lu|Stomping Tantrum|p1b: Flutter Mane\n|-damage|p1b: Flutter Mane|0 fnt\n|faint|p1b: Flutter Mane\n|-end|p1b: Flutter Mane|Protosynthesis|[silent]\n|\n|-damage|p1a: Palafin|54\/100 brn|[from] brn\n|upkeep\n|\n|t:|1682207518\n|switch|p2b: Flutter Mane|Flutter Mane, L50|100\/100 slp\n|turn|10\n|\n|t:|1682207542\n|cant|p2b: Flutter Mane|slp\n|move|p1a: Palafin|Wave Crash|p2b: Flutter Mane\n|-damage|p2b: Flutter Mane|0 fnt\n|faint|p2b: Flutter Mane\n|-end|p2b: Flutter Mane|Protosynthesis|[silent]\n|-damage|p1a: Palafin|29\/100 brn|[from] Recoil\n|move|p2a: Ting-Lu|Stomping Tantrum|p1a: Palafin\n|-damage|p1a: Palafin|0 fnt\n|faint|p1a: Palafin\n|\n|win|Wkr Yaspo\n|c|\u2606Angelowos|Gg\n|c|\u2606Wkr Yaspo|gg\n","uploadtime":1682207568,"views":2,"p1id":"angelowos","p2id":"wkryaspo","formatid":"gen9vgc2023regulationc","rating":0,"private":0,"password":""}