{"id":"gen9vgc2023regulationc-1845253750","p1":"Tangwa147","p2":"gengargastly","format":"[Gen 9] VGC 2023 Regulation C","log":"|j|\u2606Tangwa147\n|j|\u2606gengargastly\n|t:|1681702612\n|gametype|doubles\n|player|p1|Tangwa147|265|1432\n|player|p2|gengargastly|sabrina-masters|1510\n|teamsize|p1|6\n|teamsize|p2|6\n|gen|9\n|tier|[Gen 9] VGC 2023 Regulation C\n|rated|\n|rule|Species Clause: Limit one of each Pok\u00e9mon\n|rule|Item Clause: Limit one of each item\n|clearpoke\n|poke|p1|Ting-Lu, L50|\n|poke|p1|Gyarados, L50, F|\n|poke|p1|Grimmsnarl, L50, M|\n|poke|p1|Misdreavus, L50, M|\n|poke|p1|Scizor, L50, F|\n|poke|p1|Breloom, L50, F|\n|poke|p2|Flutter Mane, L50|\n|poke|p2|Rotom-Wash, L50|\n|poke|p2|Garchomp, L50, M|\n|poke|p2|Scizor, L50, F|\n|poke|p2|Baxcalibur, L50, F|\n|poke|p2|Talonflame, L50, F|\n|teampreview|4\n|inactive|Battle timer is ON: inactive players will automatically lose when time's up. (requested by gengargastly)\n|j| I guess I am here\n|c| I guess I am here|Breloom based\n|c| I guess I am here|talonflame literal cancer\n|j| pot ledom\n|c| I guess I am here|Personal favourite mon\n|inactive|Tangwa147 has 60 seconds left.\n|inactive|gengargastly has 60 seconds left.\n|\n|t:|1681702661\n|start\n|switch|p1a: Grimmsnarl|Grimmsnarl, L50, M|100\/100\n|switch|p1b: Scizor|Scizor, L50, F|100\/100\n|switch|p2a: Talonflame|Talonflame, L50, F|100\/100\n|switch|p2b: Flutter Mane|Flutter Mane, L50|100\/100\n|-enditem|p2b: Flutter Mane|Booster Energy\n|-activate|p2b: Flutter Mane|ability: Protosynthesis|[fromitem]\n|-start|p2b: Flutter Mane|protosynthesisspe\n|turn|1\n|\n|t:|1681702680\n|-terastallize|p1b: Scizor|Fire\n|move|p2b: Flutter Mane|Protect|p2b: Flutter Mane\n|-singleturn|p2b: Flutter Mane|Protect\n|move|p1a: Grimmsnarl|Light Screen|p1a: Grimmsnarl\n|-sidestart|p1: Tangwa147|move: Light Screen\n|move|p2a: Talonflame|Will-O-Wisp|p1b: Scizor\n|-immune|p1b: Scizor\n|move|p1b: Scizor|Swords Dance|p1b: Scizor\n|-boost|p1b: Scizor|atk|2\n|\n|upkeep\n|turn|2\n|\n|t:|1681702697\n|-end|p2b: Flutter Mane|Protosynthesis|[silent]\n|switch|p2b: Rotom|Rotom-Wash, L50|100\/100\n|move|p2a: Talonflame|Brave Bird|p1b: Scizor\n|-damage|p1b: Scizor|67\/100\n|-damage|p2a: Talonflame|90\/100|[from] Recoil\n|move|p1b: Scizor|Bullet Punch|p2b: Rotom\n|-resisted|p2b: Rotom\n|-damage|p2b: Rotom|83\/100\n|move|p1a: Grimmsnarl|Foul Play|p2a: Talonflame\n|-damage|p2a: Talonflame|52\/100\n|\n|upkeep\n|turn|3\n|\n|t:|1681702720\n|move|p1b: Scizor|Protect|p1b: Scizor\n|-singleturn|p1b: Scizor|Protect\n|move|p1a: Grimmsnarl|Reflect|p1a: Grimmsnarl\n|-sidestart|p1: Tangwa147|Reflect\n|move|p2a: Talonflame|Tailwind|p2a: Talonflame\n|-sidestart|p2: gengargastly|move: Tailwind\n|move|p2b: Rotom|Hydro Pump|p1b: Scizor\n|-activate|p1b: Scizor|move: Protect\n|\n|upkeep\n|turn|4\n|inactive|Tangwa147 has 30 seconds left.\n|\n|t:|1681702749\n|move|p2a: Talonflame|Will-O-Wisp|p1a: Grimmsnarl\n|-status|p1a: Grimmsnarl|brn\n|move|p2b: Rotom|Hydro Pump|p1b: Scizor\n|-supereffective|p1b: Scizor\n|-damage|p1b: Scizor|0 fnt\n|faint|p1b: Scizor\n|move|p1a: Grimmsnarl|Foul Play|p2a: Talonflame\n|-damage|p2a: Talonflame|36\/100\n|\n|-damage|p1a: Grimmsnarl|95\/100 brn|[from] brn\n|upkeep\n|\n|t:|1681702760\n|switch|p1b: Gyarados|Gyarados, L50, F|100\/100\n|-ability|p1b: Gyarados|Intimidate|boost\n|-unboost|p2a: Talonflame|atk|1\n|-unboost|p2b: Rotom|atk|1\n|turn|5\n|\n|t:|1681702775\n|move|p2a: Talonflame|Protect|p2a: Talonflame\n|-singleturn|p2a: Talonflame|Protect\n|move|p1b: Gyarados|Protect|p1b: Gyarados\n|-singleturn|p1b: Gyarados|Protect\n|move|p2b: Rotom|Discharge|p1a: Grimmsnarl|[spread] p1a\n|-activate|p2a: Talonflame|move: Protect\n|-activate|p1b: Gyarados|move: Protect\n|-damage|p1a: Grimmsnarl|78\/100 brn\n|move|p1a: Grimmsnarl|Foul Play|p2a: Talonflame\n|-activate|p2a: Talonflame|move: Protect\n|\n|-damage|p1a: Grimmsnarl|72\/100 brn|[from] brn\n|upkeep\n|turn|6\n|\n|t:|1681702796\n|switch|p2a: Garchomp|Garchomp, L50, M|100\/100\n|move|p2b: Rotom|Discharge|p1a: Grimmsnarl|[spread] p1a,p1b\n|-immune|p2a: Garchomp\n|-supereffective|p1b: Gyarados\n|-crit|p1b: Gyarados\n|-damage|p1a: Grimmsnarl|56\/100 brn\n|-damage|p1b: Gyarados|0 fnt\n|faint|p1b: Gyarados\n|move|p1a: Grimmsnarl|Foul Play|p2a: Garchomp\n|-damage|p2a: Garchomp|79\/100\n|-damage|p1a: Grimmsnarl|44\/100 brn|[from] ability: Rough Skin|[of] p2a: Garchomp\n|\n|-damage|p1a: Grimmsnarl|38\/100 brn|[from] brn\n|-sideend|p2: gengargastly|move: Tailwind\n|upkeep\n|l| pot ledom\n|-message|Tangwa147 forfeited.\n|\n|win|gengargastly\n|raw|Tangwa147's rating: 1432 → 1416<\/strong> (-16 for losing)\n|raw|gengargastly's rating: 1510 → 1526<\/strong> (+16 for winning)\n|l|\u2606Tangwa147\n","uploadtime":1681702664,"views":6,"p1id":"tangwa147","p2id":"gengargastly","formatid":"gen9vgc2023regulationc","rating":1416,"private":0,"password":""}