{"id":"gen9vgc2023regulationc-1845051688","p1":"Codudu5566","p2":"That_Leek","format":"[Gen 9] VGC 2023 Regulation C","log":"|j|\u2606Codudu5566\n|j|\u2606That_Leek\n|t:|1681678085\n|gametype|doubles\n|player|p1|Codudu5566|lady-gen4|1284\n|player|p2|That_Leek|blue|1293\n|teamsize|p1|6\n|teamsize|p2|6\n|gen|9\n|tier|[Gen 9] VGC 2023 Regulation C\n|rated|\n|rule|Species Clause: Limit one of each Pok\u00e9mon\n|rule|Item Clause: Limit one of each item\n|clearpoke\n|poke|p1|Gholdengo, L50|\n|poke|p1|Baxcalibur, L50, M|\n|poke|p1|Braviary, L50, M|\n|poke|p1|Flutter Mane, L50|\n|poke|p1|Tauros-Paldea-Aqua, L50, M|\n|poke|p1|Chi-Yu, L50|\n|poke|p2|Tyranitar, L50, F|\n|poke|p2|Gothitelle, L50, M|\n|poke|p2|Gholdengo, L50|\n|poke|p2|Amoonguss, L50, M|\n|poke|p2|Azumarill, L50, M|\n|poke|p2|Arcanine, L50, F|\n|teampreview|4\nThat_Leek has agreed to open team sheets.\n|inactive|Battle timer is ON: inactive players will automatically lose when time's up. (requested by Codudu5566)\n|inactive|Codudu5566 has 60 seconds left.\n|\n|t:|1681678135\n|start\n|switch|p1a: Braviary|Braviary, L50, M|100\/100\n|switch|p1b: Tauros|Tauros-Paldea-Aqua, L50, M|100\/100\n|switch|p2a: Tyranitar|Tyranitar, L50, F|100\/100\n|switch|p2b: Gothitelle|Gothitelle, L50, M|100\/100\n|-ability|p1b: Tauros|Intimidate|boost\n|-unboost|p2a: Tyranitar|atk|1\n|-unboost|p2b: Gothitelle|atk|1\n|-weather|Sandstorm|[from] ability: Sand Stream|[of] p2a: Tyranitar\n|turn|1\n|inactive|Codudu5566 has 30 seconds left.\n|inactive|Codudu5566 has 20 seconds left.\n|inactive|Codudu5566 has 15 seconds left.\n|\n|t:|1681678179\n|switch|p2a: Arcanine|Arcanine, L50, F|100\/100\n|-ability|p2a: Arcanine|Intimidate|boost\n|-unboost|p1a: Braviary|atk|1\n|-ability|p1a: Braviary|Defiant|boost\n|-boost|p1a: Braviary|atk|2\n|-unboost|p1b: Tauros|atk|1\n|move|p1b: Tauros|Wave Crash|p2b: Gothitelle\n|-damage|p2b: Gothitelle|66\/100\n|-damage|p1b: Tauros|87\/100|[from] Recoil\n|move|p1a: Braviary|Close Combat|p2a: Arcanine\n|-damage|p2a: Arcanine|34\/100\n|-unboost|p1a: Braviary|def|1\n|-unboost|p1a: Braviary|spd|1\n|move|p2b: Gothitelle|Trick Room|p2b: Gothitelle\n|-fieldstart|move: Trick Room|[of] p2b: Gothitelle\n|\n|-weather|Sandstorm|[upkeep]\n|-damage|p2b: Gothitelle|60\/100|[from] Sandstorm\n|-damage|p1a: Braviary|95\/100|[from] Sandstorm\n|-damage|p1b: Tauros|81\/100|[from] Sandstorm\n|upkeep\n|turn|2\n|inactive|Codudu5566 has 30 seconds left.\n|inactive|That_Leek has 30 seconds left.\n|inactive|Codudu5566 has 20 seconds left.\n|\n|t:|1681678215\n|move|p1b: Tauros|Aqua Jet|p2a: Arcanine\n|-supereffective|p2a: Arcanine\n|-damage|p2a: Arcanine|6\/100\n|move|p2b: Gothitelle|Psychic|p1b: Tauros\n|-supereffective|p1b: Tauros\n|-damage|p1b: Tauros|0 fnt\n|faint|p1b: Tauros\n|move|p1a: Braviary|Brave Bird|p2b: Gothitelle\n|-damage|p2b: Gothitelle|0 fnt\n|faint|p2b: Gothitelle\n|-damage|p1a: Braviary|78\/100|[from] Recoil\n|move|p2a: Arcanine|Flare Blitz|p1a: Braviary\n|-damage|p1a: Braviary|0 fnt\n|faint|p1a: Braviary\n|-damage|p2a: Arcanine|0 fnt|[from] Recoil\n|faint|p2a: Arcanine\n|\n|-weather|Sandstorm|[upkeep]\n|upkeep\n|\n|t:|1681678232\n|switch|p2b: Azumarill|Azumarill, L50, M|100\/100\n|switch|p1a: Flutter Mane|Flutter Mane, L50|100\/100\n|switch|p2a: Tyranitar|Tyranitar, L50, F|100\/100\n|switch|p1b: Gholdengo|Gholdengo, L50|100\/100\n|turn|3\n|\n|t:|1681678252\n|-terastallize|p2a: Tyranitar|Flying\n|-terastallize|p1a: Flutter Mane|Grass\n|move|p2b: Azumarill|Liquidation|p1a: Flutter Mane\n|-resisted|p1a: Flutter Mane\n|-crit|p1a: Flutter Mane\n|-damage|p1a: Flutter Mane|9\/100\n|move|p2a: Tyranitar|Crunch|p1b: Gholdengo\n|-supereffective|p1b: Gholdengo\n|-damage|p1b: Gholdengo|3\/100\n|-unboost|p1b: Gholdengo|def|1\n|move|p1b: Gholdengo|Make It Rain|p2a: Tyranitar|[spread] p2a,p2b\n|-damage|p2a: Tyranitar|72\/100\n|-damage|p2b: Azumarill|44\/100\n|-unboost|p1b: Gholdengo|spa|1\n|move|p1a: Flutter Mane|Energy Ball|p2b: Azumarill\n|-supereffective|p2b: Azumarill\n|-damage|p2b: Azumarill|0 fnt\n|faint|p2b: Azumarill\n|\n|-weather|Sandstorm|[upkeep]\n|-damage|p2a: Tyranitar|67\/100|[from] Sandstorm\n|-damage|p1a: Flutter Mane|3\/100|[from] Sandstorm\n|-heal|p1b: Gholdengo|9\/100|[from] item: Leftovers\n|upkeep\n|turn|4\n|inactive|Codudu5566 has 30 seconds left.\n|\n|t:|1681678281\n|move|p2a: Tyranitar|Crunch|p1a: Flutter Mane\n|-damage|p1a: Flutter Mane|0 fnt\n|faint|p1a: Flutter Mane\n|-end|p1a: Flutter Mane|Protosynthesis|[silent]\n|move|p1b: Gholdengo|Thunderbolt|p2a: Tyranitar\n|-supereffective|p2a: Tyranitar\n|-damage|p2a: Tyranitar|37\/100\n|\n|-weather|Sandstorm|[upkeep]\n|-damage|p2a: Tyranitar|31\/100|[from] Sandstorm\n|-heal|p1b: Gholdengo|14\/100|[from] item: Leftovers\n|upkeep\n|turn|5\n|\n|t:|1681678296\n|move|p1b: Gholdengo|Protect|p1b: Gholdengo\n|-singleturn|p1b: Gholdengo|Protect\n|move|p2a: Tyranitar|Crunch|p1b: Gholdengo\n|-activate|p1b: Gholdengo|move: Protect\n|\n|-weather|none\n|-heal|p1b: Gholdengo|20\/100|[from] item: Leftovers\n|-fieldend|move: Trick Room\n|upkeep\n|turn|6\n|\n|t:|1681678305\n|move|p1b: Gholdengo|Thunderbolt|p2a: Tyranitar\n|-supereffective|p2a: Tyranitar\n|-damage|p2a: Tyranitar|4\/100\n|-status|p2a: Tyranitar|par\n|move|p2a: Tyranitar|Crunch|p1b: Gholdengo\n|-supereffective|p1b: Gholdengo\n|-damage|p1b: Gholdengo|0 fnt\n|faint|p1b: Gholdengo\n|\n|win|That_Leek\n|raw|Codudu5566's rating: 1284 → 1260<\/strong> (-24 for losing)\n|raw|That_Leek's rating: 1293 → 1317<\/strong> (+24 for winning)\n","uploadtime":1681678310,"views":6,"p1id":"codudu5566","p2id":"thatleek","formatid":"gen9vgc2023regulationc","rating":1260,"private":0,"password":""}