{"id":"gen9vgc2023regulationc-1850852338","p1":"OneWithTheSnom","p2":"bumbumber","format":"[Gen 9] VGC 2023 Regulation C","log":"|j|\u2606OneWithTheSnom\n|j|\u2606bumbumber\n|t:|1682374439\n|gametype|doubles\n|player|p1|OneWithTheSnom|gladion|1096\n|player|p2|bumbumber|1|1192\n|teamsize|p1|6\n|teamsize|p2|6\n|gen|9\n|tier|[Gen 9] VGC 2023 Regulation C\n|rated|\n|rule|Species Clause: Limit one of each Pok\u00e9mon\n|rule|Item Clause: Limit one of each item\n|clearpoke\n|poke|p1|Scizor, L50, M|\n|poke|p1|Ting-Lu, L50|\n|poke|p1|Sylveon, L50, F|\n|poke|p1|Iron Hands, L50|\n|poke|p1|Palafin, L50, F|\n|poke|p1|Skeledirge, L50, M|\n|poke|p2|Maushold-Four, L50|\n|poke|p2|Amoonguss, L50, F|\n|poke|p2|Bombirdier, L50, M|\n|poke|p2|Murkrow, L50, F|\n|poke|p2|Gyarados, L50, F|\n|poke|p2|Chien-Pao, L50|\n|teampreview|4\n|inactive|Battle timer is ON: inactive players will automatically lose when time's up. (requested by OneWithTheSnom)\n|inactive|bumbumber has 60 seconds left.\n|\n|t:|1682374470\n|start\n|switch|p1a: Scizor|Scizor, L50, M|100\/100\n|switch|p1b: Iron Hands|Iron Hands, L50|100\/100\n|switch|p2a: Murkrow|Murkrow, L50, F|100\/100\n|switch|p2b: Amoonguss|Amoonguss, L50, F|100\/100\n|turn|1\n|\n|t:|1682374489\n|move|p1b: Iron Hands|Fake Out|p2a: Murkrow\n|-damage|p2a: Murkrow|69\/100\n|cant|p2a: Murkrow|flinch\n|move|p1a: Scizor|Bullet Punch|p2a: Murkrow\n|-damage|p2a: Murkrow|0 fnt\n|faint|p2a: Murkrow\n|-damage|p1a: Scizor|91\/100|[from] item: Life Orb\n|move|p2b: Amoonguss|Spore|p1b: Iron Hands\n|-status|p1b: Iron Hands|slp|[from] move: Spore\n|\n|upkeep\n|inactive|bumbumber has 30 seconds left.\n|\n|t:|1682374516\n|switch|p2a: Bombirdier|Bombirdier, L50, M|100\/100\n|turn|2\n|\n|t:|1682374533\n|-end|p1b: Iron Hands|Quark Drive|[silent]\n|switch|p1b: Sylveon|Sylveon, L50, F|100\/100\n|move|p1a: Scizor|Protect|p1a: Scizor\n|-singleturn|p1a: Scizor|Protect\n|move|p2b: Amoonguss|Rage Powder|p2b: Amoonguss\n|-singleturn|p2b: Amoonguss|move: Rage Powder\n|move|p2a: Bombirdier|Rock Slide|p1b: Sylveon|[spread] p1b\n|-activate|p1a: Scizor|move: Protect\n|-damage|p1b: Sylveon|54\/100\n|\n|upkeep\n|turn|3\n|\n|t:|1682374556\n|-terastallize|p2a: Bombirdier|Rock\n|move|p2b: Amoonguss|Rage Powder|p2b: Amoonguss\n|-singleturn|p2b: Amoonguss|move: Rage Powder\n|move|p2a: Bombirdier|Rock Slide|p1b: Sylveon|[spread] p1a,p1b\n|-damage|p1a: Scizor|37\/100\n|-damage|p1b: Sylveon|0 fnt\n|faint|p1b: Sylveon\n|cant|p1a: Scizor|flinch\n|\n|upkeep\n|\n|t:|1682374564\n|switch|p1b: Skeledirge|Skeledirge, L50, M|100\/100\n|turn|4\n|\n|t:|1682374577\n|-terastallize|p1b: Skeledirge|Grass\n|move|p2b: Amoonguss|Rage Powder|p2b: Amoonguss\n|-singleturn|p2b: Amoonguss|move: Rage Powder\n|move|p1a: Scizor|Bullet Punch|p2b: Amoonguss\n|-damage|p2b: Amoonguss|69\/100\n|-damage|p1a: Scizor|27\/100|[from] item: Life Orb\n|move|p2a: Bombirdier|Rock Slide|p1a: Scizor|[spread] p1a,p1b\n|-damage|p1a: Scizor|0 fnt\n|-damage|p1b: Skeledirge|42\/100\n|faint|p1a: Scizor\n|move|p1b: Skeledirge|Torch Song|p2b: Amoonguss\n|-supereffective|p2b: Amoonguss\n|-damage|p2b: Amoonguss|0 fnt\n|-boost|p1b: Skeledirge|spa|1\n|faint|p2b: Amoonguss\n|\n|-heal|p1b: Skeledirge|48\/100|[from] item: Leftovers\n|upkeep\n|\n|t:|1682374589\n|switch|p1a: Iron Hands|Iron Hands, L50|100\/100 slp\n|switch|p2b: Chien-Pao|Chien-Pao, L50|100\/100\n|-ability|p2b: Chien-Pao|Sword of Ruin\n|turn|5\n|\n|t:|1682374609\n|move|p1b: Skeledirge|Protect|p1b: Skeledirge\n|-singleturn|p1b: Skeledirge|Protect\n|cant|p1a: Iron Hands|slp\n|move|p2b: Chien-Pao|Ice Spinner|p1b: Skeledirge\n|-activate|p1b: Skeledirge|move: Protect\n|move|p2a: Bombirdier|Rock Slide|p1b: Skeledirge|[spread] p1a\n|-activate|p1b: Skeledirge|move: Protect\n|-resisted|p1a: Iron Hands\n|-damage|p1a: Iron Hands|75\/100 slp\n|\n|-heal|p1b: Skeledirge|53\/100|[from] item: Leftovers\n|upkeep\n|turn|6\n|inactive|bumbumber has 30 seconds left.\n|\n|t:|1682374634\n|move|p2b: Chien-Pao|Ice Spinner|p1a: Iron Hands\n|-damage|p1a: Iron Hands|35\/100 slp\n|-enditem|p1a: Iron Hands|Sitrus Berry|[eat]\n|-heal|p1a: Iron Hands|60\/100 slp|[from] item: Sitrus Berry\n|-damage|p2b: Chien-Pao|91\/100|[from] item: Life Orb\n|move|p2a: Bombirdier|Rock Slide|p1a: Iron Hands|[spread] p1a,p1b\n|-resisted|p1a: Iron Hands\n|-damage|p1a: Iron Hands|36\/100 slp\n|-damage|p1b: Skeledirge|0 fnt\n|faint|p1b: Skeledirge\n|-curestatus|p1a: Iron Hands|slp|[msg]\n|cant|p1a: Iron Hands|flinch\n|\n|upkeep\n|turn|7\n|\n|t:|1682374647\n|move|p2b: Chien-Pao|Ice Spinner|p1a: Iron Hands\n|-damage|p1a: Iron Hands|0 fnt\n|faint|p1a: Iron Hands\n|-end|p1a: Iron Hands|Quark Drive|[silent]\n|-damage|p2b: Chien-Pao|81\/100|[from] item: Life Orb\n|\n|win|bumbumber\n|raw|OneWithTheSnom's rating: 1070 → 1056<\/strong> (-14 for losing)\n|raw|bumbumber's rating: 1192 → 1209<\/strong> (+17 for winning)\n|c|\u2606OneWithTheSnom|gg\n","uploadtime":1682374653,"views":14,"p1id":"onewiththesnom","p2id":"bumbumber","formatid":"gen9vgc2023regulationc","rating":1056,"private":0,"password":""}