{"id":"gen9vgc2023regulationc-1845943547","p1":"gankyburner","p2":"bobbadger82","format":"[Gen 9] VGC 2023 Regulation C","log":"|j|\u2606gankyburner\n|j|\u2606bobbadger82\n|t:|1681782098\n|gametype|doubles\n|player|p1|gankyburner|169|1178\n|player|p2|bobbadger82|2|1150\n|teamsize|p1|6\n|teamsize|p2|6\n|gen|9\n|tier|[Gen 9] VGC 2023 Regulation C\n|rated|\n|rule|Species Clause: Limit one of each Pok\u00e9mon\n|rule|Item Clause: Limit one of each item\n|clearpoke\n|poke|p1|Murkrow, L50, F|\n|poke|p1|Tyranitar, L50, M|\n|poke|p1|Houndstone, L50, F|\n|poke|p1|Chi-Yu, L50|\n|poke|p1|Corviknight, L50, M|\n|poke|p1|Leafeon, L50, M|\n|poke|p2|Roaring Moon, L50|\n|poke|p2|Dragapult, L50, F|\n|poke|p2|Garchomp, L50, M|\n|poke|p2|Noivern, L50, F|\n|poke|p2|Dragonite, L50, F|\n|poke|p2|Salamence, L50, M|\n|teampreview|4\n|c|\u2606gankyburner|ooooo\n|c|\u2606gankyburner|dragons....\n|c|\u2606bobbadger82|indeed\n|c|\u2606bobbadger82|it's fun\n|c|\u2606bobbadger82|gl hf\n|c|\u2606gankyburner|you as well\n|inactive|Battle timer is ON: inactive players will automatically lose when time's up. (requested by bobbadger82)\n|\n|t:|1681782146\n|start\n|switch|p1a: Dragula|Houndstone, L50, F, shiny|100\/100\n|switch|p1b: Mr. Jones|Corviknight, L50, M|100\/100\n|switch|p2a: Noivern|Noivern, L50, F|100\/100\n|switch|p2b: Garchomp|Garchomp, L50, M|100\/100\n|-item|p1a: Dragula|Wide Lens|[from] ability: Frisk|[of] p2a: Noivern|[identify]\n|-item|p1b: Mr. Jones|Choice Band|[from] ability: Frisk|[of] p2a: Noivern|[identify]\n|turn|1\n|inactive|bobbadger82 has 30 seconds left.\n|\n|t:|1681782172\n|switch|p1b: Godzilla|Tyranitar, L50, M, shiny|100\/100\n|-weather|Sandstorm|[from] ability: Sand Stream|[of] p1b: Godzilla\n|move|p1a: Dragula|Will-O-Wisp|p2b: Garchomp\n|-status|p2b: Garchomp|brn\n|move|p2a: Noivern|Taunt|p1a: Dragula\n|-start|p1a: Dragula|move: Taunt\n|move|p2b: Garchomp|Rock Slide|p1a: Dragula|[spread] p1a,p1b\n|-damage|p1a: Dragula|86\/100\n|-damage|p1b: Godzilla|90\/100\n|-damage|p2b: Garchomp|91\/100 brn|[from] item: Life Orb\n|\n|-weather|Sandstorm|[upkeep]\n|-damage|p2a: Noivern|94\/100|[from] Sandstorm\n|-damage|p2b: Garchomp|85\/100 brn|[from] brn\n|upkeep\n|turn|2\n|\n|t:|1681782194\n|switch|p1b: Mr. Jones|Corviknight, L50, M|100\/100\n|move|p1a: Dragula|Play Rough|p2a: Noivern\n|-supereffective|p2a: Noivern\n|-damage|p2a: Noivern|42\/100\n|move|p2a: Noivern|Tailwind|p2a: Noivern\n|-sidestart|p2: bobbadger82|move: Tailwind\n|move|p2b: Garchomp|Brick Break|p1b: Mr. Jones\n|-damage|p1b: Mr. Jones|82\/100\n|-damage|p2b: Garchomp|75\/100 brn|[from] item: Life Orb\n|\n|-weather|Sandstorm|[upkeep]\n|-damage|p2a: Noivern|36\/100|[from] Sandstorm\n|-damage|p2b: Garchomp|70\/100 brn|[from] brn\n|upkeep\n|turn|3\n|inactive|gankyburner has 30 seconds left.\n|\n|t:|1681782222\n|move|p2a: Noivern|Shadow Ball|p1a: Dragula\n|-supereffective|p1a: Dragula\n|-damage|p1a: Dragula|48\/100\n|move|p2b: Garchomp|Earthquake|p1a: Dragula|[spread] p1a\n|-immune|p2a: Noivern\n|-immune|p1b: Mr. Jones\n|-crit|p1a: Dragula\n|-damage|p1a: Dragula|7\/100\n|-damage|p2b: Garchomp|60\/100 brn|[from] item: Life Orb\n|move|p1a: Dragula|Play Rough|p2a: Noivern|[miss]\n|-miss|p1a: Dragula|p2a: Noivern\n|move|p1b: Mr. Jones|Iron Head|p2a: Noivern\n|-damage|p2a: Noivern|0 fnt\n|faint|p2a: Noivern\n|\n|-weather|Sandstorm|[upkeep]\n|-damage|p2b: Garchomp|54\/100 brn|[from] brn\n|upkeep\n|\n|t:|1681782240\n|switch|p2a: Salamence|Salamence, L50, M|100\/100\n|-ability|p2a: Salamence|Intimidate|boost\n|-unboost|p1a: Dragula|atk|1\n|-ability|p1b: Mr. Jones|Mirror Armor\n|-unboost|p2a: Salamence|atk|1\n|turn|4\n|\n|t:|1681782251\n|switch|p1a: C'mon C'mon|Murkrow, L50, F|100\/100\n|move|p2a: Salamence|Heat Wave|p1a: C'mon C'mon|[spread] p1a,p1b\n|-supereffective|p1b: Mr. Jones\n|-damage|p1a: C'mon C'mon|73\/100\n|-damage|p1b: Mr. Jones|27\/100\n|move|p2b: Garchomp|Brick Break|p1b: Mr. Jones\n|-damage|p1b: Mr. Jones|9\/100\n|-damage|p2b: Garchomp|45\/100 brn|[from] item: Life Orb\n|move|p1b: Mr. Jones|Iron Head|p2a: Salamence\n|-damage|p2a: Salamence|36\/100\n|\n|-weather|Sandstorm|[upkeep]\n|-damage|p2a: Salamence|30\/100|[from] Sandstorm\n|-damage|p1a: C'mon C'mon|67\/100|[from] Sandstorm\n|-damage|p2b: Garchomp|39\/100 brn|[from] brn\n|upkeep\n|turn|5\n|\n|t:|1681782274\n|move|p1a: C'mon C'mon|Tailwind|p1a: C'mon C'mon\n|-sidestart|p1: gankyburner|move: Tailwind\n|move|p2a: Salamence|Heat Wave|p1a: C'mon C'mon|[spread] p1a,p1b\n|-supereffective|p1b: Mr. Jones\n|-damage|p1a: C'mon C'mon|41\/100\n|-damage|p1b: Mr. Jones|0 fnt\n|faint|p1b: Mr. Jones\n|move|p2b: Garchomp|Rock Slide|p1a: C'mon C'mon\n|-supereffective|p1a: C'mon C'mon\n|-damage|p1a: C'mon C'mon|4\/100\n|-damage|p2b: Garchomp|29\/100 brn|[from] item: Life Orb\n|\n|-weather|none\n|-damage|p2b: Garchomp|23\/100 brn|[from] brn\n|-sideend|p2: bobbadger82|move: Tailwind\n|upkeep\n|\n|t:|1681782287\n|switch|p1b: Godzilla|Tyranitar, L50, M, shiny|90\/100\n|-weather|Sandstorm|[from] ability: Sand Stream|[of] p1b: Godzilla\n|turn|6\n|inactive|bobbadger82 has 30 seconds left.\n|\n|t:|1681782313\n|-terastallize|p1b: Godzilla|Flying\n|move|p1a: C'mon C'mon|Foul Play|p2b: Garchomp\n|-damage|p2b: Garchomp|0 fnt\n|-damage|p1a: C'mon C'mon|0 fnt|[from] ability: Rough Skin|[of] p2b: Garchomp\n|faint|p2b: Garchomp\n|faint|p1a: C'mon C'mon\n|move|p1b: Godzilla|Rock Slide|p2a: Salamence\n|-supereffective|p2a: Salamence\n|-damage|p2a: Salamence|0 fnt\n|faint|p2a: Salamence\n|\n|-weather|Sandstorm|[upkeep]\n|-damage|p1b: Godzilla|84\/100|[from] Sandstorm\n|upkeep\n|\n|t:|1681782327\n|switch|p2b: Roaring Moon|Roaring Moon, L50|100\/100\n|switch|p1a: Dragula|Houndstone, L50, F, shiny|7\/100\n|-enditem|p2b: Roaring Moon|Booster Energy\n|-activate|p2b: Roaring Moon|ability: Protosynthesis|[fromitem]\n|-start|p2b: Roaring Moon|protosynthesisatk\n|turn|7\n|\n|t:|1681782340\n|move|p2b: Roaring Moon|Protect|p2b: Roaring Moon\n|-singleturn|p2b: Roaring Moon|Protect\n|move|p1a: Dragula|Will-O-Wisp|p2b: Roaring Moon\n|-activate|p2b: Roaring Moon|move: Protect\n|move|p1b: Godzilla|Low Kick|p2b: Roaring Moon\n|-activate|p2b: Roaring Moon|move: Protect\n|\n|-weather|Sandstorm|[upkeep]\n|-damage|p2b: Roaring Moon|95\/100|[from] Sandstorm\n|-damage|p1b: Godzilla|78\/100|[from] Sandstorm\n|upkeep\n|turn|8\n|\n|t:|1681782356\n|-terastallize|p2b: Roaring Moon|Flying\n|move|p1a: Dragula|Will-O-Wisp|p2b: Roaring Moon\n|-status|p2b: Roaring Moon|brn\n|move|p2b: Roaring Moon|Throat Chop|p1a: Dragula\n|-supereffective|p1a: Dragula\n|-damage|p1a: Dragula|0 fnt\n|faint|p1a: Dragula\n|move|p1b: Godzilla|Low Kick|p2b: Roaring Moon\n|-resisted|p2b: Roaring Moon\n|-damage|p2b: Roaring Moon|67\/100 brn\n|\n|-weather|Sandstorm|[upkeep]\n|-damage|p2b: Roaring Moon|61\/100 brn|[from] Sandstorm\n|-damage|p1b: Godzilla|72\/100|[from] Sandstorm\n|-damage|p2b: Roaring Moon|55\/100 brn|[from] brn\n|-sideend|p1: gankyburner|move: Tailwind\n|upkeep\n|turn|9\n|\n|t:|1681782376\n|move|p2b: Roaring Moon|Iron Head|p1b: Godzilla\n|-damage|p1b: Godzilla|56\/100\n|move|p1b: Godzilla|Rock Slide|p2b: Roaring Moon\n|-supereffective|p2b: Roaring Moon\n|-damage|p2b: Roaring Moon|0 fnt\n|faint|p2b: Roaring Moon\n|-end|p2b: Roaring Moon|Protosynthesis|[silent]\n|\n|win|gankyburner\n|raw|gankyburner's rating: 1178 → 1201<\/strong> (+23 for winning)\n|raw|bobbadger82's rating: 1150 → 1127<\/strong> (-23 for losing)\n|c|\u2606gankyburner|gG!\n|c|\u2606gankyburner|gl next!\n|c|\u2606bobbadger82|gg\n|c|\u2606bobbadger82|you too\n|l|\u2606bobbadger82\n","uploadtime":1681782397,"views":6,"p1id":"gankyburner","p2id":"bobbadger82","formatid":"gen9vgc2023regulationc","rating":1127,"private":0,"password":""}