{"id":"gen9vgc2023regulationc-1855489600","p1":"PPTLapia","p2":"u got dirged","format":"[Gen 9] VGC 2023 Regulation C","log":"|j|\u2606PPTLapia\n|j|\u2606u got dirged\n|t:|1682956091\n|gametype|doubles\n|player|p1|PPTLapia|shauntal|1267\n|player|p2|u got dirged|flannery|1358\n|teamsize|p1|6\n|teamsize|p2|6\n|gen|9\n|tier|[Gen 9] VGC 2023 Regulation C\n|rated|\n|rule|Species Clause: Limit one of each Pok\u00e9mon\n|rule|Item Clause: Limit one of each item\n|clearpoke\n|poke|p1|Ting-Lu, L50|\n|poke|p1|Arcanine, L50, M|\n|poke|p1|Amoonguss, L50, F|\n|poke|p1|Iron Hands, L50|\n|poke|p1|Pelipper, L50, F|\n|poke|p1|Drednaw, L50, M|\n|poke|p2|Kingambit, L50, M|\n|poke|p2|Flutter Mane, L50|\n|poke|p2|Scream Tail, L50|\n|poke|p2|Corviknight, L50, F|\n|poke|p2|Baxcalibur, L50, F|\n|poke|p2|Rotom-Wash, L50|\n|teampreview|4\n|inactive|Battle timer is ON: inactive players will automatically lose when time's up. (requested by PPTLapia)\nu got dirged has agreed to open team sheets.\nPPTLapia has agreed to open team sheets.\n|inactive|PPTLapia has 60 seconds left.\n|inactive|u got dirged has 60 seconds left.\n|inactive|u got dirged has 30 seconds left.\n|inactive|u got dirged has 20 seconds left.\n|\n|t:|1682956163\n|start\n|switch|p1a: Ting-Lu|Ting-Lu, L50|100\/100\n|switch|p1b: Iron Hands|Iron Hands, L50|100\/100\n|switch|p2a: Corviknight|Corviknight, L50, F, shiny|100\/100\n|switch|p2b: Rotom|Rotom-Wash, L50, shiny|100\/100\n|-ability|p1a: Ting-Lu|Vessel of Ruin\n|turn|1\n|inactive|PPTLapia has 30 seconds left.\n|inactive|u got dirged has 30 seconds left.\n|inactive|PPTLapia has 20 seconds left.\n|inactive|u got dirged has 20 seconds left.\n|\n|t:|1682956201\n|switch|p2b: Scream Tail|Scream Tail, L50, shiny|100\/100\n|-enditem|p2b: Scream Tail|Booster Energy\n|-activate|p2b: Scream Tail|ability: Protosynthesis|[fromitem]\n|-start|p2b: Scream Tail|protosynthesisspe\n|-terastallize|p1a: Ting-Lu|Grass\n|move|p2a: Corviknight|Brave Bird|p1a: Ting-Lu\n|-supereffective|p1a: Ting-Lu\n|-damage|p1a: Ting-Lu|55\/100\n|-damage|p2a: Corviknight|83\/100|[from] Recoil\n|move|p1a: Ting-Lu|Tera Blast|p2b: Scream Tail\n|-damage|p2b: Scream Tail|72\/100\n|move|p1b: Iron Hands|Swords Dance|p1b: Iron Hands\n|-boost|p1b: Iron Hands|atk|2\n|\n|upkeep\n|turn|2\n|\n|t:|1682956226\n|move|p2b: Scream Tail|Encore|p1b: Iron Hands\n|-start|p1b: Iron Hands|Encore\n|move|p2a: Corviknight|Brave Bird|p1a: Ting-Lu\n|-supereffective|p1a: Ting-Lu\n|-damage|p1a: Ting-Lu|13\/100\n|-damage|p2a: Corviknight|66\/100|[from] Recoil\n|move|p1a: Ting-Lu|Heavy Slam|p2b: Scream Tail\n|-supereffective|p2b: Scream Tail\n|-damage|p2b: Scream Tail|16\/100\n|move|p1b: Iron Hands|Swords Dance|p1b: Iron Hands\n|-boost|p1b: Iron Hands|atk|2\n|\n|upkeep\n|turn|3\n|inactive|u got dirged has 30 seconds left.\n|inactive|u got dirged has 20 seconds left.\n|inactive|u got dirged has 15 seconds left.\n|inactive|u got dirged has 10 seconds left.\n|\n|t:|1682956273\n|move|p2b: Scream Tail|Howl|p2b: Scream Tail|[spread] p2a,p2b\n|-boost|p2a: Corviknight|atk|1\n|-boost|p2b: Scream Tail|atk|1\n|move|p2a: Corviknight|Brave Bird|p1a: Ting-Lu\n|-supereffective|p1a: Ting-Lu\n|-damage|p1a: Ting-Lu|0 fnt\n|faint|p1a: Ting-Lu\n|-damage|p2a: Corviknight|61\/100|[from] Recoil\n|move|p1b: Iron Hands|Swords Dance|p1b: Iron Hands\n|-boost|p1b: Iron Hands|atk|2\n|\n|upkeep\n|\n|t:|1682956280\n|switch|p1a: Arcanine|Arcanine, L50, M|100\/100\n|-ability|p1a: Arcanine|Intimidate|boost\n|-ability|p2a: Corviknight|Mirror Armor\n|-unboost|p1a: Arcanine|atk|1\n|-unboost|p2b: Scream Tail|atk|1\n|turn|4\n|\n|t:|1682956290\n|move|p1a: Arcanine|Extreme Speed|p2b: Scream Tail\n|-damage|p2b: Scream Tail|2\/100\n|move|p2b: Scream Tail|Play Rough|p1b: Iron Hands\n|-supereffective|p1b: Iron Hands\n|-damage|p1b: Iron Hands|71\/100\n|move|p2a: Corviknight|Brave Bird|p1b: Iron Hands\n|-damage|p1b: Iron Hands|31\/100\n|-damage|p2a: Corviknight|47\/100|[from] Recoil\n|move|p1b: Iron Hands|Swords Dance|p1b: Iron Hands\n|-boost|p1b: Iron Hands|atk|0\n|\n|-end|p1b: Iron Hands|Encore\n|upkeep\n|turn|5\n|\n|t:|1682956311\n|move|p1a: Arcanine|Extreme Speed|p2b: Scream Tail\n|-damage|p2b: Scream Tail|0 fnt\n|faint|p2b: Scream Tail\n|-end|p2b: Scream Tail|Protosynthesis|[silent]\n|move|p2a: Corviknight|Brave Bird|p1b: Iron Hands\n|-damage|p1b: Iron Hands|0 fnt\n|faint|p1b: Iron Hands\n|-end|p1b: Iron Hands|Quark Drive|[silent]\n|-damage|p2a: Corviknight|35\/100|[from] Recoil\n|\n|upkeep\n|\n|t:|1682956320\n|switch|p2b: Baxcalibur|Baxcalibur, L50, F|100\/100\n|switch|p1b: Amoonguss|Amoonguss, L50, F|100\/100\n|turn|6\n|-message|PPTLapia forfeited.\n|\n|win|u got dirged\n|raw|PPTLapia's rating: 1267 → 1248<\/strong> (-19 for losing)\n|raw|u got dirged's rating: 1358 → 1373<\/strong> (+15 for winning)\n|l|\u2606PPTLapia\n","uploadtime":1682956334,"views":20,"p1id":"pptlapia","p2id":"ugotdirged","formatid":"gen9vgc2023regulationc","rating":1248,"private":0,"password":""}