{"id":"gen9vgc2023regulationc-1848838003","p1":"Entrenador2806","p2":"Akiraj2023","format":"[Gen 9] VGC 2023 Regulation C","log":"|j|\u2606Entrenador2806\n|j|\u2606Akiraj2023\n|t:|1682115902\n|gametype|doubles\n|player|p1|Entrenador2806|2|1153\n|player|p2|Akiraj2023|cyclist-gen4|1096\n|teamsize|p1|6\n|teamsize|p2|6\n|gen|9\n|tier|[Gen 9] VGC 2023 Regulation C\n|rated|\n|rule|Species Clause: Limit one of each Pok\u00e9mon\n|rule|Item Clause: Limit one of each item\n|clearpoke\n|poke|p1|Flutter Mane, L50|\n|poke|p1|Arcanine, L50, M|\n|poke|p1|Palafin, L50, M|\n|poke|p1|Amoonguss, L50, M|\n|poke|p1|Ting-Lu, L50|\n|poke|p1|Corviknight, L50, M|\n|poke|p2|Baxcalibur, L50, M|\n|poke|p2|Palafin, L50, F|\n|poke|p2|Flutter Mane, L50|\n|poke|p2|Amoonguss, L50, F|\n|poke|p2|Arcanine, L50, F|\n|poke|p2|Ting-Lu, L50|\n|teampreview|4\n|inactive|Battle timer is ON: inactive players will automatically lose when time's up. (requested by Akiraj2023)\nEntrenador2806 has agreed to open team sheets.\n|inactive|Entrenador2806 has 60 seconds left.\n|inactive|Entrenador2806 has 30 seconds left.\n|inactive|Entrenador2806 has 20 seconds left.\n|inactive|Entrenador2806 has 15 seconds left.\n|\n|t:|1682115982\n|start\n|switch|p1a: Arcanine|Arcanine, L50, M|100\/100\n|switch|p1b: Palafin|Palafin, L50, M|100\/100\n|switch|p2a: Baxcalibur|Baxcalibur, L50, M|100\/100\n|switch|p2b: Palafin|Palafin, L50, F, shiny|100\/100\n|-ability|p1a: Arcanine|Intimidate|boost\n|-unboost|p2a: Baxcalibur|atk|1\n|-unboost|p2b: Palafin|atk|1\n|turn|1\n|inactive|Entrenador2806 has 30 seconds left.\n|inactive|Akiraj2023 has 30 seconds left.\n|inactive|Entrenador2806 has 20 seconds left.\n|inactive|Akiraj2023 has 20 seconds left.\n|inactive|Entrenador2806 has 15 seconds left.\n|inactive|Entrenador2806 has 10 seconds left.\n|inactive|Entrenador2806 has 5 seconds left.\n|\n|t:|1682116034\n|switch|p2a: Arcanine|Arcanine, L50, F, shiny|100\/100\n|-ability|p2a: Arcanine|Intimidate|boost\n|-unboost|p1a: Arcanine|atk|1\n|-unboost|p1b: Palafin|atk|1\n|detailschange|p1b: Palafin|Palafin-Hero, L50, M\n|switch|p1b: Corviknight|Corviknight, L50, M|100\/100\n|move|p2b: Palafin|Protect|p2b: Palafin\n|-singleturn|p2b: Palafin|Protect\n|move|p1a: Arcanine|Will-O-Wisp|p2b: Palafin\n|-activate|p2b: Palafin|move: Protect\n|\n|upkeep\n|turn|2\n|inactive|Entrenador2806 has 30 seconds left.\n|inactive|Entrenador2806 has 20 seconds left.\n|inactive|Entrenador2806 has 15 seconds left.\n|inactive|Entrenador2806 has 10 seconds left.\n|\n|t:|1682116083\n|detailschange|p2b: Palafin|Palafin-Hero, L50, F, shiny\n|switch|p2b: Amoonguss|Amoonguss, L50, F, shiny|100\/100\n|move|p2a: Arcanine|Flare Blitz|p1b: Corviknight\n|-supereffective|p1b: Corviknight\n|-damage|p1b: Corviknight|21\/100\n|-damage|p2a: Arcanine|73\/100|[from] Recoil\n|move|p1a: Arcanine|Howl|p1a: Arcanine|[spread] p1a,p1b\n|-boost|p1a: Arcanine|atk|1\n|-boost|p1b: Corviknight|atk|1\n|move|p1b: Corviknight|Iron Head|p2b: Amoonguss\n|-damage|p2b: Amoonguss|62\/100\n|\n|upkeep\n|turn|3\n|inactive|Entrenador2806 has 30 seconds left.\n|inactive|Akiraj2023 has 30 seconds left.\n|inactive|Entrenador2806 has 20 seconds left.\n|\n|t:|1682116121\n|switch|p1b: Palafin|Palafin-Hero, L50, M|100\/100\n|-activate|p1b: Palafin|ability: Zero to Hero\n|move|p2b: Amoonguss|Protect|p2b: Amoonguss\n|-singleturn|p2b: Amoonguss|Protect\n|move|p2a: Arcanine|Extreme Speed|p1a: Arcanine\n|-damage|p1a: Arcanine|81\/100\n|move|p1a: Arcanine|Flare Blitz|p2b: Amoonguss\n|-activate|p2b: Amoonguss|move: Protect\n|\n|upkeep\n|turn|4\n|inactive|Entrenador2806 has 30 seconds left.\n|inactive|Akiraj2023 has 30 seconds left.\n|inactive|Entrenador2806 has 20 seconds left.\n|inactive|Entrenador2806 has 15 seconds left.\n|inactive|Entrenador2806 has 10 seconds left.\n|inactive|Entrenador2806 has 5 seconds left.\n|\n|t:|1682116174\n|switch|p2b: Palafin|Palafin-Hero, L50, F, shiny|100\/100\n|-activate|p2b: Palafin|ability: Zero to Hero\n|move|p2a: Arcanine|Extreme Speed|p1a: Arcanine\n|-damage|p1a: Arcanine|61\/100\n|move|p1b: Palafin|Jet Punch|p2a: Arcanine\n|-supereffective|p2a: Arcanine\n|-damage|p2a: Arcanine|0 fnt\n|faint|p2a: Arcanine\n|move|p1a: Arcanine|Flare Blitz|p2b: Palafin\n|-resisted|p2b: Palafin\n|-damage|p2b: Palafin|75\/100\n|-damage|p1a: Arcanine|53\/100|[from] Recoil\n|\n|upkeep\n|\n|t:|1682116189\n|switch|p2a: Amoonguss|Amoonguss, L50, F, shiny|95\/100\n|turn|5\n|\n|t:|1682116209\n|switch|p1a: Corviknight|Corviknight, L50, M|21\/100\n|move|p1b: Palafin|Protect|p1b: Palafin\n|-singleturn|p1b: Palafin|Protect\n|move|p2b: Palafin|Jet Punch|p1a: Corviknight\n|-damage|p1a: Corviknight|0 fnt\n|faint|p1a: Corviknight\n|move|p2a: Amoonguss|Spore|p1b: Palafin\n|-activate|p1b: Palafin|move: Protect\n|\n|upkeep\n|inactive|Entrenador2806 has 30 seconds left.\n|inactive|Entrenador2806 has 20 seconds left.\n|inactive|Entrenador2806 has 15 seconds left.\n|\n|t:|1682116249\n|switch|p1a: Arcanine|Arcanine, L50, M|53\/100\n|-ability|p1a: Arcanine|Intimidate|boost\n|-unboost|p2a: Amoonguss|atk|1\n|-unboost|p2b: Palafin|atk|1\n|turn|6\n|inactive|Entrenador2806 has 30 seconds left.\n|\n|t:|1682116276\n|-terastallize|p1a: Arcanine|Flying\n|move|p2b: Palafin|Jet Punch|p1a: Arcanine\n|-damage|p1a: Arcanine|23\/100\n|move|p1a: Arcanine|Flare Blitz|p2a: Amoonguss\n|-supereffective|p2a: Amoonguss\n|-damage|p2a: Amoonguss|8\/100\n|-enditem|p2a: Amoonguss|Sitrus Berry|[eat]\n|-heal|p2a: Amoonguss|32\/100|[from] item: Sitrus Berry\n|-damage|p1a: Arcanine|0 fnt|[from] Recoil\n|faint|p1a: Arcanine\n|move|p1b: Palafin|Wave Crash|p2b: Palafin\n|-resisted|p2b: Palafin\n|-damage|p2b: Palafin|25\/100\n|-damage|p1b: Palafin|86\/100|[from] Recoil\n|move|p2a: Amoonguss|Spore|p1b: Palafin\n|-status|p1b: Palafin|slp|[from] move: Spore\n|\n|upkeep\n|\n|t:|1682116291\n|switch|p1a: Amoonguss|Amoonguss, L50, M, shiny|100\/100\n|turn|7\n|inactive|Entrenador2806 has 30 seconds left.\n|inactive|Entrenador2806 has 20 seconds left.\n|inactive|Akiraj2023 has 30 seconds left.\n|\n|t:|1682116329\n|move|p2b: Palafin|Wave Crash|p1b: Palafin\n|-resisted|p1b: Palafin\n|-damage|p1b: Palafin|59\/100 slp\n|-damage|p2b: Palafin|15\/100|[from] Recoil\n|cant|p1b: Palafin|slp\n|move|p1a: Amoonguss|Spore|p2a: Amoonguss\n|-immune|p2a: Amoonguss\n|move|p2a: Amoonguss|Pollen Puff|p1b: Palafin\n|-damage|p1b: Palafin|41\/100 slp\n|\n|upkeep\n|turn|8\n|\n|t:|1682116351\n|move|p2b: Palafin|Wave Crash|p1b: Palafin\n|-resisted|p1b: Palafin\n|-damage|p1b: Palafin|13\/100 slp\n|-damage|p2b: Palafin|5\/100|[from] Recoil\n|cant|p1b: Palafin|slp\n|move|p1a: Amoonguss|Pollen Puff|p1b: Palafin\n|-heal|p1b: Palafin|63\/100 slp\n|move|p2a: Amoonguss|Pollen Puff|p1b: Palafin\n|-damage|p1b: Palafin|44\/100 slp\n|\n|upkeep\n|turn|9\n|inactive|Entrenador2806 has 30 seconds left.\n|inactive|Akiraj2023 has 30 seconds left.\n|\n|t:|1682116386\n|-terastallize|p2b: Palafin|Water\n|move|p2b: Palafin|Wave Crash|p1b: Palafin\n|-resisted|p1b: Palafin\n|-damage|p1b: Palafin|8\/100 slp\n|-damage|p2b: Palafin|0 fnt|[from] Recoil\n|faint|p2b: Palafin\n|cant|p1b: Palafin|slp\n|move|p1a: Amoonguss|Pollen Puff|p2a: Amoonguss\n|-damage|p2a: Amoonguss|19\/100\n|move|p2a: Amoonguss|Pollen Puff|p1b: Palafin\n|-damage|p1b: Palafin|0 fnt\n|faint|p1b: Palafin\n|\n|upkeep\n|\n|t:|1682116404\n|switch|p2b: Baxcalibur|Baxcalibur, L50, M|100\/100\n|turn|10\n|\n|t:|1682116421\n|move|p2a: Amoonguss|Rage Powder|p2a: Amoonguss\n|-singleturn|p2a: Amoonguss|move: Rage Powder\n|move|p2b: Baxcalibur|Icicle Spear|p1a: Amoonguss\n|-supereffective|p1a: Amoonguss\n|-damage|p1a: Amoonguss|80\/100\n|-supereffective|p1a: Amoonguss\n|-crit|p1a: Amoonguss\n|-damage|p1a: Amoonguss|50\/100\n|-supereffective|p1a: Amoonguss\n|-damage|p1a: Amoonguss|31\/100\n|-supereffective|p1a: Amoonguss\n|-damage|p1a: Amoonguss|11\/100\n|-supereffective|p1a: Amoonguss\n|-damage|p1a: Amoonguss|0 fnt\n|faint|p1a: Amoonguss\n|-hitcount|p1: Amoonguss|5\n|\n|win|Akiraj2023\n|raw|Entrenador2806's rating: 1153 → 1124<\/strong> (-29 for losing)\n|raw|Akiraj2023's rating: 1096 → 1126<\/strong> (+30 for winning)\n","uploadtime":1682116434,"views":8,"p1id":"entrenador2806","p2id":"akiraj2023","formatid":"gen9vgc2023regulationc","rating":1124,"private":0,"password":""}