{"id":"gen9vgc2023regulationc-1848403399","p1":"AdriiVGC","p2":"Zurpriii","format":"[Gen 9] VGC 2023 Regulation C","log":"|j|\u2606AdriiVGC\n|j|\u2606Zurpriii\n|t:|1682073220\n|gametype|doubles\n|player|p1|AdriiVGC|169|1127\n|player|p2|Zurpriii|101|1197\n|teamsize|p1|6\n|teamsize|p2|6\n|gen|9\n|tier|[Gen 9] VGC 2023 Regulation C\n|rated|\n|rule|Species Clause: Limit one of each Pok\u00e9mon\n|rule|Item Clause: Limit one of each item\n|clearpoke\n|poke|p1|Wo-Chien, L50|\n|poke|p1|Murkrow, L50, M|\n|poke|p1|Volcarona, L50, M|\n|poke|p1|Iron Hands, L50|\n|poke|p1|Gyarados, L50, M|\n|poke|p1|Froslass, L50, F|\n|poke|p2|Garchomp, L50, M|\n|poke|p2|Volcarona, L50, F|\n|poke|p2|Amoonguss, L50, M|\n|poke|p2|Corviknight, L50, M|\n|poke|p2|Azumarill, L50, F|\n|poke|p2|Iron Valiant, L50|\n|teampreview|4\n|inactive|Battle timer is ON: inactive players will automatically lose when time's up. (requested by Zurpriii)\n|\n|t:|1682073319\n|start\n|switch|p1a: Snakey|Gyarados, L50, M|100\/100\n|switch|p1b: Car\u00e1mbano Raro|Froslass, L50, F|100\/100\n|switch|p2a: Volcarona|Volcarona, L50, F, shiny|100\/100\n|switch|p2b: Garchomp|Garchomp, L50, M|100\/100\n|-ability|p1a: Snakey|Intimidate|boost\n|-unboost|p2a: Volcarona|atk|1\n|-unboost|p2b: Garchomp|atk|1\n|turn|1\n|\n|t:|1682073339\n|-terastallize|p2a: Volcarona|Grass\n|move|p1b: Car\u00e1mbano Raro|Icy Wind|p2a: Volcarona|[spread] p2a\n|-miss|p1b: Car\u00e1mbano Raro|p2b: Garchomp\n|-supereffective|p2a: Volcarona\n|-damage|p2a: Volcarona|67\/100\n|-unboost|p2a: Volcarona|spe|1\n|move|p1a: Snakey|Waterfall|p2a: Volcarona\n|-resisted|p2a: Volcarona\n|-damage|p2a: Volcarona|36\/100\n|-status|p1a: Snakey|brn|[from] ability: Flame Body|[of] p2a: Volcarona\n|move|p2b: Garchomp|Rock Slide|p1a: Snakey|[spread] p1a\n|-miss|p2b: Garchomp|p1b: Car\u00e1mbano Raro\n|-supereffective|p1a: Snakey\n|-damage|p1a: Snakey|63\/100 brn\n|cant|p2a: Volcarona|flinch\n|\n|-damage|p1a: Snakey|57\/100 brn|[from] brn\n|upkeep\n|turn|2\n|inactive|Zurpriii has 30 seconds left.\n|\n|t:|1682073365\n|switch|p1a: Apaleador|Iron Hands, L50|100\/100\n|-enditem|p1a: Apaleador|Booster Energy\n|-activate|p1a: Apaleador|ability: Quark Drive|[fromitem]\n|-start|p1a: Apaleador|quarkdriveatk\n|move|p1b: Car\u00e1mbano Raro|Icy Wind|p2a: Volcarona|[spread] p2a\n|-miss|p1b: Car\u00e1mbano Raro|p2b: Garchomp\n|-supereffective|p2a: Volcarona\n|-damage|p2a: Volcarona|2\/100\n|-unboost|p2a: Volcarona|spe|1\n|move|p2b: Garchomp|Rock Slide|p1b: Car\u00e1mbano Raro|[spread] p1a,p1b\n|-resisted|p1a: Apaleador\n|-supereffective|p1b: Car\u00e1mbano Raro\n|-damage|p1a: Apaleador|96\/100\n|-damage|p1b: Car\u00e1mbano Raro|54\/100\n|-start|p2b: Garchomp|Disable|Rock Slide|[from] ability: Cursed Body|[of] p1b: Car\u00e1mbano Raro\n|move|p2a: Volcarona|Giga Drain|p1a: Apaleador\n|-damage|p1a: Apaleador|40\/100\n|-heal|p2a: Volcarona|48\/100|[from] drain|[of] p1a: Apaleador\n|-damage|p2a: Volcarona|38\/100|[from] item: Life Orb\n|\n|upkeep\n|turn|3\n|c|\u2606AdriiVGC|hell nah\n|inactive|AdriiVGC has 30 seconds left.\n|inactive|Zurpriii has 30 seconds left.\n|\n|t:|1682073394\n|switch|p2a: Azumarill|Azumarill, L50, F|100\/100\n|move|p1a: Apaleador|Protect|p1a: Apaleador\n|-singleturn|p1a: Apaleador|Protect\n|move|p1b: Car\u00e1mbano Raro|Icy Wind|p2b: Garchomp|[spread] p2a,p2b\n|-resisted|p2a: Azumarill\n|-supereffective|p2b: Garchomp\n|-damage|p2a: Azumarill|93\/100\n|-damage|p2b: Garchomp|60\/100\n|-unboost|p2a: Azumarill|spe|1\n|-unboost|p2b: Garchomp|spe|1\n|move|p2b: Garchomp|Iron Head|p1b: Car\u00e1mbano Raro\n|-supereffective|p1b: Car\u00e1mbano Raro\n|-damage|p1b: Car\u00e1mbano Raro|0 fnt\n|faint|p1b: Car\u00e1mbano Raro\n|\n|upkeep\n|\n|t:|1682073406\n|switch|p1b: Snakey|Gyarados, L50, M|57\/100 brn\n|-ability|p1b: Snakey|Intimidate|boost\n|-unboost|p2a: Azumarill|atk|1\n|-unboost|p2b: Garchomp|atk|1\n|turn|4\n|\n|t:|1682073424\n|move|p1b: Snakey|Waterfall|p2b: Garchomp\n|-damage|p2b: Garchomp|43\/100\n|-damage|p1b: Snakey|45\/100 brn|[from] ability: Rough Skin|[of] p2b: Garchomp\n|-enditem|p1b: Snakey|Sitrus Berry|[eat]\n|-heal|p1b: Snakey|69\/100 brn|[from] item: Sitrus Berry\n|move|p2b: Garchomp|Dragon Claw|p1b: Snakey\n|-damage|p1b: Snakey|39\/100 brn\n|move|p1a: Apaleador|Wild Charge|p2a: Azumarill\n|-supereffective|p2a: Azumarill\n|-damage|p2a: Azumarill|0 fnt\n|faint|p2a: Azumarill\n|-damage|p1a: Apaleador|21\/100|[from] Recoil\n|\n|-damage|p1b: Snakey|33\/100 brn|[from] brn\n|upkeep\n|\n|t:|1682073443\n|switch|p2a: Iron Valiant|Iron Valiant, L50|100\/100\n|-enditem|p2a: Iron Valiant|Booster Energy\n|-activate|p2a: Iron Valiant|ability: Quark Drive|[fromitem]\n|-start|p2a: Iron Valiant|quarkdrivespe\n|turn|5\n|inactive|AdriiVGC has 30 seconds left.\n|\n|t:|1682073470\n|switch|p2b: Volcarona|Volcarona, L50, F, shiny, tera:Grass|38\/100\n|move|p2a: Iron Valiant|Dazzling Gleam|p1a: Apaleador|[spread] p1a,p1b\n|-supereffective|p1a: Apaleador\n|-crit|p1b: Snakey\n|-damage|p1a: Apaleador|0 fnt\n|-damage|p1b: Snakey|0 fnt\n|faint|p1a: Apaleador\n|-end|p1a: Apaleador|Quark Drive|[silent]\n|faint|p1b: Snakey\n|\n|upkeep\n|\n|t:|1682073476\n|switch|p1b: Big Boy Moth|Volcarona, L50, M|100\/100\n|turn|6\n|\n|t:|1682073485\n|move|p2a: Iron Valiant|Calm Mind|p2a: Iron Valiant\n|-boost|p2a: Iron Valiant|spa|1\n|-boost|p2a: Iron Valiant|spd|1\n|move|p2b: Volcarona|Heat Wave|p1b: Big Boy Moth\n|-damage|p1b: Big Boy Moth|27\/100\n|-damage|p2b: Volcarona|28\/100|[from] item: Life Orb\n|move|p1b: Big Boy Moth|Quiver Dance|p1b: Big Boy Moth\n|-boost|p1b: Big Boy Moth|spa|1\n|-boost|p1b: Big Boy Moth|spd|1\n|-boost|p1b: Big Boy Moth|spe|1\n|\n|upkeep\n|turn|7\n|c|\u2606AdriiVGC|f\n|c|\u2606AdriiVGC|well played\n|\n|t:|1682073501\n|move|p2a: Iron Valiant|Psyshock|p1b: Big Boy Moth\n|-crit|p1b: Big Boy Moth\n|-damage|p1b: Big Boy Moth|0 fnt\n|faint|p1b: Big Boy Moth\n|\n|win|Zurpriii\n|raw|AdriiVGC's rating: 1127 → 1107<\/strong> (-20 for losing)\n|raw|Zurpriii's rating: 1197 → 1217<\/strong> (+20 for winning)\n|c|\u2606Zurpriii|gg\n|c|\u2606AdriiVGC|gg\n|l|\u2606AdriiVGC\n","uploadtime":1682073536,"views":14,"p1id":"adriivgc","p2id":"zurpriii","formatid":"gen9vgc2023regulationc","rating":1107,"private":0,"password":""}