{"id":"gen9vgc2023regulationc-1858264957","p1":"mafumafusimpsimp","p2":"Arcacagne","format":"[Gen 9] VGC 2023 Regulation C","log":"|j|\u2606mafumafusimpsimp\n|j|\u2606Arcacagne\n|t:|1683296677\n|gametype|doubles\n|player|p1|mafumafusimpsimp|crasherwake|1410\n|player|p2|Arcacagne|1|1309\n|teamsize|p1|6\n|teamsize|p2|6\n|gen|9\n|tier|[Gen 9] VGC 2023 Regulation C\n|rated|\n|rule|Species Clause: Limit one of each Pok\u00e9mon\n|rule|Item Clause: Limit one of each item\n|clearpoke\n|poke|p1|Chien-Pao, L50|\n|poke|p1|Flutter Mane, L50|\n|poke|p1|Kingambit, L50, F|\n|poke|p1|Iron Hands, L50|\n|poke|p1|Iron Bundle, L50|\n|poke|p1|Amoonguss, L50, F|\n|poke|p2|Chi-Yu, L50|\n|poke|p2|Flutter Mane, L50|\n|poke|p2|Amoonguss, L50, F|\n|poke|p2|Palafin, L50, M|\n|poke|p2|Kingambit, L50, M|\n|poke|p2|Arcanine, L50, M|\n|teampreview|4\n|c|\u2606mafumafusimpsimp|glhf\nmafumafusimpsimp has agreed to open team sheets.\nArcacagne has agreed to open team sheets.\n|inactive|Battle timer is ON: inactive players will automatically lose when time's up. (requested by mafumafusimpsimp)\n|\n|t:|1683296835\n|start\n|switch|p1a: Only Hands|Iron Hands, L50|100\/100\n|switch|p1b: Cat|Chien-Pao, L50|100\/100\n|switch|p2a: Flutter Mane|Flutter Mane, L50|100\/100\n|switch|p2b: Palafin|Palafin, L50, M|100\/100\n|-ability|p1b: Cat|Sword of Ruin\n|-enditem|p2a: Flutter Mane|Booster Energy\n|-activate|p2a: Flutter Mane|ability: Protosynthesis|[fromitem]\n|-start|p2a: Flutter Mane|protosynthesisspa\n|turn|1\n|inactive|mafumafusimpsimp has 30 seconds left.\n|\n|t:|1683296868\n|detailschange|p2b: Palafin|Palafin-Hero, L50, M\n|switch|p2b: Amoonguss|Amoonguss, L50, F|100\/100\n|move|p2a: Flutter Mane|Protect|p2a: Flutter Mane\n|-singleturn|p2a: Flutter Mane|Protect\n|move|p1a: Only Hands|Protect|p1a: Only Hands\n|-singleturn|p1a: Only Hands|Protect\n|move|p1b: Cat|Sucker Punch||[still]\n|-fail|p1b: Cat\n|\n|upkeep\n|turn|2\n|\n|t:|1683296892\n|-end|p1a: Only Hands|Quark Drive|[silent]\n|switch|p1a: Amoonguss|Amoonguss, L50, F|100\/100\n|-terastallize|p2b: Amoonguss|Water\n|move|p1b: Cat|Protect|p1b: Cat\n|-singleturn|p1b: Cat|Protect\n|move|p2a: Flutter Mane|Substitute|p2a: Flutter Mane\n|-start|p2a: Flutter Mane|Substitute\n|-damage|p2a: Flutter Mane|76\/100\n|move|p2b: Amoonguss|Spore|p1a: Amoonguss\n|-immune|p1a: Amoonguss\n|\n|upkeep\n|turn|3\n|\n|t:|1683296918\n|switch|p1b: Queen Gambit|Kingambit, L50, F|100\/100\n|move|p2a: Flutter Mane|Moonblast|p1b: Queen Gambit\n|-damage|p1b: Queen Gambit|43\/100\n|-unboost|p1b: Queen Gambit|spa|1\n|-ability|p1b: Queen Gambit|Defiant|boost\n|-boost|p1b: Queen Gambit|atk|2\n|move|p2b: Amoonguss|Spore|p1b: Queen Gambit\n|-activate|p1b: Queen Gambit|item: Safety Goggles|Spore\n|move|p1a: Amoonguss|Spore|p2b: Amoonguss\n|-status|p2b: Amoonguss|slp|[from] move: Spore\n|\n|upkeep\n|turn|4\n|inactive|Arcacagne has 30 seconds left.\n|\n|t:|1683296951\n|switch|p2b: Kingambit|Kingambit, L50, M|100\/100\n|move|p1a: Amoonguss|Rage Powder|p1a: Amoonguss\n|-singleturn|p1a: Amoonguss|move: Rage Powder\n|move|p2a: Flutter Mane|Shadow Ball|p1a: Amoonguss\n|-damage|p1a: Amoonguss|48\/100\n|-enditem|p1a: Amoonguss|Sitrus Berry|[eat]\n|-heal|p1a: Amoonguss|73\/100|[from] item: Sitrus Berry\n|move|p1b: Queen Gambit|Iron Head|p2a: Flutter Mane\n|-supereffective|p2a: Flutter Mane\n|-end|p2a: Flutter Mane|Substitute\n|\n|upkeep\n|turn|5\n|inactive|mafumafusimpsimp has 30 seconds left.\n|inactive|Arcacagne has 30 seconds left.\n|inactive|mafumafusimpsimp has 20 seconds left.\n|inactive|Arcacagne has 20 seconds left.\n|inactive|mafumafusimpsimp has 15 seconds left.\n|\n|t:|1683296992\n|move|p2a: Flutter Mane|Protect|p2a: Flutter Mane\n|-singleturn|p2a: Flutter Mane|Protect\n|move|p2b: Kingambit|Swords Dance|p2b: Kingambit\n|-boost|p2b: Kingambit|atk|2\n|move|p1b: Queen Gambit|Iron Head|p2b: Kingambit\n|-resisted|p2b: Kingambit\n|-damage|p2b: Kingambit|61\/100\n|move|p1a: Amoonguss|Pollen Puff|p1b: Queen Gambit\n|-heal|p1b: Queen Gambit|93\/100\n|\n|upkeep\n|turn|6\n|\n|t:|1683297015\n|-end|p2a: Flutter Mane|Protosynthesis|[silent]\n|switch|p2a: Amoonguss|Amoonguss, L50, F, tera:Water|100\/100 slp\n|move|p1a: Amoonguss|Rage Powder|p1a: Amoonguss\n|-singleturn|p1a: Amoonguss|move: Rage Powder\n|move|p2b: Kingambit|Kowtow Cleave|p1a: Amoonguss\n|-damage|p1a: Amoonguss|9\/100\n|move|p1b: Queen Gambit|Iron Head|p2a: Amoonguss\n|-resisted|p2a: Amoonguss\n|-damage|p2a: Amoonguss|60\/100 slp\n|\n|upkeep\n|turn|7\n|\n|t:|1683297032\n|switch|p1a: Only Hands|Iron Hands, L50|100\/100\n|-terastallize|p1b: Queen Gambit|Flying\n|move|p2b: Kingambit|Kowtow Cleave|p1b: Queen Gambit\n|-damage|p1b: Queen Gambit|18\/100\n|move|p1b: Queen Gambit|Tera Blast|p2a: Amoonguss\n|-damage|p2a: Amoonguss|0 fnt\n|faint|p2a: Amoonguss\n|\n|upkeep\n|\n|t:|1683297045\n|switch|p2a: Flutter Mane|Flutter Mane, L50|76\/100\n|turn|8\n|\n|t:|1683297068\n|switch|p1b: Amoonguss|Amoonguss, L50, F|42\/100\n|move|p2b: Kingambit|Sucker Punch|p1a: Only Hands\n|-resisted|p1a: Only Hands\n|-damage|p1a: Only Hands|72\/100\n|move|p2a: Flutter Mane|Substitute|p2a: Flutter Mane\n|-start|p2a: Flutter Mane|Substitute\n|-damage|p2a: Flutter Mane|51\/100\n|move|p1a: Only Hands|Drain Punch|p2b: Kingambit\n|-supereffective|p2b: Kingambit\n|-damage|p2b: Kingambit|0 fnt\n|-heal|p1a: Only Hands|98\/100|[from] drain|[of] p2b: Kingambit\n|faint|p2b: Kingambit\n|\n|upkeep\n|\n|t:|1683297081\n|switch|p2b: Palafin|Palafin-Hero, L50, M|100\/100\n|-activate|p2b: Palafin|ability: Zero to Hero\n|turn|9\n|\n|t:|1683297092\n|move|p2b: Palafin|Protect|p2b: Palafin\n|-singleturn|p2b: Palafin|Protect\n|move|p1b: Amoonguss|Rage Powder|p1b: Amoonguss\n|-singleturn|p1b: Amoonguss|move: Rage Powder\n|move|p2a: Flutter Mane|Shadow Ball|p1b: Amoonguss\n|-damage|p1b: Amoonguss|4\/100\n|move|p1a: Only Hands|Thunder Punch|p2b: Palafin\n|-activate|p2b: Palafin|move: Protect\n|\n|upkeep\n|turn|10\n|\n|t:|1683297104\n|move|p1b: Amoonguss|Rage Powder|p1b: Amoonguss\n|-singleturn|p1b: Amoonguss|move: Rage Powder\n|move|p2b: Palafin|Jet Punch|p1b: Amoonguss\n|-resisted|p1b: Amoonguss\n|-damage|p1b: Amoonguss|0 fnt\n|faint|p1b: Amoonguss\n|move|p2a: Flutter Mane|Moonblast|p1a: Only Hands\n|-supereffective|p1a: Only Hands\n|-damage|p1a: Only Hands|24\/100\n|move|p1a: Only Hands|Thunder Punch|p2b: Palafin\n|-supereffective|p2b: Palafin\n|-damage|p2b: Palafin|7\/100\n|\n|upkeep\n|\n|t:|1683297108\n|switch|p1b: Cat|Chien-Pao, L50|100\/100\n|-ability|p1b: Cat|Sword of Ruin\n|turn|11\n|\n|t:|1683297122\n|move|p2b: Palafin|Protect|p2b: Palafin\n|-singleturn|p2b: Palafin|Protect\n|move|p1b: Cat|Ice Spinner|p2a: Flutter Mane\n|-end|p2a: Flutter Mane|Substitute\n|-damage|p1b: Cat|91\/100|[from] item: Life Orb\n|move|p2a: Flutter Mane|Moonblast|p1b: Cat\n|-supereffective|p1b: Cat\n|-damage|p1b: Cat|0 fnt\n|faint|p1b: Cat\n|move|p1a: Only Hands|Thunder Punch|p2a: Flutter Mane\n|-damage|p2a: Flutter Mane|0 fnt\n|faint|p2a: Flutter Mane\n|-end|p2a: Flutter Mane|Protosynthesis|[silent]\n|\n|upkeep\n|\n|t:|1683297124\n|switch|p1b: Queen Gambit|Kingambit, L50, F, tera:Flying|18\/100\n|turn|12\n|c|\u2606mafumafusimpsimp|gg\n|\n|t:|1683297136\n|move|p2b: Palafin|Jet Punch|p1a: Only Hands\n|-damage|p1a: Only Hands|0 fnt\n|faint|p1a: Only Hands\n|-end|p1a: Only Hands|Quark Drive|[silent]\n|move|p1b: Queen Gambit|Sucker Punch||[still]\n|-fail|p1b: Queen Gambit\n|\n|upkeep\n|turn|13\n|\n|t:|1683297147\n|move|p2b: Palafin|Jet Punch|p1b: Queen Gambit\n|-damage|p1b: Queen Gambit|0 fnt\n|faint|p1b: Queen Gambit\n|\n|win|Arcacagne\n|raw|mafumafusimpsimp's rating: 1410 → 1384<\/strong> (-26 for losing)\n|raw|Arcacagne's rating: 1309 → 1335<\/strong> (+26 for winning)\n|c|\u2606mafumafusimpsimp|gg\n|c|\u2606Arcacagne|gg\n|l|\u2606mafumafusimpsimp\n","uploadtime":1683297159,"views":4,"p1id":"mafumafusimpsimp","p2id":"arcacagne","formatid":"gen9vgc2023regulationc","rating":1335,"private":0,"password":""}