{"id":"gen9vgc2023regulationc-1845263284","p1":"Sumo'sWeenusVGC","p2":"Caleiva","format":"[Gen 9] VGC 2023 Regulation C","log":"|j|\u2606Sumo'sWeenusVGC\n|j|\u2606Caleiva\n|t:|1681704062\n|gametype|doubles\n|player|p1|Sumo'sWeenusVGC|colress|1173\n|player|p2|Caleiva|102|1248\n|teamsize|p1|6\n|teamsize|p2|6\n|gen|9\n|tier|[Gen 9] VGC 2023 Regulation C\n|rated|\n|rule|Species Clause: Limit one of each Pok\u00e9mon\n|rule|Item Clause: Limit one of each item\n|clearpoke\n|poke|p1|Ting-Lu, L50|\n|poke|p1|Wo-Chien, L50|\n|poke|p1|Flutter Mane, L50|\n|poke|p1|Glimmora, L50, F|\n|poke|p1|Palafin, L50, F|\n|poke|p1|Arcanine, L50, M|\n|poke|p2|Glimmora, L50, F|\n|poke|p2|Sylveon, L50, F|\n|poke|p2|Volcarona, L50, F|\n|poke|p2|Wo-Chien, L50|\n|poke|p2|Pelipper, L50, F|\n|poke|p2|Palafin, L50, M|\n|teampreview|4\n|inactive|Battle timer is ON: inactive players will automatically lose when time's up. (requested by Sumo'sWeenusVGC)\nSumo'sWeenusVGC has agreed to open team sheets.\nCaleiva has agreed to open team sheets.\n|inactive|Sumo'sWeenusVGC has 60 seconds left.\n|inactive|Caleiva has 60 seconds left.\n|\n|t:|1681704115\n|start\n|switch|p1a: Ting-Lu|Ting-Lu, L50|100\/100\n|switch|p1b: Bad Dolphin|Palafin, L50, F, shiny|100\/100\n|switch|p2a: Glimmora|Glimmora, L50, F|100\/100\n|switch|p2b: Palafin|Palafin, L50, M|100\/100\n|-ability|p1a: Ting-Lu|Vessel of Ruin\n|turn|1\n|c|\u2606Sumo'sWeenusVGC|glhf\n|\n|t:|1681704138\n|detailschange|p2b: Palafin|Palafin-Hero, L50, M\n|switch|p2b: Volcarona|Volcarona, L50, F|100\/100\n|switch|p2a: Wo-Chien|Wo-Chien, L50|100\/100\n|-ability|p2a: Wo-Chien|Tablets of Ruin\n|move|p1b: Bad Dolphin|Protect|p1b: Bad Dolphin\n|-singleturn|p1b: Bad Dolphin|Protect\n|move|p1a: Ting-Lu|Fissure|p2a: Wo-Chien|[miss]\n|-miss|p1a: Ting-Lu|p2a: Wo-Chien\n|\n|upkeep\n|turn|2\n|c|\u2606Caleiva|glhf\n|inactive|Sumo'sWeenusVGC has 30 seconds left.\n|inactive|Caleiva has 30 seconds left.\n|\n|t:|1681704172\n|detailschange|p1b: Bad Dolphin|Palafin-Hero, L50, F, shiny\n|switch|p1b: Glimmora|Glimmora, L50, F, shiny|100\/100\n|-terastallize|p1a: Ting-Lu|Flying\n|move|p2b: Volcarona|Protect|p2b: Volcarona\n|-singleturn|p2b: Volcarona|Protect\n|move|p2a: Wo-Chien|Leech Seed|p1a: Ting-Lu\n|-start|p1a: Ting-Lu|move: Leech Seed\n|move|p1a: Ting-Lu|Stomping Tantrum|p2b: Volcarona\n|-activate|p2b: Volcarona|move: Protect\n|\n|-damage|p1a: Ting-Lu|88\/100|[from] Leech Seed|[of] p2a: Wo-Chien\n|upkeep\n|turn|3\n|\n|t:|1681704191\n|-terastallize|p2b: Volcarona|Grass\n|move|p2b: Volcarona|Quiver Dance|p2b: Volcarona\n|-boost|p2b: Volcarona|spa|1\n|-boost|p2b: Volcarona|spd|1\n|-boost|p2b: Volcarona|spe|1\n|move|p1b: Glimmora|Mortal Spin|p2a: Wo-Chien|[spread] p2a,p2b\n|-supereffective|p2a: Wo-Chien\n|-supereffective|p2b: Volcarona\n|-damage|p2a: Wo-Chien|96\/100\n|-damage|p2b: Volcarona|90\/100\n|-status|p2a: Wo-Chien|psn\n|-status|p2b: Volcarona|psn\n|move|p2a: Wo-Chien|Leech Seed|p1b: Glimmora|[miss]\n|-miss|p2a: Wo-Chien|p1b: Glimmora\n|move|p1a: Ting-Lu|Fissure|p2a: Wo-Chien|[miss]\n|-miss|p1a: Ting-Lu|p2a: Wo-Chien\n|\n|-heal|p2a: Wo-Chien|100\/100 psn|[from] item: Leftovers\n|-damage|p1a: Ting-Lu|76\/100|[from] Leech Seed|[of] p2a: Wo-Chien\n|-damage|p2b: Volcarona|78\/100 psn|[from] psn\n|-damage|p2a: Wo-Chien|88\/100 psn|[from] psn\n|upkeep\n|turn|4\n|\n|t:|1681704213\n|move|p2b: Volcarona|Giga Drain|p1a: Ting-Lu\n|-resisted|p1a: Ting-Lu\n|-damage|p1a: Ting-Lu|66\/100\n|-heal|p2b: Volcarona|86\/100 psn|[from] drain|[of] p1a: Ting-Lu\n|move|p1b: Glimmora|Sludge Bomb|p2b: Volcarona\n|-supereffective|p2b: Volcarona\n|-damage|p2b: Volcarona|32\/100 psn\n|move|p2a: Wo-Chien|Leech Seed|p1b: Glimmora\n|-start|p1b: Glimmora|move: Leech Seed\n|move|p1a: Ting-Lu|Fissure|p2a: Wo-Chien|[miss]\n|-miss|p1a: Ting-Lu|p2a: Wo-Chien\n|\n|-heal|p2a: Wo-Chien|94\/100 psn|[from] item: Leftovers\n|-damage|p1b: Glimmora|88\/100|[from] Leech Seed|[of] p2a: Wo-Chien\n|-heal|p2a: Wo-Chien|100\/100 psn|[silent]\n|-damage|p1a: Ting-Lu|54\/100|[from] Leech Seed|[of] p2a: Wo-Chien\n|-damage|p2b: Volcarona|19\/100 psn|[from] psn\n|-damage|p2a: Wo-Chien|88\/100 psn|[from] psn\n|upkeep\n|turn|5\n|inactive|Sumo'sWeenusVGC has 30 seconds left.\n|inactive|Caleiva has 30 seconds left.\n|inactive|Caleiva has 20 seconds left.\n|inactive|Caleiva has 15 seconds left.\n|inactive|Caleiva has 10 seconds left.\n|\n|t:|1681704260\n|move|p2b: Volcarona|Giga Drain|p1b: Glimmora\n|-damage|p1b: Glimmora|45\/100\n|-heal|p2b: Volcarona|42\/100 psn|[from] drain|[of] p1b: Glimmora\n|move|p1b: Glimmora|Sludge Bomb|p2a: Wo-Chien\n|-supereffective|p2a: Wo-Chien\n|-crit|p2a: Wo-Chien\n|-damage|p2a: Wo-Chien|18\/100 psn\n|move|p2a: Wo-Chien|Pollen Puff|p2b: Volcarona\n|-heal|p2b: Volcarona|92\/100 psn\n|move|p1a: Ting-Lu|Fissure|p2a: Wo-Chien|[miss]\n|-miss|p1a: Ting-Lu|p2a: Wo-Chien\n|\n|-heal|p2a: Wo-Chien|24\/100 psn|[from] item: Leftovers\n|-damage|p1b: Glimmora|33\/100|[from] Leech Seed|[of] p2a: Wo-Chien\n|-heal|p2a: Wo-Chien|36\/100 psn|[silent]\n|-damage|p1a: Ting-Lu|41\/100|[from] Leech Seed|[of] p2a: Wo-Chien\n|-heal|p2a: Wo-Chien|53\/100 psn|[silent]\n|-damage|p2b: Volcarona|80\/100 psn|[from] psn\n|-damage|p2a: Wo-Chien|41\/100 psn|[from] psn\n|upkeep\n|turn|6\n|\n|t:|1681704282\n|switch|p1a: Flutter Mane|Flutter Mane, L50, shiny|100\/100\n|move|p2a: Wo-Chien|Protect|p2a: Wo-Chien\n|-singleturn|p2a: Wo-Chien|Protect\n|move|p2b: Volcarona|Heat Wave|p1b: Glimmora|[spread] p1a,p1b\n|-resisted|p1b: Glimmora\n|-damage|p1a: Flutter Mane|51\/100\n|-damage|p1b: Glimmora|5\/100\n|move|p1b: Glimmora|Sludge Bomb|p2a: Wo-Chien\n|-activate|p2a: Wo-Chien|move: Protect\n|\n|-heal|p2a: Wo-Chien|47\/100 psn|[from] item: Leftovers\n|-damage|p1b: Glimmora|0 fnt|[from] Leech Seed|[of] p2a: Wo-Chien\n|-heal|p2a: Wo-Chien|51\/100 psn|[silent]\n|faint|p1b: Glimmora\n|-damage|p2b: Volcarona|67\/100 psn|[from] psn\n|-damage|p2a: Wo-Chien|39\/100 psn|[from] psn\n|upkeep\n|\n|t:|1681704298\n|switch|p1b: Ting-Lu|Ting-Lu, L50, tera:Flying|41\/100\n|-ability|p1b: Ting-Lu|Vessel of Ruin\n|turn|7\n|\n|t:|1681704317\n|move|p2b: Volcarona|Heat Wave|p1a: Flutter Mane|[spread] p1a,p1b\n|-crit|p1b: Ting-Lu\n|-damage|p1a: Flutter Mane|19\/100\n|-damage|p1b: Ting-Lu|8\/100\n|-status|p1b: Ting-Lu|brn\n|move|p1a: Flutter Mane|Moonblast|p2b: Volcarona\n|-damage|p2b: Volcarona|33\/100 psn\n|move|p2a: Wo-Chien|Pollen Puff|p2b: Volcarona\n|-heal|p2b: Volcarona|82\/100 psn\n|move|p1b: Ting-Lu|Fissure|p2a: Wo-Chien\n|-damage|p2a: Wo-Chien|0 fnt\n|faint|p2a: Wo-Chien\n|-ohko\n|\n|-damage|p2b: Volcarona|70\/100 psn|[from] psn\n|-damage|p1b: Ting-Lu|2\/100 brn|[from] brn\n|upkeep\n|\n|t:|1681704338\n|switch|p2a: Palafin|Palafin-Hero, L50, M|100\/100\n|-activate|p2a: Palafin|ability: Zero to Hero\n|turn|8\n|\n|t:|1681704347\n|move|p2a: Palafin|Jet Punch|p1b: Ting-Lu\n|-damage|p1b: Ting-Lu|0 fnt\n|faint|p1b: Ting-Lu\n|move|p2b: Volcarona|Giga Drain|p1a: Flutter Mane\n|-damage|p1a: Flutter Mane|0 fnt\n|-heal|p2b: Volcarona|78\/100 psn|[from] drain|[of] p1a: Flutter Mane\n|faint|p1a: Flutter Mane\n|-end|p1a: Flutter Mane|Protosynthesis|[silent]\n|\n|-damage|p2b: Volcarona|65\/100 psn|[from] psn\n|upkeep\n|\n|t:|1681704362\n|switch|p1b: Bad Dolphin|Palafin-Hero, L50, F, shiny|100\/100\n|-activate|p1b: Bad Dolphin|ability: Zero to Hero\n|turn|9\n|\n|t:|1681704376\n|move|p2b: Volcarona|Giga Drain|p1b: Bad Dolphin\n|-supereffective|p1b: Bad Dolphin\n|-damage|p1b: Bad Dolphin|0 fnt\n|-heal|p2b: Volcarona|100\/100 psn|[from] drain|[of] p1b: Bad Dolphin\n|faint|p1b: Bad Dolphin\n|\n|win|Caleiva\n|raw|Sumo'sWeenusVGC's rating: 1173 → 1153<\/strong> (-20 for losing)\n|raw|Caleiva's rating: 1248 → 1268<\/strong> (+20 for winning)\n|c|\u2606Sumo'sWeenusVGC|gg\n|c|\u2606Caleiva|gg\n","uploadtime":1681704387,"views":11,"p1id":"sumosweenusvgc","p2id":"caleiva","formatid":"gen9vgc2023regulationc","rating":1153,"private":0,"password":""}