{"id":"gen9vgc2023regulationc-1862930056","p1":"wackomarko","p2":"Matias06","format":"[Gen 9] VGC 2023 Regulation C","log":"|j|\u2606wackomarko\n|j|\u2606Matias06\n|t:|1683939901\n|gametype|doubles\n|player|p1|wackomarko|hiker-gen4|1103\n|player|p2|Matias06|2|1045\n|teamsize|p1|6\n|teamsize|p2|6\n|gen|9\n|tier|[Gen 9] VGC 2023 Regulation C\n|rated|\n|rule|Species Clause: Limit one of each Pok\u00e9mon\n|rule|Item Clause: Limit one of each item\n|clearpoke\n|poke|p1|Talonflame, L50, F|\n|poke|p1|Amoonguss, L50, F|\n|poke|p1|Flutter Mane, L50|\n|poke|p1|Chien-Pao, L50|\n|poke|p1|Gyarados, L50, M|\n|poke|p1|Dragapult, L50, M|\n|poke|p2|Dachsbun, L50, F|\n|poke|p2|Floatzel, L50, F|\n|poke|p2|Gholdengo, L50|\n|poke|p2|Baxcalibur, L50, M|\n|poke|p2|Kilowattrel, L50, F|\n|poke|p2|Breloom, L50, M|\n|teampreview|4\nwackomarko has agreed to open team sheets.\nMatias06 has agreed to open team sheets.\n|inactive|Battle timer is ON: inactive players will automatically lose when time's up. (requested by Matias06)\n|\n|t:|1683939988\n|start\n|switch|p1a: Amoonguss|Amoonguss, L50, F|100\/100\n|switch|p1b: Flutter Mane|Flutter Mane, L50, shiny|100\/100\n|switch|p2a: Kilowattrel|Kilowattrel, L50, F, shiny|100\/100\n|switch|p2b: Floatzel|Floatzel, L50, F, shiny|100\/100\n|turn|1\n|c|\u2606wackomarko|gl\n|inactive|wackomarko has 30 seconds left.\n|\n|t:|1683940015\n|-terastallize|p2b: Floatzel|Ice\n|move|p1b: Flutter Mane|Dazzling Gleam|p2a: Kilowattrel|[spread] p2a,p2b\n|-damage|p2a: Kilowattrel|30\/100\n|-damage|p2b: Floatzel|25\/100\n|-damage|p1b: Flutter Mane|91\/100|[from] item: Life Orb\n|move|p2b: Floatzel|Rain Dance|p2b: Floatzel\n|-weather|RainDance\n|move|p2a: Kilowattrel|Tailwind|p2a: Kilowattrel\n|-sidestart|p2: Matias06|move: Tailwind\n|-start|p2a: Kilowattrel|Charge|Tailwind|[from] ability: Wind Power\n|move|p1a: Amoonguss|Spore|p2a: Kilowattrel\n|-status|p2a: Kilowattrel|slp|[from] move: Spore\n|\n|-weather|RainDance|[upkeep]\n|upkeep\n|turn|2\n|inactive|Matias06 has 30 seconds left.\n|\n|t:|1683940041\n|move|p1a: Amoonguss|Protect|p1a: Amoonguss\n|-singleturn|p1a: Amoonguss|Protect\n|move|p2b: Floatzel|Ice Spinner|p1a: Amoonguss\n|-activate|p1a: Amoonguss|move: Protect\n|cant|p2a: Kilowattrel|slp\n|move|p1b: Flutter Mane|Dazzling Gleam|p2a: Kilowattrel|[spread] p2a,p2b\n|-damage|p2a: Kilowattrel|0 fnt\n|-damage|p2b: Floatzel|0 fnt\n|faint|p2a: Kilowattrel\n|faint|p2b: Floatzel\n|-damage|p1b: Flutter Mane|81\/100|[from] item: Life Orb\n|\n|-weather|RainDance|[upkeep]\n|upkeep\n|\n|t:|1683940055\n|switch|p2b: Breloom|Breloom, L50, M|100\/100\n|switch|p2a: Gholdengo|Gholdengo, L50|100\/100\n|turn|3\n|inactive|wackomarko has 30 seconds left.\n|\n|t:|1683940087\n|move|p1b: Flutter Mane|Protect|p1b: Flutter Mane\n|-singleturn|p1b: Flutter Mane|Protect\n|move|p1a: Amoonguss|Protect||[still]\n|-fail|p1a: Amoonguss\n|move|p2a: Gholdengo|Make It Rain|p1b: Flutter Mane|[spread] p1a\n|-activate|p1b: Flutter Mane|move: Protect\n|-damage|p1a: Amoonguss|56\/100\n|-unboost|p2a: Gholdengo|spa|1\n|move|p2b: Breloom|Gunk Shot|p1a: Amoonguss\n|-damage|p1a: Amoonguss|25\/100\n|-enditem|p1a: Amoonguss|Sitrus Berry|[eat]\n|-heal|p1a: Amoonguss|50\/100|[from] item: Sitrus Berry\n|\n|-weather|RainDance|[upkeep]\n|upkeep\n|turn|4\n|\n|t:|1683940111\n|-end|p1b: Flutter Mane|Protosynthesis|[silent]\n|switch|p1b: Chien-Pao|Chien-Pao, L50|100\/100\n|-ability|p1b: Chien-Pao|Sword of Ruin\n|move|p2a: Gholdengo|Make It Rain|p1b: Chien-Pao|[spread] p1a,p1b\n|-supereffective|p1b: Chien-Pao\n|-damage|p1a: Amoonguss|20\/100\n|-enditem|p1b: Chien-Pao|Focus Sash\n|-damage|p1b: Chien-Pao|1\/100\n|-unboost|p2a: Gholdengo|spa|1\n|move|p2b: Breloom|Gunk Shot|p1a: Amoonguss\n|-damage|p1a: Amoonguss|0 fnt\n|faint|p1a: Amoonguss\n|\n|-weather|RainDance|[upkeep]\n|-sideend|p2: Matias06|move: Tailwind\n|upkeep\n|\n|t:|1683940133\n|switch|p1a: Flutter Mane|Flutter Mane, L50, shiny|81\/100\n|turn|5\n|inactive|Matias06 has 30 seconds left.\n|\n|t:|1683940158\n|move|p1b: Chien-Pao|Sucker Punch|p2a: Gholdengo\n|-supereffective|p2a: Gholdengo\n|-damage|p2a: Gholdengo|0 fnt\n|faint|p2a: Gholdengo\n|move|p1a: Flutter Mane|Shadow Ball|p2b: Breloom\n|-damage|p2b: Breloom|6\/100\n|-damage|p1a: Flutter Mane|72\/100|[from] item: Life Orb\n|move|p2b: Breloom|Spore|p1a: Flutter Mane\n|-status|p1a: Flutter Mane|slp|[from] move: Spore\n|\n|-weather|none\n|-heal|p2b: Breloom|12\/100|[from] item: Leftovers\n|upkeep\n|turn|6\n|\n|t:|1683940174\n|-end|p1a: Flutter Mane|Protosynthesis|[silent]\n|switch|p1a: Dragapult|Dragapult, L50, M, shiny|100\/100\n|move|p1b: Chien-Pao|Ice Shard|p2b: Breloom\n|-supereffective|p2b: Breloom\n|-damage|p2b: Breloom|0 fnt\n|faint|p2b: Breloom\n|\n|win|wackomarko\n|raw|wackomarko's rating: 1103 → 1124<\/strong> (+21 for winning)\n|raw|Matias06's rating: 1045 → 1031<\/strong> (-14 for losing)\n|l|\u2606Matias06\n|c|\u2606wackomarko|gg\n","uploadtime":1683940186,"views":7,"p1id":"wackomarko","p2id":"matias06","formatid":"gen9vgc2023regulationc","rating":1031,"private":0,"password":""}