{"id":"gen9vgc2023regulationc-1863302711","p1":"glowbrogang","p2":"Voltypichu","format":"[Gen 9] VGC 2023 Regulation C","log":"|j|\u2606glowbrogang\n|j|\u2606Voltypichu\n|t:|1683999986\n|gametype|doubles\n|player|p1|glowbrogang|ltsurge|\n|player|p2|Voltypichu|169|\n|teamsize|p1|6\n|teamsize|p2|6\n|gen|9\n|tier|[Gen 9] VGC 2023 Regulation C\n|rule|Tera Type Preview: Tera Types are shown at Team Preview\n|rule|Species Clause: Limit one of each Pok\u00e9mon\n|rule|Item Clause: Limit one of each item\n|clearpoke\n|poke|p1|Azumarill, L50, F|\n|poke|p1|Chien-Pao, L50|\n|poke|p1|Dragapult, L50, M|\n|poke|p1|Tyranitar, L50, F|\n|poke|p1|Lycanroc, L50, M|\n|poke|p1|Indeedee, L50, M|\n|poke|p2|Hariyama, L50, F|\n|poke|p2|Salamence, L50, F|\n|poke|p2|Ting-Lu, L50|\n|poke|p2|Baxcalibur, L50, M|\n|poke|p2|Indeedee-F, L50, F|\n|poke|p2|Armarouge, L50, F|\n|teampreview|4\n|raw|glowbrogang's Tera Types: \/ \/ \/ \/ \/ \n|raw|Voltypichu's Tera Types: \/ \/ \/ \/ \/ \n|c|\u2606Voltypichu|g1\n|c|\u2606glowbrogang|g1\n|c|\u2606glowbrogang|lemme make all 3\n|c|\u2606glowbrogang|i sent it in the discord\nglowbrogang rejected open team sheets.\n|c|\u2606glowbrogang|\/log glowbrogang made this room public.\n|\n|t:|1684000109\n|start\n|switch|p1a: ald (best driver)|Tyranitar, L50, F, shiny|100\/100\n|switch|p1b: aaaaaa|Lycanroc, L50, M, shiny|100\/100\n|switch|p2a: Hariyama|Hariyama, L50, F|100\/100\n|switch|p2b: Salamence|Salamence, L50, F|100\/100\n|-ability|p2b: Salamence|Intimidate|boost\n|-unboost|p1a: ald (best driver)|atk|1\n|-unboost|p1b: aaaaaa|atk|1\n|-weather|Sandstorm|[from] ability: Sand Stream|[of] p1a: ald (best driver)\n|turn|1\n|\n|t:|1684000150\n|-terastallize|p1b: aaaaaa|Ghost\n|move|p2a: Hariyama|Fake Out|p1a: ald (best driver)\n|-resisted|p1a: ald (best driver)\n|-damage|p1a: ald (best driver)|95\/100\n|move|p1b: aaaaaa|Rock Slide|p2b: Salamence|[spread] p2a,p2b\n|-resisted|p2a: Hariyama\n|-crit|p2a: Hariyama\n|-supereffective|p2b: Salamence\n|-damage|p2a: Hariyama|79\/100\n|-damage|p2b: Salamence|63\/100\n|-enditem|p2a: Hariyama|Eject Button\n|\n|t:|1684000161\n|switch|p2a: Baxcalibur|Baxcalibur, L50, M|100\/100\n|move|p2b: Salamence|Tailwind|p2b: Salamence\n|-sidestart|p2: Voltypichu|move: Tailwind\n|cant|p1a: ald (best driver)|flinch\n|\n|-weather|Sandstorm|[upkeep]\n|-damage|p2b: Salamence|57\/100|[from] Sandstorm\n|-damage|p2a: Baxcalibur|95\/100|[from] Sandstorm\n|upkeep\n|turn|2\n|\n|t:|1684000213\n|-terastallize|p2a: Baxcalibur|Ground\n|move|p1b: aaaaaa|Rock Slide|p2b: Salamence|[spread] p2a,p2b\n|-resisted|p2a: Baxcalibur\n|-supereffective|p2b: Salamence\n|-damage|p2a: Baxcalibur|87\/100\n|-damage|p2b: Salamence|20\/100\n|move|p2b: Salamence|Dragon Claw|p1b: aaaaaa\n|-damage|p1b: aaaaaa|30\/100\n|cant|p2a: Baxcalibur|flinch\n|move|p1a: ald (best driver)|Rock Slide|p2b: Salamence|[spread] p2a,p2b\n|-resisted|p2a: Baxcalibur\n|-supereffective|p2b: Salamence\n|-damage|p2a: Baxcalibur|78\/100\n|-damage|p2b: Salamence|0 fnt\n|faint|p2b: Salamence\n|\n|-weather|Sandstorm|[upkeep]\n|upkeep\n|\n|t:|1684000232\n|switch|p2b: Hariyama|Hariyama, L50, F|79\/100\n|turn|3\n|\n|t:|1684000249\n|move|p1a: ald (best driver)|Protect|p1a: ald (best driver)\n|-singleturn|p1a: ald (best driver)|Protect\n|move|p1b: aaaaaa|Psychic Fangs|p2b: Hariyama\n|-supereffective|p2b: Hariyama\n|-damage|p2b: Hariyama|37\/100\n|move|p2a: Baxcalibur|Stomping Tantrum|p1b: aaaaaa\n|-damage|p1b: aaaaaa|0 fnt\n|faint|p1b: aaaaaa\n|move|p2b: Hariyama|Close Combat|p1a: ald (best driver)\n|-activate|p1a: ald (best driver)|move: Protect\n|\n|-weather|Sandstorm|[upkeep]\n|-damage|p2b: Hariyama|31\/100|[from] Sandstorm\n|upkeep\n|\n|t:|1684000272\n|switch|p1b: fangs|Chien-Pao, L50|100\/100\n|-ability|p1b: fangs|Sword of Ruin\n|turn|4\n|\n|t:|1684000286\n|move|p1b: fangs|Protect|p1b: fangs\n|-singleturn|p1b: fangs|Protect\n|move|p2b: Hariyama|Protect|p2b: Hariyama\n|-singleturn|p2b: Hariyama|Protect\n|move|p2a: Baxcalibur|Earthquake|p1b: fangs|[spread] p1a\n|-activate|p2b: Hariyama|move: Protect\n|-activate|p1b: fangs|move: Protect\n|-supereffective|p1a: ald (best driver)\n|-damage|p1a: ald (best driver)|9\/100\n|move|p1a: ald (best driver)|Low Kick|p2b: Hariyama\n|-activate|p2b: Hariyama|move: Protect\n|\n|-weather|Sandstorm|[upkeep]\n|-damage|p1b: fangs|95\/100|[from] Sandstorm\n|-damage|p2b: Hariyama|25\/100|[from] Sandstorm\n|-sideend|p2: Voltypichu|move: Tailwind\n|upkeep\n|turn|5\n|\n|t:|1684000311\n|move|p2a: Baxcalibur|Protect|p2a: Baxcalibur\n|-singleturn|p2a: Baxcalibur|Protect\n|move|p1b: fangs|Ice Spinner|p2b: Hariyama\n|-damage|p2b: Hariyama|0 fnt\n|faint|p2b: Hariyama\n|-damage|p1b: fangs|85\/100|[from] item: Life Orb\n|move|p1a: ald (best driver)|Low Kick|p2a: Baxcalibur\n|-activate|p2a: Baxcalibur|move: Protect\n|\n|-weather|none\n|upkeep\n|c|\u2606glowbrogang|lets go ttar\n|\n|t:|1684000320\n|switch|p2b: Ting-Lu|Ting-Lu, L50|100\/100\n|-ability|p2b: Ting-Lu|Vessel of Ruin\n|turn|6\n|\n|t:|1684000341\n|move|p1b: fangs|Ice Spinner|p2a: Baxcalibur\n|-supereffective|p2a: Baxcalibur\n|-damage|p2a: Baxcalibur|0 fnt\n|faint|p2a: Baxcalibur\n|-damage|p1b: fangs|76\/100|[from] item: Life Orb\n|move|p2b: Ting-Lu|Body Press|p1b: fangs\n|-supereffective|p1b: fangs\n|-damage|p1b: fangs|0 fnt\n|faint|p1b: fangs\n|move|p1a: ald (best driver)|Low Kick|p2b: Ting-Lu\n|-supereffective|p2b: Ting-Lu\n|-damage|p2b: Ting-Lu|71\/100\n|\n|upkeep\n|\n|t:|1684000344\n|switch|p1b: peter panshrew|Azumarill, L50, F, shiny|100\/100\n|turn|7\n|\n|t:|1684000355\n|move|p2b: Ting-Lu|Body Press|p1a: ald (best driver)\n|-supereffective|p1a: ald (best driver)\n|-enditem|p1a: ald (best driver)|Chople Berry|[eat]\n|-enditem|p1a: ald (best driver)|Chople Berry|[weaken]\n|-damage|p1a: ald (best driver)|0 fnt\n|faint|p1a: ald (best driver)\n|move|p1b: peter panshrew|Liquidation|p2b: Ting-Lu\n|-supereffective|p2b: Ting-Lu\n|-damage|p2b: Ting-Lu|21\/100\n|-enditem|p2b: Ting-Lu|Sitrus Berry|[eat]\n|-heal|p2b: Ting-Lu|46\/100|[from] item: Sitrus Berry\n|\n|upkeep\n|turn|8\n|c|\u2606glowbrogang|gg\n|c|\u2606Voltypichu|gg\n|\n|t:|1684000370\n|move|p2b: Ting-Lu|Stomping Tantrum|p1b: peter panshrew\n|-damage|p1b: peter panshrew|61\/100\n|move|p1b: peter panshrew|Liquidation|p2b: Ting-Lu\n|-supereffective|p2b: Ting-Lu\n|-damage|p2b: Ting-Lu|0 fnt\n|faint|p2b: Ting-Lu\n|\n|win|glowbrogang\n|c|\u2606glowbrogang|right unless ur fissure and u hit\n|c|\u2606glowbrogang|1-0\n|l|\u2606Voltypichu\n|l|\u2606glowbrogang\n|j|\u2606glowbrogang\n|player|p1|glowbrogang|ltsurge\n","uploadtime":1684000600,"views":4,"p1id":"glowbrogang","p2id":"voltypichu","formatid":"gen9vgc2023regulationc","rating":0,"private":0,"password":""}