{"id":"gen9vgc2023regulationc-1855707968","p1":"Ghazi02","p2":"goodrisotto","format":"[Gen 9] VGC 2023 Regulation C","log":"|j|\u2606Ghazi02\n|j|\u2606goodrisotto\n|t:|1682975321\n|gametype|doubles\n|player|p1|Ghazi02|blackbelt-gen4dp|1322\n|player|p2|goodrisotto|266|1369\n|teamsize|p1|6\n|teamsize|p2|6\n|gen|9\n|tier|[Gen 9] VGC 2023 Regulation C\n|rated|\n|rule|Species Clause: Limit one of each Pok\u00e9mon\n|rule|Item Clause: Limit one of each item\n|clearpoke\n|poke|p1|Kingambit, L50, M|\n|poke|p1|Flutter Mane, L50|\n|poke|p1|Great Tusk, L50|\n|poke|p1|Iron Hands, L50|\n|poke|p1|Amoonguss, L50, M|\n|poke|p1|Volcarona, L50, F|\n|poke|p2|Hydreigon, L50, M|\n|poke|p2|Annihilape, L50, M|\n|poke|p2|Gholdengo, L50|\n|poke|p2|Iron Bundle, L50|\n|poke|p2|Amoonguss, L50, F|\n|poke|p2|Garganacl, L50, M|\n|teampreview|4\n|inactive|Battle timer is ON: inactive players will automatically lose when time's up. (requested by Ghazi02)\n|\n|t:|1682975346\n|start\n|switch|p1a: Volcarona|Volcarona, L50, F|100\/100\n|switch|p1b: Amoonguss|Amoonguss, L50, M|100\/100\n|switch|p2a: Amoonguss|Amoonguss, L50, F|100\/100\n|switch|p2b: Hydreigon|Hydreigon, L50, M|100\/100\n|turn|1\n|\n|t:|1682975357\n|switch|p2b: Garganacl|Garganacl, L50, M|100\/100\n|move|p1a: Volcarona|Quiver Dance|p1a: Volcarona\n|-boost|p1a: Volcarona|spa|1\n|-boost|p1a: Volcarona|spd|1\n|-boost|p1a: Volcarona|spe|1\n|move|p1b: Amoonguss|Spore|p2b: Garganacl\n|-immune|p2b: Garganacl|[from] ability: Purifying Salt\n|move|p2a: Amoonguss|Spore|p1a: Volcarona\n|-status|p1a: Volcarona|slp|[from] move: Spore\n|\n|upkeep\n|turn|2\n|\n|t:|1682975379\n|switch|p1b: Great Tusk|Great Tusk, L50, shiny|100\/100\n|-terastallize|p1a: Volcarona|Grass\n|cant|p1a: Volcarona|slp\n|move|p2b: Garganacl|Salt Cure|p1b: Great Tusk\n|-resisted|p1b: Great Tusk\n|-damage|p1b: Great Tusk|98\/100\n|-start|p1b: Great Tusk|Salt Cure\n|move|p2a: Amoonguss|Pollen Puff|p1b: Great Tusk\n|-resisted|p1b: Great Tusk\n|-damage|p1b: Great Tusk|85\/100\n|\n|-damage|p1b: Great Tusk|73\/100|[from] Salt Cure\n|upkeep\n|turn|3\n|\n|t:|1682975402\n|move|p2b: Garganacl|Protect|p2b: Garganacl\n|-singleturn|p2b: Garganacl|Protect\n|move|p1b: Great Tusk|Headlong Rush|p2a: Amoonguss\n|-damage|p2a: Amoonguss|44\/100\n|-unboost|p1b: Great Tusk|def|1\n|-unboost|p1b: Great Tusk|spd|1\n|-enditem|p2a: Amoonguss|Sitrus Berry|[eat]\n|-heal|p2a: Amoonguss|69\/100|[from] item: Sitrus Berry\n|-curestatus|p1a: Volcarona|slp|[msg]\n|move|p1a: Volcarona|Quiver Dance|p1a: Volcarona\n|-boost|p1a: Volcarona|spa|1\n|-boost|p1a: Volcarona|spd|1\n|-boost|p1a: Volcarona|spe|1\n|move|p2a: Amoonguss|Spore|p1b: Great Tusk\n|-status|p1b: Great Tusk|slp|[from] move: Spore\n|\n|-damage|p1b: Great Tusk|60\/100 slp|[from] Salt Cure\n|upkeep\n|turn|4\n|inactive|goodrisotto has 30 seconds left.\n|\n|t:|1682975431\n|-end|p1b: Great Tusk|Protosynthesis|[silent]\n|switch|p1b: Amoonguss|Amoonguss, L50, M|100\/100\n|move|p1a: Volcarona|Giga Drain|p2b: Garganacl\n|-supereffective|p2b: Garganacl\n|-damage|p2b: Garganacl|0 fnt\n|faint|p2b: Garganacl\n|move|p2a: Amoonguss|Pollen Puff|p2: Garganacl|[notarget]\n|-fail|p2a: Amoonguss\n|\n|upkeep\n|\n|t:|1682975444\n|switch|p2b: Hydreigon|Hydreigon, L50, M|100\/100\n|turn|5\n|\n|t:|1682975453\n|switch|p2a: Iron Bundle|Iron Bundle, L50|100\/100\n|-terastallize|p2b: Hydreigon|Fire\n|move|p1a: Volcarona|Heat Wave|p2a: Iron Bundle|[spread] p2a,p2b\n|-resisted|p2b: Hydreigon\n|-enditem|p2a: Iron Bundle|Focus Sash\n|-damage|p2a: Iron Bundle|1\/100\n|-damage|p2b: Hydreigon|57\/100\n|-status|p2a: Iron Bundle|brn\n|move|p2b: Hydreigon|Heat Wave|p1a: Volcarona|[spread] p1a,p1b\n|-supereffective|p1a: Volcarona\n|-supereffective|p1b: Amoonguss\n|-damage|p1a: Volcarona|66\/100\n|-damage|p1b: Amoonguss|38\/100\n|-enditem|p1b: Amoonguss|Sitrus Berry|[eat]\n|-heal|p1b: Amoonguss|63\/100|[from] item: Sitrus Berry\n|move|p1b: Amoonguss|Spore|p2b: Hydreigon\n|-status|p2b: Hydreigon|slp|[from] move: Spore\n|\n|-damage|p2a: Iron Bundle|0 fnt|[from] brn\n|faint|p2a: Iron Bundle\n|-end|p2a: Iron Bundle|Quark Drive|[silent]\n|upkeep\n|\n|t:|1682975472\n|switch|p2a: Amoonguss|Amoonguss, L50, F|100\/100\n|turn|6\n|\n|t:|1682975481\n|move|p1a: Volcarona|Heat Wave|p2b: Hydreigon|[spread] p2a,p2b\n|-supereffective|p2a: Amoonguss\n|-crit|p2a: Amoonguss\n|-resisted|p2b: Hydreigon\n|-damage|p2a: Amoonguss|0 fnt\n|-damage|p2b: Hydreigon|18\/100 slp\n|faint|p2a: Amoonguss\n|cant|p2b: Hydreigon|slp\n|move|p1b: Amoonguss|Pollen Puff|p1a: Volcarona\n|-heal|p1a: Volcarona|100\/100\n|\n|upkeep\n|turn|7\n|\n|t:|1682975495\n|move|p1a: Volcarona|Giga Drain|p2b: Hydreigon\n|-resisted|p2b: Hydreigon\n|-damage|p2b: Hydreigon|0 fnt\n|faint|p2b: Hydreigon\n|\n|win|Ghazi02\n|raw|Ghazi02's rating: 1322 → 1345<\/strong> (+23 for winning)\n|raw|goodrisotto's rating: 1369 → 1346<\/strong> (-23 for losing)\n|l|\u2606goodrisotto\n","uploadtime":1682975501,"views":10,"p1id":"ghazi02","p2id":"goodrisotto","formatid":"gen9vgc2023regulationc","rating":1345,"private":0,"password":""}