{"id":"gen9vgc2023regulationc-1856297489","p1":"titandoubles","p2":"sketchjj71195","format":"[Gen 9] VGC 2023 Regulation C","log":"|j|\u2606titandoubles\n|j|\u2606sketchjj71195\n|t:|1683048636\n|gametype|doubles\n|player|p1|titandoubles|silver|1186\n|player|p2|sketchjj71195|1|1217\n|teamsize|p1|6\n|teamsize|p2|6\n|gen|9\n|tier|[Gen 9] VGC 2023 Regulation C\n|rated|\n|rule|Species Clause: Limit one of each Pok\u00e9mon\n|rule|Item Clause: Limit one of each item\n|clearpoke\n|poke|p1|Ting-Lu, L50|\n|poke|p1|Gyarados, L50, F|\n|poke|p1|Arcanine, L50, F|\n|poke|p1|Orthworm, L50, M|\n|poke|p1|Amoonguss, L50, M|\n|poke|p1|Flutter Mane, L50|\n|poke|p2|Iron Moth, L50|\n|poke|p2|Espathra, L50, F|\n|poke|p2|Gyarados, L50, F|\n|poke|p2|Baxcalibur, L50, M|\n|poke|p2|Wo-Chien, L50|\n|poke|p2|Great Tusk, L50|\n|teampreview|4\n|inactive|Battle timer is ON: inactive players will automatically lose when time's up. (requested by titandoubles)\n|inactive|titandoubles has 60 seconds left.\n|inactive|sketchjj71195 has 60 seconds left.\n|\n|t:|1683048685\n|start\n|switch|p1a: Flutter Mane|Flutter Mane, L50|100\/100\n|switch|p1b: Arcanine|Arcanine, L50, F|100\/100\n|switch|p2a: Gyarados|Gyarados, L50, F|100\/100\n|switch|p2b: Great Tusk|Great Tusk, L50|100\/100\n|-ability|p1b: Arcanine|Intimidate|boost\n|-unboost|p2a: Gyarados|atk|1\n|-unboost|p2b: Great Tusk|atk|1\n|-ability|p2a: Gyarados|Intimidate|boost\n|-unboost|p1a: Flutter Mane|atk|1\n|-unboost|p1b: Arcanine|atk|1\n|turn|1\n|\n|t:|1683048707\n|-terastallize|p2b: Great Tusk|Ground\n|move|p1a: Flutter Mane|Icy Wind|p2b: Great Tusk|[spread] p2a,p2b\n|-supereffective|p2b: Great Tusk\n|-damage|p2a: Gyarados|92\/100\n|-damage|p2b: Great Tusk|83\/100\n|-unboost|p2a: Gyarados|spe|1\n|-unboost|p2b: Great Tusk|spe|1\n|move|p1b: Arcanine|Will-O-Wisp|p2b: Great Tusk\n|-status|p2b: Great Tusk|brn\n|move|p2b: Great Tusk|Headlong Rush|p1b: Arcanine\n|-supereffective|p1b: Arcanine\n|-damage|p1b: Arcanine|57\/100\n|-unboost|p2b: Great Tusk|def|1\n|-unboost|p2b: Great Tusk|spd|1\n|move|p2a: Gyarados|Thunder Wave|p1a: Flutter Mane\n|-status|p1a: Flutter Mane|par\n|\n|-damage|p2b: Great Tusk|77\/100 brn|[from] brn\n|upkeep\n|turn|2\n|\n|t:|1683048731\n|-end|p2b: Great Tusk|Protosynthesis|[silent]\n|switch|p2b: Iron Moth|Iron Moth, L50|100\/100\n|-enditem|p2b: Iron Moth|Booster Energy\n|-activate|p2b: Iron Moth|ability: Quark Drive|[fromitem]\n|-start|p2b: Iron Moth|quarkdrivespa\n|move|p1b: Arcanine|Will-O-Wisp|p2a: Gyarados\n|-status|p2a: Gyarados|brn\n|-enditem|p2a: Gyarados|Lum Berry|[eat]\n|-curestatus|p2a: Gyarados|brn|[msg]\n|move|p1a: Flutter Mane|Icy Wind|p2a: Gyarados|[spread] p2a,p2b\n|-resisted|p2b: Iron Moth\n|-damage|p2a: Gyarados|82\/100\n|-damage|p2b: Iron Moth|95\/100\n|-unboost|p2a: Gyarados|spe|1\n|-unboost|p2b: Iron Moth|spe|1\n|move|p2a: Gyarados|Taunt|p1b: Arcanine\n|-start|p1b: Arcanine|move: Taunt\n|\n|upkeep\n|turn|3\n|inactive|sketchjj71195 has 30 seconds left.\n|\n|t:|1683048756\n|switch|p1b: Ting-Lu|Ting-Lu, L50|100\/100\n|-ability|p1b: Ting-Lu|Vessel of Ruin\n|switch|p2a: Great Tusk|Great Tusk, L50, tera:Ground|77\/100 brn\n|move|p2b: Iron Moth|Protect|p2b: Iron Moth\n|-singleturn|p2b: Iron Moth|Protect\n|cant|p1a: Flutter Mane|par\n|\n|-damage|p2a: Great Tusk|71\/100 brn|[from] brn\n|upkeep\n|turn|4\n|\n|t:|1683048780\n|-end|p1a: Flutter Mane|Protosynthesis|[silent]\n|switch|p1a: Orthworm|Orthworm, L50, M|100\/100\n|move|p2a: Great Tusk|Close Combat|p1b: Ting-Lu\n|-supereffective|p1b: Ting-Lu\n|-damage|p1b: Ting-Lu|65\/100\n|-unboost|p2a: Great Tusk|def|1\n|-unboost|p2a: Great Tusk|spd|1\n|move|p2b: Iron Moth|Sludge Wave|p1a: Orthworm|[spread] p2a,p1b\n|-immune|p1a: Orthworm\n|-resisted|p2a: Great Tusk\n|-resisted|p1b: Ting-Lu\n|-damage|p2a: Great Tusk|53\/100 brn\n|-damage|p1b: Ting-Lu|58\/100\n|-status|p1b: Ting-Lu|psn\n|move|p1b: Ting-Lu|Earthquake|p2a: Great Tusk|[spread] p2a,p2b\n|-immune|p1a: Orthworm|[from] ability: Earth Eater\n|-supereffective|p2b: Iron Moth\n|-damage|p2a: Great Tusk|15\/100 brn\n|-damage|p2b: Iron Moth|0 fnt\n|faint|p2b: Iron Moth\n|-end|p2b: Iron Moth|Quark Drive|[silent]\n|\n|-damage|p1b: Ting-Lu|46\/100 psn|[from] psn\n|-damage|p2a: Great Tusk|9\/100 brn|[from] brn\n|upkeep\n|\n|t:|1683048803\n|switch|p2b: Espathra|Espathra, L50, F|100\/100\n|turn|5\n|\n|t:|1683048819\n|switch|p1b: Flutter Mane|Flutter Mane, L50|100\/100 par\n|move|p2b: Espathra|Protect|p2b: Espathra\n|-singleturn|p2b: Espathra|Protect\n|move|p2a: Great Tusk|Knock Off|p1a: Orthworm\n|-damage|p1a: Orthworm|90\/100\n|-enditem|p1a: Orthworm|Leftovers|[from] move: Knock Off|[of] p2a: Great Tusk\n|move|p1a: Orthworm|Body Press|p2a: Great Tusk\n|-damage|p2a: Great Tusk|0 fnt\n|faint|p2a: Great Tusk\n|-end|p2a: Great Tusk|Protosynthesis|[silent]\n|\n|-ability|p2b: Espathra|Speed Boost|boost\n|-boost|p2b: Espathra|spe|1\n|upkeep\n|\n|t:|1683048835\n|switch|p2a: Gyarados|Gyarados, L50, F|82\/100\n|-ability|p2a: Gyarados|Intimidate|boost\n|-unboost|p1a: Orthworm|atk|1\n|-unboost|p1b: Flutter Mane|atk|1\n|turn|6\n|\n|t:|1683048857\n|switch|p1a: Arcanine|Arcanine, L50, F|57\/100\n|-ability|p1a: Arcanine|Intimidate|boost\n|-unboost|p2a: Gyarados|atk|1\n|-unboost|p2b: Espathra|atk|1\n|move|p2b: Espathra|Lumina Crash|p1a: Arcanine\n|-damage|p1a: Arcanine|17\/100\n|-unboost|p1a: Arcanine|spd|2\n|-enditem|p1a: Arcanine|Sitrus Berry|[eat]\n|-heal|p1a: Arcanine|42\/100|[from] item: Sitrus Berry\n|cant|p1b: Flutter Mane|par\n|move|p2a: Gyarados|Taunt|p1a: Arcanine\n|-start|p1a: Arcanine|move: Taunt\n|\n|-ability|p2b: Espathra|Speed Boost|boost\n|-boost|p2b: Espathra|spe|1\n|upkeep\n|turn|7\n|inactive|sketchjj71195 has 30 seconds left.\n|\n|t:|1683048889\n|move|p2b: Espathra|Lumina Crash|p1b: Flutter Mane\n|-damage|p1b: Flutter Mane|68\/100 par\n|-unboost|p1b: Flutter Mane|spd|2\n|move|p1a: Arcanine|Snarl|p2a: Gyarados|[spread] p2a,p2b\n|-supereffective|p2b: Espathra\n|-damage|p2a: Gyarados|75\/100\n|-damage|p2b: Espathra|68\/100\n|-unboost|p2a: Gyarados|spa|1\n|-unboost|p2b: Espathra|spa|1\n|move|p1b: Flutter Mane|Perish Song|p1b: Flutter Mane\n|-start|p1a: Arcanine|perish3|[silent]\n|-start|p1b: Flutter Mane|perish3|[silent]\n|-start|p2a: Gyarados|perish3|[silent]\n|-start|p2b: Espathra|perish3|[silent]\n|-fieldactivate|move: Perish Song\n|move|p2a: Gyarados|Waterfall|p1a: Arcanine\n|-supereffective|p1a: Arcanine\n|-damage|p1a: Arcanine|2\/100\n|\n|-start|p2b: Espathra|perish3\n|-start|p1a: Arcanine|perish3\n|-start|p1b: Flutter Mane|perish3\n|-start|p2a: Gyarados|perish3\n|-ability|p2b: Espathra|Speed Boost|boost\n|-boost|p2b: Espathra|spe|1\n|upkeep\n|turn|8\n|inactive|sketchjj71195 has 30 seconds left.\n|\n|t:|1683048917\n|switch|p1a: Orthworm|Orthworm, L50, M|90\/100\n|-end|p1b: Flutter Mane|Protosynthesis|[silent]\n|switch|p1b: Ting-Lu|Ting-Lu, L50|46\/100 psn\n|-ability|p1b: Ting-Lu|Vessel of Ruin\n|move|p2b: Espathra|Lumina Crash|p1a: Orthworm\n|-resisted|p1a: Orthworm\n|-damage|p1a: Orthworm|78\/100\n|-unboost|p1a: Orthworm|spd|2\n|move|p2a: Gyarados|Iron Head|p1b: Ting-Lu\n|-damage|p1b: Ting-Lu|36\/100 psn\n|\n|-damage|p1b: Ting-Lu|24\/100 psn|[from] psn\n|-start|p2b: Espathra|perish2\n|-start|p2a: Gyarados|perish2\n|-ability|p2b: Espathra|Speed Boost|boost\n|-boost|p2b: Espathra|spe|1\n|upkeep\n|turn|9\n|-message|sketchjj71195 forfeited.\n|\n|win|titandoubles\n|raw|titandoubles's rating: 1186 → 1213<\/strong> (+27 for winning)\n|raw|sketchjj71195's rating: 1217 → 1190<\/strong> (-27 for losing)\n|l|\u2606sketchjj71195\n","uploadtime":1683048944,"views":16,"p1id":"titandoubles","p2id":"sketchjj71195","formatid":"gen9vgc2023regulationc","rating":1190,"private":0,"password":""}