{"id":"gen9vgc2023regulationc-1849805943","p1":"iStockphoto","p2":"Pakulis","format":"[Gen 9] VGC 2023 Regulation C","log":"|j|\u2606iStockphoto\n|j|\u2606Pakulis\n|t:|1682254574\n|gametype|doubles\n|player|p1|iStockphoto|170|1084\n|player|p2|Pakulis|n|1077\n|teamsize|p1|6\n|teamsize|p2|6\n|gen|9\n|tier|[Gen 9] VGC 2023 Regulation C\n|rated|\n|rule|Species Clause: Limit one of each Pok\u00e9mon\n|rule|Item Clause: Limit one of each item\n|clearpoke\n|poke|p1|Tatsugiri, L50, M|\n|poke|p1|Dondozo, L50, F|\n|poke|p1|Pelipper, L50, M|\n|poke|p1|Iron Bundle, L50|\n|poke|p1|Palafin, L50, M|\n|poke|p1|Amoonguss, L50, M|\n|poke|p2|Palafin, L50, M|\n|poke|p2|Ting-Lu, L50|\n|poke|p2|Volcarona, L50, M|\n|poke|p2|Hydreigon, L50, F|\n|poke|p2|Medicham, L50, F|\n|poke|p2|Arcanine, L50, M|\n|teampreview|4\n|inactive|Battle timer is ON: inactive players will automatically lose when time's up. (requested by Pakulis)\niStockphoto has agreed to open team sheets.\n|\n|t:|1682254599\n|start\n|switch|p1a: Tatsugiri|Tatsugiri, L50, M|100\/100\n|switch|p1b: Palafin|Palafin, L50, M|100\/100\n|switch|p2a: Medicham|Medicham, L50, F|100\/100\n|switch|p2b: Hydreigon|Hydreigon, L50, F|100\/100\n|turn|1\n|inactive|iStockphoto has 30 seconds left.\n|\n|t:|1682254625\n|-terastallize|p2b: Hydreigon|Electric\n|move|p2a: Medicham|Fake Out|p1b: Palafin\n|-damage|p1b: Palafin|79\/100\n|move|p1a: Tatsugiri|Icy Wind|p2b: Hydreigon|[spread] p2a,p2b\n|-crit|p2a: Medicham\n|-crit|p2b: Hydreigon\n|-damage|p2a: Medicham|67\/100\n|-damage|p2b: Hydreigon|78\/100\n|-unboost|p2a: Medicham|spe|1\n|-unboost|p2b: Hydreigon|spe|1\n|cant|p1b: Palafin|flinch\n|move|p2b: Hydreigon|Focus Energy|p2b: Hydreigon\n|-start|p2b: Hydreigon|move: Focus Energy\n|\n|upkeep\n|turn|2\n|\n|t:|1682254647\n|switch|p2a: Volcarona|Volcarona, L50, M|100\/100\n|move|p1a: Tatsugiri|Icy Wind|p2a: Volcarona|[spread] p2a\n|-miss|p1a: Tatsugiri|p2b: Hydreigon\n|-resisted|p2a: Volcarona\n|-damage|p2a: Volcarona|95\/100\n|-unboost|p2a: Volcarona|spe|1\n|move|p1b: Palafin|Flip Turn|p2a: Volcarona\n|-supereffective|p2a: Volcarona\n|-damage|p2a: Volcarona|19\/100\n|-status|p1b: Palafin|brn|[from] ability: Flame Body|[of] p2a: Volcarona\n|\n|t:|1682254662\n|detailschange|p1b: Palafin|Palafin-Hero, L50, M\n|switch|p1b: Dondozo|Dondozo, L50, F|100\/100|[from] Flip Turn\n|-activate|p1a: Tatsugiri|ability: Commander|[of] p1b: Dondozo\n|-boost|p1b: Dondozo|atk|2\n|-boost|p1b: Dondozo|spa|2\n|-boost|p1b: Dondozo|spe|2\n|-boost|p1b: Dondozo|def|2\n|-boost|p1b: Dondozo|spd|2\n|move|p2b: Hydreigon|Tera Blast|p1b: Dondozo\n|-supereffective|p1b: Dondozo\n|-crit|p1b: Dondozo\n|-damage|p1b: Dondozo|0 fnt\n|faint|p1b: Dondozo\n|\n|-heal|p2a: Volcarona|25\/100|[from] item: Leftovers\n|upkeep\n|\n|t:|1682254675\n|switch|p1b: Pelipper|Pelipper, L50, M|100\/100\n|-weather|RainDance|[from] ability: Drizzle|[of] p1b: Pelipper\n|turn|3\n|\n|t:|1682254690\n|move|p1a: Tatsugiri|Icy Wind|p2a: Volcarona|[spread] p2a,p2b\n|-resisted|p2a: Volcarona\n|-damage|p2a: Volcarona|19\/100\n|-damage|p2b: Hydreigon|62\/100\n|-unboost|p2a: Volcarona|spe|1\n|-unboost|p2b: Hydreigon|spe|1\n|move|p1b: Pelipper|Hydro Pump|p2b: Hydreigon\n|-damage|p2b: Hydreigon|0 fnt\n|faint|p2b: Hydreigon\n|move|p2a: Volcarona|Tailwind|p2a: Volcarona\n|-sidestart|p2: Pakulis|move: Tailwind\n|\n|-weather|RainDance|[upkeep]\n|-heal|p2a: Volcarona|25\/100|[from] item: Leftovers\n|upkeep\n|\n|t:|1682254701\n|switch|p2b: Medicham|Medicham, L50, F|67\/100\n|turn|4\n|\n|t:|1682254711\n|move|p2b: Medicham|Fake Out|p1a: Tatsugiri\n|-damage|p1a: Tatsugiri|70\/100\n|cant|p1a: Tatsugiri|flinch\n|move|p1b: Pelipper|Tailwind|p1b: Pelipper\n|-sidestart|p1: iStockphoto|move: Tailwind\n|move|p2a: Volcarona|Struggle Bug|p1a: Tatsugiri|[spread] p1a,p1b\n|-resisted|p1b: Pelipper\n|-damage|p1a: Tatsugiri|47\/100\n|-damage|p1b: Pelipper|84\/100\n|-unboost|p1a: Tatsugiri|spa|1\n|-unboost|p1b: Pelipper|spa|1\n|\n|-weather|RainDance|[upkeep]\n|-heal|p2a: Volcarona|32\/100|[from] item: Leftovers\n|upkeep\n|turn|5\n|\n|t:|1682254727\n|move|p1a: Tatsugiri|Icy Wind|p2a: Volcarona|[spread] p2a,p2b\n|-resisted|p2a: Volcarona\n|-damage|p2a: Volcarona|28\/100\n|-damage|p2b: Medicham|50\/100\n|-unboost|p2a: Volcarona|spe|1\n|-unboost|p2b: Medicham|spe|1\n|move|p1b: Pelipper|Hurricane|p2b: Medicham\n|-supereffective|p2b: Medicham\n|-damage|p2b: Medicham|0 fnt\n|faint|p2b: Medicham\n|move|p2a: Volcarona|Struggle Bug|p1b: Pelipper|[spread] p1a,p1b\n|-resisted|p1b: Pelipper\n|-damage|p1a: Tatsugiri|23\/100\n|-damage|p1b: Pelipper|69\/100\n|-unboost|p1a: Tatsugiri|spa|1\n|-unboost|p1b: Pelipper|spa|1\n|\n|-weather|RainDance|[upkeep]\n|-heal|p2a: Volcarona|34\/100|[from] item: Leftovers\n|upkeep\n|\n|t:|1682254739\n|switch|p2b: Arcanine|Arcanine, L50, M|100\/100\n|-ability|p2b: Arcanine|Intimidate|boost\n|-unboost|p1a: Tatsugiri|atk|1\n|-unboost|p1b: Pelipper|atk|1\n|turn|6\n|\n|t:|1682254757\n|move|p2b: Arcanine|Protect|p2b: Arcanine\n|-singleturn|p2b: Arcanine|Protect\n|move|p1a: Tatsugiri|Icy Wind|p2a: Volcarona|[spread] p2a\n|-activate|p2b: Arcanine|move: Protect\n|-resisted|p2a: Volcarona\n|-damage|p2a: Volcarona|32\/100\n|-unboost|p2a: Volcarona|spe|1\n|move|p1b: Pelipper|Hydro Pump|p2a: Volcarona|[miss]\n|-miss|p1b: Pelipper|p2a: Volcarona\n|move|p2a: Volcarona|Struggle Bug|p1a: Tatsugiri|[spread] p1a,p1b\n|-resisted|p1b: Pelipper\n|-damage|p1a: Tatsugiri|0 fnt\n|-damage|p1b: Pelipper|52\/100\n|-unboost|p1b: Pelipper|spa|1\n|faint|p1a: Tatsugiri\n|\n|-weather|RainDance|[upkeep]\n|-heal|p2a: Volcarona|38\/100|[from] item: Leftovers\n|-sideend|p2: Pakulis|move: Tailwind\n|upkeep\n|\n|t:|1682254774\n|switch|p1a: Palafin|Palafin-Hero, L50, M|79\/100 brn\n|-activate|p1a: Palafin|ability: Zero to Hero\n|turn|7\n|\n|t:|1682254788\n|-terastallize|p1a: Palafin|Water\n|move|p1a: Palafin|Jet Punch|p2b: Arcanine\n|-supereffective|p2b: Arcanine\n|-damage|p2b: Arcanine|0 fnt\n|faint|p2b: Arcanine\n|move|p1b: Pelipper|Hydro Pump|p2a: Volcarona\n|-supereffective|p2a: Volcarona\n|-damage|p2a: Volcarona|0 fnt\n|faint|p2a: Volcarona\n|\n|win|iStockphoto\n|raw|iStockphoto's rating: 1084 → 1111<\/strong> (+27 for winning)\n|raw|Pakulis's rating: 1077 → 1056<\/strong> (-21 for losing)\n|c|\u2606iStockphoto|gg!!\n","uploadtime":1682254799,"views":11,"p1id":"istockphoto","p2id":"pakulis","formatid":"gen9vgc2023regulationc","rating":1056,"private":0,"password":""}