{"id":"gen9vgc2023regulationc-1861539349","p1":"JubioHDX","p2":"6Roggenrolas","format":"[Gen 9] VGC 2023 Regulation C","log":"|j|\u2606JubioHDX\n|j|\u26066Roggenrolas\n|t:|1683770518\n|gametype|doubles\n|player|p1|JubioHDX|nate|\n|player|p2|6Roggenrolas|schoolkid-gen4dp|\n|teamsize|p1|6\n|teamsize|p2|6\n|gen|9\n|tier|[Gen 9] VGC 2023 Regulation C\n|rule|Tera Type Preview: Tera Types are shown at Team Preview\n|rule|Species Clause: Limit one of each Pok\u00e9mon\n|rule|Item Clause: Limit one of each item\n|clearpoke\n|poke|p1|Maushold, L50|\n|poke|p1|Mudsdale, L50, F|\n|poke|p1|Hatterene, L50, F|\n|poke|p1|Vaporeon, L50, F|\n|poke|p1|Bombirdier, L50, F|\n|poke|p1|Brute Bonnet, L50|\n|poke|p2|Dragonite, L50, F|\n|poke|p2|Iron Bundle, L50|\n|poke|p2|Iron Treads, L50|\n|poke|p2|Iron Moth, L50|\n|poke|p2|Pincurchin, L50, M|\n|poke|p2|Mimikyu, L50, M|\n|teampreview|4\n|raw|JubioHDX's Tera Types: \/ \/ \/ \/ \/ \n|raw|6Roggenrolas's Tera Types: \/ \/ \/ \/ \/ \n|c|\u26066Roggenrolas|g2\n|c|\u26066Roggenrolas|gl hf\n|c|\u2606JubioHDX|glhf\n|inactive|Battle timer is ON: inactive players will automatically lose when time's up. (requested by JubioHDX)\n|inactive|6Roggenrolas has 60 seconds left.\n|\n|t:|1683770875\n|start\n|switch|p1a: Maushold|Maushold, L50|100\/100\n|switch|p1b: Mudsdale|Mudsdale, L50, F|100\/100\n|switch|p2a: used napkin|Mimikyu, L50, M|100\/100\n|switch|p2b: PILLOWKILL|Dragonite, L50, F|100\/100\n|turn|1\n|\n|t:|1683770892\n|-terastallize|p2b: PILLOWKILL|Flying\n|move|p1a: Maushold|Beat Up|p1b: Mudsdale\n|-damage|p1b: Mudsdale|99\/100\n|-ability|p1b: Mudsdale|Stamina|boost\n|-boost|p1b: Mudsdale|def|1\n|-crit|p1b: Mudsdale\n|-damage|p1b: Mudsdale|96\/100\n|-ability|p1b: Mudsdale|Stamina|boost\n|-boost|p1b: Mudsdale|def|1\n|-damage|p1b: Mudsdale|95\/100\n|-ability|p1b: Mudsdale|Stamina|boost\n|-boost|p1b: Mudsdale|def|1\n|-damage|p1b: Mudsdale|95\/100\n|-ability|p1b: Mudsdale|Stamina|boost\n|-boost|p1b: Mudsdale|def|1\n|-hitcount|p1b: Mudsdale|4\n|move|p2a: used napkin|Will-O-Wisp|p1b: Mudsdale\n|-status|p1b: Mudsdale|brn\n|move|p2b: PILLOWKILL|Tera Blast|p1a: Maushold\n|-damage|p1a: Maushold|2\/100\n|-damage|p2b: PILLOWKILL|91\/100|[from] item: Life Orb\n|move|p1b: Mudsdale|Substitute|p1b: Mudsdale\n|-start|p1b: Mudsdale|Substitute\n|-damage|p1b: Mudsdale|70\/100 brn\n|\n|-damage|p1b: Mudsdale|64\/100 brn|[from] brn\n|upkeep\n|turn|2\n|inactive|JubioHDX has 30 seconds left.\n|inactive|6Roggenrolas has 30 seconds left.\n|inactive|JubioHDX has 20 seconds left.\n|\n|t:|1683770931\n|-terastallize|p1b: Mudsdale|Fighting\n|move|p1a: Maushold|Helping Hand|p1b: Mudsdale\n|-singleturn|p1b: Mudsdale|Helping Hand|[of] p1a: Maushold\n|move|p2b: PILLOWKILL|Extreme Speed|p1a: Maushold\n|-damage|p1a: Maushold|0 fnt\n|faint|p1a: Maushold\n|-damage|p2b: PILLOWKILL|81\/100|[from] item: Life Orb\n|move|p2a: used napkin|Taunt|p1b: Mudsdale\n|-start|p1b: Mudsdale|move: Taunt\n|move|p1b: Mudsdale|Body Press|p2b: PILLOWKILL\n|-resisted|p2b: PILLOWKILL\n|-damage|p2b: PILLOWKILL|40\/100\n|\n|-damage|p1b: Mudsdale|58\/100 brn|[from] brn\n|upkeep\n|\n|t:|1683770950\n|switch|p1a: Vaporeon|Vaporeon, L50, F|100\/100\n|turn|3\n|\n|t:|1683770964\n|move|p2b: PILLOWKILL|Protect|p2b: PILLOWKILL\n|-singleturn|p2b: PILLOWKILL|Protect\n|move|p2a: used napkin|Shadow Claw|p1a: Vaporeon\n|-damage|p1a: Vaporeon|67\/100\n|move|p1a: Vaporeon|Icy Wind|p2a: used napkin|[spread] p2a\n|-activate|p2b: PILLOWKILL|move: Protect\n|-activate|p2a: used napkin|ability: Disguise\n|-damage|p2a: used napkin|100\/100\n|-unboost|p2a: used napkin|spe|1\n|detailschange|p2a: used napkin|Mimikyu-Busted, L50, M\n|-damage|p2a: used napkin|88\/100|[from] pokemon: Mimikyu-Busted\n|move|p1b: Mudsdale|Rock Slide|p2b: PILLOWKILL|[spread] p2a\n|-activate|p2b: PILLOWKILL|move: Protect\n|-damage|p2a: used napkin|77\/100\n|\n|-heal|p1a: Vaporeon|73\/100|[from] item: Leftovers\n|-damage|p1b: Mudsdale|52\/100 brn|[from] brn\n|upkeep\n|turn|4\n|\n|t:|1683770987\n|move|p1a: Vaporeon|Detect|p1a: Vaporeon\n|-singleturn|p1a: Vaporeon|Protect\n|move|p2b: PILLOWKILL|Tera Blast|p1a: Vaporeon\n|-activate|p1a: Vaporeon|move: Protect\n|move|p2a: used napkin|Shadow Claw|p1a: Vaporeon\n|-activate|p1a: Vaporeon|move: Protect\n|move|p1b: Mudsdale|Body Press|p2b: PILLOWKILL\n|-resisted|p2b: PILLOWKILL\n|-damage|p2b: PILLOWKILL|14\/100\n|\n|-heal|p1a: Vaporeon|79\/100|[from] item: Leftovers\n|-damage|p1b: Mudsdale|46\/100 brn|[from] brn\n|-end|p1b: Mudsdale|move: Taunt\n|upkeep\n|turn|5\n|inactive|JubioHDX has 30 seconds left.\n|inactive|JubioHDX has 20 seconds left.\n|inactive|JubioHDX has 15 seconds left.\n|inactive|JubioHDX has 10 seconds left.\n|inactive|6Roggenrolas has 30 seconds left.\n|\n|t:|1683771037\n|move|p2b: PILLOWKILL|Tera Blast|p1a: Vaporeon\n|-damage|p1a: Vaporeon|0 fnt\n|faint|p1a: Vaporeon\n|-damage|p2b: PILLOWKILL|5\/100|[from] item: Life Orb\n|move|p2a: used napkin|Taunt|p1b: Mudsdale\n|-start|p1b: Mudsdale|move: Taunt\n|move|p1b: Mudsdale|High Horsepower|p2a: used napkin\n|-damage|p2a: used napkin|53\/100\n|\n|-damage|p1b: Mudsdale|39\/100 brn|[from] brn\n|upkeep\n|\n|t:|1683771047\n|switch|p1a: Bombirdier|Bombirdier, L50, F|100\/100\n|turn|6\n|\n|t:|1683771060\n|move|p1a: Bombirdier|Protect|p1a: Bombirdier\n|-singleturn|p1a: Bombirdier|Protect\n|move|p2b: PILLOWKILL|Extreme Speed|p1a: Bombirdier\n|-activate|p1a: Bombirdier|move: Protect\n|move|p2a: used napkin|Will-O-Wisp|p1a: Bombirdier\n|-activate|p1a: Bombirdier|move: Protect\n|move|p1b: Mudsdale|Rock Slide|p2a: used napkin|[spread] p2a,p2b\n|-supereffective|p2b: PILLOWKILL\n|-damage|p2a: used napkin|42\/100\n|-damage|p2b: PILLOWKILL|0 fnt\n|-enditem|p2a: used napkin|Sitrus Berry|[eat]\n|-heal|p2a: used napkin|67\/100|[from] item: Sitrus Berry\n|faint|p2b: PILLOWKILL\n|\n|-damage|p1b: Mudsdale|33\/100 brn|[from] brn\n|upkeep\n|\n|t:|1683771078\n|switch|p2b: vape pen|Iron Treads, L50|100\/100\n|-enditem|p2b: vape pen|Booster Energy\n|-activate|p2b: vape pen|ability: Quark Drive|[fromitem]\n|-start|p2b: vape pen|quarkdriveatk\n|turn|7\n|\n|t:|1683771089\n|move|p2b: vape pen|Iron Head|p1a: Bombirdier\n|-damage|p1a: Bombirdier|46\/100\n|move|p1a: Bombirdier|Rock Blast|p2a: used napkin\n|-damage|p2a: used napkin|52\/100\n|-damage|p2a: used napkin|36\/100\n|-damage|p2a: used napkin|18\/100\n|-damage|p2a: used napkin|2\/100\n|-hitcount|p2a: used napkin|4\n|move|p2a: used napkin|Shadow Claw|p1a: Bombirdier\n|-resisted|p1a: Bombirdier\n|-damage|p1a: Bombirdier|29\/100\n|move|p1b: Mudsdale|Body Press|p2b: vape pen\n|-supereffective|p2b: vape pen\n|-damage|p2b: vape pen|7\/100\n|\n|-damage|p1b: Mudsdale|27\/100 brn|[from] brn\n|-end|p1b: Mudsdale|move: Taunt\n|upkeep\n|turn|8\n|c|\u2606JubioHDX|damn unlucky lol\n|c|\u2606JubioHDX|and a low roll\n|inactive|JubioHDX has 30 seconds left.\n|inactive|6Roggenrolas has 30 seconds left.\n|inactive|6Roggenrolas has 20 seconds left.\n|inactive|6Roggenrolas has 15 seconds left.\n|\n|t:|1683771131\n|move|p2b: vape pen|Protect|p2b: vape pen\n|-singleturn|p2b: vape pen|Protect\n|move|p1a: Bombirdier|Protect|p1a: Bombirdier\n|-singleturn|p1a: Bombirdier|Protect\n|move|p2a: used napkin|Shadow Claw|p1a: Bombirdier\n|-activate|p1a: Bombirdier|move: Protect\n|move|p1b: Mudsdale|Rock Slide|p2b: vape pen|[spread] p2a\n|-activate|p2b: vape pen|move: Protect\n|-crit|p2a: used napkin\n|-damage|p2a: used napkin|0 fnt\n|faint|p2a: used napkin\n|\n|-damage|p1b: Mudsdale|21\/100 brn|[from] brn\n|upkeep\n|\n|t:|1683771136\n|switch|p2a: wet sack|Iron Bundle, L50|100\/100\n|turn|9\n|inactive|JubioHDX has 30 seconds left.\n|inactive|6Roggenrolas has 30 seconds left.\n|\n|t:|1683771164\n|move|p2a: wet sack|Icy Wind|p1a: Bombirdier|[spread] p1a,p1b\n|-activate|p1b: Mudsdale|move: Substitute|[damage]\n|-supereffective|p1a: Bombirdier\n|-damage|p1a: Bombirdier|0 fnt\n|faint|p1a: Bombirdier\n|move|p2b: vape pen|Iron Head|p1b: Mudsdale\n|-end|p1b: Mudsdale|Substitute\n|move|p1b: Mudsdale|Body Press|p2a: wet sack\n|-supereffective|p2a: wet sack\n|-enditem|p2a: wet sack|Focus Sash\n|-damage|p2a: wet sack|1\/100\n|\n|-damage|p1b: Mudsdale|15\/100 brn|[from] brn\n|upkeep\n|turn|10\n|c|\u2606JubioHDX|ggs\n|\n|t:|1683771182\n|move|p2a: wet sack|Freeze-Dry|p1b: Mudsdale\n|-damage|p1b: Mudsdale|0 fnt\n|faint|p1b: Mudsdale\n|\n|win|6Roggenrolas\n|c|\u26066Roggenrolas|gg\n|c|\u2606JubioHDX|you uploading the replays to the thread?\n|l|\u26066Roggenrolas\n|j|\u26066Roggenrolas\n|player|p2|6Roggenrolas|schoolkid-gen4dp\n|l|\u26066Roggenrolas\n|player|p2|\n","uploadtime":1683771211,"views":30,"p1id":"jubiohdx","p2id":"6roggenrolas","formatid":"gen9vgc2023regulationc","rating":0,"private":0,"password":""}