{"id":"gen9vgc2023regulationc-1852531442","p1":"Duecal1on","p2":"JohanDK","format":"[Gen 9] VGC 2023 Regulation C","log":"|j|\u2606Duecal1on\n|j|\u2606JohanDK\n|t:|1682570899\n|gametype|doubles\n|player|p1|Duecal1on|pokefan|1346\n|player|p2|JohanDK|170|1313\n|teamsize|p1|6\n|teamsize|p2|6\n|gen|9\n|tier|[Gen 9] VGC 2023 Regulation C\n|rated|\n|rule|Species Clause: Limit one of each Pok\u00e9mon\n|rule|Item Clause: Limit one of each item\n|clearpoke\n|poke|p1|Palafin, L50, M|\n|poke|p1|Annihilape, L50, M|\n|poke|p1|Arcanine, L50, M|\n|poke|p1|Amoonguss, L50, M|\n|poke|p1|Ting-Lu, L50|\n|poke|p1|Pelipper, L50, M|\n|poke|p2|Flutter Mane, L50|\n|poke|p2|Amoonguss, L50, F|\n|poke|p2|Chien-Pao, L50|\n|poke|p2|Gyarados, L50, F|\n|poke|p2|Ceruledge, L50, M|\n|poke|p2|Gastrodon, L50, F|\n|teampreview|4\n|\n|t:|1682570940\n|start\n|switch|p1a: Pelipper|Pelipper, L50, M, shiny|100\/100\n|switch|p1b: Ting-Lu|Ting-Lu, L50|100\/100\n|switch|p2a: Chien-Pao|Chien-Pao, L50|100\/100\n|switch|p2b: Ceruledge|Ceruledge, L50, M|100\/100\n|-ability|p2a: Chien-Pao|Sword of Ruin\n|-weather|RainDance|[from] ability: Drizzle|[of] p1a: Pelipper\n|-ability|p1b: Ting-Lu|Vessel of Ruin\n|turn|1\n|\n|t:|1682570968\n|move|p2b: Ceruledge|Shadow Sneak|p1a: Pelipper\n|-damage|p1a: Pelipper|81\/100\n|move|p2a: Chien-Pao|Ice Spinner|p1a: Pelipper\n|-damage|p1a: Pelipper|39\/100\n|move|p1a: Pelipper|Stockpile|p1a: Pelipper\n|-start|p1a: Pelipper|stockpile1\n|-boost|p1a: Pelipper|def|1\n|-boost|p1a: Pelipper|spd|1\n|move|p1b: Ting-Lu|Fissure|p2a: Chien-Pao|[miss]\n|-miss|p1b: Ting-Lu|p2a: Chien-Pao\n|\n|-weather|RainDance|[upkeep]\n|upkeep\n|turn|2\n|\n|t:|1682570988\n|switch|p2b: Gastrodon|Gastrodon, L50, F|100\/100\n|move|p2a: Chien-Pao|Ice Spinner|p1a: Pelipper\n|-damage|p1a: Pelipper|11\/100\n|move|p1a: Pelipper|Tailwind|p1a: Pelipper\n|-sidestart|p1: Duecal1on|move: Tailwind\n|move|p1b: Ting-Lu|Stomping Tantrum|p2b: Gastrodon\n|-damage|p2b: Gastrodon|13\/100\n|\n|-weather|RainDance|[upkeep]\n|-heal|p2b: Gastrodon|19\/100|[from] item: Leftovers\n|upkeep\n|turn|3\n|\n|t:|1682571017\n|move|p2a: Chien-Pao|Ice Spinner|p1a: Pelipper\n|-damage|p1a: Pelipper|0 fnt\n|faint|p1a: Pelipper\n|move|p1b: Ting-Lu|Fissure|p2a: Chien-Pao\n|-enditem|p2a: Chien-Pao|Focus Sash\n|-damage|p2a: Chien-Pao|1\/100\n|move|p2b: Gastrodon|Recover|p2b: Gastrodon\n|-heal|p2b: Gastrodon|69\/100\n|\n|-weather|RainDance|[upkeep]\n|-heal|p2b: Gastrodon|75\/100|[from] item: Leftovers\n|upkeep\n|\n|t:|1682571030\n|switch|p1a: Annihilape|Annihilape, L50, M, shiny|100\/100\n|turn|4\n|\n|t:|1682571046\n|switch|p2b: Ceruledge|Ceruledge, L50, M|100\/100\n|move|p1a: Annihilape|Bulk Up|p1a: Annihilape\n|-boost|p1a: Annihilape|atk|1\n|-boost|p1a: Annihilape|def|1\n|move|p2a: Chien-Pao|Ice Spinner|p1b: Ting-Lu\n|-supereffective|p1b: Ting-Lu\n|-damage|p1b: Ting-Lu|40\/100\n|move|p1b: Ting-Lu|Snarl|p2a: Chien-Pao|[spread] p2a,p2b\n|-resisted|p2a: Chien-Pao\n|-supereffective|p2b: Ceruledge\n|-damage|p2a: Chien-Pao|0 fnt\n|-damage|p2b: Ceruledge|83\/100\n|faint|p2a: Chien-Pao\n|\n|-weather|RainDance|[upkeep]\n|upkeep\n|\n|t:|1682571064\n|switch|p2a: Flutter Mane|Flutter Mane, L50, shiny|100\/100\n|-enditem|p2a: Flutter Mane|Booster Energy\n|-activate|p2a: Flutter Mane|ability: Protosynthesis|[fromitem]\n|-start|p2a: Flutter Mane|protosynthesisspa\n|turn|5\n|\n|t:|1682571079\n|-terastallize|p1a: Annihilape|Fire\n|-terastallize|p2a: Flutter Mane|Fairy\n|move|p1a: Annihilape|Rage Fist|p2a: Flutter Mane\n|-damage|p2a: Flutter Mane|43\/100\n|move|p2a: Flutter Mane|Moonblast|p1b: Ting-Lu\n|-supereffective|p1b: Ting-Lu\n|-damage|p1b: Ting-Lu|0 fnt\n|faint|p1b: Ting-Lu\n|move|p2b: Ceruledge|Bulk Up|p2b: Ceruledge\n|-boost|p2b: Ceruledge|atk|1\n|-boost|p2b: Ceruledge|def|1\n|\n|-weather|none\n|-sideend|p1: Duecal1on|move: Tailwind\n|upkeep\n|\n|t:|1682571092\n|switch|p1b: Amoonguss|Amoonguss, L50, M, shiny|100\/100\n|turn|6\n|\n|t:|1682571110\n|move|p2a: Flutter Mane|Protect|p2a: Flutter Mane\n|-singleturn|p2a: Flutter Mane|Protect\n|move|p2b: Ceruledge|Protect|p2b: Ceruledge\n|-singleturn|p2b: Ceruledge|Protect\n|move|p1b: Amoonguss|Rage Powder|p1b: Amoonguss\n|-singleturn|p1b: Amoonguss|move: Rage Powder\n|move|p1a: Annihilape|Rage Fist|p2b: Ceruledge\n|-activate|p2b: Ceruledge|move: Protect\n|\n|upkeep\n|turn|7\n|\n|t:|1682571131\n|-end|p2a: Flutter Mane|Protosynthesis|[silent]\n|switch|p2a: Gastrodon|Gastrodon, L50, F|75\/100\n|move|p2b: Ceruledge|Bitter Blade|p1b: Amoonguss\n|-supereffective|p1b: Amoonguss\n|-damage|p1b: Amoonguss|0 fnt\n|-heal|p2b: Ceruledge|100\/100|[from] drain|[of] p1b: Amoonguss\n|faint|p1b: Amoonguss\n|move|p1a: Annihilape|Rage Fist|p2b: Ceruledge\n|-supereffective|p2b: Ceruledge\n|-damage|p2b: Ceruledge|44\/100\n|\n|-heal|p2a: Gastrodon|81\/100|[from] item: Leftovers\n|upkeep\n|turn|8\n|\n|t:|1682571157\n|move|p2b: Ceruledge|Bulk Up|p2b: Ceruledge\n|-boost|p2b: Ceruledge|atk|1\n|-boost|p2b: Ceruledge|def|1\n|move|p1a: Annihilape|Bulk Up|p1a: Annihilape\n|-boost|p1a: Annihilape|atk|1\n|-boost|p1a: Annihilape|def|1\n|move|p2a: Gastrodon|Yawn|p1a: Annihilape\n|-start|p1a: Annihilape|move: Yawn|[of] p2a: Gastrodon\n|\n|-heal|p2a: Gastrodon|88\/100|[from] item: Leftovers\n|upkeep\n|turn|9\n|\n|t:|1682571173\n|move|p2b: Ceruledge|Protect|p2b: Ceruledge\n|-singleturn|p2b: Ceruledge|Protect\n|move|p1a: Annihilape|Drain Punch|p2a: Gastrodon\n|-damage|p2a: Gastrodon|3\/100\n|move|p2a: Gastrodon|Clear Smog|p1a: Annihilape\n|-damage|p1a: Annihilape|90\/100\n|-clearboost|p1a: Annihilape\n|\n|-heal|p1a: Annihilape|96\/100|[from] item: Leftovers\n|-heal|p2a: Gastrodon|10\/100|[from] item: Leftovers\n|-end|p1a: Annihilape|move: Yawn|[silent]\n|-status|p1a: Annihilape|slp\n|upkeep\n|turn|10\n|-message|Duecal1on forfeited.\n|\n|win|JohanDK\n|raw|Duecal1on's rating: 1346 → 1324<\/strong> (-22 for losing)\n|raw|JohanDK's rating: 1313 → 1335<\/strong> (+22 for winning)\n|l|\u2606Duecal1on\n","uploadtime":1682571190,"views":11,"p1id":"duecal1on","p2id":"johandk","formatid":"gen9vgc2023regulationc","rating":1324,"private":0,"password":""}