{"id":"gen9vgc2023regulationc-1863450017","p1":"CoolGummyBear","p2":"SATMaofever","format":"[Gen 9] VGC 2023 Regulation C","log":"|j|\u2606CoolGummyBear\n|j|\u2606SATMaofever\n|t:|1684018814\n|gametype|doubles\n|player|p1|CoolGummyBear|169|\n|player|p2|SATMaofever|viola|\n|teamsize|p1|6\n|teamsize|p2|6\n|gen|9\n|tier|[Gen 9] VGC 2023 Regulation C\n|rule|Species Clause: Limit one of each Pok\u00e9mon\n|rule|Item Clause: Limit one of each item\n|clearpoke\n|poke|p1|Kilowattrel, L50, F|\n|poke|p1|Pincurchin, L50, M|\n|poke|p1|Hawlucha, L50, M|\n|poke|p1|Barraskewda, L50, F|\n|poke|p1|Cyclizar, L50, F|\n|poke|p1|Florges, L50, F|\n|poke|p2|Umbreon, L50, M|\n|poke|p2|Hippowdon, L50, F|\n|poke|p2|Toedscruel, L50, M|\n|poke|p2|Salazzle, L50, F|\n|poke|p2|Slowking, L50, M|\n|poke|p2|Naclstack, L50, M|\n|teampreview|4\nSATMaofever rejected open team sheets.\n|c|\u2606CoolGummyBear|glhf\n|c|\u2606SATMaofever|glhf\n|\n|t:|1684018927\n|start\n|switch|p1a: Cyclizar|Cyclizar, L50, F|100\/100\n|switch|p1b: Kilowattrel|Kilowattrel, L50, F|100\/100\n|switch|p2a: Bam Ba Lam|Hippowdon, L50, F|100\/100\n|switch|p2b: Justin Moment|Salazzle, L50, F|100\/100\n|-weather|Sandstorm|[from] ability: Sand Stream|[of] p2a: Bam Ba Lam\n|turn|1\n|\n|t:|1684019119\n|move|p1b: Kilowattrel|Volt Switch|p2b: Justin Moment\n|-damage|p2b: Justin Moment|21\/100\n|-damage|p1b: Kilowattrel|91\/100|[from] item: Life Orb\n|j| Griffin07\n|\n|t:|1684019135\n|switch|p1b: Barraskewda|Barraskewda, L50, F|100\/100|[from] Volt Switch\n|move|p1a: Cyclizar|Rain Dance|p1a: Cyclizar\n|-weather|RainDance\n|move|p2b: Justin Moment|Sludge Bomb|p1a: Cyclizar\n|-damage|p1a: Cyclizar|45\/100\n|move|p2a: Bam Ba Lam|Stealth Rock|p1b: Barraskewda\n|-sidestart|p1: CoolGummyBear|move: Stealth Rock\n|\n|-weather|RainDance|[upkeep]\n|upkeep\n|turn|2\n|\n|t:|1684019290\n|switch|p2a: aha bad joke time|Slowking, L50, M|100\/100\n|move|p2b: Justin Moment|Protect|p2b: Justin Moment\n|-singleturn|p2b: Justin Moment|Protect\n|move|p1b: Barraskewda|Liquidation|p2a: aha bad joke time\n|-resisted|p2a: aha bad joke time\n|-crit|p2a: aha bad joke time\n|-damage|p2a: aha bad joke time|30\/100\n|move|p1a: Cyclizar|Draco Meteor|p2b: Justin Moment\n|-activate|p2b: Justin Moment|move: Protect\n|\n|-weather|RainDance|[upkeep]\n|upkeep\n|turn|3\n|c|\u2606CoolGummyBear|damn\n|\n|t:|1684019434\n|move|p1b: Barraskewda|Liquidation|p2a: aha bad joke time\n|-resisted|p2a: aha bad joke time\n|-damage|p2a: aha bad joke time|0 fnt\n|faint|p2a: aha bad joke time\n|move|p1a: Cyclizar|Draco Meteor|p2b: Justin Moment\n|-damage|p2b: Justin Moment|0 fnt\n|-unboost|p1a: Cyclizar|spa|2\n|-enditem|p1a: Cyclizar|Eject Pack\n|faint|p2b: Justin Moment\n|\n|t:|1684019444\n|switch|p1a: Kilowattrel|Kilowattrel, L50, F|91\/100\n|-damage|p1a: Kilowattrel|66\/100|[from] Stealth Rock\n|\n|-weather|RainDance|[upkeep]\n|upkeep\n|\n|t:|1684019450\n|switch|p2b: sneedchungus|Naclstack, L50, M|100\/100\n|switch|p2a: Bam Ba Lam|Hippowdon, L50, F|100\/100\n|-weather|Sandstorm|[from] ability: Sand Stream|[of] p2a: Bam Ba Lam\n|turn|4\n|\n|t:|1684019552\n|-terastallize|p2b: sneedchungus|Ghost\n|move|p1a: Kilowattrel|Hurricane|p2b: sneedchungus\n|-damage|p2b: sneedchungus|35\/100\n|-enditem|p2b: sneedchungus|Sitrus Berry|[eat]\n|-heal|p2b: sneedchungus|60\/100|[from] item: Sitrus Berry\n|-damage|p1a: Kilowattrel|56\/100|[from] item: Life Orb\n|move|p1b: Barraskewda|Liquidation|p2a: Bam Ba Lam\n|-supereffective|p2a: Bam Ba Lam\n|-crit|p2a: Bam Ba Lam\n|-damage|p2a: Bam Ba Lam|0 fnt\n|faint|p2a: Bam Ba Lam\n|move|p2b: sneedchungus|Salt Cure|p1a: Kilowattrel\n|-supereffective|p1a: Kilowattrel\n|-damage|p1a: Kilowattrel|22\/100\n|-start|p1a: Kilowattrel|Salt Cure\n|\n|-weather|Sandstorm|[upkeep]\n|-damage|p1a: Kilowattrel|16\/100|[from] Sandstorm\n|-damage|p1b: Barraskewda|95\/100|[from] Sandstorm\n|-damage|p2b: sneedchungus|54\/100|[from] Sandstorm\n|-damage|p1a: Kilowattrel|3\/100|[from] Salt Cure\n|upkeep\n|turn|5\n|\n|t:|1684019571\n|move|p2b: sneedchungus|Protect|p2b: sneedchungus\n|-singleturn|p2b: sneedchungus|Protect\n|move|p1a: Kilowattrel|Hurricane|p2b: sneedchungus\n|-activate|p2b: sneedchungus|move: Protect\n|move|p1b: Barraskewda|Liquidation|p2b: sneedchungus\n|-activate|p2b: sneedchungus|move: Protect\n|\n|-weather|Sandstorm|[upkeep]\n|-damage|p1a: Kilowattrel|0 fnt|[from] Sandstorm\n|-damage|p1b: Barraskewda|89\/100|[from] Sandstorm\n|-damage|p2b: sneedchungus|48\/100|[from] Sandstorm\n|faint|p1a: Kilowattrel\n|upkeep\n|\n|t:|1684019577\n|switch|p1a: Cyclizar|Cyclizar, L50, F|78\/100\n|-damage|p1a: Cyclizar|65\/100|[from] Stealth Rock\n|turn|6\n|\n|t:|1684019586\n|move|p1a: Cyclizar|Rain Dance|p1a: Cyclizar\n|-weather|RainDance\n|move|p1b: Barraskewda|Liquidation|p2b: sneedchungus\n|-damage|p2b: sneedchungus|0 fnt\n|faint|p2b: sneedchungus\n|\n|win|CoolGummyBear\n|c|\u2606CoolGummyBear|gg\n","uploadtime":1684019590,"views":20,"p1id":"coolgummybear","p2id":"satmaofever","formatid":"gen9vgc2023regulationc","rating":0,"private":0,"password":""}