{"id":"gen9vgc2023regulationc-1854855161","p1":"aylart","p2":"mattnot3","format":"[Gen 9] VGC 2023 Regulation C","log":"|j|\u2606aylart\n|j|\u2606mattnot3\n|t:|1682873725\n|gametype|doubles\n|player|p1|aylart|cyclist-gen4|1547\n|player|p2|mattnot3|169|1469\n|teamsize|p1|6\n|teamsize|p2|6\n|gen|9\n|tier|[Gen 9] VGC 2023 Regulation C\n|rated|\n|rule|Species Clause: Limit one of each Pok\u00e9mon\n|rule|Item Clause: Limit one of each item\n|clearpoke\n|poke|p1|Iron Bundle, L50|\n|poke|p1|Abomasnow, L50, F|\n|poke|p1|Dondozo, L50, M|\n|poke|p1|Tatsugiri, L50, F|\n|poke|p1|Dragonite, L50, F|\n|poke|p1|Chien-Pao, L50|\n|poke|p2|Chi-Yu, L50|\n|poke|p2|Flutter Mane, L50|\n|poke|p2|Scizor, L50, M|\n|poke|p2|Wo-Chien, L50|\n|poke|p2|Gyarados, L50, M|\n|poke|p2|Glimmora, L50, M|\n|teampreview|4\n|inactive|Battle timer is ON: inactive players will automatically lose when time's up. (requested by aylart)\n|\n|t:|1682873750\n|start\n|switch|p1a: Iron Bundle|Iron Bundle, L50|100\/100\n|switch|p1b: Abomasnow|Abomasnow, L50, F|100\/100\n|switch|p2a: Scizor|Scizor, L50, M|100\/100\n|switch|p2b: Glimmora|Glimmora, L50, M|100\/100\n|-weather|Snow|[from] ability: Snow Warning|[of] p1b: Abomasnow\n|-enditem|p1a: Iron Bundle|Booster Energy\n|-activate|p1a: Iron Bundle|ability: Quark Drive|[fromitem]\n|-start|p1a: Iron Bundle|quarkdrivespe\n|turn|1\n|inactive|mattnot3 has 30 seconds left.\n|\n|t:|1682873783\n|-terastallize|p1b: Abomasnow|Water\n|move|p1a: Iron Bundle|Aurora Veil|p1a: Iron Bundle\n|-sidestart|p1: aylart|move: Aurora Veil\n|move|p2b: Glimmora|Power Gem|p1a: Iron Bundle\n|-supereffective|p1a: Iron Bundle\n|-damage|p1a: Iron Bundle|16\/100\n|move|p2a: Scizor|Tailwind|p2a: Scizor\n|-sidestart|p2: mattnot3|move: Tailwind\n|move|p1b: Abomasnow|Blizzard|p2b: Glimmora|[spread] p2a,p2b\n|-resisted|p2a: Scizor\n|-damage|p2a: Scizor|75\/100\n|-damage|p2b: Glimmora|68\/100\n|-damage|p1b: Abomasnow|91\/100|[from] item: Life Orb\n|\n|-weather|Snow|[upkeep]\n|upkeep\n|turn|2\n|inactive|mattnot3 has 30 seconds left.\n|\n|t:|1682873817\n|move|p1a: Iron Bundle|Protect|p1a: Iron Bundle\n|-singleturn|p1a: Iron Bundle|Protect\n|move|p2a: Scizor|Bullet Punch|p1a: Iron Bundle\n|-activate|p1a: Iron Bundle|move: Protect\n|move|p2b: Glimmora|Sludge Wave|p1a: Iron Bundle|[spread] p1b\n|-activate|p1a: Iron Bundle|move: Protect\n|-immune|p2a: Scizor\n|-damage|p1b: Abomasnow|63\/100\n|move|p1b: Abomasnow|Blizzard|p2b: Glimmora|[spread] p2a,p2b\n|-resisted|p2a: Scizor\n|-damage|p2a: Scizor|46\/100\n|-damage|p2b: Glimmora|36\/100\n|-damage|p1b: Abomasnow|53\/100|[from] item: Life Orb\n|\n|-weather|Snow|[upkeep]\n|upkeep\n|turn|3\n|\n|t:|1682873838\n|move|p2a: Scizor|Bullet Punch|p1a: Iron Bundle\n|-damage|p1a: Iron Bundle|0 fnt\n|faint|p1a: Iron Bundle\n|-end|p1a: Iron Bundle|Quark Drive|[silent]\n|move|p2b: Glimmora|Sludge Wave|p1b: Abomasnow|[spread] p1b\n|-immune|p2a: Scizor\n|-damage|p1b: Abomasnow|26\/100\n|move|p1b: Abomasnow|Blizzard|p2b: Glimmora|[spread] p2a,p2b\n|-resisted|p2a: Scizor\n|-damage|p2a: Scizor|17\/100\n|-damage|p2b: Glimmora|4\/100\n|-damage|p1b: Abomasnow|17\/100|[from] item: Life Orb\n|\n|-weather|Snow|[upkeep]\n|upkeep\n|\n|t:|1682873849\n|switch|p1a: Dondozo|Dondozo, L50, M|100\/100\n|turn|4\n|\n|t:|1682873864\n|move|p2a: Scizor|Protect|p2a: Scizor\n|-singleturn|p2a: Scizor|Protect\n|move|p1a: Dondozo|Protect|p1a: Dondozo\n|-singleturn|p1a: Dondozo|Protect\n|move|p1b: Abomasnow|Ice Shard|p2b: Glimmora\n|-damage|p2b: Glimmora|0 fnt\n|-activate|p2b: Glimmora|ability: Toxic Debris\n|-sidestart|p1: aylart|move: Toxic Spikes\n|faint|p2b: Glimmora\n|-damage|p1b: Abomasnow|7\/100|[from] item: Life Orb\n|\n|-weather|Snow|[upkeep]\n|-sideend|p2: mattnot3|move: Tailwind\n|upkeep\n|\n|t:|1682873880\n|switch|p2b: Wo-Chien|Wo-Chien, L50|100\/100\n|-ability|p2b: Wo-Chien|Tablets of Ruin\n|turn|5\n|\n|t:|1682873889\n|switch|p1b: Tatsugiri|Tatsugiri, L50, F|100\/100\n|-activate|p1b: Tatsugiri|ability: Commander|[of] p1a: Dondozo\n|-boost|p1a: Dondozo|atk|2\n|-boost|p1a: Dondozo|spa|2\n|-boost|p1a: Dondozo|spe|2\n|-boost|p1a: Dondozo|def|2\n|-boost|p1a: Dondozo|spd|2\n|move|p1a: Dondozo|Substitute|p1a: Dondozo\n|-start|p1a: Dondozo|Substitute\n|-damage|p1a: Dondozo|76\/100\n|move|p2b: Wo-Chien|Leech Seed||[still]\n|-fail|p2b: Wo-Chien\n|move|p2a: Scizor|U-turn|p1b: Tatsugiri|[miss]\n|-miss|p2a: Scizor|p1b: Tatsugiri\n|\n|-weather|none\n|-heal|p1a: Dondozo|82\/100|[from] item: Leftovers\n|-sideend|p1: aylart|move: Aurora Veil\n|upkeep\n|turn|6\n|\n|t:|1682873908\n|move|p1a: Dondozo|Order Up|p2b: Wo-Chien\n|-damage|p2b: Wo-Chien|71\/100\n|-boost|p1a: Dondozo|atk|1\n|move|p2b: Wo-Chien|Pollen Puff|p1a: Dondozo\n|-activate|p1a: Dondozo|move: Substitute|[damage]\n|move|p2a: Scizor|Tailwind|p2a: Scizor\n|-sidestart|p2: mattnot3|move: Tailwind\n|\n|-heal|p2b: Wo-Chien|78\/100|[from] item: Leftovers\n|-heal|p1a: Dondozo|88\/100|[from] item: Leftovers\n|upkeep\n|turn|7\n|\n|t:|1682873922\n|move|p1a: Dondozo|Protect|p1a: Dondozo\n|-singleturn|p1a: Dondozo|Protect\n|move|p2b: Wo-Chien|Leech Seed|p1a: Dondozo\n|-activate|p1a: Dondozo|move: Protect\n|move|p2a: Scizor|U-turn|p1a: Dondozo\n|-activate|p1a: Dondozo|move: Protect\n|\n|-heal|p2b: Wo-Chien|84\/100|[from] item: Leftovers\n|-heal|p1a: Dondozo|94\/100|[from] item: Leftovers\n|upkeep\n|turn|8\n|\n|t:|1682873937\n|move|p2b: Wo-Chien|Leech Seed||[still]\n|-fail|p2b: Wo-Chien\n|move|p2a: Scizor|U-turn|p1a: Dondozo\n|-activate|p1a: Dondozo|move: Substitute|[damage]\n|\n|t:|1682873941\n|switch|p2a: Flutter Mane|Flutter Mane, L50|100\/100|[from] U-turn\n|-enditem|p2a: Flutter Mane|Booster Energy\n|-activate|p2a: Flutter Mane|ability: Protosynthesis|[fromitem]\n|-start|p2a: Flutter Mane|protosynthesisspa\n|move|p1a: Dondozo|Order Up|p2b: Wo-Chien\n|-damage|p2b: Wo-Chien|46\/100\n|-boost|p1a: Dondozo|atk|1\n|\n|-heal|p2b: Wo-Chien|53\/100|[from] item: Leftovers\n|-heal|p1a: Dondozo|99\/100|[from] item: Leftovers\n|upkeep\n|turn|9\n|\n|t:|1682873953\n|move|p1a: Dondozo|Protect|p1a: Dondozo\n|-singleturn|p1a: Dondozo|Protect\n|move|p2a: Flutter Mane|Substitute|p2a: Flutter Mane\n|-start|p2a: Flutter Mane|Substitute\n|-damage|p2a: Flutter Mane|76\/100\n|move|p2b: Wo-Chien|Substitute|p2b: Wo-Chien\n|-start|p2b: Wo-Chien|Substitute\n|-damage|p2b: Wo-Chien|28\/100\n|\n|-heal|p2b: Wo-Chien|34\/100|[from] item: Leftovers\n|-heal|p1a: Dondozo|100\/100|[from] item: Leftovers\n|-sideend|p2: mattnot3|move: Tailwind\n|upkeep\n|turn|10\n|\n|t:|1682873963\n|move|p2a: Flutter Mane|Moonblast|p1a: Dondozo\n|-end|p1a: Dondozo|Substitute\n|move|p1a: Dondozo|Substitute|p1a: Dondozo\n|-start|p1a: Dondozo|Substitute\n|-damage|p1a: Dondozo|76\/100\n|move|p2b: Wo-Chien|Leech Seed||[still]\n|-fail|p2b: Wo-Chien\n|\n|-heal|p1a: Dondozo|82\/100|[from] item: Leftovers\n|-heal|p2b: Wo-Chien|40\/100|[from] item: Leftovers\n|upkeep\n|turn|11\n|\n|t:|1682873975\n|move|p1a: Dondozo|Protect|p1a: Dondozo\n|-singleturn|p1a: Dondozo|Protect\n|move|p2a: Flutter Mane|Moonblast|p1a: Dondozo\n|-activate|p1a: Dondozo|move: Protect\n|move|p2b: Wo-Chien|Leech Seed|p1a: Dondozo\n|-activate|p1a: Dondozo|move: Protect\n|\n|-heal|p1a: Dondozo|88\/100|[from] item: Leftovers\n|-heal|p2b: Wo-Chien|46\/100|[from] item: Leftovers\n|upkeep\n|turn|12\n|\n|t:|1682873986\n|move|p2a: Flutter Mane|Moonblast|p1a: Dondozo\n|-end|p1a: Dondozo|Substitute\n|move|p1a: Dondozo|Order Up|p2b: Wo-Chien\n|-end|p2b: Wo-Chien|Substitute\n|-boost|p1a: Dondozo|atk|1\n|move|p2b: Wo-Chien|Leech Seed|p1a: Dondozo\n|-start|p1a: Dondozo|move: Leech Seed\n|\n|-heal|p1a: Dondozo|94\/100|[from] item: Leftovers\n|-heal|p2b: Wo-Chien|53\/100|[from] item: Leftovers\n|-damage|p1a: Dondozo|81\/100|[from] Leech Seed|[of] p2b: Wo-Chien\n|-heal|p2b: Wo-Chien|68\/100|[silent]\n|upkeep\n|turn|13\n|\n|t:|1682874002\n|move|p2b: Wo-Chien|Protect|p2b: Wo-Chien\n|-singleturn|p2b: Wo-Chien|Protect\n|move|p2a: Flutter Mane|Moonblast|p1a: Dondozo\n|-damage|p1a: Dondozo|45\/100\n|move|p1a: Dondozo|Wave Crash|p2a: Flutter Mane\n|-end|p2a: Flutter Mane|Substitute\n|-damage|p1a: Dondozo|40\/100|[from] Recoil|[of] p2a: Flutter Mane\n|\n|-heal|p1a: Dondozo|46\/100|[from] item: Leftovers\n|-heal|p2b: Wo-Chien|74\/100|[from] item: Leftovers\n|-damage|p1a: Dondozo|34\/100|[from] Leech Seed|[of] p2b: Wo-Chien\n|-heal|p2b: Wo-Chien|89\/100|[silent]\n|upkeep\n|turn|14\n|-message|aylart forfeited.\n|\n|win|mattnot3\n|raw|aylart's rating: 1547 → 1523<\/strong> (-24 for losing)\n|raw|mattnot3's rating: 1469 → 1493<\/strong> (+24 for winning)\n|l|\u2606aylart\n","uploadtime":1682874054,"views":12,"p1id":"aylart","p2id":"mattnot3","formatid":"gen9vgc2023regulationc","rating":1493,"private":0,"password":""}