{"id":"gen9vgc2023regulationc-1845623099","p1":"Doomtheboomkin","p2":"pokesportspodcast","format":"[Gen 9] VGC 2023 Regulation C","log":"|j|\u2606Doomtheboomkin\n|j|\u2606pokesportspodcast\n|t:|1681750294\n|gametype|doubles\n|player|p1|Doomtheboomkin|shadowtriad|1337\n|player|p2|pokesportspodcast|cheren-gen5bw2|1377\n|teamsize|p1|6\n|teamsize|p2|6\n|gen|9\n|tier|[Gen 9] VGC 2023 Regulation C\n|rated|\n|rule|Species Clause: Limit one of each Pok\u00e9mon\n|rule|Item Clause: Limit one of each item\n|clearpoke\n|poke|p1|Chien-Pao, L50|\n|poke|p1|Dragonite, L50, M|\n|poke|p1|Arcanine, L50, M|\n|poke|p1|Palafin, L50, M|\n|poke|p1|Iron Hands, L50|\n|poke|p1|Amoonguss, L50, F|\n|poke|p2|Torkoal, L50, F|\n|poke|p2|Indeedee-F, L50, F|\n|poke|p2|Hatterene, L50, F|\n|poke|p2|Brute Bonnet, L50|\n|poke|p2|Oranguru, L50, M|\n|poke|p2|Hariyama, L50, F|\n|teampreview|4\n|inactive|Battle timer is ON: inactive players will automatically lose when time's up. (requested by pokesportspodcast)\n|inactive|Doomtheboomkin also wants the timer to be on.\n|inactive|Doomtheboomkin has 60 seconds left.\n|\n|t:|1681750325\n|start\n|switch|p1a: Dragonite|Dragonite, L50, M|100\/100\n|switch|p1b: Amoonguss|Amoonguss, L50, F|100\/100\n|switch|p2a: Hariyama|Hariyama, L50, F|100\/100\n|switch|p2b: Oranguru|Oranguru, L50, M|100\/100\n|turn|1\n|\n|t:|1681750347\n|-terastallize|p1a: Dragonite|Flying\n|move|p2a: Hariyama|Fake Out|p1a: Dragonite\n|-damage|p1a: Dragonite|94\/100\n|cant|p1a: Dragonite|flinch\n|move|p1b: Amoonguss|Spore|p2b: Oranguru\n|-activate|p2b: Oranguru|item: Safety Goggles|Spore\n|move|p2b: Oranguru|Trick Room|p2b: Oranguru\n|-fieldstart|move: Trick Room|[of] p2b: Oranguru\n|\n|-status|p2a: Hariyama|brn|[from] item: Flame Orb\n|upkeep\n|turn|2\n|\n|t:|1681750369\n|move|p1b: Amoonguss|Pollen Puff|p1a: Dragonite\n|-heal|p1a: Dragonite|100\/100\n|move|p2a: Hariyama|Headlong Rush|p1b: Amoonguss\n|-damage|p1b: Amoonguss|48\/100\n|-unboost|p2a: Hariyama|def|1\n|-unboost|p2a: Hariyama|spd|1\n|move|p2b: Oranguru|Instruct|p2a: Hariyama\n|-singleturn|p2a: Hariyama|move: Instruct|[of] p2b: Oranguru\n|move|p2a: Hariyama|Headlong Rush|p1b: Amoonguss\n|-damage|p1b: Amoonguss|0 fnt\n|-unboost|p2a: Hariyama|def|1\n|-unboost|p2a: Hariyama|spd|1\n|faint|p1b: Amoonguss\n|move|p1a: Dragonite|Tera Blast|p2a: Hariyama\n|-supereffective|p2a: Hariyama\n|-damage|p2a: Hariyama|0 fnt\n|faint|p2a: Hariyama\n|\n|upkeep\n|\n|t:|1681750391\n|switch|p1b: Iron Hands|Iron Hands, L50|100\/100\n|switch|p2a: Torkoal|Torkoal, L50, F|100\/100\n|-weather|SunnyDay|[from] ability: Drought|[of] p2a: Torkoal\n|turn|3\n|\n|t:|1681750400\n|move|p2a: Torkoal|Protect|p2a: Torkoal\n|-singleturn|p2a: Torkoal|Protect\n|move|p1b: Iron Hands|Fake Out|p2a: Torkoal\n|-activate|p2a: Torkoal|move: Protect\n|move|p2b: Oranguru|Yawn|p1a: Dragonite\n|-start|p1a: Dragonite|move: Yawn|[of] p2b: Oranguru\n|move|p1a: Dragonite|Stomping Tantrum|p2a: Torkoal\n|-activate|p2a: Torkoal|move: Protect\n|\n|-weather|SunnyDay|[upkeep]\n|upkeep\n|turn|4\n|\n|t:|1681750418\n|-terastallize|p2a: Torkoal|Fire\n|move|p2a: Torkoal|Eruption|p1b: Iron Hands|[spread] p1a,p1b\n|-damage|p1a: Dragonite|50\/100\n|-damage|p1b: Iron Hands|40\/100\n|move|p2b: Oranguru|Instruct|p2a: Torkoal\n|-singleturn|p2a: Torkoal|move: Instruct|[of] p2b: Oranguru\n|move|p2a: Torkoal|Eruption|p1b: Iron Hands|[spread] p1a,p1b\n|-damage|p1a: Dragonite|0 fnt\n|-damage|p1b: Iron Hands|0 fnt\n|faint|p1a: Dragonite\n|faint|p1b: Iron Hands\n|-end|p1b: Iron Hands|Quark Drive|[silent]\n|\n|-weather|SunnyDay|[upkeep]\n|upkeep\n|\n|t:|1681750434\n|switch|p1b: Chien-Pao|Chien-Pao, L50|100\/100\n|-ability|p1b: Chien-Pao|Sword of Ruin\n|turn|5\n|\n|t:|1681750442\n|move|p1b: Chien-Pao|Sucker Punch|p2a: Torkoal\n|-damage|p2a: Torkoal|66\/100\n|move|p2a: Torkoal|Eruption|p1b: Chien-Pao\n|-supereffective|p1b: Chien-Pao\n|-enditem|p1b: Chien-Pao|Focus Sash\n|-damage|p1b: Chien-Pao|1\/100\n|move|p2b: Oranguru|Instruct|p2a: Torkoal\n|-singleturn|p2a: Torkoal|move: Instruct|[of] p2b: Oranguru\n|move|p2a: Torkoal|Eruption|p1b: Chien-Pao\n|-supereffective|p1b: Chien-Pao\n|-damage|p1b: Chien-Pao|0 fnt\n|faint|p1b: Chien-Pao\n|\n|win|pokesportspodcast\n|raw|Doomtheboomkin's rating: 1337 → 1319<\/strong> (-18 for losing)\n|raw|pokesportspodcast's rating: 1377 → 1395<\/strong> (+18 for winning)\n|l|\u2606pokesportspodcast\n","uploadtime":1681750458,"views":6,"p1id":"doomtheboomkin","p2id":"pokesportspodcast","formatid":"gen9vgc2023regulationc","rating":1319,"private":0,"password":""}