{"id":"gen9vgc2023regulationc-1855727235","p1":"Hecma","p2":"KSaunSeries3","format":"[Gen 9] VGC 2023 Regulation C","log":"|j|\u2606Hecma\n|j|\u2606KSaunSeries3\n|t:|1682977326\n|gametype|doubles\n|player|p1|Hecma|265|1155\n|player|p2|KSaunSeries3|2|1132\n|teamsize|p1|6\n|teamsize|p2|6\n|gen|9\n|tier|[Gen 9] VGC 2023 Regulation C\n|rated|\n|rule|Species Clause: Limit one of each Pok\u00e9mon\n|rule|Item Clause: Limit one of each item\n|clearpoke\n|poke|p1|Lycanroc-Midnight, L50, F|\n|poke|p1|Medicham, L50, M|\n|poke|p1|Dondozo, L50, F|\n|poke|p1|Tatsugiri-Stretchy, L50, M|\n|poke|p1|Mimikyu, L50, M|\n|poke|p1|Ting-Lu, L50|\n|poke|p2|Talonflame, L50, F|\n|poke|p2|Garchomp, L50, M|\n|poke|p2|Palafin, L50, M|\n|poke|p2|Flutter Mane, L50|\n|poke|p2|Gardevoir, L50, M|\n|poke|p2|Arcanine, L50, F|\n|teampreview|4\n|inactive|Battle timer is ON: inactive players will automatically lose when time's up. (requested by Hecma)\n|\n|t:|1682977345\n|start\n|switch|p1a: Lycanroc|Lycanroc-Midnight, L50, F, shiny|100\/100\n|switch|p1b: Medicham|Medicham, L50, M, shiny|100\/100\n|switch|p2a: Talonflame|Talonflame, L50, F|100\/100\n|switch|p2b: Garchomp|Garchomp, L50, M|100\/100\n|turn|1\n|\n|t:|1682977357\n|move|p2a: Talonflame|Quick Guard|p2a: Talonflame\n|-singleturn|p2a: Talonflame|Quick Guard\n|move|p1b: Medicham|Fake Out|p2b: Garchomp\n|-activate|p2b: Garchomp|move: Quick Guard\n|move|p1a: Lycanroc|Rock Slide|p2b: Garchomp|[spread] p2a,p2b\n|-supereffective|p2a: Talonflame\n|-resisted|p2b: Garchomp\n|-damage|p2a: Talonflame|0 fnt\n|-damage|p2b: Garchomp|89\/100\n|faint|p2a: Talonflame\n|move|p2b: Garchomp|Earthquake|p1b: Medicham|[spread] p1a,p1b\n|-supereffective|p1a: Lycanroc\n|-damage|p1a: Lycanroc|0 fnt\n|-damage|p1b: Medicham|31\/100\n|faint|p1a: Lycanroc\n|\n|upkeep\n|\n|t:|1682977371\n|switch|p2a: Arcanine|Arcanine, L50, F|100\/100\n|switch|p1a: Tatsugiri|Tatsugiri-Stretchy, L50, M|100\/100\n|-ability|p2a: Arcanine|Intimidate|boost\n|-unboost|p1a: Tatsugiri|atk|1\n|-unboost|p1b: Medicham|atk|1\n|turn|2\n|inactive|KSaunSeries3 has 30 seconds left.\n|inactive|KSaunSeries3 has 20 seconds left.\n|\n|t:|1682977411\n|switch|p2a: Flutter Mane|Flutter Mane, L50|100\/100\n|-enditem|p2a: Flutter Mane|Booster Energy\n|-activate|p2a: Flutter Mane|ability: Protosynthesis|[fromitem]\n|-start|p2a: Flutter Mane|protosynthesisspa\n|move|p1b: Medicham|Detect|p1b: Medicham\n|-singleturn|p1b: Medicham|Protect\n|move|p2b: Garchomp|Protect|p2b: Garchomp\n|-singleturn|p2b: Garchomp|Protect\n|move|p1a: Tatsugiri|Draco Meteor|p2b: Garchomp\n|-activate|p2b: Garchomp|move: Protect\n|\n|upkeep\n|turn|3\n|\n|t:|1682977431\n|move|p1a: Tatsugiri|Draco Meteor|p2b: Garchomp\n|-supereffective|p2b: Garchomp\n|-damage|p2b: Garchomp|0 fnt\n|-unboost|p1a: Tatsugiri|spa|2\n|faint|p2b: Garchomp\n|move|p2a: Flutter Mane|Substitute|p2a: Flutter Mane\n|-start|p2a: Flutter Mane|Substitute\n|-damage|p2a: Flutter Mane|76\/100\n|move|p1b: Medicham|Skill Swap||[still]\n|-fail|p1b: Medicham\n|\n|upkeep\n|\n|t:|1682977440\n|switch|p2b: Arcanine|Arcanine, L50, F|100\/100\n|-ability|p2b: Arcanine|Intimidate|boost\n|-unboost|p1a: Tatsugiri|atk|1\n|-unboost|p1b: Medicham|atk|1\n|turn|4\n|\n|t:|1682977453\n|switch|p1a: Dondozo|Dondozo, L50, F, shiny|100\/100\n|move|p1b: Medicham|Detect|p1b: Medicham\n|-singleturn|p1b: Medicham|Protect\n|move|p2a: Flutter Mane|Moonblast|p1b: Medicham\n|-activate|p1b: Medicham|move: Protect\n|move|p2b: Arcanine|Will-O-Wisp|p1b: Medicham\n|-activate|p1b: Medicham|move: Protect\n|\n|upkeep\n|turn|5\n|inactive|KSaunSeries3 has 30 seconds left.\n|\n|t:|1682977478\n|switch|p1b: Tatsugiri|Tatsugiri-Stretchy, L50, M|100\/100\n|-activate|p1b: Tatsugiri|ability: Commander|[of] p1a: Dondozo\n|-boost|p1a: Dondozo|atk|2\n|-boost|p1a: Dondozo|spa|2\n|-boost|p1a: Dondozo|spe|2\n|-boost|p1a: Dondozo|def|2\n|-boost|p1a: Dondozo|spd|2\n|move|p1a: Dondozo|Protect|p1a: Dondozo\n|-singleturn|p1a: Dondozo|Protect\n|move|p2a: Flutter Mane|Moonblast|p1b: Tatsugiri|[miss]\n|-miss|p2a: Flutter Mane|p1b: Tatsugiri\n|move|p2b: Arcanine|Will-O-Wisp|p1a: Dondozo\n|-activate|p1a: Dondozo|move: Protect\n|\n|upkeep\n|turn|6\n|inactive|KSaunSeries3 has 30 seconds left.\n|\n|t:|1682977504\n|-terastallize|p1a: Dondozo|Steel\n|move|p1a: Dondozo|Wave Crash|p2b: Arcanine\n|-supereffective|p2b: Arcanine\n|-damage|p2b: Arcanine|0 fnt\n|faint|p2b: Arcanine\n|-damage|p1a: Dondozo|76\/100|[from] Recoil\n|move|p2a: Flutter Mane|Moonblast|p1a: Dondozo\n|-resisted|p1a: Dondozo\n|-damage|p1a: Dondozo|62\/100\n|\n|-heal|p1a: Dondozo|69\/100|[from] item: Leftovers\n|upkeep\n|turn|7\n|-message|KSaunSeries3 forfeited.\n|\n|win|Hecma\n|raw|Hecma's rating: 1155 → 1178<\/strong> (+23 for winning)\n|raw|KSaunSeries3's rating: 1132 → 1109<\/strong> (-23 for losing)\n|l|\u2606KSaunSeries3\n","uploadtime":1682977857,"views":13,"p1id":"hecma","p2id":"ksaunseries3","formatid":"gen9vgc2023regulationc","rating":1109,"private":0,"password":""}