{"id":"gen9vgc2023regulationc-1850528438","p1":"Nansral26","p2":"F1027","format":"[Gen 9] VGC 2023 Regulation C","log":"|j|\u2606Nansral26\n|j|\u2606F1027\n|t:|1682345969\n|gametype|doubles\n|player|p1|Nansral26|hiker-gen4|1066\n|player|p2|F1027|blackbelt|1107\n|teamsize|p1|6\n|teamsize|p2|6\n|gen|9\n|tier|[Gen 9] VGC 2023 Regulation C\n|rated|\n|rule|Species Clause: Limit one of each Pok\u00e9mon\n|rule|Item Clause: Limit one of each item\n|clearpoke\n|poke|p1|Ting-Lu, L50|\n|poke|p1|Haxorus, L50, F|\n|poke|p1|Scream Tail, L50|\n|poke|p1|Abomasnow, L50, M|\n|poke|p1|Beartic, L50, M|\n|poke|p1|Garganacl, L50, M|\n|poke|p2|Amoonguss, L50, M|\n|poke|p2|Meowscarada, L50, F|\n|poke|p2|Palafin, L50, F|\n|poke|p2|Ting-Lu, L50|\n|poke|p2|Garganacl, L50, M|\n|poke|p2|Iron Hands, L50|\n|teampreview|4\n|inactive|Battle timer is ON: inactive players will automatically lose when time's up. (requested by F1027)\n|inactive|Nansral26 also wants the timer to be on.\n|inactive|F1027 has 60 seconds left.\n|\n|t:|1682346007\n|start\n|switch|p1a: Abomasnow|Abomasnow, L50, M|100\/100\n|switch|p1b: Beartic|Beartic, L50, M|100\/100\n|switch|p2a: Palafin|Palafin, L50, F|100\/100\n|switch|p2b: Amoonguss|Amoonguss, L50, M|100\/100\n|-weather|Snow|[from] ability: Snow Warning|[of] p1a: Abomasnow\n|turn|1\n|\n|t:|1682346029\n|detailschange|p2a: Palafin|Palafin-Hero, L50, F\n|switch|p2a: Iron Hands|Iron Hands, L50|100\/100\n|-terastallize|p2b: Amoonguss|Steel\n|move|p1a: Abomasnow|Aurora Veil|p1a: Abomasnow\n|-sidestart|p1: Nansral26|move: Aurora Veil\n|move|p1b: Beartic|Sheer Cold|p2b: Amoonguss\n|-damage|p2b: Amoonguss|0 fnt\n|faint|p2b: Amoonguss\n|-ohko\n|\n|-weather|Snow|[upkeep]\n|upkeep\n|c|\u2606F1027|BRO\n|\n|t:|1682346044\n|switch|p2b: Garganacl|Garganacl, L50, M, shiny|100\/100\n|turn|2\n|c|\u2606Nansral26|lmao\n|\n|t:|1682346059\n|move|p2a: Iron Hands|Fake Out|p1b: Beartic|[miss]\n|-miss|p2a: Iron Hands|p1b: Beartic\n|move|p1a: Abomasnow|Sheer Cold|p2a: Iron Hands\n|-damage|p2a: Iron Hands|0 fnt\n|faint|p2a: Iron Hands\n|-end|p2a: Iron Hands|Quark Drive|[silent]\n|-ohko\n|move|p1b: Beartic|Sheer Cold|p2b: Garganacl|[miss]\n|-miss|p1b: Beartic|p2b: Garganacl\n|move|p2b: Garganacl|Salt Cure|p1a: Abomasnow\n|-supereffective|p1a: Abomasnow\n|-damage|p1a: Abomasnow|88\/100\n|-start|p1a: Abomasnow|Salt Cure\n|\n|-weather|Snow|[upkeep]\n|-damage|p1a: Abomasnow|76\/100|[from] Salt Cure\n|upkeep\n|c|\u2606F1027|WHAT\n|\n|t:|1682346073\n|switch|p2a: Palafin|Palafin-Hero, L50, F|100\/100\n|-activate|p2a: Palafin|ability: Zero to Hero\n|turn|3\n|\n|t:|1682346087\n|move|p2b: Garganacl|Protect|p2b: Garganacl\n|-singleturn|p2b: Garganacl|Protect\n|move|p2a: Palafin|Wave Crash|p1b: Beartic\n|-damage|p1b: Beartic|55\/100\n|-damage|p2a: Palafin|84\/100|[from] Recoil\n|move|p1a: Abomasnow|Sheer Cold|p2b: Garganacl\n|-activate|p2b: Garganacl|move: Protect\n|move|p1b: Beartic|Sheer Cold|p2a: Palafin|[miss]\n|-miss|p1b: Beartic|p2a: Palafin\n|\n|-weather|Snow|[upkeep]\n|-damage|p1a: Abomasnow|63\/100|[from] Salt Cure\n|upkeep\n|turn|4\n|inactive|Nansral26 has 30 seconds left.\n|\n|t:|1682346113\n|move|p2a: Palafin|Wave Crash|p1b: Beartic\n|-damage|p1b: Beartic|14\/100\n|-damage|p2a: Palafin|68\/100|[from] Recoil\n|move|p1a: Abomasnow|Wood Hammer|p2a: Palafin\n|-supereffective|p2a: Palafin\n|-damage|p2a: Palafin|0 fnt\n|faint|p2a: Palafin\n|-damage|p1a: Abomasnow|44\/100|[from] Recoil\n|move|p1b: Beartic|Encore|p2b: Garganacl\n|-start|p2b: Garganacl|Encore\n|move|p2b: Garganacl|Protect||[still]\n|-fail|p2b: Garganacl\n|\n|-weather|Snow|[upkeep]\n|-damage|p1a: Abomasnow|31\/100|[from] Salt Cure\n|upkeep\n|turn|5\n|\n|t:|1682346135\n|-singleturn|p1b: Beartic|move: Focus Punch\n|move|p2b: Garganacl|Protect|p2b: Garganacl\n|-singleturn|p2b: Garganacl|Protect\n|move|p1a: Abomasnow|Ice Spinner|p2b: Garganacl\n|-activate|p2b: Garganacl|move: Protect\n|move|p1b: Beartic|Focus Punch|p2b: Garganacl\n|-activate|p2b: Garganacl|move: Protect\n|\n|-weather|none\n|-damage|p1a: Abomasnow|19\/100|[from] Salt Cure\n|-sideend|p1: Nansral26|move: Aurora Veil\n|upkeep\n|turn|6\n|\n|t:|1682346144\n|-singleturn|p1b: Beartic|move: Focus Punch\n|move|p2b: Garganacl|Protect||[still]\n|-fail|p2b: Garganacl\n|move|p1a: Abomasnow|Sheer Cold|p2b: Garganacl\n|-damage|p2b: Garganacl|0 fnt\n|faint|p2b: Garganacl\n|-ohko\n|\n|win|Nansral26\n|raw|Nansral26's rating: 1066 → 1100<\/strong> (+34 for winning)\n|raw|F1027's rating: 1107 → 1079<\/strong> (-28 for losing)\n|c|\u2606Nansral26|im so sorry\n|c|\u2606F1027|3 SHEER COLDS\n|l|\u2606F1027\n","uploadtime":1682346181,"views":46,"p1id":"nansral26","p2id":"f1027","formatid":"gen9vgc2023regulationc","rating":1079,"private":0,"password":""}