{"id":"gen9vgc2023regulationc-1852074172","p1":"hit2000gun","p2":"ClickForVictory","format":"[Gen 9] VGC 2023 Regulation C","log":"|j|\u2606hit2000gun\n|j|\u2606ClickForVictory\n|t:|1682522003\n|gametype|doubles\n|player|p1|hit2000gun|102|1416\n|player|p2|ClickForVictory|furisodegirl-black|1411\n|teamsize|p1|6\n|teamsize|p2|6\n|gen|9\n|tier|[Gen 9] VGC 2023 Regulation C\n|rated|\n|rule|Species Clause: Limit one of each Pok\u00e9mon\n|rule|Item Clause: Limit one of each item\n|clearpoke\n|poke|p1|Maushold-Four, L50|\n|poke|p1|Annihilape, L50, F|\n|poke|p1|Azumarill, L50, M|\n|poke|p1|Arcanine, L50, M|\n|poke|p1|Flutter Mane, L50|\n|poke|p1|Wo-Chien, L50|\n|poke|p2|Flutter Mane, L50|\n|poke|p2|Amoonguss, L50, F|\n|poke|p2|Iron Jugulis, L50|\n|poke|p2|Great Tusk, L50|\n|poke|p2|Bruxish, L50, M|\n|poke|p2|Chi-Yu, L50|\n|teampreview|4\n|c|\u2606ClickForVictory|have fun!\nClickForVictory has agreed to open team sheets.\n|inactive|Battle timer is ON: inactive players will automatically lose when time's up. (requested by ClickForVictory)\n|\n|t:|1682522031\n|start\n|switch|p1a: Azumarill|Azumarill, L50, M|100\/100\n|switch|p1b: Arcanine|Arcanine, L50, M|100\/100\n|switch|p2a: Mega Dodrio|Iron Jugulis, L50, shiny|100\/100\n|switch|p2b: Flambuoyant|Bruxish, L50, M|100\/100\n|-ability|p1b: Arcanine|Intimidate|boost\n|-unboost|p2a: Mega Dodrio|atk|1\n|-unboost|p2b: Flambuoyant|atk|1\n|-enditem|p2a: Mega Dodrio|Booster Energy\n|-activate|p2a: Mega Dodrio|ability: Quark Drive|[fromitem]\n|-start|p2a: Mega Dodrio|quarkdrivespe\n|turn|1\n|inactive|hit2000gun has 30 seconds left.\n|\n|t:|1682522062\n|move|p2b: Flambuoyant|Protect|p2b: Flambuoyant\n|-singleturn|p2b: Flambuoyant|Protect\n|move|p1b: Arcanine|Protect|p1b: Arcanine\n|-singleturn|p1b: Arcanine|Protect\n|move|p2a: Mega Dodrio|Tailwind|p2a: Mega Dodrio\n|-sidestart|p2: ClickForVictory|move: Tailwind\n|move|p1a: Azumarill|Play Rough|p2a: Mega Dodrio\n|-supereffective|p2a: Mega Dodrio\n|-damage|p2a: Mega Dodrio|9\/100\n|\n|upkeep\n|turn|2\n|\n|t:|1682522085\n|switch|p2b: Spectral Spaghetti|Flutter Mane, L50, shiny|100\/100\n|move|p2a: Mega Dodrio|Earth Power|p1b: Arcanine\n|-supereffective|p1b: Arcanine\n|-damage|p1b: Arcanine|47\/100\n|move|p1b: Arcanine|Flare Blitz|p2a: Mega Dodrio\n|-damage|p2a: Mega Dodrio|0 fnt\n|faint|p2a: Mega Dodrio\n|-end|p2a: Mega Dodrio|Quark Drive|[silent]\n|-damage|p1b: Arcanine|44\/100|[from] Recoil\n|move|p1a: Azumarill|Play Rough|p2b: Spectral Spaghetti\n|-damage|p2b: Spectral Spaghetti|9\/100\n|\n|upkeep\n|\n|t:|1682522098\n|switch|p2a: Flambuoyant|Bruxish, L50, M|100\/100\n|turn|3\n|\n|t:|1682522110\n|move|p1b: Arcanine|Protect|p1b: Arcanine\n|-singleturn|p1b: Arcanine|Protect\n|move|p2b: Spectral Spaghetti|Moonblast|p1a: Azumarill\n|-damage|p1a: Azumarill|21\/100\n|move|p2a: Flambuoyant|Wave Crash|p1b: Arcanine\n|-activate|p1b: Arcanine|move: Protect\n|move|p1a: Azumarill|Liquidation|p2b: Spectral Spaghetti\n|-damage|p2b: Spectral Spaghetti|0 fnt\n|faint|p2b: Spectral Spaghetti\n|-end|p2b: Spectral Spaghetti|Protosynthesis|[silent]\n|\n|upkeep\n|\n|t:|1682522119\n|switch|p2b: Fiendish Fish|Chi-Yu, L50|100\/100\n|-ability|p2b: Fiendish Fish|Beads of Ruin\n|turn|4\n|\n|t:|1682522140\n|-terastallize|p2b: Fiendish Fish|Fire\n|move|p1a: Azumarill|Protect|p1a: Azumarill\n|-singleturn|p1a: Azumarill|Protect\n|move|p2b: Fiendish Fish|Heat Wave|p1a: Azumarill|[spread] p1b\n|-activate|p1a: Azumarill|move: Protect\n|-resisted|p1b: Arcanine\n|-damage|p1b: Arcanine|11\/100\n|move|p2a: Flambuoyant|Wave Crash|p1b: Arcanine\n|-supereffective|p1b: Arcanine\n|-damage|p1b: Arcanine|0 fnt\n|faint|p1b: Arcanine\n|-damage|p2a: Flambuoyant|96\/100|[from] Recoil\n|\n|-sideend|p2: ClickForVictory|move: Tailwind\n|upkeep\n|\n|t:|1682522159\n|switch|p1b: Annihilape|Annihilape, L50, F|100\/100\n|turn|5\n|\n|t:|1682522175\n|move|p2b: Fiendish Fish|Heat Wave|p1b: Annihilape|[spread] p1a,p1b\n|-resisted|p1a: Azumarill\n|-damage|p1a: Azumarill|0 fnt\n|-damage|p1b: Annihilape|32\/100\n|faint|p1a: Azumarill\n|move|p2a: Flambuoyant|Wave Crash|p1b: Annihilape\n|-damage|p1b: Annihilape|0 fnt\n|faint|p1b: Annihilape\n|-damage|p2a: Flambuoyant|82\/100|[from] Recoil\n|\n|upkeep\n|-message|hit2000gun forfeited.\n|\n|win|ClickForVictory\n|raw|hit2000gun's rating: 1416 → 1396<\/strong> (-20 for losing)\n|raw|ClickForVictory's rating: 1411 → 1431<\/strong> (+20 for winning)\n|l|\u2606hit2000gun\n|c|\u2606ClickForVictory|gg!\n","uploadtime":1682522204,"views":12,"p1id":"hit2000gun","p2id":"clickforvictory","formatid":"gen9vgc2023regulationc","rating":1396,"private":0,"password":""}