{"id":"gen9vgc2023regulationc-1857978224","p1":"McDubbieEnthusiast","p2":"Tmntin","format":"[Gen 9] VGC 2023 Regulation C","log":"|j|\u2606McDubbieEnthusiast\n|j|\u2606Tmntin\n|t:|1683255015\n|gametype|doubles\n|player|p1|McDubbieEnthusiast|waiter-gen4|1487\n|player|p2|Tmntin|102|1571\n|teamsize|p1|6\n|teamsize|p2|6\n|gen|9\n|tier|[Gen 9] VGC 2023 Regulation C\n|rated|\n|rule|Species Clause: Limit one of each Pok\u00e9mon\n|rule|Item Clause: Limit one of each item\n|clearpoke\n|poke|p1|Tyranitar, L50, F|\n|poke|p1|Garchomp, L50, F|\n|poke|p1|Scream Tail, L50|\n|poke|p1|Corviknight, L50, M|\n|poke|p1|Gholdengo, L50|\n|poke|p1|Dragonite, L50, F|\n|poke|p2|Murkrow, L50, M|\n|poke|p2|Pawmot, L50, M|\n|poke|p2|Chi-Yu, L50|\n|poke|p2|Flutter Mane, L50|\n|poke|p2|Garchomp, L50, M|\n|poke|p2|Farigiraf, L50, M|\n|teampreview|4\nMcDubbieEnthusiast has agreed to open team sheets.\n|inactive|Battle timer is ON: inactive players will automatically lose when time's up. (requested by Tmntin)\n|\n|t:|1683255071\n|start\n|switch|p1a: Beholder|Scream Tail, L50, shiny|100\/100\n|switch|p1b: Mimic|Gholdengo, L50|100\/100\n|switch|p2a: Garchomp|Garchomp, L50, M|100\/100\n|switch|p2b: Murkrow|Murkrow, L50, M|100\/100\n|-enditem|p1a: Beholder|Booster Energy\n|-activate|p1a: Beholder|ability: Protosynthesis|[fromitem]\n|-start|p1a: Beholder|protosynthesisspe\n|turn|1\n|\n|t:|1683255089\n|-terastallize|p1b: Mimic|Water\n|-terastallize|p2a: Garchomp|Ground\n|move|p2b: Murkrow|Tailwind|p2b: Murkrow\n|-sidestart|p2: Tmntin|move: Tailwind\n|move|p2a: Garchomp|Earthquake|p1a: Beholder|[spread] p1a,p1b\n|-immune|p2b: Murkrow\n|-damage|p1a: Beholder|58\/100\n|-damage|p1b: Mimic|50\/100\n|move|p1a: Beholder|Encore|p2b: Murkrow\n|-start|p2b: Murkrow|Encore\n|move|p1b: Mimic|Make It Rain|p2b: Murkrow|[spread] p2a,p2b\n|-damage|p2a: Garchomp|46\/100\n|-damage|p2b: Murkrow|62\/100\n|-unboost|p1b: Mimic|spa|1\n|\n|upkeep\n|turn|2\n|inactive|Tmntin has 30 seconds left.\n|inactive|McDubbieEnthusiast has 30 seconds left.\n|inactive|Tmntin has 20 seconds left.\n|inactive|Tmntin has 15 seconds left.\n|inactive|Tmntin has 10 seconds left.\n|\n|t:|1683255139\n|switch|p2b: Farigiraf|Farigiraf, L50, M|100\/100\n|switch|p1b: Brass|Dragonite, L50, F|100\/100\n|move|p2a: Garchomp|Earthquake|p1a: Beholder|[spread] p2b,p1a\n|-immune|p1b: Brass\n|-damage|p2b: Farigiraf|48\/100\n|-damage|p1a: Beholder|20\/100\n|-enditem|p2b: Farigiraf|Sitrus Berry|[eat]\n|-heal|p2b: Farigiraf|73\/100|[from] item: Sitrus Berry\n|move|p1a: Beholder|Encore|p2a: Garchomp\n|-start|p2a: Garchomp|Encore\n|\n|upkeep\n|turn|3\n|inactive|McDubbieEnthusiast has 30 seconds left.\n|\n|t:|1683255166\n|switch|p2a: Flutter Mane|Flutter Mane, L50|100\/100\n|-enditem|p2a: Flutter Mane|Booster Energy\n|-activate|p2a: Flutter Mane|ability: Protosynthesis|[fromitem]\n|-start|p2a: Flutter Mane|protosynthesisspe\n|move|p1a: Beholder|Dazzling Gleam|p2a: Flutter Mane|[spread] p2a,p2b\n|-damage|p2a: Flutter Mane|84\/100\n|-damage|p2b: Farigiraf|59\/100\n|move|p2b: Farigiraf|Hyper Voice|p1a: Beholder|[spread] p1a,p1b\n|-crit|p1a: Beholder\n|-damage|p1a: Beholder|0 fnt\n|-damage|p1b: Brass|74\/100\n|faint|p1a: Beholder\n|-end|p1a: Beholder|Protosynthesis|[silent]\n|move|p1b: Brass|Outrage|p2b: Farigiraf\n|-damage|p2b: Farigiraf|0 fnt\n|faint|p2b: Farigiraf\n|\n|upkeep\n|inactive|Tmntin has 30 seconds left.\n|\n|t:|1683255197\n|switch|p1a: Tarrasque|Tyranitar, L50, F, shiny|100\/100\n|switch|p2b: Garchomp|Garchomp, L50, M, tera:Ground|46\/100\n|-weather|Sandstorm|[from] ability: Sand Stream|[of] p1a: Tarrasque\n|turn|4\n|\n|t:|1683255220\n|move|p2b: Garchomp|Protect|p2b: Garchomp\n|-singleturn|p2b: Garchomp|Protect\n|move|p1a: Tarrasque|Protect|p1a: Tarrasque\n|-singleturn|p1a: Tarrasque|Protect\n|move|p2a: Flutter Mane|Dazzling Gleam|p1a: Tarrasque|[spread] p1b\n|-activate|p1a: Tarrasque|move: Protect\n|-supereffective|p1b: Brass\n|-damage|p1b: Brass|20\/100\n|move|p1b: Brass|Outrage|p2b: Garchomp|[from]lockedmove\n|-activate|p2b: Garchomp|move: Protect\n|\n|-weather|Sandstorm|[upkeep]\n|-damage|p2a: Flutter Mane|77\/100|[from] Sandstorm\n|-damage|p1b: Brass|15\/100|[from] Sandstorm\n|-sideend|p2: Tmntin|move: Tailwind\n|upkeep\n|turn|5\n|\n|t:|1683255241\n|move|p2a: Flutter Mane|Dazzling Gleam|p1b: Brass|[spread] p1a,p1b\n|-supereffective|p1a: Tarrasque\n|-supereffective|p1b: Brass\n|-damage|p1a: Tarrasque|57\/100\n|-damage|p1b: Brass|0 fnt\n|-enditem|p1a: Tarrasque|Weakness Policy\n|-boost|p1a: Tarrasque|atk|2|[from] item: Weakness Policy\n|-boost|p1a: Tarrasque|spa|2|[from] item: Weakness Policy\n|faint|p1b: Brass\n|move|p2b: Garchomp|Liquidation|p1a: Tarrasque\n|-supereffective|p1a: Tarrasque\n|-damage|p1a: Tarrasque|3\/100\n|move|p1a: Tarrasque|Rock Slide|p2a: Flutter Mane|[spread] \n|-miss|p1a: Tarrasque|p2a: Flutter Mane\n|-miss|p1a: Tarrasque|p2b: Garchomp\n|\n|-weather|Sandstorm|[upkeep]\n|-damage|p2a: Flutter Mane|71\/100|[from] Sandstorm\n|upkeep\n|\n|t:|1683255253\n|switch|p1b: Mimic|Gholdengo, L50, tera:Water|50\/100\n|turn|6\n|\n|t:|1683255272\n|move|p1a: Tarrasque|Protect|p1a: Tarrasque\n|-singleturn|p1a: Tarrasque|Protect\n|move|p2a: Flutter Mane|Dazzling Gleam|p1b: Mimic|[spread] p1b\n|-activate|p1a: Tarrasque|move: Protect\n|-damage|p1b: Mimic|12\/100\n|move|p1b: Mimic|Make It Rain|p2b: Garchomp|[spread] p2a,p2b\n|-supereffective|p2a: Flutter Mane\n|-damage|p2a: Flutter Mane|0 fnt\n|-damage|p2b: Garchomp|0 fnt\n|-unboost|p1b: Mimic|spa|1\n|faint|p2a: Flutter Mane\n|-end|p2a: Flutter Mane|Protosynthesis|[silent]\n|faint|p2b: Garchomp\n|\n|-weather|Sandstorm|[upkeep]\n|-damage|p1b: Mimic|7\/100|[from] Sandstorm\n|upkeep\n|\n|t:|1683255291\n|switch|p2a: Murkrow|Murkrow, L50, M|62\/100\n|turn|7\n|\n|t:|1683255296\n|move|p1b: Mimic|Make It Rain|p2a: Murkrow\n|-damage|p2a: Murkrow|31\/100\n|-unboost|p1b: Mimic|spa|1\n|move|p1a: Tarrasque|Rock Slide|p2a: Murkrow|[miss]\n|-miss|p1a: Tarrasque|p2a: Murkrow\n|move|p2a: Murkrow|Brave Bird|p1a: Tarrasque\n|-resisted|p1a: Tarrasque\n|-damage|p1a: Tarrasque|0 fnt\n|faint|p1a: Tarrasque\n|-damage|p2a: Murkrow|30\/100|[from] Recoil\n|\n|-weather|Sandstorm|[upkeep]\n|-damage|p1b: Mimic|1\/100|[from] Sandstorm\n|-damage|p2a: Murkrow|24\/100|[from] Sandstorm\n|upkeep\n|turn|8\n|c|\u2606McDubbieEnthusiast|No wayyyyy\n|c|\u2606McDubbieEnthusiast|gg\n|\n|t:|1683255316\n|move|p1b: Mimic|Make It Rain|p2a: Murkrow\n|-damage|p2a: Murkrow|0 fnt\n|-unboost|p1b: Mimic|spa|1\n|faint|p2a: Murkrow\n|\n|win|McDubbieEnthusiast\n|raw|McDubbieEnthusiast's rating: 1487 → 1512<\/strong> (+25 for winning)\n|raw|Tmntin's rating: 1571 → 1546<\/strong> (-25 for losing)\n|c|\u2606McDubbieEnthusiast|... I'm done for the night\n|c|\u2606McDubbieEnthusiast|Wow\n|c|\u2606Tmntin|Gg!\n|c|\u2606McDubbieEnthusiast|gg!\n|c|\u2606Tmntin|Hahahaha I knowww\n|c|\u2606Tmntin|what a game!\n|c|\u2606McDubbieEnthusiast|Right??\n|c|\u2606McDubbieEnthusiast|I loved taht\n|c|\u2606McDubbieEnthusiast|that\n|c|\u2606McDubbieEnthusiast|Heh\n|c|\u2606McDubbieEnthusiast|Have a good one, dude!\n","uploadtime":1683255335,"views":13,"p1id":"mcdubbieenthusiast","p2id":"tmntin","formatid":"gen9vgc2023regulationc","rating":1512,"private":0,"password":""}