{"id":"gen9vgc2023regulationc-1863967353","p1":"AlolanBob","p2":"WoahThereAdo","format":"[Gen 9] VGC 2023 Regulation C","log":"|j|\u2606AlolanBob\n|j|\u2606WoahThereAdo\n|t:|1684099138\n|gametype|doubles\n|player|p1|AlolanBob|lucas|\n|player|p2|WoahThereAdo|dawn-gen4pt|\n|teamsize|p1|6\n|teamsize|p2|6\n|gen|9\n|tier|[Gen 9] VGC 2023 Regulation C\n|rule|Tera Type Preview: Tera Types are shown at Team Preview\n|rule|Species Clause: Limit one of each Pok\u00e9mon\n|rule|Item Clause: Limit one of each item\n|clearpoke\n|poke|p1|Iron Bundle, L50|\n|poke|p1|Volcarona, L50, M|\n|poke|p1|Dachsbun, L50, F|\n|poke|p1|Sableye, L50, M|\n|poke|p1|Iron Hands, L50|\n|poke|p1|Skuntank, L50, M|\n|poke|p2|Chi-Yu, L50|\n|poke|p2|Gholdengo, L50|\n|poke|p2|Grimmsnarl, L50, M|\n|poke|p2|Quaquaval, L50, M|\n|poke|p2|Dachsbun, L50, M|\n|poke|p2|Ampharos, L50, M|\n|teampreview|4\n|raw|AlolanBob's Tera Types: \/ \/ \/ \/ \/ \n|raw|WoahThereAdo's Tera Types: \/ \/ \/ \/ \/ \n|c|\u2606AlolanBob|g2\n|j| Wow02\n|l| Wow02\n|\n|t:|1684099769\n|start\n|switch|p1a: Iron Hands|Iron Hands, L50|100\/100\n|switch|p1b: Iron Bundle|Iron Bundle, L50|100\/100\n|switch|p2a: Grimmsnarl|Grimmsnarl, L50, M|100\/100\n|switch|p2b: Gholdengo|Gholdengo, L50|100\/100\n|-enditem|p1b: Iron Bundle|Booster Energy\n|-activate|p1b: Iron Bundle|ability: Quark Drive|[fromitem]\n|-start|p1b: Iron Bundle|quarkdrivespe\n|turn|1\n|\n|t:|1684099813\n|move|p1b: Iron Bundle|Protect|p1b: Iron Bundle\n|-singleturn|p1b: Iron Bundle|Protect\n|move|p1a: Iron Hands|Fake Out|p2a: Grimmsnarl\n|-damage|p2a: Grimmsnarl|85\/100\n|cant|p2a: Grimmsnarl|flinch\n|move|p2b: Gholdengo|Make It Rain|p1a: Iron Hands|[spread] p1a\n|-activate|p1b: Iron Bundle|move: Protect\n|-resisted|p1a: Iron Hands\n|-damage|p1a: Iron Hands|80\/100\n|-unboost|p2b: Gholdengo|spa|1\n|-damage|p2b: Gholdengo|91\/100|[from] item: Life Orb\n|\n|upkeep\n|turn|2\n|\n|t:|1684099847\n|switch|p2b: Dachsbun|Dachsbun, L50, M|100\/100\n|move|p2a: Grimmsnarl|Light Screen|p2a: Grimmsnarl\n|-sidestart|p2: WoahThereAdo|move: Light Screen\n|move|p1b: Iron Bundle|Hydro Pump|p2b: Dachsbun\n|-damage|p2b: Dachsbun|51\/100\n|move|p1a: Iron Hands|Brick Break|p2a: Grimmsnarl\n|-sideend|p2: WoahThereAdo|move: Light Screen\n|-damage|p2a: Grimmsnarl|48\/100\n|\n|-heal|p2b: Dachsbun|57\/100|[from] item: Leftovers\n|upkeep\n|turn|3\n|\n|t:|1684099914\n|switch|p2a: Gholdengo|Gholdengo, L50|91\/100\n|move|p2b: Dachsbun|Protect|p2b: Dachsbun\n|-singleturn|p2b: Dachsbun|Protect\n|move|p1b: Iron Bundle|Hydro Pump|p2b: Dachsbun\n|-activate|p2b: Dachsbun|move: Protect\n|move|p1a: Iron Hands|Brick Break|p2a: Gholdengo\n|-immune|p2a: Gholdengo\n|\n|-heal|p2b: Dachsbun|63\/100|[from] item: Leftovers\n|upkeep\n|turn|4\n|\n|t:|1684099966\n|move|p1b: Iron Bundle|Protect|p1b: Iron Bundle\n|-singleturn|p1b: Iron Bundle|Protect\n|move|p2a: Gholdengo|Nasty Plot|p2a: Gholdengo\n|-boost|p2a: Gholdengo|spa|2\n|move|p2b: Dachsbun|Play Rough|p1a: Iron Hands|[miss]\n|-miss|p2b: Dachsbun|p1a: Iron Hands\n|move|p1a: Iron Hands|Thunder Punch|p2a: Gholdengo\n|-damage|p2a: Gholdengo|40\/100\n|\n|-heal|p2b: Dachsbun|69\/100|[from] item: Leftovers\n|upkeep\n|turn|5\n|\n|t:|1684100004\n|-terastallize|p2a: Gholdengo|Steel\n|move|p1b: Iron Bundle|Hydro Pump|p2a: Gholdengo|[miss]\n|-miss|p1b: Iron Bundle|p2a: Gholdengo\n|move|p2a: Gholdengo|Make It Rain|p1a: Iron Hands|[spread] p1a,p1b\n|-resisted|p1a: Iron Hands\n|-damage|p1a: Iron Hands|21\/100\n|-damage|p1b: Iron Bundle|0 fnt\n|-unboost|p2a: Gholdengo|spa|1\n|faint|p1b: Iron Bundle\n|-end|p1b: Iron Bundle|Quark Drive|[silent]\n|-damage|p2a: Gholdengo|30\/100|[from] item: Life Orb\n|move|p2b: Dachsbun|Body Press|p1a: Iron Hands\n|-damage|p1a: Iron Hands|4\/100\n|move|p1a: Iron Hands|Thunder Punch|p2b: Dachsbun\n|-damage|p2b: Dachsbun|34\/100\n|\n|-heal|p2b: Dachsbun|40\/100|[from] item: Leftovers\n|upkeep\n|\n|t:|1684100022\n|switch|p1b: Volcarona|Volcarona, L50, M|100\/100\n|turn|6\n|\n|t:|1684100059\n|move|p2a: Gholdengo|Protect|p2a: Gholdengo\n|-singleturn|p2a: Gholdengo|Protect\n|move|p1a: Iron Hands|Protect|p1a: Iron Hands\n|-singleturn|p1a: Iron Hands|Protect\n|move|p1b: Volcarona|Quiver Dance|p1b: Volcarona\n|-boost|p1b: Volcarona|spa|1\n|-boost|p1b: Volcarona|spd|1\n|-boost|p1b: Volcarona|spe|1\n|move|p2b: Dachsbun|Body Press|p1a: Iron Hands\n|-activate|p1a: Iron Hands|move: Protect\n|\n|-heal|p2b: Dachsbun|46\/100|[from] item: Leftovers\n|upkeep\n|turn|7\n|\n|t:|1684100085\n|-end|p1a: Iron Hands|Quark Drive|[silent]\n|switch|p1a: Sableye|Sableye, L50, M|100\/100\n|move|p1b: Volcarona|Heat Wave|p2a: Gholdengo|[spread] p2a\n|-ability|p2b: Dachsbun|Well-Baked Body|boost\n|-boost|p2b: Dachsbun|def|2\n|-supereffective|p2a: Gholdengo\n|-damage|p2a: Gholdengo|0 fnt\n|faint|p2a: Gholdengo\n|move|p2b: Dachsbun|Body Press|p1a: Sableye\n|-immune|p1a: Sableye\n|\n|-heal|p2b: Dachsbun|52\/100|[from] item: Leftovers\n|upkeep\n|\n|t:|1684100097\n|switch|p2a: Grimmsnarl|Grimmsnarl, L50, M|48\/100\n|turn|8\n|\n|t:|1684100118\n|move|p2a: Grimmsnarl|Fake Out|p1b: Volcarona\n|-damage|p1b: Volcarona|85\/100\n|move|p1a: Sableye|Skill Swap|p2b: Dachsbun\n|-activate|p1a: Sableye|move: Skill Swap|Well-Baked Body|Prankster|[of] p2b: Dachsbun\n|cant|p1b: Volcarona|flinch\n|move|p2b: Dachsbun|Play Rough|p1a: Sableye\n|-supereffective|p1a: Sableye\n|-damage|p1a: Sableye|46\/100\n|\n|-heal|p2b: Dachsbun|58\/100|[from] item: Leftovers\n|upkeep\n|turn|9\n|\n|t:|1684100149\n|move|p2a: Grimmsnarl|Light Screen|p2a: Grimmsnarl\n|-sidestart|p2: WoahThereAdo|move: Light Screen\n|move|p1b: Volcarona|Heat Wave|p2a: Grimmsnarl|[spread] p2b\n|-miss|p1b: Volcarona|p2a: Grimmsnarl\n|-damage|p2b: Dachsbun|11\/100\n|move|p2b: Dachsbun|Play Rough|p1a: Sableye\n|-supereffective|p1a: Sableye\n|-damage|p1a: Sableye|0 fnt\n|faint|p1a: Sableye\n|\n|-heal|p2b: Dachsbun|18\/100|[from] item: Leftovers\n|upkeep\n|\n|t:|1684100159\n|switch|p1a: Iron Hands|Iron Hands, L50|4\/100\n|turn|10\n|\n|t:|1684100184\n|move|p2b: Dachsbun|Protect|p2b: Dachsbun\n|-singleturn|p2b: Dachsbun|Protect\n|move|p1a: Iron Hands|Fake Out|p2a: Grimmsnarl\n|-damage|p2a: Grimmsnarl|33\/100\n|cant|p2a: Grimmsnarl|flinch\n|move|p1b: Volcarona|Heat Wave|p2b: Dachsbun|[spread] \n|-activate|p2b: Dachsbun|move: Protect\n|-miss|p1b: Volcarona|p2a: Grimmsnarl\n|\n|-heal|p2b: Dachsbun|24\/100|[from] item: Leftovers\n|upkeep\n|turn|11\n|\n|t:|1684100224\n|move|p2a: Grimmsnarl|Sucker Punch|p1a: Iron Hands\n|-resisted|p1a: Iron Hands\n|-damage|p1a: Iron Hands|0 fnt\n|faint|p1a: Iron Hands\n|-end|p1a: Iron Hands|Quark Drive|[silent]\n|move|p1b: Volcarona|Heat Wave|p2a: Grimmsnarl|[spread] p2b\n|-miss|p1b: Volcarona|p2a: Grimmsnarl\n|-damage|p2b: Dachsbun|0 fnt\n|faint|p2b: Dachsbun\n|\n|upkeep\n|\n|t:|1684100231\n|switch|p2b: Chi-Yu|Chi-Yu, L50|100\/100\n|-ability|p2b: Chi-Yu|Beads of Ruin\n|turn|12\n|c|\u2606AlolanBob|brightpowder grimmsnarl lmao\n|\n|t:|1684100275\n|-terastallize|p1b: Volcarona|Ground\n|move|p2a: Grimmsnarl|Sucker Punch|p1b: Volcarona\n|-damage|p1b: Volcarona|49\/100\n|move|p1b: Volcarona|Tera Blast|p2b: Chi-Yu\n|-supereffective|p2b: Chi-Yu\n|-damage|p2b: Chi-Yu|9\/100\n|move|p2b: Chi-Yu|Dark Pulse|p1b: Volcarona\n|-damage|p1b: Volcarona|0 fnt\n|faint|p1b: Volcarona\n|\n|win|WoahThereAdo\n|c|\u2606WoahThereAdo|ggs\n|c|\u2606AlolanBob|gg\n|l|\u2606WoahThereAdo\n","uploadtime":1684100287,"views":6,"p1id":"alolanbob","p2id":"woahthereado","formatid":"gen9vgc2023regulationc","rating":0,"private":0,"password":""}