{"id":"gen9vgc2023regulationc-1851828702","p1":"ButzMcAnuz","p2":"blackdoom1","format":"[Gen 9] VGC 2023 Regulation C","log":"|j|\u2606ButzMcAnuz\n|j|\u2606blackdoom1\n|t:|1682491202\n|gametype|doubles\n|player|p1|ButzMcAnuz|102|1000\n|player|p2|blackdoom1|265|1050\n|teamsize|p1|6\n|teamsize|p2|6\n|gen|9\n|tier|[Gen 9] VGC 2023 Regulation C\n|rated|\n|rule|Species Clause: Limit one of each Pok\u00e9mon\n|rule|Item Clause: Limit one of each item\n|clearpoke\n|poke|p1|Baxcalibur, L50, F|\n|poke|p1|Flutter Mane, L50|\n|poke|p1|Scizor, L50, F|\n|poke|p1|Volcarona, L50, F|\n|poke|p1|Gyarados, L50, M|\n|poke|p1|Amoonguss, L50, F|\n|poke|p2|Annihilape, L50, F|\n|poke|p2|Maushold-Four, L50|\n|poke|p2|Ting-Lu, L50|\n|poke|p2|Flutter Mane, L50|\n|poke|p2|Chien-Pao, L50|\n|poke|p2|Dragonite, L50, M|\n|teampreview|4\n|inactive|Battle timer is ON: inactive players will automatically lose when time's up. (requested by ButzMcAnuz)\n|\n|t:|1682491265\n|start\n|switch|p1a: Volcarona|Volcarona, L50, F|100\/100\n|switch|p1b: Baxcalibur|Baxcalibur, L50, F|100\/100\n|switch|p2a: Flutter Mane|Flutter Mane, L50|100\/100\n|switch|p2b: Dragonite|Dragonite, L50, M|100\/100\n|turn|1\n|inactive|ButzMcAnuz has 30 seconds left.\n|inactive|blackdoom1 has 30 seconds left.\n|inactive|ButzMcAnuz has 20 seconds left.\n|\n|t:|1682491301\n|move|p1b: Baxcalibur|Protect|p1b: Baxcalibur\n|-singleturn|p1b: Baxcalibur|Protect\n|move|p2a: Flutter Mane|Shadow Ball|p1a: Volcarona\n|-damage|p1a: Volcarona|47\/100\n|move|p1a: Volcarona|Quiver Dance|p1a: Volcarona\n|-boost|p1a: Volcarona|spa|1\n|-boost|p1a: Volcarona|spd|1\n|-boost|p1a: Volcarona|spe|1\n|move|p2b: Dragonite|Low Kick|p1b: Baxcalibur\n|-activate|p1b: Baxcalibur|move: Protect\n|\n|upkeep\n|turn|2\n|inactive|ButzMcAnuz has 30 seconds left.\n|inactive|blackdoom1 has 30 seconds left.\n|inactive|ButzMcAnuz has 20 seconds left.\n|inactive|ButzMcAnuz has 15 seconds left.\n|\n|t:|1682491345\n|move|p1a: Volcarona|Fiery Dance|p2a: Flutter Mane\n|-damage|p2a: Flutter Mane|34\/100\n|-boost|p1a: Volcarona|spa|1\n|move|p2a: Flutter Mane|Shadow Ball|p1a: Volcarona\n|-damage|p1a: Volcarona|11\/100\n|-enditem|p1a: Volcarona|Aguav Berry|[eat]\n|-heal|p1a: Volcarona|44\/100|[from] item: Aguav Berry\n|move|p1b: Baxcalibur|Icicle Spear|p2b: Dragonite\n|-supereffective|p2b: Dragonite\n|-damage|p2b: Dragonite|67\/100\n|-supereffective|p2b: Dragonite\n|-damage|p2b: Dragonite|2\/100\n|-supereffective|p2b: Dragonite\n|-damage|p2b: Dragonite|0 fnt\n|faint|p2b: Dragonite\n|-hitcount|p2: Dragonite|3\n|\n|upkeep\n|inactive|blackdoom1 has 30 seconds left.\n|\n|t:|1682491372\n|switch|p2b: Annihilape|Annihilape, L50, F|100\/100\n|turn|3\n|\n|t:|1682491395\n|switch|p1b: Flutter Mane|Flutter Mane, L50, shiny|100\/100\n|move|p2b: Annihilape|Protect|p2b: Annihilape\n|-singleturn|p2b: Annihilape|Protect\n|move|p1a: Volcarona|Fiery Dance|p2a: Flutter Mane\n|-damage|p2a: Flutter Mane|0 fnt\n|faint|p2a: Flutter Mane\n|-end|p2a: Flutter Mane|Protosynthesis|[silent]\n|\n|upkeep\n|\n|t:|1682491406\n|switch|p2a: Maushold|Maushold-Four, L50|100\/100\n|turn|4\n|inactive|ButzMcAnuz has 30 seconds left.\n|inactive|blackdoom1 has 30 seconds left.\n|\n|t:|1682491431\n|-terastallize|p1b: Flutter Mane|Fairy\n|-terastallize|p2b: Annihilape|Water\n|move|p1a: Volcarona|Fiery Dance|p2b: Annihilape\n|-resisted|p2b: Annihilape\n|-damage|p2b: Annihilape|79\/100\n|move|p1b: Flutter Mane|Dazzling Gleam|p2a: Maushold|[spread] p2a,p2b\n|-damage|p2a: Maushold|28\/100\n|-damage|p2b: Annihilape|44\/100\n|move|p2a: Maushold|Beat Up|p2b: Annihilape\n|-damage|p2b: Annihilape|42\/100\n|-damage|p2b: Annihilape|41\/100\n|-hitcount|p2b: Annihilape|2\n|move|p2b: Annihilape|Bulk Up|p2b: Annihilape\n|-boost|p2b: Annihilape|atk|1\n|-boost|p2b: Annihilape|def|1\n|\n|-heal|p2b: Annihilape|47\/100|[from] item: Leftovers\n|upkeep\n|turn|5\n|inactive|blackdoom1 has 30 seconds left.\n|inactive|blackdoom1 has 20 seconds left.\n|\n|t:|1682491471\n|move|p2a: Maushold|Protect|p2a: Maushold\n|-singleturn|p2a: Maushold|Protect\n|move|p1a: Volcarona|Bug Buzz|p2b: Annihilape\n|-damage|p2b: Annihilape|0 fnt\n|faint|p2b: Annihilape\n|move|p1b: Flutter Mane|Dazzling Gleam|p2a: Maushold\n|-activate|p2a: Maushold|move: Protect\n|\n|upkeep\n|turn|6\n|l|\u2606blackdoom1\n|inactive|blackdoom1 disconnected and has a minute to reconnect!\n|player|p2|\n|inactive|blackdoom1 has 30 seconds left.\n|inactive|blackdoom1 has 20 seconds left.\n|inactive|blackdoom1 has 15 seconds left.\n|inactive|blackdoom1 has 10 seconds left.\n|inactive|blackdoom1 has 5 seconds left.\n|-message|blackdoom1 lost due to inactivity.\n|\n|win|ButzMcAnuz\n|raw|ButzMcAnuz's rating: 1000 → 1046<\/strong> (+46 for winning)\n|raw|blackdoom1's rating: 1050 → 1030<\/strong> (-20 for losing)\n","uploadtime":1682491531,"views":15,"p1id":"butzmcanuz","p2id":"blackdoom1","formatid":"gen9vgc2023regulationc","rating":1030,"private":0,"password":""}