{"id":"gen9vgc2023regulationc-1857659147","p1":"z0mog","p2":"MichaelderBeste2","format":"[Gen 9] VGC 2023 Regulation C","log":"|j|\u2606z0mog\n|j|\u2606MichaelderBeste2\n|t:|1683219137\n|gametype|doubles\n|player|p1|z0mog|#splxiiibigs|\n|player|p2|MichaelderBeste2|#uuplxiidols|\n|teamsize|p1|6\n|teamsize|p2|6\n|gen|9\n|tier|[Gen 9] VGC 2023 Regulation C\n|rule|Species Clause: Limit one of each Pok\u00e9mon\n|rule|Item Clause: Limit one of each item\n|clearpoke\n|poke|p1|Arcanine, L50, F|\n|poke|p1|Amoonguss, L50, M|\n|poke|p1|Garganacl, L50, M|\n|poke|p1|Palafin, L50, F|\n|poke|p1|Flutter Mane, L50|\n|poke|p1|Ting-Lu, L50|\n|poke|p2|Garchomp, L50, F|\n|poke|p2|Flutter Mane, L50|\n|poke|p2|Iron Bundle, L50|\n|poke|p2|Tyranitar, L50, M|\n|poke|p2|Talonflame, L50, M|\n|poke|p2|Chien-Pao, L50|\n|teampreview|4\n|c|\u2606MichaelderBeste2|g3\n|j| Pansear's Kitchen\n|j| MyDressUpDeerling\n|j| Borghi\nMichaelderBeste2 has agreed to open team sheets.\n|j| abhayfive\n|c|\u2606MichaelderBeste2|hf\nz0mog has agreed to open team sheets.\n|c|\u2606z0mog|U2\n|inactive|Battle timer is ON: inactive players will automatically lose when time's up. (requested by MichaelderBeste2)\n|inactive|MichaelderBeste2 has 60 seconds left.\n|j| kunal2\n|j| surfbord\n|j| Finabas\n|j| Matteopez\n|\n|t:|1683219873\n|start\n|switch|p1a: Flutter Mane|Flutter Mane, L50|100\/100\n|switch|p1b: Ting-Lu|Ting-Lu, L50|100\/100\n|switch|p2a: Chien-Pao|Chien-Pao, L50|100\/100\n|switch|p2b: Garchomp|Garchomp, L50, F|100\/100\n|-ability|p2a: Chien-Pao|Sword of Ruin\n|-ability|p1b: Ting-Lu|Vessel of Ruin\n|turn|1\n|j| pwny person\n|j| ILuvUBB\n|inactive|z0mog has 30 seconds left.\n|\n|t:|1683219899\n|-terastallize|p2b: Garchomp|Steel\n|move|p2a: Chien-Pao|Protect|p2a: Chien-Pao\n|-singleturn|p2a: Chien-Pao|Protect\n|move|p1a: Flutter Mane|Dazzling Gleam|p2a: Chien-Pao|[spread] p2b\n|-activate|p2a: Chien-Pao|move: Protect\n|-resisted|p2b: Garchomp\n|-damage|p2b: Garchomp|83\/100\n|move|p2b: Garchomp|Earthquake|p1a: Flutter Mane|[spread] p1a,p1b\n|-activate|p2a: Chien-Pao|move: Protect\n|-damage|p1a: Flutter Mane|9\/100\n|-damage|p1b: Ting-Lu|69\/100\n|move|p1b: Ting-Lu|Stomping Tantrum|p2b: Garchomp\n|-supereffective|p2b: Garchomp\n|-damage|p2b: Garchomp|0 fnt\n|-damage|p1b: Ting-Lu|57\/100|[from] ability: Rough Skin|[of] p2b: Garchomp\n|faint|p2b: Garchomp\n|\n|upkeep\n|j| ck49\n|\n|t:|1683219922\n|switch|p2b: Iron Bundle|Iron Bundle, L50|100\/100\n|-enditem|p2b: Iron Bundle|Booster Energy\n|-activate|p2b: Iron Bundle|ability: Quark Drive|[fromitem]\n|-start|p2b: Iron Bundle|quarkdrivespe\n|turn|2\n|inactive|z0mog has 30 seconds left.\n|inactive|z0mog has 20 seconds left.\n|\n|t:|1683219959\n|-terastallize|p1b: Ting-Lu|Poison\n|move|p2b: Iron Bundle|Freeze-Dry|p1a: Flutter Mane\n|-damage|p1a: Flutter Mane|0 fnt\n|faint|p1a: Flutter Mane\n|-end|p1a: Flutter Mane|Protosynthesis|[silent]\n|move|p2a: Chien-Pao|Ice Spinner|p1b: Ting-Lu\n|-damage|p1b: Ting-Lu|23\/100\n|move|p1b: Ting-Lu|Heavy Slam|p2a: Chien-Pao\n|-supereffective|p2a: Chien-Pao\n|-damage|p2a: Chien-Pao|20\/100\n|\n|upkeep\n|j| fabulous dondozo\n|l| kunal2\n|inactive|z0mog has 30 seconds left.\n|inactive|z0mog has 20 seconds left.\n|\n|t:|1683219996\n|switch|p1a: Amoonguss|Amoonguss, L50, M|100\/100\n|turn|3\n|inactive|z0mog has 30 seconds left.\n|inactive|z0mog has 20 seconds left.\n|inactive|z0mog has 15 seconds left.\n|\n|t:|1683220038\n|move|p2b: Iron Bundle|Protect|p2b: Iron Bundle\n|-singleturn|p2b: Iron Bundle|Protect\n|move|p2a: Chien-Pao|Protect|p2a: Chien-Pao\n|-singleturn|p2a: Chien-Pao|Protect\n|move|p1b: Ting-Lu|Heavy Slam|p2a: Chien-Pao\n|-activate|p2a: Chien-Pao|move: Protect\n|move|p1a: Amoonguss|Spore|p2b: Iron Bundle\n|-activate|p2b: Iron Bundle|move: Protect\n|\n|upkeep\n|turn|4\n|inactive|MichaelderBeste2 has 30 seconds left.\n|inactive|MichaelderBeste2 has 20 seconds left.\n|\n|t:|1683220076\n|move|p2b: Iron Bundle|Freeze-Dry|p1a: Amoonguss\n|-supereffective|p1a: Amoonguss\n|-damage|p1a: Amoonguss|58\/100\n|-status|p1a: Amoonguss|frz\n|move|p2a: Chien-Pao|Ice Spinner|p1a: Amoonguss\n|-supereffective|p1a: Amoonguss\n|-damage|p1a: Amoonguss|0 fnt\n|faint|p1a: Amoonguss\n|move|p1b: Ting-Lu|Heavy Slam|p2a: Chien-Pao\n|-supereffective|p2a: Chien-Pao\n|-damage|p2a: Chien-Pao|0 fnt\n|faint|p2a: Chien-Pao\n|\n|upkeep\n|\n|t:|1683220084\n|switch|p2a: Flutter Mane|Flutter Mane, L50|100\/100\n|switch|p1a: Garganacl|Garganacl, L50, M|100\/100\n|turn|5\n|l| Matteopez\n|inactive|z0mog has 30 seconds left.\n|inactive|MichaelderBeste2 has 30 seconds left.\n|inactive|z0mog has 20 seconds left.\n|inactive|MichaelderBeste2 has 20 seconds left.\n|\n|t:|1683220122\n|move|p2b: Iron Bundle|Protect|p2b: Iron Bundle\n|-singleturn|p2b: Iron Bundle|Protect\n|move|p2a: Flutter Mane|Shadow Ball|p1b: Ting-Lu\n|-damage|p1b: Ting-Lu|0 fnt\n|faint|p1b: Ting-Lu\n|move|p1a: Garganacl|Salt Cure|p2b: Iron Bundle\n|-activate|p2b: Iron Bundle|move: Protect\n|\n|upkeep\n|turn|6\n|\n|t:|1683220144\n|move|p2b: Iron Bundle|Hydro Pump|p1a: Garganacl\n|-supereffective|p1a: Garganacl\n|-damage|p1a: Garganacl|25\/100\n|move|p2a: Flutter Mane|Shadow Ball|p1a: Garganacl\n|-damage|p1a: Garganacl|1\/100\n|move|p1a: Garganacl|Salt Cure|p2b: Iron Bundle\n|-supereffective|p2b: Iron Bundle\n|-damage|p2b: Iron Bundle|65\/100\n|-start|p2b: Iron Bundle|Salt Cure\n|\n|-heal|p1a: Garganacl|7\/100|[from] item: Leftovers\n|-damage|p2b: Iron Bundle|40\/100|[from] Salt Cure\n|upkeep\n|turn|7\n|\n|t:|1683220152\n|move|p1a: Garganacl|Protect|p1a: Garganacl\n|-singleturn|p1a: Garganacl|Protect\n|move|p2b: Iron Bundle|Freeze-Dry|p1a: Garganacl\n|-activate|p1a: Garganacl|move: Protect\n|move|p2a: Flutter Mane|Shadow Ball|p1a: Garganacl\n|-activate|p1a: Garganacl|move: Protect\n|\n|-heal|p1a: Garganacl|13\/100|[from] item: Leftovers\n|-damage|p2b: Iron Bundle|15\/100|[from] Salt Cure\n|upkeep\n|turn|8\n|\n|t:|1683220156\n|move|p1a: Garganacl|Protect||[still]\n|-fail|p1a: Garganacl\n|move|p2b: Iron Bundle|Freeze-Dry|p1a: Garganacl\n|-damage|p1a: Garganacl|0 fnt\n|faint|p1a: Garganacl\n|\n|win|MichaelderBeste2\n|c|\u2606MichaelderBeste2|ggs\n|c|\u2606z0mog|Gg\n|l| abhayfive\n|l| ILuvUBB\n|l| fabulous dondozo\n|l| Finabas\n|l| MyDressUpDeerling\n|l| Borghi\n|l| Pansear's Kitchen\n","uploadtime":1683220194,"views":62,"p1id":"z0mog","p2id":"michaelderbeste2","formatid":"gen9vgc2023regulationc","rating":0,"private":0,"password":""}