{"id":"gen9vgc2023regulationc-1846025121","p1":"fo50","p2":"negative_00","format":"[Gen 9] VGC 2023 Regulation C","log":"|j|\u2606fo50\n|j|\u2606negative_00\n|t:|1681793364\n|gametype|doubles\n|player|p1|fo50|2|1167\n|player|p2|negative_00|170|1128\n|teamsize|p1|6\n|teamsize|p2|6\n|gen|9\n|tier|[Gen 9] VGC 2023 Regulation C\n|rated|\n|rule|Species Clause: Limit one of each Pok\u00e9mon\n|rule|Item Clause: Limit one of each item\n|clearpoke\n|poke|p1|Scovillain, L50, F|\n|poke|p1|Dragonite, L50, M|\n|poke|p1|Tinkaton, L50, F|\n|poke|p1|Garchomp, L50, F|\n|poke|p1|Torkoal, L50, M|\n|poke|p1|Scizor, L50, F|\n|poke|p2|Meowscarada, L50, M|\n|poke|p2|Iron Bundle, L50|\n|poke|p2|Iron Moth, L50|\n|poke|p2|Garganacl, L50, M|\n|poke|p2|Maushold-Four, L50|\n|poke|p2|Sylveon, L50, F|\n|teampreview|4\n|inactive|Battle timer is ON: inactive players will automatically lose when time's up. (requested by fo50)\n|\n|t:|1681793408\n|start\n|switch|p1a: Scizor|Scizor, L50, F|100\/100\n|switch|p1b: Garchomp|Garchomp, L50, F|100\/100\n|switch|p2a: Iron Bundle|Iron Bundle, L50|100\/100\n|switch|p2b: Iron Moth|Iron Moth, L50|100\/100\n|-enditem|p2b: Iron Moth|Booster Energy\n|-activate|p2b: Iron Moth|ability: Quark Drive|[fromitem]\n|-start|p2b: Iron Moth|quarkdrivespa\n|turn|1\n|\n|t:|1681793432\n|-terastallize|p1a: Scizor|Flying\n|move|p2b: Iron Moth|Protect|p2b: Iron Moth\n|-singleturn|p2b: Iron Moth|Protect\n|move|p1a: Scizor|Bullet Punch|p2a: Iron Bundle\n|-damage|p2a: Iron Bundle|67\/100\n|move|p2a: Iron Bundle|Freeze-Dry|p1b: Garchomp\n|-supereffective|p1b: Garchomp\n|-damage|p1b: Garchomp|0 fnt\n|faint|p1b: Garchomp\n|\n|upkeep\n|\n|t:|1681793451\n|switch|p1b: Dragonite|Dragonite, L50, M|100\/100\n|turn|2\n|\n|t:|1681793464\n|move|p1a: Scizor|Bullet Punch|p2a: Iron Bundle\n|-damage|p2a: Iron Bundle|30\/100\n|move|p2a: Iron Bundle|Freeze-Dry|p1b: Dragonite\n|-supereffective|p1b: Dragonite\n|-damage|p1b: Dragonite|38\/100\n|-enditem|p1b: Dragonite|Weakness Policy\n|-boost|p1b: Dragonite|atk|2|[from] item: Weakness Policy\n|-boost|p1b: Dragonite|spa|2|[from] item: Weakness Policy\n|move|p2b: Iron Moth|Fiery Dance|p1a: Scizor\n|-damage|p1a: Scizor|14\/100\n|-boost|p2b: Iron Moth|spa|1\n|-enditem|p1a: Scizor|Sitrus Berry|[eat]\n|-heal|p1a: Scizor|38\/100|[from] item: Sitrus Berry\n|move|p1b: Dragonite|Earthquake|p2a: Iron Bundle|[spread] p2a,p2b\n|-immune|p1a: Scizor\n|-crit|p2a: Iron Bundle\n|-supereffective|p2b: Iron Moth\n|-damage|p2a: Iron Bundle|0 fnt\n|-damage|p2b: Iron Moth|0 fnt\n|faint|p2a: Iron Bundle\n|-end|p2a: Iron Bundle|Quark Drive|[silent]\n|faint|p2b: Iron Moth\n|-end|p2b: Iron Moth|Quark Drive|[silent]\n|\n|upkeep\n|\n|t:|1681793483\n|switch|p2a: Garganacl|Garganacl, L50, M|100\/100\n|switch|p2b: Maushold|Maushold-Four, L50|100\/100\n|turn|3\n|\n|t:|1681793506\n|-terastallize|p2a: Garganacl|Fighting\n|move|p2b: Maushold|Protect|p2b: Maushold\n|-singleturn|p2b: Maushold|Protect\n|move|p1b: Dragonite|Extreme Speed|p2b: Maushold\n|-activate|p2b: Maushold|move: Protect\n|move|p1a: Scizor|Bullet Punch|p2a: Garganacl\n|-damage|p2a: Garganacl|86\/100\n|move|p2a: Garganacl|Iron Defense|p2a: Garganacl\n|-boost|p2a: Garganacl|def|2\n|\n|-heal|p2a: Garganacl|92\/100|[from] item: Leftovers\n|upkeep\n|turn|4\n|\n|t:|1681793528\n|move|p1b: Dragonite|Extreme Speed|p2b: Maushold\n|-damage|p2b: Maushold|18\/100\n|move|p2b: Maushold|Thunder Wave|p1b: Dragonite\n|-status|p1b: Dragonite|par\n|move|p1a: Scizor|Acrobatics|p2a: Garganacl\n|-supereffective|p2a: Garganacl\n|-damage|p2a: Garganacl|69\/100\n|move|p2a: Garganacl|Iron Defense|p2a: Garganacl\n|-boost|p2a: Garganacl|def|2\n|\n|-heal|p2a: Garganacl|74\/100|[from] item: Leftovers\n|upkeep\n|turn|5\n|inactive|negative_00 has 30 seconds left.\n|\n|t:|1681793553\n|move|p2b: Maushold|Protect|p2b: Maushold\n|-singleturn|p2b: Maushold|Protect\n|move|p1b: Dragonite|Extreme Speed|p2b: Maushold\n|-activate|p2b: Maushold|move: Protect\n|move|p1a: Scizor|Acrobatics|p2a: Garganacl\n|-supereffective|p2a: Garganacl\n|-damage|p2a: Garganacl|58\/100\n|move|p2a: Garganacl|Iron Defense|p2a: Garganacl\n|-boost|p2a: Garganacl|def|2\n|\n|-heal|p2a: Garganacl|64\/100|[from] item: Leftovers\n|upkeep\n|turn|6\n|\n|t:|1681793574\n|move|p2b: Maushold|Protect||[still]\n|-fail|p2b: Maushold\n|move|p1b: Dragonite|Extreme Speed|p2b: Maushold\n|-damage|p2b: Maushold|0 fnt\n|faint|p2b: Maushold\n|move|p1a: Scizor|Acrobatics|p2a: Garganacl\n|-supereffective|p2a: Garganacl\n|-damage|p2a: Garganacl|44\/100\n|move|p2a: Garganacl|Salt Cure|p1b: Dragonite\n|-supereffective|p1b: Dragonite\n|-damage|p1b: Dragonite|8\/100 par\n|-start|p1b: Dragonite|Salt Cure\n|\n|-heal|p2a: Garganacl|50\/100|[from] item: Leftovers\n|-damage|p1b: Dragonite|0 fnt|[from] Salt Cure\n|faint|p1b: Dragonite\n|upkeep\n|\n|t:|1681793591\n|switch|p1b: Tinkaton|Tinkaton, L50, F|100\/100\n|turn|7\n|\n|t:|1681793598\n|move|p1b: Tinkaton|Fake Out|p2a: Garganacl\n|-crit|p2a: Garganacl\n|-damage|p2a: Garganacl|43\/100\n|move|p1a: Scizor|Swords Dance|p1a: Scizor\n|-boost|p1a: Scizor|atk|2\n|cant|p2a: Garganacl|flinch\n|\n|-heal|p2a: Garganacl|49\/100|[from] item: Leftovers\n|upkeep\n|turn|8\n|\n|t:|1681793614\n|move|p1b: Tinkaton|Knock Off|p2a: Garganacl\n|-resisted|p2a: Garganacl\n|-damage|p2a: Garganacl|48\/100\n|-enditem|p2a: Garganacl|Leftovers|[from] move: Knock Off|[of] p1b: Tinkaton\n|move|p1a: Scizor|Acrobatics|p2a: Garganacl\n|-supereffective|p2a: Garganacl\n|-damage|p2a: Garganacl|13\/100\n|move|p2a: Garganacl|Recover|p2a: Garganacl\n|-heal|p2a: Garganacl|63\/100\n|\n|upkeep\n|turn|9\n|\n|t:|1681793637\n|move|p1b: Tinkaton|Gigaton Hammer|p2a: Garganacl\n|-crit|p2a: Garganacl\n|-damage|p2a: Garganacl|31\/100\n|move|p1a: Scizor|Acrobatics|p2a: Garganacl\n|-supereffective|p2a: Garganacl\n|-damage|p2a: Garganacl|0 fnt\n|faint|p2a: Garganacl\n|\n|win|fo50\n|raw|fo50's rating: 1167 → 1189<\/strong> (+22 for winning)\n|raw|negative_00's rating: 1128 → 1106<\/strong> (-22 for losing)\n|l|\u2606negative_00\n|c|\u2606fo50|Ggs\n","uploadtime":1681793656,"views":9,"p1id":"fo50","p2id":"negative00","formatid":"gen9vgc2023regulationc","rating":1106,"private":0,"password":""}