{"id":"gen9vgc2023regulationc-1863027880","p1":"catsue","p2":"RNG can't stop me","format":"[Gen 9] VGC 2023 Regulation C","log":"|j|\u2606catsue\n|j|\u2606RNG can't stop me\n|t:|1683954934\n|gametype|doubles\n|player|p1|catsue|dahlia|1225\n|player|p2|RNG can't stop me|n|1177\n|teamsize|p1|6\n|teamsize|p2|6\n|gen|9\n|tier|[Gen 9] VGC 2023 Regulation C\n|rated|\n|rule|Species Clause: Limit one of each Pok\u00e9mon\n|rule|Item Clause: Limit one of each item\n|clearpoke\n|poke|p1|Grimmsnarl, L50, M|\n|poke|p1|Clawitzer, L50, M|\n|poke|p1|Wo-Chien, L50|\n|poke|p1|Arcanine, L50, M|\n|poke|p1|Corviknight, L50, M|\n|poke|p1|Garganacl, L50, F|\n|poke|p2|Ting-Lu, L50|\n|poke|p2|Chien-Pao, L50|\n|poke|p2|Palafin, L50, F|\n|poke|p2|Amoonguss, L50, F|\n|poke|p2|Arcanine, L50, M|\n|poke|p2|Dragapult, L50, M|\n|teampreview|4\nRNG can't stop me has agreed to open team sheets.\n|c|\u2606RNG can't stop me|gl hf\n|\n|t:|1683954984\n|start\n|switch|p1a: Grimmsnarl|Grimmsnarl, L50, M|100\/100\n|switch|p1b: Arcanine|Arcanine, L50, M|100\/100\n|switch|p2a: Tatsugeki|Palafin, L50, F, shiny|100\/100\n|switch|p2b: Rarw:3|Chien-Pao, L50|100\/100\n|-ability|p2b: Rarw:3|Sword of Ruin\n|-ability|p1b: Arcanine|Intimidate|boost\n|-unboost|p2a: Tatsugeki|atk|1\n|-unboost|p2b: Rarw:3|atk|1\n|turn|1\n|inactive|Battle timer is ON: inactive players will automatically lose when time's up. (requested by RNG can't stop me)\n|\n|t:|1683955000\n|detailschange|p2a: Tatsugeki|Palafin-Hero, L50, F, shiny\n|switch|p2a: R K 9|Arcanine, L50, M, shiny|100\/100\n|-ability|p2a: R K 9|Intimidate|boost\n|-unboost|p1a: Grimmsnarl|atk|1\n|-unboost|p1b: Arcanine|atk|1\n|-enditem|p1b: Arcanine|Eject Pack\n|\n|t:|1683955004\n|switch|p1b: Wo-Chien|Wo-Chien, L50|100\/100\n|-ability|p1b: Wo-Chien|Tablets of Ruin\n|move|p2b: Rarw:3|Protect|p2b: Rarw:3\n|-singleturn|p2b: Rarw:3|Protect\n|move|p1a: Grimmsnarl|Fake Out|p2a: R K 9\n|-damage|p2a: R K 9|91\/100\n|\n|upkeep\n|turn|2\n|\n|t:|1683955017\n|-terastallize|p1b: Wo-Chien|Poison\n|move|p2b: Rarw:3|Ice Spinner|p1b: Wo-Chien\n|-damage|p1b: Wo-Chien|82\/100\n|move|p2a: R K 9|Flare Blitz|p1b: Wo-Chien\n|-damage|p1b: Wo-Chien|41\/100\n|-damage|p2a: R K 9|76\/100|[from] Recoil\n|move|p1b: Wo-Chien|Leech Seed|p2a: R K 9\n|-start|p2a: R K 9|move: Leech Seed\n|move|p1a: Grimmsnarl|Spirit Break|p2b: Rarw:3\n|-supereffective|p2b: Rarw:3\n|-damage|p2b: Rarw:3|58\/100\n|-unboost|p2b: Rarw:3|spa|1\n|\n|-heal|p1b: Wo-Chien|47\/100|[from] item: Leftovers\n|-damage|p2a: R K 9|64\/100|[from] Leech Seed|[of] p1b: Wo-Chien\n|-heal|p1b: Wo-Chien|58\/100|[silent]\n|upkeep\n|turn|3\n|inactive|RNG can't stop me has 30 seconds left.\n|inactive|RNG can't stop me has 20 seconds left.\n|inactive|RNG can't stop me has 15 seconds left.\n|inactive|RNG can't stop me has 10 seconds left.\n|\n|t:|1683955063\n|switch|p2a: Tatsugeki|Palafin-Hero, L50, F, shiny|100\/100\n|-activate|p2a: Tatsugeki|ability: Zero to Hero\n|move|p2b: Rarw:3|Protect|p2b: Rarw:3\n|-singleturn|p2b: Rarw:3|Protect\n|move|p1b: Wo-Chien|Protect|p1b: Wo-Chien\n|-singleturn|p1b: Wo-Chien|Protect\n|move|p1a: Grimmsnarl|Spirit Break|p2b: Rarw:3\n|-activate|p2b: Rarw:3|move: Protect\n|\n|-heal|p1b: Wo-Chien|64\/100|[from] item: Leftovers\n|upkeep\n|turn|4\n|inactive|catsue has 30 seconds left.\n|inactive|catsue has 20 seconds left.\n|inactive|catsue has 15 seconds left.\n|\n|t:|1683955103\n|switch|p2b: nayeli|Amoonguss, L50, F|100\/100\n|-terastallize|p2a: Tatsugeki|Water\n|move|p1a: Grimmsnarl|Parting Shot|p2a: Tatsugeki\n|-unboost|p2a: Tatsugeki|atk|1\n|-unboost|p2a: Tatsugeki|spa|1\n|\n|t:|1683955121\n|switch|p1a: Arcanine|Arcanine, L50, M|100\/100|[from] Parting Shot\n|-ability|p1a: Arcanine|Intimidate|boost\n|-unboost|p2a: Tatsugeki|atk|1\n|-unboost|p2b: nayeli|atk|1\n|move|p2a: Tatsugeki|Wave Crash|p1b: Wo-Chien\n|-damage|p1b: Wo-Chien|29\/100\n|-damage|p2a: Tatsugeki|89\/100|[from] Recoil\n|move|p1b: Wo-Chien|Leech Seed|p2b: nayeli\n|-immune|p2b: nayeli\n|\n|-heal|p1b: Wo-Chien|35\/100|[from] item: Leftovers\n|upkeep\n|turn|5\n|\n|t:|1683955143\n|move|p2a: Tatsugeki|Haze|p2a: Tatsugeki\n|-clearallboost\n|move|p1a: Arcanine|Will-O-Wisp|p2a: Tatsugeki\n|-status|p2a: Tatsugeki|brn\n|move|p1b: Wo-Chien|Leech Seed|p2a: Tatsugeki\n|-start|p2a: Tatsugeki|move: Leech Seed\n|move|p2b: nayeli|Spore|p1b: Wo-Chien\n|-status|p1b: Wo-Chien|slp|[from] move: Spore\n|\n|-heal|p1b: Wo-Chien|41\/100 slp|[from] item: Leftovers\n|-damage|p2a: Tatsugeki|77\/100 brn|[from] Leech Seed|[of] p1b: Wo-Chien\n|-heal|p1b: Wo-Chien|54\/100 slp|[silent]\n|-damage|p2a: Tatsugeki|71\/100 brn|[from] brn\n|upkeep\n|turn|6\n|inactive|catsue has 30 seconds left.\n|\n|t:|1683955174\n|cant|p1b: Wo-Chien|slp\n|move|p2a: Tatsugeki|Wave Crash|p1a: Arcanine\n|-supereffective|p1a: Arcanine\n|-damage|p1a: Arcanine|0 fnt\n|faint|p1a: Arcanine\n|-damage|p2a: Tatsugeki|38\/100 brn|[from] Recoil\n|move|p2b: nayeli|Pollen Puff|p2a: Tatsugeki\n|-heal|p2a: Tatsugeki|88\/100 brn\n|\n|-heal|p1b: Wo-Chien|60\/100 slp|[from] item: Leftovers\n|-damage|p2a: Tatsugeki|76\/100 brn|[from] Leech Seed|[of] p1b: Wo-Chien\n|-heal|p1b: Wo-Chien|73\/100 slp|[silent]\n|-damage|p2a: Tatsugeki|70\/100 brn|[from] brn\n|upkeep\n|\n|t:|1683955182\n|switch|p1a: Corviknight|Corviknight, L50, M|100\/100\n|turn|7\n|inactive|catsue has 30 seconds left.\n|\n|t:|1683955208\n|switch|p2a: R K 9|Arcanine, L50, M, shiny|64\/100\n|-ability|p2a: R K 9|Intimidate|boost\n|-ability|p1a: Corviknight|Mirror Armor\n|-unboost|p2a: R K 9|atk|1\n|-unboost|p1b: Wo-Chien|atk|1\n|cant|p1b: Wo-Chien|slp\n|move|p1a: Corviknight|Iron Defense|p1a: Corviknight\n|-boost|p1a: Corviknight|def|2\n|move|p2b: nayeli|Pollen Puff|p2a: R K 9\n|-heal|p2a: R K 9|100\/100\n|\n|-heal|p1b: Wo-Chien|80\/100 slp|[from] item: Leftovers\n|upkeep\n|turn|8\n|\n|t:|1683955219\n|switch|p2b: Tatsugeki|Palafin-Hero, L50, F, shiny, tera:Water|70\/100 brn\n|move|p2a: R K 9|Will-O-Wisp|p1a: Corviknight\n|-status|p1a: Corviknight|brn\n|-curestatus|p1b: Wo-Chien|slp|[msg]\n|move|p1b: Wo-Chien|Leech Seed|p2a: R K 9\n|-start|p2a: R K 9|move: Leech Seed\n|move|p1a: Corviknight|Iron Defense|p1a: Corviknight\n|-boost|p1a: Corviknight|def|2\n|\n|-heal|p1b: Wo-Chien|86\/100|[from] item: Leftovers\n|-damage|p2a: R K 9|88\/100|[from] Leech Seed|[of] p1b: Wo-Chien\n|-heal|p1b: Wo-Chien|97\/100|[silent]\n|-damage|p2b: Tatsugeki|64\/100 brn|[from] brn\n|-damage|p1a: Corviknight|95\/100 brn|[from] brn\n|upkeep\n|turn|9\n|\n|t:|1683955239\n|move|p2a: R K 9|Flare Blitz|p1a: Corviknight\n|-supereffective|p1a: Corviknight\n|-damage|p1a: Corviknight|82\/100 brn\n|-damage|p2a: R K 9|83\/100|[from] Recoil\n|move|p2b: Tatsugeki|Haze|p2b: Tatsugeki\n|-clearallboost\n|move|p1b: Wo-Chien|Ruination|p2a: R K 9\n|-damage|p2a: R K 9|42\/100\n|move|p1a: Corviknight|Body Press|p2a: R K 9\n|-damage|p2a: R K 9|30\/100\n|\n|-heal|p1b: Wo-Chien|100\/100|[from] item: Leftovers\n|-damage|p2a: R K 9|18\/100|[from] Leech Seed|[of] p1b: Wo-Chien\n|-damage|p2b: Tatsugeki|58\/100 brn|[from] brn\n|-damage|p1a: Corviknight|76\/100 brn|[from] brn\n|upkeep\n|turn|10\n|\n|t:|1683955251\n|switch|p2b: Rarw:3|Chien-Pao, L50|58\/100\n|-ability|p2b: Rarw:3|Sword of Ruin\n|move|p2a: R K 9|Flare Blitz|p1a: Corviknight\n|-supereffective|p1a: Corviknight\n|-damage|p1a: Corviknight|9\/100 brn\n|-damage|p2a: R K 9|0 fnt|[from] Recoil\n|faint|p2a: R K 9\n|move|p1b: Wo-Chien|Foul Play|p2b: Rarw:3\n|-resisted|p2b: Rarw:3\n|-damage|p2b: Rarw:3|24\/100\n|move|p1a: Corviknight|Body Press|p2b: Rarw:3\n|-supereffective|p2b: Rarw:3\n|-damage|p2b: Rarw:3|0 fnt\n|faint|p2b: Rarw:3\n|\n|-damage|p1a: Corviknight|3\/100 brn|[from] brn\n|upkeep\n|\n|t:|1683955258\n|switch|p2b: nayeli|Amoonguss, L50, F|100\/100\n|switch|p2a: Tatsugeki|Palafin-Hero, L50, F, shiny, tera:Water|58\/100 brn\n|turn|11\n|\n|t:|1683955279\n|move|p2a: Tatsugeki|Protect|p2a: Tatsugeki\n|-singleturn|p2a: Tatsugeki|Protect\n|move|p1b: Wo-Chien|Foul Play|p2a: Tatsugeki\n|-activate|p2a: Tatsugeki|move: Protect\n|move|p1a: Corviknight|Roost|p1a: Corviknight\n|-heal|p1a: Corviknight|53\/100 brn\n|-singleturn|p1a: Corviknight|move: Roost\n|move|p2b: nayeli|Spore|p1b: Wo-Chien\n|-status|p1b: Wo-Chien|slp|[from] move: Spore\n|\n|-damage|p2a: Tatsugeki|52\/100 brn|[from] brn\n|-damage|p1a: Corviknight|47\/100 brn|[from] brn\n|upkeep\n|turn|12\n|\n|t:|1683955292\n|move|p2a: Tatsugeki|Wave Crash|p1a: Corviknight\n|-damage|p1a: Corviknight|19\/100 brn\n|-damage|p2a: Tatsugeki|42\/100 brn|[from] Recoil\n|cant|p1b: Wo-Chien|slp\n|move|p1a: Corviknight|Roost|p1a: Corviknight\n|-heal|p1a: Corviknight|69\/100 brn\n|-singleturn|p1a: Corviknight|move: Roost\n|move|p2b: nayeli|Pollen Puff|p2a: Tatsugeki\n|-heal|p2a: Tatsugeki|92\/100 brn\n|\n|-damage|p2a: Tatsugeki|86\/100 brn|[from] brn\n|-damage|p1a: Corviknight|63\/100 brn|[from] brn\n|upkeep\n|turn|13\n|\n|t:|1683955307\n|move|p2a: Tatsugeki|Wave Crash|p1b: Wo-Chien\n|-crit|p1b: Wo-Chien\n|-damage|p1b: Wo-Chien|46\/100 slp\n|-damage|p2a: Tatsugeki|69\/100 brn|[from] Recoil\n|cant|p1b: Wo-Chien|slp\n|move|p1a: Corviknight|Iron Defense|p1a: Corviknight\n|-boost|p1a: Corviknight|def|2\n|move|p2b: nayeli|Pollen Puff|p1b: Wo-Chien\n|-resisted|p1b: Wo-Chien\n|-damage|p1b: Wo-Chien|40\/100 slp\n|\n|-heal|p1b: Wo-Chien|46\/100 slp|[from] item: Leftovers\n|-damage|p2a: Tatsugeki|63\/100 brn|[from] brn\n|-damage|p1a: Corviknight|57\/100 brn|[from] brn\n|upkeep\n|turn|14\n|\n|t:|1683955325\n|move|p2a: Tatsugeki|Wave Crash|p1b: Wo-Chien\n|-damage|p1b: Wo-Chien|10\/100 slp\n|-damage|p2a: Tatsugeki|52\/100 brn|[from] Recoil\n|-curestatus|p1b: Wo-Chien|slp|[msg]\n|move|p1b: Wo-Chien|Leech Seed|p2a: Tatsugeki\n|-start|p2a: Tatsugeki|move: Leech Seed\n|move|p1a: Corviknight|Body Press|p2a: Tatsugeki\n|-damage|p2a: Tatsugeki|35\/100 brn\n|move|p2b: nayeli|Pollen Puff|p2a: Tatsugeki\n|-heal|p2a: Tatsugeki|85\/100 brn\n|\n|-heal|p1b: Wo-Chien|17\/100|[from] item: Leftovers\n|-damage|p2a: Tatsugeki|73\/100 brn|[from] Leech Seed|[of] p1b: Wo-Chien\n|-heal|p1b: Wo-Chien|30\/100|[silent]\n|-damage|p2a: Tatsugeki|67\/100 brn|[from] brn\n|-damage|p1a: Corviknight|51\/100 brn|[from] brn\n|upkeep\n|turn|15\n|\n|t:|1683955340\n|move|p1b: Wo-Chien|Protect|p1b: Wo-Chien\n|-singleturn|p1b: Wo-Chien|Protect\n|move|p2a: Tatsugeki|Wave Crash|p1b: Wo-Chien\n|-activate|p1b: Wo-Chien|move: Protect\n|move|p1a: Corviknight|Roost|p1a: Corviknight\n|-heal|p1a: Corviknight|100\/100 brn\n|-singleturn|p1a: Corviknight|move: Roost\n|move|p2b: nayeli|Pollen Puff|p2a: Tatsugeki\n|-heal|p2a: Tatsugeki|100\/100 brn\n|\n|-heal|p1b: Wo-Chien|36\/100|[from] item: Leftovers\n|-damage|p2a: Tatsugeki|88\/100 brn|[from] Leech Seed|[of] p1b: Wo-Chien\n|-heal|p1b: Wo-Chien|49\/100|[silent]\n|-damage|p2a: Tatsugeki|82\/100 brn|[from] brn\n|-damage|p1a: Corviknight|95\/100 brn|[from] brn\n|upkeep\n|turn|16\n|inactive|catsue has 30 seconds left.\n|\n|t:|1683955366\n|move|p2a: Tatsugeki|Wave Crash|p1b: Wo-Chien\n|-damage|p1b: Wo-Chien|12\/100\n|-damage|p2a: Tatsugeki|70\/100 brn|[from] Recoil\n|move|p1b: Wo-Chien|Ruination|p2b: nayeli\n|-damage|p2b: nayeli|51\/100\n|move|p1a: Corviknight|Iron Defense|p1a: Corviknight\n|-boost|p1a: Corviknight|def|2\n|move|p2b: nayeli|Spore|p1b: Wo-Chien\n|-status|p1b: Wo-Chien|slp|[from] move: Spore\n|\n|-heal|p1b: Wo-Chien|18\/100 slp|[from] item: Leftovers\n|-heal|p2b: nayeli|57\/100|[from] item: Leftovers\n|-damage|p2a: Tatsugeki|58\/100 brn|[from] Leech Seed|[of] p1b: Wo-Chien\n|-heal|p1b: Wo-Chien|31\/100 slp|[silent]\n|-damage|p2a: Tatsugeki|52\/100 brn|[from] brn\n|-damage|p1a: Corviknight|89\/100 brn|[from] brn\n|upkeep\n|turn|17\n|inactive|catsue has 30 seconds left.\n|\n|t:|1683955396\n|move|p2a: Tatsugeki|Wave Crash|p1b: Wo-Chien\n|-damage|p1b: Wo-Chien|0 fnt\n|faint|p1b: Wo-Chien\n|-damage|p2a: Tatsugeki|42\/100 brn|[from] Recoil\n|move|p1a: Corviknight|Body Press|p2b: nayeli\n|-resisted|p2b: nayeli\n|-damage|p2b: nayeli|40\/100\n|move|p2b: nayeli|Pollen Puff|p2a: Tatsugeki\n|-heal|p2a: Tatsugeki|92\/100 brn\n|\n|-heal|p2b: nayeli|46\/100|[from] item: Leftovers\n|-damage|p2a: Tatsugeki|86\/100 brn|[from] brn\n|-damage|p1a: Corviknight|83\/100 brn|[from] brn\n|upkeep\n|\n|t:|1683955404\n|switch|p1b: Grimmsnarl|Grimmsnarl, L50, M|100\/100\n|turn|18\n|\n|t:|1683955419\n|move|p2b: nayeli|Protect|p2b: nayeli\n|-singleturn|p2b: nayeli|Protect\n|move|p1b: Grimmsnarl|Fake Out|p2a: Tatsugeki\n|-damage|p2a: Tatsugeki|75\/100 brn\n|cant|p2a: Tatsugeki|flinch\n|move|p1a: Corviknight|Body Press|p2b: nayeli\n|-activate|p2b: nayeli|move: Protect\n|\n|-heal|p2b: nayeli|52\/100|[from] item: Leftovers\n|-damage|p2a: Tatsugeki|63\/100 brn|[from] Leech Seed|[of] p1b: Grimmsnarl\n|-damage|p2a: Tatsugeki|57\/100 brn|[from] brn\n|-damage|p1a: Corviknight|77\/100 brn|[from] brn\n|upkeep\n|turn|19\n|\n|t:|1683955436\n|move|p1b: Grimmsnarl|Parting Shot|p2a: Tatsugeki\n|-unboost|p2a: Tatsugeki|atk|1\n|-unboost|p2a: Tatsugeki|spa|1\n|move|p2a: Tatsugeki|Haze|p2a: Tatsugeki\n|-clearallboost\n|move|p1a: Corviknight|Body Press|p2b: nayeli\n|-resisted|p2b: nayeli\n|-damage|p2b: nayeli|47\/100\n|move|p2b: nayeli|Pollen Puff|p2a: Tatsugeki\n|-heal|p2a: Tatsugeki|100\/100 brn\n|\n|-heal|p2b: nayeli|53\/100|[from] item: Leftovers\n|-damage|p2a: Tatsugeki|88\/100 brn|[from] Leech Seed|[of] p1b: Grimmsnarl\n|-damage|p2a: Tatsugeki|82\/100 brn|[from] brn\n|-damage|p1a: Corviknight|71\/100 brn|[from] brn\n|upkeep\n|turn|20\n|\n|t:|1683955449\n|move|p1b: Grimmsnarl|Parting Shot|p2a: Tatsugeki\n|-unboost|p2a: Tatsugeki|atk|1\n|-unboost|p2a: Tatsugeki|spa|1\n|move|p2a: Tatsugeki|Wave Crash|p1b: Grimmsnarl\n|-damage|p1b: Grimmsnarl|56\/100\n|-damage|p2a: Tatsugeki|67\/100 brn|[from] Recoil\n|move|p1a: Corviknight|Body Press|p2b: nayeli\n|-resisted|p2b: nayeli\n|-damage|p2b: nayeli|47\/100\n|move|p2b: nayeli|Spore|p1b: Grimmsnarl\n|-status|p1b: Grimmsnarl|slp|[from] move: Spore\n|\n|-heal|p2b: nayeli|53\/100|[from] item: Leftovers\n|-damage|p2a: Tatsugeki|55\/100 brn|[from] Leech Seed|[of] p1b: Grimmsnarl\n|-heal|p1b: Grimmsnarl|69\/100 slp|[silent]\n|-damage|p2a: Tatsugeki|49\/100 brn|[from] brn\n|-damage|p1a: Corviknight|65\/100 brn|[from] brn\n|upkeep\n|turn|21\n|inactive|catsue has 30 seconds left.\n|\n|t:|1683955482\n|cant|p1b: Grimmsnarl|slp\n|move|p2a: Tatsugeki|Haze|p2a: Tatsugeki\n|-clearallboost\n|move|p1a: Corviknight|Body Press|p2b: nayeli\n|-resisted|p2b: nayeli\n|-damage|p2b: nayeli|47\/100\n|move|p2b: nayeli|Pollen Puff|p2a: Tatsugeki\n|-heal|p2a: Tatsugeki|99\/100 brn\n|\n|-heal|p2b: nayeli|53\/100|[from] item: Leftovers\n|-damage|p2a: Tatsugeki|86\/100 brn|[from] Leech Seed|[of] p1b: Grimmsnarl\n|-heal|p1b: Grimmsnarl|81\/100 slp|[silent]\n|-damage|p2a: Tatsugeki|80\/100 brn|[from] brn\n|-damage|p1a: Corviknight|60\/100 brn|[from] brn\n|upkeep\n|turn|22\n|\n|t:|1683955497\n|cant|p1b: Grimmsnarl|slp\n|move|p2a: Tatsugeki|Wave Crash|p1b: Grimmsnarl\n|-damage|p1b: Grimmsnarl|15\/100 slp\n|-damage|p2a: Tatsugeki|58\/100 brn|[from] Recoil\n|move|p1a: Corviknight|Roost|p1a: Corviknight\n|-heal|p1a: Corviknight|100\/100 brn\n|-singleturn|p1a: Corviknight|move: Roost\n|move|p2b: nayeli|Spore|p1b: Grimmsnarl\n|-fail|p1b: Grimmsnarl|slp\n|\n|-heal|p2b: nayeli|59\/100|[from] item: Leftovers\n|-damage|p2a: Tatsugeki|46\/100 brn|[from] Leech Seed|[of] p1b: Grimmsnarl\n|-heal|p1b: Grimmsnarl|28\/100 slp|[silent]\n|-damage|p2a: Tatsugeki|40\/100 brn|[from] brn\n|-damage|p1a: Corviknight|95\/100 brn|[from] brn\n|upkeep\n|turn|23\n|inactive|catsue has 30 seconds left.\n|inactive|catsue has 20 seconds left.\n|inactive|catsue has 15 seconds left.\n|\n|t:|1683955518\n|move|p2a: Tatsugeki|Jet Punch|p1b: Grimmsnarl\n|-damage|p1b: Grimmsnarl|0 fnt\n|faint|p1b: Grimmsnarl\n|move|p1a: Corviknight|Body Press|p2a: Tatsugeki\n|-damage|p2a: Tatsugeki|27\/100 brn\n|move|p2b: nayeli|Pollen Puff|p2a: Tatsugeki\n|-heal|p2a: Tatsugeki|77\/100 brn\n|\n|-heal|p2b: nayeli|65\/100|[from] item: Leftovers\n|-damage|p2a: Tatsugeki|71\/100 brn|[from] brn\n|-damage|p1a: Corviknight|89\/100 brn|[from] brn\n|upkeep\n|turn|24\n|inactive|catsue has 15 seconds left this turn.\n|inactive|catsue has 10 seconds left.\n|-message|catsue forfeited.\n|\n|win|RNG can't stop me\n|inactive|catsue has 10 seconds left this turn.\n|raw|catsue's rating: 1199 → 1172<\/strong> (-27 for losing)\n|raw|RNG can't stop me's rating: 1177 → 1204<\/strong> (+27 for winning)\n|l|\u2606catsue\n","uploadtime":1683955533,"views":14,"p1id":"catsue","p2id":"rngcantstopme","formatid":"gen9vgc2023regulationc","rating":1172,"private":0,"password":""}