{"id":"gen9vgc2023regulationc-1862180640","p1":"garcj","p2":"TonnyDolfing","format":"[Gen 9] VGC 2023 Regulation C","log":"|j|\u2606garcj\n|j|\u2606TonnyDolfing\n|t:|1683846131\n|gametype|doubles\n|player|p1|garcj|brawly|1173\n|player|p2|TonnyDolfing|lucas-gen4pt|1059\n|teamsize|p1|6\n|teamsize|p2|6\n|gen|9\n|tier|[Gen 9] VGC 2023 Regulation C\n|rated|\n|rule|Species Clause: Limit one of each Pok\u00e9mon\n|rule|Item Clause: Limit one of each item\n|clearpoke\n|poke|p1|Annihilape, L50, M|\n|poke|p1|Torkoal, L50, F|\n|poke|p1|Armarouge, L50, F|\n|poke|p1|Indeedee-F, L50, F|\n|poke|p1|Meowscarada, L50, F|\n|poke|p1|Hydreigon, L50, M|\n|poke|p2|Abomasnow, L50, M|\n|poke|p2|Chien-Pao, L50|\n|poke|p2|Kingambit, L50, M|\n|poke|p2|Dondozo, L50, F|\n|poke|p2|Garganacl, L50, M|\n|poke|p2|Ting-Lu, L50|\n|teampreview|4\n|inactive|Battle timer is ON: inactive players will automatically lose when time's up. (requested by TonnyDolfing)\n|\n|t:|1683846157\n|start\n|switch|p1a: Annihilape|Annihilape, L50, M|100\/100\n|switch|p1b: Indeedee|Indeedee-F, L50, F|100\/100\n|switch|p2a: Abomasnow|Abomasnow, L50, M|100\/100\n|switch|p2b: Chien-Pao|Chien-Pao, L50|100\/100\n|-ability|p2b: Chien-Pao|Sword of Ruin\n|-fieldstart|move: Psychic Terrain|[from] ability: Psychic Surge|[of] p1b: Indeedee\n|-weather|Snow|[from] ability: Snow Warning|[of] p2a: Abomasnow\n|turn|1\n|inactive|garcj has 30 seconds left.\n|inactive|TonnyDolfing has 30 seconds left.\n|\n|t:|1683846189\n|move|p1a: Annihilape|Close Combat|p2b: Chien-Pao\n|-supereffective|p2b: Chien-Pao\n|-damage|p2b: Chien-Pao|0 fnt\n|-unboost|p1a: Annihilape|def|1\n|-unboost|p1a: Annihilape|spd|1\n|faint|p2b: Chien-Pao\n|move|p1b: Indeedee|Dazzling Gleam|p2a: Abomasnow\n|-crit|p2a: Abomasnow\n|-damage|p2a: Abomasnow|74\/100\n|move|p2a: Abomasnow|Aurora Veil|p2a: Abomasnow\n|-sidestart|p2: TonnyDolfing|move: Aurora Veil\n|\n|-weather|Snow|[upkeep]\n|upkeep\n|\n|t:|1683846200\n|switch|p2b: Garganacl|Garganacl, L50, M|100\/100\n|turn|2\n|\n|t:|1683846219\n|switch|p1a: Armarouge|Armarouge, L50, F|100\/100\n|move|p1b: Indeedee|Dazzling Gleam|p2b: Garganacl|[spread] p2a,p2b\n|-damage|p2a: Abomasnow|66\/100\n|-damage|p2b: Garganacl|94\/100\n|move|p2a: Abomasnow|Blizzard|p1a: Armarouge|[spread] p1a,p1b\n|-resisted|p1a: Armarouge\n|-damage|p1a: Armarouge|86\/100\n|-damage|p1b: Indeedee|81\/100\n|move|p2b: Garganacl|Salt Cure|p1a: Armarouge\n|-supereffective|p1a: Armarouge\n|-damage|p1a: Armarouge|68\/100\n|-start|p1a: Armarouge|Salt Cure\n|-enditem|p1a: Armarouge|Weakness Policy\n|-boost|p1a: Armarouge|atk|2|[from] item: Weakness Policy\n|-boost|p1a: Armarouge|spa|2|[from] item: Weakness Policy\n|\n|-weather|Snow|[upkeep]\n|-damage|p1a: Armarouge|55\/100|[from] Salt Cure\n|upkeep\n|turn|3\n|\n|t:|1683846240\n|move|p1b: Indeedee|Helping Hand|p1a: Armarouge\n|-singleturn|p1a: Armarouge|Helping Hand|[of] p1b: Indeedee\n|move|p2a: Abomasnow|Protect|p2a: Abomasnow\n|-singleturn|p2a: Abomasnow|Protect\n|move|p2b: Garganacl|Protect|p2b: Garganacl\n|-singleturn|p2b: Garganacl|Protect\n|move|p1a: Armarouge|Expanding Force|p2a: Abomasnow|[spread] \n|-activate|p2a: Abomasnow|move: Protect\n|-activate|p2b: Garganacl|move: Protect\n|\n|-weather|Snow|[upkeep]\n|-damage|p1a: Armarouge|43\/100|[from] Salt Cure\n|upkeep\n|turn|4\n|\n|t:|1683846258\n|move|p1b: Indeedee|Helping Hand|p1a: Armarouge\n|-singleturn|p1a: Armarouge|Helping Hand|[of] p1b: Indeedee\n|move|p1a: Armarouge|Expanding Force|p2b: Garganacl|[spread] p2a,p2b\n|-damage|p2a: Abomasnow|0 fnt\n|-damage|p2b: Garganacl|29\/100\n|-enditem|p2b: Garganacl|Sitrus Berry|[eat]\n|-heal|p2b: Garganacl|54\/100|[from] item: Sitrus Berry\n|faint|p2a: Abomasnow\n|move|p2b: Garganacl|Fissure|p1a: Armarouge|[miss]\n|-miss|p2b: Garganacl|p1a: Armarouge\n|\n|-weather|Snow|[upkeep]\n|-damage|p1a: Armarouge|31\/100|[from] Salt Cure\n|upkeep\n|\n|t:|1683846270\n|switch|p2a: Dondozo|Dondozo, L50, F|100\/100\n|turn|5\n|\n|t:|1683846285\n|move|p1b: Indeedee|Helping Hand|p1a: Armarouge\n|-singleturn|p1a: Armarouge|Helping Hand|[of] p1b: Indeedee\n|move|p2a: Dondozo|Protect|p2a: Dondozo\n|-singleturn|p2a: Dondozo|Protect\n|move|p2b: Garganacl|Protect|p2b: Garganacl\n|-singleturn|p2b: Garganacl|Protect\n|move|p1a: Armarouge|Expanding Force|p2a: Dondozo|[spread] \n|-activate|p2a: Dondozo|move: Protect\n|-activate|p2b: Garganacl|move: Protect\n|\n|-weather|none\n|-damage|p1a: Armarouge|19\/100|[from] Salt Cure\n|-sideend|p2: TonnyDolfing|move: Aurora Veil\n|-fieldend|move: Psychic Terrain\n|upkeep\n|turn|6\n|\n|t:|1683846305\n|move|p1b: Indeedee|Helping Hand|p1a: Armarouge\n|-singleturn|p1a: Armarouge|Helping Hand|[of] p1b: Indeedee\n|move|p1a: Armarouge|Expanding Force|p2b: Garganacl\n|-damage|p2b: Garganacl|0 fnt\n|faint|p2b: Garganacl\n|move|p2a: Dondozo|Yawn|p1b: Indeedee\n|-start|p1b: Indeedee|move: Yawn|[of] p2a: Dondozo\n|\n|-damage|p1a: Armarouge|7\/100|[from] Salt Cure\n|upkeep\n|turn|7\n|\n|t:|1683846324\n|move|p1b: Indeedee|Follow Me|p1b: Indeedee\n|-singleturn|p1b: Indeedee|move: Follow Me\n|move|p1a: Armarouge|Expanding Force|p2a: Dondozo\n|-damage|p2a: Dondozo|51\/100\n|move|p2a: Dondozo|Fissure|p1b: Indeedee|[miss]\n|-miss|p2a: Dondozo|p1b: Indeedee\n|\n|-damage|p1a: Armarouge|0 fnt|[from] Salt Cure\n|faint|p1a: Armarouge\n|-end|p1b: Indeedee|move: Yawn|[silent]\n|-status|p1b: Indeedee|slp\n|upkeep\n|\n|t:|1683846331\n|switch|p1a: Annihilape|Annihilape, L50, M|100\/100\n|turn|8\n|\n|t:|1683846338\n|move|p1a: Annihilape|Final Gambit|p2a: Dondozo\n|-damage|p2a: Dondozo|0 fnt\n|faint|p1a: Annihilape\n|faint|p2a: Dondozo\n|\n|win|garcj\n|raw|garcj's rating: 1173 → 1190<\/strong> (+17 for winning)\n|raw|TonnyDolfing's rating: 1059 → 1046<\/strong> (-13 for losing)\n|c|\u2606TonnyDolfing|gg\n","uploadtime":1683846348,"views":7,"p1id":"garcj","p2id":"tonnydolfing","formatid":"gen9vgc2023regulationc","rating":1046,"private":0,"password":""}