{"id":"gen9vgc2023regulationc-1854446055","p1":"PkhunterHK","p2":"jotapeloafrutado","format":"[Gen 9] VGC 2023 Regulation C","log":"|j|\u2606PkhunterHK\n|j|\u2606jotapeloafrutado\n|t:|1682811902\n|gametype|doubles\n|player|p1|PkhunterHK|maylene|1404\n|player|p2|jotapeloafrutado|hiker-gen4|1344\n|teamsize|p1|6\n|teamsize|p2|6\n|gen|9\n|tier|[Gen 9] VGC 2023 Regulation C\n|rated|\n|rule|Species Clause: Limit one of each Pok\u00e9mon\n|rule|Item Clause: Limit one of each item\n|clearpoke\n|poke|p1|Azumarill, L50, F|\n|poke|p1|Gothorita, L50, F|\n|poke|p1|Gothitelle, L50, M|\n|poke|p1|Coalossal, L50, M|\n|poke|p1|Dragapult, L50, M|\n|poke|p1|Flutter Mane, L50|\n|poke|p2|Ting-Lu, L50|\n|poke|p2|Amoonguss, L50, F|\n|poke|p2|Garganacl, L50, F|\n|poke|p2|Arcanine, L50, M|\n|poke|p2|Roaring Moon, L50|\n|poke|p2|Iron Bundle, L50|\n|teampreview|4\n|inactive|Battle timer is ON: inactive players will automatically lose when time's up. (requested by PkhunterHK)\n|inactive|jotapeloafrutado has 60 seconds left.\n|\n|t:|1682811950\n|start\n|switch|p1a: Gothitelle|Gothitelle, L50, M|100\/100\n|switch|p1b: Flutter Mane|Flutter Mane, L50|100\/100\n|switch|p2a: Ting-Lu|Ting-Lu, L50|100\/100\n|switch|p2b: Roaring Moon|Roaring Moon, L50|100\/100\n|-ability|p2a: Ting-Lu|Vessel of Ruin\n|-enditem|p1b: Flutter Mane|Booster Energy\n|-activate|p1b: Flutter Mane|ability: Protosynthesis|[fromitem]\n|-start|p1b: Flutter Mane|protosynthesisspe\n|-enditem|p2b: Roaring Moon|Booster Energy\n|-activate|p2b: Roaring Moon|ability: Protosynthesis|[fromitem]\n|-start|p2b: Roaring Moon|protosynthesisatk\n|turn|1\n|inactive|jotapeloafrutado has 30 seconds left.\n|\n|t:|1682811976\n|-terastallize|p1b: Flutter Mane|Dark\n|-terastallize|p2b: Roaring Moon|Flying\n|move|p1a: Gothitelle|Fake Out|p2b: Roaring Moon\n|-damage|p2b: Roaring Moon|96\/100\n|move|p1b: Flutter Mane|Perish Song|p1b: Flutter Mane\n|-start|p1a: Gothitelle|perish3|[silent]\n|-start|p1b: Flutter Mane|perish3|[silent]\n|-start|p2a: Ting-Lu|perish3|[silent]\n|-start|p2b: Roaring Moon|perish3|[silent]\n|-fieldactivate|move: Perish Song\n|cant|p2b: Roaring Moon|flinch\n|move|p2a: Ting-Lu|Heavy Slam|p1b: Flutter Mane\n|-damage|p1b: Flutter Mane|58\/100\n|\n|-start|p1b: Flutter Mane|perish3\n|-start|p2b: Roaring Moon|perish3\n|-start|p1a: Gothitelle|perish3\n|-start|p2a: Ting-Lu|perish3\n|upkeep\n|turn|2\n|\n|t:|1682811994\n|move|p1b: Flutter Mane|Protect|p1b: Flutter Mane\n|-singleturn|p1b: Flutter Mane|Protect\n|move|p2b: Roaring Moon|Jaw Lock|p1a: Gothitelle\n|-supereffective|p1a: Gothitelle\n|-damage|p1a: Gothitelle|0 fnt\n|faint|p1a: Gothitelle\n|move|p2a: Ting-Lu|Ruination|p1b: Flutter Mane\n|-activate|p1b: Flutter Mane|move: Protect\n|\n|-start|p1b: Flutter Mane|perish2\n|-start|p2b: Roaring Moon|perish2\n|-start|p2a: Ting-Lu|perish2\n|upkeep\n|\n|t:|1682811997\n|switch|p1a: Gothorita|Gothorita, L50, F|100\/100\n|turn|3\n|\n|t:|1682812011\n|-end|p1b: Flutter Mane|Protosynthesis|[silent]\n|switch|p1b: Azumarill|Azumarill, L50, F|100\/100\n|move|p1a: Gothorita|Fake Out|p2b: Roaring Moon\n|-damage|p2b: Roaring Moon|91\/100\n|cant|p2b: Roaring Moon|flinch\n|move|p2a: Ting-Lu|Heavy Slam|p1b: Azumarill\n|-damage|p1b: Azumarill|68\/100\n|\n|-start|p2b: Roaring Moon|perish1\n|-start|p2a: Ting-Lu|perish1\n|upkeep\n|turn|4\n|j| Ulitronmaster\n|c|\u2606jotapeloafrutado|damn what a player\n|inactive|jotapeloafrutado has 30 seconds left.\n|l| Ulitronmaster\n|inactive|jotapeloafrutado has 20 seconds left.\n|\n|t:|1682812047\n|move|p1b: Azumarill|Protect|p1b: Azumarill\n|-singleturn|p1b: Azumarill|Protect\n|move|p1a: Gothorita|Protect|p1a: Gothorita\n|-singleturn|p1a: Gothorita|Protect\n|move|p2b: Roaring Moon|Jaw Lock|p1a: Gothorita\n|-activate|p1a: Gothorita|move: Protect\n|move|p2a: Ting-Lu|Ruination|p1b: Azumarill\n|-activate|p1b: Azumarill|move: Protect\n|\n|-start|p2b: Roaring Moon|perish0\n|-start|p2a: Ting-Lu|perish0\n|faint|p2b: Roaring Moon\n|-end|p2b: Roaring Moon|Protosynthesis|[silent]\n|faint|p2a: Ting-Lu\n|upkeep\n|\n|t:|1682812052\n|switch|p2b: Iron Bundle|Iron Bundle, L50|100\/100\n|switch|p2a: Amoonguss|Amoonguss, L50, F|100\/100\n|turn|5\n|c|\u2606jotapeloafrutado|lame af\n|\n|t:|1682812073\n|move|p2b: Iron Bundle|Freeze-Dry|p1b: Azumarill\n|-supereffective|p1b: Azumarill\n|-damage|p1b: Azumarill|0 fnt\n|faint|p1b: Azumarill\n|move|p2a: Amoonguss|Spore|p1a: Gothorita\n|-status|p1a: Gothorita|slp|[from] move: Spore\n|cant|p1a: Gothorita|slp\n|\n|upkeep\n|\n|t:|1682812078\n|switch|p1b: Flutter Mane|Flutter Mane, L50, tera:Dark|58\/100\n|turn|6\n|\n|t:|1682812089\n|move|p2b: Iron Bundle|Protect|p2b: Iron Bundle\n|-singleturn|p2b: Iron Bundle|Protect\n|move|p1b: Flutter Mane|Perish Song|p1b: Flutter Mane\n|-start|p1a: Gothorita|perish3|[silent]\n|-start|p1b: Flutter Mane|perish3|[silent]\n|-start|p2a: Amoonguss|perish3|[silent]\n|-start|p2b: Iron Bundle|perish3|[silent]\n|-fieldactivate|move: Perish Song\n|cant|p1a: Gothorita|slp\n|move|p2a: Amoonguss|Spore|p1b: Flutter Mane\n|-status|p1b: Flutter Mane|slp|[from] move: Spore\n|\n|-start|p2b: Iron Bundle|perish3\n|-start|p1b: Flutter Mane|perish3\n|-start|p1a: Gothorita|perish3\n|-start|p2a: Amoonguss|perish3\n|upkeep\n|turn|7\n|\n|t:|1682812101\n|cant|p1b: Flutter Mane|slp\n|-curestatus|p1a: Gothorita|slp|[msg]\n|move|p1a: Gothorita|Protect|p1a: Gothorita\n|-singleturn|p1a: Gothorita|Protect\n|move|p2b: Iron Bundle|Freeze-Dry|p1b: Flutter Mane\n|-damage|p1b: Flutter Mane|30\/100 slp\n|move|p2a: Amoonguss|Pollen Puff|p1b: Flutter Mane\n|-supereffective|p1b: Flutter Mane\n|-damage|p1b: Flutter Mane|0 fnt\n|faint|p1b: Flutter Mane\n|-end|p1b: Flutter Mane|Protosynthesis|[silent]\n|\n|-start|p2b: Iron Bundle|perish2\n|-start|p1a: Gothorita|perish2\n|-start|p2a: Amoonguss|perish2\n|upkeep\n|turn|8\n|\n|t:|1682812119\n|move|p2b: Iron Bundle|Freeze-Dry|p1a: Gothorita\n|-damage|p1a: Gothorita|73\/100\n|move|p2a: Amoonguss|Pollen Puff|p1a: Gothorita\n|-supereffective|p1a: Gothorita\n|-damage|p1a: Gothorita|43\/100\n|move|p1a: Gothorita|Trick Room|p1a: Gothorita\n|-fieldstart|move: Trick Room|[of] p1a: Gothorita\n|\n|-start|p2a: Amoonguss|perish1\n|-start|p1a: Gothorita|perish1\n|-start|p2b: Iron Bundle|perish1\n|upkeep\n|turn|9\n|\n|t:|1682812135\n|move|p1a: Gothorita|Protect|p1a: Gothorita\n|-singleturn|p1a: Gothorita|Protect\n|move|p2a: Amoonguss|Pollen Puff|p1a: Gothorita\n|-activate|p1a: Gothorita|move: Protect\n|move|p2b: Iron Bundle|Freeze-Dry|p1a: Gothorita\n|-activate|p1a: Gothorita|move: Protect\n|\n|-start|p2a: Amoonguss|perish0\n|-start|p1a: Gothorita|perish0\n|-start|p2b: Iron Bundle|perish0\n|faint|p2a: Amoonguss\n|faint|p1a: Gothorita\n|faint|p2b: Iron Bundle\n|-end|p2b: Iron Bundle|Quark Drive|[silent]\n|\n|win|jotapeloafrutado\n|upkeep\n|raw|PkhunterHK's rating: 1404 → 1381<\/strong> (-23 for losing)\n|raw|jotapeloafrutado's rating: 1344 → 1367<\/strong> (+23 for winning)\n|c|\u2606jotapeloafrutado|lame af\n|c|\u2606jotapeloafrutado|XDDDD\n|c|\u2606jotapeloafrutado|a\n|c|\u2606jotapeloafrutado|and u lost\n|l|\u2606PkhunterHK\n|c|\u2606jotapeloafrutado|imagine\n","uploadtime":1682812175,"views":18,"p1id":"pkhunterhk","p2id":"jotapeloafrutado","formatid":"gen9vgc2023regulationc","rating":1367,"private":0,"password":""}