{"id":"gen9vgc2023regulationc-1860048923","p1":"IOnce8Cheese","p2":"runningcatdog","format":"[Gen 9] VGC 2023 Regulation C","log":"|j|\u2606IOnce8Cheese\n|j|\u2606runningcatdog\n|t:|1683589205\n|gametype|doubles\n|player|p1|IOnce8Cheese|lucas|1336\n|player|p2|runningcatdog|170|1298\n|teamsize|p1|6\n|teamsize|p2|6\n|gen|9\n|tier|[Gen 9] VGC 2023 Regulation C\n|rated|\n|rule|Species Clause: Limit one of each Pok\u00e9mon\n|rule|Item Clause: Limit one of each item\n|clearpoke\n|poke|p1|Chien-Pao, L50|\n|poke|p1|Arcanine, L50, M|\n|poke|p1|Iron Bundle, L50|\n|poke|p1|Flutter Mane, L50|\n|poke|p1|Corviknight, L50, F|\n|poke|p1|Great Tusk, L50|\n|poke|p2|Chi-Yu, L50|\n|poke|p2|Gyarados, L50, M|\n|poke|p2|Wo-Chien, L50|\n|poke|p2|Flutter Mane, L50|\n|poke|p2|Glimmora, L50, M|\n|poke|p2|Dragonite, L50, F|\n|teampreview|4\n|inactive|Battle timer is ON: inactive players will automatically lose when time's up. (requested by runningcatdog)\nIOnce8Cheese rejected open team sheets.\n|j| Lloyd311\n|\n|t:|1683589242\n|start\n|switch|p1a: Iron Bundle|Iron Bundle, L50|100\/100\n|switch|p1b: Great Tusk|Great Tusk, L50|100\/100\n|switch|p2a: Gyarados|Gyarados, L50, M|100\/100\n|switch|p2b: Chi-Yu|Chi-Yu, L50|100\/100\n|-ability|p2b: Chi-Yu|Beads of Ruin\n|-ability|p2a: Gyarados|Intimidate|boost\n|-unboost|p1a: Iron Bundle|atk|1\n|-unboost|p1b: Great Tusk|atk|1\n|-enditem|p1a: Iron Bundle|Booster Energy\n|-activate|p1a: Iron Bundle|ability: Quark Drive|[fromitem]\n|-start|p1a: Iron Bundle|quarkdrivespe\n|turn|1\n|\n|t:|1683589260\n|-terastallize|p2b: Chi-Yu|Water\n|move|p1a: Iron Bundle|Protect|p1a: Iron Bundle\n|-singleturn|p1a: Iron Bundle|Protect\n|move|p2b: Chi-Yu|Nasty Plot|p2b: Chi-Yu\n|-boost|p2b: Chi-Yu|spa|2\n|move|p2a: Gyarados|Thunder Wave|p1a: Iron Bundle\n|-activate|p1a: Iron Bundle|move: Protect\n|move|p1b: Great Tusk|Headlong Rush|p2b: Chi-Yu\n|-damage|p2b: Chi-Yu|54\/100\n|-unboost|p1b: Great Tusk|def|1\n|-unboost|p1b: Great Tusk|spd|1\n|\n|upkeep\n|turn|2\n|inactive|runningcatdog has 30 seconds left.\n|\n|t:|1683589287\n|-end|p1b: Great Tusk|Protosynthesis|[silent]\n|switch|p1b: Corviknight|Corviknight, L50, F|100\/100\n|move|p2b: Chi-Yu|Protect|p2b: Chi-Yu\n|-singleturn|p2b: Chi-Yu|Protect\n|move|p1a: Iron Bundle|Freeze-Dry|p2b: Chi-Yu\n|-activate|p2b: Chi-Yu|move: Protect\n|move|p2a: Gyarados|Thunder Wave|p1a: Iron Bundle\n|-status|p1a: Iron Bundle|par\n|\n|upkeep\n|turn|3\n|inactive|IOnce8Cheese has 30 seconds left.\n|\n|t:|1683589315\n|cant|p1a: Iron Bundle|par\n|move|p2b: Chi-Yu|Heat Wave|p1a: Iron Bundle|[spread] p1b\n|-miss|p2b: Chi-Yu|p1a: Iron Bundle\n|-supereffective|p1b: Corviknight\n|-damage|p1b: Corviknight|0 fnt\n|faint|p1b: Corviknight\n|move|p2a: Gyarados|Waterfall|p1a: Iron Bundle\n|-resisted|p1a: Iron Bundle\n|-damage|p1a: Iron Bundle|74\/100 par\n|\n|upkeep\n|\n|t:|1683589326\n|switch|p1b: Arcanine|Arcanine, L50, M|100\/100\n|-ability|p1b: Arcanine|Intimidate|boost\n|-unboost|p2a: Gyarados|atk|1\n|-unboost|p2b: Chi-Yu|atk|1\n|turn|4\n|inactive|IOnce8Cheese has 30 seconds left.\n|\n|t:|1683589353\n|-terastallize|p1b: Arcanine|Normal\n|move|p1a: Iron Bundle|Freeze-Dry|p2b: Chi-Yu\n|-supereffective|p2b: Chi-Yu\n|-damage|p2b: Chi-Yu|0 fnt\n|faint|p2b: Chi-Yu\n|move|p1b: Arcanine|Will-O-Wisp|p2a: Gyarados\n|-status|p2a: Gyarados|brn\n|-enditem|p2a: Gyarados|Lum Berry|[eat]\n|-curestatus|p2a: Gyarados|brn|[msg]\n|move|p2a: Gyarados|Thunder Wave|p1b: Arcanine\n|-status|p1b: Arcanine|par\n|\n|upkeep\n|\n|t:|1683589362\n|switch|p2b: Flutter Mane|Flutter Mane, L50|100\/100\n|-enditem|p2b: Flutter Mane|Booster Energy\n|-activate|p2b: Flutter Mane|ability: Protosynthesis|[fromitem]\n|-start|p2b: Flutter Mane|protosynthesisspe\n|turn|5\n|\n|t:|1683589374\n|cant|p1b: Arcanine|par\n|move|p2b: Flutter Mane|Hex|p1a: Iron Bundle\n|-damage|p1a: Iron Bundle|0 fnt\n|faint|p1a: Iron Bundle\n|-end|p1a: Iron Bundle|Quark Drive|[silent]\n|move|p2a: Gyarados|Waterfall|p1b: Arcanine\n|-damage|p1b: Arcanine|71\/100 par\n|\n|upkeep\n|\n|t:|1683589385\n|switch|p1a: Great Tusk|Great Tusk, L50|100\/100\n|turn|6\n|inactive|IOnce8Cheese has 30 seconds left.\n|\n|t:|1683589412\n|move|p2b: Flutter Mane|Moonblast|p1a: Great Tusk\n|-supereffective|p1a: Great Tusk\n|-damage|p1a: Great Tusk|37\/100\n|-unboost|p1a: Great Tusk|spa|1\n|move|p2a: Gyarados|Waterfall|p1a: Great Tusk\n|-supereffective|p1a: Great Tusk\n|-damage|p1a: Great Tusk|0 fnt\n|faint|p1a: Great Tusk\n|-end|p1a: Great Tusk|Protosynthesis|[silent]\n|move|p1b: Arcanine|Will-O-Wisp|p2a: Gyarados\n|-status|p2a: Gyarados|brn\n|\n|-damage|p2a: Gyarados|94\/100 brn|[from] brn\n|upkeep\n|turn|7\n|\n|t:|1683589430\n|move|p2b: Flutter Mane|Hex|p1b: Arcanine\n|-immune|p1b: Arcanine\n|move|p2a: Gyarados|Waterfall|p1b: Arcanine\n|-damage|p1b: Arcanine|56\/100 par\n|cant|p1b: Arcanine|flinch\n|\n|-damage|p2a: Gyarados|88\/100 brn|[from] brn\n|upkeep\n|turn|8\n|\n|t:|1683589440\n|move|p2b: Flutter Mane|Hex|p1b: Arcanine\n|-immune|p1b: Arcanine\n|move|p2a: Gyarados|Waterfall|p1b: Arcanine\n|-damage|p1b: Arcanine|42\/100 par\n|move|p1b: Arcanine|Flare Blitz|p2b: Flutter Mane\n|-damage|p2b: Flutter Mane|0 fnt\n|faint|p2b: Flutter Mane\n|-end|p2b: Flutter Mane|Protosynthesis|[silent]\n|-damage|p1b: Arcanine|19\/100 par|[from] Recoil\n|\n|-damage|p2a: Gyarados|82\/100 brn|[from] brn\n|upkeep\n|\n|t:|1683589453\n|switch|p2b: Dragonite|Dragonite, L50, F|100\/100\n|turn|9\n|\n|t:|1683589467\n|move|p1b: Arcanine|Protect|p1b: Arcanine\n|-singleturn|p1b: Arcanine|Protect\n|move|p2a: Gyarados|Taunt|p1b: Arcanine\n|-activate|p1b: Arcanine|move: Protect\n|move|p2b: Dragonite|Low Kick|p2a: Gyarados\n|-resisted|p2a: Gyarados\n|-damage|p2a: Gyarados|46\/100 brn\n|\n|-damage|p2a: Gyarados|40\/100 brn|[from] brn\n|upkeep\n|turn|10\n|l| Lloyd311\n|\n|t:|1683589487\n|move|p2a: Gyarados|Taunt|p1b: Arcanine\n|-start|p1b: Arcanine|move: Taunt\n|move|p2b: Dragonite|Low Kick|p2a: Gyarados\n|-resisted|p2a: Gyarados\n|-damage|p2a: Gyarados|8\/100 brn\n|cant|p1b: Arcanine|move: Taunt|Will-O-Wisp\n|\n|-damage|p2a: Gyarados|2\/100 brn|[from] brn\n|upkeep\n|turn|11\n|\n|t:|1683589500\n|move|p1b: Arcanine|Extreme Speed|p2a: Gyarados\n|-damage|p2a: Gyarados|0 fnt\n|faint|p2a: Gyarados\n|move|p2b: Dragonite|Low Kick|p2: Gyarados|[notarget]\n|-fail|p2b: Dragonite\n|\n|upkeep\n|turn|12\n|\n|t:|1683589509\n|move|p1b: Arcanine|Extreme Speed|p2b: Dragonite\n|-damage|p2b: Dragonite|85\/100\n|move|p2b: Dragonite|Low Kick|p1b: Arcanine\n|-supereffective|p1b: Arcanine\n|-damage|p1b: Arcanine|0 fnt\n|faint|p1b: Arcanine\n|\n|win|runningcatdog\n|raw|IOnce8Cheese's rating: 1336 → 1314<\/strong> (-22 for losing)\n|raw|runningcatdog's rating: 1298 → 1326<\/strong> (+28 for winning)\n","uploadtime":1683589519,"views":16,"p1id":"ionce8cheese","p2id":"runningcatdog","formatid":"gen9vgc2023regulationc","rating":1314,"private":0,"password":""}