{"id":"gen9vgc2023regulationc-1858577239","p1":"Bruno Emerson","p2":"Benjaturtle","format":"[Gen 9] VGC 2023 Regulation C","log":"|j|\u2606Bruno Emerson\n|j|\u2606Benjaturtle\n|t:|1683327557\n|gametype|doubles\n|player|p1|Bruno Emerson|1|1129\n|player|p2|Benjaturtle|infielder|1222\n|teamsize|p1|6\n|teamsize|p2|6\n|gen|9\n|tier|[Gen 9] VGC 2023 Regulation C\n|rated|\n|rule|Species Clause: Limit one of each Pok\u00e9mon\n|rule|Item Clause: Limit one of each item\n|clearpoke\n|poke|p1|Arcanine, L50, M|\n|poke|p1|Slowbro, L50, M|\n|poke|p1|Arboliva, L50, F|\n|poke|p1|Annihilape, L50, F|\n|poke|p1|Zoroark, L50, M|\n|poke|p1|Corviknight, L50, F|\n|poke|p2|Slither Wing, L50|\n|poke|p2|Scream Tail, L50|\n|poke|p2|Torkoal, L50, F|\n|poke|p2|Flutter Mane, L50|\n|poke|p2|Jumpluff, L50, F|\n|poke|p2|Maushold-Four, L50|\n|teampreview|4\n|inactive|Battle timer is ON: inactive players will automatically lose when time's up. (requested by Benjaturtle)\n|inactive|Bruno Emerson has 60 seconds left.\n|inactive|Benjaturtle has 60 seconds left.\n|inactive|Bruno Emerson has 30 seconds left.\n|inactive|Bruno Emerson has 20 seconds left.\n|inactive|Bruno Emerson has 15 seconds left.\n|inactive|Bruno Emerson has 10 seconds left.\n|inactive|Bruno Emerson has 5 seconds left.\n|\n|t:|1683327650\n|start\n|switch|p1a: Arcanine|Arcanine, L50, M|100\/100\n|switch|p1b: Slowbro|Slowbro, L50, M|100\/100\n|switch|p2a: Dom|Maushold-Four, L50|100\/100\n|switch|p2b: Butch|Scream Tail, L50, shiny|100\/100\n|-ability|p1a: Arcanine|Intimidate|boost\n|-unboost|p2a: Dom|atk|1\n|-unboost|p2b: Butch|atk|1\n|-enditem|p2b: Butch|Booster Energy\n|-activate|p2b: Butch|ability: Protosynthesis|[fromitem]\n|-start|p2b: Butch|protosynthesisspe\n|turn|1\n|inactive|Benjaturtle has 30 seconds left.\n|\n|t:|1683327682\n|move|p2b: Butch|Howl|p2b: Butch|[spread] p2a,p2b\n|-boost|p2a: Dom|atk|1\n|-enditem|p1a: Arcanine|Mirror Herb\n|-boost|p1a: Arcanine|atk|1|[from] item: Mirror Herb\n|-boost|p2b: Butch|atk|1\n|move|p2a: Dom|Population Bomb|p1a: Arcanine\n|-damage|p1a: Arcanine|84\/100\n|-damage|p1a: Arcanine|69\/100\n|-damage|p1a: Arcanine|52\/100\n|-damage|p1a: Arcanine|37\/100\n|-damage|p1a: Arcanine|20\/100\n|-damage|p1a: Arcanine|4\/100\n|-damage|p1a: Arcanine|0 fnt\n|faint|p1a: Arcanine\n|-hitcount|p1: Arcanine|7\n|move|p1b: Slowbro|Iron Defense|p1b: Slowbro\n|-boost|p1b: Slowbro|def|2\n|\n|upkeep\n|\n|t:|1683327698\n|switch|p1a: Arboliva|Arboliva, L50, F|100\/100\n|turn|2\n|\n|t:|1683327708\n|move|p2b: Butch|Encore|p1b: Slowbro\n|-start|p1b: Slowbro|Encore\n|move|p2a: Dom|Population Bomb|p1a: Arboliva\n|-damage|p1a: Arboliva|92\/100\n|-damage|p1a: Arboliva|82\/100\n|-crit|p1a: Arboliva\n|-damage|p1a: Arboliva|68\/100\n|-damage|p1a: Arboliva|59\/100\n|-damage|p1a: Arboliva|50\/100\n|-enditem|p1a: Arboliva|Sitrus Berry|[eat]\n|-heal|p1a: Arboliva|75\/100|[from] item: Sitrus Berry\n|-damage|p1a: Arboliva|65\/100\n|-damage|p1a: Arboliva|57\/100\n|-damage|p1a: Arboliva|47\/100\n|-damage|p1a: Arboliva|37\/100\n|-hitcount|p1a: Arboliva|9\n|move|p1a: Arboliva|Reflect|p1a: Arboliva\n|-sidestart|p1: Bruno Emerson|Reflect\n|move|p1b: Slowbro|Iron Defense|p1b: Slowbro\n|-boost|p1b: Slowbro|def|2\n|\n|-item|p1a: Arboliva|Sitrus Berry|[from] ability: Harvest\n|upkeep\n|-enditem|p1a: Arboliva|Sitrus Berry|[eat]\n|-heal|p1a: Arboliva|62\/100|[from] item: Sitrus Berry\n|turn|3\n|\n|t:|1683327731\n|move|p1a: Arboliva|Protect|p1a: Arboliva\n|-singleturn|p1a: Arboliva|Protect\n|move|p2b: Butch|Disable|p1b: Slowbro\n|-start|p1b: Slowbro|Disable|Iron Defense\n|move|p2a: Dom|Population Bomb|p1a: Arboliva\n|-activate|p1a: Arboliva|move: Protect\n|cant|p1b: Slowbro|Disable|Iron Defense\n|\n|-item|p1a: Arboliva|Sitrus Berry|[from] ability: Harvest\n|upkeep\n|turn|4\n|\n|t:|1683327748\n|switch|p1b: Annihilape|Annihilape, L50, F|100\/100\n|-terastallize|p2a: Dom|Normal\n|move|p2b: Butch|Howl|p2b: Butch|[spread] p2a,p2b\n|-boost|p2a: Dom|atk|1\n|-boost|p2b: Butch|atk|1\n|move|p2a: Dom|Population Bomb|p1a: Arboliva\n|-damage|p1a: Arboliva|51\/100\n|-damage|p1a: Arboliva|38\/100\n|-enditem|p1a: Arboliva|Sitrus Berry|[eat]\n|-heal|p1a: Arboliva|63\/100|[from] item: Sitrus Berry\n|-damage|p1a: Arboliva|50\/100\n|-damage|p1a: Arboliva|37\/100\n|-damage|p1a: Arboliva|25\/100\n|-damage|p1a: Arboliva|12\/100\n|-damage|p1a: Arboliva|1\/100\n|-damage|p1a: Arboliva|0 fnt\n|faint|p1a: Arboliva\n|-hitcount|p1: Arboliva|8\n|\n|upkeep\n|\n|t:|1683327759\n|switch|p1a: Slowbro|Slowbro, L50, M|100\/100\n|turn|5\n|\n|t:|1683327775\n|move|p2b: Butch|Play Rough|p1b: Annihilape\n|-supereffective|p1b: Annihilape\n|-damage|p1b: Annihilape|29\/100\n|move|p2a: Dom|Population Bomb|p1a: Slowbro\n|-damage|p1a: Slowbro|86\/100\n|-damage|p1a: Slowbro|73\/100\n|-damage|p1a: Slowbro|58\/100\n|-damage|p1a: Slowbro|45\/100\n|-damage|p1a: Slowbro|31\/100\n|-damage|p1a: Slowbro|16\/100\n|-damage|p1a: Slowbro|2\/100\n|-damage|p1a: Slowbro|0 fnt\n|faint|p1a: Slowbro\n|-hitcount|p1: Slowbro|8\n|move|p1b: Annihilape|Drain Punch|p2a: Dom\n|-supereffective|p2a: Dom\n|-damage|p2a: Dom|6\/100\n|-heal|p1b: Annihilape|66\/100|[from] drain|[of] p2a: Dom\n|\n|upkeep\n|turn|6\n|\n|t:|1683327796\n|move|p2b: Butch|Play Rough|p1b: Annihilape\n|-supereffective|p1b: Annihilape\n|-damage|p1b: Annihilape|0 fnt\n|faint|p1b: Annihilape\n|\n|win|Benjaturtle\n|raw|Bruno Emerson's rating: 1129 → 1111<\/strong> (-18 for losing)\n|raw|Benjaturtle's rating: 1222 → 1240<\/strong> (+18 for winning)\n|l|\u2606Bruno Emerson\n","uploadtime":1683327803,"views":6,"p1id":"brunoemerson","p2id":"benjaturtle","formatid":"gen9vgc2023regulationc","rating":1111,"private":0,"password":""}