{"id":"gen9vgc2023regulationc-1860562828","p1":"sabertooth81","p2":"jemenuieeee","format":"[Gen 9] VGC 2023 Regulation C","log":"|j|\u2606sabertooth81\n|j|\u2606jemenuieeee\n|t:|1683654771\n|gametype|doubles\n|player|p1|sabertooth81|acetrainerf-gen4dp|1071\n|player|p2|jemenuieeee|101|1041\n|teamsize|p1|4\n|teamsize|p2|6\n|gen|9\n|tier|[Gen 9] VGC 2023 Regulation C\n|rated|\n|rule|Species Clause: Limit one of each Pok\u00e9mon\n|rule|Item Clause: Limit one of each item\n|clearpoke\n|poke|p1|Talonflame, L50, M|\n|poke|p1|Brambleghast, L50, F|\n|poke|p1|Arboliva, L50, M|\n|poke|p1|Maushold, L50|\n|poke|p2|Iron Moth, L50|\n|poke|p2|Iron Bundle, L50|\n|poke|p2|Iron Jugulis, L50|\n|poke|p2|Iron Treads, L50|\n|poke|p2|Iron Valiant, L50|\n|poke|p2|Pincurchin, L50, M|\n|teampreview|4\n|inactive|Battle timer is ON: inactive players will automatically lose when time's up. (requested by sabertooth81)\n|inactive|jemenuieeee has 60 seconds left.\n|\n|t:|1683654817\n|start\n|switch|p1a: Talonflame|Talonflame, L50, M, shiny|100\/100\n|switch|p1b: Maushold|Maushold, L50|100\/100\n|switch|p2a: Iron Bundle|Iron Bundle, L50|100\/100\n|switch|p2b: Iron Moth|Iron Moth, L50|100\/100\n|-item|p2b: Iron Moth|Air Balloon\n|turn|1\n|\n|t:|1683654838\n|move|p1a: Talonflame|Tailwind|p1a: Talonflame\n|-sidestart|p1: sabertooth81|move: Tailwind\n|move|p1b: Maushold|Population Bomb|p2a: Iron Bundle\n|-damage|p2a: Iron Bundle|93\/100\n|-damage|p2a: Iron Bundle|85\/100\n|-damage|p2a: Iron Bundle|78\/100\n|-damage|p2a: Iron Bundle|70\/100\n|-damage|p2a: Iron Bundle|62\/100\n|-damage|p2a: Iron Bundle|53\/100\n|-damage|p2a: Iron Bundle|46\/100\n|-crit|p2a: Iron Bundle\n|-damage|p2a: Iron Bundle|33\/100\n|-damage|p2a: Iron Bundle|24\/100\n|-enditem|p2a: Iron Bundle|Aguav Berry|[eat]\n|-heal|p2a: Iron Bundle|57\/100|[from] item: Aguav Berry\n|-damage|p2a: Iron Bundle|49\/100\n|-hitcount|p2a: Iron Bundle|10\n|move|p2a: Iron Bundle|Hydro Pump|p1a: Talonflame\n|-supereffective|p1a: Talonflame\n|-enditem|p1a: Talonflame|Focus Sash\n|-damage|p1a: Talonflame|1\/100\n|move|p2b: Iron Moth|Substitute|p2b: Iron Moth\n|-start|p2b: Iron Moth|Substitute\n|-damage|p2b: Iron Moth|76\/100\n|\n|upkeep\n|turn|2\n|inactive|sabertooth81 has 30 seconds left.\n|inactive|jemenuieeee has 30 seconds left.\n|inactive|jemenuieeee has 20 seconds left.\n|\n|t:|1683654874\n|move|p1a: Talonflame|U-turn|p2a: Iron Bundle\n|-damage|p2a: Iron Bundle|34\/100\n|\n|t:|1683654877\n|switch|p1a: Arboliva|Arboliva, L50, M|100\/100|[from] U-turn\n|move|p1b: Maushold|Population Bomb|p2b: Iron Moth\n|-activate|p2b: Iron Moth|move: Substitute|[damage]\n|-enditem|p2b: Iron Moth|Air Balloon\n|-activate|p2b: Iron Moth|move: Substitute|[damage]\n|-end|p2b: Iron Moth|Substitute\n|-damage|p2b: Iron Moth|68\/100\n|-damage|p2b: Iron Moth|59\/100\n|-damage|p2b: Iron Moth|51\/100\n|-damage|p2b: Iron Moth|43\/100\n|-damage|p2b: Iron Moth|35\/100\n|-damage|p2b: Iron Moth|27\/100\n|-damage|p2b: Iron Moth|19\/100\n|-hitcount|p2b: Iron Moth|10\n|move|p2a: Iron Bundle|Hydro Pump|p1b: Maushold|[miss]\n|-miss|p2a: Iron Bundle|p1b: Maushold\n|move|p2b: Iron Moth|Dazzling Gleam|p1b: Maushold|[spread] p1a,p1b\n|-damage|p1a: Arboliva|90\/100\n|-damage|p1b: Maushold|70\/100\n|-fieldstart|move: Grassy Terrain|[from] ability: Seed Sower|[of] p1a: Arboliva\n|\n|-heal|p1b: Maushold|76\/100|[from] Grassy Terrain\n|-heal|p2a: Iron Bundle|40\/100|[from] Grassy Terrain\n|-heal|p2b: Iron Moth|25\/100|[from] Grassy Terrain\n|-heal|p1a: Arboliva|96\/100|[from] Grassy Terrain\n|upkeep\n|turn|3\n|\n|t:|1683654901\n|move|p1b: Maushold|Population Bomb|p2b: Iron Moth\n|-damage|p2b: Iron Moth|16\/100\n|-damage|p2b: Iron Moth|8\/100\n|-damage|p2b: Iron Moth|0 fnt\n|faint|p2b: Iron Moth\n|-end|p2b: Iron Moth|Quark Drive|[silent]\n|-hitcount|p2: Iron Moth|3\n|move|p2a: Iron Bundle|Hydro Pump|p1b: Maushold\n|-damage|p1b: Maushold|3\/100\n|move|p1a: Arboliva|Light Screen|p1a: Arboliva\n|-sidestart|p1: sabertooth81|move: Light Screen\n|\n|-heal|p1b: Maushold|9\/100|[from] Grassy Terrain\n|-heal|p2a: Iron Bundle|46\/100|[from] Grassy Terrain\n|-heal|p1a: Arboliva|100\/100|[from] Grassy Terrain\n|upkeep\n|\n|t:|1683654907\n|switch|p2b: Pincurchin|Pincurchin, L50, M|100\/100\n|-fieldstart|move: Electric Terrain|[from] ability: Electric Surge|[of] p2b: Pincurchin\n|-activate|p2a: Iron Bundle|ability: Quark Drive\n|-start|p2a: Iron Bundle|quarkdrivespe\n|turn|4\n|inactive|jemenuieeee has 30 seconds left.\n|\n|t:|1683654941\n|move|p2b: Pincurchin|Sucker Punch|p1b: Maushold\n|-damage|p1b: Maushold|0 fnt\n|faint|p1b: Maushold\n|move|p2a: Iron Bundle|Substitute|p2a: Iron Bundle\n|-start|p2a: Iron Bundle|Substitute\n|-damage|p2a: Iron Bundle|22\/100\n|move|p1a: Arboliva|Pollen Puff|p1: Maushold|[notarget]\n|-fail|p1a: Arboliva\n|\n|-sideend|p1: sabertooth81|move: Tailwind\n|upkeep\n|\n|t:|1683654944\n|switch|p1b: Talonflame|Talonflame, L50, M, shiny|1\/100\n|turn|5\n|c|\u2606sabertooth81|wow you play like such a bitch\n|c|\u2606jemenuieeee|lol\n|inactive|jemenuieeee has 30 seconds left.\n|inactive|jemenuieeee has 20 seconds left.\n|inactive|jemenuieeee has 15 seconds left.\n|inactive|jemenuieeee has 10 seconds left.\n|\n|t:|1683654990\n|move|p2a: Iron Bundle|Freeze-Dry|p1a: Arboliva\n|-supereffective|p1a: Arboliva\n|-damage|p1a: Arboliva|68\/100\n|-fieldstart|move: Grassy Terrain|[from] ability: Seed Sower|[of] p1a: Arboliva\n|-end|p2a: Iron Bundle|Quark Drive\n|move|p1b: Talonflame|Tailwind|p1b: Talonflame\n|-sidestart|p1: sabertooth81|move: Tailwind\n|move|p1a: Arboliva|Reflect|p1a: Arboliva\n|-sidestart|p1: sabertooth81|Reflect\n|move|p2b: Pincurchin|Wild Charge|p1b: Talonflame\n|-supereffective|p1b: Talonflame\n|-damage|p1b: Talonflame|0 fnt\n|faint|p1b: Talonflame\n|-damage|p2b: Pincurchin|99\/100|[from] Recoil\n|\n|-heal|p2a: Iron Bundle|28\/100|[from] Grassy Terrain\n|-heal|p1a: Arboliva|74\/100|[from] Grassy Terrain\n|-heal|p2b: Pincurchin|100\/100|[from] Grassy Terrain\n|upkeep\n|\n|t:|1683654992\n|switch|p1b: Brambleghast|Brambleghast, L50, F|100\/100\n|-ability|p1b: Brambleghast|Wind Rider|boost\n|-boost|p1b: Brambleghast|atk|1\n|-enditem|p1b: Brambleghast|Grassy Seed\n|-boost|p1b: Brambleghast|def|1|[from] item: Grassy Seed\n|turn|6\n|\n|t:|1683655014\n|switch|p2b: Iron Valiant|Iron Valiant, L50|100\/100\n|-terastallize|p1b: Brambleghast|Ghost\n|move|p1b: Brambleghast|Phantom Force||[still]\n|-prepare|p1b: Brambleghast|Phantom Force\n|move|p2a: Iron Bundle|Encore|p1b: Brambleghast|[miss]\n|-miss|p2a: Iron Bundle|p1b: Brambleghast\n|move|p1a: Arboliva|Strength Sap|p2b: Iron Valiant\n|-unboost|p2b: Iron Valiant|atk|1\n|-heal|p1a: Arboliva|100\/100\n|\n|-heal|p2a: Iron Bundle|34\/100|[from] Grassy Terrain\n|upkeep\n|turn|7\n|inactive|jemenuieeee has 30 seconds left.\n|\n|t:|1683655042\n|move|p1b: Brambleghast|Phantom Force|p2a: Iron Bundle|[from]lockedmove\n|-end|p2a: Iron Bundle|Substitute\n|move|p2a: Iron Bundle|Hydro Pump|p1b: Brambleghast\n|-damage|p1b: Brambleghast|47\/100\n|move|p2b: Iron Valiant|Destiny Bond|p2b: Iron Valiant\n|-singlemove|p2b: Iron Valiant|Destiny Bond\n|move|p1a: Arboliva|Strength Sap|p2b: Iron Valiant\n|-unboost|p2b: Iron Valiant|atk|1\n|\n|-heal|p1b: Brambleghast|54\/100|[from] Grassy Terrain\n|-heal|p2a: Iron Bundle|40\/100|[from] Grassy Terrain\n|upkeep\n|turn|8\n|inactive|jemenuieeee has 30 seconds left.\n|inactive|jemenuieeee has 20 seconds left.\n|\n|t:|1683655080\n|-end|p2b: Iron Valiant|Quark Drive|[silent]\n|switch|p2b: Pincurchin|Pincurchin, L50, M|100\/100\n|-fieldstart|move: Electric Terrain|[from] ability: Electric Surge|[of] p2b: Pincurchin\n|-activate|p2a: Iron Bundle|ability: Quark Drive\n|-start|p2a: Iron Bundle|quarkdrivespe\n|move|p1b: Brambleghast|Phantom Force||[still]\n|-prepare|p1b: Brambleghast|Phantom Force\n|move|p2a: Iron Bundle|Encore|p1a: Arboliva\n|-start|p1a: Arboliva|Encore\n|move|p1a: Arboliva|Strength Sap|p2b: Pincurchin\n|-unboost|p2b: Pincurchin|atk|1\n|\n|-sideend|p1: sabertooth81|move: Tailwind\n|upkeep\n|turn|9\n|\n|t:|1683655100\n|move|p2a: Iron Bundle|Substitute|p2a: Iron Bundle\n|-start|p2a: Iron Bundle|Substitute\n|-damage|p2a: Iron Bundle|16\/100\n|move|p1b: Brambleghast|Phantom Force|p2a: Iron Bundle|[from]lockedmove\n|-end|p2a: Iron Bundle|Substitute\n|move|p1a: Arboliva|Strength Sap|p2b: Pincurchin\n|-unboost|p2b: Pincurchin|atk|1\n|move|p2b: Pincurchin|Wild Charge|p1b: Brambleghast\n|-damage|p1b: Brambleghast|41\/100\n|-damage|p2b: Pincurchin|97\/100|[from] Recoil\n|\n|upkeep\n|turn|10\n|inactive|jemenuieeee has 30 seconds left.\n|c|\u2606sabertooth81|hurry up shitter\n|\n|t:|1683655127\n|move|p2a: Iron Bundle|Hydro Pump|p1b: Brambleghast\n|-damage|p1b: Brambleghast|0 fnt\n|faint|p1b: Brambleghast\n|move|p1a: Arboliva|Strength Sap|p2b: Pincurchin\n|-unboost|p2b: Pincurchin|atk|1\n|move|p2b: Pincurchin|Acupressure|p2a: Iron Bundle\n|-boost|p2a: Iron Bundle|def|2\n|\n|-end|p1a: Arboliva|Encore\n|-sideend|p1: sabertooth81|move: Light Screen\n|upkeep\n|turn|11\n|c|\u2606jemenuieeee|want to lose faster?\n|c|\u2606sabertooth81|you\u2019re not good\n|\n|t:|1683655146\n|move|p2a: Iron Bundle|Encore|p1a: Arboliva\n|-start|p1a: Arboliva|Encore\n|move|p1a: Arboliva|Strength Sap|p2a: Iron Bundle\n|-unboost|p2a: Iron Bundle|atk|1\n|move|p2b: Pincurchin|Acupressure|p2a: Iron Bundle\n|-boost|p2a: Iron Bundle|spe|2\n|\n|upkeep\n|turn|12\n|c|\u2606sabertooth81|hurry the fuck up\n|c|\u2606sabertooth81|loswr\n|c|\u2606jemenuieeee|i beat you\n|c|\u2606sabertooth81|you\u2019re dogshit\n|c|\u2606jemenuieeee|u lost\n|c|\u2606jemenuieeee|ggez\n|c|\u2606sabertooth81|you\u2019re bragging about beating a team with 4 pokemon\n|inactive|sabertooth81 has 30 seconds left.\n|c|\u2606jemenuieeee|dumb teaM\n|c|\u2606jemenuieeee|make a better team\n|inactive|sabertooth81 has 20 seconds left.\n|c|\u2606sabertooth81|you\u2019re braindead\n|inactive|sabertooth81 has 15 seconds left.\n|c|\u2606sabertooth81|go eat some tide pods\n|c|\u2606jemenuieeee|good one\n|inactive|sabertooth81 has 10 seconds left.\n|inactive|sabertooth81 has 5 seconds left.\n|c|\u2606jemenuieeee|go lose your next game\n|\n|t:|1683655201\n|move|p2a: Iron Bundle|Freeze-Dry|p1a: Arboliva\n|-supereffective|p1a: Arboliva\n|-damage|p1a: Arboliva|50\/100\n|-fieldstart|move: Grassy Terrain|[from] ability: Seed Sower|[of] p1a: Arboliva\n|-end|p2a: Iron Bundle|Quark Drive\n|move|p1a: Arboliva|Strength Sap|p2a: Iron Bundle\n|-unboost|p2a: Iron Bundle|atk|1\n|-heal|p1a: Arboliva|78\/100\n|move|p2b: Pincurchin|Acupressure|p2a: Iron Bundle\n|-boost|p2a: Iron Bundle|atk|2\n|\n|-heal|p2a: Iron Bundle|22\/100|[from] Grassy Terrain\n|-heal|p1a: Arboliva|84\/100|[from] Grassy Terrain\n|-heal|p2b: Pincurchin|100\/100|[from] Grassy Terrain\n|-sideend|p1: sabertooth81|Reflect\n|upkeep\n|turn|13\n|c|\u2606sabertooth81|all you did was use substitute\n|n|!sabertooth81|sabertooth81\n|c|\u2606jemenuieeee|it beat you\n|inactive|sabertooth81 has 30 seconds left.\n|inactive|sabertooth81 has 20 seconds left.\n|inactive|sabertooth81 has 15 seconds left.\n|inactive|sabertooth81 has 10 seconds left.\n|c|\u2606jemenuieeee|i thought you wanted to hurry up\n|inactive|sabertooth81 has 5 seconds left.\n|\n|t:|1683655256\n|move|p2a: Iron Bundle|Freeze-Dry|p1a: Arboliva\n|-supereffective|p1a: Arboliva\n|-damage|p1a: Arboliva|40\/100\n|move|p1a: Arboliva|Strength Sap|p2a: Iron Bundle\n|-unboost|p2a: Iron Bundle|atk|1\n|-heal|p1a: Arboliva|81\/100\n|move|p2b: Pincurchin|Acupressure|p2a: Iron Bundle\n|-boost|p2a: Iron Bundle|evasion|2\n|\n|-heal|p2a: Iron Bundle|28\/100|[from] Grassy Terrain\n|-heal|p1a: Arboliva|87\/100|[from] Grassy Terrain\n|-end|p1a: Arboliva|Encore\n|upkeep\n|turn|14\n|l|!sabertooth81\n|inactive|sabertooth81 disconnected and has a minute to reconnect!\n|player|p1|\n|inactive|sabertooth81 has 30 seconds left.\n|inactive|sabertooth81 has 20 seconds left.\n|inactive|sabertooth81 has 15 seconds left.\n|inactive|sabertooth81 has 10 seconds left.\n|inactive|sabertooth81 has 5 seconds left.\n|-message|sabertooth81 lost due to inactivity.\n|\n|win|jemenuieeee\n|raw|sabertooth81's rating: 1071 → 1049<\/strong> (-22 for losing)\n|raw|jemenuieeee's rating: 1041 → 1078<\/strong> (+37 for winning)\n","uploadtime":1683655219,"views":11,"p1id":"sabertooth81","p2id":"jemenuieeee","formatid":"gen9vgc2023regulationc","rating":1049,"private":0,"password":""}