{"id":"gen9vgc2023regulationc-1848880960","p1":"blooperlink123","p2":"Nicky_grey","format":"[Gen 9] VGC 2023 Regulation C","log":"|j|\u2606blooperlink123\n|j|\u2606Nicky_grey\n|t:|1682121218\n|gametype|doubles\n|player|p1|blooperlink123|266|\n|player|p2|Nicky_grey|170|\n|teamsize|p1|6\n|teamsize|p2|6\n|gen|9\n|tier|[Gen 9] VGC 2023 Regulation C\n|rule|Species Clause: Limit one of each Pok\u00e9mon\n|rule|Item Clause: Limit one of each item\n|clearpoke\n|poke|p1|Ceruledge, L50, M|\n|poke|p1|Iron Valiant, L50|\n|poke|p1|Ting-Lu, L50|\n|poke|p1|Iron Bundle, L50|\n|poke|p1|Flutter Mane, L50|\n|poke|p1|Amoonguss, L50, M|\n|poke|p2|Grafaiai, L50, F|\n|poke|p2|Glimmora, L50, M|\n|poke|p2|Chi-Yu, L50|\n|poke|p2|Masquerain, L50, F|\n|poke|p2|Great Tusk, L50|\n|poke|p2|Iron Bundle, L50|\n|teampreview|4\n|\n|t:|1682121254\n|start\n|switch|p1a: Dante|Iron Valiant, L50, shiny|100\/100\n|switch|p1b: Camp Lazzlo|Ting-Lu, L50|100\/100\n|switch|p2a: Masquerain|Masquerain, L50, F|100\/100\n|switch|p2b: Grafaiai|Grafaiai, L50, F, shiny|100\/100\n|-ability|p2a: Masquerain|Intimidate|boost\n|-unboost|p1a: Dante|atk|1\n|-unboost|p1b: Camp Lazzlo|atk|1\n|-ability|p1b: Camp Lazzlo|Vessel of Ruin\n|turn|1\n|\n|t:|1682121320\n|-end|p1a: Dante|Quark Drive|[silent]\n|switch|p1a: Alpha Misdreavus|Flutter Mane, L50|100\/100\n|move|p2a: Masquerain|Protect|p2a: Masquerain\n|-singleturn|p2a: Masquerain|Protect\n|move|p2b: Grafaiai|Rain Dance|p2b: Grafaiai\n|-weather|RainDance\n|move|p1b: Camp Lazzlo|Stomping Tantrum|p2b: Grafaiai\n|-supereffective|p2b: Grafaiai\n|-damage|p2b: Grafaiai|33\/100\n|\n|-weather|RainDance|[upkeep]\n|upkeep\n|turn|2\n|\n|t:|1682121367\n|-terastallize|p2a: Masquerain|Flying\n|move|p1a: Alpha Misdreavus|Moonblast|p2b: Grafaiai\n|-resisted|p2b: Grafaiai\n|-damage|p2b: Grafaiai|0 fnt\n|faint|p2b: Grafaiai\n|move|p2a: Masquerain|Hurricane|p1a: Alpha Misdreavus\n|-damage|p1a: Alpha Misdreavus|48\/100\n|move|p1b: Camp Lazzlo|Stone Edge|p2a: Masquerain\n|-supereffective|p2a: Masquerain\n|-damage|p2a: Masquerain|30\/100\n|\n|-weather|RainDance|[upkeep]\n|upkeep\n|\n|t:|1682121380\n|switch|p2b: Iron Bundle|Iron Bundle, L50|100\/100\n|turn|3\n|\n|t:|1682121408\n|move|p2b: Iron Bundle|Hydro Pump|p1b: Camp Lazzlo\n|-supereffective|p1b: Camp Lazzlo\n|-crit|p1b: Camp Lazzlo\n|-damage|p1b: Camp Lazzlo|0 fnt\n|faint|p1b: Camp Lazzlo\n|-damage|p2b: Iron Bundle|91\/100|[from] item: Life Orb\n|move|p1a: Alpha Misdreavus|Moonblast|p2b: Iron Bundle\n|-damage|p2b: Iron Bundle|0 fnt\n|faint|p2b: Iron Bundle\n|-end|p2b: Iron Bundle|Quark Drive|[silent]\n|move|p2a: Masquerain|Hurricane|p1a: Alpha Misdreavus\n|-damage|p1a: Alpha Misdreavus|0 fnt\n|faint|p1a: Alpha Misdreavus\n|-end|p1a: Alpha Misdreavus|Protosynthesis|[silent]\n|\n|-weather|RainDance|[upkeep]\n|upkeep\n|\n|t:|1682121420\n|switch|p2b: Great Tusk|Great Tusk, L50|100\/100\n|switch|p1a: Dante|Iron Valiant, L50, shiny|100\/100\n|switch|p1b: Club Penguin|Iron Bundle, L50, shiny|100\/100\n|-enditem|p1b: Club Penguin|Booster Energy\n|-activate|p1b: Club Penguin|ability: Quark Drive|[fromitem]\n|-start|p1b: Club Penguin|quarkdrivespe\n|turn|4\n|\n|t:|1682121483\n|-terastallize|p1b: Club Penguin|Ice\n|move|p2a: Masquerain|Protect|p2a: Masquerain\n|-singleturn|p2a: Masquerain|Protect\n|move|p1b: Club Penguin|Freeze-Dry|p2b: Great Tusk\n|-supereffective|p2b: Great Tusk\n|-damage|p2b: Great Tusk|14\/100\n|move|p1a: Dante|Moonblast|p2b: Great Tusk\n|-supereffective|p2b: Great Tusk\n|-damage|p2b: Great Tusk|0 fnt\n|faint|p2b: Great Tusk\n|-end|p2b: Great Tusk|Protosynthesis|[silent]\n|-damage|p1a: Dante|91\/100|[from] item: Life Orb\n|\n|-weather|RainDance|[upkeep]\n|upkeep\n|turn|5\n|\n|t:|1682121497\n|move|p1b: Club Penguin|Freeze-Dry|p2a: Masquerain\n|-supereffective|p2a: Masquerain\n|-crit|p2a: Masquerain\n|-damage|p2a: Masquerain|0 fnt\n|faint|p2a: Masquerain\n|\n|win|blooperlink123\n|l|\u2606Nicky_grey\n","uploadtime":1682121521,"views":7,"p1id":"blooperlink123","p2id":"nickygrey","formatid":"gen9vgc2023regulationc","rating":0,"private":0,"password":""}