{"id":"gen9vgc2023regulationc-1861646060","p1":"ouiouiiiiiiiii","p2":"XJ09","format":"[Gen 9] VGC 2023 Regulation C","log":"|j|\u2606ouiouiiiiiiiii\n|j|\u2606XJ09\n|t:|1683787536\n|gametype|doubles\n|player|p1|ouiouiiiiiiiii|170|1299\n|player|p2|XJ09|dahlia|1280\n|teamsize|p1|6\n|teamsize|p2|6\n|gen|9\n|tier|[Gen 9] VGC 2023 Regulation C\n|rated|\n|rule|Species Clause: Limit one of each Pok\u00e9mon\n|rule|Item Clause: Limit one of each item\n|clearpoke\n|poke|p1|Flutter Mane, L50|\n|poke|p1|Annihilape, L50, M|\n|poke|p1|Maushold, L50|\n|poke|p1|Gyarados, L50, F|\n|poke|p1|Chien-Pao, L50|\n|poke|p1|Dragonite, L50, M|\n|poke|p2|Roaring Moon, L50|\n|poke|p2|Garganacl, L50, F|\n|poke|p2|Ting-Lu, L50|\n|poke|p2|Gyarados, L50, M|\n|poke|p2|Annihilape, L50, M|\n|poke|p2|Grimmsnarl, L50, M|\n|teampreview|4\n|\n|t:|1683787576\n|start\n|switch|p1a: Annihilape|Annihilape, L50, M|100\/100\n|switch|p1b: Maushold|Maushold, L50|100\/100\n|switch|p2a: Annihilape|Annihilape, L50, M|100\/100\n|switch|p2b: Grimmsnarl|Grimmsnarl, L50, M|100\/100\n|turn|1\n|\n|t:|1683787601\n|move|p2b: Grimmsnarl|Thunder Wave|p1a: Annihilape\n|-status|p1a: Annihilape|par\n|move|p1b: Maushold|Beat Up|p1a: Annihilape\n|-damage|p1a: Annihilape|99\/100 par\n|-damage|p1a: Annihilape|97\/100 par\n|-damage|p1a: Annihilape|95\/100 par\n|-hitcount|p1a: Annihilape|3\n|move|p2a: Annihilape|Bulk Up|p2a: Annihilape\n|-boost|p2a: Annihilape|atk|1\n|-boost|p2a: Annihilape|def|1\n|move|p1a: Annihilape|Bulk Up|p1a: Annihilape\n|-boost|p1a: Annihilape|atk|1\n|-boost|p1a: Annihilape|def|1\n|\n|-heal|p1a: Annihilape|100\/100 par|[from] item: Leftovers\n|upkeep\n|turn|2\n|\n|t:|1683787632\n|-terastallize|p2a: Annihilape|Grass\n|move|p1b: Maushold|Follow Me|p1b: Maushold\n|-singleturn|p1b: Maushold|move: Follow Me\n|move|p2b: Grimmsnarl|Thunder Wave|p1b: Maushold\n|-status|p1b: Maushold|par\n|move|p2a: Annihilape|Bulk Up|p2a: Annihilape\n|-boost|p2a: Annihilape|atk|1\n|-boost|p2a: Annihilape|def|1\n|move|p1a: Annihilape|Rage Fist|p2a: Annihilape\n|-damage|p2a: Annihilape|33\/100\n|-enditem|p2a: Annihilape|Sitrus Berry|[eat]\n|-heal|p2a: Annihilape|58\/100|[from] item: Sitrus Berry\n|\n|upkeep\n|turn|3\n|\n|t:|1683787670\n|-terastallize|p1a: Annihilape|Fire\n|move|p1b: Maushold|Follow Me|p1b: Maushold\n|-singleturn|p1b: Maushold|move: Follow Me\n|move|p2b: Grimmsnarl|Trick|p1b: Maushold\n|-activate|p2b: Grimmsnarl|move: Trick|[of] p1b: Maushold\n|-item|p1b: Maushold|Lagging Tail|[from] move: Trick\n|-item|p2b: Grimmsnarl|Safety Goggles|[from] move: Trick\n|move|p2a: Annihilape|Drain Punch|p1b: Maushold\n|-supereffective|p1b: Maushold\n|-damage|p1b: Maushold|0 fnt\n|-heal|p2a: Annihilape|100\/100|[from] drain|[of] p1b: Maushold\n|faint|p1b: Maushold\n|cant|p1a: Annihilape|par\n|\n|upkeep\n|\n|t:|1683787683\n|switch|p1b: Dragonite|Dragonite, L50, M|100\/100\n|turn|4\n|\n|t:|1683787720\n|move|p1b: Dragonite|Extreme Speed|p2a: Annihilape\n|-damage|p2a: Annihilape|75\/100\n|move|p2b: Grimmsnarl|Parting Shot|p1b: Dragonite\n|-unboost|p1b: Dragonite|atk|1\n|-unboost|p1b: Dragonite|spa|1\n|\n|t:|1683787728\n|switch|p2b: Garganacl|Garganacl, L50, F|100\/100|[from] Parting Shot\n|move|p2a: Annihilape|Rage Fist|p1a: Annihilape\n|-damage|p1a: Annihilape|19\/100 par\n|move|p1a: Annihilape|Rage Fist|p2a: Annihilape\n|-damage|p2a: Annihilape|0 fnt\n|faint|p2a: Annihilape\n|\n|-heal|p1a: Annihilape|25\/100 par|[from] item: Leftovers\n|upkeep\n|\n|t:|1683787743\n|switch|p2a: Grimmsnarl|Grimmsnarl, L50, M|100\/100\n|turn|5\n|\n|t:|1683787757\n|switch|p1b: Gyarados|Gyarados, L50, F|100\/100\n|-ability|p1b: Gyarados|Intimidate|boost\n|-unboost|p2a: Grimmsnarl|atk|1\n|-unboost|p2b: Garganacl|atk|1\n|move|p1a: Annihilape|Protect|p1a: Annihilape\n|-singleturn|p1a: Annihilape|Protect\n|move|p2a: Grimmsnarl|Parting Shot|p1b: Gyarados\n|-unboost|p1b: Gyarados|atk|1\n|-unboost|p1b: Gyarados|spa|1\n|\n|t:|1683787767\n|switch|p2a: Gyarados|Gyarados, L50, M|100\/100|[from] Parting Shot\n|-ability|p2a: Gyarados|Intimidate|boost\n|-unboost|p1a: Annihilape|atk|1\n|-ability|p1a: Annihilape|Defiant|boost\n|-boost|p1a: Annihilape|atk|2\n|-unboost|p1b: Gyarados|atk|1\n|move|p2b: Garganacl|Salt Cure|p1a: Annihilape\n|-activate|p1a: Annihilape|move: Protect\n|\n|-heal|p1a: Annihilape|31\/100 par|[from] item: Leftovers\n|upkeep\n|turn|6\n|\n|t:|1683787802\n|switch|p1a: Dragonite|Dragonite, L50, M|100\/100\n|move|p2a: Gyarados|Waterfall|p1a: Dragonite\n|-resisted|p1a: Dragonite\n|-damage|p1a: Dragonite|89\/100\n|move|p1b: Gyarados|Thunder Wave|p2a: Gyarados\n|-status|p2a: Gyarados|par\n|move|p2b: Garganacl|Salt Cure|p1b: Gyarados\n|-supereffective|p1b: Gyarados\n|-damage|p1b: Gyarados|80\/100\n|-start|p1b: Gyarados|Salt Cure\n|\n|-damage|p1b: Gyarados|55\/100|[from] Salt Cure\n|upkeep\n|turn|7\n|\n|t:|1683787829\n|switch|p2a: Grimmsnarl|Grimmsnarl, L50, M|100\/100\n|move|p1b: Gyarados|Helping Hand|p1a: Dragonite\n|-singleturn|p1a: Dragonite|Helping Hand|[of] p1b: Gyarados\n|move|p1a: Dragonite|Outrage|p2a: Grimmsnarl\n|-immune|p2a: Grimmsnarl\n|move|p2b: Garganacl|Salt Cure|p1b: Gyarados\n|-supereffective|p1b: Gyarados\n|-damage|p1b: Gyarados|36\/100\n|-enditem|p1b: Gyarados|Sitrus Berry|[eat]\n|-heal|p1b: Gyarados|61\/100|[from] item: Sitrus Berry\n|\n|-damage|p1b: Gyarados|36\/100|[from] Salt Cure\n|upkeep\n|turn|8\n|\n|t:|1683787850\n|switch|p1b: Annihilape|Annihilape, L50, M, tera:Fire|31\/100 par\n|move|p2a: Grimmsnarl|Parting Shot|p1a: Dragonite\n|-unboost|p1a: Dragonite|atk|1\n|-unboost|p1a: Dragonite|spa|1\n|\n|t:|1683787857\n|switch|p2a: Gyarados|Gyarados, L50, M|100\/100 par|[from] Parting Shot\n|-ability|p2a: Gyarados|Intimidate|boost\n|-unboost|p1a: Dragonite|atk|1\n|-unboost|p1b: Annihilape|atk|1\n|-ability|p1b: Annihilape|Defiant|boost\n|-boost|p1b: Annihilape|atk|2\n|move|p1a: Dragonite|Outrage|p2a: Gyarados\n|-damage|p2a: Gyarados|33\/100 par\n|move|p2b: Garganacl|Salt Cure|p1a: Dragonite\n|-supereffective|p1a: Dragonite\n|-damage|p1a: Dragonite|68\/100\n|-start|p1a: Dragonite|Salt Cure\n|\n|-heal|p1b: Annihilape|37\/100 par|[from] item: Leftovers\n|-damage|p1a: Dragonite|56\/100|[from] Salt Cure\n|upkeep\n|turn|9\n|\n|t:|1683787880\n|move|p2b: Garganacl|Protect|p2b: Garganacl\n|-singleturn|p2b: Garganacl|Protect\n|move|p1a: Dragonite|Outrage|p2b: Garganacl|[from]lockedmove\n|-activate|p2b: Garganacl|move: Protect\n|move|p2a: Gyarados|Waterfall|p1b: Annihilape\n|-supereffective|p1b: Annihilape\n|-damage|p1b: Annihilape|0 fnt\n|faint|p1b: Annihilape\n|\n|-damage|p1a: Dragonite|44\/100|[from] Salt Cure\n|upkeep\n|-message|ouiouiiiiiiiii forfeited.\n|\n|win|XJ09\n|raw|ouiouiiiiiiiii's rating: 1299 → 1273<\/strong> (-26 for losing)\n|raw|XJ09's rating: 1280 → 1306<\/strong> (+26 for winning)\n|l|\u2606ouiouiiiiiiiii\n","uploadtime":1683787899,"views":13,"p1id":"ouiouiiiiiiiii","p2id":"xj09","formatid":"gen9vgc2023regulationc","rating":1273,"private":0,"password":""}