{"id":"gen9vgc2023regulationc-1857377184","p1":"XJ09","p2":"Nomadik","format":"[Gen 9] VGC 2023 Regulation C","log":"|j|\u2606XJ09\n|j|\u2606Nomadik\n|t:|1683182965\n|gametype|doubles\n|player|p1|XJ09|cynthia|1319\n|player|p2|Nomadik|battlegirl|1249\n|teamsize|p1|6\n|teamsize|p2|6\n|gen|9\n|tier|[Gen 9] VGC 2023 Regulation C\n|rated|\n|rule|Species Clause: Limit one of each Pok\u00e9mon\n|rule|Item Clause: Limit one of each item\n|clearpoke\n|poke|p1|Roaring Moon, L50|\n|poke|p1|Garganacl, L50, M|\n|poke|p1|Ting-Lu, L50|\n|poke|p1|Gyarados, L50, M|\n|poke|p1|Annihilape, L50, F|\n|poke|p1|Grimmsnarl, L50, M|\n|poke|p2|Ceruledge, L50, M|\n|poke|p2|Arcanine, L50, M|\n|poke|p2|Garganacl, L50, F|\n|poke|p2|Tauros-Paldea-Aqua, L50, M|\n|poke|p2|Flutter Mane, L50|\n|poke|p2|Gholdengo, L50|\n|teampreview|4\n|inactive|Battle timer is ON: inactive players will automatically lose when time's up. (requested by XJ09)\n|\n|t:|1683183020\n|start\n|switch|p1a: Roaring Moon|Roaring Moon, L50|100\/100\n|switch|p1b: Gyarados|Gyarados, L50, M|100\/100\n|switch|p2a: Ceruledge|Ceruledge, L50, M|100\/100\n|switch|p2b: Flutter Mane|Flutter Mane, L50|100\/100\n|-ability|p1b: Gyarados|Intimidate|boost\n|-fail|p2a: Ceruledge|unboost|[from] item: Clear Amulet|[of] p2a: Ceruledge\n|-unboost|p2b: Flutter Mane|atk|1\n|-enditem|p1a: Roaring Moon|Booster Energy\n|-activate|p1a: Roaring Moon|ability: Protosynthesis|[fromitem]\n|-start|p1a: Roaring Moon|protosynthesisspe\n|turn|1\n|\n|t:|1683183041\n|move|p1a: Roaring Moon|Snarl|p2b: Flutter Mane|[spread] p2a,p2b\n|-supereffective|p2a: Ceruledge\n|-damage|p2a: Ceruledge|81\/100\n|-damage|p2b: Flutter Mane|91\/100\n|-unboost|p2b: Flutter Mane|spa|1\n|move|p2b: Flutter Mane|Moonblast|p1a: Roaring Moon\n|-supereffective|p1a: Roaring Moon\n|-damage|p1a: Roaring Moon|0 fnt\n|faint|p1a: Roaring Moon\n|-end|p1a: Roaring Moon|Protosynthesis|[silent]\n|move|p1b: Gyarados|Waterfall|p2a: Ceruledge\n|-supereffective|p2a: Ceruledge\n|-damage|p2a: Ceruledge|0 fnt\n|faint|p2a: Ceruledge\n|\n|upkeep\n|\n|t:|1683183064\n|switch|p1a: Annihilape|Annihilape, L50, F|100\/100\n|switch|p2a: Gholdengo|Gholdengo, L50|100\/100\n|turn|2\n|\n|t:|1683183084\n|-end|p2b: Flutter Mane|Protosynthesis|[silent]\n|switch|p2b: Garganacl|Garganacl, L50, F|100\/100\n|-terastallize|p1a: Annihilape|Grass\n|move|p1b: Gyarados|Waterfall|p2a: Gholdengo\n|-damage|p2a: Gholdengo|46\/100\n|move|p2a: Gholdengo|Shadow Ball|p1a: Annihilape\n|-damage|p1a: Annihilape|49\/100\n|-enditem|p1a: Annihilape|Sitrus Berry|[eat]\n|-heal|p1a: Annihilape|74\/100|[from] item: Sitrus Berry\n|move|p1a: Annihilape|Rage Fist|p2b: Garganacl\n|-damage|p2b: Garganacl|86\/100\n|\n|-heal|p2b: Garganacl|92\/100|[from] item: Leftovers\n|upkeep\n|turn|3\n|inactive|XJ09 has 30 seconds left.\n|inactive|Nomadik has 30 seconds left.\n|\n|t:|1683183116\n|-terastallize|p2b: Garganacl|Ghost\n|move|p1b: Gyarados|Waterfall|p2a: Gholdengo\n|-damage|p2a: Gholdengo|0 fnt\n|faint|p2a: Gholdengo\n|move|p1a: Annihilape|Drain Punch|p2b: Garganacl\n|-immune|p2b: Garganacl\n|move|p2b: Garganacl|Salt Cure|p1b: Gyarados\n|-supereffective|p1b: Gyarados\n|-damage|p1b: Gyarados|65\/100\n|-start|p1b: Gyarados|Salt Cure\n|\n|-heal|p2b: Garganacl|98\/100|[from] item: Leftovers\n|-damage|p1b: Gyarados|41\/100|[from] Salt Cure\n|upkeep\n|\n|t:|1683183122\n|switch|p2a: Flutter Mane|Flutter Mane, L50|91\/100\n|turn|4\n|\n|t:|1683183137\n|switch|p1b: Garganacl|Garganacl, L50, M|100\/100\n|move|p2a: Flutter Mane|Moonblast|p1a: Annihilape\n|-damage|p1a: Annihilape|38\/100\n|-unboost|p1a: Annihilape|spa|1\n|-ability|p1a: Annihilape|Defiant|boost\n|-boost|p1a: Annihilape|atk|2\n|move|p1a: Annihilape|Rage Fist|p2a: Flutter Mane\n|-supereffective|p2a: Flutter Mane\n|-damage|p2a: Flutter Mane|0 fnt\n|faint|p2a: Flutter Mane\n|-end|p2a: Flutter Mane|Protosynthesis|[silent]\n|move|p2b: Garganacl|Salt Cure|p1b: Garganacl\n|-damage|p1b: Garganacl|91\/100\n|-start|p1b: Garganacl|Salt Cure\n|\n|-heal|p1b: Garganacl|97\/100|[from] item: Leftovers\n|-heal|p2b: Garganacl|100\/100|[from] item: Leftovers\n|-damage|p1b: Garganacl|85\/100|[from] Salt Cure\n|upkeep\n|turn|5\n|-message|Nomadik forfeited.\n|\n|win|XJ09\n|raw|XJ09's rating: 1319 → 1335<\/strong> (+16 for winning)\n|raw|Nomadik's rating: 1249 → 1229<\/strong> (-20 for losing)\n|l|\u2606Nomadik\n","uploadtime":1683183164,"views":5,"p1id":"xj09","p2id":"nomadik","formatid":"gen9vgc2023regulationc","rating":1229,"private":0,"password":""}