{"id":"gen9vgc2023regulationc-1862931530","p1":"boomoomerang","p2":"Igpvala","format":"[Gen 9] VGC 2023 Regulation C","log":"|j|\u2606boomoomerang\n|j|\u2606Igpvala\n|t:|1683940107\n|gametype|doubles\n|player|p1|boomoomerang|acetrainersnow|1247\n|player|p2|Igpvala|hugh|1355\n|teamsize|p1|6\n|teamsize|p2|6\n|gen|9\n|tier|[Gen 9] VGC 2023 Regulation C\n|rated|\n|rule|Species Clause: Limit one of each Pok\u00e9mon\n|rule|Item Clause: Limit one of each item\n|clearpoke\n|poke|p1|Heracross, L50, F|\n|poke|p1|Corviknight, L50, M|\n|poke|p1|Mimikyu, L50, M|\n|poke|p1|Farigiraf, L50, F|\n|poke|p1|Great Tusk, L50|\n|poke|p1|Skeledirge, L50, F|\n|poke|p2|Vaporeon, L50, F|\n|poke|p2|Garganacl, L50, M|\n|poke|p2|Flutter Mane, L50|\n|poke|p2|Iron Bundle, L50|\n|poke|p2|Iron Hands, L50|\n|poke|p2|Great Tusk, L50|\n|teampreview|4\nIgpvala has agreed to open team sheets.\n|\n|t:|1683940165\n|start\n|switch|p1a: Mimikyu|Mimikyu, L50, M|100\/100\n|switch|p1b: Farigiraf|Farigiraf, L50, F|100\/100\n|switch|p2a: Garganacl|Garganacl, L50, M, shiny|100\/100\n|switch|p2b: Vaporeon|Vaporeon, L50, F, shiny|100\/100\n|turn|1\n|inactive|Battle timer is ON: inactive players will automatically lose when time's up. (requested by Igpvala)\n|\n|t:|1683940177\n|move|p2b: Vaporeon|Yawn|p1b: Farigiraf\n|-start|p1b: Farigiraf|move: Yawn|[of] p2b: Vaporeon\n|move|p1b: Farigiraf|Hyper Voice|p2a: Garganacl|[spread] p2a,p2b\n|-resisted|p2a: Garganacl\n|-damage|p2a: Garganacl|92\/100\n|-damage|p2b: Vaporeon|80\/100\n|-enditem|p1b: Farigiraf|Throat Spray\n|-boost|p1b: Farigiraf|spa|1|[from] item: Throat Spray\n|move|p2a: Garganacl|Salt Cure|p1a: Mimikyu\n|-activate|p1a: Mimikyu|ability: Disguise\n|-damage|p1a: Mimikyu|100\/100\n|-start|p1a: Mimikyu|Salt Cure\n|detailschange|p1a: Mimikyu|Mimikyu-Busted, L50, M\n|-damage|p1a: Mimikyu|88\/100|[from] pokemon: Mimikyu-Busted\n|move|p1a: Mimikyu|Trick Room|p1a: Mimikyu\n|-fieldstart|move: Trick Room|[of] p1a: Mimikyu\n|\n|-heal|p2b: Vaporeon|86\/100|[from] item: Leftovers\n|-damage|p1a: Mimikyu|76\/100|[from] Salt Cure\n|upkeep\n|turn|2\n|inactive|boomoomerang has 30 seconds left.\n|\n|t:|1683940203\n|move|p2a: Garganacl|Salt Cure|p1b: Farigiraf\n|-damage|p1b: Farigiraf|86\/100\n|-start|p1b: Farigiraf|Salt Cure\n|move|p1b: Farigiraf|Dazzling Gleam|p2a: Garganacl|[spread] p2a,p2b\n|-crit|p2b: Vaporeon\n|-damage|p2a: Garganacl|76\/100\n|-damage|p2b: Vaporeon|60\/100\n|move|p2b: Vaporeon|Yawn||[still]\n|-fail|p2b: Vaporeon\n|move|p1a: Mimikyu|Play Rough|p2b: Vaporeon\n|-damage|p2b: Vaporeon|16\/100\n|-damage|p1a: Mimikyu|66\/100|[from] item: Life Orb\n|\n|-heal|p2b: Vaporeon|22\/100|[from] item: Leftovers\n|-damage|p1b: Farigiraf|74\/100|[from] Salt Cure\n|-damage|p1a: Mimikyu|54\/100|[from] Salt Cure\n|-end|p1b: Farigiraf|move: Yawn|[silent]\n|-status|p1b: Farigiraf|slp\n|upkeep\n|turn|3\n|inactive|boomoomerang has 30 seconds left.\n|\n|t:|1683940229\n|cant|p1b: Farigiraf|slp\n|move|p2b: Vaporeon|Protect|p2b: Vaporeon\n|-singleturn|p2b: Vaporeon|Protect\n|move|p2a: Garganacl|Stealth Rock|p1a: Mimikyu\n|-sidestart|p1: boomoomerang|move: Stealth Rock\n|move|p1a: Mimikyu|Play Rough|p2b: Vaporeon\n|-activate|p2b: Vaporeon|move: Protect\n|\n|-heal|p2b: Vaporeon|28\/100|[from] item: Leftovers\n|-damage|p1b: Farigiraf|61\/100 slp|[from] Salt Cure\n|-damage|p1a: Mimikyu|41\/100|[from] Salt Cure\n|upkeep\n|turn|4\n|\n|t:|1683940250\n|cant|p1b: Farigiraf|slp\n|move|p2a: Garganacl|Salt Cure|p1a: Mimikyu\n|-damage|p1a: Mimikyu|22\/100\n|move|p2b: Vaporeon|Muddy Water|p1b: Farigiraf|[spread] p1a,p1b\n|-damage|p1a: Mimikyu|0 fnt\n|-damage|p1b: Farigiraf|42\/100 slp\n|faint|p1a: Mimikyu\n|\n|-heal|p2b: Vaporeon|34\/100|[from] item: Leftovers\n|-damage|p1b: Farigiraf|30\/100 slp|[from] Salt Cure\n|upkeep\n|\n|t:|1683940267\n|switch|p1a: Heracross|Heracross, L50, F|100\/100\n|-damage|p1a: Heracross|88\/100|[from] Stealth Rock\n|turn|5\n|\n|t:|1683940280\n|-terastallize|p2a: Garganacl|Flying\n|cant|p1b: Farigiraf|slp\n|move|p2b: Vaporeon|Protect|p2b: Vaporeon\n|-singleturn|p2b: Vaporeon|Protect\n|move|p1a: Heracross|Protect|p1a: Heracross\n|-singleturn|p1a: Heracross|Protect\n|move|p2a: Garganacl|Salt Cure|p1a: Heracross\n|-activate|p1a: Heracross|move: Protect\n|\n|-heal|p2b: Vaporeon|41\/100|[from] item: Leftovers\n|-damage|p1b: Farigiraf|18\/100 slp|[from] Salt Cure\n|-fieldend|move: Trick Room\n|-status|p1a: Heracross|brn|[from] item: Flame Orb\n|upkeep\n|turn|6\n|\n|t:|1683940305\n|-terastallize|p1a: Heracross|Normal\n|-curestatus|p1b: Farigiraf|slp|[msg]\n|move|p1b: Farigiraf|Protect|p1b: Farigiraf\n|-singleturn|p1b: Farigiraf|Protect\n|move|p1a: Heracross|Facade|p2b: Vaporeon\n|-damage|p2b: Vaporeon|0 fnt\n|faint|p2b: Vaporeon\n|move|p2a: Garganacl|Salt Cure|p1a: Heracross\n|-damage|p1a: Heracross|70\/100 brn\n|-start|p1a: Heracross|Salt Cure\n|\n|-damage|p1a: Heracross|64\/100 brn|[from] brn\n|-damage|p1a: Heracross|52\/100 brn|[from] Salt Cure\n|-damage|p1b: Farigiraf|5\/100|[from] Salt Cure\n|upkeep\n|inactive|Igpvala has 30 seconds left.\n|\n|t:|1683940330\n|switch|p2b: Iron Bundle|Iron Bundle, L50, shiny|100\/100\n|turn|7\n|\n|t:|1683940340\n|move|p2b: Iron Bundle|Icy Wind|p1a: Heracross|[spread] p1a,p1b\n|-damage|p1a: Heracross|33\/100 brn\n|-damage|p1b: Farigiraf|0 fnt\n|-unboost|p1a: Heracross|spe|1\n|faint|p1b: Farigiraf\n|move|p1a: Heracross|Close Combat|p2b: Iron Bundle\n|-supereffective|p2b: Iron Bundle\n|-enditem|p2b: Iron Bundle|Focus Sash\n|-damage|p2b: Iron Bundle|1\/100\n|-unboost|p1a: Heracross|def|1\n|-unboost|p1a: Heracross|spd|1\n|move|p2a: Garganacl|Salt Cure|p1a: Heracross\n|-damage|p1a: Heracross|5\/100 brn\n|\n|-damage|p1a: Heracross|0 fnt|[from] brn\n|faint|p1a: Heracross\n|upkeep\n|\n|t:|1683940355\n|switch|p1b: Great Tusk|Great Tusk, L50|100\/100\n|-damage|p1b: Great Tusk|98\/100|[from] Stealth Rock\n|-enditem|p1b: Great Tusk|Booster Energy\n|-activate|p1b: Great Tusk|ability: Protosynthesis|[fromitem]\n|-start|p1b: Great Tusk|protosynthesisatk\n|turn|8\n|\n|t:|1683940366\n|move|p2b: Iron Bundle|Icy Wind|p1b: Great Tusk\n|-supereffective|p1b: Great Tusk\n|-damage|p1b: Great Tusk|22\/100\n|-unboost|p1b: Great Tusk|spe|1\n|move|p1b: Great Tusk|Iron Head|p2b: Iron Bundle\n|-damage|p2b: Iron Bundle|0 fnt\n|faint|p2b: Iron Bundle\n|-end|p2b: Iron Bundle|Quark Drive|[silent]\n|move|p2a: Garganacl|Salt Cure|p1b: Great Tusk\n|-resisted|p1b: Great Tusk\n|-damage|p1b: Great Tusk|20\/100\n|-start|p1b: Great Tusk|Salt Cure\n|\n|-damage|p1b: Great Tusk|8\/100|[from] Salt Cure\n|upkeep\n|\n|t:|1683940378\n|switch|p2b: Flutter Mane|Flutter Mane, L50, shiny|100\/100\n|turn|9\n|\n|t:|1683940387\n|move|p2b: Flutter Mane|Moonblast|p1b: Great Tusk\n|-supereffective|p1b: Great Tusk\n|-damage|p1b: Great Tusk|0 fnt\n|faint|p1b: Great Tusk\n|-end|p1b: Great Tusk|Protosynthesis|[silent]\n|\n|win|Igpvala\n|raw|boomoomerang's rating: 1247 → 1230<\/strong> (-17 for losing)\n|raw|Igpvala's rating: 1355 → 1369<\/strong> (+14 for winning)\n|l|\u2606boomoomerang\n","uploadtime":1683940395,"views":5,"p1id":"boomoomerang","p2id":"igpvala","formatid":"gen9vgc2023regulationc","rating":1230,"private":0,"password":""}