{"id":"gen9vgc2023regulationc-1863862915","p1":"seismattersCORNER","p2":"theoptophobickoala","format":"[Gen 9] VGC 2023 Regulation C","log":"|j|\u2606seismattersCORNER\n|j|\u2606theoptophobickoala\n|t:|1684086756\n|gametype|doubles\n|player|p1|seismattersCORNER|emmet|1297\n|player|p2|theoptophobickoala|eusine|1211\n|teamsize|p1|6\n|teamsize|p2|6\n|gen|9\n|tier|[Gen 9] VGC 2023 Regulation C\n|rated|\n|rule|Species Clause: Limit one of each Pok\u00e9mon\n|rule|Item Clause: Limit one of each item\n|clearpoke\n|poke|p1|Amoonguss, L50, M|\n|poke|p1|Gyarados, L50, M|\n|poke|p1|Murkrow, L50, F|\n|poke|p1|Flutter Mane, L50|\n|poke|p1|Gholdengo, L50|\n|poke|p1|Great Tusk, L50|\n|poke|p2|Hawlucha, L50, M|\n|poke|p2|Indeedee-F, L50, F|\n|poke|p2|Armarouge, L50, M|\n|poke|p2|Palafin, L50, F|\n|poke|p2|Sandy Shocks, L50|\n|poke|p2|Chien-Pao, L50|\n|teampreview|4\nseismattersCORNER has agreed to open team sheets.\n|inactive|Battle timer is ON: inactive players will automatically lose when time's up. (requested by seismattersCORNER)\n|inactive|seismattersCORNER has 60 seconds left.\n|inactive|theoptophobickoala has 60 seconds left.\ntheoptophobickoala has agreed to open team sheets.\n|inactive|theoptophobickoala has 30 seconds left.\n|inactive|theoptophobickoala has 20 seconds left.\n|inactive|theoptophobickoala has 15 seconds left.\n|inactive|theoptophobickoala has 10 seconds left.\n|inactive|theoptophobickoala has 5 seconds left.\n|\n|t:|1684086844\n|start\n|switch|p1a: Great Tusk|Great Tusk, L50|100\/100\n|switch|p1b: Gyarados|Gyarados, L50, M|100\/100\n|switch|p2a: C. Falcon|Hawlucha, L50, M, shiny|100\/100\n|switch|p2b: Isabelle|Indeedee-F, L50, F|100\/100\n|-fieldstart|move: Psychic Terrain|[from] ability: Psychic Surge|[of] p2b: Isabelle\n|-enditem|p2a: C. Falcon|Psychic Seed\n|-boost|p2a: C. Falcon|spd|1|[from] item: Psychic Seed\n|-ability|p1b: Gyarados|Intimidate|boost\n|-unboost|p2a: C. Falcon|atk|1\n|-unboost|p2b: Isabelle|atk|1\n|turn|1\n|inactive|seismattersCORNER has 30 seconds left.\n|\n|t:|1684086876\n|-terastallize|p1a: Great Tusk|Ground\n|move|p2b: Isabelle|Follow Me|p2b: Isabelle\n|-singleturn|p2b: Isabelle|move: Follow Me\n|move|p2a: C. Falcon|Swords Dance|p2a: C. Falcon\n|-boost|p2a: C. Falcon|atk|2\n|move|p1a: Great Tusk|Earthquake|p2b: Isabelle|[spread] p2b\n|-immune|p1b: Gyarados\n|-immune|p2a: C. Falcon\n|-damage|p2b: Isabelle|50\/100\n|move|p1b: Gyarados|Taunt|p2b: Isabelle\n|-start|p2b: Isabelle|move: Taunt\n|\n|upkeep\n|turn|2\n|inactive|theoptophobickoala has 30 seconds left.\n|\n|t:|1684086904\n|-end|p1a: Great Tusk|Protosynthesis|[silent]\n|switch|p1a: Amoonguss|Amoonguss, L50, M|100\/100\n|move|p2a: C. Falcon|Acrobatics|p1a: Amoonguss\n|-supereffective|p1a: Amoonguss\n|-damage|p1a: Amoonguss|0 fnt\n|faint|p1a: Amoonguss\n|move|p2b: Isabelle|Psychic|p1b: Gyarados\n|-crit|p1b: Gyarados\n|-damage|p1b: Gyarados|57\/100\n|move|p1b: Gyarados|Thunder Wave|p2a: C. Falcon\n|-status|p2a: C. Falcon|par\n|\n|upkeep\n|\n|t:|1684086918\n|switch|p1a: Flutter Mane|Flutter Mane, L50, shiny|100\/100\n|turn|3\n|\n|t:|1684086940\n|-terastallize|p2a: C. Falcon|Steel\n|move|p1a: Flutter Mane|Dazzling Gleam|p2b: Isabelle|[spread] p2a,p2b\n|-resisted|p2a: C. Falcon\n|-damage|p2a: C. Falcon|75\/100 par\n|-damage|p2b: Isabelle|2\/100\n|cant|p2a: C. Falcon|par\n|move|p2b: Isabelle|Psychic|p1b: Gyarados\n|-damage|p1b: Gyarados|32\/100\n|move|p1b: Gyarados|Waterfall|p2a: C. Falcon\n|-damage|p2a: C. Falcon|32\/100 par\n|\n|upkeep\n|turn|4\n|\n|t:|1684086960\n|-end|p1a: Flutter Mane|Protosynthesis|[silent]\n|switch|p1a: Great Tusk|Great Tusk, L50, tera:Ground|100\/100\n|move|p2a: C. Falcon|Detect|p2a: C. Falcon\n|-singleturn|p2a: C. Falcon|Protect\n|move|p2b: Isabelle|Psychic|p1b: Gyarados\n|-damage|p1b: Gyarados|3\/100\n|move|p1b: Gyarados|Waterfall|p2a: C. Falcon\n|-activate|p2a: C. Falcon|move: Protect\n|\n|-end|p2b: Isabelle|move: Taunt\n|upkeep\n|turn|5\n|inactive|theoptophobickoala has 30 seconds left.\n|inactive|theoptophobickoala has 20 seconds left.\n|inactive|theoptophobickoala has 15 seconds left.\n|\n|t:|1684087004\n|move|p2a: C. Falcon|Detect|p2a: C. Falcon\n|-singleturn|p2a: C. Falcon|Protect\n|move|p1a: Great Tusk|Earthquake|p2a: C. Falcon|[spread] p2b\n|-activate|p2a: C. Falcon|move: Protect\n|-immune|p1b: Gyarados\n|-damage|p2b: Isabelle|0 fnt\n|faint|p2b: Isabelle\n|move|p1b: Gyarados|Waterfall|p2a: C. Falcon\n|-activate|p2a: C. Falcon|move: Protect\n|\n|-fieldend|move: Psychic Terrain\n|upkeep\n|\n|t:|1684087007\n|switch|p2b: Marth|Chien-Pao, L50|100\/100\n|-ability|p2b: Marth|Sword of Ruin\n|turn|6\n|\n|t:|1684087019\n|move|p1a: Great Tusk|Earthquake|p2b: Marth|[spread] p2a,p2b\n|-immune|p1b: Gyarados\n|-supereffective|p2a: C. Falcon\n|-damage|p2a: C. Falcon|0 fnt\n|-damage|p2b: Marth|29\/100\n|faint|p2a: C. Falcon\n|move|p2b: Marth|Ice Spinner|p1a: Great Tusk\n|-supereffective|p1a: Great Tusk\n|-damage|p1a: Great Tusk|21\/100\n|move|p1b: Gyarados|Waterfall|p2b: Marth\n|-damage|p2b: Marth|0 fnt\n|faint|p2b: Marth\n|\n|upkeep\n|\n|t:|1684087027\n|switch|p2b: R.O.B.|Sandy Shocks, L50, shiny|100\/100\n|-enditem|p2b: R.O.B.|Booster Energy\n|-activate|p2b: R.O.B.|ability: Protosynthesis|[fromitem]\n|-start|p2b: R.O.B.|protosynthesisspe\n|turn|7\n|\n|t:|1684087033\n|move|p2b: R.O.B.|Thunderbolt|p1b: Gyarados\n|-supereffective|p1b: Gyarados\n|-damage|p1b: Gyarados|0 fnt\n|faint|p1b: Gyarados\n|move|p1a: Great Tusk|Earthquake|p2b: R.O.B.\n|-supereffective|p2b: R.O.B.\n|-damage|p2b: R.O.B.|0 fnt\n|faint|p2b: R.O.B.\n|-end|p2b: R.O.B.|Protosynthesis|[silent]\n|\n|win|seismattersCORNER\n|raw|seismattersCORNER's rating: 1297 → 1316<\/strong> (+19 for winning)\n|raw|theoptophobickoala's rating: 1211 → 1192<\/strong> (-19 for losing)\n","uploadtime":1684087041,"views":9,"p1id":"seismatterscorner","p2id":"theoptophobickoala","formatid":"gen9vgc2023regulationc","rating":1192,"private":0,"password":""}