{"id":"gen9vgc2023regulationc-1848850926","p1":"Entrenador2806","p2":"lilpump4","format":"[Gen 9] VGC 2023 Regulation C","log":"|j|\u2606Entrenador2806\n|j|\u2606lilpump4\n|t:|1682117439\n|gametype|doubles\n|player|p1|Entrenador2806|2|1124\n|player|p2|lilpump4|cynthia-gen4|1165\n|teamsize|p1|6\n|teamsize|p2|6\n|gen|9\n|tier|[Gen 9] VGC 2023 Regulation C\n|rated|\n|rule|Species Clause: Limit one of each Pok\u00e9mon\n|rule|Item Clause: Limit one of each item\n|clearpoke\n|poke|p1|Flutter Mane, L50|\n|poke|p1|Arcanine, L50, M|\n|poke|p1|Palafin, L50, M|\n|poke|p1|Amoonguss, L50, M|\n|poke|p1|Ting-Lu, L50|\n|poke|p1|Corviknight, L50, M|\n|poke|p2|Lucario, L50, M|\n|poke|p2|Chi-Yu, L50|\n|poke|p2|Sandy Shocks, L50|\n|poke|p2|Kingambit, L50, F|\n|poke|p2|Palafin, L50, F|\n|poke|p2|Farigiraf, L50, F|\n|teampreview|4\nEntrenador2806 has agreed to open team sheets.\nlilpump4 has agreed to open team sheets.\n|inactive|Battle timer is ON: inactive players will automatically lose when time's up. (requested by lilpump4)\n|inactive|Entrenador2806 has 60 seconds left.\n|inactive|Entrenador2806 has 30 seconds left.\n|inactive|Entrenador2806 has 20 seconds left.\n|inactive|Entrenador2806 has 15 seconds left.\n|inactive|Entrenador2806 has 10 seconds left.\n|inactive|Entrenador2806 has 5 seconds left.\n|\n|t:|1682117548\n|start\n|switch|p1a: Ting-Lu|Ting-Lu, L50|100\/100\n|switch|p1b: Palafin|Palafin, L50, M|100\/100\n|switch|p2a: Sandy Shocks|Sandy Shocks, L50|100\/100\n|switch|p2b: Chi-Yu|Chi-Yu, L50|100\/100\n|-ability|p2b: Chi-Yu|Beads of Ruin\n|-ability|p1a: Ting-Lu|Vessel of Ruin\n|-enditem|p2a: Sandy Shocks|Booster Energy\n|-activate|p2a: Sandy Shocks|ability: Protosynthesis|[fromitem]\n|-start|p2a: Sandy Shocks|protosynthesisspe\n|turn|1\n|inactive|Entrenador2806 has 30 seconds left.\n|inactive|lilpump4 has 30 seconds left.\n|inactive|Entrenador2806 has 20 seconds left.\n|inactive|Entrenador2806 has 15 seconds left.\n|inactive|Entrenador2806 has 10 seconds left.\n|inactive|Entrenador2806 has 5 seconds left.\n|\n|t:|1682117600\n|move|p1b: Palafin|Protect|p1b: Palafin\n|-singleturn|p1b: Palafin|Protect\n|move|p2a: Sandy Shocks|Gravity|p2a: Sandy Shocks\n|-fieldstart|move: Gravity\n|move|p2b: Chi-Yu|Inferno|p1a: Ting-Lu\n|-damage|p1a: Ting-Lu|69\/100\n|-status|p1a: Ting-Lu|brn\n|move|p1a: Ting-Lu|Stomping Tantrum|p2a: Sandy Shocks\n|-supereffective|p2a: Sandy Shocks\n|-damage|p2a: Sandy Shocks|69\/100\n|\n|-damage|p1a: Ting-Lu|63\/100 brn|[from] brn\n|upkeep\n|turn|2\n|inactive|Entrenador2806 has 30 seconds left.\n|inactive|lilpump4 has 30 seconds left.\n|\n|t:|1682117634\n|move|p1b: Palafin|Jet Punch|p2a: Sandy Shocks\n|-supereffective|p2a: Sandy Shocks\n|-damage|p2a: Sandy Shocks|16\/100\n|move|p2a: Sandy Shocks|Zap Cannon|p1b: Palafin\n|-supereffective|p1b: Palafin\n|-damage|p1b: Palafin|0 fnt\n|faint|p1b: Palafin\n|move|p2b: Chi-Yu|Inferno|p1a: Ting-Lu\n|-damage|p1a: Ting-Lu|32\/100 brn\n|move|p1a: Ting-Lu|Ruination|p2b: Chi-Yu\n|-damage|p2b: Chi-Yu|50\/100\n|\n|-damage|p1a: Ting-Lu|26\/100 brn|[from] brn\n|upkeep\n|\n|t:|1682117658\n|switch|p1b: Flutter Mane|Flutter Mane, L50|100\/100\n|-enditem|p1b: Flutter Mane|Booster Energy\n|-activate|p1b: Flutter Mane|ability: Protosynthesis|[fromitem]\n|-start|p1b: Flutter Mane|protosynthesisspa\n|turn|3\n|inactive|Entrenador2806 has 30 seconds left.\n|\n|t:|1682117685\n|move|p1b: Flutter Mane|Protect|p1b: Flutter Mane\n|-singleturn|p1b: Flutter Mane|Protect\n|move|p2a: Sandy Shocks|Zap Cannon|p1b: Flutter Mane\n|-activate|p1b: Flutter Mane|move: Protect\n|move|p2b: Chi-Yu|Inferno|p1a: Ting-Lu\n|-damage|p1a: Ting-Lu|0 fnt\n|faint|p1a: Ting-Lu\n|\n|upkeep\n|\n|t:|1682117694\n|switch|p1a: Amoonguss|Amoonguss, L50, M, shiny|100\/100\n|turn|4\n|\n|t:|1682117712\n|-terastallize|p1b: Flutter Mane|Fairy\n|move|p1a: Amoonguss|Rage Powder|p1a: Amoonguss\n|-singleturn|p1a: Amoonguss|move: Rage Powder\n|move|p2a: Sandy Shocks|Zap Cannon|p1a: Amoonguss\n|-resisted|p1a: Amoonguss\n|-damage|p1a: Amoonguss|69\/100\n|-status|p1a: Amoonguss|par\n|move|p1b: Flutter Mane|Dazzling Gleam|p2a: Sandy Shocks|[spread] p2a,p2b\n|-damage|p2a: Sandy Shocks|0 fnt\n|-damage|p2b: Chi-Yu|0 fnt\n|faint|p2a: Sandy Shocks\n|-end|p2a: Sandy Shocks|Protosynthesis|[silent]\n|faint|p2b: Chi-Yu\n|\n|upkeep\n|\n|t:|1682117725\n|switch|p2a: Kingambit|Kingambit, L50, F|100\/100\n|switch|p2b: Lucario|Lucario, L50, M|100\/100\n|turn|5\n|\n|t:|1682117750\n|-terastallize|p2b: Lucario|Normal\n|move|p1a: Amoonguss|Rage Powder|p1a: Amoonguss\n|-singleturn|p1a: Amoonguss|move: Rage Powder\n|move|p1b: Flutter Mane|Moonblast|p2b: Lucario\n|-damage|p2b: Lucario|0 fnt\n|faint|p2b: Lucario\n|move|p2a: Kingambit|Iron Head|p1a: Amoonguss\n|-damage|p1a: Amoonguss|30\/100 par\n|-damage|p2a: Kingambit|84\/100|[from] item: Rocky Helmet|[of] p1a: Amoonguss\n|\n|-fieldend|move: Gravity\n|upkeep\n|turn|6\n|\n|t:|1682117764\n|move|p1b: Flutter Mane|Protect|p1b: Flutter Mane\n|-singleturn|p1b: Flutter Mane|Protect\n|move|p2a: Kingambit|Iron Head|p1a: Amoonguss\n|-damage|p1a: Amoonguss|0 fnt\n|-damage|p2a: Kingambit|68\/100|[from] item: Rocky Helmet|[of] p1a: Amoonguss\n|faint|p1a: Amoonguss\n|\n|upkeep\n|turn|7\n|\n|t:|1682117778\n|move|p1b: Flutter Mane|Moonblast|p2a: Kingambit\n|-damage|p2a: Kingambit|0 fnt\n|faint|p2a: Kingambit\n|\n|win|Entrenador2806\n|raw|Entrenador2806's rating: 1124 → 1152<\/strong> (+28 for winning)\n|raw|lilpump4's rating: 1165 → 1137<\/strong> (-28 for losing)\n|l|\u2606lilpump4\n","uploadtime":1682117783,"views":6,"p1id":"entrenador2806","p2id":"lilpump4","formatid":"gen9vgc2023regulationc","rating":1137,"private":0,"password":""}