{"id":"gen9vgc2023regulationc-1854077867","p1":"Kyogre Canucks","p2":"noahthenumbat","format":"[Gen 9] VGC 2023 Regulation C","log":"|j|\u2606Kyogre Canucks\n|j|\u2606noahthenumbat\n|t:|1682765183\n|gametype|doubles\n|player|p1|Kyogre Canucks|flannery|\n|player|p2|noahthenumbat|backersf|\n|teamsize|p1|6\n|teamsize|p2|6\n|gen|9\n|tier|[Gen 9] VGC 2023 Regulation C\n|rule|Species Clause: Limit one of each Pok\u00e9mon\n|rule|Item Clause: Limit one of each item\n|clearpoke\n|poke|p1|Kilowattrel, L50, M|\n|poke|p1|Great Tusk, L50|\n|poke|p1|Vaporeon, L50, F|\n|poke|p1|Umbreon, L50, M|\n|poke|p1|Torkoal, L50, F|\n|poke|p1|Persian, L50, M|\n|poke|p2|Dondozo, L50, F|\n|poke|p2|Tatsugiri-Stretchy, L50, F|\n|poke|p2|Abomasnow, L50, M|\n|poke|p2|Ceruledge, L50, F|\n|poke|p2|Pawmot, L50, M|\n|poke|p2|Salazzle, L50, F|\n|teampreview|4\nnoahthenumbat rejected open team sheets.\n|c|\u2606Kyogre Canucks|g2\n|c|\u2606noahthenumbat|glhf\n|c|\u2606Kyogre Canucks|glhf\n|\n|t:|1682765826\n|start\n|switch|p1a: HERE COMES|Kilowattrel, L50, M|100\/100\n|switch|p1b: Mom's Fav|Persian, L50, M|100\/100\n|switch|p2a: Abomasnow|Abomasnow, L50, M|100\/100\n|switch|p2b: Dondozo|Dondozo, L50, F|100\/100\n|-weather|Snow|[from] ability: Snow Warning|[of] p2a: Abomasnow\n|turn|1\n|\n|t:|1682765879\n|move|p2b: Dondozo|Protect|p2b: Dondozo\n|-singleturn|p2b: Dondozo|Protect\n|move|p1b: Mom's Fav|Fake Out|p2a: Abomasnow\n|-damage|p2a: Abomasnow|89\/100\n|move|p1a: HERE COMES|Tailwind|p1a: HERE COMES\n|-sidestart|p1: Kyogre Canucks|move: Tailwind\n|cant|p2a: Abomasnow|flinch\n|\n|-weather|Snow|[upkeep]\n|upkeep\n|turn|2\n|\n|t:|1682765894\n|switch|p1a: In terms of...|Vaporeon, L50, F|100\/100\n|move|p1b: Mom's Fav|Snarl|p2b: Dondozo|[spread] p2a,p2b\n|-damage|p2a: Abomasnow|80\/100\n|-damage|p2b: Dondozo|94\/100\n|-unboost|p2a: Abomasnow|spa|1\n|-unboost|p2b: Dondozo|spa|1\n|move|p2a: Abomasnow|Blizzard|p1a: In terms of...|[spread] p1a,p1b\n|-resisted|p1a: In terms of...\n|-damage|p1a: In terms of...|93\/100\n|-damage|p1b: Mom's Fav|77\/100\n|move|p2b: Dondozo|Surf|p1b: Mom's Fav|[spread] p2a,p1b\n|-heal|p1a: In terms of...|100\/100|[from] ability: Water Absorb|[of] p2b: Dondozo\n|-resisted|p2a: Abomasnow\n|-damage|p2a: Abomasnow|74\/100\n|-damage|p1b: Mom's Fav|64\/100\n|\n|-weather|Snow|[upkeep]\n|-heal|p2b: Dondozo|99\/100|[from] item: Leftovers\n|upkeep\n|turn|3\n|c|\u2606noahthenumbat|thats cursed\n|c|\u2606Kyogre Canucks|:)\n|\n|t:|1682765934\n|move|p1b: Mom's Fav|Snarl|p2b: Dondozo|[spread] p2a,p2b\n|-crit|p2b: Dondozo\n|-damage|p2a: Abomasnow|65\/100\n|-damage|p2b: Dondozo|90\/100\n|-unboost|p2a: Abomasnow|spa|1\n|-unboost|p2b: Dondozo|spa|1\n|move|p1a: In terms of...|Muddy Water|p2b: Dondozo|[spread] p2a\n|-miss|p1a: In terms of...|p2b: Dondozo\n|-resisted|p2a: Abomasnow\n|-damage|p2a: Abomasnow|50\/100\n|-unboost|p2a: Abomasnow|accuracy|1\n|move|p2a: Abomasnow|Blizzard|p1a: In terms of...|[spread] p1a,p1b\n|-resisted|p1a: In terms of...\n|-damage|p1a: In terms of...|95\/100\n|-damage|p1b: Mom's Fav|47\/100\n|-status|p1b: Mom's Fav|frz\n|move|p2b: Dondozo|Fissure|p1a: In terms of...|[miss]\n|-miss|p2b: Dondozo|p1a: In terms of...\n|\n|-weather|Snow|[upkeep]\n|-heal|p2b: Dondozo|96\/100|[from] item: Leftovers\n|upkeep\n|turn|4\n|\n|t:|1682765980\n|switch|p1b: HERE COMES|Kilowattrel, L50, M|100\/100\n|-terastallize|p1a: In terms of...|Fairy\n|move|p1a: In terms of...|Tera Blast|p2a: Abomasnow\n|-damage|p2a: Abomasnow|15\/100\n|move|p2a: Abomasnow|Blizzard|p1b: HERE COMES|[spread] p1a,p1b\n|-supereffective|p1b: HERE COMES\n|-damage|p1a: In terms of...|82\/100\n|-damage|p1b: HERE COMES|41\/100\n|move|p2b: Dondozo|Fissure|p1a: In terms of...|[miss]\n|-miss|p2b: Dondozo|p1a: In terms of...\n|\n|-weather|Snow|[upkeep]\n|-heal|p2b: Dondozo|100\/100|[from] item: Leftovers\n|-sideend|p1: Kyogre Canucks|move: Tailwind\n|upkeep\n|turn|5\n|\n|t:|1682766063\n|move|p1b: HERE COMES|Protect|p1b: HERE COMES\n|-singleturn|p1b: HERE COMES|Protect\n|move|p1a: In terms of...|Protect|p1a: In terms of...\n|-singleturn|p1a: In terms of...|Protect\n|move|p2a: Abomasnow|Ice Shard|p1b: HERE COMES\n|-activate|p1b: HERE COMES|move: Protect\n|move|p2b: Dondozo|Fissure|p1a: In terms of...\n|-activate|p1a: In terms of...|move: Protect\n|\n|-weather|none\n|upkeep\n|turn|6\n|\n|t:|1682766090\n|switch|p1b: Mom's Fav|Persian, L50, M|47\/100 frz\n|move|p2a: Abomasnow|Protect|p2a: Abomasnow\n|-singleturn|p2a: Abomasnow|Protect\n|move|p1a: In terms of...|Tera Blast|p2a: Abomasnow\n|-activate|p2a: Abomasnow|move: Protect\n|move|p2b: Dondozo|Fissure|p1a: In terms of...\n|-damage|p1a: In terms of...|0 fnt\n|faint|p1a: In terms of...\n|-ohko\n|\n|upkeep\n|\n|t:|1682766100\n|switch|p1a: THE BOY!!!!|Great Tusk, L50|100\/100\n|turn|7\n|\n|t:|1682766109\n|switch|p2a: Tatsugiri|Tatsugiri-Stretchy, L50, F|100\/100\n|-activate|p2a: Tatsugiri|ability: Commander|[of] p2b: Dondozo\n|-boost|p2b: Dondozo|atk|2\n|-boost|p2b: Dondozo|spa|2\n|-boost|p2b: Dondozo|spe|2\n|-boost|p2b: Dondozo|def|2\n|-boost|p2b: Dondozo|spd|2\n|-terastallize|p2b: Dondozo|Water\n|cant|p1b: Mom's Fav|frz\n|move|p2b: Dondozo|Surf|p1a: THE BOY!!!!|[spread] p1a,p1b\n|-miss|p2b: Dondozo|p2a: Tatsugiri\n|-supereffective|p1a: THE BOY!!!!\n|-damage|p1a: THE BOY!!!!|27\/100\n|-damage|p1b: Mom's Fav|24\/100 frz\n|move|p1a: THE BOY!!!!|Ice Spinner|p2a: Tatsugiri|[miss]\n|-miss|p1a: THE BOY!!!!|p2a: Tatsugiri\n|\n|upkeep\n|turn|8\n|\n|t:|1682766124\n|move|p1a: THE BOY!!!!|Protect|p1a: THE BOY!!!!\n|-singleturn|p1a: THE BOY!!!!|Protect\n|cant|p1b: Mom's Fav|frz\n|move|p2b: Dondozo|Surf|p1b: Mom's Fav|[spread] p1b\n|-miss|p2b: Dondozo|p2a: Tatsugiri\n|-activate|p1a: THE BOY!!!!|move: Protect\n|-damage|p1b: Mom's Fav|0 fnt\n|faint|p1b: Mom's Fav\n|\n|upkeep\n|\n|t:|1682766130\n|switch|p1b: HERE COMES|Kilowattrel, L50, M|41\/100\n|turn|9\n|\n|t:|1682766145\n|move|p1b: HERE COMES|Thunderbolt|p2b: Dondozo\n|-supereffective|p2b: Dondozo\n|-damage|p2b: Dondozo|70\/100\n|move|p2b: Dondozo|Surf|p1b: HERE COMES|[spread] p1a,p1b\n|-miss|p2b: Dondozo|p2a: Tatsugiri\n|-supereffective|p1a: THE BOY!!!!\n|-damage|p1a: THE BOY!!!!|0 fnt\n|-damage|p1b: HERE COMES|0 fnt\n|faint|p1a: THE BOY!!!!\n|-end|p1a: THE BOY!!!!|Protosynthesis|[silent]\n|faint|p1b: HERE COMES\n|\n|win|noahthenumbat\n|c|\u2606Kyogre Canucks|gg\n|c|\u2606noahthenumbat|gg\n","uploadtime":1682766151,"views":35,"p1id":"kyogrecanucks","p2id":"noahthenumbat","formatid":"gen9vgc2023regulationc","rating":0,"private":0,"password":""}