{"id":"gen9vgc2023regulationc-1858693770","p1":"C0nchoboar","p2":"dutfgjfj","format":"[Gen 9] VGC 2023 Regulation C","log":"|j|\u2606C0nchoboar\n|j|\u2606dutfgjfj\n|t:|1683343553\n|gametype|doubles\n|player|p1|C0nchoboar|hilda|1188\n|player|p2|dutfgjfj|lucas|1201\n|teamsize|p1|6\n|teamsize|p2|6\n|gen|9\n|tier|[Gen 9] VGC 2023 Regulation C\n|rated|\n|rule|Species Clause: Limit one of each Pok\u00e9mon\n|rule|Item Clause: Limit one of each item\n|clearpoke\n|poke|p1|Oinkologne, L50, M|\n|poke|p1|Ting-Lu, L50|\n|poke|p1|Grimmsnarl, L50, M|\n|poke|p1|Annihilape, L50, F|\n|poke|p1|Amoonguss, L50, F|\n|poke|p1|Arcanine, L50, M|\n|poke|p2|Hydreigon, L50, M|\n|poke|p2|Mimikyu, L50, M|\n|poke|p2|Baxcalibur, L50, M|\n|poke|p2|Kilowattrel, L50, M|\n|poke|p2|Iron Hands, L50|\n|poke|p2|Chi-Yu, L50|\n|teampreview|4\n|inactive|Battle timer is ON: inactive players will automatically lose when time's up. (requested by dutfgjfj)\n|\n|t:|1683343588\n|start\n|switch|p1a: Grimmsnarl|Grimmsnarl, L50, M|100\/100\n|switch|p1b: Ting-Lu|Ting-Lu, L50|100\/100\n|switch|p2a: Baxcalibur|Baxcalibur, L50, M|100\/100\n|switch|p2b: Hydreigon|Hydreigon, L50, M|100\/100\n|-ability|p1b: Ting-Lu|Vessel of Ruin\n|turn|1\n|\n|t:|1683343604\n|-terastallize|p2b: Hydreigon|Fire\n|move|p2a: Baxcalibur|Protect|p2a: Baxcalibur\n|-singleturn|p2a: Baxcalibur|Protect\n|move|p2b: Hydreigon|Focus Energy|p2b: Hydreigon\n|-start|p2b: Hydreigon|move: Focus Energy\n|move|p1a: Grimmsnarl|Spirit Break|p2b: Hydreigon\n|-resisted|p2b: Hydreigon\n|-damage|p2b: Hydreigon|87\/100\n|-unboost|p2b: Hydreigon|spa|1\n|move|p1b: Ting-Lu|Fissure|p2a: Baxcalibur\n|-activate|p2a: Baxcalibur|move: Protect\n|\n|upkeep\n|turn|2\n|\n|t:|1683343629\n|move|p1a: Grimmsnarl|Light Screen|p1a: Grimmsnarl\n|-sidestart|p1: C0nchoboar|move: Light Screen\n|move|p2b: Hydreigon|Draco Meteor|p1b: Ting-Lu|[miss]\n|-miss|p2b: Hydreigon|p1b: Ting-Lu\n|move|p2a: Baxcalibur|Glaive Rush|p1b: Ting-Lu\n|-damage|p1b: Ting-Lu|55\/100\n|-singlemove|p2a: Baxcalibur|Glaive Rush|[silent]\n|move|p1b: Ting-Lu|Stomping Tantrum|p2a: Baxcalibur\n|-damage|p2a: Baxcalibur|47\/100\n|\n|upkeep\n|turn|3\n|\n|t:|1683343652\n|switch|p1b: Amoonguss|Amoonguss, L50, F|100\/100\n|move|p2a: Baxcalibur|Protect|p2a: Baxcalibur\n|-singleturn|p2a: Baxcalibur|Protect\n|move|p2b: Hydreigon|Draco Meteor|p1b: Amoonguss\n|-crit|p1b: Amoonguss\n|-damage|p1b: Amoonguss|27\/100\n|-unboost|p2b: Hydreigon|spa|2\n|move|p1a: Grimmsnarl|Spirit Break|p2b: Hydreigon\n|-resisted|p2b: Hydreigon\n|-damage|p2b: Hydreigon|72\/100\n|-unboost|p2b: Hydreigon|spa|1\n|\n|upkeep\n|turn|4\n|\n|t:|1683343667\n|switch|p2a: Chi-Yu|Chi-Yu, L50|100\/100\n|-ability|p2a: Chi-Yu|Beads of Ruin\n|move|p1b: Amoonguss|Protect|p1b: Amoonguss\n|-singleturn|p1b: Amoonguss|Protect\n|move|p1a: Grimmsnarl|Reflect|p1a: Grimmsnarl\n|-sidestart|p1: C0nchoboar|Reflect\n|move|p2b: Hydreigon|Heat Wave|p1a: Grimmsnarl|[spread] p1a\n|-activate|p1b: Amoonguss|move: Protect\n|-crit|p1a: Grimmsnarl\n|-damage|p1a: Grimmsnarl|17\/100\n|\n|upkeep\n|turn|5\n|\n|t:|1683343684\n|switch|p2a: Iron Hands|Iron Hands, L50|100\/100\n|switch|p1b: Arcanine|Arcanine, L50, M|100\/100\n|-ability|p1b: Arcanine|Intimidate|boost\n|-unboost|p2a: Iron Hands|atk|1\n|-unboost|p2b: Hydreigon|atk|1\n|move|p1a: Grimmsnarl|Light Screen||[still]\n|-fail|p1a: Grimmsnarl\n|move|p2b: Hydreigon|Heat Wave|p1b: Arcanine|[spread] p1a,p1b\n|-crit|p1a: Grimmsnarl\n|-resisted|p1b: Arcanine\n|-crit|p1b: Arcanine\n|-damage|p1a: Grimmsnarl|0 fnt\n|-damage|p1b: Arcanine|69\/100\n|faint|p1a: Grimmsnarl\n|\n|upkeep\n|\n|t:|1683343690\n|switch|p1a: Ting-Lu|Ting-Lu, L50|55\/100\n|-ability|p1a: Ting-Lu|Vessel of Ruin\n|turn|6\n|\n|t:|1683343704\n|move|p2a: Iron Hands|Fake Out|p1b: Arcanine\n|-damage|p1b: Arcanine|61\/100\n|cant|p1b: Arcanine|flinch\n|move|p2b: Hydreigon|Draco Meteor|p1a: Ting-Lu\n|-crit|p1a: Ting-Lu\n|-damage|p1a: Ting-Lu|19\/100\n|-unboost|p2b: Hydreigon|spa|2\n|move|p1a: Ting-Lu|Fissure|p2a: Iron Hands|[miss]\n|-miss|p1a: Ting-Lu|p2a: Iron Hands\n|\n|upkeep\n|turn|7\n|\n|t:|1683343725\n|move|p1b: Arcanine|Extreme Speed|p2b: Hydreigon\n|-damage|p2b: Hydreigon|49\/100\n|move|p2b: Hydreigon|Draco Meteor|p1b: Arcanine\n|-crit|p1b: Arcanine\n|-damage|p1b: Arcanine|0 fnt\n|faint|p1b: Arcanine\n|move|p1a: Ting-Lu|Stomping Tantrum|p2a: Iron Hands\n|-supereffective|p2a: Iron Hands\n|-damage|p2a: Iron Hands|20\/100\n|move|p2a: Iron Hands|Drain Punch|p1a: Ting-Lu\n|-supereffective|p1a: Ting-Lu\n|-damage|p1a: Ting-Lu|0 fnt\n|-heal|p2a: Iron Hands|29\/100|[from] drain|[of] p1a: Ting-Lu\n|faint|p1a: Ting-Lu\n|\n|upkeep\n|\n|t:|1683343733\n|switch|p1b: Amoonguss|Amoonguss, L50, F|60\/100\n|turn|8\n|\n|t:|1683343748\n|move|p2b: Hydreigon|Draco Meteor|p1b: Amoonguss\n|-crit|p1b: Amoonguss\n|-damage|p1b: Amoonguss|0 fnt\n|faint|p1b: Amoonguss\n|\n|win|dutfgjfj\n|raw|C0nchoboar's rating: 1188 → 1164<\/strong> (-24 for losing)\n|raw|dutfgjfj's rating: 1201 → 1225<\/strong> (+24 for winning)\n","uploadtime":1683343752,"views":11,"p1id":"c0nchoboar","p2id":"dutfgjfj","formatid":"gen9vgc2023regulationc","rating":1164,"private":0,"password":""}