{"id":"gen9vgc2023regulationc-1856881645","p1":"Rateder","p2":"pokezito14","format":"[Gen 9] VGC 2023 Regulation C","log":"|j|\u2606Rateder\n|j|\u2606pokezito14\n|t:|1683122354\n|gametype|doubles\n|player|p1|Rateder|ethan|1220\n|player|p2|pokezito14|101|1113\n|teamsize|p1|6\n|teamsize|p2|6\n|gen|9\n|tier|[Gen 9] VGC 2023 Regulation C\n|rated|\n|rule|Species Clause: Limit one of each Pok\u00e9mon\n|rule|Item Clause: Limit one of each item\n|clearpoke\n|poke|p1|Flutter Mane, L50|\n|poke|p1|Amoonguss, L50, F|\n|poke|p1|Gastrodon, L50, M|\n|poke|p1|Orthworm, L50, M|\n|poke|p1|Maushold-Four, L50|\n|poke|p1|Annihilape, L50, F|\n|poke|p2|Armarouge, L50, M|\n|poke|p2|Indeedee-F, L50, F|\n|poke|p2|Torkoal, L50, M|\n|poke|p2|Hatterene, L50, F|\n|poke|p2|Kingambit, L50, M|\n|poke|p2|Annihilape, L50, M|\n|teampreview|4\n|inactive|Battle timer is ON: inactive players will automatically lose when time's up. (requested by Rateder)\nRateder has agreed to open team sheets.\n|inactive|pokezito14 has 60 seconds left.\n|\n|t:|1683122391\n|start\n|switch|p1a: Annihilape|Annihilape, L50, F|100\/100\n|switch|p1b: Maushold|Maushold-Four, L50|100\/100\n|switch|p2a: Indeedee|Indeedee-F, L50, F|100\/100\n|switch|p2b: Kingambit|Kingambit, L50, M, shiny|100\/100\n|-fieldstart|move: Psychic Terrain|[from] ability: Psychic Surge|[of] p2a: Indeedee\n|-enditem|p2a: Indeedee|Psychic Seed\n|-boost|p2a: Indeedee|spd|1|[from] item: Psychic Seed\n|turn|1\n|inactive|Rateder has 30 seconds left.\n|inactive|pokezito14 has 30 seconds left.\n|\n|t:|1683122420\n|-terastallize|p1a: Annihilape|Fire\n|move|p1b: Maushold|Beat Up|p1a: Annihilape\n|-damage|p1a: Annihilape|99\/100\n|-damage|p1a: Annihilape|97\/100\n|-damage|p1a: Annihilape|95\/100\n|-damage|p1a: Annihilape|94\/100\n|-hitcount|p1a: Annihilape|4\n|move|p1a: Annihilape|Bulk Up|p1a: Annihilape\n|-boost|p1a: Annihilape|atk|1\n|-boost|p1a: Annihilape|def|1\n|move|p2b: Kingambit|Kowtow Cleave|p1a: Annihilape\n|-damage|p1a: Annihilape|70\/100\n|move|p2a: Indeedee|Trick Room|p2a: Indeedee\n|-fieldstart|move: Trick Room|[of] p2a: Indeedee\n|\n|-heal|p1a: Annihilape|76\/100|[from] item: Leftovers\n|upkeep\n|turn|2\n|inactive|Rateder has 30 seconds left.\n|inactive|pokezito14 has 30 seconds left.\n|inactive|Rateder has 20 seconds left.\n|\n|t:|1683122456\n|move|p2a: Indeedee|Follow Me|p2a: Indeedee\n|-singleturn|p2a: Indeedee|move: Follow Me\n|move|p1b: Maushold|Follow Me|p1b: Maushold\n|-singleturn|p1b: Maushold|move: Follow Me\n|move|p2b: Kingambit|Swords Dance|p2b: Kingambit\n|-boost|p2b: Kingambit|atk|2\n|move|p1a: Annihilape|Drain Punch|p2a: Indeedee\n|-crit|p2a: Indeedee\n|-damage|p2a: Indeedee|33\/100\n|-heal|p1a: Annihilape|100\/100|[from] drain|[of] p2a: Indeedee\n|\n|upkeep\n|turn|3\n|\n|t:|1683122480\n|move|p2a: Indeedee|Follow Me|p2a: Indeedee\n|-singleturn|p2a: Indeedee|move: Follow Me\n|move|p1b: Maushold|Follow Me|p1b: Maushold\n|-singleturn|p1b: Maushold|move: Follow Me\n|move|p2b: Kingambit|Kowtow Cleave|p1b: Maushold\n|-damage|p1b: Maushold|0 fnt\n|faint|p1b: Maushold\n|move|p1a: Annihilape|Drain Punch|p2a: Indeedee\n|-damage|p2a: Indeedee|0 fnt\n|faint|p2a: Indeedee\n|\n|upkeep\n|\n|t:|1683122493\n|switch|p2a: Torkoal|Torkoal, L50, M, shiny|100\/100\n|switch|p1b: Orthworm|Orthworm, L50, M|100\/100\n|-weather|SunnyDay|[from] ability: Drought|[of] p2a: Torkoal\n|turn|4\n|inactive|pokezito14 has 30 seconds left.\n|\n|t:|1683122526\n|move|p2a: Torkoal|Clear Smog|p1a: Annihilape\n|-damage|p1a: Annihilape|90\/100\n|-clearboost|p1a: Annihilape\n|move|p2b: Kingambit|Kowtow Cleave|p1b: Orthworm\n|-damage|p1b: Orthworm|32\/100\n|-enditem|p1b: Orthworm|Sitrus Berry|[eat]\n|-heal|p1b: Orthworm|57\/100|[from] item: Sitrus Berry\n|move|p1b: Orthworm|Shed Tail|p1b: Orthworm\n|-start|p1b: Orthworm|Substitute|[from] move: Shed Tail\n|-damage|p1b: Orthworm|7\/100\n|\n|t:|1683122537\n|switch|p1b: Flutter Mane|Flutter Mane, L50|100\/100|[from] Shed Tail\n|-activate|p1b: Flutter Mane|ability: Protosynthesis\n|-start|p1b: Flutter Mane|protosynthesisspe\n|move|p1a: Annihilape|Drain Punch|p2b: Kingambit\n|-supereffective|p2b: Kingambit\n|-damage|p2b: Kingambit|0 fnt\n|-heal|p1a: Annihilape|100\/100|[from] drain|[of] p2b: Kingambit\n|faint|p2b: Kingambit\n|\n|-weather|SunnyDay|[upkeep]\n|upkeep\n|\n|t:|1683122552\n|switch|p2b: Annihilape|Annihilape, L50, M|100\/100\n|turn|5\n|inactive|Rateder has 30 seconds left.\n|\n|t:|1683122585\n|move|p1a: Annihilape|Protect|p1a: Annihilape\n|-singleturn|p1a: Annihilape|Protect\n|move|p2a: Torkoal|Earth Power|p1a: Annihilape\n|-activate|p1a: Annihilape|move: Protect\n|move|p2b: Annihilape|Shadow Claw|p1b: Flutter Mane\n|-supereffective|p1b: Flutter Mane\n|-end|p1b: Flutter Mane|Substitute\n|move|p1b: Flutter Mane|Perish Song|p1b: Flutter Mane\n|-start|p1a: Annihilape|perish3|[silent]\n|-start|p1b: Flutter Mane|perish3|[silent]\n|-start|p2a: Torkoal|perish3|[silent]\n|-start|p2b: Annihilape|perish3|[silent]\n|-fieldactivate|move: Perish Song\n|\n|-weather|SunnyDay|[upkeep]\n|-start|p2a: Torkoal|perish3\n|-start|p1a: Annihilape|perish3\n|-start|p2b: Annihilape|perish3\n|-start|p1b: Flutter Mane|perish3\n|-fieldend|move: Trick Room\n|-fieldend|move: Psychic Terrain\n|upkeep\n|turn|6\n|inactive|Rateder has 30 seconds left.\n|\n|t:|1683122613\n|-terastallize|p2a: Torkoal|Fire\n|move|p1b: Flutter Mane|Protect|p1b: Flutter Mane\n|-singleturn|p1b: Flutter Mane|Protect\n|move|p1a: Annihilape|Protect||[still]\n|-fail|p1a: Annihilape\n|move|p2b: Annihilape|Shadow Claw|p1a: Annihilape\n|-damage|p1a: Annihilape|76\/100\n|move|p2a: Torkoal|Eruption|p1b: Flutter Mane|[spread] p1a\n|-activate|p1b: Flutter Mane|move: Protect\n|-resisted|p1a: Annihilape\n|-crit|p1a: Annihilape\n|-damage|p1a: Annihilape|6\/100\n|\n|-weather|SunnyDay|[upkeep]\n|-heal|p1a: Annihilape|12\/100|[from] item: Leftovers\n|-start|p1b: Flutter Mane|perish2\n|-start|p2b: Annihilape|perish2\n|-start|p1a: Annihilape|perish2\n|-start|p2a: Torkoal|perish2\n|upkeep\n|turn|7\n|inactive|pokezito14 has 30 seconds left.\n|\n|t:|1683122640\n|move|p1b: Flutter Mane|Protect||[still]\n|-fail|p1b: Flutter Mane\n|move|p1a: Annihilape|Protect|p1a: Annihilape\n|-singleturn|p1a: Annihilape|Protect\n|move|p2b: Annihilape|Shadow Claw|p1b: Flutter Mane\n|-supereffective|p1b: Flutter Mane\n|-enditem|p1b: Flutter Mane|Focus Sash\n|-damage|p1b: Flutter Mane|1\/100\n|move|p2a: Torkoal|Eruption|p1a: Annihilape|[spread] p1b\n|-activate|p1a: Annihilape|move: Protect\n|-damage|p1b: Flutter Mane|0 fnt\n|faint|p1b: Flutter Mane\n|-end|p1b: Flutter Mane|Protosynthesis|[silent]\n|\n|-weather|SunnyDay|[upkeep]\n|-heal|p1a: Annihilape|18\/100|[from] item: Leftovers\n|-start|p2b: Annihilape|perish1\n|-start|p1a: Annihilape|perish1\n|-start|p2a: Torkoal|perish1\n|upkeep\n|\n|t:|1683122662\n|switch|p1b: Orthworm|Orthworm, L50, M|7\/100\n|turn|8\n|\n|t:|1683122685\n|move|p1a: Annihilape|Protect|p1a: Annihilape\n|-singleturn|p1a: Annihilape|Protect\n|move|p2b: Annihilape|Shadow Claw|p1a: Annihilape\n|-activate|p1a: Annihilape|move: Protect\n|move|p1b: Orthworm|Iron Defense|p1b: Orthworm\n|-boost|p1b: Orthworm|def|2\n|move|p2a: Torkoal|Eruption|p1a: Annihilape|[spread] p1b\n|-activate|p1a: Annihilape|move: Protect\n|-supereffective|p1b: Orthworm\n|-damage|p1b: Orthworm|0 fnt\n|faint|p1b: Orthworm\n|\n|-weather|none\n|-heal|p1a: Annihilape|24\/100|[from] item: Leftovers\n|-start|p2b: Annihilape|perish0\n|-start|p1a: Annihilape|perish0\n|-start|p2a: Torkoal|perish0\n|faint|p2b: Annihilape\n|faint|p1a: Annihilape\n|faint|p2a: Torkoal\n|\n|win|pokezito14\n|upkeep\n|raw|Rateder's rating: 1220 → 1188<\/strong> (-32 for losing)\n|raw|pokezito14's rating: 1113 → 1145<\/strong> (+32 for winning)\n","uploadtime":1683122705,"views":10,"p1id":"rateder","p2id":"pokezito14","formatid":"gen9vgc2023regulationc","rating":1145,"private":0,"password":""}