{"id":"gen9vgc2023regulationc-1848113033","p1":"Zeltink","p2":"Mekk0_","format":"[Gen 9] VGC 2023 Regulation C","log":"|j|\u2606Zeltink\n|j|\u2606Mekk0_\n|t:|1682031186\n|gametype|doubles\n|player|p1|Zeltink|ethan|1027\n|player|p2|Mekk0_|supernerd|1039\n|teamsize|p1|6\n|teamsize|p2|6\n|gen|9\n|tier|[Gen 9] VGC 2023 Regulation C\n|rated|\n|rule|Species Clause: Limit one of each Pok\u00e9mon\n|rule|Item Clause: Limit one of each item\n|clearpoke\n|poke|p1|Breloom, L50, M|\n|poke|p1|Palafin, L50, M|\n|poke|p1|Lucario, L50, M|\n|poke|p1|Noivern, L50, F|\n|poke|p1|Ting-Lu, L50|\n|poke|p1|Kingambit, L50, M|\n|poke|p2|Palafin, L50, M|\n|poke|p2|Wo-Chien, L50|\n|poke|p2|Flutter Mane, L50|\n|poke|p2|Krookodile, L50, F|\n|poke|p2|Kingambit, L50, F|\n|poke|p2|Goodra, L50, M|\n|teampreview|4\n|\n|t:|1682031204\n|start\n|switch|p1a: Breloom|Breloom, L50, M|100\/100\n|switch|p1b: Palafin|Palafin, L50, M|100\/100\n|switch|p2a: Floot|Flutter Mane, L50|100\/100\n|switch|p2b: Krookodile|Krookodile, L50, F|100\/100\n|turn|1\n|\n|t:|1682031244\n|detailschange|p1b: Palafin|Palafin-Hero, L50, M\n|switch|p1b: Noivern|Noivern, L50, F, shiny|100\/100\n|move|p2a: Floot|Moonblast|p1b: Noivern\n|-supereffective|p1b: Noivern\n|-damage|p1b: Noivern|0 fnt\n|faint|p1b: Noivern\n|move|p2b: Krookodile|Fire Fang|p1a: Breloom\n|-supereffective|p1a: Breloom\n|-damage|p1a: Breloom|34\/100\n|move|p1a: Breloom|Spore|p2a: Floot\n|-status|p2a: Floot|slp|[from] move: Spore\n|\n|upkeep\n|\n|t:|1682031259\n|switch|p1b: Palafin|Palafin-Hero, L50, M|100\/100\n|-activate|p1b: Palafin|ability: Zero to Hero\n|turn|2\n|\n|t:|1682031273\n|move|p1b: Palafin|Jet Punch|p2b: Krookodile\n|-supereffective|p2b: Krookodile\n|-damage|p2b: Krookodile|0 fnt\n|faint|p2b: Krookodile\n|cant|p2a: Floot|slp\n|move|p1a: Breloom|Bullet Seed|p2a: Floot\n|-damage|p2a: Floot|47\/100 slp\n|-damage|p2a: Floot|0 fnt\n|faint|p2a: Floot\n|-end|p2a: Floot|Protosynthesis|[silent]\n|-hitcount|p2: Floot|2\n|\n|upkeep\n|\n|t:|1682031283\n|switch|p2a: Kingambit|Kingambit, L50, F|100\/100\n|switch|p2b: Goodra|Goodra, L50, M, shiny|100\/100\n|-item|p2a: Kingambit|Air Balloon\n|turn|3\n|\n|t:|1682031313\n|move|p1a: Breloom|Mach Punch|p2a: Kingambit\n|-supereffective|p2a: Kingambit\n|-damage|p2a: Kingambit|25\/100\n|-enditem|p2a: Kingambit|Air Balloon\n|move|p1b: Palafin|Jet Punch|p2a: Kingambit\n|-damage|p2a: Kingambit|0 fnt\n|faint|p2a: Kingambit\n|move|p2b: Goodra|Thunderbolt|p1b: Palafin\n|-supereffective|p1b: Palafin\n|-damage|p1b: Palafin|59\/100\n|\n|-damage|p2b: Goodra|88\/100|[from] item: Black Sludge\n|upkeep\n|turn|4\n|\n|t:|1682031332\n|move|p1b: Palafin|Protect|p1b: Palafin\n|-singleturn|p1b: Palafin|Protect\n|move|p1a: Breloom|Bullet Seed|p2b: Goodra\n|-resisted|p2b: Goodra\n|-damage|p2b: Goodra|78\/100\n|-resisted|p2b: Goodra\n|-damage|p2b: Goodra|66\/100\n|-resisted|p2b: Goodra\n|-damage|p2b: Goodra|54\/100\n|-hitcount|p2b: Goodra|3\n|move|p2b: Goodra|Thunderbolt|p1b: Palafin\n|-activate|p1b: Palafin|move: Protect\n|\n|-damage|p2b: Goodra|42\/100|[from] item: Black Sludge\n|upkeep\n|turn|5\n|\n|t:|1682031348\n|move|p1a: Breloom|Mach Punch|p2b: Goodra\n|-damage|p2b: Goodra|5\/100\n|-ability|p2b: Goodra|Gooey\n|-unboost|p1a: Breloom|spe|1\n|move|p1b: Palafin|Jet Punch|p2b: Goodra\n|-resisted|p2b: Goodra\n|-damage|p2b: Goodra|0 fnt\n|-ability|p2b: Goodra|Gooey\n|-unboost|p1b: Palafin|spe|1\n|faint|p2b: Goodra\n|\n|win|Zeltink\n|raw|Zeltink's rating: 1027 → 1064<\/strong> (+37 for winning)\n|raw|Mekk0_'s rating: 1039 → 1023<\/strong> (-16 for losing)\n","uploadtime":1682031364,"views":7,"p1id":"zeltink","p2id":"mekk0","formatid":"gen9vgc2023regulationc","rating":1023,"private":0,"password":""}