{"id":"gen9vgc2023regulationc-1852279720","p1":"b(R)2","p2":"Ashketchumsburner","format":"[Gen 9] VGC 2023 Regulation C","log":"|j|\u2606b(R)2\n|j|\u2606Ashketchumsburner\n|t:|1682539547\n|gametype|doubles\n|player|p1|b(R)2|266|1109\n|player|p2|Ashketchumsburner|cowgirl|1201\n|teamsize|p1|6\n|teamsize|p2|6\n|gen|9\n|tier|[Gen 9] VGC 2023 Regulation C\n|rated|\n|rule|Species Clause: Limit one of each Pok\u00e9mon\n|rule|Item Clause: Limit one of each item\n|clearpoke\n|poke|p1|Ting-Lu, L50|\n|poke|p1|Amoonguss, L50, M|\n|poke|p1|Garganacl, L50, F|\n|poke|p1|Arcanine, L50, F|\n|poke|p1|Roaring Moon, L50|\n|poke|p1|Iron Bundle, L50|\n|poke|p2|Talonflame, L50, F|\n|poke|p2|Lycanroc-Dusk, L50, F|\n|poke|p2|Rotom-Wash, L50|\n|poke|p2|Iron Treads, L50|\n|poke|p2|Flutter Mane, L50|\n|poke|p2|Dragonite, L50, M|\n|teampreview|4\nb(R)2 has agreed to open team sheets.\n|\n|t:|1682539646\n|start\n|switch|p1a: Garganacl|Garganacl, L50, F|100\/100\n|switch|p1b: Arcanine|Arcanine, L50, F|100\/100\n|switch|p2a: Talonflame|Talonflame, L50, F|100\/100\n|switch|p2b: Iron Treads|Iron Treads, L50|100\/100\n|-ability|p1b: Arcanine|Intimidate|boost\n|-unboost|p2a: Talonflame|atk|1\n|-unboost|p2b: Iron Treads|atk|1\n|turn|1\n|inactive|Battle timer is ON: inactive players will automatically lose when time's up. (requested by Ashketchumsburner)\n|inactive|b(R)2 has 60 seconds left.\n|\n|t:|1682539680\n|-end|p2b: Iron Treads|Quark Drive|[silent]\n|switch|p2b: Rotom|Rotom-Wash, L50|100\/100\n|switch|p1b: Ting-Lu|Ting-Lu, L50|100\/100\n|-ability|p1b: Ting-Lu|Vessel of Ruin\n|-terastallize|p1a: Garganacl|Ghost\n|move|p2a: Talonflame|Tailwind|p2a: Talonflame\n|-sidestart|p2: Ashketchumsburner|move: Tailwind\n|move|p1a: Garganacl|Salt Cure|p2a: Talonflame\n|-supereffective|p2a: Talonflame\n|-damage|p2a: Talonflame|33\/100\n|\n|upkeep\n|turn|2\n|inactive|b(R)2 has 30 seconds left.\n|inactive|Ashketchumsburner has 30 seconds left.\n|\n|t:|1682539712\n|-terastallize|p2b: Rotom|Fire\n|move|p2a: Talonflame|Will-O-Wisp|p1b: Ting-Lu\n|-status|p1b: Ting-Lu|brn\n|move|p2b: Rotom|Hydro Pump|p1a: Garganacl\n|-damage|p1a: Garganacl|81\/100\n|move|p1b: Ting-Lu|Heavy Slam|p2a: Talonflame\n|-resisted|p2a: Talonflame\n|-damage|p2a: Talonflame|22\/100\n|move|p1a: Garganacl|Salt Cure|p2b: Rotom\n|-supereffective|p2b: Rotom\n|-damage|p2b: Rotom|72\/100\n|-start|p2b: Rotom|Salt Cure\n|\n|-heal|p1a: Garganacl|87\/100|[from] item: Leftovers\n|-damage|p1b: Ting-Lu|94\/100 brn|[from] brn\n|-damage|p2b: Rotom|60\/100|[from] Salt Cure\n|upkeep\n|turn|3\n|\n|t:|1682539736\n|move|p2a: Talonflame|Will-O-Wisp|p1a: Garganacl\n|-immune|p1a: Garganacl|[from] ability: Purifying Salt\n|move|p2b: Rotom|Hydro Pump|p1b: Ting-Lu\n|-supereffective|p1b: Ting-Lu\n|-damage|p1b: Ting-Lu|62\/100 brn\n|move|p1b: Ting-Lu|Ruination|p2b: Rotom\n|-damage|p2b: Rotom|31\/100\n|move|p1a: Garganacl|Salt Cure|p2a: Talonflame\n|-supereffective|p2a: Talonflame\n|-damage|p2a: Talonflame|0 fnt\n|faint|p2a: Talonflame\n|\n|-heal|p1a: Garganacl|93\/100|[from] item: Leftovers\n|-damage|p1b: Ting-Lu|56\/100 brn|[from] brn\n|-damage|p2b: Rotom|18\/100|[from] Salt Cure\n|upkeep\n|\n|t:|1682539744\n|switch|p2a: Iron Treads|Iron Treads, L50|100\/100\n|turn|4\n|inactive|b(R)2 has 30 seconds left.\n|\n|t:|1682539778\n|move|p2a: Iron Treads|Iron Head|p1a: Garganacl\n|-damage|p1a: Garganacl|68\/100\n|move|p2b: Rotom|Thunderbolt|p1a: Garganacl\n|-damage|p1a: Garganacl|51\/100\n|move|p1b: Ting-Lu|Sand Tomb|p2a: Iron Treads\n|-supereffective|p2a: Iron Treads\n|-damage|p2a: Iron Treads|85\/100\n|-activate|p2a: Iron Treads|move: Sand Tomb|[of] p1b: Ting-Lu\n|move|p1a: Garganacl|Salt Cure|p2a: Iron Treads\n|-resisted|p2a: Iron Treads\n|-damage|p2a: Iron Treads|82\/100\n|-start|p2a: Iron Treads|Salt Cure\n|\n|-heal|p1a: Garganacl|57\/100|[from] item: Leftovers\n|-damage|p1b: Ting-Lu|50\/100 brn|[from] brn\n|-damage|p2a: Iron Treads|57\/100|[from] Salt Cure\n|-damage|p2a: Iron Treads|45\/100|[from] move: Sand Tomb|[partiallytrapped]\n|-damage|p2b: Rotom|6\/100|[from] Salt Cure\n|-sideend|p2: Ashketchumsburner|move: Tailwind\n|upkeep\n|turn|5\n|\n|t:|1682539802\n|switch|p1b: Arcanine|Arcanine, L50, F|100\/100\n|-ability|p1b: Arcanine|Intimidate|boost\n|-unboost|p2a: Iron Treads|atk|1\n|-unboost|p2b: Rotom|atk|1\n|move|p2a: Iron Treads|Earthquake|p1a: Garganacl|[spread] p1a,p1b\n|-immune|p2b: Rotom|[from] ability: Levitate\n|-supereffective|p1b: Arcanine\n|-damage|p1a: Garganacl|39\/100\n|-damage|p1b: Arcanine|55\/100\n|move|p2b: Rotom|Thunderbolt|p1a: Garganacl\n|-damage|p1a: Garganacl|19\/100\n|move|p1a: Garganacl|Recover|p1a: Garganacl\n|-heal|p1a: Garganacl|69\/100\n|\n|-heal|p1a: Garganacl|75\/100|[from] item: Leftovers\n|-end|p2a: Iron Treads|Sand Tomb|[partiallytrapped]|[silent]\n|-damage|p2a: Iron Treads|21\/100|[from] Salt Cure\n|-damage|p2b: Rotom|0 fnt|[from] Salt Cure\n|faint|p2b: Rotom\n|upkeep\n|\n|t:|1682539813\n|switch|p2b: Dragonite|Dragonite, L50, M|100\/100\n|turn|6\n|\n|t:|1682539828\n|move|p1b: Arcanine|Protect|p1b: Arcanine\n|-singleturn|p1b: Arcanine|Protect\n|move|p2b: Dragonite|Extreme Speed|p1b: Arcanine\n|-activate|p1b: Arcanine|move: Protect\n|move|p2a: Iron Treads|Earthquake|p1b: Arcanine|[spread] p1a\n|-activate|p1b: Arcanine|move: Protect\n|-immune|p2b: Dragonite\n|-damage|p1a: Garganacl|58\/100\n|move|p1a: Garganacl|Salt Cure|p2b: Dragonite\n|-supereffective|p2b: Dragonite\n|-damage|p2b: Dragonite|86\/100\n|-start|p2b: Dragonite|Salt Cure\n|\n|-heal|p1a: Garganacl|63\/100|[from] item: Leftovers\n|-damage|p2a: Iron Treads|0 fnt|[from] Salt Cure\n|faint|p2a: Iron Treads\n|-end|p2a: Iron Treads|Quark Drive|[silent]\n|-damage|p2b: Dragonite|74\/100|[from] Salt Cure\n|upkeep\n|turn|7\n|-message|Ashketchumsburner forfeited.\n|\n|win|b(R)2\n|raw|b(R)2's rating: 1109 → 1140<\/strong> (+31 for winning)\n|raw|Ashketchumsburner's rating: 1201 → 1170<\/strong> (-31 for losing)\n|l|\u2606Ashketchumsburner\n","uploadtime":1682539841,"views":21,"p1id":"br2","p2id":"ashketchumsburner","formatid":"gen9vgc2023regulationc","rating":1140,"private":0,"password":""}