{"id":"gen9vgc2023regulationc-1855738699","p1":"seismatters","p2":"Felipe.Miller.V","format":"[Gen 9] VGC 2023 Regulation C","log":"|j|\u2606seismatters\n|j|\u2606Felipe.Miller.V\n|t:|1682978548\n|gametype|doubles\n|player|p1|seismatters|emmet|1368\n|player|p2|Felipe.Miller.V|170|1311\n|teamsize|p1|6\n|teamsize|p2|6\n|gen|9\n|tier|[Gen 9] VGC 2023 Regulation C\n|rated|\n|rule|Species Clause: Limit one of each Pok\u00e9mon\n|rule|Item Clause: Limit one of each item\n|clearpoke\n|poke|p1|Palafin, L50, F|\n|poke|p1|Arcanine, L50, M|\n|poke|p1|Amoonguss, L50, F|\n|poke|p1|Flutter Mane, L50|\n|poke|p1|Baxcalibur, L50, F|\n|poke|p1|Kingambit, L50, F|\n|poke|p2|Bruxish, L50, M|\n|poke|p2|Copperajah, L50, F|\n|poke|p2|Sylveon, L50, M|\n|poke|p2|Appletun, L50, M|\n|poke|p2|Heracross, L50, F|\n|poke|p2|Oranguru, L50, M|\n|teampreview|4\nseismatters has agreed to open team sheets.\n|inactive|Battle timer is ON: inactive players will automatically lose when time's up. (requested by seismatters)\n|inactive|seismatters has 60 seconds left.\n|inactive|Felipe.Miller.V has 60 seconds left.\n|\n|t:|1682978609\n|start\n|switch|p1a: Flutter Mane|Flutter Mane, L50, shiny|100\/100\n|switch|p1b: Arcanine|Arcanine, L50, M|100\/100\n|switch|p2a: Bruxish|Bruxish, L50, M|100\/100\n|switch|p2b: Sylveon|Sylveon, L50, M, shiny|100\/100\n|-ability|p1b: Arcanine|Intimidate|boost\n|-unboost|p2a: Bruxish|atk|1\n|-unboost|p2b: Sylveon|atk|1\n|-enditem|p1a: Flutter Mane|Booster Energy\n|-activate|p1a: Flutter Mane|ability: Protosynthesis|[fromitem]\n|-start|p1a: Flutter Mane|protosynthesisspa\n|turn|1\n|inactive|seismatters has 30 seconds left.\n|inactive|Felipe.Miller.V has 30 seconds left.\n|\n|t:|1682978643\n|move|p1a: Flutter Mane|Substitute|p1a: Flutter Mane\n|-start|p1a: Flutter Mane|Substitute\n|-damage|p1a: Flutter Mane|75\/100\n|move|p1b: Arcanine|Flare Blitz|p2b: Sylveon\n|-damage|p2b: Sylveon|36\/100\n|-damage|p1b: Arcanine|77\/100|[from] Recoil\n|move|p2b: Sylveon|Hyper Voice|p1a: Flutter Mane|[spread] p1a,p1b\n|-resisted|p1b: Arcanine\n|-damage|p1a: Flutter Mane|16\/100\n|-damage|p1b: Arcanine|45\/100\n|move|p2a: Bruxish|Trick Room|p2a: Bruxish\n|-fieldstart|move: Trick Room|[of] p2a: Bruxish\n|\n|upkeep\n|turn|2\n|inactive|seismatters has 30 seconds left.\n|inactive|Felipe.Miller.V has 30 seconds left.\n|\n|t:|1682978676\n|move|p1a: Flutter Mane|Protect|p1a: Flutter Mane\n|-singleturn|p1a: Flutter Mane|Protect\n|move|p1b: Arcanine|Extreme Speed||[still]\n|cant|p2a: Bruxish|ability: Dazzling|Extreme Speed|[of] p1b: Arcanine\n|move|p2b: Sylveon|Hyper Voice|p1b: Arcanine|[spread] p1b\n|-activate|p1a: Flutter Mane|move: Protect\n|-resisted|p1b: Arcanine\n|-damage|p1b: Arcanine|15\/100\n|move|p2a: Bruxish|Wave Crash|p1b: Arcanine\n|-supereffective|p1b: Arcanine\n|-damage|p1b: Arcanine|0 fnt\n|faint|p1b: Arcanine\n|-damage|p2a: Bruxish|95\/100|[from] Recoil\n|\n|upkeep\n|\n|t:|1682978693\n|switch|p1b: Kingambit|Kingambit, L50, F|100\/100\n|turn|3\n|\n|t:|1682978708\n|move|p1a: Flutter Mane|Protect||[still]\n|-fail|p1a: Flutter Mane\n|move|p1b: Kingambit|Kowtow Cleave|p2b: Sylveon\n|-resisted|p2b: Sylveon\n|-damage|p2b: Sylveon|6\/100\n|move|p2b: Sylveon|Hyper Voice|p1a: Flutter Mane|[spread] p1a,p1b\n|-damage|p1a: Flutter Mane|0 fnt\n|-damage|p1b: Kingambit|42\/100\n|faint|p1a: Flutter Mane\n|-end|p1a: Flutter Mane|Protosynthesis|[silent]\n|move|p2a: Bruxish|Wave Crash|p1b: Kingambit\n|-damage|p1b: Kingambit|12\/100\n|-damage|p2a: Bruxish|84\/100|[from] Recoil\n|\n|upkeep\n|\n|t:|1682978714\n|switch|p1a: Baxcalibur|Baxcalibur, L50, F|100\/100\n|turn|4\n|\n|t:|1682978727\n|-terastallize|p1a: Baxcalibur|Water\n|move|p1b: Kingambit|Kowtow Cleave|p2b: Sylveon\n|-resisted|p2b: Sylveon\n|-damage|p2b: Sylveon|0 fnt\n|faint|p2b: Sylveon\n|move|p2a: Bruxish|Wave Crash|p1b: Kingambit\n|-damage|p1b: Kingambit|0 fnt\n|faint|p1b: Kingambit\n|-damage|p2a: Bruxish|79\/100|[from] Recoil\n|move|p1a: Baxcalibur|Glaive Rush|p2a: Bruxish\n|-damage|p2a: Bruxish|0 fnt\n|-singlemove|p1a: Baxcalibur|Glaive Rush|[silent]\n|faint|p2a: Bruxish\n|\n|upkeep\n|\n|t:|1682978740\n|switch|p2b: Appletun|Appletun, L50, M, shiny|100\/100\n|switch|p2a: Copperajah|Copperajah, L50, F|100\/100\n|turn|5\n|\n|t:|1682978758\n|move|p1a: Baxcalibur|Protect|p1a: Baxcalibur\n|-singleturn|p1a: Baxcalibur|Protect\n|move|p2b: Appletun|Apple Acid|p1a: Baxcalibur\n|-activate|p1a: Baxcalibur|move: Protect\n|move|p2a: Copperajah|Curse|p2a: Copperajah\n|-unboost|p2a: Copperajah|spe|1\n|-boost|p2a: Copperajah|atk|1\n|-boost|p2a: Copperajah|def|1\n|\n|-fieldend|move: Trick Room\n|upkeep\n|turn|6\n|inactive|Felipe.Miller.V has 30 seconds left.\n|\n|t:|1682978786\n|move|p1a: Baxcalibur|Icicle Crash|p2b: Appletun\n|-supereffective|p2b: Appletun\n|-damage|p2b: Appletun|6\/100\n|move|p2b: Appletun|Apple Acid|p1a: Baxcalibur\n|-supereffective|p1a: Baxcalibur\n|-damage|p1a: Baxcalibur|30\/100\n|move|p2a: Copperajah|Iron Head|p1a: Baxcalibur\n|-resisted|p1a: Baxcalibur\n|-damage|p1a: Baxcalibur|0 fnt\n|faint|p1a: Baxcalibur\n|\n|win|Felipe.Miller.V\n|raw|seismatters's rating: 1368 → 1345<\/strong> (-23 for losing)\n|raw|Felipe.Miller.V's rating: 1311 → 1334<\/strong> (+23 for winning)\n|l|\u2606seismatters\n","uploadtime":1682978799,"views":14,"p1id":"seismatters","p2id":"felipemillerv","formatid":"gen9vgc2023regulationc","rating":1334,"private":0,"password":""}