{"id":"gen9vgc2023regulationc-1860231445","p1":"InabaRin","p2":"hunkachunktest","format":"[Gen 9] VGC 2023 Regulation C","log":"|j|\u2606InabaRin\n|j|\u2606hunkachunktest\n|t:|1683614792\n|gametype|doubles\n|player|p1|InabaRin|lass-gen4dp|1497\n|player|p2|hunkachunktest|alder|1326\n|teamsize|p1|6\n|teamsize|p2|6\n|gen|9\n|tier|[Gen 9] VGC 2023 Regulation C\n|rated|\n|rule|Species Clause: Limit one of each Pok\u00e9mon\n|rule|Item Clause: Limit one of each item\n|clearpoke\n|poke|p1|Murkrow, L50, F|\n|poke|p1|Flutter Mane, L50|\n|poke|p1|Chi-Yu, L50|\n|poke|p1|Iron Bundle, L50|\n|poke|p1|Meowscarada, L50, F|\n|poke|p1|Great Tusk, L50|\n|poke|p2|Roaring Moon, L50|\n|poke|p2|Flutter Mane, L50|\n|poke|p2|Wo-Chien, L50|\n|poke|p2|Jumpluff, L50, M|\n|poke|p2|Torkoal, L50, F|\n|poke|p2|Chi-Yu, L50|\n|teampreview|4\n|inactive|Battle timer is ON: inactive players will automatically lose when time's up. (requested by InabaRin)\n|inactive|InabaRin has 60 seconds left.\n|inactive|hunkachunktest has 60 seconds left.\n|\n|t:|1683614848\n|start\n|switch|p1a: Murkrow|Murkrow, L50, F|100\/100\n|switch|p1b: Iron Bundle|Iron Bundle, L50|100\/100\n|switch|p2a: Flutter Mane|Flutter Mane, L50|100\/100\n|switch|p2b: Jumpluff|Jumpluff, L50, M|100\/100\n|-enditem|p1b: Iron Bundle|Booster Energy\n|-activate|p1b: Iron Bundle|ability: Quark Drive|[fromitem]\n|-start|p1b: Iron Bundle|quarkdrivespe\n|turn|1\n|\n|t:|1683614870\n|move|p2b: Jumpluff|Rage Powder|p2b: Jumpluff\n|-singleturn|p2b: Jumpluff|move: Rage Powder\n|move|p1a: Murkrow|Tailwind|p1a: Murkrow\n|-sidestart|p1: InabaRin|move: Tailwind\n|move|p1b: Iron Bundle|Icy Wind|p2b: Jumpluff|[spread] p2a,p2b\n|-supereffective|p2b: Jumpluff\n|-damage|p2a: Flutter Mane|83\/100\n|-damage|p2b: Jumpluff|21\/100\n|-unboost|p2a: Flutter Mane|spe|1\n|-unboost|p2b: Jumpluff|spe|1\n|move|p2a: Flutter Mane|Trick Room|p2a: Flutter Mane\n|-fieldstart|move: Trick Room|[of] p2a: Flutter Mane\n|\n|upkeep\n|turn|2\n|inactive|InabaRin has 30 seconds left.\n|inactive|hunkachunktest has 30 seconds left.\n|inactive|InabaRin has 20 seconds left.\n|inactive|InabaRin has 15 seconds left.\n|\n|t:|1683614913\n|switch|p2b: Torkoal|Torkoal, L50, F|100\/100\n|-weather|SunnyDay|[from] ability: Drought|[of] p2b: Torkoal\n|-activate|p2a: Flutter Mane|ability: Protosynthesis\n|-start|p2a: Flutter Mane|protosynthesisspa\n|move|p2a: Flutter Mane|Dazzling Gleam|p1b: Iron Bundle|[spread] p1a,p1b\n|-supereffective|p1a: Murkrow\n|-damage|p1a: Murkrow|20\/100\n|-damage|p1b: Iron Bundle|29\/100\n|move|p1a: Murkrow|Foul Play|p2b: Torkoal\n|-damage|p2b: Torkoal|82\/100\n|move|p1b: Iron Bundle|Freeze-Dry|p2a: Flutter Mane\n|-damage|p2a: Flutter Mane|55\/100\n|\n|-weather|SunnyDay|[upkeep]\n|upkeep\n|turn|3\n|\n|t:|1683614936\n|move|p1b: Iron Bundle|Protect|p1b: Iron Bundle\n|-singleturn|p1b: Iron Bundle|Protect\n|move|p1a: Murkrow|Haze|p1a: Murkrow\n|-clearallboost\n|move|p2b: Torkoal|Eruption|p1a: Murkrow|[spread] p1a\n|-activate|p1b: Iron Bundle|move: Protect\n|-damage|p1a: Murkrow|0 fnt\n|faint|p1a: Murkrow\n|move|p2a: Flutter Mane|Dazzling Gleam|p1b: Iron Bundle\n|-activate|p1b: Iron Bundle|move: Protect\n|\n|-weather|SunnyDay|[upkeep]\n|upkeep\n|\n|t:|1683614950\n|switch|p1a: Chi-Yu|Chi-Yu, L50|100\/100\n|-ability|p1a: Chi-Yu|Beads of Ruin\n|turn|4\n|\n|t:|1683614960\n|move|p1a: Chi-Yu|Protect|p1a: Chi-Yu\n|-singleturn|p1a: Chi-Yu|Protect\n|move|p1b: Iron Bundle|Protect|p1b: Iron Bundle\n|-singleturn|p1b: Iron Bundle|Protect\n|move|p2b: Torkoal|Eruption|p1b: Iron Bundle|[spread] \n|-activate|p1a: Chi-Yu|move: Protect\n|-activate|p1b: Iron Bundle|move: Protect\n|move|p2a: Flutter Mane|Substitute|p2a: Flutter Mane\n|-start|p2a: Flutter Mane|Substitute\n|-damage|p2a: Flutter Mane|30\/100\n|\n|-weather|SunnyDay|[upkeep]\n|-sideend|p1: InabaRin|move: Tailwind\n|upkeep\n|turn|5\n|\n|t:|1683614978\n|move|p2b: Torkoal|Eruption|p1a: Chi-Yu|[spread] p1a,p1b\n|-resisted|p1a: Chi-Yu\n|-damage|p1a: Chi-Yu|52\/100\n|-damage|p1b: Iron Bundle|0 fnt\n|faint|p1b: Iron Bundle\n|-end|p1b: Iron Bundle|Quark Drive|[silent]\n|move|p2a: Flutter Mane|Dazzling Gleam|p1a: Chi-Yu\n|-damage|p1a: Chi-Yu|4\/100\n|move|p1a: Chi-Yu|Heat Wave|p2a: Flutter Mane|[spread] p2a,p2b\n|-end|p2a: Flutter Mane|Substitute\n|-resisted|p2b: Torkoal\n|-damage|p2b: Torkoal|9\/100\n|-damage|p1a: Chi-Yu|0 fnt|[from] item: Life Orb\n|faint|p1a: Chi-Yu\n|\n|-weather|SunnyDay|[upkeep]\n|-fieldend|move: Trick Room\n|upkeep\n|\n|t:|1683614990\n|switch|p1b: Flutter Mane|Flutter Mane, L50|100\/100\n|-activate|p1b: Flutter Mane|ability: Protosynthesis\n|-start|p1b: Flutter Mane|protosynthesisspe\n|turn|6\n|\n|t:|1683615000\n|-terastallize|p1b: Flutter Mane|Fairy\n|move|p1b: Flutter Mane|Dazzling Gleam|p2b: Torkoal|[spread] p2a,p2b\n|-resisted|p2b: Torkoal\n|-damage|p2a: Flutter Mane|0 fnt\n|-damage|p2b: Torkoal|0 fnt\n|faint|p2a: Flutter Mane\n|-end|p2a: Flutter Mane|Protosynthesis|[silent]\n|faint|p2b: Torkoal\n|\n|-weather|none\n|-end|p1b: Flutter Mane|Protosynthesis\n|upkeep\n|\n|t:|1683615005\n|switch|p2a: Jumpluff|Jumpluff, L50, M|21\/100\n|switch|p2b: Chi-Yu|Chi-Yu, L50|100\/100\n|-ability|p2b: Chi-Yu|Beads of Ruin\n|turn|7\n|\n|t:|1683615017\n|move|p2a: Jumpluff|Protect|p2a: Jumpluff\n|-singleturn|p2a: Jumpluff|Protect\n|move|p1b: Flutter Mane|Dazzling Gleam|p2a: Jumpluff|[spread] p2b\n|-activate|p2a: Jumpluff|move: Protect\n|-damage|p2b: Chi-Yu|64\/100\n|move|p2b: Chi-Yu|Flamethrower|p1b: Flutter Mane\n|-damage|p1b: Flutter Mane|30\/100\n|\n|upkeep\n|turn|8\n|\n|t:|1683615035\n|move|p1b: Flutter Mane|Power Gem|p2b: Chi-Yu\n|-supereffective|p2b: Chi-Yu\n|-damage|p2b: Chi-Yu|14\/100\n|move|p2a: Jumpluff|Sleep Powder|p1b: Flutter Mane|[miss]\n|-miss|p2a: Jumpluff|p1b: Flutter Mane\n|move|p2b: Chi-Yu|Flamethrower|p1b: Flutter Mane\n|-damage|p1b: Flutter Mane|0 fnt\n|faint|p1b: Flutter Mane\n|-end|p1b: Flutter Mane|Protosynthesis|[silent]\n|\n|win|hunkachunktest\n|raw|InabaRin's rating: 1497 → 1468<\/strong> (-29 for losing)\n|raw|hunkachunktest's rating: 1326 → 1355<\/strong> (+29 for winning)\n|l|\u2606hunkachunktest\n|l|\u2606InabaRin\n|j|\u2606InabaRin\n|player|p1|InabaRin|lass-gen4dp\n","uploadtime":1683615059,"views":6,"p1id":"inabarin","p2id":"hunkachunktest","formatid":"gen9vgc2023regulationc","rating":1355,"private":0,"password":""}