{"id":"gen9vgc2023regulationc-1863845582","p1":"nickfang6","p2":"airport gamer","format":"[Gen 9] VGC 2023 Regulation C","log":"|j|\u2606nickfang6\n|j|\u2606airport gamer\n|t:|1684084710\n|gametype|doubles\n|player|p1|nickfang6|101|1498\n|player|p2|airport gamer|crasherwake|1601\n|teamsize|p1|6\n|teamsize|p2|6\n|gen|9\n|tier|[Gen 9] VGC 2023 Regulation C\n|rated|\n|rule|Species Clause: Limit one of each Pok\u00e9mon\n|rule|Item Clause: Limit one of each item\n|clearpoke\n|poke|p1|Flutter Mane, L50|\n|poke|p1|Great Tusk, L50|\n|poke|p1|Iron Bundle, L50|\n|poke|p1|Kingambit, L50, F|\n|poke|p1|Abomasnow, L50, M|\n|poke|p1|Chien-Pao, L50|\n|poke|p2|Garganacl, L50, M|\n|poke|p2|Arcanine, L50, F|\n|poke|p2|Palafin, L50, M|\n|poke|p2|Amoonguss, L50, M|\n|poke|p2|Flutter Mane, L50|\n|poke|p2|Dragonite, L50, M|\n|teampreview|4\n|inactive|Battle timer is ON: inactive players will automatically lose when time's up. (requested by nickfang6)\n|j| Mukked It Up\nnickfang6 has agreed to open team sheets.\n|inactive|nickfang6 has 60 seconds left.\n|inactive|airport gamer has 60 seconds left.\n|inactive|nickfang6 has 30 seconds left.\n|\n|t:|1684084773\n|start\n|switch|p1a: Abomasnow|Abomasnow, L50, M|100\/100\n|switch|p1b: Iron Bundle|Iron Bundle, L50|100\/100\n|switch|p2a: Garganacl|Garganacl, L50, M|100\/100\n|switch|p2b: Flutter Mane|Flutter Mane, L50|100\/100\n|-weather|Snow|[from] ability: Snow Warning|[of] p1a: Abomasnow\n|-enditem|p2b: Flutter Mane|Booster Energy\n|-activate|p2b: Flutter Mane|ability: Protosynthesis|[fromitem]\n|-start|p2b: Flutter Mane|protosynthesisspe\n|turn|1\n|inactive|airport gamer has 30 seconds left.\n|inactive|airport gamer has 20 seconds left.\n|inactive|airport gamer has 15 seconds left.\n|inactive|airport gamer has 10 seconds left.\n|inactive|airport gamer has 5 seconds left.\n|\n|t:|1684084826\n|-end|p1b: Iron Bundle|Quark Drive|[silent]\n|switch|p1b: Kingambit|Kingambit, L50, F|100\/100\n|move|p2b: Flutter Mane|Moonblast|p1b: Kingambit\n|-damage|p1b: Kingambit|65\/100\n|move|p1a: Abomasnow|Aurora Veil|p1a: Abomasnow\n|-sidestart|p1: nickfang6|move: Aurora Veil\n|move|p2a: Garganacl|Salt Cure|p1b: Kingambit\n|-resisted|p1b: Kingambit\n|-crit|p1b: Kingambit\n|-damage|p1b: Kingambit|57\/100\n|-start|p1b: Kingambit|Salt Cure\n|\n|-weather|Snow|[upkeep]\n|-damage|p1b: Kingambit|32\/100|[from] Salt Cure\n|upkeep\n|turn|2\n|inactive|nickfang6 has 30 seconds left.\n|inactive|airport gamer has 30 seconds left.\n|inactive|nickfang6 has 20 seconds left.\n|inactive|nickfang6 has 15 seconds left.\n|inactive|airport gamer has 20 seconds left.\n|\n|t:|1684084876\n|move|p1b: Kingambit|Sucker Punch||[still]\n|-fail|p1b: Kingambit\n|move|p2b: Flutter Mane|Substitute|p2b: Flutter Mane\n|-start|p2b: Flutter Mane|Substitute\n|-damage|p2b: Flutter Mane|76\/100\n|move|p1a: Abomasnow|Blizzard|p2b: Flutter Mane|[spread] p2a,p2b\n|-end|p2b: Flutter Mane|Substitute\n|-damage|p2a: Garganacl|77\/100\n|move|p2a: Garganacl|Salt Cure|p1a: Abomasnow\n|-supereffective|p1a: Abomasnow\n|-damage|p1a: Abomasnow|86\/100\n|-start|p1a: Abomasnow|Salt Cure\n|\n|-weather|Snow|[upkeep]\n|-heal|p2a: Garganacl|83\/100|[from] item: Leftovers\n|-damage|p1a: Abomasnow|74\/100|[from] Salt Cure\n|-damage|p1b: Kingambit|7\/100|[from] Salt Cure\n|upkeep\n|turn|3\n|inactive|airport gamer has 30 seconds left.\n|inactive|airport gamer has 20 seconds left.\n|inactive|airport gamer has 15 seconds left.\n|inactive|airport gamer has 10 seconds left.\n|\n|t:|1684084925\n|move|p2b: Flutter Mane|Substitute|p2b: Flutter Mane\n|-start|p2b: Flutter Mane|Substitute\n|-damage|p2b: Flutter Mane|52\/100\n|move|p1a: Abomasnow|Leaf Storm|p2a: Garganacl\n|-supereffective|p2a: Garganacl\n|-damage|p2a: Garganacl|6\/100\n|-unboost|p1a: Abomasnow|spa|2\n|move|p1b: Kingambit|Iron Head|p2a: Garganacl\n|-supereffective|p2a: Garganacl\n|-damage|p2a: Garganacl|0 fnt\n|faint|p2a: Garganacl\n|\n|-weather|Snow|[upkeep]\n|-damage|p1a: Abomasnow|61\/100|[from] Salt Cure\n|-damage|p1b: Kingambit|0 fnt|[from] Salt Cure\n|faint|p1b: Kingambit\n|upkeep\n|\n|t:|1684084937\n|switch|p1b: Iron Bundle|Iron Bundle, L50|100\/100\n|switch|p2a: Arcanine|Arcanine, L50, F|100\/100\n|-ability|p2a: Arcanine|Intimidate|boost\n|-unboost|p1a: Abomasnow|atk|1\n|-unboost|p1b: Iron Bundle|atk|1\n|turn|4\n|inactive|airport gamer has 30 seconds left.\n|\n|t:|1684084962\n|move|p2b: Flutter Mane|Protect|p2b: Flutter Mane\n|-singleturn|p2b: Flutter Mane|Protect\n|move|p2a: Arcanine|Protect|p2a: Arcanine\n|-singleturn|p2a: Arcanine|Protect\n|move|p1b: Iron Bundle|Hydro Pump|p2a: Arcanine\n|-activate|p2a: Arcanine|move: Protect\n|move|p1a: Abomasnow|Blizzard|p2a: Arcanine|[spread] \n|-activate|p2a: Arcanine|move: Protect\n|-activate|p2b: Flutter Mane|move: Protect\n|\n|-weather|Snow|[upkeep]\n|-damage|p1a: Abomasnow|49\/100|[from] Salt Cure\n|upkeep\n|turn|5\n|\n|t:|1684084982\n|-terastallize|p2a: Arcanine|Grass\n|move|p2b: Flutter Mane|Moonblast|p1b: Iron Bundle\n|-damage|p1b: Iron Bundle|29\/100\n|move|p1b: Iron Bundle|Hydro Pump|p2a: Arcanine|[miss]\n|-miss|p1b: Iron Bundle|p2a: Arcanine\n|move|p2a: Arcanine|Flare Blitz|p1a: Abomasnow\n|-supereffective|p1a: Abomasnow\n|-damage|p1a: Abomasnow|0 fnt\n|faint|p1a: Abomasnow\n|-damage|p2a: Arcanine|85\/100|[from] Recoil\n|\n|-weather|none\n|upkeep\n|\n|t:|1684084991\n|switch|p1a: Chien-Pao|Chien-Pao, L50|100\/100\n|-ability|p1a: Chien-Pao|Sword of Ruin\n|turn|6\n|\n|t:|1684085006\n|-terastallize|p1a: Chien-Pao|Flying\n|move|p2b: Flutter Mane|Protect|p2b: Flutter Mane\n|-singleturn|p2b: Flutter Mane|Protect\n|move|p2a: Arcanine|Protect|p2a: Arcanine\n|-singleturn|p2a: Arcanine|Protect\n|move|p1b: Iron Bundle|Hydro Pump|p2b: Flutter Mane\n|-activate|p2b: Flutter Mane|move: Protect\n|move|p1a: Chien-Pao|Ice Spinner|p2a: Arcanine\n|-activate|p2a: Arcanine|move: Protect\n|\n|upkeep\n|turn|7\n|inactive|airport gamer has 30 seconds left.\n|\n|t:|1684085033\n|move|p2b: Flutter Mane|Moonblast|p1b: Iron Bundle\n|-damage|p1b: Iron Bundle|0 fnt\n|faint|p1b: Iron Bundle\n|-end|p1b: Iron Bundle|Quark Drive|[silent]\n|move|p1a: Chien-Pao|Ice Spinner|p2a: Arcanine\n|-supereffective|p2a: Arcanine\n|-damage|p2a: Arcanine|0 fnt\n|faint|p2a: Arcanine\n|\n|upkeep\n|\n|t:|1684085040\n|switch|p2a: Dragonite|Dragonite, L50, M|100\/100\n|turn|8\n|\n|t:|1684085050\n|move|p2a: Dragonite|Extreme Speed|p1a: Chien-Pao\n|-damage|p1a: Chien-Pao|70\/100\n|move|p2b: Flutter Mane|Moonblast|p1a: Chien-Pao\n|-damage|p1a: Chien-Pao|15\/100\n|move|p1a: Chien-Pao|Ice Spinner|p2a: Dragonite\n|-supereffective|p2a: Dragonite\n|-damage|p2a: Dragonite|0 fnt\n|faint|p2a: Dragonite\n|\n|-sideend|p1: nickfang6|move: Aurora Veil\n|upkeep\n|turn|9\n|\n|t:|1684085060\n|move|p1a: Chien-Pao|Sucker Punch|p2b: Flutter Mane\n|-end|p2b: Flutter Mane|Substitute\n|move|p2b: Flutter Mane|Moonblast|p1a: Chien-Pao\n|-damage|p1a: Chien-Pao|0 fnt\n|faint|p1a: Chien-Pao\n|\n|win|airport gamer\n|raw|nickfang6's rating: 1498 → 1484<\/strong> (-14 for losing)\n|raw|airport gamer's rating: 1601 → 1615<\/strong> (+14 for winning)\n|l| Mukked It Up\n","uploadtime":1684085078,"views":12,"p1id":"nickfang6","p2id":"airportgamer","formatid":"gen9vgc2023regulationc","rating":1484,"private":0,"password":""}