{"id":"gen9vgc2023regulationc-1863980717","p1":"Sobble14","p2":"Flytrapin","format":"[Gen 9] VGC 2023 Regulation C","log":"|j|\u2606Sobble14\n|j|\u2606Flytrapin\n|t:|1684100865\n|gametype|doubles\n|player|p1|Sobble14|266|1159\n|player|p2|Flytrapin|alder|1093\n|teamsize|p1|6\n|teamsize|p2|6\n|gen|9\n|tier|[Gen 9] VGC 2023 Regulation C\n|rated|\n|rule|Species Clause: Limit one of each Pok\u00e9mon\n|rule|Item Clause: Limit one of each item\n|clearpoke\n|poke|p1|Espathra, L50, F|\n|poke|p1|Blissey, L50, F|\n|poke|p1|Chi-Yu, L50|\n|poke|p1|Stonjourner, L50, F|\n|poke|p1|Iron Valiant, L50|\n|poke|p1|Quaquaval, L50, F|\n|poke|p2|Scizor, L50, F|\n|poke|p2|Torkoal, L50, M|\n|poke|p2|Lycanroc, L50, M|\n|poke|p2|Tyranitar, L50, M|\n|poke|p2|Flutter Mane, L50|\n|poke|p2|Brute Bonnet, L50|\n|teampreview|4\n|inactive|Battle timer is ON: inactive players will automatically lose when time's up. (requested by Flytrapin)\n|\n|t:|1684100887\n|start\n|switch|p1a: Blissey|Blissey, L50, F|100\/100\n|switch|p1b: Iron Valiant|Iron Valiant, L50|100\/100\n|switch|p2a: Torkoal|Torkoal, L50, M|100\/100\n|switch|p2b: Brute Bonnet|Brute Bonnet, L50|100\/100\n|-weather|SunnyDay|[from] ability: Drought|[of] p2a: Torkoal\n|-activate|p2b: Brute Bonnet|ability: Protosynthesis\n|-start|p2b: Brute Bonnet|protosynthesisatk\n|-enditem|p1b: Iron Valiant|Booster Energy\n|-activate|p1b: Iron Valiant|ability: Quark Drive|[fromitem]\n|-start|p1b: Iron Valiant|quarkdrivespe\n|turn|1\n|\n|t:|1684100898\n|move|p1b: Iron Valiant|Drain Punch|p2b: Brute Bonnet\n|-supereffective|p2b: Brute Bonnet\n|-damage|p2b: Brute Bonnet|29\/100\n|-enditem|p2b: Brute Bonnet|Sitrus Berry|[eat]\n|-heal|p2b: Brute Bonnet|54\/100|[from] item: Sitrus Berry\n|move|p2b: Brute Bonnet|Growth|p2b: Brute Bonnet\n|-boost|p2b: Brute Bonnet|atk|2\n|-boost|p2b: Brute Bonnet|spa|2\n|move|p1a: Blissey|Calm Mind|p1a: Blissey\n|-boost|p1a: Blissey|spa|1\n|-boost|p1a: Blissey|spd|1\n|move|p2a: Torkoal|Eruption|p1a: Blissey|[spread] p1a,p1b\n|-damage|p1a: Blissey|85\/100\n|-damage|p1b: Iron Valiant|0 fnt\n|faint|p1b: Iron Valiant\n|-end|p1b: Iron Valiant|Quark Drive|[silent]\n|\n|-weather|SunnyDay|[upkeep]\n|upkeep\n|\n|t:|1684100915\n|switch|p1b: Chi-Yu|Chi-Yu, L50|100\/100\n|-ability|p1b: Chi-Yu|Beads of Ruin\n|turn|2\n|\n|t:|1684100933\n|move|p1b: Chi-Yu|Heat Wave|p2b: Brute Bonnet|[spread] p2a\n|-miss|p1b: Chi-Yu|p2b: Brute Bonnet\n|-resisted|p2a: Torkoal\n|-damage|p2a: Torkoal|49\/100\n|-damage|p1b: Chi-Yu|90\/100|[from] item: Life Orb\n|move|p2b: Brute Bonnet|Close Combat|p1b: Chi-Yu\n|-supereffective|p1b: Chi-Yu\n|-damage|p1b: Chi-Yu|0 fnt\n|-unboost|p2b: Brute Bonnet|def|1\n|-unboost|p2b: Brute Bonnet|spd|1\n|faint|p1b: Chi-Yu\n|move|p1a: Blissey|Calm Mind|p1a: Blissey\n|-boost|p1a: Blissey|spa|1\n|-boost|p1a: Blissey|spd|1\n|move|p2a: Torkoal|Eruption|p1a: Blissey\n|-damage|p1a: Blissey|77\/100\n|\n|-weather|SunnyDay|[upkeep]\n|upkeep\n|\n|t:|1684100936\n|switch|p1b: Quaquaval|Quaquaval, L50, F|100\/100\n|turn|3\n|inactive|Flytrapin has 30 seconds left.\n|inactive|Flytrapin has 20 seconds left.\n|inactive|Flytrapin has 15 seconds left.\n|inactive|Flytrapin has 10 seconds left.\n|inactive|Flytrapin has 5 seconds left.\n|\n|t:|1684100991\n|move|p1b: Quaquaval|Close Combat|p2b: Brute Bonnet\n|-supereffective|p2b: Brute Bonnet\n|-damage|p2b: Brute Bonnet|0 fnt\n|-unboost|p1b: Quaquaval|def|1\n|-unboost|p1b: Quaquaval|spd|1\n|faint|p2b: Brute Bonnet\n|-end|p2b: Brute Bonnet|Protosynthesis|[silent]\n|-ability|p1b: Quaquaval|Moxie|boost\n|-boost|p1b: Quaquaval|atk|1\n|move|p1a: Blissey|Calm Mind|p1a: Blissey\n|-boost|p1a: Blissey|spa|1\n|-boost|p1a: Blissey|spd|1\n|move|p2a: Torkoal|Eruption|p1b: Quaquaval|[spread] p1a,p1b\n|-resisted|p1b: Quaquaval\n|-damage|p1a: Blissey|72\/100\n|-damage|p1b: Quaquaval|71\/100\n|\n|-weather|SunnyDay|[upkeep]\n|upkeep\n|\n|t:|1684101007\n|switch|p2b: Flutter Mane|Flutter Mane, L50|100\/100\n|-activate|p2b: Flutter Mane|ability: Protosynthesis\n|-start|p2b: Flutter Mane|protosynthesisspe\n|turn|4\n|\n|t:|1684101021\n|-terastallize|p2b: Flutter Mane|Fairy\n|move|p2a: Torkoal|Helping Hand|p2b: Flutter Mane\n|-singleturn|p2b: Flutter Mane|Helping Hand|[of] p2a: Torkoal\n|move|p1b: Quaquaval|Protect|p1b: Quaquaval\n|-singleturn|p1b: Quaquaval|Protect\n|move|p2b: Flutter Mane|Moonblast|p1b: Quaquaval\n|-activate|p1b: Quaquaval|move: Protect\n|move|p1a: Blissey|Icy Wind|p2a: Torkoal|[spread] p2a,p2b\n|-resisted|p2a: Torkoal\n|-damage|p2a: Torkoal|37\/100\n|-damage|p2b: Flutter Mane|78\/100\n|-unboost|p2a: Torkoal|spe|1\n|-unboost|p2b: Flutter Mane|spe|1\n|\n|-weather|SunnyDay|[upkeep]\n|upkeep\n|turn|5\n|inactive|Sobble14 has 30 seconds left.\n|\n|t:|1684101054\n|move|p2a: Torkoal|Helping Hand|p2b: Flutter Mane\n|-singleturn|p2b: Flutter Mane|Helping Hand|[of] p2a: Torkoal\n|move|p2b: Flutter Mane|Moonblast|p1b: Quaquaval\n|-supereffective|p1b: Quaquaval\n|-damage|p1b: Quaquaval|0 fnt\n|faint|p1b: Quaquaval\n|move|p1a: Blissey|Icy Wind|p2b: Flutter Mane|[spread] p2a,p2b\n|-resisted|p2a: Torkoal\n|-damage|p2a: Torkoal|25\/100\n|-damage|p2b: Flutter Mane|51\/100\n|-unboost|p2a: Torkoal|spe|1\n|-unboost|p2b: Flutter Mane|spe|1\n|\n|-weather|none\n|-end|p2b: Flutter Mane|Protosynthesis\n|upkeep\n|turn|6\n|inactive|Flytrapin has 30 seconds left.\n|\n|t:|1684101087\n|move|p2b: Flutter Mane|Moonblast|p1a: Blissey\n|-damage|p1a: Blissey|54\/100\n|move|p1a: Blissey|Stored Power|p2b: Flutter Mane\n|-damage|p2b: Flutter Mane|0 fnt\n|faint|p2b: Flutter Mane\n|-end|p2b: Flutter Mane|Protosynthesis|[silent]\n|move|p2a: Torkoal|Eruption|p1a: Blissey\n|-damage|p1a: Blissey|52\/100\n|\n|upkeep\n|\n|t:|1684101090\n|switch|p2b: Lycanroc|Lycanroc, L50, M|100\/100\n|turn|7\n|\n|t:|1684101107\n|-terastallize|p1a: Blissey|Ghost\n|move|p2b: Lycanroc|Rock Slide|p1a: Blissey\n|-damage|p1a: Blissey|16\/100\n|move|p1a: Blissey|Icy Wind|p2a: Torkoal|[spread] p2a,p2b\n|-resisted|p2a: Torkoal\n|-damage|p2a: Torkoal|14\/100\n|-damage|p2b: Lycanroc|60\/100\n|-unboost|p2a: Torkoal|spe|1\n|-unboost|p2b: Lycanroc|spe|1\n|move|p2a: Torkoal|Eruption|p1a: Blissey\n|-damage|p1a: Blissey|15\/100\n|\n|upkeep\n|turn|8\n|\n|t:|1684101129\n|move|p2a: Torkoal|Helping Hand|p2b: Lycanroc\n|-singleturn|p2b: Lycanroc|Helping Hand|[of] p2a: Torkoal\n|move|p2b: Lycanroc|Rock Slide|p1a: Blissey\n|-damage|p1a: Blissey|0 fnt\n|faint|p1a: Blissey\n|\n|win|Flytrapin\n|raw|Sobble14's rating: 1159 → 1129<\/strong> (-30 for losing)\n|raw|Flytrapin's rating: 1093 → 1124<\/strong> (+31 for winning)\n|l|\u2606Sobble14\n","uploadtime":1684101147,"views":6,"p1id":"sobble14","p2id":"flytrapin","formatid":"gen9vgc2023regulationc","rating":1124,"private":0,"password":""}