{"id":"gen9vgc2023regulationc-1846693216","p1":"hancec","p2":"JAYCALLAGHAN","format":"[Gen 9] VGC 2023 Regulation C","log":"|j|\u2606hancec\n|j|\u2606JAYCALLAGHAN\n|t:|1681866632\n|gametype|doubles\n|player|p1|hancec|gentleman-gen4dp|1426\n|player|p2|JAYCALLAGHAN|102|1328\n|teamsize|p1|6\n|teamsize|p2|6\n|gen|9\n|tier|[Gen 9] VGC 2023 Regulation C\n|rated|\n|rule|Species Clause: Limit one of each Pok\u00e9mon\n|rule|Item Clause: Limit one of each item\n|clearpoke\n|poke|p1|Murkrow, L50, M|\n|poke|p1|Iron Bundle, L50|\n|poke|p1|Chi-Yu, L50|\n|poke|p1|Gholdengo, L50|\n|poke|p1|Great Tusk, L50|\n|poke|p1|Brute Bonnet, L50|\n|poke|p2|Tatsugiri-Stretchy, L50, M|\n|poke|p2|Dondozo, L50, M|\n|poke|p2|Chien-Pao, L50|\n|poke|p2|Dragonite, L50, M|\n|poke|p2|Flutter Mane, L50|\n|poke|p2|Chi-Yu, L50|\n|teampreview|4\n|inactive|Battle timer is ON: inactive players will automatically lose when time's up. (requested by JAYCALLAGHAN)\nhancec has agreed to open team sheets.\n|inactive|JAYCALLAGHAN has 60 seconds left.\n|inactive|JAYCALLAGHAN has 30 seconds left.\n|\n|t:|1681866701\n|start\n|switch|p1a: Giyu|Iron Bundle, L50|100\/100\n|switch|p1b: Tanjiro|Chi-Yu, L50|100\/100\n|switch|p2a: Chien-Pao|Chien-Pao, L50|100\/100\n|switch|p2b: Dragonite|Dragonite, L50, M|100\/100\n|-ability|p2a: Chien-Pao|Sword of Ruin\n|-ability|p1b: Tanjiro|Beads of Ruin\n|-enditem|p1a: Giyu|Booster Energy\n|-activate|p1a: Giyu|ability: Quark Drive|[fromitem]\n|-start|p1a: Giyu|quarkdrivespe\n|turn|1\n|inactive|hancec has 30 seconds left.\n|inactive|JAYCALLAGHAN has 30 seconds left.\n|\n|t:|1681866728\n|-terastallize|p2b: Dragonite|Normal\n|move|p2a: Chien-Pao|Protect|p2a: Chien-Pao\n|-singleturn|p2a: Chien-Pao|Protect\n|move|p2b: Dragonite|Extreme Speed|p1b: Tanjiro\n|-damage|p1b: Tanjiro|0 fnt\n|faint|p1b: Tanjiro\n|move|p1a: Giyu|Icy Wind|p2a: Chien-Pao|[spread] p2b\n|-activate|p2a: Chien-Pao|move: Protect\n|-damage|p2b: Dragonite|81\/100\n|-unboost|p2b: Dragonite|spe|1\n|\n|upkeep\n|\n|t:|1681866742\n|switch|p1b: Enmu|Brute Bonnet, L50|100\/100\n|turn|2\n|\n|t:|1681866758\n|-terastallize|p1b: Enmu|Poison\n|move|p1a: Giyu|Protect|p1a: Giyu\n|-singleturn|p1a: Giyu|Protect\n|move|p2b: Dragonite|Extreme Speed|p1a: Giyu\n|-activate|p1a: Giyu|move: Protect\n|move|p2a: Chien-Pao|Sacred Sword|p1a: Giyu\n|-activate|p1a: Giyu|move: Protect\n|move|p1b: Enmu|Bullet Seed|p2b: Dragonite\n|-damage|p2b: Dragonite|63\/100\n|-damage|p2b: Dragonite|44\/100\n|-damage|p2b: Dragonite|25\/100\n|-crit|p2b: Dragonite\n|-damage|p2b: Dragonite|0 fnt\n|faint|p2b: Dragonite\n|-hitcount|p2: Dragonite|4\n|\n|upkeep\n|\n|t:|1681866779\n|switch|p2b: Chi-Yu|Chi-Yu, L50|100\/100\n|-ability|p2b: Chi-Yu|Beads of Ruin\n|turn|3\n|\n|t:|1681866794\n|move|p1a: Giyu|Icy Wind|p2b: Chi-Yu|[spread] p2a,p2b\n|-resisted|p2a: Chien-Pao\n|-resisted|p2b: Chi-Yu\n|-damage|p2a: Chien-Pao|80\/100\n|-damage|p2b: Chi-Yu|88\/100\n|-unboost|p2a: Chien-Pao|spe|1\n|-unboost|p2b: Chi-Yu|spe|1\n|move|p2b: Chi-Yu|Overheat|p1b: Enmu\n|-damage|p1b: Enmu|9\/100\n|-unboost|p2b: Chi-Yu|spa|2\n|move|p2a: Chien-Pao|Ice Spinner|p1b: Enmu\n|-damage|p1b: Enmu|0 fnt\n|faint|p1b: Enmu\n|-end|p1b: Enmu|Protosynthesis|[silent]\n|\n|upkeep\n|\n|t:|1681866805\n|switch|p1b: Matsuemon|Murkrow, L50, M, shiny|100\/100\n|turn|4\n|inactive|hancec has 30 seconds left.\n|\n|t:|1681866839\n|move|p2a: Chien-Pao|Sucker Punch|p1a: Giyu\n|-damage|p1a: Giyu|46\/100\n|move|p1a: Giyu|Hydro Pump|p2b: Chi-Yu\n|-supereffective|p2b: Chi-Yu\n|-damage|p2b: Chi-Yu|0 fnt\n|faint|p2b: Chi-Yu\n|move|p1b: Matsuemon|Brave Bird|p2a: Chien-Pao\n|-damage|p2a: Chien-Pao|2\/100\n|-damage|p1b: Matsuemon|71\/100|[from] Recoil\n|\n|upkeep\n|\n|t:|1681866850\n|switch|p2b: Flutter Mane|Flutter Mane, L50|100\/100\n|turn|5\n|inactive|hancec has 30 seconds left.\n|\n|t:|1681866881\n|move|p2a: Chien-Pao|Sucker Punch|p1a: Giyu\n|-damage|p1a: Giyu|0 fnt\n|faint|p1a: Giyu\n|-end|p1a: Giyu|Quark Drive|[silent]\n|move|p2b: Flutter Mane|Dazzling Gleam|p1b: Matsuemon\n|-supereffective|p1b: Matsuemon\n|-damage|p1b: Matsuemon|0 fnt\n|faint|p1b: Matsuemon\n|\n|win|JAYCALLAGHAN\n|raw|hancec's rating: 1426 → 1401<\/strong> (-25 for losing)\n|raw|JAYCALLAGHAN's rating: 1328 → 1353<\/strong> (+25 for winning)\n|c|\u2606hancec|gg\n","uploadtime":1681866891,"views":18,"p1id":"hancec","p2id":"jaycallaghan","formatid":"gen9vgc2023regulationc","rating":1353,"private":0,"password":""}