{"id":"gen9vgc2023regulationc-1857472191","p1":"austinerzs","p2":"Arcacagne","format":"[Gen 9] VGC 2023 Regulation C","log":"|j|\u2606austinerzs\n|j|\u2606Arcacagne\n|t:|1683198403\n|gametype|doubles\n|player|p1|austinerzs|265|1188\n|player|p2|Arcacagne|265|1106\n|teamsize|p1|6\n|teamsize|p2|6\n|gen|9\n|tier|[Gen 9] VGC 2023 Regulation C\n|rated|\n|rule|Species Clause: Limit one of each Pok\u00e9mon\n|rule|Item Clause: Limit one of each item\n|clearpoke\n|poke|p1|Jumpluff, L50, M|\n|poke|p1|Torkoal, L50, F|\n|poke|p1|Great Tusk, L50|\n|poke|p1|Flutter Mane, L50|\n|poke|p1|Orthworm, L50, F|\n|poke|p1|Chien-Pao, L50|\n|poke|p2|Chi-Yu, L50|\n|poke|p2|Flutter Mane, L50|\n|poke|p2|Amoonguss, L50, M|\n|poke|p2|Palafin, L50, F|\n|poke|p2|Kingambit, L50, F|\n|poke|p2|Arcanine, L50, M|\n|teampreview|4\n|\n|t:|1683198455\n|start\n|switch|p1a: Jumpluff|Jumpluff, L50, M|100\/100\n|switch|p1b: Torkoal|Torkoal, L50, F|100\/100\n|switch|p2a: Chi-Yu|Chi-Yu, L50|100\/100\n|switch|p2b: Palafin|Palafin, L50, F|100\/100\n|-ability|p2a: Chi-Yu|Beads of Ruin\n|-weather|SunnyDay|[from] ability: Drought|[of] p1b: Torkoal\n|turn|1\n|\n|t:|1683198483\n|move|p1a: Jumpluff|Sleep Powder|p2a: Chi-Yu\n|-activate|p2a: Chi-Yu|item: Safety Goggles|Sleep Powder\n|move|p2a: Chi-Yu|Heat Wave|p1b: Torkoal|[spread] p1a,p1b\n|-supereffective|p1a: Jumpluff\n|-resisted|p1b: Torkoal\n|-damage|p1a: Jumpluff|0 fnt\n|-damage|p1b: Torkoal|61\/100\n|faint|p1a: Jumpluff\n|move|p2b: Palafin|Wave Crash|p1b: Torkoal\n|-supereffective|p1b: Torkoal\n|-damage|p1b: Torkoal|21\/100\n|-damage|p2b: Palafin|88\/100|[from] Recoil\n|move|p1b: Torkoal|Overheat|p2b: Palafin\n|-resisted|p2b: Palafin\n|-damage|p2b: Palafin|15\/100\n|-unboost|p1b: Torkoal|spa|2\n|-enditem|p1b: Torkoal|Eject Pack\n|\n|t:|1683198498\n|switch|p1b: Great Tusk|Great Tusk, L50|100\/100\n|-activate|p1b: Great Tusk|ability: Protosynthesis\n|-start|p1b: Great Tusk|protosynthesisatk\n|\n|-weather|SunnyDay|[upkeep]\n|upkeep\n|\n|t:|1683198506\n|switch|p1a: Orthworm|Orthworm, L50, F|100\/100\n|turn|2\n|\n|t:|1683198524\n|detailschange|p2b: Palafin|Palafin-Hero, L50, F\n|switch|p2b: Amoonguss|Amoonguss, L50, M|100\/100\n|-terastallize|p2a: Chi-Yu|Water\n|-terastallize|p1a: Orthworm|Fire\n|move|p1b: Great Tusk|Earthquake|p2a: Chi-Yu|[spread] p2a,p2b\n|-immune|p1a: Orthworm|[from] ability: Earth Eater\n|-damage|p2a: Chi-Yu|37\/100\n|-damage|p2b: Amoonguss|54\/100\n|move|p2a: Chi-Yu|Heat Wave|p1b: Great Tusk|[spread] p1b\n|-miss|p2a: Chi-Yu|p1a: Orthworm\n|-damage|p1b: Great Tusk|0 fnt\n|faint|p1b: Great Tusk\n|-end|p1b: Great Tusk|Protosynthesis|[silent]\n|move|p1a: Orthworm|Iron Defense|p1a: Orthworm\n|-boost|p1a: Orthworm|def|2\n|\n|-weather|SunnyDay|[upkeep]\n|upkeep\n|\n|t:|1683198543\n|switch|p1b: Torkoal|Torkoal, L50, F|21\/100\n|turn|3\n|\n|t:|1683198558\n|move|p2a: Chi-Yu|Heat Wave|p1a: Orthworm|[spread] p1a,p1b\n|-resisted|p1a: Orthworm\n|-resisted|p1b: Torkoal\n|-damage|p1a: Orthworm|65\/100\n|-damage|p1b: Torkoal|0 fnt\n|faint|p1b: Torkoal\n|move|p1a: Orthworm|Body Press|p2a: Chi-Yu\n|-damage|p2a: Chi-Yu|0 fnt\n|faint|p2a: Chi-Yu\n|move|p2b: Amoonguss|Spore|p1a: Orthworm\n|-activate|p1a: Orthworm|item: Safety Goggles|Spore\n|\n|-weather|SunnyDay|[upkeep]\n|upkeep\n|\n|t:|1683198573\n|switch|p2a: Flutter Mane|Flutter Mane, L50|100\/100\n|-activate|p2a: Flutter Mane|ability: Protosynthesis\n|-start|p2a: Flutter Mane|protosynthesisspa\n|turn|4\n|\n|t:|1683198593\n|move|p2a: Flutter Mane|Substitute|p2a: Flutter Mane\n|-start|p2a: Flutter Mane|Substitute\n|-damage|p2a: Flutter Mane|76\/100\n|move|p1a: Orthworm|Body Press|p2b: Amoonguss\n|-resisted|p2b: Amoonguss\n|-damage|p2b: Amoonguss|32\/100\n|-enditem|p2b: Amoonguss|Sitrus Berry|[eat]\n|-heal|p2b: Amoonguss|57\/100|[from] item: Sitrus Berry\n|move|p2b: Amoonguss|Pollen Puff|p2a: Flutter Mane\n|-heal|p2a: Flutter Mane|100\/100\n|\n|-weather|SunnyDay|[upkeep]\n|upkeep\n|turn|5\n|\n|t:|1683198614\n|move|p2b: Amoonguss|Protect|p2b: Amoonguss\n|-singleturn|p2b: Amoonguss|Protect\n|move|p2a: Flutter Mane|Shadow Ball|p1a: Orthworm\n|-damage|p1a: Orthworm|11\/100\n|move|p1a: Orthworm|Iron Defense|p1a: Orthworm\n|-boost|p1a: Orthworm|def|2\n|\n|-weather|none\n|-end|p2a: Flutter Mane|Protosynthesis\n|upkeep\n|-enditem|p2a: Flutter Mane|Booster Energy\n|-activate|p2a: Flutter Mane|ability: Protosynthesis|[fromitem]\n|-start|p2a: Flutter Mane|protosynthesisspa\n|turn|6\n|-message|austinerzs forfeited.\n|\n|win|Arcacagne\n|raw|austinerzs's rating: 1188 → 1157<\/strong> (-31 for losing)\n|raw|Arcacagne's rating: 1106 → 1137<\/strong> (+31 for winning)\n|l|\u2606austinerzs\n","uploadtime":1683198665,"views":10,"p1id":"austinerzs","p2id":"arcacagne","formatid":"gen9vgc2023regulationc","rating":1137,"private":0,"password":""}