{"id":"gen9vgc2023regulationc-1862145304","p1":"Dr. Minority","p2":"OniGary0703","format":"[Gen 9] VGC 2023 Regulation C","log":"|j|\u2606Dr. Minority\n|j|\u2606OniGary0703\n|t:|1683841839\n|gametype|doubles\n|player|p1|Dr. Minority|hilda-masters3|\n|player|p2|OniGary0703|scientist-gen4|\n|teamsize|p1|6\n|teamsize|p2|6\n|gen|9\n|tier|[Gen 9] VGC 2023 Regulation C\n|rated|Tournament battle\n|rule|Species Clause: Limit one of each Pok\u00e9mon\n|rule|Item Clause: Limit one of each item\n|clearpoke\n|poke|p1|Tyranitar, L50, F|\n|poke|p1|Baxcalibur, L50, M|\n|poke|p1|Amoonguss, L50, M|\n|poke|p1|Flutter Mane, L50|\n|poke|p1|Chi-Yu, L50|\n|poke|p1|Gyarados, L50, M|\n|poke|p2|Talonflame, L50, M|\n|poke|p2|Chien-Pao, L50|\n|poke|p2|Flutter Mane, L50|\n|poke|p2|Gyarados, L50, F|\n|poke|p2|Great Tusk, L50|\n|poke|p2|Bronzong, L50|\n|teampreview|4\n|inactive|Battle timer is ON: inactive players will automatically lose when time's up. (requested by OniGary0703)\n|j| Garydosses\nOniGary0703 has agreed to open team sheets.\n|inactive|Dr. Minority has 60 seconds left.\n|inactive|OniGary0703 has 60 seconds left.\n|j| SlowHomie\n|\n|t:|1683841885\n|start\n|switch|p1a: Flutter Mane|Flutter Mane, L50|100\/100\n|switch|p1b: Tyranitar|Tyranitar, L50, F, shiny|100\/100\n|switch|p2a: Talonflame|Talonflame, L50, M|100\/100\n|switch|p2b: Great Tusk|Great Tusk, L50|100\/100\n|-weather|Sandstorm|[from] ability: Sand Stream|[of] p1b: Tyranitar\n|-enditem|p1a: Flutter Mane|Booster Energy\n|-activate|p1a: Flutter Mane|ability: Protosynthesis|[fromitem]\n|-start|p1a: Flutter Mane|protosynthesisspa\n|turn|1\n|j| bruno the star\n|inactive|OniGary0703 has 30 seconds left.\n|\n|t:|1683841919\n|switch|p1b: Gyarados|Gyarados, L50, M, shiny|100\/100\n|-ability|p1b: Gyarados|Intimidate|boost\n|-unboost|p2a: Talonflame|atk|1\n|-fail|p2b: Great Tusk|unboost|[from] item: Clear Amulet|[of] p2b: Great Tusk\n|move|p2a: Talonflame|Tailwind|p2a: Talonflame\n|-sidestart|p2: OniGary0703|move: Tailwind\n|move|p2b: Great Tusk|Earthquake|p1b: Gyarados|[spread] p1a\n|-immune|p2a: Talonflame\n|-immune|p1b: Gyarados\n|-damage|p1a: Flutter Mane|35\/100\n|move|p1a: Flutter Mane|Dazzling Gleam|p2b: Great Tusk|[spread] p2a,p2b\n|-resisted|p2a: Talonflame\n|-supereffective|p2b: Great Tusk\n|-damage|p2a: Talonflame|72\/100\n|-damage|p2b: Great Tusk|0 fnt\n|faint|p2b: Great Tusk\n|-end|p2b: Great Tusk|Protosynthesis|[silent]\n|\n|-weather|Sandstorm|[upkeep]\n|-damage|p2a: Talonflame|66\/100|[from] Sandstorm\n|-damage|p1a: Flutter Mane|29\/100|[from] Sandstorm\n|-damage|p1b: Gyarados|94\/100|[from] Sandstorm\n|upkeep\n|\n|t:|1683841926\n|switch|p2b: Flutter Mane|Flutter Mane, L50|100\/100\n|-enditem|p2b: Flutter Mane|Booster Energy\n|-activate|p2b: Flutter Mane|ability: Protosynthesis|[fromitem]\n|-start|p2b: Flutter Mane|protosynthesisspa\n|turn|2\n|\n|t:|1683841946\n|move|p1a: Flutter Mane|Protect|p1a: Flutter Mane\n|-singleturn|p1a: Flutter Mane|Protect\n|move|p2a: Talonflame|Brave Bird|p1b: Gyarados\n|-damage|p1b: Gyarados|70\/100\n|-damage|p2a: Talonflame|57\/100|[from] Recoil\n|move|p2b: Flutter Mane|Dazzling Gleam|p1b: Gyarados|[spread] p1b\n|-activate|p1a: Flutter Mane|move: Protect\n|-damage|p1b: Gyarados|36\/100\n|move|p1b: Gyarados|Thunder Wave|p2b: Flutter Mane\n|-status|p2b: Flutter Mane|par\n|\n|-weather|Sandstorm|[upkeep]\n|-damage|p2a: Talonflame|51\/100|[from] Sandstorm\n|-damage|p1a: Flutter Mane|23\/100|[from] Sandstorm\n|-damage|p2b: Flutter Mane|94\/100 par|[from] Sandstorm\n|-damage|p1b: Gyarados|30\/100|[from] Sandstorm\n|upkeep\n|turn|3\n|j| Radio Free C-Side\n|inactive|Dr. Minority has 30 seconds left.\n|inactive|OniGary0703 has 30 seconds left.\n|inactive|Dr. Minority has 20 seconds left.\n|\n|t:|1683841987\n|-end|p1a: Flutter Mane|Protosynthesis|[silent]\n|switch|p1a: Tyranitar|Tyranitar, L50, F, shiny|100\/100\n|move|p2a: Talonflame|Brave Bird|p1a: Tyranitar\n|-resisted|p1a: Tyranitar\n|-damage|p1a: Tyranitar|91\/100\n|-damage|p2a: Talonflame|47\/100|[from] Recoil\n|move|p2b: Flutter Mane|Moonblast|p1a: Tyranitar\n|-supereffective|p1a: Tyranitar\n|-damage|p1a: Tyranitar|36\/100\n|move|p1b: Gyarados|Waterfall|p2a: Talonflame\n|-supereffective|p2a: Talonflame\n|-damage|p2a: Talonflame|0 fnt\n|faint|p2a: Talonflame\n|\n|-weather|Sandstorm|[upkeep]\n|-damage|p2b: Flutter Mane|88\/100 par|[from] Sandstorm\n|-damage|p1b: Gyarados|24\/100|[from] Sandstorm\n|upkeep\n|\n|t:|1683841992\n|switch|p2a: Bronzong|Bronzong, L50|100\/100\n|turn|4\n|inactive|Dr. Minority has 30 seconds left.\n|\n|t:|1683842023\n|move|p2b: Flutter Mane|Dazzling Gleam|p1a: Tyranitar|[spread] p1a,p1b\n|-supereffective|p1a: Tyranitar\n|-damage|p1a: Tyranitar|6\/100\n|-damage|p1b: Gyarados|0 fnt\n|faint|p1b: Gyarados\n|move|p1a: Tyranitar|Assurance|p2a: Bronzong\n|-supereffective|p2a: Bronzong\n|-damage|p2a: Bronzong|44\/100\n|move|p2a: Bronzong|Iron Defense|p2a: Bronzong\n|-boost|p2a: Bronzong|def|2\n|\n|-weather|Sandstorm|[upkeep]\n|-damage|p2b: Flutter Mane|82\/100 par|[from] Sandstorm\n|-heal|p2a: Bronzong|50\/100|[from] item: Leftovers\n|-sideend|p2: OniGary0703|move: Tailwind\n|upkeep\n|\n|t:|1683842031\n|switch|p1b: Flutter Mane|Flutter Mane, L50|23\/100\n|turn|5\n|j| iagovc\n|\n|t:|1683842054\n|-terastallize|p2a: Bronzong|Poison\n|move|p1b: Flutter Mane|Shadow Ball|p2a: Bronzong\n|-damage|p2a: Bronzong|18\/100\n|move|p1a: Tyranitar|Assurance|p2b: Flutter Mane\n|-damage|p2b: Flutter Mane|29\/100 par\n|move|p2b: Flutter Mane|Dazzling Gleam|p1a: Tyranitar|[spread] p1a,p1b\n|-supereffective|p1a: Tyranitar\n|-damage|p1a: Tyranitar|0 fnt\n|-damage|p1b: Flutter Mane|0 fnt\n|faint|p1a: Tyranitar\n|faint|p1b: Flutter Mane\n|-end|p1b: Flutter Mane|Protosynthesis|[silent]\n|move|p2a: Bronzong|Gyro Ball|p1: Tyranitar|[notarget]\n|-fail|p2a: Bronzong\n|\n|-weather|none\n|-heal|p2a: Bronzong|24\/100|[from] item: Leftovers\n|upkeep\n|\n|t:|1683842060\n|switch|p1b: Baxcalibur|Baxcalibur, L50, M|100\/100\n|turn|6\n|\n|t:|1683842070\n|-terastallize|p1b: Baxcalibur|Poison\n|move|p1b: Baxcalibur|Glaive Rush|p2a: Bronzong\n|-damage|p2a: Bronzong|0 fnt\n|-singlemove|p1b: Baxcalibur|Glaive Rush|[silent]\n|faint|p2a: Bronzong\n|move|p2b: Flutter Mane|Moonblast|p1b: Baxcalibur\n|-resisted|p1b: Baxcalibur\n|-damage|p1b: Baxcalibur|37\/100\n|\n|upkeep\n|turn|7\n|l| iagovc\n|\n|t:|1683842079\n|move|p1b: Baxcalibur|Ice Shard|p2b: Flutter Mane\n|-damage|p2b: Flutter Mane|0 fnt\n|faint|p2b: Flutter Mane\n|-end|p2b: Flutter Mane|Protosynthesis|[silent]\n|\n|win|Dr. Minority\n|n|\u2606Dr. Minority|drminority\n|n|\u2606OniGary0703|onigary0703\n|n| Garydosses|garydosses\n|n| SlowHomie|slowhomie\n|n| bruno the star|brunothestar\n|n| Radio Free C-Side|radiofreecside\n","uploadtime":1683842080,"views":17,"p1id":"drminority","p2id":"onigary0703","formatid":"gen9vgc2023regulationc","rating":0,"private":0,"password":""}