{"id":"gen9vgc2023regulationc-1860078669","p1":"HazeOneTrick","p2":"airport gamer","format":"[Gen 9] VGC 2023 Regulation C","log":"|j|\u2606HazeOneTrick\n|j|\u2606airport gamer\n|t:|1683592707\n|gametype|doubles\n|player|p1|HazeOneTrick|acetrainer-gen6xy|\n|player|p2|airport gamer|crasherwake|\n|teamsize|p1|6\n|teamsize|p2|6\n|gen|9\n|tier|[Gen 9] VGC 2023 Regulation C\n|rule|Species Clause: Limit one of each Pok\u00e9mon\n|rule|Item Clause: Limit one of each item\n|clearpoke\n|poke|p1|Chi-Yu, L50|\n|poke|p1|Iron Hands, L50|\n|poke|p1|Gyarados, L50, M|\n|poke|p1|Iron Bundle, L50|\n|poke|p1|Amoonguss, L50, M|\n|poke|p1|Flutter Mane, L50|\n|poke|p2|Garganacl, L50, F|\n|poke|p2|Arcanine, L50, M|\n|poke|p2|Palafin, L50, F|\n|poke|p2|Amoonguss, L50, F|\n|poke|p2|Flutter Mane, L50|\n|poke|p2|Dragonite, L50, M|\n|teampreview|4\nairport gamer has agreed to open team sheets.\n|c|\u2606HazeOneTrick|my early games r for the most part rlly good\nHazeOneTrick has agreed to open team sheets.\n|c|\u2606airport gamer|Yeah you were playing really well for like the first 4-5 turns\n|l|\u2606airport gamer\n|player|p2|\n|c|\u2606HazeOneTrick|tbh i didnt play horrible in the end either\n|j|\u2606airport gamer\n|player|p2|airport gamer|crasherwake\n|c|\u2606HazeOneTrick|u just played better\n|\n|t:|1683592840\n|start\n|switch|p1a: Iron Hands|Iron Hands, L50|100\/100\n|switch|p1b: Gyarados|Gyarados, L50, M|100\/100\n|switch|p2a: Garganacl|Garganacl, L50, F|100\/100\n|switch|p2b: Flutter Mane|Flutter Mane, L50|100\/100\n|-ability|p1b: Gyarados|Intimidate|boost\n|-unboost|p2a: Garganacl|atk|1\n|-unboost|p2b: Flutter Mane|atk|1\n|-enditem|p2b: Flutter Mane|Booster Energy\n|-activate|p2b: Flutter Mane|ability: Protosynthesis|[fromitem]\n|-start|p2b: Flutter Mane|protosynthesisspa\n|turn|1\n|\n|t:|1683592867\n|-end|p2b: Flutter Mane|Protosynthesis|[silent]\n|switch|p2b: Arcanine|Arcanine, L50, M|100\/100\n|-ability|p2b: Arcanine|Intimidate|boost\n|-unboost|p1a: Iron Hands|atk|1\n|-unboost|p1b: Gyarados|atk|1\n|switch|p1b: Amoonguss|Amoonguss, L50, M|100\/100\n|-terastallize|p2a: Garganacl|Water\n|move|p1a: Iron Hands|Heavy Slam|p2b: Arcanine\n|-resisted|p2b: Arcanine\n|-damage|p2b: Arcanine|93\/100\n|move|p2a: Garganacl|Salt Cure|p1b: Amoonguss\n|-damage|p1b: Amoonguss|93\/100\n|-start|p1b: Amoonguss|Salt Cure\n|\n|-damage|p1b: Amoonguss|81\/100|[from] Salt Cure\n|upkeep\n|turn|2\n|c|\u2606HazeOneTrick|yk what i wanna do\n|c|\u2606HazeOneTrick|tera water\n|c|\u2606HazeOneTrick|yk why i cant\n|\n|t:|1683592907\n|-end|p1a: Iron Hands|Quark Drive|[silent]\n|switch|p1a: Gyarados|Gyarados, L50, M|100\/100\n|-ability|p1a: Gyarados|Intimidate|boost\n|-unboost|p2a: Garganacl|atk|1\n|-unboost|p2b: Arcanine|atk|1\n|move|p1b: Amoonguss|Protect|p1b: Amoonguss\n|-singleturn|p1b: Amoonguss|Protect\n|move|p2b: Arcanine|Will-O-Wisp|p1a: Gyarados\n|-status|p1a: Gyarados|brn\n|move|p2a: Garganacl|Stealth Rock|p1b: Amoonguss\n|-sidestart|p1: HazeOneTrick|move: Stealth Rock\n|\n|-damage|p1a: Gyarados|95\/100 brn|[from] brn\n|-damage|p1b: Amoonguss|69\/100|[from] Salt Cure\n|upkeep\n|turn|3\n|\n|t:|1683592937\n|switch|p2b: Amoonguss|Amoonguss, L50, F|100\/100\n|switch|p1b: Iron Hands|Iron Hands, L50|100\/100\n|-damage|p1b: Iron Hands|94\/100|[from] Stealth Rock\n|move|p1a: Gyarados|Thunder Wave|p2b: Amoonguss\n|-status|p2b: Amoonguss|par\n|move|p2a: Garganacl|Salt Cure|p1a: Gyarados\n|-supereffective|p1a: Gyarados\n|-damage|p1a: Gyarados|80\/100 brn\n|-start|p1a: Gyarados|Salt Cure\n|\n|-damage|p1a: Gyarados|74\/100 brn|[from] brn\n|-damage|p1a: Gyarados|49\/100 brn|[from] Salt Cure\n|upkeep\n|turn|4\n|\n|t:|1683592984\n|switch|p2b: Arcanine|Arcanine, L50, M|93\/100\n|-ability|p2b: Arcanine|Intimidate|boost\n|-unboost|p1a: Gyarados|atk|1\n|-unboost|p1b: Iron Hands|atk|1\n|move|p1b: Iron Hands|Fake Out|p2a: Garganacl\n|-damage|p2a: Garganacl|93\/100\n|move|p1a: Gyarados|Taunt|p2b: Arcanine\n|-start|p2b: Arcanine|move: Taunt\n|cant|p2a: Garganacl|flinch\n|\n|-heal|p2a: Garganacl|99\/100|[from] item: Leftovers\n|-damage|p1a: Gyarados|43\/100 brn|[from] brn\n|-damage|p1a: Gyarados|18\/100 brn|[from] Salt Cure\n|upkeep\n|-enditem|p1a: Gyarados|Mago Berry|[eat]\n|-heal|p1a: Gyarados|51\/100 brn|[from] item: Mago Berry\n|turn|5\n|\n|t:|1683593020\n|switch|p2b: Amoonguss|Amoonguss, L50, F|100\/100 par\n|switch|p1a: Chi-Yu|Chi-Yu, L50|100\/100\n|-damage|p1a: Chi-Yu|76\/100|[from] Stealth Rock\n|-ability|p1a: Chi-Yu|Beads of Ruin\n|move|p2a: Garganacl|Protect|p2a: Garganacl\n|-singleturn|p2a: Garganacl|Protect\n|move|p1b: Iron Hands|Wild Charge|p2b: Amoonguss\n|-resisted|p2b: Amoonguss\n|-damage|p2b: Amoonguss|87\/100 par\n|-damage|p1b: Iron Hands|91\/100|[from] Recoil\n|\n|-heal|p1a: Chi-Yu|82\/100|[from] item: Leftovers\n|-heal|p2a: Garganacl|100\/100|[from] item: Leftovers\n|upkeep\n|turn|6\n|c|\u2606airport gamer|Salt cure :)\n|l|\u2606airport gamer\n|player|p2|\n|j|\u2606airport gamer\n|player|p2|airport gamer|crasherwake\n|c|\u2606HazeOneTrick|i literal counter to the two bests defensive types in the game\n|c|\u2606HazeOneTrick|think ab that\n|c|\u2606airport gamer|I've thought about it\n|c|\u2606airport gamer|It's pretty damn good\n|c|\u2606HazeOneTrick|ima put all our games in chaty\n|c|\u2606HazeOneTrick|discord\n|\n|t:|1683593126\n|-end|p1b: Iron Hands|Quark Drive|[silent]\n|switch|p1b: Amoonguss|Amoonguss, L50, M|100\/100\n|-damage|p1b: Amoonguss|88\/100|[from] Stealth Rock\n|switch|p2b: Arcanine|Arcanine, L50, M|93\/100\n|-ability|p2b: Arcanine|Intimidate|boost\n|-unboost|p1a: Chi-Yu|atk|1\n|-unboost|p1b: Amoonguss|atk|1\n|move|p1a: Chi-Yu|Protect|p1a: Chi-Yu\n|-singleturn|p1a: Chi-Yu|Protect\n|move|p2a: Garganacl|Salt Cure|p1a: Chi-Yu\n|-activate|p1a: Chi-Yu|move: Protect\n|\n|-heal|p1a: Chi-Yu|88\/100|[from] item: Leftovers\n|upkeep\n|turn|7\n|c|\u2606HazeOneTrick|just so yk\n|\n|t:|1683593157\n|-terastallize|p1b: Amoonguss|Water\n|move|p1b: Amoonguss|Rage Powder|p1b: Amoonguss\n|-singleturn|p1b: Amoonguss|move: Rage Powder\n|move|p1a: Chi-Yu|Nasty Plot|p1a: Chi-Yu\n|-boost|p1a: Chi-Yu|spa|2\n|move|p2b: Arcanine|Flare Blitz|p1b: Amoonguss\n|-resisted|p1b: Amoonguss\n|-damage|p1b: Amoonguss|65\/100\n|-damage|p2b: Arcanine|85\/100|[from] Recoil\n|move|p2a: Garganacl|Salt Cure|p1b: Amoonguss\n|-damage|p1b: Amoonguss|60\/100\n|-start|p1b: Amoonguss|Salt Cure\n|\n|-heal|p1a: Chi-Yu|94\/100|[from] item: Leftovers\n|-damage|p1b: Amoonguss|35\/100|[from] Salt Cure\n|upkeep\n|-enditem|p1b: Amoonguss|Sitrus Berry|[eat]\n|-heal|p1b: Amoonguss|60\/100|[from] item: Sitrus Berry\n|turn|8\n|\n|t:|1683593202\n|move|p2b: Arcanine|Extreme Speed|p1a: Chi-Yu\n|-damage|p1a: Chi-Yu|65\/100\n|move|p1b: Amoonguss|Rage Powder|p1b: Amoonguss\n|-singleturn|p1b: Amoonguss|move: Rage Powder\n|move|p1a: Chi-Yu|Heat Wave|p2a: Garganacl|[spread] p2a\n|-miss|p1a: Chi-Yu|p2b: Arcanine\n|-resisted|p2a: Garganacl\n|-damage|p2a: Garganacl|67\/100\n|move|p2a: Garganacl|Salt Cure|p1b: Amoonguss\n|-damage|p1b: Amoonguss|53\/100\n|\n|-heal|p1a: Chi-Yu|71\/100|[from] item: Leftovers\n|-heal|p2a: Garganacl|73\/100|[from] item: Leftovers\n|-damage|p1b: Amoonguss|28\/100|[from] Salt Cure\n|upkeep\n|turn|9\n|\n|t:|1683593231\n|switch|p1b: Gyarados|Gyarados, L50, M|51\/100 brn\n|-damage|p1b: Gyarados|26\/100 brn|[from] Stealth Rock\n|-ability|p1b: Gyarados|Intimidate|boost\n|-unboost|p2a: Garganacl|atk|1\n|-unboost|p2b: Arcanine|atk|1\n|move|p1a: Chi-Yu|Protect|p1a: Chi-Yu\n|-singleturn|p1a: Chi-Yu|Protect\n|move|p2a: Garganacl|Protect|p2a: Garganacl\n|-singleturn|p2a: Garganacl|Protect\n|move|p2b: Arcanine|Extreme Speed|p1b: Gyarados\n|-damage|p1b: Gyarados|9\/100 brn\n|\n|-heal|p1a: Chi-Yu|77\/100|[from] item: Leftovers\n|-heal|p2a: Garganacl|79\/100|[from] item: Leftovers\n|-damage|p1b: Gyarados|3\/100 brn|[from] brn\n|upkeep\n|turn|10\n|\n|t:|1683593258\n|switch|p1b: Amoonguss|Amoonguss, L50, M, tera:Water|61\/100\n|-damage|p1b: Amoonguss|49\/100|[from] Stealth Rock\n|switch|p2a: Amoonguss|Amoonguss, L50, F|100\/100 par\n|move|p2b: Arcanine|Extreme Speed|p1a: Chi-Yu\n|-damage|p1a: Chi-Yu|57\/100\n|move|p1a: Chi-Yu|Dark Pulse|p2a: Amoonguss\n|-damage|p2a: Amoonguss|0 fnt\n|faint|p2a: Amoonguss\n|\n|-heal|p1a: Chi-Yu|63\/100|[from] item: Leftovers\n|upkeep\n|c|\u2606HazeOneTrick|watch this flinch\n|\n|t:|1683593274\n|switch|p2a: Flutter Mane|Flutter Mane, L50|100\/100\n|turn|11\n|c|\u2606airport gamer|I messed up somewhere\n|c|\u2606HazeOneTrick|dw\n|c|\u2606HazeOneTrick|were getting in the diego choke zone\n|c|\u2606airport gamer|I blame the shitty internet reconnecting 5 times and my travel mates distracting me\n|l|\u2606airport gamer\n|player|p2|\n|c|\u2606HazeOneTrick|lol fair fair\n|j|\u2606airport gamer\n|player|p2|airport gamer|crasherwake\n|c|\u2606HazeOneTrick|oh there he goes again\n|c|\u2606HazeOneTrick|LMAOOO\n|c|\u2606airport gamer|I'm so tilted\n|c|\u2606airport gamer|I could throw my phone off the balcony\n|c|\u2606HazeOneTrick|NO\n|c|\u2606HazeOneTrick|we can bo3 some other time\n|c|\u2606HazeOneTrick|let people go sleep and wifi will be better\n|c|\u2606airport gamer|No no no it's fine\n|\n|t:|1683593418\n|switch|p2b: Garganacl|Garganacl, L50, F, tera:Water|79\/100\n|move|p1b: Amoonguss|Rage Powder|p1b: Amoonguss\n|-singleturn|p1b: Amoonguss|move: Rage Powder\n|move|p2a: Flutter Mane|Substitute|p2a: Flutter Mane\n|-start|p2a: Flutter Mane|Substitute\n|-damage|p2a: Flutter Mane|76\/100\n|move|p1a: Chi-Yu|Dark Pulse|p2b: Garganacl\n|-damage|p2b: Garganacl|0 fnt\n|faint|p2b: Garganacl\n|\n|-heal|p1a: Chi-Yu|70\/100|[from] item: Leftovers\n|upkeep\n|\n|t:|1683593427\n|switch|p2b: Arcanine|Arcanine, L50, M|85\/100\n|-ability|p2b: Arcanine|Intimidate|boost\n|-unboost|p1a: Chi-Yu|atk|1\n|-unboost|p1b: Amoonguss|atk|1\n|turn|12\n|\n|t:|1683593443\n|move|p2b: Arcanine|Extreme Speed|p1b: Amoonguss\n|-damage|p1b: Amoonguss|31\/100\n|move|p1b: Amoonguss|Rage Powder|p1b: Amoonguss\n|-singleturn|p1b: Amoonguss|move: Rage Powder\n|move|p2a: Flutter Mane|Moonblast|p1b: Amoonguss\n|-damage|p1b: Amoonguss|0 fnt\n|faint|p1b: Amoonguss\n|move|p1a: Chi-Yu|Dark Pulse|p2b: Arcanine\n|-damage|p2b: Arcanine|0 fnt\n|faint|p2b: Arcanine\n|\n|-heal|p1a: Chi-Yu|76\/100|[from] item: Leftovers\n|upkeep\n|\n|t:|1683593461\n|switch|p1b: Gyarados|Gyarados, L50, M|3\/100 brn\n|-damage|p1b: Gyarados|0 fnt|[from] Stealth Rock\n|faint|p1b: Gyarados\n|c|\u2606HazeOneTrick|wtf happened\n|c|\u2606airport gamer|Lmao\n|c|\u2606HazeOneTrick|oh\n|c|\u2606HazeOneTrick|LMAIOOOOOO\n|\n|t:|1683593474\n|switch|p1b: Iron Hands|Iron Hands, L50|91\/100\n|-damage|p1b: Iron Hands|85\/100|[from] Stealth Rock\n|turn|13\n|c|\u2606HazeOneTrick|im crying\n|c|\u2606airport gamer|Poor gyarados\n|\n|t:|1683593502\n|move|p2a: Flutter Mane|Moonblast|p1b: Iron Hands\n|-supereffective|p1b: Iron Hands\n|-damage|p1b: Iron Hands|15\/100\n|-unboost|p1b: Iron Hands|spa|1\n|move|p1a: Chi-Yu|Dark Pulse|p2a: Flutter Mane\n|-end|p2a: Flutter Mane|Substitute\n|move|p1b: Iron Hands|Heavy Slam|p2a: Flutter Mane\n|-supereffective|p2a: Flutter Mane\n|-damage|p2a: Flutter Mane|0 fnt\n|faint|p2a: Flutter Mane\n|-end|p2a: Flutter Mane|Protosynthesis|[silent]\n|\n|win|HazeOneTrick\n|c|\u2606HazeOneTrick|gg\n|c|\u2606airport gamer|gg\n","uploadtime":1683593513,"views":7,"p1id":"hazeonetrick","p2id":"airportgamer","formatid":"gen9vgc2023regulationc","rating":0,"private":0,"password":""}