{"id":"gen9vgc2023regulationc-1851937501","p1":"gfnfxdjhzk","p2":"rudyxkam","format":"[Gen 9] VGC 2023 Regulation C","log":"|j|\u2606gfnfxdjhzk\n|j|\u2606rudyxkam\n|t:|1682508427\n|gametype|doubles\n|player|p1|gfnfxdjhzk|170|1155\n|player|p2|rudyxkam|gardenia|1092\n|teamsize|p1|6\n|teamsize|p2|6\n|gen|9\n|tier|[Gen 9] VGC 2023 Regulation C\n|rated|\n|rule|Species Clause: Limit one of each Pok\u00e9mon\n|rule|Item Clause: Limit one of each item\n|clearpoke\n|poke|p1|Garchomp, L50, F|\n|poke|p1|Tyranitar, L50, M|\n|poke|p1|Tinkaton, L50, F|\n|poke|p1|Ting-Lu, L50|\n|poke|p1|Gyarados, L50, F|\n|poke|p1|Orthworm, L50, F|\n|poke|p2|Gyarados, L50, M|\n|poke|p2|Talonflame, L50, M|\n|poke|p2|Baxcalibur, L50, F|\n|poke|p2|Corviknight, L50, M|\n|poke|p2|Ting-Lu, L50|\n|poke|p2|Flutter Mane, L50|\n|teampreview|4\n|inactive|Battle timer is ON: inactive players will automatically lose when time's up. (requested by rudyxkam)\n|c|\u2606rudyxkam|glhf!\n|inactive|rudyxkam has 60 seconds left.\nrudyxkam has agreed to open team sheets.\n|inactive|rudyxkam has 30 seconds left.\n|inactive|gfnfxdjhzk has 60 seconds left.\n|inactive|rudyxkam has 20 seconds left.\n|inactive|rudyxkam has 15 seconds left.\n|\n|t:|1682508518\n|start\n|switch|p1a: Orthworm|Orthworm, L50, F|100\/100\n|switch|p1b: Ting-Lu|Ting-Lu, L50|100\/100\n|switch|p2a: Manda|Gyarados, L50, M, shiny|100\/100\n|switch|p2b: Sker|Ting-Lu, L50|100\/100\n|-ability|p2a: Manda|Intimidate|boost\n|-unboost|p1a: Orthworm|atk|1\n|-unboost|p1b: Ting-Lu|atk|1\n|-ability|p2b: Sker|Vessel of Ruin\n|-ability|p1b: Ting-Lu|Vessel of Ruin\n|turn|1\n|inactive|gfnfxdjhzk has 30 seconds left.\n|inactive|rudyxkam has 30 seconds left.\n|inactive|gfnfxdjhzk has 20 seconds left.\n|inactive|gfnfxdjhzk has 15 seconds left.\n|inactive|gfnfxdjhzk has 10 seconds left.\n|\n|t:|1682508564\n|move|p2a: Manda|Taunt|p1a: Orthworm\n|-start|p1a: Orthworm|move: Taunt\n|cant|p1a: Orthworm|move: Taunt|Shed Tail\n|move|p2b: Sker|Ruination|p1b: Ting-Lu\n|-damage|p1b: Ting-Lu|50\/100\n|move|p1b: Ting-Lu|Ruination|p2b: Sker\n|-damage|p2b: Sker|50\/100\n|\n|upkeep\n|turn|2\n|inactive|gfnfxdjhzk has 30 seconds left.\n|inactive|gfnfxdjhzk has 20 seconds left.\n|inactive|gfnfxdjhzk has 15 seconds left.\n|\n|t:|1682508608\n|switch|p1a: Gyarados|Gyarados, L50, F|100\/100\n|-ability|p1a: Gyarados|Intimidate|boost\n|-unboost|p2a: Manda|atk|1\n|-unboost|p2b: Sker|atk|1\n|move|p2a: Manda|Waterfall|p1b: Ting-Lu\n|-supereffective|p1b: Ting-Lu\n|-damage|p1b: Ting-Lu|27\/100\n|move|p1b: Ting-Lu|Stomping Tantrum|p2b: Sker\n|-damage|p2b: Sker|40\/100\n|move|p2b: Sker|Stomping Tantrum|p1b: Ting-Lu\n|-damage|p1b: Ting-Lu|18\/100\n|\n|upkeep\n|turn|3\n|inactive|gfnfxdjhzk has 30 seconds left.\n|\n|t:|1682508634\n|switch|p2b: Gigan|Corviknight, L50, M, shiny|100\/100\n|move|p1a: Gyarados|Dragon Dance|p1a: Gyarados\n|-boost|p1a: Gyarados|atk|1\n|-boost|p1a: Gyarados|spe|1\n|move|p2a: Manda|Taunt|p1a: Gyarados\n|-start|p1a: Gyarados|move: Taunt\n|move|p1b: Ting-Lu|Fissure|p2b: Gigan\n|-immune|p2b: Gigan\n|\n|upkeep\n|turn|4\n|inactive|gfnfxdjhzk has 30 seconds left.\n|inactive|rudyxkam has 30 seconds left.\n|c|\u2606rudyxkam|yikes!\n|inactive|rudyxkam has 20 seconds left.\n|inactive|rudyxkam has 15 seconds left.\n|\n|t:|1682508678\n|move|p1a: Gyarados|Ice Fang|p2a: Manda\n|-damage|p2a: Manda|58\/100\n|-damage|p1a: Gyarados|91\/100|[from] item: Life Orb\n|move|p2a: Manda|Waterfall|p1b: Ting-Lu\n|-supereffective|p1b: Ting-Lu\n|-damage|p1b: Ting-Lu|0 fnt\n|faint|p1b: Ting-Lu\n|move|p2b: Gigan|Bulk Up|p2b: Gigan\n|-boost|p2b: Gigan|atk|1\n|-boost|p2b: Gigan|def|1\n|\n|upkeep\n|\n|t:|1682508692\n|switch|p1b: Tinkaton|Tinkaton, L50, F|100\/100\n|-ability|p1b: Tinkaton|Mold Breaker\n|-item|p1b: Tinkaton|Air Balloon\n|turn|5\n|inactive|rudyxkam has 30 seconds left.\n|\n|t:|1682508722\n|-terastallize|p2a: Manda|Steel\n|move|p1b: Tinkaton|Fake Out|p2b: Gigan\n|-resisted|p2b: Gigan\n|-damage|p2b: Gigan|98\/100\n|move|p1a: Gyarados|Ice Fang|p2a: Manda\n|-resisted|p2a: Manda\n|-damage|p2a: Manda|36\/100\n|-enditem|p2a: Manda|Sitrus Berry|[eat]\n|-heal|p2a: Manda|60\/100|[from] item: Sitrus Berry\n|-damage|p1a: Gyarados|81\/100|[from] item: Life Orb\n|move|p2a: Manda|Thunder Wave|p1a: Gyarados\n|-status|p1a: Gyarados|par\n|cant|p2b: Gigan|flinch\n|\n|upkeep\n|turn|6\n|inactive|gfnfxdjhzk has 30 seconds left.\n|inactive|gfnfxdjhzk has 20 seconds left.\n|\n|t:|1682508757\n|switch|p1b: Orthworm|Orthworm, L50, F|100\/100\n|-terastallize|p1a: Gyarados|Water\n|move|p1a: Gyarados|Waterfall|p2b: Gigan\n|-damage|p2b: Gigan|52\/100\n|-damage|p1a: Gyarados|71\/100 par|[from] item: Life Orb\n|move|p2a: Manda|Taunt|p1b: Orthworm\n|-start|p1b: Orthworm|move: Taunt\n|move|p2b: Gigan|Brave Bird|p1a: Gyarados\n|-damage|p1a: Gyarados|0 fnt\n|faint|p1a: Gyarados\n|-damage|p2b: Gigan|33\/100|[from] Recoil\n|\n|upkeep\n|\n|t:|1682508774\n|switch|p1a: Tinkaton|Tinkaton, L50, F|100\/100\n|-ability|p1a: Tinkaton|Mold Breaker\n|-item|p1a: Tinkaton|Air Balloon\n|turn|7\n|\n|t:|1682508791\n|move|p1a: Tinkaton|Fake Out|p2a: Manda\n|-resisted|p2a: Manda\n|-damage|p2a: Manda|55\/100\n|cant|p2a: Manda|flinch\n|move|p2b: Gigan|Roost|p2b: Gigan\n|-heal|p2b: Gigan|83\/100\n|-singleturn|p2b: Gigan|move: Roost\n|move|p1b: Orthworm|Body Press|p2b: Gigan\n|-supereffective|p2b: Gigan\n|-damage|p2b: Gigan|51\/100\n|\n|upkeep\n|turn|8\n|inactive|gfnfxdjhzk has 30 seconds left.\n|inactive|rudyxkam has 30 seconds left.\n|inactive|gfnfxdjhzk has 20 seconds left.\n|inactive|gfnfxdjhzk has 15 seconds left.\n|inactive|gfnfxdjhzk has 10 seconds left.\n|inactive|gfnfxdjhzk has 5 seconds left.\n|\n|t:|1682508846\n|switch|p2a: Sker|Ting-Lu, L50|40\/100\n|-ability|p2a: Sker|Vessel of Ruin\n|move|p1a: Tinkaton|Fake Out||[still]\n|-hint|Fake Out only works on your first turn out.\n|-fail|p1a: Tinkaton\n|move|p2b: Gigan|Iron Head|p1a: Tinkaton\n|-damage|p1a: Tinkaton|56\/100\n|-enditem|p1a: Tinkaton|Air Balloon\n|move|p1b: Orthworm|Body Press|p2b: Gigan\n|-crit|p2b: Gigan\n|-damage|p2b: Gigan|16\/100\n|\n|-end|p1b: Orthworm|move: Taunt\n|upkeep\n|turn|9\n|inactive|rudyxkam has 30 seconds left.\n|inactive|rudyxkam has 20 seconds left.\n|inactive|rudyxkam has 15 seconds left.\n|inactive|rudyxkam has 10 seconds left.\n|inactive|rudyxkam has 5 seconds left.\n|\n|t:|1682508896\n|move|p1a: Tinkaton|Play Rough|p2a: Sker\n|-supereffective|p2a: Sker\n|-damage|p2a: Sker|7\/100\n|-unboost|p2a: Sker|atk|1\n|move|p2b: Gigan|Roost|p2b: Gigan\n|-heal|p2b: Gigan|66\/100\n|-singleturn|p2b: Gigan|move: Roost\n|move|p1b: Orthworm|Body Press|p2b: Gigan\n|-supereffective|p2b: Gigan\n|-damage|p2b: Gigan|35\/100\n|move|p2a: Sker|Stomping Tantrum|p1a: Tinkaton\n|-supereffective|p1a: Tinkaton\n|-damage|p1a: Tinkaton|15\/100\n|\n|upkeep\n|turn|10\n|inactive|rudyxkam has 30 seconds left.\n|\n|t:|1682508931\n|switch|p2a: Manda|Gyarados, L50, M, shiny, tera:Steel|55\/100\n|-ability|p2a: Manda|Intimidate|boost\n|-unboost|p1a: Tinkaton|atk|1\n|-unboost|p1b: Orthworm|atk|1\n|move|p1a: Tinkaton|Play Rough|p2a: Manda\n|-resisted|p2a: Manda\n|-damage|p2a: Manda|43\/100\n|move|p2b: Gigan|Iron Head|p1a: Tinkaton\n|-damage|p1a: Tinkaton|0 fnt\n|faint|p1a: Tinkaton\n|move|p1b: Orthworm|Iron Defense|p1b: Orthworm\n|-boost|p1b: Orthworm|def|2\n|\n|upkeep\n|turn|11\n|\n|t:|1682508949\n|move|p2a: Manda|Waterfall|p1b: Orthworm\n|-damage|p1b: Orthworm|88\/100\n|move|p2b: Gigan|Iron Head|p1b: Orthworm\n|-resisted|p1b: Orthworm\n|-damage|p1b: Orthworm|82\/100\n|move|p1b: Orthworm|Body Press|p2b: Gigan\n|-crit|p2b: Gigan\n|-damage|p2b: Gigan|0 fnt\n|faint|p2b: Gigan\n|\n|upkeep\n|\n|t:|1682508959\n|switch|p2b: Sker|Ting-Lu, L50|7\/100\n|-ability|p2b: Sker|Vessel of Ruin\n|turn|12\n|\n|t:|1682508969\n|move|p2a: Manda|Thunder Wave|p1b: Orthworm|[miss]\n|-miss|p2a: Manda|p1b: Orthworm\n|move|p1b: Orthworm|Body Press|p2a: Manda\n|-supereffective|p2a: Manda\n|-damage|p2a: Manda|0 fnt\n|faint|p2a: Manda\n|move|p2b: Sker|Ruination|p1b: Orthworm\n|-damage|p1b: Orthworm|41\/100\n|-enditem|p1b: Orthworm|Sitrus Berry|[eat]\n|-heal|p1b: Orthworm|66\/100|[from] item: Sitrus Berry\n|\n|upkeep\n|\n|t:|1682508979\n|switch|p2a: Shobijin|Flutter Mane, L50, shiny|100\/100\n|turn|13\n|\n|t:|1682508989\n|move|p2a: Shobijin|Shadow Ball|p1b: Orthworm\n|-damage|p1b: Orthworm|0 fnt\n|faint|p1b: Orthworm\n|\n|win|rudyxkam\n|raw|gfnfxdjhzk's rating: 1155 → 1126<\/strong> (-29 for losing)\n|raw|rudyxkam's rating: 1092 → 1123<\/strong> (+31 for winning)\n|c|\u2606rudyxkam|gg\n","uploadtime":1682508995,"views":29,"p1id":"gfnfxdjhzk","p2id":"rudyxkam","formatid":"gen9vgc2023regulationc","rating":1123,"private":0,"password":""}