{"id":"gen9vgc2023regulationc-1849251823","p1":"Charlisito","p2":"Pokeclem_HS","format":"[Gen 9] VGC 2023 Regulation C","log":"|j|\u2606Charlisito\n|j|\u2606Pokeclem_HS\n|t:|1682177985\n|gametype|doubles\n|player|p1|Charlisito|101|1077\n|player|p2|Pokeclem_HS|unknown|1083\n|teamsize|p1|6\n|teamsize|p2|6\n|gen|9\n|tier|[Gen 9] VGC 2023 Regulation C\n|rated|\n|rule|Species Clause: Limit one of each Pok\u00e9mon\n|rule|Item Clause: Limit one of each item\n|clearpoke\n|poke|p1|Palafin, L50, M|\n|poke|p1|Arcanine, L50, M|\n|poke|p1|Amoonguss, L50, M|\n|poke|p1|Flutter Mane, L50|\n|poke|p1|Ting-Lu, L50|\n|poke|p1|Slither Wing, L50|\n|poke|p2|Gholdengo, L50|\n|poke|p2|Murkrow, L50, M|\n|poke|p2|Chi-Yu, L50|\n|poke|p2|Hatterene, L50, F|\n|poke|p2|Rotom-Wash, L50|\n|poke|p2|Great Tusk, L50|\n|teampreview|4\n|\n|t:|1682178053\n|start\n|switch|p1a: Ting-Lu|Ting-Lu, L50|100\/100\n|switch|p1b: Palafin|Palafin, L50, M|100\/100\n|switch|p2a: Murkrow|Murkrow, L50, M|100\/100\n|switch|p2b: Gholdengo|Gholdengo, L50|100\/100\n|-ability|p1a: Ting-Lu|Vessel of Ruin\n|turn|1\n|\n|t:|1682178101\n|switch|p2b: Rotom|Rotom-Wash, L50|100\/100\n|move|p1b: Palafin|Protect|p1b: Palafin\n|-singleturn|p1b: Palafin|Protect\n|move|p2a: Murkrow|Tailwind|p2a: Murkrow\n|-sidestart|p2: Pokeclem_HS|move: Tailwind\n|move|p1a: Ting-Lu|Ruination|p2b: Rotom\n|-damage|p2b: Rotom|51\/100\n|\n|upkeep\n|turn|2\n|\n|t:|1682178128\n|detailschange|p1b: Palafin|Palafin-Hero, L50, M\n|switch|p1b: Arcanine|Arcanine, L50, M|100\/100\n|-ability|p1b: Arcanine|Intimidate|boost\n|-unboost|p2a: Murkrow|atk|1\n|-unboost|p2b: Rotom|atk|1\n|move|p2b: Rotom|Hydro Pump|p1a: Ting-Lu\n|-supereffective|p1a: Ting-Lu\n|-damage|p1a: Ting-Lu|48\/100\n|-damage|p2b: Rotom|41\/100|[from] item: Life Orb\n|move|p2a: Murkrow|Foul Play|p1b: Arcanine\n|-damage|p1b: Arcanine|62\/100\n|move|p1a: Ting-Lu|Ruination|p2b: Rotom\n|-damage|p2b: Rotom|21\/100\n|\n|upkeep\n|turn|3\n|\n|t:|1682178169\n|switch|p2b: Gholdengo|Gholdengo, L50|100\/100\n|switch|p1a: Flutter Mane|Flutter Mane, L50|100\/100\n|-enditem|p1a: Flutter Mane|Booster Energy\n|-activate|p1a: Flutter Mane|ability: Protosynthesis|[fromitem]\n|-start|p1a: Flutter Mane|protosynthesisspa\n|move|p1b: Arcanine|Protect|p1b: Arcanine\n|-singleturn|p1b: Arcanine|Protect\n|move|p2a: Murkrow|Foul Play|p1b: Arcanine\n|-activate|p1b: Arcanine|move: Protect\n|\n|upkeep\n|turn|4\n|\n|t:|1682178190\n|move|p1a: Flutter Mane|Protect|p1a: Flutter Mane\n|-singleturn|p1a: Flutter Mane|Protect\n|move|p2a: Murkrow|Foul Play|p1b: Arcanine\n|-damage|p1b: Arcanine|24\/100\n|move|p2b: Gholdengo|Make It Rain|p1a: Flutter Mane|[spread] p1b\n|-activate|p1a: Flutter Mane|move: Protect\n|-resisted|p1b: Arcanine\n|-damage|p1b: Arcanine|0 fnt\n|-unboost|p2b: Gholdengo|spa|1\n|faint|p1b: Arcanine\n|\n|-sideend|p2: Pokeclem_HS|move: Tailwind\n|upkeep\n|\n|t:|1682178204\n|switch|p1b: Ting-Lu|Ting-Lu, L50|48\/100\n|-ability|p1b: Ting-Lu|Vessel of Ruin\n|turn|5\n|\n|t:|1682178227\n|move|p2a: Murkrow|Tailwind|p2a: Murkrow\n|-sidestart|p2: Pokeclem_HS|move: Tailwind\n|move|p2b: Gholdengo|Make It Rain|p1a: Flutter Mane|[spread] p1a,p1b\n|-supereffective|p1a: Flutter Mane\n|-damage|p1a: Flutter Mane|30\/100\n|-damage|p1b: Ting-Lu|27\/100\n|-unboost|p2b: Gholdengo|spa|1\n|move|p1a: Flutter Mane|Shadow Ball|p2b: Gholdengo\n|-supereffective|p2b: Gholdengo\n|-damage|p2b: Gholdengo|15\/100\n|move|p1b: Ting-Lu|Payback|p2b: Gholdengo\n|-supereffective|p2b: Gholdengo\n|-damage|p2b: Gholdengo|0 fnt\n|faint|p2b: Gholdengo\n|\n|upkeep\n|\n|t:|1682178252\n|switch|p2b: Chi-Yu|Chi-Yu, L50|100\/100\n|-ability|p2b: Chi-Yu|Beads of Ruin\n|turn|6\n|\n|t:|1682178272\n|move|p2b: Chi-Yu|Heat Wave|p1b: Ting-Lu|[spread] p1a,p1b\n|-damage|p1a: Flutter Mane|0 fnt\n|-damage|p1b: Ting-Lu|7\/100\n|faint|p1a: Flutter Mane\n|-end|p1a: Flutter Mane|Protosynthesis|[silent]\n|move|p2a: Murkrow|Foul Play|p1b: Ting-Lu\n|-resisted|p1b: Ting-Lu\n|-damage|p1b: Ting-Lu|0 fnt\n|faint|p1b: Ting-Lu\n|\n|upkeep\n|\n|t:|1682178279\n|switch|p1b: Palafin|Palafin-Hero, L50, M|100\/100\n|-activate|p1b: Palafin|ability: Zero to Hero\n|turn|7\n|\n|t:|1682178298\n|-terastallize|p1b: Palafin|Water\n|move|p2a: Murkrow|Quash|p1b: Palafin\n|-activate|p1b: Palafin|move: Quash\n|move|p2b: Chi-Yu|Dark Pulse|p1b: Palafin\n|-damage|p1b: Palafin|50\/100\n|cant|p1b: Palafin|flinch\n|\n|upkeep\n|turn|8\n|\n|t:|1682178319\n|move|p2a: Murkrow|Quash|p1b: Palafin\n|-activate|p1b: Palafin|move: Quash\n|move|p2b: Chi-Yu|Dark Pulse|p1b: Palafin\n|-damage|p1b: Palafin|0 fnt\n|faint|p1b: Palafin\n|\n|win|Pokeclem_HS\n|raw|Charlisito's rating: 1077 → 1056<\/strong> (-21 for losing)\n|raw|Pokeclem_HS's rating: 1083 → 1110<\/strong> (+27 for winning)\n","uploadtime":1682178324,"views":6,"p1id":"charlisito","p2id":"pokeclemhs","formatid":"gen9vgc2023regulationc","rating":1056,"private":0,"password":""}