{"id":"gen9vgc2023regulationc-1851581139","p1":"r3gCt3st","p2":"JKAngelz","format":"[Gen 9] VGC 2023 Regulation C","log":"|j|\u2606r3gCt3st\n|j|\u2606JKAngelz\n|t:|1682457823\n|gametype|doubles\n|player|p1|r3gCt3st|unknown|1270\n|player|p2|JKAngelz|hilbert|1207\n|teamsize|p1|4\n|teamsize|p2|6\n|gen|9\n|tier|[Gen 9] VGC 2023 Regulation C\n|rated|\n|rule|Species Clause: Limit one of each Pok\u00e9mon\n|rule|Item Clause: Limit one of each item\n|clearpoke\n|poke|p1|Drifblim, L50, F|\n|poke|p1|Indeedee-F, L50, F|\n|poke|p1|Annihilape, L50, M|\n|poke|p1|Amoonguss, L50, F|\n|poke|p2|Flutter Mane, L50|\n|poke|p2|Maushold-Four, L50|\n|poke|p2|Ting-Lu, L50|\n|poke|p2|Annihilape, L50, F|\n|poke|p2|Palafin, L50, M|\n|poke|p2|Gothitelle, L50, M|\n|teampreview|4\n|\n|t:|1682457877\n|start\n|switch|p1a: Drifblim|Drifblim, L50, F|100\/100\n|switch|p1b: Indeedee|Indeedee-F, L50, F|100\/100\n|switch|p2a: Flutter Mane|Flutter Mane, L50|100\/100\n|switch|p2b: Palafin|Palafin, L50, M|100\/100\n|-fieldstart|move: Psychic Terrain|[from] ability: Psychic Surge|[of] p1b: Indeedee\n|-enditem|p1a: Drifblim|Psychic Seed\n|-boost|p1a: Drifblim|spd|1|[from] item: Psychic Seed\n|turn|1\n|\n|t:|1682457898\n|detailschange|p2b: Palafin|Palafin-Hero, L50, M\n|switch|p2b: Maushold|Maushold-Four, L50|100\/100\n|move|p1b: Indeedee|Follow Me|p1b: Indeedee\n|-singleturn|p1b: Indeedee|move: Follow Me\n|move|p1a: Drifblim|Minimize|p1a: Drifblim\n|-boost|p1a: Drifblim|evasion|2\n|move|p2a: Flutter Mane|Moonblast|p1b: Indeedee\n|-damage|p1b: Indeedee|52\/100\n|\n|upkeep\n|turn|2\n|\n|t:|1682457917\n|move|p2b: Maushold|Follow Me|p2b: Maushold\n|-singleturn|p2b: Maushold|move: Follow Me\n|move|p1b: Indeedee|Follow Me|p1b: Indeedee\n|-singleturn|p1b: Indeedee|move: Follow Me\n|move|p1a: Drifblim|Minimize|p1a: Drifblim\n|-boost|p1a: Drifblim|evasion|2\n|move|p2a: Flutter Mane|Moonblast|p1b: Indeedee\n|-damage|p1b: Indeedee|0 fnt\n|faint|p1b: Indeedee\n|\n|upkeep\n|\n|t:|1682457926\n|switch|p1b: Amoonguss|Amoonguss, L50, F|100\/100\n|turn|3\n|\n|t:|1682457933\n|move|p2a: Flutter Mane|Protect|p2a: Flutter Mane\n|-singleturn|p2a: Flutter Mane|Protect\n|move|p1a: Drifblim|Baton Pass|p1a: Drifblim\n|\n|t:|1682457937\n|switch|p1a: Annihilape|Annihilape, L50, M|100\/100|[from] Baton Pass\n|move|p2b: Maushold|Super Fang|p1b: Amoonguss\n|-damage|p1b: Amoonguss|51\/100\n|move|p1b: Amoonguss|Spore|p2b: Maushold\n|-activate|p2b: Maushold|item: Safety Goggles|Spore\n|\n|upkeep\n|turn|4\n|\n|t:|1682457968\n|-terastallize|p1a: Annihilape|Fire\n|move|p2b: Maushold|Follow Me|p2b: Maushold\n|-singleturn|p2b: Maushold|move: Follow Me\n|move|p2a: Flutter Mane|Shadow Ball|p1b: Amoonguss\n|-damage|p1b: Amoonguss|10\/100\n|-enditem|p1b: Amoonguss|Sitrus Berry|[eat]\n|-heal|p1b: Amoonguss|34\/100|[from] item: Sitrus Berry\n|move|p1a: Annihilape|Rage Fist|p2b: Maushold\n|-immune|p2b: Maushold\n|move|p1b: Amoonguss|Bullet Seed|p2b: Maushold\n|-damage|p2b: Maushold|89\/100\n|-damage|p2b: Maushold|77\/100\n|-damage|p2b: Maushold|67\/100\n|-hitcount|p2b: Maushold|3\n|\n|upkeep\n|turn|5\n|\n|t:|1682457991\n|switch|p1b: Drifblim|Drifblim, L50, F|100\/100\n|move|p2b: Maushold|Protect|p2b: Maushold\n|-singleturn|p2b: Maushold|Protect\n|move|p2a: Flutter Mane|Shadow Ball|p1b: Drifblim\n|-supereffective|p1b: Drifblim\n|-damage|p1b: Drifblim|5\/100\n|move|p1a: Annihilape|Drain Punch|p2b: Maushold\n|-activate|p2b: Maushold|move: Protect\n|\n|-fieldend|move: Psychic Terrain\n|upkeep\n|turn|6\n|\n|t:|1682458011\n|move|p2b: Maushold|Follow Me|p2b: Maushold\n|-singleturn|p2b: Maushold|move: Follow Me\n|move|p2a: Flutter Mane|Shadow Ball|p1b: Drifblim\n|-supereffective|p1b: Drifblim\n|-damage|p1b: Drifblim|0 fnt\n|faint|p1b: Drifblim\n|move|p1a: Annihilape|Drain Punch|p2b: Maushold\n|-supereffective|p2b: Maushold\n|-damage|p2b: Maushold|0 fnt\n|faint|p2b: Maushold\n|\n|upkeep\n|\n|t:|1682458022\n|switch|p2b: Palafin|Palafin-Hero, L50, M|100\/100\n|switch|p1b: Amoonguss|Amoonguss, L50, F|67\/100\n|-activate|p2b: Palafin|ability: Zero to Hero\n|turn|7\n|\n|t:|1682458035\n|-terastallize|p2b: Palafin|Water\n|move|p2a: Flutter Mane|Shadow Ball|p1b: Amoonguss\n|-damage|p1b: Amoonguss|30\/100\n|move|p2b: Palafin|Wave Crash|p1b: Amoonguss\n|-resisted|p1b: Amoonguss\n|-damage|p1b: Amoonguss|0 fnt\n|faint|p1b: Amoonguss\n|-damage|p2b: Palafin|89\/100|[from] Recoil\n|move|p1a: Annihilape|Bulk Up|p1a: Annihilape\n|-boost|p1a: Annihilape|atk|1\n|-boost|p1a: Annihilape|def|1\n|\n|upkeep\n|turn|8\n|\n|t:|1682458053\n|move|p2a: Flutter Mane|Shadow Ball|p1a: Annihilape|[miss]\n|-miss|p2a: Flutter Mane|p1a: Annihilape\n|move|p2b: Palafin|Wave Crash|p1a: Annihilape|[miss]\n|-miss|p2b: Palafin|p1a: Annihilape\n|move|p1a: Annihilape|Rage Fist|p2b: Palafin\n|-damage|p2b: Palafin|61\/100\n|\n|upkeep\n|turn|9\n|\n|t:|1682458072\n|move|p2a: Flutter Mane|Shadow Ball|p1a: Annihilape|[miss]\n|-miss|p2a: Flutter Mane|p1a: Annihilape\n|move|p2b: Palafin|Wave Crash|p1a: Annihilape|[miss]\n|-miss|p2b: Palafin|p1a: Annihilape\n|move|p1a: Annihilape|Drain Punch|p2b: Palafin\n|-damage|p2b: Palafin|17\/100\n|\n|upkeep\n|turn|10\n|\n|t:|1682458082\n|switch|p2b: Ting-Lu|Ting-Lu, L50|100\/100\n|-ability|p2b: Ting-Lu|Vessel of Ruin\n|move|p2a: Flutter Mane|Shadow Ball|p1a: Annihilape|[miss]\n|-miss|p2a: Flutter Mane|p1a: Annihilape\n|move|p1a: Annihilape|Drain Punch|p2b: Ting-Lu\n|-supereffective|p2b: Ting-Lu\n|-damage|p2b: Ting-Lu|48\/100\n|\n|upkeep\n|turn|11\n|\n|t:|1682458098\n|move|p2a: Flutter Mane|Shadow Ball|p1a: Annihilape|[miss]\n|-miss|p2a: Flutter Mane|p1a: Annihilape\n|move|p1a: Annihilape|Drain Punch|p2b: Ting-Lu\n|-supereffective|p2b: Ting-Lu\n|-damage|p2b: Ting-Lu|0 fnt\n|faint|p2b: Ting-Lu\n|\n|upkeep\n|\n|t:|1682458104\n|switch|p2b: Palafin|Palafin-Hero, L50, M, tera:Water|17\/100\n|turn|12\n|\n|t:|1682458109\n|move|p2b: Palafin|Jet Punch|p1a: Annihilape|[miss]\n|-miss|p2b: Palafin|p1a: Annihilape\n|move|p2a: Flutter Mane|Shadow Ball|p1a: Annihilape|[miss]\n|-miss|p2a: Flutter Mane|p1a: Annihilape\n|move|p1a: Annihilape|Drain Punch|p2b: Palafin\n|-damage|p2b: Palafin|0 fnt\n|faint|p2b: Palafin\n|\n|upkeep\n|turn|13\n|\n|t:|1682458112\n|move|p2a: Flutter Mane|Shadow Ball|p1a: Annihilape\n|-damage|p1a: Annihilape|79\/100\n|move|p1a: Annihilape|Rage Fist|p2a: Flutter Mane\n|-supereffective|p2a: Flutter Mane\n|-enditem|p2a: Flutter Mane|Focus Sash\n|-damage|p2a: Flutter Mane|1\/100\n|\n|-heal|p1a: Annihilape|85\/100|[from] item: Leftovers\n|upkeep\n|turn|14\n|\n|t:|1682458122\n|move|p2a: Flutter Mane|Shadow Ball|p1a: Annihilape\n|-damage|p1a: Annihilape|65\/100\n|move|p1a: Annihilape|Rage Fist|p2a: Flutter Mane\n|-supereffective|p2a: Flutter Mane\n|-damage|p2a: Flutter Mane|0 fnt\n|faint|p2a: Flutter Mane\n|-end|p2a: Flutter Mane|Protosynthesis|[silent]\n|\n|win|r3gCt3st\n|raw|r3gCt3st's rating: 1270 → 1291<\/strong> (+21 for winning)\n|raw|JKAngelz's rating: 1207 → 1186<\/strong> (-21 for losing)\n|c|\u2606r3gCt3st|this is a cometitive game\n|c|\u2606JKAngelz|Sure is\n","uploadtime":1682458140,"views":11,"p1id":"r3gct3st","p2id":"jkangelz","formatid":"gen9vgc2023regulationc","rating":1186,"private":0,"password":""}