{"id":"gen9vgc2023regulationc-1851816225","p1":"Quadspoon","p2":"haha u rage quit","format":"[Gen 9] VGC 2023 Regulation C","log":"|j|\u2606Quadspoon\n|j|\u2606haha u rage quit\n|t:|1682488937\n|gametype|doubles\n|player|p1|Quadspoon|101|1170\n|player|p2|haha u rage quit|pokemaniac|1206\n|teamsize|p1|6\n|teamsize|p2|6\n|gen|9\n|tier|[Gen 9] VGC 2023 Regulation C\n|rated|\n|rule|Species Clause: Limit one of each Pok\u00e9mon\n|rule|Item Clause: Limit one of each item\n|clearpoke\n|poke|p1|Espathra, L50, F|\n|poke|p1|Iron Bundle, L50|\n|poke|p1|Sandy Shocks, L50|\n|poke|p1|Flapple, L50, M|\n|poke|p1|Iron Jugulis, L50|\n|poke|p1|Revavroom, L50, F|\n|poke|p2|Glimmora, L50, M|\n|poke|p2|Iron Bundle, L50|\n|poke|p2|Dondozo, L50, M|\n|poke|p2|Dragonite, L50, M|\n|poke|p2|Tatsugiri-Droopy, L50, M|\n|poke|p2|Chi-Yu, L50|\n|teampreview|4\n|inactive|Battle timer is ON: inactive players will automatically lose when time's up. (requested by Quadspoon)\n|\n|t:|1682488990\n|start\n|switch|p1a: Sandy Shocks|Sandy Shocks, L50, shiny|100\/100\n|switch|p1b: Espathra|Espathra, L50, F, shiny|100\/100\n|switch|p2a: Chi-Yu|Chi-Yu, L50|100\/100\n|switch|p2b: Dragonite|Dragonite, L50, M|100\/100\n|-ability|p2a: Chi-Yu|Beads of Ruin\n|-enditem|p1a: Sandy Shocks|Booster Energy\n|-activate|p1a: Sandy Shocks|ability: Protosynthesis|[fromitem]\n|-start|p1a: Sandy Shocks|protosynthesisspe\n|turn|1\n|inactive|Quadspoon has 30 seconds left.\n|inactive|haha u rage quit has 30 seconds left.\n|\n|t:|1682489021\n|move|p1b: Espathra|Protect|p1b: Espathra\n|-singleturn|p1b: Espathra|Protect\n|move|p2b: Dragonite|Extreme Speed|p1a: Sandy Shocks\n|-damage|p1a: Sandy Shocks|51\/100\n|move|p1a: Sandy Shocks|Gravity|p1a: Sandy Shocks\n|-fieldstart|move: Gravity\n|move|p2a: Chi-Yu|Dark Pulse|p1b: Espathra\n|-activate|p1b: Espathra|move: Protect\n|\n|-ability|p1b: Espathra|Speed Boost|boost\n|-boost|p1b: Espathra|spe|1\n|upkeep\n|turn|2\n|\n|t:|1682489040\n|move|p2b: Dragonite|Extreme Speed|p1b: Espathra\n|-damage|p1b: Espathra|45\/100\n|move|p1a: Sandy Shocks|Earth Power|p2a: Chi-Yu\n|-supereffective|p2a: Chi-Yu\n|-damage|p2a: Chi-Yu|9\/100\n|move|p1b: Espathra|Hypnosis|p2b: Dragonite\n|-status|p2b: Dragonite|slp|[from] move: Hypnosis\n|move|p2a: Chi-Yu|Dark Pulse|p1b: Espathra\n|-supereffective|p1b: Espathra\n|-damage|p1b: Espathra|0 fnt\n|faint|p1b: Espathra\n|\n|upkeep\n|inactive|Quadspoon has 30 seconds left.\n|inactive|Quadspoon has 20 seconds left.\n|inactive|Quadspoon has 15 seconds left.\n|\n|t:|1682489080\n|switch|p1b: Flapple|Flapple, L50, M|100\/100\n|turn|3\n|\n|t:|1682489102\n|move|p2a: Chi-Yu|Protect|p2a: Chi-Yu\n|-singleturn|p2a: Chi-Yu|Protect\n|cant|p2b: Dragonite|slp\n|move|p1a: Sandy Shocks|Thunder|p2a: Chi-Yu\n|-activate|p2a: Chi-Yu|move: Protect\n|move|p1b: Flapple|Dragon Rush|p2b: Dragonite\n|-supereffective|p2b: Dragonite\n|-damage|p2b: Dragonite|0 fnt\n|faint|p2b: Dragonite\n|\n|upkeep\n|\n|t:|1682489125\n|switch|p2b: Dondozo|Dondozo, L50, M|100\/100\n|turn|4\n|\n|t:|1682489139\n|move|p2b: Dondozo|Protect|p2b: Dondozo\n|-singleturn|p2b: Dondozo|Protect\n|move|p1a: Sandy Shocks|Thunder|p2b: Dondozo\n|-activate|p2b: Dondozo|move: Protect\n|move|p2a: Chi-Yu|Heat Wave|p1a: Sandy Shocks|[spread] p1a,p1b\n|-damage|p1a: Sandy Shocks|0 fnt\n|-damage|p1b: Flapple|15\/100\n|faint|p1a: Sandy Shocks\n|-end|p1a: Sandy Shocks|Protosynthesis|[silent]\n|move|p1b: Flapple|Dragon Rush|p2a: Chi-Yu\n|-damage|p2a: Chi-Yu|0 fnt\n|faint|p2a: Chi-Yu\n|\n|upkeep\n|\n|t:|1682489151\n|switch|p1a: Iron Jugulis|Iron Jugulis, L50|100\/100\n|switch|p2a: Tatsugiri|Tatsugiri-Droopy, L50, M|100\/100\n|-activate|p2a: Tatsugiri|ability: Commander|[of] p2b: Dondozo\n|-boost|p2b: Dondozo|atk|2\n|-boost|p2b: Dondozo|spa|2\n|-boost|p2b: Dondozo|spe|2\n|-boost|p2b: Dondozo|def|2\n|-boost|p2b: Dondozo|spd|2\n|turn|5\n|\n|t:|1682489175\n|move|p2b: Dondozo|Wave Crash|p1a: Iron Jugulis\n|-damage|p1a: Iron Jugulis|12\/100\n|-damage|p2b: Dondozo|74\/100|[from] Recoil\n|move|p1a: Iron Jugulis|Hurricane|p2b: Dondozo\n|-damage|p2b: Dondozo|50\/100\n|move|p1b: Flapple|Dragon Rush|p2b: Dondozo\n|-damage|p2b: Dondozo|12\/100\n|\n|-heal|p2b: Dondozo|18\/100|[from] item: Leftovers\n|-fieldend|move: Gravity\n|upkeep\n|turn|6\n|\n|t:|1682489193\n|move|p2b: Dondozo|Wave Crash|p1a: Iron Jugulis\n|-damage|p1a: Iron Jugulis|0 fnt\n|faint|p1a: Iron Jugulis\n|-end|p1a: Iron Jugulis|Quark Drive|[silent]\n|-damage|p2b: Dondozo|15\/100|[from] Recoil\n|move|p1b: Flapple|Dragon Rush|p2b: Dondozo\n|-damage|p2b: Dondozo|0 fnt\n|faint|p2b: Dondozo\n|\n|upkeep\n|turn|7\n|\n|t:|1682489208\n|-terastallize|p2a: Tatsugiri|Steel\n|-terastallize|p1b: Flapple|Fire\n|move|p2a: Tatsugiri|Icy Wind|p1b: Flapple\n|-resisted|p1b: Flapple\n|-damage|p1b: Flapple|2\/100\n|-unboost|p1b: Flapple|spe|1\n|move|p1b: Flapple|Dragon Rush|p2a: Tatsugiri|[miss]\n|-miss|p1b: Flapple|p2a: Tatsugiri\n|\n|upkeep\n|turn|8\n|-message|Quadspoon forfeited.\n|\n|win|haha u rage quit\n|raw|Quadspoon's rating: 1170 → 1148<\/strong> (-22 for losing)\n|raw|haha u rage quit's rating: 1206 → 1228<\/strong> (+22 for winning)\n|l|\u2606Quadspoon\n","uploadtime":1682489245,"views":15,"p1id":"quadspoon","p2id":"hahauragequit","formatid":"gen9vgc2023regulationc","rating":1148,"private":0,"password":""}