{"id":"gen9vgc2023regulationc-1853174617","p1":"MatRod","p2":"Siir Stiicky","format":"[Gen 9] VGC 2023 Regulation C","log":"|j|\u2606MatRod\n|j|\u2606Siir Stiicky\n|t:|1682644359\n|gametype|doubles\n|player|p1|MatRod|steven|1228\n|player|p2|Siir Stiicky|brock|1210\n|teamsize|p1|6\n|teamsize|p2|6\n|gen|9\n|tier|[Gen 9] VGC 2023 Regulation C\n|rated|\n|rule|Species Clause: Limit one of each Pok\u00e9mon\n|rule|Item Clause: Limit one of each item\n|clearpoke\n|poke|p1|Espathra, L50, F|\n|poke|p1|Indeedee-F, L50, F|\n|poke|p1|Armarouge, L50, M|\n|poke|p1|Sandy Shocks, L50|\n|poke|p1|Flutter Mane, L50|\n|poke|p1|Maushold-Four, L50|\n|poke|p2|Dondozo, L50, F|\n|poke|p2|Tatsugiri-Droopy, L50, F|\n|poke|p2|Pelipper, L50, F|\n|poke|p2|Drednaw, L50, F|\n|poke|p2|Dragonite, L50, F|\n|poke|p2|Chien-Pao, L50|\n|teampreview|4\n|inactive|Battle timer is ON: inactive players will automatically lose when time's up. (requested by Siir Stiicky)\nSiir Stiicky has agreed to open team sheets.\n|inactive|MatRod has 60 seconds left.\n|inactive|MatRod has 30 seconds left.\n|inactive|MatRod has 20 seconds left.\n|inactive|MatRod has 15 seconds left.\n|inactive|MatRod has 10 seconds left.\n|inactive|MatRod has 5 seconds left.\n|\n|t:|1682644462\n|start\n|switch|p1a: Sandy Shocks|Sandy Shocks, L50, shiny|100\/100\n|switch|p1b: Espathra|Espathra, L50, F, shiny|100\/100\n|switch|p2a: Pelipper|Pelipper, L50, F|100\/100\n|switch|p2b: Dondozo|Dondozo, L50, F|100\/100\n|-weather|RainDance|[from] ability: Drizzle|[of] p2a: Pelipper\n|-enditem|p1a: Sandy Shocks|Booster Energy\n|-activate|p1a: Sandy Shocks|ability: Protosynthesis|[fromitem]\n|-start|p1a: Sandy Shocks|protosynthesisspe\n|turn|1\n|inactive|MatRod has 30 seconds left.\n|inactive|MatRod has 20 seconds left.\n|inactive|MatRod has 15 seconds left.\n|inactive|MatRod has 10 seconds left.\n|inactive|MatRod has 5 seconds left.\n|\n|t:|1682644514\n|-terastallize|p2a: Pelipper|Steel\n|move|p2b: Dondozo|Protect|p2b: Dondozo\n|-singleturn|p2b: Dondozo|Protect\n|move|p1a: Sandy Shocks|Gravity|p1a: Sandy Shocks\n|-fieldstart|move: Gravity\n|move|p1b: Espathra|Hypnosis|p2b: Dondozo\n|-activate|p2b: Dondozo|move: Protect\n|move|p2a: Pelipper|Tailwind|p2a: Pelipper\n|-sidestart|p2: Siir Stiicky|move: Tailwind\n|\n|-weather|RainDance|[upkeep]\n|-ability|p1b: Espathra|Speed Boost|boost\n|-boost|p1b: Espathra|spe|1\n|upkeep\n|turn|2\n|inactive|MatRod has 30 seconds left.\n|\n|t:|1682644546\n|switch|p2a: Tatsugiri|Tatsugiri-Droopy, L50, F, shiny|100\/100\n|-activate|p2a: Tatsugiri|ability: Commander|[of] p2b: Dondozo\n|-boost|p2b: Dondozo|atk|2\n|-boost|p2b: Dondozo|spa|2\n|-boost|p2b: Dondozo|spe|2\n|-boost|p2b: Dondozo|def|2\n|-boost|p2b: Dondozo|spd|2\n|move|p2b: Dondozo|Surf|p1b: Espathra|[spread] p1a,p1b\n|-miss|p2b: Dondozo|p2a: Tatsugiri\n|-supereffective|p1a: Sandy Shocks\n|-damage|p1a: Sandy Shocks|0 fnt\n|-enditem|p1b: Espathra|Focus Sash\n|-damage|p1b: Espathra|1\/100\n|faint|p1a: Sandy Shocks\n|-end|p1a: Sandy Shocks|Protosynthesis|[silent]\n|-damage|p2b: Dondozo|91\/100|[from] item: Life Orb\n|move|p1b: Espathra|Hypnosis|p2b: Dondozo\n|-status|p2b: Dondozo|slp|[from] move: Hypnosis\n|\n|-weather|RainDance|[upkeep]\n|-ability|p1b: Espathra|Speed Boost|boost\n|-boost|p1b: Espathra|spe|1\n|upkeep\n|inactive|MatRod has 30 seconds left.\n|\n|t:|1682644580\n|switch|p1a: Maushold|Maushold-Four, L50|100\/100\n|turn|3\n|\n|t:|1682644591\n|cant|p2b: Dondozo|slp\n|move|p2b: Dondozo|Sleep Talk|p2b: Dondozo\n|move|p2b: Dondozo|Wave Crash|p1b: Espathra|[from]move: Sleep Talk\n|-damage|p1b: Espathra|0 fnt\n|faint|p1b: Espathra\n|-damage|p2b: Dondozo|90\/100 slp|[from] Recoil\n|-damage|p2b: Dondozo|81\/100 slp|[from] item: Life Orb\n|move|p1a: Maushold|Population Bomb|p2b: Dondozo\n|-damage|p2b: Dondozo|74\/100 slp\n|-damage|p2b: Dondozo|67\/100 slp\n|-damage|p2b: Dondozo|60\/100 slp\n|-damage|p2b: Dondozo|54\/100 slp\n|-damage|p2b: Dondozo|47\/100 slp\n|-damage|p2b: Dondozo|39\/100 slp\n|-damage|p2b: Dondozo|32\/100 slp\n|-damage|p2b: Dondozo|25\/100 slp\n|-damage|p2b: Dondozo|19\/100 slp\n|-damage|p2b: Dondozo|12\/100 slp\n|-hitcount|p2b: Dondozo|10\n|\n|-weather|RainDance|[upkeep]\n|upkeep\n|\n|t:|1682644615\n|switch|p1b: Flutter Mane|Flutter Mane, L50|100\/100\n|turn|4\n|inactive|MatRod has 30 seconds left.\n|\n|t:|1682644640\n|-terastallize|p1b: Flutter Mane|Electric\n|cant|p2b: Dondozo|slp\n|move|p2b: Dondozo|Sleep Talk|p2b: Dondozo\n|move|p2b: Dondozo|Wave Crash|p1a: Maushold|[from]move: Sleep Talk\n|-damage|p1a: Maushold|0 fnt\n|faint|p1a: Maushold\n|-damage|p2b: Dondozo|0 fnt|[from] Recoil\n|faint|p2b: Dondozo\n|move|p1b: Flutter Mane|Thunderbolt|p2a: Tatsugiri\n|-damage|p2a: Tatsugiri|25\/100\n|-damage|p1b: Flutter Mane|90\/100|[from] item: Life Orb\n|\n|-weather|RainDance|[upkeep]\n|-sideend|p2: Siir Stiicky|move: Tailwind\n|upkeep\n|\n|t:|1682644654\n|switch|p2b: Drednaw|Drednaw, L50, F|100\/100\n|turn|5\n|\n|t:|1682644668\n|move|p2a: Tatsugiri|Helping Hand|p2b: Drednaw\n|-singleturn|p2b: Drednaw|Helping Hand|[of] p2a: Tatsugiri\n|move|p1b: Flutter Mane|Protect|p1b: Flutter Mane\n|-singleturn|p1b: Flutter Mane|Protect\n|move|p2b: Drednaw|Waterfall|p1b: Flutter Mane\n|-activate|p1b: Flutter Mane|move: Protect\n|\n|-weather|RainDance|[upkeep]\n|-fieldend|move: Gravity\n|upkeep\n|turn|6\n|\n|t:|1682644683\n|move|p2a: Tatsugiri|Helping Hand|p2b: Drednaw\n|-singleturn|p2b: Drednaw|Helping Hand|[of] p2a: Tatsugiri\n|move|p2b: Drednaw|Waterfall|p1b: Flutter Mane\n|-damage|p1b: Flutter Mane|0 fnt\n|faint|p1b: Flutter Mane\n|-end|p1b: Flutter Mane|Protosynthesis|[silent]\n|\n|win|Siir Stiicky\n|raw|MatRod's rating: 1228 → 1202<\/strong> (-26 for losing)\n|raw|Siir Stiicky's rating: 1210 → 1236<\/strong> (+26 for winning)\n","uploadtime":1682644691,"views":7,"p1id":"matrod","p2id":"siirstiicky","formatid":"gen9vgc2023regulationc","rating":1202,"private":0,"password":""}