{"id":"gen9vgc2023regulationc-1861006182","p1":"XJ09","p2":"arbokiara","format":"[Gen 9] VGC 2023 Regulation C","log":"|j|\u2606XJ09\n|j|\u2606arbokiara\n|t:|1683712863\n|gametype|doubles\n|player|p1|XJ09|cynthia|1304\n|player|p2|arbokiara|shadowtriad|1361\n|teamsize|p1|6\n|teamsize|p2|6\n|gen|9\n|tier|[Gen 9] VGC 2023 Regulation C\n|rated|\n|rule|Species Clause: Limit one of each Pok\u00e9mon\n|rule|Item Clause: Limit one of each item\n|clearpoke\n|poke|p1|Garganacl, L50, F|\n|poke|p1|Ting-Lu, L50|\n|poke|p1|Gyarados, L50, M|\n|poke|p1|Annihilape, L50, M|\n|poke|p1|Grimmsnarl, L50, M|\n|poke|p1|Roaring Moon, L50|\n|poke|p2|Talonflame, L50, F|\n|poke|p2|Garchomp, L50, M|\n|poke|p2|Chien-Pao, L50|\n|poke|p2|Gholdengo, L50|\n|poke|p2|Amoonguss, L50, M|\n|poke|p2|Gyarados, L50, F|\n|teampreview|4\n|inactive|Battle timer is ON: inactive players will automatically lose when time's up. (requested by arbokiara)\n|inactive|arbokiara has 60 seconds left.\n|\n|t:|1683712914\n|start\n|switch|p1a: Gyarados|Gyarados, L50, M|100\/100\n|switch|p1b: Annihilape|Annihilape, L50, M|100\/100\n|switch|p2a: Dominique|Amoonguss, L50, M|100\/100\n|switch|p2b: TV Brasile|Garchomp, L50, M|100\/100\n|-ability|p1a: Gyarados|Intimidate|boost\n|-unboost|p2a: Dominique|atk|1\n|-unboost|p2b: TV Brasile|atk|1\n|turn|1\n|inactive|arbokiara has 30 seconds left.\n|\n|t:|1683712940\n|switch|p2a: GvngDrogv|Gholdengo, L50|100\/100\n|-terastallize|p1b: Annihilape|Grass\n|move|p2b: TV Brasile|Rock Slide|p1a: Gyarados|[spread] p1a,p1b\n|-supereffective|p1a: Gyarados\n|-damage|p1a: Gyarados|62\/100\n|-damage|p1b: Annihilape|87\/100\n|cant|p1a: Gyarados|flinch\n|move|p1b: Annihilape|Bulk Up|p1b: Annihilape\n|-boost|p1b: Annihilape|atk|1\n|-boost|p1b: Annihilape|def|1\n|\n|upkeep\n|turn|2\n|inactive|arbokiara has 30 seconds left.\n|\n|t:|1683712967\n|switch|p2b: Dominique|Amoonguss, L50, M|100\/100\n|switch|p1a: Ting-Lu|Ting-Lu, L50|100\/100\n|-ability|p1a: Ting-Lu|Vessel of Ruin\n|move|p2a: GvngDrogv|Protect|p2a: GvngDrogv\n|-singleturn|p2a: GvngDrogv|Protect\n|move|p1b: Annihilape|Rage Fist|p2a: GvngDrogv\n|-activate|p2a: GvngDrogv|move: Protect\n|\n|upkeep\n|turn|3\n|inactive|arbokiara has 30 seconds left.\n|inactive|arbokiara has 20 seconds left.\n|\n|t:|1683713007\n|-terastallize|p2a: GvngDrogv|Water\n|move|p2a: GvngDrogv|Make It Rain|p1b: Annihilape|[spread] p1a,p1b\n|-crit|p1a: Ting-Lu\n|-damage|p1a: Ting-Lu|70\/100\n|-damage|p1b: Annihilape|62\/100\n|-unboost|p2a: GvngDrogv|spa|1\n|move|p1b: Annihilape|Rage Fist|p2a: GvngDrogv\n|-damage|p2a: GvngDrogv|2\/100\n|move|p1a: Ting-Lu|Fissure|p2b: Dominique|[miss]\n|-miss|p1a: Ting-Lu|p2b: Dominique\n|move|p2b: Dominique|Spore|p1a: Ting-Lu\n|-status|p1a: Ting-Lu|slp|[from] move: Spore\n|\n|-heal|p2a: GvngDrogv|8\/100|[from] item: Leftovers\n|upkeep\n|turn|4\n|inactive|XJ09 has 30 seconds left.\n|\n|t:|1683713035\n|move|p2a: GvngDrogv|Make It Rain|p1a: Ting-Lu|[spread] p1a,p1b\n|-damage|p1a: Ting-Lu|54\/100 slp\n|-damage|p1b: Annihilape|43\/100\n|-unboost|p2a: GvngDrogv|spa|1\n|-enditem|p1b: Annihilape|Sitrus Berry|[eat]\n|-heal|p1b: Annihilape|68\/100|[from] item: Sitrus Berry\n|move|p1b: Annihilape|Rage Fist|p2a: GvngDrogv\n|-damage|p2a: GvngDrogv|0 fnt\n|faint|p2a: GvngDrogv\n|cant|p1a: Ting-Lu|slp\n|move|p2b: Dominique|Pollen Puff|p1b: Annihilape\n|-supereffective|p1b: Annihilape\n|-damage|p1b: Annihilape|46\/100\n|\n|upkeep\n|\n|t:|1683713052\n|switch|p2a: TV Brasile|Garchomp, L50, M|100\/100\n|turn|5\n|\n|t:|1683713072\n|move|p1b: Annihilape|Protect|p1b: Annihilape\n|-singleturn|p1b: Annihilape|Protect\n|move|p2a: TV Brasile|Dragon Claw|p1b: Annihilape\n|-activate|p1b: Annihilape|move: Protect\n|-curestatus|p1a: Ting-Lu|slp|[msg]\n|move|p1a: Ting-Lu|Fissure|p2b: Dominique|[miss]\n|-miss|p1a: Ting-Lu|p2b: Dominique\n|move|p2b: Dominique|Pollen Puff|p1b: Annihilape\n|-activate|p1b: Annihilape|move: Protect\n|\n|upkeep\n|turn|6\n|\n|t:|1683713094\n|move|p2a: TV Brasile|Dragon Claw|p1b: Annihilape\n|-damage|p1b: Annihilape|16\/100\n|move|p1b: Annihilape|Drain Punch|p2a: TV Brasile\n|-damage|p2a: TV Brasile|52\/100\n|-heal|p1b: Annihilape|38\/100|[from] drain|[of] p2a: TV Brasile\n|-damage|p1b: Annihilape|26\/100|[from] ability: Rough Skin|[of] p2a: TV Brasile\n|move|p1a: Ting-Lu|Fissure|p2b: Dominique|[miss]\n|-miss|p1a: Ting-Lu|p2b: Dominique\n|move|p2b: Dominique|Pollen Puff|p1b: Annihilape\n|-supereffective|p1b: Annihilape\n|-damage|p1b: Annihilape|6\/100\n|\n|upkeep\n|turn|7\n|inactive|XJ09 has 30 seconds left.\n|\n|t:|1683713126\n|switch|p1a: Gyarados|Gyarados, L50, M|62\/100\n|-ability|p1a: Gyarados|Intimidate|boost\n|-unboost|p2a: TV Brasile|atk|1\n|-unboost|p2b: Dominique|atk|1\n|switch|p2b: Adrian|Gyarados, L50, F|100\/100\n|-ability|p2b: Adrian|Intimidate|boost\n|-unboost|p1a: Gyarados|atk|1\n|-unboost|p1b: Annihilape|atk|1\n|-ability|p1b: Annihilape|Defiant|boost\n|-boost|p1b: Annihilape|atk|2\n|move|p1b: Annihilape|Protect|p1b: Annihilape\n|-singleturn|p1b: Annihilape|Protect\n|move|p2a: TV Brasile|Dragon Claw|p1b: Annihilape\n|-activate|p1b: Annihilape|move: Protect\n|\n|upkeep\n|turn|8\n|inactive|arbokiara has 30 seconds left.\n|\n|t:|1683713155\n|switch|p1b: Garganacl|Garganacl, L50, F|100\/100\n|move|p2a: TV Brasile|Dragon Claw|p1b: Garganacl\n|-damage|p1b: Garganacl|81\/100\n|move|p1a: Gyarados|Ice Fang|p2a: TV Brasile\n|-supereffective|p2a: TV Brasile\n|-damage|p2a: TV Brasile|0 fnt\n|-damage|p1a: Gyarados|50\/100|[from] ability: Rough Skin|[of] p2a: TV Brasile\n|faint|p2a: TV Brasile\n|move|p2b: Adrian|Thunder Wave|p1a: Gyarados\n|-status|p1a: Gyarados|par\n|\n|-heal|p1b: Garganacl|87\/100|[from] item: Leftovers\n|upkeep\n|\n|t:|1683713168\n|switch|p2a: Dominique|Amoonguss, L50, M|100\/100\n|turn|9\n|\n|t:|1683713181\n|move|p2a: Dominique|Rage Powder|p2a: Dominique\n|-singleturn|p2a: Dominique|move: Rage Powder\n|move|p2b: Adrian|Waterfall|p1b: Garganacl\n|-supereffective|p1b: Garganacl\n|-damage|p1b: Garganacl|34\/100\n|move|p1a: Gyarados|Ice Fang|p2a: Dominique\n|-supereffective|p2a: Dominique\n|-damage|p2a: Dominique|75\/100\n|-damage|p1a: Gyarados|33\/100 par|[from] item: Rocky Helmet|[of] p2a: Dominique\n|move|p1b: Garganacl|Salt Cure|p2a: Dominique\n|-damage|p2a: Dominique|64\/100\n|-start|p2a: Dominique|Salt Cure\n|\n|-heal|p1b: Garganacl|41\/100|[from] item: Leftovers\n|-damage|p2a: Dominique|51\/100|[from] Salt Cure\n|upkeep\n|turn|10\n|inactive|arbokiara has 30 seconds left.\n|\n|t:|1683713207\n|move|p1b: Garganacl|Protect|p1b: Garganacl\n|-singleturn|p1b: Garganacl|Protect\n|move|p2b: Adrian|Waterfall|p1a: Gyarados\n|-resisted|p1a: Gyarados\n|-damage|p1a: Gyarados|9\/100 par\n|move|p1a: Gyarados|Ice Fang|p2a: Dominique|[miss]\n|-miss|p1a: Gyarados|p2a: Dominique\n|move|p2a: Dominique|Pollen Puff|p1a: Gyarados\n|-resisted|p1a: Gyarados\n|-damage|p1a: Gyarados|0 fnt\n|faint|p1a: Gyarados\n|\n|-heal|p1b: Garganacl|47\/100|[from] item: Leftovers\n|-damage|p2a: Dominique|39\/100|[from] Salt Cure\n|upkeep\n|\n|t:|1683713227\n|switch|p1a: Annihilape|Annihilape, L50, M, tera:Grass|6\/100\n|turn|11\n|\n|t:|1683713235\n|switch|p1b: Ting-Lu|Ting-Lu, L50|54\/100\n|-ability|p1b: Ting-Lu|Vessel of Ruin\n|move|p1a: Annihilape|Rage Fist|p2b: Adrian\n|-damage|p2b: Adrian|0 fnt\n|faint|p2b: Adrian\n|move|p2a: Dominique|Pollen Puff|p1a: Annihilape\n|-supereffective|p1a: Annihilape\n|-damage|p1a: Annihilape|0 fnt\n|faint|p1a: Annihilape\n|\n|-damage|p2a: Dominique|27\/100|[from] Salt Cure\n|upkeep\n|\n|t:|1683713251\n|switch|p1a: Garganacl|Garganacl, L50, F|47\/100\n|turn|12\n|-message|arbokiara forfeited.\n|\n|win|XJ09\n|raw|XJ09's rating: 1304 → 1327<\/strong> (+23 for winning)\n|raw|arbokiara's rating: 1361 → 1338<\/strong> (-23 for losing)\n|l|\u2606arbokiara\n","uploadtime":1683713258,"views":14,"p1id":"xj09","p2id":"arbokiara","formatid":"gen9vgc2023regulationc","rating":1327,"private":0,"password":""}