{"id":"gen9vgc2023regulationc-1855706405","p1":"Sandy_Simis","p2":"CurryBean","format":"[Gen 9] VGC 2023 Regulation C","log":"|j|\u2606Sandy_Simis\n|j|\u2606CurryBean\n|t:|1682975159\n|gametype|doubles\n|player|p1|Sandy_Simis|265|\n|player|p2|CurryBean|101|\n|teamsize|p1|6\n|teamsize|p2|6\n|gen|9\n|tier|[Gen 9] VGC 2023 Regulation C\n|rule|Species Clause: Limit one of each Pok\u00e9mon\n|rule|Item Clause: Limit one of each item\n|clearpoke\n|poke|p1|Basculin, L50, M|\n|poke|p1|Iron Bundle, L50|\n|poke|p1|Chien-Pao, L50|\n|poke|p1|Indeedee-F, L50, F|\n|poke|p1|Gholdengo, L50|\n|poke|p1|Great Tusk, L50|\n|poke|p2|Chien-Pao, L50|\n|poke|p2|Garchomp, L50, F|\n|poke|p2|Scizor, L50, M|\n|poke|p2|Gyarados, L50, M|\n|poke|p2|Farigiraf, L50, F|\n|poke|p2|Iron Hands, L50|\n|teampreview|4\n|c|\u2606CurryBean|g2\n|l|\u2606Sandy_Simis\n|player|p1|\n|j|\u2606Sandy_Simis\n|player|p1|Sandy_Simis|265\n|j| PierceTheDriftveil\n|j| Lugiabirb\n|j| yomoves\n|c| Lugiabirb|why do i see a basculin\n|c|\u2606CurryBean|brazil\n|c|\u2606CurryBean|!randpoke\n|raw| NFE<\/span> <\/span> Flittle<\/a><\/span> <\/span> Anticipation Frisk<\/span>Speed Boost<\/em><\/span><\/span>HP<\/em> 30<\/span> Atk<\/em> 35<\/span> Def<\/em> 30<\/span> SpA<\/em> 55<\/span> SpD<\/em> 30<\/span> Spe<\/em> 75<\/span> BST 255<\/em><\/span> <\/span><\/li> <\/li><\/ul><\/div>\n|raw|Dex#:<\/font> 955 |  Gen:<\/font> 9 |  Height:<\/font> 0.2 m |  Weight:<\/font> 1.5 kg (20 BP)<\/em> |  Dex Colour:<\/font> Yellow |  Egg Group(s):<\/font> Flying |  Evolution:<\/font> Espathra (35)<\/font>\n\n|\n|t:|1682976224\n|start\n|switch|p1a: Frieza|Iron Bundle, L50|100\/100\n|switch|p1b: \u05de\u05b4\u05db\u05e0\u05b0\u05e1\u05b5\u05d9 \u05e9\u05c2\u05b0\u05d7\u05b4\u05d9\u05b8\u05d4|Chien-Pao, L50|100\/100\n|switch|p2a: bingus|Chien-Pao, L50|100\/100\n|switch|p2b: hiii|Garchomp, L50, F|100\/100\n|-ability|p1b: \u05de\u05b4\u05db\u05e0\u05b0\u05e1\u05b5\u05d9 \u05e9\u05c2\u05b0\u05d7\u05b4\u05d9\u05b8\u05d4|Sword of Ruin\n|-ability|p2a: bingus|Sword of Ruin\n|-enditem|p1a: Frieza|Booster Energy\n|-activate|p1a: Frieza|ability: Quark Drive|[fromitem]\n|-start|p1a: Frieza|quarkdrivespe\n|turn|1\n|j| JeroenWP\n|\n|t:|1682976280\n|switch|p2b: big skizzy|Scizor, L50, M|100\/100\n|move|p2a: bingus|Protect|p2a: bingus\n|-singleturn|p2a: bingus|Protect\n|move|p1a: Frieza|Icy Wind|p2a: bingus|[spread] p2b\n|-activate|p2a: bingus|move: Protect\n|-resisted|p2b: big skizzy\n|-damage|p2b: big skizzy|89\/100\n|-unboost|p2b: big skizzy|spe|1\n|move|p1b: \u05de\u05b4\u05db\u05e0\u05b0\u05e1\u05b5\u05d9 \u05e9\u05c2\u05b0\u05d7\u05b4\u05d9\u05b8\u05d4|Throat Chop|p2b: big skizzy\n|-damage|p2b: big skizzy|39\/100\n|-start|p2b: big skizzy|Throat Chop|[silent]\n|\n|upkeep\n|turn|2\n|j| Bostonl1\n|l| Bostonl1\n|\n|t:|1682976425\n|-terastallize|p1a: Frieza|Water\n|move|p1b: \u05de\u05b4\u05db\u05e0\u05b0\u05e1\u05b5\u05d9 \u05e9\u05c2\u05b0\u05d7\u05b4\u05d9\u05b8\u05d4|Protect|p1b: \u05de\u05b4\u05db\u05e0\u05b0\u05e1\u05b5\u05d9 \u05e9\u05c2\u05b0\u05d7\u05b4\u05d9\u05b8\u05d4\n|-singleturn|p1b: \u05de\u05b4\u05db\u05e0\u05b0\u05e1\u05b5\u05d9 \u05e9\u05c2\u05b0\u05d7\u05b4\u05d9\u05b8\u05d4|Protect\n|move|p2a: bingus|Sucker Punch|p1a: Frieza\n|-damage|p1a: Frieza|42\/100\n|move|p1a: Frieza|Hydro Pump|p2a: bingus\n|-enditem|p2a: bingus|Focus Sash\n|-damage|p2a: bingus|1\/100\n|move|p2b: big skizzy|U-turn|p1a: Frieza\n|-damage|p1a: Frieza|0 fnt\n|faint|p1a: Frieza\n|-end|p1a: Frieza|Quark Drive|[silent]\n|n| KeyboardNoises|jeroenwp\n|j| Bostonl1\n|\n|t:|1682976454\n|switch|p2b: hiii|Garchomp, L50, F|100\/100|[from] U-turn\n|\n|upkeep\n|\n|t:|1682976460\n|switch|p1a: \u05e1\u05d0\u05b7\u05dc\u05d0\u05b7\u05de\u05d9|Indeedee-F, L50, F|100\/100\n|-fieldstart|move: Psychic Terrain|[from] ability: Psychic Surge|[of] p1a: \u05e1\u05d0\u05b7\u05dc\u05d0\u05b7\u05de\u05d9\n|-enditem|p1a: \u05e1\u05d0\u05b7\u05dc\u05d0\u05b7\u05de\u05d9|Psychic Seed\n|-boost|p1a: \u05e1\u05d0\u05b7\u05dc\u05d0\u05b7\u05de\u05d9|spd|1|[from] item: Psychic Seed\n|turn|3\n|n| JeroenWP|keyboardnoises\n|\n|t:|1682976539\n|switch|p2b: worm|Gyarados, L50, M|100\/100\n|-ability|p2b: worm|Intimidate|boost\n|-unboost|p1a: \u05e1\u05d0\u05b7\u05dc\u05d0\u05b7\u05de\u05d9|atk|1\n|-unboost|p1b: \u05de\u05b4\u05db\u05e0\u05b0\u05e1\u05b5\u05d9 \u05e9\u05c2\u05b0\u05d7\u05b4\u05d9\u05b8\u05d4|atk|1\n|move|p2a: bingus|Ice Fang|p1b: \u05de\u05b4\u05db\u05e0\u05b0\u05e1\u05b5\u05d9 \u05e9\u05c2\u05b0\u05d7\u05b4\u05d9\u05b8\u05d4\n|-resisted|p1b: \u05de\u05b4\u05db\u05e0\u05b0\u05e1\u05b5\u05d9 \u05e9\u05c2\u05b0\u05d7\u05b4\u05d9\u05b8\u05d4\n|-damage|p1b: \u05de\u05b4\u05db\u05e0\u05b0\u05e1\u05b5\u05d9 \u05e9\u05c2\u05b0\u05d7\u05b4\u05d9\u05b8\u05d4|77\/100\n|move|p1b: \u05de\u05b4\u05db\u05e0\u05b0\u05e1\u05b5\u05d9 \u05e9\u05c2\u05b0\u05d7\u05b4\u05d9\u05b8\u05d4|Ice Spinner|p2b: worm\n|-damage|p2b: worm|67\/100\n|-fieldend|move: Psychic Terrain\n|move|p1a: \u05e1\u05d0\u05b7\u05dc\u05d0\u05b7\u05de\u05d9|Psychic|p2b: worm\n|-damage|p2b: worm|45\/100\n|-enditem|p2b: worm|Sitrus Berry|[eat]\n|-heal|p2b: worm|70\/100|[from] item: Sitrus Berry\n|\n|upkeep\n|turn|4\n|c| Bostonl1|Ice fang is wild\n|c| Bostonl1|You really wanna flinch people\n|c| Bostonl1|i see you\n|c| Lugiabirb|curry typed ice, hit enter and got that\n|c| Bostonl1|Carry on\n|c| yomoves|Woulda been Ice Beam then lol\n|c|\u2606CurryBean|i stole this team from EUIC and put it in the builder\n|c| Bostonl1|EUIC people doin too much\n|\n|t:|1682976645\n|move|p1b: \u05de\u05b4\u05db\u05e0\u05b0\u05e1\u05b5\u05d9 \u05e9\u05c2\u05b0\u05d7\u05b4\u05d9\u05b8\u05d4|Protect|p1b: \u05de\u05b4\u05db\u05e0\u05b0\u05e1\u05b5\u05d9 \u05e9\u05c2\u05b0\u05d7\u05b4\u05d9\u05b8\u05d4\n|-singleturn|p1b: \u05de\u05b4\u05db\u05e0\u05b0\u05e1\u05b5\u05d9 \u05e9\u05c2\u05b0\u05d7\u05b4\u05d9\u05b8\u05d4|Protect\n|move|p2a: bingus|Sucker Punch|p1a: \u05e1\u05d0\u05b7\u05dc\u05d0\u05b7\u05de\u05d9\n|-supereffective|p1a: \u05e1\u05d0\u05b7\u05dc\u05d0\u05b7\u05de\u05d9\n|-damage|p1a: \u05e1\u05d0\u05b7\u05dc\u05d0\u05b7\u05de\u05d9|0 fnt\n|faint|p1a: \u05e1\u05d0\u05b7\u05dc\u05d0\u05b7\u05de\u05d9\n|move|p2b: worm|Thunder Wave|p1b: \u05de\u05b4\u05db\u05e0\u05b0\u05e1\u05b5\u05d9 \u05e9\u05c2\u05b0\u05d7\u05b4\u05d9\u05b8\u05d4\n|-activate|p1b: \u05de\u05b4\u05db\u05e0\u05b0\u05e1\u05b5\u05d9 \u05e9\u05c2\u05b0\u05d7\u05b4\u05d9\u05b8\u05d4|move: Protect\n|\n|upkeep\n|c| Lugiabirb|fang shows up first for chien pao\n|\n|t:|1682976653\n|switch|p1a: Piletina|Gholdengo, L50|100\/100\n|turn|5\n|c| PierceTheDriftveil|stop hating we are literally pissing on him rn\n|c| Lugiabirb|it doesnt get ice beam which is funny\n|c| Lugiabirb|who hating\n|c| Lugiabirb|????\n|c| Bostonl1|?????\n|\n|t:|1682976696\n|move|p2a: bingus|Sucker Punch|p1a: Piletina\n|-supereffective|p1a: Piletina\n|-damage|p1a: Piletina|20\/100\n|move|p1b: \u05de\u05b4\u05db\u05e0\u05b0\u05e1\u05b5\u05d9 \u05e9\u05c2\u05b0\u05d7\u05b4\u05d9\u05b8\u05d4|Throat Chop|p2b: worm\n|-damage|p2b: worm|33\/100\n|-start|p2b: worm|Throat Chop|[silent]\n|move|p1a: Piletina|Make It Rain|p2a: bingus|[spread] p2a,p2b\n|-supereffective|p2a: bingus\n|-resisted|p2b: worm\n|-damage|p2a: bingus|0 fnt\n|-damage|p2b: worm|16\/100\n|-unboost|p1a: Piletina|spa|1\n|faint|p2a: bingus\n|move|p2b: worm|Waterfall|p1a: Piletina\n|-damage|p1a: Piletina|0 fnt\n|faint|p1a: Piletina\n|\n|upkeep\n|\n|t:|1682976699\n|switch|p2a: hiii|Garchomp, L50, F|100\/100\n|turn|6\n|c| PierceTheDriftveil|yall take me too serious lol\n|\n|t:|1682976722\n|-terastallize|p2a: hiii|Ground\n|move|p2b: worm|Helping Hand|p2a: hiii\n|-singleturn|p2a: hiii|Helping Hand|[of] p2b: worm\n|move|p2a: hiii|Earthquake|p1b: \u05de\u05b4\u05db\u05e0\u05b0\u05e1\u05b5\u05d9 \u05e9\u05c2\u05b0\u05d7\u05b4\u05d9\u05b8\u05d4|[spread] p1b\n|-immune|p2b: worm\n|-damage|p1b: \u05de\u05b4\u05db\u05e0\u05b0\u05e1\u05b5\u05d9 \u05e9\u05c2\u05b0\u05d7\u05b4\u05d9\u05b8\u05d4|0 fnt\n|faint|p1b: \u05de\u05b4\u05db\u05e0\u05b0\u05e1\u05b5\u05d9 \u05e9\u05c2\u05b0\u05d7\u05b4\u05d9\u05b8\u05d4\n|\n|win|CurryBean\n|c| Bostonl1|I just wanted to copy lugia\n|c|\u2606CurryBean|ggs\n|c|\u2606Sandy_Simis|Ggs\n|l| yomoves\n|c| Bostonl1|Gg\n|c| PierceTheDriftveil|gg\n|l| Bostonl1\n|l|\u2606Sandy_Simis\n|j|\u2606Sandy_Simis\n|player|p1|Sandy_Simis|265\n","uploadtime":1682976794,"views":19,"p1id":"sandysimis","p2id":"currybean","formatid":"gen9vgc2023regulationc","rating":0,"private":0,"password":""}