{"id":"gen9vgc2023regulationc-1848802486","p1":"DEADMAN100","p2":"UltimoRyu","format":"[Gen 9] VGC 2023 Regulation C","log":"|j|\u2606DEADMAN100\n|j|\u2606UltimoRyu\n|t:|1682111958\n|gametype|doubles\n|player|p1|DEADMAN100|gambler|1131\n|player|p2|UltimoRyu|steven|1214\n|teamsize|p1|6\n|teamsize|p2|6\n|gen|9\n|tier|[Gen 9] VGC 2023 Regulation C\n|rated|\n|rule|Species Clause: Limit one of each Pok\u00e9mon\n|rule|Item Clause: Limit one of each item\n|clearpoke\n|poke|p1|Flutter Mane, L50|\n|poke|p1|Great Tusk, L50|\n|poke|p1|Maushold, L50|\n|poke|p1|Hydreigon, L50, F|\n|poke|p1|Annihilape, L50, M|\n|poke|p1|Torkoal, L50, M|\n|poke|p2|Pelipper, L50, F|\n|poke|p2|Dondozo, L50, M|\n|poke|p2|Tatsugiri, L50, M|\n|poke|p2|Amoonguss, L50, M|\n|poke|p2|Palafin, L50, M|\n|poke|p2|Iron Hands, L50|\n|teampreview|4\n|\n|t:|1682111994\n|start\n|switch|p1a: Maushold|Maushold, L50|100\/100\n|switch|p1b: Annihilape|Annihilape, L50, M|100\/100\n|switch|p2a: Dondozo|Dondozo, L50, M|100\/100\n|switch|p2b: Palafin|Palafin, L50, M|100\/100\n|turn|1\n|\n|t:|1682112033\n|detailschange|p2b: Palafin|Palafin-Hero, L50, M\n|switch|p2b: Tatsugiri|Tatsugiri, L50, M|100\/100\n|-activate|p2b: Tatsugiri|ability: Commander|[of] p2a: Dondozo\n|-boost|p2a: Dondozo|atk|2\n|-boost|p2a: Dondozo|spa|2\n|-boost|p2a: Dondozo|spe|2\n|-boost|p2a: Dondozo|def|2\n|-boost|p2a: Dondozo|spd|2\n|move|p1a: Maushold|Beat Up|p1b: Annihilape\n|-damage|p1b: Annihilape|98\/100\n|-damage|p1b: Annihilape|96\/100\n|-damage|p1b: Annihilape|94\/100\n|-damage|p1b: Annihilape|92\/100\n|-hitcount|p1b: Annihilape|4\n|move|p1b: Annihilape|Rage Fist|p2a: Dondozo\n|-damage|p2a: Dondozo|55\/100\n|move|p2a: Dondozo|Surf|p1b: Annihilape|[spread] p1a,p1b\n|-miss|p2a: Dondozo|p2b: Tatsugiri\n|-crit|p1a: Maushold\n|-damage|p1a: Maushold|0 fnt\n|-damage|p1b: Annihilape|38\/100\n|faint|p1a: Maushold\n|-damage|p2a: Dondozo|45\/100|[from] item: Life Orb\n|\n|upkeep\n|\n|t:|1682112055\n|switch|p1a: Hydreigon|Hydreigon, L50, F, shiny|100\/100\n|turn|2\n|\n|t:|1682112072\n|move|p1a: Hydreigon|Draco Meteor|p2a: Dondozo\n|-damage|p2a: Dondozo|20\/100\n|-unboost|p1a: Hydreigon|spa|2\n|move|p1b: Annihilape|Rage Fist|p2a: Dondozo\n|-damage|p2a: Dondozo|0 fnt\n|faint|p2a: Dondozo\n|\n|upkeep\n|\n|t:|1682112083\n|switch|p2a: Pelipper|Pelipper, L50, F|100\/100\n|-weather|RainDance|[from] ability: Drizzle|[of] p2a: Pelipper\n|turn|3\n|\n|t:|1682112109\n|switch|p1a: Great Tusk|Great Tusk, L50|100\/100\n|-terastallize|p1b: Annihilape|Steel\n|move|p2b: Tatsugiri|Icy Wind|p1b: Annihilape|[spread] p1a,p1b\n|-supereffective|p1a: Great Tusk\n|-resisted|p1b: Annihilape\n|-damage|p1a: Great Tusk|63\/100\n|-damage|p1b: Annihilape|32\/100\n|-unboost|p1a: Great Tusk|spe|1\n|-unboost|p1b: Annihilape|spe|1\n|-ability|p1b: Annihilape|Defiant|boost\n|-boost|p1b: Annihilape|atk|2\n|move|p2a: Pelipper|Air Cutter|p1a: Great Tusk|[spread] p1a,p1b\n|-supereffective|p1a: Great Tusk\n|-resisted|p1b: Annihilape\n|-damage|p1a: Great Tusk|0 fnt\n|-damage|p1b: Annihilape|18\/100\n|-enditem|p1b: Annihilape|Aguav Berry|[eat]\n|-heal|p1b: Annihilape|51\/100|[from] item: Aguav Berry\n|faint|p1a: Great Tusk\n|-end|p1a: Great Tusk|Protosynthesis|[silent]\n|move|p1b: Annihilape|Rage Fist|p2a: Pelipper\n|-damage|p2a: Pelipper|0 fnt\n|faint|p2a: Pelipper\n|\n|-weather|RainDance|[upkeep]\n|upkeep\n|\n|t:|1682112132\n|switch|p1a: Hydreigon|Hydreigon, L50, F, shiny|100\/100\n|switch|p2a: Palafin|Palafin-Hero, L50, M|100\/100\n|-activate|p2a: Palafin|ability: Zero to Hero\n|turn|4\n|inactive|Battle timer is ON: inactive players will automatically lose when time's up. (requested by DEADMAN100)\n|inactive|DEADMAN100 has 60 seconds left.\n|\n|t:|1682112171\n|-terastallize|p2a: Palafin|Water\n|move|p1b: Annihilape|Protect|p1b: Annihilape\n|-singleturn|p1b: Annihilape|Protect\n|move|p2b: Tatsugiri|Icy Wind|p1b: Annihilape|[spread] p1a\n|-activate|p1b: Annihilape|move: Protect\n|-supereffective|p1a: Hydreigon\n|-damage|p1a: Hydreigon|68\/100\n|-unboost|p1a: Hydreigon|spe|1\n|move|p2a: Palafin|Drain Punch|p1b: Annihilape\n|-activate|p1b: Annihilape|move: Protect\n|move|p1a: Hydreigon|Draco Meteor|p2b: Tatsugiri\n|-supereffective|p2b: Tatsugiri\n|-damage|p2b: Tatsugiri|0 fnt\n|-unboost|p1a: Hydreigon|spa|2\n|faint|p2b: Tatsugiri\n|\n|-weather|RainDance|[upkeep]\n|upkeep\n|turn|5\n|inactive|DEADMAN100 has 30 seconds left.\n|\n|t:|1682112197\n|move|p2a: Palafin|Drain Punch|p1b: Annihilape\n|-supereffective|p1b: Annihilape\n|-damage|p1b: Annihilape|0 fnt\n|faint|p1b: Annihilape\n|move|p1a: Hydreigon|Draco Meteor|p2a: Palafin\n|-damage|p2a: Palafin|70\/100\n|-unboost|p1a: Hydreigon|spa|2\n|\n|-weather|RainDance|[upkeep]\n|upkeep\n|turn|6\n|\n|t:|1682112209\n|move|p2a: Palafin|Drain Punch|p1a: Hydreigon\n|-supereffective|p1a: Hydreigon\n|-damage|p1a: Hydreigon|0 fnt\n|-heal|p2a: Palafin|100\/100|[from] drain|[of] p1a: Hydreigon\n|faint|p1a: Hydreigon\n|\n|win|UltimoRyu\n|raw|DEADMAN100's rating: 1131 → 1112<\/strong> (-19 for losing)\n|raw|UltimoRyu's rating: 1214 → 1233<\/strong> (+19 for winning)\n|l|\u2606DEADMAN100\n","uploadtime":1682112223,"views":15,"p1id":"deadman100","p2id":"ultimoryu","formatid":"gen9vgc2023regulationc","rating":1112,"private":0,"password":""}