{"id":"gen9vgc2023regulationc-1850815680","p1":"N3rdSl4y3r","p2":"5wamp","format":"[Gen 9] VGC 2023 Regulation C","log":"|j|\u2606N3rdSl4y3r\n|j|\u26065wamp\n|t:|1682370538\n|gametype|doubles\n|player|p1|N3rdSl4y3r|rika|\n|player|p2|5wamp|boarder|\n|teamsize|p1|6\n|teamsize|p2|6\n|gen|9\n|tier|[Gen 9] VGC 2023 Regulation C\n|rule|Species Clause: Limit one of each Pok\u00e9mon\n|rule|Item Clause: Limit one of each item\n|clearpoke\n|poke|p1|Breloom, L50, M|\n|poke|p1|Chi-Yu, L50|\n|poke|p1|Azumarill, L50, F|\n|poke|p1|Baxcalibur, L50, M|\n|poke|p1|Flutter Mane, L50|\n|poke|p1|Maushold-Four, L50|\n|poke|p2|Flutter Mane, L50|\n|poke|p2|Arcanine, L50, M|\n|poke|p2|Amoonguss, L50, F|\n|poke|p2|Ting-Lu, L50|\n|poke|p2|Kingambit, L50, M|\n|poke|p2|Palafin, L50, M|\n|teampreview|4\n|inactive|Battle timer is ON: inactive players will automatically lose when time's up. (requested by 5wamp)\nN3rdSl4y3r has agreed to open team sheets.\n|inactiveoff|Battle timer is now OFF.\n|c|\u2606N3rdSl4y3r|glhf!\n|c|\u26065wamp|glhf\n5wamp has agreed to open team sheets.\n|\n|t:|1682370581\n|start\n|switch|p1a: samuel(s)|Maushold-Four, L50|100\/100\n|switch|p1b: Dollar Store Sword|Baxcalibur, L50, M|100\/100\n|switch|p2a: PUPPET|Flutter Mane, L50, shiny|100\/100\n|switch|p2b: LUMBERJACK|Kingambit, L50, M|100\/100\n|-enditem|p2a: PUPPET|Booster Energy\n|-activate|p2a: PUPPET|ability: Protosynthesis|[fromitem]\n|-start|p2a: PUPPET|protosynthesisspa\n|turn|1\n|c|\u2606N3rdSl4y3r|sry wait I gotta get replays ill be quick\n|c|\u26065wamp|kk\n|c|\u26065wamp|dont tera dw im not clicking tera fairy gleam\n|c|\u26065wamp|i would never\n|c|\u2606N3rdSl4y3r|uhhh wait\n|\n|t:|1682370875\n|-terastallize|p1b: Dollar Store Sword|Poison\n|move|p1a: samuel(s)|Protect|p1a: samuel(s)\n|-singleturn|p1a: samuel(s)|Protect\n|move|p2a: PUPPET|Protect|p2a: PUPPET\n|-singleturn|p2a: PUPPET|Protect\n|move|p1b: Dollar Store Sword|Icicle Crash|p2a: PUPPET\n|-activate|p2a: PUPPET|move: Protect\n|move|p2b: LUMBERJACK|Swords Dance|p2b: LUMBERJACK\n|-boost|p2b: LUMBERJACK|atk|2\n|\n|upkeep\n|turn|2\n|\n|t:|1682370895\n|-terastallize|p2a: PUPPET|Fairy\n|move|p2b: LUMBERJACK|Protect|p2b: LUMBERJACK\n|-singleturn|p2b: LUMBERJACK|Protect\n|move|p1a: samuel(s)|Encore|p2b: LUMBERJACK\n|-activate|p2b: LUMBERJACK|move: Protect\n|move|p2a: PUPPET|Moonblast|p1a: samuel(s)\n|-damage|p1a: samuel(s)|0 fnt\n|faint|p1a: samuel(s)\n|move|p1b: Dollar Store Sword|Icicle Crash|p2a: PUPPET\n|-damage|p2a: PUPPET|8\/100\n|\n|upkeep\n|\n|t:|1682370907\n|switch|p1a: Chi-Nuke|Chi-Yu, L50|100\/100\n|-ability|p1a: Chi-Nuke|Beads of Ruin\n|turn|3\n|\n|t:|1682370955\n|switch|p2b: DOGTOOTH|Arcanine, L50, M|100\/100\n|-ability|p2b: DOGTOOTH|Intimidate|boost\n|-unboost|p1a: Chi-Nuke|atk|1\n|-fail|p1b: Dollar Store Sword|unboost|[from] item: Clear Amulet|[of] p1b: Dollar Store Sword\n|move|p1b: Dollar Store Sword|Ice Shard|p2a: PUPPET\n|-damage|p2a: PUPPET|0 fnt\n|faint|p2a: PUPPET\n|-end|p2a: PUPPET|Protosynthesis|[silent]\n|move|p1a: Chi-Nuke|Heat Wave|p2b: DOGTOOTH\n|-resisted|p2b: DOGTOOTH\n|-damage|p2b: DOGTOOTH|43\/100\n|\n|upkeep\n|\n|t:|1682370964\n|switch|p2a: SAFARI|Palafin, L50, M, shiny|100\/100\n|turn|4\n|\n|t:|1682370998\n|switch|p1a: Azumarill|Azumarill, L50, F|100\/100\n|move|p2a: SAFARI|Jet Punch|p1a: Azumarill\n|-resisted|p1a: Azumarill\n|-damage|p1a: Azumarill|86\/100\n|move|p1b: Dollar Store Sword|Glaive Rush|p2b: DOGTOOTH\n|-damage|p2b: DOGTOOTH|0 fnt\n|-singlemove|p1b: Dollar Store Sword|Glaive Rush|[silent]\n|faint|p2b: DOGTOOTH\n|\n|upkeep\n|c|\u26065wamp|hoped you had breloom lmao\n|c|\u26065wamp|oh nvm\n|c|\u26065wamp|i blitzed that slot\n|\n|t:|1682371009\n|switch|p2b: LUMBERJACK|Kingambit, L50, M|100\/100\n|turn|5\n|\n|t:|1682371021\n|move|p1b: Dollar Store Sword|Protect|p1b: Dollar Store Sword\n|-singleturn|p1b: Dollar Store Sword|Protect\n|move|p2a: SAFARI|Wave Crash|p1b: Dollar Store Sword\n|-activate|p1b: Dollar Store Sword|move: Protect\n|move|p2b: LUMBERJACK|Swords Dance|p2b: LUMBERJACK\n|-boost|p2b: LUMBERJACK|atk|2\n|move|p1a: Azumarill|Play Rough|p2a: SAFARI\n|-damage|p2a: SAFARI|37\/100\n|\n|upkeep\n|turn|6\n|c|\u2606N3rdSl4y3r|dw heres the throw\n|\n|t:|1682371045\n|move|p2a: SAFARI|Protect|p2a: SAFARI\n|-singleturn|p2a: SAFARI|Protect\n|move|p2b: LUMBERJACK|Sucker Punch|p1b: Dollar Store Sword\n|-damage|p1b: Dollar Store Sword|9\/100\n|move|p1b: Dollar Store Sword|Glaive Rush|p2a: SAFARI\n|-activate|p2a: SAFARI|move: Protect\n|move|p1a: Azumarill|Perish Song|p1a: Azumarill\n|-start|p1a: Azumarill|perish3|[silent]\n|-start|p1b: Dollar Store Sword|perish3|[silent]\n|-start|p2a: SAFARI|perish3|[silent]\n|-start|p2b: LUMBERJACK|perish3|[silent]\n|-fieldactivate|move: Perish Song\n|\n|-start|p1b: Dollar Store Sword|perish3\n|-start|p2a: SAFARI|perish3\n|-start|p2b: LUMBERJACK|perish3\n|-start|p1a: Azumarill|perish3\n|upkeep\n|turn|7\n|c|\u26065wamp|nooo\n|c|\u26065wamp|i needed that to kill\n|c|\u2606N3rdSl4y3r|bax is a bulky boi\n|c|\u26065wamp|if that killed i get to kill chi yu\n|\n|t:|1682371073\n|move|p2a: SAFARI|Protect||[still]\n|-fail|p2a: SAFARI\n|move|p2b: LUMBERJACK|Sucker Punch|p1b: Dollar Store Sword\n|-damage|p1b: Dollar Store Sword|0 fnt\n|faint|p1b: Dollar Store Sword\n|move|p1a: Azumarill|Play Rough|p2a: SAFARI\n|-damage|p2a: SAFARI|0 fnt\n|faint|p2a: SAFARI\n|\n|-start|p2b: LUMBERJACK|perish2\n|-start|p1a: Azumarill|perish2\n|upkeep\n|c|\u26065wamp|and then hopefully live the perish\n|\n|t:|1682371085\n|switch|p1b: Chi-Nuke|Chi-Yu, L50|100\/100\n|-ability|p1b: Chi-Nuke|Beads of Ruin\n|turn|8\n|\n|t:|1682371094\n|move|p2b: LUMBERJACK|Sucker Punch|p1b: Chi-Nuke\n|-resisted|p1b: Chi-Nuke\n|-damage|p1b: Chi-Nuke|23\/100\n|move|p1b: Chi-Nuke|Overheat|p2b: LUMBERJACK\n|-supereffective|p2b: LUMBERJACK\n|-damage|p2b: LUMBERJACK|0 fnt\n|-unboost|p1b: Chi-Nuke|spa|2\n|faint|p2b: LUMBERJACK\n|\n|win|N3rdSl4y3r\n|c|\u2606N3rdSl4y3r|ggs\n|c|\u26065wamp|gg\n","uploadtime":1682371114,"views":43,"p1id":"n3rdsl4y3r","p2id":"5wamp","formatid":"gen9vgc2023regulationc","rating":0,"private":0,"password":""}