{"id":"gen9vgc2023regulationc-1845804198","p1":"Garydosses","p2":"Phelon","format":"[Gen 9] VGC 2023 Regulation C","log":"|j|\u2606Garydosses\n|j|\u2606Phelon\n|t:|1681766219\n|gametype|doubles\n|player|p1|Garydosses|acerola|1301\n|player|p2|Phelon|burglar|1376\n|teamsize|p1|6\n|teamsize|p2|6\n|gen|9\n|tier|[Gen 9] VGC 2023 Regulation C\n|rated|\n|rule|Species Clause: Limit one of each Pok\u00e9mon\n|rule|Item Clause: Limit one of each item\n|clearpoke\n|poke|p1|Gyarados, L50, M|\n|poke|p1|Chien-Pao, L50|\n|poke|p1|Dragapult, L50, M|\n|poke|p1|Flutter Mane, L50|\n|poke|p1|Ting-Lu, L50|\n|poke|p1|Iron Bundle, L50|\n|poke|p2|Gogoat, L50, M|\n|poke|p2|Kingambit, L50, F|\n|poke|p2|Iron Bundle, L50|\n|poke|p2|Vivillon, L50, F|\n|poke|p2|Arcanine, L50, F|\n|poke|p2|Flutter Mane, L50|\n|teampreview|4\n|inactive|Battle timer is ON: inactive players will automatically lose when time's up. (requested by Garydosses)\n|inactive|Garydosses has 60 seconds left.\nPhelon has agreed to open team sheets.\n|\n|t:|1681766252\n|start\n|switch|p1a: Gyarados|Gyarados, L50, M|100\/100\n|switch|p1b: Ting-Lu|Ting-Lu, L50|100\/100\n|switch|p2a: Vivillon|Vivillon, L50, F|100\/100\n|switch|p2b: Kingambit|Kingambit, L50, F|100\/100\n|-ability|p1a: Gyarados|Intimidate|boost\n|-unboost|p2a: Vivillon|atk|1\n|-unboost|p2b: Kingambit|atk|1\n|-ability|p2b: Kingambit|Defiant|boost\n|-boost|p2b: Kingambit|atk|2\n|-ability|p1b: Ting-Lu|Vessel of Ruin\n|turn|1\n|inactive|Phelon has 30 seconds left.\n|\n|t:|1681766280\n|-terastallize|p2b: Kingambit|Flying\n|move|p2a: Vivillon|Sleep Powder|p1b: Ting-Lu\n|-status|p1b: Ting-Lu|slp|[from] move: Sleep Powder\n|move|p1a: Gyarados|Waterfall|p2a: Vivillon\n|-damage|p2a: Vivillon|17\/100\n|move|p2b: Kingambit|Kowtow Cleave|p1a: Gyarados\n|-damage|p1a: Gyarados|21\/100\n|cant|p1b: Ting-Lu|slp\n|\n|upkeep\n|turn|2\n|\n|t:|1681766299\n|switch|p2a: Arcanine|Arcanine, L50, F|100\/100\n|-ability|p2a: Arcanine|Intimidate|boost\n|-fail|p1a: Gyarados|unboost|[from] item: Clear Amulet|[of] p1a: Gyarados\n|-unboost|p1b: Ting-Lu|atk|1\n|move|p2b: Kingambit|Sucker Punch||[still]\n|-fail|p2b: Kingambit\n|move|p1a: Gyarados|Taunt|p2a: Arcanine\n|-start|p2a: Arcanine|move: Taunt\n|cant|p1b: Ting-Lu|slp\n|\n|upkeep\n|turn|3\n|\n|t:|1681766310\n|move|p2a: Arcanine|Extreme Speed|p1a: Gyarados\n|-damage|p1a: Gyarados|0 fnt\n|faint|p1a: Gyarados\n|move|p2b: Kingambit|Tera Blast|p1b: Ting-Lu\n|-damage|p1b: Ting-Lu|61\/100 slp\n|cant|p1b: Ting-Lu|slp\n|\n|upkeep\n|\n|t:|1681766314\n|switch|p1a: Iron Bundle|Iron Bundle, L50|100\/100\n|-enditem|p1a: Iron Bundle|Booster Energy\n|-activate|p1a: Iron Bundle|ability: Quark Drive|[fromitem]\n|-start|p1a: Iron Bundle|quarkdrivespe\n|turn|4\n|\n|t:|1681766329\n|move|p1a: Iron Bundle|Protect|p1a: Iron Bundle\n|-singleturn|p1a: Iron Bundle|Protect\n|move|p2b: Kingambit|Sucker Punch||[still]\n|-fail|p2b: Kingambit\n|move|p2a: Arcanine|Flare Blitz|p1b: Ting-Lu\n|-damage|p1b: Ting-Lu|26\/100 slp\n|-damage|p2a: Arcanine|87\/100|[from] Recoil\n|-curestatus|p1b: Ting-Lu|slp|[msg]\n|move|p1b: Ting-Lu|Stomping Tantrum|p2a: Arcanine\n|-supereffective|p2a: Arcanine\n|-damage|p2a: Arcanine|0 fnt\n|faint|p2a: Arcanine\n|\n|upkeep\n|\n|t:|1681766332\n|switch|p2a: Iron Bundle|Iron Bundle, L50|100\/100\n|-enditem|p2a: Iron Bundle|Booster Energy\n|-activate|p2a: Iron Bundle|ability: Quark Drive|[fromitem]\n|-start|p2a: Iron Bundle|quarkdrivespe\n|turn|5\n|\n|t:|1681766351\n|move|p2b: Kingambit|Sucker Punch|p1a: Iron Bundle\n|-damage|p1a: Iron Bundle|32\/100\n|move|p2a: Iron Bundle|Icy Wind|p1a: Iron Bundle|[spread] p1a,p1b\n|-resisted|p1a: Iron Bundle\n|-supereffective|p1b: Ting-Lu\n|-damage|p1a: Iron Bundle|24\/100\n|-damage|p1b: Ting-Lu|13\/100\n|-unboost|p1a: Iron Bundle|spe|1\n|-unboost|p1b: Ting-Lu|spe|1\n|move|p1a: Iron Bundle|Icy Wind|p2a: Iron Bundle|[spread] p2a,p2b\n|-resisted|p2a: Iron Bundle\n|-supereffective|p2b: Kingambit\n|-damage|p2a: Iron Bundle|94\/100\n|-damage|p2b: Kingambit|82\/100\n|-unboost|p2a: Iron Bundle|spe|1\n|-unboost|p2b: Kingambit|spe|1\n|-ability|p2b: Kingambit|Defiant|boost\n|-boost|p2b: Kingambit|atk|2\n|move|p1b: Ting-Lu|Rock Tomb|p2a: Iron Bundle\n|-supereffective|p2a: Iron Bundle\n|-damage|p2a: Iron Bundle|65\/100\n|-unboost|p2a: Iron Bundle|spe|1\n|\n|upkeep\n|turn|6\n|\n|t:|1681766373\n|move|p2b: Kingambit|Sucker Punch|p1a: Iron Bundle\n|-damage|p1a: Iron Bundle|0 fnt\n|faint|p1a: Iron Bundle\n|-end|p1a: Iron Bundle|Quark Drive|[silent]\n|move|p2a: Iron Bundle|Freeze-Dry|p1b: Ting-Lu\n|-supereffective|p1b: Ting-Lu\n|-damage|p1b: Ting-Lu|0 fnt\n|faint|p1b: Ting-Lu\n|\n|upkeep\n|\n|t:|1681766376\n|switch|p1b: Flutter Mane|Flutter Mane, L50|100\/100\n|turn|7\n|\n|t:|1681766388\n|-terastallize|p1b: Flutter Mane|Fairy\n|move|p1b: Flutter Mane|Dazzling Gleam|p2b: Kingambit|[spread] p2a,p2b\n|-damage|p2a: Iron Bundle|0 fnt\n|-damage|p2b: Kingambit|42\/100\n|faint|p2a: Iron Bundle\n|-end|p2a: Iron Bundle|Quark Drive|[silent]\n|move|p2b: Kingambit|Iron Head|p1b: Flutter Mane\n|-supereffective|p1b: Flutter Mane\n|-damage|p1b: Flutter Mane|0 fnt\n|faint|p1b: Flutter Mane\n|-end|p1b: Flutter Mane|Protosynthesis|[silent]\n|\n|win|Phelon\n|raw|Garydosses's rating: 1301 → 1285<\/strong> (-16 for losing)\n|raw|Phelon's rating: 1376 → 1392<\/strong> (+16 for winning)\n|c|\u2606Garydosses|Gg\n|l|\u2606Garydosses\n|c|\u2606Phelon|Gg\n","uploadtime":1681766404,"views":13,"p1id":"garydosses","p2id":"phelon","formatid":"gen9vgc2023regulationc","rating":1285,"private":0,"password":""}