{"id":"gen9vgc2023regulationc-1850048982","p1":"Saiyon423","p2":"GastrodonIsBest","format":"[Gen 9] VGC 2023 Regulation C","log":"|j|\u2606Saiyon423\n|j|\u2606GastrodonIsBest\n|t:|1682281663\n|gametype|doubles\n|player|p1|Saiyon423|2|1043\n|player|p2|GastrodonIsBest|cynthia-masters|1040\n|teamsize|p1|6\n|teamsize|p2|6\n|gen|9\n|tier|[Gen 9] VGC 2023 Regulation C\n|rated|\n|rule|Species Clause: Limit one of each Pok\u00e9mon\n|rule|Item Clause: Limit one of each item\n|clearpoke\n|poke|p1|Glaceon, L50, F|\n|poke|p1|Tsareena, L50, F|\n|poke|p1|Rotom-Wash, L50|\n|poke|p1|Garchomp, L50, F|\n|poke|p1|Skeledirge, L50, F|\n|poke|p1|Dragonite, L50, M|\n|poke|p2|Annihilape, L50, M|\n|poke|p2|Maushold-Four, L50|\n|poke|p2|Meowscarada, L50, M|\n|poke|p2|Gastrodon-East, L50, F|\n|poke|p2|Arcanine, L50, M|\n|poke|p2|Garchomp, L50, M|\n|teampreview|4\n|c|\u2606GastrodonIsBest|Hai\n|inactive|Battle timer is ON: inactive players will automatically lose when time's up. (requested by GastrodonIsBest)\n|\n|t:|1682281702\n|start\n|switch|p1a: Rotom|Rotom-Wash, L50|100\/100\n|switch|p1b: Garchomp|Garchomp, L50, F|100\/100\n|switch|p2a: Arcanine|Arcanine, L50, M, shiny|100\/100\n|switch|p2b: Dog|Meowscarada, L50, M, shiny|100\/100\n|-ability|p2a: Arcanine|Intimidate|boost\n|-unboost|p1a: Rotom|atk|1\n|-unboost|p1b: Garchomp|atk|1\n|turn|1\n|\n|t:|1682281725\n|move|p2b: Dog|Skill Swap|p1b: Garchomp\n|-activate|p2b: Dog|move: Skill Swap|Rough Skin|Overgrow|[of] p1b: Garchomp\n|move|p1a: Rotom|Hydro Pump|p2a: Arcanine\n|-supereffective|p2a: Arcanine\n|-damage|p2a: Arcanine|0 fnt\n|faint|p2a: Arcanine\n|move|p1b: Garchomp|Earthquake|p2b: Dog|[spread] p2b\n|-immune|p1a: Rotom|[from] ability: Levitate\n|-resisted|p2b: Dog\n|-damage|p2b: Dog|80\/100\n|\n|upkeep\n|\n|t:|1682281743\n|switch|p2a: Jaiden|Gastrodon-East, L50, F|100\/100\n|turn|2\n|\n|t:|1682281761\n|switch|p1a: Dragonite|Dragonite, L50, M|100\/100\n|move|p2b: Dog|Flower Trick|p1a: Dragonite\n|-resisted|p1a: Dragonite\n|-crit|p1a: Dragonite\n|-damage|p1a: Dragonite|94\/100\n|move|p1b: Garchomp|Earthquake|p2b: Dog|[spread] p2a,p2b\n|-immune|p1a: Dragonite\n|-resisted|p2b: Dog\n|-damage|p2a: Jaiden|71\/100\n|-damage|p2b: Dog|57\/100\n|move|p2a: Jaiden|Icy Wind|p1a: Dragonite|[spread] p1a,p1b\n|-supereffective|p1a: Dragonite\n|-supereffective|p1b: Garchomp\n|-damage|p1a: Dragonite|46\/100\n|-damage|p1b: Garchomp|52\/100\n|-unboost|p1a: Dragonite|spe|1\n|-unboost|p1b: Garchomp|spe|1\n|\n|-heal|p2a: Jaiden|78\/100|[from] item: Leftovers\n|upkeep\n|turn|3\n|inactive|Saiyon423 has 30 seconds left.\n|\n|t:|1682281791\n|move|p2b: Dog|Knock Off|p1a: Dragonite\n|-damage|p1a: Dragonite|0 fnt\n|-enditem|p1a: Dragonite|Normal Gem|[from] move: Knock Off|[of] p2b: Dog\n|faint|p1a: Dragonite\n|move|p1b: Garchomp|Rock Slide|p2b: Dog|[spread] p2a,p2b\n|-resisted|p2a: Jaiden\n|-damage|p2a: Jaiden|70\/100\n|-damage|p2b: Dog|36\/100\n|move|p2a: Jaiden|Icy Wind|p1b: Garchomp\n|-supereffective|p1b: Garchomp\n|-damage|p1b: Garchomp|0 fnt\n|faint|p1b: Garchomp\n|\n|-heal|p2a: Jaiden|77\/100|[from] item: Leftovers\n|upkeep\n|\n|t:|1682281806\n|switch|p1a: Rotom|Rotom-Wash, L50|100\/100\n|switch|p1b: Skeledirge|Skeledirge, L50, F|100\/100\n|turn|4\n|\n|t:|1682281831\n|-terastallize|p1b: Skeledirge|Grass\n|move|p2b: Dog|Skill Swap|p1a: Rotom\n|-activate|p2b: Dog|move: Skill Swap|Levitate|Rough Skin|[of] p1a: Rotom\n|move|p1a: Rotom|Dark Pulse|p2b: Dog\n|-resisted|p2b: Dog\n|-damage|p2b: Dog|6\/100\n|move|p1b: Skeledirge|Tera Blast|p2a: Jaiden\n|-supereffective|p2a: Jaiden\n|-damage|p2a: Jaiden|0 fnt\n|faint|p2a: Jaiden\n|\n|upkeep\n|\n|t:|1682281842\n|switch|p2a: Garchomp|Garchomp, L50, M, shiny|100\/100\n|turn|5\n|inactive|Saiyon423 has 30 seconds left.\n|\n|t:|1682281867\n|move|p2b: Dog|Flower Trick|p1a: Rotom\n|-supereffective|p1a: Rotom\n|-crit|p1a: Rotom\n|-damage|p1a: Rotom|0 fnt\n|faint|p1a: Rotom\n|move|p2a: Garchomp|Swords Dance|p2a: Garchomp\n|-boost|p2a: Garchomp|atk|2\n|move|p1b: Skeledirge|Torch Song|p2a: Garchomp\n|-resisted|p2a: Garchomp\n|-damage|p2a: Garchomp|81\/100\n|-boost|p1b: Skeledirge|spa|1\n|\n|upkeep\n|turn|6\n|\n|t:|1682281883\n|move|p2b: Dog|U-turn|p1b: Skeledirge\n|-supereffective|p1b: Skeledirge\n|-damage|p1b: Skeledirge|65\/100\n|move|p2a: Garchomp|Dragon Claw|p1b: Skeledirge\n|-damage|p1b: Skeledirge|27\/100\n|move|p1b: Skeledirge|Tera Blast|p2a: Garchomp\n|-damage|p2a: Garchomp|20\/100\n|\n|upkeep\n|turn|7\n|\n|t:|1682281900\n|move|p2b: Dog|Knock Off|p1b: Skeledirge\n|-damage|p1b: Skeledirge|0 fnt\n|-enditem|p1b: Skeledirge|Aguav Berry|[from] move: Knock Off|[of] p2b: Dog\n|faint|p1b: Skeledirge\n|\n|win|GastrodonIsBest\n|raw|Saiyon423's rating: 1043 → 1026<\/strong> (-17 for losing)\n|raw|GastrodonIsBest's rating: 1040 → 1074<\/strong> (+34 for winning)\n|l|\u2606Saiyon423\n","uploadtime":1682281920,"views":5,"p1id":"saiyon423","p2id":"gastrodonisbest","formatid":"gen9vgc2023regulationc","rating":1026,"private":0,"password":""}