{"id":"gen9vgc2023regulationc-1855748092","p1":"Felipe.Miller.V","p2":"Warity","format":"[Gen 9] VGC 2023 Regulation C","log":"|j|\u2606Felipe.Miller.V\n|j|\u2606Warity\n|t:|1682979571\n|gametype|doubles\n|player|p1|Felipe.Miller.V|170|1314\n|player|p2|Warity|veteran-gen4|1306\n|teamsize|p1|6\n|teamsize|p2|6\n|gen|9\n|tier|[Gen 9] VGC 2023 Regulation C\n|rated|\n|rule|Species Clause: Limit one of each Pok\u00e9mon\n|rule|Item Clause: Limit one of each item\n|clearpoke\n|poke|p1|Bruxish, L50, M|\n|poke|p1|Copperajah, L50, F|\n|poke|p1|Sylveon, L50, M|\n|poke|p1|Appletun, L50, M|\n|poke|p1|Heracross, L50, F|\n|poke|p1|Oranguru, L50, F|\n|poke|p2|Annihilape, L50, M|\n|poke|p2|Palafin, L50, F|\n|poke|p2|Maushold-Four, L50|\n|poke|p2|Dragonite, L50, F|\n|poke|p2|Chien-Pao, L50|\n|poke|p2|Flutter Mane, L50|\n|teampreview|4\n|inactive|Battle timer is ON: inactive players will automatically lose when time's up. (requested by Warity)\n|\n|t:|1682979599\n|start\n|switch|p1a: Bruxish|Bruxish, L50, M|100\/100\n|switch|p1b: Heracross|Heracross, L50, F, shiny|100\/100\n|switch|p2a: Dragonite|Dragonite, L50, F|100\/100\n|switch|p2b: Maushold|Maushold-Four, L50|100\/100\n|turn|1\n|inactive|Warity has 30 seconds left.\n|\n|t:|1682979627\n|-terastallize|p2a: Dragonite|Flying\n|move|p1b: Heracross|Protect|p1b: Heracross\n|-singleturn|p1b: Heracross|Protect\n|move|p2b: Maushold|Follow Me|p2b: Maushold\n|-singleturn|p2b: Maushold|move: Follow Me\n|move|p2a: Dragonite|Tera Blast|p1b: Heracross\n|-activate|p1b: Heracross|move: Protect\n|move|p1a: Bruxish|Trick Room|p1a: Bruxish\n|-fieldstart|move: Trick Room|[of] p1a: Bruxish\n|\n|upkeep\n|turn|2\n|\n|t:|1682979641\n|move|p2b: Maushold|Follow Me|p2b: Maushold\n|-singleturn|p2b: Maushold|move: Follow Me\n|move|p1a: Bruxish|Psychic Fangs|p2b: Maushold\n|-damage|p2b: Maushold|48\/100\n|move|p1b: Heracross|Rock Blast|p2b: Maushold\n|-damage|p2b: Maushold|36\/100\n|-damage|p2b: Maushold|23\/100\n|-crit|p2b: Maushold\n|-damage|p2b: Maushold|7\/100\n|-damage|p2b: Maushold|0 fnt\n|faint|p2b: Maushold\n|-ability|p1b: Heracross|Moxie|boost\n|-boost|p1b: Heracross|atk|1\n|-hitcount|p2: Maushold|4\n|move|p2a: Dragonite|Tera Blast|p1b: Heracross\n|-supereffective|p1b: Heracross\n|-damage|p1b: Heracross|0 fnt\n|faint|p1b: Heracross\n|\n|upkeep\n|\n|t:|1682979660\n|switch|p1b: Copperajah|Copperajah, L50, F|100\/100\n|switch|p2b: Annihilape|Annihilape, L50, M|100\/100\n|turn|3\n|\n|t:|1682979672\n|move|p2a: Dragonite|Protect|p2a: Dragonite\n|-singleturn|p2a: Dragonite|Protect\n|move|p2b: Annihilape|Protect|p2b: Annihilape\n|-singleturn|p2b: Annihilape|Protect\n|move|p1b: Copperajah|Curse|p1b: Copperajah\n|-unboost|p1b: Copperajah|spe|1\n|-boost|p1b: Copperajah|atk|1\n|-boost|p1b: Copperajah|def|1\n|move|p1a: Bruxish|Psychic Fangs|p2b: Annihilape\n|-activate|p2b: Annihilape|move: Protect\n|\n|upkeep\n|turn|4\n|inactive|Warity has 30 seconds left.\n|\n|t:|1682979703\n|switch|p2b: Flutter Mane|Flutter Mane, L50|100\/100\n|-enditem|p2b: Flutter Mane|Booster Energy\n|-activate|p2b: Flutter Mane|ability: Protosynthesis|[fromitem]\n|-start|p2b: Flutter Mane|protosynthesisspa\n|move|p1b: Copperajah|Rock Slide|p2a: Dragonite|[spread] p2a,p2b\n|-supereffective|p2a: Dragonite\n|-damage|p2a: Dragonite|47\/100\n|-damage|p2b: Flutter Mane|16\/100\n|move|p1a: Bruxish|Psychic Fangs|p2b: Flutter Mane\n|-damage|p2b: Flutter Mane|0 fnt\n|faint|p2b: Flutter Mane\n|-end|p2b: Flutter Mane|Protosynthesis|[silent]\n|move|p2a: Dragonite|Tera Blast|p1a: Bruxish\n|-damage|p1a: Bruxish|9\/100\n|\n|upkeep\n|\n|t:|1682979716\n|switch|p2b: Annihilape|Annihilape, L50, M|100\/100\n|turn|5\n|\n|t:|1682979732\n|move|p2a: Dragonite|Protect|p2a: Dragonite\n|-singleturn|p2a: Dragonite|Protect\n|move|p1b: Copperajah|Curse|p1b: Copperajah\n|-unboost|p1b: Copperajah|spe|1\n|-boost|p1b: Copperajah|atk|1\n|-boost|p1b: Copperajah|def|1\n|move|p1a: Bruxish|Psychic Fangs|p2b: Annihilape\n|-supereffective|p2b: Annihilape\n|-damage|p2b: Annihilape|23\/100\n|move|p2b: Annihilape|Bulk Up|p2b: Annihilape\n|-boost|p2b: Annihilape|atk|1\n|-boost|p2b: Annihilape|def|1\n|\n|-heal|p2b: Annihilape|29\/100|[from] item: Leftovers\n|-fieldend|move: Trick Room\n|upkeep\n|turn|6\n|\n|t:|1682979754\n|move|p1a: Bruxish|Protect|p1a: Bruxish\n|-singleturn|p1a: Bruxish|Protect\n|move|p2a: Dragonite|Extreme Speed||[still]\n|cant|p1a: Bruxish|ability: Dazzling|Extreme Speed|[of] p2a: Dragonite\n|move|p2b: Annihilape|Drain Punch|p1b: Copperajah\n|-supereffective|p1b: Copperajah\n|-damage|p1b: Copperajah|52\/100\n|-heal|p2b: Annihilape|55\/100|[from] drain|[of] p1b: Copperajah\n|move|p1b: Copperajah|Rock Slide|p2a: Dragonite|[spread] p2a,p2b\n|-supereffective|p2a: Dragonite\n|-resisted|p2b: Annihilape\n|-damage|p2a: Dragonite|0 fnt\n|-damage|p2b: Annihilape|36\/100\n|faint|p2a: Dragonite\n|\n|-heal|p2b: Annihilape|42\/100|[from] item: Leftovers\n|upkeep\n|turn|7\n|\n|t:|1682979775\n|-terastallize|p1b: Copperajah|Dragon\n|move|p2b: Annihilape|Drain Punch|p1b: Copperajah\n|-damage|p1b: Copperajah|25\/100\n|-heal|p2b: Annihilape|57\/100|[from] drain|[of] p1b: Copperajah\n|move|p1a: Bruxish|Psychic Fangs|p2b: Annihilape\n|-supereffective|p2b: Annihilape\n|-damage|p2b: Annihilape|12\/100\n|move|p1b: Copperajah|Zen Headbutt|p2b: Annihilape\n|-supereffective|p2b: Annihilape\n|-damage|p2b: Annihilape|0 fnt\n|faint|p2b: Annihilape\n|\n|win|Felipe.Miller.V\n|raw|Felipe.Miller.V's rating: 1314 → 1334<\/strong> (+20 for winning)\n|raw|Warity's rating: 1306 → 1286<\/strong> (-20 for losing)\n|l|\u2606Warity\n","uploadtime":1682979789,"views":17,"p1id":"felipemillerv","p2id":"warity","formatid":"gen9vgc2023regulationc","rating":1286,"private":0,"password":""}