{"id":"gen9vgc2023regulationc-1860689996","p1":"RandomDuVGCFR","p2":"plougonvelen","format":"[Gen 9] VGC 2023 Regulation C","log":"|j|\u2606RandomDuVGCFR\n|j|\u2606plougonvelen\n|t:|1683666566\n|gametype|doubles\n|player|p1|RandomDuVGCFR|266|\n|player|p2|plougonvelen|ltsurge-gen1rb|\n|teamsize|p1|6\n|teamsize|p2|6\n|gen|9\n|tier|[Gen 9] VGC 2023 Regulation C\n|rule|Species Clause: Limit one of each Pok\u00e9mon\n|rule|Item Clause: Limit one of each item\n|clearpoke\n|poke|p1|Pelipper, L50, F|\n|poke|p1|Gastrodon, L50, M|\n|poke|p1|Arcanine, L50, M|\n|poke|p1|Iron Hands, L50|\n|poke|p1|Amoonguss, L50, M|\n|poke|p1|Dragapult, L50, F|\n|poke|p2|Coalossal, L50, M|\n|poke|p2|Bruxish, L50, F|\n|poke|p2|Dondozo, L50, F|\n|poke|p2|Tatsugiri, L50, M|\n|poke|p2|Dachsbun, L50, M|\n|poke|p2|Chi-Yu, L50|\n|teampreview|4\n|n|\u2606plougonvelen|plougonvelen\n|c|\u2606RandomDuVGCFR|G1\n|c|\u2606plougonvelen|g1\nRandomDuVGCFR has agreed to open team sheets.\nplougonvelen has agreed to open team sheets.\n|c|\u2606RandomDuVGCFR|Tu veux vrm link \u00e7a ?\n|j| Brayz\n|j| Masskeauuu\n|c|\u2606plougonvelen|Bah oui mdr\n|c|\u2606plougonvelen|T'as pas voulu metronome battle tant pis\n|j|+Tuthur\n|j| sirwings\n|j| Herv ZTH\n|j| Raclette Gelbel\n|j| AzZoCcX\n|j| wertsd26\n|c|\u2606plougonvelen|gl hf\n|j| Acura RL\n|j| Eascen\n|l| AzZoCcX\n|j| zoyotte\n|j| Micciu\n|c|\u2606RandomDuVGCFR|Orh je t'ai dis viens jouer normal j'ai pas dis ram\u00e8ne bruxish\n|j| Hyss\n|j| AzZoCcX\n|j| fildrong\n|j| xKSr\n|l| wertsd26\n|j| wertsd26\n|c|\u2606plougonvelen|J'ai jamais dit oui mdr\n|c| Herv ZTH|hera tu vas \u00e0 turin ?\n|l| Hyss\n|c|\u2606RandomDuVGCFR|J'ai pris le ticket pour Turin\n|j| abbehzt\n|c|\u2606RandomDuVGCFR|Apr\u00e8s est ce que j'y vais\n|c|\u2606RandomDuVGCFR|Bonne question\n|c| Herv ZTH|Ptn jai signup en retard\n|c| fildrong|jolies teams\n|j| Rarelyme\n|l| abbehzt\n|c|\u2606RandomDuVGCFR|Y a une vague pour demain Herv\n|c| Herv ZTH|Jure ql heures\n|c| Herv ZTH|Stp\n|c|\u2606RandomDuVGCFR|Tu as le temps\n|c|\u2606RandomDuVGCFR|19h\n|c|\u2606RandomDuVGCFR|Je crois\n|c| Herv ZTH|Ty\n|j| UULT21z Mimil\n|\n|t:|1683666839\n|start\n|switch|p1a: Dragapult|Dragapult, L50, F|100\/100\n|switch|p1b: Gastrodon|Gastrodon, L50, M|100\/100\n|switch|p2a: Plouzan\u00e9|Coalossal, L50, M|100\/100\n|switch|p2b: Plouarzel|Chi-Yu, L50|100\/100\n|-ability|p2b: Plouarzel|Beads of Ruin\n|turn|1\n|c|\u2606RandomDuVGCFR|Renseigne toi quand m\u00eame\n|c| Herv ZTH|La france q besoin d'un michaelderbeste\n|\n|t:|1683666867\n|-terastallize|p2a: Plouzan\u00e9|Grass\n|move|p1b: Gastrodon|Protect|p1b: Gastrodon\n|-singleturn|p1b: Gastrodon|Protect\n|move|p2b: Plouarzel|Dark Pulse|p1a: Dragapult\n|-supereffective|p1a: Dragapult\n|-enditem|p1a: Dragapult|Focus Sash\n|-damage|p1a: Dragapult|1\/100\n|move|p1a: Dragapult|Light Screen|p1a: Dragapult\n|-sidestart|p1: RandomDuVGCFR|move: Light Screen\n|move|p2a: Plouzan\u00e9|Tera Blast|p1b: Gastrodon\n|-activate|p1b: Gastrodon|move: Protect\n|\n|upkeep\n|turn|2\n|j| God died tonight\n|j| Zenadark\n|\n|t:|1683666894\n|switch|p1b: Iron Hands|Iron Hands, L50|100\/100\n|move|p2b: Plouarzel|Dark Pulse|p1b: Iron Hands\n|-resisted|p1b: Iron Hands\n|-damage|p1b: Iron Hands|90\/100\n|move|p1a: Dragapult|Reflect|p1a: Dragapult\n|-sidestart|p1: RandomDuVGCFR|Reflect\n|move|p2a: Plouzan\u00e9|Heat Wave|p1b: Iron Hands|[spread] \n|-miss|p2a: Plouzan\u00e9|p1a: Dragapult\n|-miss|p2a: Plouzan\u00e9|p1b: Iron Hands\n|\n|upkeep\n|turn|3\n|j| NUAF Fath\n|c| fildrong|bien \u00e9lev\u00e9 les pok\u00e9\n|\n|t:|1683666918\n|switch|p2b: Plougastel|Bruxish, L50, F|100\/100\n|switch|p1a: Gastrodon|Gastrodon, L50, M|100\/100\n|move|p2a: Plouzan\u00e9|Protect|p2a: Plouzan\u00e9\n|-singleturn|p2a: Plouzan\u00e9|Protect\n|move|p1b: Iron Hands|Drain Punch|p2b: Plougastel\n|-resisted|p2b: Plougastel\n|-damage|p2b: Plougastel|71\/100\n|-heal|p1b: Iron Hands|100\/100|[from] drain|[of] p2b: Plougastel\n|-enditem|p2b: Plougastel|Eject Button\n|\n|t:|1683666932\n|switch|p2b: Plouescat|Dachsbun, L50, M|100\/100\n|\n|upkeep\n|turn|4\n|c| fildrong|go la bretagne\n|c| fildrong|lannion en force\n|\n|t:|1683666968\n|switch|p2b: Plougastel|Bruxish, L50, F|71\/100\n|-terastallize|p1a: Gastrodon|Steel\n|move|p2a: Plouzan\u00e9|Tera Blast|p1a: Gastrodon\n|-resisted|p1a: Gastrodon\n|-damage|p1a: Gastrodon|89\/100\n|move|p1b: Iron Hands|Volt Switch|p2a: Plouzan\u00e9\n|-resisted|p2a: Plouzan\u00e9\n|-damage|p2a: Plouzan\u00e9|94\/100\n|c|\u2606RandomDuVGCFR|C'est vraiment un match qui ressemble a rien\n|\n|t:|1683666982\n|-end|p1b: Iron Hands|Quark Drive|[silent]\n|switch|p1b: Dragapult|Dragapult, L50, F|1\/100|[from] Volt Switch\n|move|p1a: Gastrodon|Ice Beam|p2a: Plouzan\u00e9\n|-supereffective|p2a: Plouzan\u00e9\n|-damage|p2a: Plouzan\u00e9|51\/100\n|-status|p2a: Plouzan\u00e9|frz\n|\n|upkeep\n|turn|5\n|l| AzZoCcX\n|j| DLTME Nephtyrix\n|c|\u2606plougonvelen|Fallait metronome battle frr\n|l| Eascen\n|\n|t:|1683667011\n|move|p1b: Dragapult|Draco Meteor|p2a: Plouzan\u00e9\n|-damage|p2a: Plouzan\u00e9|0 fnt\n|-unboost|p1b: Dragapult|spa|2\n|faint|p2a: Plouzan\u00e9\n|move|p2b: Plougastel|Psychic Fangs|p1b: Dragapult\n|-sideend|p1: RandomDuVGCFR|Reflect\n|-sideend|p1: RandomDuVGCFR|move: Light Screen\n|-damage|p1b: Dragapult|0 fnt\n|faint|p1b: Dragapult\n|move|p1a: Gastrodon|Ice Beam|p2b: Plougastel\n|-resisted|p2b: Plougastel\n|-damage|p2b: Plougastel|57\/100\n|-status|p2b: Plougastel|frz\n|\n|upkeep\n|c| fildrong|lol\n|c|\u2606RandomDuVGCFR|Bwhahaah\n|c| UULT21z Mimil|bien jou\u00e9\n|\n|t:|1683667034\n|switch|p1b: Iron Hands|Iron Hands, L50|100\/100\n|switch|p2a: Plouarzel|Chi-Yu, L50|100\/100\n|-ability|p2a: Plouarzel|Beads of Ruin\n|turn|6\n|\n|t:|1683667046\n|switch|p2b: Plouescat|Dachsbun, L50, M|100\/100\n|move|p1b: Iron Hands|Fake Out|p2a: Plouarzel\n|-damage|p2a: Plouarzel|72\/100\n|cant|p2a: Plouarzel|flinch\n|move|p1a: Gastrodon|Earth Power|p2a: Plouarzel\n|-supereffective|p2a: Plouarzel\n|-damage|p2a: Plouarzel|0 fnt\n|faint|p2a: Plouarzel\n|\n|upkeep\n|\n|t:|1683667056\n|switch|p2a: Plougastel|Bruxish, L50, F|57\/100 frz\n|turn|7\n|\n|t:|1683667074\n|switch|p1a: Amoonguss|Amoonguss, L50, M|100\/100\n|cant|p2a: Plougastel|frz\n|move|p2b: Plouescat|Body Press|p1a: Amoonguss\n|-resisted|p1a: Amoonguss\n|-damage|p1a: Amoonguss|92\/100\n|-damage|p2b: Plouescat|84\/100|[from] item: Rocky Helmet|[of] p1a: Amoonguss\n|move|p1b: Iron Hands|Wild Charge|p2a: Plougastel\n|-supereffective|p2a: Plougastel\n|-crit|p2a: Plougastel\n|-damage|p2a: Plougastel|0 fnt\n|faint|p2a: Plougastel\n|-damage|p1b: Iron Hands|90\/100|[from] Recoil\n|\n|upkeep\n|turn|8\n|\n|t:|1683667087\n|move|p2b: Plouescat|Body Press|p1b: Iron Hands\n|-damage|p1b: Iron Hands|73\/100\n|move|p1b: Iron Hands|Volt Switch|p2b: Plouescat\n|-damage|p2b: Plouescat|77\/100\n|c| fildrong|belle victoire tr\u00e8s clean\n|\n|t:|1683667092\n|-end|p1b: Iron Hands|Quark Drive|[silent]\n|switch|p1b: Gastrodon|Gastrodon, L50, M, tera:Steel|89\/100|[from] Volt Switch\n|move|p1a: Amoonguss|Spore|p2b: Plouescat\n|-status|p2b: Plouescat|slp|[from] move: Spore\n|\n|upkeep\n|turn|9\n|\n|t:|1683667099\n|cant|p2b: Plouescat|slp\n|move|p1b: Gastrodon|Earth Power|p2b: Plouescat\n|-damage|p2b: Plouescat|55\/100 slp\n|move|p1a: Amoonguss|Pollen Puff|p1b: Gastrodon\n|-heal|p1b: Gastrodon|100\/100\n|\n|upkeep\n|turn|10\n|j| DonSalvatore\n|\n|t:|1683667109\n|-curestatus|p2b: Plouescat|slp|[msg]\n|move|p2b: Plouescat|Body Press|p1b: Gastrodon\n|-supereffective|p1b: Gastrodon\n|-damage|p1b: Gastrodon|57\/100\n|move|p1b: Gastrodon|Earth Power|p2b: Plouescat\n|-damage|p2b: Plouescat|34\/100\n|move|p1a: Amoonguss|Clear Smog|p2b: Plouescat\n|-supereffective|p2b: Plouescat\n|-damage|p2b: Plouescat|16\/100\n|-clearboost|p2b: Plouescat\n|\n|upkeep\n|turn|11\n|\n|t:|1683667120\n|move|p1b: Gastrodon|Protect|p1b: Gastrodon\n|-singleturn|p1b: Gastrodon|Protect\n|move|p2b: Plouescat|Body Press|p1b: Gastrodon\n|-activate|p1b: Gastrodon|move: Protect\n|move|p1a: Amoonguss|Clear Smog|p2b: Plouescat\n|-supereffective|p2b: Plouescat\n|-damage|p2b: Plouescat|0 fnt\n|-clearboost|p2b: Plouescat\n|faint|p2b: Plouescat\n|\n|win|RandomDuVGCFR\n|l| wertsd26\n|c|\u2606plougonvelen|gg\n|c|\u2606RandomDuVGCFR|GG\n|l| fildrong\n|l| Masskeauuu\n|l| Raclette Gelbel\n|l| Acura RL\n|l| zoyotte\n|l| UULT21z Mimil\n|l| DLTME Nephtyrix\n|l| Rarelyme\n|j| 1vltvu lemonstre1\n|l| 1vltvu lemonstre1\n|l| Brayz\n|l|+Tuthur\n|j| CaoJie\n|l| CaoJie\n|l| Micciu\n|j| 1vltvu lemonstre1\n|l| xKSr\n|l| 1vltvu lemonstre1\n|l| sirwings\n|l|\u2606plougonvelen\n|l| DonSalvatore\n","uploadtime":1683667135,"views":25,"p1id":"randomduvgcfr","p2id":"plougonvelen","formatid":"gen9vgc2023regulationc","rating":0,"private":0,"password":""}