{"id":"gen9vgc2023regulationc-1860667978","p1":"WillieDangerously","p2":"TestBrouda123","format":"[Gen 9] VGC 2023 Regulation C","log":"|j|\u2606WillieDangerously\n|j|\u2606TestBrouda123\n|t:|1683664292\n|gametype|doubles\n|player|p1|WillieDangerously|psychic-gen4|1214\n|player|p2|TestBrouda123|collector|1209\n|teamsize|p1|6\n|teamsize|p2|6\n|gen|9\n|tier|[Gen 9] VGC 2023 Regulation C\n|rated|\n|rule|Species Clause: Limit one of each Pok\u00e9mon\n|rule|Item Clause: Limit one of each item\n|clearpoke\n|poke|p1|Gholdengo, L50|\n|poke|p1|Wo-Chien, L50|\n|poke|p1|Iron Bundle, L50|\n|poke|p1|Dragapult, L50, M|\n|poke|p1|Hippowdon, L50, F|\n|poke|p1|Glimmora, L50, F|\n|poke|p2|Torkoal, L50, M|\n|poke|p2|Lilligant, L50, F|\n|poke|p2|Flutter Mane, L50|\n|poke|p2|Dragonite, L50, F|\n|poke|p2|Chien-Pao, L50|\n|poke|p2|Ting-Lu, L50|\n|teampreview|4\n|inactive|Battle timer is ON: inactive players will automatically lose when time's up. (requested by TestBrouda123)\nTestBrouda123 has agreed to open team sheets.\n|\n|t:|1683664326\n|start\n|switch|p1a: Gholdengo|Gholdengo, L50|100\/100\n|switch|p1b: Glimmora|Glimmora, L50, F|100\/100\n|switch|p2a: Torkoal|Torkoal, L50, M|100\/100\n|switch|p2b: Lilligant|Lilligant, L50, F|100\/100\n|-weather|SunnyDay|[from] ability: Drought|[of] p2a: Torkoal\n|turn|1\n|inactive|WillieDangerously has 30 seconds left.\n|\n|t:|1683664356\n|switch|p1b: Hippowdon|Hippowdon, L50, F|100\/100\n|-weather|Sandstorm|[from] ability: Sand Stream|[of] p1b: Hippowdon\n|-terastallize|p1a: Gholdengo|Water\n|move|p2a: Torkoal|Protect|p2a: Torkoal\n|-singleturn|p2a: Torkoal|Protect\n|move|p2b: Lilligant|Sleep Powder|p1b: Hippowdon\n|-status|p1b: Hippowdon|slp|[from] move: Sleep Powder\n|move|p1a: Gholdengo|Nasty Plot|p1a: Gholdengo\n|-boost|p1a: Gholdengo|spa|2\n|\n|-weather|Sandstorm|[upkeep]\n|-damage|p2b: Lilligant|94\/100|[from] Sandstorm\n|-damage|p1a: Gholdengo|95\/100|[from] Sandstorm\n|-damage|p2a: Torkoal|94\/100|[from] Sandstorm\n|upkeep\n|turn|2\n|inactive|WillieDangerously has 30 seconds left.\n|\n|t:|1683664390\n|switch|p2a: Ting-Lu|Ting-Lu, L50|100\/100\n|-ability|p2a: Ting-Lu|Vessel of Ruin\n|move|p2b: Lilligant|Protect|p2b: Lilligant\n|-singleturn|p2b: Lilligant|Protect\n|move|p1a: Gholdengo|Shadow Ball|p2a: Ting-Lu\n|-resisted|p2a: Ting-Lu\n|-damage|p2a: Ting-Lu|82\/100\n|cant|p1b: Hippowdon|slp\n|\n|-weather|Sandstorm|[upkeep]\n|-damage|p2b: Lilligant|88\/100|[from] Sandstorm\n|-damage|p1a: Gholdengo|89\/100|[from] Sandstorm\n|-heal|p2a: Ting-Lu|88\/100|[from] item: Leftovers\n|upkeep\n|turn|3\n|\n|t:|1683664409\n|switch|p1b: Glimmora|Glimmora, L50, F|100\/100\n|move|p1a: Gholdengo|Protect|p1a: Gholdengo\n|-singleturn|p1a: Gholdengo|Protect\n|move|p2b: Lilligant|Leaf Storm|p1b: Glimmora\n|-damage|p1b: Glimmora|78\/100\n|-unboost|p2b: Lilligant|spa|2\n|move|p2a: Ting-Lu|Fissure|p1a: Gholdengo\n|-activate|p1a: Gholdengo|move: Protect\n|\n|-weather|Sandstorm|[upkeep]\n|-damage|p2b: Lilligant|82\/100|[from] Sandstorm\n|-damage|p1a: Gholdengo|83\/100|[from] Sandstorm\n|-heal|p2a: Ting-Lu|94\/100|[from] item: Leftovers\n|upkeep\n|turn|4\n|inactive|WillieDangerously has 30 seconds left.\n|\n|t:|1683664441\n|move|p2b: Lilligant|Leaf Storm|p1b: Glimmora\n|-damage|p1b: Glimmora|68\/100\n|-unboost|p2b: Lilligant|spa|2\n|move|p1b: Glimmora|Mortal Spin|p2b: Lilligant|[spread] p2a,p2b\n|-resisted|p2a: Ting-Lu\n|-supereffective|p2b: Lilligant\n|-damage|p2a: Ting-Lu|93\/100\n|-damage|p2b: Lilligant|68\/100\n|-status|p2a: Ting-Lu|psn\n|-status|p2b: Lilligant|psn\n|move|p1a: Gholdengo|Make It Rain|p2b: Lilligant|[spread] p2a,p2b\n|-damage|p2a: Ting-Lu|52\/100 psn\n|-damage|p2b: Lilligant|0 fnt\n|-unboost|p1a: Gholdengo|spa|1\n|faint|p2b: Lilligant\n|move|p2a: Ting-Lu|Fissure|p1a: Gholdengo\n|-damage|p1a: Gholdengo|0 fnt\n|faint|p1a: Gholdengo\n|-ohko\n|\n|-weather|Sandstorm|[upkeep]\n|-heal|p2a: Ting-Lu|58\/100 psn|[from] item: Leftovers\n|-damage|p2a: Ting-Lu|46\/100 psn|[from] psn\n|upkeep\n|\n|t:|1683664465\n|switch|p2b: Torkoal|Torkoal, L50, M|94\/100\n|switch|p1a: Iron Bundle|Iron Bundle, L50|100\/100\n|-weather|SunnyDay|[from] ability: Drought|[of] p2b: Torkoal\n|-enditem|p1a: Iron Bundle|Booster Energy\n|-activate|p1a: Iron Bundle|ability: Quark Drive|[fromitem]\n|-start|p1a: Iron Bundle|quarkdrivespe\n|turn|5\n|inactive|WillieDangerously has 30 seconds left.\n|\n|t:|1683664496\n|move|p1a: Iron Bundle|Protect|p1a: Iron Bundle\n|-singleturn|p1a: Iron Bundle|Protect\n|move|p1b: Glimmora|Power Gem|p2b: Torkoal\n|-supereffective|p2b: Torkoal\n|-damage|p2b: Torkoal|30\/100\n|move|p2a: Ting-Lu|Fissure|p1a: Iron Bundle\n|-activate|p1a: Iron Bundle|move: Protect\n|move|p2b: Torkoal|Earth Power|p1b: Glimmora\n|-supereffective|p1b: Glimmora\n|-damage|p1b: Glimmora|13\/100\n|\n|-weather|SunnyDay|[upkeep]\n|-heal|p2a: Ting-Lu|52\/100 psn|[from] item: Leftovers\n|-damage|p2a: Ting-Lu|39\/100 psn|[from] psn\n|upkeep\n|turn|6\n|inactive|WillieDangerously has 30 seconds left.\n|inactive|WillieDangerously has 20 seconds left.\n|\n|t:|1683664532\n|move|p2b: Torkoal|Protect|p2b: Torkoal\n|-singleturn|p2b: Torkoal|Protect\n|move|p1a: Iron Bundle|Freeze-Dry|p2a: Ting-Lu\n|-supereffective|p2a: Ting-Lu\n|-damage|p2a: Ting-Lu|9\/100 psn\n|move|p1b: Glimmora|Energy Ball|p2a: Ting-Lu\n|-supereffective|p2a: Ting-Lu\n|-damage|p2a: Ting-Lu|0 fnt\n|faint|p2a: Ting-Lu\n|\n|-weather|SunnyDay|[upkeep]\n|upkeep\n|\n|t:|1683664540\n|switch|p2a: Flutter Mane|Flutter Mane, L50|100\/100\n|-activate|p2a: Flutter Mane|ability: Protosynthesis\n|-start|p2a: Flutter Mane|protosynthesisspa\n|turn|7\n|\n|t:|1683664550\n|-terastallize|p2a: Flutter Mane|Fairy\n|move|p1a: Iron Bundle|Encore|p2b: Torkoal\n|-start|p2b: Torkoal|Encore\n|move|p2a: Flutter Mane|Dazzling Gleam|p1b: Glimmora|[spread] p1a,p1b\n|-resisted|p1b: Glimmora\n|-damage|p1a: Iron Bundle|0 fnt\n|-damage|p1b: Glimmora|0 fnt\n|faint|p1a: Iron Bundle\n|-end|p1a: Iron Bundle|Quark Drive|[silent]\n|faint|p1b: Glimmora\n|move|p2b: Torkoal|Protect||[still]\n|-fail|p2b: Torkoal\n|\n|-weather|SunnyDay|[upkeep]\n|upkeep\n|\n|t:|1683664559\n|switch|p1b: Hippowdon|Hippowdon, L50, F|100\/100 slp\n|-weather|Sandstorm|[from] ability: Sand Stream|[of] p1b: Hippowdon\n|-end|p2a: Flutter Mane|Protosynthesis\n|turn|8\n|\n|t:|1683664572\n|move|p2b: Torkoal|Protect|p2b: Torkoal\n|-singleturn|p2b: Torkoal|Protect\n|move|p2a: Flutter Mane|Dazzling Gleam|p1b: Hippowdon\n|-damage|p1b: Hippowdon|26\/100 slp\n|-curestatus|p1b: Hippowdon|slp|[msg]\n|move|p1b: Hippowdon|Yawn|p2a: Flutter Mane\n|-start|p2a: Flutter Mane|move: Yawn|[of] p1b: Hippowdon\n|\n|-weather|Sandstorm|[upkeep]\n|-damage|p2a: Flutter Mane|94\/100|[from] Sandstorm\n|-damage|p2b: Torkoal|24\/100|[from] Sandstorm\n|upkeep\n|turn|9\n|\n|t:|1683664593\n|move|p1b: Hippowdon|Protect|p1b: Hippowdon\n|-singleturn|p1b: Hippowdon|Protect\n|move|p2b: Torkoal|Protect||[still]\n|-fail|p2b: Torkoal\n|move|p2a: Flutter Mane|Dazzling Gleam|p1b: Hippowdon\n|-activate|p1b: Hippowdon|move: Protect\n|\n|-weather|Sandstorm|[upkeep]\n|-damage|p2a: Flutter Mane|88\/100|[from] Sandstorm\n|-damage|p2b: Torkoal|17\/100|[from] Sandstorm\n|-end|p2b: Torkoal|Encore\n|-end|p2a: Flutter Mane|move: Yawn|[silent]\n|-status|p2a: Flutter Mane|slp\n|upkeep\n|turn|10\n|\n|t:|1683664609\n|cant|p2a: Flutter Mane|slp\n|move|p1b: Hippowdon|Sand Tomb|p2b: Torkoal\n|-supereffective|p2b: Torkoal\n|-damage|p2b: Torkoal|0 fnt\n|faint|p2b: Torkoal\n|\n|-weather|Sandstorm|[upkeep]\n|-damage|p2a: Flutter Mane|82\/100 slp|[from] Sandstorm\n|upkeep\n|turn|11\n|\n|t:|1683664615\n|cant|p2a: Flutter Mane|slp\n|move|p1b: Hippowdon|Sand Tomb|p2a: Flutter Mane\n|-damage|p2a: Flutter Mane|59\/100 slp\n|-activate|p2a: Flutter Mane|move: Sand Tomb|[of] p1b: Hippowdon\n|\n|-weather|Sandstorm|[upkeep]\n|-damage|p2a: Flutter Mane|53\/100 slp|[from] Sandstorm\n|-damage|p2a: Flutter Mane|41\/100 slp|[from] move: Sand Tomb|[partiallytrapped]\n|upkeep\n|turn|12\n|n|\u2606TestBrouda123|testbrouda123\n|inactive|WillieDangerously has 30 seconds left.\n|c|\u2606TestBrouda123|zzzzzzzzzz\n|\n|t:|1683664648\n|-curestatus|p2a: Flutter Mane|slp|[msg]\n|move|p2a: Flutter Mane|Dazzling Gleam|p1b: Hippowdon\n|-crit|p1b: Hippowdon\n|-damage|p1b: Hippowdon|0 fnt\n|faint|p1b: Hippowdon\n|\n|win|TestBrouda123\n|raw|WillieDangerously's rating: 1214 → 1189<\/strong> (-25 for losing)\n|raw|TestBrouda123's rating: 1209 → 1234<\/strong> (+25 for winning)\n","uploadtime":1683664651,"views":12,"p1id":"williedangerously","p2id":"testbrouda123","formatid":"gen9vgc2023regulationc","rating":1189,"private":0,"password":""}