{"id":"gen9vgc2023regulationc-1853499379","p1":"mafumafusimpsimp","p2":"krangune\u2764","format":"[Gen 9] VGC 2023 Regulation C","log":"|j|\u2606mafumafusimpsimp\n|j|\u2606krangune\u2764\n|t:|1682691126\n|gametype|doubles\n|player|p1|mafumafusimpsimp|crasherwake|\n|player|p2|krangune\u2764|elesa|\n|teamsize|p1|6\n|teamsize|p2|6\n|gen|9\n|tier|[Gen 9] VGC 2023 Regulation C\n|rated|Tournament battle\n|rule|Species Clause: Limit one of each Pok\u00e9mon\n|rule|Item Clause: Limit one of each item\n|clearpoke\n|poke|p1|Breloom, L50, F|\n|poke|p1|Chien-Pao, L50|\n|poke|p1|Flutter Mane, L50|\n|poke|p1|Kingambit, L50, M|\n|poke|p1|Iron Hands, L50|\n|poke|p1|Iron Bundle, L50|\n|poke|p2|Chi-Yu, L50|\n|poke|p2|Coalossal, L50, F|\n|poke|p2|Gastrodon, L50, M|\n|poke|p2|Flutter Mane, L50|\n|poke|p2|Torkoal, L50, F|\n|poke|p2|Lilligant, L50, F|\n|teampreview|4\n|c|\u2606krangune\u2764|glhf\n|j| Draxolotl\n|l| Draxolotl\n|j| regidrago=crab\n|c|\u2606mafumafusimpsimp|glhf\n|c|\u2606mafumafusimpsimp|or sle\n|c|\u2606mafumafusimpsimp|else\n|c|\u2606mafumafusimpsimp|i tried\n|c|\u2606krangune\u2764|sle\n|j| XD VIRGO\n|j| Draxolotl\n|j| StarX99\n|c|\u2606mafumafusimpsimp|act like i got it right he first time\n|c| Draxolotl|whats the item on that hands lol\n|c|\u2606krangune\u2764|who says you didnt\n|c|\u2606mafumafusimpsimp|its more intimidating that way\n|c|\u2606mafumafusimpsimp|drax ill dm you it\n|j| jotapeloafrutado\n|c| Draxolotl|thx\n|\n|t:|1682691218\n|start\n|switch|p1a: Breloom|Breloom, L50, F|100\/100\n|switch|p1b: Iron Hands|Iron Hands, L50|100\/100\n|switch|p2a: Chi-Yu|Chi-Yu, L50|100\/100\n|switch|p2b: Coalossal|Coalossal, L50, F|100\/100\n|-ability|p2a: Chi-Yu|Beads of Ruin\n|turn|1\n|\n|t:|1682691261\n|switch|p2a: Flutter Mane|Flutter Mane, L50|100\/100\n|-terastallize|p1b: Iron Hands|Fire\n|move|p1a: Breloom|Mach Punch|p2a: Flutter Mane\n|-immune|p2a: Flutter Mane\n|move|p2b: Coalossal|Will-O-Wisp|p1b: Iron Hands\n|-immune|p1b: Iron Hands\n|move|p1b: Iron Hands|Drain Punch|p2b: Coalossal\n|-supereffective|p2b: Coalossal\n|-damage|p2b: Coalossal|28\/100\n|\n|upkeep\n|turn|2\n|c| regidrago=crab|bing plays all around\n|c|\u2606mafumafusimpsimp|bing chilling plays\n|j| godlydefeater\n|\n|t:|1682691321\n|move|p1b: Iron Hands|Protect|p1b: Iron Hands\n|-singleturn|p1b: Iron Hands|Protect\n|move|p2a: Flutter Mane|Dazzling Gleam|p1a: Breloom|[spread] p1a\n|-activate|p1b: Iron Hands|move: Protect\n|-supereffective|p1a: Breloom\n|-enditem|p1a: Breloom|Focus Sash\n|-damage|p1a: Breloom|1\/100\n|move|p1a: Breloom|Spore|p2a: Flutter Mane\n|-status|p2a: Flutter Mane|slp|[from] move: Spore\n|move|p2b: Coalossal|Power Gem|p1b: Iron Hands\n|-activate|p1b: Iron Hands|move: Protect\n|\n|upkeep\n|turn|3\n|j| Pog Johnson\n|\n|t:|1682691355\n|switch|p2b: Gastrodon|Gastrodon, L50, M|100\/100\n|move|p1a: Breloom|Mach Punch|p2b: Gastrodon\n|-damage|p2b: Gastrodon|64\/100\n|cant|p2a: Flutter Mane|slp\n|move|p1b: Iron Hands|Swords Dance|p1b: Iron Hands\n|-boost|p1b: Iron Hands|atk|2\n|\n|-heal|p2b: Gastrodon|70\/100|[from] item: Leftovers\n|upkeep\n|turn|4\n|l| Pog Johnson\n|\n|t:|1682691383\n|move|p2b: Gastrodon|Protect|p2b: Gastrodon\n|-singleturn|p2b: Gastrodon|Protect\n|-curestatus|p2a: Flutter Mane|slp|[msg]\n|move|p2a: Flutter Mane|Dazzling Gleam|p1b: Iron Hands|[spread] p1a,p1b\n|-supereffective|p1a: Breloom\n|-resisted|p1b: Iron Hands\n|-damage|p1a: Breloom|0 fnt\n|-damage|p1b: Iron Hands|82\/100\n|faint|p1a: Breloom\n|move|p1b: Iron Hands|Thunder Punch|p2a: Flutter Mane\n|-damage|p2a: Flutter Mane|0 fnt\n|faint|p2a: Flutter Mane\n|-end|p2a: Flutter Mane|Protosynthesis|[silent]\n|\n|-heal|p2b: Gastrodon|76\/100|[from] item: Leftovers\n|upkeep\n|j| kiyonamivgc\n|\n|t:|1682691396\n|switch|p2a: Chi-Yu|Chi-Yu, L50|100\/100\n|switch|p1a: Chien-Pao|Chien-Pao, L50|100\/100\n|-ability|p2a: Chi-Yu|Beads of Ruin\n|-ability|p1a: Chien-Pao|Sword of Ruin\n|turn|5\n|\n|t:|1682691430\n|-terastallize|p2b: Gastrodon|Fire\n|move|p1a: Chien-Pao|Protect|p1a: Chien-Pao\n|-singleturn|p1a: Chien-Pao|Protect\n|move|p2a: Chi-Yu|Heat Wave|p1a: Chien-Pao|[spread] p1b\n|-activate|p1a: Chien-Pao|move: Protect\n|-resisted|p1b: Iron Hands\n|-damage|p1b: Iron Hands|61\/100\n|move|p1b: Iron Hands|Drain Punch|p2a: Chi-Yu\n|-supereffective|p2a: Chi-Yu\n|-damage|p2a: Chi-Yu|0 fnt\n|-heal|p1b: Iron Hands|90\/100|[from] drain|[of] p2a: Chi-Yu\n|faint|p2a: Chi-Yu\n|move|p2b: Gastrodon|Muddy Water|p1a: Chien-Pao|[spread] p1b\n|-activate|p1a: Chien-Pao|move: Protect\n|-supereffective|p1b: Iron Hands\n|-damage|p1b: Iron Hands|43\/100\n|\n|-heal|p2b: Gastrodon|82\/100|[from] item: Leftovers\n|upkeep\n|\n|t:|1682691447\n|switch|p2a: Coalossal|Coalossal, L50, F|28\/100\n|turn|6\n|c|\u2606krangune\u2764|gg\n|c|\u2606mafumafusimpsimp|dont say gg yet\n|c|\u2606mafumafusimpsimp|i can still throw\n|c|\u2606mafumafusimpsimp|just watch\n|\n|t:|1682691468\n|move|p1a: Chien-Pao|Sacred Sword|p2a: Coalossal\n|-supereffective|p2a: Coalossal\n|-damage|p2a: Coalossal|0 fnt\n|faint|p2a: Coalossal\n|-damage|p1a: Chien-Pao|91\/100|[from] item: Life Orb\n|move|p1b: Iron Hands|Drain Punch|p2b: Gastrodon\n|-damage|p2b: Gastrodon|0 fnt\n|-heal|p1b: Iron Hands|76\/100|[from] drain|[of] p2b: Gastrodon\n|faint|p2b: Gastrodon\n|\n|win|mafumafusimpsimp\n|n|\u2606mafumafusimpsimp|mafumafusimpsimp\n|n|\u2606krangune\u2764|krangune\n|n| regidrago=crab|regidragocrab\n|n| XD VIRGO|xdvirgo\n|n| Draxolotl|draxolotl\n|n| StarX99|starx99\n|n| jotapeloafrutado|jotapeloafrutado\n|n| godlydefeater|godlydefeater\n|n| kiyonamivgc|kiyonamivgc\n","uploadtime":1682691470,"views":10,"p1id":"mafumafusimpsimp","p2id":"krangune","formatid":"gen9vgc2023regulationc","rating":0,"private":0,"password":""}