{"id":"gen9vgc2023regulationc-1845993819","p1":"w11map","p2":"fo50","format":"[Gen 9] VGC 2023 Regulation C","log":"|j|\u2606w11map\n|j|\u2606fo50\n|t:|1681788547\n|gametype|doubles\n|player|p1|w11map|skyla|1032\n|player|p2|fo50|2|1141\n|teamsize|p1|6\n|teamsize|p2|6\n|gen|9\n|tier|[Gen 9] VGC 2023 Regulation C\n|rated|\n|rule|Species Clause: Limit one of each Pok\u00e9mon\n|rule|Item Clause: Limit one of each item\n|clearpoke\n|poke|p1|Muk, L50, F|\n|poke|p1|Sandaconda, L50, F|\n|poke|p1|Lurantis, L50, F|\n|poke|p1|Indeedee-F, L50, F|\n|poke|p1|Zoroark, L50, M|\n|poke|p1|Volcarona, L50, F|\n|poke|p2|Scovillain, L50, M|\n|poke|p2|Dragonite, L50, M|\n|poke|p2|Tinkaton, L50, F|\n|poke|p2|Garchomp, L50, F|\n|poke|p2|Torkoal, L50, M|\n|poke|p2|Scizor, L50, M|\n|teampreview|4\n|inactive|Battle timer is ON: inactive players will automatically lose when time's up. (requested by w11map)\n|inactive|w11map has 60 seconds left.\n|\n|t:|1681788588\n|start\n|switch|p1a: Lurantis|Lurantis, L50, F|100\/100\n|switch|p1b: Indeedee|Indeedee-F, L50, F|100\/100\n|switch|p2a: Scizor|Scizor, L50, M|100\/100\n|switch|p2b: Dragonite|Dragonite, L50, M|100\/100\n|-fieldstart|move: Psychic Terrain|[from] ability: Psychic Surge|[of] p1b: Indeedee\n|-enditem|p1b: Indeedee|Psychic Seed\n|-boost|p1b: Indeedee|spd|1|[from] item: Psychic Seed\n|turn|1\n|inactive|w11map has 30 seconds left.\n|inactive|fo50 has 30 seconds left.\n|\n|t:|1681788622\n|switch|p1a: Volcarona|Volcarona, L50, F|100\/100\n|move|p2b: Dragonite|Ice Spinner|p1a: Volcarona\n|-resisted|p1a: Volcarona\n|-damage|p1a: Volcarona|85\/100\n|-fieldend|move: Psychic Terrain\n|move|p2a: Scizor|Trailblaze|p1a: Volcarona\n|-resisted|p1a: Volcarona\n|-damage|p1a: Volcarona|77\/100\n|-boost|p2a: Scizor|spe|1\n|move|p1b: Indeedee|Trick Room|p1b: Indeedee\n|-fieldstart|move: Trick Room|[of] p1b: Indeedee\n|\n|upkeep\n|turn|2\n|inactive|fo50 has 30 seconds left.\n|\n|t:|1681788648\n|-terastallize|p2a: Scizor|Flying\n|move|p1a: Volcarona|Rage Powder|p1a: Volcarona\n|-singleturn|p1a: Volcarona|move: Rage Powder\n|move|p1b: Indeedee|Psychic|p2b: Dragonite\n|-damage|p2b: Dragonite|85\/100\n|move|p2a: Scizor|Acrobatics|p1a: Volcarona\n|-supereffective|p1a: Volcarona\n|-damage|p1a: Volcarona|0 fnt\n|faint|p1a: Volcarona\n|move|p2b: Dragonite|Earthquake|p1b: Indeedee|[spread] p1b\n|-immune|p2a: Scizor\n|-damage|p1b: Indeedee|67\/100\n|\n|upkeep\n|\n|t:|1681788671\n|switch|p1a: Sandaconda|Sandaconda, L50, F|100\/100\n|turn|3\n|\n|t:|1681788690\n|move|p1a: Sandaconda|Coil|p1a: Sandaconda\n|-boost|p1a: Sandaconda|atk|1\n|-boost|p1a: Sandaconda|def|1\n|-boost|p1a: Sandaconda|accuracy|1\n|move|p1b: Indeedee|Psychic|p2a: Scizor\n|-damage|p2a: Scizor|57\/100\n|move|p2a: Scizor|Trailblaze|p1a: Sandaconda\n|-supereffective|p1a: Sandaconda\n|-damage|p1a: Sandaconda|75\/100\n|-boost|p2a: Scizor|spe|1\n|move|p2b: Dragonite|Ice Spinner|p1a: Sandaconda\n|-supereffective|p1a: Sandaconda\n|-damage|p1a: Sandaconda|46\/100\n|\n|upkeep\n|turn|4\n|\n|t:|1681788710\n|move|p2b: Dragonite|Extreme Speed|p1a: Sandaconda\n|-damage|p1a: Sandaconda|31\/100\n|move|p2a: Scizor|Bullet Punch|p1b: Indeedee\n|-damage|p1b: Indeedee|28\/100\n|move|p1a: Sandaconda|Minimize|p1a: Sandaconda\n|-boost|p1a: Sandaconda|evasion|2\n|move|p1b: Indeedee|Heal Pulse|p1a: Sandaconda\n|-heal|p1a: Sandaconda|81\/100\n|\n|upkeep\n|turn|5\n|inactive|w11map has 30 seconds left.\n|\n|t:|1681788737\n|move|p1a: Sandaconda|Stone Edge|p2a: Scizor\n|-supereffective|p2a: Scizor\n|-damage|p2a: Scizor|0 fnt\n|faint|p2a: Scizor\n|move|p1b: Indeedee|Psychic|p2b: Dragonite\n|-damage|p2b: Dragonite|52\/100\n|move|p2b: Dragonite|Earthquake|p1b: Indeedee|[spread] p1a,p1b\n|-damage|p1a: Sandaconda|66\/100\n|-damage|p1b: Indeedee|0 fnt\n|faint|p1b: Indeedee\n|\n|-fieldend|move: Trick Room\n|upkeep\n|\n|t:|1681788750\n|switch|p1b: Lurantis|Lurantis, L50, F|100\/100\n|switch|p2a: Tinkaton|Tinkaton, L50, F|100\/100\n|turn|6\n|inactive|w11map has 30 seconds left.\n|\n|t:|1681788782\n|-terastallize|p1b: Lurantis|Ghost\n|move|p2a: Tinkaton|Fake Out|p1a: Sandaconda\n|-damage|p1a: Sandaconda|62\/100\n|move|p2b: Dragonite|Fire Punch|p1b: Lurantis\n|-damage|p1b: Lurantis|71\/100\n|cant|p1a: Sandaconda|flinch\n|move|p1b: Lurantis|Leaf Storm|p2a: Tinkaton\n|-resisted|p2a: Tinkaton\n|-damage|p2a: Tinkaton|84\/100\n|-boost|p1b: Lurantis|spa|2\n|\n|-heal|p2a: Tinkaton|91\/100|[from] item: Leftovers\n|upkeep\n|turn|7\n|\n|t:|1681788806\n|move|p2b: Dragonite|Ice Spinner|p1a: Sandaconda\n|-supereffective|p1a: Sandaconda\n|-damage|p1a: Sandaconda|33\/100\n|move|p2a: Tinkaton|Knock Off|p1b: Lurantis\n|-supereffective|p1b: Lurantis\n|-damage|p1b: Lurantis|29\/100\n|-enditem|p1b: Lurantis|Assault Vest|[from] move: Knock Off|[of] p2a: Tinkaton\n|move|p1a: Sandaconda|Stone Edge|p2b: Dragonite\n|-supereffective|p2b: Dragonite\n|-damage|p2b: Dragonite|0 fnt\n|faint|p2b: Dragonite\n|move|p1b: Lurantis|Leaf Storm|p2a: Tinkaton\n|-resisted|p2a: Tinkaton\n|-damage|p2a: Tinkaton|61\/100\n|-boost|p1b: Lurantis|spa|2\n|\n|-heal|p2a: Tinkaton|67\/100|[from] item: Leftovers\n|upkeep\n|\n|t:|1681788824\n|switch|p2b: Garchomp|Garchomp, L50, F|100\/100\n|turn|8\n|\n|t:|1681788834\n|move|p2b: Garchomp|Liquidation|p1a: Sandaconda\n|-supereffective|p1a: Sandaconda\n|-damage|p1a: Sandaconda|0 fnt\n|faint|p1a: Sandaconda\n|move|p2a: Tinkaton|Knock Off|p1b: Lurantis\n|-supereffective|p1b: Lurantis\n|-damage|p1b: Lurantis|2\/100\n|move|p1b: Lurantis|Giga Drain|p2b: Garchomp\n|-damage|p2b: Garchomp|39\/100\n|-heal|p1b: Lurantis|34\/100|[from] drain|[of] p2b: Garchomp\n|\n|-heal|p2a: Tinkaton|73\/100|[from] item: Leftovers\n|upkeep\n|turn|9\n|inactive|fo50 has 30 seconds left.\n|\n|t:|1681788860\n|move|p2b: Garchomp|Liquidation|p1b: Lurantis\n|-damage|p1b: Lurantis|0 fnt\n|faint|p1b: Lurantis\n|\n|win|fo50\n|raw|w11map's rating: 1032 → 1022<\/strong> (-10 for losing)\n|raw|fo50's rating: 1141 → 1158<\/strong> (+17 for winning)\n|l|\u2606w11map\n","uploadtime":1681788867,"views":9,"p1id":"w11map","p2id":"fo50","formatid":"gen9vgc2023regulationc","rating":1022,"private":0,"password":""}