{"id":"gen9vgc2023regulationc-1855787218","p1":"steiner2","p2":"Funnyman Krebs","format":"[Gen 9] VGC 2023 Regulation C","log":"|j|\u2606steiner2\n|j|\u2606Funnyman Krebs\n|t:|1682984122\n|gametype|doubles\n|player|p1|steiner2|benga|1332\n|player|p2|Funnyman Krebs|wallace|1306\n|teamsize|p1|6\n|teamsize|p2|6\n|gen|9\n|tier|[Gen 9] VGC 2023 Regulation C\n|rated|\n|rule|Species Clause: Limit one of each Pok\u00e9mon\n|rule|Item Clause: Limit one of each item\n|clearpoke\n|poke|p1|Orthworm, L50, F|\n|poke|p1|Gyarados, L50, F|\n|poke|p1|Flutter Mane, L50|\n|poke|p1|Garchomp, L50, M|\n|poke|p1|Kingambit, L50, F|\n|poke|p1|Rotom-Heat, L50|\n|poke|p2|Glimmora, L50, M|\n|poke|p2|Iron Bundle, L50|\n|poke|p2|Chi-Yu, L50|\n|poke|p2|Dragonite, L50, M|\n|poke|p2|Tatsugiri-Stretchy, L50, M|\n|poke|p2|Dondozo, L50, F|\n|teampreview|4\nsteiner2 has agreed to open team sheets.\nFunnyman Krebs has agreed to open team sheets.\n|c|\u2606Funnyman Krebs|glhf!\n|inactive|Battle timer is ON: inactive players will automatically lose when time's up. (requested by Funnyman Krebs)\n|\n|t:|1682984182\n|start\n|switch|p1a: Rotom|Rotom-Heat, L50|100\/100\n|switch|p1b: Garchomp|Garchomp, L50, M|100\/100\n|switch|p2a: Iron Santa|Iron Bundle, L50, shiny|100\/100\n|switch|p2b: Smiles back|Chi-Yu, L50|100\/100\n|-ability|p2b: Smiles back|Beads of Ruin\n|-enditem|p2a: Iron Santa|Booster Energy\n|-activate|p2a: Iron Santa|ability: Quark Drive|[fromitem]\n|-start|p2a: Iron Santa|quarkdrivespe\n|turn|1\n|inactive|steiner2 has 30 seconds left.\n|inactive|Funnyman Krebs has 30 seconds left.\n|\n|t:|1682984213\n|move|p1b: Garchomp|Protect|p1b: Garchomp\n|-singleturn|p1b: Garchomp|Protect\n|move|p2a: Iron Santa|Hydro Pump|p1a: Rotom\n|-supereffective|p1a: Rotom\n|-damage|p1a: Rotom|0 fnt\n|faint|p1a: Rotom\n|move|p2b: Smiles back|Heat Wave|p1b: Garchomp\n|-activate|p1b: Garchomp|move: Protect\n|\n|upkeep\n|\n|t:|1682984228\n|switch|p1a: Kingambit|Kingambit, L50, F|100\/100\n|turn|2\n|\n|t:|1682984245\n|-terastallize|p1a: Kingambit|Flying\n|move|p2a: Iron Santa|Hydro Pump|p1b: Garchomp\n|-damage|p1b: Garchomp|20\/100\n|move|p1b: Garchomp|Earthquake|p2a: Iron Santa|[spread] p2a,p2b\n|-immune|p1a: Kingambit\n|-supereffective|p2b: Smiles back\n|-damage|p2a: Iron Santa|50\/100\n|-enditem|p2b: Smiles back|Focus Sash\n|-damage|p2b: Smiles back|1\/100\n|move|p2b: Smiles back|Heat Wave|p1a: Kingambit|[spread] p1a,p1b\n|-resisted|p1b: Garchomp\n|-damage|p1a: Kingambit|64\/100\n|-damage|p1b: Garchomp|0 fnt\n|faint|p1b: Garchomp\n|move|p1a: Kingambit|Tera Blast|p2a: Iron Santa\n|-damage|p2a: Iron Santa|0 fnt\n|faint|p2a: Iron Santa\n|-end|p2a: Iron Santa|Quark Drive|[silent]\n|\n|upkeep\n|\n|t:|1682984265\n|switch|p2a: Large Marge|Dondozo, L50, F|100\/100\n|switch|p1b: Flutter Mane|Flutter Mane, L50|100\/100\n|turn|3\n|inactive|Funnyman Krebs has 30 seconds left.\n|\n|t:|1682984297\n|move|p2a: Large Marge|Protect|p2a: Large Marge\n|-singleturn|p2a: Large Marge|Protect\n|move|p1b: Flutter Mane|Thunderbolt|p2a: Large Marge\n|-activate|p2a: Large Marge|move: Protect\n|move|p2b: Smiles back|Heat Wave|p1a: Kingambit|[spread] p1a,p1b\n|-damage|p1a: Kingambit|31\/100\n|-damage|p1b: Flutter Mane|48\/100\n|move|p1a: Kingambit|Tera Blast|p2a: Large Marge\n|-activate|p2a: Large Marge|move: Protect\n|\n|upkeep\n|turn|4\n|\n|t:|1682984321\n|switch|p2b: Pee Wee|Tatsugiri-Stretchy, L50, M|100\/100\n|-activate|p2b: Pee Wee|ability: Commander|[of] p2a: Large Marge\n|-boost|p2a: Large Marge|atk|2\n|-boost|p2a: Large Marge|spa|2\n|-boost|p2a: Large Marge|spe|2\n|-boost|p2a: Large Marge|def|2\n|-boost|p2a: Large Marge|spd|2\n|-terastallize|p2a: Large Marge|Grass\n|move|p1b: Flutter Mane|Thunderbolt|p2b: Pee Wee|[miss]\n|-miss|p1b: Flutter Mane|p2b: Pee Wee\n|move|p2a: Large Marge|Wave Crash|p1a: Kingambit\n|-damage|p1a: Kingambit|0 fnt\n|faint|p1a: Kingambit\n|-damage|p2a: Large Marge|92\/100|[from] Recoil\n|\n|-heal|p2a: Large Marge|98\/100|[from] item: Leftovers\n|upkeep\n|turn|5\n|c|\u2606Funnyman Krebs|gg\n|-message|steiner2 forfeited.\n|\n|win|Funnyman Krebs\n|raw|steiner2's rating: 1332 → 1311<\/strong> (-21 for losing)\n|raw|Funnyman Krebs's rating: 1306 → 1327<\/strong> (+21 for winning)\n|l|\u2606steiner2\n","uploadtime":1682984338,"views":18,"p1id":"steiner2","p2id":"funnymankrebs","formatid":"gen9vgc2023regulationc","rating":1311,"private":0,"password":""}