{"id":"gen9vgc2023regulationc-1846013721","p1":"awsea","p2":"Sk1tt3n","format":"[Gen 9] VGC 2023 Regulation C","log":"|j|\u2606awsea\n|j|\u2606Sk1tt3n\n|t:|1681791477\n|gametype|doubles\n|player|p1|awsea|1|1168\n|player|p2|Sk1tt3n|hexmaniac-gen6|1268\n|teamsize|p1|6\n|teamsize|p2|6\n|gen|9\n|tier|[Gen 9] VGC 2023 Regulation C\n|rated|\n|rule|Species Clause: Limit one of each Pok\u00e9mon\n|rule|Item Clause: Limit one of each item\n|clearpoke\n|poke|p1|Gothitelle, L50, F|\n|poke|p1|Torkoal, L50, F|\n|poke|p1|Lilligant, L50, F|\n|poke|p1|Brute Bonnet, L50|\n|poke|p1|Pincurchin, L50, F|\n|poke|p1|Iron Hands, L50|\n|poke|p2|Iron Hands, L50|\n|poke|p2|Bronzong, L50|\n|poke|p2|Arboliva, L50, F|\n|poke|p2|Farigiraf, L50, F|\n|poke|p2|Flutter Mane, L50|\n|poke|p2|Ting-Lu, L50|\n|teampreview|4\n|inactive|Battle timer is ON: inactive players will automatically lose when time's up. (requested by awsea)\n|inactive|awsea has 60 seconds left.\n|inactive|Sk1tt3n has 60 seconds left.\n|inactive|awsea has 30 seconds left.\n|inactive|Sk1tt3n has 30 seconds left.\n|\n|t:|1681791545\n|start\n|switch|p1a: Gothitelle|Gothitelle, L50, F|100\/100\n|switch|p1b: Brute Bonnet|Brute Bonnet, L50|100\/100\n|switch|p2a: Iron Hands|Iron Hands, L50|100\/100\n|switch|p2b: Bronzong|Bronzong, L50|100\/100\n|turn|1\n|\n|t:|1681791569\n|move|p1a: Gothitelle|Fake Out|p2a: Iron Hands\n|-damage|p2a: Iron Hands|97\/100\n|cant|p2a: Iron Hands|flinch\n|move|p1b: Brute Bonnet|Spore|p2b: Bronzong\n|-activate|p2b: Bronzong|item: Safety Goggles|Spore\n|move|p2b: Bronzong|Trick Room|p2b: Bronzong\n|-fieldstart|move: Trick Room|[of] p2b: Bronzong\n|\n|-heal|p2a: Iron Hands|100\/100|[from] item: Leftovers\n|upkeep\n|turn|2\n|\n|t:|1681791586\n|move|p2b: Bronzong|Safeguard|p2b: Bronzong\n|-sidestart|p2: Sk1tt3n|Safeguard\n|move|p1b: Brute Bonnet|Spore|p2a: Iron Hands\n|-activate|p2a: Iron Hands|move: Safeguard\n|move|p2a: Iron Hands|Swords Dance|p2a: Iron Hands\n|-boost|p2a: Iron Hands|atk|2\n|move|p1a: Gothitelle|Psyshock|p2a: Iron Hands\n|-supereffective|p2a: Iron Hands\n|-crit|p2a: Iron Hands\n|-damage|p2a: Iron Hands|43\/100\n|\n|-heal|p2a: Iron Hands|49\/100|[from] item: Leftovers\n|upkeep\n|turn|3\n|\n|t:|1681791605\n|move|p2b: Bronzong|Reflect|p2b: Bronzong\n|-sidestart|p2: Sk1tt3n|Reflect\n|move|p1b: Brute Bonnet|Crunch|p2b: Bronzong\n|-supereffective|p2b: Bronzong\n|-damage|p2b: Bronzong|31\/100\n|-damage|p1b: Brute Bonnet|91\/100|[from] item: Life Orb\n|move|p2a: Iron Hands|Drain Punch|p1b: Brute Bonnet\n|-supereffective|p1b: Brute Bonnet\n|-damage|p1b: Brute Bonnet|0 fnt\n|-heal|p2a: Iron Hands|92\/100|[from] drain|[of] p1b: Brute Bonnet\n|faint|p1b: Brute Bonnet\n|-end|p1b: Brute Bonnet|Protosynthesis|[silent]\n|move|p1a: Gothitelle|Psyshock|p2a: Iron Hands\n|-supereffective|p2a: Iron Hands\n|-damage|p2a: Iron Hands|50\/100\n|\n|-heal|p2a: Iron Hands|57\/100|[from] item: Leftovers\n|upkeep\n|\n|t:|1681791622\n|switch|p1b: Pincurchin|Pincurchin, L50, F|100\/100\n|-fieldstart|move: Electric Terrain|[from] ability: Electric Surge|[of] p1b: Pincurchin\n|-activate|p2a: Iron Hands|ability: Quark Drive\n|-start|p2a: Iron Hands|quarkdriveatk\n|turn|4\n|\n|t:|1681791645\n|move|p1b: Pincurchin|Protect|p1b: Pincurchin\n|-singleturn|p1b: Pincurchin|Protect\n|move|p2b: Bronzong|Gyro Ball|p1a: Gothitelle\n|-damage|p1a: Gothitelle|80\/100\n|move|p2a: Iron Hands|Drain Punch|p1b: Pincurchin\n|-activate|p1b: Pincurchin|move: Protect\n|move|p1a: Gothitelle|Psyshock|p2a: Iron Hands\n|-supereffective|p2a: Iron Hands\n|-damage|p2a: Iron Hands|15\/100\n|\n|-heal|p2a: Iron Hands|21\/100|[from] item: Leftovers\n|upkeep\n|turn|5\n|\n|t:|1681791667\n|move|p1b: Pincurchin|Zing Zap|p2a: Iron Hands\n|-resisted|p2a: Iron Hands\n|-damage|p2a: Iron Hands|7\/100\n|move|p2b: Bronzong|Gyro Ball|p1b: Pincurchin\n|-resisted|p1b: Pincurchin\n|-damage|p1b: Pincurchin|96\/100\n|move|p2a: Iron Hands|Wild Charge|p1a: Gothitelle\n|-damage|p1a: Gothitelle|0 fnt\n|faint|p1a: Gothitelle\n|-damage|p2a: Iron Hands|0 fnt|[from] Recoil\n|faint|p2a: Iron Hands\n|-end|p2a: Iron Hands|Quark Drive|[silent]\n|\n|-fieldend|move: Trick Room\n|upkeep\n|\n|t:|1681791682\n|switch|p1a: Iron Hands|Iron Hands, L50|100\/100\n|switch|p2a: Arboliva|Arboliva, L50, F|100\/100\n|-activate|p1a: Iron Hands|ability: Quark Drive\n|-start|p1a: Iron Hands|quarkdriveatk\n|turn|6\n|inactive|Sk1tt3n has 30 seconds left.\n|inactive|Sk1tt3n has 20 seconds left.\n|\n|t:|1681791721\n|move|p1a: Iron Hands|Drain Punch|p2a: Arboliva\n|-supereffective|p2a: Arboliva\n|-damage|p2a: Arboliva|25\/100\n|-enditem|p2a: Arboliva|Sitrus Berry|[eat]\n|-heal|p2a: Arboliva|50\/100|[from] item: Sitrus Berry\n|move|p2a: Arboliva|Earth Power|p1a: Iron Hands\n|-supereffective|p1a: Iron Hands\n|-damage|p1a: Iron Hands|67\/100\n|move|p2b: Bronzong|Gyro Ball|p1b: Pincurchin\n|-resisted|p1b: Pincurchin\n|-damage|p1b: Pincurchin|91\/100\n|move|p1b: Pincurchin|Substitute|p1b: Pincurchin\n|-start|p1b: Pincurchin|Substitute\n|-damage|p1b: Pincurchin|66\/100\n|\n|-sideend|p2: Sk1tt3n|Safeguard\n|-item|p2a: Arboliva|Sitrus Berry|[from] ability: Harvest\n|upkeep\n|-enditem|p2a: Arboliva|Sitrus Berry|[eat]\n|-heal|p2a: Arboliva|75\/100|[from] item: Sitrus Berry\n|turn|7\n|inactive|awsea has 30 seconds left.\n|inactive|Sk1tt3n has 30 seconds left.\n|inactive|awsea has 20 seconds left.\n|inactive|Sk1tt3n has 20 seconds left.\n|\n|t:|1681791757\n|-terastallize|p1a: Iron Hands|Fighting\n|move|p2a: Arboliva|Protect|p2a: Arboliva\n|-singleturn|p2a: Arboliva|Protect\n|move|p1b: Pincurchin|Sucker Punch|p2b: Bronzong\n|-supereffective|p2b: Bronzong\n|-damage|p2b: Bronzong|2\/100\n|move|p1a: Iron Hands|Drain Punch|p2a: Arboliva\n|-activate|p2a: Arboliva|move: Protect\n|move|p2b: Bronzong|Gyro Ball|p1a: Iron Hands\n|-damage|p1a: Iron Hands|56\/100\n|\n|-sideend|p2: Sk1tt3n|Reflect\n|-item|p2a: Arboliva|Sitrus Berry|[from] ability: Harvest\n|upkeep\n|turn|8\n|\n|t:|1681791778\n|switch|p2a: Flutter Mane|Flutter Mane, L50|100\/100\n|move|p1a: Iron Hands|Drain Punch|p2a: Flutter Mane\n|-immune|p2a: Flutter Mane\n|move|p2b: Bronzong|Reflect|p2b: Bronzong\n|-sidestart|p2: Sk1tt3n|Reflect\n|move|p1b: Pincurchin|Zing Zap|p2b: Bronzong\n|-damage|p2b: Bronzong|0 fnt\n|faint|p2b: Bronzong\n|\n|-fieldend|move: Electric Terrain\n|-end|p1a: Iron Hands|Quark Drive\n|upkeep\n|\n|t:|1681791781\n|switch|p2b: Arboliva|Arboliva, L50, F|75\/100\n|turn|9\n|inactive|Sk1tt3n has 30 seconds left.\n|\n|t:|1681791806\n|-terastallize|p2a: Flutter Mane|Fairy\n|move|p2a: Flutter Mane|Dazzling Gleam|p1a: Iron Hands|[spread] p1a,p1b\n|-end|p1b: Pincurchin|Substitute\n|-supereffective|p1a: Iron Hands\n|-damage|p1a: Iron Hands|9\/100\n|move|p1a: Iron Hands|Drain Punch|p2b: Arboliva\n|-supereffective|p2b: Arboliva\n|-damage|p2b: Arboliva|0 fnt\n|-heal|p1a: Iron Hands|39\/100|[from] drain|[of] p2b: Arboliva\n|faint|p2b: Arboliva\n|move|p1b: Pincurchin|Zing Zap|p2a: Flutter Mane\n|-damage|p2a: Flutter Mane|45\/100\n|\n|upkeep\n|turn|10\n|inactive|awsea has 30 seconds left.\n|\n|t:|1681791832\n|move|p1b: Pincurchin|Sucker Punch|p2a: Flutter Mane\n|-resisted|p2a: Flutter Mane\n|-crit|p2a: Flutter Mane\n|-damage|p2a: Flutter Mane|10\/100\n|move|p2a: Flutter Mane|Dazzling Gleam|p1b: Pincurchin|[spread] p1a,p1b\n|-supereffective|p1a: Iron Hands\n|-damage|p1a: Iron Hands|0 fnt\n|-damage|p1b: Pincurchin|13\/100\n|faint|p1a: Iron Hands\n|-end|p1a: Iron Hands|Quark Drive|[silent]\n|\n|upkeep\n|turn|11\n|\n|t:|1681791843\n|move|p1b: Pincurchin|Sucker Punch||[still]\n|-fail|p1b: Pincurchin\n|move|p2a: Flutter Mane|Taunt|p1b: Pincurchin\n|-start|p1b: Pincurchin|move: Taunt\n|\n|upkeep\n|turn|12\n|\n|t:|1681791853\n|move|p2a: Flutter Mane|Protect|p2a: Flutter Mane\n|-singleturn|p2a: Flutter Mane|Protect\n|move|p1b: Pincurchin|Sucker Punch||[still]\n|-fail|p1b: Pincurchin\n|\n|-sideend|p2: Sk1tt3n|Reflect\n|upkeep\n|turn|13\n|\n|t:|1681791868\n|move|p2a: Flutter Mane|Protect|p2a: Flutter Mane\n|-singleturn|p2a: Flutter Mane|Protect\n|move|p1b: Pincurchin|Sucker Punch||[still]\n|-fail|p1b: Pincurchin\n|\n|upkeep\n|turn|14\n|\n|t:|1681791883\n|move|p2a: Flutter Mane|Protect||[still]\n|-fail|p2a: Flutter Mane\n|move|p1b: Pincurchin|Sucker Punch||[still]\n|-fail|p1b: Pincurchin\n|\n|-end|p1b: Pincurchin|move: Taunt\n|upkeep\n|turn|15\n|\n|t:|1681791891\n|move|p1b: Pincurchin|Protect|p1b: Pincurchin\n|-singleturn|p1b: Pincurchin|Protect\n|move|p2a: Flutter Mane|Shadow Ball|p1b: Pincurchin\n|-activate|p1b: Pincurchin|move: Protect\n|\n|upkeep\n|turn|16\n|c|\u2606Sk1tt3n|lmao\n|\n|t:|1681791903\n|move|p2a: Flutter Mane|Protect|p2a: Flutter Mane\n|-singleturn|p2a: Flutter Mane|Protect\n|move|p1b: Pincurchin|Zing Zap|p2a: Flutter Mane\n|-activate|p2a: Flutter Mane|move: Protect\n|\n|upkeep\n|turn|17\n|\n|t:|1681791914\n|move|p2a: Flutter Mane|Protect||[still]\n|-fail|p2a: Flutter Mane\n|move|p1b: Pincurchin|Sucker Punch||[still]\n|-fail|p1b: Pincurchin\n|\n|upkeep\n|turn|18\n|\n|t:|1681791920\n|move|p1b: Pincurchin|Protect|p1b: Pincurchin\n|-singleturn|p1b: Pincurchin|Protect\n|move|p2a: Flutter Mane|Shadow Ball|p1b: Pincurchin\n|-activate|p1b: Pincurchin|move: Protect\n|\n|upkeep\n|turn|19\n|\n|t:|1681791939\n|move|p2a: Flutter Mane|Protect|p2a: Flutter Mane\n|-singleturn|p2a: Flutter Mane|Protect\n|move|p1b: Pincurchin|Zing Zap|p2a: Flutter Mane\n|-activate|p2a: Flutter Mane|move: Protect\n|\n|upkeep\n|turn|20\n|\n|t:|1681791947\n|move|p2a: Flutter Mane|Protect|p2a: Flutter Mane\n|-singleturn|p2a: Flutter Mane|Protect\n|move|p1b: Pincurchin|Zing Zap|p2a: Flutter Mane\n|-activate|p2a: Flutter Mane|move: Protect\n|\n|upkeep\n|turn|21\n|\n|t:|1681791964\n|move|p2a: Flutter Mane|Shadow Ball|p1b: Pincurchin\n|-damage|p1b: Pincurchin|0 fnt\n|faint|p1b: Pincurchin\n|\n|win|Sk1tt3n\n|raw|awsea's rating: 1168 → 1150<\/strong> (-18 for losing)\n|raw|Sk1tt3n's rating: 1268 → 1286<\/strong> (+18 for winning)\n|l|\u2606awsea\n","uploadtime":1681791977,"views":5,"p1id":"awsea","p2id":"sk1tt3n","formatid":"gen9vgc2023regulationc","rating":1150,"private":0,"password":""}