{"id":"gen9vgc2023regulationc-1857906857","p1":"CurryBean","p2":"Bostonl1","format":"[Gen 9] VGC 2023 Regulation C","log":"|j|\u2606CurryBean\n|j|\u2606Bostonl1\n|t:|1683245749\n|gametype|doubles\n|player|p1|CurryBean|102|\n|player|p2|Bostonl1|morty|\n|teamsize|p1|6\n|teamsize|p2|6\n|gen|9\n|tier|[Gen 9] VGC 2023 Regulation C\n|rule|Species Clause: Limit one of each Pok\u00e9mon\n|rule|Item Clause: Limit one of each item\n|clearpoke\n|poke|p1|Tyranitar, L50, M|\n|poke|p1|Lycanroc, L50, M|\n|poke|p1|Ditto, L50|\n|poke|p1|Maushold-Four, L50|\n|poke|p1|Annihilape, L50, M|\n|poke|p1|Flutter Mane, L50|\n|poke|p2|Pelipper, L50, M|\n|poke|p2|Palafin, L50, M|\n|poke|p2|Iron Jugulis, L50|\n|poke|p2|Amoonguss, L50, F|\n|poke|p2|Gholdengo, L50|\n|poke|p2|Chi-Yu, L50|\n|teampreview|4\n|c|\u2606Bostonl1|g2\n|c|\u2606CurryBean|!randpoke\n|raw| DUU<\/span> <\/span> Sandy Shocks<\/a><\/span> <\/span> Protosynthesis<\/span><\/span><\/span>HP<\/em> 85<\/span> Atk<\/em> 81<\/span> Def<\/em> 97<\/span> SpA<\/em> 121<\/span> SpD<\/em> 85<\/span> Spe<\/em> 101<\/span> BST 570<\/em><\/span> <\/span><\/li> <\/li><\/ul><\/div>\n|raw|Dex#:<\/font> 989 |  Gen:<\/font> 9 |  Height:<\/font> 2.3 m |  Weight:<\/font> 60 kg (80 BP)<\/em> |  Dex Colour:<\/font> Gray |  Egg Group(s):<\/font> Undiscovered |  Does Not Evolve<\/font><\/font>\n\n|j| KnickNom\n|j| PincherD\n|j| PKV Pokevin\n|j| dunderguy\n|c|\u2606Bostonl1|!randpoke\n|raw| DOU<\/span> <\/span> Garchomp<\/a><\/span> <\/span> Sand Veil<\/span>Rough Skin<\/em><\/span><\/span>HP<\/em> 108<\/span> Atk<\/em> 130<\/span> Def<\/em> 95<\/span> SpA<\/em> 80<\/span> SpD<\/em> 85<\/span> Spe<\/em> 102<\/span> BST 600<\/em><\/span> <\/span><\/li> <\/li><\/ul><\/div>\n|raw|Dex#:<\/font> 445 |  Gen:<\/font> 4 |  Height:<\/font> 1.9 m |  Weight:<\/font> 95 kg (80 BP)<\/em> |  Dex Colour:<\/font> Blue |  Egg Group(s):<\/font> Monster, Dragon |  Does Not Evolve<\/font><\/font>\n\n|\n|t:|1683246278\n|start\n|switch|p1a: gay|Ditto, L50|100\/100\n|switch|p1b: 00atrix|Flutter Mane, L50|100\/100\n|switch|p2a: Pelipper|Pelipper, L50, M|100\/100\n|switch|p2b: Palafin|Palafin, L50, M|100\/100\n|-weather|RainDance|[from] ability: Drizzle|[of] p2a: Pelipper\n|-transform|p1a: gay|p2b: Palafin|[from] ability: Imposter\n|-enditem|p1b: 00atrix|Booster Energy\n|-activate|p1b: 00atrix|ability: Protosynthesis|[fromitem]\n|-start|p1b: 00atrix|protosynthesisspe\n|turn|1\n|l| dunderguy\n|j| SphealAficionados\n|\n|t:|1683246355\n|switch|p2a: Amoonguss|Amoonguss, L50, F|100\/100\n|move|p2b: Palafin|Protect|p2b: Palafin\n|-singleturn|p2b: Palafin|Protect\n|move|p1a: gay|Protect|p1a: gay\n|-singleturn|p1a: gay|Protect\n|move|p1b: 00atrix|Thunderbolt|p2a: Amoonguss\n|-resisted|p2a: Amoonguss\n|-damage|p2a: Amoonguss|87\/100\n|-status|p2a: Amoonguss|par\n|\n|-weather|RainDance|[upkeep]\n|upkeep\n|turn|2\n|j| PierceTheDriftveil\n|c| PierceTheDriftveil|incredible turn\n|\n|t:|1683246421\n|switch|p1a: .png|Maushold-Four, L50|100\/100\n|detailschange|p2b: Palafin|Palafin-Hero, L50, M\n|switch|p2b: Pelipper|Pelipper, L50, M|100\/100\n|move|p1b: 00atrix|Protect|p1b: 00atrix\n|-singleturn|p1b: 00atrix|Protect\n|move|p2a: Amoonguss|Spore|p1b: 00atrix\n|-activate|p1b: 00atrix|move: Protect\n|\n|-weather|RainDance|[upkeep]\n|upkeep\n|turn|3\n|\n|t:|1683246494\n|move|p1a: .png|Follow Me|p1a: .png\n|-singleturn|p1a: .png|move: Follow Me\n|move|p2a: Amoonguss|Rage Powder|p2a: Amoonguss\n|-singleturn|p2a: Amoonguss|move: Rage Powder\n|move|p1b: 00atrix|Thunderbolt|p2a: Amoonguss\n|-resisted|p2a: Amoonguss\n|-damage|p2a: Amoonguss|74\/100 par\n|move|p2b: Pelipper|Icy Wind|p1a: .png|[spread] p1a,p1b\n|-damage|p1a: .png|86\/100\n|-damage|p1b: 00atrix|92\/100\n|-unboost|p1a: .png|spe|1\n|-unboost|p1b: 00atrix|spe|1\n|\n|-weather|RainDance|[upkeep]\n|upkeep\n|turn|4\n|\n|t:|1683246551\n|move|p2a: Amoonguss|Rage Powder|p2a: Amoonguss\n|-singleturn|p2a: Amoonguss|move: Rage Powder\n|move|p1b: 00atrix|Shadow Ball|p2a: Amoonguss\n|-damage|p2a: Amoonguss|38\/100 par\n|-unboost|p2a: Amoonguss|spd|1\n|-enditem|p2a: Amoonguss|Sitrus Berry|[eat]\n|-heal|p2a: Amoonguss|62\/100 par|[from] item: Sitrus Berry\n|move|p2b: Pelipper|Hydro Pump|p1a: .png|[miss]\n|-miss|p2b: Pelipper|p1a: .png\n|move|p1a: .png|Super Fang|p2a: Amoonguss\n|-damage|p2a: Amoonguss|32\/100 par\n|\n|-weather|RainDance|[upkeep]\n|upkeep\n|turn|5\n|\n|t:|1683246571\n|move|p1a: .png|Follow Me|p1a: .png\n|-singleturn|p1a: .png|move: Follow Me\n|move|p2a: Amoonguss|Rage Powder|p2a: Amoonguss\n|-singleturn|p2a: Amoonguss|move: Rage Powder\n|move|p1b: 00atrix|Shadow Ball|p2a: Amoonguss\n|-damage|p2a: Amoonguss|0 fnt\n|faint|p2a: Amoonguss\n|move|p2b: Pelipper|Hydro Pump|p1a: .png\n|-damage|p1a: .png|0 fnt\n|faint|p1a: .png\n|\n|-weather|RainDance|[upkeep]\n|upkeep\n|\n|t:|1683246594\n|switch|p1a: hit me too|Annihilape, L50, M|100\/100\n|switch|p2a: Palafin|Palafin-Hero, L50, M|100\/100\n|-activate|p2a: Palafin|ability: Zero to Hero\n|turn|6\n|\n|t:|1683246655\n|move|p2a: Palafin|Protect|p2a: Palafin\n|-singleturn|p2a: Palafin|Protect\n|move|p1b: 00atrix|Thunderbolt|p2b: Pelipper\n|-supereffective|p2b: Pelipper\n|-damage|p2b: Pelipper|0 fnt\n|faint|p2b: Pelipper\n|move|p1a: hit me too|Drain Punch|p2a: Palafin\n|-activate|p2a: Palafin|move: Protect\n|\n|-weather|RainDance|[upkeep]\n|upkeep\n|\n|t:|1683246662\n|switch|p2b: Gholdengo|Gholdengo, L50|100\/100\n|turn|7\n|c| KnickNom|the rain continues to fall\n|c| SphealAficionados|In a few hours the sun will rise\n|\n|t:|1683246756\n|-terastallize|p2a: Palafin|Water\n|move|p2a: Palafin|Jet Punch|p1b: 00atrix\n|-damage|p1b: 00atrix|0 fnt\n|faint|p1b: 00atrix\n|-end|p1b: 00atrix|Protosynthesis|[silent]\n|move|p2b: Gholdengo|Shadow Ball|p1a: hit me too\n|-supereffective|p1a: hit me too\n|-damage|p1a: hit me too|0 fnt\n|faint|p1a: hit me too\n|\n|-weather|RainDance|[upkeep]\n|upkeep\n|\n|t:|1683246766\n|switch|p1b: gay|Ditto, L50|100\/100\n|-transform|p1b: gay|p2a: Palafin|[from] ability: Imposter\n|turn|8\n|-activate|p1b: gay|item: Quick Claw\n|\n|t:|1683246804\n|move|p1b: gay|Wave Crash|p2b: Gholdengo\n|-damage|p2b: Gholdengo|0 fnt\n|faint|p2b: Gholdengo\n|-damage|p1b: gay|59\/100|[from] Recoil\n|move|p2a: Palafin|Wave Crash|p1b: gay\n|-resisted|p1b: gay\n|-damage|p1b: gay|0 fnt\n|faint|p1b: gay\n|-damage|p2a: Palafin|86\/100|[from] Recoil\n|\n|win|Bostonl1\n|c|\u2606CurryBean|ggs\n|c|\u2606Bostonl1|gg\n","uploadtime":1683246812,"views":22,"p1id":"currybean","p2id":"bostonl1","formatid":"gen9vgc2023regulationc","rating":0,"private":0,"password":""}