{"id":"gen9vgc2023regulationc-1850883657","p1":"shisui111","p2":"Orbius","format":"[Gen 9] VGC 2023 Regulation C","log":"|j|\u2606shisui111\n|j|\u2606Orbius\n|t:|1682378066\n|gametype|doubles\n|player|p1|shisui111|169|1267\n|player|p2|Orbius|1|1246\n|teamsize|p1|6\n|teamsize|p2|6\n|gen|9\n|tier|[Gen 9] VGC 2023 Regulation C\n|rated|\n|rule|Species Clause: Limit one of each Pok\u00e9mon\n|rule|Item Clause: Limit one of each item\n|clearpoke\n|poke|p1|Grimmsnarl, L50, M|\n|poke|p1|Garchomp, L50, F|\n|poke|p1|Murkrow, L50, M|\n|poke|p1|Flutter Mane, L50|\n|poke|p1|Great Tusk, L50|\n|poke|p1|Arcanine, L50, F|\n|poke|p2|Talonflame, L50, F|\n|poke|p2|Tyranitar, L50, F|\n|poke|p2|Gholdengo, L50|\n|poke|p2|Iron Bundle, L50|\n|poke|p2|Houndstone, L50, M|\n|poke|p2|Great Tusk, L50|\n|teampreview|4\n|inactive|Battle timer is ON: inactive players will automatically lose when time's up. (requested by shisui111)\n|\n|t:|1682378099\n|start\n|switch|p1a: Murkrow|Murkrow, L50, M|100\/100\n|switch|p1b: Garchomp|Garchomp, L50, F|100\/100\n|switch|p2a: Iron Bundle|Iron Bundle, L50|100\/100\n|switch|p2b: Gholdengo|Gholdengo, L50|100\/100\n|-enditem|p2a: Iron Bundle|Booster Energy\n|-activate|p2a: Iron Bundle|ability: Quark Drive|[fromitem]\n|-start|p2a: Iron Bundle|quarkdrivespe\n|turn|1\n|\n|t:|1682378115\n|move|p1b: Garchomp|Protect|p1b: Garchomp\n|-singleturn|p1b: Garchomp|Protect\n|move|p2b: Gholdengo|Protect|p2b: Gholdengo\n|-singleturn|p2b: Gholdengo|Protect\n|move|p1a: Murkrow|Thunder Wave|p2a: Iron Bundle|[miss]\n|-miss|p1a: Murkrow|p2a: Iron Bundle\n|move|p2a: Iron Bundle|Icy Wind|p1a: Murkrow|[spread] p1a\n|-activate|p1b: Garchomp|move: Protect\n|-supereffective|p1a: Murkrow\n|-damage|p1a: Murkrow|68\/100\n|-unboost|p1a: Murkrow|spe|1\n|\n|upkeep\n|turn|2\n|\n|t:|1682378134\n|move|p1a: Murkrow|Tailwind|p1a: Murkrow\n|-sidestart|p1: shisui111|move: Tailwind\n|move|p2a: Iron Bundle|Icy Wind|p1b: Garchomp|[spread] p1a\n|-miss|p2a: Iron Bundle|p1b: Garchomp\n|-supereffective|p1a: Murkrow\n|-damage|p1a: Murkrow|31\/100\n|-unboost|p1a: Murkrow|spe|1\n|move|p1b: Garchomp|Earthquake|p2b: Gholdengo|[spread] p2a,p2b\n|-immune|p1a: Murkrow\n|-supereffective|p2b: Gholdengo\n|-damage|p2a: Iron Bundle|53\/100\n|-damage|p2b: Gholdengo|18\/100\n|cant|p2b: Gholdengo|flinch\n|\n|upkeep\n|turn|3\n|inactive|Orbius has 30 seconds left.\n|c|\u2606Orbius|kings rock? dafuq\n|inactive|Orbius has 20 seconds left.\n|inactive|Orbius has 15 seconds left.\n|\n|t:|1682378177\n|move|p1a: Murkrow|Thunder Wave|p2a: Iron Bundle\n|-status|p2a: Iron Bundle|par\n|move|p1b: Garchomp|Earthquake|p2a: Iron Bundle|[spread] p2a,p2b\n|-immune|p1a: Murkrow\n|-supereffective|p2b: Gholdengo\n|-damage|p2a: Iron Bundle|5\/100 par\n|-damage|p2b: Gholdengo|0 fnt\n|faint|p2b: Gholdengo\n|move|p2a: Iron Bundle|Freeze-Dry|p1b: Garchomp\n|-supereffective|p1b: Garchomp\n|-damage|p1b: Garchomp|0 fnt\n|faint|p1b: Garchomp\n|\n|upkeep\n|\n|t:|1682378194\n|switch|p1b: Great Tusk|Great Tusk, L50|100\/100\n|switch|p2b: Tyranitar|Tyranitar, L50, F|100\/100\n|-weather|Sandstorm|[from] ability: Sand Stream|[of] p2b: Tyranitar\n|turn|4\n|\n|t:|1682378211\n|-terastallize|p2b: Tyranitar|Flying\n|move|p1a: Murkrow|Sunny Day|p1a: Murkrow\n|-weather|SunnyDay\n|-activate|p1b: Great Tusk|ability: Protosynthesis\n|-start|p1b: Great Tusk|protosynthesisatk\n|move|p1b: Great Tusk|Rock Slide|p2a: Iron Bundle|[spread] p2a,p2b\n|-supereffective|p2a: Iron Bundle\n|-supereffective|p2b: Tyranitar\n|-crit|p2b: Tyranitar\n|-damage|p2a: Iron Bundle|0 fnt\n|-damage|p2b: Tyranitar|35\/100\n|faint|p2a: Iron Bundle\n|-end|p2a: Iron Bundle|Quark Drive|[silent]\n|move|p2b: Tyranitar|Rock Slide|p1b: Great Tusk|[spread] p1a,p1b\n|-supereffective|p1a: Murkrow\n|-resisted|p1b: Great Tusk\n|-damage|p1a: Murkrow|0 fnt\n|-damage|p1b: Great Tusk|95\/100\n|faint|p1a: Murkrow\n|\n|-weather|SunnyDay|[upkeep]\n|upkeep\n|\n|t:|1682378225\n|switch|p2a: Houndstone|Houndstone, L50, M|100\/100\n|switch|p1a: Grimmsnarl|Grimmsnarl, L50, M|100\/100\n|turn|5\n|\n|t:|1682378234\n|move|p1a: Grimmsnarl|Thunder Wave|p2a: Houndstone\n|-status|p2a: Houndstone|par\n|move|p1b: Great Tusk|Rock Slide|p2b: Tyranitar|[spread] p2a,p2b\n|-supereffective|p2b: Tyranitar\n|-damage|p2a: Houndstone|70\/100 par\n|-damage|p2b: Tyranitar|0 fnt\n|faint|p2b: Tyranitar\n|cant|p2a: Houndstone|flinch\n|\n|-weather|SunnyDay|[upkeep]\n|-sideend|p1: shisui111|move: Tailwind\n|upkeep\n|turn|6\n|\n|t:|1682378249\n|move|p1b: Great Tusk|Headlong Rush|p2a: Houndstone\n|-damage|p2a: Houndstone|0 fnt\n|-unboost|p1b: Great Tusk|def|1\n|-unboost|p1b: Great Tusk|spd|1\n|faint|p2a: Houndstone\n|\n|win|shisui111\n|raw|shisui111's rating: 1267 → 1290<\/strong> (+23 for winning)\n|raw|Orbius's rating: 1246 → 1223<\/strong> (-23 for losing)\n|l|\u2606shisui111\n","uploadtime":1682378265,"views":16,"p1id":"shisui111","p2id":"orbius","formatid":"gen9vgc2023regulationc","rating":1223,"private":0,"password":""}