{"id":"gen9vgc2023regulationc-1844984012","p1":"bachu1st","p2":"Yuhunglo","format":"[Gen 9] VGC 2023 Regulation C","log":"|j|\u2606bachu1st\n|j|\u2606Yuhunglo\n|t:|1681670907\n|gametype|doubles\n|player|p1|bachu1st|169|1247\n|player|p2|Yuhunglo|hilbert|1258\n|teamsize|p1|6\n|teamsize|p2|6\n|gen|9\n|tier|[Gen 9] VGC 2023 Regulation C\n|rated|\n|rule|Species Clause: Limit one of each Pok\u00e9mon\n|rule|Item Clause: Limit one of each item\n|clearpoke\n|poke|p1|Grimmsnarl, L50, M|\n|poke|p1|Arcanine, L50, M|\n|poke|p1|Annihilape, L50, M|\n|poke|p1|Chien-Pao, L50|\n|poke|p1|Amoonguss, L50, M|\n|poke|p1|Flutter Mane, L50|\n|poke|p2|Dragapult, L50, M|\n|poke|p2|Chien-Pao, L50|\n|poke|p2|Chi-Yu, L50|\n|poke|p2|Talonflame, L50, F|\n|poke|p2|Garchomp, L50, M|\n|poke|p2|Amoonguss, L50, F|\n|teampreview|4\n|inactive|Battle timer is ON: inactive players will automatically lose when time's up. (requested by Yuhunglo)\n|inactive|bachu1st has 60 seconds left.\n|inactive|Yuhunglo has 60 seconds left.\n|\n|t:|1681670941\n|start\n|switch|p1a: Grimmsnarl|Grimmsnarl, L50, M|100\/100\n|switch|p1b: Annihilape|Annihilape, L50, M|100\/100\n|switch|p2a: Amoonguss|Amoonguss, L50, F|100\/100\n|switch|p2b: Garchomp|Garchomp, L50, M|100\/100\n|turn|1\n|\n|t:|1681670964\n|move|p2b: Garchomp|Protect|p2b: Garchomp\n|-singleturn|p2b: Garchomp|Protect\n|move|p2a: Amoonguss|Protect|p2a: Amoonguss\n|-singleturn|p2a: Amoonguss|Protect\n|move|p1a: Grimmsnarl|Reflect|p1a: Grimmsnarl\n|-sidestart|p1: bachu1st|Reflect\n|move|p1b: Annihilape|Bulk Up|p1b: Annihilape\n|-boost|p1b: Annihilape|atk|1\n|-boost|p1b: Annihilape|def|1\n|\n|upkeep\n|turn|2\n|\n|t:|1681670987\n|move|p1b: Annihilape|Protect|p1b: Annihilape\n|-singleturn|p1b: Annihilape|Protect\n|move|p1a: Grimmsnarl|Parting Shot|p2b: Garchomp\n|-fail|p2b: Garchomp|unboost|[from] item: Clear Amulet|[of] p2b: Garchomp\n|move|p2b: Garchomp|Swords Dance|p2b: Garchomp\n|-boost|p2b: Garchomp|atk|2\n|move|p2a: Amoonguss|Spore|p1b: Annihilape\n|-activate|p1b: Annihilape|move: Protect\n|\n|upkeep\n|turn|3\n|inactive|bachu1st has 30 seconds left.\n|inactive|bachu1st has 20 seconds left.\n|\n|t:|1681671027\n|move|p2b: Garchomp|Protect|p2b: Garchomp\n|-singleturn|p2b: Garchomp|Protect\n|move|p1b: Annihilape|Rage Fist|p2a: Amoonguss\n|-damage|p2a: Amoonguss|76\/100\n|-damage|p1b: Annihilape|84\/100|[from] item: Rocky Helmet|[of] p2a: Amoonguss\n|move|p1a: Grimmsnarl|Spirit Break|p2b: Garchomp\n|-activate|p2b: Garchomp|move: Protect\n|move|p2a: Amoonguss|Spore|p1b: Annihilape\n|-status|p1b: Annihilape|slp|[from] move: Spore\n|\n|-heal|p1b: Annihilape|90\/100 slp|[from] item: Leftovers\n|upkeep\n|turn|4\n|inactive|bachu1st has 30 seconds left.\n|inactive|bachu1st has 20 seconds left.\n|inactive|bachu1st has 15 seconds left.\n|\n|t:|1681671070\n|move|p2a: Amoonguss|Rage Powder|p2a: Amoonguss\n|-singleturn|p2a: Amoonguss|move: Rage Powder\n|move|p1a: Grimmsnarl|Light Screen|p1a: Grimmsnarl\n|-sidestart|p1: bachu1st|move: Light Screen\n|move|p2b: Garchomp|Swords Dance|p2b: Garchomp\n|-boost|p2b: Garchomp|atk|2\n|cant|p1b: Annihilape|slp\n|\n|-heal|p1b: Annihilape|96\/100 slp|[from] item: Leftovers\n|upkeep\n|turn|5\n|\n|t:|1681671087\n|move|p2b: Garchomp|Protect|p2b: Garchomp\n|-singleturn|p2b: Garchomp|Protect\n|cant|p1b: Annihilape|slp\n|move|p1a: Grimmsnarl|Spirit Break|p2a: Amoonguss\n|-resisted|p2a: Amoonguss\n|-damage|p2a: Amoonguss|64\/100\n|-unboost|p2a: Amoonguss|spa|1\n|-damage|p1a: Grimmsnarl|84\/100|[from] item: Rocky Helmet|[of] p2a: Amoonguss\n|move|p2a: Amoonguss|Spore|p1a: Grimmsnarl\n|-status|p1a: Grimmsnarl|slp|[from] move: Spore\n|\n|-heal|p1b: Annihilape|100\/100 slp|[from] item: Leftovers\n|upkeep\n|turn|6\n|\n|t:|1681671110\n|switch|p1a: Flutter Mane|Flutter Mane, L50|100\/100\n|-enditem|p1a: Flutter Mane|Booster Energy\n|-activate|p1a: Flutter Mane|ability: Protosynthesis|[fromitem]\n|-start|p1a: Flutter Mane|protosynthesisspe\n|move|p2b: Garchomp|Swords Dance|p2b: Garchomp\n|-boost|p2b: Garchomp|atk|2\n|-curestatus|p1b: Annihilape|slp|[msg]\n|move|p1b: Annihilape|Rage Fist|p2a: Amoonguss\n|-damage|p2a: Amoonguss|38\/100\n|-damage|p1b: Annihilape|84\/100|[from] item: Rocky Helmet|[of] p2a: Amoonguss\n|move|p2a: Amoonguss|Spore|p1b: Annihilape\n|-status|p1b: Annihilape|slp|[from] move: Spore\n|\n|-heal|p1b: Annihilape|90\/100 slp|[from] item: Leftovers\n|upkeep\n|turn|7\n|inactive|bachu1st has 30 seconds left.\n|\n|t:|1681671143\n|switch|p2a: Talonflame|Talonflame, L50, F|100\/100\n|move|p2b: Garchomp|Protect|p2b: Garchomp\n|-singleturn|p2b: Garchomp|Protect\n|move|p1a: Flutter Mane|Moonblast|p2b: Garchomp\n|-activate|p2b: Garchomp|move: Protect\n|cant|p1b: Annihilape|slp\n|\n|-heal|p1b: Annihilape|96\/100 slp|[from] item: Leftovers\n|upkeep\n|turn|8\n|inactive|bachu1st has 30 seconds left.\n|\n|t:|1681671169\n|move|p1a: Flutter Mane|Protect|p1a: Flutter Mane\n|-singleturn|p1a: Flutter Mane|Protect\n|move|p2a: Talonflame|Tailwind|p2a: Talonflame\n|-sidestart|p2: Yuhunglo|move: Tailwind\n|move|p2b: Garchomp|Earthquake|p1a: Flutter Mane|[spread] p1b\n|-activate|p1a: Flutter Mane|move: Protect\n|-immune|p2a: Talonflame\n|-damage|p1b: Annihilape|31\/100 slp\n|-curestatus|p1b: Annihilape|slp|[msg]\n|move|p1b: Annihilape|Rage Fist|p2b: Garchomp\n|-damage|p2b: Garchomp|34\/100\n|-damage|p1b: Annihilape|18\/100|[from] ability: Rough Skin|[of] p2b: Garchomp\n|\n|-heal|p1b: Annihilape|24\/100|[from] item: Leftovers\n|-sideend|p1: bachu1st|Reflect\n|upkeep\n|turn|9\n|inactive|bachu1st has 30 seconds left.\n|l|\u2606bachu1st\n|inactive|bachu1st disconnected and has a minute to reconnect!\n|player|p1|\n|inactive|bachu1st has 20 seconds left.\n|inactive|bachu1st has 15 seconds left.\n|inactive|bachu1st has 10 seconds left.\n|c|\u2606Yuhunglo|Really? (v@3@)\n|inactive|bachu1st has 5 seconds left.\n|-message|bachu1st lost due to inactivity.\n|\n|win|Yuhunglo\n|raw|bachu1st's rating: 1247 → 1223<\/strong> (-24 for losing)\n|raw|Yuhunglo's rating: 1258 → 1282<\/strong> (+24 for winning)\n","uploadtime":1681671241,"views":8,"p1id":"bachu1st","p2id":"yuhunglo","formatid":"gen9vgc2023regulationc","rating":1223,"private":0,"password":""}