{"id":"gen9vgc2023regulationc-1847506785","p1":"Mathemagico","p2":"pub reject","format":"[Gen 9] VGC 2023 Regulation C","log":"|j|\u2606Mathemagico\n|j|\u2606pub reject\n|t:|1681964231\n|gametype|doubles\n|player|p1|Mathemagico|grusha|1054\n|player|p2|pub reject|thorton|1008\n|teamsize|p1|6\n|teamsize|p2|6\n|gen|9\n|tier|[Gen 9] VGC 2023 Regulation C\n|rated|\n|rule|Species Clause: Limit one of each Pok\u00e9mon\n|rule|Item Clause: Limit one of each item\n|clearpoke\n|poke|p1|Dudunsparce-*, L50, M|\n|poke|p1|Indeedee-F, L50, F|\n|poke|p1|Ting-Lu, L50|\n|poke|p1|Iron Hands, L50|\n|poke|p1|Torkoal, L50, M|\n|poke|p1|Flutter Mane, L50|\n|poke|p2|Wo-Chien, L50|\n|poke|p2|Florges, L50, F|\n|poke|p2|Glimmora, L50, M|\n|poke|p2|Flutter Mane, L50|\n|poke|p2|Arcanine, L50, M|\n|poke|p2|Maushold-Four, L50|\n|teampreview|4\n|\n|t:|1681964273\n|start\n|switch|p1a: Dudunsparce|Dudunsparce-Three-Segment, L50, M|100\/100\n|switch|p1b: Indeedee|Indeedee-F, L50, F|100\/100\n|switch|p2a: Labrys|Florges, L50, F|100\/100\n|switch|p2b: The Squeaks|Maushold-Four, L50|100\/100\n|-fieldstart|move: Psychic Terrain|[from] ability: Psychic Surge|[of] p1b: Indeedee\n|-enditem|p1b: Indeedee|Psychic Seed\n|-boost|p1b: Indeedee|spd|1|[from] item: Psychic Seed\n|turn|1\n|\n|t:|1681964298\n|switch|p2a: Sludge|Wo-Chien, L50|100\/100\n|-ability|p2a: Sludge|Tablets of Ruin\n|move|p1a: Dudunsparce|Protect|p1a: Dudunsparce\n|-singleturn|p1a: Dudunsparce|Protect\n|move|p2b: The Squeaks|Taunt|p1b: Indeedee\n|-start|p1b: Indeedee|move: Taunt\n|cant|p1b: Indeedee|move: Taunt|Trick Room\n|\n|upkeep\n|turn|2\n|\n|t:|1681964328\n|move|p2b: The Squeaks|Taunt|p1a: Dudunsparce\n|-start|p1a: Dudunsparce|move: Taunt\n|move|p1b: Indeedee|Dazzling Gleam|p2b: The Squeaks|[spread] p2a,p2b\n|-supereffective|p2a: Sludge\n|-damage|p2a: Sludge|90\/100\n|-damage|p2b: The Squeaks|86\/100\n|move|p2a: Sludge|Leech Seed|p1b: Indeedee\n|-start|p1b: Indeedee|move: Leech Seed\n|move|p1a: Dudunsparce|Poison Jab|p2a: Sludge\n|-supereffective|p2a: Sludge\n|-damage|p2a: Sludge|72\/100\n|-status|p2a: Sludge|psn\n|\n|-heal|p2a: Sludge|78\/100 psn|[from] item: Leftovers\n|-damage|p1b: Indeedee|88\/100|[from] Leech Seed|[of] p2a: Sludge\n|-heal|p2a: Sludge|90\/100 psn|[silent]\n|-damage|p2a: Sludge|77\/100 psn|[from] psn\n|upkeep\n|turn|3\n|\n|t:|1681964364\n|switch|p1b: Ting-Lu|Ting-Lu, L50|100\/100\n|-ability|p1b: Ting-Lu|Vessel of Ruin\n|move|p2b: The Squeaks|Protect|p2b: The Squeaks\n|-singleturn|p2b: The Squeaks|Protect\n|move|p2a: Sludge|Leech Seed|p1a: Dudunsparce\n|-start|p1a: Dudunsparce|move: Leech Seed\n|move|p1a: Dudunsparce|Poison Jab|p2b: The Squeaks\n|-activate|p2b: The Squeaks|move: Protect\n|\n|-heal|p2a: Sludge|83\/100 psn|[from] item: Leftovers\n|-damage|p1a: Dudunsparce|88\/100|[from] Leech Seed|[of] p2a: Sludge\n|-heal|p2a: Sludge|98\/100 psn|[silent]\n|-damage|p2a: Sludge|86\/100 psn|[from] psn\n|upkeep\n|turn|4\n|\n|t:|1681964395\n|switch|p2b: Labrys|Florges, L50, F|100\/100\n|switch|p1a: Indeedee|Indeedee-F, L50, F|88\/100\n|move|p2a: Sludge|Leech Seed|p1a: Indeedee|[miss]\n|-miss|p2a: Sludge|p1a: Indeedee\n|move|p1b: Ting-Lu|Stealth Rock|p2a: Sludge\n|-sidestart|p2: pub reject|move: Stealth Rock\n|\n|-heal|p2a: Sludge|92\/100 psn|[from] item: Leftovers\n|-damage|p2a: Sludge|80\/100 psn|[from] psn\n|upkeep\n|turn|5\n|\n|t:|1681964418\n|move|p2b: Labrys|Moonblast|p1b: Ting-Lu\n|-supereffective|p1b: Ting-Lu\n|-damage|p1b: Ting-Lu|61\/100\n|-damage|p2b: Labrys|91\/100|[from] item: Life Orb\n|move|p2a: Sludge|Leech Seed|p1b: Ting-Lu\n|-start|p1b: Ting-Lu|move: Leech Seed\n|move|p1b: Ting-Lu|Heavy Slam|p2b: Labrys\n|-supereffective|p2b: Labrys\n|-damage|p2b: Labrys|50\/100\n|move|p1a: Indeedee|Trick Room|p1a: Indeedee\n|-fieldstart|move: Trick Room|[of] p1a: Indeedee\n|\n|-heal|p2a: Sludge|86\/100 psn|[from] item: Leftovers\n|-damage|p1b: Ting-Lu|49\/100|[from] Leech Seed|[of] p2a: Sludge\n|-heal|p2a: Sludge|100\/100 psn|[silent]\n|-damage|p2a: Sludge|88\/100 psn|[from] psn\n|-fieldend|move: Psychic Terrain\n|upkeep\n|turn|6\n|\n|t:|1681964451\n|switch|p1b: Dudunsparce|Dudunsparce-Three-Segment, L50, M|88\/100\n|move|p2a: Sludge|Leech Seed|p1a: Indeedee\n|-start|p1a: Indeedee|move: Leech Seed\n|move|p2b: Labrys|Moonblast|p1b: Dudunsparce\n|-damage|p1b: Dudunsparce|51\/100\n|-damage|p2b: Labrys|40\/100|[from] item: Life Orb\n|move|p1a: Indeedee|Dazzling Gleam|p2a: Sludge|[spread] p2a,p2b\n|-supereffective|p2a: Sludge\n|-damage|p2a: Sludge|71\/100 psn\n|-damage|p2b: Labrys|31\/100\n|\n|-heal|p2a: Sludge|78\/100 psn|[from] item: Leftovers\n|-damage|p1a: Indeedee|76\/100|[from] Leech Seed|[of] p2a: Sludge\n|-heal|p2a: Sludge|89\/100 psn|[silent]\n|-damage|p2a: Sludge|77\/100 psn|[from] psn\n|upkeep\n|turn|7\n|\n|t:|1681964474\n|switch|p2b: The Squeaks|Maushold-Four, L50|86\/100\n|-damage|p2b: The Squeaks|73\/100|[from] Stealth Rock\n|switch|p1a: Ting-Lu|Ting-Lu, L50|49\/100\n|-ability|p1a: Ting-Lu|Vessel of Ruin\n|move|p1b: Dudunsparce|Rock Slide|p2b: The Squeaks|[spread] p2a,p2b\n|-crit|p2b: The Squeaks\n|-damage|p2a: Sludge|70\/100 psn\n|-damage|p2b: The Squeaks|55\/100\n|cant|p2a: Sludge|flinch\n|\n|-heal|p2a: Sludge|76\/100 psn|[from] item: Leftovers\n|-damage|p2a: Sludge|64\/100 psn|[from] psn\n|upkeep\n|turn|8\n|\n|t:|1681964493\n|-terastallize|p1b: Dudunsparce|Flying\n|move|p2b: The Squeaks|Protect|p2b: The Squeaks\n|-singleturn|p2b: The Squeaks|Protect\n|move|p1b: Dudunsparce|Rock Slide|p2a: Sludge|[spread] p2a\n|-activate|p2b: The Squeaks|move: Protect\n|-damage|p2a: Sludge|57\/100 psn\n|move|p1a: Ting-Lu|Earthquake|p2a: Sludge|[spread] p2a\n|-activate|p2b: The Squeaks|move: Protect\n|-immune|p1b: Dudunsparce\n|-resisted|p2a: Sludge\n|-damage|p2a: Sludge|50\/100 psn\n|cant|p2a: Sludge|flinch\n|\n|-heal|p2a: Sludge|56\/100 psn|[from] item: Leftovers\n|-damage|p2a: Sludge|44\/100 psn|[from] psn\n|upkeep\n|turn|9\n|\n|t:|1681964531\n|move|p1b: Dudunsparce|Rock Slide|p2b: The Squeaks|[spread] p2a,p2b\n|-crit|p2a: Sludge\n|-damage|p2a: Sludge|34\/100 psn\n|-damage|p2b: The Squeaks|44\/100\n|move|p1a: Ting-Lu|Earthquake|p2b: The Squeaks|[spread] p2a,p2b\n|-immune|p1b: Dudunsparce\n|-resisted|p2a: Sludge\n|-damage|p2a: Sludge|26\/100 psn\n|-damage|p2b: The Squeaks|20\/100\n|move|p2a: Sludge|Leech Seed|p1a: Ting-Lu\n|-start|p1a: Ting-Lu|move: Leech Seed\n|move|p2b: The Squeaks|Taunt|p1a: Ting-Lu\n|-start|p1a: Ting-Lu|move: Taunt\n|\n|-heal|p2a: Sludge|32\/100 psn|[from] item: Leftovers\n|-damage|p1a: Ting-Lu|36\/100|[from] Leech Seed|[of] p2a: Sludge\n|-heal|p2a: Sludge|49\/100 psn|[silent]\n|-damage|p2a: Sludge|36\/100 psn|[from] psn\n|-fieldend|move: Trick Room\n|upkeep\n|turn|10\n|\n|t:|1681964564\n|switch|p1a: Iron Hands|Iron Hands, L50|100\/100\n|move|p2b: The Squeaks|Follow Me|p2b: The Squeaks\n|-singleturn|p2b: The Squeaks|move: Follow Me\n|move|p2a: Sludge|Leech Seed|p1b: Dudunsparce|[miss]\n|-miss|p2a: Sludge|p1b: Dudunsparce\n|move|p1b: Dudunsparce|Poison Jab|p2b: The Squeaks\n|-damage|p2b: The Squeaks|4\/100\n|\n|-heal|p2a: Sludge|43\/100 psn|[from] item: Leftovers\n|-damage|p2a: Sludge|30\/100 psn|[from] psn\n|upkeep\n|turn|11\n|\n|t:|1681964582\n|move|p2b: The Squeaks|Protect|p2b: The Squeaks\n|-singleturn|p2b: The Squeaks|Protect\n|move|p1a: Iron Hands|Fake Out|p2a: Sludge\n|-damage|p2a: Sludge|22\/100 psn\n|cant|p2a: Sludge|flinch\n|move|p1b: Dudunsparce|Rock Slide|p2b: The Squeaks|[spread] p2a\n|-activate|p2b: The Squeaks|move: Protect\n|-damage|p2a: Sludge|15\/100 psn\n|\n|-heal|p2a: Sludge|21\/100 psn|[from] item: Leftovers\n|-damage|p2a: Sludge|9\/100 psn|[from] psn\n|upkeep\n|turn|12\n|\n|t:|1681964613\n|switch|p2a: Labrys|Florges, L50, F|31\/100\n|-damage|p2a: Labrys|19\/100|[from] Stealth Rock\n|move|p1b: Dudunsparce|Protect|p1b: Dudunsparce\n|-singleturn|p1b: Dudunsparce|Protect\n|move|p2b: The Squeaks|Taunt|p1a: Iron Hands\n|-start|p1a: Iron Hands|move: Taunt\n|move|p1a: Iron Hands|Volt Switch|p2b: The Squeaks\n|-damage|p2b: The Squeaks|0 fnt\n|faint|p2b: The Squeaks\n|\n|t:|1681964625\n|-end|p1a: Iron Hands|Quark Drive|[silent]\n|switch|p1a: Indeedee|Indeedee-F, L50, F|76\/100|[from] Volt Switch\n|-fieldstart|move: Psychic Terrain|[from] ability: Psychic Surge|[of] p1a: Indeedee\n|\n|upkeep\n|\n|t:|1681964636\n|switch|p2b: Bellina|Flutter Mane, L50|100\/100\n|-damage|p2b: Bellina|88\/100|[from] Stealth Rock\n|-enditem|p2b: Bellina|Booster Energy\n|-activate|p2a: Labrys|ability: Symbiosis|Life Orb|[of] p2b: Bellina\n|-activate|p2b: Bellina|ability: Protosynthesis|[fromitem]\n|-start|p2b: Bellina|protosynthesisspe\n|turn|13\n|\n|t:|1681964654\n|-terastallize|p2b: Bellina|Steel\n|move|p2b: Bellina|Dazzling Gleam|p1b: Dudunsparce|[spread] p1a,p1b\n|-crit|p1a: Indeedee\n|-damage|p1a: Indeedee|25\/100\n|-damage|p1b: Dudunsparce|24\/100\n|-damage|p2b: Bellina|78\/100|[from] item: Life Orb\n|move|p2a: Labrys|Pollen Puff|p2b: Bellina\n|-heal|p2b: Bellina|100\/100\n|move|p1b: Dudunsparce|Poison Jab|p2a: Labrys\n|-supereffective|p2a: Labrys\n|-damage|p2a: Labrys|0 fnt\n|faint|p2a: Labrys\n|move|p1a: Indeedee|Trick Room|p1a: Indeedee\n|-fieldstart|move: Trick Room|[of] p1a: Indeedee\n|\n|upkeep\n|\n|t:|1681964670\n|switch|p2a: Sludge|Wo-Chien, L50|9\/100 psn\n|-damage|p2a: Sludge|0 fnt|[from] Stealth Rock\n|faint|p2a: Sludge\n|turn|14\n|\n|t:|1681964696\n|move|p1b: Dudunsparce|Protect|p1b: Dudunsparce\n|-singleturn|p1b: Dudunsparce|Protect\n|move|p1a: Indeedee|Psychic|p2b: Bellina\n|-resisted|p2b: Bellina\n|-damage|p2b: Bellina|83\/100\n|move|p2b: Bellina|Dazzling Gleam|p1a: Indeedee|[spread] p1a\n|-activate|p1b: Dudunsparce|move: Protect\n|-damage|p1a: Indeedee|0 fnt\n|faint|p1a: Indeedee\n|-damage|p2b: Bellina|73\/100|[from] item: Life Orb\n|\n|upkeep\n|\n|t:|1681964711\n|switch|p1a: Ting-Lu|Ting-Lu, L50|36\/100\n|-ability|p1a: Ting-Lu|Vessel of Ruin\n|turn|15\n|\n|t:|1681964718\n|move|p1b: Dudunsparce|Rock Slide|p2b: Bellina\n|-resisted|p2b: Bellina\n|-damage|p2b: Bellina|62\/100\n|move|p1a: Ting-Lu|Earthquake|p2b: Bellina|[spread] p2b\n|-immune|p1b: Dudunsparce\n|-supereffective|p2b: Bellina\n|-crit|p2b: Bellina\n|-damage|p2b: Bellina|0 fnt\n|faint|p2b: Bellina\n|-end|p2b: Bellina|Protosynthesis|[silent]\n|\n|win|Mathemagico\n|raw|Mathemagico's rating: 1054 → 1082<\/strong> (+28 for winning)\n|raw|pub reject's rating: 1008 → 1000<\/strong> (-8 for losing)\n|c|\u2606pub reject|gg\n|c|\u2606Mathemagico|gg\n|l|\u2606Mathemagico\n","uploadtime":1681964738,"views":8,"p1id":"mathemagico","p2id":"pubreject","formatid":"gen9vgc2023regulationc","rating":1000,"private":0,"password":""}