{"id":"gen9vgc2023regulationc-1864148673","p1":"KhiidBrazil","p2":"The Spicy Cigar","format":"[Gen 9] VGC 2023 Regulation C","log":"|j|\u2606KhiidBrazil\n|j|\u2606The Spicy Cigar\n|t:|1684125071\n|gametype|doubles\n|player|p1|KhiidBrazil|1|1233\n|player|p2|The Spicy Cigar|smasher|1189\n|teamsize|p1|6\n|teamsize|p2|6\n|gen|9\n|tier|[Gen 9] VGC 2023 Regulation C\n|rated|\n|rule|Species Clause: Limit one of each Pok\u00e9mon\n|rule|Item Clause: Limit one of each item\n|clearpoke\n|poke|p1|Kingambit, L50, F|\n|poke|p1|Dragonite, L50, M|\n|poke|p1|Abomasnow, L50, M|\n|poke|p1|Great Tusk, L50|\n|poke|p1|Iron Bundle, L50|\n|poke|p1|Flutter Mane, L50|\n|poke|p2|Farigiraf, L50, F|\n|poke|p2|Iron Hands, L50|\n|poke|p2|Ting-Lu, L50|\n|poke|p2|Bronzong, L50|\n|poke|p2|Flutter Mane, L50|\n|poke|p2|Chi-Yu, L50|\n|teampreview|4\n|inactive|Battle timer is ON: inactive players will automatically lose when time's up. (requested by KhiidBrazil)\n|\n|t:|1684125122\n|start\n|switch|p1a: Iron Bundle|Iron Bundle, L50, shiny|100\/100\n|switch|p1b: Great Tusk|Great Tusk, L50|100\/100\n|switch|p2a: Bronzong|Bronzong, L50|100\/100\n|switch|p2b: Ting-Lu|Ting-Lu, L50|100\/100\n|-ability|p2b: Ting-Lu|Vessel of Ruin\n|-enditem|p1a: Iron Bundle|Booster Energy\n|-activate|p1a: Iron Bundle|ability: Quark Drive|[fromitem]\n|-start|p1a: Iron Bundle|quarkdrivespe\n|turn|1\n|inactive|KhiidBrazil has 30 seconds left.\n|inactive|The Spicy Cigar has 30 seconds left.\n|\n|t:|1684125155\n|move|p1a: Iron Bundle|Aurora Veil||[still]\n|-fail|p1a: Iron Bundle\n|move|p1b: Great Tusk|Close Combat|p2b: Ting-Lu\n|-supereffective|p2b: Ting-Lu\n|-damage|p2b: Ting-Lu|23\/100\n|-unboost|p1b: Great Tusk|def|1\n|-unboost|p1b: Great Tusk|spd|1\n|move|p2b: Ting-Lu|Earthquake|p1b: Great Tusk|[spread] p1a,p1b\n|-immune|p2a: Bronzong|[from] ability: Levitate\n|-damage|p1a: Iron Bundle|57\/100\n|-damage|p1b: Great Tusk|61\/100\n|move|p2a: Bronzong|Trick Room|p2a: Bronzong\n|-fieldstart|move: Trick Room|[of] p2a: Bronzong\n|\n|upkeep\n|turn|2\n|inactive|The Spicy Cigar has 30 seconds left.\n|\n|t:|1684125185\n|move|p2a: Bronzong|Gyro Ball|p1b: Great Tusk\n|-damage|p1b: Great Tusk|7\/100\n|move|p2b: Ting-Lu|Earthquake|p1b: Great Tusk|[spread] p1a,p1b\n|-immune|p2a: Bronzong|[from] ability: Levitate\n|-damage|p1a: Iron Bundle|13\/100\n|-damage|p1b: Great Tusk|0 fnt\n|faint|p1b: Great Tusk\n|-end|p1b: Great Tusk|Protosynthesis|[silent]\n|move|p1a: Iron Bundle|Aurora Veil||[still]\n|-fail|p1a: Iron Bundle\n|\n|upkeep\n|\n|t:|1684125204\n|switch|p1b: Kingambit|Kingambit, L50, F|100\/100\n|turn|3\n|c|\u2606The Spicy Cigar|snow has to be up for that i think\n|inactive|KhiidBrazil has 30 seconds left.\n|c|\u2606KhiidBrazil|ohhh\n|inactive|KhiidBrazil has 20 seconds left.\n|inactive|KhiidBrazil has 15 seconds left.\n|\n|t:|1684125244\n|switch|p1b: Abomasnow|Abomasnow, L50, M|100\/100\n|-weather|Snow|[from] ability: Snow Warning|[of] p1b: Abomasnow\n|-terastallize|p2a: Bronzong|Poison\n|move|p2a: Bronzong|Gyro Ball|p1a: Iron Bundle\n|-crit|p1a: Iron Bundle\n|-damage|p1a: Iron Bundle|0 fnt\n|faint|p1a: Iron Bundle\n|-end|p1a: Iron Bundle|Quark Drive|[silent]\n|move|p2b: Ting-Lu|Rock Slide|p1b: Abomasnow|[miss]\n|-miss|p2b: Ting-Lu|p1b: Abomasnow\n|\n|-weather|Snow|[upkeep]\n|upkeep\n|\n|t:|1684125255\n|switch|p1a: Kingambit|Kingambit, L50, F|100\/100\n|turn|4\n|inactive|KhiidBrazil has 30 seconds left.\n|inactive|KhiidBrazil has 20 seconds left.\n|inactive|KhiidBrazil has 15 seconds left.\n|inactive|KhiidBrazil has 10 seconds left.\n|inactive|KhiidBrazil has 5 seconds left.\n|\n|t:|1684125310\n|move|p2a: Bronzong|Gyro Ball|p1b: Abomasnow\n|-supereffective|p1b: Abomasnow\n|-damage|p1b: Abomasnow|72\/100\n|move|p2b: Ting-Lu|Ruination|p1b: Abomasnow\n|-damage|p1b: Abomasnow|36\/100\n|move|p1a: Kingambit|Iron Head|p2a: Bronzong\n|-damage|p2a: Bronzong|62\/100\n|move|p1b: Abomasnow|Blizzard|p2a: Bronzong|[spread] p2a,p2b\n|-supereffective|p2b: Ting-Lu\n|-damage|p2a: Bronzong|37\/100\n|-damage|p2b: Ting-Lu|0 fnt\n|-status|p2a: Bronzong|frz\n|faint|p2b: Ting-Lu\n|-damage|p1b: Abomasnow|27\/100|[from] item: Life Orb\n|\n|-weather|Snow|[upkeep]\n|upkeep\n|\n|t:|1684125326\n|switch|p2b: Chi-Yu|Chi-Yu, L50|100\/100\n|-ability|p2b: Chi-Yu|Beads of Ruin\n|turn|5\n|inactive|KhiidBrazil has 30 seconds left.\n|inactive|KhiidBrazil has 20 seconds left.\n|inactive|KhiidBrazil has 15 seconds left.\n|inactive|KhiidBrazil has 10 seconds left.\n|inactive|KhiidBrazil has 5 seconds left.\n|\n|t:|1684125381\n|move|p2b: Chi-Yu|Protect|p2b: Chi-Yu\n|-singleturn|p2b: Chi-Yu|Protect\n|cant|p2a: Bronzong|frz\n|move|p1a: Kingambit|Iron Head|p2b: Chi-Yu\n|-activate|p2b: Chi-Yu|move: Protect\n|move|p1b: Abomasnow|Blizzard|p2a: Bronzong|[spread] p2a\n|-activate|p2b: Chi-Yu|move: Protect\n|-damage|p2a: Bronzong|0 fnt\n|faint|p2a: Bronzong\n|-damage|p1b: Abomasnow|17\/100|[from] item: Life Orb\n|\n|-weather|Snow|[upkeep]\n|-fieldend|move: Trick Room\n|upkeep\n|inactive|The Spicy Cigar has 30 seconds left.\n|inactive|The Spicy Cigar has 20 seconds left.\n|\n|t:|1684125419\n|switch|p2a: Flutter Mane|Flutter Mane, L50|100\/100\n|-enditem|p2a: Flutter Mane|Booster Energy\n|-activate|p2a: Flutter Mane|ability: Protosynthesis|[fromitem]\n|-start|p2a: Flutter Mane|protosynthesisspe\n|turn|6\n|inactive|The Spicy Cigar has 30 seconds left.\n|\n|t:|1684125447\n|-terastallize|p1a: Kingambit|Fire\n|move|p2a: Flutter Mane|Protect|p2a: Flutter Mane\n|-singleturn|p2a: Flutter Mane|Protect\n|move|p1a: Kingambit|Sucker Punch||[still]\n|-fail|p1a: Kingambit\n|move|p2b: Chi-Yu|Heat Wave|p1b: Abomasnow|[spread] p1a,p1b\n|-resisted|p1a: Kingambit\n|-supereffective|p1b: Abomasnow\n|-damage|p1a: Kingambit|86\/100\n|-damage|p1b: Abomasnow|0 fnt\n|faint|p1b: Abomasnow\n|\n|-weather|Snow|[upkeep]\n|upkeep\n|turn|7\n|\n|t:|1684125463\n|move|p1a: Kingambit|Sucker Punch|p2a: Flutter Mane\n|-damage|p2a: Flutter Mane|10\/100\n|move|p2a: Flutter Mane|Thunderbolt|p1a: Kingambit\n|-damage|p1a: Kingambit|58\/100\n|move|p2b: Chi-Yu|Dark Pulse|p1a: Kingambit\n|-damage|p1a: Kingambit|28\/100\n|\n|-weather|none\n|upkeep\n|turn|8\n|\n|t:|1684125476\n|move|p2a: Flutter Mane|Protect|p2a: Flutter Mane\n|-singleturn|p2a: Flutter Mane|Protect\n|move|p1a: Kingambit|Sucker Punch||[still]\n|-fail|p1a: Kingambit\n|move|p2b: Chi-Yu|Dark Pulse|p1a: Kingambit\n|-damage|p1a: Kingambit|0 fnt\n|faint|p1a: Kingambit\n|\n|win|The Spicy Cigar\n|raw|KhiidBrazil's rating: 1233 → 1205<\/strong> (-28 for losing)\n|raw|The Spicy Cigar's rating: 1189 → 1217<\/strong> (+28 for winning)\n|l|\u2606KhiidBrazil\n|c|\u2606The Spicy Cigar|gg\n","uploadtime":1684125492,"views":5,"p1id":"khiidbrazil","p2id":"thespicycigar","formatid":"gen9vgc2023regulationc","rating":1205,"private":0,"password":""}