{"id":"gen9vgc2023regulationc-1862914595","p1":"jchemmy","p2":"Lealrec","format":"[Gen 9] VGC 2023 Regulation C","log":"|j|\u2606jchemmy\n|j|\u2606Lealrec\n|t:|1683937749\n|gametype|doubles\n|player|p1|jchemmy|brock|1383\n|player|p2|Lealrec|102|1306\n|teamsize|p1|6\n|teamsize|p2|6\n|gen|9\n|tier|[Gen 9] VGC 2023 Regulation C\n|rated|\n|rule|Species Clause: Limit one of each Pok\u00e9mon\n|rule|Item Clause: Limit one of each item\n|clearpoke\n|poke|p1|Flutter Mane, L50|\n|poke|p1|Ting-Lu, L50|\n|poke|p1|Baxcalibur, L50, F|\n|poke|p1|Palafin, L50, M|\n|poke|p1|Arcanine, L50, M|\n|poke|p1|Amoonguss, L50, M|\n|poke|p2|Iron Bundle, L50|\n|poke|p2|Flutter Mane, L50|\n|poke|p2|Tauros-Paldea-Blaze, L50, M|\n|poke|p2|Ting-Lu, L50|\n|poke|p2|Amoonguss, L50, F|\n|poke|p2|Murkrow, L50, F|\n|teampreview|4\n|inactive|Battle timer is ON: inactive players will automatically lose when time's up. (requested by jchemmy)\njchemmy has agreed to open team sheets.\n|inactive|jchemmy has 60 seconds left.\n|inactive|Lealrec has 60 seconds left.\n|inactive|jchemmy has 30 seconds left.\n|inactive|Lealrec has 30 seconds left.\n|inactive|jchemmy has 20 seconds left.\n|inactive|Lealrec has 20 seconds left.\n|inactive|jchemmy has 15 seconds left.\n|inactive|Lealrec has 15 seconds left.\n|inactive|jchemmy has 10 seconds left.\n|inactive|Lealrec has 10 seconds left.\n|inactive|Lealrec has 5 seconds left.\n|\n|t:|1683937836\n|start\n|switch|p1a: Palafin|Palafin, L50, M|100\/100\n|switch|p1b: Ting-Lu|Ting-Lu, L50|100\/100\n|switch|p2a: Ting-Lu|Ting-Lu, L50|100\/100\n|switch|p2b: Murkrow|Murkrow, L50, F|100\/100\n|-ability|p2a: Ting-Lu|Vessel of Ruin\n|-ability|p1b: Ting-Lu|Vessel of Ruin\n|turn|1\n|\n|t:|1683937861\n|detailschange|p1a: Palafin|Palafin-Hero, L50, M\n|switch|p1a: Arcanine|Arcanine, L50, M|100\/100\n|-ability|p1a: Arcanine|Intimidate|boost\n|-unboost|p2a: Ting-Lu|atk|1\n|-unboost|p2b: Murkrow|atk|1\n|move|p2b: Murkrow|Tailwind|p2b: Murkrow\n|-sidestart|p2: Lealrec|move: Tailwind\n|move|p2a: Ting-Lu|Stealth Rock|p1b: Ting-Lu\n|-sidestart|p1: jchemmy|move: Stealth Rock\n|move|p1b: Ting-Lu|Ruination|p2a: Ting-Lu\n|-damage|p2a: Ting-Lu|50\/100\n|\n|upkeep\n|turn|2\n|inactive|Lealrec has 30 seconds left.\n|inactive|Lealrec has 20 seconds left.\n|\n|t:|1683937900\n|switch|p1a: Palafin|Palafin-Hero, L50, M|100\/100\n|-damage|p1a: Palafin|88\/100|[from] Stealth Rock\n|-activate|p1a: Palafin|ability: Zero to Hero\n|move|p2b: Murkrow|Taunt|p1b: Ting-Lu\n|-hint|Since gen 7, Dark is immune to Prankster moves.\n|-immune|p1b: Ting-Lu\n|move|p2a: Ting-Lu|Ruination|p1a: Palafin\n|-damage|p1a: Palafin|44\/100\n|move|p1b: Ting-Lu|Ruination|p2b: Murkrow\n|-damage|p2b: Murkrow|51\/100\n|\n|upkeep\n|turn|3\n|inactive|jchemmy has 30 seconds left.\n|inactive|Lealrec has 30 seconds left.\n|\n|t:|1683937932\n|-terastallize|p1a: Palafin|Water\n|move|p2b: Murkrow|Haze|p2b: Murkrow\n|-clearallboost\n|move|p1a: Palafin|Jet Punch|p2a: Ting-Lu\n|-supereffective|p2a: Ting-Lu\n|-damage|p2a: Ting-Lu|0 fnt\n|faint|p2a: Ting-Lu\n|move|p1b: Ting-Lu|Stone Edge|p2b: Murkrow\n|-supereffective|p2b: Murkrow\n|-damage|p2b: Murkrow|0 fnt\n|faint|p2b: Murkrow\n|\n|upkeep\n|\n|t:|1683937946\n|switch|p2b: Flutter Mane|Flutter Mane, L50|100\/100\n|switch|p2a: Tauros|Tauros-Paldea-Blaze, L50, M|100\/100\n|-ability|p2a: Tauros|Intimidate|boost\n|-unboost|p1a: Palafin|atk|1\n|-unboost|p1b: Ting-Lu|atk|1\n|turn|4\n|inactive|jchemmy has 30 seconds left.\n|\n|t:|1683937976\n|switch|p1b: Arcanine|Arcanine, L50, M|100\/100\n|-damage|p1b: Arcanine|76\/100|[from] Stealth Rock\n|-ability|p1b: Arcanine|Intimidate|boost\n|-unboost|p2a: Tauros|atk|1\n|-unboost|p2b: Flutter Mane|atk|1\n|-terastallize|p2a: Tauros|Grass\n|move|p1a: Palafin|Protect|p1a: Palafin\n|-singleturn|p1a: Palafin|Protect\n|move|p2b: Flutter Mane|Moonblast|p1b: Arcanine\n|-resisted|p1b: Arcanine\n|-damage|p1b: Arcanine|49\/100\n|-unboost|p1b: Arcanine|spa|1\n|-damage|p2b: Flutter Mane|91\/100|[from] item: Life Orb\n|move|p2a: Tauros|Will-O-Wisp|p1a: Palafin\n|-activate|p1a: Palafin|move: Protect\n|\n|-sideend|p2: Lealrec|move: Tailwind\n|upkeep\n|turn|5\n|inactive|Lealrec has 30 seconds left.\n|inactive|Lealrec has 20 seconds left.\n|\n|t:|1683938013\n|move|p1a: Palafin|Jet Punch|p2b: Flutter Mane\n|-damage|p2b: Flutter Mane|0 fnt\n|faint|p2b: Flutter Mane\n|-end|p2b: Flutter Mane|Protosynthesis|[silent]\n|move|p2a: Tauros|Will-O-Wisp|p1a: Palafin\n|-status|p1a: Palafin|brn\n|move|p1b: Arcanine|Flare Blitz|p2a: Tauros\n|-supereffective|p2a: Tauros\n|-damage|p2a: Tauros|17\/100\n|-damage|p1b: Arcanine|23\/100|[from] Recoil\n|\n|-damage|p1a: Palafin|39\/100 brn|[from] brn\n|upkeep\n|turn|6\n|-message|Lealrec forfeited.\n|\n|win|jchemmy\n|raw|jchemmy's rating: 1383 → 1399<\/strong> (+16 for winning)\n|raw|Lealrec's rating: 1306 → 1290<\/strong> (-16 for losing)\n|l|\u2606Lealrec\n","uploadtime":1683938022,"views":12,"p1id":"jchemmy","p2id":"lealrec","formatid":"gen9vgc2023regulationc","rating":1290,"private":0,"password":""}