{"id":"gen9vgc2023regulationc-1848073231","p1":"mathtass","p2":"TJRaynes","format":"[Gen 9] VGC 2023 Regulation C","log":"|j|\u2606mathtass\n|j|\u2606TJRaynes\n|t:|1682026649\n|gametype|doubles\n|player|p1|mathtass|266|\n|player|p2|TJRaynes|marley|\n|teamsize|p1|6\n|teamsize|p2|6\n|gen|9\n|tier|[Gen 9] VGC 2023 Regulation C\n|rated|Tournament battle\n|rule|Species Clause: Limit one of each Pok\u00e9mon\n|rule|Item Clause: Limit one of each item\n|clearpoke\n|poke|p1|Amoonguss, L50, F|\n|poke|p1|Chi-Yu, L50|\n|poke|p1|Arcanine, L50, M|\n|poke|p1|Dragonite, L50, F|\n|poke|p1|Flutter Mane, L50|\n|poke|p1|Palafin, L50, F|\n|poke|p2|Talonflame, L50, F|\n|poke|p2|Garchomp, L50, F|\n|poke|p2|Pachirisu, L50, F|\n|poke|p2|Gyarados, L50, M|\n|poke|p2|Breloom, L50, M|\n|poke|p2|Bronzong, L50|\n|teampreview|4\n|c|\u2606TJRaynes|glhf\nTJRaynes has agreed to open team sheets.\nmathtass has agreed to open team sheets.\n|j| wildfire2\n|\n|t:|1682026686\n|start\n|switch|p1a: Dragonite|Dragonite, L50, F, shiny|100\/100\n|switch|p1b: Palafin|Palafin, L50, F, shiny|100\/100\n|switch|p2a: Talonflame|Talonflame, L50, F|100\/100\n|switch|p2b: Pachirisu|Pachirisu, L50, F|100\/100\n|turn|1\n|j|+ToastNoButter\n|\n|t:|1682026708\n|detailschange|p1b: Palafin|Palafin-Hero, L50, F, shiny\n|switch|p1b: Arcanine|Arcanine, L50, M, shiny|100\/100\n|-ability|p1b: Arcanine|Intimidate|boost\n|-unboost|p2a: Talonflame|atk|1\n|-unboost|p2b: Pachirisu|atk|1\n|-terastallize|p1a: Dragonite|Normal\n|move|p2b: Pachirisu|Follow Me|p2b: Pachirisu\n|-singleturn|p2b: Pachirisu|move: Follow Me\n|move|p1a: Dragonite|Extreme Speed|p2b: Pachirisu\n|-damage|p2b: Pachirisu|8\/100\n|-enditem|p2b: Pachirisu|Sitrus Berry|[eat]\n|-heal|p2b: Pachirisu|33\/100|[from] item: Sitrus Berry\n|move|p2a: Talonflame|Will-O-Wisp|p1a: Dragonite\n|-status|p1a: Dragonite|brn\n|\n|-damage|p1a: Dragonite|94\/100 brn|[from] brn\n|upkeep\n|turn|2\n|\n|t:|1682026730\n|switch|p2a: Gyarados|Gyarados, L50, M|100\/100\n|-ability|p2a: Gyarados|Intimidate|boost\n|-fail|p1a: Dragonite|unboost|Attack|[from] ability: Inner Focus|[of] p1a: Dragonite\n|-unboost|p1b: Arcanine|atk|1\n|move|p1a: Dragonite|Extreme Speed|p2a: Gyarados\n|-damage|p2a: Gyarados|66\/100\n|move|p2b: Pachirisu|Nuzzle|p1b: Arcanine\n|-damage|p1b: Arcanine|98\/100\n|-status|p1b: Arcanine|par\n|move|p1b: Arcanine|Flare Blitz|p2b: Pachirisu\n|-damage|p2b: Pachirisu|0 fnt\n|faint|p2b: Pachirisu\n|-damage|p1b: Arcanine|90\/100 par|[from] Recoil\n|\n|-damage|p1a: Dragonite|88\/100 brn|[from] brn\n|upkeep\n|j| minionbanana57\n|\n|t:|1682026748\n|switch|p2b: Garchomp|Garchomp, L50, F|100\/100\n|turn|3\n|\n|t:|1682026767\n|-terastallize|p2b: Garchomp|Ground\n|cant|p1b: Arcanine|par\n|move|p1a: Dragonite|Extreme Speed|p2a: Gyarados\n|-damage|p2a: Gyarados|32\/100\n|move|p2b: Garchomp|Earthquake|p1a: Dragonite|[spread] p1a,p1b\n|-immune|p2a: Gyarados\n|-supereffective|p1b: Arcanine\n|-damage|p1a: Dragonite|39\/100 brn\n|-damage|p1b: Arcanine|0 fnt\n|faint|p1b: Arcanine\n|move|p2a: Gyarados|Waterfall|p1a: Dragonite\n|-damage|p1a: Dragonite|7\/100 brn\n|\n|-damage|p1a: Dragonite|0 fnt|[from] brn\n|faint|p1a: Dragonite\n|upkeep\n|\n|t:|1682026776\n|switch|p1b: Flutter Mane|Flutter Mane, L50, shiny|100\/100\n|switch|p1a: Palafin|Palafin-Hero, L50, F, shiny|100\/100\n|-activate|p1a: Palafin|ability: Zero to Hero\n|turn|4\n|\n|t:|1682026802\n|switch|p2b: Talonflame|Talonflame, L50, F|100\/100\n|move|p2a: Gyarados|Protect|p2a: Gyarados\n|-singleturn|p2a: Gyarados|Protect\n|move|p1a: Palafin|Jet Punch|p2b: Talonflame\n|-supereffective|p2b: Talonflame\n|-damage|p2b: Talonflame|0 fnt\n|faint|p2b: Talonflame\n|move|p1b: Flutter Mane|Dazzling Gleam|p2a: Gyarados\n|-activate|p2a: Gyarados|move: Protect\n|\n|upkeep\n|\n|t:|1682026813\n|switch|p2b: Garchomp|Garchomp, L50, F, tera:Ground|100\/100\n|turn|5\n|\n|t:|1682026820\n|move|p1a: Palafin|Jet Punch|p2b: Garchomp\n|-supereffective|p2b: Garchomp\n|-damage|p2b: Garchomp|28\/100\n|-damage|p1a: Palafin|88\/100|[from] ability: Rough Skin|[of] p2b: Garchomp\n|move|p1b: Flutter Mane|Dazzling Gleam|p2a: Gyarados|[spread] p2a,p2b\n|-damage|p2a: Gyarados|4\/100\n|-damage|p2b: Garchomp|0 fnt\n|faint|p2b: Garchomp\n|move|p2a: Gyarados|Waterfall|p1b: Flutter Mane\n|-damage|p1b: Flutter Mane|22\/100\n|\n|upkeep\n|turn|6\n|c|\u2606TJRaynes|gg\n|c|\u2606mathtass|gg\n|-message|TJRaynes forfeited.\n|\n|win|mathtass\n|n|\u2606mathtass|mathtass\n|n|\u2606TJRaynes|tjraynes\n|n| wildfire2|wildfire2\n|n| ToastNoButter|toastnobutter\n|n| minionbanana57|minionbanana57\n","uploadtime":1682026834,"views":5,"p1id":"mathtass","p2id":"tjraynes","formatid":"gen9vgc2023regulationc","rating":0,"private":0,"password":""}