{"id":"gen9vgc2023regulationc-1852459922","p1":"IndieVGC","p2":"nightpigeon","format":"[Gen 9] VGC 2023 Regulation C","log":"|j|\u2606IndieVGC\n|j|\u2606nightpigeon\n|t:|1682560346\n|gametype|doubles\n|player|p1|IndieVGC|cynthia|1103\n|player|p2|nightpigeon|emmet|1043\n|teamsize|p1|6\n|teamsize|p2|6\n|gen|9\n|tier|[Gen 9] VGC 2023 Regulation C\n|rated|\n|rule|Species Clause: Limit one of each Pok\u00e9mon\n|rule|Item Clause: Limit one of each item\n|clearpoke\n|poke|p1|Arcanine, L50, M|\n|poke|p1|Amoonguss, L50, F|\n|poke|p1|Garganacl, L50, M|\n|poke|p1|Roaring Moon, L50|\n|poke|p1|Flutter Mane, L50|\n|poke|p1|Chi-Yu, L50|\n|poke|p2|Annihilape, L50, F|\n|poke|p2|Maushold, L50|\n|poke|p2|Gyarados, L50, M|\n|poke|p2|Chien-Pao, L50|\n|poke|p2|Iron Hands, L50|\n|poke|p2|Amoonguss, L50, F|\n|teampreview|4\n|\n|t:|1682560375\n|start\n|switch|p1a: Garganacl|Garganacl, L50, M|100\/100\n|switch|p1b: Flutter Mane|Flutter Mane, L50|100\/100\n|switch|p2a: Annihilape|Annihilape, L50, F|100\/100\n|switch|p2b: Maushold|Maushold, L50|100\/100\n|turn|1\n|\n|t:|1682560408\n|-terastallize|p1b: Flutter Mane|Fairy\n|-terastallize|p2a: Annihilape|Fire\n|move|p2b: Maushold|Follow Me|p2b: Maushold\n|-singleturn|p2b: Maushold|move: Follow Me\n|move|p1b: Flutter Mane|Moonblast|p2b: Maushold\n|-damage|p2b: Maushold|4\/100\n|move|p2a: Annihilape|Bulk Up|p2a: Annihilape\n|-boost|p2a: Annihilape|atk|1\n|-boost|p2a: Annihilape|def|1\n|move|p1a: Garganacl|Salt Cure|p2b: Maushold\n|-damage|p2b: Maushold|0 fnt\n|faint|p2b: Maushold\n|\n|upkeep\n|\n|t:|1682560416\n|switch|p2b: Iron Hands|Iron Hands, L50|100\/100\n|turn|2\n|\n|t:|1682560433\n|move|p2b: Iron Hands|Fake Out|p1a: Garganacl\n|-resisted|p1a: Garganacl\n|-damage|p1a: Garganacl|97\/100\n|move|p1b: Flutter Mane|Moonblast|p2b: Iron Hands\n|-supereffective|p2b: Iron Hands\n|-damage|p2b: Iron Hands|8\/100\n|-unboost|p2b: Iron Hands|spa|1\n|move|p2a: Annihilape|Rage Fist|p1b: Flutter Mane\n|-damage|p1b: Flutter Mane|34\/100\n|cant|p1a: Garganacl|flinch\n|\n|-heal|p1a: Garganacl|100\/100|[from] item: Leftovers\n|upkeep\n|turn|3\n|\n|t:|1682560452\n|move|p1b: Flutter Mane|Moonblast|p2b: Iron Hands\n|-supereffective|p2b: Iron Hands\n|-damage|p2b: Iron Hands|0 fnt\n|faint|p2b: Iron Hands\n|-end|p2b: Iron Hands|Quark Drive|[silent]\n|move|p2a: Annihilape|Rage Fist|p1b: Flutter Mane\n|-damage|p1b: Flutter Mane|0 fnt\n|faint|p1b: Flutter Mane\n|-end|p1b: Flutter Mane|Protosynthesis|[silent]\n|move|p1a: Garganacl|Salt Cure|p2a: Annihilape\n|-supereffective|p2a: Annihilape\n|-damage|p2a: Annihilape|82\/100\n|-start|p2a: Annihilape|Salt Cure\n|\n|-heal|p2a: Annihilape|89\/100|[from] item: Leftovers\n|-damage|p2a: Annihilape|76\/100|[from] Salt Cure\n|upkeep\n|\n|t:|1682560471\n|switch|p1b: Amoonguss|Amoonguss, L50, F, shiny|100\/100\n|switch|p2b: Gyarados|Gyarados, L50, M|100\/100\n|-ability|p2b: Gyarados|Intimidate|boost\n|-unboost|p1a: Garganacl|atk|1\n|-unboost|p1b: Amoonguss|atk|1\n|turn|4\n|\n|t:|1682560487\n|move|p1a: Garganacl|Protect|p1a: Garganacl\n|-singleturn|p1a: Garganacl|Protect\n|move|p1b: Amoonguss|Protect|p1b: Amoonguss\n|-singleturn|p1b: Amoonguss|Protect\n|move|p2a: Annihilape|Drain Punch|p1a: Garganacl\n|-activate|p1a: Garganacl|move: Protect\n|move|p2b: Gyarados|Taunt|p1b: Amoonguss\n|-activate|p1b: Amoonguss|move: Protect\n|\n|-heal|p2a: Annihilape|82\/100|[from] item: Leftovers\n|-damage|p2a: Annihilape|70\/100|[from] Salt Cure\n|upkeep\n|turn|5\n|\n|t:|1682560512\n|switch|p1b: Roaring Moon|Roaring Moon, L50|100\/100\n|-enditem|p1b: Roaring Moon|Booster Energy\n|-activate|p1b: Roaring Moon|ability: Protosynthesis|[fromitem]\n|-start|p1b: Roaring Moon|protosynthesisspe\n|move|p2a: Annihilape|Drain Punch|p1a: Garganacl\n|-supereffective|p1a: Garganacl\n|-damage|p1a: Garganacl|51\/100\n|-heal|p2a: Annihilape|94\/100|[from] drain|[of] p1a: Garganacl\n|move|p2b: Gyarados|Taunt|p1b: Roaring Moon\n|-start|p1b: Roaring Moon|move: Taunt\n|move|p1a: Garganacl|Salt Cure|p2b: Gyarados\n|-supereffective|p2b: Gyarados\n|-damage|p2b: Gyarados|78\/100\n|-start|p2b: Gyarados|Salt Cure\n|\n|-heal|p2a: Annihilape|100\/100|[from] item: Leftovers\n|-heal|p1a: Garganacl|57\/100|[from] item: Leftovers\n|-damage|p2a: Annihilape|88\/100|[from] Salt Cure\n|-damage|p2b: Gyarados|53\/100|[from] Salt Cure\n|upkeep\n|turn|6\n|\n|t:|1682560550\n|move|p1a: Garganacl|Protect|p1a: Garganacl\n|-singleturn|p1a: Garganacl|Protect\n|move|p1b: Roaring Moon|Jaw Lock|p2b: Gyarados\n|-damage|p2b: Gyarados|7\/100\n|-activate|p1b: Roaring Moon|trapped\n|-activate|p2b: Gyarados|trapped\n|-enditem|p2b: Gyarados|Sitrus Berry|[eat]\n|-heal|p2b: Gyarados|32\/100|[from] item: Sitrus Berry\n|move|p2a: Annihilape|Drain Punch|p1b: Roaring Moon\n|-supereffective|p1b: Roaring Moon\n|-damage|p1b: Roaring Moon|0 fnt\n|-heal|p2a: Annihilape|100\/100|[from] drain|[of] p1b: Roaring Moon\n|faint|p1b: Roaring Moon\n|-end|p1b: Roaring Moon|Protosynthesis|[silent]\n|move|p2b: Gyarados|Waterfall|p1a: Garganacl\n|-activate|p1a: Garganacl|move: Protect\n|\n|-heal|p1a: Garganacl|63\/100|[from] item: Leftovers\n|-damage|p2a: Annihilape|88\/100|[from] Salt Cure\n|-damage|p2b: Gyarados|7\/100|[from] Salt Cure\n|upkeep\n|\n|t:|1682560570\n|switch|p1b: Amoonguss|Amoonguss, L50, F, shiny|100\/100\n|turn|7\n|\n|t:|1682560583\n|move|p1b: Amoonguss|Protect|p1b: Amoonguss\n|-singleturn|p1b: Amoonguss|Protect\n|move|p2a: Annihilape|Bulk Up|p2a: Annihilape\n|-boost|p2a: Annihilape|atk|1\n|-boost|p2a: Annihilape|def|1\n|move|p2b: Gyarados|Taunt|p1b: Amoonguss\n|-activate|p1b: Amoonguss|move: Protect\n|move|p1a: Garganacl|Recover|p1a: Garganacl\n|-heal|p1a: Garganacl|100\/100\n|\n|-heal|p2a: Annihilape|94\/100|[from] item: Leftovers\n|-damage|p2a: Annihilape|82\/100|[from] Salt Cure\n|-damage|p2b: Gyarados|0 fnt|[from] Salt Cure\n|faint|p2b: Gyarados\n|upkeep\n|turn|8\n|\n|t:|1682560605\n|move|p2a: Annihilape|Rage Fist|p1b: Amoonguss\n|-damage|p1b: Amoonguss|35\/100\n|-enditem|p1b: Amoonguss|Sitrus Berry|[eat]\n|-heal|p1b: Amoonguss|60\/100|[from] item: Sitrus Berry\n|move|p1a: Garganacl|Recover||[still]\n|-fail|p1a: Garganacl|heal\n|move|p1b: Amoonguss|Spore|p2a: Annihilape\n|-status|p2a: Annihilape|slp|[from] move: Spore\n|\n|-heal|p2a: Annihilape|88\/100 slp|[from] item: Leftovers\n|-damage|p2a: Annihilape|76\/100 slp|[from] Salt Cure\n|upkeep\n|turn|9\n|\n|t:|1682560624\n|cant|p2a: Annihilape|slp\n|move|p1a: Garganacl|Salt Cure|p2a: Annihilape\n|-supereffective|p2a: Annihilape\n|-damage|p2a: Annihilape|66\/100 slp\n|move|p1b: Amoonguss|Pollen Puff|p2a: Annihilape\n|-resisted|p2a: Annihilape\n|-damage|p2a: Annihilape|58\/100 slp\n|\n|-heal|p2a: Annihilape|64\/100 slp|[from] item: Leftovers\n|-damage|p2a: Annihilape|52\/100 slp|[from] Salt Cure\n|upkeep\n|turn|10\n|\n|t:|1682560645\n|-curestatus|p2a: Annihilape|slp|[msg]\n|move|p2a: Annihilape|Drain Punch|p1a: Garganacl\n|-supereffective|p1a: Garganacl\n|-damage|p1a: Garganacl|28\/100\n|-heal|p2a: Annihilape|88\/100|[from] drain|[of] p1a: Garganacl\n|move|p1a: Garganacl|Salt Cure|p2a: Annihilape\n|-supereffective|p2a: Annihilape\n|-damage|p2a: Annihilape|79\/100\n|move|p1b: Amoonguss|Pollen Puff|p2a: Annihilape\n|-resisted|p2a: Annihilape\n|-damage|p2a: Annihilape|71\/100\n|\n|-heal|p2a: Annihilape|78\/100|[from] item: Leftovers\n|-heal|p1a: Garganacl|34\/100|[from] item: Leftovers\n|-damage|p2a: Annihilape|65\/100|[from] Salt Cure\n|upkeep\n|turn|11\n|\n|t:|1682560666\n|move|p1a: Garganacl|Protect|p1a: Garganacl\n|-singleturn|p1a: Garganacl|Protect\n|move|p2a: Annihilape|Rage Fist|p1b: Amoonguss\n|-damage|p1b: Amoonguss|0 fnt\n|faint|p1b: Amoonguss\n|\n|-heal|p2a: Annihilape|71\/100|[from] item: Leftovers\n|-heal|p1a: Garganacl|40\/100|[from] item: Leftovers\n|-damage|p2a: Annihilape|59\/100|[from] Salt Cure\n|upkeep\n|turn|12\n|c|\u2606nightpigeon|gg\n|\n|t:|1682560679\n|move|p2a: Annihilape|Drain Punch|p1a: Garganacl\n|-supereffective|p1a: Garganacl\n|-damage|p1a: Garganacl|0 fnt\n|-heal|p2a: Annihilape|78\/100|[from] drain|[of] p1a: Garganacl\n|faint|p1a: Garganacl\n|\n|win|nightpigeon\n|raw|IndieVGC's rating: 1103 → 1074<\/strong> (-29 for losing)\n|raw|nightpigeon's rating: 1043 → 1082<\/strong> (+39 for winning)\n","uploadtime":1682560686,"views":8,"p1id":"indievgc","p2id":"nightpigeon","formatid":"gen9vgc2023regulationc","rating":1074,"private":0,"password":""}