{"id":"gen9vgc2023regulationc-1859203797","p1":"shurick","p2":"GeasGX","format":"[Gen 9] VGC 2023 Regulation C","log":"|j|\u2606shurick\n|j|\u2606GeasGX\n|t:|1683417512\n|gametype|doubles\n|player|p1|shurick|ghetsis|\n|player|p2|GeasGX|hugh|\n|teamsize|p1|6\n|teamsize|p2|6\n|gen|9\n|tier|[Gen 9] VGC 2023 Regulation C\n|rule|Species Clause: Limit one of each Pok\u00e9mon\n|rule|Item Clause: Limit one of each item\n|clearpoke\n|poke|p1|Baxcalibur, L50, F|\n|poke|p1|Amoonguss, L50, F|\n|poke|p1|Pawmot, L50, M|\n|poke|p1|Flutter Mane, L50|\n|poke|p1|Garganacl, L50, F|\n|poke|p1|Palafin, L50, F|\n|poke|p2|Iron Hands, L50|\n|poke|p2|Annihilape, L50, M|\n|poke|p2|Pelipper, L50, M|\n|poke|p2|Palafin, L50, M|\n|poke|p2|Baxcalibur, L50, F|\n|poke|p2|Kingambit, L50, M|\n|teampreview|4\n|j| MeteorPlayz_\n|c|\u2606GeasGX|Se pod\u00eda cambiar o reinicio y uso el mismo meteor\n|\n|t:|1683417562\n|start\n|switch|p1a: NikolaTesla|Pawmot, L50, M|100\/100\n|switch|p1b: Simo hayha|Baxcalibur, L50, F|100\/100\n|switch|p2a: Felipe|Pelipper, L50, M|100\/100\n|switch|p2b: DelfinRanger|Palafin, L50, M|100\/100\n|-weather|RainDance|[from] ability: Drizzle|[of] p2a: Felipe\n|turn|1\n|\n|t:|1683417590\n|detailschange|p2b: DelfinRanger|Palafin-Hero, L50, M\n|switch|p2b: Shogun|Kingambit, L50, M, shiny|100\/100\n|move|p1a: NikolaTesla|Double Shock|p2a: Felipe\n|-supereffective|p2a: Felipe\n|-enditem|p2a: Felipe|Focus Sash\n|-damage|p2a: Felipe|1\/100\n|-start|p1a: NikolaTesla|typechange|???\/Fighting|[from] move: Double Shock\n|move|p1b: Simo hayha|Dragon Dance|p1b: Simo hayha\n|-boost|p1b: Simo hayha|atk|1\n|-boost|p1b: Simo hayha|spe|1\n|move|p2a: Felipe|Tailwind|p2a: Felipe\n|-sidestart|p2: GeasGX|move: Tailwind\n|\n|-weather|RainDance|[upkeep]\n|upkeep\n|turn|2\n|\n|t:|1683417630\n|-terastallize|p1a: NikolaTesla|Electric\n|move|p1b: Simo hayha|Protect|p1b: Simo hayha\n|-singleturn|p1b: Simo hayha|Protect\n|move|p1a: NikolaTesla|Mach Punch|p2b: Shogun\n|-supereffective|p2b: Shogun\n|-damage|p2b: Shogun|18\/100\n|move|p2a: Felipe|Hurricane|p1a: NikolaTesla\n|-resisted|p1a: NikolaTesla\n|-damage|p1a: NikolaTesla|54\/100\n|move|p2b: Shogun|Swords Dance|p2b: Shogun\n|-boost|p2b: Shogun|atk|2\n|\n|-weather|RainDance|[upkeep]\n|upkeep\n|turn|3\n|\n|t:|1683417660\n|move|p2a: Felipe|Protect|p2a: Felipe\n|-singleturn|p2a: Felipe|Protect\n|move|p2b: Shogun|Sucker Punch|p1a: NikolaTesla\n|-damage|p1a: NikolaTesla|0 fnt\n|faint|p1a: NikolaTesla\n|move|p1b: Simo hayha|Icicle Spear|p2a: Felipe\n|-activate|p2a: Felipe|move: Protect\n|\n|-weather|RainDance|[upkeep]\n|upkeep\n|\n|t:|1683417665\n|switch|p1a: RaidenTamemon|Amoonguss, L50, F|100\/100\n|turn|4\n|\n|t:|1683417678\n|move|p1b: Simo hayha|Protect|p1b: Simo hayha\n|-singleturn|p1b: Simo hayha|Protect\n|move|p1a: RaidenTamemon|Rage Powder|p1a: RaidenTamemon\n|-singleturn|p1a: RaidenTamemon|move: Rage Powder\n|move|p2a: Felipe|Hurricane|p1a: RaidenTamemon\n|-supereffective|p1a: RaidenTamemon\n|-damage|p1a: RaidenTamemon|0 fnt\n|faint|p1a: RaidenTamemon\n|move|p2b: Shogun|Iron Head|p1b: Simo hayha\n|-activate|p1b: Simo hayha|move: Protect\n|\n|-weather|RainDance|[upkeep]\n|-sideend|p2: GeasGX|move: Tailwind\n|upkeep\n|\n|t:|1683417682\n|switch|p1a: Nostradamus|Flutter Mane, L50|100\/100\n|-enditem|p1a: Nostradamus|Booster Energy\n|-activate|p1a: Nostradamus|ability: Protosynthesis|[fromitem]\n|-start|p1a: Nostradamus|protosynthesisspa\n|turn|5\n|\n|t:|1683417697\n|move|p2b: Shogun|Sucker Punch||[still]\n|-fail|p2b: Shogun\n|move|p1b: Simo hayha|Icicle Spear|p2a: Felipe\n|-crit|p2a: Felipe\n|-damage|p2a: Felipe|0 fnt\n|faint|p2a: Felipe\n|-hitcount|p2: Felipe|1\n|move|p1a: Nostradamus|Imprison|p1a: Nostradamus\n|-start|p1a: Nostradamus|move: Imprison\n|\n|-weather|none\n|upkeep\n|\n|t:|1683417707\n|switch|p2a: BastaSosReLindo|Annihilape, L50, M|100\/100\n|turn|6\n|\n|t:|1683417740\n|move|p2a: BastaSosReLindo|Close Combat|p1b: Simo hayha\n|-supereffective|p1b: Simo hayha\n|-damage|p1b: Simo hayha|0 fnt\n|-unboost|p2a: BastaSosReLindo|def|1\n|-unboost|p2a: BastaSosReLindo|spd|1\n|faint|p1b: Simo hayha\n|move|p1a: Nostradamus|Dazzling Gleam|p2b: Shogun|[spread] p2a,p2b\n|-supereffective|p2a: BastaSosReLindo\n|-damage|p2a: BastaSosReLindo|0 fnt\n|-damage|p2b: Shogun|0 fnt\n|faint|p2a: BastaSosReLindo\n|faint|p2b: Shogun\n|-end|p2b: Shogun|fallenundefined|[silent]\n|\n|upkeep\n|\n|t:|1683417749\n|switch|p2a: DelfinRanger|Palafin-Hero, L50, M|100\/100\n|-activate|p2a: DelfinRanger|ability: Zero to Hero\n|turn|7\n|\n|t:|1683417761\n|move|p1a: Nostradamus|Shadow Ball|p2a: DelfinRanger\n|-damage|p2a: DelfinRanger|36\/100\n|move|p2a: DelfinRanger|Wave Crash|p1a: Nostradamus\n|-damage|p1a: Nostradamus|0 fnt\n|faint|p1a: Nostradamus\n|-end|p1a: Nostradamus|Protosynthesis|[silent]\n|-damage|p2a: DelfinRanger|15\/100|[from] Recoil\n|\n|win|GeasGX\n|c|\u2606shurick|Gg\n|c|\u2606GeasGX|Gg\n","uploadtime":1683417770,"views":17,"p1id":"shurick","p2id":"geasgx","formatid":"gen9vgc2023regulationc","rating":0,"private":0,"password":""}