{"id":"gen9vgc2023regulationc-1857114300","p1":"NTMFG","p2":"vrumvrumnatal","format":"[Gen 9] VGC 2023 Regulation C","log":"|j|\u2606NTMFG\n|j|\u2606vrumvrumnatal\n|t:|1683147207\n|gametype|doubles\n|player|p1|NTMFG|benga|1043\n|player|p2|vrumvrumnatal|170|1148\n|teamsize|p1|6\n|teamsize|p2|6\n|gen|9\n|tier|[Gen 9] VGC 2023 Regulation C\n|rated|\n|rule|Species Clause: Limit one of each Pok\u00e9mon\n|rule|Item Clause: Limit one of each item\n|clearpoke\n|poke|p1|Amoonguss, L50, M|\n|poke|p1|Flutter Mane, L50|\n|poke|p1|Chien-Pao, L50|\n|poke|p1|Garchomp, L50, M|\n|poke|p1|Talonflame, L50, M|\n|poke|p1|Gyarados, L50, F|\n|poke|p2|Ting-Lu, L50|\n|poke|p2|Abomasnow, L50, F|\n|poke|p2|Flutter Mane, L50|\n|poke|p2|Iron Hands, L50|\n|poke|p2|Bronzong, L50|\n|poke|p2|Arcanine, L50, F|\n|teampreview|4\nNTMFG has agreed to open team sheets.\n|\n|t:|1683147276\n|start\n|switch|p1a: Garchomp|Garchomp, L50, M|100\/100\n|switch|p1b: Talonflame|Talonflame, L50, M|100\/100\n|switch|p2a: Arcanine|Arcanine, L50, F|100\/100\n|switch|p2b: Bronzong|Bronzong, L50|100\/100\n|-ability|p2a: Arcanine|Intimidate|boost\n|-unboost|p1a: Garchomp|atk|1\n|-unboost|p1b: Talonflame|atk|1\n|turn|1\n|\n|t:|1683147295\n|move|p1b: Talonflame|Taunt|p2b: Bronzong\n|-start|p2b: Bronzong|move: Taunt\n|move|p1a: Garchomp|Earthquake|p2a: Arcanine|[spread] p2a\n|-immune|p1b: Talonflame\n|-immune|p2b: Bronzong|[from] ability: Levitate\n|-supereffective|p2a: Arcanine\n|-damage|p2a: Arcanine|47\/100\n|move|p2a: Arcanine|Will-O-Wisp|p1a: Garchomp\n|-status|p1a: Garchomp|brn\n|cant|p2b: Bronzong|move: Taunt|Trick Room\n|\n|-damage|p1a: Garchomp|95\/100 brn|[from] brn\n|upkeep\n|turn|2\n|\n|t:|1683147326\n|switch|p2b: Abomasnow|Abomasnow, L50, F|100\/100\n|-weather|Snow|[from] ability: Snow Warning|[of] p2b: Abomasnow\n|move|p2a: Arcanine|Extreme Speed|p1b: Talonflame\n|-damage|p1b: Talonflame|65\/100\n|move|p1b: Talonflame|Tailwind|p1b: Talonflame\n|-sidestart|p1: NTMFG|move: Tailwind\n|move|p1a: Garchomp|Earthquake|p2a: Arcanine|[spread] p2a,p2b\n|-immune|p1b: Talonflame\n|-supereffective|p2a: Arcanine\n|-resisted|p2b: Abomasnow\n|-damage|p2a: Arcanine|18\/100\n|-damage|p2b: Abomasnow|96\/100\n|\n|-weather|Snow|[upkeep]\n|-damage|p1a: Garchomp|89\/100 brn|[from] brn\n|upkeep\n|turn|3\n|\n|t:|1683147355\n|switch|p2a: Bronzong|Bronzong, L50|100\/100\n|-terastallize|p1a: Garchomp|Fire\n|-terastallize|p2b: Abomasnow|Water\n|move|p1b: Talonflame|Taunt|p2b: Abomasnow\n|-start|p2b: Abomasnow|move: Taunt\n|move|p1a: Garchomp|Earthquake|p2b: Abomasnow|[spread] p2b\n|-immune|p1b: Talonflame\n|-immune|p2a: Bronzong|[from] ability: Levitate\n|-damage|p2b: Abomasnow|81\/100\n|move|p2b: Abomasnow|Blizzard|p1b: Talonflame|[spread] p1a,p1b\n|-resisted|p1a: Garchomp\n|-damage|p1a: Garchomp|74\/100 brn\n|-damage|p1b: Talonflame|21\/100\n|\n|-weather|Snow|[upkeep]\n|-damage|p1a: Garchomp|68\/100 brn|[from] brn\n|upkeep\n|turn|4\n|\n|t:|1683147391\n|move|p1b: Talonflame|Taunt|p2a: Bronzong\n|-start|p2a: Bronzong|move: Taunt\n|move|p1a: Garchomp|Tera Blast|p2a: Bronzong\n|-supereffective|p2a: Bronzong\n|-damage|p2a: Bronzong|76\/100\n|move|p2b: Abomasnow|Earth Power|p1a: Garchomp\n|-supereffective|p1a: Garchomp\n|-damage|p1a: Garchomp|25\/100 brn\n|-unboost|p1a: Garchomp|spd|1\n|move|p2a: Bronzong|Gyro Ball|p1a: Garchomp\n|-resisted|p1a: Garchomp\n|-damage|p1a: Garchomp|2\/100 brn\n|-damage|p2a: Bronzong|64\/100|[from] ability: Rough Skin|[of] p1a: Garchomp\n|\n|-weather|Snow|[upkeep]\n|-damage|p1a: Garchomp|0 fnt|[from] brn\n|faint|p1a: Garchomp\n|upkeep\n|\n|t:|1683147408\n|switch|p1a: Chien-Pao|Chien-Pao, L50|100\/100\n|-ability|p1a: Chien-Pao|Sword of Ruin\n|turn|5\n|\n|t:|1683147422\n|move|p1a: Chien-Pao|Sucker Punch|p2a: Bronzong\n|-supereffective|p2a: Bronzong\n|-damage|p2a: Bronzong|0 fnt\n|faint|p2a: Bronzong\n|move|p1b: Talonflame|Brave Bird|p2b: Abomasnow\n|-damage|p2b: Abomasnow|44\/100\n|-damage|p1b: Talonflame|8\/100|[from] Recoil\n|move|p2b: Abomasnow|Blizzard|p1b: Talonflame|[spread] p1a,p1b\n|-resisted|p1a: Chien-Pao\n|-damage|p1a: Chien-Pao|73\/100\n|-damage|p1b: Talonflame|0 fnt\n|faint|p1b: Talonflame\n|\n|-weather|Snow|[upkeep]\n|-end|p2b: Abomasnow|move: Taunt\n|-sideend|p1: NTMFG|move: Tailwind\n|upkeep\n|\n|t:|1683147438\n|switch|p1b: Gyarados|Gyarados, L50, F|100\/100\n|switch|p2a: Arcanine|Arcanine, L50, F|18\/100\n|-ability|p2a: Arcanine|Intimidate|boost\n|-unboost|p1a: Chien-Pao|atk|1\n|-unboost|p1b: Gyarados|atk|1\n|-ability|p1b: Gyarados|Intimidate|boost\n|-unboost|p2a: Arcanine|atk|1\n|-unboost|p2b: Abomasnow|atk|1\n|turn|6\n|\n|t:|1683147452\n|move|p2a: Arcanine|Extreme Speed|p1a: Chien-Pao\n|-damage|p1a: Chien-Pao|56\/100\n|move|p1a: Chien-Pao|Haze|p1a: Chien-Pao\n|-clearallboost\n|move|p1b: Gyarados|Waterfall|p2a: Arcanine\n|-supereffective|p2a: Arcanine\n|-damage|p2a: Arcanine|0 fnt\n|faint|p2a: Arcanine\n|move|p2b: Abomasnow|Blizzard|p1b: Gyarados|[spread] p1a,p1b\n|-resisted|p1a: Chien-Pao\n|-damage|p1a: Chien-Pao|25\/100\n|-damage|p1b: Gyarados|71\/100\n|\n|-weather|none\n|upkeep\n|\n|t:|1683147466\n|switch|p2a: Flutter Mane|Flutter Mane, L50|100\/100\n|turn|7\n|\n|t:|1683147491\n|move|p1a: Chien-Pao|Sucker Punch|p2a: Flutter Mane\n|-damage|p2a: Flutter Mane|37\/100\n|move|p2a: Flutter Mane|Dazzling Gleam|p1a: Chien-Pao|[spread] p1a,p1b\n|-supereffective|p1a: Chien-Pao\n|-damage|p1a: Chien-Pao|0 fnt\n|-damage|p1b: Gyarados|35\/100\n|-enditem|p1b: Gyarados|Sitrus Berry|[eat]\n|-heal|p1b: Gyarados|60\/100|[from] item: Sitrus Berry\n|faint|p1a: Chien-Pao\n|move|p1b: Gyarados|Waterfall|p2a: Flutter Mane\n|-damage|p2a: Flutter Mane|0 fnt\n|faint|p2a: Flutter Mane\n|-end|p2a: Flutter Mane|Protosynthesis|[silent]\n|move|p2b: Abomasnow|Giga Drain|p1b: Gyarados\n|-damage|p1b: Gyarados|32\/100\n|-heal|p2b: Abomasnow|58\/100|[from] drain|[of] p1b: Gyarados\n|\n|upkeep\n|turn|8\n|\n|t:|1683147512\n|move|p1b: Gyarados|Waterfall|p2b: Abomasnow\n|-resisted|p2b: Abomasnow\n|-damage|p2b: Abomasnow|41\/100\n|move|p2b: Abomasnow|Giga Drain|p1b: Gyarados\n|-damage|p1b: Gyarados|3\/100\n|-heal|p2b: Abomasnow|56\/100|[from] drain|[of] p1b: Gyarados\n|\n|upkeep\n|turn|9\n|-message|NTMFG forfeited.\n|\n|win|vrumvrumnatal\n|raw|NTMFG's rating: 1043 → 1031<\/strong> (-12 for losing)\n|raw|vrumvrumnatal's rating: 1148 → 1166<\/strong> (+18 for winning)\n|l|\u2606NTMFG\n","uploadtime":1683147526,"views":19,"p1id":"ntmfg","p2id":"vrumvrumnatal","formatid":"gen9vgc2023regulationc","rating":1031,"private":0,"password":""}