{"id":"gen9vgc2023regulationc-1853081829","p1":"Daddicursa","p2":"Ricardo Randorez","format":"[Gen 9] VGC 2023 Regulation C","log":"|j|\u2606Daddicursa\n|j|\u2606Ricardo Randorez\n|t:|1682632957\n|gametype|doubles\n|player|p1|Daddicursa|riley|1176\n|player|p2|Ricardo Randorez|1|1101\n|teamsize|p1|6\n|teamsize|p2|6\n|gen|9\n|tier|[Gen 9] VGC 2023 Regulation C\n|rated|\n|rule|Species Clause: Limit one of each Pok\u00e9mon\n|rule|Item Clause: Limit one of each item\n|clearpoke\n|poke|p1|Dachsbun, L50, F|\n|poke|p1|Ceruledge, L50, F|\n|poke|p1|Baxcalibur, L50, F|\n|poke|p1|Iron Bundle, L50|\n|poke|p1|Abomasnow, L50, M|\n|poke|p1|Chien-Pao, L50|\n|poke|p2|Gyarados, L50, M|\n|poke|p2|Arcanine, L50, M|\n|poke|p2|Dragonite, L50, F|\n|poke|p2|Great Tusk, L50|\n|poke|p2|Iron Jugulis, L50|\n|poke|p2|Chien-Pao, L50|\n|teampreview|4\n|inactive|Battle timer is ON: inactive players will automatically lose when time's up. (requested by Ricardo Randorez)\n|\n|t:|1682632990\n|start\n|switch|p1a: Iron Bundle|Iron Bundle, L50|100\/100\n|switch|p1b: Ceruledge|Ceruledge, L50, F|100\/100\n|switch|p2a: Iron Jugulis|Iron Jugulis, L50|100\/100\n|switch|p2b: Great Tusk|Great Tusk, L50|100\/100\n|-enditem|p1a: Iron Bundle|Booster Energy\n|-activate|p1a: Iron Bundle|ability: Quark Drive|[fromitem]\n|-start|p1a: Iron Bundle|quarkdrivespe\n|-enditem|p2a: Iron Jugulis|Booster Energy\n|-activate|p2a: Iron Jugulis|ability: Quark Drive|[fromitem]\n|-start|p2a: Iron Jugulis|quarkdrivespe\n|turn|1\n|inactive|Daddicursa has 30 seconds left.\n|inactive|Ricardo Randorez has 30 seconds left.\n|inactive|Daddicursa has 20 seconds left.\n|inactive|Daddicursa has 15 seconds left.\n|inactive|Daddicursa has 10 seconds left.\n|inactive|Daddicursa has 5 seconds left.\n|\n|t:|1682633041\n|-terastallize|p2b: Great Tusk|Ground\n|-terastallize|p1b: Ceruledge|Grass\n|move|p1a: Iron Bundle|Hydro Pump|p2b: Great Tusk\n|-supereffective|p2b: Great Tusk\n|-damage|p2b: Great Tusk|0 fnt\n|faint|p2b: Great Tusk\n|-end|p2b: Great Tusk|Protosynthesis|[silent]\n|move|p2a: Iron Jugulis|Tailwind|p2a: Iron Jugulis\n|-sidestart|p2: Ricardo Randorez|move: Tailwind\n|move|p1b: Ceruledge|Bulk Up|p1b: Ceruledge\n|-boost|p1b: Ceruledge|atk|1\n|-boost|p1b: Ceruledge|def|1\n|\n|upkeep\n|\n|t:|1682633057\n|switch|p2b: Chien-Pao|Chien-Pao, L50|100\/100\n|-ability|p2b: Chien-Pao|Sword of Ruin\n|turn|2\n|inactive|Daddicursa has 30 seconds left.\n|inactive|Daddicursa has 20 seconds left.\n|c|\u2606Ricardo Randorez|Let\u2019s go pal\n|inactive|Daddicursa has 15 seconds left.\n|inactive|Daddicursa has 10 seconds left.\n|c|\u2606Ricardo Randorez|Lgtv combo incoming\n|inactive|Daddicursa has 5 seconds left.\n|\n|t:|1682633110\n|move|p2a: Iron Jugulis|Snarl|p1b: Ceruledge|[spread] p1a,p1b\n|-damage|p1a: Iron Bundle|56\/100\n|-damage|p1b: Ceruledge|78\/100\n|-unboost|p1a: Iron Bundle|spa|1\n|-unboost|p1b: Ceruledge|spa|1\n|move|p2b: Chien-Pao|Ice Spinner|p1b: Ceruledge\n|-supereffective|p1b: Ceruledge\n|-damage|p1b: Ceruledge|2\/100\n|-ability|p1b: Ceruledge|Weak Armor|boost\n|-unboost|p1b: Ceruledge|def|1\n|-boost|p1b: Ceruledge|spe|2\n|-enditem|p1b: Ceruledge|Weakness Policy\n|-boost|p1b: Ceruledge|atk|2|[from] item: Weakness Policy\n|-boost|p1b: Ceruledge|spa|2|[from] item: Weakness Policy\n|move|p1a: Iron Bundle|Flip Turn|p1b: Ceruledge\n|-resisted|p1b: Ceruledge\n|-damage|p1b: Ceruledge|0 fnt\n|faint|p1b: Ceruledge\n|\n|t:|1682633128\n|-end|p1a: Iron Bundle|Quark Drive|[silent]\n|switch|p1a: Abomasnow|Abomasnow, L50, M|100\/100|[from] Flip Turn\n|-weather|Snow|[from] ability: Snow Warning|[of] p1a: Abomasnow\n|\n|-weather|Snow|[upkeep]\n|upkeep\n|\n|t:|1682633136\n|switch|p1b: Iron Bundle|Iron Bundle, L50|56\/100\n|turn|3\n|\n|t:|1682633150\n|move|p2a: Iron Jugulis|Air Slash|p1a: Abomasnow\n|-supereffective|p1a: Abomasnow\n|-damage|p1a: Abomasnow|17\/100\n|move|p2b: Chien-Pao|Sacred Sword|p1b: Iron Bundle\n|-supereffective|p1b: Iron Bundle\n|-damage|p1b: Iron Bundle|0 fnt\n|faint|p1b: Iron Bundle\n|-end|p1b: Iron Bundle|Quark Drive|[silent]\n|move|p1a: Abomasnow|Blizzard|p2b: Chien-Pao|[spread] p2a,p2b\n|-supereffective|p2a: Iron Jugulis\n|-resisted|p2b: Chien-Pao\n|-damage|p2a: Iron Jugulis|18\/100\n|-damage|p2b: Chien-Pao|70\/100\n|\n|-weather|Snow|[upkeep]\n|upkeep\n|\n|t:|1682633164\n|switch|p1b: Dachsbun|Dachsbun, L50, F|100\/100\n|turn|4\n|\n|t:|1682633174\n|move|p1a: Abomasnow|Protect|p1a: Abomasnow\n|-singleturn|p1a: Abomasnow|Protect\n|move|p2a: Iron Jugulis|Air Slash|p1a: Abomasnow\n|-activate|p1a: Abomasnow|move: Protect\n|move|p2b: Chien-Pao|Ice Spinner|p1b: Dachsbun\n|-damage|p1b: Dachsbun|47\/100\n|-enditem|p1b: Dachsbun|Sitrus Berry|[eat]\n|-heal|p1b: Dachsbun|72\/100|[from] item: Sitrus Berry\n|move|p1b: Dachsbun|Body Press|p2b: Chien-Pao\n|-supereffective|p2b: Chien-Pao\n|-damage|p2b: Chien-Pao|0 fnt\n|faint|p2b: Chien-Pao\n|\n|-weather|Snow|[upkeep]\n|-sideend|p2: Ricardo Randorez|move: Tailwind\n|upkeep\n|c|\u2606Daddicursa|damn didn\u2019t mean to kill my own ledge\n|\n|t:|1682633189\n|switch|p2b: Dragonite|Dragonite, L50, F|100\/100\n|turn|5\n|inactive|Daddicursa has 30 seconds left.\n|inactive|Ricardo Randorez has 30 seconds left.\n|\n|t:|1682633222\n|move|p1a: Abomasnow|Protect||[still]\n|-fail|p1a: Abomasnow\n|move|p2b: Dragonite|Extreme Speed|p1a: Abomasnow\n|-damage|p1a: Abomasnow|0 fnt\n|faint|p1a: Abomasnow\n|move|p2a: Iron Jugulis|Air Slash|p1b: Dachsbun\n|-damage|p1b: Dachsbun|17\/100\n|move|p1b: Dachsbun|Body Press|p2a: Iron Jugulis\n|-damage|p2a: Iron Jugulis|0 fnt\n|faint|p2a: Iron Jugulis\n|-end|p2a: Iron Jugulis|Quark Drive|[silent]\n|\n|-weather|Snow|[upkeep]\n|upkeep\n|turn|6\n|\n|t:|1682633241\n|move|p2b: Dragonite|Extreme Speed|p1b: Dachsbun\n|-damage|p1b: Dachsbun|0 fnt\n|faint|p1b: Dachsbun\n|\n|win|Ricardo Randorez\n|raw|Daddicursa's rating: 1176 → 1146<\/strong> (-30 for losing)\n|raw|Ricardo Randorez's rating: 1101 → 1131<\/strong> (+30 for winning)\n","uploadtime":1682633249,"views":11,"p1id":"daddicursa","p2id":"ricardorandorez","formatid":"gen9vgc2023regulationc","rating":1131,"private":0,"password":""}