{"id":"gen9vgc2023regulationc-1857227041","p1":"NicoHaxVGC","p2":"Chibichan24","format":"[Gen 9] VGC 2023 Regulation C","log":"|j|\u2606NicoHaxVGC\n|j|\u2606Chibichan24\n|t:|1683160486\n|gametype|doubles\n|player|p1|NicoHaxVGC|red|1329\n|player|p2|Chibichan24|102|1445\n|teamsize|p1|6\n|teamsize|p2|6\n|gen|9\n|tier|[Gen 9] VGC 2023 Regulation C\n|rated|\n|rule|Species Clause: Limit one of each Pok\u00e9mon\n|rule|Item Clause: Limit one of each item\n|clearpoke\n|poke|p1|Corviknight, L50, F|\n|poke|p1|Ting-Lu, L50|\n|poke|p1|Annihilape, L50, M|\n|poke|p1|Maushold, L50|\n|poke|p1|Iron Bundle, L50|\n|poke|p1|Flutter Mane, L50|\n|poke|p2|Flutter Mane, L50|\n|poke|p2|Chi-Yu, L50|\n|poke|p2|Roaring Moon, L50|\n|poke|p2|Jumpluff, L50, F|\n|poke|p2|Wo-Chien, L50|\n|poke|p2|Torkoal, L50, M|\n|teampreview|4\n|inactive|Battle timer is ON: inactive players will automatically lose when time's up. (requested by NicoHaxVGC)\n|inactive|Chibichan24 has 60 seconds left.\n|inactive|Chibichan24 has 30 seconds left.\n|inactive|Chibichan24 has 20 seconds left.\n|inactive|Chibichan24 has 15 seconds left.\n|inactive|Chibichan24 has 10 seconds left.\n|inactive|Chibichan24 has 5 seconds left.\n|\n|t:|1683160577\n|start\n|switch|p1a: Beast boy|Ting-Lu, L50|100\/100\n|switch|p1b: Cyborg|Iron Bundle, L50|100\/100\n|switch|p2a: Flutter Mane|Flutter Mane, L50|100\/100\n|switch|p2b: Chi-Yu|Chi-Yu, L50|100\/100\n|-ability|p2b: Chi-Yu|Beads of Ruin\n|-ability|p1a: Beast boy|Vessel of Ruin\n|-enditem|p1b: Cyborg|Booster Energy\n|-activate|p1b: Cyborg|ability: Quark Drive|[fromitem]\n|-start|p1b: Cyborg|quarkdrivespe\n|turn|1\n|inactive|NicoHaxVGC has 30 seconds left.\n|inactive|Chibichan24 has 30 seconds left.\n|\n|t:|1683160607\n|move|p2b: Chi-Yu|Protect|p2b: Chi-Yu\n|-singleturn|p2b: Chi-Yu|Protect\n|move|p1b: Cyborg|Hydro Pump|p2b: Chi-Yu\n|-activate|p2b: Chi-Yu|move: Protect\n|move|p1a: Beast boy|Heavy Slam|p2a: Flutter Mane\n|-supereffective|p2a: Flutter Mane\n|-damage|p2a: Flutter Mane|23\/100\n|move|p2a: Flutter Mane|Trick Room|p2a: Flutter Mane\n|-fieldstart|move: Trick Room|[of] p2a: Flutter Mane\n|\n|upkeep\n|turn|2\n|inactive|Chibichan24 has 30 seconds left.\n|inactive|Chibichan24 has 20 seconds left.\n|\n|t:|1683160645\n|-terastallize|p2b: Chi-Yu|Grass\n|move|p1b: Cyborg|Protect|p1b: Cyborg\n|-singleturn|p1b: Cyborg|Protect\n|move|p2a: Flutter Mane|Shadow Ball|p1b: Cyborg\n|-activate|p1b: Cyborg|move: Protect\n|move|p1a: Beast boy|Rock Slide|p2a: Flutter Mane|[spread] p2b\n|-miss|p1a: Beast boy|p2a: Flutter Mane\n|-damage|p2b: Chi-Yu|80\/100\n|move|p2b: Chi-Yu|Tera Blast|p1b: Cyborg\n|-activate|p1b: Cyborg|move: Protect\n|\n|upkeep\n|turn|3\n|inactive|Chibichan24 has 30 seconds left.\n|\n|t:|1683160671\n|move|p2a: Flutter Mane|Shadow Ball|p1a: Beast boy\n|-resisted|p1a: Beast boy\n|-damage|p1a: Beast boy|92\/100\n|move|p1a: Beast boy|Rock Slide|p2b: Chi-Yu|[spread] p2b\n|-miss|p1a: Beast boy|p2a: Flutter Mane\n|-damage|p2b: Chi-Yu|59\/100\n|move|p2b: Chi-Yu|Tera Blast|p1b: Cyborg\n|-supereffective|p1b: Cyborg\n|-damage|p1b: Cyborg|0 fnt\n|faint|p1b: Cyborg\n|-end|p1b: Cyborg|Quark Drive|[silent]\n|\n|upkeep\n|\n|t:|1683160684\n|switch|p1b: Star fire|Flutter Mane, L50|100\/100\n|turn|4\n|\n|t:|1683160708\n|-terastallize|p1b: Star fire|Fairy\n|move|p2a: Flutter Mane|Shadow Ball|p1b: Star fire\n|-damage|p1b: Star fire|68\/100\n|-unboost|p1b: Star fire|spd|1\n|move|p1a: Beast boy|Rock Slide|p2a: Flutter Mane|[spread] p2b\n|-miss|p1a: Beast boy|p2a: Flutter Mane\n|-damage|p2b: Chi-Yu|41\/100\n|cant|p2b: Chi-Yu|flinch\n|move|p1b: Star fire|Moonblast|p2b: Chi-Yu\n|-damage|p2b: Chi-Yu|0 fnt\n|faint|p2b: Chi-Yu\n|\n|upkeep\n|\n|t:|1683160728\n|switch|p2b: Roaring Moon|Roaring Moon, L50|100\/100\n|turn|5\n|\n|t:|1683160740\n|move|p2b: Roaring Moon|Protect|p2b: Roaring Moon\n|-singleturn|p2b: Roaring Moon|Protect\n|move|p2a: Flutter Mane|Shadow Ball|p1b: Star fire\n|-damage|p1b: Star fire|33\/100\n|-unboost|p1b: Star fire|spd|1\n|move|p1a: Beast boy|Rock Slide|p2b: Roaring Moon|[spread] p2a\n|-activate|p2b: Roaring Moon|move: Protect\n|-damage|p2a: Flutter Mane|5\/100\n|move|p1b: Star fire|Moonblast|p2a: Flutter Mane\n|-damage|p2a: Flutter Mane|0 fnt\n|faint|p2a: Flutter Mane\n|-end|p2a: Flutter Mane|Protosynthesis|[silent]\n|\n|-fieldend|move: Trick Room\n|upkeep\n|\n|t:|1683160757\n|switch|p2a: Jumpluff|Jumpluff, L50, F|100\/100\n|turn|6\n|\n|t:|1683160777\n|move|p1b: Star fire|Moonblast|p2a: Jumpluff\n|-damage|p2a: Jumpluff|26\/100\n|move|p2a: Jumpluff|Sleep Powder|p1b: Star fire\n|-status|p1b: Star fire|slp|[from] move: Sleep Powder\n|move|p2b: Roaring Moon|Earthquake|p1a: Beast boy|[spread] p1a,p1b\n|-immune|p2a: Jumpluff\n|-damage|p1a: Beast boy|76\/100\n|-damage|p1b: Star fire|0 fnt\n|faint|p1b: Star fire\n|-end|p1b: Star fire|Protosynthesis|[silent]\n|move|p1a: Beast boy|Rock Slide|p2a: Jumpluff|[spread] p2b\n|-miss|p1a: Beast boy|p2a: Jumpluff\n|-damage|p2b: Roaring Moon|80\/100\n|\n|upkeep\n|\n|t:|1683160790\n|switch|p1b: Robin|Annihilape, L50, M|100\/100\n|turn|7\n|\n|t:|1683160801\n|move|p2a: Jumpluff|Sleep Powder|p1b: Robin\n|-status|p1b: Robin|slp|[from] move: Sleep Powder\n|move|p2b: Roaring Moon|Acrobatics|p1b: Robin\n|-supereffective|p1b: Robin\n|-damage|p1b: Robin|56\/100 slp\n|cant|p1b: Robin|slp\n|move|p1a: Beast boy|Rock Slide|p2a: Jumpluff|[spread] p2a,p2b\n|-supereffective|p2a: Jumpluff\n|-damage|p2a: Jumpluff|0 fnt\n|-damage|p2b: Roaring Moon|62\/100\n|faint|p2a: Jumpluff\n|\n|-heal|p1b: Robin|63\/100 slp|[from] item: Leftovers\n|upkeep\n|turn|8\n|inactive|NicoHaxVGC has 30 seconds left.\n|\n|t:|1683160831\n|cant|p1b: Robin|slp\n|move|p2b: Roaring Moon|Acrobatics|p1b: Robin\n|-supereffective|p1b: Robin\n|-crit|p1b: Robin\n|-damage|p1b: Robin|0 fnt\n|faint|p1b: Robin\n|move|p1a: Beast boy|Stomping Tantrum|p2b: Roaring Moon\n|-damage|p2b: Roaring Moon|24\/100\n|\n|upkeep\n|turn|9\n|inactive|Chibichan24 has 30 seconds left.\n|inactive|Chibichan24 has 20 seconds left.\n|\n|t:|1683160869\n|move|p2b: Roaring Moon|Earthquake|p1a: Beast boy\n|-damage|p1a: Beast boy|52\/100\n|move|p1a: Beast boy|Stomping Tantrum|p2b: Roaring Moon\n|-damage|p2b: Roaring Moon|0 fnt\n|faint|p2b: Roaring Moon\n|-end|p2b: Roaring Moon|Protosynthesis|[silent]\n|\n|win|NicoHaxVGC\n|raw|NicoHaxVGC's rating: 1329 → 1355<\/strong> (+26 for winning)\n|raw|Chibichan24's rating: 1445 → 1419<\/strong> (-26 for losing)\n","uploadtime":1683160877,"views":16,"p1id":"nicohaxvgc","p2id":"chibichan24","formatid":"gen9vgc2023regulationc","rating":1355,"private":0,"password":""}