{"id":"gen9vgc2023regulationc-1851819540","p1":"Dino_Rez","p2":"Mauler45","format":"[Gen 9] VGC 2023 Regulation C","log":"|j|\u2606Dino_Rez\n|j|\u2606Mauler45\n|t:|1682489558\n|gametype|doubles\n|player|p1|Dino_Rez|schoolkid-gen4dp|1044\n|player|p2|Mauler45|2|1102\n|teamsize|p1|6\n|teamsize|p2|6\n|gen|9\n|tier|[Gen 9] VGC 2023 Regulation C\n|rated|\n|rule|Species Clause: Limit one of each Pok\u00e9mon\n|rule|Item Clause: Limit one of each item\n|clearpoke\n|poke|p1|Klefki, L50, F|\n|poke|p1|Palafin, L50, M|\n|poke|p1|Talonflame, L50, M|\n|poke|p1|Iron Bundle, L50|\n|poke|p1|Kingambit, L50, M|\n|poke|p1|Amoonguss, L50, F|\n|poke|p2|Wo-Chien, L50|\n|poke|p2|Ting-Lu, L50|\n|poke|p2|Arcanine, L50, M|\n|poke|p2|Glimmora, L50, M|\n|poke|p2|Dondozo, L50, M|\n|poke|p2|Tatsugiri, L50, M|\n|teampreview|4\n|inactive|Battle timer is ON: inactive players will automatically lose when time's up. (requested by Mauler45)\n|inactive|Mauler45 has 60 seconds left.\n|c|\u2606Dino_Rez|Yeah stall again\n|\n|t:|1682489632\n|start\n|switch|p1a: Klefki|Klefki, L50, F|100\/100\n|switch|p1b: Palafin|Palafin, L50, M|100\/100\n|switch|p2a: Wo-Chien|Wo-Chien, L50|100\/100\n|switch|p2b: Ting-Lu|Ting-Lu, L50|100\/100\n|-ability|p2a: Wo-Chien|Tablets of Ruin\n|-ability|p2b: Ting-Lu|Vessel of Ruin\n|turn|1\n|c|\u2606Dino_Rez|Gl hf\n|c|\u2606Mauler45|GLHF\n|c|\u2606Mauler45|Not ready for the fatties\n|inactive|Mauler45 has 30 seconds left.\n|\n|t:|1682489666\n|detailschange|p1b: Palafin|Palafin-Hero, L50, M\n|switch|p1b: Iron Bundle|Iron Bundle, L50|100\/100\n|-enditem|p1b: Iron Bundle|Booster Energy\n|-activate|p1b: Iron Bundle|ability: Quark Drive|[fromitem]\n|-start|p1b: Iron Bundle|quarkdrivespa\n|move|p1a: Klefki|Reflect|p1a: Klefki\n|-sidestart|p1: Dino_Rez|Reflect\n|move|p2a: Wo-Chien|Knock Off|p1a: Klefki\n|-resisted|p1a: Klefki\n|-damage|p1a: Klefki|91\/100\n|-enditem|p1a: Klefki|Light Clay|[from] move: Knock Off|[of] p2a: Wo-Chien\n|move|p2b: Ting-Lu|Fissure|p1b: Iron Bundle|[miss]\n|-miss|p2b: Ting-Lu|p1b: Iron Bundle\n|\n|upkeep\n|turn|2\n|inactive|Dino_Rez has 30 seconds left.\n|inactive|Mauler45 has 30 seconds left.\n|inactive|Dino_Rez has 20 seconds left.\n|\n|t:|1682489703\n|-terastallize|p1b: Iron Bundle|Ice\n|-terastallize|p2b: Ting-Lu|Poison\n|move|p2a: Wo-Chien|Protect|p2a: Wo-Chien\n|-singleturn|p2a: Wo-Chien|Protect\n|move|p1a: Klefki|Light Screen|p1a: Klefki\n|-sidestart|p1: Dino_Rez|move: Light Screen\n|move|p1b: Iron Bundle|Icy Wind|p2a: Wo-Chien|[spread] p2b\n|-activate|p2a: Wo-Chien|move: Protect\n|-damage|p2b: Ting-Lu|83\/100\n|-unboost|p2b: Ting-Lu|spe|1\n|move|p2b: Ting-Lu|Stomping Tantrum|p1a: Klefki\n|-supereffective|p1a: Klefki\n|-damage|p1a: Klefki|16\/100\n|\n|upkeep\n|turn|3\n|inactive|Mauler45 has 30 seconds left.\n|\n|t:|1682489735\n|switch|p2a: Dondozo|Dondozo, L50, M|100\/100\n|move|p1a: Klefki|Thunder Wave|p2b: Ting-Lu\n|-status|p2b: Ting-Lu|par\n|move|p1b: Iron Bundle|Icy Wind|p2a: Dondozo|[spread] p2a,p2b\n|-resisted|p2a: Dondozo\n|-damage|p2a: Dondozo|86\/100\n|-damage|p2b: Ting-Lu|65\/100 par\n|-unboost|p2a: Dondozo|spe|1\n|-unboost|p2b: Ting-Lu|spe|1\n|move|p2b: Ting-Lu|Rock Slide|p1b: Iron Bundle|[spread] p1a,p1b\n|-resisted|p1a: Klefki\n|-crit|p1a: Klefki\n|-supereffective|p1b: Iron Bundle\n|-damage|p1a: Klefki|0 fnt\n|-damage|p1b: Iron Bundle|74\/100\n|faint|p1a: Klefki\n|\n|upkeep\n|\n|t:|1682489754\n|switch|p1a: Kingambit|Kingambit, L50, M|100\/100\n|-activate|p1a: Kingambit|ability: Supreme Overlord\n|-start|p1a: Kingambit|fallen1|[silent]\n|turn|4\n|inactive|Mauler45 has 30 seconds left.\n|\n|t:|1682489783\n|switch|p2b: Tatsugiri|Tatsugiri, L50, M|100\/100\n|-activate|p2b: Tatsugiri|ability: Commander|[of] p2a: Dondozo\n|-boost|p2a: Dondozo|atk|2\n|-boost|p2a: Dondozo|spa|2\n|-boost|p2a: Dondozo|spe|2\n|-boost|p2a: Dondozo|def|2\n|-boost|p2a: Dondozo|spd|2\n|move|p1b: Iron Bundle|Icy Wind|p2b: Tatsugiri|[spread] p2a\n|-miss|p1b: Iron Bundle|p2b: Tatsugiri\n|-resisted|p2a: Dondozo\n|-damage|p2a: Dondozo|76\/100\n|-unboost|p2a: Dondozo|spe|1\n|move|p2a: Dondozo|Earthquake|p1b: Iron Bundle|[spread] p1a,p1b\n|-miss|p2a: Dondozo|p2b: Tatsugiri\n|-supereffective|p1a: Kingambit\n|-damage|p1a: Kingambit|63\/100\n|-damage|p1b: Iron Bundle|41\/100\n|move|p1a: Kingambit|Swords Dance|p1a: Kingambit\n|-boost|p1a: Kingambit|atk|2\n|\n|upkeep\n|turn|5\n|\n|t:|1682489803\n|-end|p1b: Iron Bundle|Quark Drive|[silent]\n|switch|p1b: Palafin|Palafin-Hero, L50, M|100\/100\n|-activate|p1b: Palafin|ability: Zero to Hero\n|move|p1a: Kingambit|Protect|p1a: Kingambit\n|-singleturn|p1a: Kingambit|Protect\n|move|p2a: Dondozo|Earthquake|p1a: Kingambit|[spread] p1b\n|-miss|p2a: Dondozo|p2b: Tatsugiri\n|-activate|p1a: Kingambit|move: Protect\n|-crit|p1b: Palafin\n|-damage|p1b: Palafin|48\/100\n|\n|upkeep\n|turn|6\n|\n|t:|1682489818\n|-end|p1a: Kingambit|fallen1|[silent]\n|switch|p1a: Iron Bundle|Iron Bundle, L50, tera:Ice|41\/100\n|move|p1b: Palafin|Haze|p1b: Palafin\n|-clearallboost\n|move|p2a: Dondozo|Earthquake|p1b: Palafin|[spread] p1a,p1b\n|-miss|p2a: Dondozo|p2b: Tatsugiri\n|-damage|p1a: Iron Bundle|23\/100\n|-damage|p1b: Palafin|37\/100\n|\n|-sideend|p1: Dino_Rez|move: Light Screen\n|upkeep\n|turn|7\n|\n|t:|1682489834\n|switch|p1b: Kingambit|Kingambit, L50, M|63\/100\n|-activate|p1b: Kingambit|ability: Supreme Overlord\n|-start|p1b: Kingambit|fallen1|[silent]\n|move|p1a: Iron Bundle|Icy Wind|p2a: Dondozo|[spread] p2a\n|-miss|p1a: Iron Bundle|p2b: Tatsugiri\n|-resisted|p2a: Dondozo\n|-damage|p2a: Dondozo|60\/100\n|-unboost|p2a: Dondozo|spe|1\n|move|p2a: Dondozo|Earthquake|p1a: Iron Bundle|[spread] p1a,p1b\n|-miss|p2a: Dondozo|p2b: Tatsugiri\n|-supereffective|p1b: Kingambit\n|-damage|p1a: Iron Bundle|7\/100\n|-damage|p1b: Kingambit|44\/100\n|\n|upkeep\n|turn|8\n|\n|t:|1682489857\n|move|p1a: Iron Bundle|Icy Wind|p2a: Dondozo|[spread] p2a\n|-miss|p1a: Iron Bundle|p2b: Tatsugiri\n|-resisted|p2a: Dondozo\n|-damage|p2a: Dondozo|43\/100\n|-unboost|p2a: Dondozo|spe|1\n|move|p1b: Kingambit|Swords Dance|p1b: Kingambit\n|-boost|p1b: Kingambit|atk|2\n|move|p2a: Dondozo|Earthquake|p1a: Iron Bundle|[spread] p1a,p1b\n|-miss|p2a: Dondozo|p2b: Tatsugiri\n|-supereffective|p1b: Kingambit\n|-damage|p1a: Iron Bundle|0 fnt\n|-damage|p1b: Kingambit|25\/100\n|faint|p1a: Iron Bundle\n|-end|p1a: Iron Bundle|Quark Drive|[silent]\n|\n|-sideend|p1: Dino_Rez|Reflect\n|upkeep\n|\n|t:|1682489873\n|switch|p1a: Palafin|Palafin-Hero, L50, M|37\/100\n|turn|9\n|\n|t:|1682489878\n|move|p1a: Palafin|Protect|p1a: Palafin\n|-singleturn|p1a: Palafin|Protect\n|move|p1b: Kingambit|Sucker Punch||[still]\n|-fail|p1b: Kingambit\n|move|p2a: Dondozo|Rest|p2a: Dondozo\n|-status|p2a: Dondozo|slp|[from] move: Rest\n|-enditem|p2a: Dondozo|Lum Berry|[eat]\n|-curestatus|p2a: Dondozo|slp|[msg]\n|-heal|p2a: Dondozo|100\/100|[silent]\n|\n|upkeep\n|turn|10\n|\n|t:|1682489892\n|move|p1a: Palafin|Wave Crash|p2a: Dondozo\n|-resisted|p2a: Dondozo\n|-damage|p2a: Dondozo|67\/100\n|-damage|p1a: Palafin|25\/100|[from] Recoil\n|move|p1b: Kingambit|Kowtow Cleave|p2a: Dondozo\n|-damage|p2a: Dondozo|32\/100\n|move|p2a: Dondozo|Wave Crash|p1b: Kingambit\n|-damage|p1b: Kingambit|0 fnt\n|faint|p1b: Kingambit\n|-end|p1b: Kingambit|fallen1|[silent]\n|-damage|p2a: Dondozo|24\/100|[from] Recoil\n|\n|upkeep\n|turn|11\n|inactive|Dino_Rez has 30 seconds left.\n|c|\u2606Dino_Rez|Mother fvcker,that why i hate stall\n|n|\u203dDino_Rez|dinorez\n|c|&|\/log Dino_Rez was locked from talking by Artemis. (\u2606Dino_Rez: Mother fvcker,that why i hate stall)\n|c|&|\/raw This action was done automatically. Want to learn more about the AI? Visit the information thread<\/a>.<\/small>\n|inactive|Dino_Rez has 20 seconds left.\n|-message|Dino_Rez forfeited.\n|\n|win|Mauler45\n|raw|Dino_Rez's rating: 1044 → 1030<\/strong> (-14 for losing)\n|raw|Mauler45's rating: 1102 → 1123<\/strong> (+21 for winning)\n|c|\u2606Mauler45|LOL\n|l|\u203dDino_Rez\n","uploadtime":1682489919,"views":14,"p1id":"dinorez","p2id":"mauler45","formatid":"gen9vgc2023regulationc","rating":1030,"private":0,"password":""}