{"id":"gen9vgc2023regulationc-1856349286","p1":"I am zyzz","p2":"clamps1","format":"[Gen 9] VGC 2023 Regulation C","log":"|j|\u2606I am zyzz\n|j|\u2606clamps1\n|t:|1683053073\n|gametype|doubles\n|player|p1|I am zyzz|170|1072\n|player|p2|clamps1|265|1109\n|teamsize|p1|6\n|teamsize|p2|6\n|gen|9\n|tier|[Gen 9] VGC 2023 Regulation C\n|rated|\n|rule|Species Clause: Limit one of each Pok\u00e9mon\n|rule|Item Clause: Limit one of each item\n|clearpoke\n|poke|p1|Chi-Yu, L50|\n|poke|p1|Iron Bundle, L50|\n|poke|p1|Great Tusk, L50|\n|poke|p1|Murkrow, L50, M|\n|poke|p1|Dragonite, L50, M|\n|poke|p1|Flutter Mane, L50|\n|poke|p2|Iron Bundle, L50|\n|poke|p2|Arcanine, L50, M|\n|poke|p2|Bronzong, L50|\n|poke|p2|Flutter Mane, L50|\n|poke|p2|Abomasnow, L50, F|\n|poke|p2|Iron Hands, L50|\n|teampreview|4\nclamps1 has agreed to open team sheets.\n|c|\u2606clamps1|GL\n|inactive|Battle timer is ON: inactive players will automatically lose when time's up. (requested by I am zyzz)\n|\n|t:|1683053120\n|start\n|switch|p1a: Murkrow|Murkrow, L50, M|100\/100\n|switch|p1b: Chi-Yu|Chi-Yu, L50|100\/100\n|switch|p2a: Bronzong|Bronzong, L50|100\/100\n|switch|p2b: Iron Hands|Iron Hands, L50|100\/100\n|-ability|p1b: Chi-Yu|Beads of Ruin\n|turn|1\n|\n|t:|1683053136\n|-terastallize|p1b: Chi-Yu|Fire\n|move|p2b: Iron Hands|Fake Out|p1b: Chi-Yu\n|-damage|p1b: Chi-Yu|76\/100\n|move|p1a: Murkrow|Tailwind|p1a: Murkrow\n|-sidestart|p1: I am zyzz|move: Tailwind\n|move|p1b: Chi-Yu|Heat Wave|p2a: Bronzong|[spread] \n|-miss|p1b: Chi-Yu|p2a: Bronzong\n|-miss|p1b: Chi-Yu|p2b: Iron Hands\n|move|p2a: Bronzong|Trick Room|p2a: Bronzong\n|-fieldstart|move: Trick Room|[of] p2a: Bronzong\n|\n|upkeep\n|turn|2\n|inactive|clamps1 has 30 seconds left.\n|inactive|clamps1 has 20 seconds left.\n|\n|t:|1683053173\n|move|p2a: Bronzong|Protect|p2a: Bronzong\n|-singleturn|p2a: Bronzong|Protect\n|move|p1a: Murkrow|Sunny Day|p1a: Murkrow\n|-weather|SunnyDay\n|move|p2b: Iron Hands|Wild Charge|p1b: Chi-Yu\n|-damage|p1b: Chi-Yu|0 fnt\n|faint|p1b: Chi-Yu\n|-damage|p2b: Iron Hands|90\/100|[from] Recoil\n|\n|-weather|SunnyDay|[upkeep]\n|upkeep\n|\n|t:|1683053198\n|switch|p1b: Great Tusk|Great Tusk, L50|100\/100\n|-activate|p1b: Great Tusk|ability: Protosynthesis\n|-start|p1b: Great Tusk|protosynthesisatk\n|turn|3\n|\n|t:|1683053213\n|-end|p2b: Iron Hands|Quark Drive|[silent]\n|switch|p2b: Abomasnow|Abomasnow, L50, F|100\/100\n|-weather|Snow|[from] ability: Snow Warning|[of] p2b: Abomasnow\n|-end|p1b: Great Tusk|Protosynthesis\n|move|p2a: Bronzong|Gyro Ball|p2b: Abomasnow\n|-supereffective|p2b: Abomasnow\n|-damage|p2b: Abomasnow|70\/100\n|-enditem|p2b: Abomasnow|Weakness Policy\n|-boost|p2b: Abomasnow|atk|2|[from] item: Weakness Policy\n|-boost|p2b: Abomasnow|spa|2|[from] item: Weakness Policy\n|move|p1a: Murkrow|Foul Play|p2b: Abomasnow\n|-damage|p2b: Abomasnow|33\/100\n|move|p1b: Great Tusk|Earthquake|p2a: Bronzong|[spread] p2b\n|-immune|p1a: Murkrow\n|-immune|p2a: Bronzong|[from] ability: Levitate\n|-resisted|p2b: Abomasnow\n|-crit|p2b: Abomasnow\n|-damage|p2b: Abomasnow|6\/100\n|-damage|p1b: Great Tusk|91\/100|[from] item: Life Orb\n|\n|-weather|Snow|[upkeep]\n|upkeep\n|turn|4\n|inactive|I am zyzz has 30 seconds left.\n|inactive|clamps1 has 30 seconds left.\n|\n|t:|1683053245\n|move|p2a: Bronzong|Safeguard|p2a: Bronzong\n|-sidestart|p2: clamps1|Safeguard\n|move|p2b: Abomasnow|Giga Drain|p1b: Great Tusk\n|-supereffective|p1b: Great Tusk\n|-damage|p1b: Great Tusk|0 fnt\n|-heal|p2b: Abomasnow|49\/100|[from] drain|[of] p1b: Great Tusk\n|faint|p1b: Great Tusk\n|-end|p1b: Great Tusk|Protosynthesis|[silent]\n|move|p1a: Murkrow|Foul Play|p2b: Abomasnow\n|-damage|p2b: Abomasnow|14\/100\n|\n|-weather|Snow|[upkeep]\n|-sideend|p1: I am zyzz|move: Tailwind\n|upkeep\n|\n|t:|1683053257\n|switch|p1b: Flutter Mane|Flutter Mane, L50|100\/100\n|turn|5\n|\n|t:|1683053272\n|move|p2a: Bronzong|Gyro Ball|p1b: Flutter Mane\n|-supereffective|p1b: Flutter Mane\n|-enditem|p1b: Flutter Mane|Focus Sash\n|-damage|p1b: Flutter Mane|1\/100\n|move|p2b: Abomasnow|Blizzard|p1a: Murkrow|[spread] p1a,p1b\n|-supereffective|p1a: Murkrow\n|-damage|p1a: Murkrow|0 fnt\n|-damage|p1b: Flutter Mane|0 fnt\n|faint|p1a: Murkrow\n|faint|p1b: Flutter Mane\n|-end|p1b: Flutter Mane|Protosynthesis|[silent]\n|\n|win|clamps1\n|raw|I am zyzz's rating: 1072 → 1053<\/strong> (-19 for losing)\n|raw|clamps1's rating: 1109 → 1131<\/strong> (+22 for winning)\n","uploadtime":1683053286,"views":13,"p1id":"iamzyzz","p2id":"clamps1","formatid":"gen9vgc2023regulationc","rating":1053,"private":0,"password":""}