{"id":"gen9vgc2023regulationc-1860677360","p1":"Alexis_student","p2":"Bricclow","format":"[Gen 9] VGC 2023 Regulation C","log":"|j|\u2606Alexis_student\n|j|\u2606Bricclow\n|t:|1683665253\n|gametype|doubles\n|player|p1|Alexis_student|170|1120\n|player|p2|Bricclow|101|1163\n|teamsize|p1|6\n|teamsize|p2|6\n|gen|9\n|tier|[Gen 9] VGC 2023 Regulation C\n|rated|\n|rule|Species Clause: Limit one of each Pok\u00e9mon\n|rule|Item Clause: Limit one of each item\n|clearpoke\n|poke|p1|Chien-Pao, L50|\n|poke|p1|Great Tusk, L50|\n|poke|p1|Flutter Mane, L50|\n|poke|p1|Arcanine, L50, M|\n|poke|p1|Iron Bundle, L50|\n|poke|p1|Amoonguss, L50, F|\n|poke|p2|Cyclizar, L50, F|\n|poke|p2|Talonflame, L50, F|\n|poke|p2|Gastrodon-East, L50, F|\n|poke|p2|Flutter Mane, L50|\n|poke|p2|Eelektross, L50, F|\n|poke|p2|Kingambit, L50, M|\n|teampreview|4\n|inactive|Battle timer is ON: inactive players will automatically lose when time's up. (requested by Alexis_student)\n|inactive|Bricclow has 60 seconds left.\n|\n|t:|1683665319\n|start\n|switch|p1a: Chien-Pao|Chien-Pao, L50|100\/100\n|switch|p1b: Great Tusk|Great Tusk, L50|100\/100\n|switch|p2a: Talonflame|Talonflame, L50, F, shiny|100\/100\n|switch|p2b: Kingambit|Kingambit, L50, M, shiny|100\/100\n|-ability|p1a: Chien-Pao|Sword of Ruin\n|turn|1\n|inactive|Bricclow has 30 seconds left.\n|\n|t:|1683665348\n|move|p2b: Kingambit|Protect|p2b: Kingambit\n|-singleturn|p2b: Kingambit|Protect\n|move|p2a: Talonflame|Tailwind|p2a: Talonflame\n|-sidestart|p2: Bricclow|move: Tailwind\n|move|p1b: Great Tusk|Stone Edge|p2a: Talonflame\n|-supereffective|p2a: Talonflame\n|-damage|p2a: Talonflame|0 fnt\n|faint|p2a: Talonflame\n|move|p1a: Chien-Pao|Sacred Sword|p2b: Kingambit\n|-activate|p2b: Kingambit|move: Protect\n|\n|upkeep\n|inactive|Bricclow has 30 seconds left.\n|\n|t:|1683665375\n|switch|p2a: Eelektross|Eelektross, L50, F, shiny|100\/100\n|turn|2\n|\n|t:|1683665394\n|-end|p1b: Great Tusk|Protosynthesis|[silent]\n|switch|p1b: Amoonguss|Amoonguss, L50, F|100\/100\n|-terastallize|p2b: Kingambit|Fire\n|move|p1a: Chien-Pao|Protect|p1a: Chien-Pao\n|-singleturn|p1a: Chien-Pao|Protect\n|move|p2a: Eelektross|Drain Punch|p1a: Chien-Pao\n|-activate|p1a: Chien-Pao|move: Protect\n|move|p2b: Kingambit|Iron Head|p1b: Amoonguss\n|-damage|p1b: Amoonguss|38\/100\n|-damage|p2b: Kingambit|91\/100|[from] item: Life Orb\n|\n|upkeep\n|turn|3\n|inactive|Alexis_student has 30 seconds left.\n|inactive|Alexis_student has 20 seconds left.\n|\n|t:|1683665429\n|move|p1b: Amoonguss|Protect|p1b: Amoonguss\n|-singleturn|p1b: Amoonguss|Protect\n|move|p1a: Chien-Pao|Sucker Punch|p2b: Kingambit\n|-damage|p2b: Kingambit|59\/100\n|move|p2a: Eelektross|Drain Punch|p1a: Chien-Pao\n|-supereffective|p1a: Chien-Pao\n|-enditem|p1a: Chien-Pao|Focus Sash\n|-damage|p1a: Chien-Pao|1\/100\n|move|p2b: Kingambit|Iron Head|p1b: Amoonguss\n|-activate|p1b: Amoonguss|move: Protect\n|\n|upkeep\n|turn|4\n|inactive|Bricclow has 30 seconds left.\n|\n|t:|1683665461\n|move|p1a: Chien-Pao|Protect|p1a: Chien-Pao\n|-singleturn|p1a: Chien-Pao|Protect\n|move|p2b: Kingambit|Iron Head|p1b: Amoonguss\n|-damage|p1b: Amoonguss|0 fnt\n|faint|p1b: Amoonguss\n|-damage|p2b: Kingambit|49\/100|[from] item: Life Orb\n|move|p2a: Eelektross|Rock Slide|p1a: Chien-Pao\n|-activate|p1a: Chien-Pao|move: Protect\n|\n|-sideend|p2: Bricclow|move: Tailwind\n|upkeep\n|\n|t:|1683665474\n|switch|p1b: Great Tusk|Great Tusk, L50|100\/100\n|turn|5\n|\n|t:|1683665490\n|move|p2b: Kingambit|Protect|p2b: Kingambit\n|-singleturn|p2b: Kingambit|Protect\n|move|p1b: Great Tusk|Headlong Rush|p2b: Kingambit\n|-activate|p2b: Kingambit|move: Protect\n|move|p1a: Chien-Pao|Ice Spinner|p2a: Eelektross\n|-damage|p2a: Eelektross|47\/100\n|move|p2a: Eelektross|Rock Slide|p1a: Chien-Pao|[spread] p1a,p1b\n|-supereffective|p1a: Chien-Pao\n|-resisted|p1b: Great Tusk\n|-damage|p1a: Chien-Pao|0 fnt\n|-damage|p1b: Great Tusk|96\/100\n|faint|p1a: Chien-Pao\n|\n|upkeep\n|\n|t:|1683665504\n|switch|p1a: Arcanine|Arcanine, L50, M|100\/100\n|-ability|p1a: Arcanine|Intimidate|boost\n|-unboost|p2a: Eelektross|atk|1\n|-unboost|p2b: Kingambit|atk|1\n|-ability|p2b: Kingambit|Defiant|boost\n|-boost|p2b: Kingambit|atk|2\n|turn|6\n|inactive|Bricclow has 30 seconds left.\n|\n|t:|1683665532\n|move|p2b: Kingambit|Sucker Punch|p1a: Arcanine\n|-damage|p1a: Arcanine|8\/100\n|-damage|p2b: Kingambit|40\/100|[from] item: Life Orb\n|move|p1b: Great Tusk|Headlong Rush|p2b: Kingambit\n|-supereffective|p2b: Kingambit\n|-damage|p2b: Kingambit|0 fnt\n|-unboost|p1b: Great Tusk|def|1\n|-unboost|p1b: Great Tusk|spd|1\n|faint|p2b: Kingambit\n|move|p1a: Arcanine|Flare Blitz|p2a: Eelektross\n|-damage|p2a: Eelektross|0 fnt\n|faint|p2a: Eelektross\n|-damage|p1a: Arcanine|0 fnt|[from] Recoil\n|faint|p1a: Arcanine\n|\n|upkeep\n|\n|t:|1683665547\n|switch|p2b: Flutter Mane|Flutter Mane, L50|100\/100\n|-enditem|p2b: Flutter Mane|Booster Energy\n|-activate|p2b: Flutter Mane|ability: Protosynthesis|[fromitem]\n|-start|p2b: Flutter Mane|protosynthesisspe\n|turn|7\n|\n|t:|1683665555\n|-terastallize|p1b: Great Tusk|Fire\n|move|p2b: Flutter Mane|Dazzling Gleam|p1b: Great Tusk\n|-resisted|p1b: Great Tusk\n|-damage|p1b: Great Tusk|44\/100\n|move|p1b: Great Tusk|Headlong Rush|p2b: Flutter Mane\n|-damage|p2b: Flutter Mane|0 fnt\n|-unboost|p1b: Great Tusk|def|1\n|-unboost|p1b: Great Tusk|spd|1\n|faint|p2b: Flutter Mane\n|-end|p2b: Flutter Mane|Protosynthesis|[silent]\n|\n|win|Alexis_student\n|raw|Alexis_student's rating: 1120 → 1148<\/strong> (+28 for winning)\n|raw|Bricclow's rating: 1163 → 1135<\/strong> (-28 for losing)\n","uploadtime":1683665568,"views":11,"p1id":"alexisstudent","p2id":"bricclow","formatid":"gen9vgc2023regulationc","rating":1135,"private":0,"password":""}