{"id":"gen9vgc2023regulationc-1845326007","p1":"Uviccuv","p2":"Sumo'sWeenusVGC","format":"[Gen 9] VGC 2023 Regulation C","log":"|j|\u2606Uviccuv\n|j|\u2606Sumo'sWeenusVGC\n|t:|1681715312\n|gametype|doubles\n|player|p1|Uviccuv|riley|1097\n|player|p2|Sumo'sWeenusVGC|colress|1165\n|teamsize|p1|6\n|teamsize|p2|6\n|gen|9\n|tier|[Gen 9] VGC 2023 Regulation C\n|rated|\n|rule|Species Clause: Limit one of each Pok\u00e9mon\n|rule|Item Clause: Limit one of each item\n|clearpoke\n|poke|p1|Klefki, L50, M|\n|poke|p1|Chi-Yu, L50|\n|poke|p1|Flutter Mane, L50|\n|poke|p1|Garganacl, L50, M|\n|poke|p1|Great Tusk, L50|\n|poke|p1|Brute Bonnet, L50|\n|poke|p2|Ting-Lu, L50|\n|poke|p2|Wo-Chien, L50|\n|poke|p2|Flutter Mane, L50|\n|poke|p2|Glimmora, L50, F|\n|poke|p2|Palafin, L50, F|\n|poke|p2|Arcanine, L50, M|\n|teampreview|4\n|inactive|Battle timer is ON: inactive players will automatically lose when time's up. (requested by Sumo'sWeenusVGC)\nSumo'sWeenusVGC has agreed to open team sheets.\nUviccuv has agreed to open team sheets.\n|inactive|Uviccuv has 60 seconds left.\n|inactive|Sumo'sWeenusVGC has 60 seconds left.\n|inactive|Uviccuv has 30 seconds left.\n|inactive|Uviccuv has 20 seconds left.\n|inactive|Uviccuv has 15 seconds left.\n|c|\u2606Sumo'sWeenusVGC|gl hf\n|inactive|Uviccuv has 10 seconds left.\n|inactive|Uviccuv has 5 seconds left.\n|\n|t:|1681715399\n|start\n|switch|p1a: Klefki|Klefki, L50, M, shiny|100\/100\n|switch|p1b: Chi-Yu|Chi-Yu, L50|100\/100\n|switch|p2a: Bad Dolphin|Palafin, L50, F, shiny|100\/100\n|switch|p2b: Goodest Boi|Arcanine, L50, M, shiny|100\/100\n|-ability|p1b: Chi-Yu|Beads of Ruin\n|-ability|p2b: Goodest Boi|Intimidate|boost\n|-unboost|p1a: Klefki|atk|1\n|-unboost|p1b: Chi-Yu|atk|1\n|turn|1\n|inactive|Uviccuv has 30 seconds left.\n|\n|t:|1681715429\n|detailschange|p2a: Bad Dolphin|Palafin-Hero, L50, F, shiny\n|switch|p2a: Ting-Lu|Ting-Lu, L50|100\/100\n|-ability|p2a: Ting-Lu|Vessel of Ruin\n|move|p1a: Klefki|Reflect|p1a: Klefki\n|-sidestart|p1: Uviccuv|Reflect\n|move|p1b: Chi-Yu|Heat Wave|p2a: Ting-Lu|[spread] p2a,p2b\n|-resisted|p2b: Goodest Boi\n|-damage|p2a: Ting-Lu|69\/100\n|-damage|p2b: Goodest Boi|79\/100\n|move|p2b: Goodest Boi|Flare Blitz|p1a: Klefki\n|-supereffective|p1a: Klefki\n|-damage|p1a: Klefki|41\/100\n|-damage|p2b: Goodest Boi|63\/100|[from] Recoil\n|\n|upkeep\n|turn|2\n|inactive|Uviccuv has 30 seconds left.\n|inactive|Uviccuv has 20 seconds left.\n|inactive|Uviccuv has 15 seconds left.\n|\n|t:|1681715473\n|switch|p1b: Garganacl|Garganacl, L50, M, shiny|100\/100\n|switch|p2b: Bad Dolphin|Palafin-Hero, L50, F, shiny|100\/100\n|-activate|p2b: Bad Dolphin|ability: Zero to Hero\n|move|p1a: Klefki|Thunder Wave|p2b: Bad Dolphin\n|-status|p2b: Bad Dolphin|par\n|move|p2a: Ting-Lu|Stomping Tantrum|p1b: Garganacl\n|-supereffective|p1b: Garganacl\n|-damage|p1b: Garganacl|77\/100\n|\n|-heal|p1b: Garganacl|83\/100|[from] item: Leftovers\n|upkeep\n|turn|3\n|inactive|Uviccuv has 30 seconds left.\n|\n|t:|1681715501\n|switch|p2b: Goodest Boi|Arcanine, L50, M, shiny|63\/100\n|-ability|p2b: Goodest Boi|Intimidate|boost\n|-unboost|p1a: Klefki|atk|1\n|-unboost|p1b: Garganacl|atk|1\n|-terastallize|p1b: Garganacl|Ghost\n|move|p1a: Klefki|Sunny Day|p1a: Klefki\n|-weather|SunnyDay\n|move|p2a: Ting-Lu|Fissure|p1b: Garganacl|[miss]\n|-miss|p2a: Ting-Lu|p1b: Garganacl\n|move|p1b: Garganacl|Salt Cure|p2a: Ting-Lu\n|-resisted|p2a: Ting-Lu\n|-damage|p2a: Ting-Lu|67\/100\n|-start|p2a: Ting-Lu|Salt Cure\n|\n|-weather|SunnyDay|[upkeep]\n|-heal|p1b: Garganacl|88\/100|[from] item: Leftovers\n|-damage|p2a: Ting-Lu|55\/100|[from] Salt Cure\n|upkeep\n|turn|4\n|inactive|Uviccuv has 30 seconds left.\n|inactive|Sumo'sWeenusVGC has 30 seconds left.\n|inactive|Uviccuv has 20 seconds left.\n|inactive|Uviccuv has 15 seconds left.\n|inactive|Uviccuv has 10 seconds left.\n|\n|t:|1681715547\n|move|p1a: Klefki|Thunder Wave|p2b: Goodest Boi\n|-status|p2b: Goodest Boi|par\n|move|p2a: Ting-Lu|Payback|p1b: Garganacl\n|-supereffective|p1b: Garganacl\n|-damage|p1b: Garganacl|71\/100\n|cant|p2b: Goodest Boi|par\n|move|p1b: Garganacl|Salt Cure|p2b: Goodest Boi\n|-supereffective|p2b: Goodest Boi\n|-crit|p2b: Goodest Boi\n|-damage|p2b: Goodest Boi|23\/100 par\n|-start|p2b: Goodest Boi|Salt Cure\n|\n|-weather|SunnyDay|[upkeep]\n|-heal|p1b: Garganacl|77\/100|[from] item: Leftovers\n|-damage|p2a: Ting-Lu|43\/100|[from] Salt Cure\n|-damage|p2b: Goodest Boi|10\/100 par|[from] Salt Cure\n|upkeep\n|turn|5\n|inactive|Uviccuv has 30 seconds left.\n|inactive|Uviccuv has 20 seconds left.\n|\n|t:|1681715586\n|switch|p2b: Bad Dolphin|Palafin-Hero, L50, F, shiny|100\/100 par\n|move|p1a: Klefki|Light Screen|p1a: Klefki\n|-sidestart|p1: Uviccuv|move: Light Screen\n|move|p2a: Ting-Lu|Fissure|p1b: Garganacl\n|-damage|p1b: Garganacl|0 fnt\n|faint|p1b: Garganacl\n|-ohko\n|\n|-weather|SunnyDay|[upkeep]\n|-damage|p2a: Ting-Lu|31\/100|[from] Salt Cure\n|upkeep\n|\n|t:|1681715596\n|switch|p1b: Flutter Mane|Flutter Mane, L50, shiny|100\/100\n|-activate|p1b: Flutter Mane|ability: Protosynthesis\n|-start|p1b: Flutter Mane|protosynthesisspa\n|turn|6\n|inactive|Uviccuv has 30 seconds left.\n|inactive|Uviccuv has 20 seconds left.\n|inactive|Uviccuv has 15 seconds left.\n|\n|t:|1681715640\n|switch|p1a: Chi-Yu|Chi-Yu, L50|100\/100\n|-ability|p1a: Chi-Yu|Beads of Ruin\n|switch|p2a: Goodest Boi|Arcanine, L50, M, shiny|10\/100 par\n|-ability|p2a: Goodest Boi|Intimidate|boost\n|-unboost|p1a: Chi-Yu|atk|1\n|-unboost|p1b: Flutter Mane|atk|1\n|-terastallize|p2b: Bad Dolphin|Water\n|move|p2b: Bad Dolphin|Jet Punch|p1b: Flutter Mane\n|-damage|p1b: Flutter Mane|66\/100\n|move|p1b: Flutter Mane|Moonblast|p2a: Goodest Boi\n|-resisted|p2a: Goodest Boi\n|-damage|p2a: Goodest Boi|0 fnt\n|faint|p2a: Goodest Boi\n|\n|-weather|SunnyDay|[upkeep]\n|upkeep\n|\n|t:|1681715655\n|switch|p2a: Ting-Lu|Ting-Lu, L50|31\/100\n|-ability|p2a: Ting-Lu|Vessel of Ruin\n|turn|7\n|\n|t:|1681715668\n|move|p2b: Bad Dolphin|Jet Punch|p1a: Chi-Yu\n|-supereffective|p1a: Chi-Yu\n|-damage|p1a: Chi-Yu|33\/100\n|move|p1b: Flutter Mane|Moonblast|p2a: Ting-Lu\n|-supereffective|p2a: Ting-Lu\n|-damage|p2a: Ting-Lu|0 fnt\n|faint|p2a: Ting-Lu\n|move|p1a: Chi-Yu|Overheat|p2b: Bad Dolphin\n|-resisted|p2b: Bad Dolphin\n|-damage|p2b: Bad Dolphin|0 fnt\n|-unboost|p1a: Chi-Yu|spa|2\n|faint|p2b: Bad Dolphin\n|\n|-weather|none\n|-end|p1b: Flutter Mane|Protosynthesis\n|upkeep\n|\n|t:|1681715691\n|switch|p2b: Flutter Mane|Flutter Mane, L50, shiny|100\/100\n|turn|8\n|inactive|Uviccuv has 30 seconds left.\n|inactive|Uviccuv has 20 seconds left.\n|inactive|Uviccuv has 15 seconds left.\n|\n|t:|1681715733\n|switch|p1a: Klefki|Klefki, L50, M, shiny|41\/100\n|move|p1b: Flutter Mane|Protect|p1b: Flutter Mane\n|-singleturn|p1b: Flutter Mane|Protect\n|move|p2b: Flutter Mane|Shadow Ball|p1b: Flutter Mane\n|-activate|p1b: Flutter Mane|move: Protect\n|\n|-sideend|p1: Uviccuv|Reflect\n|upkeep\n|turn|9\n|\n|t:|1681715756\n|move|p1a: Klefki|Thunder Wave|p2b: Flutter Mane\n|-status|p2b: Flutter Mane|par\n|move|p1b: Flutter Mane|Shadow Ball|p2b: Flutter Mane\n|-supereffective|p2b: Flutter Mane\n|-damage|p2b: Flutter Mane|24\/100 par\n|move|p2b: Flutter Mane|Shadow Ball|p1a: Klefki\n|-damage|p1a: Klefki|0 fnt\n|faint|p1a: Klefki\n|\n|upkeep\n|\n|t:|1681715766\n|switch|p1a: Chi-Yu|Chi-Yu, L50|33\/100\n|-ability|p1a: Chi-Yu|Beads of Ruin\n|turn|10\n|\n|t:|1681715790\n|move|p1b: Flutter Mane|Shadow Ball|p2b: Flutter Mane\n|-supereffective|p2b: Flutter Mane\n|-damage|p2b: Flutter Mane|0 fnt\n|faint|p2b: Flutter Mane\n|-end|p2b: Flutter Mane|Protosynthesis|[silent]\n|\n|win|Uviccuv\n|raw|Uviccuv's rating: 1097 → 1127<\/strong> (+30 for winning)\n|raw|Sumo'sWeenusVGC's rating: 1165 → 1135<\/strong> (-30 for losing)\n|c|\u2606Sumo'sWeenusVGC|gg wp\n","uploadtime":1681715799,"views":12,"p1id":"uviccuv","p2id":"sumosweenusvgc","formatid":"gen9vgc2023regulationc","rating":1127,"private":0,"password":""}