{"id":"gen9vgc2023regulationc-1855826581","p1":"Esspecialy","p2":"CordonBleuPlus","format":"[Gen 9] VGC 2023 Regulation C","log":"|j|\u2606Esspecialy\n|j|\u2606CordonBleuPlus\n|t:|1682988763\n|gametype|doubles\n|player|p1|Esspecialy|burglar|1228\n|player|p2|CordonBleuPlus|rocketgruntf|1227\n|teamsize|p1|6\n|teamsize|p2|6\n|gen|9\n|tier|[Gen 9] VGC 2023 Regulation C\n|rated|\n|rule|Species Clause: Limit one of each Pok\u00e9mon\n|rule|Item Clause: Limit one of each item\n|clearpoke\n|poke|p1|Ting-Lu, L50|\n|poke|p1|Arcanine, L50, F|\n|poke|p1|Gyarados, L50, F|\n|poke|p1|Garganacl, L50, F|\n|poke|p1|Amoonguss, L50, F|\n|poke|p1|Bronzong, L50|\n|poke|p2|Maushold, L50|\n|poke|p2|Lucario, L50, F|\n|poke|p2|Flutter Mane, L50|\n|poke|p2|Iron Hands, L50|\n|poke|p2|Amoonguss, L50, M|\n|poke|p2|Chien-Pao, L50|\n|teampreview|4\n|\n|t:|1682988806\n|start\n|switch|p1a: Arcanine|Arcanine, L50, F|100\/100\n|switch|p1b: Gyarados|Gyarados, L50, F|100\/100\n|switch|p2a: Maushold|Maushold, L50|100\/100\n|switch|p2b: Iron Hands|Iron Hands, L50|100\/100\n|-ability|p1a: Arcanine|Intimidate|boost\n|-unboost|p2a: Maushold|atk|1\n|-unboost|p2b: Iron Hands|atk|1\n|-ability|p1b: Gyarados|Intimidate|boost\n|-unboost|p2a: Maushold|atk|1\n|-unboost|p2b: Iron Hands|atk|1\n|turn|1\n|\n|t:|1682988828\n|-end|p2b: Iron Hands|Quark Drive|[silent]\n|switch|p2b: Lucario|Lucario, L50, F|100\/100\n|move|p1b: Gyarados|Protect|p1b: Gyarados\n|-singleturn|p1b: Gyarados|Protect\n|move|p2a: Maushold|Beat Up|p2b: Lucario\n|-resisted|p2b: Lucario\n|-damage|p2b: Lucario|99\/100\n|-ability|p2b: Lucario|Justified|boost\n|-boost|p2b: Lucario|atk|1\n|-resisted|p2b: Lucario\n|-damage|p2b: Lucario|99\/100\n|-ability|p2b: Lucario|Justified|boost\n|-boost|p2b: Lucario|atk|1\n|-resisted|p2b: Lucario\n|-damage|p2b: Lucario|99\/100\n|-ability|p2b: Lucario|Justified|boost\n|-boost|p2b: Lucario|atk|1\n|-resisted|p2b: Lucario\n|-damage|p2b: Lucario|98\/100\n|-ability|p2b: Lucario|Justified|boost\n|-boost|p2b: Lucario|atk|1\n|-hitcount|p2b: Lucario|4\n|move|p1a: Arcanine|Will-O-Wisp|p2b: Lucario\n|-status|p2b: Lucario|brn\n|-enditem|p2b: Lucario|Lum Berry|[eat]\n|-curestatus|p2b: Lucario|brn|[msg]\n|\n|upkeep\n|turn|2\n|inactive|Battle timer is ON: inactive players will automatically lose when time's up. (requested by CordonBleuPlus)\n|\n|t:|1682988858\n|move|p2a: Maushold|Follow Me|p2a: Maushold\n|-singleturn|p2a: Maushold|move: Follow Me\n|move|p2b: Lucario|Extreme Speed|p1a: Arcanine\n|-damage|p1a: Arcanine|12\/100\n|-enditem|p1a: Arcanine|Mago Berry|[eat]\n|-heal|p1a: Arcanine|45\/100|[from] item: Mago Berry\n|move|p1a: Arcanine|Flare Blitz|p2a: Maushold\n|-damage|p2a: Maushold|37\/100\n|-damage|p1a: Arcanine|24\/100|[from] Recoil\n|move|p1b: Gyarados|Waterfall|p2a: Maushold\n|-damage|p2a: Maushold|4\/100\n|\n|upkeep\n|turn|3\n|inactive|CordonBleuPlus has 30 seconds left.\n|\n|t:|1682988888\n|move|p2a: Maushold|Protect|p2a: Maushold\n|-singleturn|p2a: Maushold|Protect\n|move|p1a: Arcanine|Protect|p1a: Arcanine\n|-singleturn|p1a: Arcanine|Protect\n|move|p2b: Lucario|Extreme Speed|p1a: Arcanine\n|-activate|p1a: Arcanine|move: Protect\n|move|p1b: Gyarados|Waterfall|p2a: Maushold\n|-activate|p2a: Maushold|move: Protect\n|\n|upkeep\n|turn|4\n|\n|t:|1682988903\n|move|p1a: Arcanine|Extreme Speed|p2a: Maushold\n|-damage|p2a: Maushold|0 fnt\n|faint|p2a: Maushold\n|move|p2b: Lucario|Extreme Speed|p1a: Arcanine\n|-damage|p1a: Arcanine|0 fnt\n|faint|p1a: Arcanine\n|move|p1b: Gyarados|Waterfall|p2b: Lucario\n|-damage|p2b: Lucario|45\/100\n|\n|upkeep\n|\n|t:|1682988916\n|switch|p2a: Amoonguss|Amoonguss, L50, M|100\/100\n|switch|p1a: Ting-Lu|Ting-Lu, L50|100\/100\n|-ability|p1a: Ting-Lu|Vessel of Ruin\n|turn|5\n|inactive|CordonBleuPlus has 30 seconds left.\n|inactive|CordonBleuPlus has 20 seconds left.\n|inactive|CordonBleuPlus has 15 seconds left.\n|inactive|CordonBleuPlus has 10 seconds left.\n|\n|t:|1682988962\n|-terastallize|p2b: Lucario|Flying\n|move|p2b: Lucario|Extreme Speed|p1b: Gyarados\n|-damage|p1b: Gyarados|15\/100\n|move|p2a: Amoonguss|Rage Powder|p2a: Amoonguss\n|-singleturn|p2a: Amoonguss|move: Rage Powder\n|move|p1b: Gyarados|Taunt|p2a: Amoonguss\n|-start|p2a: Amoonguss|move: Taunt\n|move|p1a: Ting-Lu|Stomping Tantrum|p2a: Amoonguss\n|-crit|p2a: Amoonguss\n|-damage|p2a: Amoonguss|62\/100\n|\n|upkeep\n|turn|6\n|c|\u2606Esspecialy|why not arcanine justified\n|\n|t:|1682988985\n|switch|p2a: Iron Hands|Iron Hands, L50|100\/100\n|move|p1b: Gyarados|Protect|p1b: Gyarados\n|-singleturn|p1b: Gyarados|Protect\n|move|p2b: Lucario|Extreme Speed|p1b: Gyarados\n|-activate|p1b: Gyarados|move: Protect\n|move|p1a: Ting-Lu|Heavy Slam|p2b: Lucario\n|-damage|p2b: Lucario|0 fnt\n|faint|p2b: Lucario\n|\n|upkeep\n|\n|t:|1682988990\n|switch|p2b: Amoonguss|Amoonguss, L50, M|95\/100\n|turn|7\n|inactive|Esspecialy has 30 seconds left.\n|\n|t:|1682989021\n|switch|p1b: Garganacl|Garganacl, L50, F|100\/100\n|-terastallize|p1a: Ting-Lu|Water\n|move|p2b: Amoonguss|Protect|p2b: Amoonguss\n|-singleturn|p2b: Amoonguss|Protect\n|move|p2a: Iron Hands|Wild Charge|p1b: Garganacl\n|-damage|p1b: Garganacl|70\/100\n|-damage|p2a: Iron Hands|94\/100|[from] Recoil\n|move|p1a: Ting-Lu|Fissure|p2a: Iron Hands|[miss]\n|-miss|p1a: Ting-Lu|p2a: Iron Hands\n|\n|-heal|p1b: Garganacl|75\/100|[from] item: Leftovers\n|upkeep\n|turn|8\n|\n|t:|1682989044\n|move|p2a: Iron Hands|Drain Punch|p1b: Garganacl\n|-supereffective|p1b: Garganacl\n|-damage|p1b: Garganacl|25\/100\n|-heal|p2a: Iron Hands|100\/100|[from] drain|[of] p1b: Garganacl\n|move|p1a: Ting-Lu|Fissure|p2a: Iron Hands|[miss]\n|-miss|p1a: Ting-Lu|p2a: Iron Hands\n|move|p1b: Garganacl|Salt Cure|p2b: Amoonguss\n|-damage|p2b: Amoonguss|84\/100\n|-start|p2b: Amoonguss|Salt Cure\n|move|p2b: Amoonguss|Spore|p1a: Ting-Lu\n|-status|p1a: Ting-Lu|slp|[from] move: Spore\n|\n|-heal|p1b: Garganacl|31\/100|[from] item: Leftovers\n|-damage|p2b: Amoonguss|72\/100|[from] Salt Cure\n|upkeep\n|turn|9\n|\n|t:|1682989068\n|move|p1b: Garganacl|Protect|p1b: Garganacl\n|-singleturn|p1b: Garganacl|Protect\n|move|p2a: Iron Hands|Drain Punch|p1b: Garganacl\n|-activate|p1b: Garganacl|move: Protect\n|cant|p1a: Ting-Lu|slp\n|move|p2b: Amoonguss|Pollen Puff|p1b: Garganacl\n|-activate|p1b: Garganacl|move: Protect\n|\n|-heal|p1b: Garganacl|37\/100|[from] item: Leftovers\n|-damage|p2b: Amoonguss|59\/100|[from] Salt Cure\n|upkeep\n|turn|10\n|\n|t:|1682989091\n|move|p2a: Iron Hands|Drain Punch|p1b: Garganacl\n|-supereffective|p1b: Garganacl\n|-damage|p1b: Garganacl|0 fnt\n|faint|p1b: Garganacl\n|cant|p1a: Ting-Lu|slp\n|move|p2b: Amoonguss|Spore|p1a: Ting-Lu\n|-fail|p1a: Ting-Lu|slp\n|\n|-damage|p2b: Amoonguss|47\/100|[from] Salt Cure\n|upkeep\n|-enditem|p2b: Amoonguss|Sitrus Berry|[eat]\n|-heal|p2b: Amoonguss|72\/100|[from] item: Sitrus Berry\n|\n|t:|1682989098\n|switch|p1b: Gyarados|Gyarados, L50, F|15\/100\n|-ability|p1b: Gyarados|Intimidate|boost\n|-unboost|p2a: Iron Hands|atk|1\n|-unboost|p2b: Amoonguss|atk|1\n|turn|11\n|\n|t:|1682989113\n|move|p1b: Gyarados|Protect|p1b: Gyarados\n|-singleturn|p1b: Gyarados|Protect\n|move|p2a: Iron Hands|Wild Charge|p1a: Ting-Lu\n|-supereffective|p1a: Ting-Lu\n|-damage|p1a: Ting-Lu|68\/100 slp\n|-damage|p2a: Iron Hands|92\/100|[from] Recoil\n|-curestatus|p1a: Ting-Lu|slp|[msg]\n|move|p1a: Ting-Lu|Fissure|p2a: Iron Hands|[miss]\n|-miss|p1a: Ting-Lu|p2a: Iron Hands\n|move|p2b: Amoonguss|Pollen Puff|p1b: Gyarados\n|-activate|p1b: Gyarados|move: Protect\n|\n|-damage|p2b: Amoonguss|60\/100|[from] Salt Cure\n|upkeep\n|turn|12\n|\n|t:|1682989138\n|move|p1b: Gyarados|Taunt|p2b: Amoonguss\n|-start|p2b: Amoonguss|move: Taunt\n|move|p2a: Iron Hands|Wild Charge|p1b: Gyarados\n|-supereffective|p1b: Gyarados\n|-damage|p1b: Gyarados|0 fnt\n|faint|p1b: Gyarados\n|-damage|p2a: Iron Hands|89\/100|[from] Recoil\n|move|p1a: Ting-Lu|Stomping Tantrum|p2a: Iron Hands\n|-supereffective|p2a: Iron Hands\n|-damage|p2a: Iron Hands|0 fnt\n|faint|p2a: Iron Hands\n|-end|p2a: Iron Hands|Quark Drive|[silent]\n|cant|p2b: Amoonguss|move: Taunt|Spore\n|\n|-damage|p2b: Amoonguss|48\/100|[from] Salt Cure\n|upkeep\n|turn|13\n|inactive|CordonBleuPlus has 30 seconds left.\n|inactive|CordonBleuPlus has 20 seconds left.\n|inactive|CordonBleuPlus has 15 seconds left.\n|inactive|CordonBleuPlus has 10 seconds left.\n|inactive|CordonBleuPlus has 5 seconds left.\n|\n|t:|1682989193\n|move|p1a: Ting-Lu|Stomping Tantrum|p2b: Amoonguss\n|-damage|p2b: Amoonguss|20\/100\n|move|p2b: Amoonguss|Pollen Puff|p1a: Ting-Lu\n|-damage|p1a: Ting-Lu|61\/100\n|\n|-damage|p2b: Amoonguss|8\/100|[from] Salt Cure\n|upkeep\n|turn|14\n|inactive|CordonBleuPlus has 30 seconds left.\n|inactive|CordonBleuPlus has 20 seconds left.\n|inactive|CordonBleuPlus has 15 seconds left.\n|inactive|CordonBleuPlus has 10 seconds left.\n|inactive|CordonBleuPlus has 5 seconds left.\n|\n|t:|1682989248\n|move|p1a: Ting-Lu|Stomping Tantrum|p2b: Amoonguss\n|-damage|p2b: Amoonguss|0 fnt\n|faint|p2b: Amoonguss\n|\n|win|Esspecialy\n|raw|Esspecialy's rating: 1228 → 1253<\/strong> (+25 for winning)\n|raw|CordonBleuPlus's rating: 1227 → 1202<\/strong> (-25 for losing)\n","uploadtime":1682989264,"views":21,"p1id":"esspecialy","p2id":"cordonbleuplus","formatid":"gen9vgc2023regulationc","rating":1202,"private":0,"password":""}