{"id":"gen9vgc2023regulationc-1862276094","p1":"Nehzzy","p2":"stack of pancake","format":"[Gen 9] VGC 2023 Regulation C","log":"|j|\u2606Nehzzy\n|j|\u2606stack of pancake\n|t:|1683858495\n|gametype|doubles\n|player|p1|Nehzzy|265|1324\n|player|p2|stack of pancake|steven|1354\n|teamsize|p1|6\n|teamsize|p2|6\n|gen|9\n|tier|[Gen 9] VGC 2023 Regulation C\n|rated|\n|rule|Species Clause: Limit one of each Pok\u00e9mon\n|rule|Item Clause: Limit one of each item\n|clearpoke\n|poke|p1|Amoonguss, L50, F|\n|poke|p1|Gyarados, L50, M|\n|poke|p1|Murkrow, L50, F|\n|poke|p1|Great Tusk, L50|\n|poke|p1|Flutter Mane, L50|\n|poke|p1|Gholdengo, L50|\n|poke|p2|Murkrow, L50, F|\n|poke|p2|Flutter Mane, L50|\n|poke|p2|Great Tusk, L50|\n|poke|p2|Amoonguss, L50, F|\n|poke|p2|Dragonite, L50, M|\n|poke|p2|Chien-Pao, L50|\n|teampreview|4\nNehzzy has agreed to open team sheets.\nstack of pancake has agreed to open team sheets.\n|\n|t:|1683858553\n|start\n|switch|p1a: Gyarados|Gyarados, L50, M|100\/100\n|switch|p1b: Murkrow|Murkrow, L50, F|100\/100\n|switch|p2a: Murkrow|Murkrow, L50, F|100\/100\n|switch|p2b: Flutter Mane|Flutter Mane, L50|100\/100\n|-ability|p1a: Gyarados|Intimidate|boost\n|-unboost|p2a: Murkrow|atk|1\n|-unboost|p2b: Flutter Mane|atk|1\n|turn|1\n|inactive|Battle timer is ON: inactive players will automatically lose when time's up. (requested by Nehzzy)\n|\n|t:|1683858602\n|switch|p1a: Great Tusk|Great Tusk, L50|100\/100\n|move|p2a: Murkrow|Tailwind|p2a: Murkrow\n|-sidestart|p2: stack of pancake|move: Tailwind\n|move|p1b: Murkrow|Tailwind|p1b: Murkrow\n|-sidestart|p1: Nehzzy|move: Tailwind\n|move|p2b: Flutter Mane|Thunderbolt|p1a: Great Tusk\n|-immune|p1a: Great Tusk\n|\n|upkeep\n|turn|2\n|\n|t:|1683858627\n|-end|p2b: Flutter Mane|Protosynthesis|[silent]\n|switch|p2b: Great Tusk|Great Tusk, L50|100\/100\n|move|p1b: Murkrow|Sunny Day|p1b: Murkrow\n|-weather|SunnyDay\n|-activate|p1a: Great Tusk|ability: Protosynthesis\n|-start|p1a: Great Tusk|protosynthesisatk\n|-activate|p2b: Great Tusk|ability: Protosynthesis\n|-start|p2b: Great Tusk|protosynthesisatk\n|move|p1a: Great Tusk|Rock Slide|p2a: Murkrow|[spread] p2a,p2b\n|-supereffective|p2a: Murkrow\n|-resisted|p2b: Great Tusk\n|-enditem|p2a: Murkrow|Focus Sash\n|-damage|p2a: Murkrow|1\/100\n|-damage|p2b: Great Tusk|96\/100\n|move|p2a: Murkrow|Brave Bird|p1a: Great Tusk\n|-supereffective|p1a: Great Tusk\n|-damage|p1a: Great Tusk|53\/100\n|-damage|p2a: Murkrow|0 fnt|[from] Recoil\n|faint|p2a: Murkrow\n|\n|-weather|SunnyDay|[upkeep]\n|upkeep\n|\n|t:|1683858645\n|switch|p2a: Chien-Pao|Chien-Pao, L50|100\/100\n|-ability|p2a: Chien-Pao|Sword of Ruin\n|turn|3\n|\n|t:|1683858664\n|-end|p1a: Great Tusk|Protosynthesis|[silent]\n|switch|p1a: Gyarados|Gyarados, L50, M|100\/100\n|-ability|p1a: Gyarados|Intimidate|boost\n|-unboost|p2a: Chien-Pao|atk|1\n|-unboost|p2b: Great Tusk|atk|1\n|move|p2a: Chien-Pao|Protect|p2a: Chien-Pao\n|-singleturn|p2a: Chien-Pao|Protect\n|move|p2b: Great Tusk|Headlong Rush|p1a: Gyarados\n|-immune|p1a: Gyarados\n|move|p1b: Murkrow|Foul Play|p2b: Great Tusk\n|-resisted|p2b: Great Tusk\n|-damage|p2b: Great Tusk|79\/100\n|\n|-weather|SunnyDay|[upkeep]\n|upkeep\n|turn|4\n|inactive|Nehzzy has 30 seconds left.\n|inactive|stack of pancake has 30 seconds left.\n|\n|t:|1683858698\n|-end|p2b: Great Tusk|Protosynthesis|[silent]\n|switch|p2b: Flutter Mane|Flutter Mane, L50|100\/100\n|-activate|p2b: Flutter Mane|ability: Protosynthesis\n|-start|p2b: Flutter Mane|protosynthesisspa\n|move|p2a: Chien-Pao|Ice Spinner|p1b: Murkrow\n|-supereffective|p1b: Murkrow\n|-crit|p1b: Murkrow\n|-damage|p1b: Murkrow|0 fnt\n|faint|p1b: Murkrow\n|-damage|p2a: Chien-Pao|91\/100|[from] item: Life Orb\n|move|p1a: Gyarados|Waterfall|p2b: Flutter Mane\n|-damage|p2b: Flutter Mane|52\/100\n|\n|-weather|SunnyDay|[upkeep]\n|-sideend|p1: Nehzzy|move: Tailwind\n|-sideend|p2: stack of pancake|move: Tailwind\n|upkeep\n|\n|t:|1683858715\n|switch|p1b: Great Tusk|Great Tusk, L50|53\/100\n|-activate|p1b: Great Tusk|ability: Protosynthesis\n|-start|p1b: Great Tusk|protosynthesisatk\n|turn|5\n|inactive|stack of pancake has 30 seconds left.\n|\n|t:|1683858743\n|-end|p2b: Flutter Mane|Protosynthesis|[silent]\n|switch|p2b: Great Tusk|Great Tusk, L50|79\/100\n|-activate|p2b: Great Tusk|ability: Protosynthesis\n|-start|p2b: Great Tusk|protosynthesisatk\n|-terastallize|p1b: Great Tusk|Ground\n|-terastallize|p2a: Chien-Pao|Flying\n|move|p1b: Great Tusk|Earthquake|p2b: Great Tusk|[spread] p2b\n|-immune|p1a: Gyarados\n|-immune|p2a: Chien-Pao\n|-damage|p2b: Great Tusk|8\/100\n|move|p2a: Chien-Pao|Ice Spinner|p1b: Great Tusk\n|-supereffective|p1b: Great Tusk\n|-damage|p1b: Great Tusk|0 fnt\n|faint|p1b: Great Tusk\n|-end|p1b: Great Tusk|Protosynthesis|[silent]\n|-damage|p2a: Chien-Pao|81\/100|[from] item: Life Orb\n|move|p1a: Gyarados|Waterfall|p2a: Chien-Pao\n|-crit|p2a: Chien-Pao\n|-damage|p2a: Chien-Pao|40\/100\n|\n|-weather|SunnyDay|[upkeep]\n|upkeep\n|\n|t:|1683858756\n|switch|p1b: Flutter Mane|Flutter Mane, L50|100\/100\n|-activate|p1b: Flutter Mane|ability: Protosynthesis\n|-start|p1b: Flutter Mane|protosynthesisspa\n|turn|6\n|inactive|Nehzzy has 30 seconds left.\n|inactive|Nehzzy has 20 seconds left.\n|\n|t:|1683858792\n|move|p2b: Great Tusk|Headlong Rush|p1b: Flutter Mane\n|-damage|p1b: Flutter Mane|0 fnt\n|-unboost|p2b: Great Tusk|def|1\n|-unboost|p2b: Great Tusk|spd|1\n|faint|p1b: Flutter Mane\n|-end|p1b: Flutter Mane|Protosynthesis|[silent]\n|move|p2a: Chien-Pao|Ice Spinner|p1a: Gyarados\n|-damage|p1a: Gyarados|51\/100\n|-damage|p2a: Chien-Pao|31\/100|[from] item: Life Orb\n|move|p1a: Gyarados|Waterfall|p2b: Great Tusk\n|-supereffective|p2b: Great Tusk\n|-damage|p2b: Great Tusk|0 fnt\n|faint|p2b: Great Tusk\n|-end|p2b: Great Tusk|Protosynthesis|[silent]\n|\n|-weather|none\n|upkeep\n|\n|t:|1683858798\n|switch|p2b: Flutter Mane|Flutter Mane, L50|52\/100\n|turn|7\n|c|\u2606stack of pancake|gg\n|\n|t:|1683858804\n|move|p2a: Chien-Pao|Ice Spinner|p1a: Gyarados\n|-damage|p1a: Gyarados|1\/100\n|-damage|p2a: Chien-Pao|21\/100|[from] item: Life Orb\n|move|p2b: Flutter Mane|Thunderbolt|p1a: Gyarados\n|-supereffective|p1a: Gyarados\n|-damage|p1a: Gyarados|0 fnt\n|faint|p1a: Gyarados\n|\n|win|stack of pancake\n|raw|Nehzzy's rating: 1324 → 1306<\/strong> (-18 for losing)\n|raw|stack of pancake's rating: 1354 → 1372<\/strong> (+18 for winning)\n","uploadtime":1683858811,"views":28,"p1id":"nehzzy","p2id":"stackofpancake","formatid":"gen9vgc2023regulationc","rating":1306,"private":0,"password":""}