{"id":"gen9vgc2023regulationc-1853157568","p1":"Petuniaveloz58","p2":"wesleihas","format":"[Gen 9] VGC 2023 Regulation C","log":"|j|\u2606Petuniaveloz58\n|j|\u2606wesleihas\n|t:|1682642213\n|gametype|doubles\n|player|p1|Petuniaveloz58|169|1633\n|player|p2|wesleihas|1|1580\n|teamsize|p1|6\n|teamsize|p2|6\n|gen|9\n|tier|[Gen 9] VGC 2023 Regulation C\n|rated|\n|rule|Species Clause: Limit one of each Pok\u00e9mon\n|rule|Item Clause: Limit one of each item\n|clearpoke\n|poke|p1|Grimmsnarl, L50, M|\n|poke|p1|Iron Thorns, L50|\n|poke|p1|Gyarados, L50, F|\n|poke|p1|Ting-Lu, L50|\n|poke|p1|Gholdengo, L50|\n|poke|p1|Wo-Chien, L50|\n|poke|p2|Ting-Lu, L50|\n|poke|p2|Corviknight, L50, M|\n|poke|p2|Scream Tail, L50|\n|poke|p2|Kingambit, L50, F|\n|poke|p2|Flutter Mane, L50|\n|poke|p2|Gyarados, L50, F|\n|teampreview|4\n|j| carlospvn\n|j| Kingdm23\n|\n|t:|1682642253\n|start\n|switch|p1a: Ting-Lu|Ting-Lu, L50|100\/100\n|switch|p1b: Wo-Chien|Wo-Chien, L50|100\/100\n|switch|p2a: Ting-Lu|Ting-Lu, L50|100\/100\n|switch|p2b: Corviknight|Corviknight, L50, M|100\/100\n|-ability|p1b: Wo-Chien|Tablets of Ruin\n|-ability|p1a: Ting-Lu|Vessel of Ruin\n|-ability|p2a: Ting-Lu|Vessel of Ruin\n|turn|1\n|inactive|Battle timer is ON: inactive players will automatically lose when time's up. (requested by Petuniaveloz58)\n|j| szjr45\n|inactive|wesleihas has 60 seconds left.\n|\n|t:|1682642323\n|move|p1b: Wo-Chien|Leech Seed|p2a: Ting-Lu\n|-start|p2a: Ting-Lu|move: Leech Seed\n|move|p2b: Corviknight|Bulk Up|p2b: Corviknight\n|-boost|p2b: Corviknight|atk|1\n|-boost|p2b: Corviknight|def|1\n|move|p1a: Ting-Lu|Sand Tomb|p2a: Ting-Lu\n|-damage|p2a: Ting-Lu|93\/100\n|-activate|p2a: Ting-Lu|move: Sand Tomb|[of] p1a: Ting-Lu\n|move|p2a: Ting-Lu|Earthquake|p1a: Ting-Lu|[spread] p1a,p1b\n|-immune|p2b: Corviknight\n|-resisted|p1b: Wo-Chien\n|-damage|p1a: Ting-Lu|85\/100\n|-damage|p1b: Wo-Chien|90\/100\n|\n|-heal|p1b: Wo-Chien|96\/100|[from] item: Leftovers\n|-heal|p2a: Ting-Lu|99\/100|[from] item: Leftovers\n|-damage|p2a: Ting-Lu|87\/100|[from] Leech Seed|[of] p1b: Wo-Chien\n|-heal|p1b: Wo-Chien|100\/100|[silent]\n|-damage|p2a: Ting-Lu|75\/100|[from] move: Sand Tomb|[partiallytrapped]\n|upkeep\n|turn|2\n|inactive|Petuniaveloz58 has 30 seconds left.\n|inactive|wesleihas has 30 seconds left.\n|inactive|Petuniaveloz58 has 20 seconds left.\n|inactive|wesleihas has 20 seconds left.\n|inactive|Petuniaveloz58 has 15 seconds left.\n|inactive|wesleihas has 15 seconds left.\n|\n|t:|1682642366\n|-terastallize|p1b: Wo-Chien|Poison\n|move|p1b: Wo-Chien|Leech Seed|p2b: Corviknight\n|-start|p2b: Corviknight|move: Leech Seed\n|move|p2b: Corviknight|Brave Bird|p1b: Wo-Chien\n|-damage|p1b: Wo-Chien|69\/100\n|-damage|p2b: Corviknight|91\/100|[from] Recoil\n|move|p1a: Ting-Lu|Stomping Tantrum|p2a: Ting-Lu\n|-damage|p2a: Ting-Lu|61\/100\n|move|p2a: Ting-Lu|Heavy Slam|p1b: Wo-Chien\n|-damage|p1b: Wo-Chien|45\/100\n|\n|-heal|p1b: Wo-Chien|52\/100|[from] item: Leftovers\n|-heal|p2a: Ting-Lu|67\/100|[from] item: Leftovers\n|-damage|p2b: Corviknight|78\/100|[from] Leech Seed|[of] p1b: Wo-Chien\n|-heal|p1b: Wo-Chien|65\/100|[silent]\n|-damage|p2a: Ting-Lu|55\/100|[from] Leech Seed|[of] p1b: Wo-Chien\n|-heal|p1b: Wo-Chien|81\/100|[silent]\n|-damage|p2a: Ting-Lu|42\/100|[from] move: Sand Tomb|[partiallytrapped]\n|upkeep\n|turn|3\n|inactive|wesleihas has 30 seconds left.\n|\n|t:|1682642396\n|switch|p2b: Scream Tail|Scream Tail, L50|100\/100\n|-enditem|p2b: Scream Tail|Booster Energy\n|-activate|p2b: Scream Tail|ability: Protosynthesis|[fromitem]\n|-start|p2b: Scream Tail|protosynthesisspe\n|move|p1b: Wo-Chien|Ruination|p2b: Scream Tail\n|-damage|p2b: Scream Tail|50\/100\n|move|p1a: Ting-Lu|Stomping Tantrum|p2a: Ting-Lu\n|-damage|p2a: Ting-Lu|29\/100\n|move|p2a: Ting-Lu|Rock Slide|p1a: Ting-Lu|[spread] p1a,p1b\n|-resisted|p1a: Ting-Lu\n|-damage|p1a: Ting-Lu|81\/100\n|-damage|p1b: Wo-Chien|71\/100\n|\n|-heal|p1b: Wo-Chien|77\/100|[from] item: Leftovers\n|-heal|p2a: Ting-Lu|35\/100|[from] item: Leftovers\n|-damage|p2a: Ting-Lu|23\/100|[from] Leech Seed|[of] p1b: Wo-Chien\n|-heal|p1b: Wo-Chien|94\/100|[silent]\n|-damage|p2a: Ting-Lu|10\/100|[from] move: Sand Tomb|[partiallytrapped]\n|upkeep\n|turn|4\n|inactive|wesleihas has 30 seconds left.\n|inactive|wesleihas has 20 seconds left.\n|inactive|wesleihas has 15 seconds left.\n|\n|t:|1682642439\n|move|p2b: Scream Tail|Encore|p1b: Wo-Chien\n|-start|p1b: Wo-Chien|Encore\n|move|p1b: Wo-Chien|Ruination|p2b: Scream Tail\n|-damage|p2b: Scream Tail|26\/100\n|move|p1a: Ting-Lu|Heavy Slam|p2b: Scream Tail\n|-supereffective|p2b: Scream Tail\n|-damage|p2b: Scream Tail|0 fnt\n|faint|p2b: Scream Tail\n|-end|p2b: Scream Tail|Protosynthesis|[silent]\n|move|p2a: Ting-Lu|Rock Slide|p1b: Wo-Chien|[spread] p1b\n|-miss|p2a: Ting-Lu|p1a: Ting-Lu\n|-damage|p1b: Wo-Chien|83\/100\n|\n|-heal|p1b: Wo-Chien|90\/100|[from] item: Leftovers\n|-heal|p2a: Ting-Lu|17\/100|[from] item: Leftovers\n|-damage|p2a: Ting-Lu|4\/100|[from] Leech Seed|[of] p1b: Wo-Chien\n|-heal|p1b: Wo-Chien|100\/100|[silent]\n|-damage|p2a: Ting-Lu|0 fnt|[from] move: Sand Tomb|[partiallytrapped]\n|faint|p2a: Ting-Lu\n|upkeep\n|\n|t:|1682642456\n|switch|p2b: Corviknight|Corviknight, L50, M|78\/100\n|switch|p2a: Kingambit|Kingambit, L50, F|100\/100\n|turn|5\n|\n|t:|1682642477\n|move|p1b: Wo-Chien|Ruination|p2a: Kingambit\n|-damage|p2a: Kingambit|51\/100\n|move|p2b: Corviknight|Bulk Up|p2b: Corviknight\n|-boost|p2b: Corviknight|atk|1\n|-boost|p2b: Corviknight|def|1\n|move|p2a: Kingambit|Swords Dance|p2a: Kingambit\n|-boost|p2a: Kingambit|atk|2\n|move|p1a: Ting-Lu|Sand Tomb|p2a: Kingambit\n|-supereffective|p2a: Kingambit\n|-damage|p2a: Kingambit|35\/100\n|-activate|p2a: Kingambit|move: Sand Tomb|[of] p1a: Ting-Lu\n|\n|-damage|p2a: Kingambit|23\/100|[from] move: Sand Tomb|[partiallytrapped]\n|upkeep\n|turn|6\n|inactive|Petuniaveloz58 has 30 seconds left.\n|inactive|wesleihas has 30 seconds left.\n|\n|t:|1682642508\n|switch|p1b: Iron Thorns|Iron Thorns, L50|100\/100\n|move|p2b: Corviknight|Bulk Up|p2b: Corviknight\n|-boost|p2b: Corviknight|atk|1\n|-boost|p2b: Corviknight|def|1\n|move|p2a: Kingambit|Kowtow Cleave|p1b: Iron Thorns\n|-damage|p1b: Iron Thorns|10\/100\n|move|p1a: Ting-Lu|Stomping Tantrum|p2a: Kingambit\n|-supereffective|p2a: Kingambit\n|-damage|p2a: Kingambit|0 fnt\n|faint|p2a: Kingambit\n|\n|upkeep\n|turn|7\n|\n|t:|1682642527\n|-terastallize|p2b: Corviknight|Dragon\n|move|p1b: Iron Thorns|Rock Blast|p2b: Corviknight\n|-damage|p2b: Corviknight|73\/100\n|-damage|p2b: Corviknight|67\/100\n|-damage|p2b: Corviknight|60\/100\n|-damage|p2b: Corviknight|54\/100\n|-damage|p2b: Corviknight|50\/100\n|-hitcount|p2b: Corviknight|5\n|move|p2b: Corviknight|Body Press|p1a: Ting-Lu\n|-supereffective|p1a: Ting-Lu\n|-damage|p1a: Ting-Lu|27\/100\n|move|p1a: Ting-Lu|Heavy Slam|p2b: Corviknight\n|-damage|p2b: Corviknight|37\/100\n|\n|upkeep\n|turn|8\n|\n|t:|1682642551\n|move|p1b: Iron Thorns|Rock Blast|p2b: Corviknight\n|-damage|p2b: Corviknight|32\/100\n|-damage|p2b: Corviknight|25\/100\n|-damage|p2b: Corviknight|20\/100\n|-crit|p2b: Corviknight\n|-damage|p2b: Corviknight|3\/100\n|-hitcount|p2b: Corviknight|4\n|move|p2b: Corviknight|Roost|p2b: Corviknight\n|-heal|p2b: Corviknight|53\/100\n|move|p1a: Ting-Lu|Sand Tomb|p2b: Corviknight\n|-damage|p2b: Corviknight|48\/100\n|-activate|p2b: Corviknight|move: Sand Tomb|[of] p1a: Ting-Lu\n|\n|-damage|p2b: Corviknight|35\/100|[from] move: Sand Tomb|[partiallytrapped]\n|upkeep\n|turn|9\n|\n|t:|1682642566\n|switch|p1a: Wo-Chien|Wo-Chien, L50, tera:Poison|100\/100\n|-ability|p1a: Wo-Chien|Tablets of Ruin\n|move|p1b: Iron Thorns|Protect|p1b: Iron Thorns\n|-singleturn|p1b: Iron Thorns|Protect\n|move|p2b: Corviknight|Roost|p2b: Corviknight\n|-heal|p2b: Corviknight|85\/100\n|\n|-end|p2b: Corviknight|Sand Tomb|[partiallytrapped]|[silent]\n|upkeep\n|turn|10\n|\n|t:|1682642584\n|move|p1b: Iron Thorns|Rock Blast|p2b: Corviknight\n|-damage|p2b: Corviknight|81\/100\n|-damage|p2b: Corviknight|76\/100\n|-damage|p2b: Corviknight|72\/100\n|-damage|p2b: Corviknight|68\/100\n|-crit|p2b: Corviknight\n|-damage|p2b: Corviknight|55\/100\n|-hitcount|p2b: Corviknight|5\n|move|p1a: Wo-Chien|Pollen Puff|p1b: Iron Thorns\n|-heal|p1b: Iron Thorns|60\/100\n|move|p2b: Corviknight|Body Press|p1b: Iron Thorns\n|-supereffective|p1b: Iron Thorns\n|-damage|p1b: Iron Thorns|2\/100\n|\n|upkeep\n|turn|11\n|l| Kingdm23\n|\n|t:|1682642598\n|move|p1b: Iron Thorns|Protect|p1b: Iron Thorns\n|-singleturn|p1b: Iron Thorns|Protect\n|move|p1a: Wo-Chien|Leech Seed|p2b: Corviknight\n|-start|p2b: Corviknight|move: Leech Seed\n|move|p2b: Corviknight|Roost|p2b: Corviknight\n|-heal|p2b: Corviknight|100\/100\n|\n|-damage|p2b: Corviknight|88\/100|[from] Leech Seed|[of] p1a: Wo-Chien\n|upkeep\n|turn|12\n|\n|t:|1682642611\n|-end|p1b: Iron Thorns|Quark Drive|[silent]\n|switch|p1b: Ting-Lu|Ting-Lu, L50|27\/100\n|-ability|p1b: Ting-Lu|Vessel of Ruin\n|move|p1a: Wo-Chien|Pollen Puff|p1b: Ting-Lu\n|-heal|p1b: Ting-Lu|77\/100\n|move|p2b: Corviknight|Body Press|p1b: Ting-Lu\n|-supereffective|p1b: Ting-Lu\n|-damage|p1b: Ting-Lu|36\/100\n|\n|-damage|p2b: Corviknight|76\/100|[from] Leech Seed|[of] p1a: Wo-Chien\n|upkeep\n|turn|13\n|\n|t:|1682642624\n|move|p1a: Wo-Chien|Pollen Puff|p1b: Ting-Lu\n|-heal|p1b: Ting-Lu|85\/100\n|move|p2b: Corviknight|Bulk Up|p2b: Corviknight\n|-boost|p2b: Corviknight|atk|1\n|-boost|p2b: Corviknight|def|1\n|move|p1b: Ting-Lu|Sand Tomb|p2b: Corviknight\n|-damage|p2b: Corviknight|73\/100\n|-activate|p2b: Corviknight|move: Sand Tomb|[of] p1b: Ting-Lu\n|\n|-damage|p2b: Corviknight|60\/100|[from] Leech Seed|[of] p1a: Wo-Chien\n|-damage|p2b: Corviknight|48\/100|[from] move: Sand Tomb|[partiallytrapped]\n|upkeep\n|turn|14\n|\n|t:|1682642642\n|move|p1a: Wo-Chien|Ruination|p2b: Corviknight\n|-damage|p2b: Corviknight|25\/100\n|move|p2b: Corviknight|Roost|p2b: Corviknight\n|-heal|p2b: Corviknight|75\/100\n|move|p1b: Ting-Lu|Heavy Slam|p2b: Corviknight\n|-damage|p2b: Corviknight|67\/100\n|\n|-damage|p2b: Corviknight|55\/100|[from] Leech Seed|[of] p1a: Wo-Chien\n|-damage|p2b: Corviknight|43\/100|[from] move: Sand Tomb|[partiallytrapped]\n|upkeep\n|turn|15\n|\n|t:|1682642655\n|switch|p1b: Gholdengo|Gholdengo, L50|100\/100\n|move|p1a: Wo-Chien|Ruination|p2b: Corviknight\n|-damage|p2b: Corviknight|22\/100\n|move|p2b: Corviknight|Roost|p2b: Corviknight\n|-heal|p2b: Corviknight|72\/100\n|\n|-damage|p2b: Corviknight|59\/100|[from] Leech Seed|[of] p1a: Wo-Chien\n|-end|p2b: Corviknight|Sand Tomb|[partiallytrapped]|[silent]\n|upkeep\n|turn|16\n|\n|t:|1682642670\n|move|p1b: Gholdengo|Nasty Plot|p1b: Gholdengo\n|-boost|p1b: Gholdengo|spa|2\n|move|p1a: Wo-Chien|Ruination|p2b: Corviknight\n|-damage|p2b: Corviknight|30\/100\n|move|p2b: Corviknight|Roost|p2b: Corviknight\n|-heal|p2b: Corviknight|80\/100\n|\n|-damage|p2b: Corviknight|68\/100|[from] Leech Seed|[of] p1a: Wo-Chien\n|upkeep\n|turn|17\n|\n|t:|1682642682\n|move|p1a: Wo-Chien|Protect|p1a: Wo-Chien\n|-singleturn|p1a: Wo-Chien|Protect\n|move|p1b: Gholdengo|Nasty Plot|p1b: Gholdengo\n|-boost|p1b: Gholdengo|spa|2\n|move|p2b: Corviknight|Brave Bird|p1b: Gholdengo\n|-resisted|p1b: Gholdengo\n|-damage|p1b: Gholdengo|68\/100\n|-damage|p2b: Corviknight|58\/100|[from] Recoil\n|\n|-damage|p2b: Corviknight|46\/100|[from] Leech Seed|[of] p1a: Wo-Chien\n|upkeep\n|turn|18\n|\n|t:|1682642695\n|move|p1b: Gholdengo|Nasty Plot|p1b: Gholdengo\n|-boost|p1b: Gholdengo|spa|2\n|move|p1a: Wo-Chien|Pollen Puff|p1b: Gholdengo\n|-heal|p1b: Gholdengo|100\/100\n|move|p2b: Corviknight|Roost|p2b: Corviknight\n|-heal|p2b: Corviknight|96\/100\n|\n|-damage|p2b: Corviknight|83\/100|[from] Leech Seed|[of] p1a: Wo-Chien\n|upkeep\n|turn|19\n|-message|wesleihas forfeited.\n|\n|win|Petuniaveloz58\n|raw|Petuniaveloz58's rating: 1633 → 1650<\/strong> (+17 for winning)\n|raw|wesleihas's rating: 1580 → 1563<\/strong> (-17 for losing)\n|l|\u2606wesleihas\n","uploadtime":1682642708,"views":7,"p1id":"petuniaveloz58","p2id":"wesleihas","formatid":"gen9vgc2023regulationc","rating":1563,"private":0,"password":""}