{"id":"gen9vgc2023regulationc-1846724566","p1":"Bajeffo","p2":"Lucawufflekinz","format":"[Gen 9] VGC 2023 Regulation C","log":"|j|\u2606Bajeffo\n|j|\u2606Lucawufflekinz\n|t:|1681870457\n|gametype|doubles\n|player|p1|Bajeffo|1|1127\n|player|p2|Lucawufflekinz|266|1118\n|teamsize|p1|6\n|teamsize|p2|6\n|gen|9\n|tier|[Gen 9] VGC 2023 Regulation C\n|rated|\n|rule|Species Clause: Limit one of each Pok\u00e9mon\n|rule|Item Clause: Limit one of each item\n|clearpoke\n|poke|p1|Meowscarada, L50, F|\n|poke|p1|Maushold-Four, L50|\n|poke|p1|Arcanine, L50, M|\n|poke|p1|Amoonguss, L50, F|\n|poke|p1|Chien-Pao, L50|\n|poke|p1|Dragonite, L50, F|\n|poke|p2|Flutter Mane, L50|\n|poke|p2|Gyarados, L50, F|\n|poke|p2|Arcanine, L50, F|\n|poke|p2|Roaring Moon, L50|\n|poke|p2|Scizor, L50, M|\n|poke|p2|Maushold, L50|\n|teampreview|4\n|inactive|Battle timer is ON: inactive players will automatically lose when time's up. (requested by Bajeffo)\n|\n|t:|1681870490\n|start\n|switch|p1a: Meowscarada|Meowscarada, L50, F|100\/100\n|switch|p1b: Maushold|Maushold-Four, L50|100\/100\n|switch|p2a: Scizor|Scizor, L50, M|100\/100\n|switch|p2b: Gyarados|Gyarados, L50, F|100\/100\n|-ability|p2b: Gyarados|Intimidate|boost\n|-unboost|p1a: Meowscarada|atk|1\n|-unboost|p1b: Maushold|atk|1\n|turn|1\n|inactive|Lucawufflekinz has 30 seconds left.\n|\n|t:|1681870516\n|switch|p2b: Arcanine|Arcanine, L50, F|100\/100\n|-ability|p2b: Arcanine|Intimidate|boost\n|-unboost|p1a: Meowscarada|atk|1\n|-unboost|p1b: Maushold|atk|1\n|move|p2a: Scizor|Protect|p2a: Scizor\n|-singleturn|p2a: Scizor|Protect\n|move|p1b: Maushold|Population Bomb|p2b: Arcanine\n|-damage|p2b: Arcanine|96\/100\n|-damage|p2b: Arcanine|92\/100\n|-damage|p2b: Arcanine|88\/100\n|-hitcount|p2b: Arcanine|3\n|move|p1a: Meowscarada|Copycat|p1a: Meowscarada\n|-start|p1a: Meowscarada|typechange|Normal|[from] ability: Protean\n|move|p1a: Meowscarada|Population Bomb|p2b: Arcanine|[from]move: Copycat\n|-damage|p2b: Arcanine|81\/100\n|-damage|p2b: Arcanine|74\/100\n|-damage|p2b: Arcanine|67\/100\n|-damage|p2b: Arcanine|60\/100\n|-damage|p2b: Arcanine|53\/100\n|-damage|p2b: Arcanine|47\/100\n|-enditem|p2b: Arcanine|Sitrus Berry|[eat]\n|-heal|p2b: Arcanine|72\/100|[from] item: Sitrus Berry\n|-crit|p2b: Arcanine\n|-damage|p2b: Arcanine|54\/100\n|-hitcount|p2b: Arcanine|7\n|\n|upkeep\n|turn|2\n|inactive|Bajeffo has 30 seconds left.\n|inactive|Lucawufflekinz has 30 seconds left.\n|\n|t:|1681870551\n|switch|p1a: Arcanine|Arcanine, L50, M|100\/100\n|-ability|p1a: Arcanine|Intimidate|boost\n|-unboost|p2a: Scizor|atk|1\n|-unboost|p2b: Arcanine|atk|1\n|switch|p2b: Gyarados|Gyarados, L50, F|100\/100\n|-ability|p2b: Gyarados|Intimidate|boost\n|-unboost|p1a: Arcanine|atk|1\n|-unboost|p1b: Maushold|atk|1\n|move|p2a: Scizor|Bullet Punch|p1a: Arcanine\n|-resisted|p1a: Arcanine\n|-damage|p1a: Arcanine|89\/100\n|-damage|p2a: Scizor|91\/100|[from] item: Life Orb\n|move|p1b: Maushold|Encore|p2a: Scizor\n|-start|p2a: Scizor|Encore\n|\n|upkeep\n|turn|3\n|inactive|Bajeffo has 30 seconds left.\n|inactive|Lucawufflekinz has 30 seconds left.\n|\n|t:|1681870583\n|switch|p2a: Arcanine|Arcanine, L50, F|54\/100\n|-ability|p2a: Arcanine|Intimidate|boost\n|-unboost|p1a: Arcanine|atk|1\n|-unboost|p1b: Maushold|atk|1\n|move|p1b: Maushold|Follow Me|p1b: Maushold\n|-singleturn|p1b: Maushold|move: Follow Me\n|move|p1a: Arcanine|Wild Charge|p2b: Gyarados\n|-supereffective|p2b: Gyarados\n|-damage|p2b: Gyarados|29\/100\n|-damage|p1a: Arcanine|72\/100|[from] Recoil\n|move|p2b: Gyarados|Dragon Dance|p2b: Gyarados\n|-boost|p2b: Gyarados|atk|1\n|-boost|p2b: Gyarados|spe|1\n|\n|upkeep\n|turn|4\n|\n|t:|1681870607\n|move|p1b: Maushold|Follow Me|p1b: Maushold\n|-singleturn|p1b: Maushold|move: Follow Me\n|move|p2b: Gyarados|Waterfall|p1b: Maushold\n|-crit|p1b: Maushold\n|-damage|p1b: Maushold|0 fnt\n|faint|p1b: Maushold\n|move|p2a: Arcanine|Howl|p2a: Arcanine|[spread] p2a,p2b\n|-boost|p2a: Arcanine|atk|1\n|-boost|p2b: Gyarados|atk|1\n|move|p1a: Arcanine|Wild Charge|p2b: Gyarados\n|-supereffective|p2b: Gyarados\n|-damage|p2b: Gyarados|0 fnt\n|faint|p2b: Gyarados\n|-damage|p1a: Arcanine|65\/100|[from] Recoil\n|\n|upkeep\n|\n|t:|1681870624\n|switch|p1b: Meowscarada|Meowscarada, L50, F|100\/100\n|switch|p2b: Scizor|Scizor, L50, M|91\/100\n|turn|5\n|inactive|Bajeffo has 30 seconds left.\n|inactive|Bajeffo has 20 seconds left.\n|\n|t:|1681870663\n|move|p2b: Scizor|Protect|p2b: Scizor\n|-singleturn|p2b: Scizor|Protect\n|move|p1a: Arcanine|Extreme Speed|p2a: Arcanine\n|-damage|p2a: Arcanine|37\/100\n|move|p1b: Meowscarada|Copycat|p1b: Meowscarada\n|-start|p1b: Meowscarada|typechange|Normal|[from] ability: Protean\n|move|p1b: Meowscarada|Extreme Speed|p2b: Scizor|[from]move: Copycat\n|-activate|p2b: Scizor|move: Protect\n|move|p2a: Arcanine|Howl|p2a: Arcanine|[spread] p2a,p2b\n|-boost|p2a: Arcanine|atk|1\n|-boost|p2b: Scizor|atk|1\n|\n|upkeep\n|turn|6\n|inactive|Lucawufflekinz has 30 seconds left.\n|\n|t:|1681870697\n|-terastallize|p2b: Scizor|Fire\n|move|p1a: Arcanine|Extreme Speed|p2a: Arcanine\n|-damage|p2a: Arcanine|20\/100\n|move|p2b: Scizor|Bullet Punch|p1b: Meowscarada\n|-damage|p1b: Meowscarada|0 fnt\n|faint|p1b: Meowscarada\n|-damage|p2b: Scizor|81\/100|[from] item: Life Orb\n|move|p2a: Arcanine|Howl|p2a: Arcanine|[spread] p2a,p2b\n|-boost|p2a: Arcanine|atk|1\n|-boost|p2b: Scizor|atk|1\n|\n|upkeep\n|\n|t:|1681870708\n|switch|p1b: Chien-Pao|Chien-Pao, L50|100\/100\n|-ability|p1b: Chien-Pao|Sword of Ruin\n|turn|7\n|\n|t:|1681870724\n|move|p2a: Arcanine|Extreme Speed|p1b: Chien-Pao\n|-damage|p1b: Chien-Pao|18\/100\n|move|p1a: Arcanine|Extreme Speed|p2a: Arcanine\n|-damage|p2a: Arcanine|0 fnt\n|faint|p2a: Arcanine\n|move|p2b: Scizor|Bullet Punch|p1b: Chien-Pao\n|-supereffective|p1b: Chien-Pao\n|-damage|p1b: Chien-Pao|0 fnt\n|faint|p1b: Chien-Pao\n|-damage|p2b: Scizor|71\/100|[from] item: Life Orb\n|\n|upkeep\n|\n|t:|1681870737\n|switch|p2a: Flutter Mane|Flutter Mane, L50|100\/100\n|turn|8\n|-message|Bajeffo forfeited.\n|\n|win|Lucawufflekinz\n|raw|Bajeffo's rating: 1127 → 1101<\/strong> (-26 for losing)\n|raw|Lucawufflekinz's rating: 1118 → 1144<\/strong> (+26 for winning)\n|l|\u2606Bajeffo\n","uploadtime":1681870766,"views":15,"p1id":"bajeffo","p2id":"lucawufflekinz","formatid":"gen9vgc2023regulationc","rating":1101,"private":0,"password":""}