{"id":"gen9vgc2023regulationc-1851255780","p1":"Gunfella","p2":"flyinghan92","format":"[Gen 9] VGC 2023 Regulation C","log":"|j|\u2606Gunfella\n|j|\u2606flyinghan92\n|t:|1682430016\n|gametype|doubles\n|player|p1|Gunfella|dahlia|1073\n|player|p2|flyinghan92|266|1000\n|teamsize|p1|6\n|teamsize|p2|6\n|gen|9\n|tier|[Gen 9] VGC 2023 Regulation C\n|rated|\n|rule|Species Clause: Limit one of each Pok\u00e9mon\n|rule|Item Clause: Limit one of each item\n|clearpoke\n|poke|p1|Gumshoos, L50, M|\n|poke|p1|Mimikyu, L50, F|\n|poke|p1|Ditto, L50|\n|poke|p1|Oranguru, L50, M|\n|poke|p1|Sylveon, L50, M|\n|poke|p1|Corviknight, L50, M|\n|poke|p2|Pelipper, L50, M|\n|poke|p2|Dragonite, L50, M|\n|poke|p2|Corviknight, L50, M|\n|poke|p2|Honchkrow, L50, F|\n|poke|p2|Staraptor, L50, M|\n|poke|p2|Drednaw, L50, M|\n|teampreview|4\n|inactive|Battle timer is ON: inactive players will automatically lose when time's up. (requested by Gunfella)\n|\n|t:|1682430064\n|start\n|switch|p1a: Ditto|Ditto, L50, shiny|100\/100\n|switch|p1b: Oranguru|Oranguru, L50, M|100\/100\n|switch|p2a: Pelipper|Pelipper, L50, M|100\/100\n|switch|p2b: Staraptor|Staraptor, L50, M|100\/100\n|-ability|p2b: Staraptor|Intimidate|boost\n|-unboost|p1a: Ditto|atk|1\n|-unboost|p1b: Oranguru|atk|1\n|-weather|RainDance|[from] ability: Drizzle|[of] p2a: Pelipper\n|-transform|p1a: Ditto|p2b: Staraptor|[from] ability: Imposter\n|-ability|p1a: Ditto|Intimidate|boost\n|-unboost|p2a: Pelipper|atk|1\n|-unboost|p2b: Staraptor|atk|1\n|turn|1\n|inactive|Gunfella has 30 seconds left.\n|\n|t:|1682430092\n|move|p2b: Staraptor|Final Gambit|p1b: Oranguru\n|-damage|p1b: Oranguru|3\/100\n|faint|p2b: Staraptor\n|move|p1a: Ditto|U-turn|p2a: Pelipper\n|-resisted|p2a: Pelipper\n|-damage|p2a: Pelipper|86\/100\n|\n|t:|1682430098\n|switch|p1a: Gumshoos|Gumshoos, L50, M, shiny|100\/100|[from] U-turn\n|move|p2a: Pelipper|Hydro Pump|p1a: Gumshoos\n|-damage|p1a: Gumshoos|5\/100\n|move|p1b: Oranguru|Trick Room|p1b: Oranguru\n|-fieldstart|move: Trick Room|[of] p1b: Oranguru\n|\n|-weather|RainDance|[upkeep]\n|upkeep\n|\n|t:|1682430106\n|switch|p2b: Dragonite|Dragonite, L50, M|100\/100\n|turn|2\n|\n|t:|1682430119\n|move|p2b: Dragonite|Extreme Speed|p1a: Gumshoos\n|-damage|p1a: Gumshoos|0 fnt\n|faint|p1a: Gumshoos\n|move|p1b: Oranguru|Instruct|p1: Gumshoos|[notarget]\n|-fail|p1b: Oranguru\n|move|p2a: Pelipper|Hurricane|p1b: Oranguru\n|-damage|p1b: Oranguru|0 fnt\n|faint|p1b: Oranguru\n|\n|-weather|RainDance|[upkeep]\n|upkeep\n|\n|t:|1682430125\n|switch|p1a: Ditto|Ditto, L50, shiny|100\/100\n|switch|p1b: Corviknight|Corviknight, L50, M, shiny|100\/100\n|-transform|p1a: Ditto|p2b: Dragonite|[from] ability: Imposter\n|turn|3\n|\n|t:|1682430137\n|move|p1b: Corviknight|Iron Defense|p1b: Corviknight\n|-boost|p1b: Corviknight|def|2\n|move|p1a: Ditto|Thunder|p2a: Pelipper\n|-supereffective|p2a: Pelipper\n|-damage|p2a: Pelipper|0 fnt\n|faint|p2a: Pelipper\n|move|p2b: Dragonite|Thunder|p1b: Corviknight\n|-supereffective|p1b: Corviknight\n|-damage|p1b: Corviknight|30\/100\n|-enditem|p1b: Corviknight|Weakness Policy\n|-boost|p1b: Corviknight|atk|2|[from] item: Weakness Policy\n|-boost|p1b: Corviknight|spa|2|[from] item: Weakness Policy\n|\n|-weather|RainDance|[upkeep]\n|upkeep\n|\n|t:|1682430149\n|switch|p2a: Drednaw|Drednaw, L50, M|100\/100\n|turn|4\n|\n|t:|1682430170\n|move|p1b: Corviknight|Protect|p1b: Corviknight\n|-singleturn|p1b: Corviknight|Protect\n|move|p1a: Ditto|Extreme Speed|p2b: Dragonite\n|-damage|p2b: Dragonite|88\/100\n|move|p2b: Dragonite|Thunder|p1b: Corviknight\n|-activate|p1b: Corviknight|move: Protect\n|move|p2a: Drednaw|Rock Slide|p1b: Corviknight|[spread] p1a\n|-activate|p1b: Corviknight|move: Protect\n|-supereffective|p1a: Ditto\n|-damage|p1a: Ditto|50\/100\n|-enditem|p1a: Ditto|Sitrus Berry|[eat]\n|-heal|p1a: Ditto|75\/100|[from] item: Sitrus Berry\n|\n|-weather|RainDance|[upkeep]\n|upkeep\n|turn|5\n|inactive|Gunfella has 30 seconds left.\n|inactive|flyinghan92 has 30 seconds left.\n|\n|t:|1682430200\n|-terastallize|p2b: Dragonite|Flying\n|-terastallize|p1a: Ditto|Fairy\n|move|p1b: Corviknight|Body Press|p2a: Drednaw\n|-supereffective|p2a: Drednaw\n|-damage|p2a: Drednaw|0 fnt\n|faint|p2a: Drednaw\n|move|p1a: Ditto|Draco Meteor|p2b: Dragonite\n|-damage|p2b: Dragonite|52\/100\n|-unboost|p1a: Ditto|spa|2\n|move|p2b: Dragonite|Thunder|p1b: Corviknight\n|-supereffective|p1b: Corviknight\n|-damage|p1b: Corviknight|0 fnt\n|faint|p1b: Corviknight\n|\n|-weather|none\n|-fieldend|move: Trick Room\n|upkeep\n|turn|6\n|\n|t:|1682430218\n|move|p1a: Ditto|Thunder|p2b: Dragonite|[miss]\n|-miss|p1a: Ditto|p2b: Dragonite\n|move|p2b: Dragonite|Hurricane|p1a: Ditto\n|-damage|p1a: Ditto|0 fnt\n|faint|p1a: Ditto\n|\n|win|flyinghan92\n|raw|Gunfella's rating: 1073 → 1048<\/strong> (-25 for losing)\n|raw|flyinghan92's rating: 1000 → 1048<\/strong> (+48 for winning)\n","uploadtime":1682430231,"views":9,"p1id":"gunfella","p2id":"flyinghan92","formatid":"gen9vgc2023regulationc","rating":1048,"private":0,"password":""}