{"id":"gen9vgc2023regulationc-1857406189","p1":"Sgargog","p2":"ggg5t","format":"[Gen 9] VGC 2023 Regulation C","log":"|j|\u2606Sgargog\n|j|\u2606ggg5t\n|t:|1683187956\n|gametype|doubles\n|player|p1|Sgargog|riley|1200\n|player|p2|ggg5t|2|1135\n|teamsize|p1|6\n|teamsize|p2|6\n|gen|9\n|tier|[Gen 9] VGC 2023 Regulation C\n|rated|\n|rule|Species Clause: Limit one of each Pok\u00e9mon\n|rule|Item Clause: Limit one of each item\n|clearpoke\n|poke|p1|Flutter Mane, L50|\n|poke|p1|Dragonite, L50, M|\n|poke|p1|Arcanine, L50, M|\n|poke|p1|Amoonguss, L50, M|\n|poke|p1|Iron Bundle, L50|\n|poke|p1|Scizor, L50, M|\n|poke|p2|Torkoal, L50, M|\n|poke|p2|Chi-Yu, L50|\n|poke|p2|Bronzong, L50|\n|poke|p2|Gastrodon, L50, F|\n|poke|p2|Grimmsnarl, L50, M|\n|poke|p2|Skeledirge, L50, M|\n|teampreview|4\n|\n|t:|1683188011\n|start\n|switch|p1a: Amoonguss|Amoonguss, L50, M|100\/100\n|switch|p1b: Dragonite|Dragonite, L50, M|100\/100\n|switch|p2a: Grimmsnarl|Grimmsnarl, L50, M|100\/100\n|switch|p2b: Chi-Yu|Chi-Yu, L50|100\/100\n|-ability|p2b: Chi-Yu|Beads of Ruin\n|turn|1\n|inactive|Battle timer is ON: inactive players will automatically lose when time's up. (requested by ggg5t)\n|\n|t:|1683188037\n|-terastallize|p1a: Amoonguss|Water\n|move|p2b: Chi-Yu|Protect|p2b: Chi-Yu\n|-singleturn|p2b: Chi-Yu|Protect\n|move|p2a: Grimmsnarl|Trick|p1b: Dragonite\n|-activate|p2a: Grimmsnarl|move: Trick|[of] p1b: Dragonite\n|-item|p1b: Dragonite|Lagging Tail|[from] move: Trick\n|-item|p2a: Grimmsnarl|Choice Band|[from] move: Trick\n|move|p1b: Dragonite|Earthquake|p2a: Grimmsnarl|[spread] p1a,p2a\n|-activate|p2b: Chi-Yu|move: Protect\n|-damage|p1a: Amoonguss|82\/100\n|-damage|p2a: Grimmsnarl|71\/100\n|move|p1a: Amoonguss|Spore|p2a: Grimmsnarl\n|-status|p2a: Grimmsnarl|slp|[from] move: Spore\n|\n|upkeep\n|turn|2\n|inactive|Sgargog has 30 seconds left.\n|inactive|Sgargog has 20 seconds left.\n|\n|t:|1683188073\n|switch|p2b: Gastrodon|Gastrodon, L50, F|100\/100\n|cant|p2a: Grimmsnarl|slp\n|move|p1a: Amoonguss|Spore|p2b: Gastrodon\n|-status|p2b: Gastrodon|slp|[from] move: Spore\n|move|p1b: Dragonite|Earthquake|p2a: Grimmsnarl|[spread] p1a,p2a,p2b\n|-damage|p1a: Amoonguss|61\/100\n|-damage|p2a: Grimmsnarl|39\/100 slp\n|-damage|p2b: Gastrodon|70\/100 slp\n|\n|upkeep\n|turn|3\n|\n|t:|1683188092\n|switch|p1b: Iron Bundle|Iron Bundle, L50|100\/100\n|move|p1a: Amoonguss|Rage Powder|p1a: Amoonguss\n|-singleturn|p1a: Amoonguss|move: Rage Powder\n|cant|p2a: Grimmsnarl|slp\n|cant|p2b: Gastrodon|slp\n|\n|upkeep\n|turn|4\n|\n|t:|1683188110\n|-terastallize|p2b: Gastrodon|Steel\n|move|p1b: Iron Bundle|Freeze-Dry|p2b: Gastrodon\n|-resisted|p2b: Gastrodon\n|-damage|p2b: Gastrodon|56\/100 slp\n|-curestatus|p2a: Grimmsnarl|slp|[msg]\n|move|p2a: Grimmsnarl|Spirit Break|p1b: Iron Bundle\n|-damage|p1b: Iron Bundle|24\/100\n|-unboost|p1b: Iron Bundle|spa|1\n|cant|p2b: Gastrodon|slp\n|move|p1a: Amoonguss|Pollen Puff|p2a: Grimmsnarl\n|-damage|p2a: Grimmsnarl|19\/100\n|\n|upkeep\n|turn|5\n|inactive|Sgargog has 30 seconds left.\n|inactive|Sgargog has 20 seconds left.\n|\n|t:|1683188146\n|move|p1b: Iron Bundle|Blizzard|p2b: Gastrodon|[spread] p2a,p2b\n|-resisted|p2b: Gastrodon\n|-damage|p2a: Grimmsnarl|0 fnt\n|-damage|p2b: Gastrodon|44\/100 slp\n|faint|p2a: Grimmsnarl\n|cant|p2b: Gastrodon|slp\n|move|p1a: Amoonguss|Spore|p2b: Gastrodon\n|-fail|p2b: Gastrodon|slp\n|\n|upkeep\n|\n|t:|1683188156\n|switch|p2a: Chi-Yu|Chi-Yu, L50|100\/100\n|-ability|p2a: Chi-Yu|Beads of Ruin\n|turn|6\n|inactive|Sgargog has 30 seconds left.\n|\n|t:|1683188184\n|-end|p1b: Iron Bundle|Quark Drive|[silent]\n|switch|p1b: Dragonite|Dragonite, L50, M|100\/100\n|move|p2a: Chi-Yu|Substitute|p2a: Chi-Yu\n|-start|p2a: Chi-Yu|Substitute\n|-damage|p2a: Chi-Yu|76\/100\n|-curestatus|p2b: Gastrodon|slp|[msg]\n|move|p2b: Gastrodon|Earth Power|p1a: Amoonguss\n|-damage|p1a: Amoonguss|17\/100\n|-enditem|p1a: Amoonguss|Sitrus Berry|[eat]\n|-heal|p1a: Amoonguss|42\/100|[from] item: Sitrus Berry\n|move|p1a: Amoonguss|Spore||[still]\n|-fail|p1a: Amoonguss\n|\n|upkeep\n|turn|7\n|inactive|Sgargog has 30 seconds left.\n|inactive|ggg5t has 30 seconds left.\n|\n|t:|1683188214\n|switch|p2b: Skeledirge|Skeledirge, L50, M|100\/100\n|move|p2a: Chi-Yu|Protect|p2a: Chi-Yu\n|-singleturn|p2a: Chi-Yu|Protect\n|move|p1a: Amoonguss|Spore|p2b: Skeledirge\n|-status|p2b: Skeledirge|slp|[from] move: Spore\n|move|p1b: Dragonite|Brick Break|p2a: Chi-Yu\n|-activate|p2a: Chi-Yu|move: Protect\n|\n|upkeep\n|turn|8\n|inactive|ggg5t has 30 seconds left.\n|\n|t:|1683188247\n|move|p2a: Chi-Yu|Tera Blast|p1a: Amoonguss\n|-damage|p1a: Amoonguss|13\/100\n|cant|p2b: Skeledirge|slp\n|move|p1a: Amoonguss|Pollen Puff|p2a: Chi-Yu\n|-activate|p2a: Chi-Yu|move: Substitute|[damage]\n|move|p1b: Dragonite|Earthquake|p2a: Chi-Yu|[spread] p1a,p2a,p2b\n|-supereffective|p2a: Chi-Yu\n|-end|p2a: Chi-Yu|Substitute\n|-supereffective|p2b: Skeledirge\n|-damage|p1a: Amoonguss|0 fnt\n|-damage|p2b: Skeledirge|54\/100 slp\n|faint|p1a: Amoonguss\n|\n|-heal|p2b: Skeledirge|60\/100 slp|[from] item: Leftovers\n|upkeep\n|\n|t:|1683188261\n|switch|p1a: Scizor|Scizor, L50, M|100\/100\n|turn|9\n|\n|t:|1683188269\n|move|p2a: Chi-Yu|Protect|p2a: Chi-Yu\n|-singleturn|p2a: Chi-Yu|Protect\n|move|p1a: Scizor|Protect|p1a: Scizor\n|-singleturn|p1a: Scizor|Protect\n|cant|p2b: Skeledirge|slp\n|move|p1b: Dragonite|Earthquake|p2a: Chi-Yu|[spread] p2b\n|-activate|p1a: Scizor|move: Protect\n|-activate|p2a: Chi-Yu|move: Protect\n|-supereffective|p2b: Skeledirge\n|-damage|p2b: Skeledirge|17\/100 slp\n|\n|-heal|p2b: Skeledirge|23\/100 slp|[from] item: Leftovers\n|upkeep\n|turn|10\n|\n|t:|1683188292\n|cant|p2b: Skeledirge|slp\n|move|p1a: Scizor|Bullet Punch|p2b: Skeledirge\n|-resisted|p2b: Skeledirge\n|-damage|p2b: Skeledirge|5\/100 slp\n|-damage|p1a: Scizor|91\/100|[from] item: Life Orb\n|move|p2a: Chi-Yu|Snarl|p1a: Scizor|[spread] p1a,p1b\n|-damage|p1a: Scizor|62\/100\n|-damage|p1b: Dragonite|77\/100\n|-unboost|p1a: Scizor|spa|1\n|-unboost|p1b: Dragonite|spa|1\n|move|p1b: Dragonite|Brick Break|p2a: Chi-Yu\n|-supereffective|p2a: Chi-Yu\n|-damage|p2a: Chi-Yu|3\/100\n|-enditem|p2a: Chi-Yu|Wiki Berry|[eat]\n|-heal|p2a: Chi-Yu|36\/100|[from] item: Wiki Berry\n|\n|-heal|p2b: Skeledirge|11\/100 slp|[from] item: Leftovers\n|upkeep\n|turn|11\n|inactive|Sgargog has 30 seconds left.\n|inactive|ggg5t has 30 seconds left.\n|inactive|ggg5t has 20 seconds left.\n|\n|t:|1683188328\n|-curestatus|p2b: Skeledirge|slp|[msg]\n|move|p2b: Skeledirge|Protect|p2b: Skeledirge\n|-singleturn|p2b: Skeledirge|Protect\n|move|p1b: Dragonite|Extreme Speed|p2a: Chi-Yu\n|-damage|p2a: Chi-Yu|0 fnt\n|faint|p2a: Chi-Yu\n|move|p1a: Scizor|Bullet Punch|p2b: Skeledirge\n|-activate|p2b: Skeledirge|move: Protect\n|\n|-heal|p2b: Skeledirge|16\/100|[from] item: Leftovers\n|upkeep\n|\n|t:|1683188331\n|switch|p2a: Gastrodon|Gastrodon, L50, F, tera:Steel|44\/100\n|turn|12\n|inactive|Sgargog has 30 seconds left.\n|\n|t:|1683188366\n|move|p1a: Scizor|Protect|p1a: Scizor\n|-singleturn|p1a: Scizor|Protect\n|move|p2b: Skeledirge|Torch Song|p1b: Dragonite\n|-resisted|p1b: Dragonite\n|-damage|p1b: Dragonite|46\/100\n|-boost|p2b: Skeledirge|spa|1\n|move|p2a: Gastrodon|Sludge Bomb|p1b: Dragonite\n|-damage|p1b: Dragonite|18\/100\n|move|p1b: Dragonite|Earthquake|p2b: Skeledirge|[spread] p2a,p2b\n|-activate|p1a: Scizor|move: Protect\n|-supereffective|p2a: Gastrodon\n|-supereffective|p2b: Skeledirge\n|-damage|p2a: Gastrodon|0 fnt\n|-damage|p2b: Skeledirge|0 fnt\n|faint|p2a: Gastrodon\n|faint|p2b: Skeledirge\n|\n|win|Sgargog\n|raw|Sgargog's rating: 1200 → 1220<\/strong> (+20 for winning)\n|raw|ggg5t's rating: 1135 → 1115<\/strong> (-20 for losing)\n|l|\u2606ggg5t\n","uploadtime":1683188402,"views":10,"p1id":"sgargog","p2id":"ggg5t","formatid":"gen9vgc2023regulationc","rating":1115,"private":0,"password":""}