{"id":"gen9vgc2023regulationc-1863589668","p1":"mence x vgc","p2":"DatGuyJimmeh","format":"[Gen 9] VGC 2023 Regulation C","log":"|j|\u2606mence x vgc\n|j|\u2606DatGuyJimmeh\n|t:|1684039079\n|gametype|doubles\n|player|p1|mence x vgc|janine|1307\n|player|p2|DatGuyJimmeh|harlequin|1244\n|teamsize|p1|6\n|teamsize|p2|6\n|gen|9\n|tier|[Gen 9] VGC 2023 Regulation C\n|rated|\n|rule|Species Clause: Limit one of each Pok\u00e9mon\n|rule|Item Clause: Limit one of each item\n|clearpoke\n|poke|p1|Amoonguss, L50, F|\n|poke|p1|Gyarados, L50, F|\n|poke|p1|Kingambit, L50, F|\n|poke|p1|Baxcalibur, L50, M|\n|poke|p1|Flutter Mane, L50|\n|poke|p1|Chi-Yu, L50|\n|poke|p2|Tinkaton, L50, F|\n|poke|p2|Iron Moth, L50|\n|poke|p2|Murkrow, L50, M|\n|poke|p2|Great Tusk, L50|\n|poke|p2|Flutter Mane, L50|\n|poke|p2|Gholdengo, L50|\n|teampreview|4\nDatGuyJimmeh has agreed to open team sheets.\nmence x vgc has agreed to open team sheets.\n|\n|t:|1684039152\n|start\n|switch|p1a: Baxcalibur|Baxcalibur, L50, M|100\/100\n|switch|p1b: Flutter Mane|Flutter Mane, L50, shiny|100\/100\n|switch|p2a: Murkrow|Murkrow, L50, M|100\/100\n|switch|p2b: Great Tusk|Great Tusk, L50|100\/100\n|-enditem|p1b: Flutter Mane|Booster Energy\n|-activate|p1b: Flutter Mane|ability: Protosynthesis|[fromitem]\n|-start|p1b: Flutter Mane|protosynthesisspe\n|turn|1\n|\n|t:|1684039204\n|switch|p1a: Gyarados|Gyarados, L50, F, shiny|100\/100\n|-ability|p1a: Gyarados|Intimidate|boost\n|-unboost|p2a: Murkrow|atk|1\n|-unboost|p2b: Great Tusk|atk|1\n|-terastallize|p2b: Great Tusk|Fire\n|move|p2a: Murkrow|Tailwind|p2a: Murkrow\n|-sidestart|p2: DatGuyJimmeh|move: Tailwind\n|move|p2b: Great Tusk|Earthquake|p1a: Gyarados|[spread] p1b\n|-immune|p2a: Murkrow\n|-immune|p1a: Gyarados\n|-damage|p1b: Flutter Mane|47\/100\n|move|p1b: Flutter Mane|Moonblast|p2b: Great Tusk\n|-resisted|p2b: Great Tusk\n|-damage|p2b: Great Tusk|62\/100\n|-unboost|p2b: Great Tusk|spa|1\n|\n|upkeep\n|turn|2\n|\n|t:|1684039248\n|-end|p2b: Great Tusk|Protosynthesis|[silent]\n|switch|p2b: Flutter Mane|Flutter Mane, L50|100\/100\n|move|p1b: Flutter Mane|Protect|p1b: Flutter Mane\n|-singleturn|p1b: Flutter Mane|Protect\n|move|p2a: Murkrow|Taunt|p1a: Gyarados\n|-start|p1a: Gyarados|move: Taunt\n|move|p1a: Gyarados|Waterfall|p2b: Flutter Mane\n|-damage|p2b: Flutter Mane|24\/100\n|\n|upkeep\n|turn|3\n|\n|t:|1684039302\n|move|p2b: Flutter Mane|Dazzling Gleam|p1b: Flutter Mane|[spread] p1a,p1b\n|-damage|p1a: Gyarados|64\/100\n|-damage|p1b: Flutter Mane|0 fnt\n|faint|p1b: Flutter Mane\n|-end|p1b: Flutter Mane|Protosynthesis|[silent]\n|move|p2a: Murkrow|Foul Play|p1a: Gyarados\n|-damage|p1a: Gyarados|27\/100\n|move|p1a: Gyarados|Waterfall|p2b: Flutter Mane\n|-damage|p2b: Flutter Mane|0 fnt\n|faint|p2b: Flutter Mane\n|-end|p2b: Flutter Mane|Protosynthesis|[silent]\n|\n|upkeep\n|\n|t:|1684039335\n|switch|p2b: Iron Moth|Iron Moth, L50|100\/100\n|switch|p1b: Kingambit|Kingambit, L50, F, shiny|100\/100\n|turn|4\n|\n|t:|1684039403\n|-terastallize|p1b: Kingambit|Dark\n|move|p2b: Iron Moth|Protect|p2b: Iron Moth\n|-singleturn|p2b: Iron Moth|Protect\n|move|p2a: Murkrow|Sunny Day|p2a: Murkrow\n|-weather|SunnyDay\n|move|p1b: Kingambit|Sucker Punch||[still]\n|-fail|p1b: Kingambit\n|move|p1a: Gyarados|Waterfall|p2b: Iron Moth\n|-activate|p2b: Iron Moth|move: Protect\n|\n|-weather|SunnyDay|[upkeep]\n|-end|p1a: Gyarados|move: Taunt\n|-sideend|p2: DatGuyJimmeh|move: Tailwind\n|upkeep\n|turn|5\n|\n|t:|1684039432\n|move|p1a: Gyarados|Helping Hand|p1b: Kingambit\n|-singleturn|p1b: Kingambit|Helping Hand|[of] p1a: Gyarados\n|move|p2a: Murkrow|Tailwind|p2a: Murkrow\n|-sidestart|p2: DatGuyJimmeh|move: Tailwind\n|move|p1b: Kingambit|Sucker Punch|p2b: Iron Moth\n|-damage|p2b: Iron Moth|0 fnt\n|faint|p2b: Iron Moth\n|-end|p2b: Iron Moth|Quark Drive|[silent]\n|\n|-weather|SunnyDay|[upkeep]\n|upkeep\n|\n|t:|1684039435\n|switch|p2b: Great Tusk|Great Tusk, L50, tera:Fire|62\/100\n|-activate|p2b: Great Tusk|ability: Protosynthesis\n|-start|p2b: Great Tusk|protosynthesisatk\n|turn|6\n|\n|t:|1684039450\n|move|p1a: Gyarados|Helping Hand|p1b: Kingambit\n|-singleturn|p1b: Kingambit|Helping Hand|[of] p1a: Gyarados\n|move|p1b: Kingambit|Sucker Punch|p2b: Great Tusk\n|-damage|p2b: Great Tusk|0 fnt\n|faint|p2b: Great Tusk\n|-end|p2b: Great Tusk|Protosynthesis|[silent]\n|move|p2a: Murkrow|Foul Play|p1a: Gyarados\n|-damage|p1a: Gyarados|0 fnt\n|faint|p1a: Gyarados\n|\n|-weather|SunnyDay|[upkeep]\n|upkeep\n|c|\u2606DatGuyJimmeh|ggwp\n|\n|t:|1684039460\n|switch|p1a: Baxcalibur|Baxcalibur, L50, M|100\/100\n|turn|7\n|c|\u2606DatGuyJimmeh|gambit stronk\n|c|\u2606mence x vgc|for realll\n|c|\u2606mence x vgc|thx u 2 :)\n|\n|t:|1684039476\n|move|p2a: Murkrow|Foul Play|p1b: Kingambit\n|-resisted|p1b: Kingambit\n|-damage|p1b: Kingambit|79\/100\n|move|p1a: Baxcalibur|Icicle Crash|p2a: Murkrow\n|-supereffective|p2a: Murkrow\n|-damage|p2a: Murkrow|0 fnt\n|faint|p2a: Murkrow\n|\n|win|mence x vgc\n|raw|mence x vgc's rating: 1307 → 1323<\/strong> (+16 for winning)\n|raw|DatGuyJimmeh's rating: 1244 → 1223<\/strong> (-21 for losing)\n|l|\u2606DatGuyJimmeh\n","uploadtime":1684039490,"views":15,"p1id":"mencexvgc","p2id":"datguyjimmeh","formatid":"gen9vgc2023regulationc","rating":1223,"private":0,"password":""}