{"id":"gen9vgc2023regulationc-1845101045","p1":"That_Leek","p2":"Privnoval016","format":"[Gen 9] VGC 2023 Regulation C","log":"|j|\u2606That_Leek\n|j|\u2606Privnoval016\n|t:|1681683633\n|gametype|doubles\n|player|p1|That_Leek|blue-masters|\n|player|p2|Privnoval016|red-masters2|\n|teamsize|p1|6\n|teamsize|p2|6\n|gen|9\n|tier|[Gen 9] VGC 2023 Regulation C\n|rule|Species Clause: Limit one of each Pok\u00e9mon\n|rule|Item Clause: Limit one of each item\n|clearpoke\n|poke|p1|Tyranitar, L50, M|\n|poke|p1|Gothitelle, L50, F|\n|poke|p1|Gholdengo, L50|\n|poke|p1|Amoonguss, L50, M|\n|poke|p1|Azumarill, L50, F|\n|poke|p1|Arcanine, L50, F|\n|poke|p2|Gyarados, L50, M|\n|poke|p2|Amoonguss, L50, M|\n|poke|p2|Flutter Mane, L50|\n|poke|p2|Chi-Yu, L50|\n|poke|p2|Roaring Moon, L50|\n|poke|p2|Garchomp, L50, M|\n|teampreview|4\nThat_Leek has agreed to open team sheets.\nPrivnoval016 has agreed to open team sheets.\n|\n|t:|1681683932\n|start\n|switch|p1a: Azumarill|Azumarill, L50, F|100\/100\n|switch|p1b: Arcanine|Arcanine, L50, F|100\/100\n|switch|p2a: So baby now you|Roaring Moon, L50|100\/100\n|switch|p2b: Feel like Number 1|Garchomp, L50, M|100\/100\n|-ability|p1b: Arcanine|Intimidate|boost\n|-unboost|p2a: So baby now you|atk|1\n|-unboost|p2b: Feel like Number 1|atk|1\n|-enditem|p2a: So baby now you|Booster Energy\n|-activate|p2a: So baby now you|ability: Protosynthesis|[fromitem]\n|-start|p2a: So baby now you|protosynthesisspe\n|turn|1\n|\n|t:|1681683962\n|-terastallize|p2b: Feel like Number 1|Fire\n|-terastallize|p1a: Azumarill|Water\n|move|p2a: So baby now you|Throat Chop|p1a: Azumarill\n|-damage|p1a: Azumarill|70\/100\n|-start|p1a: Azumarill|Throat Chop|[silent]\n|move|p2b: Feel like Number 1|Earthquake|p1a: Azumarill|[spread] p2a,p1a,p1b\n|-supereffective|p1b: Arcanine\n|-damage|p2a: So baby now you|46\/100\n|-damage|p1a: Azumarill|28\/100\n|-damage|p1b: Arcanine|12\/100\n|move|p1b: Arcanine|Will-O-Wisp|p2b: Feel like Number 1\n|-immune|p2b: Feel like Number 1\n|move|p1a: Azumarill|Liquidation|p2b: Feel like Number 1\n|-supereffective|p2b: Feel like Number 1\n|-damage|p2b: Feel like Number 1|0 fnt\n|-damage|p1a: Azumarill|16\/100|[from] ability: Rough Skin|[of] p2b: Feel like Number 1\n|faint|p2b: Feel like Number 1\n|\n|-heal|p1a: Azumarill|22\/100|[from] item: Leftovers\n|upkeep\n|\n|t:|1681683973\n|switch|p2b: OF ATTRACTION|Chi-Yu, L50|100\/100\n|-ability|p2b: OF ATTRACTION|Beads of Ruin\n|turn|2\n|\n|t:|1681683979\n|move|p1a: Azumarill|Protect|p1a: Azumarill\n|-singleturn|p1a: Azumarill|Protect\n|move|p1b: Arcanine|Extreme Speed|p2a: So baby now you\n|-damage|p2a: So baby now you|16\/100\n|move|p2a: So baby now you|Tailwind|p2a: So baby now you\n|-sidestart|p2: Privnoval016|move: Tailwind\n|move|p2b: OF ATTRACTION|Heat Wave|p1a: Azumarill|[spread] p1b\n|-activate|p1a: Azumarill|move: Protect\n|-resisted|p1b: Arcanine\n|-damage|p1b: Arcanine|0 fnt\n|faint|p1b: Arcanine\n|\n|-heal|p1a: Azumarill|28\/100|[from] item: Leftovers\n|-end|p1a: Azumarill|Throat Chop|[silent]\n|upkeep\n|\n|t:|1681683984\n|switch|p1b: Tyranitar|Tyranitar, L50, M|100\/100\n|-weather|Sandstorm|[from] ability: Sand Stream|[of] p1b: Tyranitar\n|turn|3\n|\n|t:|1681684010\n|-end|p2a: So baby now you|Protosynthesis|[silent]\n|switch|p2a: If you wanna|Gyarados, L50, M, shiny|100\/100\n|-ability|p2a: If you wanna|Intimidate|boost\n|-unboost|p1a: Azumarill|atk|1\n|-unboost|p1b: Tyranitar|atk|1\n|move|p2b: OF ATTRACTION|Dark Pulse|p1a: Azumarill\n|-damage|p1a: Azumarill|0 fnt\n|faint|p1a: Azumarill\n|move|p1b: Tyranitar|Rock Slide|p2b: OF ATTRACTION|[spread] p2a,p2b\n|-supereffective|p2a: If you wanna\n|-supereffective|p2b: OF ATTRACTION\n|-damage|p2a: If you wanna|43\/100\n|-damage|p2b: OF ATTRACTION|35\/100\n|-enditem|p2a: If you wanna|Sitrus Berry|[eat]\n|-heal|p2a: If you wanna|68\/100|[from] item: Sitrus Berry\n|\n|-weather|Sandstorm|[upkeep]\n|-damage|p2b: OF ATTRACTION|29\/100|[from] Sandstorm\n|-damage|p2a: If you wanna|61\/100|[from] Sandstorm\n|upkeep\n|\n|t:|1681684017\n|switch|p1a: Gholdengo|Gholdengo, L50|100\/100\n|turn|4\n|\n|t:|1681684033\n|move|p2b: OF ATTRACTION|Dark Pulse|p1a: Gholdengo\n|-supereffective|p1a: Gholdengo\n|-damage|p1a: Gholdengo|0 fnt\n|faint|p1a: Gholdengo\n|move|p2a: If you wanna|Waterfall|p1b: Tyranitar\n|-supereffective|p1b: Tyranitar\n|-damage|p1b: Tyranitar|28\/100\n|move|p1b: Tyranitar|Rock Slide|p2b: OF ATTRACTION|[spread] p2a,p2b\n|-supereffective|p2a: If you wanna\n|-supereffective|p2b: OF ATTRACTION\n|-damage|p2a: If you wanna|2\/100\n|-damage|p2b: OF ATTRACTION|0 fnt\n|faint|p2b: OF ATTRACTION\n|\n|-weather|Sandstorm|[upkeep]\n|-damage|p2a: If you wanna|0 fnt|[from] Sandstorm\n|faint|p2a: If you wanna\n|upkeep\n|\n|t:|1681684041\n|switch|p2a: So baby now you|Roaring Moon, L50|16\/100\n|turn|5\n|\n|t:|1681684049\n|move|p2a: So baby now you|Throat Chop|p1b: Tyranitar\n|-resisted|p1b: Tyranitar\n|-crit|p1b: Tyranitar\n|-damage|p1b: Tyranitar|2\/100\n|-start|p1b: Tyranitar|Throat Chop|[silent]\n|move|p1b: Tyranitar|Brick Break|p2a: So baby now you\n|-supereffective|p2a: So baby now you\n|-damage|p2a: So baby now you|0 fnt\n|faint|p2a: So baby now you\n|-end|p2a: So baby now you|Protosynthesis|[silent]\n|\n|win|That_Leek\n|l|\u2606Privnoval016\n","uploadtime":1681684057,"views":9,"p1id":"thatleek","p2id":"privnoval016","formatid":"gen9vgc2023regulationc","rating":0,"private":0,"password":""}