{"id":"gen9vgc2023regulationc-1854699315","p1":"Test1911","p2":"sawadaburner","format":"[Gen 9] VGC 2023 Regulation C","log":"|j|\u2606Test1911\n|j|\u2606sawadaburner\n|t:|1682852738\n|gametype|doubles\n|player|p1|Test1911|clerk|1306\n|player|p2|sawadaburner|hilbert|1292\n|teamsize|p1|6\n|teamsize|p2|6\n|gen|9\n|tier|[Gen 9] VGC 2023 Regulation C\n|rated|\n|rule|Species Clause: Limit one of each Pok\u00e9mon\n|rule|Item Clause: Limit one of each item\n|clearpoke\n|poke|p1|Torkoal, L50, F|\n|poke|p1|Jumpluff, L50, M|\n|poke|p1|Flutter Mane, L50|\n|poke|p1|Great Tusk, L50|\n|poke|p1|Chien-Pao, L50|\n|poke|p1|Kingambit, L50, M|\n|poke|p2|Torkoal, L50, F|\n|poke|p2|Chien-Pao, L50|\n|poke|p2|Flutter Mane, L50|\n|poke|p2|Great Tusk, L50|\n|poke|p2|Gyarados, L50, M|\n|poke|p2|Ting-Lu, L50|\n|teampreview|4\nsawadaburner has agreed to open team sheets.\nTest1911 has agreed to open team sheets.\n|j| Electricall\n|inactive|Battle timer is ON: inactive players will automatically lose when time's up. (requested by Test1911)\n|c|\u2606Test1911|gl\n|inactive|sawadaburner has 60 seconds left.\n|\n|t:|1682852796\n|start\n|switch|p1a: Torkoal|Torkoal, L50, F|100\/100\n|switch|p1b: Jumpluff|Jumpluff, L50, M|100\/100\n|switch|p2a: Torkoal|Torkoal, L50, F|100\/100\n|switch|p2b: Flutter Mane|Flutter Mane, L50|100\/100\n|-weather|SunnyDay|[from] ability: Drought|[of] p1a: Torkoal\n|-activate|p2b: Flutter Mane|ability: Protosynthesis\n|-start|p2b: Flutter Mane|protosynthesisspe\n|turn|1\n|inactive|Test1911 has 30 seconds left.\n|inactive|sawadaburner has 30 seconds left.\n|inactive|Test1911 has 20 seconds left.\n|inactive|Test1911 has 15 seconds left.\n|\n|t:|1682852836\n|move|p1b: Jumpluff|Tailwind|p1b: Jumpluff\n|-sidestart|p1: Test1911|move: Tailwind\n|move|p2b: Flutter Mane|Moonblast|p1b: Jumpluff\n|-damage|p1b: Jumpluff|29\/100\n|move|p1a: Torkoal|Overheat|p2b: Flutter Mane\n|-damage|p2b: Flutter Mane|36\/100\n|-unboost|p1a: Torkoal|spa|2\n|-enditem|p1a: Torkoal|Eject Pack\n|\n|t:|1682852846\n|switch|p1a: Great Tusk|Great Tusk, L50|100\/100\n|-activate|p1a: Great Tusk|ability: Protosynthesis\n|-start|p1a: Great Tusk|protosynthesisatk\n|move|p2a: Torkoal|Yawn|p1a: Great Tusk\n|-start|p1a: Great Tusk|move: Yawn|[of] p2a: Torkoal\n|\n|-weather|SunnyDay|[upkeep]\n|upkeep\n|turn|2\n|\n|t:|1682852874\n|-end|p2b: Flutter Mane|Protosynthesis|[silent]\n|switch|p2b: Great Tusk|Great Tusk, L50|100\/100\n|-activate|p2b: Great Tusk|ability: Protosynthesis\n|-start|p2b: Great Tusk|protosynthesisatk\n|move|p1b: Jumpluff|Sleep Powder|p2a: Torkoal\n|-status|p2a: Torkoal|slp|[from] move: Sleep Powder\n|move|p1a: Great Tusk|Earthquake|p2b: Great Tusk|[spread] p2a,p2b\n|-immune|p1b: Jumpluff\n|-supereffective|p2a: Torkoal\n|-crit|p2b: Great Tusk\n|-damage|p2a: Torkoal|32\/100 slp\n|-damage|p2b: Great Tusk|53\/100\n|cant|p2a: Torkoal|slp\n|\n|-weather|SunnyDay|[upkeep]\n|-end|p1a: Great Tusk|move: Yawn|[silent]\n|-status|p1a: Great Tusk|slp\n|upkeep\n|turn|3\n|\n|t:|1682852891\n|move|p1b: Jumpluff|Sleep Powder|p2b: Great Tusk\n|-status|p2b: Great Tusk|slp|[from] move: Sleep Powder\n|cant|p1a: Great Tusk|slp\n|cant|p2b: Great Tusk|slp\n|cant|p2a: Torkoal|slp\n|\n|-weather|SunnyDay|[upkeep]\n|upkeep\n|turn|4\n|\n|t:|1682852903\n|move|p1b: Jumpluff|Leaf Storm|p2b: Great Tusk\n|-supereffective|p2b: Great Tusk\n|-damage|p2b: Great Tusk|0 fnt\n|-unboost|p1b: Jumpluff|spa|2\n|faint|p2b: Great Tusk\n|-end|p2b: Great Tusk|Protosynthesis|[silent]\n|cant|p1a: Great Tusk|slp\n|-curestatus|p2a: Torkoal|slp|[msg]\n|move|p2a: Torkoal|Overheat|p1b: Jumpluff\n|-supereffective|p1b: Jumpluff\n|-damage|p1b: Jumpluff|0 fnt\n|-unboost|p2a: Torkoal|spa|2\n|-enditem|p2a: Torkoal|Eject Pack\n|faint|p1b: Jumpluff\n|\n|t:|1682852907\n|switch|p2a: Flutter Mane|Flutter Mane, L50|36\/100\n|-activate|p2a: Flutter Mane|ability: Protosynthesis\n|-start|p2a: Flutter Mane|protosynthesisspe\n|\n|-weather|SunnyDay|[upkeep]\n|-sideend|p1: Test1911|move: Tailwind\n|upkeep\n|\n|t:|1682852913\n|switch|p1b: Flutter Mane|Flutter Mane, L50|100\/100\n|switch|p2b: Torkoal|Torkoal, L50, F|32\/100\n|-activate|p1b: Flutter Mane|ability: Protosynthesis\n|-start|p1b: Flutter Mane|protosynthesisspe\n|turn|5\n|\n|t:|1682852922\n|-end|p1a: Great Tusk|Protosynthesis|[silent]\n|switch|p1a: Torkoal|Torkoal, L50, F|100\/100\n|-terastallize|p2a: Flutter Mane|Fairy\n|move|p2a: Flutter Mane|Dazzling Gleam|p1a: Torkoal|[spread] p1a,p1b\n|-resisted|p1a: Torkoal\n|-damage|p1a: Torkoal|68\/100\n|-damage|p1b: Flutter Mane|36\/100\n|move|p1b: Flutter Mane|Dazzling Gleam|p2a: Flutter Mane|[spread] p2a,p2b\n|-resisted|p2b: Torkoal\n|-damage|p2a: Flutter Mane|0 fnt\n|-damage|p2b: Torkoal|3\/100\n|faint|p2a: Flutter Mane\n|-end|p2a: Flutter Mane|Protosynthesis|[silent]\n|move|p2b: Torkoal|Overheat|p1b: Flutter Mane\n|-damage|p1b: Flutter Mane|0 fnt\n|-unboost|p2b: Torkoal|spa|2\n|faint|p1b: Flutter Mane\n|-end|p1b: Flutter Mane|Protosynthesis|[silent]\n|\n|-weather|none\n|upkeep\n|\n|t:|1682852933\n|switch|p2a: Chien-Pao|Chien-Pao, L50|100\/100\n|switch|p1b: Great Tusk|Great Tusk, L50|100\/100 slp\n|-ability|p2a: Chien-Pao|Sword of Ruin\n|turn|6\n|c|\u2606Test1911|gg\n|\n|t:|1682852951\n|-terastallize|p1a: Torkoal|Flying\n|cant|p1b: Great Tusk|slp\n|move|p2a: Chien-Pao|Ice Spinner|p1b: Great Tusk\n|-supereffective|p1b: Great Tusk\n|-damage|p1b: Great Tusk|20\/100 slp\n|move|p1a: Torkoal|Overheat|p2a: Chien-Pao\n|-supereffective|p2a: Chien-Pao\n|-enditem|p2a: Chien-Pao|Focus Sash\n|-damage|p2a: Chien-Pao|1\/100\n|-unboost|p1a: Torkoal|spa|2\n|move|p2b: Torkoal|Yawn|p1a: Torkoal\n|-start|p1a: Torkoal|move: Yawn|[of] p2b: Torkoal\n|\n|upkeep\n|turn|7\n|\n|t:|1682852974\n|move|p2a: Chien-Pao|Ice Shard|p1b: Great Tusk\n|-supereffective|p1b: Great Tusk\n|-damage|p1b: Great Tusk|0 fnt\n|faint|p1b: Great Tusk\n|-end|p1b: Great Tusk|Protosynthesis|[silent]\n|move|p1a: Torkoal|Overheat|p2a: Chien-Pao\n|-supereffective|p2a: Chien-Pao\n|-damage|p2a: Chien-Pao|0 fnt\n|-unboost|p1a: Torkoal|spa|2\n|faint|p2a: Chien-Pao\n|move|p2b: Torkoal|Fire Spin|p1a: Torkoal\n|-damage|p1a: Torkoal|63\/100\n|-activate|p1a: Torkoal|move: Fire Spin|[of] p2b: Torkoal\n|\n|-damage|p1a: Torkoal|50\/100|[from] move: Fire Spin|[partiallytrapped]\n|-end|p1a: Torkoal|move: Yawn|[silent]\n|-status|p1a: Torkoal|slp\n|upkeep\n|turn|8\n|\n|t:|1682852982\n|cant|p1a: Torkoal|slp\n|move|p2b: Torkoal|Overheat|p1a: Torkoal\n|-damage|p1a: Torkoal|31\/100 slp\n|-unboost|p2b: Torkoal|spa|2\n|\n|-damage|p1a: Torkoal|19\/100 slp|[from] move: Fire Spin|[partiallytrapped]\n|upkeep\n|turn|9\n|\n|t:|1682852997\n|cant|p1a: Torkoal|slp\n|move|p2b: Torkoal|Overheat|p1a: Torkoal\n|-damage|p1a: Torkoal|5\/100 slp\n|-unboost|p2b: Torkoal|spa|2\n|\n|-damage|p1a: Torkoal|0 fnt|[from] move: Fire Spin|[partiallytrapped]\n|faint|p1a: Torkoal\n|\n|win|sawadaburner\n|upkeep\n|raw|Test1911's rating: 1306 → 1285<\/strong> (-21 for losing)\n|raw|sawadaburner's rating: 1292 → 1318<\/strong> (+26 for winning)\n|l|\u2606Test1911\n|c|\u2606sawadaburner|Madonna close\n","uploadtime":1682853019,"views":12,"p1id":"test1911","p2id":"sawadaburner","formatid":"gen9vgc2023regulationc","rating":1285,"private":0,"password":""}