{"id":"gen9vgc2023regulationc-1863930368","p1":"apronvgc","p2":"dartsvg","format":"[Gen 9] VGC 2023 Regulation C","log":"|j|\u2606apronvgc\n|j|\u2606dartsvg\n|t:|1684094607\n|gametype|doubles\n|player|p1|apronvgc|lucas|\n|player|p2|dartsvg|artist-gen4|\n|teamsize|p1|6\n|teamsize|p2|6\n|gen|9\n|tier|[Gen 9] VGC 2023 Regulation C\n|rule|Species Clause: Limit one of each Pok\u00e9mon\n|rule|Item Clause: Limit one of each item\n|clearpoke\n|poke|p1|Flutter Mane, L50|\n|poke|p1|Palafin, L50, M|\n|poke|p1|Iron Bundle, L50|\n|poke|p1|Chi-Yu, L50|\n|poke|p1|Arcanine, L50, M|\n|poke|p1|Amoonguss, L50, M|\n|poke|p2|Kingambit, L50, F|\n|poke|p2|Flutter Mane, L50|\n|poke|p2|Amoonguss, L50, M|\n|poke|p2|Arcanine, L50, M|\n|poke|p2|Baxcalibur, L50, M|\n|poke|p2|Chi-Yu, L50|\n|teampreview|4\n|c|\u2606dartsvg|g2\n|c|\u2606apronvgc|\/log apronvgc made this room public.\n|j| UberVylit\n|j| Deemo Hyouryou\n|j| SvenVGC\ndartsvg has agreed to open team sheets.\n|c|\u2606apronvgc|glhf\n|j| Bertigo\n|j| DomarpVGC\napronvgc has agreed to open team sheets.\n|j| IchigoZangeCorner\n|c|\u2606dartsvg|glhf\n|j| WH ceree\n|\n|t:|1684095375\n|start\n|switch|p1a: Iron Bundle|Iron Bundle, L50|100\/100\n|switch|p1b: Chi-Yu|Chi-Yu, L50|100\/100\n|switch|p2a: Chi-Yu|Chi-Yu, L50|100\/100\n|switch|p2b: Flutter Mane|Flutter Mane, L50|100\/100\n|-ability|p2a: Chi-Yu|Beads of Ruin\n|-ability|p1b: Chi-Yu|Beads of Ruin\n|-enditem|p2b: Flutter Mane|Booster Energy\n|-activate|p2b: Flutter Mane|ability: Protosynthesis|[fromitem]\n|-start|p2b: Flutter Mane|protosynthesisspa\n|turn|1\n|\n|t:|1684095404\n|switch|p2a: Amoonguss|Amoonguss, L50, M|100\/100\n|move|p2b: Flutter Mane|Protect|p2b: Flutter Mane\n|-singleturn|p2b: Flutter Mane|Protect\n|move|p1a: Iron Bundle|Icy Wind|p2a: Amoonguss|[spread] p2a\n|-activate|p2b: Flutter Mane|move: Protect\n|-supereffective|p2a: Amoonguss\n|-damage|p2a: Amoonguss|51\/100\n|-unboost|p2a: Amoonguss|spe|1\n|move|p1b: Chi-Yu|Overheat|p2b: Flutter Mane\n|-activate|p2b: Flutter Mane|move: Protect\n|\n|upkeep\n|turn|2\n|\n|t:|1684095473\n|switch|p2a: Chi-Yu|Chi-Yu, L50|100\/100\n|-ability|p2a: Chi-Yu|Beads of Ruin\n|move|p1a: Iron Bundle|Freeze-Dry|p2a: Chi-Yu\n|-resisted|p2a: Chi-Yu\n|-damage|p2a: Chi-Yu|81\/100\n|-status|p2a: Chi-Yu|frz\n|move|p2b: Flutter Mane|Dazzling Gleam|p1a: Iron Bundle|[spread] p1a,p1b\n|-damage|p1a: Iron Bundle|4\/100\n|-damage|p1b: Chi-Yu|60\/100\n|move|p1b: Chi-Yu|Overheat|p2b: Flutter Mane\n|-damage|p2b: Flutter Mane|0 fnt\n|-unboost|p1b: Chi-Yu|spa|2\n|faint|p2b: Flutter Mane\n|-end|p2b: Flutter Mane|Protosynthesis|[silent]\n|\n|upkeep\n|\n|t:|1684095484\n|switch|p2b: Baxcalibur|Baxcalibur, L50, M|100\/100\n|turn|3\n|\n|t:|1684095512\n|-end|p1a: Iron Bundle|Quark Drive|[silent]\n|switch|p1a: Amoonguss|Amoonguss, L50, M|100\/100\n|-terastallize|p2a: Chi-Yu|Water\n|move|p2b: Baxcalibur|Protect|p2b: Baxcalibur\n|-singleturn|p2b: Baxcalibur|Protect\n|-curestatus|p2a: Chi-Yu|frz|[msg]\n|move|p2a: Chi-Yu|Tera Blast|p1b: Chi-Yu\n|-supereffective|p1b: Chi-Yu\n|-damage|p1b: Chi-Yu|0 fnt\n|faint|p1b: Chi-Yu\n|\n|upkeep\n|\n|t:|1684095525\n|switch|p1b: Flutter Mane|Flutter Mane, L50|100\/100\n|-enditem|p1b: Flutter Mane|Booster Energy\n|-activate|p1b: Flutter Mane|ability: Protosynthesis|[fromitem]\n|-start|p1b: Flutter Mane|protosynthesisspa\n|turn|4\n|j| Orangex733\n|\n|t:|1684095579\n|switch|p2a: Amoonguss|Amoonguss, L50, M|85\/100\n|-terastallize|p1b: Flutter Mane|Fairy\n|move|p2b: Baxcalibur|Ice Shard|p1b: Flutter Mane\n|-damage|p1b: Flutter Mane|70\/100\n|move|p1b: Flutter Mane|Moonblast|p2b: Baxcalibur\n|-supereffective|p2b: Baxcalibur\n|-damage|p2b: Baxcalibur|0 fnt\n|faint|p2b: Baxcalibur\n|move|p1a: Amoonguss|Spore|p2a: Amoonguss\n|-immune|p2a: Amoonguss\n|\n|upkeep\n|\n|t:|1684095586\n|switch|p2b: Chi-Yu|Chi-Yu, L50, tera:Water|81\/100\n|-ability|p2b: Chi-Yu|Beads of Ruin\n|turn|5\n|inactive|Battle timer is ON: inactive players will automatically lose when time's up. (requested by apronvgc)\n|\n|t:|1684095767\n|move|p2b: Chi-Yu|Overheat|p1b: Flutter Mane|[miss]\n|-miss|p2b: Chi-Yu|p1b: Flutter Mane\n|move|p1b: Flutter Mane|Moonblast|p2b: Chi-Yu\n|-damage|p2b: Chi-Yu|0 fnt\n|faint|p2b: Chi-Yu\n|move|p1a: Amoonguss|Spore|p2a: Amoonguss\n|-immune|p2a: Amoonguss\n|move|p2a: Amoonguss|Pollen Puff|p2: Chi-Yu|[notarget]\n|-fail|p2a: Amoonguss\n|\n|upkeep\n|turn|6\n|c|\u2606dartsvg|gg\n|-message|dartsvg forfeited.\n|\n|win|apronvgc\n|c|\u2606apronvgc|gg\n|l| Bertigo\n|l| Orangex733\n|l| Deemo Hyouryou\n|j| NJ11VGC\n|l| IchigoZangeCorner\n|l| NJ11VGC\n|l| UberVylit\n|l| WH ceree\n","uploadtime":1684095781,"views":19,"p1id":"apronvgc","p2id":"dartsvg","formatid":"gen9vgc2023regulationc","rating":0,"private":0,"password":""}