{"id":"gen9vgc2023regulationc-1845979283","p1":"Charlisito","p2":"fatdaddymac","format":"[Gen 9] VGC 2023 Regulation C","log":"|j|\u2606Charlisito\n|j|\u2606fatdaddymac\n|t:|1681786595\n|gametype|doubles\n|player|p1|Charlisito|266|1068\n|player|p2|fatdaddymac|waiter-gen4|1123\n|teamsize|p1|6\n|teamsize|p2|6\n|gen|9\n|tier|[Gen 9] VGC 2023 Regulation C\n|rated|\n|rule|Species Clause: Limit one of each Pok\u00e9mon\n|rule|Item Clause: Limit one of each item\n|clearpoke\n|poke|p1|Palafin, L50, M|\n|poke|p1|Arcanine, L50, M|\n|poke|p1|Amoonguss, L50, M|\n|poke|p1|Flutter Mane, L50|\n|poke|p1|Ting-Lu, L50|\n|poke|p1|Slither Wing, L50|\n|poke|p2|Flutter Mane, L50|\n|poke|p2|Tatsugiri, L50, F|\n|poke|p2|Dondozo, L50, M|\n|poke|p2|Ceruledge, L50, F|\n|poke|p2|Tauros-Paldea-Aqua, L50, M|\n|poke|p2|Meowscarada, L50, M|\n|teampreview|4\n|\n|t:|1681786624\n|start\n|switch|p1a: Flutter Mane|Flutter Mane, L50|100\/100\n|switch|p1b: Slither Wing|Slither Wing, L50|100\/100\n|switch|p2a: Tauros|Tauros-Paldea-Aqua, L50, M|100\/100\n|switch|p2b: Meowscarada|Meowscarada, L50, M|100\/100\n|-enditem|p1a: Flutter Mane|Booster Energy\n|-activate|p1a: Flutter Mane|ability: Protosynthesis|[fromitem]\n|-start|p1a: Flutter Mane|protosynthesisspa\n|turn|1\n|\n|t:|1681786650\n|-terastallize|p2a: Tauros|Fire\n|move|p1a: Flutter Mane|Protect|p1a: Flutter Mane\n|-singleturn|p1a: Flutter Mane|Protect\n|move|p2b: Meowscarada|Flower Trick|p2a: Tauros\n|-resisted|p2a: Tauros\n|-crit|p2a: Tauros\n|-damage|p2a: Tauros|78\/100\n|-setboost|p2a: Tauros|atk|6|[from] ability: Anger Point\n|move|p2a: Tauros|Rock Slide|p1a: Flutter Mane|[spread] p1b\n|-activate|p1a: Flutter Mane|move: Protect\n|-damage|p1b: Slither Wing|26\/100\n|move|p1b: Slither Wing|Leech Life|p2b: Meowscarada\n|-supereffective|p2b: Meowscarada\n|-crit|p2b: Meowscarada\n|-damage|p2b: Meowscarada|0 fnt\n|-heal|p1b: Slither Wing|81\/100|[from] drain|[of] p2b: Meowscarada\n|faint|p2b: Meowscarada\n|\n|upkeep\n|\n|t:|1681786673\n|switch|p2b: Ceruledge|Ceruledge, L50, F|100\/100\n|turn|2\n|\n|t:|1681786687\n|move|p1b: Slither Wing|Protect|p1b: Slither Wing\n|-singleturn|p1b: Slither Wing|Protect\n|move|p2b: Ceruledge|Shadow Sneak|p1a: Flutter Mane\n|-supereffective|p1a: Flutter Mane\n|-damage|p1a: Flutter Mane|26\/100\n|move|p1a: Flutter Mane|Shadow Ball|p2b: Ceruledge\n|-supereffective|p2b: Ceruledge\n|-damage|p2b: Ceruledge|0 fnt\n|faint|p2b: Ceruledge\n|move|p2a: Tauros|Rock Slide|p1a: Flutter Mane|[spread] p1a\n|-activate|p1b: Slither Wing|move: Protect\n|-damage|p1a: Flutter Mane|0 fnt\n|faint|p1a: Flutter Mane\n|-end|p1a: Flutter Mane|Protosynthesis|[silent]\n|\n|upkeep\n|\n|t:|1681786703\n|switch|p1a: Ting-Lu|Ting-Lu, L50|100\/100\n|switch|p2b: Flutter Mane|Flutter Mane, L50|100\/100\n|-ability|p1a: Ting-Lu|Vessel of Ruin\n|-enditem|p2b: Flutter Mane|Booster Energy\n|-activate|p2b: Flutter Mane|ability: Protosynthesis|[fromitem]\n|-start|p2b: Flutter Mane|protosynthesisspe\n|turn|3\n|\n|t:|1681786717\n|-terastallize|p1a: Ting-Lu|Grass\n|move|p1b: Slither Wing|Protect||[still]\n|-fail|p1b: Slither Wing\n|move|p2b: Flutter Mane|Dazzling Gleam|p1b: Slither Wing|[spread] p1a,p1b\n|-supereffective|p1b: Slither Wing\n|-damage|p1a: Ting-Lu|89\/100\n|-damage|p1b: Slither Wing|34\/100\n|move|p2a: Tauros|Raging Bull|p1a: Ting-Lu\n|-resisted|p1a: Ting-Lu\n|-damage|p1a: Ting-Lu|50\/100\n|move|p1a: Ting-Lu|Heavy Slam|p2b: Flutter Mane\n|-supereffective|p2b: Flutter Mane\n|-damage|p2b: Flutter Mane|0 fnt\n|faint|p2b: Flutter Mane\n|-end|p2b: Flutter Mane|Protosynthesis|[silent]\n|\n|upkeep\n|turn|4\n|\n|t:|1681786734\n|-end|p1b: Slither Wing|Protosynthesis|[silent]\n|switch|p1b: Amoonguss|Amoonguss, L50, M|100\/100\n|move|p2a: Tauros|Rock Slide|p1a: Ting-Lu|[spread] p1a,p1b\n|-damage|p1a: Ting-Lu|19\/100\n|-damage|p1b: Amoonguss|50\/100\n|move|p1a: Ting-Lu|Stomping Tantrum|p2a: Tauros\n|-supereffective|p2a: Tauros\n|-damage|p2a: Tauros|2\/100\n|-enditem|p2a: Tauros|Sitrus Berry|[eat]\n|-heal|p2a: Tauros|27\/100|[from] item: Sitrus Berry\n|\n|upkeep\n|turn|5\n|\n|t:|1681786746\n|switch|p1a: Slither Wing|Slither Wing, L50|34\/100\n|move|p2a: Tauros|Rock Slide|p1b: Amoonguss|[spread] \n|-miss|p2a: Tauros|p1a: Slither Wing\n|-miss|p2a: Tauros|p1b: Amoonguss\n|move|p1b: Amoonguss|Spore|p2a: Tauros\n|-status|p2a: Tauros|slp|[from] move: Spore\n|\n|upkeep\n|turn|6\n|-message|fatdaddymac forfeited.\n|\n|win|Charlisito\n|raw|Charlisito's rating: 1068 → 1102<\/strong> (+34 for winning)\n|raw|fatdaddymac's rating: 1123 → 1094<\/strong> (-29 for losing)\n|l|\u2606fatdaddymac\n","uploadtime":1681786763,"views":3,"p1id":"charlisito","p2id":"fatdaddymac","formatid":"gen9vgc2023regulationc","rating":1094,"private":0,"password":""}