{"id":"gen9vgc2023regulationc-1847432377","p1":"battlerealm","p2":"eggplanet07","format":"[Gen 9] VGC 2023 Regulation C","log":"|j|\u2606battlerealm\n|j|\u2606eggplanet07\n|t:|1681954427\n|gametype|doubles\n|player|p1|battlerealm|102|1203\n|player|p2|eggplanet07|hilda|1135\n|teamsize|p1|6\n|teamsize|p2|6\n|gen|9\n|tier|[Gen 9] VGC 2023 Regulation C\n|rated|\n|rule|Species Clause: Limit one of each Pok\u00e9mon\n|rule|Item Clause: Limit one of each item\n|clearpoke\n|poke|p1|Palafin, L50, M|\n|poke|p1|Chien-Pao, L50|\n|poke|p1|Iron Moth, L50|\n|poke|p1|Farigiraf, L50, F|\n|poke|p1|Flutter Mane, L50|\n|poke|p1|Scizor, L50, F|\n|poke|p2|Raichu, L50, M|\n|poke|p2|Ting-Lu, L50|\n|poke|p2|Amoonguss, L50, F|\n|poke|p2|Gyarados, L50, F|\n|poke|p2|Flutter Mane, L50|\n|poke|p2|Palafin, L50, F|\n|teampreview|4\n|inactive|Battle timer is ON: inactive players will automatically lose when time's up. (requested by eggplanet07)\n|inactive|battlerealm has 60 seconds left.\n|inactive|eggplanet07 has 60 seconds left.\n|\n|t:|1681954484\n|start\n|switch|p1a: Iron Moth|Iron Moth, L50|100\/100\n|switch|p1b: Flutter Mane|Flutter Mane, L50|100\/100\n|switch|p2a: Raichu|Raichu, L50, M|100\/100\n|switch|p2b: Palafin|Palafin, L50, F|100\/100\n|-item|p2a: Raichu|Air Balloon\n|-enditem|p1a: Iron Moth|Booster Energy\n|-activate|p1a: Iron Moth|ability: Quark Drive|[fromitem]\n|-start|p1a: Iron Moth|quarkdrivespa\n|turn|1\n|inactive|battlerealm has 30 seconds left.\n|inactive|eggplanet07 has 30 seconds left.\n|\n|t:|1681954517\n|-end|p1a: Iron Moth|Quark Drive|[silent]\n|switch|p1a: Farigiraf|Farigiraf, L50, F|100\/100\n|move|p2b: Palafin|Protect|p2b: Palafin\n|-singleturn|p2b: Palafin|Protect\n|move|p1b: Flutter Mane|Dazzling Gleam|p2b: Palafin|[spread] p2a\n|-activate|p2b: Palafin|move: Protect\n|-damage|p2a: Raichu|36\/100\n|-enditem|p2a: Raichu|Air Balloon\n|move|p2a: Raichu|Nuzzle|p1b: Flutter Mane\n|-damage|p1b: Flutter Mane|88\/100\n|-status|p1b: Flutter Mane|par\n|\n|upkeep\n|turn|2\n|\n|t:|1681954539\n|detailschange|p2b: Palafin|Palafin-Hero, L50, F\n|switch|p2b: Ting-Lu|Ting-Lu, L50|100\/100\n|-ability|p2b: Ting-Lu|Vessel of Ruin\n|-end|p1b: Flutter Mane|Protosynthesis|[silent]\n|switch|p1b: Scizor|Scizor, L50, F|100\/100\n|move|p2a: Raichu|Nuzzle|p1a: Farigiraf\n|-damage|p1a: Farigiraf|96\/100\n|-status|p1a: Farigiraf|par\n|move|p1a: Farigiraf|Trick Room|p1a: Farigiraf\n|-fieldstart|move: Trick Room|[of] p1a: Farigiraf\n|\n|upkeep\n|turn|3\n|inactive|battlerealm has 30 seconds left.\n|inactive|eggplanet07 has 30 seconds left.\n|\n|t:|1681954574\n|-terastallize|p1a: Farigiraf|Fairy\n|move|p1a: Farigiraf|Hyper Voice|p2b: Ting-Lu|[spread] p2a,p2b\n|-crit|p2b: Ting-Lu\n|-damage|p2a: Raichu|8\/100\n|-damage|p2b: Ting-Lu|80\/100\n|-enditem|p1a: Farigiraf|Throat Spray\n|-boost|p1a: Farigiraf|spa|1|[from] item: Throat Spray\n|move|p2b: Ting-Lu|Throat Chop|p1a: Farigiraf\n|-resisted|p1a: Farigiraf\n|-damage|p1a: Farigiraf|80\/100 par\n|-start|p1a: Farigiraf|Throat Chop|[silent]\n|move|p1b: Scizor|Close Combat|p2b: Ting-Lu\n|-supereffective|p2b: Ting-Lu\n|-damage|p2b: Ting-Lu|22\/100\n|-unboost|p1b: Scizor|def|1\n|-unboost|p1b: Scizor|spd|1\n|-damage|p1b: Scizor|91\/100|[from] item: Life Orb\n|move|p2a: Raichu|Nuzzle|p1b: Scizor\n|-damage|p1b: Scizor|82\/100\n|-status|p1b: Scizor|par\n|\n|-heal|p2b: Ting-Lu|28\/100|[from] item: Leftovers\n|upkeep\n|turn|4\n|inactive|battlerealm has 30 seconds left.\n|inactive|eggplanet07 has 30 seconds left.\n|inactive|battlerealm has 20 seconds left.\n|inactive|battlerealm has 15 seconds left.\n|\n|t:|1681954619\n|move|p2b: Ting-Lu|Protect|p2b: Ting-Lu\n|-singleturn|p2b: Ting-Lu|Protect\n|move|p1b: Scizor|Bullet Punch|p2b: Ting-Lu\n|-activate|p2b: Ting-Lu|move: Protect\n|cant|p1a: Farigiraf|par\n|move|p2a: Raichu|Thunderbolt|p1a: Farigiraf\n|-damage|p1a: Farigiraf|59\/100 par\n|\n|-heal|p2b: Ting-Lu|34\/100|[from] item: Leftovers\n|-end|p1a: Farigiraf|Throat Chop|[silent]\n|upkeep\n|turn|5\n|\n|t:|1681954637\n|switch|p2b: Gyarados|Gyarados, L50, F, shiny|100\/100\n|-ability|p2b: Gyarados|Intimidate|boost\n|-unboost|p1a: Farigiraf|atk|1\n|-unboost|p1b: Scizor|atk|1\n|move|p1b: Scizor|Bullet Punch|p2b: Gyarados\n|-resisted|p2b: Gyarados\n|-damage|p2b: Gyarados|86\/100\n|-damage|p1b: Scizor|72\/100 par|[from] item: Life Orb\n|move|p1a: Farigiraf|Hyper Voice|p2b: Gyarados|[spread] p2a,p2b\n|-damage|p2a: Raichu|0 fnt\n|-damage|p2b: Gyarados|48\/100\n|faint|p2a: Raichu\n|\n|upkeep\n|\n|t:|1681954651\n|switch|p2a: Ting-Lu|Ting-Lu, L50|34\/100\n|-ability|p2a: Ting-Lu|Vessel of Ruin\n|turn|6\n|inactive|battlerealm has 30 seconds left.\n|\n|t:|1681954685\n|cant|p1a: Farigiraf|par\n|cant|p1b: Scizor|par\n|move|p2a: Ting-Lu|Stomping Tantrum|p1b: Scizor\n|-damage|p1b: Scizor|25\/100 par\n|move|p2b: Gyarados|Rain Dance|p2b: Gyarados\n|-weather|RainDance\n|\n|-weather|RainDance|[upkeep]\n|-heal|p2a: Ting-Lu|40\/100|[from] item: Leftovers\n|-fieldend|move: Trick Room\n|upkeep\n|turn|7\n|inactive|battlerealm has 30 seconds left.\n|\n|t:|1681954715\n|move|p1b: Scizor|Bullet Punch|p2b: Gyarados\n|-resisted|p2b: Gyarados\n|-damage|p2b: Gyarados|33\/100\n|-damage|p1b: Scizor|15\/100 par|[from] item: Life Orb\n|move|p2b: Gyarados|Taunt|p1a: Farigiraf\n|-start|p1a: Farigiraf|move: Taunt\n|move|p2a: Ting-Lu|Stomping Tantrum|p1b: Scizor\n|-damage|p1b: Scizor|0 fnt\n|faint|p1b: Scizor\n|cant|p1a: Farigiraf|par\n|\n|-weather|RainDance|[upkeep]\n|-heal|p2a: Ting-Lu|46\/100|[from] item: Leftovers\n|upkeep\n|\n|t:|1681954731\n|switch|p1b: Flutter Mane|Flutter Mane, L50|88\/100 par\n|turn|8\n|\n|t:|1681954744\n|move|p2b: Gyarados|Waterfall|p1b: Flutter Mane\n|-damage|p1b: Flutter Mane|0 fnt\n|faint|p1b: Flutter Mane\n|-end|p1b: Flutter Mane|Protosynthesis|[silent]\n|move|p2a: Ting-Lu|Stomping Tantrum|p1a: Farigiraf\n|-damage|p1a: Farigiraf|30\/100 par\n|move|p1a: Farigiraf|Hyper Voice|p2b: Gyarados|[spread] p2a,p2b\n|-damage|p2a: Ting-Lu|27\/100\n|-damage|p2b: Gyarados|5\/100\n|\n|-weather|RainDance|[upkeep]\n|-heal|p2a: Ting-Lu|34\/100|[from] item: Leftovers\n|upkeep\n|\n|t:|1681954753\n|switch|p1b: Iron Moth|Iron Moth, L50|100\/100\n|turn|9\n|\n|t:|1681954778\n|move|p1b: Iron Moth|Protect|p1b: Iron Moth\n|-singleturn|p1b: Iron Moth|Protect\n|move|p2b: Gyarados|Waterfall|p1a: Farigiraf\n|-damage|p1a: Farigiraf|0 fnt\n|faint|p1a: Farigiraf\n|move|p2a: Ting-Lu|Stomping Tantrum|p1b: Iron Moth\n|-activate|p1b: Iron Moth|move: Protect\n|\n|-weather|RainDance|[upkeep]\n|-heal|p2a: Ting-Lu|40\/100|[from] item: Leftovers\n|upkeep\n|turn|10\n|inactive|eggplanet07 has 30 seconds left.\n|inactive|eggplanet07 has 20 seconds left.\n|inactive|eggplanet07 has 15 seconds left.\n|-message|battlerealm forfeited.\n|\n|win|eggplanet07\n|raw|battlerealm's rating: 1203 → 1173<\/strong> (-30 for losing)\n|raw|eggplanet07's rating: 1135 → 1165<\/strong> (+30 for winning)\n|l|\u2606battlerealm\n","uploadtime":1681954836,"views":8,"p1id":"battlerealm","p2id":"eggplanet07","formatid":"gen9vgc2023regulationc","rating":1165,"private":0,"password":""}