{"id":"gen9vgc2023regulationc-1848085694","p1":"withane","p2":"BryceB252","format":"[Gen 9] VGC 2023 Regulation C","log":"|j|\u2606withane\n|j|\u2606BryceB252\n|t:|1682028015\n|gametype|doubles\n|player|p1|withane|102|1221\n|player|p2|BryceB252|266|1144\n|teamsize|p1|6\n|teamsize|p2|6\n|gen|9\n|tier|[Gen 9] VGC 2023 Regulation C\n|rated|\n|rule|Species Clause: Limit one of each Pok\u00e9mon\n|rule|Item Clause: Limit one of each item\n|clearpoke\n|poke|p1|Orthworm, L50, F|\n|poke|p1|Revavroom, L50, M|\n|poke|p1|Palafin, L50, M|\n|poke|p1|Chien-Pao, L50|\n|poke|p1|Dragonite, L50, F|\n|poke|p1|Grimmsnarl, L50, M|\n|poke|p2|Azumarill, L50, M|\n|poke|p2|Chien-Pao, L50|\n|poke|p2|Amoonguss, L50, F|\n|poke|p2|Gholdengo, L50|\n|poke|p2|Arcanine, L50, M|\n|poke|p2|Iron Bundle, L50|\n|teampreview|4\n|\n|t:|1682028059\n|start\n|switch|p1a: Grimmsnarl|Grimmsnarl, L50, M|100\/100\n|switch|p1b: Orthworm|Orthworm, L50, F|100\/100\n|switch|p2a: Azumarill|Azumarill, L50, M|100\/100\n|switch|p2b: Chien-Pao|Chien-Pao, L50|100\/100\n|-ability|p2b: Chien-Pao|Sword of Ruin\n|turn|1\n|inactive|Battle timer is ON: inactive players will automatically lose when time's up. (requested by withane)\n|\n|t:|1682028074\n|-terastallize|p1b: Orthworm|Poison\n|move|p1a: Grimmsnarl|Reflect|p1a: Grimmsnarl\n|-sidestart|p1: withane|Reflect\n|move|p2b: Chien-Pao|Sacred Sword|p1b: Orthworm\n|-resisted|p1b: Orthworm\n|-damage|p1b: Orthworm|92\/100\n|move|p1b: Orthworm|Iron Defense|p1b: Orthworm\n|-boost|p1b: Orthworm|def|2\n|move|p2a: Azumarill|Play Rough|p1a: Grimmsnarl\n|-supereffective|p1a: Grimmsnarl\n|-damage|p1a: Grimmsnarl|0 fnt\n|faint|p1a: Grimmsnarl\n|\n|-heal|p1b: Orthworm|98\/100|[from] item: Leftovers\n|upkeep\n|\n|t:|1682028092\n|switch|p1a: Revavroom|Revavroom, L50, M|100\/100\n|turn|2\n|\n|t:|1682028112\n|switch|p2a: Gholdengo|Gholdengo, L50|100\/100\n|move|p2b: Chien-Pao|Protect|p2b: Chien-Pao\n|-singleturn|p2b: Chien-Pao|Protect\n|move|p1a: Revavroom|Shift Gear|p1a: Revavroom\n|-boost|p1a: Revavroom|spe|2\n|-boost|p1a: Revavroom|atk|1\n|move|p1b: Orthworm|Body Press|p2b: Chien-Pao\n|-activate|p2b: Chien-Pao|move: Protect\n|\n|-heal|p1b: Orthworm|100\/100|[from] item: Leftovers\n|upkeep\n|turn|3\n|\n|t:|1682028134\n|switch|p2b: Azumarill|Azumarill, L50, M|100\/100\n|move|p1a: Revavroom|Iron Head|p2a: Gholdengo\n|-resisted|p2a: Gholdengo\n|-damage|p2a: Gholdengo|66\/100\n|-damage|p1a: Revavroom|91\/100|[from] item: Life Orb\n|cant|p2a: Gholdengo|flinch\n|move|p1b: Orthworm|Heavy Slam|p2a: Gholdengo\n|-resisted|p2a: Gholdengo\n|-damage|p2a: Gholdengo|49\/100\n|-enditem|p2a: Gholdengo|Sitrus Berry|[eat]\n|-heal|p2a: Gholdengo|74\/100|[from] item: Sitrus Berry\n|\n|upkeep\n|turn|4\n|\n|t:|1682028156\n|move|p1a: Revavroom|Iron Head|p2a: Gholdengo\n|-resisted|p2a: Gholdengo\n|-damage|p2a: Gholdengo|39\/100\n|-damage|p1a: Revavroom|81\/100|[from] item: Life Orb\n|cant|p2a: Gholdengo|flinch\n|move|p1b: Orthworm|Heavy Slam|p2b: Azumarill\n|-damage|p2b: Azumarill|65\/100\n|move|p2b: Azumarill|Liquidation|p1a: Revavroom\n|-damage|p1a: Revavroom|41\/100\n|-unboost|p1a: Revavroom|def|1\n|\n|upkeep\n|turn|5\n|inactive|withane has 30 seconds left.\n|\n|t:|1682028186\n|move|p2a: Gholdengo|Protect|p2a: Gholdengo\n|-singleturn|p2a: Gholdengo|Protect\n|move|p1a: Revavroom|Gunk Shot|p2b: Azumarill\n|-supereffective|p2b: Azumarill\n|-damage|p2b: Azumarill|0 fnt\n|faint|p2b: Azumarill\n|-damage|p1a: Revavroom|31\/100|[from] item: Life Orb\n|move|p1b: Orthworm|Heavy Slam|p2a: Gholdengo\n|-activate|p2a: Gholdengo|move: Protect\n|\n|upkeep\n|\n|t:|1682028194\n|switch|p2b: Iron Bundle|Iron Bundle, L50|100\/100\n|-enditem|p2b: Iron Bundle|Booster Energy\n|-activate|p2b: Iron Bundle|ability: Quark Drive|[fromitem]\n|-start|p2b: Iron Bundle|quarkdrivespe\n|turn|6\n|\n|t:|1682028211\n|move|p2b: Iron Bundle|Hydro Pump|p1a: Revavroom|[miss]\n|-miss|p2b: Iron Bundle|p1a: Revavroom\n|move|p1a: Revavroom|Iron Head|p2b: Iron Bundle\n|-damage|p2b: Iron Bundle|23\/100\n|-damage|p1a: Revavroom|21\/100|[from] item: Life Orb\n|move|p2a: Gholdengo|Nasty Plot|p2a: Gholdengo\n|-boost|p2a: Gholdengo|spa|2\n|move|p1b: Orthworm|Heavy Slam|p2b: Iron Bundle\n|-damage|p2b: Iron Bundle|0 fnt\n|faint|p2b: Iron Bundle\n|-end|p2b: Iron Bundle|Quark Drive|[silent]\n|\n|upkeep\n|\n|t:|1682028214\n|switch|p2b: Chien-Pao|Chien-Pao, L50|100\/100\n|-ability|p2b: Chien-Pao|Sword of Ruin\n|turn|7\n|\n|t:|1682028230\n|move|p2b: Chien-Pao|Sucker Punch|p1a: Revavroom\n|-damage|p1a: Revavroom|0 fnt\n|faint|p1a: Revavroom\n|move|p2a: Gholdengo|Shadow Ball|p1b: Orthworm\n|-damage|p1b: Orthworm|0 fnt\n|faint|p1b: Orthworm\n|\n|upkeep\n|\n|t:|1682028240\n|switch|p1b: Bundle|Chien-Pao, L50|100\/100\n|-ability|p1b: Bundle|Sword of Ruin\n|turn|8\n|\n|t:|1682028245\n|move|p2b: Chien-Pao|Sacred Sword|p1b: Bundle\n|-supereffective|p1b: Bundle\n|-enditem|p1b: Bundle|Focus Sash\n|-damage|p1b: Bundle|1\/100\n|move|p1b: Bundle|Sacred Sword|p2b: Chien-Pao\n|-supereffective|p2b: Chien-Pao\n|-enditem|p2b: Chien-Pao|Focus Sash\n|-damage|p2b: Chien-Pao|1\/100\n|move|p2a: Gholdengo|Make It Rain|p1b: Bundle\n|-supereffective|p1b: Bundle\n|-damage|p1b: Bundle|0 fnt\n|-unboost|p2a: Gholdengo|spa|1\n|faint|p1b: Bundle\n|\n|win|BryceB252\n|raw|withane's rating: 1221 → 1191<\/strong> (-30 for losing)\n|raw|BryceB252's rating: 1144 → 1174<\/strong> (+30 for winning)\n|l|\u2606withane\n","uploadtime":1682028265,"views":5,"p1id":"withane","p2id":"bryceb252","formatid":"gen9vgc2023regulationc","rating":1174,"private":0,"password":""}