{"id":"gen9vgc2023regulationc-1852191488","p1":"hotfemme","p2":"Oofohno","format":"[Gen 9] VGC 2023 Regulation C","log":"|j|\u2606hotfemme\n|j|\u2606Oofohno\n|t:|1682531672\n|gametype|doubles\n|player|p1|hotfemme|bertha|1175\n|player|p2|Oofohno|1|1134\n|teamsize|p1|6\n|teamsize|p2|6\n|gen|9\n|tier|[Gen 9] VGC 2023 Regulation C\n|rated|\n|rule|Species Clause: Limit one of each Pok\u00e9mon\n|rule|Item Clause: Limit one of each item\n|clearpoke\n|poke|p1|Flutter Mane, L50|\n|poke|p1|Ting-Lu, L50|\n|poke|p1|Baxcalibur, L50, M|\n|poke|p1|Palafin, L50, M|\n|poke|p1|Arcanine, L50, F|\n|poke|p1|Amoonguss, L50, M|\n|poke|p2|Ceruledge, L50, M|\n|poke|p2|Coalossal, L50, M|\n|poke|p2|Palafin, L50, M|\n|poke|p2|Flamigo, L50, F|\n|poke|p2|Chien-Pao, L50|\n|poke|p2|Kingambit, L50, M|\n|teampreview|4\n|inactive|Battle timer is ON: inactive players will automatically lose when time's up. (requested by Oofohno)\n|c|\u2606hotfemme|glhf\n|inactive|Oofohno has 60 seconds left.\n|\n|t:|1682531705\n|start\n|switch|p1a: Palafin|Palafin, L50, M|100\/100\n|switch|p1b: Arcanine|Arcanine, L50, F|100\/100\n|switch|p2a: Ceruledge|Ceruledge, L50, M|100\/100\n|switch|p2b: Coalossal|Coalossal, L50, M|100\/100\n|-ability|p1b: Arcanine|Intimidate|boost\n|-unboost|p2a: Ceruledge|atk|1\n|-unboost|p2b: Coalossal|atk|1\n|turn|1\n|inactive|hotfemme has 30 seconds left.\n|\n|t:|1682531736\n|switch|p1b: Amoonguss|Amoonguss, L50, M|100\/100\n|-terastallize|p2b: Coalossal|Grass\n|move|p2a: Ceruledge|Lava Plume|p1b: Amoonguss|[spread] p2b,p1a,p1b\n|-supereffective|p2b: Coalossal\n|-resisted|p1a: Palafin\n|-crit|p1a: Palafin\n|-supereffective|p1b: Amoonguss\n|-damage|p2b: Coalossal|75\/100\n|-damage|p1a: Palafin|88\/100\n|-damage|p1b: Amoonguss|78\/100\n|-status|p1b: Amoonguss|brn\n|-ability|p2b: Coalossal|Steam Engine|boost\n|-boost|p2b: Coalossal|spe|6\n|-enditem|p2b: Coalossal|Weakness Policy\n|-boost|p2b: Coalossal|atk|2|[from] item: Weakness Policy\n|-boost|p2b: Coalossal|spa|2|[from] item: Weakness Policy\n|move|p2b: Coalossal|Power Gem|p1b: Amoonguss\n|-damage|p1b: Amoonguss|17\/100 brn\n|-enditem|p1b: Amoonguss|Sitrus Berry|[eat]\n|-heal|p1b: Amoonguss|42\/100 brn|[from] item: Sitrus Berry\n|move|p1a: Palafin|Haze|p1a: Palafin\n|-clearallboost\n|\n|-damage|p1b: Amoonguss|36\/100 brn|[from] brn\n|upkeep\n|turn|2\n|inactive|hotfemme has 30 seconds left.\n|inactive|Oofohno has 30 seconds left.\n|\n|t:|1682531767\n|switch|p2a: Palafin|Palafin, L50, M|100\/100\n|detailschange|p1a: Palafin|Palafin-Hero, L50, M\n|switch|p1a: Arcanine|Arcanine, L50, F|100\/100\n|-ability|p1a: Arcanine|Intimidate|boost\n|-unboost|p2a: Palafin|atk|1\n|-unboost|p2b: Coalossal|atk|1\n|move|p2b: Coalossal|Heat Wave|p1a: Arcanine|[spread] p1a,p1b\n|-resisted|p1a: Arcanine\n|-supereffective|p1b: Amoonguss\n|-damage|p1a: Arcanine|89\/100\n|-damage|p1b: Amoonguss|0 fnt\n|faint|p1b: Amoonguss\n|\n|upkeep\n|\n|t:|1682531780\n|switch|p1b: Baxcalibur|Baxcalibur, L50, M|100\/100\n|turn|3\n|\n|t:|1682531794\n|move|p2a: Palafin|Protect|p2a: Palafin\n|-singleturn|p2a: Palafin|Protect\n|move|p1a: Arcanine|Howl|p1a: Arcanine|[spread] p1a,p1b\n|-boost|p1a: Arcanine|atk|1\n|-boost|p1b: Baxcalibur|atk|1\n|move|p1b: Baxcalibur|Icicle Crash|p2b: Coalossal|[miss]\n|-miss|p1b: Baxcalibur|p2b: Coalossal\n|move|p2b: Coalossal|Power Gem|p1b: Baxcalibur\n|-supereffective|p1b: Baxcalibur\n|-damage|p1b: Baxcalibur|40\/100\n|\n|upkeep\n|turn|4\n|\n|t:|1682531813\n|switch|p1a: Palafin|Palafin-Hero, L50, M|88\/100\n|-activate|p1a: Palafin|ability: Zero to Hero\n|move|p2b: Coalossal|Protect|p2b: Coalossal\n|-singleturn|p2b: Coalossal|Protect\n|move|p2a: Palafin|Haze|p2a: Palafin\n|-clearallboost\n|move|p1b: Baxcalibur|Icicle Crash|p2b: Coalossal\n|-activate|p2b: Coalossal|move: Protect\n|\n|upkeep\n|turn|5\n|inactive|Oofohno has 30 seconds left.\n|\n|t:|1682531842\n|switch|p2b: Flamigo|Flamigo, L50, F|100\/100\n|-copyboost|p2b: Flamigo|p2a: Palafin|[from] ability: Costar\n|move|p2a: Palafin|Wave Crash|p1b: Baxcalibur\n|-resisted|p1b: Baxcalibur\n|-damage|p1b: Baxcalibur|18\/100\n|-damage|p2a: Palafin|92\/100|[from] Recoil\n|move|p1a: Palafin|Wave Crash|p2a: Palafin\n|-resisted|p2a: Palafin\n|-damage|p2a: Palafin|27\/100\n|-damage|p1a: Palafin|70\/100|[from] Recoil\n|move|p1b: Baxcalibur|Icicle Crash|p2b: Flamigo\n|-supereffective|p2b: Flamigo\n|-enditem|p2b: Flamigo|Focus Sash\n|-damage|p2b: Flamigo|1\/100\n|\n|upkeep\n|turn|6\n|inactive|hotfemme has 30 seconds left.\n|inactive|Oofohno has 30 seconds left.\n|\n|t:|1682531871\n|detailschange|p2a: Palafin|Palafin-Hero, L50, M\n|switch|p2a: Coalossal|Coalossal, L50, M, tera:Grass|75\/100\n|switch|p1a: Arcanine|Arcanine, L50, F|89\/100\n|-ability|p1a: Arcanine|Intimidate|boost\n|-unboost|p2a: Coalossal|atk|1\n|-unboost|p2b: Flamigo|atk|1\n|move|p1b: Baxcalibur|Ice Shard|p2b: Flamigo\n|-supereffective|p2b: Flamigo\n|-damage|p2b: Flamigo|0 fnt\n|faint|p2b: Flamigo\n|\n|upkeep\n|\n|t:|1682531888\n|switch|p2b: Ceruledge|Ceruledge, L50, M|100\/100\n|turn|7\n|inactive|Oofohno has 30 seconds left.\n|\n|t:|1682531914\n|switch|p1a: Palafin|Palafin-Hero, L50, M|70\/100\n|move|p1b: Baxcalibur|Ice Shard|p2a: Coalossal\n|-supereffective|p2a: Coalossal\n|-damage|p2a: Coalossal|40\/100\n|move|p2b: Ceruledge|Shadow Claw|p1b: Baxcalibur\n|-damage|p1b: Baxcalibur|0 fnt\n|faint|p1b: Baxcalibur\n|move|p2a: Coalossal|Power Gem|p1a: Palafin\n|-damage|p1a: Palafin|41\/100\n|\n|upkeep\n|\n|t:|1682531924\n|switch|p1b: Arcanine|Arcanine, L50, F|89\/100\n|-ability|p1b: Arcanine|Intimidate|boost\n|-unboost|p2a: Coalossal|atk|1\n|-unboost|p2b: Ceruledge|atk|1\n|turn|8\n|\n|t:|1682531941\n|move|p2b: Ceruledge|Shadow Claw|p1a: Palafin\n|-damage|p1a: Palafin|22\/100\n|move|p1b: Arcanine|Flare Blitz|p2a: Coalossal\n|-supereffective|p2a: Coalossal\n|-damage|p2a: Coalossal|0 fnt\n|faint|p2a: Coalossal\n|-damage|p1b: Arcanine|74\/100|[from] Recoil\n|move|p1a: Palafin|Wave Crash|p2b: Ceruledge\n|-supereffective|p2b: Ceruledge\n|-damage|p2b: Ceruledge|0 fnt\n|faint|p2b: Ceruledge\n|-damage|p1a: Palafin|0 fnt|[from] Recoil\n|faint|p1a: Palafin\n|\n|upkeep\n|\n|t:|1682531962\n|switch|p2a: Palafin|Palafin-Hero, L50, M|27\/100\n|-activate|p2a: Palafin|ability: Zero to Hero\n|turn|9\n|\n|t:|1682531969\n|-terastallize|p1b: Arcanine|Flying\n|move|p2a: Palafin|Wave Crash|p1b: Arcanine\n|-damage|p1b: Arcanine|0 fnt\n|faint|p1b: Arcanine\n|-damage|p2a: Palafin|0 fnt|[from] Recoil\n|faint|p2a: Palafin\n|\n|win|Oofohno\n|raw|hotfemme's rating: 1175 → 1147<\/strong> (-28 for losing)\n|raw|Oofohno's rating: 1134 → 1162<\/strong> (+28 for winning)\n|c|\u2606hotfemme|gg\n|l|\u2606hotfemme\n","uploadtime":1682532001,"views":10,"p1id":"hotfemme","p2id":"oofohno","formatid":"gen9vgc2023regulationc","rating":1147,"private":0,"password":""}