{"id":"gen9vgc2023regulationc-1845975387","p1":"linko9","p2":"Valhala Alfa","format":"[Gen 9] VGC 2023 Regulation C","log":"|j|\u2606linko9\n|j|\u2606Valhala Alfa\n|t:|1681786076\n|gametype|doubles\n|player|p1|linko9|170|1342\n|player|p2|Valhala Alfa|102|1256\n|teamsize|p1|6\n|teamsize|p2|6\n|gen|9\n|tier|[Gen 9] VGC 2023 Regulation C\n|rated|\n|rule|Species Clause: Limit one of each Pok\u00e9mon\n|rule|Item Clause: Limit one of each item\n|clearpoke\n|poke|p1|Dragonite, L50, F|\n|poke|p1|Lilligant, L50, F|\n|poke|p1|Chien-Pao, L50|\n|poke|p1|Flutter Mane, L50|\n|poke|p1|Torkoal, L50, F|\n|poke|p1|Great Tusk, L50|\n|poke|p2|Flutter Mane, L50|\n|poke|p2|Chi-Yu, L50|\n|poke|p2|Dragonite, L50, M|\n|poke|p2|Tauros-Paldea-Blaze, L50, M|\n|poke|p2|Gastrodon, L50, F|\n|poke|p2|Hariyama, L50, F|\n|teampreview|4\n|inactive|Battle timer is ON: inactive players will automatically lose when time's up. (requested by Valhala Alfa)\nlinko9 has agreed to open team sheets.\nValhala Alfa rejected open team sheets.\n|inactive|linko9 has 60 seconds left.\n|\n|t:|1681786138\n|start\n|switch|p1a: Torkoal|Torkoal, L50, F|100\/100\n|switch|p1b: Lilligant|Lilligant, L50, F|100\/100\n|switch|p2a: Hariyama|Hariyama, L50, F|100\/100\n|switch|p2b: Gastrodon|Gastrodon, L50, F|100\/100\n|-weather|SunnyDay|[from] ability: Drought|[of] p1a: Torkoal\n|turn|1\n|\n|t:|1681786154\n|-terastallize|p1b: Lilligant|Ghost\n|move|p1a: Torkoal|Protect|p1a: Torkoal\n|-singleturn|p1a: Torkoal|Protect\n|move|p2a: Hariyama|Fake Out|p1b: Lilligant\n|-immune|p1b: Lilligant\n|move|p1b: Lilligant|Leaf Storm|p2b: Gastrodon\n|-supereffective|p2b: Gastrodon\n|-damage|p2b: Gastrodon|0 fnt\n|-unboost|p1b: Lilligant|spa|2\n|faint|p2b: Gastrodon\n|\n|-weather|SunnyDay|[upkeep]\n|upkeep\n|\n|t:|1681786160\n|switch|p2b: Tauros|Tauros-Paldea-Blaze, L50, M|100\/100\n|-ability|p2b: Tauros|Intimidate|boost\n|-unboost|p1a: Torkoal|atk|1\n|-unboost|p1b: Lilligant|atk|1\n|turn|2\n|\n|t:|1681786185\n|move|p1b: Lilligant|After You|p1a: Torkoal\n|-activate|p1a: Torkoal|move: After You\n|move|p1a: Torkoal|Eruption|p2a: Hariyama|[spread] p2a,p2b\n|-resisted|p2b: Tauros\n|-damage|p2a: Hariyama|84\/100\n|-damage|p2b: Tauros|59\/100\n|move|p2b: Tauros|Raging Bull|p1b: Lilligant\n|-damage|p1b: Lilligant|6\/100\n|move|p2a: Hariyama|Knock Off|p1a: Torkoal\n|-damage|p1a: Torkoal|73\/100\n|-enditem|p1a: Torkoal|Sitrus Berry|[from] move: Knock Off|[of] p2a: Hariyama\n|\n|-weather|SunnyDay|[upkeep]\n|upkeep\n|turn|3\n|inactive|Valhala Alfa has 30 seconds left.\n|\n|t:|1681786215\n|move|p2a: Hariyama|Bullet Punch|p1b: Lilligant\n|-damage|p1b: Lilligant|0 fnt\n|faint|p1b: Lilligant\n|move|p2b: Tauros|Close Combat|p1a: Torkoal\n|-damage|p1a: Torkoal|31\/100\n|-unboost|p2b: Tauros|def|1\n|-unboost|p2b: Tauros|spd|1\n|move|p1a: Torkoal|Earth Power|p2b: Tauros\n|-supereffective|p2b: Tauros\n|-damage|p2b: Tauros|0 fnt\n|faint|p2b: Tauros\n|\n|-weather|SunnyDay|[upkeep]\n|upkeep\n|\n|t:|1681786226\n|switch|p2b: Chi-Yu|Chi-Yu, L50|100\/100\n|switch|p1b: Flutter Mane|Flutter Mane, L50|100\/100\n|-activate|p1b: Flutter Mane|ability: Protosynthesis\n|-start|p1b: Flutter Mane|protosynthesisspa\n|-ability|p2b: Chi-Yu|Beads of Ruin\n|turn|4\n|\n|t:|1681786241\n|-terastallize|p2b: Chi-Yu|Dark\n|move|p2a: Hariyama|Bullet Punch|p1b: Flutter Mane\n|-supereffective|p1b: Flutter Mane\n|-damage|p1b: Flutter Mane|57\/100\n|move|p1b: Flutter Mane|Moonblast|p2a: Hariyama\n|-supereffective|p2a: Hariyama\n|-damage|p2a: Hariyama|0 fnt\n|faint|p2a: Hariyama\n|move|p2b: Chi-Yu|Snarl|p1a: Torkoal|[spread] p1a,p1b\n|-damage|p1a: Torkoal|0 fnt\n|-damage|p1b: Flutter Mane|11\/100\n|-unboost|p1b: Flutter Mane|spa|1\n|faint|p1a: Torkoal\n|\n|-weather|SunnyDay|[upkeep]\n|upkeep\n|\n|t:|1681786251\n|switch|p1a: Great Tusk|Great Tusk, L50|100\/100\n|-activate|p1a: Great Tusk|ability: Protosynthesis\n|-start|p1a: Great Tusk|protosynthesisatk\n|turn|5\n|\n|t:|1681786266\n|move|p1a: Great Tusk|Headlong Rush|p2b: Chi-Yu\n|-enditem|p2b: Chi-Yu|Focus Sash\n|-damage|p2b: Chi-Yu|1\/100\n|-unboost|p1a: Great Tusk|def|1\n|-unboost|p1a: Great Tusk|spd|1\n|move|p1b: Flutter Mane|Moonblast|p2b: Chi-Yu\n|-supereffective|p2b: Chi-Yu\n|-damage|p2b: Chi-Yu|0 fnt\n|faint|p2b: Chi-Yu\n|\n|win|linko9\n|raw|linko9's rating: 1342 → 1357<\/strong> (+15 for winning)\n|raw|Valhala Alfa's rating: 1256 → 1237<\/strong> (-19 for losing)\n|l|\u2606linko9\n","uploadtime":1681786279,"views":9,"p1id":"linko9","p2id":"valhalaalfa","formatid":"gen9vgc2023regulationc","rating":1237,"private":0,"password":""}