{"id":"gen9vgc2023regulationc-1851344730","p1":"raul6248","p2":"Felipe.Miller.V","format":"[Gen 9] VGC 2023 Regulation C","log":"|j|\u2606raul6248\n|j|\u2606Felipe.Miller.V\n|t:|1682437549\n|gametype|doubles\n|player|p1|raul6248|shadowtriad|1168\n|player|p2|Felipe.Miller.V|2|1256\n|teamsize|p1|6\n|teamsize|p2|6\n|gen|9\n|tier|[Gen 9] VGC 2023 Regulation C\n|rated|\n|rule|Species Clause: Limit one of each Pok\u00e9mon\n|rule|Item Clause: Limit one of each item\n|clearpoke\n|poke|p1|Pelipper, L50, M|\n|poke|p1|Drednaw, L50, M|\n|poke|p1|Dondozo, L50, M|\n|poke|p1|Tatsugiri, L50, M|\n|poke|p1|Ting-Lu, L50|\n|poke|p1|Glimmora, L50, M|\n|poke|p2|Eiscue, L50, F|\n|poke|p2|Pikachu, L50, F|\n|poke|p2|Palafin, L50, M|\n|poke|p2|Abomasnow, L50, M|\n|poke|p2|Iron Bundle, L50|\n|poke|p2|Bellibolt, L50, F|\n|teampreview|4\nraul6248 has agreed to open team sheets.\n|\n|t:|1682437574\n|start\n|switch|p1a: Glimmora|Glimmora, L50, M|100\/100\n|switch|p1b: Drednaw|Drednaw, L50, M|100\/100\n|switch|p2a: Pikachu|Pikachu, L50, F|100\/100\n|switch|p2b: DanoninhoIce|Eiscue, L50, F, shiny|100\/100\n|turn|1\n|\n|t:|1682437594\n|-terastallize|p2b: DanoninhoIce|Ground\n|move|p1b: Drednaw|Protect|p1b: Drednaw\n|-singleturn|p1b: Drednaw|Protect\n|move|p1a: Glimmora|Mortal Spin|p2a: Pikachu|[spread] p2a,p2b\n|-damage|p2a: Pikachu|86\/100\n|-activate|p2b: DanoninhoIce|ability: Ice Face\n|-damage|p2b: DanoninhoIce|100\/100\n|-status|p2a: Pikachu|psn\n|-status|p2b: DanoninhoIce|psn\n|detailschange|p2b: DanoninhoIce|Eiscue-Noice, L50, F, shiny, tera:Ground\n|move|p2b: DanoninhoIce|Belly Drum|p2b: DanoninhoIce\n|-damage|p2b: DanoninhoIce|50\/100 psn\n|-setboost|p2b: DanoninhoIce|atk|6|[from] move: Belly Drum\n|-enditem|p2b: DanoninhoIce|Sitrus Berry|[eat]\n|-heal|p2b: DanoninhoIce|75\/100 psn|[from] item: Sitrus Berry\n|move|p2a: Pikachu|Discharge|p1b: Drednaw|[spread] p1a\n|-activate|p1b: Drednaw|move: Protect\n|-immune|p2b: DanoninhoIce\n|-damage|p1a: Glimmora|39\/100\n|-enditem|p1a: Glimmora|Sitrus Berry|[eat]\n|-heal|p1a: Glimmora|64\/100|[from] item: Sitrus Berry\n|\n|-damage|p2b: DanoninhoIce|63\/100 psn|[from] psn\n|-damage|p2a: Pikachu|74\/100 psn|[from] psn\n|upkeep\n|turn|2\n|\n|t:|1682437626\n|switch|p2a: Abominavel|Abomasnow, L50, M|100\/100\n|-weather|Snow|[from] ability: Snow Warning|[of] p2a: Abominavel\n|-activate|p2b: DanoninhoIce|ability: Ice Face\n|detailschange|p2b: DanoninhoIce|Eiscue, L50, F, shiny, tera:Ground\n|move|p1a: Glimmora|Power Gem|p2a: Abominavel\n|-supereffective|p2a: Abominavel\n|-damage|p2a: Abominavel|11\/100\n|move|p1b: Drednaw|Liquidation|p2b: DanoninhoIce\n|-activate|p2b: DanoninhoIce|ability: Ice Face\n|-damage|p2b: DanoninhoIce|63\/100 psn\n|detailschange|p2b: DanoninhoIce|Eiscue-Noice, L50, F, shiny, tera:Ground\n|-damage|p1b: Drednaw|91\/100|[from] item: Life Orb\n|move|p2b: DanoninhoIce|Tera Blast|p1b: Drednaw\n|-supereffective|p1b: Drednaw\n|-damage|p1b: Drednaw|0 fnt\n|faint|p1b: Drednaw\n|\n|-weather|Snow|[upkeep]\n|-damage|p2b: DanoninhoIce|51\/100 psn|[from] psn\n|upkeep\n|\n|t:|1682437638\n|switch|p1b: Pelipper|Pelipper, L50, M|100\/100\n|-weather|RainDance|[from] ability: Drizzle|[of] p1b: Pelipper\n|turn|3\n|\n|t:|1682437672\n|switch|p2a: Nhonho|Bellibolt, L50, F, shiny|100\/100\n|move|p2b: DanoninhoIce|Protect|p2b: DanoninhoIce\n|-singleturn|p2b: DanoninhoIce|Protect\n|move|p1a: Glimmora|Sludge Bomb|p2b: DanoninhoIce\n|-activate|p2b: DanoninhoIce|move: Protect\n|move|p1b: Pelipper|Hurricane|p2a: Nhonho\n|-resisted|p2a: Nhonho\n|-damage|p2a: Nhonho|87\/100\n|-start|p2a: Nhonho|Charge|Hurricane|[from] ability: Electromorphosis\n|\n|-weather|RainDance|[upkeep]\n|-damage|p2b: DanoninhoIce|39\/100 psn|[from] psn\n|upkeep\n|turn|4\n|\n|t:|1682437723\n|move|p1a: Glimmora|Sludge Bomb|p2a: Nhonho\n|-damage|p2a: Nhonho|50\/100\n|-start|p2a: Nhonho|Charge|Sludge Bomb|[from] ability: Electromorphosis\n|move|p2b: DanoninhoIce|Ice Spinner|p1a: Glimmora\n|-damage|p1a: Glimmora|0 fnt\n|-activate|p1a: Glimmora|ability: Toxic Debris\n|-sidestart|p2: Felipe.Miller.V|move: Toxic Spikes\n|faint|p1a: Glimmora\n|move|p1b: Pelipper|Hurricane|p2a: Nhonho\n|-resisted|p2a: Nhonho\n|-damage|p2a: Nhonho|37\/100\n|-start|p2a: Nhonho|Charge|Hurricane|[from] ability: Electromorphosis\n|move|p2a: Nhonho|Parabolic Charge|p1b: Pelipper|[spread] p1b\n|-immune|p2b: DanoninhoIce\n|-supereffective|p1b: Pelipper\n|-damage|p1b: Pelipper|0 fnt\n|-heal|p2a: Nhonho|75\/100|[from] drain|[of] p1b: Pelipper\n|faint|p1b: Pelipper\n|-end|p2a: Nhonho|Charge|[silent]\n|\n|-weather|RainDance|[upkeep]\n|-damage|p2b: DanoninhoIce|27\/100 psn|[from] psn\n|upkeep\n|\n|t:|1682437727\n|switch|p1b: Ting-Lu|Ting-Lu, L50|100\/100\n|-ability|p1b: Ting-Lu|Vessel of Ruin\n|turn|5\n|\n|t:|1682437756\n|-terastallize|p1b: Ting-Lu|Water\n|move|p2b: DanoninhoIce|Protect|p2b: DanoninhoIce\n|-singleturn|p2b: DanoninhoIce|Protect\n|move|p1b: Ting-Lu|Stomping Tantrum|p2a: Nhonho\n|-supereffective|p2a: Nhonho\n|-damage|p2a: Nhonho|28\/100\n|-start|p2a: Nhonho|Charge|Stomping Tantrum|[from] ability: Electromorphosis\n|move|p2a: Nhonho|Soak|p1b: Ting-Lu\n|-fail|p1b: Ting-Lu\n|\n|-weather|RainDance|[upkeep]\n|-damage|p2b: DanoninhoIce|15\/100 psn|[from] psn\n|upkeep\n|turn|6\n|\n|t:|1682437774\n|move|p2b: DanoninhoIce|Tera Blast|p1b: Ting-Lu\n|-damage|p1b: Ting-Lu|55\/100\n|move|p2a: Nhonho|Parabolic Charge|p1b: Ting-Lu|[spread] p1b\n|-immune|p2b: DanoninhoIce\n|-supereffective|p1b: Ting-Lu\n|-damage|p1b: Ting-Lu|33\/100\n|-heal|p2a: Nhonho|41\/100|[from] drain|[of] p1b: Ting-Lu\n|-end|p2a: Nhonho|Charge|[silent]\n|move|p1b: Ting-Lu|Stomping Tantrum|p2a: Nhonho\n|-supereffective|p2a: Nhonho\n|-damage|p2a: Nhonho|0 fnt\n|faint|p2a: Nhonho\n|\n|-weather|RainDance|[upkeep]\n|-damage|p2b: DanoninhoIce|3\/100 psn|[from] psn\n|upkeep\n|\n|t:|1682437786\n|switch|p2a: Pikachu|Pikachu, L50, F|74\/100 psn\n|turn|7\n|\n|t:|1682437810\n|move|p2b: DanoninhoIce|Ice Spinner|p1b: Ting-Lu\n|-resisted|p1b: Ting-Lu\n|-damage|p1b: Ting-Lu|11\/100\n|move|p2a: Pikachu|Thunder|p1b: Ting-Lu\n|-supereffective|p1b: Ting-Lu\n|-damage|p1b: Ting-Lu|0 fnt\n|faint|p1b: Ting-Lu\n|\n|win|Felipe.Miller.V\n|raw|raul6248's rating: 1168 → 1149<\/strong> (-19 for losing)\n|raw|Felipe.Miller.V's rating: 1256 → 1275<\/strong> (+19 for winning)\n|l|\u2606raul6248\n","uploadtime":1682437820,"views":19,"p1id":"raul6248","p2id":"felipemillerv","formatid":"gen9vgc2023regulationc","rating":1149,"private":0,"password":""}