{"id":"gen9vgc2023regulationc-1852563105","p1":"Jaferlle17","p2":"mugiwaraLux","format":"[Gen 9] VGC 2023 Regulation C","log":"|j|\u2606Jaferlle17\n|j|\u2606mugiwaraLux\n|t:|1682576805\n|gametype|doubles\n|player|p1|Jaferlle17|steven|1400\n|player|p2|mugiwaraLux|265|1478\n|teamsize|p1|6\n|teamsize|p2|6\n|gen|9\n|tier|[Gen 9] VGC 2023 Regulation C\n|rated|\n|rule|Species Clause: Limit one of each Pok\u00e9mon\n|rule|Item Clause: Limit one of each item\n|clearpoke\n|poke|p1|Arcanine, L50, M|\n|poke|p1|Flutter Mane, L50|\n|poke|p1|Kingambit, L50, M|\n|poke|p1|Amoonguss, L50, F|\n|poke|p1|Ting-Lu, L50|\n|poke|p1|Palafin, L50, M|\n|poke|p2|Palafin, L50, M|\n|poke|p2|Amoonguss, L50, M|\n|poke|p2|Flutter Mane, L50|\n|poke|p2|Arcanine, L50, F|\n|poke|p2|Chien-Pao, L50|\n|poke|p2|Roaring Moon, L50|\n|teampreview|4\n|inactive|Battle timer is ON: inactive players will automatically lose when time's up. (requested by mugiwaraLux)\n|inactive|Jaferlle17 also wants the timer to be on.\nJaferlle17 has agreed to open team sheets.\n|j| wrrrrr\nmugiwaraLux has agreed to open team sheets.\n|inactive|mugiwaraLux has 60 seconds left.\n|inactive|mugiwaraLux has 30 seconds left.\n|inactive|mugiwaraLux has 20 seconds left.\n|inactive|mugiwaraLux has 15 seconds left.\n|inactive|mugiwaraLux has 10 seconds left.\n|inactive|mugiwaraLux has 5 seconds left.\n|\n|t:|1682576895\n|start\n|switch|p1a: Arcanine|Arcanine, L50, M|100\/100\n|switch|p1b: Palafin|Palafin, L50, M, shiny|100\/100\n|switch|p2a: Palafin|Palafin, L50, M|100\/100\n|switch|p2b: Amoonguss|Amoonguss, L50, M|100\/100\n|-ability|p1a: Arcanine|Intimidate|boost\n|-unboost|p2a: Palafin|atk|1\n|-unboost|p2b: Amoonguss|atk|1\n|turn|1\n|\n|t:|1682576914\n|detailschange|p1b: Palafin|Palafin-Hero, L50, M, shiny\n|switch|p1b: Amoonguss|Amoonguss, L50, F|100\/100\n|-terastallize|p2b: Amoonguss|Water\n|move|p2a: Palafin|Protect|p2a: Palafin\n|-singleturn|p2a: Palafin|Protect\n|move|p1a: Arcanine|Flare Blitz|p2b: Amoonguss\n|-resisted|p2b: Amoonguss\n|-damage|p2b: Amoonguss|74\/100\n|-damage|p1a: Arcanine|91\/100|[from] Recoil\n|move|p2b: Amoonguss|Spore|p1b: Amoonguss\n|-immune|p1b: Amoonguss\n|\n|upkeep\n|turn|2\n|j| TealVGC\n|inactive|mugiwaraLux has 30 seconds left.\n|\n|t:|1682576944\n|detailschange|p2a: Palafin|Palafin-Hero, L50, M\n|switch|p2a: Arcanine|Arcanine, L50, F|100\/100\n|-ability|p2a: Arcanine|Intimidate|boost\n|-unboost|p1a: Arcanine|atk|1\n|-unboost|p1b: Amoonguss|atk|1\n|move|p2b: Amoonguss|Protect|p2b: Amoonguss\n|-singleturn|p2b: Amoonguss|Protect\n|move|p1a: Arcanine|Will-O-Wisp|p2a: Arcanine\n|-immune|p2a: Arcanine\n|move|p1b: Amoonguss|Spore|p2b: Amoonguss\n|-activate|p2b: Amoonguss|move: Protect\n|\n|upkeep\n|turn|3\n|inactive|Jaferlle17 has 30 seconds left.\n|inactive|mugiwaraLux has 30 seconds left.\n|\n|t:|1682576982\n|switch|p1a: Palafin|Palafin-Hero, L50, M, shiny|100\/100\n|-activate|p1a: Palafin|ability: Zero to Hero\n|move|p1b: Amoonguss|Protect|p1b: Amoonguss\n|-singleturn|p1b: Amoonguss|Protect\n|move|p2a: Arcanine|Flare Blitz|p1b: Amoonguss\n|-activate|p1b: Amoonguss|move: Protect\n|move|p2b: Amoonguss|Spore|p1b: Amoonguss\n|-activate|p1b: Amoonguss|move: Protect\n|\n|upkeep\n|turn|4\n|inactive|Jaferlle17 has 30 seconds left.\n|\n|t:|1682577009\n|move|p2a: Arcanine|Protect|p2a: Arcanine\n|-singleturn|p2a: Arcanine|Protect\n|move|p1a: Palafin|Wave Crash|p2a: Arcanine\n|-activate|p2a: Arcanine|move: Protect\n|move|p2b: Amoonguss|Spore|p1a: Palafin\n|-status|p1a: Palafin|slp|[from] move: Spore\n|move|p1b: Amoonguss|Spore|p2b: Amoonguss\n|-status|p2b: Amoonguss|slp|[from] move: Spore\n|\n|upkeep\n|turn|5\n|\n|t:|1682577025\n|switch|p2b: Mimi|Flutter Mane, L50|100\/100\n|switch|p1b: Arcanine|Arcanine, L50, M|91\/100\n|-ability|p1b: Arcanine|Intimidate|boost\n|-unboost|p2a: Arcanine|atk|1\n|-unboost|p2b: Mimi|atk|1\n|cant|p1a: Palafin|slp\n|move|p2a: Arcanine|Flare Blitz|p1b: Arcanine\n|-resisted|p1b: Arcanine\n|-damage|p1b: Arcanine|74\/100\n|-damage|p2a: Arcanine|95\/100|[from] Recoil\n|\n|upkeep\n|turn|6\n|inactive|mugiwaraLux has 30 seconds left.\n|\n|t:|1682577053\n|switch|p2a: Palafin|Palafin-Hero, L50, M|100\/100\n|-activate|p2a: Palafin|ability: Zero to Hero\n|cant|p1a: Palafin|slp\n|move|p2b: Mimi|Shadow Ball|p1a: Palafin\n|-damage|p1a: Palafin|45\/100 slp\n|move|p1b: Arcanine|Flare Blitz|p2b: Mimi\n|-damage|p2b: Mimi|32\/100\n|-damage|p1b: Arcanine|56\/100|[from] Recoil\n|\n|upkeep\n|turn|7\n|\n|t:|1682577072\n|switch|p1b: Amoonguss|Amoonguss, L50, F|100\/100\n|cant|p1a: Palafin|slp\n|move|p2b: Mimi|Shadow Ball|p1a: Palafin\n|-damage|p1a: Palafin|0 fnt\n|faint|p1a: Palafin\n|move|p2a: Palafin|Wave Crash|p1b: Amoonguss\n|-resisted|p1b: Amoonguss\n|-damage|p1b: Amoonguss|62\/100\n|-damage|p2a: Palafin|85\/100|[from] Recoil\n|\n|upkeep\n|\n|t:|1682577085\n|switch|p1a: Flutter Mane|Flutter Mane, L50|100\/100\n|-enditem|p1a: Flutter Mane|Booster Energy\n|-activate|p1a: Flutter Mane|ability: Protosynthesis|[fromitem]\n|-start|p1a: Flutter Mane|protosynthesisspa\n|turn|8\n|\n|t:|1682577109\n|-end|p2b: Mimi|Protosynthesis|[silent]\n|switch|p2b: Amoonguss|Amoonguss, L50, M, tera:Water|100\/100 slp\n|switch|p2a: Arcanine|Arcanine, L50, F|95\/100\n|-ability|p2a: Arcanine|Intimidate|boost\n|-unboost|p1a: Flutter Mane|atk|1\n|-unboost|p1b: Amoonguss|atk|1\n|-terastallize|p1a: Flutter Mane|Fairy\n|move|p1b: Amoonguss|Rage Powder|p1b: Amoonguss\n|-singleturn|p1b: Amoonguss|move: Rage Powder\n|move|p1a: Flutter Mane|Dazzling Gleam|p2b: Amoonguss|[spread] p2a,p2b\n|-resisted|p2a: Arcanine\n|-damage|p2a: Arcanine|72\/100\n|-damage|p2b: Amoonguss|58\/100 slp\n|\n|upkeep\n|turn|9\n|\n|t:|1682577127\n|switch|p1b: Arcanine|Arcanine, L50, M|56\/100\n|-ability|p1b: Arcanine|Intimidate|boost\n|-unboost|p2a: Arcanine|atk|1\n|-unboost|p2b: Amoonguss|atk|1\n|move|p1a: Flutter Mane|Dazzling Gleam|p2a: Arcanine|[spread] p2a,p2b\n|-resisted|p2a: Arcanine\n|-damage|p2a: Arcanine|47\/100\n|-damage|p2b: Amoonguss|14\/100 slp\n|-enditem|p2b: Amoonguss|Sitrus Berry|[eat]\n|-heal|p2b: Amoonguss|39\/100 slp|[from] item: Sitrus Berry\n|move|p2a: Arcanine|Flare Blitz|p1a: Flutter Mane\n|-damage|p1a: Flutter Mane|50\/100\n|-status|p1a: Flutter Mane|brn\n|-damage|p2a: Arcanine|36\/100|[from] Recoil\n|cant|p2b: Amoonguss|slp\n|\n|-damage|p1a: Flutter Mane|44\/100 brn|[from] brn\n|upkeep\n|turn|10\n|\n|t:|1682577146\n|move|p2a: Arcanine|Protect|p2a: Arcanine\n|-singleturn|p2a: Arcanine|Protect\n|-curestatus|p2b: Amoonguss|slp|[msg]\n|move|p2b: Amoonguss|Protect|p2b: Amoonguss\n|-singleturn|p2b: Amoonguss|Protect\n|move|p1b: Arcanine|Extreme Speed|p2a: Arcanine\n|-activate|p2a: Arcanine|move: Protect\n|move|p1a: Flutter Mane|Dazzling Gleam|p2b: Amoonguss|[spread] \n|-activate|p2a: Arcanine|move: Protect\n|-activate|p2b: Amoonguss|move: Protect\n|\n|-damage|p1a: Flutter Mane|39\/100 brn|[from] brn\n|upkeep\n|turn|11\n|\n|t:|1682577157\n|switch|p2b: Palafin|Palafin-Hero, L50, M|85\/100\n|move|p1b: Arcanine|Extreme Speed|p2a: Arcanine\n|-crit|p2a: Arcanine\n|-damage|p2a: Arcanine|0 fnt\n|faint|p2a: Arcanine\n|move|p1a: Flutter Mane|Dazzling Gleam|p2b: Palafin\n|-damage|p2b: Palafin|9\/100\n|\n|-damage|p1a: Flutter Mane|33\/100 brn|[from] brn\n|upkeep\n|inactive|mugiwaraLux has 30 seconds left.\n|j| LC77777\n|j| Dijfjd\n|inactive|mugiwaraLux has 20 seconds left.\n|l| LC77777\n|inactive|mugiwaraLux has 15 seconds left.\n|\n|t:|1682577199\n|switch|p2a: Amoonguss|Amoonguss, L50, M, tera:Water|72\/100\n|turn|12\n|\n|t:|1682577220\n|move|p2b: Palafin|Protect|p2b: Palafin\n|-singleturn|p2b: Palafin|Protect\n|move|p1b: Arcanine|Extreme Speed|p2b: Palafin\n|-activate|p2b: Palafin|move: Protect\n|move|p1a: Flutter Mane|Shadow Ball|p2a: Amoonguss\n|-damage|p2a: Amoonguss|26\/100\n|move|p2a: Amoonguss|Pollen Puff|p1a: Flutter Mane\n|-resisted|p1a: Flutter Mane\n|-damage|p1a: Flutter Mane|24\/100 brn\n|\n|-damage|p1a: Flutter Mane|18\/100 brn|[from] brn\n|upkeep\n|turn|13\n|\n|t:|1682577234\n|move|p2a: Amoonguss|Protect|p2a: Amoonguss\n|-singleturn|p2a: Amoonguss|Protect\n|move|p1b: Arcanine|Extreme Speed|p2b: Palafin\n|-damage|p2b: Palafin|0 fnt\n|faint|p2b: Palafin\n|move|p1a: Flutter Mane|Dazzling Gleam|p2a: Amoonguss\n|-activate|p2a: Amoonguss|move: Protect\n|\n|-damage|p1a: Flutter Mane|13\/100 brn|[from] brn\n|upkeep\n|\n|t:|1682577252\n|switch|p2b: Mimi|Flutter Mane, L50|32\/100\n|turn|14\n|\n|t:|1682577275\n|move|p1a: Flutter Mane|Dazzling Gleam|p2a: Amoonguss|[spread] p2a,p2b\n|-damage|p2a: Amoonguss|0 fnt\n|-damage|p2b: Mimi|0 fnt\n|faint|p2a: Amoonguss\n|faint|p2b: Mimi\n|-end|p2b: Mimi|Protosynthesis|[silent]\n|\n|win|Jaferlle17\n|raw|Jaferlle17's rating: 1400 → 1424<\/strong> (+24 for winning)\n|raw|mugiwaraLux's rating: 1478 → 1454<\/strong> (-24 for losing)\n|c|\u2606Jaferlle17|GG\n|c|\u2606mugiwaraLux|gg\n","uploadtime":1682577286,"views":14,"p1id":"jaferlle17","p2id":"mugiwaralux","formatid":"gen9vgc2023regulationc","rating":1424,"private":0,"password":""}