{"id":"gen9vgc2023regulationc-1857878182","p1":"SteamSkull9137","p2":"eltimido","format":"[Gen 9] VGC 2023 Regulation C","log":"|j|\u2606SteamSkull9137\n|j|\u2606eltimido\n|t:|1683242122\n|gametype|doubles\n|player|p1|SteamSkull9137|unknown|1119\n|player|p2|eltimido|linebacker|1159\n|teamsize|p1|6\n|teamsize|p2|6\n|gen|9\n|tier|[Gen 9] VGC 2023 Regulation C\n|rated|\n|rule|Species Clause: Limit one of each Pok\u00e9mon\n|rule|Item Clause: Limit one of each item\n|clearpoke\n|poke|p1|Chien-Pao, L50|\n|poke|p1|Scizor, L50, F|\n|poke|p1|Palafin, L50, F|\n|poke|p1|Arcanine, L50, F|\n|poke|p1|Flutter Mane, L50|\n|poke|p1|Amoonguss, L50, M|\n|poke|p2|Scream Tail, L50|\n|poke|p2|Gothitelle, L50, F|\n|poke|p2|Flutter Mane, L50|\n|poke|p2|Kingambit, L50, M|\n|poke|p2|Rotom-Wash, L50|\n|poke|p2|Great Tusk, L50|\n|teampreview|4\n|inactive|Battle timer is ON: inactive players will automatically lose when time's up. (requested by SteamSkull9137)\n|inactive|SteamSkull9137 has 60 seconds left.\n|inactive|eltimido has 60 seconds left.\n|\n|t:|1683242166\n|start\n|switch|p1a: Scizor|Scizor, L50, F|100\/100\n|switch|p1b: Flutter Mane|Flutter Mane, L50|100\/100\n|switch|p2a: Scream Tail|Scream Tail, L50, shiny|100\/100\n|switch|p2b: Gothitelle|Gothitelle, L50, F, shiny|100\/100\n|-enditem|p2a: Scream Tail|Booster Energy\n|-activate|p2a: Scream Tail|ability: Protosynthesis|[fromitem]\n|-start|p2a: Scream Tail|protosynthesisspe\n|turn|1\n|\n|t:|1683242188\n|move|p2b: Gothitelle|Fake Out|p1a: Scizor\n|-resisted|p1a: Scizor\n|-damage|p1a: Scizor|98\/100\n|cant|p1a: Scizor|flinch\n|move|p2a: Scream Tail|Perish Song|p2a: Scream Tail\n|-start|p1a: Scizor|perish3|[silent]\n|-start|p1b: Flutter Mane|perish3|[silent]\n|-start|p2a: Scream Tail|perish3|[silent]\n|-start|p2b: Gothitelle|perish3|[silent]\n|-fieldactivate|move: Perish Song\n|move|p1b: Flutter Mane|Shadow Ball|p2a: Scream Tail\n|-supereffective|p2a: Scream Tail\n|-damage|p2a: Scream Tail|19\/100\n|\n|-start|p2a: Scream Tail|perish3\n|-start|p1b: Flutter Mane|perish3\n|-start|p1a: Scizor|perish3\n|-start|p2b: Gothitelle|perish3\n|upkeep\n|turn|2\n|inactive|eltimido has 30 seconds left.\n|\n|t:|1683242214\n|move|p2a: Scream Tail|Protect|p2a: Scream Tail\n|-singleturn|p2a: Scream Tail|Protect\n|move|p2b: Gothitelle|Protect|p2b: Gothitelle\n|-singleturn|p2b: Gothitelle|Protect\n|move|p1b: Flutter Mane|Shadow Ball|p2b: Gothitelle\n|-activate|p2b: Gothitelle|move: Protect\n|move|p1a: Scizor|Swords Dance|p1a: Scizor\n|-boost|p1a: Scizor|atk|2\n|\n|-start|p2a: Scream Tail|perish2\n|-start|p1b: Flutter Mane|perish2\n|-start|p2b: Gothitelle|perish2\n|-start|p1a: Scizor|perish2\n|upkeep\n|turn|3\n|inactive|eltimido has 30 seconds left.\n|\n|t:|1683242246\n|-end|p2a: Scream Tail|Protosynthesis|[silent]\n|switch|p2a: Kingambit|Kingambit, L50, M, shiny|100\/100\n|-terastallize|p2b: Gothitelle|Water\n|move|p1a: Scizor|Bullet Punch|p2a: Kingambit\n|-resisted|p2a: Kingambit\n|-damage|p2a: Kingambit|77\/100\n|move|p1b: Flutter Mane|Shadow Ball|p2b: Gothitelle\n|-damage|p2b: Gothitelle|55\/100\n|-unboost|p2b: Gothitelle|spd|1\n|move|p2b: Gothitelle|Psyshock|p1a: Scizor\n|-resisted|p1a: Scizor\n|-damage|p1a: Scizor|84\/100\n|\n|-heal|p2b: Gothitelle|61\/100|[from] item: Leftovers\n|-start|p1b: Flutter Mane|perish1\n|-start|p1a: Scizor|perish1\n|-start|p2b: Gothitelle|perish1\n|upkeep\n|turn|4\n|inactive|eltimido has 30 seconds left.\n|\n|t:|1683242277\n|switch|p2b: Scream Tail|Scream Tail, L50, shiny|19\/100\n|move|p1b: Flutter Mane|Shadow Ball|p2b: Scream Tail\n|-supereffective|p2b: Scream Tail\n|-damage|p2b: Scream Tail|0 fnt\n|faint|p2b: Scream Tail\n|-end|p2b: Scream Tail|Protosynthesis|[silent]\n|move|p1a: Scizor|Close Combat|p2a: Kingambit\n|-supereffective|p2a: Kingambit\n|-damage|p2a: Kingambit|0 fnt\n|-unboost|p1a: Scizor|def|1\n|-unboost|p1a: Scizor|spd|1\n|faint|p2a: Kingambit\n|\n|-start|p1b: Flutter Mane|perish0\n|-start|p1a: Scizor|perish0\n|upkeep\n|faint|p1b: Flutter Mane\n|-end|p1b: Flutter Mane|Protosynthesis|[silent]\n|faint|p1a: Scizor\n|\n|t:|1683242291\n|switch|p1b: Chien-Pao|Chien-Pao, L50|100\/100\n|switch|p2b: Great Tusk|Great Tusk, L50|100\/100\n|switch|p1a: Palafin|Palafin, L50, F|100\/100\n|switch|p2a: Gothitelle|Gothitelle, L50, F, shiny, tera:Water|61\/100\n|-ability|p1b: Chien-Pao|Sword of Ruin\n|turn|5\n|inactive|eltimido has 30 seconds left.\n|inactive|eltimido has 20 seconds left.\n|\n|t:|1683242328\n|-terastallize|p1b: Chien-Pao|Ghost\n|move|p2a: Gothitelle|Fake Out|p1a: Palafin\n|-damage|p1a: Palafin|92\/100\n|move|p1b: Chien-Pao|Ice Spinner|p2a: Gothitelle\n|-resisted|p2a: Gothitelle\n|-damage|p2a: Gothitelle|34\/100\n|move|p2b: Great Tusk|Close Combat|p1b: Chien-Pao\n|-immune|p1b: Chien-Pao\n|cant|p1a: Palafin|flinch\n|\n|-heal|p2a: Gothitelle|41\/100|[from] item: Leftovers\n|upkeep\n|turn|6\n|\n|t:|1683242352\n|move|p1b: Chien-Pao|Ice Spinner|p2b: Great Tusk\n|-supereffective|p2b: Great Tusk\n|-damage|p2b: Great Tusk|18\/100\n|move|p2b: Great Tusk|Headlong Rush|p1b: Chien-Pao\n|-enditem|p1b: Chien-Pao|Focus Sash\n|-damage|p1b: Chien-Pao|1\/100\n|-unboost|p2b: Great Tusk|def|1\n|-unboost|p2b: Great Tusk|spd|1\n|-damage|p2b: Great Tusk|8\/100|[from] item: Life Orb\n|move|p1a: Palafin|Wave Crash|p2b: Great Tusk\n|-supereffective|p2b: Great Tusk\n|-damage|p2b: Great Tusk|0 fnt\n|faint|p2b: Great Tusk\n|-end|p2b: Great Tusk|Protosynthesis|[silent]\n|-damage|p1a: Palafin|90\/100|[from] Recoil\n|move|p2a: Gothitelle|Heal Pulse|p2: Great Tusk|[notarget]\n|-fail|p2a: Gothitelle\n|\n|-heal|p2a: Gothitelle|47\/100|[from] item: Leftovers\n|upkeep\n|turn|7\n|-message|eltimido forfeited.\n|\n|win|SteamSkull9137\n|raw|SteamSkull9137's rating: 1119 → 1147<\/strong> (+28 for winning)\n|raw|eltimido's rating: 1159 → 1131<\/strong> (-28 for losing)\n|l|\u2606eltimido\n","uploadtime":1683242374,"views":7,"p1id":"steamskull9137","p2id":"eltimido","formatid":"gen9vgc2023regulationc","rating":1131,"private":0,"password":""}