{"id":"gen9vgc2023regulationc-1849938035","p1":"MafuMafuSimp","p2":"TheEeveeAnimations","format":"[Gen 9] VGC 2023 Regulation C","log":"|j|\u2606MafuMafuSimp\n|j|\u2606TheEeveeAnimations\n|t:|1682270087\n|gametype|doubles\n|player|p1|MafuMafuSimp|crasherwake|\n|player|p2|TheEeveeAnimations|dahlia|\n|teamsize|p1|6\n|teamsize|p2|6\n|gen|9\n|tier|[Gen 9] VGC 2023 Regulation C\n|rated|Tournament battle\n|rule|Species Clause: Limit one of each Pok\u00e9mon\n|rule|Item Clause: Limit one of each item\n|clearpoke\n|poke|p1|Breloom, L50, M|\n|poke|p1|Chien-Pao, L50|\n|poke|p1|Flutter Mane, L50|\n|poke|p1|Kingambit, L50, M|\n|poke|p1|Iron Hands, L50|\n|poke|p1|Iron Bundle, L50|\n|poke|p2|Pelipper, L50, F|\n|poke|p2|Palafin, L50, F|\n|poke|p2|Chien-Pao, L50|\n|poke|p2|Iron Hands, L50|\n|poke|p2|Annihilape, L50, M|\n|poke|p2|Scream Tail, L50|\n|teampreview|4\n|raw| Open Team Sheet for MafuMafuSimp<\/summary>Breloom @ Focus Sash Ability: Technician Level: 50 Tera Type: Fighting - Bullet Seed - Mach Punch - Rock Tomb - Spore Chien-Pao @ Life Orb Ability: Sword of Ruin Level: 50 Tera Type: Ghost - Protect - Ice Spinner - Sucker Punch - Sacred Sword Flutter Mane @ Booster Energy Ability: Protosynthesis Level: 50 Tera Type: Fairy - Dazzling Gleam - Moonblast - Shadow Ball - Protect Kingambit @ Safety Goggles Ability: Defiant Level: 50 Tera Type: Flying - Tera Blast - Iron Head - Swords Dance - Sucker Punch Iron Hands @ Clear Amulet Ability: Quark Drive Level: 50 Tera Type: Fire - Swords Dance - Drain Punch - Thunder Punch - Protect Iron Bundle @ Covert Cloak Ability: Quark Drive Level: 50 Tera Type: Ice - Icy Wind - Freeze-Dry - Hydro Pump - Encore <\/details><\/div> Open Team Sheet for TheEeveeAnimations<\/summary>Pelipper @ Focus Sash Ability: Drizzle Level: 50 Tera Type: Flying - Hurricane - Wide Guard - Tailwind - Protect Palafin @ Mystic Water Ability: Zero to Hero Level: 50 Tera Type: Water - Close Combat - Wave Crash - Jet Punch - Protect Chien-Pao @ Choice Band Ability: Sword of Ruin Level: 50 Tera Type: Fairy - Tera Blast - Sucker Punch - Ice Spinner - Sacred Sword Iron Hands @ Assault Vest Ability: Quark Drive Level: 50 Tera Type: Grass - Volt Switch - Fake Out - Wild Charge - Drain Punch Annihilape @ Choice Scarf Ability: Defiant Level: 50 Tera Type: Grass - Final Gambit - Rage Fist - Close Combat - U-turn Scream Tail @ Booster Energy Ability: Protosynthesis Level: 50 Tera Type: Ghost - Play Rough - Howl - Disable - Protect <\/details><\/div>\n|c|\u2606MafuMafuSimp|tea revenge arc\n|inactive|Battle timer is ON: inactive players will automatically lose when time's up. (requested by MafuMafuSimp)\n|c|\u2606TheEeveeAnimations|Glhf\n|c|\u2606MafuMafuSimp|glhf\n|j|%Eeveon7\u2764\n|inactive|MafuMafuSimp has 60 seconds left.\n|\n|t:|1682270142\n|start\n|switch|p1a: Iron Bundle|Iron Bundle, L50|100\/100\n|switch|p1b: Flutter Mane|Flutter Mane, L50|100\/100\n|switch|p2a: Palafin|Palafin, L50, F|100\/100\n|switch|p2b: Iron Hands|Iron Hands, L50|100\/100\n|-enditem|p1b: Flutter Mane|Booster Energy\n|-activate|p1b: Flutter Mane|ability: Protosynthesis|[fromitem]\n|-start|p1b: Flutter Mane|protosynthesisspa\n|turn|1\n|j| Cdogp\n|\n|t:|1682270163\n|-end|p1a: Iron Bundle|Quark Drive|[silent]\n|switch|p1a: Breloom|Breloom, L50, M|100\/100\n|detailschange|p2a: Palafin|Palafin-Hero, L50, F\n|switch|p2a: Scream Tail|Scream Tail, L50|100\/100\n|-enditem|p2a: Scream Tail|Booster Energy\n|-activate|p2a: Scream Tail|ability: Protosynthesis|[fromitem]\n|-start|p2a: Scream Tail|protosynthesisspe\n|-terastallize|p1b: Flutter Mane|Fairy\n|move|p1b: Flutter Mane|Dazzling Gleam|p2a: Scream Tail|[spread] p2a,p2b\n|-supereffective|p2b: Iron Hands\n|-damage|p2a: Scream Tail|58\/100\n|-damage|p2b: Iron Hands|42\/100\n|move|p2b: Iron Hands|Volt Switch|p1a: Breloom\n|-resisted|p1a: Breloom\n|-damage|p1a: Breloom|89\/100\n|\n|t:|1682270184\n|-end|p2b: Iron Hands|Quark Drive|[silent]\n|switch|p2b: Chien-Pao|Chien-Pao, L50|100\/100|[from] Volt Switch\n|-ability|p2b: Chien-Pao|Sword of Ruin\n|\n|upkeep\n|turn|2\n|j| chipp zanuff 7\n|l| chipp zanuff 7\n|\n|t:|1682270208\n|-terastallize|p2b: Chien-Pao|Fairy\n|move|p2a: Scream Tail|Howl|p2a: Scream Tail|[spread] p2a,p2b\n|-boost|p2a: Scream Tail|atk|1\n|-boost|p2b: Chien-Pao|atk|1\n|move|p2b: Chien-Pao|Tera Blast|p1b: Flutter Mane\n|-damage|p1b: Flutter Mane|0 fnt\n|faint|p1b: Flutter Mane\n|-end|p1b: Flutter Mane|Protosynthesis|[silent]\n|move|p1a: Breloom|Spore|p2a: Scream Tail\n|-status|p2a: Scream Tail|slp|[from] move: Spore\n|\n|upkeep\n|\n|t:|1682270217\n|switch|p1b: Iron Bundle|Iron Bundle, L50|100\/100\n|turn|3\n|j| Sr.Jedito1996\n|\n|t:|1682270238\n|cant|p2a: Scream Tail|slp\n|move|p1b: Iron Bundle|Hydro Pump|p2b: Chien-Pao\n|-damage|p2b: Chien-Pao|8\/100\n|move|p2b: Chien-Pao|Tera Blast|p1a: Breloom\n|-supereffective|p1a: Breloom\n|-damage|p1a: Breloom|0 fnt\n|faint|p1a: Breloom\n|\n|upkeep\n|\n|t:|1682270244\n|switch|p1a: Iron Hands|Iron Hands, L50|100\/100\n|turn|4\n|\n|t:|1682270254\n|switch|p2b: Palafin|Palafin-Hero, L50, F|100\/100\n|-activate|p2b: Palafin|ability: Zero to Hero\n|cant|p2a: Scream Tail|slp\n|move|p1b: Iron Bundle|Icy Wind|p2a: Scream Tail|[spread] p2a,p2b\n|-resisted|p2b: Palafin\n|-damage|p2a: Scream Tail|42\/100 slp\n|-damage|p2b: Palafin|91\/100\n|-unboost|p2a: Scream Tail|spe|1\n|-unboost|p2b: Palafin|spe|1\n|move|p1a: Iron Hands|Swords Dance|p1a: Iron Hands\n|-boost|p1a: Iron Hands|atk|2\n|\n|upkeep\n|turn|5\n|\n|t:|1682270270\n|move|p1b: Iron Bundle|Freeze-Dry|p2a: Scream Tail\n|-damage|p2a: Scream Tail|13\/100 slp\n|cant|p2a: Scream Tail|slp\n|move|p2b: Palafin|Wave Crash|p1a: Iron Hands\n|-damage|p1a: Iron Hands|36\/100\n|-damage|p2b: Palafin|68\/100|[from] Recoil\n|move|p1a: Iron Hands|Thunder Punch|p2b: Palafin\n|-supereffective|p2b: Palafin\n|-damage|p2b: Palafin|0 fnt\n|faint|p2b: Palafin\n|\n|upkeep\n|\n|t:|1682270286\n|switch|p2b: Chien-Pao|Chien-Pao, L50, tera:Fairy|8\/100\n|-ability|p2b: Chien-Pao|Sword of Ruin\n|turn|6\n|\n|t:|1682270293\n|move|p1b: Iron Bundle|Icy Wind|p2b: Chien-Pao|[spread] p2a,p2b\n|-damage|p2a: Scream Tail|0 fnt\n|-damage|p2b: Chien-Pao|0 fnt\n|faint|p2a: Scream Tail\n|-end|p2a: Scream Tail|Protosynthesis|[silent]\n|faint|p2b: Chien-Pao\n|move|p1a: Iron Hands|Drain Punch|p2: Scream Tail|[notarget]\n|-fail|p1a: Iron Hands\n|\n|upkeep\n|\n|t:|1682270304\n|switch|p2b: Iron Hands|Iron Hands, L50|42\/100\n|turn|7\n|c|\u2606TheEeveeAnimations|Gg\n|c|\u2606TheEeveeAnimations|3 turn sleep\n|c|\u2606TheEeveeAnimations|killed it\n|c|\u2606MafuMafuSimp|srry\n|\n|t:|1682270320\n|move|p2b: Iron Hands|Fake Out|p1a: Iron Hands\n|-damage|p1a: Iron Hands|26\/100\n|move|p1b: Iron Bundle|Icy Wind|p2b: Iron Hands\n|-damage|p2b: Iron Hands|29\/100\n|-unboost|p2b: Iron Hands|spe|1\n|cant|p1a: Iron Hands|flinch\n|\n|upkeep\n|turn|8\n|c|\u2606MafuMafuSimp|;-;\n|\n|t:|1682270327\n|move|p1b: Iron Bundle|Icy Wind|p2b: Iron Hands\n|-damage|p2b: Iron Hands|14\/100\n|-unboost|p2b: Iron Hands|spe|1\n|move|p1a: Iron Hands|Drain Punch|p2b: Iron Hands\n|-crit|p2b: Iron Hands\n|-damage|p2b: Iron Hands|0 fnt\n|-heal|p1a: Iron Hands|33\/100|[from] drain|[of] p2b: Iron Hands\n|faint|p2b: Iron Hands\n|-end|p2b: Iron Hands|Quark Drive|[silent]\n|\n|win|MafuMafuSimp\n|n|\u2606MafuMafuSimp|mafumafusimp\n|n|\u2606TheEeveeAnimations|theeeveeanimations\n|n|+Eeveon7\u2764|eeveon7\n|n| Cdogp|cdogp\n|n| Sr.Jedito1996|srjedito1996\n","uploadtime":1682270328,"views":7,"p1id":"mafumafusimp","p2id":"theeeveeanimations","formatid":"gen9vgc2023regulationc","rating":0,"private":0,"password":""}