{"id":"gen9vgc2023regulationc-1850473396","p1":"Citoraptor","p2":"Nansral26","format":"[Gen 9] VGC 2023 Regulation C","log":"|j|\u2606Citoraptor\n|j|\u2606Nansral26\n|t:|1682340715\n|gametype|doubles\n|player|p1|Citoraptor|1|1136\n|player|p2|Nansral26|hiker-gen4|1048\n|teamsize|p1|6\n|teamsize|p2|6\n|gen|9\n|tier|[Gen 9] VGC 2023 Regulation C\n|rated|\n|rule|Species Clause: Limit one of each Pok\u00e9mon\n|rule|Item Clause: Limit one of each item\n|clearpoke\n|poke|p1|Roaring Moon, L50|\n|poke|p1|Talonflame, L50, M|\n|poke|p1|Gholdengo, L50|\n|poke|p1|Chien-Pao, L50|\n|poke|p1|Palafin, L50, M|\n|poke|p1|Maushold-Four, L50|\n|poke|p2|Ting-Lu, L50|\n|poke|p2|Haxorus, L50, M|\n|poke|p2|Scream Tail, L50|\n|poke|p2|Abomasnow, L50, F|\n|poke|p2|Beartic, L50, F|\n|poke|p2|Garganacl, L50, F|\n|teampreview|4\n|inactive|Battle timer is ON: inactive players will automatically lose when time's up. (requested by Nansral26)\n|\n|t:|1682340734\n|start\n|switch|p1a: Talonflame|Talonflame, L50, M|100\/100\n|switch|p1b: Chien-Pao|Chien-Pao, L50|100\/100\n|switch|p2a: Abomasnow|Abomasnow, L50, F|100\/100\n|switch|p2b: Beartic|Beartic, L50, F|100\/100\n|-ability|p1b: Chien-Pao|Sword of Ruin\n|-weather|Snow|[from] ability: Snow Warning|[of] p2a: Abomasnow\n|turn|1\n|inactive|Citoraptor has 30 seconds left.\n|\n|t:|1682340759\n|-singleturn|p2b: Beartic|move: Focus Punch\n|move|p1a: Talonflame|Tailwind|p1a: Talonflame\n|-sidestart|p1: Citoraptor|move: Tailwind\n|move|p1b: Chien-Pao|Sacred Sword|p2b: Beartic|[miss]\n|-miss|p1b: Chien-Pao|p2b: Beartic\n|move|p2a: Abomasnow|Aurora Veil|p2a: Abomasnow\n|-sidestart|p2: Nansral26|move: Aurora Veil\n|move|p2b: Beartic|Focus Punch|p1b: Chien-Pao\n|-supereffective|p1b: Chien-Pao\n|-enditem|p1b: Chien-Pao|Focus Sash\n|-damage|p1b: Chien-Pao|1\/100\n|\n|-weather|Snow|[upkeep]\n|upkeep\n|turn|2\n|\n|t:|1682340784\n|move|p1b: Chien-Pao|Sacred Sword|p2b: Beartic\n|-supereffective|p2b: Beartic\n|-damage|p2b: Beartic|62\/100\n|move|p1a: Talonflame|Taunt|p2a: Abomasnow\n|-start|p2a: Abomasnow|move: Taunt\n|move|p2a: Abomasnow|Ice Spinner|p1b: Chien-Pao\n|-resisted|p1b: Chien-Pao\n|-damage|p1b: Chien-Pao|0 fnt\n|faint|p1b: Chien-Pao\n|move|p2b: Beartic|Sheer Cold|p1a: Talonflame|[miss]\n|-miss|p2b: Beartic|p1a: Talonflame\n|\n|-weather|Snow|[upkeep]\n|upkeep\n|\n|t:|1682340803\n|switch|p1b: Gholdengo|Gholdengo, L50|100\/100\n|turn|3\n|inactive|Citoraptor has 30 seconds left.\n|\n|t:|1682340829\n|move|p1a: Talonflame|Brave Bird|p2b: Beartic|[miss]\n|-miss|p1a: Talonflame|p2b: Beartic\n|move|p1b: Gholdengo|Make It Rain|p2a: Abomasnow|[spread] p2a\n|-miss|p1b: Gholdengo|p2b: Beartic\n|-supereffective|p2a: Abomasnow\n|-damage|p2a: Abomasnow|27\/100\n|-unboost|p1b: Gholdengo|spa|1\n|move|p2a: Abomasnow|Sheer Cold|p1b: Gholdengo\n|-damage|p1b: Gholdengo|0 fnt\n|faint|p1b: Gholdengo\n|-ohko\n|move|p2b: Beartic|Sheer Cold|p1a: Talonflame|[miss]\n|-miss|p2b: Beartic|p1a: Talonflame\n|\n|-weather|Snow|[upkeep]\n|upkeep\n|\n|t:|1682340848\n|switch|p1b: Roaring Moon|Roaring Moon, L50, shiny|100\/100\n|-enditem|p1b: Roaring Moon|Booster Energy\n|-activate|p1b: Roaring Moon|ability: Protosynthesis|[fromitem]\n|-start|p1b: Roaring Moon|protosynthesisatk\n|turn|4\n|\n|t:|1682340858\n|move|p1a: Talonflame|Brave Bird|p2a: Abomasnow\n|-supereffective|p2a: Abomasnow\n|-damage|p2a: Abomasnow|0 fnt\n|faint|p2a: Abomasnow\n|-damage|p1a: Talonflame|91\/100|[from] Recoil\n|move|p1b: Roaring Moon|Earthquake|p2b: Beartic|[spread] \n|-immune|p1a: Talonflame\n|-miss|p1b: Roaring Moon|p2b: Beartic\n|move|p2b: Beartic|Sheer Cold|p1b: Roaring Moon\n|-damage|p1b: Roaring Moon|0 fnt\n|faint|p1b: Roaring Moon\n|-end|p1b: Roaring Moon|Protosynthesis|[silent]\n|-ohko\n|\n|-weather|Snow|[upkeep]\n|-sideend|p1: Citoraptor|move: Tailwind\n|upkeep\n|\n|t:|1682340868\n|switch|p2a: Garganacl|Garganacl, L50, F|100\/100\n|turn|5\n|c|\u2606Citoraptor|Such a dumb team\n|c|\u2606Nansral26|true\n|inactive|Citoraptor has 30 seconds left.\n|inactive|Citoraptor has 20 seconds left.\n|c|\u2606Nansral26|can't argue with results\n|\n|t:|1682340905\n|move|p1a: Talonflame|Brave Bird|p2b: Beartic\n|-damage|p2b: Beartic|44\/100\n|-damage|p1a: Talonflame|85\/100|[from] Recoil\n|move|p2b: Beartic|Sheer Cold|p1a: Talonflame|[miss]\n|-miss|p2b: Beartic|p1a: Talonflame\n|move|p2a: Garganacl|Salt Cure|p1a: Talonflame\n|-supereffective|p1a: Talonflame\n|-damage|p1a: Talonflame|14\/100\n|\n|-weather|none\n|-sideend|p2: Nansral26|move: Aurora Veil\n|upkeep\n|turn|6\n|c|\u2606Citoraptor|Is that snow cloak on the bear?\n|c|\u2606Nansral26|yah\n|c|\u2606Nansral26|and bright powder\n|inactive|Nansral26 has 30 seconds left.\n|\n|t:|1682340934\n|move|p1a: Talonflame|Tailwind|p1a: Talonflame\n|-sidestart|p1: Citoraptor|move: Tailwind\n|move|p2b: Beartic|Icy Wind|p1a: Talonflame\n|-damage|p1a: Talonflame|0 fnt\n|faint|p1a: Talonflame\n|\n|win|Nansral26\n|raw|Citoraptor's rating: 1136 → 1105<\/strong> (-31 for losing)\n|raw|Nansral26's rating: 1048 → 1089<\/strong> (+41 for winning)\n|l|\u2606Nansral26\n","uploadtime":1682340964,"views":23,"p1id":"citoraptor","p2id":"nansral26","formatid":"gen9vgc2023regulationc","rating":1089,"private":0,"password":""}