{"id":"gen9vgc2023regulationc-1847914889","p1":"Felipe.Miller.V","p2":"TheLegendaryAries","format":"[Gen 9] VGC 2023 Regulation C","log":"|j|\u2606Felipe.Miller.V\n|j|\u2606TheLegendaryAries\n|t:|1682012324\n|gametype|doubles\n|player|p1|Felipe.Miller.V|169|1106\n|player|p2|TheLegendaryAries|102|1174\n|teamsize|p1|6\n|teamsize|p2|6\n|gen|9\n|tier|[Gen 9] VGC 2023 Regulation C\n|rated|\n|rule|Species Clause: Limit one of each Pok\u00e9mon\n|rule|Item Clause: Limit one of each item\n|clearpoke\n|poke|p1|Eiscue, L50, M|\n|poke|p1|Blissey, L50, F|\n|poke|p1|Beartic, L50, M|\n|poke|p1|Slowking, L50, F|\n|poke|p1|Iron Bundle, L50|\n|poke|p1|Bellibolt, L50, M|\n|poke|p2|Masquerain, L50, M|\n|poke|p2|Chi-Yu, L50|\n|poke|p2|Iron Bundle, L50|\n|poke|p2|Kingambit, L50, F|\n|poke|p2|Garchomp, L50, M|\n|poke|p2|Mimikyu, L50, F|\n|teampreview|4\n|inactive|Battle timer is ON: inactive players will automatically lose when time's up. (requested by TheLegendaryAries)\n|\n|t:|1682012345\n|start\n|switch|p1a: MrRobot|Iron Bundle, L50|100\/100\n|switch|p1b: Malvadao|Beartic, L50, M|100\/100\n|switch|p2a: Masquerain|Masquerain, L50, M, shiny|100\/100\n|switch|p2b: Chi-Yu|Chi-Yu, L50|100\/100\n|-ability|p2b: Chi-Yu|Beads of Ruin\n|-ability|p2a: Masquerain|Intimidate|boost\n|-unboost|p1a: MrRobot|atk|1\n|-unboost|p1b: Malvadao|atk|1\n|-enditem|p1a: MrRobot|Booster Energy\n|-activate|p1a: MrRobot|ability: Quark Drive|[fromitem]\n|-start|p1a: MrRobot|quarkdrivespe\n|turn|1\n|\n|t:|1682012368\n|-terastallize|p2b: Chi-Yu|Water\n|move|p1a: MrRobot|Snowscape|p1a: MrRobot\n|-weather|Snow\n|move|p1b: Malvadao|Earthquake|p2a: Masquerain|[spread] p1a,p2b\n|-immune|p2a: Masquerain\n|-damage|p1a: MrRobot|81\/100\n|-damage|p2b: Chi-Yu|62\/100\n|move|p2b: Chi-Yu|Heat Wave|p1b: Malvadao|[spread] p1a,p1b\n|-supereffective|p1b: Malvadao\n|-damage|p1a: MrRobot|0 fnt\n|-damage|p1b: Malvadao|0 fnt\n|faint|p1a: MrRobot\n|-end|p1a: MrRobot|Quark Drive|[silent]\n|faint|p1b: Malvadao\n|move|p2a: Masquerain|Tailwind|p2a: Masquerain\n|-sidestart|p2: TheLegendaryAries|move: Tailwind\n|\n|-weather|Snow|[upkeep]\n|upkeep\n|\n|t:|1682012382\n|switch|p1a: Nhonho|Bellibolt, L50, M, shiny|100\/100\n|switch|p1b: DanoninhoIce|Eiscue, L50, M, shiny|100\/100\n|turn|2\n|\n|t:|1682012392\n|move|p2a: Masquerain|Helping Hand|p2b: Chi-Yu\n|-singleturn|p2b: Chi-Yu|Helping Hand|[of] p2a: Masquerain\n|move|p1b: DanoninhoIce|Protect|p1b: DanoninhoIce\n|-singleturn|p1b: DanoninhoIce|Protect\n|move|p2b: Chi-Yu|Heat Wave|p1b: DanoninhoIce|[spread] p1a\n|-activate|p1b: DanoninhoIce|move: Protect\n|-damage|p1a: Nhonho|15\/100\n|-start|p1a: Nhonho|Charge|Heat Wave|[from] ability: Electromorphosis\n|-enditem|p1a: Nhonho|Iapapa Berry|[eat]\n|-heal|p1a: Nhonho|49\/100|[from] item: Iapapa Berry\n|move|p1a: Nhonho|Parabolic Charge|p2a: Masquerain|[spread] p2a,p2b\n|-activate|p1b: DanoninhoIce|move: Protect\n|-supereffective|p2a: Masquerain\n|-supereffective|p2b: Chi-Yu\n|-enditem|p2a: Masquerain|Focus Sash\n|-damage|p2a: Masquerain|1\/100\n|-heal|p1a: Nhonho|82\/100|[from] drain|[of] p2a: Masquerain\n|-damage|p2b: Chi-Yu|0 fnt\n|-heal|p1a: Nhonho|100\/100|[from] drain|[of] p2b: Chi-Yu\n|faint|p2b: Chi-Yu\n|-end|p1a: Nhonho|Charge|[silent]\n|\n|-weather|Snow|[upkeep]\n|upkeep\n|inactive|TheLegendaryAries has 30 seconds left.\n|\n|t:|1682012420\n|switch|p2b: Kingambit|Kingambit, L50, F|100\/100\n|turn|3\n|\n|t:|1682012433\n|-terastallize|p1b: DanoninhoIce|Ground\n|move|p2a: Masquerain|Bug Buzz|p1a: Nhonho\n|-damage|p1a: Nhonho|70\/100\n|-start|p1a: Nhonho|Charge|Bug Buzz|[from] ability: Electromorphosis\n|move|p2b: Kingambit|Assurance|p1a: Nhonho\n|-damage|p1a: Nhonho|6\/100\n|-start|p1a: Nhonho|Charge|Assurance|[from] ability: Electromorphosis\n|move|p1b: DanoninhoIce|Belly Drum|p1b: DanoninhoIce\n|-damage|p1b: DanoninhoIce|50\/100\n|-setboost|p1b: DanoninhoIce|atk|6|[from] move: Belly Drum\n|-enditem|p1b: DanoninhoIce|Sitrus Berry|[eat]\n|-heal|p1b: DanoninhoIce|75\/100|[from] item: Sitrus Berry\n|move|p1a: Nhonho|Parabolic Charge|p2a: Masquerain|[spread] p2a,p2b\n|-immune|p1b: DanoninhoIce\n|-supereffective|p2a: Masquerain\n|-damage|p2a: Masquerain|0 fnt\n|-heal|p1a: Nhonho|7\/100|[from] drain|[of] p2a: Masquerain\n|-damage|p2b: Kingambit|64\/100\n|-heal|p1a: Nhonho|23\/100|[from] drain|[of] p2b: Kingambit\n|faint|p2a: Masquerain\n|-end|p1a: Nhonho|Charge|[silent]\n|\n|-weather|Snow|[upkeep]\n|upkeep\n|inactive|TheLegendaryAries has 30 seconds left.\n|\n|t:|1682012460\n|switch|p2a: Mimikyu|Mimikyu, L50, F|100\/100\n|turn|4\n|\n|t:|1682012472\n|move|p2a: Mimikyu|Play Rough|p1b: DanoninhoIce\n|-activate|p1b: DanoninhoIce|ability: Ice Face\n|-damage|p1b: DanoninhoIce|75\/100\n|detailschange|p1b: DanoninhoIce|Eiscue-Noice, L50, M, shiny, tera:Ground\n|move|p2b: Kingambit|Assurance|p1b: DanoninhoIce\n|-damage|p1b: DanoninhoIce|20\/100\n|move|p1b: DanoninhoIce|Tera Blast|p2b: Kingambit\n|-supereffective|p2b: Kingambit\n|-damage|p2b: Kingambit|0 fnt\n|faint|p2b: Kingambit\n|move|p1a: Nhonho|Parabolic Charge|p2a: Mimikyu|[spread] p2a\n|-immune|p1b: DanoninhoIce\n|-activate|p2a: Mimikyu|ability: Disguise\n|-damage|p2a: Mimikyu|100\/100\n|detailschange|p2a: Mimikyu|Mimikyu-Busted, L50, F\n|-damage|p2a: Mimikyu|88\/100|[from] pokemon: Mimikyu-Busted\n|\n|-weather|Snow|[upkeep]\n|-sideend|p2: TheLegendaryAries|move: Tailwind\n|upkeep\n|turn|5\n|inactive|Felipe.Miller.V has 30 seconds left.\n|\n|t:|1682012501\n|move|p1b: DanoninhoIce|Ice Spinner|p2a: Mimikyu\n|-crit|p2a: Mimikyu\n|-damage|p2a: Mimikyu|0 fnt\n|faint|p2a: Mimikyu\n|\n|win|Felipe.Miller.V\n|raw|Felipe.Miller.V's rating: 1106 → 1136<\/strong> (+30 for winning)\n|raw|TheLegendaryAries's rating: 1174 → 1144<\/strong> (-30 for losing)\n|l|\u2606TheLegendaryAries\n","uploadtime":1682012511,"views":12,"p1id":"felipemillerv","p2id":"thelegendaryaries","formatid":"gen9vgc2023regulationc","rating":1136,"private":0,"password":""}