{"id":"gen9vgc2023regulationc-1856897249","p1":"Stinkekakkie","p2":"Emiker","format":"[Gen 9] VGC 2023 Regulation C","log":"|j|\u2606Stinkekakkie\n|j|\u2606Emiker\n|t:|1683123807\n|gametype|doubles\n|player|p1|Stinkekakkie|li|1410\n|player|p2|Emiker|red|1363\n|teamsize|p1|6\n|teamsize|p2|6\n|gen|9\n|tier|[Gen 9] VGC 2023 Regulation C\n|rated|\n|rule|Species Clause: Limit one of each Pok\u00e9mon\n|rule|Item Clause: Limit one of each item\n|clearpoke\n|poke|p1|Oranguru, L50, M|\n|poke|p1|Wo-Chien, L50|\n|poke|p1|Skeledirge, L50, M|\n|poke|p1|Iron Hands, L50|\n|poke|p1|Azumarill, L50, M|\n|poke|p1|Chien-Pao, L50|\n|poke|p2|Chi-Yu, L50|\n|poke|p2|Glimmora, L50, M|\n|poke|p2|Flutter Mane, L50|\n|poke|p2|Wo-Chien, L50|\n|poke|p2|Dondozo, L50, M|\n|poke|p2|Tatsugiri, L50, F|\n|teampreview|4\n|inactive|Battle timer is ON: inactive players will automatically lose when time's up. (requested by Stinkekakkie)\n|inactive|Stinkekakkie has 60 seconds left.\n|inactive|Emiker has 60 seconds left.\n|\n|t:|1683123855\n|start\n|switch|p1a: Oranguru|Oranguru, L50, M|100\/100\n|switch|p1b: Skeledirge|Skeledirge, L50, M|100\/100\n|switch|p2a: Glimmora|Glimmora, L50, M, shiny|100\/100\n|switch|p2b: Chi-Yu|Chi-Yu, L50|100\/100\n|-ability|p2b: Chi-Yu|Beads of Ruin\n|turn|1\n|\n|t:|1683123873\n|move|p1b: Skeledirge|Protect|p1b: Skeledirge\n|-singleturn|p1b: Skeledirge|Protect\n|move|p2b: Chi-Yu|Dark Pulse|p1a: Oranguru\n|-supereffective|p1a: Oranguru\n|-damage|p1a: Oranguru|12\/100\n|move|p2a: Glimmora|Mortal Spin|p1b: Skeledirge|[spread] p1a\n|-activate|p1b: Skeledirge|move: Protect\n|-damage|p1a: Oranguru|9\/100\n|-status|p1a: Oranguru|psn\n|move|p1a: Oranguru|Trick Room|p1a: Oranguru\n|-fieldstart|move: Trick Room|[of] p1a: Oranguru\n|\n|-damage|p1a: Oranguru|0 fnt|[from] psn\n|faint|p1a: Oranguru\n|upkeep\n|\n|t:|1683123897\n|switch|p1a: Azumarill|Azumarill, L50, M|100\/100\n|turn|2\n|inactive|Emiker has 30 seconds left.\n|inactive|Emiker has 20 seconds left.\n|\n|t:|1683123936\n|switch|p2a: Wo-Chien|Wo-Chien, L50|100\/100\n|-ability|p2a: Wo-Chien|Tablets of Ruin\n|-terastallize|p1b: Skeledirge|Fairy\n|-terastallize|p2b: Chi-Yu|Grass\n|move|p1a: Azumarill|Aqua Jet|p2b: Chi-Yu\n|-resisted|p2b: Chi-Yu\n|-damage|p2b: Chi-Yu|86\/100\n|move|p1b: Skeledirge|Torch Song|p2a: Wo-Chien\n|-supereffective|p2a: Wo-Chien\n|-damage|p2a: Wo-Chien|41\/100\n|-boost|p1b: Skeledirge|spa|1\n|-enditem|p2a: Wo-Chien|Sitrus Berry|[eat]\n|-heal|p2a: Wo-Chien|66\/100|[from] item: Sitrus Berry\n|-enditem|p1b: Skeledirge|Throat Spray\n|-boost|p1b: Skeledirge|spa|1|[from] item: Throat Spray\n|move|p2b: Chi-Yu|Dark Pulse|p1b: Skeledirge\n|-resisted|p1b: Skeledirge\n|-damage|p1b: Skeledirge|75\/100\n|\n|upkeep\n|turn|3\n|inactive|Stinkekakkie has 30 seconds left.\n|inactive|Emiker has 30 seconds left.\n|inactive|Emiker has 20 seconds left.\n|inactive|Emiker has 15 seconds left.\n|\n|t:|1683123979\n|move|p2b: Chi-Yu|Protect|p2b: Chi-Yu\n|-singleturn|p2b: Chi-Yu|Protect\n|move|p1b: Skeledirge|Torch Song|p2b: Chi-Yu\n|-activate|p2b: Chi-Yu|move: Protect\n|move|p1a: Azumarill|Play Rough|p2b: Chi-Yu\n|-activate|p2b: Chi-Yu|move: Protect\n|move|p2a: Wo-Chien|Leech Seed|p1b: Skeledirge\n|-start|p1b: Skeledirge|move: Leech Seed\n|\n|-damage|p1b: Skeledirge|63\/100|[from] Leech Seed|[of] p2a: Wo-Chien\n|-heal|p2a: Wo-Chien|80\/100|[silent]\n|upkeep\n|turn|4\n|inactive|Stinkekakkie has 30 seconds left.\n|\n|t:|1683124008\n|switch|p2b: Glimmora|Glimmora, L50, M, shiny|100\/100\n|move|p1b: Skeledirge|Torch Song|p2b: Glimmora\n|-resisted|p2b: Glimmora\n|-damage|p2b: Glimmora|77\/100\n|-boost|p1b: Skeledirge|spa|1\n|move|p1a: Azumarill|Play Rough|p2a: Wo-Chien\n|-supereffective|p2a: Wo-Chien\n|-damage|p2a: Wo-Chien|11\/100\n|move|p2a: Wo-Chien|Leech Seed|p1a: Azumarill\n|-start|p1a: Azumarill|move: Leech Seed\n|\n|-damage|p1b: Skeledirge|51\/100|[from] Leech Seed|[of] p2a: Wo-Chien\n|-heal|p2a: Wo-Chien|24\/100|[silent]\n|-damage|p1a: Azumarill|88\/100|[from] Leech Seed|[of] p2a: Wo-Chien\n|-heal|p2a: Wo-Chien|37\/100|[silent]\n|upkeep\n|turn|5\n|inactive|Stinkekakkie has 30 seconds left.\n|inactive|Emiker has 30 seconds left.\n|inactive|Stinkekakkie has 20 seconds left.\n|inactive|Emiker has 20 seconds left.\n|l|\u2606Emiker\n|inactive|Emiker disconnected and has a minute to reconnect!\n|player|p2|\n|inactive|Stinkekakkie has 15 seconds left.\n|inactive|Emiker has 15 seconds left.\n|j|\u2606Emiker\n|inactive|Emiker reconnected and has 15 seconds left.\n|player|p2|Emiker|red\n|inactive|Emiker has 10 seconds left.\n|inactive|Emiker has 5 seconds left.\n|\n|t:|1683124060\n|switch|p1b: Chien-Pao|Chien-Pao, L50|100\/100\n|-ability|p1b: Chien-Pao|Sword of Ruin\n|move|p2a: Wo-Chien|Protect|p2a: Wo-Chien\n|-singleturn|p2a: Wo-Chien|Protect\n|move|p1a: Azumarill|Aqua Jet|p2b: Glimmora\n|-supereffective|p2b: Glimmora\n|-damage|p2b: Glimmora|36\/100\n|-activate|p2b: Glimmora|ability: Toxic Debris\n|-sidestart|p1: Stinkekakkie|move: Toxic Spikes\n|move|p2b: Glimmora|Sludge Bomb|p1a: Azumarill\n|-supereffective|p1a: Azumarill\n|-damage|p1a: Azumarill|12\/100\n|-status|p1a: Azumarill|psn\n|-enditem|p1a: Azumarill|Sitrus Berry|[eat]\n|-heal|p1a: Azumarill|36\/100 psn|[from] item: Sitrus Berry\n|\n|-damage|p1a: Azumarill|24\/100 psn|[from] Leech Seed|[of] p2a: Wo-Chien\n|-heal|p2a: Wo-Chien|50\/100|[silent]\n|-damage|p1a: Azumarill|12\/100 psn|[from] psn\n|-fieldend|move: Trick Room\n|upkeep\n|turn|6\n|inactive|Stinkekakkie has 30 seconds left.\n|inactive|Emiker has 30 seconds left.\n|inactive|Stinkekakkie has 20 seconds left.\n|\n|t:|1683124097\n|move|p1b: Chien-Pao|Ice Spinner|p2b: Glimmora\n|-damage|p2b: Glimmora|4\/100\n|-activate|p2b: Glimmora|ability: Toxic Debris\n|-sidestart|p1: Stinkekakkie|move: Toxic Spikes\n|move|p2b: Glimmora|Power Gem|p1b: Chien-Pao\n|-supereffective|p1b: Chien-Pao\n|-enditem|p1b: Chien-Pao|Focus Sash\n|-damage|p1b: Chien-Pao|1\/100\n|move|p2a: Wo-Chien|Pollen Puff|p1b: Chien-Pao\n|-supereffective|p1b: Chien-Pao\n|-damage|p1b: Chien-Pao|0 fnt\n|faint|p1b: Chien-Pao\n|move|p1a: Azumarill|Play Rough|p2a: Wo-Chien|[miss]\n|-miss|p1a: Azumarill|p2a: Wo-Chien\n|\n|-damage|p1a: Azumarill|0 fnt|[from] Leech Seed|[of] p2a: Wo-Chien\n|-heal|p2a: Wo-Chien|63\/100|[silent]\n|faint|p1a: Azumarill\n|upkeep\n|-message|Stinkekakkie forfeited.\n|\n|win|Emiker\n|raw|Stinkekakkie's rating: 1410 → 1387<\/strong> (-23 for losing)\n|raw|Emiker's rating: 1363 → 1386<\/strong> (+23 for winning)\n|l|\u2606Stinkekakkie\n","uploadtime":1683124135,"views":5,"p1id":"stinkekakkie","p2id":"emiker","formatid":"gen9vgc2023regulationc","rating":1386,"private":0,"password":""}