{"id":"gen9vgc2023regulationc-1848124039","p1":"CAUSEIMJP","p2":"That_Leek","format":"[Gen 9] VGC 2023 Regulation C","log":"|j|\u2606CAUSEIMJP\n|j|\u2606That_Leek\n|t:|1682032482\n|gametype|doubles\n|player|p1|CAUSEIMJP|1|1064\n|player|p2|That_Leek|blue-masters|1104\n|teamsize|p1|6\n|teamsize|p2|6\n|gen|9\n|tier|[Gen 9] VGC 2023 Regulation C\n|rated|\n|rule|Species Clause: Limit one of each Pok\u00e9mon\n|rule|Item Clause: Limit one of each item\n|clearpoke\n|poke|p1|Abomasnow, L50, F|\n|poke|p1|Chien-Pao, L50|\n|poke|p1|Cetitan, L50, F|\n|poke|p1|Glaceon, L50, F|\n|poke|p1|Iron Bundle, L50|\n|poke|p1|Dragonite, L50, M|\n|poke|p2|Gholdengo, L50|\n|poke|p2|Gyarados, L50, F|\n|poke|p2|Tyranitar, L50, M|\n|poke|p2|Maushold-Four, L50|\n|poke|p2|Annihilape, L50, M|\n|poke|p2|Volcarona, L50, M|\n|teampreview|4\nThat_Leek has agreed to open team sheets.\nCAUSEIMJP rejected open team sheets.\n|inactive|Battle timer is ON: inactive players will automatically lose when time's up. (requested by CAUSEIMJP)\n|\n|t:|1682032514\n|start\n|switch|p1a: Dragonite|Dragonite, L50, M|100\/100\n|switch|p1b: Chien-Pao|Chien-Pao, L50|100\/100\n|switch|p2a: Gholdengo|Gholdengo, L50|100\/100\n|switch|p2b: Maushold|Maushold-Four, L50|100\/100\n|-ability|p1b: Chien-Pao|Sword of Ruin\n|turn|1\n|c|\u2606That_Leek|Rejected\n|c|\u2606That_Leek|Sad\n|inactive|CAUSEIMJP has 30 seconds left.\n|c|\u2606CAUSEIMJP|trust this team looks rough u dont wanna see it\n|inactive|CAUSEIMJP has 20 seconds left.\n|\n|t:|1682032554\n|-terastallize|p1b: Chien-Pao|Ghost\n|move|p2b: Maushold|Follow Me|p2b: Maushold\n|-singleturn|p2b: Maushold|move: Follow Me\n|move|p1b: Chien-Pao|Sucker Punch||[still]\n|-fail|p1b: Chien-Pao\n|move|p1a: Dragonite|Low Kick|p2b: Maushold\n|-supereffective|p2b: Maushold\n|-damage|p2b: Maushold|62\/100\n|move|p2a: Gholdengo|Nasty Plot|p2a: Gholdengo\n|-boost|p2a: Gholdengo|spa|2\n|\n|upkeep\n|turn|2\n|c|\u2606That_Leek|Lol\n|\n|t:|1682032574\n|move|p2b: Maushold|Follow Me|p2b: Maushold\n|-singleturn|p2b: Maushold|move: Follow Me\n|move|p1b: Chien-Pao|Sacred Sword|p2b: Maushold\n|-supereffective|p2b: Maushold\n|-damage|p2b: Maushold|0 fnt\n|faint|p2b: Maushold\n|move|p1a: Dragonite|Low Kick|p2a: Gholdengo\n|-immune|p2a: Gholdengo\n|move|p2a: Gholdengo|Nasty Plot|p2a: Gholdengo\n|-boost|p2a: Gholdengo|spa|2\n|\n|upkeep\n|\n|t:|1682032581\n|switch|p2b: Gyarados|Gyarados, L50, F|100\/100\n|-ability|p2b: Gyarados|Intimidate|boost\n|-unboost|p1a: Dragonite|atk|1\n|-unboost|p1b: Chien-Pao|atk|1\n|turn|3\n|\n|t:|1682032591\n|switch|p1a: Abomasnow|Abomasnow, L50, F|100\/100\n|-weather|Snow|[from] ability: Snow Warning|[of] p1a: Abomasnow\n|move|p2a: Gholdengo|Protect|p2a: Gholdengo\n|-singleturn|p2a: Gholdengo|Protect\n|move|p1b: Chien-Pao|Haze|p1b: Chien-Pao\n|-clearallboost\n|move|p2b: Gyarados|Waterfall|p1a: Abomasnow\n|-resisted|p1a: Abomasnow\n|-damage|p1a: Abomasnow|79\/100\n|\n|-weather|Snow|[upkeep]\n|upkeep\n|turn|4\n|\n|t:|1682032614\n|switch|p2b: Tyranitar|Tyranitar, L50, M|100\/100\n|-weather|Sandstorm|[from] ability: Sand Stream|[of] p2b: Tyranitar\n|move|p1b: Chien-Pao|Sucker Punch|p2a: Gholdengo\n|-supereffective|p2a: Gholdengo\n|-damage|p2a: Gholdengo|20\/100\n|move|p2a: Gholdengo|Make It Rain|p1b: Chien-Pao|[spread] p1a,p1b\n|-supereffective|p1a: Abomasnow\n|-damage|p1a: Abomasnow|0 fnt\n|-enditem|p1b: Chien-Pao|Focus Sash\n|-damage|p1b: Chien-Pao|1\/100\n|-unboost|p2a: Gholdengo|spa|1\n|faint|p1a: Abomasnow\n|-damage|p2a: Gholdengo|11\/100|[from] item: Life Orb\n|\n|-weather|Sandstorm|[upkeep]\n|-damage|p1b: Chien-Pao|0 fnt|[from] Sandstorm\n|faint|p1b: Chien-Pao\n|upkeep\n|\n|t:|1682032628\n|switch|p1b: Glaceon|Glaceon, L50, F|100\/100\n|switch|p1a: Dragonite|Dragonite, L50, M|100\/100\n|turn|5\n|\n|t:|1682032640\n|switch|p2a: Gyarados|Gyarados, L50, F|100\/100\n|-ability|p2a: Gyarados|Intimidate|boost\n|-unboost|p1a: Dragonite|atk|1\n|-unboost|p1b: Glaceon|atk|1\n|-terastallize|p2b: Tyranitar|Flying\n|move|p1b: Glaceon|Protect|p1b: Glaceon\n|-singleturn|p1b: Glaceon|Protect\n|move|p1a: Dragonite|Low Kick|p2b: Tyranitar\n|-resisted|p2b: Tyranitar\n|-damage|p2b: Tyranitar|84\/100\n|move|p2b: Tyranitar|Rock Slide|p1a: Dragonite|[spread] p1a\n|-activate|p1b: Glaceon|move: Protect\n|-supereffective|p1a: Dragonite\n|-damage|p1a: Dragonite|65\/100\n|\n|-weather|Sandstorm|[upkeep]\n|-damage|p1a: Dragonite|59\/100|[from] Sandstorm\n|-damage|p2a: Gyarados|95\/100|[from] Sandstorm\n|-damage|p1b: Glaceon|95\/100|[from] Sandstorm\n|-damage|p2b: Tyranitar|78\/100|[from] Sandstorm\n|upkeep\n|turn|6\n|\n|t:|1682032657\n|move|p1a: Dragonite|Low Kick|p2a: Gyarados\n|-resisted|p2a: Gyarados\n|-damage|p2a: Gyarados|72\/100\n|move|p2a: Gyarados|Thunder Wave|p1b: Glaceon\n|-status|p1b: Glaceon|par\n|move|p2b: Tyranitar|Rock Slide|p1a: Dragonite|[spread] p1a,p1b\n|-supereffective|p1a: Dragonite\n|-supereffective|p1b: Glaceon\n|-damage|p1a: Dragonite|0 fnt\n|-damage|p1b: Glaceon|34\/100 par\n|faint|p1a: Dragonite\n|cant|p1b: Glaceon|flinch\n|\n|-weather|Sandstorm|[upkeep]\n|-damage|p2a: Gyarados|66\/100|[from] Sandstorm\n|-damage|p2b: Tyranitar|72\/100|[from] Sandstorm\n|-damage|p1b: Glaceon|28\/100 par|[from] Sandstorm\n|upkeep\n|turn|7\n|c|\u2606CAUSEIMJP|gg lol\n|\n|t:|1682032673\n|move|p2a: Gyarados|Waterfall|p1b: Glaceon\n|-damage|p1b: Glaceon|0 fnt\n|faint|p1b: Glaceon\n|\n|win|That_Leek\n|raw|CAUSEIMJP's rating: 1064 → 1047<\/strong> (-17 for losing)\n|raw|That_Leek's rating: 1104 → 1126<\/strong> (+22 for winning)\n|c|\u2606That_Leek|Gg\n","uploadtime":1682032680,"views":7,"p1id":"causeimjp","p2id":"thatleek","formatid":"gen9vgc2023regulationc","rating":1047,"private":0,"password":""}