{"id":"gen9vgc2023regulationc-1847078579","p1":"Jeremih-13","p2":"Jimmynutron1","format":"[Gen 9] VGC 2023 Regulation C","log":"|j|\u2606Jeremih-13\n|j|\u2606Jimmynutron1\n|t:|1681917298\n|gametype|doubles\n|player|p1|Jeremih-13|170|1120\n|player|p2|Jimmynutron1|102|1184\n|teamsize|p1|6\n|teamsize|p2|6\n|gen|9\n|tier|[Gen 9] VGC 2023 Regulation C\n|rated|\n|rule|Species Clause: Limit one of each Pok\u00e9mon\n|rule|Item Clause: Limit one of each item\n|clearpoke\n|poke|p1|Tyranitar, L50, M|\n|poke|p1|Garchomp, L50, M|\n|poke|p1|Palafin, L50, M|\n|poke|p1|Roaring Moon, L50|\n|poke|p1|Arcanine, L50, M|\n|poke|p1|Flutter Mane, L50|\n|poke|p2|Palafin, L50, M|\n|poke|p2|Arcanine, L50, F|\n|poke|p2|Annihilape, L50, M|\n|poke|p2|Amoonguss, L50, M|\n|poke|p2|Flutter Mane, L50|\n|poke|p2|Gholdengo, L50|\n|teampreview|4\n|inactive|Battle timer is ON: inactive players will automatically lose when time's up. (requested by Jimmynutron1)\nJimmynutron1 rejected open team sheets.\n|inactive|Jeremih-13 has 60 seconds left.\n|\n|t:|1681917362\n|start\n|switch|p1a: Roaring Moon|Roaring Moon, L50|100\/100\n|switch|p1b: Palafin|Palafin, L50, M|100\/100\n|switch|p2a: Annihilape|Annihilape, L50, M|100\/100\n|switch|p2b: Palafin|Palafin, L50, M|100\/100\n|-enditem|p1a: Roaring Moon|Booster Energy\n|-activate|p1a: Roaring Moon|ability: Protosynthesis|[fromitem]\n|-start|p1a: Roaring Moon|protosynthesisspe\n|turn|1\n|\n|t:|1681917386\n|detailschange|p1b: Palafin|Palafin-Hero, L50, M\n|switch|p1b: Flutter Mane|Flutter Mane, L50|100\/100\n|detailschange|p2b: Palafin|Palafin-Hero, L50, M\n|switch|p2b: Arcanine|Arcanine, L50, F|100\/100\n|-ability|p2b: Arcanine|Intimidate|boost\n|-unboost|p1a: Roaring Moon|atk|1\n|-unboost|p1b: Flutter Mane|atk|1\n|-terastallize|p1a: Roaring Moon|Flying\n|move|p1a: Roaring Moon|Tailwind|p1a: Roaring Moon\n|-sidestart|p1: Jeremih-13|move: Tailwind\n|move|p2a: Annihilape|Drain Punch|p1a: Roaring Moon\n|-resisted|p1a: Roaring Moon\n|-damage|p1a: Roaring Moon|86\/100\n|\n|upkeep\n|turn|2\n|\n|t:|1681917408\n|switch|p2a: Flutter Mane|Flutter Mane, L50|100\/100\n|move|p1a: Roaring Moon|Acrobatics|p2a: Flutter Mane\n|-damage|p2a: Flutter Mane|24\/100\n|move|p1b: Flutter Mane|Shadow Ball|p2a: Flutter Mane\n|-supereffective|p2a: Flutter Mane\n|-damage|p2a: Flutter Mane|0 fnt\n|faint|p2a: Flutter Mane\n|-end|p2a: Flutter Mane|Protosynthesis|[silent]\n|move|p2b: Arcanine|Will-O-Wisp|p1a: Roaring Moon\n|-status|p1a: Roaring Moon|brn\n|\n|-damage|p1a: Roaring Moon|80\/100 brn|[from] brn\n|upkeep\n|\n|t:|1681917426\n|switch|p2a: Annihilape|Annihilape, L50, M|100\/100\n|turn|3\n|\n|t:|1681917435\n|move|p1a: Roaring Moon|Acrobatics|p2a: Annihilape\n|-supereffective|p2a: Annihilape\n|-damage|p2a: Annihilape|77\/100\n|move|p1b: Flutter Mane|Shadow Ball|p2a: Annihilape\n|-supereffective|p2a: Annihilape\n|-damage|p2a: Annihilape|5\/100\n|move|p2b: Arcanine|Flare Blitz|p1b: Flutter Mane\n|-damage|p1b: Flutter Mane|31\/100\n|-damage|p2b: Arcanine|83\/100|[from] Recoil\n|move|p2a: Annihilape|Rage Fist|p1b: Flutter Mane\n|-supereffective|p1b: Flutter Mane\n|-damage|p1b: Flutter Mane|0 fnt\n|faint|p1b: Flutter Mane\n|-end|p1b: Flutter Mane|Protosynthesis|[silent]\n|\n|-damage|p1a: Roaring Moon|74\/100 brn|[from] brn\n|upkeep\n|\n|t:|1681917455\n|switch|p1b: Palafin|Palafin-Hero, L50, M|100\/100\n|-activate|p1b: Palafin|ability: Zero to Hero\n|turn|4\n|\n|t:|1681917465\n|-terastallize|p2b: Arcanine|Grass\n|move|p1b: Palafin|Jet Punch|p2b: Arcanine\n|-resisted|p2b: Arcanine\n|-damage|p2b: Arcanine|61\/100\n|move|p1a: Roaring Moon|Acrobatics|p2a: Annihilape\n|-supereffective|p2a: Annihilape\n|-damage|p2a: Annihilape|0 fnt\n|faint|p2a: Annihilape\n|move|p2b: Arcanine|Will-O-Wisp|p1b: Palafin\n|-status|p1b: Palafin|brn\n|\n|-damage|p1a: Roaring Moon|68\/100 brn|[from] brn\n|-damage|p1b: Palafin|95\/100 brn|[from] brn\n|-sideend|p1: Jeremih-13|move: Tailwind\n|upkeep\n|\n|t:|1681917477\n|switch|p2a: Palafin|Palafin-Hero, L50, M|100\/100\n|-activate|p2a: Palafin|ability: Zero to Hero\n|turn|5\n|inactive|Jeremih-13 has 30 seconds left.\n|inactive|Jeremih-13 has 20 seconds left.\n|\n|t:|1681917515\n|move|p2b: Arcanine|Extreme Speed|p1b: Palafin\n|-damage|p1b: Palafin|76\/100 brn\n|move|p1a: Roaring Moon|Breaking Swipe|p2a: Palafin|[spread] p2a,p2b\n|-damage|p2a: Palafin|94\/100\n|-damage|p2b: Arcanine|55\/100\n|-unboost|p2a: Palafin|atk|1\n|-unboost|p2b: Arcanine|atk|1\n|move|p1b: Palafin|Wave Crash|p2a: Palafin\n|-resisted|p2a: Palafin\n|-damage|p2a: Palafin|75\/100\n|-damage|p1b: Palafin|69\/100 brn|[from] Recoil\n|move|p2a: Palafin|Wave Crash|p1b: Palafin\n|-resisted|p1b: Palafin\n|-damage|p1b: Palafin|39\/100 brn\n|-damage|p2a: Palafin|65\/100|[from] Recoil\n|\n|-damage|p1a: Roaring Moon|62\/100 brn|[from] brn\n|-damage|p1b: Palafin|33\/100 brn|[from] brn\n|upkeep\n|turn|6\n|inactive|Jeremih-13 has 30 seconds left.\n|inactive|Jimmynutron1 has 30 seconds left.\n|\n|t:|1681917546\n|move|p1a: Roaring Moon|Breaking Swipe|p2a: Palafin|[spread] p2a,p2b\n|-damage|p2a: Palafin|59\/100\n|-damage|p2b: Arcanine|49\/100\n|-unboost|p2a: Palafin|atk|1\n|-unboost|p2b: Arcanine|atk|1\n|move|p2b: Arcanine|Flare Blitz|p1a: Roaring Moon\n|-damage|p1a: Roaring Moon|39\/100 brn\n|-damage|p2b: Arcanine|41\/100|[from] Recoil\n|move|p1b: Palafin|Wave Crash|p2a: Palafin\n|-resisted|p2a: Palafin\n|-damage|p2a: Palafin|40\/100\n|-damage|p1b: Palafin|26\/100 brn|[from] Recoil\n|move|p2a: Palafin|Haze|p2a: Palafin\n|-clearallboost\n|\n|-damage|p1a: Roaring Moon|33\/100 brn|[from] brn\n|-damage|p1b: Palafin|20\/100 brn|[from] brn\n|upkeep\n|turn|7\n|\n|t:|1681917571\n|move|p2b: Arcanine|Protect|p2b: Arcanine\n|-singleturn|p2b: Arcanine|Protect\n|move|p2a: Palafin|Protect|p2a: Palafin\n|-singleturn|p2a: Palafin|Protect\n|move|p1b: Palafin|Jet Punch|p2a: Palafin\n|-activate|p2a: Palafin|move: Protect\n|move|p1a: Roaring Moon|Breaking Swipe|p2a: Palafin|[spread] \n|-activate|p2a: Palafin|move: Protect\n|-activate|p2b: Arcanine|move: Protect\n|\n|-damage|p1a: Roaring Moon|26\/100 brn|[from] brn\n|-damage|p1b: Palafin|14\/100 brn|[from] brn\n|upkeep\n|turn|8\n|\n|t:|1681917587\n|move|p2b: Arcanine|Extreme Speed|p1b: Palafin\n|-damage|p1b: Palafin|0 fnt\n|faint|p1b: Palafin\n|move|p2a: Palafin|Jet Punch|p1a: Roaring Moon\n|-damage|p1a: Roaring Moon|0 fnt\n|faint|p1a: Roaring Moon\n|-end|p1a: Roaring Moon|Protosynthesis|[silent]\n|\n|upkeep\n|\n|t:|1681917597\n|switch|p1a: Arcanine|Arcanine, L50, M|100\/100\n|-ability|p1a: Arcanine|Intimidate|boost\n|-unboost|p2a: Palafin|atk|1\n|-unboost|p2b: Arcanine|atk|1\n|turn|9\n|\n|t:|1681917612\n|move|p2a: Palafin|Protect|p2a: Palafin\n|-singleturn|p2a: Palafin|Protect\n|move|p2b: Arcanine|Extreme Speed|p1a: Arcanine\n|-crit|p1a: Arcanine\n|-damage|p1a: Arcanine|67\/100\n|move|p1a: Arcanine|Will-O-Wisp|p2a: Palafin\n|-activate|p2a: Palafin|move: Protect\n|\n|upkeep\n|turn|10\n|\n|t:|1681917626\n|move|p2b: Arcanine|Extreme Speed|p1a: Arcanine\n|-damage|p1a: Arcanine|53\/100\n|move|p2a: Palafin|Jet Punch|p1a: Arcanine\n|-supereffective|p1a: Arcanine\n|-damage|p1a: Arcanine|0 fnt\n|faint|p1a: Arcanine\n|\n|win|Jimmynutron1\n|raw|Jeremih-13's rating: 1120 → 1100<\/strong> (-20 for losing)\n|raw|Jimmynutron1's rating: 1184 → 1204<\/strong> (+20 for winning)\n|l|\u2606Jeremih-13\n","uploadtime":1681917633,"views":7,"p1id":"jeremih13","p2id":"jimmynutron1","formatid":"gen9vgc2023regulationc","rating":1100,"private":0,"password":""}