{"id":"gen9vgc2023regulationc-1855894648","p1":"DoctorTW","p2":"DinkyDaDuke","format":"[Gen 9] VGC 2023 Regulation C","log":"|j|\u2606DoctorTW\n|j|\u2606DinkyDaDuke\n|t:|1682997191\n|gametype|doubles\n|player|p1|DoctorTW|scientist-gen4dp|1169\n|player|p2|DinkyDaDuke|interviewers|1056\n|teamsize|p1|6\n|teamsize|p2|6\n|gen|9\n|tier|[Gen 9] VGC 2023 Regulation C\n|rated|\n|rule|Species Clause: Limit one of each Pok\u00e9mon\n|rule|Item Clause: Limit one of each item\n|clearpoke\n|poke|p1|Glimmora, L50, F|\n|poke|p1|Iron Hands, L50|\n|poke|p1|Palafin, L50, M|\n|poke|p1|Skeledirge, L50, F|\n|poke|p1|Ting-Lu, L50|\n|poke|p1|Wo-Chien, L50|\n|poke|p2|Palafin, L50, M|\n|poke|p2|Pelipper, L50, M|\n|poke|p2|Dragonite, L50, M|\n|poke|p2|Annihilape, L50, M|\n|poke|p2|Maushold-Four, L50|\n|poke|p2|Chien-Pao, L50|\n|teampreview|4\n|\n|t:|1682997230\n|start\n|switch|p1a: Iron Hands|Iron Hands, L50|100\/100\n|switch|p1b: Glimmora|Glimmora, L50, F|100\/100\n|switch|p2a: Pelipper|Pelipper, L50, M|100\/100\n|switch|p2b: Palafin|Palafin, L50, M|100\/100\n|-weather|RainDance|[from] ability: Drizzle|[of] p2a: Pelipper\n|turn|1\n|\n|t:|1682997252\n|detailschange|p2b: Palafin|Palafin-Hero, L50, M\n|switch|p2b: Dragonite|Dragonite, L50, M|100\/100\n|move|p1a: Iron Hands|Fake Out|p2a: Pelipper\n|-damage|p2a: Pelipper|78\/100\n|cant|p2a: Pelipper|flinch\n|move|p1b: Glimmora|Mortal Spin|p2a: Pelipper|[spread] p2a,p2b\n|-damage|p2a: Pelipper|73\/100\n|-damage|p2b: Dragonite|98\/100\n|-status|p2a: Pelipper|psn\n|-status|p2b: Dragonite|psn\n|-enditem|p2b: Dragonite|Lum Berry|[eat]\n|-curestatus|p2b: Dragonite|psn|[msg]\n|\n|-weather|RainDance|[upkeep]\n|-damage|p2a: Pelipper|61\/100 psn|[from] psn\n|upkeep\n|turn|2\n|\n|t:|1682997281\n|switch|p2b: Palafin|Palafin-Hero, L50, M|100\/100\n|-activate|p2b: Palafin|ability: Zero to Hero\n|move|p1b: Glimmora|Spiky Shield|p1b: Glimmora\n|-singleturn|p1b: Glimmora|move: Protect\n|move|p2a: Pelipper|Hydro Pump|p1b: Glimmora\n|-activate|p1b: Glimmora|move: Protect\n|move|p1a: Iron Hands|Thunder Punch|p2a: Pelipper\n|-supereffective|p2a: Pelipper\n|-damage|p2a: Pelipper|0 fnt\n|faint|p2a: Pelipper\n|\n|-weather|RainDance|[upkeep]\n|upkeep\n|\n|t:|1682997297\n|switch|p2a: Dragonite|Dragonite, L50, M|98\/100\n|turn|3\n|\n|t:|1682997312\n|-terastallize|p2b: Palafin|Water\n|-terastallize|p1b: Glimmora|Grass\n|move|p2b: Palafin|Jet Punch|p1b: Glimmora\n|-resisted|p1b: Glimmora\n|-damage|p1b: Glimmora|54\/100\n|-activate|p1b: Glimmora|ability: Toxic Debris\n|-sidestart|p2: DinkyDaDuke|move: Toxic Spikes\n|move|p1b: Glimmora|Mortal Spin|p2a: Dragonite|[spread] p2a,p2b\n|-crit|p2b: Palafin\n|-damage|p2a: Dragonite|94\/100\n|-damage|p2b: Palafin|93\/100\n|-status|p2a: Dragonite|psn\n|-status|p2b: Palafin|psn\n|move|p2a: Dragonite|Dragon Claw|p1a: Iron Hands\n|-damage|p1a: Iron Hands|69\/100\n|move|p1a: Iron Hands|Volt Switch|p2b: Palafin\n|-supereffective|p2b: Palafin\n|-damage|p2b: Palafin|66\/100 psn\n|\n|t:|1682997330\n|-end|p1a: Iron Hands|Quark Drive|[silent]\n|switch|p1a: Wo-Chien|Wo-Chien, L50|100\/100|[from] Volt Switch\n|-ability|p1a: Wo-Chien|Tablets of Ruin\n|\n|-weather|RainDance|[upkeep]\n|-damage|p2b: Palafin|54\/100 psn|[from] psn\n|-damage|p2a: Dragonite|82\/100 psn|[from] psn\n|upkeep\n|turn|4\n|\n|t:|1682997354\n|move|p1b: Glimmora|Spiky Shield|p1b: Glimmora\n|-singleturn|p1b: Glimmora|move: Protect\n|move|p2b: Palafin|Wave Crash|p1b: Glimmora\n|-activate|p1b: Glimmora|move: Protect\n|-damage|p2b: Palafin|42\/100 psn|[from] Spiky Shield|[of] p1b: Glimmora\n|move|p2a: Dragonite|Dragon Claw|p1a: Wo-Chien\n|-damage|p1a: Wo-Chien|74\/100\n|move|p1a: Wo-Chien|Leech Seed|p2a: Dragonite\n|-start|p2a: Dragonite|move: Leech Seed\n|\n|-weather|RainDance|[upkeep]\n|-heal|p1a: Wo-Chien|80\/100|[from] item: Leftovers\n|-damage|p2a: Dragonite|70\/100 psn|[from] Leech Seed|[of] p1a: Wo-Chien\n|-heal|p1a: Wo-Chien|93\/100|[silent]\n|-damage|p2b: Palafin|30\/100 psn|[from] psn\n|-damage|p2a: Dragonite|58\/100 psn|[from] psn\n|upkeep\n|turn|5\n|\n|t:|1682997385\n|move|p2b: Palafin|Wave Crash|p1a: Wo-Chien\n|-resisted|p1a: Wo-Chien\n|-damage|p1a: Wo-Chien|42\/100\n|-damage|p2b: Palafin|15\/100 psn|[from] Recoil\n|move|p1b: Glimmora|Power Gem|p2b: Palafin\n|-damage|p2b: Palafin|0 fnt\n|faint|p2b: Palafin\n|move|p2a: Dragonite|Dragon Claw|p1a: Wo-Chien\n|-damage|p1a: Wo-Chien|14\/100\n|move|p1a: Wo-Chien|Pollen Puff|p1b: Glimmora\n|-heal|p1b: Glimmora|100\/100\n|\n|-weather|RainDance|[upkeep]\n|-heal|p1a: Wo-Chien|20\/100|[from] item: Leftovers\n|-damage|p2a: Dragonite|45\/100 psn|[from] Leech Seed|[of] p1a: Wo-Chien\n|-heal|p1a: Wo-Chien|33\/100|[silent]\n|-damage|p2a: Dragonite|33\/100 psn|[from] psn\n|upkeep\n|\n|t:|1682997404\n|switch|p2b: Annihilape|Annihilape, L50, M, shiny|100\/100\n|-status|p2b: Annihilape|psn\n|turn|6\n|\n|t:|1682997417\n|move|p1a: Wo-Chien|Protect|p1a: Wo-Chien\n|-singleturn|p1a: Wo-Chien|Protect\n|move|p2b: Annihilape|Drain Punch|p1a: Wo-Chien\n|-activate|p1a: Wo-Chien|move: Protect\n|move|p1b: Glimmora|Venoshock|p2b: Annihilape\n|-resisted|p2b: Annihilape\n|-damage|p2b: Annihilape|59\/100 psn\n|move|p2a: Dragonite|Dragon Claw|p1a: Wo-Chien\n|-activate|p1a: Wo-Chien|move: Protect\n|\n|-weather|RainDance|[upkeep]\n|-heal|p1a: Wo-Chien|39\/100|[from] item: Leftovers\n|-damage|p2a: Dragonite|21\/100 psn|[from] Leech Seed|[of] p1a: Wo-Chien\n|-heal|p1a: Wo-Chien|52\/100|[silent]\n|-damage|p2b: Annihilape|47\/100 psn|[from] psn\n|-damage|p2a: Dragonite|9\/100 psn|[from] psn\n|upkeep\n|-enditem|p2b: Annihilape|Sitrus Berry|[eat]\n|-heal|p2b: Annihilape|72\/100 psn|[from] item: Sitrus Berry\n|turn|7\n|\n|t:|1682997446\n|switch|p1a: Iron Hands|Iron Hands, L50|69\/100\n|move|p2b: Annihilape|Drain Punch|p1b: Glimmora\n|-damage|p1b: Glimmora|59\/100\n|-heal|p2b: Annihilape|93\/100 psn|[from] drain|[of] p1b: Glimmora\n|-activate|p1b: Glimmora|ability: Toxic Debris\n|-sidestart|p2: DinkyDaDuke|move: Toxic Spikes\n|move|p1b: Glimmora|Venoshock|p2b: Annihilape\n|-resisted|p2b: Annihilape\n|-damage|p2b: Annihilape|58\/100 psn\n|move|p2a: Dragonite|Dragon Claw|p1a: Iron Hands\n|-damage|p1a: Iron Hands|35\/100\n|\n|-weather|RainDance|[upkeep]\n|-damage|p2a: Dragonite|0 fnt|[from] Leech Seed|[of] p1a: Iron Hands\n|-heal|p1a: Iron Hands|42\/100|[silent]\n|faint|p2a: Dragonite\n|-damage|p2b: Annihilape|45\/100 psn|[from] psn\n|upkeep\n|turn|8\n|\n|t:|1682997469\n|-end|p1a: Iron Hands|Quark Drive|[silent]\n|switch|p1a: Ting-Lu|Ting-Lu, L50|100\/100\n|-ability|p1a: Ting-Lu|Vessel of Ruin\n|move|p2b: Annihilape|Drain Punch|p1b: Glimmora\n|-damage|p1b: Glimmora|21\/100\n|-heal|p2b: Annihilape|65\/100 psn|[from] drain|[of] p1b: Glimmora\n|move|p1b: Glimmora|Power Gem|p2b: Annihilape\n|-resisted|p2b: Annihilape\n|-damage|p2b: Annihilape|49\/100 psn\n|\n|-weather|none\n|-damage|p2b: Annihilape|37\/100 psn|[from] psn\n|upkeep\n|turn|9\n|\n|t:|1682997484\n|move|p1b: Glimmora|Spiky Shield|p1b: Glimmora\n|-singleturn|p1b: Glimmora|move: Protect\n|move|p2b: Annihilape|Drain Punch|p1a: Ting-Lu\n|-supereffective|p1a: Ting-Lu\n|-damage|p1a: Ting-Lu|53\/100\n|-heal|p2b: Annihilape|69\/100 psn|[from] drain|[of] p1a: Ting-Lu\n|-enditem|p1a: Ting-Lu|Weakness Policy\n|-boost|p1a: Ting-Lu|atk|2|[from] item: Weakness Policy\n|-boost|p1a: Ting-Lu|spa|2|[from] item: Weakness Policy\n|move|p1a: Ting-Lu|Payback|p2b: Annihilape\n|-damage|p2b: Annihilape|0 fnt\n|faint|p2b: Annihilape\n|\n|win|DoctorTW\n|raw|DoctorTW's rating: 1169 → 1186<\/strong> (+17 for winning)\n|raw|DinkyDaDuke's rating: 1056 → 1043<\/strong> (-13 for losing)\n","uploadtime":1682997501,"views":15,"p1id":"doctortw","p2id":"dinkydaduke","formatid":"gen9vgc2023regulationc","rating":1043,"private":0,"password":""}