{"id":"gen9vgc2023regulationc-1852751616","p1":"All Puff","p2":"ScolipedeScogliosi","format":"[Gen 9] VGC 2023 Regulation C","log":"|j|\u2606All Puff\n|j|\u2606ScolipedeScogliosi\n|t:|1682603134\n|gametype|doubles\n|player|p1|All Puff|1|\n|player|p2|ScolipedeScogliosi|swimmer|\n|teamsize|p1|6\n|teamsize|p2|6\n|gen|9\n|tier|[Gen 9] VGC 2023 Regulation C\n|rule|Species Clause: Limit one of each Pok\u00e9mon\n|rule|Item Clause: Limit one of each item\n|clearpoke\n|poke|p1|Flutter Mane, L50|\n|poke|p1|Scream Tail, L50|\n|poke|p1|Gothitelle, L50, M|\n|poke|p1|Arcanine, L50, F|\n|poke|p1|Brute Bonnet, L50|\n|poke|p1|Dragalge, L50, M|\n|poke|p2|Volcarona, L50, F|\n|poke|p2|Oricorio-Sensu, L50, F|\n|poke|p2|Zoroark-Hisui, L50, F|\n|poke|p2|Dragapult, L50, F|\n|poke|p2|Coalossal, L50, F|\n|poke|p2|Flamigo, L50, F|\n|teampreview|4\nAll Puff has agreed to open team sheets.\n|j| ContessaZia\nScolipedeScogliosi has agreed to open team sheets.\n|\n|t:|1682603219\n|start\n|switch|p1a: Dragalge|Dragalge, L50, M|100\/100\n|switch|p1b: Flutter Mane|Flutter Mane, L50|100\/100\n|switch|p2a: Volcarona|Volcarona, L50, F|100\/100\n|switch|p2b: Flamigo|Flamigo, L50, F|100\/100\n|turn|1\n|\n|t:|1682603236\n|-terastallize|p1b: Flutter Mane|Fairy\n|move|p1b: Flutter Mane|Moonblast|p2b: Flamigo\n|-damage|p2b: Flamigo|0 fnt\n|replace|p2b: Zoroark|Zoroark-Hisui, L50, F\n|-end|p2b: Zoroark|Illusion\n|faint|p2b: Zoroark\n|move|p2a: Volcarona|Quiver Dance|p2a: Volcarona\n|-boost|p2a: Volcarona|spa|1\n|-boost|p2a: Volcarona|spd|1\n|-boost|p2a: Volcarona|spe|1\n|move|p1a: Dragalge|Haze|p1a: Dragalge\n|-clearallboost\n|\n|upkeep\n|\n|t:|1682603252\n|switch|p2b: Oricorio|Oricorio-Sensu, L50, F|100\/100\n|turn|2\n|\n|t:|1682603314\n|move|p2b: Oricorio|Protect|p2b: Oricorio\n|-singleturn|p2b: Oricorio|Protect\n|move|p1b: Flutter Mane|Shadow Ball|p2b: Oricorio\n|-activate|p2b: Oricorio|move: Protect\n|move|p2a: Volcarona|Fiery Dance|p1b: Flutter Mane\n|-damage|p1b: Flutter Mane|49\/100\n|-activate|p2b: Oricorio|ability: Dancer\n|move|p2b: Oricorio|Fiery Dance|p1b: Flutter Mane|[from]ability: Dancer\n|-damage|p1b: Flutter Mane|23\/100\n|move|p1a: Dragalge|Haze|p1a: Dragalge\n|-clearallboost\n|\n|upkeep\n|turn|3\n|\n|t:|1682603339\n|move|p1b: Flutter Mane|Shadow Ball|p2b: Oricorio\n|-supereffective|p2b: Oricorio\n|-crit|p2b: Oricorio\n|-enditem|p2b: Oricorio|Focus Sash\n|-damage|p2b: Oricorio|1\/100\n|-unboost|p2b: Oricorio|spd|1\n|move|p2b: Oricorio|Tailwind|p2b: Oricorio\n|-sidestart|p2: ScolipedeScogliosi|move: Tailwind\n|move|p2a: Volcarona|Fiery Dance|p1b: Flutter Mane\n|-damage|p1b: Flutter Mane|0 fnt\n|-boost|p2a: Volcarona|spa|1\n|faint|p1b: Flutter Mane\n|-end|p1b: Flutter Mane|Protosynthesis|[silent]\n|-activate|p2b: Oricorio|ability: Dancer\n|move|p2b: Oricorio|Fiery Dance|p1a: Dragalge|[from]ability: Dancer\n|-resisted|p1a: Dragalge\n|-damage|p1a: Dragalge|91\/100\n|-boost|p2b: Oricorio|spa|1\n|move|p1a: Dragalge|Draco Meteor|p2a: Volcarona\n|-damage|p2a: Volcarona|40\/100\n|-unboost|p1a: Dragalge|spa|2\n|\n|-heal|p1a: Dragalge|97\/100|[from] item: Leftovers\n|upkeep\n|\n|t:|1682603363\n|switch|p1b: Arcanine|Arcanine, L50, F|100\/100\n|-ability|p1b: Arcanine|Intimidate|boost\n|-unboost|p2a: Volcarona|atk|1\n|-unboost|p2b: Oricorio|atk|1\n|turn|4\n|\n|t:|1682603403\n|switch|p2a: Flamigo|Flamigo, L50, F|100\/100\n|-copyboost|p2a: Flamigo|p2b: Oricorio|[from] ability: Costar\n|-terastallize|p2b: Oricorio|Ghost\n|move|p2b: Oricorio|Revelation Dance|p1b: Arcanine\n|-damage|p1b: Arcanine|0 fnt\n|faint|p1b: Arcanine\n|move|p1a: Dragalge|Sludge Bomb|p2b: Oricorio\n|-resisted|p2b: Oricorio\n|-damage|p2b: Oricorio|0 fnt\n|faint|p2b: Oricorio\n|\n|-heal|p1a: Dragalge|100\/100|[from] item: Leftovers\n|upkeep\n|\n|t:|1682603418\n|switch|p2b: Volcarona|Volcarona, L50, F|40\/100\n|switch|p1b: Brute Bonnet|Brute Bonnet, L50|100\/100\n|turn|5\n|\n|t:|1682603434\n|move|p1b: Brute Bonnet|Protect|p1b: Brute Bonnet\n|-singleturn|p1b: Brute Bonnet|Protect\n|move|p2a: Flamigo|Copycat||[still]\n|-fail|p2a: Flamigo\n|move|p2b: Volcarona|Fiery Dance|p1b: Brute Bonnet\n|-activate|p1b: Brute Bonnet|move: Protect\n|move|p1a: Dragalge|Haze|p1a: Dragalge\n|-clearallboost\n|\n|upkeep\n|turn|6\n|\n|t:|1682603450\n|move|p2a: Flamigo|Taunt|p1a: Dragalge\n|-start|p1a: Dragalge|move: Taunt\n|move|p2b: Volcarona|Fiery Dance|p1b: Brute Bonnet\n|-supereffective|p1b: Brute Bonnet\n|-damage|p1b: Brute Bonnet|20\/100\n|move|p1b: Brute Bonnet|Spore|p2a: Flamigo\n|-status|p2a: Flamigo|slp|[from] move: Spore\n|move|p1a: Dragalge|Draco Meteor|p2b: Volcarona\n|-damage|p2b: Volcarona|0 fnt\n|-unboost|p1a: Dragalge|spa|2\n|faint|p2b: Volcarona\n|\n|-sideend|p2: ScolipedeScogliosi|move: Tailwind\n|upkeep\n|turn|7\n|\n|t:|1682603478\n|cant|p2a: Flamigo|slp\n|move|p1b: Brute Bonnet|Bullet Seed|p2a: Flamigo\n|-resisted|p2a: Flamigo\n|-damage|p2a: Flamigo|88\/100 slp\n|-resisted|p2a: Flamigo\n|-damage|p2a: Flamigo|76\/100 slp\n|-resisted|p2a: Flamigo\n|-damage|p2a: Flamigo|65\/100 slp\n|-resisted|p2a: Flamigo\n|-damage|p2a: Flamigo|53\/100 slp\n|-resisted|p2a: Flamigo\n|-damage|p2a: Flamigo|41\/100 slp\n|-hitcount|p2a: Flamigo|5\n|move|p1a: Dragalge|Sludge Bomb|p2a: Flamigo\n|-damage|p2a: Flamigo|0 fnt\n|faint|p2a: Flamigo\n|\n|win|All Puff\n","uploadtime":1682603497,"views":11,"p1id":"allpuff","p2id":"scolipedescogliosi","formatid":"gen9vgc2023regulationc","rating":0,"private":0,"password":""}