{"id":"gen9vgc2023regulationc-1851906033","p1":"corrrcrcrcrc","p2":"adsorvepqnxos","format":"[Gen 9] VGC 2023 Regulation C","log":"|j|\u2606corrrcrcrcrc\n|j|\u2606adsorvepqnxos\n|t:|1682503854\n|gametype|doubles\n|player|p1|corrrcrcrcrc|1|1104\n|player|p2|adsorvepqnxos|266|1119\n|teamsize|p1|6\n|teamsize|p2|6\n|gen|9\n|tier|[Gen 9] VGC 2023 Regulation C\n|rated|\n|rule|Species Clause: Limit one of each Pok\u00e9mon\n|rule|Item Clause: Limit one of each item\n|clearpoke\n|poke|p1|Wo-Chien, L50|\n|poke|p1|Ting-Lu, L50|\n|poke|p1|Flutter Mane, L50|\n|poke|p1|Glimmora, L50, M|\n|poke|p1|Arcanine, L50, M|\n|poke|p1|Gyarados, L50, M|\n|poke|p2|Indeedee-F, L50, F|\n|poke|p2|Armarouge, L50, F|\n|poke|p2|Torkoal, L50, M|\n|poke|p2|Hatterene, L50, F|\n|poke|p2|Kingambit, L50, M|\n|poke|p2|Annihilape, L50, M|\n|teampreview|4\n|\n|t:|1682503898\n|start\n|switch|p1a: Gyarados|Gyarados, L50, M|100\/100\n|switch|p1b: Ting-Lu|Ting-Lu, L50|100\/100\n|switch|p2a: Hatterene|Hatterene, L50, F|100\/100\n|switch|p2b: Armarouge|Armarouge, L50, F|100\/100\n|-ability|p1a: Gyarados|Intimidate|boost\n|-unboost|p2a: Hatterene|atk|1\n|-unboost|p2b: Armarouge|atk|1\n|-ability|p1b: Ting-Lu|Vessel of Ruin\n|turn|1\n|\n|t:|1682503916\n|move|p1a: Gyarados|Taunt|p2b: Armarouge\n|-start|p2b: Armarouge|move: Taunt\n|move|p1b: Ting-Lu|Heavy Slam|p2a: Hatterene\n|-supereffective|p2a: Hatterene\n|-damage|p2a: Hatterene|20\/100\n|cant|p2b: Armarouge|move: Taunt|Trick Room\n|move|p2a: Hatterene|Trick Room|p2a: Hatterene\n|-fieldstart|move: Trick Room|[of] p2a: Hatterene\n|\n|upkeep\n|turn|2\n|\n|t:|1682503942\n|move|p1a: Gyarados|Protect|p1a: Gyarados\n|-singleturn|p1a: Gyarados|Protect\n|move|p2a: Hatterene|Dazzling Gleam|p1a: Gyarados|[spread] p1b\n|-activate|p1a: Gyarados|move: Protect\n|-supereffective|p1b: Ting-Lu\n|-damage|p1b: Ting-Lu|71\/100\n|-damage|p2a: Hatterene|11\/100|[from] item: Life Orb\n|move|p1b: Ting-Lu|Payback|p2a: Hatterene\n|-damage|p2a: Hatterene|0 fnt\n|faint|p2a: Hatterene\n|move|p2b: Armarouge|Expanding Force|p1a: Gyarados\n|-activate|p1a: Gyarados|move: Protect\n|\n|upkeep\n|\n|t:|1682503957\n|switch|p2a: Torkoal|Torkoal, L50, M|100\/100\n|-weather|SunnyDay|[from] ability: Drought|[of] p2a: Torkoal\n|turn|3\n|\n|t:|1682503984\n|move|p2a: Torkoal|Eruption|p1b: Ting-Lu|[spread] p1a,p1b\n|-resisted|p1a: Gyarados\n|-damage|p1a: Gyarados|78\/100\n|-damage|p1b: Ting-Lu|43\/100\n|move|p1b: Ting-Lu|Stomping Tantrum|p2a: Torkoal\n|-supereffective|p2a: Torkoal\n|-damage|p2a: Torkoal|45\/100\n|move|p2b: Armarouge|Expanding Force|p1a: Gyarados\n|-damage|p1a: Gyarados|56\/100\n|move|p1a: Gyarados|Waterfall|p2a: Torkoal\n|-supereffective|p2a: Torkoal\n|-damage|p2a: Torkoal|21\/100\n|\n|-weather|SunnyDay|[upkeep]\n|-end|p2b: Armarouge|move: Taunt\n|upkeep\n|turn|4\n|\n|t:|1682504015\n|move|p1a: Gyarados|Protect|p1a: Gyarados\n|-singleturn|p1a: Gyarados|Protect\n|move|p2a: Torkoal|Earth Power|p1b: Ting-Lu\n|-damage|p1b: Ting-Lu|34\/100\n|move|p1b: Ting-Lu|Stomping Tantrum|p2a: Torkoal\n|-supereffective|p2a: Torkoal\n|-damage|p2a: Torkoal|0 fnt\n|faint|p2a: Torkoal\n|move|p2b: Armarouge|Expanding Force|p1a: Gyarados\n|-activate|p1a: Gyarados|move: Protect\n|\n|-weather|SunnyDay|[upkeep]\n|upkeep\n|\n|t:|1682504028\n|switch|p2a: Indeedee|Indeedee-F, L50, F|100\/100\n|-fieldstart|move: Psychic Terrain|[from] ability: Psychic Surge|[of] p2a: Indeedee\n|-enditem|p2a: Indeedee|Psychic Seed\n|-boost|p2a: Indeedee|spd|1|[from] item: Psychic Seed\n|turn|5\n|\n|t:|1682504042\n|move|p1b: Ting-Lu|Payback|p2b: Armarouge\n|-supereffective|p2b: Armarouge\n|-damage|p2b: Armarouge|56\/100\n|move|p2b: Armarouge|Armor Cannon|p1b: Ting-Lu\n|-damage|p1b: Ting-Lu|2\/100\n|-unboost|p2b: Armarouge|def|1\n|-unboost|p2b: Armarouge|spd|1\n|move|p2a: Indeedee|Dazzling Gleam|p1b: Ting-Lu|[spread] p1a,p1b\n|-supereffective|p1b: Ting-Lu\n|-damage|p1a: Gyarados|50\/100\n|-damage|p1b: Ting-Lu|0 fnt\n|faint|p1b: Ting-Lu\n|move|p1a: Gyarados|Taunt|p2a: Indeedee\n|-start|p2a: Indeedee|move: Taunt\n|\n|-weather|SunnyDay|[upkeep]\n|-fieldend|move: Trick Room\n|upkeep\n|\n|t:|1682504057\n|switch|p1b: Flutter Mane|Flutter Mane, L50|100\/100\n|-activate|p1b: Flutter Mane|ability: Protosynthesis\n|-start|p1b: Flutter Mane|protosynthesisspa\n|turn|6\n|\n|t:|1682504067\n|move|p1b: Flutter Mane|Shadow Ball|p2b: Armarouge\n|-supereffective|p2b: Armarouge\n|-damage|p2b: Armarouge|0 fnt\n|faint|p2b: Armarouge\n|move|p1a: Gyarados|Waterfall|p2a: Indeedee\n|-damage|p2a: Indeedee|83\/100\n|cant|p2a: Indeedee|flinch\n|\n|-weather|SunnyDay|[upkeep]\n|upkeep\n|turn|7\n|\n|t:|1682504078\n|-end|p1b: Flutter Mane|Protosynthesis|[silent]\n|switch|p1b: Wo-Chien|Wo-Chien, L50|100\/100\n|-ability|p1b: Wo-Chien|Tablets of Ruin\n|move|p1a: Gyarados|Waterfall|p2a: Indeedee\n|-damage|p2a: Indeedee|71\/100\n|cant|p2a: Indeedee|flinch\n|\n|-weather|none\n|upkeep\n|turn|8\n|\n|t:|1682504088\n|move|p1a: Gyarados|Waterfall|p2a: Indeedee\n|-damage|p2a: Indeedee|47\/100\n|move|p1b: Wo-Chien|Leech Seed|p2a: Indeedee\n|-start|p2a: Indeedee|move: Leech Seed\n|cant|p2a: Indeedee|flinch\n|\n|-damage|p2a: Indeedee|34\/100|[from] Leech Seed|[of] p1b: Wo-Chien\n|-end|p2a: Indeedee|move: Taunt\n|upkeep\n|turn|9\n|\n|t:|1682504101\n|move|p1a: Gyarados|Waterfall|p2a: Indeedee\n|-damage|p2a: Indeedee|8\/100\n|move|p1b: Wo-Chien|Pollen Puff|p1a: Gyarados\n|-heal|p1a: Gyarados|99\/100\n|move|p2a: Indeedee|Dazzling Gleam|p1a: Gyarados|[spread] p1a,p1b\n|-supereffective|p1b: Wo-Chien\n|-damage|p1a: Gyarados|91\/100\n|-damage|p1b: Wo-Chien|86\/100\n|\n|-heal|p1b: Wo-Chien|92\/100|[from] item: Leftovers\n|-damage|p2a: Indeedee|0 fnt|[from] Leech Seed|[of] p1b: Wo-Chien\n|-heal|p1b: Wo-Chien|99\/100|[silent]\n|faint|p2a: Indeedee\n|\n|win|corrrcrcrcrc\n|upkeep\n|raw|corrrcrcrcrc's rating: 1104 → 1130<\/strong> (+26 for winning)\n|raw|adsorvepqnxos's rating: 1119 → 1093<\/strong> (-26 for losing)\n|l|\u2606adsorvepqnxos\n","uploadtime":1682504128,"views":10,"p1id":"corrrcrcrcrc","p2id":"adsorvepqnxos","formatid":"gen9vgc2023regulationc","rating":1093,"private":0,"password":""}