{"id":"gen9vgc2023regulationc-1855180246","p1":"VGChris0607k","p2":"Missed Ledgedash","format":"[Gen 9] VGC 2023 Regulation C","log":"|j|\u2606VGChris0607k\n|j|\u2606Missed Ledgedash\n|t:|1682911338\n|gametype|doubles\n|player|p1|VGChris0607k|169|1354\n|player|p2|Missed Ledgedash|juan-gen3|1388\n|teamsize|p1|6\n|teamsize|p2|6\n|gen|9\n|tier|[Gen 9] VGC 2023 Regulation C\n|rated|\n|rule|Species Clause: Limit one of each Pok\u00e9mon\n|rule|Item Clause: Limit one of each item\n|clearpoke\n|poke|p1|Farigiraf, L50, F|\n|poke|p1|Chien-Pao, L50|\n|poke|p1|Murkrow, L50, F|\n|poke|p1|Baxcalibur, L50, F|\n|poke|p1|Corviknight, L50, M|\n|poke|p1|Great Tusk, L50|\n|poke|p2|Flutter Mane, L50|\n|poke|p2|Arcanine, L50, F|\n|poke|p2|Amoonguss, L50, M|\n|poke|p2|Palafin, L50, F|\n|poke|p2|Corviknight, L50, F|\n|poke|p2|Iron Hands, L50|\n|teampreview|4\n|inactive|Battle timer is ON: inactive players will automatically lose when time's up. (requested by VGChris0607k)\nMissed Ledgedash has agreed to open team sheets.\n|inactive|VGChris0607k has 60 seconds left.\n|inactive|Missed Ledgedash has 60 seconds left.\n|inactive|VGChris0607k has 30 seconds left.\n|inactive|VGChris0607k has 20 seconds left.\n|inactive|VGChris0607k has 15 seconds left.\n|\n|t:|1682911417\n|start\n|switch|p1a: Murkrow|Murkrow, L50, F|100\/100\n|switch|p1b: Corviknight|Corviknight, L50, M|100\/100\n|switch|p2a: Palafin|Palafin, L50, F|100\/100\n|switch|p2b: Maurice|Arcanine, L50, F|100\/100\n|-ability|p2b: Maurice|Intimidate|boost\n|-unboost|p1a: Murkrow|atk|1\n|-ability|p1b: Corviknight|Mirror Armor\n|-unboost|p2b: Maurice|atk|1\n|turn|1\n|\n|t:|1682911439\n|detailschange|p2a: Palafin|Palafin-Hero, L50, F\n|switch|p2a: Corviknight|Corviknight, L50, F|100\/100\n|move|p1a: Murkrow|Tailwind|p1a: Murkrow\n|-sidestart|p1: VGChris0607k|move: Tailwind\n|move|p1b: Corviknight|Brave Bird|p2b: Maurice\n|-damage|p2b: Maurice|0 fnt\n|faint|p2b: Maurice\n|-damage|p1b: Corviknight|70\/100|[from] Recoil\n|\n|upkeep\n|\n|t:|1682911459\n|switch|p2b: Palafin|Palafin-Hero, L50, F|100\/100\n|-activate|p2b: Palafin|ability: Zero to Hero\n|turn|2\n|\n|t:|1682911469\n|move|p1a: Murkrow|Sunny Day|p1a: Murkrow\n|-weather|SunnyDay\n|move|p1b: Corviknight|Brave Bird|p2b: Palafin\n|-damage|p2b: Palafin|37\/100\n|-damage|p1b: Corviknight|47\/100|[from] Recoil\n|move|p2b: Palafin|Wave Crash|p1b: Corviknight\n|-damage|p1b: Corviknight|5\/100\n|-damage|p2b: Palafin|24\/100|[from] Recoil\n|move|p2a: Corviknight|Substitute|p2a: Corviknight\n|-start|p2a: Corviknight|Substitute\n|-damage|p2a: Corviknight|76\/100\n|\n|-weather|SunnyDay|[upkeep]\n|-heal|p2a: Corviknight|82\/100|[from] item: Leftovers\n|upkeep\n|turn|3\n|inactive|VGChris0607k has 30 seconds left.\n|\n|t:|1682911500\n|switch|p1b: Baxcalibur|Baxcalibur, L50, F|100\/100\n|move|p2b: Palafin|Jet Punch|p1b: Baxcalibur\n|-resisted|p1b: Baxcalibur\n|-crit|p1b: Baxcalibur\n|-damage|p1b: Baxcalibur|85\/100\n|move|p1a: Murkrow|Foul Play|p2b: Palafin\n|-damage|p2b: Palafin|0 fnt\n|faint|p2b: Palafin\n|move|p2a: Corviknight|Bulk Up|p2a: Corviknight\n|-boost|p2a: Corviknight|atk|1\n|-boost|p2a: Corviknight|def|1\n|\n|-weather|SunnyDay|[upkeep]\n|-heal|p2a: Corviknight|88\/100|[from] item: Leftovers\n|upkeep\n|\n|t:|1682911510\n|switch|p2b: Flutter Mane|Flutter Mane, L50|100\/100\n|-activate|p2b: Flutter Mane|ability: Protosynthesis\n|-start|p2b: Flutter Mane|protosynthesisspe\n|turn|4\n|\n|t:|1682911520\n|-terastallize|p1b: Baxcalibur|Water\n|move|p1a: Murkrow|Haze|p1a: Murkrow\n|-clearallboost\n|move|p2b: Flutter Mane|Dazzling Gleam|p1b: Baxcalibur|[spread] p1a,p1b\n|-supereffective|p1a: Murkrow\n|-damage|p1a: Murkrow|18\/100\n|-damage|p1b: Baxcalibur|48\/100\n|move|p1b: Baxcalibur|Icicle Spear|p2a: Corviknight\n|-activate|p2a: Corviknight|move: Substitute|[damage]\n|-end|p2a: Corviknight|Substitute\n|-damage|p2a: Corviknight|74\/100\n|-damage|p2a: Corviknight|62\/100\n|-damage|p2a: Corviknight|47\/100\n|-hitcount|p2a: Corviknight|5\n|move|p2a: Corviknight|Brave Bird|p1a: Murkrow\n|-damage|p1a: Murkrow|0 fnt\n|faint|p1a: Murkrow\n|-damage|p2a: Corviknight|42\/100|[from] Recoil\n|\n|-weather|SunnyDay|[upkeep]\n|-heal|p2a: Corviknight|48\/100|[from] item: Leftovers\n|-sideend|p1: VGChris0607k|move: Tailwind\n|upkeep\n|\n|t:|1682911538\n|switch|p1a: Chien-Pao|Chien-Pao, L50|100\/100\n|-ability|p1a: Chien-Pao|Sword of Ruin\n|turn|5\n|\n|t:|1682911546\n|-terastallize|p2a: Corviknight|Fire\n|move|p1a: Chien-Pao|Sucker Punch|p2b: Flutter Mane\n|-damage|p2b: Flutter Mane|13\/100\n|-damage|p1a: Chien-Pao|91\/100|[from] item: Life Orb\n|move|p2b: Flutter Mane|Dazzling Gleam|p1b: Baxcalibur|[spread] p1a,p1b\n|-supereffective|p1a: Chien-Pao\n|-damage|p1a: Chien-Pao|0 fnt\n|-damage|p1b: Baxcalibur|7\/100\n|faint|p1a: Chien-Pao\n|move|p1b: Baxcalibur|Icicle Spear|p2a: Corviknight\n|-resisted|p2a: Corviknight\n|-damage|p2a: Corviknight|41\/100\n|-resisted|p2a: Corviknight\n|-damage|p2a: Corviknight|35\/100\n|-resisted|p2a: Corviknight\n|-damage|p2a: Corviknight|28\/100\n|-resisted|p2a: Corviknight\n|-damage|p2a: Corviknight|21\/100\n|-hitcount|p2a: Corviknight|4\n|move|p2a: Corviknight|Roost|p2a: Corviknight\n|-heal|p2a: Corviknight|71\/100\n|\n|-weather|SunnyDay|[upkeep]\n|-heal|p2a: Corviknight|77\/100|[from] item: Leftovers\n|upkeep\n|\n|t:|1682911551\n|switch|p1a: Corviknight|Corviknight, L50, M|5\/100\n|turn|6\n|\n|t:|1682911574\n|move|p1b: Baxcalibur|Ice Shard|p2b: Flutter Mane\n|-damage|p2b: Flutter Mane|0 fnt\n|faint|p2b: Flutter Mane\n|-end|p2b: Flutter Mane|Protosynthesis|[silent]\n|move|p1a: Corviknight|Brave Bird|p2a: Corviknight\n|-damage|p2a: Corviknight|14\/100\n|-damage|p1a: Corviknight|0 fnt|[from] Recoil\n|faint|p1a: Corviknight\n|move|p2a: Corviknight|Brave Bird|p1b: Baxcalibur\n|-damage|p1b: Baxcalibur|0 fnt\n|faint|p1b: Baxcalibur\n|-damage|p2a: Corviknight|11\/100|[from] Recoil\n|\n|win|Missed Ledgedash\n|raw|VGChris0607k's rating: 1354 → 1336<\/strong> (-18 for losing)\n|raw|Missed Ledgedash's rating: 1388 → 1406<\/strong> (+18 for winning)\n|l|\u2606VGChris0607k\n","uploadtime":1682911597,"views":51,"p1id":"vgchris0607k","p2id":"missedledgedash","formatid":"gen9vgc2023regulationc","rating":1336,"private":0,"password":""}