{"id":"gen9vgc2023regulationc-1847425610","p1":"TheKnownStranger","p2":"Axe Garian","format":"[Gen 9] VGC 2023 Regulation C","log":"|j|\u2606TheKnownStranger\n|j|\u2606Axe Garian\n|t:|1681953622\n|gametype|doubles\n|player|p1|TheKnownStranger|medium|\n|player|p2|Axe Garian|drayden|\n|teamsize|p1|6\n|teamsize|p2|6\n|gen|9\n|tier|[Gen 9] VGC 2023 Regulation C\n|rule|Species Clause: Limit one of each Pok\u00e9mon\n|rule|Item Clause: Limit one of each item\n|clearpoke\n|poke|p1|Grafaiai, L50, M|\n|poke|p1|Ting-Lu, L50|\n|poke|p1|Amoonguss, L50, M|\n|poke|p1|Pawmot, L50, M|\n|poke|p1|Garganacl, L50, M|\n|poke|p1|Lokix, L50, M|\n|poke|p2|Brambleghast, L50, F|\n|poke|p2|Talonflame, L50, F|\n|poke|p2|Kilowattrel, L50, F|\n|poke|p2|Grafaiai, L50, F|\n|poke|p2|Iron Valiant, L50|\n|poke|p2|Ting-Lu, L50|\n|teampreview|4\n|\n|t:|1681953629\n|start\n|switch|p1a: ...Rocky|Garganacl, L50, M|100\/100\n|switch|p1b: Dr. Bullwinkle|Ting-Lu, L50|100\/100\n|switch|p2a: Ghost Rider|Brambleghast, L50, F|100\/100\n|switch|p2b: Red Herring|Talonflame, L50, F, shiny|100\/100\n|-ability|p1b: Dr. Bullwinkle|Vessel of Ruin\n|turn|1\n|\n|t:|1681953645\n|move|p2b: Red Herring|Tailwind|p2b: Red Herring\n|-sidestart|p2: Axe Garian|move: Tailwind\n|-ability|p2a: Ghost Rider|Wind Rider|boost\n|-boost|p2a: Ghost Rider|atk|1\n|move|p2a: Ghost Rider|Seed Bomb|p1b: Dr. Bullwinkle\n|-supereffective|p1b: Dr. Bullwinkle\n|-damage|p1b: Dr. Bullwinkle|45\/100\n|move|p1a: ...Rocky|Smack Down|p2b: Red Herring\n|-supereffective|p2b: Red Herring\n|-damage|p2b: Red Herring|0 fnt\n|faint|p2b: Red Herring\n|move|p1b: Dr. Bullwinkle|Fissure|p2a: Ghost Rider|[miss]\n|-miss|p1b: Dr. Bullwinkle|p2a: Ghost Rider\n|\n|upkeep\n|\n|t:|1681953658\n|switch|p2b: Bowl Ya Over|Ting-Lu, L50|100\/100\n|-ability|p2b: Bowl Ya Over|Vessel of Ruin\n|turn|2\n|\n|t:|1681953669\n|move|p1b: Dr. Bullwinkle|Protect|p1b: Dr. Bullwinkle\n|-singleturn|p1b: Dr. Bullwinkle|Protect\n|move|p2a: Ghost Rider|Seed Bomb|p1b: Dr. Bullwinkle\n|-activate|p1b: Dr. Bullwinkle|move: Protect\n|move|p2b: Bowl Ya Over|Body Press|p1a: ...Rocky\n|-supereffective|p1a: ...Rocky\n|-damage|p1a: ...Rocky|57\/100\n|move|p1a: ...Rocky|Salt Cure|p2a: Ghost Rider\n|-damage|p2a: Ghost Rider|75\/100\n|-start|p2a: Ghost Rider|Salt Cure\n|\n|-heal|p2a: Ghost Rider|81\/100|[from] item: Leftovers\n|-heal|p1a: ...Rocky|63\/100|[from] item: Leftovers\n|-damage|p2a: Ghost Rider|69\/100|[from] Salt Cure\n|upkeep\n|turn|3\n|\n|t:|1681953691\n|switch|p1b: Grassflopper|Lokix, L50, M|100\/100\n|move|p2a: Ghost Rider|Seed Bomb|p1b: Grassflopper\n|-resisted|p1b: Grassflopper\n|-damage|p1b: Grassflopper|49\/100\n|move|p2b: Bowl Ya Over|Body Press|p1a: ...Rocky\n|-supereffective|p1a: ...Rocky\n|-damage|p1a: ...Rocky|26\/100\n|move|p1a: ...Rocky|Recover|p1a: ...Rocky\n|-heal|p1a: ...Rocky|76\/100\n|\n|-heal|p2a: Ghost Rider|75\/100|[from] item: Leftovers\n|-heal|p1a: ...Rocky|82\/100|[from] item: Leftovers\n|-damage|p2a: Ghost Rider|63\/100|[from] Salt Cure\n|upkeep\n|turn|4\n|\n|t:|1681953714\n|move|p1b: Grassflopper|First Impression|p2a: Ghost Rider\n|-damage|p2a: Ghost Rider|0 fnt\n|faint|p2a: Ghost Rider\n|-damage|p1b: Grassflopper|40\/100|[from] item: Life Orb\n|move|p2b: Bowl Ya Over|Body Press|p1a: ...Rocky\n|-supereffective|p1a: ...Rocky\n|-crit|p1a: ...Rocky\n|-damage|p1a: ...Rocky|26\/100\n|move|p1a: ...Rocky|Salt Cure|p2b: Bowl Ya Over\n|-resisted|p2b: Bowl Ya Over\n|-damage|p2b: Bowl Ya Over|97\/100\n|-start|p2b: Bowl Ya Over|Salt Cure\n|\n|-heal|p1a: ...Rocky|32\/100|[from] item: Leftovers\n|-damage|p2b: Bowl Ya Over|85\/100|[from] Salt Cure\n|-sideend|p2: Axe Garian|move: Tailwind\n|upkeep\n|\n|t:|1681953728\n|switch|p2a: Loreline|Iron Valiant, L50|100\/100\n|-enditem|p2a: Loreline|Booster Energy\n|-activate|p2a: Loreline|ability: Quark Drive|[fromitem]\n|-start|p2a: Loreline|quarkdriveatk\n|turn|5\n|\n|t:|1681953802\n|move|p2a: Loreline|Spirit Break|p1b: Grassflopper\n|-supereffective|p1b: Grassflopper\n|-damage|p1b: Grassflopper|0 fnt\n|faint|p1b: Grassflopper\n|move|p2b: Bowl Ya Over|Body Press|p1a: ...Rocky\n|-supereffective|p1a: ...Rocky\n|-damage|p1a: ...Rocky|0 fnt\n|faint|p1a: ...Rocky\n|\n|-damage|p2b: Bowl Ya Over|73\/100|[from] Salt Cure\n|upkeep\n|\n|t:|1681953811\n|switch|p1b: Dr. Bullwinkle|Ting-Lu, L50|45\/100\n|switch|p1a: Nurse Rocky|Pawmot, L50, M|100\/100\n|-ability|p1b: Dr. Bullwinkle|Vessel of Ruin\n|turn|6\n|\n|t:|1681953830\n|move|p1a: Nurse Rocky|Fake Out|p2a: Loreline\n|-damage|p2a: Loreline|84\/100\n|cant|p2a: Loreline|flinch\n|move|p2b: Bowl Ya Over|Stomping Tantrum|p1a: Nurse Rocky\n|-supereffective|p1a: Nurse Rocky\n|-enditem|p1a: Nurse Rocky|Focus Sash\n|-damage|p1a: Nurse Rocky|1\/100\n|move|p1b: Dr. Bullwinkle|Fissure|p2b: Bowl Ya Over\n|-damage|p2b: Bowl Ya Over|0 fnt\n|faint|p2b: Bowl Ya Over\n|-ohko\n|\n|upkeep\n|turn|7\n|\n|t:|1681953850\n|-terastallize|p1a: Nurse Rocky|Electric\n|move|p1b: Dr. Bullwinkle|Protect|p1b: Dr. Bullwinkle\n|-singleturn|p1b: Dr. Bullwinkle|Protect\n|move|p1a: Nurse Rocky|Double Shock|p2a: Loreline\n|-damage|p2a: Loreline|0 fnt\n|-start|p1a: Nurse Rocky|typechange|Electric|[from] move: Double Shock\n|faint|p2a: Loreline\n|-end|p2a: Loreline|Quark Drive|[silent]\n|\n|win|TheKnownStranger\n","uploadtime":1681953863,"views":5,"p1id":"theknownstranger","p2id":"axegarian","formatid":"gen9vgc2023regulationc","rating":0,"private":0,"password":""}