{"id":"gen9vgc2023regulationc-1848334391","p1":"wwy-s","p2":"RidiculousMusic","format":"[Gen 9] VGC 2023 Regulation C","log":"|j|\u2606wwy-s\n|j|\u2606RidiculousMusic\n|t:|1682062350\n|gametype|doubles\n|player|p1|wwy-s|rosa|1051\n|player|p2|RidiculousMusic|cynthia|1134\n|teamsize|p1|6\n|teamsize|p2|6\n|gen|9\n|tier|[Gen 9] VGC 2023 Regulation C\n|rated|\n|rule|Species Clause: Limit one of each Pok\u00e9mon\n|rule|Item Clause: Limit one of each item\n|clearpoke\n|poke|p1|Amoonguss, L50, M|\n|poke|p1|Palafin, L50, M|\n|poke|p1|Chien-Pao, L50|\n|poke|p1|Pelipper, L50, M|\n|poke|p1|Barraskewda, L50, F|\n|poke|p1|Gholdengo, L50|\n|poke|p2|Iron Hands, L50|\n|poke|p2|Amoonguss, L50, F|\n|poke|p2|Pelipper, L50, F|\n|poke|p2|Palafin, L50, F|\n|poke|p2|Baxcalibur, L50, F|\n|poke|p2|Dragonite, L50, F|\n|teampreview|4\n|inactive|Battle timer is ON: inactive players will automatically lose when time's up. (requested by RidiculousMusic)\n|inactive|wwy-s also wants the timer to be on.\n|inactive|RidiculousMusic has 60 seconds left.\n|\n|t:|1682062409\n|start\n|switch|p1a: Palafin|Palafin, L50, M|100\/100\n|switch|p1b: Pelipper|Pelipper, L50, M|100\/100\n|switch|p2a: Music|Iron Hands, L50, shiny|100\/100\n|switch|p2b: Elated|Amoonguss, L50, F|100\/100\n|-weather|RainDance|[from] ability: Drizzle|[of] p1b: Pelipper\n|turn|1\n|\n|t:|1682062426\n|detailschange|p1a: Palafin|Palafin-Hero, L50, M\n|switch|p1a: Amoonguss|Amoonguss, L50, M|100\/100\n|-terastallize|p1b: Pelipper|Flying\n|move|p2a: Music|Fake Out|p1b: Pelipper\n|-damage|p1b: Pelipper|84\/100\n|cant|p1b: Pelipper|flinch\n|move|p2b: Elated|Spore|p1a: Amoonguss\n|-immune|p1a: Amoonguss\n|\n|-weather|RainDance|[upkeep]\n|upkeep\n|turn|2\n|inactive|RidiculousMusic has 30 seconds left.\n|\n|t:|1682062457\n|move|p1a: Amoonguss|Rage Powder|p1a: Amoonguss\n|-singleturn|p1a: Amoonguss|move: Rage Powder\n|move|p2b: Elated|Rage Powder|p2b: Elated\n|-singleturn|p2b: Elated|move: Rage Powder\n|move|p1b: Pelipper|Hurricane|p2b: Elated\n|-supereffective|p2b: Elated\n|-damage|p2b: Elated|13\/100\n|-enditem|p2b: Elated|Sitrus Berry|[eat]\n|-heal|p2b: Elated|38\/100|[from] item: Sitrus Berry\n|move|p2a: Music|Wild Charge|p1a: Amoonguss\n|-resisted|p1a: Amoonguss\n|-damage|p1a: Amoonguss|78\/100\n|-damage|p2a: Music|84\/100|[from] item: Rocky Helmet|[of] p1a: Amoonguss\n|-damage|p2a: Music|79\/100|[from] Recoil\n|\n|-weather|RainDance|[upkeep]\n|upkeep\n|turn|3\n|\n|t:|1682062480\n|switch|p2b: Crazy|Dragonite, L50, F, shiny|100\/100\n|move|p1a: Amoonguss|Rage Powder|p1a: Amoonguss\n|-singleturn|p1a: Amoonguss|move: Rage Powder\n|move|p1b: Pelipper|Hurricane|p2b: Crazy\n|-damage|p2b: Crazy|71\/100\n|-start|p2b: Crazy|confusion\n|-enditem|p2b: Crazy|Lum Berry|[eat]\n|-end|p2b: Crazy|confusion\n|move|p2a: Music|Wild Charge|p1a: Amoonguss\n|-resisted|p1a: Amoonguss\n|-damage|p1a: Amoonguss|56\/100\n|-damage|p2a: Music|62\/100|[from] item: Rocky Helmet|[of] p1a: Amoonguss\n|-damage|p2a: Music|58\/100|[from] Recoil\n|\n|-weather|RainDance|[upkeep]\n|upkeep\n|turn|4\n|\n|t:|1682062499\n|move|p2b: Crazy|Ice Spinner|p1a: Amoonguss\n|-supereffective|p1a: Amoonguss\n|-damage|p1a: Amoonguss|4\/100\n|-damage|p2b: Crazy|54\/100|[from] item: Rocky Helmet|[of] p1a: Amoonguss\n|move|p1b: Pelipper|Hurricane|p2b: Crazy\n|-damage|p2b: Crazy|0 fnt\n|faint|p2b: Crazy\n|move|p2a: Music|Wild Charge|p1b: Pelipper\n|-supereffective|p1b: Pelipper\n|-crit|p1b: Pelipper\n|-damage|p1b: Pelipper|0 fnt\n|faint|p1b: Pelipper\n|-damage|p2a: Music|43\/100|[from] Recoil\n|move|p1a: Amoonguss|Spore|p2a: Music\n|-status|p2a: Music|slp|[from] move: Spore\n|\n|-weather|RainDance|[upkeep]\n|upkeep\n|\n|t:|1682062516\n|switch|p2b: Genuinely|Palafin, L50, F|100\/100\n|switch|p1b: Palafin|Palafin-Hero, L50, M|100\/100\n|-activate|p1b: Palafin|ability: Zero to Hero\n|turn|5\n|\n|t:|1682062530\n|detailschange|p2b: Genuinely|Palafin-Hero, L50, F\n|switch|p2b: Elated|Amoonguss, L50, F|71\/100\n|move|p1b: Palafin|Ice Punch|p2b: Elated\n|-supereffective|p2b: Elated\n|-damage|p2b: Elated|18\/100\n|cant|p2a: Music|slp\n|move|p1a: Amoonguss|Spore|p2b: Elated\n|-immune|p2b: Elated\n|\n|-weather|RainDance|[upkeep]\n|upkeep\n|turn|6\n|\n|t:|1682062545\n|move|p1b: Palafin|Jet Punch|p2b: Elated\n|-resisted|p2b: Elated\n|-damage|p2b: Elated|0 fnt\n|faint|p2b: Elated\n|cant|p2a: Music|slp\n|move|p1a: Amoonguss|Clear Smog|p2a: Music\n|-damage|p2a: Music|36\/100 slp\n|-clearboost|p2a: Music\n|\n|-weather|RainDance|[upkeep]\n|upkeep\n|\n|t:|1682062547\n|switch|p2b: Genuinely|Palafin-Hero, L50, F|100\/100\n|-activate|p2b: Genuinely|ability: Zero to Hero\n|turn|7\n|\n|t:|1682062557\n|move|p2b: Genuinely|Jet Punch|p1a: Amoonguss\n|-resisted|p1a: Amoonguss\n|-damage|p1a: Amoonguss|0 fnt\n|-damage|p2b: Genuinely|84\/100|[from] item: Rocky Helmet|[of] p1a: Amoonguss\n|faint|p1a: Amoonguss\n|move|p1b: Palafin|Wave Crash|p2b: Genuinely\n|-resisted|p2b: Genuinely\n|-damage|p2b: Genuinely|27\/100\n|-damage|p1b: Palafin|78\/100|[from] Recoil\n|cant|p2a: Music|slp\n|\n|-weather|RainDance|[upkeep]\n|upkeep\n|\n|t:|1682062562\n|switch|p1a: Barraskewda|Barraskewda, L50, F|100\/100\n|turn|8\n|inactive|RidiculousMusic has 30 seconds left.\n|\n|t:|1682062592\n|-terastallize|p2b: Genuinely|Water\n|move|p1b: Palafin|Jet Punch|p2b: Genuinely\n|-resisted|p2b: Genuinely\n|-damage|p2b: Genuinely|0 fnt\n|faint|p2b: Genuinely\n|move|p1a: Barraskewda|Liquidation|p2a: Music\n|-damage|p2a: Music|0 fnt\n|faint|p2a: Music\n|-end|p2a: Music|Quark Drive|[silent]\n|\n|win|wwy-s\n|raw|wwy-s's rating: 1051 → 1091<\/strong> (+40 for winning)\n|raw|RidiculousMusic's rating: 1134 → 1103<\/strong> (-31 for losing)\n|l|\u2606RidiculousMusic\n","uploadtime":1682062603,"views":6,"p1id":"wwys","p2id":"ridiculousmusic","formatid":"gen9vgc2023regulationc","rating":1091,"private":0,"password":""}