{"id":"gen9vgc2023regulationc-1856351317","p1":"Post GC2 testing","p2":"BrianJortVGC","format":"[Gen 9] VGC 2023 Regulation C","log":"|j|\u2606Post GC2 testing\n|j|\u2606BrianJortVGC\n|t:|1683053254\n|gametype|doubles\n|player|p1|Post GC2 testing|colress|1494\n|player|p2|BrianJortVGC|fennel|1507\n|teamsize|p1|6\n|teamsize|p2|6\n|gen|9\n|tier|[Gen 9] VGC 2023 Regulation C\n|rated|\n|rule|Species Clause: Limit one of each Pok\u00e9mon\n|rule|Item Clause: Limit one of each item\n|clearpoke\n|poke|p1|Orthworm, L50, M|\n|poke|p1|Dragonite, L50, F|\n|poke|p1|Ting-Lu, L50|\n|poke|p1|Gyarados, L50, F|\n|poke|p1|Flutter Mane, L50|\n|poke|p1|Chien-Pao, L50|\n|poke|p2|Gastrodon-East, L50, M|\n|poke|p2|Maushold-Four, L50|\n|poke|p2|Annihilape, L50, M|\n|poke|p2|Chien-Pao, L50|\n|poke|p2|Dragonite, L50, M|\n|poke|p2|Rotom-Heat, L50|\n|teampreview|4\nBrianJortVGC has agreed to open team sheets.\n|\n|t:|1683053291\n|start\n|switch|p1a: Dem eyes tho|Flutter Mane, L50|100\/100\n|switch|p1b: Lancelot|Dragonite, L50, F|100\/100\n|switch|p2a: Annihilape|Annihilape, L50, M|100\/100\n|switch|p2b: Maushold|Maushold-Four, L50|100\/100\n|turn|1\n|\n|t:|1683053301\n|move|p2a: Annihilape|Shadow Claw|p1a: Dem eyes tho\n|-supereffective|p1a: Dem eyes tho\n|-damage|p1a: Dem eyes tho|11\/100\n|move|p1a: Dem eyes tho|Moonblast|p2b: Maushold\n|-damage|p2b: Maushold|5\/100\n|-unboost|p2b: Maushold|spa|1\n|move|p2b: Maushold|Population Bomb|p1b: Lancelot\n|-damage|p1b: Lancelot|96\/100\n|-damage|p1b: Lancelot|89\/100\n|-damage|p1b: Lancelot|81\/100\n|-crit|p1b: Lancelot\n|-damage|p1b: Lancelot|68\/100\n|-damage|p1b: Lancelot|59\/100\n|-damage|p1b: Lancelot|50\/100\n|-damage|p1b: Lancelot|42\/100\n|-damage|p1b: Lancelot|32\/100\n|-damage|p1b: Lancelot|23\/100\n|-damage|p1b: Lancelot|14\/100\n|-hitcount|p1b: Lancelot|10\n|move|p1b: Lancelot|Dragon Dance|p1b: Lancelot\n|-boost|p1b: Lancelot|atk|1\n|-boost|p1b: Lancelot|spe|1\n|\n|upkeep\n|turn|2\n|\n|t:|1683053325\n|-end|p1a: Dem eyes tho|Protosynthesis|[silent]\n|switch|p1a: Muppet|Orthworm, L50, M, shiny|100\/100\n|move|p2a: Annihilape|Shadow Claw|p1b: Lancelot\n|-damage|p1b: Lancelot|0 fnt\n|faint|p1b: Lancelot\n|move|p2b: Maushold|Shadow Claw|p1a: Muppet\n|-damage|p1a: Muppet|88\/100\n|\n|upkeep\n|\n|t:|1683053331\n|switch|p1b: Israfel|Ting-Lu, L50|100\/100\n|-ability|p1b: Israfel|Vessel of Ruin\n|turn|3\n|\n|t:|1683053343\n|switch|p2a: Chien-Pao|Chien-Pao, L50|100\/100\n|-ability|p2a: Chien-Pao|Sword of Ruin\n|move|p2b: Maushold|Population Bomb|p1b: Israfel\n|-damage|p1b: Israfel|94\/100\n|-damage|p1b: Israfel|87\/100\n|-crit|p1b: Israfel\n|-damage|p1b: Israfel|78\/100\n|-damage|p1b: Israfel|71\/100\n|-crit|p1b: Israfel\n|-damage|p1b: Israfel|61\/100\n|-damage|p1b: Israfel|55\/100\n|-damage|p1b: Israfel|48\/100\n|-damage|p1b: Israfel|41\/100\n|-damage|p1b: Israfel|33\/100\n|-damage|p1b: Israfel|26\/100\n|-hitcount|p1b: Israfel|10\n|move|p1b: Israfel|Earthquake|p2a: Chien-Pao|[spread] p2a,p2b\n|-heal|p1a: Muppet|100\/100|[from] ability: Earth Eater|[of] p1b: Israfel\n|-damage|p2a: Chien-Pao|53\/100\n|-damage|p2b: Maushold|0 fnt\n|faint|p2b: Maushold\n|move|p1a: Muppet|Iron Defense|p1a: Muppet\n|-boost|p1a: Muppet|def|2\n|\n|upkeep\n|\n|t:|1683053351\n|switch|p2b: Annihilape|Annihilape, L50, M|100\/100\n|turn|4\n|\n|t:|1683053359\n|switch|p1b: Dem eyes tho|Flutter Mane, L50|11\/100\n|-terastallize|p1a: Muppet|Fire\n|move|p2b: Annihilape|Close Combat|p1b: Dem eyes tho\n|-immune|p1b: Dem eyes tho\n|move|p2a: Chien-Pao|Haze|p2a: Chien-Pao\n|-clearallboost\n|move|p1a: Muppet|Body Press|p2a: Chien-Pao\n|-supereffective|p2a: Chien-Pao\n|-damage|p2a: Chien-Pao|0 fnt\n|faint|p2a: Chien-Pao\n|\n|upkeep\n|\n|t:|1683053362\n|switch|p2a: Dragonite|Dragonite, L50, M|100\/100\n|turn|5\n|\n|t:|1683053381\n|move|p2b: Annihilape|Close Combat|p1a: Muppet\n|-damage|p1a: Muppet|64\/100\n|-unboost|p2b: Annihilape|def|1\n|-unboost|p2b: Annihilape|spd|1\n|move|p1b: Dem eyes tho|Moonblast|p2b: Annihilape\n|-supereffective|p2b: Annihilape\n|-damage|p2b: Annihilape|0 fnt\n|faint|p2b: Annihilape\n|move|p2a: Dragonite|Iron Head|p1b: Dem eyes tho\n|-supereffective|p1b: Dem eyes tho\n|-damage|p1b: Dem eyes tho|0 fnt\n|faint|p1b: Dem eyes tho\n|-end|p1b: Dem eyes tho|Protosynthesis|[silent]\n|move|p1a: Muppet|Iron Defense|p1a: Muppet\n|-boost|p1a: Muppet|def|2\n|\n|upkeep\n|\n|t:|1683053384\n|switch|p1b: Israfel|Ting-Lu, L50|26\/100\n|-ability|p1b: Israfel|Vessel of Ruin\n|turn|6\n|-message|BrianJortVGC forfeited.\n|\n|win|Post GC2 testing\n|raw|Post GC2 testing's rating: 1494 → 1515<\/strong> (+21 for winning)\n|raw|BrianJortVGC's rating: 1507 → 1486<\/strong> (-21 for losing)\n|l|\u2606BrianJortVGC\n","uploadtime":1683053420,"views":10,"p1id":"postgc2testing","p2id":"brianjortvgc","formatid":"gen9vgc2023regulationc","rating":1486,"private":0,"password":""}