{"id":"gen9vgc2023regulationc-1857271057","p1":"xerth","p2":"Kangourou1234","format":"[Gen 9] VGC 2023 Regulation C","log":"|j|\u2606xerth\n|j|\u203dKangourou1234\n|t:|1683166025\n|gametype|doubles\n|player|p1|xerth|pokemonbreeder-gen4|1557\n|player|p2|Kangourou1234|volo|1682\n|teamsize|p1|6\n|teamsize|p2|6\n|gen|9\n|tier|[Gen 9] VGC 2023 Regulation C\n|rated|\n|rule|Species Clause: Limit one of each Pok\u00e9mon\n|rule|Item Clause: Limit one of each item\n|clearpoke\n|poke|p1|Baxcalibur, L50, F|\n|poke|p1|Palafin, L50, M|\n|poke|p1|Arcanine, L50, F|\n|poke|p1|Amoonguss, L50, F|\n|poke|p1|Flutter Mane, L50|\n|poke|p1|Ting-Lu, L50|\n|poke|p2|Torkoal, L50, M|\n|poke|p2|Kingambit, L50, M|\n|poke|p2|Chien-Pao, L50|\n|poke|p2|Great Tusk, L50|\n|poke|p2|Jumpluff, L50, M|\n|poke|p2|Flutter Mane, L50|\n|teampreview|4\n|inactive|Battle timer is ON: inactive players will automatically lose when time's up. (requested by xerth)\nKangourou1234 has agreed to open team sheets.\n|inactive|xerth has 60 seconds left.\n|inactive|Kangourou1234 has 60 seconds left.\n|inactive|Kangourou1234 has 30 seconds left.\n|inactive|Kangourou1234 has 20 seconds left.\n|inactive|Kangourou1234 has 15 seconds left.\nxerth rejected open team sheets.\n|inactive|Kangourou1234 has 10 seconds left.\n|\n|t:|1683166107\n|start\n|switch|p1a: Arcanine|Arcanine, L50, F|100\/100\n|switch|p1b: Baxcalibur|Baxcalibur, L50, F|100\/100\n|switch|p2a: Torkoal|Torkoal, L50, M|100\/100\n|switch|p2b: Great Tusk|Great Tusk, L50|100\/100\n|-ability|p1a: Arcanine|Intimidate|boost\n|-unboost|p2a: Torkoal|atk|1\n|-enditem|p2a: Torkoal|Eject Pack\n|-unboost|p2b: Great Tusk|atk|1\n|inactive|Kangourou1234 has 30 seconds left.\n|\n|t:|1683166141\n|switch|p2a: Chien-Pao|Chien-Pao, L50|100\/100\n|-ability|p2a: Chien-Pao|Sword of Ruin\n|turn|1\n|\n|t:|1683166157\n|-terastallize|p1a: Arcanine|Water\n|move|p1b: Baxcalibur|Protect|p1b: Baxcalibur\n|-singleturn|p1b: Baxcalibur|Protect\n|move|p2b: Great Tusk|Headlong Rush|p1a: Arcanine\n|-damage|p1a: Arcanine|41\/100\n|-unboost|p2b: Great Tusk|def|1\n|-unboost|p2b: Great Tusk|spd|1\n|move|p2a: Chien-Pao|Sacred Sword|p1b: Baxcalibur\n|-activate|p1b: Baxcalibur|move: Protect\n|move|p1a: Arcanine|Will-O-Wisp|p2b: Great Tusk\n|-status|p2b: Great Tusk|brn\n|\n|-damage|p2b: Great Tusk|95\/100 brn|[from] brn\n|upkeep\n|turn|2\n|inactive|Kangourou1234 has 30 seconds left.\n|inactive|Kangourou1234 has 20 seconds left.\n|\n|t:|1683166196\n|switch|p1b: Flutter Mane|Flutter Mane, L50, shiny|100\/100\n|switch|p1a: Amoonguss|Amoonguss, L50, F|100\/100\n|move|p2a: Chien-Pao|Protect|p2a: Chien-Pao\n|-singleturn|p2a: Chien-Pao|Protect\n|move|p2b: Great Tusk|Headlong Rush|p1a: Amoonguss\n|-damage|p1a: Amoonguss|80\/100\n|-unboost|p2b: Great Tusk|def|1\n|-unboost|p2b: Great Tusk|spd|1\n|-damage|p2b: Great Tusk|78\/100 brn|[from] item: Rocky Helmet|[of] p1a: Amoonguss\n|\n|-damage|p2b: Great Tusk|73\/100 brn|[from] brn\n|upkeep\n|turn|3\n|inactive|Kangourou1234 has 30 seconds left.\n|\n|t:|1683166223\n|move|p1a: Amoonguss|Rage Powder|p1a: Amoonguss\n|-singleturn|p1a: Amoonguss|move: Rage Powder\n|move|p2b: Great Tusk|Headlong Rush|p1a: Amoonguss\n|-damage|p1a: Amoonguss|57\/100\n|-unboost|p2b: Great Tusk|def|1\n|-unboost|p2b: Great Tusk|spd|1\n|-damage|p2b: Great Tusk|56\/100 brn|[from] item: Rocky Helmet|[of] p1a: Amoonguss\n|move|p2a: Chien-Pao|Ice Spinner|p1a: Amoonguss\n|-supereffective|p1a: Amoonguss\n|-damage|p1a: Amoonguss|0 fnt\n|-damage|p2a: Chien-Pao|84\/100|[from] item: Rocky Helmet|[of] p1a: Amoonguss\n|faint|p1a: Amoonguss\n|move|p1b: Flutter Mane|Dazzling Gleam|p2b: Great Tusk|[spread] p2a,p2b\n|-supereffective|p2a: Chien-Pao\n|-crit|p2a: Chien-Pao\n|-supereffective|p2b: Great Tusk\n|-damage|p2a: Chien-Pao|0 fnt\n|-damage|p2b: Great Tusk|0 fnt\n|faint|p2a: Chien-Pao\n|faint|p2b: Great Tusk\n|-end|p2b: Great Tusk|Protosynthesis|[silent]\n|\n|upkeep\n|\n|t:|1683166242\n|switch|p2a: Flutter Mane|Flutter Mane, L50, shiny|100\/100\n|switch|p2b: Torkoal|Torkoal, L50, M|100\/100\n|switch|p1a: Baxcalibur|Baxcalibur, L50, F|100\/100\n|-weather|SunnyDay|[from] ability: Drought|[of] p2b: Torkoal\n|-activate|p2a: Flutter Mane|ability: Protosynthesis\n|-start|p2a: Flutter Mane|protosynthesisspe\n|-activate|p1b: Flutter Mane|ability: Protosynthesis\n|-start|p1b: Flutter Mane|protosynthesisspa\n|turn|4\n|inactive|Kangourou1234 has 30 seconds left.\n|\n|t:|1683166276\n|-terastallize|p2a: Flutter Mane|Fairy\n|move|p2b: Torkoal|Helping Hand|p2a: Flutter Mane\n|-singleturn|p2a: Flutter Mane|Helping Hand|[of] p2b: Torkoal\n|move|p2a: Flutter Mane|Dazzling Gleam|p1b: Flutter Mane|[spread] p1a,p1b\n|-supereffective|p1a: Baxcalibur\n|-damage|p1a: Baxcalibur|0 fnt\n|-damage|p1b: Flutter Mane|18\/100\n|faint|p1a: Baxcalibur\n|move|p1b: Flutter Mane|Dazzling Gleam|p2b: Torkoal|[spread] p2a,p2b\n|-resisted|p2b: Torkoal\n|-damage|p2a: Flutter Mane|38\/100\n|-damage|p2b: Torkoal|68\/100\n|\n|-weather|SunnyDay|[upkeep]\n|upkeep\n|\n|t:|1683166288\n|switch|p1a: Arcanine|Arcanine, L50, F, tera:Water|41\/100\n|-ability|p1a: Arcanine|Intimidate|boost\n|-unboost|p2a: Flutter Mane|atk|1\n|-unboost|p2b: Torkoal|atk|1\n|turn|5\n|\n|t:|1683166304\n|move|p1a: Arcanine|Extreme Speed|p2a: Flutter Mane\n|-damage|p2a: Flutter Mane|0 fnt\n|faint|p2a: Flutter Mane\n|-end|p2a: Flutter Mane|Protosynthesis|[silent]\n|move|p1b: Flutter Mane|Dazzling Gleam|p2b: Torkoal\n|-resisted|p2b: Torkoal\n|-damage|p2b: Torkoal|26\/100\n|move|p2b: Torkoal|Overheat|p1b: Flutter Mane\n|-damage|p1b: Flutter Mane|0 fnt\n|-unboost|p2b: Torkoal|spa|2\n|faint|p1b: Flutter Mane\n|-end|p1b: Flutter Mane|Protosynthesis|[silent]\n|\n|-weather|SunnyDay|[upkeep]\n|upkeep\n|turn|6\n|\n|t:|1683166317\n|move|p1a: Arcanine|Extreme Speed|p2b: Torkoal\n|-damage|p2b: Torkoal|7\/100\n|move|p2b: Torkoal|Yawn|p1a: Arcanine\n|-start|p1a: Arcanine|move: Yawn|[of] p2b: Torkoal\n|\n|-weather|SunnyDay|[upkeep]\n|upkeep\n|turn|7\n|\n|t:|1683166326\n|move|p2b: Torkoal|Protect|p2b: Torkoal\n|-singleturn|p2b: Torkoal|Protect\n|move|p1a: Arcanine|Extreme Speed|p2b: Torkoal\n|-activate|p2b: Torkoal|move: Protect\n|\n|-weather|SunnyDay|[upkeep]\n|-end|p1a: Arcanine|move: Yawn|[silent]\n|-status|p1a: Arcanine|slp\n|upkeep\n|turn|8\n|\n|t:|1683166329\n|cant|p1a: Arcanine|slp\n|move|p2b: Torkoal|Overheat|p1a: Arcanine\n|-resisted|p1a: Arcanine\n|-damage|p1a: Arcanine|24\/100 slp\n|-unboost|p2b: Torkoal|spa|2\n|\n|-weather|none\n|upkeep\n|turn|9\n|\n|t:|1683166334\n|cant|p1a: Arcanine|slp\n|move|p2b: Torkoal|Overheat|p1a: Arcanine\n|-resisted|p1a: Arcanine\n|-damage|p1a: Arcanine|17\/100 slp\n|-unboost|p2b: Torkoal|spa|2\n|\n|upkeep\n|turn|10\n|\n|t:|1683166337\n|cant|p1a: Arcanine|slp\n|move|p2b: Torkoal|Overheat|p1a: Arcanine|[miss]\n|-miss|p2b: Torkoal|p1a: Arcanine\n|\n|upkeep\n|turn|11\n|\n|t:|1683166340\n|-curestatus|p1a: Arcanine|slp|[msg]\n|move|p1a: Arcanine|Extreme Speed|p2b: Torkoal\n|-damage|p2b: Torkoal|0 fnt\n|faint|p2b: Torkoal\n|\n|win|xerth\n|raw|xerth's rating: 1557 → 1584<\/strong> (+27 for winning)\n|raw|Kangourou1234's rating: 1682 → 1655<\/strong> (-27 for losing)\n|l|\u203dKangourou1234\n|l|\u2606xerth\n","uploadtime":1683166503,"views":10,"p1id":"xerth","p2id":"kangourou1234","formatid":"gen9vgc2023regulationc","rating":1584,"private":0,"password":""}