{"id":"gen9vgc2023regulationc-1860653015","p1":"rudyxkam","p2":"thedistortionzone","format":"[Gen 9] VGC 2023 Regulation C","log":"|j|\u2606rudyxkam\n|j|\u2606thedistortionzone\n|t:|1683662806\n|gametype|doubles\n|player|p1|rudyxkam|gardenia|1107\n|player|p2|thedistortionzone|lucas|1096\n|teamsize|p1|6\n|teamsize|p2|6\n|gen|9\n|tier|[Gen 9] VGC 2023 Regulation C\n|rated|\n|rule|Species Clause: Limit one of each Pok\u00e9mon\n|rule|Item Clause: Limit one of each item\n|clearpoke\n|poke|p1|Gyarados, L50, F|\n|poke|p1|Talonflame, L50, M|\n|poke|p1|Baxcalibur, L50, F|\n|poke|p1|Corviknight, L50, M|\n|poke|p1|Ting-Lu, L50|\n|poke|p1|Flutter Mane, L50|\n|poke|p2|Arcanine, L50, F|\n|poke|p2|Palafin, L50, M|\n|poke|p2|Amoonguss, L50, F|\n|poke|p2|Flutter Mane, L50|\n|poke|p2|Ting-Lu, L50|\n|poke|p2|Baxcalibur, L50, M|\n|teampreview|4\n|inactive|Battle timer is ON: inactive players will automatically lose when time's up. (requested by thedistortionzone)\n|inactive|rudyxkam also wants the timer to be on.\nrudyxkam has agreed to open team sheets.\nthedistortionzone has agreed to open team sheets.\n|c|\u2606rudyxkam|glhf!\n|inactive|rudyxkam has 60 seconds left.\n|inactive|thedistortionzone has 60 seconds left.\n|\n|t:|1683662864\n|start\n|switch|p1a: T. Gojira|Baxcalibur, L50, F, shiny|100\/100\n|switch|p1b: Gigan|Corviknight, L50, M, shiny|100\/100\n|switch|p2a: Flutter Mane|Flutter Mane, L50|100\/100\n|switch|p2b: Palafin|Palafin, L50, M|100\/100\n|-enditem|p2a: Flutter Mane|Booster Energy\n|-activate|p2a: Flutter Mane|ability: Protosynthesis|[fromitem]\n|-start|p2a: Flutter Mane|protosynthesisspe\n|turn|1\n|inactive|thedistortionzone has 30 seconds left.\n|\n|t:|1683662894\n|detailschange|p2b: Palafin|Palafin-Hero, L50, M\n|switch|p2b: Ting-Lu|Ting-Lu, L50|100\/100\n|-ability|p2b: Ting-Lu|Vessel of Ruin\n|-terastallize|p1a: T. Gojira|Poison\n|move|p2a: Flutter Mane|Moonblast|p1a: T. Gojira\n|-resisted|p1a: T. Gojira\n|-damage|p1a: T. Gojira|84\/100\n|move|p1a: T. Gojira|Dragon Dance|p1a: T. Gojira\n|-boost|p1a: T. Gojira|atk|1\n|-boost|p1a: T. Gojira|spe|1\n|move|p1b: Gigan|Bulk Up|p1b: Gigan\n|-boost|p1b: Gigan|atk|1\n|-boost|p1b: Gigan|def|1\n|\n|upkeep\n|turn|2\n|inactive|rudyxkam has 30 seconds left.\n|inactive|rudyxkam has 20 seconds left.\n|\n|t:|1683662931\n|move|p2a: Flutter Mane|Protect|p2a: Flutter Mane\n|-singleturn|p2a: Flutter Mane|Protect\n|move|p1a: T. Gojira|Icicle Crash|p2b: Ting-Lu\n|-supereffective|p2b: Ting-Lu\n|-damage|p2b: Ting-Lu|25\/100\n|move|p1b: Gigan|Body Press|p2b: Ting-Lu\n|-supereffective|p2b: Ting-Lu\n|-damage|p2b: Ting-Lu|0 fnt\n|faint|p2b: Ting-Lu\n|\n|upkeep\n|\n|t:|1683662946\n|switch|p2b: Palafin|Palafin-Hero, L50, M|100\/100\n|-activate|p2b: Palafin|ability: Zero to Hero\n|turn|3\n|inactive|rudyxkam has 30 seconds left.\n|\n|t:|1683662976\n|-terastallize|p2b: Palafin|Water\n|move|p2a: Flutter Mane|Shadow Ball|p1b: Gigan\n|-damage|p1b: Gigan|60\/100\n|-ability|p1b: Gigan|Mirror Armor\n|-unboost|p2a: Flutter Mane|spd|1\n|move|p1a: T. Gojira|Glaive Rush|p2b: Palafin\n|-damage|p2b: Palafin|18\/100\n|-singlemove|p1a: T. Gojira|Glaive Rush|[silent]\n|move|p2b: Palafin|Wave Crash|p1a: T. Gojira\n|-damage|p1a: T. Gojira|0 fnt\n|faint|p1a: T. Gojira\n|-damage|p2b: Palafin|0 fnt|[from] Recoil\n|faint|p2b: Palafin\n|move|p1b: Gigan|Brave Bird|p2a: Flutter Mane\n|-damage|p2a: Flutter Mane|0 fnt\n|faint|p2a: Flutter Mane\n|-end|p2a: Flutter Mane|Protosynthesis|[silent]\n|-damage|p1b: Gigan|39\/100|[from] Recoil\n|\n|upkeep\n|\n|t:|1683662998\n|switch|p1a: Manda|Gyarados, L50, F, shiny|100\/100\n|switch|p2b: Baxcalibur|Baxcalibur, L50, M|100\/100\n|-ability|p1a: Manda|Intimidate|boost\n|-unboost|p2b: Baxcalibur|atk|1\n|turn|4\n|c|\u2606rudyxkam|gg\n|\n|t:|1683663019\n|switch|p1b: Shobijin|Flutter Mane, L50, shiny|100\/100\n|move|p2b: Baxcalibur|Glaive Rush|p1a: Manda\n|-damage|p1a: Manda|50\/100\n|-singlemove|p2b: Baxcalibur|Glaive Rush|[silent]\n|-enditem|p1a: Manda|Sitrus Berry|[eat]\n|-heal|p1a: Manda|74\/100|[from] item: Sitrus Berry\n|move|p1a: Manda|Thunder Wave|p2b: Baxcalibur\n|-status|p2b: Baxcalibur|par\n|\n|upkeep\n|turn|5\n|\n|t:|1683663044\n|move|p1a: Manda|Helping Hand|p1b: Shobijin\n|-singleturn|p1b: Shobijin|Helping Hand|[of] p1a: Manda\n|move|p2b: Baxcalibur|Ice Shard|p1b: Shobijin\n|-damage|p1b: Shobijin|73\/100\n|move|p1b: Shobijin|Moonblast|p2b: Baxcalibur\n|-supereffective|p2b: Baxcalibur\n|-damage|p2b: Baxcalibur|0 fnt\n|faint|p2b: Baxcalibur\n|\n|win|rudyxkam\n|raw|rudyxkam's rating: 1107 → 1131<\/strong> (+24 for winning)\n|raw|thedistortionzone's rating: 1096 → 1072<\/strong> (-24 for losing)\n","uploadtime":1683663056,"views":37,"p1id":"rudyxkam","p2id":"thedistortionzone","formatid":"gen9vgc2023regulationc","rating":1072,"private":0,"password":""}