{"id":"gen9vgc2023regulationc-1864126699","p1":"HeadPigeons","p2":"Atloy","format":"[Gen 9] VGC 2023 Regulation C","log":"|j|\u2606HeadPigeons\n|j|\u2606Atloy\n|t:|1684121336\n|gametype|doubles\n|player|p1|HeadPigeons|skyla|1109\n|player|p2|Atloy|gambler|1106\n|teamsize|p1|6\n|teamsize|p2|6\n|gen|9\n|tier|[Gen 9] VGC 2023 Regulation C\n|rated|\n|rule|Species Clause: Limit one of each Pok\u00e9mon\n|rule|Item Clause: Limit one of each item\n|clearpoke\n|poke|p1|Oricorio-Pom-Pom, L50, M|\n|poke|p1|Farigiraf, L50, M|\n|poke|p1|Volcarona, L50, F|\n|poke|p1|Tyranitar, L50, M|\n|poke|p1|Dragapult, L50, F|\n|poke|p1|Rotom-Wash, L50|\n|poke|p2|Volcarona, L50, F|\n|poke|p2|Klefki, L50, M|\n|poke|p2|Corviknight, L50, M|\n|poke|p2|Garchomp, L50, F|\n|poke|p2|Gyarados, L50, M|\n|poke|p2|Annihilape, L50, M|\n|teampreview|4\n|inactive|Battle timer is ON: inactive players will automatically lose when time's up. (requested by HeadPigeons)\n|inactive|Atloy has 60 seconds left.\n|\n|t:|1684121374\n|start\n|switch|p1a: Chopper|Farigiraf, L50, M, shiny|100\/100\n|switch|p1b: Tamagotch|Rotom-Wash, L50|100\/100\n|switch|p2a: Klefki|Klefki, L50, M|100\/100\n|switch|p2b: Corviknight|Corviknight, L50, M|100\/100\n|turn|1\n|\n|t:|1684121397\n|move|p2a: Klefki|Light Screen|p2a: Klefki\n|-sidestart|p2: Atloy|move: Light Screen\n|move|p1b: Tamagotch|Thunder Wave|p2b: Corviknight\n|-status|p2b: Corviknight|par\n|move|p2b: Corviknight|Iron Head|p1a: Chopper\n|-damage|p1a: Chopper|67\/100\n|cant|p1a: Chopper|flinch\n|\n|-heal|p1a: Chopper|73\/100|[from] item: Leftovers\n|upkeep\n|turn|2\n|inactive|HeadPigeons has 30 seconds left.\n|\n|t:|1684121426\n|move|p2a: Klefki|Thunder Wave||[still]\n|cant|p1a: Chopper|ability: Armor Tail|Thunder Wave|[of] p2a: Klefki\n|move|p1b: Tamagotch|Volt Switch|p2b: Corviknight\n|-supereffective|p2b: Corviknight\n|-damage|p2b: Corviknight|54\/100 par\n|-damage|p1b: Tamagotch|91\/100|[from] item: Life Orb\n|\n|t:|1684121433\n|switch|p1b: Shobidori|Oricorio-Pom-Pom, L50, M, shiny|100\/100|[from] Volt Switch\n|move|p1a: Chopper|Skill Swap|p2a: Klefki\n|-activate|p1a: Chopper|move: Skill Swap|Prankster|Armor Tail|[of] p2a: Klefki\n|cant|p2b: Corviknight|par\n|\n|-heal|p1a: Chopper|79\/100|[from] item: Leftovers\n|upkeep\n|turn|3\n|\n|t:|1684121458\n|move|p1a: Chopper|Skill Swap|p1b: Shobidori\n|-activate|p1a: Chopper|move: Skill Swap|||[of] p1b: Shobidori\n|move|p1b: Shobidori|Revelation Dance|p2b: Corviknight\n|-supereffective|p2b: Corviknight\n|-damage|p2b: Corviknight|13\/100 par\n|-activate|p1a: Chopper|ability: Dancer\n|move|p1a: Chopper|Revelation Dance|p2b: Corviknight|[from]ability: Dancer\n|-resisted|p2b: Corviknight\n|-damage|p2b: Corviknight|0 fnt\n|faint|p2b: Corviknight\n|move|p2a: Klefki|Reflect|p2a: Klefki\n|-sidestart|p2: Atloy|Reflect\n|\n|-heal|p1a: Chopper|85\/100|[from] item: Leftovers\n|upkeep\n|\n|t:|1684121475\n|switch|p2b: Gyarados|Gyarados, L50, M|100\/100\n|-ability|p2b: Gyarados|Intimidate|boost\n|-unboost|p1a: Chopper|atk|1\n|-unboost|p1b: Shobidori|atk|1\n|turn|4\n|\n|t:|1684121499\n|switch|p2b: Annihilape|Annihilape, L50, M|100\/100\n|move|p1b: Shobidori|Quiver Dance|p1b: Shobidori\n|-boost|p1b: Shobidori|spa|1\n|-boost|p1b: Shobidori|spd|1\n|-boost|p1b: Shobidori|spe|1\n|-activate|p1a: Chopper|ability: Dancer\n|move|p1a: Chopper|Quiver Dance|p1a: Chopper|[from]ability: Dancer\n|-boost|p1a: Chopper|spa|1\n|-boost|p1a: Chopper|spd|1\n|-boost|p1a: Chopper|spe|1\n|move|p1a: Chopper|Hyper Voice|p2b: Annihilape|[spread] p2a\n|-immune|p2b: Annihilape\n|-resisted|p2a: Klefki\n|-damage|p2a: Klefki|88\/100\n|move|p2a: Klefki|Dazzling Gleam|p1b: Shobidori|[spread] p1a,p1b\n|-damage|p1a: Chopper|75\/100\n|-damage|p1b: Shobidori|85\/100\n|\n|-heal|p1a: Chopper|81\/100|[from] item: Leftovers\n|upkeep\n|turn|5\n|inactive|HeadPigeons has 30 seconds left.\n|\n|t:|1684121527\n|-terastallize|p1a: Chopper|Fairy\n|move|p1b: Shobidori|Revelation Dance|p2a: Klefki\n|-damage|p2a: Klefki|58\/100\n|-activate|p1a: Chopper|ability: Dancer\n|move|p1a: Chopper|Revelation Dance|p2a: Klefki|[from]ability: Dancer\n|-resisted|p2a: Klefki\n|-damage|p2a: Klefki|41\/100\n|move|p1a: Chopper|Dazzling Gleam|p2b: Annihilape|[spread] p2a,p2b\n|-resisted|p2a: Klefki\n|-supereffective|p2b: Annihilape\n|-damage|p2a: Klefki|30\/100\n|-damage|p2b: Annihilape|67\/100\n|move|p2b: Annihilape|Drain Punch|p1a: Chopper\n|-resisted|p1a: Chopper\n|-damage|p1a: Chopper|65\/100\n|-heal|p2b: Annihilape|76\/100|[from] drain|[of] p1a: Chopper\n|move|p2a: Klefki|Dazzling Gleam|p1b: Shobidori|[spread] p1a,p1b\n|-damage|p1a: Chopper|56\/100\n|-damage|p1b: Shobidori|70\/100\n|\n|-heal|p1a: Chopper|62\/100|[from] item: Leftovers\n|upkeep\n|turn|6\n|inactive|HeadPigeons has 30 seconds left.\n|inactive|Atloy has 30 seconds left.\n|inactive|Atloy has 20 seconds left.\n|inactive|Atloy has 15 seconds left.\n|\n|t:|1684121569\n|move|p1b: Shobidori|Revelation Dance|p2b: Annihilape\n|-damage|p2b: Annihilape|58\/100\n|-activate|p1a: Chopper|ability: Dancer\n|move|p1a: Chopper|Revelation Dance|p2b: Annihilape|[from]ability: Dancer\n|-supereffective|p2b: Annihilape\n|-damage|p2b: Annihilape|12\/100\n|move|p1a: Chopper|Dazzling Gleam|p2b: Annihilape|[spread] p2a,p2b\n|-resisted|p2a: Klefki\n|-supereffective|p2b: Annihilape\n|-damage|p2a: Klefki|18\/100\n|-damage|p2b: Annihilape|0 fnt\n|faint|p2b: Annihilape\n|move|p2a: Klefki|Dazzling Gleam|p1a: Chopper|[spread] p1a,p1b\n|-damage|p1a: Chopper|53\/100\n|-damage|p1b: Shobidori|55\/100\n|\n|-heal|p1a: Chopper|59\/100|[from] item: Leftovers\n|upkeep\n|\n|t:|1684121586\n|switch|p2b: Gyarados|Gyarados, L50, M|100\/100\n|-ability|p2b: Gyarados|Intimidate|boost\n|-unboost|p1a: Chopper|atk|1\n|-unboost|p1b: Shobidori|atk|1\n|turn|7\n|\n|t:|1684121602\n|move|p1b: Shobidori|Revelation Dance|p2b: Gyarados\n|-supereffective|p2b: Gyarados\n|-damage|p2b: Gyarados|1\/100\n|-activate|p1a: Chopper|ability: Dancer\n|move|p1a: Chopper|Revelation Dance|p2b: Gyarados|[from]ability: Dancer\n|-damage|p2b: Gyarados|0 fnt\n|faint|p2b: Gyarados\n|move|p1a: Chopper|Hyper Voice|p2a: Klefki\n|-resisted|p2a: Klefki\n|-damage|p2a: Klefki|1\/100\n|move|p2a: Klefki|Thunder Wave|p1a: Chopper\n|-status|p1a: Chopper|par\n|\n|-heal|p1a: Chopper|65\/100 par|[from] item: Leftovers\n|upkeep\n|turn|8\n|\n|t:|1684121624\n|move|p1b: Shobidori|Baton Pass|p1b: Shobidori\n|\n|t:|1684121626\n|switch|p1b: Mothra|Volcarona, L50, F, shiny|100\/100|[from] Baton Pass\n|move|p2a: Klefki|Dazzling Gleam|p1b: Mothra|[spread] p1a,p1b\n|-resisted|p1b: Mothra\n|-damage|p1a: Chopper|56\/100 par\n|-damage|p1b: Mothra|96\/100\n|move|p1a: Chopper|Dazzling Gleam|p2a: Klefki\n|-resisted|p2a: Klefki\n|-damage|p2a: Klefki|0 fnt\n|faint|p2a: Klefki\n|\n|win|HeadPigeons\n|raw|HeadPigeons's rating: 1109 → 1134<\/strong> (+25 for winning)\n|raw|Atloy's rating: 1106 → 1081<\/strong> (-25 for losing)\n","uploadtime":1684121640,"views":8,"p1id":"headpigeons","p2id":"atloy","formatid":"gen9vgc2023regulationc","rating":1081,"private":0,"password":""}