{"id":"gen9vgc2023regulationc-1851600141","p1":"rhuga","p2":"Moonrockdoobie","format":"[Gen 9] VGC 2023 Regulation C","log":"|j|\u2606rhuga\n|j|\u2606Moonrockdoobie\n|t:|1682459817\n|gametype|doubles\n|player|p1|rhuga|waitress|1072\n|player|p2|Moonrockdoobie|169|1007\n|teamsize|p1|6\n|teamsize|p2|6\n|gen|9\n|tier|[Gen 9] VGC 2023 Regulation C\n|rated|\n|rule|Species Clause: Limit one of each Pok\u00e9mon\n|rule|Item Clause: Limit one of each item\n|clearpoke\n|poke|p1|Ting-Lu, L50|\n|poke|p1|Garganacl, L50, F|\n|poke|p1|Dondozo, L50, M|\n|poke|p1|Abomasnow, L50, M|\n|poke|p1|Kingambit, L50, M|\n|poke|p1|Haxorus, L50, M|\n|poke|p2|Tyranitar, L50, F|\n|poke|p2|Garganacl, L50, F|\n|poke|p2|Palossand, L50, F|\n|poke|p2|Houndstone, L50, F|\n|poke|p2|Lycanroc, L50, F|\n|poke|p2|Pyroar, L50, M|\n|teampreview|4\n|inactive|Battle timer is ON: inactive players will automatically lose when time's up. (requested by Moonrockdoobie)\nrhuga has agreed to open team sheets.\n|inactive|Moonrockdoobie has 60 seconds left.\n|\n|t:|1682459849\n|start\n|switch|p1a: Kingambit|Kingambit, L50, M|100\/100\n|switch|p1b: Haxorus|Haxorus, L50, M|100\/100\n|switch|p2a: Garganacl|Garganacl, L50, F|100\/100\n|switch|p2b: Palossand|Palossand, L50, F|100\/100\n|-ability|p1b: Haxorus|Mold Breaker\n|turn|1\n|inactive|Moonrockdoobie has 30 seconds left.\n|inactive|Moonrockdoobie has 20 seconds left.\n|inactive|Moonrockdoobie has 15 seconds left.\n|inactive|Moonrockdoobie has 10 seconds left.\n|\n|t:|1682459896\n|-terastallize|p2a: Garganacl|Psychic\n|move|p1b: Haxorus|Guillotine|p2a: Garganacl|[miss]\n|-miss|p1b: Haxorus|p2a: Garganacl\n|move|p1a: Kingambit|Guillotine|p2a: Garganacl|[miss]\n|-miss|p1a: Kingambit|p2a: Garganacl\n|move|p2b: Palossand|Earthquake|p1b: Haxorus|[spread] p2a,p1a,p1b\n|-supereffective|p1a: Kingambit\n|-damage|p2a: Garganacl|87\/100\n|-damage|p1a: Kingambit|76\/100\n|-damage|p1b: Haxorus|79\/100\n|move|p2a: Garganacl|Avalanche|p1b: Haxorus\n|-supereffective|p1b: Haxorus\n|-damage|p1b: Haxorus|47\/100\n|\n|upkeep\n|turn|2\n|\n|t:|1682459915\n|switch|p1b: Dondozo|Dondozo, L50, M|100\/100\n|move|p1a: Kingambit|Guillotine|p2a: Garganacl|[miss]\n|-miss|p1a: Kingambit|p2a: Garganacl\n|move|p2b: Palossand|Earthquake|p1a: Kingambit|[spread] p2a,p1a,p1b\n|-supereffective|p1a: Kingambit\n|-damage|p2a: Garganacl|72\/100\n|-damage|p1a: Kingambit|52\/100\n|-damage|p1b: Dondozo|90\/100\n|move|p2a: Garganacl|Avalanche|p1b: Dondozo\n|-resisted|p1b: Dondozo\n|-damage|p1b: Dondozo|85\/100\n|-damage|p2a: Garganacl|56\/100|[from] item: Rocky Helmet|[of] p1b: Dondozo\n|\n|upkeep\n|turn|3\n|\n|t:|1682459933\n|move|p1a: Kingambit|Guillotine|p2a: Garganacl|[miss]\n|-miss|p1a: Kingambit|p2a: Garganacl\n|move|p1b: Dondozo|Fissure|p2b: Palossand|[miss]\n|-miss|p1b: Dondozo|p2b: Palossand\n|move|p2a: Garganacl|Salt Cure|p1b: Dondozo\n|-damage|p1b: Dondozo|77\/100\n|-start|p1b: Dondozo|Salt Cure\n|move|p2b: Palossand|Hypnosis|p1b: Dondozo\n|-status|p1b: Dondozo|slp|[from] move: Hypnosis\n|\n|-damage|p1b: Dondozo|52\/100 slp|[from] Salt Cure\n|upkeep\n|turn|4\n|inactive|Moonrockdoobie has 30 seconds left.\n|inactive|Moonrockdoobie has 20 seconds left.\n|inactive|Moonrockdoobie has 15 seconds left.\n|inactive|Moonrockdoobie has 10 seconds left.\n|inactive|Moonrockdoobie has 5 seconds left.\n|\n|t:|1682459986\n|-terastallize|p1b: Dondozo|Ground\n|move|p1a: Kingambit|Guillotine|p2a: Garganacl\n|-damage|p2a: Garganacl|0 fnt\n|faint|p2a: Garganacl\n|-ohko\n|cant|p1b: Dondozo|slp\n|move|p1b: Dondozo|Sleep Talk|p1b: Dondozo\n|move|p1b: Dondozo|Rest||[from]move: Sleep Talk|[still]\n|-fail|p1b: Dondozo\n|move|p2b: Palossand|Hex|p1b: Dondozo\n|-damage|p1b: Dondozo|16\/100 slp\n|\n|-damage|p1b: Dondozo|3\/100 slp|[from] Salt Cure\n|upkeep\n|\n|t:|1682460005\n|switch|p2a: Pyroar|Pyroar, L50, M|100\/100\n|turn|5\n|\n|t:|1682460015\n|move|p2a: Pyroar|Protect|p2a: Pyroar\n|-singleturn|p2a: Pyroar|Protect\n|move|p1a: Kingambit|Guillotine|p2a: Pyroar\n|-activate|p2a: Pyroar|move: Protect\n|cant|p1b: Dondozo|slp\n|move|p1b: Dondozo|Sleep Talk|p1b: Dondozo\n|move|p1b: Dondozo|Fissure|p2b: Palossand|[from]move: Sleep Talk\n|-damage|p2b: Palossand|0 fnt\n|faint|p2b: Palossand\n|-ohko\n|\n|-damage|p1b: Dondozo|0 fnt|[from] Salt Cure\n|faint|p1b: Dondozo\n|upkeep\n|\n|t:|1682460029\n|switch|p1b: Garganacl|Garganacl, L50, F|100\/100\n|switch|p2b: Tyranitar|Tyranitar, L50, F|100\/100\n|-weather|Sandstorm|[from] ability: Sand Stream|[of] p2b: Tyranitar\n|turn|6\n|\n|t:|1682460041\n|move|p2a: Pyroar|Protect||[still]\n|-fail|p2a: Pyroar\n|move|p1a: Kingambit|Protect|p1a: Kingambit\n|-singleturn|p1a: Kingambit|Protect\n|move|p2b: Tyranitar|Earth Power|p1a: Kingambit\n|-activate|p1a: Kingambit|move: Protect\n|move|p1b: Garganacl|Fissure|p2a: Pyroar\n|-damage|p2a: Pyroar|0 fnt\n|faint|p2a: Pyroar\n|-ohko\n|\n|-weather|Sandstorm|[upkeep]\n|upkeep\n|turn|7\n|\n|t:|1682460055\n|move|p2b: Tyranitar|Earth Power|p1a: Kingambit\n|-supereffective|p1a: Kingambit\n|-damage|p1a: Kingambit|6\/100\n|-unboost|p1a: Kingambit|spd|1\n|-ability|p1a: Kingambit|Defiant|boost\n|-boost|p1a: Kingambit|atk|2\n|move|p1a: Kingambit|Rest|p1a: Kingambit\n|-status|p1a: Kingambit|slp|[from] move: Rest\n|-heal|p1a: Kingambit|100\/100 slp|[silent]\n|-enditem|p1a: Kingambit|Chesto Berry|[eat]\n|-curestatus|p1a: Kingambit|slp|[msg]\n|move|p1b: Garganacl|Fissure|p2b: Tyranitar\n|-damage|p2b: Tyranitar|0 fnt\n|faint|p2b: Tyranitar\n|-ohko\n|\n|win|rhuga\n|raw|rhuga's rating: 1072 → 1096<\/strong> (+24 for winning)\n|raw|Moonrockdoobie's rating: 1007 → 1000<\/strong> (-7 for losing)\n","uploadtime":1682460074,"views":10,"p1id":"rhuga","p2id":"moonrockdoobie","formatid":"gen9vgc2023regulationc","rating":1000,"private":0,"password":""}