{"id":"gen9vgc2023regulationc-1849038858","p1":"Atiko0928","p2":"Kirizioro","format":"[Gen 9] VGC 2023 Regulation C","log":"|j|\u2606Atiko0928\n|j|\u2606Kirizioro\n|t:|1682143346\n|gametype|doubles\n|player|p1|Atiko0928|parasollady|1117\n|player|p2|Kirizioro|lance|1000\n|teamsize|p1|6\n|teamsize|p2|6\n|gen|9\n|tier|[Gen 9] VGC 2023 Regulation C\n|rated|\n|rule|Species Clause: Limit one of each Pok\u00e9mon\n|rule|Item Clause: Limit one of each item\n|clearpoke\n|poke|p1|Garchomp, L50, F|\n|poke|p1|Gyarados, L50, M|\n|poke|p1|Kingambit, L50, F|\n|poke|p1|Flutter Mane, L50|\n|poke|p1|Amoonguss, L50, F|\n|poke|p1|Ting-Lu, L50|\n|poke|p2|Dondozo, L50, M|\n|poke|p2|Tatsugiri-Stretchy, L50, M|\n|poke|p2|Chi-Yu, L50|\n|poke|p2|Flutter Mane, L50|\n|poke|p2|Dragonite, L50, F|\n|poke|p2|Glimmora, L50, M|\n|teampreview|4\n|\n|t:|1682143376\n|start\n|switch|p1a: Garchomp|Garchomp, L50, F|100\/100\n|switch|p1b: Kingambit|Kingambit, L50, F|100\/100\n|switch|p2a: Glimmora|Glimmora, L50, M|100\/100\n|switch|p2b: Tatsugiri|Tatsugiri-Stretchy, L50, M|100\/100\n|turn|1\n|\n|t:|1682143425\n|move|p1a: Garchomp|Iron Head|p2a: Glimmora\n|-supereffective|p2a: Glimmora\n|-damage|p2a: Glimmora|36\/100\n|-activate|p2a: Glimmora|ability: Toxic Debris\n|-sidestart|p1: Atiko0928|move: Toxic Spikes\n|move|p2a: Glimmora|Earth Power|p1b: Kingambit\n|-supereffective|p1b: Kingambit\n|-damage|p1b: Kingambit|62\/100\n|move|p2b: Tatsugiri|Muddy Water|p1a: Garchomp|[spread] p1a,p1b\n|-damage|p1a: Garchomp|38\/100\n|-damage|p1b: Kingambit|24\/100\n|move|p1b: Kingambit|Iron Head|p2a: Glimmora\n|-supereffective|p2a: Glimmora\n|-damage|p2a: Glimmora|0 fnt\n|-activate|p2a: Glimmora|ability: Toxic Debris\n|-sidestart|p1: Atiko0928|move: Toxic Spikes\n|faint|p2a: Glimmora\n|\n|upkeep\n|\n|t:|1682143446\n|switch|p2a: Chi-Yu|Chi-Yu, L50|100\/100\n|-ability|p2a: Chi-Yu|Beads of Ruin\n|turn|2\n|\n|t:|1682143456\n|move|p2a: Chi-Yu|Protect|p2a: Chi-Yu\n|-singleturn|p2a: Chi-Yu|Protect\n|move|p1a: Garchomp|Earthquake|p2a: Chi-Yu|[spread] p1b,p2b\n|-activate|p2a: Chi-Yu|move: Protect\n|-supereffective|p1b: Kingambit\n|-damage|p1b: Kingambit|0 fnt\n|-damage|p2b: Tatsugiri|42\/100\n|faint|p1b: Kingambit\n|move|p2b: Tatsugiri|Muddy Water|p1a: Garchomp\n|-damage|p1a: Garchomp|0 fnt\n|faint|p1a: Garchomp\n|\n|upkeep\n|\n|t:|1682143471\n|switch|p1a: Flutter Mane|Flutter Mane, L50|100\/100\n|switch|p1b: Amoonguss|Amoonguss, L50, F|100\/100\n|-status|p1a: Flutter Mane|tox\n|-sideend|p1: Atiko0928|move: Toxic Spikes|[of] p1b: Amoonguss\n|turn|3\n|\n|t:|1682143483\n|-terastallize|p1a: Flutter Mane|Fairy\n|move|p1a: Flutter Mane|Dazzling Gleam|p2b: Tatsugiri|[spread] p2a,p2b\n|-supereffective|p2b: Tatsugiri\n|-damage|p2a: Chi-Yu|41\/100\n|-damage|p2b: Tatsugiri|0 fnt\n|faint|p2b: Tatsugiri\n|move|p2a: Chi-Yu|Flamethrower|p1b: Amoonguss\n|-supereffective|p1b: Amoonguss\n|-damage|p1b: Amoonguss|0 fnt\n|faint|p1b: Amoonguss\n|\n|-damage|p1a: Flutter Mane|94\/100 tox|[from] psn\n|upkeep\n|\n|t:|1682143493\n|switch|p2b: Flutter Mane|Flutter Mane, L50|100\/100\n|-enditem|p2b: Flutter Mane|Booster Energy\n|-activate|p2b: Flutter Mane|ability: Protosynthesis|[fromitem]\n|-start|p2b: Flutter Mane|protosynthesisspe\n|turn|4\n|\n|t:|1682143501\n|-terastallize|p2b: Flutter Mane|Steel\n|move|p2a: Chi-Yu|Protect|p2a: Chi-Yu\n|-singleturn|p2a: Chi-Yu|Protect\n|move|p2b: Flutter Mane|Substitute|p2b: Flutter Mane\n|-start|p2b: Flutter Mane|Substitute\n|-damage|p2b: Flutter Mane|76\/100\n|move|p1a: Flutter Mane|Dazzling Gleam|p2b: Flutter Mane|[spread] p2b\n|-activate|p2a: Chi-Yu|move: Protect\n|-resisted|p2b: Flutter Mane\n|-end|p2b: Flutter Mane|Substitute\n|\n|-damage|p1a: Flutter Mane|82\/100 tox|[from] psn\n|upkeep\n|turn|5\n|-message|Atiko0928 forfeited.\n|\n|win|Kirizioro\n|raw|Atiko0928's rating: 1117 → 1087<\/strong> (-30 for losing)\n|raw|Kirizioro's rating: 1046 → 1086<\/strong> (+40 for winning)\n|l|\u2606Atiko0928\n","uploadtime":1682143515,"views":7,"p1id":"atiko0928","p2id":"kirizioro","formatid":"gen9vgc2023regulationc","rating":1086,"private":0,"password":""}