{"id":"gen9vgc2023regulationc-1849802101","p1":"woopy4life","p2":"Humanberrito 2.0","format":"[Gen 9] VGC 2023 Regulation C","log":"|j|\u2606woopy4life\n|j|\u2606Humanberrito 2.0\n|t:|1682253987\n|gametype|doubles\n|player|p1|woopy4life|psychic-gen4|\n|player|p2|Humanberrito 2.0|unknown|\n|teamsize|p1|6\n|teamsize|p2|6\n|gen|9\n|tier|[Gen 9] VGC 2023 Regulation C\n|rated|Tournament battle\n|rule|Species Clause: Limit one of each Pok\u00e9mon\n|rule|Item Clause: Limit one of each item\n|clearpoke\n|poke|p1|Volcarona, L50, M|\n|poke|p1|Oricorio-Pom-Pom, L50, M|\n|poke|p1|Quaquaval, L50, F|\n|poke|p1|Amoonguss, L50, M|\n|poke|p1|Grimmsnarl, L50, M|\n|poke|p1|Flutter Mane, L50|\n|poke|p2|Flutter Mane, L50|\n|poke|p2|Ting-Lu, L50|\n|poke|p2|Arcanine, L50, F|\n|poke|p2|Palafin, L50, M|\n|poke|p2|Chien-Pao, L50|\n|poke|p2|Pelipper, L50, M|\n|teampreview|4\n|raw| Open Team Sheet for woopy4life<\/summary>Volcarona @ Sitrus Berry Ability: Flame Body Level: 50 Tera Type: Grass - Quiver Dance - Fiery Dance - Giga Drain - Protect Oricorio (Oricorio-Pom-Pom) Ability: Dancer Level: 50 Tera Type: Electric - Acrobatics - Revelation Dance - Protect - Substitute Quaquaval @ Safety Goggles Ability: Moxie Level: 50 Tera Type: Fire - Swords Dance - Aqua Step - Close Combat - Protect Amoonguss @ Rocky Helmet Ability: Regenerator Level: 50 Tera Type: Fire - Pollen Puff - Rage Powder - Spore - Protect Grimmsnarl (M) @ Light Clay Ability: Prankster Level: 50 Tera Type: Steel - Light Screen - Reflect - Parting Shot - Spirit Break Flutter Mane @ Choice Specs Ability: Protosynthesis Level: 50 Tera Type: Fairy - Moonblast - Dazzling Gleam - Shadow Ball - Icy Wind <\/details><\/div> Open Team Sheet for Humanberrito 2.0<\/summary>Flutter Mane @ Choice Specs Ability: Protosynthesis Level: 50 Tera Type: Fairy - Moonblast - Shadow Ball - Dazzling Gleam - Power Gem Ting-Lu @ Assault Vest Ability: Vessel of Ruin Level: 50 Tera Type: Steel - Fissure - Stomping Tantrum - Body Press - Mud-Slap Arcanine @ Safety Goggles Ability: Intimidate Level: 50 Tera Type: Ghost - Flare Blitz - Will-O-Wisp - Snarl - Protect Palafin @ Mystic Water Ability: Zero to Hero Level: 50 Tera Type: Water - Jet Punch - Wave Crash - Haze - Protect Chien-Pao @ Focus Sash Ability: Sword of Ruin Level: 50 Tera Type: Ghost - Ice Spinner - Sucker Punch - Sacred Sword - Protect Pelipper @ Damp Rock Ability: Drizzle Level: 50 Tera Type: Water - Tailwind - Wide Guard - Helping Hand - Hurricane <\/details><\/div>\n|\n|t:|1682254040\n|start\n|switch|p1a: Grimmsnarl|Grimmsnarl, L50, M|100\/100\n|switch|p1b: Volcarona|Volcarona, L50, M|100\/100\n|switch|p2a: Flutter Mane|Flutter Mane, L50|100\/100\n|switch|p2b: Palafin|Palafin, L50, M|100\/100\n|turn|1\n|\n|t:|1682254072\n|-terastallize|p2b: Palafin|Water\n|-terastallize|p1b: Volcarona|Grass\n|move|p2b: Palafin|Jet Punch|p1b: Volcarona\n|-resisted|p1b: Volcarona\n|-damage|p1b: Volcarona|80\/100\n|move|p1a: Grimmsnarl|Light Screen|p1a: Grimmsnarl\n|-sidestart|p1: woopy4life|move: Light Screen\n|move|p2a: Flutter Mane|Power Gem|p1b: Volcarona\n|-damage|p1b: Volcarona|54\/100\n|move|p1b: Volcarona|Quiver Dance|p1b: Volcarona\n|-boost|p1b: Volcarona|spa|1\n|-boost|p1b: Volcarona|spd|1\n|-boost|p1b: Volcarona|spe|1\n|\n|upkeep\n|turn|2\n|\n|t:|1682254090\n|-end|p2a: Flutter Mane|Protosynthesis|[silent]\n|switch|p2a: Pelipper|Pelipper, L50, M|100\/100\n|-weather|RainDance|[from] ability: Drizzle|[of] p2a: Pelipper\n|detailschange|p2b: Palafin|Palafin-Hero, L50, M, tera:Water\n|switch|p2b: Arcanine|Arcanine, L50, F|100\/100\n|-ability|p2b: Arcanine|Intimidate|boost\n|-unboost|p1a: Grimmsnarl|atk|1\n|-unboost|p1b: Volcarona|atk|1\n|move|p1a: Grimmsnarl|Parting Shot|p2a: Pelipper\n|-unboost|p2a: Pelipper|atk|1\n|-unboost|p2a: Pelipper|spa|1\n|\n|t:|1682254101\n|switch|p1a: Oricorio|Oricorio-Pom-Pom, L50, M|100\/100|[from] Parting Shot\n|move|p1b: Volcarona|Quiver Dance|p1b: Volcarona\n|-boost|p1b: Volcarona|spa|1\n|-boost|p1b: Volcarona|spd|1\n|-boost|p1b: Volcarona|spe|1\n|-activate|p1a: Oricorio|ability: Dancer\n|move|p1a: Oricorio|Quiver Dance|p1a: Oricorio|[from]ability: Dancer\n|-boost|p1a: Oricorio|spa|1\n|-boost|p1a: Oricorio|spd|1\n|-boost|p1a: Oricorio|spe|1\n|\n|-weather|RainDance|[upkeep]\n|upkeep\n|turn|3\n|\n|t:|1682254128\n|move|p1b: Volcarona|Protect|p1b: Volcarona\n|-singleturn|p1b: Volcarona|Protect\n|move|p1a: Oricorio|Substitute|p1a: Oricorio\n|-start|p1a: Oricorio|Substitute\n|-damage|p1a: Oricorio|76\/100\n|move|p2b: Arcanine|Snarl|p1a: Oricorio|[spread] p1a\n|-activate|p1b: Volcarona|move: Protect\n|-damage|p1a: Oricorio|69\/100\n|-unboost|p1a: Oricorio|spa|1\n|move|p2a: Pelipper|Tailwind|p2a: Pelipper\n|-sidestart|p2: Humanberrito 2.0|move: Tailwind\n|\n|-weather|RainDance|[upkeep]\n|upkeep\n|turn|4\n|\n|t:|1682254156\n|move|p1b: Volcarona|Quiver Dance|p1b: Volcarona\n|-boost|p1b: Volcarona|spa|1\n|-boost|p1b: Volcarona|spd|1\n|-boost|p1b: Volcarona|spe|1\n|-activate|p1a: Oricorio|ability: Dancer\n|move|p1a: Oricorio|Quiver Dance|p1a: Oricorio|[from]ability: Dancer\n|-boost|p1a: Oricorio|spa|1\n|-boost|p1a: Oricorio|spd|1\n|-boost|p1a: Oricorio|spe|1\n|move|p1a: Oricorio|Revelation Dance|p2a: Pelipper\n|-supereffective|p2a: Pelipper\n|-crit|p2a: Pelipper\n|-damage|p2a: Pelipper|0 fnt\n|faint|p2a: Pelipper\n|move|p2b: Arcanine|Snarl|p1a: Oricorio|[spread] p1a,p1b\n|-damage|p1a: Oricorio|64\/100\n|-damage|p1b: Volcarona|52\/100\n|-unboost|p1a: Oricorio|spa|1\n|-unboost|p1b: Volcarona|spa|1\n|\n|-weather|RainDance|[upkeep]\n|upkeep\n|\n|t:|1682254173\n|switch|p2a: Flutter Mane|Flutter Mane, L50|100\/100\n|turn|5\n|\n|t:|1682254193\n|move|p1b: Volcarona|Protect|p1b: Volcarona\n|-singleturn|p1b: Volcarona|Protect\n|move|p2a: Flutter Mane|Dazzling Gleam|p1b: Volcarona|[spread] p1a\n|-activate|p1b: Volcarona|move: Protect\n|-activate|p1a: Oricorio|move: Substitute|[damage]\n|move|p1a: Oricorio|Acrobatics|p2a: Flutter Mane\n|-damage|p2a: Flutter Mane|44\/100\n|move|p2b: Arcanine|Snarl|p1b: Volcarona|[spread] p1a\n|-activate|p1b: Volcarona|move: Protect\n|-damage|p1a: Oricorio|60\/100\n|-unboost|p1a: Oricorio|spa|1\n|\n|-weather|RainDance|[upkeep]\n|upkeep\n|turn|6\n|\n|t:|1682254218\n|move|p2a: Flutter Mane|Dazzling Gleam|p1b: Volcarona|[spread] p1a,p1b\n|-end|p1a: Oricorio|Substitute\n|-damage|p1b: Volcarona|40\/100\n|-enditem|p1b: Volcarona|Sitrus Berry|[eat]\n|-heal|p1b: Volcarona|65\/100|[from] item: Sitrus Berry\n|move|p1b: Volcarona|Giga Drain|p2b: Arcanine\n|-resisted|p2b: Arcanine\n|-damage|p2b: Arcanine|72\/100\n|-heal|p1b: Volcarona|81\/100|[from] drain|[of] p2b: Arcanine\n|move|p1a: Oricorio|Acrobatics|p2a: Flutter Mane\n|-damage|p2a: Flutter Mane|0 fnt\n|faint|p2a: Flutter Mane\n|-end|p2a: Flutter Mane|Protosynthesis|[silent]\n|move|p2b: Arcanine|Snarl|p1b: Volcarona|[spread] p1a,p1b\n|-damage|p1a: Oricorio|55\/100\n|-damage|p1b: Volcarona|78\/100\n|-unboost|p1a: Oricorio|spa|1\n|-unboost|p1b: Volcarona|spa|1\n|\n|-weather|RainDance|[upkeep]\n|-sideend|p2: Humanberrito 2.0|move: Tailwind\n|upkeep\n|\n|t:|1682254223\n|switch|p2a: Palafin|Palafin-Hero, L50, M, tera:Water|100\/100\n|-activate|p2a: Palafin|ability: Zero to Hero\n|turn|7\n|\n|t:|1682254242\n|switch|p1a: Grimmsnarl|Grimmsnarl, L50, M|100\/100\n|move|p1b: Volcarona|Protect|p1b: Volcarona\n|-singleturn|p1b: Volcarona|Protect\n|move|p2a: Palafin|Protect|p2a: Palafin\n|-singleturn|p2a: Palafin|Protect\n|move|p2b: Arcanine|Flare Blitz|p1b: Volcarona\n|-activate|p1b: Volcarona|move: Protect\n|\n|-weather|RainDance|[upkeep]\n|upkeep\n|turn|8\n|\n|t:|1682254252\n|move|p2a: Palafin|Protect|p2a: Palafin\n|-singleturn|p2a: Palafin|Protect\n|move|p1a: Grimmsnarl|Reflect|p1a: Grimmsnarl\n|-sidestart|p1: woopy4life|Reflect\n|move|p1b: Volcarona|Giga Drain|p2a: Palafin\n|-activate|p2a: Palafin|move: Protect\n|move|p2b: Arcanine|Flare Blitz|p1b: Volcarona\n|-supereffective|p1b: Volcarona\n|-damage|p1b: Volcarona|37\/100\n|-damage|p2b: Arcanine|60\/100|[from] Recoil\n|\n|-weather|RainDance|[upkeep]\n|-sideend|p1: woopy4life|move: Light Screen\n|upkeep\n|turn|9\n|\n|t:|1682254283\n|move|p2a: Palafin|Jet Punch|p1b: Volcarona\n|-resisted|p1b: Volcarona\n|-damage|p1b: Volcarona|0 fnt\n|faint|p1b: Volcarona\n|move|p1a: Grimmsnarl|Parting Shot|p2b: Arcanine\n|-unboost|p2b: Arcanine|atk|1\n|-unboost|p2b: Arcanine|spa|1\n|\n|t:|1682254297\n|switch|p1a: Oricorio|Oricorio-Pom-Pom, L50, M|55\/100|[from] Parting Shot\n|move|p2b: Arcanine|Snarl|p1a: Oricorio\n|-damage|p1a: Oricorio|43\/100\n|-unboost|p1a: Oricorio|spa|1\n|\n|-weather|none\n|upkeep\n|\n|t:|1682254302\n|switch|p1b: Grimmsnarl|Grimmsnarl, L50, M|100\/100\n|turn|10\n|\n|t:|1682254312\n|move|p2a: Palafin|Protect|p2a: Palafin\n|-singleturn|p2a: Palafin|Protect\n|move|p1a: Oricorio|Protect|p1a: Oricorio\n|-singleturn|p1a: Oricorio|Protect\n|move|p1b: Grimmsnarl|Parting Shot|p2a: Palafin\n|-activate|p2a: Palafin|move: Protect\n|move|p2b: Arcanine|Snarl|p1b: Grimmsnarl|[spread] p1b\n|-activate|p1a: Oricorio|move: Protect\n|-resisted|p1b: Grimmsnarl\n|-damage|p1b: Grimmsnarl|99\/100\n|-unboost|p1b: Grimmsnarl|spa|1\n|\n|upkeep\n|turn|11\n|\n|t:|1682254345\n|move|p2a: Palafin|Jet Punch|p1a: Oricorio\n|-damage|p1a: Oricorio|0 fnt\n|faint|p1a: Oricorio\n|move|p1b: Grimmsnarl|Parting Shot|p2a: Palafin\n|-unboost|p2a: Palafin|atk|1\n|-unboost|p2a: Palafin|spa|1\n|\n|t:|1682254350\n|switch|p1b: Flutter Mane|Flutter Mane, L50|100\/100|[from] Parting Shot\n|move|p2b: Arcanine|Will-O-Wisp|p1b: Flutter Mane|[miss]\n|-miss|p2b: Arcanine|p1b: Flutter Mane\n|\n|upkeep\n|\n|t:|1682254355\n|switch|p1a: Grimmsnarl|Grimmsnarl, L50, M|99\/100\n|turn|12\n|\n|t:|1682254371\n|move|p2a: Palafin|Jet Punch|p1b: Flutter Mane\n|-damage|p1b: Flutter Mane|52\/100\n|move|p1a: Grimmsnarl|Parting Shot|p2a: Palafin\n|-unboost|p2a: Palafin|atk|1\n|-unboost|p2a: Palafin|spa|1\n|move|p1b: Flutter Mane|Shadow Ball|p2b: Arcanine\n|-damage|p2b: Arcanine|14\/100\n|move|p2b: Arcanine|Snarl|p1a: Grimmsnarl|[spread] p1a,p1b\n|-resisted|p1a: Grimmsnarl\n|-damage|p1a: Grimmsnarl|98\/100\n|-damage|p1b: Flutter Mane|47\/100\n|-unboost|p1a: Grimmsnarl|spa|1\n|-unboost|p1b: Flutter Mane|spa|1\n|\n|upkeep\n|turn|13\n|\n|t:|1682254392\n|move|p2a: Palafin|Jet Punch|p1b: Flutter Mane\n|-damage|p1b: Flutter Mane|10\/100\n|move|p1a: Grimmsnarl|Parting Shot|p2a: Palafin\n|-unboost|p2a: Palafin|atk|1\n|-unboost|p2a: Palafin|spa|1\n|move|p1b: Flutter Mane|Shadow Ball|p2b: Arcanine\n|-damage|p2b: Arcanine|0 fnt\n|faint|p2b: Arcanine\n|\n|upkeep\n|turn|14\n|\n|t:|1682254406\n|move|p2a: Palafin|Jet Punch|p1b: Flutter Mane\n|-damage|p1b: Flutter Mane|0 fnt\n|faint|p1b: Flutter Mane\n|-end|p1b: Flutter Mane|Protosynthesis|[silent]\n|move|p1a: Grimmsnarl|Spirit Break|p2a: Palafin\n|-damage|p2a: Palafin|67\/100\n|-unboost|p2a: Palafin|spa|1\n|\n|upkeep\n|turn|15\n|\n|t:|1682254411\n|move|p2a: Palafin|Haze|p2a: Palafin\n|-clearallboost\n|move|p1a: Grimmsnarl|Spirit Break|p2a: Palafin\n|-damage|p2a: Palafin|33\/100\n|-unboost|p2a: Palafin|spa|1\n|\n|-sideend|p1: woopy4life|Reflect\n|upkeep\n|turn|16\n|\n|t:|1682254427\n|move|p2a: Palafin|Wave Crash|p1a: Grimmsnarl\n|-damage|p1a: Grimmsnarl|0 fnt\n|faint|p1a: Grimmsnarl\n|-damage|p2a: Palafin|0 fnt|[from] Recoil\n|faint|p2a: Palafin\n|\n|win|Humanberrito 2.0\n|n|\u2606woopy4life|woopy4life\n|n|\u2606Humanberrito 2.0|humanberrito20\n|c|\u2606woopy4life|gg\n|c|\u2606Humanberrito 2.0|Gg\n|l|\u2606Humanberrito 2.0\n|l|\u2606woopy4life\n|j|\u2606Humanberrito 2.0\n|player|p2|Humanberrito 2.0|unknown\n","uploadtime":1682254457,"views":14,"p1id":"woopy4life","p2id":"humanberrito20","formatid":"gen9vgc2023regulationc","rating":0,"private":0,"password":""}