{"id":"gen9vgc2023regulationc-1845733459","p1":"iamedgy42069","p2":"Sqqueaks","format":"[Gen 9] VGC 2023 Regulation C","log":"|j|\u2606iamedgy42069\n|j|\u2606Sqqueaks\n|t:|1681759573\n|gametype|doubles\n|player|p1|iamedgy42069|hoopster|1245\n|player|p2|Sqqueaks|lance|1190\n|teamsize|p1|6\n|teamsize|p2|6\n|gen|9\n|tier|[Gen 9] VGC 2023 Regulation C\n|rated|\n|rule|Species Clause: Limit one of each Pok\u00e9mon\n|rule|Item Clause: Limit one of each item\n|clearpoke\n|poke|p1|Tyranitar, L50, F|\n|poke|p1|Houndstone, L50, F|\n|poke|p1|Garchomp, L50, F|\n|poke|p1|Talonflame, L50, M|\n|poke|p1|Brute Bonnet, L50|\n|poke|p1|Rotom-Wash, L50|\n|poke|p2|Flutter Mane, L50|\n|poke|p2|Chi-Yu, L50|\n|poke|p2|Amoonguss, L50, F|\n|poke|p2|Arcanine, L50, M|\n|poke|p2|Palafin, L50, M|\n|poke|p2|Murkrow, L50, M|\n|teampreview|4\n|inactive|Battle timer is ON: inactive players will automatically lose when time's up. (requested by Sqqueaks)\niamedgy42069 has agreed to open team sheets.\n|inactive|iamedgy42069 has 60 seconds left.\n|inactive|iamedgy42069 has 30 seconds left.\n|inactive|iamedgy42069 has 20 seconds left.\n|\n|t:|1681759645\n|start\n|switch|p1a: Blazen|Talonflame, L50, M|100\/100\n|switch|p1b: Mr. Boombastic|Tyranitar, L50, F, shiny|100\/100\n|switch|p2a: Palafin|Palafin, L50, M|100\/100\n|switch|p2b: Arcanine|Arcanine, L50, M|100\/100\n|-ability|p2b: Arcanine|Intimidate|boost\n|-unboost|p1a: Blazen|atk|1\n|-unboost|p1b: Mr. Boombastic|atk|1\n|-weather|Sandstorm|[from] ability: Sand Stream|[of] p1b: Mr. Boombastic\n|turn|1\n|\n|t:|1681759666\n|move|p2b: Arcanine|Extreme Speed|p1a: Blazen\n|-damage|p1a: Blazen|67\/100\n|move|p1a: Blazen|Tailwind|p1a: Blazen\n|-sidestart|p1: iamedgy42069|move: Tailwind\n|move|p1b: Mr. Boombastic|Foul Play|p2b: Arcanine\n|-damage|p2b: Arcanine|51\/100\n|move|p2a: Palafin|Close Combat|p1b: Mr. Boombastic\n|-supereffective|p1b: Mr. Boombastic\n|-damage|p1b: Mr. Boombastic|15\/100\n|-unboost|p2a: Palafin|def|1\n|-unboost|p2a: Palafin|spd|1\n|\n|-weather|Sandstorm|[upkeep]\n|-damage|p1a: Blazen|61\/100|[from] Sandstorm\n|-damage|p2a: Palafin|95\/100|[from] Sandstorm\n|upkeep\n|turn|2\n|inactive|iamedgy42069 has 30 seconds left.\n|inactive|Sqqueaks has 30 seconds left.\n|\n|t:|1681759695\n|switch|p1b: Brutus|Brute Bonnet, L50|100\/100\n|detailschange|p2a: Palafin|Palafin-Hero, L50, M\n|switch|p2a: Murkrow|Murkrow, L50, M|100\/100\n|move|p2b: Arcanine|Protect|p2b: Arcanine\n|-singleturn|p2b: Arcanine|Protect\n|move|p1a: Blazen|Brave Bird|p2a: Murkrow\n|-damage|p2a: Murkrow|57\/100\n|-damage|p1a: Blazen|45\/100|[from] Recoil\n|\n|-weather|Sandstorm|[upkeep]\n|-damage|p1a: Blazen|39\/100|[from] Sandstorm\n|-damage|p1b: Brutus|95\/100|[from] Sandstorm\n|-damage|p2a: Murkrow|51\/100|[from] Sandstorm\n|upkeep\n|turn|3\n|inactive|iamedgy42069 has 30 seconds left.\n|\n|t:|1681759725\n|-terastallize|p1b: Brutus|Water\n|move|p2a: Murkrow|Tailwind|p2a: Murkrow\n|-sidestart|p2: Sqqueaks|move: Tailwind\n|move|p1a: Blazen|Taunt|p2b: Arcanine\n|-start|p2b: Arcanine|move: Taunt\n|move|p2b: Arcanine|Flare Blitz|p1b: Brutus\n|-resisted|p1b: Brutus\n|-damage|p1b: Brutus|77\/100\n|-damage|p2b: Arcanine|44\/100|[from] Recoil\n|move|p1b: Brutus|Spore|p2a: Murkrow\n|-status|p2a: Murkrow|slp|[from] move: Spore\n|\n|-weather|Sandstorm|[upkeep]\n|-damage|p1a: Blazen|34\/100|[from] Sandstorm\n|-damage|p2a: Murkrow|45\/100 slp|[from] Sandstorm\n|-damage|p1b: Brutus|71\/100|[from] Sandstorm\n|upkeep\n|turn|4\n|inactive|iamedgy42069 has 30 seconds left.\n|inactive|Sqqueaks has 30 seconds left.\n|inactive|Sqqueaks has 20 seconds left.\n|inactive|Sqqueaks has 15 seconds left.\n|\n|t:|1681759766\n|switch|p1a: Stargazer|Garchomp, L50, F|100\/100\n|move|p2b: Arcanine|Extreme Speed|p1a: Stargazer\n|-damage|p1a: Stargazer|76\/100\n|cant|p2a: Murkrow|slp\n|move|p1b: Brutus|Bullet Seed|p2b: Arcanine\n|-resisted|p2b: Arcanine\n|-damage|p2b: Arcanine|36\/100\n|-resisted|p2b: Arcanine\n|-damage|p2b: Arcanine|29\/100\n|-resisted|p2b: Arcanine\n|-damage|p2b: Arcanine|22\/100\n|-resisted|p2b: Arcanine\n|-damage|p2b: Arcanine|15\/100\n|-hitcount|p2b: Arcanine|4\n|\n|-weather|Sandstorm|[upkeep]\n|-damage|p2a: Murkrow|39\/100 slp|[from] Sandstorm\n|-damage|p1b: Brutus|65\/100|[from] Sandstorm\n|-sideend|p1: iamedgy42069|move: Tailwind\n|upkeep\n|turn|5\n|inactive|iamedgy42069 has 30 seconds left.\n|inactive|Sqqueaks has 30 seconds left.\n|\n|t:|1681759793\n|switch|p2a: Flutter Mane|Flutter Mane, L50|100\/100\n|move|p2b: Arcanine|Extreme Speed|p1a: Stargazer\n|-damage|p1a: Stargazer|53\/100\n|move|p1b: Brutus|Sucker Punch||[still]\n|-fail|p1b: Brutus\n|move|p1a: Stargazer|Rock Slide|p2b: Arcanine|[spread] p2a,p2b\n|-supereffective|p2b: Arcanine\n|-damage|p2a: Flutter Mane|60\/100\n|-damage|p2b: Arcanine|0 fnt\n|faint|p2b: Arcanine\n|\n|-weather|none\n|upkeep\n|\n|t:|1681759805\n|switch|p2b: Palafin|Palafin-Hero, L50, M|95\/100\n|-activate|p2b: Palafin|ability: Zero to Hero\n|turn|6\n|\n|t:|1681759819\n|-end|p1b: Brutus|Protosynthesis|[silent]\n|switch|p1b: Mr. Boombastic|Tyranitar, L50, F, shiny|15\/100\n|-weather|Sandstorm|[from] ability: Sand Stream|[of] p1b: Mr. Boombastic\n|-terastallize|p2b: Palafin|Water\n|move|p2b: Palafin|Jet Punch|p1b: Mr. Boombastic\n|-supereffective|p1b: Mr. Boombastic\n|-damage|p1b: Mr. Boombastic|0 fnt\n|faint|p1b: Mr. Boombastic\n|move|p2a: Flutter Mane|Dazzling Gleam|p1a: Stargazer|[miss]\n|-miss|p2a: Flutter Mane|p1a: Stargazer\n|move|p1a: Stargazer|Earthquake|p2a: Flutter Mane|[spread] p2a,p2b\n|-damage|p2a: Flutter Mane|0 fnt\n|-damage|p2b: Palafin|60\/100\n|faint|p2a: Flutter Mane\n|-end|p2a: Flutter Mane|Protosynthesis|[silent]\n|\n|-weather|Sandstorm|[upkeep]\n|-damage|p2b: Palafin|54\/100|[from] Sandstorm\n|-sideend|p2: Sqqueaks|move: Tailwind\n|upkeep\n|\n|t:|1681759839\n|switch|p2a: Murkrow|Murkrow, L50, M|39\/100 slp\n|switch|p1b: Brutus|Brute Bonnet, L50, tera:Water|65\/100\n|turn|7\n|\n|t:|1681759847\n|move|p2b: Palafin|Jet Punch|p1a: Stargazer\n|-damage|p1a: Stargazer|0 fnt\n|faint|p1a: Stargazer\n|-curestatus|p2a: Murkrow|slp|[msg]\n|move|p2a: Murkrow|Taunt|p1b: Brutus\n|-start|p1b: Brutus|move: Taunt\n|move|p1b: Brutus|Bullet Seed|p2b: Palafin\n|-supereffective|p2b: Palafin\n|-crit|p2b: Palafin\n|-damage|p2b: Palafin|18\/100\n|-supereffective|p2b: Palafin\n|-damage|p2b: Palafin|0 fnt\n|faint|p2b: Palafin\n|-hitcount|p2: Palafin|2\n|\n|-weather|Sandstorm|[upkeep]\n|-damage|p2a: Murkrow|33\/100|[from] Sandstorm\n|-damage|p1b: Brutus|59\/100|[from] Sandstorm\n|upkeep\n|\n|t:|1681759854\n|switch|p1a: Blazen|Talonflame, L50, M|34\/100\n|turn|8\n|\n|t:|1681759860\n|move|p1a: Blazen|Brave Bird|p2a: Murkrow\n|-damage|p2a: Murkrow|0 fnt\n|faint|p2a: Murkrow\n|-damage|p1a: Blazen|22\/100|[from] Recoil\n|\n|win|iamedgy42069\n|raw|iamedgy42069's rating: 1245 → 1266<\/strong> (+21 for winning)\n|raw|Sqqueaks's rating: 1190 → 1169<\/strong> (-21 for losing)\n|c|\u2606Sqqueaks|gg\n|c|\u2606iamedgy42069|gg\n|l|\u2606Sqqueaks\n","uploadtime":1681759870,"views":8,"p1id":"iamedgy42069","p2id":"sqqueaks","formatid":"gen9vgc2023regulationc","rating":1169,"private":0,"password":""}