{"id":"gen9vgc2023regulationc-1861241154","p1":"Piccolo Ruiz","p2":"PlayTheKids","format":"[Gen 9] VGC 2023 Regulation C","log":"|j|\u2606Piccolo Ruiz\n|j|\u2606PlayTheKids\n|t:|1683738761\n|gametype|doubles\n|player|p1|Piccolo Ruiz|valerie|1377\n|player|p2|PlayTheKids|unknown|1304\n|teamsize|p1|6\n|teamsize|p2|6\n|gen|9\n|tier|[Gen 9] VGC 2023 Regulation C\n|rated|\n|rule|Species Clause: Limit one of each Pok\u00e9mon\n|rule|Item Clause: Limit one of each item\n|clearpoke\n|poke|p1|Flutter Mane, L50|\n|poke|p1|Amoonguss, L50, F|\n|poke|p1|Gyarados, L50, F|\n|poke|p1|Chi-Yu, L50|\n|poke|p1|Ting-Lu, L50|\n|poke|p1|Baxcalibur, L50, F|\n|poke|p2|Flutter Mane, L50|\n|poke|p2|Chi-Yu, L50|\n|poke|p2|Maushold-Four, L50|\n|poke|p2|Azumarill, L50, F|\n|poke|p2|Murkrow, L50, F|\n|poke|p2|Great Tusk, L50|\n|teampreview|4\nPlayTheKids has agreed to open team sheets.\nPiccolo Ruiz has agreed to open team sheets.\n|inactive|Battle timer is ON: inactive players will automatically lose when time's up. (requested by PlayTheKids)\n|inactive|Piccolo Ruiz has 60 seconds left.\n|inactive|Piccolo Ruiz has 30 seconds left.\n|\n|t:|1683738884\n|start\n|switch|p1a: Katya|Baxcalibur, L50, F, shiny|100\/100\n|switch|p1b: Amoonguss|Amoonguss, L50, F, shiny|100\/100\n|switch|p2a: Azumarill|Azumarill, L50, F|100\/100\n|switch|p2b: Chi-Yu|Chi-Yu, L50|100\/100\n|-ability|p2b: Chi-Yu|Beads of Ruin\n|turn|1\n|inactive|Piccolo Ruiz has 30 seconds left.\n|\n|t:|1683738917\n|-terastallize|p1a: Katya|Poison\n|move|p1b: Amoonguss|Protect|p1b: Amoonguss\n|-singleturn|p1b: Amoonguss|Protect\n|move|p2b: Chi-Yu|Dark Pulse|p1b: Amoonguss\n|-activate|p1b: Amoonguss|move: Protect\n|move|p1a: Katya|Glaive Rush|p2b: Chi-Yu\n|-enditem|p2b: Chi-Yu|Focus Sash\n|-damage|p2b: Chi-Yu|1\/100\n|-singlemove|p1a: Katya|Glaive Rush|[silent]\n|move|p2a: Azumarill|Ice Spinner|p1b: Amoonguss\n|-activate|p1b: Amoonguss|move: Protect\n|\n|upkeep\n|turn|2\n|inactive|PlayTheKids has 30 seconds left.\n|\n|t:|1683738945\n|move|p1a: Katya|Ice Shard|p2b: Chi-Yu\n|-resisted|p2b: Chi-Yu\n|-damage|p2b: Chi-Yu|0 fnt\n|faint|p2b: Chi-Yu\n|move|p2a: Azumarill|Ice Spinner|p1b: Amoonguss\n|-supereffective|p1b: Amoonguss\n|-damage|p1b: Amoonguss|46\/100\n|-enditem|p1b: Amoonguss|Sitrus Berry|[eat]\n|-heal|p1b: Amoonguss|70\/100|[from] item: Sitrus Berry\n|move|p1b: Amoonguss|Spore|p2a: Azumarill\n|-status|p2a: Azumarill|slp|[from] move: Spore\n|\n|upkeep\n|\n|t:|1683738949\n|switch|p2b: Maushold|Maushold-Four, L50|100\/100\n|turn|3\n|\n|t:|1683738965\n|switch|p1b: Bianca|Gyarados, L50, F, shiny|100\/100\n|-ability|p1b: Bianca|Intimidate|boost\n|-unboost|p2a: Azumarill|atk|1\n|-unboost|p2b: Maushold|atk|1\n|move|p2b: Maushold|Super Fang|p1b: Bianca\n|-damage|p1b: Bianca|50\/100\n|move|p1a: Katya|Icicle Crash|p2b: Maushold\n|-damage|p2b: Maushold|54\/100\n|cant|p2a: Azumarill|slp\n|\n|upkeep\n|turn|4\n|\n|t:|1683738983\n|switch|p2a: Flutter Mane|Flutter Mane, L50|100\/100\n|move|p2b: Maushold|Charm|p1a: Katya\n|-fail|p1a: Katya|unboost|[from] item: Clear Amulet|[of] p1a: Katya\n|move|p1a: Katya|Icicle Crash|p2b: Maushold\n|-damage|p2b: Maushold|4\/100\n|-enditem|p2b: Maushold|Sitrus Berry|[eat]\n|-heal|p2b: Maushold|29\/100|[from] item: Sitrus Berry\n|move|p1b: Bianca|Thunder Wave|p2b: Maushold\n|-status|p2b: Maushold|par\n|\n|upkeep\n|turn|5\n|\n|t:|1683738998\n|switch|p1b: Amoonguss|Amoonguss, L50, F, shiny|100\/100\n|move|p2b: Maushold|Follow Me|p2b: Maushold\n|-singleturn|p2b: Maushold|move: Follow Me\n|move|p2a: Flutter Mane|Shadow Ball|p1a: Katya\n|-damage|p1a: Katya|37\/100\n|move|p1a: Katya|Icicle Crash|p2b: Maushold\n|-damage|p2b: Maushold|0 fnt\n|faint|p2b: Maushold\n|\n|upkeep\n|\n|t:|1683739006\n|switch|p2b: Azumarill|Azumarill, L50, F|100\/100 slp\n|turn|6\n|\n|t:|1683739015\n|move|p1b: Amoonguss|Rage Powder|p1b: Amoonguss\n|-singleturn|p1b: Amoonguss|move: Rage Powder\n|move|p2a: Flutter Mane|Shadow Ball|p1b: Amoonguss\n|-damage|p1b: Amoonguss|41\/100\n|move|p1a: Katya|Icicle Crash|p2a: Flutter Mane\n|-damage|p2a: Flutter Mane|17\/100\n|-curestatus|p2b: Azumarill|slp|[msg]\n|move|p2b: Azumarill|Ice Spinner|p1b: Amoonguss\n|-supereffective|p1b: Amoonguss\n|-damage|p1b: Amoonguss|0 fnt\n|faint|p1b: Amoonguss\n|\n|upkeep\n|\n|t:|1683739027\n|switch|p1b: Sasha Colby|Flutter Mane, L50|100\/100\n|-enditem|p1b: Sasha Colby|Booster Energy\n|-activate|p1b: Sasha Colby|ability: Protosynthesis|[fromitem]\n|-start|p1b: Sasha Colby|protosynthesisspa\n|turn|7\n|-message|PlayTheKids forfeited.\n|\n|win|Piccolo Ruiz\n|raw|Piccolo Ruiz's rating: 1377 → 1392<\/strong> (+15 for winning)\n|raw|PlayTheKids's rating: 1286 → 1267<\/strong> (-19 for losing)\n|l|\u2606PlayTheKids\n","uploadtime":1683739033,"views":5,"p1id":"piccoloruiz","p2id":"playthekids","formatid":"gen9vgc2023regulationc","rating":1267,"private":0,"password":""}