{"id":"gen9vgc2023regulationc-1858223933","p1":"GFORCEPKMN","p2":"mathtass","format":"[Gen 9] VGC 2023 Regulation C","log":"|j|\u2606GFORCEPKMN\n|j|\u2606mathtass\n|t:|1683292792\n|gametype|doubles\n|player|p1|GFORCEPKMN|265|1388\n|player|p2|mathtass|170|1340\n|teamsize|p1|6\n|teamsize|p2|6\n|gen|9\n|tier|[Gen 9] VGC 2023 Regulation C\n|rated|\n|rule|Species Clause: Limit one of each Pok\u00e9mon\n|rule|Item Clause: Limit one of each item\n|clearpoke\n|poke|p1|Abomasnow, L50, F|\n|poke|p1|Ting-Lu, L50|\n|poke|p1|Iron Hands, L50|\n|poke|p1|Flutter Mane, L50|\n|poke|p1|Arcanine, L50, F|\n|poke|p1|Bronzong, L50|\n|poke|p2|Amoonguss, L50, F|\n|poke|p2|Chi-Yu, L50|\n|poke|p2|Arcanine, L50, F|\n|poke|p2|Dragonite, L50, M|\n|poke|p2|Flutter Mane, L50|\n|poke|p2|Iron Hands, L50|\n|teampreview|4\nmathtass has agreed to open team sheets.\n|\n|t:|1683292846\n|start\n|switch|p1a: Ting-Lu|Ting-Lu, L50|100\/100\n|switch|p1b: Bronzong|Bronzong, L50|100\/100\n|switch|p2a: Simba|Arcanine, L50, F, shiny|100\/100\n|switch|p2b: Titan|Dragonite, L50, M, shiny|100\/100\n|-ability|p2a: Simba|Intimidate|boost\n|-unboost|p1a: Ting-Lu|atk|1\n|-unboost|p1b: Bronzong|atk|1\n|-ability|p1a: Ting-Lu|Vessel of Ruin\n|turn|1\n|\n|t:|1683292871\n|switch|p1a: Arcanine|Arcanine, L50, F|100\/100\n|-ability|p1a: Arcanine|Intimidate|boost\n|-unboost|p2a: Simba|atk|1\n|-unboost|p2b: Titan|atk|1\n|move|p2a: Simba|Howl|p2a: Simba|[spread] p2a,p2b\n|-boost|p2a: Simba|atk|1\n|-enditem|p1a: Arcanine|Mirror Herb\n|-boost|p1a: Arcanine|atk|1|[from] item: Mirror Herb\n|-boost|p2b: Titan|atk|1\n|move|p2b: Titan|Ice Spinner|p1a: Arcanine\n|-resisted|p1a: Arcanine\n|-damage|p1a: Arcanine|84\/100\n|move|p1b: Bronzong|Trick Room|p1b: Bronzong\n|-fieldstart|move: Trick Room|[of] p1b: Bronzong\n|\n|upkeep\n|turn|2\n|\n|t:|1683292892\n|move|p1b: Bronzong|Safeguard|p1b: Bronzong\n|-sidestart|p1: GFORCEPKMN|Safeguard\n|move|p2b: Titan|Stomping Tantrum|p1a: Arcanine\n|-supereffective|p1a: Arcanine\n|-damage|p1a: Arcanine|21\/100\n|move|p1a: Arcanine|Will-O-Wisp|p2b: Titan\n|-status|p2b: Titan|brn\n|-enditem|p2b: Titan|Lum Berry|[eat]\n|-curestatus|p2b: Titan|brn|[msg]\n|move|p2a: Simba|Howl|p2a: Simba|[spread] p2a,p2b\n|-boost|p2a: Simba|atk|1\n|-boost|p2b: Titan|atk|1\n|\n|upkeep\n|turn|3\n|\n|t:|1683292910\n|switch|p1b: Ting-Lu|Ting-Lu, L50|100\/100\n|-ability|p1b: Ting-Lu|Vessel of Ruin\n|move|p1a: Arcanine|Protect|p1a: Arcanine\n|-singleturn|p1a: Arcanine|Protect\n|move|p2b: Titan|Extreme Speed|p1a: Arcanine\n|-activate|p1a: Arcanine|move: Protect\n|move|p2a: Simba|Flare Blitz|p1b: Ting-Lu\n|-crit|p1b: Ting-Lu\n|-damage|p1b: Ting-Lu|29\/100\n|-damage|p2a: Simba|72\/100|[from] Recoil\n|\n|upkeep\n|turn|4\n|\n|t:|1683292934\n|switch|p1a: Bronzong|Bronzong, L50|100\/100\n|move|p2b: Titan|Extreme Speed|p1a: Bronzong\n|-resisted|p1a: Bronzong\n|-damage|p1a: Bronzong|82\/100\n|move|p1b: Ting-Lu|Stone Edge|p2b: Titan\n|-supereffective|p2b: Titan\n|-damage|p2b: Titan|53\/100\n|move|p2a: Simba|Flare Blitz|p1b: Ting-Lu\n|-damage|p1b: Ting-Lu|0 fnt\n|faint|p1b: Ting-Lu\n|-damage|p2a: Simba|60\/100|[from] Recoil\n|\n|upkeep\n|\n|t:|1683292946\n|switch|p1b: Abomasnow|Abomasnow, L50, F|100\/100\n|-weather|Snow|[from] ability: Snow Warning|[of] p1b: Abomasnow\n|turn|5\n|\n|t:|1683292959\n|switch|p2b: Blaze|Chi-Yu, L50|100\/100\n|-ability|p2b: Blaze|Beads of Ruin\n|move|p1a: Bronzong|Gyro Ball|p1b: Abomasnow\n|-supereffective|p1b: Abomasnow\n|-damage|p1b: Abomasnow|79\/100\n|-enditem|p1b: Abomasnow|Weakness Policy\n|-boost|p1b: Abomasnow|atk|2|[from] item: Weakness Policy\n|-boost|p1b: Abomasnow|spa|2|[from] item: Weakness Policy\n|move|p1b: Abomasnow|Blizzard|p2b: Blaze|[spread] p2a,p2b\n|-resisted|p2a: Simba\n|-resisted|p2b: Blaze\n|-crit|p2b: Blaze\n|-damage|p2a: Simba|11\/100\n|-damage|p2b: Blaze|40\/100\n|-enditem|p2a: Simba|Sitrus Berry|[eat]\n|-heal|p2a: Simba|36\/100|[from] item: Sitrus Berry\n|move|p2a: Simba|Flare Blitz|p1b: Abomasnow\n|-supereffective|p1b: Abomasnow\n|-damage|p1b: Abomasnow|0 fnt\n|faint|p1b: Abomasnow\n|-damage|p2a: Simba|10\/100|[from] Recoil\n|\n|-weather|Snow|[upkeep]\n|-fieldend|move: Trick Room\n|upkeep\n|\n|t:|1683292979\n|switch|p1b: Arcanine|Arcanine, L50, F|21\/100\n|-ability|p1b: Arcanine|Intimidate|boost\n|-unboost|p2a: Simba|atk|1\n|-unboost|p2b: Blaze|atk|1\n|turn|6\n|\n|t:|1683292994\n|-terastallize|p1b: Arcanine|Flying\n|move|p1b: Arcanine|Extreme Speed|p2b: Blaze\n|-damage|p2b: Blaze|0 fnt\n|faint|p2b: Blaze\n|move|p2a: Simba|Flare Blitz|p1a: Bronzong\n|-supereffective|p1a: Bronzong\n|-damage|p1a: Bronzong|3\/100\n|-damage|p2a: Simba|0 fnt|[from] Recoil\n|faint|p2a: Simba\n|move|p1a: Bronzong|Gyro Ball|p2: Simba|[notarget]\n|-fail|p1a: Bronzong\n|\n|-weather|Snow|[upkeep]\n|-sideend|p1: GFORCEPKMN|Safeguard\n|upkeep\n|\n|t:|1683292999\n|switch|p2b: Titan|Dragonite, L50, M, shiny|53\/100\n|switch|p2a: Lady Mane|Flutter Mane, L50, shiny|100\/100\n|turn|7\n|-message|GFORCEPKMN forfeited.\n|\n|win|mathtass\n|raw|GFORCEPKMN's rating: 1388 → 1365<\/strong> (-23 for losing)\n|raw|mathtass's rating: 1340 → 1363<\/strong> (+23 for winning)\n|l|\u2606GFORCEPKMN\n","uploadtime":1683293014,"views":12,"p1id":"gforcepkmn","p2id":"mathtass","formatid":"gen9vgc2023regulationc","rating":1363,"private":0,"password":""}