{"id":"gen9vgc2023regulationc-1854350790","p1":"Hoppito","p2":"BLECKBOY","format":"[Gen 9] VGC 2023 Regulation C","log":"|j|\u2606Hoppito\n|j|\u2606BLECKBOY\n|t:|1682800166\n|gametype|doubles\n|player|p1|Hoppito|170|\n|player|p2|BLECKBOY|hiker-gen4|\n|teamsize|p1|6\n|teamsize|p2|6\n|gen|9\n|tier|[Gen 9] VGC 2023 Regulation C\n|rule|Species Clause: Limit one of each Pok\u00e9mon\n|rule|Item Clause: Limit one of each item\n|clearpoke\n|poke|p1|Flutter Mane, L50|\n|poke|p1|Amoonguss, L50, F|\n|poke|p1|Murkrow, L50, M|\n|poke|p1|Rotom-Heat, L50|\n|poke|p1|Tatsugiri, L50, M|\n|poke|p1|Dondozo, L50, F|\n|poke|p2|Stonjourner, L50, M|\n|poke|p2|Girafarig, L50, M|\n|poke|p2|Iron Hands, L50|\n|poke|p2|Chien-Pao, L50|\n|poke|p2|Salazzle, L50, F|\n|poke|p2|Goodra, L50, F|\n|teampreview|4\nHoppito has agreed to open team sheets.\n|\n|t:|1682800248\n|start\n|switch|p1a: Murkrow|Murkrow, L50, M|100\/100\n|switch|p1b: Flutter Mane|Flutter Mane, L50|100\/100\n|switch|p2a: Iron Hands|Iron Hands, L50|100\/100\n|switch|p2b: Chien-Pao|Chien-Pao, L50|100\/100\n|-ability|p2b: Chien-Pao|Sword of Ruin\n|turn|1\n|\n|t:|1682800267\n|-terastallize|p1a: Murkrow|Ghost\n|-terastallize|p2a: Iron Hands|Steel\n|move|p1a: Murkrow|Tailwind|p1a: Murkrow\n|-sidestart|p1: Hoppito|move: Tailwind\n|move|p1b: Flutter Mane|Dazzling Gleam|p2b: Chien-Pao|[spread] p2a,p2b\n|-resisted|p2a: Iron Hands\n|-supereffective|p2b: Chien-Pao\n|-damage|p2a: Iron Hands|90\/100\n|-enditem|p2b: Chien-Pao|Focus Sash\n|-damage|p2b: Chien-Pao|1\/100\n|move|p2b: Chien-Pao|Ice Spinner|p1a: Murkrow\n|-damage|p1a: Murkrow|50\/100\n|move|p2a: Iron Hands|Heavy Slam|p1b: Flutter Mane\n|-supereffective|p1b: Flutter Mane\n|-enditem|p1b: Flutter Mane|Focus Sash\n|-damage|p1b: Flutter Mane|1\/100\n|\n|upkeep\n|turn|2\n|\n|t:|1682800323\n|-end|p1b: Flutter Mane|Protosynthesis|[silent]\n|switch|p1b: Rotom|Rotom-Heat, L50|100\/100\n|switch|p2b: Goodra|Goodra, L50, F, shiny|100\/100\n|move|p1a: Murkrow|Protect|p1a: Murkrow\n|-singleturn|p1a: Murkrow|Protect\n|move|p2a: Iron Hands|Thunder Punch|p1b: Rotom\n|-resisted|p1b: Rotom\n|-damage|p1b: Rotom|76\/100\n|\n|upkeep\n|turn|3\n|\n|t:|1682800351\n|-end|p2a: Iron Hands|Quark Drive|[silent]\n|switch|p2a: Salazzle|Salazzle, L50, F|100\/100\n|-item|p2a: Salazzle|Air Balloon\n|move|p1a: Murkrow|Taunt|p2b: Goodra\n|-start|p2b: Goodra|move: Taunt\n|move|p1b: Rotom|Will-O-Wisp|p2a: Salazzle|[miss]\n|-miss|p1b: Rotom|p2a: Salazzle\n|move|p2b: Goodra|Blizzard|p1b: Rotom|[spread] p1a,p1b\n|-resisted|p1b: Rotom\n|-damage|p1a: Murkrow|19\/100\n|-damage|p1b: Rotom|60\/100\n|\n|upkeep\n|turn|4\n|j| Jstardude\n|\n|t:|1682800407\n|move|p1a: Murkrow|Protect|p1a: Murkrow\n|-singleturn|p1a: Murkrow|Protect\n|move|p1b: Rotom|Will-O-Wisp|p2b: Goodra\n|-status|p2b: Goodra|brn\n|move|p2a: Salazzle|Sludge Bomb|p1b: Rotom\n|-damage|p1b: Rotom|25\/100\n|-status|p1b: Rotom|psn\n|-enditem|p1b: Rotom|Sitrus Berry|[eat]\n|-heal|p1b: Rotom|50\/100 psn|[from] item: Sitrus Berry\n|move|p2b: Goodra|Thunder|p1a: Murkrow\n|-activate|p1a: Murkrow|move: Protect\n|\n|-damage|p1b: Rotom|38\/100 psn|[from] psn\n|-damage|p2b: Goodra|94\/100 brn|[from] brn\n|-sideend|p1: Hoppito|move: Tailwind\n|upkeep\n|turn|5\n|\n|t:|1682800432\n|move|p1a: Murkrow|Tailwind|p1a: Murkrow\n|-sidestart|p1: Hoppito|move: Tailwind\n|move|p1b: Rotom|Thunderbolt|p2a: Salazzle\n|-damage|p2a: Salazzle|37\/100\n|-enditem|p2a: Salazzle|Air Balloon\n|move|p2a: Salazzle|Sludge Bomb|p1a: Murkrow\n|-resisted|p1a: Murkrow\n|-crit|p1a: Murkrow\n|-damage|p1a: Murkrow|0 fnt\n|faint|p1a: Murkrow\n|move|p2b: Goodra|Blizzard|p1b: Rotom|[miss]\n|-miss|p2b: Goodra|p1b: Rotom\n|-enditem|p2b: Goodra|Blunder Policy\n|-boost|p2b: Goodra|spe|2\n|\n|-damage|p1b: Rotom|26\/100 psn|[from] psn\n|-damage|p2b: Goodra|88\/100 brn|[from] brn\n|-end|p2b: Goodra|move: Taunt\n|upkeep\n|\n|t:|1682800451\n|switch|p1a: Flutter Mane|Flutter Mane, L50|1\/100\n|turn|6\n|\n|t:|1682800479\n|move|p1a: Flutter Mane|Dazzling Gleam|p2a: Salazzle|[spread] p2a,p2b\n|-resisted|p2a: Salazzle\n|-crit|p2a: Salazzle\n|-supereffective|p2b: Goodra\n|-damage|p2a: Salazzle|16\/100\n|-damage|p2b: Goodra|42\/100 brn\n|move|p1b: Rotom|Thunderbolt|p2a: Salazzle\n|-damage|p2a: Salazzle|0 fnt\n|faint|p2a: Salazzle\n|move|p2b: Goodra|Blizzard|p1b: Rotom|[spread] p1a,p1b\n|-resisted|p1b: Rotom\n|-damage|p1a: Flutter Mane|0 fnt\n|-damage|p1b: Rotom|12\/100 psn\n|faint|p1a: Flutter Mane\n|-end|p1a: Flutter Mane|Protosynthesis|[silent]\n|\n|-damage|p1b: Rotom|0 fnt|[from] psn\n|faint|p1b: Rotom\n|-damage|p2b: Goodra|36\/100 brn|[from] brn\n|upkeep\n|\n|t:|1682800498\n|switch|p2a: Chien-Pao|Chien-Pao, L50|1\/100\n|switch|p1b: Amoonguss|Amoonguss, L50, F|100\/100\n|-ability|p2a: Chien-Pao|Sword of Ruin\n|turn|7\n|\n|t:|1682800528\n|move|p2a: Chien-Pao|Ice Spinner|p1b: Amoonguss\n|-supereffective|p1b: Amoonguss\n|-damage|p1b: Amoonguss|20\/100\n|move|p2b: Goodra|Blizzard|p1b: Amoonguss\n|-supereffective|p1b: Amoonguss\n|-damage|p1b: Amoonguss|0 fnt\n|faint|p1b: Amoonguss\n|\n|win|BLECKBOY\n|j| fatw\n|l|\u2606Hoppito\n|l| fatw\n|l| Jstardude\n|l|\u2606BLECKBOY\n|j| Tuxmux\n","uploadtime":1682801144,"views":20,"p1id":"hoppito","p2id":"bleckboy","formatid":"gen9vgc2023regulationc","rating":0,"private":0,"password":""}