{"id":"gen9vgc2023regulationc-1853452176","p1":"Tszechuan","p2":"50ShadesOfDerp","format":"[Gen 9] VGC 2023 Regulation C","log":"|j|\u2606Tszechuan\n|j|\u260650ShadesOfDerp\n|t:|1682686634\n|gametype|doubles\n|player|p1|Tszechuan|265|1097\n|player|p2|50ShadesOfDerp|ethan|1079\n|teamsize|p1|6\n|teamsize|p2|6\n|gen|9\n|tier|[Gen 9] VGC 2023 Regulation C\n|rated|\n|rule|Species Clause: Limit one of each Pok\u00e9mon\n|rule|Item Clause: Limit one of each item\n|clearpoke\n|poke|p1|Scream Tail, L50|\n|poke|p1|Flutter Mane, L50|\n|poke|p1|Gothitelle, L50, M|\n|poke|p1|Arcanine, L50, M|\n|poke|p1|Amoonguss, L50, F|\n|poke|p1|Palafin, L50, M|\n|poke|p2|Abomasnow, L50, M|\n|poke|p2|Glaceon, L50, F|\n|poke|p2|Amoonguss, L50, M|\n|poke|p2|Flutter Mane, L50|\n|poke|p2|Iron Hands, L50|\n|poke|p2|Kingambit, L50, M|\n|teampreview|4\nTszechuan has agreed to open team sheets.\n|\n|t:|1682686675\n|start\n|switch|p1a: Arcanine|Arcanine, L50, M|100\/100\n|switch|p1b: Palafin|Palafin, L50, M|100\/100\n|switch|p2a: Abomasnow|Abomasnow, L50, M|100\/100\n|switch|p2b: Glaceon|Glaceon, L50, F, shiny|100\/100\n|-ability|p1a: Arcanine|Intimidate|boost\n|-unboost|p2a: Abomasnow|atk|1\n|-unboost|p2b: Glaceon|atk|1\n|-weather|Snow|[from] ability: Snow Warning|[of] p2a: Abomasnow\n|turn|1\n|\n|t:|1682686711\n|-terastallize|p2a: Abomasnow|Water\n|move|p1a: Arcanine|Flare Blitz|p2a: Abomasnow\n|-resisted|p2a: Abomasnow\n|-damage|p2a: Abomasnow|70\/100\n|-damage|p1a: Arcanine|91\/100|[from] Recoil\n|move|p2b: Glaceon|Calm Mind|p2b: Glaceon\n|-boost|p2b: Glaceon|spa|1\n|-boost|p2b: Glaceon|spd|1\n|move|p1b: Palafin|Close Combat|p2b: Glaceon\n|-supereffective|p2b: Glaceon\n|-damage|p2b: Glaceon|55\/100\n|-unboost|p1b: Palafin|def|1\n|-unboost|p1b: Palafin|spd|1\n|move|p2a: Abomasnow|Aurora Veil|p2a: Abomasnow\n|-sidestart|p2: 50ShadesOfDerp|move: Aurora Veil\n|\n|-weather|Snow|[upkeep]\n|upkeep\n|turn|2\n|\n|t:|1682686769\n|detailschange|p1b: Palafin|Palafin-Hero, L50, M\n|switch|p1b: Scream Tail|Scream Tail, L50|100\/100\n|-enditem|p1b: Scream Tail|Booster Energy\n|-activate|p1b: Scream Tail|ability: Protosynthesis|[fromitem]\n|-start|p1b: Scream Tail|protosynthesisspe\n|move|p2b: Glaceon|Protect|p2b: Glaceon\n|-singleturn|p2b: Glaceon|Protect\n|move|p1a: Arcanine|Flare Blitz|p2b: Glaceon\n|-activate|p2b: Glaceon|move: Protect\n|move|p2a: Abomasnow|Giga Drain|p1b: Scream Tail\n|-damage|p1b: Scream Tail|80\/100\n|-heal|p2a: Abomasnow|84\/100|[from] drain|[of] p1b: Scream Tail\n|\n|-weather|Snow|[upkeep]\n|upkeep\n|turn|3\n|\n|t:|1682686810\n|switch|p2b: Amoonguss|Amoonguss, L50, M, shiny|100\/100\n|-terastallize|p1b: Scream Tail|Steel\n|move|p1b: Scream Tail|Disable|p2a: Abomasnow\n|-start|p2a: Abomasnow|Disable|Giga Drain\n|move|p1a: Arcanine|Flare Blitz|p2b: Amoonguss\n|-supereffective|p2b: Amoonguss\n|-damage|p2b: Amoonguss|19\/100\n|-damage|p1a: Arcanine|74\/100|[from] item: Rocky Helmet|[of] p2b: Amoonguss\n|-damage|p1a: Arcanine|40\/100|[from] Recoil\n|move|p2a: Abomasnow|Blizzard|p1a: Arcanine|[spread] p1a,p1b\n|-resisted|p1a: Arcanine\n|-resisted|p1b: Scream Tail\n|-damage|p1a: Arcanine|20\/100\n|-damage|p1b: Scream Tail|69\/100\n|-status|p1b: Scream Tail|frz\n|\n|-weather|Snow|[upkeep]\n|upkeep\n|turn|4\n|\n|t:|1682686848\n|switch|p2b: Kingambit|Kingambit, L50, M|100\/100\n|move|p1a: Arcanine|Extreme Speed|p2b: Kingambit\n|-resisted|p2b: Kingambit\n|-damage|p2b: Kingambit|94\/100\n|-curestatus|p1b: Scream Tail|frz|[msg]\n|move|p1b: Scream Tail|Play Rough|p2a: Abomasnow\n|-damage|p2a: Abomasnow|67\/100\n|-unboost|p2a: Abomasnow|atk|1\n|move|p2a: Abomasnow|Blizzard|p1a: Arcanine|[spread] p1a,p1b\n|-resisted|p1a: Arcanine\n|-resisted|p1b: Scream Tail\n|-damage|p1a: Arcanine|0 fnt\n|-damage|p1b: Scream Tail|57\/100\n|faint|p1a: Arcanine\n|\n|-weather|Snow|[upkeep]\n|upkeep\n|\n|t:|1682686858\n|switch|p1a: Palafin|Palafin-Hero, L50, M|100\/100\n|-activate|p1a: Palafin|ability: Zero to Hero\n|turn|5\n|\n|t:|1682686895\n|move|p1b: Scream Tail|Protect|p1b: Scream Tail\n|-singleturn|p1b: Scream Tail|Protect\n|move|p1a: Palafin|Protect|p1a: Palafin\n|-singleturn|p1a: Palafin|Protect\n|move|p2a: Abomasnow|Blizzard|p1a: Palafin|[spread] \n|-activate|p1a: Palafin|move: Protect\n|-activate|p1b: Scream Tail|move: Protect\n|move|p2b: Kingambit|Kowtow Cleave|p1a: Palafin\n|-activate|p1a: Palafin|move: Protect\n|\n|-weather|Snow|[upkeep]\n|-sideend|p2: 50ShadesOfDerp|move: Aurora Veil\n|upkeep\n|turn|6\n|\n|t:|1682686929\n|move|p1b: Scream Tail|Play Rough|p2a: Abomasnow|[miss]\n|-miss|p1b: Scream Tail|p2a: Abomasnow\n|move|p1a: Palafin|Close Combat|p2b: Kingambit\n|-supereffective|p2b: Kingambit\n|-damage|p2b: Kingambit|0 fnt\n|-unboost|p1a: Palafin|def|1\n|-unboost|p1a: Palafin|spd|1\n|faint|p2b: Kingambit\n|move|p2a: Abomasnow|Aurora Veil|p2a: Abomasnow\n|-sidestart|p2: 50ShadesOfDerp|move: Aurora Veil\n|\n|-weather|Snow|[upkeep]\n|-end|p2a: Abomasnow|Disable\n|upkeep\n|\n|t:|1682686947\n|switch|p2b: Glaceon|Glaceon, L50, F, shiny|55\/100\n|turn|7\n|\n|t:|1682686976\n|move|p1b: Scream Tail|Protect|p1b: Scream Tail\n|-singleturn|p1b: Scream Tail|Protect\n|move|p2b: Glaceon|Protect|p2b: Glaceon\n|-singleturn|p2b: Glaceon|Protect\n|move|p1a: Palafin|Protect|p1a: Palafin\n|-singleturn|p1a: Palafin|Protect\n|move|p2a: Abomasnow|Giga Drain|p1a: Palafin\n|-activate|p1a: Palafin|move: Protect\n|\n|-weather|Snow|[upkeep]\n|upkeep\n|turn|8\n|\n|t:|1682687006\n|move|p1b: Scream Tail|Disable|p2a: Abomasnow\n|-start|p2a: Abomasnow|Disable|Giga Drain\n|move|p2b: Glaceon|Freeze-Dry|p1a: Palafin\n|-supereffective|p1a: Palafin\n|-damage|p1a: Palafin|0 fnt\n|faint|p1a: Palafin\n|cant|p2a: Abomasnow|Disable|Giga Drain\n|\n|-weather|none\n|upkeep\n|\n|t:|1682687011\n|switch|p1a: Flutter Mane|Flutter Mane, L50|100\/100\n|turn|9\n|\n|t:|1682687027\n|move|p2b: Glaceon|Protect|p2b: Glaceon\n|-singleturn|p2b: Glaceon|Protect\n|move|p1b: Scream Tail|Play Rough|p2b: Glaceon\n|-activate|p2b: Glaceon|move: Protect\n|move|p1a: Flutter Mane|Moonblast|p2b: Glaceon\n|-activate|p2b: Glaceon|move: Protect\n|move|p2a: Abomasnow|Blizzard|p1b: Scream Tail|[spread] p1a\n|-miss|p2a: Abomasnow|p1b: Scream Tail\n|-damage|p1a: Flutter Mane|65\/100\n|\n|upkeep\n|turn|10\n|\n|t:|1682687053\n|switch|p2b: Amoonguss|Amoonguss, L50, M, shiny|52\/100\n|move|p1b: Scream Tail|Play Rough|p2b: Amoonguss\n|-resisted|p2b: Amoonguss\n|-damage|p2b: Amoonguss|43\/100\n|-damage|p1b: Scream Tail|41\/100|[from] item: Rocky Helmet|[of] p2b: Amoonguss\n|move|p1a: Flutter Mane|Moonblast|p2b: Amoonguss\n|-resisted|p2b: Amoonguss\n|-damage|p2b: Amoonguss|32\/100\n|move|p2a: Abomasnow|Blizzard|p1a: Flutter Mane|[spread] p1b\n|-miss|p2a: Abomasnow|p1a: Flutter Mane\n|-resisted|p1b: Scream Tail\n|-damage|p1b: Scream Tail|29\/100\n|\n|-sideend|p2: 50ShadesOfDerp|move: Aurora Veil\n|upkeep\n|turn|11\n|\n|t:|1682687077\n|switch|p2a: Glaceon|Glaceon, L50, F, shiny|55\/100\n|move|p1b: Scream Tail|Play Rough|p2a: Glaceon\n|-damage|p2a: Glaceon|28\/100\n|move|p1a: Flutter Mane|Shadow Ball|p2b: Amoonguss\n|-damage|p2b: Amoonguss|2\/100\n|move|p2b: Amoonguss|Spore|p1a: Flutter Mane\n|-status|p1a: Flutter Mane|slp|[from] move: Spore\n|\n|upkeep\n|turn|12\n|\n|t:|1682687106\n|move|p2b: Amoonguss|Rage Powder|p2b: Amoonguss\n|-singleturn|p2b: Amoonguss|move: Rage Powder\n|move|p1b: Scream Tail|Play Rough|p2b: Amoonguss\n|-resisted|p2b: Amoonguss\n|-damage|p2b: Amoonguss|0 fnt\n|-damage|p1b: Scream Tail|13\/100|[from] item: Rocky Helmet|[of] p2b: Amoonguss\n|faint|p2b: Amoonguss\n|cant|p1a: Flutter Mane|slp\n|move|p2a: Glaceon|Calm Mind|p2a: Glaceon\n|-boost|p2a: Glaceon|spa|1\n|-boost|p2a: Glaceon|spd|1\n|\n|upkeep\n|\n|t:|1682687118\n|switch|p2b: Abomasnow|Abomasnow, L50, M, tera:Water|67\/100\n|-weather|Snow|[from] ability: Snow Warning|[of] p2b: Abomasnow\n|turn|13\n|\n|t:|1682687138\n|move|p2a: Glaceon|Protect|p2a: Glaceon\n|-singleturn|p2a: Glaceon|Protect\n|move|p1b: Scream Tail|Play Rough|p2a: Glaceon\n|-activate|p2a: Glaceon|move: Protect\n|cant|p1a: Flutter Mane|slp\n|move|p2b: Abomasnow|Giga Drain|p1a: Flutter Mane\n|-damage|p1a: Flutter Mane|35\/100 slp\n|-heal|p2b: Abomasnow|79\/100|[from] drain|[of] p1a: Flutter Mane\n|\n|-weather|Snow|[upkeep]\n|upkeep\n|turn|14\n|inactive|Battle timer is ON: inactive players will automatically lose when time's up. (requested by Tszechuan)\n|\n|t:|1682687163\n|move|p1b: Scream Tail|Play Rough|p2a: Glaceon\n|-damage|p2a: Glaceon|10\/100\n|-curestatus|p1a: Flutter Mane|slp|[msg]\n|move|p1a: Flutter Mane|Moonblast|p2a: Glaceon\n|-damage|p2a: Glaceon|0 fnt\n|faint|p2a: Glaceon\n|move|p2b: Abomasnow|Aurora Veil|p2b: Abomasnow\n|-sidestart|p2: 50ShadesOfDerp|move: Aurora Veil\n|\n|-weather|Snow|[upkeep]\n|upkeep\n|turn|15\n|\n|t:|1682687180\n|move|p1b: Scream Tail|Play Rough|p2b: Abomasnow\n|-damage|p2b: Abomasnow|62\/100\n|move|p1a: Flutter Mane|Moonblast|p2b: Abomasnow\n|-damage|p2b: Abomasnow|22\/100\n|move|p2b: Abomasnow|Blizzard|p1b: Scream Tail|[spread] p1a,p1b\n|-resisted|p1b: Scream Tail\n|-damage|p1a: Flutter Mane|0 fnt\n|-damage|p1b: Scream Tail|2\/100\n|faint|p1a: Flutter Mane\n|-end|p1a: Flutter Mane|Protosynthesis|[silent]\n|\n|-weather|Snow|[upkeep]\n|upkeep\n|turn|16\n|\n|t:|1682687196\n|move|p2b: Abomasnow|Ice Shard|p1b: Scream Tail\n|-resisted|p1b: Scream Tail\n|-damage|p1b: Scream Tail|0 fnt\n|faint|p1b: Scream Tail\n|-end|p1b: Scream Tail|Protosynthesis|[silent]\n|\n|win|50ShadesOfDerp\n|raw|Tszechuan's rating: 1097 → 1071<\/strong> (-26 for losing)\n|raw|50ShadesOfDerp's rating: 1079 → 1109<\/strong> (+30 for winning)\n|l|\u2606Tszechuan\n","uploadtime":1682687212,"views":14,"p1id":"tszechuan","p2id":"50shadesofderp","formatid":"gen9vgc2023regulationc","rating":1071,"private":0,"password":""}