{"id":"gen9vgc2023regulationc-1853400287","p1":"Zebstrikareem","p2":"PokeSepp","format":"[Gen 9] VGC 2023 Regulation C","log":"|j|\u2606Zebstrikareem\n|j|\u2606PokeSepp\n|t:|1682680321\n|gametype|doubles\n|player|p1|Zebstrikareem|101|1043\n|player|p2|PokeSepp|chuck|1027\n|teamsize|p1|6\n|teamsize|p2|6\n|gen|9\n|tier|[Gen 9] VGC 2023 Regulation C\n|rated|\n|rule|Species Clause: Limit one of each Pok\u00e9mon\n|rule|Item Clause: Limit one of each item\n|clearpoke\n|poke|p1|Indeedee-F, L50, F|\n|poke|p1|Arcanine, L50, M|\n|poke|p1|Hawlucha, L50, M|\n|poke|p1|Flutter Mane, L50|\n|poke|p1|Sandy Shocks, L50|\n|poke|p1|Tyranitar, L50, F|\n|poke|p2|Pelipper, L50, F|\n|poke|p2|Quaquaval, L50, M|\n|poke|p2|Drednaw, L50, F|\n|poke|p2|Toxapex, L50, M|\n|poke|p2|Clodsire, L50, F|\n|poke|p2|Salamence, L50, F|\n|teampreview|4\n|\n|t:|1682680354\n|start\n|switch|p1a: Indeedee|Indeedee-F, L50, F|100\/100\n|switch|p1b: Hawlucha|Hawlucha, L50, M|100\/100\n|switch|p2a: Pelipper|Pelipper, L50, F|100\/100\n|switch|p2b: Drednaw|Drednaw, L50, F|100\/100\n|-fieldstart|move: Psychic Terrain|[from] ability: Psychic Surge|[of] p1a: Indeedee\n|-enditem|p1b: Hawlucha|Psychic Seed\n|-boost|p1b: Hawlucha|spd|1|[from] item: Psychic Seed\n|-weather|RainDance|[from] ability: Drizzle|[of] p2a: Pelipper\n|turn|1\n|\n|t:|1682680394\n|move|p1a: Indeedee|Follow Me|p1a: Indeedee\n|-singleturn|p1a: Indeedee|move: Follow Me\n|move|p1b: Hawlucha|Close Combat|p2b: Drednaw\n|-supereffective|p2b: Drednaw\n|-damage|p2b: Drednaw|0 fnt\n|-unboost|p1b: Hawlucha|def|1\n|-unboost|p1b: Hawlucha|spd|1\n|faint|p2b: Drednaw\n|move|p2a: Pelipper|Tailwind|p2a: Pelipper\n|-sidestart|p2: PokeSepp|move: Tailwind\n|\n|-weather|RainDance|[upkeep]\n|upkeep\n|\n|t:|1682680409\n|switch|p2b: Salamence|Salamence, L50, F|100\/100\n|-ability|p2b: Salamence|Intimidate|boost\n|-unboost|p1a: Indeedee|atk|1\n|-unboost|p1b: Hawlucha|atk|1\n|turn|2\n|\n|t:|1682680422\n|move|p1a: Indeedee|Follow Me|p1a: Indeedee\n|-singleturn|p1a: Indeedee|move: Follow Me\n|move|p2b: Salamence|Hurricane|p1a: Indeedee\n|-damage|p1a: Indeedee|68\/100\n|move|p1b: Hawlucha|Swords Dance|p1b: Hawlucha\n|-boost|p1b: Hawlucha|atk|2\n|move|p2a: Pelipper|Knock Off|p1a: Indeedee\n|-supereffective|p1a: Indeedee\n|-damage|p1a: Indeedee|32\/100\n|-enditem|p1a: Indeedee|Safety Goggles|[from] move: Knock Off|[of] p2a: Pelipper\n|\n|-weather|RainDance|[upkeep]\n|upkeep\n|turn|3\n|\n|t:|1682680448\n|move|p1a: Indeedee|Follow Me|p1a: Indeedee\n|-singleturn|p1a: Indeedee|move: Follow Me\n|move|p2b: Salamence|Crunch|p1a: Indeedee\n|-supereffective|p1a: Indeedee\n|-damage|p1a: Indeedee|0 fnt\n|faint|p1a: Indeedee\n|move|p1b: Hawlucha|Swords Dance|p1b: Hawlucha\n|-boost|p1b: Hawlucha|atk|2\n|move|p2a: Pelipper|Hurricane|p1b: Hawlucha\n|-supereffective|p1b: Hawlucha\n|-damage|p1b: Hawlucha|15\/100\n|-start|p1b: Hawlucha|confusion\n|\n|-weather|RainDance|[upkeep]\n|upkeep\n|\n|t:|1682680465\n|switch|p1a: Sandy Shocks|Sandy Shocks, L50|100\/100\n|turn|4\n|\n|t:|1682680495\n|switch|p2a: Clodsire|Clodsire, L50, F|100\/100\n|-activate|p1b: Hawlucha|confusion\n|move|p1b: Hawlucha|Protect|p1b: Hawlucha\n|-singleturn|p1b: Hawlucha|Protect\n|move|p2b: Salamence|Hurricane|p1b: Hawlucha\n|-activate|p1b: Hawlucha|move: Protect\n|move|p1a: Sandy Shocks|Thunderbolt|p2a: Clodsire\n|-immune|p2a: Clodsire\n|\n|-weather|RainDance|[upkeep]\n|-sideend|p2: PokeSepp|move: Tailwind\n|upkeep\n|turn|5\n|\n|t:|1682680521\n|-activate|p1b: Hawlucha|confusion\n|move|p1b: Hawlucha|Acrobatics|p2b: Salamence\n|-damage|p2b: Salamence|0 fnt\n|faint|p2b: Salamence\n|move|p1a: Sandy Shocks|Earth Power|p2a: Clodsire\n|-supereffective|p2a: Clodsire\n|-damage|p2a: Clodsire|20\/100\n|-unboost|p2a: Clodsire|spd|1\n|-damage|p1a: Sandy Shocks|91\/100|[from] item: Life Orb\n|move|p2a: Clodsire|Earthquake|p1b: Hawlucha|[spread] p1a\n|-immune|p1b: Hawlucha\n|-supereffective|p1a: Sandy Shocks\n|-damage|p1a: Sandy Shocks|38\/100\n|\n|-weather|RainDance|[upkeep]\n|-heal|p2a: Clodsire|26\/100|[from] item: Leftovers\n|-fieldend|move: Psychic Terrain\n|upkeep\n|\n|t:|1682680537\n|switch|p2b: Pelipper|Pelipper, L50, F|100\/100\n|turn|6\n|\n|t:|1682680574\n|move|p2b: Pelipper|Protect|p2b: Pelipper\n|-singleturn|p2b: Pelipper|Protect\n|-activate|p1b: Hawlucha|confusion\n|-damage|p1b: Hawlucha|0 fnt|[from] confusion\n|faint|p1b: Hawlucha\n|move|p1a: Sandy Shocks|Thunderbolt|p2b: Pelipper\n|-activate|p2b: Pelipper|move: Protect\n|move|p2a: Clodsire|Earthquake|p1a: Sandy Shocks|[spread] p1a\n|-activate|p2b: Pelipper|move: Protect\n|-supereffective|p1a: Sandy Shocks\n|-damage|p1a: Sandy Shocks|0 fnt\n|faint|p1a: Sandy Shocks\n|-end|p1a: Sandy Shocks|Protosynthesis|[silent]\n|\n|-weather|RainDance|[upkeep]\n|-heal|p2a: Clodsire|32\/100|[from] item: Leftovers\n|upkeep\n|\n|t:|1682680584\n|switch|p1b: Flutter Mane|Flutter Mane, L50|100\/100\n|-enditem|p1b: Flutter Mane|Booster Energy\n|-activate|p1b: Flutter Mane|ability: Protosynthesis|[fromitem]\n|-start|p1b: Flutter Mane|protosynthesisspa\n|turn|7\n|inactive|Battle timer is ON: inactive players will automatically lose when time's up. (requested by Zebstrikareem)\n|\n|t:|1682680613\n|move|p2a: Clodsire|Protect|p2a: Clodsire\n|-singleturn|p2a: Clodsire|Protect\n|move|p1b: Flutter Mane|Shadow Ball|p2a: Clodsire\n|-activate|p2a: Clodsire|move: Protect\n|move|p2b: Pelipper|Hurricane|p1b: Flutter Mane\n|-damage|p1b: Flutter Mane|68\/100\n|\n|-weather|RainDance|[upkeep]\n|-heal|p2a: Clodsire|38\/100|[from] item: Leftovers\n|upkeep\n|turn|8\n|inactive|PokeSepp has 30 seconds left.\n|\n|t:|1682680648\n|move|p1b: Flutter Mane|Shadow Ball|p2a: Clodsire\n|-damage|p2a: Clodsire|0 fnt\n|faint|p2a: Clodsire\n|move|p2b: Pelipper|Tailwind|p2b: Pelipper\n|-sidestart|p2: PokeSepp|move: Tailwind\n|\n|-weather|none\n|upkeep\n|turn|9\n|\n|t:|1682680664\n|move|p2b: Pelipper|Hurricane|p1b: Flutter Mane\n|-damage|p1b: Flutter Mane|37\/100\n|-start|p1b: Flutter Mane|confusion\n|-activate|p1b: Flutter Mane|confusion\n|-damage|p1b: Flutter Mane|28\/100|[from] confusion\n|\n|upkeep\n|turn|10\n|\n|t:|1682680675\n|move|p2b: Pelipper|Hurricane|p1b: Flutter Mane\n|-damage|p1b: Flutter Mane|0 fnt\n|faint|p1b: Flutter Mane\n|-end|p1b: Flutter Mane|Protosynthesis|[silent]\n|\n|win|PokeSepp\n|raw|Zebstrikareem's rating: 1043 → 1026<\/strong> (-17 for losing)\n|raw|PokeSepp's rating: 1027 → 1065<\/strong> (+38 for winning)\n","uploadtime":1682680681,"views":5,"p1id":"zebstrikareem","p2id":"pokesepp","formatid":"gen9vgc2023regulationc","rating":1026,"private":0,"password":""}