{"id":"gen9vgc2023regulationc-1854923187","p1":"Joull","p2":"Thossq","format":"[Gen 9] VGC 2023 Regulation C","log":"|j|\u2606Joull\n|j|\u2606Thossq\n|t:|1682881179\n|gametype|doubles\n|player|p1|Joull|lance-gen2|1130\n|player|p2|Thossq|sabrina|1029\n|teamsize|p1|6\n|teamsize|p2|6\n|gen|9\n|tier|[Gen 9] VGC 2023 Regulation C\n|rated|\n|rule|Species Clause: Limit one of each Pok\u00e9mon\n|rule|Item Clause: Limit one of each item\n|clearpoke\n|poke|p1|Lycanroc, L50, F|\n|poke|p1|Tyranitar, L50, F|\n|poke|p1|Gastrodon-East, L50, F|\n|poke|p1|Annihilape, L50, M|\n|poke|p1|Brambleghast, L50, M|\n|poke|p1|Corviknight, L50, M|\n|poke|p2|Cetoddle, L50, M|\n|poke|p2|Kingambit, L50, M|\n|poke|p2|Indeedee-F, L50, F|\n|poke|p2|Abomasnow, L50, M|\n|poke|p2|Armarouge, L50, F|\n|poke|p2|Bombirdier, L50, F|\n|teampreview|4\n|\n|t:|1682881225\n|start\n|switch|p1a: Tyranitar|Tyranitar, L50, F, shiny|100\/100\n|switch|p1b: Lycanroc|Lycanroc, L50, F, shiny|100\/100\n|switch|p2a: Abomasnow|Abomasnow, L50, M|100\/100\n|switch|p2b: Indeedee|Indeedee-F, L50, F|100\/100\n|-fieldstart|move: Psychic Terrain|[from] ability: Psychic Surge|[of] p2b: Indeedee\n|-weather|Snow|[from] ability: Snow Warning|[of] p2a: Abomasnow\n|-weather|Sandstorm|[from] ability: Sand Stream|[of] p1a: Tyranitar\n|turn|1\n|\n|t:|1682881256\n|switch|p1a: Brambleghast|Brambleghast, L50, M|100\/100\n|move|p1b: Lycanroc|Psychic Fangs|p2b: Indeedee\n|-resisted|p2b: Indeedee\n|-damage|p2b: Indeedee|71\/100\n|move|p2a: Abomasnow|Blizzard|p1b: Lycanroc|[spread] p1b\n|-ability|p1a: Brambleghast|Wind Rider|boost\n|-boost|p1a: Brambleghast|atk|1\n|-damage|p1b: Lycanroc|70\/100\n|move|p2b: Indeedee|Trick Room|p2b: Indeedee\n|-fieldstart|move: Trick Room|[of] p2b: Indeedee\n|\n|-weather|Sandstorm|[upkeep]\n|-damage|p2a: Abomasnow|94\/100|[from] Sandstorm\n|-damage|p2b: Indeedee|65\/100|[from] Sandstorm\n|-damage|p1a: Brambleghast|94\/100|[from] Sandstorm\n|upkeep\n|turn|2\n|inactive|Battle timer is ON: inactive players will automatically lose when time's up. (requested by Joull)\n|\n|t:|1682881295\n|switch|p2a: Armarouge|Armarouge, L50, F|100\/100\n|switch|p1b: Annihilape|Annihilape, L50, M|100\/100\n|move|p2b: Indeedee|Follow Me|p2b: Indeedee\n|-singleturn|p2b: Indeedee|move: Follow Me\n|move|p1a: Brambleghast|Beat Up|p2b: Indeedee\n|-supereffective|p2b: Indeedee\n|-damage|p2b: Indeedee|43\/100\n|-supereffective|p2b: Indeedee\n|-damage|p2b: Indeedee|21\/100\n|-supereffective|p2b: Indeedee\n|-damage|p2b: Indeedee|0 fnt\n|faint|p2b: Indeedee\n|-hitcount|p2: Indeedee|3\n|\n|-weather|Sandstorm|[upkeep]\n|-damage|p2a: Armarouge|95\/100|[from] Sandstorm\n|-damage|p1a: Brambleghast|88\/100|[from] Sandstorm\n|-damage|p1b: Annihilape|95\/100|[from] Sandstorm\n|upkeep\n|\n|t:|1682881310\n|switch|p2b: Abomasnow|Abomasnow, L50, M|94\/100\n|-weather|Snow|[from] ability: Snow Warning|[of] p2b: Abomasnow\n|turn|3\n|inactive|Thossq has 30 seconds left.\n|\n|t:|1682881338\n|-terastallize|p2a: Armarouge|Grass\n|-terastallize|p1b: Annihilape|Fire\n|move|p2b: Abomasnow|Blizzard|p1a: Brambleghast|[spread] p1b\n|-ability|p1a: Brambleghast|Wind Rider|boost\n|-boost|p1a: Brambleghast|atk|1\n|-resisted|p1b: Annihilape\n|-damage|p1b: Annihilape|83\/100\n|-status|p1b: Annihilape|frz\n|move|p2a: Armarouge|Expanding Force|p1b: Annihilape|[spread] p1a,p1b\n|-damage|p1a: Brambleghast|0 fnt\n|-damage|p1b: Annihilape|29\/100 frz\n|faint|p1a: Brambleghast\n|-damage|p2a: Armarouge|85\/100|[from] item: Life Orb\n|cant|p1b: Annihilape|frz\n|\n|-weather|Snow|[upkeep]\n|upkeep\n|\n|t:|1682881356\n|switch|p1a: Tyranitar|Tyranitar, L50, F, shiny|100\/100\n|-weather|Sandstorm|[from] ability: Sand Stream|[of] p1a: Tyranitar\n|turn|4\n|\n|t:|1682881369\n|move|p1a: Tyranitar|Rock Slide|p2a: Armarouge|[spread] p2b\n|-miss|p1a: Tyranitar|p2a: Armarouge\n|-supereffective|p2b: Abomasnow\n|-damage|p2b: Abomasnow|37\/100\n|cant|p2b: Abomasnow|flinch\n|move|p2a: Armarouge|Expanding Force|p1b: Annihilape|[spread] p1b\n|-immune|p1a: Tyranitar\n|-damage|p1b: Annihilape|0 fnt\n|faint|p1b: Annihilape\n|-damage|p2a: Armarouge|75\/100|[from] item: Life Orb\n|\n|-weather|Sandstorm|[upkeep]\n|-damage|p2b: Abomasnow|30\/100|[from] Sandstorm\n|-damage|p2a: Armarouge|69\/100|[from] Sandstorm\n|upkeep\n|\n|t:|1682881386\n|switch|p1b: Lycanroc|Lycanroc, L50, F, shiny|70\/100\n|turn|5\n|inactive|Thossq has 30 seconds left.\n|inactive|Thossq has 20 seconds left.\n|inactive|Thossq has 15 seconds left.\n|\n|t:|1682881427\n|move|p1b: Lycanroc|Protect|p1b: Lycanroc\n|-singleturn|p1b: Lycanroc|Protect\n|move|p1a: Tyranitar|Rock Slide|p2b: Abomasnow|[spread] p2a,p2b\n|-supereffective|p2b: Abomasnow\n|-damage|p2a: Armarouge|52\/100\n|-damage|p2b: Abomasnow|0 fnt\n|faint|p2b: Abomasnow\n|move|p2a: Armarouge|Expanding Force|p1b: Lycanroc|[spread] \n|-activate|p1b: Lycanroc|move: Protect\n|-immune|p1a: Tyranitar\n|\n|-weather|Sandstorm|[upkeep]\n|-damage|p2a: Armarouge|46\/100|[from] Sandstorm\n|-fieldend|move: Trick Room\n|-fieldend|move: Psychic Terrain\n|upkeep\n|\n|t:|1682881438\n|switch|p2b: Cetoddle|Cetoddle, L50, M|100\/100\n|turn|6\n|\n|t:|1682881458\n|move|p1b: Lycanroc|Accelerock|p2b: Cetoddle\n|-supereffective|p2b: Cetoddle\n|-damage|p2b: Cetoddle|60\/100\n|move|p2a: Armarouge|Expanding Force|p1b: Lycanroc\n|-damage|p1b: Lycanroc|24\/100\n|-damage|p2a: Armarouge|36\/100|[from] item: Life Orb\n|move|p1a: Tyranitar|Rock Slide|p2a: Armarouge|[spread] p2a\n|-miss|p1a: Tyranitar|p2b: Cetoddle\n|-damage|p2a: Armarouge|17\/100\n|move|p2b: Cetoddle|Liquidation|p1a: Tyranitar\n|-supereffective|p1a: Tyranitar\n|-damage|p1a: Tyranitar|67\/100\n|-unboost|p1a: Tyranitar|def|1\n|\n|-weather|Sandstorm|[upkeep]\n|-damage|p2a: Armarouge|11\/100|[from] Sandstorm\n|-damage|p2b: Cetoddle|54\/100|[from] Sandstorm\n|upkeep\n|turn|7\n|inactive|Joull has 30 seconds left.\n|inactive|Thossq has 30 seconds left.\n|inactive|Thossq has 20 seconds left.\n|\n|t:|1682881506\n|move|p2b: Cetoddle|Ice Shard|p1b: Lycanroc\n|-crit|p1b: Lycanroc\n|-damage|p1b: Lycanroc|0 fnt\n|faint|p1b: Lycanroc\n|move|p2a: Armarouge|Armor Cannon|p1a: Tyranitar\n|-resisted|p1a: Tyranitar\n|-damage|p1a: Tyranitar|54\/100\n|-unboost|p2a: Armarouge|def|1\n|-unboost|p2a: Armarouge|spd|1\n|-damage|p2a: Armarouge|2\/100|[from] item: Life Orb\n|move|p1a: Tyranitar|Rock Slide|p2b: Cetoddle|[spread] p2a,p2b\n|-supereffective|p2b: Cetoddle\n|-damage|p2a: Armarouge|0 fnt\n|-damage|p2b: Cetoddle|5\/100\n|faint|p2a: Armarouge\n|\n|-weather|Sandstorm|[upkeep]\n|-damage|p2b: Cetoddle|0 fnt|[from] Sandstorm\n|faint|p2b: Cetoddle\n|\n|win|Joull\n|upkeep\n|raw|Joull's rating: 1130 → 1148<\/strong> (+18 for winning)\n|raw|Thossq's rating: 1029 → 1019<\/strong> (-10 for losing)\n|l|\u2606Thossq\n","uploadtime":1682881526,"views":4,"p1id":"joull","p2id":"thossq","formatid":"gen9vgc2023regulationc","rating":1019,"private":0,"password":""}