{"id":"gen9vgc2023regulationc-1854392599","p1":"elementalscion","p2":"sabrrrroso","format":"[Gen 9] VGC 2023 Regulation C","log":"|j|\u2606elementalscion\n|j|\u2606sabrrrroso\n|t:|1682805190\n|gametype|doubles\n|player|p1|elementalscion|riley|1389\n|player|p2|sabrrrroso|1|1471\n|teamsize|p1|6\n|teamsize|p2|6\n|gen|9\n|tier|[Gen 9] VGC 2023 Regulation C\n|rated|\n|rule|Species Clause: Limit one of each Pok\u00e9mon\n|rule|Item Clause: Limit one of each item\n|clearpoke\n|poke|p1|Palafin, L50, M|\n|poke|p1|Ceruledge, L50, M|\n|poke|p1|Lycanroc, L50, F|\n|poke|p1|Roaring Moon, L50|\n|poke|p1|Amoonguss, L50, F|\n|poke|p1|Tyranitar, L50, F|\n|poke|p2|Wo-Chien, L50|\n|poke|p2|Glimmora, L50, F|\n|poke|p2|Volcarona, L50, M|\n|poke|p2|Flutter Mane, L50|\n|poke|p2|Baxcalibur, L50, M|\n|poke|p2|Gyarados, L50, M|\n|teampreview|4\n|c|\u2606elementalscion|Glhf\n|\n|t:|1682805248\n|start\n|switch|p1a: Amoonguss|Amoonguss, L50, F|100\/100\n|switch|p1b: Ceruledge|Ceruledge, L50, M|100\/100\n|switch|p2a: Baxcalibur|Baxcalibur, L50, M|100\/100\n|switch|p2b: Gyarados|Gyarados, L50, M, shiny|100\/100\n|-ability|p2b: Gyarados|Intimidate|boost\n|-unboost|p1a: Amoonguss|atk|1\n|-fail|p1b: Ceruledge|unboost|[from] item: Clear Amulet|[of] p1b: Ceruledge\n|turn|1\n|c|\u2606sabrrrroso|Glhf!\n|\n|t:|1682805316\n|move|p1a: Amoonguss|Protect|p1a: Amoonguss\n|-singleturn|p1a: Amoonguss|Protect\n|move|p2a: Baxcalibur|Icicle Spear|p1a: Amoonguss\n|-activate|p1a: Amoonguss|move: Protect\n|move|p1b: Ceruledge|Close Combat|p2a: Baxcalibur\n|-supereffective|p2a: Baxcalibur\n|-damage|p2a: Baxcalibur|30\/100\n|-unboost|p1b: Ceruledge|def|1\n|-unboost|p1b: Ceruledge|spd|1\n|move|p2b: Gyarados|Whirlpool|p1b: Ceruledge|[miss]\n|-miss|p2b: Gyarados|p1b: Ceruledge\n|\n|upkeep\n|turn|2\n|c|\u2606elementalscion|!dt whirlpool\n|raw| Whirlpool<\/a><\/span> <\/span> Power<\/em> 35<\/span> Accuracy<\/em> 85%<\/span> PP<\/em> 24<\/span> Traps and damages the target for 4-5 turns.<\/span> <\/li> <\/li><\/ul>\n|raw|Priority:<\/font> 0 |  Gen:<\/font> 2 |  Z-Power:<\/font> 100 |  Dynamax Power:<\/font> 90 |  Target:<\/font> One Adjacent Pok\u00e9mon<\/font>\n\n|c|\u2606elementalscion|I thought that was the third 95% accurate dodge in a row\n|c|\u2606elementalscion|My luck has been good today\n|\n|t:|1682805382\n|move|p2a: Baxcalibur|Protect|p2a: Baxcalibur\n|-singleturn|p2a: Baxcalibur|Protect\n|move|p1a: Amoonguss|Rage Powder|p1a: Amoonguss\n|-singleturn|p1a: Amoonguss|move: Rage Powder\n|move|p1b: Ceruledge|Close Combat|p2a: Baxcalibur\n|-activate|p2a: Baxcalibur|move: Protect\n|move|p2b: Gyarados|Taunt|p1a: Amoonguss\n|-start|p1a: Amoonguss|move: Taunt\n|\n|upkeep\n|turn|3\n|c|\u2606sabrrrroso|Hahaha nice\n|\n|t:|1682805413\n|switch|p1b: Lycanroc|Lycanroc, L50, F|100\/100\n|switch|p1a: Tyranitar|Tyranitar, L50, F|100\/100\n|-weather|Sandstorm|[from] ability: Sand Stream|[of] p1a: Tyranitar\n|move|p2a: Baxcalibur|Icicle Spear|p1a: Tyranitar\n|-damage|p1a: Tyranitar|87\/100\n|-damage|p1a: Tyranitar|75\/100\n|-damage|p1a: Tyranitar|61\/100\n|-damage|p1a: Tyranitar|47\/100\n|-hitcount|p1a: Tyranitar|4\n|move|p2b: Gyarados|Whirlpool|p1b: Lycanroc\n|-supereffective|p1b: Lycanroc\n|-damage|p1b: Lycanroc|81\/100\n|-activate|p1b: Lycanroc|move: Whirlpool|[of] p2b: Gyarados\n|\n|-weather|Sandstorm|[upkeep]\n|-damage|p2a: Baxcalibur|24\/100|[from] Sandstorm\n|-damage|p2b: Gyarados|95\/100|[from] Sandstorm\n|-damage|p1b: Lycanroc|64\/100|[from] move: Whirlpool|[partiallytrapped]\n|upkeep\n|turn|4\n|\n|t:|1682805459\n|switch|p1a: Amoonguss|Amoonguss, L50, F|100\/100\n|move|p2a: Baxcalibur|Protect|p2a: Baxcalibur\n|-singleturn|p2a: Baxcalibur|Protect\n|move|p2b: Gyarados|Protect|p2b: Gyarados\n|-singleturn|p2b: Gyarados|Protect\n|move|p1b: Lycanroc|Rock Slide|p2a: Baxcalibur|[spread] \n|-activate|p2a: Baxcalibur|move: Protect\n|-activate|p2b: Gyarados|move: Protect\n|\n|-weather|Sandstorm|[upkeep]\n|-damage|p2a: Baxcalibur|18\/100|[from] Sandstorm\n|-damage|p2b: Gyarados|89\/100|[from] Sandstorm\n|-damage|p1a: Amoonguss|95\/100|[from] Sandstorm\n|-damage|p1b: Lycanroc|48\/100|[from] move: Whirlpool|[partiallytrapped]\n|upkeep\n|turn|5\n|\n|t:|1682805490\n|switch|p2b: Wo-Chien|Wo-Chien, L50|100\/100\n|-ability|p2b: Wo-Chien|Tablets of Ruin\n|-terastallize|p2a: Baxcalibur|Ground\n|move|p1a: Amoonguss|Protect|p1a: Amoonguss\n|-singleturn|p1a: Amoonguss|Protect\n|move|p1b: Lycanroc|Rock Slide|p2b: Wo-Chien|[spread] p2a,p2b\n|-resisted|p2a: Baxcalibur\n|-damage|p2a: Baxcalibur|8\/100\n|-damage|p2b: Wo-Chien|83\/100\n|cant|p2a: Baxcalibur|flinch\n|\n|-weather|Sandstorm|[upkeep]\n|-damage|p2b: Wo-Chien|77\/100|[from] Sandstorm\n|-damage|p1a: Amoonguss|89\/100|[from] Sandstorm\n|-heal|p2b: Wo-Chien|83\/100|[from] item: Leftovers\n|-end|p1b: Lycanroc|Whirlpool|[partiallytrapped]|[silent]\n|upkeep\n|turn|6\n|\n|t:|1682805516\n|move|p2a: Baxcalibur|Protect|p2a: Baxcalibur\n|-singleturn|p2a: Baxcalibur|Protect\n|move|p1b: Lycanroc|Close Combat|p2b: Wo-Chien\n|-supereffective|p2b: Wo-Chien\n|-damage|p2b: Wo-Chien|28\/100\n|-unboost|p1b: Lycanroc|def|1\n|-unboost|p1b: Lycanroc|spd|1\n|move|p2b: Wo-Chien|Foul Play|p1b: Lycanroc\n|-damage|p1b: Lycanroc|0 fnt\n|faint|p1b: Lycanroc\n|move|p1a: Amoonguss|Pollen Puff|p2a: Baxcalibur\n|-activate|p2a: Baxcalibur|move: Protect\n|\n|-weather|Sandstorm|[upkeep]\n|-damage|p2b: Wo-Chien|22\/100|[from] Sandstorm\n|-damage|p1a: Amoonguss|83\/100|[from] Sandstorm\n|-heal|p2b: Wo-Chien|28\/100|[from] item: Leftovers\n|upkeep\n|\n|t:|1682805535\n|switch|p1b: Ceruledge|Ceruledge, L50, M|100\/100\n|turn|7\n|\n|t:|1682805547\n|move|p1b: Ceruledge|Shadow Sneak|p2a: Baxcalibur\n|-damage|p2a: Baxcalibur|0 fnt\n|faint|p2a: Baxcalibur\n|move|p2b: Wo-Chien|Foul Play|p1b: Ceruledge\n|-supereffective|p1b: Ceruledge\n|-damage|p1b: Ceruledge|0 fnt\n|faint|p1b: Ceruledge\n|move|p1a: Amoonguss|Pollen Puff|p2b: Wo-Chien\n|-supereffective|p2b: Wo-Chien\n|-damage|p2b: Wo-Chien|0 fnt\n|faint|p2b: Wo-Chien\n|\n|-weather|none\n|upkeep\n|\n|t:|1682805560\n|switch|p2a: Flutter Mane|Flutter Mane, L50, shiny|100\/100\n|switch|p1b: Tyranitar|Tyranitar, L50, F|47\/100\n|switch|p2b: Gyarados|Gyarados, L50, M, shiny|89\/100\n|-ability|p2b: Gyarados|Intimidate|boost\n|-unboost|p1a: Amoonguss|atk|1\n|-unboost|p1b: Tyranitar|atk|1\n|-weather|Sandstorm|[from] ability: Sand Stream|[of] p1b: Tyranitar\n|turn|8\n|\n|t:|1682805587\n|-terastallize|p1b: Tyranitar|Flying\n|move|p2b: Gyarados|Protect|p2b: Gyarados\n|-singleturn|p2b: Gyarados|Protect\n|move|p2a: Flutter Mane|Moonblast|p1b: Tyranitar\n|-damage|p1b: Tyranitar|8\/100\n|move|p1b: Tyranitar|Rock Slide|p2b: Gyarados|[spread] p2a\n|-activate|p2b: Gyarados|move: Protect\n|-damage|p2a: Flutter Mane|58\/100\n|move|p1a: Amoonguss|Pollen Puff|p1b: Tyranitar\n|-heal|p1b: Tyranitar|58\/100\n|\n|-weather|Sandstorm|[upkeep]\n|-damage|p2a: Flutter Mane|52\/100|[from] Sandstorm\n|-damage|p2b: Gyarados|83\/100|[from] Sandstorm\n|-damage|p1b: Tyranitar|52\/100|[from] Sandstorm\n|-damage|p1a: Amoonguss|77\/100|[from] Sandstorm\n|upkeep\n|turn|9\n|\n|t:|1682805617\n|move|p2a: Flutter Mane|Moonblast|p1b: Tyranitar\n|-damage|p1b: Tyranitar|14\/100\n|move|p2b: Gyarados|Whirlpool|p1b: Tyranitar\n|-damage|p1b: Tyranitar|9\/100\n|-activate|p1b: Tyranitar|move: Whirlpool|[of] p2b: Gyarados\n|move|p1b: Tyranitar|Rock Slide|p2a: Flutter Mane|[spread] p2a,p2b\n|-supereffective|p2b: Gyarados\n|-damage|p2a: Flutter Mane|9\/100\n|-damage|p2b: Gyarados|47\/100\n|move|p1a: Amoonguss|Pollen Puff|p1b: Tyranitar\n|-heal|p1b: Tyranitar|59\/100\n|\n|-weather|Sandstorm|[upkeep]\n|-damage|p2a: Flutter Mane|3\/100|[from] Sandstorm\n|-damage|p2b: Gyarados|41\/100|[from] Sandstorm\n|-damage|p1b: Tyranitar|53\/100|[from] Sandstorm\n|-damage|p1a: Amoonguss|71\/100|[from] Sandstorm\n|-damage|p1b: Tyranitar|37\/100|[from] move: Whirlpool|[partiallytrapped]\n|upkeep\n|turn|10\n|c|\u2606elementalscion|I think you win this\n|c|\u2606elementalscion|Ggwp, that was close\n|\n|t:|1682805654\n|move|p1a: Amoonguss|Rage Powder|p1a: Amoonguss\n|-singleturn|p1a: Amoonguss|move: Rage Powder\n|move|p2a: Flutter Mane|Moonblast|p1a: Amoonguss\n|-resisted|p1a: Amoonguss\n|-damage|p1a: Amoonguss|41\/100\n|-enditem|p1a: Amoonguss|Sitrus Berry|[eat]\n|-heal|p1a: Amoonguss|66\/100|[from] item: Sitrus Berry\n|move|p2b: Gyarados|Whirlpool|p1a: Amoonguss\n|-resisted|p1a: Amoonguss\n|-damage|p1a: Amoonguss|62\/100\n|-activate|p1a: Amoonguss|move: Whirlpool|[of] p2b: Gyarados\n|move|p1b: Tyranitar|Tera Blast|p2b: Gyarados\n|-damage|p2b: Gyarados|17\/100\n|\n|-weather|Sandstorm|[upkeep]\n|-damage|p2a: Flutter Mane|0 fnt|[from] Sandstorm\n|-damage|p2b: Gyarados|11\/100|[from] Sandstorm\n|-damage|p1b: Tyranitar|31\/100|[from] Sandstorm\n|-damage|p1a: Amoonguss|56\/100|[from] Sandstorm\n|faint|p2a: Flutter Mane\n|-end|p2a: Flutter Mane|Protosynthesis|[silent]\n|-damage|p1b: Tyranitar|15\/100|[from] move: Whirlpool|[partiallytrapped]\n|-damage|p1a: Amoonguss|40\/100|[from] move: Whirlpool|[partiallytrapped]\n|upkeep\n|turn|11\n|c|\u2606elementalscion|Oh maybe not\n|\n|t:|1682805695\n|move|p2b: Gyarados|Protect|p2b: Gyarados\n|-singleturn|p2b: Gyarados|Protect\n|move|p1a: Amoonguss|Rage Powder|p1a: Amoonguss\n|-singleturn|p1a: Amoonguss|move: Rage Powder\n|move|p1b: Tyranitar|Crunch|p2b: Gyarados\n|-activate|p2b: Gyarados|move: Protect\n|\n|-weather|Sandstorm|[upkeep]\n|-damage|p2b: Gyarados|5\/100|[from] Sandstorm\n|-damage|p1b: Tyranitar|9\/100|[from] Sandstorm\n|-damage|p1a: Amoonguss|34\/100|[from] Sandstorm\n|-damage|p1b: Tyranitar|0 fnt|[from] move: Whirlpool|[partiallytrapped]\n|faint|p1b: Tyranitar\n|-damage|p1a: Amoonguss|18\/100|[from] move: Whirlpool|[partiallytrapped]\n|upkeep\n|turn|12\n|\n|t:|1682805716\n|move|p1a: Amoonguss|Protect|p1a: Amoonguss\n|-singleturn|p1a: Amoonguss|Protect\n|move|p2b: Gyarados|Thunder Wave|p1a: Amoonguss\n|-activate|p1a: Amoonguss|move: Protect\n|\n|-weather|none\n|-damage|p1a: Amoonguss|1\/100|[from] move: Whirlpool|[partiallytrapped]\n|upkeep\n|turn|13\n|c|\u2606elementalscion|Gg\n|c|\u2606sabrrrroso|Ggwp legend\n|\n|t:|1682805739\n|move|p2b: Gyarados|Protect|p2b: Gyarados\n|-singleturn|p2b: Gyarados|Protect\n|move|p1a: Amoonguss|Pollen Puff|p2b: Gyarados\n|-activate|p2b: Gyarados|move: Protect\n|\n|-damage|p1a: Amoonguss|0 fnt|[from] move: Whirlpool|[partiallytrapped]\n|faint|p1a: Amoonguss\n|\n|win|sabrrrroso\n|upkeep\n|raw|elementalscion's rating: 1389 → 1374<\/strong> (-15 for losing)\n|raw|sabrrrroso's rating: 1471 → 1486<\/strong> (+15 for winning)\n|c|\u2606sabrrrroso|Sorry for delayed reply am on mobile\n|c|\u2606sabrrrroso|Gg!\n|c|\u2606elementalscion|BO3?\n|c|\u2606elementalscion|Cool gyrados btw, never seen whirlpool do that much work\n|c|\u2606sabrrrroso|I cant rn T_T but maybe another time?\n|c|\u2606elementalscion|K\n|l|\u2606elementalscion\n|c|\u2606sabrrrroso|Thank you! I actually just came up with it yesterday!!\n","uploadtime":1682805853,"views":21,"p1id":"elementalscion","p2id":"sabrrrroso","formatid":"gen9vgc2023regulationc","rating":1374,"private":0,"password":""}