{"id":"gen9vgc2023regulationc-1850767306","p1":"ScrubShadedPurple","p2":"WarlogFV","format":"[Gen 9] VGC 2023 Regulation C","log":"|j|\u2606ScrubShadedPurple\n|j|\u2606WarlogFV\n|t:|1682365975\n|gametype|doubles\n|player|p1|ScrubShadedPurple|265|1199\n|player|p2|WarlogFV|erika|1236\n|teamsize|p1|6\n|teamsize|p2|6\n|gen|9\n|tier|[Gen 9] VGC 2023 Regulation C\n|rated|\n|rule|Species Clause: Limit one of each Pok\u00e9mon\n|rule|Item Clause: Limit one of each item\n|clearpoke\n|poke|p1|Ceruledge, L50, F|\n|poke|p1|Chien-Pao, L50|\n|poke|p1|Amoonguss, L50, F|\n|poke|p1|Corviknight, L50, M|\n|poke|p1|Flutter Mane, L50|\n|poke|p1|Gyarados, L50, M|\n|poke|p2|Dondozo, L50, F|\n|poke|p2|Farigiraf, L50, M|\n|poke|p2|Flutter Mane, L50|\n|poke|p2|Greedent, L50, M|\n|poke|p2|Tatsugiri, L50, F|\n|poke|p2|Torkoal, L50, F|\n|teampreview|4\n|inactive|Battle timer is ON: inactive players will automatically lose when time's up. (requested by ScrubShadedPurple)\n|inactive|ScrubShadedPurple has 60 seconds left.\n|c|\u2606WarlogFV|Glhf\n|\n|t:|1682366011\n|start\n|switch|p1a: Gyarados|Gyarados, L50, M|100\/100\n|switch|p1b: Amoonguss|Amoonguss, L50, F|100\/100\n|switch|p2a: Tatsugiri|Tatsugiri, L50, F|100\/100\n|switch|p2b: Flutter Mane|Flutter Mane, L50|100\/100\n|-ability|p1a: Gyarados|Intimidate|boost\n|-unboost|p2a: Tatsugiri|atk|1\n|-unboost|p2b: Flutter Mane|atk|1\n|-enditem|p2b: Flutter Mane|Booster Energy\n|-activate|p2b: Flutter Mane|ability: Protosynthesis|[fromitem]\n|-start|p2b: Flutter Mane|protosynthesisspe\n|turn|1\n|\n|t:|1682366029\n|move|p1b: Amoonguss|Rage Powder|p1b: Amoonguss\n|-singleturn|p1b: Amoonguss|move: Rage Powder\n|move|p2b: Flutter Mane|Shadow Ball|p1b: Amoonguss\n|-damage|p1b: Amoonguss|66\/100\n|move|p2a: Tatsugiri|Icy Wind|p1b: Amoonguss|[spread] p1a\n|-miss|p2a: Tatsugiri|p1b: Amoonguss\n|-damage|p1a: Gyarados|87\/100\n|-unboost|p1a: Gyarados|spe|1\n|move|p1a: Gyarados|Thunder Wave|p2b: Flutter Mane\n|-status|p2b: Flutter Mane|par\n|\n|upkeep\n|turn|2\n|inactive|ScrubShadedPurple has 30 seconds left.\n|\n|t:|1682366056\n|-end|p2b: Flutter Mane|Protosynthesis|[silent]\n|switch|p2b: Dondozo|Dondozo, L50, F|100\/100\n|-activate|p2a: Tatsugiri|ability: Commander|[of] p2b: Dondozo\n|-boost|p2b: Dondozo|atk|2\n|-boost|p2b: Dondozo|spa|2\n|-boost|p2b: Dondozo|spe|2\n|-boost|p2b: Dondozo|def|2\n|-boost|p2b: Dondozo|spd|2\n|move|p1b: Amoonguss|Rage Powder|p1b: Amoonguss\n|-singleturn|p1b: Amoonguss|move: Rage Powder\n|move|p1a: Gyarados|Thunder Wave|p2a: Tatsugiri|[miss]\n|-miss|p1a: Gyarados|p2a: Tatsugiri\n|\n|upkeep\n|turn|3\n|inactive|ScrubShadedPurple has 30 seconds left.\n|\n|t:|1682366084\n|-terastallize|p2b: Dondozo|Grass\n|move|p1b: Amoonguss|Rage Powder|p1b: Amoonguss\n|-singleturn|p1b: Amoonguss|move: Rage Powder\n|move|p2b: Dondozo|Tera Blast|p1a: Gyarados\n|-damage|p1a: Gyarados|6\/100\n|move|p1a: Gyarados|Thunder Wave|p2b: Dondozo\n|-status|p2b: Dondozo|par\n|\n|upkeep\n|turn|4\n|inactive|ScrubShadedPurple has 30 seconds left.\n|\n|t:|1682366113\n|move|p1a: Gyarados|Protect|p1a: Gyarados\n|-singleturn|p1a: Gyarados|Protect\n|move|p2b: Dondozo|Wave Crash|p1a: Gyarados\n|-activate|p1a: Gyarados|move: Protect\n|move|p1b: Amoonguss|Pollen Puff|p2b: Dondozo\n|-supereffective|p2b: Dondozo\n|-damage|p2b: Dondozo|84\/100 par\n|\n|-heal|p2b: Dondozo|90\/100 par|[from] item: Leftovers\n|upkeep\n|turn|5\n|\n|t:|1682366138\n|move|p2b: Dondozo|Wave Crash|p1a: Gyarados\n|-resisted|p1a: Gyarados\n|-damage|p1a: Gyarados|0 fnt\n|faint|p1a: Gyarados\n|-damage|p2b: Dondozo|89\/100 par|[from] Recoil\n|move|p1b: Amoonguss|Pollen Puff|p2b: Dondozo\n|-supereffective|p2b: Dondozo\n|-damage|p2b: Dondozo|70\/100 par\n|\n|-heal|p2b: Dondozo|76\/100 par|[from] item: Leftovers\n|upkeep\n|\n|t:|1682366151\n|switch|p1a: Ceruledge|Ceruledge, L50, F, shiny|100\/100\n|turn|6\n|\n|t:|1682366158\n|-terastallize|p1a: Ceruledge|Grass\n|move|p2b: Dondozo|Protect|p2b: Dondozo\n|-singleturn|p2b: Dondozo|Protect\n|move|p1b: Amoonguss|Rage Powder|p1b: Amoonguss\n|-singleturn|p1b: Amoonguss|move: Rage Powder\n|move|p1a: Ceruledge|Bulk Up|p1a: Ceruledge\n|-boost|p1a: Ceruledge|atk|1\n|-boost|p1a: Ceruledge|def|1\n|\n|-heal|p2b: Dondozo|82\/100 par|[from] item: Leftovers\n|upkeep\n|turn|7\n|\n|t:|1682366175\n|move|p1b: Amoonguss|Rage Powder|p1b: Amoonguss\n|-singleturn|p1b: Amoonguss|move: Rage Powder\n|move|p1a: Ceruledge|Bulk Up|p1a: Ceruledge\n|-boost|p1a: Ceruledge|atk|1\n|-boost|p1a: Ceruledge|def|1\n|move|p2b: Dondozo|Tera Blast|p1a: Ceruledge\n|-resisted|p1a: Ceruledge\n|-damage|p1a: Ceruledge|63\/100\n|\n|-heal|p2b: Dondozo|89\/100 par|[from] item: Leftovers\n|upkeep\n|turn|8\n|\n|t:|1682366189\n|move|p2b: Dondozo|Protect|p2b: Dondozo\n|-singleturn|p2b: Dondozo|Protect\n|move|p1b: Amoonguss|Rage Powder|p1b: Amoonguss\n|-singleturn|p1b: Amoonguss|move: Rage Powder\n|move|p1a: Ceruledge|Bitter Blade|p2b: Dondozo\n|-activate|p2b: Dondozo|move: Protect\n|\n|-heal|p2b: Dondozo|95\/100 par|[from] item: Leftovers\n|upkeep\n|turn|9\n|\n|t:|1682366203\n|move|p1a: Ceruledge|Bitter Blade|p2b: Dondozo\n|-supereffective|p2b: Dondozo\n|-damage|p2b: Dondozo|63\/100 par\n|-heal|p1a: Ceruledge|83\/100|[from] drain|[of] p2b: Dondozo\n|move|p2b: Dondozo|Tera Blast|p1a: Ceruledge\n|-resisted|p1a: Ceruledge\n|-damage|p1a: Ceruledge|43\/100\n|move|p1b: Amoonguss|Pollen Puff|p2b: Dondozo\n|-supereffective|p2b: Dondozo\n|-damage|p2b: Dondozo|44\/100 par\n|\n|-heal|p2b: Dondozo|50\/100 par|[from] item: Leftovers\n|upkeep\n|turn|10\n|\n|t:|1682366221\n|move|p2b: Dondozo|Protect|p2b: Dondozo\n|-singleturn|p2b: Dondozo|Protect\n|move|p1a: Ceruledge|Bulk Up|p1a: Ceruledge\n|-boost|p1a: Ceruledge|atk|1\n|-boost|p1a: Ceruledge|def|1\n|move|p1b: Amoonguss|Pollen Puff|p1a: Ceruledge\n|-heal|p1a: Ceruledge|93\/100\n|\n|-heal|p2b: Dondozo|57\/100 par|[from] item: Leftovers\n|upkeep\n|turn|11\n|\n|t:|1682366242\n|move|p1a: Ceruledge|Bulk Up|p1a: Ceruledge\n|-boost|p1a: Ceruledge|atk|1\n|-boost|p1a: Ceruledge|def|1\n|cant|p2b: Dondozo|par\n|move|p1b: Amoonguss|Pollen Puff|p2b: Dondozo\n|-supereffective|p2b: Dondozo\n|-damage|p2b: Dondozo|38\/100 par\n|\n|-heal|p2b: Dondozo|44\/100 par|[from] item: Leftovers\n|upkeep\n|turn|12\n|\n|t:|1682366260\n|move|p2b: Dondozo|Protect|p2b: Dondozo\n|-singleturn|p2b: Dondozo|Protect\n|move|p1a: Ceruledge|Bitter Blade|p2b: Dondozo\n|-activate|p2b: Dondozo|move: Protect\n|move|p1b: Amoonguss|Pollen Puff|p2b: Dondozo\n|-activate|p2b: Dondozo|move: Protect\n|\n|-heal|p2b: Dondozo|50\/100 par|[from] item: Leftovers\n|upkeep\n|turn|13\n|\n|t:|1682366281\n|move|p1a: Ceruledge|Bitter Blade|p2b: Dondozo\n|-supereffective|p2b: Dondozo\n|-damage|p2b: Dondozo|18\/100 par\n|-heal|p1a: Ceruledge|100\/100|[from] drain|[of] p2b: Dondozo\n|cant|p2b: Dondozo|par\n|move|p1b: Amoonguss|Pollen Puff|p2b: Dondozo\n|-supereffective|p2b: Dondozo\n|-damage|p2b: Dondozo|0 fnt\n|faint|p2b: Dondozo\n|\n|upkeep\n|\n|t:|1682366291\n|switch|p2b: Flutter Mane|Flutter Mane, L50|100\/100 par\n|turn|14\n|\n|t:|1682366309\n|move|p2b: Flutter Mane|Protect|p2b: Flutter Mane\n|-singleturn|p2b: Flutter Mane|Protect\n|move|p1a: Ceruledge|Shadow Sneak|p2b: Flutter Mane\n|-activate|p2b: Flutter Mane|move: Protect\n|move|p2a: Tatsugiri|Icy Wind|p1a: Ceruledge|[spread] p1a,p1b\n|-supereffective|p1a: Ceruledge\n|-supereffective|p1b: Amoonguss\n|-damage|p1a: Ceruledge|76\/100\n|-damage|p1b: Amoonguss|43\/100\n|-unboost|p1b: Amoonguss|spe|1\n|-enditem|p1b: Amoonguss|Sitrus Berry|[eat]\n|-heal|p1b: Amoonguss|67\/100|[from] item: Sitrus Berry\n|move|p1b: Amoonguss|Spore|p2a: Tatsugiri\n|-status|p2a: Tatsugiri|slp|[from] move: Spore\n|\n|upkeep\n|turn|15\n|\n|t:|1682366329\n|move|p1b: Amoonguss|Rage Powder|p1b: Amoonguss\n|-singleturn|p1b: Amoonguss|move: Rage Powder\n|move|p1a: Ceruledge|Shadow Sneak|p2b: Flutter Mane\n|-supereffective|p2b: Flutter Mane\n|-damage|p2b: Flutter Mane|0 fnt\n|faint|p2b: Flutter Mane\n|-end|p2b: Flutter Mane|Protosynthesis|[silent]\n|cant|p2a: Tatsugiri|slp\n|\n|upkeep\n|\n|t:|1682366333\n|switch|p2b: Farigiraf|Farigiraf, L50, M|100\/100\n|turn|16\n|\n|t:|1682366344\n|cant|p2a: Tatsugiri|slp\n|move|p1a: Ceruledge|Bitter Blade|p2b: Farigiraf\n|-damage|p2b: Farigiraf|0 fnt\n|-heal|p1a: Ceruledge|100\/100|[from] drain|[of] p2b: Farigiraf\n|faint|p2b: Farigiraf\n|move|p1b: Amoonguss|Spore|p2a: Tatsugiri\n|-fail|p2a: Tatsugiri|slp\n|\n|upkeep\n|turn|17\n|-message|WarlogFV forfeited.\n|\n|win|ScrubShadedPurple\n|raw|ScrubShadedPurple's rating: 1199 → 1227<\/strong> (+28 for winning)\n|raw|WarlogFV's rating: 1236 → 1208<\/strong> (-28 for losing)\n|l|\u2606WarlogFV\n","uploadtime":1682366354,"views":10,"p1id":"scrubshadedpurple","p2id":"warlogfv","formatid":"gen9vgc2023regulationc","rating":1208,"private":0,"password":""}