{"id":"gen9vgc2023regulationc-1860333337","p1":"Tractie","p2":"Mortipherus","format":"[Gen 9] VGC 2023 Regulation C","log":"|j|\u2606Tractie\n|j|\u2606Mortipherus\n|t:|1683634033\n|gametype|doubles\n|player|p1|Tractie|1|\n|player|p2|Mortipherus|hooligans|\n|teamsize|p1|6\n|teamsize|p2|6\n|gen|9\n|tier|[Gen 9] VGC 2023 Regulation C\n|rule|Species Clause: Limit one of each Pok\u00e9mon\n|rule|Item Clause: Limit one of each item\n|clearpoke\n|poke|p1|Gholdengo, L50|\n|poke|p1|Chi-Yu, L50|\n|poke|p1|Iron Bundle, L50|\n|poke|p1|Murkrow, L50, F|\n|poke|p1|Iron Hands, L50|\n|poke|p1|Flutter Mane, L50|\n|poke|p2|Cetitan, L50, M|\n|poke|p2|Corviknight, L50, M|\n|poke|p2|Volcarona, L50, M|\n|poke|p2|Ting-Lu, L50|\n|poke|p2|Gyarados, L50, M|\n|poke|p2|Amoonguss, L50, M|\n|teampreview|4\nMortipherus has agreed to open team sheets.\n|c|\u2606Mortipherus|G3\n|\n|t:|1683634661\n|start\n|switch|p1a: Iron Bundle|Iron Bundle, L50|100\/100\n|switch|p1b: Iron Hands|Iron Hands, L50|100\/100\n|switch|p2a: Volcarona|Volcarona, L50, M|100\/100\n|switch|p2b: Gyarados|Gyarados, L50, M, shiny|100\/100\n|-ability|p2b: Gyarados|Intimidate|boost\n|-unboost|p1a: Iron Bundle|atk|1\n|-unboost|p1b: Iron Hands|atk|1\n|-enditem|p1a: Iron Bundle|Booster Energy\n|-activate|p1a: Iron Bundle|ability: Quark Drive|[fromitem]\n|-start|p1a: Iron Bundle|quarkdrivespe\n|turn|1\n|\n|t:|1683634698\n|-terastallize|p2b: Gyarados|Steel\n|move|p2a: Volcarona|Protect|p2a: Volcarona\n|-singleturn|p2a: Volcarona|Protect\n|move|p1b: Iron Hands|Fake Out|p2a: Volcarona\n|-activate|p2a: Volcarona|move: Protect\n|move|p1a: Iron Bundle|Freeze-Dry|p2b: Gyarados\n|-resisted|p2b: Gyarados\n|-damage|p2b: Gyarados|88\/100\n|move|p2b: Gyarados|Thunder Wave|p1a: Iron Bundle\n|-status|p1a: Iron Bundle|par\n|\n|upkeep\n|turn|2\n|\n|t:|1683634722\n|move|p1a: Iron Bundle|Hydro Pump|p2a: Volcarona\n|-supereffective|p2a: Volcarona\n|-damage|p2a: Volcarona|0 fnt\n|faint|p2a: Volcarona\n|move|p2b: Gyarados|Iron Head|p1a: Iron Bundle\n|-damage|p1a: Iron Bundle|57\/100 par\n|move|p1b: Iron Hands|Wild Charge|p2b: Gyarados\n|-damage|p2b: Gyarados|48\/100\n|-enditem|p2b: Gyarados|Sitrus Berry|[eat]\n|-heal|p2b: Gyarados|73\/100|[from] item: Sitrus Berry\n|-damage|p1b: Iron Hands|92\/100|[from] Recoil\n|\n|upkeep\n|\n|t:|1683634737\n|switch|p2a: Cetitan|Cetitan, L50, M, shiny|100\/100\n|turn|3\n|\n|t:|1683634746\n|cant|p1a: Iron Bundle|par\n|move|p2b: Gyarados|Iron Head|p1a: Iron Bundle\n|-damage|p1a: Iron Bundle|16\/100 par\n|move|p2a: Cetitan|Play Rough|p1b: Iron Hands\n|-supereffective|p1b: Iron Hands\n|-damage|p1b: Iron Hands|22\/100\n|move|p1b: Iron Hands|Drain Punch|p2b: Gyarados\n|-supereffective|p2b: Gyarados\n|-damage|p2b: Gyarados|16\/100\n|-heal|p1b: Iron Hands|46\/100|[from] drain|[of] p2b: Gyarados\n|\n|upkeep\n|turn|4\n|\n|t:|1683634769\n|-end|p1b: Iron Hands|Quark Drive|[silent]\n|switch|p1b: Gholdengo|Gholdengo, L50|100\/100\n|move|p1a: Iron Bundle|Freeze-Dry|p2a: Cetitan\n|-resisted|p2a: Cetitan\n|-damage|p2a: Cetitan|85\/100\n|move|p2b: Gyarados|Iron Head|p1a: Iron Bundle\n|-damage|p1a: Iron Bundle|0 fnt\n|faint|p1a: Iron Bundle\n|-end|p1a: Iron Bundle|Quark Drive|[silent]\n|move|p2a: Cetitan|Play Rough|p1b: Gholdengo\n|-resisted|p1b: Gholdengo\n|-damage|p1b: Gholdengo|70\/100\n|\n|upkeep\n|\n|t:|1683634802\n|switch|p1a: Chi-Yu|Chi-Yu, L50|100\/100\n|-ability|p1a: Chi-Yu|Beads of Ruin\n|turn|5\n|\n|t:|1683634824\n|switch|p2b: Ting-Lu|Ting-Lu, L50|100\/100\n|-ability|p2b: Ting-Lu|Vessel of Ruin\n|move|p2a: Cetitan|Protect|p2a: Cetitan\n|-singleturn|p2a: Cetitan|Protect\n|move|p1a: Chi-Yu|Heat Wave|p2a: Cetitan|[spread] p2b\n|-activate|p2a: Cetitan|move: Protect\n|-damage|p2b: Ting-Lu|81\/100\n|move|p1b: Gholdengo|Make It Rain|p2b: Ting-Lu|[spread] p2b\n|-activate|p2a: Cetitan|move: Protect\n|-damage|p2b: Ting-Lu|42\/100\n|-unboost|p1b: Gholdengo|spa|1\n|\n|upkeep\n|turn|6\n|\n|t:|1683634852\n|move|p1a: Chi-Yu|Overheat|p2b: Ting-Lu\n|-crit|p2b: Ting-Lu\n|-damage|p2b: Ting-Lu|0 fnt\n|-unboost|p1a: Chi-Yu|spa|2\n|faint|p2b: Ting-Lu\n|move|p1b: Gholdengo|Make It Rain|p2a: Cetitan\n|-supereffective|p2a: Cetitan\n|-damage|p2a: Cetitan|0 fnt\n|-unboost|p1b: Gholdengo|spa|1\n|faint|p2a: Cetitan\n|\n|upkeep\n|\n|t:|1683634860\n|switch|p2a: Gyarados|Gyarados, L50, M, shiny, tera:Steel|16\/100\n|-ability|p2a: Gyarados|Intimidate|boost\n|-unboost|p1a: Chi-Yu|atk|1\n|-unboost|p1b: Gholdengo|atk|1\n|turn|7\n|\n|t:|1683634867\n|move|p1a: Chi-Yu|Heat Wave|p2a: Gyarados\n|-supereffective|p2a: Gyarados\n|-damage|p2a: Gyarados|0 fnt\n|faint|p2a: Gyarados\n|\n|win|Tractie\n|l|\u2606Tractie\n","uploadtime":1683635116,"views":16,"p1id":"tractie","p2id":"mortipherus","formatid":"gen9vgc2023regulationc","rating":0,"private":0,"password":""}