{"id":"gen9vgc2023regulationc-1849100869","p1":"Vilchez117","p2":"marioman6444","format":"[Gen 9] VGC 2023 Regulation C","log":"|j|\u2606Vilchez117\n|j|\u2606marioman6444\n|t:|1682155471\n|gametype|doubles\n|player|p1|Vilchez117|101|1260\n|player|p2|marioman6444|hoopster|1305\n|teamsize|p1|6\n|teamsize|p2|6\n|gen|9\n|tier|[Gen 9] VGC 2023 Regulation C\n|rated|\n|rule|Species Clause: Limit one of each Pok\u00e9mon\n|rule|Item Clause: Limit one of each item\n|clearpoke\n|poke|p1|Corviknight, L50, F|\n|poke|p1|Torkoal, L50, F|\n|poke|p1|Great Tusk, L50|\n|poke|p1|Hydreigon, L50, M|\n|poke|p1|Meowscarada, L50, F|\n|poke|p1|Scizor, L50, F|\n|poke|p2|Iron Bundle, L50|\n|poke|p2|Ting-Lu, L50|\n|poke|p2|Amoonguss, L50, F|\n|poke|p2|Arcanine, L50, M|\n|poke|p2|Tyranitar, L50, M|\n|poke|p2|Iron Hands, L50|\n|teampreview|4\n|inactive|Battle timer is ON: inactive players will automatically lose when time's up. (requested by marioman6444)\n|inactive|Vilchez117 has 60 seconds left.\n|\n|t:|1682155514\n|start\n|switch|p1a: Scizor|Scizor, L50, F|100\/100\n|switch|p1b: Corviknight|Corviknight, L50, F|100\/100\n|switch|p2a: Arcanine|Arcanine, L50, M|100\/100\n|switch|p2b: Iron Hands|Iron Hands, L50|100\/100\n|-ability|p2a: Arcanine|Intimidate|boost\n|-fail|p1a: Scizor|unboost|[from] item: Clear Amulet|[of] p1a: Scizor\n|-ability|p1b: Corviknight|Mirror Armor\n|-unboost|p2a: Arcanine|atk|1\n|turn|1\n|inactive|Vilchez117 has 30 seconds left.\n|\n|t:|1682155547\n|-terastallize|p1a: Scizor|Fire\n|move|p2a: Arcanine|Howl|p2a: Arcanine|[spread] p2a,p2b\n|-boost|p2a: Arcanine|atk|1\n|-boost|p2b: Iron Hands|atk|1\n|move|p1b: Corviknight|Bulk Up|p1b: Corviknight\n|-boost|p1b: Corviknight|atk|1\n|-boost|p1b: Corviknight|def|1\n|move|p1a: Scizor|Swords Dance|p1a: Scizor\n|-boost|p1a: Scizor|atk|2\n|move|p2b: Iron Hands|Wild Charge|p1b: Corviknight\n|-supereffective|p1b: Corviknight\n|-damage|p1b: Corviknight|35\/100\n|-damage|p2b: Iron Hands|87\/100|[from] Recoil\n|\n|upkeep\n|turn|2\n|inactive|Vilchez117 has 30 seconds left.\n|inactive|marioman6444 has 30 seconds left.\n|inactive|Vilchez117 has 20 seconds left.\n|inactive|marioman6444 has 20 seconds left.\n|\n|t:|1682155587\n|move|p2a: Arcanine|Flare Blitz|p1b: Corviknight\n|-supereffective|p1b: Corviknight\n|-damage|p1b: Corviknight|0 fnt\n|faint|p1b: Corviknight\n|-damage|p2a: Arcanine|88\/100|[from] Recoil\n|move|p1a: Scizor|Swords Dance|p1a: Scizor\n|-boost|p1a: Scizor|atk|2\n|move|p2b: Iron Hands|Drain Punch|p1a: Scizor\n|-damage|p1a: Scizor|48\/100\n|-heal|p2b: Iron Hands|100\/100|[from] drain|[of] p1a: Scizor\n|\n|upkeep\n|\n|t:|1682155598\n|switch|p1b: Meowscarada|Meowscarada, L50, F|100\/100\n|turn|3\n|\n|t:|1682155618\n|switch|p2a: Amoonguss|Amoonguss, L50, F|100\/100\n|move|p1a: Scizor|Bullet Punch|p2a: Amoonguss\n|-damage|p2a: Amoonguss|15\/100\n|move|p1b: Meowscarada|Flower Trick|p2b: Iron Hands\n|-crit|p2b: Iron Hands\n|-damage|p2b: Iron Hands|68\/100\n|move|p2b: Iron Hands|Stomping Tantrum|p1a: Scizor\n|-supereffective|p1a: Scizor\n|-damage|p1a: Scizor|0 fnt\n|faint|p1a: Scizor\n|\n|upkeep\n|\n|t:|1682155629\n|switch|p1a: Torkoal|Torkoal, L50, F|100\/100\n|-weather|SunnyDay|[from] ability: Drought|[of] p1a: Torkoal\n|turn|4\n|inactive|Vilchez117 has 30 seconds left.\n|\n|t:|1682155658\n|-terastallize|p2a: Amoonguss|Fire\n|move|p1b: Meowscarada|U-turn|p2a: Amoonguss\n|-resisted|p2a: Amoonguss\n|-damage|p2a: Amoonguss|5\/100\n|move|p2b: Iron Hands|Drain Punch|p1b: Meowscarada\n|-supereffective|p1b: Meowscarada\n|-enditem|p1b: Meowscarada|Focus Sash\n|-damage|p1b: Meowscarada|1\/100\n|-heal|p2b: Iron Hands|97\/100|[from] drain|[of] p1b: Meowscarada\n|move|p2a: Amoonguss|Spore|p1a: Torkoal\n|-status|p1a: Torkoal|slp|[from] move: Spore\n|cant|p1a: Torkoal|slp\n|\n|-weather|SunnyDay|[upkeep]\n|upkeep\n|turn|5\n|inactive|marioman6444 has 30 seconds left.\n|\n|t:|1682155687\n|switch|p2a: Tyranitar|Tyranitar, L50, M|100\/100\n|-weather|Sandstorm|[from] ability: Sand Stream|[of] p2a: Tyranitar\n|move|p1b: Meowscarada|Flower Trick|p2b: Iron Hands\n|-crit|p2b: Iron Hands\n|-damage|p2b: Iron Hands|41\/100\n|move|p2b: Iron Hands|Drain Punch|p1b: Meowscarada\n|-supereffective|p1b: Meowscarada\n|-damage|p1b: Meowscarada|0 fnt\n|-heal|p2b: Iron Hands|41\/100|[from] drain|[of] p1b: Meowscarada\n|faint|p1b: Meowscarada\n|-curestatus|p1a: Torkoal|slp|[msg]\n|move|p1a: Torkoal|Heat Wave|p2b: Iron Hands|[spread] p2a,p2b\n|-resisted|p2a: Tyranitar\n|-damage|p2a: Tyranitar|94\/100\n|-damage|p2b: Iron Hands|30\/100\n|\n|-weather|Sandstorm|[upkeep]\n|-damage|p2b: Iron Hands|23\/100|[from] Sandstorm\n|-damage|p1a: Torkoal|94\/100|[from] Sandstorm\n|-heal|p1a: Torkoal|100\/100|[from] item: Leftovers\n|upkeep\n|turn|6\n|\n|t:|1682155707\n|move|p2a: Tyranitar|Low Kick|p1a: Torkoal\n|-damage|p1a: Torkoal|84\/100\n|move|p2b: Iron Hands|Drain Punch|p1a: Torkoal\n|-damage|p1a: Torkoal|46\/100\n|-heal|p2b: Iron Hands|37\/100|[from] drain|[of] p1a: Torkoal\n|move|p1a: Torkoal|Heat Wave|p2b: Iron Hands|[spread] p2a\n|-miss|p1a: Torkoal|p2b: Iron Hands\n|-resisted|p2a: Tyranitar\n|-damage|p2a: Tyranitar|87\/100\n|\n|-weather|Sandstorm|[upkeep]\n|-damage|p2b: Iron Hands|30\/100|[from] Sandstorm\n|-damage|p1a: Torkoal|40\/100|[from] Sandstorm\n|-heal|p1a: Torkoal|46\/100|[from] item: Leftovers\n|upkeep\n|turn|7\n|\n|t:|1682155727\n|move|p1a: Torkoal|Protect|p1a: Torkoal\n|-singleturn|p1a: Torkoal|Protect\n|move|p2a: Tyranitar|Rock Slide|p1a: Torkoal\n|-activate|p1a: Torkoal|move: Protect\n|move|p2b: Iron Hands|Stomping Tantrum|p1a: Torkoal\n|-activate|p1a: Torkoal|move: Protect\n|\n|-weather|Sandstorm|[upkeep]\n|-damage|p2b: Iron Hands|24\/100|[from] Sandstorm\n|-damage|p1a: Torkoal|40\/100|[from] Sandstorm\n|-heal|p1a: Torkoal|46\/100|[from] item: Leftovers\n|upkeep\n|turn|8\n|c|\u2606marioman6444|Gg\n|-message|Vilchez117 forfeited.\n|\n|win|marioman6444\n|raw|Vilchez117's rating: 1260 → 1238<\/strong> (-22 for losing)\n|raw|marioman6444's rating: 1305 → 1322<\/strong> (+17 for winning)\n|l|\u2606Vilchez117\n","uploadtime":1682155744,"views":6,"p1id":"vilchez117","p2id":"marioman6444","formatid":"gen9vgc2023regulationc","rating":1238,"private":0,"password":""}