{"id":"gen9vgc2023regulationc-1849946825","p1":"HeffNastyy","p2":"flameingpigey2","format":"[Gen 9] VGC 2023 Regulation C","log":"|j|\u2606HeffNastyy\n|j|\u2606flameingpigey2\n|t:|1682271016\n|gametype|doubles\n|player|p1|HeffNastyy|lance|\n|player|p2|flameingpigey2|hilbert-wonderlauncher|\n|teamsize|p1|6\n|teamsize|p2|6\n|gen|9\n|tier|[Gen 9] VGC 2023 Regulation C\n|rule|Species Clause: Limit one of each Pok\u00e9mon\n|rule|Item Clause: Limit one of each item\n|clearpoke\n|poke|p1|Garchomp, L50, F|\n|poke|p1|Chien-Pao, L50|\n|poke|p1|Talonflame, L50, F|\n|poke|p1|Gyarados, L50, M|\n|poke|p1|Flutter Mane, L50|\n|poke|p1|Iron Hands, L50|\n|poke|p2|Garganacl, L50, F|\n|poke|p2|Arcanine, L50, M|\n|poke|p2|Annihilape, L50, M|\n|poke|p2|Iron Hands, L50|\n|poke|p2|Chi-Yu, L50|\n|poke|p2|Iron Bundle, L50|\n|teampreview|4\n|c|\u2606flameingpigey2|g2\nHeffNastyy has agreed to open team sheets.\nflameingpigey2 has agreed to open team sheets.\n|j| SirSmokeVGC\n|c|\u2606HeffNastyy|gl hf\n|c|\u2606flameingpigey2|u2\n|\n|t:|1682271484\n|start\n|switch|p1a: Phoenix|Talonflame, L50, F, shiny|100\/100\n|switch|p1b: Lilith|Flutter Mane, L50, shiny|100\/100\n|switch|p2a: Iron Hands|Iron Hands, L50|100\/100\n|switch|p2b: Annihilape|Annihilape, L50, M, shiny|100\/100\n|-enditem|p1b: Lilith|Booster Energy\n|-activate|p1b: Lilith|ability: Protosynthesis|[fromitem]\n|-start|p1b: Lilith|protosynthesisspa\n|turn|1\n|\n|t:|1682271547\n|switch|p2b: Garganacl|Garganacl, L50, F|100\/100\n|-terastallize|p1a: Phoenix|Ghost\n|move|p1a: Phoenix|Tailwind|p1a: Phoenix\n|-sidestart|p1: HeffNastyy|move: Tailwind\n|move|p1b: Lilith|Moonblast|p2b: Garganacl\n|-damage|p2b: Garganacl|58\/100\n|move|p2a: Iron Hands|Wild Charge|p1a: Phoenix\n|-damage|p1a: Phoenix|36\/100\n|-damage|p2a: Iron Hands|87\/100|[from] Recoil\n|\n|-heal|p2b: Garganacl|64\/100|[from] item: Leftovers\n|upkeep\n|turn|2\n|\n|t:|1682271592\n|move|p1a: Phoenix|Brave Bird|p2a: Iron Hands\n|-damage|p2a: Iron Hands|64\/100\n|-damage|p1a: Phoenix|27\/100|[from] Recoil\n|move|p1b: Lilith|Shadow Ball|p2a: Iron Hands\n|-damage|p2a: Iron Hands|37\/100\n|move|p2a: Iron Hands|Volt Switch|p1b: Lilith\n|-damage|p1b: Lilith|87\/100\n|\n|t:|1682271603\n|-end|p2a: Iron Hands|Quark Drive|[silent]\n|switch|p2a: Arcanine|Arcanine, L50, M|100\/100|[from] Volt Switch\n|-ability|p2a: Arcanine|Intimidate|boost\n|-unboost|p1a: Phoenix|atk|1\n|-unboost|p1b: Lilith|atk|1\n|move|p2b: Garganacl|Recover|p2b: Garganacl\n|-heal|p2b: Garganacl|100\/100\n|\n|upkeep\n|turn|3\n|\n|t:|1682271641\n|move|p1a: Phoenix|Brave Bird|p2a: Arcanine\n|-damage|p2a: Arcanine|73\/100\n|-damage|p1a: Phoenix|17\/100|[from] Recoil\n|move|p1b: Lilith|Shadow Ball|p2a: Arcanine\n|-damage|p2a: Arcanine|22\/100\n|-enditem|p2a: Arcanine|Sitrus Berry|[eat]\n|-heal|p2a: Arcanine|47\/100|[from] item: Sitrus Berry\n|move|p2a: Arcanine|Flare Blitz|p1b: Lilith\n|-damage|p1b: Lilith|10\/100\n|-damage|p2a: Arcanine|29\/100|[from] Recoil\n|move|p2b: Garganacl|Salt Cure|p1a: Phoenix\n|-crit|p1a: Phoenix\n|-damage|p1a: Phoenix|0 fnt\n|faint|p1a: Phoenix\n|\n|upkeep\n|\n|t:|1682271659\n|switch|p1a: Riley|Iron Hands, L50|100\/100\n|turn|4\n|\n|t:|1682271697\n|switch|p2a: Iron Hands|Iron Hands, L50|37\/100\n|-terastallize|p2b: Garganacl|Ghost\n|move|p1b: Lilith|Moonblast|p2b: Garganacl\n|-damage|p2b: Garganacl|58\/100\n|move|p1a: Riley|Drain Punch|p2b: Garganacl\n|-immune|p2b: Garganacl\n|move|p2b: Garganacl|Salt Cure|p1b: Lilith\n|-damage|p1b: Lilith|0 fnt\n|faint|p1b: Lilith\n|-end|p1b: Lilith|Protosynthesis|[silent]\n|\n|-heal|p2b: Garganacl|64\/100|[from] item: Leftovers\n|-sideend|p1: HeffNastyy|move: Tailwind\n|upkeep\n|\n|t:|1682271712\n|switch|p1b: Chompa|Garchomp, L50, F, shiny|100\/100\n|turn|5\n|\n|t:|1682271791\n|switch|p2b: Arcanine|Arcanine, L50, M|29\/100\n|-ability|p2b: Arcanine|Intimidate|boost\n|-unboost|p1a: Riley|atk|1\n|-unboost|p1b: Chompa|atk|1\n|move|p1b: Chompa|Protect|p1b: Chompa\n|-singleturn|p1b: Chompa|Protect\n|move|p2a: Iron Hands|Fake Out|p1b: Chompa\n|-activate|p1b: Chompa|move: Protect\n|move|p1a: Riley|Drain Punch|p2a: Iron Hands\n|-damage|p2a: Iron Hands|16\/100\n|\n|upkeep\n|turn|6\n|\n|t:|1682271840\n|move|p2b: Arcanine|Protect|p2b: Arcanine\n|-singleturn|p2b: Arcanine|Protect\n|move|p1b: Chompa|Earthquake|p2a: Iron Hands|[spread] p1a,p2a\n|-activate|p2b: Arcanine|move: Protect\n|-supereffective|p1a: Riley\n|-supereffective|p2a: Iron Hands\n|-damage|p1a: Riley|55\/100\n|-damage|p2a: Iron Hands|0 fnt\n|faint|p2a: Iron Hands\n|-end|p2a: Iron Hands|Quark Drive|[silent]\n|-damage|p1b: Chompa|91\/100|[from] item: Life Orb\n|move|p1a: Riley|Wild Charge|p2b: Arcanine\n|-activate|p2b: Arcanine|move: Protect\n|\n|upkeep\n|\n|t:|1682271851\n|switch|p2a: Annihilape|Annihilape, L50, M, shiny|100\/100\n|turn|7\n|c|\u2606HeffNastyy|ggs\n|\n|t:|1682271860\n|move|p2a: Annihilape|Final Gambit|p1b: Chompa\n|-damage|p1b: Chompa|0 fnt\n|faint|p2a: Annihilape\n|faint|p1b: Chompa\n|move|p2b: Arcanine|Will-O-Wisp|p1a: Riley\n|-status|p1a: Riley|brn\n|move|p1a: Riley|Drain Punch|p2b: Arcanine\n|-damage|p2b: Arcanine|13\/100\n|-heal|p1a: Riley|61\/100 brn|[from] drain|[of] p2b: Arcanine\n|\n|-damage|p1a: Riley|55\/100 brn|[from] brn\n|upkeep\n|\n|t:|1682271867\n|switch|p2a: Garganacl|Garganacl, L50, F, tera:Ghost|64\/100\n|turn|8\n|\n|t:|1682271875\n|move|p2b: Arcanine|Extreme Speed|p1a: Riley\n|-damage|p1a: Riley|39\/100 brn\n|move|p1a: Riley|Drain Punch|p2b: Arcanine\n|-damage|p2b: Arcanine|0 fnt\n|-heal|p1a: Riley|44\/100 brn|[from] drain|[of] p2b: Arcanine\n|faint|p2b: Arcanine\n|move|p2a: Garganacl|Recover|p2a: Garganacl\n|-heal|p2a: Garganacl|100\/100\n|\n|-damage|p1a: Riley|38\/100 brn|[from] brn\n|upkeep\n|turn|9\n|\n|t:|1682271893\n|move|p2a: Garganacl|Protect|p2a: Garganacl\n|-singleturn|p2a: Garganacl|Protect\n|move|p1a: Riley|Volt Switch|p2a: Garganacl\n|-activate|p2a: Garganacl|move: Protect\n|\n|-damage|p1a: Riley|32\/100 brn|[from] brn\n|upkeep\n|turn|10\n|\n|t:|1682271900\n|move|p1a: Riley|Volt Switch|p2a: Garganacl\n|-damage|p2a: Garganacl|91\/100\n|move|p2a: Garganacl|Salt Cure|p1a: Riley\n|-resisted|p1a: Riley\n|-damage|p1a: Riley|28\/100 brn\n|-start|p1a: Riley|Salt Cure\n|\n|-heal|p2a: Garganacl|97\/100|[from] item: Leftovers\n|-damage|p1a: Riley|22\/100 brn|[from] brn\n|-damage|p1a: Riley|9\/100 brn|[from] Salt Cure\n|upkeep\n|turn|11\n|\n|t:|1682271910\n|move|p2a: Garganacl|Protect|p2a: Garganacl\n|-singleturn|p2a: Garganacl|Protect\n|move|p1a: Riley|Wild Charge|p2a: Garganacl\n|-activate|p2a: Garganacl|move: Protect\n|\n|-heal|p2a: Garganacl|100\/100|[from] item: Leftovers\n|-damage|p1a: Riley|3\/100 brn|[from] brn\n|-damage|p1a: Riley|0 fnt|[from] Salt Cure\n|faint|p1a: Riley\n|-end|p1a: Riley|Quark Drive|[silent]\n|\n|win|flameingpigey2\n|upkeep\n|c|\u2606flameingpigey2|gg\n|l|\u2606flameingpigey2\n|l| SirSmokeVGC\n","uploadtime":1682272412,"views":9,"p1id":"heffnastyy","p2id":"flameingpigey2","formatid":"gen9vgc2023regulationc","rating":0,"private":0,"password":""}