{"id":"gen9vgc2023regulationc-1848247558","p1":"eMburst","p2":"mobibation","format":"[Gen 9] VGC 2023 Regulation C","log":"|j|\u2606eMburst\n|j|\u2606mobibation\n|t:|1682047727\n|gametype|doubles\n|player|p1|eMburst|ingo|1080\n|player|p2|mobibation|silver|1149\n|teamsize|p1|6\n|teamsize|p2|6\n|gen|9\n|tier|[Gen 9] VGC 2023 Regulation C\n|rated|\n|rule|Species Clause: Limit one of each Pok\u00e9mon\n|rule|Item Clause: Limit one of each item\n|clearpoke\n|poke|p1|Palafin, L50, F|\n|poke|p1|Arcanine, L50, M|\n|poke|p1|Flutter Mane, L50|\n|poke|p1|Amoonguss, L50, F|\n|poke|p1|Baxcalibur, L50, F|\n|poke|p1|Ting-Lu, L50|\n|poke|p2|Tinkaton, L50, F|\n|poke|p2|Iron Valiant, L50|\n|poke|p2|Amoonguss, L50, F|\n|poke|p2|Rotom-Wash, L50|\n|poke|p2|Arcanine, L50, F|\n|poke|p2|Grimmsnarl, L50, M|\n|teampreview|4\n|\n|t:|1682047751\n|start\n|switch|p1a: Palafin|Palafin, L50, F|100\/100\n|switch|p1b: Arcanine|Arcanine, L50, M|100\/100\n|switch|p2a: Grimmsnarl|Grimmsnarl, L50, M|100\/100\n|switch|p2b: Tinkaton|Tinkaton, L50, F|100\/100\n|-ability|p2b: Tinkaton|Mold Breaker\n|-ability|p1b: Arcanine|Intimidate|boost\n|-unboost|p2a: Grimmsnarl|atk|1\n|-unboost|p2b: Tinkaton|atk|1\n|turn|1\n|inactive|Battle timer is ON: inactive players will automatically lose when time's up. (requested by eMburst)\n|\n|t:|1682047770\n|detailschange|p1a: Palafin|Palafin-Hero, L50, F\n|switch|p1a: Ting-Lu|Ting-Lu, L50|100\/100\n|-ability|p1a: Ting-Lu|Vessel of Ruin\n|move|p2b: Tinkaton|Protect|p2b: Tinkaton\n|-singleturn|p2b: Tinkaton|Protect\n|move|p2a: Grimmsnarl|Reflect|p2a: Grimmsnarl\n|-sidestart|p2: mobibation|Reflect\n|move|p1b: Arcanine|Will-O-Wisp|p2b: Tinkaton\n|-activate|p2b: Tinkaton|move: Protect\n|\n|upkeep\n|turn|2\n|\n|t:|1682047791\n|switch|p2b: Rotom|Rotom-Wash, L50|100\/100\n|move|p2a: Grimmsnarl|Parting Shot|p1b: Arcanine\n|-unboost|p1b: Arcanine|atk|1\n|-unboost|p1b: Arcanine|spa|1\n|\n|t:|1682047798\n|switch|p2a: Tinkaton|Tinkaton, L50, F|100\/100|[from] Parting Shot\n|-ability|p2a: Tinkaton|Mold Breaker\n|move|p1b: Arcanine|Flare Blitz|p2b: Rotom\n|-resisted|p2b: Rotom\n|-crit|p2b: Rotom\n|-damage|p2b: Rotom|48\/100\n|-damage|p1b: Arcanine|89\/100|[from] Recoil\n|move|p1a: Ting-Lu|Fissure|p2a: Tinkaton\n|-damage|p2a: Tinkaton|0 fnt\n|faint|p2a: Tinkaton\n|-ohko\n|\n|-heal|p2b: Rotom|54\/100|[from] item: Leftovers\n|upkeep\n|\n|t:|1682047812\n|switch|p2a: Grimmsnarl|Grimmsnarl, L50, M|100\/100\n|turn|3\n|\n|t:|1682047833\n|switch|p1b: Palafin|Palafin-Hero, L50, F|100\/100\n|-activate|p1b: Palafin|ability: Zero to Hero\n|move|p2b: Rotom|Hydro Pump|p1b: Palafin\n|-resisted|p1b: Palafin\n|-damage|p1b: Palafin|81\/100\n|move|p2a: Grimmsnarl|Spirit Break|p1a: Ting-Lu\n|-supereffective|p1a: Ting-Lu\n|-damage|p1a: Ting-Lu|66\/100\n|-unboost|p1a: Ting-Lu|spa|1\n|move|p1a: Ting-Lu|Fissure|p2a: Grimmsnarl\n|-damage|p2a: Grimmsnarl|0 fnt\n|faint|p2a: Grimmsnarl\n|-ohko\n|\n|-heal|p2b: Rotom|60\/100|[from] item: Leftovers\n|upkeep\n|\n|t:|1682047849\n|switch|p2a: Amoonguss|Amoonguss, L50, F|100\/100\n|turn|4\n|c|\u2606eMburst|dawg im so sorry\n|\n|t:|1682047861\n|-terastallize|p2b: Rotom|Electric\n|move|p2a: Amoonguss|Rage Powder|p2a: Amoonguss\n|-singleturn|p2a: Amoonguss|move: Rage Powder\n|move|p1b: Palafin|Substitute|p1b: Palafin\n|-start|p1b: Palafin|Substitute\n|-damage|p1b: Palafin|56\/100\n|move|p2b: Rotom|Thunderbolt|p1b: Palafin\n|-supereffective|p1b: Palafin\n|-end|p1b: Palafin|Substitute\n|move|p1a: Ting-Lu|Stomping Tantrum|p2a: Amoonguss\n|-damage|p2a: Amoonguss|82\/100\n|\n|-heal|p2b: Rotom|66\/100|[from] item: Leftovers\n|-heal|p2a: Amoonguss|88\/100|[from] item: Black Sludge\n|upkeep\n|turn|5\n|\n|t:|1682047875\n|switch|p1b: Arcanine|Arcanine, L50, M|89\/100\n|-ability|p1b: Arcanine|Intimidate|boost\n|-unboost|p2a: Amoonguss|atk|1\n|-unboost|p2b: Rotom|atk|1\n|move|p2a: Amoonguss|Rage Powder|p2a: Amoonguss\n|-singleturn|p2a: Amoonguss|move: Rage Powder\n|move|p2b: Rotom|Thunderbolt|p1b: Arcanine\n|-damage|p1b: Arcanine|40\/100\n|move|p1a: Ting-Lu|Fissure|p2a: Amoonguss|[miss]\n|-miss|p1a: Ting-Lu|p2a: Amoonguss\n|\n|-heal|p2b: Rotom|72\/100|[from] item: Leftovers\n|-heal|p2a: Amoonguss|94\/100|[from] item: Black Sludge\n|upkeep\n|turn|6\n|\n|t:|1682047898\n|move|p1b: Arcanine|Flare Blitz|p2a: Amoonguss\n|-supereffective|p2a: Amoonguss\n|-damage|p2a: Amoonguss|28\/100\n|-damage|p1b: Arcanine|17\/100|[from] Recoil\n|move|p2b: Rotom|Thunderbolt|p1b: Arcanine\n|-damage|p1b: Arcanine|0 fnt\n|faint|p1b: Arcanine\n|move|p1a: Ting-Lu|Stomping Tantrum|p2a: Amoonguss\n|-damage|p2a: Amoonguss|0 fnt\n|faint|p2a: Amoonguss\n|\n|-heal|p2b: Rotom|79\/100|[from] item: Leftovers\n|upkeep\n|\n|t:|1682047912\n|switch|p1b: Palafin|Palafin-Hero, L50, F|56\/100\n|turn|7\n|\n|t:|1682047917\n|move|p1b: Palafin|Protect|p1b: Palafin\n|-singleturn|p1b: Palafin|Protect\n|move|p2b: Rotom|Thunderbolt|p1b: Palafin\n|-activate|p1b: Palafin|move: Protect\n|move|p1a: Ting-Lu|Ruination|p2b: Rotom\n|-damage|p2b: Rotom|40\/100\n|\n|-heal|p2b: Rotom|46\/100|[from] item: Leftovers\n|upkeep\n|turn|8\n|\n|t:|1682047939\n|switch|p1b: Baxcalibur|Baxcalibur, L50, F, shiny|100\/100\n|move|p2b: Rotom|Thunderbolt|p1b: Baxcalibur\n|-resisted|p1b: Baxcalibur\n|-damage|p1b: Baxcalibur|82\/100\n|move|p1a: Ting-Lu|Ruination|p2b: Rotom\n|-damage|p2b: Rotom|23\/100\n|\n|-heal|p2b: Rotom|29\/100|[from] item: Leftovers\n|-sideend|p2: mobibation|Reflect\n|upkeep\n|turn|9\n|\n|t:|1682047951\n|move|p2b: Rotom|Hydro Pump|p1a: Ting-Lu\n|-supereffective|p1a: Ting-Lu\n|-crit|p1a: Ting-Lu\n|-damage|p1a: Ting-Lu|21\/100\n|move|p1b: Baxcalibur|Glaive Rush|p2b: Rotom\n|-damage|p2b: Rotom|0 fnt\n|-singlemove|p1b: Baxcalibur|Glaive Rush|[silent]\n|faint|p2b: Rotom\n|\n|win|eMburst\n|raw|eMburst's rating: 1080 → 1113<\/strong> (+33 for winning)\n|raw|mobibation's rating: 1149 → 1119<\/strong> (-30 for losing)\n|l|\u2606mobibation\n","uploadtime":1682047964,"views":10,"p1id":"emburst","p2id":"mobibation","formatid":"gen9vgc2023regulationc","rating":1113,"private":0,"password":""}