{"id":"gen9vgc2023regulationc-1849343616","p1":"lcnrcr06","p2":"SoggyWaffles35","format":"[Gen 9] VGC 2023 Regulation C","log":"|j|\u2606lcnrcr06\n|j|\u2606SoggyWaffles35\n|t:|1682188047\n|gametype|doubles\n|player|p1|lcnrcr06|169|1238\n|player|p2|SoggyWaffles35|2|1292\n|teamsize|p1|6\n|teamsize|p2|6\n|gen|9\n|tier|[Gen 9] VGC 2023 Regulation C\n|rated|\n|rule|Species Clause: Limit one of each Pok\u00e9mon\n|rule|Item Clause: Limit one of each item\n|clearpoke\n|poke|p1|Baxcalibur, L50, M|\n|poke|p1|Arcanine, L50, M|\n|poke|p1|Amoonguss, L50, M|\n|poke|p1|Palafin, L50, M|\n|poke|p1|Flutter Mane, L50|\n|poke|p1|Ting-Lu, L50|\n|poke|p2|Orthworm, L50, M|\n|poke|p2|Ting-Lu, L50|\n|poke|p2|Chien-Pao, L50|\n|poke|p2|Dragonite, L50, F|\n|poke|p2|Gyarados, L50, F|\n|poke|p2|Flutter Mane, L50|\n|teampreview|4\nSoggyWaffles35 has agreed to open team sheets.\n|inactive|Battle timer is ON: inactive players will automatically lose when time's up. (requested by lcnrcr06)\n|\n|t:|1682188100\n|start\n|switch|p1a: Baxcalibur|Baxcalibur, L50, M|100\/100\n|switch|p1b: Palafin|Palafin, L50, M|100\/100\n|switch|p2a: Orthworm|Orthworm, L50, M|100\/100\n|switch|p2b: Ting-Lu|Ting-Lu, L50|100\/100\n|-ability|p2b: Ting-Lu|Vessel of Ruin\n|turn|1\n|inactive|lcnrcr06 has 30 seconds left.\n|inactive|SoggyWaffles35 has 30 seconds left.\n|inactive|lcnrcr06 has 20 seconds left.\n|inactive|SoggyWaffles35 has 20 seconds left.\n|inactive|lcnrcr06 has 15 seconds left.\n|inactive|SoggyWaffles35 has 15 seconds left.\n|inactive|lcnrcr06 has 10 seconds left.\n|\n|t:|1682188148\n|detailschange|p1b: Palafin|Palafin-Hero, L50, M\n|switch|p1b: Amoonguss|Amoonguss, L50, M|100\/100\n|move|p1a: Baxcalibur|Icicle Crash|p2b: Ting-Lu\n|-supereffective|p2b: Ting-Lu\n|-damage|p2b: Ting-Lu|45\/100\n|move|p2a: Orthworm|Iron Defense|p2a: Orthworm\n|-boost|p2a: Orthworm|def|2\n|move|p2b: Ting-Lu|Earthquake|p1b: Amoonguss|[spread] p1a,p1b\n|-immune|p2a: Orthworm|[from] ability: Earth Eater\n|-damage|p1a: Baxcalibur|70\/100\n|-damage|p1b: Amoonguss|69\/100\n|\n|upkeep\n|turn|2\n|inactive|SoggyWaffles35 has 30 seconds left.\n|inactive|SoggyWaffles35 has 20 seconds left.\n|\n|t:|1682188185\n|switch|p1b: Arcanine|Arcanine, L50, M|100\/100\n|-ability|p1b: Arcanine|Intimidate|boost\n|-unboost|p2a: Orthworm|atk|1\n|-fail|p2b: Ting-Lu|unboost|[from] item: Clear Amulet|[of] p2b: Ting-Lu\n|-terastallize|p1a: Baxcalibur|Poison\n|-terastallize|p2b: Ting-Lu|Water\n|move|p1a: Baxcalibur|Icicle Crash|p2b: Ting-Lu\n|-resisted|p2b: Ting-Lu\n|-damage|p2b: Ting-Lu|31\/100\n|move|p2a: Orthworm|Heavy Slam|p1a: Baxcalibur\n|-damage|p1a: Baxcalibur|64\/100\n|cant|p2b: Ting-Lu|flinch\n|\n|upkeep\n|turn|3\n|\n|t:|1682188207\n|move|p1b: Arcanine|Will-O-Wisp|p2a: Orthworm\n|-status|p2a: Orthworm|brn\n|move|p1a: Baxcalibur|Glaive Rush|p2b: Ting-Lu\n|-crit|p2b: Ting-Lu\n|-damage|p2b: Ting-Lu|0 fnt\n|-singlemove|p1a: Baxcalibur|Glaive Rush|[silent]\n|faint|p2b: Ting-Lu\n|move|p2a: Orthworm|Shed Tail|p2a: Orthworm\n|-start|p2a: Orthworm|Substitute|[from] move: Shed Tail\n|-damage|p2a: Orthworm|50\/100 brn\n|-enditem|p2a: Orthworm|Sitrus Berry|[eat]\n|-heal|p2a: Orthworm|75\/100 brn|[from] item: Sitrus Berry\n|\n|t:|1682188219\n|switch|p2a: Dragonite|Dragonite, L50, F|100\/100|[from] Shed Tail\n|\n|upkeep\n|\n|t:|1682188236\n|switch|p2b: Orthworm|Orthworm, L50, M|75\/100 brn\n|turn|4\n|inactive|lcnrcr06 has 30 seconds left.\n|inactive|lcnrcr06 has 20 seconds left.\n|inactive|lcnrcr06 has 15 seconds left.\n|inactive|SoggyWaffles35 has 30 seconds left.\n|inactive|lcnrcr06 has 10 seconds left.\n|inactive|lcnrcr06 has 5 seconds left.\n|\n|t:|1682188289\n|move|p2a: Dragonite|Dragon Dance|p2a: Dragonite\n|-boost|p2a: Dragonite|atk|1\n|-boost|p2a: Dragonite|spe|1\n|move|p1b: Arcanine|Howl|p1b: Arcanine|[spread] p1a,p1b\n|-boost|p1a: Baxcalibur|atk|1\n|-boost|p1b: Arcanine|atk|1\n|move|p1a: Baxcalibur|Icicle Crash|p2a: Dragonite\n|-supereffective|p2a: Dragonite\n|-end|p2a: Dragonite|Substitute\n|move|p2b: Orthworm|Iron Defense|p2b: Orthworm\n|-boost|p2b: Orthworm|def|2\n|\n|-damage|p2b: Orthworm|70\/100 brn|[from] brn\n|upkeep\n|turn|5\n|inactive|lcnrcr06 has 30 seconds left.\n|inactive|SoggyWaffles35 has 30 seconds left.\n|\n|t:|1682188315\n|move|p1a: Baxcalibur|Ice Shard|p2a: Dragonite\n|-supereffective|p2a: Dragonite\n|-damage|p2a: Dragonite|28\/100\n|move|p2a: Dragonite|Earthquake|p1a: Baxcalibur|[spread] p1a,p1b\n|-heal|p2b: Orthworm|95\/100 brn|[from] ability: Earth Eater|[of] p2a: Dragonite\n|-supereffective|p1a: Baxcalibur\n|-supereffective|p1b: Arcanine\n|-crit|p1b: Arcanine\n|-damage|p1a: Baxcalibur|7\/100\n|-damage|p1b: Arcanine|0 fnt\n|faint|p1b: Arcanine\n|move|p2b: Orthworm|Iron Defense|p2b: Orthworm\n|-boost|p2b: Orthworm|def|2\n|\n|-damage|p2b: Orthworm|89\/100 brn|[from] brn\n|upkeep\n|\n|t:|1682188329\n|switch|p1b: Palafin|Palafin-Hero, L50, M|100\/100\n|-activate|p1b: Palafin|ability: Zero to Hero\n|turn|6\n|\n|t:|1682188352\n|move|p1a: Baxcalibur|Protect|p1a: Baxcalibur\n|-singleturn|p1a: Baxcalibur|Protect\n|move|p2a: Dragonite|Extreme Speed|p1a: Baxcalibur\n|-activate|p1a: Baxcalibur|move: Protect\n|move|p1b: Palafin|Jet Punch|p2a: Dragonite\n|-resisted|p2a: Dragonite\n|-damage|p2a: Dragonite|6\/100\n|move|p2b: Orthworm|Heavy Slam|p1b: Palafin\n|-resisted|p1b: Palafin\n|-damage|p1b: Palafin|96\/100\n|\n|-damage|p2b: Orthworm|83\/100 brn|[from] brn\n|upkeep\n|turn|7\n|l|\u2606SoggyWaffles35\n|inactive|SoggyWaffles35 disconnected and has a minute to reconnect!\n|player|p2|\n|j|\u2606SoggyWaffles35\n|inactive|SoggyWaffles35 reconnected and has 45 seconds left.\n|player|p2|SoggyWaffles35|2\n|inactive|SoggyWaffles35 has 30 seconds left.\n|inactive|SoggyWaffles35 has 20 seconds left.\n|inactive|SoggyWaffles35 has 15 seconds left.\n|inactive|SoggyWaffles35 has 10 seconds left.\n|\n|t:|1682188398\n|switch|p1a: Amoonguss|Amoonguss, L50, M|100\/100\n|move|p2a: Dragonite|Extreme Speed|p1a: Amoonguss\n|-damage|p1a: Amoonguss|71\/100\n|move|p1b: Palafin|Jet Punch|p2a: Dragonite\n|-resisted|p2a: Dragonite\n|-damage|p2a: Dragonite|0 fnt\n|faint|p2a: Dragonite\n|move|p2b: Orthworm|Body Press|p1b: Palafin\n|-damage|p1b: Palafin|62\/100\n|\n|-damage|p2b: Orthworm|77\/100 brn|[from] brn\n|upkeep\n|\n|t:|1682188403\n|switch|p2a: Chien-Pao|Chien-Pao, L50|100\/100\n|-ability|p2a: Chien-Pao|Sword of Ruin\n|turn|8\n|inactive|lcnrcr06 has 30 seconds left.\n|\n|t:|1682188437\n|switch|p1a: Baxcalibur|Baxcalibur, L50, M, tera:Poison|7\/100\n|move|p2a: Chien-Pao|Ice Spinner|p1a: Baxcalibur\n|-damage|p1a: Baxcalibur|0 fnt\n|faint|p1a: Baxcalibur\n|move|p1b: Palafin|Wave Crash|p2a: Chien-Pao\n|-enditem|p2a: Chien-Pao|Focus Sash\n|-damage|p2a: Chien-Pao|1\/100\n|-damage|p1b: Palafin|37\/100|[from] Recoil\n|move|p2b: Orthworm|Body Press|p1b: Palafin\n|-damage|p1b: Palafin|0 fnt\n|faint|p1b: Palafin\n|\n|-damage|p2b: Orthworm|71\/100 brn|[from] brn\n|upkeep\n|-message|lcnrcr06 forfeited.\n|\n|win|SoggyWaffles35\n|raw|lcnrcr06's rating: 1238 → 1217<\/strong> (-21 for losing)\n|raw|SoggyWaffles35's rating: 1292 → 1313<\/strong> (+21 for winning)\n|l|\u2606lcnrcr06\n","uploadtime":1682188460,"views":7,"p1id":"lcnrcr06","p2id":"soggywaffles35","formatid":"gen9vgc2023regulationc","rating":1217,"private":0,"password":""}