{"id":"gen9vgc2023regulationc-1862253434","p1":"labmonjo1210","p2":"jamez10","format":"[Gen 9] VGC 2023 Regulation C","log":"|j|\u2606labmonjo1210\n|j|\u2606jamez10\n|t:|1683855467\n|gametype|doubles\n|player|p1|labmonjo1210|101|\n|player|p2|jamez10|1|\n|teamsize|p1|6\n|teamsize|p2|6\n|gen|9\n|tier|[Gen 9] VGC 2023 Regulation C\n|rule|Species Clause: Limit one of each Pok\u00e9mon\n|rule|Item Clause: Limit one of each item\n|clearpoke\n|poke|p1|Armarouge, L50, M|\n|poke|p1|Gastrodon, L50, M|\n|poke|p1|Roaring Moon, L50|\n|poke|p1|Iron Moth, L50|\n|poke|p1|Cetitan, L50, F|\n|poke|p1|Pelipper, L50, M|\n|poke|p2|Palafin, L50, M|\n|poke|p2|Rabsca, L50, F|\n|poke|p2|Iron Bundle, L50|\n|poke|p2|Bronzong, L50|\n|poke|p2|Raichu, L50, M|\n|poke|p2|Iron Jugulis, L50|\n|teampreview|4\n|inactive|Battle timer is ON: inactive players will automatically lose when time's up. (requested by labmonjo1210)\n|inactiveoff|Battle timer is now OFF.\n|j| SuperToad916\n|j| lethalpilot\n|\n|t:|1683855507\n|start\n|switch|p1a: Glorpis|Gastrodon, L50, M, shiny|100\/100\n|switch|p1b: Megatron|Armarouge, L50, M, shiny|100\/100\n|switch|p2a: Palafin|Palafin, L50, M|100\/100\n|switch|p2b: Iron Jugulis|Iron Jugulis, L50|100\/100\n|-enditem|p2b: Iron Jugulis|Booster Energy\n|-activate|p2b: Iron Jugulis|ability: Quark Drive|[fromitem]\n|-start|p2b: Iron Jugulis|quarkdrivespe\n|turn|1\n|j| CluelessGamer18\n|\n|t:|1683855544\n|detailschange|p2a: Palafin|Palafin-Hero, L50, M\n|switch|p2a: Iron Bundle|Iron Bundle, L50|100\/100\n|-terastallize|p1b: Megatron|Flying\n|move|p2b: Iron Jugulis|Tailwind|p2b: Iron Jugulis\n|-sidestart|p2: jamez10|move: Tailwind\n|move|p1b: Megatron|Psychic|p2a: Iron Bundle\n|-damage|p2a: Iron Bundle|0 fnt\n|faint|p2a: Iron Bundle\n|-end|p2a: Iron Bundle|Quark Drive|[silent]\n|move|p1a: Glorpis|Ice Beam|p2b: Iron Jugulis\n|-supereffective|p2b: Iron Jugulis\n|-damage|p2b: Iron Jugulis|50\/100\n|\n|upkeep\n|j| tomciv20\n|\n|t:|1683855560\n|switch|p2a: Rabsca|Rabsca, L50, F|100\/100\n|turn|2\n|j| JJ22FTW\n|\n|t:|1683855594\n|move|p2b: Iron Jugulis|Air Slash|p1b: Megatron\n|-damage|p1b: Megatron|52\/100\n|move|p2a: Rabsca|Revival Blessing|p2a: Rabsca\n|-enditem|p2a: Rabsca|Leppa Berry|[eat]\n|-activate|p2a: Rabsca|item: Leppa Berry|Revival Blessing|[consumed]\n|\n|t:|1683855598\n|-heal|p2: Iron Bundle|50\/100|[from] move: Revival Blessing\n|cant|p1b: Megatron|flinch\n|move|p1a: Glorpis|Ice Beam|p2a: Rabsca\n|-damage|p2a: Rabsca|86\/100\n|\n|upkeep\n|turn|3\n|\n|t:|1683855614\n|-terastallize|p2b: Iron Jugulis|Steel\n|move|p2b: Iron Jugulis|Flash Cannon|p1b: Megatron\n|-damage|p1b: Megatron|3\/100\n|move|p2a: Rabsca|Substitute|p2a: Rabsca\n|-start|p2a: Rabsca|Substitute\n|-damage|p2a: Rabsca|61\/100\n|move|p1b: Megatron|Lava Plume|p2a: Rabsca|[spread] p1a,p2a,p2b\n|-supereffective|p2a: Rabsca\n|-end|p2a: Rabsca|Substitute\n|-resisted|p1a: Glorpis\n|-supereffective|p2b: Iron Jugulis\n|-damage|p1a: Glorpis|85\/100\n|-damage|p2b: Iron Jugulis|0 fnt\n|faint|p2b: Iron Jugulis\n|-end|p2b: Iron Jugulis|Quark Drive|[silent]\n|move|p1a: Glorpis|Earthquake|p2a: Rabsca|[spread] p2a\n|-immune|p1b: Megatron\n|-resisted|p2a: Rabsca\n|-damage|p2a: Rabsca|49\/100\n|\n|upkeep\n|\n|t:|1683855633\n|switch|p2b: Iron Bundle|Iron Bundle, L50|50\/100\n|turn|4\n|\n|t:|1683855648\n|move|p2b: Iron Bundle|Protect|p2b: Iron Bundle\n|-singleturn|p2b: Iron Bundle|Protect\n|move|p2a: Rabsca|Psychic|p1b: Megatron\n|-damage|p1b: Megatron|0 fnt\n|faint|p1b: Megatron\n|move|p1a: Glorpis|Earthquake|p2b: Iron Bundle|[spread] p2a\n|-activate|p2b: Iron Bundle|move: Protect\n|-resisted|p2a: Rabsca\n|-damage|p2a: Rabsca|34\/100\n|\n|-sideend|p2: jamez10|move: Tailwind\n|upkeep\n|\n|t:|1683855661\n|switch|p1b: Morty|Cetitan, L50, F|100\/100\n|turn|5\n|\n|t:|1683855693\n|move|p2a: Rabsca|Protect|p2a: Rabsca\n|-singleturn|p2a: Rabsca|Protect\n|move|p2b: Iron Bundle|Freeze-Dry|p1a: Glorpis\n|-supereffective|p1a: Glorpis\n|-damage|p1a: Glorpis|0 fnt\n|faint|p1a: Glorpis\n|-damage|p2b: Iron Bundle|40\/100|[from] item: Life Orb\n|move|p1b: Morty|Body Slam|p2a: Rabsca\n|-activate|p2a: Rabsca|move: Protect\n|\n|upkeep\n|\n|t:|1683855702\n|switch|p1a: Intigua|Roaring Moon, L50, shiny|100\/100\n|-enditem|p1a: Intigua|Booster Energy\n|-activate|p1a: Intigua|ability: Protosynthesis|[fromitem]\n|-start|p1a: Intigua|protosynthesisatk\n|turn|6\n|\n|t:|1683855736\n|switch|p2a: Palafin|Palafin-Hero, L50, M|100\/100\n|-activate|p2a: Palafin|ability: Zero to Hero\n|move|p2b: Iron Bundle|Icy Wind|p1b: Morty|[spread] p1a,p1b\n|-supereffective|p1a: Intigua\n|-resisted|p1b: Morty\n|-damage|p1a: Intigua|43\/100\n|-damage|p1b: Morty|91\/100\n|-unboost|p1a: Intigua|spe|1\n|-unboost|p1b: Morty|spe|1\n|-damage|p2b: Iron Bundle|30\/100|[from] item: Life Orb\n|move|p1a: Intigua|Acrobatics|p2b: Iron Bundle\n|-damage|p2b: Iron Bundle|0 fnt\n|faint|p2b: Iron Bundle\n|-end|p2b: Iron Bundle|Quark Drive|[silent]\n|move|p1b: Morty|Body Slam|p2a: Palafin\n|-damage|p2a: Palafin|64\/100\n|\n|upkeep\n|\n|t:|1683855754\n|switch|p2b: Rabsca|Rabsca, L50, F|34\/100\n|turn|7\n|\n|t:|1683855785\n|move|p2a: Palafin|Protect|p2a: Palafin\n|-singleturn|p2a: Palafin|Protect\n|move|p2b: Rabsca|Protect|p2b: Rabsca\n|-singleturn|p2b: Rabsca|Protect\n|move|p1a: Intigua|Acrobatics|p2b: Rabsca\n|-activate|p2b: Rabsca|move: Protect\n|move|p1b: Morty|Icicle Crash|p2a: Palafin\n|-activate|p2a: Palafin|move: Protect\n|\n|upkeep\n|turn|8\n|\n|t:|1683855833\n|move|p2a: Palafin|Wave Crash|p1a: Intigua\n|-resisted|p1a: Intigua\n|-damage|p1a: Intigua|0 fnt\n|faint|p1a: Intigua\n|-end|p1a: Intigua|Protosynthesis|[silent]\n|-damage|p2a: Palafin|51\/100|[from] Recoil\n|move|p2b: Rabsca|Revival Blessing|p2b: Rabsca\n|\n|t:|1683855840\n|-heal|p2: Iron Bundle|50\/100|[from] move: Revival Blessing\n|move|p1b: Morty|Icicle Crash|p2a: Palafin\n|-resisted|p2a: Palafin\n|-damage|p2a: Palafin|25\/100\n|\n|upkeep\n|turn|9\n|-message|labmonjo1210 forfeited.\n|\n|win|jamez10\n|l|\u2606labmonjo1210\n|l| CluelessGamer18\n|l|\u2606jamez10\n|l| lethalpilot\n","uploadtime":1683856399,"views":10,"p1id":"labmonjo1210","p2id":"jamez10","formatid":"gen9vgc2023regulationc","rating":0,"private":0,"password":""}