{"id":"gen9vgc2023regulationc-1857391720","p1":"Lady Gagaur","p2":"tadano-reol","format":"[Gen 9] VGC 2023 Regulation C","log":"|j|\u2606Lady Gagaur\n|j|\u2606tadano-reol\n|t:|1683185482\n|gametype|doubles\n|player|p1|Lady Gagaur|mira|1088\n|player|p2|tadano-reol|red|1159\n|teamsize|p1|6\n|teamsize|p2|6\n|gen|9\n|tier|[Gen 9] VGC 2023 Regulation C\n|rated|\n|rule|Species Clause: Limit one of each Pok\u00e9mon\n|rule|Item Clause: Limit one of each item\n|clearpoke\n|poke|p1|Chi-Yu, L50|\n|poke|p1|Gholdengo, L50|\n|poke|p1|Torkoal, L50, M|\n|poke|p1|Slither Wing, L50|\n|poke|p1|Iron Jugulis, L50|\n|poke|p1|Brute Bonnet, L50|\n|poke|p2|Armarouge, L50, F|\n|poke|p2|Indeedee-F, L50, F|\n|poke|p2|Roaring Moon, L50|\n|poke|p2|Corviknight, L50, M|\n|poke|p2|Garchomp, L50, F|\n|poke|p2|Flutter Mane, L50|\n|teampreview|4\n|inactive|Battle timer is ON: inactive players will automatically lose when time's up. (requested by tadano-reol)\n|j| hisanory\n|\n|t:|1683185507\n|start\n|switch|p1a: Iron Jugulis|Iron Jugulis, L50|100\/100\n|switch|p1b: Gholdengo|Gholdengo, L50|100\/100\n|switch|p2a: Garchomp|Garchomp, L50, F|100\/100\n|switch|p2b: Roaring Moon|Roaring Moon, L50, shiny|100\/100\n|-enditem|p2b: Roaring Moon|Booster Energy\n|-activate|p2b: Roaring Moon|ability: Protosynthesis|[fromitem]\n|-start|p2b: Roaring Moon|protosynthesisspe\n|-enditem|p1a: Iron Jugulis|Booster Energy\n|-activate|p1a: Iron Jugulis|ability: Quark Drive|[fromitem]\n|-start|p1a: Iron Jugulis|quarkdrivespe\n|turn|1\n|\n|t:|1683185525\n|move|p1b: Gholdengo|Protect|p1b: Gholdengo\n|-singleturn|p1b: Gholdengo|Protect\n|move|p2b: Roaring Moon|Tailwind|p2b: Roaring Moon\n|-sidestart|p2: tadano-reol|move: Tailwind\n|move|p2a: Garchomp|Earthquake|p1b: Gholdengo|[spread] p2b\n|-activate|p1b: Gholdengo|move: Protect\n|-immune|p1a: Iron Jugulis\n|-damage|p2b: Roaring Moon|51\/100\n|move|p1a: Iron Jugulis|Tailwind|p1a: Iron Jugulis\n|-sidestart|p1: Lady Gagaur|move: Tailwind\n|\n|upkeep\n|turn|2\n|inactive|Lady Gagaur has 30 seconds left.\n|\n|t:|1683185552\n|-end|p2b: Roaring Moon|Protosynthesis|[silent]\n|switch|p2b: Corviknight|Corviknight, L50, M|100\/100\n|switch|p1b: Slither Wing|Slither Wing, L50|100\/100\n|move|p1a: Iron Jugulis|Air Slash|p2b: Corviknight\n|-resisted|p2b: Corviknight\n|-damage|p2b: Corviknight|83\/100\n|move|p2a: Garchomp|Earthquake|p1b: Slither Wing|[spread] p1b\n|-immune|p2b: Corviknight\n|-immune|p1a: Iron Jugulis\n|-resisted|p1b: Slither Wing\n|-damage|p1b: Slither Wing|76\/100\n|\n|upkeep\n|turn|3\n|\n|t:|1683185575\n|switch|p2a: Roaring Moon|Roaring Moon, L50, shiny|51\/100\n|move|p1b: Slither Wing|First Impression|p2a: Roaring Moon\n|-supereffective|p2a: Roaring Moon\n|-damage|p2a: Roaring Moon|0 fnt\n|faint|p2a: Roaring Moon\n|-end|p2a: Roaring Moon|Protosynthesis|[silent]\n|move|p1a: Iron Jugulis|Air Slash|p2b: Corviknight\n|-resisted|p2b: Corviknight\n|-damage|p2b: Corviknight|66\/100\n|move|p2b: Corviknight|Brave Bird|p1b: Slither Wing\n|-supereffective|p1b: Slither Wing\n|-damage|p1b: Slither Wing|0 fnt\n|faint|p1b: Slither Wing\n|-end|p1b: Slither Wing|Protosynthesis|[silent]\n|-damage|p2b: Corviknight|43\/100|[from] Recoil\n|-enditem|p2b: Corviknight|Sitrus Berry|[eat]\n|-heal|p2b: Corviknight|68\/100|[from] item: Sitrus Berry\n|\n|upkeep\n|\n|t:|1683185591\n|switch|p2a: Garchomp|Garchomp, L50, F|100\/100\n|switch|p1b: Chi-Yu|Chi-Yu, L50|100\/100\n|-ability|p1b: Chi-Yu|Beads of Ruin\n|turn|4\n|\n|t:|1683185600\n|-terastallize|p1b: Chi-Yu|Fire\n|move|p1a: Iron Jugulis|Air Slash|p2a: Garchomp\n|-damage|p2a: Garchomp|40\/100\n|move|p2a: Garchomp|Rock Slide|p1b: Chi-Yu|[spread] p1b\n|-miss|p2a: Garchomp|p1a: Iron Jugulis\n|-supereffective|p1b: Chi-Yu\n|-damage|p1b: Chi-Yu|22\/100\n|move|p1b: Chi-Yu|Overheat|p2a: Garchomp\n|-resisted|p2a: Garchomp\n|-damage|p2a: Garchomp|0 fnt\n|-unboost|p1b: Chi-Yu|spa|2\n|faint|p2a: Garchomp\n|move|p2b: Corviknight|Roost|p2b: Corviknight\n|-heal|p2b: Corviknight|100\/100\n|-singleturn|p2b: Corviknight|move: Roost\n|\n|-sideend|p2: tadano-reol|move: Tailwind\n|-sideend|p1: Lady Gagaur|move: Tailwind\n|upkeep\n|\n|t:|1683185610\n|switch|p2a: Flutter Mane|Flutter Mane, L50|100\/100\n|turn|5\n|\n|t:|1683185622\n|switch|p1b: Gholdengo|Gholdengo, L50|100\/100\n|-terastallize|p2b: Corviknight|Fire\n|move|p1a: Iron Jugulis|Tailwind|p1a: Iron Jugulis\n|-sidestart|p1: Lady Gagaur|move: Tailwind\n|move|p2a: Flutter Mane|Moonblast|p1b: Gholdengo\n|-resisted|p1b: Gholdengo\n|-damage|p1b: Gholdengo|68\/100\n|move|p2b: Corviknight|Tailwind|p2b: Corviknight\n|-sidestart|p2: tadano-reol|move: Tailwind\n|\n|-heal|p1b: Gholdengo|73\/100|[from] item: Leftovers\n|upkeep\n|turn|6\n|\n|t:|1683185639\n|move|p1b: Gholdengo|Protect|p1b: Gholdengo\n|-singleturn|p1b: Gholdengo|Protect\n|move|p1a: Iron Jugulis|Flash Cannon|p2a: Flutter Mane\n|-supereffective|p2a: Flutter Mane\n|-damage|p2a: Flutter Mane|45\/100\n|move|p2a: Flutter Mane|Moonblast|p1a: Iron Jugulis\n|-supereffective|p1a: Iron Jugulis\n|-damage|p1a: Iron Jugulis|0 fnt\n|faint|p1a: Iron Jugulis\n|-end|p1a: Iron Jugulis|Quark Drive|[silent]\n|move|p2b: Corviknight|Brave Bird|p1b: Gholdengo\n|-activate|p1b: Gholdengo|move: Protect\n|\n|-heal|p1b: Gholdengo|79\/100|[from] item: Leftovers\n|upkeep\n|\n|t:|1683185651\n|switch|p1a: Chi-Yu|Chi-Yu, L50, tera:Fire|22\/100\n|-ability|p1a: Chi-Yu|Beads of Ruin\n|turn|7\n|\n|t:|1683185662\n|move|p1a: Chi-Yu|Dark Pulse|p2a: Flutter Mane\n|-damage|p2a: Flutter Mane|0 fnt\n|faint|p2a: Flutter Mane\n|-end|p2a: Flutter Mane|Protosynthesis|[silent]\n|move|p1b: Gholdengo|Nasty Plot|p1b: Gholdengo\n|-boost|p1b: Gholdengo|spa|2\n|move|p2b: Corviknight|Brave Bird|p1b: Gholdengo\n|-resisted|p1b: Gholdengo\n|-damage|p1b: Gholdengo|59\/100\n|-damage|p2b: Corviknight|94\/100|[from] Recoil\n|\n|-heal|p1b: Gholdengo|64\/100|[from] item: Leftovers\n|upkeep\n|turn|8\n|\n|t:|1683185676\n|move|p1a: Chi-Yu|Dark Pulse|p2b: Corviknight\n|-damage|p2b: Corviknight|41\/100\n|move|p1b: Gholdengo|Shadow Ball|p2b: Corviknight\n|-damage|p2b: Corviknight|0 fnt\n|faint|p2b: Corviknight\n|\n|win|Lady Gagaur\n|raw|Lady Gagaur's rating: 1088 → 1120<\/strong> (+32 for winning)\n|raw|tadano-reol's rating: 1159 → 1129<\/strong> (-30 for losing)\n|l|\u2606tadano-reol\n|l|\u2606Lady Gagaur\n","uploadtime":1683185703,"views":4,"p1id":"ladygagaur","p2id":"tadanoreol","formatid":"gen9vgc2023regulationc","rating":1120,"private":0,"password":""}