{"id":"gen9vgc2023regulationc-1857834105","p1":"SlyAbby","p2":"Timelypants","format":"[Gen 9] VGC 2023 Regulation C","log":"|j|\u2606SlyAbby\n|j|\u2606Timelypants\n|t:|1683236758\n|gametype|doubles\n|player|p1|SlyAbby|skyla|1469\n|player|p2|Timelypants|1|1464\n|teamsize|p1|6\n|teamsize|p2|6\n|gen|9\n|tier|[Gen 9] VGC 2023 Regulation C\n|rated|\n|rule|Species Clause: Limit one of each Pok\u00e9mon\n|rule|Item Clause: Limit one of each item\n|clearpoke\n|poke|p1|Corviknight, L50, F|\n|poke|p1|Rotom-Wash, L50|\n|poke|p1|Ting-Lu, L50|\n|poke|p1|Palafin, L50, F|\n|poke|p1|Amoonguss, L50, M|\n|poke|p1|Chien-Pao, L50|\n|poke|p2|Flutter Mane, L50|\n|poke|p2|Chi-Yu, L50|\n|poke|p2|Roaring Moon, L50|\n|poke|p2|Jumpluff, L50, F|\n|poke|p2|Wo-Chien, L50|\n|poke|p2|Torkoal, L50, F|\n|teampreview|4\n|inactive|Battle timer is ON: inactive players will automatically lose when time's up. (requested by Timelypants)\n|inactive|SlyAbby also wants the timer to be on.\nSlyAbby has agreed to open team sheets.\n|inactive|SlyAbby has 60 seconds left.\n|inactive|Timelypants has 60 seconds left.\n|\n|t:|1683236794\n|start\n|switch|p1a: Ting-Lu|Ting-Lu, L50|100\/100\n|switch|p1b: Corviknight|Corviknight, L50, F|100\/100\n|switch|p2a: Flutter Mane|Flutter Mane, L50|100\/100\n|switch|p2b: Wo-Chien|Wo-Chien, L50|100\/100\n|-ability|p2b: Wo-Chien|Tablets of Ruin\n|-ability|p1a: Ting-Lu|Vessel of Ruin\n|turn|1\n|\n|t:|1683236818\n|-terastallize|p1a: Ting-Lu|Poison\n|move|p1b: Corviknight|Brave Bird|p2b: Wo-Chien\n|-supereffective|p2b: Wo-Chien\n|-damage|p2b: Wo-Chien|41\/100\n|-damage|p1b: Corviknight|82\/100|[from] Recoil\n|move|p2b: Wo-Chien|Leaf Storm|p1a: Ting-Lu\n|-resisted|p1a: Ting-Lu\n|-damage|p1a: Ting-Lu|89\/100\n|-unboost|p2b: Wo-Chien|spa|2\n|-enditem|p2b: Wo-Chien|Eject Pack\n|\n|t:|1683236829\n|switch|p2b: Torkoal|Torkoal, L50, F|100\/100\n|-weather|SunnyDay|[from] ability: Drought|[of] p2b: Torkoal\n|-activate|p2a: Flutter Mane|ability: Protosynthesis\n|-start|p2a: Flutter Mane|protosynthesisspa\n|move|p1a: Ting-Lu|Earthquake|p2a: Flutter Mane|[spread] p2a,p2b\n|-immune|p1b: Corviknight\n|-supereffective|p2b: Torkoal\n|-damage|p2a: Flutter Mane|56\/100\n|-damage|p2b: Torkoal|46\/100\n|move|p2a: Flutter Mane|Trick Room|p2a: Flutter Mane\n|-fieldstart|move: Trick Room|[of] p2a: Flutter Mane\n|\n|-weather|SunnyDay|[upkeep]\n|upkeep\n|turn|2\n|inactive|Timelypants has 30 seconds left.\n|\n|t:|1683236859\n|switch|p1b: Rotom|Rotom-Wash, L50|100\/100\n|-terastallize|p2b: Torkoal|Fire\n|move|p2b: Torkoal|Flamethrower|p1a: Ting-Lu\n|-damage|p1a: Ting-Lu|42\/100\n|move|p2a: Flutter Mane|Shadow Ball|p1a: Ting-Lu\n|-damage|p1a: Ting-Lu|23\/100\n|move|p1a: Ting-Lu|Earthquake|p2a: Flutter Mane|[spread] p2a,p2b\n|-immune|p1b: Rotom|[from] ability: Levitate\n|-supereffective|p2b: Torkoal\n|-damage|p2a: Flutter Mane|16\/100\n|-damage|p2b: Torkoal|0 fnt\n|faint|p2b: Torkoal\n|\n|-weather|SunnyDay|[upkeep]\n|upkeep\n|\n|t:|1683236881\n|switch|p2b: Wo-Chien|Wo-Chien, L50|41\/100\n|-ability|p2b: Wo-Chien|Tablets of Ruin\n|turn|3\n|\n|t:|1683236891\n|switch|p1b: Corviknight|Corviknight, L50, F|82\/100\n|move|p2a: Flutter Mane|Shadow Ball|p1a: Ting-Lu\n|-damage|p1a: Ting-Lu|4\/100\n|move|p1a: Ting-Lu|Earthquake|p2b: Wo-Chien|[spread] p2a,p2b\n|-immune|p1b: Corviknight\n|-resisted|p2b: Wo-Chien\n|-damage|p2a: Flutter Mane|0 fnt\n|-damage|p2b: Wo-Chien|29\/100\n|faint|p2a: Flutter Mane\n|-end|p2a: Flutter Mane|Protosynthesis|[silent]\n|move|p2b: Wo-Chien|Leaf Storm|p1b: Corviknight\n|-resisted|p1b: Corviknight\n|-damage|p1b: Corviknight|72\/100\n|-unboost|p2b: Wo-Chien|spa|2\n|\n|-weather|SunnyDay|[upkeep]\n|upkeep\n|j| shine like a gem\n|\n|t:|1683236901\n|switch|p2a: Chi-Yu|Chi-Yu, L50|100\/100\n|-ability|p2a: Chi-Yu|Beads of Ruin\n|turn|4\n|c|\u2606Timelypants|You are playing very well\n|\n|t:|1683236923\n|move|p1a: Ting-Lu|Earthquake|p2a: Chi-Yu|[spread] p2a,p2b\n|-immune|p1b: Corviknight\n|-supereffective|p2a: Chi-Yu\n|-resisted|p2b: Wo-Chien\n|-damage|p2a: Chi-Yu|29\/100\n|-damage|p2b: Wo-Chien|16\/100\n|move|p2b: Wo-Chien|Pollen Puff|p1a: Ting-Lu\n|-resisted|p1a: Ting-Lu\n|-damage|p1a: Ting-Lu|1\/100\n|move|p1b: Corviknight|Brave Bird|p2b: Wo-Chien\n|-supereffective|p2b: Wo-Chien\n|-damage|p2b: Wo-Chien|0 fnt\n|faint|p2b: Wo-Chien\n|-damage|p1b: Corviknight|67\/100|[from] Recoil\n|move|p2a: Chi-Yu|Flamethrower|p1b: Corviknight\n|-supereffective|p1b: Corviknight\n|-damage|p1b: Corviknight|0 fnt\n|faint|p1b: Corviknight\n|\n|-weather|SunnyDay|[upkeep]\n|upkeep\n|j| Mybossisabum\n|c|\u2606SlyAbby|thanks\n|\n|t:|1683236944\n|switch|p1b: Chien-Pao|Chien-Pao, L50|100\/100\n|-ability|p1b: Chien-Pao|Sword of Ruin\n|turn|5\n|c|\u2606Timelypants|GG\n|c|\u2606SlyAbby|gg\n|-message|Timelypants forfeited.\n|\n|win|SlyAbby\n|raw|SlyAbby's rating: 1469 → 1489<\/strong> (+20 for winning)\n|raw|Timelypants's rating: 1464 → 1444<\/strong> (-20 for losing)\n|l|\u2606Timelypants\n|l|\u2606SlyAbby\n|l| shine like a gem\n|j| shine like a gem\n|l| shine like a gem\n|j| shine like a gem\n","uploadtime":1683237013,"views":11,"p1id":"slyabby","p2id":"timelypants","formatid":"gen9vgc2023regulationc","rating":1444,"private":0,"password":""}