{"id":"gen9vgc2023regulationc-1847279710","p1":"Ludvik \/ test","p2":"Mortipherus","format":"[Gen 9] VGC 2023 Regulation C","log":"|j|\u2606Ludvik \/ test\n|j|\u2606Mortipherus\n|t:|1681934197\n|gametype|doubles\n|player|p1|Ludvik \/ test|giovanni|1296\n|player|p2|Mortipherus|hooligans|1331\n|teamsize|p1|6\n|teamsize|p2|6\n|gen|9\n|tier|[Gen 9] VGC 2023 Regulation C\n|rated|\n|rule|Species Clause: Limit one of each Pok\u00e9mon\n|rule|Item Clause: Limit one of each item\n|clearpoke\n|poke|p1|Dragonite, L50, M|\n|poke|p1|Chien-Pao, L50|\n|poke|p1|Tatsugiri-Droopy, L50, M|\n|poke|p1|Dondozo, L50, M|\n|poke|p1|Gastrodon, L50, M|\n|poke|p1|Pelipper, L50, F|\n|poke|p2|Cetitan, L50, M|\n|poke|p2|Corviknight, L50, M|\n|poke|p2|Volcarona, L50, M|\n|poke|p2|Ting-Lu, L50|\n|poke|p2|Tauros-Paldea-Aqua, L50, M|\n|poke|p2|Amoonguss, L50, M|\n|teampreview|4\n|\n|t:|1681934223\n|start\n|switch|p1a: Gastrodon|Gastrodon, L50, M|100\/100\n|switch|p1b: Pelipper|Pelipper, L50, F|100\/100\n|switch|p2a: Cetitan|Cetitan, L50, M, shiny|100\/100\n|switch|p2b: Corviknight|Corviknight, L50, M, shiny|100\/100\n|-weather|RainDance|[from] ability: Drizzle|[of] p1b: Pelipper\n|turn|1\n|inactive|Battle timer is ON: inactive players will automatically lose when time's up. (requested by Mortipherus)\n|\n|t:|1681934251\n|-terastallize|p1a: Gastrodon|Fire\n|move|p1b: Pelipper|Surf|p2b: Corviknight|[spread] p2a,p2b\n|-ability|p1a: Gastrodon|Storm Drain|boost\n|-boost|p1a: Gastrodon|spa|1\n|-damage|p2a: Cetitan|59\/100\n|-damage|p2b: Corviknight|50\/100\n|move|p2b: Corviknight|Tailwind|p2b: Corviknight\n|-sidestart|p2: Mortipherus|move: Tailwind\n|move|p2a: Cetitan|Icicle Crash|p1b: Pelipper\n|-damage|p1b: Pelipper|7\/100\n|move|p1a: Gastrodon|Earth Power|p2a: Cetitan\n|-damage|p2a: Cetitan|12\/100\n|\n|-weather|RainDance|[upkeep]\n|-heal|p2b: Corviknight|57\/100|[from] item: Leftovers\n|upkeep\n|turn|2\n|\n|t:|1681934271\n|move|p2a: Cetitan|Protect|p2a: Cetitan\n|-singleturn|p2a: Cetitan|Protect\n|move|p1b: Pelipper|Protect|p1b: Pelipper\n|-singleturn|p1b: Pelipper|Protect\n|move|p2b: Corviknight|Brave Bird|p1b: Pelipper\n|-activate|p1b: Pelipper|move: Protect\n|move|p1a: Gastrodon|Muddy Water|p2b: Corviknight|[spread] p2b\n|-activate|p2a: Cetitan|move: Protect\n|-damage|p2b: Corviknight|0 fnt\n|faint|p2b: Corviknight\n|\n|-weather|RainDance|[upkeep]\n|upkeep\n|\n|t:|1681934289\n|switch|p2b: Amoonguss|Amoonguss, L50, M|100\/100\n|turn|3\n|\n|t:|1681934299\n|move|p2a: Cetitan|Icicle Crash|p1b: Pelipper\n|-damage|p1b: Pelipper|0 fnt\n|faint|p1b: Pelipper\n|move|p2b: Amoonguss|Spore|p1a: Gastrodon\n|-status|p1a: Gastrodon|slp|[from] move: Spore\n|cant|p1a: Gastrodon|slp\n|\n|-weather|RainDance|[upkeep]\n|upkeep\n|\n|t:|1681934308\n|switch|p1b: Dondozo|Dondozo, L50, M|100\/100\n|turn|4\n|\n|t:|1681934316\n|move|p2a: Cetitan|Protect|p2a: Cetitan\n|-singleturn|p2a: Cetitan|Protect\n|move|p1b: Dondozo|Protect|p1b: Dondozo\n|-singleturn|p1b: Dondozo|Protect\n|move|p2b: Amoonguss|Spore|p1b: Dondozo\n|-activate|p1b: Dondozo|move: Protect\n|cant|p1a: Gastrodon|slp\n|\n|-weather|RainDance|[upkeep]\n|-sideend|p2: Mortipherus|move: Tailwind\n|upkeep\n|turn|5\n|\n|t:|1681934338\n|switch|p2a: Tauros|Tauros-Paldea-Aqua, L50, M|100\/100\n|-ability|p2a: Tauros|Intimidate|boost\n|-unboost|p1a: Gastrodon|atk|1\n|-unboost|p1b: Dondozo|atk|1\n|switch|p1b: Tatsugiri|Tatsugiri-Droopy, L50, M|100\/100\n|-curestatus|p1a: Gastrodon|slp|[msg]\n|move|p1a: Gastrodon|Earth Power|p2b: Amoonguss\n|-damage|p2b: Amoonguss|61\/100\n|move|p2b: Amoonguss|Spore|p1b: Tatsugiri\n|-status|p1b: Tatsugiri|slp|[from] move: Spore\n|\n|-weather|RainDance|[upkeep]\n|upkeep\n|turn|6\n|inactive|Ludvik \/ test has 30 seconds left.\n|inactive|Ludvik \/ test has 20 seconds left.\n|inactive|Ludvik \/ test has 15 seconds left.\n|inactive|Ludvik \/ test has 10 seconds left.\n|inactive|Ludvik \/ test has 5 seconds left.\n|\n|t:|1681934393\n|cant|p1b: Tatsugiri|slp\n|move|p2a: Tauros|Close Combat|p1a: Gastrodon\n|-damage|p1a: Gastrodon|35\/100\n|-unboost|p2a: Tauros|def|1\n|-unboost|p2a: Tauros|spd|1\n|-enditem|p1a: Gastrodon|Sitrus Berry|[eat]\n|-heal|p1a: Gastrodon|60\/100|[from] item: Sitrus Berry\n|move|p1a: Gastrodon|Earth Power|p2b: Amoonguss\n|-damage|p2b: Amoonguss|22\/100\n|-enditem|p2b: Amoonguss|Sitrus Berry|[eat]\n|-heal|p2b: Amoonguss|47\/100|[from] item: Sitrus Berry\n|move|p2b: Amoonguss|Spore|p1a: Gastrodon\n|-status|p1a: Gastrodon|slp|[from] move: Spore\n|\n|-weather|RainDance|[upkeep]\n|upkeep\n|turn|7\n|\n|t:|1681934413\n|switch|p1a: Dondozo|Dondozo, L50, M|100\/100\n|-activate|p1b: Tatsugiri|ability: Commander|[of] p1a: Dondozo\n|-boost|p1a: Dondozo|atk|2\n|-boost|p1a: Dondozo|spa|2\n|-boost|p1a: Dondozo|spe|2\n|-boost|p1a: Dondozo|def|2\n|-boost|p1a: Dondozo|spd|2\n|switch|p2b: Cetitan|Cetitan, L50, M, shiny|12\/100\n|move|p2a: Tauros|Close Combat|p1a: Dondozo\n|-damage|p1a: Dondozo|75\/100\n|-unboost|p2a: Tauros|def|1\n|-unboost|p2a: Tauros|spd|1\n|\n|-weather|RainDance|[upkeep]\n|upkeep\n|turn|8\n|\n|t:|1681934429\n|switch|p2a: Amoonguss|Amoonguss, L50, M|80\/100\n|move|p2b: Cetitan|Protect|p2b: Cetitan\n|-singleturn|p2b: Cetitan|Protect\n|move|p1a: Dondozo|Surf|p2b: Cetitan|[spread] p2a\n|-miss|p1a: Dondozo|p1b: Tatsugiri\n|-activate|p2b: Cetitan|move: Protect\n|-resisted|p2a: Amoonguss\n|-damage|p2a: Amoonguss|41\/100\n|-damage|p1a: Dondozo|65\/100|[from] item: Life Orb\n|\n|-weather|none\n|upkeep\n|turn|9\n|\n|t:|1681934452\n|switch|p2b: Tauros|Tauros-Paldea-Aqua, L50, M|100\/100\n|-ability|p2b: Tauros|Intimidate|boost\n|-unboost|p1a: Dondozo|atk|1\n|-unboost|p1b: Tatsugiri|atk|1\n|-terastallize|p2a: Amoonguss|Water\n|move|p1a: Dondozo|Wave Crash|p2a: Amoonguss\n|-resisted|p2a: Amoonguss\n|-damage|p2a: Amoonguss|6\/100\n|-damage|p1a: Dondozo|54\/100|[from] Recoil\n|-damage|p1a: Dondozo|44\/100|[from] item: Life Orb\n|move|p2a: Amoonguss|Spore|p1a: Dondozo\n|-status|p1a: Dondozo|slp|[from] move: Spore\n|\n|upkeep\n|turn|10\n|\n|t:|1681934470\n|switch|p2a: Cetitan|Cetitan, L50, M, shiny|12\/100\n|cant|p1a: Dondozo|slp\n|move|p1a: Dondozo|Sleep Talk|p1a: Dondozo\n|move|p1a: Dondozo|Surf|p2a: Cetitan|[from]move: Sleep Talk|[spread] p2a,p2b\n|-miss|p1a: Dondozo|p1b: Tatsugiri\n|-resisted|p2b: Tauros\n|-damage|p2a: Cetitan|0 fnt\n|-damage|p2b: Tauros|60\/100\n|faint|p2a: Cetitan\n|-damage|p1a: Dondozo|34\/100 slp|[from] item: Life Orb\n|move|p2b: Tauros|Close Combat|p1a: Dondozo\n|-damage|p1a: Dondozo|8\/100 slp\n|-unboost|p2b: Tauros|def|1\n|-unboost|p2b: Tauros|spd|1\n|\n|upkeep\n|\n|t:|1681934489\n|switch|p2a: Amoonguss|Amoonguss, L50, M, tera:Water|39\/100\n|turn|11\n|\n|t:|1681934501\n|cant|p1a: Dondozo|slp\n|move|p1a: Dondozo|Sleep Talk|p1a: Dondozo\n|move|p1a: Dondozo|Protect|p1a: Dondozo|[from]move: Sleep Talk\n|-singleturn|p1a: Dondozo|Protect\n|move|p2b: Tauros|Raging Bull|p1a: Dondozo\n|-activate|p1a: Dondozo|move: Protect\n|move|p2a: Amoonguss|Pollen Puff|p2b: Tauros\n|-heal|p2b: Tauros|100\/100\n|\n|upkeep\n|turn|12\n|\n|t:|1681934525\n|-curestatus|p1a: Dondozo|slp|[msg]\n|move|p1a: Dondozo|Surf|p2a: Amoonguss|[spread] p2a,p2b\n|-miss|p1a: Dondozo|p1b: Tatsugiri\n|-resisted|p2a: Amoonguss\n|-resisted|p2b: Tauros\n|-damage|p2a: Amoonguss|14\/100\n|-damage|p2b: Tauros|62\/100\n|-damage|p1a: Dondozo|0 fnt|[from] item: Life Orb\n|faint|p1a: Dondozo\n|move|p2b: Tauros|Close Combat|p1b: Tatsugiri\n|-damage|p1b: Tatsugiri|0 fnt\n|-unboost|p2b: Tauros|def|1\n|-unboost|p2b: Tauros|spd|1\n|faint|p1b: Tatsugiri\n|move|p2a: Amoonguss|Clear Smog|p2b: Tauros\n|-damage|p2b: Tauros|24\/100\n|-clearboost|p2b: Tauros\n|\n|upkeep\n|-message|Ludvik \/ test forfeited.\n|\n|win|Mortipherus\n|raw|Ludvik / test's rating: 1296 → 1274<\/strong> (-22 for losing)\n|raw|Mortipherus's rating: 1331 → 1349<\/strong> (+18 for winning)\n|l|\u2606Ludvik \/ test\n|l|\u2606Mortipherus\n|j|\u2606Mortipherus\n|player|p2|Mortipherus|hooligans\n","uploadtime":1681934583,"views":16,"p1id":"ludviktest","p2id":"mortipherus","formatid":"gen9vgc2023regulationc","rating":1274,"private":0,"password":""}