{"id":"gen9vgc2023regulationc-1863966291","p1":"PAQUITI","p2":"Cosentino","format":"[Gen 9] VGC 2023 Regulation C","log":"|j|\u2606PAQUITI\n|j|\u2606Cosentino\n|t:|1684099004\n|gametype|doubles\n|player|p1|PAQUITI|cynthia|1186\n|player|p2|Cosentino|1|1279\n|teamsize|p1|6\n|teamsize|p2|6\n|gen|9\n|tier|[Gen 9] VGC 2023 Regulation C\n|rated|\n|rule|Species Clause: Limit one of each Pok\u00e9mon\n|rule|Item Clause: Limit one of each item\n|clearpoke\n|poke|p1|Lilligant, L50, F|\n|poke|p1|Torkoal, L50, M|\n|poke|p1|Flutter Mane, L50|\n|poke|p1|Kingambit, L50, M|\n|poke|p1|Chien-Pao, L50|\n|poke|p1|Great Tusk, L50|\n|poke|p2|Sableye, L50, M|\n|poke|p2|Ceruledge, L50, M|\n|poke|p2|Iron Thorns, L50|\n|poke|p2|Gyarados, L50, M|\n|poke|p2|Chien-Pao, L50|\n|poke|p2|Dragonite, L50, F|\n|teampreview|4\n|inactive|Battle timer is ON: inactive players will automatically lose when time's up. (requested by PAQUITI)\n|\n|t:|1684099049\n|start\n|switch|p1a: PEREZA|Torkoal, L50, M, shiny|100\/100\n|switch|p1b: CUERNOS|Great Tusk, L50|100\/100\n|switch|p2a: Sableye|Sableye, L50, M|100\/100\n|switch|p2b: Iron Thorns|Iron Thorns, L50|100\/100\n|-weather|SunnyDay|[from] ability: Drought|[of] p1a: PEREZA\n|-activate|p1b: CUERNOS|ability: Protosynthesis\n|-start|p1b: CUERNOS|protosynthesisatk\n|-enditem|p2b: Iron Thorns|Booster Energy\n|-activate|p2b: Iron Thorns|ability: Quark Drive|[fromitem]\n|-start|p2b: Iron Thorns|quarkdriveatk\n|turn|1\n|inactive|Cosentino has 30 seconds left.\n|\n|t:|1684099078\n|-end|p2b: Iron Thorns|Quark Drive|[silent]\n|switch|p2b: Ceruledge|Ceruledge, L50, M|100\/100\n|move|p1a: PEREZA|Protect|p1a: PEREZA\n|-singleturn|p1a: PEREZA|Protect\n|move|p2a: Sableye|Fake Out|p1b: CUERNOS\n|-damage|p1b: CUERNOS|95\/100\n|cant|p1b: CUERNOS|flinch\n|\n|-weather|SunnyDay|[upkeep]\n|upkeep\n|turn|2\n|\n|t:|1684099101\n|-terastallize|p2b: Ceruledge|Grass\n|move|p1b: CUERNOS|Rock Slide|p2a: Sableye|[spread] p2a,p2b\n|-damage|p2a: Sableye|68\/100\n|-damage|p2b: Ceruledge|69\/100\n|move|p2b: Ceruledge|Bulk Up|p2b: Ceruledge\n|-boost|p2b: Ceruledge|atk|1\n|-boost|p2b: Ceruledge|def|1\n|move|p2a: Sableye|Will-O-Wisp|p1b: CUERNOS\n|-status|p1b: CUERNOS|brn\n|move|p1a: PEREZA|Earth Power|p2b: Ceruledge\n|-resisted|p2b: Ceruledge\n|-damage|p2b: Ceruledge|57\/100\n|\n|-weather|SunnyDay|[upkeep]\n|-heal|p2b: Ceruledge|63\/100|[from] item: Leftovers\n|-damage|p1b: CUERNOS|89\/100 brn|[from] brn\n|upkeep\n|turn|3\n|\n|t:|1684099125\n|move|p1b: CUERNOS|Rock Slide|p2b: Ceruledge|[spread] p2a,p2b\n|-crit|p2b: Ceruledge\n|-damage|p2a: Sableye|51\/100\n|-damage|p2b: Ceruledge|42\/100\n|move|p2b: Ceruledge|Bitter Blade|p1b: CUERNOS\n|-damage|p1b: CUERNOS|19\/100 brn\n|-heal|p2b: Ceruledge|79\/100|[from] drain|[of] p1b: CUERNOS\n|move|p2a: Sableye|Disable|p1b: CUERNOS\n|-start|p1b: CUERNOS|Disable|Rock Slide\n|move|p1a: PEREZA|Eruption|p2b: Ceruledge|[spread] p2a\n|-start|p2b: Ceruledge|ability: Flash Fire\n|-damage|p2a: Sableye|0 fnt\n|faint|p2a: Sableye\n|\n|-weather|SunnyDay|[upkeep]\n|-heal|p2b: Ceruledge|85\/100|[from] item: Leftovers\n|-damage|p1b: CUERNOS|13\/100 brn|[from] brn\n|upkeep\n|\n|t:|1684099143\n|switch|p2a: Iron Thorns|Iron Thorns, L50|100\/100\n|turn|4\n|\n|t:|1684099167\n|move|p1a: PEREZA|Protect|p1a: PEREZA\n|-singleturn|p1a: PEREZA|Protect\n|move|p2b: Ceruledge|Shadow Sneak|p1b: CUERNOS\n|-damage|p1b: CUERNOS|0 fnt\n|faint|p1b: CUERNOS\n|-end|p1b: CUERNOS|Protosynthesis|[silent]\n|move|p2a: Iron Thorns|Rock Slide|p1a: PEREZA\n|-activate|p1a: PEREZA|move: Protect\n|\n|-weather|SunnyDay|[upkeep]\n|-heal|p2b: Ceruledge|91\/100|[from] item: Leftovers\n|upkeep\n|\n|t:|1684099173\n|switch|p1b: TENGO DIENTES|Chien-Pao, L50|100\/100\n|-ability|p1b: TENGO DIENTES|Sword of Ruin\n|turn|5\n|inactive|PAQUITI has 30 seconds left.\n|\n|t:|1684099208\n|move|p2b: Ceruledge|Protect|p2b: Ceruledge\n|-singleturn|p2b: Ceruledge|Protect\n|move|p1b: TENGO DIENTES|Ice Spinner|p2b: Ceruledge\n|-activate|p2b: Ceruledge|move: Protect\n|move|p2a: Iron Thorns|Rock Slide|p1b: TENGO DIENTES|[spread] p1a,p1b\n|-supereffective|p1a: PEREZA\n|-supereffective|p1b: TENGO DIENTES\n|-damage|p1a: PEREZA|25\/100\n|-damage|p1b: TENGO DIENTES|6\/100\n|move|p1a: PEREZA|Earth Power|p2a: Iron Thorns\n|-supereffective|p2a: Iron Thorns\n|-damage|p2a: Iron Thorns|0 fnt\n|faint|p2a: Iron Thorns\n|-end|p2a: Iron Thorns|Quark Drive|[silent]\n|\n|-weather|none\n|-heal|p2b: Ceruledge|97\/100|[from] item: Leftovers\n|upkeep\n|\n|t:|1684099219\n|switch|p2a: Chien-Pao|Chien-Pao, L50|100\/100\n|-ability|p2a: Chien-Pao|Sword of Ruin\n|turn|6\n|\n|t:|1684099226\n|move|p1b: TENGO DIENTES|Protect|p1b: TENGO DIENTES\n|-singleturn|p1b: TENGO DIENTES|Protect\n|move|p1a: PEREZA|Protect|p1a: PEREZA\n|-singleturn|p1a: PEREZA|Protect\n|move|p2a: Chien-Pao|Sucker Punch||[still]\n|-fail|p2a: Chien-Pao\n|move|p2b: Ceruledge|Shadow Sneak|p1b: TENGO DIENTES\n|-activate|p1b: TENGO DIENTES|move: Protect\n|\n|-heal|p2b: Ceruledge|100\/100|[from] item: Leftovers\n|upkeep\n|turn|7\n|inactive|PAQUITI has 30 seconds left.\n|\n|t:|1684099256\n|move|p2a: Chien-Pao|Sucker Punch|p1a: PEREZA\n|-damage|p1a: PEREZA|0 fnt\n|faint|p1a: PEREZA\n|move|p2b: Ceruledge|Shadow Sneak|p1b: TENGO DIENTES\n|-resisted|p1b: TENGO DIENTES\n|-damage|p1b: TENGO DIENTES|0 fnt\n|faint|p1b: TENGO DIENTES\n|\n|upkeep\n|\n|t:|1684099260\n|switch|p1a: FLANCY|Flutter Mane, L50|100\/100\n|turn|8\n|\n|t:|1684099265\n|-terastallize|p1a: FLANCY|Fairy\n|move|p2a: Chien-Pao|Sucker Punch|p1a: FLANCY\n|-resisted|p1a: FLANCY\n|-damage|p1a: FLANCY|52\/100\n|move|p2b: Ceruledge|Shadow Sneak|p1a: FLANCY\n|-damage|p1a: FLANCY|0 fnt\n|faint|p1a: FLANCY\n|-end|p1a: FLANCY|Protosynthesis|[silent]\n|\n|win|Cosentino\n|raw|PAQUITI's rating: 1186 → 1168<\/strong> (-18 for losing)\n|raw|Cosentino's rating: 1279 → 1297<\/strong> (+18 for winning)\n|l|\u2606PAQUITI\n","uploadtime":1684099276,"views":4,"p1id":"paquiti","p2id":"cosentino","formatid":"gen9vgc2023regulationc","rating":1168,"private":0,"password":""}