{"id":"gen9vgc2023regulationc-1848992511","p1":"Xepher008","p2":"hirowwwshi","format":"[Gen 9] VGC 2023 Regulation C","log":"|j|\u2606Xepher008\n|j|\u2606hirowwwshi\n|t:|1682135775\n|gametype|doubles\n|player|p1|Xepher008|2|1157\n|player|p2|hirowwwshi|102|1074\n|teamsize|p1|6\n|teamsize|p2|6\n|gen|9\n|tier|[Gen 9] VGC 2023 Regulation C\n|rated|\n|rule|Species Clause: Limit one of each Pok\u00e9mon\n|rule|Item Clause: Limit one of each item\n|clearpoke\n|poke|p1|Flutter Mane, L50|\n|poke|p1|Gastrodon, L50, F|\n|poke|p1|Chi-Yu, L50|\n|poke|p1|Chien-Pao, L50|\n|poke|p1|Dragonite, L50, F|\n|poke|p1|Amoonguss, L50, F|\n|poke|p2|Chi-Yu, L50|\n|poke|p2|Dachsbun, L50, M|\n|poke|p2|Palafin, L50, F|\n|poke|p2|Flutter Mane, L50|\n|poke|p2|Garchomp, L50, F|\n|poke|p2|Kilowattrel, L50, M|\n|teampreview|4\n|inactive|Battle timer is ON: inactive players will automatically lose when time's up. (requested by hirowwwshi)\n|\n|t:|1682135805\n|start\n|switch|p1a: Chi-Yu|Chi-Yu, L50|100\/100\n|switch|p1b: Flutter Mane|Flutter Mane, L50|100\/100\n|switch|p2a: Palafin|Palafin, L50, F|100\/100\n|switch|p2b: Chi-Yu|Chi-Yu, L50|100\/100\n|-ability|p2b: Chi-Yu|Beads of Ruin\n|-ability|p1a: Chi-Yu|Beads of Ruin\n|turn|1\n|\n|t:|1682135829\n|detailschange|p2a: Palafin|Palafin-Hero, L50, F\n|switch|p2a: Dachsbun|Dachsbun, L50, M|100\/100\n|move|p2b: Chi-Yu|Lava Plume|p1a: Chi-Yu|[spread] p1a,p1b\n|-ability|p2a: Dachsbun|Well-Baked Body|boost\n|-boost|p2a: Dachsbun|def|2\n|-resisted|p1a: Chi-Yu\n|-damage|p1a: Chi-Yu|80\/100\n|-damage|p1b: Flutter Mane|52\/100\n|move|p1b: Flutter Mane|Power Gem|p2b: Chi-Yu\n|-supereffective|p2b: Chi-Yu\n|-damage|p2b: Chi-Yu|3\/100\n|move|p1a: Chi-Yu|Snarl|p2a: Dachsbun|[spread] p2a,p2b\n|-resisted|p2a: Dachsbun\n|-resisted|p2b: Chi-Yu\n|-crit|p2b: Chi-Yu\n|-damage|p2a: Dachsbun|88\/100\n|-damage|p2b: Chi-Yu|0 fnt\n|-unboost|p2a: Dachsbun|spa|1\n|faint|p2b: Chi-Yu\n|\n|-heal|p2a: Dachsbun|94\/100|[from] item: Leftovers\n|upkeep\n|\n|t:|1682135847\n|switch|p2b: Palafin|Palafin-Hero, L50, F|100\/100\n|-activate|p2b: Palafin|ability: Zero to Hero\n|turn|2\n|\n|t:|1682135864\n|-end|p1b: Flutter Mane|Protosynthesis|[silent]\n|switch|p1b: Gastrodon|Gastrodon, L50, F|100\/100\n|-terastallize|p1a: Chi-Yu|Ghost\n|-terastallize|p2b: Palafin|Water\n|move|p2b: Palafin|Jet Punch|p1b: Gastrodon\n|-ability|p1b: Gastrodon|Storm Drain|boost\n|-boost|p1b: Gastrodon|spa|1\n|move|p1a: Chi-Yu|Dark Pulse|p2b: Palafin\n|-damage|p2b: Palafin|43\/100\n|move|p2a: Dachsbun|Body Press|p1a: Chi-Yu\n|-immune|p1a: Chi-Yu\n|\n|-heal|p2a: Dachsbun|99\/100|[from] item: Leftovers\n|upkeep\n|turn|3\n|c|\u2606hirowwwshi|well played\n|inactive|Xepher008 has 30 seconds left.\n|inactive|Xepher008 has 20 seconds left.\n|\n|t:|1682135901\n|move|p2b: Palafin|Jet Punch|p1b: Gastrodon\n|-activate|p1b: Gastrodon|ability: Storm Drain\n|-ability|p1b: Gastrodon|Storm Drain|boost\n|-boost|p1b: Gastrodon|spa|1\n|move|p1a: Chi-Yu|Dark Pulse|p2b: Palafin\n|-damage|p2b: Palafin|0 fnt\n|faint|p2b: Palafin\n|move|p2a: Dachsbun|Body Press|p1b: Gastrodon\n|-damage|p1b: Gastrodon|58\/100\n|move|p1b: Gastrodon|Earth Power|p2a: Dachsbun\n|-damage|p2a: Dachsbun|12\/100\n|\n|-heal|p2a: Dachsbun|18\/100|[from] item: Leftovers\n|upkeep\n|\n|t:|1682135915\n|switch|p2b: Flutter Mane|Flutter Mane, L50|100\/100\n|-enditem|p2b: Flutter Mane|Booster Energy\n|-activate|p2b: Flutter Mane|ability: Protosynthesis|[fromitem]\n|-start|p2b: Flutter Mane|protosynthesisspe\n|turn|4\n|inactive|Xepher008 has 30 seconds left.\n|inactive|Xepher008 has 20 seconds left.\n|inactive|Xepher008 has 15 seconds left.\n|inactive|Xepher008 has 10 seconds left.\n|inactive|Xepher008 has 5 seconds left.\n|\n|t:|1682135967\n|move|p2a: Dachsbun|Protect|p2a: Dachsbun\n|-singleturn|p2a: Dachsbun|Protect\n|move|p1b: Gastrodon|Protect|p1b: Gastrodon\n|-singleturn|p1b: Gastrodon|Protect\n|move|p2b: Flutter Mane|Shadow Ball|p1a: Chi-Yu\n|-supereffective|p1a: Chi-Yu\n|-damage|p1a: Chi-Yu|0 fnt\n|faint|p1a: Chi-Yu\n|\n|-heal|p2a: Dachsbun|24\/100|[from] item: Leftovers\n|upkeep\n|\n|t:|1682135991\n|switch|p1a: Amoonguss|Amoonguss, L50, F|100\/100\n|turn|5\n|\n|t:|1682136012\n|move|p2b: Flutter Mane|Shadow Ball|p1a: Amoonguss\n|-damage|p1a: Amoonguss|62\/100\n|move|p2a: Dachsbun|Body Press|p1a: Amoonguss\n|-resisted|p1a: Amoonguss\n|-damage|p1a: Amoonguss|46\/100\n|-damage|p2a: Dachsbun|8\/100|[from] item: Rocky Helmet|[of] p1a: Amoonguss\n|move|p1b: Gastrodon|Recover|p1b: Gastrodon\n|-heal|p1b: Gastrodon|100\/100\n|move|p1a: Amoonguss|Spore|p2b: Flutter Mane\n|-status|p2b: Flutter Mane|slp|[from] move: Spore\n|\n|-heal|p2a: Dachsbun|14\/100|[from] item: Leftovers\n|upkeep\n|turn|6\n|inactive|Xepher008 has 30 seconds left.\n|\n|t:|1682136042\n|move|p2a: Dachsbun|Protect|p2a: Dachsbun\n|-singleturn|p2a: Dachsbun|Protect\n|move|p1a: Amoonguss|Rage Powder|p1a: Amoonguss\n|-singleturn|p1a: Amoonguss|move: Rage Powder\n|cant|p2b: Flutter Mane|slp\n|move|p1b: Gastrodon|Muddy Water|p2b: Flutter Mane|[spread] p2b\n|-activate|p2a: Dachsbun|move: Protect\n|-crit|p2b: Flutter Mane\n|-damage|p2b: Flutter Mane|8\/100 slp\n|\n|-heal|p2a: Dachsbun|20\/100|[from] item: Leftovers\n|upkeep\n|turn|7\n|inactive|hirowwwshi has 30 seconds left.\n|\n|t:|1682136069\n|move|p1a: Amoonguss|Rage Powder|p1a: Amoonguss\n|-singleturn|p1a: Amoonguss|move: Rage Powder\n|cant|p2b: Flutter Mane|slp\n|move|p2a: Dachsbun|Body Press|p1a: Amoonguss\n|-resisted|p1a: Amoonguss\n|-damage|p1a: Amoonguss|30\/100\n|-damage|p2a: Dachsbun|4\/100|[from] item: Rocky Helmet|[of] p1a: Amoonguss\n|move|p1b: Gastrodon|Earth Power|p2a: Dachsbun\n|-damage|p2a: Dachsbun|0 fnt\n|faint|p2a: Dachsbun\n|\n|upkeep\n|turn|8\n|c|\u2606hirowwwshi|gg\n|\n|t:|1682136089\n|-curestatus|p2b: Flutter Mane|slp|[msg]\n|move|p2b: Flutter Mane|Protect|p2b: Flutter Mane\n|-singleturn|p2b: Flutter Mane|Protect\n|move|p1a: Amoonguss|Rage Powder|p1a: Amoonguss\n|-singleturn|p1a: Amoonguss|move: Rage Powder\n|move|p1b: Gastrodon|Earth Power|p2b: Flutter Mane\n|-activate|p2b: Flutter Mane|move: Protect\n|\n|upkeep\n|turn|9\n|-message|hirowwwshi forfeited.\n|\n|win|Xepher008\n|raw|Xepher008's rating: 1157 → 1176<\/strong> (+19 for winning)\n|raw|hirowwwshi's rating: 1074 → 1058<\/strong> (-16 for losing)\n|l|\u2606hirowwwshi\n","uploadtime":1682136105,"views":9,"p1id":"xepher008","p2id":"hirowwwshi","formatid":"gen9vgc2023regulationc","rating":1058,"private":0,"password":""}