{"id":"gen9vgc2023regulationc-1849406694","p1":"marioman6444","p2":"PorfiroFrota","format":"[Gen 9] VGC 2023 Regulation C","log":"|j|\u2606marioman6444\n|j|\u2606PorfiroFrota\n|t:|1682194943\n|gametype|doubles\n|player|p1|marioman6444|hoopster|1125\n|player|p2|PorfiroFrota|red|1176\n|teamsize|p1|6\n|teamsize|p2|6\n|gen|9\n|tier|[Gen 9] VGC 2023 Regulation C\n|rated|\n|rule|Species Clause: Limit one of each Pok\u00e9mon\n|rule|Item Clause: Limit one of each item\n|clearpoke\n|poke|p1|Murkrow, L50, F|\n|poke|p1|Tsareena, L50, F|\n|poke|p1|Flutter Mane, L50|\n|poke|p1|Brute Bonnet, L50|\n|poke|p1|Roaring Moon, L50|\n|poke|p1|Ting-Lu, L50|\n|poke|p2|Palafin, L50, F|\n|poke|p2|Amoonguss, L50, M|\n|poke|p2|Arcanine, L50, M|\n|poke|p2|Flutter Mane, L50|\n|poke|p2|Baxcalibur, L50, F|\n|poke|p2|Ting-Lu, L50|\n|teampreview|4\n|inactive|Battle timer is ON: inactive players will automatically lose when time's up. (requested by marioman6444)\n|inactive|marioman6444 has 60 seconds left.\n|inactive|marioman6444 has 30 seconds left.\n|inactive|marioman6444 has 20 seconds left.\n|inactive|marioman6444 has 15 seconds left.\n|\n|t:|1682195020\n|start\n|switch|p1a: Knight|Ting-Lu, L50|100\/100\n|switch|p1b: Queen|Tsareena, L50, F|100\/100\n|switch|p2a: Flutter Mane|Flutter Mane, L50|100\/100\n|switch|p2b: Baxcalibur|Baxcalibur, L50, F|100\/100\n|-ability|p1a: Knight|Vessel of Ruin\n|turn|1\n|\n|t:|1682195042\n|-terastallize|p2a: Flutter Mane|Fairy\n|-terastallize|p1b: Queen|Fire\n|move|p2a: Flutter Mane|Dazzling Gleam|p1a: Knight|[spread] p1a,p1b\n|-supereffective|p1a: Knight\n|-resisted|p1b: Queen\n|-damage|p1a: Knight|19\/100\n|-damage|p1b: Queen|74\/100\n|-enditem|p1a: Knight|Weakness Policy\n|-boost|p1a: Knight|atk|2|[from] item: Weakness Policy\n|-boost|p1a: Knight|spa|2|[from] item: Weakness Policy\n|move|p2b: Baxcalibur|Icicle Crash|p1b: Queen\n|-resisted|p1b: Queen\n|-damage|p1b: Queen|46\/100\n|move|p1b: Queen|Power Whip|p2a: Flutter Mane\n|-damage|p2a: Flutter Mane|0 fnt\n|faint|p2a: Flutter Mane\n|-end|p2a: Flutter Mane|Protosynthesis|[silent]\n|move|p1a: Knight|Heavy Slam|p2b: Baxcalibur\n|-supereffective|p2b: Baxcalibur\n|-damage|p2b: Baxcalibur|32\/100\n|\n|upkeep\n|\n|t:|1682195063\n|switch|p2a: Amoonguss|Amoonguss, L50, M|100\/100\n|turn|2\n|\n|t:|1682195082\n|move|p2a: Amoonguss|Rage Powder|p2a: Amoonguss\n|-singleturn|p2a: Amoonguss|move: Rage Powder\n|move|p2b: Baxcalibur|Icicle Crash|p1a: Knight\n|-supereffective|p1a: Knight\n|-damage|p1a: Knight|0 fnt\n|faint|p1a: Knight\n|move|p1b: Queen|Taunt|p2a: Amoonguss\n|-start|p2a: Amoonguss|move: Taunt\n|\n|upkeep\n|\n|t:|1682195090\n|switch|p1a: King|Roaring Moon, L50|100\/100\n|-enditem|p1a: King|Booster Energy\n|-activate|p1a: King|ability: Protosynthesis|[fromitem]\n|-start|p1a: King|protosynthesisatk\n|turn|3\n|inactive|marioman6444 has 30 seconds left.\n|\n|t:|1682195115\n|move|p1a: King|Protect|p1a: King\n|-singleturn|p1a: King|Protect\n|move|p2b: Baxcalibur|Glaive Rush|p1a: King\n|-activate|p1a: King|move: Protect\n|move|p1b: Queen|Play Rough|p2b: Baxcalibur\n|-supereffective|p2b: Baxcalibur\n|-damage|p2b: Baxcalibur|0 fnt\n|faint|p2b: Baxcalibur\n|move|p2a: Amoonguss|Pollen Puff|p2: Baxcalibur|[notarget]\n|-fail|p2a: Amoonguss\n|\n|upkeep\n|\n|t:|1682195127\n|switch|p2b: Ting-Lu|Ting-Lu, L50|100\/100\n|-ability|p2b: Ting-Lu|Vessel of Ruin\n|turn|4\n|inactive|PorfiroFrota has 30 seconds left.\n|inactive|marioman6444 has 30 seconds left.\n|\n|t:|1682195160\n|move|p1a: King|Acrobatics|p2a: Amoonguss\n|-supereffective|p2a: Amoonguss\n|-damage|p2a: Amoonguss|0 fnt\n|faint|p2a: Amoonguss\n|move|p1b: Queen|Tera Blast|p2b: Ting-Lu\n|-damage|p2b: Ting-Lu|77\/100\n|move|p2b: Ting-Lu|Earthquake|p1b: Queen|[spread] p1a,p1b\n|-supereffective|p1b: Queen\n|-damage|p1a: King|69\/100\n|-damage|p1b: Queen|0 fnt\n|faint|p1b: Queen\n|\n|upkeep\n|\n|t:|1682195166\n|switch|p1b: Rook|Brute Bonnet, L50|100\/100\n|turn|5\n|inactiveoff|Battle timer is now OFF.\n|\n|t:|1682195181\n|move|p1a: King|Acrobatics|p2b: Ting-Lu\n|-damage|p2b: Ting-Lu|43\/100\n|move|p1b: Rook|Bullet Seed|p2b: Ting-Lu\n|-supereffective|p2b: Ting-Lu\n|-damage|p2b: Ting-Lu|26\/100\n|-supereffective|p2b: Ting-Lu\n|-damage|p2b: Ting-Lu|10\/100\n|-supereffective|p2b: Ting-Lu\n|-damage|p2b: Ting-Lu|0 fnt\n|faint|p2b: Ting-Lu\n|-hitcount|p2: Ting-Lu|3\n|\n|win|marioman6444\n|raw|marioman6444's rating: 1125 → 1154<\/strong> (+29 for winning)\n|raw|PorfiroFrota's rating: 1176 → 1147<\/strong> (-29 for losing)\n|l|\u2606PorfiroFrota\n|c|\u2606marioman6444|Gg\n","uploadtime":1682195197,"views":5,"p1id":"marioman6444","p2id":"porfirofrota","formatid":"gen9vgc2023regulationc","rating":1147,"private":0,"password":""}