{"id":"gen9vgc2023regulationc-1857870144","p1":"Itaker1ddl1n","p2":"Hadrian1917","format":"[Gen 9] VGC 2023 Regulation C","log":"|j|\u2606Itaker1ddl1n\n|j|\u2606Hadrian1917\n|t:|1683241112\n|gametype|doubles\n|player|p1|Itaker1ddl1n|2|1043\n|player|p2|Hadrian1917|brock|1148\n|teamsize|p1|6\n|teamsize|p2|6\n|gen|9\n|tier|[Gen 9] VGC 2023 Regulation C\n|rated|\n|rule|Species Clause: Limit one of each Pok\u00e9mon\n|rule|Item Clause: Limit one of each item\n|clearpoke\n|poke|p1|Chi-Yu, L50|\n|poke|p1|Flutter Mane, L50|\n|poke|p1|Baxcalibur, L50, F|\n|poke|p1|Gyarados, L50, F|\n|poke|p1|Iron Hands, L50|\n|poke|p1|Iron Bundle, L50|\n|poke|p2|Flutter Mane, L50|\n|poke|p2|Chi-Yu, L50|\n|poke|p2|Iron Hands, L50|\n|poke|p2|Ting-Lu, L50|\n|poke|p2|Gyarados, L50, M|\n|poke|p2|Amoonguss, L50, F|\n|teampreview|4\n|\n|t:|1683241156\n|start\n|switch|p1a: Chi-Yu|Chi-Yu, L50|100\/100\n|switch|p1b: Iron Hands|Iron Hands, L50|100\/100\n|switch|p2a: Ting-Lu|Ting-Lu, L50|100\/100\n|switch|p2b: Gyarados|Gyarados, L50, M|100\/100\n|-ability|p1a: Chi-Yu|Beads of Ruin\n|-ability|p2b: Gyarados|Intimidate|boost\n|-unboost|p1a: Chi-Yu|atk|1\n|-fail|p1b: Iron Hands|unboost|[from] item: Clear Amulet|[of] p1b: Iron Hands\n|-ability|p2a: Ting-Lu|Vessel of Ruin\n|turn|1\n|inactive|Battle timer is ON: inactive players will automatically lose when time's up. (requested by Hadrian1917)\n|\n|t:|1683241180\n|move|p1b: Iron Hands|Fake Out|p2a: Ting-Lu\n|-damage|p2a: Ting-Lu|91\/100\n|move|p1a: Chi-Yu|Will-O-Wisp|p2a: Ting-Lu\n|-status|p2a: Ting-Lu|brn\n|move|p2b: Gyarados|Thunder Wave|p1a: Chi-Yu\n|-status|p1a: Chi-Yu|par\n|-enditem|p1a: Chi-Yu|Lum Berry|[eat]\n|-curestatus|p1a: Chi-Yu|par|[msg]\n|cant|p2a: Ting-Lu|flinch\n|\n|-heal|p2a: Ting-Lu|97\/100 brn|[from] item: Leftovers\n|-damage|p2a: Ting-Lu|91\/100 brn|[from] brn\n|upkeep\n|turn|2\n|inactive|Hadrian1917 has 30 seconds left.\n|\n|t:|1683241207\n|switch|p1a: Gyarados|Gyarados, L50, F|100\/100\n|-ability|p1a: Gyarados|Intimidate|boost\n|-unboost|p2a: Ting-Lu|atk|1\n|-unboost|p2b: Gyarados|atk|1\n|-terastallize|p2b: Gyarados|Poison\n|move|p2b: Gyarados|Thunder Wave|p1a: Gyarados\n|-status|p1a: Gyarados|par\n|move|p2a: Ting-Lu|Ruination|p1b: Iron Hands\n|-damage|p1b: Iron Hands|51\/100\n|move|p1b: Iron Hands|Volt Switch|p2b: Gyarados\n|-damage|p2b: Gyarados|91\/100\n|\n|t:|1683241226\n|-end|p1b: Iron Hands|Quark Drive|[silent]\n|switch|p1b: Flutter Mane|Flutter Mane, L50|100\/100|[from] Volt Switch\n|\n|-heal|p2a: Ting-Lu|97\/100 brn|[from] item: Leftovers\n|-damage|p2a: Ting-Lu|91\/100 brn|[from] brn\n|upkeep\n|turn|3\n|\n|t:|1683241243\n|cant|p1a: Gyarados|par\n|move|p1b: Flutter Mane|Dazzling Gleam|p2a: Ting-Lu|[spread] p2a,p2b\n|-supereffective|p2a: Ting-Lu\n|-resisted|p2b: Gyarados\n|-damage|p2a: Ting-Lu|49\/100 brn\n|-damage|p2b: Gyarados|80\/100\n|-damage|p1b: Flutter Mane|90\/100|[from] item: Life Orb\n|move|p2b: Gyarados|Taunt|p1a: Gyarados\n|-start|p1a: Gyarados|move: Taunt\n|move|p2a: Ting-Lu|Heavy Slam|p1b: Flutter Mane\n|-supereffective|p1b: Flutter Mane\n|-damage|p1b: Flutter Mane|44\/100\n|\n|-heal|p2a: Ting-Lu|55\/100 brn|[from] item: Leftovers\n|-damage|p2a: Ting-Lu|49\/100 brn|[from] brn\n|upkeep\n|turn|4\n|inactive|Hadrian1917 has 30 seconds left.\n|\n|t:|1683241274\n|move|p2b: Gyarados|Protect|p2b: Gyarados\n|-singleturn|p2b: Gyarados|Protect\n|move|p1b: Flutter Mane|Shadow Ball|p2b: Gyarados\n|-activate|p2b: Gyarados|move: Protect\n|move|p2a: Ting-Lu|Heavy Slam|p1b: Flutter Mane\n|-supereffective|p1b: Flutter Mane\n|-damage|p1b: Flutter Mane|0 fnt\n|faint|p1b: Flutter Mane\n|-end|p1b: Flutter Mane|Protosynthesis|[silent]\n|move|p1a: Gyarados|Waterfall|p2a: Ting-Lu\n|-supereffective|p2a: Ting-Lu\n|-damage|p2a: Ting-Lu|8\/100 brn\n|\n|-heal|p2a: Ting-Lu|14\/100 brn|[from] item: Leftovers\n|-damage|p2a: Ting-Lu|8\/100 brn|[from] brn\n|upkeep\n|\n|t:|1683241290\n|switch|p1b: Chi-Yu|Chi-Yu, L50|100\/100\n|-ability|p1b: Chi-Yu|Beads of Ruin\n|turn|5\n|\n|t:|1683241305\n|move|p1b: Chi-Yu|Heat Wave|p2b: Gyarados|[spread] p2a,p2b\n|-damage|p2a: Ting-Lu|0 fnt\n|-damage|p2b: Gyarados|55\/100\n|faint|p2a: Ting-Lu\n|move|p2b: Gyarados|Thunder Wave|p1b: Chi-Yu\n|-status|p1b: Chi-Yu|par\n|move|p1a: Gyarados|Waterfall|p2b: Gyarados\n|-damage|p2b: Gyarados|23\/100\n|-enditem|p2b: Gyarados|Aguav Berry|[eat]\n|-heal|p2b: Gyarados|56\/100|[from] item: Aguav Berry\n|\n|upkeep\n|\n|t:|1683241328\n|switch|p2a: Iron Hands|Iron Hands, L50|100\/100\n|turn|6\n|\n|t:|1683241337\n|move|p2b: Gyarados|Waterfall|p1b: Chi-Yu\n|-supereffective|p1b: Chi-Yu\n|-damage|p1b: Chi-Yu|39\/100 par\n|move|p2a: Iron Hands|Drain Punch|p1b: Chi-Yu\n|-supereffective|p1b: Chi-Yu\n|-damage|p1b: Chi-Yu|0 fnt\n|faint|p1b: Chi-Yu\n|cant|p1a: Gyarados|par\n|\n|-end|p1a: Gyarados|move: Taunt\n|upkeep\n|\n|t:|1683241344\n|switch|p1b: Iron Hands|Iron Hands, L50|51\/100\n|turn|7\n|\n|t:|1683241360\n|-end|p2a: Iron Hands|Quark Drive|[silent]\n|switch|p2a: Flutter Mane|Flutter Mane, L50|100\/100\n|-enditem|p2a: Flutter Mane|Booster Energy\n|-activate|p2a: Flutter Mane|ability: Protosynthesis|[fromitem]\n|-start|p2a: Flutter Mane|protosynthesisspa\n|cant|p1a: Gyarados|par\n|move|p2b: Gyarados|Taunt|p1a: Gyarados\n|-start|p1a: Gyarados|move: Taunt\n|move|p1b: Iron Hands|Drain Punch|p2b: Gyarados\n|-resisted|p2b: Gyarados\n|-damage|p2b: Gyarados|37\/100\n|-heal|p1b: Iron Hands|59\/100|[from] drain|[of] p2b: Gyarados\n|\n|upkeep\n|turn|8\n|inactive|Hadrian1917 has 30 seconds left.\n|\n|t:|1683241386\n|switch|p2b: Iron Hands|Iron Hands, L50|100\/100\n|move|p2a: Flutter Mane|Substitute|p2a: Flutter Mane\n|-start|p2a: Flutter Mane|Substitute\n|-damage|p2a: Flutter Mane|76\/100\n|move|p1a: Gyarados|Waterfall|p2a: Flutter Mane\n|-end|p2a: Flutter Mane|Substitute\n|move|p1b: Iron Hands|Wild Charge|p2b: Iron Hands\n|-resisted|p2b: Iron Hands\n|-damage|p2b: Iron Hands|83\/100\n|-damage|p1b: Iron Hands|54\/100|[from] Recoil\n|\n|upkeep\n|turn|9\n|l|\u2606Itaker1ddl1n\n|inactive|Itaker1ddl1n disconnected and has a minute to reconnect!\n|player|p1|\n|inactive|Itaker1ddl1n has 30 seconds left.\n|inactive|Itaker1ddl1n has 20 seconds left.\n|inactive|Itaker1ddl1n has 15 seconds left.\n|inactive|Itaker1ddl1n has 10 seconds left.\n|inactive|Itaker1ddl1n has 5 seconds left.\n|-message|Itaker1ddl1n lost due to inactivity.\n|\n|win|Hadrian1917\n|raw|Itaker1ddl1n's rating: 1043 → 1031<\/strong> (-12 for losing)\n|raw|Hadrian1917's rating: 1148 → 1166<\/strong> (+18 for winning)\n","uploadtime":1683241452,"views":6,"p1id":"itaker1ddl1n","p2id":"hadrian1917","formatid":"gen9vgc2023regulationc","rating":1031,"private":0,"password":""}