{"id":"gen9vgc2023regulationc-1854949273","p1":"zauom","p2":"dunsparcedingo","format":"[Gen 9] VGC 2023 Regulation C","log":"|j|\u2606zauom\n|j|\u2606dunsparcedingo\n|t:|1682884019\n|gametype|doubles\n|player|p1|zauom|101|1139\n|player|p2|dunsparcedingo|zinnia|1207\n|teamsize|p1|6\n|teamsize|p2|6\n|gen|9\n|tier|[Gen 9] VGC 2023 Regulation C\n|rated|\n|rule|Species Clause: Limit one of each Pok\u00e9mon\n|rule|Item Clause: Limit one of each item\n|clearpoke\n|poke|p1|Torkoal, L50, M|\n|poke|p1|Jumpluff, L50, F|\n|poke|p1|Flutter Mane, L50|\n|poke|p1|Great Tusk, L50|\n|poke|p1|Chien-Pao, L50|\n|poke|p1|Kingambit, L50, M|\n|poke|p2|Torkoal, L50, M|\n|poke|p2|Jumpluff, L50, M|\n|poke|p2|Chi-Yu, L50|\n|poke|p2|Great Tusk, L50|\n|poke|p2|Slither Wing, L50|\n|poke|p2|Flutter Mane, L50|\n|teampreview|4\ndunsparcedingo has agreed to open team sheets.\n|inactive|Battle timer is ON: inactive players will automatically lose when time's up. (requested by zauom)\n|\n|t:|1682884074\n|start\n|switch|p1a: Jumpluff|Jumpluff, L50, F, shiny|100\/100\n|switch|p1b: Great Tusk|Great Tusk, L50|100\/100\n|switch|p2a: Torkoal|Torkoal, L50, M|100\/100\n|switch|p2b: Flutter Mane|Flutter Mane, L50|100\/100\n|-weather|SunnyDay|[from] ability: Drought|[of] p2a: Torkoal\n|-activate|p1b: Great Tusk|ability: Protosynthesis\n|-start|p1b: Great Tusk|protosynthesisatk\n|-activate|p2b: Flutter Mane|ability: Protosynthesis\n|-start|p2b: Flutter Mane|protosynthesisspe\n|turn|1\n|inactive|zauom has 30 seconds left.\n|inactive|dunsparcedingo has 30 seconds left.\n|inactive|dunsparcedingo has 20 seconds left.\n|inactive|dunsparcedingo has 15 seconds left.\n|inactive|dunsparcedingo has 10 seconds left.\n|inactive|dunsparcedingo has 5 seconds left.\n|\n|t:|1682884124\n|-end|p2b: Flutter Mane|Protosynthesis|[silent]\n|switch|p2b: Slither Wing|Slither Wing, L50|100\/100\n|-activate|p2b: Slither Wing|ability: Protosynthesis\n|-start|p2b: Slither Wing|protosynthesisatk\n|-terastallize|p2a: Torkoal|Grass\n|move|p1a: Jumpluff|Tailwind|p1a: Jumpluff\n|-sidestart|p1: zauom|move: Tailwind\n|move|p1b: Great Tusk|Earthquake|p2b: Slither Wing|[spread] p2a,p2b\n|-immune|p1a: Jumpluff\n|-resisted|p2a: Torkoal\n|-resisted|p2b: Slither Wing\n|-damage|p2a: Torkoal|84\/100\n|-damage|p2b: Slither Wing|71\/100\n|move|p2a: Torkoal|Will-O-Wisp|p1b: Great Tusk\n|-status|p1b: Great Tusk|brn\n|\n|-weather|SunnyDay|[upkeep]\n|-heal|p2a: Torkoal|90\/100|[from] item: Leftovers\n|-damage|p1b: Great Tusk|95\/100 brn|[from] brn\n|upkeep\n|turn|2\n|inactive|zauom has 30 seconds left.\n|\n|t:|1682884153\n|switch|p1a: Chien-Pao|Chien-Pao, L50|100\/100\n|-ability|p1a: Chien-Pao|Sword of Ruin\n|-end|p1b: Great Tusk|Protosynthesis|[silent]\n|switch|p1b: Kingambit|Kingambit, L50, M|100\/100\n|move|p2b: Slither Wing|First Impression|p1a: Chien-Pao\n|-supereffective|p1a: Chien-Pao\n|-enditem|p1a: Chien-Pao|Focus Sash\n|-damage|p1a: Chien-Pao|1\/100\n|move|p2a: Torkoal|Eruption|p1a: Chien-Pao|[spread] p1a,p1b\n|-supereffective|p1a: Chien-Pao\n|-supereffective|p1b: Kingambit\n|-damage|p1a: Chien-Pao|0 fnt\n|-damage|p1b: Kingambit|39\/100\n|faint|p1a: Chien-Pao\n|\n|-weather|SunnyDay|[upkeep]\n|-heal|p2a: Torkoal|96\/100|[from] item: Leftovers\n|upkeep\n|\n|t:|1682884170\n|switch|p1a: Great Tusk|Great Tusk, L50|95\/100 brn\n|-activate|p1a: Great Tusk|ability: Protosynthesis\n|-start|p1a: Great Tusk|protosynthesisatk\n|turn|3\n|\n|t:|1682884189\n|-terastallize|p1b: Kingambit|Fire\n|move|p1a: Great Tusk|Rock Slide|p2b: Slither Wing|[spread] p2b\n|-miss|p1a: Great Tusk|p2a: Torkoal\n|-damage|p2b: Slither Wing|56\/100\n|move|p1b: Kingambit|Tera Blast|p2a: Torkoal\n|-supereffective|p2a: Torkoal\n|-damage|p2a: Torkoal|3\/100\n|move|p2b: Slither Wing|Close Combat|p1b: Kingambit\n|-damage|p1b: Kingambit|0 fnt\n|-unboost|p2b: Slither Wing|def|1\n|-unboost|p2b: Slither Wing|spd|1\n|faint|p1b: Kingambit\n|move|p2a: Torkoal|Eruption|p1a: Great Tusk\n|-damage|p1a: Great Tusk|91\/100 brn\n|\n|-weather|SunnyDay|[upkeep]\n|-heal|p2a: Torkoal|9\/100|[from] item: Leftovers\n|-damage|p1a: Great Tusk|85\/100 brn|[from] brn\n|upkeep\n|\n|t:|1682884202\n|switch|p1b: Jumpluff|Jumpluff, L50, F, shiny|100\/100\n|turn|4\n|\n|t:|1682884223\n|move|p1b: Jumpluff|Sleep Powder|p2b: Slither Wing\n|-status|p2b: Slither Wing|slp|[from] move: Sleep Powder\n|move|p1a: Great Tusk|Rock Slide|p2a: Torkoal|[spread] p2a,p2b\n|-crit|p2a: Torkoal\n|-damage|p2a: Torkoal|0 fnt\n|-damage|p2b: Slither Wing|36\/100 slp\n|faint|p2a: Torkoal\n|cant|p2b: Slither Wing|slp\n|\n|-weather|SunnyDay|[upkeep]\n|-damage|p1a: Great Tusk|79\/100 brn|[from] brn\n|-sideend|p1: zauom|move: Tailwind\n|upkeep\n|\n|t:|1682884238\n|switch|p2a: Flutter Mane|Flutter Mane, L50|100\/100\n|-activate|p2a: Flutter Mane|ability: Protosynthesis\n|-start|p2a: Flutter Mane|protosynthesisspe\n|turn|5\n|\n|t:|1682884247\n|move|p1b: Jumpluff|Sleep Powder|p2a: Flutter Mane\n|-status|p2a: Flutter Mane|slp|[from] move: Sleep Powder\n|cant|p2a: Flutter Mane|slp\n|move|p1a: Great Tusk|Rock Slide|p2a: Flutter Mane|[spread] p2b\n|-miss|p1a: Great Tusk|p2a: Flutter Mane\n|-damage|p2b: Slither Wing|14\/100 slp\n|-curestatus|p2b: Slither Wing|slp|[msg]\n|cant|p2b: Slither Wing|flinch\n|\n|-weather|none\n|-end|p2a: Flutter Mane|Protosynthesis\n|-end|p1a: Great Tusk|Protosynthesis\n|-end|p2b: Slither Wing|Protosynthesis\n|-damage|p1a: Great Tusk|74\/100 brn|[from] brn\n|upkeep\n|turn|6\n|inactive|zauom has 30 seconds left.\n|inactive|zauom has 20 seconds left.\n|\n|t:|1682884284\n|move|p1a: Great Tusk|Rock Slide|p2b: Slither Wing|[spread] p2a,p2b\n|-damage|p2a: Flutter Mane|80\/100 slp\n|-damage|p2b: Slither Wing|0 fnt\n|faint|p2b: Slither Wing\n|-end|p2b: Slither Wing|Protosynthesis|[silent]\n|cant|p2a: Flutter Mane|slp\n|move|p1b: Jumpluff|Tailwind|p1b: Jumpluff\n|-sidestart|p1: zauom|move: Tailwind\n|\n|-damage|p1a: Great Tusk|68\/100 brn|[from] brn\n|upkeep\n|\n|t:|1682884292\n|switch|p2b: Chi-Yu|Chi-Yu, L50|100\/100\n|-ability|p2b: Chi-Yu|Beads of Ruin\n|turn|7\n|\n|t:|1682884301\n|move|p1a: Great Tusk|Rock Slide|p2b: Chi-Yu|[spread] p2a\n|-miss|p1a: Great Tusk|p2b: Chi-Yu\n|-damage|p2a: Flutter Mane|58\/100 slp\n|move|p1b: Jumpluff|Sleep Powder|p2b: Chi-Yu\n|-status|p2b: Chi-Yu|slp|[from] move: Sleep Powder\n|-curestatus|p2a: Flutter Mane|slp|[msg]\n|cant|p2a: Flutter Mane|flinch\n|cant|p2b: Chi-Yu|slp\n|\n|-damage|p1a: Great Tusk|62\/100 brn|[from] brn\n|upkeep\n|turn|8\n|\n|t:|1682884315\n|move|p1a: Great Tusk|Rock Slide|p2a: Flutter Mane|[spread] p2a,p2b\n|-supereffective|p2b: Chi-Yu\n|-damage|p2a: Flutter Mane|40\/100\n|-damage|p2b: Chi-Yu|76\/100 slp\n|move|p1b: Jumpluff|Sleep Powder|p2a: Flutter Mane\n|-status|p2a: Flutter Mane|slp|[from] move: Sleep Powder\n|cant|p2a: Flutter Mane|slp\n|-curestatus|p2b: Chi-Yu|slp|[msg]\n|cant|p2b: Chi-Yu|flinch\n|\n|-damage|p1a: Great Tusk|56\/100 brn|[from] brn\n|upkeep\n|turn|9\n|c|\u2606dunsparcedingo|WTF\n|c|\u2606dunsparcedingo|god has forgotten about me\n|\n|t:|1682884338\n|move|p1a: Great Tusk|Rock Slide|p2b: Chi-Yu|[spread] p2b\n|-miss|p1a: Great Tusk|p2a: Flutter Mane\n|-supereffective|p2b: Chi-Yu\n|-damage|p2b: Chi-Yu|48\/100\n|move|p1b: Jumpluff|Sleep Powder|p2b: Chi-Yu\n|-status|p2b: Chi-Yu|slp|[from] move: Sleep Powder\n|cant|p2a: Flutter Mane|slp\n|cant|p2b: Chi-Yu|slp\n|\n|-damage|p1a: Great Tusk|50\/100 brn|[from] brn\n|-sideend|p1: zauom|move: Tailwind\n|upkeep\n|turn|10\n|\n|t:|1682884352\n|move|p1a: Great Tusk|Rock Slide|p2b: Chi-Yu|[spread] p2a,p2b\n|-supereffective|p2b: Chi-Yu\n|-damage|p2a: Flutter Mane|21\/100 slp\n|-damage|p2b: Chi-Yu|22\/100 slp\n|-curestatus|p2a: Flutter Mane|slp|[msg]\n|move|p2a: Flutter Mane|Dazzling Gleam|p1a: Great Tusk|[spread] p1a,p1b\n|-supereffective|p1a: Great Tusk\n|-crit|p1a: Great Tusk\n|-damage|p1a: Great Tusk|0 fnt\n|-damage|p1b: Jumpluff|33\/100\n|faint|p1a: Great Tusk\n|-end|p1a: Great Tusk|Protosynthesis|[silent]\n|move|p1b: Jumpluff|Tailwind|p1b: Jumpluff\n|-sidestart|p1: zauom|move: Tailwind\n|cant|p2b: Chi-Yu|slp\n|\n|upkeep\n|turn|11\n|\n|t:|1682884369\n|move|p1b: Jumpluff|Leaf Storm|p2a: Flutter Mane\n|-damage|p2a: Flutter Mane|0 fnt\n|-unboost|p1b: Jumpluff|spa|2\n|faint|p2a: Flutter Mane\n|-end|p2a: Flutter Mane|Protosynthesis|[silent]\n|cant|p2b: Chi-Yu|slp\n|\n|upkeep\n|turn|12\n|\n|t:|1682884379\n|move|p1b: Jumpluff|Leaf Storm|p2b: Chi-Yu\n|-resisted|p2b: Chi-Yu\n|-damage|p2b: Chi-Yu|16\/100 slp\n|-unboost|p1b: Jumpluff|spa|2\n|-curestatus|p2b: Chi-Yu|slp|[msg]\n|move|p2b: Chi-Yu|Dark Pulse|p1b: Jumpluff\n|-damage|p1b: Jumpluff|0 fnt\n|faint|p1b: Jumpluff\n|\n|win|dunsparcedingo\n|raw|zauom's rating: 1139 → 1119<\/strong> (-20 for losing)\n|raw|dunsparcedingo's rating: 1207 → 1227<\/strong> (+20 for winning)\n|l|\u2606zauom\n|j|\u2606zauom\n|player|p1|zauom|101\n","uploadtime":1682884395,"views":10,"p1id":"zauom","p2id":"dunsparcedingo","formatid":"gen9vgc2023regulationc","rating":1119,"private":0,"password":""}