{"id":"gen9vgc2023regulationc-1860082470","p1":"dashrekawanobi","p2":"ice ice lol","format":"[Gen 9] VGC 2023 Regulation C","log":"|j|\u2606dashrekawanobi\n|j|\u2606ice ice lol\n|t:|1683593142\n|gametype|doubles\n|player|p1|dashrekawanobi|elesa-gen5bw2|\n|player|p2|ice ice lol|rocketgrunt|\n|teamsize|p1|6\n|teamsize|p2|6\n|gen|9\n|tier|[Gen 9] VGC 2023 Regulation C\n|rule|Species Clause: Limit one of each Pok\u00e9mon\n|rule|Item Clause: Limit one of each item\n|clearpoke\n|poke|p1|Volcarona, L50, F|\n|poke|p1|Flutter Mane, L50|\n|poke|p1|Oricorio-Pom-Pom, L50, M|\n|poke|p1|Chi-Yu, L50|\n|poke|p1|Wo-Chien, L50|\n|poke|p1|Palafin, L50, F|\n|poke|p2|Torkoal, L50, F|\n|poke|p2|Flutter Mane, L50|\n|poke|p2|Kingambit, L50, F|\n|poke|p2|Dragonite, L50, F|\n|poke|p2|Great Tusk, L50|\n|poke|p2|Leafeon, L50, F|\n|teampreview|4\n|c|\u2606dashrekawanobi|glhf\ndashrekawanobi rejected open team sheets.\n|c|\u2606ice ice lol|glhf\n|\n|t:|1683593164\n|start\n|switch|p1a: Volcarona|Volcarona, L50, F|100\/100\n|switch|p1b: Oricorio|Oricorio-Pom-Pom, L50, M|100\/100\n|switch|p2a: Torkoal|Torkoal, L50, F, shiny|100\/100\n|switch|p2b: Leafeon|Leafeon, L50, F, shiny|100\/100\n|-weather|SunnyDay|[from] ability: Drought|[of] p2a: Torkoal\n|turn|1\n|c|\u2606dashrekawanobi|i kill the leafeon\n|\n|t:|1683593190\n|switch|p2b: Dragonite|Dragonite, L50, F|100\/100\n|move|p1a: Volcarona|Fiery Dance|p2b: Dragonite\n|-resisted|p2b: Dragonite\n|-damage|p2b: Dragonite|86\/100\n|-activate|p1b: Oricorio|ability: Dancer\n|move|p1b: Oricorio|Fiery Dance|p2b: Dragonite|[from]ability: Dancer\n|-resisted|p2b: Dragonite\n|-damage|p2b: Dragonite|67\/100\n|move|p1b: Oricorio|Revelation Dance|p2a: Torkoal\n|-damage|p2a: Torkoal|44\/100\n|move|p2a: Torkoal|Eruption|p1a: Volcarona|[spread] p1a,p1b\n|-crit|p1a: Volcarona\n|-damage|p1a: Volcarona|55\/100\n|-damage|p1b: Oricorio|44\/100\n|\n|-weather|SunnyDay|[upkeep]\n|-heal|p1a: Volcarona|61\/100|[from] item: Leftovers\n|upkeep\n|turn|2\n|\n|t:|1683593216\n|switch|p1b: Flutter Mane|Flutter Mane, L50|100\/100\n|-activate|p1b: Flutter Mane|ability: Protosynthesis\n|-start|p1b: Flutter Mane|protosynthesisspe\n|-terastallize|p2b: Dragonite|Flying\n|move|p1a: Volcarona|Fiery Dance|p2a: Torkoal\n|-resisted|p2a: Torkoal\n|-damage|p2a: Torkoal|5\/100\n|move|p2b: Dragonite|Tera Blast|p1a: Volcarona\n|-supereffective|p1a: Volcarona\n|-damage|p1a: Volcarona|0 fnt\n|faint|p1a: Volcarona\n|move|p2a: Torkoal|Flamethrower|p1b: Flutter Mane\n|-crit|p1b: Flutter Mane\n|-damage|p1b: Flutter Mane|0 fnt\n|faint|p1b: Flutter Mane\n|-end|p1b: Flutter Mane|Protosynthesis|[silent]\n|\n|-weather|SunnyDay|[upkeep]\n|upkeep\n|\n|t:|1683593230\n|switch|p1b: Oricorio|Oricorio-Pom-Pom, L50, M|44\/100\n|switch|p1a: Chi-Yu|Chi-Yu, L50|100\/100\n|-ability|p1a: Chi-Yu|Beads of Ruin\n|turn|3\n|c|\u2606dashrekawanobi|my chi yu is different\n|\n|t:|1683593253\n|switch|p2a: Leafeon|Leafeon, L50, F, shiny|100\/100\n|-terastallize|p1b: Oricorio|Water\n|move|p1a: Chi-Yu|Heat Wave|p2b: Dragonite|[spread] p2a,p2b\n|-supereffective|p2a: Leafeon\n|-damage|p2a: Leafeon|0 fnt\n|-damage|p2b: Dragonite|0 fnt\n|faint|p2a: Leafeon\n|faint|p2b: Dragonite\n|move|p1b: Oricorio|Revelation Dance|p2: Leafeon|[notarget]\n|-fail|p1b: Oricorio\n|\n|-weather|SunnyDay|[upkeep]\n|upkeep\n|\n|t:|1683593256\n|switch|p2a: Torkoal|Torkoal, L50, F, shiny|5\/100\n|switch|p2b: Flutter Mane|Flutter Mane, L50, shiny|100\/100\n|-activate|p2b: Flutter Mane|ability: Protosynthesis\n|-start|p2b: Flutter Mane|protosynthesisspa\n|turn|4\n|c|\u2606dashrekawanobi|its specs\n|c|\u2606ice ice lol|ah\n|\n|t:|1683593271\n|move|p1b: Oricorio|Protect|p1b: Oricorio\n|-singleturn|p1b: Oricorio|Protect\n|move|p2a: Torkoal|Protect|p2a: Torkoal\n|-singleturn|p2a: Torkoal|Protect\n|move|p2b: Flutter Mane|Dazzling Gleam|p1a: Chi-Yu|[spread] p1a\n|-activate|p1b: Oricorio|move: Protect\n|-damage|p1a: Chi-Yu|27\/100\n|move|p1a: Chi-Yu|Heat Wave|p2b: Flutter Mane|[spread] p2b\n|-activate|p2a: Torkoal|move: Protect\n|-damage|p2b: Flutter Mane|0 fnt\n|faint|p2b: Flutter Mane\n|-end|p2b: Flutter Mane|Protosynthesis|[silent]\n|\n|-weather|SunnyDay|[upkeep]\n|upkeep\n|turn|5\n|c|\u2606dashrekawanobi|gg\n|\n|t:|1683593282\n|move|p1a: Chi-Yu|Heat Wave|p2a: Torkoal|[miss]\n|-miss|p1a: Chi-Yu|p2a: Torkoal\n|move|p1b: Oricorio|Tailwind|p1b: Oricorio\n|-sidestart|p1: dashrekawanobi|move: Tailwind\n|move|p2a: Torkoal|Eruption|p1a: Chi-Yu|[spread] p1a,p1b\n|-resisted|p1a: Chi-Yu\n|-resisted|p1b: Oricorio\n|-damage|p1a: Chi-Yu|25\/100\n|-damage|p1b: Oricorio|41\/100\n|\n|-weather|none\n|upkeep\n|turn|6\n|c|\u2606ice ice lol|RIP\n|c|\u2606dashrekawanobi|hehehehaw\n|c|\u2606dashrekawanobi|i jusrt pranked you\n|\n|t:|1683593299\n|move|p2a: Torkoal|Protect|p2a: Torkoal\n|-singleturn|p2a: Torkoal|Protect\n|move|p1a: Chi-Yu|Heat Wave|p2a: Torkoal\n|-activate|p2a: Torkoal|move: Protect\n|move|p1b: Oricorio|Revelation Dance|p2a: Torkoal\n|-activate|p2a: Torkoal|move: Protect\n|\n|upkeep\n|turn|7\n|c|\u2606dashrekawanobi|now gg\n|\n|t:|1683593307\n|move|p1a: Chi-Yu|Heat Wave|p2a: Torkoal\n|-resisted|p2a: Torkoal\n|-damage|p2a: Torkoal|0 fnt\n|faint|p2a: Torkoal\n|\n|win|dashrekawanobi\n|c|\u2606ice ice lol|gg\n","uploadtime":1683593313,"views":9,"p1id":"dashrekawanobi","p2id":"iceicelol","formatid":"gen9vgc2023regulationc","rating":0,"private":0,"password":""}