{"id":"gen9vgc2023regulationc-1846651733","p1":"KennyJ","p2":"Cheeseless","format":"[Gen 9] VGC 2023 Regulation C","log":"|j|\u2606KennyJ\n|j|\u2606Cheeseless\n|t:|1681861743\n|gametype|doubles\n|player|p1|KennyJ|bianca-pwt|\n|player|p2|Cheeseless|1|\n|teamsize|p1|6\n|teamsize|p2|6\n|gen|9\n|tier|[Gen 9] VGC 2023 Regulation C\n|rated|Tournament battle\n|rule|Species Clause: Limit one of each Pok\u00e9mon\n|rule|Item Clause: Limit one of each item\n|clearpoke\n|poke|p1|Iron Bundle, L50|\n|poke|p1|Chi-Yu, L50|\n|poke|p1|Amoonguss, L50, M|\n|poke|p1|Mimikyu, L50, M|\n|poke|p1|Iron Hands, L50|\n|poke|p1|Dragonite, L50, F|\n|poke|p2|Palafin, L50, F|\n|poke|p2|Scream Tail, L50|\n|poke|p2|Flutter Mane, L50|\n|poke|p2|Amoonguss, L50, F|\n|poke|p2|Arcanine, L50, M|\n|poke|p2|Gothitelle, L50, F|\n|teampreview|4\n|raw| Open Team Sheet for KennyJ<\/summary>Iron Bundle @ Booster Energy Ability: Quark Drive Level: 50 Tera Type: Ice - Icy Wind - Freeze-Dry - Hydro Pump - Protect Chi-Yu @ Focus Sash Ability: Beads of Ruin Level: 50 Tera Type: Fire - Heat Wave - Dark Pulse - Nasty Plot - Protect Amoonguss (M) @ Sitrus Berry Ability: Regenerator Level: 50 Tera Type: Water - Pollen Puff - Spore - Rage Powder - Protect Mimikyu (M) @ Life Orb Ability: Disguise Level: 50 Tera Type: Ghost - Shadow Sneak - Play Rough - Curse - Protect Iron Hands @ Assault Vest Ability: Quark Drive Level: 50 Tera Type: Grass - Drain Punch - Wild Charge - Volt Switch - Fake Out Dragonite (F) @ Lum Berry Ability: Multiscale Level: 50 Tera Type: Flying - Extreme Speed - Tera Blast - Stomping Tantrum - Tailwind <\/details><\/div> Open Team Sheet for Cheeseless<\/summary>INEEDAHERO (Palafin) @ Mystic Water Ability: Zero to Hero Level: 50 Tera Type: Water - Protect - Wave Crash - Jet Punch - Close Combat AAAAAAAAAAAA (Scream Tail) @ Booster Energy Ability: Protosynthesis Level: 50 Shiny: Yes Tera Type: Steel - Protect - Perish Song - Disable - Play Rough EEEEEEEEEEEE (Flutter Mane) @ Focus Sash Ability: Protosynthesis Level: 50 Tera Type: Grass - Protect - Perish Song - Moonblast - Shadow Ball AMOGUS (Amoonguss) @ Mental Herb Ability: Regenerator Level: 50 Tera Type: Dark - Protect - Rage Powder - Spore - Pollen Puff AWOOOOOOOOOO (Arcanine) @ Safety Goggles Ability: Intimidate Level: 50 Tera Type: Water - Protect - Flare Blitz - Extreme Speed - Will-O-Wisp GO BIRD (Gothitelle) @ Sitrus Berry Ability: Shadow Tag Level: 50 Tera Type: Water - Protect - Fake Out - Psychic - Heal Pulse <\/details><\/div>\n|c|\u2606Cheeseless|glhf\n|c|\u2606KennyJ|u2\n|inactive|Battle timer is ON: inactive players will automatically lose when time's up. (requested by Cheeseless)\n|inactive|KennyJ has 60 seconds left.\n|\n|t:|1681861890\n|start\n|switch|p1a: Iron Hands|Iron Hands, L50|100\/100\n|switch|p1b: Chi-Yu|Chi-Yu, L50|100\/100\n|switch|p2a: EEEEEEEEEEEE|Flutter Mane, L50|100\/100\n|switch|p2b: GO BIRD|Gothitelle, L50, F|100\/100\n|-ability|p1b: Chi-Yu|Beads of Ruin\n|turn|1\n|j|%Borghi\n|inactive|KennyJ has 30 seconds left.\n|inactive|KennyJ has 20 seconds left.\n|\n|t:|1681861934\n|move|p2b: GO BIRD|Fake Out|p1b: Chi-Yu\n|-damage|p1b: Chi-Yu|93\/100\n|move|p2a: EEEEEEEEEEEE|Moonblast|p1a: Iron Hands\n|-supereffective|p1a: Iron Hands\n|-damage|p1a: Iron Hands|30\/100\n|-unboost|p1a: Iron Hands|spa|1\n|cant|p1b: Chi-Yu|flinch\n|move|p1a: Iron Hands|Wild Charge|p2a: EEEEEEEEEEEE\n|-crit|p2a: EEEEEEEEEEEE\n|-enditem|p2a: EEEEEEEEEEEE|Focus Sash\n|-damage|p2a: EEEEEEEEEEEE|1\/100\n|-damage|p1a: Iron Hands|16\/100|[from] Recoil\n|\n|upkeep\n|turn|2\n|c|%Borghi|KennyJ\n|c|%Borghi|did u build this urself\n|\n|t:|1681861957\n|switch|p2b: AAAAAAAAAAAA|Scream Tail, L50, shiny|100\/100\n|-enditem|p2b: AAAAAAAAAAAA|Booster Energy\n|-activate|p2b: AAAAAAAAAAAA|ability: Protosynthesis|[fromitem]\n|-start|p2b: AAAAAAAAAAAA|protosynthesisspe\n|move|p2a: EEEEEEEEEEEE|Moonblast|p1a: Iron Hands\n|-supereffective|p1a: Iron Hands\n|-damage|p1a: Iron Hands|0 fnt\n|faint|p1a: Iron Hands\n|-end|p1a: Iron Hands|Quark Drive|[silent]\n|move|p1b: Chi-Yu|Heat Wave|p2b: AAAAAAAAAAAA|[spread] p2a,p2b\n|-damage|p2a: EEEEEEEEEEEE|0 fnt\n|-damage|p2b: AAAAAAAAAAAA|65\/100\n|faint|p2a: EEEEEEEEEEEE\n|-end|p2a: EEEEEEEEEEEE|Protosynthesis|[silent]\n|\n|upkeep\n|inactive|KennyJ has 30 seconds left.\n|\n|t:|1681861983\n|switch|p2a: GO BIRD|Gothitelle, L50, F|100\/100\n|switch|p1a: Mimikyu|Mimikyu, L50, M|100\/100\n|turn|3\n|\n|t:|1681862004\n|move|p1b: Chi-Yu|Protect|p1b: Chi-Yu\n|-singleturn|p1b: Chi-Yu|Protect\n|move|p2a: GO BIRD|Fake Out|p1b: Chi-Yu\n|-activate|p1b: Chi-Yu|move: Protect\n|move|p1a: Mimikyu|Shadow Sneak|p2b: AAAAAAAAAAAA\n|-supereffective|p2b: AAAAAAAAAAAA\n|-damage|p2b: AAAAAAAAAAAA|30\/100\n|-damage|p1a: Mimikyu|91\/100|[from] item: Life Orb\n|move|p2b: AAAAAAAAAAAA|Perish Song|p2b: AAAAAAAAAAAA\n|-start|p1a: Mimikyu|perish3|[silent]\n|-start|p1b: Chi-Yu|perish3|[silent]\n|-start|p2a: GO BIRD|perish3|[silent]\n|-start|p2b: AAAAAAAAAAAA|perish3|[silent]\n|-fieldactivate|move: Perish Song\n|\n|-start|p2b: AAAAAAAAAAAA|perish3\n|-start|p1b: Chi-Yu|perish3\n|-start|p1a: Mimikyu|perish3\n|-start|p2a: GO BIRD|perish3\n|upkeep\n|turn|4\n|inactive|KennyJ has 30 seconds left.\n|c|\u2606KennyJ|got it from you\n|c|%Borghi|oh!\n|inactive|KennyJ has 20 seconds left.\n|c|%Borghi|just made some changes?\n|inactive|KennyJ has 15 seconds left.\n|inactive|KennyJ has 10 seconds left.\n|c|\u2606KennyJ|yeah\n|inactive|KennyJ has 5 seconds left.\n|\n|t:|1681862056\n|move|p2b: AAAAAAAAAAAA|Protect|p2b: AAAAAAAAAAAA\n|-singleturn|p2b: AAAAAAAAAAAA|Protect\n|move|p2a: GO BIRD|Protect|p2a: GO BIRD\n|-singleturn|p2a: GO BIRD|Protect\n|move|p1a: Mimikyu|Shadow Sneak|p2b: AAAAAAAAAAAA\n|-activate|p2b: AAAAAAAAAAAA|move: Protect\n|move|p1b: Chi-Yu|Dark Pulse|p2a: GO BIRD\n|-activate|p2a: GO BIRD|move: Protect\n|\n|-start|p2b: AAAAAAAAAAAA|perish2\n|-start|p1b: Chi-Yu|perish2\n|-start|p1a: Mimikyu|perish2\n|-start|p2a: GO BIRD|perish2\n|upkeep\n|turn|5\n|c|%Borghi|would you mind DMing me to tell me why you made the changes you did\n|c|%Borghi|curious on your thought process\n|inactive|KennyJ has 30 seconds left.\n|inactive|Cheeseless has 30 seconds left.\n|inactive|KennyJ has 20 seconds left.\n|inactive|KennyJ has 15 seconds left.\n|inactive|KennyJ has 10 seconds left.\n|inactive|KennyJ has 5 seconds left.\n|\n|t:|1681862108\n|-end|p2b: AAAAAAAAAAAA|Protosynthesis|[silent]\n|switch|p2b: AWOOOOOOOOOO|Arcanine, L50, M|100\/100\n|-ability|p2b: AWOOOOOOOOOO|Intimidate|boost\n|-unboost|p1a: Mimikyu|atk|1\n|-unboost|p1b: Chi-Yu|atk|1\n|-terastallize|p2a: GO BIRD|Water\n|move|p1a: Mimikyu|Shadow Sneak|p2a: GO BIRD\n|-damage|p2a: GO BIRD|86\/100\n|-damage|p1a: Mimikyu|82\/100|[from] item: Life Orb\n|move|p1b: Chi-Yu|Dark Pulse|p2a: GO BIRD\n|-damage|p2a: GO BIRD|41\/100\n|-enditem|p2a: GO BIRD|Sitrus Berry|[eat]\n|-heal|p2a: GO BIRD|65\/100|[from] item: Sitrus Berry\n|move|p2a: GO BIRD|Psychic|p1a: Mimikyu\n|-activate|p1a: Mimikyu|ability: Disguise\n|-damage|p1a: Mimikyu|82\/100\n|detailschange|p1a: Mimikyu|Mimikyu-Busted, L50, M\n|-damage|p1a: Mimikyu|70\/100|[from] pokemon: Mimikyu-Busted\n|\n|-start|p1b: Chi-Yu|perish1\n|-start|p1a: Mimikyu|perish1\n|-start|p2a: GO BIRD|perish1\n|upkeep\n|turn|6\n|inactive|KennyJ has 30 seconds left.\n|inactive|Cheeseless has 30 seconds left.\n|inactive|KennyJ has 20 seconds left.\n|inactive|Cheeseless has 20 seconds left.\n|\n|t:|1681862148\n|switch|p1a: Iron Bundle|Iron Bundle, L50|100\/100\n|-enditem|p1a: Iron Bundle|Booster Energy\n|-activate|p1a: Iron Bundle|ability: Quark Drive|[fromitem]\n|-start|p1a: Iron Bundle|quarkdrivespe\n|switch|p2a: AAAAAAAAAAAA|Scream Tail, L50, shiny|30\/100\n|move|p1b: Chi-Yu|Dark Pulse|p2a: AAAAAAAAAAAA\n|-damage|p2a: AAAAAAAAAAAA|0 fnt\n|faint|p2a: AAAAAAAAAAAA\n|-end|p2a: AAAAAAAAAAAA|Protosynthesis|[silent]\n|move|p2b: AWOOOOOOOOOO|Flare Blitz|p1a: Iron Bundle\n|-crit|p1a: Iron Bundle\n|-damage|p1a: Iron Bundle|4\/100\n|-damage|p2b: AWOOOOOOOOOO|76\/100|[from] Recoil\n|\n|-start|p1b: Chi-Yu|perish0\n|upkeep\n|faint|p1b: Chi-Yu\n|\n|t:|1681862163\n|switch|p1b: Mimikyu|Mimikyu-Busted, L50, M|70\/100\n|switch|p2a: GO BIRD|Gothitelle, L50, F, tera:Water|65\/100\n|turn|7\n|inactive|KennyJ has 30 seconds left.\n|inactive|KennyJ has 20 seconds left.\n|inactive|KennyJ has 15 seconds left.\n|\n|t:|1681862206\n|move|p1a: Iron Bundle|Protect|p1a: Iron Bundle\n|-singleturn|p1a: Iron Bundle|Protect\n|move|p2b: AWOOOOOOOOOO|Extreme Speed|p1a: Iron Bundle\n|-activate|p1a: Iron Bundle|move: Protect\n|move|p1b: Mimikyu|Play Rough|p2a: GO BIRD\n|-damage|p2a: GO BIRD|24\/100\n|-damage|p1b: Mimikyu|60\/100|[from] item: Life Orb\n|move|p2a: GO BIRD|Psychic|p1b: Mimikyu\n|-damage|p1b: Mimikyu|25\/100\n|\n|upkeep\n|turn|8\n|l|%Borghi\n|\n|t:|1681862230\n|-terastallize|p1b: Mimikyu|Ghost\n|move|p1a: Iron Bundle|Protect||[still]\n|-fail|p1a: Iron Bundle\n|move|p2a: GO BIRD|Protect|p2a: GO BIRD\n|-singleturn|p2a: GO BIRD|Protect\n|move|p2b: AWOOOOOOOOOO|Extreme Speed|p1a: Iron Bundle\n|-damage|p1a: Iron Bundle|0 fnt\n|faint|p1a: Iron Bundle\n|-end|p1a: Iron Bundle|Quark Drive|[silent]\n|move|p1b: Mimikyu|Shadow Sneak|p2a: GO BIRD\n|-activate|p2a: GO BIRD|move: Protect\n|\n|upkeep\n|turn|9\n|-message|KennyJ forfeited.\n|\n|win|Cheeseless\n|n|\u2606KennyJ|kennyj\n|n|\u2606Cheeseless|cheeseless\n|c|\u2606Cheeseless|gg\n|c|\u2606KennyJ|gg\n|l|\u2606KennyJ\n","uploadtime":1681863100,"views":10,"p1id":"kennyj","p2id":"cheeseless","formatid":"gen9vgc2023regulationc","rating":0,"private":0,"password":""}