{"id":"gen9vgc2023regulationc-1857336820","p1":"PopThenPlay","p2":"marioman6444","format":"[Gen 9] VGC 2023 Regulation C","log":"|j|\u2606PopThenPlay\n|j|\u2606marioman6444\n|t:|1683175547\n|gametype|doubles\n|player|p1|PopThenPlay|266|1153\n|player|p2|marioman6444|hoopster|1176\n|teamsize|p1|6\n|teamsize|p2|6\n|gen|9\n|tier|[Gen 9] VGC 2023 Regulation C\n|rated|\n|rule|Species Clause: Limit one of each Pok\u00e9mon\n|rule|Item Clause: Limit one of each item\n|clearpoke\n|poke|p1|Flutter Mane, L50|\n|poke|p1|Ting-Lu, L50|\n|poke|p1|Dragonite, L50, M|\n|poke|p1|Oranguru, L50, F|\n|poke|p1|Torkoal, L50, M|\n|poke|p1|Gyarados, L50, M|\n|poke|p2|Chi-Yu, L50|\n|poke|p2|Iron Hands, L50|\n|poke|p2|Amoonguss, L50, M|\n|poke|p2|Gyarados, L50, M|\n|poke|p2|Grimmsnarl, L50, M|\n|poke|p2|Flutter Mane, L50|\n|teampreview|4\n|inactive|Battle timer is ON: inactive players will automatically lose when time's up. (requested by PopThenPlay)\n|inactive|marioman6444 also wants the timer to be on.\n|inactive|PopThenPlay has 60 seconds left.\n|inactive|marioman6444 has 60 seconds left.\n|\n|t:|1683175605\n|start\n|switch|p1a: Oranguru|Oranguru, L50, F|100\/100\n|switch|p1b: Ting-Lu|Ting-Lu, L50|100\/100\n|switch|p2a: GyaraDON'T|Gyarados, L50, M, shiny|100\/100\n|switch|p2b: Grimmsnarl|Grimmsnarl, L50, M|100\/100\n|-ability|p2a: GyaraDON'T|Intimidate|boost\n|-unboost|p1a: Oranguru|atk|1\n|-unboost|p1b: Ting-Lu|atk|1\n|-ability|p1b: Ting-Lu|Vessel of Ruin\n|turn|1\n|inactive|PopThenPlay has 30 seconds left.\n|\n|t:|1683175640\n|-terastallize|p1b: Ting-Lu|Poison\n|move|p2b: Grimmsnarl|Reflect|p2b: Grimmsnarl\n|-sidestart|p2: marioman6444|Reflect\n|move|p2a: GyaraDON'T|Waterfall|p1b: Ting-Lu\n|-damage|p1b: Ting-Lu|82\/100\n|move|p1b: Ting-Lu|Heavy Slam|p2b: Grimmsnarl\n|-supereffective|p2b: Grimmsnarl\n|-damage|p2b: Grimmsnarl|68\/100\n|move|p1a: Oranguru|Trick Room|p1a: Oranguru\n|-fieldstart|move: Trick Room|[of] p1a: Oranguru\n|\n|upkeep\n|turn|2\n|inactive|PopThenPlay has 30 seconds left.\n|inactive|marioman6444 has 30 seconds left.\n|\n|t:|1683175669\n|move|p2b: Grimmsnarl|Thunder Wave|p1b: Ting-Lu\n|-status|p1b: Ting-Lu|par\n|cant|p1b: Ting-Lu|par\n|move|p1a: Oranguru|Instruct|p1b: Ting-Lu\n|-singleturn|p1b: Ting-Lu|move: Instruct|[of] p1a: Oranguru\n|move|p1b: Ting-Lu|Heavy Slam|p2b: Grimmsnarl\n|-supereffective|p2b: Grimmsnarl\n|-damage|p2b: Grimmsnarl|33\/100\n|move|p2a: GyaraDON'T|Taunt|p1a: Oranguru\n|-start|p1a: Oranguru|move: Taunt\n|-enditem|p1a: Oranguru|Mental Herb\n|-end|p1a: Oranguru|move: Taunt\n|\n|upkeep\n|turn|3\n|\n|t:|1683175691\n|switch|p2b: Amoonguss|Amoonguss, L50, M|100\/100\n|move|p1b: Ting-Lu|Heavy Slam|p2b: Amoonguss\n|-damage|p2b: Amoonguss|88\/100\n|-damage|p1b: Ting-Lu|65\/100 par|[from] item: Rocky Helmet|[of] p2b: Amoonguss\n|move|p1a: Oranguru|Instruct|p1b: Ting-Lu\n|-singleturn|p1b: Ting-Lu|move: Instruct|[of] p1a: Oranguru\n|move|p1b: Ting-Lu|Heavy Slam|p2b: Amoonguss\n|-damage|p2b: Amoonguss|74\/100\n|-damage|p1b: Ting-Lu|49\/100 par|[from] item: Rocky Helmet|[of] p2b: Amoonguss\n|move|p2a: GyaraDON'T|Taunt|p1a: Oranguru\n|-start|p1a: Oranguru|move: Taunt\n|\n|upkeep\n|turn|4\n|inactive|PopThenPlay has 30 seconds left.\n|\n|t:|1683175723\n|switch|p1b: Flutter Mane|Flutter Mane, L50|100\/100\n|switch|p2a: Grimmsnarl|Grimmsnarl, L50, M|33\/100\n|move|p2b: Amoonguss|Pollen Puff|p2a: Grimmsnarl\n|-heal|p2a: Grimmsnarl|83\/100\n|move|p1a: Oranguru|Foul Play|p2a: Grimmsnarl\n|-resisted|p2a: Grimmsnarl\n|-damage|p2a: Grimmsnarl|79\/100\n|\n|upkeep\n|turn|5\n|inactive|PopThenPlay has 30 seconds left.\n|\n|t:|1683175750\n|switch|p1a: Gyarados|Gyarados, L50, M|100\/100\n|-ability|p1a: Gyarados|Intimidate|boost\n|-unboost|p2a: Grimmsnarl|atk|1\n|-unboost|p2b: Amoonguss|atk|1\n|move|p2a: Grimmsnarl|Light Screen|p2a: Grimmsnarl\n|-sidestart|p2: marioman6444|move: Light Screen\n|move|p2b: Amoonguss|Spore|p1b: Flutter Mane\n|-status|p1b: Flutter Mane|slp|[from] move: Spore\n|cant|p1b: Flutter Mane|slp\n|\n|-fieldend|move: Trick Room\n|upkeep\n|turn|6\n|\n|t:|1683175770\n|switch|p2a: GyaraDON'T|Gyarados, L50, M, shiny|100\/100\n|-ability|p2a: GyaraDON'T|Intimidate|boost\n|-unboost|p1a: Gyarados|atk|1\n|-unboost|p1b: Flutter Mane|atk|1\n|-curestatus|p1b: Flutter Mane|slp|[msg]\n|move|p1b: Flutter Mane|Protect|p1b: Flutter Mane\n|-singleturn|p1b: Flutter Mane|Protect\n|move|p2b: Amoonguss|Rage Powder|p2b: Amoonguss\n|-singleturn|p2b: Amoonguss|move: Rage Powder\n|move|p1a: Gyarados|Waterfall|p2a: GyaraDON'T\n|-resisted|p2a: GyaraDON'T\n|-damage|p2a: GyaraDON'T|93\/100\n|\n|upkeep\n|turn|7\n|inactive|marioman6444 has 30 seconds left.\n|inactive|marioman6444 has 20 seconds left.\n|inactive|marioman6444 has 15 seconds left.\n|\n|t:|1683175810\n|move|p1b: Flutter Mane|Thunderbolt|p2a: GyaraDON'T\n|-supereffective|p2a: GyaraDON'T\n|-damage|p2a: GyaraDON'T|7\/100\n|-enditem|p2a: GyaraDON'T|Sitrus Berry|[eat]\n|-heal|p2a: GyaraDON'T|32\/100|[from] item: Sitrus Berry\n|-damage|p1b: Flutter Mane|91\/100|[from] item: Life Orb\n|move|p2a: GyaraDON'T|Waterfall|p1b: Flutter Mane\n|-damage|p1b: Flutter Mane|42\/100\n|move|p1a: Gyarados|Taunt|p2b: Amoonguss\n|-start|p2b: Amoonguss|move: Taunt\n|move|p2b: Amoonguss|Pollen Puff|p2a: GyaraDON'T\n|-heal|p2a: GyaraDON'T|82\/100\n|\n|upkeep\n|turn|8\n|inactive|PopThenPlay has 30 seconds left.\n|inactive|marioman6444 has 30 seconds left.\n|inactive|PopThenPlay has 20 seconds left.\n|inactive|PopThenPlay has 15 seconds left.\n|\n|t:|1683175853\n|switch|p1a: Ting-Lu|Ting-Lu, L50, tera:Poison|49\/100 par\n|-ability|p1a: Ting-Lu|Vessel of Ruin\n|-terastallize|p2a: GyaraDON'T|Electric\n|move|p1b: Flutter Mane|Dazzling Gleam|p2b: Amoonguss|[spread] p2a,p2b\n|-resisted|p2b: Amoonguss\n|-damage|p2a: GyaraDON'T|68\/100\n|-damage|p2b: Amoonguss|66\/100\n|-damage|p1b: Flutter Mane|33\/100|[from] item: Life Orb\n|move|p2a: GyaraDON'T|Icy Wind|p1a: Ting-Lu|[spread] p1a,p1b\n|-damage|p1a: Ting-Lu|47\/100 par\n|-damage|p1b: Flutter Mane|29\/100\n|-unboost|p1a: Ting-Lu|spe|1\n|-unboost|p1b: Flutter Mane|spe|1\n|move|p2b: Amoonguss|Pollen Puff|p2a: GyaraDON'T\n|-heal|p2a: GyaraDON'T|100\/100\n|\n|-sideend|p2: marioman6444|Reflect\n|upkeep\n|turn|9\n|inactive|PopThenPlay has 30 seconds left.\n|inactive|marioman6444 has 30 seconds left.\n|\n|t:|1683175885\n|-end|p1b: Flutter Mane|Protosynthesis|[silent]\n|switch|p1b: Gyarados|Gyarados, L50, M|100\/100\n|-ability|p1b: Gyarados|Intimidate|boost\n|-unboost|p2a: GyaraDON'T|atk|1\n|-unboost|p2b: Amoonguss|atk|1\n|move|p2a: GyaraDON'T|Waterfall|p1a: Ting-Lu\n|-damage|p1a: Ting-Lu|34\/100 par\n|move|p2b: Amoonguss|Pollen Puff|p1a: Ting-Lu\n|-resisted|p1a: Ting-Lu\n|-damage|p1a: Ting-Lu|31\/100 par\n|move|p1a: Ting-Lu|Earthquake|p2b: Amoonguss|[spread] p2a,p2b\n|-immune|p1b: Gyarados\n|-supereffective|p2a: GyaraDON'T\n|-damage|p2a: GyaraDON'T|28\/100\n|-damage|p2b: Amoonguss|37\/100\n|\n|-end|p2b: Amoonguss|move: Taunt\n|upkeep\n|turn|10\n|inactive|PopThenPlay has 30 seconds left.\n|inactive|marioman6444 has 30 seconds left.\n|inactive|marioman6444 has 20 seconds left.\n|\n|t:|1683175925\n|switch|p2a: Flutter Mane|Flutter Mane, L50|100\/100\n|move|p2b: Amoonguss|Rage Powder|p2b: Amoonguss\n|-singleturn|p2b: Amoonguss|move: Rage Powder\n|move|p1b: Gyarados|Taunt|p2b: Amoonguss\n|-start|p2b: Amoonguss|move: Taunt\n|move|p1a: Ting-Lu|Earthquake|p2b: Amoonguss|[spread] p2a,p2b\n|-immune|p1b: Gyarados\n|-damage|p2a: Flutter Mane|41\/100\n|-damage|p2b: Amoonguss|7\/100\n|\n|-heal|p2a: Flutter Mane|47\/100|[from] item: Leftovers\n|upkeep\n|turn|11\n|inactive|PopThenPlay has 30 seconds left.\n|\n|t:|1683175958\n|switch|p2b: GyaraDON'T|Gyarados, L50, M, shiny, tera:Electric|28\/100\n|-ability|p2b: GyaraDON'T|Intimidate|boost\n|-unboost|p1a: Ting-Lu|atk|1\n|-unboost|p1b: Gyarados|atk|1\n|switch|p1a: Oranguru|Oranguru, L50, F|100\/100\n|move|p2a: Flutter Mane|Protect|p2a: Flutter Mane\n|-singleturn|p2a: Flutter Mane|Protect\n|move|p1b: Gyarados|Waterfall|p2b: GyaraDON'T\n|-damage|p2b: GyaraDON'T|4\/100\n|\n|-heal|p2a: Flutter Mane|53\/100|[from] item: Leftovers\n|upkeep\n|turn|12\n|inactive|PopThenPlay has 30 seconds left.\n|inactive|PopThenPlay has 20 seconds left.\n|\n|t:|1683175995\n|move|p1a: Oranguru|Protect|p1a: Oranguru\n|-singleturn|p1a: Oranguru|Protect\n|move|p2a: Flutter Mane|Substitute|p2a: Flutter Mane\n|-start|p2a: Flutter Mane|Substitute\n|-damage|p2a: Flutter Mane|28\/100\n|move|p2b: GyaraDON'T|Taunt|p1a: Oranguru\n|-activate|p1a: Oranguru|move: Protect\n|move|p1b: Gyarados|Waterfall|p2b: GyaraDON'T\n|-damage|p2b: GyaraDON'T|0 fnt\n|faint|p2b: GyaraDON'T\n|\n|-heal|p2a: Flutter Mane|34\/100|[from] item: Leftovers\n|-sideend|p2: marioman6444|move: Light Screen\n|upkeep\n|\n|t:|1683176004\n|switch|p2b: Grimmsnarl|Grimmsnarl, L50, M|79\/100\n|turn|13\n|\n|t:|1683176027\n|move|p2b: Grimmsnarl|Reflect|p2b: Grimmsnarl\n|-sidestart|p2: marioman6444|Reflect\n|move|p2a: Flutter Mane|Shadow Ball|p1b: Gyarados\n|-damage|p1b: Gyarados|69\/100\n|-unboost|p1b: Gyarados|spd|1\n|move|p1b: Gyarados|Thunder Wave|p2b: Grimmsnarl\n|-status|p2b: Grimmsnarl|par\n|move|p1a: Oranguru|Trick Room|p1a: Oranguru\n|-fieldstart|move: Trick Room|[of] p1a: Oranguru\n|\n|-heal|p2a: Flutter Mane|41\/100|[from] item: Leftovers\n|upkeep\n|turn|14\n|\n|t:|1683176049\n|move|p2a: Flutter Mane|Protect|p2a: Flutter Mane\n|-singleturn|p2a: Flutter Mane|Protect\n|move|p2b: Grimmsnarl|Spirit Break|p1b: Gyarados\n|-damage|p1b: Gyarados|37\/100\n|-unboost|p1b: Gyarados|spa|1\n|move|p1a: Oranguru|Instruct|p1b: Gyarados\n|-singleturn|p1b: Gyarados|move: Instruct|[of] p1a: Oranguru\n|move|p1b: Gyarados|Thunder Wave|p2b: Grimmsnarl\n|-fail|p2b: Grimmsnarl|par\n|move|p1b: Gyarados|Waterfall|p2a: Flutter Mane\n|-activate|p2a: Flutter Mane|move: Protect\n|\n|-heal|p2a: Flutter Mane|47\/100|[from] item: Leftovers\n|upkeep\n|turn|15\n|inactive|marioman6444 has 30 seconds left.\n|\n|t:|1683176082\n|move|p2b: Grimmsnarl|Spirit Break|p1b: Gyarados\n|-damage|p1b: Gyarados|9\/100\n|-unboost|p1b: Gyarados|spa|1\n|move|p1a: Oranguru|Instruct|p1b: Gyarados\n|-singleturn|p1b: Gyarados|move: Instruct|[of] p1a: Oranguru\n|move|p1b: Gyarados|Waterfall|p2a: Flutter Mane\n|-end|p2a: Flutter Mane|Substitute\n|move|p1b: Gyarados|Taunt|p2b: Grimmsnarl\n|-start|p2b: Grimmsnarl|move: Taunt\n|move|p2a: Flutter Mane|Moonblast|p1b: Gyarados\n|-damage|p1b: Gyarados|0 fnt\n|faint|p1b: Gyarados\n|\n|-heal|p2a: Flutter Mane|53\/100|[from] item: Leftovers\n|upkeep\n|inactive|PopThenPlay has 30 seconds left.\n|inactive|PopThenPlay has 20 seconds left.\n|\n|t:|1683176098\n|switch|p1b: Ting-Lu|Ting-Lu, L50, tera:Poison|31\/100 par\n|-ability|p1b: Ting-Lu|Vessel of Ruin\n|turn|16\n|inactive|PopThenPlay has 20 seconds left this turn.\n|inactive|PopThenPlay has 15 seconds left.\n|\n|t:|1683176117\n|switch|p2b: Amoonguss|Amoonguss, L50, M|40\/100\n|move|p2a: Flutter Mane|Protect|p2a: Flutter Mane\n|-singleturn|p2a: Flutter Mane|Protect\n|move|p1b: Ting-Lu|Earthquake|p2a: Flutter Mane|[spread] p2b\n|-activate|p2a: Flutter Mane|move: Protect\n|-activate|p1a: Oranguru|ability: Telepathy\n|-damage|p2b: Amoonguss|21\/100\n|move|p1a: Oranguru|Instruct|p1b: Ting-Lu\n|-singleturn|p1b: Ting-Lu|move: Instruct|[of] p1a: Oranguru\n|move|p1b: Ting-Lu|Earthquake|p2a: Flutter Mane|[spread] p2b\n|-activate|p2a: Flutter Mane|move: Protect\n|-activate|p1a: Oranguru|ability: Telepathy\n|-damage|p2b: Amoonguss|4\/100\n|\n|-heal|p2a: Flutter Mane|59\/100|[from] item: Leftovers\n|upkeep\n|turn|17\n|inactive|PopThenPlay has 15 seconds left this turn.\n|inactive|PopThenPlay has 10 seconds left.\n|inactive|PopThenPlay has 5 seconds left.\n|-message|PopThenPlay lost due to inactivity.\n|\n|win|marioman6444\n|raw|PopThenPlay's rating: 1153 → 1130<\/strong> (-23 for losing)\n|raw|marioman6444's rating: 1176 → 1199<\/strong> (+23 for winning)\n|c|\u2606marioman6444|Gg\n","uploadtime":1683176140,"views":4,"p1id":"popthenplay","p2id":"marioman6444","formatid":"gen9vgc2023regulationc","rating":1130,"private":0,"password":""}