{"id":"gen9vgc2023regulationc-1845600391","p1":"fo50","p2":"Staradara","format":"[Gen 9] VGC 2023 Regulation C","log":"|j|\u2606fo50\n|j|\u2606Staradara\n|t:|1681748406\n|gametype|doubles\n|player|p1|fo50|169|1045\n|player|p2|Staradara|sabrina|1000\n|teamsize|p1|6\n|teamsize|p2|6\n|gen|9\n|tier|[Gen 9] VGC 2023 Regulation C\n|rated|\n|rule|Species Clause: Limit one of each Pok\u00e9mon\n|rule|Item Clause: Limit one of each item\n|clearpoke\n|poke|p1|Scovillain, L50, M|\n|poke|p1|Dragonite, L50, M|\n|poke|p1|Tinkaton, L50, F|\n|poke|p1|Amoonguss, L50, F|\n|poke|p1|Torkoal, L50, M|\n|poke|p1|Scizor, L50, F|\n|poke|p2|Goodra, L50, F|\n|poke|p2|Tinkaton, L50, F|\n|poke|p2|Clodsire, L50, M|\n|poke|p2|Gardevoir, L50, F|\n|poke|p2|Flareon, L50, F|\n|poke|p2|Lycanroc-Midnight, L50, F|\n|teampreview|4\n|c|\u2606Staradara|tinkaton lets goooo ayyy\nStaradara has agreed to open team sheets.\n|\n|t:|1681748445\n|start\n|switch|p1a: Scizor|Scizor, L50, F|100\/100\n|switch|p1b: Tinkaton|Tinkaton, L50, F|100\/100\n|switch|p2a: Goodra|Goodra, L50, F|100\/100\n|switch|p2b: Tinkaton|Tinkaton, L50, F|100\/100\n|-ability|p2b: Tinkaton|Mold Breaker\n|-item|p2b: Tinkaton|Air Balloon\n|turn|1\n|\n|t:|1681748471\n|move|p2b: Tinkaton|Fake Out|p1b: Tinkaton\n|-resisted|p1b: Tinkaton\n|-damage|p1b: Tinkaton|93\/100\n|cant|p1b: Tinkaton|flinch\n|move|p2a: Goodra|Flamethrower|p1a: Scizor\n|-supereffective|p1a: Scizor\n|-damage|p1a: Scizor|0 fnt\n|faint|p1a: Scizor\n|\n|-heal|p1b: Tinkaton|99\/100|[from] item: Leftovers\n|upkeep\n|\n|t:|1681748486\n|switch|p1a: Scovillain|Scovillain, L50, M|100\/100\n|turn|2\n|\n|t:|1681748505\n|switch|p1b: Torkoal|Torkoal, L50, M|100\/100\n|-weather|SunnyDay|[from] ability: Drought|[of] p1b: Torkoal\n|-item|p1b: Torkoal|Air Balloon\n|move|p1a: Scovillain|Flamethrower|p2b: Tinkaton\n|-supereffective|p2b: Tinkaton\n|-damage|p2b: Tinkaton|0 fnt\n|-enditem|p2b: Tinkaton|Air Balloon\n|faint|p2b: Tinkaton\n|-damage|p1a: Scovillain|90\/100|[from] item: Life Orb\n|move|p2a: Goodra|Flamethrower|p1b: Torkoal\n|-resisted|p1b: Torkoal\n|-damage|p1b: Torkoal|71\/100\n|-enditem|p1b: Torkoal|Air Balloon\n|\n|-weather|SunnyDay|[upkeep]\n|upkeep\n|\n|t:|1681748523\n|switch|p2b: Lycanroc|Lycanroc-Midnight, L50, F|100\/100\n|turn|3\n|\n|t:|1681748535\n|move|p1b: Torkoal|Protect|p1b: Torkoal\n|-singleturn|p1b: Torkoal|Protect\n|move|p1a: Scovillain|Solar Beam||[still]\n|-prepare|p1a: Scovillain|Solar Beam\n|-anim|p1a: Scovillain|Solar Beam|p2b: Lycanroc\n|-supereffective|p2b: Lycanroc\n|-damage|p2b: Lycanroc|0 fnt\n|faint|p2b: Lycanroc\n|-damage|p1a: Scovillain|80\/100|[from] item: Life Orb\n|move|p2a: Goodra|Acid Spray|p1b: Torkoal\n|-activate|p1b: Torkoal|move: Protect\n|\n|-weather|SunnyDay|[upkeep]\n|upkeep\n|\n|t:|1681748549\n|switch|p2b: Flareon|Flareon, L50, F|100\/100\n|turn|4\n|\n|t:|1681748562\n|-terastallize|p1a: Scovillain|Dark\n|move|p2b: Flareon|Protect|p2b: Flareon\n|-singleturn|p2b: Flareon|Protect\n|move|p1a: Scovillain|Tera Blast|p2b: Flareon\n|-activate|p2b: Flareon|move: Protect\n|move|p2a: Goodra|Draco Meteor|p1b: Torkoal\n|-damage|p1b: Torkoal|0 fnt\n|-unboost|p2a: Goodra|spa|2\n|faint|p1b: Torkoal\n|\n|-weather|SunnyDay|[upkeep]\n|-status|p2b: Flareon|tox|[from] item: Toxic Orb\n|upkeep\n|\n|t:|1681748577\n|switch|p1b: Tinkaton|Tinkaton, L50, F|99\/100\n|turn|5\n|\n|t:|1681748594\n|-terastallize|p2b: Flareon|Normal\n|move|p1b: Tinkaton|Fake Out|p2a: Goodra\n|-damage|p2a: Goodra|89\/100\n|move|p1a: Scovillain|Tera Blast|p2b: Flareon\n|-crit|p2b: Flareon\n|-damage|p2b: Flareon|3\/100 tox\n|-damage|p1a: Scovillain|70\/100|[from] item: Life Orb\n|move|p2b: Flareon|Facade|p1b: Tinkaton\n|-resisted|p1b: Tinkaton\n|-damage|p1b: Tinkaton|19\/100\n|cant|p2a: Goodra|flinch\n|\n|-weather|SunnyDay|[upkeep]\n|-heal|p1b: Tinkaton|25\/100|[from] item: Leftovers\n|-damage|p2b: Flareon|0 fnt|[from] psn\n|faint|p2b: Flareon\n|upkeep\n|turn|6\n|\n|t:|1681748620\n|move|p1a: Scovillain|Flamethrower|p2a: Goodra\n|-resisted|p2a: Goodra\n|-damage|p2a: Goodra|74\/100\n|-status|p2a: Goodra|brn\n|-damage|p1a: Scovillain|60\/100|[from] item: Life Orb\n|move|p1b: Tinkaton|Knock Off|p2a: Goodra\n|-damage|p2a: Goodra|45\/100 brn\n|-enditem|p2a: Goodra|Assault Vest|[from] move: Knock Off|[of] p1b: Tinkaton\n|move|p2a: Goodra|Flamethrower|p1b: Tinkaton\n|-supereffective|p1b: Tinkaton\n|-damage|p1b: Tinkaton|0 fnt\n|faint|p1b: Tinkaton\n|\n|-weather|none\n|-damage|p2a: Goodra|39\/100 brn|[from] brn\n|upkeep\n|turn|7\n|\n|t:|1681748653\n|move|p1a: Scovillain|Protect|p1a: Scovillain\n|-singleturn|p1a: Scovillain|Protect\n|move|p2a: Goodra|Draco Meteor|p1a: Scovillain\n|-activate|p1a: Scovillain|move: Protect\n|\n|-damage|p2a: Goodra|33\/100 brn|[from] brn\n|upkeep\n|turn|8\n|\n|t:|1681748667\n|move|p1a: Scovillain|Tera Blast|p2a: Goodra\n|-damage|p2a: Goodra|9\/100 brn\n|-damage|p1a: Scovillain|50\/100|[from] item: Life Orb\n|move|p2a: Goodra|Flamethrower|p1a: Scovillain\n|-damage|p1a: Scovillain|32\/100\n|\n|-damage|p2a: Goodra|3\/100 brn|[from] brn\n|upkeep\n|turn|9\n|\n|t:|1681748677\n|move|p1a: Scovillain|Protect|p1a: Scovillain\n|-singleturn|p1a: Scovillain|Protect\n|move|p2a: Goodra|Draco Meteor|p1a: Scovillain\n|-activate|p1a: Scovillain|move: Protect\n|\n|-damage|p2a: Goodra|0 fnt|[from] brn\n|faint|p2a: Goodra\n|\n|win|fo50\n|upkeep\n|raw|fo50's rating: 1045 → 1074<\/strong> (+29 for winning)\n|raw|Staradara's rating: 1000 → 1000<\/strong> (+0 for losing)\n|l|\u2606Staradara\n","uploadtime":1681748692,"views":31,"p1id":"fo50","p2id":"staradara","formatid":"gen9vgc2023regulationc","rating":1000,"private":0,"password":""}