{"id":"gen9vgc2023regulationc-1845922075","p1":"Curiouspufferfish","p2":"EdwinVGC","format":"[Gen 9] VGC 2023 Regulation C","log":"|j|\u2606Curiouspufferfish\n|j|\u2606EdwinVGC\n|t:|1681779577\n|gametype|doubles\n|player|p1|Curiouspufferfish|hilbert|1096\n|player|p2|EdwinVGC|169|1081\n|teamsize|p1|6\n|teamsize|p2|6\n|gen|9\n|tier|[Gen 9] VGC 2023 Regulation C\n|rated|\n|rule|Species Clause: Limit one of each Pok\u00e9mon\n|rule|Item Clause: Limit one of each item\n|clearpoke\n|poke|p1|Annihilape, L50, F|\n|poke|p1|Chi-Yu, L50|\n|poke|p1|Iron Hands, L50|\n|poke|p1|Dragonite, L50, M|\n|poke|p1|Talonflame, L50, M|\n|poke|p1|Flutter Mane, L50|\n|poke|p2|Glimmora, L50, M|\n|poke|p2|Amoonguss, L50, F|\n|poke|p2|Gyarados, L50, M|\n|poke|p2|Ting-Lu, L50|\n|poke|p2|Dragonite, L50, M|\n|poke|p2|Flutter Mane, L50|\n|teampreview|4\n|\n|t:|1681779601\n|start\n|switch|p1a: Iron Hands|Iron Hands, L50|100\/100\n|switch|p1b: Annihilape|Annihilape, L50, F|100\/100\n|switch|p2a: Flutter Mane|Flutter Mane, L50|100\/100\n|switch|p2b: Glimmora|Glimmora, L50, M, shiny|100\/100\n|turn|1\n|\n|t:|1681779627\n|-terastallize|p2a: Flutter Mane|Fairy\n|move|p1a: Iron Hands|Fake Out|p2b: Glimmora\n|-resisted|p2b: Glimmora\n|-damage|p2b: Glimmora|94\/100\n|move|p2a: Flutter Mane|Shadow Ball|p1b: Annihilape\n|-supereffective|p1b: Annihilape\n|-damage|p1b: Annihilape|0 fnt\n|faint|p1b: Annihilape\n|cant|p2b: Glimmora|flinch\n|\n|upkeep\n|\n|t:|1681779637\n|switch|p1b: Chi-Yu|Chi-Yu, L50|100\/100\n|-ability|p1b: Chi-Yu|Beads of Ruin\n|turn|2\n|\n|t:|1681779650\n|move|p2b: Glimmora|Spiky Shield|p2b: Glimmora\n|-singleturn|p2b: Glimmora|move: Protect\n|move|p2a: Flutter Mane|Shadow Ball|p1b: Chi-Yu\n|-resisted|p1b: Chi-Yu\n|-damage|p1b: Chi-Yu|66\/100\n|move|p1b: Chi-Yu|Psychic|p2b: Glimmora\n|-activate|p2b: Glimmora|move: Protect\n|move|p1a: Iron Hands|Iron Head|p2a: Flutter Mane\n|-supereffective|p2a: Flutter Mane\n|-damage|p2a: Flutter Mane|0 fnt\n|faint|p2a: Flutter Mane\n|-end|p2a: Flutter Mane|Protosynthesis|[silent]\n|\n|upkeep\n|\n|t:|1681779669\n|switch|p2a: Amoonguss|Amoonguss, L50, F, shiny|100\/100\n|turn|3\n|\n|t:|1681779680\n|move|p2a: Amoonguss|Rage Powder|p2a: Amoonguss\n|-singleturn|p2a: Amoonguss|move: Rage Powder\n|move|p1b: Chi-Yu|Psychic|p2a: Amoonguss\n|-supereffective|p2a: Amoonguss\n|-damage|p2a: Amoonguss|42\/100\n|-unboost|p2a: Amoonguss|spd|1\n|-enditem|p2a: Amoonguss|Sitrus Berry|[eat]\n|-heal|p2a: Amoonguss|67\/100|[from] item: Sitrus Berry\n|move|p2b: Glimmora|Mortal Spin|p1a: Iron Hands|[spread] p1a,p1b\n|-damage|p1a: Iron Hands|98\/100\n|-damage|p1b: Chi-Yu|59\/100\n|-status|p1a: Iron Hands|psn\n|-status|p1b: Chi-Yu|psn\n|move|p1a: Iron Hands|Iron Head|p2a: Amoonguss\n|-damage|p2a: Amoonguss|44\/100\n|\n|-damage|p1b: Chi-Yu|47\/100 psn|[from] psn\n|-damage|p1a: Iron Hands|86\/100 psn|[from] psn\n|upkeep\n|turn|4\n|\n|t:|1681779723\n|switch|p2a: Gyarados|Gyarados, L50, M, shiny|100\/100\n|-ability|p2a: Gyarados|Intimidate|boost\n|-unboost|p1a: Iron Hands|atk|1\n|-unboost|p1b: Chi-Yu|atk|1\n|move|p1b: Chi-Yu|Heat Wave|p2b: Glimmora|[spread] p2a,p2b\n|-resisted|p2a: Gyarados\n|-resisted|p2b: Glimmora\n|-damage|p2a: Gyarados|83\/100\n|-damage|p2b: Glimmora|71\/100\n|move|p2b: Glimmora|Venoshock|p1b: Chi-Yu\n|-damage|p1b: Chi-Yu|0 fnt\n|faint|p1b: Chi-Yu\n|move|p1a: Iron Hands|Iron Head|p2b: Glimmora\n|-supereffective|p2b: Glimmora\n|-damage|p2b: Glimmora|30\/100\n|\n|-damage|p1a: Iron Hands|74\/100 psn|[from] psn\n|upkeep\n|\n|t:|1681779737\n|switch|p1b: Dragonite|Dragonite, L50, M|100\/100\n|turn|5\n|\n|t:|1681779750\n|-terastallize|p1b: Dragonite|Normal\n|move|p2b: Glimmora|Spiky Shield|p2b: Glimmora\n|-singleturn|p2b: Glimmora|move: Protect\n|move|p2a: Gyarados|Protect|p2a: Gyarados\n|-singleturn|p2a: Gyarados|Protect\n|move|p1b: Dragonite|Ice Spinner|p2b: Glimmora\n|-activate|p2b: Glimmora|move: Protect\n|-damage|p1b: Dragonite|88\/100|[from] Spiky Shield|[of] p2b: Glimmora\n|move|p1a: Iron Hands|Wild Charge|p2a: Gyarados\n|-activate|p2a: Gyarados|move: Protect\n|\n|-heal|p1b: Dragonite|94\/100|[from] item: Leftovers\n|-damage|p1a: Iron Hands|61\/100 psn|[from] psn\n|upkeep\n|turn|6\n|\n|t:|1681779780\n|move|p2b: Glimmora|Venoshock|p1a: Iron Hands\n|-damage|p1a: Iron Hands|31\/100 psn\n|move|p2a: Gyarados|Waterfall|p1a: Iron Hands\n|-damage|p1a: Iron Hands|7\/100 psn\n|move|p1b: Dragonite|Ice Spinner|p2b: Glimmora\n|-damage|p2b: Glimmora|2\/100\n|cant|p1a: Iron Hands|flinch\n|\n|-heal|p1b: Dragonite|100\/100|[from] item: Leftovers\n|-damage|p1a: Iron Hands|0 fnt|[from] psn\n|faint|p1a: Iron Hands\n|-end|p1a: Iron Hands|Quark Drive|[silent]\n|upkeep\n|turn|7\n|\n|t:|1681779798\n|move|p2b: Glimmora|Spiky Shield|p2b: Glimmora\n|-singleturn|p2b: Glimmora|move: Protect\n|move|p1b: Dragonite|Extreme Speed|p2b: Glimmora\n|-activate|p2b: Glimmora|move: Protect\n|-damage|p1b: Dragonite|88\/100|[from] Spiky Shield|[of] p2b: Glimmora\n|move|p2a: Gyarados|Thunder Wave|p1b: Dragonite\n|-status|p1b: Dragonite|par\n|\n|-heal|p1b: Dragonite|94\/100 par|[from] item: Leftovers\n|upkeep\n|turn|8\n|\n|t:|1681779816\n|move|p1b: Dragonite|Extreme Speed|p2b: Glimmora\n|-resisted|p2b: Glimmora\n|-crit|p2b: Glimmora\n|-damage|p2b: Glimmora|0 fnt\n|faint|p2b: Glimmora\n|move|p2a: Gyarados|Waterfall|p1b: Dragonite\n|-crit|p1b: Dragonite\n|-damage|p1b: Dragonite|40\/100 par\n|\n|-heal|p1b: Dragonite|46\/100 par|[from] item: Leftovers\n|upkeep\n|\n|t:|1681779825\n|switch|p2b: Amoonguss|Amoonguss, L50, F, shiny|77\/100\n|turn|9\n|\n|t:|1681779839\n|move|p2b: Amoonguss|Rage Powder|p2b: Amoonguss\n|-singleturn|p2b: Amoonguss|move: Rage Powder\n|move|p2a: Gyarados|Iron Head|p1b: Dragonite\n|-damage|p1b: Dragonite|21\/100 par\n|move|p1b: Dragonite|Ice Spinner|p2b: Amoonguss\n|-supereffective|p2b: Amoonguss\n|-damage|p2b: Amoonguss|34\/100\n|\n|-heal|p1b: Dragonite|27\/100 par|[from] item: Leftovers\n|upkeep\n|turn|10\n|\n|t:|1681779853\n|move|p2a: Gyarados|Waterfall|p1b: Dragonite\n|-damage|p1b: Dragonite|0 fnt\n|faint|p1b: Dragonite\n|\n|win|EdwinVGC\n|raw|Curiouspufferfish's rating: 1096 → 1071<\/strong> (-25 for losing)\n|raw|EdwinVGC's rating: 1081 → 1110<\/strong> (+29 for winning)\n|l|\u2606Curiouspufferfish\n","uploadtime":1681779865,"views":10,"p1id":"curiouspufferfish","p2id":"edwinvgc","formatid":"gen9vgc2023regulationc","rating":1071,"private":0,"password":""}