{"id":"gen9vgc2023regulationc-1857183980","p1":"kodiedunn","p2":"fatw","format":"[Gen 9] VGC 2023 Regulation C","log":"|j|\u2606kodiedunn\n|j|\u2606fatw\n|t:|1683155168\n|gametype|doubles\n|player|p1|kodiedunn|170|\n|player|p2|fatw|riley|\n|teamsize|p1|6\n|teamsize|p2|6\n|gen|9\n|tier|[Gen 9] VGC 2023 Regulation C\n|rule|Species Clause: Limit one of each Pok\u00e9mon\n|rule|Item Clause: Limit one of each item\n|clearpoke\n|poke|p1|Magnezone, L50|\n|poke|p1|Armarouge, L50, F|\n|poke|p1|Tauros-Paldea-Aqua, L50, M|\n|poke|p1|Scizor, L50, M|\n|poke|p1|Indeedee-F, L50, F|\n|poke|p1|Honchkrow, L50, M|\n|poke|p2|Ting-Lu, L50|\n|poke|p2|Meowscarada, L50, F|\n|poke|p2|Dragapult, L50, M|\n|poke|p2|Raichu, L50, F|\n|poke|p2|Gyarados, L50, F|\n|poke|p2|Sylveon, L50, F|\n|teampreview|4\nkodiedunn rejected open team sheets.\n|c|\u2606fatw|glhf\n|\n|t:|1683155250\n|start\n|switch|p1a: Tauros|Tauros-Paldea-Aqua, L50, M|100\/100\n|switch|p1b: Scizor|Scizor, L50, M|100\/100\n|switch|p2a: Raichu|Raichu, L50, F|100\/100\n|switch|p2b: Meowscarada|Meowscarada, L50, F|100\/100\n|-ability|p1a: Tauros|Intimidate|boost\n|-unboost|p2a: Raichu|atk|1\n|-fail|p2b: Meowscarada|unboost|[from] item: Clear Amulet|[of] p2b: Meowscarada\n|turn|1\n|\n|t:|1683155280\n|-terastallize|p1a: Tauros|Steel\n|move|p2a: Raichu|Fake Out|p1b: Scizor\n|-resisted|p1b: Scizor\n|-crit|p1b: Scizor\n|-damage|p1b: Scizor|92\/100\n|-damage|p2a: Raichu|84\/100|[from] item: Rocky Helmet|[of] p1b: Scizor\n|move|p2b: Meowscarada|Flower Trick|p1a: Tauros\n|-start|p2b: Meowscarada|typechange|Grass|[from] ability: Protean\n|-resisted|p1a: Tauros\n|-crit|p1a: Tauros\n|-damage|p1a: Tauros|71\/100\n|move|p1a: Tauros|Drill Run|p2a: Raichu\n|-supereffective|p2a: Raichu\n|-damage|p2a: Raichu|0 fnt\n|faint|p2a: Raichu\n|cant|p1b: Scizor|flinch\n|\n|upkeep\n|\n|t:|1683155301\n|switch|p2a: Ting-Lu|Ting-Lu, L50|100\/100\n|-ability|p2a: Ting-Lu|Vessel of Ruin\n|turn|2\n|\n|t:|1683155318\n|switch|p1a: Honchkrow|Honchkrow, L50, M|100\/100\n|-terastallize|p2a: Ting-Lu|Water\n|move|p1b: Scizor|Protect|p1b: Scizor\n|-singleturn|p1b: Scizor|Protect\n|move|p2b: Meowscarada|Knock Off|p1a: Honchkrow\n|-resisted|p1a: Honchkrow\n|-damage|p1a: Honchkrow|74\/100\n|-enditem|p1a: Honchkrow|Choice Scarf|[from] move: Knock Off|[of] p2b: Meowscarada\n|move|p2a: Ting-Lu|Stomping Tantrum|p1a: Honchkrow\n|-immune|p1a: Honchkrow\n|\n|upkeep\n|turn|3\n|\n|t:|1683155348\n|move|p2b: Meowscarada|Protect|p2b: Meowscarada\n|-singleturn|p2b: Meowscarada|Protect\n|move|p1a: Honchkrow|Night Slash|p2a: Ting-Lu\n|-damage|p2a: Ting-Lu|82\/100\n|move|p1b: Scizor|Pounce|p2a: Ting-Lu\n|-damage|p2a: Ting-Lu|58\/100\n|-unboost|p2a: Ting-Lu|spe|1\n|move|p2a: Ting-Lu|Stomping Tantrum|p1b: Scizor\n|-damage|p1b: Scizor|18\/100\n|-damage|p2a: Ting-Lu|42\/100|[from] item: Rocky Helmet|[of] p1b: Scizor\n|\n|upkeep\n|turn|4\n|\n|t:|1683155379\n|move|p1b: Scizor|Feint|p2b: Meowscarada\n|-damage|p2b: Meowscarada|72\/100\n|move|p2b: Meowscarada|Knock Off|p1b: Scizor\n|-damage|p1b: Scizor|0 fnt\n|-damage|p2b: Meowscarada|56\/100|[from] item: Rocky Helmet|[of] p1b: Scizor\n|-enditem|p1b: Scizor|Rocky Helmet|[from] move: Knock Off|[of] p2b: Meowscarada\n|faint|p1b: Scizor\n|move|p1a: Honchkrow|U-turn|p2b: Meowscarada\n|-supereffective|p2b: Meowscarada\n|-damage|p2b: Meowscarada|0 fnt\n|faint|p2b: Meowscarada\n|\n|t:|1683155408\n|switch|p1a: Tauros|Tauros-Paldea-Aqua, L50, M, tera:Steel|71\/100|[from] U-turn\n|-ability|p1a: Tauros|Intimidate|boost\n|-unboost|p2a: Ting-Lu|atk|1\n|move|p2a: Ting-Lu|Ruination|p1a: Tauros\n|-damage|p1a: Tauros|36\/100\n|\n|upkeep\n|\n|t:|1683155437\n|switch|p2b: Dragapult|Dragapult, L50, M|100\/100\n|switch|p1b: Armarouge|Armarouge, L50, F|100\/100\n|turn|5\n|\n|t:|1683155468\n|move|p2b: Dragapult|Phantom Force||[still]\n|-prepare|p2b: Dragapult|Phantom Force\n|move|p1a: Tauros|Drill Run|p2a: Ting-Lu\n|-crit|p2a: Ting-Lu\n|-damage|p2a: Ting-Lu|8\/100\n|move|p1b: Armarouge|Will-O-Wisp|p2b: Dragapult|[miss]\n|-miss|p1b: Armarouge|p2b: Dragapult\n|move|p2a: Ting-Lu|Stomping Tantrum|p1a: Tauros\n|-supereffective|p1a: Tauros\n|-damage|p1a: Tauros|0 fnt\n|faint|p1a: Tauros\n|\n|upkeep\n|\n|t:|1683155479\n|switch|p1a: Honchkrow|Honchkrow, L50, M|74\/100\n|turn|6\n|\n|t:|1683155493\n|move|p2b: Dragapult|Phantom Force|p1b: Armarouge|[from]lockedmove\n|-supereffective|p1b: Armarouge\n|-damage|p1b: Armarouge|0 fnt\n|faint|p1b: Armarouge\n|move|p1a: Honchkrow|Night Slash|p2b: Dragapult\n|-supereffective|p2b: Dragapult\n|-damage|p2b: Dragapult|7\/100\n|move|p2a: Ting-Lu|Heavy Slam|p1a: Honchkrow\n|-damage|p1a: Honchkrow|41\/100\n|\n|upkeep\n|turn|7\n|\n|t:|1683155509\n|move|p2b: Dragapult|Phantom Force||[still]\n|-prepare|p2b: Dragapult|Phantom Force\n|move|p1a: Honchkrow|Night Slash|p2a: Ting-Lu\n|-damage|p2a: Ting-Lu|0 fnt\n|faint|p2a: Ting-Lu\n|\n|upkeep\n|turn|8\n|\n|t:|1683155520\n|move|p2b: Dragapult|Phantom Force|p1a: Honchkrow|[from]lockedmove\n|-resisted|p1a: Honchkrow\n|-damage|p1a: Honchkrow|0 fnt\n|faint|p1a: Honchkrow\n|\n|win|fatw\n","uploadtime":1683155527,"views":18,"p1id":"kodiedunn","p2id":"fatw","formatid":"gen9vgc2023regulationc","rating":0,"private":0,"password":""}