{"id":"gen9vgc2023regulationc-1849666860","p1":"mr. jake fist","p2":"Nijiatw","format":"[Gen 9] VGC 2023 Regulation C","log":"|j|\u2606mr. jake fist\n|j|\u2606Nijiatw\n|t:|1682228572\n|gametype|doubles\n|player|p1|mr. jake fist|chuck|1036\n|player|p2|Nijiatw|266|1127\n|teamsize|p1|6\n|teamsize|p2|6\n|gen|9\n|tier|[Gen 9] VGC 2023 Regulation C\n|rated|\n|rule|Species Clause: Limit one of each Pok\u00e9mon\n|rule|Item Clause: Limit one of each item\n|clearpoke\n|poke|p1|Iron Bundle, L50|\n|poke|p1|Pincurchin, L50, F|\n|poke|p1|Wo-Chien, L50|\n|poke|p1|Hatterene, L50, F|\n|poke|p1|Quaquaval, L50, M|\n|poke|p1|Iron Moth, L50|\n|poke|p2|Palafin, L50, F|\n|poke|p2|Chien-Pao, L50|\n|poke|p2|Dragapult, L50, M|\n|poke|p2|Amoonguss, L50, F|\n|poke|p2|Arcanine, L50, M|\n|poke|p2|Flutter Mane, L50|\n|teampreview|4\nmr. jake fist rejected open team sheets.\n|inactive|Battle timer is ON: inactive players will automatically lose when time's up. (requested by mr. jake fist)\n|\n|t:|1682228617\n|start\n|switch|p1a: Pincurchin|Pincurchin, L50, F|100\/100\n|switch|p1b: Iron Moth|Iron Moth, L50|100\/100\n|switch|p2a: Dozo|Palafin, L50, F|100\/100\n|switch|p2b: Mimi|Flutter Mane, L50|100\/100\n|-fieldstart|move: Electric Terrain|[from] ability: Electric Surge|[of] p1a: Pincurchin\n|-activate|p1b: Iron Moth|ability: Quark Drive\n|-start|p1b: Iron Moth|quarkdrivespa\n|-enditem|p1b: Iron Moth|Electric Seed\n|-boost|p1b: Iron Moth|def|1|[from] item: Electric Seed\n|-enditem|p2b: Mimi|Booster Energy\n|-activate|p2b: Mimi|ability: Protosynthesis|[fromitem]\n|-start|p2b: Mimi|protosynthesisspa\n|turn|1\n|\n|t:|1682228633\n|detailschange|p2a: Dozo|Palafin-Hero, L50, F\n|switch|p2a: WoChien|Amoonguss, L50, F|100\/100\n|move|p1b: Iron Moth|Protect|p1b: Iron Moth\n|-singleturn|p1b: Iron Moth|Protect\n|move|p2b: Mimi|Dazzling Gleam|p1b: Iron Moth|[spread] p1a\n|-activate|p1b: Iron Moth|move: Protect\n|-damage|p1a: Pincurchin|52\/100\n|move|p1a: Pincurchin|Thunderbolt|p2a: WoChien\n|-resisted|p2a: WoChien\n|-damage|p2a: WoChien|85\/100\n|\n|upkeep\n|turn|2\n|\n|t:|1682228651\n|move|p2a: WoChien|Protect|p2a: WoChien\n|-singleturn|p2a: WoChien|Protect\n|move|p1b: Iron Moth|Heat Wave|p2a: WoChien|[spread] p2b\n|-activate|p2a: WoChien|move: Protect\n|-damage|p2b: Mimi|49\/100\n|move|p2b: Mimi|Shadow Ball|p1a: Pincurchin\n|-damage|p1a: Pincurchin|0 fnt\n|faint|p1a: Pincurchin\n|\n|upkeep\n|\n|t:|1682228665\n|switch|p1a: Wo-Chien|Wo-Chien, L50|100\/100\n|-ability|p1a: Wo-Chien|Tablets of Ruin\n|turn|3\n|\n|t:|1682228687\n|switch|p2a: Dozo|Palafin-Hero, L50, F|100\/100\n|-activate|p2a: Dozo|ability: Zero to Hero\n|move|p2b: Mimi|Protect|p2b: Mimi\n|-singleturn|p2b: Mimi|Protect\n|move|p1b: Iron Moth|Heat Wave|p2a: Dozo|[spread] \n|-activate|p2b: Mimi|move: Protect\n|-miss|p1b: Iron Moth|p2a: Dozo\n|move|p1a: Wo-Chien|Pollen Puff|p1b: Iron Moth\n|-immune|p1b: Iron Moth\n|\n|upkeep\n|turn|4\n|inactive|mr. jake fist has 30 seconds left.\n|\n|t:|1682228716\n|-terastallize|p1b: Iron Moth|Grass\n|-terastallize|p2a: Dozo|Water\n|move|p2a: Dozo|Jet Punch|p1b: Iron Moth\n|-resisted|p1b: Iron Moth\n|-damage|p1b: Iron Moth|75\/100\n|move|p1b: Iron Moth|Heat Wave|p2b: Mimi|[spread] p2b\n|-miss|p1b: Iron Moth|p2a: Dozo\n|-damage|p2b: Mimi|0 fnt\n|faint|p2b: Mimi\n|-end|p2b: Mimi|Protosynthesis|[silent]\n|move|p1a: Wo-Chien|Giga Drain|p2a: Dozo\n|-supereffective|p2a: Dozo\n|-damage|p2a: Dozo|48\/100\n|\n|upkeep\n|\n|t:|1682228732\n|switch|p2b: Dnite|Dragapult, L50, M|100\/100\n|turn|5\n|\n|t:|1682228749\n|move|p2a: Dozo|Protect|p2a: Dozo\n|-singleturn|p2a: Dozo|Protect\n|move|p2b: Dnite|U-turn|p1b: Iron Moth\n|-supereffective|p1b: Iron Moth\n|-damage|p1b: Iron Moth|19\/100\n|\n|t:|1682228755\n|switch|p2b: WoChien|Amoonguss, L50, F|100\/100|[from] U-turn\n|move|p1b: Iron Moth|Energy Ball|p2a: Dozo\n|-activate|p2a: Dozo|move: Protect\n|move|p1a: Wo-Chien|Leech Seed|p2b: WoChien\n|-immune|p2b: WoChien\n|\n|upkeep\n|turn|6\n|\n|t:|1682228777\n|move|p2a: Dozo|Jet Punch|p1b: Iron Moth\n|-resisted|p1b: Iron Moth\n|-damage|p1b: Iron Moth|0 fnt\n|faint|p1b: Iron Moth\n|-end|p1b: Iron Moth|Quark Drive|[silent]\n|move|p1a: Wo-Chien|Pollen Puff|p1: Iron Moth|[notarget]\n|-fail|p1a: Wo-Chien\n|move|p2b: WoChien|Pollen Puff|p2a: Dozo\n|-heal|p2a: Dozo|98\/100\n|\n|upkeep\n|\n|t:|1682228787\n|switch|p1b: Quaquaval|Quaquaval, L50, M, shiny|100\/100\n|turn|7\n|\n|t:|1682228797\n|move|p2a: Dozo|Protect|p2a: Dozo\n|-singleturn|p2a: Dozo|Protect\n|move|p1b: Quaquaval|Brave Bird|p2b: WoChien\n|-supereffective|p2b: WoChien\n|-damage|p2b: WoChien|40\/100\n|-enditem|p2b: WoChien|Sitrus Berry|[eat]\n|-heal|p2b: WoChien|65\/100|[from] item: Sitrus Berry\n|-damage|p1b: Quaquaval|73\/100|[from] Recoil\n|move|p1a: Wo-Chien|Giga Drain|p2a: Dozo\n|-activate|p2a: Dozo|move: Protect\n|move|p2b: WoChien|Spore|p1b: Quaquaval\n|-activate|p1b: Quaquaval|move: Electric Terrain\n|\n|upkeep\n|turn|8\n|\n|t:|1682228819\n|move|p2b: WoChien|Protect|p2b: WoChien\n|-singleturn|p2b: WoChien|Protect\n|move|p1b: Quaquaval|Brave Bird|p2b: WoChien\n|-activate|p2b: WoChien|move: Protect\n|move|p2a: Dozo|Close Combat|p1b: Quaquaval\n|-damage|p1b: Quaquaval|23\/100\n|-unboost|p2a: Dozo|def|1\n|-unboost|p2a: Dozo|spd|1\n|move|p1a: Wo-Chien|Giga Drain|p2a: Dozo\n|-supereffective|p2a: Dozo\n|-damage|p2a: Dozo|26\/100\n|\n|-fieldend|move: Electric Terrain\n|upkeep\n|turn|9\n|\n|t:|1682228843\n|switch|p2b: Dnite|Dragapult, L50, M|100\/100\n|move|p2a: Dozo|Jet Punch|p1b: Quaquaval\n|-resisted|p1b: Quaquaval\n|-damage|p1b: Quaquaval|0 fnt\n|faint|p1b: Quaquaval\n|move|p1a: Wo-Chien|Pollen Puff|p1: Quaquaval|[notarget]\n|-fail|p1a: Wo-Chien\n|\n|upkeep\n|turn|10\n|-message|mr. jake fist forfeited.\n|\n|win|Nijiatw\n|raw|mr. jake fist's rating: 1036 → 1025<\/strong> (-11 for losing)\n|raw|Nijiatw's rating: 1127 → 1146<\/strong> (+19 for winning)\n|l|\u2606mr. jake fist\n","uploadtime":1682228860,"views":18,"p1id":"mrjakefist","p2id":"nijiatw","formatid":"gen9vgc2023regulationc","rating":1025,"private":0,"password":""}