{"id":"gen9vgc2023regulationc-1855453061","p1":"jeffman323","p2":"Pyte 17","format":"[Gen 9] VGC 2023 Regulation C","log":"|j|\u2606jeffman323\n|j|\u2606Pyte 17\n|t:|1682952826\n|gametype|doubles\n|player|p1|jeffman323|steven|1484\n|player|p2|Pyte 17|1|1472\n|teamsize|p1|6\n|teamsize|p2|6\n|gen|9\n|tier|[Gen 9] VGC 2023 Regulation C\n|rated|\n|rule|Species Clause: Limit one of each Pok\u00e9mon\n|rule|Item Clause: Limit one of each item\n|clearpoke\n|poke|p1|Hatterene, L50, F|\n|poke|p1|Azumarill, L50, M|\n|poke|p1|Brute Bonnet, L50|\n|poke|p1|Kingambit, L50, M|\n|poke|p1|Iron Hands, L50|\n|poke|p1|Stantler, L50, M|\n|poke|p2|Talonflame, L50, F|\n|poke|p2|Corviknight, L50, M|\n|poke|p2|Azumarill, L50, F|\n|poke|p2|Iron Hands, L50|\n|poke|p2|Scream Tail, L50|\n|poke|p2|Amoonguss, L50, M|\n|teampreview|4\njeffman323 has agreed to open team sheets.\nPyte 17 rejected open team sheets.\n|\n|t:|1682952867\n|start\n|switch|p1a: Iron Hands|Iron Hands, L50|100\/100\n|switch|p1b: Stantler|Stantler, L50, M|100\/100\n|switch|p2a: Corviknight|Corviknight, L50, M|100\/100\n|switch|p2b: Azumarill|Azumarill, L50, F|100\/100\n|-ability|p1b: Stantler|Intimidate|boost\n|-ability|p2a: Corviknight|Mirror Armor\n|-unboost|p1b: Stantler|atk|1\n|-unboost|p2b: Azumarill|atk|1\n|turn|1\n|\n|t:|1682952900\n|-terastallize|p2b: Azumarill|Water\n|move|p2a: Corviknight|Brave Bird|p1b: Stantler\n|-damage|p1b: Stantler|49\/100\n|-damage|p2a: Corviknight|85\/100|[from] Recoil\n|move|p2b: Azumarill|Liquidation|p1b: Stantler\n|-damage|p1b: Stantler|2\/100\n|move|p1a: Iron Hands|Thunder Punch|p2a: Corviknight\n|-supereffective|p2a: Corviknight\n|-damage|p2a: Corviknight|2\/100\n|-enditem|p2a: Corviknight|Sitrus Berry|[eat]\n|-heal|p2a: Corviknight|27\/100|[from] item: Sitrus Berry\n|move|p1b: Stantler|Trick Room|p1b: Stantler\n|-fieldstart|move: Trick Room|[of] p1b: Stantler\n|\n|upkeep\n|turn|2\n|\n|t:|1682952927\n|move|p2a: Corviknight|Protect|p2a: Corviknight\n|-singleturn|p2a: Corviknight|Protect\n|move|p2b: Azumarill|Aqua Jet|p1b: Stantler\n|-damage|p1b: Stantler|0 fnt\n|faint|p1b: Stantler\n|move|p1a: Iron Hands|Thunder Punch|p2b: Azumarill\n|-supereffective|p2b: Azumarill\n|-damage|p2b: Azumarill|15\/100\n|\n|upkeep\n|\n|t:|1682952934\n|switch|p1b: Azumarill|Azumarill, L50, M|100\/100\n|turn|3\n|\n|t:|1682952951\n|move|p1b: Azumarill|Liquidation|p2a: Corviknight\n|-damage|p2a: Corviknight|0 fnt\n|faint|p2a: Corviknight\n|move|p1a: Iron Hands|Thunder Punch|p2b: Azumarill\n|-supereffective|p2b: Azumarill\n|-damage|p2b: Azumarill|0 fnt\n|faint|p2b: Azumarill\n|\n|upkeep\n|\n|t:|1682952956\n|switch|p2b: Iron Hands|Iron Hands, L50|100\/100\n|switch|p2a: Scream Tail|Scream Tail, L50|100\/100\n|-enditem|p2a: Scream Tail|Booster Energy\n|-activate|p2a: Scream Tail|ability: Protosynthesis|[fromitem]\n|-start|p2a: Scream Tail|protosynthesisspe\n|turn|4\n|\n|t:|1682952977\n|move|p1b: Azumarill|Protect|p1b: Azumarill\n|-singleturn|p1b: Azumarill|Protect\n|move|p1a: Iron Hands|Earthquake|p2a: Scream Tail|[spread] p2a,p2b\n|-activate|p1b: Azumarill|move: Protect\n|-supereffective|p2b: Iron Hands\n|-damage|p2a: Scream Tail|78\/100\n|-damage|p2b: Iron Hands|65\/100\n|move|p2b: Iron Hands|Swords Dance|p2b: Iron Hands\n|-boost|p2b: Iron Hands|atk|2\n|move|p2a: Scream Tail|Dazzling Gleam|p1a: Iron Hands|[spread] p1a\n|-activate|p1b: Azumarill|move: Protect\n|-supereffective|p1a: Iron Hands\n|-damage|p1a: Iron Hands|80\/100\n|\n|upkeep\n|turn|5\n|\n|t:|1682952999\n|move|p2b: Iron Hands|Protect|p2b: Iron Hands\n|-singleturn|p2b: Iron Hands|Protect\n|move|p2a: Scream Tail|Protect|p2a: Scream Tail\n|-singleturn|p2a: Scream Tail|Protect\n|move|p1b: Azumarill|Play Rough|p2b: Iron Hands\n|-activate|p2b: Iron Hands|move: Protect\n|move|p1a: Iron Hands|Drain Punch|p2b: Iron Hands\n|-activate|p2b: Iron Hands|move: Protect\n|\n|-fieldend|move: Trick Room\n|upkeep\n|turn|6\n|\n|t:|1682953021\n|move|p2a: Scream Tail|Disable|p1b: Azumarill\n|-start|p1b: Azumarill|Disable|Play Rough\n|move|p2b: Iron Hands|Drain Punch|p1a: Iron Hands\n|-damage|p1a: Iron Hands|25\/100\n|-heal|p2b: Iron Hands|94\/100|[from] drain|[of] p1a: Iron Hands\n|cant|p1b: Azumarill|Disable|Play Rough\n|move|p1a: Iron Hands|Drain Punch|p2b: Iron Hands\n|-damage|p2b: Iron Hands|67\/100\n|-heal|p1a: Iron Hands|38\/100|[from] drain|[of] p2b: Iron Hands\n|\n|upkeep\n|turn|7\n|\n|t:|1682953037\n|-terastallize|p1b: Azumarill|Water\n|move|p2a: Scream Tail|Encore|p1b: Azumarill\n|-start|p1b: Azumarill|Encore\n|move|p2b: Iron Hands|Drain Punch|p1a: Iron Hands\n|-crit|p1a: Iron Hands\n|-damage|p1a: Iron Hands|0 fnt\n|-heal|p2b: Iron Hands|87\/100|[from] drain|[of] p1a: Iron Hands\n|faint|p1a: Iron Hands\n|-end|p1a: Iron Hands|Quark Drive|[silent]\n|cant|p1b: Azumarill|Disable|Play Rough\n|\n|upkeep\n|\n|t:|1682953042\n|switch|p1a: Hatterene|Hatterene, L50, F|100\/100\n|turn|8\n|\n|t:|1682953058\n|move|p2a: Scream Tail|Dazzling Gleam|p1b: Azumarill|[spread] p1a,p1b\n|-damage|p1a: Hatterene|84\/100\n|-damage|p1b: Azumarill|84\/100\n|move|p2b: Iron Hands|Wild Charge|p1a: Hatterene\n|-damage|p1a: Hatterene|0 fnt\n|faint|p1a: Hatterene\n|-damage|p2b: Iron Hands|74\/100|[from] Recoil\n|-activate|p1b: Azumarill|move: Struggle\n|move|p1b: Azumarill|Struggle|p2a: Scream Tail\n|-damage|p2a: Scream Tail|59\/100\n|-damage|p1b: Azumarill|59\/100|[from] recoil\n|\n|upkeep\n|turn|9\n|-message|jeffman323 forfeited.\n|\n|win|Pyte 17\n|raw|jeffman323's rating: 1484 → 1463<\/strong> (-21 for losing)\n|raw|Pyte 17's rating: 1472 → 1493<\/strong> (+21 for winning)\n","uploadtime":1682953069,"views":16,"p1id":"jeffman323","p2id":"pyte17","formatid":"gen9vgc2023regulationc","rating":1463,"private":0,"password":""}