{"id":"gen9vgc2023regulationc-1864210463","p1":"Elcyms","p2":"The actual burner","format":"[Gen 9] VGC 2023 Regulation C","log":"|j|\u2606Elcyms\n|j|\u2606The actual burner\n|t:|1684137354\n|gametype|doubles\n|player|p1|Elcyms|cynthia|1381\n|player|p2|The actual burner|silver|1350\n|teamsize|p1|6\n|teamsize|p2|6\n|gen|9\n|tier|[Gen 9] VGC 2023 Regulation C\n|rated|\n|rule|Species Clause: Limit one of each Pok\u00e9mon\n|rule|Item Clause: Limit one of each item\n|clearpoke\n|poke|p1|Azumarill, L50, M|\n|poke|p1|Baxcalibur, L50, M|\n|poke|p1|Chi-Yu, L50|\n|poke|p1|Brute Bonnet, L50|\n|poke|p1|Roaring Moon, L50|\n|poke|p1|Farigiraf, L50, F|\n|poke|p2|Dragonite, L50, F|\n|poke|p2|Chien-Pao, L50|\n|poke|p2|Bronzong, L50|\n|poke|p2|Ting-Lu, L50|\n|poke|p2|Flutter Mane, L50|\n|poke|p2|Palafin, L50, M|\n|teampreview|4\n|\n|t:|1684137425\n|start\n|switch|p1a: Mr the Missile|Roaring Moon, L50|100\/100\n|switch|p1b: Brute Bonnet|Brute Bonnet, L50|100\/100\n|switch|p2a: Flutter Mane|Flutter Mane, L50|100\/100\n|switch|p2b: Bronzong|Bronzong, L50|100\/100\n|-enditem|p1a: Mr the Missile|Booster Energy\n|-activate|p1a: Mr the Missile|ability: Protosynthesis|[fromitem]\n|-start|p1a: Mr the Missile|protosynthesisspe\n|turn|1\n|\n|t:|1684137445\n|-end|p1a: Mr the Missile|Protosynthesis|[silent]\n|switch|p1a: Farigiraf|Farigiraf, L50, F|100\/100\n|-terastallize|p1b: Brute Bonnet|Poison\n|move|p2a: Flutter Mane|Dazzling Gleam|p1a: Farigiraf|[spread] p1a,p1b\n|-resisted|p1b: Brute Bonnet\n|-damage|p1a: Farigiraf|55\/100\n|-damage|p1b: Brute Bonnet|76\/100\n|move|p1b: Brute Bonnet|Spore|p2b: Bronzong\n|-status|p2b: Bronzong|slp|[from] move: Spore\n|cant|p2b: Bronzong|slp\n|\n|upkeep\n|turn|2\n|\n|t:|1684137476\n|-end|p2a: Flutter Mane|Protosynthesis|[silent]\n|switch|p2a: Dragonite|Dragonite, L50, F|100\/100\n|move|p1b: Brute Bonnet|Protect|p1b: Brute Bonnet\n|-singleturn|p1b: Brute Bonnet|Protect\n|cant|p2b: Bronzong|slp\n|move|p1a: Farigiraf|Trick Room|p1a: Farigiraf\n|-fieldstart|move: Trick Room|[of] p1a: Farigiraf\n|\n|upkeep\n|turn|3\n|\n|t:|1684137489\n|-curestatus|p2b: Bronzong|slp|[msg]\n|move|p2b: Bronzong|Safeguard|p2b: Bronzong\n|-sidestart|p2: The actual burner|Safeguard\n|move|p1a: Farigiraf|Hyper Voice|p2b: Bronzong|[spread] p2a,p2b\n|-resisted|p2b: Bronzong\n|-damage|p2a: Dragonite|75\/100\n|-damage|p2b: Bronzong|90\/100\n|-enditem|p1a: Farigiraf|Throat Spray\n|-boost|p1a: Farigiraf|spa|1|[from] item: Throat Spray\n|move|p1b: Brute Bonnet|Spore|p2a: Dragonite\n|-activate|p2a: Dragonite|move: Safeguard\n|move|p2a: Dragonite|Outrage|p1a: Farigiraf\n|-damage|p1a: Farigiraf|0 fnt\n|faint|p1a: Farigiraf\n|\n|upkeep\n|\n|t:|1684137508\n|switch|p1a: Baxcalibur|Baxcalibur, L50, M|100\/100\n|turn|4\n|\n|t:|1684137532\n|move|p2b: Bronzong|Helping Hand|p2a: Dragonite\n|-singleturn|p2a: Dragonite|Helping Hand|[of] p2b: Bronzong\n|move|p1b: Brute Bonnet|Sucker Punch||[still]\n|-fail|p1b: Brute Bonnet\n|move|p1a: Baxcalibur|Ice Shard|p2a: Dragonite\n|-supereffective|p2a: Dragonite\n|-damage|p2a: Dragonite|0 fnt\n|faint|p2a: Dragonite\n|-damage|p1a: Baxcalibur|91\/100|[from] item: Life Orb\n|\n|upkeep\n|\n|t:|1684137540\n|switch|p2a: Ting-Lu|Ting-Lu, L50|100\/100\n|-ability|p2a: Ting-Lu|Vessel of Ruin\n|turn|5\n|\n|t:|1684137556\n|-terastallize|p2a: Ting-Lu|Ground\n|move|p1a: Baxcalibur|Protect|p1a: Baxcalibur\n|-singleturn|p1a: Baxcalibur|Protect\n|move|p2b: Bronzong|Gyro Ball|p1a: Baxcalibur\n|-activate|p1a: Baxcalibur|move: Protect\n|move|p2a: Ting-Lu|Earthquake|p1a: Baxcalibur|[spread] p1b\n|-activate|p1a: Baxcalibur|move: Protect\n|-immune|p2b: Bronzong|[from] ability: Levitate\n|-supereffective|p1b: Brute Bonnet\n|-damage|p1b: Brute Bonnet|0 fnt\n|faint|p1b: Brute Bonnet\n|-end|p1b: Brute Bonnet|Protosynthesis|[silent]\n|\n|upkeep\n|\n|t:|1684137569\n|switch|p1b: Mr the Missile|Roaring Moon, L50|100\/100\n|turn|6\n|\n|t:|1684137592\n|move|p1a: Baxcalibur|Protect||[still]\n|-fail|p1a: Baxcalibur\n|move|p2b: Bronzong|Gyro Ball|p1a: Baxcalibur\n|-supereffective|p1a: Baxcalibur\n|-damage|p1a: Baxcalibur|27\/100\n|move|p2a: Ting-Lu|Earthquake|p1a: Baxcalibur|[spread] p1a,p1b\n|-immune|p2b: Bronzong|[from] ability: Levitate\n|-damage|p1a: Baxcalibur|0 fnt\n|-damage|p1b: Mr the Missile|0 fnt\n|faint|p1a: Baxcalibur\n|faint|p1b: Mr the Missile\n|-end|p1b: Mr the Missile|Protosynthesis|[silent]\n|\n|win|The actual burner\n|raw|Elcyms's rating: 1381 → 1359<\/strong> (-22 for losing)\n|raw|The actual burner's rating: 1350 → 1372<\/strong> (+22 for winning)\n|l|\u2606Elcyms\n|c|\u2606The actual burner|Gg\n","uploadtime":1684137621,"views":10,"p1id":"elcyms","p2id":"theactualburner","formatid":"gen9vgc2023regulationc","rating":1359,"private":0,"password":""}