{"id":"gen9vgc2023regulationc-1856839218","p1":"Jscoot12","p2":"eltigroso","format":"[Gen 9] VGC 2023 Regulation C","log":"|j|\u2606Jscoot12\n|j|\u2606eltigroso\n|t:|1683118040\n|gametype|doubles\n|player|p1|Jscoot12|169|1327\n|player|p2|eltigroso|blue|1242\n|teamsize|p1|6\n|teamsize|p2|6\n|gen|9\n|tier|[Gen 9] VGC 2023 Regulation C\n|rated|\n|rule|Species Clause: Limit one of each Pok\u00e9mon\n|rule|Item Clause: Limit one of each item\n|clearpoke\n|poke|p1|Orthworm, L50, F|\n|poke|p1|Dragonite, L50, M|\n|poke|p1|Flutter Mane, L50|\n|poke|p1|Chi-Yu, L50|\n|poke|p1|Baxcalibur, L50, F|\n|poke|p1|Gyarados, L50, M|\n|poke|p2|Annihilape, L50, F|\n|poke|p2|Indeedee-F, L50, F|\n|poke|p2|Armarouge, L50, F|\n|poke|p2|Torkoal, L50, F|\n|poke|p2|Flutter Mane, L50|\n|poke|p2|Chi-Yu, L50|\n|teampreview|4\n|inactive|Battle timer is ON: inactive players will automatically lose when time's up. (requested by eltigroso)\neltigroso rejected open team sheets.\n|inactive|Jscoot12 has 60 seconds left.\n|\n|t:|1683118084\n|start\n|switch|p1a: Flutter Mane|Flutter Mane, L50|100\/100\n|switch|p1b: Chi-Yu|Chi-Yu, L50|100\/100\n|switch|p2a: Annihilape|Annihilape, L50, F|100\/100\n|switch|p2b: Armarouge|Armarouge, L50, F|100\/100\n|-ability|p1b: Chi-Yu|Beads of Ruin\n|turn|1\n|inactive|eltigroso has 30 seconds left.\n|inactive|eltigroso has 20 seconds left.\n|\n|t:|1683118123\n|-terastallize|p1b: Chi-Yu|Grass\n|move|p2b: Armarouge|Protect|p2b: Armarouge\n|-singleturn|p2b: Armarouge|Protect\n|move|p2a: Annihilape|Close Combat|p1b: Chi-Yu\n|-damage|p1b: Chi-Yu|33\/100\n|-unboost|p2a: Annihilape|def|1\n|-unboost|p2a: Annihilape|spd|1\n|move|p1a: Flutter Mane|Shadow Ball|p2b: Armarouge\n|-activate|p2b: Armarouge|move: Protect\n|move|p1b: Chi-Yu|Dark Pulse|p2b: Armarouge\n|-activate|p2b: Armarouge|move: Protect\n|\n|upkeep\n|turn|2\n|inactive|Jscoot12 has 30 seconds left.\n|inactive|eltigroso has 30 seconds left.\n|\n|t:|1683118157\n|switch|p2a: Indeedee|Indeedee-F, L50, F|100\/100\n|-fieldstart|move: Psychic Terrain|[from] ability: Psychic Surge|[of] p2a: Indeedee\n|-enditem|p2a: Indeedee|Psychic Seed\n|-boost|p2a: Indeedee|spd|1|[from] item: Psychic Seed\n|switch|p2b: Flutter Mane|Flutter Mane, L50|100\/100\n|move|p1b: Chi-Yu|Protect|p1b: Chi-Yu\n|-singleturn|p1b: Chi-Yu|Protect\n|move|p1a: Flutter Mane|Shadow Ball|p2a: Indeedee\n|-immune|p2a: Indeedee\n|\n|upkeep\n|turn|3\n|inactive|eltigroso has 30 seconds left.\n|\n|t:|1683118184\n|move|p2b: Flutter Mane|Protect|p2b: Flutter Mane\n|-singleturn|p2b: Flutter Mane|Protect\n|move|p1a: Flutter Mane|Shadow Ball|p2b: Flutter Mane\n|-activate|p2b: Flutter Mane|move: Protect\n|move|p1b: Chi-Yu|Dark Pulse|p2a: Indeedee\n|-supereffective|p2a: Indeedee\n|-damage|p2a: Indeedee|2\/100\n|-damage|p1b: Chi-Yu|23\/100|[from] item: Life Orb\n|move|p2a: Indeedee|Psyshock|p1b: Chi-Yu\n|-damage|p1b: Chi-Yu|0 fnt\n|faint|p1b: Chi-Yu\n|\n|upkeep\n|\n|t:|1683118202\n|switch|p1b: Orthworm|Orthworm, L50, F|100\/100\n|turn|4\n|\n|t:|1683118216\n|-end|p1a: Flutter Mane|Protosynthesis|[silent]\n|switch|p1a: Dragonite|Dragonite, L50, M|100\/100\n|move|p2a: Indeedee|Follow Me|p2a: Indeedee\n|-singleturn|p2a: Indeedee|move: Follow Me\n|move|p2b: Flutter Mane|Shadow Ball|p1a: Dragonite\n|-damage|p1a: Dragonite|75\/100\n|-damage|p2b: Flutter Mane|91\/100|[from] item: Life Orb\n|move|p1b: Orthworm|Heavy Slam|p2a: Indeedee\n|-damage|p2a: Indeedee|0 fnt\n|faint|p2a: Indeedee\n|\n|-heal|p1a: Dragonite|81\/100|[from] item: Leftovers\n|upkeep\n|\n|t:|1683118234\n|switch|p2a: Annihilape|Annihilape, L50, F|100\/100\n|turn|5\n|\n|t:|1683118249\n|move|p2a: Annihilape|Close Combat|p1b: Orthworm\n|-supereffective|p1b: Orthworm\n|-damage|p1b: Orthworm|33\/100\n|-unboost|p2a: Annihilape|def|1\n|-unboost|p2a: Annihilape|spd|1\n|-enditem|p1b: Orthworm|Sitrus Berry|[eat]\n|-heal|p1b: Orthworm|58\/100|[from] item: Sitrus Berry\n|move|p2b: Flutter Mane|Dazzling Gleam|p1b: Orthworm|[spread] p1a,p1b\n|-supereffective|p1a: Dragonite\n|-resisted|p1b: Orthworm\n|-damage|p1a: Dragonite|0 fnt\n|-damage|p1b: Orthworm|31\/100\n|faint|p1a: Dragonite\n|-damage|p2b: Flutter Mane|81\/100|[from] item: Life Orb\n|move|p1b: Orthworm|Shed Tail|p1b: Orthworm\n|-fail|p1b: Orthworm|move: Shed Tail|[weak]\n|\n|upkeep\n|\n|t:|1683118267\n|switch|p1a: Flutter Mane|Flutter Mane, L50|100\/100\n|turn|6\n|inactive|eltigroso has 30 seconds left.\n|inactive|eltigroso has 20 seconds left.\n|\n|t:|1683118303\n|-terastallize|p2b: Flutter Mane|Ghost\n|move|p2a: Annihilape|Close Combat|p1b: Orthworm\n|-supereffective|p1b: Orthworm\n|-damage|p1b: Orthworm|0 fnt\n|-unboost|p2a: Annihilape|def|1\n|-unboost|p2a: Annihilape|spd|1\n|faint|p1b: Orthworm\n|move|p1a: Flutter Mane|Dazzling Gleam|p2a: Annihilape|[spread] p2a,p2b\n|-supereffective|p2a: Annihilape\n|-damage|p2a: Annihilape|0 fnt\n|-damage|p2b: Flutter Mane|45\/100\n|faint|p2a: Annihilape\n|move|p2b: Flutter Mane|Shadow Ball|p1a: Flutter Mane\n|-supereffective|p1a: Flutter Mane\n|-damage|p1a: Flutter Mane|0 fnt\n|faint|p1a: Flutter Mane\n|-end|p1a: Flutter Mane|Protosynthesis|[silent]\n|-damage|p2b: Flutter Mane|35\/100|[from] item: Life Orb\n|\n|win|eltigroso\n|raw|Jscoot12's rating: 1327 → 1302<\/strong> (-25 for losing)\n|raw|eltigroso's rating: 1242 → 1273<\/strong> (+31 for winning)\n|l|\u2606eltigroso\n","uploadtime":1683118335,"views":10,"p1id":"jscoot12","p2id":"eltigroso","formatid":"gen9vgc2023regulationc","rating":1273,"private":0,"password":""}