{"id":"gen9vgc2023regulationc-1854818430","p1":"Heaven64","p2":"poppinphresh","format":"[Gen 9] VGC 2023 Regulation C","log":"|j|\u2606Heaven64\n|j|\u2606poppinphresh\n|t:|1682869670\n|gametype|doubles\n|player|p1|Heaven64|leaf-masters|\n|player|p2|poppinphresh|preschooler|\n|teamsize|p1|6\n|teamsize|p2|6\n|gen|9\n|tier|[Gen 9] VGC 2023 Regulation C\n|rule|Species Clause: Limit one of each Pok\u00e9mon\n|rule|Item Clause: Limit one of each item\n|clearpoke\n|poke|p1|Iron Jugulis, L50|\n|poke|p1|Klefki, L50, F|\n|poke|p1|Iron Thorns, L50|\n|poke|p1|Pelipper, L50, F|\n|poke|p1|Cryogonal, L50|\n|poke|p1|Muk, L50, M|\n|poke|p2|Farigiraf, L50, M|\n|poke|p2|Gastrodon, L50, F|\n|poke|p2|Wo-Chien, L50|\n|poke|p2|Glimmora, L50, F|\n|poke|p2|Grimmsnarl, L50, M|\n|poke|p2|Rotom-Fan, L50|\n|teampreview|4\n|c|\u2606Heaven64|g2\nHeaven64 rejected open team sheets.\n|c|\u2606poppinphresh|glhf!\n|\n|t:|1682870412\n|start\n|switch|p1a: Soylent|Muk, L50, M, shiny|100\/100\n|switch|p1b: Umbrella|Pelipper, L50, F|100\/100\n|switch|p2a: Psycho Helmet|Farigiraf, L50, M|100\/100\n|switch|p2b: The Unshaven|Gastrodon, L50, F|100\/100\n|-weather|RainDance|[from] ability: Drizzle|[of] p1b: Umbrella\n|turn|1\n|\n|t:|1682870514\n|move|p1b: Umbrella|Hurricane|p2a: Psycho Helmet\n|-damage|p2a: Psycho Helmet|68\/100\n|move|p2a: Psycho Helmet|Psychic Fangs|p1a: Soylent\n|-supereffective|p1a: Soylent\n|-damage|p1a: Soylent|42\/100\n|move|p1a: Soylent|Gunk Shot|p2a: Psycho Helmet\n|-damage|p2a: Psycho Helmet|19\/100\n|-enditem|p2a: Psycho Helmet|Sitrus Berry|[eat]\n|-heal|p2a: Psycho Helmet|44\/100|[from] item: Sitrus Berry\n|move|p2b: The Unshaven|Hydro Pump|p1a: Soylent\n|-crit|p1a: Soylent\n|-damage|p1a: Soylent|0 fnt\n|faint|p1a: Soylent\n|\n|-weather|RainDance|[upkeep]\n|upkeep\n|\n|t:|1682870570\n|switch|p1a: Shinra|Iron Thorns, L50|100\/100\n|turn|2\n|\n|t:|1682870639\n|switch|p2b: Schr\u00f6dinger|Grimmsnarl, L50, M|100\/100\n|-terastallize|p1a: Shinra|Bug\n|move|p2a: Psycho Helmet|Protect|p2a: Psycho Helmet\n|-singleturn|p2a: Psycho Helmet|Protect\n|move|p1a: Shinra|Earthquake|p2b: Schr\u00f6dinger|[spread] p2b\n|-activate|p2a: Psycho Helmet|move: Protect\n|-immune|p1b: Umbrella\n|-damage|p2b: Schr\u00f6dinger|69\/100\n|move|p1b: Umbrella|Hurricane|p2a: Psycho Helmet\n|-activate|p2a: Psycho Helmet|move: Protect\n|\n|-weather|RainDance|[upkeep]\n|-activate|p2a: Psycho Helmet|ability: Cud Chew\n|-enditem|p2a: Psycho Helmet|Sitrus Berry|[eat]\n|-heal|p2a: Psycho Helmet|68\/100|[from] item: Sitrus Berry\n|upkeep\n|turn|3\n|\n|t:|1682870799\n|move|p2b: Schr\u00f6dinger|Fake Out|p1a: Shinra\n|-damage|p1a: Shinra|93\/100\n|cant|p1a: Shinra|flinch\n|move|p1b: Umbrella|Hurricane|p2a: Psycho Helmet\n|-damage|p2a: Psycho Helmet|31\/100\n|move|p2a: Psycho Helmet|Trick Room|p2a: Psycho Helmet\n|-fieldstart|move: Trick Room|[of] p2a: Psycho Helmet\n|\n|-weather|RainDance|[upkeep]\n|upkeep\n|turn|4\n|\n|t:|1682870852\n|move|p2b: Schr\u00f6dinger|Light Screen|p2b: Schr\u00f6dinger\n|-sidestart|p2: poppinphresh|move: Light Screen\n|move|p2a: Psycho Helmet|Psychic Fangs|p1a: Shinra\n|-damage|p1a: Shinra|71\/100\n|move|p1b: Umbrella|Hurricane|p2a: Psycho Helmet\n|-damage|p2a: Psycho Helmet|5\/100\n|move|p1a: Shinra|Pin Missile|p2a: Psycho Helmet\n|-supereffective|p2a: Psycho Helmet\n|-damage|p2a: Psycho Helmet|0 fnt\n|faint|p2a: Psycho Helmet\n|-hitcount|p2: Psycho Helmet|1\n|\n|-weather|RainDance|[upkeep]\n|upkeep\n|\n|t:|1682870883\n|switch|p2a: The Unshaven|Gastrodon, L50, F|100\/100\n|turn|5\n|\n|t:|1682870974\n|switch|p2b: Sneed|Wo-Chien, L50|100\/100\n|-ability|p2b: Sneed|Tablets of Ruin\n|move|p1a: Shinra|Protect|p1a: Shinra\n|-singleturn|p1a: Shinra|Protect\n|move|p2a: The Unshaven|Hydro Pump|p1a: Shinra\n|-activate|p1a: Shinra|move: Protect\n|move|p1b: Umbrella|Hurricane|p2a: The Unshaven\n|-damage|p2a: The Unshaven|74\/100\n|\n|-weather|none\n|upkeep\n|turn|6\n|\n|t:|1682871080\n|-end|p1a: Shinra|Quark Drive|[silent]\n|switch|p1a: Black Mesa|Iron Jugulis, L50|100\/100\n|-enditem|p1a: Black Mesa|Booster Energy\n|-activate|p1a: Black Mesa|ability: Quark Drive|[fromitem]\n|-start|p1a: Black Mesa|quarkdrivespa\n|-terastallize|p2b: Sneed|Steel\n|move|p2a: The Unshaven|Protect|p2a: The Unshaven\n|-singleturn|p2a: The Unshaven|Protect\n|move|p2b: Sneed|Leech Seed|p1a: Black Mesa|[miss]\n|-miss|p2b: Sneed|p1a: Black Mesa\n|move|p1b: Umbrella|Hurricane|p2b: Sneed\n|-resisted|p2b: Sneed\n|-damage|p2b: Sneed|93\/100\n|\n|-heal|p2b: Sneed|99\/100|[from] item: Leftovers\n|upkeep\n|turn|7\n|\n|t:|1682871141\n|move|p1a: Black Mesa|Protect|p1a: Black Mesa\n|-singleturn|p1a: Black Mesa|Protect\n|move|p2a: The Unshaven|Ice Beam|p1b: Umbrella\n|-damage|p1b: Umbrella|68\/100\n|-status|p1b: Umbrella|frz\n|move|p2b: Sneed|Leech Seed|p1b: Umbrella\n|-start|p1b: Umbrella|move: Leech Seed\n|cant|p1b: Umbrella|frz\n|\n|-heal|p2b: Sneed|100\/100|[from] item: Leftovers\n|-damage|p1b: Umbrella|56\/100 frz|[from] Leech Seed|[of] p2b: Sneed\n|-fieldend|move: Trick Room\n|upkeep\n|turn|8\n|c|\u2606poppinphresh|omg\n|c|\u2606Heaven64|:c\n|c|\u2606poppinphresh|im sorry pelipper :(\n|c|\u2606poppinphresh|how does pelipper not get 1 confuse on hurricane and i get a freeze with ice beam lol\n|c|\u2606poppinphresh|this game dude\n|c|\u2606Heaven64|yea :c\n|\n|t:|1682871278\n|move|p1a: Black Mesa|Dark Pulse|p2a: The Unshaven\n|-damage|p2a: The Unshaven|40\/100\n|-curestatus|p1b: Umbrella|frz|[msg]\n|move|p1b: Umbrella|Hurricane|p2a: The Unshaven|[miss]\n|-miss|p1b: Umbrella|p2a: The Unshaven\n|move|p2b: Sneed|Pollen Puff|p2a: The Unshaven\n|-heal|p2a: The Unshaven|90\/100\n|move|p2a: The Unshaven|Ice Beam|p1a: Black Mesa\n|-supereffective|p1a: Black Mesa\n|-damage|p1a: Black Mesa|26\/100\n|\n|-damage|p1b: Umbrella|44\/100|[from] Leech Seed|[of] p2b: Sneed\n|upkeep\n|turn|9\n|c|\u2606poppinphresh|BIG THAW\n|c|\u2606Heaven64|nah you can't do him like that\n|\n|t:|1682871343\n|move|p1a: Black Mesa|Dark Pulse|p2a: The Unshaven\n|-damage|p2a: The Unshaven|54\/100\n|move|p1b: Umbrella|Hurricane|p2a: The Unshaven\n|-damage|p2a: The Unshaven|25\/100\n|move|p2b: Sneed|Pollen Puff|p2a: The Unshaven\n|-heal|p2a: The Unshaven|75\/100\n|move|p2a: The Unshaven|Ice Beam|p1a: Black Mesa\n|-supereffective|p1a: Black Mesa\n|-damage|p1a: Black Mesa|0 fnt\n|faint|p1a: Black Mesa\n|-end|p1a: Black Mesa|Quark Drive|[silent]\n|\n|-damage|p1b: Umbrella|32\/100|[from] Leech Seed|[of] p2b: Sneed\n|upkeep\n|\n|t:|1682871357\n|switch|p1a: Shinra|Iron Thorns, L50, tera:Bug|71\/100\n|turn|10\n|\n|t:|1682871380\n|switch|p2a: Schr\u00f6dinger|Grimmsnarl, L50, M|69\/100\n|move|p1a: Shinra|Earthquake|p2b: Sneed|[spread] p2a,p2b\n|-immune|p1b: Umbrella\n|-supereffective|p2b: Sneed\n|-damage|p2a: Schr\u00f6dinger|45\/100\n|-damage|p2b: Sneed|65\/100\n|move|p1b: Umbrella|Hurricane|p2a: Schr\u00f6dinger\n|-damage|p2a: Schr\u00f6dinger|14\/100\n|-start|p2a: Schr\u00f6dinger|confusion\n|move|p2b: Sneed|Leech Seed|p1a: Shinra|[miss]\n|-miss|p2b: Sneed|p1a: Shinra\n|\n|-heal|p2b: Sneed|71\/100|[from] item: Leftovers\n|-damage|p1b: Umbrella|20\/100|[from] Leech Seed|[of] p2b: Sneed\n|-heal|p2b: Sneed|82\/100|[silent]\n|upkeep\n|turn|11\n|c|\u2606Heaven64|now maybe\n|c|\u2606poppinphresh|ooh spooky\n|\n|t:|1682871415\n|move|p2b: Sneed|Protect|p2b: Sneed\n|-singleturn|p2b: Sneed|Protect\n|-activate|p2a: Schr\u00f6dinger|confusion\n|-damage|p2a: Schr\u00f6dinger|4\/100|[from] confusion\n|move|p1a: Shinra|Earthquake|p2b: Sneed|[spread] p2a\n|-activate|p2b: Sneed|move: Protect\n|-immune|p1b: Umbrella\n|-damage|p2a: Schr\u00f6dinger|0 fnt\n|faint|p2a: Schr\u00f6dinger\n|move|p1b: Umbrella|Hurricane|p2b: Sneed\n|-activate|p2b: Sneed|move: Protect\n|\n|-heal|p2b: Sneed|88\/100|[from] item: Leftovers\n|-damage|p1b: Umbrella|8\/100|[from] Leech Seed|[of] p2b: Sneed\n|-heal|p2b: Sneed|98\/100|[silent]\n|-sideend|p2: poppinphresh|move: Light Screen\n|upkeep\n|c|\u2606Heaven64|woohoo\n|\n|t:|1682871427\n|switch|p2a: The Unshaven|Gastrodon, L50, F|75\/100\n|turn|12\n|\n|t:|1682871448\n|move|p2a: The Unshaven|Protect|p2a: The Unshaven\n|-singleturn|p2a: The Unshaven|Protect\n|move|p1a: Shinra|Pin Missile|p2a: The Unshaven\n|-activate|p2a: The Unshaven|move: Protect\n|move|p1b: Umbrella|Hurricane|p2a: The Unshaven\n|-activate|p2a: The Unshaven|move: Protect\n|move|p2b: Sneed|Leech Seed|p1a: Shinra\n|-start|p1a: Shinra|move: Leech Seed\n|\n|-heal|p2b: Sneed|100\/100|[from] item: Leftovers\n|-damage|p1a: Shinra|58\/100|[from] Leech Seed|[of] p2b: Sneed\n|-damage|p1b: Umbrella|0 fnt|[from] Leech Seed|[of] p2b: Sneed\n|faint|p1b: Umbrella\n|upkeep\n|turn|13\n|\n|t:|1682871485\n|move|p2b: Sneed|Protect|p2b: Sneed\n|-singleturn|p2b: Sneed|Protect\n|move|p1a: Shinra|Pin Missile|p2a: The Unshaven\n|-damage|p2a: The Unshaven|63\/100\n|-damage|p2a: The Unshaven|50\/100\n|-damage|p2a: The Unshaven|37\/100\n|-damage|p2a: The Unshaven|26\/100\n|-damage|p2a: The Unshaven|13\/100\n|-hitcount|p2a: The Unshaven|5\n|move|p2a: The Unshaven|Hydro Pump|p1a: Shinra\n|-damage|p1a: Shinra|5\/100\n|\n|-damage|p1a: Shinra|0 fnt|[from] Leech Seed|[of] p2b: Sneed\n|faint|p1a: Shinra\n|-end|p1a: Shinra|Quark Drive|[silent]\n|\n|win|poppinphresh\n|upkeep\n|c|\u2606poppinphresh|gg!\n|c|\u2606Heaven64|gg\n","uploadtime":1682871546,"views":16,"p1id":"heaven64","p2id":"poppinphresh","formatid":"gen9vgc2023regulationc","rating":0,"private":0,"password":""}