{"id":"gen9vgc2023regulationc-1848310237","p1":"Kalifebo","p2":"BetoArvizu93","format":"[Gen 9] VGC 2023 Regulation C","log":"|j|\u2606Kalifebo\n|j|\u2606BetoArvizu93\n|t:|1682058120\n|gametype|doubles\n|player|p1|Kalifebo|janitor|1137\n|player|p2|BetoArvizu93|pokemonbreederf-gen4|1047\n|teamsize|p1|6\n|teamsize|p2|6\n|gen|9\n|tier|[Gen 9] VGC 2023 Regulation C\n|rated|\n|rule|Species Clause: Limit one of each Pok\u00e9mon\n|rule|Item Clause: Limit one of each item\n|clearpoke\n|poke|p1|Drednaw, L50, F|\n|poke|p1|Raichu, L50, F|\n|poke|p1|Pelipper, L50, F|\n|poke|p1|Dondozo, L50, F|\n|poke|p1|Tatsugiri-Stretchy, L50, M|\n|poke|p1|Scizor, L50, M|\n|poke|p2|Clodsire, L50, F|\n|poke|p2|Amoonguss, L50, F|\n|poke|p2|Flutter Mane, L50|\n|poke|p2|Talonflame, L50, M|\n|poke|p2|Garchomp, L50, F|\n|poke|p2|Iron Bundle, L50|\n|teampreview|4\n|inactive|Battle timer is ON: inactive players will automatically lose when time's up. (requested by Kalifebo)\n|inactive|BetoArvizu93 has 60 seconds left.\n|\n|t:|1682058151\n|start\n|switch|p1a: Dondozo|Dondozo, L50, F|100\/100\n|switch|p1b: Pelipper|Pelipper, L50, F|100\/100\n|switch|p2a: Clodsire|Clodsire, L50, F|100\/100\n|switch|p2b: Amoonguss|Amoonguss, L50, F|100\/100\n|-weather|RainDance|[from] ability: Drizzle|[of] p1b: Pelipper\n|turn|1\n|\n|t:|1682058175\n|-terastallize|p2a: Clodsire|Flying\n|move|p1b: Pelipper|Icy Wind|p2a: Clodsire|[spread] p2a,p2b\n|-supereffective|p2a: Clodsire\n|-supereffective|p2b: Amoonguss\n|-damage|p2a: Clodsire|85\/100\n|-damage|p2b: Amoonguss|82\/100\n|-unboost|p2a: Clodsire|spe|1\n|-unboost|p2b: Amoonguss|spe|1\n|move|p1a: Dondozo|Surf|p2a: Clodsire|[spread] p1b,p2b\n|-heal|p2a: Clodsire|100\/100|[from] ability: Water Absorb|[of] p1a: Dondozo\n|-resisted|p1b: Pelipper\n|-resisted|p2b: Amoonguss\n|-damage|p1b: Pelipper|53\/100\n|-damage|p2b: Amoonguss|61\/100\n|move|p2a: Clodsire|Curse|p2a: Clodsire\n|-unboost|p2a: Clodsire|spe|1\n|-boost|p2a: Clodsire|atk|1\n|-boost|p2a: Clodsire|def|1\n|move|p2b: Amoonguss|Spore|p1a: Dondozo\n|-status|p1a: Dondozo|slp|[from] move: Spore\n|\n|-weather|RainDance|[upkeep]\n|upkeep\n|turn|2\n|\n|t:|1682058199\n|switch|p1a: Tatsugiri|Tatsugiri-Stretchy, L50, M|100\/100\n|move|p1b: Pelipper|Icy Wind|p2a: Clodsire|[spread] p2a,p2b\n|-supereffective|p2a: Clodsire\n|-supereffective|p2b: Amoonguss\n|-damage|p2a: Clodsire|85\/100\n|-damage|p2b: Amoonguss|43\/100\n|-unboost|p2a: Clodsire|spe|1\n|-unboost|p2b: Amoonguss|spe|1\n|-enditem|p2b: Amoonguss|Sitrus Berry|[eat]\n|-heal|p2b: Amoonguss|68\/100|[from] item: Sitrus Berry\n|move|p2b: Amoonguss|Spore|p1b: Pelipper\n|-status|p1b: Pelipper|slp|[from] move: Spore\n|move|p2a: Clodsire|Curse|p2a: Clodsire\n|-unboost|p2a: Clodsire|spe|1\n|-boost|p2a: Clodsire|atk|1\n|-boost|p2a: Clodsire|def|1\n|\n|-weather|RainDance|[upkeep]\n|-heal|p2a: Clodsire|91\/100|[from] item: Leftovers\n|upkeep\n|turn|3\n|inactive|BetoArvizu93 has 30 seconds left.\n|\n|t:|1682058226\n|move|p2b: Amoonguss|Protect|p2b: Amoonguss\n|-singleturn|p2b: Amoonguss|Protect\n|cant|p1b: Pelipper|slp\n|move|p1a: Tatsugiri|Icy Wind|p2a: Clodsire|[spread] p2a\n|-activate|p2b: Amoonguss|move: Protect\n|-supereffective|p2a: Clodsire\n|-damage|p2a: Clodsire|70\/100\n|-unboost|p2a: Clodsire|spe|1\n|move|p2a: Clodsire|Poison Jab|p1b: Pelipper\n|-damage|p1b: Pelipper|0 fnt\n|faint|p1b: Pelipper\n|\n|-weather|RainDance|[upkeep]\n|-heal|p2a: Clodsire|76\/100|[from] item: Leftovers\n|upkeep\n|\n|t:|1682058231\n|switch|p1b: Scizor|Scizor, L50, M|100\/100\n|turn|4\n|\n|t:|1682058248\n|move|p1a: Tatsugiri|Draco Meteor|p2a: Clodsire\n|-damage|p2a: Clodsire|34\/100\n|-unboost|p1a: Tatsugiri|spa|2\n|-enditem|p1a: Tatsugiri|White Herb\n|-clearnegativeboost|p1a: Tatsugiri|[silent]\n|move|p1b: Scizor|Aerial Ace|p2b: Amoonguss\n|-supereffective|p2b: Amoonguss\n|-damage|p2b: Amoonguss|0 fnt\n|faint|p2b: Amoonguss\n|move|p2a: Clodsire|Stomping Tantrum|p1b: Scizor\n|-damage|p1b: Scizor|28\/100\n|\n|-weather|RainDance|[upkeep]\n|-heal|p2a: Clodsire|40\/100|[from] item: Leftovers\n|upkeep\n|\n|t:|1682058262\n|switch|p2b: Iron Bundle|Iron Bundle, L50|100\/100\n|-enditem|p2b: Iron Bundle|Booster Energy\n|-activate|p2b: Iron Bundle|ability: Quark Drive|[fromitem]\n|-start|p2b: Iron Bundle|quarkdrivespe\n|turn|5\n|\n|t:|1682058274\n|move|p1a: Tatsugiri|Protect|p1a: Tatsugiri\n|-singleturn|p1a: Tatsugiri|Protect\n|move|p2b: Iron Bundle|Hydro Pump|p2a: Clodsire\n|-heal|p2a: Clodsire|65\/100|[from] ability: Water Absorb|[of] p2b: Iron Bundle\n|move|p1b: Scizor|Aerial Ace|p2a: Clodsire\n|-damage|p2a: Clodsire|34\/100\n|move|p2a: Clodsire|Stomping Tantrum|p1b: Scizor\n|-damage|p1b: Scizor|0 fnt\n|faint|p1b: Scizor\n|\n|-weather|none\n|-heal|p2a: Clodsire|40\/100|[from] item: Leftovers\n|upkeep\n|\n|t:|1682058283\n|switch|p1b: Dondozo|Dondozo, L50, F|100\/100 slp\n|-activate|p1a: Tatsugiri|ability: Commander|[of] p1b: Dondozo\n|-boost|p1b: Dondozo|atk|2\n|-boost|p1b: Dondozo|spa|2\n|-boost|p1b: Dondozo|spe|2\n|-boost|p1b: Dondozo|def|2\n|-boost|p1b: Dondozo|spd|2\n|turn|6\n|\n|t:|1682058296\n|move|p2b: Iron Bundle|Freeze-Dry|p1b: Dondozo\n|-supereffective|p1b: Dondozo\n|-damage|p1b: Dondozo|60\/100 slp\n|cant|p1b: Dondozo|slp\n|move|p2a: Clodsire|Poison Jab|p1b: Dondozo\n|-damage|p1b: Dondozo|49\/100 slp\n|\n|-heal|p2a: Clodsire|46\/100|[from] item: Leftovers\n|upkeep\n|turn|7\n|\n|t:|1682058312\n|move|p2b: Iron Bundle|Hydro Pump|p2a: Clodsire\n|-heal|p2a: Clodsire|71\/100|[from] ability: Water Absorb|[of] p2b: Iron Bundle\n|-curestatus|p1b: Dondozo|slp|[msg]\n|move|p1b: Dondozo|Order Up|p2b: Iron Bundle\n|-damage|p2b: Iron Bundle|57\/100\n|-boost|p1b: Dondozo|spe|1\n|move|p2a: Clodsire|Stomping Tantrum|p1b: Dondozo\n|-damage|p1b: Dondozo|40\/100\n|\n|-heal|p2a: Clodsire|77\/100|[from] item: Leftovers\n|upkeep\n|turn|8\n|\n|t:|1682058327\n|move|p2b: Iron Bundle|Freeze-Dry|p1b: Dondozo\n|-supereffective|p1b: Dondozo\n|-damage|p1b: Dondozo|1\/100\n|move|p1b: Dondozo|Order Up|p2b: Iron Bundle\n|-damage|p2b: Iron Bundle|14\/100\n|-boost|p1b: Dondozo|spe|1\n|move|p2a: Clodsire|Poison Jab|p1b: Dondozo\n|-damage|p1b: Dondozo|0 fnt\n|faint|p1b: Dondozo\n|\n|-heal|p2a: Clodsire|83\/100|[from] item: Leftovers\n|upkeep\n|turn|9\n|\n|t:|1682058343\n|move|p2b: Iron Bundle|Freeze-Dry|p1a: Tatsugiri\n|-supereffective|p1a: Tatsugiri\n|-damage|p1a: Tatsugiri|0 fnt\n|faint|p1a: Tatsugiri\n|\n|win|BetoArvizu93\n|raw|Kalifebo's rating: 1137 → 1106<\/strong> (-31 for losing)\n|raw|BetoArvizu93's rating: 1047 → 1088<\/strong> (+41 for winning)\n|l|\u2606Kalifebo\n|c|\u2606BetoArvizu93|ggs\n","uploadtime":1682058353,"views":7,"p1id":"kalifebo","p2id":"betoarvizu93","formatid":"gen9vgc2023regulationc","rating":1088,"private":0,"password":""}