{"id":"gen9vgc2023regulationc-1861525913","p1":"Pasterovgc","p2":"sspark","format":"[Gen 9] VGC 2023 Regulation C","log":"|j|\u2606Pasterovgc\n|j|\u2606sspark\n|t:|1683768791\n|gametype|doubles\n|player|p1|Pasterovgc|benga|1593\n|player|p2|sspark|102|1580\n|teamsize|p1|6\n|teamsize|p2|6\n|gen|9\n|tier|[Gen 9] VGC 2023 Regulation C\n|rated|\n|rule|Species Clause: Limit one of each Pok\u00e9mon\n|rule|Item Clause: Limit one of each item\n|clearpoke\n|poke|p1|Glimmora, L50, M|\n|poke|p1|Dragonite, L50, M|\n|poke|p1|Dondozo, L50, M|\n|poke|p1|Tatsugiri, L50, F|\n|poke|p1|Chi-Yu, L50|\n|poke|p1|Iron Bundle, L50|\n|poke|p2|Flutter Mane, L50|\n|poke|p2|Chi-Yu, L50|\n|poke|p2|Iron Bundle, L50|\n|poke|p2|Maushold, L50|\n|poke|p2|Great Tusk, L50|\n|poke|p2|Gyarados, L50, F|\n|teampreview|4\n|inactive|Battle timer is ON: inactive players will automatically lose when time's up. (requested by Pasterovgc)\n|inactive|sspark has 60 seconds left.\n|\n|t:|1683768860\n|start\n|switch|p1a: Glimmora|Glimmora, L50, M|100\/100\n|switch|p1b: Dondozo|Dondozo, L50, M|100\/100\n|switch|p2a: Iron Bundle|Iron Bundle, L50|100\/100\n|switch|p2b: Flutter Mane|Flutter Mane, L50|100\/100\n|-enditem|p2b: Flutter Mane|Booster Energy\n|-activate|p2b: Flutter Mane|ability: Protosynthesis|[fromitem]\n|-start|p2b: Flutter Mane|protosynthesisspe\n|turn|1\n|\n|t:|1683768878\n|-terastallize|p1a: Glimmora|Grass\n|move|p2b: Flutter Mane|Protect|p2b: Flutter Mane\n|-singleturn|p2b: Flutter Mane|Protect\n|move|p2a: Iron Bundle|Protect|p2a: Iron Bundle\n|-singleturn|p2a: Iron Bundle|Protect\n|move|p1b: Dondozo|Protect|p1b: Dondozo\n|-singleturn|p1b: Dondozo|Protect\n|move|p1a: Glimmora|Mortal Spin|p2b: Flutter Mane|[spread] \n|-activate|p2a: Iron Bundle|move: Protect\n|-activate|p2b: Flutter Mane|move: Protect\n|\n|upkeep\n|turn|2\n|inactive|sspark has 30 seconds left.\n|inactive|sspark has 20 seconds left.\n|inactive|sspark has 15 seconds left.\n|inactive|sspark has 10 seconds left.\n|inactive|sspark has 5 seconds left.\n|\n|t:|1683768929\n|switch|p1a: Tatsugiri|Tatsugiri, L50, F|100\/100\n|-activate|p1a: Tatsugiri|ability: Commander|[of] p1b: Dondozo\n|-boost|p1b: Dondozo|atk|2\n|-boost|p1b: Dondozo|spa|2\n|-boost|p1b: Dondozo|spe|2\n|-boost|p1b: Dondozo|def|2\n|-boost|p1b: Dondozo|spd|2\n|move|p2b: Flutter Mane|Shadow Ball|p1b: Dondozo\n|-damage|p1b: Dondozo|84\/100\n|move|p2a: Iron Bundle|Freeze-Dry|p1b: Dondozo\n|-supereffective|p1b: Dondozo\n|-damage|p1b: Dondozo|54\/100\n|move|p1b: Dondozo|Earthquake|p2a: Iron Bundle|[spread] p2a,p2b\n|-miss|p1b: Dondozo|p1a: Tatsugiri\n|-damage|p2a: Iron Bundle|49\/100\n|-damage|p2b: Flutter Mane|33\/100\n|\n|-heal|p1b: Dondozo|60\/100|[from] item: Leftovers\n|upkeep\n|turn|3\n|inactive|sspark has 30 seconds left.\n|j| ronnoldo\n|inactive|sspark has 20 seconds left.\n|inactive|sspark has 15 seconds left.\n|\n|t:|1683768971\n|move|p2b: Flutter Mane|Protect|p2b: Flutter Mane\n|-singleturn|p2b: Flutter Mane|Protect\n|move|p1b: Dondozo|Protect|p1b: Dondozo\n|-singleturn|p1b: Dondozo|Protect\n|move|p2a: Iron Bundle|Freeze-Dry|p1b: Dondozo\n|-activate|p1b: Dondozo|move: Protect\n|\n|-heal|p1b: Dondozo|66\/100|[from] item: Leftovers\n|upkeep\n|turn|4\n|inactive|sspark has 30 seconds left.\n|\n|t:|1683768997\n|move|p2b: Flutter Mane|Shadow Ball|p1b: Dondozo\n|-damage|p1b: Dondozo|48\/100\n|move|p2a: Iron Bundle|Freeze-Dry|p1b: Dondozo\n|-supereffective|p1b: Dondozo\n|-damage|p1b: Dondozo|18\/100\n|move|p1b: Dondozo|Earthquake|p2a: Iron Bundle|[spread] p2a,p2b\n|-miss|p1b: Dondozo|p1a: Tatsugiri\n|-damage|p2a: Iron Bundle|2\/100\n|-damage|p2b: Flutter Mane|0 fnt\n|faint|p2b: Flutter Mane\n|-end|p2b: Flutter Mane|Protosynthesis|[silent]\n|\n|-heal|p1b: Dondozo|24\/100|[from] item: Leftovers\n|upkeep\n|j| SuperSecretTeam\n|\n|t:|1683769013\n|switch|p2b: Maushold|Maushold, L50|100\/100\n|turn|5\n|l| ronnoldo\n|\n|t:|1683769028\n|move|p1b: Dondozo|Protect|p1b: Dondozo\n|-singleturn|p1b: Dondozo|Protect\n|move|p2a: Iron Bundle|Freeze-Dry|p1b: Dondozo\n|-activate|p1b: Dondozo|move: Protect\n|move|p2b: Maushold|Thunder Wave|p1b: Dondozo\n|-activate|p1b: Dondozo|move: Protect\n|\n|-heal|p1b: Dondozo|30\/100|[from] item: Leftovers\n|upkeep\n|turn|6\n|\n|t:|1683769044\n|move|p2a: Iron Bundle|Freeze-Dry|p1b: Dondozo\n|-supereffective|p1b: Dondozo\n|-damage|p1b: Dondozo|0 fnt\n|faint|p1b: Dondozo\n|move|p2b: Maushold|Thunder Wave|p1a: Tatsugiri\n|-status|p1a: Tatsugiri|par\n|\n|upkeep\n|\n|t:|1683769061\n|switch|p1b: Glimmora|Glimmora, L50, M, tera:Grass|100\/100\n|turn|7\n|inactive|sspark has 30 seconds left.\n|inactive|sspark has 20 seconds left.\n|inactive|sspark has 15 seconds left.\n|\n|t:|1683769101\n|move|p2a: Iron Bundle|Freeze-Dry|p1a: Tatsugiri\n|-supereffective|p1a: Tatsugiri\n|-damage|p1a: Tatsugiri|0 fnt\n|faint|p1a: Tatsugiri\n|move|p2b: Maushold|Thunder Wave|p1b: Glimmora\n|-status|p1b: Glimmora|par\n|move|p1b: Glimmora|Mortal Spin|p2a: Iron Bundle|[spread] p2a,p2b\n|-damage|p2a: Iron Bundle|0 fnt\n|-damage|p2b: Maushold|95\/100\n|-status|p2b: Maushold|psn\n|faint|p2a: Iron Bundle\n|-end|p2a: Iron Bundle|Quark Drive|[silent]\n|\n|-damage|p2b: Maushold|83\/100 psn|[from] psn\n|upkeep\n|\n|t:|1683769114\n|switch|p2a: Chi-Yu|Chi-Yu, L50|100\/100\n|switch|p1a: Iron Bundle|Iron Bundle, L50|100\/100\n|-ability|p2a: Chi-Yu|Beads of Ruin\n|-enditem|p1a: Iron Bundle|Booster Energy\n|-activate|p1a: Iron Bundle|ability: Quark Drive|[fromitem]\n|-start|p1a: Iron Bundle|quarkdrivespe\n|turn|8\n|inactive|Pasterovgc has 30 seconds left.\n|\n|t:|1683769144\n|move|p1a: Iron Bundle|Protect|p1a: Iron Bundle\n|-singleturn|p1a: Iron Bundle|Protect\n|move|p2a: Chi-Yu|Protect|p2a: Chi-Yu\n|-singleturn|p2a: Chi-Yu|Protect\n|move|p2b: Maushold|Thunder Wave|p1a: Iron Bundle\n|-activate|p1a: Iron Bundle|move: Protect\n|move|p1b: Glimmora|Power Gem|p2a: Chi-Yu\n|-activate|p2a: Chi-Yu|move: Protect\n|\n|-damage|p2b: Maushold|71\/100 psn|[from] psn\n|upkeep\n|turn|9\n|inactive|sspark has 30 seconds left.\n|inactive|sspark has 20 seconds left.\n|\n|t:|1683769184\n|-terastallize|p2a: Chi-Yu|Grass\n|move|p1a: Iron Bundle|Icy Wind|p2b: Maushold|[spread] p2a,p2b\n|-supereffective|p2a: Chi-Yu\n|-damage|p2a: Chi-Yu|66\/100\n|-damage|p2b: Maushold|39\/100 psn\n|-unboost|p2a: Chi-Yu|spe|1\n|-unboost|p2b: Maushold|spe|1\n|move|p2a: Chi-Yu|Heat Wave|p1a: Iron Bundle|[spread] p1a,p1b\n|-supereffective|p1b: Glimmora\n|-damage|p1a: Iron Bundle|0 fnt\n|-damage|p1b: Glimmora|9\/100 par\n|faint|p1a: Iron Bundle\n|-end|p1a: Iron Bundle|Quark Drive|[silent]\n|-damage|p2a: Chi-Yu|57\/100|[from] item: Life Orb\n|move|p2b: Maushold|Thunder Wave|p1b: Glimmora\n|-fail|p1b: Glimmora|par\n|move|p1b: Glimmora|Power Gem|p2a: Chi-Yu\n|-crit|p2a: Chi-Yu\n|-damage|p2a: Chi-Yu|19\/100\n|\n|-damage|p2b: Maushold|27\/100 psn|[from] psn\n|upkeep\n|turn|10\n|-message|Pasterovgc forfeited.\n|\n|win|sspark\n|raw|Pasterovgc's rating: 1593 → 1572<\/strong> (-21 for losing)\n|raw|sspark's rating: 1580 → 1601<\/strong> (+21 for winning)\n|l|\u2606Pasterovgc\n","uploadtime":1683769341,"views":17,"p1id":"pasterovgc","p2id":"sspark","formatid":"gen9vgc2023regulationc","rating":1572,"private":0,"password":""}