{"id":"gen9vgc2023regulationc-1861435587","p1":"wackomarko","p2":"Cecil9","format":"[Gen 9] VGC 2023 Regulation C","log":"|j|\u2606wackomarko\n|j|\u2606Cecil9\n|t:|1683757584\n|gametype|doubles\n|player|p1|wackomarko|hiker-gen4|1030\n|player|p2|Cecil9|1|1120\n|teamsize|p1|6\n|teamsize|p2|6\n|gen|9\n|tier|[Gen 9] VGC 2023 Regulation C\n|rated|\n|rule|Species Clause: Limit one of each Pok\u00e9mon\n|rule|Item Clause: Limit one of each item\n|clearpoke\n|poke|p1|Talonflame, L50, F|\n|poke|p1|Amoonguss, L50, M|\n|poke|p1|Flutter Mane, L50|\n|poke|p1|Chien-Pao, L50|\n|poke|p1|Gyarados, L50, F|\n|poke|p1|Dragapult, L50, F|\n|poke|p2|Flutter Mane, L50|\n|poke|p2|Chien-Pao, L50|\n|poke|p2|Great Tusk, L50|\n|poke|p2|Kingambit, L50, M|\n|poke|p2|Torkoal, L50, F|\n|poke|p2|Jumpluff, L50, F|\n|teampreview|4\nwackomarko has agreed to open team sheets.\n|inactive|Battle timer is ON: inactive players will automatically lose when time's up. (requested by Cecil9)\n|\n|t:|1683757630\n|start\n|switch|p1a: Talonflame|Talonflame, L50, F, shiny|100\/100\n|switch|p1b: Gyarados|Gyarados, L50, F, shiny|100\/100\n|switch|p2a: Flutter Mane|Flutter Mane, L50|100\/100\n|switch|p2b: Kingambit|Kingambit, L50, M|100\/100\n|-ability|p1b: Gyarados|Intimidate|boost\n|-unboost|p2a: Flutter Mane|atk|1\n|-unboost|p2b: Kingambit|atk|1\n|-ability|p2b: Kingambit|Defiant|boost\n|-boost|p2b: Kingambit|atk|2\n|turn|1\n|\n|t:|1683757654\n|-terastallize|p2b: Kingambit|Fire\n|move|p1a: Talonflame|Tailwind|p1a: Talonflame\n|-sidestart|p1: wackomarko|move: Tailwind\n|move|p1b: Gyarados|Dragon Dance|p1b: Gyarados\n|-boost|p1b: Gyarados|atk|1\n|-boost|p1b: Gyarados|spe|1\n|move|p2a: Flutter Mane|Thunderbolt|p1b: Gyarados\n|-supereffective|p1b: Gyarados\n|-damage|p1b: Gyarados|0 fnt\n|faint|p1b: Gyarados\n|move|p2b: Kingambit|Kowtow Cleave|p1a: Talonflame\n|-damage|p1a: Talonflame|5\/100\n|\n|upkeep\n|inactive|wackomarko has 30 seconds left.\n|\n|t:|1683757682\n|switch|p1b: Dragapult|Dragapult, L50, F, shiny|100\/100\n|turn|2\n|inactive|wackomarko has 30 seconds left.\n|\n|t:|1683757714\n|switch|p1a: Chien-Pao|Chien-Pao, L50|100\/100\n|-ability|p1a: Chien-Pao|Sword of Ruin\n|-end|p2a: Flutter Mane|Protosynthesis|[silent]\n|switch|p2a: Jumpluff|Jumpluff, L50, F|100\/100\n|move|p1b: Dragapult|Sucker Punch||[still]\n|-fail|p1b: Dragapult\n|move|p2b: Kingambit|Sucker Punch||[still]\n|-fail|p2b: Kingambit\n|\n|upkeep\n|turn|3\n|inactive|wackomarko has 30 seconds left.\n|inactive|Cecil9 has 30 seconds left.\n|inactive|wackomarko has 20 seconds left.\n|inactive|Cecil9 has 20 seconds left.\n|inactive|Cecil9 has 15 seconds left.\n|\n|t:|1683757755\n|switch|p1b: Talonflame|Talonflame, L50, F, shiny|5\/100\n|switch|p2b: Torkoal|Torkoal, L50, F|100\/100\n|-weather|SunnyDay|[from] ability: Drought|[of] p2b: Torkoal\n|move|p1a: Chien-Pao|Ice Spinner|p2a: Jumpluff\n|-supereffective|p2a: Jumpluff\n|-damage|p2a: Jumpluff|0 fnt\n|faint|p2a: Jumpluff\n|\n|-weather|SunnyDay|[upkeep]\n|upkeep\n|\n|t:|1683757765\n|switch|p2a: Kingambit|Kingambit, L50, M, tera:Fire|100\/100\n|turn|4\n|\n|t:|1683757777\n|move|p1a: Chien-Pao|Sucker Punch|p2a: Kingambit\n|-damage|p2a: Kingambit|63\/100\n|move|p1b: Talonflame|Brave Bird|p2a: Kingambit\n|-damage|p2a: Kingambit|26\/100\n|-damage|p1b: Talonflame|0 fnt|[from] Recoil\n|faint|p1b: Talonflame\n|move|p2a: Kingambit|Kowtow Cleave|p1a: Chien-Pao\n|-resisted|p1a: Chien-Pao\n|-damage|p1a: Chien-Pao|65\/100\n|move|p2b: Torkoal|Overheat|p1a: Chien-Pao|[miss]\n|-miss|p2b: Torkoal|p1a: Chien-Pao\n|\n|-weather|SunnyDay|[upkeep]\n|-sideend|p1: wackomarko|move: Tailwind\n|upkeep\n|\n|t:|1683757789\n|switch|p1b: Dragapult|Dragapult, L50, F, shiny|100\/100\n|turn|5\n|\n|t:|1683757802\n|move|p1b: Dragapult|Sucker Punch|p2b: Torkoal\n|-damage|p2b: Torkoal|68\/100\n|move|p1a: Chien-Pao|Sucker Punch|p2a: Kingambit\n|-damage|p2a: Kingambit|0 fnt\n|faint|p2a: Kingambit\n|move|p2b: Torkoal|Overheat|p1a: Chien-Pao\n|-supereffective|p1a: Chien-Pao\n|-damage|p1a: Chien-Pao|0 fnt\n|-unboost|p2b: Torkoal|spa|2\n|-enditem|p2b: Torkoal|Eject Pack\n|faint|p1a: Chien-Pao\n|\n|t:|1683757810\n|switch|p2b: Flutter Mane|Flutter Mane, L50|100\/100\n|-activate|p2b: Flutter Mane|ability: Protosynthesis\n|-start|p2b: Flutter Mane|protosynthesisspe\n|\n|-weather|SunnyDay|[upkeep]\n|upkeep\n|\n|t:|1683757813\n|switch|p2a: Torkoal|Torkoal, L50, F|68\/100\n|turn|6\n|\n|t:|1683757821\n|move|p1b: Dragapult|Sucker Punch|p2b: Flutter Mane\n|-damage|p2b: Flutter Mane|27\/100\n|move|p2b: Flutter Mane|Moonblast|p1b: Dragapult\n|-supereffective|p1b: Dragapult\n|-damage|p1b: Dragapult|0 fnt\n|faint|p1b: Dragapult\n|\n|win|Cecil9\n|raw|wackomarko's rating: 1030 → 1019<\/strong> (-11 for losing)\n|raw|Cecil9's rating: 1120 → 1139<\/strong> (+19 for winning)\n|l|\u2606Cecil9\n","uploadtime":1683757829,"views":5,"p1id":"wackomarko","p2id":"cecil9","formatid":"gen9vgc2023regulationc","rating":1019,"private":0,"password":""}