{"id":"gen9vgc2023regulationc-1862891178","p1":"haydyg","p2":"BFO Ethanol","format":"[Gen 9] VGC 2023 Regulation C","log":"|j|\u2606haydyg\n|j|\u2606BFO Ethanol\n|t:|1683934501\n|gametype|doubles\n|player|p1|haydyg|eusine|\n|player|p2|BFO Ethanol|wallace|\n|teamsize|p1|6\n|teamsize|p2|6\n|gen|9\n|tier|[Gen 9] VGC 2023 Regulation C\n|rule|Species Clause: Limit one of each Pok\u00e9mon\n|rule|Item Clause: Limit one of each item\n|clearpoke\n|poke|p1|Impidimp, L5, M|\n|poke|p1|Deerling, L5, M|\n|poke|p1|Fletchling, L5, M|\n|poke|p1|Flittle, L5, F|\n|poke|p1|Goomy, L5, F|\n|poke|p1|Snorunt, L5, M|\n|poke|p2|Scyther, L5, M|\n|poke|p2|Crabrawler, L5, M|\n|poke|p2|Bonsly, L5, M|\n|poke|p2|Toedscool, L5, F|\n|poke|p2|Rolycoly, L5, M|\n|poke|p2|Nymble, L5, F|\n|teampreview|4\nhaydyg rejected open team sheets.\n|j| H0p5t3r\n|c|\u2606BFO Ethanol|glhf!\n|\n|t:|1683934579\n|start\n|switch|p1a: Flettle|Fletchling, L5, M|100\/100\n|switch|p1b: Flittling|Flittle, L5, F|100\/100\n|switch|p2a: \ud83c\udf33\ud83c\udf33Dave\ud83c\udf33\ud83c\udf33|Bonsly, L5, M|100\/100\n|switch|p2b: \ud83e\udd97\ud83e\udd97Big Jack\ud83e\udd97\ud83e\udd97|Nymble, L5, F|100\/100\n|turn|1\n|c|\u2606haydyg|gl!\n|c| H0p5t3r|>good luck\n|c| H0p5t3r|>but not have fun\n|c|\u2606haydyg|NO FUN\n|\n|t:|1683934602\n|move|p1b: Flittling|Protect|p1b: Flittling\n|-singleturn|p1b: Flittling|Protect\n|move|p2b: \ud83e\udd97\ud83e\udd97Big Jack\ud83e\udd97\ud83e\udd97|First Impression|p1b: Flittling\n|-activate|p1b: Flittling|move: Protect\n|move|p1a: Flettle|Tailwind|p1a: Flettle\n|-sidestart|p1: haydyg|move: Tailwind\n|move|p2a: \ud83c\udf33\ud83c\udf33Dave\ud83c\udf33\ud83c\udf33|Rock Slide|p1b: Flittling|[spread] p1a\n|-activate|p1b: Flittling|move: Protect\n|-supereffective|p1a: Flettle\n|-damage|p1a: Flettle|37\/100\n|\n|-ability|p1b: Flittling|Speed Boost|boost\n|-boost|p1b: Flittling|spe|1\n|upkeep\n|turn|2\n|\n|t:|1683934648\n|move|p1b: Flittling|Stored Power|p2b: \ud83e\udd97\ud83e\udd97Big Jack\ud83e\udd97\ud83e\udd97\n|-damage|p2b: \ud83e\udd97\ud83e\udd97Big Jack\ud83e\udd97\ud83e\udd97|64\/100\n|move|p1a: Flettle|Heat Wave|p2b: \ud83e\udd97\ud83e\udd97Big Jack\ud83e\udd97\ud83e\udd97|[spread] p2a,p2b\n|-resisted|p2a: \ud83c\udf33\ud83c\udf33Dave\ud83c\udf33\ud83c\udf33\n|-supereffective|p2b: \ud83e\udd97\ud83e\udd97Big Jack\ud83e\udd97\ud83e\udd97\n|-damage|p2a: \ud83c\udf33\ud83c\udf33Dave\ud83c\udf33\ud83c\udf33|86\/100\n|-damage|p2b: \ud83e\udd97\ud83e\udd97Big Jack\ud83e\udd97\ud83e\udd97|0 fnt\n|-status|p2a: \ud83c\udf33\ud83c\udf33Dave\ud83c\udf33\ud83c\udf33|brn\n|faint|p2b: \ud83e\udd97\ud83e\udd97Big Jack\ud83e\udd97\ud83e\udd97\n|move|p2a: \ud83c\udf33\ud83c\udf33Dave\ud83c\udf33\ud83c\udf33|Rock Slide|p1b: Flittling|[spread] p1a,p1b\n|-supereffective|p1a: Flettle\n|-damage|p1a: Flettle|0 fnt\n|-damage|p1b: Flittling|86\/100\n|faint|p1a: Flettle\n|\n|-damage|p2a: \ud83c\udf33\ud83c\udf33Dave\ud83c\udf33\ud83c\udf33|81\/100 brn|[from] brn\n|-ability|p1b: Flittling|Speed Boost|boost\n|-boost|p1b: Flittling|spe|1\n|upkeep\n|c|\u2606BFO Ethanol|F\n|c| H0p5t3r|the clutch burn again\n|c|\u2606haydyg|that burn, so unlucky\n|c|\u2606BFO Ethanol|these 10%s be hurting\n|\n|t:|1683934668\n|switch|p1a: Deeradimp|Deerling, L5, M, shiny|100\/100\n|switch|p2b: \u2702\ufe0f\u2702\ufe0fEdward\u2702\ufe0f\u2702\ufe0f|Scyther, L5, M|100\/100\n|turn|3\n|c| H0p5t3r|If it's 10% it's 100%\n|c| H0p5t3r|if its 90%\n|c| H0p5t3r|it's 0%\n|\n|t:|1683934693\n|move|p1b: Flittling|Protect|p1b: Flittling\n|-singleturn|p1b: Flittling|Protect\n|move|p2b: \u2702\ufe0f\u2702\ufe0fEdward\u2702\ufe0f\u2702\ufe0f|Protect|p2b: \u2702\ufe0f\u2702\ufe0fEdward\u2702\ufe0f\u2702\ufe0f\n|-singleturn|p2b: \u2702\ufe0f\u2702\ufe0fEdward\u2702\ufe0f\u2702\ufe0f|Protect\n|move|p1a: Deeradimp|Headbutt|p2b: \u2702\ufe0f\u2702\ufe0fEdward\u2702\ufe0f\u2702\ufe0f\n|-activate|p2b: \u2702\ufe0f\u2702\ufe0fEdward\u2702\ufe0f\u2702\ufe0f|move: Protect\n|move|p2a: \ud83c\udf33\ud83c\udf33Dave\ud83c\udf33\ud83c\udf33|Rock Slide|p1a: Deeradimp|[spread] \n|-activate|p1b: Flittling|move: Protect\n|-miss|p2a: \ud83c\udf33\ud83c\udf33Dave\ud83c\udf33\ud83c\udf33|p1a: Deeradimp\n|\n|-damage|p2a: \ud83c\udf33\ud83c\udf33Dave\ud83c\udf33\ud83c\udf33|77\/100 brn|[from] brn\n|-ability|p1b: Flittling|Speed Boost|boost\n|-boost|p1b: Flittling|spe|1\n|upkeep\n|turn|4\n|c| H0p5t3r|lmao\n|c|\u2606haydyg|I'm so sorry for this luck\n|c|\u2606BFO Ethanol|it happens lol\n|c|\u2606haydyg|(This is bright powder deerling)\n|c|\u2606BFO Ethanol|tbf that rock slide wasnt doing much anyway\n|c| H0p5t3r|even if that was true\n|\n|t:|1683934733\n|move|p1b: Flittling|Stored Power|p2b: \u2702\ufe0f\u2702\ufe0fEdward\u2702\ufe0f\u2702\ufe0f\n|-damage|p2b: \u2702\ufe0f\u2702\ufe0fEdward\u2702\ufe0f\u2702\ufe0f|57\/100\n|move|p1a: Deeradimp|Headbutt|p2b: \u2702\ufe0f\u2702\ufe0fEdward\u2702\ufe0f\u2702\ufe0f\n|-crit|p2b: \u2702\ufe0f\u2702\ufe0fEdward\u2702\ufe0f\u2702\ufe0f\n|-damage|p2b: \u2702\ufe0f\u2702\ufe0fEdward\u2702\ufe0f\u2702\ufe0f|0 fnt\n|faint|p2b: \u2702\ufe0f\u2702\ufe0fEdward\u2702\ufe0f\u2702\ufe0f\n|move|p2a: \ud83c\udf33\ud83c\udf33Dave\ud83c\udf33\ud83c\udf33|Rock Slide|p1b: Flittling|[spread] p1a,p1b\n|-damage|p1a: Deeradimp|84\/100\n|-damage|p1b: Flittling|72\/100\n|\n|-damage|p2a: \ud83c\udf33\ud83c\udf33Dave\ud83c\udf33\ud83c\udf33|72\/100 brn|[from] brn\n|-sideend|p1: haydyg|move: Tailwind\n|-ability|p1b: Flittling|Speed Boost|boost\n|-boost|p1b: Flittling|spe|1\n|upkeep\n|c| H0p5t3r|thats flilthy of you\n|c|\u2606BFO Ethanol|okay\n|c| H0p5t3r|oh for rEAL\n|c|\u2606BFO Ethanol|hahahahaha\n|c| H0p5t3r|for REAL\n|c|\u2606BFO Ethanol|gg\n|\n|t:|1683934748\n|switch|p2b: \ud83e\udd80\ud83e\udd80Eugene\ud83e\udd80\ud83e\udd80|Crabrawler, L5, M|100\/100\n|turn|5\n|c|\u2606haydyg|we'll see\n|c|\u2606haydyg|Oh\n|c|\u2606BFO Ethanol|no its very gg\n|c|\u2606haydyg|crab boy\n|c| H0p5t3r|Haydn who did you pay at Nintendo\n|c|\u2606BFO Ethanol|lol\n|\n|t:|1683934768\n|move|p2b: \ud83e\udd80\ud83e\udd80Eugene\ud83e\udd80\ud83e\udd80|Protect|p2b: \ud83e\udd80\ud83e\udd80Eugene\ud83e\udd80\ud83e\udd80\n|-singleturn|p2b: \ud83e\udd80\ud83e\udd80Eugene\ud83e\udd80\ud83e\udd80|Protect\n|move|p2a: \ud83c\udf33\ud83c\udf33Dave\ud83c\udf33\ud83c\udf33|Sucker Punch|p1b: Flittling\n|-supereffective|p1b: Flittling\n|-damage|p1b: Flittling|43\/100\n|move|p1b: Flittling|Stored Power|p2b: \ud83e\udd80\ud83e\udd80Eugene\ud83e\udd80\ud83e\udd80\n|-activate|p2b: \ud83e\udd80\ud83e\udd80Eugene\ud83e\udd80\ud83e\udd80|move: Protect\n|move|p1a: Deeradimp|Energy Ball|p2a: \ud83c\udf33\ud83c\udf33Dave\ud83c\udf33\ud83c\udf33\n|-supereffective|p2a: \ud83c\udf33\ud83c\udf33Dave\ud83c\udf33\ud83c\udf33\n|-damage|p2a: \ud83c\udf33\ud83c\udf33Dave\ud83c\udf33\ud83c\udf33|5\/100 brn\n|-enditem|p2a: \ud83c\udf33\ud83c\udf33Dave\ud83c\udf33\ud83c\udf33|Liechi Berry|[eat]\n|-boost|p2a: \ud83c\udf33\ud83c\udf33Dave\ud83c\udf33\ud83c\udf33|atk|1|[from] item: Liechi Berry\n|\n|-damage|p2a: \ud83c\udf33\ud83c\udf33Dave\ud83c\udf33\ud83c\udf33|0 fnt|[from] brn\n|faint|p2a: \ud83c\udf33\ud83c\udf33Dave\ud83c\udf33\ud83c\udf33\n|-ability|p1b: Flittling|Speed Boost|boost\n|-boost|p1b: Flittling|spe|1\n|upkeep\n|turn|6\n|c| H0p5t3r|We're gonna see some power that has been stored\n|c|\u2606haydyg|I paid jekabs to make flittle tier 2\n|\n|t:|1683934789\n|move|p1b: Flittling|Stored Power|p2b: \ud83e\udd80\ud83e\udd80Eugene\ud83e\udd80\ud83e\udd80\n|-supereffective|p2b: \ud83e\udd80\ud83e\udd80Eugene\ud83e\udd80\ud83e\udd80\n|-damage|p2b: \ud83e\udd80\ud83e\udd80Eugene\ud83e\udd80\ud83e\udd80|0 fnt\n|faint|p2b: \ud83e\udd80\ud83e\udd80Eugene\ud83e\udd80\ud83e\udd80\n|\n|win|haydyg\n|c|\u2606haydyg|gg!\n|c|\u2606BFO Ethanol|gg\n","uploadtime":1683934816,"views":15,"p1id":"haydyg","p2id":"bfoethanol","formatid":"gen9vgc2023regulationc","rating":0,"private":0,"password":""}