{"id":"gen9vgc2023regulationc-1863696442","p1":"amurali","p2":"Vitalis24","format":"[Gen 9] VGC 2023 Regulation C","log":"|j|\u2606amurali\n|j|\u2606Vitalis24\n|t:|1684062188\n|gametype|doubles\n|player|p1|amurali|cynthia-gen4|1386\n|player|p2|Vitalis24|ethan|1453\n|teamsize|p1|6\n|teamsize|p2|6\n|gen|9\n|tier|[Gen 9] VGC 2023 Regulation C\n|rated|\n|rule|Species Clause: Limit one of each Pok\u00e9mon\n|rule|Item Clause: Limit one of each item\n|clearpoke\n|poke|p1|Abomasnow, L50, M|\n|poke|p1|Iron Bundle, L50|\n|poke|p1|Flutter Mane, L50|\n|poke|p1|Ceruledge, L50, F|\n|poke|p1|Palafin, L50, M|\n|poke|p1|Baxcalibur, L50, F|\n|poke|p2|Iron Bundle, L50|\n|poke|p2|Indeedee-F, L50, F|\n|poke|p2|Flutter Mane, L50|\n|poke|p2|Ting-Lu, L50|\n|poke|p2|Iron Hands, L50|\n|poke|p2|Chi-Yu, L50|\n|teampreview|4\n|\n|t:|1684062239\n|start\n|switch|p1a: Abomasnow|Abomasnow, L50, M|100\/100\n|switch|p1b: Iron Bundle|Iron Bundle, L50|100\/100\n|switch|p2a: Iron Bundle|Iron Bundle, L50|100\/100\n|switch|p2b: Flutter Mane|Flutter Mane, L50|100\/100\n|-weather|Snow|[from] ability: Snow Warning|[of] p1a: Abomasnow\n|-enditem|p2a: Iron Bundle|Booster Energy\n|-activate|p2a: Iron Bundle|ability: Quark Drive|[fromitem]\n|-start|p2a: Iron Bundle|quarkdrivespe\n|-enditem|p1b: Iron Bundle|Booster Energy\n|-activate|p1b: Iron Bundle|ability: Quark Drive|[fromitem]\n|-start|p1b: Iron Bundle|quarkdrivespe\n|turn|1\n|\n|t:|1684062259\n|move|p1b: Iron Bundle|Protect|p1b: Iron Bundle\n|-singleturn|p1b: Iron Bundle|Protect\n|move|p2a: Iron Bundle|Icy Wind|p1b: Iron Bundle|[spread] p1a\n|-activate|p1b: Iron Bundle|move: Protect\n|-damage|p1a: Abomasnow|80\/100\n|-unboost|p1a: Abomasnow|spe|1\n|-enditem|p1a: Abomasnow|Eject Pack\n|\n|t:|1684062293\n|switch|p1a: Baxcalibur|Baxcalibur, L50, F|100\/100\n|move|p2b: Flutter Mane|Dazzling Gleam|p1a: Baxcalibur|[spread] p1a\n|-activate|p1b: Iron Bundle|move: Protect\n|-supereffective|p1a: Baxcalibur\n|-damage|p1a: Baxcalibur|30\/100\n|\n|-weather|Snow|[upkeep]\n|upkeep\n|turn|2\n|\n|t:|1684062313\n|move|p1a: Baxcalibur|Ice Shard|p2b: Flutter Mane\n|-damage|p2b: Flutter Mane|42\/100\n|move|p2a: Iron Bundle|Icy Wind|p1a: Baxcalibur|[spread] p1a,p1b\n|-resisted|p1b: Iron Bundle\n|-damage|p1a: Baxcalibur|16\/100\n|-damage|p1b: Iron Bundle|93\/100\n|-unboost|p1a: Baxcalibur|spe|1\n|-unboost|p1b: Iron Bundle|spe|1\n|move|p2b: Flutter Mane|Dazzling Gleam|p1b: Iron Bundle|[spread] p1a,p1b\n|-supereffective|p1a: Baxcalibur\n|-damage|p1a: Baxcalibur|0 fnt\n|-damage|p1b: Iron Bundle|28\/100\n|faint|p1a: Baxcalibur\n|move|p1b: Iron Bundle|Aurora Veil|p1b: Iron Bundle\n|-sidestart|p1: amurali|move: Aurora Veil\n|\n|-weather|Snow|[upkeep]\n|upkeep\n|\n|t:|1684062326\n|switch|p1a: Abomasnow|Abomasnow, L50, M|80\/100\n|turn|3\n|\n|t:|1684062361\n|move|p1b: Iron Bundle|Protect|p1b: Iron Bundle\n|-singleturn|p1b: Iron Bundle|Protect\n|move|p2a: Iron Bundle|Freeze-Dry|p1a: Abomasnow\n|-damage|p1a: Abomasnow|54\/100\n|move|p2b: Flutter Mane|Dazzling Gleam|p1a: Abomasnow|[spread] p1a\n|-activate|p1b: Iron Bundle|move: Protect\n|-damage|p1a: Abomasnow|21\/100\n|move|p1a: Abomasnow|Blizzard|p2b: Flutter Mane|[spread] p2a,p2b\n|-resisted|p2a: Iron Bundle\n|-damage|p2a: Iron Bundle|82\/100\n|-damage|p2b: Flutter Mane|0 fnt\n|faint|p2b: Flutter Mane\n|-end|p2b: Flutter Mane|Protosynthesis|[silent]\n|\n|-weather|Snow|[upkeep]\n|upkeep\n|\n|t:|1684062387\n|switch|p2b: Indeedee|Indeedee-F, L50, F|100\/100\n|-fieldstart|move: Psychic Terrain|[from] ability: Psychic Surge|[of] p2b: Indeedee\n|-enditem|p2b: Indeedee|Psychic Seed\n|-boost|p2b: Indeedee|spd|1|[from] item: Psychic Seed\n|turn|4\n|\n|t:|1684062413\n|move|p2a: Iron Bundle|Freeze-Dry|p1b: Iron Bundle\n|-damage|p1b: Iron Bundle|0 fnt\n|faint|p1b: Iron Bundle\n|-end|p1b: Iron Bundle|Quark Drive|[silent]\n|move|p2b: Indeedee|Psychic|p1a: Abomasnow\n|-damage|p1a: Abomasnow|0 fnt\n|faint|p1a: Abomasnow\n|\n|-weather|Snow|[upkeep]\n|upkeep\n|\n|t:|1684062422\n|switch|p1b: Flutter Mane|Flutter Mane, L50|100\/100\n|turn|5\n|\n|t:|1684062441\n|move|p2a: Iron Bundle|Hydro Pump|p1b: Flutter Mane\n|-damage|p1b: Flutter Mane|69\/100\n|move|p1b: Flutter Mane|Dazzling Gleam|p2b: Indeedee|[spread] p2a,p2b\n|-crit|p2b: Indeedee\n|-damage|p2a: Iron Bundle|4\/100\n|-damage|p2b: Indeedee|39\/100\n|move|p2b: Indeedee|Trick Room|p2b: Indeedee\n|-fieldstart|move: Trick Room|[of] p2b: Indeedee\n|\n|-weather|none\n|upkeep\n|turn|6\n|\n|t:|1684062465\n|move|p2b: Indeedee|Psychic|p1b: Flutter Mane\n|-damage|p1b: Flutter Mane|45\/100\n|move|p1b: Flutter Mane|Dazzling Gleam|p2b: Indeedee|[spread] p2a,p2b\n|-damage|p2a: Iron Bundle|0 fnt\n|-damage|p2b: Indeedee|13\/100\n|faint|p2a: Iron Bundle\n|-end|p2a: Iron Bundle|Quark Drive|[silent]\n|\n|-sideend|p1: amurali|move: Aurora Veil\n|upkeep\n|\n|t:|1684062474\n|switch|p2a: Iron Hands|Iron Hands, L50|100\/100\n|turn|7\n|\n|t:|1684062480\n|-terastallize|p2a: Iron Hands|Fire\n|move|p2a: Iron Hands|Heavy Slam|p1b: Flutter Mane\n|-supereffective|p1b: Flutter Mane\n|-damage|p1b: Flutter Mane|0 fnt\n|faint|p1b: Flutter Mane\n|-end|p1b: Flutter Mane|Protosynthesis|[silent]\n|\n|win|Vitalis24\n|raw|amurali's rating: 1386 → 1370<\/strong> (-16 for losing)\n|raw|Vitalis24's rating: 1453 → 1469<\/strong> (+16 for winning)\n","uploadtime":1684062490,"views":13,"p1id":"amurali","p2id":"vitalis24","formatid":"gen9vgc2023regulationc","rating":1370,"private":0,"password":""}