{"id":"gen9vgc2023regulationc-1854098129","p1":"JFACKE","p2":"pokemon homo","format":"[Gen 9] VGC 2023 Regulation C","log":"|j|\u2606JFACKE\n|j|\u2606pokemon homo\n|t:|1682768855\n|gametype|doubles\n|player|p1|JFACKE|ethan|\n|player|p2|pokemon homo|rosa|\n|teamsize|p1|6\n|teamsize|p2|6\n|gen|9\n|tier|[Gen 9] VGC 2023 Regulation C\n|rule|Species Clause: Limit one of each Pok\u00e9mon\n|rule|Item Clause: Limit one of each item\n|clearpoke\n|poke|p1|Dondozo, L50, M|\n|poke|p1|Tatsugiri-Droopy, L50, M|\n|poke|p1|Abomasnow, L50, M|\n|poke|p1|Iron Bundle, L50|\n|poke|p1|Chien-Pao, L50|\n|poke|p1|Flutter Mane, L50|\n|poke|p2|Chien-Pao, L50|\n|poke|p2|Dragonite, L50, F|\n|poke|p2|Ting-Lu, L50|\n|poke|p2|Gyarados, L50, F|\n|poke|p2|Flutter Mane, L50|\n|poke|p2|Amoonguss, L50, F|\n|teampreview|4\nJFACKE has agreed to open team sheets.\npokemon homo has agreed to open team sheets.\n|\n|t:|1682768966\n|start\n|switch|p1a: \u9e21\u54e5|Iron Bundle, L50, shiny|100\/100\n|switch|p1b: \u829d\u58eb\u96ea\u8c79|Chien-Pao, L50|100\/100\n|switch|p2a: Dragonite|Dragonite, L50, F|100\/100\n|switch|p2b: Ting-Lu|Ting-Lu, L50|100\/100\n|-ability|p1b: \u829d\u58eb\u96ea\u8c79|Sword of Ruin\n|-ability|p2b: Ting-Lu|Vessel of Ruin\n|-enditem|p1a: \u9e21\u54e5|Booster Energy\n|-activate|p1a: \u9e21\u54e5|ability: Quark Drive|[fromitem]\n|-start|p1a: \u9e21\u54e5|quarkdrivespe\n|turn|1\n|\n|t:|1682768994\n|switch|p2b: Chien-Pao|Chien-Pao, L50|100\/100\n|-ability|p2b: Chien-Pao|Sword of Ruin\n|-terastallize|p2a: Dragonite|Normal\n|move|p1a: \u9e21\u54e5|Protect|p1a: \u9e21\u54e5\n|-singleturn|p1a: \u9e21\u54e5|Protect\n|move|p1b: \u829d\u58eb\u96ea\u8c79|Protect|p1b: \u829d\u58eb\u96ea\u8c79\n|-singleturn|p1b: \u829d\u58eb\u96ea\u8c79|Protect\n|move|p2a: Dragonite|Extreme Speed|p1a: \u9e21\u54e5\n|-activate|p1a: \u9e21\u54e5|move: Protect\n|\n|upkeep\n|turn|2\n|\n|t:|1682769031\n|move|p2a: Dragonite|Extreme Speed|p1b: \u829d\u58eb\u96ea\u8c79\n|-damage|p1b: \u829d\u58eb\u96ea\u8c79|6\/100\n|move|p2b: Chien-Pao|Sucker Punch|p1b: \u829d\u58eb\u96ea\u8c79\n|-resisted|p1b: \u829d\u58eb\u96ea\u8c79\n|-damage|p1b: \u829d\u58eb\u96ea\u8c79|0 fnt\n|faint|p1b: \u829d\u58eb\u96ea\u8c79\n|move|p1a: \u9e21\u54e5|Icy Wind|p2b: Chien-Pao|[spread] p2a,p2b\n|-resisted|p2b: Chien-Pao\n|-damage|p2a: Dragonite|82\/100\n|-damage|p2b: Chien-Pao|85\/100\n|-unboost|p2a: Dragonite|spe|1\n|-unboost|p2b: Chien-Pao|spe|1\n|\n|upkeep\n|\n|t:|1682769042\n|switch|p1b: \u53d1\u59d0|Flutter Mane, L50, shiny|100\/100\n|turn|3\n|\n|t:|1682769065\n|switch|p2a: Ting-Lu|Ting-Lu, L50|100\/100\n|-ability|p2a: Ting-Lu|Vessel of Ruin\n|move|p1a: \u9e21\u54e5|Protect|p1a: \u9e21\u54e5\n|-singleturn|p1a: \u9e21\u54e5|Protect\n|move|p2b: Chien-Pao|Sucker Punch|p1b: \u53d1\u59d0\n|-damage|p1b: \u53d1\u59d0|20\/100\n|move|p1b: \u53d1\u59d0|Dazzling Gleam|p2a: Ting-Lu|[spread] p2a,p2b\n|-supereffective|p2a: Ting-Lu\n|-supereffective|p2b: Chien-Pao\n|-damage|p2a: Ting-Lu|69\/100\n|-damage|p2b: Chien-Pao|0 fnt\n|faint|p2b: Chien-Pao\n|-damage|p1b: \u53d1\u59d0|11\/100|[from] item: Life Orb\n|\n|upkeep\n|\n|t:|1682769089\n|switch|p2b: Dragonite|Dragonite, L50, F, tera:Normal|82\/100\n|turn|4\n|l|\u2606JFACKE\n|player|p1|\n|j|\u2606JFACKE\n|player|p1|JFACKE|ethan\n|\n|t:|1682769167\n|-end|p1b: \u53d1\u59d0|Protosynthesis|[silent]\n|switch|p1b: \u53cc\u51b0\u51bb|Abomasnow, L50, M, shiny|100\/100\n|-weather|Snow|[from] ability: Snow Warning|[of] p1b: \u53cc\u51b0\u51bb\n|move|p2b: Dragonite|Extreme Speed|p1a: \u9e21\u54e5\n|-damage|p1a: \u9e21\u54e5|49\/100\n|move|p1a: \u9e21\u54e5|Blizzard|p2a: Ting-Lu|[spread] p2a,p2b\n|-supereffective|p2a: Ting-Lu\n|-damage|p2a: Ting-Lu|43\/100\n|-damage|p2b: Dragonite|55\/100\n|-status|p2a: Ting-Lu|frz\n|cant|p2a: Ting-Lu|frz\n|\n|-weather|Snow|[upkeep]\n|upkeep\n|turn|5\n|\n|t:|1682769202\n|-end|p1a: \u9e21\u54e5|Quark Drive|[silent]\n|switch|p1a: \u53d1\u59d0|Flutter Mane, L50, shiny|11\/100\n|move|p2b: Dragonite|Extreme Speed|p1b: \u53cc\u51b0\u51bb\n|-damage|p1b: \u53cc\u51b0\u51bb|53\/100\n|move|p1b: \u53cc\u51b0\u51bb|Blizzard|p2a: Ting-Lu|[spread] p2a,p2b\n|-supereffective|p2a: Ting-Lu\n|-damage|p2a: Ting-Lu|16\/100 frz\n|-damage|p2b: Dragonite|32\/100\n|cant|p2a: Ting-Lu|frz\n|\n|-weather|Snow|[upkeep]\n|upkeep\n|turn|6\n|\n|t:|1682769222\n|move|p2b: Dragonite|Extreme Speed|p1b: \u53cc\u51b0\u51bb\n|-damage|p1b: \u53cc\u51b0\u51bb|2\/100\n|move|p1a: \u53d1\u59d0|Dazzling Gleam|p2b: Dragonite|[spread] p2a,p2b\n|-supereffective|p2a: Ting-Lu\n|-damage|p2a: Ting-Lu|0 fnt\n|-damage|p2b: Dragonite|4\/100\n|faint|p2a: Ting-Lu\n|-damage|p1a: \u53d1\u59d0|1\/100|[from] item: Life Orb\n|move|p1b: \u53cc\u51b0\u51bb|Blizzard|p2b: Dragonite\n|-damage|p2b: Dragonite|0 fnt\n|faint|p2b: Dragonite\n|\n|-weather|Snow|[upkeep]\n|upkeep\n|\n|t:|1682769228\n|switch|p2a: Flutter Mane|Flutter Mane, L50|100\/100\n|turn|7\n|\n|t:|1682769239\n|move|p1a: \u53d1\u59d0|Protect|p1a: \u53d1\u59d0\n|-singleturn|p1a: \u53d1\u59d0|Protect\n|move|p2a: Flutter Mane|Dazzling Gleam|p1a: \u53d1\u59d0|[spread] p1b\n|-activate|p1a: \u53d1\u59d0|move: Protect\n|-damage|p1b: \u53cc\u51b0\u51bb|0 fnt\n|faint|p1b: \u53cc\u51b0\u51bb\n|\n|-weather|Snow|[upkeep]\n|upkeep\n|\n|t:|1682769243\n|switch|p1b: \u9e21\u54e5|Iron Bundle, L50, shiny|49\/100\n|turn|8\n|\n|t:|1682769248\n|move|p1b: \u9e21\u54e5|Icy Wind|p2a: Flutter Mane\n|-damage|p2a: Flutter Mane|75\/100\n|-unboost|p2a: Flutter Mane|spe|1\n|move|p1a: \u53d1\u59d0|Shadow Ball|p2a: Flutter Mane\n|-supereffective|p2a: Flutter Mane\n|-damage|p2a: Flutter Mane|0 fnt\n|faint|p2a: Flutter Mane\n|-end|p2a: Flutter Mane|Protosynthesis|[silent]\n|-damage|p1a: \u53d1\u59d0|0 fnt|[from] item: Life Orb\n|faint|p1a: \u53d1\u59d0\n|-end|p1a: \u53d1\u59d0|Protosynthesis|[silent]\n|\n|win|JFACKE\n","uploadtime":1682769262,"views":17,"p1id":"jfacke","p2id":"pokemonhomo","formatid":"gen9vgc2023regulationc","rating":0,"private":0,"password":""}