{"id":"gen9vgc2023regulationc-1858303079","p1":"WillieDangerously","p2":"i spam psyspam","format":"[Gen 9] VGC 2023 Regulation C","log":"|j|\u2606WillieDangerously\n|j|\u2606i spam psyspam\n|t:|1683300131\n|gametype|doubles\n|player|p1|WillieDangerously|psychic-gen4|1223\n|player|p2|i spam psyspam|1|1252\n|teamsize|p1|6\n|teamsize|p2|6\n|gen|9\n|tier|[Gen 9] VGC 2023 Regulation C\n|rated|\n|rule|Species Clause: Limit one of each Pok\u00e9mon\n|rule|Item Clause: Limit one of each item\n|clearpoke\n|poke|p1|Torkoal, L50, F|\n|poke|p1|Jumpluff, L50, M|\n|poke|p1|Roaring Moon, L50|\n|poke|p1|Iron Treads, L50|\n|poke|p1|Flutter Mane, L50|\n|poke|p1|Rotom-Wash, L50|\n|poke|p2|Amoonguss, L50, F|\n|poke|p2|Arcanine, L50, M|\n|poke|p2|Flutter Mane, L50|\n|poke|p2|Palafin, L50, F|\n|poke|p2|Roaring Moon, L50|\n|poke|p2|Ting-Lu, L50|\n|teampreview|4\ni spam psyspam has agreed to open team sheets.\n|\n|t:|1683300159\n|start\n|switch|p1a: Torkoal|Torkoal, L50, F|100\/100\n|switch|p1b: Jumpluff|Jumpluff, L50, M|100\/100\n|switch|p2a: Arcanine|Arcanine, L50, M|100\/100\n|switch|p2b: Roaring Moon|Roaring Moon, L50|100\/100\n|-ability|p2a: Arcanine|Intimidate|boost\n|-fail|p1a: Torkoal|unboost|[from] ability: White Smoke|[of] p1a: Torkoal\n|-unboost|p1b: Jumpluff|atk|1\n|-enditem|p2b: Roaring Moon|Booster Energy\n|-activate|p2b: Roaring Moon|ability: Protosynthesis|[fromitem]\n|-start|p2b: Roaring Moon|protosynthesisatk\n|turn|1\n|\n|t:|1683300191\n|move|p2b: Roaring Moon|Protect|p2b: Roaring Moon\n|-singleturn|p2b: Roaring Moon|Protect\n|move|p1b: Jumpluff|Tailwind|p1b: Jumpluff\n|-sidestart|p1: WillieDangerously|move: Tailwind\n|move|p2a: Arcanine|Flare Blitz|p1b: Jumpluff\n|-supereffective|p1b: Jumpluff\n|-enditem|p1b: Jumpluff|Focus Sash\n|-damage|p1b: Jumpluff|1\/100\n|-damage|p2a: Arcanine|70\/100|[from] Recoil\n|move|p1a: Torkoal|Yawn|p2b: Roaring Moon\n|-activate|p2b: Roaring Moon|move: Protect\n|\n|upkeep\n|turn|2\n|\n|t:|1683300217\n|move|p2a: Arcanine|Extreme Speed|p1b: Jumpluff\n|-damage|p1b: Jumpluff|0 fnt\n|faint|p1b: Jumpluff\n|move|p2b: Roaring Moon|Acrobatics|p1a: Torkoal\n|-damage|p1a: Torkoal|60\/100\n|move|p1a: Torkoal|Yawn|p2a: Arcanine\n|-start|p2a: Arcanine|move: Yawn|[of] p1a: Torkoal\n|\n|upkeep\n|\n|t:|1683300230\n|switch|p1b: Roaring Moon|Roaring Moon, L50|100\/100\n|turn|3\n|\n|t:|1683300256\n|switch|p2a: Ting-Lu|Ting-Lu, L50|100\/100\n|-ability|p2a: Ting-Lu|Vessel of Ruin\n|-terastallize|p1b: Roaring Moon|Flying\n|-terastallize|p2b: Roaring Moon|Flying\n|move|p1b: Roaring Moon|Rock Slide|p2b: Roaring Moon|[spread] p2a,p2b\n|-resisted|p2a: Ting-Lu\n|-supereffective|p2b: Roaring Moon\n|-damage|p2a: Ting-Lu|94\/100\n|-damage|p2b: Roaring Moon|53\/100\n|move|p2b: Roaring Moon|Dragon Dance|p2b: Roaring Moon\n|-boost|p2b: Roaring Moon|atk|1\n|-boost|p2b: Roaring Moon|spe|1\n|move|p1a: Torkoal|Yawn|p2b: Roaring Moon\n|-start|p2b: Roaring Moon|move: Yawn|[of] p1a: Torkoal\n|\n|upkeep\n|turn|4\n|\n|t:|1683300286\n|move|p1b: Roaring Moon|Protect|p1b: Roaring Moon\n|-singleturn|p1b: Roaring Moon|Protect\n|move|p2b: Roaring Moon|Acrobatics|p1a: Torkoal\n|-damage|p1a: Torkoal|0 fnt\n|faint|p1a: Torkoal\n|move|p2a: Ting-Lu|Rock Tomb|p1b: Roaring Moon\n|-activate|p1b: Roaring Moon|move: Protect\n|\n|-end|p2b: Roaring Moon|move: Yawn|[silent]\n|-status|p2b: Roaring Moon|slp\n|-sideend|p1: WillieDangerously|move: Tailwind\n|upkeep\n|\n|t:|1683300298\n|switch|p1a: Rotom|Rotom-Wash, L50|100\/100\n|turn|5\n|\n|t:|1683300313\n|cant|p2b: Roaring Moon|slp\n|move|p1b: Roaring Moon|Rock Slide|p2a: Ting-Lu|[spread] p2a,p2b\n|-resisted|p2a: Ting-Lu\n|-supereffective|p2b: Roaring Moon\n|-damage|p2a: Ting-Lu|87\/100\n|-damage|p2b: Roaring Moon|4\/100 slp\n|move|p1a: Rotom|Will-O-Wisp|p2a: Ting-Lu\n|-status|p2a: Ting-Lu|brn\n|move|p2a: Ting-Lu|Rock Tomb|p1b: Roaring Moon\n|-supereffective|p1b: Roaring Moon\n|-damage|p1b: Roaring Moon|77\/100\n|-unboost|p1b: Roaring Moon|spe|1\n|-enditem|p1b: Roaring Moon|Weakness Policy\n|-boost|p1b: Roaring Moon|atk|2|[from] item: Weakness Policy\n|-boost|p1b: Roaring Moon|spa|2|[from] item: Weakness Policy\n|\n|-damage|p2a: Ting-Lu|81\/100 brn|[from] brn\n|upkeep\n|turn|6\n|\n|t:|1683300349\n|move|p1b: Roaring Moon|Protect|p1b: Roaring Moon\n|-singleturn|p1b: Roaring Moon|Protect\n|cant|p2b: Roaring Moon|slp\n|move|p1a: Rotom|Thunderbolt|p2b: Roaring Moon\n|-supereffective|p2b: Roaring Moon\n|-damage|p2b: Roaring Moon|0 fnt\n|faint|p2b: Roaring Moon\n|-end|p2b: Roaring Moon|Protosynthesis|[silent]\n|move|p2a: Ting-Lu|Ruination|p1a: Rotom\n|-damage|p1a: Rotom|51\/100\n|\n|-damage|p2a: Ting-Lu|75\/100 brn|[from] brn\n|upkeep\n|\n|t:|1683300357\n|switch|p2b: Flutter Mane|Flutter Mane, L50|100\/100\n|turn|7\n|\n|t:|1683300398\n|-end|p2b: Flutter Mane|Protosynthesis|[silent]\n|switch|p2b: Arcanine|Arcanine, L50, M|70\/100\n|-ability|p2b: Arcanine|Intimidate|boost\n|-unboost|p1a: Rotom|atk|1\n|-unboost|p1b: Roaring Moon|atk|1\n|move|p1a: Rotom|Nasty Plot|p1a: Rotom\n|-boost|p1a: Rotom|spa|2\n|move|p1b: Roaring Moon|Acrobatics|p2a: Ting-Lu\n|-damage|p2a: Ting-Lu|21\/100 brn\n|move|p2a: Ting-Lu|Ruination|p1b: Roaring Moon|[miss]\n|-miss|p2a: Ting-Lu|p1b: Roaring Moon\n|\n|-damage|p2a: Ting-Lu|15\/100 brn|[from] brn\n|upkeep\n|turn|8\n|\n|t:|1683300423\n|move|p2b: Arcanine|Flare Blitz|p1b: Roaring Moon\n|-damage|p1b: Roaring Moon|14\/100\n|-damage|p2b: Arcanine|51\/100|[from] Recoil\n|move|p1a: Rotom|Hydro Pump|p2b: Arcanine\n|-supereffective|p2b: Arcanine\n|-damage|p2b: Arcanine|0 fnt\n|faint|p2b: Arcanine\n|move|p1b: Roaring Moon|Rock Slide|p2a: Ting-Lu\n|-resisted|p2a: Ting-Lu\n|-damage|p2a: Ting-Lu|3\/100 brn\n|cant|p2a: Ting-Lu|flinch\n|\n|-damage|p2a: Ting-Lu|0 fnt|[from] brn\n|faint|p2a: Ting-Lu\n|upkeep\n|\n|t:|1683300431\n|switch|p2a: Flutter Mane|Flutter Mane, L50|100\/100\n|turn|9\n|\n|t:|1683300446\n|move|p2a: Flutter Mane|Dazzling Gleam|p1b: Roaring Moon|[spread] p1a,p1b\n|-damage|p1a: Rotom|0 fnt\n|-damage|p1b: Roaring Moon|0 fnt\n|faint|p1a: Rotom\n|faint|p1b: Roaring Moon\n|-end|p1b: Roaring Moon|Protosynthesis|[silent]\n|\n|win|i spam psyspam\n|raw|WillieDangerously's rating: 1223 → 1200<\/strong> (-23 for losing)\n|raw|i spam psyspam's rating: 1252 → 1275<\/strong> (+23 for winning)\n","uploadtime":1683300450,"views":11,"p1id":"williedangerously","p2id":"ispampsyspam","formatid":"gen9vgc2023regulationc","rating":1200,"private":0,"password":""}