{"id":"gen9vgc2023regulationc-1857739872","p1":"Cosentino","p2":"supaflytnt","format":"[Gen 9] VGC 2023 Regulation C","log":"|j|\u2606Cosentino\n|j|\u2606supaflytnt\n|t:|1683227232\n|gametype|doubles\n|player|p1|Cosentino|169|1373\n|player|p2|supaflytnt|266|1374\n|teamsize|p1|6\n|teamsize|p2|6\n|gen|9\n|tier|[Gen 9] VGC 2023 Regulation C\n|rated|\n|rule|Species Clause: Limit one of each Pok\u00e9mon\n|rule|Item Clause: Limit one of each item\n|clearpoke\n|poke|p1|Sableye, L50, F|\n|poke|p1|Ceruledge, L50, M|\n|poke|p1|Flutter Mane, L50|\n|poke|p1|Amoonguss, L50, M|\n|poke|p1|Ting-Lu, L50|\n|poke|p1|Great Tusk, L50|\n|poke|p2|Toxtricity, L50, M|\n|poke|p2|Palafin, L50, F|\n|poke|p2|Flutter Mane, L50|\n|poke|p2|Orthworm, L50, F|\n|poke|p2|Hydreigon, L50, F|\n|poke|p2|Torkoal, L50, F|\n|teampreview|4\nsupaflytnt has agreed to open team sheets.\nCosentino has agreed to open team sheets.\n|\n|t:|1683227326\n|start\n|switch|p1a: Sableye|Sableye, L50, F|100\/100\n|switch|p1b: Great Tusk|Great Tusk, L50|100\/100\n|switch|p2a: Gucci Mane|Flutter Mane, L50, shiny|100\/100\n|switch|p2b: Earthworm Jim|Orthworm, L50, F|100\/100\n|turn|1\n|\n|t:|1683227375\n|-terastallize|p2a: Gucci Mane|Grass\n|move|p1a: Sableye|Fake Out|p2b: Earthworm Jim\n|-resisted|p2b: Earthworm Jim\n|-damage|p2b: Earthworm Jim|98\/100\n|move|p1b: Great Tusk|Headlong Rush|p2a: Gucci Mane\n|-resisted|p2a: Gucci Mane\n|-damage|p2a: Gucci Mane|57\/100\n|-unboost|p1b: Great Tusk|def|1\n|-unboost|p1b: Great Tusk|spd|1\n|-damage|p1b: Great Tusk|90\/100|[from] item: Life Orb\n|cant|p2b: Earthworm Jim|flinch\n|move|p2a: Gucci Mane|Substitute|p2a: Gucci Mane\n|-start|p2a: Gucci Mane|Substitute\n|-damage|p2a: Gucci Mane|33\/100\n|\n|upkeep\n|turn|2\n|\n|t:|1683227394\n|move|p1b: Great Tusk|Close Combat|p2b: Earthworm Jim\n|-supereffective|p2b: Earthworm Jim\n|-damage|p2b: Earthworm Jim|0 fnt\n|-unboost|p1b: Great Tusk|def|1\n|-unboost|p1b: Great Tusk|spd|1\n|faint|p2b: Earthworm Jim\n|-damage|p1b: Great Tusk|80\/100|[from] item: Life Orb\n|move|p1a: Sableye|Foul Play|p2a: Gucci Mane\n|-activate|p2a: Gucci Mane|move: Substitute|[damage]\n|move|p2a: Gucci Mane|Trick Room|p2a: Gucci Mane\n|-fieldstart|move: Trick Room|[of] p2a: Gucci Mane\n|\n|upkeep\n|\n|t:|1683227406\n|switch|p2b: Vesuvius|Torkoal, L50, F|100\/100\n|-weather|SunnyDay|[from] ability: Drought|[of] p2b: Vesuvius\n|-activate|p2a: Gucci Mane|ability: Protosynthesis\n|-start|p2a: Gucci Mane|protosynthesisspa\n|-activate|p1b: Great Tusk|ability: Protosynthesis\n|-start|p1b: Great Tusk|protosynthesisatk\n|turn|3\n|\n|t:|1683227419\n|switch|p1a: Ceruledge|Ceruledge, L50, M|100\/100\n|move|p1b: Great Tusk|Protect|p1b: Great Tusk\n|-singleturn|p1b: Great Tusk|Protect\n|move|p2b: Vesuvius|Heat Wave|p1b: Great Tusk|[spread] \n|-activate|p1b: Great Tusk|move: Protect\n|-start|p1a: Ceruledge|ability: Flash Fire\n|move|p2a: Gucci Mane|Dazzling Gleam|p1a: Ceruledge|[spread] p1a\n|-activate|p1b: Great Tusk|move: Protect\n|-resisted|p1a: Ceruledge\n|-damage|p1a: Ceruledge|85\/100\n|\n|-weather|SunnyDay|[upkeep]\n|-heal|p1a: Ceruledge|91\/100|[from] item: Leftovers\n|upkeep\n|turn|4\n|\n|t:|1683227441\n|-terastallize|p1a: Ceruledge|Grass\n|move|p2b: Vesuvius|Heat Wave|p1b: Great Tusk|[spread] p1b\n|-immune|p1a: Ceruledge|[from] ability: Flash Fire\n|-damage|p1b: Great Tusk|0 fnt\n|faint|p1b: Great Tusk\n|-end|p1b: Great Tusk|Protosynthesis|[silent]\n|move|p2a: Gucci Mane|Shadow Ball|p1a: Ceruledge\n|-damage|p1a: Ceruledge|49\/100\n|move|p1a: Ceruledge|Bitter Blade|p2a: Gucci Mane\n|-supereffective|p2a: Gucci Mane\n|-end|p2a: Gucci Mane|Substitute\n|-heal|p1a: Ceruledge|52\/100|[from] drain|[of] p2a: Gucci Mane\n|\n|-weather|SunnyDay|[upkeep]\n|-heal|p1a: Ceruledge|58\/100|[from] item: Leftovers\n|upkeep\n|\n|t:|1683227449\n|switch|p1b: Sableye|Sableye, L50, F|100\/100\n|turn|5\n|\n|t:|1683227484\n|switch|p2b: Ed Edd Eddy|Hydreigon, L50, F|100\/100\n|move|p1b: Sableye|Disable|p2b: Ed Edd Eddy\n|-hint|Since gen 7, Dark is immune to Prankster moves.\n|-immune|p2b: Ed Edd Eddy\n|move|p2a: Gucci Mane|Shadow Ball|p1a: Ceruledge\n|-damage|p1a: Ceruledge|17\/100\n|move|p1a: Ceruledge|Bitter Blade|p2a: Gucci Mane\n|-supereffective|p2a: Gucci Mane\n|-damage|p2a: Gucci Mane|0 fnt\n|-heal|p1a: Ceruledge|31\/100|[from] drain|[of] p2a: Gucci Mane\n|faint|p2a: Gucci Mane\n|-end|p2a: Gucci Mane|Protosynthesis|[silent]\n|\n|-weather|SunnyDay|[upkeep]\n|-heal|p1a: Ceruledge|37\/100|[from] item: Leftovers\n|upkeep\n|\n|t:|1683227500\n|switch|p2a: Vesuvius|Torkoal, L50, F|100\/100\n|turn|6\n|\n|t:|1683227523\n|move|p1a: Ceruledge|Protect|p1a: Ceruledge\n|-singleturn|p1a: Ceruledge|Protect\n|move|p1b: Sableye|Will-O-Wisp|p2b: Ed Edd Eddy\n|-hint|Since gen 7, Dark is immune to Prankster moves.\n|-immune|p2b: Ed Edd Eddy\n|move|p2a: Vesuvius|Earth Power|p1b: Sableye\n|-damage|p1b: Sableye|60\/100\n|move|p2b: Ed Edd Eddy|Draco Meteor|p1a: Ceruledge\n|-activate|p1a: Ceruledge|move: Protect\n|\n|-weather|SunnyDay|[upkeep]\n|-heal|p1a: Ceruledge|43\/100|[from] item: Leftovers\n|-fieldend|move: Trick Room\n|upkeep\n|turn|7\n|\n|t:|1683227550\n|-end|p1a: Ceruledge|ability: Flash Fire|[silent]\n|switch|p1a: Amoonguss|Amoonguss, L50, M|100\/100\n|move|p1b: Sableye|Disable|p2a: Vesuvius\n|-start|p2a: Vesuvius|Disable|Earth Power\n|move|p2b: Ed Edd Eddy|Dark Pulse|p1a: Amoonguss\n|-damage|p1a: Amoonguss|69\/100\n|cant|p2a: Vesuvius|Disable|Earth Power\n|\n|-weather|none\n|upkeep\n|turn|8\n|-message|supaflytnt forfeited.\n|\n|win|Cosentino\n|raw|Cosentino's rating: 1373 → 1393<\/strong> (+20 for winning)\n|raw|supaflytnt's rating: 1374 → 1354<\/strong> (-20 for losing)\n","uploadtime":1683227569,"views":11,"p1id":"cosentino","p2id":"supaflytnt","formatid":"gen9vgc2023regulationc","rating":1354,"private":0,"password":""}