{"id":"gen9vgc2023regulationc-1851826974","p1":"TrainerDylan24","p2":"WaspGaming1","format":"[Gen 9] VGC 2023 Regulation C","log":"|j|\u2606TrainerDylan24\n|j|\u2606WaspGaming1\n|t:|1682490903\n|gametype|doubles\n|player|p1|TrainerDylan24|swimmerf|1084\n|player|p2|WaspGaming1|riley|1027\n|teamsize|p1|6\n|teamsize|p2|6\n|gen|9\n|tier|[Gen 9] VGC 2023 Regulation C\n|rated|\n|rule|Species Clause: Limit one of each Pok\u00e9mon\n|rule|Item Clause: Limit one of each item\n|clearpoke\n|poke|p1|Annihilape, L50, M|\n|poke|p1|Bellibolt, L50, M|\n|poke|p1|Dondozo, L50, M|\n|poke|p1|Tatsugiri, L50, M|\n|poke|p1|Iron Hands, L50|\n|poke|p1|Kingambit, L50, F|\n|poke|p2|Iron Bundle, L50|\n|poke|p2|Sylveon, L50, F|\n|poke|p2|Flutter Mane, L50|\n|poke|p2|Great Tusk, L50|\n|poke|p2|Palafin, L50, M|\n|poke|p2|Gholdengo, L50|\n|teampreview|4\n|\n|t:|1682490934\n|start\n|switch|p1a: Dondozo|Dondozo, L50, M|100\/100\n|switch|p1b: Tatsugiri|Tatsugiri, L50, M|100\/100\n|switch|p2a: Flutter Mane|Flutter Mane, L50|100\/100\n|switch|p2b: Great Tusk|Great Tusk, L50|100\/100\n|-activate|p1b: Tatsugiri|ability: Commander|[of] p1a: Dondozo\n|-boost|p1a: Dondozo|atk|2\n|-boost|p1a: Dondozo|spa|2\n|-boost|p1a: Dondozo|spe|2\n|-boost|p1a: Dondozo|def|2\n|-boost|p1a: Dondozo|spd|2\n|turn|1\n|\n|t:|1682490954\n|move|p2b: Great Tusk|Protect|p2b: Great Tusk\n|-singleturn|p2b: Great Tusk|Protect\n|move|p2a: Flutter Mane|Moonblast|p1a: Dondozo\n|-damage|p1a: Dondozo|81\/100\n|move|p1a: Dondozo|Waterfall|p2b: Great Tusk\n|-activate|p2b: Great Tusk|move: Protect\n|\n|-heal|p1a: Dondozo|88\/100|[from] item: Leftovers\n|upkeep\n|turn|2\n|\n|t:|1682490984\n|-end|p2b: Great Tusk|Protosynthesis|[silent]\n|switch|p2b: Iron Bundle|Iron Bundle, L50|100\/100\n|-enditem|p2b: Iron Bundle|Booster Energy\n|-activate|p2b: Iron Bundle|ability: Quark Drive|[fromitem]\n|-start|p2b: Iron Bundle|quarkdrivespe\n|move|p2a: Flutter Mane|Shadow Ball|p1a: Dondozo\n|-damage|p1a: Dondozo|73\/100\n|move|p1a: Dondozo|Waterfall|p2a: Flutter Mane\n|-damage|p2a: Flutter Mane|0 fnt\n|faint|p2a: Flutter Mane\n|-end|p2a: Flutter Mane|Protosynthesis|[silent]\n|\n|-heal|p1a: Dondozo|79\/100|[from] item: Leftovers\n|upkeep\n|\n|t:|1682491000\n|switch|p2a: Sylveon|Sylveon, L50, F|100\/100\n|turn|3\n|\n|t:|1682491008\n|move|p2a: Sylveon|Protect|p2a: Sylveon\n|-singleturn|p2a: Sylveon|Protect\n|move|p2b: Iron Bundle|Freeze-Dry|p1a: Dondozo\n|-supereffective|p1a: Dondozo\n|-damage|p1a: Dondozo|57\/100\n|move|p1a: Dondozo|Body Press|p2b: Iron Bundle\n|-supereffective|p2b: Iron Bundle\n|-damage|p2b: Iron Bundle|11\/100\n|\n|-heal|p1a: Dondozo|63\/100|[from] item: Leftovers\n|upkeep\n|turn|4\n|\n|t:|1682491023\n|-terastallize|p2b: Iron Bundle|Ice\n|move|p2b: Iron Bundle|Freeze-Dry|p1a: Dondozo\n|-supereffective|p1a: Dondozo\n|-damage|p1a: Dondozo|30\/100\n|move|p1a: Dondozo|Waterfall|p2a: Sylveon\n|-damage|p2a: Sylveon|18\/100\n|move|p2a: Sylveon|Hyper Voice|p1a: Dondozo|[spread] p1a\n|-miss|p2a: Sylveon|p1b: Tatsugiri\n|-damage|p1a: Dondozo|17\/100\n|-enditem|p2a: Sylveon|Throat Spray\n|-boost|p2a: Sylveon|spa|1|[from] item: Throat Spray\n|\n|-heal|p1a: Dondozo|24\/100|[from] item: Leftovers\n|upkeep\n|turn|5\n|\n|t:|1682491040\n|move|p2a: Sylveon|Protect|p2a: Sylveon\n|-singleturn|p2a: Sylveon|Protect\n|move|p2b: Iron Bundle|Freeze-Dry|p1a: Dondozo\n|-supereffective|p1a: Dondozo\n|-damage|p1a: Dondozo|0 fnt\n|faint|p1a: Dondozo\n|\n|upkeep\n|\n|t:|1682491063\n|switch|p1a: Bellibolt|Bellibolt, L50, M|100\/100\n|turn|6\n|\n|t:|1682491091\n|move|p2b: Iron Bundle|Freeze-Dry|p1a: Bellibolt\n|-damage|p1a: Bellibolt|58\/100\n|-start|p1a: Bellibolt|Charge|Freeze-Dry|[from] ability: Electromorphosis\n|move|p1b: Tatsugiri|Muddy Water|p2b: Iron Bundle|[spread] p2a,p2b\n|-damage|p2a: Sylveon|0 fnt\n|-damage|p2b: Iron Bundle|0 fnt\n|faint|p2a: Sylveon\n|faint|p2b: Iron Bundle\n|-end|p2b: Iron Bundle|Quark Drive|[silent]\n|move|p1a: Bellibolt|Thunderbolt|p2: Sylveon|[notarget]\n|-fail|p1a: Bellibolt\n|-end|p1a: Bellibolt|Charge|[silent]\n|\n|upkeep\n|\n|t:|1682491104\n|switch|p2a: Great Tusk|Great Tusk, L50|100\/100\n|turn|7\n|\n|t:|1682491114\n|move|p1b: Tatsugiri|Icy Wind|p2a: Great Tusk\n|-supereffective|p2a: Great Tusk\n|-damage|p2a: Great Tusk|61\/100\n|-unboost|p2a: Great Tusk|spe|1\n|move|p2a: Great Tusk|Headlong Rush|p1a: Bellibolt\n|-supereffective|p1a: Bellibolt\n|-damage|p1a: Bellibolt|0 fnt\n|-unboost|p2a: Great Tusk|def|1\n|-unboost|p2a: Great Tusk|spd|1\n|-damage|p2a: Great Tusk|45\/100|[from] item: Rocky Helmet|[of] p1a: Bellibolt\n|faint|p1a: Bellibolt\n|\n|upkeep\n|\n|t:|1682491122\n|switch|p1a: Annihilape|Annihilape, L50, M, shiny|100\/100\n|turn|8\n|\n|t:|1682491133\n|-terastallize|p1a: Annihilape|Water\n|move|p1a: Annihilape|Bulk Up|p1a: Annihilape\n|-boost|p1a: Annihilape|atk|1\n|-boost|p1a: Annihilape|def|1\n|move|p1b: Tatsugiri|Muddy Water|p2a: Great Tusk\n|-supereffective|p2a: Great Tusk\n|-damage|p2a: Great Tusk|0 fnt\n|faint|p2a: Great Tusk\n|-end|p2a: Great Tusk|Protosynthesis|[silent]\n|\n|win|TrainerDylan24\n|raw|TrainerDylan24's rating: 1084 → 1107<\/strong> (+23 for winning)\n|raw|WaspGaming1's rating: 1027 → 1015<\/strong> (-12 for losing)\n|l|\u2606WaspGaming1\n","uploadtime":1682491147,"views":15,"p1id":"trainerdylan24","p2id":"waspgaming1","formatid":"gen9vgc2023regulationc","rating":1015,"private":0,"password":""}