{"id":"gen9vgc2023regulationc-1847227387","p1":"Jamtarokun","p2":"tukeydukey","format":"[Gen 9] VGC 2023 Regulation C","log":"|j|\u2606Jamtarokun\n|j|\u2606tukeydukey\n|t:|1681929476\n|gametype|doubles\n|player|p1|Jamtarokun|cheryl|1196\n|player|p2|tukeydukey|elesa|1187\n|teamsize|p1|6\n|teamsize|p2|6\n|gen|9\n|tier|[Gen 9] VGC 2023 Regulation C\n|rated|\n|rule|Species Clause: Limit one of each Pok\u00e9mon\n|rule|Item Clause: Limit one of each item\n|clearpoke\n|poke|p1|Annihilape, L50, M|\n|poke|p1|Farigiraf, L50, M|\n|poke|p1|Torkoal, L50, F|\n|poke|p1|Lilligant, L50, F|\n|poke|p1|Cetitan, L50, F|\n|poke|p1|Corviknight, L50, F|\n|poke|p2|Pelipper, L50, M|\n|poke|p2|Palafin, L50, F|\n|poke|p2|Glimmora, L50, F|\n|poke|p2|Wo-Chien, L50|\n|poke|p2|Flutter Mane, L50|\n|poke|p2|Iron Hands, L50|\n|teampreview|4\n|inactive|Battle timer is ON: inactive players will automatically lose when time's up. (requested by tukeydukey)\n|inactive|tukeydukey has 60 seconds left.\n|\n|t:|1681929539\n|start\n|switch|p1a: Farigiraf|Farigiraf, L50, M|100\/100\n|switch|p1b: Annihilape|Annihilape, L50, M|100\/100\n|switch|p2a: Iron Hands|Iron Hands, L50|100\/100\n|switch|p2b: Glimmora|Glimmora, L50, F|100\/100\n|turn|1\n|\n|t:|1681929551\n|move|p1b: Annihilape|Protect|p1b: Annihilape\n|-singleturn|p1b: Annihilape|Protect\n|move|p2b: Glimmora|Mortal Spin|p1b: Annihilape|[spread] p1a\n|-activate|p1b: Annihilape|move: Protect\n|-damage|p1a: Farigiraf|97\/100\n|-status|p1a: Farigiraf|psn\n|move|p2a: Iron Hands|Volt Switch|p1a: Farigiraf\n|-damage|p1a: Farigiraf|84\/100 psn\n|\n|t:|1681929561\n|-end|p2a: Iron Hands|Quark Drive|[silent]\n|switch|p2a: Flutter Mane|Flutter Mane, L50|100\/100|[from] Volt Switch\n|-enditem|p2a: Flutter Mane|Booster Energy\n|-activate|p2a: Flutter Mane|ability: Protosynthesis|[fromitem]\n|-start|p2a: Flutter Mane|protosynthesisspe\n|move|p1a: Farigiraf|Trick Room|p1a: Farigiraf\n|-fieldstart|move: Trick Room|[of] p1a: Farigiraf\n|\n|-damage|p1a: Farigiraf|72\/100 psn|[from] psn\n|upkeep\n|turn|2\n|inactive|tukeydukey has 30 seconds left.\n|inactive|tukeydukey has 20 seconds left.\n|\n|t:|1681929601\n|move|p1a: Farigiraf|Beat Up|p1b: Annihilape\n|-damage|p1b: Annihilape|98\/100\n|-damage|p1b: Annihilape|95\/100\n|-damage|p1b: Annihilape|91\/100\n|-damage|p1b: Annihilape|89\/100\n|-hitcount|p1b: Annihilape|4\n|move|p1b: Annihilape|Rage Fist|p2a: Flutter Mane\n|-supereffective|p2a: Flutter Mane\n|-damage|p2a: Flutter Mane|0 fnt\n|faint|p2a: Flutter Mane\n|-end|p2a: Flutter Mane|Protosynthesis|[silent]\n|move|p2b: Glimmora|Mortal Spin|p1a: Farigiraf|[spread] p1a,p1b\n|-resisted|p1b: Annihilape\n|-damage|p1a: Farigiraf|68\/100 psn\n|-damage|p1b: Annihilape|87\/100\n|-status|p1b: Annihilape|psn\n|\n|-damage|p1a: Farigiraf|56\/100 psn|[from] psn\n|-damage|p1b: Annihilape|74\/100 psn|[from] psn\n|upkeep\n|\n|t:|1681929616\n|switch|p2a: Pelipper|Pelipper, L50, M|100\/100\n|-weather|RainDance|[from] ability: Drizzle|[of] p2a: Pelipper\n|turn|3\n|\n|t:|1681929638\n|switch|p1a: Torkoal|Torkoal, L50, F|100\/100\n|-weather|SunnyDay|[from] ability: Drought|[of] p1a: Torkoal\n|move|p2a: Pelipper|Protect|p2a: Pelipper\n|-singleturn|p2a: Pelipper|Protect\n|move|p1b: Annihilape|Rage Fist|p2a: Pelipper\n|-activate|p2a: Pelipper|move: Protect\n|move|p2b: Glimmora|Power Gem|p1b: Annihilape\n|-resisted|p1b: Annihilape\n|-crit|p1b: Annihilape\n|-damage|p1b: Annihilape|50\/100 psn\n|\n|-weather|SunnyDay|[upkeep]\n|-damage|p1b: Annihilape|38\/100 psn|[from] psn\n|upkeep\n|turn|4\n|\n|t:|1681929658\n|switch|p2a: Iron Hands|Iron Hands, L50|100\/100\n|-terastallize|p1a: Torkoal|Fire\n|move|p1a: Torkoal|Eruption|p2a: Iron Hands|[spread] p2a,p2b\n|-resisted|p2b: Glimmora\n|-damage|p2a: Iron Hands|37\/100\n|-damage|p2b: Glimmora|21\/100\n|move|p1b: Annihilape|Rage Fist|p2a: Iron Hands\n|-damage|p2a: Iron Hands|0 fnt\n|faint|p2a: Iron Hands\n|-end|p2a: Iron Hands|Quark Drive|[silent]\n|move|p2b: Glimmora|Power Gem|p1a: Torkoal\n|-supereffective|p1a: Torkoal\n|-damage|p1a: Torkoal|0 fnt\n|faint|p1a: Torkoal\n|\n|-weather|SunnyDay|[upkeep]\n|-damage|p1b: Annihilape|25\/100 psn|[from] psn\n|upkeep\n|\n|t:|1681929673\n|switch|p1a: Farigiraf|Farigiraf, L50, M|56\/100 psn\n|switch|p2a: Pelipper|Pelipper, L50, M|100\/100\n|-weather|RainDance|[from] ability: Drizzle|[of] p2a: Pelipper\n|turn|5\n|\n|t:|1681929682\n|move|p2a: Pelipper|Protect|p2a: Pelipper\n|-singleturn|p2a: Pelipper|Protect\n|move|p2b: Glimmora|Spiky Shield|p2b: Glimmora\n|-singleturn|p2b: Glimmora|move: Protect\n|move|p1a: Farigiraf|Psychic|p2b: Glimmora\n|-activate|p2b: Glimmora|move: Protect\n|move|p1b: Annihilape|Rage Fist|p2a: Pelipper\n|-activate|p2a: Pelipper|move: Protect\n|\n|-weather|RainDance|[upkeep]\n|-damage|p1a: Farigiraf|43\/100 psn|[from] psn\n|-damage|p1b: Annihilape|13\/100 psn|[from] psn\n|-fieldend|move: Trick Room\n|upkeep\n|turn|6\n|\n|t:|1681929705\n|move|p1a: Farigiraf|Ally Switch|p1a: Farigiraf\n|swap|p1a: Farigiraf|1|[from] move: Ally Switch\n|move|p2b: Glimmora|Power Gem|p1a: Annihilape\n|-resisted|p1a: Annihilape\n|-damage|p1a: Annihilape|0 fnt\n|faint|p1a: Annihilape\n|move|p2a: Pelipper|Hurricane|p1b: Farigiraf\n|-damage|p1b: Farigiraf|0 fnt\n|faint|p1b: Farigiraf\n|\n|-weather|RainDance|[upkeep]\n|upkeep\n|\n|t:|1681929709\n|switch|p1b: Cetitan|Cetitan, L50, F|100\/100\n|turn|7\n|\n|t:|1681929720\n|move|p2b: Glimmora|Power Gem|p1b: Cetitan\n|-supereffective|p1b: Cetitan\n|-damage|p1b: Cetitan|25\/100\n|move|p2a: Pelipper|Hurricane|p1b: Cetitan\n|-damage|p1b: Cetitan|0 fnt\n|faint|p1b: Cetitan\n|\n|win|tukeydukey\n|raw|Jamtarokun's rating: 1196 → 1170<\/strong> (-26 for losing)\n|raw|tukeydukey's rating: 1187 → 1213<\/strong> (+26 for winning)\n|l|\u2606Jamtarokun\n","uploadtime":1681929728,"views":16,"p1id":"jamtarokun","p2id":"tukeydukey","formatid":"gen9vgc2023regulationc","rating":1170,"private":0,"password":""}