{"id":"gen9vgc2023regulationc-1861979425","p1":"Bout It 27","p2":"Bluezuzu","format":"[Gen 9] VGC 2023 Regulation C","log":"|j|\u2606Bout It 27\n|j|\u2606Bluezuzu\n|t:|1683825921\n|gametype|doubles\n|player|p1|Bout It 27|1|1287\n|player|p2|Bluezuzu|170|1260\n|teamsize|p1|6\n|teamsize|p2|6\n|gen|9\n|tier|[Gen 9] VGC 2023 Regulation C\n|rated|\n|rule|Species Clause: Limit one of each Pok\u00e9mon\n|rule|Item Clause: Limit one of each item\n|clearpoke\n|poke|p1|Murkrow, L50, F|\n|poke|p1|Haxorus, L50, M|\n|poke|p1|Amoonguss, L50, M|\n|poke|p1|Garganacl, L50, F|\n|poke|p1|Chien-Pao, L50|\n|poke|p1|Glimmora, L50, F|\n|poke|p2|Tyranitar, L50, F|\n|poke|p2|Iron Treads, L50|\n|poke|p2|Sylveon, L50, F|\n|poke|p2|Gastrodon, L50, M|\n|poke|p2|Scizor, L50, F|\n|poke|p2|Arcanine, L50, F|\n|teampreview|4\n|\n|t:|1683825974\n|start\n|switch|p1a: Haxorus|Haxorus, L50, M, shiny|100\/100\n|switch|p1b: Murkrow|Murkrow, L50, F|100\/100\n|switch|p2a: Iron Treads|Iron Treads, L50|100\/100\n|switch|p2b: Arcanine|Arcanine, L50, F|100\/100\n|-ability|p1a: Haxorus|Mold Breaker\n|-ability|p2b: Arcanine|Intimidate|boost\n|-unboost|p1a: Haxorus|atk|1\n|-unboost|p1b: Murkrow|atk|1\n|-enditem|p2a: Iron Treads|Booster Energy\n|-activate|p2a: Iron Treads|ability: Quark Drive|[fromitem]\n|-start|p2a: Iron Treads|quarkdrivespe\n|turn|1\n|\n|t:|1683826004\n|-terastallize|p1a: Haxorus|Ground\n|move|p1b: Murkrow|Haze|p1b: Murkrow\n|-clearallboost\n|move|p2a: Iron Treads|Ice Spinner|p1a: Haxorus\n|-supereffective|p1a: Haxorus\n|-damage|p1a: Haxorus|40\/100\n|move|p1a: Haxorus|Earthquake|p2a: Iron Treads|[spread] p2a,p2b\n|-immune|p1b: Murkrow\n|-supereffective|p2a: Iron Treads\n|-crit|p2a: Iron Treads\n|-supereffective|p2b: Arcanine\n|-damage|p2a: Iron Treads|0 fnt\n|-damage|p2b: Arcanine|0 fnt\n|faint|p2a: Iron Treads\n|-end|p2a: Iron Treads|Quark Drive|[silent]\n|faint|p2b: Arcanine\n|-damage|p1a: Haxorus|30\/100|[from] item: Life Orb\n|\n|upkeep\n|\n|t:|1683826023\n|switch|p2a: Sylveon|Sylveon, L50, F|100\/100\n|switch|p2b: Scizor|Scizor, L50, F|100\/100\n|turn|2\n|\n|t:|1683826042\n|switch|p1a: Amoonguss|Amoonguss, L50, M, shiny|100\/100\n|move|p1b: Murkrow|Tailwind|p1b: Murkrow\n|-sidestart|p1: Bout It 27|move: Tailwind\n|move|p2b: Scizor|Bullet Punch|p1a: Amoonguss\n|-damage|p1a: Amoonguss|72\/100\n|move|p2a: Sylveon|Reflect|p2a: Sylveon\n|-sidestart|p2: Bluezuzu|Reflect\n|\n|upkeep\n|turn|3\n|\n|t:|1683826059\n|move|p2a: Sylveon|Protect|p2a: Sylveon\n|-singleturn|p2a: Sylveon|Protect\n|move|p1b: Murkrow|Foul Play|p2b: Scizor\n|-crit|p2b: Scizor\n|-damage|p2b: Scizor|16\/100\n|move|p1a: Amoonguss|Spore|p2b: Scizor\n|-status|p2b: Scizor|slp|[from] move: Spore\n|cant|p2b: Scizor|slp\n|\n|upkeep\n|turn|4\n|\n|t:|1683826085\n|move|p1b: Murkrow|Foul Play|p2b: Scizor\n|-damage|p2b: Scizor|0 fnt\n|faint|p2b: Scizor\n|move|p1a: Amoonguss|Sludge Bomb|p2a: Sylveon\n|-supereffective|p2a: Sylveon\n|-damage|p2a: Sylveon|60\/100\n|-status|p2a: Sylveon|psn\n|move|p2a: Sylveon|Shadow Ball|p1a: Amoonguss\n|-damage|p1a: Amoonguss|50\/100\n|-enditem|p1a: Amoonguss|Sitrus Berry|[eat]\n|-heal|p1a: Amoonguss|75\/100|[from] item: Sitrus Berry\n|\n|-damage|p2a: Sylveon|48\/100 psn|[from] psn\n|upkeep\n|turn|5\n|\n|t:|1683826104\n|move|p1b: Murkrow|Foul Play|p2a: Sylveon\n|-resisted|p2a: Sylveon\n|-damage|p2a: Sylveon|40\/100 psn\n|move|p1a: Amoonguss|Sludge Bomb|p2a: Sylveon\n|-supereffective|p2a: Sylveon\n|-damage|p2a: Sylveon|0 fnt\n|faint|p2a: Sylveon\n|\n|win|Bout It 27\n|raw|Bout It 27's rating: 1287 → 1310<\/strong> (+23 for winning)\n|raw|Bluezuzu's rating: 1260 → 1237<\/strong> (-23 for losing)\n|l|\u2606Bluezuzu\n","uploadtime":1683826125,"views":9,"p1id":"boutit27","p2id":"bluezuzu","formatid":"gen9vgc2023regulationc","rating":1237,"private":0,"password":""}