{"id":"gen9vgc2023regulationc-1851778240","p1":"baldafor","p2":"anshar_training","format":"[Gen 9] VGC 2023 Regulation C","log":"|j|\u2606baldafor\n|j|\u2606anshar_training\n|t:|1682482131\n|gametype|doubles\n|player|p1|baldafor|102|1264\n|player|p2|anshar_training|pokemaniac|1219\n|teamsize|p1|6\n|teamsize|p2|6\n|gen|9\n|tier|[Gen 9] VGC 2023 Regulation C\n|rated|\n|rule|Species Clause: Limit one of each Pok\u00e9mon\n|rule|Item Clause: Limit one of each item\n|clearpoke\n|poke|p1|Abomasnow, L50, F|\n|poke|p1|Iron Bundle, L50|\n|poke|p1|Flutter Mane, L50|\n|poke|p1|Ceruledge, L50, M|\n|poke|p1|Iron Hands, L50|\n|poke|p1|Farigiraf, L50, F|\n|poke|p2|Dragapult, L50, F|\n|poke|p2|Amoonguss, L50, F|\n|poke|p2|Chien-Pao, L50|\n|poke|p2|Arcanine, L50, M|\n|poke|p2|Flutter Mane, L50|\n|poke|p2|Palafin, L50, M|\n|teampreview|4\n|\n|t:|1682482179\n|start\n|switch|p1a: Abomasnow|Abomasnow, L50, F|100\/100\n|switch|p1b: Iron Bundle|Iron Bundle, L50|100\/100\n|switch|p2a: Dogordito|Arcanine, L50, M|100\/100\n|switch|p2b: PlusUltra|Palafin, L50, M|100\/100\n|-ability|p2a: Dogordito|Intimidate|boost\n|-unboost|p1a: Abomasnow|atk|1\n|-unboost|p1b: Iron Bundle|atk|1\n|-weather|Snow|[from] ability: Snow Warning|[of] p1a: Abomasnow\n|-enditem|p1b: Iron Bundle|Booster Energy\n|-activate|p1b: Iron Bundle|ability: Quark Drive|[fromitem]\n|-start|p1b: Iron Bundle|quarkdrivespe\n|turn|1\n|\n|t:|1682482216\n|detailschange|p2b: PlusUltra|Palafin-Hero, L50, M\n|switch|p2b: Elena|Flutter Mane, L50|100\/100\n|-enditem|p2b: Elena|Booster Energy\n|-activate|p2b: Elena|ability: Protosynthesis|[fromitem]\n|-start|p2b: Elena|protosynthesisspe\n|switch|p1a: Ceruledge|Ceruledge, L50, M|100\/100\n|-terastallize|p2a: Dogordito|Flying\n|move|p1b: Iron Bundle|Aurora Veil|p1b: Iron Bundle\n|-sidestart|p1: baldafor|move: Aurora Veil\n|move|p2a: Dogordito|Will-O-Wisp|p1b: Iron Bundle\n|-status|p1b: Iron Bundle|brn\n|\n|-weather|Snow|[upkeep]\n|-damage|p1b: Iron Bundle|94\/100 brn|[from] brn\n|upkeep\n|turn|2\n|\n|t:|1682482242\n|switch|p2a: PlusUltra|Palafin-Hero, L50, M|100\/100\n|-activate|p2a: PlusUltra|ability: Zero to Hero\n|move|p1b: Iron Bundle|Icy Wind|p2a: PlusUltra|[spread] p2a,p2b\n|-resisted|p2a: PlusUltra\n|-damage|p2a: PlusUltra|89\/100\n|-damage|p2b: Elena|80\/100\n|-unboost|p2a: PlusUltra|spe|1\n|-unboost|p2b: Elena|spe|1\n|move|p2b: Elena|Dazzling Gleam|p1a: Ceruledge|[spread] p1a,p1b\n|-resisted|p1a: Ceruledge\n|-damage|p1a: Ceruledge|94\/100\n|-damage|p1b: Iron Bundle|48\/100 brn\n|move|p1a: Ceruledge|Bitter Blade|p2b: Elena\n|-damage|p2b: Elena|0 fnt\n|-heal|p1a: Ceruledge|100\/100|[from] drain|[of] p2b: Elena\n|faint|p2b: Elena\n|-end|p2b: Elena|Protosynthesis|[silent]\n|\n|-weather|Snow|[upkeep]\n|-damage|p1b: Iron Bundle|42\/100 brn|[from] brn\n|upkeep\n|\n|t:|1682482265\n|switch|p2b: SusAna|Amoonguss, L50, F|100\/100\n|turn|3\n|\n|t:|1682482278\n|-terastallize|p1a: Ceruledge|Grass\n|move|p2b: SusAna|Rage Powder|p2b: SusAna\n|-singleturn|p2b: SusAna|move: Rage Powder\n|move|p1b: Iron Bundle|Blizzard|p2a: PlusUltra|[spread] p2a,p2b\n|-resisted|p2a: PlusUltra\n|-supereffective|p2b: SusAna\n|-damage|p2a: PlusUltra|67\/100\n|-damage|p2b: SusAna|46\/100\n|-enditem|p2b: SusAna|Sitrus Berry|[eat]\n|-heal|p2b: SusAna|71\/100|[from] item: Sitrus Berry\n|move|p1a: Ceruledge|Tera Blast|p2a: PlusUltra\n|-supereffective|p2a: PlusUltra\n|-damage|p2a: PlusUltra|0 fnt\n|faint|p2a: PlusUltra\n|\n|-weather|Snow|[upkeep]\n|-damage|p1b: Iron Bundle|36\/100 brn|[from] brn\n|upkeep\n|\n|t:|1682482295\n|switch|p2a: Dogordito|Arcanine, L50, M, tera:Flying|100\/100\n|-ability|p2a: Dogordito|Intimidate|boost\n|-unboost|p1a: Ceruledge|atk|1\n|-unboost|p1b: Iron Bundle|atk|1\n|turn|4\n|\n|t:|1682482306\n|move|p2a: Dogordito|Extreme Speed|p1b: Iron Bundle\n|-damage|p1b: Iron Bundle|25\/100 brn\n|move|p1b: Iron Bundle|Blizzard|p2b: SusAna|[spread] p2a,p2b\n|-supereffective|p2a: Dogordito\n|-supereffective|p2b: SusAna\n|-damage|p2a: Dogordito|32\/100\n|-damage|p2b: SusAna|11\/100\n|-status|p2b: SusAna|frz\n|move|p1a: Ceruledge|Bitter Blade|p2b: SusAna\n|-supereffective|p2b: SusAna\n|-damage|p2b: SusAna|0 fnt\n|faint|p2b: SusAna\n|\n|-weather|Snow|[upkeep]\n|-damage|p1b: Iron Bundle|19\/100 brn|[from] brn\n|upkeep\n|turn|5\n|\n|t:|1682482327\n|move|p1a: Ceruledge|Shadow Sneak|p2a: Dogordito\n|-damage|p2a: Dogordito|15\/100\n|move|p1b: Iron Bundle|Blizzard|p2a: Dogordito\n|-supereffective|p2a: Dogordito\n|-damage|p2a: Dogordito|0 fnt\n|faint|p2a: Dogordito\n|\n|win|baldafor\n|raw|baldafor's rating: 1264 → 1286<\/strong> (+22 for winning)\n|raw|anshar_training's rating: 1219 → 1197<\/strong> (-22 for losing)\n|l|\u2606baldafor\n","uploadtime":1682482337,"views":10,"p1id":"baldafor","p2id":"anshartraining","formatid":"gen9vgc2023regulationc","rating":1197,"private":0,"password":""}