{"id":"gen9vgc2023regulationc-1855928873","p1":"Myshirtisdirty","p2":"k58462312","format":"[Gen 9] VGC 2023 Regulation C","log":"|j|\u2606Myshirtisdirty\n|j|\u2606k58462312\n|t:|1683002093\n|gametype|doubles\n|player|p1|Myshirtisdirty|2|1306\n|player|p2|k58462312|riley|1249\n|teamsize|p1|6\n|teamsize|p2|6\n|gen|9\n|tier|[Gen 9] VGC 2023 Regulation C\n|rated|\n|rule|Species Clause: Limit one of each Pok\u00e9mon\n|rule|Item Clause: Limit one of each item\n|clearpoke\n|poke|p1|Iron Bundle, L50|\n|poke|p1|Abomasnow, L50, M|\n|poke|p1|Annihilape, L50, M|\n|poke|p1|Talonflame, L50, M|\n|poke|p1|Arcanine, L50, F|\n|poke|p1|Garchomp, L50, F|\n|poke|p2|Scizor, L50, M|\n|poke|p2|Abomasnow, L50, M|\n|poke|p2|Iron Bundle, L50|\n|poke|p2|Garchomp, L50, M|\n|poke|p2|Talonflame, L50, F|\n|poke|p2|Chien-Pao, L50|\n|teampreview|4\n|\n|t:|1683002106\n|start\n|switch|p1a: Talonflame|Talonflame, L50, M|100\/100\n|switch|p1b: Garchomp|Garchomp, L50, F|100\/100\n|switch|p2a: Garchomp|Garchomp, L50, M|100\/100\n|switch|p2b: Talonflame|Talonflame, L50, F|100\/100\n|turn|1\n|\n|t:|1683002123\n|move|p2a: Garchomp|Protect|p2a: Garchomp\n|-singleturn|p2a: Garchomp|Protect\n|move|p2b: Talonflame|Tailwind|p2b: Talonflame\n|-sidestart|p2: k58462312|move: Tailwind\n|move|p1a: Talonflame|Tailwind|p1a: Talonflame\n|-sidestart|p1: Myshirtisdirty|move: Tailwind\n|move|p1b: Garchomp|Dragon Claw|p2a: Garchomp\n|-activate|p2a: Garchomp|move: Protect\n|\n|upkeep\n|turn|2\n|\n|t:|1683002137\n|switch|p1a: Arcanine|Arcanine, L50, F|100\/100\n|-ability|p1a: Arcanine|Intimidate|boost\n|-unboost|p2a: Garchomp|atk|1\n|-unboost|p2b: Talonflame|atk|1\n|-terastallize|p2a: Garchomp|Ground\n|move|p2b: Talonflame|Will-O-Wisp|p1b: Garchomp\n|-status|p1b: Garchomp|brn\n|move|p1b: Garchomp|Dragon Claw|p2a: Garchomp\n|-damage|p2a: Garchomp|71\/100\n|-damage|p1b: Garchomp|88\/100 brn|[from] ability: Rough Skin|[of] p2a: Garchomp\n|move|p2a: Garchomp|Rock Slide|p1a: Arcanine|[spread] p1a,p1b\n|-supereffective|p1a: Arcanine\n|-resisted|p1b: Garchomp\n|-damage|p1a: Arcanine|59\/100\n|-damage|p1b: Garchomp|78\/100 brn\n|-damage|p2a: Garchomp|61\/100|[from] item: Life Orb\n|\n|-damage|p1b: Garchomp|72\/100 brn|[from] brn\n|upkeep\n|turn|3\n|\n|t:|1683002163\n|move|p2b: Talonflame|Taunt|p1a: Arcanine\n|-start|p1a: Arcanine|move: Taunt\n|move|p1b: Garchomp|Dragon Claw|p2b: Talonflame\n|-damage|p2b: Talonflame|62\/100\n|move|p2a: Garchomp|Earthquake|p1a: Arcanine|[spread] p1a,p1b\n|-immune|p2b: Talonflame\n|-supereffective|p1a: Arcanine\n|-damage|p1a: Arcanine|0 fnt\n|-damage|p1b: Garchomp|24\/100 brn\n|faint|p1a: Arcanine\n|-damage|p2a: Garchomp|51\/100|[from] item: Life Orb\n|\n|-damage|p1b: Garchomp|18\/100 brn|[from] brn\n|upkeep\n|\n|t:|1683002174\n|switch|p1a: Annihilape|Annihilape, L50, M|100\/100\n|turn|4\n|\n|t:|1683002188\n|move|p2b: Talonflame|Will-O-Wisp|p1a: Annihilape\n|-status|p1a: Annihilape|brn\n|move|p1b: Garchomp|Dragon Claw|p2a: Garchomp\n|-damage|p2a: Garchomp|22\/100\n|-damage|p1b: Garchomp|6\/100 brn|[from] ability: Rough Skin|[of] p2a: Garchomp\n|move|p2a: Garchomp|Earthquake|p1b: Garchomp|[spread] p1a,p1b\n|-immune|p2b: Talonflame\n|-damage|p1a: Annihilape|55\/100 brn\n|-damage|p1b: Garchomp|0 fnt\n|faint|p1b: Garchomp\n|-damage|p2a: Garchomp|12\/100|[from] item: Life Orb\n|move|p1a: Annihilape|Bulk Up|p1a: Annihilape\n|-boost|p1a: Annihilape|atk|1\n|-boost|p1a: Annihilape|def|1\n|\n|-heal|p1a: Annihilape|61\/100 brn|[from] item: Leftovers\n|-damage|p1a: Annihilape|55\/100 brn|[from] brn\n|-sideend|p2: k58462312|move: Tailwind\n|-sideend|p1: Myshirtisdirty|move: Tailwind\n|upkeep\n|\n|t:|1683002206\n|switch|p1b: Talonflame|Talonflame, L50, M|100\/100\n|turn|5\n|inactive|Battle timer is ON: inactive players will automatically lose when time's up. (requested by k58462312)\n|inactive|Myshirtisdirty has 60 seconds left.\n|inactive|Myshirtisdirty has 30 seconds left.\n|inactive|Myshirtisdirty has 20 seconds left.\n|inactive|Myshirtisdirty has 15 seconds left.\n|l|\u2606k58462312\n|inactive|k58462312 disconnected and has a minute to reconnect!\n|player|p2|\n|inactive|Myshirtisdirty has 10 seconds left.\n|j|\u2606k58462312\n|inactive|k58462312 reconnected.\n|player|p2|k58462312|riley\n|inactive|Myshirtisdirty has 5 seconds left.\n|inactiveoff|Battle timer is now OFF.\n|\n|t:|1683002325\n|move|p1b: Talonflame|Tailwind|p1b: Talonflame\n|-sidestart|p1: Myshirtisdirty|move: Tailwind\n|move|p1a: Annihilape|Rage Fist|p2b: Talonflame\n|-crit|p2b: Talonflame\n|-damage|p2b: Talonflame|0 fnt\n|faint|p2b: Talonflame\n|move|p2a: Garchomp|Rock Slide|p1b: Talonflame|[spread] p1a,p1b\n|-resisted|p1a: Annihilape\n|-supereffective|p1b: Talonflame\n|-crit|p1b: Talonflame\n|-damage|p1a: Annihilape|50\/100 brn\n|-damage|p1b: Talonflame|0 fnt\n|faint|p1b: Talonflame\n|-damage|p2a: Garchomp|2\/100|[from] item: Life Orb\n|\n|-heal|p1a: Annihilape|56\/100 brn|[from] item: Leftovers\n|-damage|p1a: Annihilape|50\/100 brn|[from] brn\n|upkeep\n|\n|t:|1683002344\n|switch|p2b: Iron Bundle|Iron Bundle, L50|100\/100\n|-enditem|p2b: Iron Bundle|Booster Energy\n|-activate|p2b: Iron Bundle|ability: Quark Drive|[fromitem]\n|-start|p2b: Iron Bundle|quarkdrivespe\n|turn|6\n|inactive|Battle timer is ON: inactive players will automatically lose when time's up. (requested by k58462312)\n|inactive|Myshirtisdirty has 30 seconds left.\n|inactive|Myshirtisdirty has 20 seconds left.\n|inactive|Myshirtisdirty has 15 seconds left.\n|inactive|Myshirtisdirty has 10 seconds left.\n|inactive|Myshirtisdirty has 5 seconds left.\n|\n|t:|1683002423\n|move|p2b: Iron Bundle|Hydro Pump|p1a: Annihilape|[miss]\n|-miss|p2b: Iron Bundle|p1a: Annihilape\n|move|p1a: Annihilape|Rage Fist|p2a: Garchomp\n|-damage|p2a: Garchomp|0 fnt\n|-damage|p1a: Annihilape|37\/100 brn|[from] ability: Rough Skin|[of] p2a: Garchomp\n|faint|p2a: Garchomp\n|\n|-heal|p1a: Annihilape|43\/100 brn|[from] item: Leftovers\n|-damage|p1a: Annihilape|37\/100 brn|[from] brn\n|upkeep\n|\n|t:|1683002445\n|switch|p2a: Abomasnow|Abomasnow, L50, M|100\/100\n|-weather|Snow|[from] ability: Snow Warning|[of] p2a: Abomasnow\n|turn|7\n|inactive|Myshirtisdirty has 30 seconds left.\n|inactive|Myshirtisdirty has 20 seconds left.\n|inactive|Myshirtisdirty has 15 seconds left.\n|inactive|Myshirtisdirty has 10 seconds left.\n|inactive|Myshirtisdirty has 5 seconds left.\n|\n|t:|1683002500\n|move|p2b: Iron Bundle|Hydro Pump|p1a: Annihilape\n|-damage|p1a: Annihilape|0 fnt\n|faint|p1a: Annihilape\n|\n|win|k58462312\n|raw|Myshirtisdirty's rating: 1306 → 1283<\/strong> (-23 for losing)\n|raw|k58462312's rating: 1249 → 1278<\/strong> (+29 for winning)\n","uploadtime":1683002533,"views":14,"p1id":"myshirtisdirty","p2id":"k58462312","formatid":"gen9vgc2023regulationc","rating":1278,"private":0,"password":""}