{"id":"gen9vgc2023regulationc-1857108290","p1":"hit my whip","p2":"Cyclades","format":"[Gen 9] VGC 2023 Regulation C","log":"|j|\u2606hit my whip\n|j|\u2606Cyclades\n|t:|1683146602\n|gametype|doubles\n|player|p1|hit my whip|acetrainerf-gen4dp|1376\n|player|p2|Cyclades|ninjaboy|1305\n|teamsize|p1|6\n|teamsize|p2|6\n|gen|9\n|tier|[Gen 9] VGC 2023 Regulation C\n|rated|\n|rule|Species Clause: Limit one of each Pok\u00e9mon\n|rule|Item Clause: Limit one of each item\n|clearpoke\n|poke|p1|Tyranitar, L50, F|\n|poke|p1|Houndstone, L50, F|\n|poke|p1|Flutter Mane, L50|\n|poke|p1|Gastrodon, L50, M|\n|poke|p1|Kingambit, L50, M|\n|poke|p1|Great Tusk, L50|\n|poke|p2|Toxicroak, L50, M|\n|poke|p2|Flutter Mane, L50|\n|poke|p2|Ting-Lu, L50|\n|poke|p2|Iron Bundle, L50|\n|poke|p2|Arcanine, L50, F|\n|poke|p2|Pelipper, L50, F|\n|teampreview|4\n|inactive|Battle timer is ON: inactive players will automatically lose when time's up. (requested by hit my whip)\n|inactive|hit my whip has 60 seconds left.\n|inactive|Cyclades has 60 seconds left.\n|inactive|hit my whip has 30 seconds left.\n|inactive|Cyclades has 30 seconds left.\n|inactive|hit my whip has 20 seconds left.\n|inactive|Cyclades has 20 seconds left.\n|inactive|hit my whip has 15 seconds left.\n|inactive|Cyclades has 15 seconds left.\n|inactive|hit my whip has 10 seconds left.\n|inactive|hit my whip has 5 seconds left.\n|\n|t:|1683146693\n|start\n|switch|p1a: Tyranitar|Tyranitar, L50, F|100\/100\n|switch|p1b: Houndstone|Houndstone, L50, F|100\/100\n|switch|p2a: Ting-Lu|Ting-Lu, L50|100\/100\n|switch|p2b: Flutter Mane|Flutter Mane, L50|100\/100\n|-weather|Sandstorm|[from] ability: Sand Stream|[of] p1a: Tyranitar\n|-ability|p2a: Ting-Lu|Vessel of Ruin\n|turn|1\n|\n|t:|1683146714\n|switch|p2a: Pelipper|Pelipper, L50, F|100\/100\n|-weather|RainDance|[from] ability: Drizzle|[of] p2a: Pelipper\n|-terastallize|p1a: Tyranitar|Flying\n|move|p2b: Flutter Mane|Shadow Ball|p1b: Houndstone\n|-supereffective|p1b: Houndstone\n|-damage|p1b: Houndstone|0 fnt\n|faint|p1b: Houndstone\n|move|p1a: Tyranitar|Dragon Dance|p1a: Tyranitar\n|-boost|p1a: Tyranitar|atk|1\n|-boost|p1a: Tyranitar|spe|1\n|\n|-weather|RainDance|[upkeep]\n|upkeep\n|\n|t:|1683146723\n|switch|p1b: Gastrodon|Gastrodon, L50, M|100\/100\n|turn|2\n|inactive|Cyclades has 30 seconds left.\n|inactive|Cyclades has 20 seconds left.\n|\n|t:|1683146760\n|move|p2b: Flutter Mane|Shadow Ball|p1a: Tyranitar\n|-damage|p1a: Tyranitar|56\/100\n|move|p1a: Tyranitar|Dragon Dance|p1a: Tyranitar\n|-boost|p1a: Tyranitar|atk|1\n|-boost|p1a: Tyranitar|spe|1\n|move|p2a: Pelipper|Hydro Pump|p1b: Gastrodon\n|-activate|p1b: Gastrodon|ability: Storm Drain\n|-ability|p1b: Gastrodon|Storm Drain|boost\n|-boost|p1b: Gastrodon|spa|1\n|move|p1b: Gastrodon|Muddy Water|p2a: Pelipper|[spread] p2a,p2b\n|-resisted|p2a: Pelipper\n|-damage|p2a: Pelipper|66\/100\n|-damage|p2b: Flutter Mane|42\/100\n|\n|-weather|RainDance|[upkeep]\n|upkeep\n|turn|3\n|inactive|hit my whip has 30 seconds left.\n|\n|t:|1683146786\n|move|p2b: Flutter Mane|Shadow Ball|p1a: Tyranitar\n|-damage|p1a: Tyranitar|11\/100\n|move|p1a: Tyranitar|Rock Slide|p2a: Pelipper|[spread] p2a,p2b\n|-supereffective|p2a: Pelipper\n|-damage|p2a: Pelipper|0 fnt\n|-damage|p2b: Flutter Mane|0 fnt\n|faint|p2a: Pelipper\n|faint|p2b: Flutter Mane\n|-end|p2b: Flutter Mane|Protosynthesis|[silent]\n|move|p1b: Gastrodon|Muddy Water|p2: Pelipper|[notarget]\n|-fail|p1b: Gastrodon\n|\n|-weather|RainDance|[upkeep]\n|upkeep\n|\n|t:|1683146800\n|switch|p2b: Ting-Lu|Ting-Lu, L50|100\/100\n|switch|p2a: Iron Bundle|Iron Bundle, L50|100\/100\n|-ability|p2b: Ting-Lu|Vessel of Ruin\n|-enditem|p2a: Iron Bundle|Booster Energy\n|-activate|p2a: Iron Bundle|ability: Quark Drive|[fromitem]\n|-start|p2a: Iron Bundle|quarkdrivespe\n|turn|4\n|\n|t:|1683146822\n|move|p2a: Iron Bundle|Icy Wind|p1b: Gastrodon|[spread] p1a,p1b\n|-supereffective|p1a: Tyranitar\n|-damage|p1a: Tyranitar|0 fnt\n|-damage|p1b: Gastrodon|85\/100\n|-unboost|p1b: Gastrodon|spe|1\n|faint|p1a: Tyranitar\n|move|p2b: Ting-Lu|Ruination|p1b: Gastrodon\n|-damage|p1b: Gastrodon|43\/100\n|move|p1b: Gastrodon|Earth Power|p2a: Iron Bundle\n|-damage|p2a: Iron Bundle|41\/100\n|\n|-weather|RainDance|[upkeep]\n|-heal|p1b: Gastrodon|49\/100|[from] item: Leftovers\n|upkeep\n|\n|t:|1683146828\n|switch|p1a: Flutter Mane|Flutter Mane, L50|100\/100\n|-enditem|p1a: Flutter Mane|Booster Energy\n|-activate|p1a: Flutter Mane|ability: Protosynthesis|[fromitem]\n|-start|p1a: Flutter Mane|protosynthesisspa\n|turn|5\n|\n|t:|1683146846\n|move|p2a: Iron Bundle|Freeze-Dry|p1b: Gastrodon\n|-supereffective|p1b: Gastrodon\n|-damage|p1b: Gastrodon|0 fnt\n|faint|p1b: Gastrodon\n|move|p1a: Flutter Mane|Dazzling Gleam|p2b: Ting-Lu|[spread] p2a,p2b\n|-supereffective|p2b: Ting-Lu\n|-crit|p2b: Ting-Lu\n|-damage|p2a: Iron Bundle|0 fnt\n|-damage|p2b: Ting-Lu|35\/100\n|faint|p2a: Iron Bundle\n|-end|p2a: Iron Bundle|Quark Drive|[silent]\n|move|p2b: Ting-Lu|Heavy Slam|p1a: Flutter Mane\n|-supereffective|p1a: Flutter Mane\n|-damage|p1a: Flutter Mane|0 fnt\n|faint|p1a: Flutter Mane\n|-end|p1a: Flutter Mane|Protosynthesis|[silent]\n|\n|win|Cyclades\n|raw|hit my whip's rating: 1376 → 1352<\/strong> (-24 for losing)\n|raw|Cyclades's rating: 1305 → 1329<\/strong> (+24 for winning)\n|l|\u2606hit my whip\n","uploadtime":1683146869,"views":13,"p1id":"hitmywhip","p2id":"cyclades","formatid":"gen9vgc2023regulationc","rating":1329,"private":0,"password":""}