{"id":"gen9vgc2023regulationc-1857838697","p1":"DarthIgnus","p2":"GQBomb","format":"[Gen 9] VGC 2023 Regulation C","log":"|j|\u2606DarthIgnus\n|j|\u2606GQBomb\n|t:|1683237291\n|gametype|doubles\n|player|p1|DarthIgnus|dragontamer|1401\n|player|p2|GQBomb|buck|1356\n|teamsize|p1|6\n|teamsize|p2|6\n|gen|9\n|tier|[Gen 9] VGC 2023 Regulation C\n|rated|\n|rule|Species Clause: Limit one of each Pok\u00e9mon\n|rule|Item Clause: Limit one of each item\n|clearpoke\n|poke|p1|Arcanine, L50, M|\n|poke|p1|Amoonguss, L50, M|\n|poke|p1|Palafin, L50, F|\n|poke|p1|Kingambit, L50, F|\n|poke|p1|Dragonite, L50, F|\n|poke|p1|Flutter Mane, L50|\n|poke|p2|Chi-Yu, L50|\n|poke|p2|Amoonguss, L50, F|\n|poke|p2|Roaring Moon, L50|\n|poke|p2|Sylveon, L50, M|\n|poke|p2|Gyarados, L50, F|\n|poke|p2|Gholdengo, L50|\n|teampreview|4\nDarthIgnus has agreed to open team sheets.\n|j| Mybossisabum\n|\n|t:|1683237385\n|start\n|switch|p1a: Palafin|Palafin, L50, F|100\/100\n|switch|p1b: Dragonite|Dragonite, L50, F|100\/100\n|switch|p2a: Sylveon|Sylveon, L50, M|100\/100\n|switch|p2b: Chi-Yu|Chi-Yu, L50|100\/100\n|-ability|p2b: Chi-Yu|Beads of Ruin\n|turn|1\n|\n|t:|1683237446\n|-terastallize|p2b: Chi-Yu|Ghost\n|-terastallize|p1b: Dragonite|Flying\n|move|p1a: Palafin|Jet Punch|p2b: Chi-Yu\n|-damage|p2b: Chi-Yu|54\/100\n|move|p2b: Chi-Yu|Heat Wave|p1b: Dragonite|[spread] p1a,p1b\n|-resisted|p1a: Palafin\n|-damage|p1a: Palafin|66\/100\n|-damage|p1b: Dragonite|65\/100\n|move|p1b: Dragonite|Tera Blast|p2b: Chi-Yu\n|-damage|p2b: Chi-Yu|0 fnt\n|faint|p2b: Chi-Yu\n|move|p2a: Sylveon|Hyper Voice|p1b: Dragonite|[spread] p1a,p1b\n|-damage|p1a: Palafin|13\/100\n|-damage|p1b: Dragonite|38\/100\n|-enditem|p2a: Sylveon|Throat Spray\n|-boost|p2a: Sylveon|spa|1|[from] item: Throat Spray\n|\n|upkeep\n|\n|t:|1683237468\n|switch|p2b: Gyarados|Gyarados, L50, F|100\/100\n|-ability|p2b: Gyarados|Intimidate|boost\n|-unboost|p1a: Palafin|atk|1\n|-fail|p1b: Dragonite|unboost|Attack|[from] ability: Inner Focus|[of] p1b: Dragonite\n|turn|2\n|\n|t:|1683237481\n|detailschange|p1a: Palafin|Palafin-Hero, L50, F\n|switch|p1a: Arcanine|Arcanine, L50, M|100\/100\n|-ability|p1a: Arcanine|Intimidate|boost\n|-unboost|p2a: Sylveon|atk|1\n|-unboost|p2b: Gyarados|atk|1\n|move|p1b: Dragonite|Tera Blast|p2a: Sylveon\n|-damage|p2a: Sylveon|31\/100\n|move|p2b: Gyarados|Thunder Wave|p1b: Dragonite\n|-status|p1b: Dragonite|par\n|move|p2a: Sylveon|Hyper Voice|p1b: Dragonite|[spread] p1a,p1b\n|-resisted|p1a: Arcanine\n|-damage|p1a: Arcanine|65\/100\n|-damage|p1b: Dragonite|0 fnt\n|faint|p1b: Dragonite\n|\n|upkeep\n|\n|t:|1683237506\n|switch|p1b: Kingambit|Kingambit, L50, F|100\/100\n|turn|3\n|\n|t:|1683237543\n|move|p1a: Arcanine|Will-O-Wisp|p2b: Gyarados\n|-status|p2b: Gyarados|brn\n|-enditem|p2b: Gyarados|Lum Berry|[eat]\n|-curestatus|p2b: Gyarados|brn|[msg]\n|move|p2b: Gyarados|Waterfall|p1a: Arcanine\n|-supereffective|p1a: Arcanine\n|-damage|p1a: Arcanine|4\/100\n|move|p2a: Sylveon|Yawn|p1b: Kingambit\n|-start|p1b: Kingambit|move: Yawn|[of] p2a: Sylveon\n|move|p1b: Kingambit|Kowtow Cleave|p2a: Sylveon\n|-resisted|p2a: Sylveon\n|-damage|p2a: Sylveon|3\/100\n|\n|upkeep\n|turn|4\n|\n|t:|1683237566\n|switch|p1b: Palafin|Palafin-Hero, L50, F|13\/100\n|-activate|p1b: Palafin|ability: Zero to Hero\n|move|p1a: Arcanine|Extreme Speed|p2a: Sylveon\n|-damage|p2a: Sylveon|0 fnt\n|faint|p2a: Sylveon\n|move|p2b: Gyarados|Waterfall|p1a: Arcanine\n|-supereffective|p1a: Arcanine\n|-damage|p1a: Arcanine|0 fnt\n|faint|p1a: Arcanine\n|\n|upkeep\n|\n|t:|1683237576\n|switch|p1a: Kingambit|Kingambit, L50, F|100\/100\n|switch|p2a: Amoonguss|Amoonguss, L50, F|100\/100\n|turn|5\n|\n|t:|1683237592\n|move|p1b: Palafin|Protect|p1b: Palafin\n|-singleturn|p1b: Palafin|Protect\n|move|p2b: Gyarados|Waterfall|p1b: Palafin\n|-activate|p1b: Palafin|move: Protect\n|move|p1a: Kingambit|Swords Dance|p1a: Kingambit\n|-boost|p1a: Kingambit|atk|2\n|move|p2a: Amoonguss|Spore|p1a: Kingambit\n|-status|p1a: Kingambit|slp|[from] move: Spore\n|-enditem|p1a: Kingambit|Lum Berry|[eat]\n|-curestatus|p1a: Kingambit|slp|[msg]\n|\n|upkeep\n|turn|6\n|\n|t:|1683237616\n|move|p1b: Palafin|Jet Punch|p2a: Amoonguss\n|-resisted|p2a: Amoonguss\n|-damage|p2a: Amoonguss|80\/100\n|move|p2b: Gyarados|Waterfall|p1b: Palafin\n|-resisted|p1b: Palafin\n|-damage|p1b: Palafin|0 fnt\n|faint|p1b: Palafin\n|move|p1a: Kingambit|Kowtow Cleave|p2a: Amoonguss\n|-damage|p2a: Amoonguss|7\/100\n|-enditem|p2a: Amoonguss|Sitrus Berry|[eat]\n|-heal|p2a: Amoonguss|32\/100|[from] item: Sitrus Berry\n|move|p2a: Amoonguss|Pollen Puff|p2b: Gyarados\n|-immune|p2b: Gyarados\n|\n|upkeep\n|turn|7\n|\n|t:|1683237638\n|move|p2b: Gyarados|Waterfall|p1a: Kingambit\n|-crit|p1a: Kingambit\n|-damage|p1a: Kingambit|47\/100\n|move|p1a: Kingambit|Kowtow Cleave|p2a: Amoonguss\n|-damage|p2a: Amoonguss|0 fnt\n|faint|p2a: Amoonguss\n|\n|upkeep\n|turn|8\n|\n|t:|1683237650\n|move|p1a: Kingambit|Sucker Punch|p2b: Gyarados\n|-damage|p2b: Gyarados|5\/100\n|move|p2b: Gyarados|Waterfall|p1a: Kingambit\n|-crit|p1a: Kingambit\n|-damage|p1a: Kingambit|0 fnt\n|faint|p1a: Kingambit\n|\n|win|GQBomb\n|raw|DarthIgnus's rating: 1401 → 1378<\/strong> (-23 for losing)\n|raw|GQBomb's rating: 1356 → 1379<\/strong> (+23 for winning)\n|c|\u2606GQBomb|lol\n|c|\u2606DarthIgnus|damn lol 2 crits in a row\n|c|\u2606GQBomb|sorryu\n|c|\u2606DarthIgnus|thats pokemon lol\n|l|\u2606GQBomb\n","uploadtime":1683237685,"views":16,"p1id":"darthignus","p2id":"gqbomb","formatid":"gen9vgc2023regulationc","rating":1378,"private":0,"password":""}