{"id":"gen9vgc2023regulationc-1861992576","p1":"Funnyman Krebs","p2":"PureNeutral","format":"[Gen 9] VGC 2023 Regulation C","log":"|j|\u2606Funnyman Krebs\n|j|\u2606PureNeutral\n|t:|1683827052\n|gametype|doubles\n|player|p1|Funnyman Krebs|wallace|1621\n|player|p2|PureNeutral|elesa|1615\n|teamsize|p1|6\n|teamsize|p2|6\n|gen|9\n|tier|[Gen 9] VGC 2023 Regulation C\n|rated|\n|rule|Species Clause: Limit one of each Pok\u00e9mon\n|rule|Item Clause: Limit one of each item\n|clearpoke\n|poke|p1|Glimmora, L50, M|\n|poke|p1|Iron Bundle, L50|\n|poke|p1|Chi-Yu, L50|\n|poke|p1|Dragonite, L50, F|\n|poke|p1|Dondozo, L50, F|\n|poke|p1|Tatsugiri, L50, M|\n|poke|p2|Maushold-Four, L50|\n|poke|p2|Annihilape, L50, F|\n|poke|p2|Gholdengo, L50|\n|poke|p2|Roaring Moon, L50|\n|poke|p2|Iron Bundle, L50|\n|poke|p2|Arcanine, L50, F|\n|teampreview|4\nFunnyman Krebs has agreed to open team sheets.\n|j| frazzledazzle33\n|\n|t:|1683827087\n|start\n|switch|p1a: Wheeeee!|Glimmora, L50, M, shiny|100\/100\n|switch|p1b: Iron Santa|Iron Bundle, L50, shiny|100\/100\n|switch|p2a: Maushold|Maushold-Four, L50|100\/100\n|switch|p2b: Gholdilocks|Gholdengo, L50|100\/100\n|-enditem|p1b: Iron Santa|Booster Energy\n|-activate|p1b: Iron Santa|ability: Quark Drive|[fromitem]\n|-start|p1b: Iron Santa|quarkdrivespe\n|turn|1\n|j| Rabbihorn\n|\n|t:|1683827111\n|switch|p1a: Large Marge|Dondozo, L50, F|100\/100\n|move|p2a: Maushold|Protect|p2a: Maushold\n|-singleturn|p2a: Maushold|Protect\n|move|p1b: Iron Santa|Icy Wind|p2a: Maushold|[spread] p2b\n|-activate|p2a: Maushold|move: Protect\n|-resisted|p2b: Gholdilocks\n|-damage|p2b: Gholdilocks|93\/100\n|-unboost|p2b: Gholdilocks|spe|1\n|move|p2b: Gholdilocks|Nasty Plot|p2b: Gholdilocks\n|-boost|p2b: Gholdilocks|spa|2\n|\n|-heal|p2b: Gholdilocks|99\/100|[from] item: Leftovers\n|upkeep\n|turn|2\n|\n|t:|1683827136\n|-end|p1b: Iron Santa|Quark Drive|[silent]\n|switch|p1b: Sashimi|Tatsugiri, L50, M|100\/100\n|-activate|p1b: Sashimi|ability: Commander|[of] p1a: Large Marge\n|-boost|p1a: Large Marge|atk|2\n|-boost|p1a: Large Marge|spa|2\n|-boost|p1a: Large Marge|spe|2\n|-boost|p1a: Large Marge|def|2\n|-boost|p1a: Large Marge|spd|2\n|move|p1a: Large Marge|Earthquake|p2b: Gholdilocks|[spread] p2a,p2b\n|-miss|p1a: Large Marge|p1b: Sashimi\n|-supereffective|p2b: Gholdilocks\n|-damage|p2a: Maushold|55\/100\n|-damage|p2b: Gholdilocks|45\/100\n|move|p2a: Maushold|Super Fang|p1a: Large Marge\n|-damage|p1a: Large Marge|50\/100\n|move|p2b: Gholdilocks|Nasty Plot|p2b: Gholdilocks\n|-boost|p2b: Gholdilocks|spa|2\n|\n|-heal|p1a: Large Marge|57\/100|[from] item: Leftovers\n|-heal|p2b: Gholdilocks|51\/100|[from] item: Leftovers\n|upkeep\n|turn|3\n|\n|t:|1683827158\n|move|p2a: Maushold|Protect|p2a: Maushold\n|-singleturn|p2a: Maushold|Protect\n|move|p2b: Gholdilocks|Protect|p2b: Gholdilocks\n|-singleturn|p2b: Gholdilocks|Protect\n|move|p1a: Large Marge|Earthquake|p2a: Maushold|[spread] \n|-miss|p1a: Large Marge|p1b: Sashimi\n|-activate|p2a: Maushold|move: Protect\n|-activate|p2b: Gholdilocks|move: Protect\n|\n|-heal|p1a: Large Marge|63\/100|[from] item: Leftovers\n|-heal|p2b: Gholdilocks|57\/100|[from] item: Leftovers\n|upkeep\n|turn|4\n|j| Enrolled Agent\n|\n|t:|1683827172\n|-terastallize|p2b: Gholdilocks|Water\n|move|p1a: Large Marge|Earthquake|p2b: Gholdilocks|[spread] p2a,p2b\n|-miss|p1a: Large Marge|p1b: Sashimi\n|-damage|p2a: Maushold|10\/100\n|-damage|p2b: Gholdilocks|32\/100\n|move|p2a: Maushold|Super Fang|p1a: Large Marge\n|-damage|p1a: Large Marge|32\/100\n|move|p2b: Gholdilocks|Shadow Ball|p1a: Large Marge\n|-damage|p1a: Large Marge|12\/100\n|\n|-heal|p1a: Large Marge|18\/100|[from] item: Leftovers\n|-heal|p2b: Gholdilocks|39\/100|[from] item: Leftovers\n|upkeep\n|turn|5\n|\n|t:|1683827213\n|move|p1a: Large Marge|Protect|p1a: Large Marge\n|-singleturn|p1a: Large Marge|Protect\n|move|p2a: Maushold|Protect|p2a: Maushold\n|-singleturn|p2a: Maushold|Protect\n|move|p2b: Gholdilocks|Shadow Ball|p1a: Large Marge\n|-activate|p1a: Large Marge|move: Protect\n|\n|-heal|p1a: Large Marge|24\/100|[from] item: Leftovers\n|-heal|p2b: Gholdilocks|45\/100|[from] item: Leftovers\n|upkeep\n|turn|6\n|l| frazzledazzle33\n|\n|t:|1683827229\n|-terastallize|p1a: Large Marge|Grass\n|move|p2a: Maushold|Protect||[still]\n|-fail|p2a: Maushold\n|move|p1a: Large Marge|Tera Blast|p2b: Gholdilocks\n|-supereffective|p2b: Gholdilocks\n|-damage|p2b: Gholdilocks|0 fnt\n|faint|p2b: Gholdilocks\n|\n|-heal|p1a: Large Marge|31\/100|[from] item: Leftovers\n|upkeep\n|inactive|Battle timer is ON: inactive players will automatically lose when time's up. (requested by Funnyman Krebs)\n|\n|t:|1683827236\n|switch|p2b: Iron Bundle|Iron Bundle, L50|100\/100\n|turn|7\n|\n|t:|1683827249\n|switch|p2a: Annihilape|Annihilape, L50, F|100\/100\n|move|p1a: Large Marge|Protect|p1a: Large Marge\n|-singleturn|p1a: Large Marge|Protect\n|move|p2b: Iron Bundle|Freeze-Dry|p1a: Large Marge\n|-activate|p1a: Large Marge|move: Protect\n|\n|-heal|p1a: Large Marge|37\/100|[from] item: Leftovers\n|upkeep\n|turn|8\n|\n|t:|1683827255\n|move|p2b: Iron Bundle|Freeze-Dry|p1a: Large Marge\n|-supereffective|p1a: Large Marge\n|-damage|p1a: Large Marge|7\/100\n|move|p1a: Large Marge|Tera Blast|p2b: Iron Bundle\n|-supereffective|p2b: Iron Bundle\n|-enditem|p2b: Iron Bundle|Focus Sash\n|-damage|p2b: Iron Bundle|1\/100\n|move|p2a: Annihilape|Bulk Up|p2a: Annihilape\n|-boost|p2a: Annihilape|atk|1\n|-boost|p2a: Annihilape|def|1\n|\n|-heal|p1a: Large Marge|13\/100|[from] item: Leftovers\n|upkeep\n|turn|9\n|\n|t:|1683827273\n|move|p2b: Iron Bundle|Freeze-Dry|p1a: Large Marge\n|-supereffective|p1a: Large Marge\n|-damage|p1a: Large Marge|0 fnt\n|faint|p1a: Large Marge\n|move|p2a: Annihilape|Bulk Up|p2a: Annihilape\n|-boost|p2a: Annihilape|atk|1\n|-boost|p2a: Annihilape|def|1\n|\n|upkeep\n|\n|t:|1683827290\n|switch|p1a: Wheeeee!|Glimmora, L50, M, shiny|100\/100\n|turn|10\n|\n|t:|1683827299\n|move|p2b: Iron Bundle|Protect|p2b: Iron Bundle\n|-singleturn|p2b: Iron Bundle|Protect\n|move|p1b: Sashimi|Muddy Water|p2b: Iron Bundle|[spread] p2a\n|-activate|p2b: Iron Bundle|move: Protect\n|-damage|p2a: Annihilape|75\/100\n|move|p1a: Wheeeee!|Mortal Spin|p2a: Annihilape|[spread] p2a\n|-activate|p2b: Iron Bundle|move: Protect\n|-resisted|p2a: Annihilape\n|-damage|p2a: Annihilape|74\/100\n|-status|p2a: Annihilape|psn\n|move|p2a: Annihilape|Rage Fist|p1b: Sashimi\n|-damage|p1b: Sashimi|0 fnt\n|faint|p1b: Sashimi\n|\n|-damage|p2a: Annihilape|61\/100 psn|[from] psn\n|upkeep\n|\n|t:|1683827307\n|switch|p1b: Iron Santa|Iron Bundle, L50, shiny|100\/100\n|turn|11\n|\n|t:|1683827322\n|-end|p2b: Iron Bundle|Quark Drive|[silent]\n|switch|p2b: Maushold|Maushold-Four, L50|10\/100\n|move|p1b: Iron Santa|Hydro Pump|p2a: Annihilape\n|-damage|p2a: Annihilape|24\/100 psn\n|-enditem|p2a: Annihilape|Sitrus Berry|[eat]\n|-heal|p2a: Annihilape|49\/100 psn|[from] item: Sitrus Berry\n|move|p1a: Wheeeee!|Mortal Spin|p2a: Annihilape|[spread] p2a,p2b\n|-resisted|p2a: Annihilape\n|-damage|p2a: Annihilape|49\/100 psn\n|-damage|p2b: Maushold|5\/100\n|-status|p2b: Maushold|psn\n|move|p2a: Annihilape|Drain Punch|p1b: Iron Santa\n|-supereffective|p1b: Iron Santa\n|-damage|p1b: Iron Santa|0 fnt\n|-heal|p2a: Annihilape|80\/100 psn|[from] drain|[of] p1b: Iron Santa\n|faint|p1b: Iron Santa\n|-end|p1b: Iron Santa|Quark Drive|[silent]\n|\n|-damage|p2b: Maushold|0 fnt|[from] psn\n|faint|p2b: Maushold\n|-damage|p2a: Annihilape|68\/100 psn|[from] psn\n|upkeep\n|\n|t:|1683827337\n|switch|p2b: Iron Bundle|Iron Bundle, L50|1\/100\n|turn|12\n|\n|t:|1683827346\n|move|p2b: Iron Bundle|Icy Wind|p1a: Wheeeee!\n|-damage|p1a: Wheeeee!|79\/100\n|-unboost|p1a: Wheeeee!|spe|1\n|move|p2a: Annihilape|Rage Fist|p1a: Wheeeee!\n|-damage|p1a: Wheeeee!|0 fnt\n|-activate|p1a: Wheeeee!|ability: Toxic Debris\n|-sidestart|p2: PureNeutral|move: Toxic Spikes\n|faint|p1a: Wheeeee!\n|\n|win|PureNeutral\n|raw|Funnyman Krebs's rating: 1621 → 1601<\/strong> (-20 for losing)\n|raw|PureNeutral's rating: 1615 → 1635<\/strong> (+20 for winning)\n|c|\u2606Funnyman Krebs|gg\n|c|\u2606PureNeutral|Gg\n","uploadtime":1683827358,"views":23,"p1id":"funnymankrebs","p2id":"pureneutral","formatid":"gen9vgc2023regulationc","rating":1601,"private":0,"password":""}