{"id":"gen9vgc2023regulationc-1857934089","p1":"McDubbieEnthusiast","p2":"odetojank3","format":"[Gen 9] VGC 2023 Regulation C","log":"|j|\u2606McDubbieEnthusiast\n|j|\u2606odetojank3\n|t:|1683249193\n|gametype|doubles\n|player|p1|McDubbieEnthusiast|waiter-gen4|1393\n|player|p2|odetojank3|2|1368\n|teamsize|p1|6\n|teamsize|p2|6\n|gen|9\n|tier|[Gen 9] VGC 2023 Regulation C\n|rated|\n|rule|Species Clause: Limit one of each Pok\u00e9mon\n|rule|Item Clause: Limit one of each item\n|clearpoke\n|poke|p1|Tyranitar, L50, F|\n|poke|p1|Garchomp, L50, M|\n|poke|p1|Scream Tail, L50|\n|poke|p1|Corviknight, L50, M|\n|poke|p1|Gholdengo, L50|\n|poke|p1|Dragonite, L50, F|\n|poke|p2|Orthworm, L50, F|\n|poke|p2|Garchomp, L50, M|\n|poke|p2|Rotom-Wash, L50|\n|poke|p2|Gyarados, L50, F|\n|poke|p2|Chien-Pao, L50|\n|poke|p2|Flutter Mane, L50|\n|teampreview|4\nodetojank3 has agreed to open team sheets.\n|\n|t:|1683249250\n|start\n|switch|p1a: Brass|Dragonite, L50, F|100\/100\n|switch|p1b: Tarrasque|Tyranitar, L50, F, shiny|100\/100\n|switch|p2a: Garchomp|Garchomp, L50, M|100\/100\n|switch|p2b: Chien-Pao|Chien-Pao, L50|100\/100\n|-ability|p2b: Chien-Pao|Sword of Ruin\n|-weather|Sandstorm|[from] ability: Sand Stream|[of] p1b: Tarrasque\n|turn|1\n|\n|t:|1683249299\n|switch|p1a: Roc|Corviknight, L50, M|100\/100\n|move|p2b: Chien-Pao|Sacred Sword|p1b: Tarrasque\n|-supereffective|p1b: Tarrasque\n|-damage|p1b: Tarrasque|0 fnt\n|faint|p1b: Tarrasque\n|-damage|p2b: Chien-Pao|91\/100|[from] item: Life Orb\n|move|p2a: Garchomp|Rock Slide|p1a: Roc|[miss]\n|-miss|p2a: Garchomp|p1a: Roc\n|\n|-weather|Sandstorm|[upkeep]\n|-damage|p2b: Chien-Pao|85\/100|[from] Sandstorm\n|upkeep\n|\n|t:|1683249310\n|switch|p1b: Mimic|Gholdengo, L50|100\/100\n|turn|2\n|\n|t:|1683249325\n|-terastallize|p1b: Mimic|Water\n|-terastallize|p2a: Garchomp|Fire\n|move|p2b: Chien-Pao|Sucker Punch|p1b: Mimic\n|-damage|p1b: Mimic|40\/100\n|-damage|p2b: Chien-Pao|75\/100|[from] item: Life Orb\n|move|p1b: Mimic|Make It Rain|p2a: Garchomp|[spread] p2a,p2b\n|-resisted|p2a: Garchomp\n|-supereffective|p2b: Chien-Pao\n|-damage|p2a: Garchomp|74\/100\n|-damage|p2b: Chien-Pao|0 fnt\n|-unboost|p1b: Mimic|spa|1\n|faint|p2b: Chien-Pao\n|move|p2a: Garchomp|Swords Dance|p2a: Garchomp\n|-boost|p2a: Garchomp|atk|2\n|move|p1a: Roc|Bulk Up|p1a: Roc\n|-boost|p1a: Roc|atk|1\n|-boost|p1a: Roc|def|1\n|\n|-weather|Sandstorm|[upkeep]\n|-damage|p1b: Mimic|35\/100|[from] Sandstorm\n|-damage|p2a: Garchomp|68\/100|[from] Sandstorm\n|upkeep\n|\n|t:|1683249333\n|switch|p2b: Rotom|Rotom-Wash, L50|100\/100\n|turn|3\n|\n|t:|1683249351\n|switch|p1b: Brass|Dragonite, L50, F|100\/100\n|move|p2a: Garchomp|Protect|p2a: Garchomp\n|-singleturn|p2a: Garchomp|Protect\n|move|p2b: Rotom|Discharge|p1b: Brass|[spread] p1a,p1b\n|-activate|p2a: Garchomp|move: Protect\n|-supereffective|p1a: Roc\n|-damage|p1a: Roc|61\/100\n|-damage|p1b: Brass|82\/100\n|move|p1a: Roc|Brave Bird|p2a: Garchomp\n|-activate|p2a: Garchomp|move: Protect\n|\n|-weather|Sandstorm|[upkeep]\n|-damage|p2a: Garchomp|62\/100|[from] Sandstorm\n|-damage|p1b: Brass|76\/100|[from] Sandstorm\n|-damage|p2b: Rotom|95\/100|[from] Sandstorm\n|upkeep\n|turn|4\n|\n|t:|1683249382\n|move|p2a: Garchomp|Rock Slide|p1a: Roc|[spread] p1a,p1b\n|-supereffective|p1b: Brass\n|-damage|p1a: Roc|40\/100\n|-damage|p1b: Brass|4\/100\n|move|p1b: Brass|Outrage|p2a: Garchomp\n|-crit|p2a: Garchomp\n|-damage|p2a: Garchomp|0 fnt\n|-damage|p1b: Brass|0 fnt|[from] ability: Rough Skin|[of] p2a: Garchomp\n|faint|p2a: Garchomp\n|faint|p1b: Brass\n|move|p2b: Rotom|Hydro Pump|p1a: Roc\n|-damage|p1a: Roc|3\/100\n|move|p1a: Roc|Brave Bird|p2b: Rotom\n|-resisted|p2b: Rotom\n|-damage|p2b: Rotom|67\/100\n|-damage|p1a: Roc|0 fnt|[from] Recoil\n|faint|p1a: Roc\n|\n|-weather|Sandstorm|[upkeep]\n|-damage|p2b: Rotom|61\/100|[from] Sandstorm\n|upkeep\n|\n|t:|1683249399\n|switch|p2a: Orthworm|Orthworm, L50, F|100\/100\n|switch|p1b: Mimic|Gholdengo, L50, tera:Water|35\/100\n|turn|5\n|\n|t:|1683249409\n|move|p1b: Mimic|Hex|p2b: Rotom\n|-damage|p2b: Rotom|28\/100\n|move|p2b: Rotom|Volt Switch|p1b: Mimic\n|-supereffective|p1b: Mimic\n|-damage|p1b: Mimic|0 fnt\n|faint|p1b: Mimic\n|\n|win|odetojank3\n|raw|McDubbieEnthusiast's rating: 1393 → 1372<\/strong> (-21 for losing)\n|raw|odetojank3's rating: 1368 → 1389<\/strong> (+21 for winning)\n|l|\u2606odetojank3\n","uploadtime":1683249420,"views":15,"p1id":"mcdubbieenthusiast","p2id":"odetojank3","formatid":"gen9vgc2023regulationc","rating":1372,"private":0,"password":""}