{"id":"gen9vgc2023regulationc-1847690907","p1":"kaizerfattah","p2":"mikata310","format":"[Gen 9] VGC 2023 Regulation C","log":"|j|\u2606kaizerfattah\n|j|\u2606mikata310\n|t:|1681992881\n|gametype|doubles\n|player|p1|kaizerfattah|hilda-wonderlauncher|1294\n|player|p2|mikata310|2|1234\n|teamsize|p1|6\n|teamsize|p2|6\n|gen|9\n|tier|[Gen 9] VGC 2023 Regulation C\n|rated|\n|rule|Species Clause: Limit one of each Pok\u00e9mon\n|rule|Item Clause: Limit one of each item\n|clearpoke\n|poke|p1|Dachsbun, L50, F|\n|poke|p1|Flutter Mane, L50|\n|poke|p1|Baxcalibur, L50, F|\n|poke|p1|Chi-Yu, L50|\n|poke|p1|Azumarill, L50, F|\n|poke|p1|Iron Hands, L50|\n|poke|p2|Dragapult, L50, M|\n|poke|p2|Coalossal, L50, M|\n|poke|p2|Chien-Pao, L50|\n|poke|p2|Dragonite, L50, F|\n|poke|p2|Flutter Mane, L50|\n|poke|p2|Chi-Yu, L50|\n|teampreview|4\n|inactive|Battle timer is ON: inactive players will automatically lose when time's up. (requested by kaizerfattah)\n|\n|t:|1681992914\n|start\n|switch|p1a: Dachsbun|Dachsbun, L50, F|100\/100\n|switch|p1b: Chi-Yu|Chi-Yu, L50|100\/100\n|switch|p2a: Dragonite|Dragonite, L50, F|100\/100\n|switch|p2b: Coalossal|Coalossal, L50, M|100\/100\n|-ability|p1b: Chi-Yu|Beads of Ruin\n|turn|1\n|inactive|mikata310 has 30 seconds left.\n|\n|t:|1681992943\n|-terastallize|p1b: Chi-Yu|Grass\n|-terastallize|p2b: Coalossal|Ground\n|move|p2a: Dragonite|Aqua Jet|p2b: Coalossal\n|-supereffective|p2b: Coalossal\n|-damage|p2b: Coalossal|82\/100\n|-ability|p2b: Coalossal|Steam Engine|boost\n|-boost|p2b: Coalossal|spe|6\n|-enditem|p2b: Coalossal|Weakness Policy\n|-boost|p2b: Coalossal|atk|2|[from] item: Weakness Policy\n|-boost|p2b: Coalossal|spa|2|[from] item: Weakness Policy\n|move|p2b: Coalossal|Earthquake|p1a: Dachsbun|[spread] p1a,p1b\n|-immune|p2a: Dragonite\n|-resisted|p1b: Chi-Yu\n|-damage|p1a: Dachsbun|43\/100\n|-damage|p1b: Chi-Yu|56\/100\n|move|p1b: Chi-Yu|Lava Plume|p2a: Dragonite|[spread] p2a,p2b\n|-ability|p1a: Dachsbun|Well-Baked Body|boost\n|-boost|p1a: Dachsbun|def|2\n|-resisted|p2a: Dragonite\n|-damage|p2a: Dragonite|88\/100\n|-damage|p2b: Coalossal|28\/100\n|-status|p2b: Coalossal|brn\n|move|p1a: Dachsbun|Body Press|p2b: Coalossal\n|-damage|p2b: Coalossal|0 fnt\n|faint|p2b: Coalossal\n|\n|-heal|p1a: Dachsbun|49\/100|[from] item: Leftovers\n|upkeep\n|inactive|mikata310 has 30 seconds left.\n|inactive|mikata310 has 20 seconds left.\n|\n|t:|1681992980\n|switch|p2b: Chi-Yu|Chi-Yu, L50|100\/100\n|-ability|p2b: Chi-Yu|Beads of Ruin\n|turn|2\n|\n|t:|1681992987\n|move|p2a: Dragonite|Helping Hand|p2b: Chi-Yu\n|-singleturn|p2b: Chi-Yu|Helping Hand|[of] p2a: Dragonite\n|move|p2b: Chi-Yu|Heat Wave|p1b: Chi-Yu|[spread] p1b\n|-ability|p1a: Dachsbun|Well-Baked Body|boost\n|-boost|p1a: Dachsbun|def|2\n|-supereffective|p1b: Chi-Yu\n|-damage|p1b: Chi-Yu|0 fnt\n|faint|p1b: Chi-Yu\n|move|p1a: Dachsbun|Body Press|p2b: Chi-Yu\n|-supereffective|p2b: Chi-Yu\n|-damage|p2b: Chi-Yu|0 fnt\n|faint|p2b: Chi-Yu\n|\n|-heal|p1a: Dachsbun|55\/100|[from] item: Leftovers\n|upkeep\n|\n|t:|1681993005\n|switch|p2b: Flutter Mane|Flutter Mane, L50|100\/100\n|switch|p1b: Azumarill|Azumarill, L50, F|100\/100\n|turn|3\n|\n|t:|1681993016\n|move|p1a: Dachsbun|Protect|p1a: Dachsbun\n|-singleturn|p1a: Dachsbun|Protect\n|move|p2b: Flutter Mane|Shadow Ball|p1b: Azumarill\n|-damage|p1b: Azumarill|38\/100\n|-unboost|p1b: Azumarill|spd|1\n|move|p2a: Dragonite|Encore|p1a: Dachsbun\n|-activate|p1a: Dachsbun|move: Protect\n|move|p1b: Azumarill|Play Rough|p2a: Dragonite\n|-supereffective|p2a: Dragonite\n|-damage|p2a: Dragonite|0 fnt\n|faint|p2a: Dragonite\n|\n|-heal|p1a: Dachsbun|61\/100|[from] item: Leftovers\n|upkeep\n|turn|4\n|\n|t:|1681993037\n|move|p1b: Azumarill|Protect|p1b: Azumarill\n|-singleturn|p1b: Azumarill|Protect\n|move|p2b: Flutter Mane|Shadow Ball|p1b: Azumarill\n|-activate|p1b: Azumarill|move: Protect\n|move|p1a: Dachsbun|Yawn|p2b: Flutter Mane\n|-start|p2b: Flutter Mane|move: Yawn|[of] p1a: Dachsbun\n|\n|-heal|p1a: Dachsbun|68\/100|[from] item: Leftovers\n|upkeep\n|turn|5\n|inactive|mikata310 has 30 seconds left.\n|inactive|mikata310 has 20 seconds left.\n|\n|t:|1681993075\n|move|p1a: Dachsbun|Protect|p1a: Dachsbun\n|-singleturn|p1a: Dachsbun|Protect\n|move|p1b: Azumarill|Aqua Jet|p2b: Flutter Mane\n|-damage|p2b: Flutter Mane|40\/100\n|move|p2b: Flutter Mane|Shadow Ball|p1b: Azumarill\n|-damage|p1b: Azumarill|0 fnt\n|faint|p1b: Azumarill\n|\n|-heal|p1a: Dachsbun|74\/100|[from] item: Leftovers\n|-end|p2b: Flutter Mane|move: Yawn|[silent]\n|-status|p2b: Flutter Mane|slp\n|upkeep\n|-message|mikata310 forfeited.\n|\n|win|kaizerfattah\n|raw|kaizerfattah's rating: 1294 → 1315<\/strong> (+21 for winning)\n|raw|mikata310's rating: 1234 → 1213<\/strong> (-21 for losing)\n|l|\u2606mikata310\n","uploadtime":1681993248,"views":16,"p1id":"kaizerfattah","p2id":"mikata310","formatid":"gen9vgc2023regulationc","rating":1213,"private":0,"password":""}