{"id":"gen9vgc2023regulationc-1848849020","p1":"SL1D","p2":"Aurinko","format":"[Gen 9] VGC 2023 Regulation C","log":"|j|\u2606SL1D\n|j|\u2606Aurinko\n|t:|1682117213\n|gametype|doubles\n|player|p1|SL1D|palmer|1500\n|player|p2|Aurinko|170|1416\n|teamsize|p1|6\n|teamsize|p2|6\n|gen|9\n|tier|[Gen 9] VGC 2023 Regulation C\n|rated|\n|rule|Species Clause: Limit one of each Pok\u00e9mon\n|rule|Item Clause: Limit one of each item\n|clearpoke\n|poke|p1|Haxorus, L50, M|\n|poke|p1|Talonflame, L50, F|\n|poke|p1|Gyarados, L50, M|\n|poke|p1|Flutter Mane, L50|\n|poke|p1|Ting-Lu, L50|\n|poke|p1|Baxcalibur, L50, M|\n|poke|p2|Chien-Pao, L50|\n|poke|p2|Scream Tail, L50|\n|poke|p2|Iron Hands, L50|\n|poke|p2|Klefki, L50, F|\n|poke|p2|Garganacl, L50, M|\n|poke|p2|Wo-Chien, L50|\n|teampreview|4\n|inactive|Battle timer is ON: inactive players will automatically lose when time's up. (requested by SL1D)\n|inactive|SL1D has 60 seconds left.\n|inactive|SL1D has 30 seconds left.\n|inactive|SL1D has 20 seconds left.\n|\n|t:|1682117290\n|start\n|switch|p1a: Ting-Lu|Ting-Lu, L50|100\/100\n|switch|p1b: Flutter Mane|Flutter Mane, L50, shiny|100\/100\n|switch|p2a: Chien-Pao|Chien-Pao, L50|100\/100\n|switch|p2b: Garganacl|Garganacl, L50, M|100\/100\n|-ability|p2a: Chien-Pao|Sword of Ruin\n|-ability|p1a: Ting-Lu|Vessel of Ruin\n|turn|1\n|\n|t:|1682117308\n|-end|p1b: Flutter Mane|Protosynthesis|[silent]\n|switch|p1b: Gyarados|Gyarados, L50, M|100\/100\n|-ability|p1b: Gyarados|Intimidate|boost\n|-unboost|p2a: Chien-Pao|atk|1\n|-unboost|p2b: Garganacl|atk|1\n|move|p2a: Chien-Pao|Ice Spinner|p1b: Gyarados\n|-damage|p1b: Gyarados|66\/100\n|move|p1a: Ting-Lu|Fissure|p2b: Garganacl|[miss]\n|-miss|p1a: Ting-Lu|p2b: Garganacl\n|move|p2b: Garganacl|Rock Slide|p1b: Gyarados|[spread] p1a,p1b\n|-resisted|p1a: Ting-Lu\n|-supereffective|p1b: Gyarados\n|-damage|p1a: Ting-Lu|90\/100\n|-damage|p1b: Gyarados|0 fnt\n|faint|p1b: Gyarados\n|\n|upkeep\n|\n|t:|1682117322\n|switch|p1b: Flutter Mane|Flutter Mane, L50, shiny|100\/100\n|turn|2\n|inactive|Aurinko has 30 seconds left.\n|inactive|Aurinko has 20 seconds left.\n|inactive|Aurinko has 15 seconds left.\n|inactive|Aurinko has 10 seconds left.\n|inactive|Aurinko has 5 seconds left.\n|\n|t:|1682117377\n|move|p2a: Chien-Pao|Sucker Punch|p1a: Ting-Lu\n|-resisted|p1a: Ting-Lu\n|-crit|p1a: Ting-Lu\n|-damage|p1a: Ting-Lu|70\/100\n|move|p1b: Flutter Mane|Dazzling Gleam|p2b: Garganacl|[spread] p2a,p2b\n|-supereffective|p2a: Chien-Pao\n|-enditem|p2a: Chien-Pao|Focus Sash\n|-damage|p2a: Chien-Pao|1\/100\n|-damage|p2b: Garganacl|72\/100\n|move|p1a: Ting-Lu|Stomping Tantrum|p2b: Garganacl\n|-supereffective|p2b: Garganacl\n|-damage|p2b: Garganacl|0 fnt\n|faint|p2b: Garganacl\n|\n|upkeep\n|\n|t:|1682117394\n|switch|p2b: Scream Tail|Scream Tail, L50|100\/100\n|-enditem|p2b: Scream Tail|Booster Energy\n|-activate|p2b: Scream Tail|ability: Protosynthesis|[fromitem]\n|-start|p2b: Scream Tail|protosynthesisspe\n|turn|3\n|inactive|SL1D has 30 seconds left.\n|\n|t:|1682117428\n|-terastallize|p1b: Flutter Mane|Fairy\n|move|p2b: Scream Tail|Perish Song|p2b: Scream Tail\n|-start|p1a: Ting-Lu|perish3|[silent]\n|-start|p1b: Flutter Mane|perish3|[silent]\n|-start|p2a: Chien-Pao|perish3|[silent]\n|-start|p2b: Scream Tail|perish3|[silent]\n|-fieldactivate|move: Perish Song\n|move|p2a: Chien-Pao|Ice Spinner|p1a: Ting-Lu\n|-supereffective|p1a: Ting-Lu\n|-damage|p1a: Ting-Lu|33\/100\n|move|p1b: Flutter Mane|Dazzling Gleam|p2a: Chien-Pao|[spread] p2a,p2b\n|-supereffective|p2a: Chien-Pao\n|-damage|p2a: Chien-Pao|0 fnt\n|-damage|p2b: Scream Tail|73\/100\n|faint|p2a: Chien-Pao\n|move|p1a: Ting-Lu|Heavy Slam|p2b: Scream Tail\n|-supereffective|p2b: Scream Tail\n|-damage|p2b: Scream Tail|7\/100\n|\n|-start|p2b: Scream Tail|perish3\n|-start|p1b: Flutter Mane|perish3\n|-start|p1a: Ting-Lu|perish3\n|upkeep\n|inactive|Aurinko has 30 seconds left.\n|\n|t:|1682117454\n|switch|p2a: Wo-Chien|Wo-Chien, L50|100\/100\n|-ability|p2a: Wo-Chien|Tablets of Ruin\n|turn|4\n|inactive|Aurinko has 30 seconds left.\n|inactive|Aurinko has 20 seconds left.\n|inactive|Aurinko has 15 seconds left.\n|inactive|Aurinko has 10 seconds left.\n|j| zidanedude\n|inactive|Aurinko has 5 seconds left.\n|\n|t:|1682117509\n|-end|p1b: Flutter Mane|Protosynthesis|[silent]\n|switch|p1b: Baxcalibur|Baxcalibur, L50, M|100\/100\n|move|p2b: Scream Tail|Perish Song|p2b: Scream Tail\n|-start|p1b: Baxcalibur|perish3|[silent]\n|-start|p2a: Wo-Chien|perish3|[silent]\n|-fieldactivate|move: Perish Song\n|move|p2a: Wo-Chien|Giga Drain|p1a: Ting-Lu\n|-supereffective|p1a: Ting-Lu\n|-damage|p1a: Ting-Lu|12\/100\n|move|p1a: Ting-Lu|Heavy Slam|p2b: Scream Tail\n|-supereffective|p2b: Scream Tail\n|-damage|p2b: Scream Tail|0 fnt\n|faint|p2b: Scream Tail\n|-end|p2b: Scream Tail|Protosynthesis|[silent]\n|\n|-start|p1b: Baxcalibur|perish3\n|-start|p2a: Wo-Chien|perish3\n|-start|p1a: Ting-Lu|perish2\n|upkeep\n|turn|5\n|l|zidanedude\n|inactive|Aurinko has 30 seconds left.\n|inactive|Aurinko has 20 seconds left.\n|c|\u2606SL1D|perish song... lame... ;)\n|inactive|Aurinko has 15 seconds left.\n|inactive|Aurinko has 10 seconds left.\n|inactive|Aurinko has 5 seconds left.\n|-message|Aurinko forfeited.\n|\n|win|SL1D\n|raw|SL1D's rating: 1500 → 1515<\/strong> (+15 for winning)\n|raw|Aurinko's rating: 1416 → 1401<\/strong> (-15 for losing)\n|l|\u2606Aurinko\n","uploadtime":1682117620,"views":8,"p1id":"sl1d","p2id":"aurinko","formatid":"gen9vgc2023regulationc","rating":1401,"private":0,"password":""}