{"id":"gen9vgc2023regulationc-1847633853","p1":"UltimoRyu","p2":"crinaft","format":"[Gen 9] VGC 2023 Regulation C","log":"|j|\u2606UltimoRyu\n|j|\u2606crinaft\n|t:|1681985197\n|gametype|doubles\n|player|p1|UltimoRyu|steven|1159\n|player|p2|crinaft|170|1127\n|teamsize|p1|6\n|teamsize|p2|6\n|gen|9\n|tier|[Gen 9] VGC 2023 Regulation C\n|rated|\n|rule|Species Clause: Limit one of each Pok\u00e9mon\n|rule|Item Clause: Limit one of each item\n|clearpoke\n|poke|p1|Tinkaton, L50, F|\n|poke|p1|Gholdengo, L50|\n|poke|p1|Magnezone, L50|\n|poke|p1|Kingambit, L50, F|\n|poke|p1|Bronzong, L50|\n|poke|p1|Scizor, L50, M|\n|poke|p2|Maushold, L50|\n|poke|p2|Dragapult, L50, M|\n|poke|p2|Tyranitar, L50, F|\n|poke|p2|Dragonite, L50, F|\n|poke|p2|Amoonguss, L50, F|\n|poke|p2|Gholdengo, L50|\n|teampreview|4\n|c|\u2606crinaft|Steel gym steven vibes\n|c|\u2606crinaft|Respecccccc\n|c|\u2606crinaft|Need metagross\n|c|\u2606UltimoRyu|Maybe in the dlc lol\n|\n|t:|1681985300\n|start\n|switch|p1a: Tinkaton|Tinkaton, L50, F|100\/100\n|switch|p1b: Magnezone|Magnezone, L50|100\/100\n|switch|p2a: Dragapult|Dragapult, L50, M|100\/100\n|switch|p2b: Maushold|Maushold, L50|100\/100\n|-ability|p1a: Tinkaton|Mold Breaker\n|turn|1\n|c|\u2606crinaft|Hopefully\n|c|\u2606crinaft|Glhf\n|\n|t:|1681985343\n|move|p2a: Dragapult|Protect|p2a: Dragapult\n|-singleturn|p2a: Dragapult|Protect\n|move|p2b: Maushold|Taunt|p1b: Magnezone\n|-start|p1b: Magnezone|move: Taunt\n|move|p1a: Tinkaton|Thunder Wave|p2b: Maushold\n|-status|p2b: Maushold|par\n|move|p1b: Magnezone|Volt Switch|p2a: Dragapult\n|-activate|p2a: Dragapult|move: Protect\n|\n|upkeep\n|turn|2\n|\n|t:|1681985366\n|move|p2a: Dragapult|Phantom Force||[still]\n|-prepare|p2a: Dragapult|Phantom Force\n|move|p1a: Tinkaton|Gigaton Hammer|p2b: Maushold\n|-damage|p2b: Maushold|42\/100 par\n|move|p2b: Maushold|Taunt|p1a: Tinkaton\n|-start|p1a: Tinkaton|move: Taunt\n|move|p1b: Magnezone|Volt Switch|p2a: Dragapult|[miss]\n|-miss|p1b: Magnezone|p2a: Dragapult\n|\n|upkeep\n|turn|3\n|\n|t:|1681985387\n|switch|p1a: Kingambit|Kingambit, L50, F|100\/100\n|cant|p2b: Maushold|par\n|move|p2a: Dragapult|Phantom Force|p1a: Kingambit|[from]lockedmove\n|-resisted|p1a: Kingambit\n|-damage|p1a: Kingambit|79\/100\n|-damage|p2a: Dragapult|91\/100|[from] item: Life Orb\n|move|p1b: Magnezone|Volt Switch|p2a: Dragapult\n|-resisted|p2a: Dragapult\n|-damage|p2a: Dragapult|49\/100\n|\n|t:|1681985400\n|switch|p1b: Tinkaton|Tinkaton, L50, F|100\/100|[from] Volt Switch\n|-ability|p1b: Tinkaton|Mold Breaker\n|\n|-heal|p1a: Kingambit|85\/100|[from] item: Leftovers\n|upkeep\n|turn|4\n|c|\u2606crinaft|41???!??!\n|\n|t:|1681985431\n|move|p2a: Dragapult|Protect|p2a: Dragapult\n|-singleturn|p2a: Dragapult|Protect\n|move|p1b: Tinkaton|Fake Out|p2b: Maushold\n|-damage|p2b: Maushold|31\/100 par\n|cant|p2b: Maushold|flinch\n|move|p1a: Kingambit|Swords Dance|p1a: Kingambit\n|-boost|p1a: Kingambit|atk|2\n|\n|-heal|p1a: Kingambit|91\/100|[from] item: Leftovers\n|upkeep\n|turn|5\n|\n|t:|1681985458\n|move|p2a: Dragapult|Phantom Force||[still]\n|-prepare|p2a: Dragapult|Phantom Force\n|move|p1b: Tinkaton|Knock Off|p2b: Maushold\n|-damage|p2b: Maushold|5\/100 par\n|-enditem|p2b: Maushold|Safety Goggles|[from] move: Knock Off|[of] p1b: Tinkaton\n|move|p2b: Maushold|Encore|p1a: Kingambit\n|-start|p1a: Kingambit|Encore\n|move|p1a: Kingambit|Swords Dance|p1a: Kingambit\n|-boost|p1a: Kingambit|atk|2\n|\n|-heal|p1a: Kingambit|97\/100|[from] item: Leftovers\n|upkeep\n|turn|6\n|\n|t:|1681985484\n|move|p2a: Dragapult|Phantom Force|p1b: Tinkaton|[from]lockedmove\n|-damage|p1b: Tinkaton|34\/100\n|-damage|p2a: Dragapult|40\/100|[from] item: Life Orb\n|move|p1b: Tinkaton|Knock Off|p2a: Dragapult\n|-supereffective|p2a: Dragapult\n|-damage|p2a: Dragapult|0 fnt\n|-enditem|p2a: Dragapult|Life Orb|[from] move: Knock Off|[of] p1b: Tinkaton\n|faint|p2a: Dragapult\n|move|p2b: Maushold|Taunt|p1a: Kingambit\n|-start|p1a: Kingambit|move: Taunt\n|cant|p1a: Kingambit|move: Taunt|Swords Dance\n|\n|-heal|p1a: Kingambit|100\/100|[from] item: Leftovers\n|upkeep\n|\n|t:|1681985502\n|switch|p2a: Dragonite|Dragonite, L50, F|100\/100\n|turn|7\n|\n|t:|1681985533\n|switch|p1b: Gholdengo|Gholdengo, L50|100\/100\n|switch|p2b: Tyranitar|Tyranitar, L50, F|100\/100\n|-weather|Sandstorm|[from] ability: Sand Stream|[of] p2b: Tyranitar\n|switch|p1a: Magnezone|Magnezone, L50|100\/100\n|move|p2a: Dragonite|Tailwind|p2a: Dragonite\n|-sidestart|p2: crinaft|move: Tailwind\n|\n|-weather|Sandstorm|[upkeep]\n|-damage|p2a: Dragonite|95\/100|[from] Sandstorm\n|upkeep\n|turn|8\n|\n|t:|1681985559\n|switch|p2a: Maushold|Maushold, L50|5\/100 par\n|-terastallize|p2b: Tyranitar|Flying\n|move|p2b: Tyranitar|Dragon Dance|p2b: Tyranitar\n|-boost|p2b: Tyranitar|atk|1\n|-boost|p2b: Tyranitar|spe|1\n|move|p1b: Gholdengo|Make It Rain|p2a: Maushold|[spread] p2a,p2b\n|-damage|p2a: Maushold|0 fnt\n|-damage|p2b: Tyranitar|59\/100\n|-unboost|p1b: Gholdengo|spa|1\n|faint|p2a: Maushold\n|-damage|p1b: Gholdengo|91\/100|[from] item: Life Orb\n|move|p1a: Magnezone|Flash Cannon|p2b: Tyranitar\n|-damage|p2b: Tyranitar|0 fnt\n|faint|p2b: Tyranitar\n|\n|-weather|Sandstorm|[upkeep]\n|upkeep\n|c|\u2606crinaft|Gg\n|c|\u2606UltimoRyu|Gg\n|c|\u2606crinaft|No mag answer\n|c|\u2606crinaft|Lol\n|-message|crinaft forfeited.\n|\n|win|UltimoRyu\n|raw|UltimoRyu's rating: 1159 → 1182<\/strong> (+23 for winning)\n|raw|crinaft's rating: 1127 → 1104<\/strong> (-23 for losing)\n|c|\u2606crinaft|I jus switched from tera steel\n|c|\u2606crinaft|Unfort\n|c|\u2606crinaft|Gg\n|c|\u2606UltimoRyu|I just put this team together\n|c|\u2606UltimoRyu|gg!\n","uploadtime":1681985708,"views":17,"p1id":"ultimoryu","p2id":"crinaft","formatid":"gen9vgc2023regulationc","rating":1104,"private":0,"password":""}