{"id":"gen9vgc2023regulationc-1847204663","p1":"Bnt162b2","p2":"Piuz08","format":"[Gen 9] VGC 2023 Regulation C","log":"|j|\u2606Bnt162b2\n|j|\u2606Piuz08\n|t:|1681927616\n|gametype|doubles\n|player|p1|Bnt162b2|169|1099\n|player|p2|Piuz08|2|1079\n|teamsize|p1|6\n|teamsize|p2|6\n|gen|9\n|tier|[Gen 9] VGC 2023 Regulation C\n|rated|\n|rule|Species Clause: Limit one of each Pok\u00e9mon\n|rule|Item Clause: Limit one of each item\n|clearpoke\n|poke|p1|Palafin, L50, F|\n|poke|p1|Arcanine, L50, M|\n|poke|p1|Iron Hands, L50|\n|poke|p1|Flutter Mane, L50|\n|poke|p1|Amoonguss, L50, M|\n|poke|p1|Chien-Pao, L50|\n|poke|p2|Amoonguss, L50, F|\n|poke|p2|Dragapult, L50, F|\n|poke|p2|Volcarona, L50, M|\n|poke|p2|Flutter Mane, L50|\n|poke|p2|Azumarill, L50, M|\n|poke|p2|Chien-Pao, L50|\n|teampreview|4\n|inactive|Battle timer is ON: inactive players will automatically lose when time's up. (requested by Bnt162b2)\nBnt162b2 rejected open team sheets.\n|inactive|Piuz08 has 60 seconds left.\n|\n|t:|1681927710\n|start\n|switch|p1a: Iron Hands|Iron Hands, L50, shiny|100\/100\n|switch|p1b: Palafin|Palafin, L50, F|100\/100\n|switch|p2a: Dragapult|Dragapult, L50, F, shiny|100\/100\n|switch|p2b: Chien-Pao|Chien-Pao, L50|100\/100\n|-ability|p2b: Chien-Pao|Sword of Ruin\n|turn|1\n|inactive|Piuz08 has 30 seconds left.\n|inactive|Piuz08 has 20 seconds left.\n|inactive|Piuz08 has 15 seconds left.\n|inactive|Piuz08 has 10 seconds left.\n|\n|t:|1681927760\n|detailschange|p1b: Palafin|Palafin-Hero, L50, F\n|switch|p1b: Arcanine|Arcanine, L50, M, shiny|100\/100\n|-ability|p1b: Arcanine|Intimidate|boost\n|-fail|p2a: Dragapult|unboost|[from] ability: Clear Body|[of] p2a: Dragapult\n|-unboost|p2b: Chien-Pao|atk|1\n|move|p2b: Chien-Pao|Protect|p2b: Chien-Pao\n|-singleturn|p2b: Chien-Pao|Protect\n|move|p1a: Iron Hands|Fake Out|p2b: Chien-Pao\n|-activate|p2b: Chien-Pao|move: Protect\n|move|p2a: Dragapult|Phantom Force||[still]\n|-prepare|p2a: Dragapult|Phantom Force\n|\n|upkeep\n|turn|2\n|\n|t:|1681927781\n|switch|p2b: Volcarona|Volcarona, L50, M, shiny|100\/100\n|move|p2a: Dragapult|Phantom Force|p1a: Iron Hands|[from]lockedmove\n|-damage|p1a: Iron Hands|60\/100\n|-damage|p2a: Dragapult|91\/100|[from] item: Life Orb\n|move|p1b: Arcanine|Will-O-Wisp|p2a: Dragapult\n|-status|p2a: Dragapult|brn\n|move|p1a: Iron Hands|Volt Switch|p2b: Volcarona\n|-damage|p2b: Volcarona|89\/100\n|\n|t:|1681927793\n|-end|p1a: Iron Hands|Quark Drive|[silent]\n|switch|p1a: Palafin|Palafin-Hero, L50, F|100\/100|[from] Volt Switch\n|-activate|p1a: Palafin|ability: Zero to Hero\n|\n|-heal|p2b: Volcarona|95\/100|[from] item: Leftovers\n|-damage|p2a: Dragapult|85\/100 brn|[from] brn\n|upkeep\n|turn|3\n|\n|t:|1681927816\n|-terastallize|p2b: Volcarona|Water\n|move|p1a: Palafin|Protect|p1a: Palafin\n|-singleturn|p1a: Palafin|Protect\n|move|p2a: Dragapult|Dragon Darts|p1b: Arcanine\n|-damage|p1b: Arcanine|87\/100\n|-anim|p2a: Dragapult|Dragon Darts|p1b: Arcanine\n|-damage|p1b: Arcanine|73\/100\n|-damage|p2a: Dragapult|75\/100 brn|[from] item: Life Orb\n|move|p2b: Volcarona|Quiver Dance|p2b: Volcarona\n|-boost|p2b: Volcarona|spa|1\n|-boost|p2b: Volcarona|spd|1\n|-boost|p2b: Volcarona|spe|1\n|move|p1b: Arcanine|Flare Blitz|p2b: Volcarona\n|-resisted|p2b: Volcarona\n|-damage|p2b: Volcarona|66\/100\n|-damage|p1b: Arcanine|64\/100|[from] Recoil\n|\n|-heal|p2b: Volcarona|72\/100|[from] item: Leftovers\n|-damage|p2a: Dragapult|70\/100 brn|[from] brn\n|upkeep\n|turn|4\n|inactive|Piuz08 has 30 seconds left.\n|\n|t:|1681927845\n|move|p1b: Arcanine|Extreme Speed|p2b: Volcarona\n|-damage|p2b: Volcarona|47\/100\n|move|p2b: Volcarona|Bug Buzz|p1a: Palafin\n|-crit|p1a: Palafin\n|-damage|p1a: Palafin|8\/100\n|move|p2a: Dragapult|Dragon Dance|p2a: Dragapult\n|-boost|p2a: Dragapult|atk|1\n|-boost|p2a: Dragapult|spe|1\n|move|p1a: Palafin|Haze|p1a: Palafin\n|-clearallboost\n|\n|-heal|p2b: Volcarona|53\/100|[from] item: Leftovers\n|-damage|p2a: Dragapult|64\/100 brn|[from] brn\n|upkeep\n|turn|5\n|\n|t:|1681927861\n|-terastallize|p1a: Palafin|Water\n|move|p1b: Arcanine|Extreme Speed|p2b: Volcarona\n|-damage|p2b: Volcarona|27\/100\n|move|p1a: Palafin|Jet Punch|p2b: Volcarona\n|-resisted|p2b: Volcarona\n|-damage|p2b: Volcarona|0 fnt\n|-status|p1a: Palafin|brn|[from] ability: Flame Body|[of] p2b: Volcarona\n|faint|p2b: Volcarona\n|move|p2a: Dragapult|Dragon Darts|p1a: Palafin\n|-damage|p1a: Palafin|0 fnt\n|-anim|p2a: Dragapult|Dragon Darts|p1b: Arcanine\n|-damage|p1b: Arcanine|50\/100\n|faint|p1a: Palafin\n|-damage|p2a: Dragapult|54\/100 brn|[from] item: Life Orb\n|\n|-damage|p2a: Dragapult|48\/100 brn|[from] brn\n|upkeep\n|inactive|Piuz08 has 30 seconds left.\n|\n|t:|1681927892\n|switch|p2b: Amoonguss|Amoonguss, L50, F, shiny|100\/100\n|switch|p1a: Iron Hands|Iron Hands, L50, shiny|60\/100\n|turn|6\n|inactive|Piuz08 has 30 seconds left.\n|-message|Piuz08 forfeited.\n|\n|win|Bnt162b2\n|raw|Bnt162b2's rating: 1099 → 1123<\/strong> (+24 for winning)\n|raw|Piuz08's rating: 1079 → 1058<\/strong> (-21 for losing)\n|l|\u2606Piuz08\n","uploadtime":1681927926,"views":8,"p1id":"bnt162b2","p2id":"piuz08","formatid":"gen9vgc2023regulationc","rating":1058,"private":0,"password":""}