{"id":"gen9vgc2023regulationc-1849006782","p1":"willshpt","p2":"zach_1717","format":"[Gen 9] VGC 2023 Regulation C","log":"|j|\u2606willshpt\n|j|\u2606zach_1717\n|t:|1682137930\n|gametype|doubles\n|player|p1|willshpt|169|1044\n|player|p2|zach_1717|ruinmaniac|1077\n|teamsize|p1|6\n|teamsize|p2|6\n|gen|9\n|tier|[Gen 9] VGC 2023 Regulation C\n|rated|\n|rule|Species Clause: Limit one of each Pok\u00e9mon\n|rule|Item Clause: Limit one of each item\n|clearpoke\n|poke|p1|Rotom-Heat, L50|\n|poke|p1|Wo-Chien, L50|\n|poke|p1|Gyarados, L50, F|\n|poke|p1|Garchomp, L50, F|\n|poke|p1|Flutter Mane, L50|\n|poke|p1|Amoonguss, L50, F|\n|poke|p2|Kingambit, L50, M|\n|poke|p2|Iron Hands, L50|\n|poke|p2|Flutter Mane, L50|\n|poke|p2|Amoonguss, L50, M|\n|poke|p2|Baxcalibur, L50, M|\n|poke|p2|Gyarados, L50, F|\n|teampreview|4\n|c|\u2606willshpt|glhf!\n|c|\u2606zach_1717|glhf\n|inactive|Battle timer is ON: inactive players will automatically lose when time's up. (requested by willshpt)\n|\n|t:|1682137980\n|start\n|switch|p1a: Rotom|Rotom-Heat, L50|100\/100\n|switch|p1b: Garchomp|Garchomp, L50, F|100\/100\n|switch|p2a: Iron Hands|Iron Hands, L50|100\/100\n|switch|p2b: Baxcalibur|Baxcalibur, L50, M|100\/100\n|turn|1\n|inactive|willshpt has 30 seconds left.\n|inactive|zach_1717 has 30 seconds left.\n|inactive|willshpt has 20 seconds left.\n|inactive|zach_1717 has 20 seconds left.\n|inactive|zach_1717 has 15 seconds left.\n|inactive|zach_1717 has 10 seconds left.\n|\n|t:|1682138028\n|move|p2a: Iron Hands|Fake Out|p1b: Garchomp\n|-damage|p1b: Garchomp|85\/100\n|-damage|p2a: Iron Hands|88\/100|[from] ability: Rough Skin|[of] p1b: Garchomp\n|cant|p1b: Garchomp|flinch\n|move|p1a: Rotom|Will-O-Wisp|p2a: Iron Hands|[miss]\n|-miss|p1a: Rotom|p2a: Iron Hands\n|move|p2b: Baxcalibur|Swords Dance|p2b: Baxcalibur\n|-boost|p2b: Baxcalibur|atk|2\n|\n|upkeep\n|turn|2\n|inactive|zach_1717 has 30 seconds left.\n|\n|t:|1682138054\n|move|p2b: Baxcalibur|Ice Shard|p1b: Garchomp\n|-supereffective|p1b: Garchomp\n|-damage|p1b: Garchomp|0 fnt\n|faint|p1b: Garchomp\n|move|p1a: Rotom|Will-O-Wisp|p2b: Baxcalibur\n|-immune|p2b: Baxcalibur|[from] ability: Thermal Exchange\n|move|p2a: Iron Hands|Drain Punch|p1a: Rotom\n|-damage|p1a: Rotom|54\/100\n|-heal|p2a: Iron Hands|100\/100|[from] drain|[of] p1a: Rotom\n|\n|upkeep\n|\n|t:|1682138063\n|switch|p1b: Flutter Mane|Flutter Mane, L50|100\/100\n|-enditem|p1b: Flutter Mane|Booster Energy\n|-activate|p1b: Flutter Mane|ability: Protosynthesis|[fromitem]\n|-start|p1b: Flutter Mane|protosynthesisspa\n|turn|3\n|\n|t:|1682138083\n|move|p2b: Baxcalibur|Protect|p2b: Baxcalibur\n|-singleturn|p2b: Baxcalibur|Protect\n|move|p1b: Flutter Mane|Moonblast|p2b: Baxcalibur\n|-activate|p2b: Baxcalibur|move: Protect\n|move|p1a: Rotom|Will-O-Wisp|p2a: Iron Hands|[miss]\n|-miss|p1a: Rotom|p2a: Iron Hands\n|move|p2a: Iron Hands|Drain Punch|p1a: Rotom\n|-damage|p1a: Rotom|8\/100\n|\n|upkeep\n|turn|4\n|inactive|zach_1717 has 30 seconds left.\n|inactive|zach_1717 has 20 seconds left.\n|inactive|zach_1717 has 15 seconds left.\n|\n|t:|1682138126\n|move|p2b: Baxcalibur|Ice Shard|p1b: Flutter Mane\n|-damage|p1b: Flutter Mane|24\/100\n|move|p1b: Flutter Mane|Moonblast|p2b: Baxcalibur\n|-supereffective|p2b: Baxcalibur\n|-crit|p2b: Baxcalibur\n|-damage|p2b: Baxcalibur|0 fnt\n|faint|p2b: Baxcalibur\n|move|p1a: Rotom|Overheat|p2a: Iron Hands|[miss]\n|-miss|p1a: Rotom|p2a: Iron Hands\n|move|p2a: Iron Hands|Drain Punch|p1a: Rotom\n|-damage|p1a: Rotom|0 fnt\n|faint|p1a: Rotom\n|\n|upkeep\n|\n|t:|1682138144\n|switch|p1a: Wo-Chien|Wo-Chien, L50|100\/100\n|switch|p2b: Gyarados|Gyarados, L50, F|100\/100\n|-ability|p2b: Gyarados|Intimidate|boost\n|-unboost|p1a: Wo-Chien|atk|1\n|-unboost|p1b: Flutter Mane|atk|1\n|-ability|p1a: Wo-Chien|Tablets of Ruin\n|turn|5\n|\n|t:|1682138164\n|move|p2a: Iron Hands|Detect|p2a: Iron Hands\n|-singleturn|p2a: Iron Hands|Protect\n|move|p1b: Flutter Mane|Moonblast|p2a: Iron Hands\n|-activate|p2a: Iron Hands|move: Protect\n|move|p2b: Gyarados|Taunt|p1a: Wo-Chien\n|-start|p1a: Wo-Chien|move: Taunt\n|cant|p1a: Wo-Chien|move: Taunt|Leech Seed\n|\n|upkeep\n|turn|6\n|\n|t:|1682138185\n|move|p1b: Flutter Mane|Icy Wind|p2b: Gyarados|[spread] p2a,p2b\n|-damage|p2a: Iron Hands|85\/100\n|-damage|p2b: Gyarados|86\/100\n|-unboost|p2a: Iron Hands|spe|1\n|-unboost|p2b: Gyarados|spe|1\n|move|p1a: Wo-Chien|Pollen Puff|p1b: Flutter Mane\n|-heal|p1b: Flutter Mane|74\/100\n|move|p2b: Gyarados|Waterfall|p1b: Flutter Mane\n|-damage|p1b: Flutter Mane|26\/100\n|move|p2a: Iron Hands|Drain Punch|p1a: Wo-Chien\n|-supereffective|p1a: Wo-Chien\n|-damage|p1a: Wo-Chien|50\/100\n|-heal|p2a: Iron Hands|100\/100|[from] drain|[of] p1a: Wo-Chien\n|\n|-heal|p1a: Wo-Chien|57\/100|[from] item: Leftovers\n|upkeep\n|turn|7\n|\n|t:|1682138205\n|move|p1b: Flutter Mane|Moonblast|p2a: Iron Hands\n|-supereffective|p2a: Iron Hands\n|-damage|p2a: Iron Hands|1\/100\n|-unboost|p2a: Iron Hands|spa|1\n|move|p1a: Wo-Chien|Pollen Puff|p1b: Flutter Mane\n|-heal|p1b: Flutter Mane|75\/100\n|move|p2b: Gyarados|Thunder Wave|p1b: Flutter Mane\n|-status|p1b: Flutter Mane|par\n|move|p2a: Iron Hands|Drain Punch|p1a: Wo-Chien\n|-supereffective|p1a: Wo-Chien\n|-crit|p1a: Wo-Chien\n|-damage|p1a: Wo-Chien|0 fnt\n|-heal|p2a: Iron Hands|24\/100|[from] drain|[of] p1a: Wo-Chien\n|faint|p1a: Wo-Chien\n|\n|upkeep\n|turn|8\n|\n|t:|1682138224\n|move|p2a: Iron Hands|Detect|p2a: Iron Hands\n|-singleturn|p2a: Iron Hands|Protect\n|move|p1b: Flutter Mane|Moonblast|p2a: Iron Hands\n|-activate|p2a: Iron Hands|move: Protect\n|move|p2b: Gyarados|Waterfall|p1b: Flutter Mane\n|-damage|p1b: Flutter Mane|15\/100 par\n|\n|upkeep\n|turn|9\n|c|\u2606willshpt|ggwp\n|\n|t:|1682138235\n|-end|p2a: Iron Hands|Quark Drive|[silent]\n|switch|p2a: Flutter Mane|Flutter Mane, L50|100\/100\n|-enditem|p2a: Flutter Mane|Booster Energy\n|-activate|p2a: Flutter Mane|ability: Protosynthesis|[fromitem]\n|-start|p2a: Flutter Mane|protosynthesisspe\n|move|p1b: Flutter Mane|Icy Wind|p2a: Flutter Mane|[spread] p2a,p2b\n|-damage|p2a: Flutter Mane|84\/100\n|-damage|p2b: Gyarados|71\/100\n|-unboost|p2a: Flutter Mane|spe|1\n|-unboost|p2b: Gyarados|spe|1\n|move|p2b: Gyarados|Waterfall|p1b: Flutter Mane\n|-damage|p1b: Flutter Mane|0 fnt\n|faint|p1b: Flutter Mane\n|-end|p1b: Flutter Mane|Protosynthesis|[silent]\n|\n|win|zach_1717\n|raw|willshpt's rating: 1044 → 1029<\/strong> (-15 for losing)\n|raw|zach_1717's rating: 1077 → 1103<\/strong> (+26 for winning)\n|c|\u2606zach_1717|gg\n|l|\u2606willshpt\n","uploadtime":1682138260,"views":10,"p1id":"willshpt","p2id":"zach1717","formatid":"gen9vgc2023regulationc","rating":1029,"private":0,"password":""}