{"id":"gen9vgc2023regulationc-1847562328","p1":"FerdiVGC","p2":"xingtian666","format":"[Gen 9] VGC 2023 Regulation C","log":"|j|\u2606FerdiVGC\n|j|\u2606xingtian666\n|t:|1681973895\n|gametype|doubles\n|player|p1|FerdiVGC|1|1410\n|player|p2|xingtian666|102|1394\n|teamsize|p1|6\n|teamsize|p2|6\n|gen|9\n|tier|[Gen 9] VGC 2023 Regulation C\n|rated|\n|rule|Species Clause: Limit one of each Pok\u00e9mon\n|rule|Item Clause: Limit one of each item\n|clearpoke\n|poke|p1|Baxcalibur, L50, M|\n|poke|p1|Gholdengo, L50|\n|poke|p1|Iron Jugulis, L50|\n|poke|p1|Tauros-Paldea-Blaze, L50, M|\n|poke|p1|Gyarados, L50, M|\n|poke|p1|Amoonguss, L50, M|\n|poke|p2|Ting-Lu, L50|\n|poke|p2|Amoonguss, L50, F|\n|poke|p2|Abomasnow, L50, M|\n|poke|p2|Iron Bundle, L50|\n|poke|p2|Baxcalibur, L50, M|\n|poke|p2|Gyarados, L50, M|\n|teampreview|4\n|inactive|Battle timer is ON: inactive players will automatically lose when time's up. (requested by xingtian666)\nFerdiVGC has agreed to open team sheets.\n|inactive|FerdiVGC has 60 seconds left.\n|inactive|xingtian666 has 60 seconds left.\n|\n|t:|1681973934\n|start\n|switch|p1a: Gyarados|Gyarados, L50, M|100\/100\n|switch|p1b: Baxcalibur|Baxcalibur, L50, M|100\/100\n|switch|p2a: Ting-Lu|Ting-Lu, L50|100\/100\n|switch|p2b: Gyarados|Gyarados, L50, M, shiny|100\/100\n|-ability|p2b: Gyarados|Intimidate|boost\n|-unboost|p1a: Gyarados|atk|1\n|-unboost|p1b: Baxcalibur|atk|1\n|-ability|p1a: Gyarados|Intimidate|boost\n|-fail|p2a: Ting-Lu|unboost|[from] item: Clear Amulet|[of] p2a: Ting-Lu\n|-unboost|p2b: Gyarados|atk|1\n|-ability|p2a: Ting-Lu|Vessel of Ruin\n|turn|1\n|\n|t:|1681973957\n|-terastallize|p2b: Gyarados|Electric\n|move|p2b: Gyarados|Tera Blast|p1a: Gyarados\n|-supereffective|p1a: Gyarados\n|-damage|p1a: Gyarados|0 fnt\n|faint|p1a: Gyarados\n|-damage|p2b: Gyarados|91\/100|[from] item: Life Orb\n|move|p1b: Baxcalibur|Swords Dance|p1b: Baxcalibur\n|-boost|p1b: Baxcalibur|atk|2\n|move|p2a: Ting-Lu|Fissure|p1b: Baxcalibur|[miss]\n|-miss|p2a: Ting-Lu|p1b: Baxcalibur\n|\n|upkeep\n|\n|t:|1681973977\n|switch|p1a: Tauros|Tauros-Paldea-Blaze, L50, M|100\/100\n|-ability|p1a: Tauros|Intimidate|boost\n|-fail|p2a: Ting-Lu|unboost|[from] item: Clear Amulet|[of] p2a: Ting-Lu\n|-unboost|p2b: Gyarados|atk|1\n|turn|2\n|\n|t:|1681974001\n|switch|p2b: Iron Bundle|Iron Bundle, L50, shiny|100\/100\n|-enditem|p2b: Iron Bundle|Booster Energy\n|-activate|p2b: Iron Bundle|ability: Quark Drive|[fromitem]\n|-start|p2b: Iron Bundle|quarkdrivespe\n|-terastallize|p1a: Tauros|Grass\n|move|p2a: Ting-Lu|Protect|p2a: Ting-Lu\n|-singleturn|p2a: Ting-Lu|Protect\n|move|p1a: Tauros|Will-O-Wisp|p2b: Iron Bundle|[miss]\n|-miss|p1a: Tauros|p2b: Iron Bundle\n|move|p1b: Baxcalibur|Swords Dance|p1b: Baxcalibur\n|-boost|p1b: Baxcalibur|atk|2\n|\n|upkeep\n|turn|3\n|inactive|FerdiVGC has 30 seconds left.\n|\n|t:|1681974031\n|switch|p1a: Gholdengo|Gholdengo, L50|100\/100\n|switch|p2a: Abomasnow|Abomasnow, L50, M, shiny|100\/100\n|-weather|Snow|[from] ability: Snow Warning|[of] p2a: Abomasnow\n|move|p2b: Iron Bundle|Blizzard|p1b: Baxcalibur|[spread] p1a,p1b\n|-resisted|p1a: Gholdengo\n|-damage|p1a: Gholdengo|84\/100\n|-damage|p1b: Baxcalibur|68\/100\n|move|p1b: Baxcalibur|Glaive Rush|p2a: Abomasnow\n|-damage|p2a: Abomasnow|0 fnt\n|-singlemove|p1b: Baxcalibur|Glaive Rush|[silent]\n|faint|p2a: Abomasnow\n|\n|-weather|Snow|[upkeep]\n|upkeep\n|\n|t:|1681974047\n|switch|p2a: Gyarados|Gyarados, L50, M, shiny, tera:Electric|91\/100\n|-ability|p2a: Gyarados|Intimidate|boost\n|-unboost|p1a: Gholdengo|atk|1\n|-unboost|p1b: Baxcalibur|atk|1\n|turn|4\n|\n|t:|1681974060\n|move|p1b: Baxcalibur|Ice Shard|p2a: Gyarados\n|-damage|p2a: Gyarados|39\/100\n|move|p2b: Iron Bundle|Blizzard|p1b: Baxcalibur|[spread] p1a,p1b\n|-resisted|p1a: Gholdengo\n|-crit|p1a: Gholdengo\n|-damage|p1a: Gholdengo|59\/100\n|-damage|p1b: Baxcalibur|37\/100\n|-status|p1a: Gholdengo|frz\n|move|p2a: Gyarados|Tera Blast|p1a: Gholdengo\n|-damage|p1a: Gholdengo|10\/100 frz\n|-damage|p2a: Gyarados|30\/100|[from] item: Life Orb\n|cant|p1a: Gholdengo|frz\n|\n|-weather|Snow|[upkeep]\n|upkeep\n|turn|5\n|inactive|FerdiVGC has 30 seconds left.\n|\n|t:|1681974093\n|move|p2a: Gyarados|Protect|p2a: Gyarados\n|-singleturn|p2a: Gyarados|Protect\n|move|p1b: Baxcalibur|Protect|p1b: Baxcalibur\n|-singleturn|p1b: Baxcalibur|Protect\n|move|p2b: Iron Bundle|Blizzard|p1b: Baxcalibur|[spread] p1a\n|-activate|p1b: Baxcalibur|move: Protect\n|-resisted|p1a: Gholdengo\n|-crit|p1a: Gholdengo\n|-damage|p1a: Gholdengo|0 fnt\n|faint|p1a: Gholdengo\n|\n|-weather|Snow|[upkeep]\n|upkeep\n|\n|t:|1681974102\n|switch|p1a: Tauros|Tauros-Paldea-Blaze, L50, M, tera:Grass|100\/100\n|-ability|p1a: Tauros|Intimidate|boost\n|-unboost|p2a: Gyarados|atk|1\n|-unboost|p2b: Iron Bundle|atk|1\n|turn|6\n|\n|t:|1681974112\n|move|p1a: Tauros|Protect|p1a: Tauros\n|-singleturn|p1a: Tauros|Protect\n|move|p2b: Iron Bundle|Blizzard|p1a: Tauros|[spread] p1b\n|-activate|p1a: Tauros|move: Protect\n|-damage|p1b: Baxcalibur|8\/100\n|move|p2a: Gyarados|Waterfall|p1b: Baxcalibur\n|-resisted|p1b: Baxcalibur\n|-damage|p1b: Baxcalibur|0 fnt\n|faint|p1b: Baxcalibur\n|-damage|p2a: Gyarados|20\/100|[from] item: Life Orb\n|\n|-weather|Snow|[upkeep]\n|upkeep\n|turn|7\n|\n|t:|1681974130\n|move|p2b: Iron Bundle|Blizzard|p1a: Tauros\n|-supereffective|p1a: Tauros\n|-damage|p1a: Tauros|0 fnt\n|faint|p1a: Tauros\n|\n|win|xingtian666\n|raw|FerdiVGC's rating: 1410 → 1389<\/strong> (-21 for losing)\n|raw|xingtian666's rating: 1394 → 1415<\/strong> (+21 for winning)\n|l|\u2606FerdiVGC\n","uploadtime":1681974156,"views":5,"p1id":"ferdivgc","p2id":"xingtian666","formatid":"gen9vgc2023regulationc","rating":1389,"private":0,"password":""}