{"id":"gen9vgc2023regulationc-1851386532","p1":"Doomtheboomkin","p2":"bluezuzu","format":"[Gen 9] VGC 2023 Regulation C","log":"|j|\u2606Doomtheboomkin\n|j|\u2606bluezuzu\n|t:|1682440973\n|gametype|doubles\n|player|p1|Doomtheboomkin|shadowtriad|1105\n|player|p2|bluezuzu|265|1040\n|teamsize|p1|6\n|teamsize|p2|6\n|gen|9\n|tier|[Gen 9] VGC 2023 Regulation C\n|rated|\n|rule|Species Clause: Limit one of each Pok\u00e9mon\n|rule|Item Clause: Limit one of each item\n|clearpoke\n|poke|p1|Baxcalibur, L50, M|\n|poke|p1|Chien-Pao, L50|\n|poke|p1|Dragonite, L50, F|\n|poke|p1|Palafin, L50, M|\n|poke|p1|Pelipper, L50, M|\n|poke|p1|Amoonguss, L50, F|\n|poke|p2|Tyranitar, L50, M|\n|poke|p2|Gastrodon, L50, M|\n|poke|p2|Scizor, L50, F|\n|poke|p2|Arcanine, L50, F|\n|poke|p2|Magnezone, L50|\n|poke|p2|Sylveon, L50, M|\n|teampreview|4\n|inactive|Battle timer is ON: inactive players will automatically lose when time's up. (requested by Doomtheboomkin)\n|inactive|bluezuzu has 60 seconds left.\n|inactive|bluezuzu has 30 seconds left.\n|inactive|bluezuzu has 20 seconds left.\n|inactive|bluezuzu has 15 seconds left.\n|inactive|bluezuzu has 10 seconds left.\n|\n|t:|1682441056\n|start\n|switch|p1a: Chien-Pao|Chien-Pao, L50|100\/100\n|switch|p1b: Dragonite|Dragonite, L50, F|100\/100\n|switch|p2a: Arcanine|Arcanine, L50, F|100\/100\n|switch|p2b: Tyranitar|Tyranitar, L50, M|100\/100\n|-ability|p1a: Chien-Pao|Sword of Ruin\n|-ability|p2a: Arcanine|Intimidate|boost\n|-unboost|p1a: Chien-Pao|atk|1\n|-unboost|p1b: Dragonite|atk|1\n|-weather|Sandstorm|[from] ability: Sand Stream|[of] p2b: Tyranitar\n|turn|1\n|inactive|bluezuzu has 30 seconds left.\n|\n|t:|1682441082\n|move|p1a: Chien-Pao|Protect|p1a: Chien-Pao\n|-singleturn|p1a: Chien-Pao|Protect\n|move|p1b: Dragonite|Protect|p1b: Dragonite\n|-singleturn|p1b: Dragonite|Protect\n|move|p2b: Tyranitar|Protect|p2b: Tyranitar\n|-singleturn|p2b: Tyranitar|Protect\n|move|p2a: Arcanine|Will-O-Wisp|p1a: Chien-Pao\n|-activate|p1a: Chien-Pao|move: Protect\n|\n|-weather|Sandstorm|[upkeep]\n|-damage|p1a: Chien-Pao|95\/100|[from] Sandstorm\n|-damage|p1b: Dragonite|95\/100|[from] Sandstorm\n|upkeep\n|turn|2\n|inactive|bluezuzu has 30 seconds left.\n|inactive|bluezuzu has 20 seconds left.\n|inactive|bluezuzu has 15 seconds left.\n|\n|t:|1682441125\n|switch|p1a: Baxcalibur|Baxcalibur, L50, M|100\/100\n|switch|p2b: Sylveon|Sylveon, L50, M|100\/100\n|move|p2a: Arcanine|Heat Wave|p1a: Baxcalibur|[spread] p1a,p1b\n|-resisted|p1b: Dragonite\n|-damage|p1a: Baxcalibur|77\/100\n|-damage|p1b: Dragonite|83\/100\n|-ability|p1a: Baxcalibur|Thermal Exchange|boost\n|-boost|p1a: Baxcalibur|atk|1\n|move|p1b: Dragonite|Stomping Tantrum|p2a: Arcanine\n|-supereffective|p2a: Arcanine\n|-damage|p2a: Arcanine|61\/100\n|\n|-weather|Sandstorm|[upkeep]\n|-damage|p1a: Baxcalibur|71\/100|[from] Sandstorm\n|-damage|p1b: Dragonite|77\/100|[from] Sandstorm\n|-damage|p2b: Sylveon|94\/100|[from] Sandstorm\n|upkeep\n|turn|3\n|inactive|bluezuzu has 30 seconds left.\n|\n|t:|1682441153\n|switch|p1b: Amoonguss|Amoonguss, L50, F|100\/100\n|-terastallize|p1a: Baxcalibur|Poison\n|move|p2a: Arcanine|Will-O-Wisp|p1a: Baxcalibur\n|-immune|p1a: Baxcalibur|[from] ability: Thermal Exchange\n|move|p1a: Baxcalibur|Icicle Crash|p2b: Sylveon\n|-damage|p2b: Sylveon|0 fnt\n|faint|p2b: Sylveon\n|\n|-weather|Sandstorm|[upkeep]\n|-damage|p1a: Baxcalibur|65\/100|[from] Sandstorm\n|-damage|p1b: Amoonguss|95\/100|[from] Sandstorm\n|upkeep\n|\n|t:|1682441177\n|switch|p2b: Scizor|Scizor, L50, F|100\/100\n|turn|4\n|inactive|bluezuzu has 30 seconds left.\n|inactive|bluezuzu has 20 seconds left.\n|inactive|bluezuzu has 15 seconds left.\n|inactive|bluezuzu has 10 seconds left.\n|inactive|bluezuzu has 5 seconds left.\n|\n|t:|1682441230\n|move|p2a: Arcanine|Heat Wave|p1b: Amoonguss|[spread] p1a\n|-miss|p2a: Arcanine|p1b: Amoonguss\n|-damage|p1a: Baxcalibur|42\/100\n|-ability|p1a: Baxcalibur|Thermal Exchange|boost\n|-boost|p1a: Baxcalibur|atk|1\n|move|p1a: Baxcalibur|Glaive Rush|p2b: Scizor\n|-resisted|p2b: Scizor\n|-damage|p2b: Scizor|19\/100\n|-singlemove|p1a: Baxcalibur|Glaive Rush|[silent]\n|move|p2b: Scizor|Swords Dance|p2b: Scizor\n|-boost|p2b: Scizor|atk|2\n|move|p1b: Amoonguss|Pollen Puff|p1a: Baxcalibur\n|-heal|p1a: Baxcalibur|92\/100\n|\n|-weather|Sandstorm|[upkeep]\n|-damage|p1a: Baxcalibur|86\/100|[from] Sandstorm\n|-damage|p1b: Amoonguss|89\/100|[from] Sandstorm\n|upkeep\n|turn|5\n|inactive|Doomtheboomkin has 30 seconds left.\n|inactive|bluezuzu has 30 seconds left.\n|\n|t:|1682441264\n|move|p1a: Baxcalibur|Protect|p1a: Baxcalibur\n|-singleturn|p1a: Baxcalibur|Protect\n|move|p2b: Scizor|Bullet Punch|p1a: Baxcalibur\n|-activate|p1a: Baxcalibur|move: Protect\n|move|p2a: Arcanine|Heat Wave|p1b: Amoonguss|[spread] p1b\n|-activate|p1a: Baxcalibur|move: Protect\n|-supereffective|p1b: Amoonguss\n|-damage|p1b: Amoonguss|44\/100\n|move|p1b: Amoonguss|Spore|p2b: Scizor\n|-status|p2b: Scizor|slp|[from] move: Spore\n|\n|-weather|none\n|upkeep\n|turn|6\n|inactive|bluezuzu has 30 seconds left.\n|inactive|bluezuzu has 20 seconds left.\n|inactive|bluezuzu has 15 seconds left.\n|inactive|bluezuzu has 10 seconds left.\n|\n|t:|1682441313\n|switch|p2b: Tyranitar|Tyranitar, L50, M|100\/100\n|-weather|Sandstorm|[from] ability: Sand Stream|[of] p2b: Tyranitar\n|switch|p1b: Dragonite|Dragonite, L50, F|77\/100\n|move|p2a: Arcanine|Snarl|p1a: Baxcalibur|[spread] p1a,p1b\n|-damage|p1a: Baxcalibur|75\/100\n|-damage|p1b: Dragonite|66\/100\n|-unboost|p1b: Dragonite|spa|1\n|move|p1a: Baxcalibur|Icicle Crash|p2b: Tyranitar\n|-damage|p2b: Tyranitar|11\/100\n|\n|-weather|Sandstorm|[upkeep]\n|-damage|p1a: Baxcalibur|69\/100|[from] Sandstorm\n|-damage|p1b: Dragonite|61\/100|[from] Sandstorm\n|upkeep\n|turn|7\n|inactive|Doomtheboomkin has 30 seconds left.\n|inactive|bluezuzu has 30 seconds left.\n|inactive|bluezuzu has 20 seconds left.\n|inactive|bluezuzu has 15 seconds left.\n|inactive|bluezuzu has 10 seconds left.\n|inactive|bluezuzu has 5 seconds left.\n|\n|t:|1682441364\n|move|p2b: Tyranitar|Protect|p2b: Tyranitar\n|-singleturn|p2b: Tyranitar|Protect\n|move|p1a: Baxcalibur|Ice Shard|p2b: Tyranitar\n|-activate|p2b: Tyranitar|move: Protect\n|move|p2a: Arcanine|Will-O-Wisp|p1b: Dragonite\n|-status|p1b: Dragonite|brn\n|-enditem|p1b: Dragonite|Lum Berry|[eat]\n|-curestatus|p1b: Dragonite|brn|[msg]\n|move|p1b: Dragonite|Stomping Tantrum|p2a: Arcanine\n|-supereffective|p2a: Arcanine\n|-damage|p2a: Arcanine|0 fnt\n|faint|p2a: Arcanine\n|\n|-weather|Sandstorm|[upkeep]\n|-damage|p1a: Baxcalibur|63\/100|[from] Sandstorm\n|-damage|p1b: Dragonite|55\/100|[from] Sandstorm\n|upkeep\n|\n|t:|1682441381\n|switch|p2a: Scizor|Scizor, L50, F|19\/100 slp\n|turn|8\n|\n|t:|1682441401\n|move|p1a: Baxcalibur|Ice Shard|p2b: Tyranitar\n|-damage|p2b: Tyranitar|0 fnt\n|faint|p2b: Tyranitar\n|cant|p2a: Scizor|slp\n|move|p1b: Dragonite|Stomping Tantrum|p2a: Scizor\n|-damage|p2a: Scizor|0 fnt\n|faint|p2a: Scizor\n|\n|win|Doomtheboomkin\n|raw|Doomtheboomkin's rating: 1105 → 1125<\/strong> (+20 for winning)\n|raw|bluezuzu's rating: 1040 → 1027<\/strong> (-13 for losing)\n|l|\u2606bluezuzu\n","uploadtime":1682441416,"views":5,"p1id":"doomtheboomkin","p2id":"bluezuzu","formatid":"gen9vgc2023regulationc","rating":1027,"private":0,"password":""}