{"id":"gen9vgc2023regulationc-1847119510","p1":"HamterKY","p2":"Ultratests","format":"[Gen 9] VGC 2023 Regulation C","log":"|j|\u2606HamterKY\n|j|\u2606Ultratests\n|t:|1681920674\n|gametype|doubles\n|player|p1|HamterKY|wally|1357\n|player|p2|Ultratests|265|1446\n|teamsize|p1|6\n|teamsize|p2|6\n|gen|9\n|tier|[Gen 9] VGC 2023 Regulation C\n|rated|\n|rule|Species Clause: Limit one of each Pok\u00e9mon\n|rule|Item Clause: Limit one of each item\n|clearpoke\n|poke|p1|Dondozo, L50, M|\n|poke|p1|Tatsugiri, L50, F|\n|poke|p1|Glimmora, L50, M|\n|poke|p1|Dragonite, L50, M|\n|poke|p1|Chien-Pao, L50|\n|poke|p1|Maushold-Four, L50|\n|poke|p2|Baxcalibur, L50, M|\n|poke|p2|Amoonguss, L50, F|\n|poke|p2|Ting-Lu, L50|\n|poke|p2|Gholdengo, L50|\n|poke|p2|Murkrow, L50, M|\n|poke|p2|Gyarados, L50, F|\n|teampreview|4\nHamterKY has agreed to open team sheets.\nUltratests has agreed to open team sheets.\n|\n|t:|1681920733\n|start\n|switch|p1a: Maushold|Maushold-Four, L50|100\/100\n|switch|p1b: Glimmora|Glimmora, L50, M, shiny|100\/100\n|switch|p2a: Baxcalibur|Baxcalibur, L50, M|100\/100\n|switch|p2b: Amoonguss|Amoonguss, L50, F|100\/100\n|turn|1\n|\n|t:|1681920765\n|move|p1a: Maushold|Follow Me|p1a: Maushold\n|-singleturn|p1a: Maushold|move: Follow Me\n|move|p2b: Amoonguss|Rage Powder|p2b: Amoonguss\n|-singleturn|p2b: Amoonguss|move: Rage Powder\n|move|p2a: Baxcalibur|Swords Dance|p2a: Baxcalibur\n|-boost|p2a: Baxcalibur|atk|2\n|move|p1b: Glimmora|Earth Power|p2b: Amoonguss\n|-damage|p2b: Amoonguss|71\/100\n|\n|upkeep\n|turn|2\n|\n|t:|1681920788\n|move|p1a: Maushold|Feint|p2a: Baxcalibur\n|-damage|p2a: Baxcalibur|94\/100\n|move|p2b: Amoonguss|Rage Powder|p2b: Amoonguss\n|-singleturn|p2b: Amoonguss|move: Rage Powder\n|move|p2a: Baxcalibur|Glaive Rush|p1b: Glimmora\n|-damage|p1b: Glimmora|2\/100\n|-singlemove|p2a: Baxcalibur|Glaive Rush|[silent]\n|-activate|p1b: Glimmora|ability: Toxic Debris\n|-sidestart|p2: Ultratests|move: Toxic Spikes\n|move|p1b: Glimmora|Power Gem|p2b: Amoonguss\n|-damage|p2b: Amoonguss|34\/100\n|-enditem|p2b: Amoonguss|Sitrus Berry|[eat]\n|-heal|p2b: Amoonguss|59\/100|[from] item: Sitrus Berry\n|\n|upkeep\n|turn|3\n|\n|t:|1681920825\n|move|p1a: Maushold|Follow Me|p1a: Maushold\n|-singleturn|p1a: Maushold|move: Follow Me\n|move|p2b: Amoonguss|Rage Powder|p2b: Amoonguss\n|-singleturn|p2b: Amoonguss|move: Rage Powder\n|move|p2a: Baxcalibur|Ice Shard|p1a: Maushold\n|-damage|p1a: Maushold|50\/100\n|move|p1b: Glimmora|Power Gem|p2b: Amoonguss\n|-damage|p2b: Amoonguss|24\/100\n|\n|upkeep\n|turn|4\n|\n|t:|1681920855\n|move|p1a: Maushold|Follow Me|p1a: Maushold\n|-singleturn|p1a: Maushold|move: Follow Me\n|move|p2a: Baxcalibur|Ice Shard|p1a: Maushold\n|-damage|p1a: Maushold|0 fnt\n|faint|p1a: Maushold\n|move|p1b: Glimmora|Mortal Spin|p2b: Amoonguss|[spread] p2a,p2b\n|-damage|p2a: Baxcalibur|90\/100\n|-damage|p2b: Amoonguss|20\/100\n|-status|p2a: Baxcalibur|psn\n|move|p2b: Amoonguss|Pollen Puff|p1b: Glimmora\n|-resisted|p1b: Glimmora\n|-damage|p1b: Glimmora|0 fnt\n|faint|p1b: Glimmora\n|\n|-damage|p2a: Baxcalibur|77\/100 psn|[from] psn\n|upkeep\n|\n|t:|1681920867\n|switch|p1a: Dragonite|Dragonite, L50, M, shiny|100\/100\n|switch|p1b: Chien-Pao|Chien-Pao, L50|100\/100\n|-ability|p1b: Chien-Pao|Sword of Ruin\n|turn|5\n|\n|t:|1681920899\n|-terastallize|p1a: Dragonite|Normal\n|move|p1a: Dragonite|Extreme Speed|p2a: Baxcalibur\n|-damage|p2a: Baxcalibur|0 fnt\n|faint|p2a: Baxcalibur\n|move|p1b: Chien-Pao|Ice Spinner|p2b: Amoonguss\n|-supereffective|p2b: Amoonguss\n|-damage|p2b: Amoonguss|0 fnt\n|faint|p2b: Amoonguss\n|\n|upkeep\n|\n|t:|1681920906\n|switch|p2a: Murkrow|Murkrow, L50, M|100\/100\n|switch|p2b: Gholdengo|Gholdengo, L50|100\/100\n|turn|6\n|\n|t:|1681920933\n|move|p1a: Dragonite|Extreme Speed|p2a: Murkrow\n|-damage|p2a: Murkrow|0 fnt\n|faint|p2a: Murkrow\n|move|p1b: Chien-Pao|Sucker Punch||[still]\n|-fail|p1b: Chien-Pao\n|move|p2b: Gholdengo|Trick|p1b: Chien-Pao\n|-activate|p2b: Gholdengo|move: Trick|[of] p1b: Chien-Pao\n|-item|p1b: Chien-Pao|Choice Specs|[from] move: Trick\n|-item|p2b: Gholdengo|Focus Sash|[from] move: Trick\n|\n|upkeep\n|turn|7\n|\n|t:|1681920949\n|-terastallize|p2b: Gholdengo|Flying\n|move|p1a: Dragonite|Extreme Speed|p2b: Gholdengo\n|-enditem|p2b: Gholdengo|Focus Sash\n|-damage|p2b: Gholdengo|1\/100\n|move|p1b: Chien-Pao|Sucker Punch|p2b: Gholdengo\n|-damage|p2b: Gholdengo|0 fnt\n|faint|p2b: Gholdengo\n|\n|win|HamterKY\n|raw|HamterKY's rating: 1357 → 1382<\/strong> (+25 for winning)\n|raw|Ultratests's rating: 1446 → 1421<\/strong> (-25 for losing)\n","uploadtime":1681920970,"views":5,"p1id":"hamterky","p2id":"ultratests","formatid":"gen9vgc2023regulationc","rating":1382,"private":0,"password":""}