{"id":"gen9vgc2023regulationc-1854119601","p1":"Just_SamueIe","p2":"Jdaboy1337","format":"[Gen 9] VGC 2023 Regulation C","log":"|j|\u2606Just_SamueIe\n|j|\u2606Jdaboy1337\n|t:|1682772394\n|gametype|doubles\n|player|p1|Just_SamueIe|chase|1332\n|player|p2|Jdaboy1337|fisherman-gen4|1354\n|teamsize|p1|6\n|teamsize|p2|6\n|gen|9\n|tier|[Gen 9] VGC 2023 Regulation C\n|rated|\n|rule|Species Clause: Limit one of each Pok\u00e9mon\n|rule|Item Clause: Limit one of each item\n|clearpoke\n|poke|p1|Ceruledge, L50, F|\n|poke|p1|Gyarados, L50, F|\n|poke|p1|Klefki, L50, F|\n|poke|p1|Garchomp, L50, F|\n|poke|p1|Chien-Pao, L50|\n|poke|p1|Talonflame, L50, M|\n|poke|p2|Murkrow, L50, F|\n|poke|p2|Chi-Yu, L50|\n|poke|p2|Flutter Mane, L50|\n|poke|p2|Great Tusk, L50|\n|poke|p2|Brute Bonnet, L50|\n|poke|p2|Corviknight, L50, F|\n|teampreview|4\n|inactive|Battle timer is ON: inactive players will automatically lose when time's up. (requested by Jdaboy1337)\n|inactive|Just_SamueIe has 60 seconds left.\n|\n|t:|1682772428\n|start\n|switch|p1a: Ceruledge|Ceruledge, L50, F, shiny|100\/100\n|switch|p1b: Klefki|Klefki, L50, F|100\/100\n|switch|p2a: Great Tusk|Great Tusk, L50|100\/100\n|switch|p2b: Brute Bonnet|Brute Bonnet, L50|100\/100\n|turn|1\n|\n|t:|1682772445\n|switch|p1b: Gyarados|Gyarados, L50, F|100\/100\n|-ability|p1b: Gyarados|Intimidate|boost\n|-unboost|p2a: Great Tusk|atk|1\n|-unboost|p2b: Brute Bonnet|atk|1\n|-terastallize|p1a: Ceruledge|Grass\n|-terastallize|p2b: Brute Bonnet|Fire\n|move|p2b: Brute Bonnet|Rage Powder|p2b: Brute Bonnet\n|-singleturn|p2b: Brute Bonnet|move: Rage Powder\n|move|p2a: Great Tusk|Headlong Rush|p1b: Gyarados\n|-immune|p1b: Gyarados\n|move|p1a: Ceruledge|Bitter Blade|p2b: Brute Bonnet\n|-resisted|p2b: Brute Bonnet\n|-damage|p2b: Brute Bonnet|76\/100\n|\n|upkeep\n|turn|2\n|inactive|Just_SamueIe has 30 seconds left.\n|inactive|Jdaboy1337 has 30 seconds left.\n|\n|t:|1682772477\n|-end|p2a: Great Tusk|Protosynthesis|[silent]\n|switch|p2a: Flutter Mane|Flutter Mane, L50|100\/100\n|switch|p1a: Klefki|Klefki, L50, F|100\/100\n|-end|p2b: Brute Bonnet|Protosynthesis|[silent]\n|switch|p2b: Murkrow|Murkrow, L50, F, shiny|100\/100\n|move|p1b: Gyarados|Waterfall|p2b: Murkrow\n|-damage|p2b: Murkrow|69\/100\n|\n|upkeep\n|turn|3\n|\n|t:|1682772499\n|move|p2b: Murkrow|Sunny Day|p2b: Murkrow\n|-weather|SunnyDay\n|-activate|p2a: Flutter Mane|ability: Protosynthesis\n|-start|p2a: Flutter Mane|protosynthesisspa\n|move|p1a: Klefki|Thunder Wave|p2a: Flutter Mane\n|-status|p2a: Flutter Mane|par\n|move|p1b: Gyarados|Iron Head|p2a: Flutter Mane\n|-supereffective|p2a: Flutter Mane\n|-damage|p2a: Flutter Mane|21\/100 par\n|cant|p2a: Flutter Mane|flinch\n|\n|-weather|SunnyDay|[upkeep]\n|upkeep\n|turn|4\n|\n|t:|1682772518\n|-end|p2a: Flutter Mane|Protosynthesis|[silent]\n|switch|p2a: Brute Bonnet|Brute Bonnet, L50, tera:Fire|76\/100\n|-activate|p2a: Brute Bonnet|ability: Protosynthesis\n|-start|p2a: Brute Bonnet|protosynthesisatk\n|move|p2b: Murkrow|Tailwind|p2b: Murkrow\n|-sidestart|p2: Jdaboy1337|move: Tailwind\n|move|p1a: Klefki|Reflect|p1a: Klefki\n|-sidestart|p1: Just_SamueIe|Reflect\n|move|p1b: Gyarados|Iron Head|p2a: Brute Bonnet\n|-resisted|p2a: Brute Bonnet\n|-damage|p2a: Brute Bonnet|66\/100\n|\n|-weather|SunnyDay|[upkeep]\n|upkeep\n|turn|5\n|inactive|Jdaboy1337 has 30 seconds left.\n|\n|t:|1682772546\n|move|p1b: Gyarados|Protect|p1b: Gyarados\n|-singleturn|p1b: Gyarados|Protect\n|move|p1a: Klefki|Thunder Wave|p2a: Brute Bonnet\n|-status|p2a: Brute Bonnet|par\n|move|p2b: Murkrow|Foul Play|p1b: Gyarados\n|-activate|p1b: Gyarados|move: Protect\n|cant|p2a: Brute Bonnet|par\n|\n|-weather|SunnyDay|[upkeep]\n|upkeep\n|turn|6\n|inactive|Just_SamueIe has 30 seconds left.\n|\n|t:|1682772578\n|move|p2b: Murkrow|Foul Play|p1b: Gyarados\n|-damage|p1b: Gyarados|75\/100\n|move|p1b: Gyarados|Thunder Wave|p2b: Murkrow\n|-status|p2b: Murkrow|par\n|move|p2a: Brute Bonnet|Spore|p1a: Klefki\n|-status|p1a: Klefki|slp|[from] move: Spore\n|cant|p1a: Klefki|slp\n|\n|-weather|SunnyDay|[upkeep]\n|upkeep\n|turn|7\n|\n|t:|1682772600\n|move|p1b: Gyarados|Protect|p1b: Gyarados\n|-singleturn|p1b: Gyarados|Protect\n|cant|p2b: Murkrow|par\n|move|p2a: Brute Bonnet|Spore|p1b: Gyarados\n|-activate|p1b: Gyarados|move: Protect\n|-curestatus|p1a: Klefki|slp|[msg]\n|move|p1a: Klefki|Foul Play|p2a: Brute Bonnet\n|-damage|p2a: Brute Bonnet|35\/100 par\n|\n|-weather|none\n|-end|p2a: Brute Bonnet|Protosynthesis\n|-sideend|p2: Jdaboy1337|move: Tailwind\n|upkeep\n|turn|8\n|-message|Jdaboy1337 forfeited.\n|\n|win|Just_SamueIe\n|raw|Just_SamueIe's rating: 1332 → 1353<\/strong> (+21 for winning)\n|raw|Jdaboy1337's rating: 1354 → 1333<\/strong> (-21 for losing)\n|l|\u2606Jdaboy1337\n","uploadtime":1682772623,"views":21,"p1id":"justsamueie","p2id":"jdaboy1337","formatid":"gen9vgc2023regulationc","rating":1333,"private":0,"password":""}