{"id":"gen9vgc2023regulationc-1858990982","p1":"AndrwApple","p2":"Litopardo","format":"[Gen 9] VGC 2023 Regulation C","log":"|j|\u2606AndrwApple\n|j|\u2606Litopardo\n|t:|1683391727\n|gametype|doubles\n|player|p1|AndrwApple|bede-masters|\n|player|p2|Litopardo|2|\n|teamsize|p1|6\n|teamsize|p2|6\n|gen|9\n|tier|[Gen 9] VGC 2023 Regulation C\n|rule|Species Clause: Limit one of each Pok\u00e9mon\n|rule|Item Clause: Limit one of each item\n|clearpoke\n|poke|p1|Arcanine, L50, M|\n|poke|p1|Amoonguss, L50, F|\n|poke|p1|Garganacl, L50, M|\n|poke|p1|Palafin, L50, F|\n|poke|p1|Chien-Pao, L50|\n|poke|p1|Dragonite, L50, M|\n|poke|p2|Chi-Yu, L50|\n|poke|p2|Flutter Mane, L50|\n|poke|p2|Torkoal, L50, F|\n|poke|p2|Great Tusk, L50|\n|poke|p2|Slither Wing, L50|\n|poke|p2|Foongus, L50, F|\n|teampreview|4\n|c|\u2606AndrwApple|Gl\nAndrwApple has agreed to open team sheets.\n|\n|t:|1683391777\n|start\n|switch|p1a: Palafin|Palafin, L50, F|100\/100\n|switch|p1b: Dragonite|Dragonite, L50, M|100\/100\n|switch|p2a: Torkoal|Torkoal, L50, F|100\/100\n|switch|p2b: Chi-Yu|Chi-Yu, L50|100\/100\n|-ability|p2b: Chi-Yu|Beads of Ruin\n|-weather|SunnyDay|[from] ability: Drought|[of] p2a: Torkoal\n|turn|1\n|\n|t:|1683391803\n|detailschange|p1a: Palafin|Palafin-Hero, L50, F\n|switch|p1a: Chien-Pao|Chien-Pao, L50|100\/100\n|-ability|p1a: Chien-Pao|Sword of Ruin\n|switch|p1b: Arcanine|Arcanine, L50, M|100\/100\n|-ability|p1b: Arcanine|Intimidate|boost\n|-unboost|p2a: Torkoal|atk|1\n|-unboost|p2b: Chi-Yu|atk|1\n|move|p2b: Chi-Yu|Will-O-Wisp|p1b: Arcanine\n|-immune|p1b: Arcanine\n|move|p2a: Torkoal|Heat Wave|p1b: Arcanine|[spread] p1a,p1b\n|-supereffective|p1a: Chien-Pao\n|-resisted|p1b: Arcanine\n|-crit|p1b: Arcanine\n|-enditem|p1a: Chien-Pao|Focus Sash\n|-damage|p1a: Chien-Pao|1\/100\n|-damage|p1b: Arcanine|58\/100\n|-status|p1a: Chien-Pao|brn\n|\n|-weather|SunnyDay|[upkeep]\n|-damage|p1a: Chien-Pao|0 fnt|[from] brn\n|faint|p1a: Chien-Pao\n|upkeep\n|\n|t:|1683391809\n|switch|p1a: Palafin|Palafin-Hero, L50, F|100\/100\n|-activate|p1a: Palafin|ability: Zero to Hero\n|turn|2\n|j| Shido.bonten\n|\n|t:|1683391834\n|switch|p2b: Flutter Mane|Flutter Mane, L50|100\/100\n|-activate|p2b: Flutter Mane|ability: Protosynthesis\n|-start|p2b: Flutter Mane|protosynthesisspe\n|-terastallize|p2a: Torkoal|Grass\n|move|p1a: Palafin|Protect|p1a: Palafin\n|-singleturn|p1a: Palafin|Protect\n|move|p1b: Arcanine|Flare Blitz|p2a: Torkoal\n|-supereffective|p2a: Torkoal\n|-damage|p2a: Torkoal|0 fnt\n|faint|p2a: Torkoal\n|-damage|p1b: Arcanine|33\/100|[from] Recoil\n|\n|-weather|SunnyDay|[upkeep]\n|upkeep\n|\n|t:|1683391850\n|switch|p2a: Chi-Yu|Chi-Yu, L50|100\/100\n|-ability|p2a: Chi-Yu|Beads of Ruin\n|turn|3\n|\n|t:|1683391888\n|move|p1b: Arcanine|Extreme Speed|p2a: Chi-Yu\n|-damage|p2a: Chi-Yu|62\/100\n|move|p1a: Palafin|Jet Punch|p2a: Chi-Yu\n|-supereffective|p2a: Chi-Yu\n|-damage|p2a: Chi-Yu|0 fnt\n|faint|p2a: Chi-Yu\n|move|p2b: Flutter Mane|Energy Ball|p1a: Palafin\n|-supereffective|p1a: Palafin\n|-damage|p1a: Palafin|6\/100\n|\n|-weather|SunnyDay|[upkeep]\n|upkeep\n|\n|t:|1683391899\n|switch|p2a: Great Tusk|Great Tusk, L50|100\/100\n|-activate|p2a: Great Tusk|ability: Protosynthesis\n|-start|p2a: Great Tusk|protosynthesisatk\n|turn|4\n|\n|t:|1683391908\n|move|p1a: Palafin|Protect|p1a: Palafin\n|-singleturn|p1a: Palafin|Protect\n|move|p1b: Arcanine|Extreme Speed|p2a: Great Tusk\n|-crit|p2a: Great Tusk\n|-damage|p2a: Great Tusk|71\/100\n|move|p2b: Flutter Mane|Energy Ball|p1a: Palafin\n|-activate|p1a: Palafin|move: Protect\n|move|p2a: Great Tusk|Headlong Rush|p1b: Arcanine\n|-supereffective|p1b: Arcanine\n|-damage|p1b: Arcanine|0 fnt\n|-unboost|p2a: Great Tusk|def|1\n|-unboost|p2a: Great Tusk|spd|1\n|faint|p1b: Arcanine\n|\n|-weather|SunnyDay|[upkeep]\n|upkeep\n|\n|t:|1683391920\n|switch|p1b: Dragonite|Dragonite, L50, M|100\/100\n|turn|5\n|\n|t:|1683391926\n|-terastallize|p1b: Dragonite|Flying\n|move|p1a: Palafin|Jet Punch|p2b: Flutter Mane\n|-damage|p2b: Flutter Mane|56\/100\n|move|p2b: Flutter Mane|Energy Ball|p1b: Dragonite\n|-resisted|p1b: Dragonite\n|-damage|p1b: Dragonite|94\/100\n|move|p2a: Great Tusk|Headlong Rush|p1a: Palafin\n|-damage|p1a: Palafin|0 fnt\n|-unboost|p2a: Great Tusk|def|1\n|-unboost|p2a: Great Tusk|spd|1\n|faint|p1a: Palafin\n|move|p1b: Dragonite|Tera Blast|p2b: Flutter Mane\n|-damage|p2b: Flutter Mane|0 fnt\n|faint|p2b: Flutter Mane\n|-end|p2b: Flutter Mane|Protosynthesis|[silent]\n|\n|-weather|none\n|-end|p2a: Great Tusk|Protosynthesis\n|upkeep\n|turn|6\n|c|\u2606AndrwApple|Gg wp\n|\n|t:|1683391940\n|move|p2a: Great Tusk|Headlong Rush|p1b: Dragonite\n|-immune|p1b: Dragonite\n|move|p1b: Dragonite|Tera Blast|p2a: Great Tusk\n|-supereffective|p2a: Great Tusk\n|-damage|p2a: Great Tusk|0 fnt\n|faint|p2a: Great Tusk\n|-end|p2a: Great Tusk|Protosynthesis|[silent]\n|\n|win|AndrwApple\n","uploadtime":1683391951,"views":15,"p1id":"andrwapple","p2id":"litopardo","formatid":"gen9vgc2023regulationc","rating":0,"private":0,"password":""}