{"id":"gen9vgc2023regulationc-1860658945","p1":"TheNamesNap","p2":"donpapa22","format":"[Gen 9] VGC 2023 Regulation C","log":"|j|\u2606TheNamesNap\n|j|\u2606donpapa22\n|t:|1683663380\n|gametype|doubles\n|player|p1|TheNamesNap|101|1166\n|player|p2|donpapa22|101|1195\n|teamsize|p1|6\n|teamsize|p2|6\n|gen|9\n|tier|[Gen 9] VGC 2023 Regulation C\n|rated|\n|rule|Species Clause: Limit one of each Pok\u00e9mon\n|rule|Item Clause: Limit one of each item\n|clearpoke\n|poke|p1|Tyranitar, L50, M|\n|poke|p1|Lycanroc, L50, M|\n|poke|p1|Gyarados, L50, F|\n|poke|p1|Amoonguss, L50, M|\n|poke|p1|Flutter Mane, L50|\n|poke|p1|Ting-Lu, L50|\n|poke|p2|Tauros-Paldea-Aqua, L50, M|\n|poke|p2|Corviknight, L50, M|\n|poke|p2|Talonflame, L50, M|\n|poke|p2|Wo-Chien, L50|\n|poke|p2|Chien-Pao, L50|\n|poke|p2|Farigiraf, L50, F|\n|teampreview|4\nTheNamesNap has agreed to open team sheets.\n|\n|t:|1683663418\n|start\n|switch|p1a: Gyarados|Gyarados, L50, F|100\/100\n|switch|p1b: Lycanroc|Lycanroc, L50, M|100\/100\n|switch|p2a: Corviknight|Corviknight, L50, M|100\/100\n|switch|p2b: Tauros|Tauros-Paldea-Aqua, L50, M|100\/100\n|-ability|p2b: Tauros|Intimidate|boost\n|-unboost|p1a: Gyarados|atk|1\n|-unboost|p1b: Lycanroc|atk|1\n|-ability|p1a: Gyarados|Intimidate|boost\n|-ability|p2a: Corviknight|Mirror Armor\n|-unboost|p1a: Gyarados|atk|1\n|-unboost|p2b: Tauros|atk|1\n|turn|1\n|inactive|Battle timer is ON: inactive players will automatically lose when time's up. (requested by donpapa22)\n|\n|t:|1683663474\n|move|p1b: Lycanroc|Rock Slide|p2b: Tauros|[spread] p2b\n|-miss|p1b: Lycanroc|p2a: Corviknight\n|-resisted|p2b: Tauros\n|-damage|p2b: Tauros|90\/100\n|move|p2b: Tauros|Earthquake|p1a: Gyarados|[spread] p1b\n|-immune|p2a: Corviknight\n|-immune|p1a: Gyarados\n|-supereffective|p1b: Lycanroc\n|-damage|p1b: Lycanroc|53\/100\n|move|p1a: Gyarados|Thunder Wave|p2b: Tauros\n|-status|p2b: Tauros|par\n|move|p2a: Corviknight|Iron Defense|p2a: Corviknight\n|-boost|p2a: Corviknight|def|2\n|\n|upkeep\n|turn|2\n|inactive|donpapa22 has 30 seconds left.\n|\n|t:|1683663499\n|move|p1b: Lycanroc|Endeavor|p2a: Corviknight\n|-damage|p2a: Corviknight|39\/100\n|move|p1a: Gyarados|Thunder Wave|p2a: Corviknight\n|-status|p2a: Corviknight|par\n|move|p2b: Tauros|Wild Charge|p1a: Gyarados\n|-supereffective|p1a: Gyarados\n|-damage|p1a: Gyarados|23\/100\n|-enditem|p1a: Gyarados|Sitrus Berry|[eat]\n|-heal|p1a: Gyarados|48\/100|[from] item: Sitrus Berry\n|-damage|p2b: Tauros|64\/100 par|[from] Recoil\n|move|p2a: Corviknight|Body Press|p1b: Lycanroc\n|-supereffective|p1b: Lycanroc\n|-damage|p1b: Lycanroc|0 fnt\n|faint|p1b: Lycanroc\n|\n|upkeep\n|\n|t:|1683663505\n|switch|p1b: Flutter Mane|Flutter Mane, L50|100\/100\n|-enditem|p1b: Flutter Mane|Booster Energy\n|-activate|p1b: Flutter Mane|ability: Protosynthesis|[fromitem]\n|-start|p1b: Flutter Mane|protosynthesisspe\n|turn|3\n|\n|t:|1683663523\n|switch|p1a: Tyranitar|Tyranitar, L50, M|100\/100\n|-weather|Sandstorm|[from] ability: Sand Stream|[of] p1a: Tyranitar\n|cant|p2b: Tauros|par\n|move|p1b: Flutter Mane|Shadow Ball|p2a: Corviknight\n|-damage|p2a: Corviknight|7\/100 par\n|move|p2a: Corviknight|Roost|p2a: Corviknight\n|-heal|p2a: Corviknight|57\/100 par\n|-singleturn|p2a: Corviknight|move: Roost\n|\n|-weather|Sandstorm|[upkeep]\n|-damage|p1b: Flutter Mane|94\/100|[from] Sandstorm\n|upkeep\n|turn|4\n|inactive|donpapa22 has 30 seconds left.\n|\n|t:|1683663549\n|switch|p2b: Wo-Chien|Wo-Chien, L50|100\/100\n|-ability|p2b: Wo-Chien|Tablets of Ruin\n|-terastallize|p2a: Corviknight|Steel\n|move|p1b: Flutter Mane|Shadow Ball|p2a: Corviknight\n|-damage|p2a: Corviknight|26\/100 par\n|-ability|p2a: Corviknight|Mirror Armor\n|-unboost|p1b: Flutter Mane|spd|1\n|move|p1a: Tyranitar|Crunch|p2a: Corviknight\n|-damage|p2a: Corviknight|11\/100 par\n|move|p2a: Corviknight|Brave Bird|p1b: Flutter Mane\n|-damage|p1b: Flutter Mane|33\/100\n|-damage|p2a: Corviknight|0 fnt|[from] Recoil\n|faint|p2a: Corviknight\n|\n|-weather|Sandstorm|[upkeep]\n|-damage|p1b: Flutter Mane|26\/100|[from] Sandstorm\n|-damage|p2b: Wo-Chien|94\/100|[from] Sandstorm\n|-heal|p2b: Wo-Chien|100\/100|[from] item: Leftovers\n|upkeep\n|\n|t:|1683663569\n|switch|p2a: Chien-Pao|Chien-Pao, L50|100\/100\n|-ability|p2a: Chien-Pao|Sword of Ruin\n|turn|5\n|\n|t:|1683663586\n|switch|p2b: Tauros|Tauros-Paldea-Aqua, L50, M|64\/100 par\n|-ability|p2b: Tauros|Intimidate|boost\n|-unboost|p1a: Tyranitar|atk|1\n|-unboost|p1b: Flutter Mane|atk|1\n|-terastallize|p1a: Tyranitar|Flying\n|move|p1b: Flutter Mane|Protect|p1b: Flutter Mane\n|-singleturn|p1b: Flutter Mane|Protect\n|move|p2a: Chien-Pao|Sucker Punch||[still]\n|-fail|p2a: Chien-Pao\n|move|p1a: Tyranitar|Rock Slide|p2a: Chien-Pao|[spread] p2a,p2b\n|-supereffective|p2a: Chien-Pao\n|-resisted|p2b: Tauros\n|-damage|p2a: Chien-Pao|46\/100\n|-damage|p2b: Tauros|48\/100 par\n|\n|-weather|Sandstorm|[upkeep]\n|-damage|p1b: Flutter Mane|20\/100|[from] Sandstorm\n|-damage|p2a: Chien-Pao|40\/100|[from] Sandstorm\n|-damage|p1a: Tyranitar|95\/100|[from] Sandstorm\n|upkeep\n|turn|6\n|inactive|donpapa22 has 30 seconds left.\n|\n|t:|1683663612\n|switch|p1a: Gyarados|Gyarados, L50, F|48\/100\n|-ability|p1a: Gyarados|Intimidate|boost\n|-unboost|p2a: Chien-Pao|atk|1\n|-unboost|p2b: Tauros|atk|1\n|move|p1b: Flutter Mane|Protect|p1b: Flutter Mane\n|-singleturn|p1b: Flutter Mane|Protect\n|move|p2a: Chien-Pao|Sucker Punch||[still]\n|-fail|p2a: Chien-Pao\n|move|p2b: Tauros|Wild Charge|p1a: Gyarados\n|-supereffective|p1a: Gyarados\n|-damage|p1a: Gyarados|0 fnt\n|faint|p1a: Gyarados\n|-damage|p2b: Tauros|32\/100 par|[from] Recoil\n|\n|-weather|Sandstorm|[upkeep]\n|-damage|p1b: Flutter Mane|14\/100|[from] Sandstorm\n|-damage|p2a: Chien-Pao|35\/100|[from] Sandstorm\n|upkeep\n|\n|t:|1683663616\n|switch|p1a: Tyranitar|Tyranitar, L50, M, tera:Flying|95\/100\n|turn|7\n|inactive|donpapa22 has 30 seconds left.\n|inactive|donpapa22 has 20 seconds left.\n|\n|t:|1683663655\n|move|p1b: Flutter Mane|Protect||[still]\n|-fail|p1b: Flutter Mane\n|move|p2a: Chien-Pao|Protect|p2a: Chien-Pao\n|-singleturn|p2a: Chien-Pao|Protect\n|move|p1a: Tyranitar|Tera Blast|p2a: Chien-Pao\n|-activate|p2a: Chien-Pao|move: Protect\n|move|p2b: Tauros|Wild Charge|p1a: Tyranitar\n|-supereffective|p1a: Tyranitar\n|-damage|p1a: Tyranitar|51\/100\n|-enditem|p1a: Tyranitar|Weakness Policy\n|-boost|p1a: Tyranitar|atk|2|[from] item: Weakness Policy\n|-boost|p1a: Tyranitar|spa|2|[from] item: Weakness Policy\n|-damage|p2b: Tauros|17\/100 par|[from] Recoil\n|\n|-weather|none\n|upkeep\n|turn|8\n|inactive|donpapa22 has 30 seconds left.\n|inactive|donpapa22 has 20 seconds left.\n|inactive|donpapa22 has 15 seconds left.\n|inactive|donpapa22 has 10 seconds left.\n|\n|t:|1683663702\n|move|p2a: Chien-Pao|Sucker Punch|p1b: Flutter Mane\n|-damage|p1b: Flutter Mane|0 fnt\n|faint|p1b: Flutter Mane\n|-end|p1b: Flutter Mane|Protosynthesis|[silent]\n|move|p1a: Tyranitar|Rock Slide|p2a: Chien-Pao|[spread] p2a,p2b\n|-supereffective|p2a: Chien-Pao\n|-resisted|p2b: Tauros\n|-damage|p2a: Chien-Pao|0 fnt\n|-damage|p2b: Tauros|0 fnt\n|faint|p2a: Chien-Pao\n|faint|p2b: Tauros\n|\n|upkeep\n|\n|t:|1683663712\n|switch|p2b: Wo-Chien|Wo-Chien, L50|100\/100\n|-ability|p2b: Wo-Chien|Tablets of Ruin\n|turn|9\n|\n|t:|1683663722\n|move|p2b: Wo-Chien|Leech Seed|p1a: Tyranitar|[miss]\n|-miss|p2b: Wo-Chien|p1a: Tyranitar\n|move|p1a: Tyranitar|Tera Blast|p2b: Wo-Chien\n|-supereffective|p2b: Wo-Chien\n|-damage|p2b: Wo-Chien|0 fnt\n|faint|p2b: Wo-Chien\n|\n|win|TheNamesNap\n|raw|TheNamesNap's rating: 1166 → 1193<\/strong> (+27 for winning)\n|raw|donpapa22's rating: 1195 → 1168<\/strong> (-27 for losing)\n|l|\u2606donpapa22\n","uploadtime":1683663736,"views":12,"p1id":"thenamesnap","p2id":"donpapa22","formatid":"gen9vgc2023regulationc","rating":1168,"private":0,"password":""}