{"id":"gen9vgc2023regulationc-1849685337","p1":"Topperlecat","p2":"SurpriseAttacks","format":"[Gen 9] VGC 2023 Regulation C","log":"|j|\u2606Topperlecat\n|j|\u2606SurpriseAttacks\n|t:|1682232063\n|gametype|doubles\n|player|p1|Topperlecat|n|\n|player|p2|SurpriseAttacks|gentleman-gen4|\n|teamsize|p1|6\n|teamsize|p2|6\n|gen|9\n|tier|[Gen 9] VGC 2023 Regulation C\n|rated|Tournament battle\n|rule|Species Clause: Limit one of each Pok\u00e9mon\n|rule|Item Clause: Limit one of each item\n|clearpoke\n|poke|p1|Ting-Lu, L50|\n|poke|p1|Glimmora, L50, F|\n|poke|p1|Corviknight, L50, M|\n|poke|p1|Iron Hands, L50|\n|poke|p1|Arcanine, L50, M|\n|poke|p1|Klefki, L50, F|\n|poke|p2|Gholdengo, L50|\n|poke|p2|Talonflame, L50, M|\n|poke|p2|Glimmora, L50, F|\n|poke|p2|Dondozo, L50, M|\n|poke|p2|Tatsugiri, L50, M|\n|poke|p2|Breloom, L50, M|\n|teampreview|4\n|raw| Open Team Sheet for Topperlecat<\/summary>THE GOAT (Ting-Lu) @ Leftovers Ability: Vessel of Ruin Level: 50 Tera Type: Poison - Ruination - Stomping Tantrum - Payback - Substitute beyblade (Glimmora) (F) @ Focus Sash Ability: Toxic Debris Level: 50 Tera Type: Flying - Tera Blast - Spiky Shield - Sludge Bomb - Power Gem steel birb (Corviknight) (M) @ Lum Berry Ability: Mirror Armor Level: 50 Tera Type: Fire - Roost - Bulk Up - Iron Head - Brave Bird better incin (Iron Hands) @ Assault Vest Ability: Quark Drive Level: 50 Tera Type: Grass - Drain Punch - Volt Switch - Wild Charge - Fake Out big dog :) (Arcanine) (M) @ Safety Goggles Ability: Intimidate Level: 50 Tera Type: Water - Flare Blitz - Protect - Extreme Speed - Will-O-Wisp hear me out (Klefki) @ Light Clay Ability: Prankster Level: 50 Tera Type: Water - Light Screen - Reflect - Trick Room - Foul Play <\/details><\/div> Open Team Sheet for SurpriseAttacks<\/summary>Gholdengo @ Metal Coat Ability: Good as Gold Level: 50 Tera Type: Steel - Make It Rain - Hex - Nasty Plot - Protect Talonflame (M) @ Safety Goggles Ability: Gale Wings Level: 50 Tera Type: Ghost - Brave Bird - Tailwind - Quick Guard - Will-O-Wisp Glimmora @ Assault Vest Ability: Corrosion Level: 50 Tera Type: Grass - Power Gem - Venoshock - Earth Power - Mortal Spin Dondozo (M) @ Leftovers Ability: Unaware Level: 50 Tera Type: Grass - Order Up - Tera Blast - Earthquake - Substitute Tatsugiri @ Choice Scarf Ability: Commander Level: 50 Tera Type: Water - Muddy Water - Draco Meteor - Icy Wind - Soak Breloom @ Focus Sash Ability: Technician Level: 50 Tera Type: Rock - Bullet Seed - Mach Punch - Spore - Protect <\/details><\/div>\n|c|\u2606Topperlecat|Glhf\n|\n|t:|1682232123\n|start\n|switch|p1a: THE GOAT|Ting-Lu, L50|100\/100\n|switch|p1b: hear me out|Klefki, L50, F|100\/100\n|switch|p2a: Glimmora|Glimmora, L50, F|100\/100\n|switch|p2b: Gholdengo|Gholdengo, L50|100\/100\n|-ability|p1a: THE GOAT|Vessel of Ruin\n|turn|1\n|\n|t:|1682232157\n|move|p1b: hear me out|Light Screen|p1b: hear me out\n|-sidestart|p1: Topperlecat|move: Light Screen\n|move|p2a: Glimmora|Mortal Spin|p1b: hear me out|[spread] p1a\n|-immune|p1b: hear me out\n|-resisted|p1a: THE GOAT\n|-damage|p1a: THE GOAT|99\/100\n|-status|p1a: THE GOAT|psn\n|move|p2b: Gholdengo|Nasty Plot|p2b: Gholdengo\n|-boost|p2b: Gholdengo|spa|2\n|move|p1a: THE GOAT|Stomping Tantrum|p2b: Gholdengo\n|-supereffective|p2b: Gholdengo\n|-damage|p2b: Gholdengo|42\/100\n|\n|-heal|p1a: THE GOAT|100\/100 psn|[from] item: Leftovers\n|-damage|p1a: THE GOAT|88\/100 psn|[from] psn\n|upkeep\n|turn|2\n|\n|t:|1682232194\n|switch|p1b: big dog :)|Arcanine, L50, M|100\/100\n|-ability|p1b: big dog :)|Intimidate|boost\n|-unboost|p2a: Glimmora|atk|1\n|-unboost|p2b: Gholdengo|atk|1\n|-terastallize|p2a: Glimmora|Grass\n|move|p2b: Gholdengo|Protect|p2b: Gholdengo\n|-singleturn|p2b: Gholdengo|Protect\n|move|p2a: Glimmora|Venoshock|p1a: THE GOAT\n|-resisted|p1a: THE GOAT\n|-damage|p1a: THE GOAT|77\/100 psn\n|move|p1a: THE GOAT|Stomping Tantrum|p2a: Glimmora\n|-resisted|p2a: Glimmora\n|-damage|p2a: Glimmora|85\/100\n|\n|-heal|p1a: THE GOAT|83\/100 psn|[from] item: Leftovers\n|-damage|p1a: THE GOAT|70\/100 psn|[from] psn\n|upkeep\n|turn|3\n|\n|t:|1682232215\n|switch|p2b: Dondozo|Dondozo, L50, M|100\/100\n|move|p2a: Glimmora|Mortal Spin|p1a: THE GOAT|[spread] p1a,p1b\n|-resisted|p1a: THE GOAT\n|-damage|p1a: THE GOAT|69\/100 psn\n|-damage|p1b: big dog :)|97\/100\n|-status|p1b: big dog :)|psn\n|move|p1b: big dog :)|Flare Blitz|p2a: Glimmora\n|-supereffective|p2a: Glimmora\n|-damage|p2a: Glimmora|0 fnt\n|faint|p2a: Glimmora\n|-damage|p1b: big dog :)|70\/100 psn|[from] Recoil\n|move|p1a: THE GOAT|Payback|p2b: Dondozo\n|-damage|p2b: Dondozo|86\/100\n|\n|-heal|p2b: Dondozo|92\/100|[from] item: Leftovers\n|-heal|p1a: THE GOAT|75\/100 psn|[from] item: Leftovers\n|-damage|p1b: big dog :)|57\/100 psn|[from] psn\n|-damage|p1a: THE GOAT|63\/100 psn|[from] psn\n|upkeep\n|\n|t:|1682232236\n|switch|p2a: Tatsugiri|Tatsugiri, L50, M|100\/100\n|-activate|p2a: Tatsugiri|ability: Commander|[of] p2b: Dondozo\n|-boost|p2b: Dondozo|atk|2\n|-boost|p2b: Dondozo|spa|2\n|-boost|p2b: Dondozo|spe|2\n|-boost|p2b: Dondozo|def|2\n|-boost|p2b: Dondozo|spd|2\n|turn|4\n|\n|t:|1682232244\n|switch|p1a: hear me out|Klefki, L50, F|100\/100\n|move|p1b: big dog :)|Protect|p1b: big dog :)\n|-singleturn|p1b: big dog :)|Protect\n|move|p2b: Dondozo|Substitute|p2b: Dondozo\n|-start|p2b: Dondozo|Substitute\n|-damage|p2b: Dondozo|67\/100\n|\n|-heal|p2b: Dondozo|73\/100|[from] item: Leftovers\n|-damage|p1b: big dog :)|45\/100 psn|[from] psn\n|upkeep\n|turn|5\n|\n|t:|1682232264\n|move|p1a: hear me out|Reflect|p1a: hear me out\n|-sidestart|p1: Topperlecat|Reflect\n|move|p2b: Dondozo|Earthquake|p1a: hear me out|[spread] p1a,p1b\n|-miss|p2b: Dondozo|p2a: Tatsugiri\n|-supereffective|p1a: hear me out\n|-supereffective|p1b: big dog :)\n|-damage|p1a: hear me out|41\/100\n|-damage|p1b: big dog :)|0 fnt\n|faint|p1b: big dog :)\n|\n|-heal|p2b: Dondozo|79\/100|[from] item: Leftovers\n|upkeep\n|\n|t:|1682232272\n|switch|p1b: better incin|Iron Hands, L50|100\/100\n|turn|6\n|\n|t:|1682232287\n|move|p2b: Dondozo|Earthquake|p1b: better incin|[spread] p1a,p1b\n|-miss|p2b: Dondozo|p2a: Tatsugiri\n|-supereffective|p1a: hear me out\n|-supereffective|p1b: better incin\n|-damage|p1a: hear me out|0 fnt\n|-damage|p1b: better incin|62\/100\n|faint|p1a: hear me out\n|move|p1b: better incin|Wild Charge|p2b: Dondozo\n|-supereffective|p2b: Dondozo\n|-end|p2b: Dondozo|Substitute\n|-damage|p1b: better incin|56\/100|[from] Recoil|[of] p2b: Dondozo\n|\n|-heal|p2b: Dondozo|85\/100|[from] item: Leftovers\n|upkeep\n|\n|t:|1682232296\n|switch|p1a: THE GOAT|Ting-Lu, L50|63\/100 psn\n|-ability|p1a: THE GOAT|Vessel of Ruin\n|turn|7\n|\n|t:|1682232304\n|-terastallize|p1b: better incin|Grass\n|move|p2b: Dondozo|Earthquake|p1b: better incin|[spread] p1a,p1b\n|-miss|p2b: Dondozo|p2a: Tatsugiri\n|-resisted|p1b: better incin\n|-crit|p1b: better incin\n|-damage|p1a: THE GOAT|47\/100 psn\n|-damage|p1b: better incin|36\/100\n|move|p1b: better incin|Wild Charge|p2b: Dondozo\n|-supereffective|p2b: Dondozo\n|-damage|p2b: Dondozo|47\/100\n|-damage|p1b: better incin|26\/100|[from] Recoil\n|move|p1a: THE GOAT|Ruination|p2b: Dondozo\n|-damage|p2b: Dondozo|24\/100\n|\n|-heal|p2b: Dondozo|30\/100|[from] item: Leftovers\n|-heal|p1a: THE GOAT|53\/100 psn|[from] item: Leftovers\n|-damage|p1a: THE GOAT|40\/100 psn|[from] psn\n|upkeep\n|turn|8\n|\n|t:|1682232322\n|move|p2b: Dondozo|Substitute|p2b: Dondozo\n|-start|p2b: Dondozo|Substitute\n|-damage|p2b: Dondozo|5\/100\n|move|p1b: better incin|Wild Charge|p2b: Dondozo\n|-supereffective|p2b: Dondozo\n|-end|p2b: Dondozo|Substitute\n|-damage|p1b: better incin|20\/100|[from] Recoil|[of] p2b: Dondozo\n|move|p1a: THE GOAT|Payback|p2b: Dondozo\n|-damage|p2b: Dondozo|0 fnt\n|faint|p2b: Dondozo\n|\n|-heal|p1a: THE GOAT|46\/100 psn|[from] item: Leftovers\n|-damage|p1a: THE GOAT|34\/100 psn|[from] psn\n|-sideend|p1: Topperlecat|move: Light Screen\n|upkeep\n|\n|t:|1682232335\n|switch|p2b: Gholdengo|Gholdengo, L50|42\/100\n|turn|9\n|\n|t:|1682232347\n|move|p2a: Tatsugiri|Muddy Water|p1a: THE GOAT|[spread] p1a,p1b\n|-supereffective|p1a: THE GOAT\n|-resisted|p1b: better incin\n|-damage|p1a: THE GOAT|0 fnt\n|-damage|p1b: better incin|14\/100\n|faint|p1a: THE GOAT\n|move|p2b: Gholdengo|Make It Rain|p1b: better incin\n|-damage|p1b: better incin|0 fnt\n|-unboost|p2b: Gholdengo|spa|1\n|faint|p1b: better incin\n|-end|p1b: better incin|Quark Drive|[silent]\n|\n|win|SurpriseAttacks\n|n|\u2606Topperlecat|topperlecat\n|n|\u2606SurpriseAttacks|surpriseattacks\n|c|\u2606Topperlecat|gg\n|l|\u2606Topperlecat\n","uploadtime":1682232645,"views":11,"p1id":"topperlecat","p2id":"surpriseattacks","formatid":"gen9vgc2023regulationc","rating":0,"private":0,"password":""}