{"id":"gen9vgc2023regulationc-1860540281","p1":"ZenN16","p2":"sonicspartan95","format":"[Gen 9] VGC 2023 Regulation C","log":"|j|\u2606ZenN16\n|j|\u2606sonicspartan95\n|t:|1683652914\n|gametype|doubles\n|player|p1|ZenN16|chuck|\n|player|p2|sonicspartan95|266|\n|teamsize|p1|6\n|teamsize|p2|6\n|gen|9\n|tier|[Gen 9] VGC 2023 Regulation C\n|rule|Species Clause: Limit one of each Pok\u00e9mon\n|rule|Item Clause: Limit one of each item\n|clearpoke\n|poke|p1|Tinkatink, L5, F|\n|poke|p1|Grimer, L5, M|\n|poke|p1|Shroomish, L5, M|\n|poke|p1|Mareep, L5, M|\n|poke|p1|Tadbulb, L5, F|\n|poke|p1|Flabe\u0301be\u0301-Blue, L5, F|\n|poke|p2|Bronzor, L5|\n|poke|p2|Drowzee, L5, M|\n|poke|p2|Sinistea, L5|\n|poke|p2|Nacli, L5, F|\n|poke|p2|Fuecoco, L5, M|\n|poke|p2|Wooper-Paldea, L5, F|\n|teampreview|4\n|\n|t:|1683652948\n|start\n|switch|p1a: BamBam|Tinkatink, L5, F, shiny|100\/100\n|switch|p1b: FrogBaby|Tadbulb, L5, F|100\/100\n|switch|p2a: Bronzor|Bronzor, L5|100\/100\n|switch|p2b: Wooper|Wooper-Paldea, L5, F|100\/100\n|turn|1\n|\n|t:|1683652962\n|move|p1a: BamBam|Fake Out|p2b: Wooper\n|-damage|p2b: Wooper|78\/100\n|move|p1b: FrogBaby|Soak|p2b: Wooper\n|-start|p2b: Wooper|typechange|Water\n|cant|p2b: Wooper|flinch\n|move|p2a: Bronzor|Trick Room|p2a: Bronzor\n|-fieldstart|move: Trick Room|[of] p2a: Bronzor\n|\n|upkeep\n|turn|2\n|j| haydyg\n|\n|t:|1683652987\n|move|p1b: FrogBaby|Protect|p1b: FrogBaby\n|-singleturn|p1b: FrogBaby|Protect\n|move|p2a: Bronzor|Reflect|p2a: Bronzor\n|-sidestart|p2: sonicspartan95|Reflect\n|move|p2b: Wooper|Earthquake|p1b: FrogBaby|[spread] p1a\n|-activate|p1b: FrogBaby|move: Protect\n|-immune|p2a: Bronzor|[from] ability: Levitate\n|-supereffective|p1a: BamBam\n|-damage|p1a: BamBam|34\/100\n|move|p1a: BamBam|Knock Off|p2a: Bronzor\n|-supereffective|p2a: Bronzor\n|-damage|p2a: Bronzor|71\/100\n|-enditem|p2a: Bronzor|Eviolite|[from] move: Knock Off|[of] p1a: BamBam\n|\n|-heal|p1a: BamBam|38\/100|[from] item: Leftovers\n|upkeep\n|turn|3\n|\n|t:|1683653010\n|move|p2b: Wooper|Earthquake|p1b: FrogBaby|[spread] p1a,p1b\n|-immune|p2a: Bronzor|[from] ability: Levitate\n|-supereffective|p1a: BamBam\n|-supereffective|p1b: FrogBaby\n|-damage|p1a: BamBam|0 fnt\n|-damage|p1b: FrogBaby|34\/100\n|faint|p1a: BamBam\n|move|p2a: Bronzor|Light Screen|p2a: Bronzor\n|-sidestart|p2: sonicspartan95|move: Light Screen\n|move|p1b: FrogBaby|Thunderbolt|p2b: Wooper\n|-supereffective|p2b: Wooper\n|-damage|p2b: Wooper|23\/100\n|\n|upkeep\n|\n|t:|1683653022\n|switch|p1a: Mutton|Mareep, L5, M|100\/100\n|turn|4\n|\n|t:|1683653046\n|move|p2a: Bronzor|Protect|p2a: Bronzor\n|-singleturn|p2a: Bronzor|Protect\n|move|p1b: FrogBaby|Protect|p1b: FrogBaby\n|-singleturn|p1b: FrogBaby|Protect\n|move|p2b: Wooper|Earthquake|p1b: FrogBaby|[spread] p1a\n|-activate|p2a: Bronzor|move: Protect\n|-activate|p1b: FrogBaby|move: Protect\n|-supereffective|p1a: Mutton\n|-damage|p1a: Mutton|28\/100\n|move|p1a: Mutton|Thunder|p2b: Wooper\n|-supereffective|p2b: Wooper\n|-damage|p2b: Wooper|0 fnt\n|faint|p2b: Wooper\n|\n|upkeep\n|\n|t:|1683653062\n|switch|p2b: Drowzee|Drowzee, L5, M|100\/100\n|turn|5\n|\n|t:|1683653094\n|switch|p1b: SadBoy|Shroomish, L5, M|100\/100\n|move|p2a: Bronzor|Protect||[still]\n|-fail|p2a: Bronzor\n|move|p2b: Drowzee|Dazzling Gleam|p1b: SadBoy|[spread] p1a,p1b\n|-damage|p1a: Mutton|0 fnt\n|-damage|p1b: SadBoy|74\/100\n|faint|p1a: Mutton\n|-damage|p2b: Drowzee|92\/100|[from] item: Life Orb\n|\n|-fieldend|move: Trick Room\n|upkeep\n|\n|t:|1683653104\n|switch|p1a: FrogBaby|Tadbulb, L5, F|34\/100\n|turn|6\n|\n|t:|1683653126\n|move|p1a: FrogBaby|Protect|p1a: FrogBaby\n|-singleturn|p1a: FrogBaby|Protect\n|move|p1b: SadBoy|Leech Seed|p2b: Drowzee\n|-start|p2b: Drowzee|move: Leech Seed\n|move|p2b: Drowzee|Calm Mind|p2b: Drowzee\n|-boost|p2b: Drowzee|spa|1\n|-boost|p2b: Drowzee|spd|1\n|move|p2a: Bronzor|Trick Room|p2a: Bronzor\n|-fieldstart|move: Trick Room|[of] p2a: Bronzor\n|\n|-damage|p2b: Drowzee|83\/100|[from] Leech Seed|[of] p1b: SadBoy\n|-heal|p1b: SadBoy|83\/100|[silent]\n|-sideend|p2: sonicspartan95|Reflect\n|upkeep\n|turn|7\n|\n|t:|1683653159\n|move|p2a: Bronzor|Reflect|p2a: Bronzor\n|-sidestart|p2: sonicspartan95|Reflect\n|move|p2b: Drowzee|Dazzling Gleam|p1a: FrogBaby|[spread] p1a,p1b\n|-crit|p1a: FrogBaby\n|-damage|p1a: FrogBaby|0 fnt\n|-damage|p1b: SadBoy|48\/100\n|faint|p1a: FrogBaby\n|-damage|p2b: Drowzee|74\/100|[from] item: Life Orb\n|move|p1b: SadBoy|Sludge Bomb|p2b: Drowzee\n|-crit|p2b: Drowzee\n|-damage|p2b: Drowzee|35\/100\n|-status|p2b: Drowzee|psn\n|\n|-damage|p2b: Drowzee|27\/100 psn|[from] Leech Seed|[of] p1b: SadBoy\n|-heal|p1b: SadBoy|57\/100|[silent]\n|-damage|p2b: Drowzee|18\/100 psn|[from] psn\n|-sideend|p2: sonicspartan95|move: Light Screen\n|upkeep\n|turn|8\n|\n|t:|1683653178\n|move|p2a: Bronzor|Light Screen|p2a: Bronzor\n|-sidestart|p2: sonicspartan95|move: Light Screen\n|move|p2b: Drowzee|Psychic|p1b: SadBoy\n|-damage|p1b: SadBoy|0 fnt\n|faint|p1b: SadBoy\n|-damage|p2b: Drowzee|9\/100 psn|[from] item: Life Orb\n|\n|win|sonicspartan95\n|c| haydyg|ggg\n|l|\u2606ZenN16\n|l|\u2606sonicspartan95\n","uploadtime":1683653221,"views":18,"p1id":"zenn16","p2id":"sonicspartan95","formatid":"gen9vgc2023regulationc","rating":0,"private":0,"password":""}