{"id":"gen9vgc2023regulationc-1850747899","p1":"simonxl","p2":"xxxlop","format":"[Gen 9] VGC 2023 Regulation C","log":"|j|\u2606simonxl\n|j|\u2606xxxlop\n|t:|1682364268\n|gametype|doubles\n|player|p1|simonxl|hiker|1288\n|player|p2|xxxlop|red|1333\n|teamsize|p1|6\n|teamsize|p2|6\n|gen|9\n|tier|[Gen 9] VGC 2023 Regulation C\n|rated|\n|rule|Species Clause: Limit one of each Pok\u00e9mon\n|rule|Item Clause: Limit one of each item\n|clearpoke\n|poke|p1|Annihilape, L50, F|\n|poke|p1|Maushold, L50|\n|poke|p1|Corviknight, L50, M|\n|poke|p1|Arcanine, L50, M|\n|poke|p1|Rotom-Wash, L50|\n|poke|p1|Amoonguss, L50, M|\n|poke|p2|Roaring Moon, L50|\n|poke|p2|Ting-Lu, L50|\n|poke|p2|Rotom-Heat, L50|\n|poke|p2|Corviknight, L50, M|\n|poke|p2|Amoonguss, L50, F|\n|poke|p2|Iron Hands, L50|\n|teampreview|4\nsimonxl has agreed to open team sheets.\n|inactive|Battle timer is ON: inactive players will automatically lose when time's up. (requested by xxxlop)\n|\n|t:|1682364288\n|start\n|switch|p1a: Annihilape|Annihilape, L50, F|100\/100\n|switch|p1b: Maushold|Maushold, L50|100\/100\n|switch|p2a: Ting-Lu|Ting-Lu, L50|100\/100\n|switch|p2b: Roaring Moon|Roaring Moon, L50|100\/100\n|-ability|p2a: Ting-Lu|Vessel of Ruin\n|-enditem|p2b: Roaring Moon|Booster Energy\n|-activate|p2b: Roaring Moon|ability: Protosynthesis|[fromitem]\n|-start|p2b: Roaring Moon|protosynthesisatk\n|turn|1\n|inactive|simonxl has 30 seconds left.\n|\n|t:|1682364319\n|-terastallize|p2b: Roaring Moon|Flying\n|move|p1b: Maushold|Protect|p1b: Maushold\n|-singleturn|p1b: Maushold|Protect\n|move|p1a: Annihilape|Protect|p1a: Annihilape\n|-singleturn|p1a: Annihilape|Protect\n|move|p2b: Roaring Moon|Acrobatics|p1a: Annihilape\n|-activate|p1a: Annihilape|move: Protect\n|move|p2a: Ting-Lu|Earthquake|p1b: Maushold|[spread] \n|-activate|p1a: Annihilape|move: Protect\n|-activate|p1b: Maushold|move: Protect\n|-immune|p2b: Roaring Moon\n|\n|upkeep\n|turn|2\n|inactive|simonxl has 30 seconds left.\n|inactive|xxxlop has 30 seconds left.\n|inactive|simonxl has 20 seconds left.\n|inactive|simonxl has 15 seconds left.\n|\n|t:|1682364364\n|move|p1b: Maushold|Follow Me|p1b: Maushold\n|-singleturn|p1b: Maushold|move: Follow Me\n|move|p2b: Roaring Moon|Tailwind|p2b: Roaring Moon\n|-sidestart|p2: xxxlop|move: Tailwind\n|move|p2a: Ting-Lu|Earthquake|p1a: Annihilape|[spread] p1a,p1b\n|-immune|p2b: Roaring Moon\n|-damage|p1a: Annihilape|57\/100\n|-damage|p1b: Maushold|22\/100\n|move|p1a: Annihilape|Drain Punch|p2a: Ting-Lu\n|-supereffective|p2a: Ting-Lu\n|-damage|p2a: Ting-Lu|61\/100\n|-heal|p1a: Annihilape|82\/100|[from] drain|[of] p2a: Ting-Lu\n|\n|-heal|p1a: Annihilape|88\/100|[from] item: Leftovers\n|upkeep\n|turn|3\n|\n|t:|1682364384\n|-end|p2b: Roaring Moon|Protosynthesis|[silent]\n|switch|p2b: Rotom|Rotom-Heat, L50|100\/100\n|move|p1b: Maushold|Follow Me|p1b: Maushold\n|-singleturn|p1b: Maushold|move: Follow Me\n|move|p2a: Ting-Lu|Earthquake|p1a: Annihilape|[spread] p1a,p1b\n|-immune|p2b: Rotom|[from] ability: Levitate\n|-damage|p1a: Annihilape|46\/100\n|-damage|p1b: Maushold|0 fnt\n|faint|p1b: Maushold\n|move|p1a: Annihilape|Drain Punch|p2a: Ting-Lu\n|-supereffective|p2a: Ting-Lu\n|-damage|p2a: Ting-Lu|24\/100\n|-heal|p1a: Annihilape|69\/100|[from] drain|[of] p2a: Ting-Lu\n|\n|-heal|p1a: Annihilape|75\/100|[from] item: Leftovers\n|upkeep\n|\n|t:|1682364398\n|switch|p1b: Rotom|Rotom-Wash, L50|100\/100\n|turn|4\n|\n|t:|1682364408\n|move|p2b: Rotom|Helping Hand|p2a: Ting-Lu\n|-singleturn|p2a: Ting-Lu|Helping Hand|[of] p2b: Rotom\n|move|p1a: Annihilape|Protect|p1a: Annihilape\n|-singleturn|p1a: Annihilape|Protect\n|move|p2a: Ting-Lu|Earthquake|p1a: Annihilape|[spread] \n|-activate|p1a: Annihilape|move: Protect\n|-immune|p2b: Rotom|[from] ability: Levitate\n|-immune|p1b: Rotom|[from] ability: Levitate\n|move|p1b: Rotom|Hydro Pump|p2a: Ting-Lu\n|-supereffective|p2a: Ting-Lu\n|-damage|p2a: Ting-Lu|0 fnt\n|faint|p2a: Ting-Lu\n|\n|-heal|p1a: Annihilape|81\/100|[from] item: Leftovers\n|upkeep\n|\n|t:|1682364426\n|switch|p2a: Roaring Moon|Roaring Moon, L50, tera:Flying|100\/100\n|turn|5\n|\n|t:|1682364437\n|-terastallize|p1a: Annihilape|Fire\n|move|p2a: Roaring Moon|Acrobatics|p1a: Annihilape\n|-damage|p1a: Annihilape|9\/100\n|move|p2b: Rotom|Thunderbolt|p1b: Rotom\n|-damage|p1b: Rotom|71\/100\n|move|p1a: Annihilape|Rage Fist|p2a: Roaring Moon\n|-damage|p2a: Roaring Moon|0 fnt\n|faint|p2a: Roaring Moon\n|-end|p2a: Roaring Moon|Protosynthesis|[silent]\n|move|p1b: Rotom|Hydro Pump|p2b: Rotom\n|-supereffective|p2b: Rotom\n|-damage|p2b: Rotom|11\/100\n|\n|-heal|p1a: Annihilape|15\/100|[from] item: Leftovers\n|-sideend|p2: xxxlop|move: Tailwind\n|upkeep\n|\n|t:|1682364454\n|switch|p2a: Iron Hands|Iron Hands, L50|100\/100\n|turn|6\n|\n|t:|1682364466\n|move|p2b: Rotom|Protect|p2b: Rotom\n|-singleturn|p2b: Rotom|Protect\n|move|p1a: Annihilape|Protect|p1a: Annihilape\n|-singleturn|p1a: Annihilape|Protect\n|move|p2a: Iron Hands|Fake Out|p1a: Annihilape\n|-activate|p1a: Annihilape|move: Protect\n|move|p1b: Rotom|Thunderbolt|p2b: Rotom\n|-activate|p2b: Rotom|move: Protect\n|\n|-heal|p1a: Annihilape|21\/100|[from] item: Leftovers\n|upkeep\n|turn|7\n|\n|t:|1682364485\n|switch|p1a: Arcanine|Arcanine, L50, M|100\/100\n|-ability|p1a: Arcanine|Intimidate|boost\n|-unboost|p2a: Iron Hands|atk|1\n|-unboost|p2b: Rotom|atk|1\n|-enditem|p2b: Rotom|White Herb\n|-clearnegativeboost|p2b: Rotom|[silent]\n|move|p2a: Iron Hands|Protect|p2a: Iron Hands\n|-singleturn|p2a: Iron Hands|Protect\n|move|p2b: Rotom|Thunderbolt|p1a: Arcanine\n|-damage|p1a: Arcanine|66\/100\n|move|p1b: Rotom|Will-O-Wisp|p2a: Iron Hands\n|-activate|p2a: Iron Hands|move: Protect\n|\n|upkeep\n|turn|8\n|inactive|xxxlop has 30 seconds left.\n|inactive|xxxlop has 20 seconds left.\n|\n|t:|1682364522\n|move|p2b: Rotom|Helping Hand|p2a: Iron Hands\n|-singleturn|p2a: Iron Hands|Helping Hand|[of] p2b: Rotom\n|move|p1a: Arcanine|Extreme Speed|p2b: Rotom\n|-damage|p2b: Rotom|0 fnt\n|faint|p2b: Rotom\n|move|p1b: Rotom|Will-O-Wisp|p2a: Iron Hands\n|-status|p2a: Iron Hands|brn\n|-enditem|p2a: Iron Hands|Lum Berry|[eat]\n|-curestatus|p2a: Iron Hands|brn|[msg]\n|move|p2a: Iron Hands|Drain Punch|p1b: Rotom\n|-damage|p1b: Rotom|22\/100\n|-enditem|p1b: Rotom|Sitrus Berry|[eat]\n|-heal|p1b: Rotom|47\/100|[from] item: Sitrus Berry\n|\n|upkeep\n|turn|9\n|\n|t:|1682364540\n|switch|p1a: Annihilape|Annihilape, L50, F, tera:Fire|21\/100\n|move|p1b: Rotom|Will-O-Wisp|p2a: Iron Hands\n|-status|p2a: Iron Hands|brn\n|move|p2a: Iron Hands|Drain Punch|p1b: Rotom\n|-damage|p1b: Rotom|32\/100\n|\n|-heal|p1a: Annihilape|27\/100|[from] item: Leftovers\n|-damage|p2a: Iron Hands|94\/100 brn|[from] brn\n|upkeep\n|turn|10\n|\n|t:|1682364556\n|switch|p1b: Arcanine|Arcanine, L50, M|66\/100\n|-ability|p1b: Arcanine|Intimidate|boost\n|-unboost|p2a: Iron Hands|atk|1\n|move|p1a: Annihilape|Protect|p1a: Annihilape\n|-singleturn|p1a: Annihilape|Protect\n|move|p2a: Iron Hands|Drain Punch|p1a: Annihilape\n|-activate|p1a: Annihilape|move: Protect\n|\n|-heal|p1a: Annihilape|34\/100|[from] item: Leftovers\n|-damage|p2a: Iron Hands|88\/100 brn|[from] brn\n|upkeep\n|turn|11\n|\n|t:|1682364570\n|switch|p1b: Rotom|Rotom-Wash, L50|32\/100\n|move|p1a: Annihilape|Rage Fist|p2a: Iron Hands\n|-damage|p2a: Iron Hands|31\/100 brn\n|move|p2a: Iron Hands|Wild Charge|p1a: Annihilape\n|-damage|p1a: Annihilape|21\/100\n|-damage|p2a: Iron Hands|28\/100 brn|[from] Recoil\n|\n|-heal|p1a: Annihilape|27\/100|[from] item: Leftovers\n|-damage|p2a: Iron Hands|22\/100 brn|[from] brn\n|upkeep\n|turn|12\n|\n|t:|1682364587\n|switch|p1b: Arcanine|Arcanine, L50, M|66\/100\n|-ability|p1b: Arcanine|Intimidate|boost\n|-unboost|p2a: Iron Hands|atk|1\n|move|p1a: Annihilape|Rage Fist|p2a: Iron Hands\n|-damage|p2a: Iron Hands|0 fnt\n|faint|p2a: Iron Hands\n|-end|p2a: Iron Hands|Quark Drive|[silent]\n|\n|win|simonxl\n|raw|simonxl's rating: 1288 → 1316<\/strong> (+28 for winning)\n|raw|xxxlop's rating: 1333 → 1310<\/strong> (-23 for losing)\n|l|\u2606xxxlop\n","uploadtime":1682364597,"views":21,"p1id":"simonxl","p2id":"xxxlop","formatid":"gen9vgc2023regulationc","rating":1310,"private":0,"password":""}