{"id":"gen9vgc2023regulationc-1849018157","p1":"kinohara","p2":"leafyarrow","format":"[Gen 9] VGC 2023 Regulation C","log":"|j|\u2606kinohara\n|j|\u2606leafyarrow\n|t:|1682139773\n|gametype|doubles\n|player|p1|kinohara|acetrainerf|\n|player|p2|leafyarrow|leaf-masters|\n|teamsize|p1|6\n|teamsize|p2|6\n|gen|9\n|tier|[Gen 9] VGC 2023 Regulation C\n|rule|Species Clause: Limit one of each Pok\u00e9mon\n|rule|Item Clause: Limit one of each item\n|clearpoke\n|poke|p1|Baxcalibur, L50, M|\n|poke|p1|Flutter Mane, L50|\n|poke|p1|Arcanine, L50, F|\n|poke|p1|Jumpluff, L50, F|\n|poke|p1|Azumarill, L50, F|\n|poke|p1|Sandy Shocks, L50|\n|poke|p2|Flutter Mane, L50|\n|poke|p2|Palafin, L50, M|\n|poke|p2|Amoonguss, L50, M|\n|poke|p2|Ting-Lu, L50|\n|poke|p2|Arcanine, L50, M|\n|poke|p2|Roaring Moon, L50|\n|teampreview|4\nkinohara has agreed to open team sheets.\nleafyarrow has agreed to open team sheets.\n|\n|t:|1682139855\n|start\n|switch|p1a: Jumpluff|Jumpluff, L50, F|100\/100\n|switch|p1b: Sandy Shocks|Sandy Shocks, L50|100\/100\n|switch|p2a: Roaring Moon|Roaring Moon, L50|100\/100\n|switch|p2b: Amoonguss|Amoonguss, L50, M|100\/100\n|-enditem|p2a: Roaring Moon|Booster Energy\n|-activate|p2a: Roaring Moon|ability: Protosynthesis|[fromitem]\n|-start|p2a: Roaring Moon|protosynthesisspe\n|turn|1\n|\n|t:|1682139891\n|-end|p1b: Sandy Shocks|Protosynthesis|[silent]\n|switch|p1b: Azumarill|Azumarill, L50, F|100\/100\n|switch|p2b: Arcanine|Arcanine, L50, M|100\/100\n|-ability|p2b: Arcanine|Intimidate|boost\n|-unboost|p1a: Jumpluff|atk|1\n|-fail|p1b: Azumarill|unboost|[from] item: Clear Amulet|[of] p1b: Azumarill\n|move|p2a: Roaring Moon|Acrobatics|p1a: Jumpluff\n|-supereffective|p1a: Jumpluff\n|-enditem|p1a: Jumpluff|Focus Sash\n|-damage|p1a: Jumpluff|1\/100\n|move|p1a: Jumpluff|Strength Sap|p2a: Roaring Moon\n|-unboost|p2a: Roaring Moon|atk|1\n|-heal|p1a: Jumpluff|100\/100\n|\n|upkeep\n|turn|2\n|\n|t:|1682139940\n|move|p2a: Roaring Moon|Acrobatics|p1a: Jumpluff\n|-supereffective|p1a: Jumpluff\n|-damage|p1a: Jumpluff|33\/100\n|move|p1a: Jumpluff|Strength Sap|p2b: Arcanine\n|-unboost|p2b: Arcanine|atk|1\n|-heal|p1a: Jumpluff|100\/100\n|move|p2b: Arcanine|Will-O-Wisp|p1b: Azumarill\n|-status|p1b: Azumarill|brn\n|move|p1b: Azumarill|Ice Spinner|p2a: Roaring Moon\n|-supereffective|p2a: Roaring Moon\n|-damage|p2a: Roaring Moon|80\/100\n|\n|-damage|p1b: Azumarill|95\/100 brn|[from] brn\n|upkeep\n|turn|3\n|\n|t:|1682139978\n|-end|p2a: Roaring Moon|Protosynthesis|[silent]\n|switch|p2a: Amoonguss|Amoonguss, L50, M|100\/100\n|switch|p1a: Baxcalibur|Baxcalibur, L50, M|100\/100\n|move|p2b: Arcanine|Flare Blitz|p1a: Baxcalibur\n|-damage|p1a: Baxcalibur|76\/100\n|-ability|p1a: Baxcalibur|Thermal Exchange|boost\n|-boost|p1a: Baxcalibur|atk|1\n|-damage|p2b: Arcanine|91\/100|[from] Recoil\n|move|p1b: Azumarill|Ice Spinner|p2a: Amoonguss\n|-supereffective|p2a: Amoonguss\n|-damage|p2a: Amoonguss|87\/100\n|\n|-damage|p1b: Azumarill|89\/100 brn|[from] brn\n|upkeep\n|turn|4\n|\n|t:|1682140017\n|-terastallize|p1a: Baxcalibur|Water\n|move|p2b: Arcanine|Protect|p2b: Arcanine\n|-singleturn|p2b: Arcanine|Protect\n|move|p1a: Baxcalibur|Icicle Crash|p2a: Amoonguss\n|-supereffective|p2a: Amoonguss\n|-damage|p2a: Amoonguss|0 fnt\n|faint|p2a: Amoonguss\n|move|p1b: Azumarill|Ice Spinner|p2b: Arcanine\n|-activate|p2b: Arcanine|move: Protect\n|\n|-damage|p1b: Azumarill|83\/100 brn|[from] brn\n|upkeep\n|\n|t:|1682140028\n|switch|p2a: Flutter Mane|Flutter Mane, L50|100\/100\n|turn|5\n|\n|t:|1682140041\n|switch|p2b: Roaring Moon|Roaring Moon, L50|80\/100\n|move|p1a: Baxcalibur|Ice Shard|p2a: Flutter Mane\n|-damage|p2a: Flutter Mane|35\/100\n|move|p1b: Azumarill|Aqua Jet|p2a: Flutter Mane\n|-damage|p2a: Flutter Mane|22\/100\n|move|p2a: Flutter Mane|Thunderbolt|p1a: Baxcalibur\n|-supereffective|p1a: Baxcalibur\n|-damage|p1a: Baxcalibur|31\/100\n|\n|-damage|p1b: Azumarill|77\/100 brn|[from] brn\n|upkeep\n|turn|6\n|\n|t:|1682140073\n|-end|p2a: Flutter Mane|Protosynthesis|[silent]\n|switch|p2a: Arcanine|Arcanine, L50, M|91\/100\n|-ability|p2a: Arcanine|Intimidate|boost\n|-unboost|p1a: Baxcalibur|atk|1\n|-fail|p1b: Azumarill|unboost|[from] item: Clear Amulet|[of] p1b: Azumarill\n|switch|p1b: Jumpluff|Jumpluff, L50, F|100\/100\n|move|p1a: Baxcalibur|Ice Shard|p2b: Roaring Moon\n|-supereffective|p2b: Roaring Moon\n|-damage|p2b: Roaring Moon|18\/100\n|move|p2b: Roaring Moon|Throat Chop|p1a: Baxcalibur\n|-damage|p1a: Baxcalibur|0 fnt\n|faint|p1a: Baxcalibur\n|\n|upkeep\n|\n|t:|1682140088\n|switch|p1a: Azumarill|Azumarill, L50, F|77\/100 brn\n|turn|7\n|\n|t:|1682140107\n|switch|p1b: Sandy Shocks|Sandy Shocks, L50|100\/100\n|-terastallize|p2a: Arcanine|Grass\n|move|p2a: Arcanine|Extreme Speed|p1b: Sandy Shocks\n|-damage|p1b: Sandy Shocks|79\/100\n|move|p2b: Roaring Moon|Acrobatics|p1b: Sandy Shocks\n|-resisted|p1b: Sandy Shocks\n|-damage|p1b: Sandy Shocks|57\/100\n|move|p1a: Azumarill|Ice Spinner|p2b: Roaring Moon\n|-supereffective|p2b: Roaring Moon\n|-damage|p2b: Roaring Moon|0 fnt\n|faint|p2b: Roaring Moon\n|-end|p2b: Roaring Moon|Protosynthesis|[silent]\n|\n|-damage|p1a: Azumarill|72\/100 brn|[from] brn\n|upkeep\n|\n|t:|1682140120\n|switch|p2b: Flutter Mane|Flutter Mane, L50|22\/100\n|turn|8\n|\n|t:|1682140141\n|move|p1b: Sandy Shocks|Protect|p1b: Sandy Shocks\n|-singleturn|p1b: Sandy Shocks|Protect\n|move|p2a: Arcanine|Extreme Speed|p1a: Azumarill\n|-damage|p1a: Azumarill|52\/100 brn\n|move|p1a: Azumarill|Aqua Jet|p2b: Flutter Mane\n|-damage|p2b: Flutter Mane|11\/100\n|move|p2b: Flutter Mane|Dazzling Gleam|p1a: Azumarill|[spread] p1a\n|-activate|p1b: Sandy Shocks|move: Protect\n|-damage|p1a: Azumarill|6\/100 brn\n|\n|-damage|p1a: Azumarill|0 fnt|[from] brn\n|faint|p1a: Azumarill\n|upkeep\n|\n|t:|1682140153\n|switch|p1a: Jumpluff|Jumpluff, L50, F|100\/100\n|turn|9\n|\n|t:|1682140168\n|move|p2b: Flutter Mane|Dazzling Gleam|p1b: Sandy Shocks|[spread] p1a,p1b\n|-damage|p1a: Jumpluff|57\/100\n|-damage|p1b: Sandy Shocks|8\/100\n|move|p1a: Jumpluff|Strength Sap|p2a: Arcanine\n|-unboost|p2a: Arcanine|atk|1\n|-heal|p1a: Jumpluff|100\/100\n|move|p1b: Sandy Shocks|Flash Cannon|p2b: Flutter Mane\n|-supereffective|p2b: Flutter Mane\n|-damage|p2b: Flutter Mane|0 fnt\n|faint|p2b: Flutter Mane\n|-end|p2b: Flutter Mane|Protosynthesis|[silent]\n|-damage|p1b: Sandy Shocks|0 fnt|[from] item: Life Orb\n|faint|p1b: Sandy Shocks\n|-end|p1b: Sandy Shocks|Protosynthesis|[silent]\n|move|p2a: Arcanine|Flare Blitz|p1a: Jumpluff\n|-supereffective|p1a: Jumpluff\n|-damage|p1a: Jumpluff|18\/100\n|-damage|p2a: Arcanine|66\/100|[from] Recoil\n|\n|upkeep\n|turn|10\n|\n|t:|1682140187\n|move|p2a: Arcanine|Extreme Speed|p1a: Jumpluff\n|-damage|p1a: Jumpluff|0 fnt\n|faint|p1a: Jumpluff\n|\n|win|leafyarrow\n","uploadtime":1682140194,"views":16,"p1id":"kinohara","p2id":"leafyarrow","formatid":"gen9vgc2023regulationc","rating":0,"private":0,"password":""}