{"id":"gen9vgc2023regulationc-1860772662","p1":"BBRAFF","p2":"thejordanvgc","format":"[Gen 9] VGC 2023 Regulation C","log":"|j|\u2606BBRAFF\n|j|\u2606thejordanvgc\n|t:|1683676097\n|gametype|doubles\n|player|p1|BBRAFF|cyclist|\n|player|p2|thejordanvgc|265|\n|teamsize|p1|6\n|teamsize|p2|6\n|gen|9\n|tier|[Gen 9] VGC 2023 Regulation C\n|rule|Species Clause: Limit one of each Pok\u00e9mon\n|rule|Item Clause: Limit one of each item\n|clearpoke\n|poke|p1|Honchkrow, L50, M|\n|poke|p1|Iron Valiant, L50|\n|poke|p1|Raichu, L50, F|\n|poke|p1|Skrelp, L50, M|\n|poke|p1|Maushold, L50|\n|poke|p1|Gyarados, L50, F|\n|poke|p2|Iron Jugulis, L50|\n|poke|p2|Garchomp, L50, F|\n|poke|p2|Toxicroak, L50, M|\n|poke|p2|Florges, L50, F|\n|poke|p2|Klefki, L50, M|\n|poke|p2|Eelektross, L50, M|\n|teampreview|4\n|c|\u2606thejordanvgc|g2\nBBRAFF rejected open team sheets.\n|c|\u2606BBRAFF|glhf\n|c|\u2606thejordanvgc|gl hf\n|\n|t:|1683676532\n|start\n|switch|p1a: Mickey|Raichu, L50, F|100\/100\n|switch|p1b: Al Capone|Honchkrow, L50, M|100\/100\n|switch|p2a: Juggy Baby|Iron Jugulis, L50|100\/100\n|switch|p2b: Escalator|Eelektross, L50, M|100\/100\n|turn|1\n|\n|t:|1683676578\n|-terastallize|p1b: Al Capone|Ice\n|-terastallize|p2a: Juggy Baby|Ground\n|move|p1a: Mickey|Fake Tears|p2a: Juggy Baby\n|-unboost|p2a: Juggy Baby|spd|2\n|move|p1b: Al Capone|Tera Blast|p2a: Juggy Baby\n|-supereffective|p2a: Juggy Baby\n|-damage|p2a: Juggy Baby|0 fnt\n|faint|p2a: Juggy Baby\n|-end|p2a: Juggy Baby|Quark Drive|[silent]\n|move|p2b: Escalator|Coil|p2b: Escalator\n|-boost|p2b: Escalator|atk|1\n|-boost|p2b: Escalator|def|1\n|-boost|p2b: Escalator|accuracy|1\n|\n|upkeep\n|\n|t:|1683676609\n|switch|p2a: Mozilla Firefrog|Toxicroak, L50, M|100\/100\n|turn|2\n|\n|t:|1683676682\n|move|p1a: Mickey|Fake Tears|p2b: Escalator\n|-fail|p2b: Escalator|unboost|[from] item: Clear Amulet|[of] p2b: Escalator\n|move|p1b: Al Capone|Tera Blast|p2a: Mozilla Firefrog\n|-damage|p2a: Mozilla Firefrog|37\/100\n|move|p2a: Mozilla Firefrog|Stone Edge|p1b: Al Capone\n|-supereffective|p1b: Al Capone\n|-damage|p1b: Al Capone|0 fnt\n|faint|p1b: Al Capone\n|-damage|p2a: Mozilla Firefrog|27\/100|[from] item: Life Orb\n|move|p2b: Escalator|Stomping Tantrum|p1a: Mickey\n|-supereffective|p1a: Mickey\n|-enditem|p1a: Mickey|Focus Sash\n|-damage|p1a: Mickey|1\/100\n|\n|upkeep\n|\n|t:|1683676692\n|switch|p1b: Alita|Iron Valiant, L50|100\/100\n|-enditem|p1b: Alita|Booster Energy\n|-activate|p1b: Alita|ability: Quark Drive|[fromitem]\n|-start|p1b: Alita|quarkdrivespe\n|turn|3\n|\n|t:|1683676729\n|switch|p2a: Great Chomp|Garchomp, L50, F|100\/100\n|move|p1b: Alita|Dazzling Gleam|p2b: Escalator|[spread] p2a,p2b\n|-supereffective|p2a: Great Chomp\n|-damage|p2a: Great Chomp|50\/100\n|-damage|p2b: Escalator|63\/100\n|-enditem|p2a: Great Chomp|Sitrus Berry|[eat]\n|-heal|p2a: Great Chomp|75\/100|[from] item: Sitrus Berry\n|move|p1a: Mickey|Play Rough|p2b: Escalator\n|-damage|p2b: Escalator|45\/100\n|move|p2b: Escalator|Stomping Tantrum|p1a: Mickey\n|-supereffective|p1a: Mickey\n|-damage|p1a: Mickey|0 fnt\n|faint|p1a: Mickey\n|\n|upkeep\n|\n|t:|1683676740\n|switch|p1a: Pregnant|Skrelp, L50, M|100\/100\n|turn|4\n|\n|t:|1683676764\n|move|p1b: Alita|Aura Sphere|p2b: Escalator\n|-damage|p2b: Escalator|0 fnt\n|faint|p2b: Escalator\n|move|p2a: Great Chomp|Earthquake|p1b: Alita|[spread] p1a,p1b\n|-supereffective|p1a: Pregnant\n|-damage|p1a: Pregnant|0 fnt\n|-damage|p1b: Alita|50\/100\n|faint|p1a: Pregnant\n|\n|upkeep\n|\n|t:|1683676773\n|switch|p2b: Mozilla Firefrog|Toxicroak, L50, M|27\/100\n|turn|5\n|\n|t:|1683676785\n|move|p1b: Alita|Protect|p1b: Alita\n|-singleturn|p1b: Alita|Protect\n|move|p2b: Mozilla Firefrog|Fake Out|p1b: Alita\n|-activate|p1b: Alita|move: Protect\n|move|p2a: Great Chomp|Poison Jab|p1b: Alita\n|-activate|p1b: Alita|move: Protect\n|\n|upkeep\n|turn|6\n|\n|t:|1683676812\n|move|p1b: Alita|Dazzling Gleam|p2b: Mozilla Firefrog|[spread] p2a,p2b\n|-supereffective|p2a: Great Chomp\n|-damage|p2a: Great Chomp|29\/100\n|-damage|p2b: Mozilla Firefrog|0 fnt\n|faint|p2b: Mozilla Firefrog\n|move|p2a: Great Chomp|Poison Jab|p1b: Alita\n|-supereffective|p1b: Alita\n|-damage|p1b: Alita|0 fnt\n|faint|p1b: Alita\n|-end|p1b: Alita|Quark Drive|[silent]\n|\n|win|thejordanvgc\n|c|\u2606BBRAFF|gg\n|c|\u2606thejordanvgc|gg\n|c|\u2606BBRAFF|those fancy shmancy gen 9 items\n|c|\u2606BBRAFF|not very nice\n","uploadtime":1683676877,"views":30,"p1id":"bbraff","p2id":"thejordanvgc","formatid":"gen9vgc2023regulationc","rating":0,"private":0,"password":""}