{"id":"gen9vgc2023regulationc-1859608460","p1":"gEBEMBA","p2":"filthy_sanchez","format":"[Gen 9] VGC 2023 Regulation C","log":"|j|\u2606gEBEMBA\n|j|\u2606filthy_sanchez\n|t:|1683548330\n|gametype|doubles\n|player|p1|gEBEMBA|101|\n|player|p2|filthy_sanchez|102|\n|teamsize|p1|6\n|teamsize|p2|6\n|gen|9\n|tier|[Gen 9] VGC 2023 Regulation C\n|rule|Species Clause: Limit one of each Pok\u00e9mon\n|rule|Item Clause: Limit one of each item\n|clearpoke\n|poke|p1|Scovillain, L50, M|\n|poke|p1|Tauros-Paldea-Combat, L50, M|\n|poke|p1|Roaring Moon, L50|\n|poke|p1|Gyarados, L50, M|\n|poke|p1|Electrode, L50|\n|poke|p1|Maushold, L50|\n|poke|p2|Toxicroak, L50, M|\n|poke|p2|Ting-Lu, L50|\n|poke|p2|Rotom-Mow, L50|\n|poke|p2|Azumarill, L50, F|\n|poke|p2|Pelipper, L50, M|\n|poke|p2|Barraskewda, L50, M|\n|teampreview|4\ngEBEMBA has agreed to open team sheets.\n|j| Freischieb\n|j| Tonsoffamage\n|j| ethan06\n|j| D4nkw33b\nfilthy_sanchez has agreed to open team sheets.\n|c| ethan06|gg hf\n|c| ethan06|g3\n|c| Freischieb|hd tv\n|c| D4nkw33b|GGHF\n|\n|t:|1683548389\n|start\n|switch|p1a: Jasonnnnnn|Scovillain, L50, M|100\/100\n|switch|p1b: Jasonnnnn|Tauros-Paldea-Combat, L50, M|100\/100\n|switch|p2a: Pelipper|Pelipper, L50, M|100\/100\n|switch|p2b: Barraskewda|Barraskewda, L50, M|100\/100\n|-ability|p1b: Jasonnnnn|Intimidate|boost\n|-unboost|p2a: Pelipper|atk|1\n|-unboost|p2b: Barraskewda|atk|1\n|-weather|RainDance|[from] ability: Drizzle|[of] p2a: Pelipper\n|turn|1\n|c| Tonsoffamage|gg\n|inactive|Battle timer is ON: inactive players will automatically lose when time's up. (requested by gEBEMBA)\n|inactiveoff|Battle timer is now OFF.\n|\n|t:|1683548431\n|switch|p1b: Jasonnn|Gyarados, L50, M|100\/100\n|-ability|p1b: Jasonnn|Intimidate|boost\n|-unboost|p2a: Pelipper|atk|1\n|-unboost|p2b: Barraskewda|atk|1\n|switch|p2a: Azumarill|Azumarill, L50, F|100\/100\n|move|p1a: Jasonnnnnn|Protect|p1a: Jasonnnnnn\n|-singleturn|p1a: Jasonnnnnn|Protect\n|move|p2b: Barraskewda|Liquidation|p1a: Jasonnnnnn\n|-activate|p1a: Jasonnnnnn|move: Protect\n|\n|-weather|RainDance|[upkeep]\n|upkeep\n|turn|2\n|c|\u2606gEBEMBA|https:\/\/www.youtube.com\/watch?v=C-u5WLJ9Yk4&ab_channel=BritneySpearsVEVO\n|\n|t:|1683548485\n|switch|p1b: Jasonn|Electrode, L50|100\/100\n|-terastallize|p2a: Azumarill|Fairy\n|move|p2b: Barraskewda|Liquidation|p1a: Jasonnnnnn\n|-crit|p1a: Jasonnnnnn\n|-damage|p1a: Jasonnnnnn|0 fnt\n|faint|p1a: Jasonnnnnn\n|move|p2a: Azumarill|Play Rough|p1b: Jasonn\n|-damage|p1b: Jasonn|0 fnt\n|faint|p1b: Jasonn\n|\n|-weather|RainDance|[upkeep]\n|upkeep\n|\n|t:|1683548500\n|switch|p1b: Jasonnn|Gyarados, L50, M|100\/100\n|switch|p1a: Jasonnnnn|Tauros-Paldea-Combat, L50, M|100\/100\n|-ability|p1a: Jasonnnnn|Intimidate|boost\n|-unboost|p2a: Azumarill|atk|1\n|-unboost|p2b: Barraskewda|atk|1\n|-ability|p1b: Jasonnn|Intimidate|boost\n|-unboost|p2a: Azumarill|atk|1\n|-unboost|p2b: Barraskewda|atk|1\n|turn|3\n|\n|t:|1683548531\n|move|p2b: Barraskewda|Liquidation|p1b: Jasonnn\n|-resisted|p1b: Jasonnn\n|-damage|p1b: Jasonnn|78\/100\n|move|p1a: Jasonnnnn|Sunny Day|p1a: Jasonnnnn\n|-weather|SunnyDay\n|move|p1b: Jasonnn|Waterfall|p2a: Azumarill\n|-damage|p2a: Azumarill|86\/100\n|move|p2a: Azumarill|Play Rough|p1a: Jasonnnnn\n|-supereffective|p1a: Jasonnnnn\n|-damage|p1a: Jasonnnnn|31\/100\n|-unboost|p1a: Jasonnnnn|atk|1\n|\n|-weather|SunnyDay|[upkeep]\n|upkeep\n|turn|4\n|\n|t:|1683548559\n|switch|p2b: Pelipper|Pelipper, L50, M|100\/100\n|-weather|RainDance|[from] ability: Drizzle|[of] p2b: Pelipper\n|-terastallize|p1b: Jasonnn|Flying\n|move|p1a: Jasonnnnn|Rock Slide|p2b: Pelipper|[spread] p2a,p2b\n|-supereffective|p2b: Pelipper\n|-damage|p2a: Azumarill|75\/100\n|-damage|p2b: Pelipper|62\/100\n|-damage|p1a: Jasonnnnn|21\/100|[from] item: Life Orb\n|move|p1b: Jasonnn|Tera Blast|p2a: Azumarill\n|-damage|p2a: Azumarill|37\/100\n|move|p2a: Azumarill|Play Rough|p1b: Jasonnn|[miss]\n|-miss|p2a: Azumarill|p1b: Jasonnn\n|\n|-weather|RainDance|[upkeep]\n|upkeep\n|turn|5\n|\n|t:|1683548612\n|switch|p2a: Barraskewda|Barraskewda, L50, M|100\/100\n|move|p1a: Jasonnnnn|Rock Slide|p2a: Barraskewda|[spread] p2a,p2b\n|-supereffective|p2b: Pelipper\n|-damage|p2a: Barraskewda|71\/100\n|-damage|p2b: Pelipper|26\/100\n|-damage|p1a: Jasonnnnn|11\/100|[from] item: Life Orb\n|move|p1b: Jasonnn|Tera Blast|p2a: Barraskewda\n|-damage|p2a: Barraskewda|0 fnt\n|faint|p2a: Barraskewda\n|move|p2b: Pelipper|Tailwind|p2b: Pelipper\n|-sidestart|p2: filthy_sanchez|move: Tailwind\n|\n|-weather|RainDance|[upkeep]\n|upkeep\n|inactive|Battle timer is ON: inactive players will automatically lose when time's up. (requested by gEBEMBA)\n|\n|t:|1683548628\n|switch|p2a: Azumarill|Azumarill, L50, F, tera:Fairy|37\/100\n|turn|6\n|inactive|gEBEMBA has 30 seconds left.\n|inactive|gEBEMBA has 20 seconds left.\n|\n|t:|1683548667\n|move|p2b: Pelipper|Hurricane|p1a: Jasonnnnn\n|-supereffective|p1a: Jasonnnnn\n|-damage|p1a: Jasonnnnn|0 fnt\n|faint|p1a: Jasonnnnn\n|move|p2a: Azumarill|Liquidation|p1b: Jasonnn\n|-damage|p1b: Jasonnn|0 fnt\n|faint|p1b: Jasonnn\n|\n|win|filthy_sanchez\n|c|\u2606gEBEMBA|:(\n|c| Tonsoffamage|gg\n","uploadtime":1683548677,"views":6,"p1id":"gebemba","p2id":"filthysanchez","formatid":"gen9vgc2023regulationc","rating":0,"private":0,"password":""}