{"id":"gen9vgc2023regulationc-1861669734","p1":"Vehiculo","p2":"Philosopiggy","format":"[Gen 9] VGC 2023 Regulation C","log":"|j|\u2606Vehiculo\n|j|\u2606Philosopiggy\n|t:|1683791503\n|gametype|doubles\n|player|p1|Vehiculo|2|1096\n|player|p2|Philosopiggy|2|1132\n|teamsize|p1|6\n|teamsize|p2|6\n|gen|9\n|tier|[Gen 9] VGC 2023 Regulation C\n|rated|\n|rule|Species Clause: Limit one of each Pok\u00e9mon\n|rule|Item Clause: Limit one of each item\n|clearpoke\n|poke|p1|Chi-Yu, L50|\n|poke|p1|Flutter Mane, L50|\n|poke|p1|Iron Hands, L50|\n|poke|p1|Rotom-Wash, L50|\n|poke|p1|Amoonguss, L50, F|\n|poke|p1|Tauros-Paldea-Aqua, L50, M|\n|poke|p2|Iron Bundle, L50|\n|poke|p2|Glimmora, L50, F|\n|poke|p2|Chi-Yu, L50|\n|poke|p2|Dondozo, L50, M|\n|poke|p2|Tatsugiri, L50, M|\n|poke|p2|Flutter Mane, L50|\n|teampreview|4\n|inactive|Battle timer is ON: inactive players will automatically lose when time's up. (requested by Vehiculo)\n|\n|t:|1683791529\n|start\n|switch|p1a: Flutter Mane|Flutter Mane, L50|100\/100\n|switch|p1b: Chi-Yu|Chi-Yu, L50|100\/100\n|switch|p2a: Glimmora|Glimmora, L50, F|100\/100\n|switch|p2b: Iron Bundle|Iron Bundle, L50|100\/100\n|-ability|p1b: Chi-Yu|Beads of Ruin\n|-enditem|p2b: Iron Bundle|Booster Energy\n|-activate|p2b: Iron Bundle|ability: Quark Drive|[fromitem]\n|-start|p2b: Iron Bundle|quarkdrivespe\n|turn|1\n|inactive|Vehiculo has 30 seconds left.\n|\n|t:|1683791560\n|-end|p1a: Flutter Mane|Protosynthesis|[silent]\n|switch|p1a: Amoonguss|Amoonguss, L50, F|100\/100\n|-terastallize|p1b: Chi-Yu|Grass\n|move|p2b: Iron Bundle|Icy Wind|p1b: Chi-Yu|[spread] p1a,p1b\n|-supereffective|p1a: Amoonguss\n|-crit|p1a: Amoonguss\n|-supereffective|p1b: Chi-Yu\n|-damage|p1a: Amoonguss|19\/100\n|-damage|p1b: Chi-Yu|50\/100\n|-unboost|p1a: Amoonguss|spe|1\n|-unboost|p1b: Chi-Yu|spe|1\n|-enditem|p1a: Amoonguss|Sitrus Berry|[eat]\n|-heal|p1a: Amoonguss|44\/100|[from] item: Sitrus Berry\n|move|p2a: Glimmora|Mortal Spin|p1b: Chi-Yu|[spread] p1a,p1b\n|-supereffective|p1b: Chi-Yu\n|-damage|p1a: Amoonguss|40\/100\n|-damage|p1b: Chi-Yu|36\/100\n|-status|p1b: Chi-Yu|psn\n|move|p1b: Chi-Yu|Tera Blast|p2b: Iron Bundle\n|-supereffective|p2b: Iron Bundle\n|-damage|p2b: Iron Bundle|0 fnt\n|faint|p2b: Iron Bundle\n|-end|p2b: Iron Bundle|Quark Drive|[silent]\n|-damage|p1b: Chi-Yu|26\/100 psn|[from] item: Life Orb\n|\n|-damage|p1b: Chi-Yu|14\/100 psn|[from] psn\n|upkeep\n|\n|t:|1683791581\n|switch|p2b: Dondozo|Dondozo, L50, M|100\/100\n|turn|2\n|\n|t:|1683791594\n|switch|p1b: Flutter Mane|Flutter Mane, L50|100\/100\n|move|p2b: Dondozo|Protect|p2b: Dondozo\n|-singleturn|p2b: Dondozo|Protect\n|move|p2a: Glimmora|Power Gem|p1a: Amoonguss\n|-damage|p1a: Amoonguss|3\/100\n|move|p1a: Amoonguss|Clear Smog|p2b: Dondozo\n|-activate|p2b: Dondozo|move: Protect\n|\n|upkeep\n|turn|3\n|inactive|Philosopiggy has 30 seconds left.\n|\n|t:|1683791626\n|switch|p1a: Chi-Yu|Chi-Yu, L50, tera:Grass|14\/100 psn\n|-ability|p1a: Chi-Yu|Beads of Ruin\n|-terastallize|p2b: Dondozo|Steel\n|move|p2b: Dondozo|Protect|p2b: Dondozo\n|-singleturn|p2b: Dondozo|Protect\n|move|p1b: Flutter Mane|Thunderbolt|p2b: Dondozo\n|-activate|p2b: Dondozo|move: Protect\n|move|p2a: Glimmora|Mortal Spin|p1b: Flutter Mane|[spread] p1a,p1b\n|-supereffective|p1a: Chi-Yu\n|-damage|p1a: Chi-Yu|0 fnt\n|-damage|p1b: Flutter Mane|91\/100\n|-status|p1b: Flutter Mane|psn\n|faint|p1a: Chi-Yu\n|\n|-damage|p1b: Flutter Mane|79\/100 psn|[from] psn\n|upkeep\n|\n|t:|1683791644\n|switch|p1a: Rotom|Rotom-Wash, L50|100\/100\n|turn|4\n|\n|t:|1683791658\n|-end|p1b: Flutter Mane|Protosynthesis|[silent]\n|switch|p1b: Amoonguss|Amoonguss, L50, F|36\/100\n|move|p1a: Rotom|Will-O-Wisp|p2b: Dondozo\n|-status|p2b: Dondozo|brn\n|move|p2a: Glimmora|Power Gem|p1a: Rotom\n|-damage|p1a: Rotom|56\/100\n|move|p2b: Dondozo|Substitute|p2b: Dondozo\n|-start|p2b: Dondozo|Substitute\n|-damage|p2b: Dondozo|76\/100 brn\n|\n|-heal|p1a: Rotom|62\/100|[from] item: Leftovers\n|-heal|p2b: Dondozo|82\/100 brn|[from] item: Leftovers\n|-damage|p2b: Dondozo|76\/100 brn|[from] brn\n|upkeep\n|turn|5\n|inactive|Philosopiggy has 30 seconds left.\n|\n|t:|1683791684\n|move|p1b: Amoonguss|Protect|p1b: Amoonguss\n|-singleturn|p1b: Amoonguss|Protect\n|move|p1a: Rotom|Hydro Pump|p2a: Glimmora|[miss]\n|-miss|p1a: Rotom|p2a: Glimmora\n|move|p2a: Glimmora|Power Gem|p1b: Amoonguss\n|-activate|p1b: Amoonguss|move: Protect\n|move|p2b: Dondozo|Wave Crash|p1b: Amoonguss\n|-activate|p1b: Amoonguss|move: Protect\n|\n|-heal|p1a: Rotom|67\/100|[from] item: Leftovers\n|-heal|p2b: Dondozo|82\/100 brn|[from] item: Leftovers\n|-damage|p2b: Dondozo|76\/100 brn|[from] brn\n|upkeep\n|turn|6\n|\n|t:|1683791706\n|move|p2b: Dondozo|Protect|p2b: Dondozo\n|-singleturn|p2b: Dondozo|Protect\n|move|p1a: Rotom|Hydro Pump|p2a: Glimmora\n|-supereffective|p2a: Glimmora\n|-enditem|p2a: Glimmora|Focus Sash\n|-damage|p2a: Glimmora|1\/100\n|move|p2a: Glimmora|Mortal Spin|p1a: Rotom|[spread] p1a,p1b\n|-damage|p1a: Rotom|63\/100\n|-damage|p1b: Amoonguss|32\/100\n|-status|p1a: Rotom|psn\n|move|p1b: Amoonguss|Spore|p2a: Glimmora\n|-status|p2a: Glimmora|slp|[from] move: Spore\n|\n|-heal|p1a: Rotom|69\/100 psn|[from] item: Leftovers\n|-heal|p2b: Dondozo|82\/100 brn|[from] item: Leftovers\n|-damage|p1a: Rotom|57\/100 psn|[from] psn\n|-damage|p2b: Dondozo|76\/100 brn|[from] brn\n|upkeep\n|turn|7\n|inactive|Vehiculo has 30 seconds left.\n|inactive|Vehiculo has 20 seconds left.\n|inactive|Vehiculo has 15 seconds left.\n|\n|t:|1683791747\n|switch|p2a: Tatsugiri|Tatsugiri, L50, M|100\/100\n|-activate|p2a: Tatsugiri|ability: Commander|[of] p2b: Dondozo\n|-boost|p2b: Dondozo|atk|2\n|-boost|p2b: Dondozo|spa|2\n|-boost|p2b: Dondozo|spe|2\n|-boost|p2b: Dondozo|def|2\n|-boost|p2b: Dondozo|spd|2\n|switch|p1b: Flutter Mane|Flutter Mane, L50|79\/100 psn\n|move|p1a: Rotom|Protect|p1a: Rotom\n|-singleturn|p1a: Rotom|Protect\n|move|p2b: Dondozo|Order Up|p1b: Flutter Mane\n|-immune|p1b: Flutter Mane\n|\n|-heal|p2b: Dondozo|82\/100 brn|[from] item: Leftovers\n|-heal|p1a: Rotom|62\/100 psn|[from] item: Leftovers\n|-damage|p1b: Flutter Mane|67\/100 psn|[from] psn\n|-damage|p1a: Rotom|50\/100 psn|[from] psn\n|-damage|p2b: Dondozo|76\/100 brn|[from] brn\n|upkeep\n|turn|8\n|inactive|Vehiculo has 30 seconds left.\n|\n|t:|1683791775\n|move|p2b: Dondozo|Protect|p2b: Dondozo\n|-singleturn|p2b: Dondozo|Protect\n|move|p1b: Flutter Mane|Shadow Ball|p2b: Dondozo\n|-activate|p2b: Dondozo|move: Protect\n|move|p1a: Rotom|Hydro Pump|p2b: Dondozo\n|-activate|p2b: Dondozo|move: Protect\n|\n|-heal|p2b: Dondozo|82\/100 brn|[from] item: Leftovers\n|-heal|p1a: Rotom|56\/100 psn|[from] item: Leftovers\n|-damage|p1b: Flutter Mane|54\/100 psn|[from] psn\n|-damage|p1a: Rotom|44\/100 psn|[from] psn\n|-damage|p2b: Dondozo|76\/100 brn|[from] brn\n|upkeep\n|turn|9\n|\n|t:|1683791792\n|move|p1b: Flutter Mane|Shadow Ball|p2b: Dondozo\n|-end|p2b: Dondozo|Substitute\n|move|p2b: Dondozo|Order Up|p1a: Rotom\n|-damage|p1a: Rotom|23\/100 psn\n|-boost|p2b: Dondozo|atk|1\n|move|p1a: Rotom|Hydro Pump|p2b: Dondozo\n|-damage|p2b: Dondozo|58\/100 brn\n|\n|-heal|p2b: Dondozo|64\/100 brn|[from] item: Leftovers\n|-heal|p1a: Rotom|29\/100 psn|[from] item: Leftovers\n|-damage|p1b: Flutter Mane|42\/100 psn|[from] psn\n|-damage|p1a: Rotom|16\/100 psn|[from] psn\n|-damage|p2b: Dondozo|58\/100 brn|[from] brn\n|upkeep\n|turn|10\n|\n|t:|1683791811\n|switch|p1a: Amoonguss|Amoonguss, L50, F|65\/100\n|move|p2b: Dondozo|Protect|p2b: Dondozo\n|-singleturn|p2b: Dondozo|Protect\n|move|p1b: Flutter Mane|Shadow Ball|p2b: Dondozo\n|-activate|p2b: Dondozo|move: Protect\n|\n|-heal|p2b: Dondozo|64\/100 brn|[from] item: Leftovers\n|-damage|p1b: Flutter Mane|30\/100 psn|[from] psn\n|-damage|p2b: Dondozo|58\/100 brn|[from] brn\n|upkeep\n|turn|11\n|\n|t:|1683791826\n|move|p1b: Flutter Mane|Shadow Ball|p2b: Dondozo\n|-damage|p2b: Dondozo|32\/100 brn\n|move|p2b: Dondozo|Substitute|p2b: Dondozo\n|-start|p2b: Dondozo|Substitute\n|-damage|p2b: Dondozo|7\/100 brn\n|move|p1a: Amoonguss|Pollen Puff|p1b: Flutter Mane\n|-heal|p1b: Flutter Mane|80\/100 psn\n|\n|-heal|p2b: Dondozo|13\/100 brn|[from] item: Leftovers\n|-damage|p1b: Flutter Mane|67\/100 psn|[from] psn\n|-damage|p2b: Dondozo|7\/100 brn|[from] brn\n|upkeep\n|turn|12\n|inactive|Vehiculo has 30 seconds left.\n|\n|t:|1683791854\n|-end|p1b: Flutter Mane|Protosynthesis|[silent]\n|switch|p1b: Rotom|Rotom-Wash, L50|16\/100 psn\n|move|p2b: Dondozo|Wave Crash|p1b: Rotom\n|-resisted|p1b: Rotom\n|-damage|p1b: Rotom|0 fnt\n|faint|p1b: Rotom\n|-damage|p2b: Dondozo|3\/100 brn|[from] Recoil\n|move|p1a: Amoonguss|Pollen Puff|p1: Rotom|[notarget]\n|-fail|p1a: Amoonguss\n|\n|-heal|p2b: Dondozo|9\/100 brn|[from] item: Leftovers\n|-damage|p2b: Dondozo|3\/100 brn|[from] brn\n|upkeep\n|\n|t:|1683791868\n|switch|p1b: Flutter Mane|Flutter Mane, L50|67\/100 psn\n|turn|13\n|\n|t:|1683791877\n|move|p1b: Flutter Mane|Shadow Ball|p2b: Dondozo\n|-end|p2b: Dondozo|Substitute\n|move|p2b: Dondozo|Wave Crash|p1b: Flutter Mane\n|-damage|p1b: Flutter Mane|0 fnt\n|faint|p1b: Flutter Mane\n|-end|p1b: Flutter Mane|Protosynthesis|[silent]\n|-damage|p2b: Dondozo|0 fnt|[from] Recoil\n|faint|p2b: Dondozo\n|move|p1a: Amoonguss|Pollen Puff|p2a: Tatsugiri\n|-damage|p2a: Tatsugiri|77\/100\n|\n|upkeep\n|\n|t:|1683791890\n|switch|p2b: Glimmora|Glimmora, L50, F|1\/100 slp\n|turn|14\n|\n|t:|1683791900\n|move|p2a: Tatsugiri|Icy Wind|p1a: Amoonguss\n|-supereffective|p1a: Amoonguss\n|-damage|p1a: Amoonguss|34\/100\n|-unboost|p1a: Amoonguss|spe|1\n|cant|p2b: Glimmora|slp\n|move|p1a: Amoonguss|Pollen Puff|p2b: Glimmora\n|-resisted|p2b: Glimmora\n|-damage|p2b: Glimmora|0 fnt\n|faint|p2b: Glimmora\n|\n|upkeep\n|turn|15\n|\n|t:|1683791916\n|move|p2a: Tatsugiri|Icy Wind|p1a: Amoonguss\n|-supereffective|p1a: Amoonguss\n|-damage|p1a: Amoonguss|3\/100\n|-unboost|p1a: Amoonguss|spe|1\n|move|p1a: Amoonguss|Spore|p2a: Tatsugiri\n|-status|p2a: Tatsugiri|slp|[from] move: Spore\n|\n|upkeep\n|turn|16\n|\n|t:|1683791925\n|cant|p2a: Tatsugiri|slp\n|move|p1a: Amoonguss|Pollen Puff|p2a: Tatsugiri\n|-damage|p2a: Tatsugiri|54\/100 slp\n|\n|upkeep\n|turn|17\n|\n|t:|1683791933\n|cant|p2a: Tatsugiri|slp\n|move|p1a: Amoonguss|Pollen Puff|p2a: Tatsugiri\n|-crit|p2a: Tatsugiri\n|-damage|p2a: Tatsugiri|17\/100 slp\n|\n|upkeep\n|turn|18\n|\n|t:|1683791940\n|-curestatus|p2a: Tatsugiri|slp|[msg]\n|move|p2a: Tatsugiri|Icy Wind|p1a: Amoonguss\n|-supereffective|p1a: Amoonguss\n|-damage|p1a: Amoonguss|0 fnt\n|faint|p1a: Amoonguss\n|\n|win|Philosopiggy\n|raw|Vehiculo's rating: 1096 → 1074<\/strong> (-22 for losing)\n|raw|Philosopiggy's rating: 1132 → 1154<\/strong> (+22 for winning)\n|l|\u2606Vehiculo\n|j|\u2606Vehiculo\n|player|p1|Vehiculo|2\n","uploadtime":1683792285,"views":14,"p1id":"vehiculo","p2id":"philosopiggy","formatid":"gen9vgc2023regulationc","rating":1074,"private":0,"password":""}