{"id":"gen9vgc2023regulationc-1855125638","p1":"Charlisito","p2":"Pokeprofpine","format":"[Gen 9] VGC 2023 Regulation C","log":"|j|\u2606Charlisito\n|j|\u2606Pokeprofpine\n|t:|1682904389\n|gametype|doubles\n|player|p1|Charlisito|2|1083\n|player|p2|Pokeprofpine|169|1101\n|teamsize|p1|6\n|teamsize|p2|6\n|gen|9\n|tier|[Gen 9] VGC 2023 Regulation C\n|rated|\n|rule|Species Clause: Limit one of each Pok\u00e9mon\n|rule|Item Clause: Limit one of each item\n|clearpoke\n|poke|p1|Bellibolt, L50, F|\n|poke|p1|Palafin, L50, M|\n|poke|p1|Arcanine, L50, M|\n|poke|p1|Amoonguss, L50, M|\n|poke|p1|Flutter Mane, L50|\n|poke|p1|Ting-Lu, L50|\n|poke|p2|Ting-Lu, L50|\n|poke|p2|Annihilape, L50, M|\n|poke|p2|Palafin, L50, M|\n|poke|p2|Flutter Mane, L50|\n|poke|p2|Iron Moth, L50|\n|poke|p2|Rotom-Wash, L50|\n|teampreview|4\n|\n|t:|1682904414\n|start\n|switch|p1a: Bellibolt|Bellibolt, L50, F|100\/100\n|switch|p1b: Palafin|Palafin, L50, M|100\/100\n|switch|p2a: Flutter Mane|Flutter Mane, L50|100\/100\n|switch|p2b: Iron Moth|Iron Moth, L50|100\/100\n|-enditem|p2a: Flutter Mane|Booster Energy\n|-activate|p2a: Flutter Mane|ability: Protosynthesis|[fromitem]\n|-start|p2a: Flutter Mane|protosynthesisspe\n|turn|1\n|\n|t:|1682904434\n|detailschange|p1b: Palafin|Palafin-Hero, L50, M\n|switch|p1b: Ting-Lu|Ting-Lu, L50|100\/100\n|-ability|p1b: Ting-Lu|Vessel of Ruin\n|move|p2b: Iron Moth|Helping Hand|p2a: Flutter Mane\n|-singleturn|p2a: Flutter Mane|Helping Hand|[of] p2b: Iron Moth\n|move|p2a: Flutter Mane|Dazzling Gleam|p1a: Bellibolt|[spread] p1a,p1b\n|-supereffective|p1b: Ting-Lu\n|-damage|p1a: Bellibolt|80\/100\n|-damage|p1b: Ting-Lu|52\/100\n|-start|p1a: Bellibolt|Charge|Dazzling Gleam|[from] ability: Electromorphosis\n|move|p1a: Bellibolt|Volt Switch|p2a: Flutter Mane\n|-crit|p2a: Flutter Mane\n|-damage|p2a: Flutter Mane|34\/100\n|-end|p1a: Bellibolt|Charge|[silent]\n|\n|t:|1682904442\n|switch|p1a: Palafin|Palafin-Hero, L50, M|100\/100|[from] Volt Switch\n|-activate|p1a: Palafin|ability: Zero to Hero\n|\n|-heal|p1b: Ting-Lu|58\/100|[from] item: Leftovers\n|upkeep\n|turn|2\n|\n|t:|1682904477\n|move|p2a: Flutter Mane|Protect|p2a: Flutter Mane\n|-singleturn|p2a: Flutter Mane|Protect\n|move|p2b: Iron Moth|Protect|p2b: Iron Moth\n|-singleturn|p2b: Iron Moth|Protect\n|move|p1a: Palafin|Jet Punch|p2a: Flutter Mane\n|-activate|p2a: Flutter Mane|move: Protect\n|move|p1b: Ting-Lu|Stomping Tantrum|p2b: Iron Moth\n|-activate|p2b: Iron Moth|move: Protect\n|\n|-heal|p1b: Ting-Lu|64\/100|[from] item: Leftovers\n|upkeep\n|turn|3\n|\n|t:|1682904498\n|-end|p2a: Flutter Mane|Protosynthesis|[silent]\n|switch|p2a: Rotom|Rotom-Wash, L50|100\/100\n|-end|p2b: Iron Moth|Quark Drive|[silent]\n|switch|p2b: Ting-Lu|Ting-Lu, L50|100\/100\n|-ability|p2b: Ting-Lu|Vessel of Ruin\n|move|p1a: Palafin|Jet Punch|p2a: Rotom\n|-resisted|p2a: Rotom\n|-damage|p2a: Rotom|69\/100\n|move|p1b: Ting-Lu|Stomping Tantrum|p2b: Ting-Lu\n|-damage|p2b: Ting-Lu|85\/100\n|\n|-heal|p2a: Rotom|75\/100|[from] item: Leftovers\n|-heal|p1b: Ting-Lu|70\/100|[from] item: Leftovers\n|upkeep\n|turn|4\n|\n|t:|1682904522\n|switch|p1b: Bellibolt|Bellibolt, L50, F|80\/100\n|move|p2a: Rotom|Thunderbolt|p1a: Palafin\n|-supereffective|p1a: Palafin\n|-damage|p1a: Palafin|36\/100\n|move|p1a: Palafin|Wave Crash|p2b: Ting-Lu\n|-supereffective|p2b: Ting-Lu\n|-damage|p2b: Ting-Lu|4\/100\n|-damage|p1a: Palafin|4\/100|[from] Recoil\n|move|p2b: Ting-Lu|Fissure|p1b: Bellibolt\n|-damage|p1b: Bellibolt|0 fnt\n|faint|p1b: Bellibolt\n|-ohko\n|\n|-heal|p2a: Rotom|80\/100|[from] item: Leftovers\n|upkeep\n|\n|t:|1682904529\n|switch|p1b: Flutter Mane|Flutter Mane, L50|100\/100\n|-enditem|p1b: Flutter Mane|Booster Energy\n|-activate|p1b: Flutter Mane|ability: Protosynthesis|[fromitem]\n|-start|p1b: Flutter Mane|protosynthesisspa\n|turn|5\n|\n|t:|1682904549\n|move|p1a: Palafin|Jet Punch|p2a: Rotom\n|-resisted|p2a: Rotom\n|-damage|p2a: Rotom|48\/100\n|move|p1b: Flutter Mane|Dazzling Gleam|p2b: Ting-Lu|[spread] p2a,p2b\n|-supereffective|p2b: Ting-Lu\n|-damage|p2a: Rotom|2\/100\n|-damage|p2b: Ting-Lu|0 fnt\n|faint|p2b: Ting-Lu\n|move|p2a: Rotom|Thunderbolt|p1a: Palafin\n|-supereffective|p1a: Palafin\n|-damage|p1a: Palafin|0 fnt\n|faint|p1a: Palafin\n|\n|-heal|p2a: Rotom|8\/100|[from] item: Leftovers\n|upkeep\n|\n|t:|1682904564\n|switch|p1a: Ting-Lu|Ting-Lu, L50|70\/100\n|switch|p2b: Iron Moth|Iron Moth, L50|100\/100\n|-ability|p1a: Ting-Lu|Vessel of Ruin\n|turn|6\n|\n|t:|1682904576\n|-terastallize|p1a: Ting-Lu|Grass\n|move|p2b: Iron Moth|Protect|p2b: Iron Moth\n|-singleturn|p2b: Iron Moth|Protect\n|move|p1b: Flutter Mane|Protect|p1b: Flutter Mane\n|-singleturn|p1b: Flutter Mane|Protect\n|move|p2a: Rotom|Hydro Pump|p1a: Ting-Lu\n|-resisted|p1a: Ting-Lu\n|-damage|p1a: Ting-Lu|55\/100\n|move|p1a: Ting-Lu|Stomping Tantrum|p2b: Iron Moth\n|-activate|p2b: Iron Moth|move: Protect\n|\n|-heal|p2a: Rotom|13\/100|[from] item: Leftovers\n|-heal|p1a: Ting-Lu|61\/100|[from] item: Leftovers\n|upkeep\n|turn|7\n|\n|t:|1682904607\n|move|p2a: Rotom|Helping Hand|p2b: Iron Moth\n|-singleturn|p2b: Iron Moth|Helping Hand|[of] p2a: Rotom\n|move|p1a: Ting-Lu|Protect|p1a: Ting-Lu\n|-singleturn|p1a: Ting-Lu|Protect\n|move|p2b: Iron Moth|Flamethrower|p1a: Ting-Lu\n|-activate|p1a: Ting-Lu|move: Protect\n|move|p1b: Flutter Mane|Dazzling Gleam|p2a: Rotom|[spread] p2a,p2b\n|-resisted|p2b: Iron Moth\n|-damage|p2a: Rotom|0 fnt\n|-damage|p2b: Iron Moth|92\/100\n|faint|p2a: Rotom\n|\n|-heal|p1a: Ting-Lu|67\/100|[from] item: Leftovers\n|upkeep\n|\n|t:|1682904618\n|switch|p2a: Flutter Mane|Flutter Mane, L50|34\/100\n|turn|8\n|\n|t:|1682904643\n|-terastallize|p2a: Flutter Mane|Fairy\n|move|p2b: Iron Moth|Helping Hand|p2a: Flutter Mane\n|-singleturn|p2a: Flutter Mane|Helping Hand|[of] p2b: Iron Moth\n|move|p2a: Flutter Mane|Dazzling Gleam|p1a: Ting-Lu|[spread] p1a,p1b\n|-damage|p1a: Ting-Lu|31\/100\n|-damage|p1b: Flutter Mane|55\/100\n|move|p1b: Flutter Mane|Shadow Ball|p2a: Flutter Mane\n|-damage|p2a: Flutter Mane|0 fnt\n|faint|p2a: Flutter Mane\n|-end|p2a: Flutter Mane|Protosynthesis|[silent]\n|move|p1a: Ting-Lu|Stomping Tantrum|p2b: Iron Moth\n|-supereffective|p2b: Iron Moth\n|-damage|p2b: Iron Moth|0 fnt\n|faint|p2b: Iron Moth\n|-end|p2b: Iron Moth|Quark Drive|[silent]\n|\n|win|Charlisito\n|raw|Charlisito's rating: 1083 → 1112<\/strong> (+29 for winning)\n|raw|Pokeprofpine's rating: 1101 → 1075<\/strong> (-26 for losing)\n|c|\u2606Pokeprofpine|Gg\n|l|\u2606Pokeprofpine\n","uploadtime":1682906147,"views":10,"p1id":"charlisito","p2id":"pokeprofpine","formatid":"gen9vgc2023regulationc","rating":1075,"private":0,"password":""}