{"id":"gen9vgc2023regulationc-1857951151","p1":"SavannahPandaVGC","p2":"hinata jumps","format":"[Gen 9] VGC 2023 Regulation C","log":"|j|\u2606SavannahPandaVGC\n|j|\u2606hinata jumps\n|t:|1683251401\n|gametype|doubles\n|player|p1|SavannahPandaVGC|2|1336\n|player|p2|hinata jumps|1|1431\n|teamsize|p1|6\n|teamsize|p2|6\n|gen|9\n|tier|[Gen 9] VGC 2023 Regulation C\n|rated|\n|rule|Species Clause: Limit one of each Pok\u00e9mon\n|rule|Item Clause: Limit one of each item\n|clearpoke\n|poke|p1|Flutter Mane, L50|\n|poke|p1|Iron Hands, L50|\n|poke|p1|Corviknight, L50, F|\n|poke|p1|Gyarados, L50, M|\n|poke|p1|Chi-Yu, L50|\n|poke|p1|Amoonguss, L50, M|\n|poke|p2|Ting-Lu, L50|\n|poke|p2|Oranguru, L50, F|\n|poke|p2|Abomasnow, L50, M|\n|poke|p2|Iron Bundle, L50|\n|poke|p2|Gothitelle, L50, F|\n|poke|p2|Scream Tail, L50|\n|teampreview|4\nSavannahPandaVGC has agreed to open team sheets.\n|inactive|Battle timer is ON: inactive players will automatically lose when time's up. (requested by SavannahPandaVGC)\n|inactive|SavannahPandaVGC has 60 seconds left.\n|inactive|hinata jumps has 60 seconds left.\n|inactive|SavannahPandaVGC has 30 seconds left.\n|inactive|SavannahPandaVGC has 20 seconds left.\n|inactive|SavannahPandaVGC has 15 seconds left.\n|inactive|SavannahPandaVGC has 10 seconds left.\n|inactive|SavannahPandaVGC has 5 seconds left.\n|\n|t:|1683251491\n|start\n|switch|p1a: Iron Hands|Iron Hands, L50|100\/100\n|switch|p1b: Chi-Yu|Chi-Yu, L50|100\/100\n|switch|p2a: Ting-Lu|Ting-Lu, L50|100\/100\n|switch|p2b: Iron Bundle|Iron Bundle, L50|100\/100\n|-ability|p1b: Chi-Yu|Beads of Ruin\n|-ability|p2a: Ting-Lu|Vessel of Ruin\n|turn|1\n|inactive|SavannahPandaVGC has 30 seconds left.\n|inactive|hinata jumps has 30 seconds left.\n|inactive|SavannahPandaVGC has 20 seconds left.\n|inactive|SavannahPandaVGC has 15 seconds left.\n|inactive|SavannahPandaVGC has 10 seconds left.\n|inactive|SavannahPandaVGC has 5 seconds left.\n|\n|t:|1683251545\n|-end|p2b: Iron Bundle|Quark Drive|[silent]\n|switch|p2b: Oranguru|Oranguru, L50, F|100\/100\n|-terastallize|p1a: Iron Hands|Grass\n|move|p1b: Chi-Yu|Protect|p1b: Chi-Yu\n|-singleturn|p1b: Chi-Yu|Protect\n|move|p1a: Iron Hands|Drain Punch|p2b: Oranguru\n|-damage|p2b: Oranguru|60\/100\n|move|p2a: Ting-Lu|Earthquake|p1a: Iron Hands|[spread] p1a\n|-activate|p1b: Chi-Yu|move: Protect\n|-activate|p2b: Oranguru|ability: Telepathy\n|-resisted|p1a: Iron Hands\n|-damage|p1a: Iron Hands|87\/100\n|\n|upkeep\n|turn|2\n|inactive|SavannahPandaVGC has 30 seconds left.\n|\n|t:|1683251574\n|move|p1b: Chi-Yu|Dark Pulse|p2b: Oranguru\n|-supereffective|p2b: Oranguru\n|-enditem|p2b: Oranguru|Colbur Berry|[eat]\n|-enditem|p2b: Oranguru|Colbur Berry|[weaken]\n|-damage|p2b: Oranguru|34\/100\n|move|p1a: Iron Hands|Wild Charge|p2b: Oranguru\n|-damage|p2b: Oranguru|0 fnt\n|faint|p2b: Oranguru\n|-damage|p1a: Iron Hands|80\/100|[from] Recoil\n|move|p2a: Ting-Lu|Ruination|p1a: Iron Hands\n|-damage|p1a: Iron Hands|40\/100\n|\n|upkeep\n|\n|t:|1683251599\n|switch|p2b: Iron Bundle|Iron Bundle, L50|100\/100\n|turn|3\n|\n|t:|1683251621\n|-end|p1a: Iron Hands|Quark Drive|[silent]\n|switch|p1a: Corviknight|Corviknight, L50, F|100\/100\n|move|p2b: Iron Bundle|Flip Turn|p2a: Ting-Lu\n|-supereffective|p2a: Ting-Lu\n|-damage|p2a: Ting-Lu|81\/100\n|-enditem|p2a: Ting-Lu|Weakness Policy\n|-boost|p2a: Ting-Lu|atk|2|[from] item: Weakness Policy\n|-boost|p2a: Ting-Lu|spa|2|[from] item: Weakness Policy\n|\n|t:|1683251626\n|-end|p2b: Iron Bundle|Quark Drive|[silent]\n|switch|p2b: Abomasnow|Abomasnow, L50, M|100\/100|[from] Flip Turn\n|-weather|Snow|[from] ability: Snow Warning|[of] p2b: Abomasnow\n|move|p1b: Chi-Yu|Heat Wave|p2a: Ting-Lu|[spread] p2a\n|-miss|p1b: Chi-Yu|p2b: Abomasnow\n|-damage|p2a: Ting-Lu|55\/100\n|move|p2a: Ting-Lu|Earthquake|p1b: Chi-Yu|[spread] p2b,p1b\n|-immune|p1a: Corviknight\n|-resisted|p2b: Abomasnow\n|-supereffective|p1b: Chi-Yu\n|-crit|p1b: Chi-Yu\n|-damage|p2b: Abomasnow|73\/100\n|-damage|p1b: Chi-Yu|0 fnt\n|faint|p1b: Chi-Yu\n|\n|-weather|Snow|[upkeep]\n|upkeep\n|\n|t:|1683251647\n|switch|p1b: Iron Hands|Iron Hands, L50, tera:Grass|40\/100\n|turn|4\n|inactive|hinata jumps has 30 seconds left.\n|\n|t:|1683251678\n|move|p1a: Corviknight|Brave Bird|p2b: Abomasnow\n|-supereffective|p2b: Abomasnow\n|-damage|p2b: Abomasnow|8\/100\n|-damage|p1a: Corviknight|80\/100|[from] Recoil\n|move|p1b: Iron Hands|Drain Punch|p2a: Ting-Lu\n|-supereffective|p2a: Ting-Lu\n|-damage|p2a: Ting-Lu|4\/100\n|-heal|p1b: Iron Hands|68\/100|[from] drain|[of] p2a: Ting-Lu\n|move|p2b: Abomasnow|Blizzard|p1a: Corviknight|[spread] p1a,p1b\n|-supereffective|p1b: Iron Hands\n|-damage|p1a: Corviknight|58\/100\n|-damage|p1b: Iron Hands|41\/100\n|move|p2a: Ting-Lu|Throat Chop|p1b: Iron Hands\n|-damage|p1b: Iron Hands|0 fnt\n|faint|p1b: Iron Hands\n|-end|p1b: Iron Hands|Quark Drive|[silent]\n|\n|-weather|Snow|[upkeep]\n|-heal|p1a: Corviknight|63\/100|[from] item: Leftovers\n|upkeep\n|\n|t:|1683251695\n|switch|p1b: Amoonguss|Amoonguss, L50, M|100\/100\n|turn|5\n|\n|t:|1683251715\n|move|p2a: Ting-Lu|Protect|p2a: Ting-Lu\n|-singleturn|p2a: Ting-Lu|Protect\n|move|p1a: Corviknight|Iron Head|p2b: Abomasnow\n|-supereffective|p2b: Abomasnow\n|-damage|p2b: Abomasnow|0 fnt\n|faint|p2b: Abomasnow\n|move|p1b: Amoonguss|Pollen Puff|p2a: Ting-Lu\n|-activate|p2a: Ting-Lu|move: Protect\n|\n|-weather|Snow|[upkeep]\n|-heal|p1a: Corviknight|69\/100|[from] item: Leftovers\n|upkeep\n|\n|t:|1683251719\n|switch|p2b: Iron Bundle|Iron Bundle, L50|100\/100\n|turn|6\n|\n|t:|1683251743\n|-terastallize|p2b: Iron Bundle|Ice\n|move|p2b: Iron Bundle|Blizzard|p1a: Corviknight|[spread] p1a,p1b\n|-supereffective|p1b: Amoonguss\n|-damage|p1a: Corviknight|19\/100\n|-damage|p1b: Amoonguss|6\/100\n|-enditem|p1b: Amoonguss|Sitrus Berry|[eat]\n|-heal|p1b: Amoonguss|31\/100|[from] item: Sitrus Berry\n|move|p1a: Corviknight|Iron Head|p2a: Ting-Lu\n|-damage|p2a: Ting-Lu|0 fnt\n|faint|p2a: Ting-Lu\n|move|p1b: Amoonguss|Spore|p2b: Iron Bundle\n|-status|p2b: Iron Bundle|slp|[from] move: Spore\n|\n|-weather|Snow|[upkeep]\n|-heal|p1a: Corviknight|24\/100|[from] item: Leftovers\n|upkeep\n|turn|7\n|\n|t:|1683251760\n|cant|p2b: Iron Bundle|slp\n|move|p1a: Corviknight|Iron Head|p2b: Iron Bundle\n|-supereffective|p2b: Iron Bundle\n|-damage|p2b: Iron Bundle|54\/100 slp\n|move|p1b: Amoonguss|Pollen Puff|p1a: Corviknight\n|-heal|p1a: Corviknight|74\/100\n|\n|-weather|Snow|[upkeep]\n|-heal|p1a: Corviknight|80\/100|[from] item: Leftovers\n|upkeep\n|turn|8\n|\n|t:|1683251774\n|cant|p2b: Iron Bundle|slp\n|move|p1a: Corviknight|Iron Head|p2b: Iron Bundle\n|-supereffective|p2b: Iron Bundle\n|-damage|p2b: Iron Bundle|11\/100 slp\n|move|p1b: Amoonguss|Pollen Puff|p2b: Iron Bundle\n|-damage|p2b: Iron Bundle|0 fnt\n|faint|p2b: Iron Bundle\n|-end|p2b: Iron Bundle|Quark Drive|[silent]\n|\n|win|SavannahPandaVGC\n|raw|SavannahPandaVGC's rating: 1336 → 1361<\/strong> (+25 for winning)\n|raw|hinata jumps's rating: 1431 → 1406<\/strong> (-25 for losing)\n|l|\u2606hinata jumps\n","uploadtime":1683251816,"views":8,"p1id":"savannahpandavgc","p2id":"hinatajumps","formatid":"gen9vgc2023regulationc","rating":1361,"private":0,"password":""}