{"id":"gen9vgc2023regulationc-1863325457","p1":"bambambi","p2":"warbucks69","format":"[Gen 9] VGC 2023 Regulation C","log":"|j|\u2606bambambi\n|j|\u2606warbucks69\n|t:|1684002741\n|gametype|doubles\n|player|p1|bambambi|wallace-gen6|1072\n|player|p2|warbucks69|fisherman-gen4|1012\n|teamsize|p1|6\n|teamsize|p2|6\n|gen|9\n|tier|[Gen 9] VGC 2023 Regulation C\n|rated|\n|rule|Species Clause: Limit one of each Pok\u00e9mon\n|rule|Item Clause: Limit one of each item\n|clearpoke\n|poke|p1|Flutter Mane, L50|\n|poke|p1|Chi-Yu, L50|\n|poke|p1|Great Tusk, L50|\n|poke|p1|Gyarados, L50, F|\n|poke|p1|Amoonguss, L50, F|\n|poke|p1|Murkrow, L50, F|\n|poke|p2|Scizor, L50, M|\n|poke|p2|Iron Treads, L50|\n|poke|p2|Sylveon, L50, F|\n|poke|p2|Arcanine, L50, M|\n|poke|p2|Amoonguss, L50, F|\n|poke|p2|Gastrodon, L50, F|\n|teampreview|4\n|inactive|Battle timer is ON: inactive players will automatically lose when time's up. (requested by warbucks69)\n|\n|t:|1684002764\n|start\n|switch|p1a: Murkrow|Murkrow, L50, F, shiny|100\/100\n|switch|p1b: Gyarados|Gyarados, L50, F, shiny|100\/100\n|switch|p2a: Scizor|Scizor, L50, M, shiny|100\/100\n|switch|p2b: Gastrodon|Gastrodon, L50, F, shiny|100\/100\n|-ability|p1b: Gyarados|Intimidate|boost\n|-unboost|p2a: Scizor|atk|1\n|-unboost|p2b: Gastrodon|atk|1\n|turn|1\n|\n|t:|1684002792\n|move|p1a: Murkrow|Sunny Day|p1a: Murkrow\n|-weather|SunnyDay\n|move|p1b: Gyarados|Taunt|p2a: Scizor\n|-start|p2a: Scizor|move: Taunt\n|cant|p2a: Scizor|move: Taunt|Swords Dance\n|move|p2b: Gastrodon|Muddy Water|p1b: Gyarados|[spread] p1a,p1b\n|-resisted|p1b: Gyarados\n|-damage|p1a: Murkrow|86\/100\n|-damage|p1b: Gyarados|95\/100\n|\n|-weather|SunnyDay|[upkeep]\n|upkeep\n|turn|2\n|\n|t:|1684002817\n|switch|p1a: O|Amoonguss, L50, F, shiny|100\/100\n|switch|p2a: Arcanine|Arcanine, L50, M, shiny|100\/100\n|-ability|p2a: Arcanine|Intimidate|boost\n|-unboost|p1a: O|atk|1\n|-unboost|p1b: Gyarados|atk|1\n|move|p1b: Gyarados|Thunder Wave|p2a: Arcanine\n|-status|p2a: Arcanine|par\n|move|p2b: Gastrodon|Muddy Water|p1b: Gyarados|[spread] p1a,p1b\n|-resisted|p1a: O\n|-resisted|p1b: Gyarados\n|-damage|p1a: O|95\/100\n|-damage|p1b: Gyarados|89\/100\n|\n|-weather|SunnyDay|[upkeep]\n|upkeep\n|turn|3\n|\n|t:|1684002839\n|move|p1b: Gyarados|Taunt|p2b: Gastrodon\n|-start|p2b: Gastrodon|move: Taunt\n|cant|p2a: Arcanine|par\n|move|p2b: Gastrodon|Muddy Water|p1a: O|[spread] p1b\n|-miss|p2b: Gastrodon|p1a: O\n|-resisted|p1b: Gyarados\n|-damage|p1b: Gyarados|82\/100\n|move|p1a: O|Spore|p2b: Gastrodon\n|-status|p2b: Gastrodon|slp|[from] move: Spore\n|\n|-weather|SunnyDay|[upkeep]\n|upkeep\n|turn|4\n|inactive|warbucks69 has 30 seconds left.\n|\n|t:|1684002868\n|switch|p1a: Portlandia|Great Tusk, L50|100\/100\n|-activate|p1a: Portlandia|ability: Protosynthesis\n|-start|p1a: Portlandia|protosynthesisdef\n|move|p1b: Gyarados|Taunt|p2a: Arcanine\n|-start|p2a: Arcanine|move: Taunt\n|move|p2a: Arcanine|Flare Blitz|p1a: Portlandia\n|-damage|p1a: Portlandia|67\/100\n|-damage|p2a: Arcanine|90\/100 par|[from] Recoil\n|cant|p2b: Gastrodon|slp\n|\n|-weather|SunnyDay|[upkeep]\n|upkeep\n|turn|5\n|\n|t:|1684002891\n|switch|p2a: Sylveon|Sylveon, L50, F, shiny|100\/100\n|-terastallize|p1a: Portlandia|Fire\n|move|p1b: Gyarados|Helping Hand|p1a: Portlandia\n|-singleturn|p1a: Portlandia|Helping Hand|[of] p1b: Gyarados\n|move|p1a: Portlandia|Earthquake|p2a: Sylveon|[spread] p2a,p2b\n|-immune|p1b: Gyarados\n|-damage|p2a: Sylveon|37\/100\n|-damage|p2b: Gastrodon|49\/100 slp\n|-curestatus|p2b: Gastrodon|slp|[msg]\n|move|p2b: Gastrodon|Muddy Water|p1b: Gyarados|[spread] p1a,p1b\n|-supereffective|p1a: Portlandia\n|-resisted|p1b: Gyarados\n|-damage|p1a: Portlandia|26\/100\n|-damage|p1b: Gyarados|76\/100\n|\n|-weather|none\n|-end|p1a: Portlandia|Protosynthesis\n|-end|p2b: Gastrodon|move: Taunt\n|upkeep\n|turn|6\n|\n|t:|1684002916\n|move|p1b: Gyarados|Helping Hand|p1a: Portlandia\n|-singleturn|p1a: Portlandia|Helping Hand|[of] p1b: Gyarados\n|move|p1a: Portlandia|Earthquake|p2a: Sylveon|[spread] p2a,p2b\n|-immune|p1b: Gyarados\n|-damage|p2a: Sylveon|0 fnt\n|-damage|p2b: Gastrodon|0 fnt\n|faint|p2a: Sylveon\n|faint|p2b: Gastrodon\n|\n|upkeep\n|\n|t:|1684002927\n|switch|p2a: Arcanine|Arcanine, L50, M, shiny|90\/100 par\n|switch|p2b: Scizor|Scizor, L50, M, shiny|100\/100\n|-ability|p2a: Arcanine|Intimidate|boost\n|-unboost|p1a: Portlandia|atk|1\n|-unboost|p1b: Gyarados|atk|1\n|turn|7\n|\n|t:|1684002942\n|move|p1b: Gyarados|Helping Hand|p1a: Portlandia\n|-singleturn|p1a: Portlandia|Helping Hand|[of] p1b: Gyarados\n|move|p1a: Portlandia|Earthquake|p2a: Arcanine|[spread] p2a,p2b\n|-immune|p1b: Gyarados\n|-supereffective|p2a: Arcanine\n|-damage|p2a: Arcanine|19\/100 par\n|-damage|p2b: Scizor|68\/100\n|move|p2b: Scizor|Swords Dance|p2b: Scizor\n|-boost|p2b: Scizor|atk|2\n|move|p2a: Arcanine|Flare Blitz|p1a: Portlandia\n|-resisted|p1a: Portlandia\n|-damage|p1a: Portlandia|12\/100\n|-enditem|p1a: Portlandia|Figy Berry|[eat]\n|-heal|p1a: Portlandia|45\/100|[from] item: Figy Berry\n|-damage|p2a: Arcanine|15\/100 par|[from] Recoil\n|\n|upkeep\n|turn|8\n|\n|t:|1684002966\n|move|p1a: Portlandia|Tera Blast|p2b: Scizor\n|-supereffective|p2b: Scizor\n|-damage|p2b: Scizor|0 fnt\n|faint|p2b: Scizor\n|move|p1b: Gyarados|Waterfall|p2a: Arcanine\n|-supereffective|p2a: Arcanine\n|-damage|p2a: Arcanine|0 fnt\n|faint|p2a: Arcanine\n|\n|win|bambambi\n|raw|bambambi's rating: 1072 → 1096<\/strong> (+24 for winning)\n|raw|warbucks69's rating: 1012 → 1002<\/strong> (-10 for losing)\n","uploadtime":1684002976,"views":3,"p1id":"bambambi","p2id":"warbucks69","formatid":"gen9vgc2023regulationc","rating":1002,"private":0,"password":""}