{"id":"gen9vgc2023regulationc-1860389088","p1":"k58462312","p2":"neukorn","format":"[Gen 9] VGC 2023 Regulation C","log":"|j|\u2606k58462312\n|j|\u2606neukorn\n|t:|1683639844\n|gametype|doubles\n|player|p1|k58462312|riley|1308\n|player|p2|neukorn|101|1227\n|teamsize|p1|6\n|teamsize|p2|6\n|gen|9\n|tier|[Gen 9] VGC 2023 Regulation C\n|rated|\n|rule|Species Clause: Limit one of each Pok\u00e9mon\n|rule|Item Clause: Limit one of each item\n|clearpoke\n|poke|p1|Arcanine, L50, F|\n|poke|p1|Corviknight, L50, M|\n|poke|p1|Vaporeon, L50, F|\n|poke|p1|Wo-Chien, L50|\n|poke|p1|Ting-Lu, L50|\n|poke|p1|Gallade, L50, M|\n|poke|p2|Ting-Lu, L50|\n|poke|p2|Flutter Mane, L50|\n|poke|p2|Indeedee-F, L50, F|\n|poke|p2|Armarouge, L50, F|\n|poke|p2|Annihilape, L50, F|\n|poke|p2|Palafin, L50, F|\n|teampreview|4\n|inactive|Battle timer is ON: inactive players will automatically lose when time's up. (requested by k58462312)\n|inactive|neukorn has 60 seconds left.\n|\n|t:|1683639914\n|start\n|switch|p1a: Corviknight|Corviknight, L50, M|100\/100\n|switch|p1b: Gallade|Gallade, L50, M|100\/100\n|switch|p2a: Indeedee|Indeedee-F, L50, F|100\/100\n|switch|p2b: Armarouge|Armarouge, L50, F|100\/100\n|-fieldstart|move: Psychic Terrain|[from] ability: Psychic Surge|[of] p2a: Indeedee\n|-enditem|p2a: Indeedee|Psychic Seed\n|-boost|p2a: Indeedee|spd|1|[from] item: Psychic Seed\n|turn|1\n|\n|t:|1683639938\n|-terastallize|p1a: Corviknight|Fire\n|move|p1b: Gallade|Wide Guard|p1b: Gallade\n|-singleturn|p1b: Gallade|Wide Guard\n|move|p2a: Indeedee|Follow Me|p2a: Indeedee\n|-singleturn|p2a: Indeedee|move: Follow Me\n|move|p1a: Corviknight|Brave Bird|p2a: Indeedee\n|-damage|p2a: Indeedee|24\/100\n|-damage|p1a: Corviknight|77\/100|[from] Recoil\n|move|p2b: Armarouge|Trick Room|p2b: Armarouge\n|-fieldstart|move: Trick Room|[of] p2b: Armarouge\n|\n|upkeep\n|turn|2\n|inactive|neukorn has 30 seconds left.\n|\n|t:|1683639964\n|move|p1b: Gallade|Wide Guard|p1b: Gallade\n|-singleturn|p1b: Gallade|Wide Guard\n|move|p2b: Armarouge|Expanding Force|p1a: Corviknight|[spread] \n|-activate|p1a: Corviknight|move: Wide Guard\n|-activate|p1b: Gallade|move: Wide Guard\n|move|p1a: Corviknight|Brave Bird|p2a: Indeedee\n|-damage|p2a: Indeedee|0 fnt\n|faint|p2a: Indeedee\n|-damage|p1a: Corviknight|70\/100|[from] Recoil\n|\n|upkeep\n|\n|t:|1683639967\n|switch|p2a: Annihilape|Annihilape, L50, F|100\/100\n|turn|3\n|\n|t:|1683639980\n|-terastallize|p2a: Annihilape|Fire\n|move|p1b: Gallade|Wide Guard|p1b: Gallade\n|-singleturn|p1b: Gallade|Wide Guard\n|move|p2b: Armarouge|Expanding Force|p1b: Gallade|[spread] \n|-activate|p1a: Corviknight|move: Wide Guard\n|-activate|p1b: Gallade|move: Wide Guard\n|move|p2a: Annihilape|Bulk Up|p2a: Annihilape\n|-boost|p2a: Annihilape|atk|1\n|-boost|p2a: Annihilape|def|1\n|move|p1a: Corviknight|Brave Bird|p2a: Annihilape\n|-damage|p2a: Annihilape|59\/100\n|-damage|p1a: Corviknight|54\/100|[from] Recoil\n|\n|-heal|p2a: Annihilape|65\/100|[from] item: Leftovers\n|upkeep\n|turn|4\n|\n|t:|1683640002\n|move|p1b: Gallade|Wide Guard|p1b: Gallade\n|-singleturn|p1b: Gallade|Wide Guard\n|move|p2b: Armarouge|Expanding Force|p1a: Corviknight|[spread] \n|-activate|p1a: Corviknight|move: Wide Guard\n|-activate|p1b: Gallade|move: Wide Guard\n|move|p2a: Annihilape|Bulk Up|p2a: Annihilape\n|-boost|p2a: Annihilape|atk|1\n|-boost|p2a: Annihilape|def|1\n|move|p1a: Corviknight|Brave Bird|p2a: Annihilape\n|-damage|p2a: Annihilape|36\/100\n|-damage|p1a: Corviknight|43\/100|[from] Recoil\n|\n|-heal|p2a: Annihilape|42\/100|[from] item: Leftovers\n|upkeep\n|turn|5\n|\n|t:|1683640025\n|switch|p2b: Flutter Mane|Flutter Mane, L50|100\/100\n|move|p1b: Gallade|Wide Guard|p1b: Gallade\n|-singleturn|p1b: Gallade|Wide Guard\n|move|p2a: Annihilape|Drain Punch|p1a: Corviknight\n|-damage|p1a: Corviknight|0 fnt\n|-heal|p2a: Annihilape|60\/100|[from] drain|[of] p1a: Corviknight\n|faint|p1a: Corviknight\n|\n|-heal|p2a: Annihilape|66\/100|[from] item: Leftovers\n|-fieldend|move: Trick Room\n|-fieldend|move: Psychic Terrain\n|upkeep\n|\n|t:|1683640040\n|switch|p1a: Vaporeon|Vaporeon, L50, F|100\/100\n|turn|6\n|inactive|neukorn has 30 seconds left.\n|\n|t:|1683640069\n|move|p2b: Flutter Mane|Moonblast|p1a: Vaporeon\n|-damage|p1a: Vaporeon|54\/100\n|-unboost|p1a: Vaporeon|spa|1\n|-damage|p2b: Flutter Mane|90\/100|[from] item: Life Orb\n|move|p1b: Gallade|Sacred Sword|p2a: Annihilape\n|-damage|p2a: Annihilape|11\/100\n|move|p1a: Vaporeon|Haze|p1a: Vaporeon\n|-clearallboost\n|move|p2a: Annihilape|Rage Fist|p1b: Gallade\n|-supereffective|p1b: Gallade\n|-enditem|p1b: Gallade|Focus Sash\n|-damage|p1b: Gallade|1\/100\n|\n|-heal|p2a: Annihilape|17\/100|[from] item: Leftovers\n|upkeep\n|turn|7\n|\n|t:|1683640089\n|move|p2a: Annihilape|Protect|p2a: Annihilape\n|-singleturn|p2a: Annihilape|Protect\n|move|p1b: Gallade|Wide Guard|p1b: Gallade\n|-singleturn|p1b: Gallade|Wide Guard\n|move|p2b: Flutter Mane|Dazzling Gleam|p1a: Vaporeon|[spread] \n|-activate|p1a: Vaporeon|move: Wide Guard\n|-activate|p1b: Gallade|move: Wide Guard\n|move|p1a: Vaporeon|Muddy Water|p2b: Flutter Mane|[spread] p2b\n|-activate|p2a: Annihilape|move: Protect\n|-damage|p2b: Flutter Mane|64\/100\n|\n|-heal|p2a: Annihilape|23\/100|[from] item: Leftovers\n|upkeep\n|turn|8\n|inactive|neukorn has 30 seconds left.\n|\n|t:|1683640116\n|switch|p2a: Armarouge|Armarouge, L50, F|100\/100\n|move|p1b: Gallade|Wide Guard|p1b: Gallade\n|-singleturn|p1b: Gallade|Wide Guard\n|move|p2b: Flutter Mane|Moonblast|p1b: Gallade\n|-supereffective|p1b: Gallade\n|-damage|p1b: Gallade|0 fnt\n|faint|p1b: Gallade\n|-damage|p2b: Flutter Mane|54\/100|[from] item: Life Orb\n|move|p1a: Vaporeon|Muddy Water|p2b: Flutter Mane|[spread] p2a,p2b\n|-supereffective|p2a: Armarouge\n|-damage|p2a: Armarouge|47\/100\n|-damage|p2b: Flutter Mane|24\/100\n|-unboost|p2b: Flutter Mane|accuracy|1\n|-enditem|p2a: Armarouge|Absorb Bulb\n|-boost|p2a: Armarouge|spa|1|[from] item: Absorb Bulb\n|\n|upkeep\n|\n|t:|1683640135\n|switch|p1b: Wo-Chien|Wo-Chien, L50|100\/100\n|-ability|p1b: Wo-Chien|Tablets of Ruin\n|turn|9\n|inactive|neukorn has 30 seconds left.\n|\n|t:|1683640165\n|move|p1b: Wo-Chien|Protect|p1b: Wo-Chien\n|-singleturn|p1b: Wo-Chien|Protect\n|move|p2b: Flutter Mane|Moonblast|p1a: Vaporeon\n|-damage|p1a: Vaporeon|3\/100\n|-enditem|p1a: Vaporeon|Iapapa Berry|[eat]\n|-heal|p1a: Vaporeon|36\/100|[from] item: Iapapa Berry\n|-damage|p2b: Flutter Mane|14\/100|[from] item: Life Orb\n|move|p1a: Vaporeon|Muddy Water|p2b: Flutter Mane|[spread] p2a\n|-miss|p1a: Vaporeon|p2b: Flutter Mane\n|-supereffective|p2a: Armarouge\n|-damage|p2a: Armarouge|0 fnt\n|faint|p2a: Armarouge\n|\n|upkeep\n|\n|t:|1683640177\n|switch|p2a: Annihilape|Annihilape, L50, F, tera:Fire|23\/100\n|turn|10\n|\n|t:|1683640193\n|move|p2b: Flutter Mane|Moonblast|p1a: Vaporeon\n|-damage|p1a: Vaporeon|0 fnt\n|faint|p1a: Vaporeon\n|-damage|p2b: Flutter Mane|4\/100|[from] item: Life Orb\n|move|p1b: Wo-Chien|Giga Drain|p2b: Flutter Mane\n|-damage|p2b: Flutter Mane|0 fnt\n|faint|p2b: Flutter Mane\n|-end|p2b: Flutter Mane|Protosynthesis|[silent]\n|move|p2a: Annihilape|Drain Punch|p1b: Wo-Chien\n|-supereffective|p1b: Wo-Chien\n|-damage|p1b: Wo-Chien|65\/100\n|-heal|p2a: Annihilape|39\/100|[from] drain|[of] p1b: Wo-Chien\n|\n|-heal|p1b: Wo-Chien|71\/100|[from] item: Leftovers\n|-heal|p2a: Annihilape|45\/100|[from] item: Leftovers\n|upkeep\n|turn|11\n|\n|t:|1683640212\n|move|p1b: Wo-Chien|Leech Seed|p2a: Annihilape\n|-start|p2a: Annihilape|move: Leech Seed\n|move|p2a: Annihilape|Drain Punch|p1b: Wo-Chien\n|-supereffective|p1b: Wo-Chien\n|-damage|p1b: Wo-Chien|37\/100\n|-heal|p2a: Annihilape|60\/100|[from] drain|[of] p1b: Wo-Chien\n|\n|-heal|p1b: Wo-Chien|43\/100|[from] item: Leftovers\n|-heal|p2a: Annihilape|66\/100|[from] item: Leftovers\n|-damage|p2a: Annihilape|53\/100|[from] Leech Seed|[of] p1b: Wo-Chien\n|-heal|p1b: Wo-Chien|57\/100|[silent]\n|upkeep\n|turn|12\n|\n|t:|1683640225\n|move|p1b: Wo-Chien|Protect|p1b: Wo-Chien\n|-singleturn|p1b: Wo-Chien|Protect\n|move|p2a: Annihilape|Bulk Up|p2a: Annihilape\n|-boost|p2a: Annihilape|atk|1\n|-boost|p2a: Annihilape|def|1\n|\n|-heal|p1b: Wo-Chien|64\/100|[from] item: Leftovers\n|-heal|p2a: Annihilape|59\/100|[from] item: Leftovers\n|-damage|p2a: Annihilape|47\/100|[from] Leech Seed|[of] p1b: Wo-Chien\n|-heal|p1b: Wo-Chien|78\/100|[silent]\n|upkeep\n|turn|13\n|\n|t:|1683640250\n|move|p1b: Wo-Chien|Foul Play|p2a: Annihilape\n|-damage|p2a: Annihilape|19\/100\n|move|p2a: Annihilape|Drain Punch|p1b: Wo-Chien\n|-supereffective|p1b: Wo-Chien\n|-damage|p1b: Wo-Chien|27\/100\n|-heal|p2a: Annihilape|42\/100|[from] drain|[of] p1b: Wo-Chien\n|\n|-heal|p1b: Wo-Chien|33\/100|[from] item: Leftovers\n|-heal|p2a: Annihilape|48\/100|[from] item: Leftovers\n|-damage|p2a: Annihilape|35\/100|[from] Leech Seed|[of] p1b: Wo-Chien\n|-heal|p1b: Wo-Chien|47\/100|[silent]\n|upkeep\n|turn|14\n|\n|t:|1683640266\n|move|p1b: Wo-Chien|Foul Play|p2a: Annihilape\n|-damage|p2a: Annihilape|6\/100\n|move|p2a: Annihilape|Bulk Up|p2a: Annihilape\n|-boost|p2a: Annihilape|atk|1\n|-boost|p2a: Annihilape|def|1\n|\n|-heal|p1b: Wo-Chien|53\/100|[from] item: Leftovers\n|-heal|p2a: Annihilape|12\/100|[from] item: Leftovers\n|-damage|p2a: Annihilape|0 fnt|[from] Leech Seed|[of] p1b: Wo-Chien\n|-heal|p1b: Wo-Chien|66\/100|[silent]\n|faint|p2a: Annihilape\n|\n|win|k58462312\n|upkeep\n|raw|k58462312's rating: 1308 → 1323<\/strong> (+15 for winning)\n|raw|neukorn's rating: 1227 → 1208<\/strong> (-19 for losing)\n|l|\u2606neukorn\n|l|\u2606k58462312\n|j|\u2606k58462312\n|player|p1|k58462312|riley\n","uploadtime":1683640376,"views":8,"p1id":"k58462312","p2id":"neukorn","formatid":"gen9vgc2023regulationc","rating":1208,"private":0,"password":""}