{"id":"gen9vgc2023regulationc-1854878123","p1":"Maurone","p2":"BIGHAXORUSFAN147","format":"[Gen 9] VGC 2023 Regulation C","log":"|j|\u2606Maurone\n|j|\u2606BIGHAXORUSFAN147\n|t:|1682876243\n|gametype|doubles\n|player|p1|Maurone|jasmine|1478\n|player|p2|BIGHAXORUSFAN147|grimsley-masters|1486\n|teamsize|p1|6\n|teamsize|p2|6\n|gen|9\n|tier|[Gen 9] VGC 2023 Regulation C\n|rated|\n|rule|Species Clause: Limit one of each Pok\u00e9mon\n|rule|Item Clause: Limit one of each item\n|clearpoke\n|poke|p1|Palafin, L50, F|\n|poke|p1|Flutter Mane, L50|\n|poke|p1|Arcanine, L50, M|\n|poke|p1|Amoonguss, L50, F|\n|poke|p1|Dragonite, L50, F|\n|poke|p1|Kingambit, L50, F|\n|poke|p2|Chi-Yu, L50|\n|poke|p2|Iron Bundle, L50|\n|poke|p2|Flutter Mane, L50|\n|poke|p2|Dragonite, L50, F|\n|poke|p2|Kingambit, L50, M|\n|poke|p2|Amoonguss, L50, F|\n|teampreview|4\n|inactive|Battle timer is ON: inactive players will automatically lose when time's up. (requested by Maurone)\nBIGHAXORUSFAN147 has agreed to open team sheets.\nMaurone has agreed to open team sheets.\n|inactive|Maurone has 60 seconds left.\n|inactive|BIGHAXORUSFAN147 has 60 seconds left.\n|inactive|Maurone has 30 seconds left.\n|inactive|BIGHAXORUSFAN147 has 30 seconds left.\n|inactive|Maurone has 20 seconds left.\n|inactive|BIGHAXORUSFAN147 has 20 seconds left.\n|inactive|Maurone has 15 seconds left.\n|inactive|BIGHAXORUSFAN147 has 15 seconds left.\n|inactive|Maurone has 10 seconds left.\n|\n|t:|1682876325\n|start\n|switch|p1a: Flutter Mane|Flutter Mane, L50|100\/100\n|switch|p1b: Palafin|Palafin, L50, F|100\/100\n|switch|p2a: Chi-Yu|Chi-Yu, L50|100\/100\n|switch|p2b: Flutter Mane|Flutter Mane, L50|100\/100\n|-ability|p2a: Chi-Yu|Beads of Ruin\n|-enditem|p1a: Flutter Mane|Booster Energy\n|-activate|p1a: Flutter Mane|ability: Protosynthesis|[fromitem]\n|-start|p1a: Flutter Mane|protosynthesisspa\n|turn|1\n|inactive|Maurone has 30 seconds left.\n|inactive|BIGHAXORUSFAN147 has 30 seconds left.\n|\n|t:|1682876360\n|detailschange|p1b: Palafin|Palafin-Hero, L50, F\n|switch|p1b: Arcanine|Arcanine, L50, M|100\/100\n|-ability|p1b: Arcanine|Intimidate|boost\n|-unboost|p2a: Chi-Yu|atk|1\n|-unboost|p2b: Flutter Mane|atk|1\n|-terastallize|p2a: Chi-Yu|Water\n|move|p1a: Flutter Mane|Protect|p1a: Flutter Mane\n|-singleturn|p1a: Flutter Mane|Protect\n|move|p2b: Flutter Mane|Dazzling Gleam|p1b: Arcanine|[spread] p1b\n|-activate|p1a: Flutter Mane|move: Protect\n|-resisted|p1b: Arcanine\n|-damage|p1b: Arcanine|70\/100\n|move|p2a: Chi-Yu|Heat Wave|p1a: Flutter Mane|[spread] p1b\n|-activate|p1a: Flutter Mane|move: Protect\n|-resisted|p1b: Arcanine\n|-damage|p1b: Arcanine|45\/100\n|\n|upkeep\n|turn|2\n|inactive|Maurone has 30 seconds left.\n|inactive|Maurone has 20 seconds left.\n|\n|t:|1682876398\n|switch|p1b: Palafin|Palafin-Hero, L50, F|100\/100\n|-activate|p1b: Palafin|ability: Zero to Hero\n|-terastallize|p1a: Flutter Mane|Fairy\n|move|p1a: Flutter Mane|Shadow Ball|p2b: Flutter Mane\n|-supereffective|p2b: Flutter Mane\n|-damage|p2b: Flutter Mane|0 fnt\n|faint|p2b: Flutter Mane\n|-end|p2b: Flutter Mane|Protosynthesis|[silent]\n|move|p2a: Chi-Yu|Heat Wave|p1a: Flutter Mane|[spread] p1a,p1b\n|-resisted|p1b: Palafin\n|-damage|p1a: Flutter Mane|58\/100\n|-damage|p1b: Palafin|77\/100\n|\n|upkeep\n|\n|t:|1682876411\n|switch|p2b: Iron Bundle|Iron Bundle, L50, shiny|100\/100\n|-enditem|p2b: Iron Bundle|Booster Energy\n|-activate|p2b: Iron Bundle|ability: Quark Drive|[fromitem]\n|-start|p2b: Iron Bundle|quarkdrivespe\n|turn|3\n|inactive|Maurone has 30 seconds left.\n|inactive|Maurone has 20 seconds left.\n|\n|t:|1682876452\n|move|p2b: Iron Bundle|Icy Wind|p1b: Palafin|[spread] p1a,p1b\n|-resisted|p1b: Palafin\n|-damage|p1a: Flutter Mane|29\/100\n|-damage|p1b: Palafin|63\/100\n|-unboost|p1a: Flutter Mane|spe|1\n|-unboost|p1b: Palafin|spe|1\n|move|p2a: Chi-Yu|Heat Wave|p1a: Flutter Mane|[spread] p1a,p1b\n|-resisted|p1b: Palafin\n|-crit|p1b: Palafin\n|-damage|p1a: Flutter Mane|0 fnt\n|-damage|p1b: Palafin|29\/100\n|faint|p1a: Flutter Mane\n|-end|p1a: Flutter Mane|Protosynthesis|[silent]\n|move|p1b: Palafin|Wave Crash|p2a: Chi-Yu\n|-resisted|p2a: Chi-Yu\n|-damage|p2a: Chi-Yu|43\/100\n|-damage|p1b: Palafin|15\/100|[from] Recoil\n|\n|upkeep\n|\n|t:|1682876463\n|switch|p1a: Kingambit|Kingambit, L50, F|100\/100\n|turn|4\n|inactive|BIGHAXORUSFAN147 has 30 seconds left.\n|inactive|BIGHAXORUSFAN147 has 20 seconds left.\n|\n|t:|1682876499\n|switch|p1b: Arcanine|Arcanine, L50, M|45\/100\n|-ability|p1b: Arcanine|Intimidate|boost\n|-unboost|p2a: Chi-Yu|atk|1\n|-unboost|p2b: Iron Bundle|atk|1\n|move|p2a: Chi-Yu|Protect|p2a: Chi-Yu\n|-singleturn|p2a: Chi-Yu|Protect\n|move|p2b: Iron Bundle|Freeze-Dry|p1b: Arcanine\n|-resisted|p1b: Arcanine\n|-damage|p1b: Arcanine|20\/100\n|move|p1a: Kingambit|Swords Dance|p1a: Kingambit\n|-boost|p1a: Kingambit|atk|2\n|\n|upkeep\n|turn|5\n|inactive|Maurone has 30 seconds left.\n|inactive|Maurone has 20 seconds left.\n|inactive|Maurone has 15 seconds left.\n|\n|t:|1682876542\n|move|p1a: Kingambit|Protect|p1a: Kingambit\n|-singleturn|p1a: Kingambit|Protect\n|move|p1b: Arcanine|Extreme Speed|p2a: Chi-Yu\n|-damage|p2a: Chi-Yu|17\/100\n|move|p2b: Iron Bundle|Hydro Pump|p1a: Kingambit\n|-activate|p1a: Kingambit|move: Protect\n|move|p2a: Chi-Yu|Heat Wave|p1b: Arcanine|[spread] p1b\n|-activate|p1a: Kingambit|move: Protect\n|-resisted|p1b: Arcanine\n|-damage|p1b: Arcanine|0 fnt\n|faint|p1b: Arcanine\n|\n|upkeep\n|\n|t:|1682876552\n|switch|p1b: Palafin|Palafin-Hero, L50, F|15\/100\n|turn|6\n|\n|t:|1682876567\n|move|p1b: Palafin|Protect|p1b: Palafin\n|-singleturn|p1b: Palafin|Protect\n|move|p2b: Iron Bundle|Hydro Pump|p1a: Kingambit\n|-damage|p1a: Kingambit|30\/100\n|move|p2a: Chi-Yu|Heat Wave|p1b: Palafin|[spread] p1a\n|-activate|p1b: Palafin|move: Protect\n|-supereffective|p1a: Kingambit\n|-damage|p1a: Kingambit|0 fnt\n|faint|p1a: Kingambit\n|\n|upkeep\n|turn|7\n|-message|Maurone forfeited.\n|\n|win|BIGHAXORUSFAN147\n|raw|Maurone's rating: 1478 → 1458<\/strong> (-20 for losing)\n|raw|BIGHAXORUSFAN147's rating: 1486 → 1506<\/strong> (+20 for winning)\n|l|\u2606Maurone\n","uploadtime":1682876585,"views":10,"p1id":"maurone","p2id":"bighaxorusfan147","formatid":"gen9vgc2023regulationc","rating":1458,"private":0,"password":""}