{"id":"gen9vgc2023regulationc-1847207999","p1":"Braix2570","p2":"Swaggystegosaurus","format":"[Gen 9] VGC 2023 Regulation C","log":"|j|\u2606Braix2570\n|j|\u2606Swaggystegosaurus\n|t:|1681927885\n|gametype|doubles\n|player|p1|Braix2570|dawn-gen4pt|1176\n|player|p2|Swaggystegosaurus|shauntal|1085\n|teamsize|p1|6\n|teamsize|p2|6\n|gen|9\n|tier|[Gen 9] VGC 2023 Regulation C\n|rated|\n|rule|Species Clause: Limit one of each Pok\u00e9mon\n|rule|Item Clause: Limit one of each item\n|clearpoke\n|poke|p1|Chien-Pao, L50|\n|poke|p1|Dragapult, L50, F|\n|poke|p1|Flutter Mane, L50|\n|poke|p1|Amoonguss, L50, M|\n|poke|p1|Palafin, L50, M|\n|poke|p1|Arcanine, L50, M|\n|poke|p2|Arcanine, L50, F|\n|poke|p2|Palafin, L50, M|\n|poke|p2|Amoonguss, L50, M|\n|poke|p2|Dragonite, L50, F|\n|poke|p2|Flutter Mane, L50|\n|poke|p2|Great Tusk, L50|\n|teampreview|4\n|inactive|Battle timer is ON: inactive players will automatically lose when time's up. (requested by Braix2570)\n|inactive|Braix2570 has 60 seconds left.\n|inactive|Swaggystegosaurus has 60 seconds left.\n|inactive|Swaggystegosaurus has 30 seconds left.\n|\n|t:|1681927946\n|start\n|switch|p1a: Palafin|Palafin, L50, M, shiny|100\/100\n|switch|p1b: Dragapult|Dragapult, L50, F, shiny|100\/100\n|switch|p2a: Dragonite|Dragonite, L50, F|100\/100\n|switch|p2b: Great Tusk|Great Tusk, L50|100\/100\n|turn|1\n|inactive|Swaggystegosaurus has 30 seconds left.\n|inactive|Braix2570 has 30 seconds left.\n|inactive|Swaggystegosaurus has 20 seconds left.\n|\n|t:|1681927987\n|detailschange|p1a: Palafin|Palafin-Hero, L50, M, shiny\n|switch|p1a: Arcanine|Arcanine, L50, M|100\/100\n|-ability|p1a: Arcanine|Intimidate|boost\n|-unboost|p2a: Dragonite|atk|1\n|-unboost|p2b: Great Tusk|atk|1\n|move|p2a: Dragonite|Extreme Speed|p1a: Arcanine\n|-crit|p1a: Arcanine\n|-damage|p1a: Arcanine|26\/100\n|move|p1b: Dragapult|Dragon Darts|p2a: Dragonite\n|-supereffective|p2a: Dragonite\n|-damage|p2a: Dragonite|72\/100\n|-anim|p1b: Dragapult|Dragon Darts|p2b: Great Tusk\n|-damage|p2b: Great Tusk|84\/100\n|move|p2b: Great Tusk|Knock Off|p1b: Dragapult\n|-supereffective|p1b: Dragapult\n|-damage|p1b: Dragapult|45\/100\n|-enditem|p1b: Dragapult|Lum Berry|[from] move: Knock Off|[of] p2b: Great Tusk\n|\n|upkeep\n|turn|2\n|inactive|Braix2570 has 30 seconds left.\n|inactive|Swaggystegosaurus has 30 seconds left.\n|\n|t:|1681928019\n|switch|p2a: Arcanine|Arcanine, L50, F|100\/100\n|-ability|p2a: Arcanine|Intimidate|boost\n|-unboost|p1a: Arcanine|atk|1\n|-fail|p1b: Dragapult|unboost|[from] ability: Clear Body|[of] p1b: Dragapult\n|move|p1b: Dragapult|Protect|p1b: Dragapult\n|-singleturn|p1b: Dragapult|Protect\n|move|p1a: Arcanine|Flare Blitz|p2b: Great Tusk\n|-damage|p2b: Great Tusk|60\/100\n|-damage|p1a: Arcanine|17\/100|[from] Recoil\n|move|p2b: Great Tusk|Ice Spinner|p1b: Dragapult\n|-activate|p1b: Dragapult|move: Protect\n|\n|upkeep\n|turn|3\n|inactive|Braix2570 has 30 seconds left.\n|\n|t:|1681928049\n|switch|p1b: Palafin|Palafin-Hero, L50, M, shiny|100\/100\n|-activate|p1b: Palafin|ability: Zero to Hero\n|move|p2a: Arcanine|Extreme Speed|p1a: Arcanine\n|-damage|p1a: Arcanine|0 fnt\n|faint|p1a: Arcanine\n|move|p2b: Great Tusk|Ice Spinner|p1b: Palafin\n|-resisted|p1b: Palafin\n|-damage|p1b: Palafin|92\/100\n|\n|upkeep\n|\n|t:|1681928063\n|switch|p1a: Chien-Pao|Chien-Pao, L50|100\/100\n|-ability|p1a: Chien-Pao|Sword of Ruin\n|turn|4\n|\n|t:|1681928085\n|-terastallize|p1b: Palafin|Water\n|-terastallize|p2a: Arcanine|Grass\n|move|p1a: Chien-Pao|Ice Spinner|p2b: Great Tusk\n|-supereffective|p2b: Great Tusk\n|-damage|p2b: Great Tusk|0 fnt\n|faint|p2b: Great Tusk\n|-end|p2b: Great Tusk|Protosynthesis|[silent]\n|move|p1b: Palafin|Wave Crash|p2a: Arcanine\n|-resisted|p2a: Arcanine\n|-damage|p2a: Arcanine|40\/100\n|-damage|p1b: Palafin|75\/100|[from] item: Rocky Helmet|[of] p2a: Arcanine\n|-damage|p1b: Palafin|56\/100|[from] Recoil\n|move|p2a: Arcanine|Will-O-Wisp|p1b: Palafin\n|-status|p1b: Palafin|brn\n|\n|-damage|p1b: Palafin|50\/100 brn|[from] brn\n|upkeep\n|inactive|Swaggystegosaurus has 30 seconds left.\n|\n|t:|1681928111\n|switch|p2b: Dragonite|Dragonite, L50, F|72\/100\n|turn|5\n|\n|t:|1681928132\n|move|p2b: Dragonite|Extreme Speed|p1a: Chien-Pao\n|-damage|p1a: Chien-Pao|43\/100\n|move|p1a: Chien-Pao|Ice Spinner|p2b: Dragonite\n|-supereffective|p2b: Dragonite\n|-damage|p2b: Dragonite|0 fnt\n|faint|p2b: Dragonite\n|move|p1b: Palafin|Wave Crash|p2a: Arcanine\n|-resisted|p2a: Arcanine\n|-damage|p2a: Arcanine|10\/100\n|-damage|p1b: Palafin|33\/100 brn|[from] item: Rocky Helmet|[of] p2a: Arcanine\n|-damage|p1b: Palafin|24\/100 brn|[from] Recoil\n|move|p2a: Arcanine|Flare Blitz|p1a: Chien-Pao\n|-supereffective|p1a: Chien-Pao\n|-damage|p1a: Chien-Pao|0 fnt\n|faint|p1a: Chien-Pao\n|-damage|p2a: Arcanine|0 fnt|[from] Recoil\n|faint|p2a: Arcanine\n|\n|-damage|p1b: Palafin|18\/100 brn|[from] brn\n|upkeep\n|\n|t:|1681928152\n|switch|p1a: Dragapult|Dragapult, L50, F, shiny|45\/100\n|switch|p2a: Flutter Mane|Flutter Mane, L50|100\/100\n|turn|6\n|\n|t:|1681928168\n|move|p1b: Palafin|Jet Punch|p2a: Flutter Mane\n|-damage|p2a: Flutter Mane|27\/100\n|move|p1a: Dragapult|Phantom Force||[still]\n|-prepare|p1a: Dragapult|Phantom Force\n|move|p2a: Flutter Mane|Moonblast|p1a: Dragapult|[miss]\n|-miss|p2a: Flutter Mane|p1a: Dragapult\n|\n|-damage|p1b: Palafin|12\/100 brn|[from] brn\n|upkeep\n|turn|7\n|c|\u2606Braix2570|no le tengo miedo a la muerte y si alguien le teme es la muerte a mi\n|c|\u2606Braix2570|AAAAA\n|\n|t:|1681928186\n|move|p1a: Dragapult|Phantom Force|p2a: Flutter Mane|[from]lockedmove\n|-supereffective|p2a: Flutter Mane\n|-damage|p2a: Flutter Mane|0 fnt\n|faint|p2a: Flutter Mane\n|-end|p2a: Flutter Mane|Protosynthesis|[silent]\n|\n|win|Braix2570\n|raw|Braix2570's rating: 1176 → 1195<\/strong> (+19 for winning)\n|raw|Swaggystegosaurus's rating: 1085 → 1068<\/strong> (-17 for losing)\n|c|\u2606Braix2570|gg bro\n|l|\u2606Swaggystegosaurus\n","uploadtime":1681928222,"views":18,"p1id":"braix2570","p2id":"swaggystegosaurus","formatid":"gen9vgc2023regulationc","rating":1068,"private":0,"password":""}