{"id":"gen9vgc2023regulationc-1847340658","p1":"ABananero655","p2":"ChossyVGC","format":"[Gen 9] VGC 2023 Regulation C","log":"|j|\u2606ABananero655\n|j|\u2606ChossyVGC\n|t:|1681940219\n|gametype|doubles\n|player|p1|ABananero655|crasherwake|1000\n|player|p2|ChossyVGC|veteran|1027\n|teamsize|p1|6\n|teamsize|p2|6\n|gen|9\n|tier|[Gen 9] VGC 2023 Regulation C\n|rated|\n|rule|Species Clause: Limit one of each Pok\u00e9mon\n|rule|Item Clause: Limit one of each item\n|clearpoke\n|poke|p1|Grimmsnarl, L50, M|\n|poke|p1|Tinkaton, L50, F|\n|poke|p1|Gholdengo, L50|\n|poke|p1|Armarouge, L50, M|\n|poke|p1|Amoonguss, L50, M|\n|poke|p1|Dragonite, L50, M|\n|poke|p2|Bronzong, L50|\n|poke|p2|Blissey, L50, F|\n|poke|p2|Lycanroc-Midnight, L50, F|\n|poke|p2|Kingambit, L50, M|\n|poke|p2|Ting-Lu, L50|\n|poke|p2|Copperajah, L50, M|\n|teampreview|4\n|inactive|Battle timer is ON: inactive players will automatically lose when time's up. (requested by ChossyVGC)\n|\n|t:|1681940265\n|start\n|switch|p1a: SE. TANGANA|Amoonguss, L50, M|100\/100\n|switch|p1b: CORINGA|Grimmsnarl, L50, M|100\/100\n|switch|p2a: Blissey|Blissey, L50, F|100\/100\n|switch|p2b: Lycanroc|Lycanroc-Midnight, L50, F|100\/100\n|turn|1\n|\n|t:|1681940288\n|-terastallize|p2b: Lycanroc|Ghost\n|move|p1b: CORINGA|Taunt|p2a: Blissey\n|-start|p2a: Blissey|move: Taunt\n|-enditem|p2a: Blissey|Mental Herb\n|-end|p2a: Blissey|move: Taunt\n|move|p2b: Lycanroc|Taunt|p1a: SE. TANGANA\n|-start|p1a: SE. TANGANA|move: Taunt\n|move|p2a: Blissey|Skill Swap|p2b: Lycanroc\n|-activate|p2a: Blissey|move: Skill Swap|||[of] p2b: Lycanroc\n|cant|p1a: SE. TANGANA|move: Taunt|Spore\n|\n|upkeep\n|turn|2\n|inactive|ABananero655 has 30 seconds left.\n|inactive|ABananero655 has 20 seconds left.\n|inactive|ABananero655 has 15 seconds left.\n|\n|t:|1681940329\n|switch|p2b: Ting-Lu|Ting-Lu, L50|100\/100\n|-ability|p2b: Ting-Lu|Vessel of Ruin\n|move|p1b: CORINGA|Reflect|p1b: CORINGA\n|-sidestart|p1: ABananero655|Reflect\n|move|p2a: Blissey|Skill Swap|p2b: Ting-Lu\n|-activate|p2a: Blissey|move: Skill Swap|||[of] p2b: Ting-Lu\n|-ability|p2a: Blissey|Vessel of Ruin\n|move|p1a: SE. TANGANA|Clear Smog|p2b: Ting-Lu\n|-resisted|p2b: Ting-Lu\n|-damage|p2b: Ting-Lu|97\/100\n|-clearboost|p2b: Ting-Lu\n|\n|upkeep\n|turn|3\n|inactive|ABananero655 has 30 seconds left.\n|inactive|ChossyVGC has 30 seconds left.\n|\n|t:|1681940364\n|switch|p2a: Lycanroc|Lycanroc-Midnight, L50, F, tera:Ghost|100\/100\n|switch|p1a: ESPA\u00d1ITA|Dragonite, L50, M|100\/100\n|move|p1b: CORINGA|Taunt|p2a: Lycanroc\n|-start|p2a: Lycanroc|move: Taunt\n|move|p2b: Ting-Lu|Fissure|p1b: CORINGA\n|-damage|p1b: CORINGA|0 fnt\n|faint|p1b: CORINGA\n|-ohko\n|\n|upkeep\n|\n|t:|1681940378\n|switch|p1b: SE. TANGANA|Amoonguss, L50, M|100\/100\n|turn|4\n|inactive|ABananero655 has 30 seconds left.\n|\n|t:|1681940406\n|switch|p2a: Bronzong|Bronzong, L50|100\/100\n|move|p1a: ESPA\u00d1ITA|Ice Spinner|p2a: Bronzong\n|-resisted|p2a: Bronzong\n|-damage|p2a: Bronzong|82\/100\n|move|p2b: Ting-Lu|Fissure|p1b: SE. TANGANA\n|-damage|p1b: SE. TANGANA|0 fnt\n|faint|p1b: SE. TANGANA\n|-ohko\n|\n|upkeep\n|\n|t:|1681940415\n|switch|p1b: VAMOS JOSE|Armarouge, L50, M|100\/100\n|turn|5\n|\n|t:|1681940429\n|move|p1a: ESPA\u00d1ITA|Ice Spinner|p2b: Ting-Lu\n|-supereffective|p2b: Ting-Lu\n|-damage|p2b: Ting-Lu|48\/100\n|-enditem|p2b: Ting-Lu|Sitrus Berry|[eat]\n|-heal|p2b: Ting-Lu|73\/100|[from] item: Sitrus Berry\n|move|p1b: VAMOS JOSE|Armor Cannon|p2a: Bronzong\n|-supereffective|p2a: Bronzong\n|-crit|p2a: Bronzong\n|-damage|p2a: Bronzong|0 fnt\n|-unboost|p1b: VAMOS JOSE|def|1\n|-unboost|p1b: VAMOS JOSE|spd|1\n|faint|p2a: Bronzong\n|-damage|p1b: VAMOS JOSE|91\/100|[from] item: Life Orb\n|move|p2b: Ting-Lu|Fissure|p1b: VAMOS JOSE\n|-damage|p1b: VAMOS JOSE|0 fnt\n|faint|p1b: VAMOS JOSE\n|-ohko\n|\n|upkeep\n|\n|t:|1681940445\n|switch|p2a: Lycanroc|Lycanroc-Midnight, L50, F, tera:Ghost|100\/100\n|turn|6\n|\n|t:|1681940470\n|switch|p2b: Blissey|Blissey, L50, F|100\/100\n|move|p2a: Lycanroc|Rock Slide|p1a: ESPA\u00d1ITA\n|-supereffective|p1a: ESPA\u00d1ITA\n|-damage|p1a: ESPA\u00d1ITA|78\/100\n|move|p1a: ESPA\u00d1ITA|Ice Spinner|p2b: Blissey\n|-damage|p2b: Blissey|49\/100\n|\n|upkeep\n|turn|7\n|-message|ABananero655 forfeited.\n|\n|win|ChossyVGC\n|raw|ABananero655's rating: 1000 → 1000<\/strong> (+0 for losing)\n|raw|ChossyVGC's rating: 1027 → 1060<\/strong> (+33 for winning)\n","uploadtime":1681940490,"views":6,"p1id":"abananero655","p2id":"chossyvgc","formatid":"gen9vgc2023regulationc","rating":1000,"private":0,"password":""}