{"id":"gen9vgc2023regulationc-1853228264","p1":"Chompsky_Honk","p2":"anshar_training","format":"[Gen 9] VGC 2023 Regulation C","log":"|j|\u2606Chompsky_Honk\n|j|\u2606anshar_training\n|t:|1682651544\n|gametype|doubles\n|player|p1|Chompsky_Honk|101|1052\n|player|p2|anshar_training|colress|1148\n|teamsize|p1|6\n|teamsize|p2|6\n|gen|9\n|tier|[Gen 9] VGC 2023 Regulation C\n|rated|\n|rule|Species Clause: Limit one of each Pok\u00e9mon\n|rule|Item Clause: Limit one of each item\n|clearpoke\n|poke|p1|Brute Bonnet, L50|\n|poke|p1|Grafaiai, L50, F|\n|poke|p1|Arcanine, L50, M|\n|poke|p1|Hawlucha, L50, M|\n|poke|p1|Torkoal, L50, M|\n|poke|p1|Flutter Mane, L50|\n|poke|p2|Palafin, L50, M|\n|poke|p2|Flutter Mane, L50|\n|poke|p2|Arcanine, L50, M|\n|poke|p2|Amoonguss, L50, M|\n|poke|p2|Ting-Lu, L50|\n|poke|p2|Roaring Moon, L50|\n|teampreview|4\n|inactive|Battle timer is ON: inactive players will automatically lose when time's up. (requested by Chompsky_Honk)\n|inactive|anshar_training has 60 seconds left.\n|\n|t:|1682651595\n|start\n|switch|p1a: Grafaiai|Grafaiai, L50, F|100\/100\n|switch|p1b: Hawlucha|Hawlucha, L50, M|100\/100\n|switch|p2a: PlusUltra|Palafin, L50, M|100\/100\n|switch|p2b: Good Soup|Ting-Lu, L50|100\/100\n|-ability|p2b: Good Soup|Vessel of Ruin\n|turn|1\n|\n|t:|1682651619\n|detailschange|p2a: PlusUltra|Palafin-Hero, L50, M\n|switch|p2a: Susy|Amoonguss, L50, M|100\/100\n|move|p1b: Hawlucha|Protect|p1b: Hawlucha\n|-singleturn|p1b: Hawlucha|Protect\n|move|p1a: Grafaiai|Swagger|p2a: Susy\n|-boost|p2a: Susy|atk|2\n|-enditem|p1b: Hawlucha|Mirror Herb\n|-boost|p1b: Hawlucha|atk|2|[from] item: Mirror Herb\n|-start|p2a: Susy|confusion\n|move|p2b: Good Soup|Heavy Slam|p1a: Grafaiai\n|-damage|p1a: Grafaiai|44\/100\n|\n|upkeep\n|turn|2\n|inactive|Chompsky_Honk has 30 seconds left.\n|inactive|anshar_training has 30 seconds left.\n|inactive|Chompsky_Honk has 20 seconds left.\n|inactive|anshar_training has 20 seconds left.\n|inactive|Chompsky_Honk has 15 seconds left.\n|inactive|anshar_training has 15 seconds left.\n|inactive|Chompsky_Honk has 10 seconds left.\n|inactive|Chompsky_Honk has 5 seconds left.\n|\n|t:|1682651674\n|-activate|p2a: Susy|confusion\n|move|p2a: Susy|Protect|p2a: Susy\n|-singleturn|p2a: Susy|Protect\n|move|p1a: Grafaiai|Parting Shot|p2a: Susy\n|-activate|p2a: Susy|move: Protect\n|move|p1b: Hawlucha|Acrobatics|p2a: Susy\n|-activate|p2a: Susy|move: Protect\n|move|p2b: Good Soup|Heavy Slam|p1a: Grafaiai\n|-damage|p1a: Grafaiai|0 fnt\n|faint|p1a: Grafaiai\n|\n|upkeep\n|inactive|Chompsky_Honk has 30 seconds left.\n|\n|t:|1682651701\n|switch|p1a: Brute Bonnet|Brute Bonnet, L50|100\/100\n|turn|3\n|inactive|anshar_training has 30 seconds left.\n|inactive|anshar_training has 20 seconds left.\n|inactive|anshar_training has 15 seconds left.\n|inactive|anshar_training has 10 seconds left.\n|\n|t:|1682651749\n|-terastallize|p2b: Good Soup|Poison\n|move|p1b: Hawlucha|Protect|p1b: Hawlucha\n|-singleturn|p1b: Hawlucha|Protect\n|move|p1a: Brute Bonnet|Rage Powder|p1a: Brute Bonnet\n|-singleturn|p1a: Brute Bonnet|move: Rage Powder\n|move|p2b: Good Soup|Ruination|p1a: Brute Bonnet\n|-damage|p1a: Brute Bonnet|50\/100\n|-activate|p2a: Susy|confusion\n|-damage|p2a: Susy|89\/100|[from] confusion\n|\n|upkeep\n|turn|4\n|\n|t:|1682651773\n|move|p1b: Hawlucha|Acrobatics|p2a: Susy\n|-supereffective|p2a: Susy\n|-damage|p2a: Susy|0 fnt\n|faint|p2a: Susy\n|move|p1a: Brute Bonnet|Spore|p2b: Good Soup\n|-status|p2b: Good Soup|slp|[from] move: Spore\n|cant|p2b: Good Soup|slp\n|\n|upkeep\n|inactive|anshar_training has 30 seconds left.\n|\n|t:|1682651801\n|switch|p2a: Cornelia|Flutter Mane, L50|100\/100\n|turn|5\n|inactive|Chompsky_Honk has 30 seconds left.\n|\n|t:|1682651830\n|move|p1b: Hawlucha|Drain Punch|p2b: Good Soup\n|-resisted|p2b: Good Soup\n|-damage|p2b: Good Soup|84\/100 slp\n|move|p2a: Cornelia|Dazzling Gleam|p1a: Brute Bonnet|[spread] p1a,p1b\n|-supereffective|p1a: Brute Bonnet\n|-crit|p1a: Brute Bonnet\n|-supereffective|p1b: Hawlucha\n|-damage|p1a: Brute Bonnet|0 fnt\n|-damage|p1b: Hawlucha|0 fnt\n|faint|p1a: Brute Bonnet\n|-end|p1a: Brute Bonnet|Protosynthesis|[silent]\n|faint|p1b: Hawlucha\n|-curestatus|p2b: Good Soup|slp|[msg]\n|move|p2b: Good Soup|Ruination|p1: Brute Bonnet|[notarget]\n|-fail|p2b: Good Soup\n|\n|upkeep\n|-message|Chompsky_Honk forfeited.\n|\n|win|anshar_training\n|raw|Chompsky_Honk's rating: 1052 → 1039<\/strong> (-13 for losing)\n|raw|anshar_training's rating: 1148 → 1166<\/strong> (+18 for winning)\n|l|\u2606Chompsky_Honk\n","uploadtime":1682651853,"views":6,"p1id":"chompskyhonk","p2id":"anshartraining","formatid":"gen9vgc2023regulationc","rating":1039,"private":0,"password":""}