{"id":"gen9vgc2023regulationc-1863344002","p1":"Deathskull17769","p2":"wackomarko","format":"[Gen 9] VGC 2023 Regulation C","log":"|j|\u2606Deathskull17769\n|j|\u2606wackomarko\n|t:|1684005043\n|gametype|doubles\n|player|p1|Deathskull17769|skyla|1126\n|player|p2|wackomarko|hiker-gen4|1150\n|teamsize|p1|6\n|teamsize|p2|6\n|gen|9\n|tier|[Gen 9] VGC 2023 Regulation C\n|rated|\n|rule|Species Clause: Limit one of each Pok\u00e9mon\n|rule|Item Clause: Limit one of each item\n|clearpoke\n|poke|p1|Armarouge, L50, F|\n|poke|p1|Indeedee-F, L50, F|\n|poke|p1|Sylveon, L50, M|\n|poke|p1|Meowscarada, L50, F|\n|poke|p1|Garganacl, L50, M|\n|poke|p1|Flutter Mane, L50|\n|poke|p2|Talonflame, L50, M|\n|poke|p2|Amoonguss, L50, M|\n|poke|p2|Flutter Mane, L50|\n|poke|p2|Chien-Pao, L50|\n|poke|p2|Gyarados, L50, F|\n|poke|p2|Dragapult, L50, F|\n|teampreview|4\n|inactive|Battle timer is ON: inactive players will automatically lose when time's up. (requested by Deathskull17769)\nwackomarko has agreed to open team sheets.\n|inactive|wackomarko has 60 seconds left.\n|\n|t:|1684005076\n|start\n|switch|p1a: Cannonier|Armarouge, L50, F|100\/100\n|switch|p1b: Lucky|Sylveon, L50, M|100\/100\n|switch|p2a: Talonflame|Talonflame, L50, M, shiny|100\/100\n|switch|p2b: Chien-Pao|Chien-Pao, L50|100\/100\n|-ability|p2b: Chien-Pao|Sword of Ruin\n|turn|1\n|\n|t:|1684005097\n|-terastallize|p1a: Cannonier|Dark\n|move|p2b: Chien-Pao|Protect|p2b: Chien-Pao\n|-singleturn|p2b: Chien-Pao|Protect\n|move|p1b: Lucky|Quick Attack|p1a: Cannonier\n|-supereffective|p1a: Cannonier\n|-damage|p1a: Cannonier|70\/100\n|-ability|p1a: Cannonier|Weak Armor|boost\n|-unboost|p1a: Cannonier|def|1\n|-boost|p1a: Cannonier|spe|2\n|-enditem|p1a: Cannonier|Weakness Policy\n|-boost|p1a: Cannonier|atk|2|[from] item: Weakness Policy\n|-boost|p1a: Cannonier|spa|2|[from] item: Weakness Policy\n|move|p1a: Cannonier|Aura Sphere|p2b: Chien-Pao\n|-activate|p2b: Chien-Pao|move: Protect\n|move|p2a: Talonflame|Taunt|p1a: Cannonier\n|-start|p1a: Cannonier|move: Taunt\n|\n|upkeep\n|turn|2\n|inactive|Deathskull17769 has 30 seconds left.\n|inactive|Deathskull17769 has 20 seconds left.\n|\n|t:|1684005133\n|move|p2a: Talonflame|Tailwind|p2a: Talonflame\n|-sidestart|p2: wackomarko|move: Tailwind\n|move|p1b: Lucky|Quick Attack|p2a: Talonflame\n|-resisted|p2a: Talonflame\n|-damage|p2a: Talonflame|90\/100\n|move|p2b: Chien-Pao|Haze|p2b: Chien-Pao\n|-clearallboost\n|move|p1a: Cannonier|Stored Power|p2a: Talonflame\n|-damage|p2a: Talonflame|75\/100\n|\n|upkeep\n|turn|3\n|\n|t:|1684005156\n|move|p2b: Chien-Pao|Sucker Punch|p1a: Cannonier\n|-resisted|p1a: Cannonier\n|-damage|p1a: Cannonier|45\/100\n|-ability|p1a: Cannonier|Weak Armor|boost\n|-unboost|p1a: Cannonier|def|1\n|-boost|p1a: Cannonier|spe|2\n|move|p2a: Talonflame|Will-O-Wisp|p1b: Lucky\n|-status|p1b: Lucky|brn\n|move|p1a: Cannonier|Aura Sphere|p2b: Chien-Pao\n|-supereffective|p2b: Chien-Pao\n|-enditem|p2b: Chien-Pao|Focus Sash\n|-damage|p2b: Chien-Pao|1\/100\n|move|p1b: Lucky|Hyper Voice|p2a: Talonflame|[spread] p2a,p2b\n|-resisted|p2a: Talonflame\n|-supereffective|p2b: Chien-Pao\n|-damage|p2a: Talonflame|48\/100\n|-damage|p2b: Chien-Pao|0 fnt\n|faint|p2b: Chien-Pao\n|-enditem|p1b: Lucky|Throat Spray\n|-boost|p1b: Lucky|spa|1|[from] item: Throat Spray\n|\n|-damage|p1b: Lucky|95\/100 brn|[from] brn\n|upkeep\n|inactive|wackomarko has 30 seconds left.\n|\n|t:|1684005185\n|switch|p2b: Flutter Mane|Flutter Mane, L50, shiny|100\/100\n|turn|4\n|\n|t:|1684005199\n|move|p2a: Talonflame|Brave Bird|p1b: Lucky\n|-damage|p1b: Lucky|50\/100 brn\n|-damage|p2a: Talonflame|30\/100|[from] Recoil\n|move|p2b: Flutter Mane|Dazzling Gleam|p1b: Lucky|[spread] p1a,p1b\n|-supereffective|p1a: Cannonier\n|-damage|p1a: Cannonier|0 fnt\n|-damage|p1b: Lucky|18\/100 brn\n|faint|p1a: Cannonier\n|-damage|p2b: Flutter Mane|91\/100|[from] item: Life Orb\n|move|p1b: Lucky|Hyper Voice|p2a: Talonflame|[spread] p2a,p2b\n|-resisted|p2a: Talonflame\n|-damage|p2a: Talonflame|0 fnt\n|-damage|p2b: Flutter Mane|35\/100\n|faint|p2a: Talonflame\n|\n|-damage|p1b: Lucky|12\/100 brn|[from] brn\n|upkeep\n|\n|t:|1684005217\n|switch|p2a: Dragapult|Dragapult, L50, F, shiny|100\/100\n|switch|p1a: Garganacl|Garganacl, L50, M|100\/100\n|turn|5\n|\n|t:|1684005230\n|-terastallize|p2a: Dragapult|Dragon\n|move|p1a: Garganacl|Wide Guard|p1a: Garganacl\n|-singleturn|p1a: Garganacl|Wide Guard\n|move|p2a: Dragapult|Dragon Darts|p1a: Garganacl\n|-damage|p1a: Garganacl|72\/100\n|-anim|p2a: Dragapult|Dragon Darts|p1a: Garganacl\n|-damage|p1a: Garganacl|46\/100\n|move|p2b: Flutter Mane|Dazzling Gleam|p1b: Lucky|[spread] \n|-activate|p1a: Garganacl|move: Wide Guard\n|-activate|p1b: Lucky|move: Wide Guard\n|move|p1b: Lucky|Wish|p1b: Lucky\n|\n|-damage|p1b: Lucky|6\/100 brn|[from] brn\n|-sideend|p2: wackomarko|move: Tailwind\n|upkeep\n|turn|6\n|\n|t:|1684005252\n|move|p1b: Lucky|Protect|p1b: Lucky\n|-singleturn|p1b: Lucky|Protect\n|move|p2a: Dragapult|Dragon Darts|p1a: Garganacl\n|-damage|p1a: Garganacl|18\/100\n|-anim|p2a: Dragapult|Dragon Darts|p1a: Garganacl\n|-damage|p1a: Garganacl|0 fnt\n|faint|p1a: Garganacl\n|move|p2b: Flutter Mane|Shadow Ball|p1b: Lucky\n|-activate|p1b: Lucky|move: Protect\n|\n|-heal|p1b: Lucky|56\/100 brn|[from] move: Wish|[wisher] Lucky\n|-damage|p1b: Lucky|50\/100 brn|[from] brn\n|upkeep\n|\n|t:|1684005266\n|switch|p1a: Indubitably|Indeedee-F, L50, F|100\/100\n|-fieldstart|move: Psychic Terrain|[from] ability: Psychic Surge|[of] p1a: Indubitably\n|-enditem|p1a: Indubitably|Psychic Seed\n|-boost|p1a: Indubitably|spd|1|[from] item: Psychic Seed\n|turn|7\n|\n|t:|1684005276\n|move|p1a: Indubitably|Helping Hand|p1b: Lucky\n|-singleturn|p1b: Lucky|Helping Hand|[of] p1a: Indubitably\n|move|p2a: Dragapult|Dragon Darts|p1a: Indubitably\n|-damage|p1a: Indubitably|49\/100\n|-anim|p2a: Dragapult|Dragon Darts|p1a: Indubitably\n|-damage|p1a: Indubitably|0 fnt\n|faint|p1a: Indubitably\n|move|p2b: Flutter Mane|Thunderbolt|p1b: Lucky\n|-damage|p1b: Lucky|19\/100 brn\n|-damage|p2b: Flutter Mane|26\/100|[from] item: Life Orb\n|move|p1b: Lucky|Hyper Voice|p2b: Flutter Mane|[spread] p2a,p2b\n|-supereffective|p2a: Dragapult\n|-damage|p2a: Dragapult|0 fnt\n|-damage|p2b: Flutter Mane|0 fnt\n|faint|p2a: Dragapult\n|faint|p2b: Flutter Mane\n|-end|p2b: Flutter Mane|Protosynthesis|[silent]\n|\n|win|Deathskull17769\n|raw|Deathskull17769's rating: 1126 → 1153<\/strong> (+27 for winning)\n|raw|wackomarko's rating: 1150 → 1123<\/strong> (-27 for losing)\n|c|\u2606wackomarko|gg\n|l|\u2606Deathskull17769\n","uploadtime":1684005314,"views":10,"p1id":"deathskull17769","p2id":"wackomarko","formatid":"gen9vgc2023regulationc","rating":1123,"private":0,"password":""}