{"id":"gen9vgc2023regulationc-1860582800","p1":"MiphaDeezNuts","p2":"PkmnGamerDannerino","format":"[Gen 9] VGC 2023 Regulation C","log":"|j|\u2606MiphaDeezNuts\n|j|\u2606PkmnGamerDannerino\n|t:|1683656450\n|gametype|doubles\n|player|p1|MiphaDeezNuts|acetrainerf|1191\n|player|p2|PkmnGamerDannerino|supernerd|1110\n|teamsize|p1|6\n|teamsize|p2|6\n|gen|9\n|tier|[Gen 9] VGC 2023 Regulation C\n|rated|\n|rule|Species Clause: Limit one of each Pok\u00e9mon\n|rule|Item Clause: Limit one of each item\n|clearpoke\n|poke|p1|Kingambit, L50, M|\n|poke|p1|Sableye, L50, M|\n|poke|p1|Iron Hands, L50|\n|poke|p1|Baxcalibur, L50, F|\n|poke|p1|Amoonguss, L50, F|\n|poke|p1|Azumarill, L50, F|\n|poke|p2|Glimmora, L50, F|\n|poke|p2|Magnezone, L50|\n|poke|p2|Dragonite, L50, M|\n|poke|p2|Clawitzer, L50, M|\n|poke|p2|Eelektross, L50, F|\n|poke|p2|Garganacl, L50, F|\n|teampreview|4\n|inactive|Battle timer is ON: inactive players will automatically lose when time's up. (requested by MiphaDeezNuts)\n|inactive|MiphaDeezNuts has 60 seconds left.\n|\n|t:|1683656491\n|start\n|switch|p1a: Kingambit|Kingambit, L50, M|100\/100\n|switch|p1b: Sableye|Sableye, L50, M|100\/100\n|switch|p2a: Glimmora|Glimmora, L50, F, shiny|100\/100\n|switch|p2b: Eelektross|Eelektross, L50, F, shiny|100\/100\n|turn|1\n|\n|t:|1683656507\n|move|p1b: Sableye|Will-O-Wisp|p2b: Eelektross\n|-status|p2b: Eelektross|brn\n|move|p2a: Glimmora|Mortal Spin|p1b: Sableye|[spread] p1b\n|-immune|p1a: Kingambit\n|-resisted|p1b: Sableye\n|-damage|p1b: Sableye|98\/100\n|-status|p1b: Sableye|psn\n|move|p2b: Eelektross|Close Combat|p1a: Kingambit\n|-supereffective|p1a: Kingambit\n|-damage|p1a: Kingambit|37\/100\n|-unboost|p2b: Eelektross|def|1\n|-unboost|p2b: Eelektross|spd|1\n|-damage|p2b: Eelektross|91\/100 brn|[from] item: Life Orb\n|move|p1a: Kingambit|Iron Head|p2a: Glimmora\n|-supereffective|p2a: Glimmora\n|-damage|p2a: Glimmora|13\/100\n|-damage|p1a: Kingambit|21\/100|[from] item: Rocky Helmet|[of] p2a: Glimmora\n|-activate|p2a: Glimmora|ability: Toxic Debris\n|-sidestart|p1: MiphaDeezNuts|move: Toxic Spikes\n|\n|-damage|p1b: Sableye|86\/100 psn|[from] psn\n|-damage|p2b: Eelektross|84\/100 brn|[from] brn\n|upkeep\n|turn|2\n|inactive|PkmnGamerDannerino has 30 seconds left.\n|inactive|PkmnGamerDannerino has 20 seconds left.\n|\n|t:|1683656545\n|move|p2a: Glimmora|Spiky Shield|p2a: Glimmora\n|-singleturn|p2a: Glimmora|move: Protect\n|move|p1a: Kingambit|Sucker Punch||[still]\n|-fail|p1a: Kingambit\n|move|p1b: Sableye|Disable|p2b: Eelektross\n|-start|p2b: Eelektross|Disable|Close Combat\n|cant|p2b: Eelektross|Disable|Close Combat\n|\n|-damage|p1b: Sableye|74\/100 psn|[from] psn\n|-damage|p2b: Eelektross|78\/100 brn|[from] brn\n|upkeep\n|turn|3\n|\n|t:|1683656565\n|switch|p2a: Magnezone|Magnezone, L50, shiny|100\/100\n|move|p2b: Eelektross|Protect|p2b: Eelektross\n|-singleturn|p2b: Eelektross|Protect\n|move|p1b: Sableye|Encore|p2b: Eelektross\n|-activate|p2b: Eelektross|move: Protect\n|move|p1a: Kingambit|Kowtow Cleave|p2a: Magnezone\n|-damage|p2a: Magnezone|66\/100\n|\n|-damage|p1b: Sableye|62\/100 psn|[from] psn\n|-damage|p2b: Eelektross|72\/100 brn|[from] brn\n|upkeep\n|turn|4\n|inactive|PkmnGamerDannerino has 30 seconds left.\n|inactive|PkmnGamerDannerino has 20 seconds left.\n|inactive|PkmnGamerDannerino has 15 seconds left.\n|\n|t:|1683656605\n|switch|p2b: Glimmora|Glimmora, L50, F, shiny|13\/100\n|move|p1a: Kingambit|Sucker Punch|p2a: Magnezone\n|-damage|p2a: Magnezone|40\/100\n|move|p1b: Sableye|Encore||[still]\n|-fail|p1b: Sableye\n|move|p2a: Magnezone|Body Press|p1a: Kingambit\n|-supereffective|p1a: Kingambit\n|-damage|p1a: Kingambit|0 fnt\n|faint|p1a: Kingambit\n|\n|-damage|p1b: Sableye|50\/100 psn|[from] psn\n|upkeep\n|\n|t:|1683656619\n|switch|p1a: Iron Hands|Iron Hands, L50|100\/100\n|-status|p1a: Iron Hands|psn\n|turn|5\n|inactive|PkmnGamerDannerino has 30 seconds left.\n|\n|t:|1683656647\n|move|p2b: Glimmora|Sludge Wave|p1a: Iron Hands|[spread] p1a,p1b\n|-immune|p2a: Magnezone\n|-crit|p1a: Iron Hands\n|-resisted|p1b: Sableye\n|-damage|p1a: Iron Hands|63\/100 psn\n|-damage|p1b: Sableye|31\/100 psn\n|move|p2a: Magnezone|Electroweb|p1b: Sableye|[spread] p1a,p1b\n|-resisted|p1a: Iron Hands\n|-damage|p1a: Iron Hands|56\/100 psn\n|-damage|p1b: Sableye|7\/100 psn\n|-unboost|p1a: Iron Hands|spe|1\n|-unboost|p1b: Sableye|spe|1\n|-enditem|p1b: Sableye|Iapapa Berry|[eat]\n|-heal|p1b: Sableye|40\/100 psn|[from] item: Iapapa Berry\n|move|p1a: Iron Hands|Drain Punch|p2a: Magnezone\n|-supereffective|p2a: Magnezone\n|-damage|p2a: Magnezone|0 fnt\n|-heal|p1a: Iron Hands|70\/100 psn|[from] drain|[of] p2a: Magnezone\n|faint|p2a: Magnezone\n|move|p1b: Sableye|Foul Play|p2b: Glimmora\n|-damage|p2b: Glimmora|0 fnt\n|-damage|p1b: Sableye|24\/100 psn|[from] item: Rocky Helmet|[of] p2b: Glimmora\n|-activate|p2b: Glimmora|ability: Toxic Debris\n|-sidestart|p1: MiphaDeezNuts|move: Toxic Spikes\n|faint|p2b: Glimmora\n|\n|-damage|p1b: Sableye|12\/100 psn|[from] psn\n|-damage|p1a: Iron Hands|58\/100 psn|[from] psn\n|upkeep\n|\n|t:|1683656670\n|switch|p2b: Eelektross|Eelektross, L50, F, shiny|72\/100 brn\n|switch|p2a: Garganacl|Garganacl, L50, F|100\/100\n|turn|6\n|inactive|MiphaDeezNuts has 30 seconds left.\n|\n|t:|1683656695\n|move|p2b: Eelektross|Protect|p2b: Eelektross\n|-singleturn|p2b: Eelektross|Protect\n|move|p2a: Garganacl|Salt Cure|p1a: Iron Hands\n|-resisted|p1a: Iron Hands\n|-damage|p1a: Iron Hands|53\/100 psn\n|-start|p1a: Iron Hands|Salt Cure\n|move|p1a: Iron Hands|Drain Punch|p2a: Garganacl\n|-supereffective|p2a: Garganacl\n|-damage|p2a: Garganacl|56\/100\n|-heal|p1a: Iron Hands|73\/100 psn|[from] drain|[of] p2a: Garganacl\n|move|p1b: Sableye|Foul Play|p2a: Garganacl\n|-damage|p2a: Garganacl|38\/100\n|\n|-damage|p1a: Iron Hands|61\/100 psn|[from] psn\n|-damage|p1b: Sableye|0 fnt|[from] psn\n|faint|p1b: Sableye\n|-damage|p2b: Eelektross|66\/100 brn|[from] brn\n|-damage|p1a: Iron Hands|49\/100 psn|[from] Salt Cure\n|upkeep\n|-enditem|p1a: Iron Hands|Sitrus Berry|[eat]\n|-heal|p1a: Iron Hands|74\/100 psn|[from] item: Sitrus Berry\n|\n|t:|1683656712\n|switch|p1b: Azumarill|Azumarill, L50, F|100\/100\n|-status|p1b: Azumarill|tox\n|-enditem|p1b: Azumarill|Lum Berry|[eat]\n|-curestatus|p1b: Azumarill|tox|[msg]\n|turn|7\n|\n|t:|1683656737\n|-terastallize|p1b: Azumarill|Fire\n|move|p2a: Garganacl|Protect|p2a: Garganacl\n|-singleturn|p2a: Garganacl|Protect\n|move|p1b: Azumarill|Liquidation|p2a: Garganacl\n|-activate|p2a: Garganacl|move: Protect\n|move|p2b: Eelektross|Wild Charge|p1b: Azumarill\n|-crit|p1b: Azumarill\n|-damage|p1b: Azumarill|63\/100\n|-damage|p2b: Eelektross|57\/100 brn|[from] Recoil\n|-damage|p2b: Eelektross|47\/100 brn|[from] item: Life Orb\n|move|p1a: Iron Hands|Drain Punch|p2b: Eelektross\n|-damage|p2b: Eelektross|3\/100 brn\n|-heal|p1a: Iron Hands|92\/100 psn|[from] drain|[of] p2b: Eelektross\n|\n|-damage|p1a: Iron Hands|80\/100 psn|[from] psn\n|-damage|p2b: Eelektross|0 fnt|[from] brn\n|faint|p2b: Eelektross\n|-damage|p1a: Iron Hands|68\/100 psn|[from] Salt Cure\n|upkeep\n|turn|8\n|inactive|PkmnGamerDannerino has 30 seconds left.\n|\n|t:|1683656769\n|-terastallize|p2a: Garganacl|Water\n|move|p1b: Azumarill|Liquidation|p2a: Garganacl\n|-resisted|p2a: Garganacl\n|-damage|p2a: Garganacl|24\/100\n|-enditem|p2a: Garganacl|Mago Berry|[eat]\n|-heal|p2a: Garganacl|57\/100|[from] item: Mago Berry\n|move|p2a: Garganacl|Recover|p2a: Garganacl\n|-heal|p2a: Garganacl|100\/100\n|move|p1a: Iron Hands|Drain Punch|p2a: Garganacl\n|-damage|p2a: Garganacl|80\/100\n|-heal|p1a: Iron Hands|77\/100 psn|[from] drain|[of] p2a: Garganacl\n|\n|-damage|p1a: Iron Hands|65\/100 psn|[from] psn\n|-damage|p1a: Iron Hands|53\/100 psn|[from] Salt Cure\n|upkeep\n|turn|9\n|\n|t:|1683656790\n|move|p1b: Azumarill|Play Rough|p2a: Garganacl|[miss]\n|-miss|p1b: Azumarill|p2a: Garganacl\n|move|p2a: Garganacl|Salt Cure|p1b: Azumarill\n|-supereffective|p1b: Azumarill\n|-damage|p1b: Azumarill|29\/100\n|-start|p1b: Azumarill|Salt Cure\n|move|p1a: Iron Hands|Wild Charge|p2a: Garganacl\n|-supereffective|p2a: Garganacl\n|-damage|p2a: Garganacl|29\/100\n|-damage|p1a: Iron Hands|42\/100 psn|[from] Recoil\n|\n|-damage|p1a: Iron Hands|29\/100 psn|[from] psn\n|-damage|p1b: Azumarill|17\/100|[from] Salt Cure\n|-damage|p1a: Iron Hands|17\/100 psn|[from] Salt Cure\n|upkeep\n|turn|10\n|\n|t:|1683656805\n|move|p2a: Garganacl|Protect|p2a: Garganacl\n|-singleturn|p2a: Garganacl|Protect\n|move|p1b: Azumarill|Play Rough|p2a: Garganacl\n|-activate|p2a: Garganacl|move: Protect\n|move|p1a: Iron Hands|Drain Punch|p2a: Garganacl\n|-activate|p2a: Garganacl|move: Protect\n|\n|-damage|p1a: Iron Hands|5\/100 psn|[from] psn\n|-damage|p1b: Azumarill|4\/100|[from] Salt Cure\n|-damage|p1a: Iron Hands|0 fnt|[from] Salt Cure\n|faint|p1a: Iron Hands\n|-end|p1a: Iron Hands|Quark Drive|[silent]\n|upkeep\n|turn|11\n|\n|t:|1683656817\n|move|p1b: Azumarill|Play Rough|p2a: Garganacl\n|-damage|p2a: Garganacl|1\/100\n|move|p2a: Garganacl|Recover|p2a: Garganacl\n|-heal|p2a: Garganacl|52\/100\n|\n|-damage|p1b: Azumarill|0 fnt|[from] Salt Cure\n|faint|p1b: Azumarill\n|\n|win|PkmnGamerDannerino\n|upkeep\n|raw|MiphaDeezNuts's rating: 1191 → 1160<\/strong> (-31 for losing)\n|raw|PkmnGamerDannerino's rating: 1110 → 1141<\/strong> (+31 for winning)\n","uploadtime":1683656828,"views":9,"p1id":"miphadeeznuts","p2id":"pkmngamerdannerino","formatid":"gen9vgc2023regulationc","rating":1141,"private":0,"password":""}