{"id":"gen9vgc2023regulationc-1847280761","p1":"kakjohn","p2":"Seymorekun","format":"[Gen 9] VGC 2023 Regulation C","log":"|j|\u2606kakjohn\n|j|\u2606Seymorekun\n|t:|1681934295\n|gametype|doubles\n|player|p1|kakjohn|riley|1142\n|player|p2|Seymorekun|benga|1191\n|teamsize|p1|6\n|teamsize|p2|6\n|gen|9\n|tier|[Gen 9] VGC 2023 Regulation C\n|rated|\n|rule|Species Clause: Limit one of each Pok\u00e9mon\n|rule|Item Clause: Limit one of each item\n|clearpoke\n|poke|p1|Roaring Moon, L50|\n|poke|p1|Ting-Lu, L50|\n|poke|p1|Flutter Mane, L50|\n|poke|p1|Amoonguss, L50, M|\n|poke|p1|Arcanine, L50, M|\n|poke|p1|Gastrodon-East, L50, F|\n|poke|p2|Chi-Yu, L50|\n|poke|p2|Gyarados, L50, M|\n|poke|p2|Iron Hands, L50|\n|poke|p2|Chien-Pao, L50|\n|poke|p2|Dragonite, L50, F|\n|poke|p2|Flutter Mane, L50|\n|teampreview|4\n|inactive|Battle timer is ON: inactive players will automatically lose when time's up. (requested by Seymorekun)\nSeymorekun has agreed to open team sheets.\n|inactive|Seymorekun has 60 seconds left.\n|\n|t:|1681934335\n|start\n|switch|p1a: Ting-Lu|Ting-Lu, L50|100\/100\n|switch|p1b: Arcanine|Arcanine, L50, M, shiny|100\/100\n|switch|p2a: Gyarados|Gyarados, L50, M|100\/100\n|switch|p2b: Chien-Pao|Chien-Pao, L50|100\/100\n|-ability|p2b: Chien-Pao|Sword of Ruin\n|-ability|p2a: Gyarados|Intimidate|boost\n|-unboost|p1a: Ting-Lu|atk|1\n|-unboost|p1b: Arcanine|atk|1\n|-ability|p1b: Arcanine|Intimidate|boost\n|-unboost|p2a: Gyarados|atk|1\n|-unboost|p2b: Chien-Pao|atk|1\n|-ability|p1a: Ting-Lu|Vessel of Ruin\n|turn|1\n|\n|t:|1681934355\n|move|p2b: Chien-Pao|Protect|p2b: Chien-Pao\n|-singleturn|p2b: Chien-Pao|Protect\n|move|p2a: Gyarados|Taunt|p1b: Arcanine\n|-start|p1b: Arcanine|move: Taunt\n|cant|p1b: Arcanine|move: Taunt|Will-O-Wisp\n|move|p1a: Ting-Lu|Rock Slide|p2a: Gyarados|[spread] p2a\n|-activate|p2b: Chien-Pao|move: Protect\n|-supereffective|p2a: Gyarados\n|-damage|p2a: Gyarados|65\/100\n|\n|upkeep\n|turn|2\n|\n|t:|1681934371\n|move|p2b: Chien-Pao|Ice Spinner|p1a: Ting-Lu\n|-supereffective|p1a: Ting-Lu\n|-damage|p1a: Ting-Lu|68\/100\n|move|p2a: Gyarados|Icy Wind|p1b: Arcanine|[spread] p1a,p1b\n|-supereffective|p1a: Ting-Lu\n|-resisted|p1b: Arcanine\n|-damage|p1a: Ting-Lu|61\/100\n|-damage|p1b: Arcanine|96\/100\n|-unboost|p1a: Ting-Lu|spe|1\n|-unboost|p1b: Arcanine|spe|1\n|move|p1b: Arcanine|Flare Blitz|p2b: Chien-Pao\n|-supereffective|p2b: Chien-Pao\n|-damage|p2b: Chien-Pao|4\/100\n|-damage|p1b: Arcanine|67\/100|[from] Recoil\n|move|p1a: Ting-Lu|Rock Slide|p2b: Chien-Pao|[spread] p2a,p2b\n|-supereffective|p2a: Gyarados\n|-supereffective|p2b: Chien-Pao\n|-damage|p2a: Gyarados|30\/100\n|-damage|p2b: Chien-Pao|0 fnt\n|-enditem|p2a: Gyarados|Sitrus Berry|[eat]\n|-heal|p2a: Gyarados|55\/100|[from] item: Sitrus Berry\n|faint|p2b: Chien-Pao\n|\n|upkeep\n|\n|t:|1681934392\n|switch|p2b: Chi-Yu|Chi-Yu, L50|100\/100\n|-ability|p2b: Chi-Yu|Beads of Ruin\n|turn|3\n|\n|t:|1681934409\n|-terastallize|p2b: Chi-Yu|Water\n|-terastallize|p1a: Ting-Lu|Water\n|move|p2b: Chi-Yu|Substitute|p2b: Chi-Yu\n|-start|p2b: Chi-Yu|Substitute\n|-damage|p2b: Chi-Yu|76\/100\n|move|p2a: Gyarados|Whirlpool|p1b: Arcanine\n|-supereffective|p1b: Arcanine\n|-damage|p1b: Arcanine|43\/100\n|-activate|p1b: Arcanine|move: Whirlpool|[of] p2a: Gyarados\n|move|p1b: Arcanine|Snarl|p2b: Chi-Yu|[spread] p2a,p2b\n|-damage|p2a: Gyarados|46\/100\n|-damage|p2b: Chi-Yu|68\/100\n|-unboost|p2a: Gyarados|spa|1\n|-unboost|p2b: Chi-Yu|spa|1\n|move|p1a: Ting-Lu|Stomping Tantrum|p2b: Chi-Yu\n|-end|p2b: Chi-Yu|Substitute\n|\n|-heal|p2b: Chi-Yu|74\/100|[from] item: Leftovers\n|-damage|p1b: Arcanine|31\/100|[from] move: Whirlpool|[partiallytrapped]\n|-end|p1b: Arcanine|move: Taunt\n|upkeep\n|turn|4\n|\n|t:|1681934431\n|move|p2b: Chi-Yu|Dark Pulse|p1a: Ting-Lu\n|-damage|p1a: Ting-Lu|48\/100\n|move|p2a: Gyarados|Waterfall|p1b: Arcanine\n|-supereffective|p1b: Arcanine\n|-damage|p1b: Arcanine|0 fnt\n|faint|p1b: Arcanine\n|move|p1a: Ting-Lu|Rock Slide|p2a: Gyarados|[spread] p2a,p2b\n|-supereffective|p2a: Gyarados\n|-damage|p2a: Gyarados|20\/100\n|-damage|p2b: Chi-Yu|60\/100\n|\n|-heal|p2b: Chi-Yu|66\/100|[from] item: Leftovers\n|upkeep\n|\n|t:|1681934444\n|switch|p1b: Roaring Moon|Roaring Moon, L50, shiny|100\/100\n|-enditem|p1b: Roaring Moon|Booster Energy\n|-activate|p1b: Roaring Moon|ability: Protosynthesis|[fromitem]\n|-start|p1b: Roaring Moon|protosynthesisspe\n|turn|5\n|\n|t:|1681934453\n|move|p2b: Chi-Yu|Protect|p2b: Chi-Yu\n|-singleturn|p2b: Chi-Yu|Protect\n|move|p1b: Roaring Moon|Jaw Lock|p2b: Chi-Yu\n|-activate|p2b: Chi-Yu|move: Protect\n|move|p2a: Gyarados|Icy Wind|p1b: Roaring Moon|[spread] p1a,p1b\n|-resisted|p1a: Ting-Lu\n|-supereffective|p1b: Roaring Moon\n|-damage|p1a: Ting-Lu|46\/100\n|-damage|p1b: Roaring Moon|90\/100\n|-unboost|p1a: Ting-Lu|spe|1\n|-unboost|p1b: Roaring Moon|spe|1\n|move|p1a: Ting-Lu|Rock Slide|p2b: Chi-Yu|[spread] \n|-activate|p2b: Chi-Yu|move: Protect\n|-miss|p1a: Ting-Lu|p2a: Gyarados\n|\n|-heal|p2b: Chi-Yu|72\/100|[from] item: Leftovers\n|upkeep\n|turn|6\n|inactive|Seymorekun has 30 seconds left.\n|\n|t:|1681934479\n|move|p1b: Roaring Moon|Tailwind|p1b: Roaring Moon\n|-sidestart|p1: kakjohn|move: Tailwind\n|move|p2b: Chi-Yu|Dark Pulse|p1b: Roaring Moon\n|-resisted|p1b: Roaring Moon\n|-damage|p1b: Roaring Moon|77\/100\n|move|p2a: Gyarados|Whirlpool|p1a: Ting-Lu\n|-resisted|p1a: Ting-Lu\n|-damage|p1a: Ting-Lu|44\/100\n|-activate|p1a: Ting-Lu|move: Whirlpool|[of] p2a: Gyarados\n|move|p1a: Ting-Lu|Rock Slide|p2b: Chi-Yu|[spread] p2a,p2b\n|-supereffective|p2a: Gyarados\n|-crit|p2a: Gyarados\n|-damage|p2a: Gyarados|0 fnt\n|-damage|p2b: Chi-Yu|56\/100\n|faint|p2a: Gyarados\n|\n|-heal|p2b: Chi-Yu|62\/100|[from] item: Leftovers\n|-end|p1a: Ting-Lu|Whirlpool|[partiallytrapped]|[silent]\n|upkeep\n|\n|t:|1681934493\n|switch|p2a: Dragonite|Dragonite, L50, F|100\/100\n|turn|7\n|\n|t:|1681934511\n|move|p2a: Dragonite|Extreme Speed|p1b: Roaring Moon\n|-damage|p1b: Roaring Moon|23\/100\n|move|p1b: Roaring Moon|Jaw Lock|p2a: Dragonite\n|-damage|p2a: Dragonite|78\/100\n|-activate|p1b: Roaring Moon|trapped\n|-activate|p2a: Dragonite|trapped\n|move|p2b: Chi-Yu|Dark Pulse|p1b: Roaring Moon\n|-resisted|p1b: Roaring Moon\n|-damage|p1b: Roaring Moon|9\/100\n|move|p1a: Ting-Lu|Rock Slide|p2a: Dragonite|[spread] p2a,p2b\n|-supereffective|p2a: Dragonite\n|-damage|p2a: Dragonite|56\/100\n|-damage|p2b: Chi-Yu|46\/100\n|\n|-heal|p2b: Chi-Yu|52\/100|[from] item: Leftovers\n|upkeep\n|turn|8\n|\n|t:|1681934528\n|switch|p1a: Amoonguss|Amoonguss, L50, M|100\/100\n|move|p1b: Roaring Moon|Protect|p1b: Roaring Moon\n|-singleturn|p1b: Roaring Moon|Protect\n|move|p2a: Dragonite|Extreme Speed|p1b: Roaring Moon\n|-activate|p1b: Roaring Moon|move: Protect\n|move|p2b: Chi-Yu|Dark Pulse|p1a: Amoonguss\n|-damage|p1a: Amoonguss|71\/100\n|\n|-heal|p2b: Chi-Yu|58\/100|[from] item: Leftovers\n|upkeep\n|turn|9\n|\n|t:|1681934545\n|move|p2a: Dragonite|Extreme Speed|p1b: Roaring Moon\n|-damage|p1b: Roaring Moon|0 fnt\n|faint|p1b: Roaring Moon\n|-end|p1b: Roaring Moon|Protosynthesis|[silent]\n|move|p2b: Chi-Yu|Heat Wave|p1a: Amoonguss\n|-supereffective|p1a: Amoonguss\n|-damage|p1a: Amoonguss|5\/100\n|-status|p1a: Amoonguss|brn\n|-enditem|p1a: Amoonguss|Sitrus Berry|[eat]\n|-heal|p1a: Amoonguss|29\/100 brn|[from] item: Sitrus Berry\n|move|p1a: Amoonguss|Spore|p2a: Dragonite\n|-status|p2a: Dragonite|slp|[from] move: Spore\n|\n|-heal|p2b: Chi-Yu|64\/100|[from] item: Leftovers\n|-damage|p1a: Amoonguss|23\/100 brn|[from] brn\n|-sideend|p1: kakjohn|move: Tailwind\n|upkeep\n|\n|t:|1681934560\n|switch|p1b: Ting-Lu|Ting-Lu, L50, tera:Water|44\/100\n|-ability|p1b: Ting-Lu|Vessel of Ruin\n|turn|10\n|\n|t:|1681934569\n|cant|p2a: Dragonite|slp\n|move|p2b: Chi-Yu|Heat Wave|p1a: Amoonguss|[spread] p1a,p1b\n|-supereffective|p1a: Amoonguss\n|-resisted|p1b: Ting-Lu\n|-damage|p1a: Amoonguss|0 fnt\n|-damage|p1b: Ting-Lu|38\/100\n|faint|p1a: Amoonguss\n|move|p1b: Ting-Lu|Rock Slide|p2a: Dragonite|[spread] p2a,p2b\n|-supereffective|p2a: Dragonite\n|-damage|p2a: Dragonite|25\/100 slp\n|-damage|p2b: Chi-Yu|40\/100\n|\n|-heal|p2b: Chi-Yu|46\/100|[from] item: Leftovers\n|upkeep\n|turn|11\n|\n|t:|1681934583\n|-curestatus|p2a: Dragonite|slp|[msg]\n|move|p2a: Dragonite|Extreme Speed|p1b: Ting-Lu\n|-damage|p1b: Ting-Lu|19\/100\n|move|p2b: Chi-Yu|Dark Pulse|p1b: Ting-Lu\n|-damage|p1b: Ting-Lu|7\/100\n|move|p1b: Ting-Lu|Rock Slide|p2a: Dragonite|[spread] p2a,p2b\n|-supereffective|p2a: Dragonite\n|-damage|p2a: Dragonite|0 fnt\n|-damage|p2b: Chi-Yu|23\/100\n|faint|p2a: Dragonite\n|\n|-heal|p2b: Chi-Yu|29\/100|[from] item: Leftovers\n|upkeep\n|turn|12\n|\n|t:|1681934597\n|move|p2b: Chi-Yu|Dark Pulse|p1b: Ting-Lu\n|-damage|p1b: Ting-Lu|0 fnt\n|faint|p1b: Ting-Lu\n|\n|win|Seymorekun\n|raw|kakjohn's rating: 1142 → 1121<\/strong> (-21 for losing)\n|raw|Seymorekun's rating: 1191 → 1212<\/strong> (+21 for winning)\n|c|\u2606Seymorekun|GG\n|c|\u2606kakjohn|gg\n|l|\u2606kakjohn\n","uploadtime":1681934610,"views":17,"p1id":"kakjohn","p2id":"seymorekun","formatid":"gen9vgc2023regulationc","rating":1121,"private":0,"password":""}