{"id":"gen9vgc2023regulationc-1855491605","p1":"Topical Rainstorm","p2":"steffvdr","format":"[Gen 9] VGC 2023 Regulation C","log":"|j|\u2606Topical Rainstorm\n|j|\u2606steffvdr\n|t:|1682956275\n|gametype|doubles\n|player|p1|Topical Rainstorm|zinzolin|1000\n|player|p2|steffvdr|1|1000\n|teamsize|p1|6\n|teamsize|p2|6\n|gen|9\n|tier|[Gen 9] VGC 2023 Regulation C\n|rated|\n|rule|Species Clause: Limit one of each Pok\u00e9mon\n|rule|Item Clause: Limit one of each item\n|clearpoke\n|poke|p1|Krookodile, L50, M|\n|poke|p1|Cryogonal, L50|\n|poke|p1|Flamigo, L50, F|\n|poke|p1|Gastrodon, L50, M|\n|poke|p1|Iron Bundle, L50|\n|poke|p1|Chi-Yu, L50|\n|poke|p2|Meowscarada, L50, M|\n|poke|p2|Garchomp, L50, F|\n|poke|p2|Murkrow, L50, F|\n|poke|p2|Amoonguss, L50, M|\n|poke|p2|Gholdengo, L50|\n|poke|p2|Maushold-Four, L50|\n|teampreview|4\n|inactive|Battle timer is ON: inactive players will automatically lose when time's up. (requested by Topical Rainstorm)\nsteffvdr has agreed to open team sheets.\n|\n|t:|1682956304\n|start\n|switch|p1a: Krookodile|Krookodile, L50, M|100\/100\n|switch|p1b: Cryogonal|Cryogonal, L50, shiny|100\/100\n|switch|p2a: Garchomp|Garchomp, L50, F|100\/100\n|switch|p2b: Amoonguss|Amoonguss, L50, M|100\/100\n|turn|1\n|inactive|steffvdr has 30 seconds left.\n|inactive|steffvdr has 20 seconds left.\n|inactive|steffvdr has 15 seconds left.\n|\n|t:|1682956345\n|switch|p2a: Maushold|Maushold-Four, L50|100\/100\n|move|p1b: Cryogonal|Frost Breath|p1a: Krookodile\n|-supereffective|p1a: Krookodile\n|-crit|p1a: Krookodile\n|-damage|p1a: Krookodile|33\/100\n|-setboost|p1a: Krookodile|atk|6|[from] ability: Anger Point\n|move|p1a: Krookodile|Earthquake|p2a: Maushold|[spread] p2a,p2b\n|-immune|p1b: Cryogonal|[from] ability: Levitate\n|-enditem|p2a: Maushold|Focus Sash\n|-damage|p2a: Maushold|1\/100\n|-damage|p2b: Amoonguss|0 fnt\n|faint|p2b: Amoonguss\n|\n|upkeep\n|inactive|steffvdr has 30 seconds left.\n|inactive|steffvdr has 20 seconds left.\n|\n|t:|1682956381\n|switch|p2b: Gholdengo|Gholdengo, L50|100\/100\n|turn|2\n|\n|t:|1682956400\n|-terastallize|p2b: Gholdengo|Fairy\n|move|p2a: Maushold|Protect|p2a: Maushold\n|-singleturn|p2a: Maushold|Protect\n|move|p1b: Cryogonal|Confuse Ray|p2b: Gholdengo\n|-immune|p2b: Gholdengo|[from] ability: Good as Gold\n|move|p1a: Krookodile|Earthquake|p2b: Gholdengo|[spread] p2b\n|-activate|p2a: Maushold|move: Protect\n|-immune|p1b: Cryogonal|[from] ability: Levitate\n|-damage|p2b: Gholdengo|0 fnt\n|faint|p2b: Gholdengo\n|\n|upkeep\n|c|\u2606Topical Rainstorm|Accident\n|\n|t:|1682956411\n|switch|p2b: Garchomp|Garchomp, L50, F|100\/100\n|turn|3\n|\n|t:|1682956418\n|move|p2a: Maushold|Helping Hand|p2b: Garchomp\n|-singleturn|p2b: Garchomp|Helping Hand|[of] p2a: Maushold\n|move|p1b: Cryogonal|Frost Breath|p2b: Garchomp\n|-supereffective|p2b: Garchomp\n|-crit|p2b: Garchomp\n|-damage|p2b: Garchomp|22\/100\n|move|p2b: Garchomp|Rock Slide|p1b: Cryogonal|[spread] p1a,p1b\n|-resisted|p1a: Krookodile\n|-supereffective|p1b: Cryogonal\n|-damage|p1a: Krookodile|13\/100\n|-damage|p1b: Cryogonal|0 fnt\n|faint|p1b: Cryogonal\n|cant|p1a: Krookodile|flinch\n|\n|upkeep\n|\n|t:|1682956429\n|switch|p1b: Iron Bundle|Iron Bundle, L50|100\/100\n|-enditem|p1b: Iron Bundle|Booster Energy\n|-activate|p1b: Iron Bundle|ability: Quark Drive|[fromitem]\n|-start|p1b: Iron Bundle|quarkdrivespe\n|turn|4\n|inactive|steffvdr has 30 seconds left.\n|inactive|steffvdr has 20 seconds left.\n|\n|t:|1682956464\n|move|p2a: Maushold|Follow Me|p2a: Maushold\n|-singleturn|p2a: Maushold|move: Follow Me\n|move|p1b: Iron Bundle|Freeze-Dry|p2a: Maushold\n|-damage|p2a: Maushold|0 fnt\n|faint|p2a: Maushold\n|move|p2b: Garchomp|Earthquake|p1b: Iron Bundle|[spread] p1a,p1b\n|-damage|p1a: Krookodile|0 fnt\n|-damage|p1b: Iron Bundle|55\/100\n|faint|p1a: Krookodile\n|\n|upkeep\n|\n|t:|1682956473\n|switch|p1a: Chi-Yu|Chi-Yu, L50|100\/100\n|-ability|p1a: Chi-Yu|Beads of Ruin\n|turn|5\n|\n|t:|1682956480\n|move|p1b: Iron Bundle|Freeze-Dry|p2b: Garchomp\n|-supereffective|p2b: Garchomp\n|-damage|p2b: Garchomp|0 fnt\n|faint|p2b: Garchomp\n|\n|win|Topical Rainstorm\n|raw|Topical Rainstorm's rating: 1000 → 1040<\/strong> (+40 for winning)\n|raw|steffvdr's rating: 1000 → 1000<\/strong> (+0 for losing)\n|c|\u2606Topical Rainstorm|Gg\n|c|\u2606steffvdr|gg\n","uploadtime":1682956488,"views":22,"p1id":"topicalrainstorm","p2id":"steffvdr","formatid":"gen9vgc2023regulationc","rating":1000,"private":0,"password":""}