{"id":"gen9vgc2023regulationc-1851482800","p1":"woho","p2":"Atlasshrugged_00","format":"[Gen 9] VGC 2023 Regulation C","log":"|j|\u2606woho\n|j|\u2606Atlasshrugged_00\n|t:|1682448791\n|gametype|doubles\n|player|p1|woho|alder|1048\n|player|p2|Atlasshrugged_00|colress|1061\n|teamsize|p1|6\n|teamsize|p2|6\n|gen|9\n|tier|[Gen 9] VGC 2023 Regulation C\n|rated|\n|rule|Species Clause: Limit one of each Pok\u00e9mon\n|rule|Item Clause: Limit one of each item\n|clearpoke\n|poke|p1|Arboliva, L50, M|\n|poke|p1|Iron Hands, L50|\n|poke|p1|Greedent, L50, M|\n|poke|p1|Armarouge, L50, F|\n|poke|p1|Tauros-Paldea-Aqua, L50, M|\n|poke|p1|Gholdengo, L50|\n|poke|p2|Chien-Pao, L50|\n|poke|p2|Chi-Yu, L50|\n|poke|p2|Scizor, L50, M|\n|poke|p2|Flutter Mane, L50|\n|poke|p2|Cyclizar, L50, F|\n|poke|p2|Kilowattrel, L50, M|\n|teampreview|4\n|\n|t:|1682448819\n|start\n|switch|p1a: Rishiki|Iron Hands, L50|100\/100\n|switch|p1b: Florino|Gholdengo, L50|100\/100\n|switch|p2a: Cyclizar|Cyclizar, L50, F|100\/100\n|switch|p2b: Flutter Mane|Flutter Mane, L50|100\/100\n|-enditem|p2b: Flutter Mane|Booster Energy\n|-activate|p2b: Flutter Mane|ability: Protosynthesis|[fromitem]\n|-start|p2b: Flutter Mane|protosynthesisspa\n|turn|1\n|\n|t:|1682448836\n|move|p2a: Cyclizar|Protect|p2a: Cyclizar\n|-singleturn|p2a: Cyclizar|Protect\n|move|p2b: Flutter Mane|Protect|p2b: Flutter Mane\n|-singleturn|p2b: Flutter Mane|Protect\n|move|p1a: Rishiki|Fake Out|p2a: Cyclizar\n|-activate|p2a: Cyclizar|move: Protect\n|move|p1b: Florino|Flash Cannon|p2b: Flutter Mane\n|-activate|p2b: Flutter Mane|move: Protect\n|\n|upkeep\n|turn|2\n|\n|t:|1682448852\n|move|p1b: Florino|Flash Cannon|p2b: Flutter Mane\n|-supereffective|p2b: Flutter Mane\n|-damage|p2b: Flutter Mane|0 fnt\n|faint|p2b: Flutter Mane\n|-end|p2b: Flutter Mane|Protosynthesis|[silent]\n|move|p2a: Cyclizar|Breaking Swipe|p1a: Rishiki|[spread] p1a,p1b\n|-resisted|p1b: Florino\n|-damage|p1a: Rishiki|90\/100\n|-damage|p1b: Florino|92\/100\n|-unboost|p1a: Rishiki|atk|1\n|-unboost|p1b: Florino|atk|1\n|move|p1a: Rishiki|Drain Punch|p2a: Cyclizar\n|-supereffective|p2a: Cyclizar\n|-damage|p2a: Cyclizar|19\/100\n|-heal|p1a: Rishiki|100\/100|[from] drain|[of] p2a: Cyclizar\n|\n|-heal|p2a: Cyclizar|25\/100|[from] item: Leftovers\n|upkeep\n|\n|t:|1682448873\n|switch|p2b: Scizor|Scizor, L50, M|100\/100\n|turn|3\n|\n|t:|1682448885\n|switch|p2a: Chi-Yu|Chi-Yu, L50|100\/100\n|-ability|p2a: Chi-Yu|Beads of Ruin\n|-end|p1a: Rishiki|Quark Drive|[silent]\n|switch|p1a: Ozzy|Tauros-Paldea-Aqua, L50, M|100\/100\n|-ability|p1a: Ozzy|Intimidate|boost\n|-unboost|p2a: Chi-Yu|atk|1\n|-fail|p2b: Scizor|unboost|[from] item: Clear Amulet|[of] p2b: Scizor\n|-terastallize|p2b: Scizor|Flying\n|move|p1b: Florino|Flash Cannon|p2a: Chi-Yu\n|-resisted|p2a: Chi-Yu\n|-damage|p2a: Chi-Yu|74\/100\n|move|p2b: Scizor|Air Cutter|p1a: Ozzy|[spread] p1a,p1b\n|-supereffective|p1a: Ozzy\n|-resisted|p1b: Florino\n|-crit|p1b: Florino\n|-damage|p1a: Ozzy|44\/100\n|-damage|p1b: Florino|78\/100\n|\n|upkeep\n|turn|4\n|\n|t:|1682448913\n|switch|p2a: Cyclizar|Cyclizar, L50, F|59\/100\n|move|p1a: Ozzy|Aqua Jet|p2a: Cyclizar\n|-resisted|p2a: Cyclizar\n|-damage|p2a: Cyclizar|39\/100\n|-damage|p1a: Ozzy|34\/100|[from] item: Life Orb\n|move|p1b: Florino|Flash Cannon|p2b: Scizor\n|-damage|p2b: Scizor|42\/100\n|move|p2b: Scizor|Air Cutter|p1a: Ozzy|[spread] p1a,p1b\n|-supereffective|p1a: Ozzy\n|-resisted|p1b: Florino\n|-damage|p1a: Ozzy|0 fnt\n|-damage|p1b: Florino|69\/100\n|faint|p1a: Ozzy\n|\n|-heal|p2a: Cyclizar|46\/100|[from] item: Leftovers\n|upkeep\n|\n|t:|1682448935\n|switch|p1a: Rishiki|Iron Hands, L50|100\/100\n|turn|5\n|\n|t:|1682448948\n|switch|p1b: Luthien|Arboliva, L50, M|100\/100\n|switch|p2b: Chi-Yu|Chi-Yu, L50|74\/100\n|-ability|p2b: Chi-Yu|Beads of Ruin\n|move|p2a: Cyclizar|Protect|p2a: Cyclizar\n|-singleturn|p2a: Cyclizar|Protect\n|move|p1a: Rishiki|Fake Out|p2b: Chi-Yu\n|-damage|p2b: Chi-Yu|46\/100\n|\n|-heal|p2a: Cyclizar|52\/100|[from] item: Leftovers\n|upkeep\n|turn|6\n|\n|t:|1682448970\n|-terastallize|p1b: Luthien|Water\n|move|p2a: Cyclizar|Shed Tail|p2a: Cyclizar\n|-start|p2a: Cyclizar|Substitute|[from] move: Shed Tail\n|-damage|p2a: Cyclizar|2\/100\n|\n|t:|1682448974\n|switch|p2a: Scizor|Scizor, L50, M, tera:Flying|42\/100|[from] Shed Tail\n|move|p2b: Chi-Yu|Heat Wave|p1a: Rishiki|[spread] p1b\n|-miss|p2b: Chi-Yu|p1a: Rishiki\n|-resisted|p1b: Luthien\n|-damage|p1b: Luthien|75\/100\n|-fieldstart|move: Grassy Terrain|[from] ability: Seed Sower|[of] p1b: Luthien\n|-enditem|p1b: Luthien|Grassy Seed\n|-boost|p1b: Luthien|def|1|[from] item: Grassy Seed\n|move|p1a: Rishiki|Rock Slide|p2b: Chi-Yu|[spread] p2a,p2b\n|-supereffective|p2a: Scizor\n|-end|p2a: Scizor|Substitute\n|-supereffective|p2b: Chi-Yu\n|-damage|p2b: Chi-Yu|0 fnt\n|faint|p2b: Chi-Yu\n|move|p1b: Luthien|Leech Seed|p2a: Scizor\n|-start|p2a: Scizor|move: Leech Seed\n|\n|-heal|p1b: Luthien|80\/100|[from] Grassy Terrain\n|-damage|p2a: Scizor|30\/100|[from] Leech Seed|[of] p1b: Luthien\n|-heal|p1b: Luthien|92\/100|[silent]\n|upkeep\n|\n|t:|1682448993\n|switch|p2b: Cyclizar|Cyclizar, L50, F|35\/100\n|turn|7\n|c|\u2606Atlasshrugged_00|gg\n|\n|t:|1682449006\n|move|p2b: Cyclizar|Breaking Swipe|p1a: Rishiki|[spread] p1a,p1b\n|-damage|p1a: Rishiki|91\/100\n|-damage|p1b: Luthien|81\/100\n|-unboost|p1a: Rishiki|atk|1\n|-unboost|p1b: Luthien|atk|1\n|move|p2a: Scizor|Air Cutter|p1a: Rishiki|[spread] p1a,p1b\n|-damage|p1a: Rishiki|83\/100\n|-damage|p1b: Luthien|72\/100\n|move|p1a: Rishiki|Drain Punch|p2a: Scizor\n|-resisted|p2a: Scizor\n|-damage|p2a: Scizor|15\/100\n|-heal|p1a: Rishiki|89\/100|[from] drain|[of] p2a: Scizor\n|move|p1b: Luthien|Pollen Puff|p2b: Cyclizar\n|-damage|p2b: Cyclizar|1\/100\n|\n|-heal|p2b: Cyclizar|7\/100|[from] Grassy Terrain\n|-heal|p2b: Cyclizar|13\/100|[from] item: Leftovers\n|-heal|p1a: Rishiki|95\/100|[from] Grassy Terrain\n|-heal|p1b: Luthien|78\/100|[from] Grassy Terrain\n|-damage|p2a: Scizor|2\/100|[from] Leech Seed|[of] p1b: Luthien\n|-heal|p1b: Luthien|90\/100|[silent]\n|upkeep\n|turn|8\n|c|\u2606Atlasshrugged_00|gg\n|c|\u2606woho|gg\n|-message|Atlasshrugged_00 forfeited.\n|\n|win|woho\n|raw|woho's rating: 1048 → 1082<\/strong> (+34 for winning)\n|raw|Atlasshrugged_00's rating: 1061 → 1041<\/strong> (-20 for losing)\n|l|\u2606Atlasshrugged_00\n","uploadtime":1682449050,"views":11,"p1id":"woho","p2id":"atlasshrugged00","formatid":"gen9vgc2023regulationc","rating":1041,"private":0,"password":""}