{"id":"gen9vgc2023regulationc-1850975549","p1":"labmonjo1210","p2":"tomciv20","format":"[Gen 9] VGC 2023 Regulation C","log":"|j|\u2606labmonjo1210\n|j|\u2606tomciv20\n|t:|1682389088\n|gametype|doubles\n|player|p1|labmonjo1210|102|\n|player|p2|tomciv20|169|\n|teamsize|p1|6\n|teamsize|p2|6\n|gen|9\n|tier|[Gen 9] VGC 2023 Regulation C\n|rule|Species Clause: Limit one of each Pok\u00e9mon\n|rule|Item Clause: Limit one of each item\n|clearpoke\n|poke|p1|Armarouge, L50, M|\n|poke|p1|Gastrodon, L50, M|\n|poke|p1|Roaring Moon, L50|\n|poke|p1|Iron Moth, L50|\n|poke|p1|Cetitan, L50, M|\n|poke|p1|Pelipper, L50, F|\n|poke|p2|Garganacl, L50, F|\n|poke|p2|Grimmsnarl, L50, M|\n|poke|p2|Hydreigon, L50, F|\n|poke|p2|Meowscarada, L50, F|\n|poke|p2|Iron Hands, L50|\n|poke|p2|Oranguru, L50, F|\n|teampreview|4\n|inactive|Battle timer is ON: inactive players will automatically lose when time's up. (requested by tomciv20)\n|\n|t:|1682389111\n|start\n|switch|p1a: Phillip DeFranco|Iron Moth, L50|100\/100\n|switch|p1b: Megatron|Armarouge, L50, M, shiny|100\/100\n|switch|p2a: Garganacl|Garganacl, L50, F|100\/100\n|switch|p2b: Grimmsnarl|Grimmsnarl, L50, M|100\/100\n|turn|1\n|inactive|labmonjo1210 has 30 seconds left.\n|inactive|tomciv20 has 30 seconds left.\n|inactive|tomciv20 has 20 seconds left.\n|\n|t:|1682389157\n|switch|p1b: Glorpis|Gastrodon, L50, M, shiny|100\/100\n|move|p2b: Grimmsnarl|Light Screen|p2b: Grimmsnarl\n|-sidestart|p2: tomciv20|move: Light Screen\n|move|p1a: Phillip DeFranco|Bug Buzz|p2b: Grimmsnarl\n|-damage|p2b: Grimmsnarl|84\/100\n|move|p2a: Garganacl|Salt Cure|p1a: Phillip DeFranco\n|-supereffective|p1a: Phillip DeFranco\n|-damage|p1a: Phillip DeFranco|53\/100\n|-start|p1a: Phillip DeFranco|Salt Cure\n|\n|-damage|p1a: Phillip DeFranco|40\/100|[from] Salt Cure\n|upkeep\n|turn|2\n|inactive|labmonjo1210 has 30 seconds left.\n|\n|t:|1682389189\n|-end|p1a: Phillip DeFranco|Quark Drive|[silent]\n|switch|p1a: Intigua|Roaring Moon, L50, shiny|100\/100\n|-enditem|p1a: Intigua|Booster Energy\n|-activate|p1a: Intigua|ability: Protosynthesis|[fromitem]\n|-start|p1a: Intigua|protosynthesisatk\n|-terastallize|p2a: Garganacl|Water\n|move|p2b: Grimmsnarl|Reflect|p2b: Grimmsnarl\n|-sidestart|p2: tomciv20|Reflect\n|move|p2a: Garganacl|Salt Cure|p1b: Glorpis\n|-resisted|p1b: Glorpis\n|-damage|p1b: Glorpis|95\/100\n|-start|p1b: Glorpis|Salt Cure\n|move|p1b: Glorpis|Earthquake|p2b: Grimmsnarl|[spread] p1a,p2a,p2b\n|-damage|p1a: Intigua|68\/100\n|-damage|p2a: Garganacl|90\/100\n|-damage|p2b: Grimmsnarl|65\/100\n|\n|-heal|p2a: Garganacl|96\/100|[from] item: Leftovers\n|-damage|p1b: Glorpis|70\/100|[from] Salt Cure\n|upkeep\n|turn|3\n|inactive|labmonjo1210 has 30 seconds left.\n|\n|t:|1682389221\n|-end|p1a: Intigua|Protosynthesis|[silent]\n|switch|p1a: Megatron|Armarouge, L50, M, shiny|100\/100\n|move|p2b: Grimmsnarl|Spirit Break|p1a: Megatron\n|-resisted|p1a: Megatron\n|-damage|p1a: Megatron|84\/100\n|-unboost|p1a: Megatron|spa|1\n|move|p2a: Garganacl|Salt Cure|p1a: Megatron\n|-supereffective|p1a: Megatron\n|-damage|p1a: Megatron|56\/100\n|-start|p1a: Megatron|Salt Cure\n|move|p1b: Glorpis|Ice Beam|p2b: Grimmsnarl\n|-damage|p2b: Grimmsnarl|54\/100\n|-status|p2b: Grimmsnarl|frz\n|\n|-heal|p2a: Garganacl|100\/100|[from] item: Leftovers\n|-damage|p1a: Megatron|43\/100|[from] Salt Cure\n|-damage|p1b: Glorpis|45\/100|[from] Salt Cure\n|upkeep\n|turn|4\n|inactive|labmonjo1210 has 30 seconds left.\n|inactive|tomciv20 has 30 seconds left.\n|inactive|labmonjo1210 has 20 seconds left.\n|inactive|tomciv20 has 20 seconds left.\n|\n|t:|1682389259\n|switch|p1b: Phillip DeFranco|Iron Moth, L50|40\/100\n|move|p1a: Megatron|Calm Mind|p1a: Megatron\n|-boost|p1a: Megatron|spa|1\n|-boost|p1a: Megatron|spd|1\n|cant|p2b: Grimmsnarl|frz\n|move|p2a: Garganacl|Salt Cure|p1a: Megatron\n|-supereffective|p1a: Megatron\n|-damage|p1a: Megatron|15\/100\n|\n|-damage|p1a: Megatron|2\/100|[from] Salt Cure\n|upkeep\n|turn|5\n|\n|t:|1682389279\n|cant|p2b: Grimmsnarl|frz\n|move|p1b: Phillip DeFranco|Air Slash|p2a: Garganacl\n|-damage|p2a: Garganacl|85\/100\n|move|p1a: Megatron|Psychic|p2a: Garganacl\n|-damage|p2a: Garganacl|57\/100\n|move|p2a: Garganacl|Salt Cure|p1b: Phillip DeFranco\n|-supereffective|p1b: Phillip DeFranco\n|-damage|p1b: Phillip DeFranco|0 fnt\n|faint|p1b: Phillip DeFranco\n|-end|p1b: Phillip DeFranco|Quark Drive|[silent]\n|\n|-heal|p2a: Garganacl|63\/100|[from] item: Leftovers\n|-damage|p1a: Megatron|0 fnt|[from] Salt Cure\n|faint|p1a: Megatron\n|upkeep\n|\n|t:|1682389288\n|switch|p1b: Glorpis|Gastrodon, L50, M, shiny|45\/100\n|switch|p1a: Intigua|Roaring Moon, L50, shiny|68\/100\n|turn|6\n|\n|t:|1682389300\n|move|p1a: Intigua|Acrobatics|p2a: Garganacl\n|-damage|p2a: Garganacl|43\/100\n|cant|p2b: Grimmsnarl|frz\n|move|p2a: Garganacl|Recover|p2a: Garganacl\n|-heal|p2a: Garganacl|93\/100\n|move|p1b: Glorpis|Ice Beam|p2a: Garganacl\n|-resisted|p2a: Garganacl\n|-damage|p2a: Garganacl|87\/100\n|\n|-heal|p2a: Garganacl|93\/100|[from] item: Leftovers\n|upkeep\n|turn|7\n|j| SuperToad916\n|\n|t:|1682389325\n|-terastallize|p1b: Glorpis|Ground\n|move|p1a: Intigua|Acrobatics|p2b: Grimmsnarl\n|-damage|p2b: Grimmsnarl|15\/100 frz\n|cant|p2b: Grimmsnarl|frz\n|move|p2a: Garganacl|Salt Cure|p1b: Glorpis\n|-resisted|p1b: Glorpis\n|-damage|p1b: Glorpis|39\/100\n|-start|p1b: Glorpis|Salt Cure\n|move|p1b: Glorpis|Recover|p1b: Glorpis\n|-heal|p1b: Glorpis|89\/100\n|\n|-heal|p2a: Garganacl|99\/100|[from] item: Leftovers\n|-damage|p1b: Glorpis|76\/100|[from] Salt Cure\n|upkeep\n|turn|8\n|c| SuperToad916|I am so glad I one tapped the Garganacl when I fought Thomas\n|\n|t:|1682389341\n|move|p1a: Intigua|Throat Chop|p2b: Grimmsnarl\n|-resisted|p2b: Grimmsnarl\n|-damage|p2b: Grimmsnarl|4\/100 frz\n|-start|p2b: Grimmsnarl|Throat Chop|[silent]\n|cant|p2b: Grimmsnarl|frz\n|move|p2a: Garganacl|Body Press|p1a: Intigua\n|-supereffective|p1a: Intigua\n|-crit|p1a: Intigua\n|-damage|p1a: Intigua|0 fnt\n|faint|p1a: Intigua\n|-end|p1a: Intigua|Protosynthesis|[silent]\n|move|p1b: Glorpis|Ice Beam|p2a: Garganacl\n|-resisted|p2a: Garganacl\n|-damage|p2a: Garganacl|94\/100\n|\n|-heal|p2a: Garganacl|99\/100|[from] item: Leftovers\n|-damage|p1b: Glorpis|64\/100|[from] Salt Cure\n|-sideend|p2: tomciv20|move: Light Screen\n|upkeep\n|turn|9\n|inactive|tomciv20 has 30 seconds left.\n|\n|t:|1682389367\n|cant|p2b: Grimmsnarl|frz\n|move|p2a: Garganacl|Body Press|p1b: Glorpis\n|-damage|p1b: Glorpis|39\/100\n|move|p1b: Glorpis|Earthquake|p2b: Grimmsnarl|[spread] p2a,p2b\n|-damage|p2a: Garganacl|86\/100\n|-damage|p2b: Grimmsnarl|0 fnt\n|faint|p2b: Grimmsnarl\n|\n|-heal|p2a: Garganacl|92\/100|[from] item: Leftovers\n|-damage|p1b: Glorpis|26\/100|[from] Salt Cure\n|-sideend|p2: tomciv20|Reflect\n|upkeep\n|\n|t:|1682389374\n|switch|p2b: Iron Hands|Iron Hands, L50|100\/100\n|-enditem|p2b: Iron Hands|Booster Energy\n|-activate|p2b: Iron Hands|ability: Quark Drive|[fromitem]\n|-start|p2b: Iron Hands|quarkdriveatk\n|turn|10\n|\n|t:|1682389379\n|move|p2b: Iron Hands|Fake Out|p1b: Glorpis\n|-damage|p1b: Glorpis|11\/100\n|-enditem|p1b: Glorpis|Figy Berry|[eat]\n|-heal|p1b: Glorpis|44\/100|[from] item: Figy Berry\n|move|p2a: Garganacl|Body Press|p1b: Glorpis\n|-damage|p1b: Glorpis|18\/100\n|cant|p1b: Glorpis|flinch\n|\n|-heal|p2a: Garganacl|98\/100|[from] item: Leftovers\n|-damage|p1b: Glorpis|6\/100|[from] Salt Cure\n|upkeep\n|turn|11\n|\n|t:|1682389393\n|move|p2b: Iron Hands|Drain Punch|p1b: Glorpis\n|-crit|p1b: Glorpis\n|-damage|p1b: Glorpis|0 fnt\n|faint|p1b: Glorpis\n|\n|win|tomciv20\n|l|\u2606labmonjo1210\n|l| SuperToad916\n","uploadtime":1682389435,"views":18,"p1id":"labmonjo1210","p2id":"tomciv20","formatid":"gen9vgc2023regulationc","rating":0,"private":0,"password":""}