{"id":"gen9vgc2023regulationc-1854492739","p1":"Yuhunglo","p2":"Cogenic","format":"[Gen 9] VGC 2023 Regulation C","log":"|j|\u2606Yuhunglo\n|j|\u2606Cogenic\n|t:|1682818013\n|gametype|doubles\n|player|p1|Yuhunglo|hilbert|1266\n|player|p2|Cogenic|may-masters|1370\n|teamsize|p1|6\n|teamsize|p2|6\n|gen|9\n|tier|[Gen 9] VGC 2023 Regulation C\n|rated|\n|rule|Species Clause: Limit one of each Pok\u00e9mon\n|rule|Item Clause: Limit one of each item\n|clearpoke\n|poke|p1|Torkoal, L50, M|\n|poke|p1|Lilligant, L50, F|\n|poke|p1|Indeedee-F, L50, F|\n|poke|p1|Hatterene, L50, F|\n|poke|p1|Flutter Mane, L50|\n|poke|p1|Iron Hands, L50|\n|poke|p2|Dondozo, L50, M|\n|poke|p2|Tatsugiri, L50, F|\n|poke|p2|Corviknight, L50, M|\n|poke|p2|Garganacl, L50, M|\n|poke|p2|Flutter Mane, L50|\n|poke|p2|Iron Bundle, L50|\n|teampreview|4\n|inactive|Battle timer is ON: inactive players will automatically lose when time's up. (requested by Yuhunglo)\nCogenic has agreed to open team sheets.\n|inactive|Yuhunglo has 60 seconds left.\n|inactive|Cogenic has 60 seconds left.\n|\n|t:|1682818061\n|start\n|switch|p1a: Lilligant|Lilligant, L50, F|100\/100\n|switch|p1b: Torkoal|Torkoal, L50, M|100\/100\n|switch|p2a: Dondozo|Dondozo, L50, M|100\/100\n|switch|p2b: Garganacl|Garganacl, L50, M|100\/100\n|-weather|SunnyDay|[from] ability: Drought|[of] p1b: Torkoal\n|turn|1\n|inactive|Cogenic has 30 seconds left.\n|\n|t:|1682818089\n|move|p2a: Dondozo|Protect|p2a: Dondozo\n|-singleturn|p2a: Dondozo|Protect\n|move|p1a: Lilligant|After You|p1b: Torkoal\n|-activate|p1b: Torkoal|move: After You\n|move|p1b: Torkoal|Solar Beam||[still]\n|-prepare|p1b: Torkoal|Solar Beam\n|-anim|p1b: Torkoal|Solar Beam|p2a: Dondozo\n|-activate|p2a: Dondozo|move: Protect\n|move|p2b: Garganacl|Salt Cure|p1a: Lilligant\n|-damage|p1a: Lilligant|77\/100\n|-start|p1a: Lilligant|Salt Cure\n|\n|-weather|SunnyDay|[upkeep]\n|-damage|p1a: Lilligant|65\/100|[from] Salt Cure\n|upkeep\n|turn|2\n|inactive|Cogenic has 30 seconds left.\n|inactive|Cogenic has 20 seconds left.\n|\n|t:|1682818126\n|switch|p2b: Tatsugiri|Tatsugiri, L50, F|100\/100\n|-activate|p2b: Tatsugiri|ability: Commander|[of] p2a: Dondozo\n|-boost|p2a: Dondozo|atk|2\n|-boost|p2a: Dondozo|spa|2\n|-boost|p2a: Dondozo|spe|2\n|-boost|p2a: Dondozo|def|2\n|-boost|p2a: Dondozo|spd|2\n|-terastallize|p2a: Dondozo|Grass\n|-terastallize|p1b: Torkoal|Fire\n|move|p1a: Lilligant|After You|p1b: Torkoal\n|-activate|p1b: Torkoal|move: After You\n|move|p1b: Torkoal|Eruption|p2b: Tatsugiri|[spread] p2a\n|-miss|p1b: Torkoal|p2b: Tatsugiri\n|-supereffective|p2a: Dondozo\n|-damage|p2a: Dondozo|0 fnt\n|faint|p2a: Dondozo\n|\n|-weather|SunnyDay|[upkeep]\n|-damage|p1a: Lilligant|53\/100|[from] Salt Cure\n|upkeep\n|\n|t:|1682818145\n|switch|p2a: Garganacl|Garganacl, L50, M|100\/100\n|turn|3\n|\n|t:|1682818165\n|move|p1a: Lilligant|After You|p1b: Torkoal\n|-activate|p1b: Torkoal|move: After You\n|move|p1b: Torkoal|Eruption|p2a: Garganacl|[spread] p2a,p2b\n|-resisted|p2a: Garganacl\n|-resisted|p2b: Tatsugiri\n|-damage|p2a: Garganacl|56\/100\n|-damage|p2b: Tatsugiri|63\/100\n|move|p2b: Tatsugiri|Draco Meteor|p1a: Lilligant\n|-damage|p1a: Lilligant|0 fnt\n|-unboost|p2b: Tatsugiri|spa|2\n|faint|p1a: Lilligant\n|move|p2a: Garganacl|Salt Cure|p1b: Torkoal\n|-supereffective|p1b: Torkoal\n|-damage|p1b: Torkoal|79\/100\n|-start|p1b: Torkoal|Salt Cure\n|\n|-weather|SunnyDay|[upkeep]\n|-damage|p1b: Torkoal|67\/100|[from] Salt Cure\n|upkeep\n|\n|t:|1682818173\n|switch|p1a: Flutter Mane|Flutter Mane, L50|100\/100\n|-activate|p1a: Flutter Mane|ability: Protosynthesis\n|-start|p1a: Flutter Mane|protosynthesisspe\n|turn|4\n|inactive|Cogenic has 30 seconds left.\n|inactive|Cogenic has 20 seconds left.\n|inactive|Cogenic has 15 seconds left.\n|inactive|Cogenic has 10 seconds left.\n|\n|t:|1682818221\n|switch|p1b: Iron Hands|Iron Hands, L50|100\/100\n|-enditem|p1b: Iron Hands|Booster Energy\n|-activate|p1b: Iron Hands|ability: Quark Drive|[fromitem]\n|-start|p1b: Iron Hands|quarkdriveatk\n|move|p2a: Garganacl|Protect|p2a: Garganacl\n|-singleturn|p2a: Garganacl|Protect\n|move|p1a: Flutter Mane|Dazzling Gleam|p2b: Tatsugiri|[spread] p2b\n|-activate|p2a: Garganacl|move: Protect\n|-supereffective|p2b: Tatsugiri\n|-damage|p2b: Tatsugiri|0 fnt\n|faint|p2b: Tatsugiri\n|\n|-weather|SunnyDay|[upkeep]\n|upkeep\n|\n|t:|1682818229\n|switch|p2b: change man|Flutter Mane, L50|100\/100\n|-activate|p2b: change man|ability: Protosynthesis\n|-start|p2b: change man|protosynthesisspe\n|turn|5\n|inactive|Cogenic has 30 seconds left.\n|\n|t:|1682818257\n|move|p2b: change man|Moonblast|p1b: Iron Hands\n|-supereffective|p1b: Iron Hands\n|-damage|p1b: Iron Hands|0 fnt\n|faint|p1b: Iron Hands\n|-end|p1b: Iron Hands|Quark Drive|[silent]\n|-damage|p2b: change man|90\/100|[from] item: Life Orb\n|move|p1a: Flutter Mane|Dazzling Gleam|p2a: Garganacl|[spread] p2a,p2b\n|-damage|p2a: Garganacl|18\/100\n|-damage|p2b: change man|37\/100\n|-enditem|p2a: Garganacl|Sitrus Berry|[eat]\n|-heal|p2a: Garganacl|43\/100|[from] item: Sitrus Berry\n|move|p2a: Garganacl|Salt Cure|p1a: Flutter Mane\n|-damage|p1a: Flutter Mane|71\/100\n|-start|p1a: Flutter Mane|Salt Cure\n|\n|-weather|none\n|-end|p1a: Flutter Mane|Protosynthesis\n|-end|p2b: change man|Protosynthesis\n|-damage|p1a: Flutter Mane|59\/100|[from] Salt Cure\n|upkeep\n|\n|t:|1682818266\n|switch|p1b: Torkoal|Torkoal, L50, M, tera:Fire|67\/100\n|-weather|SunnyDay|[from] ability: Drought|[of] p1b: Torkoal\n|-activate|p2b: change man|ability: Protosynthesis\n|-start|p2b: change man|protosynthesisspe\n|-activate|p1a: Flutter Mane|ability: Protosynthesis\n|-start|p1a: Flutter Mane|protosynthesisspe\n|turn|6\n|\n|t:|1682818284\n|move|p2b: change man|Protect|p2b: change man\n|-singleturn|p2b: change man|Protect\n|move|p2a: Garganacl|Protect|p2a: Garganacl\n|-singleturn|p2a: Garganacl|Protect\n|move|p1a: Flutter Mane|Dazzling Gleam|p2b: change man|[spread] \n|-activate|p2a: Garganacl|move: Protect\n|-activate|p2b: change man|move: Protect\n|move|p1b: Torkoal|Heat Wave|p2a: Garganacl|[spread] \n|-activate|p2a: Garganacl|move: Protect\n|-activate|p2b: change man|move: Protect\n|\n|-weather|SunnyDay|[upkeep]\n|-damage|p1a: Flutter Mane|46\/100|[from] Salt Cure\n|upkeep\n|turn|7\n|\n|t:|1682818302\n|move|p2b: change man|Shadow Ball|p1b: Torkoal\n|-damage|p1b: Torkoal|0 fnt\n|faint|p1b: Torkoal\n|-damage|p2b: change man|27\/100|[from] item: Life Orb\n|move|p1a: Flutter Mane|Dazzling Gleam|p2a: Garganacl|[spread] p2a,p2b\n|-crit|p2a: Garganacl\n|-damage|p2a: Garganacl|0 fnt\n|-damage|p2b: change man|0 fnt\n|faint|p2a: Garganacl\n|faint|p2b: change man\n|-end|p2b: change man|Protosynthesis|[silent]\n|\n|win|Yuhunglo\n|raw|Yuhunglo's rating: 1266 → 1298<\/strong> (+32 for winning)\n|raw|Cogenic's rating: 1370 → 1344<\/strong> (-26 for losing)\n|l|\u2606Yuhunglo\n|c|\u2606Cogenic|man\n","uploadtime":1682818313,"views":15,"p1id":"yuhunglo","p2id":"cogenic","formatid":"gen9vgc2023regulationc","rating":1298,"private":0,"password":""}