{"id":"gen9vgc2023regulationc-1859091269","p1":"TGH_sr","p2":"AmberCyprian","format":"[Gen 9] VGC 2023 Regulation C","log":"|j|\u2606TGH_sr\n|j|\u2606AmberCyprian\n|t:|1683403349\n|gametype|doubles\n|player|p1|TGH_sr|steven|\n|player|p2|AmberCyprian|volo|\n|teamsize|p1|6\n|teamsize|p2|6\n|gen|9\n|tier|[Gen 9] VGC 2023 Regulation C\n|rule|Species Clause: Limit one of each Pok\u00e9mon\n|rule|Item Clause: Limit one of each item\n|clearpoke\n|poke|p1|Talonflame, L50, F|\n|poke|p1|Garchomp, L50, M|\n|poke|p1|Kingambit, L50, M|\n|poke|p1|Iron Bundle, L50|\n|poke|p1|Flutter Mane, L50|\n|poke|p1|Amoonguss, L50, M|\n|poke|p2|Chi-Yu, L50|\n|poke|p2|Flutter Mane, L50|\n|poke|p2|Glimmora, L50, F|\n|poke|p2|Dragonite, L50, F|\n|poke|p2|Dondozo, L50, M|\n|poke|p2|Tatsugiri-Stretchy, L50, M|\n|teampreview|4\nTGH_sr has agreed to open team sheets.\nAmberCyprian has agreed to open team sheets.\n|\n|t:|1683403380\n|start\n|switch|p1a: Kingambit|Kingambit, L50, M|100\/100\n|switch|p1b: Amoonguss|Amoonguss, L50, M|100\/100\n|switch|p2a: Glimmora|Glimmora, L50, F|100\/100\n|switch|p2b: Dondozo|Dondozo, L50, M|100\/100\n|turn|1\n|\n|t:|1683403415\n|move|p2a: Glimmora|Spiky Shield|p2a: Glimmora\n|-singleturn|p2a: Glimmora|move: Protect\n|move|p1b: Amoonguss|Rage Powder|p1b: Amoonguss\n|-singleturn|p1b: Amoonguss|move: Rage Powder\n|move|p1a: Kingambit|Swords Dance|p1a: Kingambit\n|-boost|p1a: Kingambit|atk|2\n|move|p2b: Dondozo|Yawn|p1b: Amoonguss\n|-start|p1b: Amoonguss|move: Yawn|[of] p2b: Dondozo\n|\n|upkeep\n|turn|2\n|\n|t:|1683403461\n|move|p2b: Dondozo|Protect|p2b: Dondozo\n|-singleturn|p2b: Dondozo|Protect\n|move|p2a: Glimmora|Earth Power|p1a: Kingambit\n|-supereffective|p1a: Kingambit\n|-damage|p1a: Kingambit|46\/100\n|move|p1a: Kingambit|Kowtow Cleave|p2a: Glimmora\n|-enditem|p2a: Glimmora|Focus Sash\n|-damage|p2a: Glimmora|1\/100\n|-activate|p2a: Glimmora|ability: Toxic Debris\n|-sidestart|p1: TGH_sr|move: Toxic Spikes\n|move|p1b: Amoonguss|Pollen Puff|p2a: Glimmora\n|-resisted|p2a: Glimmora\n|-damage|p2a: Glimmora|0 fnt\n|faint|p2a: Glimmora\n|\n|-end|p1b: Amoonguss|move: Yawn|[silent]\n|-status|p1b: Amoonguss|slp\n|upkeep\n|\n|t:|1683403481\n|switch|p2a: Chi-Yu|Chi-Yu, L50|100\/100\n|-ability|p2a: Chi-Yu|Beads of Ruin\n|turn|3\n|\n|t:|1683403530\n|switch|p1b: Iron Bundle|Iron Bundle, L50|100\/100\n|-enditem|p1b: Iron Bundle|Booster Energy\n|-activate|p1b: Iron Bundle|ability: Quark Drive|[fromitem]\n|-start|p1b: Iron Bundle|quarkdrivespe\n|-status|p1b: Iron Bundle|psn\n|move|p1a: Kingambit|Protect|p1a: Kingambit\n|-singleturn|p1a: Kingambit|Protect\n|move|p2a: Chi-Yu|Flamethrower|p1a: Kingambit\n|-activate|p1a: Kingambit|move: Protect\n|move|p2b: Dondozo|Wave Crash|p1a: Kingambit\n|-activate|p1a: Kingambit|move: Protect\n|\n|-damage|p1b: Iron Bundle|89\/100 psn|[from] psn\n|upkeep\n|turn|4\n|\n|t:|1683403577\n|-terastallize|p2a: Chi-Yu|Grass\n|move|p2b: Dondozo|Protect|p2b: Dondozo\n|-singleturn|p2b: Dondozo|Protect\n|move|p1a: Kingambit|Sucker Punch|p2a: Chi-Yu\n|-damage|p2a: Chi-Yu|0 fnt\n|faint|p2a: Chi-Yu\n|move|p1b: Iron Bundle|Hydro Pump|p2b: Dondozo\n|-activate|p2b: Dondozo|move: Protect\n|\n|-damage|p1b: Iron Bundle|77\/100 psn|[from] psn\n|upkeep\n|\n|t:|1683403593\n|switch|p2a: Flutter Mane|Flutter Mane, L50|100\/100\n|-enditem|p2a: Flutter Mane|Booster Energy\n|-activate|p2a: Flutter Mane|ability: Protosynthesis|[fromitem]\n|-start|p2a: Flutter Mane|protosynthesisspe\n|turn|5\n|\n|t:|1683403621\n|move|p2a: Flutter Mane|Protect|p2a: Flutter Mane\n|-singleturn|p2a: Flutter Mane|Protect\n|move|p1b: Iron Bundle|Freeze-Dry|p2b: Dondozo\n|-supereffective|p2b: Dondozo\n|-damage|p2b: Dondozo|55\/100\n|move|p1a: Kingambit|Kowtow Cleave|p2a: Flutter Mane\n|-activate|p2a: Flutter Mane|move: Protect\n|move|p2b: Dondozo|Bulldoze|p1b: Iron Bundle|[spread] p1a,p1b\n|-activate|p2a: Flutter Mane|move: Protect\n|-supereffective|p1a: Kingambit\n|-damage|p1a: Kingambit|31\/100\n|-damage|p1b: Iron Bundle|65\/100 psn\n|-unboost|p1a: Kingambit|spe|1\n|-ability|p1a: Kingambit|Defiant|boost\n|-boost|p1a: Kingambit|atk|2\n|-unboost|p1b: Iron Bundle|spe|1\n|\n|-damage|p1b: Iron Bundle|53\/100 psn|[from] psn\n|upkeep\n|turn|6\n|\n|t:|1683403674\n|move|p1a: Kingambit|Sucker Punch|p2a: Flutter Mane\n|-damage|p2a: Flutter Mane|0 fnt\n|faint|p2a: Flutter Mane\n|-end|p2a: Flutter Mane|Protosynthesis|[silent]\n|move|p1b: Iron Bundle|Freeze-Dry|p2b: Dondozo\n|-supereffective|p2b: Dondozo\n|-damage|p2b: Dondozo|10\/100\n|-enditem|p2b: Dondozo|Sitrus Berry|[eat]\n|-heal|p2b: Dondozo|35\/100|[from] item: Sitrus Berry\n|move|p2b: Dondozo|Wave Crash|p1a: Kingambit\n|-damage|p1a: Kingambit|0 fnt\n|faint|p1a: Kingambit\n|-damage|p2b: Dondozo|27\/100|[from] Recoil\n|\n|-damage|p1b: Iron Bundle|41\/100 psn|[from] psn\n|upkeep\n|\n|t:|1683403688\n|switch|p1a: Flutter Mane|Flutter Mane, L50|100\/100\n|-status|p1a: Flutter Mane|psn\n|turn|7\n|\n|t:|1683403719\n|move|p1a: Flutter Mane|Moonblast|p2b: Dondozo\n|-damage|p2b: Dondozo|0 fnt\n|faint|p2b: Dondozo\n|\n|win|TGH_sr\n","uploadtime":1683403793,"views":10,"p1id":"tghsr","p2id":"ambercyprian","formatid":"gen9vgc2023regulationc","rating":0,"private":0,"password":""}