{"id":"gen9vgc2023regulationc-1863499940","p1":"Phone a friend","p2":"Yuni Sensei","format":"[Gen 9] VGC 2023 Regulation C","log":"|j|\u2606Phone a friend\n|j|\u2606Yuni Sensei\n|t:|1684025827\n|gametype|doubles\n|player|p1|Phone a friend|170|1344\n|player|p2|Yuni Sensei|ninjaboy|1343\n|teamsize|p1|6\n|teamsize|p2|6\n|gen|9\n|tier|[Gen 9] VGC 2023 Regulation C\n|rated|\n|rule|Species Clause: Limit one of each Pok\u00e9mon\n|rule|Item Clause: Limit one of each item\n|clearpoke\n|poke|p1|Abomasnow, L50, M|\n|poke|p1|Chi-Yu, L50|\n|poke|p1|Iron Bundle, L50|\n|poke|p1|Amoonguss, L50, M|\n|poke|p1|Annihilape, L50, M|\n|poke|p1|Gastrodon, L50, M|\n|poke|p2|Grimmsnarl, L50, M|\n|poke|p2|Dragapult, L50, F|\n|poke|p2|Chi-Yu, L50|\n|poke|p2|Palafin, L50, F|\n|poke|p2|Amoonguss, L50, M|\n|poke|p2|Iron Hands, L50|\n|teampreview|4\n|inactive|Battle timer is ON: inactive players will automatically lose when time's up. (requested by Yuni Sensei)\n|\n|t:|1684025860\n|start\n|switch|p1a: Abomasnow|Abomasnow, L50, M|100\/100\n|switch|p1b: Iron Bundle|Iron Bundle, L50|100\/100\n|switch|p2a: Grimmsnarl|Grimmsnarl, L50, M|100\/100\n|switch|p2b: Chi-Yu|Chi-Yu, L50|100\/100\n|-ability|p2b: Chi-Yu|Beads of Ruin\n|-weather|Snow|[from] ability: Snow Warning|[of] p1a: Abomasnow\n|-enditem|p1b: Iron Bundle|Booster Energy\n|-activate|p1b: Iron Bundle|ability: Quark Drive|[fromitem]\n|-start|p1b: Iron Bundle|quarkdrivespe\n|turn|1\n|j| LasermanZ111\n|inactive|Phone a friend has 30 seconds left.\n|inactive|Phone a friend has 20 seconds left.\n|\n|t:|1684025898\n|-terastallize|p1a: Abomasnow|Water\n|-terastallize|p2a: Grimmsnarl|Steel\n|move|p1b: Iron Bundle|Protect|p1b: Iron Bundle\n|-singleturn|p1b: Iron Bundle|Protect\n|move|p2a: Grimmsnarl|Light Screen|p2a: Grimmsnarl\n|-sidestart|p2: Yuni Sensei|move: Light Screen\n|move|p2b: Chi-Yu|Heat Wave|p1b: Iron Bundle|[spread] p1a\n|-activate|p1b: Iron Bundle|move: Protect\n|-resisted|p1a: Abomasnow\n|-damage|p1a: Abomasnow|83\/100\n|move|p1a: Abomasnow|Earth Power|p2b: Chi-Yu\n|-supereffective|p2b: Chi-Yu\n|-damage|p2b: Chi-Yu|64\/100\n|\n|-weather|Snow|[upkeep]\n|upkeep\n|turn|2\n|\n|t:|1684025918\n|switch|p2b: Iron Hands|Iron Hands, L50|100\/100\n|move|p1b: Iron Bundle|Hydro Pump|p2b: Iron Hands\n|-damage|p2b: Iron Hands|82\/100\n|move|p1a: Abomasnow|Earth Power|p2b: Iron Hands\n|-supereffective|p2b: Iron Hands\n|-damage|p2b: Iron Hands|63\/100\n|move|p2a: Grimmsnarl|Spirit Break|p1b: Iron Bundle\n|-damage|p1b: Iron Bundle|75\/100\n|-unboost|p1b: Iron Bundle|spa|1\n|\n|-weather|Snow|[upkeep]\n|upkeep\n|turn|3\n|inactive|Phone a friend has 30 seconds left.\n|\n|t:|1684025951\n|move|p2b: Iron Hands|Fake Out|p1a: Abomasnow\n|-damage|p1a: Abomasnow|65\/100\n|move|p1b: Iron Bundle|Aurora Veil|p1b: Iron Bundle\n|-sidestart|p1: Phone a friend|move: Aurora Veil\n|cant|p1a: Abomasnow|flinch\n|move|p2a: Grimmsnarl|Spirit Break|p1a: Abomasnow\n|-damage|p1a: Abomasnow|38\/100\n|-unboost|p1a: Abomasnow|spa|1\n|\n|-weather|Snow|[upkeep]\n|upkeep\n|turn|4\n|\n|t:|1684025970\n|switch|p1a: Gastrodon|Gastrodon, L50, M|100\/100\n|move|p1b: Iron Bundle|Hydro Pump|p1a: Gastrodon\n|-activate|p1a: Gastrodon|ability: Storm Drain\n|-ability|p1a: Gastrodon|Storm Drain|boost\n|-boost|p1a: Gastrodon|spa|1\n|move|p2a: Grimmsnarl|Spirit Break|p1b: Iron Bundle\n|-damage|p1b: Iron Bundle|57\/100\n|-unboost|p1b: Iron Bundle|spa|1\n|move|p2b: Iron Hands|Drain Punch|p1a: Gastrodon\n|-damage|p1a: Gastrodon|74\/100\n|-heal|p2b: Iron Hands|75\/100|[from] drain|[of] p1a: Gastrodon\n|\n|-weather|Snow|[upkeep]\n|upkeep\n|turn|5\n|\n|t:|1684025992\n|-end|p1b: Iron Bundle|Quark Drive|[silent]\n|switch|p1b: Amoonguss|Amoonguss, L50, M|100\/100\n|move|p2a: Grimmsnarl|Spirit Break|p1a: Gastrodon\n|-damage|p1a: Gastrodon|57\/100\n|-unboost|p1a: Gastrodon|spa|1\n|move|p2b: Iron Hands|Drain Punch|p1b: Amoonguss\n|-resisted|p1b: Amoonguss\n|-damage|p1b: Amoonguss|89\/100\n|-heal|p2b: Iron Hands|80\/100|[from] drain|[of] p1b: Amoonguss\n|move|p1a: Gastrodon|Earth Power|p2a: Grimmsnarl\n|-supereffective|p2a: Grimmsnarl\n|-damage|p2a: Grimmsnarl|61\/100\n|\n|-weather|none\n|upkeep\n|turn|6\n|\n|t:|1684026016\n|-end|p2b: Iron Hands|Quark Drive|[silent]\n|switch|p2b: Dragapult|Dragapult, L50, F|100\/100\n|move|p2a: Grimmsnarl|Fake Tears|p1b: Amoonguss\n|-unboost|p1b: Amoonguss|spd|2\n|move|p1a: Gastrodon|Muddy Water|p2b: Dragapult|[spread] p2a,p2b\n|-resisted|p2b: Dragapult\n|-damage|p2a: Grimmsnarl|47\/100\n|-damage|p2b: Dragapult|90\/100\n|-unboost|p2b: Dragapult|accuracy|1\n|move|p1b: Amoonguss|Spore|p2a: Grimmsnarl\n|-status|p2a: Grimmsnarl|slp|[from] move: Spore\n|\n|upkeep\n|turn|7\n|\n|t:|1684026034\n|switch|p1b: Abomasnow|Abomasnow, L50, M, tera:Water|38\/100\n|-weather|Snow|[from] ability: Snow Warning|[of] p1b: Abomasnow\n|cant|p2a: Grimmsnarl|slp\n|move|p2b: Dragapult|Shadow Ball|p1b: Abomasnow\n|-damage|p1b: Abomasnow|7\/100\n|-unboost|p1b: Abomasnow|spd|1\n|-damage|p2b: Dragapult|80\/100|[from] item: Life Orb\n|move|p1a: Gastrodon|Recover|p1a: Gastrodon\n|-heal|p1a: Gastrodon|100\/100\n|\n|-weather|Snow|[upkeep]\n|-sideend|p1: Phone a friend|move: Aurora Veil\n|upkeep\n|turn|8\n|inactive|Phone a friend has 30 seconds left.\n|\n|t:|1684026060\n|switch|p2a: Chi-Yu|Chi-Yu, L50|64\/100\n|-ability|p2a: Chi-Yu|Beads of Ruin\n|move|p2b: Dragapult|Draco Meteor|p1a: Gastrodon|[miss]\n|-miss|p2b: Dragapult|p1a: Gastrodon\n|move|p1b: Abomasnow|Earth Power|p2a: Chi-Yu\n|-supereffective|p2a: Chi-Yu\n|-damage|p2a: Chi-Yu|26\/100\n|move|p1a: Gastrodon|Muddy Water|p2a: Chi-Yu|[spread] p2a,p2b\n|-supereffective|p2a: Chi-Yu\n|-resisted|p2b: Dragapult\n|-crit|p2b: Dragapult\n|-damage|p2a: Chi-Yu|0 fnt\n|-damage|p2b: Dragapult|44\/100\n|faint|p2a: Chi-Yu\n|\n|-weather|Snow|[upkeep]\n|-sideend|p2: Yuni Sensei|move: Light Screen\n|upkeep\n|\n|t:|1684026075\n|switch|p2a: Iron Hands|Iron Hands, L50|80\/100\n|turn|9\n|\n|t:|1684026087\n|switch|p1b: Amoonguss|Amoonguss, L50, M|100\/100\n|move|p1a: Gastrodon|Protect|p1a: Gastrodon\n|-singleturn|p1a: Gastrodon|Protect\n|move|p2b: Dragapult|Shadow Ball|p1b: Amoonguss\n|-damage|p1b: Amoonguss|58\/100\n|-damage|p2b: Dragapult|35\/100|[from] item: Life Orb\n|move|p2a: Iron Hands|Drain Punch|p1a: Gastrodon\n|-activate|p1a: Gastrodon|move: Protect\n|\n|-weather|Snow|[upkeep]\n|upkeep\n|turn|10\n|\n|t:|1684026102\n|move|p2b: Dragapult|Draco Meteor|p1b: Amoonguss\n|-damage|p1b: Amoonguss|0 fnt\n|-unboost|p2b: Dragapult|spa|2\n|faint|p1b: Amoonguss\n|-damage|p2b: Dragapult|25\/100|[from] item: Life Orb\n|move|p2a: Iron Hands|Drain Punch|p1a: Gastrodon\n|-damage|p1a: Gastrodon|61\/100\n|-heal|p2a: Iron Hands|97\/100|[from] drain|[of] p1a: Gastrodon\n|move|p1a: Gastrodon|Earth Power|p2a: Iron Hands\n|-supereffective|p2a: Iron Hands\n|-damage|p2a: Iron Hands|62\/100\n|\n|-weather|Snow|[upkeep]\n|upkeep\n|\n|t:|1684026108\n|switch|p1b: Iron Bundle|Iron Bundle, L50|57\/100\n|turn|11\n|\n|t:|1684026130\n|switch|p2b: Grimmsnarl|Grimmsnarl, L50, M, tera:Steel|47\/100 slp\n|move|p1b: Iron Bundle|Aurora Veil|p1b: Iron Bundle\n|-sidestart|p1: Phone a friend|move: Aurora Veil\n|move|p2a: Iron Hands|Drain Punch|p1b: Iron Bundle\n|-supereffective|p1b: Iron Bundle\n|-damage|p1b: Iron Bundle|10\/100\n|-heal|p2a: Iron Hands|75\/100|[from] drain|[of] p1b: Iron Bundle\n|move|p1a: Gastrodon|Earth Power|p2a: Iron Hands\n|-supereffective|p2a: Iron Hands\n|-damage|p2a: Iron Hands|38\/100\n|\n|-weather|none\n|upkeep\n|turn|12\n|\n|t:|1684026147\n|switch|p1a: Abomasnow|Abomasnow, L50, M, tera:Water|7\/100\n|-weather|Snow|[from] ability: Snow Warning|[of] p1a: Abomasnow\n|cant|p2b: Grimmsnarl|slp\n|move|p1b: Iron Bundle|Blizzard|p2a: Iron Hands|[spread] p2a,p2b\n|-resisted|p2b: Grimmsnarl\n|-damage|p2a: Iron Hands|15\/100\n|-damage|p2b: Grimmsnarl|31\/100 slp\n|move|p2a: Iron Hands|Drain Punch|p1a: Abomasnow\n|-damage|p1a: Abomasnow|0 fnt\n|-heal|p2a: Iron Hands|18\/100|[from] drain|[of] p1a: Abomasnow\n|faint|p1a: Abomasnow\n|\n|-weather|Snow|[upkeep]\n|upkeep\n|\n|t:|1684026153\n|switch|p1a: Gastrodon|Gastrodon, L50, M|61\/100\n|turn|13\n|\n|t:|1684026165\n|-curestatus|p2b: Grimmsnarl|slp|[msg]\n|move|p2b: Grimmsnarl|Light Screen|p2b: Grimmsnarl\n|-sidestart|p2: Yuni Sensei|move: Light Screen\n|move|p1b: Iron Bundle|Blizzard|p2b: Grimmsnarl|[spread] p2a,p2b\n|-resisted|p2b: Grimmsnarl\n|-damage|p2a: Iron Hands|4\/100\n|-damage|p2b: Grimmsnarl|19\/100\n|move|p2a: Iron Hands|Drain Punch|p1a: Gastrodon\n|-damage|p1a: Gastrodon|34\/100\n|-heal|p2a: Iron Hands|15\/100|[from] drain|[of] p1a: Gastrodon\n|move|p1a: Gastrodon|Muddy Water|p2b: Grimmsnarl|[spread] p2a,p2b\n|-damage|p2a: Iron Hands|7\/100\n|-damage|p2b: Grimmsnarl|5\/100\n|-unboost|p2a: Iron Hands|accuracy|1\n|\n|-weather|Snow|[upkeep]\n|upkeep\n|turn|14\n|\n|t:|1684026183\n|move|p2b: Grimmsnarl|Fake Tears|p1a: Gastrodon\n|-unboost|p1a: Gastrodon|spd|2\n|move|p1b: Iron Bundle|Blizzard|p2b: Grimmsnarl|[spread] p2a,p2b\n|-resisted|p2b: Grimmsnarl\n|-damage|p2a: Iron Hands|0 fnt\n|-damage|p2b: Grimmsnarl|0 fnt\n|faint|p2a: Iron Hands\n|-end|p2a: Iron Hands|Quark Drive|[silent]\n|faint|p2b: Grimmsnarl\n|move|p1a: Gastrodon|Muddy Water|p2: Iron Hands|[notarget]\n|-fail|p1a: Gastrodon\n|\n|-weather|Snow|[upkeep]\n|upkeep\n|\n|t:|1684026194\n|switch|p2a: Dragapult|Dragapult, L50, F|25\/100\n|turn|15\n|\n|t:|1684026216\n|move|p2a: Dragapult|Shadow Ball|p1a: Gastrodon\n|-damage|p1a: Gastrodon|0 fnt\n|faint|p1a: Gastrodon\n|-damage|p2a: Dragapult|15\/100|[from] item: Life Orb\n|move|p1b: Iron Bundle|Blizzard|p2a: Dragapult\n|-supereffective|p2a: Dragapult\n|-damage|p2a: Dragapult|0 fnt\n|faint|p2a: Dragapult\n|\n|win|Phone a friend\n|raw|Phone a friend's rating: 1344 → 1364<\/strong> (+20 for winning)\n|raw|Yuni Sensei's rating: 1343 → 1323<\/strong> (-20 for losing)\n","uploadtime":1684026231,"views":6,"p1id":"phoneafriend","p2id":"yunisensei","formatid":"gen9vgc2023regulationc","rating":1323,"private":0,"password":""}