{"id":"gen9vgc2023regulationc-1854721532","p1":"Mr.Burst","p2":"ggfg5","format":"[Gen 9] VGC 2023 Regulation C","log":"|j|\u2606Mr.Burst\n|j|\u2606ggfg5\n|t:|1682856676\n|gametype|doubles\n|player|p1|Mr.Burst|buck|1187\n|player|p2|ggfg5|102|1104\n|teamsize|p1|6\n|teamsize|p2|6\n|gen|9\n|tier|[Gen 9] VGC 2023 Regulation C\n|rated|\n|rule|Species Clause: Limit one of each Pok\u00e9mon\n|rule|Item Clause: Limit one of each item\n|clearpoke\n|poke|p1|Ting-Lu, L50|\n|poke|p1|Flutter Mane, L50|\n|poke|p1|Amoonguss, L50, M|\n|poke|p1|Gyarados, L50, F|\n|poke|p1|Chi-Yu, L50|\n|poke|p1|Iron Bundle, L50|\n|poke|p2|Torkoal, L50, F|\n|poke|p2|Chi-Yu, L50|\n|poke|p2|Bronzong, L50|\n|poke|p2|Gastrodon, L50, F|\n|poke|p2|Grimmsnarl, L50, M|\n|poke|p2|Skeledirge, L50, F|\n|teampreview|4\n|inactive|Battle timer is ON: inactive players will automatically lose when time's up. (requested by ggfg5)\n|inactive|Mr.Burst has 60 seconds left.\n|\n|t:|1682856742\n|start\n|switch|p1a: Ting-Lu|Ting-Lu, L50|100\/100\n|switch|p1b: Gyarados|Gyarados, L50, F, shiny|100\/100\n|switch|p2a: Bronzong|Bronzong, L50|100\/100\n|switch|p2b: Grimmsnarl|Grimmsnarl, L50, M|100\/100\n|-ability|p1b: Gyarados|Intimidate|boost\n|-unboost|p2a: Bronzong|atk|1\n|-unboost|p2b: Grimmsnarl|atk|1\n|-ability|p1a: Ting-Lu|Vessel of Ruin\n|turn|1\n|\n|t:|1682856766\n|move|p2b: Grimmsnarl|Fake Out|p1b: Gyarados\n|-damage|p1b: Gyarados|92\/100\n|cant|p1b: Gyarados|flinch\n|move|p1a: Ting-Lu|Fissure|p2a: Bronzong\n|-immune|p2a: Bronzong|[from] ability: Levitate\n|move|p2a: Bronzong|Trick Room|p2a: Bronzong\n|-fieldstart|move: Trick Room|[of] p2a: Bronzong\n|\n|upkeep\n|turn|2\n|\n|t:|1682856787\n|move|p2b: Grimmsnarl|Trick|p1b: Gyarados\n|-activate|p2b: Grimmsnarl|move: Trick|[of] p1b: Gyarados\n|-item|p1b: Gyarados|Lagging Tail|[from] move: Trick\n|-item|p2b: Grimmsnarl|Sitrus Berry|[from] move: Trick\n|move|p2a: Bronzong|Body Press|p1a: Ting-Lu\n|-supereffective|p1a: Ting-Lu\n|-damage|p1a: Ting-Lu|65\/100\n|move|p1a: Ting-Lu|Stomping Tantrum|p2b: Grimmsnarl\n|-damage|p2b: Grimmsnarl|38\/100\n|-enditem|p2b: Grimmsnarl|Sitrus Berry|[eat]\n|-heal|p2b: Grimmsnarl|62\/100|[from] item: Sitrus Berry\n|move|p1b: Gyarados|Taunt|p2a: Bronzong\n|-start|p2a: Bronzong|move: Taunt\n|\n|upkeep\n|turn|3\n|inactive|Mr.Burst has 30 seconds left.\n|inactive|Mr.Burst has 20 seconds left.\n|\n|t:|1682856824\n|move|p2a: Bronzong|Body Press|p1a: Ting-Lu\n|-supereffective|p1a: Ting-Lu\n|-damage|p1a: Ting-Lu|32\/100\n|move|p1a: Ting-Lu|Heavy Slam|p2b: Grimmsnarl\n|-supereffective|p2b: Grimmsnarl\n|-damage|p2b: Grimmsnarl|0 fnt\n|faint|p2b: Grimmsnarl\n|move|p1b: Gyarados|Thunder Wave|p2a: Bronzong\n|-status|p2a: Bronzong|par\n|\n|upkeep\n|\n|t:|1682856835\n|switch|p2b: Torkoal|Torkoal, L50, F|100\/100\n|-weather|SunnyDay|[from] ability: Drought|[of] p2b: Torkoal\n|turn|4\n|\n|t:|1682856858\n|move|p2b: Torkoal|Eruption|p1b: Gyarados|[spread] p1a,p1b\n|-resisted|p1b: Gyarados\n|-damage|p1a: Ting-Lu|8\/100\n|-damage|p1b: Gyarados|70\/100\n|-damage|p2b: Torkoal|91\/100|[from] item: Life Orb\n|move|p2a: Bronzong|Iron Head|p1b: Gyarados\n|-resisted|p1b: Gyarados\n|-damage|p1b: Gyarados|62\/100\n|move|p1a: Ting-Lu|Fissure|p2b: Torkoal|[miss]\n|-miss|p1a: Ting-Lu|p2b: Torkoal\n|move|p1b: Gyarados|Waterfall|p2a: Bronzong\n|-damage|p2a: Bronzong|90\/100 par\n|\n|-weather|SunnyDay|[upkeep]\n|upkeep\n|turn|5\n|\n|t:|1682856878\n|switch|p2a: Skeledirge|Skeledirge, L50, F|100\/100\n|move|p2b: Torkoal|Eruption|p1a: Ting-Lu|[spread] p1a,p1b\n|-resisted|p1b: Gyarados\n|-damage|p1a: Ting-Lu|0 fnt\n|-damage|p1b: Gyarados|43\/100\n|faint|p1a: Ting-Lu\n|-damage|p2b: Torkoal|82\/100|[from] item: Life Orb\n|move|p1b: Gyarados|Thunder Wave|p2b: Torkoal\n|-status|p2b: Torkoal|par\n|\n|-weather|SunnyDay|[upkeep]\n|-fieldend|move: Trick Room\n|upkeep\n|\n|t:|1682856902\n|switch|p1a: Chi-Yu|Chi-Yu, L50|100\/100\n|-ability|p1a: Chi-Yu|Beads of Ruin\n|turn|6\n|\n|t:|1682856923\n|-terastallize|p1a: Chi-Yu|Dark\n|move|p2a: Skeledirge|Protect|p2a: Skeledirge\n|-singleturn|p2a: Skeledirge|Protect\n|move|p1a: Chi-Yu|Snarl|p2b: Torkoal|[spread] p2b\n|-activate|p2a: Skeledirge|move: Protect\n|-damage|p2b: Torkoal|17\/100 par\n|-unboost|p2b: Torkoal|spa|1\n|move|p2b: Torkoal|Body Press|p1a: Chi-Yu\n|-supereffective|p1a: Chi-Yu\n|-damage|p1a: Chi-Yu|0 fnt\n|faint|p1a: Chi-Yu\n|-damage|p2b: Torkoal|8\/100 par|[from] item: Life Orb\n|move|p1b: Gyarados|Thunder Wave|p2a: Skeledirge\n|-activate|p2a: Skeledirge|move: Protect\n|\n|-weather|SunnyDay|[upkeep]\n|upkeep\n|\n|t:|1682856939\n|switch|p1a: Iron Bundle|Iron Bundle, L50, shiny|100\/100\n|-enditem|p1a: Iron Bundle|Booster Energy\n|-activate|p1a: Iron Bundle|ability: Quark Drive|[fromitem]\n|-start|p1a: Iron Bundle|quarkdrivespe\n|turn|7\n|\n|t:|1682856952\n|-terastallize|p2a: Skeledirge|Fairy\n|move|p1a: Iron Bundle|Protect|p1a: Iron Bundle\n|-singleturn|p1a: Iron Bundle|Protect\n|move|p2a: Skeledirge|Torch Song|p1a: Iron Bundle\n|-activate|p1a: Iron Bundle|move: Protect\n|cant|p2b: Torkoal|par\n|move|p1b: Gyarados|Thunder Wave|p2a: Skeledirge\n|-status|p2a: Skeledirge|par\n|\n|-weather|SunnyDay|[upkeep]\n|upkeep\n|turn|8\n|inactive|Mr.Burst has 30 seconds left.\n|\n|t:|1682856984\n|switch|p2b: Bronzong|Bronzong, L50|90\/100 par\n|move|p1a: Iron Bundle|Hydro Pump|p2a: Skeledirge\n|-damage|p2a: Skeledirge|72\/100 par\n|cant|p2a: Skeledirge|par\n|move|p1b: Gyarados|Waterfall|p2b: Bronzong\n|-damage|p2b: Bronzong|79\/100 par\n|\n|-weather|none\n|-heal|p2a: Skeledirge|78\/100 par|[from] item: Leftovers\n|upkeep\n|turn|9\n|\n|t:|1682857003\n|switch|p2a: Torkoal|Torkoal, L50, F|8\/100 par\n|-weather|SunnyDay|[from] ability: Drought|[of] p2a: Torkoal\n|move|p1a: Iron Bundle|Hydro Pump|p2a: Torkoal\n|-supereffective|p2a: Torkoal\n|-damage|p2a: Torkoal|0 fnt\n|faint|p2a: Torkoal\n|move|p2b: Bronzong|Body Press|p1a: Iron Bundle\n|-supereffective|p1a: Iron Bundle\n|-damage|p1a: Iron Bundle|34\/100\n|move|p1b: Gyarados|Taunt|p2b: Bronzong\n|-start|p2b: Bronzong|move: Taunt\n|\n|-weather|SunnyDay|[upkeep]\n|upkeep\n|\n|t:|1682857013\n|switch|p2a: Skeledirge|Skeledirge, L50, F, tera:Fairy|78\/100 par\n|turn|10\n|\n|t:|1682857022\n|move|p1a: Iron Bundle|Protect|p1a: Iron Bundle\n|-singleturn|p1a: Iron Bundle|Protect\n|cant|p2a: Skeledirge|par\n|cant|p2b: Bronzong|par\n|move|p1b: Gyarados|Waterfall|p2a: Skeledirge\n|-damage|p2a: Skeledirge|63\/100 par\n|\n|-weather|SunnyDay|[upkeep]\n|-heal|p2a: Skeledirge|69\/100 par|[from] item: Leftovers\n|upkeep\n|turn|11\n|\n|t:|1682857038\n|move|p2a: Skeledirge|Protect|p2a: Skeledirge\n|-singleturn|p2a: Skeledirge|Protect\n|move|p1a: Iron Bundle|Hydro Pump|p2a: Skeledirge\n|-activate|p2a: Skeledirge|move: Protect\n|move|p2b: Bronzong|Body Press|p1a: Iron Bundle\n|-supereffective|p1a: Iron Bundle\n|-damage|p1a: Iron Bundle|0 fnt\n|faint|p1a: Iron Bundle\n|-end|p1a: Iron Bundle|Quark Drive|[silent]\n|move|p1b: Gyarados|Waterfall|p2a: Skeledirge\n|-activate|p2a: Skeledirge|move: Protect\n|\n|-weather|SunnyDay|[upkeep]\n|-heal|p2a: Skeledirge|75\/100 par|[from] item: Leftovers\n|upkeep\n|turn|12\n|-message|Mr.Burst forfeited.\n|\n|win|ggfg5\n|raw|Mr.Burst's rating: 1187 → 1156<\/strong> (-31 for losing)\n|raw|ggfg5's rating: 1104 → 1135<\/strong> (+31 for winning)\n|l|\u2606Mr.Burst\n","uploadtime":1682857053,"views":10,"p1id":"mrburst","p2id":"ggfg5","formatid":"gen9vgc2023regulationc","rating":1135,"private":0,"password":""}