{"id":"gen9vgc2023regulationc-1859542125","p1":"BapeChiang","p2":"edomila99","format":"[Gen 9] VGC 2023 Regulation C","log":"|j|\u2606BapeChiang\n|j|\u2606edomila99\n|t:|1683538834\n|gametype|doubles\n|player|p1|BapeChiang|roark|1578\n|player|p2|edomila99|101|1439\n|teamsize|p1|6\n|teamsize|p2|6\n|gen|9\n|tier|[Gen 9] VGC 2023 Regulation C\n|rated|\n|rule|Species Clause: Limit one of each Pok\u00e9mon\n|rule|Item Clause: Limit one of each item\n|clearpoke\n|poke|p1|Ting-Lu, L50|\n|poke|p1|Abomasnow, L50, F|\n|poke|p1|Iron Bundle, L50|\n|poke|p1|Dragonite, L50, M|\n|poke|p1|Orthworm, L50, M|\n|poke|p1|Vivillon-Fancy, L50, F|\n|poke|p2|Ting-Lu, L50|\n|poke|p2|Vivillon-Fancy, L50, M|\n|poke|p2|Iron Bundle, L50|\n|poke|p2|Abomasnow, L50, M|\n|poke|p2|Annihilape, L50, F|\n|poke|p2|Chien-Pao, L50|\n|teampreview|4\n|inactive|Battle timer is ON: inactive players will automatically lose when time's up. (requested by BapeChiang)\n|inactive|edomila99 has 60 seconds left.\n|\n|t:|1683538892\n|start\n|switch|p1a: Abomasnow|Abomasnow, L50, F|100\/100\n|switch|p1b: Iron Bundle|Iron Bundle, L50|100\/100\n|switch|p2a: Iron Bundle|Iron Bundle, L50|100\/100\n|switch|p2b: Abomasnow|Abomasnow, L50, M|100\/100\n|-weather|Snow|[from] ability: Snow Warning|[of] p1a: Abomasnow\n|-enditem|p2a: Iron Bundle|Booster Energy\n|-activate|p2a: Iron Bundle|ability: Quark Drive|[fromitem]\n|-start|p2a: Iron Bundle|quarkdrivespe\n|-enditem|p1b: Iron Bundle|Booster Energy\n|-activate|p1b: Iron Bundle|ability: Quark Drive|[fromitem]\n|-start|p1b: Iron Bundle|quarkdrivespe\n|turn|1\n|\n|t:|1683538910\n|move|p2a: Iron Bundle|Protect|p2a: Iron Bundle\n|-singleturn|p2a: Iron Bundle|Protect\n|move|p1b: Iron Bundle|Aurora Veil|p1b: Iron Bundle\n|-sidestart|p1: BapeChiang|move: Aurora Veil\n|move|p1a: Abomasnow|Energy Ball|p2a: Iron Bundle\n|-activate|p2a: Iron Bundle|move: Protect\n|move|p2b: Abomasnow|Energy Ball|p1b: Iron Bundle\n|-supereffective|p1b: Iron Bundle\n|-damage|p1b: Iron Bundle|8\/100\n|-damage|p2b: Abomasnow|91\/100|[from] item: Life Orb\n|\n|-weather|Snow|[upkeep]\n|upkeep\n|turn|2\n|\n|t:|1683538930\n|-terastallize|p2a: Iron Bundle|Ice\n|move|p1b: Iron Bundle|Blizzard|p2b: Abomasnow|[spread] p2a,p2b\n|-resisted|p2a: Iron Bundle\n|-crit|p2b: Abomasnow\n|-damage|p2a: Iron Bundle|70\/100\n|-damage|p2b: Abomasnow|29\/100\n|move|p2a: Iron Bundle|Blizzard|p1a: Abomasnow|[spread] p1a,p1b\n|-resisted|p1b: Iron Bundle\n|-damage|p1a: Abomasnow|63\/100\n|-damage|p1b: Iron Bundle|0 fnt\n|faint|p1b: Iron Bundle\n|-end|p1b: Iron Bundle|Quark Drive|[silent]\n|move|p1a: Abomasnow|Energy Ball|p2a: Iron Bundle\n|-damage|p2a: Iron Bundle|0 fnt\n|faint|p2a: Iron Bundle\n|-end|p2a: Iron Bundle|Quark Drive|[silent]\n|-damage|p1a: Abomasnow|53\/100|[from] item: Life Orb\n|move|p2b: Abomasnow|Blizzard|p1a: Abomasnow\n|-damage|p1a: Abomasnow|11\/100\n|-damage|p2b: Abomasnow|19\/100|[from] item: Life Orb\n|\n|-weather|Snow|[upkeep]\n|upkeep\n|inactive|edomila99 has 30 seconds left.\n|\n|t:|1683538958\n|switch|p1b: Orthworm|Orthworm, L50, M|100\/100\n|switch|p2a: Chien-Pao|Chien-Pao, L50|100\/100\n|-ability|p2a: Chien-Pao|Sword of Ruin\n|turn|3\n|\n|t:|1683538975\n|move|p2b: Abomasnow|Helping Hand|p2a: Chien-Pao\n|-singleturn|p2a: Chien-Pao|Helping Hand|[of] p2b: Abomasnow\n|move|p1a: Abomasnow|Ice Shard|p2b: Abomasnow\n|-damage|p2b: Abomasnow|6\/100\n|-damage|p1a: Abomasnow|1\/100|[from] item: Life Orb\n|move|p2a: Chien-Pao|Sacred Sword|p1b: Orthworm\n|-supereffective|p1b: Orthworm\n|-damage|p1b: Orthworm|53\/100\n|move|p1b: Orthworm|Body Press|p2a: Chien-Pao\n|-supereffective|p2a: Chien-Pao\n|-damage|p2a: Chien-Pao|20\/100\n|-enditem|p2a: Chien-Pao|Sitrus Berry|[eat]\n|-heal|p2a: Chien-Pao|45\/100|[from] item: Sitrus Berry\n|\n|-weather|Snow|[upkeep]\n|upkeep\n|turn|4\n|\n|t:|1683538996\n|switch|p2a: Annihilape|Annihilape, L50, F|100\/100\n|move|p1b: Orthworm|Protect|p1b: Orthworm\n|-singleturn|p1b: Orthworm|Protect\n|move|p2b: Abomasnow|Ice Shard|p1a: Abomasnow\n|-damage|p1a: Abomasnow|0 fnt\n|faint|p1a: Abomasnow\n|-damage|p2b: Abomasnow|0 fnt|[from] item: Life Orb\n|faint|p2b: Abomasnow\n|\n|-weather|Snow|[upkeep]\n|upkeep\n|\n|t:|1683539009\n|switch|p2b: Chien-Pao|Chien-Pao, L50|45\/100\n|switch|p1a: Ting-Lu|Ting-Lu, L50|100\/100\n|-ability|p2b: Chien-Pao|Sword of Ruin\n|-ability|p1a: Ting-Lu|Vessel of Ruin\n|turn|5\n|\n|t:|1683539027\n|-terastallize|p1b: Orthworm|Poison\n|move|p2b: Chien-Pao|Ice Spinner|p1a: Ting-Lu\n|-supereffective|p1a: Ting-Lu\n|-damage|p1a: Ting-Lu|66\/100\n|move|p2a: Annihilape|Close Combat|p1a: Ting-Lu\n|-supereffective|p1a: Ting-Lu\n|-damage|p1a: Ting-Lu|1\/100\n|-unboost|p2a: Annihilape|def|1\n|-unboost|p2a: Annihilape|spd|1\n|move|p1b: Orthworm|Iron Defense|p1b: Orthworm\n|-boost|p1b: Orthworm|def|2\n|move|p1a: Ting-Lu|Earthquake|p2a: Annihilape|[spread] p2a,p2b\n|-heal|p1b: Orthworm|78\/100|[from] ability: Earth Eater|[of] p1a: Ting-Lu\n|-damage|p2a: Annihilape|32\/100\n|-damage|p2b: Chien-Pao|21\/100\n|\n|-weather|none\n|-sideend|p1: BapeChiang|move: Aurora Veil\n|upkeep\n|turn|6\n|inactive|BapeChiang has 30 seconds left.\n|inactive|edomila99 has 30 seconds left.\n|\n|t:|1683539059\n|move|p2b: Chien-Pao|Ice Spinner|p1a: Ting-Lu\n|-supereffective|p1a: Ting-Lu\n|-damage|p1a: Ting-Lu|0 fnt\n|faint|p1a: Ting-Lu\n|move|p2a: Annihilape|Taunt|p1b: Orthworm\n|-start|p1b: Orthworm|move: Taunt\n|move|p1b: Orthworm|Body Press|p2b: Chien-Pao\n|-supereffective|p2b: Chien-Pao\n|-damage|p2b: Chien-Pao|0 fnt\n|faint|p2b: Chien-Pao\n|\n|upkeep\n|turn|7\n|j| vsNOMEKOPvs\n|l| vsNOMEKOPvs\n|\n|t:|1683539073\n|move|p2a: Annihilape|Rage Fist|p1b: Orthworm\n|-damage|p1b: Orthworm|61\/100\n|move|p1b: Orthworm|Heavy Slam|p2a: Annihilape\n|-damage|p2a: Annihilape|0 fnt\n|faint|p2a: Annihilape\n|\n|win|BapeChiang\n|raw|BapeChiang's rating: 1578 → 1590<\/strong> (+12 for winning)\n|raw|edomila99's rating: 1439 → 1427<\/strong> (-12 for losing)\n|l|\u2606edomila99\n","uploadtime":1683539088,"views":14,"p1id":"bapechiang","p2id":"edomila99","formatid":"gen9vgc2023regulationc","rating":1427,"private":0,"password":""}