{"id":"gen9vgc2023regulationc-1847955757","p1":"ppp96","p2":"QrdeJegoMac","format":"[Gen 9] VGC 2023 Regulation C","log":"|j|\u2606ppp96\n|j|\u2606QrdeJegoMac\n|t:|1682015636\n|gametype|doubles\n|player|p1|ppp96|170|1443\n|player|p2|QrdeJegoMac|266|1554\n|teamsize|p1|6\n|teamsize|p2|6\n|gen|9\n|tier|[Gen 9] VGC 2023 Regulation C\n|rated|\n|rule|Species Clause: Limit one of each Pok\u00e9mon\n|rule|Item Clause: Limit one of each item\n|clearpoke\n|poke|p1|Dragonite, L50, M|\n|poke|p1|Glimmora, L50, F|\n|poke|p1|Annihilape, L50, M|\n|poke|p1|Iron Bundle, L50|\n|poke|p1|Flutter Mane, L50|\n|poke|p1|Great Tusk, L50|\n|poke|p2|Murkrow, L50, F|\n|poke|p2|Chi-Yu, L50|\n|poke|p2|Flutter Mane, L50|\n|poke|p2|Great Tusk, L50|\n|poke|p2|Brute Bonnet, L50|\n|poke|p2|Corviknight, L50, M|\n|teampreview|4\n|inactive|Battle timer is ON: inactive players will automatically lose when time's up. (requested by QrdeJegoMac)\n|inactive|ppp96 has 60 seconds left.\n|\n|t:|1682015694\n|start\n|switch|p1a: Iron Bundle|Iron Bundle, L50|100\/100\n|switch|p1b: Dragonite|Dragonite, L50, M|100\/100\n|switch|p2a: Flutter Mane|Flutter Mane, L50|100\/100\n|switch|p2b: Murkrow|Murkrow, L50, F, shiny|100\/100\n|-enditem|p1a: Iron Bundle|Booster Energy\n|-activate|p1a: Iron Bundle|ability: Quark Drive|[fromitem]\n|-start|p1a: Iron Bundle|quarkdrivespe\n|turn|1\n|\n|t:|1682015716\n|move|p2b: Murkrow|Tailwind|p2b: Murkrow\n|-sidestart|p2: QrdeJegoMac|move: Tailwind\n|move|p2a: Flutter Mane|Dazzling Gleam|p1a: Iron Bundle|[spread] p1a,p1b\n|-supereffective|p1b: Dragonite\n|-damage|p1a: Iron Bundle|0 fnt\n|-damage|p1b: Dragonite|49\/100\n|faint|p1a: Iron Bundle\n|-end|p1a: Iron Bundle|Quark Drive|[silent]\n|move|p1b: Dragonite|Aerial Ace|p2a: Flutter Mane\n|-damage|p2a: Flutter Mane|5\/100\n|\n|upkeep\n|\n|t:|1682015728\n|switch|p1a: Glimmora|Glimmora, L50, F|100\/100\n|turn|2\n|\n|t:|1682015747\n|move|p2b: Murkrow|Sunny Day|p2b: Murkrow\n|-weather|SunnyDay\n|-activate|p2a: Flutter Mane|ability: Protosynthesis\n|-start|p2a: Flutter Mane|protosynthesisspa\n|move|p2a: Flutter Mane|Dazzling Gleam|p1a: Glimmora|[spread] p1a,p1b\n|-resisted|p1a: Glimmora\n|-crit|p1a: Glimmora\n|-supereffective|p1b: Dragonite\n|-crit|p1b: Dragonite\n|-damage|p1a: Glimmora|64\/100\n|-damage|p1b: Dragonite|0 fnt\n|faint|p1b: Dragonite\n|move|p1a: Glimmora|Mortal Spin|p2a: Flutter Mane|[spread] p2a,p2b\n|-damage|p2a: Flutter Mane|0 fnt\n|-damage|p2b: Murkrow|96\/100\n|-status|p2b: Murkrow|psn\n|faint|p2a: Flutter Mane\n|-end|p2a: Flutter Mane|Protosynthesis|[silent]\n|\n|-weather|SunnyDay|[upkeep]\n|-damage|p2b: Murkrow|84\/100 psn|[from] psn\n|upkeep\n|\n|t:|1682015763\n|switch|p2a: Great Tusk|Great Tusk, L50|100\/100\n|switch|p1b: Flutter Mane|Flutter Mane, L50|100\/100\n|-activate|p2a: Great Tusk|ability: Protosynthesis\n|-start|p2a: Great Tusk|protosynthesisatk\n|-activate|p1b: Flutter Mane|ability: Protosynthesis\n|-start|p1b: Flutter Mane|protosynthesisspe\n|turn|3\n|\n|t:|1682015778\n|-terastallize|p2a: Great Tusk|Steel\n|-terastallize|p1a: Glimmora|Grass\n|move|p1b: Flutter Mane|Protect|p1b: Flutter Mane\n|-singleturn|p1b: Flutter Mane|Protect\n|move|p2a: Great Tusk|Headlong Rush|p1b: Flutter Mane\n|-activate|p1b: Flutter Mane|move: Protect\n|move|p2b: Murkrow|Foul Play|p1b: Flutter Mane\n|-activate|p1b: Flutter Mane|move: Protect\n|move|p1a: Glimmora|Energy Ball|p2a: Great Tusk\n|-resisted|p2a: Great Tusk\n|-damage|p2a: Great Tusk|65\/100\n|\n|-weather|SunnyDay|[upkeep]\n|-damage|p2b: Murkrow|72\/100 psn|[from] psn\n|upkeep\n|turn|4\n|inactive|ppp96 has 30 seconds left.\n|\n|t:|1682015807\n|move|p2a: Great Tusk|Headlong Rush|p1b: Flutter Mane\n|-enditem|p1b: Flutter Mane|Focus Sash\n|-damage|p1b: Flutter Mane|1\/100\n|-unboost|p2a: Great Tusk|def|1\n|-unboost|p2a: Great Tusk|spd|1\n|move|p1b: Flutter Mane|Shadow Ball|p2a: Great Tusk\n|-damage|p2a: Great Tusk|0 fnt\n|faint|p2a: Great Tusk\n|-end|p2a: Great Tusk|Protosynthesis|[silent]\n|move|p2b: Murkrow|Foul Play|p1b: Flutter Mane\n|-damage|p1b: Flutter Mane|0 fnt\n|faint|p1b: Flutter Mane\n|-end|p1b: Flutter Mane|Protosynthesis|[silent]\n|move|p1a: Glimmora|Power Gem|p2b: Murkrow\n|-supereffective|p2b: Murkrow\n|-damage|p2b: Murkrow|0 fnt\n|faint|p2b: Murkrow\n|\n|-weather|SunnyDay|[upkeep]\n|-sideend|p2: QrdeJegoMac|move: Tailwind\n|upkeep\n|c|\u2606QrdeJegoMac|Lovin the tera on glim\n|\n|t:|1682015823\n|switch|p2b: Corviknight|Corviknight, L50, M|100\/100\n|turn|5\n|\n|t:|1682015833\n|move|p1a: Glimmora|Power Gem|p2b: Corviknight\n|-damage|p2b: Corviknight|53\/100\n|move|p2b: Corviknight|Brave Bird|p1a: Glimmora\n|-supereffective|p1a: Glimmora\n|-damage|p1a: Glimmora|0 fnt\n|faint|p1a: Glimmora\n|-damage|p2b: Corviknight|31\/100|[from] Recoil\n|\n|win|QrdeJegoMac\n|raw|ppp96's rating: 1443 → 1429<\/strong> (-14 for losing)\n|raw|QrdeJegoMac's rating: 1554 → 1568<\/strong> (+14 for winning)\n|c|\u2606QrdeJegoMac|Gg\n","uploadtime":1682015849,"views":7,"p1id":"ppp96","p2id":"qrdejegomac","formatid":"gen9vgc2023regulationc","rating":1429,"private":0,"password":""}