{"id":"gen9vgc2023regulationc-1858062557","p1":"Nightmare_King_VGC","p2":"orange779","format":"[Gen 9] VGC 2023 Regulation C","log":"|j|\u2606Nightmare_King_VGC\n|j|\u2606orange779\n|t:|1683269166\n|gametype|doubles\n|player|p1|Nightmare_King_VGC|veteranf|1620\n|player|p2|orange779|265|1524\n|teamsize|p1|6\n|teamsize|p2|6\n|gen|9\n|tier|[Gen 9] VGC 2023 Regulation C\n|rated|\n|rule|Species Clause: Limit one of each Pok\u00e9mon\n|rule|Item Clause: Limit one of each item\n|clearpoke\n|poke|p1|Torkoal, L50, F|\n|poke|p1|Great Tusk, L50|\n|poke|p1|Flutter Mane, L50|\n|poke|p1|Jumpluff, L50, F|\n|poke|p1|Chien-Pao, L50|\n|poke|p1|Kingambit, L50, M|\n|poke|p2|Flutter Mane, L50|\n|poke|p2|Tyranitar, L50, M|\n|poke|p2|Gastrodon-East, L50, F|\n|poke|p2|Lycanroc, L50, M|\n|poke|p2|Chien-Pao, L50|\n|poke|p2|Chi-Yu, L50|\n|teampreview|4\n|\n|t:|1683269194\n|start\n|switch|p1a: Jumpluff|Jumpluff, L50, F|100\/100\n|switch|p1b: Great Tusk|Great Tusk, L50|100\/100\n|switch|p2a: Flutter Mane|Flutter Mane, L50|100\/100\n|switch|p2b: Lycanroc|Lycanroc, L50, M|100\/100\n|turn|1\n|\n|t:|1683269218\n|-end|p1b: Great Tusk|Protosynthesis|[silent]\n|switch|p1b: Torkoal|Torkoal, L50, F|100\/100\n|-weather|SunnyDay|[from] ability: Drought|[of] p1b: Torkoal\n|-activate|p2a: Flutter Mane|ability: Protosynthesis\n|-start|p2a: Flutter Mane|protosynthesisspa\n|move|p1a: Jumpluff|Sleep Powder|p2b: Lycanroc\n|-status|p2b: Lycanroc|slp|[from] move: Sleep Powder\n|move|p2a: Flutter Mane|Dazzling Gleam|p1b: Torkoal|[spread] p1a,p1b\n|-resisted|p1b: Torkoal\n|-damage|p1a: Jumpluff|47\/100\n|-damage|p1b: Torkoal|64\/100\n|-damage|p2a: Flutter Mane|91\/100|[from] item: Life Orb\n|cant|p2b: Lycanroc|slp\n|\n|-weather|SunnyDay|[upkeep]\n|upkeep\n|turn|2\n|\n|t:|1683269242\n|switch|p2b: Tyranitar|Tyranitar, L50, M|100\/100\n|-weather|Sandstorm|[from] ability: Sand Stream|[of] p2b: Tyranitar\n|-end|p2a: Flutter Mane|Protosynthesis\n|move|p2a: Flutter Mane|Dazzling Gleam|p1a: Jumpluff|[spread] p1a,p1b\n|-resisted|p1b: Torkoal\n|-damage|p1a: Jumpluff|4\/100\n|-damage|p1b: Torkoal|36\/100\n|-damage|p2a: Flutter Mane|82\/100|[from] item: Life Orb\n|move|p1a: Jumpluff|Sleep Powder|p2a: Flutter Mane|[miss]\n|-miss|p1a: Jumpluff|p2a: Flutter Mane\n|move|p1b: Torkoal|Overheat|p2a: Flutter Mane\n|-damage|p2a: Flutter Mane|34\/100\n|-unboost|p1b: Torkoal|spa|2\n|-enditem|p1b: Torkoal|Eject Pack\n|\n|t:|1683269264\n|switch|p1b: Great Tusk|Great Tusk, L50|100\/100\n|\n|-weather|Sandstorm|[upkeep]\n|-damage|p2a: Flutter Mane|28\/100|[from] Sandstorm\n|-damage|p1a: Jumpluff|0 fnt|[from] Sandstorm\n|faint|p1a: Jumpluff\n|upkeep\n|\n|t:|1683269276\n|switch|p1a: Flutter Mane|Flutter Mane, L50|100\/100\n|turn|3\n|\n|t:|1683269301\n|-terastallize|p1b: Great Tusk|Fire\n|-terastallize|p2b: Tyranitar|Flying\n|move|p1b: Great Tusk|Rock Slide|p2a: Flutter Mane|[spread] p2a,p2b\n|-supereffective|p2b: Tyranitar\n|-damage|p2a: Flutter Mane|0 fnt\n|-damage|p2b: Tyranitar|68\/100\n|faint|p2a: Flutter Mane\n|-end|p2a: Flutter Mane|Protosynthesis|[silent]\n|move|p1a: Flutter Mane|Moonblast|p2b: Tyranitar\n|-damage|p2b: Tyranitar|30\/100\n|-unboost|p2b: Tyranitar|spa|1\n|move|p2b: Tyranitar|Rock Slide|p1b: Great Tusk|[spread] p1a,p1b\n|-supereffective|p1b: Great Tusk\n|-damage|p1a: Flutter Mane|41\/100\n|-damage|p1b: Great Tusk|50\/100\n|\n|-weather|Sandstorm|[upkeep]\n|-damage|p1b: Great Tusk|44\/100|[from] Sandstorm\n|-damage|p1a: Flutter Mane|35\/100|[from] Sandstorm\n|-damage|p2b: Tyranitar|24\/100|[from] Sandstorm\n|upkeep\n|j| grayhsg\n|\n|t:|1683269316\n|switch|p2a: Gastrodon|Gastrodon-East, L50, F|100\/100\n|turn|4\n|\n|t:|1683269330\n|-end|p1b: Great Tusk|Protosynthesis|[silent]\n|switch|p1b: Torkoal|Torkoal, L50, F|36\/100\n|-weather|SunnyDay|[from] ability: Drought|[of] p1b: Torkoal\n|-activate|p1a: Flutter Mane|ability: Protosynthesis\n|-start|p1a: Flutter Mane|protosynthesisspe\n|move|p1a: Flutter Mane|Moonblast|p2b: Tyranitar\n|-damage|p2b: Tyranitar|0 fnt\n|faint|p2b: Tyranitar\n|move|p2a: Gastrodon|Muddy Water|p1b: Torkoal|[spread] p1a,p1b\n|-supereffective|p1b: Torkoal\n|-damage|p1a: Flutter Mane|22\/100\n|-damage|p1b: Torkoal|1\/100\n|\n|-weather|SunnyDay|[upkeep]\n|upkeep\n|\n|t:|1683269341\n|switch|p2b: Lycanroc|Lycanroc, L50, M|100\/100 slp\n|turn|5\n|\n|t:|1683269365\n|move|p1b: Torkoal|Helping Hand|p1a: Flutter Mane\n|-singleturn|p1a: Flutter Mane|Helping Hand|[of] p1b: Torkoal\n|move|p1a: Flutter Mane|Moonblast|p2a: Gastrodon\n|-damage|p2a: Gastrodon|0 fnt\n|faint|p2a: Gastrodon\n|cant|p2b: Lycanroc|slp\n|\n|-weather|SunnyDay|[upkeep]\n|upkeep\n|turn|6\n|\n|t:|1683269374\n|-curestatus|p2b: Lycanroc|slp|[msg]\n|move|p2b: Lycanroc|Accelerock|p1a: Flutter Mane\n|-damage|p1a: Flutter Mane|0 fnt\n|faint|p1a: Flutter Mane\n|-end|p1a: Flutter Mane|Protosynthesis|[silent]\n|move|p1b: Torkoal|Overheat|p2b: Lycanroc\n|-resisted|p2b: Lycanroc\n|-damage|p2b: Lycanroc|32\/100\n|-unboost|p1b: Torkoal|spa|2\n|\n|-weather|SunnyDay|[upkeep]\n|upkeep\n|\n|t:|1683269377\n|switch|p1a: Great Tusk|Great Tusk, L50, tera:Fire|44\/100\n|-activate|p1a: Great Tusk|ability: Protosynthesis\n|-start|p1a: Great Tusk|protosynthesisatk\n|turn|7\n|\n|t:|1683269386\n|move|p2b: Lycanroc|Accelerock|p1a: Great Tusk\n|-supereffective|p1a: Great Tusk\n|-damage|p1a: Great Tusk|13\/100\n|move|p1a: Great Tusk|Headlong Rush|p2b: Lycanroc\n|-supereffective|p2b: Lycanroc\n|-damage|p2b: Lycanroc|0 fnt\n|-unboost|p1a: Great Tusk|def|1\n|-unboost|p1a: Great Tusk|spd|1\n|faint|p2b: Lycanroc\n|\n|win|Nightmare_King_VGC\n|raw|Nightmare_King_VGC's rating: 1620 → 1635<\/strong> (+15 for winning)\n|raw|orange779's rating: 1524 → 1509<\/strong> (-15 for losing)\n|l|\u2606orange779\n|l|\u2606Nightmare_King_VGC\n","uploadtime":1683269421,"views":5,"p1id":"nightmarekingvgc","p2id":"orange779","formatid":"gen9vgc2023regulationc","rating":1509,"private":0,"password":""}