{"id":"gen9vgc2023regulationc-1853069090","p1":"FuratBang","p2":"Haxxson","format":"[Gen 9] VGC 2023 Regulation C","log":"|j|\u2606FuratBang\n|j|\u2606Haxxson\n|t:|1682631519\n|gametype|doubles\n|player|p1|FuratBang|crasherwake|\n|player|p2|Haxxson|marshal|\n|teamsize|p1|6\n|teamsize|p2|6\n|gen|9\n|tier|[Gen 9] VGC 2023 Regulation C\n|rule|Species Clause: Limit one of each Pok\u00e9mon\n|rule|Item Clause: Limit one of each item\n|clearpoke\n|poke|p1|Iron Hands, L50|\n|poke|p1|Tauros-Paldea-Blaze, L50, M|\n|poke|p1|Rotom-Wash, L50|\n|poke|p1|Mimikyu, L50, M|\n|poke|p1|Zoroark, L50, F|\n|poke|p1|Goodra, L50, F|\n|poke|p2|Jumpluff, L50, F|\n|poke|p2|Volcarona, L50, M|\n|poke|p2|Krookodile, L50, M|\n|poke|p2|Annihilape, L50, F|\n|poke|p2|Rabsca, L50, F|\n|poke|p2|Jolteon, L50, F|\n|teampreview|4\n|inactive|Battle timer is ON: inactive players will automatically lose when time's up. (requested by Haxxson)\n|inactiveoff|Battle timer is now OFF.\nHaxxson rejected open team sheets.\n|c|\u2606Haxxson|are you recording or will we send live?\n|c|\u2606Haxxson|G1\n|c|\u2606FuratBang|we can send live\n|j| Heaven64\n|\n|t:|1682631709\n|start\n|switch|p1a: Iron Hands|Iron Hands, L50|100\/100\n|switch|p1b: Mimikyu|Mimikyu, L50, M|100\/100\n|switch|p2a: Bubbles|Jumpluff, L50, F|100\/100\n|switch|p2b: McNulty|Jolteon, L50, F|100\/100\n|turn|1\n|\n|t:|1682631747\n|move|p1a: Iron Hands|Fake Out|p2a: Bubbles\n|-damage|p2a: Bubbles|81\/100\n|move|p2b: McNulty|Thunder Wave|p1b: Mimikyu\n|-status|p1b: Mimikyu|par\n|cant|p2a: Bubbles|flinch\n|cant|p1b: Mimikyu|par\n|\n|upkeep\n|turn|2\n|c|\u2606FuratBang|cringe\n|\n|t:|1682631789\n|move|p2b: McNulty|Thunderbolt|p1b: Mimikyu\n|-activate|p1b: Mimikyu|ability: Disguise\n|-damage|p1b: Mimikyu|100\/100 par\n|detailschange|p1b: Mimikyu|Mimikyu-Busted, L50, M\n|-damage|p1b: Mimikyu|88\/100 par|[from] pokemon: Mimikyu-Busted\n|move|p2a: Bubbles|Encore|p1a: Iron Hands\n|-start|p1a: Iron Hands|Encore\n|move|p1a: Iron Hands|Fake Out||[still]\n|-hint|Fake Out only works on your first turn out.\n|-fail|p1a: Iron Hands\n|move|p1b: Mimikyu|Trick Room|p1b: Mimikyu\n|-fieldstart|move: Trick Room|[of] p1b: Mimikyu\n|\n|upkeep\n|turn|3\n|\n|t:|1682631829\n|-end|p1a: Iron Hands|Quark Drive|[silent]\n|switch|p1a: Tauros|Tauros-Paldea-Blaze, L50, M|100\/100\n|-ability|p1a: Tauros|Intimidate|boost\n|-unboost|p2a: Bubbles|atk|1\n|-unboost|p2b: McNulty|atk|1\n|switch|p1b: Goodra|Goodra, L50, F|100\/100\n|move|p2a: Bubbles|Reflect|p2a: Bubbles\n|-sidestart|p2: Haxxson|Reflect\n|move|p2b: McNulty|Thunderbolt|p1b: Goodra\n|-resisted|p1b: Goodra\n|-crit|p1b: Goodra\n|-damage|p1b: Goodra|77\/100\n|\n|-heal|p1b: Goodra|83\/100|[from] item: Leftovers\n|upkeep\n|turn|4\n|j| CoDameron\n|\n|t:|1682631884\n|switch|p2a: Omar|Annihilape, L50, F|100\/100\n|move|p1b: Goodra|Flamethrower|p2a: Omar\n|-damage|p2a: Omar|76\/100\n|move|p1a: Tauros|Raging Bull|p2b: McNulty\n|-sideend|p2: Haxxson|Reflect\n|-damage|p2b: McNulty|23\/100\n|move|p2b: McNulty|Pin Missile|p2a: Omar\n|-resisted|p2a: Omar\n|-damage|p2a: Omar|76\/100\n|-resisted|p2a: Omar\n|-damage|p2a: Omar|75\/100\n|-hitcount|p2a: Omar|2\n|\n|-heal|p1b: Goodra|90\/100|[from] item: Leftovers\n|-heal|p2a: Omar|82\/100|[from] item: Leftovers\n|upkeep\n|turn|5\n|\n|t:|1682631948\n|switch|p2b: Bunk|Volcarona, L50, M|100\/100\n|move|p1b: Goodra|Draco Meteor|p2a: Omar\n|-damage|p2a: Omar|29\/100\n|-unboost|p1b: Goodra|spa|2\n|move|p2a: Omar|Rage Fist|p1a: Tauros\n|-damage|p1a: Tauros|0 fnt\n|faint|p1a: Tauros\n|\n|-heal|p1b: Goodra|96\/100|[from] item: Leftovers\n|-heal|p2a: Omar|36\/100|[from] item: Leftovers\n|upkeep\n|\n|t:|1682631967\n|switch|p1a: Mimikyu|Mimikyu-Busted, L50, M|88\/100 par\n|turn|6\n|l| Heaven64\n|\n|t:|1682632052\n|move|p2b: Bunk|Rage Powder|p2b: Bunk\n|-singleturn|p2b: Bunk|move: Rage Powder\n|move|p1a: Mimikyu|Shadow Claw|p2b: Bunk\n|-damage|p2b: Bunk|61\/100\n|-damage|p1a: Mimikyu|79\/100 par|[from] item: Life Orb\n|move|p1b: Goodra|Hydro Pump|p2b: Bunk\n|-supereffective|p2b: Bunk\n|-damage|p2b: Bunk|28\/100\n|-enditem|p2b: Bunk|Sitrus Berry|[eat]\n|-heal|p2b: Bunk|53\/100|[from] item: Sitrus Berry\n|move|p2a: Omar|Rage Fist|p1a: Mimikyu\n|-supereffective|p1a: Mimikyu\n|-damage|p1a: Mimikyu|0 fnt\n|faint|p1a: Mimikyu\n|\n|-heal|p1b: Goodra|100\/100|[from] item: Leftovers\n|-heal|p2a: Omar|42\/100|[from] item: Leftovers\n|-fieldend|move: Trick Room\n|upkeep\n|\n|t:|1682632068\n|switch|p1a: Iron Hands|Iron Hands, L50|100\/100\n|turn|7\n|\n|t:|1682632108\n|move|p1b: Goodra|Protect|p1b: Goodra\n|-singleturn|p1b: Goodra|Protect\n|move|p2b: Bunk|Rage Powder|p2b: Bunk\n|-singleturn|p2b: Bunk|move: Rage Powder\n|move|p2a: Omar|Rage Fist|p1a: Iron Hands\n|-damage|p1a: Iron Hands|25\/100\n|move|p1a: Iron Hands|Rock Slide|p2b: Bunk|[spread] p2a,p2b\n|-resisted|p2a: Omar\n|-supereffective|p2b: Bunk\n|-damage|p2a: Omar|32\/100\n|-damage|p2b: Bunk|0 fnt\n|faint|p2b: Bunk\n|\n|-heal|p2a: Omar|38\/100|[from] item: Leftovers\n|upkeep\n|\n|t:|1682632127\n|switch|p2b: Bubbles|Jumpluff, L50, F|81\/100\n|turn|8\n|\n|t:|1682632162\n|move|p2b: Bubbles|Pollen Puff|p2a: Omar\n|-heal|p2a: Omar|88\/100\n|move|p2a: Omar|Rage Fist|p1a: Iron Hands\n|-damage|p1a: Iron Hands|0 fnt\n|faint|p1a: Iron Hands\n|-end|p1a: Iron Hands|Quark Drive|[silent]\n|move|p1b: Goodra|Draco Meteor|p2a: Omar\n|-damage|p2a: Omar|59\/100\n|-unboost|p1b: Goodra|spa|2\n|\n|-heal|p2a: Omar|65\/100|[from] item: Leftovers\n|upkeep\n|turn|9\n|\n|t:|1682632185\n|move|p2b: Bubbles|Pollen Puff|p1b: Goodra\n|-crit|p1b: Goodra\n|-damage|p1b: Goodra|88\/100\n|move|p2a: Omar|Rage Fist|p1b: Goodra\n|-damage|p1b: Goodra|0 fnt\n|faint|p1b: Goodra\n|\n|win|Haxxson\n|c|\u2606Haxxson|GG1\n|c|\u2606FuratBang|gg\n","uploadtime":1682633649,"views":20,"p1id":"furatbang","p2id":"haxxson","formatid":"gen9vgc2023regulationc","rating":0,"private":0,"password":""}