{"id":"gen9vgc2023regulationc-1862143791","p1":"iiinu","p2":"IeroTenparansu","format":"[Gen 9] VGC 2023 Regulation C","log":"|j|\u2606iiinu\n|j|\u2606IeroTenparansu\n|t:|1683841670\n|gametype|doubles\n|player|p1|iiinu|skyla-masters|1375\n|player|p2|IeroTenparansu|madame-gen4dp|1287\n|teamsize|p1|6\n|teamsize|p2|6\n|gen|9\n|tier|[Gen 9] VGC 2023 Regulation C\n|rated|\n|rule|Species Clause: Limit one of each Pok\u00e9mon\n|rule|Item Clause: Limit one of each item\n|clearpoke\n|poke|p1|Iron Valiant, L50|\n|poke|p1|Flutter Mane, L50|\n|poke|p1|Amoonguss, L50, M|\n|poke|p1|Kingambit, L50, M|\n|poke|p1|Iron Bundle, L50|\n|poke|p1|Arcanine, L50, F|\n|poke|p2|Dondozo, L50, M|\n|poke|p2|Tatsugiri, L50, F|\n|poke|p2|Chi-Yu, L50|\n|poke|p2|Iron Bundle, L50|\n|poke|p2|Flutter Mane, L50|\n|poke|p2|Glimmora, L50, M|\n|teampreview|4\n|inactive|Battle timer is ON: inactive players will automatically lose when time's up. (requested by iiinu)\niiinu has agreed to open team sheets.\nIeroTenparansu has agreed to open team sheets.\n|inactive|iiinu has 60 seconds left.\n|inactive|IeroTenparansu has 60 seconds left.\n|inactive|iiinu has 30 seconds left.\n|inactive|IeroTenparansu has 30 seconds left.\n|inactive|IeroTenparansu has 20 seconds left.\n|inactive|IeroTenparansu has 15 seconds left.\n|inactive|IeroTenparansu has 10 seconds left.\n|inactive|IeroTenparansu has 5 seconds left.\n|\n|t:|1683841760\n|start\n|switch|p1a: Iron Valiant|Iron Valiant, L50|100\/100\n|switch|p1b: Iron Bundle|Iron Bundle, L50|100\/100\n|switch|p2a: Chi-Yu|Chi-Yu, L50|100\/100\n|switch|p2b: Glimmora|Glimmora, L50, M, shiny|100\/100\n|-ability|p2a: Chi-Yu|Beads of Ruin\n|-enditem|p1b: Iron Bundle|Booster Energy\n|-activate|p1b: Iron Bundle|ability: Quark Drive|[fromitem]\n|-start|p1b: Iron Bundle|quarkdrivespe\n|turn|1\n|inactive|iiinu has 30 seconds left.\n|\n|t:|1683841789\n|move|p2a: Chi-Yu|Protect|p2a: Chi-Yu\n|-singleturn|p2a: Chi-Yu|Protect\n|move|p1b: Iron Bundle|Icy Wind|p2a: Chi-Yu|[spread] p2b\n|-activate|p2a: Chi-Yu|move: Protect\n|-damage|p2b: Glimmora|82\/100\n|-unboost|p2b: Glimmora|spe|1\n|move|p1a: Iron Valiant|Close Combat|p2a: Chi-Yu\n|-activate|p2a: Chi-Yu|move: Protect\n|move|p2b: Glimmora|Power Gem|p1b: Iron Bundle\n|-supereffective|p1b: Iron Bundle\n|-damage|p1b: Iron Bundle|0 fnt\n|faint|p1b: Iron Bundle\n|-end|p1b: Iron Bundle|Quark Drive|[silent]\n|\n|upkeep\n|\n|t:|1683841803\n|switch|p1b: Amoonguss|Amoonguss, L50, M|100\/100\n|turn|2\n|\n|t:|1683841821\n|-terastallize|p1b: Amoonguss|Water\n|move|p1a: Iron Valiant|Protect|p1a: Iron Valiant\n|-singleturn|p1a: Iron Valiant|Protect\n|move|p2a: Chi-Yu|Heat Wave|p1a: Iron Valiant|[spread] p1b\n|-activate|p1a: Iron Valiant|move: Protect\n|-resisted|p1b: Amoonguss\n|-damage|p1b: Amoonguss|77\/100\n|move|p2b: Glimmora|Mortal Spin|p1b: Amoonguss|[spread] p1b\n|-activate|p1a: Iron Valiant|move: Protect\n|-damage|p1b: Amoonguss|73\/100\n|-status|p1b: Amoonguss|psn\n|move|p1b: Amoonguss|Spore|p2b: Glimmora\n|-status|p2b: Glimmora|slp|[from] move: Spore\n|\n|-damage|p1b: Amoonguss|61\/100 psn|[from] psn\n|upkeep\n|turn|3\n|inactive|IeroTenparansu has 30 seconds left.\n|inactive|IeroTenparansu has 20 seconds left.\n|inactive|IeroTenparansu has 15 seconds left.\n|\n|t:|1683841862\n|switch|p1b: Flutter Mane|Flutter Mane, L50|100\/100\n|move|p1a: Iron Valiant|Close Combat|p2a: Chi-Yu\n|-supereffective|p2a: Chi-Yu\n|-enditem|p2a: Chi-Yu|Focus Sash\n|-damage|p2a: Chi-Yu|1\/100\n|-unboost|p1a: Iron Valiant|def|1\n|-unboost|p1a: Iron Valiant|spd|1\n|move|p2a: Chi-Yu|Heat Wave|p1b: Flutter Mane|[spread] p1a,p1b\n|-enditem|p1a: Iron Valiant|Focus Sash\n|-damage|p1a: Iron Valiant|1\/100\n|-damage|p1b: Flutter Mane|49\/100\n|cant|p2b: Glimmora|slp\n|\n|upkeep\n|turn|4\n|\n|t:|1683841882\n|move|p2a: Chi-Yu|Protect|p2a: Chi-Yu\n|-singleturn|p2a: Chi-Yu|Protect\n|move|p1b: Flutter Mane|Dazzling Gleam|p2a: Chi-Yu|[spread] p2b\n|-activate|p2a: Chi-Yu|move: Protect\n|-resisted|p2b: Glimmora\n|-damage|p2b: Glimmora|61\/100 slp\n|move|p1a: Iron Valiant|Close Combat|p2b: Glimmora\n|-damage|p2b: Glimmora|9\/100 slp\n|-unboost|p1a: Iron Valiant|def|1\n|-unboost|p1a: Iron Valiant|spd|1\n|-activate|p2b: Glimmora|ability: Toxic Debris\n|-sidestart|p1: iiinu|move: Toxic Spikes\n|-curestatus|p2b: Glimmora|slp|[msg]\n|move|p2b: Glimmora|Mortal Spin|p1b: Flutter Mane|[spread] p1a,p1b\n|-supereffective|p1a: Iron Valiant\n|-damage|p1a: Iron Valiant|0 fnt\n|-damage|p1b: Flutter Mane|39\/100\n|-status|p1b: Flutter Mane|psn\n|faint|p1a: Iron Valiant\n|-end|p1a: Iron Valiant|Quark Drive|[silent]\n|\n|-damage|p1b: Flutter Mane|27\/100 psn|[from] psn\n|upkeep\n|\n|t:|1683841894\n|switch|p1a: Amoonguss|Amoonguss, L50, M, tera:Water|94\/100 psn\n|turn|5\n|inactive|IeroTenparansu has 30 seconds left.\n|\n|t:|1683841922\n|move|p1b: Flutter Mane|Dazzling Gleam|p2b: Glimmora|[spread] p2a,p2b\n|-resisted|p2b: Glimmora\n|-damage|p2a: Chi-Yu|0 fnt\n|-damage|p2b: Glimmora|0 fnt\n|faint|p2a: Chi-Yu\n|faint|p2b: Glimmora\n|move|p1a: Amoonguss|Pollen Puff|p1b: Flutter Mane\n|-heal|p1b: Flutter Mane|77\/100 psn\n|\n|-damage|p1b: Flutter Mane|65\/100 psn|[from] psn\n|-damage|p1a: Amoonguss|82\/100 psn|[from] psn\n|upkeep\n|\n|t:|1683841933\n|switch|p2a: Dondozo|Dondozo, L50, M|100\/100\n|switch|p2b: Tatsugiri|Tatsugiri, L50, F|100\/100\n|-activate|p2b: Tatsugiri|ability: Commander|[of] p2a: Dondozo\n|-boost|p2a: Dondozo|atk|2\n|-boost|p2a: Dondozo|spa|2\n|-boost|p2a: Dondozo|spe|2\n|-boost|p2a: Dondozo|def|2\n|-boost|p2a: Dondozo|spd|2\n|turn|6\n|\n|t:|1683841950\n|-terastallize|p2a: Dondozo|Grass\n|move|p1b: Flutter Mane|Dazzling Gleam|p2a: Dondozo|[spread] p2a\n|-miss|p1b: Flutter Mane|p2b: Tatsugiri\n|-damage|p2a: Dondozo|80\/100\n|move|p2a: Dondozo|Tera Blast|p1a: Amoonguss\n|-supereffective|p1a: Amoonguss\n|-damage|p1a: Amoonguss|0 fnt\n|faint|p1a: Amoonguss\n|\n|-heal|p2a: Dondozo|86\/100|[from] item: Leftovers\n|-damage|p1b: Flutter Mane|53\/100 psn|[from] psn\n|upkeep\n|turn|7\n|-message|iiinu forfeited.\n|\n|win|IeroTenparansu\n|raw|iiinu's rating: 1375 → 1350<\/strong> (-25 for losing)\n|raw|IeroTenparansu's rating: 1287 → 1318<\/strong> (+31 for winning)\n","uploadtime":1683841968,"views":7,"p1id":"iiinu","p2id":"ierotenparansu","formatid":"gen9vgc2023regulationc","rating":1318,"private":0,"password":""}