{"id":"gen9vgc2023regulationc-1859858322","p1":"LobsterLiveGaming","p2":"citrussnapple","format":"[Gen 9] VGC 2023 Regulation C","log":"|j|\u2606LobsterLiveGaming\n|j|\u2606citrussnapple\n|t:|1683570411\n|gametype|doubles\n|player|p1|LobsterLiveGaming|darach-caitlin|1068\n|player|p2|citrussnapple|liza|1061\n|teamsize|p1|6\n|teamsize|p2|6\n|gen|9\n|tier|[Gen 9] VGC 2023 Regulation C\n|rated|\n|rule|Species Clause: Limit one of each Pok\u00e9mon\n|rule|Item Clause: Limit one of each item\n|clearpoke\n|poke|p1|Gastrodon-East, L50, F|\n|poke|p1|Chi-Yu, L50|\n|poke|p1|Drednaw, L50, M|\n|poke|p1|Pelipper, L50, F|\n|poke|p1|Flutter Mane, L50|\n|poke|p1|Amoonguss, L50, F|\n|poke|p2|Amoonguss, L50, F|\n|poke|p2|Scream Tail, L50|\n|poke|p2|Orthworm, L50, F|\n|poke|p2|Gothitelle, L50, F|\n|poke|p2|Flutter Mane, L50|\n|poke|p2|Torkoal, L50, F|\n|teampreview|4\n|inactive|Battle timer is ON: inactive players will automatically lose when time's up. (requested by LobsterLiveGaming)\n|\n|t:|1683570427\n|start\n|switch|p1a: Chi-Yu|Chi-Yu, L50|100\/100\n|switch|p1b: Gastrodon|Gastrodon-East, L50, F|100\/100\n|switch|p2a: Orthworm|Orthworm, L50, F|100\/100\n|switch|p2b: Torkoal|Torkoal, L50, F|100\/100\n|-ability|p1a: Chi-Yu|Beads of Ruin\n|-weather|SunnyDay|[from] ability: Drought|[of] p2b: Torkoal\n|turn|1\n|\n|t:|1683570444\n|move|p1a: Chi-Yu|Heat Wave|p2a: Orthworm|[spread] p2a,p2b\n|-supereffective|p2a: Orthworm\n|-resisted|p2b: Torkoal\n|-damage|p2a: Orthworm|0 fnt\n|-damage|p2b: Torkoal|25\/100\n|faint|p2a: Orthworm\n|-damage|p1a: Chi-Yu|90\/100|[from] item: Life Orb\n|move|p1b: Gastrodon|Earth Power|p2b: Torkoal\n|-supereffective|p2b: Torkoal\n|-damage|p2b: Torkoal|0 fnt\n|faint|p2b: Torkoal\n|\n|-weather|SunnyDay|[upkeep]\n|upkeep\n|\n|t:|1683570455\n|switch|p2a: Scream Tail|Scream Tail, L50|100\/100\n|switch|p2b: Flutter Mane|Flutter Mane, L50|100\/100\n|-activate|p2a: Scream Tail|ability: Protosynthesis\n|-start|p2a: Scream Tail|protosynthesisspd\n|-activate|p2b: Flutter Mane|ability: Protosynthesis\n|-start|p2b: Flutter Mane|protosynthesisspd\n|turn|2\n|inactive|LobsterLiveGaming has 30 seconds left.\n|inactive|LobsterLiveGaming has 20 seconds left.\n|\n|t:|1683570492\n|move|p2b: Flutter Mane|Protect|p2b: Flutter Mane\n|-singleturn|p2b: Flutter Mane|Protect\n|move|p1a: Chi-Yu|Heat Wave|p2a: Scream Tail|[spread] p2a\n|-activate|p2b: Flutter Mane|move: Protect\n|-damage|p2a: Scream Tail|51\/100\n|-damage|p1a: Chi-Yu|80\/100|[from] item: Life Orb\n|move|p2a: Scream Tail|Disable|p1a: Chi-Yu\n|-start|p1a: Chi-Yu|Disable|Heat Wave\n|move|p1b: Gastrodon|Clear Smog|p2b: Flutter Mane\n|-activate|p2b: Flutter Mane|move: Protect\n|\n|-weather|SunnyDay|[upkeep]\n|upkeep\n|turn|3\n|inactive|citrussnapple has 30 seconds left.\n|inactive|citrussnapple has 20 seconds left.\n|\n|t:|1683570529\n|move|p1a: Chi-Yu|Dark Pulse|p2a: Scream Tail\n|-damage|p2a: Scream Tail|15\/100\n|-damage|p1a: Chi-Yu|70\/100|[from] item: Life Orb\n|move|p2a: Scream Tail|Disable|p1b: Gastrodon\n|-start|p1b: Gastrodon|Disable|Clear Smog\n|cant|p1b: Gastrodon|Disable|Clear Smog\n|move|p2b: Flutter Mane|Trick Room|p2b: Flutter Mane\n|-fieldstart|move: Trick Room|[of] p2b: Flutter Mane\n|\n|-weather|SunnyDay|[upkeep]\n|upkeep\n|turn|4\n|inactive|LobsterLiveGaming has 30 seconds left.\n|inactive|LobsterLiveGaming has 20 seconds left.\n|\n|t:|1683570565\n|move|p2a: Scream Tail|Protect|p2a: Scream Tail\n|-singleturn|p2a: Scream Tail|Protect\n|move|p1b: Gastrodon|Muddy Water|p2b: Flutter Mane|[spread] p2b\n|-activate|p2a: Scream Tail|move: Protect\n|-damage|p2b: Flutter Mane|89\/100\n|move|p2b: Flutter Mane|Perish Song|p2b: Flutter Mane\n|-start|p1a: Chi-Yu|perish3|[silent]\n|-start|p1b: Gastrodon|perish3|[silent]\n|-start|p2a: Scream Tail|perish3|[silent]\n|-start|p2b: Flutter Mane|perish3|[silent]\n|-fieldactivate|move: Perish Song\n|move|p1a: Chi-Yu|Dark Pulse|p2a: Scream Tail\n|-activate|p2a: Scream Tail|move: Protect\n|\n|-weather|SunnyDay|[upkeep]\n|-start|p1b: Gastrodon|perish3\n|-start|p2b: Flutter Mane|perish3\n|-start|p2a: Scream Tail|perish3\n|-start|p1a: Chi-Yu|perish3\n|upkeep\n|turn|5\n|c|\u2606LobsterLiveGaming|?\n|inactive|citrussnapple has 30 seconds left.\n|c|\u2606citrussnapple|idk lol\n|inactive|citrussnapple has 20 seconds left.\n|inactive|citrussnapple has 15 seconds left.\n|c|\u2606citrussnapple|just having a bit of a goof\n|inactive|citrussnapple has 10 seconds left.\n|\n|t:|1683570614\n|move|p1b: Gastrodon|Protect|p1b: Gastrodon\n|-singleturn|p1b: Gastrodon|Protect\n|move|p2b: Flutter Mane|Protect|p2b: Flutter Mane\n|-singleturn|p2b: Flutter Mane|Protect\n|move|p1a: Chi-Yu|Protect|p1a: Chi-Yu\n|-singleturn|p1a: Chi-Yu|Protect\n|move|p2a: Scream Tail|Play Rough|p1a: Chi-Yu\n|-activate|p1a: Chi-Yu|move: Protect\n|\n|-weather|none\n|-end|p2b: Flutter Mane|Protosynthesis\n|-end|p2a: Scream Tail|Protosynthesis\n|-start|p1b: Gastrodon|perish2\n|-start|p2b: Flutter Mane|perish2\n|-start|p2a: Scream Tail|perish2\n|-start|p1a: Chi-Yu|perish2\n|upkeep\n|turn|6\n|c|\u2606LobsterLiveGaming|gg\n|c|\u2606citrussnapple|gg\n|-message|citrussnapple forfeited.\n|\n|win|LobsterLiveGaming\n|raw|LobsterLiveGaming's rating: 1068 → 1097<\/strong> (+29 for winning)\n|raw|citrussnapple's rating: 1061 → 1042<\/strong> (-19 for losing)\n|l|\u2606citrussnapple\n","uploadtime":1683570631,"views":18,"p1id":"lobsterlivegaming","p2id":"citrussnapple","formatid":"gen9vgc2023regulationc","rating":1042,"private":0,"password":""}