{"id":"gen9vgc2023regulationc-1845992201","p1":"ZedRiverVGC","p2":"lefloseug","format":"[Gen 9] VGC 2023 Regulation C","log":"|j|\u2606ZedRiverVGC\n|j|\u2606lefloseug\n|t:|1681788332\n|gametype|doubles\n|player|p1|ZedRiverVGC|265|1191\n|player|p2|lefloseug|grimsley|1159\n|teamsize|p1|6\n|teamsize|p2|6\n|gen|9\n|tier|[Gen 9] VGC 2023 Regulation C\n|rated|\n|rule|Species Clause: Limit one of each Pok\u00e9mon\n|rule|Item Clause: Limit one of each item\n|clearpoke\n|poke|p1|Volcarona, L50, F|\n|poke|p1|Baxcalibur, L50, M|\n|poke|p1|Hariyama, L50, F|\n|poke|p1|Grimmsnarl, L50, M|\n|poke|p1|Kingambit, L50, F|\n|poke|p1|Oranguru, L50, F|\n|poke|p2|Ting-Lu, L50|\n|poke|p2|Flutter Mane, L50|\n|poke|p2|Chi-Yu, L50|\n|poke|p2|Gyarados, L50, M|\n|poke|p2|Baxcalibur, L50, M|\n|poke|p2|Amoonguss, L50, M|\n|teampreview|4\nZedRiverVGC has agreed to open team sheets.\n|\n|t:|1681788387\n|start\n|switch|p1a: Hariyama|Hariyama, L50, F|100\/100\n|switch|p1b: Kingambit|Kingambit, L50, F|100\/100\n|switch|p2a: Chi-Yu|Chi-Yu, L50|100\/100\n|switch|p2b: Baxcalibur|Baxcalibur, L50, M|100\/100\n|-ability|p2a: Chi-Yu|Beads of Ruin\n|turn|1\n|\n|t:|1681788396\n|-terastallize|p2a: Chi-Yu|Ghost\n|move|p1a: Hariyama|Fake Out|p2a: Chi-Yu\n|-immune|p2a: Chi-Yu\n|move|p2a: Chi-Yu|Heat Wave|p1a: Hariyama|[spread] p1a,p1b\n|-supereffective|p1b: Kingambit\n|-damage|p1a: Hariyama|48\/100\n|-damage|p1b: Kingambit|33\/100\n|move|p2b: Baxcalibur|Glaive Rush|p1a: Hariyama\n|-damage|p1a: Hariyama|0 fnt\n|-singlemove|p2b: Baxcalibur|Glaive Rush|[silent]\n|faint|p1a: Hariyama\n|move|p1b: Kingambit|Iron Head|p2b: Baxcalibur\n|-supereffective|p2b: Baxcalibur\n|-damage|p2b: Baxcalibur|0 fnt\n|faint|p2b: Baxcalibur\n|\n|upkeep\n|\n|t:|1681788409\n|switch|p2b: Ting-Lu|Ting-Lu, L50|100\/100\n|switch|p1a: Oranguru|Oranguru, L50, F|100\/100\n|-ability|p2b: Ting-Lu|Vessel of Ruin\n|turn|2\n|\n|t:|1681788425\n|switch|p2a: Flutter Mane|Flutter Mane, L50|100\/100\n|-enditem|p2a: Flutter Mane|Booster Energy\n|-activate|p2a: Flutter Mane|ability: Protosynthesis|[fromitem]\n|-start|p2a: Flutter Mane|protosynthesisspa\n|switch|p1a: Baxcalibur|Baxcalibur, L50, M|100\/100\n|move|p1b: Kingambit|Sucker Punch||[still]\n|-fail|p1b: Kingambit\n|move|p2b: Ting-Lu|Stomping Tantrum|p1b: Kingambit\n|-supereffective|p1b: Kingambit\n|-damage|p1b: Kingambit|0 fnt\n|faint|p1b: Kingambit\n|\n|upkeep\n|\n|t:|1681788428\n|switch|p1b: Oranguru|Oranguru, L50, F|100\/100\n|turn|3\n|\n|t:|1681788443\n|-terastallize|p1a: Baxcalibur|Ice\n|move|p2a: Flutter Mane|Moonblast|p1a: Baxcalibur\n|-damage|p1a: Baxcalibur|55\/100\n|-unboost|p1a: Baxcalibur|spa|1\n|move|p1a: Baxcalibur|Dragon Dance|p1a: Baxcalibur\n|-boost|p1a: Baxcalibur|atk|1\n|-boost|p1a: Baxcalibur|spe|1\n|move|p1b: Oranguru|Instruct|p1a: Baxcalibur\n|-singleturn|p1a: Baxcalibur|move: Instruct|[of] p1b: Oranguru\n|move|p1a: Baxcalibur|Dragon Dance|p1a: Baxcalibur\n|-boost|p1a: Baxcalibur|atk|1\n|-boost|p1a: Baxcalibur|spe|1\n|move|p2b: Ting-Lu|Fissure|p1b: Oranguru|[miss]\n|-miss|p2b: Ting-Lu|p1b: Oranguru\n|\n|upkeep\n|turn|4\n|\n|t:|1681788461\n|move|p1a: Baxcalibur|Icicle Spear|p2a: Flutter Mane\n|-damage|p2a: Flutter Mane|43\/100\n|-damage|p2a: Flutter Mane|0 fnt\n|faint|p2a: Flutter Mane\n|-end|p2a: Flutter Mane|Protosynthesis|[silent]\n|-hitcount|p2: Flutter Mane|2\n|move|p1b: Oranguru|Instruct|p1a: Baxcalibur\n|-singleturn|p1a: Baxcalibur|move: Instruct|[of] p1b: Oranguru\n|move|p1a: Baxcalibur|Icicle Spear|p2b: Ting-Lu\n|-supereffective|p2b: Ting-Lu\n|-damage|p2b: Ting-Lu|50\/100\n|-supereffective|p2b: Ting-Lu\n|-damage|p2b: Ting-Lu|3\/100\n|-supereffective|p2b: Ting-Lu\n|-damage|p2b: Ting-Lu|0 fnt\n|faint|p2b: Ting-Lu\n|-hitcount|p2: Ting-Lu|3\n|\n|upkeep\n|\n|t:|1681788465\n|switch|p2b: Chi-Yu|Chi-Yu, L50, tera:Ghost|100\/100\n|-ability|p2b: Chi-Yu|Beads of Ruin\n|turn|5\n|\n|t:|1681788475\n|move|p1a: Baxcalibur|Icicle Spear|p2b: Chi-Yu\n|-damage|p2b: Chi-Yu|33\/100\n|-damage|p2b: Chi-Yu|0 fnt\n|faint|p2b: Chi-Yu\n|-hitcount|p2: Chi-Yu|2\n|\n|win|ZedRiverVGC\n|raw|ZedRiverVGC's rating: 1191 → 1214<\/strong> (+23 for winning)\n|raw|lefloseug's rating: 1159 → 1136<\/strong> (-23 for losing)\n|l|\u2606lefloseug\n|c|\u2606ZedRiverVGC|ggwp\n","uploadtime":1681788483,"views":8,"p1id":"zedrivervgc","p2id":"lefloseug","formatid":"gen9vgc2023regulationc","rating":1136,"private":0,"password":""}