{"id":"gen9vgc2023regulationc-1860035274","p1":"Slimmora","p2":"Determewnation","format":"[Gen 9] VGC 2023 Regulation C","log":"|j|\u2606Slimmora\n|j|\u2606Determewnation\n|t:|1683587631\n|gametype|doubles\n|player|p1|Slimmora|170|1371\n|player|p2|Determewnation|akari-isekai|1445\n|teamsize|p1|6\n|teamsize|p2|6\n|gen|9\n|tier|[Gen 9] VGC 2023 Regulation C\n|rated|\n|rule|Species Clause: Limit one of each Pok\u00e9mon\n|rule|Item Clause: Limit one of each item\n|clearpoke\n|poke|p1|Iron Bundle, L50|\n|poke|p1|Gallade, L50, M|\n|poke|p1|Corviknight, L50, M|\n|poke|p1|Chien-Pao, L50|\n|poke|p1|Dragapult, L50, M|\n|poke|p1|Azumarill, L50, F|\n|poke|p2|Goodra, L50, F|\n|poke|p2|Murkrow, L50, F|\n|poke|p2|Meowscarada, L50, F|\n|poke|p2|Gholdengo, L50|\n|poke|p2|Indeedee-F, L50, F|\n|poke|p2|Iron Treads, L50|\n|teampreview|4\nSlimmora has agreed to open team sheets.\nDetermewnation has agreed to open team sheets.\n|inactive|Battle timer is ON: inactive players will automatically lose when time's up. (requested by Slimmora)\n|\n|t:|1683587717\n|start\n|switch|p1a: Pao-Pao|Chien-Pao, L50|100\/100\n|switch|p1b: Dauntless|Corviknight, L50, M|100\/100\n|switch|p2a: Murkrow|Murkrow, L50, F|100\/100\n|switch|p2b: Gholdengo|Gholdengo, L50|100\/100\n|-ability|p1a: Pao-Pao|Sword of Ruin\n|turn|1\n|inactive|Determewnation has 30 seconds left.\n|\n|t:|1683587744\n|move|p2b: Gholdengo|Protect|p2b: Gholdengo\n|-singleturn|p2b: Gholdengo|Protect\n|move|p2a: Murkrow|Tailwind|p2a: Murkrow\n|-sidestart|p2: Determewnation|move: Tailwind\n|move|p1a: Pao-Pao|Throat Chop|p2b: Gholdengo\n|-activate|p2b: Gholdengo|move: Protect\n|move|p1b: Dauntless|Taunt|p2a: Murkrow\n|-start|p2a: Murkrow|move: Taunt\n|\n|upkeep\n|turn|2\n|\n|t:|1683587762\n|move|p1a: Pao-Pao|Protect|p1a: Pao-Pao\n|-singleturn|p1a: Pao-Pao|Protect\n|move|p2b: Gholdengo|Nasty Plot|p2b: Gholdengo\n|-boost|p2b: Gholdengo|spa|2\n|move|p2a: Murkrow|Foul Play|p1b: Dauntless\n|-damage|p1b: Dauntless|66\/100\n|move|p1b: Dauntless|Tailwind|p1b: Dauntless\n|-sidestart|p1: Slimmora|move: Tailwind\n|\n|-heal|p1b: Dauntless|72\/100|[from] item: Leftovers\n|upkeep\n|turn|3\n|\n|t:|1683587780\n|-terastallize|p2b: Gholdengo|Steel\n|move|p1a: Pao-Pao|Haze|p1a: Pao-Pao\n|-clearallboost\n|move|p2b: Gholdengo|Make It Rain|p1a: Pao-Pao|[spread] p1a,p1b\n|-supereffective|p1a: Pao-Pao\n|-resisted|p1b: Dauntless\n|-enditem|p1a: Pao-Pao|Focus Sash\n|-damage|p1a: Pao-Pao|1\/100\n|-damage|p1b: Dauntless|36\/100\n|-unboost|p2b: Gholdengo|spa|1\n|-damage|p2b: Gholdengo|91\/100|[from] item: Life Orb\n|move|p2a: Murkrow|Foul Play|p1a: Pao-Pao\n|-resisted|p1a: Pao-Pao\n|-damage|p1a: Pao-Pao|0 fnt\n|faint|p1a: Pao-Pao\n|move|p1b: Dauntless|Iron Head|p2a: Murkrow\n|-damage|p2a: Murkrow|75\/100\n|\n|-heal|p1b: Dauntless|42\/100|[from] item: Leftovers\n|upkeep\n|\n|t:|1683587803\n|switch|p1a: Snippers|Gallade, L50, M|100\/100\n|turn|4\n|\n|t:|1683587819\n|-terastallize|p1a: Snippers|Steel\n|move|p2b: Gholdengo|Shadow Ball|p1a: Snippers\n|-damage|p1a: Snippers|62\/100\n|-damage|p2b: Gholdengo|81\/100|[from] item: Life Orb\n|move|p1a: Snippers|Sacred Sword|p2a: Murkrow\n|-damage|p2a: Murkrow|2\/100\n|move|p2a: Murkrow|Foul Play|p1a: Snippers\n|-damage|p1a: Snippers|0 fnt\n|faint|p1a: Snippers\n|move|p1b: Dauntless|Iron Head|p2b: Gholdengo\n|-resisted|p2b: Gholdengo\n|-damage|p2b: Gholdengo|68\/100\n|\n|-heal|p1b: Dauntless|48\/100|[from] item: Leftovers\n|-end|p2a: Murkrow|move: Taunt\n|-sideend|p2: Determewnation|move: Tailwind\n|upkeep\n|\n|t:|1683587838\n|switch|p1a: Azumarill|Azumarill, L50, F|100\/100\n|turn|5\n|\n|t:|1683587861\n|move|p2a: Murkrow|Tailwind|p2a: Murkrow\n|-sidestart|p2: Determewnation|move: Tailwind\n|move|p2b: Gholdengo|Shadow Ball|p1b: Dauntless\n|-damage|p1b: Dauntless|15\/100\n|-damage|p2b: Gholdengo|58\/100|[from] item: Life Orb\n|move|p1b: Dauntless|Brave Bird|p2a: Murkrow\n|-damage|p2a: Murkrow|0 fnt\n|faint|p2a: Murkrow\n|-damage|p1b: Dauntless|15\/100|[from] Recoil\n|move|p1a: Azumarill|Liquidation|p2b: Gholdengo\n|-damage|p2b: Gholdengo|0 fnt\n|faint|p2b: Gholdengo\n|\n|-heal|p1b: Dauntless|20\/100|[from] item: Leftovers\n|-sideend|p1: Slimmora|move: Tailwind\n|upkeep\n|\n|t:|1683587870\n|switch|p2b: Goodra|Goodra, L50, F, shiny|100\/100\n|switch|p2a: Meowscarada|Meowscarada, L50, F|100\/100\n|turn|6\n|\n|t:|1683587886\n|move|p1a: Azumarill|Protect|p1a: Azumarill\n|-singleturn|p1a: Azumarill|Protect\n|move|p2a: Meowscarada|Flower Trick|p1a: Azumarill\n|-start|p2a: Meowscarada|typechange|Grass|[from] ability: Protean\n|-activate|p1a: Azumarill|move: Protect\n|move|p2b: Goodra|Flamethrower|p1b: Dauntless\n|-supereffective|p1b: Dauntless\n|-damage|p1b: Dauntless|0 fnt\n|faint|p1b: Dauntless\n|\n|upkeep\n|turn|7\n|\n|t:|1683587900\n|move|p2a: Meowscarada|Flower Trick|p1a: Azumarill\n|-supereffective|p1a: Azumarill\n|-crit|p1a: Azumarill\n|-damage|p1a: Azumarill|0 fnt\n|faint|p1a: Azumarill\n|\n|win|Determewnation\n|raw|Slimmora's rating: 1371 → 1355<\/strong> (-16 for losing)\n|raw|Determewnation's rating: 1445 → 1461<\/strong> (+16 for winning)\n|l|\u2606Slimmora\n","uploadtime":1683588021,"views":13,"p1id":"slimmora","p2id":"determewnation","formatid":"gen9vgc2023regulationc","rating":1355,"private":0,"password":""}