{"id":"gen9vgc2023regulationc-1846689795","p1":"Ilgemelli","p2":"Sprye0216","format":"[Gen 9] VGC 2023 Regulation C","log":"|j|\u2606Ilgemelli\n|j|\u2606Sprye0216\n|t:|1681866217\n|gametype|doubles\n|player|p1|Ilgemelli|clown|1166\n|player|p2|Sprye0216|skyla|1094\n|teamsize|p1|6\n|teamsize|p2|6\n|gen|9\n|tier|[Gen 9] VGC 2023 Regulation C\n|rated|\n|rule|Species Clause: Limit one of each Pok\u00e9mon\n|rule|Item Clause: Limit one of each item\n|clearpoke\n|poke|p1|Tinkaton, L50, F|\n|poke|p1|Arcanine, L50, F|\n|poke|p1|Amoonguss, L50, F|\n|poke|p1|Annihilape, L50, F|\n|poke|p1|Murkrow, L50, F|\n|poke|p1|Glimmora, L50, F|\n|poke|p2|Arcanine, L50, M|\n|poke|p2|Flutter Mane, L50|\n|poke|p2|Chien-Pao, L50|\n|poke|p2|Dragapult, L50, F|\n|poke|p2|Amoonguss, L50, F|\n|poke|p2|Palafin, L50, M|\n|teampreview|4\n|\n|t:|1681866248\n|start\n|switch|p1a: Tinkaton|Tinkaton, L50, F|100\/100\n|switch|p1b: Glimmora|Glimmora, L50, F|100\/100\n|switch|p2a: Flutter Mane|Flutter Mane, L50|100\/100\n|switch|p2b: Palafin|Palafin, L50, M|100\/100\n|-enditem|p2a: Flutter Mane|Booster Energy\n|-activate|p2a: Flutter Mane|ability: Protosynthesis|[fromitem]\n|-start|p2a: Flutter Mane|protosynthesisspe\n|turn|1\n|\n|t:|1681866277\n|detailschange|p2b: Palafin|Palafin-Hero, L50, M\n|switch|p2b: Chien-Pao|Chien-Pao, L50|100\/100\n|-ability|p2b: Chien-Pao|Sword of Ruin\n|move|p2a: Flutter Mane|Protect|p2a: Flutter Mane\n|-singleturn|p2a: Flutter Mane|Protect\n|move|p1a: Tinkaton|Gigaton Hammer|p2a: Flutter Mane\n|-activate|p2a: Flutter Mane|move: Protect\n|move|p1b: Glimmora|Earth Power|p2b: Chien-Pao\n|-damage|p2b: Chien-Pao|11\/100\n|\n|upkeep\n|turn|2\n|\n|t:|1681866305\n|-end|p2a: Flutter Mane|Protosynthesis|[silent]\n|switch|p2a: Palafin|Palafin-Hero, L50, M|100\/100\n|-activate|p2a: Palafin|ability: Zero to Hero\n|move|p2b: Chien-Pao|Ice Spinner|p1b: Glimmora\n|-damage|p1b: Glimmora|37\/100\n|-activate|p1b: Glimmora|ability: Toxic Debris\n|-sidestart|p2: Sprye0216|move: Toxic Spikes\n|move|p1a: Tinkaton|Knock Off|p2b: Chien-Pao\n|-resisted|p2b: Chien-Pao\n|-damage|p2b: Chien-Pao|0 fnt\n|-enditem|p2b: Chien-Pao|Focus Sash|[from] move: Knock Off|[of] p1a: Tinkaton\n|faint|p2b: Chien-Pao\n|move|p1b: Glimmora|Earth Power|p2a: Palafin\n|-damage|p2a: Palafin|50\/100\n|\n|upkeep\n|\n|t:|1681866321\n|switch|p2b: Dragapult|Dragapult, L50, F|100\/100\n|-status|p2b: Dragapult|psn\n|turn|3\n|\n|t:|1681866342\n|switch|p1b: Arcanine|Arcanine, L50, F, shiny|100\/100\n|-ability|p1b: Arcanine|Intimidate|boost\n|-unboost|p2a: Palafin|atk|1\n|-fail|p2b: Dragapult|unboost|[from] ability: Clear Body|[of] p2b: Dragapult\n|move|p2b: Dragapult|Dragon Darts|p1b: Arcanine\n|-damage|p1b: Arcanine|54\/100\n|-anim|p2b: Dragapult|Dragon Darts|p1b: Arcanine\n|-damage|p1b: Arcanine|8\/100\n|-enditem|p1b: Arcanine|Aguav Berry|[eat]\n|-heal|p1b: Arcanine|41\/100|[from] item: Aguav Berry\n|move|p1a: Tinkaton|Play Rough|p2a: Palafin\n|-damage|p2a: Palafin|16\/100\n|move|p2a: Palafin|Drain Punch|p1a: Tinkaton\n|-damage|p1a: Tinkaton|67\/100\n|-heal|p2a: Palafin|29\/100|[from] drain|[of] p1a: Tinkaton\n|\n|-damage|p2b: Dragapult|88\/100 psn|[from] psn\n|upkeep\n|turn|4\n|\n|t:|1681866382\n|-terastallize|p1b: Arcanine|Water\n|move|p2b: Dragapult|Dragon Darts|p1b: Arcanine\n|-damage|p1b: Arcanine|0 fnt\n|faint|p1b: Arcanine\n|move|p1a: Tinkaton|Play Rough|p2b: Dragapult|[miss]\n|-miss|p1a: Tinkaton|p2b: Dragapult\n|move|p2a: Palafin|Drain Punch|p1a: Tinkaton\n|-damage|p1a: Tinkaton|35\/100\n|-heal|p2a: Palafin|42\/100|[from] drain|[of] p1a: Tinkaton\n|\n|-damage|p2b: Dragapult|76\/100 psn|[from] psn\n|upkeep\n|\n|t:|1681866397\n|switch|p1b: Murkrow|Murkrow, L50, F, shiny|100\/100\n|turn|5\n|\n|t:|1681866406\n|move|p1b: Murkrow|Tailwind|p1b: Murkrow\n|-sidestart|p1: Ilgemelli|move: Tailwind\n|move|p1a: Tinkaton|Play Rough|p2a: Palafin\n|-damage|p2a: Palafin|11\/100\n|move|p2b: Dragapult|Dragon Darts|p1b: Murkrow\n|-damage|p1b: Murkrow|59\/100\n|-anim|p2b: Dragapult|Dragon Darts|p1b: Murkrow\n|-damage|p1b: Murkrow|14\/100\n|move|p2a: Palafin|Drain Punch|p1a: Tinkaton\n|-damage|p1a: Tinkaton|5\/100\n|-heal|p2a: Palafin|23\/100|[from] drain|[of] p1a: Tinkaton\n|\n|-damage|p2b: Dragapult|64\/100 psn|[from] psn\n|upkeep\n|turn|6\n|\n|t:|1681866430\n|-terastallize|p2b: Dragapult|Dragon\n|move|p2a: Palafin|Jet Punch|p1a: Tinkaton\n|-damage|p1a: Tinkaton|0 fnt\n|faint|p1a: Tinkaton\n|move|p1b: Murkrow|Foul Play|p2b: Dragapult\n|-damage|p2b: Dragapult|0 fnt\n|faint|p2b: Dragapult\n|\n|upkeep\n|\n|t:|1681866440\n|switch|p2b: Flutter Mane|Flutter Mane, L50|100\/100\n|switch|p1a: Glimmora|Glimmora, L50, F|37\/100\n|-status|p2b: Flutter Mane|psn\n|turn|7\n|\n|t:|1681866452\n|move|p2a: Palafin|Jet Punch|p1a: Glimmora\n|-supereffective|p1a: Glimmora\n|-damage|p1a: Glimmora|0 fnt\n|-activate|p1a: Glimmora|ability: Toxic Debris\n|-sidestart|p2: Sprye0216|move: Toxic Spikes\n|faint|p1a: Glimmora\n|move|p1b: Murkrow|Foul Play|p2a: Palafin\n|-damage|p2a: Palafin|0 fnt\n|faint|p2a: Palafin\n|move|p2b: Flutter Mane|Moonblast|p1b: Murkrow\n|-supereffective|p1b: Murkrow\n|-damage|p1b: Murkrow|0 fnt\n|faint|p1b: Murkrow\n|\n|win|Sprye0216\n|raw|Ilgemelli's rating: 1166 → 1136<\/strong> (-30 for losing)\n|raw|Sprye0216's rating: 1094 → 1125<\/strong> (+31 for winning)\n","uploadtime":1681866465,"views":15,"p1id":"ilgemelli","p2id":"sprye0216","formatid":"gen9vgc2023regulationc","rating":1125,"private":0,"password":""}