{"id":"gen9vgc2023regulationc-1861670693","p1":"LegendBtw","p2":"Kinacha","format":"[Gen 9] VGC 2023 Regulation C","log":"|j|\u2606LegendBtw\n|j|\u2606Kinacha\n|t:|1683791666\n|gametype|doubles\n|player|p1|LegendBtw|red-gen1|1287\n|player|p2|Kinacha|170|1320\n|teamsize|p1|6\n|teamsize|p2|6\n|gen|9\n|tier|[Gen 9] VGC 2023 Regulation C\n|rated|\n|rule|Species Clause: Limit one of each Pok\u00e9mon\n|rule|Item Clause: Limit one of each item\n|clearpoke\n|poke|p1|Amoonguss, L50, F|\n|poke|p1|Ting-Lu, L50|\n|poke|p1|Arcanine, L50, M|\n|poke|p1|Palafin, L50, F|\n|poke|p1|Flutter Mane, L50|\n|poke|p1|Chien-Pao, L50|\n|poke|p2|Kilowattrel, L50, F|\n|poke|p2|Talonflame, L50, M|\n|poke|p2|Dragalge, L50, F|\n|poke|p2|Clawitzer, L50, M|\n|poke|p2|Braviary, L50, M|\n|poke|p2|Flutter Mane, L50|\n|teampreview|4\n|inactive|Battle timer is ON: inactive players will automatically lose when time's up. (requested by Kinacha)\n|inactive|LegendBtw has 60 seconds left.\n|\n|t:|1683791748\n|start\n|switch|p1a: Chien-Pao|Chien-Pao, L50|100\/100\n|switch|p1b: Palafin|Palafin, L50, F|100\/100\n|switch|p2a: Kilowattrel|Kilowattrel, L50, F|100\/100\n|switch|p2b: Talonflame|Talonflame, L50, M|100\/100\n|-ability|p1a: Chien-Pao|Sword of Ruin\n|turn|1\n|\n|t:|1683791762\n|detailschange|p1b: Palafin|Palafin-Hero, L50, F\n|switch|p1b: Ting-Lu|Ting-Lu, L50|100\/100\n|-ability|p1b: Ting-Lu|Vessel of Ruin\n|move|p1a: Chien-Pao|Protect|p1a: Chien-Pao\n|-singleturn|p1a: Chien-Pao|Protect\n|move|p2b: Talonflame|Tailwind|p2b: Talonflame\n|-sidestart|p2: Kinacha|move: Tailwind\n|-start|p2a: Kilowattrel|Charge|Tailwind|[from] ability: Wind Power\n|move|p2a: Kilowattrel|Electro Ball|p1a: Chien-Pao\n|-activate|p1a: Chien-Pao|move: Protect\n|-end|p2a: Kilowattrel|Charge|[silent]\n|\n|upkeep\n|turn|2\n|inactive|LegendBtw has 30 seconds left.\n|\n|t:|1683791789\n|move|p2b: Talonflame|U-turn|p1b: Ting-Lu\n|-supereffective|p1b: Ting-Lu\n|-crit|p1b: Ting-Lu\n|-damage|p1b: Ting-Lu|55\/100\n|\n|t:|1683791793\n|switch|p2b: Braviary|Braviary, L50, M|100\/100|[from] U-turn\n|move|p2a: Kilowattrel|Electro Ball|p1a: Chien-Pao\n|-damage|p1a: Chien-Pao|52\/100\n|move|p1a: Chien-Pao|Ice Spinner|p2a: Kilowattrel\n|-supereffective|p2a: Kilowattrel\n|-damage|p2a: Kilowattrel|0 fnt\n|faint|p2a: Kilowattrel\n|move|p1b: Ting-Lu|Ruination|p2b: Braviary\n|-damage|p2b: Braviary|51\/100\n|\n|upkeep\n|\n|t:|1683791804\n|switch|p2a: Talonflame|Talonflame, L50, M|100\/100\n|turn|3\n|inactive|LegendBtw has 30 seconds left.\n|inactive|Kinacha has 30 seconds left.\n|\n|t:|1683791836\n|switch|p1b: Amoonguss|Amoonguss, L50, F|100\/100\n|-terastallize|p2b: Braviary|Fighting\n|move|p1a: Chien-Pao|Protect|p1a: Chien-Pao\n|-singleturn|p1a: Chien-Pao|Protect\n|move|p2a: Talonflame|Flare Blitz|p1a: Chien-Pao\n|-activate|p1a: Chien-Pao|move: Protect\n|move|p2b: Braviary|Close Combat|p1b: Amoonguss\n|-resisted|p1b: Amoonguss\n|-damage|p1b: Amoonguss|60\/100\n|-unboost|p2b: Braviary|def|1\n|-unboost|p2b: Braviary|spd|1\n|-damage|p2b: Braviary|41\/100|[from] item: Life Orb\n|\n|upkeep\n|turn|4\n|inactive|LegendBtw has 30 seconds left.\n|inactive|LegendBtw has 20 seconds left.\n|inactive|LegendBtw has 15 seconds left.\n|\n|t:|1683791878\n|move|p1b: Amoonguss|Rage Powder|p1b: Amoonguss\n|-singleturn|p1b: Amoonguss|move: Rage Powder\n|move|p1a: Chien-Pao|Sucker Punch|p2b: Braviary\n|-resisted|p2b: Braviary\n|-damage|p2b: Braviary|0 fnt\n|faint|p2b: Braviary\n|move|p2a: Talonflame|Flare Blitz|p1b: Amoonguss\n|-supereffective|p1b: Amoonguss\n|-damage|p1b: Amoonguss|0 fnt\n|faint|p1b: Amoonguss\n|-damage|p2a: Talonflame|72\/100|[from] Recoil\n|\n|-sideend|p2: Kinacha|move: Tailwind\n|upkeep\n|\n|t:|1683791883\n|switch|p2b: Flutter Mane|Flutter Mane, L50|100\/100\n|switch|p1b: Palafin|Palafin-Hero, L50, F|100\/100\n|-activate|p1b: Palafin|ability: Zero to Hero\n|-enditem|p2b: Flutter Mane|Booster Energy\n|-activate|p2b: Flutter Mane|ability: Protosynthesis|[fromitem]\n|-start|p2b: Flutter Mane|protosynthesisspe\n|turn|5\n|\n|t:|1683791898\n|move|p1a: Chien-Pao|Sucker Punch|p2b: Flutter Mane\n|-damage|p2b: Flutter Mane|0 fnt\n|faint|p2b: Flutter Mane\n|-end|p2b: Flutter Mane|Protosynthesis|[silent]\n|move|p1b: Palafin|Jet Punch|p2a: Talonflame\n|-supereffective|p2a: Talonflame\n|-damage|p2a: Talonflame|0 fnt\n|faint|p2a: Talonflame\n|\n|win|LegendBtw\n|raw|LegendBtw's rating: 1287 → 1314<\/strong> (+27 for winning)\n|raw|Kinacha's rating: 1320 → 1298<\/strong> (-22 for losing)\n|l|\u2606Kinacha\n","uploadtime":1683791907,"views":15,"p1id":"legendbtw","p2id":"kinacha","formatid":"gen9vgc2023regulationc","rating":1298,"private":0,"password":""}