{"id":"gen9vgc2023regulationc-1863293673","p1":"appokalypstik","p2":"Tempest brute","format":"[Gen 9] VGC 2023 Regulation C","log":"|j|\u2606appokalypstik\n|j|\u2606Tempest brute\n|t:|1683998899\n|gametype|doubles\n|player|p1|appokalypstik|roxie|\n|player|p2|Tempest brute|veteran|\n|teamsize|p1|6\n|teamsize|p2|5\n|gen|9\n|tier|[Gen 9] VGC 2023 Regulation C\n|rated|Tournament battle\n|rule|Species Clause: Limit one of each Pok\u00e9mon\n|rule|Item Clause: Limit one of each item\n|clearpoke\n|poke|p1|Wo-Chien, L50|\n|poke|p1|Farigiraf, L50, M|\n|poke|p1|Murkrow, L50, F|\n|poke|p1|Rotom-Wash, L50|\n|poke|p1|Great Tusk, L50|\n|poke|p1|Chi-Yu, L50|\n|poke|p2|Ting-Lu, L50|\n|poke|p2|Roaring Moon, L50|\n|poke|p2|Klefki, L50, M|\n|poke|p2|Skeledirge, L50, M|\n|poke|p2|Arboliva, L50, F|\n|teampreview|4\n|raw| Open Team Sheet for appokalypstik<\/summary>Wo-Chien-Goobs (Wo-Chien) @ Leftovers Ability: Tablets of Ruin Level: 50 Tera Type: Poison - Foul Play - Pollen Puff - Leech Seed - Protect Fig (Farigiraf) @ Life Orb Ability: Armor Tail Level: 50 Tera Type: Fairy - Psyshock - Dazzling Gleam - Protect - Trick Room Goobrow (Murkrow) @ Focus Sash Ability: Prankster Level: 50 Tera Type: Flying - Brave Bird - Tailwind - Haze - Quash Rotom-Goob (Rotom-Wash) @ Sitrus Berry Ability: Levitate Level: 50 Tera Type: Electric - Discharge - Hydro Pump - Will-O-Wisp - Thunderbolt Great Goob (Great Tusk) @ Choice Band Ability: Protosynthesis Level: 50 Hidden Power: Fighting Tera Type: Steel - Earthquake - Rock Slide - Headlong Rush - Close Combat Chi-Yu-Shamones (Chi-Yu) @ Assault Vest Ability: Beads of Ruin Level: 50 Tera Type: Grass - Heat Wave - Dark Pulse - Snarl - Tera Blast <\/details><\/div> Open Team Sheet for Tempest brute<\/summary>Ting-Lu @ Leftovers Ability: Vessel of Ruin Level: 50 Tera Type: Water - Body Press - Throat Chop - Whirlwind - Protect Roaring Moon @ Booster Energy Ability: Protosynthesis Level: 50 Tera Type: Flying - Substitute - Acrobatics - Jaw Lock - Protect Klefki @ Light Clay Ability: Prankster Level: 50 Tera Type: Water - Reflect - Light Screen - Thunder Wave - Dazzling Gleam Skeledirge @ Sitrus Berry Ability: Unaware Level: 50 Tera Type: Fairy - Will-O-Wisp - Torch Song - Shadow Ball - Slack Off Arboliva @ Assault Vest Ability: Seed Sower Level: 50 Tera Type: Poison - Giga Drain - Earth Power - Pollen Puff - Tera Blast <\/details><\/div>\n|c|\u2606appokalypstik|o\n|j| SaltedBagel\n|j| trobuz\n|j| Radio Free C-Side\n|c|\u2606appokalypstik|not this demon again\n|c|\u2606appokalypstik|Arboliva\n|c|\u2606Tempest brute|what\n|c|\u2606Tempest brute|arboliva is an innocent plant\n|c|\u2606appokalypstik|hmmm\n|c|\u2606appokalypstik|dont trust it\n|\n|t:|1683998965\n|start\n|switch|p1a: Rotom-Goob|Rotom-Wash, L50|100\/100\n|switch|p1b: Great Goob|Great Tusk, L50|100\/100\n|switch|p2a: Klefki|Klefki, L50, M|100\/100\n|switch|p2b: Skeledirge|Skeledirge, L50, M|100\/100\n|turn|1\n|j|%Bright Size\n|\n|t:|1683998977\n|-terastallize|p2b: Skeledirge|Fairy\n|move|p2a: Klefki|Reflect|p2a: Klefki\n|-sidestart|p2: Tempest brute|Reflect\n|move|p1b: Great Goob|Earthquake|p2a: Klefki|[spread] p2a,p2b\n|-immune|p1a: Rotom-Goob|[from] ability: Levitate\n|-supereffective|p2a: Klefki\n|-damage|p2a: Klefki|7\/100\n|-damage|p2b: Skeledirge|67\/100\n|move|p1a: Rotom-Goob|Discharge|p2a: Klefki|[spread] p2a,p2b\n|-immune|p1b: Great Goob\n|-crit|p2a: Klefki\n|-damage|p2a: Klefki|0 fnt\n|-damage|p2b: Skeledirge|43\/100\n|-enditem|p2b: Skeledirge|Sitrus Berry|[eat]\n|-heal|p2b: Skeledirge|68\/100|[from] item: Sitrus Berry\n|faint|p2a: Klefki\n|move|p2b: Skeledirge|Will-O-Wisp|p1b: Great Goob\n|-status|p1b: Great Goob|brn\n|\n|-damage|p1b: Great Goob|95\/100 brn|[from] brn\n|upkeep\n|\n|t:|1683998986\n|switch|p2a: Roaring Moon|Roaring Moon, L50|100\/100\n|-enditem|p2a: Roaring Moon|Booster Energy\n|-activate|p2a: Roaring Moon|ability: Protosynthesis|[fromitem]\n|-start|p2a: Roaring Moon|protosynthesisspe\n|turn|2\n|\n|t:|1683998993\n|move|p2a: Roaring Moon|Substitute|p2a: Roaring Moon\n|-start|p2a: Roaring Moon|Substitute\n|-damage|p2a: Roaring Moon|75\/100\n|move|p1b: Great Goob|Earthquake|p2a: Roaring Moon|[spread] p2a,p2b\n|-immune|p1a: Rotom-Goob|[from] ability: Levitate\n|-activate|p2a: Roaring Moon|move: Substitute|[damage]\n|-damage|p2b: Skeledirge|51\/100\n|move|p1a: Rotom-Goob|Will-O-Wisp|p2a: Roaring Moon|[miss]\n|-miss|p1a: Rotom-Goob|p2a: Roaring Moon\n|move|p2b: Skeledirge|Slack Off|p2b: Skeledirge\n|-heal|p2b: Skeledirge|100\/100\n|\n|-damage|p1b: Great Goob|89\/100 brn|[from] brn\n|upkeep\n|turn|3\n|l|%Bright Size\n|c|\u2606appokalypstik|rip\n|\n|t:|1683999005\n|move|p2a: Roaring Moon|Protect|p2a: Roaring Moon\n|-singleturn|p2a: Roaring Moon|Protect\n|move|p1b: Great Goob|Earthquake|p2b: Skeledirge|[spread] p2b\n|-activate|p2a: Roaring Moon|move: Protect\n|-immune|p1a: Rotom-Goob|[from] ability: Levitate\n|-damage|p2b: Skeledirge|85\/100\n|move|p1a: Rotom-Goob|Discharge|p2b: Skeledirge|[spread] p2b\n|-activate|p2a: Roaring Moon|move: Protect\n|-immune|p1b: Great Goob\n|-damage|p2b: Skeledirge|62\/100\n|move|p2b: Skeledirge|Torch Song|p1b: Great Goob\n|-damage|p1b: Great Goob|49\/100 brn\n|-boost|p2b: Skeledirge|spa|1\n|\n|-damage|p1b: Great Goob|43\/100 brn|[from] brn\n|upkeep\n|turn|4\n|\n|t:|1683999024\n|move|p2a: Roaring Moon|Acrobatics|p1b: Great Goob\n|-supereffective|p1b: Great Goob\n|-damage|p1b: Great Goob|0 fnt\n|faint|p1b: Great Goob\n|-end|p1b: Great Goob|Protosynthesis|[silent]\n|move|p1a: Rotom-Goob|Discharge|p2b: Skeledirge|[spread] p2a,p2b\n|-resisted|p2a: Roaring Moon\n|-end|p2a: Roaring Moon|Substitute\n|-damage|p2b: Skeledirge|37\/100\n|move|p2b: Skeledirge|Shadow Ball|p1a: Rotom-Goob\n|-damage|p1a: Rotom-Goob|50\/100\n|-enditem|p1a: Rotom-Goob|Sitrus Berry|[eat]\n|-heal|p1a: Rotom-Goob|75\/100|[from] item: Sitrus Berry\n|\n|upkeep\n|\n|t:|1683999033\n|switch|p1b: Fig|Farigiraf, L50, M|100\/100\n|turn|5\n|\n|t:|1683999045\n|move|p2a: Roaring Moon|Protect|p2a: Roaring Moon\n|-singleturn|p2a: Roaring Moon|Protect\n|move|p1a: Rotom-Goob|Hydro Pump|p2b: Skeledirge\n|-damage|p2b: Skeledirge|0 fnt\n|faint|p2b: Skeledirge\n|move|p1b: Fig|Trick Room|p1b: Fig\n|-fieldstart|move: Trick Room|[of] p1b: Fig\n|\n|upkeep\n|\n|t:|1683999050\n|switch|p2b: Ting-Lu|Ting-Lu, L50|100\/100\n|-ability|p2b: Ting-Lu|Vessel of Ruin\n|turn|6\n|\n|t:|1683999059\n|-terastallize|p1b: Fig|Fairy\n|move|p2a: Roaring Moon|Protect||[still]\n|-fail|p2a: Roaring Moon\n|move|p2b: Ting-Lu|Throat Chop|p1a: Rotom-Goob\n|-damage|p1a: Rotom-Goob|42\/100\n|-start|p1a: Rotom-Goob|Throat Chop|[silent]\n|move|p1b: Fig|Dazzling Gleam|p2a: Roaring Moon|[spread] p2a,p2b\n|-supereffective|p2a: Roaring Moon\n|-supereffective|p2b: Ting-Lu\n|-damage|p2a: Roaring Moon|0 fnt\n|-damage|p2b: Ting-Lu|56\/100\n|faint|p2a: Roaring Moon\n|-end|p2a: Roaring Moon|Protosynthesis|[silent]\n|-damage|p1b: Fig|91\/100|[from] item: Life Orb\n|move|p1a: Rotom-Goob|Thunderbolt|p2b: Ting-Lu\n|-immune|p2b: Ting-Lu\n|\n|-heal|p2b: Ting-Lu|62\/100|[from] item: Leftovers\n|upkeep\n|turn|7\n|-message|Tempest brute forfeited.\n|\n|win|appokalypstik\n|n|\u2606appokalypstik|appokalypstik\n|n|\u2606Tempest brute|tempestbrute\n|n| SaltedBagel|saltedbagel\n|n| trobuz|trobuz\n|n| Radio Free C-Side|radiofreecside\n","uploadtime":1683999066,"views":3,"p1id":"appokalypstik","p2id":"tempestbrute","formatid":"gen9vgc2023regulationc","rating":0,"private":0,"password":""}