{"id":"gen9vgc2023regulationc-1862098108","p1":"ale_cava06","p2":"adrpen","format":"[Gen 9] VGC 2023 Regulation C","log":"|j|\u2606ale_cava06\n|j|\u2606adrpen\n|t:|1683836754\n|gametype|doubles\n|player|p1|ale_cava06|102|1000\n|player|p2|adrpen|pokekid|1097\n|teamsize|p1|6\n|teamsize|p2|6\n|gen|9\n|tier|[Gen 9] VGC 2023 Regulation C\n|rated|\n|rule|Species Clause: Limit one of each Pok\u00e9mon\n|rule|Item Clause: Limit one of each item\n|clearpoke\n|poke|p1|Roaring Moon, L50|\n|poke|p1|Arcanine, L50, M|\n|poke|p1|Flutter Mane, L50|\n|poke|p1|Dragonite, L50, M|\n|poke|p1|Amoonguss, L50, M|\n|poke|p1|Chien-Pao, L50|\n|poke|p2|Amoonguss, L50, M|\n|poke|p2|Palafin, L50, M|\n|poke|p2|Iron Hands, L50|\n|poke|p2|Arcanine, L50, M|\n|poke|p2|Flutter Mane, L50|\n|poke|p2|Dragonite, L50, M|\n|teampreview|4\n|inactive|Battle timer is ON: inactive players will automatically lose when time's up. (requested by adrpen)\n|inactive|adrpen has 60 seconds left.\n|inactive|adrpen has 30 seconds left.\n|inactive|adrpen has 20 seconds left.\n|inactive|adrpen has 15 seconds left.\n|inactive|adrpen has 10 seconds left.\n|\n|t:|1683836838\n|start\n|switch|p1a: Arcanine|Arcanine, L50, M|100\/100\n|switch|p1b: Flutter Mane|Flutter Mane, L50|100\/100\n|switch|p2a: Iron Hands|Iron Hands, L50, shiny|100\/100\n|switch|p2b: Flutter Mane|Flutter Mane, L50|100\/100\n|-ability|p1a: Arcanine|Intimidate|boost\n|-unboost|p2a: Iron Hands|atk|1\n|-unboost|p2b: Flutter Mane|atk|1\n|-enditem|p1b: Flutter Mane|Booster Energy\n|-activate|p1b: Flutter Mane|ability: Protosynthesis|[fromitem]\n|-start|p1b: Flutter Mane|protosynthesisspe\n|-enditem|p2b: Flutter Mane|Booster Energy\n|-activate|p2b: Flutter Mane|ability: Protosynthesis|[fromitem]\n|-start|p2b: Flutter Mane|protosynthesisspa\n|turn|1\n|inactive|ale_cava06 has 30 seconds left.\n|inactive|adrpen has 30 seconds left.\n|inactive|ale_cava06 has 20 seconds left.\n|inactive|adrpen has 20 seconds left.\n|inactive|adrpen has 15 seconds left.\n|inactive|adrpen has 10 seconds left.\n|\n|t:|1683836883\n|-end|p2b: Flutter Mane|Protosynthesis|[silent]\n|switch|p2b: Arcanine|Arcanine, L50, M|100\/100\n|-ability|p2b: Arcanine|Intimidate|boost\n|-unboost|p1a: Arcanine|atk|1\n|-unboost|p1b: Flutter Mane|atk|1\n|move|p1a: Arcanine|Protect|p1a: Arcanine\n|-singleturn|p1a: Arcanine|Protect\n|move|p1b: Flutter Mane|Dazzling Gleam|p2b: Arcanine|[spread] p2a,p2b\n|-supereffective|p2a: Iron Hands\n|-resisted|p2b: Arcanine\n|-damage|p2a: Iron Hands|70\/100\n|-damage|p2b: Arcanine|86\/100\n|move|p2a: Iron Hands|Heavy Slam|p1b: Flutter Mane\n|-supereffective|p1b: Flutter Mane\n|-damage|p1b: Flutter Mane|0 fnt\n|faint|p1b: Flutter Mane\n|-end|p1b: Flutter Mane|Protosynthesis|[silent]\n|\n|upkeep\n|\n|t:|1683836904\n|switch|p1b: Chien-Pao|Chien-Pao, L50|100\/100\n|-ability|p1b: Chien-Pao|Sword of Ruin\n|turn|2\n|inactive|adrpen has 30 seconds left.\n|inactive|adrpen has 20 seconds left.\n|inactive|adrpen has 15 seconds left.\n|inactive|adrpen has 10 seconds left.\n|inactive|adrpen has 5 seconds left.\n|\n|t:|1683836956\n|switch|p1a: Amoonguss|Amoonguss, L50, M|100\/100\n|move|p1b: Chien-Pao|Sacred Sword|p2b: Arcanine\n|-damage|p2b: Arcanine|47\/100\n|-enditem|p2b: Arcanine|Sitrus Berry|[eat]\n|-heal|p2b: Arcanine|72\/100|[from] item: Sitrus Berry\n|move|p2b: Arcanine|Howl|p2b: Arcanine|[spread] p2a,p2b\n|-boost|p2a: Iron Hands|atk|1\n|-boost|p2b: Arcanine|atk|1\n|move|p2a: Iron Hands|Drain Punch|p1b: Chien-Pao\n|-supereffective|p1b: Chien-Pao\n|-enditem|p1b: Chien-Pao|Focus Sash\n|-damage|p1b: Chien-Pao|1\/100\n|-heal|p2a: Iron Hands|100\/100|[from] drain|[of] p1b: Chien-Pao\n|\n|upkeep\n|turn|3\n|inactive|ale_cava06 has 30 seconds left.\n|inactive|adrpen has 30 seconds left.\n|inactive|adrpen has 20 seconds left.\n|inactive|adrpen has 15 seconds left.\n|inactive|adrpen has 10 seconds left.\n|inactive|adrpen has 5 seconds left.\n|\n|t:|1683837011\n|move|p2b: Arcanine|Protect|p2b: Arcanine\n|-singleturn|p2b: Arcanine|Protect\n|move|p1b: Chien-Pao|Sucker Punch||[still]\n|-fail|p1b: Chien-Pao\n|move|p2a: Iron Hands|Drain Punch|p1b: Chien-Pao\n|-supereffective|p1b: Chien-Pao\n|-damage|p1b: Chien-Pao|0 fnt\n|faint|p1b: Chien-Pao\n|move|p1a: Amoonguss|Spore|p2a: Iron Hands\n|-status|p2a: Iron Hands|slp|[from] move: Spore\n|\n|upkeep\n|\n|t:|1683837023\n|switch|p1b: Arcanine|Arcanine, L50, M|100\/100\n|-ability|p1b: Arcanine|Intimidate|boost\n|-unboost|p2a: Iron Hands|atk|1\n|-unboost|p2b: Arcanine|atk|1\n|turn|4\n|inactive|ale_cava06 has 30 seconds left.\n|inactive|adrpen has 30 seconds left.\n|inactive|adrpen has 20 seconds left.\n|inactive|adrpen has 15 seconds left.\n|\n|t:|1683837068\n|move|p2b: Arcanine|Flare Blitz|p1a: Amoonguss\n|-supereffective|p1a: Amoonguss\n|-damage|p1a: Amoonguss|35\/100\n|-status|p1a: Amoonguss|brn\n|-damage|p2b: Arcanine|47\/100|[from] Recoil\n|move|p1b: Arcanine|Flare Blitz|p2a: Iron Hands\n|-damage|p2a: Iron Hands|70\/100 slp\n|-damage|p1b: Arcanine|88\/100|[from] Recoil\n|cant|p2a: Iron Hands|slp\n|move|p1a: Amoonguss|Clear Smog|p2b: Arcanine\n|-damage|p2b: Arcanine|32\/100\n|-clearboost|p2b: Arcanine\n|\n|-damage|p1a: Amoonguss|29\/100 brn|[from] brn\n|upkeep\n|turn|5\n|inactive|adrpen has 30 seconds left.\n|\n|t:|1683837102\n|move|p1a: Amoonguss|Protect|p1a: Amoonguss\n|-singleturn|p1a: Amoonguss|Protect\n|move|p1b: Arcanine|Extreme Speed|p2a: Iron Hands\n|-damage|p2a: Iron Hands|56\/100 slp\n|move|p2b: Arcanine|Howl|p2b: Arcanine|[spread] p2a,p2b\n|-boost|p2a: Iron Hands|atk|1\n|-boost|p2b: Arcanine|atk|1\n|cant|p2a: Iron Hands|slp\n|\n|-damage|p1a: Amoonguss|24\/100 brn|[from] brn\n|upkeep\n|turn|6\n|inactive|adrpen has 30 seconds left.\n|\n|t:|1683837128\n|move|p2b: Arcanine|Flare Blitz|p1a: Amoonguss\n|-supereffective|p1a: Amoonguss\n|-damage|p1a: Amoonguss|0 fnt\n|faint|p1a: Amoonguss\n|-damage|p2b: Arcanine|23\/100|[from] Recoil\n|move|p1b: Arcanine|Snarl|p2a: Iron Hands|[spread] p2a,p2b\n|-resisted|p2a: Iron Hands\n|-damage|p2a: Iron Hands|54\/100 slp\n|-damage|p2b: Arcanine|15\/100\n|-unboost|p2a: Iron Hands|spa|1\n|-unboost|p2b: Arcanine|spa|1\n|-curestatus|p2a: Iron Hands|slp|[msg]\n|move|p2a: Iron Hands|Drain Punch|p1b: Arcanine\n|-damage|p1b: Arcanine|55\/100\n|-heal|p2a: Iron Hands|67\/100|[from] drain|[of] p1b: Arcanine\n|\n|upkeep\n|turn|7\n|\n|t:|1683837152\n|switch|p2b: Dragonite|Dragonite, L50, M|100\/100\n|move|p1b: Arcanine|Snarl|p2a: Iron Hands|[spread] p2a,p2b\n|-resisted|p2a: Iron Hands\n|-damage|p2a: Iron Hands|65\/100\n|-damage|p2b: Dragonite|96\/100\n|-unboost|p2a: Iron Hands|spa|1\n|-unboost|p2b: Dragonite|spa|1\n|move|p2a: Iron Hands|Drain Punch|p1b: Arcanine\n|-damage|p1b: Arcanine|23\/100\n|-heal|p2a: Iron Hands|79\/100|[from] drain|[of] p1b: Arcanine\n|\n|upkeep\n|turn|8\n|\n|t:|1683837167\n|move|p2b: Dragonite|Extreme Speed|p1b: Arcanine\n|-damage|p1b: Arcanine|0 fnt\n|faint|p1b: Arcanine\n|\n|win|adrpen\n|raw|ale_cava06's rating: 1000 → 1000<\/strong> (+0 for losing)\n|raw|adrpen's rating: 1097 → 1116<\/strong> (+19 for winning)\n","uploadtime":1683837175,"views":16,"p1id":"alecava06","p2id":"adrpen","formatid":"gen9vgc2023regulationc","rating":1000,"private":0,"password":""}