{"id":"gen9vgc2023regulationc-1862690427","p1":"hit my whip","p2":"revocolombia","format":"[Gen 9] VGC 2023 Regulation C","log":"|j|\u2606hit my whip\n|j|\u2606revocolombia\n|t:|1683912502\n|gametype|doubles\n|player|p1|hit my whip|acetrainerf-gen4dp|1480\n|player|p2|revocolombia|pokemonranger-gen4|1538\n|teamsize|p1|6\n|teamsize|p2|6\n|gen|9\n|tier|[Gen 9] VGC 2023 Regulation C\n|rated|\n|rule|Species Clause: Limit one of each Pok\u00e9mon\n|rule|Item Clause: Limit one of each item\n|clearpoke\n|poke|p1|Volcarona, L50, F|\n|poke|p1|Dragonite, L50, F|\n|poke|p1|Glimmora, L50, M|\n|poke|p1|Gyarados, L50, F|\n|poke|p1|Amoonguss, L50, M|\n|poke|p1|Klefki, L50, F|\n|poke|p2|Flutter Mane, L50|\n|poke|p2|Great Tusk, L50|\n|poke|p2|Dragonite, L50, F|\n|poke|p2|Chien-Pao, L50|\n|poke|p2|Murkrow, L50, F|\n|poke|p2|Gholdengo, L50|\n|teampreview|4\n|inactive|Battle timer is ON: inactive players will automatically lose when time's up. (requested by hit my whip)\n|\n|t:|1683912516\n|start\n|switch|p1a: Klefki|Klefki, L50, F|100\/100\n|switch|p1b: Glimmora|Glimmora, L50, M|100\/100\n|switch|p2a: Great Tusk|Great Tusk, L50|100\/100\n|switch|p2b: Murkrow|Murkrow, L50, F|100\/100\n|turn|1\n|\n|t:|1683912531\n|move|p1b: Glimmora|Spiky Shield|p1b: Glimmora\n|-singleturn|p1b: Glimmora|move: Protect\n|move|p2b: Murkrow|Taunt|p1a: Klefki\n|-start|p1a: Klefki|move: Taunt\n|cant|p1a: Klefki|move: Taunt|Reflect\n|move|p2a: Great Tusk|Earthquake|p1b: Glimmora|[spread] p1a\n|-activate|p1b: Glimmora|move: Protect\n|-immune|p2b: Murkrow\n|-supereffective|p1a: Klefki\n|-damage|p1a: Klefki|9\/100\n|\n|upkeep\n|turn|2\n|\n|t:|1683912550\n|switch|p1a: Amoonguss|Amoonguss, L50, M|100\/100\n|-terastallize|p1b: Glimmora|Grass\n|move|p2b: Murkrow|Tailwind|p2b: Murkrow\n|-sidestart|p2: revocolombia|move: Tailwind\n|move|p2a: Great Tusk|Earthquake|p1a: Amoonguss|[spread] p1a,p1b\n|-immune|p2b: Murkrow\n|-crit|p1a: Amoonguss\n|-resisted|p1b: Glimmora\n|-damage|p1a: Amoonguss|48\/100\n|-damage|p1b: Glimmora|76\/100\n|-activate|p1b: Glimmora|ability: Toxic Debris\n|-sidestart|p2: revocolombia|move: Toxic Spikes\n|move|p1b: Glimmora|Energy Ball|p2a: Great Tusk\n|-supereffective|p2a: Great Tusk\n|-damage|p2a: Great Tusk|0 fnt\n|faint|p2a: Great Tusk\n|-end|p2a: Great Tusk|Protosynthesis|[silent]\n|\n|upkeep\n|\n|t:|1683912574\n|switch|p2a: Gholdengo|Gholdengo, L50|100\/100\n|turn|3\n|\n|t:|1683912590\n|switch|p1a: Volcarona|Volcarona, L50, F|100\/100\n|-terastallize|p2a: Gholdengo|Water\n|move|p2b: Murkrow|Taunt|p1a: Volcarona\n|-start|p1a: Volcarona|move: Taunt\n|move|p2a: Gholdengo|Make It Rain|p1b: Glimmora|[spread] p1a,p1b\n|-resisted|p1a: Volcarona\n|-crit|p1b: Glimmora\n|-damage|p1a: Volcarona|72\/100\n|-damage|p1b: Glimmora|0 fnt\n|-unboost|p2a: Gholdengo|spa|1\n|faint|p1b: Glimmora\n|-damage|p2a: Gholdengo|91\/100|[from] item: Life Orb\n|\n|upkeep\n|\n|t:|1683912601\n|switch|p1b: Amoonguss|Amoonguss, L50, M|81\/100\n|turn|4\n|\n|t:|1683912618\n|move|p1b: Amoonguss|Protect|p1b: Amoonguss\n|-singleturn|p1b: Amoonguss|Protect\n|move|p2b: Murkrow|Haze|p2b: Murkrow\n|-clearallboost\n|move|p2a: Gholdengo|Shadow Ball|p1a: Volcarona\n|-damage|p1a: Volcarona|18\/100\n|-enditem|p1a: Volcarona|Sitrus Berry|[eat]\n|-heal|p1a: Volcarona|43\/100|[from] item: Sitrus Berry\n|-damage|p2a: Gholdengo|81\/100|[from] item: Life Orb\n|move|p1a: Volcarona|Flamethrower|p2b: Murkrow\n|-damage|p2b: Murkrow|54\/100\n|\n|upkeep\n|turn|5\n|\n|t:|1683912642\n|move|p1b: Amoonguss|Rage Powder|p1b: Amoonguss\n|-singleturn|p1b: Amoonguss|move: Rage Powder\n|move|p2b: Murkrow|Taunt|p1b: Amoonguss\n|-start|p1b: Amoonguss|move: Taunt\n|move|p2a: Gholdengo|Shadow Ball|p1b: Amoonguss\n|-damage|p1b: Amoonguss|33\/100\n|-damage|p2a: Gholdengo|71\/100|[from] item: Life Orb\n|move|p1a: Volcarona|Giga Drain|p2a: Gholdengo\n|-supereffective|p2a: Gholdengo\n|-damage|p2a: Gholdengo|17\/100\n|-heal|p1a: Volcarona|67\/100|[from] drain|[of] p2a: Gholdengo\n|\n|-end|p1a: Volcarona|move: Taunt\n|-sideend|p2: revocolombia|move: Tailwind\n|upkeep\n|turn|6\n|inactive|revocolombia has 30 seconds left.\n|\n|t:|1683912668\n|switch|p1b: Klefki|Klefki, L50, F|9\/100\n|move|p2b: Murkrow|Tailwind|p2b: Murkrow\n|-sidestart|p2: revocolombia|move: Tailwind\n|move|p2a: Gholdengo|Make It Rain|p1a: Volcarona|[spread] p1a,p1b\n|-resisted|p1a: Volcarona\n|-damage|p1a: Volcarona|37\/100\n|-damage|p1b: Klefki|0 fnt\n|-unboost|p2a: Gholdengo|spa|1\n|faint|p1b: Klefki\n|-damage|p2a: Gholdengo|7\/100|[from] item: Life Orb\n|move|p1a: Volcarona|Giga Drain|p2a: Gholdengo\n|-supereffective|p2a: Gholdengo\n|-damage|p2a: Gholdengo|0 fnt\n|-heal|p1a: Volcarona|40\/100|[from] drain|[of] p2a: Gholdengo\n|faint|p2a: Gholdengo\n|\n|upkeep\n|\n|t:|1683912687\n|switch|p2a: Dragonite|Dragonite, L50, F|100\/100\n|switch|p1b: Amoonguss|Amoonguss, L50, M|66\/100\n|turn|7\n|\n|t:|1683912697\n|move|p1a: Volcarona|Protect|p1a: Volcarona\n|-singleturn|p1a: Volcarona|Protect\n|move|p2b: Murkrow|Taunt|p1b: Amoonguss\n|-start|p1b: Amoonguss|move: Taunt\n|move|p2a: Dragonite|Earthquake|p1a: Volcarona|[spread] p1b\n|-activate|p1a: Volcarona|move: Protect\n|-immune|p2b: Murkrow\n|-damage|p1b: Amoonguss|28\/100\n|cant|p1b: Amoonguss|move: Taunt|Spore\n|\n|upkeep\n|turn|8\n|-message|hit my whip forfeited.\n|\n|win|revocolombia\n|raw|hit my whip's rating: 1480 → 1463<\/strong> (-17 for losing)\n|raw|revocolombia's rating: 1538 → 1555<\/strong> (+17 for winning)\n","uploadtime":1683912713,"views":8,"p1id":"hitmywhip","p2id":"revocolombia","formatid":"gen9vgc2023regulationc","rating":1463,"private":0,"password":""}