{"id":"gen9vgc2023regulationc-1852999069","p1":"NicoHaxVGC","p2":"alenesse","format":"[Gen 9] VGC 2023 Regulation C","log":"|j|\u2606NicoHaxVGC\n|j|\u2606alenesse\n|t:|1682624320\n|gametype|doubles\n|player|p1|NicoHaxVGC|hilbert-wonderlauncher|1270\n|player|p2|alenesse|blue|1290\n|teamsize|p1|6\n|teamsize|p2|6\n|gen|9\n|tier|[Gen 9] VGC 2023 Regulation C\n|rated|\n|rule|Species Clause: Limit one of each Pok\u00e9mon\n|rule|Item Clause: Limit one of each item\n|clearpoke\n|poke|p1|Corviknight, L50, M|\n|poke|p1|Annihilape, L50, F|\n|poke|p1|Amoonguss, L50, M|\n|poke|p1|Ting-Lu, L50|\n|poke|p1|Flutter Mane, L50|\n|poke|p1|Iron Bundle, L50|\n|poke|p2|Houndstone, L50, F|\n|poke|p2|Tyranitar, L50, M|\n|poke|p2|Arcanine, L50, F|\n|poke|p2|Amoonguss, L50, F|\n|poke|p2|Flutter Mane, L50|\n|poke|p2|Wo-Chien, L50|\n|teampreview|4\n|inactive|Battle timer is ON: inactive players will automatically lose when time's up. (requested by NicoHaxVGC)\n|\n|t:|1682624344\n|start\n|switch|p1a: JH|Iron Bundle, L50|100\/100\n|switch|p1b: Ting-Lu|Ting-Lu, L50|100\/100\n|switch|p2a: Wo-Chien|Wo-Chien, L50|100\/100\n|switch|p2b: Flutter Mane|Flutter Mane, L50|100\/100\n|-ability|p2a: Wo-Chien|Tablets of Ruin\n|-ability|p1b: Ting-Lu|Vessel of Ruin\n|-enditem|p1a: JH|Booster Energy\n|-activate|p1a: JH|ability: Quark Drive|[fromitem]\n|-start|p1a: JH|quarkdrivespe\n|-enditem|p2b: Flutter Mane|Booster Energy\n|-activate|p2b: Flutter Mane|ability: Protosynthesis|[fromitem]\n|-start|p2b: Flutter Mane|protosynthesisspa\n|turn|1\n|inactive|alenesse has 30 seconds left.\n|inactive|alenesse has 20 seconds left.\n|inactive|alenesse has 15 seconds left.\n|inactive|alenesse has 10 seconds left.\n|inactive|alenesse has 5 seconds left.\n|\n|t:|1682624395\n|-terastallize|p2b: Flutter Mane|Fairy\n|move|p1a: JH|Icy Wind|p2b: Flutter Mane|[spread] p2a,p2b\n|-supereffective|p2a: Wo-Chien\n|-damage|p2a: Wo-Chien|85\/100\n|-damage|p2b: Flutter Mane|87\/100\n|-unboost|p2a: Wo-Chien|spe|1\n|-unboost|p2b: Flutter Mane|spe|1\n|move|p2b: Flutter Mane|Moonblast|p1a: JH\n|-damage|p1a: JH|0 fnt\n|faint|p1a: JH\n|-end|p1a: JH|Quark Drive|[silent]\n|move|p1b: Ting-Lu|Heavy Slam|p2b: Flutter Mane\n|-supereffective|p2b: Flutter Mane\n|-damage|p2b: Flutter Mane|5\/100\n|move|p2a: Wo-Chien|Leech Seed|p1b: Ting-Lu|[miss]\n|-miss|p2a: Wo-Chien|p1b: Ting-Lu\n|\n|-heal|p2a: Wo-Chien|91\/100|[from] item: Leftovers\n|upkeep\n|\n|t:|1682624414\n|switch|p1a: Raven|Corviknight, L50, M|100\/100\n|turn|2\n|\n|t:|1682624429\n|-end|p2b: Flutter Mane|Protosynthesis|[silent]\n|switch|p2b: Arcanine|Arcanine, L50, F|100\/100\n|-ability|p2b: Arcanine|Intimidate|boost\n|-ability|p1a: Raven|Mirror Armor\n|-unboost|p2b: Arcanine|atk|1\n|-unboost|p1b: Ting-Lu|atk|1\n|move|p1a: Raven|Iron Head|p2b: Arcanine\n|-resisted|p2b: Arcanine\n|-damage|p2b: Arcanine|90\/100\n|move|p1b: Ting-Lu|Ruination|p2a: Wo-Chien\n|-damage|p2a: Wo-Chien|46\/100\n|move|p2a: Wo-Chien|Leech Seed|p1b: Ting-Lu\n|-start|p1b: Ting-Lu|move: Leech Seed\n|\n|-heal|p2a: Wo-Chien|52\/100|[from] item: Leftovers\n|-damage|p1b: Ting-Lu|88\/100|[from] Leech Seed|[of] p2a: Wo-Chien\n|-heal|p2a: Wo-Chien|67\/100|[silent]\n|upkeep\n|turn|3\n|\n|t:|1682624449\n|move|p2a: Wo-Chien|Protect|p2a: Wo-Chien\n|-singleturn|p2a: Wo-Chien|Protect\n|move|p2b: Arcanine|Will-O-Wisp|p1a: Raven\n|-status|p1a: Raven|brn\n|move|p1a: Raven|Brave Bird|p2a: Wo-Chien\n|-activate|p2a: Wo-Chien|move: Protect\n|move|p1b: Ting-Lu|Ruination|p2b: Arcanine\n|-damage|p2b: Arcanine|45\/100\n|\n|-heal|p2a: Wo-Chien|73\/100|[from] item: Leftovers\n|-damage|p1b: Ting-Lu|76\/100|[from] Leech Seed|[of] p2a: Wo-Chien\n|-heal|p2a: Wo-Chien|89\/100|[silent]\n|-damage|p1a: Raven|95\/100 brn|[from] brn\n|upkeep\n|turn|4\n|\n|t:|1682624471\n|move|p2b: Arcanine|Will-O-Wisp|p1b: Ting-Lu|[miss]\n|-miss|p2b: Arcanine|p1b: Ting-Lu\n|move|p1a: Raven|Brave Bird|p2a: Wo-Chien\n|-supereffective|p2a: Wo-Chien\n|-damage|p2a: Wo-Chien|61\/100\n|-damage|p1a: Raven|86\/100 brn|[from] Recoil\n|move|p1b: Ting-Lu|Stomping Tantrum|p2b: Arcanine\n|-supereffective|p2b: Arcanine\n|-damage|p2b: Arcanine|15\/100\n|move|p2a: Wo-Chien|Leech Seed|p1a: Raven\n|-start|p1a: Raven|move: Leech Seed\n|\n|-heal|p2a: Wo-Chien|68\/100|[from] item: Leftovers\n|-damage|p1a: Raven|74\/100 brn|[from] Leech Seed|[of] p2a: Wo-Chien\n|-heal|p2a: Wo-Chien|81\/100|[silent]\n|-damage|p1b: Ting-Lu|64\/100|[from] Leech Seed|[of] p2a: Wo-Chien\n|-heal|p2a: Wo-Chien|96\/100|[silent]\n|-damage|p1a: Raven|68\/100 brn|[from] brn\n|upkeep\n|turn|5\n|\n|t:|1682624493\n|move|p2b: Arcanine|Will-O-Wisp|p1b: Ting-Lu\n|-status|p1b: Ting-Lu|brn\n|move|p1a: Raven|Brave Bird|p2a: Wo-Chien\n|-supereffective|p2a: Wo-Chien\n|-damage|p2a: Wo-Chien|64\/100\n|-damage|p1a: Raven|58\/100 brn|[from] Recoil\n|move|p1b: Ting-Lu|Stomping Tantrum|p2b: Arcanine\n|-supereffective|p2b: Arcanine\n|-damage|p2b: Arcanine|0 fnt\n|faint|p2b: Arcanine\n|move|p2a: Wo-Chien|Pollen Puff|p2: Arcanine|[notarget]\n|-fail|p2a: Wo-Chien\n|\n|-heal|p2a: Wo-Chien|70\/100|[from] item: Leftovers\n|-damage|p1a: Raven|46\/100 brn|[from] Leech Seed|[of] p2a: Wo-Chien\n|-heal|p2a: Wo-Chien|83\/100|[silent]\n|-damage|p1b: Ting-Lu|52\/100 brn|[from] Leech Seed|[of] p2a: Wo-Chien\n|-heal|p2a: Wo-Chien|98\/100|[silent]\n|-damage|p1a: Raven|40\/100 brn|[from] brn\n|-damage|p1b: Ting-Lu|46\/100 brn|[from] brn\n|upkeep\n|\n|t:|1682624506\n|switch|p2b: Flutter Mane|Flutter Mane, L50, tera:Fairy|5\/100\n|turn|6\n|\n|t:|1682624524\n|move|p2b: Flutter Mane|Protect|p2b: Flutter Mane\n|-singleturn|p2b: Flutter Mane|Protect\n|move|p1a: Raven|Iron Head|p2b: Flutter Mane\n|-activate|p2b: Flutter Mane|move: Protect\n|move|p1b: Ting-Lu|Ruination|p2a: Wo-Chien\n|-damage|p2a: Wo-Chien|49\/100\n|move|p2a: Wo-Chien|Foul Play|p1a: Raven\n|-damage|p1a: Raven|11\/100 brn\n|\n|-heal|p2a: Wo-Chien|56\/100|[from] item: Leftovers\n|-damage|p1a: Raven|0 fnt|[from] Leech Seed|[of] p2a: Wo-Chien\n|-heal|p2a: Wo-Chien|67\/100|[silent]\n|faint|p1a: Raven\n|-damage|p1b: Ting-Lu|34\/100 brn|[from] Leech Seed|[of] p2a: Wo-Chien\n|-heal|p2a: Wo-Chien|82\/100|[silent]\n|-damage|p1b: Ting-Lu|28\/100 brn|[from] brn\n|upkeep\n|\n|t:|1682624535\n|switch|p1a: Flutter Mane|Flutter Mane, L50|100\/100\n|turn|7\n|\n|t:|1682624546\n|-end|p2b: Flutter Mane|Protosynthesis|[silent]\n|switch|p2b: Amoonguss|Amoonguss, L50, F|100\/100\n|-terastallize|p1a: Flutter Mane|Fairy\n|move|p1a: Flutter Mane|Dazzling Gleam|p2a: Wo-Chien|[spread] p2a,p2b\n|-supereffective|p2a: Wo-Chien\n|-resisted|p2b: Amoonguss\n|-damage|p2a: Wo-Chien|32\/100\n|-damage|p2b: Amoonguss|83\/100\n|move|p1b: Ting-Lu|Ruination|p2a: Wo-Chien\n|-damage|p2a: Wo-Chien|16\/100\n|move|p2a: Wo-Chien|Leech Seed|p1a: Flutter Mane\n|-start|p1a: Flutter Mane|move: Leech Seed\n|\n|-heal|p2a: Wo-Chien|22\/100|[from] item: Leftovers\n|-damage|p1a: Flutter Mane|89\/100|[from] Leech Seed|[of] p2a: Wo-Chien\n|-heal|p2a: Wo-Chien|32\/100|[silent]\n|-damage|p1b: Ting-Lu|16\/100 brn|[from] Leech Seed|[of] p2a: Wo-Chien\n|-heal|p2a: Wo-Chien|47\/100|[silent]\n|-damage|p1b: Ting-Lu|10\/100 brn|[from] brn\n|upkeep\n|turn|8\n|\n|t:|1682624563\n|move|p2a: Wo-Chien|Protect|p2a: Wo-Chien\n|-singleturn|p2a: Wo-Chien|Protect\n|move|p1a: Flutter Mane|Dazzling Gleam|p2b: Amoonguss|[spread] p2b\n|-activate|p2a: Wo-Chien|move: Protect\n|-resisted|p2b: Amoonguss\n|-damage|p2b: Amoonguss|63\/100\n|move|p1b: Ting-Lu|Ruination|p2b: Amoonguss\n|-damage|p2b: Amoonguss|32\/100\n|move|p2b: Amoonguss|Spore|p1a: Flutter Mane\n|-status|p1a: Flutter Mane|slp|[from] move: Spore\n|\n|-heal|p2a: Wo-Chien|54\/100|[from] item: Leftovers\n|-damage|p1a: Flutter Mane|77\/100 slp|[from] Leech Seed|[of] p2a: Wo-Chien\n|-heal|p2a: Wo-Chien|64\/100|[silent]\n|-damage|p1b: Ting-Lu|0 fnt|[from] Leech Seed|[of] p2a: Wo-Chien\n|-heal|p2a: Wo-Chien|75\/100|[silent]\n|faint|p1b: Ting-Lu\n|upkeep\n|turn|9\n|\n|t:|1682624583\n|cant|p1a: Flutter Mane|slp\n|move|p2a: Wo-Chien|Pollen Puff|p2b: Amoonguss\n|-heal|p2b: Amoonguss|82\/100\n|move|p2b: Amoonguss|Pollen Puff|p2a: Wo-Chien\n|-heal|p2a: Wo-Chien|100\/100\n|\n|-damage|p1a: Flutter Mane|65\/100 slp|[from] Leech Seed|[of] p2a: Wo-Chien\n|upkeep\n|turn|10\n|\n|t:|1682624602\n|cant|p1a: Flutter Mane|slp\n|move|p2a: Wo-Chien|Pollen Puff|p1a: Flutter Mane\n|-resisted|p1a: Flutter Mane\n|-damage|p1a: Flutter Mane|56\/100 slp\n|move|p2b: Amoonguss|Pollen Puff|p1a: Flutter Mane\n|-resisted|p1a: Flutter Mane\n|-damage|p1a: Flutter Mane|49\/100 slp\n|\n|-damage|p1a: Flutter Mane|37\/100 slp|[from] Leech Seed|[of] p2a: Wo-Chien\n|upkeep\n|turn|11\n|\n|t:|1682624615\n|cant|p1a: Flutter Mane|slp\n|move|p2a: Wo-Chien|Pollen Puff|p1a: Flutter Mane\n|-resisted|p1a: Flutter Mane\n|-damage|p1a: Flutter Mane|29\/100 slp\n|move|p2b: Amoonguss|Spore|p1a: Flutter Mane\n|-fail|p1a: Flutter Mane|slp\n|\n|-damage|p1a: Flutter Mane|17\/100 slp|[from] Leech Seed|[of] p2a: Wo-Chien\n|upkeep\n|turn|12\n|\n|t:|1682624619\n|-curestatus|p1a: Flutter Mane|slp|[msg]\n|move|p1a: Flutter Mane|Dazzling Gleam|p2a: Wo-Chien|[spread] p2a,p2b\n|-supereffective|p2a: Wo-Chien\n|-resisted|p2b: Amoonguss\n|-damage|p2a: Wo-Chien|36\/100\n|-damage|p2b: Amoonguss|54\/100\n|move|p2a: Wo-Chien|Pollen Puff|p1a: Flutter Mane\n|-resisted|p1a: Flutter Mane\n|-damage|p1a: Flutter Mane|9\/100\n|move|p2b: Amoonguss|Spore|p1a: Flutter Mane\n|-status|p1a: Flutter Mane|slp|[from] move: Spore\n|\n|-heal|p2a: Wo-Chien|42\/100|[from] item: Leftovers\n|-damage|p1a: Flutter Mane|0 fnt|[from] Leech Seed|[of] p2a: Wo-Chien\n|-heal|p2a: Wo-Chien|49\/100|[silent]\n|faint|p1a: Flutter Mane\n|-end|p1a: Flutter Mane|Protosynthesis|[silent]\n|\n|win|alenesse\n|upkeep\n|raw|NicoHaxVGC's rating: 1270 → 1246<\/strong> (-24 for losing)\n|raw|alenesse's rating: 1290 → 1314<\/strong> (+24 for winning)\n","uploadtime":1682624629,"views":1,"p1id":"nicohaxvgc","p2id":"alenesse","formatid":"gen9vgc2023regulationc","rating":1246,"private":0,"password":""}