{"id":"gen9vgc2023regulationc-1864047166","p1":"Fubuu","p2":"G3rd","format":"[Gen 9] VGC 2023 Regulation C","log":"|j|\u2606Fubuu\n|j|\u2606G3rd\n|t:|1684110015\n|gametype|doubles\n|player|p1|Fubuu|acetrainersnowf|1436\n|player|p2|G3rd|giovanni|1451\n|teamsize|p1|6\n|teamsize|p2|6\n|gen|9\n|tier|[Gen 9] VGC 2023 Regulation C\n|rated|\n|rule|Species Clause: Limit one of each Pok\u00e9mon\n|rule|Item Clause: Limit one of each item\n|clearpoke\n|poke|p1|Annihilape, L50, M|\n|poke|p1|Arcanine, L50, F|\n|poke|p1|Flutter Mane, L50|\n|poke|p1|Murkrow, L50, M|\n|poke|p1|Ting-Lu, L50|\n|poke|p1|Palafin, L50, M|\n|poke|p2|Annihilape, L50, F|\n|poke|p2|Maushold-Four, L50|\n|poke|p2|Chien-Pao, L50|\n|poke|p2|Dragonite, L50, F|\n|poke|p2|Ting-Lu, L50|\n|poke|p2|Florges-Blue, L50, F|\n|teampreview|4\n|inactive|Battle timer is ON: inactive players will automatically lose when time's up. (requested by G3rd)\nG3rd has agreed to open team sheets.\nFubuu has agreed to open team sheets.\n|inactive|Fubuu has 60 seconds left.\n|inactive|G3rd has 60 seconds left.\n|\n|t:|1684110062\n|start\n|switch|p1a: Murkrow|Murkrow, L50, M|100\/100\n|switch|p1b: Ting-Lu|Ting-Lu, L50|100\/100\n|switch|p2a: Ting-Lu|Ting-Lu, L50|100\/100\n|switch|p2b: Annihilape|Annihilape, L50, F|100\/100\n|-ability|p1b: Ting-Lu|Vessel of Ruin\n|-ability|p2a: Ting-Lu|Vessel of Ruin\n|turn|1\n|inactive|Fubuu has 30 seconds left.\n|\n|t:|1684110096\n|switch|p1a: Arcanine|Arcanine, L50, F|100\/100\n|-ability|p1a: Arcanine|Intimidate|boost\n|-unboost|p2a: Ting-Lu|atk|1\n|-unboost|p2b: Annihilape|atk|1\n|-ability|p2b: Annihilape|Defiant|boost\n|-boost|p2b: Annihilape|atk|2\n|-enditem|p1b: Ting-Lu|Mirror Herb\n|-boost|p1b: Ting-Lu|atk|2|[from] item: Mirror Herb\n|move|p2b: Annihilape|Bulk Up|p2b: Annihilape\n|-boost|p2b: Annihilape|atk|1\n|-boost|p2b: Annihilape|def|1\n|move|p1b: Ting-Lu|Stomping Tantrum|p2b: Annihilape\n|-damage|p2b: Annihilape|57\/100\n|move|p2a: Ting-Lu|Ruination|p1b: Ting-Lu\n|-damage|p1b: Ting-Lu|51\/100\n|\n|-heal|p2b: Annihilape|63\/100|[from] item: Leftovers\n|upkeep\n|turn|2\n|inactive|Fubuu has 30 seconds left.\n|inactive|G3rd has 30 seconds left.\n|\n|t:|1684110127\n|-terastallize|p2b: Annihilape|Fire\n|-terastallize|p1b: Ting-Lu|Grass\n|move|p1a: Arcanine|Flare Blitz|p2b: Annihilape\n|-resisted|p2b: Annihilape\n|-damage|p2b: Annihilape|49\/100\n|-damage|p1a: Arcanine|95\/100|[from] Recoil\n|move|p2b: Annihilape|Drain Punch|p1b: Ting-Lu\n|-damage|p1b: Ting-Lu|9\/100\n|-heal|p2b: Annihilape|73\/100|[from] drain|[of] p1b: Ting-Lu\n|move|p1b: Ting-Lu|Tera Blast|p2b: Annihilape\n|-resisted|p2b: Annihilape\n|-damage|p2b: Annihilape|49\/100\n|move|p2a: Ting-Lu|Stomping Tantrum|p1a: Arcanine\n|-supereffective|p1a: Arcanine\n|-damage|p1a: Arcanine|59\/100\n|\n|-heal|p2b: Annihilape|55\/100|[from] item: Leftovers\n|upkeep\n|turn|3\n|inactive|G3rd has 30 seconds left.\n|inactive|G3rd has 20 seconds left.\n|inactive|G3rd has 15 seconds left.\n|\n|t:|1684110170\n|switch|p2a: Florges|Florges-Blue, L50, F|100\/100\n|move|p2b: Annihilape|Protect|p2b: Annihilape\n|-singleturn|p2b: Annihilape|Protect\n|move|p1a: Arcanine|Extreme Speed|p2b: Annihilape\n|-activate|p2b: Annihilape|move: Protect\n|move|p1b: Ting-Lu|Stomping Tantrum|p2b: Annihilape\n|-activate|p2b: Annihilape|move: Protect\n|\n|-heal|p2b: Annihilape|61\/100|[from] item: Leftovers\n|upkeep\n|turn|4\n|\n|t:|1684110190\n|move|p1a: Arcanine|Flare Blitz|p2a: Florges\n|-damage|p2a: Florges|53\/100\n|-damage|p1a: Arcanine|44\/100|[from] Recoil\n|move|p2b: Annihilape|Drain Punch|p1a: Arcanine\n|-damage|p1a: Arcanine|0 fnt\n|-heal|p2b: Annihilape|81\/100|[from] drain|[of] p1a: Arcanine\n|faint|p1a: Arcanine\n|move|p2a: Florges|Moonblast|p1b: Ting-Lu\n|-damage|p1b: Ting-Lu|0 fnt\n|faint|p1b: Ting-Lu\n|\n|-heal|p2b: Annihilape|87\/100|[from] item: Leftovers\n|upkeep\n|\n|t:|1684110203\n|switch|p1a: Flutter Mane|Flutter Mane, L50|100\/100\n|switch|p1b: Murkrow|Murkrow, L50, M|100\/100\n|-enditem|p1a: Flutter Mane|Booster Energy\n|-activate|p1a: Flutter Mane|ability: Protosynthesis|[fromitem]\n|-start|p1a: Flutter Mane|protosynthesisspa\n|turn|5\n|\n|t:|1684110222\n|move|p1a: Flutter Mane|Shadow Ball|p2b: Annihilape\n|-damage|p2b: Annihilape|49\/100\n|move|p1b: Murkrow|Foul Play|p2b: Annihilape\n|-damage|p2b: Annihilape|0 fnt\n|faint|p2b: Annihilape\n|move|p2a: Florges|Pollen Puff|p2: Annihilape|[notarget]\n|-fail|p2a: Florges\n|\n|upkeep\n|\n|t:|1684110230\n|switch|p2b: Ting-Lu|Ting-Lu, L50|100\/100\n|-ability|p2b: Ting-Lu|Vessel of Ruin\n|turn|6\n|\n|t:|1684110239\n|move|p1a: Flutter Mane|Protect|p1a: Flutter Mane\n|-singleturn|p1a: Flutter Mane|Protect\n|move|p1b: Murkrow|Taunt|p2a: Florges\n|-start|p2a: Florges|move: Taunt\n|move|p2a: Florges|Pollen Puff|p2b: Ting-Lu\n|-immune|p2b: Ting-Lu\n|move|p2b: Ting-Lu|Heavy Slam|p1a: Flutter Mane\n|-activate|p1a: Flutter Mane|move: Protect\n|\n|upkeep\n|turn|7\n|inactive|Fubuu has 30 seconds left.\n|\n|t:|1684110264\n|move|p1a: Flutter Mane|Moonblast|p2a: Florges\n|-crit|p2a: Florges\n|-damage|p2a: Florges|8\/100\n|move|p1b: Murkrow|Foul Play|p2a: Florges\n|-resisted|p2a: Florges\n|-damage|p2a: Florges|0 fnt\n|faint|p2a: Florges\n|move|p2b: Ting-Lu|Heavy Slam|p1a: Flutter Mane\n|-supereffective|p1a: Flutter Mane\n|-damage|p1a: Flutter Mane|21\/100\n|\n|upkeep\n|\n|t:|1684110273\n|switch|p2a: Maushold|Maushold-Four, L50|100\/100\n|turn|8\n|j| Spacejes\n|\n|t:|1684110291\n|move|p2a: Maushold|Protect|p2a: Maushold\n|-singleturn|p2a: Maushold|Protect\n|move|p1a: Flutter Mane|Dazzling Gleam|p2b: Ting-Lu|[spread] p2b\n|-activate|p2a: Maushold|move: Protect\n|-supereffective|p2b: Ting-Lu\n|-damage|p2b: Ting-Lu|82\/100\n|move|p1b: Murkrow|Foul Play|p2a: Maushold\n|-activate|p2a: Maushold|move: Protect\n|move|p2b: Ting-Lu|Heavy Slam|p1a: Flutter Mane\n|-supereffective|p1a: Flutter Mane\n|-damage|p1a: Flutter Mane|0 fnt\n|faint|p1a: Flutter Mane\n|-end|p1a: Flutter Mane|Protosynthesis|[silent]\n|\n|upkeep\n|turn|9\n|-message|Fubuu forfeited.\n|\n|win|G3rd\n|raw|Fubuu's rating: 1436 → 1417<\/strong> (-19 for losing)\n|raw|G3rd's rating: 1451 → 1470<\/strong> (+19 for winning)\n|l|\u2606Fubuu\n","uploadtime":1684110307,"views":11,"p1id":"fubuu","p2id":"g3rd","formatid":"gen9vgc2023regulationc","rating":1417,"private":0,"password":""}