{"id":"gen9vgc2023regulationc-1861338912","p1":"Intrainingwheels","p2":"ThatOneDedenne","format":"[Gen 9] VGC 2023 Regulation C","log":"|j|\u2606Intrainingwheels\n|j|\u2606ThatOneDedenne\n|t:|1683747389\n|gametype|doubles\n|player|p1|Intrainingwheels|swimmer-gen4dp|1010\n|player|p2|ThatOneDedenne|rocketgruntf|1066\n|teamsize|p1|6\n|teamsize|p2|6\n|gen|9\n|tier|[Gen 9] VGC 2023 Regulation C\n|rated|\n|rule|Species Clause: Limit one of each Pok\u00e9mon\n|rule|Item Clause: Limit one of each item\n|clearpoke\n|poke|p1|Iron Moth, L50|\n|poke|p1|Cloyster, L50, F|\n|poke|p1|Breloom, L50, F|\n|poke|p1|Lycanroc, L50, F|\n|poke|p1|Scream Tail, L50|\n|poke|p1|Iron Treads, L50|\n|poke|p2|Tyranitar, L50, F|\n|poke|p2|Lycanroc, L50, M|\n|poke|p2|Garchomp, L50, M|\n|poke|p2|Drifblim, L50, F|\n|poke|p2|Indeedee, L50, M|\n|poke|p2|Sandaconda, L50, F|\n|teampreview|4\n|inactive|Battle timer is ON: inactive players will automatically lose when time's up. (requested by ThatOneDedenne)\n|inactive|Intrainingwheels has 60 seconds left.\n|inactive|Intrainingwheels has 30 seconds left.\n|inactive|Intrainingwheels has 20 seconds left.\n|inactive|Intrainingwheels has 15 seconds left.\n|\n|t:|1683747465\n|start\n|switch|p1a: Scream Tail|Scream Tail, L50|100\/100\n|switch|p1b: Iron Treads|Iron Treads, L50|100\/100\n|switch|p2a: Tyranitar|Tyranitar, L50, F|100\/100\n|switch|p2b: Lycanroc|Lycanroc, L50, M|100\/100\n|-weather|Sandstorm|[from] ability: Sand Stream|[of] p2a: Tyranitar\n|-enditem|p1a: Scream Tail|Booster Energy\n|-activate|p1a: Scream Tail|ability: Protosynthesis|[fromitem]\n|-start|p1a: Scream Tail|protosynthesisspe\n|turn|1\n|inactive|Intrainingwheels has 30 seconds left.\n|\n|t:|1683747494\n|-terastallize|p2a: Tyranitar|Flying\n|move|p2b: Lycanroc|Rock Slide|p1a: Scream Tail|[spread] p1a,p1b\n|-resisted|p1b: Iron Treads\n|-damage|p1a: Scream Tail|76\/100\n|-damage|p1b: Iron Treads|94\/100\n|move|p1a: Scream Tail|Reflect|p1a: Scream Tail\n|-sidestart|p1: Intrainingwheels|Reflect\n|move|p1b: Iron Treads|Scary Face|p2b: Lycanroc\n|-unboost|p2b: Lycanroc|spe|2\n|move|p2a: Tyranitar|Rock Slide|p1b: Iron Treads|[spread] p1a,p1b\n|-resisted|p1b: Iron Treads\n|-damage|p1a: Scream Tail|58\/100\n|-damage|p1b: Iron Treads|90\/100\n|\n|-weather|Sandstorm|[upkeep]\n|-damage|p1a: Scream Tail|52\/100|[from] Sandstorm\n|-damage|p2a: Tyranitar|95\/100|[from] Sandstorm\n|upkeep\n|turn|2\n|inactive|Intrainingwheels has 30 seconds left.\n|inactive|ThatOneDedenne has 30 seconds left.\n|inactive|ThatOneDedenne has 20 seconds left.\n|inactive|ThatOneDedenne has 15 seconds left.\n|\n|t:|1683747536\n|move|p1a: Scream Tail|Play Rough|p2a: Tyranitar\n|-damage|p2a: Tyranitar|78\/100\n|move|p1b: Iron Treads|Heavy Slam|p2b: Lycanroc\n|-supereffective|p2b: Lycanroc\n|-damage|p2b: Lycanroc|0 fnt\n|faint|p2b: Lycanroc\n|move|p2a: Tyranitar|Rock Slide|p1b: Iron Treads|[spread] p1b\n|-miss|p2a: Tyranitar|p1a: Scream Tail\n|-resisted|p1b: Iron Treads\n|-damage|p1b: Iron Treads|85\/100\n|\n|-weather|Sandstorm|[upkeep]\n|-damage|p1a: Scream Tail|46\/100|[from] Sandstorm\n|-damage|p2a: Tyranitar|72\/100|[from] Sandstorm\n|upkeep\n|\n|t:|1683747540\n|switch|p2b: Garchomp|Garchomp, L50, M|100\/100\n|turn|3\n|inactive|Intrainingwheels has 30 seconds left.\n|\n|t:|1683747570\n|move|p1a: Scream Tail|Play Rough|p2a: Tyranitar\n|-damage|p2a: Tyranitar|56\/100\n|move|p1b: Iron Treads|Scary Face|p2b: Garchomp\n|-fail|p2b: Garchomp|unboost|[from] item: Clear Amulet|[of] p2b: Garchomp\n|move|p2b: Garchomp|Earthquake|p1b: Iron Treads|[spread] p1a,p1b\n|-immune|p2a: Tyranitar\n|-supereffective|p1b: Iron Treads\n|-damage|p1a: Scream Tail|26\/100\n|-damage|p1b: Iron Treads|34\/100\n|move|p2a: Tyranitar|Low Kick|p1b: Iron Treads\n|-supereffective|p1b: Iron Treads\n|-damage|p1b: Iron Treads|0 fnt\n|faint|p1b: Iron Treads\n|-end|p1b: Iron Treads|Quark Drive|[silent]\n|\n|-weather|Sandstorm|[upkeep]\n|-damage|p1a: Scream Tail|20\/100|[from] Sandstorm\n|-damage|p2a: Tyranitar|50\/100|[from] Sandstorm\n|upkeep\n|inactive|Intrainingwheels has 30 seconds left.\n|\n|t:|1683747596\n|switch|p1b: Cloyster|Cloyster, L50, F, shiny|100\/100\n|turn|4\n|\n|t:|1683747605\n|move|p1a: Scream Tail|Helping Hand|p1b: Cloyster\n|-singleturn|p1b: Cloyster|Helping Hand|[of] p1a: Scream Tail\n|move|p2b: Garchomp|Earthquake|p1a: Scream Tail|[spread] p1a,p1b\n|-immune|p2a: Tyranitar\n|-damage|p1a: Scream Tail|0 fnt\n|-damage|p1b: Cloyster|84\/100\n|faint|p1a: Scream Tail\n|-end|p1a: Scream Tail|Protosynthesis|[silent]\n|move|p1b: Cloyster|Icy Wind|p2a: Tyranitar|[spread] p2a,p2b\n|-supereffective|p2a: Tyranitar\n|-supereffective|p2b: Garchomp\n|-damage|p2a: Tyranitar|29\/100\n|-damage|p2b: Garchomp|14\/100\n|-unboost|p2a: Tyranitar|spe|1\n|move|p2a: Tyranitar|Low Kick|p1b: Cloyster\n|-supereffective|p1b: Cloyster\n|-damage|p1b: Cloyster|50\/100\n|\n|-weather|Sandstorm|[upkeep]\n|-damage|p2a: Tyranitar|23\/100|[from] Sandstorm\n|-heal|p1b: Cloyster|56\/100|[from] item: Leftovers\n|upkeep\n|\n|t:|1683747625\n|switch|p1a: Breloom|Breloom, L50, F, shiny|100\/100\n|turn|5\n|\n|t:|1683747643\n|move|p1a: Breloom|Mach Punch|p2b: Garchomp\n|-damage|p2b: Garchomp|0 fnt\n|-damage|p1a: Breloom|89\/100|[from] ability: Rough Skin|[of] p2b: Garchomp\n|faint|p2b: Garchomp\n|move|p1b: Cloyster|Icy Wind|p2a: Tyranitar\n|-supereffective|p2a: Tyranitar\n|-damage|p2a: Tyranitar|3\/100\n|-unboost|p2a: Tyranitar|spe|1\n|move|p2a: Tyranitar|Tera Blast|p1a: Breloom\n|-supereffective|p1a: Breloom\n|-damage|p1a: Breloom|0 fnt\n|faint|p1a: Breloom\n|\n|-weather|none\n|-heal|p1b: Cloyster|62\/100|[from] item: Leftovers\n|-sideend|p1: Intrainingwheels|Reflect\n|upkeep\n|\n|t:|1683747646\n|switch|p2b: Drifblim|Drifblim, L50, F|100\/100\n|turn|6\n|\n|t:|1683747668\n|move|p2b: Drifblim|Hypnosis|p2a: Tyranitar|[miss]\n|-miss|p2b: Drifblim|p2a: Tyranitar\n|move|p1b: Cloyster|Icy Wind|p2b: Drifblim|[spread] p2a,p2b\n|-supereffective|p2a: Tyranitar\n|-supereffective|p2b: Drifblim\n|-damage|p2a: Tyranitar|0 fnt\n|-damage|p2b: Drifblim|74\/100\n|-unboost|p2b: Drifblim|spe|1\n|faint|p2a: Tyranitar\n|\n|-heal|p1b: Cloyster|67\/100|[from] item: Leftovers\n|upkeep\n|turn|7\n|\n|t:|1683747684\n|move|p1b: Cloyster|Whirlpool|p2b: Drifblim\n|-damage|p2b: Drifblim|62\/100\n|-activate|p2b: Drifblim|move: Whirlpool|[of] p1b: Cloyster\n|move|p2b: Drifblim|Hypnosis|p1b: Cloyster\n|-status|p1b: Cloyster|slp|[from] move: Hypnosis\n|\n|-heal|p1b: Cloyster|73\/100 slp|[from] item: Leftovers\n|-damage|p2b: Drifblim|50\/100|[from] move: Whirlpool|[partiallytrapped]\n|upkeep\n|turn|8\n|\n|t:|1683747694\n|cant|p1b: Cloyster|slp\n|move|p2b: Drifblim|Tera Blast|p1b: Cloyster\n|-damage|p1b: Cloyster|49\/100 slp\n|\n|-heal|p1b: Cloyster|55\/100 slp|[from] item: Leftovers\n|-damage|p2b: Drifblim|37\/100|[from] move: Whirlpool|[partiallytrapped]\n|upkeep\n|turn|9\n|\n|t:|1683747703\n|cant|p1b: Cloyster|slp\n|move|p2b: Drifblim|Tera Blast|p1b: Cloyster\n|-damage|p1b: Cloyster|31\/100 slp\n|\n|-heal|p1b: Cloyster|37\/100 slp|[from] item: Leftovers\n|-damage|p2b: Drifblim|25\/100|[from] move: Whirlpool|[partiallytrapped]\n|upkeep\n|turn|10\n|\n|t:|1683747712\n|cant|p1b: Cloyster|slp\n|move|p2b: Drifblim|Destiny Bond|p2b: Drifblim\n|-singlemove|p2b: Drifblim|Destiny Bond\n|\n|-heal|p1b: Cloyster|43\/100 slp|[from] item: Leftovers\n|-damage|p2b: Drifblim|13\/100|[from] move: Whirlpool|[partiallytrapped]\n|upkeep\n|turn|11\n|\n|t:|1683747723\n|-curestatus|p1b: Cloyster|slp|[msg]\n|move|p1b: Cloyster|Icy Wind|p2b: Drifblim\n|-supereffective|p2b: Drifblim\n|-damage|p2b: Drifblim|0 fnt\n|faint|p2b: Drifblim\n|-activate|p2b: Drifblim|move: Destiny Bond\n|faint|p1b: Cloyster\n|\n|win|Intrainingwheels\n|raw|Intrainingwheels's rating: 1010 → 1055<\/strong> (+45 for winning)\n|raw|ThatOneDedenne's rating: 1066 → 1043<\/strong> (-23 for losing)\n|c|\u2606ThatOneDedenne|gg\n|c|\u2606Intrainingwheels|Gg\n|l|\u2606Intrainingwheels\n","uploadtime":1683747747,"views":12,"p1id":"intrainingwheels","p2id":"thatonededenne","formatid":"gen9vgc2023regulationc","rating":1043,"private":0,"password":""}