{"id":"gen9vgc2023regulationc-1854934734","p1":"ApoVGC","p2":"Sintassy","format":"[Gen 9] VGC 2023 Regulation C","log":"|j|\u2606ApoVGC\n|j|\u2606Sintassy\n|t:|1682882446\n|gametype|doubles\n|player|p1|ApoVGC|169|1342\n|player|p2|Sintassy|170|1364\n|teamsize|p1|6\n|teamsize|p2|6\n|gen|9\n|tier|[Gen 9] VGC 2023 Regulation C\n|rated|\n|rule|Species Clause: Limit one of each Pok\u00e9mon\n|rule|Item Clause: Limit one of each item\n|clearpoke\n|poke|p1|Umbreon, L50, F|\n|poke|p1|Flutter Mane, L50|\n|poke|p1|Dondozo, L50, F|\n|poke|p1|Tatsugiri, L50, M|\n|poke|p1|Chi-Yu, L50|\n|poke|p1|Kingambit, L50, M|\n|poke|p2|Gholdengo, L50|\n|poke|p2|Wo-Chien, L50|\n|poke|p2|Iron Bundle, L50|\n|poke|p2|Dragapult, L50, M|\n|poke|p2|Hippowdon, L50, F|\n|poke|p2|Glimmora, L50, F|\n|teampreview|4\n|inactive|Battle timer is ON: inactive players will automatically lose when time's up. (requested by ApoVGC)\n|inactive|ApoVGC has 60 seconds left.\n|\n|t:|1682882480\n|start\n|switch|p1a: Flutter Mane|Flutter Mane, L50|100\/100\n|switch|p1b: Kingambit|Kingambit, L50, M|100\/100\n|switch|p2a: Hippowdon|Hippowdon, L50, F|100\/100\n|switch|p2b: Wo-Chien|Wo-Chien, L50|100\/100\n|-ability|p2b: Wo-Chien|Tablets of Ruin\n|-weather|Sandstorm|[from] ability: Sand Stream|[of] p2a: Hippowdon\n|-enditem|p1a: Flutter Mane|Booster Energy\n|-activate|p1a: Flutter Mane|ability: Protosynthesis|[fromitem]\n|-start|p1a: Flutter Mane|protosynthesisspe\n|turn|1\n|\n|t:|1682882498\n|-terastallize|p2b: Wo-Chien|Poison\n|move|p1a: Flutter Mane|Dazzling Gleam|p2b: Wo-Chien|[spread] p2a,p2b\n|-resisted|p2b: Wo-Chien\n|-damage|p2a: Hippowdon|75\/100\n|-damage|p2b: Wo-Chien|91\/100\n|move|p2b: Wo-Chien|Leech Seed|p1b: Kingambit|[miss]\n|-miss|p2b: Wo-Chien|p1b: Kingambit\n|move|p1b: Kingambit|Swords Dance|p1b: Kingambit\n|-boost|p1b: Kingambit|atk|2\n|move|p2a: Hippowdon|Sand Tomb|p1b: Kingambit\n|-supereffective|p1b: Kingambit\n|-damage|p1b: Kingambit|85\/100\n|-activate|p1b: Kingambit|move: Sand Tomb|[of] p2a: Hippowdon\n|\n|-weather|Sandstorm|[upkeep]\n|-damage|p1a: Flutter Mane|94\/100|[from] Sandstorm\n|-damage|p2b: Wo-Chien|84\/100|[from] Sandstorm\n|-heal|p2b: Wo-Chien|91\/100|[from] item: Leftovers\n|-damage|p1b: Kingambit|73\/100|[from] move: Sand Tomb|[partiallytrapped]\n|upkeep\n|turn|2\n|inactive|ApoVGC has 30 seconds left.\n|\n|t:|1682882525\n|move|p1a: Flutter Mane|Moonblast|p2a: Hippowdon\n|-damage|p2a: Hippowdon|33\/100\n|-unboost|p2a: Hippowdon|spa|1\n|move|p2b: Wo-Chien|Leech Seed|p1b: Kingambit\n|-start|p1b: Kingambit|move: Leech Seed\n|move|p1b: Kingambit|Kowtow Cleave|p2a: Hippowdon\n|-damage|p2a: Hippowdon|0 fnt\n|faint|p2a: Hippowdon\n|\n|-weather|Sandstorm|[upkeep]\n|-damage|p1a: Flutter Mane|88\/100|[from] Sandstorm\n|-damage|p2b: Wo-Chien|84\/100|[from] Sandstorm\n|-heal|p2b: Wo-Chien|91\/100|[from] item: Leftovers\n|-damage|p1b: Kingambit|61\/100|[from] Leech Seed|[of] p2b: Wo-Chien\n|-heal|p2b: Wo-Chien|100\/100|[silent]\n|-end|p1b: Kingambit|Sand Tomb|[partiallytrapped]|[silent]\n|upkeep\n|\n|t:|1682882542\n|switch|p2a: Glimmora|Glimmora, L50, F|100\/100\n|turn|3\n|\n|t:|1682882558\n|move|p1a: Flutter Mane|Shadow Ball|p2a: Glimmora\n|-damage|p2a: Glimmora|80\/100\n|move|p2a: Glimmora|Power Gem|p1a: Flutter Mane\n|-damage|p1a: Flutter Mane|47\/100\n|move|p2b: Wo-Chien|Leech Seed|p1a: Flutter Mane\n|-start|p1a: Flutter Mane|move: Leech Seed\n|move|p1b: Kingambit|Iron Head|p2a: Glimmora\n|-supereffective|p2a: Glimmora\n|-damage|p2a: Glimmora|0 fnt\n|-activate|p2a: Glimmora|ability: Toxic Debris\n|-sidestart|p1: ApoVGC|move: Toxic Spikes\n|faint|p2a: Glimmora\n|\n|-weather|Sandstorm|[upkeep]\n|-damage|p1a: Flutter Mane|41\/100|[from] Sandstorm\n|-damage|p2b: Wo-Chien|94\/100|[from] Sandstorm\n|-heal|p2b: Wo-Chien|100\/100|[from] item: Leftovers\n|-damage|p1a: Flutter Mane|29\/100|[from] Leech Seed|[of] p2b: Wo-Chien\n|-damage|p1b: Kingambit|49\/100|[from] Leech Seed|[of] p2b: Wo-Chien\n|upkeep\n|\n|t:|1682882576\n|switch|p2a: Iron Bundle|Iron Bundle, L50|100\/100\n|-enditem|p2a: Iron Bundle|Booster Energy\n|-activate|p2a: Iron Bundle|ability: Quark Drive|[fromitem]\n|-start|p2a: Iron Bundle|quarkdrivespe\n|turn|4\n|\n|t:|1682882588\n|move|p1a: Flutter Mane|Protect|p1a: Flutter Mane\n|-singleturn|p1a: Flutter Mane|Protect\n|move|p2a: Iron Bundle|Protect|p2a: Iron Bundle\n|-singleturn|p2a: Iron Bundle|Protect\n|move|p1b: Kingambit|Sucker Punch||[still]\n|-fail|p1b: Kingambit\n|move|p2b: Wo-Chien|Foul Play|p1b: Kingambit\n|-resisted|p1b: Kingambit\n|-damage|p1b: Kingambit|8\/100\n|-enditem|p1b: Kingambit|Aguav Berry|[eat]\n|-heal|p1b: Kingambit|41\/100|[from] item: Aguav Berry\n|\n|-weather|Sandstorm|[upkeep]\n|-damage|p1a: Flutter Mane|23\/100|[from] Sandstorm\n|-damage|p2a: Iron Bundle|95\/100|[from] Sandstorm\n|-damage|p2b: Wo-Chien|94\/100|[from] Sandstorm\n|-heal|p2b: Wo-Chien|100\/100|[from] item: Leftovers\n|-damage|p1a: Flutter Mane|10\/100|[from] Leech Seed|[of] p2b: Wo-Chien\n|-damage|p1b: Kingambit|29\/100|[from] Leech Seed|[of] p2b: Wo-Chien\n|upkeep\n|turn|5\n|inactive|Sintassy has 30 seconds left.\n|\n|t:|1682882614\n|move|p1b: Kingambit|Sucker Punch||[still]\n|-fail|p1b: Kingambit\n|move|p1a: Flutter Mane|Dazzling Gleam|p2b: Wo-Chien|[spread] p2a,p2b\n|-resisted|p2b: Wo-Chien\n|-damage|p2a: Iron Bundle|42\/100\n|-damage|p2b: Wo-Chien|90\/100\n|move|p2a: Iron Bundle|Encore|p1a: Flutter Mane\n|-start|p1a: Flutter Mane|Encore\n|move|p2b: Wo-Chien|Foul Play|p1b: Kingambit\n|-resisted|p1b: Kingambit\n|-damage|p1b: Kingambit|0 fnt\n|faint|p1b: Kingambit\n|\n|-weather|none\n|-heal|p2b: Wo-Chien|96\/100|[from] item: Leftovers\n|-damage|p1a: Flutter Mane|0 fnt|[from] Leech Seed|[of] p2b: Wo-Chien\n|-heal|p2b: Wo-Chien|100\/100|[silent]\n|faint|p1a: Flutter Mane\n|-end|p1a: Flutter Mane|Protosynthesis|[silent]\n|upkeep\n|\n|t:|1682882625\n|switch|p1a: Dondozo|Dondozo, L50, F|100\/100\n|switch|p1b: Tatsugiri|Tatsugiri, L50, M|100\/100\n|-activate|p1b: Tatsugiri|ability: Commander|[of] p1a: Dondozo\n|-boost|p1a: Dondozo|atk|2\n|-boost|p1a: Dondozo|spa|2\n|-boost|p1a: Dondozo|spe|2\n|-boost|p1a: Dondozo|def|2\n|-boost|p1a: Dondozo|spd|2\n|-status|p1a: Dondozo|psn\n|turn|6\n|\n|t:|1682882638\n|-terastallize|p1a: Dondozo|Grass\n|move|p2a: Iron Bundle|Protect|p2a: Iron Bundle\n|-singleturn|p2a: Iron Bundle|Protect\n|move|p1a: Dondozo|Earthquake|p2b: Wo-Chien|[spread] p2b\n|-miss|p1a: Dondozo|p1b: Tatsugiri\n|-activate|p2a: Iron Bundle|move: Protect\n|-supereffective|p2b: Wo-Chien\n|-damage|p2b: Wo-Chien|48\/100\n|move|p2b: Wo-Chien|Leech Seed|p1a: Dondozo\n|-immune|p1a: Dondozo\n|\n|-heal|p2b: Wo-Chien|55\/100|[from] item: Leftovers\n|-damage|p1a: Dondozo|88\/100 psn|[from] psn\n|upkeep\n|turn|7\n|inactive|Sintassy has 30 seconds left.\n|\n|t:|1682882668\n|move|p2a: Iron Bundle|Freeze-Dry|p1a: Dondozo\n|-supereffective|p1a: Dondozo\n|-damage|p1a: Dondozo|58\/100 psn\n|move|p1a: Dondozo|Earthquake|p2b: Wo-Chien|[spread] p2a,p2b\n|-miss|p1a: Dondozo|p1b: Tatsugiri\n|-supereffective|p2b: Wo-Chien\n|-damage|p2a: Iron Bundle|9\/100\n|-damage|p2b: Wo-Chien|2\/100\n|move|p2b: Wo-Chien|Foul Play|p1a: Dondozo\n|-damage|p1a: Dondozo|43\/100 psn\n|\n|-heal|p1a: Dondozo|49\/100 psn|[from] item: Leftovers\n|-heal|p2b: Wo-Chien|8\/100|[from] item: Leftovers\n|-damage|p1a: Dondozo|37\/100 psn|[from] psn\n|upkeep\n|turn|8\n|\n|t:|1682882686\n|move|p2b: Wo-Chien|Protect|p2b: Wo-Chien\n|-singleturn|p2b: Wo-Chien|Protect\n|move|p2a: Iron Bundle|Freeze-Dry|p1a: Dondozo\n|-supereffective|p1a: Dondozo\n|-damage|p1a: Dondozo|7\/100 psn\n|move|p1a: Dondozo|Earthquake|p2b: Wo-Chien|[spread] p2a\n|-miss|p1a: Dondozo|p1b: Tatsugiri\n|-activate|p2b: Wo-Chien|move: Protect\n|-damage|p2a: Iron Bundle|0 fnt\n|faint|p2a: Iron Bundle\n|-end|p2a: Iron Bundle|Quark Drive|[silent]\n|\n|-heal|p1a: Dondozo|13\/100 psn|[from] item: Leftovers\n|-heal|p2b: Wo-Chien|14\/100|[from] item: Leftovers\n|-damage|p1a: Dondozo|0 fnt|[from] psn\n|faint|p1a: Dondozo\n|upkeep\n|turn|9\n|\n|t:|1682882706\n|move|p1b: Tatsugiri|Draco Meteor|p2b: Wo-Chien\n|-damage|p2b: Wo-Chien|0 fnt\n|-unboost|p1b: Tatsugiri|spa|2\n|faint|p2b: Wo-Chien\n|\n|win|ApoVGC\n|raw|ApoVGC's rating: 1342 → 1363<\/strong> (+21 for winning)\n|raw|Sintassy's rating: 1364 → 1343<\/strong> (-21 for losing)\n|l|\u2606Sintassy\n|l|\u2606ApoVGC\n|j|\u2606ApoVGC\n|player|p1|ApoVGC|169\n","uploadtime":1682882774,"views":8,"p1id":"apovgc","p2id":"sintassy","formatid":"gen9vgc2023regulationc","rating":1343,"private":0,"password":""}