{"id":"gen9vgc2023regulationc-1857084162","p1":"TrainerDylan24","p2":"NicoHaxVGC","format":"[Gen 9] VGC 2023 Regulation C","log":"|j|\u2606TrainerDylan24\n|j|\u2606NicoHaxVGC\n|t:|1683144192\n|gametype|doubles\n|player|p1|TrainerDylan24|grimsley|1216\n|player|p2|NicoHaxVGC|red|1321\n|teamsize|p1|6\n|teamsize|p2|6\n|gen|9\n|tier|[Gen 9] VGC 2023 Regulation C\n|rated|\n|rule|Species Clause: Limit one of each Pok\u00e9mon\n|rule|Item Clause: Limit one of each item\n|clearpoke\n|poke|p1|Pincurchin, L50, F|\n|poke|p1|Iron Moth, L50|\n|poke|p1|Rotom-Wash, L50|\n|poke|p1|Baxcalibur, L50, M|\n|poke|p1|Wo-Chien, L50|\n|poke|p1|Iron Treads, L50|\n|poke|p2|Corviknight, L50, F|\n|poke|p2|Ting-Lu, L50|\n|poke|p2|Annihilape, L50, M|\n|poke|p2|Maushold, L50|\n|poke|p2|Iron Bundle, L50|\n|poke|p2|Flutter Mane, L50|\n|teampreview|4\n|inactive|Battle timer is ON: inactive players will automatically lose when time's up. (requested by NicoHaxVGC)\n|\n|t:|1683144218\n|start\n|switch|p1a: Pincurchin|Pincurchin, L50, F|100\/100\n|switch|p1b: Rotom|Rotom-Wash, L50|100\/100\n|switch|p2a: Cyborg|Iron Bundle, L50|100\/100\n|switch|p2b: Star fire|Flutter Mane, L50|100\/100\n|-fieldstart|move: Electric Terrain|[from] ability: Electric Surge|[of] p1a: Pincurchin\n|-activate|p2a: Cyborg|ability: Quark Drive\n|-start|p2a: Cyborg|quarkdrivespe\n|-enditem|p1a: Pincurchin|Electric Seed\n|-boost|p1a: Pincurchin|def|1|[from] item: Electric Seed\n|turn|1\n|\n|t:|1683144241\n|move|p2a: Cyborg|Freeze-Dry|p1b: Rotom\n|-supereffective|p1b: Rotom\n|-damage|p1b: Rotom|5\/100\n|-status|p1b: Rotom|frz\n|move|p2b: Star fire|Dazzling Gleam|p1b: Rotom|[spread] p1a,p1b\n|-damage|p1a: Pincurchin|46\/100\n|-damage|p1b: Rotom|0 fnt\n|faint|p1b: Rotom\n|move|p1a: Pincurchin|Zing Zap|p2b: Star fire\n|-damage|p2b: Star fire|12\/100\n|\n|upkeep\n|\n|t:|1683144252\n|switch|p1b: Iron Moth|Iron Moth, L50|100\/100\n|-activate|p1b: Iron Moth|ability: Quark Drive\n|-start|p1b: Iron Moth|quarkdrivespe\n|turn|2\n|\n|t:|1683144271\n|move|p1a: Pincurchin|Sucker Punch|p2b: Star fire\n|-damage|p2b: Star fire|0 fnt\n|faint|p2b: Star fire\n|-end|p2b: Star fire|Protosynthesis|[silent]\n|move|p2a: Cyborg|Icy Wind|p1b: Iron Moth|[spread] p1a,p1b\n|-resisted|p1b: Iron Moth\n|-damage|p1a: Pincurchin|21\/100\n|-damage|p1b: Iron Moth|92\/100\n|-unboost|p1a: Pincurchin|spe|1\n|-unboost|p1b: Iron Moth|spe|1\n|move|p1b: Iron Moth|Energy Ball|p2a: Cyborg\n|-supereffective|p2a: Cyborg\n|-damage|p2a: Cyborg|0 fnt\n|faint|p2a: Cyborg\n|-end|p2a: Cyborg|Quark Drive|[silent]\n|\n|upkeep\n|\n|t:|1683144281\n|switch|p2a: Robin|Annihilape, L50, M|100\/100\n|switch|p2b: Raven|Corviknight, L50, F|100\/100\n|turn|3\n|\n|t:|1683144297\n|-terastallize|p2b: Raven|Fire\n|move|p1b: Iron Moth|Fiery Dance|p2b: Raven\n|-resisted|p2b: Raven\n|-damage|p2b: Raven|82\/100\n|-boost|p1b: Iron Moth|spa|1\n|move|p2a: Robin|Bulk Up|p2a: Robin\n|-boost|p2a: Robin|atk|1\n|-boost|p2a: Robin|def|1\n|move|p2b: Raven|Brave Bird|p1b: Iron Moth\n|-damage|p1b: Iron Moth|29\/100\n|-damage|p2b: Raven|64\/100|[from] Recoil\n|move|p1a: Pincurchin|Acupressure|p1b: Iron Moth\n|-boost|p1b: Iron Moth|spe|2\n|\n|upkeep\n|turn|4\n|inactive|TrainerDylan24 has 30 seconds left.\n|\n|t:|1683144324\n|move|p1b: Iron Moth|Sludge Wave|p2a: Robin|[spread] p1a,p2a,p2b\n|-resisted|p2a: Robin\n|-damage|p1a: Pincurchin|0 fnt\n|-damage|p2a: Robin|78\/100\n|-damage|p2b: Raven|12\/100\n|faint|p1a: Pincurchin\n|move|p2a: Robin|Drain Punch|p1b: Iron Moth\n|-resisted|p1b: Iron Moth\n|-damage|p1b: Iron Moth|0 fnt\n|-heal|p2a: Robin|90\/100|[from] drain|[of] p1b: Iron Moth\n|faint|p1b: Iron Moth\n|-end|p1b: Iron Moth|Quark Drive|[silent]\n|move|p2b: Raven|Brave Bird|p1: Pincurchin|[notarget]\n|-fail|p2b: Raven\n|\n|-heal|p2a: Robin|97\/100|[from] item: Leftovers\n|upkeep\n|\n|t:|1683144330\n|switch|p1a: Iron Treads|Iron Treads, L50|100\/100\n|-activate|p1a: Iron Treads|ability: Quark Drive\n|-start|p1a: Iron Treads|quarkdrivespe\n|turn|5\n|inactive|NicoHaxVGC has 30 seconds left.\n|inactive|NicoHaxVGC has 20 seconds left.\n|inactive|NicoHaxVGC has 15 seconds left.\n|inactive|NicoHaxVGC has 10 seconds left.\n|\n|t:|1683144378\n|-terastallize|p1a: Iron Treads|Ground\n|move|p1a: Iron Treads|Volt Switch|p2b: Raven\n|-damage|p2b: Raven|0 fnt\n|faint|p2b: Raven\n|move|p2a: Robin|Rage Fist|p1a: Iron Treads\n|-damage|p1a: Iron Treads|36\/100\n|\n|-heal|p2a: Robin|100\/100|[from] item: Leftovers\n|-fieldend|move: Electric Terrain\n|-end|p1a: Iron Treads|Quark Drive\n|upkeep\n|-enditem|p1a: Iron Treads|Booster Energy\n|-activate|p1a: Iron Treads|ability: Quark Drive|[fromitem]\n|-start|p1a: Iron Treads|quarkdrivespe\n|turn|6\n|\n|t:|1683144392\n|move|p1a: Iron Treads|Iron Head|p2a: Robin\n|-damage|p2a: Robin|75\/100\n|move|p2a: Robin|Rage Fist|p1a: Iron Treads\n|-damage|p1a: Iron Treads|0 fnt\n|faint|p1a: Iron Treads\n|-end|p1a: Iron Treads|Quark Drive|[silent]\n|\n|win|NicoHaxVGC\n|raw|TrainerDylan24's rating: 1216 → 1198<\/strong> (-18 for losing)\n|raw|NicoHaxVGC's rating: 1321 → 1335<\/strong> (+14 for winning)\n|l|\u2606TrainerDylan24\n","uploadtime":1683144397,"views":11,"p1id":"trainerdylan24","p2id":"nicohaxvgc","formatid":"gen9vgc2023regulationc","rating":1198,"private":0,"password":""}