{"id":"gen9vgc2023regulationc-1848817811","p1":"Chicaino 2","p2":"SoutherlySoup","format":"[Gen 9] VGC 2023 Regulation C","log":"|j|\u2606Chicaino 2\n|j|\u2606SoutherlySoup\n|t:|1682113644\n|gametype|doubles\n|player|p1|Chicaino 2|gambler|1280\n|player|p2|SoutherlySoup|dawn|1240\n|teamsize|p1|6\n|teamsize|p2|6\n|gen|9\n|tier|[Gen 9] VGC 2023 Regulation C\n|rated|\n|rule|Species Clause: Limit one of each Pok\u00e9mon\n|rule|Item Clause: Limit one of each item\n|clearpoke\n|poke|p1|Breloom, L50, M|\n|poke|p1|Garchomp, L50, M|\n|poke|p1|Hydreigon, L50, M|\n|poke|p1|Arcanine, L50, M|\n|poke|p1|Gholdengo, L50|\n|poke|p1|Murkrow, L50, F|\n|poke|p2|Tatsugiri, L50, F|\n|poke|p2|Dondozo, L50, M|\n|poke|p2|Brute Bonnet, L50|\n|poke|p2|Chien-Pao, L50|\n|poke|p2|Amoonguss, L50, F|\n|poke|p2|Arcanine, L50, M|\n|teampreview|4\nSoutherlySoup rejected open team sheets.\n|inactive|Battle timer is ON: inactive players will automatically lose when time's up. (requested by SoutherlySoup)\n|\n|t:|1682113668\n|start\n|switch|p1a: Arcanine|Arcanine, L50, M|100\/100\n|switch|p1b: Garchomp|Garchomp, L50, M|100\/100\n|switch|p2a: Chien-Pao|Chien-Pao, L50|100\/100\n|switch|p2b: Brute Bonnet|Brute Bonnet, L50|100\/100\n|-ability|p2a: Chien-Pao|Sword of Ruin\n|-ability|p1a: Arcanine|Intimidate|boost\n|-unboost|p2a: Chien-Pao|atk|1\n|-unboost|p2b: Brute Bonnet|atk|1\n|-enditem|p2b: Brute Bonnet|Booster Energy\n|-activate|p2b: Brute Bonnet|ability: Protosynthesis|[fromitem]\n|-start|p2b: Brute Bonnet|protosynthesisdef\n|turn|1\n|\n|t:|1682113687\n|move|p1b: Garchomp|Protect|p1b: Garchomp\n|-singleturn|p1b: Garchomp|Protect\n|move|p2b: Brute Bonnet|Sucker Punch||[still]\n|-fail|p2b: Brute Bonnet\n|move|p2a: Chien-Pao|Ice Spinner|p1b: Garchomp\n|-activate|p1b: Garchomp|move: Protect\n|move|p1a: Arcanine|Will-O-Wisp|p2a: Chien-Pao\n|-status|p2a: Chien-Pao|brn\n|\n|-damage|p2a: Chien-Pao|95\/100 brn|[from] brn\n|upkeep\n|turn|2\n|inactive|Chicaino 2 has 30 seconds left.\n|inactive|Chicaino 2 has 20 seconds left.\n|inactive|Chicaino 2 has 15 seconds left.\n|inactive|Chicaino 2 has 10 seconds left.\n|inactive|Chicaino 2 has 5 seconds left.\n|\n|t:|1682113742\n|move|p2b: Brute Bonnet|Sucker Punch|p1a: Arcanine\n|-damage|p1a: Arcanine|65\/100\n|move|p2a: Chien-Pao|Ice Spinner|p1b: Garchomp\n|-supereffective|p1b: Garchomp\n|-damage|p1b: Garchomp|24\/100\n|-damage|p2a: Chien-Pao|82\/100 brn|[from] ability: Rough Skin|[of] p1b: Garchomp\n|move|p1b: Garchomp|Dragon Claw|p2a: Chien-Pao\n|-damage|p2a: Chien-Pao|19\/100 brn\n|move|p1a: Arcanine|Flare Blitz|p2a: Chien-Pao\n|-supereffective|p2a: Chien-Pao\n|-damage|p2a: Chien-Pao|0 fnt\n|faint|p2a: Chien-Pao\n|-damage|p1a: Arcanine|60\/100|[from] Recoil\n|\n|upkeep\n|\n|t:|1682113749\n|switch|p2a: Dondozo|Dondozo, L50, M|100\/100\n|turn|3\n|inactive|Chicaino 2 has 30 seconds left.\n|\n|t:|1682113774\n|-terastallize|p1a: Arcanine|Grass\n|move|p2a: Dondozo|Protect|p2a: Dondozo\n|-singleturn|p2a: Dondozo|Protect\n|move|p1b: Garchomp|Dragon Claw|p2b: Brute Bonnet\n|-damage|p2b: Brute Bonnet|74\/100\n|move|p1a: Arcanine|Will-O-Wisp|p2a: Dondozo\n|-activate|p2a: Dondozo|move: Protect\n|move|p2b: Brute Bonnet|Seed Bomb|p1b: Garchomp\n|-damage|p1b: Garchomp|0 fnt\n|faint|p1b: Garchomp\n|\n|upkeep\n|\n|t:|1682113797\n|switch|p1b: Breloom|Breloom, L50, M|100\/100\n|turn|4\n|inactive|SoutherlySoup has 30 seconds left.\n|inactive|SoutherlySoup has 20 seconds left.\n|\n|t:|1682113836\n|-end|p2b: Brute Bonnet|Protosynthesis|[silent]\n|switch|p2b: Tatsugiri|Tatsugiri, L50, F|100\/100\n|-activate|p2b: Tatsugiri|ability: Commander|[of] p2a: Dondozo\n|-boost|p2a: Dondozo|atk|2\n|-boost|p2a: Dondozo|spa|2\n|-boost|p2a: Dondozo|spe|2\n|-boost|p2a: Dondozo|def|2\n|-boost|p2a: Dondozo|spd|2\n|-terastallize|p2a: Dondozo|Electric\n|move|p2a: Dondozo|Order Up|p1b: Breloom\n|-damage|p1b: Breloom|18\/100\n|-boost|p2a: Dondozo|atk|1\n|move|p1b: Breloom|Bullet Seed|p2a: Dondozo\n|-damage|p2a: Dondozo|93\/100\n|-damage|p2a: Dondozo|87\/100\n|-damage|p2a: Dondozo|79\/100\n|-damage|p2a: Dondozo|72\/100\n|-hitcount|p2a: Dondozo|4\n|move|p1a: Arcanine|Flare Blitz|p2b: Tatsugiri|[miss]\n|-miss|p1a: Arcanine|p2b: Tatsugiri\n|\n|-heal|p2a: Dondozo|78\/100|[from] item: Leftovers\n|upkeep\n|turn|5\n|inactive|Chicaino 2 has 30 seconds left.\n|\n|t:|1682113868\n|move|p2a: Dondozo|Order Up|p1b: Breloom\n|-damage|p1b: Breloom|0 fnt\n|faint|p1b: Breloom\n|-boost|p2a: Dondozo|atk|1\n|move|p1a: Arcanine|Will-O-Wisp|p2a: Dondozo\n|-status|p2a: Dondozo|brn\n|\n|-heal|p2a: Dondozo|84\/100 brn|[from] item: Leftovers\n|-damage|p2a: Dondozo|78\/100 brn|[from] brn\n|upkeep\n|\n|t:|1682113872\n|switch|p1b: Murkrow|Murkrow, L50, F|100\/100\n|turn|6\n|\n|t:|1682113894\n|move|p1b: Murkrow|Haze|p1b: Murkrow\n|-clearallboost\n|move|p1a: Arcanine|Flare Blitz|p2a: Dondozo\n|-damage|p2a: Dondozo|44\/100 brn\n|-damage|p1a: Arcanine|48\/100|[from] Recoil\n|-enditem|p1a: Arcanine|Sitrus Berry|[eat]\n|-heal|p1a: Arcanine|73\/100|[from] item: Sitrus Berry\n|move|p2a: Dondozo|Tera Blast|p1b: Murkrow\n|-supereffective|p1b: Murkrow\n|-damage|p1b: Murkrow|60\/100\n|\n|-heal|p2a: Dondozo|50\/100 brn|[from] item: Leftovers\n|-damage|p2a: Dondozo|44\/100 brn|[from] brn\n|upkeep\n|turn|7\n|\n|t:|1682113919\n|move|p1b: Murkrow|Tailwind|p1b: Murkrow\n|-sidestart|p1: Chicaino 2|move: Tailwind\n|move|p1a: Arcanine|Flare Blitz|p2a: Dondozo\n|-damage|p2a: Dondozo|12\/100 brn\n|-damage|p1a: Arcanine|60\/100|[from] Recoil\n|move|p2a: Dondozo|Order Up|p1a: Arcanine\n|-damage|p1a: Arcanine|48\/100\n|-boost|p2a: Dondozo|atk|1\n|\n|-heal|p2a: Dondozo|18\/100 brn|[from] item: Leftovers\n|-damage|p2a: Dondozo|12\/100 brn|[from] brn\n|upkeep\n|turn|8\n|\n|t:|1682113939\n|move|p1a: Arcanine|Extreme Speed|p2a: Dondozo\n|-damage|p2a: Dondozo|0 fnt\n|faint|p2a: Dondozo\n|move|p1b: Murkrow|Foul Play|p2b: Tatsugiri\n|-damage|p2b: Tatsugiri|73\/100\n|\n|upkeep\n|\n|t:|1682113943\n|switch|p2a: Brute Bonnet|Brute Bonnet, L50|74\/100\n|turn|9\n|\n|t:|1682113961\n|move|p1a: Arcanine|Protect|p1a: Arcanine\n|-singleturn|p1a: Arcanine|Protect\n|move|p2a: Brute Bonnet|Sucker Punch||[still]\n|-fail|p2a: Brute Bonnet\n|move|p1b: Murkrow|Foul Play|p2b: Tatsugiri\n|-damage|p2b: Tatsugiri|47\/100\n|move|p2b: Tatsugiri|Muddy Water|p1a: Arcanine|[spread] p1b\n|-activate|p1a: Arcanine|move: Protect\n|-damage|p1b: Murkrow|26\/100\n|\n|upkeep\n|turn|10\n|\n|t:|1682113984\n|move|p2a: Brute Bonnet|Sucker Punch|p1a: Arcanine\n|-damage|p1a: Arcanine|2\/100\n|move|p1a: Arcanine|Flare Blitz|p2a: Brute Bonnet\n|-supereffective|p2a: Brute Bonnet\n|-damage|p2a: Brute Bonnet|0 fnt\n|faint|p2a: Brute Bonnet\n|-end|p2a: Brute Bonnet|Protosynthesis|[silent]\n|-damage|p1a: Arcanine|0 fnt|[from] Recoil\n|faint|p1a: Arcanine\n|move|p1b: Murkrow|Foul Play|p2b: Tatsugiri\n|-damage|p2b: Tatsugiri|24\/100\n|move|p2b: Tatsugiri|Muddy Water|p1b: Murkrow\n|-damage|p1b: Murkrow|0 fnt\n|faint|p1b: Murkrow\n|\n|win|SoutherlySoup\n|raw|Chicaino 2's rating: 1280 → 1252<\/strong> (-28 for losing)\n|raw|SoutherlySoup's rating: 1240 → 1268<\/strong> (+28 for winning)\n|l|\u2606Chicaino 2\n","uploadtime":1682114001,"views":7,"p1id":"chicaino2","p2id":"southerlysoup","formatid":"gen9vgc2023regulationc","rating":1252,"private":0,"password":""}