{"id":"gen9vgc2023regulationc-1848268413","p1":"kurotoki_8","p2":"Slicetea","format":"[Gen 9] VGC 2023 Regulation C","log":"|j|\u2606kurotoki_8\n|j|\u2606Slicetea\n|t:|1682050819\n|gametype|doubles\n|player|p1|kurotoki_8|169|1113\n|player|p2|Slicetea|265|1185\n|teamsize|p1|6\n|teamsize|p2|6\n|gen|9\n|tier|[Gen 9] VGC 2023 Regulation C\n|rated|\n|rule|Species Clause: Limit one of each Pok\u00e9mon\n|rule|Item Clause: Limit one of each item\n|clearpoke\n|poke|p1|Maushold, L50|\n|poke|p1|Gholdengo, L50|\n|poke|p1|Iron Bundle, L50|\n|poke|p1|Chi-Yu, L50|\n|poke|p1|Kingambit, L50, F|\n|poke|p1|Amoonguss, L50, M|\n|poke|p2|Gallade, L50, M|\n|poke|p2|Talonflame, L50, F|\n|poke|p2|Flutter Mane, L50|\n|poke|p2|Garchomp, L50, F|\n|poke|p2|Chien-Pao, L50|\n|poke|p2|Gardevoir, L50, M|\n|teampreview|4\n|inactive|Battle timer is ON: inactive players will automatically lose when time's up. (requested by Slicetea)\n|inactive|kurotoki_8 has 60 seconds left.\n|\n|t:|1682050861\n|start\n|switch|p1a: Iron Bundle|Iron Bundle, L50|100\/100\n|switch|p1b: Chi-Yu|Chi-Yu, L50|100\/100\n|switch|p2a: Talonflame|Talonflame, L50, F|100\/100\n|switch|p2b: Gallade|Gallade, L50, M|100\/100\n|-ability|p1b: Chi-Yu|Beads of Ruin\n|-enditem|p1a: Iron Bundle|Booster Energy\n|-activate|p1a: Iron Bundle|ability: Quark Drive|[fromitem]\n|-start|p1a: Iron Bundle|quarkdrivespe\n|turn|1\n|\n|t:|1682050874\n|-terastallize|p1b: Chi-Yu|Grass\n|move|p1a: Iron Bundle|Protect|p1a: Iron Bundle\n|-singleturn|p1a: Iron Bundle|Protect\n|move|p2a: Talonflame|Tailwind|p2a: Talonflame\n|-sidestart|p2: Slicetea|move: Tailwind\n|move|p2b: Gallade|Sacred Sword|p1a: Iron Bundle\n|-activate|p1a: Iron Bundle|move: Protect\n|move|p1b: Chi-Yu|Heat Wave|p2a: Talonflame|[spread] p2a,p2b\n|-resisted|p2a: Talonflame\n|-damage|p2a: Talonflame|63\/100\n|-damage|p2b: Gallade|42\/100\n|\n|upkeep\n|turn|2\n|\n|t:|1682050888\n|-end|p1a: Iron Bundle|Quark Drive|[silent]\n|switch|p1a: Amoonguss|Amoonguss, L50, M, shiny|100\/100\n|move|p2a: Talonflame|Brave Bird|p1b: Chi-Yu\n|-supereffective|p1b: Chi-Yu\n|-enditem|p1b: Chi-Yu|Focus Sash\n|-damage|p1b: Chi-Yu|1\/100\n|-damage|p2a: Talonflame|34\/100|[from] Recoil\n|move|p2b: Gallade|Sacred Sword|p1a: Amoonguss\n|-resisted|p1a: Amoonguss\n|-damage|p1a: Amoonguss|51\/100\n|move|p1b: Chi-Yu|Heat Wave|p2a: Talonflame|[spread] p2a,p2b\n|-resisted|p2a: Talonflame\n|-damage|p2a: Talonflame|0 fnt\n|-damage|p2b: Gallade|0 fnt\n|faint|p2a: Talonflame\n|faint|p2b: Gallade\n|\n|upkeep\n|\n|t:|1682050904\n|switch|p2a: Gardevoir|Gardevoir, L50, M|100\/100\n|switch|p2b: Garchomp|Garchomp, L50, F|100\/100\n|turn|3\n|\n|t:|1682050923\n|move|p1b: Chi-Yu|Protect|p1b: Chi-Yu\n|-singleturn|p1b: Chi-Yu|Protect\n|move|p2b: Garchomp|Earthquake|p1a: Amoonguss|[spread] p1a\n|-activate|p1b: Chi-Yu|move: Protect\n|-activate|p2a: Gardevoir|ability: Telepathy\n|-damage|p1a: Amoonguss|3\/100\n|-enditem|p1a: Amoonguss|Sitrus Berry|[eat]\n|-heal|p1a: Amoonguss|28\/100|[from] item: Sitrus Berry\n|-damage|p2b: Garchomp|91\/100|[from] item: Life Orb\n|move|p2a: Gardevoir|Dazzling Gleam|p1b: Chi-Yu|[spread] p1a\n|-activate|p1b: Chi-Yu|move: Protect\n|-resisted|p1a: Amoonguss\n|-damage|p1a: Amoonguss|5\/100\n|move|p1a: Amoonguss|Spore|p2b: Garchomp\n|-status|p2b: Garchomp|slp|[from] move: Spore\n|\n|upkeep\n|turn|4\n|\n|t:|1682050944\n|switch|p1b: Gholdengo|Gholdengo, L50|100\/100\n|switch|p1a: Iron Bundle|Iron Bundle, L50|100\/100\n|cant|p2b: Garchomp|slp\n|move|p2a: Gardevoir|Dazzling Gleam|p1a: Iron Bundle|[spread] p1a,p1b\n|-resisted|p1b: Gholdengo\n|-damage|p1a: Iron Bundle|47\/100\n|-damage|p1b: Gholdengo|77\/100\n|\n|-heal|p1b: Gholdengo|83\/100|[from] item: Leftovers\n|-sideend|p2: Slicetea|move: Tailwind\n|upkeep\n|turn|5\n|\n|t:|1682050963\n|cant|p2b: Garchomp|slp\n|move|p1a: Iron Bundle|Freeze-Dry|p2b: Garchomp\n|-supereffective|p2b: Garchomp\n|-damage|p2b: Garchomp|0 fnt\n|faint|p2b: Garchomp\n|move|p2a: Gardevoir|Dazzling Gleam|p1b: Gholdengo|[spread] p1a,p1b\n|-crit|p1a: Iron Bundle\n|-resisted|p1b: Gholdengo\n|-damage|p1a: Iron Bundle|0 fnt\n|-damage|p1b: Gholdengo|58\/100\n|faint|p1a: Iron Bundle\n|-end|p1a: Iron Bundle|Quark Drive|[silent]\n|move|p1b: Gholdengo|Make It Rain|p2a: Gardevoir\n|-supereffective|p2a: Gardevoir\n|-damage|p2a: Gardevoir|0 fnt\n|-unboost|p1b: Gholdengo|spa|1\n|faint|p2a: Gardevoir\n|\n|win|kurotoki_8\n|raw|kurotoki_8's rating: 1113 → 1143<\/strong> (+30 for winning)\n|raw|Slicetea's rating: 1185 → 1155<\/strong> (-30 for losing)\n|l|\u2606Slicetea\n","uploadtime":1682050981,"views":11,"p1id":"kurotoki8","p2id":"slicetea","formatid":"gen9vgc2023regulationc","rating":1143,"private":0,"password":""}