{"id":"gen9vgc2023regulationc-1860925239","p1":"cobalt_poke","p2":"Pantsuit","format":"[Gen 9] VGC 2023 Regulation C","log":"|j|\u2606cobalt_poke\n|j|\u2606Pantsuit\n|t:|1683697022\n|gametype|doubles\n|player|p1|cobalt_poke|lenora|1601\n|player|p2|Pantsuit|265|1638\n|teamsize|p1|6\n|teamsize|p2|6\n|gen|9\n|tier|[Gen 9] VGC 2023 Regulation C\n|rated|\n|rule|Species Clause: Limit one of each Pok\u00e9mon\n|rule|Item Clause: Limit one of each item\n|clearpoke\n|poke|p1|Annihilape, L50, F|\n|poke|p1|Maushold-Four, L50|\n|poke|p1|Amoonguss, L50, F|\n|poke|p1|Flutter Mane, L50|\n|poke|p1|Ting-Lu, L50|\n|poke|p1|Roaring Moon, L50|\n|poke|p2|Orthworm, L50, M|\n|poke|p2|Dragonite, L50, F|\n|poke|p2|Ting-Lu, L50|\n|poke|p2|Gyarados, L50, F|\n|poke|p2|Flutter Mane, L50|\n|poke|p2|Chien-Pao, L50|\n|teampreview|4\n|\n|t:|1683697041\n|start\n|switch|p1a: Annihilape|Annihilape, L50, F|100\/100\n|switch|p1b: Maushold|Maushold-Four, L50|100\/100\n|switch|p2a: Orthworm|Orthworm, L50, M|100\/100\n|switch|p2b: Dragonite|Dragonite, L50, F|100\/100\n|turn|1\n|\n|t:|1683697079\n|-terastallize|p1a: Annihilape|Poison\n|move|p1b: Maushold|Taunt|p2b: Dragonite\n|-start|p2b: Dragonite|move: Taunt\n|cant|p2b: Dragonite|move: Taunt|Dragon Dance\n|move|p1a: Annihilape|Bulk Up|p1a: Annihilape\n|-boost|p1a: Annihilape|atk|1\n|-boost|p1a: Annihilape|def|1\n|move|p2a: Orthworm|Iron Defense|p2a: Orthworm\n|-boost|p2a: Orthworm|def|2\n|\n|upkeep\n|turn|2\n|\n|t:|1683697098\n|move|p1b: Maushold|Beat Up|p1a: Annihilape\n|-damage|p1a: Annihilape|99\/100\n|-damage|p1a: Annihilape|98\/100\n|-damage|p1a: Annihilape|97\/100\n|-damage|p1a: Annihilape|95\/100\n|-hitcount|p1a: Annihilape|4\n|move|p2b: Dragonite|Earthquake|p1b: Maushold|[spread] p1a,p1b\n|-immune|p2a: Orthworm|[from] ability: Earth Eater\n|-supereffective|p1a: Annihilape\n|-damage|p1a: Annihilape|68\/100\n|-damage|p1b: Maushold|66\/100\n|move|p1a: Annihilape|Rage Fist|p2a: Orthworm\n|-damage|p2a: Orthworm|32\/100\n|-enditem|p2a: Orthworm|Sitrus Berry|[eat]\n|-heal|p2a: Orthworm|57\/100|[from] item: Sitrus Berry\n|move|p2a: Orthworm|Body Press|p1b: Maushold\n|-supereffective|p1b: Maushold\n|-damage|p1b: Maushold|0 fnt\n|faint|p1b: Maushold\n|\n|-heal|p1a: Annihilape|74\/100|[from] item: Leftovers\n|upkeep\n|\n|t:|1683697121\n|switch|p1b: Flutter Mane|Flutter Mane, L50|100\/100\n|turn|3\n|j| shine like a gem\n|\n|t:|1683697135\n|move|p1b: Flutter Mane|Protect|p1b: Flutter Mane\n|-singleturn|p1b: Flutter Mane|Protect\n|move|p2b: Dragonite|Earthquake|p1a: Annihilape|[spread] p1a\n|-activate|p1b: Flutter Mane|move: Protect\n|-heal|p2a: Orthworm|82\/100|[from] ability: Earth Eater|[of] p2b: Dragonite\n|-supereffective|p1a: Annihilape\n|-damage|p1a: Annihilape|42\/100\n|move|p1a: Annihilape|Rage Fist|p2a: Orthworm\n|-damage|p2a: Orthworm|3\/100\n|move|p2a: Orthworm|Heavy Slam|p1b: Flutter Mane\n|-activate|p1b: Flutter Mane|move: Protect\n|\n|-heal|p1a: Annihilape|48\/100|[from] item: Leftovers\n|-end|p2b: Dragonite|move: Taunt\n|upkeep\n|turn|4\n|\n|t:|1683697155\n|switch|p2a: Ting-Lu|Ting-Lu, L50|100\/100\n|-ability|p2a: Ting-Lu|Vessel of Ruin\n|-terastallize|p2b: Dragonite|Flying\n|move|p1b: Flutter Mane|Dazzling Gleam|p2b: Dragonite|[spread] p2a,p2b\n|-supereffective|p2a: Ting-Lu\n|-damage|p2a: Ting-Lu|67\/100\n|-damage|p2b: Dragonite|87\/100\n|move|p2b: Dragonite|Dragon Dance|p2b: Dragonite\n|-boost|p2b: Dragonite|atk|1\n|-boost|p2b: Dragonite|spe|1\n|move|p1a: Annihilape|Rage Fist|p2b: Dragonite\n|-damage|p2b: Dragonite|0 fnt\n|faint|p2b: Dragonite\n|\n|-heal|p1a: Annihilape|54\/100|[from] item: Leftovers\n|upkeep\n|\n|t:|1683697174\n|switch|p2b: Chien-Pao|Chien-Pao, L50|100\/100\n|-ability|p2b: Chien-Pao|Sword of Ruin\n|turn|5\n|j| BlindMagneton\n|\n|t:|1683697224\n|move|p1b: Flutter Mane|Protect|p1b: Flutter Mane\n|-singleturn|p1b: Flutter Mane|Protect\n|move|p2b: Chien-Pao|Ice Spinner|p1a: Annihilape\n|-damage|p1a: Annihilape|16\/100\n|move|p1a: Annihilape|Drain Punch|p2a: Ting-Lu\n|-supereffective|p2a: Ting-Lu\n|-damage|p2a: Ting-Lu|0 fnt\n|-heal|p1a: Annihilape|53\/100|[from] drain|[of] p2a: Ting-Lu\n|faint|p2a: Ting-Lu\n|\n|-heal|p1a: Annihilape|59\/100|[from] item: Leftovers\n|upkeep\n|\n|t:|1683697237\n|switch|p2a: Orthworm|Orthworm, L50, M|3\/100\n|turn|6\n|\n|t:|1683697244\n|move|p1b: Flutter Mane|Dazzling Gleam|p2a: Orthworm|[spread] p2a,p2b\n|-resisted|p2a: Orthworm\n|-supereffective|p2b: Chien-Pao\n|-damage|p2a: Orthworm|0 fnt\n|-enditem|p2b: Chien-Pao|Focus Sash\n|-damage|p2b: Chien-Pao|1\/100\n|faint|p2a: Orthworm\n|move|p2b: Chien-Pao|Ice Spinner|p1b: Flutter Mane\n|-damage|p1b: Flutter Mane|0 fnt\n|faint|p1b: Flutter Mane\n|-end|p1b: Flutter Mane|Protosynthesis|[silent]\n|move|p1a: Annihilape|Drain Punch|p2b: Chien-Pao\n|-supereffective|p2b: Chien-Pao\n|-damage|p2b: Chien-Pao|0 fnt\n|-heal|p1a: Annihilape|60\/100|[from] drain|[of] p2b: Chien-Pao\n|faint|p2b: Chien-Pao\n|\n|win|cobalt_poke\n|raw|cobalt_poke's rating: 1601 → 1623<\/strong> (+22 for winning)\n|raw|Pantsuit's rating: 1638 → 1616<\/strong> (-22 for losing)\n|l|\u2606Pantsuit\n|l|\u2606cobalt_poke\n","uploadtime":1683697269,"views":17,"p1id":"cobaltpoke","p2id":"pantsuit","formatid":"gen9vgc2023regulationc","rating":1616,"private":0,"password":""}