{"id":"gen9vgc2023regulationc-1857342566","p1":"jakevw19","p2":"kookui","format":"[Gen 9] VGC 2023 Regulation C","log":"|j|\u2606jakevw19\n|j|\u2606kookui\n|t:|1683176550\n|gametype|doubles\n|player|p1|jakevw19|depotagent|1152\n|player|p2|kookui|2|1174\n|teamsize|p1|6\n|teamsize|p2|6\n|gen|9\n|tier|[Gen 9] VGC 2023 Regulation C\n|rated|\n|rule|Species Clause: Limit one of each Pok\u00e9mon\n|rule|Item Clause: Limit one of each item\n|clearpoke\n|poke|p1|Garganacl, L50, F|\n|poke|p1|Glimmora, L50, M|\n|poke|p1|Palafin, L50, M|\n|poke|p1|Rotom-Heat, L50|\n|poke|p1|Mimikyu, L50, M|\n|poke|p1|Ting-Lu, L50|\n|poke|p2|Gyarados, L50, F|\n|poke|p2|Annihilape, L50, M|\n|poke|p2|Tsareena, L50, F|\n|poke|p2|Scream Tail, L50|\n|poke|p2|Ting-Lu, L50|\n|poke|p2|Arcanine, L50, M|\n|teampreview|4\n|j| beautifxlpeople\n|\n|t:|1683176592\n|start\n|switch|p1a: Gargachad|Garganacl, L50, F|100\/100\n|switch|p1b: The Oven|Rotom-Heat, L50|100\/100\n|switch|p2a: Majin Buu|Scream Tail, L50, shiny|100\/100\n|switch|p2b: Shenron|Gyarados, L50, F|100\/100\n|-ability|p2b: Shenron|Intimidate|boost\n|-unboost|p1a: Gargachad|atk|1\n|-unboost|p1b: The Oven|atk|1\n|-enditem|p2a: Majin Buu|Booster Energy\n|-activate|p2a: Majin Buu|ability: Protosynthesis|[fromitem]\n|-start|p2a: Majin Buu|protosynthesisspe\n|turn|1\n|c|\u2606jakevw19|lmao\n|c|\u2606jakevw19|i love the nicknames\n|\n|t:|1683176620\n|switch|p2b: Ox-King|Ting-Lu, L50|100\/100\n|-ability|p2b: Ox-King|Vessel of Ruin\n|-terastallize|p1a: Gargachad|Ghost\n|move|p2a: Majin Buu|Light Screen|p2a: Majin Buu\n|-sidestart|p2: kookui|move: Light Screen\n|move|p1b: The Oven|Volt Switch|p2b: Ox-King\n|-immune|p2b: Ox-King\n|move|p1a: Gargachad|Iron Defense|p1a: Gargachad\n|-boost|p1a: Gargachad|def|2\n|\n|upkeep\n|turn|2\n|c|\u2606jakevw19|hahaha\n|c|\u2606jakevw19|they are all dragon ball\n|\n|t:|1683176639\n|move|p2a: Majin Buu|Reflect|p2a: Majin Buu\n|-sidestart|p2: kookui|Reflect\n|move|p1b: The Oven|Volt Switch|p2a: Majin Buu\n|-damage|p2a: Majin Buu|84\/100\n|\n|t:|1683176644\n|switch|p1b: The Devil (FTB)|Glimmora, L50, M|100\/100|[from] Volt Switch\n|move|p2b: Ox-King|Fissure|p1a: Gargachad|[miss]\n|-miss|p2b: Ox-King|p1a: Gargachad\n|move|p1a: Gargachad|Salt Cure|p2a: Majin Buu\n|-damage|p2a: Majin Buu|79\/100\n|-start|p2a: Majin Buu|Salt Cure\n|\n|-damage|p2a: Majin Buu|67\/100|[from] Salt Cure\n|upkeep\n|turn|3\n|\n|t:|1683176658\n|move|p1a: Gargachad|Protect|p1a: Gargachad\n|-singleturn|p1a: Gargachad|Protect\n|move|p2a: Majin Buu|Thunder Wave|p1b: The Devil (FTB)\n|-status|p1b: The Devil (FTB)|par\n|move|p1b: The Devil (FTB)|Mortal Spin|p2a: Majin Buu|[spread] p2a,p2b\n|-supereffective|p2a: Majin Buu\n|-resisted|p2b: Ox-King\n|-damage|p2a: Majin Buu|63\/100\n|-damage|p2b: Ox-King|99\/100\n|-status|p2a: Majin Buu|psn\n|-status|p2b: Ox-King|psn\n|move|p2b: Ox-King|Fissure|p1a: Gargachad\n|-activate|p1a: Gargachad|move: Protect\n|\n|-damage|p2a: Majin Buu|51\/100 psn|[from] psn\n|-damage|p2b: Ox-King|87\/100 psn|[from] psn\n|-damage|p2a: Majin Buu|39\/100 psn|[from] Salt Cure\n|upkeep\n|turn|4\n|\n|t:|1683176683\n|-end|p2a: Majin Buu|Protosynthesis|[silent]\n|switch|p2a: Vegeta|Annihilape, L50, M|100\/100\n|-terastallize|p2b: Ox-King|Poison\n|cant|p1b: The Devil (FTB)|par\n|move|p2b: Ox-King|Fissure|p1a: Gargachad\n|-damage|p1a: Gargachad|0 fnt\n|faint|p1a: Gargachad\n|-ohko\n|\n|-damage|p2b: Ox-King|75\/100 psn|[from] psn\n|upkeep\n|\n|t:|1683176695\n|switch|p1a: The Creature|Mimikyu, L50, M|100\/100\n|turn|5\n|\n|t:|1683176704\n|switch|p2b: Majin Buu|Scream Tail, L50, shiny|39\/100 psn\n|move|p1a: The Creature|Play Rough|p2a: Vegeta\n|-supereffective|p2a: Vegeta\n|-damage|p2a: Vegeta|45\/100\n|-damage|p1a: The Creature|91\/100|[from] item: Life Orb\n|move|p2a: Vegeta|Rage Fist|p1a: The Creature\n|-activate|p1a: The Creature|ability: Disguise\n|-damage|p1a: The Creature|91\/100\n|detailschange|p1a: The Creature|Mimikyu-Busted, L50, M\n|-damage|p1a: The Creature|78\/100|[from] pokemon: Mimikyu-Busted\n|move|p1b: The Devil (FTB)|Sludge Bomb|p2a: Vegeta\n|-resisted|p2a: Vegeta\n|-damage|p2a: Vegeta|33\/100\n|-status|p2a: Vegeta|psn\n|\n|-damage|p2b: Majin Buu|27\/100 psn|[from] psn\n|-damage|p2a: Vegeta|21\/100 psn|[from] psn\n|-sideend|p2: kookui|move: Light Screen\n|upkeep\n|turn|6\n|\n|t:|1683176726\n|move|p1a: The Creature|Protect|p1a: The Creature\n|-singleturn|p1a: The Creature|Protect\n|move|p1b: The Devil (FTB)|Spiky Shield|p1b: The Devil (FTB)\n|-singleturn|p1b: The Devil (FTB)|move: Protect\n|move|p2b: Majin Buu|Thunder Wave|p1a: The Creature\n|-activate|p1a: The Creature|move: Protect\n|move|p2a: Vegeta|Rage Fist|p1a: The Creature\n|-activate|p1a: The Creature|move: Protect\n|\n|-damage|p2b: Majin Buu|14\/100 psn|[from] psn\n|-damage|p2a: Vegeta|8\/100 psn|[from] psn\n|-sideend|p2: kookui|Reflect\n|upkeep\n|turn|7\n|\n|t:|1683176741\n|move|p1a: The Creature|Shadow Sneak|p2a: Vegeta\n|-supereffective|p2a: Vegeta\n|-damage|p2a: Vegeta|0 fnt\n|faint|p2a: Vegeta\n|-damage|p1a: The Creature|68\/100|[from] item: Life Orb\n|move|p2b: Majin Buu|Thunder Wave|p1a: The Creature\n|-status|p1a: The Creature|par\n|cant|p1b: The Devil (FTB)|par\n|\n|-damage|p2b: Majin Buu|2\/100 psn|[from] psn\n|upkeep\n|\n|t:|1683176755\n|switch|p2a: Shenron|Gyarados, L50, F|100\/100\n|-ability|p2a: Shenron|Intimidate|boost\n|-unboost|p1a: The Creature|atk|1\n|-unboost|p1b: The Devil (FTB)|atk|1\n|turn|8\n|\n|t:|1683176765\n|move|p1b: The Devil (FTB)|Spiky Shield|p1b: The Devil (FTB)\n|-singleturn|p1b: The Devil (FTB)|move: Protect\n|move|p1a: The Creature|Protect|p1a: The Creature\n|-singleturn|p1a: The Creature|Protect\n|move|p2b: Majin Buu|Howl|p2b: Majin Buu|[spread] p2a,p2b\n|-boost|p2a: Shenron|atk|1\n|-boost|p2b: Majin Buu|atk|1\n|move|p2a: Shenron|Waterfall|p1a: The Creature\n|-activate|p1a: The Creature|move: Protect\n|\n|-damage|p2b: Majin Buu|0 fnt|[from] psn\n|faint|p2b: Majin Buu\n|-end|p2b: Majin Buu|Protosynthesis|[silent]\n|upkeep\n|\n|t:|1683176779\n|switch|p2b: Ox-King|Ting-Lu, L50, tera:Poison|75\/100 psn\n|-ability|p2b: Ox-King|Vessel of Ruin\n|turn|9\n|\n|t:|1683176799\n|move|p2a: Shenron|Waterfall|p1a: The Creature\n|-damage|p1a: The Creature|0 fnt\n|faint|p1a: The Creature\n|move|p1b: The Devil (FTB)|Sludge Bomb|p2a: Shenron\n|-damage|p2a: Shenron|74\/100\n|-status|p2a: Shenron|psn\n|move|p2b: Ox-King|Stomping Tantrum|p1b: The Devil (FTB)\n|-supereffective|p1b: The Devil (FTB)\n|-enditem|p1b: The Devil (FTB)|Focus Sash\n|-damage|p1b: The Devil (FTB)|1\/100 par\n|-activate|p1b: The Devil (FTB)|ability: Toxic Debris\n|-sidestart|p2: kookui|move: Toxic Spikes\n|\n|-damage|p2a: Shenron|62\/100 psn|[from] psn\n|-damage|p2b: Ox-King|63\/100 psn|[from] psn\n|upkeep\n|\n|t:|1683176812\n|switch|p1a: The Oven|Rotom-Heat, L50|100\/100\n|turn|10\n|\n|t:|1683176824\n|move|p1a: The Oven|Thunderbolt|p2a: Shenron\n|-supereffective|p2a: Shenron\n|-damage|p2a: Shenron|0 fnt\n|faint|p2a: Shenron\n|cant|p1b: The Devil (FTB)|par\n|move|p2b: Ox-King|Stomping Tantrum|p1b: The Devil (FTB)\n|-supereffective|p1b: The Devil (FTB)\n|-damage|p1b: The Devil (FTB)|0 fnt\n|-activate|p1b: The Devil (FTB)|ability: Toxic Debris\n|-sidestart|p2: kookui|move: Toxic Spikes\n|faint|p1b: The Devil (FTB)\n|\n|-damage|p2b: Ox-King|50\/100 psn|[from] psn\n|upkeep\n|turn|11\n|\n|t:|1683176838\n|move|p1a: The Oven|Thunderbolt|p2b: Ox-King\n|-damage|p2b: Ox-King|24\/100 psn\n|move|p2b: Ox-King|Heavy Slam|p1a: The Oven\n|-resisted|p1a: The Oven\n|-damage|p1a: The Oven|90\/100\n|\n|-damage|p2b: Ox-King|12\/100 psn|[from] psn\n|upkeep\n|turn|12\n|-message|kookui forfeited.\n|\n|win|jakevw19\n|raw|jakevw19's rating: 1152 → 1179<\/strong> (+27 for winning)\n|raw|kookui's rating: 1174 → 1147<\/strong> (-27 for losing)\n|l|\u2606kookui\n","uploadtime":1683176854,"views":9,"p1id":"jakevw19","p2id":"kookui","formatid":"gen9vgc2023regulationc","rating":1147,"private":0,"password":""}