{"id":"gen9vgc2023regulationc-1864413357","p1":"Nehzzy","p2":"paggans","format":"[Gen 9] VGC 2023 Regulation C","log":"|j|\u2606Nehzzy\n|j|\u2606paggans\n|t:|1684164486\n|gametype|doubles\n|player|p1|Nehzzy|steven|1399\n|player|p2|paggans|blaine|1360\n|teamsize|p1|6\n|teamsize|p2|6\n|gen|9\n|tier|[Gen 9] VGC 2023 Regulation C\n|rated|\n|rule|Species Clause: Limit one of each Pok\u00e9mon\n|rule|Item Clause: Limit one of each item\n|clearpoke\n|poke|p1|Gyarados, L50, M|\n|poke|p1|Murkrow, L50, M|\n|poke|p1|Great Tusk, L50|\n|poke|p1|Gholdengo, L50|\n|poke|p1|Maushold-Four, L50|\n|poke|p1|Chi-Yu, L50|\n|poke|p2|Annihilape, L50, F|\n|poke|p2|Ting-Lu, L50|\n|poke|p2|Arcanine, L50, M|\n|poke|p2|Garganacl, L50, M|\n|poke|p2|Meowscarada, L50, M|\n|poke|p2|Tauros-Paldea-Aqua, L50, M|\n|teampreview|4\nNehzzy has agreed to open team sheets.\n|inactive|Battle timer is ON: inactive players will automatically lose when time's up. (requested by paggans)\npaggans rejected open team sheets.\n|\n|t:|1684164531\n|start\n|switch|p1a: Maushold|Maushold-Four, L50|100\/100\n|switch|p1b: Gholdengo|Gholdengo, L50|100\/100\n|switch|p2a: Annihilape|Annihilape, L50, F|100\/100\n|switch|p2b: Arcanine|Arcanine, L50, M|100\/100\n|-ability|p2b: Arcanine|Intimidate|boost\n|-unboost|p1a: Maushold|atk|1\n|-unboost|p1b: Gholdengo|atk|1\n|turn|1\n|\n|t:|1684164549\n|-terastallize|p1b: Gholdengo|Water\n|move|p2a: Annihilape|U-turn|p1b: Gholdengo\n|-damage|p1b: Gholdengo|87\/100\n|\n|t:|1684164562\n|switch|p2a: Tauros|Tauros-Paldea-Aqua, L50, M|100\/100|[from] U-turn\n|-ability|p2a: Tauros|Intimidate|boost\n|-unboost|p1a: Maushold|atk|1\n|-unboost|p1b: Gholdengo|atk|1\n|move|p1a: Maushold|Super Fang|p2a: Tauros\n|-damage|p2a: Tauros|50\/100\n|move|p2b: Arcanine|Snarl|p1b: Gholdengo|[spread] p1a,p1b\n|-damage|p1a: Maushold|89\/100\n|-damage|p1b: Gholdengo|81\/100\n|-unboost|p1a: Maushold|spa|1\n|-unboost|p1b: Gholdengo|spa|1\n|move|p1b: Gholdengo|Nasty Plot|p1b: Gholdengo\n|-boost|p1b: Gholdengo|spa|2\n|-enditem|p2a: Tauros|Mirror Herb\n|-boost|p2a: Tauros|spa|2|[from] item: Mirror Herb\n|\n|-heal|p1b: Gholdengo|87\/100|[from] item: Leftovers\n|upkeep\n|turn|2\n|\n|t:|1684164584\n|move|p1a: Maushold|Super Fang|p2b: Arcanine\n|-damage|p2b: Arcanine|51\/100\n|move|p2a: Tauros|Close Combat|p1b: Gholdengo\n|-damage|p1b: Gholdengo|49\/100\n|-unboost|p2a: Tauros|def|1\n|-unboost|p2a: Tauros|spd|1\n|move|p2b: Arcanine|Snarl|p1b: Gholdengo|[spread] p1a,p1b\n|-damage|p1a: Maushold|78\/100\n|-damage|p1b: Gholdengo|43\/100\n|-unboost|p1a: Maushold|spa|1\n|-unboost|p1b: Gholdengo|spa|1\n|move|p1b: Gholdengo|Make It Rain|p2a: Tauros|[spread] p2a,p2b\n|-resisted|p2a: Tauros\n|-resisted|p2b: Arcanine\n|-damage|p2a: Tauros|0 fnt\n|-damage|p2b: Arcanine|28\/100\n|-unboost|p1b: Gholdengo|spa|1\n|faint|p2a: Tauros\n|\n|-heal|p1b: Gholdengo|49\/100|[from] item: Leftovers\n|upkeep\n|\n|t:|1684164605\n|switch|p2a: Annihilape|Annihilape, L50, F|100\/100\n|turn|3\n|inactive|Nehzzy has 30 seconds left.\n|\n|t:|1684164635\n|move|p1a: Maushold|Follow Me|p1a: Maushold\n|-singleturn|p1a: Maushold|move: Follow Me\n|move|p2a: Annihilape|Close Combat|p1a: Maushold\n|-supereffective|p1a: Maushold\n|-damage|p1a: Maushold|0 fnt\n|-unboost|p2a: Annihilape|def|1\n|-unboost|p2a: Annihilape|spd|1\n|faint|p1a: Maushold\n|move|p2b: Arcanine|Snarl|p1b: Gholdengo\n|-damage|p1b: Gholdengo|38\/100\n|-unboost|p1b: Gholdengo|spa|1\n|move|p1b: Gholdengo|Nasty Plot|p1b: Gholdengo\n|-boost|p1b: Gholdengo|spa|2\n|\n|-heal|p1b: Gholdengo|44\/100|[from] item: Leftovers\n|upkeep\n|\n|t:|1684164652\n|switch|p1a: Great Tusk|Great Tusk, L50|100\/100\n|turn|4\n|\n|t:|1684164666\n|switch|p1b: Gyarados|Gyarados, L50, M|100\/100\n|-ability|p1b: Gyarados|Intimidate|boost\n|-unboost|p2a: Annihilape|atk|1\n|-ability|p2a: Annihilape|Defiant|boost\n|-boost|p2a: Annihilape|atk|2\n|-unboost|p2b: Arcanine|atk|1\n|move|p2a: Annihilape|Close Combat|p1b: Gyarados\n|-resisted|p1b: Gyarados\n|-damage|p1b: Gyarados|62\/100\n|-unboost|p2a: Annihilape|def|1\n|-unboost|p2a: Annihilape|spd|1\n|move|p1a: Great Tusk|Earthquake|p2a: Annihilape|[spread] p2a,p2b\n|-immune|p1b: Gyarados\n|-supereffective|p2b: Arcanine\n|-damage|p2a: Annihilape|23\/100\n|-damage|p2b: Arcanine|0 fnt\n|faint|p2b: Arcanine\n|\n|upkeep\n|\n|t:|1684164682\n|switch|p2b: Garganacl|Garganacl, L50, M|100\/100\n|turn|5\n|\n|t:|1684164703\n|-terastallize|p2b: Garganacl|Ghost\n|move|p2a: Annihilape|Close Combat|p1a: Great Tusk\n|-damage|p1a: Great Tusk|43\/100\n|-unboost|p2a: Annihilape|def|1\n|-unboost|p2a: Annihilape|spd|1\n|move|p1a: Great Tusk|Earthquake|p2a: Annihilape|[spread] p2a,p2b\n|-immune|p1b: Gyarados\n|-damage|p2a: Annihilape|0 fnt\n|-damage|p2b: Garganacl|77\/100\n|faint|p2a: Annihilape\n|move|p1b: Gyarados|Taunt|p2b: Garganacl\n|-start|p2b: Garganacl|move: Taunt\n|cant|p2b: Garganacl|move: Taunt|Iron Defense\n|\n|-heal|p2b: Garganacl|83\/100|[from] item: Leftovers\n|upkeep\n|turn|6\n|\n|t:|1684164723\n|move|p1a: Great Tusk|Earthquake|p2b: Garganacl|[spread] p2b\n|-immune|p1b: Gyarados\n|-damage|p2b: Garganacl|60\/100\n|move|p1b: Gyarados|Waterfall|p2b: Garganacl\n|-damage|p2b: Garganacl|34\/100\n|cant|p2b: Garganacl|flinch\n|\n|-heal|p2b: Garganacl|40\/100|[from] item: Leftovers\n|upkeep\n|turn|7\n|-message|paggans forfeited.\n|\n|win|Nehzzy\n|raw|Nehzzy's rating: 1399 → 1417<\/strong> (+18 for winning)\n|raw|paggans's rating: 1360 → 1342<\/strong> (-18 for losing)\n|l|\u2606paggans\n","uploadtime":1684164736,"views":9,"p1id":"nehzzy","p2id":"paggans","formatid":"gen9vgc2023regulationc","rating":1342,"private":0,"password":""}