{"id":"gen9vgc2023regulationc-1860137924","p1":"m175128050523","p2":"LoganSlogan","format":"[Gen 9] VGC 2023 Regulation C","log":"|j|\u2606m175128050523\n|j|\u2606LoganSlogan\n|t:|1683599777\n|gametype|doubles\n|player|p1|m175128050523|silver|1047\n|player|p2|LoganSlogan|265|1096\n|teamsize|p1|6\n|teamsize|p2|6\n|gen|9\n|tier|[Gen 9] VGC 2023 Regulation C\n|rated|\n|rule|Species Clause: Limit one of each Pok\u00e9mon\n|rule|Item Clause: Limit one of each item\n|clearpoke\n|poke|p1|Chien-Pao, L50|\n|poke|p1|Dragonite, L50, M|\n|poke|p1|Palafin, L50, M|\n|poke|p1|Arcanine, L50, M|\n|poke|p1|Amoonguss, L50, M|\n|poke|p1|Iron Hands, L50|\n|poke|p2|Armarouge, L50, F|\n|poke|p2|Indeedee-F, L50, F|\n|poke|p2|Staraptor, L50, M|\n|poke|p2|Ting-Lu, L50|\n|poke|p2|Amoonguss, L50, M|\n|poke|p2|Dragonite, L50, M|\n|teampreview|4\nm175128050523 has agreed to open team sheets.\n|inactive|Battle timer is ON: inactive players will automatically lose when time's up. (requested by m175128050523)\n|\n|t:|1683599807\n|start\n|switch|p1a: Chien-Pao|Chien-Pao, L50|100\/100\n|switch|p1b: Arcanine|Arcanine, L50, M|100\/100\n|switch|p2a: Armarouge|Armarouge, L50, F, shiny|100\/100\n|switch|p2b: Indeedee|Indeedee-F, L50, F, shiny|100\/100\n|-ability|p1a: Chien-Pao|Sword of Ruin\n|-ability|p1b: Arcanine|Intimidate|boost\n|-unboost|p2a: Armarouge|atk|1\n|-unboost|p2b: Indeedee|atk|1\n|-fieldstart|move: Psychic Terrain|[from] ability: Psychic Surge|[of] p2b: Indeedee\n|-enditem|p2b: Indeedee|Psychic Seed\n|-boost|p2b: Indeedee|spd|1|[from] item: Psychic Seed\n|turn|1\n|\n|t:|1683599827\n|-terastallize|p2b: Indeedee|Fairy\n|move|p2b: Indeedee|Follow Me|p2b: Indeedee\n|-singleturn|p2b: Indeedee|move: Follow Me\n|move|p1a: Chien-Pao|Ice Spinner|p2b: Indeedee\n|-damage|p2b: Indeedee|28\/100\n|-fieldend|move: Psychic Terrain\n|move|p2a: Armarouge|Armor Cannon|p1a: Chien-Pao\n|-supereffective|p1a: Chien-Pao\n|-enditem|p1a: Chien-Pao|Focus Sash\n|-damage|p1a: Chien-Pao|1\/100\n|-unboost|p2a: Armarouge|def|1\n|-unboost|p2a: Armarouge|spd|1\n|move|p1b: Arcanine|Snarl|p2b: Indeedee|[spread] p2a,p2b\n|-supereffective|p2a: Armarouge\n|-resisted|p2b: Indeedee\n|-crit|p2b: Indeedee\n|-damage|p2a: Armarouge|63\/100\n|-damage|p2b: Indeedee|23\/100\n|-unboost|p2a: Armarouge|spa|1\n|-unboost|p2b: Indeedee|spa|1\n|\n|upkeep\n|turn|2\n|inactive|m175128050523 has 30 seconds left.\n|inactive|LoganSlogan has 30 seconds left.\n|\n|t:|1683599857\n|move|p2a: Armarouge|Protect|p2a: Armarouge\n|-singleturn|p2a: Armarouge|Protect\n|move|p1a: Chien-Pao|Sucker Punch||[still]\n|-fail|p1a: Chien-Pao\n|move|p1b: Arcanine|Flare Blitz|p2b: Indeedee\n|-damage|p2b: Indeedee|0 fnt\n|faint|p2b: Indeedee\n|-damage|p1b: Arcanine|94\/100|[from] Recoil\n|\n|upkeep\n|\n|t:|1683599866\n|switch|p2b: Staraptor|Staraptor, L50, M, shiny|100\/100\n|-ability|p2b: Staraptor|Intimidate|boost\n|-unboost|p1a: Chien-Pao|atk|1\n|-unboost|p1b: Arcanine|atk|1\n|turn|3\n|\n|t:|1683599889\n|switch|p1a: Palafin|Palafin, L50, M|100\/100\n|switch|p1b: Dragonite|Dragonite, L50, M|100\/100\n|move|p2b: Staraptor|Final Gambit|p1b: Dragonite\n|-damage|p1b: Dragonite|0 fnt\n|faint|p2b: Staraptor\n|faint|p1b: Dragonite\n|move|p2a: Armarouge|Armor Cannon|p1a: Palafin\n|-resisted|p1a: Palafin\n|-damage|p1a: Palafin|70\/100\n|-unboost|p2a: Armarouge|def|1\n|-unboost|p2a: Armarouge|spd|1\n|\n|upkeep\n|\n|t:|1683599903\n|switch|p2b: Amoonguss|Amoonguss, L50, M, shiny|100\/100\n|switch|p1b: Chien-Pao|Chien-Pao, L50|1\/100\n|-ability|p1b: Chien-Pao|Sword of Ruin\n|turn|4\n|\n|t:|1683599919\n|detailschange|p1a: Palafin|Palafin-Hero, L50, M\n|switch|p1a: Arcanine|Arcanine, L50, M|94\/100\n|-ability|p1a: Arcanine|Intimidate|boost\n|-unboost|p2a: Armarouge|atk|1\n|-unboost|p2b: Amoonguss|atk|1\n|move|p2b: Amoonguss|Protect|p2b: Amoonguss\n|-singleturn|p2b: Amoonguss|Protect\n|move|p1b: Chien-Pao|Ice Spinner|p2b: Amoonguss\n|-activate|p2b: Amoonguss|move: Protect\n|move|p2a: Armarouge|Armor Cannon|p1b: Chien-Pao\n|-supereffective|p1b: Chien-Pao\n|-damage|p1b: Chien-Pao|0 fnt\n|-unboost|p2a: Armarouge|def|1\n|-unboost|p2a: Armarouge|spd|1\n|faint|p1b: Chien-Pao\n|\n|upkeep\n|\n|t:|1683599936\n|switch|p1b: Palafin|Palafin-Hero, L50, M|70\/100\n|-activate|p1b: Palafin|ability: Zero to Hero\n|turn|5\n|\n|t:|1683599947\n|-terastallize|p1b: Palafin|Water\n|move|p1b: Palafin|Wave Crash|p2b: Amoonguss\n|-resisted|p2b: Amoonguss\n|-damage|p2b: Amoonguss|33\/100\n|-damage|p1b: Palafin|42\/100|[from] Recoil\n|move|p2a: Armarouge|Expanding Force|p1a: Arcanine\n|-damage|p1a: Arcanine|71\/100\n|move|p1a: Arcanine|Flare Blitz|p2b: Amoonguss\n|-supereffective|p2b: Amoonguss\n|-damage|p2b: Amoonguss|0 fnt\n|faint|p2b: Amoonguss\n|-damage|p1a: Arcanine|58\/100|[from] Recoil\n|\n|upkeep\n|turn|6\n|\n|t:|1683599964\n|move|p1a: Arcanine|Extreme Speed|p2a: Armarouge\n|-damage|p2a: Armarouge|0 fnt\n|faint|p2a: Armarouge\n|\n|win|m175128050523\n|raw|m175128050523's rating: 1047 → 1085<\/strong> (+38 for winning)\n|raw|LoganSlogan's rating: 1096 → 1068<\/strong> (-28 for losing)\n|l|\u2606LoganSlogan\n","uploadtime":1683599971,"views":2,"p1id":"m175128050523","p2id":"loganslogan","formatid":"gen9vgc2023regulationc","rating":1068,"private":0,"password":""}