{"id":"gen9vgc2023regulationc-1847199387","p1":"Alaskan_fisher","p2":"Vgchris0607k","format":"[Gen 9] VGC 2023 Regulation C","log":"|j|\u2606Alaskan_fisher\n|j|\u2606Vgchris0607k\n|t:|1681927186\n|gametype|doubles\n|player|p1|Alaskan_fisher|fisherman-gen4|1200\n|player|p2|Vgchris0607k|170|1280\n|teamsize|p1|6\n|teamsize|p2|6\n|gen|9\n|tier|[Gen 9] VGC 2023 Regulation C\n|rated|\n|rule|Species Clause: Limit one of each Pok\u00e9mon\n|rule|Item Clause: Limit one of each item\n|clearpoke\n|poke|p1|Chi-Yu, L50|\n|poke|p1|Iron Hands, L50|\n|poke|p1|Palafin, L50, F|\n|poke|p1|Ting-Lu, L50|\n|poke|p1|Flutter Mane, L50|\n|poke|p1|Arcanine, L50, M|\n|poke|p2|Flutter Mane, L50|\n|poke|p2|Dragonite, L50, F|\n|poke|p2|Sandy Shocks, L50|\n|poke|p2|Talonflame, L50, F|\n|poke|p2|Farigiraf, L50, M|\n|poke|p2|Palafin, L50, M|\n|teampreview|4\n|inactive|Battle timer is ON: inactive players will automatically lose when time's up. (requested by Vgchris0607k)\nAlaskan_fisher has agreed to open team sheets.\n|inactive|Alaskan_fisher has 60 seconds left.\n|inactive|Vgchris0607k has 60 seconds left.\n|inactive|Alaskan_fisher has 30 seconds left.\n|inactive|Vgchris0607k has 30 seconds left.\n|inactive|Alaskan_fisher has 20 seconds left.\n|inactive|Alaskan_fisher has 15 seconds left.\n|inactive|Alaskan_fisher has 10 seconds left.\n|\n|t:|1681927269\n|start\n|switch|p1a: Ting-Lu|Ting-Lu, L50|100\/100\n|switch|p1b: Palafin|Palafin, L50, F|100\/100\n|switch|p2a: Talonflame|Talonflame, L50, F|100\/100\n|switch|p2b: Palafin|Palafin, L50, M|100\/100\n|-ability|p1a: Ting-Lu|Vessel of Ruin\n|turn|1\n|\n|t:|1681927286\n|detailschange|p2b: Palafin|Palafin-Hero, L50, M\n|switch|p2b: Dragonite|Dragonite, L50, F|100\/100\n|detailschange|p1b: Palafin|Palafin-Hero, L50, F\n|switch|p1b: Chi-Yu|Chi-Yu, L50|100\/100\n|-ability|p1b: Chi-Yu|Beads of Ruin\n|move|p2a: Talonflame|Sunny Day|p2a: Talonflame\n|-weather|SunnyDay\n|move|p1a: Ting-Lu|Stomping Tantrum|p2b: Dragonite\n|-immune|p2b: Dragonite\n|\n|-weather|SunnyDay|[upkeep]\n|upkeep\n|turn|2\n|inactive|Vgchris0607k has 30 seconds left.\n|\n|t:|1681927313\n|switch|p1a: Arcanine|Arcanine, L50, M|100\/100\n|-ability|p1a: Arcanine|Intimidate|boost\n|-unboost|p2a: Talonflame|atk|1\n|-unboost|p2b: Dragonite|atk|1\n|-terastallize|p2b: Dragonite|Normal\n|move|p2b: Dragonite|Extreme Speed|p1b: Chi-Yu\n|-damage|p1b: Chi-Yu|20\/100\n|move|p2a: Talonflame|Tailwind|p2a: Talonflame\n|-sidestart|p2: Vgchris0607k|move: Tailwind\n|move|p1b: Chi-Yu|Heat Wave|p2a: Talonflame|[spread] p2a,p2b\n|-resisted|p2a: Talonflame\n|-crit|p2a: Talonflame\n|-damage|p2a: Talonflame|6\/100\n|-damage|p2b: Dragonite|65\/100\n|\n|-weather|SunnyDay|[upkeep]\n|upkeep\n|turn|3\n|inactive|Vgchris0607k has 30 seconds left.\n|\n|t:|1681927339\n|switch|p1b: Ting-Lu|Ting-Lu, L50|100\/100\n|-ability|p1b: Ting-Lu|Vessel of Ruin\n|move|p2b: Dragonite|Extreme Speed|p1b: Ting-Lu\n|-damage|p1b: Ting-Lu|78\/100\n|move|p2a: Talonflame|Taunt|p1a: Arcanine\n|-start|p1a: Arcanine|move: Taunt\n|move|p1a: Arcanine|Flare Blitz|p2b: Dragonite\n|-damage|p2b: Dragonite|0 fnt\n|faint|p2b: Dragonite\n|-damage|p1a: Arcanine|79\/100|[from] Recoil\n|\n|-weather|SunnyDay|[upkeep]\n|upkeep\n|\n|t:|1681927350\n|switch|p2b: Palafin|Palafin-Hero, L50, M|100\/100\n|-activate|p2b: Palafin|ability: Zero to Hero\n|turn|4\n|\n|t:|1681927367\n|-terastallize|p1a: Arcanine|Grass\n|move|p1a: Arcanine|Extreme Speed|p2a: Talonflame\n|-damage|p2a: Talonflame|0 fnt\n|faint|p2a: Talonflame\n|move|p2b: Palafin|Bulk Up|p2b: Palafin\n|-boost|p2b: Palafin|atk|1\n|-boost|p2b: Palafin|def|1\n|move|p1b: Ting-Lu|Stomping Tantrum|p2b: Palafin\n|-damage|p2b: Palafin|82\/100\n|\n|-weather|SunnyDay|[upkeep]\n|upkeep\n|\n|t:|1681927376\n|switch|p2a: Sandy Shocks|Sandy Shocks, L50|100\/100\n|-activate|p2a: Sandy Shocks|ability: Protosynthesis\n|-start|p2a: Sandy Shocks|protosynthesisspa\n|turn|5\n|\n|t:|1681927401\n|switch|p1a: Palafin|Palafin-Hero, L50, F|100\/100\n|-activate|p1a: Palafin|ability: Zero to Hero\n|move|p2b: Palafin|Drain Punch|p1b: Ting-Lu\n|-supereffective|p1b: Ting-Lu\n|-crit|p1b: Ting-Lu\n|-damage|p1b: Ting-Lu|0 fnt\n|-heal|p2b: Palafin|100\/100|[from] drain|[of] p1b: Ting-Lu\n|faint|p1b: Ting-Lu\n|move|p2a: Sandy Shocks|Earth Power|p1a: Palafin\n|-damage|p1a: Palafin|47\/100\n|\n|-weather|none\n|-end|p2a: Sandy Shocks|Protosynthesis\n|-sideend|p2: Vgchris0607k|move: Tailwind\n|upkeep\n|\n|t:|1681927414\n|switch|p1b: Arcanine|Arcanine, L50, M, tera:Grass|79\/100\n|-ability|p1b: Arcanine|Intimidate|boost\n|-unboost|p2a: Sandy Shocks|atk|1\n|-unboost|p2b: Palafin|atk|1\n|turn|6\n|\n|t:|1681927432\n|move|p1a: Palafin|Jet Punch|p2a: Sandy Shocks\n|-supereffective|p2a: Sandy Shocks\n|-damage|p2a: Sandy Shocks|18\/100\n|move|p1b: Arcanine|Will-O-Wisp|p2b: Palafin\n|-status|p2b: Palafin|brn\n|move|p2b: Palafin|Bulk Up|p2b: Palafin\n|-boost|p2b: Palafin|atk|1\n|-boost|p2b: Palafin|def|1\n|move|p2a: Sandy Shocks|Volt Switch|p1a: Palafin\n|-supereffective|p1a: Palafin\n|-damage|p1a: Palafin|0 fnt\n|faint|p1a: Palafin\n|\n|-damage|p2b: Palafin|95\/100 brn|[from] brn\n|upkeep\n|\n|t:|1681927445\n|switch|p1a: Chi-Yu|Chi-Yu, L50|20\/100\n|-ability|p1a: Chi-Yu|Beads of Ruin\n|turn|7\n|\n|t:|1681927458\n|move|p1b: Arcanine|Extreme Speed|p2b: Palafin\n|-damage|p2b: Palafin|85\/100 brn\n|move|p1a: Chi-Yu|Dark Pulse|p2a: Sandy Shocks\n|-damage|p2a: Sandy Shocks|0 fnt\n|faint|p2a: Sandy Shocks\n|-end|p2a: Sandy Shocks|Protosynthesis|[silent]\n|move|p2b: Palafin|Drain Punch|p1b: Arcanine\n|-damage|p1b: Arcanine|51\/100\n|-heal|p2b: Palafin|98\/100 brn|[from] drain|[of] p1b: Arcanine\n|\n|-damage|p2b: Palafin|92\/100 brn|[from] brn\n|upkeep\n|turn|8\n|\n|t:|1681927475\n|move|p1b: Arcanine|Extreme Speed|p2b: Palafin\n|-damage|p2b: Palafin|83\/100 brn\n|move|p2b: Palafin|Jet Punch|p1a: Chi-Yu\n|-supereffective|p1a: Chi-Yu\n|-damage|p1a: Chi-Yu|0 fnt\n|faint|p1a: Chi-Yu\n|\n|-damage|p2b: Palafin|77\/100 brn|[from] brn\n|upkeep\n|turn|9\n|\n|t:|1681927486\n|move|p1b: Arcanine|Flare Blitz|p2b: Palafin\n|-resisted|p2b: Palafin\n|-damage|p2b: Palafin|66\/100 brn\n|-damage|p1b: Arcanine|47\/100|[from] Recoil\n|move|p2b: Palafin|Bulk Up|p2b: Palafin\n|-boost|p2b: Palafin|atk|1\n|-boost|p2b: Palafin|def|1\n|\n|-damage|p2b: Palafin|60\/100 brn|[from] brn\n|upkeep\n|turn|10\n|\n|t:|1681927497\n|move|p1b: Arcanine|Protect|p1b: Arcanine\n|-singleturn|p1b: Arcanine|Protect\n|move|p2b: Palafin|Drain Punch|p1b: Arcanine\n|-activate|p1b: Arcanine|move: Protect\n|\n|-damage|p2b: Palafin|55\/100 brn|[from] brn\n|upkeep\n|turn|11\n|\n|t:|1681927505\n|move|p1b: Arcanine|Extreme Speed|p2b: Palafin\n|-damage|p2b: Palafin|46\/100 brn\n|move|p2b: Palafin|Drain Punch|p1b: Arcanine\n|-damage|p1b: Arcanine|13\/100\n|-heal|p2b: Palafin|63\/100 brn|[from] drain|[of] p1b: Arcanine\n|\n|-damage|p2b: Palafin|57\/100 brn|[from] brn\n|upkeep\n|turn|12\n|-message|Alaskan_fisher forfeited.\n|\n|win|Vgchris0607k\n|raw|Alaskan_fisher's rating: 1200 → 1181<\/strong> (-19 for losing)\n|raw|Vgchris0607k's rating: 1280 → 1299<\/strong> (+19 for winning)\n|l|\u2606Vgchris0607k\n","uploadtime":1681927522,"views":11,"p1id":"alaskanfisher","p2id":"vgchris0607k","formatid":"gen9vgc2023regulationc","rating":1181,"private":0,"password":""}