{"id":"gen9vgc2023regulationc-1849505654","p1":"ChuyMcfly","p2":"AGLT6GCP glurf","format":"[Gen 9] VGC 2023 Regulation C","log":"|j|\u2606ChuyMcfly\n|j|\u2606AGLT6GCP glurf\n|t:|1682206519\n|gametype|doubles\n|player|p1|ChuyMcfly|guzma|\n|player|p2|AGLT6GCP glurf|rood|\n|teamsize|p1|6\n|teamsize|p2|6\n|gen|9\n|tier|[Gen 9] VGC 2023 Regulation C\n|rated|Tournament battle\n|rule|Species Clause: Limit one of each Pok\u00e9mon\n|rule|Item Clause: Limit one of each item\n|clearpoke\n|poke|p1|Lokix, L50, M|\n|poke|p1|Chien-Pao, L50|\n|poke|p1|Iron Jugulis, L50|\n|poke|p1|Ting-Lu, L50|\n|poke|p1|Gastrodon-East, L50, F|\n|poke|p1|Baxcalibur, L50, M|\n|poke|p2|Dragonite, L50, F|\n|poke|p2|Orthworm, L50, M|\n|poke|p2|Amoonguss, L50, F|\n|poke|p2|Ting-Lu, L50|\n|poke|p2|Palafin, L50, M|\n|poke|p2|Scream Tail, L50|\n|teampreview|4\n|raw| Open Team Sheet for ChuyMcfly<\/summary>Lokix @ Life Orb Ability: Tinted Lens Level: 50 Shiny: Yes Tera Type: Steel - Sucker Punch - Leech Life - First Impression - Protect Chien-Pao @ Focus Sash Ability: Sword of Ruin Level: 50 Tera Type: Ghost - Crunch - Ice Spinner - Sucker Punch - Protect Iron Jugulis @ Booster Energy Ability: Quark Drive Level: 50 Tera Type: Steel - Taunt - Acrobatics - Iron Head - Tailwind Ting-Lu @ Weakness Policy Ability: Vessel of Ruin Level: 50 Tera Type: Poison - Fissure - Protect - Heavy Slam - Stomping Tantrum Gastrodon (Gastrodon-East) @ Leftovers Ability: Storm Drain Level: 50 Tera Type: Fire - Earth Power - Icy Wind - Recover - Protect Baxcalibur @ Clear Amulet Ability: Thermal Exchange Level: 50 Tera Type: Ground - Earthquake - Ice Shard - Glaive Rush - Icicle Crash <\/details><\/div> Open Team Sheet for AGLT6GCP glurf<\/summary>Dragonite @ Clear Amulet Ability: Multiscale Level: 50 Tera Type: Flying - Dragon Dance - Tera Blast - Earthquake - Extreme Speed Orthworm @ Sitrus Berry Ability: Earth Eater Level: 50 Tera Type: Fairy - Iron Defense - Heavy Slam - Body Press - Shed Tail Amoonguss @ Rocky Helmet Ability: Regenerator Level: 50 Tera Type: Water - Rage Powder - Pollen Puff - Spore - Protect Ting-Lu @ Assault Vest Ability: Vessel of Ruin Level: 50 Tera Type: Poison - Stomping Tantrum - Heavy Slam - Earthquake - Ruination Palafin @ Mystic Water Ability: Zero to Hero Level: 50 Tera Type: Water - Jet Punch - Protect - Wave Crash - Haze Scream Tail @ Booster Energy Ability: Protosynthesis Level: 50 Tera Type: Fire - Howl - Encore - Play Rough - Misty Terrain <\/details><\/div>\n|j| Offbrand Octillery\n|j| crimson_requiem5\n|j| sadgirl23\n|j| Duck-Monke\n|l| Duck-Monke\n|\n|t:|1682206549\n|start\n|switch|p1a: Lokix|Lokix, L50, M, shiny|100\/100\n|switch|p1b: Chien-Pao|Chien-Pao, L50|100\/100\n|switch|p2a: Orthworm|Orthworm, L50, M|100\/100\n|switch|p2b: Ting-Lu|Ting-Lu, L50|100\/100\n|-ability|p1b: Chien-Pao|Sword of Ruin\n|-ability|p2b: Ting-Lu|Vessel of Ruin\n|turn|1\n|\n|t:|1682206570\n|move|p1a: Lokix|First Impression|p2a: Orthworm\n|-resisted|p2a: Orthworm\n|-damage|p2a: Orthworm|54\/100\n|-damage|p1a: Lokix|91\/100|[from] item: Life Orb\n|move|p1b: Chien-Pao|Crunch|p2a: Orthworm\n|-damage|p2a: Orthworm|15\/100\n|-enditem|p2a: Orthworm|Sitrus Berry|[eat]\n|-heal|p2a: Orthworm|40\/100|[from] item: Sitrus Berry\n|move|p2a: Orthworm|Body Press|p1b: Chien-Pao\n|-supereffective|p1b: Chien-Pao\n|-enditem|p1b: Chien-Pao|Focus Sash\n|-damage|p1b: Chien-Pao|1\/100\n|move|p2b: Ting-Lu|Earthquake|p1a: Lokix|[spread] p1a,p1b\n|-heal|p2a: Orthworm|65\/100|[from] ability: Earth Eater|[of] p2b: Ting-Lu\n|-resisted|p1a: Lokix\n|-damage|p1a: Lokix|64\/100\n|-damage|p1b: Chien-Pao|0 fnt\n|faint|p1b: Chien-Pao\n|\n|upkeep\n|j| Beyontle\n|\n|t:|1682206586\n|switch|p1b: Baxcalibur|Baxcalibur, L50, M|100\/100\n|turn|2\n|j| Tempest brute\n|\n|t:|1682206631\n|move|p1a: Lokix|Leech Life|p2a: Orthworm\n|-resisted|p2a: Orthworm\n|-damage|p2a: Orthworm|30\/100\n|-heal|p1a: Lokix|85\/100|[from] drain|[of] p2a: Orthworm\n|-damage|p1a: Lokix|75\/100|[from] item: Life Orb\n|move|p1b: Baxcalibur|Glaive Rush|p2a: Orthworm\n|-resisted|p2a: Orthworm\n|-damage|p2a: Orthworm|3\/100\n|-singlemove|p1b: Baxcalibur|Glaive Rush|[silent]\n|move|p2a: Orthworm|Shed Tail|p2a: Orthworm\n|-fail|p2a: Orthworm|move: Shed Tail|[weak]\n|move|p2b: Ting-Lu|Heavy Slam|p1a: Lokix\n|-damage|p1a: Lokix|27\/100\n|\n|upkeep\n|turn|3\n|\n|t:|1682206645\n|move|p1a: Lokix|Leech Life|p2b: Ting-Lu\n|-supereffective|p2b: Ting-Lu\n|-damage|p2b: Ting-Lu|57\/100\n|-heal|p1a: Lokix|62\/100|[from] drain|[of] p2b: Ting-Lu\n|-damage|p1a: Lokix|53\/100|[from] item: Life Orb\n|move|p1b: Baxcalibur|Icicle Crash|p2b: Ting-Lu\n|-supereffective|p2b: Ting-Lu\n|-damage|p2b: Ting-Lu|7\/100\n|move|p2a: Orthworm|Body Press|p1b: Baxcalibur\n|-supereffective|p1b: Baxcalibur\n|-damage|p1b: Baxcalibur|52\/100\n|cant|p2b: Ting-Lu|flinch\n|\n|upkeep\n|turn|4\n|\n|t:|1682206661\n|move|p1b: Baxcalibur|Ice Shard|p2b: Ting-Lu\n|-supereffective|p2b: Ting-Lu\n|-damage|p2b: Ting-Lu|0 fnt\n|faint|p2b: Ting-Lu\n|move|p1a: Lokix|Leech Life|p2a: Orthworm\n|-resisted|p2a: Orthworm\n|-damage|p2a: Orthworm|0 fnt\n|-heal|p1a: Lokix|54\/100|[from] drain|[of] p2a: Orthworm\n|faint|p2a: Orthworm\n|-damage|p1a: Lokix|44\/100|[from] item: Life Orb\n|\n|upkeep\n|\n|t:|1682206668\n|switch|p2a: Scream Tail|Scream Tail, L50|100\/100\n|switch|p2b: Dragonite|Dragonite, L50, F|100\/100\n|-enditem|p2a: Scream Tail|Booster Energy\n|-activate|p2a: Scream Tail|ability: Protosynthesis|[fromitem]\n|-start|p2a: Scream Tail|protosynthesisspe\n|turn|5\n|\n|t:|1682206698\n|switch|p1a: Gastrodon|Gastrodon-East, L50, F|100\/100\n|-terastallize|p1b: Baxcalibur|Ground\n|-terastallize|p2b: Dragonite|Flying\n|move|p2a: Scream Tail|Encore|p1b: Baxcalibur\n|-start|p1b: Baxcalibur|Encore\n|move|p1b: Baxcalibur|Ice Shard|p2a: Scream Tail\n|-damage|p2a: Scream Tail|82\/100\n|move|p2b: Dragonite|Dragon Dance|p2b: Dragonite\n|-boost|p2b: Dragonite|atk|1\n|-boost|p2b: Dragonite|spe|1\n|\n|upkeep\n|turn|6\n|j|+TheLoanRanger\n|\n|t:|1682206719\n|move|p1b: Baxcalibur|Ice Shard|p2b: Dragonite\n|-supereffective|p2b: Dragonite\n|-damage|p2b: Dragonite|73\/100\n|move|p2a: Scream Tail|Howl|p2a: Scream Tail|[spread] p2a,p2b\n|-boost|p2a: Scream Tail|atk|1\n|-boost|p2b: Dragonite|atk|1\n|move|p2b: Dragonite|Tera Blast|p1a: Gastrodon\n|-damage|p1a: Gastrodon|2\/100\n|move|p1a: Gastrodon|Icy Wind|p2b: Dragonite|[spread] p2a,p2b\n|-supereffective|p2b: Dragonite\n|-damage|p2a: Scream Tail|76\/100\n|-damage|p2b: Dragonite|56\/100\n|-unboost|p2a: Scream Tail|spe|1\n|\n|-heal|p1a: Gastrodon|8\/100|[from] item: Leftovers\n|upkeep\n|turn|7\n|\n|t:|1682206735\n|move|p2b: Dragonite|Extreme Speed|p1b: Baxcalibur\n|-damage|p1b: Baxcalibur|0 fnt\n|faint|p1b: Baxcalibur\n|move|p2a: Scream Tail|Play Rough|p1a: Gastrodon\n|-damage|p1a: Gastrodon|0 fnt\n|faint|p1a: Gastrodon\n|\n|upkeep\n|j| Hailboy0701\n|\n|t:|1682206741\n|switch|p1b: Lokix|Lokix, L50, M, shiny|44\/100\n|turn|8\n|\n|t:|1682206749\n|move|p2b: Dragonite|Extreme Speed|p1b: Lokix\n|-damage|p1b: Lokix|0 fnt\n|faint|p1b: Lokix\n|\n|win|AGLT6GCP glurf\n|n|\u2606ChuyMcfly|chuymcfly\n|n|\u2606AGLT6GCP glurf|aglt6gcpglurf\n|n| Offbrand Octillery|offbrandoctillery\n|n| crimson_requiem5|crimsonrequiem5\n|n| sadgirl23|sadgirl23\n|n| Beyontle|beyontle\n|n| Tempest brute|tempestbrute\n|n| TheLoanRanger|theloanranger\n|n| Hailboy0701|hailboy0701\n","uploadtime":1682206750,"views":5,"p1id":"chuymcfly","p2id":"aglt6gcpglurf","formatid":"gen9vgc2023regulationc","rating":0,"private":0,"password":""}