{"id":"gen9vgc2023regulationc-1863484152","p1":"SeveralNonSense","p2":"XInigmaa","format":"[Gen 9] VGC 2023 Regulation C","log":"|j|\u2606SeveralNonSense\n|j|\u2606XInigmaa\n|t:|1684023578\n|gametype|doubles\n|player|p1|SeveralNonSense|guitarist|1105\n|player|p2|XInigmaa|juan|1164\n|teamsize|p1|6\n|teamsize|p2|6\n|gen|9\n|tier|[Gen 9] VGC 2023 Regulation C\n|rated|\n|rule|Species Clause: Limit one of each Pok\u00e9mon\n|rule|Item Clause: Limit one of each item\n|clearpoke\n|poke|p1|Iron Bundle, L50|\n|poke|p1|Iron Hands, L50|\n|poke|p1|Gholdengo, L50|\n|poke|p1|Roaring Moon, L50|\n|poke|p1|Clodsire, L50, M|\n|poke|p1|Skeledirge, L50, M|\n|poke|p2|Murkrow, L50, M|\n|poke|p2|Gholdengo, L50|\n|poke|p2|Flutter Mane, L50|\n|poke|p2|Garchomp, L50, M|\n|poke|p2|Gyarados, L50, M|\n|poke|p2|Amoonguss, L50, F|\n|teampreview|4\n|inactive|Battle timer is ON: inactive players will automatically lose when time's up. (requested by XInigmaa)\n|inactive|XInigmaa has 60 seconds left.\n|\n|t:|1684023614\n|start\n|switch|p1a: Iron Bundle|Iron Bundle, L50|100\/100\n|switch|p1b: Gholdengo|Gholdengo, L50|100\/100\n|switch|p2a: Murkrow|Murkrow, L50, M|100\/100\n|switch|p2b: Flutter Mane|Flutter Mane, L50|100\/100\n|-enditem|p2b: Flutter Mane|Booster Energy\n|-activate|p2b: Flutter Mane|ability: Protosynthesis|[fromitem]\n|-start|p2b: Flutter Mane|protosynthesisspa\n|turn|1\n|\n|t:|1684023631\n|-terastallize|p2b: Flutter Mane|Steel\n|-terastallize|p1b: Gholdengo|Water\n|move|p2a: Murkrow|Tailwind|p2a: Murkrow\n|-sidestart|p2: XInigmaa|move: Tailwind\n|move|p2b: Flutter Mane|Thunderbolt|p1a: Iron Bundle\n|-supereffective|p1a: Iron Bundle\n|-enditem|p1a: Iron Bundle|Focus Sash\n|-damage|p1a: Iron Bundle|1\/100\n|move|p1a: Iron Bundle|Icy Wind|p2a: Murkrow|[spread] p2a,p2b\n|-supereffective|p2a: Murkrow\n|-resisted|p2b: Flutter Mane\n|-damage|p2a: Murkrow|53\/100\n|-damage|p2b: Flutter Mane|90\/100\n|-unboost|p2a: Murkrow|spe|1\n|-unboost|p2b: Flutter Mane|spe|1\n|move|p1b: Gholdengo|Make It Rain|p2a: Murkrow|[spread] p2a,p2b\n|-resisted|p2b: Flutter Mane\n|-crit|p2b: Flutter Mane\n|-damage|p2a: Murkrow|0 fnt\n|-damage|p2b: Flutter Mane|41\/100\n|-unboost|p1b: Gholdengo|spa|1\n|faint|p2a: Murkrow\n|\n|upkeep\n|\n|t:|1684023642\n|switch|p2a: Gholdengo|Gholdengo, L50|100\/100\n|turn|2\n|\n|t:|1684023654\n|-end|p1a: Iron Bundle|Quark Drive|[silent]\n|switch|p1a: Skeledirge|Skeledirge, L50, M|100\/100\n|move|p2b: Flutter Mane|Thunderbolt|p1b: Gholdengo\n|-supereffective|p1b: Gholdengo\n|-damage|p1b: Gholdengo|10\/100\n|move|p2a: Gholdengo|Shadow Ball|p1a: Skeledirge\n|-supereffective|p1a: Skeledirge\n|-crit|p1a: Skeledirge\n|-damage|p1a: Skeledirge|3\/100\n|move|p1b: Gholdengo|Make It Rain|p2a: Gholdengo|[spread] p2a,p2b\n|-resisted|p2a: Gholdengo\n|-resisted|p2b: Flutter Mane\n|-damage|p2a: Gholdengo|75\/100\n|-damage|p2b: Flutter Mane|19\/100\n|-unboost|p1b: Gholdengo|spa|1\n|\n|-heal|p2a: Gholdengo|82\/100|[from] item: Leftovers\n|upkeep\n|turn|3\n|\n|t:|1684023668\n|switch|p1b: Iron Hands|Iron Hands, L50|100\/100\n|move|p2b: Flutter Mane|Protect|p2b: Flutter Mane\n|-singleturn|p2b: Flutter Mane|Protect\n|move|p1a: Skeledirge|Protect|p1a: Skeledirge\n|-singleturn|p1a: Skeledirge|Protect\n|move|p2a: Gholdengo|Make It Rain|p1b: Iron Hands|[spread] p1b\n|-activate|p1a: Skeledirge|move: Protect\n|-resisted|p1b: Iron Hands\n|-damage|p1b: Iron Hands|78\/100\n|-unboost|p2a: Gholdengo|spa|1\n|\n|-heal|p2a: Gholdengo|88\/100|[from] item: Leftovers\n|-heal|p1b: Iron Hands|84\/100|[from] item: Leftovers\n|upkeep\n|turn|4\n|\n|t:|1684023689\n|move|p2b: Flutter Mane|Moonblast|p1b: Iron Hands\n|-supereffective|p1b: Iron Hands\n|-damage|p1b: Iron Hands|0 fnt\n|faint|p1b: Iron Hands\n|-end|p1b: Iron Hands|Quark Drive|[silent]\n|move|p2a: Gholdengo|Shadow Ball|p1a: Skeledirge\n|-supereffective|p1a: Skeledirge\n|-damage|p1a: Skeledirge|0 fnt\n|faint|p1a: Skeledirge\n|\n|-heal|p2a: Gholdengo|94\/100|[from] item: Leftovers\n|-sideend|p2: XInigmaa|move: Tailwind\n|upkeep\n|\n|t:|1684023694\n|switch|p1a: Gholdengo|Gholdengo, L50, tera:Water|10\/100\n|switch|p1b: Iron Bundle|Iron Bundle, L50|1\/100\n|turn|5\n|\n|t:|1684023718\n|move|p2b: Flutter Mane|Protect|p2b: Flutter Mane\n|-singleturn|p2b: Flutter Mane|Protect\n|move|p1b: Iron Bundle|Hydro Pump|p2b: Flutter Mane\n|-activate|p2b: Flutter Mane|move: Protect\n|move|p1a: Gholdengo|Shadow Ball|p2a: Gholdengo\n|-supereffective|p2a: Gholdengo\n|-damage|p2a: Gholdengo|0 fnt\n|faint|p2a: Gholdengo\n|\n|upkeep\n|\n|t:|1684023726\n|switch|p2a: Garchomp|Garchomp, L50, M|100\/100\n|turn|6\n|\n|t:|1684023739\n|move|p1b: Iron Bundle|Freeze-Dry|p2a: Garchomp\n|-supereffective|p2a: Garchomp\n|-damage|p2a: Garchomp|0 fnt\n|faint|p2a: Garchomp\n|move|p1a: Gholdengo|Shadow Ball|p2b: Flutter Mane\n|-damage|p2b: Flutter Mane|0 fnt\n|faint|p2b: Flutter Mane\n|-end|p2b: Flutter Mane|Protosynthesis|[silent]\n|\n|win|SeveralNonSense\n|raw|SeveralNonSense's rating: 1105 → 1134<\/strong> (+29 for winning)\n|raw|XInigmaa's rating: 1164 → 1135<\/strong> (-29 for losing)\n|l|\u2606XInigmaa\n|c|\u2606SeveralNonSense|flutter mane fucker\n","uploadtime":1684023755,"views":8,"p1id":"severalnonsense","p2id":"xinigmaa","formatid":"gen9vgc2023regulationc","rating":1134,"private":0,"password":""}