{"id":"gen9vgc2023regulationc-1844875076","p1":"SpeedyLinguine","p2":"Silverpeiro","format":"[Gen 9] VGC 2023 Regulation C","log":"|j|\u2606SpeedyLinguine\n|j|\u2606Silverpeiro\n|t:|1681659194\n|gametype|doubles\n|player|p1|SpeedyLinguine|hoopster|1345\n|player|p2|Silverpeiro|101|1246\n|teamsize|p1|6\n|teamsize|p2|6\n|gen|9\n|tier|[Gen 9] VGC 2023 Regulation C\n|rated|\n|rule|Species Clause: Limit one of each Pok\u00e9mon\n|rule|Item Clause: Limit one of each item\n|clearpoke\n|poke|p1|Pelipper, L50, F|\n|poke|p1|Amoonguss, L50, M|\n|poke|p1|Flutter Mane, L50|\n|poke|p1|Floatzel, L50, M|\n|poke|p1|Iron Hands, L50|\n|poke|p1|Gholdengo, L50|\n|poke|p2|Chi-Yu, L50|\n|poke|p2|Ting-Lu, L50|\n|poke|p2|Flutter Mane, L50|\n|poke|p2|Amoonguss, L50, F|\n|poke|p2|Gyarados, L50, F|\n|poke|p2|Kingambit, L50, M|\n|teampreview|4\n|inactive|Battle timer is ON: inactive players will automatically lose when time's up. (requested by Silverpeiro)\nSpeedyLinguine has agreed to open team sheets.\n|\n|t:|1681659217\n|start\n|switch|p1a: The Jordan of VGC|Pelipper, L50, F|100\/100\n|switch|p1b: El Nadador|Floatzel, L50, M|100\/100\n|switch|p2a: Ting-Lu|Ting-Lu, L50|100\/100\n|switch|p2b: Kingambit|Kingambit, L50, M|100\/100\n|-weather|RainDance|[from] ability: Drizzle|[of] p1a: The Jordan of VGC\n|-ability|p2a: Ting-Lu|Vessel of Ruin\n|turn|1\n|\n|t:|1681659242\n|-terastallize|p2a: Ting-Lu|Water\n|move|p2b: Kingambit|Sucker Punch|p1b: El Nadador\n|-damage|p1b: El Nadador|26\/100\n|move|p1b: El Nadador|Wave Crash|p2a: Ting-Lu\n|-resisted|p2a: Ting-Lu\n|-damage|p2a: Ting-Lu|67\/100\n|-damage|p1b: El Nadador|9\/100|[from] Recoil\n|move|p1a: The Jordan of VGC|Hydro Pump|p2a: Ting-Lu\n|-resisted|p2a: Ting-Lu\n|-damage|p2a: Ting-Lu|52\/100\n|move|p2a: Ting-Lu|Ruination|p1a: The Jordan of VGC|[miss]\n|-miss|p2a: Ting-Lu|p1a: The Jordan of VGC\n|\n|-weather|RainDance|[upkeep]\n|-heal|p2a: Ting-Lu|58\/100|[from] item: Leftovers\n|upkeep\n|turn|2\n|\n|t:|1681659265\n|switch|p1b: Immovable object|Amoonguss, L50, M|100\/100\n|move|p2b: Kingambit|Sucker Punch||[still]\n|-fail|p2b: Kingambit\n|move|p1a: The Jordan of VGC|Tailwind|p1a: The Jordan of VGC\n|-sidestart|p1: SpeedyLinguine|move: Tailwind\n|move|p2a: Ting-Lu|Ruination|p1a: The Jordan of VGC\n|-damage|p1a: The Jordan of VGC|50\/100\n|\n|-weather|RainDance|[upkeep]\n|-heal|p2a: Ting-Lu|64\/100|[from] item: Leftovers\n|upkeep\n|turn|3\n|inactive|Silverpeiro has 30 seconds left.\n|\n|t:|1681659300\n|move|p1a: The Jordan of VGC|Protect|p1a: The Jordan of VGC\n|-singleturn|p1a: The Jordan of VGC|Protect\n|move|p1b: Immovable object|Spore|p2b: Kingambit\n|-status|p2b: Kingambit|slp|[from] move: Spore\n|cant|p2b: Kingambit|slp\n|move|p2a: Ting-Lu|Ruination|p1b: Immovable object\n|-damage|p1b: Immovable object|51\/100\n|\n|-weather|RainDance|[upkeep]\n|-heal|p2a: Ting-Lu|70\/100|[from] item: Leftovers\n|upkeep\n|turn|4\n|\n|t:|1681659318\n|cant|p2b: Kingambit|slp\n|move|p1a: The Jordan of VGC|Hurricane|p2a: Ting-Lu\n|-crit|p2a: Ting-Lu\n|-damage|p2a: Ting-Lu|39\/100\n|-start|p2a: Ting-Lu|confusion\n|move|p1b: Immovable object|Leaf Storm|p2a: Ting-Lu\n|-supereffective|p2a: Ting-Lu\n|-crit|p2a: Ting-Lu\n|-damage|p2a: Ting-Lu|0 fnt\n|-unboost|p1b: Immovable object|spa|2\n|faint|p2a: Ting-Lu\n|\n|-weather|RainDance|[upkeep]\n|upkeep\n|\n|t:|1681659330\n|switch|p2a: Gyarados|Gyarados, L50, F|100\/100\n|-ability|p2a: Gyarados|Intimidate|boost\n|-unboost|p1a: The Jordan of VGC|atk|1\n|-unboost|p1b: Immovable object|atk|1\n|turn|5\n|\n|t:|1681659338\n|switch|p1b: obligatory Paradox|Iron Hands, L50|100\/100\n|-enditem|p1b: obligatory Paradox|Booster Energy\n|-activate|p1b: obligatory Paradox|ability: Quark Drive|[fromitem]\n|-start|p1b: obligatory Paradox|quarkdriveatk\n|move|p1a: The Jordan of VGC|Hydro Pump|p2b: Kingambit\n|-damage|p2b: Kingambit|61\/100 slp\n|move|p2a: Gyarados|Taunt|p1b: obligatory Paradox\n|-start|p1b: obligatory Paradox|move: Taunt\n|cant|p2b: Kingambit|slp\n|\n|-weather|RainDance|[upkeep]\n|-sideend|p1: SpeedyLinguine|move: Tailwind\n|upkeep\n|turn|6\n|\n|t:|1681659356\n|switch|p2a: Amoonguss|Amoonguss, L50, F, shiny|100\/100\n|move|p1b: obligatory Paradox|Fake Out|p2a: Amoonguss\n|-damage|p2a: Amoonguss|85\/100\n|move|p1a: The Jordan of VGC|Tailwind|p1a: The Jordan of VGC\n|-sidestart|p1: SpeedyLinguine|move: Tailwind\n|-curestatus|p2b: Kingambit|slp|[msg]\n|move|p2b: Kingambit|Low Kick|p1b: obligatory Paradox\n|-damage|p1b: obligatory Paradox|70\/100\n|\n|-weather|RainDance|[upkeep]\n|upkeep\n|turn|7\n|\n|t:|1681659373\n|move|p2b: Kingambit|Sucker Punch|p1a: The Jordan of VGC\n|-damage|p1a: The Jordan of VGC|11\/100\n|move|p1a: The Jordan of VGC|Hurricane|p2a: Amoonguss\n|-supereffective|p2a: Amoonguss\n|-damage|p2a: Amoonguss|19\/100\n|-enditem|p2a: Amoonguss|Sitrus Berry|[eat]\n|-heal|p2a: Amoonguss|44\/100|[from] item: Sitrus Berry\n|move|p1b: obligatory Paradox|Drain Punch|p2b: Kingambit\n|-supereffective|p2b: Kingambit\n|-damage|p2b: Kingambit|0 fnt\n|-heal|p1b: obligatory Paradox|94\/100|[from] drain|[of] p2b: Kingambit\n|faint|p2b: Kingambit\n|move|p2a: Amoonguss|Spore|p1b: obligatory Paradox\n|-status|p1b: obligatory Paradox|slp|[from] move: Spore\n|\n|-weather|RainDance|[upkeep]\n|-end|p1b: obligatory Paradox|move: Taunt\n|upkeep\n|\n|t:|1681659384\n|switch|p2b: Gyarados|Gyarados, L50, F|100\/100\n|-ability|p2b: Gyarados|Intimidate|boost\n|-unboost|p1a: The Jordan of VGC|atk|1\n|-unboost|p1b: obligatory Paradox|atk|1\n|turn|8\n|\n|t:|1681659396\n|move|p2a: Amoonguss|Protect|p2a: Amoonguss\n|-singleturn|p2a: Amoonguss|Protect\n|move|p1a: The Jordan of VGC|Hurricane|p2a: Amoonguss\n|-activate|p2a: Amoonguss|move: Protect\n|cant|p1b: obligatory Paradox|slp\n|move|p2b: Gyarados|Waterfall|p1a: The Jordan of VGC\n|-resisted|p1a: The Jordan of VGC\n|-damage|p1a: The Jordan of VGC|0 fnt\n|faint|p1a: The Jordan of VGC\n|\n|-weather|none\n|upkeep\n|\n|t:|1681659413\n|switch|p1a: El Nadador|Floatzel, L50, M|9\/100\n|turn|9\n|\n|t:|1681659437\n|cant|p1b: obligatory Paradox|slp\n|move|p1a: El Nadador|Ice Spinner|p2a: Amoonguss\n|-supereffective|p2a: Amoonguss\n|-damage|p2a: Amoonguss|0 fnt\n|faint|p2a: Amoonguss\n|move|p2b: Gyarados|Waterfall|p1a: El Nadador\n|-resisted|p1a: El Nadador\n|-damage|p1a: El Nadador|0 fnt\n|faint|p1a: El Nadador\n|\n|-sideend|p1: SpeedyLinguine|move: Tailwind\n|upkeep\n|inactive|SpeedyLinguine has 30 seconds left.\n|-message|Silverpeiro forfeited.\n|\n|win|SpeedyLinguine\n|raw|SpeedyLinguine's rating: 1345 → 1359<\/strong> (+14 for winning)\n|raw|Silverpeiro's rating: 1246 → 1228<\/strong> (-18 for losing)\n|l|\u2606Silverpeiro\n","uploadtime":1681659500,"views":12,"p1id":"speedylinguine","p2id":"silverpeiro","formatid":"gen9vgc2023regulationc","rating":1228,"private":0,"password":""}