{"id":"gen9vgc2023regulationc-1854605888","p1":"PontiffLachlan","p2":"a reg c team","format":"[Gen 9] VGC 2023 Regulation C","log":"|j|\u2606PontiffLachlan\n|j|\u2606a reg c team\n|t:|1682834664\n|gametype|doubles\n|player|p1|PontiffLachlan|170|1076\n|player|p2|a reg c team|colress|1000\n|teamsize|p1|6\n|teamsize|p2|6\n|gen|9\n|tier|[Gen 9] VGC 2023 Regulation C\n|rated|\n|rule|Species Clause: Limit one of each Pok\u00e9mon\n|rule|Item Clause: Limit one of each item\n|clearpoke\n|poke|p1|Sableye, L50, F|\n|poke|p1|Houndstone, L50, M|\n|poke|p1|Hippowdon, L50, M|\n|poke|p1|Gyarados, L50, F|\n|poke|p1|Amoonguss, L50, M|\n|poke|p1|Kingambit, L50, M|\n|poke|p2|Maushold-Four, L50|\n|poke|p2|Baxcalibur, L50, F|\n|poke|p2|Chien-Pao, L50|\n|poke|p2|Arcanine, L50, F|\n|poke|p2|Amoonguss, L50, M|\n|poke|p2|Flutter Mane, L50|\n|teampreview|4\na reg c team has agreed to open team sheets.\n|inactive|Battle timer is ON: inactive players will automatically lose when time's up. (requested by a reg c team)\nPontiffLachlan has agreed to open team sheets.\n|inactive|a reg c team has 60 seconds left.\n|\n|t:|1682834728\n|start\n|switch|p1a: Houndstone|Houndstone, L50, M|100\/100\n|switch|p1b: Hippowdon|Hippowdon, L50, M|100\/100\n|switch|p2a: Maushold|Maushold-Four, L50|100\/100\n|switch|p2b: Baxcalibur|Baxcalibur, L50, F|100\/100\n|-weather|Sandstorm|[from] ability: Sand Stream|[of] p1b: Hippowdon\n|turn|1\n|inactive|PontiffLachlan has 30 seconds left.\n|inactive|PontiffLachlan has 20 seconds left.\n|inactive|PontiffLachlan has 15 seconds left.\n|\n|t:|1682834770\n|switch|p1b: Sableye|Sableye, L50, F|100\/100\n|-terastallize|p1a: Houndstone|Rock\n|move|p2a: Maushold|Follow Me|p2a: Maushold\n|-singleturn|p2a: Maushold|move: Follow Me\n|move|p1a: Houndstone|Tera Blast|p2a: Maushold\n|-crit|p2a: Maushold\n|-damage|p2a: Maushold|0 fnt\n|faint|p2a: Maushold\n|move|p2b: Baxcalibur|Swords Dance|p2b: Baxcalibur\n|-boost|p2b: Baxcalibur|atk|2\n|\n|-weather|Sandstorm|[upkeep]\n|-damage|p2b: Baxcalibur|95\/100|[from] Sandstorm\n|-damage|p1b: Sableye|95\/100|[from] Sandstorm\n|upkeep\n|\n|t:|1682834780\n|switch|p2a: Chien-Pao|Chien-Pao, L50|100\/100\n|-ability|p2a: Chien-Pao|Sword of Ruin\n|turn|2\n|inactive|a reg c team has 30 seconds left.\n|\n|t:|1682834810\n|-terastallize|p2b: Baxcalibur|Poison\n|move|p1b: Sableye|Fake Out|p2b: Baxcalibur\n|-damage|p2b: Baxcalibur|84\/100\n|cant|p2b: Baxcalibur|flinch\n|move|p1a: Houndstone|Tera Blast|p2b: Baxcalibur\n|-damage|p2b: Baxcalibur|11\/100\n|move|p2a: Chien-Pao|Throat Chop|p1a: Houndstone\n|-damage|p1a: Houndstone|37\/100\n|-start|p1a: Houndstone|Throat Chop|[silent]\n|\n|-weather|Sandstorm|[upkeep]\n|-damage|p2a: Chien-Pao|95\/100|[from] Sandstorm\n|-damage|p2b: Baxcalibur|5\/100|[from] Sandstorm\n|-damage|p1b: Sableye|89\/100|[from] Sandstorm\n|upkeep\n|turn|3\n|inactive|PontiffLachlan has 30 seconds left.\n|inactive|a reg c team has 30 seconds left.\n|\n|t:|1682834844\n|move|p2b: Baxcalibur|Ice Shard|p1a: Houndstone\n|-damage|p1a: Houndstone|0 fnt\n|faint|p1a: Houndstone\n|move|p1b: Sableye|Will-O-Wisp|p2b: Baxcalibur\n|-immune|p2b: Baxcalibur|[from] ability: Thermal Exchange\n|move|p2a: Chien-Pao|Throat Chop|p1b: Sableye\n|-crit|p1b: Sableye\n|-damage|p1b: Sableye|0 fnt\n|faint|p1b: Sableye\n|\n|-weather|Sandstorm|[upkeep]\n|-damage|p2a: Chien-Pao|89\/100|[from] Sandstorm\n|-damage|p2b: Baxcalibur|0 fnt|[from] Sandstorm\n|faint|p2b: Baxcalibur\n|upkeep\n|\n|t:|1682834859\n|switch|p2b: Flutter Mane|Flutter Mane, L50, shiny|100\/100\n|switch|p1a: Hippowdon|Hippowdon, L50, M|100\/100\n|switch|p1b: Gyarados|Gyarados, L50, F|100\/100\n|-ability|p1b: Gyarados|Intimidate|boost\n|-unboost|p2a: Chien-Pao|atk|1\n|-unboost|p2b: Flutter Mane|atk|1\n|turn|4\n|\n|t:|1682834881\n|move|p2a: Chien-Pao|Protect|p2a: Chien-Pao\n|-singleturn|p2a: Chien-Pao|Protect\n|move|p1a: Hippowdon|Protect|p1a: Hippowdon\n|-singleturn|p1a: Hippowdon|Protect\n|move|p2b: Flutter Mane|Thunderbolt|p1b: Gyarados\n|-supereffective|p1b: Gyarados\n|-damage|p1b: Gyarados|0 fnt\n|faint|p1b: Gyarados\n|\n|-weather|Sandstorm|[upkeep]\n|-damage|p2a: Chien-Pao|83\/100|[from] Sandstorm\n|-damage|p2b: Flutter Mane|95\/100|[from] Sandstorm\n|upkeep\n|turn|5\n|inactive|PontiffLachlan has 30 seconds left.\n|\n|t:|1682834916\n|move|p2a: Chien-Pao|Ice Spinner|p1a: Hippowdon\n|-supereffective|p1a: Hippowdon\n|-damage|p1a: Hippowdon|59\/100\n|-damage|p2a: Chien-Pao|67\/100|[from] item: Rocky Helmet|[of] p1a: Hippowdon\n|move|p2b: Flutter Mane|Thunderbolt|p1a: Hippowdon\n|-immune|p1a: Hippowdon\n|move|p1a: Hippowdon|Fissure|p2b: Flutter Mane|[miss]\n|-miss|p1a: Hippowdon|p2b: Flutter Mane\n|\n|-weather|none\n|upkeep\n|turn|6\n|\n|t:|1682834932\n|move|p2a: Chien-Pao|Ice Spinner|p1a: Hippowdon\n|-supereffective|p1a: Hippowdon\n|-damage|p1a: Hippowdon|13\/100\n|-damage|p2a: Chien-Pao|51\/100|[from] item: Rocky Helmet|[of] p1a: Hippowdon\n|move|p2b: Flutter Mane|Thunderbolt|p1a: Hippowdon\n|-immune|p1a: Hippowdon\n|move|p1a: Hippowdon|Stomping Tantrum|p2a: Chien-Pao\n|-damage|p2a: Chien-Pao|0 fnt\n|faint|p2a: Chien-Pao\n|\n|upkeep\n|turn|7\n|-message|a reg c team forfeited.\n|\n|win|PontiffLachlan\n|raw|PontiffLachlan's rating: 1076 → 1098<\/strong> (+22 for winning)\n|raw|a reg c team's rating: 1000 → 1000<\/strong> (+0 for losing)\n|l|\u2606a reg c team\n","uploadtime":1682834955,"views":15,"p1id":"pontifflachlan","p2id":"aregcteam","formatid":"gen9vgc2023regulationc","rating":1000,"private":0,"password":""}