{"id":"gen9vgc2023regulationc-1860160762","p1":"Gabomedinaz","p2":"DillonChills","format":"[Gen 9] VGC 2023 Regulation C","log":"|j|\u2606Gabomedinaz\n|j|\u2606DillonChills\n|t:|1683602821\n|gametype|doubles\n|player|p1|Gabomedinaz|170|1326\n|player|p2|DillonChills|102|1364\n|teamsize|p1|6\n|teamsize|p2|6\n|gen|9\n|tier|[Gen 9] VGC 2023 Regulation C\n|rated|\n|rule|Species Clause: Limit one of each Pok\u00e9mon\n|rule|Item Clause: Limit one of each item\n|clearpoke\n|poke|p1|Chi-Yu, L50|\n|poke|p1|Annihilape, L50, F|\n|poke|p1|Dragonite, L50, F|\n|poke|p1|Amoonguss, L50, F|\n|poke|p1|Iron Bundle, L50|\n|poke|p1|Maushold-Four, L50|\n|poke|p2|Flutter Mane, L50|\n|poke|p2|Gyarados, L50, F|\n|poke|p2|Amoonguss, L50, F|\n|poke|p2|Chi-Yu, L50|\n|poke|p2|Iron Hands, L50|\n|poke|p2|Ting-Lu, L50|\n|teampreview|4\n|inactive|Battle timer is ON: inactive players will automatically lose when time's up. (requested by DillonChills)\n|\n|t:|1683602864\n|start\n|switch|p1a: Maushold|Maushold-Four, L50|100\/100\n|switch|p1b: Annihilape|Annihilape, L50, F|100\/100\n|switch|p2a: Iron Hands|Iron Hands, L50|100\/100\n|switch|p2b: Flutter Mane|Flutter Mane, L50|100\/100\n|-enditem|p2b: Flutter Mane|Booster Energy\n|-activate|p2b: Flutter Mane|ability: Protosynthesis|[fromitem]\n|-start|p2b: Flutter Mane|protosynthesisspa\n|turn|1\n|\n|t:|1683602888\n|-terastallize|p2b: Flutter Mane|Fairy\n|-terastallize|p1b: Annihilape|Fire\n|move|p1a: Maushold|Protect|p1a: Maushold\n|-singleturn|p1a: Maushold|Protect\n|move|p2b: Flutter Mane|Substitute|p2b: Flutter Mane\n|-start|p2b: Flutter Mane|Substitute\n|-damage|p2b: Flutter Mane|76\/100\n|move|p1b: Annihilape|Bulk Up|p1b: Annihilape\n|-boost|p1b: Annihilape|atk|1\n|-boost|p1b: Annihilape|def|1\n|move|p2a: Iron Hands|Volt Switch|p1a: Maushold\n|-activate|p1a: Maushold|move: Protect\n|\n|upkeep\n|turn|2\n|inactive|Gabomedinaz has 30 seconds left.\n|\n|t:|1683602920\n|move|p2b: Flutter Mane|Protect|p2b: Flutter Mane\n|-singleturn|p2b: Flutter Mane|Protect\n|move|p1a: Maushold|Beat Up|p1b: Annihilape\n|-damage|p1b: Annihilape|99\/100\n|-damage|p1b: Annihilape|98\/100\n|-damage|p1b: Annihilape|97\/100\n|-damage|p1b: Annihilape|95\/100\n|-hitcount|p1b: Annihilape|4\n|move|p1b: Annihilape|Rage Fist|p2b: Flutter Mane\n|-activate|p2b: Flutter Mane|move: Protect\n|move|p2a: Iron Hands|Drain Punch|p1a: Maushold\n|-supereffective|p1a: Maushold\n|-damage|p1a: Maushold|2\/100\n|\n|upkeep\n|turn|3\n|inactive|Gabomedinaz has 30 seconds left.\n|inactive|DillonChills has 30 seconds left.\n|inactive|DillonChills has 20 seconds left.\n|\n|t:|1683602956\n|-end|p2a: Iron Hands|Quark Drive|[silent]\n|switch|p2a: Gyarados|Gyarados, L50, F|100\/100\n|-ability|p2a: Gyarados|Intimidate|boost\n|-unboost|p1a: Maushold|atk|1\n|-unboost|p1b: Annihilape|atk|1\n|-ability|p1b: Annihilape|Defiant|boost\n|-boost|p1b: Annihilape|atk|2\n|move|p2b: Flutter Mane|Moonblast|p1a: Maushold\n|-damage|p1a: Maushold|0 fnt\n|faint|p1a: Maushold\n|move|p1b: Annihilape|Rage Fist|p2a: Gyarados\n|-crit|p2a: Gyarados\n|-damage|p2a: Gyarados|0 fnt\n|faint|p2a: Gyarados\n|\n|upkeep\n|\n|t:|1683602971\n|switch|p1a: Iron Bundle|Iron Bundle, L50|100\/100\n|switch|p2a: Chi-Yu|Chi-Yu, L50|100\/100\n|-ability|p2a: Chi-Yu|Beads of Ruin\n|-enditem|p1a: Iron Bundle|Booster Energy\n|-activate|p1a: Iron Bundle|ability: Quark Drive|[fromitem]\n|-start|p1a: Iron Bundle|quarkdrivespe\n|turn|4\n|\n|t:|1683602987\n|switch|p2a: Iron Hands|Iron Hands, L50|100\/100\n|move|p1a: Iron Bundle|Protect|p1a: Iron Bundle\n|-singleturn|p1a: Iron Bundle|Protect\n|move|p1b: Annihilape|Protect|p1b: Annihilape\n|-singleturn|p1b: Annihilape|Protect\n|move|p2b: Flutter Mane|Moonblast|p1a: Iron Bundle\n|-activate|p1a: Iron Bundle|move: Protect\n|\n|upkeep\n|turn|5\n|inactive|Gabomedinaz has 30 seconds left.\n|inactive|Gabomedinaz has 20 seconds left.\n|inactive|Gabomedinaz has 15 seconds left.\n|\n|t:|1683603028\n|-end|p1a: Iron Bundle|Quark Drive|[silent]\n|switch|p1a: Dragonite|Dragonite, L50, F|100\/100\n|move|p2a: Iron Hands|Fake Out|p1b: Annihilape\n|-damage|p1b: Annihilape|86\/100\n|move|p2b: Flutter Mane|Moonblast|p1a: Dragonite\n|-supereffective|p1a: Dragonite\n|-damage|p1a: Dragonite|59\/100\n|cant|p1b: Annihilape|flinch\n|\n|upkeep\n|turn|6\n|\n|t:|1683603048\n|move|p1a: Dragonite|Extreme Speed|p2b: Flutter Mane\n|-end|p2b: Flutter Mane|Substitute\n|move|p2b: Flutter Mane|Moonblast|p1a: Dragonite\n|-supereffective|p1a: Dragonite\n|-damage|p1a: Dragonite|0 fnt\n|faint|p1a: Dragonite\n|move|p1b: Annihilape|Rage Fist|p2b: Flutter Mane\n|-damage|p2b: Flutter Mane|0 fnt\n|faint|p2b: Flutter Mane\n|-end|p2b: Flutter Mane|Protosynthesis|[silent]\n|move|p2a: Iron Hands|Wild Charge|p1b: Annihilape\n|-damage|p1b: Annihilape|57\/100\n|-damage|p2a: Iron Hands|95\/100|[from] Recoil\n|\n|upkeep\n|\n|t:|1683603061\n|switch|p2b: Chi-Yu|Chi-Yu, L50|100\/100\n|switch|p1a: Iron Bundle|Iron Bundle, L50|100\/100\n|-ability|p2b: Chi-Yu|Beads of Ruin\n|turn|7\n|\n|t:|1683603083\n|move|p1a: Iron Bundle|Protect|p1a: Iron Bundle\n|-singleturn|p1a: Iron Bundle|Protect\n|move|p2b: Chi-Yu|Dark Pulse|p1a: Iron Bundle\n|-activate|p1a: Iron Bundle|move: Protect\n|move|p1b: Annihilape|Drain Punch|p2a: Iron Hands\n|-damage|p2a: Iron Hands|51\/100\n|-heal|p1b: Annihilape|85\/100|[from] drain|[of] p2a: Iron Hands\n|move|p2a: Iron Hands|Wild Charge|p1b: Annihilape\n|-damage|p1b: Annihilape|55\/100\n|-damage|p2a: Iron Hands|46\/100|[from] Recoil\n|\n|upkeep\n|turn|8\n|\n|t:|1683603102\n|move|p2b: Chi-Yu|Dark Pulse|p1b: Annihilape\n|-damage|p1b: Annihilape|6\/100\n|move|p1a: Iron Bundle|Hydro Pump|p2b: Chi-Yu\n|-supereffective|p2b: Chi-Yu\n|-damage|p2b: Chi-Yu|0 fnt\n|faint|p2b: Chi-Yu\n|move|p1b: Annihilape|Rage Fist|p2a: Iron Hands\n|-damage|p2a: Iron Hands|0 fnt\n|faint|p2a: Iron Hands\n|-end|p2a: Iron Hands|Quark Drive|[silent]\n|\n|win|Gabomedinaz\n|raw|Gabomedinaz's rating: 1326 → 1348<\/strong> (+22 for winning)\n|raw|DillonChills's rating: 1364 → 1342<\/strong> (-22 for losing)\n|l|\u2606DillonChills\n|c|\u2606Gabomedinaz|gg\n","uploadtime":1683603137,"views":8,"p1id":"gabomedinaz","p2id":"dillonchills","formatid":"gen9vgc2023regulationc","rating":1342,"private":0,"password":""}