{"id":"gen9vgc2023regulationc-1851066454","p1":"alexitoo16","p2":"marioman6444","format":"[Gen 9] VGC 2023 Regulation C","log":"|j|\u2606alexitoo16\n|j|\u2606marioman6444\n|t:|1682403208\n|gametype|doubles\n|player|p1|alexitoo16|102|1090\n|player|p2|marioman6444|hoopster|1141\n|teamsize|p1|6\n|teamsize|p2|6\n|gen|9\n|tier|[Gen 9] VGC 2023 Regulation C\n|rated|\n|rule|Species Clause: Limit one of each Pok\u00e9mon\n|rule|Item Clause: Limit one of each item\n|clearpoke\n|poke|p1|Amoonguss, L50, M|\n|poke|p1|Arcanine, L50, M|\n|poke|p1|Rotom-Wash, L50|\n|poke|p1|Chien-Pao, L50|\n|poke|p1|Meowscarada, L50, F|\n|poke|p1|Dragapult, L50, M|\n|poke|p2|Tsareena, L50, F|\n|poke|p2|Gyarados, L50, M|\n|poke|p2|Sableye, L50, M|\n|poke|p2|Gholdengo, L50|\n|poke|p2|Roaring Moon, L50|\n|poke|p2|Ting-Lu, L50|\n|teampreview|4\n|inactive|Battle timer is ON: inactive players will automatically lose when time's up. (requested by marioman6444)\n|inactive|marioman6444 has 60 seconds left.\n|inactive|marioman6444 has 30 seconds left.\n|inactive|marioman6444 has 20 seconds left.\n|\n|t:|1682403282\n|start\n|switch|p1a: Dragapult|Dragapult, L50, M, shiny|100\/100\n|switch|p1b: Chien-Pao|Chien-Pao, L50|100\/100\n|switch|p2a: GyaraDON'T|Gyarados, L50, M, shiny|100\/100\n|switch|p2b: G Holden GO|Gholdengo, L50|100\/100\n|-ability|p1b: Chien-Pao|Sword of Ruin\n|-ability|p2a: GyaraDON'T|Intimidate|boost\n|-fail|p1a: Dragapult|unboost|[from] ability: Clear Body|[of] p1a: Dragapult\n|-unboost|p1b: Chien-Pao|atk|1\n|turn|1\n|inactive|marioman6444 has 30 seconds left.\n|\n|t:|1682403309\n|-terastallize|p2b: G Holden GO|Water\n|move|p1b: Chien-Pao|Sucker Punch||[still]\n|-fail|p1b: Chien-Pao\n|move|p1a: Dragapult|U-turn|p2b: G Holden GO\n|-damage|p2b: G Holden GO|50\/100\n|\n|t:|1682403317\n|switch|p1a: Rotom|Rotom-Wash, L50, shiny|100\/100|[from] U-turn\n|move|p2b: G Holden GO|Nasty Plot|p2b: G Holden GO\n|-boost|p2b: G Holden GO|spa|2\n|move|p2a: GyaraDON'T|Thunder Wave|p1b: Chien-Pao\n|-status|p1b: Chien-Pao|par\n|\n|upkeep\n|turn|2\n|\n|t:|1682403331\n|move|p2b: G Holden GO|Protect|p2b: G Holden GO\n|-singleturn|p2b: G Holden GO|Protect\n|cant|p1b: Chien-Pao|par\n|move|p2a: GyaraDON'T|Icy Wind|p1a: Rotom|[spread] p1a,p1b\n|-resisted|p1a: Rotom\n|-resisted|p1b: Chien-Pao\n|-damage|p1a: Rotom|99\/100\n|-damage|p1b: Chien-Pao|96\/100 par\n|-unboost|p1a: Rotom|spe|1\n|-unboost|p1b: Chien-Pao|spe|1\n|move|p1a: Rotom|Thunderbolt|p2a: GyaraDON'T\n|-supereffective|p2a: GyaraDON'T\n|-damage|p2a: GyaraDON'T|0 fnt\n|faint|p2a: GyaraDON'T\n|\n|upkeep\n|\n|t:|1682403349\n|switch|p2a: YOU'RE QUEEN|Tsareena, L50, F, shiny|100\/100\n|turn|3\n|inactive|marioman6444 has 30 seconds left.\n|\n|t:|1682403382\n|switch|p1a: Arcanine|Arcanine, L50, M, shiny|100\/100\n|-ability|p1a: Arcanine|Intimidate|boost\n|-unboost|p2a: YOU'RE QUEEN|atk|1\n|-unboost|p2b: G Holden GO|atk|1\n|move|p1b: Chien-Pao|Sucker Punch||[still]\n|cant|p2a: YOU'RE QUEEN|ability: Queenly Majesty|Sucker Punch|[of] p1b: Chien-Pao\n|move|p2b: G Holden GO|Shadow Ball|p1a: Arcanine\n|-damage|p1a: Arcanine|0 fnt\n|faint|p1a: Arcanine\n|-damage|p2b: G Holden GO|41\/100|[from] item: Life Orb\n|move|p2a: YOU'RE QUEEN|Power Whip|p1b: Chien-Pao\n|-damage|p1b: Chien-Pao|40\/100 par\n|\n|upkeep\n|\n|t:|1682403400\n|switch|p1a: Dragapult|Dragapult, L50, M, shiny|100\/100\n|turn|4\n|\n|t:|1682403420\n|move|p1a: Dragapult|Phantom Force||[still]\n|-prepare|p1a: Dragapult|Phantom Force\n|move|p2b: G Holden GO|Make It Rain|p1a: Dragapult|[spread] p1b\n|-miss|p2b: G Holden GO|p1a: Dragapult\n|-supereffective|p1b: Chien-Pao\n|-damage|p1b: Chien-Pao|0 fnt\n|-unboost|p2b: G Holden GO|spa|1\n|faint|p1b: Chien-Pao\n|-damage|p2b: G Holden GO|31\/100|[from] item: Life Orb\n|move|p2a: YOU'RE QUEEN|Power Whip|p1a: Dragapult|[miss]\n|-miss|p2a: YOU'RE QUEEN|p1a: Dragapult\n|\n|upkeep\n|\n|t:|1682403434\n|switch|p1b: Rotom|Rotom-Wash, L50, shiny|99\/100\n|turn|5\n|\n|t:|1682403451\n|-terastallize|p1b: Rotom|Electric\n|move|p1a: Dragapult|Phantom Force|p2b: G Holden GO|[from]lockedmove\n|-damage|p2b: G Holden GO|0 fnt\n|faint|p2b: G Holden GO\n|move|p1b: Rotom|Shadow Ball|p2a: YOU'RE QUEEN\n|-damage|p2a: YOU'RE QUEEN|75\/100\n|move|p2a: YOU'RE QUEEN|Power Whip|p1b: Rotom\n|-damage|p1b: Rotom|52\/100\n|\n|upkeep\n|\n|t:|1682403459\n|switch|p2b: UtakeDAmoon!|Roaring Moon, L50, shiny|100\/100\n|-enditem|p2b: UtakeDAmoon!|Booster Energy\n|-activate|p2b: UtakeDAmoon!|ability: Protosynthesis|[fromitem]\n|-start|p2b: UtakeDAmoon!|protosynthesisatk\n|turn|6\n|\n|t:|1682403473\n|move|p1a: Dragapult|Phantom Force||[still]\n|-prepare|p1a: Dragapult|Phantom Force\n|move|p2b: UtakeDAmoon!|Crunch|p1a: Dragapult|[miss]\n|-miss|p2b: UtakeDAmoon!|p1a: Dragapult\n|move|p1b: Rotom|Hydro Pump|p2b: UtakeDAmoon!\n|-resisted|p2b: UtakeDAmoon!\n|-damage|p2b: UtakeDAmoon!|79\/100\n|move|p2a: YOU'RE QUEEN|High Jump Kick|p1b: Rotom\n|-damage|p1b: Rotom|19\/100\n|\n|upkeep\n|turn|7\n|\n|t:|1682403489\n|move|p1a: Dragapult|Phantom Force|p2b: UtakeDAmoon!|[from]lockedmove\n|-resisted|p2b: UtakeDAmoon!\n|-damage|p2b: UtakeDAmoon!|34\/100\n|move|p2b: UtakeDAmoon!|Crunch|p1a: Dragapult\n|-supereffective|p1a: Dragapult\n|-damage|p1a: Dragapult|0 fnt\n|faint|p1a: Dragapult\n|move|p1b: Rotom|Thunderbolt|p2b: UtakeDAmoon!\n|-resisted|p2b: UtakeDAmoon!\n|-damage|p2b: UtakeDAmoon!|9\/100\n|move|p2a: YOU'RE QUEEN|Power Whip|p1b: Rotom\n|-damage|p1b: Rotom|0 fnt\n|faint|p1b: Rotom\n|\n|win|marioman6444\n|raw|alexitoo16's rating: 1090 → 1070<\/strong> (-20 for losing)\n|raw|marioman6444's rating: 1141 → 1162<\/strong> (+21 for winning)\n|c|\u2606marioman6444|Gg!\n|l|\u2606alexitoo16\n","uploadtime":1682403508,"views":14,"p1id":"alexitoo16","p2id":"marioman6444","formatid":"gen9vgc2023regulationc","rating":1070,"private":0,"password":""}