{"id":"gen9vgc2023regulationc-1862828912","p1":"HieristLMyeah","p2":"TGH_sr","format":"[Gen 9] VGC 2023 Regulation C","log":"|j|\u2606HieristLMyeah\n|j|\u2606TGH_sr\n|t:|1683926580\n|gametype|doubles\n|player|p1|HieristLMyeah|101|1199\n|player|p2|TGH_sr|steven|1208\n|teamsize|p1|6\n|teamsize|p2|6\n|gen|9\n|tier|[Gen 9] VGC 2023 Regulation C\n|rated|\n|rule|Species Clause: Limit one of each Pok\u00e9mon\n|rule|Item Clause: Limit one of each item\n|clearpoke\n|poke|p1|Brambleghast, L50, M|\n|poke|p1|Iron Hands, L50|\n|poke|p1|Talonflame, L50, F|\n|poke|p1|Iron Treads, L50|\n|poke|p1|Kilowattrel, L50, F|\n|poke|p1|Chien-Pao, L50|\n|poke|p2|Talonflame, L50, F|\n|poke|p2|Garchomp, L50, M|\n|poke|p2|Kingambit, L50, M|\n|poke|p2|Amoonguss, L50, F|\n|poke|p2|Iron Bundle, L50|\n|poke|p2|Flutter Mane, L50|\n|teampreview|4\nTGH_sr has agreed to open team sheets.\n|inactive|Battle timer is ON: inactive players will automatically lose when time's up. (requested by HieristLMyeah)\n|inactive|TGH_sr has 60 seconds left.\n|\n|t:|1683926627\n|start\n|switch|p1a: Brambleghast|Brambleghast, L50, M|100\/100\n|switch|p1b: Talonflame|Talonflame, L50, F|100\/100\n|switch|p2a: Iron Bundle|Iron Bundle, L50|100\/100\n|switch|p2b: Flutter Mane|Flutter Mane, L50|100\/100\n|-enditem|p2a: Iron Bundle|Booster Energy\n|-activate|p2a: Iron Bundle|ability: Quark Drive|[fromitem]\n|-start|p2a: Iron Bundle|quarkdrivespe\n|turn|1\n|inactive|HieristLMyeah has 30 seconds left.\n|inactive|TGH_sr has 30 seconds left.\n|inactive|TGH_sr has 20 seconds left.\n|inactive|TGH_sr has 15 seconds left.\n|inactive|TGH_sr has 10 seconds left.\n|inactive|TGH_sr has 5 seconds left.\n|\n|t:|1683926677\n|-terastallize|p2b: Flutter Mane|Fairy\n|move|p1b: Talonflame|Tailwind|p1b: Talonflame\n|-sidestart|p1: HieristLMyeah|move: Tailwind\n|-ability|p1a: Brambleghast|Wind Rider|boost\n|-boost|p1a: Brambleghast|atk|1\n|move|p1a: Brambleghast|Phantom Force||[still]\n|-prepare|p1a: Brambleghast|Phantom Force\n|move|p2a: Iron Bundle|Icy Wind|p1a: Brambleghast|[spread] p1b\n|-miss|p2a: Iron Bundle|p1a: Brambleghast\n|-damage|p1b: Talonflame|71\/100\n|-unboost|p1b: Talonflame|spe|1\n|move|p2b: Flutter Mane|Dazzling Gleam|p1b: Talonflame|[spread] p1b\n|-miss|p2b: Flutter Mane|p1a: Brambleghast\n|-resisted|p1b: Talonflame\n|-damage|p1b: Talonflame|28\/100\n|\n|upkeep\n|turn|2\n|inactive|HieristLMyeah has 30 seconds left.\n|inactive|TGH_sr has 30 seconds left.\n|inactive|TGH_sr has 20 seconds left.\n|\n|t:|1683926715\n|move|p1b: Talonflame|Protect|p1b: Talonflame\n|-singleturn|p1b: Talonflame|Protect\n|move|p1a: Brambleghast|Phantom Force|p2b: Flutter Mane|[from]lockedmove\n|-crit|p2b: Flutter Mane\n|-damage|p2b: Flutter Mane|0 fnt\n|faint|p2b: Flutter Mane\n|-end|p2b: Flutter Mane|Protosynthesis|[silent]\n|move|p2a: Iron Bundle|Freeze-Dry|p1a: Brambleghast\n|-supereffective|p1a: Brambleghast\n|-damage|p1a: Brambleghast|0 fnt\n|faint|p1a: Brambleghast\n|\n|upkeep\n|inactive|HieristLMyeah has 30 seconds left.\n|\n|t:|1683926744\n|switch|p2b: Talonflame|Talonflame, L50, F|100\/100\n|switch|p1a: Iron Treads|Iron Treads, L50|100\/100\n|-enditem|p1a: Iron Treads|Booster Energy\n|-activate|p1a: Iron Treads|ability: Quark Drive|[fromitem]\n|-start|p1a: Iron Treads|quarkdrivespe\n|turn|3\n|\n|t:|1683926765\n|move|p2a: Iron Bundle|Protect|p2a: Iron Bundle\n|-singleturn|p2a: Iron Bundle|Protect\n|move|p2b: Talonflame|Protect|p2b: Talonflame\n|-singleturn|p2b: Talonflame|Protect\n|move|p1a: Iron Treads|Iron Head|p2a: Iron Bundle\n|-activate|p2a: Iron Bundle|move: Protect\n|move|p1b: Talonflame|Flare Blitz|p2a: Iron Bundle\n|-activate|p2a: Iron Bundle|move: Protect\n|\n|upkeep\n|turn|4\n|inactive|TGH_sr has 30 seconds left.\n|\n|t:|1683926797\n|move|p1a: Iron Treads|Iron Head|p2a: Iron Bundle\n|-damage|p2a: Iron Bundle|59\/100\n|cant|p2a: Iron Bundle|flinch\n|move|p1b: Talonflame|Brave Bird|p2b: Talonflame\n|-damage|p2b: Talonflame|40\/100\n|-damage|p1b: Talonflame|9\/100|[from] Recoil\n|move|p2b: Talonflame|Flare Blitz|p1a: Iron Treads\n|-supereffective|p1a: Iron Treads\n|-damage|p1a: Iron Treads|0 fnt\n|faint|p1a: Iron Treads\n|-end|p1a: Iron Treads|Quark Drive|[silent]\n|-damage|p2b: Talonflame|4\/100|[from] Recoil\n|-damage|p2b: Talonflame|0 fnt|[from] item: Life Orb\n|faint|p2b: Talonflame\n|\n|-sideend|p1: HieristLMyeah|move: Tailwind\n|upkeep\n|\n|t:|1683926816\n|switch|p2b: Garchomp|Garchomp, L50, M|100\/100\n|switch|p1a: Chien-Pao|Chien-Pao, L50|100\/100\n|-ability|p1a: Chien-Pao|Sword of Ruin\n|turn|5\n|inactive|HieristLMyeah has 30 seconds left.\n|inactive|HieristLMyeah has 20 seconds left.\n|inactive|HieristLMyeah has 15 seconds left.\n|\n|t:|1683926861\n|move|p2a: Iron Bundle|Icy Wind|p1b: Talonflame|[spread] p1a,p1b\n|-resisted|p1a: Chien-Pao\n|-damage|p1a: Chien-Pao|84\/100\n|-damage|p1b: Talonflame|0 fnt\n|-unboost|p1a: Chien-Pao|spe|1\n|faint|p1b: Talonflame\n|move|p1a: Chien-Pao|Sacred Sword|p2a: Iron Bundle\n|-supereffective|p2a: Iron Bundle\n|-damage|p2a: Iron Bundle|0 fnt\n|faint|p2a: Iron Bundle\n|-end|p2a: Iron Bundle|Quark Drive|[silent]\n|move|p2b: Garchomp|Iron Head|p1a: Chien-Pao\n|-supereffective|p1a: Chien-Pao\n|-damage|p1a: Chien-Pao|0 fnt\n|faint|p1a: Chien-Pao\n|\n|win|TGH_sr\n|raw|HieristLMyeah's rating: 1199 → 1175<\/strong> (-24 for losing)\n|raw|TGH_sr's rating: 1208 → 1232<\/strong> (+24 for winning)\n","uploadtime":1683926875,"views":12,"p1id":"hieristlmyeah","p2id":"tghsr","formatid":"gen9vgc2023regulationc","rating":1175,"private":0,"password":""}