{"id":"gen9vgc2023regulationc-1856232019","p1":"Wastingtimern","p2":"Katkip","format":"[Gen 9] VGC 2023 Regulation C","log":"|j|\u2606Wastingtimern\n|j|\u2606Katkip\n|t:|1683043006\n|gametype|doubles\n|player|p1|Wastingtimern|101|1053\n|player|p2|Katkip|may-masters2|1068\n|teamsize|p1|6\n|teamsize|p2|6\n|gen|9\n|tier|[Gen 9] VGC 2023 Regulation C\n|rated|\n|rule|Species Clause: Limit one of each Pok\u00e9mon\n|rule|Item Clause: Limit one of each item\n|clearpoke\n|poke|p1|Amoonguss, L50, M|\n|poke|p1|Great Tusk, L50|\n|poke|p1|Flutter Mane, L50|\n|poke|p1|Iron Bundle, L50|\n|poke|p1|Tyranitar, L50, F|\n|poke|p1|Talonflame, L50, M|\n|poke|p2|Lilligant, L50, F|\n|poke|p2|Torkoal, L50, F|\n|poke|p2|Flutter Mane, L50|\n|poke|p2|Kingambit, L50, F|\n|poke|p2|Gholdengo, L50|\n|poke|p2|Great Tusk, L50|\n|teampreview|4\nWastingtimern has agreed to open team sheets.\n|\n|t:|1683043047\n|start\n|switch|p1a: G4l3 W1ng5|Talonflame, L50, M|100\/100\n|switch|p1b: M15dr34vu5|Flutter Mane, L50|100\/100\n|switch|p2a: Great Tusk|Great Tusk, L50, shiny|100\/100\n|switch|p2b: Torkoal|Torkoal, L50, F, shiny|100\/100\n|-weather|SunnyDay|[from] ability: Drought|[of] p2b: Torkoal\n|-activate|p2a: Great Tusk|ability: Protosynthesis\n|-start|p2a: Great Tusk|protosynthesisatk\n|-activate|p1b: M15dr34vu5|ability: Protosynthesis\n|-start|p1b: M15dr34vu5|protosynthesisspe\n|turn|1\n|\n|t:|1683043078\n|-terastallize|p2a: Great Tusk|Steel\n|move|p2b: Torkoal|Protect|p2b: Torkoal\n|-singleturn|p2b: Torkoal|Protect\n|move|p1b: M15dr34vu5|Moonblast|p2b: Torkoal\n|-activate|p2b: Torkoal|move: Protect\n|move|p2a: Great Tusk|Rock Slide|p1b: M15dr34vu5|[spread] p1a,p1b\n|-supereffective|p1a: G4l3 W1ng5\n|-damage|p1a: G4l3 W1ng5|0 fnt\n|-damage|p1b: M15dr34vu5|58\/100\n|faint|p1a: G4l3 W1ng5\n|\n|-weather|SunnyDay|[upkeep]\n|upkeep\n|\n|t:|1683043090\n|switch|p1a: D0nph4n|Great Tusk, L50|100\/100\n|-activate|p1a: D0nph4n|ability: Protosynthesis\n|-start|p1a: D0nph4n|protosynthesisatk\n|turn|2\n|\n|t:|1683043103\n|-end|p2a: Great Tusk|Protosynthesis|[silent]\n|switch|p2a: Lilligant|Lilligant, L50, F, shiny|100\/100\n|move|p1b: M15dr34vu5|Moonblast|p2b: Torkoal\n|-resisted|p2b: Torkoal\n|-damage|p2b: Torkoal|52\/100\n|-unboost|p2b: Torkoal|spa|1\n|move|p1a: D0nph4n|Headlong Rush|p2a: Lilligant\n|-resisted|p2a: Lilligant\n|-damage|p2a: Lilligant|11\/100\n|-unboost|p1a: D0nph4n|def|1\n|-unboost|p1a: D0nph4n|spd|1\n|-damage|p1a: D0nph4n|90\/100|[from] item: Life Orb\n|move|p2b: Torkoal|Eruption|p1a: D0nph4n|[spread] p1a,p1b\n|-damage|p1a: D0nph4n|20\/100\n|-damage|p1b: M15dr34vu5|33\/100\n|\n|-weather|SunnyDay|[upkeep]\n|upkeep\n|turn|3\n|\n|t:|1683043145\n|move|p1a: D0nph4n|Protect|p1a: D0nph4n\n|-singleturn|p1a: D0nph4n|Protect\n|move|p2a: Lilligant|After You|p2b: Torkoal\n|-activate|p2b: Torkoal|move: After You\n|move|p2b: Torkoal|Eruption|p1a: D0nph4n|[spread] p1b\n|-activate|p1a: D0nph4n|move: Protect\n|-damage|p1b: M15dr34vu5|7\/100\n|move|p1b: M15dr34vu5|Moonblast|p2a: Lilligant\n|-damage|p2a: Lilligant|0 fnt\n|faint|p2a: Lilligant\n|\n|-weather|SunnyDay|[upkeep]\n|upkeep\n|\n|t:|1683043160\n|switch|p2a: Kingambit|Kingambit, L50, F, shiny|100\/100\n|turn|4\n|\n|t:|1683043172\n|-terastallize|p1a: D0nph4n|Ground\n|move|p2b: Torkoal|Protect|p2b: Torkoal\n|-singleturn|p2b: Torkoal|Protect\n|move|p2a: Kingambit|Sucker Punch|p1a: D0nph4n\n|-damage|p1a: D0nph4n|0 fnt\n|faint|p1a: D0nph4n\n|-end|p1a: D0nph4n|Protosynthesis|[silent]\n|move|p1b: M15dr34vu5|Moonblast|p2b: Torkoal\n|-activate|p2b: Torkoal|move: Protect\n|\n|-weather|SunnyDay|[upkeep]\n|upkeep\n|\n|t:|1683043181\n|switch|p1a: 1r0n Th0rn5|Tyranitar, L50, F|100\/100\n|-weather|Sandstorm|[from] ability: Sand Stream|[of] p1a: 1r0n Th0rn5\n|-end|p1b: M15dr34vu5|Protosynthesis\n|turn|5\n|\n|t:|1683043197\n|move|p1b: M15dr34vu5|Moonblast|p2b: Torkoal\n|-resisted|p2b: Torkoal\n|-damage|p2b: Torkoal|10\/100\n|move|p1a: 1r0n Th0rn5|Rock Slide|p2a: Kingambit|[spread] p2a,p2b\n|-resisted|p2a: Kingambit\n|-supereffective|p2b: Torkoal\n|-damage|p2a: Kingambit|90\/100\n|-damage|p2b: Torkoal|0 fnt\n|faint|p2b: Torkoal\n|cant|p2a: Kingambit|flinch\n|\n|-weather|Sandstorm|[upkeep]\n|-damage|p1b: M15dr34vu5|1\/100|[from] Sandstorm\n|upkeep\n|\n|t:|1683043209\n|switch|p2b: Great Tusk|Great Tusk, L50, shiny, tera:Steel|100\/100\n|turn|6\n|\n|t:|1683043220\n|move|p2a: Kingambit|Sucker Punch|p1b: M15dr34vu5\n|-damage|p1b: M15dr34vu5|0 fnt\n|faint|p1b: M15dr34vu5\n|-end|p1b: M15dr34vu5|Protosynthesis|[silent]\n|move|p2b: Great Tusk|Close Combat|p1a: 1r0n Th0rn5\n|-supereffective|p1a: 1r0n Th0rn5\n|-damage|p1a: 1r0n Th0rn5|0 fnt\n|-unboost|p2b: Great Tusk|def|1\n|-unboost|p2b: Great Tusk|spd|1\n|faint|p1a: 1r0n Th0rn5\n|\n|win|Katkip\n|raw|Wastingtimern's rating: 1053 → 1036<\/strong> (-17 for losing)\n|raw|Katkip's rating: 1068 → 1097<\/strong> (+29 for winning)\n|l|\u2606Wastingtimern\n","uploadtime":1683043238,"views":12,"p1id":"wastingtimern","p2id":"katkip","formatid":"gen9vgc2023regulationc","rating":1036,"private":0,"password":""}