{"id":"gen9vgc2023regulationc-1846697032","p1":"Blizz.vg","p2":"Kuriboh448","format":"[Gen 9] VGC 2023 Regulation C","log":"|j|\u2606Blizz.vg\n|j|\u2606Kuriboh448\n|t:|1681867095\n|gametype|doubles\n|player|p1|Blizz.vg|backpacker|\n|player|p2|Kuriboh448|102|\n|teamsize|p1|6\n|teamsize|p2|6\n|gen|9\n|tier|[Gen 9] VGC 2023 Regulation C\n|rule|Species Clause: Limit one of each Pok\u00e9mon\n|rule|Item Clause: Limit one of each item\n|clearpoke\n|poke|p1|Amoonguss, L50, F|\n|poke|p1|Arcanine, L50, M|\n|poke|p1|Kingambit, L50, F|\n|poke|p1|Flutter Mane, L50|\n|poke|p1|Garchomp, L50, F|\n|poke|p1|Talonflame, L50, F|\n|poke|p2|Iron Bundle, L50|\n|poke|p2|Corviknight, L50, M|\n|poke|p2|Abomasnow, L50, F|\n|poke|p2|Garchomp, L50, F|\n|poke|p2|Chi-Yu, L50|\n|poke|p2|Flutter Mane, L50|\n|teampreview|4\nBlizz.vg has agreed to open team sheets.\n|c|\u2606Kuriboh448|G3\nKuriboh448 has agreed to open team sheets.\n|\n|t:|1681867127\n|start\n|switch|p1a: Garchomp|Garchomp, L50, F|100\/100\n|switch|p1b: Talonflame|Talonflame, L50, F|100\/100\n|switch|p2a: Corviknight|Corviknight, L50, M|100\/100\n|switch|p2b: Garchomp|Garchomp, L50, F|100\/100\n|turn|1\n|\n|t:|1681867151\n|move|p1b: Talonflame|Tailwind|p1b: Talonflame\n|-sidestart|p1: Blizz.vg|move: Tailwind\n|move|p1a: Garchomp|Dragon Claw|p2b: Garchomp\n|-supereffective|p2b: Garchomp\n|-damage|p2b: Garchomp|0 fnt\n|-damage|p1a: Garchomp|88\/100|[from] ability: Rough Skin|[of] p2b: Garchomp\n|faint|p2b: Garchomp\n|-damage|p1a: Garchomp|79\/100|[from] item: Life Orb\n|move|p2a: Corviknight|Bulk Up|p2a: Corviknight\n|-boost|p2a: Corviknight|atk|1\n|-boost|p2a: Corviknight|def|1\n|\n|upkeep\n|\n|t:|1681867170\n|switch|p2b: Iron Bundle|Iron Bundle, L50|100\/100\n|-enditem|p2b: Iron Bundle|Booster Energy\n|-activate|p2b: Iron Bundle|ability: Quark Drive|[fromitem]\n|-start|p2b: Iron Bundle|quarkdrivespe\n|turn|2\n|\n|t:|1681867186\n|move|p2b: Iron Bundle|Protect|p2b: Iron Bundle\n|-singleturn|p2b: Iron Bundle|Protect\n|move|p1b: Talonflame|Brave Bird|p2b: Iron Bundle\n|-activate|p2b: Iron Bundle|move: Protect\n|move|p1a: Garchomp|Earthquake|p2a: Corviknight|[spread] \n|-activate|p2b: Iron Bundle|move: Protect\n|-immune|p1b: Talonflame\n|-immune|p2a: Corviknight\n|move|p2a: Corviknight|Tailwind|p2a: Corviknight\n|-sidestart|p2: Kuriboh448|move: Tailwind\n|\n|upkeep\n|turn|3\n|\n|t:|1681867208\n|switch|p1b: Kingambit|Kingambit, L50, F|100\/100\n|move|p2b: Iron Bundle|Icy Wind|p1b: Kingambit|[spread] p1a,p1b\n|-supereffective|p1a: Garchomp\n|-resisted|p1b: Kingambit\n|-damage|p1a: Garchomp|0 fnt\n|-damage|p1b: Kingambit|93\/100\n|-unboost|p1b: Kingambit|spe|1\n|-ability|p1b: Kingambit|Defiant|boost\n|-boost|p1b: Kingambit|atk|2\n|faint|p1a: Garchomp\n|move|p2a: Corviknight|Brave Bird|p1b: Kingambit\n|-resisted|p1b: Kingambit\n|-damage|p1b: Kingambit|74\/100\n|-damage|p2a: Corviknight|94\/100|[from] Recoil\n|\n|-heal|p2a: Corviknight|99\/100|[from] item: Leftovers\n|upkeep\n|\n|t:|1681867217\n|switch|p1a: Flutter Mane|Flutter Mane, L50|100\/100\n|-enditem|p1a: Flutter Mane|Booster Energy\n|-activate|p1a: Flutter Mane|ability: Protosynthesis|[fromitem]\n|-start|p1a: Flutter Mane|protosynthesisspa\n|turn|4\n|\n|t:|1681867232\n|move|p1a: Flutter Mane|Protect|p1a: Flutter Mane\n|-singleturn|p1a: Flutter Mane|Protect\n|move|p2b: Iron Bundle|Hydro Pump|p1b: Kingambit\n|-damage|p1b: Kingambit|38\/100\n|move|p2a: Corviknight|Iron Head|p1a: Flutter Mane\n|-activate|p1a: Flutter Mane|move: Protect\n|move|p1b: Kingambit|Iron Head|p2b: Iron Bundle\n|-damage|p2b: Iron Bundle|0 fnt\n|faint|p2b: Iron Bundle\n|-end|p2b: Iron Bundle|Quark Drive|[silent]\n|\n|-heal|p2a: Corviknight|100\/100|[from] item: Leftovers\n|-sideend|p1: Blizz.vg|move: Tailwind\n|upkeep\n|\n|t:|1681867244\n|switch|p2b: Chi-Yu|Chi-Yu, L50|100\/100\n|-ability|p2b: Chi-Yu|Beads of Ruin\n|turn|5\n|\n|t:|1681867276\n|-end|p1a: Flutter Mane|Protosynthesis|[silent]\n|switch|p1a: Talonflame|Talonflame, L50, F|100\/100\n|move|p1b: Kingambit|Sucker Punch|p2b: Chi-Yu\n|-resisted|p2b: Chi-Yu\n|-damage|p2b: Chi-Yu|33\/100\n|move|p2b: Chi-Yu|Heat Wave|p1a: Talonflame|[spread] p1a,p1b\n|-resisted|p1a: Talonflame\n|-crit|p1a: Talonflame\n|-supereffective|p1b: Kingambit\n|-damage|p1a: Talonflame|25\/100\n|-damage|p1b: Kingambit|0 fnt\n|faint|p1b: Kingambit\n|-damage|p2b: Chi-Yu|23\/100|[from] item: Life Orb\n|move|p2a: Corviknight|Iron Head|p1a: Talonflame\n|-resisted|p1a: Talonflame\n|-damage|p1a: Talonflame|0 fnt\n|faint|p1a: Talonflame\n|\n|-sideend|p2: Kuriboh448|move: Tailwind\n|upkeep\n|\n|t:|1681867284\n|switch|p1b: Flutter Mane|Flutter Mane, L50|100\/100\n|turn|6\n|\n|t:|1681867295\n|move|p2b: Chi-Yu|Protect|p2b: Chi-Yu\n|-singleturn|p2b: Chi-Yu|Protect\n|move|p1b: Flutter Mane|Shadow Ball|p2a: Corviknight\n|-damage|p2a: Corviknight|54\/100\n|move|p2a: Corviknight|Iron Head|p1b: Flutter Mane\n|-supereffective|p1b: Flutter Mane\n|-damage|p1b: Flutter Mane|0 fnt\n|faint|p1b: Flutter Mane\n|-end|p1b: Flutter Mane|Protosynthesis|[silent]\n|\n|win|Kuriboh448\n|c|\u2606Blizz.vg|ggs\n|c|\u2606Kuriboh448|ggs\n","uploadtime":1681867309,"views":12,"p1id":"blizzvg","p2id":"kuriboh448","formatid":"gen9vgc2023regulationc","rating":0,"private":0,"password":""}