{"id":"gen9vgc2023regulationc-1860945180","p1":"Gozie Mas","p2":"depressionstuff","format":"[Gen 9] VGC 2023 Regulation C","log":"|j|\u2606Gozie Mas\n|j|\u2606depressionstuff\n|t:|1683700755\n|gametype|doubles\n|player|p1|Gozie Mas|ninjaboy|\n|player|p2|depressionstuff|morty-gen2|\n|teamsize|p1|6\n|teamsize|p2|6\n|gen|9\n|tier|[Gen 9] VGC 2023 Regulation C\n|rated|Tournament battle\n|rule|Species Clause: Limit one of each Pok\u00e9mon\n|rule|Item Clause: Limit one of each item\n|clearpoke\n|poke|p1|Chien-Pao, L50|\n|poke|p1|Flutter Mane, L50|\n|poke|p1|Dragonite, L50, F|\n|poke|p1|Ting-Lu, L50|\n|poke|p1|Orthworm, L50, M|\n|poke|p1|Gyarados, L50, F|\n|poke|p2|Iron Bundle, L50|\n|poke|p2|Azumarill, L50, F|\n|poke|p2|Chi-Yu, L50|\n|poke|p2|Flutter Mane, L50|\n|poke|p2|Great Tusk, L50|\n|poke|p2|Brute Bonnet, L50|\n|teampreview|4\ndepressionstuff has agreed to open team sheets.\n|j| No1OhioVGC\nGozie Mas has agreed to open team sheets.\n|j| altarboy69\n|j| Albino Pinecone\n|\n|t:|1683700856\n|start\n|switch|p1a: Ting-Lu|Ting-Lu, L50|100\/100\n|switch|p1b: Orthworm|Orthworm, L50, M|100\/100\n|switch|p2a: Iron Bundle|Iron Bundle, L50|100\/100\n|switch|p2b: Brute Bonnet|Brute Bonnet, L50|100\/100\n|-ability|p1a: Ting-Lu|Vessel of Ruin\n|-enditem|p2a: Iron Bundle|Booster Energy\n|-activate|p2a: Iron Bundle|ability: Quark Drive|[fromitem]\n|-start|p2a: Iron Bundle|quarkdrivespe\n|turn|1\n|j| Toastest\n|\n|t:|1683700948\n|move|p2a: Iron Bundle|Icy Wind|p1a: Ting-Lu|[spread] p1a,p1b\n|-supereffective|p1a: Ting-Lu\n|-resisted|p1b: Orthworm\n|-damage|p1a: Ting-Lu|72\/100\n|-damage|p1b: Orthworm|93\/100\n|-unboost|p1a: Ting-Lu|spe|1\n|-unboost|p1b: Orthworm|spe|1\n|move|p2b: Brute Bonnet|Spore|p1b: Orthworm\n|-status|p1b: Orthworm|slp|[from] move: Spore\n|move|p1a: Ting-Lu|Earthquake|p2a: Iron Bundle|[spread] p2a,p2b\n|-heal|p1b: Orthworm|100\/100 slp|[from] ability: Earth Eater|[of] p1a: Ting-Lu\n|-resisted|p2b: Brute Bonnet\n|-damage|p2a: Iron Bundle|36\/100\n|-damage|p2b: Brute Bonnet|77\/100\n|cant|p1b: Orthworm|slp\n|\n|upkeep\n|turn|2\n|\n|t:|1683700971\n|move|p2a: Iron Bundle|Freeze-Dry|p1a: Ting-Lu\n|-supereffective|p1a: Ting-Lu\n|-damage|p1a: Ting-Lu|27\/100\n|move|p2b: Brute Bonnet|Bullet Seed|p1a: Ting-Lu\n|-supereffective|p1a: Ting-Lu\n|-damage|p1a: Ting-Lu|11\/100\n|-supereffective|p1a: Ting-Lu\n|-damage|p1a: Ting-Lu|0 fnt\n|faint|p1a: Ting-Lu\n|-hitcount|p1: Ting-Lu|2\n|cant|p1b: Orthworm|slp\n|\n|upkeep\n|\n|t:|1683700991\n|switch|p1a: Gyarados|Gyarados, L50, F|100\/100\n|-ability|p1a: Gyarados|Intimidate|boost\n|-unboost|p2a: Iron Bundle|atk|1\n|-unboost|p2b: Brute Bonnet|atk|1\n|turn|3\n|\n|t:|1683701007\n|-terastallize|p1a: Gyarados|Fire\n|move|p2a: Iron Bundle|Freeze-Dry|p1a: Gyarados\n|-resisted|p1a: Gyarados\n|-damage|p1a: Gyarados|87\/100\n|move|p1a: Gyarados|Taunt|p2b: Brute Bonnet\n|-start|p2b: Brute Bonnet|move: Taunt\n|move|p2b: Brute Bonnet|Bullet Seed|p1b: Orthworm\n|-resisted|p1b: Orthworm\n|-damage|p1b: Orthworm|97\/100 slp\n|-resisted|p1b: Orthworm\n|-damage|p1b: Orthworm|94\/100 slp\n|-resisted|p1b: Orthworm\n|-crit|p1b: Orthworm\n|-damage|p1b: Orthworm|88\/100 slp\n|-resisted|p1b: Orthworm\n|-damage|p1b: Orthworm|84\/100 slp\n|-hitcount|p1b: Orthworm|4\n|-curestatus|p1b: Orthworm|slp|[msg]\n|move|p1b: Orthworm|Body Press|p2a: Iron Bundle\n|-supereffective|p2a: Iron Bundle\n|-damage|p2a: Iron Bundle|0 fnt\n|faint|p2a: Iron Bundle\n|-end|p2a: Iron Bundle|Quark Drive|[silent]\n|\n|upkeep\n|\n|t:|1683701019\n|switch|p2a: Great Tusk|Great Tusk, L50|100\/100\n|turn|4\n|\n|t:|1683701034\n|-end|p2b: Brute Bonnet|Protosynthesis|[silent]\n|switch|p2b: Flutter Mane|Flutter Mane, L50|100\/100\n|move|p2a: Great Tusk|Close Combat|p1b: Orthworm\n|-supereffective|p1b: Orthworm\n|-damage|p1b: Orthworm|0 fnt\n|-unboost|p2a: Great Tusk|def|1\n|-unboost|p2a: Great Tusk|spd|1\n|faint|p1b: Orthworm\n|move|p1a: Gyarados|Waterfall|p2a: Great Tusk\n|-supereffective|p2a: Great Tusk\n|-damage|p2a: Great Tusk|8\/100\n|\n|upkeep\n|\n|t:|1683701039\n|switch|p1b: Flutter Mane|Flutter Mane, L50|100\/100\n|turn|5\n|\n|t:|1683701077\n|-terastallize|p2b: Flutter Mane|Fairy\n|move|p2a: Great Tusk|Protect|p2a: Great Tusk\n|-singleturn|p2a: Great Tusk|Protect\n|move|p1b: Flutter Mane|Dazzling Gleam|p2b: Flutter Mane|[spread] p2b\n|-activate|p2a: Great Tusk|move: Protect\n|-damage|p2b: Flutter Mane|58\/100\n|move|p2b: Flutter Mane|Shadow Ball|p1b: Flutter Mane\n|-supereffective|p1b: Flutter Mane\n|-damage|p1b: Flutter Mane|0 fnt\n|faint|p1b: Flutter Mane\n|-end|p1b: Flutter Mane|Protosynthesis|[silent]\n|move|p1a: Gyarados|Thunder Wave|p2b: Flutter Mane\n|-status|p2b: Flutter Mane|par\n|\n|upkeep\n|turn|6\n|\n|t:|1683701096\n|move|p2a: Great Tusk|Headlong Rush|p1a: Gyarados\n|-supereffective|p1a: Gyarados\n|-damage|p1a: Gyarados|0 fnt\n|-unboost|p2a: Great Tusk|def|1\n|-unboost|p2a: Great Tusk|spd|1\n|faint|p1a: Gyarados\n|\n|win|depressionstuff\n|n|\u2606Gozie Mas|goziemas\n|n|\u2606depressionstuff|depressionstuff\n|n| No1OhioVGC|no1ohiovgc\n|n| altarboy69|altarboy69\n|n| Albino Pinecone|albinopinecone\n|n| Toastest|toastest\n","uploadtime":1683701097,"views":11,"p1id":"goziemas","p2id":"depressionstuff","formatid":"gen9vgc2023regulationc","rating":0,"private":0,"password":""}