{"id":"gen9vgc2023regulationc-1847071062","p1":"RitmanTesting1","p2":"Malaro","format":"[Gen 9] VGC 2023 Regulation C","log":"|j|\u2606RitmanTesting1\n|j|\u2606Malaro\n|t:|1681916674\n|gametype|doubles\n|player|p1|RitmanTesting1|byron|1347\n|player|p2|Malaro|266|1286\n|teamsize|p1|6\n|teamsize|p2|6\n|gen|9\n|tier|[Gen 9] VGC 2023 Regulation C\n|rated|\n|rule|Species Clause: Limit one of each Pok\u00e9mon\n|rule|Item Clause: Limit one of each item\n|clearpoke\n|poke|p1|Roaring Moon, L50|\n|poke|p1|Flutter Mane, L50|\n|poke|p1|Arcanine, L50, M|\n|poke|p1|Chi-Yu, L50|\n|poke|p1|Brute Bonnet, L50|\n|poke|p1|Glimmora, L50, F|\n|poke|p2|Flutter Mane, L50|\n|poke|p2|Annihilape, L50, F|\n|poke|p2|Klefki, L50, F|\n|poke|p2|Chi-Yu, L50|\n|poke|p2|Gyarados, L50, M|\n|poke|p2|Amoonguss, L50, M|\n|teampreview|4\n|inactive|Battle timer is ON: inactive players will automatically lose when time's up. (requested by Malaro)\nRitmanTesting1 has agreed to open team sheets.\nMalaro has agreed to open team sheets.\n|inactive|RitmanTesting1 has 60 seconds left.\n|\n|t:|1681916719\n|start\n|switch|p1a: Chi-Yu|Chi-Yu, L50|100\/100\n|switch|p1b: Glimmora|Glimmora, L50, F|100\/100\n|switch|p2a: Klefki|Klefki, L50, F|100\/100\n|switch|p2b: Annihilape|Annihilape, L50, F|100\/100\n|-ability|p1a: Chi-Yu|Beads of Ruin\n|turn|1\n|inactive|Malaro has 30 seconds left.\n|\n|t:|1681916748\n|-terastallize|p1a: Chi-Yu|Fire\n|move|p2a: Klefki|Misty Terrain|p2a: Klefki\n|-fieldstart|move: Misty Terrain\n|move|p1a: Chi-Yu|Heat Wave|p2b: Annihilape|[spread] p2a,p2b\n|-supereffective|p2a: Klefki\n|-damage|p2a: Klefki|0 fnt\n|-damage|p2b: Annihilape|59\/100\n|faint|p2a: Klefki\n|move|p2b: Annihilape|Bulk Up|p2b: Annihilape\n|-boost|p2b: Annihilape|atk|1\n|-boost|p2b: Annihilape|def|1\n|move|p1b: Glimmora|Power Gem|p2b: Annihilape\n|-resisted|p2b: Annihilape\n|-damage|p2b: Annihilape|42\/100\n|\n|-heal|p2b: Annihilape|48\/100|[from] item: Leftovers\n|upkeep\n|\n|t:|1681916770\n|switch|p2a: Gyarados|Gyarados, L50, M|100\/100\n|-ability|p2a: Gyarados|Intimidate|boost\n|-unboost|p1a: Chi-Yu|atk|1\n|-unboost|p1b: Glimmora|atk|1\n|turn|2\n|\n|t:|1681916781\n|switch|p1b: Roaring Moon|Roaring Moon, L50|100\/100\n|-enditem|p1b: Roaring Moon|Booster Energy\n|-activate|p1b: Roaring Moon|ability: Protosynthesis|[fromitem]\n|-start|p1b: Roaring Moon|protosynthesisspe\n|move|p2b: Annihilape|Protect|p2b: Annihilape\n|-singleturn|p2b: Annihilape|Protect\n|move|p1a: Chi-Yu|Heat Wave|p2a: Gyarados|[spread] p2a\n|-activate|p2b: Annihilape|move: Protect\n|-resisted|p2a: Gyarados\n|-damage|p2a: Gyarados|70\/100\n|move|p2a: Gyarados|Waterfall|p1a: Chi-Yu\n|-supereffective|p1a: Chi-Yu\n|-enditem|p1a: Chi-Yu|Focus Sash\n|-damage|p1a: Chi-Yu|1\/100\n|\n|-heal|p2b: Annihilape|54\/100|[from] item: Leftovers\n|upkeep\n|turn|3\n|\n|t:|1681916804\n|-terastallize|p2b: Annihilape|Fire\n|move|p1a: Chi-Yu|Protect|p1a: Chi-Yu\n|-singleturn|p1a: Chi-Yu|Protect\n|move|p1b: Roaring Moon|Tailwind|p1b: Roaring Moon\n|-sidestart|p1: RitmanTesting1|move: Tailwind\n|move|p2b: Annihilape|Drain Punch|p1b: Roaring Moon\n|-supereffective|p1b: Roaring Moon\n|-damage|p1b: Roaring Moon|3\/100\n|-heal|p2b: Annihilape|97\/100|[from] drain|[of] p1b: Roaring Moon\n|move|p2a: Gyarados|Waterfall|p1a: Chi-Yu\n|-activate|p1a: Chi-Yu|move: Protect\n|\n|-heal|p2b: Annihilape|100\/100|[from] item: Leftovers\n|upkeep\n|turn|4\n|\n|t:|1681916823\n|move|p1b: Roaring Moon|Acrobatics|p2b: Annihilape\n|-damage|p2b: Annihilape|76\/100\n|move|p1a: Chi-Yu|Dark Pulse|p2b: Annihilape\n|-damage|p2b: Annihilape|37\/100\n|cant|p2b: Annihilape|flinch\n|move|p2a: Gyarados|Waterfall|p1a: Chi-Yu\n|-supereffective|p1a: Chi-Yu\n|-damage|p1a: Chi-Yu|0 fnt\n|faint|p1a: Chi-Yu\n|\n|-heal|p2b: Annihilape|43\/100|[from] item: Leftovers\n|upkeep\n|\n|t:|1681916838\n|switch|p1a: Glimmora|Glimmora, L50, F|100\/100\n|turn|5\n|\n|t:|1681916855\n|move|p1b: Roaring Moon|Breaking Swipe|p2b: Annihilape|[spread] p2a,p2b\n|-damage|p2a: Gyarados|48\/100\n|-damage|p2b: Annihilape|35\/100\n|-unboost|p2a: Gyarados|atk|1\n|-unboost|p2b: Annihilape|atk|1\n|-ability|p2b: Annihilape|Defiant|boost\n|-boost|p2b: Annihilape|atk|2\n|move|p1a: Glimmora|Power Gem|p2b: Annihilape\n|-supereffective|p2b: Annihilape\n|-damage|p2b: Annihilape|0 fnt\n|faint|p2b: Annihilape\n|move|p2a: Gyarados|Waterfall|p1a: Glimmora\n|-supereffective|p1a: Glimmora\n|-damage|p1a: Glimmora|39\/100\n|-activate|p1a: Glimmora|ability: Toxic Debris\n|-sidestart|p2: Malaro|move: Toxic Spikes\n|\n|-fieldend|Misty Terrain\n|upkeep\n|\n|t:|1681916869\n|switch|p2b: Mimi|Flutter Mane, L50|100\/100\n|-status|p2b: Mimi|psn\n|turn|6\n|\n|t:|1681916878\n|move|p1b: Roaring Moon|Protect|p1b: Roaring Moon\n|-singleturn|p1b: Roaring Moon|Protect\n|move|p1a: Glimmora|Power Gem|p2a: Gyarados\n|-supereffective|p2a: Gyarados\n|-damage|p2a: Gyarados|0 fnt\n|faint|p2a: Gyarados\n|move|p2b: Mimi|Dazzling Gleam|p1b: Roaring Moon|[spread] p1a\n|-activate|p1b: Roaring Moon|move: Protect\n|-resisted|p1a: Glimmora\n|-damage|p1a: Glimmora|29\/100\n|\n|-damage|p2b: Mimi|88\/100 psn|[from] psn\n|-sideend|p1: RitmanTesting1|move: Tailwind\n|upkeep\n|turn|7\n|l|\u2606Malaro\n|inactive|Malaro disconnected and has a minute to reconnect!\n|player|p2|\n|inactive|Malaro has 30 seconds left.\n|inactive|Malaro has 20 seconds left.\n|inactive|Malaro has 15 seconds left.\n|inactive|Malaro has 10 seconds left.\n|inactive|Malaro has 5 seconds left.\n|-message|Malaro lost due to inactivity.\n|\n|win|RitmanTesting1\n|raw|RitmanTesting1's rating: 1347 → 1364<\/strong> (+17 for winning)\n|raw|Malaro's rating: 1286 → 1265<\/strong> (-21 for losing)\n","uploadtime":1681916940,"views":6,"p1id":"ritmantesting1","p2id":"malaro","formatid":"gen9vgc2023regulationc","rating":1265,"private":0,"password":""}