{"id":"gen9vgc2023regulationc-1849255759","p1":"MarioOnPS4","p2":"Royalzug","format":"[Gen 9] VGC 2023 Regulation C","log":"|j|\u2606MarioOnPS4\n|j|\u2606Royalzug\n|t:|1682178429\n|gametype|doubles\n|player|p1|MarioOnPS4|cyrus|1292\n|player|p2|Royalzug|1|1197\n|teamsize|p1|6\n|teamsize|p2|6\n|gen|9\n|tier|[Gen 9] VGC 2023 Regulation C\n|rated|\n|rule|Species Clause: Limit one of each Pok\u00e9mon\n|rule|Item Clause: Limit one of each item\n|clearpoke\n|poke|p1|Orthworm, L50, F|\n|poke|p1|Iron Hands, L50|\n|poke|p1|Flutter Mane, L50|\n|poke|p1|Ting-Lu, L50|\n|poke|p1|Palafin, L50, F|\n|poke|p1|Arcanine, L50, M|\n|poke|p2|Baxcalibur, L50, F|\n|poke|p2|Talonflame, L50, F|\n|poke|p2|Flutter Mane, L50|\n|poke|p2|Gyarados, L50, F|\n|poke|p2|Abomasnow, L50, F|\n|poke|p2|Chi-Yu, L50|\n|teampreview|4\n|inactive|Battle timer is ON: inactive players will automatically lose when time's up. (requested by MarioOnPS4)\n|inactive|MarioOnPS4 has 60 seconds left.\n|inactive|Royalzug has 60 seconds left.\n|\n|t:|1682178485\n|start\n|switch|p1a: Orthworm|Orthworm, L50, F|100\/100\n|switch|p1b: Ting-Lu|Ting-Lu, L50|100\/100\n|switch|p2a: Talonflame|Talonflame, L50, F|100\/100\n|switch|p2b: Flutter Mane|Flutter Mane, L50|100\/100\n|-ability|p1b: Ting-Lu|Vessel of Ruin\n|-enditem|p2b: Flutter Mane|Booster Energy\n|-activate|p2b: Flutter Mane|ability: Protosynthesis|[fromitem]\n|-start|p2b: Flutter Mane|protosynthesisspa\n|turn|1\n|inactive|MarioOnPS4 has 30 seconds left.\n|inactive|Royalzug has 30 seconds left.\n|inactive|MarioOnPS4 has 20 seconds left.\n|inactive|Royalzug has 20 seconds left.\n|inactive|MarioOnPS4 has 15 seconds left.\n|inactive|MarioOnPS4 has 10 seconds left.\n|\n|t:|1682178532\n|-terastallize|p1b: Ting-Lu|Poison\n|move|p2b: Flutter Mane|Protect|p2b: Flutter Mane\n|-singleturn|p2b: Flutter Mane|Protect\n|move|p2a: Talonflame|Tailwind|p2a: Talonflame\n|-sidestart|p2: Royalzug|move: Tailwind\n|move|p1a: Orthworm|Shed Tail|p1a: Orthworm\n|-start|p1a: Orthworm|Substitute|[from] move: Shed Tail\n|-damage|p1a: Orthworm|50\/100\n|-enditem|p1a: Orthworm|Sitrus Berry|[eat]\n|-heal|p1a: Orthworm|75\/100|[from] item: Sitrus Berry\n|inactive|MarioOnPS4 has 30 seconds left.\n|\n|t:|1682178566\n|switch|p1a: Arcanine|Arcanine, L50, M|100\/100|[from] Shed Tail\n|-ability|p1a: Arcanine|Intimidate|boost\n|-unboost|p2a: Talonflame|atk|1\n|-unboost|p2b: Flutter Mane|atk|1\n|move|p1b: Ting-Lu|Heavy Slam|p2b: Flutter Mane\n|-activate|p2b: Flutter Mane|move: Protect\n|\n|upkeep\n|turn|2\n|inactive|Royalzug has 30 seconds left.\n|\n|t:|1682178593\n|-end|p2b: Flutter Mane|Protosynthesis|[silent]\n|switch|p2b: Gyarados|Gyarados, L50, F, shiny|100\/100\n|-ability|p2b: Gyarados|Intimidate|boost\n|-immune|p1a: Arcanine\n|-unboost|p1b: Ting-Lu|atk|1\n|move|p1a: Arcanine|Extreme Speed|p2a: Talonflame\n|-damage|p2a: Talonflame|68\/100\n|move|p2a: Talonflame|Will-O-Wisp|p1b: Ting-Lu\n|-status|p1b: Ting-Lu|brn\n|move|p1b: Ting-Lu|Heavy Slam|p2b: Gyarados\n|-resisted|p2b: Gyarados\n|-damage|p2b: Gyarados|97\/100\n|\n|-damage|p1b: Ting-Lu|94\/100 brn|[from] brn\n|upkeep\n|turn|3\n|inactive|MarioOnPS4 has 30 seconds left.\n|inactive|Royalzug has 30 seconds left.\n|\n|t:|1682178627\n|switch|p2a: Baxcalibur|Baxcalibur, L50, F|100\/100\n|switch|p1b: Orthworm|Orthworm, L50, F|75\/100\n|move|p2b: Gyarados|Waterfall|p1a: Arcanine\n|-supereffective|p1a: Arcanine\n|-end|p1a: Arcanine|Substitute\n|move|p1a: Arcanine|Will-O-Wisp|p2b: Gyarados|[miss]\n|-miss|p1a: Arcanine|p2b: Gyarados\n|\n|upkeep\n|turn|4\n|inactive|Royalzug has 30 seconds left.\n|inactive|Royalzug has 20 seconds left.\n|\n|t:|1682178663\n|-terastallize|p2a: Baxcalibur|Electric\n|move|p1a: Arcanine|Protect|p1a: Arcanine\n|-singleturn|p1a: Arcanine|Protect\n|move|p2a: Baxcalibur|Tera Blast|p1b: Orthworm\n|-damage|p1b: Orthworm|45\/100\n|move|p2b: Gyarados|Waterfall|p1a: Arcanine\n|-activate|p1a: Arcanine|move: Protect\n|move|p1b: Orthworm|Iron Defense|p1b: Orthworm\n|-boost|p1b: Orthworm|def|2\n|\n|-sideend|p2: Royalzug|move: Tailwind\n|upkeep\n|turn|5\n|inactive|MarioOnPS4 has 30 seconds left.\n|\n|t:|1682178695\n|switch|p1a: Iron Hands|Iron Hands, L50|100\/100\n|move|p2a: Baxcalibur|Tera Blast|p1b: Orthworm\n|-damage|p1b: Orthworm|27\/100\n|move|p2b: Gyarados|Waterfall|p1a: Iron Hands\n|-damage|p1a: Iron Hands|75\/100\n|move|p1b: Orthworm|Body Press|p2a: Baxcalibur\n|-damage|p2a: Baxcalibur|44\/100\n|\n|-heal|p1a: Iron Hands|81\/100|[from] item: Leftovers\n|upkeep\n|turn|6\n|inactive|Royalzug has 30 seconds left.\n|inactive|Royalzug has 20 seconds left.\n|\n|t:|1682178730\n|switch|p2a: Flutter Mane|Flutter Mane, L50|100\/100\n|move|p2b: Gyarados|Waterfall|p1b: Orthworm\n|-damage|p1b: Orthworm|13\/100\n|move|p1b: Orthworm|Body Press|p2a: Flutter Mane\n|-immune|p2a: Flutter Mane\n|move|p1a: Iron Hands|Wild Charge|p2b: Gyarados\n|-supereffective|p2b: Gyarados\n|-damage|p2b: Gyarados|0 fnt\n|faint|p2b: Gyarados\n|-damage|p1a: Iron Hands|65\/100|[from] Recoil\n|\n|-heal|p1a: Iron Hands|71\/100|[from] item: Leftovers\n|upkeep\n|\n|t:|1682178748\n|switch|p2b: Talonflame|Talonflame, L50, F|68\/100\n|turn|7\n|\n|t:|1682178764\n|-end|p1a: Iron Hands|Quark Drive|[silent]\n|switch|p1a: Ting-Lu|Ting-Lu, L50, tera:Poison|94\/100 brn\n|-ability|p1a: Ting-Lu|Vessel of Ruin\n|move|p2b: Talonflame|Tailwind|p2b: Talonflame\n|-sidestart|p2: Royalzug|move: Tailwind\n|move|p2a: Flutter Mane|Dazzling Gleam|p1b: Orthworm|[spread] p1a,p1b\n|-resisted|p1a: Ting-Lu\n|-resisted|p1b: Orthworm\n|-crit|p1b: Orthworm\n|-damage|p1a: Ting-Lu|88\/100 brn\n|-damage|p1b: Orthworm|0 fnt\n|faint|p1b: Orthworm\n|\n|-damage|p1a: Ting-Lu|82\/100 brn|[from] brn\n|upkeep\n|\n|t:|1682178773\n|switch|p1b: Arcanine|Arcanine, L50, M|100\/100\n|-ability|p1b: Arcanine|Intimidate|boost\n|-unboost|p2a: Flutter Mane|atk|1\n|-unboost|p2b: Talonflame|atk|1\n|turn|8\n|inactive|Royalzug has 30 seconds left.\n|inactive|Royalzug has 20 seconds left.\n|inactive|Royalzug has 15 seconds left.\n|\n|t:|1682178816\n|switch|p2b: Baxcalibur|Baxcalibur, L50, F, tera:Electric|44\/100\n|move|p2a: Flutter Mane|Protect|p2a: Flutter Mane\n|-singleturn|p2a: Flutter Mane|Protect\n|move|p1b: Arcanine|Flare Blitz|p2a: Flutter Mane\n|-activate|p2a: Flutter Mane|move: Protect\n|move|p1a: Ting-Lu|Throat Chop|p2a: Flutter Mane\n|-activate|p2a: Flutter Mane|move: Protect\n|\n|-damage|p1a: Ting-Lu|76\/100 brn|[from] brn\n|upkeep\n|turn|9\n|inactive|MarioOnPS4 has 30 seconds left.\n|\n|t:|1682178843\n|move|p1b: Arcanine|Protect|p1b: Arcanine\n|-singleturn|p1b: Arcanine|Protect\n|move|p2a: Flutter Mane|Shadow Ball|p1a: Ting-Lu\n|-damage|p1a: Ting-Lu|59\/100 brn\n|move|p2b: Baxcalibur|Earthquake|p1a: Ting-Lu|[spread] p2a,p1a\n|-activate|p1b: Arcanine|move: Protect\n|-supereffective|p1a: Ting-Lu\n|-damage|p2a: Flutter Mane|57\/100\n|-damage|p1a: Ting-Lu|30\/100 brn\n|move|p1a: Ting-Lu|Earthquake|p2b: Baxcalibur|[spread] p2a,p2b\n|-activate|p1b: Arcanine|move: Protect\n|-supereffective|p2b: Baxcalibur\n|-damage|p2a: Flutter Mane|33\/100\n|-damage|p2b: Baxcalibur|12\/100\n|\n|-damage|p1a: Ting-Lu|24\/100 brn|[from] brn\n|upkeep\n|turn|10\n|inactive|MarioOnPS4 has 30 seconds left.\n|inactive|MarioOnPS4 has 20 seconds left.\n|\n|t:|1682178881\n|move|p2a: Flutter Mane|Protect|p2a: Flutter Mane\n|-singleturn|p2a: Flutter Mane|Protect\n|move|p1b: Arcanine|Extreme Speed|p2b: Baxcalibur\n|-damage|p2b: Baxcalibur|0 fnt\n|faint|p2b: Baxcalibur\n|move|p1a: Ting-Lu|Heavy Slam|p2a: Flutter Mane\n|-activate|p2a: Flutter Mane|move: Protect\n|\n|-damage|p1a: Ting-Lu|18\/100 brn|[from] brn\n|-sideend|p2: Royalzug|move: Tailwind\n|upkeep\n|\n|t:|1682178887\n|switch|p2b: Talonflame|Talonflame, L50, F|68\/100\n|turn|11\n|\n|t:|1682178911\n|move|p2b: Talonflame|Brave Bird|p1a: Ting-Lu\n|-damage|p1a: Ting-Lu|2\/100 brn\n|-damage|p2b: Talonflame|61\/100|[from] Recoil\n|move|p2a: Flutter Mane|Shadow Ball|p1b: Arcanine\n|-damage|p1b: Arcanine|68\/100\n|move|p1b: Arcanine|Flare Blitz|p2a: Flutter Mane\n|-damage|p2a: Flutter Mane|0 fnt\n|faint|p2a: Flutter Mane\n|-end|p2a: Flutter Mane|Protosynthesis|[silent]\n|-damage|p1b: Arcanine|60\/100|[from] Recoil\n|move|p1a: Ting-Lu|Ruination|p2b: Talonflame\n|-damage|p2b: Talonflame|31\/100\n|\n|-damage|p1a: Ting-Lu|0 fnt|[from] brn\n|faint|p1a: Ting-Lu\n|upkeep\n|\n|t:|1682178924\n|switch|p1a: Iron Hands|Iron Hands, L50|71\/100\n|turn|12\n|\n|t:|1682178929\n|move|p1b: Arcanine|Extreme Speed|p2b: Talonflame\n|-damage|p2b: Talonflame|0 fnt\n|faint|p2b: Talonflame\n|\n|win|MarioOnPS4\n|raw|MarioOnPS4's rating: 1292 → 1310<\/strong> (+18 for winning)\n|raw|Royalzug's rating: 1197 → 1179<\/strong> (-18 for losing)\n","uploadtime":1682178938,"views":4,"p1id":"marioonps4","p2id":"royalzug","formatid":"gen9vgc2023regulationc","rating":1179,"private":0,"password":""}