{"id":"gen9vgc2023regulationc-1862186648","p1":"Poison bird 10","p2":"Guest 5045454","format":"[Gen 9] VGC 2023 Regulation C","log":"|j|\u2606Poison bird 10\n|j|\u203dGuest 5045454\n|t:|1683846884\n|gametype|doubles\n|player|p1|Poison bird 10|101|\n|player|p2|Guest 5045454|102|\n|teamsize|p1|6\n|teamsize|p2|6\n|gen|9\n|tier|[Gen 9] VGC 2023 Regulation C\n|rule|Species Clause: Limit one of each Pok\u00e9mon\n|rule|Item Clause: Limit one of each item\n|clearpoke\n|poke|p1|Azumarill, L50, M|\n|poke|p1|Amoonguss, L50, M|\n|poke|p1|Maushold, L50|\n|poke|p1|Flamigo, L50, M|\n|poke|p1|Corviknight, L50, F|\n|poke|p1|Arcanine, L50, M|\n|poke|p2|Sandy Shocks, L50|\n|poke|p2|Flapple, L50, F|\n|poke|p2|Maushold, L50|\n|poke|p2|Annihilape, L50, F|\n|poke|p2|Iron Bundle, L50|\n|poke|p2|Arcanine, L50, M|\n|teampreview|4\nGuest 5045454 rejected open team sheets.\n|\n|t:|1683846912\n|start\n|switch|p1a: Corviknight|Corviknight, L50, F|100\/100\n|switch|p1b: Amoonguss|Amoonguss, L50, M|100\/100\n|switch|p2a: Annihilape|Annihilape, L50, F|100\/100\n|switch|p2b: Maushold|Maushold, L50|100\/100\n|turn|1\n|\n|t:|1683846932\n|move|p2b: Maushold|Beat Up|p2a: Annihilape\n|-damage|p2a: Annihilape|99\/100\n|-damage|p2a: Annihilape|97\/100\n|-damage|p2a: Annihilape|95\/100\n|-damage|p2a: Annihilape|93\/100\n|-hitcount|p2a: Annihilape|4\n|move|p2a: Annihilape|Drain Punch|p1a: Corviknight\n|-damage|p1a: Corviknight|66\/100\n|-heal|p2a: Annihilape|100\/100|[from] drain|[of] p1a: Corviknight\n|move|p1a: Corviknight|Drill Peck|p2a: Annihilape\n|-supereffective|p2a: Annihilape\n|-damage|p2a: Annihilape|50\/100\n|-enditem|p2a: Annihilape|Sitrus Berry|[eat]\n|-heal|p2a: Annihilape|75\/100|[from] item: Sitrus Berry\n|move|p1b: Amoonguss|Spore|p2a: Annihilape\n|-immune|p2a: Annihilape|[from] ability: Vital Spirit\n|\n|upkeep\n|turn|2\n|\n|t:|1683846960\n|move|p2b: Maushold|Follow Me|p2b: Maushold\n|-singleturn|p2b: Maushold|move: Follow Me\n|move|p2a: Annihilape|Rage Fist|p1a: Corviknight\n|-damage|p1a: Corviknight|0 fnt\n|faint|p1a: Corviknight\n|move|p1b: Amoonguss|Pollen Puff|p2b: Maushold\n|-damage|p2b: Maushold|80\/100\n|\n|upkeep\n|\n|t:|1683846971\n|switch|p1a: Flamigo|Flamigo, L50, M|100\/100\n|-copyboost|p1a: Flamigo|p1b: Amoonguss|[from] ability: Costar\n|turn|3\n|\n|t:|1683846991\n|move|p2b: Maushold|Protect|p2b: Maushold\n|-singleturn|p2b: Maushold|Protect\n|move|p1a: Flamigo|Brave Bird|p2a: Annihilape\n|-supereffective|p2a: Annihilape\n|-damage|p2a: Annihilape|0 fnt\n|faint|p2a: Annihilape\n|-damage|p1a: Flamigo|67\/100|[from] Recoil\n|move|p1b: Amoonguss|Pollen Puff|p1a: Flamigo\n|-heal|p1a: Flamigo|100\/100\n|\n|upkeep\n|\n|t:|1683847002\n|switch|p2a: Arcanine|Arcanine, L50, M|100\/100\n|turn|4\n|\n|t:|1683847017\n|move|p2b: Maushold|Beat Up|p2a: Arcanine\n|-damage|p2a: Arcanine|97\/100\n|-ability|p2a: Arcanine|Justified|boost\n|-boost|p2a: Arcanine|atk|1\n|-damage|p2a: Arcanine|95\/100\n|-ability|p2a: Arcanine|Justified|boost\n|-boost|p2a: Arcanine|atk|1\n|-damage|p2a: Arcanine|93\/100\n|-ability|p2a: Arcanine|Justified|boost\n|-boost|p2a: Arcanine|atk|1\n|-hitcount|p2a: Arcanine|3\n|move|p2a: Arcanine|Flare Blitz|p1a: Flamigo\n|-enditem|p1a: Flamigo|Focus Sash\n|-damage|p1a: Flamigo|1\/100\n|-damage|p2a: Arcanine|62\/100|[from] Recoil\n|move|p1a: Flamigo|Close Combat|p2b: Maushold\n|-supereffective|p2b: Maushold\n|-damage|p2b: Maushold|0 fnt\n|-unboost|p1a: Flamigo|def|1\n|-unboost|p1a: Flamigo|spd|1\n|faint|p2b: Maushold\n|move|p1b: Amoonguss|Spore|p2a: Arcanine\n|-status|p2a: Arcanine|slp|[from] move: Spore\n|\n|upkeep\n|\n|t:|1683847028\n|switch|p2b: Iron Bundle|Iron Bundle, L50|100\/100\n|-enditem|p2b: Iron Bundle|Booster Energy\n|-activate|p2b: Iron Bundle|ability: Quark Drive|[fromitem]\n|-start|p2b: Iron Bundle|quarkdrivespe\n|turn|5\n|\n|t:|1683847047\n|move|p2b: Iron Bundle|Icy Wind|p1a: Flamigo|[spread] p1a,p1b\n|-supereffective|p1a: Flamigo\n|-supereffective|p1b: Amoonguss\n|-damage|p1a: Flamigo|0 fnt\n|-damage|p1b: Amoonguss|71\/100\n|-unboost|p1b: Amoonguss|spe|1\n|faint|p1a: Flamigo\n|cant|p2a: Arcanine|slp\n|move|p1b: Amoonguss|Pollen Puff|p1: Flamigo|[notarget]\n|-fail|p1b: Amoonguss\n|\n|upkeep\n|\n|t:|1683847057\n|switch|p1a: Arcanine|Arcanine, L50, M|100\/100\n|-ability|p1a: Arcanine|Intimidate|boost\n|-unboost|p2a: Arcanine|atk|1\n|-unboost|p2b: Iron Bundle|atk|1\n|turn|6\n|\n|t:|1683847080\n|move|p2b: Iron Bundle|Protect|p2b: Iron Bundle\n|-singleturn|p2b: Iron Bundle|Protect\n|move|p1b: Amoonguss|Rage Powder|p1b: Amoonguss\n|-singleturn|p1b: Amoonguss|move: Rage Powder\n|-curestatus|p2a: Arcanine|slp|[msg]\n|move|p2a: Arcanine|Flare Blitz|p1b: Amoonguss\n|-supereffective|p1b: Amoonguss\n|-damage|p1b: Amoonguss|0 fnt\n|faint|p1b: Amoonguss\n|-damage|p2a: Arcanine|31\/100|[from] Recoil\n|move|p1a: Arcanine|Wild Charge|p2b: Iron Bundle\n|-activate|p2b: Iron Bundle|move: Protect\n|\n|upkeep\n|turn|7\n|\n|t:|1683847097\n|-terastallize|p1a: Arcanine|Normal\n|move|p2a: Arcanine|Extreme Speed|p1a: Arcanine\n|-damage|p1a: Arcanine|40\/100\n|move|p1a: Arcanine|Extreme Speed|p2a: Arcanine\n|-damage|p2a: Arcanine|0 fnt\n|faint|p2a: Arcanine\n|move|p2b: Iron Bundle|Hydro Pump|p1a: Arcanine\n|-damage|p1a: Arcanine|0 fnt\n|faint|p1a: Arcanine\n|\n|win|Guest 5045454\n","uploadtime":1683847109,"views":9,"p1id":"poisonbird10","p2id":"guest5045454","formatid":"gen9vgc2023regulationc","rating":0,"private":0,"password":""}