{"id":"gen9vgc2023regulationc-1853487543","p1":"Why I hear boss","p2":"bubbuccaccino","format":"[Gen 9] VGC 2023 Regulation C","log":"|j|\u2606Why I hear boss\n|j|\u2606bubbuccaccino\n|t:|1682690047\n|gametype|doubles\n|player|p1|Why I hear boss|aromalady|1216\n|player|p2|bubbuccaccino|102|1322\n|teamsize|p1|6\n|teamsize|p2|6\n|gen|9\n|tier|[Gen 9] VGC 2023 Regulation C\n|rated|\n|rule|Species Clause: Limit one of each Pok\u00e9mon\n|rule|Item Clause: Limit one of each item\n|clearpoke\n|poke|p1|Oranguru, L50, F|\n|poke|p1|Torkoal, L50, F|\n|poke|p1|Kingambit, L50, F|\n|poke|p1|Annihilape, L50, F|\n|poke|p1|Iron Hands, L50|\n|poke|p1|Gholdengo, L50|\n|poke|p2|Palafin, L50, F|\n|poke|p2|Flutter Mane, L50|\n|poke|p2|Arcanine, L50, F|\n|poke|p2|Ting-Lu, L50|\n|poke|p2|Amoonguss, L50, M|\n|poke|p2|Kingambit, L50, M|\n|teampreview|4\n|inactive|Battle timer is ON: inactive players will automatically lose when time's up. (requested by Why I hear boss)\n|\n|t:|1682690071\n|start\n|switch|p1a: Oranguru|Oranguru, L50, F|100\/100\n|switch|p1b: Annihilape|Annihilape, L50, F|100\/100\n|switch|p2a: Ting-Lu|Ting-Lu, L50|100\/100\n|switch|p2b: Arcanine|Arcanine, L50, F|100\/100\n|-ability|p2b: Arcanine|Intimidate|boost\n|-fail|p1a: Oranguru|unboost|Attack|[from] ability: Inner Focus|[of] p1a: Oranguru\n|-fail|p1b: Annihilape|unboost|Attack|[from] ability: Inner Focus|[of] p1b: Annihilape\n|-ability|p2a: Ting-Lu|Vessel of Ruin\n|turn|1\n|\n|t:|1682690094\n|switch|p2b: Amoonguss|Amoonguss, L50, M|100\/100\n|move|p1b: Annihilape|Final Gambit|p2b: Amoonguss\n|-damage|p2b: Amoonguss|1\/100\n|faint|p1b: Annihilape\n|move|p2a: Ting-Lu|Stomping Tantrum|p1a: Oranguru\n|-damage|p1a: Oranguru|65\/100\n|move|p1a: Oranguru|Trick Room|p1a: Oranguru\n|-fieldstart|move: Trick Room|[of] p1a: Oranguru\n|\n|upkeep\n|\n|t:|1682690104\n|switch|p1b: Torkoal|Torkoal, L50, F|100\/100\n|-weather|SunnyDay|[from] ability: Drought|[of] p1b: Torkoal\n|turn|2\n|\n|t:|1682690118\n|-terastallize|p1b: Torkoal|Fire\n|move|p2b: Amoonguss|Protect|p2b: Amoonguss\n|-singleturn|p2b: Amoonguss|Protect\n|move|p1b: Torkoal|Eruption|p2a: Ting-Lu|[spread] p2a\n|-activate|p2b: Amoonguss|move: Protect\n|-damage|p2a: Ting-Lu|55\/100\n|move|p1a: Oranguru|Instruct|p1b: Torkoal\n|-singleturn|p1b: Torkoal|move: Instruct|[of] p1a: Oranguru\n|move|p1b: Torkoal|Eruption|p2a: Ting-Lu|[spread] p2a\n|-activate|p2b: Amoonguss|move: Protect\n|-damage|p2a: Ting-Lu|10\/100\n|move|p2a: Ting-Lu|Earthquake|p1a: Oranguru|[spread] p1a,p1b\n|-activate|p2b: Amoonguss|move: Protect\n|-supereffective|p1b: Torkoal\n|-damage|p1a: Oranguru|30\/100\n|-damage|p1b: Torkoal|45\/100\n|\n|-weather|SunnyDay|[upkeep]\n|upkeep\n|turn|3\n|inactive|Why I hear boss has 30 seconds left.\n|\n|t:|1682690145\n|switch|p2b: Arcanine|Arcanine, L50, F|100\/100\n|-ability|p2b: Arcanine|Intimidate|boost\n|-fail|p1a: Oranguru|unboost|Attack|[from] ability: Inner Focus|[of] p1a: Oranguru\n|-unboost|p1b: Torkoal|atk|1\n|move|p1b: Torkoal|Eruption|p2a: Ting-Lu|[spread] p2a,p2b\n|-resisted|p2b: Arcanine\n|-damage|p2a: Ting-Lu|0 fnt\n|-damage|p2b: Arcanine|80\/100\n|faint|p2a: Ting-Lu\n|move|p1a: Oranguru|Instruct|p1b: Torkoal\n|-singleturn|p1b: Torkoal|move: Instruct|[of] p1a: Oranguru\n|move|p1b: Torkoal|Eruption|p2b: Arcanine\n|-resisted|p2b: Arcanine\n|-damage|p2b: Arcanine|39\/100\n|\n|-weather|SunnyDay|[upkeep]\n|upkeep\n|\n|t:|1682690156\n|switch|p2a: Kingambit|Kingambit, L50, M|100\/100\n|turn|4\n|\n|t:|1682690168\n|switch|p1b: Iron Hands|Iron Hands, L50|100\/100\n|move|p2b: Arcanine|Extreme Speed|p1b: Iron Hands\n|-damage|p1b: Iron Hands|84\/100\n|move|p2a: Kingambit|Sucker Punch||[still]\n|-fail|p2a: Kingambit\n|move|p1a: Oranguru|Yawn|p2a: Kingambit\n|-start|p2a: Kingambit|move: Yawn|[of] p1a: Oranguru\n|\n|-weather|SunnyDay|[upkeep]\n|upkeep\n|turn|5\n|\n|t:|1682690184\n|switch|p2a: Amoonguss|Amoonguss, L50, M|35\/100\n|move|p2b: Arcanine|Extreme Speed|p1a: Oranguru\n|-damage|p1a: Oranguru|8\/100\n|move|p1b: Iron Hands|Drain Punch|p2a: Amoonguss\n|-resisted|p2a: Amoonguss\n|-damage|p2a: Amoonguss|15\/100\n|-heal|p1b: Iron Hands|93\/100|[from] drain|[of] p2a: Amoonguss\n|-damage|p1b: Iron Hands|77\/100|[from] item: Rocky Helmet|[of] p2a: Amoonguss\n|move|p1a: Oranguru|Foul Play|p2b: Arcanine\n|-damage|p2b: Arcanine|10\/100\n|\n|-weather|SunnyDay|[upkeep]\n|-fieldend|move: Trick Room\n|upkeep\n|turn|6\n|\n|t:|1682690205\n|move|p2b: Arcanine|Extreme Speed|p1a: Oranguru\n|-damage|p1a: Oranguru|0 fnt\n|faint|p1a: Oranguru\n|move|p1b: Iron Hands|Drain Punch|p2a: Amoonguss\n|-resisted|p2a: Amoonguss\n|-damage|p2a: Amoonguss|0 fnt\n|-heal|p1b: Iron Hands|84\/100|[from] drain|[of] p2a: Amoonguss\n|-damage|p1b: Iron Hands|67\/100|[from] item: Rocky Helmet|[of] p2a: Amoonguss\n|faint|p2a: Amoonguss\n|\n|-weather|none\n|upkeep\n|\n|t:|1682690215\n|switch|p1a: Torkoal|Torkoal, L50, F, tera:Fire|45\/100\n|switch|p2a: Kingambit|Kingambit, L50, M|100\/100\n|-weather|SunnyDay|[from] ability: Drought|[of] p1a: Torkoal\n|turn|7\n|\n|t:|1682690224\n|-terastallize|p2a: Kingambit|Dark\n|move|p2b: Arcanine|Flare Blitz|p1b: Iron Hands\n|-crit|p1b: Iron Hands\n|-damage|p1b: Iron Hands|0 fnt\n|faint|p1b: Iron Hands\n|-end|p1b: Iron Hands|Quark Drive|[silent]\n|-damage|p2b: Arcanine|0 fnt|[from] Recoil\n|faint|p2b: Arcanine\n|move|p2a: Kingambit|Kowtow Cleave|p1a: Torkoal\n|-damage|p1a: Torkoal|0 fnt\n|faint|p1a: Torkoal\n|\n|win|bubbuccaccino\n|raw|Why I hear boss's rating: 1245 → 1225<\/strong> (-20 for losing)\n|raw|bubbuccaccino's rating: 1322 → 1338<\/strong> (+16 for winning)\n|l|\u2606bubbuccaccino\n","uploadtime":1682690240,"views":12,"p1id":"whyihearboss","p2id":"bubbuccaccino","formatid":"gen9vgc2023regulationc","rating":1225,"private":0,"password":""}