{"id":"gen9vgc2023regulationc-1849879089","p1":"LightnidoMcQueen","p2":"a-person-person","format":"[Gen 9] VGC 2023 Regulation C","log":"|j|\u2606LightnidoMcQueen\n|j|\u2606a-person-person\n|t:|1682263758\n|gametype|doubles\n|player|p1|LightnidoMcQueen|policeman-gen4|\n|player|p2|a-person-person|266|\n|teamsize|p1|6\n|teamsize|p2|6\n|gen|9\n|tier|[Gen 9] VGC 2023 Regulation C\n|rule|Species Clause: Limit one of each Pok\u00e9mon\n|rule|Item Clause: Limit one of each item\n|clearpoke\n|poke|p1|Tyranitar, L50, M|\n|poke|p1|Lycanroc, L50, F|\n|poke|p1|Flutter Mane, L50|\n|poke|p1|Corviknight, L50, M|\n|poke|p1|Garchomp, L50, F|\n|poke|p1|Indeedee-F, L50, F|\n|poke|p2|Chien-Pao, L50|\n|poke|p2|Gholdengo, L50|\n|poke|p2|Arcanine, L50, F|\n|poke|p2|Palafin, L50, F|\n|poke|p2|Dragonite, L50, M|\n|poke|p2|Amoonguss, L50, F|\n|teampreview|4\n|\n|t:|1682263800\n|start\n|switch|p1a: Corviknight|Corviknight, L50, M|100\/100\n|switch|p1b: Flutter Mane|Flutter Mane, L50|100\/100\n|switch|p2a: Palafin|Palafin, L50, F|100\/100\n|switch|p2b: Gholdengo|Gholdengo, L50|100\/100\n|-ability|p1a: Corviknight|Pressure\n|turn|1\n|\n|t:|1682263825\n|detailschange|p2a: Palafin|Palafin-Hero, L50, F\n|switch|p2a: Arcanine|Arcanine, L50, F|100\/100\n|-ability|p2a: Arcanine|Intimidate|boost\n|-unboost|p1a: Corviknight|atk|1\n|-unboost|p1b: Flutter Mane|atk|1\n|-terastallize|p2b: Gholdengo|Water\n|move|p1b: Flutter Mane|Protect|p1b: Flutter Mane\n|-singleturn|p1b: Flutter Mane|Protect\n|move|p2b: Gholdengo|Nasty Plot|p2b: Gholdengo\n|-boost|p2b: Gholdengo|spa|2\n|move|p1a: Corviknight|Tailwind|p1a: Corviknight\n|-sidestart|p1: LightnidoMcQueen|move: Tailwind\n|\n|upkeep\n|turn|2\n|\n|t:|1682263885\n|move|p1b: Flutter Mane|Shadow Ball|p2b: Gholdengo\n|-damage|p2b: Gholdengo|61\/100\n|move|p1a: Corviknight|Brave Bird|p2b: Gholdengo\n|-damage|p2b: Gholdengo|31\/100\n|-enditem|p2b: Gholdengo|Sitrus Berry|[eat]\n|-heal|p2b: Gholdengo|56\/100|[from] item: Sitrus Berry\n|-damage|p1a: Corviknight|93\/100|[from] Recoil\n|move|p2a: Arcanine|Flare Blitz|p1a: Corviknight\n|-supereffective|p1a: Corviknight\n|-damage|p1a: Corviknight|39\/100\n|-enditem|p1a: Corviknight|Sitrus Berry|[eat]\n|-heal|p1a: Corviknight|64\/100|[from] item: Sitrus Berry\n|-damage|p2a: Arcanine|79\/100|[from] Recoil\n|move|p2b: Gholdengo|Make It Rain|p1b: Flutter Mane|[spread] p1a,p1b\n|-resisted|p1a: Corviknight\n|-supereffective|p1b: Flutter Mane\n|-damage|p1a: Corviknight|15\/100\n|-damage|p1b: Flutter Mane|0 fnt\n|-unboost|p2b: Gholdengo|spa|1\n|faint|p1b: Flutter Mane\n|-end|p1b: Flutter Mane|Protosynthesis|[silent]\n|\n|upkeep\n|\n|t:|1682263891\n|switch|p1b: Tyranitar|Tyranitar, L50, M|100\/100\n|-weather|Sandstorm|[from] ability: Sand Stream|[of] p1b: Tyranitar\n|turn|3\n|\n|t:|1682263911\n|switch|p2a: Amoonguss|Amoonguss, L50, F|100\/100\n|move|p1b: Tyranitar|Rock Slide|p2a: Amoonguss|[spread] p2a,p2b\n|-damage|p2a: Amoonguss|83\/100\n|-damage|p2b: Gholdengo|25\/100\n|move|p1a: Corviknight|Brave Bird|p2b: Gholdengo\n|-damage|p2b: Gholdengo|0 fnt\n|faint|p2b: Gholdengo\n|-damage|p1a: Corviknight|9\/100|[from] Recoil\n|\n|-weather|Sandstorm|[upkeep]\n|-damage|p2a: Amoonguss|77\/100|[from] Sandstorm\n|upkeep\n|\n|t:|1682263920\n|switch|p2b: Palafin|Palafin-Hero, L50, F|100\/100\n|-activate|p2b: Palafin|ability: Zero to Hero\n|turn|4\n|\n|t:|1682263947\n|-terastallize|p1b: Tyranitar|Flying\n|move|p2b: Palafin|Jet Punch|p1a: Corviknight\n|-damage|p1a: Corviknight|0 fnt\n|faint|p1a: Corviknight\n|move|p1b: Tyranitar|Tera Blast|p2a: Amoonguss\n|-supereffective|p2a: Amoonguss\n|-damage|p2a: Amoonguss|20\/100\n|move|p2a: Amoonguss|Spore|p1b: Tyranitar\n|-status|p1b: Tyranitar|slp|[from] move: Spore\n|\n|-weather|Sandstorm|[upkeep]\n|-damage|p1b: Tyranitar|95\/100 slp|[from] Sandstorm\n|-damage|p2b: Palafin|95\/100|[from] Sandstorm\n|-damage|p2a: Amoonguss|14\/100|[from] Sandstorm\n|-sideend|p1: LightnidoMcQueen|move: Tailwind\n|upkeep\n|\n|t:|1682263951\n|switch|p1a: Garchomp|Garchomp, L50, F|100\/100\n|turn|5\n|\n|t:|1682263964\n|switch|p2a: Arcanine|Arcanine, L50, F|79\/100\n|-ability|p2a: Arcanine|Intimidate|boost\n|-unboost|p1a: Garchomp|atk|1\n|-unboost|p1b: Tyranitar|atk|1\n|move|p1a: Garchomp|Swords Dance|p1a: Garchomp\n|-boost|p1a: Garchomp|atk|2\n|move|p2b: Palafin|Wave Crash|p1a: Garchomp|[miss]\n|-miss|p2b: Palafin|p1a: Garchomp\n|cant|p1b: Tyranitar|slp\n|\n|-weather|Sandstorm|[upkeep]\n|-damage|p2b: Palafin|89\/100|[from] Sandstorm\n|-damage|p1b: Tyranitar|89\/100 slp|[from] Sandstorm\n|upkeep\n|turn|6\n|\n|t:|1682263977\n|move|p1a: Garchomp|Earthquake|p2a: Arcanine|[spread] p2a,p2b\n|-immune|p1b: Tyranitar\n|-supereffective|p2a: Arcanine\n|-damage|p2a: Arcanine|0 fnt\n|-damage|p2b: Palafin|37\/100\n|faint|p2a: Arcanine\n|move|p2b: Palafin|Wave Crash|p1a: Garchomp\n|-damage|p1a: Garchomp|13\/100\n|-damage|p2b: Palafin|10\/100|[from] Recoil\n|cant|p1b: Tyranitar|slp\n|\n|-weather|Sandstorm|[upkeep]\n|-damage|p2b: Palafin|4\/100|[from] Sandstorm\n|-damage|p1b: Tyranitar|83\/100 slp|[from] Sandstorm\n|upkeep\n|\n|t:|1682263984\n|switch|p2a: Amoonguss|Amoonguss, L50, F|47\/100\n|turn|7\n|\n|t:|1682263997\n|move|p2b: Palafin|Jet Punch|p1a: Garchomp|[miss]\n|-miss|p2b: Palafin|p1a: Garchomp\n|move|p1a: Garchomp|Earthquake|p2a: Amoonguss|[spread] p2a,p2b\n|-immune|p1b: Tyranitar\n|-damage|p2a: Amoonguss|5\/100\n|-damage|p2b: Palafin|0 fnt\n|faint|p2b: Palafin\n|cant|p1b: Tyranitar|slp\n|move|p2a: Amoonguss|Pollen Puff|p2: Palafin|[notarget]\n|-fail|p2a: Amoonguss\n|\n|-weather|none\n|upkeep\n|turn|8\n|-message|a-person-person forfeited.\n|\n|win|LightnidoMcQueen\n|c|\u2606LightnidoMcQueen|Gg\n|c|\u2606a-person-person|gg\n|l|\u2606LightnidoMcQueen\n","uploadtime":1682264659,"views":7,"p1id":"lightnidomcqueen","p2id":"apersonperson","formatid":"gen9vgc2023regulationc","rating":0,"private":0,"password":""}