{"id":"gen9vgc2023regulationc-1855962982","p1":"lttrm","p2":"Emberbloom","format":"[Gen 9] VGC 2023 Regulation C","log":"|j|\u2606lttrm\n|j|\u2606Emberbloom\n|t:|1683008158\n|gametype|doubles\n|player|p1|lttrm|janitor|1326\n|player|p2|Emberbloom|flannery|1407\n|teamsize|p1|6\n|teamsize|p2|6\n|gen|9\n|tier|[Gen 9] VGC 2023 Regulation C\n|rated|\n|rule|Species Clause: Limit one of each Pok\u00e9mon\n|rule|Item Clause: Limit one of each item\n|clearpoke\n|poke|p1|Garchomp, L50, F|\n|poke|p1|Grimmsnarl, L50, M|\n|poke|p1|Meowscarada, L50, F|\n|poke|p1|Iron Bundle, L50|\n|poke|p1|Gyarados, L50, F|\n|poke|p1|Iron Hands, L50|\n|poke|p2|Corviknight, L50, F|\n|poke|p2|Tyranitar, L50, F|\n|poke|p2|Garchomp, L50, F|\n|poke|p2|Amoonguss, L50, M|\n|poke|p2|Arcanine, L50, M|\n|poke|p2|Iron Bundle, L50|\n|teampreview|4\n|\n|t:|1683008212\n|start\n|switch|p1a: Grimmsnarl|Grimmsnarl, L50, M|100\/100\n|switch|p1b: Garchomp|Garchomp, L50, F|100\/100\n|switch|p2a: Corviknight|Corviknight, L50, F, shiny|100\/100\n|switch|p2b: Garchomp|Garchomp, L50, F|100\/100\n|turn|1\n|j| Braindeadmeta\n|\n|t:|1683008251\n|move|p2b: Garchomp|Protect|p2b: Garchomp\n|-singleturn|p2b: Garchomp|Protect\n|move|p1a: Grimmsnarl|Swagger|p2b: Garchomp\n|-activate|p2b: Garchomp|move: Protect\n|move|p1b: Garchomp|Earthquake|p2b: Garchomp|[spread] p1a\n|-activate|p2b: Garchomp|move: Protect\n|-immune|p2a: Corviknight\n|-damage|p1a: Grimmsnarl|68\/100\n|move|p2a: Corviknight|Taunt|p1a: Grimmsnarl\n|-start|p1a: Grimmsnarl|move: Taunt\n|\n|upkeep\n|turn|2\n|\n|t:|1683008286\n|switch|p1a: Iron Hands|Iron Hands, L50|100\/100\n|-terastallize|p1b: Garchomp|Fire\n|move|p1b: Garchomp|Tera Blast|p2a: Corviknight\n|-supereffective|p2a: Corviknight\n|-damage|p2a: Corviknight|33\/100\n|move|p2b: Garchomp|Rock Slide|p1b: Garchomp|[spread] p1a,p1b\n|-resisted|p1a: Iron Hands\n|-supereffective|p1b: Garchomp\n|-damage|p1a: Iron Hands|95\/100\n|-damage|p1b: Garchomp|60\/100\n|move|p2a: Corviknight|Tailwind|p2a: Corviknight\n|-sidestart|p2: Emberbloom|move: Tailwind\n|\n|upkeep\n|turn|3\n|inactive|Battle timer is ON: inactive players will automatically lose when time's up. (requested by lttrm)\n|\n|t:|1683008311\n|switch|p2a: Tyranitar|Tyranitar, L50, F, shiny|100\/100\n|-weather|Sandstorm|[from] ability: Sand Stream|[of] p2a: Tyranitar\n|switch|p1b: Grimmsnarl|Grimmsnarl, L50, M|68\/100\n|move|p2b: Garchomp|Rock Slide|p1a: Iron Hands|[spread] p1a,p1b\n|-resisted|p1a: Iron Hands\n|-damage|p1a: Iron Hands|89\/100\n|-damage|p1b: Grimmsnarl|52\/100\n|move|p1a: Iron Hands|Wild Charge|p2a: Tyranitar\n|-damage|p2a: Tyranitar|55\/100\n|-damage|p1a: Iron Hands|80\/100|[from] Recoil\n|\n|-weather|Sandstorm|[upkeep]\n|-damage|p1b: Grimmsnarl|47\/100|[from] Sandstorm\n|-damage|p1a: Iron Hands|73\/100|[from] Sandstorm\n|upkeep\n|turn|4\n|\n|t:|1683008336\n|-terastallize|p2a: Tyranitar|Flying\n|move|p1b: Grimmsnarl|Reflect|p1b: Grimmsnarl\n|-sidestart|p1: lttrm|Reflect\n|move|p2b: Garchomp|Earthquake|p1a: Iron Hands|[spread] p1a,p1b\n|-immune|p2a: Tyranitar\n|-supereffective|p1a: Iron Hands\n|-crit|p1a: Iron Hands\n|-damage|p1a: Iron Hands|2\/100\n|-damage|p1b: Grimmsnarl|27\/100\n|move|p2a: Tyranitar|Tera Blast|p1a: Iron Hands\n|-crit|p1a: Iron Hands\n|-damage|p1a: Iron Hands|0 fnt\n|faint|p1a: Iron Hands\n|-end|p1a: Iron Hands|Quark Drive|[silent]\n|\n|-weather|Sandstorm|[upkeep]\n|-damage|p2a: Tyranitar|49\/100|[from] Sandstorm\n|-damage|p1b: Grimmsnarl|21\/100|[from] Sandstorm\n|upkeep\n|\n|t:|1683008339\n|switch|p1a: Iron Bundle|Iron Bundle, L50|100\/100\n|-enditem|p1a: Iron Bundle|Booster Energy\n|-activate|p1a: Iron Bundle|ability: Quark Drive|[fromitem]\n|-start|p1a: Iron Bundle|quarkdrivespe\n|turn|5\n|-message|lttrm forfeited.\n|\n|win|Emberbloom\n|raw|lttrm's rating: 1326 → 1311<\/strong> (-15 for losing)\n|raw|Emberbloom's rating: 1407 → 1422<\/strong> (+15 for winning)\n|l|\u2606lttrm\n","uploadtime":1683008352,"views":17,"p1id":"lttrm","p2id":"emberbloom","formatid":"gen9vgc2023regulationc","rating":1311,"private":0,"password":""}