{"id":"gen9vgc2023regulationc-1860490607","p1":"ice0012","p2":"JustABizarreJoJo","format":"[Gen 9] VGC 2023 Regulation C","log":"|j|\u2606ice0012\n|j|\u2606JustABizarreJoJo\n|t:|1683648739\n|gametype|doubles\n|player|p1|ice0012|youngster|1069\n|player|p2|JustABizarreJoJo|nobunaga-conquest|1101\n|teamsize|p1|6\n|teamsize|p2|6\n|gen|9\n|tier|[Gen 9] VGC 2023 Regulation C\n|rated|\n|rule|Species Clause: Limit one of each Pok\u00e9mon\n|rule|Item Clause: Limit one of each item\n|clearpoke\n|poke|p1|Gothitelle, L50, F|\n|poke|p1|Amoonguss, L50, M|\n|poke|p1|Garganacl, L50, M|\n|poke|p1|Gholdengo, L50|\n|poke|p1|Glimmora, L50, M|\n|poke|p1|Slowbro, L50, M|\n|poke|p2|Flutter Mane, L50|\n|poke|p2|Torkoal, L50, M|\n|poke|p2|Great Tusk, L50|\n|poke|p2|Chi-Yu, L50|\n|poke|p2|Jumpluff, L50, M|\n|poke|p2|Kingambit, L50, M|\n|teampreview|4\n|inactive|Battle timer is ON: inactive players will automatically lose when time's up. (requested by ice0012)\n|\n|t:|1683648757\n|start\n|switch|p1a: Gothitelle|Gothitelle, L50, F|100\/100\n|switch|p1b: Glimmora|Glimmora, L50, M|100\/100\n|switch|p2a: Vegas Nights|Flutter Mane, L50|100\/100\n|switch|p2b: RATIO|Chi-Yu, L50|100\/100\n|-ability|p2b: RATIO|Beads of Ruin\n|turn|1\n|\n|t:|1683648778\n|-terastallize|p1b: Glimmora|Rock\n|move|p2b: RATIO|Dark Pulse|p1b: Glimmora\n|-crit|p1b: Glimmora\n|-damage|p1b: Glimmora|1\/100\n|move|p2a: Vegas Nights|Psyshock|p1b: Glimmora\n|-damage|p1b: Glimmora|0 fnt\n|faint|p1b: Glimmora\n|move|p1a: Gothitelle|Trick Room|p1a: Gothitelle\n|-fieldstart|move: Trick Room|[of] p1a: Gothitelle\n|\n|upkeep\n|\n|t:|1683648790\n|switch|p1b: Amoonguss|Amoonguss, L50, M|100\/100\n|turn|2\n|\n|t:|1683648800\n|-terastallize|p2b: RATIO|Grass\n|move|p1b: Amoonguss|Spore|p2b: RATIO\n|-immune|p2b: RATIO\n|move|p1a: Gothitelle|Psychic|p2a: Vegas Nights\n|-damage|p2a: Vegas Nights|67\/100\n|move|p2a: Vegas Nights|Psyshock|p1b: Amoonguss\n|-supereffective|p1b: Amoonguss\n|-damage|p1b: Amoonguss|36\/100\n|move|p2b: RATIO|Dark Pulse|p1b: Amoonguss\n|-damage|p1b: Amoonguss|0 fnt\n|faint|p1b: Amoonguss\n|\n|upkeep\n|\n|t:|1683648812\n|switch|p1b: Garganacl|Garganacl, L50, M|100\/100\n|turn|3\n|\n|t:|1683648829\n|move|p1b: Garganacl|Salt Cure|p2b: RATIO\n|-damage|p2b: RATIO|75\/100\n|-start|p2b: RATIO|Salt Cure\n|move|p1a: Gothitelle|Psychic|p2b: RATIO\n|-damage|p2b: RATIO|38\/100\n|move|p2a: Vegas Nights|Psyshock|p1a: Gothitelle\n|-resisted|p1a: Gothitelle\n|-damage|p1a: Gothitelle|82\/100\n|move|p2b: RATIO|Dark Pulse|p1a: Gothitelle\n|-supereffective|p1a: Gothitelle\n|-crit|p1a: Gothitelle\n|-damage|p1a: Gothitelle|0 fnt\n|faint|p1a: Gothitelle\n|\n|-damage|p2b: RATIO|26\/100|[from] Salt Cure\n|upkeep\n|turn|4\n|\n|t:|1683648843\n|-end|p2a: Vegas Nights|Protosynthesis|[silent]\n|switch|p2a: Muramasa|Kingambit, L50, M|100\/100\n|switch|p2b: E.D. ESTAROSSA|Great Tusk, L50|100\/100\n|move|p1b: Garganacl|Substitute|p1b: Garganacl\n|-start|p1b: Garganacl|Substitute\n|-damage|p1b: Garganacl|75\/100\n|\n|-heal|p1b: Garganacl|81\/100|[from] item: Leftovers\n|upkeep\n|turn|5\n|\n|t:|1683648854\n|move|p1b: Garganacl|Salt Cure|p2a: Muramasa\n|-resisted|p2a: Muramasa\n|-damage|p2a: Muramasa|95\/100\n|-start|p2a: Muramasa|Salt Cure\n|move|p2a: Muramasa|Low Kick|p1b: Garganacl\n|-supereffective|p1b: Garganacl\n|-end|p1b: Garganacl|Substitute\n|move|p2b: E.D. ESTAROSSA|Headlong Rush|p1b: Garganacl\n|-supereffective|p1b: Garganacl\n|-damage|p1b: Garganacl|0 fnt\n|-unboost|p2b: E.D. ESTAROSSA|def|1\n|-unboost|p2b: E.D. ESTAROSSA|spd|1\n|faint|p1b: Garganacl\n|-damage|p2b: E.D. ESTAROSSA|90\/100|[from] item: Life Orb\n|\n|win|JustABizarreJoJo\n|raw|ice0012's rating: 1069 → 1051<\/strong> (-18 for losing)\n|raw|JustABizarreJoJo's rating: 1101 → 1124<\/strong> (+23 for winning)\n|l|\u2606ice0012\n|c|\u2606JustABizarreJoJo|EL DIABLO ESTAROSSA\n","uploadtime":1683648879,"views":3,"p1id":"ice0012","p2id":"justabizarrejojo","formatid":"gen9vgc2023regulationc","rating":1051,"private":0,"password":""}