{"id":"gen9vgc2023regulationc-1859377539","p1":"Ytterby","p2":"Freischieb","format":"[Gen 9] VGC 2023 Regulation C","log":"|j|\u2606Ytterby\n|j|\u2606Freischieb\n|t:|1683451428\n|gametype|doubles\n|player|p1|Ytterby|brycenman|\n|player|p2|Freischieb|266|\n|teamsize|p1|6\n|teamsize|p2|6\n|gen|9\n|tier|[Gen 9] VGC 2023 Regulation C\n|rule|Species Clause: Limit one of each Pok\u00e9mon\n|rule|Item Clause: Limit one of each item\n|clearpoke\n|poke|p1|Murkrow, L50, F|\n|poke|p1|Garchomp, L50, F|\n|poke|p1|Barraskewda, L50, F|\n|poke|p1|Jolteon, L50, M|\n|poke|p1|Polteageist, L50|\n|poke|p1|Hariyama, L50, M|\n|poke|p2|Clodsire, L50, F|\n|poke|p2|Sableye, L50, M|\n|poke|p2|Sandy Shocks, L50|\n|poke|p2|Pachirisu, L50, F|\n|poke|p2|Tyranitar, L50, M|\n|poke|p2|Scizor, L50, M|\n|teampreview|4\nYtterby has agreed to open team sheets.\n|inactive|Battle timer is ON: inactive players will automatically lose when time's up. (requested by Ytterby)\n|inactiveoff|Battle timer is now OFF.\nFreischieb has agreed to open team sheets.\n|\n|t:|1683451753\n|start\n|switch|p1a: Polteageist|Polteageist, L50|100\/100\n|switch|p1b: Murkrow|Murkrow, L50, F|100\/100\n|switch|p2a: Salad Fingers|Sableye, L50, M|100\/100\n|switch|p2b: Eleki after meth|Sandy Shocks, L50|100\/100\n|-enditem|p2b: Eleki after meth|Booster Energy\n|-activate|p2b: Eleki after meth|ability: Protosynthesis|[fromitem]\n|-start|p2b: Eleki after meth|protosynthesisspe\n|turn|1\n|\n|t:|1683451809\n|switch|p1b: Jolteon|Jolteon, L50, M|100\/100\n|switch|p2a: Clodding bodies|Clodsire, L50, F|100\/100\n|move|p2b: Eleki after meth|Discharge|p1a: Polteageist|[spread] p1a\n|-immune|p1b: Jolteon|[from] ability: Volt Absorb\n|-immune|p2a: Clodding bodies\n|-damage|p1a: Polteageist|73\/100\n|move|p1a: Polteageist|Giga Drain|p2b: Eleki after meth\n|-supereffective|p2b: Eleki after meth\n|-damage|p2b: Eleki after meth|44\/100\n|-heal|p1a: Polteageist|100\/100|[from] drain|[of] p2b: Eleki after meth\n|\n|upkeep\n|turn|2\n|\n|t:|1683451857\n|move|p2b: Eleki after meth|Protect|p2b: Eleki after meth\n|-singleturn|p2b: Eleki after meth|Protect\n|move|p1b: Jolteon|Fake Tears|p2a: Clodding bodies\n|-unboost|p2a: Clodding bodies|spd|2\n|move|p1a: Polteageist|Giga Drain|p2b: Eleki after meth\n|-activate|p2b: Eleki after meth|move: Protect\n|move|p2a: Clodding bodies|Toxic|p1b: Jolteon\n|-status|p1b: Jolteon|tox\n|\n|-damage|p1b: Jolteon|95\/100 tox|[from] psn\n|upkeep\n|turn|3\n|\n|t:|1683451917\n|switch|p1b: Hariyama|Hariyama, L50, M|100\/100\n|move|p2b: Eleki after meth|Earth Power|p1b: Hariyama\n|-damage|p1b: Hariyama|50\/100\n|move|p1a: Polteageist|Giga Drain|p2b: Eleki after meth\n|-supereffective|p2b: Eleki after meth\n|-damage|p2b: Eleki after meth|0 fnt\n|faint|p2b: Eleki after meth\n|-end|p2b: Eleki after meth|Protosynthesis|[silent]\n|move|p2a: Clodding bodies|Toxic|p1a: Polteageist\n|-status|p1a: Polteageist|tox\n|\n|-damage|p1a: Polteageist|95\/100 tox|[from] psn\n|upkeep\n|\n|t:|1683451932\n|switch|p2b: Salad Fingers|Sableye, L50, M|100\/100\n|turn|4\n|j| 252 accuracy\n|\n|t:|1683451964\n|switch|p1b: Murkrow|Murkrow, L50, F|100\/100\n|move|p1a: Polteageist|Giga Drain|p2a: Clodding bodies\n|-damage|p2a: Clodding bodies|65\/100\n|-heal|p1a: Polteageist|100\/100 tox|[from] drain|[of] p2a: Clodding bodies\n|move|p2b: Salad Fingers|Foul Play|p1a: Polteageist\n|-supereffective|p1a: Polteageist\n|-damage|p1a: Polteageist|67\/100 tox\n|-ability|p1a: Polteageist|Weak Armor|boost\n|-unboost|p1a: Polteageist|def|1\n|-boost|p1a: Polteageist|spe|2\n|-enditem|p1a: Polteageist|White Herb\n|-clearnegativeboost|p1a: Polteageist|[silent]\n|move|p2a: Clodding bodies|Stockpile|p2a: Clodding bodies\n|-start|p2a: Clodding bodies|stockpile1\n|-boost|p2a: Clodding bodies|def|1\n|-boost|p2a: Clodding bodies|spd|1\n|\n|-heal|p2a: Clodding bodies|71\/100|[from] item: Leftovers\n|-damage|p1a: Polteageist|55\/100 tox|[from] psn\n|upkeep\n|turn|5\n|\n|t:|1683452014\n|move|p1a: Polteageist|Giga Drain|p2a: Clodding bodies\n|-damage|p2a: Clodding bodies|45\/100\n|-heal|p1a: Polteageist|74\/100 tox|[from] drain|[of] p2a: Clodding bodies\n|move|p1b: Murkrow|Icy Wind|p2a: Clodding bodies|[spread] p2a,p2b\n|-supereffective|p2a: Clodding bodies\n|-damage|p2a: Clodding bodies|26\/100\n|-damage|p2b: Salad Fingers|90\/100\n|-unboost|p2a: Clodding bodies|spe|1\n|-unboost|p2b: Salad Fingers|spe|1\n|move|p2b: Salad Fingers|Foul Play|p1a: Polteageist\n|-supereffective|p1a: Polteageist\n|-damage|p1a: Polteageist|38\/100 tox\n|-ability|p1a: Polteageist|Weak Armor|boost\n|-unboost|p1a: Polteageist|def|1\n|-boost|p1a: Polteageist|spe|2\n|move|p2a: Clodding bodies|Toxic|p1b: Murkrow\n|-status|p1b: Murkrow|tox\n|\n|-heal|p2a: Clodding bodies|32\/100|[from] item: Leftovers\n|-damage|p1a: Polteageist|20\/100 tox|[from] psn\n|-damage|p1b: Murkrow|95\/100 tox|[from] psn\n|upkeep\n|turn|6\n|\n|t:|1683452073\n|switch|p1a: Jolteon|Jolteon, L50, M|95\/100 tox\n|move|p2b: Salad Fingers|Quash||[still]\n|-fail|p2b: Salad Fingers\n|move|p1b: Murkrow|Icy Wind|p2b: Salad Fingers|[spread] p2a,p2b\n|-supereffective|p2a: Clodding bodies\n|-damage|p2a: Clodding bodies|11\/100\n|-damage|p2b: Salad Fingers|78\/100\n|-unboost|p2a: Clodding bodies|spe|1\n|-unboost|p2b: Salad Fingers|spe|1\n|move|p2a: Clodding bodies|Recover|p2a: Clodding bodies\n|-heal|p2a: Clodding bodies|62\/100\n|\n|-heal|p2a: Clodding bodies|68\/100|[from] item: Leftovers\n|-damage|p1a: Jolteon|89\/100 tox|[from] psn\n|-damage|p1b: Murkrow|83\/100 tox|[from] psn\n|upkeep\n|turn|7\n|\n|t:|1683452094\n|move|p2b: Salad Fingers|Quash|p1a: Jolteon\n|-activate|p1a: Jolteon|move: Quash\n|move|p1b: Murkrow|Icy Wind|p2b: Salad Fingers|[spread] p2a,p2b\n|-supereffective|p2a: Clodding bodies\n|-crit|p2a: Clodding bodies\n|-damage|p2a: Clodding bodies|37\/100\n|-damage|p2b: Salad Fingers|66\/100\n|-unboost|p2a: Clodding bodies|spe|1\n|-unboost|p2b: Salad Fingers|spe|1\n|move|p2a: Clodding bodies|Earth Power|p1a: Jolteon\n|-supereffective|p1a: Jolteon\n|-damage|p1a: Jolteon|41\/100 tox\n|move|p1a: Jolteon|Fake Tears|p2a: Clodding bodies\n|-unboost|p2a: Clodding bodies|spd|2\n|\n|-heal|p2a: Clodding bodies|43\/100|[from] item: Leftovers\n|-damage|p1a: Jolteon|30\/100 tox|[from] psn\n|-damage|p1b: Murkrow|65\/100 tox|[from] psn\n|upkeep\n|turn|8\n|\n|t:|1683452129\n|switch|p2a: THICC BOI|Tyranitar, L50, M|100\/100\n|-ability|p2a: THICC BOI|Unnerve\n|move|p1a: Jolteon|Thunderbolt|p2b: Salad Fingers\n|-damage|p2b: Salad Fingers|12\/100\n|move|p1b: Murkrow|Icy Wind|p2b: Salad Fingers|[spread] p2a,p2b\n|-damage|p2a: THICC BOI|94\/100\n|-damage|p2b: Salad Fingers|1\/100\n|-unboost|p2b: Salad Fingers|spe|1\n|move|p2b: Salad Fingers|Foul Play|p1a: Jolteon\n|-damage|p1a: Jolteon|0 fnt\n|faint|p1a: Jolteon\n|\n|-damage|p1b: Murkrow|41\/100 tox|[from] psn\n|upkeep\n|\n|t:|1683452157\n|switch|p1a: Hariyama|Hariyama, L50, M|50\/100\n|turn|9\n|\n|t:|1683452183\n|switch|p2b: Clodding bodies|Clodsire, L50, F|43\/100\n|-terastallize|p2a: THICC BOI|Flying\n|move|p1a: Hariyama|Wide Guard|p1a: Hariyama\n|-singleturn|p1a: Hariyama|Wide Guard\n|move|p1b: Murkrow|Tailwind|p1b: Murkrow\n|-sidestart|p1: Ytterby|move: Tailwind\n|move|p2a: THICC BOI|Rock Slide|p1b: Murkrow|[spread] \n|-activate|p1a: Hariyama|move: Wide Guard\n|-activate|p1b: Murkrow|move: Wide Guard\n|\n|-heal|p2b: Clodding bodies|49\/100|[from] item: Leftovers\n|-damage|p1b: Murkrow|11\/100 tox|[from] psn\n|upkeep\n|turn|10\n|\n|t:|1683452226\n|-terastallize|p1a: Hariyama|Steel\n|move|p2a: THICC BOI|Protect|p2a: THICC BOI\n|-singleturn|p2a: THICC BOI|Protect\n|move|p1b: Murkrow|Icy Wind|p2a: THICC BOI|[spread] p2b\n|-activate|p2a: THICC BOI|move: Protect\n|-supereffective|p2b: Clodding bodies\n|-damage|p2b: Clodding bodies|36\/100\n|-unboost|p2b: Clodding bodies|spe|1\n|move|p1a: Hariyama|Taunt|p2b: Clodding bodies\n|-start|p2b: Clodding bodies|move: Taunt\n|cant|p2b: Clodding bodies|move: Taunt|Recover\n|\n|-heal|p2b: Clodding bodies|41\/100|[from] item: Leftovers\n|-damage|p1b: Murkrow|0 fnt|[from] psn\n|faint|p1b: Murkrow\n|upkeep\n|\n|t:|1683452244\n|switch|p1b: Polteageist|Polteageist, L50|20\/100 tox\n|turn|11\n|\n|t:|1683452271\n|move|p1b: Polteageist|Strength Sap|p2a: THICC BOI\n|-fail|p2a: THICC BOI|unboost|[from] item: Clear Amulet|[of] p2a: THICC BOI\n|-heal|p1b: Polteageist|100\/100 tox\n|move|p1a: Hariyama|Stone Edge|p2a: THICC BOI\n|-supereffective|p2a: THICC BOI\n|-damage|p2a: THICC BOI|31\/100\n|move|p2a: THICC BOI|Tera Blast|p1a: Hariyama\n|-resisted|p1a: Hariyama\n|-damage|p1a: Hariyama|28\/100\n|move|p2b: Clodding bodies|Earth Power|p1a: Hariyama\n|-supereffective|p1a: Hariyama\n|-damage|p1a: Hariyama|0 fnt\n|faint|p1a: Hariyama\n|\n|-heal|p2b: Clodding bodies|47\/100|[from] item: Leftovers\n|-damage|p1b: Polteageist|95\/100 tox|[from] psn\n|upkeep\n|turn|12\n|inactive|Battle timer is ON: inactive players will automatically lose when time's up. (requested by Ytterby)\n|\n|t:|1683452324\n|move|p2a: THICC BOI|Protect|p2a: THICC BOI\n|-singleturn|p2a: THICC BOI|Protect\n|move|p1b: Polteageist|Will-O-Wisp|p2a: THICC BOI\n|-activate|p2a: THICC BOI|move: Protect\n|move|p2b: Clodding bodies|Earth Power|p1b: Polteageist\n|-damage|p1b: Polteageist|80\/100 tox\n|\n|-heal|p2b: Clodding bodies|53\/100|[from] item: Leftovers\n|-damage|p1b: Polteageist|68\/100 tox|[from] psn\n|-end|p2b: Clodding bodies|move: Taunt\n|-sideend|p1: Ytterby|move: Tailwind\n|upkeep\n|turn|13\n|inactive|Freischieb has 30 seconds left.\n|\n|t:|1683452350\n|switch|p2a: Salad Fingers|Sableye, L50, M|1\/100\n|move|p1b: Polteageist|Will-O-Wisp|p2a: Salad Fingers\n|-status|p2a: Salad Fingers|brn\n|move|p2b: Clodding bodies|Earth Power|p1b: Polteageist\n|-damage|p1b: Polteageist|51\/100 tox\n|\n|-heal|p2b: Clodding bodies|59\/100|[from] item: Leftovers\n|-damage|p1b: Polteageist|33\/100 tox|[from] psn\n|-damage|p2a: Salad Fingers|0 fnt|[from] brn\n|faint|p2a: Salad Fingers\n|upkeep\n|\n|t:|1683452361\n|switch|p2a: THICC BOI|Tyranitar, L50, M, tera:Flying|31\/100\n|-ability|p2a: THICC BOI|Unnerve\n|turn|14\n|\n|t:|1683452376\n|move|p2a: THICC BOI|Protect|p2a: THICC BOI\n|-singleturn|p2a: THICC BOI|Protect\n|move|p1b: Polteageist|Strength Sap|p2b: Clodding bodies\n|-unboost|p2b: Clodding bodies|atk|1\n|-heal|p1b: Polteageist|76\/100 tox\n|move|p2b: Clodding bodies|Recover|p2b: Clodding bodies\n|-heal|p2b: Clodding bodies|100\/100\n|\n|-damage|p1b: Polteageist|52\/100 tox|[from] psn\n|upkeep\n|turn|15\n|\n|t:|1683452395\n|move|p2a: THICC BOI|Protect||[still]\n|-fail|p2a: THICC BOI\n|move|p1b: Polteageist|Strength Sap|p2a: THICC BOI\n|-fail|p2a: THICC BOI|unboost|[from] item: Clear Amulet|[of] p2a: THICC BOI\n|-heal|p1b: Polteageist|100\/100 tox\n|move|p2b: Clodding bodies|Earth Power|p1b: Polteageist\n|-damage|p1b: Polteageist|83\/100 tox\n|\n|-damage|p1b: Polteageist|53\/100 tox|[from] psn\n|upkeep\n|turn|16\n|\n|t:|1683452411\n|move|p2a: THICC BOI|Protect|p2a: THICC BOI\n|-singleturn|p2a: THICC BOI|Protect\n|move|p1b: Polteageist|Will-O-Wisp|p2b: Clodding bodies\n|-status|p2b: Clodding bodies|brn\n|move|p2b: Clodding bodies|Earth Power|p1b: Polteageist\n|-damage|p1b: Polteageist|36\/100 tox\n|\n|-damage|p1b: Polteageist|0 fnt|[from] psn\n|faint|p1b: Polteageist\n|\n|win|Freischieb\n|upkeep\n|l|\u2606Ytterby\n","uploadtime":1683452429,"views":11,"p1id":"ytterby","p2id":"freischieb","formatid":"gen9vgc2023regulationc","rating":0,"private":0,"password":""}