{"id":"gen9vgc2023regulationc-1861328440","p1":"mixmastermitch","p2":"wackomarko","format":"[Gen 9] VGC 2023 Regulation C","log":"|j|\u2606mixmastermitch\n|j|\u2606wackomarko\n|t:|1683746374\n|gametype|doubles\n|player|p1|mixmastermitch|brock|1147\n|player|p2|wackomarko|hiker-gen4|1106\n|teamsize|p1|6\n|teamsize|p2|6\n|gen|9\n|tier|[Gen 9] VGC 2023 Regulation C\n|rated|\n|rule|Species Clause: Limit one of each Pok\u00e9mon\n|rule|Item Clause: Limit one of each item\n|clearpoke\n|poke|p1|Brute Bonnet, L50|\n|poke|p1|Mudsdale, L50, F|\n|poke|p1|Gengar, L50, F|\n|poke|p1|Bisharp, L50, M|\n|poke|p1|Gallade, L50, M|\n|poke|p1|Iron Bundle, L50|\n|poke|p2|Talonflame, L50, F|\n|poke|p2|Amoonguss, L50, F|\n|poke|p2|Flutter Mane, L50|\n|poke|p2|Chien-Pao, L50|\n|poke|p2|Gyarados, L50, F|\n|poke|p2|Dragapult, L50, M|\n|teampreview|4\nwackomarko has agreed to open team sheets.\n|\n|t:|1683746422\n|start\n|switch|p1a: Iron Bundle|Iron Bundle, L50|100\/100\n|switch|p1b: Brute Bonnet|Brute Bonnet, L50|100\/100\n|switch|p2a: Talonflame|Talonflame, L50, F, shiny|100\/100\n|switch|p2b: Flutter Mane|Flutter Mane, L50, shiny|100\/100\n|-enditem|p1a: Iron Bundle|Booster Energy\n|-activate|p1a: Iron Bundle|ability: Quark Drive|[fromitem]\n|-start|p1a: Iron Bundle|quarkdrivespe\n|turn|1\n|inactive|Battle timer is ON: inactive players will automatically lose when time's up. (requested by mixmastermitch)\n|\n|t:|1683746448\n|-terastallize|p2b: Flutter Mane|Fairy\n|move|p2a: Talonflame|Tailwind|p2a: Talonflame\n|-sidestart|p2: wackomarko|move: Tailwind\n|move|p2b: Flutter Mane|Dazzling Gleam|p1a: Iron Bundle|[spread] p1a,p1b\n|-supereffective|p1b: Brute Bonnet\n|-damage|p1a: Iron Bundle|0 fnt\n|-damage|p1b: Brute Bonnet|24\/100\n|-enditem|p1b: Brute Bonnet|Sitrus Berry|[eat]\n|-heal|p1b: Brute Bonnet|49\/100|[from] item: Sitrus Berry\n|faint|p1a: Iron Bundle\n|-end|p1a: Iron Bundle|Quark Drive|[silent]\n|-damage|p2b: Flutter Mane|91\/100|[from] item: Life Orb\n|move|p1b: Brute Bonnet|Spore|p2b: Flutter Mane\n|-status|p2b: Flutter Mane|slp|[from] move: Spore\n|\n|upkeep\n|\n|t:|1683746464\n|switch|p1a: Bisharp|Bisharp, L50, M, shiny|100\/100\n|turn|2\n|\n|t:|1683746486\n|-end|p2b: Flutter Mane|Protosynthesis|[silent]\n|switch|p2b: Chien-Pao|Chien-Pao, L50|100\/100\n|-ability|p2b: Chien-Pao|Sword of Ruin\n|-terastallize|p1a: Bisharp|Fire\n|move|p2a: Talonflame|Brave Bird|p1b: Brute Bonnet\n|-supereffective|p1b: Brute Bonnet\n|-crit|p1b: Brute Bonnet\n|-damage|p1b: Brute Bonnet|0 fnt\n|faint|p1b: Brute Bonnet\n|-end|p1b: Brute Bonnet|Protosynthesis|[silent]\n|-damage|p2a: Talonflame|80\/100|[from] Recoil\n|move|p1a: Bisharp|Swords Dance|p1a: Bisharp\n|-boost|p1a: Bisharp|atk|2\n|\n|upkeep\n|\n|t:|1683746498\n|switch|p1b: Gallade|Gallade, L50, M|100\/100\n|turn|3\n|\n|t:|1683746513\n|move|p2b: Chien-Pao|Sucker Punch|p1a: Bisharp\n|-damage|p1a: Bisharp|69\/100\n|move|p1a: Bisharp|Sucker Punch|p2a: Talonflame\n|-damage|p2a: Talonflame|0 fnt\n|faint|p2a: Talonflame\n|move|p1b: Gallade|Sacred Sword|p2b: Chien-Pao\n|-supereffective|p2b: Chien-Pao\n|-enditem|p2b: Chien-Pao|Focus Sash\n|-damage|p2b: Chien-Pao|1\/100\n|\n|upkeep\n|\n|t:|1683746527\n|switch|p2a: Dragapult|Dragapult, L50, M, shiny|100\/100\n|turn|4\n|\n|t:|1683746534\n|move|p1a: Bisharp|Protect|p1a: Bisharp\n|-singleturn|p1a: Bisharp|Protect\n|move|p2b: Chien-Pao|Sucker Punch||[still]\n|-fail|p2b: Chien-Pao\n|move|p2a: Dragapult|Dragon Darts|p1b: Gallade\n|-crit|p1b: Gallade\n|-damage|p1b: Gallade|0 fnt\n|faint|p1b: Gallade\n|\n|-sideend|p2: wackomarko|move: Tailwind\n|upkeep\n|turn|5\n|\n|t:|1683746553\n|move|p2b: Chien-Pao|Sucker Punch|p1a: Bisharp\n|-damage|p1a: Bisharp|35\/100\n|move|p1a: Bisharp|Sucker Punch|p2a: Dragapult\n|-supereffective|p2a: Dragapult\n|-damage|p2a: Dragapult|0 fnt\n|faint|p2a: Dragapult\n|\n|upkeep\n|\n|t:|1683746559\n|switch|p2a: Flutter Mane|Flutter Mane, L50, shiny, tera:Fairy|91\/100 slp\n|turn|6\n|\n|t:|1683746569\n|move|p2b: Chien-Pao|Sucker Punch|p1a: Bisharp\n|-damage|p1a: Bisharp|3\/100\n|cant|p2a: Flutter Mane|slp\n|move|p1a: Bisharp|Iron Head|p2b: Chien-Pao\n|-supereffective|p2b: Chien-Pao\n|-damage|p2b: Chien-Pao|0 fnt\n|faint|p2b: Chien-Pao\n|\n|upkeep\n|turn|7\n|\n|t:|1683746579\n|cant|p2a: Flutter Mane|slp\n|move|p1a: Bisharp|Iron Head|p2a: Flutter Mane\n|-supereffective|p2a: Flutter Mane\n|-damage|p2a: Flutter Mane|0 fnt\n|faint|p2a: Flutter Mane\n|-end|p2a: Flutter Mane|Protosynthesis|[silent]\n|\n|win|mixmastermitch\n|raw|mixmastermitch's rating: 1147 → 1169<\/strong> (+22 for winning)\n|raw|wackomarko's rating: 1106 → 1084<\/strong> (-22 for losing)\n","uploadtime":1683746588,"views":6,"p1id":"mixmastermitch","p2id":"wackomarko","formatid":"gen9vgc2023regulationc","rating":1084,"private":0,"password":""}