{"id":"gen9vgc2023regulationc-1863697615","p1":"Lefties Chi-Yu","p2":"sspark","format":"[Gen 9] VGC 2023 Regulation C","log":"|j|\u2606Lefties Chi-Yu\n|j|\u2606sspark\n|t:|1684062417\n|gametype|doubles\n|player|p1|Lefties Chi-Yu|acetrainer-gen6xy|1468\n|player|p2|sspark|169|1598\n|teamsize|p1|6\n|teamsize|p2|6\n|gen|9\n|tier|[Gen 9] VGC 2023 Regulation C\n|rated|\n|rule|Species Clause: Limit one of each Pok\u00e9mon\n|rule|Item Clause: Limit one of each item\n|clearpoke\n|poke|p1|Chi-Yu, L50|\n|poke|p1|Amoonguss, L50, M|\n|poke|p1|Iron Hands, L50|\n|poke|p1|Flutter Mane, L50|\n|poke|p1|Iron Bundle, L50|\n|poke|p1|Kingambit, L50, M|\n|poke|p2|Flutter Mane, L50|\n|poke|p2|Chi-Yu, L50|\n|poke|p2|Iron Bundle, L50|\n|poke|p2|Maushold, L50|\n|poke|p2|Great Tusk, L50|\n|poke|p2|Gyarados, L50, F|\n|teampreview|4\n|\n|t:|1684062454\n|start\n|switch|p1a: Eren|Iron Bundle, L50|100\/100\n|switch|p1b: Kingambit|Kingambit, L50, M|100\/100\n|switch|p2a: Flutter Mane|Flutter Mane, L50|100\/100\n|switch|p2b: Maushold|Maushold, L50|100\/100\n|-enditem|p1a: Eren|Booster Energy\n|-activate|p1a: Eren|ability: Quark Drive|[fromitem]\n|-start|p1a: Eren|quarkdrivespe\n|-enditem|p2a: Flutter Mane|Booster Energy\n|-activate|p2a: Flutter Mane|ability: Protosynthesis|[fromitem]\n|-start|p2a: Flutter Mane|protosynthesisspe\n|turn|1\n|inactive|Battle timer is ON: inactive players will automatically lose when time's up. (requested by Lefties Chi-Yu)\n|\n|t:|1684062500\n|move|p1a: Eren|Protect|p1a: Eren\n|-singleturn|p1a: Eren|Protect\n|move|p2a: Flutter Mane|Protect|p2a: Flutter Mane\n|-singleturn|p2a: Flutter Mane|Protect\n|move|p2b: Maushold|Thunder Wave|p1a: Eren\n|-activate|p1a: Eren|move: Protect\n|move|p1b: Kingambit|Swords Dance|p1b: Kingambit\n|-boost|p1b: Kingambit|atk|2\n|\n|upkeep\n|turn|2\n|\n|t:|1684062512\n|move|p2b: Maushold|Follow Me|p2b: Maushold\n|-singleturn|p2b: Maushold|move: Follow Me\n|move|p1b: Kingambit|Sucker Punch||[still]\n|-fail|p1b: Kingambit\n|move|p1a: Eren|Icy Wind|p2b: Maushold|[spread] p2a,p2b\n|-damage|p2a: Flutter Mane|88\/100\n|-damage|p2b: Maushold|76\/100\n|-unboost|p2a: Flutter Mane|spe|1\n|-unboost|p2b: Maushold|spe|1\n|move|p2a: Flutter Mane|Calm Mind|p2a: Flutter Mane\n|-boost|p2a: Flutter Mane|spa|1\n|-boost|p2a: Flutter Mane|spd|1\n|\n|upkeep\n|turn|3\n|\n|t:|1684062531\n|move|p1a: Eren|Protect|p1a: Eren\n|-singleturn|p1a: Eren|Protect\n|move|p2a: Flutter Mane|Protect|p2a: Flutter Mane\n|-singleturn|p2a: Flutter Mane|Protect\n|move|p2b: Maushold|Thunder Wave|p1a: Eren\n|-activate|p1a: Eren|move: Protect\n|move|p1b: Kingambit|Kowtow Cleave|p2b: Maushold\n|-damage|p2b: Maushold|0 fnt\n|faint|p2b: Maushold\n|\n|upkeep\n|\n|t:|1684062542\n|switch|p2b: Great Tusk|Great Tusk, L50|100\/100\n|turn|4\n|inactive|Lefties Chi-Yu has 30 seconds left.\n|inactive|Lefties Chi-Yu has 20 seconds left.\n|inactive|Lefties Chi-Yu has 15 seconds left.\n|\n|t:|1684062586\n|-terastallize|p2b: Great Tusk|Steel\n|move|p1b: Kingambit|Protect|p1b: Kingambit\n|-singleturn|p1b: Kingambit|Protect\n|move|p1a: Eren|Hydro Pump|p2b: Great Tusk\n|-damage|p2b: Great Tusk|54\/100\n|move|p2a: Flutter Mane|Calm Mind|p2a: Flutter Mane\n|-boost|p2a: Flutter Mane|spa|1\n|-boost|p2a: Flutter Mane|spd|1\n|move|p2b: Great Tusk|Close Combat|p1b: Kingambit\n|-activate|p1b: Kingambit|move: Protect\n|\n|upkeep\n|turn|5\n|inactive|sspark has 30 seconds left.\n|\n|t:|1684062613\n|-end|p2b: Great Tusk|Protosynthesis|[silent]\n|switch|p2b: Iron Bundle|Iron Bundle, L50|100\/100\n|move|p1b: Kingambit|Sucker Punch||[still]\n|-fail|p1b: Kingambit\n|move|p1a: Eren|Hydro Pump|p2a: Flutter Mane\n|-damage|p2a: Flutter Mane|62\/100\n|move|p2a: Flutter Mane|Dazzling Gleam|p1b: Kingambit|[spread] p1a,p1b\n|-damage|p1a: Eren|0 fnt\n|-damage|p1b: Kingambit|42\/100\n|faint|p1a: Eren\n|-end|p1a: Eren|Quark Drive|[silent]\n|\n|upkeep\n|\n|t:|1684062630\n|switch|p1a: Iron Hands|Iron Hands, L50|100\/100\n|turn|6\n|inactive|sspark has 30 seconds left.\n|inactive|sspark has 20 seconds left.\n|inactive|sspark has 15 seconds left.\n|inactive|sspark has 10 seconds left.\n|inactive|sspark has 5 seconds left.\n|\n|t:|1684062681\n|-terastallize|p1a: Iron Hands|Grass\n|move|p2b: Iron Bundle|Protect|p2b: Iron Bundle\n|-singleturn|p2b: Iron Bundle|Protect\n|move|p2a: Flutter Mane|Protect|p2a: Flutter Mane\n|-singleturn|p2a: Flutter Mane|Protect\n|move|p1b: Kingambit|Protect|p1b: Kingambit\n|-singleturn|p1b: Kingambit|Protect\n|move|p1a: Iron Hands|Heavy Slam|p2a: Flutter Mane\n|-activate|p2a: Flutter Mane|move: Protect\n|\n|upkeep\n|turn|7\n|inactive|sspark has 30 seconds left.\n|\n|t:|1684062710\n|move|p1b: Kingambit|Sucker Punch|p2b: Iron Bundle\n|-damage|p2b: Iron Bundle|6\/100\n|move|p2b: Iron Bundle|Freeze-Dry|p1a: Iron Hands\n|-supereffective|p1a: Iron Hands\n|-damage|p1a: Iron Hands|61\/100\n|move|p2a: Flutter Mane|Dazzling Gleam|p1b: Kingambit|[spread] p1a,p1b\n|-damage|p1a: Iron Hands|34\/100\n|-damage|p1b: Kingambit|0 fnt\n|faint|p1b: Kingambit\n|move|p1a: Iron Hands|Heavy Slam|p2a: Flutter Mane\n|-supereffective|p2a: Flutter Mane\n|-damage|p2a: Flutter Mane|0 fnt\n|faint|p2a: Flutter Mane\n|-end|p2a: Flutter Mane|Protosynthesis|[silent]\n|\n|upkeep\n|\n|t:|1684062723\n|switch|p2a: Great Tusk|Great Tusk, L50, tera:Steel|54\/100\n|switch|p1b: Chi-Yu|Chi-Yu, L50|100\/100\n|-ability|p1b: Chi-Yu|Beads of Ruin\n|turn|8\n|\n|t:|1684062743\n|move|p2b: Iron Bundle|Icy Wind|p1b: Chi-Yu|[spread] p1a,p1b\n|-supereffective|p1a: Iron Hands\n|-resisted|p1b: Chi-Yu\n|-damage|p1a: Iron Hands|4\/100\n|-damage|p1b: Chi-Yu|91\/100\n|-unboost|p1a: Iron Hands|spe|1\n|-unboost|p1b: Chi-Yu|spe|1\n|move|p2a: Great Tusk|Close Combat|p1b: Chi-Yu\n|-supereffective|p1b: Chi-Yu\n|-damage|p1b: Chi-Yu|0 fnt\n|-unboost|p2a: Great Tusk|def|1\n|-unboost|p2a: Great Tusk|spd|1\n|faint|p1b: Chi-Yu\n|move|p1a: Iron Hands|Drain Punch|p2a: Great Tusk\n|-supereffective|p2a: Great Tusk\n|-damage|p2a: Great Tusk|0 fnt\n|-heal|p1a: Iron Hands|28\/100|[from] drain|[of] p2a: Great Tusk\n|faint|p2a: Great Tusk\n|-end|p2a: Great Tusk|Protosynthesis|[silent]\n|\n|upkeep\n|turn|9\n|\n|t:|1684062767\n|move|p2b: Iron Bundle|Freeze-Dry|p1a: Iron Hands\n|-supereffective|p1a: Iron Hands\n|-damage|p1a: Iron Hands|0 fnt\n|faint|p1a: Iron Hands\n|-end|p1a: Iron Hands|Quark Drive|[silent]\n|\n|win|sspark\n|raw|Lefties Chi-Yu's rating: 1468 → 1455<\/strong> (-13 for losing)\n|raw|sspark's rating: 1598 → 1611<\/strong> (+13 for winning)\n|l|\u2606Lefties Chi-Yu\n||Ladder isn't responding, score probably updated but might not have (Request timeout).\n","uploadtime":1684062945,"views":13,"p1id":"leftieschiyu","p2id":"sspark","formatid":"gen9vgc2023regulationc","rating":1455,"private":0,"password":""}