{"id":"gen9vgc2023regulationc-1845500163","p1":"gnblr","p2":"Kojiiii","format":"[Gen 9] VGC 2023 Regulation C","log":"|j|\u2606gnblr\n|j|\u2606Kojiiii\n|t:|1681739793\n|gametype|doubles\n|player|p1|gnblr|brycenman|1028\n|player|p2|Kojiiii|101|1098\n|teamsize|p1|6\n|teamsize|p2|6\n|gen|9\n|tier|[Gen 9] VGC 2023 Regulation C\n|rated|\n|rule|Species Clause: Limit one of each Pok\u00e9mon\n|rule|Item Clause: Limit one of each item\n|clearpoke\n|poke|p1|Ting-Lu, L50|\n|poke|p1|Amoonguss, L50, M|\n|poke|p1|Arcanine, L50, F|\n|poke|p1|Flutter Mane, L50|\n|poke|p1|Palafin, L50, M|\n|poke|p1|Baxcalibur, L50, M|\n|poke|p2|Palafin, L50, M|\n|poke|p2|Amoonguss, L50, F|\n|poke|p2|Arcanine, L50, F|\n|poke|p2|Flutter Mane, L50|\n|poke|p2|Baxcalibur, L50, M|\n|poke|p2|Ting-Lu, L50|\n|teampreview|4\ngnblr has agreed to open team sheets.\n|\n|t:|1681739849\n|start\n|switch|p1a: Soul Fist|Flutter Mane, L50|100\/100\n|switch|p1b: Falcon Punch|Arcanine, L50, F|100\/100\n|switch|p2a: Palafin|Palafin, L50, M|100\/100\n|switch|p2b: Flutter Mane|Flutter Mane, L50|100\/100\n|-ability|p1b: Falcon Punch|Intimidate|boost\n|-unboost|p2a: Palafin|atk|1\n|-unboost|p2b: Flutter Mane|atk|1\n|-enditem|p1a: Soul Fist|Booster Energy\n|-activate|p1a: Soul Fist|ability: Protosynthesis|[fromitem]\n|-start|p1a: Soul Fist|protosynthesisspa\n|-enditem|p2b: Flutter Mane|Booster Energy\n|-activate|p2b: Flutter Mane|ability: Protosynthesis|[fromitem]\n|-start|p2b: Flutter Mane|protosynthesisspa\n|turn|1\n|inactive|Battle timer is ON: inactive players will automatically lose when time's up. (requested by gnblr)\n|\n|t:|1681739918\n|detailschange|p2a: Palafin|Palafin-Hero, L50, M\n|switch|p2a: Amoonguss|Amoonguss, L50, F, shiny|100\/100\n|move|p2b: Flutter Mane|Protect|p2b: Flutter Mane\n|-singleturn|p2b: Flutter Mane|Protect\n|move|p1a: Soul Fist|Substitute|p1a: Soul Fist\n|-start|p1a: Soul Fist|Substitute\n|-damage|p1a: Soul Fist|76\/100\n|move|p1b: Falcon Punch|Will-O-Wisp|p2a: Amoonguss\n|-status|p2a: Amoonguss|brn\n|\n|-damage|p2a: Amoonguss|95\/100 brn|[from] brn\n|upkeep\n|turn|2\n|inactive|gnblr has 30 seconds left.\n|inactive|Kojiiii has 30 seconds left.\n|inactive|Kojiiii has 20 seconds left.\n|inactive|Kojiiii has 15 seconds left.\n|inactive|Kojiiii has 10 seconds left.\n|\n|t:|1681739964\n|-terastallize|p2b: Flutter Mane|Grass\n|move|p1a: Soul Fist|Shadow Ball|p2b: Flutter Mane\n|-damage|p2b: Flutter Mane|51\/100\n|move|p2b: Flutter Mane|Shadow Ball|p1a: Soul Fist\n|-supereffective|p1a: Soul Fist\n|-end|p1a: Soul Fist|Substitute\n|move|p1b: Falcon Punch|Flare Blitz|p2a: Amoonguss\n|-supereffective|p2a: Amoonguss\n|-damage|p2a: Amoonguss|7\/100 brn\n|-enditem|p2a: Amoonguss|Sitrus Berry|[eat]\n|-heal|p2a: Amoonguss|32\/100 brn|[from] item: Sitrus Berry\n|-damage|p1b: Falcon Punch|68\/100|[from] Recoil\n|move|p2a: Amoonguss|Spore|p1a: Soul Fist\n|-status|p1a: Soul Fist|slp|[from] move: Spore\n|\n|-damage|p2a: Amoonguss|26\/100 brn|[from] brn\n|upkeep\n|turn|3\n|inactive|Kojiiii has 30 seconds left.\n|\n|t:|1681739996\n|switch|p2a: Palafin|Palafin-Hero, L50, M|100\/100\n|-activate|p2a: Palafin|ability: Zero to Hero\n|cant|p1a: Soul Fist|slp\n|move|p1b: Falcon Punch|Extreme Speed|p2b: Flutter Mane\n|-damage|p2b: Flutter Mane|20\/100\n|move|p2b: Flutter Mane|Shadow Ball|p1a: Soul Fist\n|-supereffective|p1a: Soul Fist\n|-damage|p1a: Soul Fist|0 fnt\n|faint|p1a: Soul Fist\n|-end|p1a: Soul Fist|Protosynthesis|[silent]\n|\n|upkeep\n|\n|t:|1681740009\n|switch|p1a: Totsugeki|Palafin, L50, M|100\/100\n|turn|4\n|inactive|Kojiiii has 30 seconds left.\n|\n|t:|1681740042\n|detailschange|p1a: Totsugeki|Palafin-Hero, L50, M\n|switch|p1a: Foot Dive|Baxcalibur, L50, M, shiny|100\/100\n|move|p2b: Flutter Mane|Protect|p2b: Flutter Mane\n|-singleturn|p2b: Flutter Mane|Protect\n|move|p2a: Palafin|Jet Punch|p1b: Falcon Punch\n|-supereffective|p1b: Falcon Punch\n|-damage|p1b: Falcon Punch|0 fnt\n|faint|p1b: Falcon Punch\n|\n|upkeep\n|\n|t:|1681740050\n|switch|p1b: Totsugeki|Palafin-Hero, L50, M|100\/100\n|-activate|p1b: Totsugeki|ability: Zero to Hero\n|turn|5\n|inactive|Kojiiii has 30 seconds left.\n|\n|t:|1681740076\n|-end|p2b: Flutter Mane|Protosynthesis|[silent]\n|switch|p2b: Arcanine|Arcanine, L50, F|100\/100\n|-ability|p2b: Arcanine|Intimidate|boost\n|-unboost|p1a: Foot Dive|atk|1\n|-unboost|p1b: Totsugeki|atk|1\n|-terastallize|p1b: Totsugeki|Water\n|move|p1a: Foot Dive|Ice Shard|p2b: Arcanine\n|-resisted|p2b: Arcanine\n|-damage|p2b: Arcanine|93\/100\n|move|p2a: Palafin|Wave Crash|p1b: Totsugeki\n|-resisted|p1b: Totsugeki\n|-damage|p1b: Totsugeki|53\/100\n|-damage|p2a: Palafin|83\/100|[from] Recoil\n|move|p1b: Totsugeki|Wave Crash|p2a: Palafin\n|-resisted|p2a: Palafin\n|-damage|p2a: Palafin|38\/100\n|-damage|p1b: Totsugeki|39\/100|[from] Recoil\n|\n|upkeep\n|turn|6\n|\n|t:|1681740096\n|switch|p2b: Amoonguss|Amoonguss, L50, F, shiny|26\/100 brn\n|move|p2a: Palafin|Protect|p2a: Palafin\n|-singleturn|p2a: Palafin|Protect\n|move|p1a: Foot Dive|Protect|p1a: Foot Dive\n|-singleturn|p1a: Foot Dive|Protect\n|move|p1b: Totsugeki|Haze|p1b: Totsugeki\n|-clearallboost\n|\n|-damage|p2b: Amoonguss|20\/100 brn|[from] brn\n|upkeep\n|turn|7\n|inactive|Kojiiii has 30 seconds left.\n|\n|t:|1681740126\n|move|p1b: Totsugeki|Protect|p1b: Totsugeki\n|-singleturn|p1b: Totsugeki|Protect\n|move|p2b: Amoonguss|Protect|p2b: Amoonguss\n|-singleturn|p2b: Amoonguss|Protect\n|move|p1a: Foot Dive|Ice Shard|p2b: Amoonguss\n|-activate|p2b: Amoonguss|move: Protect\n|move|p2a: Palafin|Wave Crash|p1b: Totsugeki\n|-activate|p1b: Totsugeki|move: Protect\n|\n|-damage|p2b: Amoonguss|14\/100 brn|[from] brn\n|upkeep\n|turn|8\n|\n|t:|1681740146\n|switch|p2b: Arcanine|Arcanine, L50, F|93\/100\n|-ability|p2b: Arcanine|Intimidate|boost\n|-unboost|p1a: Foot Dive|atk|1\n|-unboost|p1b: Totsugeki|atk|1\n|move|p1b: Totsugeki|Jet Punch|p2b: Arcanine\n|-supereffective|p2b: Arcanine\n|-damage|p2b: Arcanine|1\/100\n|move|p2a: Palafin|Wave Crash|p1b: Totsugeki\n|-resisted|p1b: Totsugeki\n|-damage|p1b: Totsugeki|0 fnt\n|faint|p1b: Totsugeki\n|-damage|p2a: Palafin|23\/100|[from] Recoil\n|move|p1a: Foot Dive|Glaive Rush|p2a: Palafin\n|-damage|p2a: Palafin|0 fnt\n|-singlemove|p1a: Foot Dive|Glaive Rush|[silent]\n|faint|p2a: Palafin\n|\n|upkeep\n|\n|t:|1681740168\n|switch|p2a: Flutter Mane|Flutter Mane, L50, tera:Grass|20\/100\n|turn|9\n|\n|t:|1681740181\n|move|p1a: Foot Dive|Protect|p1a: Foot Dive\n|-singleturn|p1a: Foot Dive|Protect\n|move|p2b: Arcanine|Extreme Speed|p1a: Foot Dive\n|-activate|p1a: Foot Dive|move: Protect\n|move|p2a: Flutter Mane|Moonblast|p1a: Foot Dive\n|-activate|p1a: Foot Dive|move: Protect\n|\n|upkeep\n|turn|10\n|\n|t:|1681740201\n|switch|p2b: Amoonguss|Amoonguss, L50, F, shiny|14\/100 brn\n|move|p2a: Flutter Mane|Protect|p2a: Flutter Mane\n|-singleturn|p2a: Flutter Mane|Protect\n|move|p1a: Foot Dive|Ice Shard|p2b: Amoonguss\n|-supereffective|p2b: Amoonguss\n|-damage|p2b: Amoonguss|0 fnt\n|faint|p2b: Amoonguss\n|\n|upkeep\n|\n|t:|1681740211\n|switch|p2b: Arcanine|Arcanine, L50, F|1\/100\n|-ability|p2b: Arcanine|Intimidate|boost\n|-unboost|p1a: Foot Dive|atk|1\n|turn|11\n|\n|t:|1681740222\n|move|p2b: Arcanine|Extreme Speed|p1a: Foot Dive\n|-damage|p1a: Foot Dive|80\/100\n|move|p1a: Foot Dive|Ice Shard|p2a: Flutter Mane\n|-supereffective|p2a: Flutter Mane\n|-damage|p2a: Flutter Mane|0 fnt\n|faint|p2a: Flutter Mane\n|-end|p2a: Flutter Mane|Protosynthesis|[silent]\n|\n|upkeep\n|turn|12\n|\n|t:|1681740237\n|move|p1a: Foot Dive|Ice Shard|p2b: Arcanine\n|-resisted|p2b: Arcanine\n|-damage|p2b: Arcanine|0 fnt\n|faint|p2b: Arcanine\n|\n|win|gnblr\n|raw|gnblr's rating: 1028 → 1071<\/strong> (+43 for winning)\n|raw|Kojiiii's rating: 1098 → 1068<\/strong> (-30 for losing)\n","uploadtime":1681740248,"views":12,"p1id":"gnblr","p2id":"kojiiii","formatid":"gen9vgc2023regulationc","rating":1068,"private":0,"password":""}