{"id":"gen9vgc2023regulationc-1851432865","p1":"numver1","p2":"VeeGey","format":"[Gen 9] VGC 2023 Regulation C","log":"|j|\u2606numver1\n|j|\u2606VeeGey\n|t:|1682444701\n|gametype|doubles\n|player|p1|numver1|1|1090\n|player|p2|VeeGey|2|1036\n|teamsize|p1|6\n|teamsize|p2|6\n|gen|9\n|tier|[Gen 9] VGC 2023 Regulation C\n|rated|\n|rule|Species Clause: Limit one of each Pok\u00e9mon\n|rule|Item Clause: Limit one of each item\n|clearpoke\n|poke|p1|Garchomp, L50, F|\n|poke|p1|Tyranitar, L50, M|\n|poke|p1|Houndstone, L50, M|\n|poke|p1|Lycanroc, L50, F|\n|poke|p1|Annihilape, L50, F|\n|poke|p1|Maushold-Four, L50|\n|poke|p2|Scovillain, L50, M|\n|poke|p2|Dragapult, L50, M|\n|poke|p2|Barraskewda, L50, F|\n|poke|p2|Squawkabilly, L50, M|\n|poke|p2|Golduck, L50, M|\n|poke|p2|Pelipper, L50, F|\n|teampreview|4\n|inactive|Battle timer is ON: inactive players will automatically lose when time's up. (requested by VeeGey)\n|\n|t:|1682444726\n|start\n|switch|p1a: Tyranitar|Tyranitar, L50, M|100\/100\n|switch|p1b: Lycanroc|Lycanroc, L50, F|100\/100\n|switch|p2a: Pelipper|Pelipper, L50, F|100\/100\n|switch|p2b: Golduck|Golduck, L50, M, shiny|100\/100\n|-weather|Sandstorm|[from] ability: Sand Stream|[of] p1a: Tyranitar\n|-weather|RainDance|[from] ability: Drizzle|[of] p2a: Pelipper\n|turn|1\n|\n|t:|1682444745\n|switch|p1b: Garchomp|Garchomp, L50, F|100\/100\n|-terastallize|p1a: Tyranitar|Flying\n|move|p2b: Golduck|Surf|p1b: Garchomp|[spread] p2a,p1a,p1b\n|-resisted|p2a: Pelipper\n|-crit|p1b: Garchomp\n|-damage|p2a: Pelipper|74\/100\n|-damage|p1a: Tyranitar|67\/100\n|-damage|p1b: Garchomp|4\/100\n|-damage|p2b: Golduck|91\/100|[from] item: Life Orb\n|move|p1a: Tyranitar|Rock Slide|p2a: Pelipper|[spread] p2a,p2b\n|-supereffective|p2a: Pelipper\n|-crit|p2b: Golduck\n|-damage|p2a: Pelipper|4\/100\n|-damage|p2b: Golduck|25\/100\n|move|p2a: Pelipper|Tailwind|p2a: Pelipper\n|-sidestart|p2: VeeGey|move: Tailwind\n|\n|-weather|RainDance|[upkeep]\n|upkeep\n|turn|2\n|\n|t:|1682444764\n|move|p2a: Pelipper|Wide Guard|p2a: Pelipper\n|-singleturn|p2a: Pelipper|Wide Guard\n|move|p2b: Golduck|Surf|p1b: Garchomp|[spread] p1a,p1b\n|-activate|p2a: Pelipper|move: Wide Guard\n|-damage|p1a: Tyranitar|31\/100\n|-damage|p1b: Garchomp|0 fnt\n|faint|p1b: Garchomp\n|-damage|p2b: Golduck|15\/100|[from] item: Life Orb\n|move|p1a: Tyranitar|Rock Slide|p2a: Pelipper|[spread] \n|-activate|p2a: Pelipper|move: Wide Guard\n|-activate|p2b: Golduck|move: Wide Guard\n|\n|-weather|RainDance|[upkeep]\n|upkeep\n|\n|t:|1682444769\n|switch|p1b: Lycanroc|Lycanroc, L50, F|100\/100\n|turn|3\n|\n|t:|1682444791\n|switch|p1a: Houndstone|Houndstone, L50, M|100\/100\n|move|p1b: Lycanroc|Accelerock|p2b: Golduck\n|-damage|p2b: Golduck|0 fnt\n|faint|p2b: Golduck\n|move|p2a: Pelipper|Chilling Water|p1a: Houndstone\n|-damage|p1a: Houndstone|70\/100\n|-unboost|p1a: Houndstone|atk|1\n|\n|-weather|RainDance|[upkeep]\n|upkeep\n|\n|t:|1682444801\n|switch|p2b: Barraskewda|Barraskewda, L50, F|100\/100\n|turn|4\n|\n|t:|1682444811\n|switch|p1a: Tyranitar|Tyranitar, L50, M, tera:Flying|31\/100\n|-weather|Sandstorm|[from] ability: Sand Stream|[of] p1a: Tyranitar\n|move|p2a: Pelipper|Wide Guard|p2a: Pelipper\n|-singleturn|p2a: Pelipper|Wide Guard\n|move|p1b: Lycanroc|Accelerock|p2b: Barraskewda\n|-damage|p2b: Barraskewda|43\/100\n|move|p2b: Barraskewda|Liquidation|p1b: Lycanroc\n|-supereffective|p1b: Lycanroc\n|-damage|p1b: Lycanroc|0 fnt\n|faint|p1b: Lycanroc\n|\n|-weather|Sandstorm|[upkeep]\n|-damage|p2b: Barraskewda|37\/100|[from] Sandstorm\n|-damage|p2a: Pelipper|0 fnt|[from] Sandstorm\n|-damage|p1a: Tyranitar|25\/100|[from] Sandstorm\n|faint|p2a: Pelipper\n|-sideend|p2: VeeGey|move: Tailwind\n|upkeep\n|\n|t:|1682444823\n|switch|p1b: Houndstone|Houndstone, L50, M|70\/100\n|switch|p2a: Squawkabilly|Squawkabilly, L50, M|100\/100\n|turn|5\n|\n|t:|1682444839\n|move|p2a: Squawkabilly|Protect|p2a: Squawkabilly\n|-singleturn|p2a: Squawkabilly|Protect\n|move|p1b: Houndstone|Last Respects|p2b: Barraskewda\n|-damage|p2b: Barraskewda|0 fnt\n|faint|p2b: Barraskewda\n|move|p1a: Tyranitar|Rock Slide|p2a: Squawkabilly\n|-activate|p2a: Squawkabilly|move: Protect\n|\n|-weather|Sandstorm|[upkeep]\n|-damage|p2a: Squawkabilly|95\/100|[from] Sandstorm\n|-damage|p1a: Tyranitar|19\/100|[from] Sandstorm\n|-status|p2a: Squawkabilly|brn|[from] item: Flame Orb\n|upkeep\n|turn|6\n|\n|t:|1682444859\n|move|p1b: Houndstone|Body Press|p2a: Squawkabilly\n|-damage|p2a: Squawkabilly|60\/100 brn\n|move|p2a: Squawkabilly|Brave Bird|p1a: Tyranitar\n|-damage|p1a: Tyranitar|0 fnt\n|faint|p1a: Tyranitar\n|-damage|p2a: Squawkabilly|52\/100 brn|[from] Recoil\n|\n|-weather|Sandstorm|[upkeep]\n|-damage|p2a: Squawkabilly|46\/100 brn|[from] Sandstorm\n|-damage|p2a: Squawkabilly|40\/100 brn|[from] brn\n|upkeep\n|turn|7\n|\n|t:|1682444866\n|move|p1b: Houndstone|Protect|p1b: Houndstone\n|-singleturn|p1b: Houndstone|Protect\n|move|p2a: Squawkabilly|Brave Bird|p1b: Houndstone\n|-activate|p1b: Houndstone|move: Protect\n|\n|-weather|Sandstorm|[upkeep]\n|-damage|p2a: Squawkabilly|35\/100 brn|[from] Sandstorm\n|-damage|p2a: Squawkabilly|29\/100 brn|[from] brn\n|upkeep\n|turn|8\n|\n|t:|1682444877\n|move|p2a: Squawkabilly|Protect|p2a: Squawkabilly\n|-singleturn|p2a: Squawkabilly|Protect\n|move|p1b: Houndstone|Body Press|p2a: Squawkabilly\n|-activate|p2a: Squawkabilly|move: Protect\n|\n|-weather|none\n|-damage|p2a: Squawkabilly|23\/100 brn|[from] brn\n|upkeep\n|turn|9\n|\n|t:|1682444885\n|move|p1b: Houndstone|Protect|p1b: Houndstone\n|-singleturn|p1b: Houndstone|Protect\n|move|p2a: Squawkabilly|Brave Bird|p1b: Houndstone\n|-activate|p1b: Houndstone|move: Protect\n|\n|-damage|p2a: Squawkabilly|18\/100 brn|[from] brn\n|upkeep\n|turn|10\n|\n|t:|1682444892\n|move|p2a: Squawkabilly|Brave Bird|p1b: Houndstone\n|-damage|p1b: Houndstone|0 fnt\n|faint|p1b: Houndstone\n|-damage|p2a: Squawkabilly|0 fnt|[from] Recoil\n|faint|p2a: Squawkabilly\n|\n|win|VeeGey\n|raw|numver1's rating: 1090 → 1063<\/strong> (-27 for losing)\n|raw|VeeGey's rating: 1036 → 1076<\/strong> (+40 for winning)\n|l|\u2606numver1\n","uploadtime":1682444904,"views":6,"p1id":"numver1","p2id":"veegey","formatid":"gen9vgc2023regulationc","rating":1063,"private":0,"password":""}