{"id":"gen9vgc2023regulationc-1845686949","p1":"ReimiHoodClips","p2":"ScepTorBird","format":"[Gen 9] VGC 2023 Regulation C","log":"|j|\u2606ReimiHoodClips\n|j|\u2606ScepTorBird\n|t:|1681755579\n|gametype|doubles\n|player|p1|ReimiHoodClips|bianca|1166\n|player|p2|ScepTorBird|koga|1053\n|teamsize|p1|6\n|teamsize|p2|6\n|gen|9\n|tier|[Gen 9] VGC 2023 Regulation C\n|rated|\n|rule|Species Clause: Limit one of each Pok\u00e9mon\n|rule|Item Clause: Limit one of each item\n|clearpoke\n|poke|p1|Tinkaton, L50, F|\n|poke|p1|Amoonguss, L50, M|\n|poke|p1|Tyranitar, L50, F|\n|poke|p1|Ceruledge, L50, M|\n|poke|p1|Palafin, L50, F|\n|poke|p1|Hydreigon, L50, M|\n|poke|p2|Kingambit, L50, F|\n|poke|p2|Iron Bundle, L50|\n|poke|p2|Chien-Pao, L50|\n|poke|p2|Arcanine, L50, F|\n|poke|p2|Corviknight, L50, M|\n|poke|p2|Great Tusk, L50|\n|teampreview|4\n|inactive|Battle timer is ON: inactive players will automatically lose when time's up. (requested by ScepTorBird)\n|inactive|ReimiHoodClips also wants the timer to be on.\n|inactive|ReimiHoodClips has 60 seconds left.\n|\n|t:|1681755616\n|start\n|switch|p1a: Amoonguss|Amoonguss, L50, M|100\/100\n|switch|p1b: Palafin|Palafin, L50, F|100\/100\n|switch|p2a: Arcanine|Arcanine, L50, F|100\/100\n|switch|p2b: Iron Bundle|Iron Bundle, L50|100\/100\n|-ability|p2a: Arcanine|Intimidate|boost\n|-unboost|p1a: Amoonguss|atk|1\n|-unboost|p1b: Palafin|atk|1\n|-enditem|p2b: Iron Bundle|Booster Energy\n|-activate|p2b: Iron Bundle|ability: Quark Drive|[fromitem]\n|-start|p2b: Iron Bundle|quarkdrivespe\n|turn|1\n|\n|t:|1681755637\n|detailschange|p1b: Palafin|Palafin-Hero, L50, F\n|switch|p1b: Ceruledge|Ceruledge, L50, M|100\/100\n|move|p2b: Iron Bundle|Protect|p2b: Iron Bundle\n|-singleturn|p2b: Iron Bundle|Protect\n|move|p2a: Arcanine|Will-O-Wisp|p1b: Ceruledge\n|-start|p1b: Ceruledge|ability: Flash Fire\n|move|p1a: Amoonguss|Spore|p2b: Iron Bundle\n|-activate|p2b: Iron Bundle|move: Protect\n|\n|upkeep\n|turn|2\n|inactive|ReimiHoodClips has 30 seconds left.\n|inactive|ScepTorBird has 30 seconds left.\n|inactive|ScepTorBird has 20 seconds left.\n|\n|t:|1681755676\n|-terastallize|p2b: Iron Bundle|Ice\n|move|p2b: Iron Bundle|Freeze-Dry|p1a: Amoonguss\n|-supereffective|p1a: Amoonguss\n|-damage|p1a: Amoonguss|35\/100\n|move|p1b: Ceruledge|Bitter Blade|p2b: Iron Bundle\n|-supereffective|p2b: Iron Bundle\n|-damage|p2b: Iron Bundle|0 fnt\n|faint|p2b: Iron Bundle\n|-end|p2b: Iron Bundle|Quark Drive|[silent]\n|move|p2a: Arcanine|Snarl|p1b: Ceruledge|[spread] p1a,p1b\n|-supereffective|p1b: Ceruledge\n|-damage|p1a: Amoonguss|29\/100\n|-damage|p1b: Ceruledge|78\/100\n|-unboost|p1b: Ceruledge|spa|1\n|move|p1a: Amoonguss|Spore|p2a: Arcanine\n|-activate|p2a: Arcanine|item: Safety Goggles|Spore\n|\n|-heal|p1b: Ceruledge|84\/100|[from] item: Leftovers\n|upkeep\n|c|\u2606ScepTorBird|Stupid ass fucking chat won't tell me the weakness of the mushroom\n|n|\u203dScepTorBird|sceptorbird\n|c|&|\/log ScepTorBird was locked from talking by Artemis. (\u2606ScepTorBird: Stupid ass fucking chat won't tell me the weakness of the mushroom)\n|c|&|\/raw This action was done automatically. Want to learn more about the AI? Visit the information thread<\/a>.<\/small>\n|inactive|ScepTorBird has 30 seconds left.\n|\n|t:|1681755703\n|switch|p2b: Chien-Pao|Chien-Pao, L50|100\/100\n|-ability|p2b: Chien-Pao|Sword of Ruin\n|turn|3\n|\n|t:|1681755711\n|switch|p1a: Palafin|Palafin-Hero, L50, F|100\/100\n|-activate|p1a: Palafin|ability: Zero to Hero\n|move|p2b: Chien-Pao|Protect|p2b: Chien-Pao\n|-singleturn|p2b: Chien-Pao|Protect\n|move|p1b: Ceruledge|Protect|p1b: Ceruledge\n|-singleturn|p1b: Ceruledge|Protect\n|move|p2a: Arcanine|Flare Blitz|p1a: Palafin\n|-resisted|p1a: Palafin\n|-damage|p1a: Palafin|67\/100\n|-damage|p2a: Arcanine|91\/100|[from] Recoil\n|\n|-heal|p1b: Ceruledge|90\/100|[from] item: Leftovers\n|upkeep\n|turn|4\n|inactive|ReimiHoodClips has 30 seconds left.\n|\n|t:|1681755736\n|-terastallize|p1b: Ceruledge|Grass\n|move|p2b: Chien-Pao|Crunch|p1b: Ceruledge\n|-damage|p1b: Ceruledge|19\/100\n|-unboost|p1b: Ceruledge|def|1\n|move|p1a: Palafin|Wave Crash|p2a: Arcanine\n|-supereffective|p2a: Arcanine\n|-damage|p2a: Arcanine|0 fnt\n|faint|p2a: Arcanine\n|-damage|p1a: Palafin|34\/100|[from] Recoil\n|move|p1b: Ceruledge|Bitter Blade|p2b: Chien-Pao\n|-supereffective|p2b: Chien-Pao\n|-enditem|p2b: Chien-Pao|Focus Sash\n|-damage|p2b: Chien-Pao|1\/100\n|-heal|p1b: Ceruledge|70\/100|[from] drain|[of] p2b: Chien-Pao\n|\n|-heal|p1b: Ceruledge|76\/100|[from] item: Leftovers\n|upkeep\n|\n|t:|1681755740\n|switch|p2a: Great Tusk|Great Tusk, L50|100\/100\n|turn|5\n|-message|ScepTorBird forfeited.\n|\n|win|ReimiHoodClips\n|raw|ReimiHoodClips's rating: 1166 → 1183<\/strong> (+17 for winning)\n|raw|ScepTorBird's rating: 1053 → 1041<\/strong> (-12 for losing)\n|l|\u203dScepTorBird\n","uploadtime":1681755693,"views":10,"p1id":"reimihoodclips","p2id":"sceptorbird","formatid":"gen9vgc2023regulationc","rating":1041,"private":0,"password":""}