{"id":"gen9vgc2023regulationc-1864376307","p1":"littlemasteraik","p2":"paggans","format":"[Gen 9] VGC 2023 Regulation C","log":"|j|\u2606littlemasteraik\n|j|\u2606paggans\n|t:|1684160971\n|gametype|doubles\n|player|p1|littlemasteraik|102|1376\n|player|p2|paggans|blaine|1317\n|teamsize|p1|6\n|teamsize|p2|6\n|gen|9\n|tier|[Gen 9] VGC 2023 Regulation C\n|rated|\n|rule|Species Clause: Limit one of each Pok\u00e9mon\n|rule|Item Clause: Limit one of each item\n|clearpoke\n|poke|p1|Talonflame, L50, M|\n|poke|p1|Amoonguss, L50, M|\n|poke|p1|Flutter Mane, L50|\n|poke|p1|Chi-Yu, L50|\n|poke|p1|Iron Bundle, L50|\n|poke|p1|Azumarill, L50, F|\n|poke|p2|Annihilape, L50, F|\n|poke|p2|Ting-Lu, L50|\n|poke|p2|Arcanine, L50, M|\n|poke|p2|Garganacl, L50, M|\n|poke|p2|Meowscarada, L50, M|\n|poke|p2|Tyranitar, L50, F|\n|teampreview|4\n|inactive|Battle timer is ON: inactive players will automatically lose when time's up. (requested by paggans)\npaggans rejected open team sheets.\n|inactive|littlemasteraik has 60 seconds left.\n|\n|t:|1684161020\n|start\n|switch|p1a: Amoonguss|Amoonguss, L50, M|100\/100\n|switch|p1b: Azumarill|Azumarill, L50, F|100\/100\n|switch|p2a: Annihilape|Annihilape, L50, F|100\/100\n|switch|p2b: Ting-Lu|Ting-Lu, L50|100\/100\n|-ability|p2b: Ting-Lu|Vessel of Ruin\n|turn|1\n|\n|t:|1684161043\n|-terastallize|p2a: Annihilape|Grass\n|move|p2a: Annihilape|Final Gambit|p1b: Azumarill\n|-damage|p1b: Azumarill|0 fnt\n|faint|p2a: Annihilape\n|faint|p1b: Azumarill\n|move|p2b: Ting-Lu|Fissure|p1a: Amoonguss|[miss]\n|-miss|p2b: Ting-Lu|p1a: Amoonguss\n|move|p1a: Amoonguss|Spore|p2b: Ting-Lu\n|-status|p2b: Ting-Lu|slp|[from] move: Spore\n|\n|upkeep\n|\n|t:|1684161063\n|switch|p2a: Arcanine|Arcanine, L50, M|100\/100\n|switch|p1b: Chi-Yu|Chi-Yu, L50|100\/100\n|-ability|p2a: Arcanine|Intimidate|boost\n|-unboost|p1a: Amoonguss|atk|1\n|-unboost|p1b: Chi-Yu|atk|1\n|-ability|p1b: Chi-Yu|Beads of Ruin\n|turn|2\n|\n|t:|1684161081\n|-terastallize|p1a: Amoonguss|Water\n|move|p1a: Amoonguss|Rage Powder|p1a: Amoonguss\n|-singleturn|p1a: Amoonguss|move: Rage Powder\n|move|p2a: Arcanine|Snarl|p1b: Chi-Yu|[spread] p1a,p1b\n|-resisted|p1b: Chi-Yu\n|-damage|p1a: Amoonguss|93\/100\n|-damage|p1b: Chi-Yu|97\/100\n|-unboost|p1a: Amoonguss|spa|1\n|-unboost|p1b: Chi-Yu|spa|1\n|move|p1b: Chi-Yu|Nasty Plot|p1b: Chi-Yu\n|-boost|p1b: Chi-Yu|spa|2\n|cant|p2b: Ting-Lu|slp\n|\n|-heal|p1b: Chi-Yu|100\/100|[from] item: Leftovers\n|upkeep\n|turn|3\n|\n|t:|1684161098\n|move|p1a: Amoonguss|Rage Powder|p1a: Amoonguss\n|-singleturn|p1a: Amoonguss|move: Rage Powder\n|move|p2a: Arcanine|Snarl|p1b: Chi-Yu|[spread] p1a,p1b\n|-resisted|p1b: Chi-Yu\n|-damage|p1a: Amoonguss|85\/100\n|-damage|p1b: Chi-Yu|97\/100\n|-unboost|p1a: Amoonguss|spa|1\n|-unboost|p1b: Chi-Yu|spa|1\n|move|p1b: Chi-Yu|Nasty Plot|p1b: Chi-Yu\n|-boost|p1b: Chi-Yu|spa|2\n|cant|p2b: Ting-Lu|slp\n|\n|-heal|p1b: Chi-Yu|100\/100|[from] item: Leftovers\n|upkeep\n|turn|4\n|inactive|littlemasteraik has 30 seconds left.\n|inactive|littlemasteraik has 20 seconds left.\n|inactive|littlemasteraik has 15 seconds left.\n|inactive|paggans has 30 seconds left.\n|\n|t:|1684161144\n|move|p2a: Arcanine|Snarl|p1b: Chi-Yu|[spread] p1a,p1b\n|-resisted|p1b: Chi-Yu\n|-damage|p1a: Amoonguss|77\/100\n|-damage|p1b: Chi-Yu|97\/100\n|-unboost|p1a: Amoonguss|spa|1\n|-unboost|p1b: Chi-Yu|spa|1\n|move|p1b: Chi-Yu|Dark Pulse|p2a: Arcanine\n|-damage|p2a: Arcanine|32\/100\n|-curestatus|p2b: Ting-Lu|slp|[msg]\n|move|p2b: Ting-Lu|Fissure|p1a: Amoonguss|[miss]\n|-miss|p2b: Ting-Lu|p1a: Amoonguss\n|move|p1a: Amoonguss|Spore|p2b: Ting-Lu\n|-status|p2b: Ting-Lu|slp|[from] move: Spore\n|\n|-heal|p1b: Chi-Yu|100\/100|[from] item: Leftovers\n|upkeep\n|turn|5\n|inactive|littlemasteraik has 30 seconds left.\n|\n|t:|1684161178\n|move|p2a: Arcanine|Snarl|p1a: Amoonguss|[spread] p1a,p1b\n|-resisted|p1b: Chi-Yu\n|-damage|p1a: Amoonguss|69\/100\n|-damage|p1b: Chi-Yu|97\/100\n|-unboost|p1a: Amoonguss|spa|1\n|-unboost|p1b: Chi-Yu|spa|1\n|move|p1b: Chi-Yu|Heat Wave|p2b: Ting-Lu|[spread] p2a,p2b\n|-resisted|p2a: Arcanine\n|-damage|p2a: Arcanine|13\/100\n|-damage|p2b: Ting-Lu|86\/100 slp\n|cant|p2b: Ting-Lu|slp\n|move|p1a: Amoonguss|Pollen Puff|p2a: Arcanine\n|-resisted|p2a: Arcanine\n|-damage|p2a: Arcanine|10\/100\n|\n|-heal|p1b: Chi-Yu|100\/100|[from] item: Leftovers\n|upkeep\n|turn|6\n|inactive|littlemasteraik has 30 seconds left.\n|\n|t:|1684161207\n|move|p2a: Arcanine|Snarl|p1a: Amoonguss|[spread] p1a,p1b\n|-resisted|p1b: Chi-Yu\n|-damage|p1a: Amoonguss|62\/100\n|-damage|p1b: Chi-Yu|97\/100\n|-unboost|p1a: Amoonguss|spa|1\n|-unboost|p1b: Chi-Yu|spa|1\n|move|p1b: Chi-Yu|Dark Pulse|p2a: Arcanine\n|-damage|p2a: Arcanine|0 fnt\n|faint|p2a: Arcanine\n|cant|p2b: Ting-Lu|slp\n|move|p1a: Amoonguss|Spore|p2b: Ting-Lu\n|-fail|p2b: Ting-Lu|slp\n|\n|-heal|p1b: Chi-Yu|100\/100|[from] item: Leftovers\n|upkeep\n|\n|t:|1684161221\n|switch|p2a: Garganacl|Garganacl, L50, M|100\/100\n|turn|7\n|inactive|littlemasteraik has 30 seconds left.\n|\n|t:|1684161246\n|switch|p1a: Flutter Mane|Flutter Mane, L50|100\/100\n|move|p1b: Chi-Yu|Protect|p1b: Chi-Yu\n|-singleturn|p1b: Chi-Yu|Protect\n|cant|p2b: Ting-Lu|slp\n|move|p2a: Garganacl|Salt Cure|p1b: Chi-Yu\n|-activate|p1b: Chi-Yu|move: Protect\n|\n|upkeep\n|turn|8\n|\n|t:|1684161260\n|switch|p1b: Amoonguss|Amoonguss, L50, M, tera:Water|95\/100\n|move|p2a: Garganacl|Protect|p2a: Garganacl\n|-singleturn|p2a: Garganacl|Protect\n|move|p1a: Flutter Mane|Moonblast|p2b: Ting-Lu\n|-supereffective|p2b: Ting-Lu\n|-damage|p2b: Ting-Lu|34\/100 slp\n|-curestatus|p2b: Ting-Lu|slp|[msg]\n|move|p2b: Ting-Lu|Heavy Slam|p1a: Flutter Mane\n|-supereffective|p1a: Flutter Mane\n|-damage|p1a: Flutter Mane|0 fnt\n|faint|p1a: Flutter Mane\n|-end|p1a: Flutter Mane|Protosynthesis|[silent]\n|\n|upkeep\n|\n|t:|1684161273\n|switch|p1a: Chi-Yu|Chi-Yu, L50|100\/100\n|-ability|p1a: Chi-Yu|Beads of Ruin\n|turn|9\n|inactive|littlemasteraik has 30 seconds left.\n|\n|t:|1684161306\n|move|p1a: Chi-Yu|Nasty Plot|p1a: Chi-Yu\n|-boost|p1a: Chi-Yu|spa|2\n|move|p2b: Ting-Lu|Stomping Tantrum|p1a: Chi-Yu\n|-supereffective|p1a: Chi-Yu\n|-damage|p1a: Chi-Yu|26\/100\n|move|p2a: Garganacl|Salt Cure|p1a: Chi-Yu\n|-supereffective|p1a: Chi-Yu\n|-damage|p1a: Chi-Yu|0 fnt\n|faint|p1a: Chi-Yu\n|move|p1b: Amoonguss|Spore|p2b: Ting-Lu\n|-status|p2b: Ting-Lu|slp|[from] move: Spore\n|\n|upkeep\n|turn|10\n|\n|t:|1684161323\n|cant|p2b: Ting-Lu|slp\n|move|p2a: Garganacl|Salt Cure|p1b: Amoonguss\n|-damage|p1b: Amoonguss|82\/100\n|-start|p1b: Amoonguss|Salt Cure\n|move|p1b: Amoonguss|Pollen Puff|p2b: Ting-Lu\n|-supereffective|p2b: Ting-Lu\n|-damage|p2b: Ting-Lu|21\/100 slp\n|\n|-damage|p1b: Amoonguss|57\/100|[from] Salt Cure\n|upkeep\n|turn|11\n|\n|t:|1684161340\n|cant|p2b: Ting-Lu|slp\n|move|p2a: Garganacl|Salt Cure|p1b: Amoonguss\n|-damage|p1b: Amoonguss|45\/100\n|-enditem|p1b: Amoonguss|Sitrus Berry|[eat]\n|-heal|p1b: Amoonguss|70\/100|[from] item: Sitrus Berry\n|move|p1b: Amoonguss|Spore|p2a: Garganacl\n|-immune|p2a: Garganacl|[from] ability: Purifying Salt\n|\n|-damage|p1b: Amoonguss|45\/100|[from] Salt Cure\n|upkeep\n|turn|12\n|\n|t:|1684161358\n|-curestatus|p2b: Ting-Lu|slp|[msg]\n|move|p2b: Ting-Lu|Stomping Tantrum|p1b: Amoonguss\n|-damage|p1b: Amoonguss|0 fnt\n|faint|p1b: Amoonguss\n|\n|win|paggans\n|raw|littlemasteraik's rating: 1376 → 1353<\/strong> (-23 for losing)\n|raw|paggans's rating: 1317 → 1340<\/strong> (+23 for winning)\n|l|\u2606paggans\n","uploadtime":1684161365,"views":10,"p1id":"littlemasteraik","p2id":"paggans","formatid":"gen9vgc2023regulationc","rating":1340,"private":0,"password":""}