{"id":"gen9vgc2023regulationc-1848185139","p1":"Tas87","p2":"WillieDangerously","format":"[Gen 9] VGC 2023 Regulation C","log":"|j|\u2606Tas87\n|j|\u2606WillieDangerously\n|t:|1682039808\n|gametype|doubles\n|player|p1|Tas87|2|1166\n|player|p2|WillieDangerously|psychic-gen4|1217\n|teamsize|p1|6\n|teamsize|p2|6\n|gen|9\n|tier|[Gen 9] VGC 2023 Regulation C\n|rated|\n|rule|Species Clause: Limit one of each Pok\u00e9mon\n|rule|Item Clause: Limit one of each item\n|clearpoke\n|poke|p1|Kilowattrel, L50, M|\n|poke|p1|Garchomp, L50, M|\n|poke|p1|Tyranitar, L50, M|\n|poke|p1|Medicham, L50, M|\n|poke|p1|Orthworm, L50, F|\n|poke|p1|Chien-Pao, L50|\n|poke|p2|Espathra, L50, M|\n|poke|p2|Iron Bundle, L50|\n|poke|p2|Iron Valiant, L50|\n|poke|p2|Salamence, L50, F|\n|poke|p2|Scizor, L50, M|\n|poke|p2|Sandy Shocks, L50|\n|teampreview|4\n|inactive|Battle timer is ON: inactive players will automatically lose when time's up. (requested by Tas87)\n|\n|t:|1682039836\n|start\n|switch|p1a: Garchomp|Garchomp, L50, M|100\/100\n|switch|p1b: Chien-Pao|Chien-Pao, L50|100\/100\n|switch|p2a: Sandy Shocks|Sandy Shocks, L50|100\/100\n|switch|p2b: Iron Valiant|Iron Valiant, L50|100\/100\n|-ability|p1b: Chien-Pao|Sword of Ruin\n|-enditem|p2a: Sandy Shocks|Booster Energy\n|-activate|p2a: Sandy Shocks|ability: Protosynthesis|[fromitem]\n|-start|p2a: Sandy Shocks|protosynthesisspe\n|turn|1\n|inactive|Tas87 has 30 seconds left.\n|\n|t:|1682039867\n|-terastallize|p2a: Sandy Shocks|Ghost\n|move|p1b: Chien-Pao|Sucker Punch||[still]\n|-fail|p1b: Chien-Pao\n|move|p2a: Sandy Shocks|Gravity|p2a: Sandy Shocks\n|-fieldstart|move: Gravity\n|move|p2b: Iron Valiant|Hypnosis|p1a: Garchomp\n|-status|p1a: Garchomp|slp|[from] move: Hypnosis\n|cant|p1a: Garchomp|slp\n|\n|upkeep\n|turn|2\n|\n|t:|1682039890\n|-end|p2a: Sandy Shocks|Protosynthesis|[silent]\n|switch|p2a: Scizor|Scizor, L50, M|100\/100\n|switch|p1a: Tyranitar|Tyranitar, L50, M|100\/100\n|-weather|Sandstorm|[from] ability: Sand Stream|[of] p1a: Tyranitar\n|move|p1b: Chien-Pao|Sheer Cold|p2a: Scizor|[miss]\n|-miss|p1b: Chien-Pao|p2a: Scizor\n|move|p2b: Iron Valiant|Moonblast|p1a: Tyranitar\n|-supereffective|p1a: Tyranitar\n|-damage|p1a: Tyranitar|65\/100\n|\n|-weather|Sandstorm|[upkeep]\n|-damage|p2b: Iron Valiant|94\/100|[from] Sandstorm\n|upkeep\n|turn|3\n|\n|t:|1682039914\n|-terastallize|p1a: Tyranitar|Flying\n|move|p1b: Chien-Pao|Sheer Cold|p2a: Scizor\n|-damage|p2a: Scizor|0 fnt\n|faint|p2a: Scizor\n|-ohko\n|move|p2b: Iron Valiant|Hypnosis|p1a: Tyranitar\n|-status|p1a: Tyranitar|slp|[from] move: Hypnosis\n|cant|p1a: Tyranitar|slp\n|\n|-weather|Sandstorm|[upkeep]\n|-damage|p2b: Iron Valiant|88\/100|[from] Sandstorm\n|-damage|p1a: Tyranitar|59\/100 slp|[from] Sandstorm\n|upkeep\n|\n|t:|1682039930\n|switch|p2a: Iron Bundle|Iron Bundle, L50|100\/100\n|turn|4\n|\n|t:|1682039939\n|switch|p1a: Garchomp|Garchomp, L50, M|100\/100 slp\n|move|p2a: Iron Bundle|Blizzard|p1b: Chien-Pao|[spread] p1a,p1b\n|-supereffective|p1a: Garchomp\n|-resisted|p1b: Chien-Pao\n|-damage|p1a: Garchomp|0 fnt\n|-damage|p1b: Chien-Pao|61\/100\n|faint|p1a: Garchomp\n|move|p1b: Chien-Pao|Sheer Cold|p2b: Iron Valiant\n|-damage|p2b: Iron Valiant|0 fnt\n|faint|p2b: Iron Valiant\n|-end|p2b: Iron Valiant|Quark Drive|[silent]\n|-ohko\n|\n|-weather|Sandstorm|[upkeep]\n|-damage|p2a: Iron Bundle|94\/100|[from] Sandstorm\n|upkeep\n|\n|t:|1682039951\n|switch|p2b: Sandy Shocks|Sandy Shocks, L50, tera:Ghost|100\/100\n|switch|p1a: Tyranitar|Tyranitar, L50, M, tera:Flying|59\/100 slp\n|turn|5\n|\n|t:|1682039965\n|move|p2b: Sandy Shocks|Protect|p2b: Sandy Shocks\n|-singleturn|p2b: Sandy Shocks|Protect\n|move|p2a: Iron Bundle|Blizzard|p1a: Tyranitar|[spread] p1a,p1b\n|-supereffective|p1a: Tyranitar\n|-resisted|p1b: Chien-Pao\n|-damage|p1a: Tyranitar|7\/100 slp\n|-damage|p1b: Chien-Pao|26\/100\n|move|p1b: Chien-Pao|Sheer Cold|p2b: Sandy Shocks\n|-activate|p2b: Sandy Shocks|move: Protect\n|cant|p1a: Tyranitar|slp\n|\n|-weather|Sandstorm|[upkeep]\n|-damage|p2a: Iron Bundle|88\/100|[from] Sandstorm\n|-damage|p2b: Sandy Shocks|94\/100|[from] Sandstorm\n|-damage|p1a: Tyranitar|1\/100 slp|[from] Sandstorm\n|-fieldend|move: Gravity\n|upkeep\n|turn|6\n|\n|t:|1682039990\n|move|p1b: Chien-Pao|Sucker Punch|p2a: Iron Bundle\n|-damage|p2a: Iron Bundle|30\/100\n|move|p2a: Iron Bundle|Blizzard|p1a: Tyranitar|[spread] \n|-miss|p2a: Iron Bundle|p1a: Tyranitar\n|-miss|p2a: Iron Bundle|p1b: Chien-Pao\n|move|p2b: Sandy Shocks|Gravity|p2b: Sandy Shocks\n|-fieldstart|move: Gravity\n|-curestatus|p1a: Tyranitar|slp|[msg]\n|move|p1a: Tyranitar|Rock Slide|p2a: Iron Bundle|[spread] p2a,p2b\n|-supereffective|p2a: Iron Bundle\n|-damage|p2a: Iron Bundle|0 fnt\n|-damage|p2b: Sandy Shocks|43\/100\n|faint|p2a: Iron Bundle\n|-end|p2a: Iron Bundle|Quark Drive|[silent]\n|\n|-weather|none\n|upkeep\n|turn|7\n|-message|WillieDangerously forfeited.\n|\n|win|Tas87\n|raw|Tas87's rating: 1166 → 1195<\/strong> (+29 for winning)\n|raw|WillieDangerously's rating: 1217 → 1188<\/strong> (-29 for losing)\n","uploadtime":1682040008,"views":9,"p1id":"tas87","p2id":"williedangerously","formatid":"gen9vgc2023regulationc","rating":1188,"private":0,"password":""}