{"id":"gen9vgc2023regulationc-1862643044","p1":"Tickz","p2":"Arcacagne","format":"[Gen 9] VGC 2023 Regulation C","log":"|j|\u2606Tickz\n|j|\u2606Arcacagne\n|t:|1683908271\n|gametype|doubles\n|player|p1|Tickz|1|1223\n|player|p2|Arcacagne|169|1229\n|teamsize|p1|6\n|teamsize|p2|6\n|gen|9\n|tier|[Gen 9] VGC 2023 Regulation C\n|rated|\n|rule|Species Clause: Limit one of each Pok\u00e9mon\n|rule|Item Clause: Limit one of each item\n|clearpoke\n|poke|p1|Talonflame, L50, F|\n|poke|p1|Garchomp, L50, M|\n|poke|p1|Amoonguss, L50, F|\n|poke|p1|Kingambit, L50, F|\n|poke|p1|Arcanine, L50, M|\n|poke|p1|Flutter Mane, L50|\n|poke|p2|Ting-Lu, L50|\n|poke|p2|Flutter Mane, L50|\n|poke|p2|Amoonguss, L50, F|\n|poke|p2|Palafin, L50, M|\n|poke|p2|Kingambit, L50, F|\n|poke|p2|Tauros-Paldea-Blaze, L50, M|\n|teampreview|4\n|inactive|Battle timer is ON: inactive players will automatically lose when time's up. (requested by Tickz)\n|inactive|Tickz has 60 seconds left.\n|inactive|Arcacagne has 60 seconds left.\n|\n|t:|1683908327\n|start\n|switch|p1a: GOAT|Talonflame, L50, F, shiny|100\/100\n|switch|p1b: Garchomp|Garchomp, L50, M|100\/100\n|switch|p2a: Palafin|Palafin, L50, M|100\/100\n|switch|p2b: Tauros|Tauros-Paldea-Blaze, L50, M|100\/100\n|-ability|p2b: Tauros|Intimidate|boost\n|-unboost|p1a: GOAT|atk|1\n|-unboost|p1b: Garchomp|atk|1\n|turn|1\n|inactive|Tickz has 30 seconds left.\n|inactive|Arcacagne has 30 seconds left.\n|inactive|Arcacagne has 20 seconds left.\n|\n|t:|1683908363\n|switch|p1b: Flutter Mane|Flutter Mane, L50|100\/100\n|move|p2a: Palafin|Jet Punch|p1a: GOAT\n|-supereffective|p1a: GOAT\n|-damage|p1a: GOAT|15\/100\n|move|p1a: GOAT|Will-O-Wisp|p2a: Palafin\n|-status|p2a: Palafin|brn\n|move|p2b: Tauros|Will-O-Wisp|p1b: Flutter Mane\n|-status|p1b: Flutter Mane|brn\n|\n|-damage|p1b: Flutter Mane|94\/100 brn|[from] brn\n|-damage|p2a: Palafin|94\/100 brn|[from] brn\n|upkeep\n|turn|2\n|inactive|Tickz has 30 seconds left.\n|inactive|Arcacagne has 30 seconds left.\n|\n|t:|1683908395\n|-terastallize|p2b: Tauros|Steel\n|move|p2a: Palafin|Jet Punch|p1a: GOAT\n|-supereffective|p1a: GOAT\n|-damage|p1a: GOAT|0 fnt\n|faint|p1a: GOAT\n|move|p1b: Flutter Mane|Dazzling Gleam|p2b: Tauros|[spread] p2a,p2b\n|-resisted|p2b: Tauros\n|-damage|p2a: Palafin|22\/100 brn\n|-damage|p2b: Tauros|76\/100\n|move|p2b: Tauros|Raging Bull|p1b: Flutter Mane\n|-damage|p1b: Flutter Mane|10\/100 brn\n|\n|-damage|p1b: Flutter Mane|4\/100 brn|[from] brn\n|-damage|p2a: Palafin|16\/100 brn|[from] brn\n|upkeep\n|\n|t:|1683908406\n|switch|p1a: Garchomp|Garchomp, L50, M|100\/100\n|turn|3\n|\n|t:|1683908416\n|move|p2a: Palafin|Jet Punch|p1b: Flutter Mane\n|-damage|p1b: Flutter Mane|0 fnt\n|faint|p1b: Flutter Mane\n|-end|p1b: Flutter Mane|Protosynthesis|[silent]\n|move|p1a: Garchomp|Earthquake|p2b: Tauros|[spread] p2a,p2b\n|-supereffective|p2b: Tauros\n|-damage|p2a: Palafin|0 fnt\n|-damage|p2b: Tauros|0 fnt\n|faint|p2a: Palafin\n|faint|p2b: Tauros\n|\n|upkeep\n|\n|t:|1683908428\n|switch|p1b: dawg|Arcanine, L50, M|100\/100\n|switch|p2a: Amoonguss|Amoonguss, L50, F|100\/100\n|switch|p2b: Flutter Mane|Flutter Mane, L50|100\/100\n|-ability|p1b: dawg|Intimidate|boost\n|-unboost|p2a: Amoonguss|atk|1\n|-unboost|p2b: Flutter Mane|atk|1\n|-enditem|p2b: Flutter Mane|Booster Energy\n|-activate|p2b: Flutter Mane|ability: Protosynthesis|[fromitem]\n|-start|p2b: Flutter Mane|protosynthesisspa\n|turn|4\n|\n|t:|1683908450\n|-terastallize|p1a: Garchomp|Fire\n|move|p1b: dawg|Protect|p1b: dawg\n|-singleturn|p1b: dawg|Protect\n|move|p2b: Flutter Mane|Substitute|p2b: Flutter Mane\n|-start|p2b: Flutter Mane|Substitute\n|-damage|p2b: Flutter Mane|76\/100\n|move|p1a: Garchomp|Earthquake|p2a: Amoonguss|[spread] p2a,p2b\n|-activate|p1b: dawg|move: Protect\n|-end|p2b: Flutter Mane|Substitute\n|-damage|p2a: Amoonguss|54\/100\n|move|p2a: Amoonguss|Spore|p1a: Garchomp\n|-status|p1a: Garchomp|slp|[from] move: Spore\n|\n|upkeep\n|turn|5\n|inactive|Arcacagne has 30 seconds left.\n|\n|t:|1683908478\n|move|p2a: Amoonguss|Protect|p2a: Amoonguss\n|-singleturn|p2a: Amoonguss|Protect\n|move|p2b: Flutter Mane|Substitute|p2b: Flutter Mane\n|-start|p2b: Flutter Mane|Substitute\n|-damage|p2b: Flutter Mane|51\/100\n|cant|p1a: Garchomp|slp\n|move|p1b: dawg|Flare Blitz|p2a: Amoonguss\n|-activate|p2a: Amoonguss|move: Protect\n|\n|upkeep\n|turn|6\n|\n|t:|1683908497\n|move|p2b: Flutter Mane|Shadow Ball|p1a: Garchomp\n|-damage|p1a: Garchomp|49\/100 slp\n|cant|p1a: Garchomp|slp\n|move|p1b: dawg|Flare Blitz|p2a: Amoonguss\n|-supereffective|p2a: Amoonguss\n|-damage|p2a: Amoonguss|0 fnt\n|faint|p2a: Amoonguss\n|-damage|p1b: dawg|79\/100|[from] Recoil\n|\n|upkeep\n|turn|7\n|\n|t:|1683908510\n|move|p2b: Flutter Mane|Shadow Ball|p1a: Garchomp\n|-damage|p1a: Garchomp|0 fnt\n|faint|p1a: Garchomp\n|move|p1b: dawg|Flare Blitz|p2b: Flutter Mane\n|-end|p2b: Flutter Mane|Substitute\n|-damage|p1b: dawg|71\/100|[from] Recoil|[of] p2b: Flutter Mane\n|\n|upkeep\n|turn|8\n|\n|t:|1683908520\n|move|p2b: Flutter Mane|Protect|p2b: Flutter Mane\n|-singleturn|p2b: Flutter Mane|Protect\n|move|p1b: dawg|Flare Blitz|p2b: Flutter Mane\n|-activate|p2b: Flutter Mane|move: Protect\n|\n|upkeep\n|turn|9\n|\n|t:|1683908531\n|move|p2b: Flutter Mane|Substitute|p2b: Flutter Mane\n|-start|p2b: Flutter Mane|Substitute\n|-damage|p2b: Flutter Mane|26\/100\n|move|p1b: dawg|Flare Blitz|p2b: Flutter Mane\n|-end|p2b: Flutter Mane|Substitute\n|-damage|p1b: dawg|64\/100|[from] Recoil|[of] p2b: Flutter Mane\n|\n|upkeep\n|turn|10\n|\n|t:|1683908539\n|move|p2b: Flutter Mane|Substitute|p2b: Flutter Mane\n|-start|p2b: Flutter Mane|Substitute\n|-damage|p2b: Flutter Mane|1\/100\n|move|p1b: dawg|Flare Blitz|p2b: Flutter Mane\n|-end|p2b: Flutter Mane|Substitute\n|-damage|p1b: dawg|57\/100|[from] Recoil|[of] p2b: Flutter Mane\n|\n|upkeep\n|turn|11\n|\n|t:|1683908548\n|move|p1b: dawg|Protect|p1b: dawg\n|-singleturn|p1b: dawg|Protect\n|move|p2b: Flutter Mane|Shadow Ball|p1b: dawg\n|-activate|p1b: dawg|move: Protect\n|\n|upkeep\n|turn|12\n|\n|t:|1683908558\n|move|p2b: Flutter Mane|Shadow Ball|p1b: dawg\n|-damage|p1b: dawg|0 fnt\n|faint|p1b: dawg\n|\n|win|Arcacagne\n|raw|Tickz's rating: 1223 → 1198<\/strong> (-25 for losing)\n|raw|Arcacagne's rating: 1229 → 1254<\/strong> (+25 for winning)\n|l|\u2606Tickz\n","uploadtime":1683908569,"views":12,"p1id":"tickz","p2id":"arcacagne","formatid":"gen9vgc2023regulationc","rating":1198,"private":0,"password":""}