{"id":"gen9vgc2023regulationc-1855554159","p1":"mattnot3","p2":"Victini Hope","format":"[Gen 9] VGC 2023 Regulation C","log":"|j|\u2606mattnot3\n|j|\u2606Victini Hope\n|t:|1682961566\n|gametype|doubles\n|player|p1|mattnot3|101|1555\n|player|p2|Victini Hope|elesa|1496\n|teamsize|p1|6\n|teamsize|p2|6\n|gen|9\n|tier|[Gen 9] VGC 2023 Regulation C\n|rated|\n|rule|Species Clause: Limit one of each Pok\u00e9mon\n|rule|Item Clause: Limit one of each item\n|clearpoke\n|poke|p1|Chi-Yu, L50|\n|poke|p1|Flutter Mane, L50|\n|poke|p1|Scizor, L50, F|\n|poke|p1|Wo-Chien, L50|\n|poke|p1|Gyarados, L50, F|\n|poke|p1|Glimmora, L50, M|\n|poke|p2|Dondozo, L50, M|\n|poke|p2|Tatsugiri-Stretchy, L50, F|\n|poke|p2|Pelipper, L50, M|\n|poke|p2|Drednaw, L50, F|\n|poke|p2|Chien-Pao, L50|\n|poke|p2|Dragonite, L50, M|\n|teampreview|4\nVictini Hope has agreed to open team sheets.\n|\n|t:|1682961602\n|start\n|switch|p1a: Wo-Chien|Wo-Chien, L50|100\/100\n|switch|p1b: Glimmora|Glimmora, L50, M|100\/100\n|switch|p2a: Pelipper|Pelipper, L50, M|100\/100\n|switch|p2b: Drednaw|Drednaw, L50, F|100\/100\n|-weather|RainDance|[from] ability: Drizzle|[of] p2a: Pelipper\n|-ability|p1a: Wo-Chien|Tablets of Ruin\n|turn|1\n|inactive|Battle timer is ON: inactive players will automatically lose when time's up. (requested by Victini Hope)\n|inactive|mattnot3 has 60 seconds left.\n|inactive|Victini Hope has 60 seconds left.\n|\n|t:|1682961636\n|-terastallize|p2b: Drednaw|Grass\n|-terastallize|p1b: Glimmora|Grass\n|move|p2b: Drednaw|Waterfall|p1b: Glimmora\n|-resisted|p1b: Glimmora\n|-damage|p1b: Glimmora|62\/100\n|-activate|p1b: Glimmora|ability: Toxic Debris\n|-sidestart|p2: Victini Hope|move: Toxic Spikes\n|move|p1b: Glimmora|Mortal Spin|p2b: Drednaw|[spread] p2a,p2b\n|-supereffective|p2b: Drednaw\n|-damage|p2a: Pelipper|96\/100\n|-damage|p2b: Drednaw|90\/100\n|-status|p2a: Pelipper|psn\n|-status|p2b: Drednaw|psn\n|move|p2a: Pelipper|Hurricane|p1a: Wo-Chien\n|-supereffective|p1a: Wo-Chien\n|-crit|p1a: Wo-Chien\n|-damage|p1a: Wo-Chien|13\/100\n|move|p1a: Wo-Chien|Leech Seed|p2b: Drednaw\n|-immune|p2b: Drednaw\n|\n|-weather|RainDance|[upkeep]\n|-heal|p1a: Wo-Chien|19\/100|[from] item: Leftovers\n|-damage|p2b: Drednaw|77\/100 psn|[from] psn\n|-damage|p2a: Pelipper|84\/100 psn|[from] psn\n|upkeep\n|turn|2\n|inactive|mattnot3 has 30 seconds left.\n|\n|t:|1682961661\n|move|p1a: Wo-Chien|Protect|p1a: Wo-Chien\n|-singleturn|p1a: Wo-Chien|Protect\n|move|p2b: Drednaw|Waterfall|p1a: Wo-Chien\n|-activate|p1a: Wo-Chien|move: Protect\n|move|p1b: Glimmora|Sludge Wave|p2a: Pelipper|[spread] p2a,p2b\n|-activate|p1a: Wo-Chien|move: Protect\n|-supereffective|p2b: Drednaw\n|-damage|p2a: Pelipper|19\/100 psn\n|-damage|p2b: Drednaw|0 fnt\n|faint|p2b: Drednaw\n|move|p2a: Pelipper|Hurricane|p1b: Glimmora\n|-supereffective|p1b: Glimmora\n|-damage|p1b: Glimmora|0 fnt\n|faint|p1b: Glimmora\n|\n|-weather|RainDance|[upkeep]\n|-heal|p1a: Wo-Chien|25\/100|[from] item: Leftovers\n|-damage|p2a: Pelipper|7\/100 psn|[from] psn\n|upkeep\n|\n|t:|1682961680\n|switch|p2b: Dondozo|Dondozo, L50, M|100\/100\n|switch|p1b: Flutter Mane|Flutter Mane, L50|100\/100\n|-status|p2b: Dondozo|psn\n|-enditem|p1b: Flutter Mane|Booster Energy\n|-activate|p1b: Flutter Mane|ability: Protosynthesis|[fromitem]\n|-start|p1b: Flutter Mane|protosynthesisspa\n|turn|3\n|\n|t:|1682961708\n|switch|p2a: Tatsugiri|Tatsugiri-Stretchy, L50, F|100\/100\n|-activate|p2a: Tatsugiri|ability: Commander|[of] p2b: Dondozo\n|-boost|p2b: Dondozo|atk|2\n|-boost|p2b: Dondozo|spa|2\n|-boost|p2b: Dondozo|spe|2\n|-boost|p2b: Dondozo|def|2\n|-boost|p2b: Dondozo|spd|2\n|switch|p1a: Gyarados|Gyarados, L50, F|100\/100\n|-ability|p1a: Gyarados|Intimidate|boost\n|-unboost|p2a: Tatsugiri|atk|1\n|-unboost|p2b: Dondozo|atk|1\n|move|p2b: Dondozo|Surf|p1a: Gyarados|[spread] p1a,p1b\n|-miss|p2b: Dondozo|p2a: Tatsugiri\n|-resisted|p1a: Gyarados\n|-damage|p1a: Gyarados|69\/100\n|-damage|p1b: Flutter Mane|4\/100\n|-damage|p2b: Dondozo|91\/100 psn|[from] item: Life Orb\n|move|p1b: Flutter Mane|Substitute|p1b: Flutter Mane\n|-fail|p1b: Flutter Mane|move: Substitute|[weak]\n|\n|-weather|RainDance|[upkeep]\n|-damage|p2b: Dondozo|78\/100 psn|[from] psn\n|upkeep\n|turn|4\n|\n|t:|1682961729\n|move|p1b: Flutter Mane|Protect|p1b: Flutter Mane\n|-singleturn|p1b: Flutter Mane|Protect\n|move|p2b: Dondozo|Surf|p1b: Flutter Mane|[spread] p1a\n|-miss|p2b: Dondozo|p2a: Tatsugiri\n|-activate|p1b: Flutter Mane|move: Protect\n|-resisted|p1a: Gyarados\n|-damage|p1a: Gyarados|39\/100\n|-enditem|p1a: Gyarados|Sitrus Berry|[eat]\n|-heal|p1a: Gyarados|64\/100|[from] item: Sitrus Berry\n|-damage|p2b: Dondozo|69\/100 psn|[from] item: Life Orb\n|move|p1a: Gyarados|Whirlpool|p2b: Dondozo\n|-resisted|p2b: Dondozo\n|-crit|p2b: Dondozo\n|-damage|p2b: Dondozo|58\/100 psn\n|-activate|p2b: Dondozo|move: Whirlpool|[of] p1a: Gyarados\n|\n|-weather|RainDance|[upkeep]\n|-damage|p2b: Dondozo|46\/100 psn|[from] psn\n|-damage|p2b: Dondozo|33\/100 psn|[from] move: Whirlpool|[partiallytrapped]\n|upkeep\n|turn|5\n|\n|t:|1682961753\n|move|p1b: Flutter Mane|Protect|p1b: Flutter Mane\n|-singleturn|p1b: Flutter Mane|Protect\n|move|p2b: Dondozo|Surf|p1a: Gyarados|[spread] p1a\n|-miss|p2b: Dondozo|p2a: Tatsugiri\n|-activate|p1b: Flutter Mane|move: Protect\n|-resisted|p1a: Gyarados\n|-damage|p1a: Gyarados|36\/100\n|-damage|p2b: Dondozo|24\/100 psn|[from] item: Life Orb\n|move|p1a: Gyarados|Waterfall|p2b: Dondozo\n|-resisted|p2b: Dondozo\n|-damage|p2b: Dondozo|14\/100 psn\n|\n|-weather|RainDance|[upkeep]\n|-damage|p2b: Dondozo|1\/100 psn|[from] psn\n|-damage|p2b: Dondozo|0 fnt|[from] move: Whirlpool|[partiallytrapped]\n|faint|p2b: Dondozo\n|upkeep\n|\n|t:|1682961763\n|switch|p2b: Pelipper|Pelipper, L50, M|7\/100 psn\n|turn|6\n|\n|t:|1682961782\n|move|p2a: Tatsugiri|Icy Wind|p1b: Flutter Mane|[spread] p1a,p1b\n|-damage|p1a: Gyarados|26\/100\n|-damage|p1b: Flutter Mane|0 fnt\n|-unboost|p1a: Gyarados|spe|1\n|faint|p1b: Flutter Mane\n|-end|p1b: Flutter Mane|Protosynthesis|[silent]\n|move|p2b: Pelipper|Hurricane|p1a: Gyarados\n|-damage|p1a: Gyarados|0 fnt\n|faint|p1a: Gyarados\n|\n|-weather|RainDance|[upkeep]\n|-damage|p2b: Pelipper|0 fnt|[from] psn\n|faint|p2b: Pelipper\n|upkeep\n|\n|t:|1682961786\n|switch|p1b: Wo-Chien|Wo-Chien, L50|25\/100\n|-ability|p1b: Wo-Chien|Tablets of Ruin\n|turn|7\n|\n|t:|1682961789\n|move|p1b: Wo-Chien|Protect|p1b: Wo-Chien\n|-singleturn|p1b: Wo-Chien|Protect\n|move|p2a: Tatsugiri|Icy Wind|p1b: Wo-Chien\n|-activate|p1b: Wo-Chien|move: Protect\n|\n|-weather|RainDance|[upkeep]\n|-heal|p1b: Wo-Chien|32\/100|[from] item: Leftovers\n|upkeep\n|turn|8\n|\n|t:|1682961797\n|move|p2a: Tatsugiri|Icy Wind|p1b: Wo-Chien\n|-supereffective|p1b: Wo-Chien\n|-damage|p1b: Wo-Chien|10\/100\n|-unboost|p1b: Wo-Chien|spe|1\n|move|p1b: Wo-Chien|Leech Seed|p2a: Tatsugiri\n|-start|p2a: Tatsugiri|move: Leech Seed\n|\n|-weather|none\n|-heal|p1b: Wo-Chien|16\/100|[from] item: Leftovers\n|-damage|p2a: Tatsugiri|89\/100|[from] Leech Seed|[of] p1b: Wo-Chien\n|-heal|p1b: Wo-Chien|25\/100|[silent]\n|upkeep\n|turn|9\n|\n|t:|1682961806\n|move|p1b: Wo-Chien|Protect|p1b: Wo-Chien\n|-singleturn|p1b: Wo-Chien|Protect\n|move|p2a: Tatsugiri|Icy Wind|p1b: Wo-Chien\n|-activate|p1b: Wo-Chien|move: Protect\n|\n|-heal|p1b: Wo-Chien|31\/100|[from] item: Leftovers\n|-damage|p2a: Tatsugiri|77\/100|[from] Leech Seed|[of] p1b: Wo-Chien\n|-heal|p1b: Wo-Chien|40\/100|[silent]\n|upkeep\n|turn|10\n|\n|t:|1682961816\n|move|p2a: Tatsugiri|Icy Wind|p1b: Wo-Chien\n|-supereffective|p1b: Wo-Chien\n|-damage|p1b: Wo-Chien|17\/100\n|-unboost|p1b: Wo-Chien|spe|1\n|move|p1b: Wo-Chien|Pollen Puff|p2a: Tatsugiri\n|-damage|p2a: Tatsugiri|52\/100\n|\n|-heal|p1b: Wo-Chien|23\/100|[from] item: Leftovers\n|-damage|p2a: Tatsugiri|40\/100|[from] Leech Seed|[of] p1b: Wo-Chien\n|-heal|p1b: Wo-Chien|32\/100|[silent]\n|upkeep\n|turn|11\n|-message|Victini Hope forfeited.\n|\n|win|mattnot3\n|raw|mattnot3's rating: 1555 → 1572<\/strong> (+17 for winning)\n|raw|Victini Hope's rating: 1496 → 1479<\/strong> (-17 for losing)\n|l|\u2606Victini Hope\n","uploadtime":1682961831,"views":18,"p1id":"mattnot3","p2id":"victinihope","formatid":"gen9vgc2023regulationc","rating":1479,"private":0,"password":""}