{"id":"gen9vgc2023regulationc-1856372335","p1":"lordofthespice","p2":"JamesHardenIsGod","format":"[Gen 9] VGC 2023 Regulation C","log":"|j|\u2606lordofthespice\n|j|\u2606JamesHardenIsGod\n|t:|1683055178\n|gametype|doubles\n|player|p1|lordofthespice|clown|1163\n|player|p2|JamesHardenIsGod|aromalady|1104\n|teamsize|p1|6\n|teamsize|p2|6\n|gen|9\n|tier|[Gen 9] VGC 2023 Regulation C\n|rated|\n|rule|Species Clause: Limit one of each Pok\u00e9mon\n|rule|Item Clause: Limit one of each item\n|clearpoke\n|poke|p1|Scream Tail, L50|\n|poke|p1|Ceruledge, L50, M|\n|poke|p1|Ting-Lu, L50|\n|poke|p1|Gyarados, L50, F|\n|poke|p1|Kingambit, L50, M|\n|poke|p1|Corviknight, L50, F|\n|poke|p2|Baxcalibur, L50, M|\n|poke|p2|Flutter Mane, L50|\n|poke|p2|Arcanine, L50, M|\n|poke|p2|Iron Bundle, L50|\n|poke|p2|Amoonguss, L50, M|\n|poke|p2|Kingambit, L50, F|\n|teampreview|4\nJamesHardenIsGod has agreed to open team sheets.\nlordofthespice has agreed to open team sheets.\n|\n|t:|1683055271\n|start\n|switch|p1a: screamo|Scream Tail, L50|100\/100\n|switch|p1b: blueshido|Kingambit, L50, M, shiny|100\/100\n|switch|p2a: Kingambit|Kingambit, L50, F|100\/100\n|switch|p2b: Amoonguss|Amoonguss, L50, M|100\/100\n|-enditem|p1a: screamo|Booster Energy\n|-activate|p1a: screamo|ability: Protosynthesis|[fromitem]\n|-start|p1a: screamo|protosynthesisspe\n|turn|1\n|\n|t:|1683055297\n|move|p1a: screamo|Misty Terrain|p1a: screamo\n|-fieldstart|move: Misty Terrain\n|move|p1b: blueshido|Swords Dance|p1b: blueshido\n|-boost|p1b: blueshido|atk|2\n|move|p2a: Kingambit|Swords Dance|p2a: Kingambit\n|-boost|p2a: Kingambit|atk|2\n|move|p2b: Amoonguss|Pollen Puff|p1b: blueshido\n|-damage|p1b: blueshido|83\/100\n|\n|upkeep\n|turn|2\n|\n|t:|1683055354\n|-terastallize|p1b: blueshido|Dark\n|-terastallize|p2a: Kingambit|Dark\n|move|p2b: Amoonguss|Rage Powder|p2b: Amoonguss\n|-singleturn|p2b: Amoonguss|move: Rage Powder\n|move|p1a: screamo|Encore|p2b: Amoonguss\n|-start|p2b: Amoonguss|Encore\n|move|p1b: blueshido|Kowtow Cleave|p2b: Amoonguss\n|-damage|p2b: Amoonguss|0 fnt\n|faint|p2b: Amoonguss\n|move|p2a: Kingambit|Kowtow Cleave|p1b: blueshido\n|-resisted|p1b: blueshido\n|-crit|p1b: blueshido\n|-damage|p1b: blueshido|0 fnt\n|faint|p1b: blueshido\n|\n|upkeep\n|\n|t:|1683055369\n|switch|p1b: nevermore|Corviknight, L50, F, shiny|100\/100\n|switch|p2b: Flutter Mane|Flutter Mane, L50|100\/100\n|turn|3\n|\n|t:|1683055384\n|move|p1a: screamo|Howl|p1a: screamo|[spread] p1a,p1b\n|-boost|p1a: screamo|atk|1\n|-boost|p1b: nevermore|atk|1\n|move|p2b: Flutter Mane|Shadow Ball|p1a: screamo\n|-supereffective|p1a: screamo\n|-damage|p1a: screamo|10\/100\n|move|p1b: nevermore|Iron Head|p2a: Kingambit\n|-damage|p2a: Kingambit|46\/100\n|move|p2a: Kingambit|Kowtow Cleave|p1b: nevermore\n|-damage|p1b: nevermore|0 fnt\n|faint|p1b: nevermore\n|\n|upkeep\n|\n|t:|1683055396\n|switch|p1b: lucy liu|Ting-Lu, L50|100\/100\n|-ability|p1b: lucy liu|Vessel of Ruin\n|turn|4\n|\n|t:|1683055404\n|-end|p2b: Flutter Mane|Protosynthesis|[silent]\n|switch|p2b: Iron Bundle|Iron Bundle, L50|100\/100\n|-enditem|p2b: Iron Bundle|Booster Energy\n|-activate|p2b: Iron Bundle|ability: Quark Drive|[fromitem]\n|-start|p2b: Iron Bundle|quarkdrivespe\n|move|p2a: Kingambit|Sucker Punch||[still]\n|-fail|p2a: Kingambit\n|move|p1a: screamo|Howl|p1a: screamo|[spread] p1a,p1b\n|-boost|p1a: screamo|atk|1\n|-boost|p1b: lucy liu|atk|1\n|move|p1b: lucy liu|Earthquake|p2b: Iron Bundle|[spread] p1a,p2a,p2b\n|-damage|p1a: screamo|0 fnt\n|-damage|p2a: Kingambit|8\/100\n|-damage|p2b: Iron Bundle|47\/100\n|faint|p1a: screamo\n|-end|p1a: screamo|Protosynthesis|[silent]\n|\n|upkeep\n|turn|5\n|\n|t:|1683055418\n|move|p2b: Iron Bundle|Freeze-Dry|p1b: lucy liu\n|-supereffective|p1b: lucy liu\n|-damage|p1b: lucy liu|77\/100\n|move|p1b: lucy liu|Earthquake|p2a: Kingambit|[spread] p2a,p2b\n|-damage|p2a: Kingambit|0 fnt\n|-damage|p2b: Iron Bundle|0 fnt\n|faint|p2a: Kingambit\n|faint|p2b: Iron Bundle\n|-end|p2b: Iron Bundle|Quark Drive|[silent]\n|\n|-fieldend|Misty Terrain\n|upkeep\n|\n|t:|1683055423\n|switch|p2b: Flutter Mane|Flutter Mane, L50|100\/100\n|turn|6\n|\n|t:|1683055429\n|move|p2b: Flutter Mane|Moonblast|p1b: lucy liu\n|-supereffective|p1b: lucy liu\n|-damage|p1b: lucy liu|27\/100\n|-unboost|p1b: lucy liu|spa|1\n|move|p1b: lucy liu|Earthquake|p2b: Flutter Mane\n|-damage|p2b: Flutter Mane|0 fnt\n|faint|p2b: Flutter Mane\n|-end|p2b: Flutter Mane|Protosynthesis|[silent]\n|\n|win|lordofthespice\n|raw|lordofthespice's rating: 1163 → 1184<\/strong> (+21 for winning)\n|raw|JamesHardenIsGod's rating: 1104 → 1083<\/strong> (-21 for losing)\n|l|\u2606JamesHardenIsGod\n","uploadtime":1683055517,"views":17,"p1id":"lordofthespice","p2id":"jameshardenisgod","formatid":"gen9vgc2023regulationc","rating":1083,"private":0,"password":""}