{"id":"gen9vgc2023regulationc-1850795098","p1":"H0p5t3r","p2":"ZenN16","format":"[Gen 9] VGC 2023 Regulation C","log":"|j|\u2606H0p5t3r\n|j|\u2606ZenN16\n|t:|1682368526\n|gametype|doubles\n|player|p1|H0p5t3r|guitarist|\n|player|p2|ZenN16|265|\n|teamsize|p1|6\n|teamsize|p2|6\n|gen|9\n|tier|[Gen 9] VGC 2023 Regulation C\n|rule|Species Clause: Limit one of each Pok\u00e9mon\n|rule|Item Clause: Limit one of each item\n|clearpoke\n|poke|p1|Azurill, L5, F|\n|poke|p1|Girafarig, L5, M|\n|poke|p1|Toxel, L5, F|\n|poke|p1|Hoppip, L5, M|\n|poke|p1|Gothita, L5, F|\n|poke|p1|Ralts, L5, F|\n|poke|p2|Tinkatink, L5, F|\n|poke|p2|Grimer, L5, M|\n|poke|p2|Shroomish, L5, M|\n|poke|p2|Mareep, L5, M|\n|poke|p2|Tadbulb, L5, M|\n|poke|p2|Flabe\u0301be\u0301-Blue, L5, F|\n|teampreview|4\n|l|\u2606H0p5t3r\n|player|p1|\n|j|\u2606H0p5t3r\n|player|p1|H0p5t3r|guitarist\n|j| Cerpin T\n|j| House of toga\n|j| haydyg\n|\n|t:|1682368695\n|start\n|switch|p1a: Mechagodzilla|Girafarig, L5, M|100\/100\n|switch|p1b: EVE|Gothita, L5, F|100\/100\n|switch|p2a: BamBam|Tinkatink, L5, F, shiny|100\/100\n|switch|p2b: Mukk|Grimer, L5, M, shiny|100\/100\n|turn|1\n|\n|t:|1682368747\n|move|p2a: BamBam|Fake Out|p1a: Mechagodzilla\n|-damage|p1a: Mechagodzilla|84\/100\n|move|p1b: EVE|Fake Out|p2a: BamBam\n|-resisted|p2a: BamBam\n|-crit|p2a: BamBam\n|-damage|p2a: BamBam|92\/100\n|move|p1a: Mechagodzilla|Psychic|p2b: Mukk\n|-supereffective|p2b: Mukk\n|-damage|p2b: Mukk|0 fnt\n|faint|p2b: Mukk\n|-damage|p1a: Mechagodzilla|75\/100|[from] item: Life Orb\n|\n|-heal|p2a: BamBam|96\/100|[from] item: Leftovers\n|upkeep\n|\n|t:|1682368762\n|switch|p2b: SadBoy|Shroomish, L5, M|100\/100\n|turn|2\n|\n|t:|1682368847\n|move|p1a: Mechagodzilla|Psychic|p2b: SadBoy\n|-damage|p2b: SadBoy|27\/100\n|-damage|p1a: Mechagodzilla|67\/100|[from] item: Life Orb\n|move|p2a: BamBam|Rock Tomb|p1a: Mechagodzilla\n|-damage|p1a: Mechagodzilla|46\/100\n|-unboost|p1a: Mechagodzilla|spe|1\n|move|p2b: SadBoy|Leech Seed|p1b: EVE\n|-start|p1b: EVE|move: Leech Seed\n|move|p1b: EVE|Psychic|p2b: SadBoy\n|-damage|p2b: SadBoy|0 fnt\n|faint|p2b: SadBoy\n|\n|-heal|p2a: BamBam|100\/100|[from] item: Leftovers\n|upkeep\n|\n|t:|1682368861\n|switch|p2b: Mutton|Mareep, L5, M|100\/100\n|turn|3\n|\n|t:|1682368932\n|move|p2a: BamBam|Play Rough|p1a: Mechagodzilla\n|-damage|p1a: Mechagodzilla|0 fnt\n|faint|p1a: Mechagodzilla\n|move|p2b: Mutton|Cotton Guard|p2b: Mutton\n|-boost|p2b: Mutton|def|3\n|move|p1b: EVE|Psychic|p2b: Mutton\n|-damage|p2b: Mutton|60\/100\n|\n|-damage|p1b: EVE|88\/100|[from] Leech Seed|[of] p2b: Mutton\n|-heal|p2b: Mutton|73\/100|[silent]\n|upkeep\n|\n|t:|1682368969\n|switch|p1a: T-800|Toxel, L5, F|100\/100\n|-item|p1a: T-800|Air Balloon\n|turn|4\n|\n|t:|1682369025\n|move|p1a: T-800|Nuzzle|p2a: BamBam\n|-damage|p2a: BamBam|88\/100\n|-status|p2a: BamBam|par\n|move|p2b: Mutton|Dazzling Gleam|p1b: EVE|[spread] p1a,p1b\n|-resisted|p1a: T-800\n|-crit|p1a: T-800\n|-damage|p1a: T-800|77\/100\n|-damage|p1b: EVE|75\/100\n|-enditem|p1a: T-800|Air Balloon\n|move|p1b: EVE|Calm Mind|p1b: EVE\n|-boost|p1b: EVE|spa|1\n|-boost|p1b: EVE|spd|1\n|cant|p2a: BamBam|par\n|\n|-heal|p2a: BamBam|92\/100 par|[from] item: Leftovers\n|-damage|p1b: EVE|63\/100|[from] Leech Seed|[of] p2b: Mutton\n|-heal|p2b: Mutton|87\/100|[silent]\n|upkeep\n|turn|5\n|\n|t:|1682369111\n|move|p1a: T-800|Charm|p2a: BamBam\n|-unboost|p2a: BamBam|atk|2\n|move|p2b: Mutton|Dazzling Gleam|p1a: T-800|[spread] p1a,p1b\n|-resisted|p1a: T-800\n|-damage|p1a: T-800|58\/100\n|-damage|p1b: EVE|55\/100\n|move|p1b: EVE|Calm Mind|p1b: EVE\n|-boost|p1b: EVE|spa|1\n|-boost|p1b: EVE|spd|1\n|move|p2a: BamBam|Knock Off|p1a: T-800\n|-damage|p1a: T-800|39\/100\n|\n|-heal|p2a: BamBam|96\/100 par|[from] item: Leftovers\n|-damage|p1b: EVE|42\/100|[from] Leech Seed|[of] p2b: Mutton\n|-heal|p2b: Mutton|100\/100|[silent]\n|upkeep\n|turn|6\n|\n|t:|1682369149\n|move|p1a: T-800|Acid|p2b: Mutton|[spread] p2b\n|-immune|p2a: BamBam\n|-damage|p2b: Mutton|82\/100\n|move|p2b: Mutton|Dazzling Gleam|p1a: T-800|[spread] p1a,p1b\n|-resisted|p1a: T-800\n|-damage|p1a: T-800|20\/100\n|-damage|p1b: EVE|34\/100\n|move|p1b: EVE|Psychic|p2b: Mutton\n|-damage|p2b: Mutton|0 fnt\n|faint|p2b: Mutton\n|cant|p2a: BamBam|par\n|\n|-heal|p2a: BamBam|100\/100 par|[from] item: Leftovers\n|upkeep\n|turn|7\n|\n|t:|1682369217\n|move|p1a: T-800|Charm|p2a: BamBam\n|-unboost|p2a: BamBam|atk|2\n|move|p1b: EVE|Calm Mind|p1b: EVE\n|-boost|p1b: EVE|spa|1\n|-boost|p1b: EVE|spd|1\n|cant|p2a: BamBam|par\n|\n|upkeep\n|turn|8\n|\n|t:|1682369236\n|move|p1a: T-800|Charm|p2a: BamBam\n|-unboost|p2a: BamBam|atk|2\n|move|p1b: EVE|Psychic|p2a: BamBam\n|-resisted|p2a: BamBam\n|-crit|p2a: BamBam\n|-damage|p2a: BamBam|25\/100 par\n|cant|p2a: BamBam|par\n|\n|-heal|p2a: BamBam|30\/100 par|[from] item: Leftovers\n|upkeep\n|turn|9\n|c| haydyg|4 in a row\n|c| haydyg|ouchie\n|c| haydyg|25% chance, happened 4 times\n|\n|t:|1682369262\n|move|p1a: T-800|Nuzzle|p2a: BamBam\n|-damage|p2a: BamBam|17\/100 par\n|move|p1b: EVE|Psychic|p2a: BamBam\n|-resisted|p2a: BamBam\n|-damage|p2a: BamBam|0 fnt\n|faint|p2a: BamBam\n|\n|win|H0p5t3r\n|c|\u2606H0p5t3r|GG\n|c| haydyg|That's 100% next is guaranteed\n|c| haydyg|ggg\n|l|\u2606ZenN16\n|c| haydyg|gggg\n|l| House of toga\n","uploadtime":1682369419,"views":18,"p1id":"h0p5t3r","p2id":"zenn16","formatid":"gen9vgc2023regulationc","rating":0,"private":0,"password":""}