{"id":"gen9vgc2023regulationc-1851759909","p1":"actuary97","p2":"DuelLuna","format":"[Gen 9] VGC 2023 Regulation C","log":"|j|\u2606actuary97\n|j|\u2606DuelLuna\n|t:|1682479333\n|gametype|doubles\n|player|p1|actuary97|sabrina-lgpe|1555\n|player|p2|DuelLuna|caitlin|1517\n|teamsize|p1|6\n|teamsize|p2|6\n|gen|9\n|tier|[Gen 9] VGC 2023 Regulation C\n|rated|\n|rule|Species Clause: Limit one of each Pok\u00e9mon\n|rule|Item Clause: Limit one of each item\n|clearpoke\n|poke|p1|Tauros-Paldea-Blaze, L50, M|\n|poke|p1|Kingambit, L50, M|\n|poke|p1|Armarouge, L50, F|\n|poke|p1|Gallade, L50, M|\n|poke|p1|Indeedee, L50, M|\n|poke|p1|Drifblim, L50, M|\n|poke|p2|Dondozo, L50, M|\n|poke|p2|Flutter Mane, L50|\n|poke|p2|Amoonguss, L50, M|\n|poke|p2|Ting-Lu, L50|\n|poke|p2|Dragonite, L50, F|\n|poke|p2|Chien-Pao, L50|\n|teampreview|4\nDuelLuna has agreed to open team sheets.\n|inactive|Battle timer is ON: inactive players will automatically lose when time's up. (requested by DuelLuna)\n|\n|t:|1682479386\n|start\n|switch|p1a: Tauros|Tauros-Paldea-Blaze, L50, M|100\/100\n|switch|p1b: Indeedee|Indeedee, L50, M, shiny|100\/100\n|switch|p2a: Dondozo|Dondozo, L50, M|100\/100\n|switch|p2b: Ting-Lu|Ting-Lu, L50|100\/100\n|-ability|p1a: Tauros|Intimidate|boost\n|-unboost|p2a: Dondozo|atk|1\n|-unboost|p2b: Ting-Lu|atk|1\n|-fieldstart|move: Psychic Terrain|[from] ability: Psychic Surge|[of] p1b: Indeedee\n|-ability|p2b: Ting-Lu|Vessel of Ruin\n|turn|1\n|\n|t:|1682479404\n|switch|p1a: Balloon Boi|Drifblim, L50, M, shiny|100\/100\n|-enditem|p1a: Balloon Boi|Psychic Seed\n|-boost|p1a: Balloon Boi|spd|1|[from] item: Psychic Seed\n|move|p2b: Ting-Lu|Protect|p2b: Ting-Lu\n|-singleturn|p2b: Ting-Lu|Protect\n|move|p1b: Indeedee|Psychic|p2a: Dondozo\n|-damage|p2a: Dondozo|52\/100\n|move|p2a: Dondozo|Yawn|p1a: Balloon Boi\n|-start|p1a: Balloon Boi|move: Yawn|[of] p2a: Dondozo\n|\n|-heal|p2a: Dondozo|58\/100|[from] item: Leftovers\n|upkeep\n|turn|2\n|\n|t:|1682479425\n|switch|p1a: Tauros|Tauros-Paldea-Blaze, L50, M|100\/100\n|-ability|p1a: Tauros|Intimidate|boost\n|-unboost|p2a: Dondozo|atk|1\n|-unboost|p2b: Ting-Lu|atk|1\n|move|p1b: Indeedee|Psychic|p2a: Dondozo\n|-damage|p2a: Dondozo|5\/100\n|-unboost|p2a: Dondozo|spd|1\n|move|p2b: Ting-Lu|Stealth Rock|p1a: Tauros\n|-sidestart|p1: actuary97|move: Stealth Rock\n|move|p2a: Dondozo|Yawn|p1b: Indeedee\n|-start|p1b: Indeedee|move: Yawn|[of] p2a: Dondozo\n|\n|-heal|p2a: Dondozo|11\/100|[from] item: Leftovers\n|upkeep\n|turn|3\n|inactive|actuary97 has 30 seconds left.\n|\n|t:|1682479452\n|switch|p1b: Balloon Boi|Drifblim, L50, M, shiny|100\/100\n|-damage|p1b: Balloon Boi|75\/100|[from] Stealth Rock\n|move|p2a: Dondozo|Protect|p2a: Dondozo\n|-singleturn|p2a: Dondozo|Protect\n|move|p1a: Tauros|Close Combat|p2b: Ting-Lu\n|-supereffective|p2b: Ting-Lu\n|-damage|p2b: Ting-Lu|27\/100\n|-unboost|p1a: Tauros|def|1\n|-unboost|p1a: Tauros|spd|1\n|move|p2b: Ting-Lu|Stomping Tantrum|p1a: Tauros\n|-supereffective|p1a: Tauros\n|-damage|p1a: Tauros|49\/100\n|\n|-heal|p2a: Dondozo|17\/100|[from] item: Leftovers\n|upkeep\n|turn|4\n|\n|t:|1682479472\n|move|p2b: Ting-Lu|Protect|p2b: Ting-Lu\n|-singleturn|p2b: Ting-Lu|Protect\n|move|p1a: Tauros|Close Combat|p2a: Dondozo\n|-damage|p2a: Dondozo|0 fnt\n|-unboost|p1a: Tauros|def|1\n|-unboost|p1a: Tauros|spd|1\n|faint|p2a: Dondozo\n|move|p1b: Balloon Boi|Tailwind|p1b: Balloon Boi\n|-sidestart|p1: actuary97|move: Tailwind\n|\n|upkeep\n|\n|t:|1682479482\n|switch|p2a: Chien-Pao|Chien-Pao, L50|100\/100\n|-ability|p2a: Chien-Pao|Sword of Ruin\n|turn|5\n|\n|t:|1682479492\n|move|p1a: Tauros|Close Combat|p2b: Ting-Lu\n|-supereffective|p2b: Ting-Lu\n|-damage|p2b: Ting-Lu|0 fnt\n|-unboost|p1a: Tauros|def|1\n|-unboost|p1a: Tauros|spd|1\n|faint|p2b: Ting-Lu\n|move|p1b: Balloon Boi|Destiny Bond|p1b: Balloon Boi\n|-singlemove|p1b: Balloon Boi|Destiny Bond\n|move|p2a: Chien-Pao|Ice Spinner|p1a: Tauros\n|-resisted|p1a: Tauros\n|-damage|p1a: Tauros|0 fnt\n|-fieldend|move: Psychic Terrain\n|faint|p1a: Tauros\n|\n|upkeep\n|\n|t:|1682479505\n|switch|p1a: Indeedee|Indeedee, L50, M, shiny|100\/100\n|switch|p2b: Dragonite|Dragonite, L50, F|100\/100\n|-damage|p1a: Indeedee|88\/100|[from] Stealth Rock\n|-fieldstart|move: Psychic Terrain|[from] ability: Psychic Surge|[of] p1a: Indeedee\n|turn|6\n|\n|t:|1682479518\n|-terastallize|p1a: Indeedee|Fairy\n|-terastallize|p2b: Dragonite|Normal\n|move|p2b: Dragonite|Extreme Speed|p1a: Indeedee\n|-activate|p1a: Indeedee|move: Psychic Terrain\n|move|p1a: Indeedee|Dazzling Gleam|p2a: Chien-Pao|[spread] p2a,p2b\n|-supereffective|p2a: Chien-Pao\n|-enditem|p2a: Chien-Pao|Focus Sash\n|-damage|p2a: Chien-Pao|1\/100\n|-damage|p2b: Dragonite|48\/100\n|move|p1b: Balloon Boi|Acrobatics|p2a: Chien-Pao\n|-damage|p2a: Chien-Pao|0 fnt\n|faint|p2a: Chien-Pao\n|\n|upkeep\n|turn|7\n|-message|DuelLuna forfeited.\n|\n|win|actuary97\n|raw|actuary97's rating: 1555 → 1573<\/strong> (+18 for winning)\n|raw|DuelLuna's rating: 1517 → 1499<\/strong> (-18 for losing)\n|c|\u2606actuary97|gg\n|l|\u2606DuelLuna\n|l|\u2606actuary97\n|j|\u2606DuelLuna\n|player|p2|DuelLuna|caitlin\n|l|\u2606DuelLuna\n|player|p2|\n|j|\u2606DuelLuna\n|player|p2|DuelLuna|caitlin\n|l|\u2606DuelLuna\n|player|p2|\n|j|\u2606DuelLuna\n|player|p2|DuelLuna|caitlin\n","uploadtime":1682479537,"views":12,"p1id":"actuary97","p2id":"duelluna","formatid":"gen9vgc2023regulationc","rating":1499,"private":0,"password":""}