{"id":"gen9vgc2023regulationc-1848680805","p1":"dralfredpennyworth","p2":"MrChkn","format":"[Gen 9] VGC 2023 Regulation C","log":"|j|\u2606dralfredpennyworth\n|j|\u2606MrChkn\n|t:|1682100293\n|gametype|doubles\n|player|p1|dralfredpennyworth|lucas|1094\n|player|p2|MrChkn|170|1028\n|teamsize|p1|6\n|teamsize|p2|6\n|gen|9\n|tier|[Gen 9] VGC 2023 Regulation C\n|rated|\n|rule|Species Clause: Limit one of each Pok\u00e9mon\n|rule|Item Clause: Limit one of each item\n|clearpoke\n|poke|p1|Dunsparce, L50, F|\n|poke|p1|Golduck, L50, F|\n|poke|p1|Honchkrow, L50, M|\n|poke|p1|Sandy Shocks, L50|\n|poke|p1|Espeon, L50, F|\n|poke|p1|Scizor, L50, F|\n|poke|p2|Iron Moth, L50|\n|poke|p2|Flutter Mane, L50|\n|poke|p2|Farigiraf, L50, M|\n|poke|p2|Gothitelle, L50, M|\n|poke|p2|Palafin, L50, M|\n|poke|p2|Dragapult, L50, F|\n|teampreview|4\n|\n|t:|1682100330\n|start\n|switch|p1a: Dunsparce|Dunsparce, L50, F|100\/100\n|switch|p1b: Golduck|Golduck, L50, F|100\/100\n|switch|p2a: Gothitelle|Gothitelle, L50, M|100\/100\n|switch|p2b: Flutter Mane|Flutter Mane, L50|100\/100\n|-ability|p1b: Golduck|Cloud Nine\n|turn|1\n|\n|t:|1682100372\n|move|p2a: Gothitelle|Fake Out|p1b: Golduck\n|-damage|p1b: Golduck|94\/100\n|move|p2b: Flutter Mane|Moonblast|p1b: Golduck\n|-damage|p1b: Golduck|33\/100\n|-unboost|p1b: Golduck|spa|1\n|cant|p1b: Golduck|flinch\n|move|p1a: Dunsparce|Stealth Rock|p2a: Gothitelle\n|-sidestart|p2: MrChkn|move: Stealth Rock\n|\n|upkeep\n|turn|2\n|\n|t:|1682100392\n|move|p1b: Golduck|Protect|p1b: Golduck\n|-singleturn|p1b: Golduck|Protect\n|move|p2b: Flutter Mane|Moonblast|p1b: Golduck\n|-activate|p1b: Golduck|move: Protect\n|move|p2a: Gothitelle|Taunt|p1a: Dunsparce\n|-start|p1a: Dunsparce|move: Taunt\n|move|p1a: Dunsparce|Drill Run|p2b: Flutter Mane\n|-damage|p2b: Flutter Mane|63\/100\n|\n|upkeep\n|turn|3\n|\n|t:|1682100410\n|move|p2b: Flutter Mane|Moonblast|p1b: Golduck\n|-damage|p1b: Golduck|0 fnt\n|faint|p1b: Golduck\n|move|p2a: Gothitelle|Thunder Wave|p1a: Dunsparce|[miss]\n|-miss|p2a: Gothitelle|p1a: Dunsparce\n|move|p1a: Dunsparce|Drill Run|p2b: Flutter Mane\n|-damage|p2b: Flutter Mane|27\/100\n|\n|upkeep\n|\n|t:|1682100422\n|switch|p1b: Sandy Shocks|Sandy Shocks, L50|100\/100\n|-enditem|p1b: Sandy Shocks|Booster Energy\n|-activate|p1b: Sandy Shocks|ability: Protosynthesis|[fromitem]\n|-start|p1b: Sandy Shocks|protosynthesisspa\n|turn|4\n|\n|t:|1682100439\n|switch|p2a: Farigiraf|Farigiraf, L50, M|100\/100\n|-damage|p2a: Farigiraf|88\/100|[from] Stealth Rock\n|move|p2b: Flutter Mane|Protect|p2b: Flutter Mane\n|-singleturn|p2b: Flutter Mane|Protect\n|move|p1b: Sandy Shocks|Thunderbolt|p2b: Flutter Mane\n|-activate|p2b: Flutter Mane|move: Protect\n|move|p1a: Dunsparce|Drill Run|p2b: Flutter Mane\n|-activate|p2b: Flutter Mane|move: Protect\n|\n|-heal|p2a: Farigiraf|94\/100|[from] item: Leftovers\n|-end|p1a: Dunsparce|move: Taunt\n|upkeep\n|turn|5\n|\n|t:|1682100466\n|move|p2b: Flutter Mane|Shadow Ball|p1b: Sandy Shocks\n|-damage|p1b: Sandy Shocks|60\/100\n|move|p1b: Sandy Shocks|Earth Power|p2a: Farigiraf\n|-damage|p2a: Farigiraf|39\/100\n|move|p2a: Farigiraf|Calm Mind|p2a: Farigiraf\n|-boost|p2a: Farigiraf|spa|1\n|-boost|p2a: Farigiraf|spd|1\n|move|p1a: Dunsparce|Drill Run|p2b: Flutter Mane\n|-damage|p2b: Flutter Mane|0 fnt\n|faint|p2b: Flutter Mane\n|-end|p2b: Flutter Mane|Protosynthesis|[silent]\n|\n|-heal|p2a: Farigiraf|45\/100|[from] item: Leftovers\n|upkeep\n|\n|t:|1682100483\n|switch|p2b: Gothitelle|Gothitelle, L50, M|100\/100\n|-damage|p2b: Gothitelle|88\/100|[from] Stealth Rock\n|turn|6\n|\n|t:|1682100494\n|move|p1b: Sandy Shocks|Protect|p1b: Sandy Shocks\n|-singleturn|p1b: Sandy Shocks|Protect\n|move|p2b: Gothitelle|Fake Out|p1b: Sandy Shocks\n|-activate|p1b: Sandy Shocks|move: Protect\n|move|p2a: Farigiraf|Dazzling Gleam|p1b: Sandy Shocks|[spread] p1a\n|-activate|p1b: Sandy Shocks|move: Protect\n|-crit|p1a: Dunsparce\n|-damage|p1a: Dunsparce|70\/100\n|move|p1a: Dunsparce|Drill Run|p2a: Farigiraf\n|-damage|p2a: Farigiraf|30\/100\n|\n|-heal|p2a: Farigiraf|36\/100|[from] item: Leftovers\n|upkeep\n|turn|7\n|\n|t:|1682100517\n|move|p1b: Sandy Shocks|Earth Power|p2a: Farigiraf\n|-damage|p2a: Farigiraf|0 fnt\n|faint|p2a: Farigiraf\n|move|p2b: Gothitelle|Thunder Wave|p1a: Dunsparce|[miss]\n|-miss|p2b: Gothitelle|p1a: Dunsparce\n|move|p1a: Dunsparce|Ice Spinner|p2b: Gothitelle\n|-damage|p2b: Gothitelle|74\/100\n|\n|upkeep\n|\n|t:|1682100527\n|switch|p2a: Iron Moth|Iron Moth, L50|100\/100\n|-damage|p2a: Iron Moth|76\/100|[from] Stealth Rock\n|-enditem|p2a: Iron Moth|Booster Energy\n|-activate|p2a: Iron Moth|ability: Quark Drive|[fromitem]\n|-start|p2a: Iron Moth|quarkdrivespa\n|turn|8\n|\n|t:|1682100542\n|-terastallize|p2a: Iron Moth|Fairy\n|move|p2b: Gothitelle|Protect|p2b: Gothitelle\n|-singleturn|p2b: Gothitelle|Protect\n|move|p2a: Iron Moth|Dazzling Gleam|p1b: Sandy Shocks|[spread] p1a,p1b\n|-damage|p1a: Dunsparce|35\/100\n|-damage|p1b: Sandy Shocks|12\/100\n|move|p1b: Sandy Shocks|Earth Power|p2b: Gothitelle\n|-activate|p2b: Gothitelle|move: Protect\n|move|p1a: Dunsparce|Drill Run|p2a: Iron Moth\n|-damage|p2a: Iron Moth|50\/100\n|\n|upkeep\n|turn|9\n|\n|t:|1682100562\n|move|p1b: Sandy Shocks|Protect|p1b: Sandy Shocks\n|-singleturn|p1b: Sandy Shocks|Protect\n|move|p2a: Iron Moth|Dazzling Gleam|p1b: Sandy Shocks|[spread] p1a\n|-activate|p1b: Sandy Shocks|move: Protect\n|-damage|p1a: Dunsparce|5\/100\n|move|p2b: Gothitelle|Thunder Wave|p1a: Dunsparce\n|-status|p1a: Dunsparce|par\n|move|p1a: Dunsparce|Roost|p1a: Dunsparce\n|-heal|p1a: Dunsparce|56\/100 par\n|-singleturn|p1a: Dunsparce|move: Roost\n|\n|upkeep\n|turn|10\n|\n|t:|1682100588\n|move|p2b: Gothitelle|Protect|p2b: Gothitelle\n|-singleturn|p2b: Gothitelle|Protect\n|move|p2a: Iron Moth|Fiery Dance|p1a: Dunsparce\n|-damage|p1a: Dunsparce|13\/100 par\n|-boost|p2a: Iron Moth|spa|1\n|move|p1b: Sandy Shocks|Thunderbolt|p2a: Iron Moth\n|-damage|p2a: Iron Moth|0 fnt\n|faint|p2a: Iron Moth\n|-end|p2a: Iron Moth|Quark Drive|[silent]\n|move|p1a: Dunsparce|Ice Spinner|p2b: Gothitelle\n|-activate|p2b: Gothitelle|move: Protect\n|\n|upkeep\n|turn|11\n|-message|MrChkn forfeited.\n|\n|win|dralfredpennyworth\n|raw|dralfredpennyworth's rating: 1094 → 1115<\/strong> (+21 for winning)\n|raw|MrChkn's rating: 1028 → 1016<\/strong> (-12 for losing)\n|l|\u2606MrChkn\n","uploadtime":1682100605,"views":10,"p1id":"dralfredpennyworth","p2id":"mrchkn","formatid":"gen9vgc2023regulationc","rating":1016,"private":0,"password":""}