{"id":"gen9vgc2023regulationc-1850435313","p1":"BarretsDPalla","p2":"rt455","format":"[Gen 9] VGC 2023 Regulation C","log":"|j|\u2606BarretsDPalla\n|j|\u2606rt455\n|t:|1682336366\n|gametype|doubles\n|player|p1|BarretsDPalla|veteran-gen4|1069\n|player|p2|rt455|ltsurge|1000\n|teamsize|p1|6\n|teamsize|p2|6\n|gen|9\n|tier|[Gen 9] VGC 2023 Regulation C\n|rated|\n|rule|Species Clause: Limit one of each Pok\u00e9mon\n|rule|Item Clause: Limit one of each item\n|clearpoke\n|poke|p1|Gyarados, L50, F|\n|poke|p1|Chi-Yu, L50|\n|poke|p1|Iron Hands, L50|\n|poke|p1|Kingambit, L50, M|\n|poke|p1|Amoonguss, L50, F|\n|poke|p1|Flutter Mane, L50|\n|poke|p2|Dragonite, L50, M|\n|poke|p2|Great Tusk, L50|\n|poke|p2|Magnezone, L50|\n|poke|p2|Amoonguss, L50, M|\n|poke|p2|Iron Valiant, L50|\n|poke|p2|Ceruledge, L50, M|\n|teampreview|4\nBarretsDPalla has agreed to open team sheets.\n|inactive|Battle timer is ON: inactive players will automatically lose when time's up. (requested by BarretsDPalla)\n|\n|t:|1682336414\n|start\n|switch|p1a: Gyarados|Gyarados, L50, F|100\/100\n|switch|p1b: Flutter Mane|Flutter Mane, L50|100\/100\n|switch|p2a: Amoonguss|Amoonguss, L50, M, shiny|100\/100\n|switch|p2b: Great Tusk|Great Tusk, L50|100\/100\n|-ability|p1a: Gyarados|Intimidate|boost\n|-unboost|p2a: Amoonguss|atk|1\n|-unboost|p2b: Great Tusk|atk|1\n|turn|1\n|inactive|rt455 has 30 seconds left.\n|\n|t:|1682336443\n|move|p1b: Flutter Mane|Moonblast|p2b: Great Tusk\n|-supereffective|p2b: Great Tusk\n|-damage|p2b: Great Tusk|0 fnt\n|faint|p2b: Great Tusk\n|-end|p2b: Great Tusk|Protosynthesis|[silent]\n|move|p1a: Gyarados|Taunt|p2a: Amoonguss\n|-start|p2a: Amoonguss|move: Taunt\n|cant|p2a: Amoonguss|move: Taunt|Spore\n|\n|upkeep\n|\n|t:|1682336453\n|switch|p2b: Iron Valiant|Iron Valiant, L50|100\/100\n|-enditem|p2b: Iron Valiant|Booster Energy\n|-activate|p2b: Iron Valiant|ability: Quark Drive|[fromitem]\n|-start|p2b: Iron Valiant|quarkdrivespe\n|turn|2\n|inactive|BarretsDPalla has 30 seconds left.\n|\n|t:|1682336484\n|-end|p1b: Flutter Mane|Protosynthesis|[silent]\n|switch|p1b: Amoonguss|Amoonguss, L50, F|100\/100\n|move|p2b: Iron Valiant|Thunderbolt|p1a: Gyarados\n|-supereffective|p1a: Gyarados\n|-damage|p1a: Gyarados|15\/100\n|-enditem|p1a: Gyarados|Sitrus Berry|[eat]\n|-heal|p1a: Gyarados|40\/100|[from] item: Sitrus Berry\n|move|p1a: Gyarados|Icy Wind|p2a: Amoonguss|[spread] p2a,p2b\n|-supereffective|p2a: Amoonguss\n|-damage|p2a: Amoonguss|91\/100\n|-damage|p2b: Iron Valiant|90\/100\n|-unboost|p2a: Amoonguss|spe|1\n|-unboost|p2b: Iron Valiant|spe|1\n|move|p2a: Amoonguss|Sludge Bomb|p1b: Amoonguss\n|-damage|p1b: Amoonguss|79\/100\n|\n|-heal|p2a: Amoonguss|96\/100|[from] item: Black Sludge\n|upkeep\n|turn|3\n|inactive|rt455 has 30 seconds left.\n|\n|t:|1682336517\n|-end|p2b: Iron Valiant|Quark Drive|[silent]\n|switch|p2b: Dragonite|Dragonite, L50, M|100\/100\n|switch|p1a: Flutter Mane|Flutter Mane, L50|100\/100\n|move|p1b: Amoonguss|Spore|p2b: Dragonite\n|-status|p2b: Dragonite|slp|[from] move: Spore\n|move|p2a: Amoonguss|Sludge Bomb|p1a: Flutter Mane\n|-damage|p1a: Flutter Mane|74\/100\n|\n|-heal|p2a: Amoonguss|100\/100|[from] item: Black Sludge\n|-end|p2a: Amoonguss|move: Taunt\n|upkeep\n|turn|4\n|inactive|rt455 has 30 seconds left.\n|\n|t:|1682336543\n|move|p1b: Amoonguss|Rage Powder|p1b: Amoonguss\n|-singleturn|p1b: Amoonguss|move: Rage Powder\n|move|p1a: Flutter Mane|Dazzling Gleam|p2a: Amoonguss|[spread] p2a,p2b\n|-resisted|p2a: Amoonguss\n|-supereffective|p2b: Dragonite\n|-damage|p2a: Amoonguss|83\/100\n|-damage|p2b: Dragonite|53\/100 slp\n|cant|p2b: Dragonite|slp\n|move|p2a: Amoonguss|Spore|p1a: Flutter Mane\n|-status|p1a: Flutter Mane|slp|[from] move: Spore\n|\n|-heal|p2b: Dragonite|59\/100 slp|[from] item: Leftovers\n|-heal|p2a: Amoonguss|89\/100|[from] item: Black Sludge\n|upkeep\n|turn|5\n|\n|t:|1682336566\n|cant|p1a: Flutter Mane|slp\n|-curestatus|p2b: Dragonite|slp|[msg]\n|move|p2b: Dragonite|Dragon Dance|p2b: Dragonite\n|-boost|p2b: Dragonite|atk|1\n|-boost|p2b: Dragonite|spe|1\n|move|p1b: Amoonguss|Pollen Puff|p1a: Flutter Mane\n|-heal|p1a: Flutter Mane|100\/100 slp\n|move|p2a: Amoonguss|Sludge Bomb|p1a: Flutter Mane\n|-damage|p1a: Flutter Mane|71\/100 slp\n|\n|-heal|p2b: Dragonite|65\/100|[from] item: Leftovers\n|-heal|p2a: Amoonguss|95\/100|[from] item: Black Sludge\n|upkeep\n|turn|6\n|\n|t:|1682336589\n|move|p1b: Amoonguss|Rage Powder|p1b: Amoonguss\n|-singleturn|p1b: Amoonguss|move: Rage Powder\n|move|p2b: Dragonite|Earthquake|p1a: Flutter Mane|[spread] p2a,p1a,p1b\n|-damage|p2a: Amoonguss|53\/100\n|-damage|p1a: Flutter Mane|9\/100 slp\n|-damage|p1b: Amoonguss|45\/100\n|-curestatus|p1a: Flutter Mane|slp|[msg]\n|move|p1a: Flutter Mane|Dazzling Gleam|p2a: Amoonguss|[spread] p2a,p2b\n|-resisted|p2a: Amoonguss\n|-supereffective|p2b: Dragonite\n|-damage|p2a: Amoonguss|37\/100\n|-damage|p2b: Dragonite|0 fnt\n|faint|p2b: Dragonite\n|move|p2a: Amoonguss|Sludge Bomb|p1a: Flutter Mane\n|-damage|p1a: Flutter Mane|0 fnt\n|faint|p1a: Flutter Mane\n|-end|p1a: Flutter Mane|Protosynthesis|[silent]\n|\n|-heal|p2a: Amoonguss|43\/100|[from] item: Black Sludge\n|upkeep\n|\n|t:|1682336605\n|switch|p1a: Gyarados|Gyarados, L50, F|40\/100\n|switch|p2b: Iron Valiant|Iron Valiant, L50|90\/100\n|-ability|p1a: Gyarados|Intimidate|boost\n|-unboost|p2a: Amoonguss|atk|1\n|-unboost|p2b: Iron Valiant|atk|1\n|turn|7\n|inactive|rt455 has 30 seconds left.\n|\n|t:|1682336638\n|-terastallize|p2b: Iron Valiant|Steel\n|move|p1b: Amoonguss|Rage Powder|p1b: Amoonguss\n|-singleturn|p1b: Amoonguss|move: Rage Powder\n|move|p2b: Iron Valiant|Thunderbolt|p1b: Amoonguss\n|-resisted|p1b: Amoonguss\n|-damage|p1b: Amoonguss|32\/100\n|move|p1a: Gyarados|Taunt|p2a: Amoonguss\n|-start|p2a: Amoonguss|move: Taunt\n|move|p2a: Amoonguss|Sludge Bomb|p1b: Amoonguss\n|-damage|p1b: Amoonguss|8\/100\n|\n|-heal|p2a: Amoonguss|48\/100|[from] item: Black Sludge\n|upkeep\n|turn|8\n|\n|t:|1682336662\n|move|p1b: Amoonguss|Rage Powder|p1b: Amoonguss\n|-singleturn|p1b: Amoonguss|move: Rage Powder\n|move|p2b: Iron Valiant|Thunderbolt|p1b: Amoonguss\n|-resisted|p1b: Amoonguss\n|-damage|p1b: Amoonguss|0 fnt\n|faint|p1b: Amoonguss\n|move|p1a: Gyarados|Icy Wind|p2a: Amoonguss|[spread] p2a,p2b\n|-supereffective|p2a: Amoonguss\n|-resisted|p2b: Iron Valiant\n|-damage|p2a: Amoonguss|39\/100\n|-damage|p2b: Iron Valiant|84\/100\n|-unboost|p2a: Amoonguss|spe|1\n|-unboost|p2b: Iron Valiant|spe|1\n|move|p2a: Amoonguss|Sludge Bomb|p1a: Gyarados\n|-damage|p1a: Gyarados|19\/100\n|\n|-heal|p2a: Amoonguss|45\/100|[from] item: Black Sludge\n|upkeep\n|\n|t:|1682336670\n|switch|p1b: Kingambit|Kingambit, L50, M, shiny|100\/100\n|turn|9\n|inactive|BarretsDPalla has 30 seconds left.\n|\n|t:|1682336696\n|move|p1b: Kingambit|Sucker Punch|p2b: Iron Valiant\n|-damage|p2b: Iron Valiant|27\/100\n|move|p2b: Iron Valiant|Close Combat|p1b: Kingambit\n|-supereffective|p1b: Kingambit\n|-damage|p1b: Kingambit|0 fnt\n|-unboost|p2b: Iron Valiant|def|1\n|-unboost|p2b: Iron Valiant|spd|1\n|faint|p1b: Kingambit\n|move|p1a: Gyarados|Icy Wind|p2b: Iron Valiant|[spread] p2a,p2b\n|-supereffective|p2a: Amoonguss\n|-resisted|p2b: Iron Valiant\n|-damage|p2a: Amoonguss|37\/100\n|-damage|p2b: Iron Valiant|19\/100\n|-unboost|p2a: Amoonguss|spe|1\n|-unboost|p2b: Iron Valiant|spe|1\n|move|p2a: Amoonguss|Energy Ball|p1a: Gyarados\n|-damage|p1a: Gyarados|0 fnt\n|faint|p1a: Gyarados\n|\n|win|rt455\n|raw|BarretsDPalla's rating: 1069 → 1045<\/strong> (-24 for losing)\n|raw|rt455's rating: 1000 → 1048<\/strong> (+48 for winning)\n","uploadtime":1682336705,"views":27,"p1id":"barretsdpalla","p2id":"rt455","formatid":"gen9vgc2023regulationc","rating":1045,"private":0,"password":""}