{"id":"gen9vgc2023regulationc-1860129137","p1":"mx555","p2":"Zardyzardzard","format":"[Gen 9] VGC 2023 Regulation C","log":"|j|\u2606mx555\n|j|\u2606Zardyzardzard\n|t:|1683598659\n|gametype|doubles\n|player|p1|mx555|170|1190\n|player|p2|Zardyzardzard|101|1160\n|teamsize|p1|6\n|teamsize|p2|6\n|gen|9\n|tier|[Gen 9] VGC 2023 Regulation C\n|rated|\n|rule|Species Clause: Limit one of each Pok\u00e9mon\n|rule|Item Clause: Limit one of each item\n|clearpoke\n|poke|p1|Scizor, L50, M|\n|poke|p1|Flutter Mane, L50|\n|poke|p1|Iron Bundle, L50|\n|poke|p1|Iron Hands, L50|\n|poke|p1|Amoonguss, L50, M|\n|poke|p1|Chi-Yu, L50|\n|poke|p2|Ting-Lu, L50|\n|poke|p2|Corviknight, L50, M|\n|poke|p2|Iron Hands, L50|\n|poke|p2|Amoonguss, L50, M|\n|poke|p2|Palafin, L50, M|\n|poke|p2|Arcanine, L50, M|\n|teampreview|4\n|inactive|Battle timer is ON: inactive players will automatically lose when time's up. (requested by Zardyzardzard)\n|inactive|mx555 has 60 seconds left.\nZardyzardzard rejected open team sheets.\n|\n|t:|1683598714\n|start\n|switch|p1a: Iron Bundle|Iron Bundle, L50|100\/100\n|switch|p1b: Chi-Yu|Chi-Yu, L50|100\/100\n|switch|p2a: Ting-Lu|Ting-Lu, L50|100\/100\n|switch|p2b: Palafin|Palafin, L50, M|100\/100\n|-ability|p1b: Chi-Yu|Beads of Ruin\n|-ability|p2a: Ting-Lu|Vessel of Ruin\n|-enditem|p1a: Iron Bundle|Booster Energy\n|-activate|p1a: Iron Bundle|ability: Quark Drive|[fromitem]\n|-start|p1a: Iron Bundle|quarkdrivespe\n|turn|1\n|\n|t:|1683598739\n|detailschange|p2b: Palafin|Palafin-Hero, L50, M\n|switch|p2b: Amoonguss|Amoonguss, L50, M|100\/100\n|move|p1a: Iron Bundle|Hydro Pump|p2a: Ting-Lu\n|-supereffective|p2a: Ting-Lu\n|-damage|p2a: Ting-Lu|51\/100\n|move|p1b: Chi-Yu|Heat Wave|p2a: Ting-Lu|[spread] p2a,p2b\n|-supereffective|p2b: Amoonguss\n|-damage|p2a: Ting-Lu|27\/100\n|-damage|p2b: Amoonguss|25\/100\n|-enditem|p2b: Amoonguss|Sitrus Berry|[eat]\n|-heal|p2b: Amoonguss|50\/100|[from] item: Sitrus Berry\n|-damage|p1b: Chi-Yu|91\/100|[from] item: Life Orb\n|move|p2a: Ting-Lu|Fissure|p1a: Iron Bundle|[miss]\n|-miss|p2a: Ting-Lu|p1a: Iron Bundle\n|\n|upkeep\n|turn|2\n|inactive|Zardyzardzard has 30 seconds left.\n|\n|t:|1683598768\n|move|p2b: Amoonguss|Protect|p2b: Amoonguss\n|-singleturn|p2b: Amoonguss|Protect\n|move|p1a: Iron Bundle|Hydro Pump|p2a: Ting-Lu\n|-supereffective|p2a: Ting-Lu\n|-damage|p2a: Ting-Lu|0 fnt\n|faint|p2a: Ting-Lu\n|move|p1b: Chi-Yu|Heat Wave|p2b: Amoonguss\n|-activate|p2b: Amoonguss|move: Protect\n|\n|upkeep\n|\n|t:|1683598778\n|switch|p2a: Palafin|Palafin-Hero, L50, M|100\/100\n|-activate|p2a: Palafin|ability: Zero to Hero\n|turn|3\n|\n|t:|1683598796\n|-terastallize|p2b: Amoonguss|Water\n|move|p1b: Chi-Yu|Protect|p1b: Chi-Yu\n|-singleturn|p1b: Chi-Yu|Protect\n|move|p2a: Palafin|Jet Punch|p1b: Chi-Yu\n|-activate|p1b: Chi-Yu|move: Protect\n|move|p1a: Iron Bundle|Freeze-Dry|p2b: Amoonguss\n|-supereffective|p2b: Amoonguss\n|-damage|p2b: Amoonguss|0 fnt\n|faint|p2b: Amoonguss\n|\n|upkeep\n|\n|t:|1683598808\n|switch|p2b: Corviknight|Corviknight, L50, M|100\/100\n|turn|4\n|\n|t:|1683598825\n|switch|p1b: Amoonguss|Amoonguss, L50, M|100\/100\n|move|p2a: Palafin|Jet Punch|p1b: Amoonguss\n|-resisted|p1b: Amoonguss\n|-damage|p1b: Amoonguss|84\/100\n|move|p1a: Iron Bundle|Freeze-Dry|p2a: Palafin\n|-supereffective|p2a: Palafin\n|-crit|p2a: Palafin\n|-damage|p2a: Palafin|0 fnt\n|faint|p2a: Palafin\n|move|p2b: Corviknight|Bulk Up|p2b: Corviknight\n|-boost|p2b: Corviknight|atk|1\n|-boost|p2b: Corviknight|def|1\n|\n|upkeep\n|turn|5\n|-message|Zardyzardzard forfeited.\n|\n|win|mx555\n|raw|mx555's rating: 1190 → 1213<\/strong> (+23 for winning)\n|raw|Zardyzardzard's rating: 1160 → 1137<\/strong> (-23 for losing)\n|l|\u2606Zardyzardzard\n","uploadtime":1683598845,"views":7,"p1id":"mx555","p2id":"zardyzardzard","formatid":"gen9vgc2023regulationc","rating":1137,"private":0,"password":""}