{"id":"gen9vgc2023regulationc-1847448774","p1":"Wo-ChienBlend","p2":"BIGMETAGROSSFAN","format":"[Gen 9] VGC 2023 Regulation C","log":"|j|\u2606Wo-ChienBlend\n|j|\u2606BIGMETAGROSSFAN\n|t:|1681956402\n|gametype|doubles\n|player|p1|Wo-ChienBlend|baker|\n|player|p2|BIGMETAGROSSFAN|hilbert-wonderlauncher|\n|teamsize|p1|6\n|teamsize|p2|6\n|gen|9\n|tier|[Gen 9] VGC 2023 Regulation C\n|rated|Tournament battle\n|rule|Species Clause: Limit one of each Pok\u00e9mon\n|rule|Item Clause: Limit one of each item\n|clearpoke\n|poke|p1|Staraptor, L50, F|\n|poke|p1|Farigiraf, L50, M|\n|poke|p1|Maushold, L50|\n|poke|p1|Torkoal, L50, F|\n|poke|p1|Wo-Chien, L50|\n|poke|p1|Great Tusk, L50|\n|poke|p2|Palafin, L50, M|\n|poke|p2|Arcanine, L50, F|\n|poke|p2|Amoonguss, L50, M|\n|poke|p2|Kingambit, L50, F|\n|poke|p2|Flutter Mane, L50|\n|poke|p2|Dragonite, L50, F|\n|teampreview|4\n|raw| Open Team Sheet for Wo-ChienBlend<\/summary>Staraptor @ Choice Scarf Ability: Reckless Level: 50 Tera Type: Flying - Brave Bird - Struggle Bug - Final Gambit - U-turn Farigiraf (M) @ Mental Herb Ability: Armor Tail Level: 50 Tera Type: Grass - Hyper Voice - Psychic - Trick Room - Helping Hand Maushold @ Safety Goggles Ability: Friend Guard Level: 50 Shiny: Yes Tera Type: Ghost - Feint - Protect - Helping Hand - Follow Me Torkoal (F) @ Choice Specs Ability: Drought Level: 50 Tera Type: Fire - Eruption - Heat Wave - Earth Power - Clear Smog Wo-Chien @ Leftovers Ability: Tablets of Ruin Level: 50 Tera Type: Poison - Pollen Puff - Foul Play - Leech Seed - Protect Great Tusk @ Assault Vest Ability: Protosynthesis Level: 50 Hidden Power: Fighting Tera Type: Fire - Close Combat - Headlong Rush - Ice Spinner - Earthquake <\/details><\/div> Open Team Sheet for BIGMETAGROSSFAN<\/summary>Palafin @ Mystic Water Ability: Zero to Hero Level: 50 Tera Type: Water - Wave Crash - Jet Punch - Drain Punch - Protect Arcanine @ Safety Goggles Ability: Intimidate Level: 50 Tera Type: Grass - Flare Blitz - Extreme Speed - Howl - Will-O-Wisp Amoonguss @ Sitrus Berry Ability: Regenerator Level: 50 Tera Type: Water - Spore - Rage Powder - Pollen Puff - Protect Kingambit @ Lum Berry Ability: Defiant Level: 50 Tera Type: Dark - Kowtow Cleave - Sucker Punch - Swords Dance - Protect Flutter Mane @ Booster Energy Ability: Protosynthesis Level: 50 Tera Type: Fairy - Moonblast - Shadow Ball - Dazzling Gleam - Protect Dragonite @ Assault Vest Ability: Multiscale Level: 50 Tera Type: Flying - Tera Blast - Stomping Tantrum - Extreme Speed - Low Kick <\/details><\/div>\n|inactive|Battle timer is ON: inactive players will automatically lose when time's up. (requested by Wo-ChienBlend)\n|inactive|BIGMETAGROSSFAN has 60 seconds left.\n|\n|t:|1681956543\n|start\n|switch|p1a: Staraptor|Staraptor, L50, F|100\/100\n|switch|p1b: Great Tusk|Great Tusk, L50|100\/100\n|switch|p2a: Amoonguss|Amoonguss, L50, M|100\/100\n|switch|p2b: Kingambit|Kingambit, L50, F|100\/100\n|turn|1\n|inactive|Wo-ChienBlend has 30 seconds left.\n|inactive|BIGMETAGROSSFAN has 30 seconds left.\n|\n|t:|1681956577\n|-terastallize|p1a: Staraptor|Flying\n|-terastallize|p2b: Kingambit|Dark\n|move|p2a: Amoonguss|Rage Powder|p2a: Amoonguss\n|-singleturn|p2a: Amoonguss|move: Rage Powder\n|move|p1a: Staraptor|Brave Bird|p2a: Amoonguss\n|-supereffective|p2a: Amoonguss\n|-damage|p2a: Amoonguss|0 fnt\n|faint|p2a: Amoonguss\n|-damage|p1a: Staraptor|62\/100|[from] Recoil\n|move|p1b: Great Tusk|Ice Spinner|p2b: Kingambit\n|-damage|p2b: Kingambit|80\/100\n|move|p2b: Kingambit|Swords Dance|p2b: Kingambit\n|-boost|p2b: Kingambit|atk|2\n|\n|upkeep\n|\n|t:|1681956592\n|switch|p2a: Arcanine|Arcanine, L50, F|100\/100\n|-ability|p2a: Arcanine|Intimidate|boost\n|-unboost|p1a: Staraptor|atk|1\n|-unboost|p1b: Great Tusk|atk|1\n|turn|2\n|j| The Sabers Tooth\n|l| The Sabers Tooth\n|\n|t:|1681956612\n|-end|p1b: Great Tusk|Protosynthesis|[silent]\n|switch|p1b: Farigiraf|Farigiraf, L50, M|100\/100\n|move|p1a: Staraptor|Brave Bird|p2b: Kingambit\n|-damage|p2b: Kingambit|36\/100\n|-damage|p1a: Staraptor|47\/100|[from] Recoil\n|move|p2a: Arcanine|Will-O-Wisp|p1b: Farigiraf\n|-status|p1b: Farigiraf|brn\n|move|p2b: Kingambit|Kowtow Cleave|p1a: Staraptor\n|-damage|p1a: Staraptor|0 fnt\n|faint|p1a: Staraptor\n|\n|-damage|p1b: Farigiraf|95\/100 brn|[from] brn\n|upkeep\n|\n|t:|1681956621\n|switch|p1a: Great Tusk|Great Tusk, L50|100\/100\n|turn|3\n|j| LukPeu\n|\n|t:|1681956641\n|move|p2b: Kingambit|Protect|p2b: Kingambit\n|-singleturn|p2b: Kingambit|Protect\n|move|p2a: Arcanine|Will-O-Wisp|p1a: Great Tusk\n|-status|p1a: Great Tusk|brn\n|move|p1a: Great Tusk|Close Combat|p2b: Kingambit\n|-activate|p2b: Kingambit|move: Protect\n|move|p1b: Farigiraf|Trick Room|p1b: Farigiraf\n|-fieldstart|move: Trick Room|[of] p1b: Farigiraf\n|\n|-damage|p1b: Farigiraf|89\/100 brn|[from] brn\n|-damage|p1a: Great Tusk|94\/100 brn|[from] brn\n|upkeep\n|turn|4\n|inactive|BIGMETAGROSSFAN has 30 seconds left.\n|j| blooperlink123\n|j| heyemoboy\n|inactive|BIGMETAGROSSFAN has 20 seconds left.\n|inactive|BIGMETAGROSSFAN has 15 seconds left.\n|\n|t:|1681956682\n|switch|p2b: Flutter Mane|Flutter Mane, L50|100\/100\n|-enditem|p2b: Flutter Mane|Booster Energy\n|-activate|p2b: Flutter Mane|ability: Protosynthesis|[fromitem]\n|-start|p2b: Flutter Mane|protosynthesisspa\n|switch|p1b: Wo-Chien|Wo-Chien, L50|100\/100\n|-ability|p1b: Wo-Chien|Tablets of Ruin\n|move|p1a: Great Tusk|Close Combat|p2b: Flutter Mane\n|-immune|p2b: Flutter Mane\n|move|p2a: Arcanine|Flare Blitz|p1a: Great Tusk\n|-damage|p1a: Great Tusk|69\/100 brn\n|-damage|p2a: Arcanine|92\/100|[from] Recoil\n|\n|-damage|p1a: Great Tusk|63\/100 brn|[from] brn\n|upkeep\n|turn|5\n|inactive|BIGMETAGROSSFAN has 30 seconds left.\n|inactive|Wo-ChienBlend has 30 seconds left.\n|inactive|BIGMETAGROSSFAN has 20 seconds left.\n|inactive|Wo-ChienBlend has 20 seconds left.\n|\n|t:|1681956726\n|switch|p1b: Farigiraf|Farigiraf, L50, M|89\/100 brn\n|move|p2b: Flutter Mane|Protect|p2b: Flutter Mane\n|-singleturn|p2b: Flutter Mane|Protect\n|move|p1a: Great Tusk|Headlong Rush|p2b: Flutter Mane\n|-activate|p2b: Flutter Mane|move: Protect\n|move|p2a: Arcanine|Will-O-Wisp|p1b: Farigiraf\n|-fail|p1b: Farigiraf|brn\n|\n|-damage|p1b: Farigiraf|83\/100 brn|[from] brn\n|-damage|p1a: Great Tusk|57\/100 brn|[from] brn\n|upkeep\n|turn|6\n|l| heyemoboy\n|inactive|BIGMETAGROSSFAN has 30 seconds left.\n|\n|t:|1681956755\n|-end|p2b: Flutter Mane|Protosynthesis|[silent]\n|switch|p2b: Kingambit|Kingambit, L50, F, tera:Dark|36\/100\n|move|p1b: Farigiraf|Helping Hand|p1a: Great Tusk\n|-singleturn|p1a: Great Tusk|Helping Hand|[of] p1b: Farigiraf\n|move|p1a: Great Tusk|Headlong Rush|p2b: Kingambit\n|-damage|p2b: Kingambit|3\/100\n|-unboost|p1a: Great Tusk|def|1\n|-unboost|p1a: Great Tusk|spd|1\n|move|p2a: Arcanine|Howl|p2a: Arcanine|[spread] p2a,p2b\n|-boost|p2a: Arcanine|atk|1\n|-boost|p2b: Kingambit|atk|1\n|\n|-damage|p1b: Farigiraf|77\/100 brn|[from] brn\n|-damage|p1a: Great Tusk|51\/100 brn|[from] brn\n|upkeep\n|turn|7\n|\n|t:|1681956779\n|move|p2b: Kingambit|Protect|p2b: Kingambit\n|-singleturn|p2b: Kingambit|Protect\n|move|p1b: Farigiraf|Hyper Voice|p2b: Kingambit|[spread] p2a\n|-activate|p2b: Kingambit|move: Protect\n|-damage|p2a: Arcanine|63\/100\n|move|p1a: Great Tusk|Earthquake|p2b: Kingambit|[spread] p1b,p2a\n|-activate|p2b: Kingambit|move: Protect\n|-supereffective|p2a: Arcanine\n|-damage|p1b: Farigiraf|61\/100 brn\n|-damage|p2a: Arcanine|28\/100\n|move|p2a: Arcanine|Howl|p2a: Arcanine|[spread] p2a,p2b\n|-boost|p2a: Arcanine|atk|1\n|-boost|p2b: Kingambit|atk|1\n|\n|-damage|p1b: Farigiraf|55\/100 brn|[from] brn\n|-damage|p1a: Great Tusk|45\/100 brn|[from] brn\n|-fieldend|move: Trick Room\n|upkeep\n|turn|8\n|j| AtomX7VGC\n|j| benjirz9\n|inactive|Wo-ChienBlend has 30 seconds left.\n|inactive|BIGMETAGROSSFAN has 30 seconds left.\n|inactive|Wo-ChienBlend has 20 seconds left.\n|inactive|BIGMETAGROSSFAN has 20 seconds left.\n|j| Voidbunny123\n|inactive|Wo-ChienBlend has 15 seconds left.\n|j| albocampion\n|\n|t:|1681956823\n|move|p2a: Arcanine|Flare Blitz|p1a: Great Tusk\n|-damage|p1a: Great Tusk|0 fnt\n|faint|p1a: Great Tusk\n|-end|p1a: Great Tusk|Protosynthesis|[silent]\n|-damage|p2a: Arcanine|14\/100|[from] Recoil\n|move|p1b: Farigiraf|Hyper Voice|p2b: Kingambit|[spread] p2a,p2b\n|-damage|p2a: Arcanine|0 fnt\n|-damage|p2b: Kingambit|0 fnt\n|faint|p2a: Arcanine\n|faint|p2b: Kingambit\n|\n|-damage|p1b: Farigiraf|49\/100 brn|[from] brn\n|upkeep\n|l| Voidbunny123\n|\n|t:|1681956835\n|switch|p1a: Wo-Chien|Wo-Chien, L50|100\/100\n|switch|p2b: Flutter Mane|Flutter Mane, L50|100\/100\n|-ability|p1a: Wo-Chien|Tablets of Ruin\n|turn|9\n|\n|t:|1681956849\n|move|p2b: Flutter Mane|Moonblast|p1b: Farigiraf\n|-damage|p1b: Farigiraf|3\/100 brn\n|-unboost|p1b: Farigiraf|spa|1\n|move|p1a: Wo-Chien|Leech Seed|p2b: Flutter Mane|[miss]\n|-miss|p1a: Wo-Chien|p2b: Flutter Mane\n|move|p1b: Farigiraf|Psychic|p2b: Flutter Mane\n|-damage|p2b: Flutter Mane|80\/100\n|\n|-damage|p1b: Farigiraf|0 fnt|[from] brn\n|faint|p1b: Farigiraf\n|upkeep\n|turn|10\n|\n|t:|1681956862\n|move|p2b: Flutter Mane|Moonblast|p1a: Wo-Chien\n|-supereffective|p1a: Wo-Chien\n|-damage|p1a: Wo-Chien|32\/100\n|move|p1a: Wo-Chien|Leech Seed|p2b: Flutter Mane\n|-start|p2b: Flutter Mane|move: Leech Seed\n|\n|-heal|p1a: Wo-Chien|38\/100|[from] item: Leftovers\n|-damage|p2b: Flutter Mane|67\/100|[from] Leech Seed|[of] p1a: Wo-Chien\n|-heal|p1a: Wo-Chien|48\/100|[silent]\n|upkeep\n|turn|11\n|\n|t:|1681956872\n|move|p1a: Wo-Chien|Protect|p1a: Wo-Chien\n|-singleturn|p1a: Wo-Chien|Protect\n|move|p2b: Flutter Mane|Moonblast|p1a: Wo-Chien\n|-activate|p1a: Wo-Chien|move: Protect\n|\n|-heal|p1a: Wo-Chien|55\/100|[from] item: Leftovers\n|-damage|p2b: Flutter Mane|55\/100|[from] Leech Seed|[of] p1a: Wo-Chien\n|-heal|p1a: Wo-Chien|65\/100|[silent]\n|upkeep\n|turn|12\n|\n|t:|1681956884\n|move|p2b: Flutter Mane|Moonblast|p1a: Wo-Chien\n|-supereffective|p1a: Wo-Chien\n|-damage|p1a: Wo-Chien|2\/100\n|-unboost|p1a: Wo-Chien|spa|1\n|move|p1a: Wo-Chien|Foul Play|p2b: Flutter Mane\n|-damage|p2b: Flutter Mane|30\/100\n|\n|-heal|p1a: Wo-Chien|8\/100|[from] item: Leftovers\n|-damage|p2b: Flutter Mane|17\/100|[from] Leech Seed|[of] p1a: Wo-Chien\n|-heal|p1a: Wo-Chien|18\/100|[silent]\n|upkeep\n|turn|13\n|\n|t:|1681956894\n|move|p1a: Wo-Chien|Protect|p1a: Wo-Chien\n|-singleturn|p1a: Wo-Chien|Protect\n|move|p2b: Flutter Mane|Moonblast|p1a: Wo-Chien\n|-activate|p1a: Wo-Chien|move: Protect\n|\n|-heal|p1a: Wo-Chien|24\/100|[from] item: Leftovers\n|-damage|p2b: Flutter Mane|5\/100|[from] Leech Seed|[of] p1a: Wo-Chien\n|-heal|p1a: Wo-Chien|35\/100|[silent]\n|upkeep\n|turn|14\n|\n|t:|1681956902\n|move|p1a: Wo-Chien|Protect|p1a: Wo-Chien\n|-singleturn|p1a: Wo-Chien|Protect\n|move|p2b: Flutter Mane|Moonblast|p1a: Wo-Chien\n|-activate|p1a: Wo-Chien|move: Protect\n|\n|-heal|p1a: Wo-Chien|41\/100|[from] item: Leftovers\n|-damage|p2b: Flutter Mane|0 fnt|[from] Leech Seed|[of] p1a: Wo-Chien\n|-heal|p1a: Wo-Chien|45\/100|[silent]\n|faint|p2b: Flutter Mane\n|-end|p2b: Flutter Mane|Protosynthesis|[silent]\n|\n|win|Wo-ChienBlend\n|upkeep\n|n|\u2606Wo-ChienBlend|wochienblend\n|n|\u2606BIGMETAGROSSFAN|bigmetagrossfan\n|n| LukPeu|lukpeu\n|n| blooperlink123|blooperlink123\n|n| AtomX7VGC|atomx7vgc\n|n| benjirz9|benjirz9\n|n| albocampion|albocampion\n|l|\u2606Wo-ChienBlend\n","uploadtime":1681956914,"views":5,"p1id":"wochienblend","p2id":"bigmetagrossfan","formatid":"gen9vgc2023regulationc","rating":0,"private":0,"password":""}