{"id":"gen9vgc2023regulationc-1846761082","p1":"Ricardo Randorez","p2":"perfective","format":"[Gen 9] VGC 2023 Regulation C","log":"|j|\u2606Ricardo Randorez\n|j|\u2606perfective\n|t:|1681875287\n|gametype|doubles\n|player|p1|Ricardo Randorez|170|1190\n|player|p2|perfective|102|1258\n|teamsize|p1|6\n|teamsize|p2|6\n|gen|9\n|tier|[Gen 9] VGC 2023 Regulation C\n|rated|\n|rule|Species Clause: Limit one of each Pok\u00e9mon\n|rule|Item Clause: Limit one of each item\n|clearpoke\n|poke|p1|Flutter Mane, L50|\n|poke|p1|Wo-Chien, L50|\n|poke|p1|Gholdengo, L50|\n|poke|p1|Iron Hands, L50|\n|poke|p1|Arcanine, L50, M|\n|poke|p1|Palafin, L50, M|\n|poke|p2|Azumarill, L50, M|\n|poke|p2|Chi-Yu, L50|\n|poke|p2|Dachsbun, L50, F|\n|poke|p2|Flutter Mane, L50|\n|poke|p2|Chien-Pao, L50|\n|poke|p2|Dragonite, L50, M|\n|teampreview|4\n|inactive|Battle timer is ON: inactive players will automatically lose when time's up. (requested by perfective)\n|\n|t:|1681875319\n|start\n|switch|p1a: The Force|Palafin, L50, M, shiny|100\/100\n|switch|p1b: Jabba The Hutt|Wo-Chien, L50|100\/100\n|switch|p2a: Chi-Yu|Chi-Yu, L50|100\/100\n|switch|p2b: Dachsbun|Dachsbun, L50, F|100\/100\n|-ability|p2a: Chi-Yu|Beads of Ruin\n|-ability|p1b: Jabba The Hutt|Tablets of Ruin\n|turn|1\n|\n|t:|1681875341\n|-terastallize|p2a: Chi-Yu|Ghost\n|-terastallize|p1b: Jabba The Hutt|Poison\n|move|p2a: Chi-Yu|Lava Plume|p1b: Jabba The Hutt|[spread] p1a,p1b\n|-ability|p2b: Dachsbun|Well-Baked Body|boost\n|-boost|p2b: Dachsbun|def|2\n|-resisted|p1a: The Force\n|-damage|p1a: The Force|71\/100\n|-damage|p1b: Jabba The Hutt|68\/100\n|-status|p1b: Jabba The Hutt|brn\n|-damage|p2a: Chi-Yu|91\/100|[from] item: Life Orb\n|move|p1a: The Force|Wave Crash|p2a: Chi-Yu\n|-damage|p2a: Chi-Yu|35\/100\n|-damage|p1a: The Force|56\/100|[from] Recoil\n|move|p2b: Dachsbun|Yawn||[still]\n|-fail|p2b: Dachsbun\n|move|p1b: Jabba The Hutt|Leech Seed|p2b: Dachsbun\n|-start|p2b: Dachsbun|move: Leech Seed\n|\n|-heal|p1b: Jabba The Hutt|73\/100 brn|[from] item: Leftovers\n|-damage|p2b: Dachsbun|88\/100|[from] Leech Seed|[of] p1b: Jabba The Hutt\n|-heal|p1b: Jabba The Hutt|84\/100 brn|[silent]\n|-damage|p1b: Jabba The Hutt|78\/100 brn|[from] brn\n|upkeep\n|turn|2\n|inactive|Ricardo Randorez has 30 seconds left.\n|inactive|perfective has 30 seconds left.\n|\n|t:|1681875375\n|move|p2a: Chi-Yu|Protect|p2a: Chi-Yu\n|-singleturn|p2a: Chi-Yu|Protect\n|move|p1a: The Force|Protect|p1a: The Force\n|-singleturn|p1a: The Force|Protect\n|move|p2b: Dachsbun|Body Press|p1a: The Force\n|-activate|p1a: The Force|move: Protect\n|move|p1b: Jabba The Hutt|Leech Seed|p2a: Chi-Yu\n|-activate|p2a: Chi-Yu|move: Protect\n|\n|-heal|p2b: Dachsbun|94\/100|[from] item: Leftovers\n|-heal|p1b: Jabba The Hutt|84\/100 brn|[from] item: Leftovers\n|-damage|p2b: Dachsbun|82\/100|[from] Leech Seed|[of] p1b: Jabba The Hutt\n|-heal|p1b: Jabba The Hutt|95\/100 brn|[silent]\n|-damage|p1b: Jabba The Hutt|89\/100 brn|[from] brn\n|upkeep\n|turn|3\n|\n|t:|1681875399\n|switch|p2a: Dragonite|Dragonite, L50, M|100\/100\n|detailschange|p1a: The Force|Palafin-Hero, L50, M, shiny\n|switch|p1a: C3-P0|Gholdengo, L50|100\/100\n|move|p2b: Dachsbun|Yawn|p1a: C3-P0\n|-immune|p1a: C3-P0|[from] ability: Good as Gold\n|move|p1b: Jabba The Hutt|Leech Seed|p2a: Dragonite\n|-start|p2a: Dragonite|move: Leech Seed\n|\n|-heal|p2b: Dachsbun|88\/100|[from] item: Leftovers\n|-heal|p1b: Jabba The Hutt|95\/100 brn|[from] item: Leftovers\n|-damage|p2a: Dragonite|88\/100|[from] Leech Seed|[of] p1b: Jabba The Hutt\n|-heal|p1b: Jabba The Hutt|100\/100 brn|[silent]\n|-damage|p2b: Dachsbun|76\/100|[from] Leech Seed|[of] p1b: Jabba The Hutt\n|-damage|p1b: Jabba The Hutt|95\/100 brn|[from] brn\n|upkeep\n|turn|4\n|inactive|Ricardo Randorez has 30 seconds left.\n|inactive|perfective has 30 seconds left.\n|\n|t:|1681875429\n|switch|p1a: The Force|Palafin-Hero, L50, M, shiny|56\/100\n|-activate|p1a: The Force|ability: Zero to Hero\n|move|p2a: Dragonite|Dragon Dance|p2a: Dragonite\n|-boost|p2a: Dragonite|atk|1\n|-boost|p2a: Dragonite|spe|1\n|move|p2b: Dachsbun|Body Press|p1b: Jabba The Hutt\n|-resisted|p1b: Jabba The Hutt\n|-damage|p1b: Jabba The Hutt|80\/100 brn\n|move|p1b: Jabba The Hutt|Pollen Puff|p1a: The Force\n|-heal|p1a: The Force|100\/100\n|\n|-heal|p2b: Dachsbun|82\/100|[from] item: Leftovers\n|-heal|p1b: Jabba The Hutt|86\/100 brn|[from] item: Leftovers\n|-damage|p2a: Dragonite|75\/100|[from] Leech Seed|[of] p1b: Jabba The Hutt\n|-heal|p1b: Jabba The Hutt|98\/100 brn|[silent]\n|-damage|p2b: Dachsbun|70\/100|[from] Leech Seed|[of] p1b: Jabba The Hutt\n|-heal|p1b: Jabba The Hutt|100\/100 brn|[silent]\n|-damage|p1b: Jabba The Hutt|95\/100 brn|[from] brn\n|upkeep\n|turn|5\n|inactive|Ricardo Randorez has 30 seconds left.\n|inactive|perfective has 30 seconds left.\n|inactive|perfective has 20 seconds left.\n|\n|t:|1681875467\n|move|p2a: Dragonite|Dragon Dance|p2a: Dragonite\n|-boost|p2a: Dragonite|atk|1\n|-boost|p2a: Dragonite|spe|1\n|move|p1a: The Force|Haze|p1a: The Force\n|-clearallboost\n|move|p2b: Dachsbun|Yawn|p1a: The Force\n|-start|p1a: The Force|move: Yawn|[of] p2b: Dachsbun\n|move|p1b: Jabba The Hutt|Stun Spore|p2a: Dragonite\n|-status|p2a: Dragonite|par\n|\n|-heal|p2b: Dachsbun|76\/100|[from] item: Leftovers\n|-heal|p1b: Jabba The Hutt|100\/100 brn|[from] item: Leftovers\n|-damage|p2b: Dachsbun|64\/100|[from] Leech Seed|[of] p1b: Jabba The Hutt\n|-damage|p2a: Dragonite|63\/100 par|[from] Leech Seed|[of] p1b: Jabba The Hutt\n|-damage|p1b: Jabba The Hutt|95\/100 brn|[from] brn\n|upkeep\n|turn|6\n|inactive|Ricardo Randorez has 30 seconds left.\n|\n|t:|1681875499\n|switch|p1a: Yoda|Flutter Mane, L50, shiny|100\/100\n|-enditem|p1a: Yoda|Booster Energy\n|-activate|p1a: Yoda|ability: Protosynthesis|[fromitem]\n|-start|p1a: Yoda|protosynthesisspe\n|move|p2a: Dragonite|Extreme Speed|p1a: Yoda\n|-immune|p1a: Yoda\n|move|p2b: Dachsbun|Body Press|p1a: Yoda\n|-immune|p1a: Yoda\n|move|p1b: Jabba The Hutt|Leech Seed||[still]\n|-fail|p1b: Jabba The Hutt\n|\n|-heal|p2b: Dachsbun|70\/100|[from] item: Leftovers\n|-heal|p1b: Jabba The Hutt|100\/100 brn|[from] item: Leftovers\n|-damage|p2b: Dachsbun|58\/100|[from] Leech Seed|[of] p1b: Jabba The Hutt\n|-damage|p2a: Dragonite|50\/100 par|[from] Leech Seed|[of] p1b: Jabba The Hutt\n|-damage|p1b: Jabba The Hutt|95\/100 brn|[from] brn\n|upkeep\n|turn|7\n|inactive|Ricardo Randorez has 30 seconds left.\n|inactive|perfective has 30 seconds left.\n|\n|t:|1681875530\n|move|p1a: Yoda|Moonblast|p2a: Dragonite\n|-supereffective|p2a: Dragonite\n|-damage|p2a: Dragonite|0 fnt\n|faint|p2a: Dragonite\n|move|p2b: Dachsbun|Wish|p2b: Dachsbun\n|move|p1b: Jabba The Hutt|Leech Seed||[still]\n|-fail|p1b: Jabba The Hutt\n|\n|-heal|p2b: Dachsbun|64\/100|[from] item: Leftovers\n|-heal|p1b: Jabba The Hutt|100\/100 brn|[from] item: Leftovers\n|-damage|p2b: Dachsbun|51\/100|[from] Leech Seed|[of] p1b: Jabba The Hutt\n|-damage|p1b: Jabba The Hutt|95\/100 brn|[from] brn\n|upkeep\n|\n|t:|1681875543\n|switch|p2a: Chi-Yu|Chi-Yu, L50, tera:Ghost|35\/100\n|-ability|p2a: Chi-Yu|Beads of Ruin\n|turn|8\n|\n|t:|1681875563\n|move|p1a: Yoda|Dazzling Gleam|p2b: Dachsbun|[spread] p2a,p2b\n|-damage|p2a: Chi-Yu|5\/100\n|-damage|p2b: Dachsbun|7\/100\n|move|p2a: Chi-Yu|Lava Plume|p1b: Jabba The Hutt|[spread] p1a,p1b\n|-ability|p2b: Dachsbun|Well-Baked Body|boost\n|-boost|p2b: Dachsbun|def|2\n|-damage|p1a: Yoda|52\/100\n|-damage|p1b: Jabba The Hutt|61\/100 brn\n|-damage|p2a: Chi-Yu|0 fnt|[from] item: Life Orb\n|faint|p2a: Chi-Yu\n|move|p2b: Dachsbun|Play Rough|p1a: Yoda\n|-damage|p1a: Yoda|16\/100\n|move|p1b: Jabba The Hutt|Pollen Puff|p2b: Dachsbun\n|-resisted|p2b: Dachsbun\n|-damage|p2b: Dachsbun|0 fnt\n|faint|p2b: Dachsbun\n|\n|-heal|p1b: Jabba The Hutt|66\/100 brn|[from] item: Leftovers\n|-damage|p1b: Jabba The Hutt|61\/100 brn|[from] brn\n|upkeep\n|\n|t:|1681875585\n|switch|p2b: Azumarill|Azumarill, L50, M|100\/100\n|turn|9\n|-message|perfective forfeited.\n|\n|win|Ricardo Randorez\n|raw|Ricardo Randorez's rating: 1190 → 1220<\/strong> (+30 for winning)\n|raw|perfective's rating: 1258 → 1228<\/strong> (-30 for losing)\n|l|\u2606perfective\n","uploadtime":1681875594,"views":10,"p1id":"ricardorandorez","p2id":"perfective","formatid":"gen9vgc2023regulationc","rating":1220,"private":0,"password":""}