{"id":"gen9vgc2023regulationc-1863876370","p1":"FrootLoops007","p2":"Mogomomo","format":"[Gen 9] VGC 2023 Regulation C","log":"|j|\u2606FrootLoops007\n|j|\u2606Mogomomo\n|t:|1684088323\n|gametype|doubles\n|player|p1|FrootLoops007|roughneck-gen4|\n|player|p2|Mogomomo|crasherwake|\n|teamsize|p1|6\n|teamsize|p2|6\n|gen|9\n|tier|[Gen 9] VGC 2023 Regulation C\n|rule|Tera Type Preview: Tera Types are shown at Team Preview\n|rule|Species Clause: Limit one of each Pok\u00e9mon\n|rule|Item Clause: Limit one of each item\n|clearpoke\n|poke|p1|Orthworm, L50, F|\n|poke|p1|Tinkaton, L50, F|\n|poke|p1|Dragonite, L50, M|\n|poke|p1|Volcarona, L50, M|\n|poke|p1|Oricorio-Sensu, L50, M|\n|poke|p1|Murkrow, L50, M|\n|poke|p2|Flutter Mane, L50|\n|poke|p2|Breloom, L50, F|\n|poke|p2|Kingambit, L50, M|\n|poke|p2|Rotom-Wash, L50|\n|poke|p2|Meditite, L50, F|\n|poke|p2|Salazzle, L50, F|\n|teampreview|4\n|raw|FrootLoops007's Tera Types: \/ \/ \/ \/ \/ \n|raw|Mogomomo's Tera Types: \/ \/ \/ \/ \/ \n|inactive|Battle timer is ON: inactive players will automatically lose when time's up. (requested by FrootLoops007)\n|c|\u2606Mogomomo|g2\n|inactiveoff|Battle timer is now OFF.\n|j| winteredsoul\n|l| winteredsoul\n|j| Bananacrazy111\n|c|\u2606Mogomomo|you still here?\n|\n|t:|1684088885\n|start\n|switch|p1a: Volcarona|Volcarona, L50, M|100\/100\n|switch|p1b: Oricorio|Oricorio-Sensu, L50, M|100\/100\n|switch|p2a: Breloom|Breloom, L50, F|100\/100\n|switch|p2b: Kingambit|Kingambit, L50, M|100\/100\n|turn|1\n|c|\u2606Mogomomo|gl hf!\n|\n|t:|1684088937\n|move|p1b: Oricorio|Protect|p1b: Oricorio\n|-singleturn|p1b: Oricorio|Protect\n|move|p2a: Breloom|Rock Tomb|p1a: Volcarona\n|-supereffective|p1a: Volcarona\n|-damage|p1a: Volcarona|0 fnt\n|faint|p1a: Volcarona\n|move|p2b: Kingambit|Kowtow Cleave|p1b: Oricorio\n|-activate|p1b: Oricorio|move: Protect\n|\n|upkeep\n|\n|t:|1684088951\n|switch|p1a: Dragonite|Dragonite, L50, M|100\/100\n|turn|2\n|\n|t:|1684088964\n|-terastallize|p1a: Dragonite|Steel\n|move|p2a: Breloom|Rock Tomb|p1a: Dragonite\n|-resisted|p1a: Dragonite\n|-damage|p1a: Dragonite|93\/100\n|-unboost|p1a: Dragonite|spe|1\n|move|p1b: Oricorio|Air Slash|p2a: Breloom\n|-supereffective|p2a: Breloom\n|-damage|p2a: Breloom|0 fnt\n|faint|p2a: Breloom\n|move|p1a: Dragonite|Dragon Dance|p1a: Dragonite\n|-boost|p1a: Dragonite|atk|1\n|-boost|p1a: Dragonite|spe|1\n|-activate|p1b: Oricorio|ability: Dancer\n|move|p1b: Oricorio|Dragon Dance|p1b: Oricorio|[from]ability: Dancer\n|-boost|p1b: Oricorio|atk|1\n|-boost|p1b: Oricorio|spe|1\n|move|p2b: Kingambit|Kowtow Cleave|p1a: Dragonite\n|-damage|p1a: Dragonite|44\/100\n|\n|upkeep\n|\n|t:|1684088983\n|switch|p2a: Salazzle|Salazzle, L50, F|100\/100\n|turn|3\n|\n|t:|1684089015\n|move|p1b: Oricorio|Protect|p1b: Oricorio\n|-singleturn|p1b: Oricorio|Protect\n|move|p1a: Dragonite|Extreme Speed|p2a: Salazzle\n|-damage|p2a: Salazzle|21\/100\n|move|p2b: Kingambit|Sucker Punch||[still]\n|-fail|p2b: Kingambit\n|move|p2a: Salazzle|Heat Wave|p1a: Dragonite|[spread] p1a\n|-activate|p1b: Oricorio|move: Protect\n|-supereffective|p1a: Dragonite\n|-damage|p1a: Dragonite|0 fnt\n|faint|p1a: Dragonite\n|\n|upkeep\n|\n|t:|1684089026\n|switch|p1a: Murkrow|Murkrow, L50, M|100\/100\n|turn|4\n|\n|t:|1684089042\n|move|p1a: Murkrow|Thunder Wave|p2b: Kingambit\n|-hint|Since gen 7, Dark is immune to Prankster moves.\n|-immune|p2b: Kingambit\n|move|p2b: Kingambit|Sucker Punch|p1b: Oricorio\n|-supereffective|p1b: Oricorio\n|-enditem|p1b: Oricorio|Focus Sash\n|-damage|p1b: Oricorio|1\/100\n|move|p1b: Oricorio|Revelation Dance|p2a: Salazzle\n|-damage|p2a: Salazzle|0 fnt\n|faint|p2a: Salazzle\n|\n|upkeep\n|\n|t:|1684089051\n|switch|p2a: Rotom|Rotom-Wash, L50|100\/100\n|turn|5\n|\n|t:|1684089079\n|move|p2b: Kingambit|Sucker Punch|p1b: Oricorio\n|-supereffective|p1b: Oricorio\n|-damage|p1b: Oricorio|0 fnt\n|faint|p1b: Oricorio\n|move|p1a: Murkrow|Night Shade|p2a: Rotom\n|-damage|p2a: Rotom|69\/100\n|move|p2a: Rotom|Thunderbolt|p1a: Murkrow\n|-supereffective|p1a: Murkrow\n|-damage|p1a: Murkrow|31\/100\n|\n|upkeep\n|turn|6\n|\n|t:|1684089091\n|move|p2b: Kingambit|Sucker Punch|p1a: Murkrow\n|-resisted|p1a: Murkrow\n|-crit|p1a: Murkrow\n|-damage|p1a: Murkrow|0 fnt\n|faint|p1a: Murkrow\n|\n|win|Mogomomo\n|c|\u2606FrootLoops007|Gg\n|c|\u2606Mogomomo|gg!\n|l|\u2606FrootLoops007\n|l| Bananacrazy111\n","uploadtime":1684089210,"views":4,"p1id":"frootloops007","p2id":"mogomomo","formatid":"gen9vgc2023regulationc","rating":0,"private":0,"password":""}