{"id":"gen9vgc2023regulationc-1851706703","p1":"TheAvatar77","p2":"Trapzelda","format":"[Gen 9] VGC 2023 Regulation C","log":"|j|\u2606TheAvatar77\n|j|\u2606Trapzelda\n|t:|1682472368\n|gametype|doubles\n|player|p1|TheAvatar77|winona|1314\n|player|p2|Trapzelda|265|1402\n|teamsize|p1|6\n|teamsize|p2|6\n|gen|9\n|tier|[Gen 9] VGC 2023 Regulation C\n|rated|\n|rule|Species Clause: Limit one of each Pok\u00e9mon\n|rule|Item Clause: Limit one of each item\n|clearpoke\n|poke|p1|Wo-Chien, L50|\n|poke|p1|Annihilape, L50, F|\n|poke|p1|Amoonguss, L50, M|\n|poke|p1|Arcanine, L50, F|\n|poke|p1|Dondozo, L50, M|\n|poke|p1|Tatsugiri, L50, M|\n|poke|p2|Murkrow, L50, F|\n|poke|p2|Chi-Yu, L50|\n|poke|p2|Flutter Mane, L50|\n|poke|p2|Garchomp, L50, M|\n|poke|p2|Scizor, L50, F|\n|poke|p2|Quaquaval, L50, M|\n|teampreview|4\n|inactive|Battle timer is ON: inactive players will automatically lose when time's up. (requested by Trapzelda)\nTrapzelda rejected open team sheets.\n|\n|t:|1682472428\n|start\n|switch|p1a: Arcanine|Arcanine, L50, F|100\/100\n|switch|p1b: Annihilape|Annihilape, L50, F|100\/100\n|switch|p2a: Murkrow|Murkrow, L50, F|100\/100\n|switch|p2b: Chi-Yu|Chi-Yu, L50|100\/100\n|-ability|p1a: Arcanine|Intimidate|boost\n|-unboost|p2a: Murkrow|atk|1\n|-unboost|p2b: Chi-Yu|atk|1\n|-ability|p2b: Chi-Yu|Beads of Ruin\n|turn|1\n|\n|t:|1682472443\n|move|p2a: Murkrow|Tailwind|p2a: Murkrow\n|-sidestart|p2: Trapzelda|move: Tailwind\n|move|p2b: Chi-Yu|Psychic|p1b: Annihilape\n|-supereffective|p1b: Annihilape\n|-damage|p1b: Annihilape|22\/100\n|-damage|p2b: Chi-Yu|91\/100|[from] item: Life Orb\n|move|p1a: Arcanine|Close Combat|p2b: Chi-Yu\n|-supereffective|p2b: Chi-Yu\n|-damage|p2b: Chi-Yu|0 fnt\n|-unboost|p1a: Arcanine|def|1\n|-unboost|p1a: Arcanine|spd|1\n|faint|p2b: Chi-Yu\n|-damage|p1a: Arcanine|91\/100|[from] item: Life Orb\n|move|p1b: Annihilape|Drain Punch|p2a: Murkrow\n|-damage|p2a: Murkrow|48\/100\n|-heal|p1b: Annihilape|43\/100|[from] drain|[of] p2a: Murkrow\n|\n|upkeep\n|\n|t:|1682472464\n|switch|p2b: Flutter Mane|Flutter Mane, L50|100\/100\n|turn|2\n|\n|t:|1682472476\n|move|p1a: Arcanine|Protect|p1a: Arcanine\n|-singleturn|p1a: Arcanine|Protect\n|move|p2a: Murkrow|Sunny Day|p2a: Murkrow\n|-weather|SunnyDay\n|-activate|p2b: Flutter Mane|ability: Protosynthesis\n|-start|p2b: Flutter Mane|protosynthesisspa\n|move|p2b: Flutter Mane|Power Gem|p1a: Arcanine\n|-activate|p1a: Arcanine|move: Protect\n|move|p1b: Annihilape|Rage Fist|p2b: Flutter Mane\n|-supereffective|p2b: Flutter Mane\n|-enditem|p2b: Flutter Mane|Focus Sash\n|-damage|p2b: Flutter Mane|1\/100\n|\n|-weather|SunnyDay|[upkeep]\n|upkeep\n|turn|3\n|inactive|TheAvatar77 has 30 seconds left.\n|inactive|TheAvatar77 has 20 seconds left.\n|inactive|TheAvatar77 has 15 seconds left.\n|inactive|TheAvatar77 has 10 seconds left.\n|inactive|TheAvatar77 has 5 seconds left.\n|\n|t:|1682472529\n|switch|p1a: Amoonguss|Amoonguss, L50, M|100\/100\n|move|p2b: Flutter Mane|Dazzling Gleam|p1a: Amoonguss|[spread] p1a,p1b\n|-resisted|p1a: Amoonguss\n|-supereffective|p1b: Annihilape\n|-damage|p1a: Amoonguss|84\/100\n|-damage|p1b: Annihilape|0 fnt\n|faint|p1b: Annihilape\n|move|p2a: Murkrow|Foul Play|p1a: Amoonguss\n|-damage|p1a: Amoonguss|62\/100\n|\n|-weather|SunnyDay|[upkeep]\n|-heal|p1a: Amoonguss|68\/100|[from] item: Black Sludge\n|upkeep\n|\n|t:|1682472538\n|switch|p1b: Wo-Chien|Wo-Chien, L50|100\/100\n|-ability|p1b: Wo-Chien|Tablets of Ruin\n|turn|4\n|\n|t:|1682472546\n|move|p1a: Amoonguss|Protect|p1a: Amoonguss\n|-singleturn|p1a: Amoonguss|Protect\n|move|p2a: Murkrow|Taunt|p1a: Amoonguss\n|-activate|p1a: Amoonguss|move: Protect\n|move|p2b: Flutter Mane|Dazzling Gleam|p1b: Wo-Chien|[spread] p1b\n|-activate|p1a: Amoonguss|move: Protect\n|-supereffective|p1b: Wo-Chien\n|-damage|p1b: Wo-Chien|54\/100\n|move|p1b: Wo-Chien|Giga Drain|p2b: Flutter Mane\n|-damage|p2b: Flutter Mane|0 fnt\n|-heal|p1b: Wo-Chien|54\/100|[from] drain|[of] p2b: Flutter Mane\n|faint|p2b: Flutter Mane\n|-end|p2b: Flutter Mane|Protosynthesis|[silent]\n|\n|-weather|SunnyDay|[upkeep]\n|-heal|p1a: Amoonguss|74\/100|[from] item: Black Sludge\n|-sideend|p2: Trapzelda|move: Tailwind\n|upkeep\n|\n|t:|1682472556\n|switch|p2b: Scizor|Scizor, L50, F|100\/100\n|turn|5\n|\n|t:|1682472566\n|switch|p1a: Arcanine|Arcanine, L50, F|91\/100\n|-ability|p1a: Arcanine|Intimidate|boost\n|-unboost|p2a: Murkrow|atk|1\n|-unboost|p2b: Scizor|atk|1\n|-terastallize|p2b: Scizor|Flying\n|move|p2a: Murkrow|Taunt|p1a: Arcanine\n|-start|p1a: Arcanine|move: Taunt\n|move|p1b: Wo-Chien|Leech Seed|p2a: Murkrow\n|-start|p2a: Murkrow|move: Leech Seed\n|move|p2b: Scizor|Aerial Ace|p1b: Wo-Chien\n|-supereffective|p1b: Wo-Chien\n|-damage|p1b: Wo-Chien|0 fnt\n|faint|p1b: Wo-Chien\n|\n|-weather|SunnyDay|[upkeep]\n|upkeep\n|\n|t:|1682472580\n|switch|p1b: Amoonguss|Amoonguss, L50, M|100\/100\n|turn|6\n|\n|t:|1682472598\n|move|p2a: Murkrow|Taunt|p1b: Amoonguss\n|-start|p1b: Amoonguss|move: Taunt\n|move|p1a: Arcanine|Flare Blitz|p2a: Murkrow\n|-damage|p2a: Murkrow|0 fnt\n|faint|p2a: Murkrow\n|-damage|p1a: Arcanine|75\/100|[from] Recoil\n|-damage|p1a: Arcanine|65\/100|[from] item: Life Orb\n|move|p2b: Scizor|Aerial Ace|p1a: Arcanine\n|-damage|p1a: Arcanine|0 fnt\n|faint|p1a: Arcanine\n|move|p1b: Amoonguss|Pollen Puff|p1: Arcanine|[notarget]\n|-fail|p1b: Amoonguss\n|\n|-weather|none\n|upkeep\n|turn|7\n|\n|t:|1682472615\n|move|p2b: Scizor|Aerial Ace|p1b: Amoonguss\n|-supereffective|p1b: Amoonguss\n|-damage|p1b: Amoonguss|3\/100\n|move|p1b: Amoonguss|Pollen Puff|p2b: Scizor\n|-resisted|p2b: Scizor\n|-damage|p2b: Scizor|90\/100\n|\n|-heal|p1b: Amoonguss|9\/100|[from] item: Black Sludge\n|upkeep\n|turn|8\n|c|\u2606TheAvatar77|I did not expect that to do that much damage in intimidate\n|\n|t:|1682472633\n|move|p2b: Scizor|Aerial Ace|p1b: Amoonguss\n|-supereffective|p1b: Amoonguss\n|-damage|p1b: Amoonguss|0 fnt\n|faint|p1b: Amoonguss\n|\n|win|Trapzelda\n|raw|TheAvatar77's rating: 1314 → 1299<\/strong> (-15 for losing)\n|raw|Trapzelda's rating: 1402 → 1417<\/strong> (+15 for winning)\n|l|\u2606TheAvatar77\n","uploadtime":1682472653,"views":11,"p1id":"theavatar77","p2id":"trapzelda","formatid":"gen9vgc2023regulationc","rating":1299,"private":0,"password":""}