{"id":"gen9vgc2023regulationc-1862244644","p1":"gdsrtghhjnb","p2":"RonJohn","format":"[Gen 9] VGC 2023 Regulation C","log":"|j|\u2606gdsrtghhjnb\n|j|\u2606RonJohn\n|t:|1683854287\n|gametype|doubles\n|player|p1|gdsrtghhjnb|102|1186\n|player|p2|RonJohn|2|1213\n|teamsize|p1|6\n|teamsize|p2|6\n|gen|9\n|tier|[Gen 9] VGC 2023 Regulation C\n|rated|\n|rule|Species Clause: Limit one of each Pok\u00e9mon\n|rule|Item Clause: Limit one of each item\n|clearpoke\n|poke|p1|Chien-Pao, L50|\n|poke|p1|Great Tusk, L50|\n|poke|p1|Gyarados, L50, M|\n|poke|p1|Flutter Mane, L50|\n|poke|p1|Torkoal, L50, M|\n|poke|p1|Scizor, L50, M|\n|poke|p2|Flutter Mane, L50|\n|poke|p2|Orthworm, L50, M|\n|poke|p2|Dragonite, L50, M|\n|poke|p2|Amoonguss, L50, F|\n|poke|p2|Gyarados, L50, M|\n|poke|p2|Ting-Lu, L50|\n|teampreview|4\nRonJohn has agreed to open team sheets.\n|\n|t:|1683854328\n|start\n|switch|p1a: Torkoal|Torkoal, L50, M|100\/100\n|switch|p1b: Flutter Mane|Flutter Mane, L50|100\/100\n|switch|p2a: Gyarados|Gyarados, L50, M|100\/100\n|switch|p2b: Ting-Lu|Ting-Lu, L50|100\/100\n|-ability|p2a: Gyarados|Intimidate|boost\n|-unboost|p1a: Torkoal|atk|1\n|-enditem|p1a: Torkoal|Eject Pack\n|-unboost|p1b: Flutter Mane|atk|1\n|inactive|Battle timer is ON: inactive players will automatically lose when time's up. (requested by gdsrtghhjnb)\n|\n|t:|1683854340\n|switch|p1a: Chien-Pao|Chien-Pao, L50|100\/100\n|-ability|p1a: Chien-Pao|Sword of Ruin\n|-ability|p2b: Ting-Lu|Vessel of Ruin\n|turn|1\n|inactive|RonJohn has 30 seconds left.\n|inactive|RonJohn has 20 seconds left.\n|\n|t:|1683854376\n|move|p1a: Chien-Pao|Ice Spinner|p2a: Gyarados\n|-damage|p2a: Gyarados|37\/100\n|move|p1b: Flutter Mane|Dazzling Gleam|p2a: Gyarados|[spread] p2a,p2b\n|-supereffective|p2b: Ting-Lu\n|-damage|p2a: Gyarados|11\/100\n|-damage|p2b: Ting-Lu|68\/100\n|-damage|p1b: Flutter Mane|91\/100|[from] item: Life Orb\n|move|p2a: Gyarados|Thunder Wave|p1a: Chien-Pao\n|-status|p1a: Chien-Pao|par\n|move|p2b: Ting-Lu|Heavy Slam|p1b: Flutter Mane\n|-supereffective|p1b: Flutter Mane\n|-damage|p1b: Flutter Mane|0 fnt\n|faint|p1b: Flutter Mane\n|-end|p1b: Flutter Mane|Protosynthesis|[silent]\n|\n|upkeep\n|\n|t:|1683854391\n|switch|p1b: Great Tusk|Great Tusk, L50|100\/100\n|turn|2\n|\n|t:|1683854409\n|switch|p2a: Orthworm|Orthworm, L50, M|100\/100\n|move|p1a: Chien-Pao|Sucker Punch||[still]\n|-fail|p1a: Chien-Pao\n|move|p1b: Great Tusk|Close Combat|p2b: Ting-Lu\n|-supereffective|p2b: Ting-Lu\n|-crit|p2b: Ting-Lu\n|-damage|p2b: Ting-Lu|0 fnt\n|-unboost|p1b: Great Tusk|def|1\n|-unboost|p1b: Great Tusk|spd|1\n|faint|p2b: Ting-Lu\n|\n|upkeep\n|\n|t:|1683854420\n|switch|p2b: Gyarados|Gyarados, L50, M|11\/100\n|-ability|p2b: Gyarados|Intimidate|boost\n|-unboost|p1a: Chien-Pao|atk|1\n|-unboost|p1b: Great Tusk|atk|1\n|turn|3\n|inactive|RonJohn has 30 seconds left.\n|\n|t:|1683854447\n|cant|p1a: Chien-Pao|par\n|move|p1b: Great Tusk|Close Combat|p2a: Orthworm\n|-supereffective|p2a: Orthworm\n|-damage|p2a: Orthworm|11\/100\n|-unboost|p1b: Great Tusk|def|1\n|-unboost|p1b: Great Tusk|spd|1\n|-enditem|p2a: Orthworm|Sitrus Berry|[eat]\n|-heal|p2a: Orthworm|36\/100|[from] item: Sitrus Berry\n|move|p2b: Gyarados|Rain Dance|p2b: Gyarados\n|-weather|RainDance\n|move|p2a: Orthworm|Shed Tail|p2a: Orthworm\n|-fail|p2a: Orthworm|move: Shed Tail|[weak]\n|\n|-weather|RainDance|[upkeep]\n|upkeep\n|turn|4\n|inactive|gdsrtghhjnb has 30 seconds left.\n|\n|t:|1683854478\n|switch|p2b: Dragonite|Dragonite, L50, M|100\/100\n|move|p2a: Orthworm|Protect|p2a: Orthworm\n|-singleturn|p2a: Orthworm|Protect\n|move|p1a: Chien-Pao|Sucker Punch||[still]\n|-fail|p1a: Chien-Pao\n|move|p1b: Great Tusk|Close Combat|p2a: Orthworm\n|-activate|p2a: Orthworm|move: Protect\n|\n|-weather|RainDance|[upkeep]\n|upkeep\n|turn|5\n|\n|t:|1683854500\n|-terastallize|p2a: Orthworm|Poison\n|move|p1b: Great Tusk|Close Combat|p2a: Orthworm\n|-resisted|p2a: Orthworm\n|-damage|p2a: Orthworm|12\/100\n|-unboost|p1b: Great Tusk|def|1\n|-unboost|p1b: Great Tusk|spd|1\n|move|p2b: Dragonite|Earthquake|p1b: Great Tusk|[spread] p1a,p1b\n|-heal|p2a: Orthworm|37\/100|[from] ability: Earth Eater|[of] p2b: Dragonite\n|-damage|p1a: Chien-Pao|60\/100 par\n|-damage|p1b: Great Tusk|29\/100\n|move|p1a: Chien-Pao|Ice Spinner|p2b: Dragonite\n|-supereffective|p2b: Dragonite\n|-damage|p2b: Dragonite|5\/100\n|move|p2a: Orthworm|Body Press|p1a: Chien-Pao\n|-supereffective|p1a: Chien-Pao\n|-damage|p1a: Chien-Pao|0 fnt\n|faint|p1a: Chien-Pao\n|\n|-weather|RainDance|[upkeep]\n|upkeep\n|\n|t:|1683854521\n|switch|p1a: Torkoal|Torkoal, L50, M|100\/100\n|-weather|SunnyDay|[from] ability: Drought|[of] p1a: Torkoal\n|-activate|p1b: Great Tusk|ability: Protosynthesis\n|-start|p1b: Great Tusk|protosynthesisspe\n|turn|6\n|inactive|RonJohn has 30 seconds left.\n|inactive|RonJohn has 20 seconds left.\n|inactive|RonJohn has 15 seconds left.\n|\n|t:|1683854561\n|move|p2a: Orthworm|Protect|p2a: Orthworm\n|-singleturn|p2a: Orthworm|Protect\n|move|p2b: Dragonite|Extreme Speed|p1b: Great Tusk\n|-damage|p1b: Great Tusk|0 fnt\n|faint|p1b: Great Tusk\n|-end|p1b: Great Tusk|Protosynthesis|[silent]\n|move|p1a: Torkoal|Overheat|p2a: Orthworm\n|-activate|p2a: Orthworm|move: Protect\n|\n|-weather|SunnyDay|[upkeep]\n|upkeep\n|turn|7\n|inactive|gdsrtghhjnb has 30 seconds left.\n|inactive|RonJohn has 30 seconds left.\n|\n|t:|1683854594\n|move|p2b: Dragonite|Earthquake|p1a: Torkoal|[spread] p1a\n|-heal|p2a: Orthworm|62\/100|[from] ability: Earth Eater|[of] p2b: Dragonite\n|-supereffective|p1a: Torkoal\n|-damage|p1a: Torkoal|58\/100\n|move|p2a: Orthworm|Body Press|p1a: Torkoal\n|-damage|p1a: Torkoal|36\/100\n|move|p1a: Torkoal|Will-O-Wisp|p2b: Dragonite\n|-status|p2b: Dragonite|brn\n|-enditem|p2b: Dragonite|Lum Berry|[eat]\n|-curestatus|p2b: Dragonite|brn|[msg]\n|\n|-weather|SunnyDay|[upkeep]\n|upkeep\n|turn|8\n|-message|gdsrtghhjnb forfeited.\n|\n|win|RonJohn\n|raw|gdsrtghhjnb's rating: 1186 → 1163<\/strong> (-23 for losing)\n|raw|RonJohn's rating: 1213 → 1236<\/strong> (+23 for winning)\n|l|\u2606gdsrtghhjnb\n","uploadtime":1683854615,"views":29,"p1id":"gdsrtghhjnb","p2id":"ronjohn","formatid":"gen9vgc2023regulationc","rating":1163,"private":0,"password":""}