{"id":"gen9vgc2023regulationc-1847590343","p1":"Shrikedown","p2":"xdfgdfgh","format":"[Gen 9] VGC 2023 Regulation C","log":"|j|\u2606Shrikedown\n|j|\u2606xdfgdfgh\n|t:|1681978444\n|gametype|doubles\n|player|p1|Shrikedown|marlon|1031\n|player|p2|xdfgdfgh|2|1040\n|teamsize|p1|6\n|teamsize|p2|6\n|gen|9\n|tier|[Gen 9] VGC 2023 Regulation C\n|rated|\n|rule|Species Clause: Limit one of each Pok\u00e9mon\n|rule|Item Clause: Limit one of each item\n|clearpoke\n|poke|p1|Hawlucha, L50, F|\n|poke|p1|Sandy Shocks, L50|\n|poke|p1|Volcarona, L50, F|\n|poke|p1|Iron Bundle, L50|\n|poke|p1|Ting-Lu, L50|\n|poke|p1|Arcanine, L50, M|\n|poke|p2|Torkoal, L50, F|\n|poke|p2|Chi-Yu, L50|\n|poke|p2|Bronzong, L50|\n|poke|p2|Gastrodon, L50, M|\n|poke|p2|Grimmsnarl, L50, M|\n|poke|p2|Skeledirge, L50, M|\n|teampreview|4\n|inactive|Battle timer is ON: inactive players will automatically lose when time's up. (requested by Shrikedown)\n|inactive|xdfgdfgh has 60 seconds left.\n|\n|t:|1681978479\n|start\n|switch|p1a: Ling Ting Long|Ting-Lu, L50|100\/100\n|switch|p1b: K9|Arcanine, L50, M|100\/100\n|switch|p2a: Grimmsnarl|Grimmsnarl, L50, M|100\/100\n|switch|p2b: Gastrodon|Gastrodon, L50, M|100\/100\n|-ability|p1b: K9|Intimidate|boost\n|-unboost|p2a: Grimmsnarl|atk|1\n|-unboost|p2b: Gastrodon|atk|1\n|-ability|p1a: Ling Ting Long|Vessel of Ruin\n|turn|1\n|\n|t:|1681978503\n|move|p2a: Grimmsnarl|Fake Out|p1a: Ling Ting Long\n|-crit|p1a: Ling Ting Long\n|-damage|p1a: Ling Ting Long|89\/100\n|move|p1b: K9|Howl|p1b: K9|[spread] p1a,p1b\n|-boost|p1a: Ling Ting Long|atk|1\n|-boost|p1b: K9|atk|1\n|move|p2b: Gastrodon|Earth Power|p1b: K9\n|-supereffective|p1b: K9\n|-damage|p1b: K9|30\/100\n|cant|p1a: Ling Ting Long|flinch\n|\n|-heal|p1a: Ling Ting Long|95\/100|[from] item: Leftovers\n|upkeep\n|turn|2\n|\n|t:|1681978520\n|switch|p2a: Bronzong|Bronzong, L50|100\/100\n|move|p2b: Gastrodon|Protect|p2b: Gastrodon\n|-singleturn|p2b: Gastrodon|Protect\n|move|p1b: K9|Howl|p1b: K9|[spread] p1a,p1b\n|-boost|p1a: Ling Ting Long|atk|1\n|-boost|p1b: K9|atk|1\n|move|p1a: Ling Ting Long|Taunt|p2a: Bronzong\n|-start|p2a: Bronzong|move: Taunt\n|\n|-heal|p1a: Ling Ting Long|100\/100|[from] item: Leftovers\n|upkeep\n|turn|3\n|inactive|Shrikedown has 30 seconds left.\n|\n|t:|1681978555\n|switch|p2a: Skeledirge|Skeledirge, L50, M|100\/100\n|move|p1b: K9|Howl|p1b: K9|[spread] p1a,p1b\n|-boost|p1a: Ling Ting Long|atk|1\n|-boost|p1b: K9|atk|1\n|move|p2b: Gastrodon|Earth Power|p1b: K9\n|-supereffective|p1b: K9\n|-damage|p1b: K9|0 fnt\n|faint|p1b: K9\n|move|p1a: Ling Ting Long|Fissure|p2b: Gastrodon\n|-damage|p2b: Gastrodon|0 fnt\n|faint|p2b: Gastrodon\n|-ohko\n|\n|upkeep\n|\n|t:|1681978571\n|switch|p1b: Luca|Hawlucha, L50, F, shiny|100\/100\n|switch|p2b: Grimmsnarl|Grimmsnarl, L50, M|100\/100\n|turn|4\n|\n|t:|1681978585\n|-terastallize|p2a: Skeledirge|Fairy\n|move|p2b: Grimmsnarl|Fake Out|p1a: Ling Ting Long\n|-damage|p1a: Ling Ting Long|92\/100\n|move|p1b: Luca|Swords Dance|p1b: Luca\n|-boost|p1b: Luca|atk|2\n|move|p2a: Skeledirge|Tera Blast|p1b: Luca\n|-supereffective|p1b: Luca\n|-damage|p1b: Luca|0 fnt\n|faint|p1b: Luca\n|cant|p1a: Ling Ting Long|flinch\n|\n|-heal|p1a: Ling Ting Long|99\/100|[from] item: Leftovers\n|upkeep\n|\n|t:|1681978597\n|switch|p1b: Fake F\u00e5gel|Iron Bundle, L50|100\/100\n|turn|5\n|\n|t:|1681978606\n|move|p1b: Fake F\u00e5gel|Helping Hand|p1a: Ling Ting Long\n|-singleturn|p1a: Ling Ting Long|Helping Hand|[of] p1b: Fake F\u00e5gel\n|move|p2a: Skeledirge|Protect|p2a: Skeledirge\n|-singleturn|p2a: Skeledirge|Protect\n|move|p2b: Grimmsnarl|Trick|p1b: Fake F\u00e5gel\n|-activate|p2b: Grimmsnarl|move: Trick|[of] p1b: Fake F\u00e5gel\n|-item|p1b: Fake F\u00e5gel|Lagging Tail|[from] move: Trick\n|-item|p2b: Grimmsnarl|Focus Sash|[from] move: Trick\n|move|p1a: Ling Ting Long|Stomping Tantrum|p2a: Skeledirge\n|-activate|p2a: Skeledirge|move: Protect\n|\n|-heal|p1a: Ling Ting Long|100\/100|[from] item: Leftovers\n|upkeep\n|turn|6\n|\n|t:|1681978620\n|switch|p2a: Bronzong|Bronzong, L50|100\/100\n|move|p1b: Fake F\u00e5gel|Helping Hand|p1a: Ling Ting Long\n|-singleturn|p1a: Ling Ting Long|Helping Hand|[of] p1b: Fake F\u00e5gel\n|move|p2b: Grimmsnarl|Spirit Break|p1b: Fake F\u00e5gel\n|-damage|p1b: Fake F\u00e5gel|50\/100\n|-unboost|p1b: Fake F\u00e5gel|spa|1\n|move|p1a: Ling Ting Long|Stomping Tantrum|p2a: Bronzong\n|-immune|p2a: Bronzong|[from] ability: Levitate\n|\n|upkeep\n|turn|7\n|\n|t:|1681978635\n|move|p1b: Fake F\u00e5gel|Helping Hand|p1a: Ling Ting Long\n|-singleturn|p1a: Ling Ting Long|Helping Hand|[of] p1b: Fake F\u00e5gel\n|move|p2b: Grimmsnarl|Spirit Break|p1a: Ling Ting Long\n|-supereffective|p1a: Ling Ting Long\n|-damage|p1a: Ling Ting Long|59\/100\n|-unboost|p1a: Ling Ting Long|spa|1\n|move|p1a: Ling Ting Long|Stomping Tantrum|p2b: Grimmsnarl\n|-enditem|p2b: Grimmsnarl|Focus Sash\n|-damage|p2b: Grimmsnarl|1\/100\n|move|p2a: Bronzong|Body Press|p1b: Fake F\u00e5gel\n|-supereffective|p1b: Fake F\u00e5gel\n|-damage|p1b: Fake F\u00e5gel|0 fnt\n|faint|p1b: Fake F\u00e5gel\n|-end|p1b: Fake F\u00e5gel|Quark Drive|[silent]\n|\n|-heal|p1a: Ling Ting Long|65\/100|[from] item: Leftovers\n|upkeep\n|turn|8\n|-message|Shrikedown forfeited.\n|\n|win|xdfgdfgh\n|raw|Shrikedown's rating: 1031 → 1017<\/strong> (-14 for losing)\n|raw|xdfgdfgh's rating: 1040 → 1073<\/strong> (+33 for winning)\n|l|\u2606Shrikedown\n","uploadtime":1681978650,"views":7,"p1id":"shrikedown","p2id":"xdfgdfgh","formatid":"gen9vgc2023regulationc","rating":1017,"private":0,"password":""}