{"id":"gen9vgc2023regulationc-1863835454","p1":"jayballester","p2":"Ichiban0","format":"[Gen 9] VGC 2023 Regulation C","log":"|j|\u2606jayballester\n|j|\u2606Ichiban0\n|t:|1684083508\n|gametype|doubles\n|player|p1|jayballester|riley|\n|player|p2|Ichiban0|2|\n|teamsize|p1|6\n|teamsize|p2|6\n|gen|9\n|tier|[Gen 9] VGC 2023 Regulation C\n|rule|Species Clause: Limit one of each Pok\u00e9mon\n|rule|Item Clause: Limit one of each item\n|clearpoke\n|poke|p1|Great Tusk, L50|\n|poke|p1|Volcarona, L50, F|\n|poke|p1|Salamence, L50, F|\n|poke|p1|Oranguru, L50, F|\n|poke|p1|Murkrow, L50, M|\n|poke|p1|Sylveon, L50, M|\n|poke|p2|Fletchling, L50, F|\n|poke|p2|Hydreigon, L50, F|\n|poke|p2|Gardevoir, L50, M|\n|poke|p2|Palafin, L50, F|\n|poke|p2|Amoonguss, L50, M|\n|poke|p2|Arcanine, L50, M|\n|teampreview|4\n|j| Jstardude\n|c|\u2606jayballester|glhf\n|\n|t:|1684083595\n|start\n|switch|p1a: Jesper|Murkrow, L50, M|100\/100\n|switch|p1b: The Donfather|Great Tusk, L50|100\/100\n|switch|p2a: Fletchling|Fletchling, L50, F|100\/100\n|switch|p2b: Gardevoir|Gardevoir, L50, M|100\/100\n|-ability|p2b: Gardevoir|Prankster|[from] ability: Trace|[of] p1a: Jesper\n|turn|1\n|\n|t:|1684083641\n|move|p1b: The Donfather|Protect|p1b: The Donfather\n|-singleturn|p1b: The Donfather|Protect\n|move|p1a: Jesper|Taunt|p2a: Fletchling\n|-start|p2a: Fletchling|move: Taunt\n|cant|p2a: Fletchling|move: Taunt|Tailwind\n|move|p2b: Gardevoir|Moonblast|p1b: The Donfather\n|-activate|p1b: The Donfather|move: Protect\n|\n|upkeep\n|turn|2\n|\n|t:|1684083660\n|move|p1a: Jesper|Tailwind|p1a: Jesper\n|-sidestart|p1: jayballester|move: Tailwind\n|move|p2a: Fletchling|Brave Bird|p1b: The Donfather\n|-supereffective|p1b: The Donfather\n|-damage|p1b: The Donfather|62\/100\n|-damage|p2a: Fletchling|81\/100|[from] Recoil\n|move|p1b: The Donfather|Headlong Rush|p2b: Gardevoir\n|-damage|p2b: Gardevoir|0 fnt\n|-unboost|p1b: The Donfather|def|1\n|-unboost|p1b: The Donfather|spd|1\n|faint|p2b: Gardevoir\n|\n|upkeep\n|\n|t:|1684083673\n|switch|p2b: Hydreigon|Hydreigon, L50, F|100\/100\n|turn|3\n|\n|t:|1684083685\n|-terastallize|p2b: Hydreigon|Poison\n|move|p1b: The Donfather|Protect|p1b: The Donfather\n|-singleturn|p1b: The Donfather|Protect\n|move|p1a: Jesper|Brave Bird|p2a: Fletchling\n|-damage|p2a: Fletchling|36\/100\n|-damage|p1a: Jesper|90\/100|[from] Recoil\n|move|p2b: Hydreigon|Taunt|p1a: Jesper\n|-start|p1a: Jesper|move: Taunt\n|move|p2a: Fletchling|Brave Bird|p1b: The Donfather\n|-activate|p1b: The Donfather|move: Protect\n|\n|-end|p2a: Fletchling|move: Taunt\n|upkeep\n|turn|4\n|\n|t:|1684083746\n|-end|p1b: The Donfather|Protosynthesis|[silent]\n|switch|p1b: Trans Wrongs|Sylveon, L50, M, shiny|100\/100\n|move|p1a: Jesper|Brave Bird|p2a: Fletchling\n|-damage|p2a: Fletchling|0 fnt\n|faint|p2a: Fletchling\n|-damage|p1a: Jesper|81\/100|[from] Recoil\n|move|p2b: Hydreigon|Draco Meteor|p1b: Trans Wrongs\n|-immune|p1b: Trans Wrongs\n|\n|upkeep\n|\n|t:|1684083750\n|switch|p2a: Amoonguss|Amoonguss, L50, M|100\/100\n|turn|5\n|\n|t:|1684083766\n|-terastallize|p1b: Trans Wrongs|Ground\n|move|p1a: Jesper|Brave Bird|p2a: Amoonguss\n|-supereffective|p2a: Amoonguss\n|-damage|p2a: Amoonguss|33\/100\n|-damage|p1a: Jesper|53\/100|[from] Recoil\n|move|p2b: Hydreigon|Tera Blast|p1b: Trans Wrongs\n|-resisted|p1b: Trans Wrongs\n|-damage|p1b: Trans Wrongs|82\/100\n|-damage|p2b: Hydreigon|91\/100|[from] item: Life Orb\n|move|p1b: Trans Wrongs|Psychic|p2b: Hydreigon\n|-supereffective|p2b: Hydreigon\n|-damage|p2b: Hydreigon|18\/100\n|-unboost|p2b: Hydreigon|spd|1\n|move|p2a: Amoonguss|Pollen Puff|p2b: Hydreigon\n|-heal|p2b: Hydreigon|68\/100\n|\n|-sideend|p1: jayballester|move: Tailwind\n|upkeep\n|turn|6\n|\n|t:|1684083799\n|move|p2b: Hydreigon|Draco Meteor|p1b: Trans Wrongs|[miss]\n|-miss|p2b: Hydreigon|p1b: Trans Wrongs\n|move|p1a: Jesper|Brave Bird|p2a: Amoonguss\n|-supereffective|p2a: Amoonguss\n|-damage|p2a: Amoonguss|0 fnt\n|faint|p2a: Amoonguss\n|-damage|p1a: Jesper|39\/100|[from] Recoil\n|move|p1b: Trans Wrongs|Psychic|p2b: Hydreigon\n|-supereffective|p2b: Hydreigon\n|-damage|p2b: Hydreigon|0 fnt\n|faint|p2b: Hydreigon\n|\n|win|jayballester\n|c|\u2606Ichiban0|im not mad\n|c|\u2606Ichiban0|just dissapointed\n|c|\u2606jayballester|ggs\n|c| Jstardude|it didnt change anything tbf\n","uploadtime":1684083820,"views":13,"p1id":"jayballester","p2id":"ichiban0","formatid":"gen9vgc2023regulationc","rating":0,"private":0,"password":""}