{"id":"gen9vgc2023regulationc-1861236756","p1":"Arcacagne","p2":"Hoher","format":"[Gen 9] VGC 2023 Regulation C","log":"|j|\u2606Arcacagne\n|j|\u2606Hoher\n|t:|1683738391\n|gametype|doubles\n|player|p1|Arcacagne|265|1308\n|player|p2|Hoher|170|1334\n|teamsize|p1|6\n|teamsize|p2|6\n|gen|9\n|tier|[Gen 9] VGC 2023 Regulation C\n|rated|\n|rule|Species Clause: Limit one of each Pok\u00e9mon\n|rule|Item Clause: Limit one of each item\n|clearpoke\n|poke|p1|Chi-Yu, L50|\n|poke|p1|Flutter Mane, L50|\n|poke|p1|Amoonguss, L50, F|\n|poke|p1|Palafin, L50, F|\n|poke|p1|Iron Hands, L50|\n|poke|p1|Arcanine, L50, F|\n|poke|p2|Kingambit, L50, F|\n|poke|p2|Flutter Mane, L50|\n|poke|p2|Torkoal, L50, F|\n|poke|p2|Jumpluff, L50, M|\n|poke|p2|Great Tusk, L50|\n|poke|p2|Chien-Pao, L50|\n|teampreview|4\n|\n|t:|1683738420\n|start\n|switch|p1a: Chi-Yu|Chi-Yu, L50|100\/100\n|switch|p1b: Iron Hands|Iron Hands, L50|100\/100\n|switch|p2a: Torkoal|Torkoal, L50, F|100\/100\n|switch|p2b: Great Tusk|Great Tusk, L50|100\/100\n|-ability|p1a: Chi-Yu|Beads of Ruin\n|-weather|SunnyDay|[from] ability: Drought|[of] p2a: Torkoal\n|-activate|p2b: Great Tusk|ability: Protosynthesis\n|-start|p2b: Great Tusk|protosynthesisatk\n|turn|1\n|\n|t:|1683738444\n|-terastallize|p1a: Chi-Yu|Water\n|-terastallize|p2a: Torkoal|Flying\n|move|p2a: Torkoal|Helping Hand|p2b: Great Tusk\n|-singleturn|p2b: Great Tusk|Helping Hand|[of] p2a: Torkoal\n|move|p1b: Iron Hands|Fake Out|p2b: Great Tusk\n|-damage|p2b: Great Tusk|91\/100\n|cant|p2b: Great Tusk|flinch\n|move|p1a: Chi-Yu|Heat Wave|p2b: Great Tusk|[spread] p2a,p2b\n|-damage|p2a: Torkoal|31\/100\n|-damage|p2b: Great Tusk|0 fnt\n|faint|p2b: Great Tusk\n|-end|p2b: Great Tusk|Protosynthesis|[silent]\n|\n|-weather|SunnyDay|[upkeep]\n|upkeep\n|\n|t:|1683738455\n|switch|p2b: Jumpluff|Jumpluff, L50, M|100\/100\n|turn|2\n|\n|t:|1683738478\n|move|p2a: Torkoal|Protect|p2a: Torkoal\n|-singleturn|p2a: Torkoal|Protect\n|move|p2b: Jumpluff|Leaf Storm|p1a: Chi-Yu\n|-supereffective|p1a: Chi-Yu\n|-damage|p1a: Chi-Yu|47\/100\n|-unboost|p2b: Jumpluff|spa|2\n|move|p1a: Chi-Yu|Heat Wave|p2b: Jumpluff|[spread] \n|-activate|p2a: Torkoal|move: Protect\n|-miss|p1a: Chi-Yu|p2b: Jumpluff\n|move|p1b: Iron Hands|Drain Punch|p2b: Jumpluff\n|-resisted|p2b: Jumpluff\n|-damage|p2b: Jumpluff|80\/100\n|\n|-weather|SunnyDay|[upkeep]\n|upkeep\n|turn|3\n|\n|t:|1683738497\n|switch|p2b: Flutter Mane|Flutter Mane, L50|100\/100\n|-activate|p2b: Flutter Mane|ability: Protosynthesis\n|-start|p2b: Flutter Mane|protosynthesisspa\n|move|p1a: Chi-Yu|Protect|p1a: Chi-Yu\n|-singleturn|p1a: Chi-Yu|Protect\n|move|p1b: Iron Hands|Thunder Punch|p2b: Flutter Mane\n|-damage|p2b: Flutter Mane|52\/100\n|move|p2a: Torkoal|Fissure|p1b: Iron Hands\n|-damage|p1b: Iron Hands|0 fnt\n|faint|p1b: Iron Hands\n|-end|p1b: Iron Hands|Quark Drive|[silent]\n|-ohko\n|\n|-weather|SunnyDay|[upkeep]\n|upkeep\n|c|\u2606Arcacagne|miss + fissure\n|c|\u2606Arcacagne|real pro player\n|\n|t:|1683738522\n|switch|p1b: Amoonguss|Amoonguss, L50, F|100\/100\n|turn|4\n|c|\u2606Hoher|Sorry\n|\n|t:|1683738559\n|switch|p1a: Arcanine|Arcanine, L50, F|100\/100\n|-ability|p1a: Arcanine|Intimidate|boost\n|-unboost|p2a: Torkoal|atk|1\n|-enditem|p2a: Torkoal|Eject Pack\n|-unboost|p2b: Flutter Mane|atk|1\n|inactive|Battle timer is ON: inactive players will automatically lose when time's up. (requested by Arcacagne)\n|\n|t:|1683738566\n|switch|p2a: Jumpluff|Jumpluff, L50, M|80\/100\n|move|p2b: Flutter Mane|Shadow Ball|p1a: Arcanine\n|-damage|p1a: Arcanine|21\/100\n|-enditem|p1a: Arcanine|Aguav Berry|[eat]\n|-heal|p1a: Arcanine|54\/100|[from] item: Aguav Berry\n|move|p1b: Amoonguss|Spore|p2b: Flutter Mane\n|-status|p2b: Flutter Mane|slp|[from] move: Spore\n|\n|-weather|SunnyDay|[upkeep]\n|upkeep\n|turn|5\n|inactive|Hoher has 30 seconds left.\n|inactive|Hoher has 20 seconds left.\n|inactive|Hoher has 15 seconds left.\n|inactive|Hoher has 10 seconds left.\n|\n|t:|1683738614\n|switch|p1a: Chi-Yu|Chi-Yu, L50, tera:Water|47\/100\n|-ability|p1a: Chi-Yu|Beads of Ruin\n|move|p2a: Jumpluff|Sleep Powder|p1a: Chi-Yu\n|-activate|p1a: Chi-Yu|item: Safety Goggles|Sleep Powder\n|cant|p2b: Flutter Mane|slp\n|move|p1b: Amoonguss|Pollen Puff|p1a: Chi-Yu\n|-heal|p1a: Chi-Yu|97\/100\n|\n|-weather|none\n|-end|p2b: Flutter Mane|Protosynthesis\n|upkeep\n|turn|6\n|inactive|Hoher has 30 seconds left.\n|\n|t:|1683738640\n|switch|p2a: Torkoal|Torkoal, L50, F, tera:Flying|31\/100\n|-weather|SunnyDay|[from] ability: Drought|[of] p2a: Torkoal\n|-activate|p2b: Flutter Mane|ability: Protosynthesis\n|-start|p2b: Flutter Mane|protosynthesisspa\n|cant|p2b: Flutter Mane|slp\n|move|p1a: Chi-Yu|Heat Wave|p2a: Torkoal|[spread] p2b\n|-miss|p1a: Chi-Yu|p2a: Torkoal\n|-damage|p2b: Flutter Mane|0 fnt\n|faint|p2b: Flutter Mane\n|-end|p2b: Flutter Mane|Protosynthesis|[silent]\n|move|p1b: Amoonguss|Pollen Puff|p1a: Chi-Yu\n|-heal|p1a: Chi-Yu|100\/100\n|\n|-weather|SunnyDay|[upkeep]\n|upkeep\n|\n|t:|1683738648\n|switch|p2b: Jumpluff|Jumpluff, L50, M|80\/100\n|turn|7\n|\n|t:|1683738664\n|move|p2b: Jumpluff|Encore|p1b: Amoonguss\n|-start|p1b: Amoonguss|Encore\n|move|p1a: Chi-Yu|Heat Wave|p2a: Torkoal|[spread] p2a,p2b\n|-supereffective|p2b: Jumpluff\n|-damage|p2a: Torkoal|0 fnt\n|-damage|p2b: Jumpluff|0 fnt\n|faint|p2a: Torkoal\n|faint|p2b: Jumpluff\n|\n|win|Arcacagne\n|raw|Arcacagne's rating: 1308 → 1329<\/strong> (+21 for winning)\n|raw|Hoher's rating: 1334 → 1313<\/strong> (-21 for losing)\n|l|\u2606Hoher\n","uploadtime":1683738674,"views":10,"p1id":"arcacagne","p2id":"hoher","formatid":"gen9vgc2023regulationc","rating":1313,"private":0,"password":""}