{"id":"gen9vgc2023regulationc-1852511279","p1":"lamp114514","p2":"bitgwangchae224","format":"[Gen 9] VGC 2023 Regulation C","log":"|j|\u2606lamp114514\n|j|\u2606bitgwangchae224\n|t:|1682567506\n|gametype|doubles\n|player|p1|lamp114514|266|1298\n|player|p2|bitgwangchae224|idol|1346\n|teamsize|p1|6\n|teamsize|p2|6\n|gen|9\n|tier|[Gen 9] VGC 2023 Regulation C\n|rated|\n|rule|Species Clause: Limit one of each Pok\u00e9mon\n|rule|Item Clause: Limit one of each item\n|clearpoke\n|poke|p1|Scizor, L50, F|\n|poke|p1|Flutter Mane, L50|\n|poke|p1|Rotom-Wash, L50|\n|poke|p1|Great Tusk, L50|\n|poke|p1|Arcanine, L50, F|\n|poke|p1|Chien-Pao, L50|\n|poke|p2|Dondozo, L50, F|\n|poke|p2|Tatsugiri-Droopy, L50, F|\n|poke|p2|Wo-Chien, L50|\n|poke|p2|Flutter Mane, L50|\n|poke|p2|Arcanine, L50, M|\n|poke|p2|Glimmora, L50, F|\n|teampreview|4\n|\n|t:|1682567550\n|start\n|switch|p1a: Great Tusk|Great Tusk, L50|100\/100\n|switch|p1b: Arcanine|Arcanine, L50, F|100\/100\n|switch|p2a: Dondozo|Dondozo, L50, F|100\/100\n|switch|p2b: Flutter Mane|Flutter Mane, L50|100\/100\n|-ability|p1b: Arcanine|Intimidate|boost\n|-unboost|p2a: Dondozo|atk|1\n|-unboost|p2b: Flutter Mane|atk|1\n|turn|1\n|\n|t:|1682567578\n|-end|p2b: Flutter Mane|Protosynthesis|[silent]\n|switch|p2b: Tatsugiri|Tatsugiri-Droopy, L50, F|100\/100\n|-activate|p2b: Tatsugiri|ability: Commander|[of] p2a: Dondozo\n|-boost|p2a: Dondozo|atk|2\n|-boost|p2a: Dondozo|spa|2\n|-boost|p2a: Dondozo|spe|2\n|-boost|p2a: Dondozo|def|2\n|-boost|p2a: Dondozo|spd|2\n|switch|p1b: dont miss|Rotom-Wash, L50|100\/100\n|-terastallize|p1a: Great Tusk|Steel\n|-terastallize|p2a: Dondozo|Flying\n|move|p1a: Great Tusk|Earthquake|p2b: Tatsugiri|[spread] \n|-miss|p1a: Great Tusk|p2b: Tatsugiri\n|-immune|p1b: dont miss|[from] ability: Levitate\n|-immune|p2a: Dondozo\n|move|p2a: Dondozo|Wave Crash|p1b: dont miss\n|-resisted|p1b: dont miss\n|-damage|p1b: dont miss|50\/100\n|-enditem|p1b: dont miss|Sitrus Berry|[eat]\n|-heal|p1b: dont miss|75\/100|[from] item: Sitrus Berry\n|-damage|p2a: Dondozo|89\/100|[from] Recoil\n|-damage|p2a: Dondozo|79\/100|[from] item: Life Orb\n|\n|upkeep\n|turn|2\n|\n|t:|1682567605\n|-end|p1a: Great Tusk|Protosynthesis|[silent]\n|switch|p1a: Arcanine|Arcanine, L50, F|100\/100\n|-ability|p1a: Arcanine|Intimidate|boost\n|-unboost|p2a: Dondozo|atk|1\n|-unboost|p2b: Tatsugiri|atk|1\n|move|p2a: Dondozo|Wave Crash|p1b: dont miss\n|-resisted|p1b: dont miss\n|-damage|p1b: dont miss|39\/100\n|-damage|p2a: Dondozo|71\/100|[from] Recoil\n|-damage|p2a: Dondozo|61\/100|[from] item: Life Orb\n|move|p1b: dont miss|Will-O-Wisp|p2a: Dondozo\n|-status|p2a: Dondozo|brn\n|\n|-damage|p2a: Dondozo|55\/100 brn|[from] brn\n|upkeep\n|turn|3\n|\n|t:|1682567624\n|switch|p1a: Scizor|Scizor, L50, F|100\/100\n|move|p2a: Dondozo|Wave Crash|p1a: Scizor\n|-crit|p1a: Scizor\n|-damage|p1a: Scizor|39\/100\n|-damage|p2a: Dondozo|41\/100 brn|[from] Recoil\n|-damage|p2a: Dondozo|31\/100 brn|[from] item: Life Orb\n|move|p1b: dont miss|Thunderbolt|p2a: Dondozo\n|-supereffective|p2a: Dondozo\n|-damage|p2a: Dondozo|0 fnt\n|faint|p2a: Dondozo\n|\n|upkeep\n|\n|t:|1682567636\n|switch|p2a: Arcanine|Arcanine, L50, M|100\/100\n|-ability|p2a: Arcanine|Intimidate|boost\n|-unboost|p1a: Scizor|atk|1\n|-unboost|p1b: dont miss|atk|1\n|turn|4\n|\n|t:|1682567657\n|move|p1a: Scizor|Protect|p1a: Scizor\n|-singleturn|p1a: Scizor|Protect\n|move|p2b: Tatsugiri|Draco Meteor|p1b: dont miss\n|-damage|p1b: dont miss|0 fnt\n|-unboost|p2b: Tatsugiri|spa|2\n|faint|p1b: dont miss\n|move|p2a: Arcanine|Snarl|p1a: Scizor\n|-activate|p1a: Scizor|move: Protect\n|\n|upkeep\n|\n|t:|1682567667\n|switch|p1b: Great Tusk|Great Tusk, L50, tera:Steel|100\/100\n|turn|5\n|\n|t:|1682567689\n|switch|p1a: Arcanine|Arcanine, L50, F|100\/100\n|-ability|p1a: Arcanine|Intimidate|boost\n|-unboost|p2a: Arcanine|atk|1\n|-unboost|p2b: Tatsugiri|atk|1\n|move|p2a: Arcanine|Protect|p2a: Arcanine\n|-singleturn|p2a: Arcanine|Protect\n|move|p1b: Great Tusk|Headlong Rush|p2b: Tatsugiri\n|-damage|p2b: Tatsugiri|0 fnt\n|-unboost|p1b: Great Tusk|def|1\n|-unboost|p1b: Great Tusk|spd|1\n|faint|p2b: Tatsugiri\n|\n|upkeep\n|\n|t:|1682567698\n|switch|p2b: Flutter Mane|Flutter Mane, L50|100\/100\n|turn|6\n|\n|t:|1682567713\n|move|p1b: Great Tusk|Headlong Rush|p2a: Arcanine\n|-supereffective|p2a: Arcanine\n|-damage|p2a: Arcanine|0 fnt\n|-unboost|p1b: Great Tusk|def|1\n|-unboost|p1b: Great Tusk|spd|1\n|faint|p2a: Arcanine\n|move|p2b: Flutter Mane|Mystical Fire|p1a: Arcanine\n|-resisted|p1a: Arcanine\n|-damage|p1a: Arcanine|88\/100\n|-unboost|p1a: Arcanine|spa|1\n|move|p1a: Arcanine|Snarl|p2b: Flutter Mane\n|-damage|p2b: Flutter Mane|93\/100\n|-unboost|p2b: Flutter Mane|spa|1\n|\n|upkeep\n|turn|7\n|-message|bitgwangchae224 forfeited.\n|\n|win|lamp114514\n|raw|lamp114514's rating: 1298 → 1326<\/strong> (+28 for winning)\n|raw|bitgwangchae224's rating: 1346 → 1323<\/strong> (-23 for losing)\n|l|\u2606bitgwangchae224\n","uploadtime":1682567737,"views":13,"p1id":"lamp114514","p2id":"bitgwangchae224","formatid":"gen9vgc2023regulationc","rating":1323,"private":0,"password":""}