{"id":"gen9vgc2023regulationc-1861014752","p1":"Luca Chiro","p2":"scpseptember\u9b3c\u706f","format":"[Gen 9] VGC 2023 Regulation C","log":"|j|\u2606Luca Chiro\n|j|\u2606scpseptember\u9b3c\u706f\n|t:|1683714589\n|gametype|doubles\n|player|p1|Luca Chiro|ghetsis-gen5bw|1296\n|player|p2|scpseptember\u9b3c\u706f|1|1348\n|teamsize|p1|6\n|teamsize|p2|6\n|gen|9\n|tier|[Gen 9] VGC 2023 Regulation C\n|rated|\n|rule|Species Clause: Limit one of each Pok\u00e9mon\n|rule|Item Clause: Limit one of each item\n|clearpoke\n|poke|p1|Maushold-Four, L50|\n|poke|p1|Arcanine, L50, F|\n|poke|p1|Iron Bundle, L50|\n|poke|p1|Amoonguss, L50, M|\n|poke|p1|Annihilape, L50, F|\n|poke|p1|Roaring Moon, L50|\n|poke|p2|Dondozo, L50, M|\n|poke|p2|Tatsugiri, L50, F|\n|poke|p2|Arcanine, L50, F|\n|poke|p2|Glimmora, L50, M|\n|poke|p2|Ting-Lu, L50|\n|poke|p2|Chien-Pao, L50|\n|teampreview|4\n|j| panzihao\n|\n|t:|1683714616\n|start\n|switch|p1a: Maushold|Maushold-Four, L50|100\/100\n|switch|p1b: Annihilape|Annihilape, L50, F|100\/100\n|switch|p2a: Tatsugiri|Tatsugiri, L50, F|100\/100\n|switch|p2b: Chien-Pao|Chien-Pao, L50|100\/100\n|-ability|p2b: Chien-Pao|Sword of Ruin\n|turn|1\n|\n|t:|1683714635\n|-terastallize|p2a: Tatsugiri|Water\n|-terastallize|p1a: Maushold|Ghost\n|move|p1a: Maushold|Follow Me|p1a: Maushold\n|-singleturn|p1a: Maushold|move: Follow Me\n|move|p2a: Tatsugiri|Muddy Water|p1b: Annihilape|[spread] p1a,p1b\n|-damage|p1a: Maushold|50\/100\n|-damage|p1b: Annihilape|66\/100\n|-unboost|p1a: Maushold|accuracy|1\n|move|p2b: Chien-Pao|Sacred Sword|p1a: Maushold\n|-immune|p1a: Maushold\n|move|p1b: Annihilape|Drain Punch|p2b: Chien-Pao\n|-supereffective|p2b: Chien-Pao\n|-damage|p2b: Chien-Pao|0 fnt\n|-heal|p1b: Annihilape|100\/100|[from] drain|[of] p2b: Chien-Pao\n|faint|p2b: Chien-Pao\n|\n|upkeep\n|\n|t:|1683714650\n|switch|p2b: Arcanine|Arcanine, L50, F|100\/100\n|-ability|p2b: Arcanine|Intimidate|boost\n|-unboost|p1a: Maushold|atk|1\n|-unboost|p1b: Annihilape|atk|1\n|-ability|p1b: Annihilape|Defiant|boost\n|-boost|p1b: Annihilape|atk|2\n|turn|2\n|\n|t:|1683714667\n|move|p2a: Tatsugiri|Muddy Water|p1a: Maushold|[spread] p1a,p1b\n|-damage|p1a: Maushold|0 fnt\n|-damage|p1b: Annihilape|64\/100\n|-unboost|p1b: Annihilape|accuracy|1\n|-ability|p1b: Annihilape|Defiant|boost\n|-boost|p1b: Annihilape|atk|2\n|faint|p1a: Maushold\n|move|p2b: Arcanine|Play Rough|p1b: Annihilape\n|-supereffective|p1b: Annihilape\n|-damage|p1b: Annihilape|0 fnt\n|faint|p1b: Annihilape\n|\n|upkeep\n|inactive|Battle timer is ON: inactive players will automatically lose when time's up. (requested by scpseptember\u9b3c\u706f)\n|inactive|Luca Chiro has 60 seconds left.\n|inactive|Luca Chiro has 30 seconds left.\n|inactive|Luca Chiro has 20 seconds left.\n|inactive|Luca Chiro has 15 seconds left.\n|inactive|Luca Chiro has 10 seconds left.\n|inactive|Luca Chiro has 5 seconds left.\n|\n|t:|1683714790\n|switch|p1a: Iron Bundle|Iron Bundle, L50|100\/100\n|switch|p1b: Arcanine|Arcanine, L50, F|100\/100\n|-ability|p1b: Arcanine|Intimidate|boost\n|-unboost|p2a: Tatsugiri|atk|1\n|-unboost|p2b: Arcanine|atk|1\n|-enditem|p1a: Iron Bundle|Booster Energy\n|-activate|p1a: Iron Bundle|ability: Quark Drive|[fromitem]\n|-start|p1a: Iron Bundle|quarkdrivespe\n|turn|3\n|inactive|Luca Chiro has 30 seconds left.\n|c|\u2606scpseptember\u9b3c\u706f|fucking quick\n|inactive|Luca Chiro has 20 seconds left.\n|c|\u2606scpseptember\u9b3c\u706f|don waste time\n|inactive|Luca Chiro has 15 seconds left.\n|inactive|Luca Chiro has 10 seconds left.\n|inactive|Luca Chiro has 5 seconds left.\n|\n|t:|1683714845\n|move|p1b: Arcanine|Extreme Speed|p2b: Arcanine\n|-damage|p2b: Arcanine|77\/100\n|move|p1a: Iron Bundle|Freeze-Dry|p2b: Arcanine\n|-resisted|p2b: Arcanine\n|-damage|p2b: Arcanine|57\/100\n|move|p2a: Tatsugiri|Muddy Water|p1a: Iron Bundle|[spread] p1a,p1b\n|-resisted|p1a: Iron Bundle\n|-supereffective|p1b: Arcanine\n|-damage|p1a: Iron Bundle|52\/100\n|-damage|p1b: Arcanine|36\/100\n|-enditem|p1b: Arcanine|Sitrus Berry|[eat]\n|-heal|p1b: Arcanine|60\/100|[from] item: Sitrus Berry\n|move|p2b: Arcanine|Play Rough|p1a: Iron Bundle\n|-damage|p1a: Iron Bundle|16\/100\n|\n|upkeep\n|turn|4\n|inactive|Luca Chiro has 30 seconds left.\n|inactive|Luca Chiro has 20 seconds left.\n|c|\u2606scpseptember\u9b3c\u706f|shabi\n|inactive|Luca Chiro has 15 seconds left.\n|inactive|Luca Chiro has 10 seconds left.\n|inactive|Luca Chiro has 5 seconds left.\n|\n|t:|1683714900\n|move|p1b: Arcanine|Extreme Speed|p2b: Arcanine\n|-damage|p2b: Arcanine|37\/100\n|move|p1a: Iron Bundle|Freeze-Dry|p2a: Tatsugiri\n|-supereffective|p2a: Tatsugiri\n|-damage|p2a: Tatsugiri|0 fnt\n|faint|p2a: Tatsugiri\n|move|p2b: Arcanine|Play Rough|p1a: Iron Bundle\n|-damage|p1a: Iron Bundle|0 fnt\n|faint|p1a: Iron Bundle\n|-end|p1a: Iron Bundle|Quark Drive|[silent]\n|\n|upkeep\n|l|\u2606Luca Chiro\n|inactive|Luca Chiro disconnected and has a minute to reconnect!\n|player|p1|\n|\n|t:|1683714909\n|switch|p2a: Ting-Lu|Ting-Lu, L50|100\/100\n|-ability|p2a: Ting-Lu|Vessel of Ruin\n|turn|5\n|inactive|Luca Chiro has 30 seconds left.\n|inactive|Luca Chiro has 20 seconds left.\n|inactive|Luca Chiro has 15 seconds left.\n|inactive|Luca Chiro has 10 seconds left.\n|inactive|Luca Chiro has 5 seconds left.\n|-message|Luca Chiro lost due to inactivity.\n|\n|win|scpseptember\u9b3c\u706f\n|raw|Luca Chiro's rating: 1296 → 1275<\/strong> (-21 for losing)\n|raw|scpseptember\u9b3c\u706f's rating: 1348 → 1365<\/strong> (+17 for winning)\n","uploadtime":1683714935,"views":22,"p1id":"lucachiro","p2id":"scpseptember","formatid":"gen9vgc2023regulationc","rating":1275,"private":0,"password":""}