{"id":"gen9vgc2023regulationc-1845004993","p1":"ArgoMcDorko","p2":"zzmelodyy","format":"[Gen 9] VGC 2023 Regulation C","log":"|j|\u2606ArgoMcDorko\n|j|\u2606zzmelodyy\n|t:|1681673148\n|gametype|doubles\n|player|p1|ArgoMcDorko|drayden|1137\n|player|p2|zzmelodyy|170|1217\n|teamsize|p1|6\n|teamsize|p2|6\n|gen|9\n|tier|[Gen 9] VGC 2023 Regulation C\n|rated|\n|rule|Species Clause: Limit one of each Pok\u00e9mon\n|rule|Item Clause: Limit one of each item\n|clearpoke\n|poke|p1|Ceruledge, L50, F|\n|poke|p1|Amoonguss, L50, M|\n|poke|p1|Wo-Chien, L50|\n|poke|p1|Palafin, L50, M|\n|poke|p1|Grimmsnarl, L50, M|\n|poke|p1|Chi-Yu, L50|\n|poke|p2|Flutter Mane, L50|\n|poke|p2|Pachirisu, L50, F|\n|poke|p2|Gallade, L50, M|\n|poke|p2|Indeedee-F, L50, F|\n|poke|p2|Azumarill, L50, M|\n|poke|p2|Kilowattrel, L50, F|\n|teampreview|4\n|inactive|Battle timer is ON: inactive players will automatically lose when time's up. (requested by ArgoMcDorko)\nArgoMcDorko rejected open team sheets.\n|c|\u2606ArgoMcDorko|Hi\n|inactive|zzmelodyy has 60 seconds left.\n|c|\u2606ArgoMcDorko|rhymes with die\n|\n|t:|1681673183\n|start\n|switch|p1a: Me|Ceruledge, L50, F|100\/100\n|switch|p1b: Pabafin|Palafin, L50, M|100\/100\n|switch|p2a: Azumarill|Azumarill, L50, M|100\/100\n|switch|p2b: Pachirisu|Pachirisu, L50, F|100\/100\n|turn|1\n|\n|t:|1681673197\n|detailschange|p1b: Pabafin|Palafin-Hero, L50, M\n|switch|p1b: Amogus|Amoonguss, L50, M, shiny|100\/100\n|move|p2b: Pachirisu|Follow Me|p2b: Pachirisu\n|-singleturn|p2b: Pachirisu|move: Follow Me\n|move|p1a: Me|Flame Charge|p2b: Pachirisu\n|-damage|p2b: Pachirisu|72\/100\n|-boost|p1a: Me|spe|1\n|-damage|p1a: Me|84\/100|[from] item: Rocky Helmet|[of] p2b: Pachirisu\n|move|p2a: Azumarill|Belly Drum|p2a: Azumarill\n|-damage|p2a: Azumarill|50\/100\n|-setboost|p2a: Azumarill|atk|6|[from] move: Belly Drum\n|-enditem|p2a: Azumarill|Sitrus Berry|[eat]\n|-heal|p2a: Azumarill|75\/100|[from] item: Sitrus Berry\n|\n|upkeep\n|turn|2\n|\n|t:|1681673219\n|-terastallize|p2b: Pachirisu|Grass\n|move|p2a: Azumarill|Protect|p2a: Azumarill\n|-singleturn|p2a: Azumarill|Protect\n|move|p1a: Me|Bulk Up|p1a: Me\n|-boost|p1a: Me|atk|1\n|-boost|p1a: Me|def|1\n|move|p2b: Pachirisu|Nuzzle|p1a: Me\n|-crit|p1a: Me\n|-damage|p1a: Me|76\/100\n|-status|p1a: Me|par\n|move|p1b: Amogus|Clear Smog|p2a: Azumarill\n|-activate|p2a: Azumarill|move: Protect\n|\n|upkeep\n|turn|3\n|inactive|zzmelodyy has 30 seconds left.\n|\n|t:|1681673253\n|move|p2b: Pachirisu|Follow Me|p2b: Pachirisu\n|-singleturn|p2b: Pachirisu|move: Follow Me\n|move|p2a: Azumarill|Liquidation|p1a: Me\n|-supereffective|p1a: Me\n|-damage|p1a: Me|0 fnt\n|faint|p1a: Me\n|move|p1b: Amogus|Clear Smog|p2b: Pachirisu\n|-supereffective|p2b: Pachirisu\n|-damage|p2b: Pachirisu|38\/100\n|-clearboost|p2b: Pachirisu\n|\n|upkeep\n|\n|t:|1681673262\n|switch|p1a: Pabafin|Palafin-Hero, L50, M|100\/100\n|-activate|p1a: Pabafin|ability: Zero to Hero\n|turn|4\n|\n|t:|1681673275\n|move|p2b: Pachirisu|Follow Me|p2b: Pachirisu\n|-singleturn|p2b: Pachirisu|move: Follow Me\n|move|p1a: Pabafin|Waterfall|p2b: Pachirisu\n|-resisted|p2b: Pachirisu\n|-damage|p2b: Pachirisu|8\/100\n|-damage|p1a: Pabafin|84\/100|[from] item: Rocky Helmet|[of] p2b: Pachirisu\n|move|p2a: Azumarill|Liquidation|p1a: Pabafin\n|-resisted|p1a: Pabafin\n|-damage|p1a: Pabafin|0 fnt\n|faint|p1a: Pabafin\n|move|p1b: Amogus|Clear Smog|p2b: Pachirisu\n|-supereffective|p2b: Pachirisu\n|-damage|p2b: Pachirisu|0 fnt\n|-clearboost|p2b: Pachirisu\n|faint|p2b: Pachirisu\n|\n|upkeep\n|\n|t:|1681673293\n|switch|p1a: SnapThatChildsBack|Chi-Yu, L50|100\/100\n|switch|p2b: Flutter Mane|Flutter Mane, L50|100\/100\n|-ability|p1a: SnapThatChildsBack|Beads of Ruin\n|-enditem|p2b: Flutter Mane|Booster Energy\n|-activate|p2b: Flutter Mane|ability: Protosynthesis|[fromitem]\n|-start|p2b: Flutter Mane|protosynthesisspa\n|turn|5\n|c|\u2606ArgoMcDorko|I\u2019ve used this azumarill before.\n|\n|t:|1681673315\n|-terastallize|p1a: SnapThatChildsBack|Fire\n|move|p2b: Flutter Mane|Shadow Ball|p1b: Amogus\n|-crit|p1b: Amogus\n|-damage|p1b: Amogus|0 fnt\n|faint|p1b: Amogus\n|move|p1a: SnapThatChildsBack|Heat Wave|p2b: Flutter Mane|[spread] p2a,p2b\n|-resisted|p2a: Azumarill\n|-crit|p2a: Azumarill\n|-damage|p2a: Azumarill|0 fnt\n|-damage|p2b: Flutter Mane|0 fnt\n|faint|p2a: Azumarill\n|faint|p2b: Flutter Mane\n|-end|p2b: Flutter Mane|Protosynthesis|[silent]\n|\n|upkeep\n|\n|t:|1681673329\n|switch|p2b: Gallade|Gallade, L50, M|100\/100\n|turn|6\n|\n|t:|1681673338\n|move|p1a: SnapThatChildsBack|Heat Wave|p2b: Gallade\n|-damage|p2b: Gallade|0 fnt\n|faint|p2b: Gallade\n|\n|win|ArgoMcDorko\n|raw|ArgoMcDorko's rating: 1137 → 1168<\/strong> (+31 for winning)\n|raw|zzmelodyy's rating: 1217 → 1186<\/strong> (-31 for losing)\n","uploadtime":1681673343,"views":10,"p1id":"argomcdorko","p2id":"zzmelodyy","formatid":"gen9vgc2023regulationc","rating":1168,"private":0,"password":""}