{"id":"gen9vgc2023regulationc-1856684142","p1":"TrainerDylan24","p2":"SMx","format":"[Gen 9] VGC 2023 Regulation C","log":"|j|\u2606TrainerDylan24\n|j|\u2606SMx\n|t:|1683094042\n|gametype|doubles\n|player|p1|TrainerDylan24|swimmerf|1125\n|player|p2|SMx|170|1204\n|teamsize|p1|6\n|teamsize|p2|6\n|gen|9\n|tier|[Gen 9] VGC 2023 Regulation C\n|rated|\n|rule|Species Clause: Limit one of each Pok\u00e9mon\n|rule|Item Clause: Limit one of each item\n|clearpoke\n|poke|p1|Torkoal, L50, M|\n|poke|p1|Lilligant, L50, F|\n|poke|p1|Amoonguss, L50, F|\n|poke|p1|Kilowattrel, L50, F|\n|poke|p1|Roaring Moon, L50|\n|poke|p1|Arcanine, L50, M|\n|poke|p2|Corviknight, L50, F|\n|poke|p2|Brute Bonnet, L50|\n|poke|p2|Great Tusk, L50|\n|poke|p2|Flutter Mane, L50|\n|poke|p2|Murkrow, L50, M|\n|poke|p2|Chi-Yu, L50|\n|teampreview|4\n|inactive|Battle timer is ON: inactive players will automatically lose when time's up. (requested by SMx)\n|inactive|TrainerDylan24 has 60 seconds left.\n|\n|t:|1683094099\n|start\n|switch|p1a: Kilowattrel|Kilowattrel, L50, F|100\/100\n|switch|p1b: Amoonguss|Amoonguss, L50, F|100\/100\n|switch|p2a: Anybody|Murkrow, L50, M|100\/100\n|switch|p2b: play VGC|Flutter Mane, L50|100\/100\n|turn|1\n|inactive|SMx has 30 seconds left.\n|\n|t:|1683094126\n|switch|p2a: FallinLove|Chi-Yu, L50|100\/100\n|-ability|p2a: FallinLove|Beads of Ruin\n|move|p2b: play VGC|Dazzling Gleam|p1b: Amoonguss|[spread] p1a,p1b\n|-resisted|p1b: Amoonguss\n|-damage|p1a: Kilowattrel|0 fnt\n|-damage|p1b: Amoonguss|79\/100\n|faint|p1a: Kilowattrel\n|move|p1b: Amoonguss|Spore|p2b: play VGC\n|-status|p2b: play VGC|slp|[from] move: Spore\n|\n|-heal|p1b: Amoonguss|85\/100|[from] item: Black Sludge\n|upkeep\n|\n|t:|1683094139\n|switch|p1a: Arcanine|Arcanine, L50, M|100\/100\n|-ability|p1a: Arcanine|Intimidate|boost\n|-unboost|p2a: FallinLove|atk|1\n|-unboost|p2b: play VGC|atk|1\n|turn|2\n|\n|t:|1683094152\n|cant|p2b: play VGC|slp\n|move|p1a: Arcanine|Close Combat|p2a: FallinLove\n|-supereffective|p2a: FallinLove\n|-enditem|p2a: FallinLove|Focus Sash\n|-damage|p2a: FallinLove|1\/100\n|-unboost|p1a: Arcanine|def|1\n|-unboost|p1a: Arcanine|spd|1\n|move|p2a: FallinLove|Heat Wave|p1b: Amoonguss|[spread] p1a,p1b\n|-resisted|p1a: Arcanine\n|-supereffective|p1b: Amoonguss\n|-damage|p1a: Arcanine|48\/100\n|-damage|p1b: Amoonguss|0 fnt\n|faint|p1b: Amoonguss\n|\n|upkeep\n|\n|t:|1683094166\n|switch|p1b: Roaring Moon|Roaring Moon, L50|100\/100\n|-enditem|p1b: Roaring Moon|Booster Energy\n|-activate|p1b: Roaring Moon|ability: Protosynthesis|[fromitem]\n|-start|p1b: Roaring Moon|protosynthesisspe\n|turn|3\n|inactive|TrainerDylan24 has 30 seconds left.\n|inactive|TrainerDylan24 has 20 seconds left.\n|inactive|TrainerDylan24 has 15 seconds left.\n|inactive|TrainerDylan24 has 10 seconds left.\n|\n|t:|1683094216\n|-terastallize|p1b: Roaring Moon|Flying\n|move|p1a: Arcanine|Extreme Speed|p2a: FallinLove\n|-damage|p2a: FallinLove|0 fnt\n|faint|p2a: FallinLove\n|move|p1b: Roaring Moon|Acrobatics|p2b: play VGC\n|-damage|p2b: play VGC|0 fnt\n|faint|p2b: play VGC\n|-end|p2b: play VGC|Protosynthesis|[silent]\n|\n|upkeep\n|\n|t:|1683094226\n|switch|p2b: Anybody|Murkrow, L50, M|100\/100\n|switch|p2a: hahaJKunless|Great Tusk, L50|100\/100\n|turn|4\n|\n|t:|1683094239\n|move|p2b: Anybody|Tailwind|p2b: Anybody\n|-sidestart|p2: SMx|move: Tailwind\n|move|p2a: hahaJKunless|Rock Slide|p1a: Arcanine|[spread] \n|-miss|p2a: hahaJKunless|p1a: Arcanine\n|-miss|p2a: hahaJKunless|p1b: Roaring Moon\n|move|p1b: Roaring Moon|Acrobatics|p2a: hahaJKunless\n|-supereffective|p2a: hahaJKunless\n|-damage|p2a: hahaJKunless|5\/100\n|move|p1a: Arcanine|Flare Blitz|p2b: Anybody\n|-damage|p2b: Anybody|50\/100\n|-damage|p1a: Arcanine|31\/100|[from] Recoil\n|\n|upkeep\n|turn|5\n|\n|t:|1683094259\n|move|p1a: Arcanine|Extreme Speed|p2a: hahaJKunless\n|-damage|p2a: hahaJKunless|0 fnt\n|faint|p2a: hahaJKunless\n|-end|p2a: hahaJKunless|Protosynthesis|[silent]\n|move|p1b: Roaring Moon|Breaking Swipe|p2b: Anybody\n|-damage|p2b: Anybody|21\/100\n|-unboost|p2b: Anybody|atk|1\n|move|p2b: Anybody|Foul Play|p1a: Arcanine\n|-crit|p1a: Arcanine\n|-damage|p1a: Arcanine|0 fnt\n|faint|p1a: Arcanine\n|\n|upkeep\n|turn|6\n|\n|t:|1683094278\n|move|p1b: Roaring Moon|Acrobatics|p2b: Anybody\n|-damage|p2b: Anybody|0 fnt\n|faint|p2b: Anybody\n|\n|win|TrainerDylan24\n|raw|TrainerDylan24's rating: 1125 → 1156<\/strong> (+31 for winning)\n|raw|SMx's rating: 1204 → 1173<\/strong> (-31 for losing)\n|l|\u2606SMx\n","uploadtime":1683094292,"views":6,"p1id":"trainerdylan24","p2id":"smx","formatid":"gen9vgc2023regulationc","rating":1156,"private":0,"password":""}