{"id":"gen9vgc2023regulationc-1853408913","p1":"hit my whip","p2":"Xiao Shi","format":"[Gen 9] VGC 2023 Regulation C","log":"|j|\u2606hit my whip\n|j|\u2606Xiao Shi\n|t:|1682681521\n|gametype|doubles\n|player|p1|hit my whip|acetrainerf-gen4dp|1460\n|player|p2|Xiao Shi|bellelba|1525\n|teamsize|p1|6\n|teamsize|p2|6\n|gen|9\n|tier|[Gen 9] VGC 2023 Regulation C\n|rated|\n|rule|Species Clause: Limit one of each Pok\u00e9mon\n|rule|Item Clause: Limit one of each item\n|clearpoke\n|poke|p1|Orthworm, L50, F|\n|poke|p1|Baxcalibur, L50, M|\n|poke|p1|Ting-Lu, L50|\n|poke|p1|Sylveon, L50, F|\n|poke|p1|Amoonguss, L50, M|\n|poke|p1|Dragonite, L50, M|\n|poke|p2|Dondozo, L50, F|\n|poke|p2|Tatsugiri-Stretchy, L50, M|\n|poke|p2|Chi-Yu, L50|\n|poke|p2|Glimmora, L50, F|\n|poke|p2|Maushold-Four, L50|\n|poke|p2|Flutter Mane, L50|\n|teampreview|4\n|inactive|Battle timer is ON: inactive players will automatically lose when time's up. (requested by hit my whip)\n|\n|t:|1682681544\n|start\n|switch|p1a: Orthworm|Orthworm, L50, F|100\/100\n|switch|p1b: Ting-Lu|Ting-Lu, L50|100\/100\n|switch|p2a: Tatsugiri|Tatsugiri-Stretchy, L50, M|100\/100\n|switch|p2b: Dondozo|Dondozo, L50, F|100\/100\n|-activate|p2a: Tatsugiri|ability: Commander|[of] p2b: Dondozo\n|-boost|p2b: Dondozo|atk|2\n|-boost|p2b: Dondozo|spa|2\n|-boost|p2b: Dondozo|spe|2\n|-boost|p2b: Dondozo|def|2\n|-boost|p2b: Dondozo|spd|2\n|-ability|p1b: Ting-Lu|Vessel of Ruin\n|turn|1\n|\n|t:|1682681561\n|move|p2b: Dondozo|Wave Crash|p1a: Orthworm\n|-damage|p1a: Orthworm|0 fnt\n|faint|p1a: Orthworm\n|-damage|p2b: Dondozo|75\/100|[from] Recoil\n|-damage|p2b: Dondozo|65\/100|[from] item: Life Orb\n|move|p1b: Ting-Lu|Payback|p2b: Dondozo\n|-damage|p2b: Dondozo|36\/100\n|\n|upkeep\n|\n|t:|1682681569\n|switch|p1a: Amoonguss|Amoonguss, L50, M|100\/100\n|turn|2\n|\n|t:|1682681573\n|-terastallize|p2b: Dondozo|Grass\n|move|p1a: Amoonguss|Rage Powder|p1a: Amoonguss\n|-singleturn|p1a: Amoonguss|move: Rage Powder\n|move|p2b: Dondozo|Wave Crash|p1b: Ting-Lu\n|-supereffective|p1b: Ting-Lu\n|-damage|p1b: Ting-Lu|0 fnt\n|faint|p1b: Ting-Lu\n|-damage|p2b: Dondozo|1\/100|[from] Recoil\n|-damage|p2b: Dondozo|0 fnt|[from] item: Life Orb\n|faint|p2b: Dondozo\n|\n|upkeep\n|\n|t:|1682681585\n|switch|p2b: Chi-Yu|Chi-Yu, L50|100\/100\n|switch|p1b: Dragonite|Dragonite, L50, M|100\/100\n|-ability|p2b: Chi-Yu|Beads of Ruin\n|turn|3\n|\n|t:|1682681592\n|move|p2b: Chi-Yu|Protect|p2b: Chi-Yu\n|-singleturn|p2b: Chi-Yu|Protect\n|move|p1a: Amoonguss|Rage Powder|p1a: Amoonguss\n|-singleturn|p1a: Amoonguss|move: Rage Powder\n|move|p2a: Tatsugiri|Icy Wind|p1b: Dragonite|[spread] p1b\n|-miss|p2a: Tatsugiri|p1a: Amoonguss\n|-supereffective|p1b: Dragonite\n|-damage|p1b: Dragonite|68\/100\n|-unboost|p1b: Dragonite|spe|1\n|move|p1b: Dragonite|Dragon Dance|p1b: Dragonite\n|-boost|p1b: Dragonite|atk|1\n|-boost|p1b: Dragonite|spe|1\n|\n|upkeep\n|turn|4\n|\n|t:|1682681604\n|-terastallize|p1b: Dragonite|Flying\n|move|p1a: Amoonguss|Rage Powder|p1a: Amoonguss\n|-singleturn|p1a: Amoonguss|move: Rage Powder\n|move|p2a: Tatsugiri|Icy Wind|p1b: Dragonite|[spread] p1a,p1b\n|-supereffective|p1a: Amoonguss\n|-supereffective|p1b: Dragonite\n|-damage|p1a: Amoonguss|73\/100\n|-damage|p1b: Dragonite|38\/100\n|-unboost|p1a: Amoonguss|spe|1\n|-unboost|p1b: Dragonite|spe|1\n|move|p2b: Chi-Yu|Heat Wave|p1b: Dragonite|[spread] p1a\n|-miss|p2b: Chi-Yu|p1b: Dragonite\n|-supereffective|p1a: Amoonguss\n|-damage|p1a: Amoonguss|0 fnt\n|faint|p1a: Amoonguss\n|move|p1b: Dragonite|Earthquake|p2b: Chi-Yu|[spread] p2a,p2b\n|-supereffective|p2b: Chi-Yu\n|-damage|p2a: Tatsugiri|37\/100\n|-damage|p2b: Chi-Yu|2\/100\n|\n|upkeep\n|turn|5\n|-message|hit my whip forfeited.\n|\n|win|Xiao Shi\n|raw|hit my whip's rating: 1460 → 1444<\/strong> (-16 for losing)\n|raw|Xiao Shi's rating: 1525 → 1541<\/strong> (+16 for winning)\n|l|\u2606hit my whip\n","uploadtime":1682681633,"views":16,"p1id":"hitmywhip","p2id":"xiaoshi","formatid":"gen9vgc2023regulationc","rating":1444,"private":0,"password":""}