{"id":"gen9vgc2023regulationc-1858926091","p1":"pessopissaoyeye","p2":"PokeReplaysVGC","format":"[Gen 9] VGC 2023 Regulation C","log":"|j|\u2606pessopissaoyeye\n|j|\u2606PokeReplaysVGC\n|t:|1683384245\n|gametype|doubles\n|player|p1|pessopissaoyeye|brycenman|\n|player|p2|PokeReplaysVGC|169|\n|teamsize|p1|6\n|teamsize|p2|6\n|gen|9\n|tier|[Gen 9] VGC 2023 Regulation C\n|rule|Species Clause: Limit one of each Pok\u00e9mon\n|rule|Item Clause: Limit one of each item\n|clearpoke\n|poke|p1|Palafin, L50, F|\n|poke|p1|Arcanine, L50, M|\n|poke|p1|Amoonguss, L50, F|\n|poke|p1|Ting-Lu, L50|\n|poke|p1|Iron Hands, L50|\n|poke|p1|Flutter Mane, L50|\n|poke|p2|Iron Bundle, L50|\n|poke|p2|Abomasnow, L50, F|\n|poke|p2|Talonflame, L50, F|\n|poke|p2|Great Tusk, L50|\n|poke|p2|Flutter Mane, L50|\n|poke|p2|Arcanine, L50, M|\n|teampreview|4\n|inactive|Battle timer is ON: inactive players will automatically lose when time's up. (requested by pessopissaoyeye)\npessopissaoyeye has agreed to open team sheets.\nPokeReplaysVGC has agreed to open team sheets.\n|c|\u2606pessopissaoyeye|glhf\n|c|\u2606PokeReplaysVGC|glhf\n|inactive|pessopissaoyeye has 60 seconds left.\n|inactive|PokeReplaysVGC has 60 seconds left.\n|\n|t:|1683384284\n|start\n|switch|p1a: Iron Hands|Iron Hands, L50|100\/100\n|switch|p1b: Arcanine|Arcanine, L50, M|100\/100\n|switch|p2a: Iron Bundle|Iron Bundle, L50|100\/100\n|switch|p2b: Abomasnow|Abomasnow, L50, F|100\/100\n|-ability|p1b: Arcanine|Intimidate|boost\n|-unboost|p2a: Iron Bundle|atk|1\n|-unboost|p2b: Abomasnow|atk|1\n|-weather|Snow|[from] ability: Snow Warning|[of] p2b: Abomasnow\n|-enditem|p2a: Iron Bundle|Booster Energy\n|-activate|p2a: Iron Bundle|ability: Quark Drive|[fromitem]\n|-start|p2a: Iron Bundle|quarkdrivespe\n|turn|1\n|inactive|pessopissaoyeye has 30 seconds left.\n|\n|t:|1683384310\n|-terastallize|p2b: Abomasnow|Water\n|move|p1b: Arcanine|Protect|p1b: Arcanine\n|-singleturn|p1b: Arcanine|Protect\n|move|p1a: Iron Hands|Fake Out|p2a: Iron Bundle\n|-damage|p2a: Iron Bundle|88\/100\n|cant|p2a: Iron Bundle|flinch\n|move|p2b: Abomasnow|Aurora Veil|p2b: Abomasnow\n|-sidestart|p2: PokeReplaysVGC|move: Aurora Veil\n|\n|-weather|Snow|[upkeep]\n|upkeep\n|turn|2\n|inactive|pessopissaoyeye has 30 seconds left.\n|inactive|PokeReplaysVGC has 30 seconds left.\n|\n|t:|1683384342\n|-end|p2a: Iron Bundle|Quark Drive|[silent]\n|switch|p2a: Arcanine|Arcanine, L50, M|100\/100\n|-ability|p2a: Arcanine|Intimidate|boost\n|-unboost|p1a: Iron Hands|atk|1\n|-unboost|p1b: Arcanine|atk|1\n|move|p1b: Arcanine|Flare Blitz|p2a: Arcanine\n|-resisted|p2a: Arcanine\n|-damage|p2a: Arcanine|87\/100\n|-damage|p1b: Arcanine|96\/100|[from] Recoil\n|move|p2b: Abomasnow|Blizzard|p1a: Iron Hands|[spread] p1a,p1b\n|-resisted|p1b: Arcanine\n|-damage|p1a: Iron Hands|83\/100\n|-damage|p1b: Arcanine|78\/100\n|-status|p1a: Iron Hands|frz\n|-curestatus|p1a: Iron Hands|frz|[msg]\n|move|p1a: Iron Hands|Wild Charge|p2a: Arcanine\n|-damage|p2a: Arcanine|61\/100\n|-damage|p1a: Iron Hands|78\/100|[from] Recoil\n|\n|-weather|Snow|[upkeep]\n|upkeep\n|turn|3\n|inactive|PokeReplaysVGC has 30 seconds left.\n|\n|t:|1683384374\n|move|p2a: Arcanine|Will-O-Wisp|p1a: Iron Hands|[miss]\n|-miss|p2a: Arcanine|p1a: Iron Hands\n|move|p1b: Arcanine|Howl|p1b: Arcanine|[spread] p1a,p1b\n|-boost|p1a: Iron Hands|atk|1\n|-boost|p1b: Arcanine|atk|1\n|move|p2b: Abomasnow|Blizzard|p1a: Iron Hands|[spread] p1a,p1b\n|-resisted|p1b: Arcanine\n|-damage|p1a: Iron Hands|61\/100\n|-damage|p1b: Arcanine|62\/100\n|move|p1a: Iron Hands|Drain Punch|p2a: Arcanine\n|-damage|p2a: Arcanine|30\/100\n|-heal|p1a: Iron Hands|73\/100|[from] drain|[of] p2a: Arcanine\n|\n|-weather|Snow|[upkeep]\n|upkeep\n|turn|4\n|\n|t:|1683384393\n|switch|p2b: Flutter Mane|Flutter Mane, L50|100\/100\n|move|p2a: Arcanine|Will-O-Wisp|p1a: Iron Hands\n|-status|p1a: Iron Hands|brn\n|move|p1b: Arcanine|Howl|p1b: Arcanine|[spread] p1a,p1b\n|-boost|p1a: Iron Hands|atk|1\n|-boost|p1b: Arcanine|atk|1\n|move|p1a: Iron Hands|Drain Punch|p2a: Arcanine\n|-damage|p2a: Arcanine|5\/100\n|-heal|p1a: Iron Hands|82\/100 brn|[from] drain|[of] p2a: Arcanine\n|\n|-weather|Snow|[upkeep]\n|-damage|p1a: Iron Hands|76\/100 brn|[from] brn\n|upkeep\n|turn|5\n|inactive|PokeReplaysVGC has 30 seconds left.\n|inactive|pessopissaoyeye has 30 seconds left.\n|inactive|PokeReplaysVGC has 20 seconds left.\n|\n|t:|1683384433\n|-end|p1a: Iron Hands|Quark Drive|[silent]\n|switch|p1a: Ting-Lu|Ting-Lu, L50|100\/100\n|-ability|p1a: Ting-Lu|Vessel of Ruin\n|move|p2b: Flutter Mane|Shadow Ball|p1b: Arcanine\n|-damage|p1b: Arcanine|18\/100\n|move|p2a: Arcanine|Flare Blitz|p1a: Ting-Lu\n|-damage|p1a: Ting-Lu|68\/100\n|-status|p1a: Ting-Lu|brn\n|-damage|p2a: Arcanine|0 fnt|[from] Recoil\n|faint|p2a: Arcanine\n|move|p1b: Arcanine|Flare Blitz|p2b: Flutter Mane\n|-damage|p2b: Flutter Mane|27\/100\n|-damage|p1b: Arcanine|0 fnt|[from] Recoil\n|faint|p1b: Arcanine\n|\n|-weather|none\n|-heal|p1a: Ting-Lu|74\/100 brn|[from] item: Leftovers\n|-damage|p1a: Ting-Lu|68\/100 brn|[from] brn\n|upkeep\n|\n|t:|1683384453\n|switch|p2a: Abomasnow|Abomasnow, L50, F, tera:Water|100\/100\n|switch|p1b: Iron Hands|Iron Hands, L50|76\/100 brn\n|-weather|Snow|[from] ability: Snow Warning|[of] p2a: Abomasnow\n|turn|6\n|\n|t:|1683384475\n|-terastallize|p1a: Ting-Lu|Poison\n|move|p1b: Iron Hands|Fake Out|p2a: Abomasnow\n|-damage|p2a: Abomasnow|95\/100\n|move|p2b: Flutter Mane|Shadow Ball|p1b: Iron Hands\n|-damage|p1b: Iron Hands|51\/100 brn\n|cant|p2a: Abomasnow|flinch\n|move|p1a: Ting-Lu|Stomping Tantrum|p2b: Flutter Mane\n|-damage|p2b: Flutter Mane|10\/100\n|\n|-weather|Snow|[upkeep]\n|-heal|p1a: Ting-Lu|74\/100 brn|[from] item: Leftovers\n|-damage|p1b: Iron Hands|45\/100 brn|[from] brn\n|-damage|p1a: Ting-Lu|68\/100 brn|[from] brn\n|upkeep\n|turn|7\n|\n|t:|1683384492\n|move|p2b: Flutter Mane|Shadow Ball|p1b: Iron Hands\n|-damage|p1b: Iron Hands|20\/100 brn\n|move|p2a: Abomasnow|Blizzard|p1b: Iron Hands|[spread] p1a,p1b\n|-damage|p1a: Ting-Lu|51\/100 brn\n|-damage|p1b: Iron Hands|7\/100 brn\n|move|p1b: Iron Hands|Wild Charge|p2b: Flutter Mane\n|-damage|p2b: Flutter Mane|0 fnt\n|faint|p2b: Flutter Mane\n|-end|p2b: Flutter Mane|Protosynthesis|[silent]\n|-damage|p1b: Iron Hands|6\/100 brn|[from] Recoil\n|move|p1a: Ting-Lu|Ruination|p2a: Abomasnow\n|-damage|p2a: Abomasnow|48\/100\n|\n|-weather|Snow|[upkeep]\n|-heal|p1a: Ting-Lu|58\/100 brn|[from] item: Leftovers\n|-damage|p1b: Iron Hands|0 fnt|[from] brn\n|faint|p1b: Iron Hands\n|-end|p1b: Iron Hands|Quark Drive|[silent]\n|-damage|p1a: Ting-Lu|51\/100 brn|[from] brn\n|upkeep\n|\n|t:|1683384507\n|switch|p2b: Iron Bundle|Iron Bundle, L50|88\/100\n|switch|p1b: Flutter Mane|Flutter Mane, L50|100\/100\n|turn|8\n|\n|t:|1683384542\n|move|p2b: Iron Bundle|Protect|p2b: Iron Bundle\n|-singleturn|p2b: Iron Bundle|Protect\n|move|p1b: Flutter Mane|Thunderbolt|p2b: Iron Bundle\n|-activate|p2b: Iron Bundle|move: Protect\n|move|p2a: Abomasnow|Blizzard|p1b: Flutter Mane|[spread] p1a,p1b\n|-damage|p1a: Ting-Lu|33\/100 brn\n|-damage|p1b: Flutter Mane|75\/100\n|move|p1a: Ting-Lu|Ruination|p2a: Abomasnow\n|-damage|p2a: Abomasnow|24\/100\n|\n|-weather|Snow|[upkeep]\n|-heal|p1a: Ting-Lu|40\/100 brn|[from] item: Leftovers\n|-damage|p1a: Ting-Lu|33\/100 brn|[from] brn\n|-sideend|p2: PokeReplaysVGC|move: Aurora Veil\n|upkeep\n|turn|9\n|\n|t:|1683384556\n|move|p2b: Iron Bundle|Blizzard|p1b: Flutter Mane|[spread] p1a,p1b\n|-damage|p1a: Ting-Lu|12\/100 brn\n|-damage|p1b: Flutter Mane|45\/100\n|move|p1b: Flutter Mane|Thunderbolt|p2b: Iron Bundle\n|-supereffective|p2b: Iron Bundle\n|-damage|p2b: Iron Bundle|0 fnt\n|faint|p2b: Iron Bundle\n|-end|p2b: Iron Bundle|Quark Drive|[silent]\n|move|p2a: Abomasnow|Blizzard|p1a: Ting-Lu|[spread] p1a,p1b\n|-damage|p1a: Ting-Lu|0 fnt\n|-damage|p1b: Flutter Mane|20\/100\n|faint|p1a: Ting-Lu\n|\n|-weather|Snow|[upkeep]\n|upkeep\n|turn|10\n|\n|t:|1683384568\n|move|p1b: Flutter Mane|Thunderbolt|p2a: Abomasnow\n|-supereffective|p2a: Abomasnow\n|-damage|p2a: Abomasnow|0 fnt\n|faint|p2a: Abomasnow\n|\n|win|pessopissaoyeye\n|c|\u2606PokeReplaysVGC|gg\n","uploadtime":1683384574,"views":7,"p1id":"pessopissaoyeye","p2id":"pokereplaysvgc","formatid":"gen9vgc2023regulationc","rating":0,"private":0,"password":""}