{"id":"gen9vgc2023regulationc-1856000928","p1":"StantlerGOAT","p2":"TitusLance","format":"[Gen 9] VGC 2023 Regulation C","log":"|j|\u2606StantlerGOAT\n|j|\u2606TitusLance\n|t:|1683015028\n|gametype|doubles\n|player|p1|StantlerGOAT|169|1087\n|player|p2|TitusLance|101|1148\n|teamsize|p1|6\n|teamsize|p2|6\n|gen|9\n|tier|[Gen 9] VGC 2023 Regulation C\n|rated|\n|rule|Species Clause: Limit one of each Pok\u00e9mon\n|rule|Item Clause: Limit one of each item\n|clearpoke\n|poke|p1|Stantler, L50, F|\n|poke|p1|Annihilape, L50, F|\n|poke|p1|Kilowattrel, L50, M|\n|poke|p1|Wigglytuff, L50, M|\n|poke|p1|Iron Hands, L50|\n|poke|p1|Indeedee-F, L50, F|\n|poke|p2|Magnezone, L50|\n|poke|p2|Palafin, L50, M|\n|poke|p2|Pelipper, L50, F|\n|poke|p2|Iron Jugulis, L50|\n|poke|p2|Amoonguss, L50, F|\n|poke|p2|Chien-Pao, L50|\n|teampreview|4\n|inactive|Battle timer is ON: inactive players will automatically lose when time's up. (requested by TitusLance)\n|\n|t:|1683015049\n|start\n|switch|p1a: Stantler|Stantler, L50, F|100\/100\n|switch|p1b: Kilowattrel|Kilowattrel, L50, M|100\/100\n|switch|p2a: Palafin|Palafin, L50, M|100\/100\n|switch|p2b: Iron Jugulis|Iron Jugulis, L50|100\/100\n|-ability|p1a: Stantler|Intimidate|boost\n|-unboost|p2a: Palafin|atk|1\n|-unboost|p2b: Iron Jugulis|atk|1\n|turn|1\n|\n|t:|1683015067\n|detailschange|p2a: Palafin|Palafin-Hero, L50, M\n|switch|p2a: Pelipper|Pelipper, L50, F|100\/100\n|-weather|RainDance|[from] ability: Drizzle|[of] p2a: Pelipper\n|-terastallize|p2b: Iron Jugulis|Steel\n|move|p1b: Kilowattrel|Tailwind|p1b: Kilowattrel\n|-sidestart|p1: StantlerGOAT|move: Tailwind\n|move|p1a: Stantler|Skill Swap|p2a: Pelipper\n|-activate|p1a: Stantler|move: Skill Swap|Drizzle|Intimidate|[of] p2a: Pelipper\n|-ability|p2a: Pelipper|Intimidate|boost\n|-unboost|p1a: Stantler|atk|1\n|-unboost|p1b: Kilowattrel|atk|1\n|-ability|p1b: Kilowattrel|Competitive|boost\n|-boost|p1b: Kilowattrel|spa|2\n|move|p2b: Iron Jugulis|Dark Pulse|p1b: Kilowattrel\n|-enditem|p1b: Kilowattrel|Focus Sash\n|-damage|p1b: Kilowattrel|1\/100\n|\n|-weather|RainDance|[upkeep]\n|upkeep\n|turn|2\n|inactive|StantlerGOAT has 30 seconds left.\n|inactive|TitusLance has 30 seconds left.\n|\n|t:|1683015099\n|-end|p2b: Iron Jugulis|Quark Drive|[silent]\n|switch|p2b: Chien-Pao|Chien-Pao, L50|100\/100\n|-ability|p2b: Chien-Pao|Sword of Ruin\n|move|p1b: Kilowattrel|Discharge|p2b: Chien-Pao|[spread] p1a,p2a,p2b\n|-supereffective|p2a: Pelipper\n|-enditem|p2a: Pelipper|Wacan Berry|[eat]\n|-enditem|p2a: Pelipper|Wacan Berry|[weaken]\n|-damage|p1a: Stantler|66\/100\n|-damage|p2a: Pelipper|0 fnt\n|-damage|p2b: Chien-Pao|9\/100\n|faint|p2a: Pelipper\n|move|p1a: Stantler|Tera Blast|p2b: Chien-Pao\n|-damage|p2b: Chien-Pao|0 fnt\n|faint|p2b: Chien-Pao\n|\n|-weather|RainDance|[upkeep]\n|upkeep\n|\n|t:|1683015108\n|switch|p2b: Palafin|Palafin-Hero, L50, M|100\/100\n|switch|p2a: Iron Jugulis|Iron Jugulis, L50, tera:Steel|100\/100\n|-activate|p2b: Palafin|ability: Zero to Hero\n|turn|3\n|\n|t:|1683015128\n|switch|p1a: Iron Hands|Iron Hands, L50|100\/100\n|move|p2b: Palafin|Jet Punch|p1b: Kilowattrel\n|-damage|p1b: Kilowattrel|0 fnt\n|faint|p1b: Kilowattrel\n|move|p2a: Iron Jugulis|Dark Pulse|p1a: Iron Hands\n|-resisted|p1a: Iron Hands\n|-damage|p1a: Iron Hands|86\/100\n|\n|-weather|RainDance|[upkeep]\n|upkeep\n|\n|t:|1683015139\n|switch|p1b: Stantler|Stantler, L50, F|66\/100\n|-ability|p1b: Stantler|Intimidate|boost\n|-unboost|p2a: Iron Jugulis|atk|1\n|-unboost|p2b: Palafin|atk|1\n|turn|4\n|\n|t:|1683015163\n|-terastallize|p1a: Iron Hands|Grass\n|move|p2b: Palafin|Jet Punch|p1a: Iron Hands\n|-resisted|p1a: Iron Hands\n|-damage|p1a: Iron Hands|72\/100\n|move|p2a: Iron Jugulis|Dark Pulse|p1b: Stantler\n|-damage|p1b: Stantler|20\/100\n|move|p1a: Iron Hands|Wild Charge|p2b: Palafin\n|-supereffective|p2b: Palafin\n|-damage|p2b: Palafin|0 fnt\n|faint|p2b: Palafin\n|-damage|p1a: Iron Hands|53\/100|[from] Recoil\n|move|p1b: Stantler|Trick Room|p1b: Stantler\n|-fieldstart|move: Trick Room|[of] p1b: Stantler\n|\n|-weather|RainDance|[upkeep]\n|-sideend|p1: StantlerGOAT|move: Tailwind\n|upkeep\n|turn|5\n|-message|TitusLance forfeited.\n|\n|win|StantlerGOAT\n|raw|StantlerGOAT's rating: 1087 → 1119<\/strong> (+32 for winning)\n|raw|TitusLance's rating: 1148 → 1119<\/strong> (-29 for losing)\n|l|\u2606TitusLance\n","uploadtime":1683015193,"views":22,"p1id":"stantlergoat","p2id":"tituslance","formatid":"gen9vgc2023regulationc","rating":1119,"private":0,"password":""}