{"id":"gen9vgc2023regulationc-1864065813","p1":"JoeUX9","p2":"wudiaisuka","format":"[Gen 9] VGC 2023 Regulation C","log":"|j|\u2606JoeUX9\n|j|\u2606wudiaisuka\n|t:|1684112585\n|gametype|doubles\n|player|p1|JoeUX9|#scl2machines|\n|player|p2|wudiaisuka|169|\n|teamsize|p1|6\n|teamsize|p2|6\n|gen|9\n|tier|[Gen 9] VGC 2023 Regulation C\n|rule|Species Clause: Limit one of each Pok\u00e9mon\n|rule|Item Clause: Limit one of each item\n|clearpoke\n|poke|p1|Chi-Yu, L50|\n|poke|p1|Flutter Mane, L50|\n|poke|p1|Iron Hands, L50|\n|poke|p1|Tyranitar, L50, F|\n|poke|p1|Gyarados, L50, M|\n|poke|p1|Amoonguss, L50, F|\n|poke|p2|Annihilape, L50, M|\n|poke|p2|Maushold-Four, L50|\n|poke|p2|Flutter Mane, L50|\n|poke|p2|Gyarados, L50, F|\n|poke|p2|Chi-Yu, L50|\n|poke|p2|Scizor, L50, F|\n|teampreview|4\n|c|\u2606wudiaisuka|\\publicroom\n|c|\u2606wudiaisuka|\/log wudiaisuka made this room public.\n|c|\u2606wudiaisuka|glhf\nJoeUX9 has agreed to open team sheets.\n|j| yotam\n|j| AveragePikachu\n|c|\u2606wudiaisuka|G3\n|j| yotam\n|j| Ally\n|j|+Eeveon7\u2764\n|n| yotam|yotam\n|c|\u2606JoeUX9|Glhf\n|c|\u2606wudiaisuka|glhf\n|c|\u2606JoeUX9|Agree to open sheets\n|c|\u2606JoeUX9|Pls\n|j| LONDONKIN\nwudiaisuka has agreed to open team sheets.\n|c|\u2606JoeUX9|Thx\n|c|\u2606wudiaisuka|sorry\n|l| LONDONKIN\n|j| LONDONKIN\n|j| nico R0b1N\n|\n|t:|1684113248\n|start\n|switch|p1a: Tyranitar|Tyranitar, L50, F|100\/100\n|switch|p1b: Flutter Mane|Flutter Mane, L50|100\/100\n|switch|p2a: Scizor|Scizor, L50, F|100\/100\n|switch|p2b: Chi-Yu|Chi-Yu, L50|100\/100\n|-ability|p2b: Chi-Yu|Beads of Ruin\n|-weather|Sandstorm|[from] ability: Sand Stream|[of] p1a: Tyranitar\n|-enditem|p1b: Flutter Mane|Booster Energy\n|-activate|p1b: Flutter Mane|ability: Protosynthesis|[fromitem]\n|-start|p1b: Flutter Mane|protosynthesisspa\n|turn|1\n|\n|t:|1684113284\n|switch|p2b: Maushold|Maushold-Four, L50|100\/100\n|move|p2a: Scizor|Bullet Punch|p1b: Flutter Mane\n|-supereffective|p1b: Flutter Mane\n|-damage|p1b: Flutter Mane|0 fnt\n|faint|p1b: Flutter Mane\n|-end|p1b: Flutter Mane|Protosynthesis|[silent]\n|move|p1a: Tyranitar|Rock Slide|p2b: Maushold|[spread] p2a,p2b\n|-damage|p2a: Scizor|76\/100\n|-damage|p2b: Maushold|63\/100\n|\n|-weather|Sandstorm|[upkeep]\n|upkeep\n|\n|t:|1684113288\n|switch|p1b: Chi-Yu|Chi-Yu, L50|100\/100\n|-ability|p1b: Chi-Yu|Beads of Ruin\n|turn|2\n|l| LONDONKIN\n|\n|t:|1684113306\n|switch|p1a: Iron Hands|Iron Hands, L50|100\/100\n|move|p2b: Maushold|Protect|p2b: Maushold\n|-singleturn|p2b: Maushold|Protect\n|move|p1b: Chi-Yu|Protect|p1b: Chi-Yu\n|-singleturn|p1b: Chi-Yu|Protect\n|move|p2a: Scizor|Protect||[still]\n|-fail|p2a: Scizor\n|\n|-weather|Sandstorm|[upkeep]\n|-damage|p1b: Chi-Yu|95\/100|[from] Sandstorm\n|upkeep\n|turn|3\n|\n|t:|1684113346\n|-terastallize|p2a: Scizor|Water\n|move|p2b: Maushold|Protect|p2b: Maushold\n|-singleturn|p2b: Maushold|Protect\n|move|p1b: Chi-Yu|Dark Pulse|p2b: Maushold\n|-activate|p2b: Maushold|move: Protect\n|move|p2a: Scizor|Tailwind|p2a: Scizor\n|-sidestart|p2: wudiaisuka|move: Tailwind\n|move|p1a: Iron Hands|Swords Dance|p1a: Iron Hands\n|-boost|p1a: Iron Hands|atk|2\n|\n|-weather|Sandstorm|[upkeep]\n|-damage|p2a: Scizor|70\/100|[from] Sandstorm\n|-damage|p1b: Chi-Yu|89\/100|[from] Sandstorm\n|upkeep\n|turn|4\n|\n|t:|1684113382\n|switch|p2b: Annihilape|Annihilape, L50, M|100\/100\n|move|p1b: Chi-Yu|Protect|p1b: Chi-Yu\n|-singleturn|p1b: Chi-Yu|Protect\n|move|p2a: Scizor|Close Combat|p1b: Chi-Yu\n|-activate|p1b: Chi-Yu|move: Protect\n|move|p1a: Iron Hands|Drain Punch|p2a: Scizor\n|-damage|p2a: Scizor|0 fnt\n|faint|p2a: Scizor\n|\n|-weather|Sandstorm|[upkeep]\n|-damage|p2b: Annihilape|94\/100|[from] Sandstorm\n|-damage|p1b: Chi-Yu|84\/100|[from] Sandstorm\n|upkeep\n|\n|t:|1684113387\n|switch|p2a: Maushold|Maushold-Four, L50|63\/100\n|turn|5\n|\n|t:|1684113408\n|move|p2a: Maushold|Beat Up|p2b: Annihilape\n|-damage|p2b: Annihilape|93\/100\n|-damage|p2b: Annihilape|91\/100\n|-damage|p2b: Annihilape|89\/100\n|-hitcount|p2b: Annihilape|3\n|move|p2b: Annihilape|Drain Punch|p1b: Chi-Yu\n|-supereffective|p1b: Chi-Yu\n|-damage|p1b: Chi-Yu|0 fnt\n|-heal|p2b: Annihilape|100\/100|[from] drain|[of] p1b: Chi-Yu\n|faint|p1b: Chi-Yu\n|move|p1a: Iron Hands|Thunder Punch|p2b: Annihilape\n|-damage|p2b: Annihilape|32\/100\n|-enditem|p2b: Annihilape|Sitrus Berry|[eat]\n|-heal|p2b: Annihilape|57\/100|[from] item: Sitrus Berry\n|\n|-weather|none\n|upkeep\n|\n|t:|1684113415\n|switch|p1b: Tyranitar|Tyranitar, L50, F|100\/100\n|-weather|Sandstorm|[from] ability: Sand Stream|[of] p1b: Tyranitar\n|turn|6\n|j| NJ11VGC\n|\n|t:|1684113433\n|-terastallize|p1b: Tyranitar|Flying\n|move|p2a: Maushold|Beat Up|p2b: Annihilape\n|-damage|p2b: Annihilape|56\/100\n|-crit|p2b: Annihilape\n|-damage|p2b: Annihilape|53\/100\n|-crit|p2b: Annihilape\n|-damage|p2b: Annihilape|50\/100\n|-hitcount|p2b: Annihilape|3\n|move|p2b: Annihilape|Rage Fist|p1a: Iron Hands\n|-damage|p1a: Iron Hands|0 fnt\n|faint|p1a: Iron Hands\n|-end|p1a: Iron Hands|Quark Drive|[silent]\n|move|p1b: Tyranitar|Tera Blast|p2b: Annihilape\n|-supereffective|p2b: Annihilape\n|-damage|p2b: Annihilape|0 fnt\n|faint|p2b: Annihilape\n|\n|-weather|Sandstorm|[upkeep]\n|-damage|p1b: Tyranitar|95\/100|[from] Sandstorm\n|-sideend|p2: wudiaisuka|move: Tailwind\n|upkeep\n|\n|t:|1684113450\n|switch|p2b: Chi-Yu|Chi-Yu, L50|100\/100\n|-ability|p2b: Chi-Yu|Beads of Ruin\n|turn|7\n|\n|t:|1684113458\n|move|p2b: Chi-Yu|Protect|p2b: Chi-Yu\n|-singleturn|p2b: Chi-Yu|Protect\n|move|p2a: Maushold|Super Fang|p1b: Tyranitar\n|-damage|p1b: Tyranitar|48\/100\n|move|p1b: Tyranitar|Rock Slide|p2b: Chi-Yu|[spread] p2a\n|-activate|p2b: Chi-Yu|move: Protect\n|-damage|p2a: Maushold|24\/100\n|\n|-weather|Sandstorm|[upkeep]\n|-damage|p2b: Chi-Yu|95\/100|[from] Sandstorm\n|-damage|p1b: Tyranitar|42\/100|[from] Sandstorm\n|upkeep\n|turn|8\n|\n|t:|1684113472\n|move|p2a: Maushold|Super Fang|p1b: Tyranitar\n|-damage|p1b: Tyranitar|21\/100\n|move|p2b: Chi-Yu|Dark Pulse|p1b: Tyranitar\n|-damage|p1b: Tyranitar|0 fnt\n|faint|p1b: Tyranitar\n|-damage|p2b: Chi-Yu|85\/100|[from] item: Life Orb\n|\n|win|wudiaisuka\n|l| NJ11VGC\n|c|\u2606JoeUX9|Gg\n|c|\u2606wudiaisuka|gg\n|l|\u2606JoeUX9\n|l| nico R0b1N\n|l|+Eeveon7\u2764\n|l| Ally\n|j| LONDONKIN\n|l| LONDONKIN\n|l| AveragePikachu\n","uploadtime":1684114223,"views":44,"p1id":"joeux9","p2id":"wudiaisuka","formatid":"gen9vgc2023regulationc","rating":0,"private":0,"password":""}