{"id":"gen9vgc2023regulationc-1850762534","p1":"Draxolotl","p2":"NicoHaxVGC","format":"[Gen 9] VGC 2023 Regulation C","log":"|j|\u2606Draxolotl\n|j|\u2606NicoHaxVGC\n|t:|1682365554\n|gametype|doubles\n|player|p1|Draxolotl|iris-gen5bw2|1233\n|player|p2|NicoHaxVGC|hilbert-wonderlauncher|1138\n|teamsize|p1|6\n|teamsize|p2|6\n|gen|9\n|tier|[Gen 9] VGC 2023 Regulation C\n|rated|\n|rule|Species Clause: Limit one of each Pok\u00e9mon\n|rule|Item Clause: Limit one of each item\n|clearpoke\n|poke|p1|Kilowattrel, L50, M|\n|poke|p1|Bellibolt, L50, F|\n|poke|p1|Baxcalibur, L50, M|\n|poke|p1|Flutter Mane, L50|\n|poke|p1|Corviknight, L50, M|\n|poke|p1|Palafin, L50, F|\n|poke|p2|Flutter Mane, L50|\n|poke|p2|Palafin, L50, F|\n|poke|p2|Ting-Lu, L50|\n|poke|p2|Arcanine, L50, F|\n|poke|p2|Amoonguss, L50, F|\n|poke|p2|Chien-Pao, L50|\n|teampreview|4\n|inactive|Battle timer is ON: inactive players will automatically lose when time's up. (requested by NicoHaxVGC)\n|inactive|Draxolotl also wants the timer to be on.\n|inactive|NicoHaxVGC has 60 seconds left.\n|\n|t:|1682365585\n|start\n|switch|p1a: Palafin|Palafin, L50, F|100\/100\n|switch|p1b: Kilowattrel|Kilowattrel, L50, M|100\/100\n|switch|p2a: Ting-Lu|Ting-Lu, L50|100\/100\n|switch|p2b: Arcanine|Arcanine, L50, F|100\/100\n|-ability|p2b: Arcanine|Intimidate|boost\n|-unboost|p1a: Palafin|atk|1\n|-unboost|p1b: Kilowattrel|atk|1\n|-ability|p2a: Ting-Lu|Vessel of Ruin\n|turn|1\n|\n|t:|1682365609\n|detailschange|p1a: Palafin|Palafin-Hero, L50, F\n|switch|p1a: Baxcalibur|Baxcalibur, L50, M|100\/100\n|move|p1b: Kilowattrel|Protect|p1b: Kilowattrel\n|-singleturn|p1b: Kilowattrel|Protect\n|move|p2b: Arcanine|Flare Blitz|p1b: Kilowattrel\n|-activate|p1b: Kilowattrel|move: Protect\n|move|p2a: Ting-Lu|Ruination|p1a: Baxcalibur\n|-damage|p1a: Baxcalibur|50\/100\n|\n|upkeep\n|turn|2\n|\n|t:|1682365625\n|move|p1b: Kilowattrel|Air Slash|p2b: Arcanine\n|-damage|p2b: Arcanine|75\/100\n|cant|p2b: Arcanine|flinch\n|move|p1a: Baxcalibur|Icicle Crash|p2a: Ting-Lu\n|-supereffective|p2a: Ting-Lu\n|-damage|p2a: Ting-Lu|43\/100\n|move|p2a: Ting-Lu|Heavy Slam|p1a: Baxcalibur\n|-supereffective|p1a: Baxcalibur\n|-damage|p1a: Baxcalibur|11\/100\n|\n|upkeep\n|turn|3\n|inactive|NicoHaxVGC has 30 seconds left.\n|inactive|NicoHaxVGC has 20 seconds left.\n|\n|t:|1682365665\n|switch|p1a: Corviknight|Corviknight, L50, M|100\/100\n|switch|p2a: Chien-Pao|Chien-Pao, L50|100\/100\n|-ability|p2a: Chien-Pao|Sword of Ruin\n|move|p1b: Kilowattrel|Thunder Wave|p2b: Arcanine\n|-status|p2b: Arcanine|par\n|cant|p2b: Arcanine|par\n|\n|upkeep\n|turn|4\n|\n|t:|1682365688\n|move|p2a: Chien-Pao|Protect|p2a: Chien-Pao\n|-singleturn|p2a: Chien-Pao|Protect\n|move|p1b: Kilowattrel|Air Slash|p2a: Chien-Pao\n|-activate|p2a: Chien-Pao|move: Protect\n|move|p1a: Corviknight|Iron Head|p2a: Chien-Pao\n|-activate|p2a: Chien-Pao|move: Protect\n|cant|p2b: Arcanine|par\n|\n|upkeep\n|turn|5\n|c|\u2606Draxolotl|rip arcanine\n|\n|t:|1682365708\n|switch|p2a: Ting-Lu|Ting-Lu, L50|43\/100\n|-ability|p2a: Ting-Lu|Vessel of Ruin\n|move|p1b: Kilowattrel|Air Slash|p2b: Arcanine\n|-damage|p2b: Arcanine|47\/100 par\n|move|p1a: Corviknight|Iron Head|p2a: Ting-Lu\n|-damage|p2a: Ting-Lu|29\/100\n|cant|p2b: Arcanine|flinch\n|\n|upkeep\n|turn|6\n|\n|t:|1682365730\n|move|p1b: Kilowattrel|Air Slash|p2a: Ting-Lu\n|-damage|p2a: Ting-Lu|17\/100\n|move|p1a: Corviknight|Brave Bird|p2a: Ting-Lu\n|-damage|p2a: Ting-Lu|0 fnt\n|faint|p2a: Ting-Lu\n|-damage|p1a: Corviknight|94\/100|[from] Recoil\n|cant|p2b: Arcanine|par\n|\n|upkeep\n|c|\u2606Draxolotl|NAH\n|c|\u2606Draxolotl|i cant keep doing him like that\n|inactive|NicoHaxVGC has 30 seconds left.\n|c|\u2606NicoHaxVGC|i can't believe it\n|\n|t:|1682365760\n|switch|p2a: Chien-Pao|Chien-Pao, L50|100\/100\n|-ability|p2a: Chien-Pao|Sword of Ruin\n|turn|7\n|c|\u2606Draxolotl|thats like 5 turns\n|\n|t:|1682365775\n|move|p2a: Chien-Pao|Protect|p2a: Chien-Pao\n|-singleturn|p2a: Chien-Pao|Protect\n|move|p1b: Kilowattrel|Air Slash|p2a: Chien-Pao\n|-activate|p2a: Chien-Pao|move: Protect\n|move|p1a: Corviknight|Iron Head|p2a: Chien-Pao\n|-activate|p2a: Chien-Pao|move: Protect\n|move|p2b: Arcanine|Will-O-Wisp|p1a: Corviknight\n|-status|p1a: Corviknight|brn\n|\n|-damage|p1a: Corviknight|88\/100 brn|[from] brn\n|upkeep\n|turn|8\n|inactive|NicoHaxVGC has 30 seconds left.\n|\n|t:|1682365805\n|move|p2a: Chien-Pao|Ice Spinner|p1b: Kilowattrel\n|-supereffective|p1b: Kilowattrel\n|-enditem|p1b: Kilowattrel|Focus Sash\n|-damage|p1b: Kilowattrel|1\/100\n|move|p1b: Kilowattrel|Air Slash|p2a: Chien-Pao\n|-damage|p2a: Chien-Pao|44\/100\n|move|p1a: Corviknight|Brave Bird|p2b: Arcanine\n|-damage|p2b: Arcanine|22\/100 par\n|-damage|p1a: Corviknight|80\/100 brn|[from] Recoil\n|cant|p2b: Arcanine|par\n|\n|-damage|p1a: Corviknight|74\/100 brn|[from] brn\n|upkeep\n|turn|9\n|c|\u2606Draxolotl|WTF\n|\n|t:|1682365827\n|move|p2a: Chien-Pao|Protect|p2a: Chien-Pao\n|-singleturn|p2a: Chien-Pao|Protect\n|move|p1b: Kilowattrel|Air Slash|p2a: Chien-Pao\n|-activate|p2a: Chien-Pao|move: Protect\n|move|p1a: Corviknight|Brave Bird|p2b: Arcanine\n|-damage|p2b: Arcanine|0 fnt\n|faint|p2b: Arcanine\n|-damage|p1a: Corviknight|67\/100 brn|[from] Recoil\n|\n|-damage|p1a: Corviknight|61\/100 brn|[from] brn\n|upkeep\n|\n|t:|1682365836\n|switch|p2b: Flutter Mane|Flutter Mane, L50|100\/100\n|-enditem|p2b: Flutter Mane|Booster Energy\n|-activate|p2b: Flutter Mane|ability: Protosynthesis|[fromitem]\n|-start|p2b: Flutter Mane|protosynthesisspa\n|turn|10\n|inactive|NicoHaxVGC has 30 seconds left.\n|inactive|NicoHaxVGC has 20 seconds left.\n|inactive|NicoHaxVGC has 15 seconds left.\n|\n|t:|1682365879\n|-terastallize|p2a: Chien-Pao|Ghost\n|move|p1b: Kilowattrel|Protect|p1b: Kilowattrel\n|-singleturn|p1b: Kilowattrel|Protect\n|move|p2a: Chien-Pao|Ice Spinner|p1a: Corviknight\n|-damage|p1a: Corviknight|26\/100 brn\n|-enditem|p1a: Corviknight|Sitrus Berry|[eat]\n|-heal|p1a: Corviknight|51\/100 brn|[from] item: Sitrus Berry\n|move|p2b: Flutter Mane|Dazzling Gleam|p1b: Kilowattrel|[spread] p1a\n|-activate|p1b: Kilowattrel|move: Protect\n|-resisted|p1a: Corviknight\n|-damage|p1a: Corviknight|34\/100 brn\n|move|p1a: Corviknight|Iron Head|p2b: Flutter Mane\n|-supereffective|p2b: Flutter Mane\n|-damage|p2b: Flutter Mane|45\/100\n|\n|-damage|p1a: Corviknight|28\/100 brn|[from] brn\n|upkeep\n|turn|11\n|inactive|Draxolotl has 30 seconds left.\n|\n|t:|1682365905\n|switch|p1a: Palafin|Palafin-Hero, L50, F|100\/100\n|-activate|p1a: Palafin|ability: Zero to Hero\n|move|p2a: Chien-Pao|Ice Spinner|p1b: Kilowattrel\n|-supereffective|p1b: Kilowattrel\n|-damage|p1b: Kilowattrel|0 fnt\n|faint|p1b: Kilowattrel\n|move|p2b: Flutter Mane|Shadow Ball|p1a: Palafin\n|-damage|p1a: Palafin|47\/100\n|\n|upkeep\n|\n|t:|1682365918\n|switch|p1b: Corviknight|Corviknight, L50, M|28\/100 brn\n|turn|12\n|\n|t:|1682365930\n|move|p2b: Flutter Mane|Protect|p2b: Flutter Mane\n|-singleturn|p2b: Flutter Mane|Protect\n|move|p2a: Chien-Pao|Sucker Punch|p1a: Palafin\n|-damage|p1a: Palafin|8\/100\n|move|p1a: Palafin|Jet Punch|p2b: Flutter Mane\n|-activate|p2b: Flutter Mane|move: Protect\n|move|p1b: Corviknight|Iron Head|p2a: Chien-Pao\n|-damage|p2a: Chien-Pao|26\/100\n|\n|-damage|p1b: Corviknight|22\/100 brn|[from] brn\n|upkeep\n|turn|13\n|\n|t:|1682365947\n|-terastallize|p1b: Corviknight|Fire\n|move|p1a: Palafin|Protect|p1a: Palafin\n|-singleturn|p1a: Palafin|Protect\n|move|p2a: Chien-Pao|Sucker Punch||[still]\n|-fail|p2a: Chien-Pao\n|move|p2b: Flutter Mane|Shadow Ball|p1b: Corviknight\n|-damage|p1b: Corviknight|0 fnt\n|faint|p1b: Corviknight\n|\n|upkeep\n|\n|t:|1682365956\n|switch|p1b: Baxcalibur|Baxcalibur, L50, M|11\/100\n|turn|14\n|inactive|NicoHaxVGC has 30 seconds left.\n|\n|t:|1682365983\n|move|p1a: Palafin|Protect||[still]\n|-fail|p1a: Palafin\n|move|p2a: Chien-Pao|Sucker Punch||[still]\n|-fail|p2a: Chien-Pao\n|move|p2b: Flutter Mane|Dazzling Gleam|p1b: Baxcalibur|[spread] p1a,p1b\n|-supereffective|p1b: Baxcalibur\n|-damage|p1a: Palafin|0 fnt\n|-damage|p1b: Baxcalibur|0 fnt\n|faint|p1a: Palafin\n|faint|p1b: Baxcalibur\n|\n|win|NicoHaxVGC\n|raw|Draxolotl's rating: 1233 → 1201<\/strong> (-32 for losing)\n|raw|NicoHaxVGC's rating: 1138 → 1170<\/strong> (+32 for winning)\n|l|\u2606Draxolotl\n","uploadtime":1682365996,"views":14,"p1id":"draxolotl","p2id":"nicohaxvgc","formatid":"gen9vgc2023regulationc","rating":1170,"private":0,"password":""}