{"id":"gen9vgc2023regulationc-1863093741","p1":"Papplush","p2":"Topperlecat","format":"[Gen 9] VGC 2023 Regulation C","log":"|j|\u2606Papplush\n|j|\u2606Topperlecat\n|t:|1683968574\n|gametype|doubles\n|player|p1|Papplush|dawn|1172\n|player|p2|Topperlecat|n|1216\n|teamsize|p1|6\n|teamsize|p2|6\n|gen|9\n|tier|[Gen 9] VGC 2023 Regulation C\n|rated|\n|rule|Species Clause: Limit one of each Pok\u00e9mon\n|rule|Item Clause: Limit one of each item\n|clearpoke\n|poke|p1|Chien-Pao, L50|\n|poke|p1|Garchomp, L50, M|\n|poke|p1|Amoonguss, L50, M|\n|poke|p1|Palafin, L50, M|\n|poke|p1|Pelipper, L50, F|\n|poke|p1|Gholdengo, L50|\n|poke|p2|Mimikyu, L50, M|\n|poke|p2|Maushold, L50|\n|poke|p2|Chien-Pao, L50|\n|poke|p2|Garchomp, L50, M|\n|poke|p2|Gyarados, L50, M|\n|poke|p2|Rotom-Wash, L50|\n|teampreview|4\nPapplush has agreed to open team sheets.\n|inactive|Battle timer is ON: inactive players will automatically lose when time's up. (requested by Papplush)\nTopperlecat has agreed to open team sheets.\n|inactive|Papplush has 60 seconds left.\n|\n|t:|1683968628\n|start\n|switch|p1a: Chien-Pao|Chien-Pao, L50|100\/100\n|switch|p1b: Palafin|Palafin, L50, M|100\/100\n|switch|p2a: cardboard box|Gyarados, L50, M|100\/100\n|switch|p2b: steve mk2|Rotom-Wash, L50|100\/100\n|-ability|p1a: Chien-Pao|Sword of Ruin\n|-ability|p2a: cardboard box|Intimidate|boost\n|-unboost|p1a: Chien-Pao|atk|1\n|-unboost|p1b: Palafin|atk|1\n|turn|1\n|\n|t:|1683968650\n|switch|p1a: Pelipper|Pelipper, L50, F|100\/100\n|-weather|RainDance|[from] ability: Drizzle|[of] p1a: Pelipper\n|detailschange|p1b: Palafin|Palafin-Hero, L50, M\n|switch|p1b: Gholdengo|Gholdengo, L50|100\/100\n|move|p2b: steve mk2|Will-O-Wisp|p1a: Pelipper\n|-status|p1a: Pelipper|brn\n|move|p2a: cardboard box|Thunder Wave|p1b: Gholdengo\n|-immune|p1b: Gholdengo|[from] ability: Good as Gold\n|\n|-weather|RainDance|[upkeep]\n|-damage|p1a: Pelipper|95\/100 brn|[from] brn\n|upkeep\n|turn|2\n|inactive|Papplush has 30 seconds left.\n|inactive|Topperlecat has 30 seconds left.\n|inactive|Topperlecat has 20 seconds left.\n|inactive|Topperlecat has 15 seconds left.\n|inactive|Topperlecat has 10 seconds left.\n|\n|t:|1683968699\n|switch|p2a: sir chompsalot|Garchomp, L50, M|100\/100\n|move|p2b: steve mk2|Hydro Pump|p1b: Gholdengo\n|-damage|p1b: Gholdengo|19\/100\n|move|p1b: Gholdengo|Thunder|p2a: sir chompsalot\n|-immune|p2a: sir chompsalot\n|move|p1a: Pelipper|Tailwind|p1a: Pelipper\n|-sidestart|p1: Papplush|move: Tailwind\n|\n|-weather|RainDance|[upkeep]\n|-damage|p1a: Pelipper|89\/100 brn|[from] brn\n|upkeep\n|turn|3\n|\n|t:|1683968718\n|switch|p1b: Chien-Pao|Chien-Pao, L50|100\/100\n|-ability|p1b: Chien-Pao|Sword of Ruin\n|move|p2b: steve mk2|Protect|p2b: steve mk2\n|-singleturn|p2b: steve mk2|Protect\n|move|p1a: Pelipper|Icy Wind|p2b: steve mk2|[spread] p2a\n|-activate|p2b: steve mk2|move: Protect\n|-supereffective|p2a: sir chompsalot\n|-damage|p2a: sir chompsalot|57\/100\n|-unboost|p2a: sir chompsalot|spe|1\n|move|p2a: sir chompsalot|Earthquake|p1b: Chien-Pao|[spread] p1b\n|-activate|p2b: steve mk2|move: Protect\n|-immune|p1a: Pelipper\n|-damage|p1b: Chien-Pao|27\/100\n|\n|-weather|RainDance|[upkeep]\n|-damage|p1a: Pelipper|83\/100 brn|[from] brn\n|upkeep\n|turn|4\n|inactive|Papplush has 30 seconds left.\n|inactive|Papplush has 20 seconds left.\n|inactive|Papplush has 15 seconds left.\n|inactive|Papplush has 10 seconds left.\n|\n|t:|1683968765\n|switch|p2a: cardboard box|Gyarados, L50, M|100\/100\n|-ability|p2a: cardboard box|Intimidate|boost\n|-unboost|p1a: Pelipper|atk|1\n|-unboost|p1b: Chien-Pao|atk|1\n|move|p1b: Chien-Pao|Ice Spinner|p2a: cardboard box\n|-damage|p2a: cardboard box|72\/100\n|move|p1a: Pelipper|Hurricane|p2b: steve mk2\n|-resisted|p2b: steve mk2\n|-damage|p2b: steve mk2|77\/100\n|-start|p2b: steve mk2|confusion\n|-activate|p2b: steve mk2|confusion\n|move|p2b: steve mk2|Thunderbolt|p1a: Pelipper\n|-supereffective|p1a: Pelipper\n|-damage|p1a: Pelipper|0 fnt\n|faint|p1a: Pelipper\n|\n|-weather|RainDance|[upkeep]\n|upkeep\n|\n|t:|1683968779\n|switch|p1a: Gholdengo|Gholdengo, L50|19\/100\n|turn|5\n|\n|t:|1683968788\n|move|p1b: Chien-Pao|Protect|p1b: Chien-Pao\n|-singleturn|p1b: Chien-Pao|Protect\n|-activate|p2b: steve mk2|confusion\n|-damage|p2b: steve mk2|70\/100|[from] confusion\n|move|p2a: cardboard box|Protect|p2a: cardboard box\n|-singleturn|p2a: cardboard box|Protect\n|move|p1a: Gholdengo|Thunder|p2b: steve mk2\n|-damage|p2b: steve mk2|1\/100\n|\n|-weather|RainDance|[upkeep]\n|-sideend|p1: Papplush|move: Tailwind\n|upkeep\n|turn|6\n|inactive|Papplush has 30 seconds left.\n|\n|t:|1683968814\n|switch|p1a: Palafin|Palafin-Hero, L50, M|100\/100\n|-activate|p1a: Palafin|ability: Zero to Hero\n|-end|p2b: steve mk2|confusion\n|move|p2b: steve mk2|Protect|p2b: steve mk2\n|-singleturn|p2b: steve mk2|Protect\n|move|p1b: Chien-Pao|Sucker Punch|p2a: cardboard box\n|-damage|p2a: cardboard box|45\/100\n|move|p2a: cardboard box|Waterfall|p1b: Chien-Pao\n|-damage|p1b: Chien-Pao|0 fnt\n|faint|p1b: Chien-Pao\n|\n|-weather|RainDance|[upkeep]\n|upkeep\n|\n|t:|1683968825\n|switch|p1b: Gholdengo|Gholdengo, L50|19\/100\n|turn|7\n|\n|t:|1683968839\n|move|p1a: Palafin|Jet Punch|p2b: steve mk2\n|-resisted|p2b: steve mk2\n|-damage|p2b: steve mk2|0 fnt\n|faint|p2b: steve mk2\n|move|p1b: Gholdengo|Shadow Ball|p2a: cardboard box\n|-damage|p2a: cardboard box|0 fnt\n|faint|p2a: cardboard box\n|\n|-weather|RainDance|[upkeep]\n|upkeep\n|\n|t:|1683968842\n|switch|p2b: sir chompsalot|Garchomp, L50, M|57\/100\n|switch|p2a: chomps fren|Chien-Pao, L50|100\/100\n|-ability|p2a: chomps fren|Sword of Ruin\n|turn|8\n|\n|t:|1683968864\n|-terastallize|p2b: sir chompsalot|Fire\n|-terastallize|p1a: Palafin|Water\n|move|p2a: chomps fren|Sucker Punch|p1b: Gholdengo\n|-supereffective|p1b: Gholdengo\n|-damage|p1b: Gholdengo|0 fnt\n|faint|p1b: Gholdengo\n|-damage|p2a: chomps fren|91\/100|[from] item: Life Orb\n|move|p2b: sir chompsalot|Dragon Claw|p1a: Palafin\n|-damage|p1a: Palafin|27\/100\n|move|p1a: Palafin|Liquidation|p2b: sir chompsalot\n|-supereffective|p2b: sir chompsalot\n|-damage|p2b: sir chompsalot|0 fnt\n|-damage|p1a: Palafin|15\/100|[from] ability: Rough Skin|[of] p2b: sir chompsalot\n|faint|p2b: sir chompsalot\n|\n|-weather|none\n|upkeep\n|turn|9\n|\n|t:|1683968882\n|move|p1a: Palafin|Protect|p1a: Palafin\n|-singleturn|p1a: Palafin|Protect\n|move|p2a: chomps fren|Sucker Punch||[still]\n|-fail|p2a: chomps fren\n|\n|upkeep\n|turn|10\n|c|\u2606Topperlecat|Oh boy\n|\n|t:|1683968902\n|move|p1a: Palafin|Protect|p1a: Palafin\n|-singleturn|p1a: Palafin|Protect\n|move|p2a: chomps fren|Sucker Punch||[still]\n|-fail|p2a: chomps fren\n|\n|upkeep\n|turn|11\n|\n|t:|1683968913\n|move|p1a: Palafin|Protect||[still]\n|-fail|p1a: Palafin\n|move|p2a: chomps fren|Ice Spinner|p1a: Palafin\n|-resisted|p1a: Palafin\n|-damage|p1a: Palafin|0 fnt\n|faint|p1a: Palafin\n|-damage|p2a: chomps fren|81\/100|[from] item: Life Orb\n|\n|win|Topperlecat\n|raw|Papplush's rating: 1172 → 1150<\/strong> (-22 for losing)\n|raw|Topperlecat's rating: 1216 → 1238<\/strong> (+22 for winning)\n|c|\u2606Topperlecat|gg\n","uploadtime":1683969020,"views":7,"p1id":"papplush","p2id":"topperlecat","formatid":"gen9vgc2023regulationc","rating":1150,"private":0,"password":""}