{"id":"gen9vgc2023regulationc-1855388221","p1":"gEBEMBA","p2":"Marzbar","format":"[Gen 9] VGC 2023 Regulation C","log":"|j|\u2606gEBEMBA\n|j|\u2606Marzbar\n|t:|1682946335\n|gametype|doubles\n|player|p1|gEBEMBA|102|\n|player|p2|Marzbar|parasollady|\n|teamsize|p1|6\n|teamsize|p2|6\n|gen|9\n|tier|[Gen 9] VGC 2023 Regulation C\n|rule|Species Clause: Limit one of each Pok\u00e9mon\n|rule|Item Clause: Limit one of each item\n|clearpoke\n|poke|p1|Scovillain, L50, F|\n|poke|p1|Tauros-Paldea-Combat, L50, M|\n|poke|p1|Roaring Moon, L50|\n|poke|p1|Gyarados, L50, M|\n|poke|p1|Electrode, L50|\n|poke|p1|Maushold, L50|\n|poke|p2|Impidimp, L50, M|\n|poke|p2|Armarouge, L50, F|\n|poke|p2|Palafin, L50, M|\n|poke|p2|Squawkabilly-White, L50, M|\n|poke|p2|Houndoom, L50, M|\n|poke|p2|Chien-Pao, L50|\n|teampreview|4\ngEBEMBA has agreed to open team sheets.\n|c|\u2606gEBEMBA|its okay warm up match\nMarzbar has agreed to open team sheets.\n|\n|t:|1682946387\n|start\n|switch|p1a: Jasonnnn|Roaring Moon, L50|100\/100\n|switch|p1b: Jason|Maushold, L50|100\/100\n|switch|p2a: Impidimp|Impidimp, L50, M, shiny|100\/100\n|switch|p2b: Chien-Pao|Chien-Pao, L50|100\/100\n|-ability|p2b: Chien-Pao|Sword of Ruin\n|turn|1\n|\n|t:|1682946431\n|-terastallize|p1a: Jasonnnn|Fire\n|move|p2a: Impidimp|Fake Out|p1a: Jasonnnn\n|-damage|p1a: Jasonnnn|94\/100\n|move|p2b: Chien-Pao|Sacred Sword|p1b: Jason\n|-supereffective|p1b: Jason\n|-damage|p1b: Jason|0 fnt\n|faint|p1b: Jason\n|cant|p1a: Jasonnnn|flinch\n|\n|upkeep\n|\n|t:|1682946437\n|switch|p1b: Jasonnnnn|Tauros-Paldea-Combat, L50, M|100\/100\n|-ability|p1b: Jasonnnnn|Intimidate|boost\n|-unboost|p2a: Impidimp|atk|1\n|-unboost|p2b: Chien-Pao|atk|1\n|turn|2\n|\n|t:|1682946462\n|move|p2a: Impidimp|Reflect|p2a: Impidimp\n|-sidestart|p2: Marzbar|Reflect\n|move|p2b: Chien-Pao|Ice Spinner|p1b: Jasonnnnn\n|-damage|p1b: Jasonnnnn|57\/100\n|move|p1a: Jasonnnn|Rock Slide|p2b: Chien-Pao|[spread] p2a,p2b\n|-supereffective|p2b: Chien-Pao\n|-damage|p2a: Impidimp|77\/100\n|-damage|p2b: Chien-Pao|62\/100\n|move|p1b: Jasonnnnn|Rock Slide|p2a: Impidimp|[spread] p2a,p2b\n|-supereffective|p2b: Chien-Pao\n|-damage|p2a: Impidimp|54\/100\n|-damage|p2b: Chien-Pao|24\/100\n|-damage|p1b: Jasonnnnn|46\/100|[from] item: Life Orb\n|\n|upkeep\n|turn|3\n|\n|t:|1682946496\n|switch|p2b: Armarouge|Armarouge, L50, F, shiny|100\/100\n|switch|p1b: Jasonnnnnn|Scovillain, L50, F|100\/100\n|move|p1a: Jasonnnn|Dragon Dance|p1a: Jasonnnn\n|-boost|p1a: Jasonnnn|atk|1\n|-boost|p1a: Jasonnnn|spe|1\n|move|p2a: Impidimp|Foul Play|p1a: Jasonnnn\n|-damage|p1a: Jasonnnn|0 fnt\n|faint|p1a: Jasonnnn\n|-end|p1a: Jasonnnn|Protosynthesis|[silent]\n|\n|upkeep\n|c|\u2606gEBEMBA|bro i cant wipe out like this its bad for my brand girlboss XD\n|c|\u2606gEBEMBA|HABHAHAHAHA\n|\n|t:|1682946511\n|switch|p1a: Jasonnnnn|Tauros-Paldea-Combat, L50, M|46\/100\n|-ability|p1a: Jasonnnnn|Intimidate|boost\n|-unboost|p2a: Impidimp|atk|1\n|-unboost|p2b: Armarouge|atk|1\n|turn|4\n|c|\u2606Marzbar|just blame it on being drunk or something\n|c|\u2606gEBEMBA|honestly tbh i might just cop this\n|\n|t:|1682946545\n|switch|p2a: Squawkabilly|Squawkabilly-White, L50, M, shiny|100\/100\n|-ability|p2a: Squawkabilly|Intimidate|boost\n|-unboost|p1a: Jasonnnnn|atk|1\n|-unboost|p1b: Jasonnnnnn|atk|1\n|move|p1a: Jasonnnnn|Drill Run|p2b: Armarouge\n|-supereffective|p2b: Armarouge\n|-damage|p2b: Armarouge|74\/100\n|-ability|p2b: Armarouge|Weak Armor|boost\n|-unboost|p2b: Armarouge|def|1\n|-boost|p2b: Armarouge|spe|2\n|-enditem|p2b: Armarouge|Weakness Policy\n|-boost|p2b: Armarouge|atk|2|[from] item: Weakness Policy\n|-boost|p2b: Armarouge|spa|2|[from] item: Weakness Policy\n|-damage|p1a: Jasonnnnn|36\/100|[from] item: Life Orb\n|move|p2b: Armarouge|Psychic|p1a: Jasonnnnn\n|-supereffective|p1a: Jasonnnnn\n|-damage|p1a: Jasonnnnn|0 fnt\n|faint|p1a: Jasonnnnn\n|move|p1b: Jasonnnnnn|Flamethrower|p2a: Squawkabilly\n|-damage|p2a: Squawkabilly|25\/100\n|\n|upkeep\n|turn|5\n|-message|gEBEMBA forfeited.\n|\n|win|Marzbar\n|l|\u2606gEBEMBA\n","uploadtime":1682946571,"views":27,"p1id":"gebemba","p2id":"marzbar","formatid":"gen9vgc2023regulationc","rating":0,"private":0,"password":""}