{"id":"gen9vgc2023regulationc-1851873095","p1":"Icicle220","p2":"DumbskullE","format":"[Gen 9] VGC 2023 Regulation C","log":"|j|\u2606Icicle220\n|j|\u2606DumbskullE\n|t:|1682498621\n|gametype|doubles\n|player|p1|Icicle220|clemont|1029\n|player|p2|DumbskullE|265|1112\n|teamsize|p1|6\n|teamsize|p2|6\n|gen|9\n|tier|[Gen 9] VGC 2023 Regulation C\n|rated|\n|rule|Species Clause: Limit one of each Pok\u00e9mon\n|rule|Item Clause: Limit one of each item\n|clearpoke\n|poke|p1|Ting-Lu, L50|\n|poke|p1|Annihilape, L50, F|\n|poke|p1|Great Tusk, L50|\n|poke|p1|Flutter Mane, L50|\n|poke|p1|Dudunsparce-*, L50, M|\n|poke|p1|Maushold-Four, L50|\n|poke|p2|Murkrow, L50, M|\n|poke|p2|Gholdengo, L50|\n|poke|p2|Ting-Lu, L50|\n|poke|p2|Iron Bundle, L50|\n|poke|p2|Ceruledge, L50, M|\n|poke|p2|Garganacl, L50, M|\n|teampreview|4\n|inactive|Battle timer is ON: inactive players will automatically lose when time's up. (requested by DumbskullE)\n|inactive|DumbskullE has 60 seconds left.\n|inactive|Icicle220 has 60 seconds left.\n|\n|t:|1682498674\n|start\n|switch|p1a: Mushikui|Maushold-Four, L50|100\/100\n|switch|p1b: Eelda's Heir|Dudunsparce-Three-Segment, L50, M|100\/100\n|switch|p2a: Bord|Murkrow, L50, M, shiny|100\/100\n|switch|p2b: C3P0|Gholdengo, L50|100\/100\n|turn|1\n|\n|t:|1682498684\n|-terastallize|p2b: C3P0|Flying\n|-terastallize|p1b: Eelda's Heir|Psychic\n|move|p2a: Bord|Tailwind|p2a: Bord\n|-sidestart|p2: DumbskullE|move: Tailwind\n|move|p2b: C3P0|Nasty Plot|p2b: C3P0\n|-boost|p2b: C3P0|spa|2\n|move|p1a: Mushikui|Beat Up|p1b: Eelda's Heir\n|-supereffective|p1b: Eelda's Heir\n|-damage|p1b: Eelda's Heir|97\/100\n|-ability|p1b: Eelda's Heir|Rattled|boost\n|-boost|p1b: Eelda's Heir|spe|1\n|-enditem|p1b: Eelda's Heir|Weakness Policy\n|-boost|p1b: Eelda's Heir|atk|2|[from] item: Weakness Policy\n|-boost|p1b: Eelda's Heir|spa|2|[from] item: Weakness Policy\n|-supereffective|p1b: Eelda's Heir\n|-damage|p1b: Eelda's Heir|94\/100\n|-ability|p1b: Eelda's Heir|Rattled|boost\n|-boost|p1b: Eelda's Heir|spe|1\n|-supereffective|p1b: Eelda's Heir\n|-damage|p1b: Eelda's Heir|91\/100\n|-ability|p1b: Eelda's Heir|Rattled|boost\n|-boost|p1b: Eelda's Heir|spe|1\n|-supereffective|p1b: Eelda's Heir\n|-damage|p1b: Eelda's Heir|86\/100\n|-ability|p1b: Eelda's Heir|Rattled|boost\n|-boost|p1b: Eelda's Heir|spe|1\n|-hitcount|p1b: Eelda's Heir|4\n|move|p1b: Eelda's Heir|Baton Pass|p1b: Eelda's Heir\n|inactive|Icicle220 has 30 seconds left.\n|\n|t:|1682498710\n|switch|p1b: Kalydon|Great Tusk, L50, shiny|100\/100|[from] Baton Pass\n|\n|upkeep\n|turn|2\n|\n|t:|1682498720\n|move|p1a: Mushikui|Follow Me|p1a: Mushikui\n|-singleturn|p1a: Mushikui|move: Follow Me\n|move|p1b: Kalydon|Ice Spinner|p2b: C3P0\n|-supereffective|p2b: C3P0\n|-damage|p2b: C3P0|0 fnt\n|faint|p2b: C3P0\n|move|p2a: Bord|Icy Wind|p1b: Kalydon|[spread] p1a,p1b\n|-supereffective|p1b: Kalydon\n|-damage|p1a: Mushikui|90\/100\n|-damage|p1b: Kalydon|79\/100\n|-unboost|p1a: Mushikui|spe|1\n|-unboost|p1b: Kalydon|spe|1\n|\n|upkeep\n|\n|t:|1682498731\n|switch|p2b: Pengu|Iron Bundle, L50|100\/100\n|-enditem|p2b: Pengu|Booster Energy\n|-activate|p2b: Pengu|ability: Quark Drive|[fromitem]\n|-start|p2b: Pengu|quarkdrivespe\n|turn|3\n|\n|t:|1682498739\n|move|p2b: Pengu|Protect|p2b: Pengu\n|-singleturn|p2b: Pengu|Protect\n|move|p1a: Mushikui|Follow Me|p1a: Mushikui\n|-singleturn|p1a: Mushikui|move: Follow Me\n|move|p1b: Kalydon|Ice Spinner|p2a: Bord\n|-supereffective|p2a: Bord\n|-damage|p2a: Bord|0 fnt\n|faint|p2a: Bord\n|\n|upkeep\n|\n|t:|1682498746\n|switch|p2a: Noodle bowl|Ting-Lu, L50|100\/100\n|-ability|p2a: Noodle bowl|Vessel of Ruin\n|turn|4\n|\n|t:|1682498763\n|move|p1a: Mushikui|Follow Me|p1a: Mushikui\n|-singleturn|p1a: Mushikui|move: Follow Me\n|move|p2b: Pengu|Hydro Pump|p1a: Mushikui\n|-damage|p1a: Mushikui|40\/100\n|move|p1b: Kalydon|Ice Spinner|p2a: Noodle bowl\n|-supereffective|p2a: Noodle bowl\n|-damage|p2a: Noodle bowl|40\/100\n|move|p2a: Noodle bowl|Heavy Slam|p1a: Mushikui\n|-damage|p1a: Mushikui|0 fnt\n|faint|p1a: Mushikui\n|\n|-sideend|p2: DumbskullE|move: Tailwind\n|upkeep\n|\n|t:|1682498769\n|switch|p1a: Annihilape|Annihilape, L50, F|100\/100\n|turn|5\n|\n|t:|1682498781\n|move|p1b: Kalydon|Protect|p1b: Kalydon\n|-singleturn|p1b: Kalydon|Protect\n|move|p2b: Pengu|Hydro Pump|p1b: Kalydon\n|-activate|p1b: Kalydon|move: Protect\n|move|p1a: Annihilape|Drain Punch|p2b: Pengu\n|-supereffective|p2b: Pengu\n|-damage|p2b: Pengu|17\/100\n|move|p2a: Noodle bowl|Fissure|p1a: Annihilape|[miss]\n|-miss|p2a: Noodle bowl|p1a: Annihilape\n|\n|upkeep\n|turn|6\n|\n|t:|1682498802\n|move|p1b: Kalydon|Ice Spinner|p2a: Noodle bowl\n|-supereffective|p2a: Noodle bowl\n|-damage|p2a: Noodle bowl|0 fnt\n|faint|p2a: Noodle bowl\n|move|p2b: Pengu|Freeze-Dry|p1b: Kalydon\n|-supereffective|p1b: Kalydon\n|-damage|p1b: Kalydon|0 fnt\n|faint|p1b: Kalydon\n|-end|p1b: Kalydon|Protosynthesis|[silent]\n|move|p1a: Annihilape|Drain Punch|p2b: Pengu\n|-supereffective|p2b: Pengu\n|-damage|p2b: Pengu|0 fnt\n|faint|p2b: Pengu\n|-end|p2b: Pengu|Quark Drive|[silent]\n|\n|win|Icicle220\n|raw|Icicle220's rating: 1029 → 1073<\/strong> (+44 for winning)\n|raw|DumbskullE's rating: 1112 → 1081<\/strong> (-31 for losing)\n|l|\u2606DumbskullE\n","uploadtime":1682498823,"views":10,"p1id":"icicle220","p2id":"dumbskulle","formatid":"gen9vgc2023regulationc","rating":1073,"private":0,"password":""}