{"id":"gen9vgc2023regulationc-1850984687","p1":"Draco Jack17","p2":"Yuni Sensei","format":"[Gen 9] VGC 2023 Regulation C","log":"|j|\u2606Draco Jack17\n|j|\u2606Yuni Sensei\n|t:|1682390238\n|gametype|doubles\n|player|p1|Draco Jack17|n|1261\n|player|p2|Yuni Sensei|ninjaboy|1373\n|teamsize|p1|6\n|teamsize|p2|6\n|gen|9\n|tier|[Gen 9] VGC 2023 Regulation C\n|rated|\n|rule|Species Clause: Limit one of each Pok\u00e9mon\n|rule|Item Clause: Limit one of each item\n|clearpoke\n|poke|p1|Houndstone, L50, M|\n|poke|p1|Tyranitar, L50, F|\n|poke|p1|Palafin, L50, M|\n|poke|p1|Chien-Pao, L50|\n|poke|p1|Chi-Yu, L50|\n|poke|p1|Dragapult, L50, M|\n|poke|p2|Dondozo, L50, M|\n|poke|p2|Tatsugiri, L50, F|\n|poke|p2|Glimmora, L50, F|\n|poke|p2|Ting-Lu, L50|\n|poke|p2|Flutter Mane, L50|\n|poke|p2|Gothitelle, L50, F|\n|teampreview|4\nDraco Jack17 has agreed to open team sheets.\n|\n|t:|1682390282\n|start\n|switch|p1a: Skellydoge|Houndstone, L50, M|100\/100\n|switch|p1b: Gambino|Dragapult, L50, M|100\/100\n|switch|p2a: Gothitelle|Gothitelle, L50, F|100\/100\n|switch|p2b: Glimmora|Glimmora, L50, F|100\/100\n|turn|1\n|\n|t:|1682390309\n|-terastallize|p1b: Gambino|Steel\n|-terastallize|p2a: Gothitelle|Steel\n|move|p1b: Gambino|Tera Blast|p2b: Glimmora\n|-supereffective|p2b: Glimmora\n|-damage|p2b: Glimmora|0 fnt\n|-activate|p2b: Glimmora|ability: Toxic Debris\n|-sidestart|p1: Draco Jack17|move: Toxic Spikes\n|faint|p2b: Glimmora\n|move|p1a: Skellydoge|Howl|p1a: Skellydoge|[spread] p1a,p1b\n|-boost|p1a: Skellydoge|atk|1\n|-boost|p1b: Gambino|atk|1\n|move|p2a: Gothitelle|Thunder Wave|p1b: Gambino\n|-status|p1b: Gambino|par\n|\n|upkeep\n|\n|t:|1682390324\n|switch|p2b: Tatsugiri|Tatsugiri, L50, F|100\/100\n|turn|2\n|\n|t:|1682390357\n|move|p2a: Gothitelle|Protect|p2a: Gothitelle\n|-singleturn|p2a: Gothitelle|Protect\n|move|p2b: Tatsugiri|Muddy Water|p1a: Skellydoge|[spread] p1a,p1b\n|-damage|p1a: Skellydoge|70\/100\n|-damage|p1b: Gambino|58\/100 par\n|move|p1a: Skellydoge|Scary Face|p2a: Gothitelle\n|-activate|p2a: Gothitelle|move: Protect\n|move|p1b: Gambino|Tera Blast|p2a: Gothitelle\n|-activate|p2a: Gothitelle|move: Protect\n|\n|upkeep\n|turn|3\n|\n|t:|1682390375\n|switch|p2a: Dondozo|Dondozo, L50, M|100\/100\n|-activate|p2b: Tatsugiri|ability: Commander|[of] p2a: Dondozo\n|-boost|p2a: Dondozo|atk|2\n|-boost|p2a: Dondozo|spa|2\n|-boost|p2a: Dondozo|spe|2\n|-boost|p2a: Dondozo|def|2\n|-boost|p2a: Dondozo|spd|2\n|move|p1a: Skellydoge|Howl|p1a: Skellydoge|[spread] p1a,p1b\n|-boost|p1a: Skellydoge|atk|1\n|-boost|p1b: Gambino|atk|1\n|move|p1b: Gambino|Tera Blast|p2a: Dondozo\n|-resisted|p2a: Dondozo\n|-damage|p2a: Dondozo|89\/100\n|\n|upkeep\n|turn|4\n|\n|t:|1682390396\n|switch|p1b: Rawr XD|Tyranitar, L50, F|100\/100\n|-status|p1b: Rawr XD|psn\n|-weather|Sandstorm|[from] ability: Sand Stream|[of] p1b: Rawr XD\n|move|p1a: Skellydoge|Will-O-Wisp|p2a: Dondozo|[miss]\n|-miss|p1a: Skellydoge|p2a: Dondozo\n|move|p2a: Dondozo|Earthquake|p1a: Skellydoge|[spread] p1a,p1b\n|-miss|p2a: Dondozo|p2b: Tatsugiri\n|-supereffective|p1b: Rawr XD\n|-damage|p1a: Skellydoge|23\/100\n|-damage|p1b: Rawr XD|41\/100 psn\n|-enditem|p1a: Skellydoge|Sitrus Berry|[eat]\n|-heal|p1a: Skellydoge|48\/100|[from] item: Sitrus Berry\n|\n|-weather|Sandstorm|[upkeep]\n|-damage|p2b: Tatsugiri|95\/100|[from] Sandstorm\n|-damage|p2a: Dondozo|83\/100|[from] Sandstorm\n|-damage|p1b: Rawr XD|29\/100 psn|[from] psn\n|upkeep\n|turn|5\n|\n|t:|1682390421\n|move|p1a: Skellydoge|Will-O-Wisp|p2a: Dondozo|[miss]\n|-miss|p1a: Skellydoge|p2a: Dondozo\n|move|p2a: Dondozo|Earthquake|p1b: Rawr XD|[spread] p1a,p1b\n|-miss|p2a: Dondozo|p2b: Tatsugiri\n|-supereffective|p1b: Rawr XD\n|-damage|p1a: Skellydoge|7\/100\n|-damage|p1b: Rawr XD|0 fnt\n|faint|p1b: Rawr XD\n|\n|-weather|Sandstorm|[upkeep]\n|-damage|p2b: Tatsugiri|89\/100|[from] Sandstorm\n|-damage|p2a: Dondozo|77\/100|[from] Sandstorm\n|upkeep\n|\n|t:|1682390425\n|switch|p1b: All Might|Palafin, L50, M|100\/100\n|-status|p1b: All Might|psn\n|turn|6\n|\n|t:|1682390441\n|detailschange|p1b: All Might|Palafin-Hero, L50, M\n|switch|p1b: Gambino|Dragapult, L50, M, tera:Steel|58\/100 par\n|move|p1a: Skellydoge|Will-O-Wisp|p2a: Dondozo\n|-status|p2a: Dondozo|brn\n|move|p2a: Dondozo|Order Up|p1a: Skellydoge\n|-damage|p1a: Skellydoge|0 fnt\n|faint|p1a: Skellydoge\n|-boost|p2a: Dondozo|atk|1\n|\n|-weather|Sandstorm|[upkeep]\n|-damage|p2b: Tatsugiri|84\/100|[from] Sandstorm\n|-damage|p2a: Dondozo|71\/100 brn|[from] Sandstorm\n|-damage|p2a: Dondozo|65\/100 brn|[from] brn\n|upkeep\n|\n|t:|1682390448\n|switch|p1a: All Might|Palafin-Hero, L50, M|100\/100 psn\n|-activate|p1a: All Might|ability: Zero to Hero\n|turn|7\n|\n|t:|1682390473\n|move|p1a: All Might|Haze|p1a: All Might\n|-clearallboost\n|move|p1b: Gambino|Phantom Force||[still]\n|-prepare|p1b: Gambino|Phantom Force\n|move|p2a: Dondozo|Earthquake|p1b: Gambino|[spread] p1a\n|-miss|p2a: Dondozo|p2b: Tatsugiri\n|-miss|p2a: Dondozo|p1b: Gambino\n|-damage|p1a: All Might|92\/100 psn\n|\n|-weather|Sandstorm|[upkeep]\n|-damage|p2b: Tatsugiri|78\/100|[from] Sandstorm\n|-damage|p2a: Dondozo|58\/100 brn|[from] Sandstorm\n|-damage|p1a: All Might|80\/100 psn|[from] psn\n|-damage|p2a: Dondozo|52\/100 brn|[from] brn\n|upkeep\n|turn|8\n|\n|t:|1682390489\n|move|p1a: All Might|Wave Crash|p2a: Dondozo\n|-resisted|p2a: Dondozo\n|-damage|p2a: Dondozo|22\/100 brn\n|-damage|p1a: All Might|69\/100 psn|[from] Recoil\n|move|p1b: Gambino|Phantom Force|p2a: Dondozo|[from]lockedmove\n|-damage|p2a: Dondozo|0 fnt\n|faint|p2a: Dondozo\n|\n|-weather|none\n|-damage|p1a: All Might|57\/100 psn|[from] psn\n|upkeep\n|\n|t:|1682390499\n|switch|p2a: Gothitelle|Gothitelle, L50, F, tera:Steel|100\/100\n|turn|9\n|\n|t:|1682390524\n|move|p2a: Gothitelle|Fake Out|p1a: All Might\n|-damage|p1a: All Might|51\/100 psn\n|cant|p1a: All Might|flinch\n|move|p2b: Tatsugiri|Muddy Water|p1a: All Might|[spread] p1a,p1b\n|-resisted|p1a: All Might\n|-damage|p1a: All Might|35\/100 psn\n|-damage|p1b: Gambino|10\/100 par\n|-unboost|p1a: All Might|accuracy|1\n|move|p1b: Gambino|Phantom Force||[still]\n|-prepare|p1b: Gambino|Phantom Force\n|\n|-damage|p1a: All Might|22\/100 psn|[from] psn\n|upkeep\n|turn|10\n|\n|t:|1682390550\n|move|p1a: All Might|Jet Punch|p2a: Gothitelle|[miss]\n|-miss|p1a: All Might|p2a: Gothitelle\n|move|p2b: Tatsugiri|Muddy Water|p1a: All Might|[spread] p1a\n|-miss|p2b: Tatsugiri|p1b: Gambino\n|-resisted|p1a: All Might\n|-damage|p1a: All Might|5\/100 psn\n|move|p1b: Gambino|Phantom Force|p2b: Tatsugiri|[from]lockedmove\n|-damage|p2b: Tatsugiri|0 fnt\n|faint|p2b: Tatsugiri\n|move|p2a: Gothitelle|Psychic|p1b: Gambino\n|-resisted|p1b: Gambino\n|-damage|p1b: Gambino|0 fnt\n|faint|p1b: Gambino\n|\n|-damage|p1a: All Might|0 fnt|[from] psn\n|faint|p1a: All Might\n|\n|win|Yuni Sensei\n|upkeep\n|raw|Draco Jack17's rating: 1261 → 1244<\/strong> (-17 for losing)\n|raw|Yuni Sensei's rating: 1373 → 1387<\/strong> (+14 for winning)\n|l|\u2606Yuni Sensei\n","uploadtime":1682390571,"views":13,"p1id":"dracojack17","p2id":"yunisensei","formatid":"gen9vgc2023regulationc","rating":1244,"private":0,"password":""}