{"id":"gen9vgc2023regulationc-1852618837","p1":"kaizerfattah","p2":"haha u rage quit","format":"[Gen 9] VGC 2023 Regulation C","log":"|j|\u2606kaizerfattah\n|j|\u2606haha u rage quit\n|t:|1682586213\n|gametype|doubles\n|player|p1|kaizerfattah|169|1224\n|player|p2|haha u rage quit|pokemaniac|1297\n|teamsize|p1|6\n|teamsize|p2|6\n|gen|9\n|tier|[Gen 9] VGC 2023 Regulation C\n|rated|\n|rule|Species Clause: Limit one of each Pok\u00e9mon\n|rule|Item Clause: Limit one of each item\n|clearpoke\n|poke|p1|Farigiraf, L50, M|\n|poke|p1|Baxcalibur, L50, M|\n|poke|p1|Chi-Yu, L50|\n|poke|p1|Hariyama, L50, M|\n|poke|p1|Scizor, L50, M|\n|poke|p1|Amoonguss, L50, F|\n|poke|p2|Annihilape, L50, M|\n|poke|p2|Iron Bundle, L50|\n|poke|p2|Arcanine, L50, M|\n|poke|p2|Roaring Moon, L50|\n|poke|p2|Gholdengo, L50|\n|poke|p2|Maushold-Four, L50|\n|teampreview|4\n|inactive|Battle timer is ON: inactive players will automatically lose when time's up. (requested by kaizerfattah)\n|inactive|haha u rage quit has 60 seconds left.\n|\n|t:|1682586277\n|start\n|switch|p1a: Chi-Yu|Chi-Yu, L50|100\/100\n|switch|p1b: Baxcalibur|Baxcalibur, L50, M|100\/100\n|switch|p2a: Annihilape|Annihilape, L50, M|100\/100\n|switch|p2b: Maushold|Maushold-Four, L50|100\/100\n|-ability|p1a: Chi-Yu|Beads of Ruin\n|turn|1\n|inactive|haha u rage quit has 30 seconds left.\n|inactive|haha u rage quit has 20 seconds left.\n|\n|t:|1682586316\n|-terastallize|p2a: Annihilape|Fire\n|-terastallize|p1b: Baxcalibur|Water\n|move|p2b: Maushold|Protect|p2b: Maushold\n|-singleturn|p2b: Maushold|Protect\n|move|p1a: Chi-Yu|Lava Plume|p2b: Maushold|[spread] p1b,p2a\n|-activate|p2b: Maushold|move: Protect\n|-resisted|p1b: Baxcalibur\n|-resisted|p2a: Annihilape\n|-damage|p1b: Baxcalibur|80\/100\n|-damage|p2a: Annihilape|88\/100\n|-ability|p1b: Baxcalibur|Thermal Exchange|boost\n|-boost|p1b: Baxcalibur|atk|1\n|move|p2a: Annihilape|Drain Punch|p1b: Baxcalibur\n|-damage|p1b: Baxcalibur|50\/100\n|-heal|p2a: Annihilape|100\/100|[from] drain|[of] p1b: Baxcalibur\n|move|p1b: Baxcalibur|Glaive Rush|p2a: Annihilape\n|-damage|p2a: Annihilape|34\/100\n|-singlemove|p1b: Baxcalibur|Glaive Rush|[silent]\n|\n|-heal|p2a: Annihilape|40\/100|[from] item: Leftovers\n|upkeep\n|turn|2\n|inactive|kaizerfattah has 30 seconds left.\n|\n|t:|1682586348\n|switch|p1a: Hariyama|Hariyama, L50, M|100\/100\n|move|p1b: Baxcalibur|Protect|p1b: Baxcalibur\n|-singleturn|p1b: Baxcalibur|Protect\n|move|p2b: Maushold|Follow Me|p2b: Maushold\n|-singleturn|p2b: Maushold|move: Follow Me\n|move|p2a: Annihilape|Drain Punch|p1a: Hariyama\n|-damage|p1a: Hariyama|72\/100\n|-heal|p2a: Annihilape|55\/100|[from] drain|[of] p1a: Hariyama\n|\n|-heal|p2a: Annihilape|62\/100|[from] item: Leftovers\n|-status|p1a: Hariyama|brn|[from] item: Flame Orb\n|upkeep\n|turn|3\n|\n|t:|1682586371\n|move|p2b: Maushold|Protect|p2b: Maushold\n|-singleturn|p2b: Maushold|Protect\n|move|p2a: Annihilape|Rage Fist|p1a: Hariyama\n|-damage|p1a: Hariyama|18\/100 brn\n|move|p1b: Baxcalibur|Glaive Rush|p2a: Annihilape\n|-damage|p2a: Annihilape|0 fnt\n|-singlemove|p1b: Baxcalibur|Glaive Rush|[silent]\n|faint|p2a: Annihilape\n|move|p1a: Hariyama|Close Combat|p2b: Maushold\n|-activate|p2b: Maushold|move: Protect\n|\n|-damage|p1a: Hariyama|12\/100 brn|[from] brn\n|upkeep\n|inactive|haha u rage quit has 30 seconds left.\n|\n|t:|1682586397\n|switch|p2a: Gholdengo|Gholdengo, L50|100\/100\n|turn|4\n|\n|t:|1682586416\n|switch|p2b: Arcanine|Arcanine, L50, M|100\/100\n|-ability|p2b: Arcanine|Intimidate|boost\n|-unboost|p1a: Hariyama|atk|1\n|-unboost|p1b: Baxcalibur|atk|1\n|switch|p1a: Chi-Yu|Chi-Yu, L50|100\/100\n|-ability|p1a: Chi-Yu|Beads of Ruin\n|move|p1b: Baxcalibur|Protect|p1b: Baxcalibur\n|-singleturn|p1b: Baxcalibur|Protect\n|move|p2a: Gholdengo|Make It Rain|p1a: Chi-Yu|[spread] p1a\n|-activate|p1b: Baxcalibur|move: Protect\n|-resisted|p1a: Chi-Yu\n|-damage|p1a: Chi-Yu|73\/100\n|-unboost|p2a: Gholdengo|spa|1\n|\n|upkeep\n|turn|5\n|inactive|kaizerfattah has 30 seconds left.\n|\n|t:|1682586446\n|switch|p2a: Maushold|Maushold-Four, L50|100\/100\n|move|p1a: Chi-Yu|Lava Plume|p2a: Maushold|[spread] p1b,p2a,p2b\n|-resisted|p1b: Baxcalibur\n|-resisted|p2b: Arcanine\n|-damage|p1b: Baxcalibur|31\/100\n|-damage|p2a: Maushold|57\/100\n|-damage|p2b: Arcanine|88\/100\n|-ability|p1b: Baxcalibur|Thermal Exchange|boost\n|-boost|p1b: Baxcalibur|atk|1\n|move|p2b: Arcanine|Close Combat|p1a: Chi-Yu\n|-supereffective|p1a: Chi-Yu\n|-damage|p1a: Chi-Yu|0 fnt\n|-unboost|p2b: Arcanine|def|1\n|-unboost|p2b: Arcanine|spd|1\n|faint|p1a: Chi-Yu\n|move|p1b: Baxcalibur|Glaive Rush|p2b: Arcanine\n|-damage|p2b: Arcanine|0 fnt\n|-singlemove|p1b: Baxcalibur|Glaive Rush|[silent]\n|faint|p2b: Arcanine\n|\n|upkeep\n|\n|t:|1682586464\n|switch|p1a: Farigiraf|Farigiraf, L50, M|100\/100\n|switch|p2b: Gholdengo|Gholdengo, L50|100\/100\n|turn|6\n|\n|t:|1682586488\n|move|p1b: Baxcalibur|Protect|p1b: Baxcalibur\n|-singleturn|p1b: Baxcalibur|Protect\n|move|p2a: Maushold|Super Fang|p1a: Farigiraf\n|-damage|p1a: Farigiraf|50\/100\n|move|p2b: Gholdengo|Nasty Plot|p2b: Gholdengo\n|-boost|p2b: Gholdengo|spa|2\n|move|p1a: Farigiraf|Trick Room|p1a: Farigiraf\n|-fieldstart|move: Trick Room|[of] p1a: Farigiraf\n|\n|upkeep\n|turn|7\n|\n|t:|1682586505\n|move|p2a: Maushold|Follow Me|p2a: Maushold\n|-singleturn|p2a: Maushold|move: Follow Me\n|move|p1a: Farigiraf|Shadow Ball|p2a: Maushold\n|-immune|p2a: Maushold\n|move|p1b: Baxcalibur|Glaive Rush|p2a: Maushold\n|-damage|p2a: Maushold|0 fnt\n|-singlemove|p1b: Baxcalibur|Glaive Rush|[silent]\n|faint|p2a: Maushold\n|move|p2b: Gholdengo|Make It Rain|p1b: Baxcalibur|[spread] p1a,p1b\n|-resisted|p1b: Baxcalibur\n|-damage|p1a: Farigiraf|0 fnt\n|-damage|p1b: Baxcalibur|0 fnt\n|-unboost|p2b: Gholdengo|spa|1\n|faint|p1a: Farigiraf\n|faint|p1b: Baxcalibur\n|\n|upkeep\n|\n|t:|1682586524\n|switch|p1a: Hariyama|Hariyama, L50, M|12\/100 brn\n|turn|8\n|\n|t:|1682586528\n|move|p2b: Gholdengo|Protect|p2b: Gholdengo\n|-singleturn|p2b: Gholdengo|Protect\n|move|p1a: Hariyama|Knock Off|p2b: Gholdengo\n|-activate|p2b: Gholdengo|move: Protect\n|\n|-damage|p1a: Hariyama|6\/100 brn|[from] brn\n|upkeep\n|turn|9\n|\n|t:|1682586542\n|move|p2b: Gholdengo|Protect||[still]\n|-fail|p2b: Gholdengo\n|move|p1a: Hariyama|Knock Off|p2b: Gholdengo\n|-supereffective|p2b: Gholdengo\n|-damage|p2b: Gholdengo|2\/100\n|-enditem|p2b: Gholdengo|Sitrus Berry|[from] move: Knock Off|[of] p1a: Hariyama\n|\n|-damage|p1a: Hariyama|0 fnt|[from] brn\n|faint|p1a: Hariyama\n|\n|win|haha u rage quit\n|upkeep\n|raw|kaizerfattah's rating: 1224 → 1204<\/strong> (-20 for losing)\n|raw|haha u rage quit's rating: 1297 → 1317<\/strong> (+20 for winning)\n","uploadtime":1682586572,"views":11,"p1id":"kaizerfattah","p2id":"hahauragequit","formatid":"gen9vgc2023regulationc","rating":1204,"private":0,"password":""}