{"id":"gen9vgc2023regulationc-1848453334","p1":"sauceconnoisseur","p2":"marinkitagawa3","format":"[Gen 9] VGC 2023 Regulation C","log":"|j|\u2606sauceconnoisseur\n|j|\u2606marinkitagawa3\n|t:|1682080005\n|gametype|doubles\n|player|p1|sauceconnoisseur|1|1378\n|player|p2|marinkitagawa3|beauty-gen4dp|1428\n|teamsize|p1|6\n|teamsize|p2|6\n|gen|9\n|tier|[Gen 9] VGC 2023 Regulation C\n|rated|\n|rule|Species Clause: Limit one of each Pok\u00e9mon\n|rule|Item Clause: Limit one of each item\n|clearpoke\n|poke|p1|Maushold, L50|\n|poke|p1|Annihilape, L50, F|\n|poke|p1|Amoonguss, L50, M|\n|poke|p1|Flutter Mane, L50|\n|poke|p1|Talonflame, L50, M|\n|poke|p1|Palafin, L50, F|\n|poke|p2|Dondozo, L50, M|\n|poke|p2|Tatsugiri, L50, M|\n|poke|p2|Corviknight, L50, M|\n|poke|p2|Ting-Lu, L50|\n|poke|p2|Glimmora, L50, F|\n|poke|p2|Flutter Mane, L50|\n|teampreview|4\nsauceconnoisseur has agreed to open team sheets.\n|\n|t:|1682080035\n|start\n|switch|p1a: Maushold|Maushold, L50|100\/100\n|switch|p1b: Palafin|Palafin, L50, F|100\/100\n|switch|p2a: Glimmora|Glimmora, L50, F|100\/100\n|switch|p2b: Corviknight|Corviknight, L50, M, shiny|100\/100\n|turn|1\n|\n|t:|1682080041\n|detailschange|p1b: Palafin|Palafin-Hero, L50, F\n|switch|p1b: Ape 2.0|Annihilape, L50, F|100\/100\n|-terastallize|p2a: Glimmora|Grass\n|move|p1a: Maushold|Beat Up|p1b: Ape 2.0\n|-damage|p1b: Ape 2.0|99\/100\n|-damage|p1b: Ape 2.0|97\/100\n|-damage|p1b: Ape 2.0|94\/100\n|-crit|p1b: Ape 2.0\n|-damage|p1b: Ape 2.0|91\/100\n|-hitcount|p1b: Ape 2.0|4\n|move|p2a: Glimmora|Mortal Spin|p1b: Ape 2.0|[spread] p1a,p1b\n|-resisted|p1b: Ape 2.0\n|-damage|p1a: Maushold|96\/100\n|-damage|p1b: Ape 2.0|90\/100\n|-status|p1a: Maushold|psn\n|-status|p1b: Ape 2.0|psn\n|move|p2b: Corviknight|Tailwind|p2b: Corviknight\n|-sidestart|p2: marinkitagawa3|move: Tailwind\n|\n|-heal|p1b: Ape 2.0|96\/100 psn|[from] item: Leftovers\n|-damage|p1a: Maushold|83\/100 psn|[from] psn\n|-damage|p1b: Ape 2.0|84\/100 psn|[from] psn\n|upkeep\n|turn|2\n|\n|t:|1682080062\n|move|p1a: Maushold|Follow Me|p1a: Maushold\n|-singleturn|p1a: Maushold|move: Follow Me\n|move|p2a: Glimmora|Venoshock|p1a: Maushold\n|-damage|p1a: Maushold|7\/100 psn\n|move|p2b: Corviknight|Brave Bird|p1a: Maushold\n|-damage|p1a: Maushold|0 fnt\n|faint|p1a: Maushold\n|-damage|p2b: Corviknight|99\/100|[from] Recoil\n|move|p1b: Ape 2.0|Rage Fist|p2a: Glimmora\n|-damage|p2a: Glimmora|0 fnt\n|-activate|p2a: Glimmora|ability: Toxic Debris\n|-sidestart|p1: sauceconnoisseur|move: Toxic Spikes\n|faint|p2a: Glimmora\n|\n|-heal|p1b: Ape 2.0|90\/100 psn|[from] item: Leftovers\n|-damage|p1b: Ape 2.0|77\/100 psn|[from] psn\n|upkeep\n|\n|t:|1682080070\n|switch|p1a: Talonflame|Talonflame, L50, M|100\/100\n|switch|p2a: Dondozo|Dondozo, L50, M|100\/100\n|turn|3\n|\n|t:|1682080107\n|move|p1a: Talonflame|Tailwind|p1a: Talonflame\n|-sidestart|p1: sauceconnoisseur|move: Tailwind\n|move|p1b: Ape 2.0|Rage Fist|p2a: Dondozo\n|-damage|p2a: Dondozo|17\/100\n|move|p2b: Corviknight|Brave Bird|p1b: Ape 2.0\n|-supereffective|p1b: Ape 2.0\n|-damage|p1b: Ape 2.0|6\/100 psn\n|-damage|p2b: Corviknight|74\/100|[from] Recoil\n|move|p2a: Dondozo|Substitute|p2a: Dondozo\n|-fail|p2a: Dondozo|move: Substitute|[weak]\n|\n|-heal|p1b: Ape 2.0|12\/100 psn|[from] item: Leftovers\n|-heal|p2a: Dondozo|23\/100|[from] item: Leftovers\n|-damage|p1b: Ape 2.0|0 fnt|[from] psn\n|faint|p1b: Ape 2.0\n|upkeep\n|\n|t:|1682080118\n|switch|p1b: Palafin|Palafin-Hero, L50, F|100\/100\n|-status|p1b: Palafin|psn\n|-activate|p1b: Palafin|ability: Zero to Hero\n|turn|4\n|\n|t:|1682080168\n|switch|p2b: Tatsugiri|Tatsugiri, L50, M|100\/100\n|-activate|p2b: Tatsugiri|ability: Commander|[of] p2a: Dondozo\n|-boost|p2a: Dondozo|atk|2\n|-boost|p2a: Dondozo|spa|2\n|-boost|p2a: Dondozo|spe|2\n|-boost|p2a: Dondozo|def|2\n|-boost|p2a: Dondozo|spd|2\n|move|p1b: Palafin|Protect|p1b: Palafin\n|-singleturn|p1b: Palafin|Protect\n|move|p1a: Talonflame|Brave Bird|p2a: Dondozo\n|-damage|p2a: Dondozo|11\/100\n|-damage|p1a: Talonflame|95\/100|[from] Recoil\n|move|p2a: Dondozo|Order Up|p1a: Talonflame\n|-damage|p1a: Talonflame|37\/100\n|-boost|p2a: Dondozo|atk|1\n|\n|-heal|p2a: Dondozo|17\/100|[from] item: Leftovers\n|-damage|p1b: Palafin|88\/100 psn|[from] psn\n|-sideend|p2: marinkitagawa3|move: Tailwind\n|upkeep\n|turn|5\n|\n|t:|1682080197\n|-terastallize|p1a: Talonflame|Grass\n|move|p2a: Dondozo|Protect|p2a: Dondozo\n|-singleturn|p2a: Dondozo|Protect\n|move|p1a: Talonflame|Will-O-Wisp|p2a: Dondozo\n|-activate|p2a: Dondozo|move: Protect\n|move|p1b: Palafin|Haze|p1b: Palafin\n|-clearallboost\n|\n|-heal|p2a: Dondozo|23\/100|[from] item: Leftovers\n|-damage|p1b: Palafin|76\/100 psn|[from] psn\n|upkeep\n|turn|6\n|j| asasas1234\n|\n|t:|1682080220\n|move|p1a: Talonflame|Will-O-Wisp|p2a: Dondozo\n|-status|p2a: Dondozo|brn\n|move|p1b: Palafin|Wave Crash|p2a: Dondozo\n|-resisted|p2a: Dondozo\n|-damage|p2a: Dondozo|0 fnt\n|faint|p2a: Dondozo\n|-damage|p1b: Palafin|68\/100 psn|[from] Recoil\n|\n|-damage|p1b: Palafin|56\/100 psn|[from] psn\n|-sideend|p1: sauceconnoisseur|move: Tailwind\n|upkeep\n|\n|t:|1682080226\n|switch|p2a: Corviknight|Corviknight, L50, M, shiny|74\/100\n|turn|7\n|\n|t:|1682080259\n|move|p2b: Tatsugiri|Draco Meteor|p1b: Palafin|[miss]\n|-miss|p2b: Tatsugiri|p1b: Palafin\n|move|p1a: Talonflame|Brave Bird|p2b: Tatsugiri\n|-damage|p2b: Tatsugiri|31\/100\n|-damage|p1a: Talonflame|18\/100|[from] Recoil\n|move|p1b: Palafin|Wave Crash|p2a: Corviknight\n|-damage|p2a: Corviknight|9\/100\n|-damage|p1b: Palafin|34\/100 psn|[from] Recoil\n|move|p2a: Corviknight|Brave Bird|p1a: Talonflame\n|-supereffective|p1a: Talonflame\n|-damage|p1a: Talonflame|0 fnt\n|faint|p1a: Talonflame\n|-damage|p2a: Corviknight|4\/100|[from] Recoil\n|\n|-damage|p1b: Palafin|22\/100 psn|[from] psn\n|upkeep\n|turn|8\n|\n|t:|1682080281\n|move|p1b: Palafin|Jet Punch|p2a: Corviknight\n|-damage|p2a: Corviknight|0 fnt\n|faint|p2a: Corviknight\n|move|p2b: Tatsugiri|Draco Meteor|p1b: Palafin\n|-damage|p1b: Palafin|0 fnt\n|-unboost|p2b: Tatsugiri|spa|2\n|faint|p1b: Palafin\n|\n|win|marinkitagawa3\n|raw|sauceconnoisseur's rating: 1378 → 1361<\/strong> (-17 for losing)\n|raw|marinkitagawa3's rating: 1428 → 1445<\/strong> (+17 for winning)\n|l|\u2606marinkitagawa3\n","uploadtime":1682080302,"views":17,"p1id":"sauceconnoisseur","p2id":"marinkitagawa3","formatid":"gen9vgc2023regulationc","rating":1361,"private":0,"password":""}