{"id":"gen9vgc2023regulationc-1845962090","p1":"Rickinch","p2":"lmorais","format":"[Gen 9] VGC 2023 Regulation C","log":"|j|\u2606Rickinch\n|j|\u2606lmorais\n|t:|1681784366\n|gametype|doubles\n|player|p1|Rickinch|169|1097\n|player|p2|lmorais|102|1075\n|teamsize|p1|6\n|teamsize|p2|6\n|gen|9\n|tier|[Gen 9] VGC 2023 Regulation C\n|rated|\n|rule|Species Clause: Limit one of each Pok\u00e9mon\n|rule|Item Clause: Limit one of each item\n|clearpoke\n|poke|p1|Lucario, L50, F|\n|poke|p1|Chien-Pao, L50|\n|poke|p1|Iron Hands, L50|\n|poke|p1|Amoonguss, L50, F|\n|poke|p1|Scream Tail, L50|\n|poke|p1|Gothorita, L50, F|\n|poke|p2|Flutter Mane, L50|\n|poke|p2|Palafin, L50, M|\n|poke|p2|Amoonguss, L50, M|\n|poke|p2|Chien-Pao, L50|\n|poke|p2|Dragonite, L50, F|\n|poke|p2|Salamence, L50, F|\n|teampreview|4\n|\n|t:|1681784386\n|start\n|switch|p1a: Scream Tail|Scream Tail, L50, shiny|100\/100\n|switch|p1b: Gothorita|Gothorita, L50, F|100\/100\n|switch|p2a: Flutter Mane|Flutter Mane, L50|100\/100\n|switch|p2b: Salamence|Salamence, L50, F|100\/100\n|-ability|p2b: Salamence|Intimidate|boost\n|-unboost|p1a: Scream Tail|atk|1\n|-unboost|p1b: Gothorita|atk|1\n|-enditem|p2a: Flutter Mane|Booster Energy\n|-activate|p2a: Flutter Mane|ability: Protosynthesis|[fromitem]\n|-start|p2a: Flutter Mane|protosynthesisspa\n|turn|1\n|\n|t:|1681784415\n|-terastallize|p1b: Gothorita|Fairy\n|move|p2a: Flutter Mane|Shadow Ball|p1b: Gothorita\n|-damage|p1b: Gothorita|60\/100\n|-unboost|p1b: Gothorita|spd|1\n|move|p2b: Salamence|Dragon Pulse|p1b: Gothorita\n|-immune|p1b: Gothorita\n|move|p1a: Scream Tail|Perish Song|p1a: Scream Tail\n|-start|p1a: Scream Tail|perish3|[silent]\n|-start|p1b: Gothorita|perish3|[silent]\n|-start|p2a: Flutter Mane|perish3|[silent]\n|-start|p2b: Salamence|perish3|[silent]\n|-fieldactivate|move: Perish Song\n|move|p1b: Gothorita|Torment|p2a: Flutter Mane\n|-start|p2a: Flutter Mane|Torment\n|\n|-start|p2a: Flutter Mane|perish3\n|-start|p2b: Salamence|perish3\n|-start|p1a: Scream Tail|perish3\n|-start|p1b: Gothorita|perish3\n|upkeep\n|turn|2\n|\n|t:|1681784443\n|move|p1a: Scream Tail|Protect|p1a: Scream Tail\n|-singleturn|p1a: Scream Tail|Protect\n|move|p1b: Gothorita|Protect|p1b: Gothorita\n|-singleturn|p1b: Gothorita|Protect\n|move|p2a: Flutter Mane|Dazzling Gleam|p1a: Scream Tail|[spread] \n|-activate|p1a: Scream Tail|move: Protect\n|-activate|p1b: Gothorita|move: Protect\n|move|p2b: Salamence|Rock Slide|p1a: Scream Tail|[spread] \n|-activate|p1a: Scream Tail|move: Protect\n|-activate|p1b: Gothorita|move: Protect\n|\n|-start|p2a: Flutter Mane|perish2\n|-start|p2b: Salamence|perish2\n|-start|p1a: Scream Tail|perish2\n|-start|p1b: Gothorita|perish2\n|upkeep\n|turn|3\n|\n|t:|1681784476\n|move|p2a: Flutter Mane|Thunderbolt|p1b: Gothorita\n|-damage|p1b: Gothorita|11\/100\n|move|p2b: Salamence|Rock Slide|p1a: Scream Tail|[spread] p1a\n|-miss|p2b: Salamence|p1b: Gothorita\n|-damage|p1a: Scream Tail|84\/100\n|-damage|p2b: Salamence|90\/100|[from] item: Life Orb\n|move|p1a: Scream Tail|Disable|p2b: Salamence\n|-start|p2b: Salamence|Disable|Rock Slide\n|move|p1b: Gothorita|Mirror Coat|p2a: Flutter Mane\n|-damage|p2a: Flutter Mane|0 fnt\n|faint|p2a: Flutter Mane\n|-end|p2a: Flutter Mane|Protosynthesis|[silent]\n|\n|-start|p2b: Salamence|perish1\n|-start|p1a: Scream Tail|perish1\n|-start|p1b: Gothorita|perish1\n|upkeep\n|\n|t:|1681784499\n|switch|p2a: Palafin|Palafin, L50, M|100\/100\n|turn|4\n|\n|t:|1681784510\n|-end|p1a: Scream Tail|Protosynthesis|[silent]\n|switch|p1a: Sumo San|Iron Hands, L50|100\/100\n|move|p1b: Gothorita|Protect|p1b: Gothorita\n|-singleturn|p1b: Gothorita|Protect\n|move|p2a: Palafin|Jet Punch|p1b: Gothorita\n|-activate|p1b: Gothorita|move: Protect\n|move|p2b: Salamence|Heat Wave|p1b: Gothorita|[spread] p1a\n|-activate|p1b: Gothorita|move: Protect\n|-damage|p1a: Sumo San|87\/100\n|-damage|p2b: Salamence|80\/100|[from] item: Life Orb\n|\n|-start|p2b: Salamence|perish0\n|-start|p1b: Gothorita|perish0\n|faint|p2b: Salamence\n|faint|p1b: Gothorita\n|upkeep\n|\n|t:|1681784525\n|switch|p2b: Chien-Pao|Chien-Pao, L50|100\/100\n|switch|p1b: Scream Tail|Scream Tail, L50, shiny|84\/100\n|-ability|p2b: Chien-Pao|Sword of Ruin\n|turn|5\n|\n|t:|1681784551\n|move|p2b: Chien-Pao|Ruination|p1a: Sumo San|[miss]\n|-miss|p2b: Chien-Pao|p1a: Sumo San\n|move|p2a: Palafin|Wave Crash|p1a: Sumo San\n|-damage|p1a: Sumo San|34\/100\n|-damage|p2a: Palafin|78\/100|[from] Recoil\n|move|p1b: Scream Tail|Howl|p1b: Scream Tail|[spread] p1a,p1b\n|-boost|p1a: Sumo San|atk|1\n|-boost|p1b: Scream Tail|atk|1\n|move|p1a: Sumo San|Thunder Punch|p2a: Palafin\n|-supereffective|p2a: Palafin\n|-damage|p2a: Palafin|0 fnt\n|faint|p2a: Palafin\n|\n|upkeep\n|turn|6\n|\n|t:|1681784569\n|move|p2b: Chien-Pao|Sucker Punch|p1a: Sumo San\n|-resisted|p1a: Sumo San\n|-damage|p1a: Sumo San|19\/100\n|move|p1b: Scream Tail|Disable|p2b: Chien-Pao\n|-start|p2b: Chien-Pao|Disable|Sucker Punch\n|move|p1a: Sumo San|Drain Punch|p2b: Chien-Pao\n|-supereffective|p2b: Chien-Pao\n|-enditem|p2b: Chien-Pao|Focus Sash\n|-damage|p2b: Chien-Pao|1\/100\n|-heal|p1a: Sumo San|52\/100|[from] drain|[of] p2b: Chien-Pao\n|\n|upkeep\n|turn|7\n|\n|t:|1681784583\n|-end|p1b: Scream Tail|Protosynthesis|[silent]\n|switch|p1b: Chien-Pao|Chien-Pao, L50|100\/100\n|-ability|p1b: Chien-Pao|Sword of Ruin\n|move|p2b: Chien-Pao|Ice Spinner|p1a: Sumo San\n|-damage|p1a: Sumo San|15\/100\n|move|p1a: Sumo San|Drain Punch|p2b: Chien-Pao\n|-supereffective|p2b: Chien-Pao\n|-damage|p2b: Chien-Pao|0 fnt\n|-heal|p1a: Sumo San|16\/100|[from] drain|[of] p2b: Chien-Pao\n|faint|p2b: Chien-Pao\n|\n|win|Rickinch\n|raw|Rickinch's rating: 1097 → 1121<\/strong> (+24 for winning)\n|raw|lmorais's rating: 1075 → 1055<\/strong> (-20 for losing)\n|l|\u2606lmorais\n","uploadtime":1681784603,"views":9,"p1id":"rickinch","p2id":"lmorais","formatid":"gen9vgc2023regulationc","rating":1055,"private":0,"password":""}