{"id":"gen9vgc2023regulationc-1851611424","p1":"b(R)2","p2":"coolsword16","format":"[Gen 9] VGC 2023 Regulation C","log":"|j|\u2606b(R)2\n|j|\u2606coolsword16\n|t:|1682461061\n|gametype|doubles\n|player|p1|b(R)2|169|1265\n|player|p2|coolsword16|170|1246\n|teamsize|p1|6\n|teamsize|p2|6\n|gen|9\n|tier|[Gen 9] VGC 2023 Regulation C\n|rated|\n|rule|Species Clause: Limit one of each Pok\u00e9mon\n|rule|Item Clause: Limit one of each item\n|clearpoke\n|poke|p1|Glimmora, L50, F|\n|poke|p1|Tyranitar, L50, M|\n|poke|p1|Amoonguss, L50, M|\n|poke|p1|Ting-Lu, L50|\n|poke|p1|Gholdengo, L50|\n|poke|p1|Great Tusk, L50|\n|poke|p2|Farigiraf, L50, F|\n|poke|p2|Hariyama, L50, F|\n|poke|p2|Dragonite, L50, F|\n|poke|p2|Pachirisu, L50, M|\n|poke|p2|Tsareena, L50, F|\n|poke|p2|Azumarill, L50, F|\n|teampreview|4\nb(R)2 rejected open team sheets.\n|\n|t:|1682461081\n|start\n|switch|p1a: Glimmora|Glimmora, L50, F|100\/100\n|switch|p1b: Tyranitar|Tyranitar, L50, M|100\/100\n|switch|p2a: Lady Kubwa|Farigiraf, L50, F|100\/100\n|switch|p2b: Suki|Hariyama, L50, F|100\/100\n|-weather|Sandstorm|[from] ability: Sand Stream|[of] p1b: Tyranitar\n|turn|1\n|\n|t:|1682461103\n|-terastallize|p1b: Tyranitar|Flying\n|move|p2b: Suki|Wide Guard|p2b: Suki\n|-singleturn|p2b: Suki|Wide Guard\n|move|p1b: Tyranitar|Crunch|p2a: Lady Kubwa\n|-supereffective|p2a: Lady Kubwa\n|-damage|p2a: Lady Kubwa|20\/100\n|-unboost|p2a: Lady Kubwa|def|1\n|move|p1a: Glimmora|Mortal Spin|p2b: Suki|[spread] \n|-activate|p2a: Lady Kubwa|move: Wide Guard\n|-activate|p2b: Suki|move: Wide Guard\n|move|p2a: Lady Kubwa|Trick Room|p2a: Lady Kubwa\n|-fieldstart|move: Trick Room|[of] p2a: Lady Kubwa\n|\n|-weather|Sandstorm|[upkeep]\n|-damage|p2b: Suki|95\/100|[from] Sandstorm\n|-damage|p2a: Lady Kubwa|14\/100|[from] Sandstorm\n|-damage|p1b: Tyranitar|95\/100|[from] Sandstorm\n|-heal|p1b: Tyranitar|100\/100|[from] item: Leftovers\n|-status|p2b: Suki|brn|[from] item: Flame Orb\n|upkeep\n|turn|2\n|\n|t:|1682461140\n|move|p2b: Suki|Knock Off|p1b: Tyranitar\n|-damage|p1b: Tyranitar|59\/100\n|-enditem|p1b: Tyranitar|Leftovers|[from] move: Knock Off|[of] p2b: Suki\n|move|p2a: Lady Kubwa|Psychic|p1a: Glimmora\n|-supereffective|p1a: Glimmora\n|-damage|p1a: Glimmora|52\/100\n|move|p1a: Glimmora|Mortal Spin|p2b: Suki|[spread] p2a,p2b\n|-damage|p2a: Lady Kubwa|8\/100\n|-damage|p2b: Suki|90\/100 brn\n|-status|p2a: Lady Kubwa|psn\n|move|p1b: Tyranitar|Crunch|p2a: Lady Kubwa\n|-supereffective|p2a: Lady Kubwa\n|-damage|p2a: Lady Kubwa|0 fnt\n|faint|p2a: Lady Kubwa\n|\n|-weather|Sandstorm|[upkeep]\n|-damage|p2b: Suki|85\/100 brn|[from] Sandstorm\n|-damage|p1b: Tyranitar|53\/100|[from] Sandstorm\n|-damage|p2b: Suki|79\/100 brn|[from] brn\n|upkeep\n|\n|t:|1682461160\n|switch|p2a: Big Bertha|Dragonite, L50, F|100\/100\n|turn|3\n|\n|t:|1682461176\n|-terastallize|p2a: Big Bertha|Normal\n|move|p2a: Big Bertha|Extreme Speed|p1b: Tyranitar\n|-damage|p1b: Tyranitar|15\/100\n|move|p2b: Suki|Close Combat|p1a: Glimmora\n|-damage|p1a: Glimmora|0 fnt\n|-unboost|p2b: Suki|def|1\n|-unboost|p2b: Suki|spd|1\n|-activate|p1a: Glimmora|ability: Toxic Debris\n|-sidestart|p2: coolsword16|move: Toxic Spikes\n|faint|p1a: Glimmora\n|move|p1b: Tyranitar|Rock Slide|p2a: Big Bertha|[spread] p2a\n|-miss|p1b: Tyranitar|p2b: Suki\n|-damage|p2a: Big Bertha|88\/100\n|\n|-weather|Sandstorm|[upkeep]\n|-damage|p2b: Suki|73\/100 brn|[from] Sandstorm\n|-damage|p2a: Big Bertha|82\/100|[from] Sandstorm\n|-damage|p1b: Tyranitar|9\/100|[from] Sandstorm\n|-damage|p2b: Suki|67\/100 brn|[from] brn\n|upkeep\n|\n|t:|1682461195\n|switch|p1a: Amoonguss|Amoonguss, L50, M|100\/100\n|turn|4\n|\n|t:|1682461222\n|move|p1b: Tyranitar|Protect|p1b: Tyranitar\n|-singleturn|p1b: Tyranitar|Protect\n|move|p2a: Big Bertha|Extreme Speed|p1a: Amoonguss\n|-damage|p1a: Amoonguss|65\/100\n|-damage|p2a: Big Bertha|66\/100|[from] item: Rocky Helmet|[of] p1a: Amoonguss\n|move|p1a: Amoonguss|Spore|p2a: Big Bertha\n|-status|p2a: Big Bertha|slp|[from] move: Spore\n|move|p2b: Suki|Knock Off|p1b: Tyranitar\n|-activate|p1b: Tyranitar|move: Protect\n|\n|-weather|Sandstorm|[upkeep]\n|-damage|p1a: Amoonguss|59\/100|[from] Sandstorm\n|-damage|p2b: Suki|61\/100 brn|[from] Sandstorm\n|-damage|p2a: Big Bertha|60\/100 slp|[from] Sandstorm\n|-damage|p1b: Tyranitar|3\/100|[from] Sandstorm\n|-damage|p2b: Suki|55\/100 brn|[from] brn\n|upkeep\n|turn|5\n|\n|t:|1682461253\n|move|p1a: Amoonguss|Pollen Puff|p1b: Tyranitar\n|-heal|p1b: Tyranitar|53\/100\n|move|p2b: Suki|Close Combat|p1a: Amoonguss\n|-resisted|p1a: Amoonguss\n|-damage|p1a: Amoonguss|21\/100\n|-unboost|p2b: Suki|def|1\n|-unboost|p2b: Suki|spd|1\n|-damage|p2b: Suki|38\/100 brn|[from] item: Rocky Helmet|[of] p1a: Amoonguss\n|cant|p2a: Big Bertha|slp\n|move|p1b: Tyranitar|Crunch|p2b: Suki\n|-resisted|p2b: Suki\n|-damage|p2b: Suki|6\/100 brn\n|\n|-weather|none\n|-damage|p2b: Suki|0 fnt|[from] brn\n|faint|p2b: Suki\n|-fieldend|move: Trick Room\n|upkeep\n|\n|t:|1682461269\n|switch|p2b: Bubbie|Azumarill, L50, F|100\/100\n|-status|p2b: Bubbie|psn\n|turn|6\n|\n|t:|1682461284\n|move|p1b: Tyranitar|Crunch|p2a: Big Bertha\n|-damage|p2a: Big Bertha|27\/100 slp\n|cant|p2a: Big Bertha|slp\n|move|p2b: Bubbie|Liquidation|p1a: Amoonguss\n|-resisted|p1a: Amoonguss\n|-damage|p1a: Amoonguss|0 fnt\n|-damage|p2b: Bubbie|84\/100 psn|[from] item: Rocky Helmet|[of] p1a: Amoonguss\n|faint|p1a: Amoonguss\n|-damage|p2b: Bubbie|74\/100 psn|[from] item: Life Orb\n|\n|-damage|p2b: Bubbie|62\/100 psn|[from] psn\n|upkeep\n|\n|t:|1682461295\n|switch|p1a: Ting-Lu|Ting-Lu, L50|100\/100\n|-ability|p1a: Ting-Lu|Vessel of Ruin\n|turn|7\n|\n|t:|1682461333\n|-curestatus|p2a: Big Bertha|slp|[msg]\n|move|p2a: Big Bertha|Extreme Speed|p1b: Tyranitar\n|-damage|p1b: Tyranitar|15\/100\n|move|p1b: Tyranitar|Crunch|p2a: Big Bertha\n|-damage|p2a: Big Bertha|0 fnt\n|faint|p2a: Big Bertha\n|move|p2b: Bubbie|Play Rough|p1a: Ting-Lu\n|-supereffective|p1a: Ting-Lu\n|-damage|p1a: Ting-Lu|22\/100\n|-enditem|p1a: Ting-Lu|Aguav Berry|[eat]\n|-heal|p1a: Ting-Lu|55\/100|[from] item: Aguav Berry\n|-damage|p2b: Bubbie|52\/100 psn|[from] item: Life Orb\n|move|p1a: Ting-Lu|Heavy Slam|p2b: Bubbie\n|-damage|p2b: Bubbie|19\/100 psn\n|\n|-damage|p2b: Bubbie|7\/100 psn|[from] psn\n|upkeep\n|turn|8\n|\n|t:|1682461355\n|move|p2b: Bubbie|Aqua Jet|p1b: Tyranitar\n|-damage|p1b: Tyranitar|0 fnt\n|faint|p1b: Tyranitar\n|-damage|p2b: Bubbie|0 fnt|[from] item: Life Orb\n|faint|p2b: Bubbie\n|\n|win|b(R)2\n|raw|b(R)2's rating: 1265 → 1289<\/strong> (+24 for winning)\n|raw|coolsword16's rating: 1246 → 1222<\/strong> (-24 for losing)\n|l|\u2606coolsword16\n","uploadtime":1682461363,"views":11,"p1id":"br2","p2id":"coolsword16","formatid":"gen9vgc2023regulationc","rating":1222,"private":0,"password":""}