{"id":"gen9vgc2023regulationc-1845021890","p1":"tuxmux","p2":"Nid92","format":"[Gen 9] VGC 2023 Regulation C","log":"|j|\u2606tuxmux\n|j|\u2606Nid92\n|t:|1681674942\n|gametype|doubles\n|player|p1|tuxmux|170|1054\n|player|p2|Nid92|101|1000\n|teamsize|p1|6\n|teamsize|p2|6\n|gen|9\n|tier|[Gen 9] VGC 2023 Regulation C\n|rated|\n|rule|Species Clause: Limit one of each Pok\u00e9mon\n|rule|Item Clause: Limit one of each item\n|clearpoke\n|poke|p1|Chi-Yu, L50|\n|poke|p1|Meowscarada, L50, M|\n|poke|p1|Gholdengo, L50|\n|poke|p1|Talonflame, L50, M|\n|poke|p1|Vivillon, L50, M|\n|poke|p1|Gallade, L50, M|\n|poke|p2|Dragonite, L50, M|\n|poke|p2|Ting-Lu, L50|\n|poke|p2|Arcanine, L50, F|\n|poke|p2|Palafin, L50, F|\n|poke|p2|Annihilape, L50, M|\n|poke|p2|Flutter Mane, L50|\n|teampreview|4\n|\n|t:|1681674961\n|start\n|switch|p1a: Talonflame|Talonflame, L50, M|100\/100\n|switch|p1b: Vivillon|Vivillon, L50, M|100\/100\n|switch|p2a: Palafin|Palafin, L50, F|100\/100\n|switch|p2b: Ting-Lu|Ting-Lu, L50|100\/100\n|-ability|p2b: Ting-Lu|Vessel of Ruin\n|turn|1\n|\n|t:|1681674991\n|-terastallize|p2a: Palafin|Water\n|move|p1a: Talonflame|Protect|p1a: Talonflame\n|-singleturn|p1a: Talonflame|Protect\n|move|p2a: Palafin|Jet Punch|p1a: Talonflame\n|-activate|p1a: Talonflame|move: Protect\n|move|p1b: Vivillon|Sleep Powder|p2a: Palafin\n|-status|p2a: Palafin|slp|[from] move: Sleep Powder\n|move|p2b: Ting-Lu|Fissure|p1b: Vivillon\n|-immune|p1b: Vivillon\n|\n|upkeep\n|turn|2\n|\n|t:|1681675038\n|cant|p2a: Palafin|slp\n|move|p1a: Talonflame|Tailwind|p1a: Talonflame\n|-sidestart|p1: tuxmux|move: Tailwind\n|move|p1b: Vivillon|Sleep Powder|p2b: Ting-Lu\n|-status|p2b: Ting-Lu|slp|[from] move: Sleep Powder\n|cant|p2b: Ting-Lu|slp\n|\n|upkeep\n|turn|3\n|\n|t:|1681675055\n|-terastallize|p1a: Talonflame|Flying\n|cant|p2a: Palafin|slp\n|move|p1a: Talonflame|Brave Bird|p2a: Palafin\n|-damage|p2a: Palafin|22\/100 slp\n|-damage|p1a: Talonflame|68\/100|[from] Recoil\n|move|p1b: Vivillon|Pollen Puff|p2a: Palafin\n|-damage|p2a: Palafin|0 fnt\n|faint|p2a: Palafin\n|cant|p2b: Ting-Lu|slp\n|\n|upkeep\n|\n|t:|1681675071\n|switch|p2a: Dragonite|Dragonite, L50, M|100\/100\n|turn|4\n|\n|t:|1681675086\n|move|p1a: Talonflame|Protect|p1a: Talonflame\n|-singleturn|p1a: Talonflame|Protect\n|move|p2a: Dragonite|Extreme Speed|p1a: Talonflame\n|-activate|p1a: Talonflame|move: Protect\n|move|p1b: Vivillon|Sleep Powder|p2a: Dragonite\n|-status|p2a: Dragonite|slp|[from] move: Sleep Powder\n|cant|p2b: Ting-Lu|slp\n|\n|upkeep\n|turn|5\n|\n|t:|1681675130\n|cant|p2a: Dragonite|slp\n|move|p1a: Talonflame|Flare Blitz|p2a: Dragonite\n|-resisted|p2a: Dragonite\n|-damage|p2a: Dragonite|78\/100 slp\n|-damage|p1a: Talonflame|58\/100|[from] Recoil\n|move|p1b: Vivillon|Pollen Puff|p2a: Dragonite\n|-resisted|p2a: Dragonite\n|-damage|p2a: Dragonite|69\/100 slp\n|-curestatus|p2b: Ting-Lu|slp|[msg]\n|move|p2b: Ting-Lu|Heavy Slam|p1a: Talonflame\n|-damage|p1a: Talonflame|14\/100\n|\n|-sideend|p1: tuxmux|move: Tailwind\n|upkeep\n|turn|6\n|\n|t:|1681675152\n|cant|p2a: Dragonite|slp\n|move|p1a: Talonflame|Tailwind|p1a: Talonflame\n|-sidestart|p1: tuxmux|move: Tailwind\n|move|p1b: Vivillon|Pollen Puff|p1a: Talonflame\n|-heal|p1a: Talonflame|64\/100\n|move|p2b: Ting-Lu|Rock Tomb|p1b: Vivillon\n|-supereffective|p1b: Vivillon\n|-damage|p1b: Vivillon|4\/100\n|-unboost|p1b: Vivillon|spe|1\n|\n|upkeep\n|turn|7\n|\n|t:|1681675175\n|cant|p2a: Dragonite|slp\n|move|p1a: Talonflame|Brave Bird|p2a: Dragonite\n|-damage|p2a: Dragonite|9\/100 slp\n|-damage|p1a: Talonflame|38\/100|[from] Recoil\n|move|p1b: Vivillon|Sleep Powder|p2b: Ting-Lu\n|-status|p2b: Ting-Lu|slp|[from] move: Sleep Powder\n|cant|p2b: Ting-Lu|slp\n|\n|upkeep\n|turn|8\n|\n|t:|1681675192\n|-curestatus|p2a: Dragonite|slp|[msg]\n|move|p2a: Dragonite|Extreme Speed|p1b: Vivillon\n|-damage|p1b: Vivillon|0 fnt\n|faint|p1b: Vivillon\n|-damage|p2a: Dragonite|0 fnt|[from] item: Life Orb\n|faint|p2a: Dragonite\n|move|p1a: Talonflame|Brave Bird|p2b: Ting-Lu\n|-damage|p2b: Ting-Lu|67\/100 slp\n|-damage|p1a: Talonflame|19\/100|[from] Recoil\n|-curestatus|p2b: Ting-Lu|slp|[msg]\n|move|p2b: Ting-Lu|Rock Tomb|p1a: Talonflame|[miss]\n|-miss|p2b: Ting-Lu|p1a: Talonflame\n|\n|upkeep\n|\n|t:|1681675209\n|switch|p1b: Gholdengo|Gholdengo, L50|100\/100\n|switch|p2a: Annihilape|Annihilape, L50, M|100\/100\n|turn|9\n|\n|t:|1681675220\n|move|p1a: Talonflame|Protect|p1a: Talonflame\n|-singleturn|p1a: Talonflame|Protect\n|move|p1b: Gholdengo|Protect|p1b: Gholdengo\n|-singleturn|p1b: Gholdengo|Protect\n|move|p2a: Annihilape|Drain Punch|p1b: Gholdengo\n|-activate|p1b: Gholdengo|move: Protect\n|move|p2b: Ting-Lu|Rock Tomb|p1a: Talonflame\n|-activate|p1a: Talonflame|move: Protect\n|\n|-sideend|p1: tuxmux|move: Tailwind\n|upkeep\n|turn|10\n|\n|t:|1681675241\n|move|p1a: Talonflame|Tailwind|p1a: Talonflame\n|-sidestart|p1: tuxmux|move: Tailwind\n|move|p1b: Gholdengo|Nasty Plot|p1b: Gholdengo\n|-boost|p1b: Gholdengo|spa|2\n|move|p2a: Annihilape|Drain Punch|p1b: Gholdengo\n|-immune|p1b: Gholdengo\n|move|p2b: Ting-Lu|Rock Tomb|p1a: Talonflame\n|-supereffective|p1a: Talonflame\n|-damage|p1a: Talonflame|0 fnt\n|faint|p1a: Talonflame\n|\n|upkeep\n|\n|t:|1681675246\n|switch|p1a: Chi-Yu|Chi-Yu, L50|100\/100\n|-ability|p1a: Chi-Yu|Beads of Ruin\n|turn|11\n|\n|t:|1681675266\n|move|p1a: Chi-Yu|Ruination|p2b: Ting-Lu\n|-damage|p2b: Ting-Lu|34\/100\n|move|p1b: Gholdengo|Make It Rain|p2b: Ting-Lu|[spread] p2a,p2b\n|-damage|p2a: Annihilape|0 fnt\n|-damage|p2b: Ting-Lu|0 fnt\n|-unboost|p1b: Gholdengo|spa|1\n|faint|p2a: Annihilape\n|faint|p2b: Ting-Lu\n|-damage|p1b: Gholdengo|91\/100|[from] item: Life Orb\n|\n|win|tuxmux\n|raw|tuxmux's rating: 1054 → 1081<\/strong> (+27 for winning)\n|raw|Nid92's rating: 1000 → 1000<\/strong> (+0 for losing)\n","uploadtime":1681675279,"views":10,"p1id":"tuxmux","p2id":"nid92","formatid":"gen9vgc2023regulationc","rating":1000,"private":0,"password":""}