{"id":"gen9vgc2023regulationc-1846520869","p1":"BreloomVGC","p2":"WillieDangerously","format":"[Gen 9] VGC 2023 Regulation C","log":"|j|\u2606BreloomVGC\n|j|\u2606WillieDangerously\n|t:|1681847974\n|gametype|doubles\n|player|p1|BreloomVGC|pokemaniac|1240\n|player|p2|WillieDangerously|psychic-gen4|1183\n|teamsize|p1|6\n|teamsize|p2|6\n|gen|9\n|tier|[Gen 9] VGC 2023 Regulation C\n|rated|\n|rule|Species Clause: Limit one of each Pok\u00e9mon\n|rule|Item Clause: Limit one of each item\n|clearpoke\n|poke|p1|Ting-Lu, L50|\n|poke|p1|Amoonguss, L50, M|\n|poke|p1|Arcanine, L50, F|\n|poke|p1|Flutter Mane, L50|\n|poke|p1|Palafin, L50, M|\n|poke|p1|Baxcalibur, L50, F|\n|poke|p2|Gothitelle, L50, M|\n|poke|p2|Gyarados, L50, M|\n|poke|p2|Chi-Yu, L50|\n|poke|p2|Hariyama, L50, F|\n|poke|p2|Sandy Shocks, L50|\n|poke|p2|Flutter Mane, L50|\n|teampreview|4\n|inactive|Battle timer is ON: inactive players will automatically lose when time's up. (requested by BreloomVGC)\n|\n|t:|1681848028\n|start\n|switch|p1a: Ting-Lu|Ting-Lu, L50|100\/100\n|switch|p1b: Palafin|Palafin, L50, M|100\/100\n|switch|p2a: Gothitelle|Gothitelle, L50, M|100\/100\n|switch|p2b: Hariyama|Hariyama, L50, F|100\/100\n|-ability|p1a: Ting-Lu|Vessel of Ruin\n|turn|1\n|inactive|WillieDangerously has 30 seconds left.\n|\n|t:|1681848060\n|move|p2b: Hariyama|Fake Out|p1a: Ting-Lu\n|-damage|p1a: Ting-Lu|93\/100\n|move|p1b: Palafin|Wave Crash|p2a: Gothitelle\n|-damage|p2a: Gothitelle|51\/100\n|-damage|p1b: Palafin|86\/100|[from] Recoil\n|cant|p1a: Ting-Lu|flinch\n|move|p2a: Gothitelle|Trick Room|p2a: Gothitelle\n|-fieldstart|move: Trick Room|[of] p2a: Gothitelle\n|\n|-heal|p2a: Gothitelle|57\/100|[from] item: Leftovers\n|-status|p2b: Hariyama|brn|[from] item: Flame Orb\n|upkeep\n|turn|2\n|inactive|WillieDangerously has 30 seconds left.\n|l|\u2606BreloomVGC\n|inactive|BreloomVGC disconnected and has a minute to reconnect!\n|player|p1|\n|inactive|WillieDangerously has 20 seconds left.\n|inactive|WillieDangerously has 15 seconds left.\n|\n|t:|1681848100\n|move|p2b: Hariyama|Drain Punch|p1a: Ting-Lu\n|-supereffective|p1a: Ting-Lu\n|-damage|p1a: Ting-Lu|20\/100\n|move|p1a: Ting-Lu|Fissure|p2b: Hariyama\n|-damage|p2b: Hariyama|0 fnt\n|faint|p2b: Hariyama\n|-ohko\n|move|p2a: Gothitelle|Charm|p1b: Palafin\n|-unboost|p1b: Palafin|atk|2\n|move|p1b: Palafin|Wave Crash|p2a: Gothitelle\n|-damage|p2a: Gothitelle|29\/100\n|-damage|p1b: Palafin|78\/100|[from] Recoil\n|\n|-heal|p2a: Gothitelle|36\/100|[from] item: Leftovers\n|upkeep\n|j|\u2606BreloomVGC\n|inactive|BreloomVGC reconnected.\n|player|p1|BreloomVGC|pokemaniac\n|l|\u2606BreloomVGC\n|inactive|BreloomVGC disconnected and has a minute to reconnect!\n|player|p1|\n|\n|t:|1681848120\n|switch|p2b: Gyarados|Gyarados, L50, M|100\/100\n|-ability|p2b: Gyarados|Intimidate|boost\n|-unboost|p1a: Ting-Lu|atk|1\n|-unboost|p1b: Palafin|atk|1\n|turn|3\n|j|\u2606BreloomVGC\n|inactive|BreloomVGC reconnected and has 50 seconds left.\n|player|p1|BreloomVGC|pokemaniac\n|inactive|WillieDangerously has 30 seconds left.\n|\n|t:|1681848146\n|move|p2a: Gothitelle|Protect|p2a: Gothitelle\n|-singleturn|p2a: Gothitelle|Protect\n|move|p1b: Palafin|Protect|p1b: Palafin\n|-singleturn|p1b: Palafin|Protect\n|move|p1a: Ting-Lu|Stomping Tantrum|p2a: Gothitelle\n|-activate|p2a: Gothitelle|move: Protect\n|move|p2b: Gyarados|Waterfall|p1a: Ting-Lu\n|-supereffective|p1a: Ting-Lu\n|-damage|p1a: Ting-Lu|0 fnt\n|faint|p1a: Ting-Lu\n|\n|-heal|p2a: Gothitelle|42\/100|[from] item: Leftovers\n|upkeep\n|\n|t:|1681848151\n|switch|p1a: Arcanine|Arcanine, L50, F|100\/100\n|-ability|p1a: Arcanine|Intimidate|boost\n|-unboost|p2a: Gothitelle|atk|1\n|-unboost|p2b: Gyarados|atk|1\n|turn|4\n|inactive|WillieDangerously has 30 seconds left.\n|inactive|WillieDangerously has 20 seconds left.\n|inactive|WillieDangerously has 15 seconds left.\n|inactive|WillieDangerously has 10 seconds left.\n|inactive|WillieDangerously has 5 seconds left.\n|\n|t:|1681848201\n|move|p2a: Gothitelle|Charm|p1b: Palafin\n|-unboost|p1b: Palafin|atk|2\n|move|p1b: Palafin|Wave Crash|p2a: Gothitelle\n|-damage|p2a: Gothitelle|28\/100\n|-damage|p1b: Palafin|74\/100|[from] Recoil\n|move|p1a: Arcanine|Flare Blitz|p2a: Gothitelle\n|-damage|p2a: Gothitelle|0 fnt\n|faint|p2a: Gothitelle\n|-damage|p1a: Arcanine|92\/100|[from] Recoil\n|move|p2b: Gyarados|Waterfall|p1a: Arcanine\n|-supereffective|p1a: Arcanine\n|-damage|p1a: Arcanine|32\/100\n|\n|-heal|p1a: Arcanine|38\/100|[from] item: Leftovers\n|upkeep\n|\n|t:|1681848218\n|switch|p2a: Flutter Mane|Flutter Mane, L50|100\/100\n|-enditem|p2a: Flutter Mane|Booster Energy\n|-activate|p2a: Flutter Mane|ability: Protosynthesis|[fromitem]\n|-start|p2a: Flutter Mane|protosynthesisspe\n|turn|5\n|inactive|WillieDangerously has 30 seconds left.\n|inactive|WillieDangerously has 20 seconds left.\n|inactive|WillieDangerously has 15 seconds left.\n|inactive|WillieDangerously has 10 seconds left.\n|\n|t:|1681848265\n|move|p1b: Palafin|Protect|p1b: Palafin\n|-singleturn|p1b: Palafin|Protect\n|move|p2a: Flutter Mane|Protect|p2a: Flutter Mane\n|-singleturn|p2a: Flutter Mane|Protect\n|move|p1a: Arcanine|Will-O-Wisp|p2b: Gyarados\n|-status|p2b: Gyarados|brn\n|move|p2b: Gyarados|Thunder Wave|p1b: Palafin\n|-activate|p1b: Palafin|move: Protect\n|\n|-heal|p1a: Arcanine|44\/100|[from] item: Leftovers\n|-damage|p2b: Gyarados|95\/100 brn|[from] brn\n|-fieldend|move: Trick Room\n|upkeep\n|turn|6\n|\n|t:|1681848284\n|detailschange|p1b: Palafin|Palafin-Hero, L50, M\n|switch|p1b: Flutter Mane|Flutter Mane, L50|100\/100\n|-enditem|p1b: Flutter Mane|Booster Energy\n|-activate|p1b: Flutter Mane|ability: Protosynthesis|[fromitem]\n|-start|p1b: Flutter Mane|protosynthesisspa\n|-terastallize|p2a: Flutter Mane|Fairy\n|move|p2a: Flutter Mane|Dazzling Gleam|p1b: Flutter Mane|[spread] p1a,p1b\n|-resisted|p1a: Arcanine\n|-damage|p1a: Arcanine|21\/100\n|-damage|p1b: Flutter Mane|55\/100\n|move|p2b: Gyarados|Waterfall|p1a: Arcanine\n|-supereffective|p1a: Arcanine\n|-damage|p1a: Arcanine|0 fnt\n|faint|p1a: Arcanine\n|\n|-damage|p2b: Gyarados|89\/100 brn|[from] brn\n|upkeep\n|\n|t:|1681848296\n|switch|p1a: Palafin|Palafin-Hero, L50, M|74\/100\n|-activate|p1a: Palafin|ability: Zero to Hero\n|turn|7\n|\n|t:|1681848307\n|-terastallize|p1a: Palafin|Water\n|move|p2a: Flutter Mane|Protect|p2a: Flutter Mane\n|-singleturn|p2a: Flutter Mane|Protect\n|move|p1b: Flutter Mane|Protect|p1b: Flutter Mane\n|-singleturn|p1b: Flutter Mane|Protect\n|move|p1a: Palafin|Jet Punch|p2a: Flutter Mane\n|-activate|p2a: Flutter Mane|move: Protect\n|move|p2b: Gyarados|Thunder Wave|p1a: Palafin\n|-status|p1a: Palafin|par\n|\n|-damage|p2b: Gyarados|83\/100 brn|[from] brn\n|upkeep\n|turn|8\n|inactive|WillieDangerously has 30 seconds left.\n|\n|t:|1681848338\n|move|p1a: Palafin|Jet Punch|p2a: Flutter Mane\n|-crit|p2a: Flutter Mane\n|-damage|p2a: Flutter Mane|0 fnt\n|faint|p2a: Flutter Mane\n|-end|p2a: Flutter Mane|Protosynthesis|[silent]\n|move|p1b: Flutter Mane|Shadow Ball|p2b: Gyarados\n|-damage|p2b: Gyarados|21\/100 brn\n|move|p2b: Gyarados|Waterfall|p1b: Flutter Mane\n|-damage|p1b: Flutter Mane|32\/100\n|\n|-damage|p2b: Gyarados|15\/100 brn|[from] brn\n|upkeep\n|turn|9\n|-message|WillieDangerously forfeited.\n|\n|win|BreloomVGC\n|raw|BreloomVGC's rating: 1240 → 1261<\/strong> (+21 for winning)\n|raw|WillieDangerously's rating: 1183 → 1162<\/strong> (-21 for losing)\n","uploadtime":1681848346,"views":6,"p1id":"breloomvgc","p2id":"williedangerously","formatid":"gen9vgc2023regulationc","rating":1162,"private":0,"password":""}