{"id":"gen9vgc2023regulationc-1856358877","p1":"IamDragonn","p2":"DoctorTW","format":"[Gen 9] VGC 2023 Regulation C","log":"|j|\u2606IamDragonn\n|j|\u2606DoctorTW\n|t:|1683053926\n|gametype|doubles\n|player|p1|IamDragonn|plasmagrunt-gen5bw|1128\n|player|p2|DoctorTW|scientist-gen4dp|1209\n|teamsize|p1|6\n|teamsize|p2|6\n|gen|9\n|tier|[Gen 9] VGC 2023 Regulation C\n|rated|\n|rule|Species Clause: Limit one of each Pok\u00e9mon\n|rule|Item Clause: Limit one of each item\n|clearpoke\n|poke|p1|Tyranitar, L50, M|\n|poke|p1|Annihilape, L50, F|\n|poke|p1|Primeape, L50, M|\n|poke|p1|Flutter Mane, L50|\n|poke|p1|Arcanine, L50, F|\n|poke|p1|Haxorus, L50, M|\n|poke|p2|Glimmora, L50, F|\n|poke|p2|Iron Hands, L50|\n|poke|p2|Palafin, L50, M|\n|poke|p2|Skeledirge, L50, F|\n|poke|p2|Ting-Lu, L50|\n|poke|p2|Wo-Chien, L50|\n|teampreview|4\n|inactive|Battle timer is ON: inactive players will automatically lose when time's up. (requested by IamDragonn)\n|inactive|DoctorTW has 60 seconds left.\n|\n|t:|1683053960\n|start\n|switch|p1a: Annihilape|Annihilape, L50, F|100\/100\n|switch|p1b: Primeape|Primeape, L50, M|100\/100\n|switch|p2a: Glimmora|Glimmora, L50, F|100\/100\n|switch|p2b: Iron Hands|Iron Hands, L50|100\/100\n|turn|1\n|\n|t:|1683053980\n|move|p2b: Iron Hands|Fake Out|p1b: Primeape\n|-damage|p1b: Primeape|86\/100\n|cant|p1b: Primeape|flinch\n|move|p1a: Annihilape|Substitute|p1a: Annihilape\n|-start|p1a: Annihilape|Substitute\n|-damage|p1a: Annihilape|76\/100\n|move|p2a: Glimmora|Mortal Spin|p1a: Annihilape|[spread] p1a,p1b\n|-resisted|p1a: Annihilape\n|-activate|p1a: Annihilape|move: Substitute|[damage]\n|-damage|p1b: Primeape|83\/100\n|-status|p1b: Primeape|psn\n|\n|-heal|p1a: Annihilape|82\/100|[from] item: Leftovers\n|-damage|p1b: Primeape|71\/100 psn|[from] psn\n|upkeep\n|turn|2\n|inactive|IamDragonn has 30 seconds left.\n|\n|t:|1683054010\n|move|p1b: Primeape|Leer|p2a: Glimmora|[spread] p2a,p2b\n|-unboost|p2a: Glimmora|def|1\n|-unboost|p2b: Iron Hands|def|1\n|move|p1a: Annihilape|Drain Punch|p2a: Glimmora\n|-damage|p2a: Glimmora|52\/100\n|-heal|p1a: Annihilape|100\/100|[from] drain|[of] p2a: Glimmora\n|-activate|p2a: Glimmora|ability: Toxic Debris\n|-sidestart|p1: IamDragonn|move: Toxic Spikes\n|move|p2a: Glimmora|Venoshock|p1b: Primeape\n|-crit|p1b: Primeape\n|-damage|p1b: Primeape|0 fnt\n|faint|p1b: Primeape\n|move|p2b: Iron Hands|Thunder Punch|p1a: Annihilape\n|-end|p1a: Annihilape|Substitute\n|\n|upkeep\n|\n|t:|1683054025\n|switch|p1b: Flutter Mane|Flutter Mane, L50|100\/100\n|-status|p1b: Flutter Mane|psn\n|-enditem|p1b: Flutter Mane|Booster Energy\n|-activate|p1b: Flutter Mane|ability: Protosynthesis|[fromitem]\n|-start|p1b: Flutter Mane|protosynthesisspe\n|turn|3\n|inactive|IamDragonn has 30 seconds left.\n|\n|t:|1683054051\n|-terastallize|p2b: Iron Hands|Flying\n|move|p2a: Glimmora|Spiky Shield|p2a: Glimmora\n|-singleturn|p2a: Glimmora|move: Protect\n|move|p1b: Flutter Mane|Moonblast|p2b: Iron Hands\n|-damage|p2b: Iron Hands|76\/100\n|move|p1a: Annihilape|Rage Fist|p2a: Glimmora\n|-activate|p2a: Glimmora|move: Protect\n|-damage|p1a: Annihilape|88\/100|[from] Spiky Shield|[of] p2a: Glimmora\n|move|p2b: Iron Hands|Thunder Punch|p1a: Annihilape\n|-damage|p1a: Annihilape|48\/100\n|-status|p1a: Annihilape|par\n|\n|-heal|p1a: Annihilape|54\/100 par|[from] item: Leftovers\n|-damage|p1b: Flutter Mane|88\/100 psn|[from] psn\n|upkeep\n|turn|4\n|inactive|IamDragonn has 30 seconds left.\n|inactive|IamDragonn has 20 seconds left.\n|inactive|IamDragonn has 15 seconds left.\n|\n|t:|1683054094\n|move|p1b: Flutter Mane|Moonblast|p2b: Iron Hands\n|-damage|p2b: Iron Hands|48\/100\n|move|p2a: Glimmora|Venoshock|p1b: Flutter Mane\n|-damage|p1b: Flutter Mane|5\/100 psn\n|move|p2b: Iron Hands|Volt Switch|p1a: Annihilape\n|-damage|p1a: Annihilape|43\/100 par\n|\n|t:|1683054102\n|-end|p2b: Iron Hands|Quark Drive|[silent]\n|switch|p2b: Ting-Lu|Ting-Lu, L50|100\/100|[from] Volt Switch\n|-ability|p2b: Ting-Lu|Vessel of Ruin\n|cant|p1a: Annihilape|par\n|\n|-heal|p1a: Annihilape|49\/100 par|[from] item: Leftovers\n|-damage|p1b: Flutter Mane|0 fnt|[from] psn\n|faint|p1b: Flutter Mane\n|-end|p1b: Flutter Mane|Protosynthesis|[silent]\n|upkeep\n|\n|t:|1683054111\n|switch|p1b: Haxorus|Haxorus, L50, M|100\/100\n|-status|p1b: Haxorus|psn\n|-ability|p1b: Haxorus|Mold Breaker\n|turn|5\n|\n|t:|1683054130\n|move|p2a: Glimmora|Spiky Shield|p2a: Glimmora\n|-singleturn|p2a: Glimmora|move: Protect\n|move|p1b: Haxorus|Trailblaze|p2b: Ting-Lu\n|-supereffective|p2b: Ting-Lu\n|-damage|p2b: Ting-Lu|81\/100\n|-boost|p1b: Haxorus|spe|1\n|-enditem|p2b: Ting-Lu|Weakness Policy\n|-boost|p2b: Ting-Lu|atk|2|[from] item: Weakness Policy\n|-boost|p2b: Ting-Lu|spa|2|[from] item: Weakness Policy\n|move|p2b: Ting-Lu|Payback|p1b: Haxorus\n|-damage|p1b: Haxorus|0 fnt\n|faint|p1b: Haxorus\n|move|p1a: Annihilape|Drain Punch|p2b: Ting-Lu\n|-supereffective|p2b: Ting-Lu\n|-damage|p2b: Ting-Lu|38\/100\n|-heal|p1a: Annihilape|77\/100 par|[from] drain|[of] p2b: Ting-Lu\n|\n|-heal|p1a: Annihilape|83\/100 par|[from] item: Leftovers\n|upkeep\n|turn|6\n|\n|t:|1683054153\n|move|p2a: Glimmora|Venoshock|p1a: Annihilape\n|-resisted|p1a: Annihilape\n|-damage|p1a: Annihilape|72\/100 par\n|move|p2b: Ting-Lu|Payback|p1a: Annihilape\n|-crit|p1a: Annihilape\n|-damage|p1a: Annihilape|14\/100 par\n|move|p1a: Annihilape|Rage Fist|p2a: Glimmora\n|-damage|p2a: Glimmora|0 fnt\n|-activate|p2a: Glimmora|ability: Toxic Debris\n|-sidestart|p1: IamDragonn|move: Toxic Spikes\n|faint|p2a: Glimmora\n|\n|-heal|p1a: Annihilape|20\/100 par|[from] item: Leftovers\n|upkeep\n|\n|t:|1683054165\n|switch|p2a: Skeledirge|Skeledirge, L50, F|100\/100\n|turn|7\n|\n|t:|1683054170\n|move|p2b: Ting-Lu|Protect|p2b: Ting-Lu\n|-singleturn|p2b: Ting-Lu|Protect\n|move|p1a: Annihilape|Protect|p1a: Annihilape\n|-singleturn|p1a: Annihilape|Protect\n|move|p2a: Skeledirge|Shadow Ball|p1a: Annihilape\n|-activate|p1a: Annihilape|move: Protect\n|\n|-heal|p1a: Annihilape|26\/100 par|[from] item: Leftovers\n|upkeep\n|turn|8\n|\n|t:|1683054181\n|move|p2a: Skeledirge|Shadow Ball|p1a: Annihilape\n|-supereffective|p1a: Annihilape\n|-damage|p1a: Annihilape|0 fnt\n|faint|p1a: Annihilape\n|\n|win|DoctorTW\n|raw|IamDragonn's rating: 1128 → 1109<\/strong> (-19 for losing)\n|raw|DoctorTW's rating: 1209 → 1228<\/strong> (+19 for winning)\n|l|\u2606IamDragonn\n","uploadtime":1683054192,"views":9,"p1id":"iamdragonn","p2id":"doctortw","formatid":"gen9vgc2023regulationc","rating":1109,"private":0,"password":""}