{"id":"gen9vgc2023regulationc-1845049523","p1":"HasoonVGC","p2":"Ragnar92","format":"[Gen 9] VGC 2023 Regulation C","log":"|j|\u2606HasoonVGC\n|j|\u2606Ragnar92\n|t:|1681677848\n|gametype|doubles\n|player|p1|HasoonVGC|266|1229\n|player|p2|Ragnar92|170|1267\n|teamsize|p1|6\n|teamsize|p2|6\n|gen|9\n|tier|[Gen 9] VGC 2023 Regulation C\n|rated|\n|rule|Species Clause: Limit one of each Pok\u00e9mon\n|rule|Item Clause: Limit one of each item\n|clearpoke\n|poke|p1|Girafarig, L50, M|\n|poke|p1|Hatterene, L50, F|\n|poke|p1|Mudsdale, L50, M|\n|poke|p1|Torkoal, L50, M|\n|poke|p1|Palafin, L50, F|\n|poke|p1|Amoonguss, L50, M|\n|poke|p2|Annihilape, L50, M|\n|poke|p2|Scizor, L50, M|\n|poke|p2|Palafin, L50, F|\n|poke|p2|Arcanine, L50, M|\n|poke|p2|Sandy Shocks, L50|\n|poke|p2|Chien-Pao, L50|\n|teampreview|4\n|inactive|Battle timer is ON: inactive players will automatically lose when time's up. (requested by HasoonVGC)\n|\n|t:|1681677897\n|start\n|switch|p1a: Girafarig|Girafarig, L50, M, shiny|100\/100\n|switch|p1b: Hatterene|Hatterene, L50, F|100\/100\n|switch|p2a: Arcanine|Arcanine, L50, M|100\/100\n|switch|p2b: Palafin|Palafin, L50, F|100\/100\n|-ability|p2a: Arcanine|Intimidate|boost\n|-fail|p1a: Girafarig|unboost|Attack|[from] ability: Inner Focus|[of] p1a: Girafarig\n|-unboost|p1b: Hatterene|atk|1\n|turn|1\n|\n|t:|1681677911\n|move|p2a: Arcanine|Snarl|p1a: Girafarig|[spread] p1a,p1b\n|-supereffective|p1a: Girafarig\n|-damage|p1a: Girafarig|82\/100\n|-damage|p1b: Hatterene|90\/100\n|-unboost|p1a: Girafarig|spa|1\n|-unboost|p1b: Hatterene|spa|1\n|move|p2b: Palafin|Flip Turn|p1a: Girafarig\n|-damage|p1a: Girafarig|67\/100\n|\n|t:|1681677920\n|detailschange|p2b: Palafin|Palafin-Hero, L50, F\n|switch|p2b: Annihilape|Annihilape, L50, M|100\/100|[from] Flip Turn\n|move|p1b: Hatterene|Psychic|p2a: Arcanine\n|-damage|p2a: Arcanine|52\/100\n|-damage|p1b: Hatterene|80\/100|[from] item: Life Orb\n|move|p1a: Girafarig|Trick Room|p1a: Girafarig\n|-fieldstart|move: Trick Room|[of] p1a: Girafarig\n|\n|upkeep\n|turn|2\n|\n|t:|1681677937\n|switch|p1b: Mudsdale|Mudsdale, L50, M|100\/100\n|-terastallize|p2b: Annihilape|Fire\n|move|p1a: Girafarig|Psychic|p2a: Arcanine\n|-damage|p2a: Arcanine|32\/100\n|-enditem|p2a: Arcanine|Sitrus Berry|[eat]\n|-heal|p2a: Arcanine|57\/100|[from] item: Sitrus Berry\n|move|p2b: Annihilape|Bulk Up|p2b: Annihilape\n|-boost|p2b: Annihilape|atk|1\n|-boost|p2b: Annihilape|def|1\n|move|p2a: Arcanine|Snarl|p1a: Girafarig|[spread] p1a,p1b\n|-supereffective|p1a: Girafarig\n|-damage|p1a: Girafarig|46\/100\n|-damage|p1b: Mudsdale|94\/100\n|-unboost|p1a: Girafarig|spa|1\n|-unboost|p1b: Mudsdale|spa|1\n|\n|upkeep\n|turn|3\n|\n|t:|1681677956\n|move|p1a: Girafarig|Ally Switch|p1a: Girafarig\n|swap|p1a: Girafarig|1|[from] move: Ally Switch\n|move|p1a: Mudsdale|Fissure|p2b: Annihilape|[miss]\n|-miss|p1a: Mudsdale|p2b: Annihilape\n|move|p2b: Annihilape|Bulk Up|p2b: Annihilape\n|-boost|p2b: Annihilape|atk|1\n|-boost|p2b: Annihilape|def|1\n|move|p2a: Arcanine|Will-O-Wisp|p1b: Girafarig\n|-status|p1b: Girafarig|brn\n|\n|-damage|p1b: Girafarig|40\/100 brn|[from] brn\n|upkeep\n|turn|4\n|\n|t:|1681677977\n|switch|p1b: Hatterene|Hatterene, L50, F|80\/100\n|move|p1a: Mudsdale|Stomping Tantrum|p2a: Arcanine\n|-supereffective|p2a: Arcanine\n|-damage|p2a: Arcanine|0 fnt\n|faint|p2a: Arcanine\n|move|p2b: Annihilape|Drain Punch|p1a: Mudsdale\n|-damage|p1a: Mudsdale|44\/100\n|\n|upkeep\n|\n|t:|1681677988\n|switch|p2a: Palafin|Palafin-Hero, L50, F|100\/100\n|-activate|p2a: Palafin|ability: Zero to Hero\n|turn|5\n|\n|t:|1681677996\n|switch|p1b: Torkoal|Torkoal, L50, M|100\/100\n|-weather|SunnyDay|[from] ability: Drought|[of] p1b: Torkoal\n|move|p2a: Palafin|Protect|p2a: Palafin\n|-singleturn|p2a: Palafin|Protect\n|move|p1a: Mudsdale|Fissure|p2b: Annihilape|[miss]\n|-miss|p1a: Mudsdale|p2b: Annihilape\n|move|p2b: Annihilape|Bulk Up|p2b: Annihilape\n|-boost|p2b: Annihilape|atk|1\n|-boost|p2b: Annihilape|def|1\n|\n|-weather|SunnyDay|[upkeep]\n|-fieldend|move: Trick Room\n|upkeep\n|turn|6\n|inactive|HasoonVGC has 30 seconds left.\n|\n|t:|1681678026\n|switch|p1a: Girafarig|Girafarig, L50, M, shiny|40\/100 brn\n|move|p1b: Torkoal|Protect|p1b: Torkoal\n|-singleturn|p1b: Torkoal|Protect\n|move|p2a: Palafin|Wave Crash|p1a: Girafarig\n|-damage|p1a: Girafarig|11\/100 brn\n|-damage|p2a: Palafin|92\/100|[from] Recoil\n|move|p2b: Annihilape|Drain Punch|p1b: Torkoal\n|-activate|p1b: Torkoal|move: Protect\n|\n|-weather|SunnyDay|[upkeep]\n|-damage|p1a: Girafarig|5\/100 brn|[from] brn\n|upkeep\n|turn|7\n|inactive|HasoonVGC has 30 seconds left.\n|\n|t:|1681678059\n|move|p1b: Torkoal|Protect||[still]\n|-fail|p1b: Torkoal\n|move|p1a: Girafarig|Ally Switch|p1a: Girafarig\n|swap|p1a: Girafarig|1|[from] move: Ally Switch\n|move|p2a: Palafin|Flip Turn|p1a: Torkoal\n|-supereffective|p1a: Torkoal\n|-damage|p1a: Torkoal|65\/100\n|-message|HasoonVGC forfeited.\n|\n|win|Ragnar92\n|raw|HasoonVGC's rating: 1229 → 1207<\/strong> (-22 for losing)\n|raw|Ragnar92's rating: 1267 → 1289<\/strong> (+22 for winning)\n|l|\u2606HasoonVGC\n","uploadtime":1681678079,"views":5,"p1id":"hasoonvgc","p2id":"ragnar92","formatid":"gen9vgc2023regulationc","rating":1207,"private":0,"password":""}