{"id":"gen9vgc2023regulationc-1863176023","p1":"ErPaoletto","p2":"MiraKhxlifx","format":"[Gen 9] VGC 2023 Regulation C","log":"|j|\u2606ErPaoletto\n|j|\u2606MiraKhxlifx\n|t:|1683984037\n|gametype|doubles\n|player|p1|ErPaoletto|265|1065\n|player|p2|MiraKhxlifx|dawn|1103\n|teamsize|p1|6\n|teamsize|p2|6\n|gen|9\n|tier|[Gen 9] VGC 2023 Regulation C\n|rated|\n|rule|Species Clause: Limit one of each Pok\u00e9mon\n|rule|Item Clause: Limit one of each item\n|clearpoke\n|poke|p1|Dudunsparce-*, L50, M|\n|poke|p1|Jumpluff, L50, M|\n|poke|p1|Indeedee-F, L50, F|\n|poke|p1|Armarouge, L50, F|\n|poke|p1|Iron Bundle, L50|\n|poke|p1|Sawsbuck-Winter, L50, F|\n|poke|p2|Weavile, L50, F|\n|poke|p2|Chien-Pao, L50|\n|poke|p2|Glaceon, L50, M|\n|poke|p2|Scizor, L50, F|\n|poke|p2|Abomasnow, L50, F|\n|poke|p2|Frosmoth, L50, F|\n|teampreview|4\n|inactive|Battle timer is ON: inactive players will automatically lose when time's up. (requested by ErPaoletto)\n|inactive|ErPaoletto has 60 seconds left.\n|\n|t:|1683984085\n|start\n|switch|p1a: Indeedee|Indeedee-F, L50, F|100\/100\n|switch|p1b: Armarouge|Armarouge, L50, F|100\/100\n|switch|p2a: Weavile|Weavile, L50, F|100\/100\n|switch|p2b: Abomasnow|Abomasnow, L50, F|100\/100\n|-ability|p2a: Weavile|Pressure\n|-fieldstart|move: Psychic Terrain|[from] ability: Psychic Surge|[of] p1a: Indeedee\n|-weather|Snow|[from] ability: Snow Warning|[of] p2b: Abomasnow\n|turn|1\n|inactive|ErPaoletto has 30 seconds left.\n|inactive|ErPaoletto has 20 seconds left.\n|inactive|ErPaoletto has 15 seconds left.\n|inactive|ErPaoletto has 10 seconds left.\n|inactive|ErPaoletto has 5 seconds left.\n|\n|t:|1683984135\n|-terastallize|p2a: Weavile|Dark\n|move|p2a: Weavile|Foul Play|p1b: Armarouge\n|-supereffective|p1b: Armarouge\n|-damage|p1b: Armarouge|59\/100\n|-ability|p1b: Armarouge|Weak Armor|boost\n|-unboost|p1b: Armarouge|def|1\n|-boost|p1b: Armarouge|spe|2\n|-enditem|p1b: Armarouge|Weakness Policy\n|-boost|p1b: Armarouge|atk|2|[from] item: Weakness Policy\n|-boost|p1b: Armarouge|spa|2|[from] item: Weakness Policy\n|move|p1b: Armarouge|Armor Cannon|p2b: Abomasnow\n|-supereffective|p2b: Abomasnow\n|-damage|p2b: Abomasnow|0 fnt\n|-unboost|p1b: Armarouge|def|1\n|-unboost|p1b: Armarouge|spd|1\n|faint|p2b: Abomasnow\n|move|p1a: Indeedee|Trick Room|p1a: Indeedee\n|-fieldstart|move: Trick Room|[of] p1a: Indeedee\n|\n|-weather|Snow|[upkeep]\n|upkeep\n|\n|t:|1683984154\n|switch|p2b: Glaceon|Glaceon, L50, M|100\/100\n|turn|2\n|inactive|ErPaoletto has 30 seconds left.\n|\n|t:|1683984182\n|move|p1a: Indeedee|Follow Me|p1a: Indeedee\n|-singleturn|p1a: Indeedee|move: Follow Me\n|move|p2b: Glaceon|Blizzard|p1a: Indeedee|[spread] p1a,p1b\n|-resisted|p1b: Armarouge\n|-damage|p1a: Indeedee|50\/100\n|-damage|p1b: Armarouge|16\/100\n|-status|p1b: Armarouge|frz\n|cant|p1b: Armarouge|frz\n|move|p2a: Weavile|Foul Play|p1a: Indeedee\n|-supereffective|p1a: Indeedee\n|-damage|p1a: Indeedee|7\/100\n|\n|-weather|Snow|[upkeep]\n|upkeep\n|turn|3\n|inactive|ErPaoletto has 30 seconds left.\n|inactive|ErPaoletto has 20 seconds left.\n|\n|t:|1683984218\n|move|p2b: Glaceon|Blizzard|p1a: Indeedee|[spread] p1a,p1b\n|-resisted|p1b: Armarouge\n|-damage|p1a: Indeedee|0 fnt\n|-damage|p1b: Armarouge|0 fnt\n|faint|p1a: Indeedee\n|faint|p1b: Armarouge\n|move|p2a: Weavile|Foul Play|p1: Indeedee|[notarget]\n|-fail|p2a: Weavile\n|\n|-weather|Snow|[upkeep]\n|upkeep\n|\n|t:|1683984226\n|switch|p1b: Dudunsparce|Dudunsparce, L50, M, shiny|100\/100\n|switch|p1a: Iron Bundle|Iron Bundle, L50, shiny|100\/100\n|-enditem|p1a: Iron Bundle|Booster Energy\n|-activate|p1a: Iron Bundle|ability: Quark Drive|[fromitem]\n|-start|p1a: Iron Bundle|quarkdrivespe\n|turn|4\n|\n|t:|1683984248\n|-terastallize|p1b: Dudunsparce|Rock\n|move|p1a: Iron Bundle|Protect|p1a: Iron Bundle\n|-singleturn|p1a: Iron Bundle|Protect\n|move|p1b: Dudunsparce|Rock Slide|p2b: Glaceon|[spread] p2a,p2b\n|-supereffective|p2b: Glaceon\n|-damage|p2a: Weavile|55\/100\n|-damage|p2b: Glaceon|66\/100\n|cant|p2b: Glaceon|flinch\n|cant|p2a: Weavile|flinch\n|\n|-weather|Snow|[upkeep]\n|-heal|p2b: Glaceon|71\/100|[from] ability: Ice Body\n|upkeep\n|turn|5\n|\n|t:|1683984266\n|move|p1b: Dudunsparce|Rock Slide|p2a: Weavile|[spread] p2b\n|-miss|p1b: Dudunsparce|p2a: Weavile\n|-supereffective|p2b: Glaceon\n|-damage|p2b: Glaceon|39\/100\n|cant|p2b: Glaceon|flinch\n|move|p2a: Weavile|Foul Play|p1b: Dudunsparce\n|-damage|p1b: Dudunsparce|46\/100\n|move|p1a: Iron Bundle|Freeze-Dry|p2a: Weavile\n|-damage|p2a: Weavile|24\/100\n|\n|-weather|Snow|[upkeep]\n|-heal|p2b: Glaceon|45\/100|[from] ability: Ice Body\n|-fieldend|move: Trick Room\n|upkeep\n|turn|6\n|\n|t:|1683984288\n|move|p2a: Weavile|Ice Shard|p1b: Dudunsparce\n|-activate|p1b: Dudunsparce|move: Psychic Terrain\n|move|p1a: Iron Bundle|Hydro Pump|p2b: Glaceon\n|-damage|p2b: Glaceon|0 fnt\n|faint|p2b: Glaceon\n|move|p1b: Dudunsparce|Hyper Drill|p2a: Weavile\n|-damage|p2a: Weavile|0 fnt\n|faint|p2a: Weavile\n|\n|-weather|Snow|[upkeep]\n|upkeep\n|\n|t:|1683984302\n|switch|p2a: Scizor|Scizor, L50, F|100\/100\n|turn|7\n|\n|t:|1683984312\n|move|p1b: Dudunsparce|Protect|p1b: Dudunsparce\n|-singleturn|p1b: Dudunsparce|Protect\n|move|p1a: Iron Bundle|Icy Wind|p2a: Scizor\n|-resisted|p2a: Scizor\n|-damage|p2a: Scizor|82\/100\n|-unboost|p2a: Scizor|spe|1\n|move|p2a: Scizor|Trailblaze|p1a: Iron Bundle\n|-supereffective|p1a: Iron Bundle\n|-damage|p1a: Iron Bundle|35\/100\n|-boost|p2a: Scizor|spe|1\n|\n|-weather|Snow|[upkeep]\n|upkeep\n|turn|8\n|\n|t:|1683984335\n|move|p1a: Iron Bundle|Freeze-Dry|p2a: Scizor\n|-resisted|p2a: Scizor\n|-damage|p2a: Scizor|61\/100\n|move|p2a: Scizor|Trailblaze|p1a: Iron Bundle\n|-supereffective|p1a: Iron Bundle\n|-damage|p1a: Iron Bundle|0 fnt\n|-boost|p2a: Scizor|spe|1\n|faint|p1a: Iron Bundle\n|-end|p1a: Iron Bundle|Quark Drive|[silent]\n|move|p1b: Dudunsparce|Rock Slide|p2a: Scizor\n|-damage|p2a: Scizor|28\/100\n|\n|-weather|none\n|-fieldend|move: Psychic Terrain\n|upkeep\n|turn|9\n|\n|t:|1683984350\n|move|p2a: Scizor|Trailblaze|p1b: Dudunsparce\n|-supereffective|p1b: Dudunsparce\n|-damage|p1b: Dudunsparce|0 fnt\n|-boost|p2a: Scizor|spe|1\n|faint|p1b: Dudunsparce\n|\n|win|MiraKhxlifx\n|raw|ErPaoletto's rating: 1065 → 1047<\/strong> (-18 for losing)\n|raw|MiraKhxlifx's rating: 1103 → 1125<\/strong> (+22 for winning)\n|l|\u2606ErPaoletto\n","uploadtime":1683984365,"views":9,"p1id":"erpaoletto","p2id":"mirakhxlifx","formatid":"gen9vgc2023regulationc","rating":1047,"private":0,"password":""}