{"id":"gen9vgc2023regulationc-1855974458","p1":"TheFlareDude","p2":"niunuin","format":"[Gen 9] VGC 2023 Regulation C","log":"|j|\u2606TheFlareDude\n|j|\u2606niunuin\n|t:|1683010242\n|gametype|doubles\n|player|p1|TheFlareDude|hilbert|1102\n|player|p2|niunuin|101|1000\n|teamsize|p1|6\n|teamsize|p2|6\n|gen|9\n|tier|[Gen 9] VGC 2023 Regulation C\n|rated|\n|rule|Species Clause: Limit one of each Pok\u00e9mon\n|rule|Item Clause: Limit one of each item\n|clearpoke\n|poke|p1|Arcanine, L50, M|\n|poke|p1|Palafin, L50, M|\n|poke|p1|Farigiraf, L50, M|\n|poke|p1|Ting-Lu, L50|\n|poke|p1|Gholdengo, L50|\n|poke|p1|Toxapex, L50, F|\n|poke|p2|Roaring Moon, L50|\n|poke|p2|Chien-Pao, L50|\n|poke|p2|Palafin, L50, F|\n|poke|p2|Amoonguss, L50, M|\n|poke|p2|Gyarados, L50, M|\n|poke|p2|Abomasnow, L50, F|\n|teampreview|4\n|inactive|Battle timer is ON: inactive players will automatically lose when time's up. (requested by TheFlareDude)\n|inactive|TheFlareDude has 60 seconds left.\n|inactive|niunuin has 60 seconds left.\n|\n|t:|1683010292\n|start\n|switch|p1a: Arcanine|Arcanine, L50, M, shiny|100\/100\n|switch|p1b: Ting-Lu|Ting-Lu, L50|100\/100\n|switch|p2a: Roaring Moon|Roaring Moon, L50|100\/100\n|switch|p2b: Palafin|Palafin, L50, F|100\/100\n|-ability|p1a: Arcanine|Intimidate|boost\n|-unboost|p2a: Roaring Moon|atk|1\n|-unboost|p2b: Palafin|atk|1\n|-ability|p1b: Ting-Lu|Vessel of Ruin\n|-enditem|p2a: Roaring Moon|Booster Energy\n|-activate|p2a: Roaring Moon|ability: Protosynthesis|[fromitem]\n|-start|p2a: Roaring Moon|protosynthesisspe\n|turn|1\n|\n|t:|1683010312\n|detailschange|p2b: Palafin|Palafin-Hero, L50, F\n|switch|p2b: Chien-Pao|Chien-Pao, L50|100\/100\n|-ability|p2b: Chien-Pao|Sword of Ruin\n|-terastallize|p2a: Roaring Moon|Flying\n|move|p2a: Roaring Moon|Acrobatics|p1a: Arcanine\n|-damage|p1a: Arcanine|41\/100\n|move|p1a: Arcanine|Will-O-Wisp|p2a: Roaring Moon\n|-status|p2a: Roaring Moon|brn\n|move|p1b: Ting-Lu|Fissure|p2b: Chien-Pao\n|-enditem|p2b: Chien-Pao|Focus Sash\n|-damage|p2b: Chien-Pao|1\/100\n|\n|-damage|p2a: Roaring Moon|94\/100 brn|[from] brn\n|upkeep\n|turn|2\n|inactive|TheFlareDude has 30 seconds left.\n|\n|t:|1683010339\n|switch|p1a: Gholdengo|Gholdengo, L50|100\/100\n|move|p2a: Roaring Moon|Acrobatics|p1a: Gholdengo\n|-resisted|p1a: Gholdengo\n|-damage|p1a: Gholdengo|83\/100\n|move|p2b: Chien-Pao|Ice Spinner|p1b: Ting-Lu\n|-supereffective|p1b: Ting-Lu\n|-damage|p1b: Ting-Lu|31\/100\n|move|p1b: Ting-Lu|Rock Slide|p2a: Roaring Moon|[spread] p2a\n|-miss|p1b: Ting-Lu|p2b: Chien-Pao\n|-supereffective|p2a: Roaring Moon\n|-damage|p2a: Roaring Moon|24\/100 brn\n|\n|-damage|p2a: Roaring Moon|18\/100 brn|[from] brn\n|upkeep\n|turn|3\n|inactive|TheFlareDude has 30 seconds left.\n|\n|t:|1683010373\n|move|p2a: Roaring Moon|Crunch|p1a: Gholdengo\n|-supereffective|p1a: Gholdengo\n|-damage|p1a: Gholdengo|36\/100\n|move|p1a: Gholdengo|Make It Rain|p2b: Chien-Pao|[spread] p2a,p2b\n|-supereffective|p2b: Chien-Pao\n|-damage|p2a: Roaring Moon|0 fnt\n|-damage|p2b: Chien-Pao|0 fnt\n|-unboost|p1a: Gholdengo|spa|1\n|faint|p2a: Roaring Moon\n|-end|p2a: Roaring Moon|Protosynthesis|[silent]\n|faint|p2b: Chien-Pao\n|move|p1b: Ting-Lu|Rock Slide|p2: Roaring Moon|[notarget]\n|-fail|p1b: Ting-Lu\n|\n|upkeep\n|\n|t:|1683010377\n|switch|p2b: Gyarados|Gyarados, L50, M|100\/100\n|switch|p2a: Palafin|Palafin-Hero, L50, F|100\/100\n|-activate|p2a: Palafin|ability: Zero to Hero\n|-ability|p2b: Gyarados|Intimidate|boost\n|-unboost|p1a: Gholdengo|atk|1\n|-unboost|p1b: Ting-Lu|atk|1\n|turn|4\n|\n|t:|1683010398\n|switch|p1a: Arcanine|Arcanine, L50, M, shiny|41\/100\n|-ability|p1a: Arcanine|Intimidate|boost\n|-unboost|p2a: Palafin|atk|1\n|-unboost|p2b: Gyarados|atk|1\n|move|p2a: Palafin|Jet Punch|p1b: Ting-Lu\n|-supereffective|p1b: Ting-Lu\n|-damage|p1b: Ting-Lu|1\/100\n|-enditem|p1b: Ting-Lu|Aguav Berry|[eat]\n|-heal|p1b: Ting-Lu|34\/100|[from] item: Aguav Berry\n|move|p2b: Gyarados|Waterfall|p1a: Arcanine\n|-supereffective|p1a: Arcanine\n|-damage|p1a: Arcanine|0 fnt\n|faint|p1a: Arcanine\n|move|p1b: Ting-Lu|Fissure|p2a: Palafin|[miss]\n|-miss|p1b: Ting-Lu|p2a: Palafin\n|\n|upkeep\n|\n|t:|1683010415\n|switch|p1a: Farigiraf|Farigiraf, L50, M, shiny|100\/100\n|turn|5\n|\n|t:|1683010424\n|move|p2a: Palafin|Jet Punch||[still]\n|cant|p1a: Farigiraf|ability: Armor Tail|Jet Punch|[of] p2a: Palafin\n|move|p2b: Gyarados|Taunt|p1a: Farigiraf\n|-start|p1a: Farigiraf|move: Taunt\n|move|p1a: Farigiraf|Future Sight|p2a: Palafin\n|-start|p1a: Farigiraf|move: Future Sight\n|move|p1b: Ting-Lu|Stomping Tantrum|p2a: Palafin\n|-damage|p2a: Palafin|56\/100\n|\n|-heal|p2a: Palafin|61\/100|[from] item: Leftovers\n|upkeep\n|turn|6\n|\n|t:|1683010447\n|move|p2a: Palafin|Drain Punch|p1b: Ting-Lu\n|-supereffective|p1b: Ting-Lu\n|-damage|p1b: Ting-Lu|10\/100\n|-heal|p2a: Palafin|77\/100|[from] drain|[of] p1b: Ting-Lu\n|move|p2b: Gyarados|Waterfall|p1b: Ting-Lu\n|-supereffective|p1b: Ting-Lu\n|-damage|p1b: Ting-Lu|0 fnt\n|faint|p1b: Ting-Lu\n|move|p1a: Farigiraf|Future Sight|p2b: Gyarados\n|-start|p1a: Farigiraf|move: Future Sight\n|\n|-heal|p2a: Palafin|83\/100|[from] item: Leftovers\n|upkeep\n|\n|t:|1683010457\n|switch|p1b: Gholdengo|Gholdengo, L50|36\/100\n|turn|7\n|\n|t:|1683010477\n|move|p2b: Gyarados|Helping Hand|p2a: Palafin\n|-singleturn|p2a: Palafin|Helping Hand|[of] p2b: Gyarados\n|move|p1b: Gholdengo|Shadow Ball|p2a: Palafin\n|-damage|p2a: Palafin|46\/100\n|move|p2a: Palafin|Drain Punch|p1a: Farigiraf\n|-damage|p1a: Farigiraf|67\/100\n|-heal|p2a: Palafin|64\/100|[from] drain|[of] p1a: Farigiraf\n|move|p1a: Farigiraf|Hyper Voice|p2b: Gyarados|[spread] p2a,p2b\n|-damage|p2a: Palafin|42\/100\n|-damage|p2b: Gyarados|81\/100\n|\n|-end|p2a: Palafin|move: Future Sight\n|-damage|p2a: Palafin|5\/100\n|-heal|p2a: Palafin|11\/100|[from] item: Leftovers\n|-heal|p1a: Farigiraf|74\/100|[from] item: Leftovers\n|-end|p1a: Farigiraf|move: Taunt\n|upkeep\n|turn|8\n|inactive|TheFlareDude has 30 seconds left.\n|\n|t:|1683010507\n|move|p2b: Gyarados|Helping Hand|p2a: Palafin\n|-singleturn|p2a: Palafin|Helping Hand|[of] p2b: Gyarados\n|move|p1a: Farigiraf|Ally Switch|p1a: Farigiraf\n|swap|p1a: Farigiraf|1|[from] move: Ally Switch\n|move|p1a: Gholdengo|Shadow Ball|p2a: Palafin\n|-damage|p2a: Palafin|0 fnt\n|faint|p2a: Palafin\n|\n|-end|p2b: Gyarados|move: Future Sight\n|-damage|p2b: Gyarados|45\/100\n|-heal|p1b: Farigiraf|80\/100|[from] item: Leftovers\n|upkeep\n|turn|9\n|-message|niunuin forfeited.\n|\n|win|TheFlareDude\n|raw|TheFlareDude's rating: 1102 → 1120<\/strong> (+18 for winning)\n|raw|niunuin's rating: 1000 → 1000<\/strong> (+0 for losing)\n|l|\u2606niunuin\n","uploadtime":1683010532,"views":19,"p1id":"theflaredude","p2id":"niunuin","formatid":"gen9vgc2023regulationc","rating":1000,"private":0,"password":""}