{"id":"gen9vgc2023regulationc-1848842669","p1":"drewzyyyy","p2":"Xepher008","format":"[Gen 9] VGC 2023 Regulation C","log":"|j|\u2606drewzyyyy\n|j|\u2606Xepher008\n|t:|1682116443\n|gametype|doubles\n|player|p1|drewzyyyy|juggler|1212\n|player|p2|Xepher008|2|1173\n|teamsize|p1|6\n|teamsize|p2|6\n|gen|9\n|tier|[Gen 9] VGC 2023 Regulation C\n|rated|\n|rule|Species Clause: Limit one of each Pok\u00e9mon\n|rule|Item Clause: Limit one of each item\n|clearpoke\n|poke|p1|Chien-Pao, L50|\n|poke|p1|Talonflame, L50, F|\n|poke|p1|Flutter Mane, L50|\n|poke|p1|Chi-Yu, L50|\n|poke|p1|Amoonguss, L50, M|\n|poke|p1|Palafin, L50, M|\n|poke|p2|Flutter Mane, L50|\n|poke|p2|Gastrodon, L50, M|\n|poke|p2|Chi-Yu, L50|\n|poke|p2|Chien-Pao, L50|\n|poke|p2|Dragonite, L50, F|\n|poke|p2|Amoonguss, L50, F|\n|teampreview|4\n|\n|t:|1682116477\n|start\n|switch|p1a: Flutter Mane|Flutter Mane, L50|100\/100\n|switch|p1b: Palafin|Palafin, L50, M|100\/100\n|switch|p2a: Chi-Yu|Chi-Yu, L50|100\/100\n|switch|p2b: Gastrodon|Gastrodon, L50, M|100\/100\n|-ability|p2a: Chi-Yu|Beads of Ruin\n|turn|1\n|inactive|Battle timer is ON: inactive players will automatically lose when time's up. (requested by Xepher008)\n|\n|t:|1682116503\n|detailschange|p1b: Palafin|Palafin-Hero, L50, M\n|switch|p1b: Amoonguss|Amoonguss, L50, M|100\/100\n|move|p1a: Flutter Mane|Dazzling Gleam|p2a: Chi-Yu|[spread] p2a,p2b\n|-damage|p2a: Chi-Yu|47\/100\n|-damage|p2b: Gastrodon|43\/100\n|move|p2a: Chi-Yu|Snarl|p1a: Flutter Mane|[spread] p1a,p1b\n|-damage|p1a: Flutter Mane|70\/100\n|-damage|p1b: Amoonguss|76\/100\n|-unboost|p1a: Flutter Mane|spa|1\n|-unboost|p1b: Amoonguss|spa|1\n|move|p2b: Gastrodon|Earth Power|p1b: Amoonguss\n|-damage|p1b: Amoonguss|30\/100\n|\n|upkeep\n|turn|2\n|inactive|drewzyyyy has 30 seconds left.\n|\n|t:|1682116529\n|-end|p1a: Flutter Mane|Protosynthesis|[silent]\n|switch|p1a: Palafin|Palafin-Hero, L50, M|100\/100\n|-activate|p1a: Palafin|ability: Zero to Hero\n|move|p2a: Chi-Yu|Snarl|p1b: Amoonguss|[spread] p1a,p1b\n|-damage|p1a: Palafin|66\/100\n|-damage|p1b: Amoonguss|6\/100\n|-unboost|p1a: Palafin|spa|1\n|-unboost|p1b: Amoonguss|spa|1\n|move|p2b: Gastrodon|Recover|p2b: Gastrodon\n|-heal|p2b: Gastrodon|93\/100\n|move|p1b: Amoonguss|Spore|p2a: Chi-Yu\n|-status|p2a: Chi-Yu|slp|[from] move: Spore\n|\n|upkeep\n|turn|3\n|inactive|drewzyyyy has 30 seconds left.\n|inactive|Xepher008 has 30 seconds left.\n|\n|t:|1682116562\n|switch|p2a: Amoonguss|Amoonguss, L50, F|100\/100\n|switch|p1b: Flutter Mane|Flutter Mane, L50|70\/100\n|move|p1a: Palafin|Close Combat|p2a: Amoonguss\n|-resisted|p2a: Amoonguss\n|-damage|p2a: Amoonguss|80\/100\n|-unboost|p1a: Palafin|def|1\n|-unboost|p1a: Palafin|spd|1\n|-damage|p1a: Palafin|49\/100|[from] item: Rocky Helmet|[of] p2a: Amoonguss\n|move|p2b: Gastrodon|Earth Power|p1b: Flutter Mane\n|-damage|p1b: Flutter Mane|28\/100\n|\n|upkeep\n|turn|4\n|inactive|drewzyyyy has 30 seconds left.\n|inactive|Xepher008 has 30 seconds left.\n|\n|t:|1682116590\n|move|p2a: Amoonguss|Rage Powder|p2a: Amoonguss\n|-singleturn|p2a: Amoonguss|move: Rage Powder\n|move|p1b: Flutter Mane|Energy Ball|p2a: Amoonguss\n|-resisted|p2a: Amoonguss\n|-damage|p2a: Amoonguss|71\/100\n|move|p1a: Palafin|Close Combat|p2a: Amoonguss\n|-resisted|p2a: Amoonguss\n|-damage|p2a: Amoonguss|48\/100\n|-unboost|p1a: Palafin|def|1\n|-unboost|p1a: Palafin|spd|1\n|-damage|p1a: Palafin|33\/100|[from] item: Rocky Helmet|[of] p2a: Amoonguss\n|move|p2b: Gastrodon|Earth Power|p1b: Flutter Mane\n|-damage|p1b: Flutter Mane|0 fnt\n|faint|p1b: Flutter Mane\n|-end|p1b: Flutter Mane|Protosynthesis|[silent]\n|\n|upkeep\n|\n|t:|1682116604\n|switch|p1b: Amoonguss|Amoonguss, L50, M|39\/100\n|turn|5\n|\n|t:|1682116624\n|switch|p1a: Chien-Pao|Chien-Pao, L50|100\/100\n|-ability|p1a: Chien-Pao|Sword of Ruin\n|move|p2a: Amoonguss|Rage Powder|p2a: Amoonguss\n|-singleturn|p2a: Amoonguss|move: Rage Powder\n|move|p2b: Gastrodon|Earth Power|p1a: Chien-Pao\n|-damage|p1a: Chien-Pao|33\/100\n|move|p1b: Amoonguss|Spore|p2b: Gastrodon\n|-activate|p2b: Gastrodon|item: Safety Goggles|Spore\n|\n|upkeep\n|turn|6\n|inactive|drewzyyyy has 30 seconds left.\n|\n|t:|1682116653\n|-terastallize|p1a: Chien-Pao|Dark\n|move|p2a: Amoonguss|Rage Powder|p2a: Amoonguss\n|-singleturn|p2a: Amoonguss|move: Rage Powder\n|move|p1b: Amoonguss|Rage Powder|p1b: Amoonguss\n|-singleturn|p1b: Amoonguss|move: Rage Powder\n|move|p1a: Chien-Pao|Sucker Punch||[still]\n|-fail|p1a: Chien-Pao\n|move|p2b: Gastrodon|Earth Power|p1a: Chien-Pao\n|-damage|p1a: Chien-Pao|0 fnt\n|faint|p1a: Chien-Pao\n|\n|upkeep\n|-message|drewzyyyy forfeited.\n|\n|win|Xepher008\n|raw|drewzyyyy's rating: 1212 → 1184<\/strong> (-28 for losing)\n|raw|Xepher008's rating: 1173 → 1201<\/strong> (+28 for winning)\n|l|\u2606drewzyyyy\n","uploadtime":1682116708,"views":7,"p1id":"drewzyyyy","p2id":"xepher008","formatid":"gen9vgc2023regulationc","rating":1184,"private":0,"password":""}