{"id":"gen9vgc2023regulationc-1849876857","p1":"a-person-person","p2":"LightnidoMcQueen","format":"[Gen 9] VGC 2023 Regulation C","log":"|j|\u2606a-person-person\n|j|\u2606LightnidoMcQueen\n|t:|1682263507\n|gametype|doubles\n|player|p1|a-person-person|266|\n|player|p2|LightnidoMcQueen|policeman-gen4|\n|teamsize|p1|6\n|teamsize|p2|6\n|gen|9\n|tier|[Gen 9] VGC 2023 Regulation C\n|rule|Species Clause: Limit one of each Pok\u00e9mon\n|rule|Item Clause: Limit one of each item\n|clearpoke\n|poke|p1|Chien-Pao, L50|\n|poke|p1|Gholdengo, L50|\n|poke|p1|Arcanine, L50, M|\n|poke|p1|Palafin, L50, F|\n|poke|p1|Dragonite, L50, F|\n|poke|p1|Amoonguss, L50, M|\n|poke|p2|Tyranitar, L50, F|\n|poke|p2|Lycanroc, L50, F|\n|poke|p2|Flutter Mane, L50|\n|poke|p2|Corviknight, L50, M|\n|poke|p2|Garchomp, L50, F|\n|poke|p2|Indeedee-F, L50, F|\n|teampreview|4\n|c|\u2606LightnidoMcQueen|Gl hf\n|c|\u2606a-person-person|gl\n|c|\u2606LightnidoMcQueen|is this a Bo1 or Bo3?\n|c|\u2606a-person-person|bo3\n|c|\u2606LightnidoMcQueen|Gotcha\nLightnidoMcQueen has agreed to open team sheets.\n|c|\u2606a-person-person|I think team sheets is only for playoffs\n|\n|t:|1682263579\n|start\n|switch|p1a: Palafin|Palafin, L50, F|100\/100\n|switch|p1b: Amoonguss|Amoonguss, L50, M|100\/100\n|switch|p2a: Corviknight|Corviknight, L50, M|100\/100\n|switch|p2b: Lycanroc|Lycanroc, L50, F|100\/100\n|-ability|p2a: Corviknight|Pressure\n|turn|1\n|\n|t:|1682263610\n|detailschange|p1a: Palafin|Palafin-Hero, L50, F\n|switch|p1a: Gholdengo|Gholdengo, L50|100\/100\n|move|p1b: Amoonguss|Protect|p1b: Amoonguss\n|-singleturn|p1b: Amoonguss|Protect\n|move|p2b: Lycanroc|Endeavor|p1b: Amoonguss\n|-activate|p1b: Amoonguss|move: Protect\n|move|p2a: Corviknight|Brave Bird|p1b: Amoonguss\n|-activate|p1b: Amoonguss|move: Protect\n|\n|upkeep\n|turn|2\n|\n|t:|1682263637\n|switch|p2b: Tyranitar|Tyranitar, L50, F|100\/100\n|-weather|Sandstorm|[from] ability: Sand Stream|[of] p2b: Tyranitar\n|switch|p1b: Arcanine|Arcanine, L50, M|100\/100\n|-ability|p1b: Arcanine|Intimidate|boost\n|-unboost|p2a: Corviknight|atk|1\n|-unboost|p2b: Tyranitar|atk|1\n|move|p1a: Gholdengo|Make It Rain|p2a: Corviknight|[spread] p2a,p2b\n|-resisted|p2a: Corviknight\n|-supereffective|p2b: Tyranitar\n|-crit|p2b: Tyranitar\n|-damage|p2a: Corviknight|72\/100\n|-damage|p2b: Tyranitar|5\/100\n|-unboost|p1a: Gholdengo|spa|1\n|-enditem|p2b: Tyranitar|Weakness Policy\n|-boost|p2b: Tyranitar|atk|2|[from] item: Weakness Policy\n|-boost|p2b: Tyranitar|spa|2|[from] item: Weakness Policy\n|move|p2a: Corviknight|Taunt|p1b: Arcanine\n|-start|p1b: Arcanine|move: Taunt\n|\n|-weather|Sandstorm|[upkeep]\n|upkeep\n|turn|3\n|\n|t:|1682263650\n|move|p2b: Tyranitar|Protect|p2b: Tyranitar\n|-singleturn|p2b: Tyranitar|Protect\n|move|p1b: Arcanine|Extreme Speed|p2b: Tyranitar\n|-activate|p2b: Tyranitar|move: Protect\n|move|p1a: Gholdengo|Nasty Plot|p1a: Gholdengo\n|-boost|p1a: Gholdengo|spa|2\n|move|p2a: Corviknight|Tailwind|p2a: Corviknight\n|-sidestart|p2: LightnidoMcQueen|move: Tailwind\n|\n|-weather|Sandstorm|[upkeep]\n|upkeep\n|turn|4\n|\n|t:|1682263668\n|move|p1b: Arcanine|Extreme Speed|p2b: Tyranitar\n|-resisted|p2b: Tyranitar\n|-damage|p2b: Tyranitar|0 fnt\n|faint|p2b: Tyranitar\n|move|p2a: Corviknight|Brave Bird|p1b: Arcanine\n|-damage|p1b: Arcanine|69\/100\n|-damage|p2a: Corviknight|64\/100|[from] Recoil\n|move|p1a: Gholdengo|Thunderbolt|p2a: Corviknight\n|-supereffective|p2a: Corviknight\n|-damage|p2a: Corviknight|0 fnt\n|faint|p2a: Corviknight\n|\n|-weather|Sandstorm|[upkeep]\n|-end|p1b: Arcanine|move: Taunt\n|upkeep\n|\n|t:|1682263670\n|switch|p2b: Flutter Mane|Flutter Mane, L50|100\/100\n|switch|p2a: Lycanroc|Lycanroc, L50, F|100\/100\n|turn|5\n|\n|t:|1682263685\n|-terastallize|p2b: Flutter Mane|Fire\n|move|p1b: Arcanine|Extreme Speed|p2a: Lycanroc\n|-resisted|p2a: Lycanroc\n|-damage|p2a: Lycanroc|85\/100\n|move|p2a: Lycanroc|Accelerock|p1b: Arcanine\n|-supereffective|p1b: Arcanine\n|-damage|p1b: Arcanine|19\/100\n|move|p2b: Flutter Mane|Mystical Fire|p1a: Gholdengo\n|-supereffective|p1a: Gholdengo\n|-damage|p1a: Gholdengo|21\/100\n|-unboost|p1a: Gholdengo|spa|1\n|-enditem|p1a: Gholdengo|Sitrus Berry|[eat]\n|-heal|p1a: Gholdengo|46\/100|[from] item: Sitrus Berry\n|move|p1a: Gholdengo|Make It Rain|p2b: Flutter Mane|[spread] p2a,p2b\n|-supereffective|p2a: Lycanroc\n|-resisted|p2b: Flutter Mane\n|-damage|p2a: Lycanroc|0 fnt\n|-damage|p2b: Flutter Mane|75\/100\n|-unboost|p1a: Gholdengo|spa|1\n|faint|p2a: Lycanroc\n|\n|-weather|Sandstorm|[upkeep]\n|upkeep\n|turn|6\n|\n|t:|1682263715\n|move|p1b: Arcanine|Extreme Speed|p2b: Flutter Mane\n|-damage|p2b: Flutter Mane|31\/100\n|move|p2b: Flutter Mane|Shadow Ball|p1b: Arcanine\n|-damage|p1b: Arcanine|0 fnt\n|faint|p1b: Arcanine\n|move|p1a: Gholdengo|Thunderbolt|p2b: Flutter Mane\n|-damage|p2b: Flutter Mane|7\/100\n|\n|-weather|none\n|-sideend|p2: LightnidoMcQueen|move: Tailwind\n|upkeep\n|\n|t:|1682263724\n|switch|p1b: Palafin|Palafin-Hero, L50, F|100\/100\n|-activate|p1b: Palafin|ability: Zero to Hero\n|turn|7\n|c|\u2606LightnidoMcQueen|Gg\n|c|\u2606a-person-person|gg\n|\n|t:|1682263737\n|move|p1b: Palafin|Jet Punch|p2b: Flutter Mane\n|-supereffective|p2b: Flutter Mane\n|-damage|p2b: Flutter Mane|0 fnt\n|faint|p2b: Flutter Mane\n|-end|p2b: Flutter Mane|Protosynthesis|[silent]\n|\n|win|a-person-person\n|l|\u2606LightnidoMcQueen\n","uploadtime":1682264661,"views":8,"p1id":"apersonperson","p2id":"lightnidomcqueen","formatid":"gen9vgc2023regulationc","rating":0,"private":0,"password":""}