{"id":"gen9vgc2023regulationc-1863192482","p1":"Quickfire93","p2":"Humanberrito 2.0","format":"[Gen 9] VGC 2023 Regulation C","log":"|j|\u2606Quickfire93\n|j|\u2606Humanberrito 2.0\n|t:|1683986341\n|gametype|doubles\n|player|p1|Quickfire93|richboy-gen4|\n|player|p2|Humanberrito 2.0|unknown|\n|teamsize|p1|6\n|teamsize|p2|6\n|gen|9\n|tier|[Gen 9] VGC 2023 Regulation C\n|rated|Tournament battle\n|rule|Species Clause: Limit one of each Pok\u00e9mon\n|rule|Item Clause: Limit one of each item\n|clearpoke\n|poke|p1|Great Tusk, L50|\n|poke|p1|Amoonguss, L50, F|\n|poke|p1|Iron Bundle, L50|\n|poke|p1|Ting-Lu, L50|\n|poke|p1|Flutter Mane, L50|\n|poke|p1|Chi-Yu, L50|\n|poke|p2|Flutter Mane, L50|\n|poke|p2|Ting-Lu, L50|\n|poke|p2|Arcanine, L50, M|\n|poke|p2|Palafin, L50, F|\n|poke|p2|Chien-Pao, L50|\n|poke|p2|Talonflame, L50, F|\n|teampreview|4\n|raw| Open Team Sheet for Quickfire93<\/summary>Horny Elephant (Great Tusk) @ Expert Belt Ability: Protosynthesis Level: 50 Hidden Power: Fighting Tera Type: Ground - Knock Off - Headlong Rush - Close Combat - Protect Sussy (Amoonguss) @ Aguav Berry Ability: Regenerator Level: 50 Shiny: Yes Tera Type: Water - Protect - Spore - Pollen Puff - Rage Powder I Love The Meta (Iron Bundle) @ Booster Energy Ability: Quark Drive Level: 50 Tera Type: Water - Protect - Icy Wind - Hydro Pump - Freeze-Dry Wolfey Glick (Ting-Lu) @ Assault Vest Ability: Vessel of Ruin Level: 50 Tera Type: Dark - Fissure - Stomping Tantrum - Heavy Slam - Rock Slide Mommy mane (Flutter Mane) @ Life Orb Ability: Protosynthesis Level: 50 Tera Type: Steel - Thunderbolt - Dazzling Gleam - Shadow Ball - Moonblast Gold Fish (Chi-Yu) @ Focus Sash Ability: Beads of Ruin Level: 50 Tera Type: Dark - Fire Blast - Dark Pulse - Tera Blast - Heat Wave <\/details><\/div> Open Team Sheet for Humanberrito 2.0<\/summary>Flutter Mane @ Choice Specs Ability: Protosynthesis Level: 50 Tera Type: Fairy - Moonblast - Shadow Ball - Dazzling Gleam - Energy Ball Ting-Lu @ Assault Vest Ability: Vessel of Ruin Level: 50 Tera Type: Steel - Fissure - Stomping Tantrum - Body Press - Mud-Slap Arcanine @ Safety Goggles Ability: Intimidate Level: 50 Tera Type: Ghost - Flare Blitz - Will-O-Wisp - Extreme Speed - Protect Palafin @ Mystic Water Ability: Zero to Hero Level: 50 Tera Type: Water - Jet Punch - Wave Crash - Haze - Protect Chien-Pao @ Focus Sash Ability: Sword of Ruin Level: 50 Tera Type: Ghost - Ice Spinner - Sucker Punch - Sacred Sword - Protect Talonflame @ Covert Cloak Ability: Gale Wings Level: 50 Tera Type: Fire - Brave Bird - Taunt - Will-O-Wisp - Tailwind <\/details><\/div>\n|inactive|Battle timer is ON: inactive players will automatically lose when time's up. (requested by Quickfire93)\n|inactive|Quickfire93 has 60 seconds left.\n|\n|t:|1683986376\n|start\n|switch|p1a: Wolfey Glick|Ting-Lu, L50|100\/100\n|switch|p1b: Sussy|Amoonguss, L50, F, shiny|100\/100\n|switch|p2a: Palafin|Palafin, L50, F|100\/100\n|switch|p2b: Talonflame|Talonflame, L50, F|100\/100\n|-ability|p1a: Wolfey Glick|Vessel of Ruin\n|turn|1\n|\n|t:|1683986390\n|detailschange|p2a: Palafin|Palafin-Hero, L50, F\n|switch|p2a: Flutter Mane|Flutter Mane, L50|100\/100\n|move|p2b: Talonflame|Taunt|p1b: Sussy\n|-start|p1b: Sussy|move: Taunt\n|move|p1a: Wolfey Glick|Rock Slide|p2b: Talonflame|[spread] \n|-miss|p1a: Wolfey Glick|p2a: Flutter Mane\n|-miss|p1a: Wolfey Glick|p2b: Talonflame\n|cant|p1b: Sussy|move: Taunt|Spore\n|\n|upkeep\n|turn|2\n|inactive|Humanberrito 2.0 has 30 seconds left.\n|\n|t:|1683986428\n|move|p2a: Flutter Mane|Dazzling Gleam|p1a: Wolfey Glick|[spread] p1a,p1b\n|-supereffective|p1a: Wolfey Glick\n|-resisted|p1b: Sussy\n|-damage|p1a: Wolfey Glick|75\/100\n|-damage|p1b: Sussy|86\/100\n|move|p2b: Talonflame|Will-O-Wisp|p1a: Wolfey Glick\n|-status|p1a: Wolfey Glick|brn\n|move|p1a: Wolfey Glick|Fissure|p2a: Flutter Mane|[miss]\n|-miss|p1a: Wolfey Glick|p2a: Flutter Mane\n|move|p1b: Sussy|Pollen Puff|p1a: Wolfey Glick\n|-heal|p1a: Wolfey Glick|100\/100 brn\n|\n|-damage|p1a: Wolfey Glick|94\/100 brn|[from] brn\n|upkeep\n|turn|3\n|\n|t:|1683986447\n|move|p2b: Talonflame|Tailwind|p2b: Talonflame\n|-sidestart|p2: Humanberrito 2.0|move: Tailwind\n|move|p2a: Flutter Mane|Dazzling Gleam|p1a: Wolfey Glick|[spread] p1a,p1b\n|-supereffective|p1a: Wolfey Glick\n|-crit|p1a: Wolfey Glick\n|-resisted|p1b: Sussy\n|-damage|p1a: Wolfey Glick|55\/100 brn\n|-damage|p1b: Sussy|73\/100\n|move|p1a: Wolfey Glick|Fissure|p2a: Flutter Mane\n|-damage|p2a: Flutter Mane|0 fnt\n|faint|p2a: Flutter Mane\n|-end|p2a: Flutter Mane|Protosynthesis|[silent]\n|-ohko\n|move|p1b: Sussy|Pollen Puff|p1a: Wolfey Glick\n|-heal|p1a: Wolfey Glick|100\/100 brn\n|\n|-damage|p1a: Wolfey Glick|94\/100 brn|[from] brn\n|-end|p1b: Sussy|move: Taunt\n|upkeep\n|\n|t:|1683986454\n|switch|p2a: Palafin|Palafin-Hero, L50, F|100\/100\n|-activate|p2a: Palafin|ability: Zero to Hero\n|turn|4\n|\n|t:|1683986478\n|-terastallize|p2a: Palafin|Water\n|move|p2b: Talonflame|Brave Bird|p1b: Sussy\n|-supereffective|p1b: Sussy\n|-damage|p1b: Sussy|2\/100\n|-enditem|p1b: Sussy|Aguav Berry|[eat]\n|-heal|p1b: Sussy|35\/100|[from] item: Aguav Berry\n|-damage|p2b: Talonflame|70\/100|[from] Recoil\n|move|p2a: Palafin|Wave Crash|p1a: Wolfey Glick\n|-supereffective|p1a: Wolfey Glick\n|-damage|p1a: Wolfey Glick|0 fnt\n|faint|p1a: Wolfey Glick\n|-damage|p2a: Palafin|57\/100|[from] Recoil\n|move|p1b: Sussy|Spore|p2a: Palafin\n|-status|p2a: Palafin|slp|[from] move: Spore\n|\n|upkeep\n|j| CyborgCrafter\n|\n|t:|1683986495\n|switch|p1a: Mommy mane|Flutter Mane, L50|100\/100\n|turn|5\n|\n|t:|1683986508\n|switch|p2a: Chien-Pao|Chien-Pao, L50|100\/100\n|-ability|p2a: Chien-Pao|Sword of Ruin\n|move|p1b: Sussy|Protect|p1b: Sussy\n|-singleturn|p1b: Sussy|Protect\n|move|p2b: Talonflame|Brave Bird|p1a: Mommy mane\n|-damage|p1a: Mommy mane|0 fnt\n|faint|p1a: Mommy mane\n|-end|p1a: Mommy mane|Protosynthesis|[silent]\n|-damage|p2b: Talonflame|44\/100|[from] Recoil\n|\n|upkeep\n|\n|t:|1683986519\n|switch|p1a: I Love The Meta|Iron Bundle, L50|100\/100\n|-enditem|p1a: I Love The Meta|Booster Energy\n|-activate|p1a: I Love The Meta|ability: Quark Drive|[fromitem]\n|-start|p1a: I Love The Meta|quarkdrivespa\n|turn|6\n|\n|t:|1683986542\n|-terastallize|p1a: I Love The Meta|Water\n|move|p2a: Chien-Pao|Ice Spinner|p1b: Sussy\n|-supereffective|p1b: Sussy\n|-damage|p1b: Sussy|0 fnt\n|faint|p1b: Sussy\n|move|p2b: Talonflame|Brave Bird|p1a: I Love The Meta\n|-damage|p1a: I Love The Meta|32\/100\n|-damage|p2b: Talonflame|27\/100|[from] Recoil\n|move|p1a: I Love The Meta|Hydro Pump|p2b: Talonflame\n|-supereffective|p2b: Talonflame\n|-damage|p2b: Talonflame|0 fnt\n|faint|p2b: Talonflame\n|\n|-sideend|p2: Humanberrito 2.0|move: Tailwind\n|upkeep\n|\n|t:|1683986550\n|switch|p2b: Palafin|Palafin-Hero, L50, F, tera:Water|57\/100 slp\n|turn|7\n|j| Justacasualbattler\n|\n|t:|1683986565\n|move|p2a: Chien-Pao|Sucker Punch|p1a: I Love The Meta\n|-damage|p1a: I Love The Meta|0 fnt\n|faint|p1a: I Love The Meta\n|-end|p1a: I Love The Meta|Quark Drive|[silent]\n|\n|win|Humanberrito 2.0\n|n|\u2606Quickfire93|quickfire93\n|n|\u2606Humanberrito 2.0|humanberrito20\n|n| CyborgCrafter|cyborgcrafter\n|n| Justacasualbattler|justacasualbattler\n|l| CyborgCrafter\n|c|\u2606Humanberrito 2.0|Gg\n|l|\u2606Quickfire93\n","uploadtime":1683986574,"views":10,"p1id":"quickfire93","p2id":"humanberrito20","formatid":"gen9vgc2023regulationc","rating":0,"private":0,"password":""}