{"id":"gen9vgc2023regulationc-1855929087","p1":"Nacue","p2":"littlemagpie2","format":"[Gen 9] VGC 2023 Regulation C","log":"|j|\u2606Nacue\n|j|\u2606littlemagpie2\n|t:|1683002126\n|gametype|doubles\n|player|p1|Nacue|red|1095\n|player|p2|littlemagpie2|workerice|1108\n|teamsize|p1|6\n|teamsize|p2|6\n|gen|9\n|tier|[Gen 9] VGC 2023 Regulation C\n|rated|\n|rule|Species Clause: Limit one of each Pok\u00e9mon\n|rule|Item Clause: Limit one of each item\n|clearpoke\n|poke|p1|Cacturne, L50, F|\n|poke|p1|Slowking, L50, M|\n|poke|p1|Pelipper, L50, M|\n|poke|p1|Toxicroak, L50, M|\n|poke|p1|Garganacl, L50, F|\n|poke|p1|Gholdengo, L50|\n|poke|p2|Tyranitar, L50, M|\n|poke|p2|Garchomp, L50, M|\n|poke|p2|Houndstone, L50, M|\n|poke|p2|Gholdengo, L50|\n|poke|p2|Amoonguss, L50, F|\n|poke|p2|Toxapex, L50, M|\n|teampreview|4\n|inactive|Battle timer is ON: inactive players will automatically lose when time's up. (requested by Nacue)\n|\n|t:|1683002155\n|start\n|switch|p1a: Cacturne|Cacturne, L50, F|100\/100\n|switch|p1b: Slowking|Slowking, L50, M|100\/100\n|switch|p2a: Tyranitar|Tyranitar, L50, M|100\/100\n|switch|p2b: Toxapex|Toxapex, L50, M|100\/100\n|-weather|Sandstorm|[from] ability: Sand Stream|[of] p2a: Tyranitar\n|turn|1\n|inactive|Nacue has 30 seconds left.\n|\n|t:|1683002190\n|move|p2a: Tyranitar|Rock Slide|p1a: Cacturne|[spread] p1a,p1b\n|-damage|p1a: Cacturne|56\/100\n|-damage|p1b: Slowking|70\/100\n|cant|p1a: Cacturne|flinch\n|move|p2b: Toxapex|Icy Wind|p1b: Slowking|[spread] p1a,p1b\n|-supereffective|p1a: Cacturne\n|-resisted|p1b: Slowking\n|-damage|p1a: Cacturne|29\/100\n|-damage|p1b: Slowking|67\/100\n|-unboost|p1b: Slowking|spe|1\n|move|p1b: Slowking|Surf|p2b: Toxapex|[spread] p2a,p2b\n|-heal|p1a: Cacturne|54\/100|[from] ability: Water Absorb|[of] p1b: Slowking\n|-supereffective|p2a: Tyranitar\n|-resisted|p2b: Toxapex\n|-crit|p2b: Toxapex\n|-damage|p2a: Tyranitar|74\/100\n|-damage|p2b: Toxapex|90\/100\n|\n|-weather|Sandstorm|[upkeep]\n|-damage|p1a: Cacturne|48\/100|[from] Sandstorm\n|-damage|p2b: Toxapex|84\/100|[from] Sandstorm\n|-damage|p1b: Slowking|61\/100|[from] Sandstorm\n|-heal|p1b: Slowking|67\/100|[from] item: Leftovers\n|upkeep\n|turn|2\n|inactive|Nacue has 30 seconds left.\n|inactive|littlemagpie2 has 30 seconds left.\n|\n|t:|1683002216\n|move|p1a: Cacturne|Spiky Shield|p1a: Cacturne\n|-singleturn|p1a: Cacturne|move: Protect\n|move|p2a: Tyranitar|Rock Slide|p1b: Slowking|[spread] \n|-activate|p1a: Cacturne|move: Protect\n|-miss|p2a: Tyranitar|p1b: Slowking\n|move|p2b: Toxapex|Icy Wind|p1b: Slowking|[spread] p1b\n|-activate|p1a: Cacturne|move: Protect\n|-resisted|p1b: Slowking\n|-damage|p1b: Slowking|64\/100\n|-unboost|p1b: Slowking|spe|1\n|move|p1b: Slowking|Surf|p2b: Toxapex|[spread] p2a,p2b\n|-activate|p1a: Cacturne|move: Protect\n|-supereffective|p2a: Tyranitar\n|-resisted|p2b: Toxapex\n|-damage|p2a: Tyranitar|48\/100\n|-damage|p2b: Toxapex|78\/100\n|\n|-weather|Sandstorm|[upkeep]\n|-damage|p1a: Cacturne|42\/100|[from] Sandstorm\n|-damage|p2b: Toxapex|72\/100|[from] Sandstorm\n|-damage|p1b: Slowking|58\/100|[from] Sandstorm\n|-heal|p1b: Slowking|64\/100|[from] item: Leftovers\n|upkeep\n|turn|3\n|inactive|Nacue has 30 seconds left.\n|\n|t:|1683002242\n|move|p2a: Tyranitar|Protect|p2a: Tyranitar\n|-singleturn|p2a: Tyranitar|Protect\n|move|p1a: Cacturne|Drain Punch|p2a: Tyranitar\n|-activate|p2a: Tyranitar|move: Protect\n|move|p2b: Toxapex|Sludge Bomb|p1a: Cacturne\n|-supereffective|p1a: Cacturne\n|-damage|p1a: Cacturne|0 fnt\n|faint|p1a: Cacturne\n|move|p1b: Slowking|Trick Room|p1b: Slowking\n|-fieldstart|move: Trick Room|[of] p1b: Slowking\n|\n|-weather|Sandstorm|[upkeep]\n|-damage|p1b: Slowking|58\/100|[from] Sandstorm\n|-damage|p2b: Toxapex|66\/100|[from] Sandstorm\n|-heal|p1b: Slowking|64\/100|[from] item: Leftovers\n|upkeep\n|\n|t:|1683002255\n|switch|p1a: Garganacl|Garganacl, L50, F|100\/100\n|turn|4\n|\n|t:|1683002267\n|switch|p2a: Gholdengo|Gholdengo, L50|100\/100\n|move|p1b: Slowking|Blizzard|p2a: Gholdengo|[spread] p2a\n|-miss|p1b: Slowking|p2b: Toxapex\n|-resisted|p2a: Gholdengo\n|-damage|p2a: Gholdengo|89\/100\n|move|p1a: Garganacl|Stealth Rock|p2a: Gholdengo\n|-sidestart|p2: littlemagpie2|move: Stealth Rock\n|move|p2b: Toxapex|Hydro Pump|p1a: Garganacl|[miss]\n|-miss|p2b: Toxapex|p1a: Garganacl\n|\n|-weather|Sandstorm|[upkeep]\n|-damage|p1b: Slowking|58\/100|[from] Sandstorm\n|-damage|p2b: Toxapex|60\/100|[from] Sandstorm\n|-heal|p1b: Slowking|64\/100|[from] item: Leftovers\n|upkeep\n|turn|5\n|inactive|Nacue has 30 seconds left.\n|\n|t:|1683002300\n|-terastallize|p1a: Garganacl|Flying\n|move|p1b: Slowking|Blizzard|p2a: Gholdengo|[spread] p2b\n|-miss|p1b: Slowking|p2a: Gholdengo\n|-resisted|p2b: Toxapex\n|-damage|p2b: Toxapex|55\/100\n|move|p1a: Garganacl|Salt Cure|p2a: Gholdengo\n|-resisted|p2a: Gholdengo\n|-damage|p2a: Gholdengo|82\/100\n|-start|p2a: Gholdengo|Salt Cure\n|move|p2b: Toxapex|Hydro Pump|p1a: Garganacl|[miss]\n|-miss|p2b: Toxapex|p1a: Garganacl\n|move|p2a: Gholdengo|Shadow Ball|p1b: Slowking\n|-supereffective|p1b: Slowking\n|-damage|p1b: Slowking|0 fnt\n|faint|p1b: Slowking\n|\n|-weather|Sandstorm|[upkeep]\n|-damage|p1a: Garganacl|95\/100|[from] Sandstorm\n|-damage|p2b: Toxapex|50\/100|[from] Sandstorm\n|-damage|p2a: Gholdengo|57\/100|[from] Salt Cure\n|upkeep\n|\n|t:|1683002318\n|switch|p1b: Gholdengo|Gholdengo, L50|100\/100\n|turn|6\n|\n|t:|1683002342\n|move|p2a: Gholdengo|Protect|p2a: Gholdengo\n|-singleturn|p2a: Gholdengo|Protect\n|move|p1a: Garganacl|Iron Defense|p1a: Garganacl\n|-boost|p1a: Garganacl|def|2\n|move|p2b: Toxapex|Sludge Bomb|p1a: Garganacl\n|-crit|p1a: Garganacl\n|-damage|p1a: Garganacl|56\/100\n|move|p1b: Gholdengo|Nasty Plot|p1b: Gholdengo\n|-boost|p1b: Gholdengo|spa|2\n|\n|-weather|Sandstorm|[upkeep]\n|-damage|p2b: Toxapex|44\/100|[from] Sandstorm\n|-damage|p1a: Garganacl|50\/100|[from] Sandstorm\n|-damage|p2a: Gholdengo|32\/100|[from] Salt Cure\n|upkeep\n|-enditem|p2a: Gholdengo|Sitrus Berry|[eat]\n|-heal|p2a: Gholdengo|57\/100|[from] item: Sitrus Berry\n|turn|7\n|inactive|Nacue has 30 seconds left.\n|\n|t:|1683002371\n|move|p1a: Garganacl|Body Press|p2b: Toxapex\n|-resisted|p2b: Toxapex\n|-damage|p2b: Toxapex|22\/100\n|move|p2b: Toxapex|Icy Wind|p1b: Gholdengo|[spread] p1a,p1b\n|-supereffective|p1a: Garganacl\n|-resisted|p1b: Gholdengo\n|-damage|p1a: Garganacl|31\/100\n|-damage|p1b: Gholdengo|96\/100\n|-unboost|p1a: Garganacl|spe|1\n|-unboost|p1b: Gholdengo|spe|1\n|move|p1b: Gholdengo|Make It Rain|p2a: Gholdengo|[spread] p2a,p2b\n|-resisted|p2a: Gholdengo\n|-resisted|p2b: Toxapex\n|-damage|p2a: Gholdengo|0 fnt\n|-damage|p2b: Toxapex|0 fnt\n|-unboost|p1b: Gholdengo|spa|1\n|faint|p2a: Gholdengo\n|faint|p2b: Toxapex\n|\n|-weather|Sandstorm|[upkeep]\n|-damage|p1a: Garganacl|26\/100|[from] Sandstorm\n|-fieldend|move: Trick Room\n|upkeep\n|\n|t:|1683002389\n|switch|p2a: Houndstone|Houndstone, L50, M|100\/100\n|switch|p2b: Tyranitar|Tyranitar, L50, M|48\/100\n|-damage|p2a: Houndstone|88\/100|[from] Stealth Rock\n|-damage|p2b: Tyranitar|36\/100|[from] Stealth Rock\n|turn|8\n|inactive|Nacue has 30 seconds left.\n|\n|t:|1683002418\n|move|p2a: Houndstone|Last Respects|p1b: Gholdengo\n|-supereffective|p1b: Gholdengo\n|-damage|p1b: Gholdengo|0 fnt\n|faint|p1b: Gholdengo\n|move|p2b: Tyranitar|Rock Slide|p1a: Garganacl\n|-supereffective|p1a: Garganacl\n|-damage|p1a: Garganacl|0 fnt\n|faint|p1a: Garganacl\n|\n|win|littlemagpie2\n|raw|Nacue's rating: 1095 → 1072<\/strong> (-23 for losing)\n|raw|littlemagpie2's rating: 1108 → 1132<\/strong> (+24 for winning)\n|c|\u2606littlemagpie2|gg\n","uploadtime":1683002428,"views":10,"p1id":"nacue","p2id":"littlemagpie2","formatid":"gen9vgc2023regulationc","rating":1072,"private":0,"password":""}