{"id":"gen9vgc2023regulationc-1848799251","p1":"ihatesplatoon","p2":"Ruben1452","format":"[Gen 9] VGC 2023 Regulation C","log":"|j|\u2606ihatesplatoon\n|j|\u2606Ruben1452\n|t:|1682111612\n|gametype|doubles\n|player|p1|ihatesplatoon|101|1233\n|player|p2|Ruben1452|lucas|1140\n|teamsize|p1|6\n|teamsize|p2|6\n|gen|9\n|tier|[Gen 9] VGC 2023 Regulation C\n|rated|\n|rule|Species Clause: Limit one of each Pok\u00e9mon\n|rule|Item Clause: Limit one of each item\n|clearpoke\n|poke|p1|Chien-Pao, L50|\n|poke|p1|Tatsugiri, L50, F|\n|poke|p1|Dondozo, L50, M|\n|poke|p1|Scream Tail, L50|\n|poke|p1|Dragonite, L50, M|\n|poke|p1|Gholdengo, L50|\n|poke|p2|Arcanine, L50, M|\n|poke|p2|Amoonguss, L50, F|\n|poke|p2|Dragonite, L50, F|\n|poke|p2|Flutter Mane, L50|\n|poke|p2|Gastrodon-East, L50, M|\n|poke|p2|Iron Hands, L50|\n|teampreview|4\n|inactive|Battle timer is ON: inactive players will automatically lose when time's up. (requested by Ruben1452)\nRuben1452 has agreed to open team sheets.\n|inactive|ihatesplatoon has 60 seconds left.\n|inactive|Ruben1452 has 60 seconds left.\n|\n|t:|1682111659\n|start\n|switch|p1a: Scream Tail|Scream Tail, L50|100\/100\n|switch|p1b: Chien-Pao|Chien-Pao, L50|100\/100\n|switch|p2a: Iron Hands|Iron Hands, L50|100\/100\n|switch|p2b: Arcanine|Arcanine, L50, M|100\/100\n|-ability|p1b: Chien-Pao|Sword of Ruin\n|-ability|p2b: Arcanine|Intimidate|boost\n|-unboost|p1a: Scream Tail|atk|1\n|-unboost|p1b: Chien-Pao|atk|1\n|-enditem|p1a: Scream Tail|Booster Energy\n|-activate|p1a: Scream Tail|ability: Protosynthesis|[fromitem]\n|-start|p1a: Scream Tail|protosynthesisspe\n|turn|1\n|inactive|ihatesplatoon has 30 seconds left.\n|\n|t:|1682111689\n|-terastallize|p1b: Chien-Pao|Ghost\n|move|p2a: Iron Hands|Fake Out|p1a: Scream Tail\n|-crit|p1a: Scream Tail\n|-damage|p1a: Scream Tail|75\/100\n|cant|p1a: Scream Tail|flinch\n|move|p1b: Chien-Pao|Throat Chop|p2b: Arcanine\n|-damage|p2b: Arcanine|65\/100\n|-start|p2b: Arcanine|Throat Chop|[silent]\n|move|p2b: Arcanine|Will-O-Wisp|p1a: Scream Tail\n|-status|p1a: Scream Tail|brn\n|\n|-damage|p1a: Scream Tail|69\/100 brn|[from] brn\n|upkeep\n|turn|2\n|inactive|ihatesplatoon has 30 seconds left.\n|\n|t:|1682111722\n|switch|p1b: Gholdengo|Gholdengo, L50|100\/100\n|-end|p2a: Iron Hands|Quark Drive|[silent]\n|switch|p2a: Gastrodon|Gastrodon-East, L50, M|100\/100\n|move|p1a: Scream Tail|Encore||[still]\n|-fail|p1a: Scream Tail\n|move|p2b: Arcanine|Will-O-Wisp|p1b: Gholdengo\n|-immune|p1b: Gholdengo|[from] ability: Good as Gold\n|\n|-damage|p1a: Scream Tail|64\/100 brn|[from] brn\n|-end|p2b: Arcanine|Throat Chop|[silent]\n|upkeep\n|turn|3\n|inactive|ihatesplatoon has 30 seconds left.\n|\n|t:|1682111756\n|-end|p1a: Scream Tail|Protosynthesis|[silent]\n|switch|p1a: Dragonite|Dragonite, L50, M|100\/100\n|move|p2b: Arcanine|Extreme Speed|p1a: Dragonite\n|-damage|p1a: Dragonite|78\/100\n|move|p1b: Gholdengo|Shadow Ball|p2a: Gastrodon\n|-damage|p2a: Gastrodon|56\/100\n|move|p2a: Gastrodon|Earth Power|p1b: Gholdengo\n|-supereffective|p1b: Gholdengo\n|-damage|p1b: Gholdengo|50\/100\n|\n|-heal|p2a: Gastrodon|62\/100|[from] item: Leftovers\n|upkeep\n|turn|4\n|\n|t:|1682111775\n|switch|p1b: Scream Tail|Scream Tail, L50|64\/100 brn\n|move|p2b: Arcanine|Protect|p2b: Arcanine\n|-singleturn|p2b: Arcanine|Protect\n|move|p1a: Dragonite|Protect|p1a: Dragonite\n|-singleturn|p1a: Dragonite|Protect\n|move|p2a: Gastrodon|Earth Power|p1b: Scream Tail\n|-damage|p1b: Scream Tail|37\/100 brn\n|\n|-heal|p2a: Gastrodon|68\/100|[from] item: Leftovers\n|-damage|p1b: Scream Tail|32\/100 brn|[from] brn\n|upkeep\n|turn|5\n|inactive|ihatesplatoon has 30 seconds left.\n|inactive|Ruben1452 has 30 seconds left.\n|\n|t:|1682111817\n|move|p2a: Gastrodon|Protect|p2a: Gastrodon\n|-singleturn|p2a: Gastrodon|Protect\n|move|p1b: Scream Tail|Thunder Wave|p2b: Arcanine\n|-status|p2b: Arcanine|par\n|move|p1a: Dragonite|Dragon Claw|p2b: Arcanine\n|-damage|p2b: Arcanine|5\/100 par\n|-damage|p1a: Dragonite|68\/100|[from] item: Life Orb\n|move|p2b: Arcanine|Flare Blitz|p1a: Dragonite\n|-resisted|p1a: Dragonite\n|-damage|p1a: Dragonite|45\/100\n|-damage|p2b: Arcanine|0 fnt|[from] Recoil\n|faint|p2b: Arcanine\n|\n|-heal|p2a: Gastrodon|75\/100|[from] item: Leftovers\n|-damage|p1b: Scream Tail|26\/100 brn|[from] brn\n|upkeep\n|\n|t:|1682111831\n|switch|p2b: Iron Hands|Iron Hands, L50|100\/100\n|turn|6\n|\n|t:|1682111844\n|move|p1a: Dragonite|Protect|p1a: Dragonite\n|-singleturn|p1a: Dragonite|Protect\n|move|p2b: Iron Hands|Fake Out|p1b: Scream Tail\n|-damage|p1b: Scream Tail|13\/100 brn\n|cant|p1b: Scream Tail|flinch\n|move|p2a: Gastrodon|Earth Power|p1b: Scream Tail\n|-damage|p1b: Scream Tail|0 fnt\n|faint|p1b: Scream Tail\n|-end|p1b: Scream Tail|Protosynthesis|[silent]\n|\n|-heal|p2a: Gastrodon|81\/100|[from] item: Leftovers\n|upkeep\n|\n|t:|1682111859\n|switch|p1b: Chien-Pao|Chien-Pao, L50, tera:Ghost|100\/100\n|-ability|p1b: Chien-Pao|Sword of Ruin\n|turn|7\n|\n|t:|1682111868\n|move|p1b: Chien-Pao|Protect|p1b: Chien-Pao\n|-singleturn|p1b: Chien-Pao|Protect\n|move|p2a: Gastrodon|Protect|p2a: Gastrodon\n|-singleturn|p2a: Gastrodon|Protect\n|move|p1a: Dragonite|Earthquake|p2a: Gastrodon|[spread] p2b\n|-activate|p1b: Chien-Pao|move: Protect\n|-activate|p2a: Gastrodon|move: Protect\n|-supereffective|p2b: Iron Hands\n|-damage|p2b: Iron Hands|27\/100\n|-damage|p1a: Dragonite|35\/100|[from] item: Life Orb\n|move|p2b: Iron Hands|Wild Charge|p1a: Dragonite\n|-damage|p1a: Dragonite|0 fnt\n|faint|p1a: Dragonite\n|-damage|p2b: Iron Hands|20\/100|[from] Recoil\n|\n|-heal|p2a: Gastrodon|87\/100|[from] item: Leftovers\n|upkeep\n|\n|t:|1682111889\n|switch|p1a: Gholdengo|Gholdengo, L50|50\/100\n|turn|8\n|inactive|ihatesplatoon has 30 seconds left.\n|inactive|ihatesplatoon has 20 seconds left.\n|inactive|Ruben1452 has 30 seconds left.\n|inactive|ihatesplatoon has 15 seconds left.\n|inactive|ihatesplatoon has 10 seconds left.\n|inactive|Ruben1452 has 20 seconds left.\n|inactive|Ruben1452 has 15 seconds left.\n|\n|t:|1682111942\n|move|p2a: Gastrodon|Protect||[still]\n|-fail|p2a: Gastrodon\n|move|p1b: Chien-Pao|Ice Spinner|p2a: Gastrodon\n|-damage|p2a: Gastrodon|34\/100\n|move|p1a: Gholdengo|Shadow Ball|p2a: Gastrodon\n|-crit|p2a: Gastrodon\n|-damage|p2a: Gastrodon|0 fnt\n|faint|p2a: Gastrodon\n|move|p2b: Iron Hands|Wild Charge|p1b: Chien-Pao\n|-damage|p1b: Chien-Pao|30\/100\n|-damage|p2b: Iron Hands|8\/100|[from] Recoil\n|\n|upkeep\n|\n|t:|1682111949\n|switch|p2a: Dragonite|Dragonite, L50, F|100\/100\n|turn|9\n|inactive|ihatesplatoon has 30 seconds left.\n|\n|t:|1682111976\n|-terastallize|p2a: Dragonite|Normal\n|move|p1b: Chien-Pao|Ice Spinner|p2a: Dragonite\n|-damage|p2a: Dragonite|74\/100\n|move|p1a: Gholdengo|Make It Rain|p2a: Dragonite|[spread] p2a,p2b\n|-resisted|p2b: Iron Hands\n|-damage|p2a: Dragonite|26\/100\n|-damage|p2b: Iron Hands|0 fnt\n|-unboost|p1a: Gholdengo|spa|1\n|faint|p2b: Iron Hands\n|-end|p2b: Iron Hands|Quark Drive|[silent]\n|move|p2a: Dragonite|Aerial Ace|p1a: Gholdengo\n|-resisted|p1a: Gholdengo\n|-damage|p1a: Gholdengo|28\/100\n|\n|upkeep\n|turn|10\n|\n|t:|1682111999\n|move|p1b: Chien-Pao|Sacred Sword|p2a: Dragonite\n|-supereffective|p2a: Dragonite\n|-damage|p2a: Dragonite|0 fnt\n|faint|p2a: Dragonite\n|\n|win|ihatesplatoon\n|raw|ihatesplatoon's rating: 1233 → 1251<\/strong> (+18 for winning)\n|raw|Ruben1452's rating: 1140 → 1122<\/strong> (-18 for losing)\n|l|\u2606Ruben1452\n|c|\u2606ihatesplatoon|gg\n","uploadtime":1682112325,"views":9,"p1id":"ihatesplatoon","p2id":"ruben1452","formatid":"gen9vgc2023regulationc","rating":1122,"private":0,"password":""}