{"id":"gen9vgc2023regulationc-1844908686","p1":"NotDaBoy","p2":"ReaDynn","format":"[Gen 9] VGC 2023 Regulation C","log":"|j|\u2606NotDaBoy\n|j|\u2606ReaDynn\n|t:|1681662967\n|gametype|doubles\n|player|p1|NotDaBoy|marlon|1311\n|player|p2|ReaDynn|wattson|1226\n|teamsize|p1|6\n|teamsize|p2|6\n|gen|9\n|tier|[Gen 9] VGC 2023 Regulation C\n|rated|\n|rule|Species Clause: Limit one of each Pok\u00e9mon\n|rule|Item Clause: Limit one of each item\n|clearpoke\n|poke|p1|Chi-Yu, L50|\n|poke|p1|Flutter Mane, L50|\n|poke|p1|Iron Thorns, L50|\n|poke|p1|Gyarados, L50, M|\n|poke|p1|Brute Bonnet, L50|\n|poke|p1|Murkrow, L50, M|\n|poke|p2|Glimmora, L50, M|\n|poke|p2|Ting-Lu, L50|\n|poke|p2|Gastrodon-East, L50, M|\n|poke|p2|Annihilape, L50, M|\n|poke|p2|Dragonite, L50, F|\n|poke|p2|Flutter Mane, L50|\n|teampreview|4\nNotDaBoy has agreed to open team sheets.\nReaDynn has agreed to open team sheets.\n|inactive|Battle timer is ON: inactive players will automatically lose when time's up. (requested by NotDaBoy)\n|\n|t:|1681663043\n|start\n|switch|p1a: Murkrow|Murkrow, L50, M|100\/100\n|switch|p1b: Flutter Mane|Flutter Mane, L50|100\/100\n|switch|p2a: Glimmora|Glimmora, L50, M|100\/100\n|switch|p2b: Ting-Lu|Ting-Lu, L50|100\/100\n|-ability|p2b: Ting-Lu|Vessel of Ruin\n|turn|1\n|\n|t:|1681663062\n|-terastallize|p1b: Flutter Mane|Fairy\n|move|p1a: Murkrow|Sunny Day|p1a: Murkrow\n|-weather|SunnyDay\n|-activate|p1b: Flutter Mane|ability: Protosynthesis\n|-start|p1b: Flutter Mane|protosynthesisspa\n|move|p1b: Flutter Mane|Moonblast|p2b: Ting-Lu\n|-supereffective|p2b: Ting-Lu\n|-damage|p2b: Ting-Lu|0 fnt\n|faint|p2b: Ting-Lu\n|move|p2a: Glimmora|Sludge Bomb|p1b: Flutter Mane\n|-supereffective|p1b: Flutter Mane\n|-damage|p1b: Flutter Mane|14\/100\n|\n|-weather|SunnyDay|[upkeep]\n|upkeep\n|\n|t:|1681663073\n|switch|p2b: Dragonite|Dragonite, L50, F|100\/100\n|turn|2\n|inactive|NotDaBoy has 30 seconds left.\n|\n|t:|1681663100\n|-end|p1b: Flutter Mane|Protosynthesis|[silent]\n|switch|p1b: Iron Thorns|Iron Thorns, L50|100\/100\n|switch|p2a: Annihilape|Annihilape, L50, M|100\/100\n|move|p2b: Dragonite|Extreme Speed|p1b: Iron Thorns\n|-resisted|p1b: Iron Thorns\n|-crit|p1b: Iron Thorns\n|-damage|p1b: Iron Thorns|82\/100\n|move|p1a: Murkrow|Brave Bird|p2b: Dragonite\n|-crit|p2b: Dragonite\n|-damage|p2b: Dragonite|63\/100\n|-damage|p1a: Murkrow|83\/100|[from] Recoil\n|\n|-weather|SunnyDay|[upkeep]\n|upkeep\n|turn|3\n|inactive|NotDaBoy has 30 seconds left.\n|inactive|ReaDynn has 30 seconds left.\n|\n|t:|1681663133\n|move|p1a: Murkrow|Tailwind|p1a: Murkrow\n|-sidestart|p1: NotDaBoy|move: Tailwind\n|move|p1b: Iron Thorns|Rock Blast|p2b: Dragonite\n|-supereffective|p2b: Dragonite\n|-damage|p2b: Dragonite|28\/100\n|-supereffective|p2b: Dragonite\n|-damage|p2b: Dragonite|0 fnt\n|faint|p2b: Dragonite\n|-hitcount|p2: Dragonite|2\n|move|p2a: Annihilape|Drain Punch|p1b: Iron Thorns\n|-supereffective|p1b: Iron Thorns\n|-damage|p1b: Iron Thorns|19\/100\n|\n|-weather|SunnyDay|[upkeep]\n|upkeep\n|\n|t:|1681663137\n|switch|p2b: Glimmora|Glimmora, L50, M|100\/100\n|turn|4\n|\n|t:|1681663161\n|move|p1b: Iron Thorns|Protect|p1b: Iron Thorns\n|-singleturn|p1b: Iron Thorns|Protect\n|move|p1a: Murkrow|Brave Bird|p2a: Annihilape\n|-supereffective|p2a: Annihilape\n|-damage|p2a: Annihilape|15\/100\n|-damage|p1a: Murkrow|38\/100|[from] Recoil\n|move|p2b: Glimmora|Power Gem|p1a: Murkrow\n|-supereffective|p1a: Murkrow\n|-damage|p1a: Murkrow|0 fnt\n|faint|p1a: Murkrow\n|move|p2a: Annihilape|Drain Punch|p1b: Iron Thorns\n|-activate|p1b: Iron Thorns|move: Protect\n|\n|-weather|SunnyDay|[upkeep]\n|-heal|p2a: Annihilape|21\/100|[from] item: Leftovers\n|upkeep\n|\n|t:|1681663177\n|switch|p1a: Flutter Mane|Flutter Mane, L50, tera:Fairy|14\/100\n|-activate|p1a: Flutter Mane|ability: Protosynthesis\n|-start|p1a: Flutter Mane|protosynthesisspa\n|turn|5\n|\n|t:|1681663191\n|move|p2a: Annihilape|Protect|p2a: Annihilape\n|-singleturn|p2a: Annihilape|Protect\n|move|p1a: Flutter Mane|Psyshock|p2b: Glimmora\n|-supereffective|p2b: Glimmora\n|-damage|p2b: Glimmora|0 fnt\n|faint|p2b: Glimmora\n|move|p1b: Iron Thorns|Wild Charge|p2a: Annihilape\n|-activate|p2a: Annihilape|move: Protect\n|\n|-weather|none\n|-end|p1a: Flutter Mane|Protosynthesis\n|-heal|p2a: Annihilape|27\/100|[from] item: Leftovers\n|upkeep\n|turn|6\n|-message|ReaDynn forfeited.\n|\n|win|NotDaBoy\n|raw|NotDaBoy's rating: 1311 → 1326<\/strong> (+15 for winning)\n|raw|ReaDynn's rating: 1226 → 1207<\/strong> (-19 for losing)\n|l|\u2606ReaDynn\n","uploadtime":1681663207,"views":12,"p1id":"notdaboy","p2id":"readynn","formatid":"gen9vgc2023regulationc","rating":1207,"private":0,"password":""}