{"id":"gen9vgc2023regulationc-1851567261","p1":"V3nomxxx","p2":"pardosimmia","format":"[Gen 9] VGC 2023 Regulation C","log":"|j|\u2606V3nomxxx\n|j|\u2606pardosimmia\n|t:|1682456428\n|gametype|doubles\n|player|p1|V3nomxxx|ethan|1232\n|player|p2|pardosimmia|hiker-gen4|1275\n|teamsize|p1|6\n|teamsize|p2|6\n|gen|9\n|tier|[Gen 9] VGC 2023 Regulation C\n|rated|\n|rule|Species Clause: Limit one of each Pok\u00e9mon\n|rule|Item Clause: Limit one of each item\n|clearpoke\n|poke|p1|Chi-Yu, L50|\n|poke|p1|Roaring Moon, L50|\n|poke|p1|Gyarados, L50, M|\n|poke|p1|Amoonguss, L50, M|\n|poke|p1|Great Tusk, L50|\n|poke|p1|Flutter Mane, L50|\n|poke|p2|Great Tusk, L50|\n|poke|p2|Flutter Mane, L50|\n|poke|p2|Amoonguss, L50, F|\n|poke|p2|Murkrow, L50, M|\n|poke|p2|Baxcalibur, L50, M|\n|poke|p2|Iron Hands, L50|\n|teampreview|4\n|inactive|Battle timer is ON: inactive players will automatically lose when time's up. (requested by V3nomxxx)\n|inactive|pardosimmia has 60 seconds left.\n|\n|t:|1682456479\n|start\n|switch|p1a: Roaring Moon|Roaring Moon, L50|100\/100\n|switch|p1b: Amoonguss|Amoonguss, L50, M|100\/100\n|switch|p2a: Iron Hands|Iron Hands, L50|100\/100\n|switch|p2b: Murkrow|Murkrow, L50, M|100\/100\n|-enditem|p1a: Roaring Moon|Booster Energy\n|-activate|p1a: Roaring Moon|ability: Protosynthesis|[fromitem]\n|-start|p1a: Roaring Moon|protosynthesisspe\n|turn|1\n|inactive|V3nomxxx has 30 seconds left.\n|inactive|pardosimmia has 30 seconds left.\n|inactive|V3nomxxx has 20 seconds left.\n|inactive|V3nomxxx has 15 seconds left.\n|inactive|pardosimmia has 20 seconds left.\n|inactive|V3nomxxx has 10 seconds left.\n|\n|t:|1682456525\n|move|p2b: Murkrow|Tailwind|p2b: Murkrow\n|-sidestart|p2: pardosimmia|move: Tailwind\n|move|p1a: Roaring Moon|Tailwind|p1a: Roaring Moon\n|-sidestart|p1: V3nomxxx|move: Tailwind\n|move|p2a: Iron Hands|Drain Punch|p1a: Roaring Moon\n|-supereffective|p1a: Roaring Moon\n|-damage|p1a: Roaring Moon|0 fnt\n|faint|p1a: Roaring Moon\n|-end|p1a: Roaring Moon|Protosynthesis|[silent]\n|move|p1b: Amoonguss|Spore|p2b: Murkrow\n|-status|p2b: Murkrow|slp|[from] move: Spore\n|\n|upkeep\n|\n|t:|1682456534\n|switch|p1a: Flutter Mane|Flutter Mane, L50|100\/100\n|turn|2\n|\n|t:|1682456547\n|-terastallize|p1a: Flutter Mane|Fairy\n|-terastallize|p2a: Iron Hands|Fire\n|cant|p2b: Murkrow|slp\n|move|p1a: Flutter Mane|Dazzling Gleam|p2b: Murkrow|[spread] p2a,p2b\n|-resisted|p2a: Iron Hands\n|-supereffective|p2b: Murkrow\n|-damage|p2a: Iron Hands|83\/100\n|-damage|p2b: Murkrow|0 fnt\n|faint|p2b: Murkrow\n|move|p2a: Iron Hands|Wild Charge|p1a: Flutter Mane\n|-damage|p1a: Flutter Mane|12\/100\n|-damage|p2a: Iron Hands|70\/100|[from] Recoil\n|move|p1b: Amoonguss|Spore|p2a: Iron Hands\n|-status|p2a: Iron Hands|slp|[from] move: Spore\n|\n|upkeep\n|inactive|pardosimmia has 30 seconds left.\n|inactive|pardosimmia has 20 seconds left.\n|inactive|pardosimmia has 15 seconds left.\n|\n|t:|1682456590\n|switch|p2b: Flutter Mane|Flutter Mane, L50|100\/100\n|turn|3\n|\n|t:|1682456610\n|-end|p1a: Flutter Mane|Protosynthesis|[silent]\n|switch|p1a: Chi-Yu|Chi-Yu, L50|100\/100\n|-ability|p1a: Chi-Yu|Beads of Ruin\n|move|p2b: Flutter Mane|Dazzling Gleam|p1a: Chi-Yu|[spread] p1a,p1b\n|-resisted|p1b: Amoonguss\n|-damage|p1a: Chi-Yu|61\/100\n|-damage|p1b: Amoonguss|74\/100\n|cant|p2a: Iron Hands|slp\n|move|p1b: Amoonguss|Spore|p2b: Flutter Mane\n|-status|p2b: Flutter Mane|slp|[from] move: Spore\n|\n|upkeep\n|turn|4\n|\n|t:|1682456629\n|cant|p2b: Flutter Mane|slp\n|move|p1a: Chi-Yu|Dark Pulse|p2b: Flutter Mane\n|-damage|p2b: Flutter Mane|56\/100 slp\n|cant|p2a: Iron Hands|slp\n|move|p1b: Amoonguss|Pollen Puff|p1a: Chi-Yu\n|-heal|p1a: Chi-Yu|100\/100\n|\n|-sideend|p1: V3nomxxx|move: Tailwind\n|-sideend|p2: pardosimmia|move: Tailwind\n|upkeep\n|turn|5\n|\n|t:|1682456648\n|move|p1b: Amoonguss|Rage Powder|p1b: Amoonguss\n|-singleturn|p1b: Amoonguss|move: Rage Powder\n|cant|p2b: Flutter Mane|slp\n|move|p1a: Chi-Yu|Dark Pulse|p2a: Iron Hands\n|-damage|p2a: Iron Hands|46\/100 slp\n|-curestatus|p2a: Iron Hands|slp|[msg]\n|cant|p2a: Iron Hands|flinch\n|\n|upkeep\n|turn|6\n|\n|t:|1682456662\n|move|p1b: Amoonguss|Rage Powder|p1b: Amoonguss\n|-singleturn|p1b: Amoonguss|move: Rage Powder\n|-curestatus|p2b: Flutter Mane|slp|[msg]\n|move|p2b: Flutter Mane|Dazzling Gleam|p1a: Chi-Yu|[spread] p1a,p1b\n|-resisted|p1b: Amoonguss\n|-damage|p1a: Chi-Yu|64\/100\n|-damage|p1b: Amoonguss|49\/100\n|move|p1a: Chi-Yu|Heat Wave|p2a: Iron Hands|[spread] p2a,p2b\n|-resisted|p2a: Iron Hands\n|-damage|p2a: Iron Hands|35\/100\n|-damage|p2b: Flutter Mane|12\/100\n|move|p2a: Iron Hands|Ice Punch|p1b: Amoonguss\n|-supereffective|p1b: Amoonguss\n|-crit|p1b: Amoonguss\n|-damage|p1b: Amoonguss|0 fnt\n|-damage|p2a: Iron Hands|19\/100|[from] item: Rocky Helmet|[of] p1b: Amoonguss\n|faint|p1b: Amoonguss\n|\n|upkeep\n|\n|t:|1682456676\n|switch|p1b: Flutter Mane|Flutter Mane, L50, tera:Fairy|12\/100\n|turn|7\n|\n|t:|1682456687\n|move|p1b: Flutter Mane|Dazzling Gleam|p2a: Iron Hands|[spread] p2a,p2b\n|-resisted|p2a: Iron Hands\n|-damage|p2a: Iron Hands|0 fnt\n|-damage|p2b: Flutter Mane|0 fnt\n|faint|p2a: Iron Hands\n|-end|p2a: Iron Hands|Quark Drive|[silent]\n|faint|p2b: Flutter Mane\n|-end|p2b: Flutter Mane|Protosynthesis|[silent]\n|move|p1a: Chi-Yu|Heat Wave|p2: Iron Hands|[notarget]\n|-fail|p1a: Chi-Yu\n|\n|upkeep\n|\n|t:|1682456696\n|switch|p2a: Great Tusk|Great Tusk, L50|100\/100\n|turn|8\n|\n|t:|1682456707\n|move|p2a: Great Tusk|Earthquake|p1a: Chi-Yu|[spread] p1a,p1b\n|-supereffective|p1a: Chi-Yu\n|-damage|p1a: Chi-Yu|0 fnt\n|-damage|p1b: Flutter Mane|0 fnt\n|faint|p1a: Chi-Yu\n|faint|p1b: Flutter Mane\n|-end|p1b: Flutter Mane|Protosynthesis|[silent]\n|\n|win|pardosimmia\n|raw|V3nomxxx's rating: 1232 → 1210<\/strong> (-22 for losing)\n|raw|pardosimmia's rating: 1275 → 1297<\/strong> (+22 for winning)\n","uploadtime":1682456714,"views":12,"p1id":"v3nomxxx","p2id":"pardosimmia","formatid":"gen9vgc2023regulationc","rating":1210,"private":0,"password":""}