{"id":"gen9vgc2023regulationc-1851690075","p1":"DaGreedent+","p2":"Thebugkid","format":"[Gen 9] VGC 2023 Regulation C","log":"|j|\u2606DaGreedent+\n|j|\u2606Thebugkid\n|t:|1682470327\n|gametype|doubles\n|player|p1|DaGreedent+|brock|1248\n|player|p2|Thebugkid|burgh|1230\n|teamsize|p1|6\n|teamsize|p2|6\n|gen|9\n|tier|[Gen 9] VGC 2023 Regulation C\n|rated|\n|rule|Species Clause: Limit one of each Pok\u00e9mon\n|rule|Item Clause: Limit one of each item\n|clearpoke\n|poke|p1|Maushold-Four, L50|\n|poke|p1|Gholdengo, L50|\n|poke|p1|Gyarados, L50, F|\n|poke|p1|Amoonguss, L50, M|\n|poke|p1|Iron Bundle, L50|\n|poke|p1|Chi-Yu, L50|\n|poke|p2|Flutter Mane, L50|\n|poke|p2|Gallade, L50, M|\n|poke|p2|Magnezone, L50|\n|poke|p2|Iron Bundle, L50|\n|poke|p2|Murkrow, L50, F|\n|poke|p2|Arcanine, L50, M|\n|teampreview|4\n|inactive|Battle timer is ON: inactive players will automatically lose when time's up. (requested by Thebugkid)\n|inactive|DaGreedent+ has 60 seconds left.\n|\n|t:|1682470393\n|start\n|switch|p1a: Iron Bundle|Iron Bundle, L50, shiny|100\/100\n|switch|p1b: Chi-Yu|Chi-Yu, L50|100\/100\n|switch|p2a: Don|Murkrow, L50, F|100\/100\n|switch|p2b: Occam|Gallade, L50, M, shiny|100\/100\n|-ability|p1b: Chi-Yu|Beads of Ruin\n|-enditem|p1a: Iron Bundle|Booster Energy\n|-activate|p1a: Iron Bundle|ability: Quark Drive|[fromitem]\n|-start|p1a: Iron Bundle|quarkdrivespe\n|turn|1\n|l|\u2606Thebugkid\n|inactive|Thebugkid disconnected and has a minute to reconnect!\n|player|p2|\n|inactive|DaGreedent+ has 30 seconds left.\n|inactive|Thebugkid has 30 seconds left.\n|j|\u2606Thebugkid\n|inactive|Thebugkid reconnected and has 30 seconds left.\n|player|p2|Thebugkid|burgh\n|inactive|Thebugkid has 20 seconds left.\n|inactive|Thebugkid has 15 seconds left.\n|\n|t:|1682470435\n|switch|p1b: Gholdengo|Gholdengo, L50|100\/100\n|-terastallize|p1a: Iron Bundle|Ghost\n|-terastallize|p2b: Occam|Water\n|move|p2a: Don|Tailwind|p2a: Don\n|-sidestart|p2: Thebugkid|move: Tailwind\n|move|p1a: Iron Bundle|Encore|p2a: Don\n|-start|p2a: Don|Encore\n|move|p2b: Occam|Aqua Cutter|p1b: Gholdengo\n|-crit|p1b: Gholdengo\n|-damage|p1b: Gholdengo|4\/100\n|\n|-heal|p1b: Gholdengo|10\/100|[from] item: Leftovers\n|upkeep\n|turn|2\n|inactive|DaGreedent+ has 30 seconds left.\n|inactive|Thebugkid has 30 seconds left.\n|\n|t:|1682470472\n|switch|p2a: Alexi|Magnezone, L50|100\/100\n|move|p2b: Occam|Protect|p2b: Occam\n|-singleturn|p2b: Occam|Protect\n|move|p1b: Gholdengo|Protect|p1b: Gholdengo\n|-singleturn|p1b: Gholdengo|Protect\n|move|p1a: Iron Bundle|Freeze-Dry|p2b: Occam\n|-activate|p2b: Occam|move: Protect\n|\n|-heal|p1b: Gholdengo|16\/100|[from] item: Leftovers\n|upkeep\n|turn|3\n|\n|t:|1682470494\n|move|p1a: Iron Bundle|Freeze-Dry|p2b: Occam\n|-supereffective|p2b: Occam\n|-damage|p2b: Occam|24\/100\n|-status|p2b: Occam|frz\n|-curestatus|p2b: Occam|frz|[msg]\n|move|p2b: Occam|Psycho Cut|p1a: Iron Bundle\n|-damage|p1a: Iron Bundle|33\/100\n|move|p2a: Alexi|Thunderbolt|p1a: Iron Bundle\n|-damage|p1a: Iron Bundle|0 fnt\n|faint|p1a: Iron Bundle\n|-end|p1a: Iron Bundle|Quark Drive|[silent]\n|move|p1b: Gholdengo|Make It Rain|p2a: Alexi|[spread] p2a,p2b\n|-resisted|p2a: Alexi\n|-resisted|p2b: Occam\n|-damage|p2a: Alexi|91\/100\n|-damage|p2b: Occam|0 fnt\n|-unboost|p1b: Gholdengo|spa|1\n|faint|p2b: Occam\n|\n|-heal|p1b: Gholdengo|23\/100|[from] item: Leftovers\n|upkeep\n|\n|t:|1682470514\n|switch|p1a: Maushold|Maushold-Four, L50|100\/100\n|switch|p2b: Doglefox|Arcanine, L50, M|100\/100\n|-ability|p2b: Doglefox|Intimidate|boost\n|-unboost|p1a: Maushold|atk|1\n|-unboost|p1b: Gholdengo|atk|1\n|turn|4\n|\n|t:|1682470530\n|switch|p1b: Chi-Yu|Chi-Yu, L50|100\/100\n|-ability|p1b: Chi-Yu|Beads of Ruin\n|move|p1a: Maushold|Protect|p1a: Maushold\n|-singleturn|p1a: Maushold|Protect\n|move|p2b: Doglefox|Flare Blitz|p1b: Chi-Yu\n|-resisted|p1b: Chi-Yu\n|-crit|p1b: Chi-Yu\n|-damage|p1b: Chi-Yu|47\/100\n|-damage|p2b: Doglefox|89\/100|[from] Recoil\n|move|p2a: Alexi|Thunderbolt|p1a: Maushold\n|-activate|p1a: Maushold|move: Protect\n|\n|-sideend|p2: Thebugkid|move: Tailwind\n|upkeep\n|turn|5\n|\n|t:|1682470554\n|switch|p2a: Don|Murkrow, L50, F|100\/100\n|move|p1a: Maushold|Follow Me|p1a: Maushold\n|-singleturn|p1a: Maushold|move: Follow Me\n|move|p1b: Chi-Yu|Heat Wave|p2a: Don|[spread] p2a,p2b\n|-resisted|p2b: Doglefox\n|-damage|p2a: Don|39\/100\n|-damage|p2b: Doglefox|45\/100\n|move|p2b: Doglefox|Flare Blitz|p1a: Maushold\n|-damage|p1a: Maushold|23\/100\n|-damage|p2b: Doglefox|24\/100|[from] Recoil\n|\n|upkeep\n|turn|6\n|\n|t:|1682470577\n|move|p1a: Maushold|Follow Me|p1a: Maushold\n|-singleturn|p1a: Maushold|move: Follow Me\n|move|p2b: Doglefox|Extreme Speed|p1a: Maushold\n|-damage|p1a: Maushold|0 fnt\n|faint|p1a: Maushold\n|move|p2a: Don|Thunder Wave|p1b: Chi-Yu\n|-hint|Since gen 7, Dark is immune to Prankster moves.\n|-immune|p1b: Chi-Yu\n|move|p1b: Chi-Yu|Heat Wave|p2a: Don|[spread] p2a,p2b\n|-resisted|p2b: Doglefox\n|-damage|p2a: Don|0 fnt\n|-damage|p2b: Doglefox|0 fnt\n|faint|p2a: Don\n|faint|p2b: Doglefox\n|\n|upkeep\n|\n|t:|1682470589\n|switch|p1a: Gholdengo|Gholdengo, L50|23\/100\n|switch|p2b: Alexi|Magnezone, L50|91\/100\n|turn|7\n|\n|t:|1682470597\n|move|p1b: Chi-Yu|Heat Wave|p2b: Alexi|[miss]\n|-miss|p1b: Chi-Yu|p2b: Alexi\n|move|p1a: Gholdengo|Nasty Plot|p1a: Gholdengo\n|-boost|p1a: Gholdengo|spa|2\n|move|p2b: Alexi|Thunderbolt|p1b: Chi-Yu\n|-damage|p1b: Chi-Yu|0 fnt\n|faint|p1b: Chi-Yu\n|\n|-heal|p1a: Gholdengo|29\/100|[from] item: Leftovers\n|upkeep\n|turn|8\n|\n|t:|1682470605\n|move|p1a: Gholdengo|Shadow Ball|p2b: Alexi\n|-damage|p2b: Alexi|28\/100\n|move|p2b: Alexi|Thunderbolt|p1a: Gholdengo\n|-damage|p1a: Gholdengo|0 fnt\n|faint|p1a: Gholdengo\n|\n|win|Thebugkid\n|raw|DaGreedent+'s rating: 1248 → 1222<\/strong> (-26 for losing)\n|raw|Thebugkid's rating: 1230 → 1256<\/strong> (+26 for winning)\n|l|\u2606DaGreedent+\n|c|\u2606Thebugkid|Gg\n","uploadtime":1682470620,"views":14,"p1id":"dagreedent","p2id":"thebugkid","formatid":"gen9vgc2023regulationc","rating":1222,"private":0,"password":""}