{"id":"gen9vgc2023regulationc-1847480599","p1":"Rin Itachi","p2":"AnthonyL","format":"[Gen 9] VGC 2023 Regulation C","log":"|j|\u2606Rin Itachi\n|j|\u2606AnthonyL\n|t:|1681960425\n|gametype|doubles\n|player|p1|Rin Itachi|marley|1448\n|player|p2|AnthonyL|lucas|1356\n|teamsize|p1|6\n|teamsize|p2|6\n|gen|9\n|tier|[Gen 9] VGC 2023 Regulation C\n|rated|\n|rule|Species Clause: Limit one of each Pok\u00e9mon\n|rule|Item Clause: Limit one of each item\n|clearpoke\n|poke|p1|Talonflame, L50, F|\n|poke|p1|Great Tusk, L50|\n|poke|p1|Chi-Yu, L50|\n|poke|p1|Flutter Mane, L50|\n|poke|p1|Gyarados, L50, F|\n|poke|p1|Indeedee-F, L50, F|\n|poke|p2|Rotom-Wash, L50|\n|poke|p2|Garchomp, L50, F|\n|poke|p2|Amoonguss, L50, F|\n|poke|p2|Flutter Mane, L50|\n|poke|p2|Chi-Yu, L50|\n|poke|p2|Corviknight, L50, F|\n|teampreview|4\n|inactive|Battle timer is ON: inactive players will automatically lose when time's up. (requested by AnthonyL)\nAnthonyL has agreed to open team sheets.\nRin Itachi rejected open team sheets.\n|inactive|AnthonyL has 60 seconds left.\n|\n|t:|1681960462\n|start\n|switch|p1a: Itachi Rin|Flutter Mane, L50|100\/100\n|switch|p1b: Chi-Yu|Chi-Yu, L50|100\/100\n|switch|p2a: Corviknight|Corviknight, L50, F|100\/100\n|switch|p2b: Garchomp|Garchomp, L50, F|100\/100\n|-ability|p1b: Chi-Yu|Beads of Ruin\n|-enditem|p1a: Itachi Rin|Booster Energy\n|-activate|p1a: Itachi Rin|ability: Protosynthesis|[fromitem]\n|-start|p1a: Itachi Rin|protosynthesisspa\n|turn|1\n|\n|t:|1681960477\n|-terastallize|p2a: Corviknight|Water\n|move|p2b: Garchomp|Protect|p2b: Garchomp\n|-singleturn|p2b: Garchomp|Protect\n|move|p1a: Itachi Rin|Shadow Ball|p2b: Garchomp\n|-activate|p2b: Garchomp|move: Protect\n|move|p1b: Chi-Yu|Dark Pulse|p2b: Garchomp\n|-activate|p2b: Garchomp|move: Protect\n|move|p2a: Corviknight|Tailwind|p2a: Corviknight\n|-sidestart|p2: AnthonyL|move: Tailwind\n|\n|upkeep\n|turn|2\n|\n|t:|1681960489\n|switch|p1b: Gyarados|Gyarados, L50, F|100\/100\n|-ability|p1b: Gyarados|Intimidate|boost\n|-ability|p2a: Corviknight|Mirror Armor\n|-unboost|p1b: Gyarados|atk|1\n|-unboost|p2b: Garchomp|atk|1\n|move|p1a: Itachi Rin|Protect|p1a: Itachi Rin\n|-singleturn|p1a: Itachi Rin|Protect\n|move|p2b: Garchomp|Earthquake|p1a: Itachi Rin|[spread] p2a\n|-activate|p1a: Itachi Rin|move: Protect\n|-immune|p1b: Gyarados\n|-damage|p2a: Corviknight|76\/100\n|-damage|p2b: Garchomp|91\/100|[from] item: Life Orb\n|move|p2a: Corviknight|Body Press|p1b: Gyarados\n|-resisted|p1b: Gyarados\n|-damage|p1b: Gyarados|89\/100\n|\n|upkeep\n|turn|3\n|\n|t:|1681960509\n|switch|p1b: Great Tusk|Great Tusk, L50|100\/100\n|move|p2b: Garchomp|Rock Slide|p1a: Itachi Rin|[spread] p1a,p1b\n|-resisted|p1b: Great Tusk\n|-damage|p1a: Itachi Rin|74\/100\n|-damage|p1b: Great Tusk|98\/100\n|-damage|p2b: Garchomp|81\/100|[from] item: Life Orb\n|move|p2a: Corviknight|Brave Bird|p1a: Itachi Rin\n|-damage|p1a: Itachi Rin|12\/100\n|-damage|p2a: Corviknight|60\/100|[from] Recoil\n|move|p1a: Itachi Rin|Substitute|p1a: Itachi Rin\n|-fail|p1a: Itachi Rin|move: Substitute|[weak]\n|\n|upkeep\n|turn|4\n|inactive|AnthonyL has 30 seconds left.\n|\n|t:|1681960534\n|move|p1a: Itachi Rin|Protect|p1a: Itachi Rin\n|-singleturn|p1a: Itachi Rin|Protect\n|move|p1b: Great Tusk|Protect|p1b: Great Tusk\n|-singleturn|p1b: Great Tusk|Protect\n|move|p2b: Garchomp|Rock Slide|p1b: Great Tusk|[spread] \n|-activate|p1a: Itachi Rin|move: Protect\n|-activate|p1b: Great Tusk|move: Protect\n|move|p2a: Corviknight|Roost|p2a: Corviknight\n|-heal|p2a: Corviknight|100\/100\n|\n|-sideend|p2: AnthonyL|move: Tailwind\n|upkeep\n|turn|5\n|\n|t:|1681960552\n|move|p2b: Garchomp|Protect|p2b: Garchomp\n|-singleturn|p2b: Garchomp|Protect\n|move|p1a: Itachi Rin|Shadow Ball|p2a: Corviknight\n|-damage|p2a: Corviknight|58\/100\n|move|p1b: Great Tusk|Headlong Rush|p2a: Corviknight\n|-damage|p2a: Corviknight|6\/100\n|-unboost|p1b: Great Tusk|def|1\n|-unboost|p1b: Great Tusk|spd|1\n|move|p2a: Corviknight|Tailwind|p2a: Corviknight\n|-sidestart|p2: AnthonyL|move: Tailwind\n|\n|upkeep\n|turn|6\n|\n|t:|1681960562\n|-end|p1b: Great Tusk|Protosynthesis|[silent]\n|switch|p1b: Gyarados|Gyarados, L50, F|89\/100\n|-ability|p1b: Gyarados|Intimidate|boost\n|-ability|p2a: Corviknight|Mirror Armor\n|-unboost|p1b: Gyarados|atk|1\n|-unboost|p2b: Garchomp|atk|1\n|move|p1a: Itachi Rin|Protect|p1a: Itachi Rin\n|-singleturn|p1a: Itachi Rin|Protect\n|move|p2b: Garchomp|Rock Slide|p1a: Itachi Rin|[spread] p1b\n|-activate|p1a: Itachi Rin|move: Protect\n|-supereffective|p1b: Gyarados\n|-damage|p1b: Gyarados|61\/100\n|-damage|p2b: Garchomp|71\/100|[from] item: Life Orb\n|move|p2a: Corviknight|Brave Bird|p1b: Gyarados\n|-damage|p1b: Gyarados|25\/100\n|-damage|p2a: Corviknight|0 fnt|[from] Recoil\n|faint|p2a: Corviknight\n|\n|upkeep\n|\n|t:|1681960568\n|switch|p2a: Flutter Mane|Flutter Mane, L50|100\/100\n|-enditem|p2a: Flutter Mane|Booster Energy\n|-activate|p2a: Flutter Mane|ability: Protosynthesis|[fromitem]\n|-start|p2a: Flutter Mane|protosynthesisspe\n|turn|7\n|\n|t:|1681960585\n|switch|p2b: Chi-Yu|Chi-Yu, L50|100\/100\n|-ability|p2b: Chi-Yu|Beads of Ruin\n|move|p2a: Flutter Mane|Dazzling Gleam|p1a: Itachi Rin|[spread] p1a,p1b\n|-damage|p1a: Itachi Rin|0 fnt\n|-damage|p1b: Gyarados|0 fnt\n|faint|p1a: Itachi Rin\n|-end|p1a: Itachi Rin|Protosynthesis|[silent]\n|faint|p1b: Gyarados\n|\n|upkeep\n|-message|Rin Itachi forfeited.\n|\n|win|AnthonyL\n|raw|Rin Itachi's rating: 1448 → 1423<\/strong> (-25 for losing)\n|raw|AnthonyL's rating: 1356 → 1381<\/strong> (+25 for winning)\n|l|\u2606Rin Itachi\n","uploadtime":1681960599,"views":7,"p1id":"rinitachi","p2id":"anthonyl","formatid":"gen9vgc2023regulationc","rating":1381,"private":0,"password":""}