{"id":"gen9vgc2023regulationc-1857499982","p1":"bravadomercenary","p2":"NqNSuper","format":"[Gen 9] VGC 2023 Regulation C","log":"|j|\u2606bravadomercenary\n|j|\u2606NqNSuper\n|t:|1683202038\n|gametype|doubles\n|player|p1|bravadomercenary|265|1178\n|player|p2|NqNSuper|170|1196\n|teamsize|p1|6\n|teamsize|p2|6\n|gen|9\n|tier|[Gen 9] VGC 2023 Regulation C\n|rated|\n|rule|Species Clause: Limit one of each Pok\u00e9mon\n|rule|Item Clause: Limit one of each item\n|clearpoke\n|poke|p1|Armarouge, L50, M|\n|poke|p1|Indeedee-F, L50, F|\n|poke|p1|Palafin, L50, F|\n|poke|p1|Flutter Mane, L50|\n|poke|p1|Iron Hands, L50|\n|poke|p1|Baxcalibur, L50, M|\n|poke|p2|Flutter Mane, L50|\n|poke|p2|Chi-Yu, L50|\n|poke|p2|Roaring Moon, L50|\n|poke|p2|Jumpluff, L50, F|\n|poke|p2|Wo-Chien, L50|\n|poke|p2|Torkoal, L50, M|\n|teampreview|4\n|inactive|Battle timer is ON: inactive players will automatically lose when time's up. (requested by bravadomercenary)\n|inactive|bravadomercenary has 60 seconds left.\n|inactive|bravadomercenary has 30 seconds left.\n|inactive|bravadomercenary has 20 seconds left.\nNqNSuper rejected open team sheets.\n|inactive|bravadomercenary has 15 seconds left.\n|inactive|bravadomercenary has 10 seconds left.\n|\n|t:|1683202120\n|start\n|switch|p1a: Armarouge|Armarouge, L50, M, shiny|100\/100\n|switch|p1b: Indeedee|Indeedee-F, L50, F, shiny|100\/100\n|switch|p2a: Jumpluff|Jumpluff, L50, F|100\/100\n|switch|p2b: Roaring Moon|Roaring Moon, L50|100\/100\n|-fieldstart|move: Psychic Terrain|[from] ability: Psychic Surge|[of] p1b: Indeedee\n|turn|1\n|\n|t:|1683202134\n|-terastallize|p1a: Armarouge|Grass\n|move|p2a: Jumpluff|Protect|p2a: Jumpluff\n|-singleturn|p2a: Jumpluff|Protect\n|move|p2b: Roaring Moon|Protect|p2b: Roaring Moon\n|-singleturn|p2b: Roaring Moon|Protect\n|move|p1b: Indeedee|Follow Me|p1b: Indeedee\n|-singleturn|p1b: Indeedee|move: Follow Me\n|move|p1a: Armarouge|Expanding Force|p2b: Roaring Moon|[spread] \n|-activate|p2a: Jumpluff|move: Protect\n|-activate|p2b: Roaring Moon|move: Protect\n|\n|upkeep\n|turn|2\n|c|\u2606bravadomercenary|Its the team aaron featured ik\n|inactive|bravadomercenary has 30 seconds left.\n|inactive|NqNSuper has 30 seconds left.\n|inactive|NqNSuper has 20 seconds left.\n|\n|t:|1683202171\n|move|p2a: Jumpluff|Sleep Powder|p1b: Indeedee\n|-activate|p1b: Indeedee|item: Safety Goggles|Sleep Powder\n|move|p2b: Roaring Moon|Acrobatics|p1a: Armarouge\n|-supereffective|p1a: Armarouge\n|-damage|p1a: Armarouge|59\/100\n|move|p1b: Indeedee|Dazzling Gleam|p2a: Jumpluff|[spread] p2a,p2b\n|-supereffective|p2b: Roaring Moon\n|-damage|p2a: Jumpluff|87\/100\n|-damage|p2b: Roaring Moon|57\/100\n|-enditem|p2b: Roaring Moon|Weakness Policy\n|-boost|p2b: Roaring Moon|atk|2|[from] item: Weakness Policy\n|-boost|p2b: Roaring Moon|spa|2|[from] item: Weakness Policy\n|move|p1a: Armarouge|Expanding Force|p2a: Jumpluff|[spread] p2a\n|-immune|p2b: Roaring Moon\n|-damage|p2a: Jumpluff|3\/100\n|-damage|p1a: Armarouge|49\/100|[from] item: Life Orb\n|\n|upkeep\n|turn|3\n|\n|t:|1683202191\n|-terastallize|p2b: Roaring Moon|Ground\n|move|p1b: Indeedee|Follow Me|p1b: Indeedee\n|-singleturn|p1b: Indeedee|move: Follow Me\n|move|p2a: Jumpluff|Absorb|p1b: Indeedee\n|-damage|p1b: Indeedee|95\/100\n|-heal|p2a: Jumpluff|5\/100|[from] drain|[of] p1b: Indeedee\n|move|p2b: Roaring Moon|Earthquake|p1b: Indeedee|[spread] p1a,p1b\n|-immune|p2a: Jumpluff\n|-resisted|p1a: Armarouge\n|-damage|p1a: Armarouge|7\/100\n|-damage|p1b: Indeedee|2\/100\n|move|p1a: Armarouge|Expanding Force|p2a: Jumpluff|[spread] p2a,p2b\n|-damage|p2a: Jumpluff|0 fnt\n|-damage|p2b: Roaring Moon|0 fnt\n|faint|p2a: Jumpluff\n|faint|p2b: Roaring Moon\n|-end|p2b: Roaring Moon|Protosynthesis|[silent]\n|-damage|p1a: Armarouge|0 fnt|[from] item: Life Orb\n|faint|p1a: Armarouge\n|\n|upkeep\n|\n|t:|1683202195\n|switch|p2a: Wo-Chien|Wo-Chien, L50|100\/100\n|switch|p2b: Chi-Yu|Chi-Yu, L50|100\/100\n|switch|p1a: Iron Hands|Iron Hands, L50|100\/100\n|-ability|p2b: Chi-Yu|Beads of Ruin\n|-ability|p2a: Wo-Chien|Tablets of Ruin\n|turn|4\n|\n|t:|1683202217\n|move|p2b: Chi-Yu|Protect|p2b: Chi-Yu\n|-singleturn|p2b: Chi-Yu|Protect\n|move|p1b: Indeedee|Follow Me|p1b: Indeedee\n|-singleturn|p1b: Indeedee|move: Follow Me\n|move|p1a: Iron Hands|Belly Drum|p1a: Iron Hands\n|-damage|p1a: Iron Hands|50\/100\n|-setboost|p1a: Iron Hands|atk|6|[from] move: Belly Drum\n|-enditem|p1a: Iron Hands|Sitrus Berry|[eat]\n|-heal|p1a: Iron Hands|75\/100|[from] item: Sitrus Berry\n|move|p2a: Wo-Chien|Dark Pulse|p1b: Indeedee\n|-supereffective|p1b: Indeedee\n|-damage|p1b: Indeedee|0 fnt\n|faint|p1b: Indeedee\n|\n|upkeep\n|inactive|bravadomercenary has 30 seconds left.\n|\n|t:|1683202248\n|switch|p1b: Baxcalibur|Baxcalibur, L50, M|100\/100\n|turn|5\n|\n|t:|1683202260\n|move|p1b: Baxcalibur|Glaive Rush|p2b: Chi-Yu\n|-crit|p2b: Chi-Yu\n|-damage|p2b: Chi-Yu|0 fnt\n|-singlemove|p1b: Baxcalibur|Glaive Rush|[silent]\n|faint|p2b: Chi-Yu\n|move|p1a: Iron Hands|Drain Punch|p2a: Wo-Chien\n|-supereffective|p2a: Wo-Chien\n|-crit|p2a: Wo-Chien\n|-damage|p2a: Wo-Chien|0 fnt\n|-heal|p1a: Iron Hands|100\/100|[from] drain|[of] p2a: Wo-Chien\n|faint|p2a: Wo-Chien\n|\n|win|bravadomercenary\n|raw|bravadomercenary's rating: 1178 → 1204<\/strong> (+26 for winning)\n|raw|NqNSuper's rating: 1196 → 1170<\/strong> (-26 for losing)\n|c|\u2606bravadomercenary|sheesh\n","uploadtime":1683202294,"views":5,"p1id":"bravadomercenary","p2id":"nqnsuper","formatid":"gen9vgc2023regulationc","rating":1170,"private":0,"password":""}