{"id":"gen9vgc2023regulationc-1848983613","p1":"zek123","p2":"PatMatrick","format":"[Gen 9] VGC 2023 Regulation C","log":"|j|\u2606zek123\n|j|\u2606PatMatrick\n|t:|1682134521\n|gametype|doubles\n|player|p1|zek123|blaine|1132\n|player|p2|PatMatrick|266|1086\n|teamsize|p1|6\n|teamsize|p2|6\n|gen|9\n|tier|[Gen 9] VGC 2023 Regulation C\n|rated|\n|rule|Species Clause: Limit one of each Pok\u00e9mon\n|rule|Item Clause: Limit one of each item\n|clearpoke\n|poke|p1|Torkoal, L50, M|\n|poke|p1|Great Tusk, L50|\n|poke|p1|Rotom-Wash, L50|\n|poke|p1|Gengar, L50, M|\n|poke|p1|Dragonite, L50, F|\n|poke|p1|Garchomp, L50, M|\n|poke|p2|Arcanine, L50, M|\n|poke|p2|Ting-Lu, L50|\n|poke|p2|Amoonguss, L50, F|\n|poke|p2|Flutter Mane, L50|\n|poke|p2|Kingambit, L50, F|\n|poke|p2|Palafin, L50, M|\n|teampreview|4\n|\n|t:|1682134555\n|start\n|switch|p1a: Dragonite|Dragonite, L50, F|100\/100\n|switch|p1b: Garchomp|Garchomp, L50, M|100\/100\n|switch|p2a: Mac|Palafin, L50, M|100\/100\n|switch|p2b: Sweet Dee|Flutter Mane, L50|100\/100\n|turn|1\n|\n|t:|1682134598\n|switch|p1b: Rotom|Rotom-Wash, L50|100\/100\n|switch|p1a: Torkoal|Torkoal, L50, M|100\/100\n|-weather|SunnyDay|[from] ability: Drought|[of] p1a: Torkoal\n|-activate|p2b: Sweet Dee|ability: Protosynthesis\n|-start|p2b: Sweet Dee|protosynthesisspe\n|-terastallize|p2a: Mac|Water\n|move|p2b: Sweet Dee|Moonblast|p1b: Rotom\n|-damage|p1b: Rotom|21\/100\n|-unboost|p1b: Rotom|spa|1\n|-enditem|p1b: Rotom|Mago Berry|[eat]\n|-heal|p1b: Rotom|54\/100|[from] item: Mago Berry\n|-damage|p2b: Sweet Dee|91\/100|[from] item: Life Orb\n|move|p2a: Mac|Wave Crash|p1b: Rotom\n|-resisted|p1b: Rotom\n|-damage|p1b: Rotom|31\/100\n|-damage|p2a: Mac|96\/100|[from] Recoil\n|\n|-weather|SunnyDay|[upkeep]\n|upkeep\n|turn|2\n|\n|t:|1682134633\n|detailschange|p2a: Mac|Palafin-Hero, L50, M, tera:Water\n|switch|p2a: Charlie|Arcanine, L50, M|100\/100\n|-ability|p2a: Charlie|Intimidate|boost\n|-unboost|p1a: Torkoal|atk|1\n|-unboost|p1b: Rotom|atk|1\n|move|p2b: Sweet Dee|Shadow Ball|p1b: Rotom\n|-damage|p1b: Rotom|0 fnt\n|faint|p1b: Rotom\n|-damage|p2b: Sweet Dee|81\/100|[from] item: Life Orb\n|move|p1a: Torkoal|Yawn|p2a: Charlie\n|-start|p2a: Charlie|move: Yawn|[of] p1a: Torkoal\n|\n|-weather|SunnyDay|[upkeep]\n|upkeep\n|\n|t:|1682134646\n|switch|p1b: Dragonite|Dragonite, L50, F|100\/100\n|turn|3\n|\n|t:|1682134666\n|-terastallize|p1b: Dragonite|Normal\n|move|p1a: Torkoal|Helping Hand|p1b: Dragonite\n|-singleturn|p1b: Dragonite|Helping Hand|[of] p1a: Torkoal\n|move|p2a: Charlie|Extreme Speed|p1a: Torkoal\n|-damage|p1a: Torkoal|83\/100\n|move|p2b: Sweet Dee|Shadow Ball|p1a: Torkoal\n|-damage|p1a: Torkoal|34\/100\n|-enditem|p1a: Torkoal|Sitrus Berry|[eat]\n|-heal|p1a: Torkoal|59\/100|[from] item: Sitrus Berry\n|-damage|p2b: Sweet Dee|72\/100|[from] item: Life Orb\n|move|p1b: Dragonite|Ice Spinner|p2b: Sweet Dee\n|-damage|p2b: Sweet Dee|0 fnt\n|faint|p2b: Sweet Dee\n|-end|p2b: Sweet Dee|Protosynthesis|[silent]\n|\n|-weather|SunnyDay|[upkeep]\n|-end|p2a: Charlie|move: Yawn|[silent]\n|-status|p2a: Charlie|slp\n|upkeep\n|\n|t:|1682134684\n|switch|p2b: Frank|Amoonguss, L50, F|100\/100\n|turn|4\n|\n|t:|1682134700\n|move|p1a: Torkoal|Helping Hand|p1b: Dragonite\n|-singleturn|p1b: Dragonite|Helping Hand|[of] p1a: Torkoal\n|cant|p2a: Charlie|slp\n|move|p1b: Dragonite|Ice Spinner|p2b: Frank\n|-supereffective|p2b: Frank\n|-damage|p2b: Frank|0 fnt\n|faint|p2b: Frank\n|\n|-weather|SunnyDay|[upkeep]\n|upkeep\n|\n|t:|1682134708\n|switch|p2b: Mac|Palafin-Hero, L50, M, tera:Water|96\/100\n|-activate|p2b: Mac|ability: Zero to Hero\n|turn|5\n|\n|t:|1682134718\n|switch|p1b: Garchomp|Garchomp, L50, M|100\/100\n|move|p2b: Mac|Protect|p2b: Mac\n|-singleturn|p2b: Mac|Protect\n|move|p1a: Torkoal|Protect|p1a: Torkoal\n|-singleturn|p1a: Torkoal|Protect\n|cant|p2a: Charlie|slp\n|\n|-weather|none\n|upkeep\n|turn|6\n|\n|t:|1682134753\n|move|p1b: Garchomp|Protect|p1b: Garchomp\n|-singleturn|p1b: Garchomp|Protect\n|cant|p2a: Charlie|slp\n|move|p2b: Mac|Wave Crash|p1b: Garchomp\n|-activate|p1b: Garchomp|move: Protect\n|move|p1a: Torkoal|Yawn|p2b: Mac\n|-start|p2b: Mac|move: Yawn|[of] p1a: Torkoal\n|\n|upkeep\n|turn|7\n|\n|t:|1682134783\n|move|p1a: Torkoal|Helping Hand|p1b: Garchomp\n|-singleturn|p1b: Garchomp|Helping Hand|[of] p1a: Torkoal\n|move|p1b: Garchomp|Earthquake|p2b: Mac|[spread] p1a,p2a,p2b\n|-supereffective|p1a: Torkoal\n|-supereffective|p2a: Charlie\n|-damage|p1a: Torkoal|0 fnt\n|-damage|p2a: Charlie|0 fnt\n|-damage|p2b: Mac|40\/100\n|faint|p1a: Torkoal\n|faint|p2a: Charlie\n|move|p2b: Mac|Wave Crash|p1b: Garchomp\n|-damage|p1b: Garchomp|0 fnt\n|-damage|p2b: Mac|27\/100|[from] ability: Rough Skin|[of] p1b: Garchomp\n|faint|p1b: Garchomp\n|-damage|p2b: Mac|0 fnt|[from] Recoil\n|faint|p2b: Mac\n|\n|win|zek123\n|raw|zek123's rating: 1132 → 1154<\/strong> (+22 for winning)\n|raw|PatMatrick's rating: 1086 → 1066<\/strong> (-20 for losing)\n|l|\u2606PatMatrick\n","uploadtime":1682136199,"views":14,"p1id":"zek123","p2id":"patmatrick","formatid":"gen9vgc2023regulationc","rating":1066,"private":0,"password":""}