{"id":"gen9vgc2023regulationc-1860778774","p1":"XJ09","p2":"ROGER1407","format":"[Gen 9] VGC 2023 Regulation C","log":"|j|\u2606XJ09\n|j|\u2606ROGER1407\n|t:|1683676858\n|gametype|doubles\n|player|p1|XJ09|cynthia|1301\n|player|p2|ROGER1407|265|1225\n|teamsize|p1|6\n|teamsize|p2|6\n|gen|9\n|tier|[Gen 9] VGC 2023 Regulation C\n|rated|\n|rule|Species Clause: Limit one of each Pok\u00e9mon\n|rule|Item Clause: Limit one of each item\n|clearpoke\n|poke|p1|Garganacl, L50, F|\n|poke|p1|Ting-Lu, L50|\n|poke|p1|Gyarados, L50, F|\n|poke|p1|Annihilape, L50, F|\n|poke|p1|Grimmsnarl, L50, M|\n|poke|p1|Roaring Moon, L50|\n|poke|p2|Arcanine, L50, F|\n|poke|p2|Amoonguss, L50, F|\n|poke|p2|Iron Bundle, L50|\n|poke|p2|Palafin, L50, F|\n|poke|p2|Ting-Lu, L50|\n|poke|p2|Pelipper, L50, F|\n|teampreview|4\n|inactive|Battle timer is ON: inactive players will automatically lose when time's up. (requested by ROGER1407)\n|inactive|ROGER1407 has 60 seconds left.\n|\n|t:|1683676902\n|start\n|switch|p1a: Grimmsnarl|Grimmsnarl, L50, M|100\/100\n|switch|p1b: Ting-Lu|Ting-Lu, L50|100\/100\n|switch|p2a: Iron Bundle|Iron Bundle, L50|100\/100\n|switch|p2b: Palafin|Palafin, L50, F|100\/100\n|-ability|p1b: Ting-Lu|Vessel of Ruin\n|-enditem|p2a: Iron Bundle|Booster Energy\n|-activate|p2a: Iron Bundle|ability: Quark Drive|[fromitem]\n|-start|p2a: Iron Bundle|quarkdrivespe\n|turn|1\n|inactive|XJ09 has 30 seconds left.\n|inactive|ROGER1407 has 30 seconds left.\n|inactive|XJ09 has 20 seconds left.\n|inactive|XJ09 has 15 seconds left.\n|\n|t:|1683676945\n|detailschange|p2b: Palafin|Palafin-Hero, L50, F\n|switch|p2b: Arcanine|Arcanine, L50, F|100\/100\n|-ability|p2b: Arcanine|Intimidate|boost\n|-unboost|p1a: Grimmsnarl|atk|1\n|-unboost|p1b: Ting-Lu|atk|1\n|switch|p1b: Annihilape|Annihilape, L50, F|100\/100\n|move|p1a: Grimmsnarl|Thunder Wave|p2b: Arcanine\n|-status|p2b: Arcanine|par\n|move|p2a: Iron Bundle|Hydro Pump|p1b: Annihilape\n|-damage|p1b: Annihilape|65\/100\n|\n|upkeep\n|turn|2\n|inactive|XJ09 has 30 seconds left.\n|inactive|ROGER1407 has 30 seconds left.\n|\n|t:|1683676975\n|move|p2a: Iron Bundle|Protect|p2a: Iron Bundle\n|-singleturn|p2a: Iron Bundle|Protect\n|move|p1a: Grimmsnarl|Trick|p2a: Iron Bundle\n|-activate|p2a: Iron Bundle|move: Protect\n|move|p1b: Annihilape|Bulk Up|p1b: Annihilape\n|-boost|p1b: Annihilape|atk|1\n|-boost|p1b: Annihilape|def|1\n|move|p2b: Arcanine|Will-O-Wisp|p1b: Annihilape|[miss]\n|-miss|p2b: Arcanine|p1b: Annihilape\n|\n|upkeep\n|turn|3\n|inactive|XJ09 has 30 seconds left.\n|inactive|ROGER1407 has 30 seconds left.\n|inactive|XJ09 has 20 seconds left.\n|inactive|XJ09 has 15 seconds left.\n|\n|t:|1683677017\n|move|p1a: Grimmsnarl|Parting Shot|p2a: Iron Bundle\n|-unboost|p2a: Iron Bundle|atk|1\n|-unboost|p2a: Iron Bundle|spa|1\n|\n|t:|1683677026\n|switch|p1a: Gyarados|Gyarados, L50, F|100\/100|[from] Parting Shot\n|-ability|p1a: Gyarados|Intimidate|boost\n|-unboost|p2a: Iron Bundle|atk|1\n|-unboost|p2b: Arcanine|atk|1\n|move|p2a: Iron Bundle|Encore|p1b: Annihilape\n|-start|p1b: Annihilape|Encore\n|move|p1b: Annihilape|Bulk Up|p1b: Annihilape\n|-boost|p1b: Annihilape|atk|1\n|-boost|p1b: Annihilape|def|1\n|cant|p2b: Arcanine|par\n|\n|upkeep\n|turn|4\n|inactive|XJ09 has 30 seconds left.\n|inactive|ROGER1407 has 30 seconds left.\n|\n|t:|1683677062\n|switch|p2b: Palafin|Palafin-Hero, L50, F|100\/100\n|-activate|p2b: Palafin|ability: Zero to Hero\n|move|p2a: Iron Bundle|Hydro Pump|p1b: Annihilape\n|-damage|p1b: Annihilape|41\/100\n|-enditem|p1b: Annihilape|Sitrus Berry|[eat]\n|-heal|p1b: Annihilape|66\/100|[from] item: Sitrus Berry\n|move|p1a: Gyarados|Waterfall|p2b: Palafin\n|-resisted|p2b: Palafin\n|-damage|p2b: Palafin|82\/100\n|move|p1b: Annihilape|Bulk Up|p1b: Annihilape\n|-boost|p1b: Annihilape|atk|1\n|-boost|p1b: Annihilape|def|1\n|\n|upkeep\n|turn|5\n|inactive|XJ09 has 30 seconds left.\n|inactive|ROGER1407 has 30 seconds left.\n|inactive|XJ09 has 20 seconds left.\n|\n|t:|1683677100\n|switch|p1a: Grimmsnarl|Grimmsnarl, L50, M|100\/100\n|move|p2a: Iron Bundle|Freeze-Dry|p1b: Annihilape\n|-damage|p1b: Annihilape|50\/100\n|move|p2b: Palafin|Wave Crash|p1b: Annihilape\n|-damage|p1b: Annihilape|23\/100\n|-damage|p2b: Palafin|73\/100|[from] Recoil\n|move|p1b: Annihilape|Bulk Up|p1b: Annihilape\n|-boost|p1b: Annihilape|atk|1\n|-boost|p1b: Annihilape|def|1\n|\n|-end|p1b: Annihilape|Encore\n|upkeep\n|turn|6\n|inactive|ROGER1407 has 30 seconds left.\n|inactive|ROGER1407 has 20 seconds left.\n|inactive|ROGER1407 has 15 seconds left.\n|inactive|ROGER1407 has 10 seconds left.\n|\n|t:|1683677149\n|move|p1b: Annihilape|Protect|p1b: Annihilape\n|-singleturn|p1b: Annihilape|Protect\n|move|p1a: Grimmsnarl|Thunder Wave|p2a: Iron Bundle\n|-status|p2a: Iron Bundle|par\n|move|p2b: Palafin|Wave Crash|p1b: Annihilape\n|-activate|p1b: Annihilape|move: Protect\n|cant|p2a: Iron Bundle|par\n|\n|upkeep\n|turn|7\n|\n|t:|1683677168\n|move|p1a: Grimmsnarl|Thunder Wave|p2b: Palafin\n|-status|p2b: Palafin|par\n|move|p2a: Iron Bundle|Encore|p1b: Annihilape\n|-start|p1b: Annihilape|Encore\n|move|p1b: Annihilape|Protect||[still]\n|-fail|p1b: Annihilape\n|move|p2b: Palafin|Wave Crash|p1b: Annihilape\n|-damage|p1b: Annihilape|1\/100\n|-damage|p2b: Palafin|66\/100 par|[from] Recoil\n|\n|upkeep\n|turn|8\n|inactive|XJ09 has 30 seconds left.\n|inactive|XJ09 has 20 seconds left.\n|\n|t:|1683677206\n|move|p1b: Annihilape|Protect|p1b: Annihilape\n|-singleturn|p1b: Annihilape|Protect\n|move|p1a: Grimmsnarl|Parting Shot|p2a: Iron Bundle\n|-unboost|p2a: Iron Bundle|atk|1\n|-unboost|p2a: Iron Bundle|spa|1\n|\n|t:|1683677223\n|switch|p1a: Gyarados|Gyarados, L50, F|100\/100|[from] Parting Shot\n|-ability|p1a: Gyarados|Intimidate|boost\n|-unboost|p2a: Iron Bundle|atk|1\n|-fail|p2b: Palafin|unboost|[from] item: Clear Amulet|[of] p2b: Palafin\n|move|p2a: Iron Bundle|Freeze-Dry|p1a: Gyarados\n|-supereffective|p1a: Gyarados\n|-damage|p1a: Gyarados|35\/100\n|move|p2b: Palafin|Wave Crash|p1a: Gyarados\n|-resisted|p1a: Gyarados\n|-damage|p1a: Gyarados|0 fnt\n|faint|p1a: Gyarados\n|-damage|p2b: Palafin|57\/100 par|[from] Recoil\n|\n|upkeep\n|\n|t:|1683677238\n|switch|p1a: Ting-Lu|Ting-Lu, L50|100\/100\n|-ability|p1a: Ting-Lu|Vessel of Ruin\n|turn|9\n|\n|t:|1683677253\n|-end|p2a: Iron Bundle|Quark Drive|[silent]\n|switch|p2a: Arcanine|Arcanine, L50, F|100\/100 par\n|-ability|p2a: Arcanine|Intimidate|boost\n|-unboost|p1a: Ting-Lu|atk|1\n|-unboost|p1b: Annihilape|atk|1\n|-ability|p1b: Annihilape|Defiant|boost\n|-boost|p1b: Annihilape|atk|2\n|-terastallize|p1a: Ting-Lu|Grass\n|move|p1b: Annihilape|Protect|p1b: Annihilape\n|-singleturn|p1b: Annihilape|Protect\n|move|p2b: Palafin|Jet Punch|p1b: Annihilape\n|-activate|p1b: Annihilape|move: Protect\n|move|p1a: Ting-Lu|Fissure|p2a: Arcanine|[miss]\n|-miss|p1a: Ting-Lu|p2a: Arcanine\n|\n|-end|p1b: Annihilape|Encore\n|upkeep\n|turn|10\n|inactive|XJ09 has 30 seconds left.\n|inactive|ROGER1407 has 30 seconds left.\n|inactive|XJ09 has 20 seconds left.\n|inactive|XJ09 has 15 seconds left.\n|\n|t:|1683677293\n|cant|p2b: Palafin|par\n|move|p1b: Annihilape|Drain Punch|p2b: Palafin\n|-damage|p2b: Palafin|0 fnt\n|-heal|p1b: Annihilape|29\/100|[from] drain|[of] p2b: Palafin\n|faint|p2b: Palafin\n|move|p1a: Ting-Lu|Stomping Tantrum|p2a: Arcanine\n|-supereffective|p2a: Arcanine\n|-damage|p2a: Arcanine|17\/100 par\n|cant|p2a: Arcanine|par\n|\n|upkeep\n|-message|ROGER1407 forfeited.\n|\n|win|XJ09\n|raw|XJ09's rating: 1301 → 1317<\/strong> (+16 for winning)\n|raw|ROGER1407's rating: 1225 → 1205<\/strong> (-20 for losing)\n|l|\u2606ROGER1407\n","uploadtime":1683677362,"views":17,"p1id":"xj09","p2id":"roger1407","formatid":"gen9vgc2023regulationc","rating":1205,"private":0,"password":""}