{"id":"gen9vgc2023regulationc-1862859893","p1":"drewilliams10","p2":"TonnyDolfing","format":"[Gen 9] VGC 2023 Regulation C","log":"|j|\u2606drewilliams10\n|j|\u2606TonnyDolfing\n|t:|1683930334\n|gametype|doubles\n|player|p1|drewilliams10|dancer|1194\n|player|p2|TonnyDolfing|lucas-gen4pt|1191\n|teamsize|p1|6\n|teamsize|p2|6\n|gen|9\n|tier|[Gen 9] VGC 2023 Regulation C\n|rated|\n|rule|Species Clause: Limit one of each Pok\u00e9mon\n|rule|Item Clause: Limit one of each item\n|clearpoke\n|poke|p1|Slither Wing, L50|\n|poke|p1|Flutter Mane, L50|\n|poke|p1|Torkoal, L50, M|\n|poke|p1|Indeedee-F, L50, F|\n|poke|p1|Gastrodon, L50, M|\n|poke|p1|Great Tusk, L50|\n|poke|p2|Flutter Mane, L50|\n|poke|p2|Amoonguss, L50, F|\n|poke|p2|Iron Hands, L50|\n|poke|p2|Iron Bundle, L50|\n|poke|p2|Gyarados, L50, M|\n|poke|p2|Chi-Yu, L50|\n|teampreview|4\n|inactive|Battle timer is ON: inactive players will automatically lose when time's up. (requested by TonnyDolfing)\n|\n|t:|1683930372\n|start\n|switch|p1a: Indeedee|Indeedee-F, L50, F|100\/100\n|switch|p1b: Flutter Mane|Flutter Mane, L50|100\/100\n|switch|p2a: Gyarados|Gyarados, L50, M|100\/100\n|switch|p2b: Iron Hands|Iron Hands, L50|100\/100\n|-ability|p2a: Gyarados|Intimidate|boost\n|-unboost|p1a: Indeedee|atk|1\n|-unboost|p1b: Flutter Mane|atk|1\n|-fieldstart|move: Psychic Terrain|[from] ability: Psychic Surge|[of] p1a: Indeedee\n|-enditem|p1a: Indeedee|Psychic Seed\n|-boost|p1a: Indeedee|spd|1|[from] item: Psychic Seed\n|-enditem|p1b: Flutter Mane|Booster Energy\n|-activate|p1b: Flutter Mane|ability: Protosynthesis|[fromitem]\n|-start|p1b: Flutter Mane|protosynthesisspe\n|turn|1\n|inactive|drewilliams10 has 30 seconds left.\n|inactive|TonnyDolfing has 30 seconds left.\n|inactive|TonnyDolfing has 20 seconds left.\n|\n|t:|1683930409\n|-end|p2b: Iron Hands|Quark Drive|[silent]\n|switch|p2b: Amoonguss|Amoonguss, L50, F|100\/100\n|move|p2a: Gyarados|Protect|p2a: Gyarados\n|-singleturn|p2a: Gyarados|Protect\n|move|p1b: Flutter Mane|Thunderbolt|p2a: Gyarados\n|-activate|p2a: Gyarados|move: Protect\n|move|p1a: Indeedee|Psychic|p2b: Amoonguss\n|-supereffective|p2b: Amoonguss\n|-damage|p2b: Amoonguss|35\/100\n|-enditem|p2b: Amoonguss|Sitrus Berry|[eat]\n|-heal|p2b: Amoonguss|60\/100|[from] item: Sitrus Berry\n|\n|upkeep\n|turn|2\n|\n|t:|1683930430\n|-end|p1b: Flutter Mane|Protosynthesis|[silent]\n|switch|p1b: Torkoal|Torkoal, L50, M|100\/100\n|-weather|SunnyDay|[from] ability: Drought|[of] p1b: Torkoal\n|switch|p2b: Iron Hands|Iron Hands, L50|100\/100\n|move|p2a: Gyarados|Iron Head|p1b: Torkoal\n|-resisted|p1b: Torkoal\n|-crit|p1b: Torkoal\n|-damage|p1b: Torkoal|83\/100\n|move|p1a: Indeedee|Psychic|p2b: Iron Hands\n|-supereffective|p2b: Iron Hands\n|-crit|p2b: Iron Hands\n|-damage|p2b: Iron Hands|34\/100\n|\n|-weather|SunnyDay|[upkeep]\n|-heal|p1b: Torkoal|89\/100|[from] item: Leftovers\n|upkeep\n|turn|3\n|\n|t:|1683930453\n|-end|p2b: Iron Hands|Quark Drive|[silent]\n|switch|p2b: Amoonguss|Amoonguss, L50, F|93\/100\n|switch|p1b: Slither Wing|Slither Wing, L50, shiny|100\/100\n|-activate|p1b: Slither Wing|ability: Protosynthesis\n|-start|p1b: Slither Wing|protosynthesisatk\n|move|p2a: Gyarados|Thunder Wave|p1a: Indeedee\n|-status|p1a: Indeedee|par\n|move|p1a: Indeedee|Psychic|p2b: Amoonguss\n|-supereffective|p2b: Amoonguss\n|-damage|p2b: Amoonguss|28\/100\n|\n|-weather|SunnyDay|[upkeep]\n|upkeep\n|turn|4\n|inactive|drewilliams10 has 30 seconds left.\n|inactive|TonnyDolfing has 30 seconds left.\n|\n|t:|1683930482\n|-end|p1b: Slither Wing|Protosynthesis|[silent]\n|switch|p1b: Flutter Mane|Flutter Mane, L50|100\/100\n|-activate|p1b: Flutter Mane|ability: Protosynthesis\n|-start|p1b: Flutter Mane|protosynthesisspe\n|move|p2a: Gyarados|Protect|p2a: Gyarados\n|-singleturn|p2a: Gyarados|Protect\n|move|p2b: Amoonguss|Protect|p2b: Amoonguss\n|-singleturn|p2b: Amoonguss|Protect\n|cant|p1a: Indeedee|par\n|\n|-weather|SunnyDay|[upkeep]\n|upkeep\n|turn|5\n|\n|t:|1683930496\n|switch|p2b: Iron Hands|Iron Hands, L50|34\/100\n|move|p1b: Flutter Mane|Thunderbolt|p2a: Gyarados\n|-supereffective|p2a: Gyarados\n|-damage|p2a: Gyarados|0 fnt\n|faint|p2a: Gyarados\n|cant|p1a: Indeedee|par\n|\n|-weather|SunnyDay|[upkeep]\n|-fieldend|move: Psychic Terrain\n|upkeep\n|\n|t:|1683930512\n|switch|p2a: Flutter Mane|Flutter Mane, L50|100\/100\n|-activate|p2a: Flutter Mane|ability: Protosynthesis\n|-start|p2a: Flutter Mane|protosynthesisspe\n|turn|6\n|\n|t:|1683930531\n|-end|p1b: Flutter Mane|Protosynthesis|[silent]\n|switch|p1b: Slither Wing|Slither Wing, L50, shiny|100\/100\n|-activate|p1b: Slither Wing|ability: Protosynthesis\n|-start|p1b: Slither Wing|protosynthesisatk\n|-terastallize|p2a: Flutter Mane|Fairy\n|move|p2b: Iron Hands|Fake Out|p1a: Indeedee\n|-damage|p1a: Indeedee|84\/100 par\n|move|p2a: Flutter Mane|Dazzling Gleam|p1b: Slither Wing|[spread] p1a,p1b\n|-supereffective|p1b: Slither Wing\n|-damage|p1a: Indeedee|50\/100 par\n|-damage|p1b: Slither Wing|0 fnt\n|faint|p1b: Slither Wing\n|-end|p1b: Slither Wing|Protosynthesis|[silent]\n|-damage|p2a: Flutter Mane|91\/100|[from] item: Life Orb\n|cant|p1a: Indeedee|flinch\n|\n|-weather|none\n|-end|p2a: Flutter Mane|Protosynthesis\n|upkeep\n|\n|t:|1683930553\n|switch|p1b: Flutter Mane|Flutter Mane, L50|100\/100\n|turn|7\n|\n|t:|1683930567\n|-end|p2b: Iron Hands|Quark Drive|[silent]\n|switch|p2b: Amoonguss|Amoonguss, L50, F|61\/100\n|-terastallize|p1b: Flutter Mane|Ghost\n|move|p2a: Flutter Mane|Shadow Ball|p1b: Flutter Mane\n|-supereffective|p1b: Flutter Mane\n|-damage|p1b: Flutter Mane|0 fnt\n|faint|p1b: Flutter Mane\n|-end|p1b: Flutter Mane|Protosynthesis|[silent]\n|-damage|p2a: Flutter Mane|81\/100|[from] item: Life Orb\n|move|p1a: Indeedee|Psychic|p2b: Amoonguss\n|-supereffective|p2b: Amoonguss\n|-damage|p2b: Amoonguss|11\/100\n|\n|upkeep\n|\n|t:|1683930576\n|switch|p1b: Torkoal|Torkoal, L50, M|89\/100\n|-weather|SunnyDay|[from] ability: Drought|[of] p1b: Torkoal\n|-activate|p2a: Flutter Mane|ability: Protosynthesis\n|-start|p2a: Flutter Mane|protosynthesisspe\n|turn|8\n|inactive|TonnyDolfing has 30 seconds left.\n|\n|t:|1683930603\n|move|p1b: Torkoal|Protect|p1b: Torkoal\n|-singleturn|p1b: Torkoal|Protect\n|move|p2a: Flutter Mane|Thunderbolt|p1a: Indeedee\n|-damage|p1a: Indeedee|23\/100 par\n|-damage|p2a: Flutter Mane|71\/100|[from] item: Life Orb\n|move|p2b: Amoonguss|Spore|p1b: Torkoal\n|-activate|p1b: Torkoal|move: Protect\n|move|p1a: Indeedee|Trick Room|p1a: Indeedee\n|-fieldstart|move: Trick Room|[of] p1a: Indeedee\n|\n|-weather|SunnyDay|[upkeep]\n|-heal|p1b: Torkoal|95\/100|[from] item: Leftovers\n|upkeep\n|turn|9\n|\n|t:|1683930622\n|switch|p2b: Iron Hands|Iron Hands, L50|34\/100\n|move|p2a: Flutter Mane|Protect|p2a: Flutter Mane\n|-singleturn|p2a: Flutter Mane|Protect\n|move|p1a: Indeedee|Follow Me|p1a: Indeedee\n|-singleturn|p1a: Indeedee|move: Follow Me\n|move|p1b: Torkoal|Eruption|p2b: Iron Hands|[spread] p2b\n|-activate|p2a: Flutter Mane|move: Protect\n|-damage|p2b: Iron Hands|0 fnt\n|faint|p2b: Iron Hands\n|-end|p2b: Iron Hands|Quark Drive|[silent]\n|\n|-weather|SunnyDay|[upkeep]\n|-heal|p1b: Torkoal|100\/100|[from] item: Leftovers\n|upkeep\n|\n|t:|1683930635\n|switch|p2b: Amoonguss|Amoonguss, L50, F|44\/100\n|turn|10\n|\n|t:|1683930650\n|move|p1a: Indeedee|Follow Me|p1a: Indeedee\n|-singleturn|p1a: Indeedee|move: Follow Me\n|move|p1b: Torkoal|Eruption|p2a: Flutter Mane|[spread] p2a,p2b\n|-supereffective|p2b: Amoonguss\n|-damage|p2a: Flutter Mane|0 fnt\n|-damage|p2b: Amoonguss|0 fnt\n|faint|p2a: Flutter Mane\n|-end|p2a: Flutter Mane|Protosynthesis|[silent]\n|faint|p2b: Amoonguss\n|\n|win|drewilliams10\n|raw|drewilliams10's rating: 1194 → 1219<\/strong> (+25 for winning)\n|raw|TonnyDolfing's rating: 1191 → 1166<\/strong> (-25 for losing)\n|c|\u2606TonnyDolfing|gg\n|c|\u2606TonnyDolfing|nice usage of trick room\n","uploadtime":1683930690,"views":10,"p1id":"drewilliams10","p2id":"tonnydolfing","formatid":"gen9vgc2023regulationc","rating":1166,"private":0,"password":""}