{"id":"gen9vgc2023regulationc-1846468503","p1":"Chazingdra","p2":"MigraineMan","format":"[Gen 9] VGC 2023 Regulation C","log":"|j|\u2606Chazingdra\n|j|\u2606MigraineMan\n|t:|1681843352\n|gametype|doubles\n|player|p1|Chazingdra|pryce|1469\n|player|p2|MigraineMan|169|1357\n|teamsize|p1|6\n|teamsize|p2|6\n|gen|9\n|tier|[Gen 9] VGC 2023 Regulation C\n|rated|\n|rule|Species Clause: Limit one of each Pok\u00e9mon\n|rule|Item Clause: Limit one of each item\n|clearpoke\n|poke|p1|Oranguru, L50, F|\n|poke|p1|Ting-Lu, L50|\n|poke|p1|Dragonite, L50, M|\n|poke|p1|Gholdengo, L50|\n|poke|p1|Chien-Pao, L50|\n|poke|p1|Iron Hands, L50|\n|poke|p2|Flamigo, L50, F|\n|poke|p2|Chien-Pao, L50|\n|poke|p2|Dragonite, L50, F|\n|poke|p2|Palafin, L50, M|\n|poke|p2|Dragapult, L50, F|\n|poke|p2|Ting-Lu, L50|\n|teampreview|4\n|j| Dragontamerty9\n|\n|t:|1681843395\n|start\n|switch|p1a: Oranguru|Oranguru, L50, F|100\/100\n|switch|p1b: Iron Hands|Iron Hands, L50|100\/100\n|switch|p2a: Flamigo|Flamigo, L50, F|100\/100\n|switch|p2b: Chien-Pao|Chien-Pao, L50|100\/100\n|-ability|p2b: Chien-Pao|Sword of Ruin\n|-enditem|p1b: Iron Hands|Booster Energy\n|-activate|p1b: Iron Hands|ability: Quark Drive|[fromitem]\n|-start|p1b: Iron Hands|quarkdriveatk\n|turn|1\n|\n|t:|1681843438\n|-terastallize|p1a: Oranguru|Fire\n|move|p1b: Iron Hands|Fake Out|p2a: Flamigo\n|-damage|p2a: Flamigo|63\/100\n|cant|p2a: Flamigo|flinch\n|move|p2b: Chien-Pao|Ice Spinner|p1a: Oranguru\n|-resisted|p1a: Oranguru\n|-damage|p1a: Oranguru|70\/100\n|-damage|p2b: Chien-Pao|91\/100|[from] item: Life Orb\n|move|p1a: Oranguru|Trick Room|p1a: Oranguru\n|-fieldstart|move: Trick Room|[of] p1a: Oranguru\n|\n|upkeep\n|turn|2\n|inactive|Battle timer is ON: inactive players will automatically lose when time's up. (requested by Chazingdra)\n|\n|t:|1681843492\n|switch|p2a: Ting-Lu|Ting-Lu, L50|100\/100\n|-ability|p2a: Ting-Lu|Vessel of Ruin\n|move|p1b: Iron Hands|Wild Charge|p2a: Ting-Lu\n|-immune|p2a: Ting-Lu\n|move|p1a: Oranguru|Instruct|p1b: Iron Hands\n|-singleturn|p1b: Iron Hands|move: Instruct|[of] p1a: Oranguru\n|move|p1b: Iron Hands|Wild Charge|p2a: Ting-Lu\n|-immune|p2a: Ting-Lu\n|move|p2b: Chien-Pao|Ice Spinner|p1b: Iron Hands\n|-damage|p1b: Iron Hands|43\/100\n|-damage|p2b: Chien-Pao|81\/100|[from] item: Life Orb\n|\n|upkeep\n|turn|3\n|inactive|Chazingdra has 30 seconds left.\n|inactive|MigraineMan has 30 seconds left.\n|\n|t:|1681843518\n|switch|p2a: Dragapult|Dragapult, L50, F|100\/100\n|move|p1b: Iron Hands|Drain Punch|p2a: Dragapult\n|-immune|p2a: Dragapult\n|move|p1a: Oranguru|Instruct|p1b: Iron Hands\n|-singleturn|p1b: Iron Hands|move: Instruct|[of] p1a: Oranguru\n|move|p1b: Iron Hands|Drain Punch|p2a: Dragapult\n|-immune|p2a: Dragapult\n|move|p2b: Chien-Pao|Ice Spinner|p1b: Iron Hands\n|-damage|p1b: Iron Hands|0 fnt\n|faint|p1b: Iron Hands\n|-end|p1b: Iron Hands|Quark Drive|[silent]\n|-damage|p2b: Chien-Pao|71\/100|[from] item: Life Orb\n|\n|upkeep\n|c|\u2606MigraineMan|Oof\n|\n|t:|1681843536\n|switch|p1b: Chien-Pao|Chien-Pao, L50|100\/100\n|-ability|p1b: Chien-Pao|Sword of Ruin\n|turn|4\n|\n|t:|1681843556\n|-terastallize|p2a: Dragapult|Steel\n|move|p2b: Chien-Pao|Sucker Punch|p1b: Chien-Pao\n|-resisted|p1b: Chien-Pao\n|-damage|p1b: Chien-Pao|69\/100\n|-damage|p2b: Chien-Pao|62\/100|[from] item: Life Orb\n|move|p1b: Chien-Pao|Sucker Punch|p2a: Dragapult\n|-damage|p2a: Dragapult|28\/100\n|move|p1a: Oranguru|Foul Play|p2a: Dragapult\n|-damage|p2a: Dragapult|0 fnt\n|faint|p2a: Dragapult\n|\n|upkeep\n|\n|t:|1681843566\n|switch|p2a: Ting-Lu|Ting-Lu, L50|100\/100\n|-ability|p2a: Ting-Lu|Vessel of Ruin\n|turn|5\n|inactive|Chazingdra has 30 seconds left.\n|inactive|MigraineMan has 30 seconds left.\n|inactive|MigraineMan has 20 seconds left.\n|inactive|MigraineMan has 15 seconds left.\n|\n|t:|1681843608\n|move|p1a: Oranguru|Foul Play|p2b: Chien-Pao\n|-resisted|p2b: Chien-Pao\n|-damage|p2b: Chien-Pao|40\/100\n|move|p2a: Ting-Lu|Heavy Slam|p1b: Chien-Pao\n|-supereffective|p1b: Chien-Pao\n|-damage|p1b: Chien-Pao|0 fnt\n|faint|p1b: Chien-Pao\n|move|p2b: Chien-Pao|Ice Spinner|p1a: Oranguru\n|-resisted|p1a: Oranguru\n|-damage|p1a: Oranguru|39\/100\n|-damage|p2b: Chien-Pao|30\/100|[from] item: Life Orb\n|\n|-fieldend|move: Trick Room\n|upkeep\n|\n|t:|1681843619\n|switch|p1b: Dragonite|Dragonite, L50, M|100\/100\n|turn|6\n|\n|t:|1681843643\n|move|p1b: Dragonite|Extreme Speed|p2b: Chien-Pao\n|-damage|p2b: Chien-Pao|0 fnt\n|faint|p2b: Chien-Pao\n|move|p2a: Ting-Lu|Stomping Tantrum|p1a: Oranguru\n|-supereffective|p1a: Oranguru\n|-damage|p1a: Oranguru|0 fnt\n|faint|p1a: Oranguru\n|\n|upkeep\n|\n|t:|1681843647\n|switch|p2b: Flamigo|Flamigo, L50, F|63\/100\n|turn|7\n|\n|t:|1681843664\n|move|p1b: Dragonite|Extreme Speed|p2a: Ting-Lu\n|-damage|p2a: Ting-Lu|75\/100\n|move|p2b: Flamigo|Brave Bird|p1b: Dragonite\n|-damage|p1b: Dragonite|23\/100\n|-damage|p2b: Flamigo|36\/100|[from] Recoil\n|move|p2a: Ting-Lu|Ruination|p1b: Dragonite\n|-damage|p1b: Dragonite|12\/100\n|\n|upkeep\n|turn|8\n|\n|t:|1681843675\n|move|p1b: Dragonite|Extreme Speed|p2b: Flamigo\n|-damage|p2b: Flamigo|0 fnt\n|faint|p2b: Flamigo\n|move|p2a: Ting-Lu|Heavy Slam|p1b: Dragonite\n|-damage|p1b: Dragonite|0 fnt\n|faint|p1b: Dragonite\n|\n|win|MigraineMan\n|raw|Chazingdra's rating: 1469 → 1443<\/strong> (-26 for losing)\n|raw|MigraineMan's rating: 1357 → 1383<\/strong> (+26 for winning)\n","uploadtime":1681843679,"views":15,"p1id":"chazingdra","p2id":"migraineman","formatid":"gen9vgc2023regulationc","rating":1383,"private":0,"password":""}