{"id":"gen9vgc2023regulationc-1858325250","p1":"tiaole123","p2":"mudhiman","format":"[Gen 9] VGC 2023 Regulation C","log":"|j|\u2606tiaole123\n|j|\u2606mudhiman\n|t:|1683302118\n|gametype|doubles\n|player|p1|tiaole123|265|\n|player|p2|mudhiman|janitor|\n|teamsize|p1|6\n|teamsize|p2|6\n|gen|9\n|tier|[Gen 9] VGC 2023 Regulation C\n|rule|Species Clause: Limit one of each Pok\u00e9mon\n|rule|Item Clause: Limit one of each item\n|clearpoke\n|poke|p1|Ting-Lu, L50|\n|poke|p1|Gyarados, L50, M|\n|poke|p1|Iron Hands, L50|\n|poke|p1|Flutter Mane, L50|\n|poke|p1|Chi-Yu, L50|\n|poke|p1|Amoonguss, L50, M|\n|poke|p2|Gholdengo, L50|\n|poke|p2|Arcanine, L50, M|\n|poke|p2|Iron Hands, L50|\n|poke|p2|Amoonguss, L50, M|\n|poke|p2|Iron Bundle, L50|\n|poke|p2|Ting-Lu, L50|\n|teampreview|4\n|c|\u2606mudhiman|g1\nmudhiman has agreed to open team sheets.\n|c|\u2606tiaole123|g1\ntiaole123 has agreed to open team sheets.\n|c|\u2606mudhiman|gl hf!\n|c|\u2606tiaole123|gl hf~\n|j| Z Strats\n|j| MoxieBoosted\n|j| cyan_vg\n|j| s1krr\n|j| Ally\n|j| Klefki22\n|l| MoxieBoosted\n|j| Hola0608\n|l| Hola0608\n|\n|t:|1683302368\n|start\n|switch|p1a: Flutter Mane|Flutter Mane, L50|100\/100\n|switch|p1b: Ting-Lu|Ting-Lu, L50|100\/100\n|switch|p2a: Arcanine|Arcanine, L50, M|100\/100\n|switch|p2b: Ting-Lu|Ting-Lu, L50|100\/100\n|-ability|p2a: Arcanine|Intimidate|boost\n|-unboost|p1a: Flutter Mane|atk|1\n|-unboost|p1b: Ting-Lu|atk|1\n|-ability|p2b: Ting-Lu|Vessel of Ruin\n|-ability|p1b: Ting-Lu|Vessel of Ruin\n|turn|1\n|j| SvenVGC\n|l| Ally\n|\n|t:|1683302448\n|-end|p1a: Flutter Mane|Protosynthesis|[silent]\n|switch|p1a: Iron Hands|Iron Hands, L50|100\/100\n|-terastallize|p2b: Ting-Lu|Poison\n|move|p2a: Arcanine|Will-O-Wisp|p1b: Ting-Lu\n|-status|p1b: Ting-Lu|brn\n|move|p2b: Ting-Lu|Ruination|p1a: Iron Hands\n|-damage|p1a: Iron Hands|51\/100\n|move|p1b: Ting-Lu|Ruination|p2b: Ting-Lu\n|-damage|p2b: Ting-Lu|50\/100\n|\n|-heal|p2b: Ting-Lu|57\/100|[from] item: Leftovers\n|-damage|p1b: Ting-Lu|94\/100 brn|[from] brn\n|upkeep\n|turn|2\n|\n|t:|1683302494\n|switch|p2a: Iron Hands|Iron Hands, L50|100\/100\n|move|p1a: Iron Hands|Detect|p1a: Iron Hands\n|-singleturn|p1a: Iron Hands|Protect\n|move|p2b: Ting-Lu|Sand Tomb|p1a: Iron Hands\n|-activate|p1a: Iron Hands|move: Protect\n|move|p1b: Ting-Lu|Ruination|p2a: Iron Hands\n|-damage|p2a: Iron Hands|51\/100\n|\n|-heal|p2b: Ting-Lu|63\/100|[from] item: Leftovers\n|-damage|p1b: Ting-Lu|88\/100 brn|[from] brn\n|upkeep\n|turn|3\n|j| Oriol.plazai\n|\n|t:|1683302524\n|-end|p1a: Iron Hands|Quark Drive|[silent]\n|switch|p1a: Flutter Mane|Flutter Mane, L50|100\/100\n|switch|p1b: Amoonguss|Amoonguss, L50, M|100\/100\n|move|p2b: Ting-Lu|Sand Tomb|p1a: Flutter Mane\n|-damage|p1a: Flutter Mane|75\/100\n|-activate|p1a: Flutter Mane|move: Sand Tomb|[of] p2b: Ting-Lu\n|move|p2a: Iron Hands|Wild Charge|p1a: Flutter Mane\n|-damage|p1a: Flutter Mane|0 fnt\n|faint|p1a: Flutter Mane\n|-end|p1a: Flutter Mane|Protosynthesis|[silent]\n|-damage|p2a: Iron Hands|40\/100|[from] Recoil\n|\n|-heal|p2b: Ting-Lu|69\/100|[from] item: Leftovers\n|upkeep\n|\n|t:|1683302537\n|switch|p1a: Iron Hands|Iron Hands, L50|51\/100\n|turn|4\n|\n|t:|1683302572\n|-end|p2a: Iron Hands|Quark Drive|[silent]\n|switch|p2a: Arcanine|Arcanine, L50, M|100\/100\n|-ability|p2a: Arcanine|Intimidate|boost\n|-unboost|p1a: Iron Hands|atk|1\n|-unboost|p1b: Amoonguss|atk|1\n|move|p1a: Iron Hands|Detect|p1a: Iron Hands\n|-singleturn|p1a: Iron Hands|Protect\n|move|p2b: Ting-Lu|Sand Tomb|p1a: Iron Hands\n|-activate|p1a: Iron Hands|move: Protect\n|move|p1b: Amoonguss|Spore|p2b: Ting-Lu\n|-status|p2b: Ting-Lu|slp|[from] move: Spore\n|\n|-heal|p2b: Ting-Lu|75\/100 slp|[from] item: Leftovers\n|upkeep\n|turn|5\n|\n|t:|1683302629\n|switch|p2a: Iron Hands|Iron Hands, L50|40\/100\n|switch|p2b: Iron Bundle|Iron Bundle, L50|100\/100\n|-enditem|p2b: Iron Bundle|Booster Energy\n|-activate|p2b: Iron Bundle|ability: Quark Drive|[fromitem]\n|-start|p2b: Iron Bundle|quarkdrivespe\n|-terastallize|p1a: Iron Hands|Fire\n|move|p1a: Iron Hands|Swords Dance|p1a: Iron Hands\n|-boost|p1a: Iron Hands|atk|2\n|move|p1b: Amoonguss|Pollen Puff|p1a: Iron Hands\n|-heal|p1a: Iron Hands|100\/100\n|\n|upkeep\n|turn|6\n|\n|t:|1683302673\n|move|p2a: Iron Hands|Fake Out|p1a: Iron Hands\n|-damage|p1a: Iron Hands|91\/100\n|move|p2b: Iron Bundle|Substitute|p2b: Iron Bundle\n|-start|p2b: Iron Bundle|Substitute\n|-damage|p2b: Iron Bundle|76\/100\n|cant|p1a: Iron Hands|flinch\n|move|p1b: Amoonguss|Spore|p2a: Iron Hands\n|-status|p2a: Iron Hands|slp|[from] move: Spore\n|\n|upkeep\n|turn|7\n|\n|t:|1683302705\n|-end|p2a: Iron Hands|Quark Drive|[silent]\n|switch|p2a: Arcanine|Arcanine, L50, M|100\/100\n|-ability|p2a: Arcanine|Intimidate|boost\n|-unboost|p1a: Iron Hands|atk|1\n|-unboost|p1b: Amoonguss|atk|1\n|move|p2b: Iron Bundle|Protect|p2b: Iron Bundle\n|-singleturn|p2b: Iron Bundle|Protect\n|move|p1b: Amoonguss|Rage Powder|p1b: Amoonguss\n|-singleturn|p1b: Amoonguss|move: Rage Powder\n|move|p1a: Iron Hands|Drain Punch|p2a: Arcanine\n|-damage|p2a: Arcanine|59\/100\n|-heal|p1a: Iron Hands|100\/100|[from] drain|[of] p2a: Arcanine\n|\n|upkeep\n|turn|8\n|\n|t:|1683302774\n|move|p2b: Iron Bundle|Hydro Pump|p1a: Iron Hands\n|-supereffective|p1a: Iron Hands\n|-damage|p1a: Iron Hands|24\/100\n|move|p2a: Arcanine|Flare Blitz|p1b: Amoonguss\n|-supereffective|p1b: Amoonguss\n|-damage|p1b: Amoonguss|21\/100\n|-enditem|p1b: Amoonguss|Sitrus Berry|[eat]\n|-heal|p1b: Amoonguss|46\/100|[from] item: Sitrus Berry\n|-damage|p2a: Arcanine|30\/100|[from] Recoil\n|move|p1a: Iron Hands|Drain Punch|p2b: Iron Bundle\n|-supereffective|p2b: Iron Bundle\n|-end|p2b: Iron Bundle|Substitute\n|-heal|p1a: Iron Hands|32\/100|[from] drain|[of] p2b: Iron Bundle\n|move|p1b: Amoonguss|Spore|p2b: Iron Bundle\n|-status|p2b: Iron Bundle|slp|[from] move: Spore\n|\n|upkeep\n|turn|9\n|\n|t:|1683302845\n|-end|p2b: Iron Bundle|Quark Drive|[silent]\n|switch|p2b: Ting-Lu|Ting-Lu, L50, tera:Poison|75\/100 slp\n|-ability|p2b: Ting-Lu|Vessel of Ruin\n|switch|p2a: Iron Hands|Iron Hands, L50|40\/100 slp\n|switch|p1b: Ting-Lu|Ting-Lu, L50|88\/100 brn\n|-ability|p1b: Ting-Lu|Vessel of Ruin\n|move|p1a: Iron Hands|Drain Punch|p2a: Iron Hands\n|-damage|p2a: Iron Hands|10\/100 slp\n|-heal|p1a: Iron Hands|48\/100|[from] drain|[of] p2a: Iron Hands\n|\n|-heal|p2b: Ting-Lu|82\/100 slp|[from] item: Leftovers\n|-damage|p1b: Ting-Lu|82\/100 brn|[from] brn\n|upkeep\n|turn|10\n|\n|t:|1683302867\n|switch|p1b: Amoonguss|Amoonguss, L50, M|79\/100\n|cant|p2a: Iron Hands|slp\n|move|p1a: Iron Hands|Swords Dance|p1a: Iron Hands\n|-boost|p1a: Iron Hands|atk|2\n|cant|p2b: Ting-Lu|slp\n|\n|-heal|p2b: Ting-Lu|88\/100 slp|[from] item: Leftovers\n|upkeep\n|turn|11\n|\n|t:|1683302893\n|move|p1a: Iron Hands|Drain Punch|p2a: Iron Hands\n|-damage|p2a: Iron Hands|0 fnt\n|-heal|p1a: Iron Hands|53\/100|[from] drain|[of] p2a: Iron Hands\n|faint|p2a: Iron Hands\n|-end|p2a: Iron Hands|Quark Drive|[silent]\n|cant|p2b: Ting-Lu|slp\n|move|p1b: Amoonguss|Pollen Puff|p1a: Iron Hands\n|-heal|p1a: Iron Hands|100\/100\n|\n|-heal|p2b: Ting-Lu|94\/100 slp|[from] item: Leftovers\n|upkeep\n|\n|t:|1683302901\n|switch|p2a: Arcanine|Arcanine, L50, M|30\/100\n|-ability|p2a: Arcanine|Intimidate|boost\n|-unboost|p1a: Iron Hands|atk|1\n|-unboost|p1b: Amoonguss|atk|1\n|turn|12\n|\n|t:|1683302925\n|switch|p1b: Ting-Lu|Ting-Lu, L50|82\/100 brn\n|-ability|p1b: Ting-Lu|Vessel of Ruin\n|move|p2a: Arcanine|Protect|p2a: Arcanine\n|-singleturn|p2a: Arcanine|Protect\n|move|p1a: Iron Hands|Detect|p1a: Iron Hands\n|-singleturn|p1a: Iron Hands|Protect\n|cant|p2b: Ting-Lu|slp\n|\n|-heal|p2b: Ting-Lu|100\/100 slp|[from] item: Leftovers\n|-damage|p1b: Ting-Lu|76\/100 brn|[from] brn\n|upkeep\n|turn|13\n|\n|t:|1683302948\n|switch|p2a: Iron Bundle|Iron Bundle, L50|76\/100 slp\n|move|p1a: Iron Hands|Drain Punch|p2a: Iron Bundle\n|-supereffective|p2a: Iron Bundle\n|-damage|p2a: Iron Bundle|0 fnt\n|faint|p2a: Iron Bundle\n|-end|p2a: Iron Bundle|Quark Drive|[silent]\n|-curestatus|p2b: Ting-Lu|slp|[msg]\n|move|p2b: Ting-Lu|Sand Tomb|p1a: Iron Hands\n|-supereffective|p1a: Iron Hands\n|-damage|p1a: Iron Hands|81\/100\n|-activate|p1a: Iron Hands|move: Sand Tomb|[of] p2b: Ting-Lu\n|move|p1b: Ting-Lu|Ruination|p2b: Ting-Lu\n|-damage|p2b: Ting-Lu|50\/100\n|\n|-heal|p2b: Ting-Lu|57\/100|[from] item: Leftovers\n|-damage|p1b: Ting-Lu|69\/100 brn|[from] brn\n|-damage|p1a: Iron Hands|68\/100|[from] move: Sand Tomb|[partiallytrapped]\n|upkeep\n|\n|t:|1683302963\n|switch|p2a: Arcanine|Arcanine, L50, M|30\/100\n|-ability|p2a: Arcanine|Intimidate|boost\n|-unboost|p1a: Iron Hands|atk|1\n|-unboost|p1b: Ting-Lu|atk|1\n|turn|14\n|\n|t:|1683302991\n|move|p1a: Iron Hands|Detect|p1a: Iron Hands\n|-singleturn|p1a: Iron Hands|Protect\n|move|p2a: Arcanine|Flare Blitz|p1b: Ting-Lu\n|-damage|p1b: Ting-Lu|42\/100 brn\n|-damage|p2a: Arcanine|19\/100|[from] Recoil\n|move|p2b: Ting-Lu|Sand Tomb|p1b: Ting-Lu|[miss]\n|-miss|p2b: Ting-Lu|p1b: Ting-Lu\n|move|p1b: Ting-Lu|Stomping Tantrum|p2a: Arcanine\n|-supereffective|p2a: Arcanine\n|-damage|p2a: Arcanine|0 fnt\n|faint|p2a: Arcanine\n|\n|-heal|p2b: Ting-Lu|63\/100|[from] item: Leftovers\n|-damage|p1b: Ting-Lu|36\/100 brn|[from] brn\n|-damage|p1a: Iron Hands|56\/100|[from] move: Sand Tomb|[partiallytrapped]\n|upkeep\n|turn|15\n|c| SvenVGC|dont forget to make the rooms public\n|c|\u2606mudhiman|my opponent will have to do that\n|\n|t:|1683303033\n|switch|p1b: Amoonguss|Amoonguss, L50, M|100\/100\n|move|p1a: Iron Hands|Swords Dance|p1a: Iron Hands\n|-boost|p1a: Iron Hands|atk|2\n|move|p2b: Ting-Lu|Sand Tomb|p1a: Iron Hands\n|-supereffective|p1a: Iron Hands\n|-damage|p1a: Iron Hands|38\/100\n|\n|-heal|p2b: Ting-Lu|69\/100|[from] item: Leftovers\n|-damage|p1a: Iron Hands|26\/100|[from] move: Sand Tomb|[partiallytrapped]\n|upkeep\n|turn|16\n|c|\u2606tiaole123|what is the command\n|c|\u2606tiaole123|sry\n|c|\u2606mudhiman|\/\/publicroom\n|c|\u2606tiaole123|thks\n|c|\u2606tiaole123|\/log tiaole123 made this room public.\n|c|\u2606mudhiman|no worries\n|j| pokeway96\n|\n|t:|1683303077\n|move|p1a: Iron Hands|Drain Punch|p2b: Ting-Lu\n|-resisted|p2b: Ting-Lu\n|-damage|p2b: Ting-Lu|47\/100\n|-heal|p1a: Iron Hands|38\/100|[from] drain|[of] p2b: Ting-Lu\n|move|p2b: Ting-Lu|Sand Tomb|p1a: Iron Hands\n|-supereffective|p1a: Iron Hands\n|-damage|p1a: Iron Hands|18\/100\n|move|p1b: Amoonguss|Pollen Puff|p1a: Iron Hands\n|-heal|p1a: Iron Hands|68\/100\n|\n|-heal|p2b: Ting-Lu|53\/100|[from] item: Leftovers\n|-damage|p1a: Iron Hands|55\/100|[from] move: Sand Tomb|[partiallytrapped]\n|upkeep\n|turn|17\n|c|\u2606mudhiman|gg\n|-message|mudhiman forfeited.\n|\n|win|tiaole123\n|c|\u2606tiaole123|gg\n","uploadtime":1683303093,"views":50,"p1id":"tiaole123","p2id":"mudhiman","formatid":"gen9vgc2023regulationc","rating":0,"private":0,"password":""}