{"id":"gen9vgc2023regulationc-1846242555","p1":"LimeadeGuy","p2":"Sotero23","format":"[Gen 9] VGC 2023 Regulation C","log":"|j|\u2606LimeadeGuy\n|j|\u2606Sotero23\n|t:|1681824763\n|gametype|doubles\n|player|p1|LimeadeGuy|gentleman-gen4|1114\n|player|p2|Sotero23|266|1202\n|teamsize|p1|6\n|teamsize|p2|6\n|gen|9\n|tier|[Gen 9] VGC 2023 Regulation C\n|rated|\n|rule|Species Clause: Limit one of each Pok\u00e9mon\n|rule|Item Clause: Limit one of each item\n|clearpoke\n|poke|p1|Torkoal, L50, F|\n|poke|p1|Bronzong, L50|\n|poke|p1|Breloom, L50, M|\n|poke|p1|Abomasnow, L50, F|\n|poke|p1|Maushold-Four, L50|\n|poke|p1|Iron Bundle, L50|\n|poke|p2|Scizor, L50, M|\n|poke|p2|Gothitelle, L50, F|\n|poke|p2|Chi-Yu, L50|\n|poke|p2|Dragonite, L50, F|\n|poke|p2|Amoonguss, L50, M|\n|poke|p2|Flutter Mane, L50|\n|teampreview|4\n|\n|t:|1681824783\n|start\n|switch|p1a: bronzdong v2|Bronzong, L50|100\/100\n|switch|p1b: Fe10|Iron Bundle, L50|100\/100\n|switch|p2a: Gothitelle|Gothitelle, L50, F|100\/100\n|switch|p2b: Chi-Yu|Chi-Yu, L50|100\/100\n|-ability|p2b: Chi-Yu|Beads of Ruin\n|-enditem|p1b: Fe10|Booster Energy\n|-activate|p1b: Fe10|ability: Quark Drive|[fromitem]\n|-start|p1b: Fe10|quarkdrivespa\n|turn|1\n|\n|t:|1681824792\n|move|p2a: Gothitelle|Helping Hand|p2b: Chi-Yu\n|-singleturn|p2b: Chi-Yu|Helping Hand|[of] p2a: Gothitelle\n|move|p2b: Chi-Yu|Heat Wave|p1a: bronzdong v2|[spread] p1a\n|-miss|p2b: Chi-Yu|p1b: Fe10\n|-supereffective|p1a: bronzdong v2\n|-crit|p1a: bronzdong v2\n|-damage|p1a: bronzdong v2|0 fnt\n|faint|p1a: bronzdong v2\n|move|p1b: Fe10|Hydro Pump|p2b: Chi-Yu\n|-supereffective|p2b: Chi-Yu\n|-damage|p2b: Chi-Yu|0 fnt\n|faint|p2b: Chi-Yu\n|\n|upkeep\n|\n|t:|1681824802\n|switch|p2b: Flutter Mane|Flutter Mane, L50|100\/100\n|switch|p1a: shroom|Breloom, L50, M|100\/100\n|-enditem|p2b: Flutter Mane|Booster Energy\n|-activate|p2b: Flutter Mane|ability: Protosynthesis|[fromitem]\n|-start|p2b: Flutter Mane|protosynthesisspa\n|turn|2\n|\n|t:|1681824814\n|move|p2b: Flutter Mane|Protect|p2b: Flutter Mane\n|-singleturn|p2b: Flutter Mane|Protect\n|move|p1b: Fe10|Hyper Beam|p2b: Flutter Mane\n|-activate|p2b: Flutter Mane|move: Protect\n|move|p1a: shroom|Spore|p2a: Gothitelle\n|-status|p2a: Gothitelle|slp|[from] move: Spore\n|cant|p2a: Gothitelle|slp\n|\n|upkeep\n|turn|3\n|\n|t:|1681824829\n|-curestatus|p2a: Gothitelle|slp|[msg]\n|move|p2a: Gothitelle|Helping Hand|p2b: Flutter Mane\n|-singleturn|p2b: Flutter Mane|Helping Hand|[of] p2a: Gothitelle\n|move|p2b: Flutter Mane|Dazzling Gleam|p1b: Fe10|[spread] p1a,p1b\n|-supereffective|p1a: shroom\n|-damage|p1a: shroom|0 fnt\n|-damage|p1b: Fe10|5\/100\n|faint|p1a: shroom\n|move|p1b: Fe10|Hyper Beam|p2a: Gothitelle\n|-damage|p2a: Gothitelle|41\/100\n|-mustrecharge|p1b: Fe10\n|\n|-heal|p2a: Gothitelle|47\/100|[from] item: Leftovers\n|upkeep\n|\n|t:|1681824840\n|switch|p1a: BIG MAN|Torkoal, L50, F|100\/100\n|-weather|SunnyDay|[from] ability: Drought|[of] p1a: BIG MAN\n|turn|4\n|\n|t:|1681824853\n|-terastallize|p1a: BIG MAN|Fire\n|move|p2a: Gothitelle|Helping Hand|p2b: Flutter Mane\n|-singleturn|p2b: Flutter Mane|Helping Hand|[of] p2a: Gothitelle\n|move|p2b: Flutter Mane|Dazzling Gleam|p1a: BIG MAN|[spread] p1a,p1b\n|-resisted|p1a: BIG MAN\n|-damage|p1a: BIG MAN|59\/100\n|-damage|p1b: Fe10|0 fnt\n|faint|p1b: Fe10\n|-end|p1b: Fe10|Quark Drive|[silent]\n|move|p1a: BIG MAN|Eruption|p2a: Gothitelle|[spread] p2a,p2b\n|-crit|p2b: Flutter Mane\n|-damage|p2a: Gothitelle|0 fnt\n|-damage|p2b: Flutter Mane|0 fnt\n|faint|p2a: Gothitelle\n|faint|p2b: Flutter Mane\n|-end|p2b: Flutter Mane|Protosynthesis|[silent]\n|\n|-weather|SunnyDay|[upkeep]\n|upkeep\n|\n|t:|1681824862\n|switch|p2b: Scizor|Scizor, L50, M|100\/100\n|turn|5\n|\n|t:|1681824870\n|-terastallize|p2b: Scizor|Fire\n|move|p2b: Scizor|Pounce|p1a: BIG MAN\n|-resisted|p1a: BIG MAN\n|-damage|p1a: BIG MAN|40\/100\n|-unboost|p1a: BIG MAN|spe|1\n|move|p1a: BIG MAN|Eruption|p2b: Scizor\n|-resisted|p2b: Scizor\n|-damage|p2b: Scizor|53\/100\n|\n|-weather|SunnyDay|[upkeep]\n|upkeep\n|turn|6\n|\n|t:|1681824893\n|move|p2b: Scizor|Pounce|p1a: BIG MAN\n|-resisted|p1a: BIG MAN\n|-damage|p1a: BIG MAN|19\/100\n|-unboost|p1a: BIG MAN|spe|1\n|move|p1a: BIG MAN|Eruption|p2b: Scizor\n|-resisted|p2b: Scizor\n|-damage|p2b: Scizor|32\/100\n|\n|-weather|SunnyDay|[upkeep]\n|upkeep\n|turn|7\n|\n|t:|1681824907\n|move|p2b: Scizor|Swords Dance|p2b: Scizor\n|-boost|p2b: Scizor|atk|2\n|move|p1a: BIG MAN|Eruption|p2b: Scizor\n|-resisted|p2b: Scizor\n|-damage|p2b: Scizor|11\/100\n|\n|-weather|SunnyDay|[upkeep]\n|upkeep\n|turn|8\n|\n|t:|1681824912\n|move|p2b: Scizor|Pounce|p1a: BIG MAN\n|-resisted|p1a: BIG MAN\n|-damage|p1a: BIG MAN|0 fnt\n|faint|p1a: BIG MAN\n|\n|win|Sotero23\n|raw|LimeadeGuy's rating: 1114 → 1095<\/strong> (-19 for losing)\n|raw|Sotero23's rating: 1202 → 1221<\/strong> (+19 for winning)\n|l|\u2606Sotero23\n","uploadtime":1681824947,"views":6,"p1id":"limeadeguy","p2id":"sotero23","formatid":"gen9vgc2023regulationc","rating":1095,"private":0,"password":""}