{"id":"gen9vgc2023regulationc-1845619277","p1":"jcgualde2","p2":"Deividcarroll14MLQ","format":"[Gen 9] VGC 2023 Regulation C","log":"|j|\u2606jcgualde2\n|j|\u2606Deividcarroll14MLQ\n|t:|1681749976\n|gametype|doubles\n|player|p1|jcgualde2|101|\n|player|p2|Deividcarroll14MLQ|cyrus|\n|teamsize|p1|6\n|teamsize|p2|6\n|gen|9\n|tier|[Gen 9] VGC 2023 Regulation C\n|rule|Species Clause: Limit one of each Pok\u00e9mon\n|rule|Item Clause: Limit one of each item\n|clearpoke\n|poke|p1|Glimmora, L50, F|\n|poke|p1|Wo-Chien, L50|\n|poke|p1|Palafin, L50, M|\n|poke|p1|Iron Jugulis, L50|\n|poke|p1|Great Tusk, L50|\n|poke|p1|Arcanine, L50, M|\n|poke|p2|Azumarill, L50, M|\n|poke|p2|Chien-Pao, L50|\n|poke|p2|Amoonguss, L50, F|\n|poke|p2|Dragapult, L50, F|\n|poke|p2|Flutter Mane, L50|\n|poke|p2|Volcarona, L50, M|\n|teampreview|4\njcgualde2 has agreed to open team sheets.\n|c|\u2606Deividcarroll14MLQ|G2\nDeividcarroll14MLQ has agreed to open team sheets.\n|\n|t:|1681750400\n|start\n|switch|p1a: Iron Jugulis|Iron Jugulis, L50|100\/100\n|switch|p1b: Palafin|Palafin, L50, M|100\/100\n|switch|p2a: Dragapult|Dragapult, L50, F, shiny|100\/100\n|switch|p2b: Flutter Mane|Flutter Mane, L50|100\/100\n|-enditem|p2b: Flutter Mane|Booster Energy\n|-activate|p2b: Flutter Mane|ability: Protosynthesis|[fromitem]\n|-start|p2b: Flutter Mane|protosynthesisspe\n|-enditem|p1a: Iron Jugulis|Booster Energy\n|-activate|p1a: Iron Jugulis|ability: Quark Drive|[fromitem]\n|-start|p1a: Iron Jugulis|quarkdrivespe\n|turn|1\n|inactive|Battle timer is ON: inactive players will automatically lose when time's up. (requested by jcgualde2)\n|inactive|jcgualde2 has 60 seconds left.\n|\n|t:|1681750434\n|-terastallize|p2b: Flutter Mane|Fairy\n|move|p1a: Iron Jugulis|Protect|p1a: Iron Jugulis\n|-singleturn|p1a: Iron Jugulis|Protect\n|move|p2b: Flutter Mane|Dazzling Gleam|p1b: Palafin|[spread] p1b\n|-activate|p1a: Iron Jugulis|move: Protect\n|-damage|p1b: Palafin|46\/100\n|move|p2a: Dragapult|Dragon Dance|p2a: Dragapult\n|-boost|p2a: Dragapult|atk|1\n|-boost|p2a: Dragapult|spe|1\n|move|p1b: Palafin|Wave Crash|p2b: Flutter Mane\n|-damage|p2b: Flutter Mane|0 fnt\n|faint|p2b: Flutter Mane\n|-end|p2b: Flutter Mane|Protosynthesis|[silent]\n|-damage|p1b: Palafin|25\/100|[from] Recoil\n|\n|upkeep\n|\n|t:|1681750452\n|switch|p2b: Chien-Pao|Chien-Pao, L50|100\/100\n|-ability|p2b: Chien-Pao|Sword of Ruin\n|turn|2\n|\n|t:|1681750470\n|detailschange|p1b: Palafin|Palafin-Hero, L50, M\n|switch|p1b: Arcanine|Arcanine, L50, M|100\/100\n|-ability|p1b: Arcanine|Intimidate|boost\n|-fail|p2a: Dragapult|unboost|[from] ability: Clear Body|[of] p2a: Dragapult\n|-unboost|p2b: Chien-Pao|atk|1\n|move|p2a: Dragapult|Dragon Darts|p1a: Iron Jugulis\n|-damage|p1a: Iron Jugulis|39\/100\n|-anim|p2a: Dragapult|Dragon Darts|p1b: Arcanine\n|-damage|p1b: Arcanine|32\/100\n|-damage|p2a: Dragapult|91\/100|[from] item: Life Orb\n|move|p1a: Iron Jugulis|Tailwind|p1a: Iron Jugulis\n|-sidestart|p1: jcgualde2|move: Tailwind\n|move|p2b: Chien-Pao|Ice Spinner|p1a: Iron Jugulis\n|-supereffective|p1a: Iron Jugulis\n|-damage|p1a: Iron Jugulis|0 fnt\n|faint|p1a: Iron Jugulis\n|-end|p1a: Iron Jugulis|Quark Drive|[silent]\n|\n|upkeep\n|\n|t:|1681750483\n|switch|p1a: Wo-Chien|Wo-Chien, L50|100\/100\n|-ability|p1a: Wo-Chien|Tablets of Ruin\n|turn|3\n|\n|t:|1681750500\n|-terastallize|p1a: Wo-Chien|Poison\n|move|p1b: Arcanine|Protect|p1b: Arcanine\n|-singleturn|p1b: Arcanine|Protect\n|move|p2b: Chien-Pao|Protect|p2b: Chien-Pao\n|-singleturn|p2b: Chien-Pao|Protect\n|move|p2a: Dragapult|Phantom Force||[still]\n|-prepare|p2a: Dragapult|Phantom Force\n|move|p1a: Wo-Chien|Foul Play|p2a: Dragapult|[miss]\n|-miss|p1a: Wo-Chien|p2a: Dragapult\n|\n|upkeep\n|turn|4\n|\n|t:|1681750520\n|move|p1b: Arcanine|Extreme Speed|p2b: Chien-Pao\n|-damage|p2b: Chien-Pao|79\/100\n|move|p2a: Dragapult|Phantom Force|p1b: Arcanine|[from]lockedmove\n|-damage|p1b: Arcanine|0 fnt\n|faint|p1b: Arcanine\n|-damage|p2a: Dragapult|82\/100|[from] item: Life Orb\n|move|p2b: Chien-Pao|Ice Spinner|p1a: Wo-Chien\n|-damage|p1a: Wo-Chien|79\/100\n|move|p1a: Wo-Chien|Foul Play|p2a: Dragapult\n|-supereffective|p2a: Dragapult\n|-damage|p2a: Dragapult|0 fnt\n|faint|p2a: Dragapult\n|\n|-heal|p1a: Wo-Chien|85\/100|[from] item: Leftovers\n|upkeep\n|\n|t:|1681750536\n|switch|p2a: Azumarill|Azumarill, L50, M|100\/100\n|switch|p1b: Palafin|Palafin-Hero, L50, M|25\/100\n|-activate|p1b: Palafin|ability: Zero to Hero\n|turn|5\n|\n|t:|1681750555\n|move|p2b: Chien-Pao|Protect|p2b: Chien-Pao\n|-singleturn|p2b: Chien-Pao|Protect\n|move|p1b: Palafin|Jet Punch|p2b: Chien-Pao\n|-activate|p2b: Chien-Pao|move: Protect\n|move|p1a: Wo-Chien|Leech Seed|p2a: Azumarill\n|-start|p2a: Azumarill|move: Leech Seed\n|move|p2a: Azumarill|Liquidation|p1a: Wo-Chien\n|-damage|p1a: Wo-Chien|44\/100\n|\n|-heal|p1a: Wo-Chien|50\/100|[from] item: Leftovers\n|-damage|p2a: Azumarill|88\/100|[from] Leech Seed|[of] p1a: Wo-Chien\n|-heal|p1a: Wo-Chien|63\/100|[silent]\n|-sideend|p1: jcgualde2|move: Tailwind\n|upkeep\n|turn|6\n|\n|t:|1681750576\n|move|p2b: Chien-Pao|Sucker Punch|p1b: Palafin\n|-damage|p1b: Palafin|5\/100\n|move|p1b: Palafin|Jet Punch|p2b: Chien-Pao\n|-damage|p2b: Chien-Pao|24\/100\n|move|p1a: Wo-Chien|Leech Seed|p2b: Chien-Pao\n|-start|p2b: Chien-Pao|move: Leech Seed\n|move|p2a: Azumarill|Liquidation|p1a: Wo-Chien\n|-damage|p1a: Wo-Chien|22\/100\n|\n|-heal|p1a: Wo-Chien|29\/100|[from] item: Leftovers\n|-damage|p2b: Chien-Pao|11\/100|[from] Leech Seed|[of] p1a: Wo-Chien\n|-heal|p1a: Wo-Chien|39\/100|[silent]\n|-damage|p2a: Azumarill|76\/100|[from] Leech Seed|[of] p1a: Wo-Chien\n|-heal|p1a: Wo-Chien|52\/100|[silent]\n|upkeep\n|turn|7\n|\n|t:|1681750595\n|move|p1b: Palafin|Protect|p1b: Palafin\n|-singleturn|p1b: Palafin|Protect\n|move|p1a: Wo-Chien|Protect|p1a: Wo-Chien\n|-singleturn|p1a: Wo-Chien|Protect\n|move|p2b: Chien-Pao|Ice Spinner|p1a: Wo-Chien\n|-activate|p1a: Wo-Chien|move: Protect\n|move|p2a: Azumarill|Liquidation|p1a: Wo-Chien\n|-activate|p1a: Wo-Chien|move: Protect\n|\n|-heal|p1a: Wo-Chien|58\/100|[from] item: Leftovers\n|-damage|p2b: Chien-Pao|0 fnt|[from] Leech Seed|[of] p1a: Wo-Chien\n|-heal|p1a: Wo-Chien|67\/100|[silent]\n|faint|p2b: Chien-Pao\n|-damage|p2a: Azumarill|64\/100|[from] Leech Seed|[of] p1a: Wo-Chien\n|-heal|p1a: Wo-Chien|80\/100|[silent]\n|upkeep\n|turn|8\n|inactive|jcgualde2 has 30 seconds left.\n|\n|t:|1681750623\n|move|p1b: Palafin|Jet Punch|p2a: Azumarill\n|-resisted|p2a: Azumarill\n|-damage|p2a: Azumarill|45\/100\n|move|p2a: Azumarill|Aqua Jet|p1b: Palafin\n|-resisted|p1b: Palafin\n|-damage|p1b: Palafin|0 fnt\n|faint|p1b: Palafin\n|move|p1a: Wo-Chien|Pollen Puff|p1: Palafin|[notarget]\n|-fail|p1a: Wo-Chien\n|\n|-heal|p1a: Wo-Chien|86\/100|[from] item: Leftovers\n|-damage|p2a: Azumarill|33\/100|[from] Leech Seed|[of] p1a: Wo-Chien\n|-heal|p1a: Wo-Chien|99\/100|[silent]\n|upkeep\n|turn|9\n|\n|t:|1681750634\n|move|p1a: Wo-Chien|Protect|p1a: Wo-Chien\n|-singleturn|p1a: Wo-Chien|Protect\n|move|p2a: Azumarill|Liquidation|p1a: Wo-Chien\n|-activate|p1a: Wo-Chien|move: Protect\n|\n|-heal|p1a: Wo-Chien|100\/100|[from] item: Leftovers\n|-damage|p2a: Azumarill|21\/100|[from] Leech Seed|[of] p1a: Wo-Chien\n|upkeep\n|turn|10\n|c|\u2606Deividcarroll14MLQ|gg\n|\n|t:|1681750644\n|move|p1a: Wo-Chien|Foul Play|p2a: Azumarill\n|-resisted|p2a: Azumarill\n|-damage|p2a: Azumarill|5\/100\n|move|p2a: Azumarill|Liquidation|p1a: Wo-Chien\n|-damage|p1a: Wo-Chien|69\/100\n|\n|-heal|p1a: Wo-Chien|75\/100|[from] item: Leftovers\n|-damage|p2a: Azumarill|0 fnt|[from] Leech Seed|[of] p1a: Wo-Chien\n|-heal|p1a: Wo-Chien|81\/100|[silent]\n|faint|p2a: Azumarill\n|\n|win|jcgualde2\n|upkeep\n|c|\u2606jcgualde2|gg\n|l|\u2606Deividcarroll14MLQ\n","uploadtime":1681750741,"views":11,"p1id":"jcgualde2","p2id":"deividcarroll14mlq","formatid":"gen9vgc2023regulationc","rating":0,"private":0,"password":""}