{"id":"gen9vgc2023regulationc-1847090827","p1":"ascoi","p2":"NotNehzzy","format":"[Gen 9] VGC 2023 Regulation C","log":"|j|\u2606ascoi\n|j|\u2606NotNehzzy\n|t:|1681918307\n|gametype|doubles\n|player|p1|ascoi|swimmer|1073\n|player|p2|NotNehzzy|steven|1112\n|teamsize|p1|6\n|teamsize|p2|6\n|gen|9\n|tier|[Gen 9] VGC 2023 Regulation C\n|rated|\n|rule|Species Clause: Limit one of each Pok\u00e9mon\n|rule|Item Clause: Limit one of each item\n|clearpoke\n|poke|p1|Flutter Mane, L50|\n|poke|p1|Magnezone, L50|\n|poke|p1|Amoonguss, L50, F|\n|poke|p1|Gyarados, L50, M|\n|poke|p1|Chi-Yu, L50|\n|poke|p1|Dragapult, L50, F|\n|poke|p2|Flutter Mane, L50|\n|poke|p2|Iron Hands, L50|\n|poke|p2|Iron Bundle, L50|\n|poke|p2|Tsareena, L50, F|\n|poke|p2|Brute Bonnet, L50|\n|poke|p2|Dragonite, L50, F|\n|teampreview|4\nascoi rejected open team sheets.\n|inactive|Battle timer is ON: inactive players will automatically lose when time's up. (requested by NotNehzzy)\n|\n|t:|1681918357\n|start\n|switch|p1a: Magnezone|Magnezone, L50|100\/100\n|switch|p1b: Flutter Mane|Flutter Mane, L50|100\/100\n|switch|p2a: Flutter Mane|Flutter Mane, L50|100\/100\n|switch|p2b: Iron Bundle|Iron Bundle, L50|100\/100\n|-enditem|p2b: Iron Bundle|Booster Energy\n|-activate|p2b: Iron Bundle|ability: Quark Drive|[fromitem]\n|-start|p2b: Iron Bundle|quarkdrivespe\n|turn|1\n|inactive|ascoi has 30 seconds left.\n|\n|t:|1681918385\n|-terastallize|p1b: Flutter Mane|Fairy\n|-terastallize|p2a: Flutter Mane|Normal\n|move|p2b: Iron Bundle|Icy Wind|p1a: Magnezone|[spread] p1a,p1b\n|-resisted|p1a: Magnezone\n|-crit|p1a: Magnezone\n|-damage|p1a: Magnezone|86\/100\n|-damage|p1b: Flutter Mane|77\/100\n|-unboost|p1a: Magnezone|spe|1\n|-unboost|p1b: Flutter Mane|spe|1\n|move|p2a: Flutter Mane|Shadow Ball|p1b: Flutter Mane\n|-damage|p1b: Flutter Mane|39\/100\n|move|p1b: Flutter Mane|Shadow Ball|p2a: Flutter Mane\n|-immune|p2a: Flutter Mane\n|move|p1a: Magnezone|Electroweb|p2a: Flutter Mane|[spread] p2a,p2b\n|-supereffective|p2b: Iron Bundle\n|-damage|p2a: Flutter Mane|71\/100\n|-damage|p2b: Iron Bundle|14\/100\n|-unboost|p2a: Flutter Mane|spe|1\n|-unboost|p2b: Iron Bundle|spe|1\n|\n|-heal|p1a: Magnezone|93\/100|[from] item: Leftovers\n|upkeep\n|turn|2\n|inactive|ascoi has 30 seconds left.\n|inactive|NotNehzzy has 30 seconds left.\n|inactive|ascoi has 20 seconds left.\n|inactive|NotNehzzy has 20 seconds left.\n|inactive|ascoi has 15 seconds left.\n|inactive|NotNehzzy has 15 seconds left.\n|inactive|ascoi has 10 seconds left.\n|inactive|ascoi has 5 seconds left.\n|\n|t:|1681918436\n|-end|p1b: Flutter Mane|Protosynthesis|[silent]\n|switch|p1b: Gyarados|Gyarados, L50, M|100\/100\n|-ability|p1b: Gyarados|Intimidate|boost\n|-unboost|p2a: Flutter Mane|atk|1\n|-unboost|p2b: Iron Bundle|atk|1\n|move|p2b: Iron Bundle|Hydro Pump|p1b: Gyarados\n|-resisted|p1b: Gyarados\n|-damage|p1b: Gyarados|75\/100\n|move|p2a: Flutter Mane|Hyper Voice|p1b: Gyarados|[spread] p1a,p1b\n|-resisted|p1a: Magnezone\n|-damage|p1a: Magnezone|76\/100\n|-damage|p1b: Gyarados|48\/100\n|-enditem|p2a: Flutter Mane|Throat Spray\n|-boost|p2a: Flutter Mane|spa|1|[from] item: Throat Spray\n|move|p1a: Magnezone|Electroweb|p2a: Flutter Mane|[spread] p2a,p2b\n|-crit|p2a: Flutter Mane\n|-supereffective|p2b: Iron Bundle\n|-damage|p2a: Flutter Mane|31\/100\n|-damage|p2b: Iron Bundle|0 fnt\n|-unboost|p2a: Flutter Mane|spe|1\n|faint|p2b: Iron Bundle\n|-end|p2b: Iron Bundle|Quark Drive|[silent]\n|\n|-heal|p1a: Magnezone|82\/100|[from] item: Leftovers\n|upkeep\n|\n|t:|1681918451\n|switch|p2b: Brute Bonnet|Brute Bonnet, L50|100\/100\n|turn|3\n|inactive|ascoi has 30 seconds left.\n|inactive|ascoi has 20 seconds left.\n|\n|t:|1681918487\n|move|p2a: Flutter Mane|Protect|p2a: Flutter Mane\n|-singleturn|p2a: Flutter Mane|Protect\n|move|p1a: Magnezone|Protect|p1a: Magnezone\n|-singleturn|p1a: Magnezone|Protect\n|move|p1b: Gyarados|Waterfall|p2a: Flutter Mane\n|-activate|p2a: Flutter Mane|move: Protect\n|move|p2b: Brute Bonnet|Bullet Seed|p1b: Gyarados\n|-damage|p1b: Gyarados|33\/100\n|-damage|p1b: Gyarados|19\/100\n|-damage|p1b: Gyarados|4\/100\n|-damage|p1b: Gyarados|0 fnt\n|faint|p1b: Gyarados\n|-hitcount|p1: Gyarados|4\n|\n|-heal|p1a: Magnezone|89\/100|[from] item: Leftovers\n|upkeep\n|\n|t:|1681918498\n|switch|p1b: Flutter Mane|Flutter Mane, L50, tera:Fairy|39\/100\n|turn|4\n|inactive|ascoi has 30 seconds left.\n|inactive|NotNehzzy has 30 seconds left.\n|inactive|ascoi has 20 seconds left.\n|inactive|NotNehzzy has 20 seconds left.\n|inactive|NotNehzzy has 15 seconds left.\n|inactive|NotNehzzy has 10 seconds left.\n|inactive|NotNehzzy has 5 seconds left.\n|\n|t:|1681918557\n|move|p2b: Brute Bonnet|Sucker Punch|p1b: Flutter Mane\n|-resisted|p1b: Flutter Mane\n|-damage|p1b: Flutter Mane|0 fnt\n|faint|p1b: Flutter Mane\n|-end|p1b: Flutter Mane|Protosynthesis|[silent]\n|move|p2a: Flutter Mane|Hyper Voice|p1a: Magnezone\n|-resisted|p1a: Magnezone\n|-damage|p1a: Magnezone|60\/100\n|move|p1a: Magnezone|Flash Cannon|p2a: Flutter Mane\n|-damage|p2a: Flutter Mane|0 fnt\n|faint|p2a: Flutter Mane\n|-end|p2a: Flutter Mane|Protosynthesis|[silent]\n|\n|-heal|p1a: Magnezone|66\/100|[from] item: Leftovers\n|upkeep\n|\n|t:|1681918567\n|switch|p2a: Iron Hands|Iron Hands, L50|100\/100\n|switch|p1b: Dragapult|Dragapult, L50, F|100\/100\n|turn|5\n|inactive|ascoi has 30 seconds left.\n|\n|t:|1681918601\n|move|p1a: Magnezone|Protect|p1a: Magnezone\n|-singleturn|p1a: Magnezone|Protect\n|move|p2b: Brute Bonnet|Sucker Punch|p1b: Dragapult\n|-supereffective|p1b: Dragapult\n|-damage|p1b: Dragapult|1\/100\n|move|p1b: Dragapult|Phantom Force||[still]\n|-prepare|p1b: Dragapult|Phantom Force\n|move|p2a: Iron Hands|Swords Dance|p2a: Iron Hands\n|-boost|p2a: Iron Hands|atk|2\n|\n|-heal|p1a: Magnezone|72\/100|[from] item: Leftovers\n|upkeep\n|turn|6\n|-message|ascoi forfeited.\n|\n|win|NotNehzzy\n|raw|ascoi's rating: 1073 → 1054<\/strong> (-19 for losing)\n|raw|NotNehzzy's rating: 1112 → 1134<\/strong> (+22 for winning)\n|l|\u2606ascoi\n","uploadtime":1681918616,"views":5,"p1id":"ascoi","p2id":"notnehzzy","formatid":"gen9vgc2023regulationc","rating":1054,"private":0,"password":""}