{"id":"gen9vgc2023regulationc-1849014873","p1":"Flutterhawk","p2":"koolaidman594","format":"[Gen 9] VGC 2023 Regulation C","log":"|j|\u2606Flutterhawk\n|j|\u2606koolaidman594\n|t:|1682139211\n|gametype|doubles\n|player|p1|Flutterhawk|pokekid|1081\n|player|p2|koolaidman594|170|1169\n|teamsize|p1|6\n|teamsize|p2|6\n|gen|9\n|tier|[Gen 9] VGC 2023 Regulation C\n|rated|\n|rule|Species Clause: Limit one of each Pok\u00e9mon\n|rule|Item Clause: Limit one of each item\n|clearpoke\n|poke|p1|Meowscarada, L50, F|\n|poke|p1|Palafin, L50, F|\n|poke|p1|Dragapult, L50, F|\n|poke|p1|Armarouge, L50, M|\n|poke|p1|Chien-Pao, L50|\n|poke|p1|Toedscruel, L50, M|\n|poke|p2|Wo-Chien, L50|\n|poke|p2|Arcanine, L50, M|\n|poke|p2|Glimmora, L50, F|\n|poke|p2|Palafin, L50, F|\n|poke|p2|Flutter Mane, L50|\n|poke|p2|Indeedee-F, L50, F|\n|teampreview|4\nkoolaidman594 has agreed to open team sheets.\n|inactive|Battle timer is ON: inactive players will automatically lose when time's up. (requested by koolaidman594)\n|inactive|Flutterhawk has 60 seconds left.\n|inactive|koolaidman594 has 60 seconds left.\n|inactive|Flutterhawk has 30 seconds left.\n|inactive|Flutterhawk has 20 seconds left.\n|inactive|Flutterhawk has 15 seconds left.\n|inactive|koolaidman594 has 30 seconds left.\n|inactive|koolaidman594 has 20 seconds left.\n|inactive|koolaidman594 has 15 seconds left.\n|inactive|koolaidman594 has 10 seconds left.\n|\n|t:|1682139322\n|start\n|switch|p1a: Lockheed|Dragapult, L50, F|100\/100\n|switch|p1b: Sayaka|Palafin, L50, F|100\/100\n|switch|p2a: Indeedee|Indeedee-F, L50, F, shiny|100\/100\n|switch|p2b: Flutter Mane|Flutter Mane, L50|100\/100\n|-fieldstart|move: Psychic Terrain|[from] ability: Psychic Surge|[of] p2a: Indeedee\n|-enditem|p2a: Indeedee|Psychic Seed\n|-boost|p2a: Indeedee|spd|1|[from] item: Psychic Seed\n|turn|1\n|inactive|Flutterhawk has 30 seconds left.\n|inactive|Flutterhawk has 20 seconds left.\n|inactive|Flutterhawk has 15 seconds left.\n|inactive|Flutterhawk has 10 seconds left.\n|inactive|Flutterhawk has 5 seconds left.\n|\n|t:|1682139376\n|detailschange|p1b: Sayaka|Palafin-Hero, L50, F\n|switch|p1b: Yuuno|Chien-Pao, L50|100\/100\n|-ability|p1b: Yuuno|Sword of Ruin\n|-terastallize|p1a: Lockheed|Steel\n|move|p2a: Indeedee|Follow Me|p2a: Indeedee\n|-singleturn|p2a: Indeedee|move: Follow Me\n|move|p2b: Flutter Mane|Dazzling Gleam|p1a: Lockheed|[spread] p1a,p1b\n|-resisted|p1a: Lockheed\n|-supereffective|p1b: Yuuno\n|-damage|p1a: Lockheed|80\/100\n|-damage|p1b: Yuuno|39\/100\n|move|p1a: Lockheed|Tera Blast|p2a: Indeedee\n|-damage|p2a: Indeedee|43\/100\n|\n|upkeep\n|turn|2\n|inactive|Flutterhawk has 30 seconds left.\n|inactive|koolaidman594 has 30 seconds left.\n|inactive|Flutterhawk has 20 seconds left.\n|\n|t:|1682139413\n|move|p2a: Indeedee|Follow Me|p2a: Indeedee\n|-singleturn|p2a: Indeedee|move: Follow Me\n|move|p1b: Yuuno|Throat Chop|p2a: Indeedee\n|-supereffective|p2a: Indeedee\n|-damage|p2a: Indeedee|0 fnt\n|faint|p2a: Indeedee\n|move|p2b: Flutter Mane|Dazzling Gleam|p1b: Yuuno|[spread] p1a,p1b\n|-resisted|p1a: Lockheed\n|-supereffective|p1b: Yuuno\n|-crit|p1b: Yuuno\n|-damage|p1a: Lockheed|57\/100\n|-damage|p1b: Yuuno|0 fnt\n|faint|p1b: Yuuno\n|move|p1a: Lockheed|Tera Blast|p2b: Flutter Mane\n|-supereffective|p2b: Flutter Mane\n|-enditem|p2b: Flutter Mane|Focus Sash\n|-damage|p2b: Flutter Mane|1\/100\n|\n|upkeep\n|inactive|Flutterhawk has 30 seconds left.\n|inactive|Flutterhawk has 20 seconds left.\n|\n|t:|1682139450\n|switch|p1b: Sayaka|Palafin-Hero, L50, F|100\/100\n|switch|p2a: Wo-Chien|Wo-Chien, L50|100\/100\n|-activate|p1b: Sayaka|ability: Zero to Hero\n|-ability|p2a: Wo-Chien|Tablets of Ruin\n|turn|3\n|\n|t:|1682139473\n|move|p2b: Flutter Mane|Protect|p2b: Flutter Mane\n|-singleturn|p2b: Flutter Mane|Protect\n|move|p1a: Lockheed|Dragon Dance|p1a: Lockheed\n|-boost|p1a: Lockheed|atk|1\n|-boost|p1a: Lockheed|spe|1\n|move|p1b: Sayaka|Wave Crash|p2b: Flutter Mane\n|-activate|p2b: Flutter Mane|move: Protect\n|move|p2a: Wo-Chien|Leech Seed|p1b: Sayaka|[miss]\n|-miss|p2a: Wo-Chien|p1b: Sayaka\n|\n|upkeep\n|turn|4\n|inactive|Flutterhawk has 30 seconds left.\n|inactive|Flutterhawk has 20 seconds left.\n|inactive|Flutterhawk has 15 seconds left.\n|inactive|Flutterhawk has 10 seconds left.\n|inactive|Flutterhawk has 5 seconds left.\n|\n|t:|1682139525\n|move|p2b: Flutter Mane|Protect|p2b: Flutter Mane\n|-singleturn|p2b: Flutter Mane|Protect\n|move|p1a: Lockheed|Dragon Dance|p1a: Lockheed\n|-boost|p1a: Lockheed|atk|1\n|-boost|p1a: Lockheed|spe|1\n|move|p1b: Sayaka|Wave Crash|p2b: Flutter Mane\n|-activate|p2b: Flutter Mane|move: Protect\n|move|p2a: Wo-Chien|Foul Play|p1a: Lockheed\n|-damage|p1a: Lockheed|0 fnt\n|faint|p1a: Lockheed\n|\n|upkeep\n|\n|t:|1682139537\n|switch|p1a: Zuko|Armarouge, L50, M|100\/100\n|turn|5\n|inactive|Flutterhawk has 30 seconds left.\n|inactive|Flutterhawk has 20 seconds left.\n|inactive|Flutterhawk has 15 seconds left.\n|\n|t:|1682139580\n|move|p2b: Flutter Mane|Shadow Ball|p1a: Zuko\n|-supereffective|p1a: Zuko\n|-damage|p1a: Zuko|0 fnt\n|faint|p1a: Zuko\n|move|p1b: Sayaka|Close Combat|p2a: Wo-Chien\n|-supereffective|p2a: Wo-Chien\n|-damage|p2a: Wo-Chien|29\/100\n|-unboost|p1b: Sayaka|def|1\n|-unboost|p1b: Sayaka|spd|1\n|move|p2a: Wo-Chien|Foul Play|p1b: Sayaka\n|-damage|p1b: Sayaka|15\/100\n|\n|-heal|p2a: Wo-Chien|35\/100|[from] item: Leftovers\n|-fieldend|move: Psychic Terrain\n|upkeep\n|turn|6\n|\n|t:|1682139597\n|move|p1b: Sayaka|Jet Punch|p2b: Flutter Mane\n|-damage|p2b: Flutter Mane|0 fnt\n|faint|p2b: Flutter Mane\n|-end|p2b: Flutter Mane|Protosynthesis|[silent]\n|move|p2a: Wo-Chien|Foul Play|p1b: Sayaka\n|-damage|p1b: Sayaka|0 fnt\n|faint|p1b: Sayaka\n|\n|win|koolaidman594\n|raw|Flutterhawk's rating: 1081 → 1064<\/strong> (-17 for losing)\n|raw|koolaidman594's rating: 1169 → 1188<\/strong> (+19 for winning)\n|l|\u2606koolaidman594\n","uploadtime":1682139610,"views":15,"p1id":"flutterhawk","p2id":"koolaidman594","formatid":"gen9vgc2023regulationc","rating":1064,"private":0,"password":""}