{"id":"gen9vgc2023regulationc-1864114726","p1":"pengwin694","p2":"nickfang7","format":"[Gen 9] VGC 2023 Regulation C","log":"|j|\u2606pengwin694\n|j|\u2606nickfang7\n|t:|1684119502\n|gametype|doubles\n|player|p1|pengwin694|170|1474\n|player|p2|nickfang7|1|1543\n|teamsize|p1|6\n|teamsize|p2|6\n|gen|9\n|tier|[Gen 9] VGC 2023 Regulation C\n|rated|\n|rule|Species Clause: Limit one of each Pok\u00e9mon\n|rule|Item Clause: Limit one of each item\n|clearpoke\n|poke|p1|Glimmora, L50, M|\n|poke|p1|Dragonite, L50, M|\n|poke|p1|Dondozo, L50, M|\n|poke|p1|Tatsugiri, L50, F|\n|poke|p1|Chi-Yu, L50|\n|poke|p1|Iron Bundle, L50|\n|poke|p2|Torkoal, L50, F|\n|poke|p2|Jumpluff, L50, M|\n|poke|p2|Flutter Mane, L50|\n|poke|p2|Kingambit, L50, M|\n|poke|p2|Great Tusk, L50|\n|poke|p2|Chien-Pao, L50|\n|teampreview|4\n|inactive|Battle timer is ON: inactive players will automatically lose when time's up. (requested by nickfang7)\n|inactive|pengwin694 has 60 seconds left.\n|inactive|nickfang7 has 60 seconds left.\nnickfang7 has agreed to open team sheets.\n|\n|t:|1684119550\n|start\n|switch|p1a: Glimmora|Glimmora, L50, M, shiny|100\/100\n|switch|p1b: Tatsugiri|Tatsugiri, L50, F|100\/100\n|switch|p2a: Jumpluff|Jumpluff, L50, M|100\/100\n|switch|p2b: Great Tusk|Great Tusk, L50|100\/100\n|turn|1\n|inactive|pengwin694 has 30 seconds left.\n|\n|t:|1684119581\n|-terastallize|p1a: Glimmora|Grass\n|move|p2b: Great Tusk|Earthquake|p1a: Glimmora|[spread] p1a,p1b\n|-immune|p2a: Jumpluff\n|-resisted|p1a: Glimmora\n|-damage|p1a: Glimmora|86\/100\n|-damage|p1b: Tatsugiri|29\/100\n|-activate|p1a: Glimmora|ability: Toxic Debris\n|-sidestart|p2: nickfang7|move: Toxic Spikes\n|move|p1b: Tatsugiri|Icy Wind|p2b: Great Tusk|[spread] p2a,p2b\n|-supereffective|p2a: Jumpluff\n|-supereffective|p2b: Great Tusk\n|-damage|p2a: Jumpluff|45\/100\n|-damage|p2b: Great Tusk|61\/100\n|-unboost|p2b: Great Tusk|spe|1\n|move|p2a: Jumpluff|Tailwind|p2a: Jumpluff\n|-sidestart|p2: nickfang7|move: Tailwind\n|move|p1a: Glimmora|Mortal Spin|p2a: Jumpluff|[spread] p2a,p2b\n|-supereffective|p2a: Jumpluff\n|-crit|p2a: Jumpluff\n|-resisted|p2b: Great Tusk\n|-damage|p2a: Jumpluff|28\/100\n|-damage|p2b: Great Tusk|59\/100\n|-status|p2b: Great Tusk|psn\n|\n|-damage|p2b: Great Tusk|47\/100 psn|[from] psn\n|upkeep\n|turn|2\n|inactive|pengwin694 has 30 seconds left.\n|inactive|nickfang7 has 30 seconds left.\n|inactive|pengwin694 has 20 seconds left.\n|inactive|nickfang7 has 20 seconds left.\n|\n|t:|1684119619\n|move|p2a: Jumpluff|Encore|p1a: Glimmora\n|-start|p1a: Glimmora|Encore\n|move|p2b: Great Tusk|Earthquake|p1b: Tatsugiri|[spread] p1a,p1b\n|-immune|p2a: Jumpluff\n|-resisted|p1a: Glimmora\n|-damage|p1a: Glimmora|69\/100\n|-damage|p1b: Tatsugiri|0 fnt\n|-activate|p1a: Glimmora|ability: Toxic Debris\n|-sidestart|p2: nickfang7|move: Toxic Spikes\n|faint|p1b: Tatsugiri\n|move|p1a: Glimmora|Mortal Spin|p2a: Jumpluff|[spread] p2a,p2b\n|-supereffective|p2a: Jumpluff\n|-crit|p2a: Jumpluff\n|-resisted|p2b: Great Tusk\n|-damage|p2a: Jumpluff|10\/100\n|-damage|p2b: Great Tusk|46\/100 psn\n|\n|-damage|p2b: Great Tusk|33\/100 psn|[from] psn\n|upkeep\n|\n|t:|1684119633\n|switch|p1b: Dragonite|Dragonite, L50, M, shiny|100\/100\n|turn|3\n|\n|t:|1684119649\n|switch|p2a: Flutter Mane|Flutter Mane, L50|100\/100\n|-status|p2a: Flutter Mane|tox\n|-end|p2b: Great Tusk|Protosynthesis|[silent]\n|switch|p2b: Torkoal|Torkoal, L50, F|100\/100\n|-status|p2b: Torkoal|tox\n|-weather|SunnyDay|[from] ability: Drought|[of] p2b: Torkoal\n|-activate|p2a: Flutter Mane|ability: Protosynthesis\n|-start|p2a: Flutter Mane|protosynthesisspe\n|move|p1b: Dragonite|Extreme Speed|p2a: Flutter Mane\n|-immune|p2a: Flutter Mane\n|move|p1a: Glimmora|Mortal Spin|p2a: Flutter Mane|[spread] p2a,p2b\n|-damage|p2a: Flutter Mane|93\/100 tox\n|-damage|p2b: Torkoal|97\/100 tox\n|\n|-weather|SunnyDay|[upkeep]\n|-damage|p2a: Flutter Mane|87\/100 tox|[from] psn\n|-damage|p2b: Torkoal|91\/100 tox|[from] psn\n|upkeep\n|turn|4\n|\n|t:|1684119672\n|move|p1b: Dragonite|Extreme Speed|p2b: Torkoal\n|-damage|p2b: Torkoal|58\/100 tox\n|move|p2a: Flutter Mane|Moonblast|p1b: Dragonite\n|-supereffective|p1b: Dragonite\n|-damage|p1b: Dragonite|30\/100\n|move|p1a: Glimmora|Mortal Spin|p2b: Torkoal|[spread] p2a,p2b\n|-crit|p2a: Flutter Mane\n|-damage|p2a: Flutter Mane|75\/100 tox\n|-damage|p2b: Torkoal|54\/100 tox\n|move|p2b: Torkoal|Overheat|p1a: Glimmora\n|-supereffective|p1a: Glimmora\n|-damage|p1a: Glimmora|0 fnt\n|-unboost|p2b: Torkoal|spa|2\n|-enditem|p2b: Torkoal|Eject Pack\n|faint|p1a: Glimmora\n|\n|t:|1684119683\n|switch|p2b: Jumpluff|Jumpluff, L50, M|10\/100\n|\n|-weather|SunnyDay|[upkeep]\n|-damage|p2a: Flutter Mane|63\/100 tox|[from] psn\n|-sideend|p2: nickfang7|move: Tailwind\n|upkeep\n|\n|t:|1684119688\n|switch|p1a: Iron Bundle|Iron Bundle, L50, shiny|100\/100\n|-enditem|p1a: Iron Bundle|Booster Energy\n|-activate|p1a: Iron Bundle|ability: Quark Drive|[fromitem]\n|-start|p1a: Iron Bundle|quarkdrivespe\n|turn|5\n|\n|t:|1684119706\n|move|p1b: Dragonite|Extreme Speed|p2b: Jumpluff\n|-damage|p2b: Jumpluff|0 fnt\n|faint|p2b: Jumpluff\n|move|p1a: Iron Bundle|Freeze-Dry|p2a: Flutter Mane\n|-damage|p2a: Flutter Mane|27\/100 tox\n|move|p2a: Flutter Mane|Moonblast|p1a: Iron Bundle\n|-damage|p1a: Iron Bundle|0 fnt\n|faint|p1a: Iron Bundle\n|-end|p1a: Iron Bundle|Quark Drive|[silent]\n|\n|-weather|SunnyDay|[upkeep]\n|-damage|p2a: Flutter Mane|9\/100 tox|[from] psn\n|upkeep\n|-message|pengwin694 forfeited.\n|\n|win|nickfang7\n|raw|pengwin694's rating: 1474 → 1458<\/strong> (-16 for losing)\n|raw|nickfang7's rating: 1543 → 1559<\/strong> (+16 for winning)\n|l|\u2606pengwin694\n","uploadtime":1684119721,"views":8,"p1id":"pengwin694","p2id":"nickfang7","formatid":"gen9vgc2023regulationc","rating":1458,"private":0,"password":""}