{"id":"gen9vgc2023regulationc-1845579806","p1":"Shnipe_Cizy","p2":"FanPoke2011","format":"[Gen 9] VGC 2023 Regulation C","log":"|j|\u2606Shnipe_Cizy\n|j|\u2606FanPoke2011\n|t:|1681746696\n|gametype|doubles\n|player|p1|Shnipe_Cizy|lance|1390\n|player|p2|FanPoke2011|youngster-gen4dp|1393\n|teamsize|p1|6\n|teamsize|p2|6\n|gen|9\n|tier|[Gen 9] VGC 2023 Regulation C\n|rated|\n|rule|Species Clause: Limit one of each Pok\u00e9mon\n|rule|Item Clause: Limit one of each item\n|clearpoke\n|poke|p1|Palafin, L50, F|\n|poke|p1|Arcanine, L50, F|\n|poke|p1|Baxcalibur, L50, M|\n|poke|p1|Ting-Lu, L50|\n|poke|p1|Amoonguss, L50, F|\n|poke|p1|Flutter Mane, L50|\n|poke|p2|Chien-Pao, L50|\n|poke|p2|Dragonite, L50, F|\n|poke|p2|Glimmora, L50, F|\n|poke|p2|Volcarona, L50, M|\n|poke|p2|Gyarados, L50, F|\n|poke|p2|Great Tusk, L50|\n|teampreview|4\nShnipe_Cizy has agreed to open team sheets.\n|\n|t:|1681746728\n|start\n|switch|p1a: Palafin|Palafin, L50, F|100\/100\n|switch|p1b: Baxcalibur|Baxcalibur, L50, M|100\/100\n|switch|p2a: Dusk|Volcarona, L50, M, shiny|100\/100\n|switch|p2b: Ronaldinho|Gyarados, L50, F, shiny|100\/100\n|-ability|p2b: Ronaldinho|Intimidate|boost\n|-unboost|p1a: Palafin|atk|1\n|-fail|p1b: Baxcalibur|unboost|[from] item: Clear Amulet|[of] p1b: Baxcalibur\n|turn|1\n|\n|t:|1681746755\n|detailschange|p1a: Palafin|Palafin-Hero, L50, F\n|switch|p1a: Arcanine|Arcanine, L50, F|100\/100\n|-ability|p1a: Arcanine|Intimidate|boost\n|-unboost|p2a: Dusk|atk|1\n|-unboost|p2b: Ronaldinho|atk|1\n|move|p1b: Baxcalibur|Protect|p1b: Baxcalibur\n|-singleturn|p1b: Baxcalibur|Protect\n|move|p2a: Dusk|Will-O-Wisp|p1a: Arcanine\n|-immune|p1a: Arcanine\n|move|p2b: Ronaldinho|Dragon Dance|p2b: Ronaldinho\n|-boost|p2b: Ronaldinho|atk|1\n|-boost|p2b: Ronaldinho|spe|1\n|\n|upkeep\n|turn|2\n|\n|t:|1681746781\n|-terastallize|p1b: Baxcalibur|Poison\n|move|p2a: Dusk|Rage Powder|p2a: Dusk\n|-singleturn|p2a: Dusk|move: Rage Powder\n|move|p2b: Ronaldinho|Waterfall|p1a: Arcanine\n|-supereffective|p1a: Arcanine\n|-damage|p1a: Arcanine|0 fnt\n|faint|p1a: Arcanine\n|move|p1b: Baxcalibur|Glaive Rush|p2a: Dusk\n|-damage|p2a: Dusk|3\/100\n|-singlemove|p1b: Baxcalibur|Glaive Rush|[silent]\n|\n|upkeep\n|\n|t:|1681746794\n|switch|p1a: Palafin|Palafin-Hero, L50, F|100\/100\n|-activate|p1a: Palafin|ability: Zero to Hero\n|turn|3\n|\n|t:|1681746817\n|switch|p2a: Diego|Chien-Pao, L50|100\/100\n|-ability|p2a: Diego|Sword of Ruin\n|-terastallize|p2b: Ronaldinho|Flying\n|move|p1b: Baxcalibur|Protect|p1b: Baxcalibur\n|-singleturn|p1b: Baxcalibur|Protect\n|move|p2b: Ronaldinho|Tera Blast|p1b: Baxcalibur\n|-activate|p1b: Baxcalibur|move: Protect\n|move|p1a: Palafin|Substitute|p1a: Palafin\n|-start|p1a: Palafin|Substitute\n|-damage|p1a: Palafin|76\/100\n|\n|-heal|p1a: Palafin|82\/100|[from] item: Leftovers\n|upkeep\n|turn|4\n|\n|t:|1681746841\n|move|p2a: Diego|Sucker Punch|p1a: Palafin\n|-end|p1a: Palafin|Substitute\n|move|p1a: Palafin|Jet Punch|p2a: Diego\n|-damage|p2a: Diego|50\/100\n|move|p2b: Ronaldinho|Tera Blast|p1b: Baxcalibur\n|-damage|p1b: Baxcalibur|40\/100\n|move|p1b: Baxcalibur|Icicle Crash|p2b: Ronaldinho\n|-supereffective|p2b: Ronaldinho\n|-damage|p2b: Ronaldinho|0 fnt\n|faint|p2b: Ronaldinho\n|\n|-heal|p1a: Palafin|88\/100|[from] item: Leftovers\n|upkeep\n|\n|t:|1681746850\n|switch|p2b: Cecilia|Dragonite, L50, F, shiny|100\/100\n|turn|5\n|\n|t:|1681746858\n|move|p1b: Baxcalibur|Protect|p1b: Baxcalibur\n|-singleturn|p1b: Baxcalibur|Protect\n|move|p1a: Palafin|Protect|p1a: Palafin\n|-singleturn|p1a: Palafin|Protect\n|move|p2b: Cecilia|Extreme Speed|p1a: Palafin\n|-activate|p1a: Palafin|move: Protect\n|move|p2a: Diego|Sacred Sword|p1a: Palafin\n|-activate|p1a: Palafin|move: Protect\n|\n|-heal|p1a: Palafin|94\/100|[from] item: Leftovers\n|upkeep\n|turn|6\n|\n|t:|1681746879\n|move|p2b: Cecilia|Extreme Speed|p1a: Palafin\n|-damage|p1a: Palafin|44\/100\n|-damage|p2b: Cecilia|90\/100|[from] item: Life Orb\n|move|p2a: Diego|Sucker Punch|p1b: Baxcalibur\n|-damage|p1b: Baxcalibur|0 fnt\n|faint|p1b: Baxcalibur\n|move|p1a: Palafin|Jet Punch|p2a: Diego\n|-damage|p2a: Diego|0 fnt\n|faint|p2a: Diego\n|\n|-heal|p1a: Palafin|50\/100|[from] item: Leftovers\n|upkeep\n|\n|t:|1681746887\n|switch|p2a: Dusk|Volcarona, L50, M, shiny|3\/100\n|switch|p1b: Flutter Mane|Flutter Mane, L50|100\/100\n|turn|7\n|\n|t:|1681746896\n|move|p1a: Palafin|Jet Punch|p2a: Dusk\n|-supereffective|p2a: Dusk\n|-damage|p2a: Dusk|0 fnt\n|faint|p2a: Dusk\n|move|p1b: Flutter Mane|Moonblast|p2b: Cecilia\n|-supereffective|p2b: Cecilia\n|-damage|p2b: Cecilia|0 fnt\n|faint|p2b: Cecilia\n|\n|win|Shnipe_Cizy\n|raw|Shnipe_Cizy's rating: 1390 → 1410<\/strong> (+20 for winning)\n|raw|FanPoke2011's rating: 1393 → 1373<\/strong> (-20 for losing)\n|l|\u2606FanPoke2011\n","uploadtime":1681746904,"views":12,"p1id":"shnipecizy","p2id":"fanpoke2011","formatid":"gen9vgc2023regulationc","rating":1373,"private":0,"password":""}