{"id":"gen9vgc2023regulationc-1846898870","p1":"NickFrazer","p2":"Seeker945","format":"[Gen 9] VGC 2023 Regulation C","log":"|j|\u2606NickFrazer\n|j|\u2606Seeker945\n|t:|1681897883\n|gametype|doubles\n|player|p1|NickFrazer|pilot|1122\n|player|p2|Seeker945|burglar|1111\n|teamsize|p1|6\n|teamsize|p2|6\n|gen|9\n|tier|[Gen 9] VGC 2023 Regulation C\n|rated|\n|rule|Species Clause: Limit one of each Pok\u00e9mon\n|rule|Item Clause: Limit one of each item\n|clearpoke\n|poke|p1|Kingambit, L50, F|\n|poke|p1|Palafin, L50, M|\n|poke|p1|Pelipper, L50, M|\n|poke|p1|Ting-Lu, L50|\n|poke|p1|Pachirisu, L50, F|\n|poke|p1|Bellibolt, L50, M|\n|poke|p2|Amoonguss, L50, M|\n|poke|p2|Arcanine, L50, F|\n|poke|p2|Ting-Lu, L50|\n|poke|p2|Flutter Mane, L50|\n|poke|p2|Dragonite, L50, M|\n|poke|p2|Palafin, L50, M|\n|teampreview|4\n|inactive|Battle timer is ON: inactive players will automatically lose when time's up. (requested by NickFrazer)\n|\n|t:|1681897909\n|start\n|switch|p1a: Kingambit|Kingambit, L50, F|100\/100\n|switch|p1b: Palafin|Palafin, L50, M|100\/100\n|switch|p2a: Palafin|Palafin, L50, M, shiny|100\/100\n|switch|p2b: Amoonguss|Amoonguss, L50, M, shiny|100\/100\n|turn|1\n|\n|t:|1681897923\n|detailschange|p2a: Palafin|Palafin-Hero, L50, M, shiny\n|switch|p2a: Dragonite|Dragonite, L50, M, shiny|100\/100\n|move|p1b: Palafin|Flip Turn|p2a: Dragonite\n|-resisted|p2a: Dragonite\n|-damage|p2a: Dragonite|94\/100\n|\n|t:|1681897929\n|detailschange|p1b: Palafin|Palafin-Hero, L50, M\n|switch|p1b: Pelipper|Pelipper, L50, M|100\/100|[from] Flip Turn\n|-weather|RainDance|[from] ability: Drizzle|[of] p1b: Pelipper\n|move|p1a: Kingambit|X-Scissor|p2b: Amoonguss\n|-damage|p2b: Amoonguss|75\/100\n|move|p2b: Amoonguss|Spore|p1a: Kingambit\n|-status|p1a: Kingambit|slp|[from] move: Spore\n|\n|-weather|RainDance|[upkeep]\n|upkeep\n|turn|2\n|\n|t:|1681897947\n|move|p2a: Dragonite|Low Kick|p1a: Kingambit\n|-supereffective|p1a: Kingambit\n|-damage|p1a: Kingambit|0 fnt\n|faint|p1a: Kingambit\n|move|p1b: Pelipper|Ice Beam|p2a: Dragonite\n|-supereffective|p2a: Dragonite\n|-damage|p2a: Dragonite|0 fnt\n|faint|p2a: Dragonite\n|move|p2b: Amoonguss|Spore|p1b: Pelipper\n|-status|p1b: Pelipper|slp|[from] move: Spore\n|\n|-weather|RainDance|[upkeep]\n|upkeep\n|\n|t:|1681897960\n|switch|p2a: Palafin|Palafin-Hero, L50, M, shiny|100\/100\n|switch|p1a: Ting-Lu|Ting-Lu, L50|100\/100\n|-activate|p2a: Palafin|ability: Zero to Hero\n|-ability|p1a: Ting-Lu|Vessel of Ruin\n|turn|3\n|\n|t:|1681897978\n|-terastallize|p2a: Palafin|Water\n|-terastallize|p1a: Ting-Lu|Poison\n|move|p2a: Palafin|Wave Crash|p1a: Ting-Lu\n|-damage|p1a: Ting-Lu|13\/100\n|-damage|p2a: Palafin|84\/100|[from] item: Rocky Helmet|[of] p1a: Ting-Lu\n|-damage|p2a: Palafin|49\/100|[from] Recoil\n|move|p1a: Ting-Lu|Ruination|p2a: Palafin\n|-damage|p2a: Palafin|25\/100\n|cant|p1b: Pelipper|slp\n|move|p2b: Amoonguss|Spore|p1a: Ting-Lu\n|-status|p1a: Ting-Lu|slp|[from] move: Spore\n|\n|-weather|RainDance|[upkeep]\n|upkeep\n|turn|4\n|\n|t:|1681898001\n|cant|p1a: Ting-Lu|slp\n|move|p2a: Palafin|Wave Crash|p1b: Pelipper\n|-resisted|p1b: Pelipper\n|-damage|p1b: Pelipper|0 fnt\n|faint|p1b: Pelipper\n|-damage|p2a: Palafin|2\/100|[from] Recoil\n|move|p2b: Amoonguss|Pollen Puff|p2a: Palafin\n|-heal|p2a: Palafin|51\/100\n|\n|-weather|RainDance|[upkeep]\n|upkeep\n|\n|t:|1681898006\n|switch|p1b: Palafin|Palafin-Hero, L50, M|100\/100\n|-activate|p1b: Palafin|ability: Zero to Hero\n|turn|5\n|\n|t:|1681898020\n|cant|p1a: Ting-Lu|slp\n|move|p1b: Palafin|Jet Punch|p2a: Palafin\n|-resisted|p2a: Palafin\n|-damage|p2a: Palafin|22\/100\n|move|p2a: Palafin|Jet Punch|p1a: Ting-Lu\n|-damage|p1a: Ting-Lu|0 fnt\n|-damage|p2a: Palafin|6\/100|[from] item: Rocky Helmet|[of] p1a: Ting-Lu\n|faint|p1a: Ting-Lu\n|move|p2b: Amoonguss|Spore|p1b: Palafin\n|-status|p1b: Palafin|slp|[from] move: Spore\n|\n|-weather|RainDance|[upkeep]\n|upkeep\n|turn|6\n|\n|t:|1681898039\n|cant|p1b: Palafin|slp\n|move|p2a: Palafin|Jet Punch|p1b: Palafin\n|-resisted|p1b: Palafin\n|-damage|p1b: Palafin|53\/100 slp\n|move|p2b: Amoonguss|Pollen Puff|p2a: Palafin\n|-heal|p2a: Palafin|55\/100\n|\n|-weather|RainDance|[upkeep]\n|upkeep\n|turn|7\n|\n|t:|1681898050\n|-curestatus|p1b: Palafin|slp|[msg]\n|move|p1b: Palafin|Wave Crash|p2a: Palafin\n|-resisted|p2a: Palafin\n|-damage|p2a: Palafin|0 fnt\n|faint|p2a: Palafin\n|-damage|p1b: Palafin|33\/100|[from] Recoil\n|move|p2b: Amoonguss|Pollen Puff|p2: Palafin|[notarget]\n|-fail|p2b: Amoonguss\n|\n|-weather|RainDance|[upkeep]\n|upkeep\n|\n|t:|1681898059\n|switch|p2a: Ting-Lu|Ting-Lu, L50|100\/100\n|-ability|p2a: Ting-Lu|Vessel of Ruin\n|turn|8\n|\n|t:|1681898073\n|move|p1b: Palafin|Ice Punch|p2b: Amoonguss\n|-supereffective|p2b: Amoonguss\n|-damage|p2b: Amoonguss|17\/100\n|-status|p2b: Amoonguss|frz\n|-enditem|p2b: Amoonguss|Sitrus Berry|[eat]\n|-heal|p2b: Amoonguss|42\/100 frz|[from] item: Sitrus Berry\n|move|p2a: Ting-Lu|Stomping Tantrum|p1b: Palafin\n|-damage|p1b: Palafin|0 fnt\n|faint|p1b: Palafin\n|\n|win|Seeker945\n|raw|NickFrazer's rating: 1122 → 1096<\/strong> (-26 for losing)\n|raw|Seeker945's rating: 1111 → 1137<\/strong> (+26 for winning)\n|l|\u2606NickFrazer\n|c|\u2606Seeker945|gg\n","uploadtime":1681898091,"views":14,"p1id":"nickfrazer","p2id":"seeker945","formatid":"gen9vgc2023regulationc","rating":1096,"private":0,"password":""}