{"id":"gen9vgc2023regulationc-1847891264","p1":"GenrithVGC","p2":"reeeeeeloluwuwhi","format":"[Gen 9] VGC 2023 Regulation C","log":"|j|\u2606GenrithVGC\n|j|\u2606reeeeeeloluwuwhi\n|t:|1682010396\n|gametype|doubles\n|player|p1|GenrithVGC|gambler|1095\n|player|p2|reeeeeeloluwuwhi|169|1000\n|teamsize|p1|6\n|teamsize|p2|6\n|gen|9\n|tier|[Gen 9] VGC 2023 Regulation C\n|rated|\n|rule|Species Clause: Limit one of each Pok\u00e9mon\n|rule|Item Clause: Limit one of each item\n|clearpoke\n|poke|p1|Chi-Yu, L50|\n|poke|p1|Flutter Mane, L50|\n|poke|p1|Amoonguss, L50, M|\n|poke|p1|Palafin, L50, F|\n|poke|p1|Corviknight, L50, M|\n|poke|p1|Dragonite, L50, M|\n|poke|p2|Grimmsnarl, L50, M|\n|poke|p2|Baxcalibur, L50, M|\n|poke|p2|Maushold-Four, L50|\n|poke|p2|Arcanine, L50, M|\n|poke|p2|Oranguru, L50, M|\n|poke|p2|Annihilape, L50, M|\n|teampreview|4\n|\n|t:|1682010454\n|start\n|switch|p1a: Dragonite|Dragonite, L50, M|100\/100\n|switch|p1b: Palafin|Palafin, L50, F|100\/100\n|switch|p2a: Annihilape|Annihilape, L50, M, shiny|100\/100\n|switch|p2b: Ramune|Maushold-Four, L50|100\/100\n|turn|1\n|inactive|Battle timer is ON: inactive players will automatically lose when time's up. (requested by reeeeeeloluwuwhi)\n|\n|t:|1682010503\n|detailschange|p1b: Palafin|Palafin-Hero, L50, F\n|switch|p1b: Flutter Mane|Flutter Mane, L50|100\/100\n|-enditem|p1b: Flutter Mane|Booster Energy\n|-activate|p1b: Flutter Mane|ability: Protosynthesis|[fromitem]\n|-start|p1b: Flutter Mane|protosynthesisspe\n|-terastallize|p2a: Annihilape|Ghost\n|move|p1a: Dragonite|Extreme Speed|p2b: Ramune\n|-damage|p2b: Ramune|65\/100\n|move|p2b: Ramune|Beat Up|p2a: Annihilape\n|-supereffective|p2a: Annihilape\n|-damage|p2a: Annihilape|96\/100\n|-enditem|p2a: Annihilape|Weakness Policy\n|-boost|p2a: Annihilape|atk|2|[from] item: Weakness Policy\n|-boost|p2a: Annihilape|spa|2|[from] item: Weakness Policy\n|-supereffective|p2a: Annihilape\n|-damage|p2a: Annihilape|92\/100\n|-supereffective|p2a: Annihilape\n|-damage|p2a: Annihilape|88\/100\n|-supereffective|p2a: Annihilape\n|-damage|p2a: Annihilape|82\/100\n|-hitcount|p2a: Annihilape|4\n|move|p2a: Annihilape|Rage Fist|p1a: Dragonite\n|-damage|p1a: Dragonite|0 fnt\n|faint|p1a: Dragonite\n|\n|upkeep\n|inactive|GenrithVGC has 30 seconds left.\n|\n|t:|1682010533\n|switch|p1a: Palafin|Palafin-Hero, L50, F|100\/100\n|-activate|p1a: Palafin|ability: Zero to Hero\n|turn|2\n|inactive|reeeeeeloluwuwhi has 30 seconds left.\n|\n|t:|1682010559\n|move|p2b: Ramune|Protect|p2b: Ramune\n|-singleturn|p2b: Ramune|Protect\n|move|p2a: Annihilape|Protect|p2a: Annihilape\n|-singleturn|p2a: Annihilape|Protect\n|move|p1a: Palafin|Jet Punch|p2a: Annihilape\n|-activate|p2a: Annihilape|move: Protect\n|move|p1b: Flutter Mane|Dazzling Gleam|p2a: Annihilape|[spread] \n|-activate|p2a: Annihilape|move: Protect\n|-activate|p2b: Ramune|move: Protect\n|\n|upkeep\n|turn|3\n|inactive|reeeeeeloluwuwhi has 30 seconds left.\n|inactive|reeeeeeloluwuwhi has 20 seconds left.\n|\n|t:|1682010594\n|-terastallize|p1b: Flutter Mane|Fairy\n|move|p2b: Ramune|Follow Me|p2b: Ramune\n|-singleturn|p2b: Ramune|move: Follow Me\n|move|p1a: Palafin|Jet Punch|p2b: Ramune\n|-damage|p2b: Ramune|10\/100\n|-enditem|p2b: Ramune|Sitrus Berry|[eat]\n|-heal|p2b: Ramune|35\/100|[from] item: Sitrus Berry\n|move|p1b: Flutter Mane|Dazzling Gleam|p2b: Ramune|[spread] p2a,p2b\n|-damage|p2a: Annihilape|59\/100\n|-damage|p2b: Ramune|0 fnt\n|faint|p2b: Ramune\n|move|p2a: Annihilape|Rage Fist|p1a: Palafin\n|-damage|p1a: Palafin|0 fnt\n|faint|p1a: Palafin\n|\n|upkeep\n|\n|t:|1682010619\n|switch|p2b: Gojira|Baxcalibur, L50, M|100\/100\n|switch|p1a: Corviknight|Corviknight, L50, M, shiny|100\/100\n|turn|4\n|inactive|reeeeeeloluwuwhi has 30 seconds left.\n|\n|t:|1682010646\n|move|p2b: Gojira|Ice Shard|p1b: Flutter Mane\n|-damage|p1b: Flutter Mane|67\/100\n|move|p1b: Flutter Mane|Dazzling Gleam|p2b: Gojira|[spread] p2a,p2b\n|-supereffective|p2b: Gojira\n|-damage|p2a: Annihilape|29\/100\n|-damage|p2b: Gojira|32\/100\n|move|p2a: Annihilape|Rage Fist|p1b: Flutter Mane\n|-damage|p1b: Flutter Mane|0 fnt\n|faint|p1b: Flutter Mane\n|-end|p1b: Flutter Mane|Protosynthesis|[silent]\n|move|p1a: Corviknight|Brave Bird|p2a: Annihilape\n|-damage|p2a: Annihilape|0 fnt\n|faint|p2a: Annihilape\n|-damage|p1a: Corviknight|90\/100|[from] Recoil\n|\n|-heal|p1a: Corviknight|96\/100|[from] item: Leftovers\n|upkeep\n|\n|t:|1682010668\n|switch|p2a: Arcanine|Arcanine, L50, M|100\/100\n|-ability|p2a: Arcanine|Intimidate|boost\n|-ability|p1a: Corviknight|Mirror Armor\n|-unboost|p2a: Arcanine|atk|1\n|turn|5\n|\n|t:|1682010688\n|move|p2a: Arcanine|Flare Blitz|p1a: Corviknight\n|-supereffective|p1a: Corviknight\n|-damage|p1a: Corviknight|35\/100\n|-damage|p2a: Arcanine|81\/100|[from] Recoil\n|move|p2b: Gojira|Dragon Dance|p2b: Gojira\n|-boost|p2b: Gojira|atk|1\n|-boost|p2b: Gojira|spe|1\n|move|p1a: Corviknight|Brave Bird|p2b: Gojira\n|-damage|p2b: Gojira|0 fnt\n|faint|p2b: Gojira\n|-damage|p1a: Corviknight|23\/100|[from] Recoil\n|\n|-heal|p1a: Corviknight|28\/100|[from] item: Leftovers\n|upkeep\n|turn|6\n|\n|t:|1682010704\n|move|p1a: Corviknight|Protect|p1a: Corviknight\n|-singleturn|p1a: Corviknight|Protect\n|move|p2a: Arcanine|Flare Blitz|p1a: Corviknight\n|-activate|p1a: Corviknight|move: Protect\n|\n|-heal|p1a: Corviknight|34\/100|[from] item: Leftovers\n|upkeep\n|turn|7\n|\n|t:|1682010727\n|move|p2a: Arcanine|Flare Blitz|p1a: Corviknight\n|-supereffective|p1a: Corviknight\n|-damage|p1a: Corviknight|0 fnt\n|faint|p1a: Corviknight\n|-damage|p2a: Arcanine|70\/100|[from] Recoil\n|\n|win|reeeeeeloluwuwhi\n|raw|GenrithVGC's rating: 1095 → 1064<\/strong> (-31 for losing)\n|raw|reeeeeeloluwuwhi's rating: 1000 → 1051<\/strong> (+51 for winning)\n","uploadtime":1682010736,"views":10,"p1id":"genrithvgc","p2id":"reeeeeeloluwuwhi","formatid":"gen9vgc2023regulationc","rating":1051,"private":0,"password":""}