{"id":"gen9vgc2023regulationc-1846887428","p1":"RitmanTesting1","p2":"apklor","format":"[Gen 9] VGC 2023 Regulation C","log":"|j|\u2606RitmanTesting1\n|j|\u2606apklor\n|t:|1681896171\n|gametype|doubles\n|player|p1|RitmanTesting1|byron|1355\n|player|p2|apklor|265|1366\n|teamsize|p1|6\n|teamsize|p2|6\n|gen|9\n|tier|[Gen 9] VGC 2023 Regulation C\n|rated|\n|rule|Species Clause: Limit one of each Pok\u00e9mon\n|rule|Item Clause: Limit one of each item\n|clearpoke\n|poke|p1|Chi-Yu, L50|\n|poke|p1|Flutter Mane, L50|\n|poke|p1|Gyarados, L50, M|\n|poke|p1|Brute Bonnet, L50|\n|poke|p1|Baxcalibur, L50, F|\n|poke|p1|Glimmora, L50, F|\n|poke|p2|Amoonguss, L50, F|\n|poke|p2|Palafin, L50, F|\n|poke|p2|Arcanine, L50, M|\n|poke|p2|Flutter Mane, L50|\n|poke|p2|Dragonite, L50, M|\n|poke|p2|Chien-Pao, L50|\n|teampreview|4\nRitmanTesting1 has agreed to open team sheets.\n|inactive|Battle timer is ON: inactive players will automatically lose when time's up. (requested by RitmanTesting1)\napklor has agreed to open team sheets.\n|inactive|RitmanTesting1 has 60 seconds left.\n|inactive|apklor has 60 seconds left.\n|\n|t:|1681896236\n|start\n|switch|p1a: Gyarados|Gyarados, L50, M|100\/100\n|switch|p1b: Chi-Yu|Chi-Yu, L50|100\/100\n|switch|p2a: Ispanico|Palafin, L50, F|100\/100\n|switch|p2b: Mihawk|Chien-Pao, L50|100\/100\n|-ability|p2b: Mihawk|Sword of Ruin\n|-ability|p1b: Chi-Yu|Beads of Ruin\n|-ability|p1a: Gyarados|Intimidate|boost\n|-unboost|p2a: Ispanico|atk|1\n|-unboost|p2b: Mihawk|atk|1\n|turn|1\n|inactive|RitmanTesting1 has 30 seconds left.\n|inactive|apklor has 30 seconds left.\n|\n|t:|1681896266\n|detailschange|p2a: Ispanico|Palafin-Hero, L50, F\n|switch|p2a: Zorro|Arcanine, L50, M|100\/100\n|-ability|p2a: Zorro|Intimidate|boost\n|-unboost|p1a: Gyarados|atk|1\n|-unboost|p1b: Chi-Yu|atk|1\n|move|p2b: Mihawk|Ice Spinner|p1a: Gyarados\n|-crit|p1a: Gyarados\n|-damage|p1a: Gyarados|20\/100\n|move|p1b: Chi-Yu|Heat Wave|p2a: Zorro|[spread] p2a\n|-miss|p1b: Chi-Yu|p2b: Mihawk\n|-resisted|p2a: Zorro\n|-damage|p2a: Zorro|74\/100\n|move|p1a: Gyarados|Dragon Dance|p1a: Gyarados\n|-boost|p1a: Gyarados|atk|1\n|-boost|p1a: Gyarados|spe|1\n|\n|upkeep\n|turn|2\n|\n|t:|1681896286\n|move|p1a: Gyarados|Protect|p1a: Gyarados\n|-singleturn|p1a: Gyarados|Protect\n|move|p2a: Zorro|Extreme Speed|p1a: Gyarados\n|-activate|p1a: Gyarados|move: Protect\n|move|p2b: Mihawk|Sacred Sword|p1b: Chi-Yu\n|-supereffective|p1b: Chi-Yu\n|-damage|p1b: Chi-Yu|13\/100\n|move|p1b: Chi-Yu|Heat Wave|p2a: Zorro|[spread] p2a,p2b\n|-resisted|p2a: Zorro\n|-supereffective|p2b: Mihawk\n|-damage|p2a: Zorro|48\/100\n|-enditem|p2b: Mihawk|Focus Sash\n|-damage|p2b: Mihawk|1\/100\n|\n|upkeep\n|turn|3\n|\n|t:|1681896304\n|switch|p1a: Flutter Mane|Flutter Mane, L50|100\/100\n|-enditem|p1a: Flutter Mane|Booster Energy\n|-activate|p1a: Flutter Mane|ability: Protosynthesis|[fromitem]\n|-start|p1a: Flutter Mane|protosynthesisspa\n|move|p1b: Chi-Yu|Protect|p1b: Chi-Yu\n|-singleturn|p1b: Chi-Yu|Protect\n|move|p2a: Zorro|Extreme Speed|p1b: Chi-Yu\n|-activate|p1b: Chi-Yu|move: Protect\n|move|p2b: Mihawk|Sucker Punch||[still]\n|-fail|p2b: Mihawk\n|\n|upkeep\n|turn|4\n|inactive|apklor has 30 seconds left.\n|\n|t:|1681896330\n|switch|p1b: Gyarados|Gyarados, L50, M|20\/100\n|-ability|p1b: Gyarados|Intimidate|boost\n|-unboost|p2a: Zorro|atk|1\n|-unboost|p2b: Mihawk|atk|1\n|move|p2b: Mihawk|Protect|p2b: Mihawk\n|-singleturn|p2b: Mihawk|Protect\n|move|p2a: Zorro|Extreme Speed|p1b: Gyarados\n|-damage|p1b: Gyarados|0 fnt\n|faint|p1b: Gyarados\n|move|p1a: Flutter Mane|Shadow Ball|p2a: Zorro\n|-damage|p2a: Zorro|0 fnt\n|faint|p2a: Zorro\n|\n|upkeep\n|\n|t:|1681896351\n|switch|p2a: Ispanico|Palafin-Hero, L50, F|100\/100\n|switch|p1b: Baxcalibur|Baxcalibur, L50, F|100\/100\n|-activate|p2a: Ispanico|ability: Zero to Hero\n|turn|5\n|\n|t:|1681896370\n|-terastallize|p2a: Ispanico|Water\n|move|p1a: Flutter Mane|Protect|p1a: Flutter Mane\n|-singleturn|p1a: Flutter Mane|Protect\n|move|p1b: Baxcalibur|Ice Shard|p2b: Mihawk\n|-resisted|p2b: Mihawk\n|-damage|p2b: Mihawk|0 fnt\n|faint|p2b: Mihawk\n|move|p2a: Ispanico|Wave Crash|p1b: Baxcalibur\n|-resisted|p1b: Baxcalibur\n|-damage|p1b: Baxcalibur|47\/100\n|-damage|p2a: Ispanico|82\/100|[from] Recoil\n|\n|upkeep\n|\n|t:|1681896382\n|switch|p2b: Lupin|Amoonguss, L50, F|100\/100\n|turn|6\n|\n|t:|1681896400\n|-terastallize|p1a: Flutter Mane|Fairy\n|move|p2a: Ispanico|Protect|p2a: Ispanico\n|-singleturn|p2a: Ispanico|Protect\n|move|p1a: Flutter Mane|Moonblast|p2a: Ispanico\n|-activate|p2a: Ispanico|move: Protect\n|move|p1b: Baxcalibur|Icicle Spear|p2b: Lupin\n|-supereffective|p2b: Lupin\n|-damage|p2b: Lupin|76\/100\n|-supereffective|p2b: Lupin\n|-damage|p2b: Lupin|53\/100\n|-supereffective|p2b: Lupin\n|-damage|p2b: Lupin|28\/100\n|-enditem|p2b: Lupin|Sitrus Berry|[eat]\n|-heal|p2b: Lupin|53\/100|[from] item: Sitrus Berry\n|-supereffective|p2b: Lupin\n|-damage|p2b: Lupin|30\/100\n|-supereffective|p2b: Lupin\n|-damage|p2b: Lupin|7\/100\n|-hitcount|p2b: Lupin|5\n|move|p2b: Lupin|Spore|p1b: Baxcalibur\n|-status|p1b: Baxcalibur|slp|[from] move: Spore\n|\n|upkeep\n|turn|7\n|inactive|RitmanTesting1 has 30 seconds left.\n|inactive|apklor has 30 seconds left.\n|\n|t:|1681896432\n|move|p2b: Lupin|Protect|p2b: Lupin\n|-singleturn|p2b: Lupin|Protect\n|move|p2a: Ispanico|Jet Punch|p1a: Flutter Mane\n|-damage|p1a: Flutter Mane|25\/100\n|cant|p1b: Baxcalibur|slp\n|move|p1a: Flutter Mane|Dazzling Gleam|p2a: Ispanico|[spread] p2a\n|-activate|p2b: Lupin|move: Protect\n|-damage|p2a: Ispanico|30\/100\n|\n|upkeep\n|turn|8\n|\n|t:|1681896446\n|move|p1a: Flutter Mane|Protect|p1a: Flutter Mane\n|-singleturn|p1a: Flutter Mane|Protect\n|move|p2a: Ispanico|Jet Punch|p1a: Flutter Mane\n|-activate|p1a: Flutter Mane|move: Protect\n|-curestatus|p1b: Baxcalibur|slp|[msg]\n|move|p1b: Baxcalibur|Ice Shard|p2b: Lupin\n|-supereffective|p2b: Lupin\n|-damage|p2b: Lupin|0 fnt\n|faint|p2b: Lupin\n|\n|upkeep\n|turn|9\n|c|\u2606RitmanTesting1|gg\n|\n|t:|1681896463\n|move|p2a: Ispanico|Jet Punch|p1a: Flutter Mane\n|-crit|p1a: Flutter Mane\n|-damage|p1a: Flutter Mane|0 fnt\n|faint|p1a: Flutter Mane\n|-end|p1a: Flutter Mane|Protosynthesis|[silent]\n|move|p1b: Baxcalibur|Glaive Rush|p2a: Ispanico\n|-damage|p2a: Ispanico|0 fnt\n|-singlemove|p1b: Baxcalibur|Glaive Rush|[silent]\n|faint|p2a: Ispanico\n|\n|win|RitmanTesting1\n|raw|RitmanTesting1's rating: 1355 → 1376<\/strong> (+21 for winning)\n|raw|apklor's rating: 1366 → 1345<\/strong> (-21 for losing)\n|c|\u2606apklor|gg\n","uploadtime":1681896474,"views":12,"p1id":"ritmantesting1","p2id":"apklor","formatid":"gen9vgc2023regulationc","rating":1345,"private":0,"password":""}