{"id":"gen9vgc2023regulationc-1847315300","p1":"SisalVT","p2":"toucansoup","format":"[Gen 9] VGC 2023 Regulation C","log":"|j|\u2606SisalVT\n|j|\u2606toucansoup\n|t:|1681937610\n|gametype|doubles\n|player|p1|SisalVT|blue|1800\n|player|p2|toucansoup|170|1738\n|teamsize|p1|6\n|teamsize|p2|6\n|gen|9\n|tier|[Gen 9] VGC 2023 Regulation C\n|rated|\n|rule|Species Clause: Limit one of each Pok\u00e9mon\n|rule|Item Clause: Limit one of each item\n|clearpoke\n|poke|p1|Breloom, L50, F|\n|poke|p1|Chien-Pao, L50|\n|poke|p1|Flutter Mane, L50|\n|poke|p1|Chi-Yu, L50|\n|poke|p1|Dondozo, L50, M|\n|poke|p1|Tatsugiri-Stretchy, L50, F|\n|poke|p2|Chi-Yu, L50|\n|poke|p2|Scizor, L50, M|\n|poke|p2|Iron Bundle, L50|\n|poke|p2|Rotom-Wash, L50|\n|poke|p2|Garchomp, L50, M|\n|poke|p2|Chien-Pao, L50|\n|teampreview|4\nSisalVT has agreed to open team sheets.\n|\n|t:|1681937635\n|start\n|switch|p1a: Tattisaurus|Breloom, L50, F|100\/100\n|switch|p1b: Nivalis|Chien-Pao, L50|100\/100\n|switch|p2a: Garchomp|Garchomp, L50, M|100\/100\n|switch|p2b: Rotom|Rotom-Wash, L50|100\/100\n|-ability|p1b: Nivalis|Sword of Ruin\n|turn|1\n|j| ZacianLoveMe\n|j| salmonelephant\n|inactive|Battle timer is ON: inactive players will automatically lose when time's up. (requested by toucansoup)\n|\n|t:|1681937711\n|switch|p2a: Scizor|Scizor, L50, M|100\/100\n|move|p1b: Nivalis|Protect|p1b: Nivalis\n|-singleturn|p1b: Nivalis|Protect\n|move|p1a: Tattisaurus|Spore|p2a: Scizor\n|-activate|p2a: Scizor|item: Safety Goggles|Spore\n|move|p2b: Rotom|Will-O-Wisp|p1b: Nivalis\n|-activate|p1b: Nivalis|move: Protect\n|\n|upkeep\n|turn|2\n|\n|t:|1681937725\n|switch|p1b: Hanako|Chi-Yu, L50|100\/100\n|-ability|p1b: Hanako|Beads of Ruin\n|move|p2a: Scizor|Bullet Punch|p1b: Hanako\n|-resisted|p1b: Hanako\n|-damage|p1b: Hanako|83\/100\n|move|p1a: Tattisaurus|Spore|p2b: Rotom\n|-status|p2b: Rotom|slp|[from] move: Spore\n|cant|p2b: Rotom|slp\n|\n|upkeep\n|turn|3\n|\n|t:|1681937742\n|move|p1a: Tattisaurus|Mach Punch|p2b: Rotom\n|-damage|p2b: Rotom|69\/100 slp\n|move|p2a: Scizor|Bullet Punch|p1a: Tattisaurus\n|-damage|p1a: Tattisaurus|48\/100\n|move|p1b: Hanako|Heat Wave|p2b: Rotom|[spread] p2a,p2b\n|-supereffective|p2a: Scizor\n|-resisted|p2b: Rotom\n|-crit|p2b: Rotom\n|-damage|p2a: Scizor|0 fnt\n|-damage|p2b: Rotom|39\/100 slp\n|-enditem|p2b: Rotom|Sitrus Berry|[eat]\n|-heal|p2b: Rotom|64\/100 slp|[from] item: Sitrus Berry\n|faint|p2a: Scizor\n|cant|p2b: Rotom|slp\n|\n|upkeep\n|\n|t:|1681937747\n|switch|p2a: Garchomp|Garchomp, L50, M|100\/100\n|turn|4\n|\n|t:|1681937755\n|-terastallize|p1b: Hanako|Grass\n|move|p1a: Tattisaurus|Mach Punch|p2a: Garchomp\n|-damage|p2a: Garchomp|68\/100\n|-damage|p1a: Tattisaurus|35\/100|[from] ability: Rough Skin|[of] p2a: Garchomp\n|move|p2a: Garchomp|Earthquake|p1b: Hanako|[spread] p1a,p1b\n|-immune|p2b: Rotom|[from] ability: Levitate\n|-resisted|p1a: Tattisaurus\n|-resisted|p1b: Hanako\n|-damage|p1a: Tattisaurus|3\/100\n|-damage|p1b: Hanako|63\/100\n|move|p1b: Hanako|Tera Blast|p2a: Garchomp\n|-damage|p2a: Garchomp|17\/100\n|-curestatus|p2b: Rotom|slp|[msg]\n|move|p2b: Rotom|Thunderbolt|p1a: Tattisaurus\n|-resisted|p1a: Tattisaurus\n|-damage|p1a: Tattisaurus|0 fnt\n|faint|p1a: Tattisaurus\n|\n|upkeep\n|\n|t:|1681937762\n|switch|p1a: Bottas|Flutter Mane, L50|100\/100\n|-enditem|p1a: Bottas|Booster Energy\n|-activate|p1a: Bottas|ability: Protosynthesis|[fromitem]\n|-start|p1a: Bottas|protosynthesisspa\n|turn|5\n|\n|t:|1681937770\n|move|p1a: Bottas|Dazzling Gleam|p2b: Rotom|[spread] p2a,p2b\n|-supereffective|p2a: Garchomp\n|-damage|p2a: Garchomp|0 fnt\n|-damage|p2b: Rotom|10\/100\n|faint|p2a: Garchomp\n|move|p1b: Hanako|Tera Blast|p2b: Rotom\n|-supereffective|p2b: Rotom\n|-damage|p2b: Rotom|0 fnt\n|faint|p2b: Rotom\n|\n|upkeep\n|-message|toucansoup forfeited.\n|\n|win|SisalVT\n|raw|SisalVT's rating: 1776 → 1794<\/strong> (+18 for winning)\n|raw|toucansoup's rating: 1738 → 1720<\/strong> (-18 for losing)\n|l|\u2606toucansoup\n|l|\u2606SisalVT\n","uploadtime":1681937841,"views":11,"p1id":"sisalvt","p2id":"toucansoup","formatid":"gen9vgc2023regulationc","rating":1720,"private":0,"password":""}