{"id":"gen9vgc2023regulationc-1852568824","p1":"Yokai19","p2":"asdgjateujqaetjut","format":"[Gen 9] VGC 2023 Regulation C","log":"|j|\u2606Yokai19\n|j|\u2606asdgjateujqaetjut\n|t:|1682577822\n|gametype|doubles\n|player|p1|Yokai19|266|1127\n|player|p2|asdgjateujqaetjut|1|1051\n|teamsize|p1|6\n|teamsize|p2|6\n|gen|9\n|tier|[Gen 9] VGC 2023 Regulation C\n|rated|\n|rule|Species Clause: Limit one of each Pok\u00e9mon\n|rule|Item Clause: Limit one of each item\n|clearpoke\n|poke|p1|Flutter Mane, L50|\n|poke|p1|Arcanine, L50, F|\n|poke|p1|Palafin, L50, F|\n|poke|p1|Amoonguss, L50, M|\n|poke|p1|Ting-Lu, L50|\n|poke|p1|Corviknight, L50, M|\n|poke|p2|Maushold-Four, L50|\n|poke|p2|Iron Hands, L50|\n|poke|p2|Palafin, L50, M|\n|poke|p2|Arcanine, L50, M|\n|poke|p2|Gholdengo, L50|\n|poke|p2|Dragonite, L50, M|\n|teampreview|4\n|inactive|Battle timer is ON: inactive players will automatically lose when time's up. (requested by asdgjateujqaetjut)\n|\n|t:|1682577853\n|start\n|switch|p1a: Palafin|Palafin, L50, F|100\/100\n|switch|p1b: Arcanine|Arcanine, L50, F|100\/100\n|switch|p2a: Iron Hands|Iron Hands, L50|100\/100\n|switch|p2b: Dragonite|Dragonite, L50, M|100\/100\n|-ability|p1b: Arcanine|Intimidate|boost\n|-unboost|p2a: Iron Hands|atk|1\n|-unboost|p2b: Dragonite|atk|1\n|turn|1\n|\n|t:|1682577878\n|-terastallize|p2b: Dragonite|Flying\n|move|p1a: Palafin|Protect|p1a: Palafin\n|-singleturn|p1a: Palafin|Protect\n|move|p1b: Arcanine|Will-O-Wisp|p2b: Dragonite\n|-status|p2b: Dragonite|brn\n|-enditem|p2b: Dragonite|Lum Berry|[eat]\n|-curestatus|p2b: Dragonite|brn|[msg]\n|move|p2b: Dragonite|Tera Blast|p1a: Palafin\n|-activate|p1a: Palafin|move: Protect\n|move|p2a: Iron Hands|Earthquake|p1b: Arcanine|[spread] p1b\n|-activate|p1a: Palafin|move: Protect\n|-immune|p2b: Dragonite\n|-supereffective|p1b: Arcanine\n|-damage|p1b: Arcanine|62\/100\n|\n|upkeep\n|turn|2\n|inactive|Yokai19 has 30 seconds left.\n|inactive|asdgjateujqaetjut has 30 seconds left.\n|\n|t:|1682577909\n|detailschange|p1a: Palafin|Palafin-Hero, L50, F\n|switch|p1a: Amoonguss|Amoonguss, L50, M|100\/100\n|switch|p2b: Gholdengo|Gholdengo, L50|100\/100\n|move|p1b: Arcanine|Will-O-Wisp|p2b: Gholdengo\n|-immune|p2b: Gholdengo|[from] ability: Good as Gold\n|move|p2a: Iron Hands|Wild Charge|p1b: Arcanine\n|-damage|p1b: Arcanine|26\/100\n|-damage|p2a: Iron Hands|93\/100|[from] Recoil\n|\n|upkeep\n|turn|3\n|inactive|Yokai19 has 30 seconds left.\n|inactive|asdgjateujqaetjut has 30 seconds left.\n|inactive|asdgjateujqaetjut has 20 seconds left.\n|\n|t:|1682577946\n|-end|p2a: Iron Hands|Quark Drive|[silent]\n|switch|p2a: Maushold|Maushold-Four, L50|100\/100\n|move|p1b: Arcanine|Protect|p1b: Arcanine\n|-singleturn|p1b: Arcanine|Protect\n|move|p2b: Gholdengo|Shadow Ball|p1b: Arcanine\n|-activate|p1b: Arcanine|move: Protect\n|move|p1a: Amoonguss|Spore|p2a: Maushold\n|-activate|p2a: Maushold|item: Safety Goggles|Spore\n|\n|upkeep\n|turn|4\n|inactive|Yokai19 has 30 seconds left.\n|\n|t:|1682577974\n|switch|p1b: Palafin|Palafin-Hero, L50, F|100\/100\n|-activate|p1b: Palafin|ability: Zero to Hero\n|move|p2a: Maushold|Follow Me|p2a: Maushold\n|-singleturn|p2a: Maushold|move: Follow Me\n|move|p1a: Amoonguss|Rage Powder|p1a: Amoonguss\n|-singleturn|p1a: Amoonguss|move: Rage Powder\n|move|p2b: Gholdengo|Shadow Ball|p1a: Amoonguss\n|-damage|p1a: Amoonguss|64\/100\n|\n|upkeep\n|turn|5\n|\n|t:|1682577998\n|move|p2a: Maushold|Super Fang|p1b: Palafin\n|-damage|p1b: Palafin|50\/100\n|move|p1b: Palafin|Wave Crash|p2a: Maushold\n|-damage|p2a: Maushold|0 fnt\n|faint|p2a: Maushold\n|-damage|p1b: Palafin|20\/100|[from] Recoil\n|move|p2b: Gholdengo|Nasty Plot|p2b: Gholdengo\n|-boost|p2b: Gholdengo|spa|2\n|move|p1a: Amoonguss|Pollen Puff|p1b: Palafin\n|-heal|p1b: Palafin|70\/100\n|\n|upkeep\n|\n|t:|1682578011\n|switch|p2a: Iron Hands|Iron Hands, L50|93\/100\n|turn|6\n|\n|t:|1682578030\n|move|p1b: Palafin|Protect|p1b: Palafin\n|-singleturn|p1b: Palafin|Protect\n|move|p1a: Amoonguss|Protect|p1a: Amoonguss\n|-singleturn|p1a: Amoonguss|Protect\n|move|p2a: Iron Hands|Fake Out|p1a: Amoonguss\n|-activate|p1a: Amoonguss|move: Protect\n|move|p2b: Gholdengo|Shadow Ball|p1a: Amoonguss\n|-activate|p1a: Amoonguss|move: Protect\n|\n|upkeep\n|turn|7\n|inactive|Yokai19 has 30 seconds left.\n|\n|t:|1682578058\n|move|p1b: Palafin|Wave Crash|p2b: Gholdengo\n|-damage|p2b: Gholdengo|5\/100\n|-damage|p1b: Palafin|40\/100|[from] Recoil\n|move|p2b: Gholdengo|Shadow Ball|p1a: Amoonguss\n|-damage|p1a: Amoonguss|0 fnt\n|faint|p1a: Amoonguss\n|move|p2a: Iron Hands|Wild Charge|p1b: Palafin\n|-supereffective|p1b: Palafin\n|-damage|p1b: Palafin|0 fnt\n|faint|p1b: Palafin\n|-damage|p2a: Iron Hands|85\/100|[from] Recoil\n|\n|-heal|p2b: Gholdengo|11\/100|[from] item: Leftovers\n|upkeep\n|\n|t:|1682578075\n|switch|p1b: Flutter Mane|Flutter Mane, L50|100\/100\n|switch|p1a: Arcanine|Arcanine, L50, F|26\/100\n|-ability|p1a: Arcanine|Intimidate|boost\n|-unboost|p2a: Iron Hands|atk|1\n|-unboost|p2b: Gholdengo|atk|1\n|-enditem|p1b: Flutter Mane|Booster Energy\n|-activate|p1b: Flutter Mane|ability: Protosynthesis|[fromitem]\n|-start|p1b: Flutter Mane|protosynthesisspa\n|turn|8\n|\n|t:|1682578093\n|-terastallize|p1b: Flutter Mane|Fairy\n|move|p2b: Gholdengo|Protect|p2b: Gholdengo\n|-singleturn|p2b: Gholdengo|Protect\n|move|p1b: Flutter Mane|Moonblast|p2a: Iron Hands\n|-supereffective|p2a: Iron Hands\n|-damage|p2a: Iron Hands|0 fnt\n|faint|p2a: Iron Hands\n|-end|p2a: Iron Hands|Quark Drive|[silent]\n|move|p1a: Arcanine|Flare Blitz|p2b: Gholdengo\n|-activate|p2b: Gholdengo|move: Protect\n|\n|-heal|p2b: Gholdengo|17\/100|[from] item: Leftovers\n|upkeep\n|\n|t:|1682578102\n|switch|p2a: Dragonite|Dragonite, L50, M, tera:Flying|100\/100\n|turn|9\n|\n|t:|1682578127\n|move|p1b: Flutter Mane|Protect|p1b: Flutter Mane\n|-singleturn|p1b: Flutter Mane|Protect\n|move|p2a: Dragonite|Extreme Speed|p1a: Arcanine\n|-damage|p1a: Arcanine|0 fnt\n|faint|p1a: Arcanine\n|move|p2b: Gholdengo|Make It Rain|p1b: Flutter Mane\n|-activate|p1b: Flutter Mane|move: Protect\n|\n|-heal|p2b: Gholdengo|23\/100|[from] item: Leftovers\n|upkeep\n|turn|10\n|\n|t:|1682578142\n|move|p1b: Flutter Mane|Dazzling Gleam|p2a: Dragonite|[spread] p2a,p2b\n|-resisted|p2b: Gholdengo\n|-damage|p2a: Dragonite|76\/100\n|-damage|p2b: Gholdengo|1\/100\n|move|p2b: Gholdengo|Make It Rain|p1b: Flutter Mane\n|-supereffective|p1b: Flutter Mane\n|-damage|p1b: Flutter Mane|0 fnt\n|-unboost|p2b: Gholdengo|spa|1\n|faint|p1b: Flutter Mane\n|-end|p1b: Flutter Mane|Protosynthesis|[silent]\n|\n|win|asdgjateujqaetjut\n|raw|Yokai19's rating: 1127 → 1097<\/strong> (-30 for losing)\n|raw|asdgjateujqaetjut's rating: 1051 → 1090<\/strong> (+39 for winning)\n|l|\u2606asdgjateujqaetjut\n","uploadtime":1682578161,"views":11,"p1id":"yokai19","p2id":"asdgjateujqaetjut","formatid":"gen9vgc2023regulationc","rating":1090,"private":0,"password":""}