{"id":"gen9vgc2023regulationc-1847846765","p1":"JustJakeyVGC","p2":"TheDeityPokemon","format":"[Gen 9] VGC 2023 Regulation C","log":"|j|\u2606JustJakeyVGC\n|j|\u2606TheDeityPokemon\n|t:|1682006804\n|gametype|doubles\n|player|p1|JustJakeyVGC|serena|1170\n|player|p2|TheDeityPokemon|whitney|1130\n|teamsize|p1|6\n|teamsize|p2|6\n|gen|9\n|tier|[Gen 9] VGC 2023 Regulation C\n|rated|\n|rule|Species Clause: Limit one of each Pok\u00e9mon\n|rule|Item Clause: Limit one of each item\n|clearpoke\n|poke|p1|Wo-Chien, L50|\n|poke|p1|Chi-Yu, L50|\n|poke|p1|Iron Jugulis, L50|\n|poke|p1|Gothitelle, L50, F|\n|poke|p1|Amoonguss, L50, M|\n|poke|p1|Ceruledge, L50, M|\n|poke|p2|Maushold, L50|\n|poke|p2|Brute Bonnet, L50|\n|poke|p2|Flutter Mane, L50|\n|poke|p2|Talonflame, L50, F|\n|poke|p2|Great Tusk, L50|\n|poke|p2|Palafin, L50, M|\n|teampreview|4\n|inactive|Battle timer is ON: inactive players will automatically lose when time's up. (requested by TheDeityPokemon)\n|\n|t:|1682006822\n|start\n|switch|p1a: Wo-Chien|Wo-Chien, L50|100\/100\n|switch|p1b: Gothitelle|Gothitelle, L50, F|100\/100\n|switch|p2a: Maushold|Maushold, L50|100\/100\n|switch|p2b: Brute Bonnet|Brute Bonnet, L50|100\/100\n|-ability|p1a: Wo-Chien|Tablets of Ruin\n|turn|1\n|inactive|JustJakeyVGC has 30 seconds left.\n|inactive|TheDeityPokemon has 30 seconds left.\n|inactive|JustJakeyVGC has 20 seconds left.\n|\n|t:|1682006860\n|move|p1b: Gothitelle|Fake Out|p2b: Brute Bonnet\n|-damage|p2b: Brute Bonnet|97\/100\n|cant|p2b: Brute Bonnet|flinch\n|move|p2a: Maushold|Population Bomb|p1b: Gothitelle\n|-damage|p1b: Gothitelle|91\/100\n|-damage|p1b: Gothitelle|81\/100\n|-damage|p1b: Gothitelle|72\/100\n|-damage|p1b: Gothitelle|62\/100\n|-damage|p1b: Gothitelle|53\/100\n|-damage|p1b: Gothitelle|43\/100\n|-damage|p1b: Gothitelle|34\/100\n|-crit|p1b: Gothitelle\n|-damage|p1b: Gothitelle|21\/100\n|-enditem|p1b: Gothitelle|Aguav Berry|[eat]\n|-heal|p1b: Gothitelle|54\/100|[from] item: Aguav Berry\n|-damage|p1b: Gothitelle|46\/100\n|-damage|p1b: Gothitelle|37\/100\n|-hitcount|p1b: Gothitelle|10\n|move|p1a: Wo-Chien|Leech Seed|p2a: Maushold\n|-start|p2a: Maushold|move: Leech Seed\n|\n|-heal|p2b: Brute Bonnet|100\/100|[from] item: Leftovers\n|-damage|p2a: Maushold|88\/100|[from] Leech Seed|[of] p1a: Wo-Chien\n|upkeep\n|turn|2\n|inactive|JustJakeyVGC has 30 seconds left.\n|inactive|TheDeityPokemon has 30 seconds left.\n|inactive|JustJakeyVGC has 20 seconds left.\n|inactive|JustJakeyVGC has 15 seconds left.\n|inactive|JustJakeyVGC has 10 seconds left.\n|inactive|JustJakeyVGC has 5 seconds left.\n|\n|t:|1682006911\n|move|p1b: Gothitelle|Protect|p1b: Gothitelle\n|-singleturn|p1b: Gothitelle|Protect\n|move|p2b: Brute Bonnet|Rage Powder|p2b: Brute Bonnet\n|-singleturn|p2b: Brute Bonnet|move: Rage Powder\n|move|p2a: Maushold|Shadow Claw|p1b: Gothitelle\n|-activate|p1b: Gothitelle|move: Protect\n|move|p1a: Wo-Chien|Giga Drain|p2a: Maushold\n|-damage|p2a: Maushold|54\/100\n|\n|-damage|p2a: Maushold|42\/100|[from] Leech Seed|[of] p1a: Wo-Chien\n|upkeep\n|turn|3\n|inactive|JustJakeyVGC has 30 seconds left.\n|inactive|TheDeityPokemon has 30 seconds left.\n|inactive|JustJakeyVGC has 20 seconds left.\n|inactive|TheDeityPokemon has 20 seconds left.\n|inactive|TheDeityPokemon has 15 seconds left.\n|inactive|TheDeityPokemon has 10 seconds left.\n|inactive|TheDeityPokemon has 5 seconds left.\n|\n|t:|1682006966\n|switch|p1b: Ceruledge|Ceruledge, L50, M|100\/100\n|move|p2b: Brute Bonnet|Rage Powder|p2b: Brute Bonnet\n|-singleturn|p2b: Brute Bonnet|move: Rage Powder\n|move|p2a: Maushold|Population Bomb|p1a: Wo-Chien\n|-damage|p1a: Wo-Chien|92\/100\n|-damage|p1a: Wo-Chien|83\/100\n|-damage|p1a: Wo-Chien|76\/100\n|-damage|p1a: Wo-Chien|69\/100\n|-damage|p1a: Wo-Chien|60\/100\n|-damage|p1a: Wo-Chien|51\/100\n|-damage|p1a: Wo-Chien|43\/100\n|-damage|p1a: Wo-Chien|34\/100\n|-damage|p1a: Wo-Chien|25\/100\n|-damage|p1a: Wo-Chien|16\/100\n|-hitcount|p1a: Wo-Chien|10\n|move|p1a: Wo-Chien|Giga Drain|p2a: Maushold\n|-damage|p2a: Maushold|4\/100\n|-heal|p1a: Wo-Chien|33\/100|[from] drain|[of] p2a: Maushold\n|\n|-heal|p1a: Wo-Chien|39\/100|[from] item: Leftovers\n|-damage|p2a: Maushold|0 fnt|[from] Leech Seed|[of] p1a: Wo-Chien\n|-heal|p1a: Wo-Chien|42\/100|[silent]\n|faint|p2a: Maushold\n|upkeep\n|inactive|TheDeityPokemon has 30 seconds left.\n|\n|t:|1682006993\n|switch|p2a: Flutter Mane|Flutter Mane, L50|100\/100\n|turn|4\n|\n|t:|1682007008\n|-terastallize|p2a: Flutter Mane|Fairy\n|-terastallize|p1a: Wo-Chien|Poison\n|move|p1b: Ceruledge|Shadow Sneak|p2a: Flutter Mane\n|-damage|p2a: Flutter Mane|64\/100\n|move|p2b: Brute Bonnet|Sucker Punch||[still]\n|-fail|p2b: Brute Bonnet\n|move|p2a: Flutter Mane|Dazzling Gleam|p1b: Ceruledge|[spread] p1a,p1b\n|-resisted|p1a: Wo-Chien\n|-resisted|p1b: Ceruledge\n|-damage|p1a: Wo-Chien|19\/100\n|-damage|p1b: Ceruledge|65\/100\n|move|p1a: Wo-Chien|Leech Seed|p2a: Flutter Mane\n|-start|p2a: Flutter Mane|move: Leech Seed\n|\n|-heal|p1a: Wo-Chien|25\/100|[from] item: Leftovers\n|-damage|p2a: Flutter Mane|52\/100|[from] Leech Seed|[of] p1a: Wo-Chien\n|-heal|p1a: Wo-Chien|35\/100|[silent]\n|upkeep\n|turn|5\n|\n|t:|1682007031\n|move|p1a: Wo-Chien|Protect|p1a: Wo-Chien\n|-singleturn|p1a: Wo-Chien|Protect\n|move|p2b: Brute Bonnet|Sucker Punch||[still]\n|-fail|p2b: Brute Bonnet\n|move|p2a: Flutter Mane|Dazzling Gleam|p1a: Wo-Chien|[spread] p1b\n|-activate|p1a: Wo-Chien|move: Protect\n|-resisted|p1b: Ceruledge\n|-crit|p1b: Ceruledge\n|-damage|p1b: Ceruledge|11\/100\n|move|p1b: Ceruledge|Bitter Blade|p2b: Brute Bonnet\n|-supereffective|p2b: Brute Bonnet\n|-damage|p2b: Brute Bonnet|25\/100\n|-heal|p1b: Ceruledge|60\/100|[from] drain|[of] p2b: Brute Bonnet\n|\n|-heal|p1a: Wo-Chien|41\/100|[from] item: Leftovers\n|-heal|p2b: Brute Bonnet|31\/100|[from] item: Leftovers\n|-damage|p2a: Flutter Mane|39\/100|[from] Leech Seed|[of] p1a: Wo-Chien\n|-heal|p1a: Wo-Chien|50\/100|[silent]\n|upkeep\n|turn|6\n|inactive|JustJakeyVGC has 30 seconds left.\n|\n|t:|1682007062\n|-end|p2a: Flutter Mane|Protosynthesis|[silent]\n|switch|p2a: Talonflame|Talonflame, L50, F|100\/100\n|move|p1b: Ceruledge|Protect|p1b: Ceruledge\n|-singleturn|p1b: Ceruledge|Protect\n|move|p2b: Brute Bonnet|Sucker Punch||[still]\n|-fail|p2b: Brute Bonnet\n|move|p1a: Wo-Chien|Giga Drain|p2a: Talonflame\n|-resisted|p2a: Talonflame\n|-damage|p2a: Talonflame|91\/100\n|-heal|p1a: Wo-Chien|54\/100|[from] drain|[of] p2a: Talonflame\n|\n|-heal|p1a: Wo-Chien|60\/100|[from] item: Leftovers\n|-heal|p2b: Brute Bonnet|37\/100|[from] item: Leftovers\n|upkeep\n|turn|7\n|inactive|JustJakeyVGC has 30 seconds left.\n|inactive|TheDeityPokemon has 30 seconds left.\n|inactive|TheDeityPokemon has 20 seconds left.\n|\n|t:|1682007098\n|switch|p1b: Gothitelle|Gothitelle, L50, F|37\/100\n|move|p2b: Brute Bonnet|Sucker Punch||[still]\n|-fail|p2b: Brute Bonnet\n|move|p2a: Talonflame|Brave Bird|p1b: Gothitelle\n|-damage|p1b: Gothitelle|3\/100\n|-damage|p2a: Talonflame|80\/100|[from] Recoil\n|move|p1a: Wo-Chien|Leech Seed|p2a: Talonflame\n|-start|p2a: Talonflame|move: Leech Seed\n|\n|-heal|p1a: Wo-Chien|66\/100|[from] item: Leftovers\n|-heal|p2b: Brute Bonnet|43\/100|[from] item: Leftovers\n|-damage|p2a: Talonflame|67\/100|[from] Leech Seed|[of] p1a: Wo-Chien\n|-heal|p1a: Wo-Chien|77\/100|[silent]\n|upkeep\n|turn|8\n|inactive|JustJakeyVGC has 30 seconds left.\n|inactive|JustJakeyVGC has 20 seconds left.\n|inactive|TheDeityPokemon has 30 seconds left.\n|\n|t:|1682007137\n|move|p1b: Gothitelle|Fake Out|p2a: Talonflame\n|-damage|p2a: Talonflame|60\/100\n|cant|p2a: Talonflame|flinch\n|move|p1a: Wo-Chien|Ruination|p2a: Talonflame\n|-damage|p2a: Talonflame|30\/100\n|move|p2b: Brute Bonnet|Spore|p1a: Wo-Chien\n|-status|p1a: Wo-Chien|slp|[from] move: Spore\n|\n|-heal|p1a: Wo-Chien|83\/100 slp|[from] item: Leftovers\n|-heal|p2b: Brute Bonnet|49\/100|[from] item: Leftovers\n|-damage|p2a: Talonflame|18\/100|[from] Leech Seed|[of] p1a: Wo-Chien\n|-heal|p1a: Wo-Chien|94\/100 slp|[silent]\n|upkeep\n|turn|9\n|inactive|JustJakeyVGC has 30 seconds left.\n|inactive|TheDeityPokemon has 30 seconds left.\n|inactive|JustJakeyVGC has 20 seconds left.\n|inactive|TheDeityPokemon has 20 seconds left.\n|inactive|TheDeityPokemon has 15 seconds left.\n|\n|t:|1682007178\n|move|p1b: Gothitelle|Protect|p1b: Gothitelle\n|-singleturn|p1b: Gothitelle|Protect\n|move|p2b: Brute Bonnet|Sucker Punch||[still]\n|-fail|p2b: Brute Bonnet\n|move|p2a: Talonflame|Flare Blitz|p1a: Wo-Chien\n|-damage|p1a: Wo-Chien|65\/100 slp\n|-damage|p2a: Talonflame|7\/100|[from] Recoil\n|cant|p1a: Wo-Chien|slp\n|\n|-heal|p1a: Wo-Chien|71\/100 slp|[from] item: Leftovers\n|-heal|p2b: Brute Bonnet|55\/100|[from] item: Leftovers\n|-damage|p2a: Talonflame|0 fnt|[from] Leech Seed|[of] p1a: Wo-Chien\n|-heal|p1a: Wo-Chien|77\/100 slp|[silent]\n|faint|p2a: Talonflame\n|upkeep\n|\n|t:|1682007194\n|switch|p2a: Flutter Mane|Flutter Mane, L50, tera:Fairy|39\/100\n|turn|10\n|\n|t:|1682007216\n|switch|p1b: Amoonguss|Amoonguss, L50, M|100\/100\n|move|p2b: Brute Bonnet|Sucker Punch||[still]\n|-fail|p2b: Brute Bonnet\n|move|p2a: Flutter Mane|Shadow Ball|p1a: Wo-Chien\n|-crit|p1a: Wo-Chien\n|-damage|p1a: Wo-Chien|8\/100 slp\n|cant|p1a: Wo-Chien|slp\n|\n|-heal|p1a: Wo-Chien|15\/100 slp|[from] item: Leftovers\n|-heal|p2b: Brute Bonnet|61\/100|[from] item: Leftovers\n|upkeep\n|turn|11\n|\n|t:|1682007233\n|-curestatus|p1a: Wo-Chien|slp|[msg]\n|move|p1a: Wo-Chien|Protect|p1a: Wo-Chien\n|-singleturn|p1a: Wo-Chien|Protect\n|move|p2b: Brute Bonnet|Rage Powder|p2b: Brute Bonnet\n|-singleturn|p2b: Brute Bonnet|move: Rage Powder\n|move|p2a: Flutter Mane|Shadow Ball|p1b: Amoonguss\n|-damage|p1b: Amoonguss|55\/100\n|move|p1b: Amoonguss|Spore|p2a: Flutter Mane\n|-status|p2a: Flutter Mane|slp|[from] move: Spore\n|\n|-heal|p1a: Wo-Chien|21\/100|[from] item: Leftovers\n|-heal|p2b: Brute Bonnet|67\/100|[from] item: Leftovers\n|upkeep\n|turn|12\n|inactive|JustJakeyVGC has 30 seconds left.\n|\n|t:|1682007261\n|move|p2b: Brute Bonnet|Sucker Punch|p1b: Amoonguss\n|-damage|p1b: Amoonguss|30\/100\n|cant|p2a: Flutter Mane|slp\n|move|p1a: Wo-Chien|Leech Seed|p2a: Flutter Mane\n|-start|p2a: Flutter Mane|move: Leech Seed\n|move|p1b: Amoonguss|Pollen Puff|p1a: Wo-Chien\n|-heal|p1a: Wo-Chien|71\/100\n|\n|-heal|p1a: Wo-Chien|77\/100|[from] item: Leftovers\n|-heal|p2b: Brute Bonnet|73\/100|[from] item: Leftovers\n|-damage|p2a: Flutter Mane|27\/100 slp|[from] Leech Seed|[of] p1a: Wo-Chien\n|-heal|p1a: Wo-Chien|86\/100|[silent]\n|upkeep\n|turn|13\n|-message|TheDeityPokemon forfeited.\n|\n|win|JustJakeyVGC\n|raw|JustJakeyVGC's rating: 1170 → 1192<\/strong> (+22 for winning)\n|raw|TheDeityPokemon's rating: 1130 → 1108<\/strong> (-22 for losing)\n|l|\u2606TheDeityPokemon\n","uploadtime":1682007807,"views":8,"p1id":"justjakeyvgc","p2id":"thedeitypokemon","formatid":"gen9vgc2023regulationc","rating":1108,"private":0,"password":""}