{"id":"gen9vgc2023regulationc-1858344544","p1":"Rexluser","p2":"Ghosti31","format":"[Gen 9] VGC 2023 Regulation C","log":"|j|\u2606Rexluser\n|j|\u2606Ghosti31\n|t:|1683303838\n|gametype|doubles\n|player|p1|Rexluser|170|1139\n|player|p2|Ghosti31|shadowtriad|1097\n|teamsize|p1|6\n|teamsize|p2|6\n|gen|9\n|tier|[Gen 9] VGC 2023 Regulation C\n|rated|\n|rule|Species Clause: Limit one of each Pok\u00e9mon\n|rule|Item Clause: Limit one of each item\n|clearpoke\n|poke|p1|Armarouge, L50, F|\n|poke|p1|Indeedee-F, L50, F|\n|poke|p1|Great Tusk, L50|\n|poke|p1|Iron Bundle, L50|\n|poke|p1|Iron Hands, L50|\n|poke|p1|Brute Bonnet, L50|\n|poke|p2|Talonflame, L50, M|\n|poke|p2|Pelipper, L50, M|\n|poke|p2|Tsareena, L50, F|\n|poke|p2|Grimmsnarl, L50, M|\n|poke|p2|Palafin, L50, M|\n|poke|p2|Garchomp, L50, M|\n|teampreview|4\n|inactive|Battle timer is ON: inactive players will automatically lose when time's up. (requested by Ghosti31)\n|\n|t:|1683303854\n|start\n|switch|p1a: Great Tusk|Great Tusk, L50|100\/100\n|switch|p1b: Iron Bundle|Iron Bundle, L50|100\/100\n|switch|p2a: Talonflame|Talonflame, L50, M|100\/100\n|switch|p2b: Pelipper|Pelipper, L50, M|100\/100\n|-weather|RainDance|[from] ability: Drizzle|[of] p2b: Pelipper\n|-enditem|p1b: Iron Bundle|Booster Energy\n|-activate|p1b: Iron Bundle|ability: Quark Drive|[fromitem]\n|-start|p1b: Iron Bundle|quarkdrivespe\n|turn|1\n|\n|t:|1683303876\n|-terastallize|p2a: Talonflame|Electric\n|move|p1b: Iron Bundle|Freeze-Dry|p2b: Pelipper\n|-supereffective|p2b: Pelipper\n|-damage|p2b: Pelipper|0 fnt\n|faint|p2b: Pelipper\n|move|p2a: Talonflame|Tera Blast|p1b: Iron Bundle\n|-supereffective|p1b: Iron Bundle\n|-damage|p1b: Iron Bundle|0 fnt\n|faint|p1b: Iron Bundle\n|-end|p1b: Iron Bundle|Quark Drive|[silent]\n|move|p1a: Great Tusk|Stone Edge|p2a: Talonflame\n|-damage|p2a: Talonflame|53\/100\n|\n|-weather|RainDance|[upkeep]\n|upkeep\n|\n|t:|1683303891\n|switch|p1b: Indeedee|Indeedee-F, L50, F|100\/100\n|switch|p2b: Tsareena|Tsareena, L50, F|100\/100\n|-fieldstart|move: Psychic Terrain|[from] ability: Psychic Surge|[of] p1b: Indeedee\n|-enditem|p1b: Indeedee|Psychic Seed\n|-boost|p1b: Indeedee|spd|1|[from] item: Psychic Seed\n|turn|2\n|\n|t:|1683303906\n|switch|p2a: Garchomp|Garchomp, L50, M|100\/100\n|move|p1b: Indeedee|Follow Me|p1b: Indeedee\n|-singleturn|p1b: Indeedee|move: Follow Me\n|move|p1a: Great Tusk|Headlong Rush|p2a: Garchomp\n|-damage|p2a: Garchomp|41\/100\n|-unboost|p1a: Great Tusk|def|1\n|-unboost|p1a: Great Tusk|spd|1\n|move|p2b: Tsareena|Bullet Seed|p1b: Indeedee\n|-damage|p1b: Indeedee|86\/100\n|-damage|p1b: Indeedee|73\/100\n|-damage|p1b: Indeedee|58\/100\n|-damage|p1b: Indeedee|44\/100\n|-hitcount|p1b: Indeedee|4\n|\n|-weather|RainDance|[upkeep]\n|upkeep\n|turn|3\n|inactive|Rexluser has 30 seconds left.\n|inactive|Ghosti31 has 30 seconds left.\n|\n|t:|1683303937\n|move|p1b: Indeedee|Follow Me|p1b: Indeedee\n|-singleturn|p1b: Indeedee|move: Follow Me\n|move|p2a: Garchomp|Rock Slide|p1a: Great Tusk|[spread] p1b\n|-miss|p2a: Garchomp|p1a: Great Tusk\n|-damage|p1b: Indeedee|22\/100\n|move|p1a: Great Tusk|Headlong Rush|p2a: Garchomp\n|-damage|p2a: Garchomp|0 fnt\n|-unboost|p1a: Great Tusk|def|1\n|-unboost|p1a: Great Tusk|spd|1\n|faint|p2a: Garchomp\n|move|p2b: Tsareena|Bullet Seed|p1b: Indeedee\n|-damage|p1b: Indeedee|7\/100\n|-damage|p1b: Indeedee|0 fnt\n|faint|p1b: Indeedee\n|-hitcount|p1: Indeedee|2\n|\n|-weather|RainDance|[upkeep]\n|upkeep\n|\n|t:|1683303951\n|switch|p2a: Talonflame|Talonflame, L50, M, tera:Electric|53\/100\n|switch|p1b: Armarouge|Armarouge, L50, F|100\/100\n|turn|4\n|\n|t:|1683303963\n|-terastallize|p1b: Armarouge|Fire\n|move|p1a: Great Tusk|Protect|p1a: Great Tusk\n|-singleturn|p1a: Great Tusk|Protect\n|move|p2b: Tsareena|Protect|p2b: Tsareena\n|-singleturn|p2b: Tsareena|Protect\n|move|p2a: Talonflame|Hurricane|p1a: Great Tusk\n|-activate|p1a: Great Tusk|move: Protect\n|move|p1b: Armarouge|Expanding Force|p2b: Tsareena|[spread] p2a\n|-activate|p2b: Tsareena|move: Protect\n|-damage|p2a: Talonflame|0 fnt\n|faint|p2a: Talonflame\n|-damage|p1b: Armarouge|91\/100|[from] item: Life Orb\n|\n|-weather|RainDance|[upkeep]\n|upkeep\n|turn|5\n|-message|Ghosti31 forfeited.\n|\n|win|Rexluser\n|raw|Rexluser's rating: 1139 → 1161<\/strong> (+22 for winning)\n|raw|Ghosti31's rating: 1097 → 1075<\/strong> (-22 for losing)\n|l|\u2606Ghosti31\n","uploadtime":1683303980,"views":7,"p1id":"rexluser","p2id":"ghosti31","formatid":"gen9vgc2023regulationc","rating":1075,"private":0,"password":""}