{"id":"gen9vgc2023regulationc-1846479192","p1":"tukeydukey","p2":"Monachrome","format":"[Gen 9] VGC 2023 Regulation C","log":"|j|\u2606tukeydukey\n|j|\u2606Monachrome\n|t:|1681844258\n|gametype|doubles\n|player|p1|tukeydukey|elesa|1195\n|player|p2|Monachrome|ingo|1233\n|teamsize|p1|6\n|teamsize|p2|6\n|gen|9\n|tier|[Gen 9] VGC 2023 Regulation C\n|rated|\n|rule|Species Clause: Limit one of each Pok\u00e9mon\n|rule|Item Clause: Limit one of each item\n|clearpoke\n|poke|p1|Dragapult, L50, M|\n|poke|p1|Palafin, L50, F|\n|poke|p1|Arcanine, L50, F|\n|poke|p1|Chien-Pao, L50|\n|poke|p1|Flutter Mane, L50|\n|poke|p1|Amoonguss, L50, M|\n|poke|p2|Torkoal, L50, M|\n|poke|p2|Lilligant, L50, F|\n|poke|p2|Great Tusk, L50|\n|poke|p2|Murkrow, L50, F|\n|poke|p2|Flutter Mane, L50|\n|poke|p2|Chi-Yu, L50|\n|teampreview|4\n|inactive|Battle timer is ON: inactive players will automatically lose when time's up. (requested by tukeydukey)\n|inactive|tukeydukey has 60 seconds left.\nMonachrome has agreed to open team sheets.\ntukeydukey has agreed to open team sheets.\n|inactive|tukeydukey has 30 seconds left.\n|inactive|tukeydukey has 20 seconds left.\n|inactive|tukeydukey has 15 seconds left.\n|\n|t:|1681844352\n|start\n|switch|p1a: PP|Dragapult, L50, M|100\/100\n|switch|p1b: Pupper|Arcanine, L50, F|100\/100\n|switch|p2a: Core koal|Torkoal, L50, M|100\/100\n|switch|p2b: I insist|Lilligant, L50, F|100\/100\n|-ability|p1b: Pupper|Intimidate|boost\n|-unboost|p2a: Core koal|atk|1\n|-unboost|p2b: I insist|atk|1\n|-weather|SunnyDay|[from] ability: Drought|[of] p2a: Core koal\n|turn|1\n|inactive|tukeydukey has 30 seconds left.\n|\n|t:|1681844379\n|move|p1a: PP|Protect|p1a: PP\n|-singleturn|p1a: PP|Protect\n|move|p2b: I insist|After You|p2a: Core koal\n|-activate|p2a: Core koal|move: After You\n|move|p2a: Core koal|Eruption|p1b: Pupper|[spread] p1b\n|-activate|p1a: PP|move: Protect\n|-resisted|p1b: Pupper\n|-damage|p1b: Pupper|57\/100\n|move|p1b: Pupper|Flare Blitz|p2b: I insist\n|-supereffective|p2b: I insist\n|-damage|p2b: I insist|0 fnt\n|faint|p2b: I insist\n|-damage|p1b: Pupper|33\/100|[from] Recoil\n|\n|-weather|SunnyDay|[upkeep]\n|upkeep\n|\n|t:|1681844395\n|switch|p2b: Mutter Flane|Flutter Mane, L50|100\/100\n|-activate|p2b: Mutter Flane|ability: Protosynthesis\n|-start|p2b: Mutter Flane|protosynthesisspa\n|turn|2\n|inactive|tukeydukey has 30 seconds left.\n|inactive|tukeydukey has 20 seconds left.\n|\n|t:|1681844433\n|-terastallize|p2b: Mutter Flane|Fire\n|move|p1b: Pupper|Extreme Speed|p2a: Core koal\n|-damage|p2a: Core koal|80\/100\n|move|p1a: PP|Phantom Force||[still]\n|-prepare|p1a: PP|Phantom Force\n|move|p2b: Mutter Flane|Icy Wind|p1b: Pupper|[spread] p1b\n|-miss|p2b: Mutter Flane|p1a: PP\n|-resisted|p1b: Pupper\n|-crit|p1b: Pupper\n|-damage|p1b: Pupper|16\/100\n|-unboost|p1b: Pupper|spe|1\n|move|p2a: Core koal|Heat Wave|p1b: Pupper|[spread] p1b\n|-miss|p2a: Core koal|p1a: PP\n|-resisted|p1b: Pupper\n|-damage|p1b: Pupper|0 fnt\n|faint|p1b: Pupper\n|\n|-weather|SunnyDay|[upkeep]\n|upkeep\n|\n|t:|1681844452\n|switch|p1b: Amoonguss|Amoonguss, L50, M|100\/100\n|turn|3\n|\n|t:|1681844457\n|-end|p2b: Mutter Flane|Protosynthesis|[silent]\n|switch|p2b: Snackfish|Chi-Yu, L50|100\/100\n|-ability|p2b: Snackfish|Beads of Ruin\n|move|p1a: PP|Phantom Force|p2b: Snackfish|[from]lockedmove\n|-resisted|p2b: Snackfish\n|-damage|p2b: Snackfish|54\/100\n|-damage|p1a: PP|91\/100|[from] item: Life Orb\n|move|p1b: Amoonguss|Spore|p2a: Core koal\n|-status|p2a: Core koal|slp|[from] move: Spore\n|cant|p2a: Core koal|slp\n|\n|-weather|SunnyDay|[upkeep]\n|upkeep\n|turn|4\n|inactive|tukeydukey has 30 seconds left.\n|\n|t:|1681844491\n|-terastallize|p1a: PP|Dragon\n|move|p1b: Amoonguss|Protect|p1b: Amoonguss\n|-singleturn|p1b: Amoonguss|Protect\n|move|p1a: PP|Dragon Darts|p2b: Snackfish\n|-damage|p2b: Snackfish|0 fnt\n|-anim|p1a: PP|Dragon Darts|p2a: Core koal\n|-damage|p2a: Core koal|49\/100 slp\n|faint|p2b: Snackfish\n|-damage|p1a: PP|81\/100|[from] item: Life Orb\n|cant|p2a: Core koal|slp\n|\n|-weather|SunnyDay|[upkeep]\n|upkeep\n|\n|t:|1681844501\n|switch|p2b: Mutter Flane|Flutter Mane, L50, tera:Fire|100\/100\n|-activate|p2b: Mutter Flane|ability: Protosynthesis\n|-start|p2b: Mutter Flane|protosynthesisspa\n|turn|5\n|\n|t:|1681844510\n|move|p1b: Amoonguss|Rage Powder|p1b: Amoonguss\n|-singleturn|p1b: Amoonguss|move: Rage Powder\n|move|p1a: PP|Dragon Darts|p2b: Mutter Flane\n|-damage|p2b: Mutter Flane|17\/100\n|-anim|p1a: PP|Dragon Darts|p2a: Core koal\n|-damage|p2a: Core koal|14\/100 slp\n|-damage|p1a: PP|71\/100|[from] item: Life Orb\n|move|p2b: Mutter Flane|Icy Wind|p1a: PP|[spread] p1a,p1b\n|-supereffective|p1a: PP\n|-supereffective|p1b: Amoonguss\n|-damage|p1a: PP|15\/100\n|-damage|p1b: Amoonguss|65\/100\n|-unboost|p1b: Amoonguss|spe|1\n|-curestatus|p2a: Core koal|slp|[msg]\n|move|p2a: Core koal|Heat Wave|p1b: Amoonguss|[spread] p1a,p1b\n|-resisted|p1a: PP\n|-supereffective|p1b: Amoonguss\n|-damage|p1a: PP|0 fnt\n|-damage|p1b: Amoonguss|0 fnt\n|faint|p1a: PP\n|faint|p1b: Amoonguss\n|\n|-weather|none\n|-end|p2b: Mutter Flane|Protosynthesis\n|upkeep\n|\n|t:|1681844520\n|switch|p1b: Flutter Mane|Flutter Mane, L50|100\/100\n|-enditem|p1b: Flutter Mane|Booster Energy\n|-activate|p1b: Flutter Mane|ability: Protosynthesis|[fromitem]\n|-start|p1b: Flutter Mane|protosynthesisspe\n|turn|6\n|\n|t:|1681844529\n|move|p1b: Flutter Mane|Dazzling Gleam|p2a: Core koal|[spread] p2a,p2b\n|-resisted|p2a: Core koal\n|-resisted|p2b: Mutter Flane\n|-damage|p2a: Core koal|0 fnt\n|-damage|p2b: Mutter Flane|0 fnt\n|faint|p2a: Core koal\n|faint|p2b: Mutter Flane\n|-end|p2b: Mutter Flane|Protosynthesis|[silent]\n|\n|win|tukeydukey\n|raw|tukeydukey's rating: 1195 → 1223<\/strong> (+28 for winning)\n|raw|Monachrome's rating: 1233 → 1205<\/strong> (-28 for losing)\n|l|\u2606Monachrome\n","uploadtime":1681844545,"views":12,"p1id":"tukeydukey","p2id":"monachrome","formatid":"gen9vgc2023regulationc","rating":1205,"private":0,"password":""}