{"id":"gen9vgc2023regulationc-1852959316","p1":"kxichi","p2":"Determewnation","format":"[Gen 9] VGC 2023 Regulation C","log":"|j|\u2606kxichi\n|j|\u2606Determewnation\n|t:|1682620691\n|gametype|doubles\n|player|p1|kxichi|burglar|1253\n|player|p2|Determewnation|akari-isekai|1292\n|teamsize|p1|6\n|teamsize|p2|6\n|gen|9\n|tier|[Gen 9] VGC 2023 Regulation C\n|rated|\n|rule|Species Clause: Limit one of each Pok\u00e9mon\n|rule|Item Clause: Limit one of each item\n|clearpoke\n|poke|p1|Chien-Pao, L50|\n|poke|p1|Dragonite, L50, M|\n|poke|p1|Great Tusk, L50|\n|poke|p1|Flutter Mane, L50|\n|poke|p1|Iron Bundle, L50|\n|poke|p1|Chi-Yu, L50|\n|poke|p2|Iron Treads, L50|\n|poke|p2|Murkrow, L50, M|\n|poke|p2|Goodra, L50, F|\n|poke|p2|Indeedee-F, L50, F|\n|poke|p2|Sylveon, L50, M|\n|poke|p2|Tsareena, L50, F|\n|teampreview|4\n|inactive|Battle timer is ON: inactive players will automatically lose when time's up. (requested by kxichi)\n|\n|t:|1682620717\n|start\n|switch|p1a: Chi-Yu|Chi-Yu, L50|100\/100\n|switch|p1b: Great Tusk|Great Tusk, L50|100\/100\n|switch|p2a: Murkrow|Murkrow, L50, M|100\/100\n|switch|p2b: Sylveon|Sylveon, L50, M|100\/100\n|-ability|p1a: Chi-Yu|Beads of Ruin\n|turn|1\n|\n|t:|1682620741\n|move|p2b: Sylveon|Protect|p2b: Sylveon\n|-singleturn|p2b: Sylveon|Protect\n|move|p2a: Murkrow|Tailwind|p2a: Murkrow\n|-sidestart|p2: Determewnation|move: Tailwind\n|move|p1b: Great Tusk|Headlong Rush|p2b: Sylveon\n|-activate|p2b: Sylveon|move: Protect\n|move|p1a: Chi-Yu|Overheat|p2b: Sylveon\n|-activate|p2b: Sylveon|move: Protect\n|\n|upkeep\n|turn|2\n|\n|t:|1682620757\n|-terastallize|p1b: Great Tusk|Steel\n|move|p2a: Murkrow|Foul Play|p1b: Great Tusk\n|-damage|p1b: Great Tusk|60\/100\n|move|p2b: Sylveon|Hyper Voice|p1a: Chi-Yu|[spread] p1a,p1b\n|-resisted|p1b: Great Tusk\n|-damage|p1a: Chi-Yu|54\/100\n|-damage|p1b: Great Tusk|21\/100\n|-enditem|p2b: Sylveon|Throat Spray\n|-boost|p2b: Sylveon|spa|1|[from] item: Throat Spray\n|move|p1b: Great Tusk|Headlong Rush|p2b: Sylveon\n|-damage|p2b: Sylveon|15\/100\n|-unboost|p1b: Great Tusk|def|1\n|-unboost|p1b: Great Tusk|spd|1\n|move|p1a: Chi-Yu|Overheat|p2b: Sylveon\n|-damage|p2b: Sylveon|0 fnt\n|-unboost|p1a: Chi-Yu|spa|2\n|faint|p2b: Sylveon\n|\n|upkeep\n|\n|t:|1682620767\n|switch|p2b: Iron Treads|Iron Treads, L50|100\/100\n|turn|3\n|\n|t:|1682620784\n|-end|p1b: Great Tusk|Protosynthesis|[silent]\n|switch|p1b: Chien-Pao|Chien-Pao, L50|100\/100\n|-ability|p1b: Chien-Pao|Sword of Ruin\n|switch|p1a: Dragonite|Dragonite, L50, M|100\/100\n|move|p2b: Iron Treads|Earthquake|p1a: Dragonite|[spread] p1b\n|-immune|p2a: Murkrow\n|-immune|p1a: Dragonite\n|-damage|p1b: Chien-Pao|49\/100\n|move|p2a: Murkrow|Foul Play|p1a: Dragonite\n|-damage|p1a: Dragonite|61\/100\n|\n|upkeep\n|turn|4\n|\n|t:|1682620804\n|switch|p2a: Indeedee|Indeedee-F, L50, F|100\/100\n|-fieldstart|move: Psychic Terrain|[from] ability: Psychic Surge|[of] p2a: Indeedee\n|-enditem|p2a: Indeedee|Psychic Seed\n|-boost|p2a: Indeedee|spd|1|[from] item: Psychic Seed\n|move|p1a: Dragonite|Extreme Speed|p2a: Indeedee\n|-activate|p2a: Indeedee|move: Psychic Terrain\n|move|p2b: Iron Treads|Rock Slide|p1a: Dragonite|[spread] p1a,p1b\n|-supereffective|p1a: Dragonite\n|-supereffective|p1b: Chien-Pao\n|-damage|p1a: Dragonite|9\/100\n|-damage|p1b: Chien-Pao|0 fnt\n|faint|p1b: Chien-Pao\n|\n|-sideend|p2: Determewnation|move: Tailwind\n|upkeep\n|\n|t:|1682620821\n|switch|p1b: Chi-Yu|Chi-Yu, L50|54\/100\n|-ability|p1b: Chi-Yu|Beads of Ruin\n|turn|5\n|\n|t:|1682620845\n|move|p2a: Indeedee|Protect|p2a: Indeedee\n|-singleturn|p2a: Indeedee|Protect\n|move|p2b: Iron Treads|Earthquake|p1b: Chi-Yu|[spread] p1b\n|-activate|p2a: Indeedee|move: Protect\n|-immune|p1a: Dragonite\n|-supereffective|p1b: Chi-Yu\n|-damage|p1b: Chi-Yu|0 fnt\n|faint|p1b: Chi-Yu\n|move|p1a: Dragonite|Fire Punch|p2b: Iron Treads\n|-supereffective|p2b: Iron Treads\n|-damage|p2b: Iron Treads|41\/100\n|\n|upkeep\n|\n|t:|1682620863\n|switch|p1b: Great Tusk|Great Tusk, L50, tera:Steel|21\/100\n|turn|6\n|\n|t:|1682620877\n|move|p2b: Iron Treads|Protect|p2b: Iron Treads\n|-singleturn|p2b: Iron Treads|Protect\n|move|p1b: Great Tusk|Headlong Rush|p2a: Indeedee\n|-damage|p2a: Indeedee|36\/100\n|-unboost|p1b: Great Tusk|def|1\n|-unboost|p1b: Great Tusk|spd|1\n|move|p1a: Dragonite|Fire Punch|p2b: Iron Treads\n|-activate|p2b: Iron Treads|move: Protect\n|move|p2a: Indeedee|Psychic|p1a: Dragonite\n|-damage|p1a: Dragonite|0 fnt\n|faint|p1a: Dragonite\n|\n|upkeep\n|turn|7\n|\n|t:|1682620896\n|move|p2a: Indeedee|Follow Me|p2a: Indeedee\n|-singleturn|p2a: Indeedee|move: Follow Me\n|move|p1b: Great Tusk|Headlong Rush|p2a: Indeedee\n|-damage|p2a: Indeedee|0 fnt\n|-unboost|p1b: Great Tusk|def|1\n|-unboost|p1b: Great Tusk|spd|1\n|faint|p2a: Indeedee\n|move|p2b: Iron Treads|Earthquake|p1b: Great Tusk\n|-supereffective|p1b: Great Tusk\n|-damage|p1b: Great Tusk|0 fnt\n|faint|p1b: Great Tusk\n|-end|p1b: Great Tusk|Protosynthesis|[silent]\n|\n|win|Determewnation\n|raw|kxichi's rating: 1253 → 1231<\/strong> (-22 for losing)\n|raw|Determewnation's rating: 1292 → 1314<\/strong> (+22 for winning)\n|l|\u2606kxichi\n","uploadtime":1682620952,"views":10,"p1id":"kxichi","p2id":"determewnation","formatid":"gen9vgc2023regulationc","rating":1231,"private":0,"password":""}