{"id":"gen9vgc2023regulationc-1861736392","p1":"PensiDiFarRidere?","p2":"LameLiarLeo","format":"[Gen 9] VGC 2023 Regulation C","log":"|j|\u2606PensiDiFarRidere?\n|j|\u2606LameLiarLeo\n|t:|1683802213\n|gametype|doubles\n|player|p1|PensiDiFarRidere?|steven|\n|player|p2|LameLiarLeo|clair|\n|teamsize|p1|6\n|teamsize|p2|6\n|gen|9\n|tier|[Gen 9] VGC 2023 Regulation C\n|rule|Species Clause: Limit one of each Pok\u00e9mon\n|rule|Item Clause: Limit one of each item\n|clearpoke\n|poke|p1|Chi-Yu, L50|\n|poke|p1|Talonflame, L50, F|\n|poke|p1|Garchomp, L50, F|\n|poke|p1|Flutter Mane, L50|\n|poke|p1|Breloom, L50, F|\n|poke|p1|Iron Bundle, L50|\n|poke|p2|Chien-Pao, L50|\n|poke|p2|Iron Valiant, L50|\n|poke|p2|Arcanine, L50, M|\n|poke|p2|Iron Hands, L50|\n|poke|p2|Iron Bundle, L50|\n|poke|p2|Chi-Yu, L50|\n|teampreview|4\n|inactive|Battle timer is ON: inactive players will automatically lose when time's up. (requested by LameLiarLeo)\nLameLiarLeo has agreed to open team sheets.\nPensiDiFarRidere? has agreed to open team sheets.\n|inactive|PensiDiFarRidere? has 60 seconds left.\n|inactive|LameLiarLeo has 60 seconds left.\n|\n|t:|1683802258\n|start\n|switch|p1a: Talonflame|Talonflame, L50, F|100\/100\n|switch|p1b: Flutter Mane|Flutter Mane, L50|100\/100\n|switch|p2a: Iron Hands|Iron Hands, L50|100\/100\n|switch|p2b: Iron Bundle|Iron Bundle, L50|100\/100\n|-enditem|p2b: Iron Bundle|Booster Energy\n|-activate|p2b: Iron Bundle|ability: Quark Drive|[fromitem]\n|-start|p2b: Iron Bundle|quarkdrivespe\n|turn|1\n|inactive|PensiDiFarRidere? has 30 seconds left.\n|\n|t:|1683802290\n|-terastallize|p1a: Talonflame|Ghost\n|-terastallize|p2a: Iron Hands|Fire\n|move|p2a: Iron Hands|Fake Out|p1a: Talonflame\n|-immune|p1a: Talonflame\n|move|p1a: Talonflame|Tailwind|p1a: Talonflame\n|-sidestart|p1: PensiDiFarRidere?|move: Tailwind\n|move|p1b: Flutter Mane|Dazzling Gleam|p2a: Iron Hands|[spread] p2a,p2b\n|-resisted|p2a: Iron Hands\n|-damage|p2a: Iron Hands|81\/100\n|-damage|p2b: Iron Bundle|9\/100\n|move|p2b: Iron Bundle|Hydro Pump|p1a: Talonflame\n|-damage|p1a: Talonflame|24\/100\n|\n|upkeep\n|turn|2\n|inactive|PensiDiFarRidere? has 30 seconds left.\n|\n|t:|1683802322\n|move|p2b: Iron Bundle|Protect|p2b: Iron Bundle\n|-singleturn|p2b: Iron Bundle|Protect\n|move|p1a: Talonflame|Brave Bird|p2a: Iron Hands\n|-damage|p2a: Iron Hands|57\/100\n|-damage|p1a: Talonflame|13\/100|[from] Recoil\n|move|p1b: Flutter Mane|Dazzling Gleam|p2b: Iron Bundle|[spread] p2a\n|-activate|p2b: Iron Bundle|move: Protect\n|-resisted|p2a: Iron Hands\n|-crit|p2a: Iron Hands\n|-damage|p2a: Iron Hands|26\/100\n|-enditem|p2a: Iron Hands|Sitrus Berry|[eat]\n|-heal|p2a: Iron Hands|51\/100|[from] item: Sitrus Berry\n|move|p2a: Iron Hands|Wild Charge|p1b: Flutter Mane\n|-damage|p1b: Flutter Mane|0 fnt\n|faint|p1b: Flutter Mane\n|-end|p1b: Flutter Mane|Protosynthesis|[silent]\n|-damage|p2a: Iron Hands|36\/100|[from] Recoil\n|\n|upkeep\n|inactive|PensiDiFarRidere? has 30 seconds left.\n|\n|t:|1683802351\n|switch|p1b: Garchomp|Garchomp, L50, F|100\/100\n|turn|3\n|inactive|LameLiarLeo has 30 seconds left.\n|\n|t:|1683802379\n|move|p1a: Talonflame|Brave Bird|p2b: Iron Bundle\n|-damage|p2b: Iron Bundle|0 fnt\n|faint|p2b: Iron Bundle\n|-end|p2b: Iron Bundle|Quark Drive|[silent]\n|-damage|p1a: Talonflame|11\/100|[from] Recoil\n|move|p1b: Garchomp|Rock Slide|p2a: Iron Hands\n|-supereffective|p2a: Iron Hands\n|-damage|p2a: Iron Hands|0 fnt\n|faint|p2a: Iron Hands\n|-end|p2a: Iron Hands|Quark Drive|[silent]\n|\n|upkeep\n|\n|t:|1683802388\n|switch|p2b: Iron Valiant|Iron Valiant, L50|100\/100\n|switch|p2a: Chi-Yu|Chi-Yu, L50|100\/100\n|-ability|p2a: Chi-Yu|Beads of Ruin\n|turn|4\n|inactive|PensiDiFarRidere? has 30 seconds left.\n|inactive|PensiDiFarRidere? has 20 seconds left.\n|\n|t:|1683802425\n|move|p2a: Chi-Yu|Protect|p2a: Chi-Yu\n|-singleturn|p2a: Chi-Yu|Protect\n|move|p2b: Iron Valiant|Shadow Sneak|p1a: Talonflame\n|-supereffective|p1a: Talonflame\n|-damage|p1a: Talonflame|0 fnt\n|-damage|p2b: Iron Valiant|84\/100|[from] item: Rocky Helmet|[of] p1a: Talonflame\n|faint|p1a: Talonflame\n|move|p1b: Garchomp|Swords Dance|p1b: Garchomp\n|-boost|p1b: Garchomp|atk|2\n|\n|-sideend|p1: PensiDiFarRidere?|move: Tailwind\n|upkeep\n|\n|t:|1683802436\n|switch|p1a: Chi-Yu|Chi-Yu, L50|100\/100\n|-ability|p1a: Chi-Yu|Beads of Ruin\n|turn|5\n|\n|t:|1683802453\n|move|p1a: Chi-Yu|Protect|p1a: Chi-Yu\n|-singleturn|p1a: Chi-Yu|Protect\n|move|p1b: Garchomp|Earthquake|p2a: Chi-Yu|[spread] p2a,p2b\n|-activate|p1a: Chi-Yu|move: Protect\n|-supereffective|p2a: Chi-Yu\n|-damage|p2a: Chi-Yu|0 fnt\n|-damage|p2b: Iron Valiant|0 fnt\n|faint|p2a: Chi-Yu\n|faint|p2b: Iron Valiant\n|-end|p2b: Iron Valiant|Quark Drive|[silent]\n|\n|win|PensiDiFarRidere?\n|c|\u2606LameLiarLeo|gg\n|c|\u2606PensiDiFarRidere?|gg\n","uploadtime":1683802875,"views":22,"p1id":"pensidifarridere","p2id":"lameliarleo","formatid":"gen9vgc2023regulationc","rating":0,"private":0,"password":""}