{"id":"gen9vgc2023regulationc-1848875257","p1":"Wowo1994","p2":"The Penguinari","format":"[Gen 9] VGC 2023 Regulation C","log":"|j|\u2606Wowo1994\n|j|\u2606The Penguinari\n|t:|1682120493\n|gametype|doubles\n|player|p1|Wowo1994|2|1051\n|player|p2|The Penguinari|grimsley|1109\n|teamsize|p1|6\n|teamsize|p2|6\n|gen|9\n|tier|[Gen 9] VGC 2023 Regulation C\n|rated|\n|rule|Species Clause: Limit one of each Pok\u00e9mon\n|rule|Item Clause: Limit one of each item\n|clearpoke\n|poke|p1|Dachsbun, L50, F|\n|poke|p1|Iron Hands, L50|\n|poke|p1|Iron Thorns, L50|\n|poke|p1|Gothitelle, L50, F|\n|poke|p1|Chi-Yu, L50|\n|poke|p1|Kilowattrel, L50, M|\n|poke|p2|Iron Bundle, L50|\n|poke|p2|Amoonguss, L50, F|\n|poke|p2|Chi-Yu, L50|\n|poke|p2|Corviknight, L50, F|\n|poke|p2|Flutter Mane, L50|\n|poke|p2|Iron Hands, L50|\n|teampreview|4\nThe Penguinari has agreed to open team sheets.\n|\n|t:|1682120556\n|start\n|switch|p1a: Gothitelle|Gothitelle, L50, F|100\/100\n|switch|p1b: Dachsbun|Dachsbun, L50, F|100\/100\n|switch|p2a: Iron Hands|Iron Hands, L50|100\/100\n|switch|p2b: Iron Bundle|Iron Bundle, L50|100\/100\n|-enditem|p2b: Iron Bundle|Booster Energy\n|-activate|p2b: Iron Bundle|ability: Quark Drive|[fromitem]\n|-start|p2b: Iron Bundle|quarkdrivespe\n|turn|1\n|\n|t:|1682120586\n|move|p2b: Iron Bundle|Protect|p2b: Iron Bundle\n|-singleturn|p2b: Iron Bundle|Protect\n|move|p1a: Gothitelle|Protect|p1a: Gothitelle\n|-singleturn|p1a: Gothitelle|Protect\n|move|p1b: Dachsbun|Yawn|p2b: Iron Bundle\n|-activate|p2b: Iron Bundle|move: Protect\n|move|p2a: Iron Hands|Heavy Slam|p1b: Dachsbun\n|-supereffective|p1b: Dachsbun\n|-damage|p1b: Dachsbun|22\/100\n|-damage|p2a: Iron Hands|84\/100|[from] item: Rocky Helmet|[of] p1b: Dachsbun\n|\n|upkeep\n|turn|2\n|\n|t:|1682120620\n|move|p1b: Dachsbun|Protect|p1b: Dachsbun\n|-singleturn|p1b: Dachsbun|Protect\n|move|p2b: Iron Bundle|Encore|p1a: Gothitelle\n|-start|p1a: Gothitelle|Encore\n|move|p1a: Gothitelle|Protect|p1a: Gothitelle\n|-singleturn|p1a: Gothitelle|Protect\n|move|p2a: Iron Hands|Heavy Slam|p1b: Dachsbun\n|-activate|p1b: Dachsbun|move: Protect\n|\n|upkeep\n|turn|3\n|\n|t:|1682120648\n|move|p1a: Gothitelle|Protect||[still]\n|-fail|p1a: Gothitelle\n|move|p2b: Iron Bundle|Hydro Pump|p1b: Dachsbun|[miss]\n|-miss|p2b: Iron Bundle|p1b: Dachsbun\n|move|p1b: Dachsbun|Wish|p1b: Dachsbun\n|move|p2a: Iron Hands|Wild Charge|p1a: Gothitelle\n|-damage|p1a: Gothitelle|56\/100\n|-damage|p2a: Iron Hands|76\/100|[from] Recoil\n|\n|upkeep\n|turn|4\n|\n|t:|1682120677\n|move|p1b: Dachsbun|Protect|p1b: Dachsbun\n|-singleturn|p1b: Dachsbun|Protect\n|move|p1a: Gothitelle|Protect|p1a: Gothitelle\n|-singleturn|p1a: Gothitelle|Protect\n|move|p2b: Iron Bundle|Encore|p1b: Dachsbun\n|-activate|p1b: Dachsbun|move: Protect\n|move|p2a: Iron Hands|Wild Charge|p1a: Gothitelle\n|-activate|p1a: Gothitelle|move: Protect\n|\n|-heal|p1b: Dachsbun|72\/100|[from] move: Wish|[wisher] Dachsbun\n|-end|p1a: Gothitelle|Encore\n|upkeep\n|turn|5\n|\n|t:|1682120695\n|move|p2b: Iron Bundle|Encore|p1b: Dachsbun\n|-start|p1b: Dachsbun|Encore\n|move|p1b: Dachsbun|Protect||[still]\n|-fail|p1b: Dachsbun\n|move|p1a: Gothitelle|Taunt|p2b: Iron Bundle\n|-start|p2b: Iron Bundle|move: Taunt\n|move|p2a: Iron Hands|Wild Charge|p1a: Gothitelle\n|-damage|p1a: Gothitelle|7\/100\n|-enditem|p1a: Gothitelle|Sitrus Berry|[eat]\n|-heal|p1a: Gothitelle|32\/100|[from] item: Sitrus Berry\n|-damage|p2a: Iron Hands|67\/100|[from] Recoil\n|\n|upkeep\n|turn|6\n|\n|t:|1682120729\n|switch|p1b: Iron Hands|Iron Hands, L50|100\/100\n|move|p1a: Gothitelle|Protect|p1a: Gothitelle\n|-singleturn|p1a: Gothitelle|Protect\n|move|p2b: Iron Bundle|Freeze-Dry|p1a: Gothitelle\n|-activate|p1a: Gothitelle|move: Protect\n|move|p2a: Iron Hands|Heavy Slam|p1b: Iron Hands\n|-resisted|p1b: Iron Hands\n|-damage|p1b: Iron Hands|95\/100\n|\n|upkeep\n|turn|7\n|\n|t:|1682120770\n|move|p1b: Iron Hands|Fake Out|p2b: Iron Bundle\n|-damage|p2b: Iron Bundle|82\/100\n|cant|p2b: Iron Bundle|flinch\n|move|p1a: Gothitelle|Psychic|p2a: Iron Hands\n|-supereffective|p2a: Iron Hands\n|-damage|p2a: Iron Hands|32\/100\n|move|p2a: Iron Hands|Wild Charge|p1a: Gothitelle\n|-damage|p1a: Gothitelle|0 fnt\n|faint|p1a: Gothitelle\n|-damage|p2a: Iron Hands|27\/100|[from] Recoil\n|\n|upkeep\n|\n|t:|1682120785\n|switch|p1a: Dachsbun|Dachsbun, L50, F|72\/100\n|turn|8\n|\n|t:|1682120798\n|-end|p1b: Iron Hands|Quark Drive|[silent]\n|switch|p1b: Chi-Yu|Chi-Yu, L50|100\/100\n|-ability|p1b: Chi-Yu|Beads of Ruin\n|move|p2b: Iron Bundle|Hydro Pump|p1b: Chi-Yu\n|-supereffective|p1b: Chi-Yu\n|-damage|p1b: Chi-Yu|0 fnt\n|faint|p1b: Chi-Yu\n|move|p1a: Dachsbun|Yawn|p2b: Iron Bundle\n|-start|p2b: Iron Bundle|move: Yawn|[of] p1a: Dachsbun\n|move|p2a: Iron Hands|Heavy Slam|p1a: Dachsbun\n|-supereffective|p1a: Dachsbun\n|-damage|p1a: Dachsbun|0 fnt\n|-damage|p2a: Iron Hands|10\/100|[from] item: Rocky Helmet|[of] p1a: Dachsbun\n|faint|p1a: Dachsbun\n|\n|-end|p2b: Iron Bundle|move: Taunt\n|upkeep\n|\n|t:|1682120820\n|switch|p1a: Iron Hands|Iron Hands, L50|95\/100\n|turn|9\n|\n|t:|1682120846\n|-end|p2b: Iron Bundle|Quark Drive|[silent]\n|switch|p2b: Flutter Mane|Flutter Mane, L50|100\/100\n|move|p1a: Iron Hands|Fake Out|p2b: Flutter Mane\n|-immune|p2b: Flutter Mane\n|move|p2a: Iron Hands|Drain Punch|p1a: Iron Hands\n|-damage|p1a: Iron Hands|62\/100\n|-heal|p2a: Iron Hands|27\/100|[from] drain|[of] p1a: Iron Hands\n|\n|upkeep\n|turn|10\n|\n|t:|1682120864\n|-terastallize|p1a: Iron Hands|Grass\n|move|p2b: Flutter Mane|Dazzling Gleam|p1a: Iron Hands\n|-damage|p1a: Iron Hands|26\/100\n|move|p2a: Iron Hands|Drain Punch|p1a: Iron Hands\n|-damage|p1a: Iron Hands|0 fnt\n|-heal|p2a: Iron Hands|40\/100|[from] drain|[of] p1a: Iron Hands\n|faint|p1a: Iron Hands\n|-end|p1a: Iron Hands|Quark Drive|[silent]\n|\n|win|The Penguinari\n|raw|Wowo1994's rating: 1051 → 1036<\/strong> (-15 for losing)\n|raw|The Penguinari's rating: 1109 → 1130<\/strong> (+21 for winning)\n|c|\u2606The Penguinari|gg\n|l|\u2606Wowo1994\n","uploadtime":1682120878,"views":17,"p1id":"wowo1994","p2id":"thepenguinari","formatid":"gen9vgc2023regulationc","rating":1036,"private":0,"password":""}