{"id":"gen9vgc2023regulationc-1848891847","p1":"maucs","p2":"B.AngelOwO","format":"[Gen 9] VGC 2023 Regulation C","log":"|j|\u2606maucs\n|j|\u2606B.AngelOwO\n|t:|1682122622\n|gametype|doubles\n|player|p1|maucs|giovanni|1146\n|player|p2|B.AngelOwO|guitarist|1048\n|teamsize|p1|6\n|teamsize|p2|6\n|gen|9\n|tier|[Gen 9] VGC 2023 Regulation C\n|rated|\n|rule|Species Clause: Limit one of each Pok\u00e9mon\n|rule|Item Clause: Limit one of each item\n|clearpoke\n|poke|p1|Baxcalibur, L50, F|\n|poke|p1|Flutter Mane, L50|\n|poke|p1|Orthworm, L50, F|\n|poke|p1|Great Tusk, L50|\n|poke|p1|Talonflame, L50, M|\n|poke|p1|Wo-Chien, L50|\n|poke|p2|Florges-Yellow, L50, F|\n|poke|p2|Ting-Lu, L50|\n|poke|p2|Indeedee-F, L50, F|\n|poke|p2|Pelipper, L50, M|\n|poke|p2|Barraskewda, L50, M|\n|poke|p2|Lucario, L50, M|\n|teampreview|4\n|inactive|Battle timer is ON: inactive players will automatically lose when time's up. (requested by maucs)\n|inactive|B.AngelOwO also wants the timer to be on.\n|inactive|B.AngelOwO has 60 seconds left.\n|\n|t:|1682122675\n|start\n|switch|p1a: Talonflame|Talonflame, L50, M|100\/100\n|switch|p1b: Flutter Mane|Flutter Mane, L50|100\/100\n|switch|p2a: Barraskewda|Barraskewda, L50, M, shiny|100\/100\n|switch|p2b: Lucario|Lucario, L50, M|100\/100\n|turn|1\n|inactive|maucs has 30 seconds left.\n|inactive|B.AngelOwO has 30 seconds left.\n|\n|t:|1682122708\n|switch|p2b: Pelipper|Pelipper, L50, M|100\/100\n|-weather|RainDance|[from] ability: Drizzle|[of] p2b: Pelipper\n|move|p1a: Talonflame|Quick Guard|p1a: Talonflame\n|-singleturn|p1a: Talonflame|Quick Guard\n|move|p2a: Barraskewda|Liquidation|p1b: Flutter Mane\n|-damage|p1b: Flutter Mane|0 fnt\n|faint|p1b: Flutter Mane\n|-end|p1b: Flutter Mane|Protosynthesis|[silent]\n|\n|-weather|RainDance|[upkeep]\n|upkeep\n|\n|t:|1682122720\n|switch|p1b: Baxcalibur|Baxcalibur, L50, F|100\/100\n|turn|2\n|\n|t:|1682122738\n|move|p1a: Talonflame|Tailwind|p1a: Talonflame\n|-sidestart|p1: maucs|move: Tailwind\n|move|p2a: Barraskewda|Liquidation|p1a: Talonflame\n|-supereffective|p1a: Talonflame\n|-damage|p1a: Talonflame|0 fnt\n|faint|p1a: Talonflame\n|move|p1b: Baxcalibur|Icicle Spear|p2b: Pelipper\n|-damage|p2b: Pelipper|84\/100\n|-damage|p2b: Pelipper|69\/100\n|-damage|p2b: Pelipper|53\/100\n|-damage|p2b: Pelipper|35\/100\n|-damage|p2b: Pelipper|20\/100\n|-hitcount|p2b: Pelipper|5\n|move|p2b: Pelipper|Hurricane|p1b: Baxcalibur\n|-damage|p1b: Baxcalibur|63\/100\n|-start|p1b: Baxcalibur|confusion\n|\n|-weather|RainDance|[upkeep]\n|upkeep\n|\n|t:|1682122753\n|switch|p1a: Wo-Chien|Wo-Chien, L50|100\/100\n|-ability|p1a: Wo-Chien|Tablets of Ruin\n|turn|3\n|inactive|B.AngelOwO has 30 seconds left.\n|inactive|B.AngelOwO has 20 seconds left.\n|inactive|B.AngelOwO has 15 seconds left.\n|inactive|B.AngelOwO has 10 seconds left.\n|inactive|B.AngelOwO has 5 seconds left.\n|\n|t:|1682122808\n|move|p2a: Barraskewda|Liquidation|p1b: Baxcalibur\n|-resisted|p1b: Baxcalibur\n|-damage|p1b: Baxcalibur|39\/100\n|-activate|p1b: Baxcalibur|confusion\n|move|p1b: Baxcalibur|Icicle Spear|p2b: Pelipper\n|-damage|p2b: Pelipper|9\/100\n|-damage|p2b: Pelipper|0 fnt\n|faint|p2b: Pelipper\n|-hitcount|p2: Pelipper|2\n|move|p1a: Wo-Chien|Pollen Puff|p1b: Baxcalibur\n|-heal|p1b: Baxcalibur|89\/100\n|\n|-weather|RainDance|[upkeep]\n|upkeep\n|inactive|B.AngelOwO has 30 seconds left.\n|inactive|B.AngelOwO has 20 seconds left.\n|\n|t:|1682122845\n|switch|p2b: Lucario|Lucario, L50, M|100\/100\n|turn|4\n|inactive|B.AngelOwO has 30 seconds left.\n|\n|t:|1682122872\n|-terastallize|p2a: Barraskewda|Ice\n|-terastallize|p1b: Baxcalibur|Water\n|move|p2b: Lucario|Vacuum Wave|p1b: Baxcalibur\n|-damage|p1b: Baxcalibur|78\/100\n|move|p2a: Barraskewda|Tera Blast|p1a: Wo-Chien\n|-supereffective|p1a: Wo-Chien\n|-damage|p1a: Wo-Chien|24\/100\n|-activate|p1b: Baxcalibur|confusion\n|-damage|p1b: Baxcalibur|64\/100|[from] confusion\n|move|p1a: Wo-Chien|Leech Seed|p2b: Lucario\n|-start|p2b: Lucario|move: Leech Seed\n|\n|-weather|RainDance|[upkeep]\n|-damage|p2b: Lucario|88\/100|[from] Leech Seed|[of] p1a: Wo-Chien\n|-heal|p1a: Wo-Chien|36\/100|[silent]\n|upkeep\n|turn|5\n|inactive|B.AngelOwO has 30 seconds left.\n|\n|t:|1682122898\n|move|p1a: Wo-Chien|Protect|p1a: Wo-Chien\n|-singleturn|p1a: Wo-Chien|Protect\n|move|p2a: Barraskewda|Tera Blast|p1a: Wo-Chien\n|-activate|p1a: Wo-Chien|move: Protect\n|-end|p1b: Baxcalibur|confusion\n|move|p1b: Baxcalibur|Bulldoze|p2b: Lucario|[spread] p2a,p2b\n|-activate|p1a: Wo-Chien|move: Protect\n|-supereffective|p2b: Lucario\n|-damage|p2a: Barraskewda|73\/100\n|-damage|p2b: Lucario|46\/100\n|-unboost|p2a: Barraskewda|spe|1\n|-unboost|p2b: Lucario|spe|1\n|move|p2b: Lucario|Trailblaze|p1b: Baxcalibur\n|-supereffective|p1b: Baxcalibur\n|-damage|p1b: Baxcalibur|44\/100\n|-boost|p2b: Lucario|spe|1\n|-heal|p2b: Lucario|49\/100|[from] item: Shell Bell|[of] p1b: Baxcalibur\n|\n|-weather|none\n|-damage|p2b: Lucario|37\/100|[from] Leech Seed|[of] p1a: Wo-Chien\n|-heal|p1a: Wo-Chien|48\/100|[silent]\n|-sideend|p1: maucs|move: Tailwind\n|upkeep\n|turn|6\n|inactive|maucs has 30 seconds left.\n|inactive|B.AngelOwO has 30 seconds left.\n|\n|t:|1682122933\n|move|p1a: Wo-Chien|Protect|p1a: Wo-Chien\n|-singleturn|p1a: Wo-Chien|Protect\n|move|p2b: Lucario|Trailblaze|p1b: Baxcalibur\n|-supereffective|p1b: Baxcalibur\n|-damage|p1b: Baxcalibur|23\/100\n|-boost|p2b: Lucario|spe|1\n|-heal|p2b: Lucario|41\/100|[from] item: Shell Bell|[of] p1b: Baxcalibur\n|move|p2a: Barraskewda|Tera Blast|p1a: Wo-Chien\n|-activate|p1a: Wo-Chien|move: Protect\n|move|p1b: Baxcalibur|Bulldoze|p2b: Lucario|[spread] p2a,p2b\n|-activate|p1a: Wo-Chien|move: Protect\n|-supereffective|p2b: Lucario\n|-damage|p2a: Barraskewda|46\/100\n|-damage|p2b: Lucario|0 fnt\n|-unboost|p2a: Barraskewda|spe|1\n|faint|p2b: Lucario\n|\n|upkeep\n|inactive|B.AngelOwO has 30 seconds left.\n|c|\u2606maucs|What the hell of a set on Lucario\n|inactive|B.AngelOwO has 20 seconds left.\n|\n|t:|1682122968\n|switch|p2b: Ting-Lu|Ting-Lu, L50|100\/100\n|-ability|p2b: Ting-Lu|Vessel of Ruin\n|turn|7\n|\n|t:|1682122990\n|move|p1a: Wo-Chien|Protect||[still]\n|-fail|p1a: Wo-Chien\n|move|p1b: Baxcalibur|Icicle Spear|p2b: Ting-Lu\n|-supereffective|p2b: Ting-Lu\n|-damage|p2b: Ting-Lu|87\/100\n|-enditem|p2b: Ting-Lu|Weakness Policy\n|-boost|p2b: Ting-Lu|atk|2|[from] item: Weakness Policy\n|-boost|p2b: Ting-Lu|spa|2|[from] item: Weakness Policy\n|-supereffective|p2b: Ting-Lu\n|-damage|p2b: Ting-Lu|71\/100\n|-supereffective|p2b: Ting-Lu\n|-damage|p2b: Ting-Lu|57\/100\n|-supereffective|p2b: Ting-Lu\n|-damage|p2b: Ting-Lu|42\/100\n|-hitcount|p2b: Ting-Lu|4\n|move|p2a: Barraskewda|Tera Blast|p1a: Wo-Chien\n|-supereffective|p1a: Wo-Chien\n|-damage|p1a: Wo-Chien|0 fnt\n|faint|p1a: Wo-Chien\n|move|p2b: Ting-Lu|Rock Slide|p1b: Baxcalibur\n|-damage|p1b: Baxcalibur|0 fnt\n|faint|p1b: Baxcalibur\n|\n|win|B.AngelOwO\n|raw|maucs's rating: 1146 → 1114<\/strong> (-32 for losing)\n|raw|B.AngelOwO's rating: 1048 → 1090<\/strong> (+42 for winning)\n|l|\u2606maucs\n","uploadtime":1682123040,"views":7,"p1id":"maucs","p2id":"bangelowo","formatid":"gen9vgc2023regulationc","rating":1090,"private":0,"password":""}