{"id":"gen9vgc2023regulationc-1855142442","p1":"Rick423","p2":"Pugwah","format":"[Gen 9] VGC 2023 Regulation C","log":"|j|\u2606Rick423\n|j|\u2606Pugwah\n|t:|1682906456\n|gametype|doubles\n|player|p1|Rick423|hilbert|1116\n|player|p2|Pugwah|265|1057\n|teamsize|p1|6\n|teamsize|p2|6\n|gen|9\n|tier|[Gen 9] VGC 2023 Regulation C\n|rated|\n|rule|Species Clause: Limit one of each Pok\u00e9mon\n|rule|Item Clause: Limit one of each item\n|clearpoke\n|poke|p1|Chien-Pao, L50|\n|poke|p1|Talonflame, L50, F|\n|poke|p1|Pawmot, L50, F|\n|poke|p1|Tatsugiri, L50, F|\n|poke|p1|Dondozo, L50, M|\n|poke|p1|Garganacl, L50, M|\n|poke|p2|Ting-Lu, L50|\n|poke|p2|Arcanine, L50, F|\n|poke|p2|Dondozo, L50, F|\n|poke|p2|Tatsugiri, L50, M|\n|poke|p2|Ceruledge, L50, F|\n|poke|p2|Annihilape, L50, M|\n|teampreview|4\n|inactive|Battle timer is ON: inactive players will automatically lose when time's up. (requested by Pugwah)\nPugwah rejected open team sheets.\n|inactive|Rick423 has 60 seconds left.\n|\n|t:|1682906534\n|start\n|switch|p1a: Talonflame|Talonflame, L50, F|100\/100\n|switch|p1b: Tatsugiri|Tatsugiri, L50, F|100\/100\n|switch|p2a: Dondozo|Dondozo, L50, F|100\/100\n|switch|p2b: Tatsugiri|Tatsugiri, L50, M|100\/100\n|-activate|p2b: Tatsugiri|ability: Commander|[of] p2a: Dondozo\n|-boost|p2a: Dondozo|atk|2\n|-boost|p2a: Dondozo|spa|2\n|-boost|p2a: Dondozo|spe|2\n|-boost|p2a: Dondozo|def|2\n|-boost|p2a: Dondozo|spd|2\n|turn|1\n|inactive|Pugwah has 30 seconds left.\n|\n|t:|1682906559\n|move|p1a: Talonflame|Protect|p1a: Talonflame\n|-singleturn|p1a: Talonflame|Protect\n|move|p1b: Tatsugiri|Chilling Water|p2a: Dondozo\n|-resisted|p2a: Dondozo\n|-damage|p2a: Dondozo|95\/100\n|-unboost|p2a: Dondozo|atk|1\n|move|p2a: Dondozo|Order Up|p1b: Tatsugiri\n|-supereffective|p1b: Tatsugiri\n|-damage|p1b: Tatsugiri|0 fnt\n|faint|p1b: Tatsugiri\n|-boost|p2a: Dondozo|atk|1\n|\n|-heal|p2a: Dondozo|100\/100|[from] item: Leftovers\n|upkeep\n|inactive|Rick423 has 30 seconds left.\n|inactive|Rick423 has 20 seconds left.\n|inactive|Rick423 has 15 seconds left.\n|inactive|Rick423 has 10 seconds left.\n|inactive|Rick423 has 5 seconds left.\n|\n|t:|1682906614\n|switch|p1b: Chien-Pao|Chien-Pao, L50|100\/100\n|-ability|p1b: Chien-Pao|Sword of Ruin\n|turn|2\n|inactive|Rick423 has 30 seconds left.\n|inactive|Rick423 has 20 seconds left.\n|inactive|Rick423 has 15 seconds left.\n|inactive|Rick423 has 10 seconds left.\n|inactive|Rick423 has 5 seconds left.\n|\n|t:|1682906669\n|move|p1b: Chien-Pao|Ice Spinner|p2b: Tatsugiri|[miss]\n|-miss|p1b: Chien-Pao|p2b: Tatsugiri\n|move|p1a: Talonflame|Flare Blitz|p2a: Dondozo\n|-resisted|p2a: Dondozo\n|-damage|p2a: Dondozo|92\/100\n|-status|p2a: Dondozo|brn\n|-damage|p1a: Talonflame|97\/100|[from] Recoil\n|move|p2a: Dondozo|Wave Crash|p1a: Talonflame\n|-supereffective|p1a: Talonflame\n|-damage|p1a: Talonflame|0 fnt\n|faint|p1a: Talonflame\n|-damage|p2a: Dondozo|66\/100 brn|[from] Recoil\n|\n|-heal|p2a: Dondozo|72\/100 brn|[from] item: Leftovers\n|-damage|p2a: Dondozo|66\/100 brn|[from] brn\n|upkeep\n|inactive|Rick423 has 30 seconds left.\n|inactive|Rick423 has 20 seconds left.\n|inactive|Rick423 has 15 seconds left.\n|inactive|Rick423 has 10 seconds left.\n|inactive|Rick423 has 5 seconds left.\n|\n|t:|1682906724\n|switch|p1a: Pawmot|Pawmot, L50, F|100\/100\n|turn|3\n|inactive|Rick423 has 30 seconds left.\n|inactive|Rick423 has 20 seconds left.\n|\n|t:|1682906763\n|-terastallize|p1a: Pawmot|Electric\n|move|p1b: Chien-Pao|Protect|p1b: Chien-Pao\n|-singleturn|p1b: Chien-Pao|Protect\n|move|p1a: Pawmot|Double Shock|p2a: Dondozo\n|-supereffective|p2a: Dondozo\n|-crit|p2a: Dondozo\n|-damage|p2a: Dondozo|0 fnt\n|-start|p1a: Pawmot|typechange|Electric|[from] move: Double Shock\n|faint|p2a: Dondozo\n|-damage|p1a: Pawmot|91\/100|[from] item: Life Orb\n|\n|upkeep\n|inactive|Pugwah has 30 seconds left.\n|\n|t:|1682906792\n|switch|p2a: Arcanine|Arcanine, L50, F|100\/100\n|-ability|p2a: Arcanine|Intimidate|boost\n|-unboost|p1a: Pawmot|atk|1\n|-unboost|p1b: Chien-Pao|atk|1\n|turn|4\n|inactive|Rick423 has 30 seconds left.\n|inactive|Pugwah has 30 seconds left.\n|\n|t:|1682906826\n|switch|p2a: Ting-Lu|Ting-Lu, L50|100\/100\n|-ability|p2a: Ting-Lu|Vessel of Ruin\n|move|p2b: Tatsugiri|Muddy Water|p1a: Pawmot|[spread] p1a,p1b\n|-damage|p1a: Pawmot|43\/100\n|-damage|p1b: Chien-Pao|62\/100\n|move|p1b: Chien-Pao|Sacred Sword|p2a: Ting-Lu\n|-supereffective|p2a: Ting-Lu\n|-damage|p2a: Ting-Lu|72\/100\n|move|p1a: Pawmot|Close Combat|p2a: Ting-Lu\n|-supereffective|p2a: Ting-Lu\n|-damage|p2a: Ting-Lu|4\/100\n|-unboost|p1a: Pawmot|def|1\n|-unboost|p1a: Pawmot|spd|1\n|-damage|p1a: Pawmot|33\/100|[from] item: Life Orb\n|\n|upkeep\n|turn|5\n|\n|t:|1682906848\n|move|p2b: Tatsugiri|Muddy Water|p1a: Pawmot|[spread] p1a,p1b\n|-damage|p1a: Pawmot|0 fnt\n|-damage|p1b: Chien-Pao|20\/100\n|-unboost|p1b: Chien-Pao|accuracy|1\n|faint|p1a: Pawmot\n|move|p1b: Chien-Pao|Ice Spinner|p2a: Ting-Lu\n|-supereffective|p2a: Ting-Lu\n|-damage|p2a: Ting-Lu|0 fnt\n|faint|p2a: Ting-Lu\n|\n|upkeep\n|\n|t:|1682906854\n|switch|p2a: Arcanine|Arcanine, L50, F|100\/100\n|-ability|p2a: Arcanine|Intimidate|boost\n|-unboost|p1b: Chien-Pao|atk|1\n|turn|6\n|inactive|Rick423 has 30 seconds left.\n|\n|t:|1682906879\n|move|p2a: Arcanine|Extreme Speed|p1b: Chien-Pao\n|-damage|p1b: Chien-Pao|0 fnt\n|faint|p1b: Chien-Pao\n|\n|win|Pugwah\n|raw|Rick423's rating: 1116 → 1087<\/strong> (-29 for losing)\n|raw|Pugwah's rating: 1057 → 1094<\/strong> (+37 for winning)\n","uploadtime":1682906885,"views":10,"p1id":"rick423","p2id":"pugwah","formatid":"gen9vgc2023regulationc","rating":1087,"private":0,"password":""}