{"id":"gen9vgc2023regulationc-1861078324","p1":"jessemonxyj","p2":"fjfaiz","format":"[Gen 9] VGC 2023 Regulation C","log":"|j|\u2606jessemonxyj\n|j|\u2606fjfaiz\n|t:|1683724392\n|gametype|doubles\n|player|p1|jessemonxyj|veteran|1033\n|player|p2|fjfaiz|dawn|1102\n|teamsize|p1|6\n|teamsize|p2|6\n|gen|9\n|tier|[Gen 9] VGC 2023 Regulation C\n|rated|\n|rule|Species Clause: Limit one of each Pok\u00e9mon\n|rule|Item Clause: Limit one of each item\n|clearpoke\n|poke|p1|Kilowattrel, L50, F|\n|poke|p1|Iron Hands, L50|\n|poke|p1|Revavroom, L50, F|\n|poke|p1|Meowscarada, L50, F|\n|poke|p1|Gyarados, L50, M|\n|poke|p1|Haxorus, L50, F|\n|poke|p2|Lycanroc-Midnight, L50, F|\n|poke|p2|Medicham, L50, F|\n|poke|p2|Dondozo, L50, F|\n|poke|p2|Tatsugiri-Droopy, L50, F|\n|poke|p2|Amoonguss, L50, M|\n|poke|p2|Ting-Lu, L50|\n|teampreview|4\n|inactive|Battle timer is ON: inactive players will automatically lose when time's up. (requested by fjfaiz)\n|\n|t:|1683724417\n|start\n|switch|p1a: Meowscarada|Meowscarada, L50, F|100\/100\n|switch|p1b: Iron Hands|Iron Hands, L50|100\/100\n|switch|p2a: Lycanroc|Lycanroc-Midnight, L50, F|100\/100\n|switch|p2b: Medicham|Medicham, L50, F|100\/100\n|turn|1\n|inactive|fjfaiz has 30 seconds left.\n|\n|t:|1683724445\n|move|p1a: Meowscarada|Protect|p1a: Meowscarada\n|-singleturn|p1a: Meowscarada|Protect\n|move|p2b: Medicham|Fake Out|p1b: Iron Hands\n|-crit|p1b: Iron Hands\n|-damage|p1b: Iron Hands|84\/100\n|cant|p1b: Iron Hands|flinch\n|move|p2a: Lycanroc|Stone Edge|p1a: Meowscarada\n|-activate|p1a: Meowscarada|move: Protect\n|\n|upkeep\n|turn|2\n|inactive|jessemonxyj has 30 seconds left.\n|\n|t:|1683724472\n|move|p1a: Meowscarada|Knock Off|p2b: Medicham\n|-damage|p2b: Medicham|31\/100\n|-enditem|p2b: Medicham|Focus Sash|[from] move: Knock Off|[of] p1a: Meowscarada\n|move|p2b: Medicham|Skill Swap|p2a: Lycanroc\n|-activate|p2b: Medicham|move: Skill Swap|||[of] p2a: Lycanroc\n|move|p2a: Lycanroc|Rock Slide|p1a: Meowscarada|[spread] p1a,p1b\n|-resisted|p1b: Iron Hands\n|-damage|p1a: Meowscarada|8\/100\n|-damage|p1b: Iron Hands|66\/100\n|cant|p1b: Iron Hands|flinch\n|\n|upkeep\n|turn|3\n|inactive|jessemonxyj has 30 seconds left.\n|\n|t:|1683724502\n|move|p2b: Medicham|Protect|p2b: Medicham\n|-singleturn|p2b: Medicham|Protect\n|move|p1a: Meowscarada|Flower Trick|p2a: Lycanroc\n|-supereffective|p2a: Lycanroc\n|-crit|p2a: Lycanroc\n|-damage|p2a: Lycanroc|0 fnt\n|faint|p2a: Lycanroc\n|move|p1b: Iron Hands|Drain Punch|p2b: Medicham\n|-activate|p2b: Medicham|move: Protect\n|\n|upkeep\n|\n|t:|1683724518\n|switch|p2a: Ting-Lu|Ting-Lu, L50|100\/100\n|-ability|p2a: Ting-Lu|Vessel of Ruin\n|turn|4\n|inactive|fjfaiz has 30 seconds left.\n|\n|t:|1683724547\n|-terastallize|p2a: Ting-Lu|Poison\n|move|p1a: Meowscarada|Flower Trick|p2a: Ting-Lu\n|-resisted|p2a: Ting-Lu\n|-crit|p2a: Ting-Lu\n|-damage|p2a: Ting-Lu|84\/100\n|move|p2b: Medicham|Skill Swap|p2a: Ting-Lu\n|-activate|p2b: Medicham|move: Skill Swap|||[of] p2a: Ting-Lu\n|-ability|p2b: Medicham|Vessel of Ruin\n|move|p1b: Iron Hands|Drain Punch|p2a: Ting-Lu\n|-resisted|p2a: Ting-Lu\n|-damage|p2a: Ting-Lu|75\/100\n|-heal|p1b: Iron Hands|71\/100|[from] drain|[of] p2a: Ting-Lu\n|move|p2a: Ting-Lu|Heavy Slam|p1a: Meowscarada\n|-damage|p1a: Meowscarada|0 fnt\n|-damage|p2a: Ting-Lu|59\/100|[from] item: Rocky Helmet|[of] p1a: Meowscarada\n|faint|p1a: Meowscarada\n|\n|upkeep\n|inactive|jessemonxyj has 30 seconds left.\n|\n|t:|1683724578\n|switch|p1a: Haxorus|Haxorus, L50, F, shiny|100\/100\n|-ability|p1a: Haxorus|Mold Breaker\n|turn|5\n|inactive|fjfaiz has 30 seconds left.\n|inactive|fjfaiz has 20 seconds left.\n|\n|t:|1683724614\n|switch|p2b: Amoonguss|Amoonguss, L50, M|100\/100\n|move|p1a: Haxorus|Swords Dance|p1a: Haxorus\n|-boost|p1a: Haxorus|atk|2\n|move|p1b: Iron Hands|Volt Switch|p2a: Ting-Lu\n|-damage|p2a: Ting-Lu|51\/100\n|\n|t:|1683724622\n|-end|p1b: Iron Hands|Quark Drive|[silent]\n|switch|p1b: Gyarados|Gyarados, L50, M, shiny|100\/100|[from] Volt Switch\n|-ability|p1b: Gyarados|Intimidate|boost\n|-unboost|p2a: Ting-Lu|atk|1\n|-unboost|p2b: Amoonguss|atk|1\n|move|p2a: Ting-Lu|Fissure|p1b: Gyarados\n|-immune|p1b: Gyarados\n|\n|upkeep\n|turn|6\n|\n|t:|1683724642\n|-terastallize|p1b: Gyarados|Flying\n|move|p2b: Amoonguss|Rage Powder|p2b: Amoonguss\n|-singleturn|p2b: Amoonguss|move: Rage Powder\n|move|p1a: Haxorus|Stomping Tantrum|p2b: Amoonguss\n|-damage|p2b: Amoonguss|36\/100\n|-damage|p1a: Haxorus|84\/100|[from] item: Rocky Helmet|[of] p2b: Amoonguss\n|-damage|p1a: Haxorus|74\/100|[from] item: Life Orb\n|move|p1b: Gyarados|Tera Blast|p2b: Amoonguss\n|-supereffective|p2b: Amoonguss\n|-damage|p2b: Amoonguss|0 fnt\n|faint|p2b: Amoonguss\n|move|p2a: Ting-Lu|Fissure|p1a: Haxorus\n|-damage|p1a: Haxorus|0 fnt\n|faint|p1a: Haxorus\n|-ohko\n|\n|upkeep\n|\n|t:|1683724659\n|switch|p1a: Iron Hands|Iron Hands, L50|71\/100\n|switch|p2b: Medicham|Medicham, L50, F|31\/100\n|turn|7\n|\n|t:|1683724675\n|move|p2b: Medicham|Fake Out|p1b: Gyarados\n|-damage|p1b: Gyarados|82\/100\n|move|p1a: Iron Hands|Fake Out|p2a: Ting-Lu\n|-damage|p2a: Ting-Lu|44\/100\n|cant|p1b: Gyarados|flinch\n|cant|p2a: Ting-Lu|flinch\n|\n|upkeep\n|turn|8\n|inactive|jessemonxyj has 30 seconds left.\n|inactive|fjfaiz has 30 seconds left.\n|\n|t:|1683724703\n|move|p2b: Medicham|Skill Swap||[still]\n|-fail|p2b: Medicham\n|move|p1b: Gyarados|Aqua Tail|p2a: Ting-Lu\n|-damage|p2a: Ting-Lu|25\/100\n|move|p1a: Iron Hands|Volt Switch|p2a: Ting-Lu\n|-damage|p2a: Ting-Lu|18\/100\n|move|p2a: Ting-Lu|Fissure|p1a: Iron Hands\n|-damage|p1a: Iron Hands|0 fnt\n|faint|p1a: Iron Hands\n|-end|p1a: Iron Hands|Quark Drive|[silent]\n|-ohko\n|\n|upkeep\n|turn|9\n|inactive|fjfaiz has 30 seconds left.\n|c|\u2606jessemonxyj|Good strat\n|c|\u2606jessemonxyj|i like it\n|\n|t:|1683724737\n|move|p2b: Medicham|Close Combat|p1b: Gyarados\n|-resisted|p1b: Gyarados\n|-damage|p1b: Gyarados|39\/100\n|-unboost|p2b: Medicham|def|1\n|-unboost|p2b: Medicham|spd|1\n|-enditem|p1b: Gyarados|Sitrus Berry|[eat]\n|-heal|p1b: Gyarados|64\/100|[from] item: Sitrus Berry\n|move|p1b: Gyarados|Aqua Tail|p2a: Ting-Lu\n|-damage|p2a: Ting-Lu|0 fnt\n|faint|p2a: Ting-Lu\n|\n|upkeep\n|turn|10\n|\n|t:|1683724753\n|move|p2b: Medicham|Close Combat|p1b: Gyarados\n|-resisted|p1b: Gyarados\n|-damage|p1b: Gyarados|22\/100\n|-unboost|p2b: Medicham|def|1\n|-unboost|p2b: Medicham|spd|1\n|move|p1b: Gyarados|Tera Blast|p2b: Medicham\n|-supereffective|p2b: Medicham\n|-damage|p2b: Medicham|0 fnt\n|faint|p2b: Medicham\n|\n|win|jessemonxyj\n|raw|jessemonxyj's rating: 1033 → 1075<\/strong> (+42 for winning)\n|raw|fjfaiz's rating: 1102 → 1072<\/strong> (-30 for losing)\n|c|\u2606jessemonxyj|gg\n|c|\u2606jessemonxyj|close game\n|l|\u2606fjfaiz\n","uploadtime":1683724777,"views":15,"p1id":"jessemonxyj","p2id":"fjfaiz","formatid":"gen9vgc2023regulationc","rating":1072,"private":0,"password":""}