{"id":"gen9vgc2023regulationc-1852121838","p1":"Niqeth","p2":"cap4816","format":"[Gen 9] VGC 2023 Regulation C","log":"|j|\u2606Niqeth\n|j|\u2606cap4816\n|t:|1682525910\n|gametype|doubles\n|player|p1|Niqeth|169|1222\n|player|p2|cap4816|pokekid|1240\n|teamsize|p1|6\n|teamsize|p2|6\n|gen|9\n|tier|[Gen 9] VGC 2023 Regulation C\n|rated|\n|rule|Species Clause: Limit one of each Pok\u00e9mon\n|rule|Item Clause: Limit one of each item\n|clearpoke\n|poke|p1|Glimmora, L50, F|\n|poke|p1|Wo-Chien, L50|\n|poke|p1|Chi-Yu, L50|\n|poke|p1|Iron Bundle, L50|\n|poke|p1|Scizor, L50, F|\n|poke|p1|Flutter Mane, L50|\n|poke|p2|Ting-Lu, L50|\n|poke|p2|Chi-Yu, L50|\n|poke|p2|Gyarados, L50, F|\n|poke|p2|Flutter Mane, L50|\n|poke|p2|Amoonguss, L50, M|\n|poke|p2|Palafin, L50, M|\n|teampreview|4\n|inactive|Battle timer is ON: inactive players will automatically lose when time's up. (requested by Niqeth)\nNiqeth has agreed to open team sheets.\n|inactive|cap4816 has 60 seconds left.\n|\n|t:|1682525992\n|start\n|switch|p1a: Glimmora|Glimmora, L50, F|100\/100\n|switch|p1b: Wo-Chien|Wo-Chien, L50|100\/100\n|switch|p2a: Gyarados|Gyarados, L50, F|100\/100\n|switch|p2b: Palafin|Palafin, L50, M|100\/100\n|-ability|p2a: Gyarados|Intimidate|boost\n|-unboost|p1a: Glimmora|atk|1\n|-unboost|p1b: Wo-Chien|atk|1\n|-ability|p1b: Wo-Chien|Tablets of Ruin\n|turn|1\n|\n|t:|1682526014\n|detailschange|p2b: Palafin|Palafin-Hero, L50, M\n|switch|p2b: Chi-Yu|Chi-Yu, L50|100\/100\n|-ability|p2b: Chi-Yu|Beads of Ruin\n|-terastallize|p1a: Glimmora|Grass\n|move|p1a: Glimmora|Mortal Spin|p2a: Gyarados|[spread] p2a,p2b\n|-damage|p2a: Gyarados|99\/100\n|-damage|p2b: Chi-Yu|98\/100\n|-status|p2a: Gyarados|psn\n|move|p2a: Gyarados|Thunder Wave|p1b: Wo-Chien\n|-status|p1b: Wo-Chien|par\n|move|p1b: Wo-Chien|Foul Play|p2a: Gyarados\n|-damage|p2a: Gyarados|55\/100 psn\n|\n|-damage|p2a: Gyarados|43\/100 psn|[from] psn\n|upkeep\n|turn|2\n|inactive|cap4816 has 30 seconds left.\n|\n|t:|1682526043\n|move|p2b: Chi-Yu|Heat Wave|p1b: Wo-Chien|[spread] p1a,p1b\n|-supereffective|p1a: Glimmora\n|-supereffective|p1b: Wo-Chien\n|-damage|p1a: Glimmora|50\/100\n|-damage|p1b: Wo-Chien|46\/100 par\n|move|p1a: Glimmora|Power Gem|p2b: Chi-Yu\n|-supereffective|p2b: Chi-Yu\n|-damage|p2b: Chi-Yu|14\/100\n|move|p2a: Gyarados|Whirlpool|p1a: Glimmora|[miss]\n|-miss|p2a: Gyarados|p1a: Glimmora\n|cant|p1b: Wo-Chien|par\n|\n|-heal|p1b: Wo-Chien|53\/100 par|[from] item: Leftovers\n|-damage|p2a: Gyarados|31\/100 psn|[from] psn\n|upkeep\n|turn|3\n|inactive|Niqeth has 30 seconds left.\n|inactive|Niqeth has 20 seconds left.\n|inactive|Niqeth has 15 seconds left.\n|inactive|Niqeth has 10 seconds left.\n|\n|t:|1682526093\n|move|p2b: Chi-Yu|Heat Wave|p1a: Glimmora|[spread] p1a,p1b\n|-supereffective|p1a: Glimmora\n|-supereffective|p1b: Wo-Chien\n|-damage|p1a: Glimmora|0 fnt\n|-damage|p1b: Wo-Chien|2\/100 par\n|faint|p1a: Glimmora\n|move|p2a: Gyarados|Waterfall|p1b: Wo-Chien\n|-resisted|p1b: Wo-Chien\n|-damage|p1b: Wo-Chien|0 fnt\n|faint|p1b: Wo-Chien\n|\n|-damage|p2a: Gyarados|18\/100 psn|[from] psn\n|upkeep\n|\n|t:|1682526100\n|switch|p1a: Iron Bundle|Iron Bundle, L50|100\/100\n|switch|p1b: Flutter Mane|Flutter Mane, L50|100\/100\n|-enditem|p1a: Iron Bundle|Booster Energy\n|-activate|p1a: Iron Bundle|ability: Quark Drive|[fromitem]\n|-start|p1a: Iron Bundle|quarkdrivespe\n|turn|4\n|inactive|cap4816 has 30 seconds left.\n|\n|t:|1682526134\n|move|p2b: Chi-Yu|Protect|p2b: Chi-Yu\n|-singleturn|p2b: Chi-Yu|Protect\n|move|p1a: Iron Bundle|Freeze-Dry|p2a: Gyarados\n|-supereffective|p2a: Gyarados\n|-damage|p2a: Gyarados|0 fnt\n|faint|p2a: Gyarados\n|move|p1b: Flutter Mane|Moonblast|p2b: Chi-Yu\n|-activate|p2b: Chi-Yu|move: Protect\n|\n|upkeep\n|\n|t:|1682526154\n|switch|p2a: Amoonguss|Amoonguss, L50, M|100\/100\n|turn|5\n|inactive|Niqeth has 30 seconds left.\n|\n|t:|1682526185\n|move|p2a: Amoonguss|Rage Powder|p2a: Amoonguss\n|-singleturn|p2a: Amoonguss|move: Rage Powder\n|move|p1a: Iron Bundle|Freeze-Dry|p2a: Amoonguss\n|-supereffective|p2a: Amoonguss\n|-damage|p2a: Amoonguss|26\/100\n|-enditem|p2a: Amoonguss|Sitrus Berry|[eat]\n|-heal|p2a: Amoonguss|51\/100|[from] item: Sitrus Berry\n|move|p1b: Flutter Mane|Moonblast|p2a: Amoonguss\n|-resisted|p2a: Amoonguss\n|-damage|p2a: Amoonguss|10\/100\n|-unboost|p2a: Amoonguss|spa|1\n|move|p2b: Chi-Yu|Snarl|p1a: Iron Bundle|[spread] p1a,p1b\n|-damage|p1a: Iron Bundle|48\/100\n|-damage|p1b: Flutter Mane|77\/100\n|-unboost|p1a: Iron Bundle|spa|1\n|-unboost|p1b: Flutter Mane|spa|1\n|\n|upkeep\n|turn|6\n|\n|t:|1682526207\n|move|p2a: Amoonguss|Protect|p2a: Amoonguss\n|-singleturn|p2a: Amoonguss|Protect\n|move|p1a: Iron Bundle|Freeze-Dry|p2a: Amoonguss\n|-activate|p2a: Amoonguss|move: Protect\n|move|p1b: Flutter Mane|Moonblast|p2b: Chi-Yu\n|-damage|p2b: Chi-Yu|0 fnt\n|faint|p2b: Chi-Yu\n|\n|upkeep\n|\n|t:|1682526214\n|switch|p2b: Palafin|Palafin-Hero, L50, M|100\/100\n|-activate|p2b: Palafin|ability: Zero to Hero\n|turn|7\n|\n|t:|1682526228\n|-terastallize|p2b: Palafin|Water\n|move|p1a: Iron Bundle|Protect|p1a: Iron Bundle\n|-singleturn|p1a: Iron Bundle|Protect\n|move|p2a: Amoonguss|Rage Powder|p2a: Amoonguss\n|-singleturn|p2a: Amoonguss|move: Rage Powder\n|move|p2b: Palafin|Jet Punch|p1b: Flutter Mane\n|-damage|p1b: Flutter Mane|0 fnt\n|faint|p1b: Flutter Mane\n|-end|p1b: Flutter Mane|Protosynthesis|[silent]\n|\n|upkeep\n|turn|8\n|c|\u2606Niqeth|gg wp\n|\n|t:|1682526251\n|move|p2a: Amoonguss|Rage Powder|p2a: Amoonguss\n|-singleturn|p2a: Amoonguss|move: Rage Powder\n|move|p1a: Iron Bundle|Icy Wind|p2b: Palafin|[spread] p2a,p2b\n|-supereffective|p2a: Amoonguss\n|-resisted|p2b: Palafin\n|-damage|p2a: Amoonguss|0 fnt\n|-damage|p2b: Palafin|94\/100\n|-unboost|p2b: Palafin|spe|1\n|faint|p2a: Amoonguss\n|move|p2b: Palafin|Close Combat|p1a: Iron Bundle\n|-supereffective|p1a: Iron Bundle\n|-damage|p1a: Iron Bundle|0 fnt\n|-unboost|p2b: Palafin|def|1\n|-unboost|p2b: Palafin|spd|1\n|faint|p1a: Iron Bundle\n|-end|p1a: Iron Bundle|Quark Drive|[silent]\n|\n|win|cap4816\n|raw|Niqeth's rating: 1222 → 1198<\/strong> (-24 for losing)\n|raw|cap4816's rating: 1240 → 1264<\/strong> (+24 for winning)\n","uploadtime":1682526271,"views":17,"p1id":"niqeth","p2id":"cap4816","formatid":"gen9vgc2023regulationc","rating":1198,"private":0,"password":""}