{"id":"gen9vgc2023regulationc-1858826908","p1":"Blue Duck Pond","p2":"gggr45","format":"[Gen 9] VGC 2023 Regulation C","log":"|j|\u2606Blue Duck Pond\n|j|\u2606gggr45\n|t:|1683369039\n|gametype|doubles\n|player|p1|Blue Duck Pond|biker-gen4|1118\n|player|p2|gggr45|266|1128\n|teamsize|p1|6\n|teamsize|p2|6\n|gen|9\n|tier|[Gen 9] VGC 2023 Regulation C\n|rated|\n|rule|Species Clause: Limit one of each Pok\u00e9mon\n|rule|Item Clause: Limit one of each item\n|clearpoke\n|poke|p1|Gastrodon, L50, M|\n|poke|p1|Scizor, L50, M|\n|poke|p1|Kilowattrel, L50, F|\n|poke|p1|Frosmoth, L50, M|\n|poke|p1|Pelipper, L50, F|\n|poke|p1|Scovillain, L50, M|\n|poke|p2|Torkoal, L50, M|\n|poke|p2|Chi-Yu, L50|\n|poke|p2|Bronzong, L50|\n|poke|p2|Gastrodon, L50, F|\n|poke|p2|Grimmsnarl, L50, M|\n|poke|p2|Skeledirge, L50, F|\n|teampreview|4\n|\n|t:|1683369054\n|start\n|switch|p1a: Frosmoth|Frosmoth, L50, M|100\/100\n|switch|p1b: Kilowattrel|Kilowattrel, L50, F|100\/100\n|switch|p2a: Torkoal|Torkoal, L50, M|100\/100\n|switch|p2b: Grimmsnarl|Grimmsnarl, L50, M|100\/100\n|-weather|SunnyDay|[from] ability: Drought|[of] p2a: Torkoal\n|turn|1\n|inactive|Battle timer is ON: inactive players will automatically lose when time's up. (requested by gggr45)\n|\n|t:|1683369068\n|switch|p1b: Pelipper|Pelipper, L50, F|100\/100\n|-weather|RainDance|[from] ability: Drizzle|[of] p1b: Pelipper\n|move|p2b: Grimmsnarl|Fake Out|p1b: Pelipper\n|-damage|p1b: Pelipper|84\/100\n|move|p1a: Frosmoth|Quiver Dance|p1a: Frosmoth\n|-boost|p1a: Frosmoth|spa|1\n|-boost|p1a: Frosmoth|spd|1\n|-boost|p1a: Frosmoth|spe|1\n|move|p2a: Torkoal|Eruption|p1b: Pelipper|[spread] p1a,p1b\n|-supereffective|p1a: Frosmoth\n|-crit|p1a: Frosmoth\n|-resisted|p1b: Pelipper\n|-damage|p1a: Frosmoth|50\/100\n|-damage|p1b: Pelipper|74\/100\n|\n|-weather|RainDance|[upkeep]\n|upkeep\n|turn|2\n|inactive|gggr45 has 30 seconds left.\n|\n|t:|1683369096\n|switch|p2b: Gastrodon|Gastrodon, L50, F|100\/100\n|-terastallize|p1a: Frosmoth|Water\n|move|p2a: Torkoal|Protect|p2a: Torkoal\n|-singleturn|p2a: Torkoal|Protect\n|move|p1a: Frosmoth|Quiver Dance|p1a: Frosmoth\n|-boost|p1a: Frosmoth|spa|1\n|-boost|p1a: Frosmoth|spd|1\n|-boost|p1a: Frosmoth|spe|1\n|move|p1b: Pelipper|Hydro Pump|p2b: Gastrodon\n|-activate|p2b: Gastrodon|ability: Storm Drain\n|-ability|p2b: Gastrodon|Storm Drain|boost\n|-boost|p2b: Gastrodon|spa|1\n|\n|-weather|RainDance|[upkeep]\n|upkeep\n|turn|3\n|\n|t:|1683369112\n|switch|p2a: Grimmsnarl|Grimmsnarl, L50, M|100\/100\n|move|p2b: Gastrodon|Protect|p2b: Gastrodon\n|-singleturn|p2b: Gastrodon|Protect\n|move|p1a: Frosmoth|Quiver Dance|p1a: Frosmoth\n|-boost|p1a: Frosmoth|spa|1\n|-boost|p1a: Frosmoth|spd|1\n|-boost|p1a: Frosmoth|spe|1\n|move|p1b: Pelipper|Icy Wind|p2a: Grimmsnarl|[spread] p2a\n|-activate|p2b: Gastrodon|move: Protect\n|-damage|p2a: Grimmsnarl|91\/100\n|-unboost|p2a: Grimmsnarl|spe|1\n|\n|-weather|RainDance|[upkeep]\n|upkeep\n|turn|4\n|\n|t:|1683369127\n|move|p2b: Gastrodon|Protect||[still]\n|-fail|p2b: Gastrodon\n|move|p2a: Grimmsnarl|Trick|p1a: Frosmoth\n|-activate|p2a: Grimmsnarl|move: Trick|[of] p1a: Frosmoth\n|-item|p1a: Frosmoth|Lagging Tail|[from] move: Trick\n|-item|p2a: Grimmsnarl|Safety Goggles|[from] move: Trick\n|move|p1a: Frosmoth|Giga Drain|p2b: Gastrodon\n|-supereffective|p2b: Gastrodon\n|-damage|p2b: Gastrodon|0 fnt\n|-heal|p1a: Frosmoth|100\/100|[from] drain|[of] p2b: Gastrodon\n|faint|p2b: Gastrodon\n|move|p1b: Pelipper|Icy Wind|p2a: Grimmsnarl\n|-damage|p2a: Grimmsnarl|76\/100\n|-unboost|p2a: Grimmsnarl|spe|1\n|\n|-weather|RainDance|[upkeep]\n|upkeep\n|\n|t:|1683369135\n|switch|p2b: Skeledirge|Skeledirge, L50, F|100\/100\n|turn|5\n|\n|t:|1683369150\n|move|p2b: Skeledirge|Protect|p2b: Skeledirge\n|-singleturn|p2b: Skeledirge|Protect\n|move|p1b: Pelipper|Hydro Pump|p2b: Skeledirge\n|-activate|p2b: Skeledirge|move: Protect\n|move|p2a: Grimmsnarl|Spirit Break|p1b: Pelipper\n|-damage|p1b: Pelipper|33\/100\n|-unboost|p1b: Pelipper|spa|1\n|move|p1a: Frosmoth|Quiver Dance|p1a: Frosmoth\n|-boost|p1a: Frosmoth|spa|1\n|-boost|p1a: Frosmoth|spd|1\n|-boost|p1a: Frosmoth|spe|1\n|\n|-weather|RainDance|[upkeep]\n|upkeep\n|turn|6\n|\n|t:|1683369165\n|move|p2a: Grimmsnarl|Sucker Punch||[still]\n|-fail|p2a: Grimmsnarl\n|move|p2b: Skeledirge|Encore|p1a: Frosmoth\n|-start|p1a: Frosmoth|Encore\n|move|p1b: Pelipper|Roost|p1b: Pelipper\n|-heal|p1b: Pelipper|83\/100\n|-singleturn|p1b: Pelipper|move: Roost\n|move|p1a: Frosmoth|Quiver Dance|p1a: Frosmoth\n|-boost|p1a: Frosmoth|spa|1\n|-boost|p1a: Frosmoth|spd|1\n|-boost|p1a: Frosmoth|spe|1\n|\n|-weather|RainDance|[upkeep]\n|upkeep\n|turn|7\n|\n|t:|1683369181\n|move|p2b: Skeledirge|Protect|p2b: Skeledirge\n|-singleturn|p2b: Skeledirge|Protect\n|move|p1b: Pelipper|Icy Wind|p2a: Grimmsnarl|[spread] p2a\n|-activate|p2b: Skeledirge|move: Protect\n|-damage|p2a: Grimmsnarl|69\/100\n|-unboost|p2a: Grimmsnarl|spe|1\n|move|p2a: Grimmsnarl|Spirit Break|p1b: Pelipper\n|-damage|p1b: Pelipper|41\/100\n|-unboost|p1b: Pelipper|spa|1\n|move|p1a: Frosmoth|Quiver Dance|p1a: Frosmoth\n|-boost|p1a: Frosmoth|spa|1\n|-boost|p1a: Frosmoth|spd|1\n|-boost|p1a: Frosmoth|spe|1\n|\n|-weather|RainDance|[upkeep]\n|upkeep\n|turn|8\n|\n|t:|1683369192\n|switch|p1b: Scovillain|Scovillain, L50, M|100\/100\n|move|p2b: Skeledirge|Torch Song|p1b: Scovillain\n|-damage|p1b: Scovillain|73\/100\n|-boost|p2b: Skeledirge|spa|1\n|move|p2a: Grimmsnarl|Spirit Break|p1b: Scovillain\n|-resisted|p1b: Scovillain\n|-damage|p1b: Scovillain|49\/100\n|-unboost|p1b: Scovillain|spa|1\n|move|p1a: Frosmoth|Quiver Dance|p1a: Frosmoth\n|-boost|p1a: Frosmoth|spa|0\n|-boost|p1a: Frosmoth|spd|0\n|-boost|p1a: Frosmoth|spe|0\n|\n|-weather|none\n|-heal|p1b: Scovillain|55\/100|[from] item: Leftovers\n|-end|p1a: Frosmoth|Encore\n|-ability|p1b: Scovillain|Moody|boost\n|-boost|p1b: Scovillain|atk|2\n|-unboost|p1b: Scovillain|spa|1\n|upkeep\n|turn|9\n|\n|t:|1683369208\n|move|p2a: Grimmsnarl|Sucker Punch||[still]\n|-fail|p2a: Grimmsnarl\n|move|p1b: Scovillain|Leech Seed|p2b: Skeledirge\n|-start|p2b: Skeledirge|move: Leech Seed\n|move|p2b: Skeledirge|Encore|p1a: Frosmoth\n|-start|p1a: Frosmoth|Encore\n|move|p1a: Frosmoth|Quiver Dance|p1a: Frosmoth\n|-boost|p1a: Frosmoth|spa|0\n|-boost|p1a: Frosmoth|spd|0\n|-boost|p1a: Frosmoth|spe|0\n|\n|-heal|p1b: Scovillain|61\/100|[from] item: Leftovers\n|-damage|p2b: Skeledirge|88\/100|[from] Leech Seed|[of] p1b: Scovillain\n|-heal|p1b: Scovillain|79\/100|[silent]\n|-ability|p1b: Scovillain|Moody|boost\n|-boost|p1b: Scovillain|def|2\n|-unboost|p1b: Scovillain|spa|1\n|upkeep\n|turn|10\n|\n|t:|1683369219\n|switch|p2a: Torkoal|Torkoal, L50, M|100\/100\n|-weather|SunnyDay|[from] ability: Drought|[of] p2a: Torkoal\n|move|p1b: Scovillain|Leech Seed|p2a: Torkoal\n|-start|p2a: Torkoal|move: Leech Seed\n|move|p2b: Skeledirge|Torch Song|p1b: Scovillain\n|-damage|p1b: Scovillain|0 fnt\n|-boost|p2b: Skeledirge|spa|1\n|faint|p1b: Scovillain\n|move|p1a: Frosmoth|Quiver Dance|p1a: Frosmoth\n|-boost|p1a: Frosmoth|spa|0\n|-boost|p1a: Frosmoth|spd|0\n|-boost|p1a: Frosmoth|spe|0\n|\n|-weather|SunnyDay|[upkeep]\n|-heal|p2b: Skeledirge|94\/100|[from] item: Leftovers\n|upkeep\n|\n|t:|1683369229\n|switch|p1b: Pelipper|Pelipper, L50, F|41\/100\n|-weather|RainDance|[from] ability: Drizzle|[of] p1b: Pelipper\n|turn|11\n|\n|t:|1683369236\n|switch|p2a: Grimmsnarl|Grimmsnarl, L50, M|69\/100\n|move|p2b: Skeledirge|Protect|p2b: Skeledirge\n|-singleturn|p2b: Skeledirge|Protect\n|move|p1b: Pelipper|Hydro Pump|p2a: Grimmsnarl\n|-damage|p2a: Grimmsnarl|3\/100\n|move|p1a: Frosmoth|Quiver Dance|p1a: Frosmoth\n|-boost|p1a: Frosmoth|spa|0\n|-boost|p1a: Frosmoth|spd|0\n|-boost|p1a: Frosmoth|spe|0\n|\n|-weather|RainDance|[upkeep]\n|-heal|p2b: Skeledirge|99\/100|[from] item: Leftovers\n|-damage|p2b: Skeledirge|88\/100|[from] Leech Seed|[of] p1b: Pelipper\n|-heal|p1b: Pelipper|56\/100|[silent]\n|-end|p1a: Frosmoth|Encore\n|upkeep\n|turn|12\n|\n|t:|1683369248\n|move|p2a: Grimmsnarl|Fake Out|p1b: Pelipper\n|-damage|p1b: Pelipper|41\/100\n|move|p2b: Skeledirge|Encore|p1a: Frosmoth\n|-start|p1a: Frosmoth|Encore\n|cant|p1b: Pelipper|flinch\n|move|p1a: Frosmoth|Quiver Dance|p1a: Frosmoth\n|-boost|p1a: Frosmoth|spa|0\n|-boost|p1a: Frosmoth|spd|0\n|-boost|p1a: Frosmoth|spe|0\n|\n|-weather|RainDance|[upkeep]\n|-heal|p2b: Skeledirge|94\/100|[from] item: Leftovers\n|-damage|p2b: Skeledirge|82\/100|[from] Leech Seed|[of] p1b: Pelipper\n|-heal|p1b: Pelipper|56\/100|[silent]\n|upkeep\n|turn|13\n|\n|t:|1683369256\n|switch|p2a: Torkoal|Torkoal, L50, M|100\/100\n|-weather|SunnyDay|[from] ability: Drought|[of] p2a: Torkoal\n|move|p2b: Skeledirge|Torch Song|p1b: Pelipper\n|-resisted|p1b: Pelipper\n|-damage|p1b: Pelipper|0 fnt\n|-boost|p2b: Skeledirge|spa|1\n|faint|p1b: Pelipper\n|move|p1a: Frosmoth|Quiver Dance|p1a: Frosmoth\n|-boost|p1a: Frosmoth|spa|0\n|-boost|p1a: Frosmoth|spd|0\n|-boost|p1a: Frosmoth|spe|0\n|\n|-weather|SunnyDay|[upkeep]\n|-heal|p2b: Skeledirge|87\/100|[from] item: Leftovers\n|upkeep\n|\n|t:|1683369265\n|switch|p1b: Kilowattrel|Kilowattrel, L50, F|100\/100\n|turn|14\n|\n|t:|1683369278\n|switch|p2a: Grimmsnarl|Grimmsnarl, L50, M|3\/100\n|move|p1b: Kilowattrel|Air Cutter|p2b: Skeledirge|[spread] p2a,p2b\n|-damage|p2a: Grimmsnarl|0 fnt\n|-damage|p2b: Skeledirge|55\/100\n|faint|p2a: Grimmsnarl\n|move|p2b: Skeledirge|Torch Song|p1b: Kilowattrel\n|-damage|p1b: Kilowattrel|0 fnt\n|-boost|p2b: Skeledirge|spa|1\n|faint|p1b: Kilowattrel\n|move|p1a: Frosmoth|Quiver Dance|p1a: Frosmoth\n|-boost|p1a: Frosmoth|spa|0\n|-boost|p1a: Frosmoth|spd|0\n|-boost|p1a: Frosmoth|spe|0\n|\n|-weather|SunnyDay|[upkeep]\n|-heal|p2b: Skeledirge|61\/100|[from] item: Leftovers\n|-end|p1a: Frosmoth|Encore\n|upkeep\n|\n|t:|1683369283\n|switch|p2a: Torkoal|Torkoal, L50, M|100\/100\n|turn|15\n|\n|t:|1683369298\n|move|p2b: Skeledirge|Encore|p1a: Frosmoth\n|-start|p1a: Frosmoth|Encore\n|move|p2a: Torkoal|Body Press|p1a: Frosmoth\n|-damage|p1a: Frosmoth|54\/100\n|move|p1a: Frosmoth|Quiver Dance|p1a: Frosmoth\n|-boost|p1a: Frosmoth|spa|0\n|-boost|p1a: Frosmoth|spd|0\n|-boost|p1a: Frosmoth|spe|0\n|\n|-weather|SunnyDay|[upkeep]\n|-heal|p2b: Skeledirge|67\/100|[from] item: Leftovers\n|upkeep\n|turn|16\n|\n|t:|1683369304\n|move|p2b: Skeledirge|Torch Song|p1a: Frosmoth\n|-resisted|p1a: Frosmoth\n|-damage|p1a: Frosmoth|44\/100\n|-boost|p2b: Skeledirge|spa|1\n|move|p2a: Torkoal|Body Press|p1a: Frosmoth\n|-crit|p1a: Frosmoth\n|-damage|p1a: Frosmoth|0 fnt\n|faint|p1a: Frosmoth\n|\n|win|gggr45\n|raw|Blue Duck Pond's rating: 1118 → 1094<\/strong> (-24 for losing)\n|raw|gggr45's rating: 1128 → 1152<\/strong> (+24 for winning)\n|l|\u2606Blue Duck Pond\n","uploadtime":1683369308,"views":15,"p1id":"blueduckpond","p2id":"gggr45","formatid":"gen9vgc2023regulationc","rating":1094,"private":0,"password":""}