{"id":"gen9vgc2023regulationc-1862278842","p1":"stack of pancake","p2":"Twintwee","format":"[Gen 9] VGC 2023 Regulation C","log":"|j|\u2606stack of pancake\n|j|\u2606Twintwee\n|t:|1683858868\n|gametype|doubles\n|player|p1|stack of pancake|steven|1372\n|player|p2|Twintwee|2|1331\n|teamsize|p1|6\n|teamsize|p2|6\n|gen|9\n|tier|[Gen 9] VGC 2023 Regulation C\n|rated|\n|rule|Species Clause: Limit one of each Pok\u00e9mon\n|rule|Item Clause: Limit one of each item\n|clearpoke\n|poke|p1|Murkrow, L50, M|\n|poke|p1|Flutter Mane, L50|\n|poke|p1|Great Tusk, L50|\n|poke|p1|Amoonguss, L50, F|\n|poke|p1|Dragonite, L50, F|\n|poke|p1|Chien-Pao, L50|\n|poke|p2|Iron Moth, L50|\n|poke|p2|Gholdengo, L50|\n|poke|p2|Corviknight, L50, F|\n|poke|p2|Grimmsnarl, L50, M|\n|poke|p2|Annihilape, L50, M|\n|poke|p2|Ting-Lu, L50|\n|teampreview|4\nstack of pancake has agreed to open team sheets.\n|\n|t:|1683858909\n|start\n|switch|p1a: Dragonite|Dragonite, L50, F|100\/100\n|switch|p1b: Great Tusk|Great Tusk, L50|100\/100\n|switch|p2a: Grimmsnarl|Grimmsnarl, L50, M|100\/100\n|switch|p2b: Iron Moth|Iron Moth, L50|100\/100\n|-enditem|p2b: Iron Moth|Booster Energy\n|-activate|p2b: Iron Moth|ability: Quark Drive|[fromitem]\n|-start|p2b: Iron Moth|quarkdrivespa\n|turn|1\n|\n|t:|1683858969\n|-terastallize|p1b: Great Tusk|Fire\n|-terastallize|p2b: Iron Moth|Grass\n|move|p2a: Grimmsnarl|Fake Out|p1a: Dragonite\n|-damage|p1a: Dragonite|96\/100\n|move|p1b: Great Tusk|Earthquake|p2b: Iron Moth|[spread] p2a,p2b\n|-immune|p1a: Dragonite\n|-resisted|p2b: Iron Moth\n|-damage|p2a: Grimmsnarl|43\/100\n|-damage|p2b: Iron Moth|64\/100\n|move|p2b: Iron Moth|Energy Ball|p1b: Great Tusk\n|-resisted|p1b: Great Tusk\n|-damage|p1b: Great Tusk|48\/100\n|cant|p1a: Dragonite|flinch\n|\n|upkeep\n|turn|2\n|\n|t:|1683858988\n|move|p2b: Iron Moth|Protect|p2b: Iron Moth\n|-singleturn|p2b: Iron Moth|Protect\n|move|p1a: Dragonite|Extreme Speed|p2b: Iron Moth\n|-activate|p2b: Iron Moth|move: Protect\n|move|p2a: Grimmsnarl|Reflect|p2a: Grimmsnarl\n|-sidestart|p2: Twintwee|Reflect\n|move|p1b: Great Tusk|Earthquake|p2b: Iron Moth|[spread] p2a\n|-activate|p2b: Iron Moth|move: Protect\n|-immune|p1a: Dragonite\n|-damage|p2a: Grimmsnarl|6\/100\n|\n|upkeep\n|turn|3\n|\n|t:|1683859007\n|-end|p2b: Iron Moth|Quark Drive|[silent]\n|switch|p2b: Corviknight|Corviknight, L50, F|100\/100\n|move|p1a: Dragonite|Extreme Speed|p2b: Corviknight\n|-resisted|p2b: Corviknight\n|-damage|p2b: Corviknight|86\/100\n|move|p2a: Grimmsnarl|Light Screen|p2a: Grimmsnarl\n|-sidestart|p2: Twintwee|move: Light Screen\n|move|p1b: Great Tusk|Earthquake|p2b: Corviknight|[spread] p2a\n|-immune|p1a: Dragonite\n|-immune|p2b: Corviknight\n|-damage|p2a: Grimmsnarl|0 fnt\n|faint|p2a: Grimmsnarl\n|\n|upkeep\n|\n|t:|1683859023\n|switch|p2a: Iron Moth|Iron Moth, L50, tera:Grass|64\/100\n|turn|4\n|\n|t:|1683859059\n|move|p2a: Iron Moth|Protect|p2a: Iron Moth\n|-singleturn|p2a: Iron Moth|Protect\n|move|p1a: Dragonite|Extreme Speed|p2a: Iron Moth\n|-activate|p2a: Iron Moth|move: Protect\n|move|p1b: Great Tusk|Earthquake|p2b: Corviknight|[spread] \n|-activate|p2a: Iron Moth|move: Protect\n|-immune|p1a: Dragonite\n|-immune|p2b: Corviknight\n|move|p2b: Corviknight|Tailwind|p2b: Corviknight\n|-sidestart|p2: Twintwee|move: Tailwind\n|\n|upkeep\n|turn|5\n|\n|t:|1683859084\n|move|p1a: Dragonite|Extreme Speed|p2a: Iron Moth\n|-damage|p2a: Iron Moth|14\/100\n|move|p2a: Iron Moth|Sludge Wave|p1b: Great Tusk|[spread] p1a,p1b\n|-immune|p2b: Corviknight\n|-damage|p1a: Dragonite|56\/100\n|-damage|p1b: Great Tusk|0 fnt\n|faint|p1b: Great Tusk\n|-end|p1b: Great Tusk|Protosynthesis|[silent]\n|move|p2b: Corviknight|Brave Bird|p1a: Dragonite\n|-damage|p1a: Dragonite|13\/100\n|-damage|p2b: Corviknight|73\/100|[from] Recoil\n|\n|upkeep\n|\n|t:|1683859099\n|switch|p1b: Flutter Mane|Flutter Mane, L50|100\/100\n|turn|6\n|\n|t:|1683859119\n|move|p2a: Iron Moth|Protect|p2a: Iron Moth\n|-singleturn|p2a: Iron Moth|Protect\n|move|p1a: Dragonite|Extreme Speed|p2a: Iron Moth\n|-activate|p2a: Iron Moth|move: Protect\n|move|p2b: Corviknight|Brave Bird|p1a: Dragonite\n|-damage|p1a: Dragonite|0 fnt\n|faint|p1a: Dragonite\n|-damage|p2b: Corviknight|69\/100|[from] Recoil\n|move|p1b: Flutter Mane|Thunderbolt|p2b: Corviknight\n|-supereffective|p2b: Corviknight\n|-damage|p2b: Corviknight|10\/100\n|\n|upkeep\n|\n|t:|1683859132\n|switch|p1a: Chien-Pao|Chien-Pao, L50|100\/100\n|-ability|p1a: Chien-Pao|Sword of Ruin\n|turn|7\n|\n|t:|1683859156\n|move|p1a: Chien-Pao|Sucker Punch|p2a: Iron Moth\n|-damage|p2a: Iron Moth|0 fnt\n|faint|p2a: Iron Moth\n|-end|p2a: Iron Moth|Quark Drive|[silent]\n|-damage|p1a: Chien-Pao|91\/100|[from] item: Life Orb\n|move|p2b: Corviknight|Brave Bird|p1a: Chien-Pao\n|-damage|p1a: Chien-Pao|27\/100\n|-damage|p2b: Corviknight|0 fnt|[from] Recoil\n|faint|p2b: Corviknight\n|move|p1b: Flutter Mane|Thunderbolt|p2: Iron Moth|[notarget]\n|-fail|p1b: Flutter Mane\n|\n|-sideend|p2: Twintwee|move: Tailwind\n|upkeep\n|\n|t:|1683859158\n|switch|p2b: Gholdengo|Gholdengo, L50|100\/100\n|turn|8\n|\n|t:|1683859178\n|move|p1a: Chien-Pao|Sucker Punch|p2b: Gholdengo\n|-supereffective|p2b: Gholdengo\n|-damage|p2b: Gholdengo|17\/100\n|-enditem|p2b: Gholdengo|Sitrus Berry|[eat]\n|-heal|p2b: Gholdengo|42\/100|[from] item: Sitrus Berry\n|-damage|p1a: Chien-Pao|17\/100|[from] item: Life Orb\n|move|p1b: Flutter Mane|Thunderbolt|p2b: Gholdengo\n|-damage|p2b: Gholdengo|12\/100\n|move|p2b: Gholdengo|Make It Rain|p1a: Chien-Pao|[spread] p1a,p1b\n|-supereffective|p1a: Chien-Pao\n|-supereffective|p1b: Flutter Mane\n|-damage|p1a: Chien-Pao|0 fnt\n|-damage|p1b: Flutter Mane|19\/100\n|-unboost|p2b: Gholdengo|spa|1\n|faint|p1a: Chien-Pao\n|\n|upkeep\n|turn|9\n|\n|t:|1683859194\n|move|p1b: Flutter Mane|Thunderbolt|p2b: Gholdengo\n|-damage|p2b: Gholdengo|0 fnt\n|faint|p2b: Gholdengo\n|\n|win|stack of pancake\n|raw|stack of pancake's rating: 1372 → 1390<\/strong> (+18 for winning)\n|raw|Twintwee's rating: 1331 → 1313<\/strong> (-18 for losing)\n|l|\u2606Twintwee\n","uploadtime":1683859200,"views":16,"p1id":"stackofpancake","p2id":"twintwee","formatid":"gen9vgc2023regulationc","rating":1313,"private":0,"password":""}