{"id":"gen9vgc2023regulationc-1851749960","p1":"daveboy77","p2":"anchelados","format":"[Gen 9] VGC 2023 Regulation C","log":"|j|\u2606daveboy77\n|j|\u2606anchelados\n|t:|1682477915\n|gametype|doubles\n|player|p1|daveboy77|alder|1606\n|player|p2|anchelados|preschooler|1559\n|teamsize|p1|6\n|teamsize|p2|6\n|gen|9\n|tier|[Gen 9] VGC 2023 Regulation C\n|rated|\n|rule|Species Clause: Limit one of each Pok\u00e9mon\n|rule|Item Clause: Limit one of each item\n|clearpoke\n|poke|p1|Iron Treads, L50|\n|poke|p1|Rotom-Wash, L50|\n|poke|p1|Gallade, L50, M|\n|poke|p1|Gengar, L50, M|\n|poke|p1|Dragonite, L50, M|\n|poke|p1|Scovillain, L50, M|\n|poke|p2|Iron Treads, L50|\n|poke|p2|Glimmora, L50, F|\n|poke|p2|Dragonite, L50, M|\n|poke|p2|Chien-Pao, L50|\n|poke|p2|Scream Tail, L50|\n|poke|p2|Rotom-Wash, L50|\n|teampreview|4\n|\n|t:|1682477947\n|start\n|switch|p1a: Dragonite|Dragonite, L50, M|100\/100\n|switch|p1b: Iron Treads|Iron Treads, L50|100\/100\n|switch|p2a: Scream Tail|Scream Tail, L50|100\/100\n|switch|p2b: Dragonite|Dragonite, L50, M|100\/100\n|-enditem|p1b: Iron Treads|Booster Energy\n|-activate|p1b: Iron Treads|ability: Quark Drive|[fromitem]\n|-start|p1b: Iron Treads|quarkdriveatk\n|turn|1\n|\n|t:|1682477964\n|-end|p2a: Scream Tail|Protosynthesis|[silent]\n|switch|p2a: Rotom|Rotom-Wash, L50|100\/100\n|move|p1b: Iron Treads|Ice Spinner|p2b: Dragonite\n|-supereffective|p2b: Dragonite\n|-damage|p2b: Dragonite|25\/100\n|move|p2b: Dragonite|Low Kick|p1b: Iron Treads\n|-supereffective|p1b: Iron Treads\n|-damage|p1b: Iron Treads|24\/100\n|move|p1a: Dragonite|Tailwind|p1a: Dragonite\n|-sidestart|p1: daveboy77|move: Tailwind\n|\n|upkeep\n|turn|2\n|\n|t:|1682477993\n|move|p1a: Dragonite|Helping Hand|p1b: Iron Treads\n|-singleturn|p1b: Iron Treads|Helping Hand|[of] p1a: Dragonite\n|move|p2b: Dragonite|Extreme Speed|p1a: Dragonite\n|-damage|p1a: Dragonite|88\/100\n|move|p1b: Iron Treads|Rock Slide|p2a: Rotom|[spread] p2a,p2b\n|-supereffective|p2b: Dragonite\n|-damage|p2a: Rotom|67\/100\n|-damage|p2b: Dragonite|0 fnt\n|faint|p2b: Dragonite\n|move|p2a: Rotom|Hydro Pump|p1b: Iron Treads\n|-supereffective|p1b: Iron Treads\n|-damage|p1b: Iron Treads|0 fnt\n|faint|p1b: Iron Treads\n|-end|p1b: Iron Treads|Quark Drive|[silent]\n|\n|-heal|p1a: Dragonite|94\/100|[from] item: Leftovers\n|upkeep\n|\n|t:|1682478008\n|switch|p1b: Scovillain|Scovillain, L50, M|100\/100\n|switch|p2b: Scream Tail|Scream Tail, L50|100\/100\n|turn|3\n|\n|t:|1682478046\n|move|p2a: Rotom|Protect|p2a: Rotom\n|-singleturn|p2a: Rotom|Protect\n|move|p1a: Dragonite|Extreme Speed|p2b: Scream Tail\n|-damage|p2b: Scream Tail|84\/100\n|move|p1b: Scovillain|Giga Drain|p2a: Rotom\n|-activate|p2a: Rotom|move: Protect\n|move|p2b: Scream Tail|Thunder Wave|p1b: Scovillain|[miss]\n|-miss|p2b: Scream Tail|p1b: Scovillain\n|\n|-heal|p1a: Dragonite|99\/100|[from] item: Leftovers\n|-ability|p1b: Scovillain|Moody|boost\n|-boost|p1b: Scovillain|spa|2\n|-unboost|p1b: Scovillain|spe|1\n|upkeep\n|turn|4\n|\n|t:|1682478069\n|-terastallize|p2a: Rotom|Grass\n|move|p1a: Dragonite|Encore|p2a: Rotom\n|-start|p2a: Rotom|Encore\n|move|p2b: Scream Tail|Thunder Wave|p1b: Scovillain\n|-status|p1b: Scovillain|par\n|move|p2a: Rotom|Protect||[still]\n|-fail|p2a: Rotom\n|move|p1b: Scovillain|Substitute|p1b: Scovillain\n|-start|p1b: Scovillain|Substitute\n|-damage|p1b: Scovillain|75\/100 par\n|\n|-heal|p1a: Dragonite|100\/100|[from] item: Leftovers\n|-sideend|p1: daveboy77|move: Tailwind\n|-ability|p1b: Scovillain|Moody|boost\n|-boost|p1b: Scovillain|def|2\n|-unboost|p1b: Scovillain|atk|1\n|upkeep\n|turn|5\n|\n|t:|1682478086\n|switch|p2a: Iron Treads|Iron Treads, L50|100\/100\n|-enditem|p2a: Iron Treads|Booster Energy\n|-activate|p2a: Iron Treads|ability: Quark Drive|[fromitem]\n|-start|p2a: Iron Treads|quarkdrivespe\n|move|p2b: Scream Tail|Encore|p1b: Scovillain\n|-start|p1b: Scovillain|Encore\n|move|p1a: Dragonite|Tailwind|p1a: Dragonite\n|-sidestart|p1: daveboy77|move: Tailwind\n|move|p1b: Scovillain|Substitute|p1b: Scovillain\n|-fail|p1b: Scovillain|move: Substitute\n|\n|-ability|p1b: Scovillain|Moody|boost\n|-boost|p1b: Scovillain|spa|2\n|-unboost|p1b: Scovillain|atk|1\n|upkeep\n|turn|6\n|\n|t:|1682478103\n|switch|p1b: Rotom|Rotom-Wash, L50|100\/100\n|move|p2a: Iron Treads|Iron Head|p1a: Dragonite\n|-damage|p1a: Dragonite|85\/100\n|cant|p1a: Dragonite|flinch\n|move|p2b: Scream Tail|Howl|p2b: Scream Tail|[spread] p2a,p2b\n|-boost|p2a: Iron Treads|atk|1\n|-boost|p2b: Scream Tail|atk|1\n|\n|-heal|p1a: Dragonite|91\/100|[from] item: Leftovers\n|upkeep\n|turn|7\n|\n|t:|1682478117\n|move|p2a: Iron Treads|Protect|p2a: Iron Treads\n|-singleturn|p2a: Iron Treads|Protect\n|move|p1b: Rotom|Hydro Pump|p2a: Iron Treads\n|-activate|p2a: Iron Treads|move: Protect\n|move|p1a: Dragonite|Encore|p2b: Scream Tail\n|-start|p2b: Scream Tail|Encore\n|move|p2b: Scream Tail|Howl|p2b: Scream Tail|[spread] p2a,p2b\n|-boost|p2a: Iron Treads|atk|1\n|-boost|p2b: Scream Tail|atk|1\n|\n|-heal|p1a: Dragonite|97\/100|[from] item: Leftovers\n|upkeep\n|turn|8\n|\n|t:|1682478138\n|move|p2a: Iron Treads|Wild Charge|p1b: Rotom\n|-damage|p1b: Rotom|43\/100\n|-damage|p2a: Iron Treads|87\/100|[from] Recoil\n|move|p1b: Rotom|Hydro Pump|p2a: Iron Treads\n|-supereffective|p2a: Iron Treads\n|-damage|p2a: Iron Treads|0 fnt\n|faint|p2a: Iron Treads\n|-end|p2a: Iron Treads|Quark Drive|[silent]\n|move|p1a: Dragonite|Encore||[still]\n|-fail|p1a: Dragonite\n|move|p2b: Scream Tail|Howl|p2b: Scream Tail\n|-boost|p2b: Scream Tail|atk|1\n|\n|-heal|p1a: Dragonite|100\/100|[from] item: Leftovers\n|-sideend|p1: daveboy77|move: Tailwind\n|upkeep\n|\n|t:|1682478140\n|switch|p2a: Rotom|Rotom-Wash, L50, tera:Grass|67\/100\n|turn|9\n|\n|t:|1682478158\n|move|p2b: Scream Tail|Howl|p2b: Scream Tail|[spread] p2a,p2b\n|-boost|p2a: Rotom|atk|1\n|-boost|p2b: Scream Tail|atk|1\n|move|p2a: Rotom|Thunderbolt|p1a: Dragonite\n|-damage|p1a: Dragonite|87\/100\n|move|p1b: Rotom|Hydro Pump|p2b: Scream Tail\n|-damage|p2b: Scream Tail|51\/100\n|move|p1a: Dragonite|Tailwind|p1a: Dragonite\n|-sidestart|p1: daveboy77|move: Tailwind\n|\n|-heal|p1a: Dragonite|93\/100|[from] item: Leftovers\n|-end|p2b: Scream Tail|Encore\n|upkeep\n|turn|10\n|\n|t:|1682478191\n|move|p1b: Rotom|Charge Beam|p2a: Rotom\n|-resisted|p2a: Rotom\n|-damage|p2a: Rotom|54\/100\n|move|p1a: Dragonite|Encore|p2b: Scream Tail\n|-start|p2b: Scream Tail|Encore\n|move|p2b: Scream Tail|Howl|p2b: Scream Tail|[spread] p2a,p2b\n|-boost|p2a: Rotom|atk|1\n|-boost|p2b: Scream Tail|atk|1\n|move|p2a: Rotom|Thunderbolt|p1a: Dragonite\n|-damage|p1a: Dragonite|67\/100\n|\n|-heal|p1a: Dragonite|73\/100|[from] item: Leftovers\n|upkeep\n|turn|11\n|\n|t:|1682478211\n|switch|p1b: Scovillain|Scovillain, L50, M|75\/100 par\n|move|p1a: Dragonite|Extreme Speed|p2a: Rotom\n|-damage|p2a: Rotom|31\/100\n|-enditem|p2a: Rotom|Sitrus Berry|[eat]\n|-heal|p2a: Rotom|56\/100|[from] item: Sitrus Berry\n|move|p2b: Scream Tail|Howl|p2b: Scream Tail|[spread] p2a,p2b\n|-boost|p2a: Rotom|atk|1\n|-boost|p2b: Scream Tail|atk|1\n|move|p2a: Rotom|Thunderbolt|p1b: Scovillain\n|-resisted|p1b: Scovillain\n|-damage|p1b: Scovillain|53\/100 par\n|\n|-heal|p1a: Dragonite|79\/100|[from] item: Leftovers\n|-ability|p1b: Scovillain|Moody|boost\n|-boost|p1b: Scovillain|def|2\n|-unboost|p1b: Scovillain|spd|1\n|upkeep\n|turn|12\n|\n|t:|1682478237\n|-terastallize|p1a: Dragonite|Normal\n|move|p1b: Scovillain|Protect|p1b: Scovillain\n|-singleturn|p1b: Scovillain|Protect\n|move|p1a: Dragonite|Extreme Speed|p2a: Rotom\n|-damage|p2a: Rotom|23\/100\n|move|p2b: Scream Tail|Howl|p2b: Scream Tail|[spread] p2a,p2b\n|-boost|p2a: Rotom|atk|1\n|-boost|p2b: Scream Tail|atk|0\n|move|p2a: Rotom|Hydro Pump|p1b: Scovillain\n|-activate|p1b: Scovillain|move: Protect\n|\n|-heal|p1a: Dragonite|85\/100|[from] item: Leftovers\n|-end|p2b: Scream Tail|Encore\n|-sideend|p1: daveboy77|move: Tailwind\n|-ability|p1b: Scovillain|Moody|boost\n|-boost|p1b: Scovillain|spe|2\n|-unboost|p1b: Scovillain|spd|1\n|upkeep\n|turn|13\n|\n|t:|1682478263\n|switch|p1b: Rotom|Rotom-Wash, L50|43\/100\n|move|p2a: Rotom|Protect|p2a: Rotom\n|-singleturn|p2a: Rotom|Protect\n|move|p1a: Dragonite|Extreme Speed|p2a: Rotom\n|-activate|p2a: Rotom|move: Protect\n|move|p2b: Scream Tail|Play Rough|p1a: Dragonite\n|-damage|p1a: Dragonite|11\/100\n|\n|-heal|p1a: Dragonite|17\/100|[from] item: Leftovers\n|upkeep\n|turn|14\n|\n|t:|1682478278\n|move|p1a: Dragonite|Extreme Speed|p2a: Rotom\n|-damage|p2a: Rotom|0 fnt\n|faint|p2a: Rotom\n|move|p2b: Scream Tail|Play Rough|p1a: Dragonite\n|-damage|p1a: Dragonite|0 fnt\n|faint|p1a: Dragonite\n|move|p1b: Rotom|Hydro Pump|p2b: Scream Tail\n|-damage|p2b: Scream Tail|16\/100\n|\n|upkeep\n|\n|t:|1682478287\n|switch|p1a: Scovillain|Scovillain, L50, M|53\/100 par\n|turn|15\n|j| merah merona\n|\n|t:|1682478296\n|move|p2b: Scream Tail|Play Rough|p1b: Rotom\n|-damage|p1b: Rotom|0 fnt\n|faint|p1b: Rotom\n|move|p1a: Scovillain|Giga Drain|p2b: Scream Tail\n|-damage|p2b: Scream Tail|0 fnt\n|-heal|p1a: Scovillain|63\/100 par|[from] drain|[of] p2b: Scream Tail\n|faint|p2b: Scream Tail\n|-end|p2b: Scream Tail|Protosynthesis|[silent]\n|\n|win|daveboy77\n|raw|daveboy77's rating: 1606 → 1623<\/strong> (+17 for winning)\n|raw|anchelados's rating: 1559 → 1542<\/strong> (-17 for losing)\n|l|\u2606anchelados\n|l|\u2606daveboy77\n","uploadtime":1682478478,"views":7,"p1id":"daveboy77","p2id":"anchelados","formatid":"gen9vgc2023regulationc","rating":1542,"private":0,"password":""}