{"id":"gen9vgc2023regulationc-1851002180","p1":"icedragonkid105","p2":"lavingui","format":"[Gen 9] VGC 2023 Regulation C","log":"|j|\u2606icedragonkid105\n|j|\u2606lavingui\n|t:|1682392500\n|gametype|doubles\n|player|p1|icedragonkid105|policeman-gen4|1138\n|player|p2|lavingui|misty|1126\n|teamsize|p1|6\n|teamsize|p2|6\n|gen|9\n|tier|[Gen 9] VGC 2023 Regulation C\n|rated|\n|rule|Species Clause: Limit one of each Pok\u00e9mon\n|rule|Item Clause: Limit one of each item\n|clearpoke\n|poke|p1|Baxcalibur, L50, M|\n|poke|p1|Flutter Mane, L50|\n|poke|p1|Chi-Yu, L50|\n|poke|p1|Gastrodon-East, L50, F|\n|poke|p1|Iron Bundle, L50|\n|poke|p1|Arcanine, L50, M|\n|poke|p2|Palafin, L50, M|\n|poke|p2|Amoonguss, L50, F|\n|poke|p2|Arcanine, L50, M|\n|poke|p2|Baxcalibur, L50, F|\n|poke|p2|Ting-Lu, L50|\n|poke|p2|Iron Hands, L50|\n|teampreview|4\n|\n|t:|1682392534\n|start\n|switch|p1a: Wreckingball|Chi-Yu, L50|100\/100\n|switch|p1b: Glacius|Baxcalibur, L50, M|100\/100\n|switch|p2a: Arcanine|Arcanine, L50, M|100\/100\n|switch|p2b: Palafin|Palafin, L50, M|100\/100\n|-ability|p1a: Wreckingball|Beads of Ruin\n|-ability|p2a: Arcanine|Intimidate|boost\n|-unboost|p1a: Wreckingball|atk|1\n|-fail|p1b: Glacius|unboost|[from] item: Clear Amulet|[of] p1b: Glacius\n|turn|1\n|\n|t:|1682392556\n|switch|p1a: Pali-who|Gastrodon-East, L50, F|100\/100\n|detailschange|p2b: Palafin|Palafin-Hero, L50, M\n|switch|p2b: Iron Hands|Iron Hands, L50|100\/100\n|move|p2a: Arcanine|Close Combat|p1a: Pali-who\n|-damage|p1a: Pali-who|56\/100\n|-unboost|p2a: Arcanine|def|1\n|-unboost|p2a: Arcanine|spd|1\n|move|p1b: Glacius|Glaive Rush|p2b: Iron Hands\n|-damage|p2b: Iron Hands|52\/100\n|-singlemove|p1b: Glacius|Glaive Rush|[silent]\n|\n|upkeep\n|turn|2\n|\n|t:|1682392580\n|move|p1b: Glacius|Protect|p1b: Glacius\n|-singleturn|p1b: Glacius|Protect\n|move|p1a: Pali-who|Protect|p1a: Pali-who\n|-singleturn|p1a: Pali-who|Protect\n|move|p2b: Iron Hands|Fake Out|p1a: Pali-who\n|-activate|p1a: Pali-who|move: Protect\n|move|p2a: Arcanine|Close Combat|p1b: Glacius\n|-activate|p1b: Glacius|move: Protect\n|\n|upkeep\n|turn|3\n|\n|t:|1682392608\n|move|p2a: Arcanine|Howl|p2a: Arcanine|[spread] p2a,p2b\n|-boost|p2a: Arcanine|atk|1\n|-boost|p2b: Iron Hands|atk|1\n|move|p1b: Glacius|Glaive Rush|p2a: Arcanine\n|-damage|p2a: Arcanine|0 fnt\n|-singlemove|p1b: Glacius|Glaive Rush|[silent]\n|faint|p2a: Arcanine\n|move|p2b: Iron Hands|Wild Charge|p1b: Glacius\n|-resisted|p1b: Glacius\n|-damage|p1b: Glacius|27\/100\n|-damage|p2b: Iron Hands|37\/100|[from] Recoil\n|move|p1a: Pali-who|Earth Power|p2b: Iron Hands\n|-supereffective|p2b: Iron Hands\n|-damage|p2b: Iron Hands|2\/100\n|\n|upkeep\n|\n|t:|1682392639\n|switch|p2a: Baxcalibur|Baxcalibur, L50, F|100\/100\n|turn|4\n|\n|t:|1682392670\n|switch|p1b: K-9|Arcanine, L50, M|100\/100\n|-ability|p1b: K-9|Intimidate|boost\n|-unboost|p2a: Baxcalibur|atk|1\n|-unboost|p2b: Iron Hands|atk|1\n|move|p2a: Baxcalibur|Ice Shard|p1b: K-9\n|-resisted|p1b: K-9\n|-damage|p1b: K-9|90\/100\n|move|p2b: Iron Hands|Close Combat|p1a: Pali-who\n|-damage|p1a: Pali-who|0 fnt\n|-unboost|p2b: Iron Hands|def|1\n|-unboost|p2b: Iron Hands|spd|1\n|faint|p1a: Pali-who\n|\n|upkeep\n|\n|t:|1682392683\n|switch|p1a: Wreckingball|Chi-Yu, L50|100\/100\n|-ability|p1a: Wreckingball|Beads of Ruin\n|turn|5\n|\n|t:|1682392701\n|move|p2a: Baxcalibur|Protect|p2a: Baxcalibur\n|-singleturn|p2a: Baxcalibur|Protect\n|move|p1a: Wreckingball|Heat Wave|p2a: Baxcalibur|[spread] p2b\n|-activate|p2a: Baxcalibur|move: Protect\n|-damage|p2b: Iron Hands|0 fnt\n|faint|p2b: Iron Hands\n|-end|p2b: Iron Hands|Quark Drive|[silent]\n|move|p1b: K-9|Flare Blitz|p2a: Baxcalibur\n|-activate|p2a: Baxcalibur|move: Protect\n|\n|upkeep\n|\n|t:|1682392712\n|switch|p2b: Palafin|Palafin-Hero, L50, M|100\/100\n|-activate|p2b: Palafin|ability: Zero to Hero\n|turn|6\n|\n|t:|1682392724\n|switch|p1a: Glacius|Baxcalibur, L50, M|27\/100\n|move|p2b: Palafin|Substitute|p2b: Palafin\n|-start|p2b: Palafin|Substitute\n|-damage|p2b: Palafin|76\/100\n|move|p2a: Baxcalibur|Glaive Rush|p1b: K-9\n|-damage|p1b: K-9|28\/100\n|-singlemove|p2a: Baxcalibur|Glaive Rush|[silent]\n|move|p1b: K-9|Will-O-Wisp||[still]\n|-fail|p1b: K-9\n|\n|-heal|p2b: Palafin|82\/100|[from] item: Leftovers\n|upkeep\n|turn|7\n|\n|t:|1682392748\n|move|p2a: Baxcalibur|Protect|p2a: Baxcalibur\n|-singleturn|p2a: Baxcalibur|Protect\n|move|p2b: Palafin|Jet Punch|p1b: K-9\n|-supereffective|p1b: K-9\n|-damage|p1b: K-9|0 fnt\n|faint|p1b: K-9\n|move|p1a: Glacius|Glaive Rush|p2a: Baxcalibur\n|-activate|p2a: Baxcalibur|move: Protect\n|\n|-heal|p2b: Palafin|87\/100|[from] item: Leftovers\n|upkeep\n|\n|t:|1682392760\n|switch|p1b: Wreckingball|Chi-Yu, L50|100\/100\n|-ability|p1b: Wreckingball|Beads of Ruin\n|turn|8\n|\n|t:|1682392773\n|-terastallize|p1b: Wreckingball|Grass\n|-terastallize|p2b: Palafin|Water\n|move|p2a: Baxcalibur|Ice Shard|p1a: Glacius\n|-damage|p1a: Glacius|11\/100\n|move|p1b: Wreckingball|Tera Blast|p2b: Palafin\n|-supereffective|p2b: Palafin\n|-end|p2b: Palafin|Substitute\n|move|p2b: Palafin|Wave Crash|p1b: Wreckingball\n|-resisted|p1b: Wreckingball\n|-damage|p1b: Wreckingball|23\/100\n|-damage|p2b: Palafin|66\/100|[from] Recoil\n|move|p1a: Glacius|Glaive Rush|p2a: Baxcalibur\n|-supereffective|p2a: Baxcalibur\n|-damage|p2a: Baxcalibur|0 fnt\n|-singlemove|p1a: Glacius|Glaive Rush|[silent]\n|faint|p2a: Baxcalibur\n|\n|-heal|p2b: Palafin|72\/100|[from] item: Leftovers\n|upkeep\n|turn|9\n|\n|t:|1682392796\n|move|p2b: Palafin|Jet Punch|p1b: Wreckingball\n|-resisted|p1b: Wreckingball\n|-damage|p1b: Wreckingball|0 fnt\n|faint|p1b: Wreckingball\n|move|p1a: Glacius|Glaive Rush|p2b: Palafin\n|-damage|p2b: Palafin|0 fnt\n|-singlemove|p1a: Glacius|Glaive Rush|[silent]\n|faint|p2b: Palafin\n|\n|win|icedragonkid105\n|raw|icedragonkid105's rating: 1138 → 1162<\/strong> (+24 for winning)\n|raw|lavingui's rating: 1126 → 1102<\/strong> (-24 for losing)\n|l|\u2606lavingui\n","uploadtime":1682392808,"views":10,"p1id":"icedragonkid105","p2id":"lavingui","formatid":"gen9vgc2023regulationc","rating":1102,"private":0,"password":""}