{"id":"gen9vgc2023regulationc-1859715559","p1":"Bailey3253","p2":"CbuttyVGC","format":"[Gen 9] VGC 2023 Regulation C","log":"|j|\u2606Bailey3253\n|j|\u2606CbuttyVGC\n|t:|1683558553\n|gametype|doubles\n|player|p1|Bailey3253|pokemaniac|1145\n|player|p2|CbuttyVGC|acetrainer-gen4dp|1193\n|teamsize|p1|6\n|teamsize|p2|6\n|gen|9\n|tier|[Gen 9] VGC 2023 Regulation C\n|rated|\n|rule|Species Clause: Limit one of each Pok\u00e9mon\n|rule|Item Clause: Limit one of each item\n|clearpoke\n|poke|p1|Floatzel, L50, F|\n|poke|p1|Pelipper, L50, M|\n|poke|p1|Ting-Lu, L50|\n|poke|p1|Grimmsnarl, L50, M|\n|poke|p1|Amoonguss, L50, M|\n|poke|p1|Gholdengo, L50|\n|poke|p2|Tyranitar, L50, F|\n|poke|p2|Houndstone, L50, F|\n|poke|p2|Chien-Pao, L50|\n|poke|p2|Flutter Mane, L50|\n|poke|p2|Palafin, L50, M|\n|poke|p2|Volcarona, L50, M|\n|teampreview|4\n|inactive|Battle timer is ON: inactive players will automatically lose when time's up. (requested by CbuttyVGC)\n|inactive|Bailey3253 has 60 seconds left.\n|inactive|Bailey3253 has 30 seconds left.\n|\n|t:|1683558622\n|start\n|switch|p1a: Floatzel|Floatzel, L50, F|100\/100\n|switch|p1b: Pelipper|Pelipper, L50, M|100\/100\n|switch|p2a: Joundstone|Houndstone, L50, F|100\/100\n|switch|p2b: Jalafin|Palafin, L50, M|100\/100\n|-weather|RainDance|[from] ability: Drizzle|[of] p1b: Pelipper\n|turn|1\n|\n|t:|1683558645\n|detailschange|p2b: Jalafin|Palafin-Hero, L50, M\n|switch|p2b: Jyranitar|Tyranitar, L50, F|100\/100\n|-weather|Sandstorm|[from] ability: Sand Stream|[of] p2b: Jyranitar\n|move|p2a: Joundstone|Will-O-Wisp|p1a: Floatzel\n|-status|p1a: Floatzel|brn\n|move|p1a: Floatzel|Wave Crash|p2a: Joundstone\n|-damage|p2a: Joundstone|63\/100\n|-damage|p1a: Floatzel|87\/100 brn|[from] Recoil\n|-damage|p1a: Floatzel|77\/100 brn|[from] item: Life Orb\n|move|p1b: Pelipper|Chilling Water|p2b: Jyranitar\n|-supereffective|p2b: Jyranitar\n|-damage|p2b: Jyranitar|85\/100\n|-unboost|p2b: Jyranitar|atk|1\n|\n|-weather|Sandstorm|[upkeep]\n|-damage|p1a: Floatzel|71\/100 brn|[from] Sandstorm\n|-damage|p1b: Pelipper|95\/100|[from] Sandstorm\n|-damage|p1a: Floatzel|64\/100 brn|[from] brn\n|upkeep\n|turn|2\n|inactive|Bailey3253 has 30 seconds left.\n|inactive|Bailey3253 has 20 seconds left.\n|inactive|Bailey3253 has 15 seconds left.\n|\n|t:|1683558690\n|switch|p1b: Ting-Lu|Ting-Lu, L50|100\/100\n|-ability|p1b: Ting-Lu|Vessel of Ruin\n|-terastallize|p2b: Jyranitar|Grass\n|move|p2a: Joundstone|Howl|p2a: Joundstone|[spread] p2a,p2b\n|-boost|p2a: Joundstone|atk|1\n|-boost|p2b: Jyranitar|atk|1\n|move|p1a: Floatzel|Wave Crash|p2b: Jyranitar\n|-resisted|p2b: Jyranitar\n|-damage|p2b: Jyranitar|71\/100\n|-damage|p1a: Floatzel|58\/100 brn|[from] Recoil\n|-damage|p1a: Floatzel|48\/100 brn|[from] item: Life Orb\n|move|p2b: Jyranitar|Rock Slide|p1b: Ting-Lu|[spread] p1b\n|-miss|p2b: Jyranitar|p1a: Floatzel\n|-resisted|p1b: Ting-Lu\n|-damage|p1b: Ting-Lu|92\/100\n|\n|-weather|Sandstorm|[upkeep]\n|-damage|p1a: Floatzel|42\/100 brn|[from] Sandstorm\n|-damage|p2b: Jyranitar|65\/100|[from] Sandstorm\n|-damage|p1a: Floatzel|36\/100 brn|[from] brn\n|upkeep\n|turn|3\n|inactive|Bailey3253 has 30 seconds left.\n|inactive|Bailey3253 has 20 seconds left.\n|inactive|Bailey3253 has 15 seconds left.\n|inactive|Bailey3253 has 10 seconds left.\n|inactive|Bailey3253 has 5 seconds left.\n|\n|t:|1683558744\n|switch|p2b: Jalafin|Palafin-Hero, L50, M|100\/100\n|-activate|p2b: Jalafin|ability: Zero to Hero\n|move|p2a: Joundstone|Howl|p2a: Joundstone|[spread] p2a,p2b\n|-boost|p2a: Joundstone|atk|1\n|-boost|p2b: Jalafin|atk|1\n|move|p1a: Floatzel|Ice Spinner|p2b: Jalafin\n|-resisted|p2b: Jalafin\n|-damage|p2b: Jalafin|94\/100\n|-damage|p1a: Floatzel|26\/100 brn|[from] item: Life Orb\n|move|p1b: Ting-Lu|Snarl|p2b: Jalafin|[spread] p2a,p2b\n|-supereffective|p2a: Joundstone\n|-damage|p2a: Joundstone|43\/100\n|-damage|p2b: Jalafin|85\/100\n|-unboost|p2a: Joundstone|spa|1\n|-unboost|p2b: Jalafin|spa|1\n|-enditem|p2a: Joundstone|Sitrus Berry|[eat]\n|-heal|p2a: Joundstone|68\/100|[from] item: Sitrus Berry\n|\n|-weather|Sandstorm|[upkeep]\n|-damage|p1a: Floatzel|20\/100 brn|[from] Sandstorm\n|-damage|p2b: Jalafin|79\/100|[from] Sandstorm\n|-damage|p1a: Floatzel|14\/100 brn|[from] brn\n|upkeep\n|turn|4\n|inactive|Bailey3253 has 30 seconds left.\n|inactive|Bailey3253 has 20 seconds left.\n|inactive|Bailey3253 has 15 seconds left.\n|inactive|Bailey3253 has 10 seconds left.\n|\n|t:|1683558792\n|switch|p1b: Pelipper|Pelipper, L50, M|95\/100\n|-weather|RainDance|[from] ability: Drizzle|[of] p1b: Pelipper\n|-terastallize|p1a: Floatzel|Electric\n|move|p1a: Floatzel|Tera Blast|p2b: Jalafin\n|-supereffective|p2b: Jalafin\n|-damage|p2b: Jalafin|33\/100\n|-damage|p1a: Floatzel|4\/100 brn|[from] item: Life Orb\n|move|p2b: Jalafin|Wave Crash|p1b: Pelipper\n|-resisted|p1b: Pelipper\n|-damage|p1b: Pelipper|0 fnt\n|faint|p1b: Pelipper\n|-damage|p2b: Jalafin|12\/100|[from] Recoil\n|move|p2a: Joundstone|Howl|p2a: Joundstone|[spread] p2a,p2b\n|-boost|p2a: Joundstone|atk|1\n|-boost|p2b: Jalafin|atk|1\n|\n|-weather|RainDance|[upkeep]\n|-damage|p1a: Floatzel|0 fnt|[from] brn\n|faint|p1a: Floatzel\n|upkeep\n|\n|t:|1683558812\n|switch|p1a: Simple|Gholdengo, L50|100\/100\n|switch|p1b: Ting-Lu|Ting-Lu, L50|92\/100\n|-ability|p1b: Ting-Lu|Vessel of Ruin\n|turn|5\n|inactive|Bailey3253 has 30 seconds left.\n|inactive|CbuttyVGC has 30 seconds left.\n|inactive|CbuttyVGC has 20 seconds left.\n|inactive|CbuttyVGC has 15 seconds left.\n|inactive|CbuttyVGC has 10 seconds left.\n|\n|t:|1683558859\n|move|p2b: Jalafin|Jet Punch|p1b: Ting-Lu\n|-supereffective|p1b: Ting-Lu\n|-damage|p1b: Ting-Lu|0 fnt\n|faint|p1b: Ting-Lu\n|move|p1a: Simple|Make It Rain|p2a: Joundstone|[spread] p2a,p2b\n|-resisted|p2b: Jalafin\n|-damage|p2a: Joundstone|24\/100\n|-damage|p2b: Jalafin|0 fnt\n|-unboost|p1a: Simple|spa|1\n|faint|p2b: Jalafin\n|move|p2a: Joundstone|Howl|p2a: Joundstone\n|-boost|p2a: Joundstone|atk|1\n|\n|-weather|RainDance|[upkeep]\n|upkeep\n|\n|t:|1683558862\n|switch|p2b: Jyranitar|Tyranitar, L50, F, tera:Grass|65\/100\n|-weather|Sandstorm|[from] ability: Sand Stream|[of] p2b: Jyranitar\n|turn|6\n|-message|Bailey3253 forfeited.\n|\n|win|CbuttyVGC\n|raw|Bailey3253's rating: 1145 → 1123<\/strong> (-22 for losing)\n|raw|CbuttyVGC's rating: 1193 → 1215<\/strong> (+22 for winning)\n|l|\u2606Bailey3253\n","uploadtime":1683558888,"views":10,"p1id":"bailey3253","p2id":"cbuttyvgc","formatid":"gen9vgc2023regulationc","rating":1123,"private":0,"password":""}