{"id":"gen9vgc2023regulationc-1847520373","p1":"GB Seraphix","p2":"BigBusted","format":"[Gen 9] VGC 2023 Regulation C","log":"|j|\u2606GB Seraphix\n|j|\u2606BigBusted\n|t:|1681966433\n|gametype|doubles\n|player|p1|GB Seraphix|rosa|1337\n|player|p2|BigBusted|unknown|1370\n|teamsize|p1|6\n|teamsize|p2|6\n|gen|9\n|tier|[Gen 9] VGC 2023 Regulation C\n|rated|\n|rule|Species Clause: Limit one of each Pok\u00e9mon\n|rule|Item Clause: Limit one of each item\n|clearpoke\n|poke|p1|Chi-Yu, L50|\n|poke|p1|Dachsbun, L50, F|\n|poke|p1|Flutter Mane, L50|\n|poke|p1|Baxcalibur, L50, M|\n|poke|p1|Amoonguss, L50, M|\n|poke|p1|Rotom-Wash, L50|\n|poke|p2|Talonflame, L50, F|\n|poke|p2|Garchomp, L50, F|\n|poke|p2|Pachirisu, L50, M|\n|poke|p2|Rotom-Wash, L50|\n|poke|p2|Great Tusk, L50|\n|poke|p2|Corviknight, L50, M|\n|teampreview|4\n|inactive|Battle timer is ON: inactive players will automatically lose when time's up. (requested by BigBusted)\n|inactive|GB Seraphix has 60 seconds left.\n|inactive|BigBusted has 60 seconds left.\n|\n|t:|1681966475\n|start\n|switch|p1a: Kiryu|Baxcalibur, L50, M|100\/100\n|switch|p1b: Hanabishi|Rotom-Wash, L50|100\/100\n|switch|p2a: Talonflame|Talonflame, L50, F|100\/100\n|switch|p2b: Garchomp|Garchomp, L50, F|100\/100\n|turn|1\n|inactive|BigBusted has 30 seconds left.\n|\n|t:|1681966501\n|-terastallize|p1a: Kiryu|Water\n|move|p2b: Garchomp|Protect|p2b: Garchomp\n|-singleturn|p2b: Garchomp|Protect\n|move|p2a: Talonflame|Brave Bird|p1b: Hanabishi\n|-resisted|p1b: Hanabishi\n|-damage|p1b: Hanabishi|74\/100\n|-damage|p2a: Talonflame|91\/100|[from] Recoil\n|move|p1b: Hanabishi|Thunderbolt|p2a: Talonflame\n|-supereffective|p2a: Talonflame\n|-damage|p2a: Talonflame|0 fnt\n|faint|p2a: Talonflame\n|move|p1a: Kiryu|Glaive Rush|p2b: Garchomp\n|-activate|p2b: Garchomp|move: Protect\n|\n|upkeep\n|inactive|BigBusted has 30 seconds left.\n|\n|t:|1681966526\n|switch|p2a: Corviknight|Corviknight, L50, M|100\/100\n|turn|2\n|\n|t:|1681966540\n|-terastallize|p2b: Garchomp|Fire\n|move|p1a: Kiryu|Ice Shard|p2b: Garchomp\n|-resisted|p2b: Garchomp\n|-damage|p2b: Garchomp|89\/100\n|move|p2b: Garchomp|Swords Dance|p2b: Garchomp\n|-boost|p2b: Garchomp|atk|2\n|move|p1b: Hanabishi|Thunderbolt|p2a: Corviknight\n|-supereffective|p2a: Corviknight\n|-crit|p2a: Corviknight\n|-damage|p2a: Corviknight|0 fnt\n|faint|p2a: Corviknight\n|\n|upkeep\n|\n|t:|1681966551\n|switch|p2a: Great Tusk|Great Tusk, L50|100\/100\n|turn|3\n|inactive|GB Seraphix has 30 seconds left.\n|\n|t:|1681966577\n|switch|p1a: Red Sus|Amoonguss, L50, M|100\/100\n|move|p2b: Garchomp|Dragon Claw|p1b: Hanabishi\n|-damage|p1b: Hanabishi|0 fnt\n|faint|p1b: Hanabishi\n|move|p2a: Great Tusk|Headlong Rush|p1a: Red Sus\n|-damage|p1a: Red Sus|42\/100\n|-unboost|p2a: Great Tusk|def|1\n|-unboost|p2a: Great Tusk|spd|1\n|-damage|p2a: Great Tusk|84\/100|[from] item: Rocky Helmet|[of] p1a: Red Sus\n|\n|upkeep\n|\n|t:|1681966594\n|switch|p1b: Kiryu|Baxcalibur, L50, M, tera:Water|100\/100\n|turn|4\n|\n|t:|1681966616\n|move|p2a: Great Tusk|Protect|p2a: Great Tusk\n|-singleturn|p2a: Great Tusk|Protect\n|move|p1a: Red Sus|Rage Powder|p1a: Red Sus\n|-singleturn|p1a: Red Sus|move: Rage Powder\n|move|p2b: Garchomp|Earthquake|p1a: Red Sus|[spread] p1a,p1b\n|-activate|p2a: Great Tusk|move: Protect\n|-damage|p1a: Red Sus|0 fnt\n|-damage|p1b: Kiryu|27\/100\n|faint|p1a: Red Sus\n|move|p1b: Kiryu|Stomping Tantrum|p2b: Garchomp\n|-supereffective|p2b: Garchomp\n|-damage|p2b: Garchomp|37\/100\n|-damage|p1b: Kiryu|15\/100|[from] ability: Rough Skin|[of] p2b: Garchomp\n|\n|upkeep\n|\n|t:|1681966628\n|switch|p1a: BB|Flutter Mane, L50|100\/100\n|-enditem|p1a: BB|Booster Energy\n|-activate|p1a: BB|ability: Protosynthesis|[fromitem]\n|-start|p1a: BB|protosynthesisspe\n|turn|5\n|\n|t:|1681966640\n|move|p2b: Garchomp|Protect|p2b: Garchomp\n|-singleturn|p2b: Garchomp|Protect\n|move|p1b: Kiryu|Ice Shard|p2a: Great Tusk\n|-supereffective|p2a: Great Tusk\n|-damage|p2a: Great Tusk|29\/100\n|move|p1a: BB|Shadow Ball|p2b: Garchomp\n|-activate|p2b: Garchomp|move: Protect\n|move|p2a: Great Tusk|Earthquake|p1a: BB|[spread] p1a,p1b\n|-activate|p2b: Garchomp|move: Protect\n|-damage|p1a: BB|19\/100\n|-damage|p1b: Kiryu|0 fnt\n|faint|p1b: Kiryu\n|\n|upkeep\n|turn|6\n|\n|t:|1681966665\n|move|p1a: BB|Shadow Ball|p2b: Garchomp\n|-damage|p2b: Garchomp|0 fnt\n|faint|p2b: Garchomp\n|move|p2a: Great Tusk|Headlong Rush|p1a: BB\n|-damage|p1a: BB|0 fnt\n|-unboost|p2a: Great Tusk|def|1\n|-unboost|p2a: Great Tusk|spd|1\n|faint|p1a: BB\n|-end|p1a: BB|Protosynthesis|[silent]\n|\n|win|BigBusted\n|raw|GB Seraphix's rating: 1337 → 1319<\/strong> (-18 for losing)\n|raw|BigBusted's rating: 1370 → 1388<\/strong> (+18 for winning)\n","uploadtime":1681966677,"views":9,"p1id":"gbseraphix","p2id":"bigbusted","formatid":"gen9vgc2023regulationc","rating":1319,"private":0,"password":""}