{"id":"gen9vgc2023regulationc-1858342101","p1":"nilabh19","p2":"adrpen","format":"[Gen 9] VGC 2023 Regulation C","log":"|j|\u2606nilabh19\n|j|\u2606adrpen\n|t:|1683303629\n|gametype|doubles\n|player|p1|nilabh19|hiker-gen4|1266\n|player|p2|adrpen|pokekid|1178\n|teamsize|p1|6\n|teamsize|p2|6\n|gen|9\n|tier|[Gen 9] VGC 2023 Regulation C\n|rated|\n|rule|Species Clause: Limit one of each Pok\u00e9mon\n|rule|Item Clause: Limit one of each item\n|clearpoke\n|poke|p1|Lycanroc, L50, F|\n|poke|p1|Tyranitar, L50, F|\n|poke|p1|Amoonguss, L50, M|\n|poke|p1|Flutter Mane, L50|\n|poke|p1|Gyarados, L50, F|\n|poke|p1|Chi-Yu, L50|\n|poke|p2|Amoonguss, L50, M|\n|poke|p2|Palafin, L50, M|\n|poke|p2|Iron Hands, L50|\n|poke|p2|Arcanine, L50, M|\n|poke|p2|Flutter Mane, L50|\n|poke|p2|Dragonite, L50, M|\n|teampreview|4\n|inactive|Battle timer is ON: inactive players will automatically lose when time's up. (requested by adrpen)\n|inactive|nilabh19 also wants the timer to be on.\n|inactive|adrpen has 60 seconds left.\n|inactive|nilabh19 has 60 seconds left.\n|inactive|adrpen has 30 seconds left.\n|\n|t:|1683303690\n|start\n|switch|p1a: Flutter Mane|Flutter Mane, L50|100\/100\n|switch|p1b: Tyranitar|Tyranitar, L50, F|100\/100\n|switch|p2a: Palafin|Palafin, L50, M, shiny|100\/100\n|switch|p2b: Arcanine|Arcanine, L50, M|100\/100\n|-ability|p2b: Arcanine|Intimidate|boost\n|-unboost|p1a: Flutter Mane|atk|1\n|-unboost|p1b: Tyranitar|atk|1\n|-weather|Sandstorm|[from] ability: Sand Stream|[of] p1b: Tyranitar\n|-enditem|p1a: Flutter Mane|Booster Energy\n|-activate|p1a: Flutter Mane|ability: Protosynthesis|[fromitem]\n|-start|p1a: Flutter Mane|protosynthesisspa\n|turn|1\n|inactive|nilabh19 has 30 seconds left.\n|\n|t:|1683303716\n|detailschange|p2a: Palafin|Palafin-Hero, L50, M, shiny\n|switch|p2a: Amoonguss|Amoonguss, L50, M, shiny|100\/100\n|move|p2b: Arcanine|Protect|p2b: Arcanine\n|-singleturn|p2b: Arcanine|Protect\n|move|p1a: Flutter Mane|Shadow Ball|p2b: Arcanine\n|-activate|p2b: Arcanine|move: Protect\n|move|p1b: Tyranitar|Rock Slide|p2a: Amoonguss|[spread] p2a\n|-activate|p2b: Arcanine|move: Protect\n|-damage|p2a: Amoonguss|81\/100\n|\n|-weather|Sandstorm|[upkeep]\n|-damage|p1a: Flutter Mane|95\/100|[from] Sandstorm\n|-damage|p2b: Arcanine|94\/100|[from] Sandstorm\n|-damage|p2a: Amoonguss|75\/100|[from] Sandstorm\n|upkeep\n|turn|2\n|inactive|adrpen has 30 seconds left.\n|inactive|adrpen has 20 seconds left.\n|inactive|adrpen has 15 seconds left.\n|\n|t:|1683303760\n|switch|p2b: Palafin|Palafin-Hero, L50, M, shiny|100\/100\n|-activate|p2b: Palafin|ability: Zero to Hero\n|switch|p1b: Amoonguss|Amoonguss, L50, M|100\/100\n|move|p1a: Flutter Mane|Protect|p1a: Flutter Mane\n|-singleturn|p1a: Flutter Mane|Protect\n|move|p2a: Amoonguss|Pollen Puff|p2b: Palafin\n|-immune|p2b: Palafin\n|\n|-weather|Sandstorm|[upkeep]\n|-damage|p1a: Flutter Mane|89\/100|[from] Sandstorm\n|-damage|p2a: Amoonguss|69\/100|[from] Sandstorm\n|-damage|p1b: Amoonguss|95\/100|[from] Sandstorm\n|upkeep\n|turn|3\n|inactive|nilabh19 has 30 seconds left.\n|inactive|adrpen has 30 seconds left.\n|inactive|nilabh19 has 20 seconds left.\n|inactive|adrpen has 20 seconds left.\n|inactive|adrpen has 15 seconds left.\n|inactive|adrpen has 10 seconds left.\n|inactive|adrpen has 5 seconds left.\n|\n|t:|1683303811\n|-end|p1a: Flutter Mane|Protosynthesis|[silent]\n|switch|p1a: Gyarados|Gyarados, L50, F|100\/100\n|-ability|p1a: Gyarados|Intimidate|boost\n|-unboost|p2a: Amoonguss|atk|1\n|-unboost|p2b: Palafin|atk|1\n|move|p2a: Amoonguss|Rage Powder|p2a: Amoonguss\n|-singleturn|p2a: Amoonguss|move: Rage Powder\n|move|p2b: Palafin|Wave Crash|p1a: Gyarados\n|-resisted|p1a: Gyarados\n|-damage|p1a: Gyarados|75\/100\n|-damage|p2b: Palafin|92\/100|[from] Recoil\n|move|p1b: Amoonguss|Spore|p2b: Palafin\n|-activate|p2b: Palafin|item: Safety Goggles|Spore\n|\n|-weather|Sandstorm|[upkeep]\n|-damage|p2a: Amoonguss|64\/100|[from] Sandstorm\n|-damage|p1b: Amoonguss|89\/100|[from] Sandstorm\n|upkeep\n|turn|4\n|inactive|nilabh19 has 30 seconds left.\n|inactive|nilabh19 has 20 seconds left.\n|\n|t:|1683303846\n|switch|p2b: Iron Hands|Iron Hands, L50, shiny|100\/100\n|move|p1a: Gyarados|Thunder Wave|p2b: Iron Hands\n|-immune|p2b: Iron Hands\n|move|p2a: Amoonguss|Spore|p1a: Gyarados\n|-activate|p1a: Gyarados|item: Safety Goggles|Spore\n|move|p1b: Amoonguss|Pollen Puff|p2a: Amoonguss\n|-crit|p2a: Amoonguss\n|-damage|p2a: Amoonguss|39\/100\n|\n|-weather|Sandstorm|[upkeep]\n|-damage|p2b: Iron Hands|95\/100|[from] Sandstorm\n|-damage|p2a: Amoonguss|33\/100|[from] Sandstorm\n|-damage|p1b: Amoonguss|83\/100|[from] Sandstorm\n|upkeep\n|turn|5\n|inactive|adrpen has 30 seconds left.\n|inactive|adrpen has 20 seconds left.\n|\n|t:|1683303885\n|move|p1a: Gyarados|Protect|p1a: Gyarados\n|-singleturn|p1a: Gyarados|Protect\n|move|p2a: Amoonguss|Rage Powder|p2a: Amoonguss\n|-singleturn|p2a: Amoonguss|move: Rage Powder\n|move|p2b: Iron Hands|Heavy Slam|p1b: Amoonguss\n|-damage|p1b: Amoonguss|50\/100\n|-enditem|p1b: Amoonguss|Sitrus Berry|[eat]\n|-heal|p1b: Amoonguss|75\/100|[from] item: Sitrus Berry\n|move|p1b: Amoonguss|Spore|p2b: Iron Hands\n|-status|p2b: Iron Hands|slp|[from] move: Spore\n|\n|-weather|none\n|upkeep\n|turn|6\n|inactive|nilabh19 has 30 seconds left.\n|inactive|adrpen has 30 seconds left.\n|inactive|adrpen has 20 seconds left.\n|inactive|adrpen has 15 seconds left.\n|\n|t:|1683303926\n|switch|p2a: Arcanine|Arcanine, L50, M|94\/100\n|-ability|p2a: Arcanine|Intimidate|boost\n|-unboost|p1a: Gyarados|atk|1\n|-unboost|p1b: Amoonguss|atk|1\n|switch|p1b: Flutter Mane|Flutter Mane, L50|89\/100\n|-terastallize|p2b: Iron Hands|Grass\n|move|p1a: Gyarados|Thunder Wave|p2a: Arcanine\n|-status|p2a: Arcanine|par\n|cant|p2b: Iron Hands|slp\n|\n|upkeep\n|turn|7\n|inactive|nilabh19 has 30 seconds left.\n|inactive|adrpen has 30 seconds left.\n|\n|t:|1683303959\n|switch|p1a: Amoonguss|Amoonguss, L50, M|100\/100\n|move|p1b: Flutter Mane|Protect|p1b: Flutter Mane\n|-singleturn|p1b: Flutter Mane|Protect\n|-curestatus|p2b: Iron Hands|slp|[msg]\n|move|p2b: Iron Hands|Wild Charge|p1a: Amoonguss\n|-resisted|p1a: Amoonguss\n|-damage|p1a: Amoonguss|81\/100\n|-damage|p2b: Iron Hands|90\/100|[from] Recoil\n|cant|p2a: Arcanine|par\n|\n|upkeep\n|turn|8\n|inactive|nilabh19 has 30 seconds left.\n|inactive|adrpen has 30 seconds left.\n|inactive|nilabh19 has 20 seconds left.\n|inactive|adrpen has 20 seconds left.\n|inactive|nilabh19 has 15 seconds left.\n|inactive|adrpen has 15 seconds left.\n|inactive|nilabh19 has 10 seconds left.\n|inactive|adrpen has 10 seconds left.\n|\n|t:|1683304007\n|switch|p1a: Gyarados|Gyarados, L50, F|75\/100\n|-ability|p1a: Gyarados|Intimidate|boost\n|-unboost|p2a: Arcanine|atk|1\n|-unboost|p2b: Iron Hands|atk|1\n|-terastallize|p1b: Flutter Mane|Fairy\n|move|p1b: Flutter Mane|Moonblast|p2b: Iron Hands\n|-damage|p2b: Iron Hands|53\/100\n|move|p2b: Iron Hands|Heavy Slam|p1a: Gyarados\n|-resisted|p1a: Gyarados\n|-damage|p1a: Gyarados|71\/100\n|move|p2a: Arcanine|Will-O-Wisp|p1b: Flutter Mane\n|-status|p1b: Flutter Mane|brn\n|\n|-damage|p1b: Flutter Mane|84\/100 brn|[from] brn\n|upkeep\n|turn|9\n|inactive|nilabh19 has 30 seconds left.\n|inactive|adrpen has 30 seconds left.\n|\n|t:|1683304041\n|switch|p1a: Amoonguss|Amoonguss, L50, M|100\/100\n|-end|p2b: Iron Hands|Quark Drive|[silent]\n|switch|p2b: Amoonguss|Amoonguss, L50, M, shiny|67\/100\n|move|p1b: Flutter Mane|Protect|p1b: Flutter Mane\n|-singleturn|p1b: Flutter Mane|Protect\n|move|p2a: Arcanine|Flare Blitz|p1b: Flutter Mane\n|-activate|p1b: Flutter Mane|move: Protect\n|\n|-damage|p1b: Flutter Mane|78\/100 brn|[from] brn\n|upkeep\n|turn|10\n|inactive|adrpen has 30 seconds left.\n|inactive|adrpen has 20 seconds left.\n|inactive|adrpen has 15 seconds left.\n|inactive|adrpen has 10 seconds left.\n|\n|t:|1683304089\n|move|p2a: Arcanine|Protect|p2a: Arcanine\n|-singleturn|p2a: Arcanine|Protect\n|move|p2b: Amoonguss|Protect|p2b: Amoonguss\n|-singleturn|p2b: Amoonguss|Protect\n|move|p1b: Flutter Mane|Shadow Ball|p2b: Amoonguss\n|-activate|p2b: Amoonguss|move: Protect\n|move|p1a: Amoonguss|Pollen Puff|p1b: Flutter Mane\n|-heal|p1b: Flutter Mane|100\/100 brn\n|\n|-damage|p1b: Flutter Mane|95\/100 brn|[from] brn\n|upkeep\n|turn|11\n|\n|t:|1683304112\n|switch|p2b: Palafin|Palafin-Hero, L50, M, shiny|92\/100\n|switch|p1a: Gyarados|Gyarados, L50, F|71\/100\n|-ability|p1a: Gyarados|Intimidate|boost\n|-unboost|p2a: Arcanine|atk|1\n|-unboost|p2b: Palafin|atk|1\n|move|p1b: Flutter Mane|Shadow Ball|p2b: Palafin\n|-damage|p2b: Palafin|46\/100\n|cant|p2a: Arcanine|par\n|\n|-damage|p1b: Flutter Mane|89\/100 brn|[from] brn\n|upkeep\n|turn|12\n|inactive|adrpen has 30 seconds left.\n|\n|t:|1683304137\n|move|p1b: Flutter Mane|Protect|p1b: Flutter Mane\n|-singleturn|p1b: Flutter Mane|Protect\n|move|p2b: Palafin|Protect|p2b: Palafin\n|-singleturn|p2b: Palafin|Protect\n|move|p1a: Gyarados|Thunder Wave|p2b: Palafin\n|-activate|p2b: Palafin|move: Protect\n|move|p2a: Arcanine|Flare Blitz|p1b: Flutter Mane\n|-activate|p1b: Flutter Mane|move: Protect\n|\n|-damage|p1b: Flutter Mane|84\/100 brn|[from] brn\n|upkeep\n|turn|13\n|inactive|adrpen has 30 seconds left this turn.\n|inactive|adrpen has 20 seconds left.\n|inactive|adrpen has 15 seconds left.\n|inactive|adrpen has 10 seconds left.\n|\n|t:|1683304162\n|-end|p1b: Flutter Mane|Protosynthesis|[silent]\n|switch|p1b: Amoonguss|Amoonguss, L50, M|100\/100\n|switch|p2b: Amoonguss|Amoonguss, L50, M, shiny|99\/100\n|move|p1a: Gyarados|Thunder Wave|p2b: Amoonguss\n|-status|p2b: Amoonguss|par\n|move|p2a: Arcanine|Howl|p2a: Arcanine|[spread] p2a,p2b\n|-boost|p2a: Arcanine|atk|1\n|-boost|p2b: Amoonguss|atk|1\n|\n|upkeep\n|turn|14\n|inactive|adrpen has 10 seconds left this turn.\n|inactive|adrpen has 5 seconds left.\n|-message|adrpen lost due to inactivity.\n|\n|win|nilabh19\n|raw|nilabh19's rating: 1266 → 1285<\/strong> (+19 for winning)\n|raw|adrpen's rating: 1178 → 1159<\/strong> (-19 for losing)\n","uploadtime":1683304183,"views":6,"p1id":"nilabh19","p2id":"adrpen","formatid":"gen9vgc2023regulationc","rating":1159,"private":0,"password":""}