{"id":"gen9vgc2023regulationc-1845626237","p1":"KungFuKenny_32","p2":"Uao","format":"[Gen 9] VGC 2023 Regulation C","log":"|j|\u2606KungFuKenny_32\n|j|\u2606Uao\n|t:|1681750555\n|gametype|doubles\n|player|p1|KungFuKenny_32|nate|1208\n|player|p2|Uao|chili|1276\n|teamsize|p1|6\n|teamsize|p2|6\n|gen|9\n|tier|[Gen 9] VGC 2023 Regulation C\n|rated|\n|rule|Species Clause: Limit one of each Pok\u00e9mon\n|rule|Item Clause: Limit one of each item\n|clearpoke\n|poke|p1|Ting-Lu, L50|\n|poke|p1|Kingambit, L50, M|\n|poke|p1|Palafin, L50, F|\n|poke|p1|Flutter Mane, L50|\n|poke|p1|Amoonguss, L50, M|\n|poke|p1|Arcanine, L50, F|\n|poke|p2|Sandy Shocks, L50|\n|poke|p2|Torkoal, L50, M|\n|poke|p2|Lilligant, L50, F|\n|poke|p2|Flutter Mane, L50|\n|poke|p2|Garganacl, L50, M|\n|poke|p2|Dragapult, L50, F|\n|teampreview|4\nKungFuKenny_32 has agreed to open team sheets.\nUao has agreed to open team sheets.\n|c|\u2606Uao|haven't we played before?\n|c|\u2606KungFuKenny_32|uhh not sure. I am not on too often\n|c|\u2606KungFuKenny_32|I don't recognize the team\n|c|\u2606Uao|ok anyway glhf\n|c|\u2606KungFuKenny_32|gl!\n|c|\u2606Uao|u2\n|\n|t:|1681750761\n|start\n|switch|p1a: Flutter Mane|Flutter Mane, L50|100\/100\n|switch|p1b: Palafin|Palafin, L50, F|100\/100\n|switch|p2a: Lilligant|Lilligant, L50, F|100\/100\n|switch|p2b: Torkoal|Torkoal, L50, M|100\/100\n|-weather|SunnyDay|[from] ability: Drought|[of] p2b: Torkoal\n|-activate|p1a: Flutter Mane|ability: Protosynthesis\n|-start|p1a: Flutter Mane|protosynthesisspe\n|turn|1\n|\n|t:|1681750807\n|-end|p1a: Flutter Mane|Protosynthesis|[silent]\n|switch|p1a: Ting-Lu|Ting-Lu, L50|100\/100\n|-ability|p1a: Ting-Lu|Vessel of Ruin\n|-terastallize|p1b: Palafin|Water\n|move|p1b: Palafin|Jet Punch|p2b: Torkoal\n|-supereffective|p2b: Torkoal\n|-damage|p2b: Torkoal|73\/100\n|move|p2a: Lilligant|Leaf Storm|p1a: Ting-Lu\n|-supereffective|p1a: Ting-Lu\n|-damage|p1a: Ting-Lu|57\/100\n|-unboost|p2a: Lilligant|spa|2\n|move|p2b: Torkoal|Overheat|p1a: Ting-Lu\n|-damage|p1a: Ting-Lu|25\/100\n|-unboost|p2b: Torkoal|spa|2\n|-enditem|p2b: Torkoal|Eject Pack\n|inactive|Battle timer is ON: inactive players will automatically lose when time's up. (requested by KungFuKenny_32)\n|\n|t:|1681750896\n|switch|p2b: Garganacl|Garganacl, L50, M|100\/100\n|\n|-weather|SunnyDay|[upkeep]\n|upkeep\n|turn|2\n|inactive|Uao has 30 seconds left.\n|inactive|Uao has 20 seconds left.\n|inactive|Uao has 15 seconds left.\n|\n|t:|1681750940\n|detailschange|p1b: Palafin|Palafin-Hero, L50, F, tera:Water\n|switch|p1b: Kingambit|Kingambit, L50, M|100\/100\n|move|p2a: Lilligant|Leaf Storm|p1b: Kingambit\n|-resisted|p1b: Kingambit\n|-damage|p1b: Kingambit|89\/100\n|-unboost|p2a: Lilligant|spa|2\n|move|p1a: Ting-Lu|Fissure|p2b: Garganacl\n|-damage|p2b: Garganacl|0 fnt\n|faint|p2b: Garganacl\n|-ohko\n|\n|-weather|SunnyDay|[upkeep]\n|upkeep\n|\n|t:|1681750961\n|switch|p2b: Sandy Shocks|Sandy Shocks, L50|100\/100\n|-activate|p2b: Sandy Shocks|ability: Protosynthesis\n|-start|p2b: Sandy Shocks|protosynthesisspa\n|turn|3\n|c|\u2606Uao|man gg\n|c|\u2606Uao|ruined Krookodile is OP\n|inactive|KungFuKenny_32 has 30 seconds left.\n|inactive|Uao has 30 seconds left.\n|inactive|KungFuKenny_32 has 20 seconds left.\n|inactive|Uao has 20 seconds left.\n|inactive|KungFuKenny_32 has 15 seconds left.\n|inactive|Uao has 15 seconds left.\n|inactive|Uao has 10 seconds left.\n|inactive|Uao has 5 seconds left.\n|\n|t:|1681751016\n|move|p2a: Lilligant|Sleep Powder|p1b: Kingambit\n|-status|p1b: Kingambit|slp|[from] move: Sleep Powder\n|move|p2b: Sandy Shocks|Earth Power|p1a: Ting-Lu\n|-damage|p1a: Ting-Lu|0 fnt\n|faint|p1a: Ting-Lu\n|cant|p1b: Kingambit|slp\n|\n|-weather|SunnyDay|[upkeep]\n|upkeep\n|c|\u2606KungFuKenny_32|yeah, I have to still watch a bunch of EUIC, but my gut says fissure can be the play a lot of the time\n|inactive|KungFuKenny_32 has 30 seconds left.\n|c|\u2606Uao|together with Stomping Tantrum is quite broken\n|inactive|KungFuKenny_32 has 20 seconds left.\n|c|\u2606KungFuKenny_32|I could be wrong, but gut feeling into something like garganacl would be fissure is almost worth it over several stomping tantrum\n|c|\u2606Uao|I use it as well\n|inactive|KungFuKenny_32 has 15 seconds left.\n|c|\u2606KungFuKenny_32|gotcha. yeah, I was just messing with it.\n|inactive|KungFuKenny_32 has 10 seconds left.\n|\n|t:|1681751062\n|switch|p1a: Flutter Mane|Flutter Mane, L50|100\/100\n|-activate|p1a: Flutter Mane|ability: Protosynthesis\n|-start|p1a: Flutter Mane|protosynthesisspe\n|turn|4\n|inactive|KungFuKenny_32 has 30 seconds left.\n|inactive|Uao has 30 seconds left.\n|inactive|Uao has 20 seconds left.\n|\n|t:|1681751099\n|cant|p1b: Kingambit|slp\n|move|p2a: Lilligant|Sleep Powder|p1a: Flutter Mane\n|-status|p1a: Flutter Mane|slp|[from] move: Sleep Powder\n|cant|p1a: Flutter Mane|slp\n|move|p2b: Sandy Shocks|Earth Power|p1b: Kingambit\n|-supereffective|p1b: Kingambit\n|-damage|p1b: Kingambit|0 fnt\n|faint|p1b: Kingambit\n|\n|-weather|SunnyDay|[upkeep]\n|upkeep\n|\n|t:|1681751107\n|switch|p1b: Palafin|Palafin-Hero, L50, F, tera:Water|100\/100\n|-activate|p1b: Palafin|ability: Zero to Hero\n|turn|5\n|c|\u2606Uao|yeah Lilligant is nontheless OP\n|inactive|Uao has 30 seconds left.\n|c|\u2606KungFuKenny_32|haha yeah, the sun teams seem really fun\n|inactive|Uao has 20 seconds left.\n|c|\u2606KungFuKenny_32|I like dragapult too.\n|inactive|Uao has 15 seconds left.\n|\n|t:|1681751149\n|-terastallize|p2b: Sandy Shocks|Steel\n|move|p1b: Palafin|Jet Punch|p2b: Sandy Shocks\n|-damage|p2b: Sandy Shocks|66\/100\n|move|p2a: Lilligant|Sleep Powder|p1b: Palafin\n|-status|p1b: Palafin|slp|[from] move: Sleep Powder\n|-curestatus|p1a: Flutter Mane|slp|[msg]\n|move|p1a: Flutter Mane|Moonblast|p2a: Lilligant\n|-damage|p2a: Lilligant|18\/100\n|move|p2b: Sandy Shocks|Earth Power|p1a: Flutter Mane\n|-damage|p1a: Flutter Mane|34\/100\n|\n|-weather|none\n|-end|p1a: Flutter Mane|Protosynthesis\n|-end|p2b: Sandy Shocks|Protosynthesis\n|upkeep\n|-enditem|p1a: Flutter Mane|Booster Energy\n|-activate|p1a: Flutter Mane|ability: Protosynthesis|[fromitem]\n|-start|p1a: Flutter Mane|protosynthesisspe\n|turn|6\n|inactive|KungFuKenny_32 has 30 seconds left.\n|inactive|Uao has 30 seconds left.\n|inactive|Uao has 20 seconds left.\n|inactive|Uao has 15 seconds left.\n|inactive|Uao has 10 seconds left.\n|\n|t:|1681751194\n|switch|p2a: Torkoal|Torkoal, L50, M|73\/100\n|-weather|SunnyDay|[from] ability: Drought|[of] p2a: Torkoal\n|-activate|p2b: Sandy Shocks|ability: Protosynthesis\n|-start|p2b: Sandy Shocks|protosynthesisspa\n|move|p1a: Flutter Mane|Protect|p1a: Flutter Mane\n|-singleturn|p1a: Flutter Mane|Protect\n|cant|p1b: Palafin|slp\n|move|p2b: Sandy Shocks|Earth Power|p1a: Flutter Mane\n|-activate|p1a: Flutter Mane|move: Protect\n|\n|-weather|SunnyDay|[upkeep]\n|upkeep\n|turn|7\n|inactive|KungFuKenny_32 has 30 seconds left.\n|inactive|Uao has 30 seconds left.\n|inactive|Uao has 20 seconds left.\n|inactive|Uao has 15 seconds left.\n|\n|t:|1681751237\n|-end|p2b: Sandy Shocks|Protosynthesis|[silent]\n|switch|p2b: Lilligant|Lilligant, L50, F|18\/100\n|move|p1a: Flutter Mane|Shadow Ball|p2b: Lilligant\n|-crit|p2b: Lilligant\n|-damage|p2b: Lilligant|0 fnt\n|faint|p2b: Lilligant\n|cant|p1b: Palafin|slp\n|move|p2a: Torkoal|Overheat|p1a: Flutter Mane\n|-damage|p1a: Flutter Mane|0 fnt\n|-unboost|p2a: Torkoal|spa|2\n|faint|p1a: Flutter Mane\n|-end|p1a: Flutter Mane|Protosynthesis|[silent]\n|\n|-weather|SunnyDay|[upkeep]\n|upkeep\n|\n|t:|1681751246\n|switch|p2b: Sandy Shocks|Sandy Shocks, L50, tera:Steel|66\/100\n|-activate|p2b: Sandy Shocks|ability: Protosynthesis\n|-start|p2b: Sandy Shocks|protosynthesisspa\n|turn|8\n|c|\u2606Uao|gg\n|\n|t:|1681751268\n|move|p2a: Torkoal|Helping Hand|p2b: Sandy Shocks\n|-singleturn|p2b: Sandy Shocks|Helping Hand|[of] p2a: Torkoal\n|move|p2b: Sandy Shocks|Thunderbolt|p1b: Palafin\n|-supereffective|p1b: Palafin\n|-damage|p1b: Palafin|0 fnt\n|faint|p1b: Palafin\n|\n|win|Uao\n|raw|KungFuKenny_32's rating: 1208 → 1188<\/strong> (-20 for losing)\n|raw|Uao's rating: 1276 → 1296<\/strong> (+20 for winning)\n|l|\u2606KungFuKenny_32\n","uploadtime":1681751516,"views":12,"p1id":"kungfukenny32","p2id":"uao","formatid":"gen9vgc2023regulationc","rating":1188,"private":0,"password":""}