{"id":"gen9vgc2023regulationc-1856401352","p1":"Inwaves22","p2":"vinceypoo","format":"[Gen 9] VGC 2023 Regulation C","log":"|j|\u2606Inwaves22\n|j|\u2606vinceypoo\n|t:|1683057902\n|gametype|doubles\n|player|p1|Inwaves22|falkner|1279\n|player|p2|vinceypoo|170|1380\n|teamsize|p1|6\n|teamsize|p2|6\n|gen|9\n|tier|[Gen 9] VGC 2023 Regulation C\n|rated|\n|rule|Species Clause: Limit one of each Pok\u00e9mon\n|rule|Item Clause: Limit one of each item\n|clearpoke\n|poke|p1|Glimmora, L50, M|\n|poke|p1|Chi-Yu, L50|\n|poke|p1|Flutter Mane, L50|\n|poke|p1|Dragonite, L50, M|\n|poke|p1|Dondozo, L50, F|\n|poke|p1|Tatsugiri, L50, F|\n|poke|p2|Ting-Lu, L50|\n|poke|p2|Vivillon-Fancy, L50, F|\n|poke|p2|Iron Bundle, L50|\n|poke|p2|Abomasnow, L50, F|\n|poke|p2|Annihilape, L50, M|\n|poke|p2|Chien-Pao, L50|\n|teampreview|4\n|\n|t:|1683057928\n|start\n|switch|p1a: Glimmora|Glimmora, L50, M|100\/100\n|switch|p1b: Dondozo|Dondozo, L50, F|100\/100\n|switch|p2a: Ting-Lu|Ting-Lu, L50|100\/100\n|switch|p2b: Vivillon|Vivillon-Fancy, L50, F|100\/100\n|-ability|p2a: Ting-Lu|Vessel of Ruin\n|turn|1\n|\n|t:|1683057952\n|-terastallize|p2a: Ting-Lu|Ground\n|move|p2b: Vivillon|Rage Powder|p2b: Vivillon\n|-singleturn|p2b: Vivillon|move: Rage Powder\n|move|p1a: Glimmora|Toxic|p2b: Vivillon\n|-status|p2b: Vivillon|tox\n|move|p2a: Ting-Lu|Earthquake|p1a: Glimmora|[spread] p1a,p1b\n|-immune|p2b: Vivillon\n|-supereffective|p1a: Glimmora\n|-enditem|p1a: Glimmora|Focus Sash\n|-damage|p1a: Glimmora|1\/100\n|-damage|p1b: Dondozo|50\/100\n|-activate|p1a: Glimmora|ability: Toxic Debris\n|-sidestart|p2: vinceypoo|move: Toxic Spikes\n|-enditem|p1b: Dondozo|Sitrus Berry|[eat]\n|-heal|p1b: Dondozo|75\/100|[from] item: Sitrus Berry\n|move|p1b: Dondozo|Yawn||[still]\n|-fail|p1b: Dondozo\n|\n|-damage|p2b: Vivillon|95\/100 tox|[from] psn\n|upkeep\n|turn|2\n|\n|t:|1683057982\n|move|p2b: Vivillon|Pollen Puff|p1a: Glimmora\n|-resisted|p1a: Glimmora\n|-damage|p1a: Glimmora|0 fnt\n|faint|p1a: Glimmora\n|move|p2a: Ting-Lu|Earthquake|p1b: Dondozo|[spread] p1b\n|-immune|p2b: Vivillon\n|-damage|p1b: Dondozo|23\/100\n|move|p1b: Dondozo|Wave Crash|p2b: Vivillon\n|-damage|p2b: Vivillon|15\/100 tox\n|-damage|p1b: Dondozo|7\/100|[from] Recoil\n|\n|-damage|p2b: Vivillon|4\/100 tox|[from] psn\n|upkeep\n|\n|t:|1683057995\n|switch|p1a: Chi-Yu|Chi-Yu, L50|100\/100\n|-ability|p1a: Chi-Yu|Beads of Ruin\n|turn|3\n|\n|t:|1683058016\n|-terastallize|p1a: Chi-Yu|Grass\n|move|p2b: Vivillon|Rage Powder|p2b: Vivillon\n|-singleturn|p2b: Vivillon|move: Rage Powder\n|move|p1a: Chi-Yu|Tera Blast|p2a: Ting-Lu\n|-supereffective|p2a: Ting-Lu\n|-damage|p2a: Ting-Lu|43\/100\n|move|p2a: Ting-Lu|Earthquake|p1b: Dondozo|[spread] p1a,p1b\n|-immune|p2b: Vivillon\n|-resisted|p1a: Chi-Yu\n|-damage|p1a: Chi-Yu|46\/100\n|-damage|p1b: Dondozo|0 fnt\n|faint|p1b: Dondozo\n|\n|-damage|p2b: Vivillon|0 fnt|[from] psn\n|faint|p2b: Vivillon\n|upkeep\n|\n|t:|1683058055\n|switch|p2b: Chien-Pao|Chien-Pao, L50|100\/100\n|switch|p1b: Flutter Mane|Flutter Mane, L50|100\/100\n|-status|p2b: Chien-Pao|psn\n|-ability|p2b: Chien-Pao|Sword of Ruin\n|-enditem|p1b: Flutter Mane|Booster Energy\n|-activate|p1b: Flutter Mane|ability: Protosynthesis|[fromitem]\n|-start|p1b: Flutter Mane|protosynthesisspe\n|turn|4\n|\n|t:|1683058073\n|move|p1a: Chi-Yu|Protect|p1a: Chi-Yu\n|-singleturn|p1a: Chi-Yu|Protect\n|move|p2b: Chien-Pao|Sucker Punch||[still]\n|-fail|p2b: Chien-Pao\n|move|p1b: Flutter Mane|Moonblast|p2b: Chien-Pao\n|-supereffective|p2b: Chien-Pao\n|-damage|p2b: Chien-Pao|0 fnt\n|faint|p2b: Chien-Pao\n|move|p2a: Ting-Lu|Earthquake|p1a: Chi-Yu|[spread] p1b\n|-activate|p1a: Chi-Yu|move: Protect\n|-damage|p1b: Flutter Mane|0 fnt\n|faint|p1b: Flutter Mane\n|-end|p1b: Flutter Mane|Protosynthesis|[silent]\n|\n|upkeep\n|\n|t:|1683058081\n|switch|p2b: Abomasnow|Abomasnow, L50, F|100\/100\n|-status|p2b: Abomasnow|psn\n|-weather|Snow|[from] ability: Snow Warning|[of] p2b: Abomasnow\n|turn|5\n|\n|t:|1683058089\n|move|p1a: Chi-Yu|Flamethrower|p2b: Abomasnow\n|-supereffective|p2b: Abomasnow\n|-damage|p2b: Abomasnow|0 fnt\n|faint|p2b: Abomasnow\n|move|p2a: Ting-Lu|Earthquake|p1a: Chi-Yu\n|-resisted|p1a: Chi-Yu\n|-damage|p1a: Chi-Yu|0 fnt\n|faint|p1a: Chi-Yu\n|\n|win|vinceypoo\n|raw|Inwaves22's rating: 1279 → 1261<\/strong> (-18 for losing)\n|raw|vinceypoo's rating: 1380 → 1394<\/strong> (+14 for winning)\n|l|\u2606vinceypoo\n","uploadtime":1683058097,"views":9,"p1id":"inwaves22","p2id":"vinceypoo","formatid":"gen9vgc2023regulationc","rating":1261,"private":0,"password":""}