{"id":"gen9vgc2023regulationc-1847002429","p1":"Zoono","p2":"elitesnorlaxuser","format":"[Gen 9] VGC 2023 Regulation C","log":"|j|\u2606Zoono\n|j|\u2606elitesnorlaxuser\n|t:|1681910680\n|gametype|doubles\n|player|p1|Zoono|ghetsis-gen5bw|1142\n|player|p2|elitesnorlaxuser|1|1206\n|teamsize|p1|6\n|teamsize|p2|6\n|gen|9\n|tier|[Gen 9] VGC 2023 Regulation C\n|rated|\n|rule|Species Clause: Limit one of each Pok\u00e9mon\n|rule|Item Clause: Limit one of each item\n|clearpoke\n|poke|p1|Flutter Mane, L50|\n|poke|p1|Amoonguss, L50, M|\n|poke|p1|Arcanine, L50, M|\n|poke|p1|Palafin, L50, F|\n|poke|p1|Ting-Lu, L50|\n|poke|p1|Dragonite, L50, F|\n|poke|p2|Flutter Mane, L50|\n|poke|p2|Palafin, L50, M|\n|poke|p2|Amoonguss, L50, F|\n|poke|p2|Dragonite, L50, F|\n|poke|p2|Glimmora, L50, M|\n|poke|p2|Arcanine, L50, F|\n|teampreview|4\nZoono has agreed to open team sheets.\n|\n|t:|1681910729\n|start\n|switch|p1a: Ting-Lu|Ting-Lu, L50|100\/100\n|switch|p1b: EEEEEEEEEEE|Flutter Mane, L50, shiny|100\/100\n|switch|p2a: Palafin|Palafin, L50, M|100\/100\n|switch|p2b: Glimmora|Glimmora, L50, M|100\/100\n|-ability|p1a: Ting-Lu|Vessel of Ruin\n|turn|1\n|\n|t:|1681910760\n|move|p2a: Palafin|Protect|p2a: Palafin\n|-singleturn|p2a: Palafin|Protect\n|move|p1b: EEEEEEEEEEE|Substitute|p1b: EEEEEEEEEEE\n|-start|p1b: EEEEEEEEEEE|Substitute\n|-damage|p1b: EEEEEEEEEEE|75\/100\n|move|p2b: Glimmora|Mortal Spin|p1b: EEEEEEEEEEE|[spread] p1a,p1b\n|-activate|p1b: EEEEEEEEEEE|move: Substitute|[damage]\n|-resisted|p1a: Ting-Lu\n|-damage|p1a: Ting-Lu|99\/100\n|-status|p1a: Ting-Lu|psn\n|move|p1a: Ting-Lu|Stomping Tantrum|p2b: Glimmora\n|-supereffective|p2b: Glimmora\n|-enditem|p2b: Glimmora|Focus Sash\n|-damage|p2b: Glimmora|1\/100\n|-activate|p2b: Glimmora|ability: Toxic Debris\n|-sidestart|p1: Zoono|move: Toxic Spikes\n|\n|-heal|p1b: EEEEEEEEEEE|82\/100|[from] item: Leftovers\n|-damage|p1a: Ting-Lu|87\/100 psn|[from] psn\n|upkeep\n|turn|2\n|\n|t:|1681910785\n|detailschange|p2a: Palafin|Palafin-Hero, L50, M\n|switch|p2a: Arcanine|Arcanine, L50, F|100\/100\n|-ability|p2a: Arcanine|Intimidate|boost\n|-unboost|p1a: Ting-Lu|atk|1\n|-immune|p1b: EEEEEEEEEEE\n|switch|p1a: Amogus|Amoonguss, L50, M, shiny|100\/100\n|-sideend|p1: Zoono|move: Toxic Spikes|[of] p1a: Amogus\n|move|p2b: Glimmora|Protect|p2b: Glimmora\n|-singleturn|p2b: Glimmora|Protect\n|move|p1b: EEEEEEEEEEE|Dazzling Gleam|p2b: Glimmora|[spread] p2a\n|-activate|p2b: Glimmora|move: Protect\n|-resisted|p2a: Arcanine\n|-damage|p2a: Arcanine|90\/100\n|\n|-heal|p1b: EEEEEEEEEEE|88\/100|[from] item: Leftovers\n|upkeep\n|turn|3\n|\n|t:|1681910824\n|switch|p2b: Flutter Mane|Flutter Mane, L50|100\/100\n|move|p1b: EEEEEEEEEEE|Dazzling Gleam|p2b: Flutter Mane|[spread] p2a,p2b\n|-resisted|p2a: Arcanine\n|-damage|p2a: Arcanine|80\/100\n|-damage|p2b: Flutter Mane|75\/100\n|move|p2a: Arcanine|Will-O-Wisp|p1a: Amogus|[miss]\n|-miss|p2a: Arcanine|p1a: Amogus\n|move|p1a: Amogus|Spore|p2a: Arcanine\n|-activate|p2a: Arcanine|item: Safety Goggles|Spore\n|\n|-heal|p2b: Flutter Mane|80\/100|[from] item: Leftovers\n|-heal|p1b: EEEEEEEEEEE|94\/100|[from] item: Leftovers\n|upkeep\n|turn|4\n|\n|t:|1681910842\n|move|p1a: Amogus|Rage Powder|p1a: Amogus\n|-singleturn|p1a: Amogus|move: Rage Powder\n|move|p2b: Flutter Mane|Substitute|p2b: Flutter Mane\n|-start|p2b: Flutter Mane|Substitute\n|-damage|p2b: Flutter Mane|56\/100\n|move|p1b: EEEEEEEEEEE|Shadow Ball|p2b: Flutter Mane\n|-supereffective|p2b: Flutter Mane\n|-end|p2b: Flutter Mane|Substitute\n|move|p2a: Arcanine|Flare Blitz|p1a: Amogus\n|-supereffective|p1a: Amogus\n|-damage|p1a: Amogus|19\/100\n|-status|p1a: Amogus|brn\n|-damage|p2a: Arcanine|64\/100|[from] item: Rocky Helmet|[of] p1a: Amogus\n|-damage|p2a: Arcanine|33\/100|[from] Recoil\n|\n|-heal|p2b: Flutter Mane|62\/100|[from] item: Leftovers\n|-heal|p1b: EEEEEEEEEEE|100\/100|[from] item: Leftovers\n|-damage|p1a: Amogus|13\/100 brn|[from] brn\n|upkeep\n|turn|5\n|\n|t:|1681910868\n|switch|p1a: Ting-Lu|Ting-Lu, L50|87\/100 psn\n|-ability|p1a: Ting-Lu|Vessel of Ruin\n|move|p2b: Flutter Mane|Protect|p2b: Flutter Mane\n|-singleturn|p2b: Flutter Mane|Protect\n|move|p2a: Arcanine|Protect|p2a: Arcanine\n|-singleturn|p2a: Arcanine|Protect\n|move|p1b: EEEEEEEEEEE|Shadow Ball|p2b: Flutter Mane\n|-activate|p2b: Flutter Mane|move: Protect\n|\n|-heal|p2b: Flutter Mane|68\/100|[from] item: Leftovers\n|-damage|p1a: Ting-Lu|75\/100 psn|[from] psn\n|upkeep\n|turn|6\n|\n|t:|1681910893\n|switch|p2a: Palafin|Palafin-Hero, L50, M|100\/100\n|-activate|p2a: Palafin|ability: Zero to Hero\n|move|p2b: Flutter Mane|Substitute|p2b: Flutter Mane\n|-start|p2b: Flutter Mane|Substitute\n|-damage|p2b: Flutter Mane|43\/100\n|move|p1b: EEEEEEEEEEE|Shadow Ball|p2b: Flutter Mane\n|-supereffective|p2b: Flutter Mane\n|-end|p2b: Flutter Mane|Substitute\n|move|p1a: Ting-Lu|Rock Slide|p2a: Palafin|[spread] p2b\n|-miss|p1a: Ting-Lu|p2a: Palafin\n|-damage|p2b: Flutter Mane|22\/100\n|\n|-heal|p2b: Flutter Mane|28\/100|[from] item: Leftovers\n|-damage|p1a: Ting-Lu|63\/100 psn|[from] psn\n|upkeep\n|turn|7\n|\n|t:|1681910917\n|switch|p1a: Nugget|Arcanine, L50, M, shiny|100\/100\n|-ability|p1a: Nugget|Intimidate|boost\n|-unboost|p2a: Palafin|atk|1\n|-unboost|p2b: Flutter Mane|atk|1\n|move|p2a: Palafin|Jet Punch|p1b: EEEEEEEEEEE\n|-end|p1b: EEEEEEEEEEE|Substitute\n|move|p2b: Flutter Mane|Hex|p1b: EEEEEEEEEEE\n|-supereffective|p1b: EEEEEEEEEEE\n|-damage|p1b: EEEEEEEEEEE|56\/100\n|move|p1b: EEEEEEEEEEE|Shadow Ball|p2b: Flutter Mane\n|-supereffective|p2b: Flutter Mane\n|-damage|p2b: Flutter Mane|0 fnt\n|faint|p2b: Flutter Mane\n|-end|p2b: Flutter Mane|Protosynthesis|[silent]\n|\n|-heal|p1b: EEEEEEEEEEE|62\/100|[from] item: Leftovers\n|upkeep\n|\n|t:|1681910928\n|switch|p2b: Arcanine|Arcanine, L50, F|33\/100\n|-ability|p2b: Arcanine|Intimidate|boost\n|-unboost|p1a: Nugget|atk|1\n|-unboost|p1b: EEEEEEEEEEE|atk|1\n|turn|8\n|\n|t:|1681910947\n|switch|p2b: Glimmora|Glimmora, L50, M|1\/100\n|-terastallize|p2a: Palafin|Water\n|-terastallize|p1a: Nugget|Grass\n|move|p1b: EEEEEEEEEEE|Protect|p1b: EEEEEEEEEEE\n|-singleturn|p1b: EEEEEEEEEEE|Protect\n|move|p2a: Palafin|Jet Punch|p1b: EEEEEEEEEEE\n|-activate|p1b: EEEEEEEEEEE|move: Protect\n|move|p1a: Nugget|Will-O-Wisp|p2a: Palafin\n|-status|p2a: Palafin|brn\n|-enditem|p2a: Palafin|Lum Berry|[eat]\n|-curestatus|p2a: Palafin|brn|[msg]\n|\n|-heal|p1b: EEEEEEEEEEE|68\/100|[from] item: Leftovers\n|upkeep\n|turn|9\n|\n|t:|1681910978\n|switch|p2a: Arcanine|Arcanine, L50, F|33\/100\n|-ability|p2a: Arcanine|Intimidate|boost\n|-unboost|p1a: Nugget|atk|1\n|-unboost|p1b: EEEEEEEEEEE|atk|1\n|move|p1b: EEEEEEEEEEE|Shadow Ball|p2a: Arcanine\n|-damage|p2a: Arcanine|4\/100\n|move|p2b: Glimmora|Sludge Bomb|p1a: Nugget\n|-supereffective|p1a: Nugget\n|-damage|p1a: Nugget|15\/100\n|move|p1a: Nugget|Snarl|p2b: Glimmora|[spread] p2a,p2b\n|-damage|p2a: Arcanine|0 fnt\n|-damage|p2b: Glimmora|0 fnt\n|faint|p2a: Arcanine\n|faint|p2b: Glimmora\n|\n|-heal|p1b: EEEEEEEEEEE|74\/100|[from] item: Leftovers\n|upkeep\n|\n|t:|1681910990\n|switch|p2b: Palafin|Palafin-Hero, L50, M, tera:Water|100\/100\n|turn|10\n|-message|elitesnorlaxuser forfeited.\n|\n|win|Zoono\n|raw|Zoono's rating: 1142 → 1172<\/strong> (+30 for winning)\n|raw|elitesnorlaxuser's rating: 1206 → 1176<\/strong> (-30 for losing)\n|l|\u2606elitesnorlaxuser\n","uploadtime":1681910998,"views":5,"p1id":"zoono","p2id":"elitesnorlaxuser","formatid":"gen9vgc2023regulationc","rating":1172,"private":0,"password":""}