{"id":"gen9vgc2023regulationc-1860592507","p1":"Supersuperhero","p2":"WillieDangerously","format":"[Gen 9] VGC 2023 Regulation C","log":"|j|\u2606Supersuperhero\n|j|\u2606WillieDangerously\n|t:|1683657272\n|gametype|doubles\n|player|p1|Supersuperhero|102|1228\n|player|p2|WillieDangerously|psychic-gen4|1242\n|teamsize|p1|6\n|teamsize|p2|6\n|gen|9\n|tier|[Gen 9] VGC 2023 Regulation C\n|rated|\n|rule|Species Clause: Limit one of each Pok\u00e9mon\n|rule|Item Clause: Limit one of each item\n|clearpoke\n|poke|p1|Braviary, L50, M|\n|poke|p1|Baxcalibur, L50, M|\n|poke|p1|Arcanine, L50, M|\n|poke|p1|Abomasnow, L50, M|\n|poke|p1|Flutter Mane, L50|\n|poke|p1|Palafin, L50, M|\n|poke|p2|Gholdengo, L50|\n|poke|p2|Wo-Chien, L50|\n|poke|p2|Iron Bundle, L50|\n|poke|p2|Dragapult, L50, M|\n|poke|p2|Hippowdon, L50, M|\n|poke|p2|Glimmora, L50, F|\n|teampreview|4\n|\n|t:|1683657330\n|start\n|switch|p1a: Flutter Mane|Flutter Mane, L50|100\/100\n|switch|p1b: Palafin|Palafin, L50, M|100\/100\n|switch|p2a: Glimmora|Glimmora, L50, F|100\/100\n|switch|p2b: Iron Bundle|Iron Bundle, L50|100\/100\n|-enditem|p2b: Iron Bundle|Booster Energy\n|-activate|p2b: Iron Bundle|ability: Quark Drive|[fromitem]\n|-start|p2b: Iron Bundle|quarkdrivespe\n|turn|1\n|\n|t:|1683657364\n|move|p2b: Iron Bundle|Protect|p2b: Iron Bundle\n|-singleturn|p2b: Iron Bundle|Protect\n|move|p1b: Palafin|Protect|p1b: Palafin\n|-singleturn|p1b: Palafin|Protect\n|move|p1a: Flutter Mane|Shadow Ball|p2a: Glimmora\n|-damage|p2a: Glimmora|54\/100\n|move|p2a: Glimmora|Mortal Spin|p1b: Palafin|[spread] p1a\n|-activate|p1b: Palafin|move: Protect\n|-crit|p1a: Flutter Mane\n|-damage|p1a: Flutter Mane|87\/100\n|-status|p1a: Flutter Mane|psn\n|\n|-damage|p1a: Flutter Mane|75\/100 psn|[from] psn\n|upkeep\n|turn|2\n|\n|t:|1683657403\n|detailschange|p1b: Palafin|Palafin-Hero, L50, M\n|switch|p1b: Abomasnow|Abomasnow, L50, M|100\/100\n|-weather|Snow|[from] ability: Snow Warning|[of] p1b: Abomasnow\n|move|p2b: Iron Bundle|Freeze-Dry|p1b: Abomasnow\n|-damage|p1b: Abomasnow|70\/100\n|move|p1a: Flutter Mane|Shadow Ball|p2a: Glimmora\n|-damage|p2a: Glimmora|7\/100\n|move|p2a: Glimmora|Power Gem|p1b: Abomasnow\n|-supereffective|p1b: Abomasnow\n|-damage|p1b: Abomasnow|5\/100\n|\n|-weather|Snow|[upkeep]\n|-damage|p1a: Flutter Mane|63\/100 psn|[from] psn\n|upkeep\n|turn|3\n|\n|t:|1683657430\n|-end|p1a: Flutter Mane|Protosynthesis|[silent]\n|switch|p1a: Arcanine|Arcanine, L50, M|100\/100\n|-ability|p1a: Arcanine|Intimidate|boost\n|-unboost|p2a: Glimmora|atk|1\n|-unboost|p2b: Iron Bundle|atk|1\n|move|p2b: Iron Bundle|Icy Wind|p1b: Abomasnow|[spread] p1a,p1b\n|-resisted|p1a: Arcanine\n|-damage|p1a: Arcanine|91\/100\n|-damage|p1b: Abomasnow|0 fnt\n|-unboost|p1a: Arcanine|spe|1\n|faint|p1b: Abomasnow\n|move|p2a: Glimmora|Power Gem|p1a: Arcanine\n|-supereffective|p1a: Arcanine\n|-damage|p1a: Arcanine|20\/100\n|\n|-weather|Snow|[upkeep]\n|upkeep\n|\n|t:|1683657436\n|switch|p1b: Flutter Mane|Flutter Mane, L50|63\/100 psn\n|turn|4\n|\n|t:|1683657456\n|switch|p2a: Gholdengo|Gholdengo, L50|100\/100\n|move|p2b: Iron Bundle|Protect|p2b: Iron Bundle\n|-singleturn|p2b: Iron Bundle|Protect\n|move|p1a: Arcanine|Extreme Speed|p2a: Gholdengo\n|-immune|p2a: Gholdengo\n|move|p1b: Flutter Mane|Moonblast|p2b: Iron Bundle\n|-activate|p2b: Iron Bundle|move: Protect\n|\n|-weather|Snow|[upkeep]\n|-damage|p1b: Flutter Mane|50\/100 psn|[from] psn\n|upkeep\n|turn|5\n|\n|t:|1683657485\n|-terastallize|p1b: Flutter Mane|Steel\n|move|p1a: Arcanine|Protect|p1a: Arcanine\n|-singleturn|p1a: Arcanine|Protect\n|move|p2b: Iron Bundle|Icy Wind|p1b: Flutter Mane|[spread] p1b\n|-activate|p1a: Arcanine|move: Protect\n|-resisted|p1b: Flutter Mane\n|-damage|p1b: Flutter Mane|41\/100 psn\n|-unboost|p1b: Flutter Mane|spe|1\n|move|p2a: Gholdengo|Make It Rain|p1a: Arcanine|[spread] p1b\n|-activate|p1a: Arcanine|move: Protect\n|-resisted|p1b: Flutter Mane\n|-damage|p1b: Flutter Mane|21\/100 psn\n|-unboost|p2a: Gholdengo|spa|1\n|move|p1b: Flutter Mane|Moonblast|p2b: Iron Bundle\n|-crit|p2b: Iron Bundle\n|-damage|p2b: Iron Bundle|0 fnt\n|faint|p2b: Iron Bundle\n|-end|p2b: Iron Bundle|Quark Drive|[silent]\n|\n|-weather|Snow|[upkeep]\n|-damage|p1b: Flutter Mane|9\/100 psn|[from] psn\n|upkeep\n|\n|t:|1683657510\n|switch|p2b: Dragapult|Dragapult, L50, M|100\/100\n|turn|6\n|-message|Supersuperhero forfeited.\n|\n|win|WillieDangerously\n|raw|Supersuperhero's rating: 1228 → 1204<\/strong> (-24 for losing)\n|raw|WillieDangerously's rating: 1242 → 1266<\/strong> (+24 for winning)\n|l|\u2606Supersuperhero\n","uploadtime":1683657525,"views":13,"p1id":"supersuperhero","p2id":"williedangerously","formatid":"gen9vgc2023regulationc","rating":1204,"private":0,"password":""}