{"id":"gen9vgc2023regulationc-1856122199","p1":"ttsui234","p2":"postman7534216","format":"[Gen 9] VGC 2023 Regulation C","log":"|j|\u2606ttsui234\n|j|\u2606postman7534216\n|t:|1683032518\n|gametype|doubles\n|player|p1|ttsui234|265|\n|player|p2|postman7534216|blackbelt-gen4dp|\n|teamsize|p1|6\n|teamsize|p2|6\n|gen|9\n|tier|[Gen 9] VGC 2023 Regulation C\n|rule|Species Clause: Limit one of each Pok\u00e9mon\n|rule|Item Clause: Limit one of each item\n|clearpoke\n|poke|p1|Stonjourner, L50, M|\n|poke|p1|Flapple, L50, M|\n|poke|p1|Tauros-Paldea-Aqua, L50, M|\n|poke|p1|Staraptor, L50, F|\n|poke|p1|Salazzle, L50, F|\n|poke|p1|Tatsugiri-Stretchy, L50, M|\n|poke|p2|Sableye, L50, M|\n|poke|p2|Spiritomb, L50, M|\n|poke|p2|Naclstack, L50, M|\n|poke|p2|Clodsire, L50, F|\n|poke|p2|Tropius, L50, F|\n|poke|p2|Drifloon, L50, F|\n|teampreview|4\n|\n|t:|1683032543\n|start\n|switch|p1a: Stonjourner|Stonjourner, L50, M, shiny|100\/100\n|switch|p1b: Flapple|Flapple, L50, M, shiny|100\/100\n|switch|p2a: Sableye|Sableye, L50, M|100\/100\n|switch|p2b: Drifloon|Drifloon, L50, F|100\/100\n|turn|1\n|\n|t:|1683032559\n|move|p2a: Sableye|Skill Swap|p2b: Drifloon\n|-activate|p2a: Sableye|move: Skill Swap|||[of] p2b: Drifloon\n|move|p2b: Drifloon|Minimize|p2b: Drifloon\n|-boost|p2b: Drifloon|evasion|2\n|move|p1a: Stonjourner|Gravity|p1a: Stonjourner\n|-fieldstart|move: Gravity\n|move|p1b: Flapple|Grav Apple|p2b: Drifloon\n|-resisted|p2b: Drifloon\n|-damage|p2b: Drifloon|0 fnt\n|faint|p2b: Drifloon\n|-damage|p1b: Flapple|91\/100|[from] item: Life Orb\n|\n|upkeep\n|\n|t:|1683032576\n|switch|p2b: Tropius|Tropius, L50, F|100\/100\n|turn|2\n|\n|t:|1683032590\n|move|p1a: Stonjourner|Rock Tomb|p2b: Tropius\n|-supereffective|p2b: Tropius\n|-damage|p2b: Tropius|60\/100\n|-unboost|p2b: Tropius|spe|1\n|move|p1b: Flapple|Grav Apple|p2a: Sableye\n|-enditem|p2a: Sableye|Focus Sash\n|-damage|p2a: Sableye|1\/100\n|-unboost|p2a: Sableye|def|1\n|-damage|p1b: Flapple|82\/100|[from] item: Life Orb\n|move|p2a: Sableye|Foul Play|p1b: Flapple\n|-damage|p1b: Flapple|21\/100\n|move|p2b: Tropius|Hurricane|p1b: Flapple\n|-supereffective|p1b: Flapple\n|-damage|p1b: Flapple|0 fnt\n|faint|p1b: Flapple\n|\n|upkeep\n|\n|t:|1683032606\n|switch|p1b: Tatsugiri|Tatsugiri-Stretchy, L50, M|100\/100\n|turn|3\n|\n|t:|1683032618\n|move|p1b: Tatsugiri|Muddy Water|p2b: Tropius|[spread] p2a,p2b\n|-resisted|p2b: Tropius\n|-damage|p2a: Sableye|0 fnt\n|-damage|p2b: Tropius|32\/100\n|-enditem|p2b: Tropius|Sitrus Berry|[eat]\n|-heal|p2b: Tropius|57\/100|[from] item: Sitrus Berry\n|faint|p2a: Sableye\n|move|p1a: Stonjourner|Rock Tomb|p2b: Tropius\n|-supereffective|p2b: Tropius\n|-damage|p2b: Tropius|15\/100\n|-unboost|p2b: Tropius|spe|1\n|move|p2b: Tropius|Leech Seed|p1b: Tatsugiri\n|-start|p1b: Tatsugiri|move: Leech Seed\n|\n|-damage|p1b: Tatsugiri|88\/100|[from] Leech Seed|[of] p2b: Tropius\n|-heal|p2b: Tropius|24\/100|[silent]\n|upkeep\n|\n|t:|1683032631\n|switch|p2a: Naclstack|Naclstack, L50, M|100\/100\n|turn|4\n|\n|t:|1683032650\n|-terastallize|p2a: Naclstack|Ghost\n|move|p2b: Tropius|Protect|p2b: Tropius\n|-singleturn|p2b: Tropius|Protect\n|move|p1b: Tatsugiri|Muddy Water|p2b: Tropius|[spread] p2a\n|-activate|p2b: Tropius|move: Protect\n|-damage|p2a: Naclstack|51\/100\n|move|p1a: Stonjourner|Rock Tomb|p2b: Tropius\n|-activate|p2b: Tropius|move: Protect\n|move|p2a: Naclstack|Salt Cure|p1b: Tatsugiri\n|-damage|p1b: Tatsugiri|71\/100\n|-start|p1b: Tatsugiri|Salt Cure\n|\n|-damage|p1b: Tatsugiri|59\/100|[from] Leech Seed|[of] p2b: Tropius\n|-heal|p2b: Tropius|33\/100|[silent]\n|-damage|p1b: Tatsugiri|34\/100|[from] Salt Cure\n|-item|p2b: Tropius|Sitrus Berry|[from] ability: Harvest\n|upkeep\n|-enditem|p2b: Tropius|Sitrus Berry|[eat]\n|-heal|p2b: Tropius|57\/100|[from] item: Sitrus Berry\n|turn|5\n|\n|t:|1683032673\n|move|p2a: Naclstack|Protect|p2a: Naclstack\n|-singleturn|p2a: Naclstack|Protect\n|move|p1b: Tatsugiri|Muddy Water|p2a: Naclstack|[spread] p2b\n|-activate|p2a: Naclstack|move: Protect\n|-resisted|p2b: Tropius\n|-damage|p2b: Tropius|31\/100\n|move|p1a: Stonjourner|Rock Tomb|p2b: Tropius\n|-supereffective|p2b: Tropius\n|-damage|p2b: Tropius|0 fnt\n|faint|p2b: Tropius\n|\n|-damage|p1b: Tatsugiri|9\/100|[from] Salt Cure\n|-fieldend|move: Gravity\n|upkeep\n|turn|6\n|\n|t:|1683032688\n|move|p1b: Tatsugiri|Muddy Water|p2a: Naclstack\n|-damage|p2a: Naclstack|0 fnt\n|faint|p2a: Naclstack\n|\n|win|ttsui234\n|l|\u2606postman7534216\n","uploadtime":1683032696,"views":6,"p1id":"ttsui234","p2id":"postman7534216","formatid":"gen9vgc2023regulationc","rating":0,"private":0,"password":""}