{"id":"gen9vgc2023regulationc-1862744953","p1":"spectra991","p2":"0TestingAC0","format":"[Gen 9] VGC 2023 Regulation C","log":"|j|\u2606spectra991\n|j|\u26060TestingAC0\n|t:|1683917567\n|gametype|doubles\n|player|p1|spectra991|alder|1385\n|player|p2|0TestingAC0|shadowtriad|1326\n|teamsize|p1|6\n|teamsize|p2|6\n|gen|9\n|tier|[Gen 9] VGC 2023 Regulation C\n|rated|\n|rule|Species Clause: Limit one of each Pok\u00e9mon\n|rule|Item Clause: Limit one of each item\n|clearpoke\n|poke|p1|Flutter Mane, L50|\n|poke|p1|Amoonguss, L50, F|\n|poke|p1|Arcanine, L50, M|\n|poke|p1|Palafin, L50, F|\n|poke|p1|Chien-Pao, L50|\n|poke|p1|Kingambit, L50, M|\n|poke|p2|Iron Bundle, L50|\n|poke|p2|Dondozo, L50, F|\n|poke|p2|Tatsugiri, L50, M|\n|poke|p2|Glimmora, L50, M|\n|poke|p2|Dragonite, L50, M|\n|poke|p2|Chi-Yu, L50|\n|teampreview|4\n|inactive|Battle timer is ON: inactive players will automatically lose when time's up. (requested by spectra991)\n|inactive|0TestingAC0 has 60 seconds left.\n|\n|t:|1683917604\n|start\n|switch|p1a: Flutter Mane|Flutter Mane, L50|100\/100\n|switch|p1b: Palafin|Palafin, L50, F|100\/100\n|switch|p2a: Glimmora|Glimmora, L50, M|100\/100\n|switch|p2b: Dondozo|Dondozo, L50, F|100\/100\n|turn|1\n|inactive|0TestingAC0 has 30 seconds left.\n|inactive|0TestingAC0 has 20 seconds left.\n|\n|t:|1683917639\n|-terastallize|p2b: Dondozo|Grass\n|move|p1b: Palafin|Protect|p1b: Palafin\n|-singleturn|p1b: Palafin|Protect\n|move|p1a: Flutter Mane|Moonblast|p2b: Dondozo\n|-damage|p2b: Dondozo|47\/100\n|move|p2a: Glimmora|Mortal Spin|p1a: Flutter Mane|[spread] p1a\n|-activate|p1b: Palafin|move: Protect\n|-damage|p1a: Flutter Mane|92\/100\n|-status|p1a: Flutter Mane|psn\n|move|p2b: Dondozo|Wave Crash|p1a: Flutter Mane\n|-damage|p1a: Flutter Mane|3\/100 psn\n|-damage|p2b: Dondozo|28\/100|[from] Recoil\n|\n|-heal|p2b: Dondozo|34\/100|[from] item: Leftovers\n|-damage|p1a: Flutter Mane|0 fnt|[from] psn\n|faint|p1a: Flutter Mane\n|-end|p1a: Flutter Mane|Protosynthesis|[silent]\n|upkeep\n|inactive|spectra991 has 30 seconds left.\n|\n|t:|1683917666\n|switch|p1a: Chien-Pao|Chien-Pao, L50|100\/100\n|-ability|p1a: Chien-Pao|Sword of Ruin\n|turn|2\n|\n|t:|1683917675\n|detailschange|p1b: Palafin|Palafin-Hero, L50, F\n|switch|p1b: Arcanine|Arcanine, L50, M|100\/100\n|-ability|p1b: Arcanine|Intimidate|boost\n|-unboost|p2a: Glimmora|atk|1\n|-unboost|p2b: Dondozo|atk|1\n|move|p1a: Chien-Pao|Protect|p1a: Chien-Pao\n|-singleturn|p1a: Chien-Pao|Protect\n|move|p2b: Dondozo|Protect|p2b: Dondozo\n|-singleturn|p2b: Dondozo|Protect\n|move|p2a: Glimmora|Mortal Spin|p1b: Arcanine|[spread] p1b\n|-activate|p1a: Chien-Pao|move: Protect\n|-damage|p1b: Arcanine|96\/100\n|-status|p1b: Arcanine|psn\n|\n|-heal|p2b: Dondozo|40\/100|[from] item: Leftovers\n|-damage|p1b: Arcanine|84\/100 psn|[from] psn\n|upkeep\n|turn|3\n|inactive|spectra991 has 30 seconds left.\n|inactive|0TestingAC0 has 30 seconds left.\n|inactive|spectra991 has 20 seconds left.\n|inactive|0TestingAC0 has 20 seconds left.\n|inactive|0TestingAC0 has 15 seconds left.\n|inactive|0TestingAC0 has 10 seconds left.\n|\n|t:|1683917723\n|switch|p2b: Chi-Yu|Chi-Yu, L50|100\/100\n|-ability|p2b: Chi-Yu|Beads of Ruin\n|move|p1a: Chien-Pao|Sacred Sword|p2a: Glimmora\n|-damage|p2a: Glimmora|52\/100\n|-activate|p2a: Glimmora|ability: Toxic Debris\n|-sidestart|p1: spectra991|move: Toxic Spikes\n|move|p1b: Arcanine|Flare Blitz|p2a: Glimmora\n|-resisted|p2a: Glimmora\n|-damage|p2a: Glimmora|16\/100\n|-activate|p2a: Glimmora|ability: Toxic Debris\n|-sidestart|p1: spectra991|move: Toxic Spikes\n|-damage|p1b: Arcanine|73\/100 psn|[from] Recoil\n|move|p2a: Glimmora|Earth Power|p1a: Chien-Pao\n|-damage|p1a: Chien-Pao|40\/100\n|\n|-damage|p1b: Arcanine|60\/100 psn|[from] psn\n|upkeep\n|turn|4\n|inactive|spectra991 has 30 seconds left.\n|inactive|0TestingAC0 has 30 seconds left.\n|inactive|0TestingAC0 has 20 seconds left.\n|inactive|0TestingAC0 has 15 seconds left.\n|\n|t:|1683917765\n|move|p1a: Chien-Pao|Protect|p1a: Chien-Pao\n|-singleturn|p1a: Chien-Pao|Protect\n|move|p1b: Arcanine|Extreme Speed|p2b: Chi-Yu\n|-damage|p2b: Chi-Yu|54\/100\n|move|p2b: Chi-Yu|Heat Wave|p1a: Chien-Pao|[spread] p1b\n|-activate|p1a: Chien-Pao|move: Protect\n|-resisted|p1b: Arcanine\n|-damage|p1b: Arcanine|37\/100 psn\n|move|p2a: Glimmora|Earth Power|p1b: Arcanine\n|-supereffective|p1b: Arcanine\n|-damage|p1b: Arcanine|0 fnt\n|faint|p1b: Arcanine\n|\n|upkeep\n|\n|t:|1683917780\n|switch|p1b: Palafin|Palafin-Hero, L50, F|100\/100\n|-status|p1b: Palafin|tox\n|-activate|p1b: Palafin|ability: Zero to Hero\n|turn|5\n|\n|t:|1683917799\n|-terastallize|p1b: Palafin|Water\n|move|p2b: Chi-Yu|Protect|p2b: Chi-Yu\n|-singleturn|p2b: Chi-Yu|Protect\n|move|p1b: Palafin|Jet Punch|p2b: Chi-Yu\n|-activate|p2b: Chi-Yu|move: Protect\n|move|p1a: Chien-Pao|Sacred Sword|p2a: Glimmora\n|-damage|p2a: Glimmora|0 fnt\n|faint|p2a: Glimmora\n|\n|-damage|p1b: Palafin|95\/100 tox|[from] psn\n|upkeep\n|\n|t:|1683917813\n|switch|p2a: Dragonite|Dragonite, L50, M|100\/100\n|turn|6\n|\n|t:|1683917829\n|move|p1a: Chien-Pao|Protect|p1a: Chien-Pao\n|-singleturn|p1a: Chien-Pao|Protect\n|move|p2a: Dragonite|Extreme Speed|p1a: Chien-Pao\n|-activate|p1a: Chien-Pao|move: Protect\n|move|p1b: Palafin|Jet Punch|p2b: Chi-Yu\n|-supereffective|p2b: Chi-Yu\n|-damage|p2b: Chi-Yu|0 fnt\n|faint|p2b: Chi-Yu\n|\n|-damage|p1b: Palafin|83\/100 tox|[from] psn\n|upkeep\n|\n|t:|1683917841\n|switch|p2b: Dondozo|Dondozo, L50, F, tera:Grass|40\/100\n|turn|7\n|\n|t:|1683917855\n|move|p2a: Dragonite|Extreme Speed|p1a: Chien-Pao\n|-damage|p1a: Chien-Pao|0 fnt\n|faint|p1a: Chien-Pao\n|move|p1b: Palafin|Jet Punch|p2a: Dragonite\n|-resisted|p2a: Dragonite\n|-damage|p2a: Dragonite|86\/100\n|move|p2b: Dondozo|Earthquake|p1b: Palafin|[spread] p1b\n|-immune|p2a: Dragonite\n|-damage|p1b: Palafin|63\/100 tox\n|\n|-heal|p2b: Dondozo|47\/100|[from] item: Leftovers\n|-damage|p1b: Palafin|45\/100 tox|[from] psn\n|upkeep\n|turn|8\n|\n|t:|1683917871\n|move|p2a: Dragonite|Extreme Speed|p1b: Palafin\n|-damage|p1b: Palafin|16\/100 tox\n|move|p1b: Palafin|Jet Punch|p2a: Dragonite\n|-resisted|p2a: Dragonite\n|-damage|p2a: Dragonite|55\/100\n|move|p2b: Dondozo|Tera Blast|p1b: Palafin\n|-supereffective|p1b: Palafin\n|-damage|p1b: Palafin|0 fnt\n|faint|p1b: Palafin\n|\n|win|0TestingAC0\n|raw|spectra991's rating: 1385 → 1362<\/strong> (-23 for losing)\n|raw|0TestingAC0's rating: 1326 → 1349<\/strong> (+23 for winning)\n","uploadtime":1683917878,"views":11,"p1id":"spectra991","p2id":"0testingac0","formatid":"gen9vgc2023regulationc","rating":1349,"private":0,"password":""}