{"id":"gen9vgc2023regulationc-1850329407","p1":"Ujujyhh","p2":"MareeohYT","format":"[Gen 9] VGC 2023 Regulation C","log":"|j|\u2606Ujujyhh\n|j|\u2606MareeohYT\n|t:|1682319164\n|gametype|doubles\n|player|p1|Ujujyhh|1|1279\n|player|p2|MareeohYT|policeman-gen4|1311\n|teamsize|p1|6\n|teamsize|p2|6\n|gen|9\n|tier|[Gen 9] VGC 2023 Regulation C\n|rated|\n|rule|Species Clause: Limit one of each Pok\u00e9mon\n|rule|Item Clause: Limit one of each item\n|clearpoke\n|poke|p1|Amoonguss, L50, F|\n|poke|p1|Palafin, L50, M|\n|poke|p1|Arcanine, L50, F|\n|poke|p1|Flutter Mane, L50|\n|poke|p1|Roaring Moon, L50|\n|poke|p1|Ting-Lu, L50|\n|poke|p2|Gyarados, L50, M|\n|poke|p2|Great Tusk, L50|\n|poke|p2|Flutter Mane, L50|\n|poke|p2|Chi-Yu, L50|\n|poke|p2|Murkrow, L50, M|\n|poke|p2|Iron Bundle, L50|\n|teampreview|4\n|inactive|Battle timer is ON: inactive players will automatically lose when time's up. (requested by Ujujyhh)\n|\n|t:|1682319192\n|start\n|switch|p1a: Flutter Mane|Flutter Mane, L50|100\/100\n|switch|p1b: Palafin|Palafin, L50, M|100\/100\n|switch|p2a: Iron Bundle|Iron Bundle, L50|100\/100\n|switch|p2b: Flutter Mane|Flutter Mane, L50|100\/100\n|-enditem|p2a: Iron Bundle|Booster Energy\n|-activate|p2a: Iron Bundle|ability: Quark Drive|[fromitem]\n|-start|p2a: Iron Bundle|quarkdrivespe\n|turn|1\n|\n|t:|1682319214\n|detailschange|p1b: Palafin|Palafin-Hero, L50, M\n|switch|p1b: Ting-Lu|Ting-Lu, L50|100\/100\n|-ability|p1b: Ting-Lu|Vessel of Ruin\n|-terastallize|p1a: Flutter Mane|Fairy\n|move|p2a: Iron Bundle|Icy Wind|p1a: Flutter Mane|[spread] p1a,p1b\n|-supereffective|p1b: Ting-Lu\n|-damage|p1a: Flutter Mane|86\/100\n|-damage|p1b: Ting-Lu|84\/100\n|-unboost|p1a: Flutter Mane|spe|1\n|-unboost|p1b: Ting-Lu|spe|1\n|move|p2b: Flutter Mane|Shadow Ball|p1a: Flutter Mane\n|-damage|p1a: Flutter Mane|38\/100\n|-unboost|p1a: Flutter Mane|spd|1\n|move|p1a: Flutter Mane|Dazzling Gleam|p2a: Iron Bundle|[spread] p2a,p2b\n|-damage|p2a: Iron Bundle|0 fnt\n|-damage|p2b: Flutter Mane|58\/100\n|faint|p2a: Iron Bundle\n|-end|p2a: Iron Bundle|Quark Drive|[silent]\n|\n|upkeep\n|\n|t:|1682319232\n|switch|p2a: Great Tusk|Great Tusk, L50|100\/100\n|turn|2\n|\n|t:|1682319237\n|-end|p1a: Flutter Mane|Protosynthesis|[silent]\n|switch|p1a: Arcanine|Arcanine, L50, F|100\/100\n|-ability|p1a: Arcanine|Intimidate|boost\n|-unboost|p2a: Great Tusk|atk|1\n|-unboost|p2b: Flutter Mane|atk|1\n|move|p2b: Flutter Mane|Shadow Ball|p1a: Arcanine\n|-damage|p1a: Arcanine|57\/100\n|move|p2a: Great Tusk|Close Combat|p1b: Ting-Lu\n|-supereffective|p1b: Ting-Lu\n|-damage|p1b: Ting-Lu|19\/100\n|-unboost|p2a: Great Tusk|def|1\n|-unboost|p2a: Great Tusk|spd|1\n|move|p1b: Ting-Lu|Heavy Slam|p2b: Flutter Mane\n|-supereffective|p2b: Flutter Mane\n|-damage|p2b: Flutter Mane|0 fnt\n|faint|p2b: Flutter Mane\n|-end|p2b: Flutter Mane|Protosynthesis|[silent]\n|\n|upkeep\n|\n|t:|1682319246\n|switch|p2b: Gyarados|Gyarados, L50, M|100\/100\n|-ability|p2b: Gyarados|Intimidate|boost\n|-unboost|p1a: Arcanine|atk|1\n|-unboost|p1b: Ting-Lu|atk|1\n|turn|3\n|\n|t:|1682319256\n|move|p2a: Great Tusk|Close Combat|p1b: Ting-Lu\n|-supereffective|p1b: Ting-Lu\n|-damage|p1b: Ting-Lu|0 fnt\n|-unboost|p2a: Great Tusk|def|1\n|-unboost|p2a: Great Tusk|spd|1\n|faint|p1b: Ting-Lu\n|move|p2b: Gyarados|Waterfall|p1a: Arcanine\n|-supereffective|p1a: Arcanine\n|-damage|p1a: Arcanine|0 fnt\n|faint|p1a: Arcanine\n|\n|upkeep\n|\n|t:|1682319262\n|switch|p1a: Flutter Mane|Flutter Mane, L50, tera:Fairy|38\/100\n|switch|p1b: Palafin|Palafin-Hero, L50, M|100\/100\n|-activate|p1b: Palafin|ability: Zero to Hero\n|turn|4\n|\n|t:|1682319270\n|move|p1b: Palafin|Jet Punch|p2a: Great Tusk\n|-supereffective|p2a: Great Tusk\n|-damage|p2a: Great Tusk|0 fnt\n|faint|p2a: Great Tusk\n|-end|p2a: Great Tusk|Protosynthesis|[silent]\n|move|p1a: Flutter Mane|Dazzling Gleam|p2b: Gyarados\n|-damage|p2b: Gyarados|24\/100\n|-enditem|p2b: Gyarados|Aguav Berry|[eat]\n|-heal|p2b: Gyarados|57\/100|[from] item: Aguav Berry\n|move|p2b: Gyarados|Waterfall|p1a: Flutter Mane\n|-damage|p1a: Flutter Mane|0 fnt\n|faint|p1a: Flutter Mane\n|-end|p1a: Flutter Mane|Protosynthesis|[silent]\n|\n|upkeep\n|turn|5\n|\n|t:|1682319285\n|move|p2b: Gyarados|Thunder Wave|p1b: Palafin\n|-status|p1b: Palafin|par\n|move|p1b: Palafin|Wave Crash|p2b: Gyarados\n|-resisted|p2b: Gyarados\n|-damage|p2b: Gyarados|8\/100\n|-damage|p1b: Palafin|85\/100 par|[from] Recoil\n|\n|upkeep\n|turn|6\n|\n|t:|1682319290\n|cant|p1b: Palafin|par\n|move|p2b: Gyarados|Waterfall|p1b: Palafin\n|-resisted|p1b: Palafin\n|-damage|p1b: Palafin|70\/100 par\n|\n|upkeep\n|turn|7\n|\n|t:|1682319294\n|move|p1b: Palafin|Jet Punch|p2b: Gyarados\n|-resisted|p2b: Gyarados\n|-damage|p2b: Gyarados|0 fnt\n|faint|p2b: Gyarados\n|\n|win|Ujujyhh\n|raw|Ujujyhh's rating: 1279 → 1306<\/strong> (+27 for winning)\n|raw|MareeohYT's rating: 1311 → 1289<\/strong> (-22 for losing)\n|l|\u2606Ujujyhh\n","uploadtime":1682319299,"views":33,"p1id":"ujujyhh","p2id":"mareeohyt","formatid":"gen9vgc2023regulationc","rating":1289,"private":0,"password":""}