{"id":"gen9vgc2023regulationc-1860851761","p1":"BlindMagneton","p2":"PokemonBreederJoey","format":"[Gen 9] VGC 2023 Regulation C","log":"|j|\u2606BlindMagneton\n|j|\u2606PokemonBreederJoey\n|t:|1683685790\n|gametype|doubles\n|player|p1|BlindMagneton|wattson|1326\n|player|p2|PokemonBreederJoey|266|1382\n|teamsize|p1|6\n|teamsize|p2|6\n|gen|9\n|tier|[Gen 9] VGC 2023 Regulation C\n|rated|\n|rule|Species Clause: Limit one of each Pok\u00e9mon\n|rule|Item Clause: Limit one of each item\n|clearpoke\n|poke|p1|Iron Bundle, L50|\n|poke|p1|Sandy Shocks, L50|\n|poke|p1|Pelipper, L50, F|\n|poke|p1|Scizor, L50, F|\n|poke|p1|Magnezone, L50|\n|poke|p1|Azumarill, L50, M|\n|poke|p2|Grimmsnarl, L50, M|\n|poke|p2|Kingambit, L50, M|\n|poke|p2|Garganacl, L50, F|\n|poke|p2|Sylveon, L50, M|\n|poke|p2|Kilowattrel, L50, M|\n|poke|p2|Skeledirge, L50, M|\n|teampreview|4\n|inactive|Battle timer is ON: inactive players will automatically lose when time's up. (requested by PokemonBreederJoey)\n|inactive|BlindMagneton has 60 seconds left.\n|inactive|BlindMagneton has 30 seconds left.\n|inactive|BlindMagneton has 20 seconds left.\n|\n|t:|1683685940\n|start\n|switch|p1a: Scizor|Scizor, L50, F|100\/100\n|switch|p1b: Azumarill|Azumarill, L50, M|100\/100\n|switch|p2a: Grimmsnarl|Grimmsnarl, L50, M|100\/100\n|switch|p2b: Kingambit|Kingambit, L50, M|100\/100\n|turn|1\n|\n|t:|1683685963\n|move|p1a: Scizor|Quick Guard|p1a: Scizor\n|-singleturn|p1a: Scizor|Quick Guard\n|move|p2a: Grimmsnarl|Fake Out|p1a: Scizor\n|-activate|p1a: Scizor|move: Quick Guard\n|move|p1b: Azumarill|Superpower|p2b: Kingambit\n|-supereffective|p2b: Kingambit\n|-damage|p2b: Kingambit|0 fnt\n|-unboost|p1b: Azumarill|atk|1\n|-unboost|p1b: Azumarill|def|1\n|faint|p2b: Kingambit\n|\n|upkeep\n|inactive|PokemonBreederJoey has 30 seconds left.\n|\n|t:|1683685991\n|switch|p2b: Sylveon|Sylveon, L50, M|100\/100\n|turn|2\n|inactive|BlindMagneton has 30 seconds left.\n|inactive|BlindMagneton has 20 seconds left.\n|\n|t:|1683686026\n|switch|p1b: Pelipper|Pelipper, L50, F|100\/100\n|-weather|RainDance|[from] ability: Drizzle|[of] p1b: Pelipper\n|-terastallize|p1a: Scizor|Water\n|move|p1a: Scizor|Bullet Punch|p2a: Grimmsnarl\n|-supereffective|p2a: Grimmsnarl\n|-damage|p2a: Grimmsnarl|4\/100\n|-damage|p1a: Scizor|91\/100|[from] item: Life Orb\n|move|p2a: Grimmsnarl|Reflect|p2a: Grimmsnarl\n|-sidestart|p2: PokemonBreederJoey|Reflect\n|move|p2b: Sylveon|Hyper Voice|p1a: Scizor|[spread] p1a,p1b\n|-damage|p1a: Scizor|35\/100\n|-damage|p1b: Pelipper|43\/100\n|-enditem|p2b: Sylveon|Throat Spray\n|-boost|p2b: Sylveon|spa|1|[from] item: Throat Spray\n|\n|-weather|RainDance|[upkeep]\n|upkeep\n|turn|3\n|\n|t:|1683686046\n|move|p1b: Pelipper|Wide Guard|p1b: Pelipper\n|-singleturn|p1b: Pelipper|Wide Guard\n|move|p1a: Scizor|Bullet Punch|p2a: Grimmsnarl\n|-supereffective|p2a: Grimmsnarl\n|-damage|p2a: Grimmsnarl|0 fnt\n|faint|p2a: Grimmsnarl\n|-damage|p1a: Scizor|25\/100|[from] item: Life Orb\n|move|p2b: Sylveon|Hyper Voice|p1b: Pelipper|[spread] \n|-activate|p1a: Scizor|move: Wide Guard\n|-activate|p1b: Pelipper|move: Wide Guard\n|\n|-weather|RainDance|[upkeep]\n|upkeep\n|\n|t:|1683686059\n|switch|p2a: Kilowattrel|Kilowattrel, L50, M|100\/100\n|turn|4\n|\n|t:|1683686078\n|move|p1b: Pelipper|Wide Guard|p1b: Pelipper\n|-singleturn|p1b: Pelipper|Wide Guard\n|move|p2a: Kilowattrel|Thunderbolt|p1b: Pelipper\n|-supereffective|p1b: Pelipper\n|-damage|p1b: Pelipper|0 fnt\n|faint|p1b: Pelipper\n|move|p1a: Scizor|Tera Blast|p2a: Kilowattrel\n|-enditem|p2a: Kilowattrel|Focus Sash\n|-damage|p2a: Kilowattrel|1\/100\n|-damage|p1a: Scizor|16\/100|[from] item: Life Orb\n|move|p2b: Sylveon|Tera Blast|p1a: Scizor\n|-damage|p1a: Scizor|0 fnt\n|faint|p1a: Scizor\n|\n|-weather|RainDance|[upkeep]\n|upkeep\n|\n|t:|1683686091\n|switch|p1a: Azumarill|Azumarill, L50, M|100\/100\n|switch|p1b: Magnezone|Magnezone, L50|100\/100\n|turn|5\n|inactive|BlindMagneton has 30 seconds left.\n|\n|t:|1683686121\n|move|p1b: Magnezone|Protect|p1b: Magnezone\n|-singleturn|p1b: Magnezone|Protect\n|move|p1a: Azumarill|Aqua Jet|p2a: Kilowattrel\n|-damage|p2a: Kilowattrel|0 fnt\n|faint|p2a: Kilowattrel\n|move|p2b: Sylveon|Hyper Voice|p1a: Azumarill|[spread] p1a\n|-activate|p1b: Magnezone|move: Protect\n|-damage|p1a: Azumarill|32\/100\n|\n|-weather|RainDance|[upkeep]\n|upkeep\n|turn|6\n|\n|t:|1683686137\n|move|p2b: Sylveon|Protect|p2b: Sylveon\n|-singleturn|p2b: Sylveon|Protect\n|move|p1a: Azumarill|Aqua Jet|p2b: Sylveon\n|-activate|p2b: Sylveon|move: Protect\n|move|p1b: Magnezone|Flash Cannon|p2b: Sylveon\n|-activate|p2b: Sylveon|move: Protect\n|\n|-weather|none\n|upkeep\n|turn|7\n|\n|t:|1683686150\n|-terastallize|p2b: Sylveon|Fire\n|move|p1a: Azumarill|Aqua Jet|p2b: Sylveon\n|-supereffective|p2b: Sylveon\n|-crit|p2b: Sylveon\n|-damage|p2b: Sylveon|0 fnt\n|faint|p2b: Sylveon\n|\n|win|BlindMagneton\n|raw|BlindMagneton's rating: 1326 → 1349<\/strong> (+23 for winning)\n|raw|PokemonBreederJoey's rating: 1382 → 1359<\/strong> (-23 for losing)\n","uploadtime":1683686160,"views":17,"p1id":"blindmagneton","p2id":"pokemonbreederjoey","formatid":"gen9vgc2023regulationc","rating":1349,"private":0,"password":""}