{"id":"gen9vgc2023regulationc-1850761226","p1":"lampis97","p2":"Kim Wexler Gaming","format":"[Gen 9] VGC 2023 Regulation C","log":"|j|\u2606lampis97\n|j|\u2606Kim Wexler Gaming\n|t:|1682365436\n|gametype|doubles\n|player|p1|lampis97|1|1263\n|player|p2|Kim Wexler Gaming|penny|1164\n|teamsize|p1|6\n|teamsize|p2|6\n|gen|9\n|tier|[Gen 9] VGC 2023 Regulation C\n|rated|\n|rule|Species Clause: Limit one of each Pok\u00e9mon\n|rule|Item Clause: Limit one of each item\n|clearpoke\n|poke|p1|Garganacl, L50, M|\n|poke|p1|Baxcalibur, L50, F|\n|poke|p1|Gyarados, L50, M|\n|poke|p1|Flutter Mane, L50|\n|poke|p1|Chi-Yu, L50|\n|poke|p1|Iron Bundle, L50|\n|poke|p2|Iron Jugulis, L50|\n|poke|p2|Garchomp, L50, F|\n|poke|p2|Chien-Pao, L50|\n|poke|p2|Kilowattrel, L50, F|\n|poke|p2|Mismagius, L50, F|\n|poke|p2|Ting-Lu, L50|\n|teampreview|4\n|inactive|Battle timer is ON: inactive players will automatically lose when time's up. (requested by Kim Wexler Gaming)\n|inactive|Kim Wexler Gaming has 60 seconds left.\n|\n|t:|1682365468\n|start\n|switch|p1a: Baxcalibur|Baxcalibur, L50, F|100\/100\n|switch|p1b: Garganacl|Garganacl, L50, M|100\/100\n|switch|p2a: Goose|Kilowattrel, L50, F, shiny|100\/100\n|switch|p2b: Whaaaaaat.|Iron Jugulis, L50|100\/100\n|-enditem|p2b: Whaaaaaat.|Booster Energy\n|-activate|p2b: Whaaaaaat.|ability: Quark Drive|[fromitem]\n|-start|p2b: Whaaaaaat.|quarkdrivespe\n|turn|1\n|inactive|lampis97 has 30 seconds left.\n|\n|t:|1682365496\n|move|p2b: Whaaaaaat.|Tailwind|p2b: Whaaaaaat.\n|-sidestart|p2: Kim Wexler Gaming|move: Tailwind\n|move|p2a: Goose|Discharge|p1b: Garganacl|[spread] p2b,p1a,p1b\n|-supereffective|p2b: Whaaaaaat.\n|-resisted|p1a: Baxcalibur\n|-damage|p2b: Whaaaaaat.|15\/100\n|-damage|p1a: Baxcalibur|84\/100\n|-damage|p1b: Garganacl|75\/100\n|-status|p2b: Whaaaaaat.|par\n|move|p1a: Baxcalibur|Icicle Spear|p2b: Whaaaaaat.\n|-supereffective|p2b: Whaaaaaat.\n|-damage|p2b: Whaaaaaat.|0 fnt\n|faint|p2b: Whaaaaaat.\n|-end|p2b: Whaaaaaat.|Quark Drive|[silent]\n|-hitcount|p2: Whaaaaaat.|1\n|move|p1b: Garganacl|Salt Cure|p2a: Goose\n|-supereffective|p2a: Goose\n|-damage|p2a: Goose|55\/100\n|-start|p2a: Goose|Salt Cure\n|\n|-heal|p1b: Garganacl|81\/100|[from] item: Leftovers\n|-damage|p2a: Goose|43\/100|[from] Salt Cure\n|upkeep\n|c|\u2606Kim Wexler Gaming|Good luck, have fun.\n|\n|t:|1682365508\n|switch|p2b: Dommy Mommy|Garchomp, L50, F, shiny|100\/100\n|turn|2\n|\n|t:|1682365527\n|-terastallize|p2b: Dommy Mommy|Fire\n|move|p1a: Baxcalibur|Ice Shard|p2b: Dommy Mommy\n|-resisted|p2b: Dommy Mommy\n|-damage|p2b: Dommy Mommy|89\/100\n|move|p2a: Goose|Discharge|p1b: Garganacl|[spread] p2b,p1a,p1b\n|-resisted|p1a: Baxcalibur\n|-crit|p1b: Garganacl\n|-damage|p2b: Dommy Mommy|52\/100\n|-damage|p1a: Baxcalibur|65\/100\n|-damage|p1b: Garganacl|38\/100\n|-status|p1a: Baxcalibur|par\n|move|p2b: Dommy Mommy|Swords Dance|p2b: Dommy Mommy\n|-boost|p2b: Dommy Mommy|atk|2\n|move|p1b: Garganacl|Salt Cure|p2a: Goose\n|-supereffective|p2a: Goose\n|-damage|p2a: Goose|0 fnt\n|faint|p2a: Goose\n|\n|-heal|p1b: Garganacl|44\/100|[from] item: Leftovers\n|upkeep\n|\n|t:|1682365533\n|switch|p2a: Tara|Chien-Pao, L50|100\/100\n|-ability|p2a: Tara|Sword of Ruin\n|-item|p2a: Tara|Air Balloon\n|turn|3\n|inactive|lampis97 has 30 seconds left.\n|\n|t:|1682365560\n|move|p2a: Tara|Crunch|p1b: Garganacl\n|-damage|p1b: Garganacl|11\/100\n|move|p2b: Dommy Mommy|Earthquake|p1b: Garganacl|[spread] p1a,p1b\n|-immune|p2a: Tara\n|-supereffective|p1b: Garganacl\n|-damage|p1a: Baxcalibur|0 fnt\n|-damage|p1b: Garganacl|0 fnt\n|faint|p1a: Baxcalibur\n|faint|p1b: Garganacl\n|\n|upkeep\n|\n|t:|1682365569\n|switch|p1a: Iron Bundle|Iron Bundle, L50|100\/100\n|switch|p1b: Flutter Mane|Flutter Mane, L50|100\/100\n|turn|4\n|\n|t:|1682365582\n|-terastallize|p1b: Flutter Mane|Fairy\n|move|p1a: Iron Bundle|Protect|p1a: Iron Bundle\n|-singleturn|p1a: Iron Bundle|Protect\n|move|p2a: Tara|Crunch|p1a: Iron Bundle\n|-activate|p1a: Iron Bundle|move: Protect\n|move|p2b: Dommy Mommy|Earthquake|p1a: Iron Bundle|[spread] p1b\n|-activate|p1a: Iron Bundle|move: Protect\n|-immune|p2a: Tara\n|-damage|p1b: Flutter Mane|0 fnt\n|faint|p1b: Flutter Mane\n|-end|p1b: Flutter Mane|Protosynthesis|[silent]\n|\n|-sideend|p2: Kim Wexler Gaming|move: Tailwind\n|upkeep\n|turn|5\n|c|\u2606Kim Wexler Gaming|G.g.w.p.\n|\n|t:|1682365597\n|move|p1a: Iron Bundle|Hydro Pump|p2b: Dommy Mommy|[miss]\n|-miss|p1a: Iron Bundle|p2b: Dommy Mommy\n|move|p2a: Tara|Sacred Sword|p1a: Iron Bundle\n|-supereffective|p1a: Iron Bundle\n|-enditem|p1a: Iron Bundle|Focus Sash\n|-damage|p1a: Iron Bundle|1\/100\n|move|p2b: Dommy Mommy|Earthquake|p1a: Iron Bundle|[spread] p1a\n|-immune|p2a: Tara\n|-crit|p1a: Iron Bundle\n|-damage|p1a: Iron Bundle|0 fnt\n|faint|p1a: Iron Bundle\n|-end|p1a: Iron Bundle|Quark Drive|[silent]\n|\n|win|Kim Wexler Gaming\n|raw|lampis97's rating: 1263 → 1231<\/strong> (-32 for losing)\n|raw|Kim Wexler Gaming's rating: 1164 → 1196<\/strong> (+32 for winning)\n|l|\u2606lampis97\n","uploadtime":1682365606,"views":11,"p1id":"lampis97","p2id":"kimwexlergaming","formatid":"gen9vgc2023regulationc","rating":1196,"private":0,"password":""}