{"id":"gen9vgc2023regulationc-1848271793","p1":"mait27","p2":"Mellodick","format":"[Gen 9] VGC 2023 Regulation C","log":"|j|\u2606mait27\n|j|\u2606Mellodick\n|t:|1682051371\n|gametype|doubles\n|player|p1|mait27|101|1120\n|player|p2|Mellodick|265|1182\n|teamsize|p1|6\n|teamsize|p2|6\n|gen|9\n|tier|[Gen 9] VGC 2023 Regulation C\n|rated|\n|rule|Species Clause: Limit one of each Pok\u00e9mon\n|rule|Item Clause: Limit one of each item\n|clearpoke\n|poke|p1|Ceruledge, L50, F|\n|poke|p1|Misdreavus, L50, F|\n|poke|p1|Maushold-Four, L50|\n|poke|p1|Flamigo, L50, M|\n|poke|p1|Torkoal, L50, M|\n|poke|p1|Iron Bundle, L50|\n|poke|p2|Iron Hands, L50|\n|poke|p2|Amoonguss, L50, F|\n|poke|p2|Pelipper, L50, F|\n|poke|p2|Palafin, L50, F|\n|poke|p2|Baxcalibur, L50, F|\n|poke|p2|Dragonite, L50, F|\n|teampreview|4\n|j| Brrxdley\nMellodick rejected open team sheets.\n|\n|t:|1682051405\n|start\n|switch|p1a: Maushold|Maushold-Four, L50|100\/100\n|switch|p1b: Iron Bundle|Iron Bundle, L50|100\/100\n|switch|p2a: Beaker|Pelipper, L50, F|100\/100\n|switch|p2b: Torqoise|Palafin, L50, F|100\/100\n|-weather|RainDance|[from] ability: Drizzle|[of] p2a: Beaker\n|-enditem|p1b: Iron Bundle|Booster Energy\n|-activate|p1b: Iron Bundle|ability: Quark Drive|[fromitem]\n|-start|p1b: Iron Bundle|quarkdrivespe\n|turn|1\n|\n|t:|1682051423\n|detailschange|p2b: Torqoise|Palafin-Hero, L50, F\n|switch|p2b: Maradona|Iron Hands, L50, shiny|100\/100\n|move|p1a: Maushold|Follow Me|p1a: Maushold\n|-singleturn|p1a: Maushold|move: Follow Me\n|move|p1b: Iron Bundle|Freeze-Dry|p2a: Beaker\n|-supereffective|p2a: Beaker\n|-enditem|p2a: Beaker|Focus Sash\n|-damage|p2a: Beaker|1\/100\n|-status|p2a: Beaker|frz\n|-curestatus|p2a: Beaker|frz|[msg]\n|move|p2a: Beaker|Tailwind|p2a: Beaker\n|-sidestart|p2: Mellodick|move: Tailwind\n|\n|-weather|RainDance|[upkeep]\n|upkeep\n|turn|2\n|\n|t:|1682051457\n|move|p1b: Iron Bundle|Protect|p1b: Iron Bundle\n|-singleturn|p1b: Iron Bundle|Protect\n|move|p2a: Beaker|Hurricane|p1b: Iron Bundle\n|-activate|p1b: Iron Bundle|move: Protect\n|move|p1a: Maushold|Super Fang|p2b: Maradona\n|-damage|p2b: Maradona|51\/100\n|move|p2b: Maradona|Volt Switch|p1b: Iron Bundle\n|-activate|p1b: Iron Bundle|move: Protect\n|\n|-weather|RainDance|[upkeep]\n|upkeep\n|turn|3\n|\n|t:|1682051485\n|move|p1b: Iron Bundle|Icy Wind|p2b: Maradona|[spread] p2a,p2b\n|-damage|p2a: Beaker|0 fnt\n|-damage|p2b: Maradona|41\/100\n|-unboost|p2b: Maradona|spe|1\n|faint|p2a: Beaker\n|move|p1a: Maushold|Play Rough|p2b: Maradona\n|-supereffective|p2b: Maradona\n|-damage|p2b: Maradona|11\/100\n|move|p2b: Maradona|Volt Switch|p1b: Iron Bundle\n|-supereffective|p1b: Iron Bundle\n|-damage|p1b: Iron Bundle|62\/100\n|\n|t:|1682051496\n|-end|p2b: Maradona|Quark Drive|[silent]\n|switch|p2b: Torqoise|Palafin-Hero, L50, F|100\/100|[from] Volt Switch\n|-activate|p2b: Torqoise|ability: Zero to Hero\n|\n|-weather|RainDance|[upkeep]\n|upkeep\n|\n|t:|1682051510\n|switch|p2a: BlockBuster|Baxcalibur, L50, F|100\/100\n|turn|4\n|\n|t:|1682051542\n|move|p2b: Torqoise|Protect|p2b: Torqoise\n|-singleturn|p2b: Torqoise|Protect\n|move|p1a: Maushold|Follow Me|p1a: Maushold\n|-singleturn|p1a: Maushold|move: Follow Me\n|move|p1b: Iron Bundle|Freeze-Dry|p2b: Torqoise\n|-activate|p2b: Torqoise|move: Protect\n|move|p2a: BlockBuster|Glaive Rush|p1a: Maushold\n|-enditem|p1a: Maushold|Focus Sash\n|-damage|p1a: Maushold|1\/100\n|-singlemove|p2a: BlockBuster|Glaive Rush|[silent]\n|\n|-weather|RainDance|[upkeep]\n|-sideend|p2: Mellodick|move: Tailwind\n|upkeep\n|turn|5\n|\n|t:|1682051592\n|move|p1a: Maushold|Protect|p1a: Maushold\n|-singleturn|p1a: Maushold|Protect\n|move|p2b: Torqoise|Jet Punch|p1a: Maushold\n|-activate|p1a: Maushold|move: Protect\n|move|p2a: BlockBuster|Ice Shard|p1a: Maushold\n|-activate|p1a: Maushold|move: Protect\n|move|p1b: Iron Bundle|Freeze-Dry|p2b: Torqoise\n|-supereffective|p2b: Torqoise\n|-damage|p2b: Torqoise|34\/100\n|\n|-weather|none\n|upkeep\n|turn|6\n|\n|t:|1682051623\n|move|p1a: Maushold|Follow Me|p1a: Maushold\n|-singleturn|p1a: Maushold|move: Follow Me\n|move|p2b: Torqoise|Jet Punch|p1a: Maushold\n|-damage|p1a: Maushold|0 fnt\n|faint|p1a: Maushold\n|move|p2a: BlockBuster|Ice Shard|p1b: Iron Bundle\n|-resisted|p1b: Iron Bundle\n|-damage|p1b: Iron Bundle|54\/100\n|move|p1b: Iron Bundle|Freeze-Dry|p2a: BlockBuster\n|-damage|p2a: BlockBuster|68\/100\n|\n|upkeep\n|\n|t:|1682051637\n|switch|p1a: Ceruledge|Ceruledge, L50, F|100\/100\n|turn|7\n|\n|t:|1682051652\n|switch|p1a: Mega Flutter Mane|Misdreavus, L50, F|100\/100\n|move|p2b: Torqoise|Jet Punch|p1a: Mega Flutter Mane\n|-damage|p1a: Mega Flutter Mane|42\/100\n|move|p1b: Iron Bundle|Freeze-Dry|p2b: Torqoise\n|-supereffective|p2b: Torqoise\n|-damage|p2b: Torqoise|0 fnt\n|faint|p2b: Torqoise\n|move|p2a: BlockBuster|Glaive Rush|p1b: Iron Bundle\n|-damage|p1b: Iron Bundle|0 fnt\n|-singlemove|p2a: BlockBuster|Glaive Rush|[silent]\n|faint|p1b: Iron Bundle\n|-end|p1b: Iron Bundle|Quark Drive|[silent]\n|\n|upkeep\n|\n|t:|1682051666\n|switch|p1b: Ceruledge|Ceruledge, L50, F|100\/100\n|switch|p2b: Maradona|Iron Hands, L50, shiny|11\/100\n|turn|8\n|\n|t:|1682051711\n|move|p2a: BlockBuster|Ice Shard|p1a: Mega Flutter Mane\n|-damage|p1a: Mega Flutter Mane|13\/100\n|move|p1a: Mega Flutter Mane|Shadow Sneak|p1b: Ceruledge\n|-supereffective|p1b: Ceruledge\n|-damage|p1b: Ceruledge|77\/100\n|-ability|p1b: Ceruledge|Weak Armor|boost\n|-unboost|p1b: Ceruledge|def|1\n|-boost|p1b: Ceruledge|spe|2\n|-enditem|p1b: Ceruledge|Weakness Policy\n|-boost|p1b: Ceruledge|atk|2|[from] item: Weakness Policy\n|-boost|p1b: Ceruledge|spa|2|[from] item: Weakness Policy\n|move|p1b: Ceruledge|Bitter Blade|p2b: Maradona\n|-damage|p2b: Maradona|0 fnt\n|-heal|p1b: Ceruledge|85\/100|[from] drain|[of] p2b: Maradona\n|faint|p2b: Maradona\n|-end|p2b: Maradona|Quark Drive|[silent]\n|\n|upkeep\n|turn|9\n|\n|t:|1682051742\n|move|p1a: Mega Flutter Mane|Helping Hand|p1b: Ceruledge\n|-singleturn|p1b: Ceruledge|Helping Hand|[of] p1a: Mega Flutter Mane\n|move|p1b: Ceruledge|Shadow Claw|p2a: BlockBuster\n|-damage|p2a: BlockBuster|0 fnt\n|faint|p2a: BlockBuster\n|\n|win|mait27\n|raw|mait27's rating: 1120 → 1149<\/strong> (+29 for winning)\n|raw|Mellodick's rating: 1182 → 1153<\/strong> (-29 for losing)\n|l| Brrxdley\n|c|\u2606mait27|GG\n|l|\u2606Mellodick\n","uploadtime":1682051755,"views":15,"p1id":"mait27","p2id":"mellodick","formatid":"gen9vgc2023regulationc","rating":1149,"private":0,"password":""}