{"id":"gen9vgc2023regulationc-1861625716","p1":"WumbosaurusRex","p2":"Fhoii","format":"[Gen 9] VGC 2023 Regulation C","log":"|j|\u2606WumbosaurusRex\n|j|\u2606Fhoii\n|t:|1683783780\n|gametype|doubles\n|player|p1|WumbosaurusRex|170|1000\n|player|p2|Fhoii|acetrainersnow|1000\n|teamsize|p1|6\n|teamsize|p2|6\n|gen|9\n|tier|[Gen 9] VGC 2023 Regulation C\n|rated|\n|rule|Species Clause: Limit one of each Pok\u00e9mon\n|rule|Item Clause: Limit one of each item\n|clearpoke\n|poke|p1|Azumarill, L50, F|\n|poke|p1|Maushold, L50|\n|poke|p1|Annihilape, L50, F|\n|poke|p1|Kingambit, L50, M|\n|poke|p1|Great Tusk, L50|\n|poke|p1|Torkoal, L50, M|\n|poke|p2|Flutter Mane, L50|\n|poke|p2|Kingambit, L50, M|\n|poke|p2|Iron Bundle, L50|\n|poke|p2|Arcanine, L50, M|\n|poke|p2|Great Tusk, L50|\n|poke|p2|Corviknight, L50, M|\n|teampreview|4\n|\n|t:|1683783815\n|start\n|switch|p1a: Maushold|Maushold, L50|100\/100\n|switch|p1b: Annihilape|Annihilape, L50, F|100\/100\n|switch|p2a: Tic-tac|Great Tusk, L50|100\/100\n|switch|p2b: Iron Bound|Iron Bundle, L50|100\/100\n|-enditem|p2b: Iron Bound|Booster Energy\n|-activate|p2b: Iron Bound|ability: Quark Drive|[fromitem]\n|-start|p2b: Iron Bound|quarkdrivespe\n|turn|1\n|\n|t:|1683783844\n|move|p2b: Iron Bound|Protect|p2b: Iron Bound\n|-singleturn|p2b: Iron Bound|Protect\n|move|p1b: Annihilape|Protect|p1b: Annihilape\n|-singleturn|p1b: Annihilape|Protect\n|move|p1a: Maushold|Taunt|p2b: Iron Bound\n|-activate|p2b: Iron Bound|move: Protect\n|move|p2a: Tic-tac|Earthquake|p1a: Maushold|[spread] p1a\n|-activate|p2b: Iron Bound|move: Protect\n|-activate|p1b: Annihilape|move: Protect\n|-damage|p1a: Maushold|60\/100\n|\n|upkeep\n|turn|2\n|\n|t:|1683783877\n|move|p2b: Iron Bound|Icy Wind|p1b: Annihilape|[spread] p1a,p1b\n|-damage|p1a: Maushold|37\/100\n|-damage|p1b: Annihilape|88\/100\n|-unboost|p1a: Maushold|spe|1\n|-unboost|p1b: Annihilape|spe|1\n|-ability|p1b: Annihilape|Defiant|boost\n|-boost|p1b: Annihilape|atk|2\n|move|p2a: Tic-tac|Close Combat|p1a: Maushold\n|-supereffective|p1a: Maushold\n|-damage|p1a: Maushold|0 fnt\n|-unboost|p2a: Tic-tac|def|1\n|-unboost|p2a: Tic-tac|spd|1\n|faint|p1a: Maushold\n|move|p1b: Annihilape|Drain Punch|p2a: Tic-tac\n|-damage|p2a: Tic-tac|16\/100\n|-heal|p1b: Annihilape|100\/100|[from] drain|[of] p2a: Tic-tac\n|\n|upkeep\n|\n|t:|1683783897\n|switch|p1a: Azumarill|Azumarill, L50, F|100\/100\n|turn|3\n|\n|t:|1683783924\n|move|p2b: Iron Bound|Protect|p2b: Iron Bound\n|-singleturn|p2b: Iron Bound|Protect\n|move|p1a: Azumarill|Aqua Jet|p2a: Tic-tac\n|-supereffective|p2a: Tic-tac\n|-damage|p2a: Tic-tac|0 fnt\n|faint|p2a: Tic-tac\n|-end|p2a: Tic-tac|Protosynthesis|[silent]\n|move|p1b: Annihilape|Drain Punch|p2b: Iron Bound\n|-activate|p2b: Iron Bound|move: Protect\n|\n|upkeep\n|\n|t:|1683783942\n|switch|p2a: Kingambit|Kingambit, L50, M|100\/100\n|turn|4\n|\n|t:|1683783965\n|-terastallize|p2a: Kingambit|Flying\n|-terastallize|p1a: Azumarill|Water\n|move|p2b: Iron Bound|Icy Wind|p1a: Azumarill|[spread] p1a,p1b\n|-resisted|p1a: Azumarill\n|-damage|p1a: Azumarill|89\/100\n|-damage|p1b: Annihilape|81\/100\n|-unboost|p1a: Azumarill|spe|1\n|-unboost|p1b: Annihilape|spe|1\n|-ability|p1b: Annihilape|Defiant|boost\n|-boost|p1b: Annihilape|atk|2\n|move|p2a: Kingambit|Iron Head|p1a: Azumarill\n|-resisted|p1a: Azumarill\n|-damage|p1a: Azumarill|64\/100\n|move|p1b: Annihilape|Drain Punch|p2a: Kingambit\n|-resisted|p2a: Kingambit\n|-damage|p2a: Kingambit|57\/100\n|-heal|p1b: Annihilape|100\/100|[from] drain|[of] p2a: Kingambit\n|cant|p1a: Azumarill|flinch\n|\n|upkeep\n|turn|5\n|\n|t:|1683784002\n|move|p1a: Azumarill|Aqua Jet|p2a: Kingambit\n|-damage|p2a: Kingambit|29\/100\n|move|p2b: Iron Bound|Hydro Pump|p1b: Annihilape\n|-damage|p1b: Annihilape|56\/100\n|move|p2a: Kingambit|Assurance|p1a: Azumarill\n|-damage|p1a: Azumarill|31\/100\n|-enditem|p1a: Azumarill|Sitrus Berry|[eat]\n|-heal|p1a: Azumarill|56\/100|[from] item: Sitrus Berry\n|move|p1b: Annihilape|Rage Fist|p2b: Iron Bound\n|-damage|p2b: Iron Bound|0 fnt\n|faint|p2b: Iron Bound\n|-end|p2b: Iron Bound|Quark Drive|[silent]\n|\n|-heal|p1b: Annihilape|62\/100|[from] item: Leftovers\n|upkeep\n|\n|t:|1683784019\n|switch|p2b: Smith-Any|Flutter Mane, L50|100\/100\n|turn|6\n|\n|t:|1683784052\n|move|p1b: Annihilape|Protect|p1b: Annihilape\n|-singleturn|p1b: Annihilape|Protect\n|move|p2a: Kingambit|Sucker Punch||[still]\n|-fail|p2a: Kingambit\n|move|p2b: Smith-Any|Energy Ball|p1a: Azumarill\n|-supereffective|p1a: Azumarill\n|-damage|p1a: Azumarill|0 fnt\n|faint|p1a: Azumarill\n|\n|-heal|p1b: Annihilape|68\/100|[from] item: Leftovers\n|upkeep\n|\n|t:|1683784061\n|switch|p1a: Great Tusk|Great Tusk, L50|100\/100\n|turn|7\n|\n|t:|1683784073\n|move|p2a: Kingambit|Sucker Punch|p1b: Annihilape\n|-damage|p1b: Annihilape|30\/100\n|move|p2b: Smith-Any|Energy Ball|p1a: Great Tusk\n|-supereffective|p1a: Great Tusk\n|-damage|p1a: Great Tusk|2\/100\n|move|p1a: Great Tusk|Ice Spinner|p2a: Kingambit\n|-supereffective|p2a: Kingambit\n|-damage|p2a: Kingambit|0 fnt\n|faint|p2a: Kingambit\n|move|p1b: Annihilape|Rage Fist|p2b: Smith-Any\n|-supereffective|p2b: Smith-Any\n|-damage|p2b: Smith-Any|0 fnt\n|faint|p2b: Smith-Any\n|-end|p2b: Smith-Any|Protosynthesis|[silent]\n|\n|win|WumbosaurusRex\n|raw|WumbosaurusRex's rating: 1000 → 1040<\/strong> (+40 for winning)\n|raw|Fhoii's rating: 1000 → 1000<\/strong> (+0 for losing)\n|l|\u2606Fhoii\n","uploadtime":1683784095,"views":17,"p1id":"wumbosaurusrex","p2id":"fhoii","formatid":"gen9vgc2023regulationc","rating":1000,"private":0,"password":""}