{"id":"gen9vgc2023regulationc-1861290009","p1":"Ninazera","p2":"fernoob","format":"[Gen 9] VGC 2023 Regulation C","log":"|j|\u2606Ninazera\n|j|\u2606fernoob\n|t:|1683742905\n|gametype|doubles\n|player|p1|Ninazera|ninjaboy|1075\n|player|p2|fernoob|hilbert|1130\n|teamsize|p1|6\n|teamsize|p2|6\n|gen|9\n|tier|[Gen 9] VGC 2023 Regulation C\n|rated|\n|rule|Species Clause: Limit one of each Pok\u00e9mon\n|rule|Item Clause: Limit one of each item\n|clearpoke\n|poke|p1|Arcanine, L50, M|\n|poke|p1|Amoonguss, L50, M|\n|poke|p1|Flutter Mane, L50|\n|poke|p1|Ting-Lu, L50|\n|poke|p1|Palafin, L50, M|\n|poke|p1|Kingambit, L50, F|\n|poke|p2|Garganacl, L50, F|\n|poke|p2|Ting-Lu, L50|\n|poke|p2|Chien-Pao, L50|\n|poke|p2|Dragonite, L50, F|\n|poke|p2|Annihilape, L50, F|\n|poke|p2|Rotom-Wash, L50|\n|teampreview|4\n|inactive|Battle timer is ON: inactive players will automatically lose when time's up. (requested by fernoob)\n|inactive|Ninazera has 60 seconds left.\n|inactive|Ninazera has 30 seconds left.\n|\n|t:|1683742974\n|start\n|switch|p1a: Flutter Mane|Flutter Mane, L50|100\/100\n|switch|p1b: Palafin|Palafin, L50, M|100\/100\n|switch|p2a: Rotom|Rotom-Wash, L50|100\/100\n|switch|p2b: Dragonite|Dragonite, L50, F|100\/100\n|-enditem|p1a: Flutter Mane|Booster Energy\n|-activate|p1a: Flutter Mane|ability: Protosynthesis|[fromitem]\n|-start|p1a: Flutter Mane|protosynthesisspa\n|turn|1\n|\n|t:|1683742993\n|move|p2b: Dragonite|Protect|p2b: Dragonite\n|-singleturn|p2b: Dragonite|Protect\n|move|p1b: Palafin|Protect|p1b: Palafin\n|-singleturn|p1b: Palafin|Protect\n|move|p1a: Flutter Mane|Dazzling Gleam|p2a: Rotom|[spread] p2a\n|-activate|p2b: Dragonite|move: Protect\n|-damage|p2a: Rotom|66\/100\n|move|p2a: Rotom|Trick|p1a: Flutter Mane\n|-activate|p2a: Rotom|move: Trick|[of] p1a: Flutter Mane\n|-item|p1a: Flutter Mane|Ring Target|[from] move: Trick\n|-enditem|p2a: Rotom|Ring Target|[silent]|[from] move: Trick\n|\n|upkeep\n|turn|2\n|inactive|Ninazera has 30 seconds left.\n|\n|t:|1683743024\n|detailschange|p1b: Palafin|Palafin-Hero, L50, M\n|switch|p1b: Amoonguss|Amoonguss, L50, M|100\/100\n|-terastallize|p2b: Dragonite|Normal\n|move|p2b: Dragonite|Extreme Speed|p1a: Flutter Mane\n|-crit|p1a: Flutter Mane\n|-damage|p1a: Flutter Mane|0 fnt\n|faint|p1a: Flutter Mane\n|-end|p1a: Flutter Mane|Protosynthesis|[silent]\n|-damage|p2b: Dragonite|91\/100|[from] item: Life Orb\n|move|p2a: Rotom|Trick|p1b: Amoonguss\n|-activate|p2a: Rotom|move: Trick|[of] p1b: Amoonguss\n|-enditem|p1b: Amoonguss|Sitrus Berry|[silent]|[from] move: Trick\n|-item|p2a: Rotom|Sitrus Berry|[from] move: Trick\n|\n|upkeep\n|inactive|Ninazera has 30 seconds left.\n|\n|t:|1683743049\n|switch|p1a: Kingambit|Kingambit, L50, F|100\/100\n|turn|3\n|\n|t:|1683743066\n|move|p2b: Dragonite|Protect|p2b: Dragonite\n|-singleturn|p2b: Dragonite|Protect\n|move|p2a: Rotom|Will-O-Wisp|p1a: Kingambit\n|-status|p1a: Kingambit|brn\n|move|p1a: Kingambit|Kowtow Cleave|p2a: Rotom\n|-damage|p2a: Rotom|41\/100\n|-enditem|p2a: Rotom|Sitrus Berry|[eat]\n|-heal|p2a: Rotom|66\/100|[from] item: Sitrus Berry\n|move|p1b: Amoonguss|Spore|p2b: Dragonite\n|-activate|p2b: Dragonite|move: Protect\n|\n|-damage|p1a: Kingambit|94\/100 brn|[from] brn\n|upkeep\n|turn|4\n|\n|t:|1683743090\n|switch|p2b: Garganacl|Garganacl, L50, F|100\/100\n|switch|p1a: Palafin|Palafin-Hero, L50, M|100\/100\n|-activate|p1a: Palafin|ability: Zero to Hero\n|move|p2a: Rotom|Trick|p1a: Palafin\n|-activate|p2a: Rotom|move: Trick|[of] p1a: Palafin\n|-enditem|p1a: Palafin|Mystic Water|[silent]|[from] move: Trick\n|-item|p2a: Rotom|Mystic Water|[from] move: Trick\n|move|p1b: Amoonguss|Spore|p2b: Garganacl\n|-immune|p2b: Garganacl|[from] ability: Purifying Salt\n|\n|upkeep\n|turn|5\n|inactive|fernoob has 30 seconds left.\n|\n|t:|1683743117\n|move|p1a: Palafin|Protect|p1a: Palafin\n|-singleturn|p1a: Palafin|Protect\n|move|p2b: Garganacl|Protect|p2b: Garganacl\n|-singleturn|p2b: Garganacl|Protect\n|move|p2a: Rotom|Will-O-Wisp|p1a: Palafin\n|-activate|p1a: Palafin|move: Protect\n|move|p1b: Amoonguss|Spore|p2a: Rotom\n|-status|p2a: Rotom|slp|[from] move: Spore\n|\n|upkeep\n|turn|6\n|inactive|Ninazera has 30 seconds left.\n|\n|t:|1683743142\n|-terastallize|p1a: Palafin|Water\n|move|p1a: Palafin|Wave Crash|p2b: Garganacl\n|-supereffective|p2b: Garganacl\n|-damage|p2b: Garganacl|0 fnt\n|faint|p2b: Garganacl\n|-damage|p1a: Palafin|68\/100|[from] Recoil\n|cant|p2a: Rotom|slp\n|move|p1b: Amoonguss|Pollen Puff|p2a: Rotom\n|-damage|p2a: Rotom|50\/100 slp\n|\n|upkeep\n|\n|t:|1683743154\n|switch|p2b: Dragonite|Dragonite, L50, F, tera:Normal|91\/100\n|turn|7\n|\n|t:|1683743172\n|move|p2b: Dragonite|Extreme Speed|p1b: Amoonguss\n|-damage|p1b: Amoonguss|49\/100\n|-damage|p2b: Dragonite|81\/100|[from] item: Life Orb\n|move|p1b: Amoonguss|Rage Powder|p1b: Amoonguss\n|-singleturn|p1b: Amoonguss|move: Rage Powder\n|move|p1a: Palafin|Jet Punch|p2b: Dragonite\n|-damage|p2b: Dragonite|25\/100\n|cant|p2a: Rotom|slp\n|\n|upkeep\n|turn|8\n|\n|t:|1683743195\n|switch|p1b: Kingambit|Kingambit, L50, F|94\/100 brn\n|move|p1a: Palafin|Protect|p1a: Palafin\n|-singleturn|p1a: Palafin|Protect\n|move|p2b: Dragonite|Extreme Speed|p1a: Palafin\n|-activate|p1a: Palafin|move: Protect\n|-curestatus|p2a: Rotom|slp|[msg]\n|move|p2a: Rotom|Will-O-Wisp|p1a: Palafin\n|-activate|p1a: Palafin|move: Protect\n|\n|-damage|p1b: Kingambit|88\/100 brn|[from] brn\n|upkeep\n|turn|9\n|\n|t:|1683743217\n|switch|p1a: Amoonguss|Amoonguss, L50, M|82\/100\n|switch|p2a: Chien-Pao|Chien-Pao, L50|100\/100\n|-ability|p2a: Chien-Pao|Sword of Ruin\n|move|p2b: Dragonite|Extreme Speed|p1a: Amoonguss\n|-damage|p1a: Amoonguss|9\/100\n|-damage|p2b: Dragonite|15\/100|[from] item: Life Orb\n|move|p1b: Kingambit|Sucker Punch||[still]\n|-fail|p1b: Kingambit\n|\n|-damage|p1b: Kingambit|82\/100 brn|[from] brn\n|upkeep\n|turn|10\n|inactive|Ninazera has 30 seconds left.\n|\n|t:|1683743243\n|move|p2b: Dragonite|Extreme Speed|p1a: Amoonguss\n|-damage|p1a: Amoonguss|0 fnt\n|faint|p1a: Amoonguss\n|-damage|p2b: Dragonite|5\/100|[from] item: Life Orb\n|move|p2a: Chien-Pao|Sacred Sword|p1b: Kingambit\n|-supereffective|p1b: Kingambit\n|-damage|p1b: Kingambit|0 fnt\n|faint|p1b: Kingambit\n|\n|upkeep\n|\n|t:|1683743253\n|switch|p1a: Palafin|Palafin-Hero, L50, M, tera:Water|68\/100\n|turn|11\n|\n|t:|1683743258\n|move|p2b: Dragonite|Extreme Speed|p1a: Palafin\n|-damage|p1a: Palafin|0 fnt\n|faint|p1a: Palafin\n|-damage|p2b: Dragonite|0 fnt|[from] item: Life Orb\n|faint|p2b: Dragonite\n|\n|win|fernoob\n|raw|Ninazera's rating: 1075 → 1057<\/strong> (-18 for losing)\n|raw|fernoob's rating: 1130 → 1151<\/strong> (+21 for winning)\n|l|\u2606Ninazera\n","uploadtime":1683743295,"views":14,"p1id":"ninazera","p2id":"fernoob","formatid":"gen9vgc2023regulationc","rating":1057,"private":0,"password":""}