{"id":"gen9vgc2023regulationc-1856054416","p1":"WillieDangerously","p2":"UserOmega","format":"[Gen 9] VGC 2023 Regulation C","log":"|j|\u2606WillieDangerously\n|j|\u2606UserOmega\n|t:|1683023898\n|gametype|doubles\n|player|p1|WillieDangerously|psychic-gen4|1199\n|player|p2|UserOmega|youngcouple-gen4dp|1279\n|teamsize|p1|6\n|teamsize|p2|6\n|gen|9\n|tier|[Gen 9] VGC 2023 Regulation C\n|rated|\n|rule|Species Clause: Limit one of each Pok\u00e9mon\n|rule|Item Clause: Limit one of each item\n|clearpoke\n|poke|p1|Espathra, L50, F|\n|poke|p1|Iron Bundle, L50|\n|poke|p1|Iron Valiant, L50|\n|poke|p1|Salamence, L50, F|\n|poke|p1|Scizor, L50, F|\n|poke|p1|Sandy Shocks, L50|\n|poke|p2|Klefki, L50, F|\n|poke|p2|Glimmora, L50, M|\n|poke|p2|Annihilape, L50, F|\n|poke|p2|Scream Tail, L50|\n|poke|p2|Ting-Lu, L50|\n|poke|p2|Sylveon, L50, M|\n|teampreview|4\n|\n|t:|1683023968\n|start\n|switch|p1a: Espathra|Espathra, L50, F|100\/100\n|switch|p1b: Sandy Shocks|Sandy Shocks, L50|100\/100\n|switch|p2a: Klefki|Klefki, L50, F|100\/100\n|switch|p2b: Glimmora|Glimmora, L50, M|100\/100\n|-enditem|p1b: Sandy Shocks|Booster Energy\n|-activate|p1b: Sandy Shocks|ability: Protosynthesis|[fromitem]\n|-start|p1b: Sandy Shocks|protosynthesisspe\n|turn|1\n|\n|t:|1683024005\n|move|p1a: Espathra|Protect|p1a: Espathra\n|-singleturn|p1a: Espathra|Protect\n|move|p2a: Klefki|Light Screen|p2a: Klefki\n|-sidestart|p2: UserOmega|move: Light Screen\n|move|p1b: Sandy Shocks|Gravity|p1b: Sandy Shocks\n|-fieldstart|move: Gravity\n|move|p2b: Glimmora|Mortal Spin|p1a: Espathra|[spread] p1b\n|-activate|p1a: Espathra|move: Protect\n|-resisted|p1b: Sandy Shocks\n|-damage|p1b: Sandy Shocks|98\/100\n|-status|p1b: Sandy Shocks|psn\n|\n|-damage|p1b: Sandy Shocks|86\/100 psn|[from] psn\n|-ability|p1a: Espathra|Speed Boost|boost\n|-boost|p1a: Espathra|spe|1\n|upkeep\n|turn|2\n|\n|t:|1683024022\n|move|p2b: Glimmora|Spiky Shield|p2b: Glimmora\n|-singleturn|p2b: Glimmora|move: Protect\n|move|p1a: Espathra|Hypnosis|p2a: Klefki\n|-status|p2a: Klefki|slp|[from] move: Hypnosis\n|move|p1b: Sandy Shocks|Earth Power|p2b: Glimmora\n|-activate|p2b: Glimmora|move: Protect\n|cant|p2a: Klefki|slp\n|\n|-damage|p1b: Sandy Shocks|74\/100 psn|[from] psn\n|-ability|p1a: Espathra|Speed Boost|boost\n|-boost|p1a: Espathra|spe|1\n|upkeep\n|turn|3\n|\n|t:|1683024042\n|move|p1a: Espathra|Lumina Crash|p2b: Glimmora\n|-supereffective|p2b: Glimmora\n|-damage|p2b: Glimmora|50\/100\n|-unboost|p2b: Glimmora|spd|2\n|-enditem|p2b: Glimmora|Red Card|[of] p1a: Espathra\n|drag|p1a: Salamence|Salamence, L50, F|100\/100\n|move|p1b: Sandy Shocks|Thunder|p2b: Glimmora\n|-damage|p2b: Glimmora|0 fnt\n|faint|p2b: Glimmora\n|-curestatus|p2a: Klefki|slp|[msg]\n|move|p2a: Klefki|Play Rough|p1a: Salamence\n|-supereffective|p1a: Salamence\n|-damage|p1a: Salamence|35\/100\n|\n|-damage|p1b: Sandy Shocks|62\/100 psn|[from] psn\n|upkeep\n|\n|t:|1683024054\n|switch|p2b: Ting-Lu|Ting-Lu, L50|100\/100\n|-ability|p2b: Ting-Lu|Vessel of Ruin\n|turn|4\n|\n|t:|1683024087\n|move|p1b: Sandy Shocks|Earth Power|p2a: Klefki\n|-supereffective|p2a: Klefki\n|-damage|p2a: Klefki|49\/100\n|move|p1a: Salamence|Iron Head|p2a: Klefki\n|-damage|p2a: Klefki|19\/100\n|move|p2a: Klefki|Play Rough|p1a: Salamence\n|-supereffective|p1a: Salamence\n|-damage|p1a: Salamence|0 fnt\n|faint|p1a: Salamence\n|move|p2b: Ting-Lu|Stomping Tantrum|p1b: Sandy Shocks\n|-supereffective|p1b: Sandy Shocks\n|-damage|p1b: Sandy Shocks|0 fnt\n|faint|p1b: Sandy Shocks\n|-end|p1b: Sandy Shocks|Protosynthesis|[silent]\n|\n|upkeep\n|\n|t:|1683024099\n|switch|p1b: Scizor|Scizor, L50, F|100\/100\n|switch|p1a: Espathra|Espathra, L50, F|100\/100\n|turn|5\n|\n|t:|1683024113\n|move|p2a: Klefki|Reflect|p2a: Klefki\n|-sidestart|p2: UserOmega|Reflect\n|move|p1b: Scizor|Bullet Punch|p2a: Klefki\n|-damage|p2a: Klefki|0 fnt\n|faint|p2a: Klefki\n|move|p1a: Espathra|Hypnosis|p2b: Ting-Lu\n|-status|p2b: Ting-Lu|slp|[from] move: Hypnosis\n|cant|p2b: Ting-Lu|slp\n|\n|-fieldend|move: Gravity\n|-ability|p1a: Espathra|Speed Boost|boost\n|-boost|p1a: Espathra|spe|1\n|upkeep\n|\n|t:|1683024119\n|switch|p2a: Annihilape|Annihilape, L50, F|100\/100\n|turn|6\n|\n|t:|1683024135\n|-terastallize|p1a: Espathra|Dark\n|-terastallize|p2a: Annihilape|Fire\n|move|p1a: Espathra|Lumina Crash|p2a: Annihilape\n|-damage|p2a: Annihilape|83\/100\n|-unboost|p2a: Annihilape|spd|2\n|-ability|p2a: Annihilape|Defiant|boost\n|-boost|p2a: Annihilape|atk|2\n|move|p2a: Annihilape|Rage Fist|p1a: Espathra\n|-resisted|p1a: Espathra\n|-damage|p1a: Espathra|28\/100\n|move|p1b: Scizor|Swords Dance|p1b: Scizor\n|-boost|p1b: Scizor|atk|2\n|cant|p2b: Ting-Lu|slp\n|\n|-ability|p1a: Espathra|Speed Boost|boost\n|-boost|p1a: Espathra|spe|1\n|upkeep\n|turn|7\n|\n|t:|1683024163\n|move|p2a: Annihilape|Protect|p2a: Annihilape\n|-singleturn|p2a: Annihilape|Protect\n|move|p1a: Espathra|Hypnosis|p2a: Annihilape\n|-activate|p2a: Annihilape|move: Protect\n|move|p1b: Scizor|Pounce|p2b: Ting-Lu\n|-supereffective|p2b: Ting-Lu\n|-damage|p2b: Ting-Lu|38\/100 slp\n|-unboost|p2b: Ting-Lu|spe|1\n|-curestatus|p2b: Ting-Lu|slp|[msg]\n|move|p2b: Ting-Lu|Throat Chop|p1a: Espathra\n|-resisted|p1a: Espathra\n|-damage|p1a: Espathra|0 fnt\n|faint|p1a: Espathra\n|\n|upkeep\n|turn|8\n|inactive|Battle timer is ON: inactive players will automatically lose when time's up. (requested by UserOmega)\n|\n|t:|1683024200\n|move|p2a: Annihilape|Drain Punch|p1b: Scizor\n|-crit|p1b: Scizor\n|-damage|p1b: Scizor|0 fnt\n|-heal|p2a: Annihilape|100\/100|[from] drain|[of] p1b: Scizor\n|faint|p1b: Scizor\n|\n|win|UserOmega\n|raw|WillieDangerously's rating: 1199 → 1180<\/strong> (-19 for losing)\n|raw|UserOmega's rating: 1279 → 1298<\/strong> (+19 for winning)\n","uploadtime":1683024204,"views":6,"p1id":"williedangerously","p2id":"useromega","formatid":"gen9vgc2023regulationc","rating":1180,"private":0,"password":""}