{"id":"gen9vgc2023regulationc-1853159035","p1":"VGChris0607k","p2":"mathtass","format":"[Gen 9] VGC 2023 Regulation C","log":"|j|\u2606VGChris0607k\n|j|\u2606mathtass\n|t:|1682642395\n|gametype|doubles\n|player|p1|VGChris0607k|2|1322\n|player|p2|mathtass|101|1383\n|teamsize|p1|6\n|teamsize|p2|6\n|gen|9\n|tier|[Gen 9] VGC 2023 Regulation C\n|rated|\n|rule|Species Clause: Limit one of each Pok\u00e9mon\n|rule|Item Clause: Limit one of each item\n|clearpoke\n|poke|p1|Hippowdon, L50, F|\n|poke|p1|Garganacl, L50, F|\n|poke|p1|Amoonguss, L50, F|\n|poke|p1|Chi-Yu, L50|\n|poke|p1|Iron Bundle, L50|\n|poke|p1|Gholdengo, L50|\n|poke|p2|Amoonguss, L50, F|\n|poke|p2|Chi-Yu, L50|\n|poke|p2|Arcanine, L50, F|\n|poke|p2|Dragonite, L50, F|\n|poke|p2|Flutter Mane, L50|\n|poke|p2|Iron Hands, L50|\n|teampreview|4\n|inactive|Battle timer is ON: inactive players will automatically lose when time's up. (requested by VGChris0607k)\n|inactive|mathtass has 60 seconds left.\nmathtass has agreed to open team sheets.\n|\n|t:|1682642449\n|start\n|switch|p1a: Hippowdon|Hippowdon, L50, F|100\/100\n|switch|p1b: Garganacl|Garganacl, L50, F|100\/100\n|switch|p2a: Chi-Yu|Chi-Yu, L50|100\/100\n|switch|p2b: Flutter Mane|Flutter Mane, L50|100\/100\n|-ability|p2a: Chi-Yu|Beads of Ruin\n|-weather|Sandstorm|[from] ability: Sand Stream|[of] p1a: Hippowdon\n|turn|1\n|inactive|mathtass has 30 seconds left.\n|\n|t:|1682642475\n|-terastallize|p2a: Chi-Yu|Grass\n|move|p2b: Flutter Mane|Moonblast|p1a: Hippowdon\n|-damage|p1a: Hippowdon|47\/100\n|move|p2a: Chi-Yu|Dark Pulse|p1a: Hippowdon\n|-damage|p1a: Hippowdon|0 fnt\n|faint|p1a: Hippowdon\n|-damage|p2a: Chi-Yu|90\/100|[from] item: Life Orb\n|move|p1b: Garganacl|Salt Cure|p2a: Chi-Yu\n|-damage|p2a: Chi-Yu|65\/100\n|-start|p2a: Chi-Yu|Salt Cure\n|\n|-weather|Sandstorm|[upkeep]\n|-damage|p2b: Flutter Mane|94\/100|[from] Sandstorm\n|-damage|p2a: Chi-Yu|59\/100|[from] Sandstorm\n|-damage|p2a: Chi-Yu|47\/100|[from] Salt Cure\n|upkeep\n|\n|t:|1682642488\n|switch|p1a: Iron Bundle|Iron Bundle, L50|100\/100\n|-enditem|p1a: Iron Bundle|Booster Energy\n|-activate|p1a: Iron Bundle|ability: Quark Drive|[fromitem]\n|-start|p1a: Iron Bundle|quarkdrivespe\n|turn|2\n|inactive|VGChris0607k has 30 seconds left.\n|\n|t:|1682642520\n|switch|p2a: Arcanine|Arcanine, L50, F|100\/100\n|-ability|p2a: Arcanine|Intimidate|boost\n|-unboost|p1a: Iron Bundle|atk|1\n|-unboost|p1b: Garganacl|atk|1\n|move|p1a: Iron Bundle|Icy Wind|p2b: Flutter Mane|[spread] p2a,p2b\n|-resisted|p2a: Arcanine\n|-damage|p2a: Arcanine|91\/100\n|-damage|p2b: Flutter Mane|73\/100\n|-unboost|p2a: Arcanine|spe|1\n|-unboost|p2b: Flutter Mane|spe|1\n|move|p2b: Flutter Mane|Moonblast|p1a: Iron Bundle\n|-damage|p1a: Iron Bundle|18\/100\n|move|p1b: Garganacl|Salt Cure|p2b: Flutter Mane\n|-damage|p2b: Flutter Mane|54\/100\n|-start|p2b: Flutter Mane|Salt Cure\n|\n|-weather|Sandstorm|[upkeep]\n|-damage|p1a: Iron Bundle|12\/100|[from] Sandstorm\n|-damage|p2b: Flutter Mane|47\/100|[from] Sandstorm\n|-damage|p2a: Arcanine|85\/100|[from] Sandstorm\n|-damage|p2b: Flutter Mane|35\/100|[from] Salt Cure\n|upkeep\n|turn|3\n|inactive|mathtass has 30 seconds left.\n|\n|t:|1682642547\n|-end|p2b: Flutter Mane|Protosynthesis|[silent]\n|switch|p2b: Dragonite|Dragonite, L50, F|100\/100\n|move|p1a: Iron Bundle|Protect|p1a: Iron Bundle\n|-singleturn|p1a: Iron Bundle|Protect\n|move|p2a: Arcanine|Protect|p2a: Arcanine\n|-singleturn|p2a: Arcanine|Protect\n|move|p1b: Garganacl|Salt Cure|p2a: Arcanine\n|-activate|p2a: Arcanine|move: Protect\n|\n|-weather|Sandstorm|[upkeep]\n|-damage|p1a: Iron Bundle|6\/100|[from] Sandstorm\n|-damage|p2b: Dragonite|94\/100|[from] Sandstorm\n|-damage|p2a: Arcanine|79\/100|[from] Sandstorm\n|upkeep\n|turn|4\n|\n|t:|1682642569\n|move|p2b: Dragonite|Extreme Speed|p1a: Iron Bundle\n|-damage|p1a: Iron Bundle|0 fnt\n|faint|p1a: Iron Bundle\n|-end|p1a: Iron Bundle|Quark Drive|[silent]\n|move|p2a: Arcanine|Howl|p2a: Arcanine|[spread] p2a,p2b\n|-boost|p2a: Arcanine|atk|1\n|-boost|p2b: Dragonite|atk|1\n|move|p1b: Garganacl|Salt Cure|p2b: Dragonite\n|-supereffective|p2b: Dragonite\n|-damage|p2b: Dragonite|75\/100\n|-start|p2b: Dragonite|Salt Cure\n|\n|-weather|Sandstorm|[upkeep]\n|-damage|p2b: Dragonite|69\/100|[from] Sandstorm\n|-damage|p2a: Arcanine|73\/100|[from] Sandstorm\n|-damage|p2b: Dragonite|57\/100|[from] Salt Cure\n|upkeep\n|\n|t:|1682642577\n|switch|p1a: Gholdengo|Gholdengo, L50|100\/100\n|turn|5\n|inactive|VGChris0607k has 30 seconds left.\n|\n|t:|1682642607\n|-terastallize|p1a: Gholdengo|Water\n|move|p1a: Gholdengo|Shadow Ball|p2a: Arcanine\n|-damage|p2a: Arcanine|37\/100\n|-enditem|p2a: Arcanine|Sitrus Berry|[eat]\n|-heal|p2a: Arcanine|62\/100|[from] item: Sitrus Berry\n|move|p2b: Dragonite|Stomping Tantrum|p1a: Gholdengo\n|-damage|p1a: Gholdengo|55\/100\n|move|p2a: Arcanine|Flare Blitz|p1a: Gholdengo\n|-resisted|p1a: Gholdengo\n|-damage|p1a: Gholdengo|21\/100\n|-enditem|p1a: Gholdengo|Sitrus Berry|[eat]\n|-heal|p1a: Gholdengo|46\/100|[from] item: Sitrus Berry\n|-damage|p2a: Arcanine|51\/100|[from] Recoil\n|move|p1b: Garganacl|Salt Cure|p2a: Arcanine\n|-supereffective|p2a: Arcanine\n|-damage|p2a: Arcanine|32\/100\n|-start|p2a: Arcanine|Salt Cure\n|\n|-weather|none\n|-damage|p2b: Dragonite|45\/100|[from] Salt Cure\n|-damage|p2a: Arcanine|20\/100|[from] Salt Cure\n|upkeep\n|turn|6\n|inactive|VGChris0607k has 30 seconds left.\n|inactive|mathtass has 30 seconds left.\n|\n|t:|1682642634\n|move|p1a: Gholdengo|Protect|p1a: Gholdengo\n|-singleturn|p1a: Gholdengo|Protect\n|move|p2b: Dragonite|Extreme Speed|p1a: Gholdengo\n|-activate|p1a: Gholdengo|move: Protect\n|move|p2a: Arcanine|Flare Blitz|p1a: Gholdengo\n|-activate|p1a: Gholdengo|move: Protect\n|move|p1b: Garganacl|Salt Cure|p2b: Dragonite\n|-supereffective|p2b: Dragonite\n|-damage|p2b: Dragonite|24\/100\n|\n|-damage|p2b: Dragonite|12\/100|[from] Salt Cure\n|-damage|p2a: Arcanine|8\/100|[from] Salt Cure\n|upkeep\n|turn|7\n|\n|t:|1682642650\n|move|p1a: Gholdengo|Protect||[still]\n|-fail|p1a: Gholdengo\n|move|p2b: Dragonite|Extreme Speed|p1a: Gholdengo\n|-damage|p1a: Gholdengo|1\/100\n|move|p2a: Arcanine|Flare Blitz|p1a: Gholdengo\n|-resisted|p1a: Gholdengo\n|-damage|p1a: Gholdengo|0 fnt\n|faint|p1a: Gholdengo\n|-damage|p2a: Arcanine|8\/100|[from] Recoil\n|move|p1b: Garganacl|Salt Cure|p2b: Dragonite\n|-supereffective|p2b: Dragonite\n|-damage|p2b: Dragonite|0 fnt\n|faint|p2b: Dragonite\n|\n|-damage|p2a: Arcanine|0 fnt|[from] Salt Cure\n|faint|p2a: Arcanine\n|upkeep\n|\n|t:|1682642659\n|switch|p2a: Flutter Mane|Flutter Mane, L50|35\/100\n|switch|p2b: Chi-Yu|Chi-Yu, L50, tera:Grass|47\/100\n|-ability|p2b: Chi-Yu|Beads of Ruin\n|turn|8\n|\n|t:|1682642667\n|move|p2a: Flutter Mane|Moonblast|p1b: Garganacl\n|-damage|p1b: Garganacl|58\/100\n|move|p2b: Chi-Yu|Dark Pulse|p1b: Garganacl\n|-damage|p1b: Garganacl|5\/100\n|-damage|p2b: Chi-Yu|37\/100|[from] item: Life Orb\n|move|p1b: Garganacl|Salt Cure|p2a: Flutter Mane\n|-damage|p2a: Flutter Mane|14\/100\n|-start|p2a: Flutter Mane|Salt Cure\n|\n|-heal|p1b: Garganacl|11\/100|[from] item: Leftovers\n|-damage|p2a: Flutter Mane|1\/100|[from] Salt Cure\n|upkeep\n|turn|9\n|\n|t:|1682642680\n|move|p1b: Garganacl|Protect|p1b: Garganacl\n|-singleturn|p1b: Garganacl|Protect\n|move|p2a: Flutter Mane|Moonblast|p1b: Garganacl\n|-activate|p1b: Garganacl|move: Protect\n|move|p2b: Chi-Yu|Dark Pulse|p1b: Garganacl\n|-activate|p1b: Garganacl|move: Protect\n|\n|-heal|p1b: Garganacl|16\/100|[from] item: Leftovers\n|-damage|p2a: Flutter Mane|0 fnt|[from] Salt Cure\n|faint|p2a: Flutter Mane\n|-end|p2a: Flutter Mane|Protosynthesis|[silent]\n|upkeep\n|turn|10\n|\n|t:|1682642687\n|move|p2b: Chi-Yu|Dark Pulse|p1b: Garganacl\n|-damage|p1b: Garganacl|0 fnt\n|faint|p1b: Garganacl\n|-damage|p2b: Chi-Yu|27\/100|[from] item: Life Orb\n|\n|win|mathtass\n|raw|VGChris0607k's rating: 1322 → 1305<\/strong> (-17 for losing)\n|raw|mathtass's rating: 1383 → 1400<\/strong> (+17 for winning)\n|l|\u2606VGChris0607k\n","uploadtime":1682642691,"views":9,"p1id":"vgchris0607k","p2id":"mathtass","formatid":"gen9vgc2023regulationc","rating":1305,"private":0,"password":""}