{"id":"gen9vgc2023regulationc-1852597811","p1":"iuseashitteam","p2":"WonkyWill","format":"[Gen 9] VGC 2023 Regulation C","log":"|j|\u2606iuseashitteam\n|j|\u2606WonkyWill\n|t:|1682582800\n|gametype|doubles\n|player|p1|iuseashitteam|102|1128\n|player|p2|WonkyWill|169|1193\n|teamsize|p1|6\n|teamsize|p2|6\n|gen|9\n|tier|[Gen 9] VGC 2023 Regulation C\n|rated|\n|rule|Species Clause: Limit one of each Pok\u00e9mon\n|rule|Item Clause: Limit one of each item\n|clearpoke\n|poke|p1|Roaring Moon, L50|\n|poke|p1|Iron Hands, L50|\n|poke|p1|Arcanine, L50, F|\n|poke|p1|Amoonguss, L50, F|\n|poke|p1|Kingambit, L50, F|\n|poke|p1|Great Tusk, L50|\n|poke|p2|Ting-Lu, L50|\n|poke|p2|Chien-Pao, L50|\n|poke|p2|Garganacl, L50, F|\n|poke|p2|Palafin, L50, F|\n|poke|p2|Hydreigon, L50, M|\n|poke|p2|Amoonguss, L50, F|\n|teampreview|4\n|inactive|Battle timer is ON: inactive players will automatically lose when time's up. (requested by iuseashitteam)\n|inactive|iuseashitteam has 60 seconds left.\n|inactive|WonkyWill has 60 seconds left.\n|\n|t:|1682582849\n|start\n|switch|p1a: Roaring Moon|Roaring Moon, L50|100\/100\n|switch|p1b: Amoonguss|Amoonguss, L50, F|100\/100\n|switch|p2a: Palafin|Palafin, L50, F|100\/100\n|switch|p2b: Hydreigon|Hydreigon, L50, M|100\/100\n|-enditem|p1a: Roaring Moon|Booster Energy\n|-activate|p1a: Roaring Moon|ability: Protosynthesis|[fromitem]\n|-start|p1a: Roaring Moon|protosynthesisatk\n|turn|1\n|\n|t:|1682582874\n|detailschange|p2a: Palafin|Palafin-Hero, L50, F\n|switch|p2a: Amoonguss|Amoonguss, L50, F|100\/100\n|move|p1a: Roaring Moon|Protect|p1a: Roaring Moon\n|-singleturn|p1a: Roaring Moon|Protect\n|move|p2b: Hydreigon|Draco Meteor|p1a: Roaring Moon\n|-activate|p1a: Roaring Moon|move: Protect\n|move|p1b: Amoonguss|Spore|p2b: Hydreigon\n|-status|p2b: Hydreigon|slp|[from] move: Spore\n|\n|upkeep\n|turn|2\n|inactive|iuseashitteam has 30 seconds left.\n|\n|t:|1682582901\n|switch|p1b: Kingambit|Kingambit, L50, F, shiny|100\/100\n|-terastallize|p1a: Roaring Moon|Flying\n|cant|p2b: Hydreigon|slp\n|move|p1a: Roaring Moon|Acrobatics|p2a: Amoonguss\n|-supereffective|p2a: Amoonguss\n|-damage|p2a: Amoonguss|0 fnt\n|faint|p2a: Amoonguss\n|\n|upkeep\n|\n|t:|1682582919\n|switch|p2a: Chien-Pao|Chien-Pao, L50|100\/100\n|-ability|p2a: Chien-Pao|Sword of Ruin\n|turn|3\n|\n|t:|1682582941\n|move|p2a: Chien-Pao|Protect|p2a: Chien-Pao\n|-singleturn|p2a: Chien-Pao|Protect\n|move|p1a: Roaring Moon|Protect|p1a: Roaring Moon\n|-singleturn|p1a: Roaring Moon|Protect\n|-curestatus|p2b: Hydreigon|slp|[msg]\n|move|p2b: Hydreigon|Draco Meteor|p1a: Roaring Moon\n|-activate|p1a: Roaring Moon|move: Protect\n|move|p1b: Kingambit|Iron Head|p2a: Chien-Pao\n|-activate|p2a: Chien-Pao|move: Protect\n|\n|upkeep\n|turn|4\n|\n|t:|1682582959\n|-end|p1a: Roaring Moon|Protosynthesis|[silent]\n|switch|p1a: Arcanine|Arcanine, L50, F|100\/100\n|-ability|p1a: Arcanine|Intimidate|boost\n|-unboost|p2a: Chien-Pao|atk|1\n|-unboost|p2b: Hydreigon|atk|1\n|move|p2b: Hydreigon|Draco Meteor|p1a: Arcanine\n|-damage|p1a: Arcanine|30\/100\n|-unboost|p2b: Hydreigon|spa|2\n|move|p2a: Chien-Pao|Sacred Sword|p1b: Kingambit\n|-supereffective|p1b: Kingambit\n|-damage|p1b: Kingambit|23\/100\n|move|p1b: Kingambit|Iron Head|p2a: Chien-Pao\n|-supereffective|p2a: Chien-Pao\n|-enditem|p2a: Chien-Pao|Focus Sash\n|-damage|p2a: Chien-Pao|1\/100\n|\n|-heal|p1b: Kingambit|28\/100|[from] item: Leftovers\n|upkeep\n|turn|5\n|inactive|iuseashitteam has 30 seconds left.\n|inactive|iuseashitteam has 20 seconds left.\n|inactive|iuseashitteam has 15 seconds left.\n|\n|t:|1682582999\n|switch|p2b: Palafin|Palafin-Hero, L50, F|100\/100\n|-activate|p2b: Palafin|ability: Zero to Hero\n|move|p2a: Chien-Pao|Protect|p2a: Chien-Pao\n|-singleturn|p2a: Chien-Pao|Protect\n|move|p1a: Arcanine|Protect|p1a: Arcanine\n|-singleturn|p1a: Arcanine|Protect\n|move|p1b: Kingambit|Protect||[still]\n|-fail|p1b: Kingambit\n|\n|-heal|p1b: Kingambit|34\/100|[from] item: Leftovers\n|upkeep\n|turn|6\n|inactive|WonkyWill has 30 seconds left.\n|\n|t:|1682583030\n|switch|p2a: Hydreigon|Hydreigon, L50, M|100\/100\n|-terastallize|p2b: Palafin|Water\n|move|p2b: Palafin|Jet Punch|p1a: Arcanine\n|-supereffective|p1a: Arcanine\n|-damage|p1a: Arcanine|0 fnt\n|faint|p1a: Arcanine\n|move|p1b: Kingambit|Sucker Punch||[still]\n|-fail|p1b: Kingambit\n|\n|-heal|p1b: Kingambit|40\/100|[from] item: Leftovers\n|upkeep\n|\n|t:|1682583036\n|switch|p1a: Amoonguss|Amoonguss, L50, F|100\/100\n|turn|7\n|\n|t:|1682583050\n|move|p1a: Amoonguss|Rage Powder|p1a: Amoonguss\n|-singleturn|p1a: Amoonguss|move: Rage Powder\n|move|p2b: Palafin|Jet Punch|p1a: Amoonguss\n|-resisted|p1a: Amoonguss\n|-damage|p1a: Amoonguss|66\/100\n|move|p2a: Hydreigon|Dark Pulse|p1a: Amoonguss\n|-crit|p1a: Amoonguss\n|-damage|p1a: Amoonguss|17\/100\n|move|p1b: Kingambit|Kowtow Cleave|p2b: Palafin\n|-damage|p2b: Palafin|61\/100\n|\n|-heal|p1b: Kingambit|46\/100|[from] item: Leftovers\n|upkeep\n|turn|8\n|\n|t:|1682583075\n|move|p1a: Amoonguss|Protect|p1a: Amoonguss\n|-singleturn|p1a: Amoonguss|Protect\n|move|p2b: Palafin|Jet Punch|p1b: Kingambit\n|-damage|p1b: Kingambit|0 fnt\n|faint|p1b: Kingambit\n|move|p2a: Hydreigon|Dark Pulse|p1a: Amoonguss\n|-activate|p1a: Amoonguss|move: Protect\n|\n|upkeep\n|\n|t:|1682583079\n|switch|p1b: Roaring Moon|Roaring Moon, L50, tera:Flying|100\/100\n|turn|9\n|\n|t:|1682583092\n|move|p1a: Amoonguss|Rage Powder|p1a: Amoonguss\n|-singleturn|p1a: Amoonguss|move: Rage Powder\n|move|p2b: Palafin|Jet Punch|p1a: Amoonguss\n|-resisted|p1a: Amoonguss\n|-damage|p1a: Amoonguss|0 fnt\n|faint|p1a: Amoonguss\n|move|p2a: Hydreigon|Dark Pulse|p1b: Roaring Moon\n|-damage|p1b: Roaring Moon|57\/100\n|move|p1b: Roaring Moon|Dragon Dance|p1b: Roaring Moon\n|-boost|p1b: Roaring Moon|atk|1\n|-boost|p1b: Roaring Moon|spe|1\n|\n|upkeep\n|turn|10\n|\n|t:|1682583107\n|move|p2b: Palafin|Jet Punch|p1b: Roaring Moon\n|-damage|p1b: Roaring Moon|0 fnt\n|faint|p1b: Roaring Moon\n|-end|p1b: Roaring Moon|Protosynthesis|[silent]\n|\n|win|WonkyWill\n|raw|iuseashitteam's rating: 1128 → 1108<\/strong> (-20 for losing)\n|raw|WonkyWill's rating: 1193 → 1213<\/strong> (+20 for winning)\n|l|\u2606iuseashitteam\n","uploadtime":1682583130,"views":13,"p1id":"iuseashitteam","p2id":"wonkywill","formatid":"gen9vgc2023regulationc","rating":1108,"private":0,"password":""}