{"id":"gen9vgc2023regulationc-1851868969","p1":"linxufan pokemon","p2":"MareeohYT","format":"[Gen 9] VGC 2023 Regulation C","log":"|j|\u2606linxufan pokemon\n|j|\u2606MareeohYT\n|t:|1682497949\n|gametype|doubles\n|player|p1|linxufan pokemon|hilbert|1497\n|player|p2|MareeohYT|policeman-gen4|1492\n|teamsize|p1|6\n|teamsize|p2|6\n|gen|9\n|tier|[Gen 9] VGC 2023 Regulation C\n|rated|\n|rule|Species Clause: Limit one of each Pok\u00e9mon\n|rule|Item Clause: Limit one of each item\n|clearpoke\n|poke|p1|Gyarados, L50, F|\n|poke|p1|Amoonguss, L50, F|\n|poke|p1|Flutter Mane, L50|\n|poke|p1|Dragonite, L50, M|\n|poke|p1|Chien-Pao, L50|\n|poke|p1|Great Tusk, L50|\n|poke|p2|Iron Bundle, L50|\n|poke|p2|Garchomp, L50, M|\n|poke|p2|Corviknight, L50, M|\n|poke|p2|Chi-Yu, L50|\n|poke|p2|Flutter Mane, L50|\n|poke|p2|Abomasnow, L50, M|\n|teampreview|4\n|j| Horuskoria\n|j| jdarcan\n|\n|t:|1682497980\n|start\n|switch|p1a: Dragonite|Dragonite, L50, M|100\/100\n|switch|p1b: Chien-Pao|Chien-Pao, L50|100\/100\n|switch|p2a: Iron Bundle|Iron Bundle, L50|100\/100\n|switch|p2b: Abomasnow|Abomasnow, L50, M|100\/100\n|-ability|p1b: Chien-Pao|Sword of Ruin\n|-weather|Snow|[from] ability: Snow Warning|[of] p2b: Abomasnow\n|-enditem|p2a: Iron Bundle|Booster Energy\n|-activate|p2a: Iron Bundle|ability: Quark Drive|[fromitem]\n|-start|p2a: Iron Bundle|quarkdrivespe\n|turn|1\n|\n|t:|1682498007\n|-terastallize|p1a: Dragonite|Normal\n|move|p2b: Abomasnow|Protect|p2b: Abomasnow\n|-singleturn|p2b: Abomasnow|Protect\n|move|p1a: Dragonite|Extreme Speed|p2b: Abomasnow\n|-activate|p2b: Abomasnow|move: Protect\n|move|p2a: Iron Bundle|Aurora Veil|p2a: Iron Bundle\n|-sidestart|p2: MareeohYT|move: Aurora Veil\n|move|p1b: Chien-Pao|Ice Spinner|p2b: Abomasnow\n|-activate|p2b: Abomasnow|move: Protect\n|\n|-weather|Snow|[upkeep]\n|upkeep\n|turn|2\n|\n|t:|1682498026\n|move|p1a: Dragonite|Extreme Speed|p2b: Abomasnow\n|-damage|p2b: Abomasnow|52\/100\n|move|p2a: Iron Bundle|Blizzard|p1a: Dragonite|[spread] p1a,p1b\n|-resisted|p1b: Chien-Pao\n|-damage|p1a: Dragonite|84\/100\n|-damage|p1b: Chien-Pao|71\/100\n|-status|p1a: Dragonite|frz\n|move|p1b: Chien-Pao|Sacred Sword|p2b: Abomasnow\n|-supereffective|p2b: Abomasnow\n|-damage|p2b: Abomasnow|3\/100\n|-damage|p1b: Chien-Pao|62\/100|[from] item: Life Orb\n|move|p2b: Abomasnow|Blizzard|p1b: Chien-Pao|[spread] p1a,p1b\n|-resisted|p1b: Chien-Pao\n|-damage|p1a: Dragonite|44\/100 frz\n|-damage|p1b: Chien-Pao|23\/100\n|-damage|p2b: Abomasnow|0 fnt|[from] item: Life Orb\n|faint|p2b: Abomasnow\n|\n|-weather|Snow|[upkeep]\n|upkeep\n|\n|t:|1682498037\n|switch|p2b: Flutter Mane|Flutter Mane, L50|100\/100\n|turn|3\n|\n|t:|1682498051\n|move|p1b: Chien-Pao|Protect|p1b: Chien-Pao\n|-singleturn|p1b: Chien-Pao|Protect\n|cant|p1a: Dragonite|frz\n|move|p2a: Iron Bundle|Blizzard|p1a: Dragonite|[spread] p1a\n|-activate|p1b: Chien-Pao|move: Protect\n|-damage|p1a: Dragonite|15\/100 frz\n|move|p2b: Flutter Mane|Substitute|p2b: Flutter Mane\n|-start|p2b: Flutter Mane|Substitute\n|-damage|p2b: Flutter Mane|76\/100\n|\n|-weather|Snow|[upkeep]\n|-heal|p2b: Flutter Mane|82\/100|[from] item: Leftovers\n|upkeep\n|turn|4\n|\n|t:|1682498079\n|move|p2b: Flutter Mane|Protect|p2b: Flutter Mane\n|-singleturn|p2b: Flutter Mane|Protect\n|cant|p1a: Dragonite|frz\n|move|p2a: Iron Bundle|Blizzard|p1a: Dragonite|[spread] p1a,p1b\n|-resisted|p1b: Chien-Pao\n|-damage|p1a: Dragonite|0 fnt\n|-damage|p1b: Chien-Pao|0 fnt\n|faint|p1a: Dragonite\n|faint|p1b: Chien-Pao\n|\n|-weather|Snow|[upkeep]\n|-heal|p2b: Flutter Mane|88\/100|[from] item: Leftovers\n|upkeep\n|\n|t:|1682498093\n|switch|p1b: Flutter Mane|Flutter Mane, L50|100\/100\n|switch|p1a: Great Tusk|Great Tusk, L50|100\/100\n|-enditem|p1b: Flutter Mane|Booster Energy\n|-activate|p1b: Flutter Mane|ability: Protosynthesis|[fromitem]\n|-start|p1b: Flutter Mane|protosynthesisspa\n|turn|5\n|\n|t:|1682498119\n|move|p2a: Iron Bundle|Blizzard|p1b: Flutter Mane|[spread] p1a,p1b\n|-supereffective|p1a: Great Tusk\n|-damage|p1a: Great Tusk|8\/100\n|-damage|p1b: Flutter Mane|68\/100\n|move|p1a: Great Tusk|Rock Slide|p2b: Flutter Mane|[spread] p2a,p2b\n|-activate|p2b: Flutter Mane|move: Substitute|[damage]\n|-supereffective|p2a: Iron Bundle\n|-damage|p2a: Iron Bundle|80\/100\n|move|p1b: Flutter Mane|Thunderbolt|p2a: Iron Bundle\n|-supereffective|p2a: Iron Bundle\n|-damage|p2a: Iron Bundle|7\/100\n|move|p2b: Flutter Mane|Shadow Ball|p1b: Flutter Mane\n|-supereffective|p1b: Flutter Mane\n|-damage|p1b: Flutter Mane|0 fnt\n|faint|p1b: Flutter Mane\n|-end|p1b: Flutter Mane|Protosynthesis|[silent]\n|\n|-weather|none\n|-heal|p2b: Flutter Mane|94\/100|[from] item: Leftovers\n|-sideend|p2: MareeohYT|move: Aurora Veil\n|upkeep\n|turn|6\n|l| jdarcan\n|-message|linxufan pokemon forfeited.\n|\n|win|MareeohYT\n|raw|linxufan pokemon's rating: 1497 → 1477<\/strong> (-20 for losing)\n|raw|MareeohYT's rating: 1492 → 1512<\/strong> (+20 for winning)\n|l|\u2606linxufan pokemon\n","uploadtime":1682498139,"views":20,"p1id":"linxufanpokemon","p2id":"mareeohyt","formatid":"gen9vgc2023regulationc","rating":1477,"private":0,"password":""}