{"id":"gen9vgc2023regulationc-1850988275","p1":"xcjskull","p2":"starkhd","format":"[Gen 9] VGC 2023 Regulation C","log":"|j|\u2606xcjskull\n|j|\u2606starkhd\n|t:|1682390698\n|gametype|doubles\n|player|p1|xcjskull|102|1079\n|player|p2|starkhd|1|1050\n|teamsize|p1|6\n|teamsize|p2|6\n|gen|9\n|tier|[Gen 9] VGC 2023 Regulation C\n|rated|\n|rule|Species Clause: Limit one of each Pok\u00e9mon\n|rule|Item Clause: Limit one of each item\n|clearpoke\n|poke|p1|Ting-Lu, L50|\n|poke|p1|Flutter Mane, L50|\n|poke|p1|Arcanine, L50, M|\n|poke|p1|Amoonguss, L50, M|\n|poke|p1|Baxcalibur, L50, F|\n|poke|p1|Palafin, L50, M|\n|poke|p2|Dragonite, L50, F|\n|poke|p2|Chien-Pao, L50|\n|poke|p2|Flutter Mane, L50|\n|poke|p2|Arcanine, L50, M|\n|poke|p2|Amoonguss, L50, F|\n|poke|p2|Palafin, L50, F|\n|teampreview|4\nxcjskull rejected open team sheets.\n|\n|t:|1682390749\n|start\n|switch|p1a: Baxcalibur|Baxcalibur, L50, F|100\/100\n|switch|p1b: Palafin|Palafin, L50, M|100\/100\n|switch|p2a: Chien-Pao|Chien-Pao, L50|100\/100\n|switch|p2b: Flutter Mane|Flutter Mane, L50, shiny|100\/100\n|-ability|p2a: Chien-Pao|Sword of Ruin\n|-enditem|p2b: Flutter Mane|Booster Energy\n|-activate|p2b: Flutter Mane|ability: Protosynthesis|[fromitem]\n|-start|p2b: Flutter Mane|protosynthesisspa\n|turn|1\n|inactive|Battle timer is ON: inactive players will automatically lose when time's up. (requested by starkhd)\n|\n|t:|1682390789\n|detailschange|p1b: Palafin|Palafin-Hero, L50, M\n|switch|p1b: Arcanine|Arcanine, L50, M|100\/100\n|-ability|p1b: Arcanine|Intimidate|boost\n|-unboost|p2a: Chien-Pao|atk|1\n|-unboost|p2b: Flutter Mane|atk|1\n|-terastallize|p1a: Baxcalibur|Poison\n|move|p2a: Chien-Pao|Sacred Sword|p1a: Baxcalibur\n|-resisted|p1a: Baxcalibur\n|-damage|p1a: Baxcalibur|88\/100\n|move|p2b: Flutter Mane|Moonblast|p1a: Baxcalibur\n|-resisted|p1a: Baxcalibur\n|-damage|p1a: Baxcalibur|51\/100\n|move|p1a: Baxcalibur|Glaive Rush|p2b: Flutter Mane\n|-immune|p2b: Flutter Mane\n|\n|upkeep\n|turn|2\n|inactive|starkhd has 30 seconds left.\n|\n|t:|1682390816\n|-terastallize|p2a: Chien-Pao|Ghost\n|move|p2a: Chien-Pao|Sacred Sword|p1a: Baxcalibur\n|-resisted|p1a: Baxcalibur\n|-damage|p1a: Baxcalibur|38\/100\n|move|p2b: Flutter Mane|Thunderbolt|p1b: Arcanine\n|-damage|p1b: Arcanine|52\/100\n|move|p1a: Baxcalibur|Glaive Rush|p2a: Chien-Pao\n|-enditem|p2a: Chien-Pao|Focus Sash\n|-damage|p2a: Chien-Pao|1\/100\n|-singlemove|p1a: Baxcalibur|Glaive Rush|[silent]\n|move|p1b: Arcanine|Will-O-Wisp|p2b: Flutter Mane\n|-status|p2b: Flutter Mane|brn\n|\n|-damage|p2b: Flutter Mane|94\/100 brn|[from] brn\n|upkeep\n|turn|3\n|\n|t:|1682390836\n|move|p1a: Baxcalibur|Protect|p1a: Baxcalibur\n|-singleturn|p1a: Baxcalibur|Protect\n|move|p1b: Arcanine|Extreme Speed|p2a: Chien-Pao\n|-immune|p2a: Chien-Pao\n|move|p2a: Chien-Pao|Ice Spinner|p1a: Baxcalibur\n|-activate|p1a: Baxcalibur|move: Protect\n|move|p2b: Flutter Mane|Thunderbolt|p1b: Arcanine\n|-damage|p1b: Arcanine|8\/100\n|\n|-damage|p2b: Flutter Mane|88\/100 brn|[from] brn\n|upkeep\n|turn|4\n|\n|t:|1682390857\n|move|p2a: Chien-Pao|Protect|p2a: Chien-Pao\n|-singleturn|p2a: Chien-Pao|Protect\n|move|p1b: Arcanine|Protect|p1b: Arcanine\n|-singleturn|p1b: Arcanine|Protect\n|move|p1a: Baxcalibur|Ice Shard|p2a: Chien-Pao\n|-activate|p2a: Chien-Pao|move: Protect\n|move|p2b: Flutter Mane|Shadow Ball|p1b: Arcanine\n|-activate|p1b: Arcanine|move: Protect\n|\n|-damage|p2b: Flutter Mane|82\/100 brn|[from] brn\n|upkeep\n|turn|5\n|\n|t:|1682390881\n|switch|p1b: Amoonguss|Amoonguss, L50, M|100\/100\n|move|p1a: Baxcalibur|Ice Shard|p2a: Chien-Pao\n|-damage|p2a: Chien-Pao|0 fnt\n|faint|p2a: Chien-Pao\n|move|p2b: Flutter Mane|Moonblast|p1a: Baxcalibur\n|-resisted|p1a: Baxcalibur\n|-damage|p1a: Baxcalibur|5\/100\n|\n|-damage|p2b: Flutter Mane|76\/100 brn|[from] brn\n|upkeep\n|\n|t:|1682390891\n|switch|p2a: Arcanine|Arcanine, L50, M, shiny|100\/100\n|-ability|p2a: Arcanine|Intimidate|boost\n|-fail|p1a: Baxcalibur|unboost|[from] item: Clear Amulet|[of] p1a: Baxcalibur\n|-unboost|p1b: Amoonguss|atk|1\n|turn|6\n|inactive|starkhd has 30 seconds left.\n|\n|t:|1682390917\n|switch|p1a: Arcanine|Arcanine, L50, M|8\/100\n|-ability|p1a: Arcanine|Intimidate|boost\n|-unboost|p2a: Arcanine|atk|1\n|-unboost|p2b: Flutter Mane|atk|1\n|move|p2b: Flutter Mane|Moonblast|p1b: Amoonguss\n|-resisted|p1b: Amoonguss\n|-damage|p1b: Amoonguss|74\/100\n|-unboost|p1b: Amoonguss|spa|1\n|move|p2a: Arcanine|Will-O-Wisp|p1a: Arcanine|[miss]\n|-miss|p2a: Arcanine|p1a: Arcanine\n|move|p1b: Amoonguss|Pollen Puff|p1a: Arcanine\n|-heal|p1a: Arcanine|58\/100\n|\n|-damage|p2b: Flutter Mane|70\/100 brn|[from] brn\n|upkeep\n|turn|7\n|inactive|xcjskull has 30 seconds left.\n|\n|t:|1682390945\n|switch|p1a: Palafin|Palafin-Hero, L50, M|100\/100\n|-activate|p1a: Palafin|ability: Zero to Hero\n|move|p1b: Amoonguss|Protect|p1b: Amoonguss\n|-singleturn|p1b: Amoonguss|Protect\n|move|p2b: Flutter Mane|Thunderbolt|p1a: Palafin\n|-supereffective|p1a: Palafin\n|-crit|p1a: Palafin\n|-damage|p1a: Palafin|0 fnt\n|faint|p1a: Palafin\n|move|p2a: Arcanine|Flare Blitz|p1b: Amoonguss\n|-activate|p1b: Amoonguss|move: Protect\n|\n|-damage|p2b: Flutter Mane|64\/100 brn|[from] brn\n|upkeep\n|\n|t:|1682390962\n|switch|p1a: Arcanine|Arcanine, L50, M|58\/100\n|-ability|p1a: Arcanine|Intimidate|boost\n|-unboost|p2a: Arcanine|atk|1\n|-unboost|p2b: Flutter Mane|atk|1\n|turn|8\n|\n|t:|1682390987\n|move|p2a: Arcanine|Extreme Speed|p1a: Arcanine\n|-damage|p1a: Arcanine|46\/100\n|move|p2b: Flutter Mane|Thunderbolt|p1a: Arcanine\n|-damage|p1a: Arcanine|2\/100\n|move|p1a: Arcanine|Flare Blitz|p2b: Flutter Mane\n|-damage|p2b: Flutter Mane|0 fnt\n|faint|p2b: Flutter Mane\n|-end|p2b: Flutter Mane|Protosynthesis|[silent]\n|-damage|p1a: Arcanine|0 fnt|[from] Recoil\n|faint|p1a: Arcanine\n|move|p1b: Amoonguss|Pollen Puff|p1: Arcanine|[notarget]\n|-fail|p1b: Amoonguss\n|\n|upkeep\n|\n|t:|1682390999\n|switch|p2b: Amoonguss|Amoonguss, L50, F, shiny|100\/100\n|switch|p1a: Baxcalibur|Baxcalibur, L50, F, tera:Poison|5\/100\n|turn|9\n|-message|xcjskull forfeited.\n|\n|win|starkhd\n|raw|xcjskull's rating: 1079 → 1055<\/strong> (-24 for losing)\n|raw|starkhd's rating: 1050 → 1085<\/strong> (+35 for winning)\n|l|\u2606xcjskull\n","uploadtime":1682391035,"views":9,"p1id":"xcjskull","p2id":"starkhd","formatid":"gen9vgc2023regulationc","rating":1055,"private":0,"password":""}