{"id":"gen9vgc2023regulationc-1855952357","p1":"sasa246","p2":"kimitheweeb","format":"[Gen 9] VGC 2023 Regulation C","log":"|j|\u2606sasa246\n|j|\u2606kimitheweeb\n|t:|1683006139\n|gametype|doubles\n|player|p1|sasa246|1|1086\n|player|p2|kimitheweeb|cynthia|1088\n|teamsize|p1|6\n|teamsize|p2|6\n|gen|9\n|tier|[Gen 9] VGC 2023 Regulation C\n|rated|\n|rule|Species Clause: Limit one of each Pok\u00e9mon\n|rule|Item Clause: Limit one of each item\n|clearpoke\n|poke|p1|Flareon, L50, M|\n|poke|p1|Palafin, L50, M|\n|poke|p1|Wo-Chien, L50|\n|poke|p1|Scream Tail, L50|\n|poke|p1|Chien-Pao, L50|\n|poke|p1|Dragonite, L50, M|\n|poke|p2|Lilligant, L50, F|\n|poke|p2|Amoonguss, L50, F|\n|poke|p2|Salamence, L50, F|\n|poke|p2|Rotom-Wash, L50|\n|poke|p2|Tyranitar, L50, M|\n|poke|p2|Eelektross, L50, M|\n|teampreview|4\n|inactive|Battle timer is ON: inactive players will automatically lose when time's up. (requested by kimitheweeb)\n|\n|t:|1683006162\n|start\n|switch|p1a: Chien-Pao|Chien-Pao, L50|100\/100\n|switch|p1b: Palafin|Palafin, L50, M, shiny|100\/100\n|switch|p2a: Amoonguss|Amoonguss, L50, F|100\/100\n|switch|p2b: Lilligant|Lilligant, L50, F|100\/100\n|-ability|p1a: Chien-Pao|Sword of Ruin\n|turn|1\n|\n|t:|1683006180\n|detailschange|p1b: Palafin|Palafin-Hero, L50, M, shiny\n|switch|p1b: Wo-Chien|Wo-Chien, L50|100\/100\n|-ability|p1b: Wo-Chien|Tablets of Ruin\n|move|p1a: Chien-Pao|Protect|p1a: Chien-Pao\n|-singleturn|p1a: Chien-Pao|Protect\n|move|p2a: Amoonguss|Rage Powder|p2a: Amoonguss\n|-singleturn|p2a: Amoonguss|move: Rage Powder\n|move|p2b: Lilligant|Quiver Dance|p2b: Lilligant\n|-boost|p2b: Lilligant|spa|1\n|-boost|p2b: Lilligant|spd|1\n|-boost|p2b: Lilligant|spe|1\n|\n|upkeep\n|turn|2\n|inactive|sasa246 has 30 seconds left.\n|\n|t:|1683006212\n|move|p2a: Amoonguss|Rage Powder|p2a: Amoonguss\n|-singleturn|p2a: Amoonguss|move: Rage Powder\n|move|p2b: Lilligant|Quiver Dance|p2b: Lilligant\n|-boost|p2b: Lilligant|spa|1\n|-boost|p2b: Lilligant|spd|1\n|-boost|p2b: Lilligant|spe|1\n|move|p1a: Chien-Pao|Ice Spinner|p2a: Amoonguss\n|-supereffective|p2a: Amoonguss\n|-damage|p2a: Amoonguss|22\/100\n|-enditem|p2a: Amoonguss|Sitrus Berry|[eat]\n|-heal|p2a: Amoonguss|47\/100|[from] item: Sitrus Berry\n|move|p1b: Wo-Chien|Foul Play|p2b: Lilligant\n|-damage|p2b: Lilligant|67\/100\n|\n|upkeep\n|turn|3\n|inactive|sasa246 has 30 seconds left.\n|\n|t:|1683006241\n|switch|p2a: Tyranitar|Tyranitar, L50, M|100\/100\n|-weather|Sandstorm|[from] ability: Sand Stream|[of] p2a: Tyranitar\n|-terastallize|p2b: Lilligant|Rock\n|move|p2b: Lilligant|Giga Drain|p1a: Chien-Pao\n|-enditem|p1a: Chien-Pao|Focus Sash\n|-damage|p1a: Chien-Pao|1\/100\n|-heal|p2b: Lilligant|100\/100|[from] drain|[of] p1a: Chien-Pao\n|move|p1a: Chien-Pao|Ice Spinner|p2a: Tyranitar\n|-damage|p2a: Tyranitar|68\/100\n|move|p1b: Wo-Chien|Pollen Puff|p2b: Lilligant\n|-damage|p2b: Lilligant|90\/100\n|\n|-weather|Sandstorm|[upkeep]\n|-damage|p1a: Chien-Pao|0 fnt|[from] Sandstorm\n|-damage|p1b: Wo-Chien|94\/100|[from] Sandstorm\n|faint|p1a: Chien-Pao\n|-heal|p1b: Wo-Chien|100\/100|[from] item: Leftovers\n|upkeep\n|\n|t:|1683006263\n|switch|p1a: Dragonite|Dragonite, L50, M|100\/100\n|turn|4\n|\n|t:|1683006280\n|-terastallize|p1a: Dragonite|Normal\n|move|p2b: Lilligant|Protect|p2b: Lilligant\n|-singleturn|p2b: Lilligant|Protect\n|move|p1a: Dragonite|Extreme Speed|p2b: Lilligant\n|-activate|p2b: Lilligant|move: Protect\n|move|p1b: Wo-Chien|Leech Seed|p2a: Tyranitar\n|-start|p2a: Tyranitar|move: Leech Seed\n|move|p2a: Tyranitar|Rock Slide|p1b: Wo-Chien|[spread] p1a,p1b\n|-damage|p1a: Dragonite|88\/100\n|-damage|p1b: Wo-Chien|80\/100\n|\n|-weather|Sandstorm|[upkeep]\n|-damage|p1a: Dragonite|82\/100|[from] Sandstorm\n|-damage|p1b: Wo-Chien|74\/100|[from] Sandstorm\n|-heal|p1b: Wo-Chien|80\/100|[from] item: Leftovers\n|-damage|p2a: Tyranitar|56\/100|[from] Leech Seed|[of] p1b: Wo-Chien\n|-heal|p1b: Wo-Chien|93\/100|[silent]\n|upkeep\n|turn|5\n|\n|t:|1683006304\n|switch|p2a: Salamence|Salamence, L50, F|100\/100\n|-ability|p2a: Salamence|Intimidate|boost\n|-unboost|p1a: Dragonite|atk|1\n|-unboost|p1b: Wo-Chien|atk|1\n|move|p1b: Wo-Chien|Protect|p1b: Wo-Chien\n|-singleturn|p1b: Wo-Chien|Protect\n|move|p1a: Dragonite|Extreme Speed|p2b: Lilligant\n|-resisted|p2b: Lilligant\n|-damage|p2b: Lilligant|72\/100\n|move|p2b: Lilligant|Giga Drain|p1a: Dragonite\n|-damage|p1a: Dragonite|4\/100\n|-heal|p2b: Lilligant|100\/100|[from] drain|[of] p1a: Dragonite\n|\n|-weather|Sandstorm|[upkeep]\n|-damage|p2a: Salamence|95\/100|[from] Sandstorm\n|-damage|p1a: Dragonite|0 fnt|[from] Sandstorm\n|-damage|p1b: Wo-Chien|87\/100|[from] Sandstorm\n|faint|p1a: Dragonite\n|-heal|p1b: Wo-Chien|93\/100|[from] item: Leftovers\n|upkeep\n|-message|sasa246 forfeited.\n|\n|win|kimitheweeb\n|raw|sasa246's rating: 1086 → 1063<\/strong> (-23 for losing)\n|raw|kimitheweeb's rating: 1088 → 1115<\/strong> (+27 for winning)\n|l|\u2606sasa246\n","uploadtime":1683006450,"views":11,"p1id":"sasa246","p2id":"kimitheweeb","formatid":"gen9vgc2023regulationc","rating":1063,"private":0,"password":""}