{"id":"gen9vgc2023regulationc-1863219242","p1":"N 9902","p2":"sjkAfatdog","format":"[Gen 9] VGC 2023 Regulation C","log":"|j|\u2606N 9902\n|j|\u2606sjkAfatdog\n|t:|1683989901\n|gametype|doubles\n|player|p1|N 9902|cynthia|1319\n|player|p2|sjkAfatdog|dawn-gen4pt|1283\n|teamsize|p1|6\n|teamsize|p2|6\n|gen|9\n|tier|[Gen 9] VGC 2023 Regulation C\n|rated|\n|rule|Species Clause: Limit one of each Pok\u00e9mon\n|rule|Item Clause: Limit one of each item\n|clearpoke\n|poke|p1|Dondozo, L50, F|\n|poke|p1|Tatsugiri-Stretchy, L50, F|\n|poke|p1|Glimmora, L50, M|\n|poke|p1|Chi-Yu, L50|\n|poke|p1|Flutter Mane, L50|\n|poke|p1|Dragonite, L50, F|\n|poke|p2|Garganacl, L50, M|\n|poke|p2|Chien-Pao, L50|\n|poke|p2|Gholdengo, L50|\n|poke|p2|Iron Bundle, L50|\n|poke|p2|Maushold-Four, L50|\n|poke|p2|Slither Wing, L50|\n|teampreview|4\n|inactive|Battle timer is ON: inactive players will automatically lose when time's up. (requested by N 9902)\n|inactive|N 9902 has 60 seconds left.\n|inactive|sjkAfatdog has 60 seconds left.\n|\n|t:|1683989956\n|start\n|switch|p1a: Chi-Yu|Chi-Yu, L50|100\/100\n|switch|p1b: Dondozo|Dondozo, L50, F|100\/100\n|switch|p2a: Iron Bundle|Iron Bundle, L50|100\/100\n|switch|p2b: Gholdengo|Gholdengo, L50|100\/100\n|-ability|p1a: Chi-Yu|Beads of Ruin\n|-enditem|p2a: Iron Bundle|Booster Energy\n|-activate|p2a: Iron Bundle|ability: Quark Drive|[fromitem]\n|-start|p2a: Iron Bundle|quarkdrivespe\n|turn|1\n|inactive|sjkAfatdog has 30 seconds left.\n|\n|t:|1683989986\n|move|p1a: Chi-Yu|Protect|p1a: Chi-Yu\n|-singleturn|p1a: Chi-Yu|Protect\n|move|p2a: Iron Bundle|Icy Wind|p1a: Chi-Yu|[spread] p1b\n|-activate|p1a: Chi-Yu|move: Protect\n|-resisted|p1b: Dondozo\n|-damage|p1b: Dondozo|90\/100\n|-unboost|p1b: Dondozo|spe|1\n|move|p2b: Gholdengo|Make It Rain|p1b: Dondozo|[spread] p1b\n|-activate|p1a: Chi-Yu|move: Protect\n|-resisted|p1b: Dondozo\n|-damage|p1b: Dondozo|48\/100\n|-unboost|p2b: Gholdengo|spa|1\n|-enditem|p1b: Dondozo|Sitrus Berry|[eat]\n|-heal|p1b: Dondozo|73\/100|[from] item: Sitrus Berry\n|move|p1b: Dondozo|Yawn|p2a: Iron Bundle\n|-start|p2a: Iron Bundle|move: Yawn|[of] p1b: Dondozo\n|\n|upkeep\n|turn|2\n|inactive|N 9902 has 30 seconds left.\n|inactive|sjkAfatdog has 30 seconds left.\n|inactive|N 9902 has 20 seconds left.\n|inactive|N 9902 has 15 seconds left.\n|\n|t:|1683990028\n|move|p2a: Iron Bundle|Chilling Water|p1a: Chi-Yu\n|-supereffective|p1a: Chi-Yu\n|-damage|p1a: Chi-Yu|46\/100\n|-unboost|p1a: Chi-Yu|atk|1\n|move|p1a: Chi-Yu|Dark Pulse|p2b: Gholdengo\n|-supereffective|p2b: Gholdengo\n|-damage|p2b: Gholdengo|0 fnt\n|faint|p2b: Gholdengo\n|move|p1b: Dondozo|Wave Crash|p2a: Iron Bundle\n|-resisted|p2a: Iron Bundle\n|-damage|p2a: Iron Bundle|75\/100\n|-damage|p1b: Dondozo|68\/100|[from] Recoil\n|\n|-end|p2a: Iron Bundle|move: Yawn|[silent]\n|-status|p2a: Iron Bundle|slp\n|upkeep\n|\n|t:|1683990044\n|switch|p2b: Garganacl|Garganacl, L50, M|100\/100\n|turn|3\n|\n|t:|1683990059\n|-terastallize|p2b: Garganacl|Water\n|cant|p2a: Iron Bundle|slp\n|move|p1a: Chi-Yu|Dark Pulse|p2b: Garganacl\n|-damage|p2b: Garganacl|60\/100\n|move|p2b: Garganacl|Salt Cure|p1a: Chi-Yu\n|-supereffective|p1a: Chi-Yu\n|-damage|p1a: Chi-Yu|2\/100\n|-start|p1a: Chi-Yu|Salt Cure\n|move|p1b: Dondozo|Body Press|p2a: Iron Bundle\n|-supereffective|p2a: Iron Bundle\n|-damage|p2a: Iron Bundle|10\/100 slp\n|\n|-heal|p2b: Garganacl|66\/100|[from] item: Leftovers\n|-damage|p1a: Chi-Yu|0 fnt|[from] Salt Cure\n|faint|p1a: Chi-Yu\n|upkeep\n|\n|t:|1683990076\n|switch|p1a: Flutter Mane|Flutter Mane, L50|100\/100\n|-enditem|p1a: Flutter Mane|Booster Energy\n|-activate|p1a: Flutter Mane|ability: Protosynthesis|[fromitem]\n|-start|p1a: Flutter Mane|protosynthesisspe\n|turn|4\n|\n|t:|1683990092\n|move|p2b: Garganacl|Wide Guard|p2b: Garganacl\n|-singleturn|p2b: Garganacl|Wide Guard\n|cant|p2a: Iron Bundle|slp\n|move|p1a: Flutter Mane|Moonblast|p2b: Garganacl\n|-damage|p2b: Garganacl|35\/100\n|-unboost|p2b: Garganacl|spa|1\n|move|p1b: Dondozo|Wave Crash|p2a: Iron Bundle\n|-resisted|p2a: Iron Bundle\n|-damage|p2a: Iron Bundle|0 fnt\n|faint|p2a: Iron Bundle\n|-end|p2a: Iron Bundle|Quark Drive|[silent]\n|-damage|p1b: Dondozo|66\/100|[from] Recoil\n|\n|-heal|p2b: Garganacl|41\/100|[from] item: Leftovers\n|upkeep\n|\n|t:|1683990101\n|switch|p2a: Chien-Pao|Chien-Pao, L50|100\/100\n|-ability|p2a: Chien-Pao|Sword of Ruin\n|turn|5\n|\n|t:|1683990118\n|move|p1a: Flutter Mane|Protect|p1a: Flutter Mane\n|-singleturn|p1a: Flutter Mane|Protect\n|move|p2a: Chien-Pao|Ice Spinner|p1a: Flutter Mane\n|-activate|p1a: Flutter Mane|move: Protect\n|move|p2b: Garganacl|Recover|p2b: Garganacl\n|-heal|p2b: Garganacl|91\/100\n|move|p1b: Dondozo|Yawn|p2a: Chien-Pao\n|-start|p2a: Chien-Pao|move: Yawn|[of] p1b: Dondozo\n|\n|-heal|p2b: Garganacl|97\/100|[from] item: Leftovers\n|upkeep\n|turn|6\n|inactive|N 9902 has 30 seconds left.\n|\n|t:|1683990144\n|-end|p1a: Flutter Mane|Protosynthesis|[silent]\n|switch|p1a: Glimmora|Glimmora, L50, M|100\/100\n|move|p2a: Chien-Pao|Ice Spinner|p1a: Glimmora\n|-damage|p1a: Glimmora|47\/100\n|-activate|p1a: Glimmora|ability: Toxic Debris\n|-sidestart|p2: sjkAfatdog|move: Toxic Spikes\n|move|p2b: Garganacl|Salt Cure|p1b: Dondozo\n|-damage|p1b: Dondozo|56\/100\n|-start|p1b: Dondozo|Salt Cure\n|move|p1b: Dondozo|Yawn|p2b: Garganacl\n|-immune|p2b: Garganacl|[from] ability: Purifying Salt\n|\n|-heal|p2b: Garganacl|100\/100|[from] item: Leftovers\n|-damage|p1b: Dondozo|32\/100|[from] Salt Cure\n|-end|p2a: Chien-Pao|move: Yawn|[silent]\n|-status|p2a: Chien-Pao|slp\n|upkeep\n|turn|7\n|\n|t:|1683990167\n|cant|p2a: Chien-Pao|slp\n|move|p1a: Glimmora|Energy Ball|p2b: Garganacl\n|-supereffective|p2b: Garganacl\n|-damage|p2b: Garganacl|66\/100\n|move|p2b: Garganacl|Salt Cure|p1a: Glimmora\n|-damage|p1a: Glimmora|26\/100\n|-start|p1a: Glimmora|Salt Cure\n|-activate|p1a: Glimmora|ability: Toxic Debris\n|-sidestart|p2: sjkAfatdog|move: Toxic Spikes\n|move|p1b: Dondozo|Body Press|p2a: Chien-Pao\n|-supereffective|p2a: Chien-Pao\n|-enditem|p2a: Chien-Pao|Focus Sash\n|-damage|p2a: Chien-Pao|1\/100 slp\n|\n|-heal|p2b: Garganacl|72\/100|[from] item: Leftovers\n|-damage|p1a: Glimmora|14\/100|[from] Salt Cure\n|-damage|p1b: Dondozo|7\/100|[from] Salt Cure\n|upkeep\n|turn|8\n|inactive|N 9902 has 30 seconds left.\n|\n|t:|1683990193\n|cant|p2a: Chien-Pao|slp\n|move|p2b: Garganacl|Protect|p2b: Garganacl\n|-singleturn|p2b: Garganacl|Protect\n|move|p1a: Glimmora|Mortal Spin|p2b: Garganacl|[spread] p2a\n|-activate|p2b: Garganacl|move: Protect\n|-damage|p2a: Chien-Pao|0 fnt\n|faint|p2a: Chien-Pao\n|move|p1b: Dondozo|Body Press|p2b: Garganacl\n|-activate|p2b: Garganacl|move: Protect\n|\n|-heal|p2b: Garganacl|77\/100|[from] item: Leftovers\n|-damage|p1a: Glimmora|2\/100|[from] Salt Cure\n|-damage|p1b: Dondozo|0 fnt|[from] Salt Cure\n|faint|p1b: Dondozo\n|upkeep\n|\n|t:|1683990201\n|switch|p1b: Flutter Mane|Flutter Mane, L50|100\/100\n|turn|9\n|\n|t:|1683990222\n|move|p1b: Flutter Mane|Moonblast|p2b: Garganacl\n|-damage|p2b: Garganacl|45\/100\n|-unboost|p2b: Garganacl|spa|1\n|move|p1a: Glimmora|Mortal Spin|p2b: Garganacl\n|-damage|p2b: Garganacl|41\/100\n|move|p2b: Garganacl|Recover|p2b: Garganacl\n|-heal|p2b: Garganacl|91\/100\n|\n|-heal|p2b: Garganacl|97\/100|[from] item: Leftovers\n|-damage|p1a: Glimmora|0 fnt|[from] Salt Cure\n|faint|p1a: Glimmora\n|upkeep\n|turn|10\n|\n|t:|1683990235\n|-terastallize|p1b: Flutter Mane|Fairy\n|move|p1b: Flutter Mane|Moonblast|p2b: Garganacl\n|-damage|p2b: Garganacl|55\/100\n|-unboost|p2b: Garganacl|spa|1\n|move|p2b: Garganacl|Salt Cure|p1b: Flutter Mane\n|-damage|p1b: Flutter Mane|74\/100\n|-start|p1b: Flutter Mane|Salt Cure\n|\n|-heal|p2b: Garganacl|61\/100|[from] item: Leftovers\n|-damage|p1b: Flutter Mane|62\/100|[from] Salt Cure\n|upkeep\n|turn|11\n|\n|t:|1683990249\n|move|p2b: Garganacl|Protect|p2b: Garganacl\n|-singleturn|p2b: Garganacl|Protect\n|move|p1b: Flutter Mane|Moonblast|p2b: Garganacl\n|-activate|p2b: Garganacl|move: Protect\n|\n|-heal|p2b: Garganacl|67\/100|[from] item: Leftovers\n|-damage|p1b: Flutter Mane|50\/100|[from] Salt Cure\n|upkeep\n|turn|12\n|\n|t:|1683990257\n|move|p1b: Flutter Mane|Moonblast|p2b: Garganacl\n|-damage|p2b: Garganacl|24\/100\n|move|p2b: Garganacl|Recover|p2b: Garganacl\n|-heal|p2b: Garganacl|74\/100\n|\n|-heal|p2b: Garganacl|80\/100|[from] item: Leftovers\n|-damage|p1b: Flutter Mane|38\/100|[from] Salt Cure\n|upkeep\n|turn|13\n|\n|t:|1683990265\n|move|p2b: Garganacl|Protect|p2b: Garganacl\n|-singleturn|p2b: Garganacl|Protect\n|move|p1b: Flutter Mane|Moonblast|p2b: Garganacl\n|-activate|p2b: Garganacl|move: Protect\n|\n|-heal|p2b: Garganacl|86\/100|[from] item: Leftovers\n|-damage|p1b: Flutter Mane|26\/100|[from] Salt Cure\n|upkeep\n|turn|14\n|\n|t:|1683990273\n|move|p1b: Flutter Mane|Moonblast|p2b: Garganacl\n|-damage|p2b: Garganacl|37\/100\n|move|p2b: Garganacl|Recover|p2b: Garganacl\n|-heal|p2b: Garganacl|87\/100\n|\n|-heal|p2b: Garganacl|93\/100|[from] item: Leftovers\n|-damage|p1b: Flutter Mane|14\/100|[from] Salt Cure\n|upkeep\n|turn|15\n|\n|t:|1683990281\n|move|p2b: Garganacl|Protect|p2b: Garganacl\n|-singleturn|p2b: Garganacl|Protect\n|move|p1b: Flutter Mane|Moonblast|p2b: Garganacl\n|-activate|p2b: Garganacl|move: Protect\n|\n|-heal|p2b: Garganacl|99\/100|[from] item: Leftovers\n|-damage|p1b: Flutter Mane|2\/100|[from] Salt Cure\n|upkeep\n|turn|16\n|\n|t:|1683990289\n|move|p1b: Flutter Mane|Moonblast|p2b: Garganacl\n|-damage|p2b: Garganacl|51\/100\n|move|p2b: Garganacl|Recover|p2b: Garganacl\n|-heal|p2b: Garganacl|100\/100\n|\n|-damage|p1b: Flutter Mane|0 fnt|[from] Salt Cure\n|faint|p1b: Flutter Mane\n|-end|p1b: Flutter Mane|Protosynthesis|[silent]\n|\n|win|sjkAfatdog\n|upkeep\n|raw|N 9902's rating: 1319 → 1297<\/strong> (-22 for losing)\n|raw|sjkAfatdog's rating: 1283 → 1311<\/strong> (+28 for winning)\n|l|\u2606N 9902\n|l|\u2606sjkAfatdog\n|j|\u2606sjkAfatdog\n|player|p2|sjkAfatdog|dawn-gen4pt\n","uploadtime":1683990344,"views":4,"p1id":"n9902","p2id":"sjkafatdog","formatid":"gen9vgc2023regulationc","rating":1297,"private":0,"password":""}