{"id":"gen9vgc2023regulationc-1845048250","p1":"mharidain","p2":"coatesy92","format":"[Gen 9] VGC 2023 Regulation C","log":"|j|\u2606mharidain\n|j|\u2606coatesy92\n|t:|1681677713\n|gametype|doubles\n|player|p1|mharidain|guitarist-gen4|\n|player|p2|coatesy92|101|\n|teamsize|p1|6\n|teamsize|p2|6\n|gen|9\n|tier|[Gen 9] VGC 2023 Regulation C\n|rule|Species Clause: Limit one of each Pok\u00e9mon\n|rule|Item Clause: Limit one of each item\n|clearpoke\n|poke|p1|Makuhita, L5, M|\n|poke|p1|Larvesta, L5, M|\n|poke|p1|Mareanie, L5, F|\n|poke|p1|Bagon, L5, M|\n|poke|p1|Charcadet, L5, M|\n|poke|p1|Surskit, L5, F|\n|poke|p2|Mudbray, L5, F|\n|poke|p2|Houndour, L5, M|\n|poke|p2|Pawmi, L5, M|\n|poke|p2|Fomantis, L5, F|\n|poke|p2|Fidough, L5, F|\n|poke|p2|Buizel, L5, F|\n|teampreview|4\n|j| H0p5t3r\nmharidain rejected open team sheets.\n|j| Cerpin T\n|c| Cerpin T|heblo\n|c| H0p5t3r|oWo\n|j| haydyg\n|j| xJPNH\n|\n|t:|1681677844\n|start\n|switch|p1a: Makuhammad Ali|Makuhita, L5, M|100\/100\n|switch|p1b: Wretched creature|Mareanie, L5, F|100\/100\n|switch|p2a: pikapawmi|Pawmi, L5, M|100\/100\n|switch|p2b: Fomantis|Fomantis, L5, F|100\/100\n|turn|1\n|c| haydyg|Fomantis State\n|c| H0p5t3r|He did it\n|c| haydyg|After hit band, Mantis State\n|c| H0p5t3r|His old team name\n|\n|t:|1681677917\n|move|p2a: pikapawmi|Fake Out|p1a: Makuhammad Ali\n|-damage|p1a: Makuhammad Ali|83\/100\n|cant|p1a: Makuhammad Ali|flinch\n|move|p2b: Fomantis|Leaf Storm|p1a: Makuhammad Ali\n|-damage|p1a: Makuhammad Ali|0 fnt\n|-boost|p2b: Fomantis|spa|2\n|faint|p1a: Makuhammad Ali\n|move|p1b: Wretched creature|Toxic Spikes|p2b: Fomantis\n|-sidestart|p2: coatesy92|move: Toxic Spikes\n|\n|upkeep\n|\n|t:|1681677928\n|switch|p1a: Donttakemysta|Larvesta, L5, M, shiny|100\/100\n|turn|2\n|j| tap water gang\n|c| Cerpin T|HE CAME\n|c| H0p5t3r|he's HERE\n|c| H0p5t3r|you missed\n|c| Cerpin T|HE'S HERE\n|c| haydyg|no mercy mareanie?\n|c| H0p5t3r|one and 2\/5 games\n|c| Cerpin T|shhhh\n|l| tap water gang\n|\n|t:|1681677963\n|move|p2b: Fomantis|Protect|p2b: Fomantis\n|-singleturn|p2b: Fomantis|Protect\n|move|p1a: Donttakemysta|Flare Blitz|p2b: Fomantis\n|-activate|p2b: Fomantis|move: Protect\n|move|p2a: pikapawmi|Nuzzle|p1a: Donttakemysta\n|-damage|p1a: Donttakemysta|87\/100\n|-status|p1a: Donttakemysta|par\n|-status|p2a: pikapawmi|brn|[from] ability: Flame Body|[of] p1a: Donttakemysta\n|move|p1b: Wretched creature|Poison Jab|p2a: pikapawmi\n|-damage|p2a: pikapawmi|63\/100 brn\n|\n|-damage|p2a: pikapawmi|59\/100 brn|[from] brn\n|upkeep\n|turn|3\n|\n|t:|1681677997\n|move|p2b: Fomantis|Leaf Storm|p1b: Wretched creature\n|-crit|p1b: Wretched creature\n|-damage|p1b: Wretched creature|0 fnt\n|-boost|p2b: Fomantis|spa|2\n|faint|p1b: Wretched creature\n|move|p2a: pikapawmi|Rain Dance|p2a: pikapawmi\n|-weather|RainDance\n|move|p1a: Donttakemysta|Flare Blitz|p2b: Fomantis\n|-supereffective|p2b: Fomantis\n|-enditem|p2b: Fomantis|Focus Sash\n|-damage|p2b: Fomantis|5\/100\n|-damage|p1a: Donttakemysta|60\/100 par|[from] Recoil\n|\n|-weather|RainDance|[upkeep]\n|-damage|p2a: pikapawmi|55\/100 brn|[from] brn\n|upkeep\n|\n|t:|1681678010\n|switch|p1b: Bag on head|Bagon, L5, M, shiny|100\/100\n|turn|4\n|j| tap water gang\n|\n|t:|1681678032\n|move|p1b: Bag on head|Protect|p1b: Bag on head\n|-singleturn|p1b: Bag on head|Protect\n|move|p2b: Fomantis|Tera Blast|p1a: Donttakemysta\n|-damage|p1a: Donttakemysta|0 fnt\n|faint|p1a: Donttakemysta\n|move|p2a: pikapawmi|Nuzzle|p1b: Bag on head\n|-activate|p1b: Bag on head|move: Protect\n|\n|-weather|RainDance|[upkeep]\n|-damage|p2a: pikapawmi|50\/100 brn|[from] brn\n|upkeep\n|turn|5\n|\n|t:|1681678061\n|move|p1b: Bag on head|Rock Slide|p2a: pikapawmi|[spread] p2a,p2b\n|-damage|p2a: pikapawmi|9\/100 brn\n|-damage|p2b: Fomantis|0 fnt\n|faint|p2b: Fomantis\n|move|p2a: pikapawmi|Encore|p1b: Bag on head\n|-start|p1b: Bag on head|Encore\n|\n|-weather|RainDance|[upkeep]\n|-damage|p2a: pikapawmi|5\/100 brn|[from] brn\n|upkeep\n|\n|t:|1681678071\n|switch|p2b: weezil|Buizel, L5, F|100\/100\n|-status|p2b: weezil|psn\n|turn|6\n|\n|t:|1681678081\n|move|p2b: weezil|Ice Spinner|p1b: Bag on head\n|-supereffective|p1b: Bag on head\n|-damage|p1b: Bag on head|0 fnt\n|faint|p1b: Bag on head\n|\n|win|coatesy92\n|c| haydyg|ggg\n|c| Cerpin T|gg wp\n|c| H0p5t3r|GGGG\n","uploadtime":1681678090,"views":12,"p1id":"mharidain","p2id":"coatesy92","formatid":"gen9vgc2023regulationc","rating":0,"private":0,"password":""}