{"id":"gen9vgc2023regulationc-1851801790","p1":"mugiwaraLux","p2":"MareeohYT","format":"[Gen 9] VGC 2023 Regulation C","log":"|j|\u2606mugiwaraLux\n|j|\u2606MareeohYT\n|t:|1682486188\n|gametype|doubles\n|player|p1|mugiwaraLux|1|1305\n|player|p2|MareeohYT|policeman-gen4|1467\n|teamsize|p1|6\n|teamsize|p2|6\n|gen|9\n|tier|[Gen 9] VGC 2023 Regulation C\n|rated|\n|rule|Species Clause: Limit one of each Pok\u00e9mon\n|rule|Item Clause: Limit one of each item\n|clearpoke\n|poke|p1|Palafin, L50, F|\n|poke|p1|Amoonguss, L50, M|\n|poke|p1|Flutter Mane, L50|\n|poke|p1|Arcanine, L50, M|\n|poke|p1|Roaring Moon, L50|\n|poke|p1|Chien-Pao, L50|\n|poke|p2|Iron Bundle, L50|\n|poke|p2|Garchomp, L50, F|\n|poke|p2|Corviknight, L50, F|\n|poke|p2|Chi-Yu, L50|\n|poke|p2|Flutter Mane, L50|\n|poke|p2|Abomasnow, L50, F|\n|teampreview|4\n|inactive|Battle timer is ON: inactive players will automatically lose when time's up. (requested by mugiwaraLux)\nmugiwaraLux has agreed to open team sheets.\nMareeohYT has agreed to open team sheets.\n|inactive|mugiwaraLux has 60 seconds left.\n|\n|t:|1682486224\n|start\n|switch|p1a: ChiYu|Arcanine, L50, M|100\/100\n|switch|p1b: Amoonguss|Amoonguss, L50, M|100\/100\n|switch|p2a: Abomasnow|Abomasnow, L50, F|100\/100\n|switch|p2b: Iron Bundle|Iron Bundle, L50|100\/100\n|-ability|p1a: ChiYu|Intimidate|boost\n|-unboost|p2a: Abomasnow|atk|1\n|-unboost|p2b: Iron Bundle|atk|1\n|-weather|Snow|[from] ability: Snow Warning|[of] p2a: Abomasnow\n|-enditem|p2b: Iron Bundle|Booster Energy\n|-activate|p2b: Iron Bundle|ability: Quark Drive|[fromitem]\n|-start|p2b: Iron Bundle|quarkdrivespe\n|turn|1\n|\n|t:|1682486238\n|move|p2b: Iron Bundle|Protect|p2b: Iron Bundle\n|-singleturn|p2b: Iron Bundle|Protect\n|move|p1a: ChiYu|Protect|p1a: ChiYu\n|-singleturn|p1a: ChiYu|Protect\n|move|p2a: Abomasnow|Protect|p2a: Abomasnow\n|-singleturn|p2a: Abomasnow|Protect\n|move|p1b: Amoonguss|Protect||[still]\n|-fail|p1b: Amoonguss\n|\n|-weather|Snow|[upkeep]\n|upkeep\n|turn|2\n|c|\u2606MareeohYT|lmao\n|c|\u2606mugiwaraLux|big turn\n|inactive|MareeohYT has 30 seconds left.\n|inactive|MareeohYT has 20 seconds left.\n|\n|t:|1682486276\n|-terastallize|p1b: Amoonguss|Water\n|move|p2b: Iron Bundle|Aurora Veil|p2b: Iron Bundle\n|-sidestart|p2: MareeohYT|move: Aurora Veil\n|move|p1a: ChiYu|Flare Blitz|p2a: Abomasnow\n|-supereffective|p2a: Abomasnow\n|-damage|p2a: Abomasnow|15\/100\n|-damage|p1a: ChiYu|73\/100|[from] Recoil\n|move|p2a: Abomasnow|Earth Power|p1a: ChiYu\n|-supereffective|p1a: ChiYu\n|-damage|p1a: ChiYu|15\/100\n|-damage|p2a: Abomasnow|6\/100|[from] item: Life Orb\n|move|p1b: Amoonguss|Spore|p2b: Iron Bundle\n|-status|p2b: Iron Bundle|slp|[from] move: Spore\n|\n|-weather|Snow|[upkeep]\n|upkeep\n|turn|3\n|\n|t:|1682486301\n|switch|p2a: Garchomp|Garchomp, L50, F|100\/100\n|move|p1a: ChiYu|Extreme Speed|p2a: Garchomp\n|-damage|p2a: Garchomp|89\/100\n|-damage|p1a: ChiYu|3\/100|[from] ability: Rough Skin|[of] p2a: Garchomp\n|cant|p2b: Iron Bundle|slp\n|move|p1b: Amoonguss|Pollen Puff|p1a: ChiYu\n|-heal|p1a: ChiYu|52\/100\n|\n|-weather|Snow|[upkeep]\n|upkeep\n|turn|4\n|\n|t:|1682486316\n|move|p1a: ChiYu|Protect|p1a: ChiYu\n|-singleturn|p1a: ChiYu|Protect\n|-curestatus|p2b: Iron Bundle|slp|[msg]\n|move|p2b: Iron Bundle|Freeze-Dry|p1b: Amoonguss\n|-supereffective|p1b: Amoonguss\n|-damage|p1b: Amoonguss|53\/100\n|move|p2a: Garchomp|Rock Slide|p1b: Amoonguss|[spread] p1b\n|-activate|p1a: ChiYu|move: Protect\n|-damage|p1b: Amoonguss|36\/100\n|-enditem|p1b: Amoonguss|Sitrus Berry|[eat]\n|-heal|p1b: Amoonguss|61\/100|[from] item: Sitrus Berry\n|move|p1b: Amoonguss|Spore|p2a: Garchomp\n|-status|p2a: Garchomp|slp|[from] move: Spore\n|\n|-weather|Snow|[upkeep]\n|upkeep\n|turn|5\n|inactive|MareeohYT has 30 seconds left.\n|\n|t:|1682486344\n|move|p2b: Iron Bundle|Blizzard|p1b: Amoonguss|[spread] p1a,p1b\n|-resisted|p1a: ChiYu\n|-crit|p1a: ChiYu\n|-resisted|p1b: Amoonguss\n|-damage|p1a: ChiYu|32\/100\n|-damage|p1b: Amoonguss|49\/100\n|cant|p2a: Garchomp|slp\n|move|p1a: ChiYu|Flare Blitz|p2b: Iron Bundle\n|-damage|p2b: Iron Bundle|79\/100\n|-damage|p1a: ChiYu|26\/100|[from] Recoil\n|move|p1b: Amoonguss|Pollen Puff|p1a: ChiYu\n|-heal|p1a: ChiYu|76\/100\n|\n|-weather|none\n|upkeep\n|turn|6\n|inactive|mugiwaraLux has 30 seconds left.\n|\n|t:|1682486373\n|switch|p2a: Abomasnow|Abomasnow, L50, F|6\/100\n|-weather|Snow|[from] ability: Snow Warning|[of] p2a: Abomasnow\n|move|p2b: Iron Bundle|Freeze-Dry|p1b: Amoonguss\n|-supereffective|p1b: Amoonguss\n|-damage|p1b: Amoonguss|0 fnt\n|faint|p1b: Amoonguss\n|move|p1a: ChiYu|Flare Blitz|p2b: Iron Bundle\n|-damage|p2b: Iron Bundle|60\/100\n|-damage|p1a: ChiYu|71\/100|[from] Recoil\n|\n|-weather|Snow|[upkeep]\n|-sideend|p2: MareeohYT|move: Aurora Veil\n|upkeep\n|j| Finnyiii\n|\n|t:|1682486388\n|switch|p1b: Mimi|Flutter Mane, L50|100\/100\n|turn|7\n|\n|t:|1682486404\n|move|p2a: Abomasnow|Protect|p2a: Abomasnow\n|-singleturn|p2a: Abomasnow|Protect\n|move|p1a: ChiYu|Extreme Speed|p2a: Abomasnow\n|-activate|p2a: Abomasnow|move: Protect\n|move|p2b: Iron Bundle|Aurora Veil|p2b: Iron Bundle\n|-sidestart|p2: MareeohYT|move: Aurora Veil\n|move|p1b: Mimi|Moonblast|p2b: Iron Bundle\n|-damage|p2b: Iron Bundle|0 fnt\n|faint|p2b: Iron Bundle\n|-end|p2b: Iron Bundle|Quark Drive|[silent]\n|\n|-weather|Snow|[upkeep]\n|upkeep\n|\n|t:|1682486413\n|switch|p2b: Garchomp|Garchomp, L50, F|89\/100 slp\n|turn|8\n|\n|t:|1682486436\n|-terastallize|p2b: Garchomp|Fire\n|move|p1a: ChiYu|Extreme Speed|p2a: Abomasnow\n|-damage|p2a: Abomasnow|0 fnt\n|faint|p2a: Abomasnow\n|move|p1b: Mimi|Moonblast|p2b: Garchomp\n|-resisted|p2b: Garchomp\n|-crit|p2b: Garchomp\n|-damage|p2b: Garchomp|46\/100 slp\n|cant|p2b: Garchomp|slp\n|\n|-weather|Snow|[upkeep]\n|upkeep\n|\n|t:|1682486440\n|switch|p2a: Flutter Mane|Flutter Mane, L50|100\/100\n|turn|9\n|\n|t:|1682486454\n|move|p1a: ChiYu|Extreme Speed|p2b: Garchomp\n|-damage|p2b: Garchomp|35\/100 slp\n|-damage|p1a: ChiYu|58\/100|[from] ability: Rough Skin|[of] p2b: Garchomp\n|move|p1b: Mimi|Moonblast|p2a: Flutter Mane\n|-damage|p2a: Flutter Mane|53\/100\n|move|p2a: Flutter Mane|Shadow Ball|p1b: Mimi\n|-supereffective|p1b: Mimi\n|-damage|p1b: Mimi|13\/100\n|cant|p2b: Garchomp|slp\n|\n|-weather|Snow|[upkeep]\n|upkeep\n|turn|10\n|inactive|MareeohYT has 30 seconds left.\n|\n|t:|1682486483\n|move|p1a: ChiYu|Protect|p1a: ChiYu\n|-singleturn|p1a: ChiYu|Protect\n|move|p1b: Mimi|Moonblast|p2b: Garchomp\n|-resisted|p2b: Garchomp\n|-damage|p2b: Garchomp|15\/100 slp\n|move|p2a: Flutter Mane|Dazzling Gleam|p1a: ChiYu|[spread] p1b\n|-activate|p1a: ChiYu|move: Protect\n|-damage|p1b: Mimi|0 fnt\n|faint|p1b: Mimi\n|-end|p1b: Mimi|Protosynthesis|[silent]\n|-curestatus|p2b: Garchomp|slp|[msg]\n|move|p2b: Garchomp|Rock Slide|p1a: ChiYu\n|-activate|p1a: ChiYu|move: Protect\n|\n|-weather|none\n|upkeep\n|\n|t:|1682486489\n|switch|p1b: Chien-Pao|Chien-Pao, L50|100\/100\n|-ability|p1b: Chien-Pao|Sword of Ruin\n|turn|11\n|\n|t:|1682486508\n|move|p1b: Chien-Pao|Sucker Punch|p2b: Garchomp\n|-damage|p2b: Garchomp|0 fnt\n|-damage|p1b: Chien-Pao|88\/100|[from] ability: Rough Skin|[of] p2b: Garchomp\n|faint|p2b: Garchomp\n|move|p2a: Flutter Mane|Dazzling Gleam|p1b: Chien-Pao|[spread] p1a,p1b\n|-resisted|p1a: ChiYu\n|-crit|p1a: ChiYu\n|-supereffective|p1b: Chien-Pao\n|-damage|p1a: ChiYu|39\/100\n|-damage|p1b: Chien-Pao|0 fnt\n|faint|p1b: Chien-Pao\n|move|p1a: ChiYu|Flare Blitz|p2a: Flutter Mane\n|-damage|p2a: Flutter Mane|13\/100\n|-damage|p1a: ChiYu|28\/100|[from] Recoil\n|\n|-sideend|p2: MareeohYT|move: Aurora Veil\n|upkeep\n|turn|12\n|c|\u2606MareeohYT|gg wp\n|\n|t:|1682486522\n|move|p2a: Flutter Mane|Shadow Ball|p1a: ChiYu\n|-damage|p1a: ChiYu|0 fnt\n|faint|p1a: ChiYu\n|\n|win|MareeohYT\n|raw|mugiwaraLux's rating: 1305 → 1294<\/strong> (-11 for losing)\n|raw|MareeohYT's rating: 1467 → 1478<\/strong> (+11 for winning)\n|c|\u2606mugiwaraLux|gg\n|l|\u2606MareeohYT\n","uploadtime":1682486530,"views":18,"p1id":"mugiwaralux","p2id":"mareeohyt","formatid":"gen9vgc2023regulationc","rating":1294,"private":0,"password":""}