{"id":"gen9vgc2023regulationc-1845111016","p1":"Luckylu131996","p2":"lillbro64","format":"[Gen 9] VGC 2023 Regulation C","log":"|j|\u2606Luckylu131996\n|j|\u2606lillbro64\n|t:|1681684802\n|gametype|doubles\n|player|p1|Luckylu131996|266|1086\n|player|p2|lillbro64|gentleman-gen4dp|1128\n|teamsize|p1|6\n|teamsize|p2|6\n|gen|9\n|tier|[Gen 9] VGC 2023 Regulation C\n|rated|\n|rule|Species Clause: Limit one of each Pok\u00e9mon\n|rule|Item Clause: Limit one of each item\n|clearpoke\n|poke|p1|Chien-Pao, L50|\n|poke|p1|Flutter Mane, L50|\n|poke|p1|Roaring Moon, L50|\n|poke|p1|Amoonguss, L50, M|\n|poke|p1|Kingambit, L50, F|\n|poke|p1|Dragonite, L50, F|\n|poke|p2|Tyranitar, L50, M|\n|poke|p2|Grimmsnarl, L50, M|\n|poke|p2|Iron Bundle, L50|\n|poke|p2|Volcarona, L50, M|\n|poke|p2|Mimikyu, L50, F|\n|poke|p2|Palafin, L50, M|\n|teampreview|4\n|\n|t:|1681684824\n|start\n|switch|p1a: Chien-Pao|Chien-Pao, L50|100\/100\n|switch|p1b: Flutter Mane|Flutter Mane, L50|100\/100\n|switch|p2a: Tricky Rick|Grimmsnarl, L50, M|100\/100\n|switch|p2b: Palafin|Palafin, L50, M|100\/100\n|-ability|p1a: Chien-Pao|Sword of Ruin\n|turn|1\n|\n|t:|1681684868\n|move|p2a: Tricky Rick|Fake Out|p1a: Chien-Pao\n|-damage|p1a: Chien-Pao|79\/100\n|move|p2b: Palafin|Wave Crash|p1b: Flutter Mane\n|-damage|p1b: Flutter Mane|0 fnt\n|faint|p1b: Flutter Mane\n|-end|p1b: Flutter Mane|Protosynthesis|[silent]\n|-damage|p2b: Palafin|76\/100|[from] Recoil\n|cant|p1a: Chien-Pao|flinch\n|\n|upkeep\n|\n|t:|1681684885\n|switch|p1b: Dragonite|Dragonite, L50, F|100\/100\n|turn|2\n|\n|t:|1681684899\n|detailschange|p2b: Palafin|Palafin-Hero, L50, M\n|switch|p2b: Remy|Mimikyu, L50, F|100\/100\n|-terastallize|p2a: Tricky Rick|Steel\n|move|p1b: Dragonite|Extreme Speed|p2b: Remy\n|-immune|p2b: Remy\n|move|p1a: Chien-Pao|Ice Spinner|p2a: Tricky Rick\n|-resisted|p2a: Tricky Rick\n|-damage|p2a: Tricky Rick|69\/100\n|move|p2a: Tricky Rick|Spirit Break|p1a: Chien-Pao\n|-supereffective|p1a: Chien-Pao\n|-damage|p1a: Chien-Pao|0 fnt\n|faint|p1a: Chien-Pao\n|\n|upkeep\n|\n|t:|1681684916\n|switch|p1a: Roaring Moon|Roaring Moon, L50|100\/100\n|-enditem|p1a: Roaring Moon|Booster Energy\n|-activate|p1a: Roaring Moon|ability: Protosynthesis|[fromitem]\n|-start|p1a: Roaring Moon|protosynthesisatk\n|turn|3\n|\n|t:|1681684927\n|-terastallize|p1a: Roaring Moon|Flying\n|move|p1b: Dragonite|Extreme Speed|p2a: Tricky Rick\n|-resisted|p2a: Tricky Rick\n|-damage|p2a: Tricky Rick|40\/100\n|move|p2b: Remy|Drain Punch|p1a: Roaring Moon\n|-resisted|p1a: Roaring Moon\n|-damage|p1a: Roaring Moon|88\/100\n|move|p1a: Roaring Moon|Acrobatics|p2b: Remy\n|-activate|p2b: Remy|ability: Disguise\n|-damage|p2b: Remy|100\/100\n|detailschange|p2b: Remy|Mimikyu-Busted, L50, F\n|-damage|p2b: Remy|88\/100|[from] pokemon: Mimikyu-Busted\n|move|p2a: Tricky Rick|Spirit Break|p1b: Dragonite\n|-supereffective|p1b: Dragonite\n|-damage|p1b: Dragonite|61\/100\n|-unboost|p1b: Dragonite|spa|1\n|\n|upkeep\n|turn|4\n|\n|t:|1681684952\n|move|p1b: Dragonite|Extreme Speed|p2a: Tricky Rick\n|-resisted|p2a: Tricky Rick\n|-damage|p2a: Tricky Rick|12\/100\n|move|p2a: Tricky Rick|Metronome|p2a: Tricky Rick\n|move|p2a: Tricky Rick|Rock Tomb|p1b: Dragonite|[from]move: Metronome\n|-supereffective|p1b: Dragonite\n|-damage|p1b: Dragonite|22\/100\n|-unboost|p1b: Dragonite|spe|1\n|move|p2b: Remy|Play Rough|p1b: Dragonite\n|-supereffective|p1b: Dragonite\n|-damage|p1b: Dragonite|0 fnt\n|faint|p1b: Dragonite\n|move|p1a: Roaring Moon|Acrobatics|p2b: Remy\n|-damage|p2b: Remy|0 fnt\n|faint|p2b: Remy\n|\n|upkeep\n|\n|t:|1681684973\n|switch|p2b: Palafin|Palafin-Hero, L50, M|76\/100\n|-activate|p2b: Palafin|ability: Zero to Hero\n|turn|5\n|\n|t:|1681684979\n|move|p2a: Tricky Rick|Metronome|p2a: Tricky Rick\n|move|p2a: Tricky Rick|Poison Fang|p1a: Roaring Moon|[from]move: Metronome\n|-damage|p1a: Roaring Moon|67\/100\n|move|p2b: Palafin|Wave Crash|p1a: Roaring Moon\n|-damage|p1a: Roaring Moon|0 fnt\n|faint|p1a: Roaring Moon\n|-end|p1a: Roaring Moon|Protosynthesis|[silent]\n|-damage|p2b: Palafin|50\/100|[from] Recoil\n|\n|win|lillbro64\n|raw|Luckylu131996's rating: 1086 → 1066<\/strong> (-20 for losing)\n|raw|lillbro64's rating: 1128 → 1150<\/strong> (+22 for winning)\n|l|\u2606Luckylu131996\n","uploadtime":1681684994,"views":16,"p1id":"luckylu131996","p2id":"lillbro64","formatid":"gen9vgc2023regulationc","rating":1066,"private":0,"password":""}