{"id":"gen9vgc2023regulationc-1857809430","p1":"tommy2436","p2":"InabaRin","format":"[Gen 9] VGC 2023 Regulation C","log":"|j|\u2606tommy2436\n|j|\u2606InabaRin\n|t:|1683234045\n|gametype|doubles\n|player|p1|tommy2436|2|1439\n|player|p2|InabaRin|lass-gen4dp|1547\n|teamsize|p1|6\n|teamsize|p2|6\n|gen|9\n|tier|[Gen 9] VGC 2023 Regulation C\n|rated|\n|rule|Species Clause: Limit one of each Pok\u00e9mon\n|rule|Item Clause: Limit one of each item\n|clearpoke\n|poke|p1|Garchomp, L50, F|\n|poke|p1|Talonflame, L50, M|\n|poke|p1|Chien-Pao, L50|\n|poke|p1|Flutter Mane, L50|\n|poke|p1|Dragonite, L50, M|\n|poke|p1|Farigiraf, L50, M|\n|poke|p2|Murkrow, L50, M|\n|poke|p2|Flutter Mane, L50|\n|poke|p2|Chi-Yu, L50|\n|poke|p2|Iron Bundle, L50|\n|poke|p2|Meowscarada, L50, F|\n|poke|p2|Great Tusk, L50|\n|teampreview|4\n|inactive|Battle timer is ON: inactive players will automatically lose when time's up. (requested by InabaRin)\n|\n|t:|1683234069\n|start\n|switch|p1a: Flutter Mane|Flutter Mane, L50|100\/100\n|switch|p1b: Farigiraf|Farigiraf, L50, M|100\/100\n|switch|p2a: Murkrow|Murkrow, L50, M|100\/100\n|switch|p2b: Great Tusk|Great Tusk, L50|100\/100\n|turn|1\n|inactive|InabaRin has 30 seconds left.\n|inactive|InabaRin has 20 seconds left.\n|inactive|InabaRin has 15 seconds left.\n|\n|t:|1683234111\n|-terastallize|p2b: Great Tusk|Steel\n|-terastallize|p1a: Flutter Mane|Fairy\n|move|p2a: Murkrow|Sunny Day|p2a: Murkrow\n|-weather|SunnyDay\n|-activate|p2b: Great Tusk|ability: Protosynthesis\n|-start|p2b: Great Tusk|protosynthesisatk\n|-activate|p1a: Flutter Mane|ability: Protosynthesis\n|-start|p1a: Flutter Mane|protosynthesisspe\n|move|p1a: Flutter Mane|Dazzling Gleam|p2a: Murkrow|[spread] p2a,p2b\n|-supereffective|p2a: Murkrow\n|-resisted|p2b: Great Tusk\n|-damage|p2a: Murkrow|0 fnt\n|-damage|p2b: Great Tusk|66\/100\n|faint|p2a: Murkrow\n|move|p2b: Great Tusk|Iron Head|p1b: Farigiraf\n|-damage|p1b: Farigiraf|33\/100\n|cant|p1b: Farigiraf|flinch\n|\n|-weather|SunnyDay|[upkeep]\n|upkeep\n|inactive|InabaRin has 30 seconds left.\n|\n|t:|1683234137\n|switch|p2a: Flutter Mane|Flutter Mane, L50|100\/100\n|-activate|p2a: Flutter Mane|ability: Protosynthesis\n|-start|p2a: Flutter Mane|protosynthesisspe\n|turn|2\n|inactive|InabaRin has 30 seconds left.\n|\n|t:|1683234163\n|move|p1a: Flutter Mane|Protect|p1a: Flutter Mane\n|-singleturn|p1a: Flutter Mane|Protect\n|move|p2a: Flutter Mane|Dazzling Gleam|p1b: Farigiraf|[spread] p1b\n|-activate|p1a: Flutter Mane|move: Protect\n|-damage|p1b: Farigiraf|1\/100\n|move|p2b: Great Tusk|Iron Head|p1a: Flutter Mane\n|-activate|p1a: Flutter Mane|move: Protect\n|move|p1b: Farigiraf|Psyshock|p2a: Flutter Mane\n|-damage|p2a: Flutter Mane|29\/100\n|\n|-weather|SunnyDay|[upkeep]\n|upkeep\n|turn|3\n|inactive|tommy2436 has 30 seconds left.\n|inactive|tommy2436 has 20 seconds left.\n|inactive|tommy2436 has 15 seconds left.\n|\n|t:|1683234207\n|move|p1a: Flutter Mane|Dazzling Gleam|p2b: Great Tusk|[spread] p2a,p2b\n|-resisted|p2b: Great Tusk\n|-damage|p2a: Flutter Mane|0 fnt\n|-damage|p2b: Great Tusk|36\/100\n|faint|p2a: Flutter Mane\n|-end|p2a: Flutter Mane|Protosynthesis|[silent]\n|move|p2b: Great Tusk|Iron Head|p1a: Flutter Mane\n|-supereffective|p1a: Flutter Mane\n|-enditem|p1a: Flutter Mane|Focus Sash\n|-damage|p1a: Flutter Mane|1\/100\n|move|p1b: Farigiraf|Hyper Voice|p2b: Great Tusk\n|-resisted|p2b: Great Tusk\n|-damage|p2b: Great Tusk|12\/100\n|-enditem|p1b: Farigiraf|Throat Spray\n|-boost|p1b: Farigiraf|spa|1|[from] item: Throat Spray\n|\n|-weather|SunnyDay|[upkeep]\n|upkeep\n|\n|t:|1683234216\n|switch|p2a: Chi-Yu|Chi-Yu, L50|100\/100\n|-ability|p2a: Chi-Yu|Beads of Ruin\n|turn|4\n|\n|t:|1683234226\n|move|p1a: Flutter Mane|Protect|p1a: Flutter Mane\n|-singleturn|p1a: Flutter Mane|Protect\n|move|p2b: Great Tusk|Iron Head|p1a: Flutter Mane\n|-activate|p1a: Flutter Mane|move: Protect\n|move|p2a: Chi-Yu|Heat Wave|p1b: Farigiraf|[spread] p1b\n|-activate|p1a: Flutter Mane|move: Protect\n|-damage|p1b: Farigiraf|0 fnt\n|faint|p1b: Farigiraf\n|-damage|p2a: Chi-Yu|91\/100|[from] item: Life Orb\n|\n|-weather|SunnyDay|[upkeep]\n|upkeep\n|\n|t:|1683234237\n|switch|p1b: Talonflame|Talonflame, L50, M|100\/100\n|turn|5\n|\n|t:|1683234249\n|move|p1b: Talonflame|Tailwind|p1b: Talonflame\n|-sidestart|p1: tommy2436|move: Tailwind\n|move|p1a: Flutter Mane|Dazzling Gleam|p2b: Great Tusk|[spread] p2a,p2b\n|-resisted|p2b: Great Tusk\n|-damage|p2a: Chi-Yu|45\/100\n|-damage|p2b: Great Tusk|0 fnt\n|faint|p2b: Great Tusk\n|-end|p2b: Great Tusk|Protosynthesis|[silent]\n|move|p2a: Chi-Yu|Heat Wave|p1a: Flutter Mane|[spread] p1a,p1b\n|-resisted|p1b: Talonflame\n|-damage|p1a: Flutter Mane|0 fnt\n|-damage|p1b: Talonflame|34\/100\n|faint|p1a: Flutter Mane\n|-end|p1a: Flutter Mane|Protosynthesis|[silent]\n|-damage|p2a: Chi-Yu|35\/100|[from] item: Life Orb\n|\n|-weather|none\n|upkeep\n|\n|t:|1683234260\n|switch|p1a: Garchomp|Garchomp, L50, F|100\/100\n|turn|6\n|\n|t:|1683234267\n|move|p1b: Talonflame|Brave Bird|p2a: Chi-Yu\n|-damage|p2a: Chi-Yu|0 fnt\n|faint|p2a: Chi-Yu\n|-damage|p1b: Talonflame|25\/100|[from] Recoil\n|\n|win|tommy2436\n|raw|tommy2436's rating: 1439 → 1465<\/strong> (+26 for winning)\n|raw|InabaRin's rating: 1547 → 1521<\/strong> (-26 for losing)\n|l|\u2606InabaRin\n|j|\u2606InabaRin\n|player|p2|InabaRin|lass-gen4dp\n","uploadtime":1683234288,"views":6,"p1id":"tommy2436","p2id":"inabarin","formatid":"gen9vgc2023regulationc","rating":1465,"private":0,"password":""}