{"id":"gen9vgc2023regulationc-1858899942","p1":"deep 89","p2":"A_Wild_Ymir","format":"[Gen 9] VGC 2023 Regulation C","log":"|j|\u2606deep 89\n|j|\u2606A_Wild_Ymir\n|t:|1683380937\n|gametype|doubles\n|player|p1|deep 89|silver|1325\n|player|p2|A_Wild_Ymir|pokemonbreeder-gen4|1348\n|teamsize|p1|6\n|teamsize|p2|6\n|gen|9\n|tier|[Gen 9] VGC 2023 Regulation C\n|rated|\n|rule|Species Clause: Limit one of each Pok\u00e9mon\n|rule|Item Clause: Limit one of each item\n|clearpoke\n|poke|p1|Iron Bundle, L50|\n|poke|p1|Chien-Pao, L50|\n|poke|p1|Kingambit, L50, M|\n|poke|p1|Arcanine, L50, F|\n|poke|p1|Iron Hands, L50|\n|poke|p1|Palafin, L50, M|\n|poke|p2|Farigiraf, L50, F|\n|poke|p2|Hariyama, L50, M|\n|poke|p2|Wo-Chien, L50|\n|poke|p2|Kingambit, L50, M|\n|poke|p2|Armarouge, L50, M|\n|poke|p2|Scizor, L50, M|\n|teampreview|4\n|inactive|Battle timer is ON: inactive players will automatically lose when time's up. (requested by A_Wild_Ymir)\n|\n|t:|1683380965\n|start\n|switch|p1a: Palafin|Palafin, L50, M|100\/100\n|switch|p1b: Iron Hands|Iron Hands, L50|100\/100\n|switch|p2a: Farigiraf|Farigiraf, L50, F, shiny|100\/100\n|switch|p2b: Hariyama|Hariyama, L50, M, shiny|100\/100\n|turn|1\n|inactive|deep 89 has 30 seconds left.\n|inactive|A_Wild_Ymir has 30 seconds left.\n|inactive|deep 89 has 20 seconds left.\n|\n|t:|1683381003\n|detailschange|p1a: Palafin|Palafin-Hero, L50, M\n|switch|p1a: Arcanine|Arcanine, L50, F|100\/100\n|-ability|p1a: Arcanine|Intimidate|boost\n|-unboost|p2a: Farigiraf|atk|1\n|-unboost|p2b: Hariyama|atk|1\n|-terastallize|p2b: Hariyama|Ground\n|move|p1b: Iron Hands|Drain Punch|p2a: Farigiraf\n|-damage|p2a: Farigiraf|57\/100\n|move|p2b: Hariyama|Headlong Rush|p1b: Iron Hands\n|-supereffective|p1b: Iron Hands\n|-damage|p1b: Iron Hands|43\/100\n|-unboost|p2b: Hariyama|def|1\n|-unboost|p2b: Hariyama|spd|1\n|move|p2a: Farigiraf|Hyper Voice|p1b: Iron Hands|[spread] p1a,p1b\n|-damage|p1a: Arcanine|57\/100\n|-damage|p1b: Iron Hands|25\/100\n|-enditem|p2a: Farigiraf|Throat Spray\n|-boost|p2a: Farigiraf|spa|1|[from] item: Throat Spray\n|\n|-status|p2b: Hariyama|brn|[from] item: Flame Orb\n|upkeep\n|turn|2\n|inactive|deep 89 has 30 seconds left.\n|inactive|A_Wild_Ymir has 30 seconds left.\n|\n|t:|1683381029\n|move|p1a: Arcanine|Protect|p1a: Arcanine\n|-singleturn|p1a: Arcanine|Protect\n|move|p2a: Farigiraf|Protect|p2a: Farigiraf\n|-singleturn|p2a: Farigiraf|Protect\n|move|p1b: Iron Hands|Wild Charge|p2a: Farigiraf\n|-activate|p2a: Farigiraf|move: Protect\n|move|p2b: Hariyama|Headlong Rush|p1a: Arcanine\n|-activate|p1a: Arcanine|move: Protect\n|\n|-damage|p2b: Hariyama|95\/100 brn|[from] brn\n|upkeep\n|turn|3\n|\n|t:|1683381050\n|move|p1a: Arcanine|Protect||[still]\n|-fail|p1a: Arcanine\n|move|p1b: Iron Hands|Wild Charge|p2a: Farigiraf\n|-damage|p2a: Farigiraf|7\/100\n|-damage|p1b: Iron Hands|14\/100|[from] Recoil\n|move|p2b: Hariyama|Headlong Rush|p1a: Arcanine\n|-supereffective|p1a: Arcanine\n|-damage|p1a: Arcanine|0 fnt\n|-unboost|p2b: Hariyama|def|1\n|-unboost|p2b: Hariyama|spd|1\n|faint|p1a: Arcanine\n|move|p2a: Farigiraf|Hyper Voice|p1b: Iron Hands\n|-crit|p1b: Iron Hands\n|-damage|p1b: Iron Hands|0 fnt\n|faint|p1b: Iron Hands\n|-end|p1b: Iron Hands|Quark Drive|[silent]\n|\n|-damage|p2b: Hariyama|89\/100 brn|[from] brn\n|upkeep\n|\n|t:|1683381057\n|switch|p1a: Iron Bundle|Iron Bundle, L50|100\/100\n|switch|p1b: Palafin|Palafin-Hero, L50, M|100\/100\n|-activate|p1b: Palafin|ability: Zero to Hero\n|-enditem|p1a: Iron Bundle|Booster Energy\n|-activate|p1a: Iron Bundle|ability: Quark Drive|[fromitem]\n|-start|p1a: Iron Bundle|quarkdrivespe\n|turn|4\n|inactive|deep 89 has 30 seconds left.\n|inactive|A_Wild_Ymir has 30 seconds left.\n|inactive|A_Wild_Ymir has 20 seconds left.\n|\n|t:|1683381094\n|-terastallize|p1b: Palafin|Water\n|move|p2b: Hariyama|Wide Guard|p2b: Hariyama\n|-singleturn|p2b: Hariyama|Wide Guard\n|move|p1a: Iron Bundle|Icy Wind|p2b: Hariyama|[spread] \n|-activate|p2a: Farigiraf|move: Wide Guard\n|-activate|p2b: Hariyama|move: Wide Guard\n|move|p1b: Palafin|Wave Crash|p2b: Hariyama\n|-supereffective|p2b: Hariyama\n|-damage|p2b: Hariyama|0 fnt\n|faint|p2b: Hariyama\n|-damage|p1b: Palafin|69\/100|[from] Recoil\n|move|p2a: Farigiraf|Trick Room|p2a: Farigiraf\n|-fieldstart|move: Trick Room|[of] p2a: Farigiraf\n|\n|upkeep\n|\n|t:|1683381111\n|switch|p2b: Scizor|Scizor, L50, M, shiny|100\/100\n|turn|5\n|\n|t:|1683381124\n|move|p1a: Iron Bundle|Protect|p1a: Iron Bundle\n|-singleturn|p1a: Iron Bundle|Protect\n|move|p2b: Scizor|Bullet Punch|p1a: Iron Bundle\n|-activate|p1a: Iron Bundle|move: Protect\n|move|p1b: Palafin|Jet Punch||[still]\n|cant|p2a: Farigiraf|ability: Armor Tail|Jet Punch|[of] p1b: Palafin\n|move|p2a: Farigiraf|Hyper Voice|p1b: Palafin|[spread] p1b\n|-activate|p1a: Iron Bundle|move: Protect\n|-damage|p1b: Palafin|18\/100\n|\n|upkeep\n|turn|6\n|l|\u2606deep 89\n|inactive|deep 89 disconnected and has a minute to reconnect!\n|player|p1|\n|inactive|deep 89 has 30 seconds left.\n|inactive|deep 89 has 20 seconds left.\n|inactive|deep 89 has 15 seconds left.\n|inactive|deep 89 has 10 seconds left.\n|inactive|deep 89 has 5 seconds left.\n|-message|deep 89 lost due to inactivity.\n|\n|win|A_Wild_Ymir\n|raw|deep 89's rating: 1325 → 1306<\/strong> (-19 for losing)\n|raw|A_Wild_Ymir's rating: 1348 → 1367<\/strong> (+19 for winning)\n","uploadtime":1683381183,"views":9,"p1id":"deep89","p2id":"awildymir","formatid":"gen9vgc2023regulationc","rating":1306,"private":0,"password":""}