{"id":"gen9vgc2023regulationc-1862774728","p1":"SleepySilver07","p2":"revocolombia","format":"[Gen 9] VGC 2023 Regulation C","log":"|j|\u2606SleepySilver07\n|j|\u2606revocolombia\n|t:|1683920597\n|gametype|doubles\n|player|p1|SleepySilver07|266|1421\n|player|p2|revocolombia|pokemonranger-gen4|1523\n|teamsize|p1|6\n|teamsize|p2|6\n|gen|9\n|tier|[Gen 9] VGC 2023 Regulation C\n|rated|\n|rule|Species Clause: Limit one of each Pok\u00e9mon\n|rule|Item Clause: Limit one of each item\n|clearpoke\n|poke|p1|Abomasnow, L50, M|\n|poke|p1|Iron Bundle, L50|\n|poke|p1|Kingambit, L50, F|\n|poke|p1|Garchomp, L50, M|\n|poke|p1|Gyarados, L50, F|\n|poke|p1|Talonflame, L50, M|\n|poke|p2|Flutter Mane, L50|\n|poke|p2|Great Tusk, L50|\n|poke|p2|Dragonite, L50, M|\n|poke|p2|Chien-Pao, L50|\n|poke|p2|Murkrow, L50, M|\n|poke|p2|Gholdengo, L50|\n|teampreview|4\nSleepySilver07 has agreed to open team sheets.\n|\n|t:|1683920616\n|start\n|switch|p1a: Garchomp|Garchomp, L50, M|100\/100\n|switch|p1b: Talonflame|Talonflame, L50, M|100\/100\n|switch|p2a: Gholdengo|Gholdengo, L50|100\/100\n|switch|p2b: Murkrow|Murkrow, L50, M|100\/100\n|turn|1\n|\n|t:|1683920643\n|-terastallize|p2a: Gholdengo|Water\n|move|p1b: Talonflame|Brave Bird|p2a: Gholdengo\n|-damage|p2a: Gholdengo|46\/100\n|-damage|p1b: Talonflame|80\/100|[from] Recoil\n|move|p2b: Murkrow|Tailwind|p2b: Murkrow\n|-sidestart|p2: revocolombia|move: Tailwind\n|move|p2a: Gholdengo|Make It Rain|p1a: Garchomp|[spread] p1a,p1b\n|-crit|p1a: Garchomp\n|-resisted|p1b: Talonflame\n|-damage|p1a: Garchomp|0 fnt\n|-damage|p1b: Talonflame|26\/100\n|-unboost|p2a: Gholdengo|spa|1\n|faint|p1a: Garchomp\n|-damage|p2a: Gholdengo|37\/100|[from] item: Life Orb\n|\n|upkeep\n|\n|t:|1683920661\n|switch|p1a: Abomasnow|Abomasnow, L50, M|100\/100\n|-weather|Snow|[from] ability: Snow Warning|[of] p1a: Abomasnow\n|turn|2\n|\n|t:|1683920675\n|-terastallize|p1a: Abomasnow|Water\n|move|p2b: Murkrow|Haze|p2b: Murkrow\n|-clearallboost\n|move|p2a: Gholdengo|Make It Rain|p1a: Abomasnow|[spread] p1a,p1b\n|-resisted|p1a: Abomasnow\n|-resisted|p1b: Talonflame\n|-crit|p1b: Talonflame\n|-damage|p1a: Abomasnow|59\/100\n|-damage|p1b: Talonflame|0 fnt\n|-unboost|p2a: Gholdengo|spa|1\n|faint|p1b: Talonflame\n|-damage|p2a: Gholdengo|27\/100|[from] item: Life Orb\n|move|p1a: Abomasnow|Aurora Veil|p1a: Abomasnow\n|-sidestart|p1: SleepySilver07|move: Aurora Veil\n|\n|-weather|Snow|[upkeep]\n|upkeep\n|\n|t:|1683920698\n|switch|p1b: Iron Bundle|Iron Bundle, L50|100\/100\n|turn|3\n|\n|t:|1683920709\n|move|p1a: Abomasnow|Helping Hand|p1b: Iron Bundle\n|-singleturn|p1b: Iron Bundle|Helping Hand|[of] p1a: Abomasnow\n|move|p2b: Murkrow|Sunny Day|p2b: Murkrow\n|-weather|SunnyDay\n|move|p2a: Gholdengo|Thunderbolt|p1a: Abomasnow\n|-supereffective|p1a: Abomasnow\n|-damage|p1a: Abomasnow|10\/100\n|-damage|p2a: Gholdengo|17\/100|[from] item: Life Orb\n|move|p1b: Iron Bundle|Blizzard|p2b: Murkrow|[spread] p2a,p2b\n|-resisted|p2a: Gholdengo\n|-supereffective|p2b: Murkrow\n|-damage|p2a: Gholdengo|0 fnt\n|-damage|p2b: Murkrow|0 fnt\n|faint|p2a: Gholdengo\n|faint|p2b: Murkrow\n|\n|-weather|SunnyDay|[upkeep]\n|upkeep\n|\n|t:|1683920726\n|switch|p2a: Chien-Pao|Chien-Pao, L50|100\/100\n|switch|p2b: Flutter Mane|Flutter Mane, L50|100\/100\n|-ability|p2a: Chien-Pao|Sword of Ruin\n|-activate|p2b: Flutter Mane|ability: Protosynthesis\n|-start|p2b: Flutter Mane|protosynthesisspa\n|turn|4\n|\n|t:|1683920740\n|move|p2a: Chien-Pao|Ice Shard|p1a: Abomasnow\n|-resisted|p1a: Abomasnow\n|-damage|p1a: Abomasnow|0 fnt\n|faint|p1a: Abomasnow\n|move|p2b: Flutter Mane|Thunderbolt|p1b: Iron Bundle\n|-supereffective|p1b: Iron Bundle\n|-damage|p1b: Iron Bundle|6\/100\n|move|p1b: Iron Bundle|Blizzard|p2b: Flutter Mane|[spread] p2b\n|-miss|p1b: Iron Bundle|p2a: Chien-Pao\n|-damage|p2b: Flutter Mane|29\/100\n|\n|-weather|SunnyDay|[upkeep]\n|-sideend|p2: revocolombia|move: Tailwind\n|upkeep\n|turn|5\n|\n|t:|1683920757\n|move|p1b: Iron Bundle|Blizzard|p2b: Flutter Mane|[spread] p2b\n|-miss|p1b: Iron Bundle|p2a: Chien-Pao\n|-damage|p2b: Flutter Mane|0 fnt\n|faint|p2b: Flutter Mane\n|-end|p2b: Flutter Mane|Protosynthesis|[silent]\n|move|p2a: Chien-Pao|Sacred Sword|p1b: Iron Bundle\n|-supereffective|p1b: Iron Bundle\n|-damage|p1b: Iron Bundle|0 fnt\n|faint|p1b: Iron Bundle\n|-end|p1b: Iron Bundle|Quark Drive|[silent]\n|\n|win|revocolombia\n|raw|SleepySilver07's rating: 1421 → 1407<\/strong> (-14 for losing)\n|raw|revocolombia's rating: 1523 → 1537<\/strong> (+14 for winning)\n|l|\u2606SleepySilver07\n","uploadtime":1683920769,"views":13,"p1id":"sleepysilver07","p2id":"revocolombia","formatid":"gen9vgc2023regulationc","rating":1407,"private":0,"password":""}