{"id":"gen9vgc2023regulationc-1850257424","p1":"adanzio","p2":"megaprawn","format":"[Gen 9] VGC 2023 Regulation C","log":"|j|\u2606adanzio\n|j|\u2606megaprawn\n|t:|1682306775\n|gametype|doubles\n|player|p1|adanzio|guitarist-gen4|1098\n|player|p2|megaprawn|brycen|1207\n|teamsize|p1|6\n|teamsize|p2|6\n|gen|9\n|tier|[Gen 9] VGC 2023 Regulation C\n|rated|\n|rule|Species Clause: Limit one of each Pok\u00e9mon\n|rule|Item Clause: Limit one of each item\n|clearpoke\n|poke|p1|Ceruledge, L50, F|\n|poke|p1|Torkoal, L50, M|\n|poke|p1|Gastrodon-East, L50, F|\n|poke|p1|Flutter Mane, L50|\n|poke|p1|Grimmsnarl, L50, M|\n|poke|p1|Breloom, L50, F|\n|poke|p2|Armarouge, L50, F|\n|poke|p2|Great Tusk, L50|\n|poke|p2|Talonflame, L50, M|\n|poke|p2|Indeedee-F, L50, F|\n|poke|p2|Gyarados, L50, F|\n|poke|p2|Flutter Mane, L50|\n|teampreview|4\nmegaprawn has agreed to open team sheets.\n|inactive|Battle timer is ON: inactive players will automatically lose when time's up. (requested by adanzio)\n|\n|t:|1682306820\n|start\n|switch|p1a: Torkoal|Torkoal, L50, M|100\/100\n|switch|p1b: Grimmsnarl|Grimmsnarl, L50, M, shiny|100\/100\n|switch|p2a: Talonflame|Talonflame, L50, M|100\/100\n|switch|p2b: Flutter Mane|Flutter Mane, L50|100\/100\n|-weather|SunnyDay|[from] ability: Drought|[of] p1a: Torkoal\n|-activate|p2b: Flutter Mane|ability: Protosynthesis\n|-start|p2b: Flutter Mane|protosynthesisspa\n|turn|1\n|inactive|adanzio has 30 seconds left.\n|\n|t:|1682306856\n|switch|p2a: Armarouge|Armarouge, L50, F|100\/100\n|-terastallize|p2b: Flutter Mane|Fairy\n|move|p1a: Torkoal|Protect|p1a: Torkoal\n|-singleturn|p1a: Torkoal|Protect\n|move|p1b: Grimmsnarl|Light Screen|p1b: Grimmsnarl\n|-sidestart|p1: adanzio|move: Light Screen\n|move|p2b: Flutter Mane|Dazzling Gleam|p1a: Torkoal|[spread] p1b\n|-activate|p1a: Torkoal|move: Protect\n|-supereffective|p1b: Grimmsnarl\n|-damage|p1b: Grimmsnarl|0 fnt\n|faint|p1b: Grimmsnarl\n|\n|-weather|SunnyDay|[upkeep]\n|upkeep\n|\n|t:|1682306871\n|switch|p1b: Breloom|Breloom, L50, F, shiny|100\/100\n|turn|2\n|inactive|adanzio has 30 seconds left.\n|\n|t:|1682306903\n|-terastallize|p1b: Breloom|Poison\n|move|p2b: Flutter Mane|Dazzling Gleam|p1b: Breloom|[spread] p1a,p1b\n|-resisted|p1a: Torkoal\n|-resisted|p1b: Breloom\n|-damage|p1a: Torkoal|66\/100\n|-damage|p1b: Breloom|56\/100\n|move|p2a: Armarouge|Heat Wave|p1b: Breloom|[spread] p1a\n|-miss|p2a: Armarouge|p1b: Breloom\n|-resisted|p1a: Torkoal\n|-damage|p1a: Torkoal|43\/100\n|move|p1b: Breloom|Spore|p2a: Armarouge\n|-status|p2a: Armarouge|slp|[from] move: Spore\n|move|p1a: Torkoal|Solar Beam||[still]\n|-prepare|p1a: Torkoal|Solar Beam\n|-anim|p1a: Torkoal|Solar Beam|p2b: Flutter Mane\n|-damage|p2b: Flutter Mane|74\/100\n|\n|-weather|SunnyDay|[upkeep]\n|upkeep\n|turn|3\n|inactive|adanzio has 30 seconds left.\n|inactive|adanzio has 20 seconds left.\n|\n|t:|1682306939\n|-end|p2b: Flutter Mane|Protosynthesis|[silent]\n|switch|p2b: Indeedee|Indeedee-F, L50, F|100\/100\n|-fieldstart|move: Psychic Terrain|[from] ability: Psychic Surge|[of] p2b: Indeedee\n|cant|p2a: Armarouge|slp\n|move|p1b: Breloom|Gunk Shot|p2b: Indeedee\n|-damage|p2b: Indeedee|39\/100\n|move|p1a: Torkoal|Solar Beam||[still]\n|-prepare|p1a: Torkoal|Solar Beam\n|-anim|p1a: Torkoal|Solar Beam|p2b: Indeedee\n|-damage|p2b: Indeedee|19\/100\n|\n|-weather|SunnyDay|[upkeep]\n|upkeep\n|turn|4\n|\n|t:|1682306961\n|move|p2b: Indeedee|Protect|p2b: Indeedee\n|-singleturn|p2b: Indeedee|Protect\n|cant|p2a: Armarouge|slp\n|move|p1b: Breloom|Drain Punch|p2a: Armarouge\n|-resisted|p2a: Armarouge\n|-damage|p2a: Armarouge|80\/100 slp\n|-heal|p1b: Breloom|65\/100|[from] drain|[of] p2a: Armarouge\n|-ability|p2a: Armarouge|Weak Armor|boost\n|-unboost|p2a: Armarouge|def|1\n|-boost|p2a: Armarouge|spe|2\n|move|p1a: Torkoal|Solar Beam||[still]\n|-prepare|p1a: Torkoal|Solar Beam\n|-anim|p1a: Torkoal|Solar Beam|p2b: Indeedee\n|-activate|p2b: Indeedee|move: Protect\n|\n|-weather|SunnyDay|[upkeep]\n|upkeep\n|turn|5\n|inactive|adanzio has 30 seconds left.\n|\n|t:|1682306993\n|move|p2b: Indeedee|Follow Me|p2b: Indeedee\n|-singleturn|p2b: Indeedee|move: Follow Me\n|cant|p2a: Armarouge|slp\n|move|p1b: Breloom|Drain Punch|p2b: Indeedee\n|-damage|p2b: Indeedee|0 fnt\n|-heal|p1b: Breloom|75\/100|[from] drain|[of] p2b: Indeedee\n|faint|p2b: Indeedee\n|move|p1a: Torkoal|Heat Wave|p2a: Armarouge\n|-resisted|p2a: Armarouge\n|-damage|p2a: Armarouge|54\/100 slp\n|\n|-weather|SunnyDay|[upkeep]\n|upkeep\n|\n|t:|1682306999\n|switch|p2b: Talonflame|Talonflame, L50, M|100\/100\n|turn|6\n|\n|t:|1682307024\n|move|p2b: Talonflame|Tailwind|p2b: Talonflame\n|-sidestart|p2: megaprawn|move: Tailwind\n|-curestatus|p2a: Armarouge|slp|[msg]\n|move|p2a: Armarouge|Expanding Force|p1a: Torkoal|[spread] p1a,p1b\n|-supereffective|p1b: Breloom\n|-damage|p1a: Torkoal|0 fnt\n|-damage|p1b: Breloom|0 fnt\n|faint|p1a: Torkoal\n|faint|p1b: Breloom\n|\n|-weather|SunnyDay|[upkeep]\n|upkeep\n|\n|t:|1682307033\n|switch|p1b: Ceruledge|Ceruledge, L50, F|100\/100\n|turn|7\n|\n|t:|1682307051\n|move|p1b: Ceruledge|Shadow Sneak|p2a: Armarouge\n|-activate|p2a: Armarouge|move: Psychic Terrain\n|move|p2a: Armarouge|Expanding Force|p1b: Ceruledge\n|-crit|p1b: Ceruledge\n|-damage|p1b: Ceruledge|0 fnt\n|faint|p1b: Ceruledge\n|\n|win|megaprawn\n|raw|adanzio's rating: 1098 → 1081<\/strong> (-17 for losing)\n|raw|megaprawn's rating: 1207 → 1224<\/strong> (+17 for winning)\n","uploadtime":1682307059,"views":41,"p1id":"adanzio","p2id":"megaprawn","formatid":"gen9vgc2023regulationc","rating":1081,"private":0,"password":""}