{"id":"gen9vgc2023regulationc-1844906514","p1":"gahelar","p2":"Keveloper","format":"[Gen 9] VGC 2023 Regulation C","log":"|j|\u2606gahelar\n|j|\u2606Keveloper\n|t:|1681662734\n|gametype|doubles\n|player|p1|gahelar|2|\n|player|p2|Keveloper|lusamine-nihilego|\n|teamsize|p1|6\n|teamsize|p2|6\n|gen|9\n|tier|[Gen 9] VGC 2023 Regulation C\n|rule|Species Clause: Limit one of each Pok\u00e9mon\n|rule|Item Clause: Limit one of each item\n|clearpoke\n|poke|p1|Dondozo, L50, F|\n|poke|p1|Tatsugiri, L50, M|\n|poke|p1|Dragonite, L50, F|\n|poke|p1|Chi-Yu, L50|\n|poke|p1|Iron Bundle, L50|\n|poke|p1|Glimmora, L50, F|\n|poke|p2|Salamence, L50, M|\n|poke|p2|Amoonguss, L50, M|\n|poke|p2|Palafin, L50, F|\n|poke|p2|Ceruledge, L50, F|\n|poke|p2|Flutter Mane, L50|\n|poke|p2|Ting-Lu, L50|\n|teampreview|4\n|c|\u2606Keveloper|G1\n|c|\u2606Keveloper|Ready?\n|j| SirSmokeVGC\n|c|\u2606gahelar|yep, gl hf\n|c|\u2606Keveloper|Thanks! You too!\nKeveloper has agreed to open team sheets.\n|inactive|Battle timer is ON: inactive players will automatically lose when time's up. (requested by Keveloper)\n|inactiveoff|Battle timer is now OFF.\n|inactive|Battle timer is ON: inactive players will automatically lose when time's up. (requested by Keveloper)\n|inactive|gahelar has 30 seconds left.\n|inactive|Keveloper has 30 seconds left.\n|inactive|gahelar has 20 seconds left.\n|inactive|Keveloper has 20 seconds left.\n|inactive|gahelar has 15 seconds left.\n|inactive|Keveloper has 15 seconds left.\n|inactive|gahelar has 10 seconds left.\n|inactive|Keveloper has 10 seconds left.\n|\n|t:|1681662899\n|start\n|switch|p1a: grande pesce|Dondozo, L50, F, shiny|100\/100\n|switch|p1b: alga|Glimmora, L50, F, shiny|100\/100\n|switch|p2a: Amoonguss|Amoonguss, L50, M|100\/100\n|switch|p2b: Palafin|Palafin, L50, F|100\/100\n|turn|1\n|inactive|gahelar has 30 seconds left.\n|inactive|Keveloper has 30 seconds left.\n|inactive|gahelar has 20 seconds left.\n|inactive|gahelar has 15 seconds left.\n|\n|t:|1681662939\n|-terastallize|p1a: grande pesce|Grass\n|move|p2b: Palafin|Protect|p2b: Palafin\n|-singleturn|p2b: Palafin|Protect\n|move|p1b: alga|Power Gem|p2b: Palafin\n|-activate|p2b: Palafin|move: Protect\n|move|p1a: grande pesce|Tera Blast|p2b: Palafin\n|-activate|p2b: Palafin|move: Protect\n|move|p2a: Amoonguss|Spore|p1b: alga\n|-status|p1b: alga|slp|[from] move: Spore\n|\n|upkeep\n|turn|2\n|inactive|gahelar has 30 seconds left.\n|inactive|gahelar has 20 seconds left.\n|inactive|gahelar has 15 seconds left.\n|inactive|gahelar has 10 seconds left.\n|\n|t:|1681662987\n|detailschange|p2b: Palafin|Palafin-Hero, L50, F\n|switch|p2b: Ting-Lu|Ting-Lu, L50|100\/100\n|-ability|p2b: Ting-Lu|Vessel of Ruin\n|cant|p1b: alga|slp\n|move|p1a: grande pesce|Wave Crash|p2b: Ting-Lu\n|-supereffective|p2b: Ting-Lu\n|-damage|p2b: Ting-Lu|49\/100\n|-damage|p1a: grande pesce|82\/100|[from] Recoil\n|move|p2a: Amoonguss|Pollen Puff|p1a: grande pesce\n|-supereffective|p1a: grande pesce\n|-damage|p1a: grande pesce|53\/100\n|\n|-heal|p1a: grande pesce|59\/100|[from] item: Leftovers\n|upkeep\n|turn|3\n|inactive|Keveloper has 30 seconds left.\n|\n|t:|1681663021\n|switch|p1b: piccolo pesce|Tatsugiri, L50, M|100\/100\n|-activate|p1b: piccolo pesce|ability: Commander|[of] p1a: grande pesce\n|-boost|p1a: grande pesce|atk|2\n|-boost|p1a: grande pesce|spa|2\n|-boost|p1a: grande pesce|spe|2\n|-boost|p1a: grande pesce|def|2\n|-boost|p1a: grande pesce|spd|2\n|-terastallize|p2b: Ting-Lu|Grass\n|move|p1a: grande pesce|Tera Blast|p2b: Ting-Lu\n|-resisted|p2b: Ting-Lu\n|-damage|p2b: Ting-Lu|31\/100\n|move|p2b: Ting-Lu|Stomping Tantrum|p1b: piccolo pesce|[miss]\n|-miss|p2b: Ting-Lu|p1b: piccolo pesce\n|move|p2a: Amoonguss|Pollen Puff|p2b: Ting-Lu\n|-heal|p2b: Ting-Lu|81\/100\n|\n|-heal|p1a: grande pesce|65\/100|[from] item: Leftovers\n|upkeep\n|turn|4\n|inactive|Keveloper has 30 seconds left.\n|inactive|Keveloper has 20 seconds left.\n|\n|t:|1681663057\n|move|p1a: grande pesce|Protect|p1a: grande pesce\n|-singleturn|p1a: grande pesce|Protect\n|move|p2b: Ting-Lu|Ruination|p1a: grande pesce\n|-activate|p1a: grande pesce|move: Protect\n|move|p2a: Amoonguss|Pollen Puff|p2b: Ting-Lu\n|-heal|p2b: Ting-Lu|100\/100\n|\n|-heal|p1a: grande pesce|72\/100|[from] item: Leftovers\n|upkeep\n|turn|5\n|\n|t:|1681663071\n|move|p2a: Amoonguss|Protect|p2a: Amoonguss\n|-singleturn|p2a: Amoonguss|Protect\n|move|p1a: grande pesce|Wave Crash|p2a: Amoonguss\n|-activate|p2a: Amoonguss|move: Protect\n|move|p2b: Ting-Lu|Ruination|p1a: grande pesce\n|-damage|p1a: grande pesce|36\/100\n|\n|-heal|p1a: grande pesce|43\/100|[from] item: Leftovers\n|upkeep\n|turn|6\n|\n|t:|1681663091\n|switch|p2a: Palafin|Palafin-Hero, L50, F|100\/100\n|-activate|p2a: Palafin|ability: Zero to Hero\n|move|p1a: grande pesce|Wave Crash|p2a: Palafin\n|-resisted|p2a: Palafin\n|-damage|p2a: Palafin|54\/100\n|-damage|p1a: grande pesce|30\/100|[from] Recoil\n|move|p2b: Ting-Lu|Ruination|p1a: grande pesce\n|-damage|p1a: grande pesce|15\/100\n|\n|-heal|p1a: grande pesce|22\/100|[from] item: Leftovers\n|upkeep\n|turn|7\n|\n|t:|1681663105\n|switch|p2b: Amoonguss|Amoonguss, L50, M|100\/100\n|move|p1a: grande pesce|Protect|p1a: grande pesce\n|-singleturn|p1a: grande pesce|Protect\n|move|p2a: Palafin|Protect||[still]\n|-fail|p2a: Palafin\n|\n|-heal|p1a: grande pesce|28\/100|[from] item: Leftovers\n|upkeep\n|turn|8\n|\n|t:|1681663119\n|move|p1a: grande pesce|Tera Blast|p2a: Palafin\n|-supereffective|p2a: Palafin\n|-damage|p2a: Palafin|0 fnt\n|faint|p2a: Palafin\n|move|p2b: Amoonguss|Pollen Puff|p2: Palafin|[notarget]\n|-fail|p2b: Amoonguss\n|\n|-heal|p1a: grande pesce|34\/100|[from] item: Leftovers\n|upkeep\n|\n|t:|1681663127\n|switch|p2a: Flutter Mane|Flutter Mane, L50|100\/100\n|-enditem|p2a: Flutter Mane|Booster Energy\n|-activate|p2a: Flutter Mane|ability: Protosynthesis|[fromitem]\n|-start|p2a: Flutter Mane|protosynthesisspe\n|turn|9\n|\n|t:|1681663142\n|move|p1a: grande pesce|Protect|p1a: grande pesce\n|-singleturn|p1a: grande pesce|Protect\n|move|p2a: Flutter Mane|Moonblast|p1a: grande pesce\n|-activate|p1a: grande pesce|move: Protect\n|move|p2b: Amoonguss|Spore|p1b: piccolo pesce|[miss]\n|-miss|p2b: Amoonguss|p1b: piccolo pesce\n|\n|-heal|p1a: grande pesce|40\/100|[from] item: Leftovers\n|upkeep\n|turn|10\n|\n|t:|1681663150\n|move|p2a: Flutter Mane|Protect|p2a: Flutter Mane\n|-singleturn|p2a: Flutter Mane|Protect\n|move|p1a: grande pesce|Wave Crash|p2a: Flutter Mane\n|-activate|p2a: Flutter Mane|move: Protect\n|move|p2b: Amoonguss|Pollen Puff|p1a: grande pesce\n|-supereffective|p1a: grande pesce\n|-damage|p1a: grande pesce|22\/100\n|\n|-heal|p1a: grande pesce|28\/100|[from] item: Leftovers\n|upkeep\n|turn|11\n|\n|t:|1681663165\n|move|p2a: Flutter Mane|Moonblast|p1a: grande pesce\n|-damage|p1a: grande pesce|3\/100\n|move|p1a: grande pesce|Wave Crash|p2a: Flutter Mane\n|-damage|p2a: Flutter Mane|0 fnt\n|faint|p2a: Flutter Mane\n|-end|p2a: Flutter Mane|Protosynthesis|[silent]\n|-damage|p1a: grande pesce|0 fnt|[from] Recoil\n|faint|p1a: grande pesce\n|move|p2b: Amoonguss|Spore|p1b: piccolo pesce\n|-status|p1b: piccolo pesce|slp|[from] move: Spore\n|\n|upkeep\n|\n|t:|1681663172\n|switch|p2a: Ting-Lu|Ting-Lu, L50, tera:Grass|100\/100\n|switch|p1a: alga|Glimmora, L50, F, shiny|100\/100 slp\n|-ability|p2a: Ting-Lu|Vessel of Ruin\n|turn|12\n|inactive|gahelar has 30 seconds left.\n|\n|t:|1681663202\n|move|p2b: Amoonguss|Protect|p2b: Amoonguss\n|-singleturn|p2b: Amoonguss|Protect\n|cant|p1b: piccolo pesce|slp\n|move|p1b: piccolo pesce|Sleep Talk|p1b: piccolo pesce\n|move|p1b: piccolo pesce|Draco Meteor|p2a: Ting-Lu|[from]move: Sleep Talk\n|-damage|p2a: Ting-Lu|78\/100\n|-unboost|p1b: piccolo pesce|spa|2\n|-curestatus|p1a: alga|slp|[msg]\n|move|p1a: alga|Mortal Spin|p2b: Amoonguss|[spread] p2a\n|-activate|p2b: Amoonguss|move: Protect\n|-supereffective|p2a: Ting-Lu\n|-crit|p2a: Ting-Lu\n|-damage|p2a: Ting-Lu|71\/100\n|-status|p2a: Ting-Lu|psn\n|move|p2a: Ting-Lu|Earthquake|p1b: piccolo pesce|[spread] p1a,p1b\n|-activate|p2b: Amoonguss|move: Protect\n|-supereffective|p1a: alga\n|-damage|p1a: alga|0 fnt\n|-damage|p1b: piccolo pesce|43\/100 slp\n|-activate|p1a: alga|ability: Toxic Debris\n|-sidestart|p2: Keveloper|move: Toxic Spikes\n|faint|p1a: alga\n|\n|-damage|p2a: Ting-Lu|59\/100 psn|[from] psn\n|upkeep\n|\n|t:|1681663206\n|switch|p1a: mangio pesce|Iron Bundle, L50|100\/100\n|-enditem|p1a: mangio pesce|Booster Energy\n|-activate|p1a: mangio pesce|ability: Quark Drive|[fromitem]\n|-start|p1a: mangio pesce|quarkdrivespe\n|turn|13\n|inactive|Keveloper has 30 seconds left.\n|\n|t:|1681663236\n|move|p1a: mangio pesce|Freeze-Dry|p2a: Ting-Lu\n|-supereffective|p2a: Ting-Lu\n|-damage|p2a: Ting-Lu|36\/100 psn\n|cant|p1b: piccolo pesce|slp\n|move|p1b: piccolo pesce|Sleep Talk|p1b: piccolo pesce\n|move|p1b: piccolo pesce|Draco Meteor|p2b: Amoonguss|[from]move: Sleep Talk\n|-damage|p2b: Amoonguss|83\/100\n|-unboost|p1b: piccolo pesce|spa|2\n|move|p2a: Ting-Lu|Heavy Slam|p1a: mangio pesce\n|-damage|p1a: mangio pesce|67\/100\n|move|p2b: Amoonguss|Spore|p1a: mangio pesce\n|-status|p1a: mangio pesce|slp|[from] move: Spore\n|\n|-damage|p2a: Ting-Lu|23\/100 psn|[from] psn\n|upkeep\n|turn|14\n|inactive|Keveloper has 30 seconds left.\n|\n|t:|1681663264\n|cant|p1a: mangio pesce|slp\n|-curestatus|p1b: piccolo pesce|slp|[msg]\n|move|p1b: piccolo pesce|Sleep Talk||[still]\n|-fail|p1b: piccolo pesce\n|move|p2a: Ting-Lu|Stomping Tantrum|p1b: piccolo pesce\n|-damage|p1b: piccolo pesce|0 fnt\n|faint|p1b: piccolo pesce\n|move|p2b: Amoonguss|Pollen Puff|p2a: Ting-Lu\n|-heal|p2a: Ting-Lu|73\/100 psn\n|\n|-damage|p2a: Ting-Lu|61\/100 psn|[from] psn\n|upkeep\n|turn|15\n|-message|gahelar forfeited.\n|\n|win|Keveloper\n|c|\u2606gahelar|ggs\n|c|\u2606Keveloper|gg\n|l|\u2606gahelar\n|l| SirSmokeVGC\n","uploadtime":1681663279,"views":11,"p1id":"gahelar","p2id":"keveloper","formatid":"gen9vgc2023regulationc","rating":0,"private":0,"password":""}