{"id":"gen9vgc2023regulationc-1861950152","p1":"hegevwnw","p2":"revocolombia","format":"[Gen 9] VGC 2023 Regulation C","log":"|j|\u2606hegevwnw\n|j|\u2606revocolombia\n|t:|1683823426\n|gametype|doubles\n|player|p1|hegevwnw|266|1307\n|player|p2|revocolombia|pokemonranger-gen4|1354\n|teamsize|p1|6\n|teamsize|p2|6\n|gen|9\n|tier|[Gen 9] VGC 2023 Regulation C\n|rated|\n|rule|Species Clause: Limit one of each Pok\u00e9mon\n|rule|Item Clause: Limit one of each item\n|clearpoke\n|poke|p1|Wo-Chien, L50|\n|poke|p1|Ting-Lu, L50|\n|poke|p1|Arcanine, L50, M|\n|poke|p1|Glimmora, L50, F|\n|poke|p1|Maushold, L50|\n|poke|p1|Annihilape, L50, F|\n|poke|p2|Flutter Mane, L50|\n|poke|p2|Great Tusk, L50|\n|poke|p2|Gholdengo, L50|\n|poke|p2|Chien-Pao, L50|\n|poke|p2|Murkrow, L50, F|\n|poke|p2|Annihilape, L50, F|\n|teampreview|4\n|inactive|Battle timer is ON: inactive players will automatically lose when time's up. (requested by hegevwnw)\n|\n|t:|1683823451\n|start\n|switch|p1a: Ting-Lu|Ting-Lu, L50|100\/100\n|switch|p1b: Glimmora|Glimmora, L50, F|100\/100\n|switch|p2a: Annihilape|Annihilape, L50, F|100\/100\n|switch|p2b: Great Tusk|Great Tusk, L50|100\/100\n|-ability|p1a: Ting-Lu|Vessel of Ruin\n|turn|1\n|inactive|hegevwnw has 30 seconds left.\n|\n|t:|1683823480\n|-terastallize|p1a: Ting-Lu|Poison\n|move|p2a: Annihilape|Protect|p2a: Annihilape\n|-singleturn|p2a: Annihilape|Protect\n|move|p1b: Glimmora|Mortal Spin|p2a: Annihilape|[spread] p2b\n|-activate|p2a: Annihilape|move: Protect\n|-resisted|p2b: Great Tusk\n|-damage|p2b: Great Tusk|99\/100\n|-status|p2b: Great Tusk|psn\n|move|p2b: Great Tusk|Earthquake|p1b: Glimmora|[spread] p1a,p1b\n|-activate|p2a: Annihilape|move: Protect\n|-supereffective|p1a: Ting-Lu\n|-crit|p1a: Ting-Lu\n|-supereffective|p1b: Glimmora\n|-damage|p1a: Ting-Lu|23\/100\n|-enditem|p1b: Glimmora|Focus Sash\n|-damage|p1b: Glimmora|1\/100\n|-activate|p1b: Glimmora|ability: Toxic Debris\n|-sidestart|p2: revocolombia|move: Toxic Spikes\n|move|p1a: Ting-Lu|Ruination|p2b: Great Tusk\n|-damage|p2b: Great Tusk|50\/100 psn\n|\n|-damage|p2b: Great Tusk|38\/100 psn|[from] psn\n|upkeep\n|turn|2\n|inactive|revocolombia has 30 seconds left.\n|inactive|revocolombia has 20 seconds left.\n|inactive|revocolombia has 15 seconds left.\n|inactive|revocolombia has 10 seconds left.\n|\n|t:|1683823526\n|switch|p1a: Wo-Chien|Wo-Chien, L50|100\/100\n|-ability|p1a: Wo-Chien|Tablets of Ruin\n|move|p1b: Glimmora|Spiky Shield|p1b: Glimmora\n|-singleturn|p1b: Glimmora|move: Protect\n|move|p2a: Annihilape|Drain Punch|p1b: Glimmora\n|-activate|p1b: Glimmora|move: Protect\n|-damage|p2a: Annihilape|88\/100|[from] Spiky Shield|[of] p1b: Glimmora\n|move|p2b: Great Tusk|Brick Break|p1a: Wo-Chien\n|-supereffective|p1a: Wo-Chien\n|-damage|p1a: Wo-Chien|50\/100\n|\n|-heal|p2a: Annihilape|94\/100|[from] item: Leftovers\n|-heal|p1a: Wo-Chien|57\/100|[from] item: Leftovers\n|-damage|p2b: Great Tusk|26\/100 psn|[from] psn\n|upkeep\n|turn|3\n|inactive|hegevwnw has 30 seconds left.\n|inactive|revocolombia has 30 seconds left.\n|\n|t:|1683823555\n|switch|p1b: Arcanine|Arcanine, L50, M|100\/100\n|-ability|p1b: Arcanine|Intimidate|boost\n|-unboost|p2a: Annihilape|atk|1\n|-ability|p2a: Annihilape|Defiant|boost\n|-boost|p2a: Annihilape|atk|2\n|-fail|p2b: Great Tusk|unboost|[from] item: Clear Amulet|[of] p2b: Great Tusk\n|move|p2a: Annihilape|Drain Punch|p1b: Arcanine\n|-damage|p1b: Arcanine|56\/100\n|-heal|p2a: Annihilape|100\/100|[from] drain|[of] p1b: Arcanine\n|move|p2b: Great Tusk|Brick Break|p1a: Wo-Chien\n|-supereffective|p1a: Wo-Chien\n|-damage|p1a: Wo-Chien|6\/100\n|move|p1a: Wo-Chien|Leech Seed|p2a: Annihilape\n|-start|p2a: Annihilape|move: Leech Seed\n|\n|-heal|p1a: Wo-Chien|12\/100|[from] item: Leftovers\n|-damage|p2a: Annihilape|88\/100|[from] Leech Seed|[of] p1a: Wo-Chien\n|-heal|p1a: Wo-Chien|24\/100|[silent]\n|-damage|p2b: Great Tusk|14\/100 psn|[from] psn\n|upkeep\n|turn|4\n|inactive|revocolombia has 30 seconds left.\n|\n|t:|1683823583\n|switch|p1b: Glimmora|Glimmora, L50, F|1\/100\n|-terastallize|p2a: Annihilape|Fire\n|move|p1a: Wo-Chien|Protect|p1a: Wo-Chien\n|-singleturn|p1a: Wo-Chien|Protect\n|move|p2a: Annihilape|Rage Fist|p1b: Glimmora\n|-damage|p1b: Glimmora|0 fnt\n|-activate|p1b: Glimmora|ability: Toxic Debris\n|-sidestart|p2: revocolombia|move: Toxic Spikes\n|faint|p1b: Glimmora\n|move|p2b: Great Tusk|Brick Break|p1a: Wo-Chien\n|-activate|p1a: Wo-Chien|move: Protect\n|\n|-heal|p2a: Annihilape|94\/100|[from] item: Leftovers\n|-heal|p1a: Wo-Chien|31\/100|[from] item: Leftovers\n|-damage|p2a: Annihilape|82\/100|[from] Leech Seed|[of] p1a: Wo-Chien\n|-heal|p1a: Wo-Chien|43\/100|[silent]\n|-damage|p2b: Great Tusk|1\/100 psn|[from] psn\n|upkeep\n|\n|t:|1683823599\n|switch|p1b: Arcanine|Arcanine, L50, M|56\/100\n|-ability|p1b: Arcanine|Intimidate|boost\n|-unboost|p2a: Annihilape|atk|1\n|-ability|p2a: Annihilape|Defiant|boost\n|-boost|p2a: Annihilape|atk|2\n|-fail|p2b: Great Tusk|unboost|[from] item: Clear Amulet|[of] p2b: Great Tusk\n|turn|5\n|\n|t:|1683823614\n|switch|p1a: Ting-Lu|Ting-Lu, L50, tera:Poison|23\/100\n|-ability|p1a: Ting-Lu|Vessel of Ruin\n|move|p1b: Arcanine|Heat Wave|p2a: Annihilape|[spread] p2a,p2b\n|-resisted|p2a: Annihilape\n|-damage|p2a: Annihilape|73\/100\n|-damage|p2b: Great Tusk|0 fnt\n|faint|p2b: Great Tusk\n|-end|p2b: Great Tusk|Protosynthesis|[silent]\n|move|p2a: Annihilape|Rage Fist|p1b: Arcanine\n|-damage|p1b: Arcanine|0 fnt\n|faint|p1b: Arcanine\n|\n|-heal|p2a: Annihilape|79\/100|[from] item: Leftovers\n|-damage|p2a: Annihilape|67\/100|[from] Leech Seed|[of] p1a: Ting-Lu\n|-heal|p1a: Ting-Lu|32\/100|[silent]\n|upkeep\n|-message|hegevwnw forfeited.\n|\n|win|revocolombia\n|raw|hegevwnw's rating: 1307 → 1290<\/strong> (-17 for losing)\n|raw|revocolombia's rating: 1354 → 1371<\/strong> (+17 for winning)\n|l|\u2606hegevwnw\n","uploadtime":1683823643,"views":10,"p1id":"hegevwnw","p2id":"revocolombia","formatid":"gen9vgc2023regulationc","rating":1290,"private":0,"password":""}