{"id":"gen9vgc2023regulationc-1863833062","p1":"The ting goes BRRR","p2":"Luminetor","format":"[Gen 9] VGC 2023 Regulation C","log":"|j|\u2606The ting goes BRRR\n|j|\u2606Luminetor\n|t:|1684083232\n|gametype|doubles\n|player|p1|The ting goes BRRR|medium|\n|player|p2|Luminetor|265|\n|teamsize|p1|6\n|teamsize|p2|6\n|gen|9\n|tier|[Gen 9] VGC 2023 Regulation C\n|rule|Species Clause: Limit one of each Pok\u00e9mon\n|rule|Item Clause: Limit one of each item\n|clearpoke\n|poke|p1|Kingambit, L50, M|\n|poke|p1|Flutter Mane, L50|\n|poke|p1|Iron Hands, L50|\n|poke|p1|Gothitelle, L50, F|\n|poke|p1|Amoonguss, L50, F|\n|poke|p1|Dragonite, L50, M|\n|poke|p2|Tatsugiri, L50, F|\n|poke|p2|Dondozo, L50, M|\n|poke|p2|Glimmora, L50, M|\n|poke|p2|Flutter Mane, L50|\n|poke|p2|Chi-Yu, L50|\n|poke|p2|Iron Bundle, L50|\n|teampreview|4\nThe ting goes BRRR has agreed to open team sheets.\n|c|\u2606Luminetor|G3\nLuminetor has agreed to open team sheets.\n|inactive|Battle timer is ON: inactive players will automatically lose when time's up. (requested by The ting goes BRRR)\n|\n|t:|1684083694\n|start\n|switch|p1a: Flutter Mane|Flutter Mane, L50|100\/100\n|switch|p1b: Bro what am i?|Gothitelle, L50, F|100\/100\n|switch|p2a: Iron Bundle|Iron Bundle, L50|100\/100\n|switch|p2b: Flutter Mane|Flutter Mane, L50|100\/100\n|-enditem|p2a: Iron Bundle|Booster Energy\n|-activate|p2a: Iron Bundle|ability: Quark Drive|[fromitem]\n|-start|p2a: Iron Bundle|quarkdrivespe\n|turn|1\n|inactive|The ting goes BRRR has 30 seconds left.\n|inactive|Luminetor has 30 seconds left.\n|inactive|The ting goes BRRR has 20 seconds left.\n|inactive|Luminetor has 20 seconds left.\n|inactive|The ting goes BRRR has 15 seconds left.\n|\n|t:|1684083738\n|-end|p1a: Flutter Mane|Protosynthesis|[silent]\n|switch|p1a: Iron Hands|Iron Hands, L50|100\/100\n|-terastallize|p2a: Iron Bundle|Ghost\n|move|p2a: Iron Bundle|Icy Wind|p1a: Iron Hands|[spread] p1a,p1b\n|-damage|p1a: Iron Hands|89\/100\n|-damage|p1b: Bro what am i?|85\/100\n|-unboost|p1a: Iron Hands|spe|1\n|-unboost|p1b: Bro what am i?|spe|1\n|move|p2b: Flutter Mane|Shadow Ball|p1a: Iron Hands\n|-damage|p1a: Iron Hands|57\/100\n|move|p1b: Bro what am i?|Heal Pulse|p1a: Iron Hands\n|-heal|p1a: Iron Hands|100\/100\n|\n|upkeep\n|turn|2\n|inactive|Luminetor has 30 seconds left.\n|\n|t:|1684083768\n|move|p2a: Iron Bundle|Protect|p2a: Iron Bundle\n|-singleturn|p2a: Iron Bundle|Protect\n|move|p1b: Bro what am i?|Protect|p1b: Bro what am i?\n|-singleturn|p1b: Bro what am i?|Protect\n|move|p2b: Flutter Mane|Shadow Ball|p1b: Bro what am i?\n|-activate|p1b: Bro what am i?|move: Protect\n|move|p1a: Iron Hands|Wild Charge|p2b: Flutter Mane\n|-damage|p2b: Flutter Mane|2\/100\n|-damage|p1a: Iron Hands|85\/100|[from] Recoil\n|\n|upkeep\n|turn|3\n|\n|t:|1684083788\n|-terastallize|p1b: Bro what am i?|Water\n|move|p2a: Iron Bundle|Freeze-Dry|p1b: Bro what am i?\n|-supereffective|p1b: Bro what am i?\n|-damage|p1b: Bro what am i?|33\/100\n|-status|p1b: Bro what am i?|frz\n|move|p2b: Flutter Mane|Shadow Ball|p1b: Bro what am i?\n|-damage|p1b: Bro what am i?|0 fnt\n|faint|p1b: Bro what am i?\n|move|p1a: Iron Hands|Volt Switch|p2b: Flutter Mane\n|-damage|p2b: Flutter Mane|0 fnt\n|faint|p2b: Flutter Mane\n|-end|p2b: Flutter Mane|Protosynthesis|[silent]\n|\n|t:|1684083799\n|-end|p1a: Iron Hands|Quark Drive|[silent]\n|switch|p1a: Amoonguss|Amoonguss, L50, F|100\/100|[from] Volt Switch\n|\n|upkeep\n|\n|t:|1684083805\n|switch|p2b: Dondozo|Dondozo, L50, M|100\/100\n|switch|p1b: Iron Hands|Iron Hands, L50|85\/100\n|turn|4\n|\n|t:|1684083821\n|move|p2a: Iron Bundle|Protect|p2a: Iron Bundle\n|-singleturn|p2a: Iron Bundle|Protect\n|move|p2b: Dondozo|Protect|p2b: Dondozo\n|-singleturn|p2b: Dondozo|Protect\n|move|p1b: Iron Hands|Fake Out|p2b: Dondozo\n|-activate|p2b: Dondozo|move: Protect\n|move|p1a: Amoonguss|Spore|p2b: Dondozo\n|-activate|p2b: Dondozo|move: Protect\n|\n|upkeep\n|turn|5\n|inactive|The ting goes BRRR has 30 seconds left.\n|inactive|Luminetor has 30 seconds left.\n|\n|t:|1684083859\n|-end|p2a: Iron Bundle|Quark Drive|[silent]\n|switch|p2a: Tatsugiri|Tatsugiri, L50, F|100\/100\n|-activate|p2a: Tatsugiri|ability: Commander|[of] p2b: Dondozo\n|-boost|p2b: Dondozo|atk|2\n|-boost|p2b: Dondozo|spa|2\n|-boost|p2b: Dondozo|spe|2\n|-boost|p2b: Dondozo|def|2\n|-boost|p2b: Dondozo|spd|2\n|-end|p1b: Iron Hands|Quark Drive|[silent]\n|switch|p1b: Flutter Mane|Flutter Mane, L50|100\/100\n|move|p2b: Dondozo|Wave Crash|p1b: Flutter Mane\n|-enditem|p1b: Flutter Mane|Focus Sash\n|-damage|p1b: Flutter Mane|1\/100\n|-damage|p2b: Dondozo|81\/100|[from] Recoil\n|move|p1a: Amoonguss|Spore|p2b: Dondozo\n|-status|p2b: Dondozo|slp|[from] move: Spore\n|\n|-heal|p2b: Dondozo|88\/100 slp|[from] item: Leftovers\n|upkeep\n|turn|6\n|\n|t:|1684083883\n|move|p1b: Flutter Mane|Perish Song|p1b: Flutter Mane\n|-start|p1a: Amoonguss|perish3|[silent]\n|-start|p1b: Flutter Mane|perish3|[silent]\n|-miss|p1b: Flutter Mane|p2a: Tatsugiri\n|-start|p2b: Dondozo|perish3|[silent]\n|-fieldactivate|move: Perish Song\n|cant|p2b: Dondozo|slp\n|move|p1a: Amoonguss|Pollen Puff|p1b: Flutter Mane\n|-heal|p1b: Flutter Mane|51\/100\n|\n|-heal|p2b: Dondozo|94\/100 slp|[from] item: Leftovers\n|-start|p1b: Flutter Mane|perish3\n|-start|p2b: Dondozo|perish3\n|-start|p1a: Amoonguss|perish3\n|upkeep\n|turn|7\n|\n|t:|1684083907\n|-end|p1b: Flutter Mane|Protosynthesis|[silent]\n|switch|p1b: Iron Hands|Iron Hands, L50|85\/100\n|cant|p2b: Dondozo|slp\n|move|p1a: Amoonguss|Pollen Puff|p1b: Iron Hands\n|-heal|p1b: Iron Hands|100\/100\n|\n|-heal|p2b: Dondozo|99\/100 slp|[from] item: Leftovers\n|-start|p2b: Dondozo|perish2\n|-start|p1a: Amoonguss|perish2\n|upkeep\n|turn|8\n|inactive|The ting goes BRRR has 30 seconds left.\n|\n|t:|1684083937\n|-end|p1b: Iron Hands|Quark Drive|[silent]\n|switch|p1b: Flutter Mane|Flutter Mane, L50|51\/100\n|-curestatus|p2b: Dondozo|slp|[msg]\n|move|p2b: Dondozo|Wave Crash|p1b: Flutter Mane\n|-damage|p1b: Flutter Mane|0 fnt\n|faint|p1b: Flutter Mane\n|-end|p1b: Flutter Mane|Protosynthesis|[silent]\n|-damage|p2b: Dondozo|90\/100|[from] Recoil\n|move|p1a: Amoonguss|Pollen Puff|p1: Flutter Mane|[notarget]\n|-fail|p1a: Amoonguss\n|\n|-heal|p2b: Dondozo|97\/100|[from] item: Leftovers\n|-start|p2b: Dondozo|perish1\n|-start|p1a: Amoonguss|perish1\n|upkeep\n|c|\u2606The ting goes BRRR|yeah i didnt get that tturn\n|c|\u2606The ting goes BRRR|protect was way better\n|\n|t:|1684083955\n|switch|p1b: Iron Hands|Iron Hands, L50|100\/100\n|turn|9\n|\n|t:|1684083966\n|move|p1b: Iron Hands|Fake Out|p2b: Dondozo\n|-damage|p2b: Dondozo|91\/100\n|cant|p2b: Dondozo|flinch\n|move|p1a: Amoonguss|Spore|p2b: Dondozo\n|-status|p2b: Dondozo|slp|[from] move: Spore\n|\n|-heal|p2b: Dondozo|97\/100 slp|[from] item: Leftovers\n|-start|p2b: Dondozo|perish0\n|-start|p1a: Amoonguss|perish0\n|upkeep\n|faint|p2b: Dondozo\n|faint|p1a: Amoonguss\n|c|\u2606Luminetor|i always lose\n|\n|t:|1684083978\n|switch|p2b: Iron Bundle|Iron Bundle, L50, tera:Ghost|100\/100\n|turn|10\n|c|\u2606The ting goes BRRR|naa\n|inactive|Luminetor has 30 seconds left.\n|\n|t:|1684084006\n|move|p2a: Tatsugiri|Muddy Water|p1b: Iron Hands\n|-damage|p1b: Iron Hands|78\/100\n|move|p2b: Iron Bundle|Freeze-Dry|p1b: Iron Hands\n|-damage|p1b: Iron Hands|57\/100\n|move|p1b: Iron Hands|Drain Punch|p2a: Tatsugiri\n|-damage|p2a: Tatsugiri|20\/100\n|-heal|p1b: Iron Hands|82\/100|[from] drain|[of] p2a: Tatsugiri\n|\n|upkeep\n|turn|11\n|\n|t:|1684084025\n|move|p2a: Tatsugiri|Muddy Water|p1b: Iron Hands\n|-damage|p1b: Iron Hands|60\/100\n|-unboost|p1b: Iron Hands|accuracy|1\n|move|p2b: Iron Bundle|Hydro Pump|p1b: Iron Hands|[miss]\n|-miss|p2b: Iron Bundle|p1b: Iron Hands\n|move|p1b: Iron Hands|Drain Punch|p2a: Tatsugiri\n|-damage|p2a: Tatsugiri|0 fnt\n|-heal|p1b: Iron Hands|66\/100|[from] drain|[of] p2a: Tatsugiri\n|faint|p2a: Tatsugiri\n|\n|upkeep\n|turn|12\n|\n|t:|1684084034\n|move|p2b: Iron Bundle|Hydro Pump|p1b: Iron Hands\n|-damage|p1b: Iron Hands|36\/100\n|move|p1b: Iron Hands|Wild Charge|p2b: Iron Bundle|[miss]\n|-miss|p1b: Iron Hands|p2b: Iron Bundle\n|\n|upkeep\n|turn|13\n|\n|t:|1684084041\n|move|p2b: Iron Bundle|Hydro Pump|p1b: Iron Hands\n|-damage|p1b: Iron Hands|7\/100\n|move|p1b: Iron Hands|Wild Charge|p2b: Iron Bundle|[miss]\n|-miss|p1b: Iron Hands|p2b: Iron Bundle\n|\n|upkeep\n|turn|14\n|-message|The ting goes BRRR forfeited.\n|\n|win|Luminetor\n|c|\u2606Luminetor|sorry\n","uploadtime":1684084051,"views":10,"p1id":"thetinggoesbrrr","p2id":"luminetor","formatid":"gen9vgc2023regulationc","rating":0,"private":0,"password":""}