{"id":"gen9vgc2023regulationc-1846831589","p1":"Lumina7","p2":"Moonvane15","format":"[Gen 9] VGC 2023 Regulation C","log":"|j|\u2606Lumina7\n|j|\u2606Moonvane15\n|t:|1681887138\n|gametype|doubles\n|player|p1|Lumina7|jasmine|1063\n|player|p2|Moonvane15|falkner|1070\n|teamsize|p1|6\n|teamsize|p2|6\n|gen|9\n|tier|[Gen 9] VGC 2023 Regulation C\n|rated|\n|rule|Species Clause: Limit one of each Pok\u00e9mon\n|rule|Item Clause: Limit one of each item\n|clearpoke\n|poke|p1|Iron Bundle, L50|\n|poke|p1|Ting-Lu, L50|\n|poke|p1|Chi-Yu, L50|\n|poke|p1|Grimmsnarl, L50, M|\n|poke|p1|Flutter Mane, L50|\n|poke|p1|Palafin, L50, F|\n|poke|p2|Ting-Lu, L50|\n|poke|p2|Arcanine, L50, F|\n|poke|p2|Flutter Mane, L50|\n|poke|p2|Iron Bundle, L50|\n|poke|p2|Scizor, L50, F|\n|poke|p2|Jumpluff, L50, F|\n|teampreview|4\n|inactive|Battle timer is ON: inactive players will automatically lose when time's up. (requested by Moonvane15)\nMoonvane15 has agreed to open team sheets.\n|inactive|Moonvane15 has 60 seconds left.\n|\n|t:|1681887203\n|start\n|switch|p1a: Grimmsnarl|Grimmsnarl, L50, M|100\/100\n|switch|p1b: Palafin|Palafin, L50, F|100\/100\n|switch|p2a: Scizor|Scizor, L50, F|100\/100\n|switch|p2b: Flutter Mane|Flutter Mane, L50|100\/100\n|-enditem|p2b: Flutter Mane|Booster Energy\n|-activate|p2b: Flutter Mane|ability: Protosynthesis|[fromitem]\n|-start|p2b: Flutter Mane|protosynthesisspe\n|turn|1\n|inactive|Moonvane15 has 30 seconds left.\n|inactive|Moonvane15 has 20 seconds left.\n|inactive|Moonvane15 has 15 seconds left.\n|\n|t:|1681887247\n|-terastallize|p1b: Palafin|Water\n|-terastallize|p2a: Scizor|Water\n|move|p2a: Scizor|Bullet Punch|p1a: Grimmsnarl\n|-supereffective|p1a: Grimmsnarl\n|-damage|p1a: Grimmsnarl|14\/100\n|move|p1a: Grimmsnarl|Light Screen|p1a: Grimmsnarl\n|-sidestart|p1: Lumina7|move: Light Screen\n|move|p2b: Flutter Mane|Moonblast|p1a: Grimmsnarl\n|-supereffective|p1a: Grimmsnarl\n|-damage|p1a: Grimmsnarl|0 fnt\n|faint|p1a: Grimmsnarl\n|move|p1b: Palafin|Wave Crash|p2b: Flutter Mane\n|-damage|p2b: Flutter Mane|0 fnt\n|faint|p2b: Flutter Mane\n|-end|p2b: Flutter Mane|Protosynthesis|[silent]\n|-damage|p1b: Palafin|74\/100|[from] Recoil\n|\n|upkeep\n|\n|t:|1681887270\n|switch|p2b: Iron Bundle|Iron Bundle, L50, shiny|100\/100\n|switch|p1a: Flutter Mane|Flutter Mane, L50|100\/100\n|turn|2\n|\n|t:|1681887280\n|detailschange|p1b: Palafin|Palafin-Hero, L50, F, tera:Water\n|switch|p1b: Chi-Yu|Chi-Yu, L50|100\/100\n|-ability|p1b: Chi-Yu|Beads of Ruin\n|move|p2a: Scizor|Bullet Punch|p1a: Flutter Mane\n|-supereffective|p1a: Flutter Mane\n|-damage|p1a: Flutter Mane|0 fnt\n|faint|p1a: Flutter Mane\n|-end|p1a: Flutter Mane|Protosynthesis|[silent]\n|move|p2b: Iron Bundle|Freeze-Dry|p1b: Chi-Yu\n|-resisted|p1b: Chi-Yu\n|-damage|p1b: Chi-Yu|87\/100\n|\n|upkeep\n|\n|t:|1681887287\n|switch|p1a: Palafin|Palafin-Hero, L50, F, tera:Water|74\/100\n|-activate|p1a: Palafin|ability: Zero to Hero\n|turn|3\n|\n|t:|1681887304\n|-end|p2b: Iron Bundle|Quark Drive|[silent]\n|switch|p2b: Arcanine|Arcanine, L50, F|100\/100\n|-ability|p2b: Arcanine|Intimidate|boost\n|-unboost|p1a: Palafin|atk|1\n|-unboost|p1b: Chi-Yu|atk|1\n|move|p1b: Chi-Yu|Heat Wave|p2a: Scizor|[spread] p2a,p2b\n|-resisted|p2a: Scizor\n|-resisted|p2b: Arcanine\n|-damage|p2a: Scizor|57\/100\n|-damage|p2b: Arcanine|64\/100\n|move|p1a: Palafin|Close Combat|p2a: Scizor\n|-damage|p2a: Scizor|23\/100\n|-unboost|p1a: Palafin|def|1\n|-unboost|p1a: Palafin|spd|1\n|move|p2a: Scizor|Tera Blast|p1b: Chi-Yu\n|-supereffective|p1b: Chi-Yu\n|-crit|p1b: Chi-Yu\n|-damage|p1b: Chi-Yu|0 fnt\n|faint|p1b: Chi-Yu\n|\n|upkeep\n|turn|4\n|inactive|Moonvane15 has 30 seconds left.\n|\n|t:|1681887332\n|move|p2b: Arcanine|Extreme Speed|p1a: Palafin\n|-damage|p1a: Palafin|39\/100\n|move|p2a: Scizor|Bullet Punch|p1a: Palafin\n|-resisted|p1a: Palafin\n|-damage|p1a: Palafin|12\/100\n|move|p1a: Palafin|Close Combat|p2a: Scizor\n|-damage|p2a: Scizor|0 fnt\n|-unboost|p1a: Palafin|def|1\n|-unboost|p1a: Palafin|spd|1\n|faint|p2a: Scizor\n|\n|upkeep\n|\n|t:|1681887345\n|switch|p2a: Iron Bundle|Iron Bundle, L50, shiny|100\/100\n|turn|5\n|\n|t:|1681887352\n|move|p2b: Arcanine|Extreme Speed|p1a: Palafin\n|-damage|p1a: Palafin|0 fnt\n|faint|p1a: Palafin\n|\n|win|Moonvane15\n|raw|Lumina7's rating: 1063 → 1044<\/strong> (-19 for losing)\n|raw|Moonvane15's rating: 1070 → 1099<\/strong> (+29 for winning)\n|l|\u2606Lumina7\n","uploadtime":1681887364,"views":13,"p1id":"lumina7","p2id":"moonvane15","formatid":"gen9vgc2023regulationc","rating":1044,"private":0,"password":""}