{"id":"gen9vgc2023regulationc-1863203227","p1":"Pandaknight77","p2":"Poopyfartkingtrue","format":"[Gen 9] VGC 2023 Regulation C","log":"|j|\u2606Pandaknight77\n|j|\u2606Poopyfartkingtrue\n|t:|1683987816\n|gametype|doubles\n|player|p1|Pandaknight77|ghetsis|1078\n|player|p2|Poopyfartkingtrue|li|1000\n|teamsize|p1|6\n|teamsize|p2|6\n|gen|9\n|tier|[Gen 9] VGC 2023 Regulation C\n|rated|\n|rule|Species Clause: Limit one of each Pok\u00e9mon\n|rule|Item Clause: Limit one of each item\n|clearpoke\n|poke|p1|Haxorus, L50, M|\n|poke|p1|Garchomp, L50, F|\n|poke|p1|Gothitelle, L50, F|\n|poke|p1|Zoroark, L50, M|\n|poke|p1|Maushold-Four, L50|\n|poke|p1|Falinks, L50|\n|poke|p2|Vaporeon, L50, M|\n|poke|p2|Oinkologne-F, L50, F|\n|poke|p2|Espathra, L50, M|\n|poke|p2|Muk, L50, M|\n|poke|p2|Farigiraf, L50, F|\n|poke|p2|Jigglypuff, L50, M|\n|teampreview|4\n|inactive|Battle timer is ON: inactive players will automatically lose when time's up. (requested by Pandaknight77)\nPandaknight77 rejected open team sheets.\n|\n|t:|1683987846\n|start\n|switch|p1a: Lad 1|Haxorus, L50, M, shiny|100\/100\n|switch|p1b: Lad 2|Garchomp, L50, F, shiny|100\/100\n|switch|p2a: Jigglypuff|Jigglypuff, L50, M|100\/100\n|switch|p2b: Muk|Muk, L50, M|100\/100\n|-ability|p1a: Lad 1|Mold Breaker\n|turn|1\n|inactive|Pandaknight77 has 30 seconds left.\n|\n|t:|1683987872\n|-terastallize|p1a: Lad 1|Ground\n|move|p1b: Lad 2|Hyper Voice|p2b: Muk|[spread] p2a,p2b\n|-damage|p2a: Jigglypuff|78\/100\n|-damage|p2b: Muk|85\/100\n|-enditem|p1b: Lad 2|Throat Spray\n|-boost|p1b: Lad 2|spa|1|[from] item: Throat Spray\n|move|p1a: Lad 1|Tera Blast|p2a: Jigglypuff\n|-damage|p2a: Jigglypuff|28\/100\n|move|p2b: Muk|Stockpile|p2b: Muk\n|-start|p2b: Muk|stockpile1\n|-boost|p2b: Muk|def|1\n|-boost|p2b: Muk|spd|1\n|move|p2a: Jigglypuff|Icy Wind|p1b: Lad 2|[spread] p1a,p1b\n|-supereffective|p1a: Lad 1\n|-damage|p1a: Lad 1|83\/100\n|-damage|p1b: Lad 2|89\/100\n|-unboost|p1a: Lad 1|spe|1\n|-unboost|p1b: Lad 2|spe|1\n|replace|p1b: Is Zoroark|Zoroark, L50, M\n|-end|p1b: Is Zoroark|Illusion\n|\n|-heal|p1a: Lad 1|89\/100|[from] item: Leftovers\n|-heal|p2b: Muk|92\/100|[from] item: Black Sludge\n|upkeep\n|turn|2\n|c|\u2606Poopyfartkingtrue|Lmao\n|c|\u2606Poopyfartkingtrue|special atk garchomp\n|inactive|Poopyfartkingtrue has 30 seconds left.\n|c|\u2606Poopyfartkingtrue|you dont see that too often\n|inactive|Poopyfartkingtrue has 20 seconds left.\n|\n|t:|1683987908\n|move|p1b: Is Zoroark|Hyper Voice|p2b: Muk|[spread] p2a,p2b\n|-damage|p2a: Jigglypuff|0 fnt\n|-damage|p2b: Muk|79\/100\n|faint|p2a: Jigglypuff\n|move|p1a: Lad 1|Breaking Swipe|p2b: Muk\n|-damage|p2b: Muk|60\/100\n|-unboost|p2b: Muk|atk|1\n|move|p2b: Muk|Stockpile|p2b: Muk\n|-start|p2b: Muk|stockpile2\n|-boost|p2b: Muk|def|1\n|-boost|p2b: Muk|spd|1\n|\n|-heal|p1a: Lad 1|95\/100|[from] item: Leftovers\n|-heal|p2b: Muk|66\/100|[from] item: Black Sludge\n|upkeep\n|c|\u2606Poopyfartkingtrue|You got my respect\n|inactive|Poopyfartkingtrue has 30 seconds left.\n|c|\u2606Poopyfartkingtrue|Ah welp\n|inactive|Poopyfartkingtrue has 20 seconds left.\n|c|\u2606Poopyfartkingtrue|it wasnt garchomp lmao\n|inactive|Poopyfartkingtrue has 15 seconds left.\n|\n|t:|1683987948\n|switch|p2a: Espathra|Espathra, L50, M|100\/100\n|turn|3\n|\n|t:|1683987959\n|-terastallize|p2a: Espathra|Dark\n|move|p2a: Espathra|Hypnosis|p1b: Is Zoroark|[miss]\n|-miss|p2a: Espathra|p1b: Is Zoroark\n|-enditem|p2a: Espathra|Blunder Policy\n|-boost|p2a: Espathra|spe|2\n|move|p1b: Is Zoroark|Dark Pulse|p2a: Espathra\n|-resisted|p2a: Espathra\n|-crit|p2a: Espathra\n|-damage|p2a: Espathra|48\/100\n|move|p1a: Lad 1|Taunt|p2b: Muk\n|-start|p2b: Muk|move: Taunt\n|cant|p2b: Muk|move: Taunt|Stockpile\n|\n|-heal|p1a: Lad 1|100\/100|[from] item: Leftovers\n|-heal|p2b: Muk|72\/100|[from] item: Black Sludge\n|upkeep\n|turn|4\n|\n|t:|1683987976\n|switch|p2b: Vaporeon|Vaporeon, L50, M|100\/100\n|move|p1b: Is Zoroark|Protect|p1b: Is Zoroark\n|-singleturn|p1b: Is Zoroark|Protect\n|move|p2a: Espathra|Hypnosis|p1b: Is Zoroark\n|-activate|p1b: Is Zoroark|move: Protect\n|move|p1a: Lad 1|Breaking Swipe|p2b: Vaporeon|[spread] p2a,p2b\n|-crit|p2b: Vaporeon\n|-damage|p2a: Espathra|21\/100\n|-damage|p2b: Vaporeon|69\/100\n|-unboost|p2a: Espathra|atk|1\n|-unboost|p2b: Vaporeon|atk|1\n|\n|upkeep\n|turn|5\n|\n|t:|1683987994\n|move|p2a: Espathra|Hypnosis|p1b: Is Zoroark\n|-status|p1b: Is Zoroark|slp|[from] move: Hypnosis\n|cant|p1b: Is Zoroark|slp\n|move|p1a: Lad 1|Breaking Swipe|p2a: Espathra|[spread] p2a,p2b\n|-crit|p2a: Espathra\n|-damage|p2a: Espathra|0 fnt\n|-damage|p2b: Vaporeon|47\/100\n|-unboost|p2b: Vaporeon|atk|1\n|faint|p2a: Espathra\n|move|p2b: Vaporeon|Wish|p2b: Vaporeon\n|\n|upkeep\n|c|\u2606Poopyfartkingtrue|Damn\n|c|\u2606Poopyfartkingtrue|those crits\n|\n|t:|1683988007\n|switch|p2a: Muk|Muk, L50, M|72\/100\n|turn|6\n|\n|t:|1683988019\n|-curestatus|p1b: Is Zoroark|slp|[msg]\n|move|p1b: Is Zoroark|Hyper Voice|p2b: Vaporeon|[spread] p2a,p2b\n|-damage|p2a: Muk|44\/100\n|-damage|p2b: Vaporeon|23\/100\n|move|p1a: Lad 1|Taunt|p2a: Muk\n|-start|p2a: Muk|move: Taunt\n|move|p2b: Vaporeon|Acid Armor|p2b: Vaporeon\n|-boost|p2b: Vaporeon|def|2\n|cant|p2a: Muk|move: Taunt|Toxic\n|\n|-heal|p2b: Vaporeon|73\/100|[from] move: Wish|[wisher] Vaporeon\n|-heal|p2a: Muk|50\/100|[from] item: Black Sludge\n|upkeep\n|turn|7\n|\n|t:|1683988035\n|move|p1b: Is Zoroark|Hyper Voice|p2b: Vaporeon|[spread] p2a,p2b\n|-damage|p2a: Muk|25\/100\n|-damage|p2b: Vaporeon|47\/100\n|move|p1a: Lad 1|Taunt|p2b: Vaporeon\n|-start|p2b: Vaporeon|move: Taunt\n|cant|p2b: Vaporeon|move: Taunt|Calm Mind\n|-activate|p2a: Muk|move: Struggle\n|move|p2a: Muk|Struggle|p1a: Lad 1\n|-crit|p1a: Lad 1\n|-damage|p1a: Lad 1|78\/100\n|-damage|p2a: Muk|0 fnt|[from] recoil\n|faint|p2a: Muk\n|\n|-heal|p1a: Lad 1|84\/100|[from] item: Leftovers\n|upkeep\n|turn|8\n|-message|Poopyfartkingtrue forfeited.\n|\n|win|Pandaknight77\n|raw|Pandaknight77's rating: 1078 → 1100<\/strong> (+22 for winning)\n|raw|Poopyfartkingtrue's rating: 1000 → 1000<\/strong> (+0 for losing)\n|l|\u2606Poopyfartkingtrue\n","uploadtime":1683988098,"views":9,"p1id":"pandaknight77","p2id":"poopyfartkingtrue","formatid":"gen9vgc2023regulationc","rating":1000,"private":0,"password":""}