{"id":"gen9vgc2023regulationc-1863184752","p1":"CAUSEIMJP","p2":"xksos","format":"[Gen 9] VGC 2023 Regulation C","log":"|j|\u2606CAUSEIMJP\n|j|\u2606xksos\n|t:|1683985276\n|gametype|doubles\n|player|p1|CAUSEIMJP|265|1103\n|player|p2|xksos|1|1000\n|teamsize|p1|6\n|teamsize|p2|6\n|gen|9\n|tier|[Gen 9] VGC 2023 Regulation C\n|rated|\n|rule|Species Clause: Limit one of each Pok\u00e9mon\n|rule|Item Clause: Limit one of each item\n|clearpoke\n|poke|p1|Riolu, L50, M|\n|poke|p1|Salamence, L50, F|\n|poke|p1|Flutter Mane, L50|\n|poke|p1|Farigiraf, L50, F|\n|poke|p1|Amoonguss, L50, F|\n|poke|p1|Salazzle, L50, F|\n|poke|p2|Dudunsparce-*, L50, F|\n|poke|p2|Murkrow, L50, F|\n|poke|p2|Scream Tail, L50|\n|poke|p2|Heracross, L50, F|\n|poke|p2|Chien-Pao, L50|\n|poke|p2|Great Tusk, L50|\n|teampreview|4\n|inactive|Battle timer is ON: inactive players will automatically lose when time's up. (requested by CAUSEIMJP)\nCAUSEIMJP rejected open team sheets.\n|inactive|xksos has 60 seconds left.\n|\n|t:|1683985329\n|start\n|switch|p1a: Riolu|Riolu, L50, M|100\/100\n|switch|p1b: Salamence|Salamence, L50, F|100\/100\n|switch|p2a: Scream Tail|Scream Tail, L50|100\/100\n|switch|p2b: Dudunsparce|Dudunsparce-Three-Segment, L50, F|100\/100\n|-ability|p1b: Salamence|Intimidate|boost\n|-unboost|p2a: Scream Tail|atk|1\n|-unboost|p2b: Dudunsparce|atk|1\n|-enditem|p2a: Scream Tail|Booster Energy\n|-activate|p2a: Scream Tail|ability: Protosynthesis|[fromitem]\n|-start|p2a: Scream Tail|protosynthesisspe\n|turn|1\n|inactive|xksos has 30 seconds left.\n|\n|t:|1683985360\n|-terastallize|p1b: Salamence|Flying\n|move|p1a: Riolu|Howl|p1a: Riolu|[spread] p1a,p1b\n|-boost|p1a: Riolu|atk|1\n|-boost|p1b: Salamence|atk|1\n|move|p2a: Scream Tail|Psychic|p1a: Riolu\n|-supereffective|p1a: Riolu\n|-crit|p1a: Riolu\n|-enditem|p1a: Riolu|Focus Sash\n|-damage|p1a: Riolu|1\/100\n|move|p1b: Salamence|Iron Head|p2a: Scream Tail\n|-supereffective|p2a: Scream Tail\n|-damage|p2a: Scream Tail|27\/100\n|move|p2b: Dudunsparce|Tailwind|p2b: Dudunsparce\n|-sidestart|p2: xksos|move: Tailwind\n|\n|upkeep\n|turn|2\n|\n|t:|1683985382\n|move|p1a: Riolu|Sunny Day|p1a: Riolu\n|-weather|SunnyDay\n|move|p2a: Scream Tail|Rest|p2a: Scream Tail\n|-status|p2a: Scream Tail|slp|[from] move: Rest\n|-heal|p2a: Scream Tail|100\/100 slp|[silent]\n|move|p1b: Salamence|Iron Head|p2a: Scream Tail\n|-supereffective|p2a: Scream Tail\n|-damage|p2a: Scream Tail|35\/100 slp\n|move|p2b: Dudunsparce|Rock Slide|p1a: Riolu|[spread] p1a,p1b\n|-resisted|p1a: Riolu\n|-supereffective|p1b: Salamence\n|-damage|p1a: Riolu|0 fnt\n|-damage|p1b: Salamence|72\/100\n|faint|p1a: Riolu\n|\n|-weather|SunnyDay|[upkeep]\n|upkeep\n|\n|t:|1683985392\n|switch|p1a: Flutter Mane|Flutter Mane, L50|100\/100\n|-activate|p1a: Flutter Mane|ability: Protosynthesis\n|-start|p1a: Flutter Mane|protosynthesisspa\n|turn|3\n|\n|t:|1683985411\n|cant|p2a: Scream Tail|slp\n|move|p1b: Salamence|Iron Head|p2a: Scream Tail\n|-supereffective|p2a: Scream Tail\n|-damage|p2a: Scream Tail|0 fnt\n|faint|p2a: Scream Tail\n|-end|p2a: Scream Tail|Protosynthesis|[silent]\n|move|p2b: Dudunsparce|Coil|p2b: Dudunsparce\n|-boost|p2b: Dudunsparce|atk|1\n|-boost|p2b: Dudunsparce|def|1\n|-boost|p2b: Dudunsparce|accuracy|1\n|move|p1a: Flutter Mane|Dazzling Gleam|p2b: Dudunsparce\n|-damage|p2b: Dudunsparce|11\/100\n|\n|-weather|SunnyDay|[upkeep]\n|upkeep\n|\n|t:|1683985429\n|switch|p2a: Great Tusk|Great Tusk, L50|100\/100\n|-activate|p2a: Great Tusk|ability: Protosynthesis\n|-start|p2a: Great Tusk|protosynthesisatk\n|turn|4\n|\n|t:|1683985445\n|move|p1b: Salamence|Iron Head|p2a: Great Tusk\n|-damage|p2a: Great Tusk|73\/100\n|move|p2b: Dudunsparce|Rock Slide|p1b: Salamence|[spread] p1a,p1b\n|-supereffective|p1b: Salamence\n|-damage|p1a: Flutter Mane|79\/100\n|-damage|p1b: Salamence|33\/100\n|move|p2a: Great Tusk|Headlong Rush|p1a: Flutter Mane\n|-damage|p1a: Flutter Mane|0 fnt\n|-unboost|p2a: Great Tusk|def|1\n|-unboost|p2a: Great Tusk|spd|1\n|faint|p1a: Flutter Mane\n|-end|p1a: Flutter Mane|Protosynthesis|[silent]\n|\n|-weather|SunnyDay|[upkeep]\n|-sideend|p2: xksos|move: Tailwind\n|upkeep\n|\n|t:|1683985454\n|switch|p1a: Salazzle|Salazzle, L50, F, shiny|100\/100\n|turn|5\n|\n|t:|1683985473\n|move|p1a: Salazzle|Fake Out|p2a: Great Tusk\n|-damage|p2a: Great Tusk|68\/100\n|move|p1b: Salamence|Iron Head|p2b: Dudunsparce\n|-damage|p2b: Dudunsparce|0 fnt\n|faint|p2b: Dudunsparce\n|cant|p2a: Great Tusk|flinch\n|\n|-weather|SunnyDay|[upkeep]\n|upkeep\n|\n|t:|1683985482\n|switch|p2b: Chien-Pao|Chien-Pao, L50|100\/100\n|-ability|p2b: Chien-Pao|Sword of Ruin\n|turn|6\n|\n|t:|1683985505\n|move|p1b: Salamence|Iron Head|p2b: Chien-Pao\n|-supereffective|p2b: Chien-Pao\n|-damage|p2b: Chien-Pao|0 fnt\n|faint|p2b: Chien-Pao\n|move|p1a: Salazzle|Sludge Bomb|p2a: Great Tusk\n|-resisted|p2a: Great Tusk\n|-damage|p2a: Great Tusk|39\/100\n|-status|p2a: Great Tusk|psn\n|move|p2a: Great Tusk|Headlong Rush|p1a: Salazzle\n|-supereffective|p1a: Salazzle\n|-damage|p1a: Salazzle|0 fnt\n|-unboost|p2a: Great Tusk|def|1\n|-unboost|p2a: Great Tusk|spd|1\n|faint|p1a: Salazzle\n|\n|-weather|none\n|-end|p2a: Great Tusk|Protosynthesis\n|-damage|p2a: Great Tusk|27\/100 psn|[from] psn\n|upkeep\n|turn|7\n|inactive|xksos has 30 seconds left.\n|inactive|xksos has 20 seconds left.\n|inactive|xksos has 15 seconds left.\n|inactive|xksos has 10 seconds left.\n|inactive|xksos has 5 seconds left.\n|\n|t:|1683985560\n|move|p1b: Salamence|Iron Head|p2a: Great Tusk\n|-damage|p2a: Great Tusk|0 fnt\n|faint|p2a: Great Tusk\n|-end|p2a: Great Tusk|Protosynthesis|[silent]\n|\n|win|CAUSEIMJP\n|raw|CAUSEIMJP's rating: 1103 → 1121<\/strong> (+18 for winning)\n|raw|xksos's rating: 1000 → 1000<\/strong> (+0 for losing)\n","uploadtime":1683985566,"views":18,"p1id":"causeimjp","p2id":"xksos","formatid":"gen9vgc2023regulationc","rating":1000,"private":0,"password":""}