{"id":"gen9vgc2023regulationc-1856581014","p1":"lnkk8","p2":"yuuuuuuuuuj","format":"[Gen 9] VGC 2023 Regulation C","log":"|j|\u2606lnkk8\n|j|\u2606yuuuuuuuuuj\n|t:|1683078340\n|gametype|doubles\n|player|p1|lnkk8|101|1078\n|player|p2|yuuuuuuuuuj|170|1145\n|teamsize|p1|6\n|teamsize|p2|6\n|gen|9\n|tier|[Gen 9] VGC 2023 Regulation C\n|rated|\n|rule|Species Clause: Limit one of each Pok\u00e9mon\n|rule|Item Clause: Limit one of each item\n|clearpoke\n|poke|p1|Torkoal, L50, F|\n|poke|p1|Chi-Yu, L50|\n|poke|p1|Bronzong, L50|\n|poke|p1|Gastrodon, L50, F|\n|poke|p1|Grimmsnarl, L50, M|\n|poke|p1|Skeledirge, L50, M|\n|poke|p2|Medicham, L50, F|\n|poke|p2|Grimmsnarl, L50, M|\n|poke|p2|Revavroom, L50, F|\n|poke|p2|Ting-Lu, L50|\n|poke|p2|Flamigo, L50, F|\n|poke|p2|Meowscarada, L50, F|\n|teampreview|4\n|inactive|Battle timer is ON: inactive players will automatically lose when time's up. (requested by lnkk8)\nyuuuuuuuuuj rejected open team sheets.\n|\n|t:|1683078372\n|start\n|switch|p1a: Grimmsnarl|Grimmsnarl, L50, M|100\/100\n|switch|p1b: Bronzong|Bronzong, L50|100\/100\n|switch|p2a: Grimmsnarl|Grimmsnarl, L50, M|100\/100\n|switch|p2b: Revavroom|Revavroom, L50, F|100\/100\n|turn|1\n|\n|t:|1683078386\n|switch|p1a: Skeledirge|Skeledirge, L50, M|100\/100\n|move|p2a: Grimmsnarl|Thunder Wave|p1b: Bronzong\n|-status|p1b: Bronzong|par\n|move|p2b: Revavroom|Magnet Rise|p2b: Revavroom\n|-start|p2b: Revavroom|Magnet Rise\n|cant|p1b: Bronzong|par\n|\n|upkeep\n|turn|2\n|\n|t:|1683078396\n|-terastallize|p2b: Revavroom|Water\n|move|p1a: Skeledirge|Protect|p1a: Skeledirge\n|-singleturn|p1a: Skeledirge|Protect\n|move|p2a: Grimmsnarl|Thunder Wave|p1a: Skeledirge\n|-activate|p1a: Skeledirge|move: Protect\n|move|p2b: Revavroom|Shift Gear|p2b: Revavroom\n|-boost|p2b: Revavroom|spe|2\n|-boost|p2b: Revavroom|atk|1\n|move|p1b: Bronzong|Trick Room|p1b: Bronzong\n|-fieldstart|move: Trick Room|[of] p1b: Bronzong\n|\n|upkeep\n|turn|3\n|\n|t:|1683078418\n|move|p2a: Grimmsnarl|Light Screen|p2a: Grimmsnarl\n|-sidestart|p2: yuuuuuuuuuj|move: Light Screen\n|cant|p1b: Bronzong|par\n|move|p1a: Skeledirge|Encore|p2b: Revavroom\n|-start|p2b: Revavroom|Encore\n|move|p2b: Revavroom|Shift Gear|p2b: Revavroom\n|-boost|p2b: Revavroom|spe|2\n|-boost|p2b: Revavroom|atk|1\n|\n|upkeep\n|turn|4\n|inactive|yuuuuuuuuuj has 30 seconds left.\n|\n|t:|1683078450\n|switch|p2b: Ting-Lu|Ting-Lu, L50|100\/100\n|-ability|p2b: Ting-Lu|Vessel of Ruin\n|move|p2a: Grimmsnarl|Thunder Wave|p1a: Skeledirge\n|-status|p1a: Skeledirge|par\n|move|p1b: Bronzong|Body Press|p2b: Ting-Lu\n|-supereffective|p2b: Ting-Lu\n|-damage|p2b: Ting-Lu|68\/100\n|move|p1a: Skeledirge|Torch Song|p2b: Ting-Lu\n|-damage|p2b: Ting-Lu|57\/100\n|-boost|p1a: Skeledirge|spa|1\n|\n|upkeep\n|turn|5\n|\n|t:|1683078468\n|switch|p1a: Grimmsnarl|Grimmsnarl, L50, M|100\/100\n|move|p1b: Bronzong|Body Press|p2b: Ting-Lu\n|-supereffective|p2b: Ting-Lu\n|-damage|p2b: Ting-Lu|26\/100\n|move|p2b: Ting-Lu|Throat Chop|p1a: Grimmsnarl\n|-resisted|p1a: Grimmsnarl\n|-damage|p1a: Grimmsnarl|89\/100\n|-start|p1a: Grimmsnarl|Throat Chop|[silent]\n|move|p2a: Grimmsnarl|Spirit Break|p1a: Grimmsnarl\n|-supereffective|p1a: Grimmsnarl\n|-damage|p1a: Grimmsnarl|26\/100\n|-unboost|p1a: Grimmsnarl|spa|1\n|\n|upkeep\n|turn|6\n|\n|t:|1683078476\n|move|p1a: Grimmsnarl|Fake Out|p2b: Ting-Lu\n|-damage|p2b: Ting-Lu|18\/100\n|move|p2a: Grimmsnarl|Reflect|p2a: Grimmsnarl\n|-sidestart|p2: yuuuuuuuuuj|Reflect\n|cant|p1b: Bronzong|par\n|cant|p2b: Ting-Lu|flinch\n|\n|-end|p1a: Grimmsnarl|Throat Chop|[silent]\n|-fieldend|move: Trick Room\n|upkeep\n|turn|7\n|\n|t:|1683078490\n|switch|p1a: Skeledirge|Skeledirge, L50, M|100\/100 par\n|move|p2a: Grimmsnarl|Spirit Break|p1a: Skeledirge\n|-resisted|p1a: Skeledirge\n|-damage|p1a: Skeledirge|87\/100 par\n|-unboost|p1a: Skeledirge|spa|1\n|move|p2b: Ting-Lu|Throat Chop|p1b: Bronzong\n|-supereffective|p1b: Bronzong\n|-damage|p1b: Bronzong|42\/100 par\n|-start|p1b: Bronzong|Throat Chop|[silent]\n|move|p1b: Bronzong|Trick Room|p1b: Bronzong\n|-fieldstart|move: Trick Room|[of] p1b: Bronzong\n|\n|-heal|p1a: Skeledirge|93\/100 par|[from] item: Leftovers\n|upkeep\n|turn|8\n|inactive|yuuuuuuuuuj has 30 seconds left.\n|inactive|yuuuuuuuuuj has 20 seconds left.\n|inactive|yuuuuuuuuuj has 15 seconds left.\n|inactive|yuuuuuuuuuj has 10 seconds left.\n|inactive|yuuuuuuuuuj has 5 seconds left.\n|\n|t:|1683078545\n|switch|p1a: Grimmsnarl|Grimmsnarl, L50, M|26\/100\n|move|p2a: Grimmsnarl|Reflect||[still]\n|-fail|p2a: Grimmsnarl\n|move|p1b: Bronzong|Body Press|p2b: Ting-Lu\n|-supereffective|p2b: Ting-Lu\n|-damage|p2b: Ting-Lu|0 fnt\n|faint|p2b: Ting-Lu\n|\n|-end|p1b: Bronzong|Throat Chop|[silent]\n|upkeep\n|inactive|yuuuuuuuuuj has 30 seconds left.\n|inactive|yuuuuuuuuuj has 20 seconds left.\n|inactive|yuuuuuuuuuj has 15 seconds left.\n|inactive|yuuuuuuuuuj has 10 seconds left.\n|inactive|yuuuuuuuuuj has 5 seconds left.\n|\n|t:|1683078600\n|switch|p2b: Revavroom|Revavroom, L50, F, tera:Water|100\/100\n|turn|9\n|inactive|yuuuuuuuuuj has 30 seconds left.\n|inactive|yuuuuuuuuuj has 20 seconds left.\n|inactive|yuuuuuuuuuj has 15 seconds left.\n|inactive|yuuuuuuuuuj has 10 seconds left.\n|inactive|yuuuuuuuuuj has 5 seconds left.\n|\n|t:|1683078655\n|move|p2a: Grimmsnarl|Reflect||[still]\n|-fail|p2a: Grimmsnarl\n|move|p1a: Grimmsnarl|Trick|p2b: Revavroom\n|-activate|p1a: Grimmsnarl|move: Trick|[of] p2b: Revavroom\n|-item|p2b: Revavroom|Lagging Tail|[from] move: Trick\n|-item|p1a: Grimmsnarl|Safety Goggles|[from] move: Trick\n|move|p1b: Bronzong|Iron Head|p2a: Grimmsnarl\n|-supereffective|p2a: Grimmsnarl\n|-damage|p2a: Grimmsnarl|73\/100\n|move|p2b: Revavroom|Iron Defense|p2b: Revavroom\n|-boost|p2b: Revavroom|def|2\n|\n|upkeep\n|turn|10\n|inactive|yuuuuuuuuuj has 30 seconds left.\n|\n|t:|1683078684\n|switch|p1a: Skeledirge|Skeledirge, L50, M|93\/100 par\n|move|p1b: Bronzong|Iron Head|p2a: Grimmsnarl\n|-supereffective|p2a: Grimmsnarl\n|-damage|p2a: Grimmsnarl|47\/100\n|cant|p2a: Grimmsnarl|flinch\n|move|p2b: Revavroom|Shift Gear|p2b: Revavroom\n|-boost|p2b: Revavroom|spe|2\n|-boost|p2b: Revavroom|atk|1\n|\n|-heal|p1a: Skeledirge|99\/100 par|[from] item: Leftovers\n|-sideend|p2: yuuuuuuuuuj|move: Light Screen\n|upkeep\n|turn|11\n|\n|t:|1683078697\n|move|p1b: Bronzong|Iron Head|p2a: Grimmsnarl\n|-supereffective|p2a: Grimmsnarl\n|-damage|p2a: Grimmsnarl|20\/100\n|move|p1a: Skeledirge|Encore|p2b: Revavroom\n|-start|p2b: Revavroom|Encore\n|move|p2a: Grimmsnarl|Spirit Break|p1a: Skeledirge\n|-resisted|p1a: Skeledirge\n|-damage|p1a: Skeledirge|86\/100 par\n|-unboost|p1a: Skeledirge|spa|1\n|move|p2b: Revavroom|Shift Gear|p2b: Revavroom\n|-boost|p2b: Revavroom|spe|2\n|-boost|p2b: Revavroom|atk|1\n|\n|-heal|p1a: Skeledirge|92\/100 par|[from] item: Leftovers\n|-fieldend|move: Trick Room\n|upkeep\n|turn|12\n|\n|t:|1683078709\n|switch|p2a: Flamigo|Flamigo, L50, F|100\/100\n|-copyboost|p2a: Flamigo|p2b: Revavroom|[from] ability: Costar\n|move|p1a: Skeledirge|Torch Song|p2a: Flamigo\n|-damage|p2a: Flamigo|56\/100\n|-boost|p1a: Skeledirge|spa|1\n|move|p2b: Revavroom|Shift Gear|p2b: Revavroom\n|-boost|p2b: Revavroom|spe|2\n|-boost|p2b: Revavroom|atk|1\n|cant|p1b: Bronzong|par\n|\n|-heal|p1a: Skeledirge|98\/100 par|[from] item: Leftovers\n|upkeep\n|turn|13\n|\n|t:|1683078729\n|-terastallize|p1a: Skeledirge|Fairy\n|move|p2a: Flamigo|Low Sweep|p1b: Bronzong\n|-damage|p1b: Bronzong|0 fnt\n|faint|p1b: Bronzong\n|move|p1a: Skeledirge|Tera Blast|p2a: Flamigo\n|-supereffective|p2a: Flamigo\n|-damage|p2a: Flamigo|0 fnt\n|faint|p2a: Flamigo\n|move|p2b: Revavroom|Shift Gear|p2b: Revavroom\n|-boost|p2b: Revavroom|spe|0\n|-boost|p2b: Revavroom|atk|1\n|\n|-heal|p1a: Skeledirge|100\/100 par|[from] item: Leftovers\n|-end|p2b: Revavroom|Encore\n|-sideend|p2: yuuuuuuuuuj|Reflect\n|upkeep\n|inactive|yuuuuuuuuuj has 30 seconds left.\n|inactive|yuuuuuuuuuj has 20 seconds left.\n|inactive|yuuuuuuuuuj has 15 seconds left.\n|\n|t:|1683078774\n|switch|p2a: Grimmsnarl|Grimmsnarl, L50, M|20\/100\n|switch|p1b: Grimmsnarl|Grimmsnarl, L50, M|26\/100\n|turn|14\n|\n|t:|1683078783\n|move|p1b: Grimmsnarl|Fake Out|p2a: Grimmsnarl\n|-damage|p2a: Grimmsnarl|8\/100\n|cant|p2a: Grimmsnarl|flinch\n|move|p1a: Skeledirge|Encore|p2b: Revavroom\n|-start|p2b: Revavroom|Encore\n|move|p2b: Revavroom|Shift Gear|p2b: Revavroom\n|-boost|p2b: Revavroom|spe|0\n|-boost|p2b: Revavroom|atk|1\n|\n|upkeep\n|turn|15\n|-message|yuuuuuuuuuj forfeited.\n|\n|win|lnkk8\n|raw|lnkk8's rating: 1078 → 1112<\/strong> (+34 for winning)\n|raw|yuuuuuuuuuj's rating: 1145 → 1115<\/strong> (-30 for losing)\n|l|\u2606yuuuuuuuuuj\n","uploadtime":1683078797,"views":16,"p1id":"lnkk8","p2id":"yuuuuuuuuuj","formatid":"gen9vgc2023regulationc","rating":1112,"private":0,"password":""}