{"id":"gen9vgc2023regulationc-1847916137","p1":"Scytherium","p2":"babouras","format":"[Gen 9] VGC 2023 Regulation C","log":"|j|\u2606Scytherium\n|j|\u2606babouras\n|t:|1682012428\n|gametype|doubles\n|player|p1|Scytherium|170|1013\n|player|p2|babouras|rosa|1000\n|teamsize|p1|6\n|teamsize|p2|6\n|gen|9\n|tier|[Gen 9] VGC 2023 Regulation C\n|rated|\n|rule|Species Clause: Limit one of each Pok\u00e9mon\n|rule|Item Clause: Limit one of each item\n|clearpoke\n|poke|p1|Salamence, L50, M|\n|poke|p1|Chi-Yu, L50|\n|poke|p1|Hatterene, L50, F|\n|poke|p1|Spiritomb, L50, F|\n|poke|p1|Gastrodon, L50, M|\n|poke|p1|Abomasnow, L50, F|\n|poke|p2|Scizor, L50, M|\n|poke|p2|Iron Bundle, L50|\n|poke|p2|Iron Hands, L50|\n|poke|p2|Baxcalibur, L50, F|\n|poke|p2|Amoonguss, L50, F|\n|poke|p2|Flutter Mane, L50|\n|teampreview|4\n|inactive|Battle timer is ON: inactive players will automatically lose when time's up. (requested by babouras)\n|inactive|babouras has 60 seconds left.\nScytherium has agreed to open team sheets.\n|\n|t:|1682012479\n|start\n|switch|p1a: Hatterene|Hatterene, L50, F|100\/100\n|switch|p1b: Gastrodon|Gastrodon, L50, M|100\/100\n|switch|p2a: Iron Bundle|Iron Bundle, L50|100\/100\n|switch|p2b: Flutter Mane|Flutter Mane, L50|100\/100\n|-enditem|p2a: Iron Bundle|Booster Energy\n|-activate|p2a: Iron Bundle|ability: Quark Drive|[fromitem]\n|-start|p2a: Iron Bundle|quarkdrivespe\n|turn|1\n|inactive|babouras has 30 seconds left.\n|\n|t:|1682012505\n|-terastallize|p1a: Hatterene|Normal\n|move|p2a: Iron Bundle|Freeze-Dry|p1b: Gastrodon\n|-supereffective|p1b: Gastrodon\n|-damage|p1b: Gastrodon|0 fnt\n|faint|p1b: Gastrodon\n|move|p2b: Flutter Mane|Shadow Ball|p1a: Hatterene\n|-immune|p1a: Hatterene\n|move|p1a: Hatterene|Trick Room|p1a: Hatterene\n|-fieldstart|move: Trick Room|[of] p1a: Hatterene\n|\n|upkeep\n|\n|t:|1682012514\n|switch|p1b: Chi-Yu|Chi-Yu, L50|100\/100\n|-ability|p1b: Chi-Yu|Beads of Ruin\n|turn|2\n|\n|t:|1682012536\n|move|p2a: Iron Bundle|Protect|p2a: Iron Bundle\n|-singleturn|p2a: Iron Bundle|Protect\n|move|p1a: Hatterene|Dazzling Gleam|p2a: Iron Bundle|[spread] p2b\n|-activate|p2a: Iron Bundle|move: Protect\n|-damage|p2b: Flutter Mane|69\/100\n|move|p1b: Chi-Yu|Dark Pulse|p2b: Flutter Mane\n|-damage|p2b: Flutter Mane|18\/100\n|move|p2b: Flutter Mane|Shadow Ball|p1b: Chi-Yu\n|-resisted|p1b: Chi-Yu\n|-crit|p1b: Chi-Yu\n|-damage|p1b: Chi-Yu|61\/100\n|-unboost|p1b: Chi-Yu|spd|1\n|-enditem|p1b: Chi-Yu|White Herb\n|-clearnegativeboost|p1b: Chi-Yu|[silent]\n|\n|upkeep\n|turn|3\n|inactive|babouras has 30 seconds left.\n|\n|t:|1682012568\n|move|p1a: Hatterene|Dazzling Gleam|p2b: Flutter Mane|[spread] p2a,p2b\n|-damage|p2a: Iron Bundle|45\/100\n|-damage|p2b: Flutter Mane|0 fnt\n|faint|p2b: Flutter Mane\n|-end|p2b: Flutter Mane|Protosynthesis|[silent]\n|move|p1b: Chi-Yu|Dark Pulse|p2a: Iron Bundle\n|-damage|p2a: Iron Bundle|0 fnt\n|faint|p2a: Iron Bundle\n|-end|p2a: Iron Bundle|Quark Drive|[silent]\n|\n|upkeep\n|\n|t:|1682012576\n|switch|p2a: Baxcalibur|Baxcalibur, L50, F|100\/100\n|switch|p2b: Iron Hands|Iron Hands, L50|100\/100\n|turn|4\n|inactive|babouras has 30 seconds left.\n|inactive|babouras has 20 seconds left.\n|inactive|Scytherium has 30 seconds left.\n|\n|t:|1682012616\n|move|p2b: Iron Hands|Fake Out|p1b: Chi-Yu\n|-crit|p1b: Chi-Yu\n|-damage|p1b: Chi-Yu|36\/100\n|move|p1a: Hatterene|Dazzling Gleam|p2a: Baxcalibur|[spread] p2a,p2b\n|-supereffective|p2a: Baxcalibur\n|-supereffective|p2b: Iron Hands\n|-damage|p2a: Baxcalibur|26\/100\n|-damage|p2b: Iron Hands|66\/100\n|move|p2a: Baxcalibur|Glaive Rush|p1a: Hatterene\n|-damage|p1a: Hatterene|12\/100\n|-singlemove|p2a: Baxcalibur|Glaive Rush|[silent]\n|cant|p1b: Chi-Yu|flinch\n|\n|upkeep\n|turn|5\n|\n|t:|1682012640\n|move|p2a: Baxcalibur|Ice Shard|p1a: Hatterene\n|-damage|p1a: Hatterene|0 fnt\n|faint|p1a: Hatterene\n|move|p2b: Iron Hands|Drain Punch|p1b: Chi-Yu\n|-supereffective|p1b: Chi-Yu\n|-damage|p1b: Chi-Yu|0 fnt\n|-heal|p2b: Iron Hands|77\/100|[from] drain|[of] p1b: Chi-Yu\n|faint|p1b: Chi-Yu\n|\n|-fieldend|move: Trick Room\n|upkeep\n|inactive|Scytherium has 30 seconds left.\n|\n|t:|1682012669\n|switch|p1b: Salamence|Salamence, L50, M|100\/100\n|-ability|p1b: Salamence|Intimidate|boost\n|-fail|p2a: Baxcalibur|unboost|[from] item: Clear Amulet|[of] p2a: Baxcalibur\n|-unboost|p2b: Iron Hands|atk|1\n|turn|6\n|\n|t:|1682012679\n|move|p2a: Baxcalibur|Ice Shard|p1b: Salamence\n|-supereffective|p1b: Salamence\n|-damage|p1b: Salamence|0 fnt\n|faint|p1b: Salamence\n|\n|win|babouras\n|raw|Scytherium's rating: 1013 → 1001<\/strong> (-12 for losing)\n|raw|babouras's rating: 1000 → 1041<\/strong> (+41 for winning)\n|l|\u2606Scytherium\n","uploadtime":1682012688,"views":12,"p1id":"scytherium","p2id":"babouras","formatid":"gen9vgc2023regulationc","rating":1001,"private":0,"password":""}