{"id":"gen9vgc2023regulationc-1846415435","p1":"The_Chauffeur","p2":"yukke1209","format":"[Gen 9] VGC 2023 Regulation C","log":"|j|\u2606The_Chauffeur\n|j|\u2606yukke1209\n|t:|1681839059\n|gametype|doubles\n|player|p1|The_Chauffeur|pokemonbreeder-gen4|1479\n|player|p2|yukke1209|caitlin|1488\n|teamsize|p1|6\n|teamsize|p2|6\n|gen|9\n|tier|[Gen 9] VGC 2023 Regulation C\n|rated|\n|rule|Species Clause: Limit one of each Pok\u00e9mon\n|rule|Item Clause: Limit one of each item\n|clearpoke\n|poke|p1|Palafin, L50, F|\n|poke|p1|Garchomp, L50, M|\n|poke|p1|Scream Tail, L50|\n|poke|p1|Corviknight, L50, M|\n|poke|p1|Gholdengo, L50|\n|poke|p1|Tyranitar, L50, F|\n|poke|p2|Ting-Lu, L50|\n|poke|p2|Flutter Mane, L50|\n|poke|p2|Dragonite, L50, F|\n|poke|p2|Gastrodon, L50, M|\n|poke|p2|Gyarados, L50, M|\n|poke|p2|Garganacl, L50, F|\n|teampreview|4\n|inactive|Battle timer is ON: inactive players will automatically lose when time's up. (requested by yukke1209)\n|inactive|The_Chauffeur has 60 seconds left.\n|inactive|yukke1209 has 60 seconds left.\n|\n|t:|1681839112\n|start\n|switch|p1a: Roc|Corviknight, L50, M|100\/100\n|switch|p1b: Mogaru|Garchomp, L50, M|100\/100\n|switch|p2a: Garganacl|Garganacl, L50, F|100\/100\n|switch|p2b: Flutter Mane|Flutter Mane, L50|100\/100\n|turn|1\n|j| ScV Gengar\n|inactive|The_Chauffeur has 30 seconds left.\n|inactive|The_Chauffeur has 20 seconds left.\n|\n|t:|1681839151\n|-terastallize|p2a: Garganacl|Flying\n|move|p1b: Mogaru|Protect|p1b: Mogaru\n|-singleturn|p1b: Mogaru|Protect\n|move|p2b: Flutter Mane|Moonblast|p1b: Mogaru\n|-activate|p1b: Mogaru|move: Protect\n|move|p1a: Roc|Iron Head|p2b: Flutter Mane\n|-supereffective|p2b: Flutter Mane\n|-crit|p2b: Flutter Mane\n|-damage|p2b: Flutter Mane|0 fnt\n|faint|p2b: Flutter Mane\n|-end|p2b: Flutter Mane|Protosynthesis|[silent]\n|move|p2a: Garganacl|Salt Cure|p1a: Roc\n|-damage|p1a: Roc|89\/100\n|-start|p1a: Roc|Salt Cure\n|\n|-damage|p1a: Roc|64\/100|[from] Salt Cure\n|upkeep\n|\n|t:|1681839168\n|switch|p2b: Ting-Lu|Ting-Lu, L50|100\/100\n|-ability|p2b: Ting-Lu|Vessel of Ruin\n|turn|2\n|\n|t:|1681839176\n|switch|p1a: Beholder|Scream Tail, L50|100\/100\n|-enditem|p1a: Beholder|Booster Energy\n|-activate|p1a: Beholder|ability: Protosynthesis|[fromitem]\n|-start|p1a: Beholder|protosynthesisspe\n|move|p1b: Mogaru|Swords Dance|p1b: Mogaru\n|-boost|p1b: Mogaru|atk|2\n|move|p2b: Ting-Lu|Earthquake|p1b: Mogaru|[spread] p1a,p1b\n|-immune|p2a: Garganacl\n|-damage|p1a: Beholder|71\/100\n|-damage|p1b: Mogaru|67\/100\n|move|p2a: Garganacl|Salt Cure|p1a: Beholder\n|-damage|p1a: Beholder|60\/100\n|-start|p1a: Beholder|Salt Cure\n|\n|-damage|p1a: Beholder|48\/100|[from] Salt Cure\n|upkeep\n|turn|3\n|\n|t:|1681839196\n|move|p1a: Beholder|Disable|p2b: Ting-Lu\n|-start|p2b: Ting-Lu|Disable|Earthquake\n|move|p1b: Mogaru|Rock Slide|p2a: Garganacl|[spread] p2a,p2b\n|-supereffective|p2a: Garganacl\n|-resisted|p2b: Ting-Lu\n|-damage|p2a: Garganacl|53\/100\n|-damage|p2b: Ting-Lu|89\/100\n|move|p2b: Ting-Lu|Payback|p1b: Mogaru\n|-damage|p1b: Mogaru|26\/100\n|move|p2a: Garganacl|Heavy Slam|p1a: Beholder\n|-supereffective|p1a: Beholder\n|-damage|p1a: Beholder|3\/100\n|\n|-heal|p2a: Garganacl|59\/100|[from] item: Leftovers\n|-damage|p1a: Beholder|0 fnt|[from] Salt Cure\n|faint|p1a: Beholder\n|-end|p1a: Beholder|Protosynthesis|[silent]\n|upkeep\n|\n|t:|1681839211\n|switch|p1a: Tarrasque|Tyranitar, L50, F|100\/100\n|-weather|Sandstorm|[from] ability: Sand Stream|[of] p1a: Tarrasque\n|turn|4\n|\n|t:|1681839222\n|move|p1b: Mogaru|Protect|p1b: Mogaru\n|-singleturn|p1b: Mogaru|Protect\n|move|p2a: Garganacl|Wide Guard|p2a: Garganacl\n|-singleturn|p2a: Garganacl|Wide Guard\n|move|p1a: Tarrasque|Low Kick|p2b: Ting-Lu\n|-supereffective|p2b: Ting-Lu\n|-damage|p2b: Ting-Lu|40\/100\n|-enditem|p2b: Ting-Lu|Weakness Policy\n|-boost|p2b: Ting-Lu|atk|2|[from] item: Weakness Policy\n|-boost|p2b: Ting-Lu|spa|2|[from] item: Weakness Policy\n|move|p2b: Ting-Lu|Payback|p1b: Mogaru\n|-activate|p1b: Mogaru|move: Protect\n|\n|-weather|Sandstorm|[upkeep]\n|-damage|p2a: Garganacl|53\/100|[from] Sandstorm\n|-heal|p2a: Garganacl|59\/100|[from] item: Leftovers\n|upkeep\n|turn|5\n|inactive|The_Chauffeur has 30 seconds left.\n|\n|t:|1681839249\n|move|p2b: Ting-Lu|Protect|p2b: Ting-Lu\n|-singleturn|p2b: Ting-Lu|Protect\n|move|p1b: Mogaru|Swords Dance|p1b: Mogaru\n|-boost|p1b: Mogaru|atk|2\n|move|p1a: Tarrasque|Low Kick|p2b: Ting-Lu\n|-activate|p2b: Ting-Lu|move: Protect\n|move|p2a: Garganacl|Salt Cure|p1b: Mogaru\n|-resisted|p1b: Mogaru\n|-damage|p1b: Mogaru|19\/100\n|-start|p1b: Mogaru|Salt Cure\n|\n|-weather|Sandstorm|[upkeep]\n|-damage|p2a: Garganacl|53\/100|[from] Sandstorm\n|-heal|p2a: Garganacl|59\/100|[from] item: Leftovers\n|-damage|p1b: Mogaru|7\/100|[from] Salt Cure\n|upkeep\n|turn|6\n|\n|t:|1681839267\n|switch|p2b: Gastrodon|Gastrodon, L50, M|100\/100\n|move|p2a: Garganacl|Wide Guard|p2a: Garganacl\n|-singleturn|p2a: Garganacl|Wide Guard\n|move|p1b: Mogaru|Rock Slide|p2a: Garganacl|[spread] \n|-activate|p2a: Garganacl|move: Wide Guard\n|-activate|p2b: Gastrodon|move: Wide Guard\n|move|p1a: Tarrasque|Low Kick|p2b: Gastrodon\n|-damage|p2b: Gastrodon|85\/100\n|\n|-weather|Sandstorm|[upkeep]\n|-damage|p2a: Garganacl|53\/100|[from] Sandstorm\n|-heal|p2a: Garganacl|59\/100|[from] item: Leftovers\n|-damage|p1b: Mogaru|0 fnt|[from] Salt Cure\n|faint|p1b: Mogaru\n|upkeep\n|\n|t:|1681839277\n|switch|p1b: Roc|Corviknight, L50, M|64\/100\n|turn|7\n|\n|t:|1681839286\n|-terastallize|p1a: Tarrasque|Rock\n|move|p1a: Tarrasque|Rock Slide|p2a: Garganacl|[spread] p2a,p2b\n|-supereffective|p2a: Garganacl\n|-resisted|p2b: Gastrodon\n|-damage|p2a: Garganacl|1\/100\n|-damage|p2b: Gastrodon|69\/100\n|move|p1b: Roc|Bulk Up|p1b: Roc\n|-boost|p1b: Roc|atk|1\n|-boost|p1b: Roc|def|1\n|move|p2b: Gastrodon|Yawn|p1a: Tarrasque\n|-start|p1a: Tarrasque|move: Yawn|[of] p2b: Gastrodon\n|cant|p2a: Garganacl|flinch\n|\n|-weather|Sandstorm|[upkeep]\n|-damage|p2a: Garganacl|0 fnt|[from] Sandstorm\n|faint|p2a: Garganacl\n|upkeep\n|\n|t:|1681839299\n|switch|p2a: Ting-Lu|Ting-Lu, L50|40\/100\n|-ability|p2a: Ting-Lu|Vessel of Ruin\n|turn|8\n|\n|t:|1681839308\n|move|p2a: Ting-Lu|Protect|p2a: Ting-Lu\n|-singleturn|p2a: Ting-Lu|Protect\n|move|p1a: Tarrasque|Dragon Dance|p1a: Tarrasque\n|-boost|p1a: Tarrasque|atk|1\n|-boost|p1a: Tarrasque|spe|1\n|move|p1b: Roc|Roost|p1b: Roc\n|-heal|p1b: Roc|100\/100\n|-singleturn|p1b: Roc|move: Roost\n|move|p2b: Gastrodon|Yawn|p1b: Roc\n|-start|p1b: Roc|move: Yawn|[of] p2b: Gastrodon\n|\n|-weather|none\n|-end|p1a: Tarrasque|move: Yawn|[silent]\n|-status|p1a: Tarrasque|slp\n|upkeep\n|turn|9\n|\n|t:|1681839330\n|cant|p1a: Tarrasque|slp\n|move|p1b: Roc|Brave Bird|p2a: Ting-Lu\n|-damage|p2a: Ting-Lu|0 fnt\n|faint|p2a: Ting-Lu\n|-damage|p1b: Roc|85\/100|[from] Recoil\n|move|p2b: Gastrodon|Earth Power|p1a: Tarrasque\n|-supereffective|p1a: Tarrasque\n|-damage|p1a: Tarrasque|37\/100 slp\n|-enditem|p1a: Tarrasque|Weakness Policy\n|-boost|p1a: Tarrasque|atk|2|[from] item: Weakness Policy\n|-boost|p1a: Tarrasque|spa|2|[from] item: Weakness Policy\n|\n|-end|p1b: Roc|move: Yawn|[silent]\n|-status|p1b: Roc|slp\n|upkeep\n|turn|10\n|-message|yukke1209 forfeited.\n|\n|win|The_Chauffeur\n|raw|The_Chauffeur's rating: 1479 → 1500<\/strong> (+21 for winning)\n|raw|yukke1209's rating: 1488 → 1467<\/strong> (-21 for losing)\n|l|\u2606yukke1209\n","uploadtime":1681839342,"views":17,"p1id":"thechauffeur","p2id":"yukke1209","formatid":"gen9vgc2023regulationc","rating":1467,"private":0,"password":""}