{"id":"gen9vgc2023regulationc-1862923129","p1":"cosplayLover","p2":"thrillcorner","format":"[Gen 9] VGC 2023 Regulation C","log":"|j|\u2606cosplayLover\n|j|\u2606thrillcorner\n|t:|1683938933\n|gametype|doubles\n|player|p1|cosplayLover|2|1439\n|player|p2|thrillcorner|red-masters2|1341\n|teamsize|p1|6\n|teamsize|p2|6\n|gen|9\n|tier|[Gen 9] VGC 2023 Regulation C\n|rated|\n|rule|Species Clause: Limit one of each Pok\u00e9mon\n|rule|Item Clause: Limit one of each item\n|clearpoke\n|poke|p1|Dragonite, L50, F|\n|poke|p1|Flutter Mane, L50|\n|poke|p1|Arcanine, L50, M|\n|poke|p1|Palafin, L50, M|\n|poke|p1|Glimmora, L50, F|\n|poke|p1|Chien-Pao, L50|\n|poke|p2|Arcanine, L50, M|\n|poke|p2|Amoonguss, L50, F|\n|poke|p2|Flutter Mane, L50|\n|poke|p2|Pelipper, L50, F|\n|poke|p2|Azumarill, L50, M|\n|poke|p2|Iron Hands, L50|\n|teampreview|4\nthrillcorner has agreed to open team sheets.\n|inactive|Battle timer is ON: inactive players will automatically lose when time's up. (requested by cosplayLover)\n|\n|t:|1683938985\n|start\n|switch|p1a: Dragonite|Dragonite, L50, F|100\/100\n|switch|p1b: Palafin|Palafin, L50, M|100\/100\n|switch|p2a: Arcanine|Arcanine, L50, M|100\/100\n|switch|p2b: Iron Hands|Iron Hands, L50|100\/100\n|-ability|p2a: Arcanine|Intimidate|boost\n|-unboost|p1a: Dragonite|atk|1\n|-unboost|p1b: Palafin|atk|1\n|turn|1\n|inactive|cosplayLover has 30 seconds left.\n|inactive|thrillcorner has 30 seconds left.\n|\n|t:|1683939019\n|switch|p1a: Glimmora|Glimmora, L50, F|100\/100\n|move|p1b: Palafin|Protect|p1b: Palafin\n|-singleturn|p1b: Palafin|Protect\n|move|p2a: Arcanine|Will-O-Wisp|p1a: Glimmora|[miss]\n|-miss|p2a: Arcanine|p1a: Glimmora\n|move|p2b: Iron Hands|Wild Charge|p1b: Palafin\n|-activate|p1b: Palafin|move: Protect\n|\n|upkeep\n|turn|2\n|inactive|thrillcorner has 30 seconds left.\n|\n|t:|1683939053\n|switch|p2a: Azumarill|Azumarill, L50, M|100\/100\n|detailschange|p1b: Palafin|Palafin-Hero, L50, M\n|switch|p1b: Dragonite|Dragonite, L50, F|100\/100\n|move|p1a: Glimmora|Mortal Spin|p2a: Azumarill|[spread] p2a,p2b\n|-supereffective|p2a: Azumarill\n|-damage|p2a: Azumarill|92\/100\n|-damage|p2b: Iron Hands|98\/100\n|-status|p2a: Azumarill|psn\n|-status|p2b: Iron Hands|psn\n|move|p2b: Iron Hands|Drain Punch|p1a: Glimmora\n|-damage|p1a: Glimmora|63\/100\n|-heal|p2b: Iron Hands|100\/100 psn|[from] drain|[of] p1a: Glimmora\n|-activate|p1a: Glimmora|ability: Toxic Debris\n|-sidestart|p2: thrillcorner|move: Toxic Spikes\n|\n|-damage|p2a: Azumarill|80\/100 psn|[from] psn\n|-damage|p2b: Iron Hands|88\/100 psn|[from] psn\n|upkeep\n|turn|3\n|inactive|cosplayLover has 30 seconds left.\n|inactive|cosplayLover has 20 seconds left.\n|\n|t:|1683939091\n|switch|p2a: Amoonguss|Amoonguss, L50, F|100\/100\n|-sideend|p2: thrillcorner|move: Toxic Spikes|[of] p2a: Amoonguss\n|move|p1a: Glimmora|Earth Power|p2b: Iron Hands\n|-supereffective|p2b: Iron Hands\n|-damage|p2b: Iron Hands|62\/100 psn\n|move|p1b: Dragonite|Dragon Dance|p1b: Dragonite\n|-boost|p1b: Dragonite|atk|1\n|-boost|p1b: Dragonite|spe|1\n|move|p2b: Iron Hands|Drain Punch|p1a: Glimmora\n|-damage|p1a: Glimmora|22\/100\n|-heal|p2b: Iron Hands|77\/100 psn|[from] drain|[of] p1a: Glimmora\n|-activate|p1a: Glimmora|ability: Toxic Debris\n|-sidestart|p2: thrillcorner|move: Toxic Spikes\n|\n|-damage|p2b: Iron Hands|65\/100 psn|[from] psn\n|upkeep\n|turn|4\n|inactive|thrillcorner has 30 seconds left.\n|\n|t:|1683939122\n|-end|p2b: Iron Hands|Quark Drive|[silent]\n|switch|p2b: Arcanine|Arcanine, L50, M|100\/100\n|-status|p2b: Arcanine|psn\n|-ability|p2b: Arcanine|Intimidate|boost\n|-unboost|p1a: Glimmora|atk|1\n|-unboost|p1b: Dragonite|atk|1\n|-terastallize|p1b: Dragonite|Flying\n|move|p1b: Dragonite|Tera Blast|p2b: Arcanine\n|-damage|p2b: Arcanine|42\/100 psn\n|move|p1a: Glimmora|Earth Power|p2b: Arcanine\n|-supereffective|p2b: Arcanine\n|-damage|p2b: Arcanine|0 fnt\n|faint|p2b: Arcanine\n|move|p2a: Amoonguss|Clear Smog|p1b: Dragonite\n|-damage|p1b: Dragonite|93\/100\n|-clearboost|p1b: Dragonite\n|\n|upkeep\n|\n|t:|1683939138\n|switch|p2b: Iron Hands|Iron Hands, L50|65\/100 psn\n|turn|5\n|\n|t:|1683939147\n|move|p1a: Glimmora|Earth Power|p2b: Iron Hands\n|-supereffective|p2b: Iron Hands\n|-damage|p2b: Iron Hands|35\/100 psn\n|move|p1b: Dragonite|Tera Blast|p2a: Amoonguss\n|-supereffective|p2a: Amoonguss\n|-damage|p2a: Amoonguss|6\/100\n|-enditem|p2a: Amoonguss|Sitrus Berry|[eat]\n|-heal|p2a: Amoonguss|31\/100|[from] item: Sitrus Berry\n|move|p2b: Iron Hands|Wild Charge|p1b: Dragonite\n|-supereffective|p1b: Dragonite\n|-damage|p1b: Dragonite|3\/100\n|-damage|p2b: Iron Hands|18\/100 psn|[from] Recoil\n|move|p2a: Amoonguss|Pollen Puff|p2b: Iron Hands\n|-heal|p2b: Iron Hands|67\/100 psn\n|\n|-damage|p2b: Iron Hands|55\/100 psn|[from] psn\n|upkeep\n|turn|6\n|\n|t:|1683939167\n|switch|p2a: Azumarill|Azumarill, L50, M|80\/100 psn\n|move|p1a: Glimmora|Earth Power|p2b: Iron Hands\n|-supereffective|p2b: Iron Hands\n|-damage|p2b: Iron Hands|28\/100 psn\n|move|p1b: Dragonite|Tera Blast|p2b: Iron Hands\n|-damage|p2b: Iron Hands|0 fnt\n|faint|p2b: Iron Hands\n|-end|p2b: Iron Hands|Quark Drive|[silent]\n|\n|-damage|p2a: Azumarill|68\/100 psn|[from] psn\n|upkeep\n|\n|t:|1683939176\n|switch|p2b: Amoonguss|Amoonguss, L50, F|64\/100\n|-sideend|p2: thrillcorner|move: Toxic Spikes|[of] p2b: Amoonguss\n|turn|7\n|\n|t:|1683939187\n|move|p2a: Azumarill|Aqua Jet|p1b: Dragonite\n|-damage|p1b: Dragonite|0 fnt\n|faint|p1b: Dragonite\n|-damage|p2a: Azumarill|58\/100 psn|[from] item: Life Orb\n|move|p1a: Glimmora|Power Gem|p2a: Azumarill\n|-damage|p2a: Azumarill|21\/100 psn\n|move|p2b: Amoonguss|Spore|p1a: Glimmora\n|-status|p1a: Glimmora|slp|[from] move: Spore\n|\n|-damage|p2a: Azumarill|9\/100 psn|[from] psn\n|upkeep\n|\n|t:|1683939200\n|switch|p1b: Flutter Mane|Flutter Mane, L50|100\/100\n|-enditem|p1b: Flutter Mane|Booster Energy\n|-activate|p1b: Flutter Mane|ability: Protosynthesis|[fromitem]\n|-start|p1b: Flutter Mane|protosynthesisspe\n|turn|8\n|\n|t:|1683939223\n|-terastallize|p2a: Azumarill|Water\n|move|p2a: Azumarill|Aqua Jet|p1b: Flutter Mane\n|-damage|p1b: Flutter Mane|15\/100\n|-damage|p2a: Azumarill|0 fnt|[from] item: Life Orb\n|faint|p2a: Azumarill\n|move|p1b: Flutter Mane|Dazzling Gleam|p2b: Amoonguss\n|-resisted|p2b: Amoonguss\n|-damage|p2b: Amoonguss|46\/100\n|cant|p1a: Glimmora|slp\n|move|p2b: Amoonguss|Pollen Puff|p2: Azumarill|[notarget]\n|-fail|p2b: Amoonguss\n|\n|upkeep\n|turn|9\n|c|\u2606thrillcorner|gg\n|c|\u2606cosplayLover|gg\n|-message|thrillcorner forfeited.\n|\n|win|cosplayLover\n|raw|cosplayLover's rating: 1439 → 1454<\/strong> (+15 for winning)\n|raw|thrillcorner's rating: 1341 → 1326<\/strong> (-15 for losing)\n","uploadtime":1683939241,"views":58,"p1id":"cosplaylover","p2id":"thrillcorner","formatid":"gen9vgc2023regulationc","rating":1326,"private":0,"password":""}