{"id":"gen9vgc2023regulationc-1854301026","p1":"mattnot3","p2":"Mr2Devious","format":"[Gen 9] VGC 2023 Regulation C","log":"|j|\u2606mattnot3\n|j|\u2606Mr2Devious\n|t:|1682794397\n|gametype|doubles\n|player|p1|mattnot3|pokemonbreeder-gen4|1429\n|player|p2|Mr2Devious|2|1357\n|teamsize|p1|6\n|teamsize|p2|6\n|gen|9\n|tier|[Gen 9] VGC 2023 Regulation C\n|rated|\n|rule|Species Clause: Limit one of each Pok\u00e9mon\n|rule|Item Clause: Limit one of each item\n|clearpoke\n|poke|p1|Chi-Yu, L50|\n|poke|p1|Flutter Mane, L50|\n|poke|p1|Scizor, L50, F|\n|poke|p1|Wo-Chien, L50|\n|poke|p1|Gyarados, L50, M|\n|poke|p1|Glimmora, L50, F|\n|poke|p2|Dondozo, L50, M|\n|poke|p2|Tatsugiri, L50, M|\n|poke|p2|Pelipper, L50, M|\n|poke|p2|Drednaw, L50, M|\n|poke|p2|Flutter Mane, L50|\n|poke|p2|Chi-Yu, L50|\n|teampreview|4\n|c|\u2606mattnot3|gl hf\n|c|\u2606Mr2Devious|you too\n|\n|t:|1682794455\n|start\n|switch|p1a: Scizor|Scizor, L50, F|100\/100\n|switch|p1b: Gyarados|Gyarados, L50, M|100\/100\n|switch|p2a: Namor|Pelipper, L50, M|100\/100\n|switch|p2b: The Punisher|Drednaw, L50, M|100\/100\n|-ability|p1b: Gyarados|Intimidate|boost\n|-unboost|p2a: Namor|atk|1\n|-unboost|p2b: The Punisher|atk|1\n|-weather|RainDance|[from] ability: Drizzle|[of] p2a: Namor\n|turn|1\n|\n|t:|1682794502\n|-terastallize|p1a: Scizor|Water\n|move|p2b: The Punisher|Waterfall|p1a: Scizor\n|-resisted|p1a: Scizor\n|-damage|p1a: Scizor|68\/100\n|move|p1b: Gyarados|Thunder Wave|p2a: Namor\n|-status|p2a: Namor|par\n|move|p1a: Scizor|Tailwind|p1a: Scizor\n|-sidestart|p1: mattnot3|move: Tailwind\n|move|p2a: Namor|Tailwind|p2a: Namor\n|-sidestart|p2: Mr2Devious|move: Tailwind\n|\n|-weather|RainDance|[upkeep]\n|upkeep\n|turn|2\n|\n|t:|1682794523\n|move|p1a: Scizor|Protect|p1a: Scizor\n|-singleturn|p1a: Scizor|Protect\n|move|p2b: The Punisher|Waterfall|p1a: Scizor\n|-activate|p1a: Scizor|move: Protect\n|move|p1b: Gyarados|Waterfall|p2b: The Punisher\n|-damage|p2b: The Punisher|38\/100\n|move|p2a: Namor|Hurricane|p1a: Scizor\n|-activate|p1a: Scizor|move: Protect\n|\n|-weather|RainDance|[upkeep]\n|upkeep\n|turn|3\n|\n|t:|1682794554\n|switch|p2b: Venom|Tatsugiri, L50, M, shiny|100\/100\n|switch|p2a: Swamp Thing|Dondozo, L50, M|100\/100\n|-activate|p2b: Venom|ability: Commander|[of] p2a: Swamp Thing\n|-boost|p2a: Swamp Thing|atk|2\n|-boost|p2a: Swamp Thing|spa|2\n|-boost|p2a: Swamp Thing|spe|2\n|-boost|p2a: Swamp Thing|def|2\n|-boost|p2a: Swamp Thing|spd|2\n|move|p1a: Scizor|Bullet Punch|p2b: Venom|[miss]\n|-miss|p1a: Scizor|p2b: Venom\n|move|p1b: Gyarados|Whirlpool|p2a: Swamp Thing\n|-resisted|p2a: Swamp Thing\n|-damage|p2a: Swamp Thing|97\/100\n|-activate|p2a: Swamp Thing|move: Whirlpool|[of] p1b: Gyarados\n|\n|-weather|RainDance|[upkeep]\n|-damage|p2a: Swamp Thing|85\/100|[from] move: Whirlpool|[partiallytrapped]\n|upkeep\n|turn|4\n|\n|t:|1682794576\n|switch|p1a: Wo-Chien|Wo-Chien, L50|100\/100\n|-ability|p1a: Wo-Chien|Tablets of Ruin\n|-terastallize|p2a: Swamp Thing|Water\n|move|p2a: Swamp Thing|Surf|p1a: Wo-Chien|[spread] p1a,p1b\n|-miss|p2a: Swamp Thing|p2b: Venom\n|-resisted|p1a: Wo-Chien\n|-resisted|p1b: Gyarados\n|-damage|p1a: Wo-Chien|70\/100\n|-damage|p1b: Gyarados|62\/100\n|move|p1b: Gyarados|Thunder Wave|p2a: Swamp Thing\n|-status|p2a: Swamp Thing|par\n|\n|-weather|RainDance|[upkeep]\n|-heal|p1a: Wo-Chien|76\/100|[from] item: Leftovers\n|-damage|p2a: Swamp Thing|73\/100 par|[from] move: Whirlpool|[partiallytrapped]\n|-sideend|p1: mattnot3|move: Tailwind\n|-sideend|p2: Mr2Devious|move: Tailwind\n|upkeep\n|turn|5\n|\n|t:|1682794596\n|move|p1b: Gyarados|Taunt|p2a: Swamp Thing\n|-start|p2a: Swamp Thing|move: Taunt\n|cant|p2a: Swamp Thing|par\n|move|p1a: Wo-Chien|Leech Seed|p2a: Swamp Thing\n|-start|p2a: Swamp Thing|move: Leech Seed\n|\n|-weather|RainDance|[upkeep]\n|-heal|p1a: Wo-Chien|82\/100|[from] item: Leftovers\n|-damage|p2a: Swamp Thing|60\/100 par|[from] Leech Seed|[of] p1a: Wo-Chien\n|-heal|p1a: Wo-Chien|97\/100|[silent]\n|-damage|p2a: Swamp Thing|48\/100 par|[from] move: Whirlpool|[partiallytrapped]\n|upkeep\n|turn|6\n|\n|t:|1682794609\n|move|p1b: Gyarados|Waterfall|p2a: Swamp Thing\n|-resisted|p2a: Swamp Thing\n|-damage|p2a: Swamp Thing|39\/100 par\n|cant|p2a: Swamp Thing|par\n|move|p1a: Wo-Chien|Substitute|p1a: Wo-Chien\n|-start|p1a: Wo-Chien|Substitute\n|-damage|p1a: Wo-Chien|72\/100\n|\n|-weather|RainDance|[upkeep]\n|-heal|p1a: Wo-Chien|78\/100|[from] item: Leftovers\n|-damage|p2a: Swamp Thing|27\/100 par|[from] Leech Seed|[of] p1a: Wo-Chien\n|-heal|p1a: Wo-Chien|93\/100|[silent]\n|-damage|p2a: Swamp Thing|15\/100 par|[from] move: Whirlpool|[partiallytrapped]\n|upkeep\n|turn|7\n|\n|t:|1682794620\n|move|p1b: Gyarados|Waterfall|p2a: Swamp Thing\n|-resisted|p2a: Swamp Thing\n|-damage|p2a: Swamp Thing|7\/100 par\n|move|p2a: Swamp Thing|Wave Crash|p1b: Gyarados\n|-resisted|p1b: Gyarados\n|-damage|p1b: Gyarados|0 fnt\n|faint|p1b: Gyarados\n|-damage|p2a: Swamp Thing|0 fnt|[from] Recoil\n|faint|p2a: Swamp Thing\n|move|p1a: Wo-Chien|Pollen Puff|p1: Gyarados|[notarget]\n|-fail|p1a: Wo-Chien\n|\n|-weather|RainDance|[upkeep]\n|-heal|p1a: Wo-Chien|99\/100|[from] item: Leftovers\n|upkeep\n|\n|t:|1682794638\n|switch|p1b: Flutter Mane|Flutter Mane, L50|100\/100\n|switch|p2a: Namor|Pelipper, L50, M|100\/100 par\n|-enditem|p1b: Flutter Mane|Booster Energy\n|-activate|p1b: Flutter Mane|ability: Protosynthesis|[fromitem]\n|-start|p1b: Flutter Mane|protosynthesisspa\n|turn|8\n|\n|t:|1682794653\n|move|p2b: Venom|Icy Wind|p1b: Flutter Mane|[spread] p1a,p1b\n|-supereffective|p1a: Wo-Chien\n|-activate|p1a: Wo-Chien|move: Substitute|[damage]\n|-damage|p1b: Flutter Mane|85\/100\n|-unboost|p1b: Flutter Mane|spe|1\n|move|p1b: Flutter Mane|Moonblast|p2b: Venom\n|-supereffective|p2b: Venom\n|-damage|p2b: Venom|0 fnt\n|faint|p2b: Venom\n|move|p1a: Wo-Chien|Leech Seed|p2a: Namor\n|-start|p2a: Namor|move: Leech Seed\n|move|p2a: Namor|Hurricane|p1a: Wo-Chien\n|-supereffective|p1a: Wo-Chien\n|-end|p1a: Wo-Chien|Substitute\n|\n|-weather|none\n|-heal|p1a: Wo-Chien|100\/100|[from] item: Leftovers\n|-damage|p2a: Namor|89\/100 par|[from] Leech Seed|[of] p1a: Wo-Chien\n|upkeep\n|\n|t:|1682794666\n|switch|p2b: The Punisher|Drednaw, L50, M|38\/100\n|turn|9\n|\n|t:|1682794681\n|move|p2b: The Punisher|Waterfall|p1b: Flutter Mane\n|-damage|p1b: Flutter Mane|5\/100\n|move|p1b: Flutter Mane|Moonblast|p2b: The Punisher\n|-damage|p2b: The Punisher|0 fnt\n|faint|p2b: The Punisher\n|move|p1a: Wo-Chien|Leech Seed||[still]\n|-fail|p1a: Wo-Chien\n|move|p2a: Namor|Hurricane|p1a: Wo-Chien\n|-supereffective|p1a: Wo-Chien\n|-damage|p1a: Wo-Chien|44\/100\n|-start|p1a: Wo-Chien|confusion\n|\n|-heal|p1a: Wo-Chien|50\/100|[from] item: Leftovers\n|-damage|p2a: Namor|77\/100 par|[from] Leech Seed|[of] p1a: Wo-Chien\n|-heal|p1a: Wo-Chien|61\/100|[silent]\n|upkeep\n|turn|10\n|\n|t:|1682794694\n|switch|p1a: Scizor|Scizor, L50, F, tera:Water|68\/100\n|move|p1b: Flutter Mane|Moonblast|p2a: Namor\n|-damage|p2a: Namor|0 fnt\n|faint|p2a: Namor\n|\n|win|mattnot3\n|raw|mattnot3's rating: 1429 → 1445<\/strong> (+16 for winning)\n|raw|Mr2Devious's rating: 1357 → 1341<\/strong> (-16 for losing)\n|c|\u2606mattnot3|gg\n","uploadtime":1682794704,"views":19,"p1id":"mattnot3","p2id":"mr2devious","formatid":"gen9vgc2023regulationc","rating":1341,"private":0,"password":""}