{"id":"gen9vgc2023regulationc-1863357079","p1":"big sugma","p2":"9winsformepls","format":"[Gen 9] VGC 2023 Regulation C","log":"|j|\u2606big sugma\n|j|\u26069winsformepls\n|t:|1684006664\n|gametype|doubles\n|player|p1|big sugma|101|1094\n|player|p2|9winsformepls|bruno-gen1|1000\n|teamsize|p1|6\n|teamsize|p2|6\n|gen|9\n|tier|[Gen 9] VGC 2023 Regulation C\n|rated|\n|rule|Species Clause: Limit one of each Pok\u00e9mon\n|rule|Item Clause: Limit one of each item\n|clearpoke\n|poke|p1|Dragapult, L50, F|\n|poke|p1|Palafin, L50, F|\n|poke|p1|Pelipper, L50, F|\n|poke|p1|Drednaw, L50, F|\n|poke|p1|Toxicroak, L50, F|\n|poke|p1|Sableye, L50, F|\n|poke|p2|Flutter Mane, L50|\n|poke|p2|Annihilape, L50, F|\n|poke|p2|Ceruledge, L50, M|\n|poke|p2|Chi-Yu, L50|\n|poke|p2|Chien-Pao, L50|\n|poke|p2|Arcanine, L50, F|\n|teampreview|4\n|\n|t:|1684006683\n|start\n|switch|p1a: Dragapult|Dragapult, L50, F|100\/100\n|switch|p1b: Palafin|Palafin, L50, F|100\/100\n|switch|p2a: Annihilape|Annihilape, L50, F|100\/100\n|switch|p2b: Ceruledge|Ceruledge, L50, M|100\/100\n|turn|1\n|\n|t:|1684006740\n|detailschange|p1b: Palafin|Palafin-Hero, L50, F\n|switch|p1b: Pelipper|Pelipper, L50, F|100\/100\n|-weather|RainDance|[from] ability: Drizzle|[of] p1b: Pelipper\n|-terastallize|p2a: Annihilape|Electric\n|move|p2b: Ceruledge|Endure|p2b: Ceruledge\n|-singleturn|p2b: Ceruledge|move: Endure\n|move|p2a: Annihilape|Rage Fist|p1a: Dragapult\n|-supereffective|p1a: Dragapult\n|-damage|p1a: Dragapult|42\/100\n|move|p1a: Dragapult|Phantom Force||[still]\n|-prepare|p1a: Dragapult|Phantom Force\n|-enditem|p1a: Dragapult|Power Herb\n|-anim|p1a: Dragapult|Phantom Force|p2b: Ceruledge\n|-supereffective|p2b: Ceruledge\n|-activate|p2b: Ceruledge|move: Endure\n|-damage|p2b: Ceruledge|1\/100\n|-enditem|p2b: Ceruledge|Weakness Policy\n|-boost|p2b: Ceruledge|atk|2|[from] item: Weakness Policy\n|-boost|p2b: Ceruledge|spa|2|[from] item: Weakness Policy\n|\n|-weather|RainDance|[upkeep]\n|upkeep\n|turn|2\n|\n|t:|1684006765\n|move|p1a: Dragapult|Protect|p1a: Dragapult\n|-singleturn|p1a: Dragapult|Protect\n|move|p2b: Ceruledge|Shadow Sneak|p1b: Pelipper\n|-damage|p1b: Pelipper|66\/100\n|move|p2a: Annihilape|Rage Fist|p1a: Dragapult\n|-activate|p1a: Dragapult|move: Protect\n|move|p1b: Pelipper|U-turn|p2b: Ceruledge\n|-resisted|p2b: Ceruledge\n|-damage|p2b: Ceruledge|0 fnt\n|faint|p2b: Ceruledge\n|j| Draxolotl\n|l| Draxolotl\n|\n|t:|1684006783\n|switch|p1b: Toxicroak|Toxicroak, L50, F|100\/100|[from] U-turn\n|\n|-weather|RainDance|[upkeep]\n|upkeep\n|\n|t:|1684006787\n|switch|p2b: Chien-Pao|Chien-Pao, L50|100\/100\n|-ability|p2b: Chien-Pao|Sword of Ruin\n|turn|3\n|\n|t:|1684006801\n|switch|p2a: Flutter Mane|Flutter Mane, L50|100\/100\n|-enditem|p2a: Flutter Mane|Booster Energy\n|-activate|p2a: Flutter Mane|ability: Protosynthesis|[fromitem]\n|-start|p2a: Flutter Mane|protosynthesisspa\n|move|p2b: Chien-Pao|Protect|p2b: Chien-Pao\n|-singleturn|p2b: Chien-Pao|Protect\n|move|p1b: Toxicroak|Bullet Punch|p2b: Chien-Pao\n|-activate|p2b: Chien-Pao|move: Protect\n|move|p1a: Dragapult|Thunder Wave|p2b: Chien-Pao\n|-activate|p2b: Chien-Pao|move: Protect\n|\n|-weather|RainDance|[upkeep]\n|upkeep\n|turn|4\n|\n|t:|1684006826\n|move|p2a: Flutter Mane|Protect|p2a: Flutter Mane\n|-singleturn|p2a: Flutter Mane|Protect\n|move|p2b: Chien-Pao|Sucker Punch|p1b: Toxicroak\n|-resisted|p1b: Toxicroak\n|-damage|p1b: Toxicroak|61\/100\n|move|p1b: Toxicroak|Bullet Punch|p2b: Chien-Pao\n|-supereffective|p2b: Chien-Pao\n|-damage|p2b: Chien-Pao|66\/100\n|move|p1a: Dragapult|Phantom Force||[still]\n|-prepare|p1a: Dragapult|Phantom Force\n|\n|-weather|RainDance|[upkeep]\n|-heal|p1b: Toxicroak|73\/100|[from] ability: Dry Skin\n|-heal|p1b: Toxicroak|78\/100|[from] item: Black Sludge\n|upkeep\n|turn|5\n|\n|t:|1684006841\n|move|p1b: Toxicroak|Protect|p1b: Toxicroak\n|-singleturn|p1b: Toxicroak|Protect\n|move|p2b: Chien-Pao|Sucker Punch|p1a: Dragapult|[miss]\n|-miss|p2b: Chien-Pao|p1a: Dragapult\n|move|p1a: Dragapult|Phantom Force|p2a: Flutter Mane|[from]lockedmove\n|-supereffective|p2a: Flutter Mane\n|-damage|p2a: Flutter Mane|0 fnt\n|faint|p2a: Flutter Mane\n|-end|p2a: Flutter Mane|Protosynthesis|[silent]\n|\n|-weather|RainDance|[upkeep]\n|-heal|p1b: Toxicroak|90\/100|[from] ability: Dry Skin\n|-heal|p1b: Toxicroak|96\/100|[from] item: Black Sludge\n|upkeep\n|\n|t:|1684006856\n|switch|p2a: Annihilape|Annihilape, L50, F, tera:Electric|100\/100\n|turn|6\n|\n|t:|1684006878\n|move|p1a: Dragapult|Protect|p1a: Dragapult\n|-singleturn|p1a: Dragapult|Protect\n|move|p2b: Chien-Pao|Sucker Punch||[still]\n|-fail|p2b: Chien-Pao\n|move|p2a: Annihilape|Final Gambit|p1b: Toxicroak\n|-damage|p1b: Toxicroak|0 fnt\n|faint|p2a: Annihilape\n|faint|p1b: Toxicroak\n|\n|-weather|RainDance|[upkeep]\n|upkeep\n|\n|t:|1684006887\n|switch|p1b: Palafin|Palafin-Hero, L50, F|100\/100\n|-activate|p1b: Palafin|ability: Zero to Hero\n|turn|7\n|-message|9winsformepls forfeited.\n|\n|win|big sugma\n|raw|big sugma's rating: 1094 → 1113<\/strong> (+19 for winning)\n|raw|9winsformepls's rating: 1000 → 1000<\/strong> (+0 for losing)\n|l|\u26069winsformepls\n","uploadtime":1684006727,"views":3,"p1id":"bigsugma","p2id":"9winsformepls","formatid":"gen9vgc2023regulationc","rating":1000,"private":0,"password":""}