{"id":"gen9vgc2023regulationc-1851028950","p1":"Hakke112","p2":"Nanachi666","format":"[Gen 9] VGC 2023 Regulation C","log":"|j|\u2606Hakke112\n|j|\u2606Nanachi666\n|t:|1682396418\n|gametype|doubles\n|player|p1|Hakke112|266|1131\n|player|p2|Nanachi666|265|1067\n|teamsize|p1|6\n|teamsize|p2|6\n|gen|9\n|tier|[Gen 9] VGC 2023 Regulation C\n|rated|\n|rule|Species Clause: Limit one of each Pok\u00e9mon\n|rule|Item Clause: Limit one of each item\n|clearpoke\n|poke|p1|Swalot, L50, M|\n|poke|p1|Oranguru, L50, M|\n|poke|p1|Iron Hands, L50|\n|poke|p1|Flutter Mane, L50|\n|poke|p1|Amoonguss, L50, F|\n|poke|p1|Torkoal, L50, F|\n|poke|p2|Tinkaton, L50, F|\n|poke|p2|Brute Bonnet, L50|\n|poke|p2|Iron Thorns, L50|\n|poke|p2|Froslass, L50, F|\n|poke|p2|Tauros-Paldea-Aqua, L50, M|\n|poke|p2|Gholdengo, L50|\n|teampreview|4\n|\n|t:|1682396449\n|start\n|switch|p1a: Flutter Mane|Flutter Mane, L50|100\/100\n|switch|p1b: Torkoal|Torkoal, L50, F|100\/100\n|switch|p2a: Reptar|Iron Thorns, L50|100\/100\n|switch|p2b: Tinkaton|Tinkaton, L50, F|100\/100\n|-ability|p2b: Tinkaton|Mold Breaker\n|-weather|SunnyDay|[from] ability: Drought|[of] p1b: Torkoal\n|-activate|p1a: Flutter Mane|ability: Protosynthesis\n|-start|p1a: Flutter Mane|protosynthesisspe\n|turn|1\n|\n|t:|1682396473\n|switch|p1b: Oranguru|Oranguru, L50, M|100\/100\n|move|p2b: Tinkaton|Fake Out|p1b: Oranguru\n|-damage|p1b: Oranguru|89\/100\n|move|p1a: Flutter Mane|Moonblast|p2a: Reptar\n|-damage|p2a: Reptar|27\/100\n|-unboost|p2a: Reptar|spa|1\n|move|p2a: Reptar|Rock Blast|p1a: Flutter Mane\n|-damage|p1a: Flutter Mane|68\/100\n|-damage|p1a: Flutter Mane|35\/100\n|-damage|p1a: Flutter Mane|5\/100\n|-damage|p1a: Flutter Mane|0 fnt\n|faint|p1a: Flutter Mane\n|-end|p1a: Flutter Mane|Protosynthesis|[silent]\n|-hitcount|p1: Flutter Mane|4\n|\n|-weather|SunnyDay|[upkeep]\n|-heal|p1b: Oranguru|95\/100|[from] item: Leftovers\n|upkeep\n|\n|t:|1682396492\n|switch|p1a: Swalot|Swalot, L50, M|100\/100\n|turn|2\n|\n|t:|1682396508\n|move|p2a: Reptar|Protect|p2a: Reptar\n|-singleturn|p2a: Reptar|Protect\n|move|p2b: Tinkaton|Thunder Wave|p1a: Swalot\n|-status|p1a: Swalot|par\n|move|p1a: Swalot|Stockpile|p1a: Swalot\n|-start|p1a: Swalot|stockpile1\n|-boost|p1a: Swalot|def|1\n|-boost|p1a: Swalot|spd|1\n|move|p1b: Oranguru|Trick Room|p1b: Oranguru\n|-fieldstart|move: Trick Room|[of] p1b: Oranguru\n|\n|-weather|SunnyDay|[upkeep]\n|-heal|p1b: Oranguru|100\/100|[from] item: Leftovers\n|upkeep\n|turn|3\n|\n|t:|1682396540\n|switch|p1b: Torkoal|Torkoal, L50, F|100\/100\n|move|p2b: Tinkaton|Helping Hand|p2a: Reptar\n|-singleturn|p2a: Reptar|Helping Hand|[of] p2b: Tinkaton\n|move|p1a: Swalot|Body Press|p2a: Reptar\n|-supereffective|p2a: Reptar\n|-damage|p2a: Reptar|0 fnt\n|faint|p2a: Reptar\n|-end|p2a: Reptar|Quark Drive|[silent]\n|\n|-weather|SunnyDay|[upkeep]\n|upkeep\n|\n|t:|1682396553\n|switch|p2a: Runs with River|Tauros-Paldea-Aqua, L50, M|100\/100\n|-ability|p2a: Runs with River|Intimidate|boost\n|-unboost|p1a: Swalot|atk|1\n|-unboost|p1b: Torkoal|atk|1\n|turn|4\n|\n|t:|1682396576\n|-terastallize|p1b: Torkoal|Fire\n|move|p1a: Swalot|Stockpile|p1a: Swalot\n|-start|p1a: Swalot|stockpile2\n|-boost|p1a: Swalot|def|1\n|-boost|p1a: Swalot|spd|1\n|-enditem|p2a: Runs with River|Mirror Herb\n|-boost|p2a: Runs with River|def|1|[from] item: Mirror Herb\n|-boost|p2a: Runs with River|spd|1|[from] item: Mirror Herb\n|move|p1b: Torkoal|Eruption|p2b: Tinkaton|[spread] p2a,p2b\n|-resisted|p2a: Runs with River\n|-supereffective|p2b: Tinkaton\n|-damage|p2a: Runs with River|35\/100\n|-damage|p2b: Tinkaton|0 fnt\n|faint|p2b: Tinkaton\n|move|p2a: Runs with River|Wave Crash|p1b: Torkoal\n|-supereffective|p1b: Torkoal\n|-damage|p1b: Torkoal|52\/100\n|-damage|p2a: Runs with River|16\/100|[from] Recoil\n|\n|-weather|SunnyDay|[upkeep]\n|upkeep\n|\n|t:|1682396592\n|switch|p2b: Not A PhaseMom!|Brute Bonnet, L50|100\/100\n|-activate|p2b: Not A PhaseMom!|ability: Protosynthesis\n|-start|p2b: Not A PhaseMom!|protosynthesisspd\n|turn|5\n|\n|t:|1682396610\n|move|p2b: Not A PhaseMom!|Sucker Punch|p1b: Torkoal\n|-crit|p1b: Torkoal\n|-damage|p1b: Torkoal|19\/100\n|move|p2a: Runs with River|Aqua Jet|p1b: Torkoal\n|-supereffective|p1b: Torkoal\n|-damage|p1b: Torkoal|4\/100\n|move|p1a: Swalot|Body Press|p2a: Runs with River\n|-damage|p2a: Runs with River|0 fnt\n|faint|p2a: Runs with River\n|move|p1b: Torkoal|Flamethrower|p2b: Not A PhaseMom!\n|-supereffective|p2b: Not A PhaseMom!\n|-damage|p2b: Not A PhaseMom!|12\/100\n|\n|-weather|none\n|-end|p2b: Not A PhaseMom!|Protosynthesis\n|upkeep\n|turn|6\n|\n|t:|1682396625\n|move|p2b: Not A PhaseMom!|Sucker Punch|p1b: Torkoal\n|-damage|p1b: Torkoal|0 fnt\n|faint|p1b: Torkoal\n|move|p1a: Swalot|Body Press|p2b: Not A PhaseMom!\n|-supereffective|p2b: Not A PhaseMom!\n|-damage|p2b: Not A PhaseMom!|0 fnt\n|-damage|p1a: Swalot|84\/100 par|[from] item: Rocky Helmet|[of] p2b: Not A PhaseMom!\n|faint|p2b: Not A PhaseMom!\n|-end|p2b: Not A PhaseMom!|Protosynthesis|[silent]\n|\n|win|Hakke112\n|raw|Hakke112's rating: 1131 → 1151<\/strong> (+20 for winning)\n|raw|Nanachi666's rating: 1067 → 1051<\/strong> (-16 for losing)\n|l|\u2606Nanachi666\n","uploadtime":1682396636,"views":10,"p1id":"hakke112","p2id":"nanachi666","formatid":"gen9vgc2023regulationc","rating":1051,"private":0,"password":""}