{"id":"gen9vgc2023regulationc-1850974072","p1":"PiccoloRuiz","p2":"hujuku0","format":"[Gen 9] VGC 2023 Regulation C","log":"|j|\u2606PiccoloRuiz\n|j|\u2606hujuku0\n|t:|1682388901\n|gametype|doubles\n|player|p1|PiccoloRuiz|valerie|1310\n|player|p2|hujuku0|2|1292\n|teamsize|p1|6\n|teamsize|p2|6\n|gen|9\n|tier|[Gen 9] VGC 2023 Regulation C\n|rated|\n|rule|Species Clause: Limit one of each Pok\u00e9mon\n|rule|Item Clause: Limit one of each item\n|clearpoke\n|poke|p1|Flutter Mane, L50|\n|poke|p1|Amoonguss, L50, F|\n|poke|p1|Gyarados, L50, F|\n|poke|p1|Arcanine, L50, F|\n|poke|p1|Ting-Lu, L50|\n|poke|p1|Baxcalibur, L50, F|\n|poke|p2|Tinkaton, L50, F|\n|poke|p2|Iron Bundle, L50|\n|poke|p2|Ceruledge, L50, F|\n|poke|p2|Garganacl, L50, F|\n|poke|p2|Wo-Chien, L50|\n|poke|p2|Volcarona, L50, M|\n|teampreview|4\n|inactive|Battle timer is ON: inactive players will automatically lose when time's up. (requested by hujuku0)\n|inactive|PiccoloRuiz has 60 seconds left.\n|\n|t:|1682388933\n|start\n|switch|p1a: Ting-Lu|Ting-Lu, L50|100\/100\n|switch|p1b: Bianca|Gyarados, L50, F, shiny|100\/100\n|switch|p2a: Iron Bundle|Iron Bundle, L50|100\/100\n|switch|p2b: Tinkaton|Tinkaton, L50, F|100\/100\n|-ability|p2b: Tinkaton|Mold Breaker\n|-ability|p1b: Bianca|Intimidate|boost\n|-unboost|p2a: Iron Bundle|atk|1\n|-unboost|p2b: Tinkaton|atk|1\n|-ability|p1a: Ting-Lu|Vessel of Ruin\n|-enditem|p2a: Iron Bundle|Booster Energy\n|-activate|p2a: Iron Bundle|ability: Quark Drive|[fromitem]\n|-start|p2a: Iron Bundle|quarkdrivespe\n|turn|1\n|inactive|PiccoloRuiz has 30 seconds left.\n|\n|t:|1682388966\n|move|p2b: Tinkaton|Fake Out|p1a: Ting-Lu\n|-damage|p1a: Ting-Lu|96\/100\n|move|p2a: Iron Bundle|Freeze-Dry|p1b: Bianca\n|-supereffective|p1b: Bianca\n|-damage|p1b: Bianca|29\/100\n|-enditem|p1b: Bianca|Sitrus Berry|[eat]\n|-heal|p1b: Bianca|53\/100|[from] item: Sitrus Berry\n|move|p1b: Bianca|Thunder Wave|p2a: Iron Bundle\n|-status|p2a: Iron Bundle|par\n|cant|p1a: Ting-Lu|flinch\n|\n|upkeep\n|turn|2\n|\n|t:|1682388990\n|switch|p2b: Garganacl|Garganacl, L50, F|100\/100\n|move|p2a: Iron Bundle|Freeze-Dry|p1b: Bianca\n|-supereffective|p1b: Bianca\n|-damage|p1b: Bianca|0 fnt\n|faint|p1b: Bianca\n|move|p1a: Ting-Lu|Fissure|p2a: Iron Bundle|[miss]\n|-miss|p1a: Ting-Lu|p2a: Iron Bundle\n|\n|upkeep\n|\n|t:|1682389000\n|switch|p1b: Flutter Mane|Flutter Mane, L50|100\/100\n|-enditem|p1b: Flutter Mane|Booster Energy\n|-activate|p1b: Flutter Mane|ability: Protosynthesis|[fromitem]\n|-start|p1b: Flutter Mane|protosynthesisspa\n|turn|3\n|\n|t:|1682389020\n|-terastallize|p1b: Flutter Mane|Fairy\n|move|p2b: Garganacl|Protect|p2b: Garganacl\n|-singleturn|p2b: Garganacl|Protect\n|move|p1b: Flutter Mane|Moonblast|p2a: Iron Bundle\n|-damage|p2a: Iron Bundle|0 fnt\n|faint|p2a: Iron Bundle\n|-end|p2a: Iron Bundle|Quark Drive|[silent]\n|move|p1a: Ting-Lu|Stomping Tantrum|p2b: Garganacl\n|-activate|p2b: Garganacl|move: Protect\n|\n|upkeep\n|\n|t:|1682389032\n|switch|p2a: Ceruledge|Ceruledge, L50, F|100\/100\n|turn|4\n|\n|t:|1682389057\n|switch|p1a: Raja|Arcanine, L50, F|100\/100\n|-ability|p1a: Raja|Intimidate|boost\n|-fail|p2a: Ceruledge|unboost|[from] item: Clear Amulet|[of] p2a: Ceruledge\n|-unboost|p2b: Garganacl|atk|1\n|-terastallize|p2a: Ceruledge|Grass\n|move|p1b: Flutter Mane|Shadow Ball|p2b: Garganacl\n|-damage|p2b: Garganacl|82\/100\n|move|p2a: Ceruledge|Bulk Up|p2a: Ceruledge\n|-boost|p2a: Ceruledge|atk|1\n|-boost|p2a: Ceruledge|def|1\n|move|p2b: Garganacl|Salt Cure|p1a: Raja\n|-supereffective|p1a: Raja\n|-damage|p1a: Raja|81\/100\n|-start|p1a: Raja|Salt Cure\n|\n|-heal|p2b: Garganacl|87\/100|[from] item: Leftovers\n|-damage|p1a: Raja|69\/100|[from] Salt Cure\n|upkeep\n|turn|5\n|inactive|PiccoloRuiz has 30 seconds left.\n|\n|t:|1682389087\n|-end|p1b: Flutter Mane|Protosynthesis|[silent]\n|switch|p1b: Ting-Lu|Ting-Lu, L50|96\/100\n|-ability|p1b: Ting-Lu|Vessel of Ruin\n|move|p1a: Raja|Will-O-Wisp|p2b: Garganacl\n|-immune|p2b: Garganacl|[from] ability: Purifying Salt\n|move|p2a: Ceruledge|Bulk Up|p2a: Ceruledge\n|-boost|p2a: Ceruledge|atk|1\n|-boost|p2a: Ceruledge|def|1\n|move|p2b: Garganacl|Salt Cure|p1b: Ting-Lu\n|-resisted|p1b: Ting-Lu\n|-damage|p1b: Ting-Lu|94\/100\n|-start|p1b: Ting-Lu|Salt Cure\n|\n|-heal|p2b: Garganacl|93\/100|[from] item: Leftovers\n|-damage|p1a: Raja|57\/100|[from] Salt Cure\n|-damage|p1b: Ting-Lu|82\/100|[from] Salt Cure\n|upkeep\n|turn|6\n|inactive|hujuku0 has 30 seconds left.\n|\n|t:|1682389120\n|switch|p1a: Flutter Mane|Flutter Mane, L50, tera:Fairy|100\/100\n|move|p2a: Ceruledge|Protect|p2a: Ceruledge\n|-singleturn|p2a: Ceruledge|Protect\n|move|p1b: Ting-Lu|Fissure|p2b: Garganacl\n|-damage|p2b: Garganacl|0 fnt\n|faint|p2b: Garganacl\n|-ohko\n|\n|-damage|p1b: Ting-Lu|70\/100|[from] Salt Cure\n|upkeep\n|\n|t:|1682389134\n|switch|p2b: Tinkaton|Tinkaton, L50, F|100\/100\n|-ability|p2b: Tinkaton|Mold Breaker\n|turn|7\n|\n|t:|1682389145\n|switch|p1b: Raja|Arcanine, L50, F|57\/100\n|-ability|p1b: Raja|Intimidate|boost\n|-fail|p2a: Ceruledge|unboost|[from] item: Clear Amulet|[of] p2a: Ceruledge\n|-unboost|p2b: Tinkaton|atk|1\n|move|p1a: Flutter Mane|Protect|p1a: Flutter Mane\n|-singleturn|p1a: Flutter Mane|Protect\n|move|p2b: Tinkaton|Gigaton Hammer|p1a: Flutter Mane\n|-activate|p1a: Flutter Mane|move: Protect\n|move|p2a: Ceruledge|Bitter Blade|p1b: Raja\n|-resisted|p1b: Raja\n|-damage|p1b: Raja|16\/100\n|\n|upkeep\n|turn|8\n|\n|t:|1682389163\n|move|p2a: Ceruledge|Shadow Sneak|p1b: Raja\n|-damage|p1b: Raja|0 fnt\n|faint|p1b: Raja\n|move|p1a: Flutter Mane|Moonblast|p2a: Ceruledge\n|-damage|p2a: Ceruledge|46\/100\n|move|p2b: Tinkaton|Play Rough|p1a: Flutter Mane\n|-damage|p1a: Flutter Mane|61\/100\n|\n|upkeep\n|\n|t:|1682389171\n|switch|p1b: Ting-Lu|Ting-Lu, L50|70\/100\n|-ability|p1b: Ting-Lu|Vessel of Ruin\n|turn|9\n|\n|t:|1682389181\n|move|p1a: Flutter Mane|Protect|p1a: Flutter Mane\n|-singleturn|p1a: Flutter Mane|Protect\n|move|p2b: Tinkaton|Gigaton Hammer|p1a: Flutter Mane\n|-activate|p1a: Flutter Mane|move: Protect\n|move|p2a: Ceruledge|Bitter Blade|p1b: Ting-Lu\n|-damage|p1b: Ting-Lu|23\/100\n|-heal|p2a: Ceruledge|76\/100|[from] drain|[of] p1b: Ting-Lu\n|move|p1b: Ting-Lu|Stomping Tantrum|p2b: Tinkaton\n|-supereffective|p2b: Tinkaton\n|-crit|p2b: Tinkaton\n|-damage|p2b: Tinkaton|0 fnt\n|faint|p2b: Tinkaton\n|\n|upkeep\n|turn|10\n|inactive|PiccoloRuiz has 30 seconds left.\n|inactive|PiccoloRuiz has 20 seconds left.\n|inactive|PiccoloRuiz has 15 seconds left.\n|inactive|PiccoloRuiz has 10 seconds left.\n|inactive|PiccoloRuiz has 5 seconds left.\n|\n|t:|1682389232\n|move|p2a: Ceruledge|Shadow Sneak|p1a: Flutter Mane\n|-damage|p1a: Flutter Mane|2\/100\n|move|p1a: Flutter Mane|Moonblast|p2a: Ceruledge\n|-damage|p2a: Ceruledge|38\/100\n|move|p1b: Ting-Lu|Ruination|p2a: Ceruledge\n|-damage|p2a: Ceruledge|19\/100\n|\n|upkeep\n|turn|11\n|\n|t:|1682389257\n|move|p2a: Ceruledge|Shadow Sneak|p1a: Flutter Mane\n|-damage|p1a: Flutter Mane|0 fnt\n|faint|p1a: Flutter Mane\n|-end|p1a: Flutter Mane|Protosynthesis|[silent]\n|move|p1b: Ting-Lu|Stomping Tantrum|p2a: Ceruledge\n|-resisted|p2a: Ceruledge\n|-damage|p2a: Ceruledge|11\/100\n|\n|upkeep\n|turn|12\n|\n|t:|1682389264\n|move|p2a: Ceruledge|Bitter Blade|p1b: Ting-Lu\n|-crit|p1b: Ting-Lu\n|-damage|p1b: Ting-Lu|0 fnt\n|-heal|p2a: Ceruledge|26\/100|[from] drain|[of] p1b: Ting-Lu\n|faint|p1b: Ting-Lu\n|\n|win|hujuku0\n|raw|PiccoloRuiz's rating: 1310 → 1289<\/strong> (-21 for losing)\n|raw|hujuku0's rating: 1292 → 1318<\/strong> (+26 for winning)\n","uploadtime":1682389272,"views":9,"p1id":"piccoloruiz","p2id":"hujuku0","formatid":"gen9vgc2023regulationc","rating":1289,"private":0,"password":""}