{"id":"gen9vgc2023regulationc-1861476357","p1":"SchneewittchenXJ","p2":"EclipseEHHH","format":"[Gen 9] VGC 2023 Regulation C","log":"|j|\u2606SchneewittchenXJ\n|j|\u2606EclipseEHHH\n|t:|1683762563\n|gametype|doubles\n|player|p1|SchneewittchenXJ|ghetsis-gen5bw|1211\n|player|p2|EclipseEHHH|169|1180\n|teamsize|p1|6\n|teamsize|p2|6\n|gen|9\n|tier|[Gen 9] VGC 2023 Regulation C\n|rated|\n|rule|Species Clause: Limit one of each Pok\u00e9mon\n|rule|Item Clause: Limit one of each item\n|clearpoke\n|poke|p1|Tyranitar, L50, F|\n|poke|p1|Corviknight, L50, M|\n|poke|p1|Ceruledge, L50, M|\n|poke|p1|Arcanine, L50, F|\n|poke|p1|Garchomp, L50, M|\n|poke|p1|Flutter Mane, L50|\n|poke|p2|Amoonguss, L50, M|\n|poke|p2|Annihilape, L50, M|\n|poke|p2|Arcanine, L50, F|\n|poke|p2|Great Tusk, L50|\n|poke|p2|Azumarill, L50, M|\n|poke|p2|Kilowattrel, L50, M|\n|teampreview|4\n|\n|t:|1683762612\n|start\n|switch|p1a: CeruledgeTTr|Ceruledge, L50, M|100\/100\n|switch|p1b: ArcanineDs|Arcanine, L50, F|100\/100\n|switch|p2a: Azumarill|Azumarill, L50, M|100\/100\n|switch|p2b: Annihilape|Annihilape, L50, M, shiny|100\/100\n|-ability|p1b: ArcanineDs|Intimidate|boost\n|-unboost|p2a: Azumarill|atk|1\n|-unboost|p2b: Annihilape|atk|1\n|turn|1\n|inactive|Battle timer is ON: inactive players will automatically lose when time's up. (requested by SchneewittchenXJ)\n|inactive|SchneewittchenXJ has 60 seconds left.\n|\n|t:|1683762653\n|-terastallize|p1a: CeruledgeTTr|Fairy\n|move|p1a: CeruledgeTTr|Shadow Sneak|p2b: Annihilape\n|-supereffective|p2b: Annihilape\n|-damage|p2b: Annihilape|69\/100\n|move|p1b: ArcanineDs|Howl|p1b: ArcanineDs|[spread] p1a,p1b\n|-boost|p1a: CeruledgeTTr|atk|1\n|-boost|p1b: ArcanineDs|atk|1\n|move|p2b: Annihilape|Bulk Up|p2b: Annihilape\n|-boost|p2b: Annihilape|atk|1\n|-boost|p2b: Annihilape|def|1\n|-enditem|p1a: CeruledgeTTr|Mirror Herb\n|-boost|p1a: CeruledgeTTr|atk|1|[from] item: Mirror Herb\n|-boost|p1a: CeruledgeTTr|def|1|[from] item: Mirror Herb\n|move|p2a: Azumarill|Liquidation|p1b: ArcanineDs\n|-supereffective|p1b: ArcanineDs\n|-damage|p1b: ArcanineDs|21\/100\n|-unboost|p1b: ArcanineDs|def|1\n|-enditem|p1b: ArcanineDs|Sitrus Berry|[eat]\n|-heal|p1b: ArcanineDs|46\/100|[from] item: Sitrus Berry\n|\n|-heal|p2b: Annihilape|75\/100|[from] item: Leftovers\n|upkeep\n|turn|2\n|inactive|SchneewittchenXJ has 30 seconds left.\n|inactive|EclipseEHHH has 30 seconds left.\n|inactive|EclipseEHHH has 20 seconds left.\n|inactive|EclipseEHHH has 15 seconds left.\n|inactive|EclipseEHHH has 10 seconds left.\n|\n|t:|1683762701\n|-terastallize|p2b: Annihilape|Fire\n|move|p1a: CeruledgeTTr|Protect|p1a: CeruledgeTTr\n|-singleturn|p1a: CeruledgeTTr|Protect\n|move|p2a: Azumarill|Aqua Jet|p1b: ArcanineDs\n|-supereffective|p1b: ArcanineDs\n|-damage|p1b: ArcanineDs|0 fnt\n|faint|p1b: ArcanineDs\n|move|p2b: Annihilape|Rage Fist|p1a: CeruledgeTTr\n|-activate|p1a: CeruledgeTTr|move: Protect\n|\n|-heal|p2b: Annihilape|81\/100|[from] item: Leftovers\n|upkeep\n|\n|t:|1683762719\n|switch|p1b: TyranitarWet|Tyranitar, L50, F|100\/100\n|-weather|Sandstorm|[from] ability: Sand Stream|[of] p1b: TyranitarWet\n|turn|3\n|inactive|SchneewittchenXJ has 30 seconds left.\n|inactive|EclipseEHHH has 30 seconds left.\n|\n|t:|1683762752\n|move|p1b: TyranitarWet|Protect|p1b: TyranitarWet\n|-singleturn|p1b: TyranitarWet|Protect\n|move|p2b: Annihilape|Drain Punch|p1b: TyranitarWet\n|-activate|p1b: TyranitarWet|move: Protect\n|move|p1a: CeruledgeTTr|Bitter Blade|p2a: Azumarill\n|-resisted|p2a: Azumarill\n|-damage|p2a: Azumarill|56\/100\n|move|p2a: Azumarill|Play Rough|p1b: TyranitarWet\n|-activate|p1b: TyranitarWet|move: Protect\n|\n|-weather|Sandstorm|[upkeep]\n|-damage|p2b: Annihilape|75\/100|[from] Sandstorm\n|-damage|p1a: CeruledgeTTr|94\/100|[from] Sandstorm\n|-damage|p2a: Azumarill|50\/100|[from] Sandstorm\n|-heal|p2b: Annihilape|81\/100|[from] item: Leftovers\n|upkeep\n|turn|4\n|inactive|SchneewittchenXJ has 30 seconds left.\n|\n|t:|1683762786\n|switch|p1b: Flutter ManeSSS+D|Flutter Mane, L50|100\/100\n|move|p2b: Annihilape|Drain Punch|p1b: Flutter ManeSSS+D\n|-immune|p1b: Flutter ManeSSS+D\n|move|p1a: CeruledgeTTr|Bitter Blade|p2a: Azumarill\n|-resisted|p2a: Azumarill\n|-damage|p2a: Azumarill|7\/100\n|-heal|p1a: CeruledgeTTr|100\/100|[from] drain|[of] p2a: Azumarill\n|move|p2a: Azumarill|Liquidation|p1a: CeruledgeTTr\n|-damage|p1a: CeruledgeTTr|75\/100\n|\n|-weather|Sandstorm|[upkeep]\n|-damage|p1b: Flutter ManeSSS+D|94\/100|[from] Sandstorm\n|-damage|p2b: Annihilape|75\/100|[from] Sandstorm\n|-damage|p1a: CeruledgeTTr|68\/100|[from] Sandstorm\n|-damage|p2a: Azumarill|0 fnt|[from] Sandstorm\n|faint|p2a: Azumarill\n|-heal|p2b: Annihilape|81\/100|[from] item: Leftovers\n|upkeep\n|\n|t:|1683762799\n|switch|p2a: Kilowattrel|Kilowattrel, L50, M|100\/100\n|turn|5\n|\n|t:|1683762822\n|-end|p1b: Flutter ManeSSS+D|Protosynthesis|[silent]\n|switch|p1b: TyranitarWet|Tyranitar, L50, F|100\/100\n|move|p2a: Kilowattrel|Tailwind|p2a: Kilowattrel\n|-sidestart|p2: EclipseEHHH|move: Tailwind\n|-start|p2a: Kilowattrel|Charge|Tailwind|[from] ability: Wind Power\n|move|p2b: Annihilape|Rage Fist|p1b: TyranitarWet\n|-resisted|p1b: TyranitarWet\n|-damage|p1b: TyranitarWet|78\/100\n|move|p1a: CeruledgeTTr|Bitter Blade|p2a: Kilowattrel\n|-enditem|p2a: Kilowattrel|Focus Sash\n|-damage|p2a: Kilowattrel|1\/100\n|-heal|p1a: CeruledgeTTr|100\/100|[from] drain|[of] p2a: Kilowattrel\n|\n|-weather|Sandstorm|[upkeep]\n|-damage|p2a: Kilowattrel|0 fnt|[from] Sandstorm\n|-damage|p2b: Annihilape|75\/100|[from] Sandstorm\n|-damage|p1a: CeruledgeTTr|94\/100|[from] Sandstorm\n|faint|p2a: Kilowattrel\n|-heal|p2b: Annihilape|81\/100|[from] item: Leftovers\n|upkeep\n|\n|t:|1683762834\n|switch|p2a: Great Tusk|Great Tusk, L50|100\/100\n|-enditem|p2a: Great Tusk|Booster Energy\n|-activate|p2a: Great Tusk|ability: Protosynthesis|[fromitem]\n|-start|p2a: Great Tusk|protosynthesisatk\n|turn|6\n|inactive|SchneewittchenXJ has 30 seconds left.\n|\n|t:|1683762867\n|move|p1b: TyranitarWet|Protect|p1b: TyranitarWet\n|-singleturn|p1b: TyranitarWet|Protect\n|move|p2a: Great Tusk|Close Combat|p1b: TyranitarWet\n|-activate|p1b: TyranitarWet|move: Protect\n|move|p2b: Annihilape|Rage Fist|p1a: CeruledgeTTr\n|-damage|p1a: CeruledgeTTr|54\/100\n|move|p1a: CeruledgeTTr|Bitter Blade|p2a: Great Tusk\n|-damage|p2a: Great Tusk|48\/100\n|-heal|p1a: CeruledgeTTr|82\/100|[from] drain|[of] p2a: Great Tusk\n|\n|-weather|Sandstorm|[upkeep]\n|-damage|p2b: Annihilape|75\/100|[from] Sandstorm\n|-damage|p1a: CeruledgeTTr|76\/100|[from] Sandstorm\n|-heal|p2b: Annihilape|81\/100|[from] item: Leftovers\n|upkeep\n|turn|7\n|\n|t:|1683762892\n|switch|p1b: Flutter ManeSSS+D|Flutter Mane, L50|94\/100\n|move|p2a: Great Tusk|Close Combat|p1b: Flutter ManeSSS+D\n|-immune|p1b: Flutter ManeSSS+D\n|move|p2b: Annihilape|Bulk Up|p2b: Annihilape\n|-boost|p2b: Annihilape|atk|1\n|-boost|p2b: Annihilape|def|1\n|move|p1a: CeruledgeTTr|Bitter Blade|p2a: Great Tusk\n|-damage|p2a: Great Tusk|0 fnt\n|-heal|p1a: CeruledgeTTr|100\/100|[from] drain|[of] p2a: Great Tusk\n|faint|p2a: Great Tusk\n|-end|p2a: Great Tusk|Protosynthesis|[silent]\n|\n|-weather|none\n|-heal|p2b: Annihilape|87\/100|[from] item: Leftovers\n|upkeep\n|turn|8\n|inactive|SchneewittchenXJ has 30 seconds left.\n|inactive|SchneewittchenXJ has 20 seconds left.\n|inactive|SchneewittchenXJ has 15 seconds left.\n|\n|t:|1683762933\n|-end|p1b: Flutter ManeSSS+D|Protosynthesis|[silent]\n|switch|p1b: TyranitarWet|Tyranitar, L50, F|78\/100\n|-weather|Sandstorm|[from] ability: Sand Stream|[of] p1b: TyranitarWet\n|move|p2b: Annihilape|Rage Fist|p1b: TyranitarWet\n|-resisted|p1b: TyranitarWet\n|-damage|p1b: TyranitarWet|45\/100\n|move|p1a: CeruledgeTTr|Bulk Up|p1a: CeruledgeTTr\n|-boost|p1a: CeruledgeTTr|atk|1\n|-boost|p1a: CeruledgeTTr|def|1\n|\n|-weather|Sandstorm|[upkeep]\n|-damage|p2b: Annihilape|81\/100|[from] Sandstorm\n|-damage|p1a: CeruledgeTTr|94\/100|[from] Sandstorm\n|-heal|p2b: Annihilape|87\/100|[from] item: Leftovers\n|-sideend|p2: EclipseEHHH|move: Tailwind\n|upkeep\n|turn|9\n|inactive|SchneewittchenXJ has 30 seconds left.\n|\n|t:|1683762965\n|move|p2b: Annihilape|Rage Fist|p1a: CeruledgeTTr\n|-damage|p1a: CeruledgeTTr|48\/100\n|move|p1a: CeruledgeTTr|Bitter Blade|p2b: Annihilape\n|-resisted|p2b: Annihilape\n|-damage|p2b: Annihilape|62\/100\n|-heal|p1a: CeruledgeTTr|64\/100|[from] drain|[of] p2b: Annihilape\n|move|p1b: TyranitarWet|Rock Slide|p2b: Annihilape\n|-supereffective|p2b: Annihilape\n|-damage|p2b: Annihilape|20\/100\n|\n|-weather|Sandstorm|[upkeep]\n|-damage|p2b: Annihilape|14\/100|[from] Sandstorm\n|-damage|p1a: CeruledgeTTr|58\/100|[from] Sandstorm\n|-heal|p2b: Annihilape|20\/100|[from] item: Leftovers\n|upkeep\n|turn|10\n|-message|EclipseEHHH forfeited.\n|\n|win|SchneewittchenXJ\n|raw|SchneewittchenXJ's rating: 1211 → 1234<\/strong> (+23 for winning)\n|raw|EclipseEHHH's rating: 1180 → 1157<\/strong> (-23 for losing)\n|l|\u2606EclipseEHHH\n","uploadtime":1683762993,"views":5,"p1id":"schneewittchenxj","p2id":"eclipseehhh","formatid":"gen9vgc2023regulationc","rating":1157,"private":0,"password":""}