{"id":"gen9vgc2023regulationc-1852858376","p1":"a frustration alt","p2":"A0000000","format":"[Gen 9] VGC 2023 Regulation C","log":"|j|\u2606a frustration alt\n|j|\u2606A0000000\n|t:|1682612201\n|gametype|doubles\n|player|p1|a frustration alt|alder|1170\n|player|p2|A0000000|101|1077\n|teamsize|p1|6\n|teamsize|p2|6\n|gen|9\n|tier|[Gen 9] VGC 2023 Regulation C\n|rated|\n|rule|Species Clause: Limit one of each Pok\u00e9mon\n|rule|Item Clause: Limit one of each item\n|clearpoke\n|poke|p1|Torkoal, L50, M|\n|poke|p1|Jumpluff, L50, F|\n|poke|p1|Flutter Mane, L50|\n|poke|p1|Great Tusk, L50|\n|poke|p1|Chien-Pao, L50|\n|poke|p1|Kingambit, L50, F|\n|poke|p2|Baxcalibur, L50, M|\n|poke|p2|Chi-Yu, L50|\n|poke|p2|Slowking, L50, F|\n|poke|p2|Stantler, L50, F|\n|poke|p2|Annihilape, L50, F|\n|poke|p2|Amoonguss, L50, F|\n|teampreview|4\n|inactive|Battle timer is ON: inactive players will automatically lose when time's up. (requested by A0000000)\n|\n|t:|1682612232\n|start\n|switch|p1a: Jumpluff|Jumpluff, L50, F, shiny|100\/100\n|switch|p1b: Torkoal|Torkoal, L50, M|100\/100\n|switch|p2a: Stantler|Stantler, L50, F|100\/100\n|switch|p2b: Annihilape|Annihilape, L50, F|100\/100\n|-ability|p2a: Stantler|Intimidate|boost\n|-unboost|p1a: Jumpluff|atk|1\n|-unboost|p1b: Torkoal|atk|1\n|-enditem|p1b: Torkoal|Eject Pack\n|\n|t:|1682612236\n|switch|p1b: Flutter Mane|Flutter Mane, L50, shiny|100\/100\n|turn|1\n|\n|t:|1682612251\n|-end|p1b: Flutter Mane|Protosynthesis|[silent]\n|switch|p1b: Torkoal|Torkoal, L50, M|100\/100\n|-weather|SunnyDay|[from] ability: Drought|[of] p1b: Torkoal\n|move|p2b: Annihilape|Protect|p2b: Annihilape\n|-singleturn|p2b: Annihilape|Protect\n|move|p1a: Jumpluff|Tailwind|p1a: Jumpluff\n|-sidestart|p1: a frustration alt|move: Tailwind\n|move|p2a: Stantler|Skill Swap|p1a: Jumpluff\n|-activate|p2a: Stantler|move: Skill Swap|Chlorophyll|Intimidate|[of] p1a: Jumpluff\n|-ability|p1a: Jumpluff|Intimidate|boost\n|-unboost|p2a: Stantler|atk|1\n|-unboost|p2b: Annihilape|atk|1\n|-ability|p2b: Annihilape|Defiant|boost\n|-boost|p2b: Annihilape|atk|2\n|-enditem|p2b: Annihilape|Adrenaline Orb\n|-boost|p2b: Annihilape|spe|1|[from] item: Adrenaline Orb\n|\n|-weather|SunnyDay|[upkeep]\n|upkeep\n|turn|2\n|inactive|A0000000 has 30 seconds left.\n|\n|t:|1682612281\n|move|p1a: Jumpluff|Encore|p2b: Annihilape\n|-start|p2b: Annihilape|Encore\n|move|p2b: Annihilape|Protect||[still]\n|-fail|p2b: Annihilape\n|move|p2a: Stantler|Light Screen|p2a: Stantler\n|-sidestart|p2: A0000000|move: Light Screen\n|move|p1b: Torkoal|Yawn|p2b: Annihilape\n|-start|p2b: Annihilape|move: Yawn|[of] p1b: Torkoal\n|\n|-weather|SunnyDay|[upkeep]\n|upkeep\n|turn|3\n|inactive|a frustration alt has 30 seconds left.\n|inactive|A0000000 has 30 seconds left.\n|inactive|A0000000 has 20 seconds left.\n|\n|t:|1682612316\n|switch|p2b: Chi-Yu|Chi-Yu, L50|100\/100\n|-ability|p2b: Chi-Yu|Beads of Ruin\n|switch|p1b: Great Tusk|Great Tusk, L50, shiny|100\/100\n|-activate|p1b: Great Tusk|ability: Protosynthesis\n|-start|p1b: Great Tusk|protosynthesisatk\n|move|p1a: Jumpluff|Encore|p2a: Stantler\n|-start|p2a: Stantler|Encore\n|move|p2a: Stantler|Light Screen||[still]\n|-fail|p2a: Stantler\n|\n|-weather|SunnyDay|[upkeep]\n|upkeep\n|turn|4\n|\n|t:|1682612339\n|switch|p1a: Torkoal|Torkoal, L50, M|100\/100\n|switch|p2a: Annihilape|Annihilape, L50, F|100\/100\n|-terastallize|p1b: Great Tusk|Rock\n|-terastallize|p2b: Chi-Yu|Dark\n|move|p1b: Great Tusk|Rock Slide|p2a: Annihilape|[spread] p2a,p2b\n|-resisted|p2a: Annihilape\n|-damage|p2a: Annihilape|83\/100\n|-damage|p2b: Chi-Yu|37\/100\n|cant|p2b: Chi-Yu|flinch\n|\n|-weather|SunnyDay|[upkeep]\n|-sideend|p1: a frustration alt|move: Tailwind\n|upkeep\n|turn|5\n|inactive|A0000000 has 30 seconds left.\n|\n|t:|1682612366\n|switch|p2b: Stantler|Stantler, L50, F|100\/100\n|-ability|p2b: Stantler|Intimidate|boost\n|-unboost|p1a: Torkoal|atk|1\n|-unboost|p1b: Great Tusk|atk|1\n|move|p1b: Great Tusk|Rock Slide|p2a: Annihilape|[spread] p2a,p2b\n|-resisted|p2a: Annihilape\n|-damage|p2a: Annihilape|72\/100\n|-damage|p2b: Stantler|77\/100\n|cant|p2a: Annihilape|flinch\n|move|p1a: Torkoal|Overheat|p2a: Annihilape\n|-damage|p2a: Annihilape|30\/100\n|-unboost|p1a: Torkoal|spa|2\n|\n|-weather|none\n|-end|p1b: Great Tusk|Protosynthesis\n|upkeep\n|turn|6\n|inactive|A0000000 has 30 seconds left.\n|\n|t:|1682612400\n|move|p1a: Torkoal|Helping Hand|p1b: Great Tusk\n|-singleturn|p1b: Great Tusk|Helping Hand|[of] p1a: Torkoal\n|move|p1b: Great Tusk|Rock Slide|p2b: Stantler|[spread] p2a,p2b\n|-resisted|p2a: Annihilape\n|-damage|p2a: Annihilape|17\/100\n|-damage|p2b: Stantler|50\/100\n|cant|p2a: Annihilape|flinch\n|cant|p2b: Stantler|flinch\n|\n|-sideend|p2: A0000000|move: Light Screen\n|upkeep\n|turn|7\n|\n|t:|1682612416\n|move|p1a: Torkoal|Helping Hand|p1b: Great Tusk\n|-singleturn|p1b: Great Tusk|Helping Hand|[of] p1a: Torkoal\n|move|p1b: Great Tusk|Rock Slide|p2a: Annihilape|[spread] p2b\n|-miss|p1b: Great Tusk|p2a: Annihilape\n|-damage|p2b: Stantler|23\/100\n|move|p2a: Annihilape|Rage Fist|p1b: Great Tusk\n|-damage|p1b: Great Tusk|23\/100\n|cant|p2b: Stantler|flinch\n|\n|upkeep\n|turn|8\n|\n|t:|1682612436\n|move|p1a: Torkoal|Helping Hand|p1b: Great Tusk\n|-singleturn|p1b: Great Tusk|Helping Hand|[of] p1a: Torkoal\n|move|p1b: Great Tusk|Rock Slide|p2b: Stantler|[spread] p2a,p2b\n|-resisted|p2a: Annihilape\n|-damage|p2a: Annihilape|4\/100\n|-damage|p2b: Stantler|0 fnt\n|faint|p2b: Stantler\n|cant|p2a: Annihilape|flinch\n|\n|upkeep\n|\n|t:|1682612447\n|switch|p2b: Amoonguss|Amoonguss, L50, F|100\/100\n|turn|9\n|-message|A0000000 forfeited.\n|\n|win|a frustration alt\n|raw|a frustration alt's rating: 1170 → 1188<\/strong> (+18 for winning)\n|raw|A0000000's rating: 1077 → 1061<\/strong> (-16 for losing)\n|l|\u2606A0000000\n","uploadtime":1682612456,"views":6,"p1id":"afrustrationalt","p2id":"a0000000","formatid":"gen9vgc2023regulationc","rating":1061,"private":0,"password":""}