{"id":"gen9vgc2023regulationc-1848655126","p1":"super psychic","p2":"bigkarpfan8001","format":"[Gen 9] VGC 2023 Regulation C","log":"|j|\u2606super psychic\n|j|\u2606bigkarpfan8001\n|t:|1682098077\n|gametype|doubles\n|player|p1|super psychic|wally|1000\n|player|p2|bigkarpfan8001|170|1086\n|teamsize|p1|6\n|teamsize|p2|6\n|gen|9\n|tier|[Gen 9] VGC 2023 Regulation C\n|rated|\n|rule|Species Clause: Limit one of each Pok\u00e9mon\n|rule|Item Clause: Limit one of each item\n|clearpoke\n|poke|p1|Ting-Lu, L50|\n|poke|p1|Amoonguss, L50, F|\n|poke|p1|Arcanine, L50, M|\n|poke|p1|Palafin, L50, M|\n|poke|p1|Grimmsnarl, L50, M|\n|poke|p1|Tyranitar, L50, F|\n|poke|p2|Arboliva, L50, F|\n|poke|p2|Gyarados, L50, F|\n|poke|p2|Ceruledge, L50, M|\n|poke|p2|Hydreigon, L50, M|\n|poke|p2|Talonflame, L50, M|\n|poke|p2|Arcanine, L50, F|\n|teampreview|4\n|\n|t:|1682098134\n|start\n|switch|p1a: Tyranitar|Tyranitar, L50, F|100\/100\n|switch|p1b: Amogus|Amoonguss, L50, F|100\/100\n|switch|p2a: Ceruledge|Ceruledge, L50, M|100\/100\n|switch|p2b: Talonflame|Talonflame, L50, M|100\/100\n|-weather|Sandstorm|[from] ability: Sand Stream|[of] p1a: Tyranitar\n|turn|1\n|\n|t:|1682098164\n|-terastallize|p2a: Ceruledge|Grass\n|move|p2b: Talonflame|Tailwind|p2b: Talonflame\n|-sidestart|p2: bigkarpfan8001|move: Tailwind\n|move|p2a: Ceruledge|Bulk Up|p2a: Ceruledge\n|-boost|p2a: Ceruledge|atk|1\n|-boost|p2a: Ceruledge|def|1\n|move|p1a: Tyranitar|Rock Slide|p2a: Ceruledge|[spread] p2b\n|-miss|p1a: Tyranitar|p2a: Ceruledge\n|-supereffective|p2b: Talonflame\n|-damage|p2b: Talonflame|0 fnt\n|faint|p2b: Talonflame\n|move|p1b: Amogus|Spore|p2a: Ceruledge\n|-immune|p2a: Ceruledge\n|\n|-weather|Sandstorm|[upkeep]\n|-damage|p2a: Ceruledge|95\/100|[from] Sandstorm\n|-damage|p1b: Amogus|95\/100|[from] Sandstorm\n|upkeep\n|\n|t:|1682098176\n|switch|p2b: Arboliva|Arboliva, L50, F|100\/100\n|turn|2\n|\n|t:|1682098215\n|switch|p1b: Palafin|Palafin, L50, M|100\/100\n|move|p2a: Ceruledge|Bulk Up|p2a: Ceruledge\n|-boost|p2a: Ceruledge|atk|1\n|-boost|p2a: Ceruledge|def|1\n|move|p2b: Arboliva|Leech Seed|p1a: Tyranitar\n|-start|p1a: Tyranitar|move: Leech Seed\n|move|p1a: Tyranitar|Rock Slide|p2b: Arboliva|[spread] p2b\n|-miss|p1a: Tyranitar|p2a: Ceruledge\n|-damage|p2b: Arboliva|76\/100\n|-fieldstart|move: Grassy Terrain|[from] ability: Seed Sower|[of] p2b: Arboliva\n|\n|-weather|Sandstorm|[upkeep]\n|-damage|p2a: Ceruledge|89\/100|[from] Sandstorm\n|-damage|p1b: Palafin|95\/100|[from] Sandstorm\n|-damage|p2b: Arboliva|70\/100|[from] Sandstorm\n|-heal|p2a: Ceruledge|95\/100|[from] Grassy Terrain\n|-heal|p1b: Palafin|100\/100|[from] Grassy Terrain\n|-heal|p2b: Arboliva|76\/100|[from] Grassy Terrain\n|-heal|p2b: Arboliva|82\/100|[from] item: Leftovers\n|-damage|p1a: Tyranitar|88\/100|[from] Leech Seed|[of] p2b: Arboliva\n|-heal|p2b: Arboliva|95\/100|[silent]\n|upkeep\n|turn|3\n|\n|t:|1682098269\n|detailschange|p1b: Palafin|Palafin-Hero, L50, M\n|switch|p1b: Arcanine|Arcanine, L50, M|100\/100\n|-ability|p1b: Arcanine|Intimidate|boost\n|-unboost|p2a: Ceruledge|atk|1\n|-unboost|p2b: Arboliva|atk|1\n|move|p2a: Ceruledge|Tera Blast|p1b: Arcanine\n|-resisted|p1b: Arcanine\n|-damage|p1b: Arcanine|51\/100\n|move|p2b: Arboliva|Pollen Puff|p1a: Tyranitar\n|-supereffective|p1a: Tyranitar\n|-damage|p1a: Tyranitar|60\/100\n|move|p1a: Tyranitar|Rock Slide|p2a: Ceruledge|[spread] p2a,p2b\n|-damage|p2a: Ceruledge|79\/100\n|-damage|p2b: Arboliva|71\/100\n|\n|-weather|Sandstorm|[upkeep]\n|-damage|p2a: Ceruledge|73\/100|[from] Sandstorm\n|-damage|p2b: Arboliva|65\/100|[from] Sandstorm\n|-heal|p2a: Ceruledge|79\/100|[from] Grassy Terrain\n|-heal|p2b: Arboliva|71\/100|[from] Grassy Terrain\n|-heal|p2b: Arboliva|77\/100|[from] item: Leftovers\n|-heal|p1b: Arcanine|57\/100|[from] Grassy Terrain\n|-heal|p1a: Tyranitar|66\/100|[from] Grassy Terrain\n|-damage|p1a: Tyranitar|54\/100|[from] Leech Seed|[of] p2b: Arboliva\n|-heal|p2b: Arboliva|90\/100|[silent]\n|upkeep\n|turn|4\n|\n|t:|1682098312\n|switch|p2b: Gyarados|Gyarados, L50, F|100\/100\n|-ability|p2b: Gyarados|Intimidate|boost\n|-unboost|p1a: Tyranitar|atk|1\n|-unboost|p1b: Arcanine|atk|1\n|move|p2a: Ceruledge|Tera Blast|p1a: Tyranitar\n|-supereffective|p1a: Tyranitar\n|-damage|p1a: Tyranitar|0 fnt\n|faint|p1a: Tyranitar\n|move|p1b: Arcanine|Flare Blitz|p2a: Ceruledge\n|-start|p2a: Ceruledge|ability: Flash Fire\n|\n|-weather|Sandstorm|[upkeep]\n|-damage|p2b: Gyarados|95\/100|[from] Sandstorm\n|-damage|p2a: Ceruledge|73\/100|[from] Sandstorm\n|-heal|p2a: Ceruledge|79\/100|[from] Grassy Terrain\n|-heal|p1b: Arcanine|63\/100|[from] Grassy Terrain\n|-sideend|p2: bigkarpfan8001|move: Tailwind\n|upkeep\n|\n|t:|1682098335\n|switch|p1a: Palafin|Palafin-Hero, L50, M|100\/100\n|-activate|p1a: Palafin|ability: Zero to Hero\n|turn|5\n|\n|t:|1682098357\n|move|p1a: Palafin|Wave Crash|p2a: Ceruledge\n|-resisted|p2a: Ceruledge\n|-damage|p2a: Ceruledge|56\/100\n|-damage|p1a: Palafin|93\/100|[from] Recoil\n|move|p2b: Gyarados|Waterfall|p1b: Arcanine\n|-supereffective|p1b: Arcanine\n|-damage|p1b: Arcanine|0 fnt\n|faint|p1b: Arcanine\n|move|p2a: Ceruledge|Tera Blast|p1a: Palafin\n|-supereffective|p1a: Palafin\n|-damage|p1a: Palafin|0 fnt\n|faint|p1a: Palafin\n|\n|-weather|none\n|-heal|p2a: Ceruledge|62\/100|[from] Grassy Terrain\n|upkeep\n|\n|t:|1682098375\n|switch|p1a: Amogus|Amoonguss, L50, F|100\/100\n|turn|6\n|\n|t:|1682098385\n|-terastallize|p1a: Amogus|Grass\n|move|p2b: Gyarados|Waterfall|p1a: Amogus\n|-resisted|p1a: Amogus\n|-damage|p1a: Amogus|85\/100\n|move|p2a: Ceruledge|Bitter Blade|p1a: Amogus\n|-supereffective|p1a: Amogus\n|-crit|p1a: Amogus\n|-damage|p1a: Amogus|0 fnt\n|-heal|p2a: Ceruledge|100\/100|[from] drain|[of] p1a: Amogus\n|faint|p1a: Amogus\n|\n|win|bigkarpfan8001\n|raw|super psychic's rating: 1000 → 1000<\/strong> (+0 for losing)\n|raw|bigkarpfan8001's rating: 1086 → 1107<\/strong> (+21 for winning)\n","uploadtime":1682098393,"views":9,"p1id":"superpsychic","p2id":"bigkarpfan8001","formatid":"gen9vgc2023regulationc","rating":1000,"private":0,"password":""}