{"id":"gen9vgc2023regulationc-1851465643","p1":"StopTalkingandLose","p2":"sneedchungus69","format":"[Gen 9] VGC 2023 Regulation C","log":"|j|\u2606StopTalkingandLose\n|j|\u2606sneedchungus69\n|t:|1682447374\n|gametype|doubles\n|player|p1|StopTalkingandLose|maid|1390\n|player|p2|sneedchungus69|scientistf|1405\n|teamsize|p1|6\n|teamsize|p2|6\n|gen|9\n|tier|[Gen 9] VGC 2023 Regulation C\n|rated|\n|rule|Species Clause: Limit one of each Pok\u00e9mon\n|rule|Item Clause: Limit one of each item\n|clearpoke\n|poke|p1|Scream Tail, L50|\n|poke|p1|Gothitelle, L50, M|\n|poke|p1|Ting-Lu, L50|\n|poke|p1|Amoonguss, L50, F|\n|poke|p1|Maushold, L50|\n|poke|p1|Gholdengo, L50|\n|poke|p2|Rotom-Wash, L50|\n|poke|p2|Ting-Lu, L50|\n|poke|p2|Arcanine, L50, M|\n|poke|p2|Flutter Mane, L50|\n|poke|p2|Amoonguss, L50, F|\n|poke|p2|Garchomp, L50, F|\n|teampreview|4\n|inactive|Battle timer is ON: inactive players will automatically lose when time's up. (requested by StopTalkingandLose)\nsneedchungus69 has agreed to open team sheets.\n|inactive|StopTalkingandLose has 60 seconds left.\n|inactive|sneedchungus69 has 60 seconds left.\n|\n|t:|1682447426\n|start\n|switch|p1a: Maushold|Maushold, L50|100\/100\n|switch|p1b: Gholdengo|Gholdengo, L50|100\/100\n|switch|p2a: Flutter Mane|Flutter Mane, L50|100\/100\n|switch|p2b: Rotom|Rotom-Wash, L50|100\/100\n|-enditem|p2a: Flutter Mane|Booster Energy\n|-activate|p2a: Flutter Mane|ability: Protosynthesis|[fromitem]\n|-start|p2a: Flutter Mane|protosynthesisspa\n|turn|1\n|inactive|sneedchungus69 has 30 seconds left.\n|\n|t:|1682447458\n|-terastallize|p1b: Gholdengo|Water\n|move|p2a: Flutter Mane|Dazzling Gleam|p1b: Gholdengo|[spread] p1a,p1b\n|-damage|p1a: Maushold|48\/100\n|-damage|p1b: Gholdengo|56\/100\n|move|p1a: Maushold|Population Bomb|p2b: Rotom\n|-damage|p2b: Rotom|89\/100\n|-damage|p2b: Rotom|77\/100\n|-damage|p2b: Rotom|65\/100\n|-damage|p2b: Rotom|53\/100\n|-damage|p2b: Rotom|42\/100\n|-damage|p2b: Rotom|30\/100\n|-damage|p2b: Rotom|18\/100\n|-damage|p2b: Rotom|7\/100\n|-damage|p2b: Rotom|0 fnt\n|faint|p2b: Rotom\n|-hitcount|p2: Rotom|9\n|move|p1b: Gholdengo|Make It Rain|p2a: Flutter Mane\n|-supereffective|p2a: Flutter Mane\n|-damage|p2a: Flutter Mane|0 fnt\n|-unboost|p1b: Gholdengo|spa|1\n|faint|p2a: Flutter Mane\n|-end|p2a: Flutter Mane|Protosynthesis|[silent]\n|\n|upkeep\n|\n|t:|1682447467\n|switch|p2a: Arcanine|Arcanine, L50, M|100\/100\n|switch|p2b: Ting-Lu|Ting-Lu, L50|100\/100\n|-ability|p2a: Arcanine|Intimidate|boost\n|-unboost|p1a: Maushold|atk|1\n|-unboost|p1b: Gholdengo|atk|1\n|-ability|p2b: Ting-Lu|Vessel of Ruin\n|turn|2\n|inactive|StopTalkingandLose has 30 seconds left.\n|\n|t:|1682447501\n|switch|p1a: Scream Tail|Scream Tail, L50|100\/100\n|move|p1b: Gholdengo|Tera Blast|p2b: Ting-Lu\n|-supereffective|p2b: Ting-Lu\n|-damage|p2b: Ting-Lu|75\/100\n|move|p2a: Arcanine|Howl|p2a: Arcanine|[spread] p2a,p2b\n|-boost|p2a: Arcanine|atk|1\n|-boost|p2b: Ting-Lu|atk|1\n|move|p2b: Ting-Lu|Stomping Tantrum|p1a: Scream Tail\n|-damage|p1a: Scream Tail|72\/100\n|\n|upkeep\n|turn|3\n|\n|t:|1682447521\n|switch|p1b: Amoonguss|Amoonguss, L50, F|100\/100\n|move|p1a: Scream Tail|Perish Song|p1a: Scream Tail\n|-start|p1a: Scream Tail|perish3|[silent]\n|-start|p1b: Amoonguss|perish3|[silent]\n|-start|p2a: Arcanine|perish3|[silent]\n|-start|p2b: Ting-Lu|perish3|[silent]\n|-fieldactivate|move: Perish Song\n|move|p2a: Arcanine|Howl|p2a: Arcanine|[spread] p2a,p2b\n|-boost|p2a: Arcanine|atk|1\n|-boost|p2b: Ting-Lu|atk|1\n|move|p2b: Ting-Lu|Heavy Slam|p1a: Scream Tail\n|-supereffective|p1a: Scream Tail\n|-damage|p1a: Scream Tail|0 fnt\n|faint|p1a: Scream Tail\n|-end|p1a: Scream Tail|Protosynthesis|[silent]\n|\n|-start|p2a: Arcanine|perish3\n|-start|p2b: Ting-Lu|perish3\n|-start|p1b: Amoonguss|perish3\n|upkeep\n|\n|t:|1682447536\n|switch|p1a: Gholdengo|Gholdengo, L50, tera:Water|56\/100\n|turn|4\n|\n|t:|1682447552\n|move|p1a: Gholdengo|Protect|p1a: Gholdengo\n|-singleturn|p1a: Gholdengo|Protect\n|move|p2a: Arcanine|Flare Blitz|p1b: Amoonguss\n|-supereffective|p1b: Amoonguss\n|-damage|p1b: Amoonguss|0 fnt\n|faint|p1b: Amoonguss\n|-damage|p2a: Arcanine|63\/100|[from] Recoil\n|move|p2b: Ting-Lu|Stomping Tantrum|p1a: Gholdengo\n|-activate|p1a: Gholdengo|move: Protect\n|\n|-start|p2a: Arcanine|perish2\n|-start|p2b: Ting-Lu|perish2\n|upkeep\n|\n|t:|1682447563\n|switch|p1b: Maushold|Maushold, L50|48\/100\n|turn|5\n|\n|t:|1682447584\n|move|p2a: Arcanine|Extreme Speed|p1a: Gholdengo\n|-crit|p1a: Gholdengo\n|-damage|p1a: Gholdengo|0 fnt\n|faint|p1a: Gholdengo\n|move|p1b: Maushold|Population Bomb|p2a: Arcanine\n|-damage|p2a: Arcanine|52\/100\n|-damage|p2a: Arcanine|42\/100\n|-enditem|p2a: Arcanine|Sitrus Berry|[eat]\n|-heal|p2a: Arcanine|67\/100|[from] item: Sitrus Berry\n|-damage|p2a: Arcanine|56\/100\n|-damage|p2a: Arcanine|45\/100\n|-damage|p2a: Arcanine|35\/100\n|-damage|p2a: Arcanine|24\/100\n|-damage|p2a: Arcanine|13\/100\n|-damage|p2a: Arcanine|2\/100\n|-damage|p2a: Arcanine|0 fnt\n|faint|p2a: Arcanine\n|-hitcount|p2: Arcanine|9\n|move|p2b: Ting-Lu|Stomping Tantrum|p1b: Maushold\n|-damage|p1b: Maushold|0 fnt\n|faint|p1b: Maushold\n|\n|win|sneedchungus69\n|raw|StopTalkingandLose's rating: 1390 → 1371<\/strong> (-19 for losing)\n|raw|sneedchungus69's rating: 1405 → 1424<\/strong> (+19 for winning)\n","uploadtime":1682447602,"views":10,"p1id":"stoptalkingandlose","p2id":"sneedchungus69","formatid":"gen9vgc2023regulationc","rating":1371,"private":0,"password":""}