{"id":"gen9vgc2023regulationc-1856817268","p1":"PixelDupe1","p2":"ZeederVGC","format":"[Gen 9] VGC 2023 Regulation C","log":"|j|\u2606PixelDupe1\n|j|\u2606ZeederVGC\n|t:|1683115468\n|gametype|doubles\n|player|p1|PixelDupe1|palmer|1309\n|player|p2|ZeederVGC|170|1373\n|teamsize|p1|6\n|teamsize|p2|6\n|gen|9\n|tier|[Gen 9] VGC 2023 Regulation C\n|rated|\n|rule|Species Clause: Limit one of each Pok\u00e9mon\n|rule|Item Clause: Limit one of each item\n|clearpoke\n|poke|p1|Lilligant, L50, F|\n|poke|p1|Torkoal, L50, M|\n|poke|p1|Flutter Mane, L50|\n|poke|p1|Great Tusk, L50|\n|poke|p1|Chi-Yu, L50|\n|poke|p1|Murkrow, L50, M|\n|poke|p2|Talonflame, L50, F|\n|poke|p2|Iron Bundle, L50|\n|poke|p2|Iron Hands, L50|\n|poke|p2|Gholdengo, L50|\n|poke|p2|Garchomp, L50, M|\n|poke|p2|Chien-Pao, L50|\n|teampreview|4\n|inactive|Battle timer is ON: inactive players will automatically lose when time's up. (requested by ZeederVGC)\nZeederVGC has agreed to open team sheets.\nPixelDupe1 has agreed to open team sheets.\n|j| RitmanTesting1\n|inactive|ZeederVGC has 60 seconds left.\n|inactive|PixelDupe1 has 60 seconds left.\n|inactive|ZeederVGC has 30 seconds left.\n|inactive|ZeederVGC has 20 seconds left.\n|\n|t:|1683115541\n|start\n|switch|p1a: Lilligant|Lilligant, L50, F|100\/100\n|switch|p1b: Torkoal|Torkoal, L50, M|100\/100\n|switch|p2a: Iron Hands|Iron Hands, L50|100\/100\n|switch|p2b: Talonflame|Talonflame, L50, F|100\/100\n|-weather|SunnyDay|[from] ability: Drought|[of] p1b: Torkoal\n|turn|1\n|inactive|ZeederVGC has 30 seconds left.\n|inactive|ZeederVGC has 20 seconds left.\n|inactive|PixelDupe1 has 30 seconds left.\n|inactive|ZeederVGC has 15 seconds left.\n|inactive|PixelDupe1 has 20 seconds left.\n|\n|t:|1683115592\n|-terastallize|p1b: Torkoal|Fire\n|move|p1a: Lilligant|Protect|p1a: Lilligant\n|-singleturn|p1a: Lilligant|Protect\n|move|p2b: Talonflame|Tailwind|p2b: Talonflame\n|-sidestart|p2: ZeederVGC|move: Tailwind\n|move|p2a: Iron Hands|Drain Punch|p1b: Torkoal\n|-damage|p1b: Torkoal|66\/100\n|move|p1b: Torkoal|Eruption|p2a: Iron Hands|[spread] p2a,p2b\n|-resisted|p2b: Talonflame\n|-damage|p2a: Iron Hands|54\/100\n|-damage|p2b: Talonflame|20\/100\n|\n|-weather|SunnyDay|[upkeep]\n|upkeep\n|turn|2\n|\n|t:|1683115611\n|move|p2b: Talonflame|Taunt|p1a: Lilligant\n|-start|p1a: Lilligant|move: Taunt\n|cant|p1a: Lilligant|move: Taunt|After You\n|move|p2a: Iron Hands|Drain Punch|p1b: Torkoal\n|-damage|p1b: Torkoal|36\/100\n|-heal|p2a: Iron Hands|65\/100|[from] drain|[of] p1b: Torkoal\n|move|p1b: Torkoal|Eruption|p2b: Talonflame|[spread] p2a,p2b\n|-resisted|p2b: Talonflame\n|-damage|p2a: Iron Hands|41\/100\n|-damage|p2b: Talonflame|0 fnt\n|faint|p2b: Talonflame\n|\n|-weather|SunnyDay|[upkeep]\n|upkeep\n|\n|t:|1683115627\n|switch|p2b: Garchomp|Garchomp, L50, M|100\/100\n|turn|3\n|\n|t:|1683115642\n|-terastallize|p2a: Iron Hands|Grass\n|move|p2b: Garchomp|Earthquake|p1a: Lilligant|[spread] p2a,p1a,p1b\n|-resisted|p2a: Iron Hands\n|-resisted|p1a: Lilligant\n|-supereffective|p1b: Torkoal\n|-damage|p2a: Iron Hands|23\/100\n|-damage|p1a: Lilligant|65\/100\n|-damage|p1b: Torkoal|0 fnt\n|faint|p1b: Torkoal\n|-damage|p2b: Garchomp|91\/100|[from] item: Life Orb\n|move|p1a: Lilligant|Leaf Storm|p2b: Garchomp\n|-damage|p2b: Garchomp|37\/100\n|-unboost|p1a: Lilligant|spa|2\n|move|p2a: Iron Hands|Drain Punch|p1a: Lilligant\n|-damage|p1a: Lilligant|11\/100\n|-heal|p2a: Iron Hands|43\/100|[from] drain|[of] p1a: Lilligant\n|\n|-weather|SunnyDay|[upkeep]\n|upkeep\n|l| RitmanTesting1\n|inactive|PixelDupe1 has 30 seconds left.\n|\n|t:|1683115670\n|switch|p1b: Chi-Yu|Chi-Yu, L50|100\/100\n|-ability|p1b: Chi-Yu|Beads of Ruin\n|turn|4\n|inactive|ZeederVGC has 30 seconds left.\n|\n|t:|1683115705\n|move|p1b: Chi-Yu|Protect|p1b: Chi-Yu\n|-singleturn|p1b: Chi-Yu|Protect\n|move|p2b: Garchomp|Earthquake|p1b: Chi-Yu|[spread] p2a,p1a\n|-activate|p1b: Chi-Yu|move: Protect\n|-resisted|p2a: Iron Hands\n|-resisted|p1a: Lilligant\n|-damage|p2a: Iron Hands|25\/100\n|-damage|p1a: Lilligant|0 fnt\n|faint|p1a: Lilligant\n|-damage|p2b: Garchomp|27\/100|[from] item: Life Orb\n|move|p2a: Iron Hands|Drain Punch|p1b: Chi-Yu\n|-activate|p1b: Chi-Yu|move: Protect\n|\n|-weather|SunnyDay|[upkeep]\n|-sideend|p2: ZeederVGC|move: Tailwind\n|upkeep\n|\n|t:|1683115715\n|switch|p1a: Flutter Mane|Flutter Mane, L50|100\/100\n|-activate|p1a: Flutter Mane|ability: Protosynthesis\n|-start|p1a: Flutter Mane|protosynthesisspa\n|turn|5\n|\n|t:|1683115738\n|move|p2b: Garchomp|Protect|p2b: Garchomp\n|-singleturn|p2b: Garchomp|Protect\n|move|p1a: Flutter Mane|Dazzling Gleam|p2a: Iron Hands|[spread] p2a\n|-activate|p2b: Garchomp|move: Protect\n|-damage|p2a: Iron Hands|0 fnt\n|faint|p2a: Iron Hands\n|-end|p2a: Iron Hands|Quark Drive|[silent]\n|move|p1b: Chi-Yu|Flamethrower|p2b: Garchomp\n|-activate|p2b: Garchomp|move: Protect\n|\n|-weather|none\n|-end|p1a: Flutter Mane|Protosynthesis\n|upkeep\n|-enditem|p1a: Flutter Mane|Booster Energy\n|-activate|p1a: Flutter Mane|ability: Protosynthesis|[fromitem]\n|-start|p1a: Flutter Mane|protosynthesisspa\n|\n|t:|1683115748\n|switch|p2a: Chien-Pao|Chien-Pao, L50|100\/100\n|-ability|p2a: Chien-Pao|Sword of Ruin\n|turn|6\n|\n|t:|1683115764\n|move|p2a: Chien-Pao|Sucker Punch|p1a: Flutter Mane\n|-damage|p1a: Flutter Mane|13\/100\n|move|p1a: Flutter Mane|Dazzling Gleam|p2a: Chien-Pao|[spread] p2a,p2b\n|-supereffective|p2a: Chien-Pao\n|-crit|p2a: Chien-Pao\n|-supereffective|p2b: Garchomp\n|-enditem|p2a: Chien-Pao|Focus Sash\n|-damage|p2a: Chien-Pao|1\/100\n|-damage|p2b: Garchomp|0 fnt\n|faint|p2b: Garchomp\n|move|p1b: Chi-Yu|Flamethrower|p2a: Chien-Pao\n|-supereffective|p2a: Chien-Pao\n|-damage|p2a: Chien-Pao|0 fnt\n|faint|p2a: Chien-Pao\n|\n|win|PixelDupe1\n|raw|PixelDupe1's rating: 1309 → 1333<\/strong> (+24 for winning)\n|raw|ZeederVGC's rating: 1373 → 1349<\/strong> (-24 for losing)\n","uploadtime":1683115779,"views":6,"p1id":"pixeldupe1","p2id":"zeedervgc","formatid":"gen9vgc2023regulationc","rating":1333,"private":0,"password":""}