{"id":"gen9vgc2023regulationc-1850370354","p1":"20221203WSM","p2":"Prompto88","format":"[Gen 9] VGC 2023 Regulation C","log":"|j|\u260620221203WSM\n|j|\u2606Prompto88\n|t:|1682326310\n|gametype|doubles\n|player|p1|20221203WSM|dawn|1320\n|player|p2|Prompto88|2|1246\n|teamsize|p1|6\n|teamsize|p2|6\n|gen|9\n|tier|[Gen 9] VGC 2023 Regulation C\n|rated|\n|rule|Species Clause: Limit one of each Pok\u00e9mon\n|rule|Item Clause: Limit one of each item\n|clearpoke\n|poke|p1|Dondozo, L50, F|\n|poke|p1|Abomasnow, L50, F|\n|poke|p1|Iron Bundle, L50|\n|poke|p1|Tatsugiri, L50, F|\n|poke|p1|Gholdengo, L50|\n|poke|p1|Amoonguss, L50, M|\n|poke|p2|Gyarados, L50, F|\n|poke|p2|Arcanine, L50, F|\n|poke|p2|Garganacl, L50, M|\n|poke|p2|Ting-Lu, L50|\n|poke|p2|Wo-Chien, L50|\n|poke|p2|Orthworm, L50, M|\n|teampreview|4\n|inactive|Battle timer is ON: inactive players will automatically lose when time's up. (requested by Prompto88)\n|inactive|20221203WSM also wants the timer to be on.\n|inactive|Prompto88 has 60 seconds left.\n|\n|t:|1682326349\n|start\n|switch|p1a: Gholdengo|Gholdengo, L50|100\/100\n|switch|p1b: Amoonguss|Amoonguss, L50, M|100\/100\n|switch|p2a: Arcanine|Arcanine, L50, F|100\/100\n|switch|p2b: Orthworm|Orthworm, L50, M|100\/100\n|-ability|p2a: Arcanine|Intimidate|boost\n|-unboost|p1a: Gholdengo|atk|1\n|-unboost|p1b: Amoonguss|atk|1\n|turn|1\n|\n|t:|1682326369\n|-terastallize|p1a: Gholdengo|Water\n|move|p2a: Arcanine|Snarl|p1b: Amoonguss|[spread] p1a,p1b\n|-damage|p1a: Gholdengo|93\/100\n|-damage|p1b: Amoonguss|94\/100\n|-unboost|p1a: Gholdengo|spa|1\n|-unboost|p1b: Amoonguss|spa|1\n|move|p1a: Gholdengo|Nasty Plot|p1a: Gholdengo\n|-boost|p1a: Gholdengo|spa|2\n|move|p2b: Orthworm|Shed Tail|p2b: Orthworm\n|-start|p2b: Orthworm|Substitute|[from] move: Shed Tail\n|-damage|p2b: Orthworm|50\/100\n|-enditem|p2b: Orthworm|Sitrus Berry|[eat]\n|-heal|p2b: Orthworm|75\/100|[from] item: Sitrus Berry\n|\n|t:|1682326381\n|switch|p2b: Garganacl|Garganacl, L50, M|100\/100|[from] Shed Tail\n|move|p1b: Amoonguss|Spore|p2a: Arcanine\n|-activate|p2a: Arcanine|item: Safety Goggles|Spore\n|\n|-heal|p1a: Gholdengo|99\/100|[from] item: Leftovers\n|upkeep\n|turn|2\n|\n|t:|1682326399\n|-terastallize|p2b: Garganacl|Ghost\n|move|p1b: Amoonguss|Rage Powder|p1b: Amoonguss\n|-singleturn|p1b: Amoonguss|move: Rage Powder\n|move|p2a: Arcanine|Snarl|p1a: Gholdengo|[spread] p1a,p1b\n|-damage|p1a: Gholdengo|91\/100\n|-damage|p1b: Amoonguss|88\/100\n|-unboost|p1a: Gholdengo|spa|1\n|-unboost|p1b: Amoonguss|spa|1\n|move|p1a: Gholdengo|Make It Rain|p2b: Garganacl|[spread] p2a,p2b\n|-end|p2b: Garganacl|Substitute\n|-resisted|p2a: Arcanine\n|-damage|p2a: Arcanine|79\/100\n|-unboost|p1a: Gholdengo|spa|1\n|move|p2b: Garganacl|Salt Cure|p1b: Amoonguss\n|-damage|p1b: Amoonguss|73\/100\n|-start|p1b: Amoonguss|Salt Cure\n|\n|-heal|p1a: Gholdengo|97\/100|[from] item: Leftovers\n|-damage|p1b: Amoonguss|61\/100|[from] Salt Cure\n|upkeep\n|turn|3\n|inactive|20221203WSM has 30 seconds left.\n|inactive|Prompto88 has 30 seconds left.\n|\n|t:|1682326434\n|move|p2b: Garganacl|Wide Guard|p2b: Garganacl\n|-singleturn|p2b: Garganacl|Wide Guard\n|move|p1b: Amoonguss|Rage Powder|p1b: Amoonguss\n|-singleturn|p1b: Amoonguss|move: Rage Powder\n|move|p2a: Arcanine|Snarl|p1a: Gholdengo|[spread] p1a,p1b\n|-damage|p1a: Gholdengo|89\/100\n|-damage|p1b: Amoonguss|55\/100\n|-unboost|p1a: Gholdengo|spa|1\n|-unboost|p1b: Amoonguss|spa|1\n|move|p1a: Gholdengo|Shadow Ball|p2a: Arcanine\n|-damage|p2a: Arcanine|59\/100\n|\n|-heal|p1a: Gholdengo|95\/100|[from] item: Leftovers\n|-damage|p1b: Amoonguss|43\/100|[from] Salt Cure\n|upkeep\n|turn|4\n|\n|t:|1682326456\n|switch|p1b: Iron Bundle|Iron Bundle, L50|100\/100\n|move|p1a: Gholdengo|Protect|p1a: Gholdengo\n|-singleturn|p1a: Gholdengo|Protect\n|move|p2a: Arcanine|Snarl|p1b: Iron Bundle|[spread] p1b\n|-activate|p1a: Gholdengo|move: Protect\n|-damage|p1b: Iron Bundle|84\/100\n|-unboost|p1b: Iron Bundle|spa|1\n|move|p2b: Garganacl|Salt Cure|p1a: Gholdengo\n|-activate|p1a: Gholdengo|move: Protect\n|\n|-heal|p1a: Gholdengo|100\/100|[from] item: Leftovers\n|upkeep\n|turn|5\n|\n|t:|1682326475\n|switch|p1a: Abomasnow|Abomasnow, L50, F|100\/100\n|-weather|Snow|[from] ability: Snow Warning|[of] p1a: Abomasnow\n|move|p1b: Iron Bundle|Aurora Veil|p1b: Iron Bundle\n|-sidestart|p1: 20221203WSM|move: Aurora Veil\n|move|p2a: Arcanine|Snarl|p1a: Abomasnow|[spread] p1a,p1b\n|-damage|p1a: Abomasnow|97\/100\n|-damage|p1b: Iron Bundle|73\/100\n|-unboost|p1a: Abomasnow|spa|1\n|-unboost|p1b: Iron Bundle|spa|1\n|move|p2b: Garganacl|Salt Cure|p1b: Iron Bundle\n|-supereffective|p1b: Iron Bundle\n|-damage|p1b: Iron Bundle|58\/100\n|-start|p1b: Iron Bundle|Salt Cure\n|\n|-weather|Snow|[upkeep]\n|-damage|p1b: Iron Bundle|33\/100|[from] Salt Cure\n|upkeep\n|turn|6\n|\n|t:|1682326496\n|-end|p1b: Iron Bundle|Quark Drive|[silent]\n|switch|p1b: Amoonguss|Amoonguss, L50, M|76\/100\n|move|p2a: Arcanine|Snarl|p1a: Abomasnow|[spread] p1a,p1b\n|-damage|p1a: Abomasnow|93\/100\n|-damage|p1b: Amoonguss|71\/100\n|-unboost|p1a: Abomasnow|spa|1\n|-unboost|p1b: Amoonguss|spa|1\n|move|p1a: Abomasnow|Blizzard|p2a: Arcanine|[spread] p2a,p2b\n|-resisted|p2a: Arcanine\n|-damage|p2a: Arcanine|50\/100\n|-damage|p2b: Garganacl|87\/100\n|move|p2b: Garganacl|Salt Cure|p1a: Abomasnow\n|-supereffective|p1a: Abomasnow\n|-damage|p1a: Abomasnow|79\/100\n|-start|p1a: Abomasnow|Salt Cure\n|\n|-weather|Snow|[upkeep]\n|-heal|p2b: Garganacl|93\/100|[from] item: Leftovers\n|-damage|p1a: Abomasnow|66\/100|[from] Salt Cure\n|upkeep\n|turn|7\n|\n|t:|1682326517\n|switch|p2a: Orthworm|Orthworm, L50, M|75\/100\n|move|p1b: Amoonguss|Rage Powder|p1b: Amoonguss\n|-singleturn|p1b: Amoonguss|move: Rage Powder\n|move|p1a: Abomasnow|Earth Power|p2a: Orthworm\n|-heal|p2a: Orthworm|100\/100|[from] ability: Earth Eater|[of] p1a: Abomasnow\n|move|p2b: Garganacl|Salt Cure|p1b: Amoonguss\n|-damage|p1b: Amoonguss|63\/100\n|-start|p1b: Amoonguss|Salt Cure\n|\n|-weather|Snow|[upkeep]\n|-heal|p2b: Garganacl|99\/100|[from] item: Leftovers\n|-damage|p1a: Abomasnow|54\/100|[from] Salt Cure\n|-damage|p1b: Amoonguss|51\/100|[from] Salt Cure\n|upkeep\n|turn|8\n|\n|t:|1682326540\n|switch|p1a: Gholdengo|Gholdengo, L50, tera:Water|100\/100\n|move|p1b: Amoonguss|Protect|p1b: Amoonguss\n|-singleturn|p1b: Amoonguss|Protect\n|move|p2a: Orthworm|Shed Tail|p2a: Orthworm\n|-start|p2a: Orthworm|Substitute|[from] move: Shed Tail\n|-damage|p2a: Orthworm|50\/100\n|\n|t:|1682326547\n|switch|p2a: Arcanine|Arcanine, L50, F|50\/100|[from] Shed Tail\n|-ability|p2a: Arcanine|Intimidate|boost\n|-unboost|p1a: Gholdengo|atk|1\n|-unboost|p1b: Amoonguss|atk|1\n|move|p2b: Garganacl|Salt Cure|p1a: Gholdengo\n|-damage|p1a: Gholdengo|92\/100\n|-start|p1a: Gholdengo|Salt Cure\n|\n|-weather|Snow|[upkeep]\n|-heal|p1a: Gholdengo|98\/100|[from] item: Leftovers\n|-heal|p2b: Garganacl|100\/100|[from] item: Leftovers\n|-damage|p1a: Gholdengo|74\/100|[from] Salt Cure\n|-damage|p1b: Amoonguss|38\/100|[from] Salt Cure\n|upkeep\n|turn|9\n|-message|20221203WSM forfeited.\n|\n|win|Prompto88\n|raw|20221203WSM's rating: 1320 → 1296<\/strong> (-24 for losing)\n|raw|Prompto88's rating: 1246 → 1276<\/strong> (+30 for winning)\n|l|\u260620221203WSM\n","uploadtime":1682326666,"views":25,"p1id":"20221203wsm","p2id":"prompto88","formatid":"gen9vgc2023regulationc","rating":1276,"private":0,"password":""}