{"id":"gen9vgc2023regulationc-1854868767","p1":"Goodusername69","p2":"mattnot3","format":"[Gen 9] VGC 2023 Regulation C","log":"|j|\u2606Goodusername69\n|j|\u2606mattnot3\n|t:|1682875208\n|gametype|doubles\n|player|p1|Goodusername69|lady-gen4|1376\n|player|p2|mattnot3|169|1509\n|teamsize|p1|6\n|teamsize|p2|6\n|gen|9\n|tier|[Gen 9] VGC 2023 Regulation C\n|rated|\n|rule|Species Clause: Limit one of each Pok\u00e9mon\n|rule|Item Clause: Limit one of each item\n|clearpoke\n|poke|p1|Tyranitar, L50, M|\n|poke|p1|Corviknight, L50, F|\n|poke|p1|Skeledirge, L50, F|\n|poke|p1|Gastrodon, L50, M|\n|poke|p1|Gardevoir, L50, M|\n|poke|p1|Garchomp, L50, F|\n|poke|p2|Chi-Yu, L50|\n|poke|p2|Flutter Mane, L50|\n|poke|p2|Scizor, L50, M|\n|poke|p2|Wo-Chien, L50|\n|poke|p2|Gyarados, L50, F|\n|poke|p2|Glimmora, L50, M|\n|teampreview|4\n|\n|t:|1682875259\n|start\n|switch|p1a: Tyranitar|Tyranitar, L50, M|100\/100\n|switch|p1b: Gastrodon|Gastrodon, L50, M|100\/100\n|switch|p2a: Scizor|Scizor, L50, M|100\/100\n|switch|p2b: Flutter Mane|Flutter Mane, L50|100\/100\n|-weather|Sandstorm|[from] ability: Sand Stream|[of] p1a: Tyranitar\n|-enditem|p2b: Flutter Mane|Booster Energy\n|-activate|p2b: Flutter Mane|ability: Protosynthesis|[fromitem]\n|-start|p2b: Flutter Mane|protosynthesisspa\n|turn|1\n|\n|t:|1682875304\n|-terastallize|p1a: Tyranitar|Rock\n|move|p1b: Gastrodon|Helping Hand|p1a: Tyranitar\n|-singleturn|p1a: Tyranitar|Helping Hand|[of] p1b: Gastrodon\n|move|p2b: Flutter Mane|Substitute|p2b: Flutter Mane\n|-start|p2b: Flutter Mane|Substitute\n|-damage|p2b: Flutter Mane|76\/100\n|move|p2a: Scizor|U-turn|p1a: Tyranitar\n|-damage|p1a: Tyranitar|66\/100\n|\n|t:|1682875311\n|switch|p2a: Wo-Chien|Wo-Chien, L50|100\/100|[from] U-turn\n|-ability|p2a: Wo-Chien|Tablets of Ruin\n|move|p1a: Tyranitar|Rock Slide|p2b: Flutter Mane|[spread] p2b\n|-miss|p1a: Tyranitar|p2a: Wo-Chien\n|-end|p2b: Flutter Mane|Substitute\n|-damage|p1a: Tyranitar|56\/100|[from] item: Life Orb\n|\n|-weather|Sandstorm|[upkeep]\n|-damage|p2b: Flutter Mane|70\/100|[from] Sandstorm\n|-damage|p2a: Wo-Chien|94\/100|[from] Sandstorm\n|-heal|p2a: Wo-Chien|100\/100|[from] item: Leftovers\n|upkeep\n|turn|2\n|\n|t:|1682875339\n|move|p1b: Gastrodon|Helping Hand|p1a: Tyranitar\n|-singleturn|p1a: Tyranitar|Helping Hand|[of] p1b: Gastrodon\n|move|p2b: Flutter Mane|Protect|p2b: Flutter Mane\n|-singleturn|p2b: Flutter Mane|Protect\n|move|p2a: Wo-Chien|Leech Seed|p1a: Tyranitar\n|-start|p1a: Tyranitar|move: Leech Seed\n|move|p1a: Tyranitar|Rock Slide|p2a: Wo-Chien|[spread] p2a\n|-activate|p2b: Flutter Mane|move: Protect\n|-damage|p2a: Wo-Chien|53\/100\n|-damage|p1a: Tyranitar|46\/100|[from] item: Life Orb\n|\n|-weather|Sandstorm|[upkeep]\n|-damage|p2b: Flutter Mane|65\/100|[from] Sandstorm\n|-damage|p2a: Wo-Chien|47\/100|[from] Sandstorm\n|-heal|p2a: Wo-Chien|53\/100|[from] item: Leftovers\n|-damage|p1a: Tyranitar|34\/100|[from] Leech Seed|[of] p2a: Wo-Chien\n|-heal|p2a: Wo-Chien|66\/100|[silent]\n|upkeep\n|turn|3\n|\n|t:|1682875363\n|move|p1b: Gastrodon|Protect|p1b: Gastrodon\n|-singleturn|p1b: Gastrodon|Protect\n|move|p2b: Flutter Mane|Substitute|p2b: Flutter Mane\n|-start|p2b: Flutter Mane|Substitute\n|-damage|p2b: Flutter Mane|40\/100\n|move|p2a: Wo-Chien|Leech Seed|p1b: Gastrodon\n|-activate|p1b: Gastrodon|move: Protect\n|move|p1a: Tyranitar|Rock Slide|p2b: Flutter Mane|[spread] p2a,p2b\n|-end|p2b: Flutter Mane|Substitute\n|-damage|p2a: Wo-Chien|30\/100\n|-damage|p1a: Tyranitar|25\/100|[from] item: Life Orb\n|\n|-weather|Sandstorm|[upkeep]\n|-damage|p2b: Flutter Mane|34\/100|[from] Sandstorm\n|-damage|p2a: Wo-Chien|23\/100|[from] Sandstorm\n|-heal|p2a: Wo-Chien|30\/100|[from] item: Leftovers\n|-damage|p1a: Tyranitar|13\/100|[from] Leech Seed|[of] p2a: Wo-Chien\n|-heal|p2a: Wo-Chien|43\/100|[silent]\n|upkeep\n|turn|4\n|\n|t:|1682875391\n|switch|p1a: Skeledirge|Skeledirge, L50, F|100\/100\n|switch|p1b: Garchomp|Garchomp, L50, F|100\/100\n|move|p2b: Flutter Mane|Moonblast|p1a: Skeledirge\n|-resisted|p1a: Skeledirge\n|-damage|p1a: Skeledirge|78\/100\n|-unboost|p1a: Skeledirge|spa|1\n|move|p2a: Wo-Chien|Substitute|p2a: Wo-Chien\n|-start|p2a: Wo-Chien|Substitute\n|-damage|p2a: Wo-Chien|18\/100\n|\n|-weather|Sandstorm|[upkeep]\n|-damage|p2b: Flutter Mane|29\/100|[from] Sandstorm\n|-damage|p1a: Skeledirge|72\/100|[from] Sandstorm\n|-damage|p2a: Wo-Chien|11\/100|[from] Sandstorm\n|-heal|p2a: Wo-Chien|18\/100|[from] item: Leftovers\n|upkeep\n|turn|5\n|\n|t:|1682875432\n|move|p2b: Flutter Mane|Protect|p2b: Flutter Mane\n|-singleturn|p2b: Flutter Mane|Protect\n|move|p2a: Wo-Chien|Protect|p2a: Wo-Chien\n|-singleturn|p2a: Wo-Chien|Protect\n|move|p1b: Garchomp|Iron Head|p2a: Wo-Chien\n|-activate|p2a: Wo-Chien|move: Protect\n|move|p1a: Skeledirge|Heat Wave|p2b: Flutter Mane|[spread] \n|-activate|p2a: Wo-Chien|move: Protect\n|-activate|p2b: Flutter Mane|move: Protect\n|\n|-weather|none\n|-heal|p2a: Wo-Chien|24\/100|[from] item: Leftovers\n|upkeep\n|turn|6\n|\n|t:|1682875469\n|switch|p1b: Tyranitar|Tyranitar, L50, M, tera:Rock|13\/100\n|-weather|Sandstorm|[from] ability: Sand Stream|[of] p1b: Tyranitar\n|move|p2b: Flutter Mane|Shadow Ball|p1a: Skeledirge\n|-supereffective|p1a: Skeledirge\n|-damage|p1a: Skeledirge|0 fnt\n|faint|p1a: Skeledirge\n|move|p2a: Wo-Chien|Leech Seed|p1b: Tyranitar\n|-start|p1b: Tyranitar|move: Leech Seed\n|\n|-weather|Sandstorm|[upkeep]\n|-damage|p2b: Flutter Mane|23\/100|[from] Sandstorm\n|-damage|p2a: Wo-Chien|18\/100|[from] Sandstorm\n|-heal|p2a: Wo-Chien|24\/100|[from] item: Leftovers\n|-damage|p1b: Tyranitar|0 fnt|[from] Leech Seed|[of] p2a: Wo-Chien\n|-heal|p2a: Wo-Chien|37\/100|[silent]\n|faint|p1b: Tyranitar\n|upkeep\n|\n|t:|1682875476\n|switch|p1a: Garchomp|Garchomp, L50, F|100\/100\n|switch|p1b: Gastrodon|Gastrodon, L50, M|100\/100\n|turn|7\n|\n|t:|1682875496\n|move|p2b: Flutter Mane|Protect|p2b: Flutter Mane\n|-singleturn|p2b: Flutter Mane|Protect\n|move|p2a: Wo-Chien|Protect|p2a: Wo-Chien\n|-singleturn|p2a: Wo-Chien|Protect\n|move|p1b: Gastrodon|Protect|p1b: Gastrodon\n|-singleturn|p1b: Gastrodon|Protect\n|move|p1a: Garchomp|Earthquake|p2a: Wo-Chien|[spread] \n|-activate|p1b: Gastrodon|move: Protect\n|-activate|p2a: Wo-Chien|move: Protect\n|-activate|p2b: Flutter Mane|move: Protect\n|\n|-weather|Sandstorm|[upkeep]\n|-damage|p2b: Flutter Mane|17\/100|[from] Sandstorm\n|-damage|p2a: Wo-Chien|31\/100|[from] Sandstorm\n|-heal|p2a: Wo-Chien|37\/100|[from] item: Leftovers\n|upkeep\n|turn|8\n|\n|t:|1682875519\n|move|p2b: Flutter Mane|Moonblast|p1b: Gastrodon\n|-damage|p1b: Gastrodon|39\/100\n|-enditem|p1b: Gastrodon|Sitrus Berry|[eat]\n|-heal|p1b: Gastrodon|64\/100|[from] item: Sitrus Berry\n|move|p1a: Garchomp|Swords Dance|p1a: Garchomp\n|-boost|p1a: Garchomp|atk|2\n|move|p2a: Wo-Chien|Leech Seed|p1a: Garchomp\n|-start|p1a: Garchomp|move: Leech Seed\n|move|p1b: Gastrodon|Earth Power|p2b: Flutter Mane\n|-damage|p2b: Flutter Mane|0 fnt\n|faint|p2b: Flutter Mane\n|-end|p2b: Flutter Mane|Protosynthesis|[silent]\n|\n|-weather|Sandstorm|[upkeep]\n|-damage|p2a: Wo-Chien|31\/100|[from] Sandstorm\n|-heal|p2a: Wo-Chien|37\/100|[from] item: Leftovers\n|-damage|p1a: Garchomp|88\/100|[from] Leech Seed|[of] p2a: Wo-Chien\n|-heal|p2a: Wo-Chien|48\/100|[silent]\n|upkeep\n|\n|t:|1682875536\n|switch|p2b: Scizor|Scizor, L50, M|100\/100\n|turn|9\n|\n|t:|1682875544\n|move|p1b: Gastrodon|Protect|p1b: Gastrodon\n|-singleturn|p1b: Gastrodon|Protect\n|move|p1a: Garchomp|Earthquake|p2b: Scizor|[spread] p2a,p2b\n|-activate|p1b: Gastrodon|move: Protect\n|-resisted|p2a: Wo-Chien\n|-end|p2a: Wo-Chien|Substitute\n|-damage|p2b: Scizor|36\/100\n|move|p2a: Wo-Chien|Leech Seed|p1b: Gastrodon\n|-activate|p1b: Gastrodon|move: Protect\n|move|p2b: Scizor|Tailwind|p2b: Scizor\n|-sidestart|p2: mattnot3|move: Tailwind\n|\n|-weather|Sandstorm|[upkeep]\n|-damage|p2a: Wo-Chien|42\/100|[from] Sandstorm\n|-heal|p2a: Wo-Chien|48\/100|[from] item: Leftovers\n|-damage|p1a: Garchomp|76\/100|[from] Leech Seed|[of] p2a: Wo-Chien\n|-heal|p2a: Wo-Chien|60\/100|[silent]\n|upkeep\n|turn|10\n|\n|t:|1682875564\n|move|p1b: Gastrodon|Helping Hand|p1a: Garchomp\n|-singleturn|p1a: Garchomp|Helping Hand|[of] p1b: Gastrodon\n|move|p2b: Scizor|Protect|p2b: Scizor\n|-singleturn|p2b: Scizor|Protect\n|move|p2a: Wo-Chien|Leech Seed|p1b: Gastrodon\n|-start|p1b: Gastrodon|move: Leech Seed\n|move|p1a: Garchomp|Iron Head|p2a: Wo-Chien\n|-damage|p2a: Wo-Chien|10\/100\n|\n|-weather|none\n|-heal|p2a: Wo-Chien|17\/100|[from] item: Leftovers\n|-damage|p1a: Garchomp|64\/100|[from] Leech Seed|[of] p2a: Wo-Chien\n|-heal|p2a: Wo-Chien|28\/100|[silent]\n|-damage|p1b: Gastrodon|52\/100|[from] Leech Seed|[of] p2a: Wo-Chien\n|-heal|p2a: Wo-Chien|42\/100|[silent]\n|upkeep\n|turn|11\n|\n|t:|1682875582\n|move|p1b: Gastrodon|Helping Hand|p1a: Garchomp\n|-singleturn|p1a: Garchomp|Helping Hand|[of] p1b: Gastrodon\n|move|p2b: Scizor|Bullet Punch|p1a: Garchomp\n|-damage|p1a: Garchomp|36\/100\n|move|p2a: Wo-Chien|Substitute|p2a: Wo-Chien\n|-start|p2a: Wo-Chien|Substitute\n|-damage|p2a: Wo-Chien|17\/100\n|move|p1a: Garchomp|Earthquake|p2a: Wo-Chien|[spread] p1b,p2a,p2b\n|-resisted|p2a: Wo-Chien\n|-end|p2a: Wo-Chien|Substitute\n|-damage|p1b: Gastrodon|0 fnt\n|-damage|p2b: Scizor|0 fnt\n|faint|p1b: Gastrodon\n|faint|p2b: Scizor\n|\n|-heal|p2a: Wo-Chien|23\/100|[from] item: Leftovers\n|-damage|p1a: Garchomp|24\/100|[from] Leech Seed|[of] p2a: Wo-Chien\n|-heal|p2a: Wo-Chien|35\/100|[silent]\n|upkeep\n|\n|t:|1682875596\n|switch|p2b: Chi-Yu|Chi-Yu, L50|100\/100\n|-ability|p2b: Chi-Yu|Beads of Ruin\n|turn|12\n|\n|t:|1682875607\n|-terastallize|p2b: Chi-Yu|Dark\n|move|p2b: Chi-Yu|Dark Pulse|p1a: Garchomp\n|-damage|p1a: Garchomp|0 fnt\n|faint|p1a: Garchomp\n|\n|win|mattnot3\n|raw|Goodusername69's rating: 1376 → 1363<\/strong> (-13 for losing)\n|raw|mattnot3's rating: 1509 → 1522<\/strong> (+13 for winning)\n|c|\u2606mattnot3|gg wp\n","uploadtime":1682875621,"views":9,"p1id":"goodusername69","p2id":"mattnot3","formatid":"gen9vgc2023regulationc","rating":1363,"private":0,"password":""}