{"id":"gen9vgc2023regulationc-1852711271","p1":"Pkmushroom","p2":"alchemistake","format":"[Gen 9] VGC 2023 Regulation C","log":"|j|\u2606Pkmushroom\n|j|\u2606alchemistake\n|t:|1682599197\n|gametype|doubles\n|player|p1|Pkmushroom|2|1152\n|player|p2|alchemistake|101|1092\n|teamsize|p1|6\n|teamsize|p2|6\n|gen|9\n|tier|[Gen 9] VGC 2023 Regulation C\n|rated|\n|rule|Species Clause: Limit one of each Pok\u00e9mon\n|rule|Item Clause: Limit one of each item\n|clearpoke\n|poke|p1|Garganacl, L50, M|\n|poke|p1|Tinkaton, L50, F|\n|poke|p1|Toxapex, L50, F|\n|poke|p1|Meowscarada, L50, F|\n|poke|p1|Hippowdon, L50, M|\n|poke|p1|Annihilape, L50, M|\n|poke|p2|Murkrow, L50, F|\n|poke|p2|Chi-Yu, L50|\n|poke|p2|Flutter Mane, L50|\n|poke|p2|Great Tusk, L50|\n|poke|p2|Brute Bonnet, L50|\n|poke|p2|Corviknight, L50, F|\n|teampreview|4\nalchemistake has agreed to open team sheets.\nPkmushroom has agreed to open team sheets.\n|\n|t:|1682599245\n|start\n|switch|p1a: Garganacl|Garganacl, L50, M|100\/100\n|switch|p1b: Tinkaton|Tinkaton, L50, F, shiny|100\/100\n|switch|p2a: Chi-Yu|Chi-Yu, L50|100\/100\n|switch|p2b: Murkrow|Murkrow, L50, F, shiny|100\/100\n|-ability|p2a: Chi-Yu|Beads of Ruin\n|turn|1\n|\n|t:|1682599297\n|move|p1b: Tinkaton|Fake Out|p2b: Murkrow\n|-damage|p2b: Murkrow|90\/100\n|cant|p2b: Murkrow|flinch\n|move|p2a: Chi-Yu|Overheat|p1b: Tinkaton\n|-supereffective|p1b: Tinkaton\n|-damage|p1b: Tinkaton|0 fnt\n|-unboost|p2a: Chi-Yu|spa|2\n|faint|p1b: Tinkaton\n|-damage|p2a: Chi-Yu|90\/100|[from] item: Life Orb\n|move|p1a: Garganacl|Salt Cure|p2a: Chi-Yu\n|-supereffective|p2a: Chi-Yu\n|-damage|p2a: Chi-Yu|40\/100\n|-start|p2a: Chi-Yu|Salt Cure\n|\n|-damage|p2a: Chi-Yu|27\/100|[from] Salt Cure\n|upkeep\n|\n|t:|1682599311\n|switch|p1b: Hippowdon|Hippowdon, L50, M|100\/100\n|-weather|Sandstorm|[from] ability: Sand Stream|[of] p1b: Hippowdon\n|turn|2\n|\n|t:|1682599328\n|switch|p2a: Great Tusk|Great Tusk, L50|100\/100\n|move|p2b: Murkrow|Sunny Day|p2b: Murkrow\n|-weather|SunnyDay\n|-activate|p2a: Great Tusk|ability: Protosynthesis\n|-start|p2a: Great Tusk|protosynthesisatk\n|move|p1b: Hippowdon|Sand Tomb|p2a: Great Tusk\n|-crit|p2a: Great Tusk\n|-damage|p2a: Great Tusk|85\/100\n|-activate|p2a: Great Tusk|move: Sand Tomb|[of] p1b: Hippowdon\n|move|p1a: Garganacl|Salt Cure|p2b: Murkrow\n|-supereffective|p2b: Murkrow\n|-damage|p2b: Murkrow|64\/100\n|-start|p2b: Murkrow|Salt Cure\n|\n|-weather|SunnyDay|[upkeep]\n|-damage|p2a: Great Tusk|73\/100|[from] move: Sand Tomb|[partiallytrapped]\n|-damage|p2b: Murkrow|52\/100|[from] Salt Cure\n|upkeep\n|turn|3\n|l|\u2606Pkmushroom\n|player|p1|\n|j|\u2606Pkmushroom\n|player|p1|Pkmushroom|2\n|\n|t:|1682599395\n|switch|p1b: macaco|Annihilape, L50, M|100\/100\n|-terastallize|p1a: Garganacl|Flying\n|move|p2b: Murkrow|Tailwind|p2b: Murkrow\n|-sidestart|p2: alchemistake|move: Tailwind\n|move|p2a: Great Tusk|Earthquake|p1a: Garganacl|[spread] p1b\n|-immune|p2b: Murkrow\n|-immune|p1a: Garganacl\n|-damage|p1b: macaco|49\/100\n|move|p1a: Garganacl|Iron Defense|p1a: Garganacl\n|-boost|p1a: Garganacl|def|2\n|\n|-weather|SunnyDay|[upkeep]\n|-end|p2a: Great Tusk|Sand Tomb|[partiallytrapped]|[silent]\n|-damage|p2b: Murkrow|40\/100|[from] Salt Cure\n|upkeep\n|turn|4\n|\n|t:|1682599436\n|move|p1b: macaco|Protect|p1b: macaco\n|-singleturn|p1b: macaco|Protect\n|move|p2b: Murkrow|Haze|p2b: Murkrow\n|-clearallboost\n|move|p2a: Great Tusk|Earthquake|p1a: Garganacl|[spread] \n|-activate|p1b: macaco|move: Protect\n|-immune|p2b: Murkrow\n|-immune|p1a: Garganacl\n|move|p1a: Garganacl|Salt Cure|p2b: Murkrow\n|-supereffective|p2b: Murkrow\n|-damage|p2b: Murkrow|10\/100\n|\n|-weather|SunnyDay|[upkeep]\n|-damage|p2b: Murkrow|0 fnt|[from] Salt Cure\n|faint|p2b: Murkrow\n|upkeep\n|\n|t:|1682599453\n|switch|p2b: Brute Bonnet|Brute Bonnet, L50|100\/100\n|-activate|p2b: Brute Bonnet|ability: Protosynthesis\n|-start|p2b: Brute Bonnet|protosynthesisatk\n|turn|5\n|\n|t:|1682599468\n|-end|p2a: Great Tusk|Protosynthesis|[silent]\n|switch|p2a: Chi-Yu|Chi-Yu, L50|27\/100\n|-ability|p2a: Chi-Yu|Beads of Ruin\n|switch|p1b: Hippowdon|Hippowdon, L50, M|100\/100\n|-weather|Sandstorm|[from] ability: Sand Stream|[of] p1b: Hippowdon\n|-end|p2b: Brute Bonnet|Protosynthesis\n|move|p2b: Brute Bonnet|Sucker Punch||[still]\n|-fail|p2b: Brute Bonnet\n|move|p1a: Garganacl|Iron Defense|p1a: Garganacl\n|-boost|p1a: Garganacl|def|2\n|\n|-weather|Sandstorm|[upkeep]\n|-damage|p2a: Chi-Yu|21\/100|[from] Sandstorm\n|-damage|p2b: Brute Bonnet|95\/100|[from] Sandstorm\n|-damage|p1a: Garganacl|95\/100|[from] Sandstorm\n|-heal|p1a: Garganacl|100\/100|[from] item: Leftovers\n|upkeep\n|turn|6\n|\n|t:|1682599493\n|move|p2a: Chi-Yu|Overheat|p1a: Garganacl\n|-damage|p1a: Garganacl|21\/100\n|-unboost|p2a: Chi-Yu|spa|2\n|-damage|p2a: Chi-Yu|11\/100|[from] item: Life Orb\n|move|p2b: Brute Bonnet|Bullet Seed|p1b: Hippowdon\n|-supereffective|p1b: Hippowdon\n|-damage|p1b: Hippowdon|80\/100\n|-supereffective|p1b: Hippowdon\n|-damage|p1b: Hippowdon|60\/100\n|-supereffective|p1b: Hippowdon\n|-damage|p1b: Hippowdon|40\/100\n|-supereffective|p1b: Hippowdon\n|-damage|p1b: Hippowdon|17\/100\n|-hitcount|p1b: Hippowdon|4\n|move|p1b: Hippowdon|Sand Tomb|p2a: Chi-Yu\n|-supereffective|p2a: Chi-Yu\n|-damage|p2a: Chi-Yu|0 fnt\n|faint|p2a: Chi-Yu\n|move|p1a: Garganacl|Body Press|p2b: Brute Bonnet\n|-supereffective|p2b: Brute Bonnet\n|-damage|p2b: Brute Bonnet|0 fnt\n|faint|p2b: Brute Bonnet\n|-end|p2b: Brute Bonnet|Protosynthesis|[silent]\n|\n|-weather|Sandstorm|[upkeep]\n|-damage|p1a: Garganacl|15\/100|[from] Sandstorm\n|-heal|p1a: Garganacl|21\/100|[from] item: Leftovers\n|-sideend|p2: alchemistake|move: Tailwind\n|upkeep\n|\n|t:|1682599512\n|switch|p2b: Great Tusk|Great Tusk, L50|73\/100\n|turn|7\n|\n|t:|1682599519\n|move|p2b: Great Tusk|Rock Slide|p1a: Garganacl|[spread] p1a,p1b\n|-supereffective|p1a: Garganacl\n|-resisted|p1b: Hippowdon\n|-damage|p1a: Garganacl|5\/100\n|-damage|p1b: Hippowdon|8\/100\n|move|p1b: Hippowdon|Yawn|p2b: Great Tusk\n|-start|p2b: Great Tusk|move: Yawn|[of] p1b: Hippowdon\n|move|p1a: Garganacl|Recover|p1a: Garganacl\n|-heal|p1a: Garganacl|56\/100\n|\n|-weather|Sandstorm|[upkeep]\n|-damage|p1a: Garganacl|50\/100|[from] Sandstorm\n|-heal|p1a: Garganacl|56\/100|[from] item: Leftovers\n|upkeep\n|turn|8\n|\n|t:|1682599536\n|-terastallize|p2b: Great Tusk|Steel\n|move|p2b: Great Tusk|Rock Slide|p1a: Garganacl|[spread] p1a,p1b\n|-supereffective|p1a: Garganacl\n|-resisted|p1b: Hippowdon\n|-damage|p1a: Garganacl|41\/100\n|-damage|p1b: Hippowdon|1\/100\n|move|p1b: Hippowdon|Slack Off|p1b: Hippowdon\n|-heal|p1b: Hippowdon|51\/100\n|move|p1a: Garganacl|Recover|p1a: Garganacl\n|-heal|p1a: Garganacl|91\/100\n|\n|-weather|Sandstorm|[upkeep]\n|-damage|p1a: Garganacl|86\/100|[from] Sandstorm\n|-heal|p1a: Garganacl|91\/100|[from] item: Leftovers\n|-end|p2b: Great Tusk|move: Yawn|[silent]\n|-status|p2b: Great Tusk|slp\n|upkeep\n|turn|9\n|-message|alchemistake forfeited.\n|\n|win|Pkmushroom\n|raw|Pkmushroom's rating: 1152 → 1173<\/strong> (+21 for winning)\n|raw|alchemistake's rating: 1092 → 1072<\/strong> (-20 for losing)\n|l|\u2606alchemistake\n","uploadtime":1682599555,"views":13,"p1id":"pkmushroom","p2id":"alchemistake","formatid":"gen9vgc2023regulationc","rating":1072,"private":0,"password":""}