{"id":"gen9vgc2023regulationc-1855893044","p1":"VioletsandViolence","p2":"DoctorTW","format":"[Gen 9] VGC 2023 Regulation C","log":"|j|\u2606VioletsandViolence\n|j|\u2606DoctorTW\n|t:|1682996970\n|gametype|doubles\n|player|p1|VioletsandViolence|dawn|1066\n|player|p2|DoctorTW|102|1150\n|teamsize|p1|6\n|teamsize|p2|6\n|gen|9\n|tier|[Gen 9] VGC 2023 Regulation C\n|rated|\n|rule|Species Clause: Limit one of each Pok\u00e9mon\n|rule|Item Clause: Limit one of each item\n|clearpoke\n|poke|p1|Annihilape, L50, F|\n|poke|p1|Chien-Pao, L50|\n|poke|p1|Iron Bundle, L50|\n|poke|p1|Tinkaton, L50, F|\n|poke|p1|Amoonguss, L50, F|\n|poke|p1|Kingambit, L50, F|\n|poke|p2|Glimmora, L50, F|\n|poke|p2|Iron Hands, L50|\n|poke|p2|Palafin, L50, M|\n|poke|p2|Skeledirge, L50, F|\n|poke|p2|Ting-Lu, L50|\n|poke|p2|Wo-Chien, L50|\n|teampreview|4\n|\n|t:|1682997019\n|start\n|switch|p1a: Tinkaton|Tinkaton, L50, F|100\/100\n|switch|p1b: Iron Bundle|Iron Bundle, L50|100\/100\n|switch|p2a: Palafin|Palafin, L50, M|100\/100\n|switch|p2b: Iron Hands|Iron Hands, L50|100\/100\n|-ability|p1a: Tinkaton|Mold Breaker\n|-enditem|p1b: Iron Bundle|Booster Energy\n|-activate|p1b: Iron Bundle|ability: Quark Drive|[fromitem]\n|-start|p1b: Iron Bundle|quarkdrivespe\n|turn|1\n|\n|t:|1682997049\n|move|p1a: Tinkaton|Fake Out|p2b: Iron Hands\n|-damage|p2b: Iron Hands|93\/100\n|cant|p2b: Iron Hands|flinch\n|move|p1b: Iron Bundle|Freeze-Dry|p2a: Palafin\n|-supereffective|p2a: Palafin\n|-damage|p2a: Palafin|5\/100\n|move|p2a: Palafin|Flip Turn|p1a: Tinkaton\n|-damage|p1a: Tinkaton|74\/100\n|\n|t:|1682997058\n|detailschange|p2a: Palafin|Palafin-Hero, L50, M\n|switch|p2a: Ting-Lu|Ting-Lu, L50|100\/100|[from] Flip Turn\n|-ability|p2a: Ting-Lu|Vessel of Ruin\n|\n|-heal|p1a: Tinkaton|80\/100|[from] item: Leftovers\n|upkeep\n|turn|2\n|\n|t:|1682997076\n|-terastallize|p2a: Ting-Lu|Poison\n|move|p1a: Tinkaton|Protect|p1a: Tinkaton\n|-singleturn|p1a: Tinkaton|Protect\n|move|p1b: Iron Bundle|Hydro Pump|p2b: Iron Hands\n|-damage|p2b: Iron Hands|70\/100\n|move|p2b: Iron Hands|Thunder Punch|p1b: Iron Bundle\n|-supereffective|p1b: Iron Bundle\n|-damage|p1b: Iron Bundle|0 fnt\n|faint|p1b: Iron Bundle\n|-end|p1b: Iron Bundle|Quark Drive|[silent]\n|move|p2a: Ting-Lu|Stomping Tantrum|p1a: Tinkaton\n|-activate|p1a: Tinkaton|move: Protect\n|\n|-heal|p1a: Tinkaton|87\/100|[from] item: Leftovers\n|upkeep\n|\n|t:|1682997092\n|switch|p1b: Amoonguss|Amoonguss, L50, F|100\/100\n|turn|3\n|\n|t:|1682997105\n|move|p1a: Tinkaton|Gigaton Hammer|p2a: Ting-Lu\n|-damage|p2a: Ting-Lu|68\/100\n|move|p2b: Iron Hands|Drain Punch|p1a: Tinkaton\n|-damage|p1a: Tinkaton|29\/100\n|-heal|p2b: Iron Hands|91\/100|[from] drain|[of] p1a: Tinkaton\n|move|p2a: Ting-Lu|Stomping Tantrum|p1a: Tinkaton\n|-supereffective|p1a: Tinkaton\n|-damage|p1a: Tinkaton|0 fnt\n|faint|p1a: Tinkaton\n|move|p1b: Amoonguss|Spore|p2b: Iron Hands\n|-status|p2b: Iron Hands|slp|[from] move: Spore\n|\n|upkeep\n|\n|t:|1682997118\n|switch|p1a: Chien-Pao|Chien-Pao, L50|100\/100\n|-ability|p1a: Chien-Pao|Sword of Ruin\n|turn|4\n|\n|t:|1682997131\n|move|p1a: Chien-Pao|Crunch|p2a: Ting-Lu\n|-damage|p2a: Ting-Lu|35\/100\n|cant|p2b: Iron Hands|slp\n|move|p2a: Ting-Lu|Heavy Slam|p1a: Chien-Pao\n|-supereffective|p1a: Chien-Pao\n|-damage|p1a: Chien-Pao|17\/100\n|move|p1b: Amoonguss|Spore|p2a: Ting-Lu\n|-status|p2a: Ting-Lu|slp|[from] move: Spore\n|\n|upkeep\n|turn|5\n|\n|t:|1682997148\n|cant|p2a: Ting-Lu|slp\n|move|p1a: Chien-Pao|Crunch|p2a: Ting-Lu\n|-damage|p2a: Ting-Lu|5\/100 slp\n|-curestatus|p2b: Iron Hands|slp|[msg]\n|move|p2b: Iron Hands|Drain Punch|p1a: Chien-Pao\n|-supereffective|p1a: Chien-Pao\n|-damage|p1a: Chien-Pao|0 fnt\n|-heal|p2b: Iron Hands|97\/100|[from] drain|[of] p1a: Chien-Pao\n|faint|p1a: Chien-Pao\n|move|p1b: Amoonguss|Pollen Puff|p1: Chien-Pao|[notarget]\n|-fail|p1b: Amoonguss\n|\n|upkeep\n|turn|6\n|-message|VioletsandViolence forfeited.\n|\n|win|DoctorTW\n|raw|VioletsandViolence's rating: 1066 → 1051<\/strong> (-15 for losing)\n|raw|DoctorTW's rating: 1150 → 1169<\/strong> (+19 for winning)\n|l|\u2606VioletsandViolence\n","uploadtime":1682997164,"views":13,"p1id":"violetsandviolence","p2id":"doctortw","formatid":"gen9vgc2023regulationc","rating":1051,"private":0,"password":""}