{"id":"gen9vgc2023regulationc-1863356029","p1":"Alexis_student","p2":"ConDanone","format":"[Gen 9] VGC 2023 Regulation C","log":"|j|\u2606Alexis_student\n|j|\u2606ConDanone\n|t:|1684006530\n|gametype|doubles\n|player|p1|Alexis_student|cyclistf|1290\n|player|p2|ConDanone|170|1224\n|teamsize|p1|6\n|teamsize|p2|6\n|gen|9\n|tier|[Gen 9] VGC 2023 Regulation C\n|rated|\n|rule|Species Clause: Limit one of each Pok\u00e9mon\n|rule|Item Clause: Limit one of each item\n|clearpoke\n|poke|p1|Chi-Yu, L50|\n|poke|p1|Flutter Mane, L50|\n|poke|p1|Gyarados, L50, M|\n|poke|p1|Iron Hands, L50|\n|poke|p1|Dragonite, L50, M|\n|poke|p1|Amoonguss, L50, M|\n|poke|p2|Dragapult, L50, M|\n|poke|p2|Chien-Pao, L50|\n|poke|p2|Amoonguss, L50, F|\n|poke|p2|Gyarados, L50, M|\n|poke|p2|Scizor, L50, M|\n|poke|p2|Roaring Moon, L50|\n|teampreview|4\n|inactive|Battle timer is ON: inactive players will automatically lose when time's up. (requested by Alexis_student)\n|\n|t:|1684006579\n|start\n|switch|p1a: Gyarados|Gyarados, L50, M|100\/100\n|switch|p1b: Chi-Yu|Chi-Yu, L50|100\/100\n|switch|p2a: Dragapult|Dragapult, L50, M|100\/100\n|switch|p2b: Chien-Pao|Chien-Pao, L50|100\/100\n|-ability|p2b: Chien-Pao|Sword of Ruin\n|-ability|p1b: Chi-Yu|Beads of Ruin\n|-ability|p1a: Gyarados|Intimidate|boost\n|-fail|p2a: Dragapult|unboost|[from] ability: Clear Body|[of] p2a: Dragapult\n|-unboost|p2b: Chien-Pao|atk|1\n|turn|1\n|inactive|ConDanone has 30 seconds left.\n|inactive|ConDanone has 20 seconds left.\n|\n|t:|1684006617\n|move|p1b: Chi-Yu|Protect|p1b: Chi-Yu\n|-singleturn|p1b: Chi-Yu|Protect\n|move|p2b: Chien-Pao|Sucker Punch||[still]\n|-fail|p2b: Chien-Pao\n|move|p2a: Dragapult|U-turn|p1b: Chi-Yu\n|-activate|p1b: Chi-Yu|move: Protect\n|move|p1a: Gyarados|Bulldoze|p2b: Chien-Pao|[spread] p2a,p2b\n|-activate|p1b: Chi-Yu|move: Protect\n|-damage|p2a: Dragapult|79\/100\n|-damage|p2b: Chien-Pao|84\/100\n|-unboost|p2b: Chien-Pao|spe|1\n|\n|upkeep\n|turn|2\n|inactive|Alexis_student has 30 seconds left.\n|inactive|Alexis_student has 20 seconds left.\n|inactive|Alexis_student has 15 seconds left.\n|\n|t:|1684006659\n|switch|p1a: Iron Hands|Iron Hands, L50|100\/100\n|move|p2b: Chien-Pao|Sucker Punch|p1b: Chi-Yu\n|-resisted|p1b: Chi-Yu\n|-damage|p1b: Chi-Yu|78\/100\n|move|p2a: Dragapult|U-turn|p1b: Chi-Yu\n|-damage|p1b: Chi-Yu|11\/100\n|\n|t:|1684006668\n|switch|p2a: Gyarados|Gyarados, L50, M|100\/100|[from] U-turn\n|-ability|p2a: Gyarados|Intimidate|boost\n|-unboost|p1a: Iron Hands|atk|1\n|-unboost|p1b: Chi-Yu|atk|1\n|move|p1b: Chi-Yu|Dark Pulse|p2a: Gyarados\n|-damage|p2a: Gyarados|39\/100\n|-enditem|p2a: Gyarados|Sitrus Berry|[eat]\n|-heal|p2a: Gyarados|64\/100|[from] item: Sitrus Berry\n|\n|upkeep\n|turn|3\n|\n|t:|1684006684\n|move|p1b: Chi-Yu|Protect|p1b: Chi-Yu\n|-singleturn|p1b: Chi-Yu|Protect\n|move|p2a: Gyarados|Protect|p2a: Gyarados\n|-singleturn|p2a: Gyarados|Protect\n|move|p2b: Chien-Pao|Protect|p2b: Chien-Pao\n|-singleturn|p2b: Chien-Pao|Protect\n|move|p1a: Iron Hands|Wild Charge|p2a: Gyarados\n|-activate|p2a: Gyarados|move: Protect\n|\n|upkeep\n|turn|4\n|\n|t:|1684006701\n|switch|p1b: Gyarados|Gyarados, L50, M|100\/100\n|-ability|p1b: Gyarados|Intimidate|boost\n|-unboost|p2a: Gyarados|atk|1\n|-unboost|p2b: Chien-Pao|atk|1\n|switch|p2a: Amoonguss|Amoonguss, L50, F|100\/100\n|move|p2b: Chien-Pao|Sucker Punch||[still]\n|-fail|p2b: Chien-Pao\n|move|p1a: Iron Hands|Wild Charge|p2a: Amoonguss\n|-resisted|p2a: Amoonguss\n|-damage|p2a: Amoonguss|82\/100\n|-damage|p1a: Iron Hands|96\/100|[from] Recoil\n|\n|-heal|p2a: Amoonguss|88\/100|[from] item: Leftovers\n|upkeep\n|turn|5\n|inactive|ConDanone has 30 seconds left.\n|\n|t:|1684006730\n|switch|p2b: Gyarados|Gyarados, L50, M|64\/100\n|-ability|p2b: Gyarados|Intimidate|boost\n|-unboost|p1a: Iron Hands|atk|1\n|-unboost|p1b: Gyarados|atk|1\n|move|p2a: Amoonguss|Rage Powder|p2a: Amoonguss\n|-singleturn|p2a: Amoonguss|move: Rage Powder\n|move|p1b: Gyarados|Taunt|p2a: Amoonguss\n|-start|p2a: Amoonguss|move: Taunt\n|move|p1a: Iron Hands|Volt Switch|p2a: Amoonguss\n|-resisted|p2a: Amoonguss\n|-damage|p2a: Amoonguss|83\/100\n|\n|t:|1684006744\n|-end|p1a: Iron Hands|Quark Drive|[silent]\n|switch|p1a: Chi-Yu|Chi-Yu, L50|11\/100|[from] Volt Switch\n|-ability|p1a: Chi-Yu|Beads of Ruin\n|\n|-heal|p2a: Amoonguss|89\/100|[from] item: Leftovers\n|upkeep\n|turn|6\n|\n|t:|1684006762\n|switch|p1b: Iron Hands|Iron Hands, L50|96\/100\n|move|p1a: Chi-Yu|Heat Wave|p2b: Gyarados|[spread] p2a,p2b\n|-supereffective|p2a: Amoonguss\n|-resisted|p2b: Gyarados\n|-damage|p2a: Amoonguss|5\/100\n|-damage|p2b: Gyarados|38\/100\n|move|p2b: Gyarados|Waterfall|p1a: Chi-Yu\n|-supereffective|p1a: Chi-Yu\n|-damage|p1a: Chi-Yu|0 fnt\n|faint|p1a: Chi-Yu\n|move|p2a: Amoonguss|Pollen Puff|p2b: Gyarados\n|-heal|p2b: Gyarados|88\/100\n|\n|-heal|p2a: Amoonguss|11\/100|[from] item: Leftovers\n|upkeep\n|\n|t:|1684006780\n|switch|p1a: Gyarados|Gyarados, L50, M|100\/100\n|-ability|p1a: Gyarados|Intimidate|boost\n|-unboost|p2a: Amoonguss|atk|1\n|-unboost|p2b: Gyarados|atk|1\n|turn|7\n|inactive|ConDanone has 30 seconds left.\n|\n|t:|1684006815\n|switch|p2a: Dragapult|Dragapult, L50, M|79\/100\n|move|p2b: Gyarados|Protect|p2b: Gyarados\n|-singleturn|p2b: Gyarados|Protect\n|move|p1a: Gyarados|Waterfall|p2a: Dragapult\n|-resisted|p2a: Dragapult\n|-damage|p2a: Dragapult|57\/100\n|move|p1b: Iron Hands|Volt Switch|p2b: Gyarados\n|-activate|p2b: Gyarados|move: Protect\n|\n|upkeep\n|turn|8\n|inactive|ConDanone has 30 seconds left.\n|inactive|ConDanone has 20 seconds left.\n|inactive|ConDanone has 15 seconds left.\n|\n|t:|1684006859\n|switch|p2b: Amoonguss|Amoonguss, L50, F|44\/100\n|move|p2a: Dragapult|Dragon Darts|p1a: Gyarados\n|-damage|p1a: Gyarados|68\/100\n|-anim|p2a: Dragapult|Dragon Darts|p1b: Iron Hands\n|-damage|p1b: Iron Hands|72\/100\n|move|p1a: Gyarados|Bulldoze|p2a: Dragapult|[spread] p1b,p2a,p2b\n|-supereffective|p1b: Iron Hands\n|-damage|p1b: Iron Hands|55\/100\n|-damage|p2a: Dragapult|39\/100\n|-damage|p2b: Amoonguss|33\/100\n|-unboost|p1b: Iron Hands|spe|1\n|-unboost|p2b: Amoonguss|spe|1\n|move|p1b: Iron Hands|Volt Switch|p2b: Amoonguss\n|-resisted|p2b: Amoonguss\n|-damage|p2b: Amoonguss|27\/100\n|\n|t:|1684006875\n|-end|p1b: Iron Hands|Quark Drive|[silent]\n|switch|p1b: Flutter Mane|Flutter Mane, L50|100\/100|[from] Volt Switch\n|\n|-heal|p2b: Amoonguss|33\/100|[from] item: Leftovers\n|upkeep\n|turn|9\n|\n|t:|1684006893\n|switch|p2a: Gyarados|Gyarados, L50, M|88\/100\n|-ability|p2a: Gyarados|Intimidate|boost\n|-unboost|p1a: Gyarados|atk|1\n|-unboost|p1b: Flutter Mane|atk|1\n|switch|p2b: Chien-Pao|Chien-Pao, L50|84\/100\n|-ability|p2b: Chien-Pao|Sword of Ruin\n|move|p1b: Flutter Mane|Dazzling Gleam|p2b: Chien-Pao|[spread] p2a,p2b\n|-supereffective|p2b: Chien-Pao\n|-damage|p2a: Gyarados|46\/100\n|-damage|p2b: Chien-Pao|0 fnt\n|faint|p2b: Chien-Pao\n|-damage|p1b: Flutter Mane|91\/100|[from] item: Life Orb\n|move|p1a: Gyarados|Waterfall|p2a: Gyarados\n|-resisted|p2a: Gyarados\n|-damage|p2a: Gyarados|32\/100\n|\n|upkeep\n|inactive|ConDanone has 30 seconds left.\n|\n|t:|1684006923\n|switch|p2b: Dragapult|Dragapult, L50, M|39\/100\n|turn|10\n|\n|t:|1684006938\n|-terastallize|p2b: Dragapult|Steel\n|move|p1b: Flutter Mane|Protect|p1b: Flutter Mane\n|-singleturn|p1b: Flutter Mane|Protect\n|move|p2b: Dragapult|Tera Blast|p1b: Flutter Mane\n|-activate|p1b: Flutter Mane|move: Protect\n|move|p2a: Gyarados|Thunder Wave|p1a: Gyarados\n|-status|p1a: Gyarados|par\n|move|p1a: Gyarados|Thunder Wave|p2b: Dragapult\n|-status|p2b: Dragapult|par\n|\n|upkeep\n|turn|11\n|\n|t:|1684006961\n|-end|p1b: Flutter Mane|Protosynthesis|[silent]\n|switch|p1b: Iron Hands|Iron Hands, L50|55\/100\n|switch|p2a: Amoonguss|Amoonguss, L50, F|66\/100\n|cant|p2b: Dragapult|par\n|move|p1a: Gyarados|Bulldoze|p2a: Amoonguss|[spread] p1b,p2a,p2b\n|-supereffective|p1b: Iron Hands\n|-supereffective|p2b: Dragapult\n|-damage|p1b: Iron Hands|44\/100\n|-damage|p2a: Amoonguss|59\/100\n|-damage|p2b: Dragapult|15\/100 par\n|-unboost|p1b: Iron Hands|spe|1\n|-unboost|p2a: Amoonguss|spe|1\n|\n|-heal|p2a: Amoonguss|65\/100|[from] item: Leftovers\n|upkeep\n|turn|12\n|\n|t:|1684006985\n|switch|p2b: Gyarados|Gyarados, L50, M|32\/100\n|-ability|p2b: Gyarados|Intimidate|boost\n|-unboost|p1a: Gyarados|atk|1\n|-unboost|p1b: Iron Hands|atk|1\n|-terastallize|p1b: Iron Hands|Grass\n|move|p1b: Iron Hands|Drain Punch|p2b: Gyarados\n|-resisted|p2b: Gyarados\n|-damage|p2b: Gyarados|16\/100\n|-heal|p1b: Iron Hands|50\/100|[from] drain|[of] p2b: Gyarados\n|move|p1a: Gyarados|Taunt|p2a: Amoonguss\n|-start|p2a: Amoonguss|move: Taunt\n|move|p2a: Amoonguss|Pollen Puff|p2b: Gyarados\n|-heal|p2b: Gyarados|65\/100\n|\n|-heal|p2a: Amoonguss|71\/100|[from] item: Leftovers\n|upkeep\n|turn|13\n|inactive|Alexis_student has 30 seconds left.\n|inactive|ConDanone has 30 seconds left.\n|inactive|Alexis_student has 20 seconds left.\n|inactive|ConDanone has 20 seconds left.\n|inactive|ConDanone has 15 seconds left.\n|inactive|ConDanone has 10 seconds left.\n|\n|t:|1684007033\n|move|p2b: Gyarados|Thunder Wave|p1b: Iron Hands|[miss]\n|-miss|p2b: Gyarados|p1b: Iron Hands\n|cant|p1a: Gyarados|par\n|move|p1b: Iron Hands|Wild Charge|p2b: Gyarados\n|-supereffective|p2b: Gyarados\n|-damage|p2b: Gyarados|0 fnt\n|faint|p2b: Gyarados\n|-damage|p1b: Iron Hands|38\/100|[from] Recoil\n|move|p2a: Amoonguss|Pollen Puff|p2: Gyarados|[notarget]\n|-fail|p2a: Amoonguss\n|\n|-heal|p2a: Amoonguss|77\/100|[from] item: Leftovers\n|upkeep\n|\n|t:|1684007049\n|switch|p2b: Dragapult|Dragapult, L50, M, tera:Steel|15\/100 par\n|turn|14\n|inactive|ConDanone has 30 seconds left.\n|inactive|ConDanone has 20 seconds left.\n|\n|t:|1684007086\n|move|p2b: Dragapult|Dragon Darts|p1b: Iron Hands\n|-damage|p1b: Iron Hands|13\/100\n|-anim|p2b: Dragapult|Dragon Darts|p1a: Gyarados\n|-damage|p1a: Gyarados|36\/100 par\n|move|p1b: Iron Hands|Drain Punch|p2a: Amoonguss\n|-resisted|p2a: Amoonguss\n|-damage|p2a: Amoonguss|65\/100\n|-heal|p1b: Iron Hands|18\/100|[from] drain|[of] p2a: Amoonguss\n|cant|p1a: Gyarados|par\n|move|p2a: Amoonguss|Pollen Puff|p2b: Dragapult\n|-heal|p2b: Dragapult|65\/100 par\n|\n|-heal|p2a: Amoonguss|71\/100|[from] item: Leftovers\n|-end|p2a: Amoonguss|move: Taunt\n|upkeep\n|turn|15\n|inactive|Alexis_student has 30 seconds left.\n|inactive|Alexis_student has 20 seconds left.\n|\n|t:|1684007122\n|-end|p1b: Iron Hands|Quark Drive|[silent]\n|switch|p1b: Flutter Mane|Flutter Mane, L50|91\/100\n|move|p2a: Amoonguss|Rage Powder|p2a: Amoonguss\n|-singleturn|p2a: Amoonguss|move: Rage Powder\n|move|p2b: Dragapult|Dragon Darts|p1a: Gyarados\n|-damage|p1a: Gyarados|2\/100 par\n|-enditem|p1a: Gyarados|Aguav Berry|[eat]\n|-heal|p1a: Gyarados|35\/100 par|[from] item: Aguav Berry\n|-anim|p2b: Dragapult|Dragon Darts|p1a: Gyarados\n|-damage|p1a: Gyarados|0 fnt\n|faint|p1a: Gyarados\n|\n|-heal|p2a: Amoonguss|77\/100|[from] item: Leftovers\n|upkeep\n|\n|t:|1684007136\n|switch|p1a: Iron Hands|Iron Hands, L50, tera:Grass|18\/100\n|turn|16\n|inactive|ConDanone has 30 seconds left.\n|\n|t:|1684007151\n|move|p1b: Flutter Mane|Shadow Ball|p2a: Amoonguss\n|-damage|p2a: Amoonguss|31\/100\n|-damage|p1b: Flutter Mane|81\/100|[from] item: Life Orb\n|move|p2b: Dragapult|Dragon Darts|p1a: Iron Hands\n|-damage|p1a: Iron Hands|0 fnt\n|faint|p1a: Iron Hands\n|-end|p1a: Iron Hands|Quark Drive|[silent]\n|move|p2a: Amoonguss|Pollen Puff|p2b: Dragapult\n|-heal|p2b: Dragapult|100\/100 par\n|\n|-heal|p2a: Amoonguss|37\/100|[from] item: Leftovers\n|upkeep\n|turn|17\n|inactive|ConDanone has 30 seconds left this turn.\n|inactive|ConDanone has 20 seconds left.\n|inactive|ConDanone has 15 seconds left.\n|\n|t:|1684007170\n|move|p1b: Flutter Mane|Shadow Ball|p2a: Amoonguss\n|-damage|p2a: Amoonguss|0 fnt\n|faint|p2a: Amoonguss\n|-damage|p1b: Flutter Mane|71\/100|[from] item: Life Orb\n|cant|p2b: Dragapult|par\n|\n|upkeep\n|turn|18\n|inactive|ConDanone has 15 seconds left this turn.\n|inactive|ConDanone has 10 seconds left.\n|inactive|ConDanone has 5 seconds left.\n|\n|t:|1684007184\n|move|p1b: Flutter Mane|Shadow Ball|p2b: Dragapult\n|-damage|p2b: Dragapult|21\/100 par\n|-damage|p1b: Flutter Mane|61\/100|[from] item: Life Orb\n|cant|p2b: Dragapult|par\n|\n|upkeep\n|turn|19\n|inactive|ConDanone has 5 seconds left this turn.\n|c|\u2606ConDanone|gg i cant hit you xd\n|-message|ConDanone lost due to inactivity.\n|\n|win|Alexis_student\n|raw|Alexis_student's rating: 1290 → 1310<\/strong> (+20 for winning)\n|raw|ConDanone's rating: 1224 → 1204<\/strong> (-20 for losing)\n","uploadtime":1684007195,"views":9,"p1id":"alexisstudent","p2id":"condanone","formatid":"gen9vgc2023regulationc","rating":1204,"private":0,"password":""}