{"id":"gen9vgc2023regulationc-1862821403","p1":"Samax2599","p2":"Camodude27","format":"[Gen 9] VGC 2023 Regulation C","log":"|j|\u2606Samax2599\n|j|\u2606Camodude27\n|t:|1683925709\n|gametype|doubles\n|player|p1|Samax2599|266|\n|player|p2|Camodude27|palmer|\n|teamsize|p1|6\n|teamsize|p2|6\n|gen|9\n|tier|[Gen 9] VGC 2023 Regulation C\n|rule|Species Clause: Limit one of each Pok\u00e9mon\n|rule|Item Clause: Limit one of each item\n|clearpoke\n|poke|p1|Arcanine, L50, M|\n|poke|p1|Roaring Moon, L50|\n|poke|p1|Gengar, L50, F|\n|poke|p1|Medicham, L50, M|\n|poke|p1|Sylveon, L50, M|\n|poke|p1|Ampharos, L50, M|\n|poke|p2|Meowscarada, L50, M|\n|poke|p2|Primeape, L50, F|\n|poke|p2|Chi-Yu, L50|\n|poke|p2|Persian, L50, F|\n|poke|p2|Kilowattrel, L50, F|\n|poke|p2|Gardevoir, L50, F|\n|teampreview|4\n|c|\u2606Camodude27|g1\n|c|\u2606Samax2599|can i open all 3 and post lives?\n|c|\u2606Camodude27|sure\n|c|\u2606Samax2599|alright gimme a min :)\n|j| PurpleStyle\n|j| sucabaVGC\n|j| thejordanvgc\n|c|\u2606Samax2599|alright glhf!\n|c|\u2606Camodude27|u2\n|l| thejordanvgc\n|\n|t:|1683925850\n|start\n|switch|p1a: Vaatu|Gengar, L50, F|100\/100\n|switch|p1b: Ty Lee|Medicham, L50, M|100\/100\n|switch|p2a: Meowscarada|Meowscarada, L50, M|100\/100\n|switch|p2b: Primeape|Primeape, L50, F|100\/100\n|turn|1\n|j| thejordanvgc\n|\n|t:|1683925878\n|move|p2a: Meowscarada|Protect|p2a: Meowscarada\n|-singleturn|p2a: Meowscarada|Protect\n|move|p2b: Primeape|Protect|p2b: Primeape\n|-singleturn|p2b: Primeape|Protect\n|move|p1b: Ty Lee|Close Combat|p2a: Meowscarada\n|-activate|p2a: Meowscarada|move: Protect\n|move|p1a: Vaatu|Sludge Bomb|p2a: Meowscarada\n|-activate|p2a: Meowscarada|move: Protect\n|\n|upkeep\n|turn|2\n|\n|t:|1683925903\n|-terastallize|p2b: Primeape|Ghost\n|move|p1b: Ty Lee|Close Combat|p2a: Meowscarada\n|-supereffective|p2a: Meowscarada\n|-enditem|p2a: Meowscarada|Focus Sash\n|-damage|p2a: Meowscarada|1\/100\n|-unboost|p1b: Ty Lee|def|1\n|-unboost|p1b: Ty Lee|spd|1\n|move|p2a: Meowscarada|Flower Trick|p2b: Primeape\n|-crit|p2b: Primeape\n|-damage|p2b: Primeape|65\/100\n|-setboost|p2b: Primeape|atk|6|[from] ability: Anger Point\n|move|p1a: Vaatu|Encore|p2b: Primeape\n|-start|p2b: Primeape|Encore\n|move|p2b: Primeape|Protect||[still]\n|-fail|p2b: Primeape\n|\n|upkeep\n|turn|3\n|\n|t:|1683925927\n|move|p2b: Primeape|Protect|p2b: Primeape\n|-singleturn|p2b: Primeape|Protect\n|move|p1b: Ty Lee|Close Combat|p2a: Meowscarada\n|-supereffective|p2a: Meowscarada\n|-damage|p2a: Meowscarada|0 fnt\n|-unboost|p1b: Ty Lee|def|1\n|-unboost|p1b: Ty Lee|spd|1\n|faint|p2a: Meowscarada\n|move|p1a: Vaatu|Imprison|p1a: Vaatu\n|-start|p1a: Vaatu|move: Imprison\n|\n|upkeep\n|\n|t:|1683925945\n|switch|p2a: Chi-Yu|Chi-Yu, L50|100\/100\n|-ability|p2a: Chi-Yu|Beads of Ruin\n|turn|4\n|\n|t:|1683925963\n|move|p1b: Ty Lee|Close Combat|p2a: Chi-Yu\n|-supereffective|p2a: Chi-Yu\n|-damage|p2a: Chi-Yu|0 fnt\n|-unboost|p1b: Ty Lee|def|1\n|-unboost|p1b: Ty Lee|spd|1\n|faint|p2a: Chi-Yu\n|move|p1a: Vaatu|Sludge Bomb|p2b: Primeape\n|-resisted|p2b: Primeape\n|-damage|p2b: Primeape|43\/100\n|-status|p2b: Primeape|psn\n|-activate|p2b: Primeape|move: Struggle\n|move|p2b: Primeape|Struggle|p1a: Vaatu\n|-damage|p1a: Vaatu|19\/100\n|-damage|p2b: Primeape|18\/100 psn|[from] recoil\n|\n|-damage|p2b: Primeape|6\/100 psn|[from] psn\n|-end|p2b: Primeape|Encore\n|upkeep\n|\n|t:|1683925978\n|switch|p2a: Gardevoir|Gardevoir, L50, F|100\/100\n|turn|5\n|\n|t:|1683926002\n|move|p1b: Ty Lee|Close Combat|p2a: Gardevoir\n|-resisted|p2a: Gardevoir\n|-damage|p2a: Gardevoir|65\/100\n|-unboost|p1b: Ty Lee|def|1\n|-unboost|p1b: Ty Lee|spd|1\n|move|p2a: Gardevoir|Shadow Ball|p1a: Vaatu\n|-supereffective|p1a: Vaatu\n|-damage|p1a: Vaatu|0 fnt\n|-start|p2a: Gardevoir|Disable|Shadow Ball|[from] ability: Cursed Body|[of] p1a: Vaatu\n|faint|p1a: Vaatu\n|move|p2b: Primeape|Drain Punch|p1b: Ty Lee\n|-resisted|p1b: Ty Lee\n|-damage|p1b: Ty Lee|0 fnt\n|-heal|p2b: Primeape|46\/100 psn|[from] drain|[of] p1b: Ty Lee\n|faint|p1b: Ty Lee\n|\n|-damage|p2b: Primeape|34\/100 psn|[from] psn\n|upkeep\n|\n|t:|1683926019\n|switch|p1a: Yue|Roaring Moon, L50|100\/100\n|switch|p1b: SECRET TUNNEL|Sylveon, L50, M|100\/100\n|-enditem|p1a: Yue|Booster Energy\n|-activate|p1a: Yue|ability: Protosynthesis|[fromitem]\n|-start|p1a: Yue|protosynthesisspe\n|turn|6\n|\n|t:|1683926037\n|move|p1a: Yue|Throat Chop|p2b: Primeape\n|-supereffective|p2b: Primeape\n|-damage|p2b: Primeape|0 fnt\n|faint|p2b: Primeape\n|-activate|p2a: Gardevoir|move: Struggle\n|move|p2a: Gardevoir|Struggle|p1b: SECRET TUNNEL\n|-damage|p1b: SECRET TUNNEL|92\/100\n|-damage|p2a: Gardevoir|40\/100|[from] recoil\n|move|p1b: SECRET TUNNEL|Hyper Voice|p2a: Gardevoir\n|-damage|p2a: Gardevoir|0 fnt\n|faint|p2a: Gardevoir\n|\n|win|Samax2599\n|c|\u2606Samax2599|gg\n|c|\u2606Camodude27|gg\n|l| thejordanvgc\n|l| PurpleStyle\n|l| sucabaVGC\n","uploadtime":1683926359,"views":33,"p1id":"samax2599","p2id":"camodude27","formatid":"gen9vgc2023regulationc","rating":0,"private":0,"password":""}