{"id":"gen9vgc2023regulationc-1850637822","p1":"bombart","p2":"arbokiara","format":"[Gen 9] VGC 2023 Regulation C","log":"|j|\u2606bombart\n|j|\u2606arbokiara\n|t:|1682355069\n|gametype|doubles\n|player|p1|bombart|266|1253\n|player|p2|arbokiara|shadowtriad|1326\n|teamsize|p1|6\n|teamsize|p2|6\n|gen|9\n|tier|[Gen 9] VGC 2023 Regulation C\n|rated|\n|rule|Species Clause: Limit one of each Pok\u00e9mon\n|rule|Item Clause: Limit one of each item\n|clearpoke\n|poke|p1|Kingambit, L50, F|\n|poke|p1|Ting-Lu, L50|\n|poke|p1|Gyarados, L50, M|\n|poke|p1|Flutter Mane, L50|\n|poke|p1|Volcarona, L50, M|\n|poke|p1|Iron Hands, L50|\n|poke|p2|Flutter Mane, L50|\n|poke|p2|Great Tusk, L50|\n|poke|p2|Chi-Yu, L50|\n|poke|p2|Murkrow, L50, M|\n|poke|p2|Maushold-Four, L50|\n|poke|p2|Gyarados, L50, F|\n|teampreview|4\n|inactive|Battle timer is ON: inactive players will automatically lose when time's up. (requested by arbokiara)\narbokiara has agreed to open team sheets.\n|inactive|arbokiara has 60 seconds left.\n|\n|t:|1682355103\n|start\n|switch|p1a: Kingambit|Kingambit, L50, F|100\/100\n|switch|p1b: Gyarados|Gyarados, L50, M|100\/100\n|switch|p2a: Murkrow|Murkrow, L50, M|100\/100\n|switch|p2b: Flutter Mane|Flutter Mane, L50|100\/100\n|-ability|p1b: Gyarados|Intimidate|boost\n|-unboost|p2a: Murkrow|atk|1\n|-unboost|p2b: Flutter Mane|atk|1\n|turn|1\n|\n|t:|1682355126\n|-end|p2b: Flutter Mane|Protosynthesis|[silent]\n|switch|p2b: Great Tusk|Great Tusk, L50|100\/100\n|switch|p1b: Ting-Lu|Ting-Lu, L50|100\/100\n|-ability|p1b: Ting-Lu|Vessel of Ruin\n|move|p2a: Murkrow|Sunny Day|p2a: Murkrow\n|-weather|SunnyDay\n|-activate|p2b: Great Tusk|ability: Protosynthesis\n|-start|p2b: Great Tusk|protosynthesisatk\n|move|p1a: Kingambit|Kowtow Cleave|p2b: Great Tusk\n|-resisted|p2b: Great Tusk\n|-damage|p2b: Great Tusk|81\/100\n|\n|-weather|SunnyDay|[upkeep]\n|upkeep\n|turn|2\n|\n|t:|1682355149\n|switch|p1a: Gyarados|Gyarados, L50, M|100\/100\n|-ability|p1a: Gyarados|Intimidate|boost\n|-unboost|p2a: Murkrow|atk|1\n|-unboost|p2b: Great Tusk|atk|1\n|move|p2a: Murkrow|Tailwind|p2a: Murkrow\n|-sidestart|p2: arbokiara|move: Tailwind\n|move|p2b: Great Tusk|Close Combat|p1b: Ting-Lu\n|-supereffective|p1b: Ting-Lu\n|-damage|p1b: Ting-Lu|37\/100\n|-unboost|p2b: Great Tusk|def|1\n|-unboost|p2b: Great Tusk|spd|1\n|move|p1b: Ting-Lu|Earthquake|p2a: Murkrow|[spread] p2b\n|-immune|p1a: Gyarados\n|-immune|p2a: Murkrow\n|-damage|p2b: Great Tusk|41\/100\n|\n|-weather|SunnyDay|[upkeep]\n|upkeep\n|turn|3\n|\n|t:|1682355172\n|-end|p2b: Great Tusk|Protosynthesis|[silent]\n|switch|p2b: Flutter Mane|Flutter Mane, L50|100\/100\n|-activate|p2b: Flutter Mane|ability: Protosynthesis\n|-start|p2b: Flutter Mane|protosynthesisspe\n|switch|p1b: Iron Hands|Iron Hands, L50|100\/100\n|move|p2a: Murkrow|Brave Bird|p1b: Iron Hands\n|-damage|p1b: Iron Hands|85\/100\n|-damage|p2a: Murkrow|92\/100|[from] Recoil\n|move|p1a: Gyarados|Icy Wind|p2b: Flutter Mane|[spread] p2a,p2b\n|-supereffective|p2a: Murkrow\n|-damage|p2a: Murkrow|62\/100\n|-damage|p2b: Flutter Mane|95\/100\n|-unboost|p2a: Murkrow|spe|1\n|-unboost|p2b: Flutter Mane|spe|1\n|\n|-weather|SunnyDay|[upkeep]\n|upkeep\n|turn|4\n|inactive|arbokiara has 30 seconds left.\n|\n|t:|1682355204\n|switch|p1a: Ting-Lu|Ting-Lu, L50|37\/100\n|-ability|p1a: Ting-Lu|Vessel of Ruin\n|move|p1b: Iron Hands|Detect|p1b: Iron Hands\n|-singleturn|p1b: Iron Hands|Protect\n|move|p2a: Murkrow|Haze|p2a: Murkrow\n|-clearallboost\n|move|p2b: Flutter Mane|Calm Mind|p2b: Flutter Mane\n|-boost|p2b: Flutter Mane|spa|1\n|-boost|p2b: Flutter Mane|spd|1\n|\n|-weather|SunnyDay|[upkeep]\n|upkeep\n|turn|5\n|inactive|arbokiara has 30 seconds left.\n|\n|t:|1682355234\n|switch|p2a: Great Tusk|Great Tusk, L50|41\/100\n|-activate|p2a: Great Tusk|ability: Protosynthesis\n|-start|p2a: Great Tusk|protosynthesisatk\n|-terastallize|p2b: Flutter Mane|Fairy\n|move|p2b: Flutter Mane|Moonblast|p1b: Iron Hands\n|-supereffective|p1b: Iron Hands\n|-damage|p1b: Iron Hands|0 fnt\n|faint|p1b: Iron Hands\n|-end|p1b: Iron Hands|Quark Drive|[silent]\n|move|p1a: Ting-Lu|Heavy Slam|p2b: Flutter Mane\n|-supereffective|p2b: Flutter Mane\n|-damage|p2b: Flutter Mane|0 fnt\n|faint|p2b: Flutter Mane\n|-end|p2b: Flutter Mane|Protosynthesis|[silent]\n|\n|-weather|SunnyDay|[upkeep]\n|-sideend|p2: arbokiara|move: Tailwind\n|upkeep\n|\n|t:|1682355251\n|switch|p2b: Chi-Yu|Chi-Yu, L50|100\/100\n|switch|p1b: Gyarados|Gyarados, L50, M|100\/100\n|-ability|p2b: Chi-Yu|Beads of Ruin\n|-ability|p1b: Gyarados|Intimidate|boost\n|-unboost|p2a: Great Tusk|atk|1\n|-unboost|p2b: Chi-Yu|atk|1\n|turn|6\n|inactive|arbokiara has 30 seconds left.\n|\n|t:|1682355279\n|move|p2a: Great Tusk|Close Combat|p1a: Ting-Lu\n|-supereffective|p1a: Ting-Lu\n|-damage|p1a: Ting-Lu|0 fnt\n|-unboost|p2a: Great Tusk|def|1\n|-unboost|p2a: Great Tusk|spd|1\n|faint|p1a: Ting-Lu\n|move|p2b: Chi-Yu|Heat Wave|p1b: Gyarados\n|-resisted|p1b: Gyarados\n|-damage|p1b: Gyarados|57\/100\n|move|p1b: Gyarados|Thunder Wave|p2b: Chi-Yu\n|-status|p2b: Chi-Yu|par\n|\n|-weather|SunnyDay|[upkeep]\n|upkeep\n|\n|t:|1682355291\n|switch|p1a: Kingambit|Kingambit, L50, F|100\/100\n|turn|7\n|\n|t:|1682355304\n|-end|p2a: Great Tusk|Protosynthesis|[silent]\n|switch|p2a: Murkrow|Murkrow, L50, M|62\/100\n|-terastallize|p1a: Kingambit|Dark\n|move|p1a: Kingambit|Sucker Punch||[still]\n|-fail|p1a: Kingambit\n|move|p1b: Gyarados|Waterfall|p2b: Chi-Yu\n|-supereffective|p2b: Chi-Yu\n|-damage|p2b: Chi-Yu|40\/100 par\n|move|p2b: Chi-Yu|Overheat|p1a: Kingambit\n|-damage|p1a: Kingambit|0 fnt\n|-unboost|p2b: Chi-Yu|spa|2\n|faint|p1a: Kingambit\n|\n|-weather|SunnyDay|[upkeep]\n|upkeep\n|turn|8\n|\n|t:|1682355325\n|move|p2b: Chi-Yu|Protect|p2b: Chi-Yu\n|-singleturn|p2b: Chi-Yu|Protect\n|move|p2a: Murkrow|Brave Bird|p1b: Gyarados\n|-damage|p1b: Gyarados|8\/100\n|-enditem|p1b: Gyarados|Figy Berry|[eat]\n|-heal|p1b: Gyarados|42\/100|[from] item: Figy Berry\n|-damage|p2a: Murkrow|39\/100|[from] Recoil\n|move|p1b: Gyarados|Thunder Wave|p2a: Murkrow\n|-status|p2a: Murkrow|par\n|\n|-weather|none\n|upkeep\n|turn|9\n|\n|t:|1682355342\n|move|p2a: Murkrow|Sunny Day|p2a: Murkrow\n|-weather|SunnyDay\n|move|p1b: Gyarados|Waterfall|p2a: Murkrow\n|-damage|p2a: Murkrow|0 fnt\n|faint|p2a: Murkrow\n|cant|p2b: Chi-Yu|par\n|\n|-weather|SunnyDay|[upkeep]\n|upkeep\n|\n|t:|1682355348\n|switch|p2a: Great Tusk|Great Tusk, L50|41\/100\n|-activate|p2a: Great Tusk|ability: Protosynthesis\n|-start|p2a: Great Tusk|protosynthesisatk\n|turn|10\n|\n|t:|1682355365\n|move|p2a: Great Tusk|Play Rough|p1b: Gyarados\n|-damage|p1b: Gyarados|0 fnt\n|faint|p1b: Gyarados\n|\n|win|arbokiara\n|raw|bombart's rating: 1253 → 1233<\/strong> (-20 for losing)\n|raw|arbokiara's rating: 1326 → 1342<\/strong> (+16 for winning)\n|l|\u2606bombart\n","uploadtime":1682355399,"views":17,"p1id":"bombart","p2id":"arbokiara","formatid":"gen9vgc2023regulationc","rating":1233,"private":0,"password":""}