{"id":"gen9vgc2023regulationc-1846368900","p1":"RalfRabisco","p2":"Ziolale","format":"[Gen 9] VGC 2023 Regulation C","log":"|j|\u2606RalfRabisco\n|j|\u2606Ziolale\n|t:|1681835306\n|gametype|doubles\n|player|p1|RalfRabisco|morty|1168\n|player|p2|Ziolale|benga|1087\n|teamsize|p1|6\n|teamsize|p2|6\n|gen|9\n|tier|[Gen 9] VGC 2023 Regulation C\n|rated|\n|rule|Species Clause: Limit one of each Pok\u00e9mon\n|rule|Item Clause: Limit one of each item\n|clearpoke\n|poke|p1|Annihilape, L50, M|\n|poke|p1|Maushold, L50|\n|poke|p1|Ceruledge, L50, M|\n|poke|p1|Amoonguss, L50, M|\n|poke|p1|Dragapult, L50, F|\n|poke|p1|Chien-Pao, L50|\n|poke|p2|Palafin, L50, F|\n|poke|p2|Chien-Pao, L50|\n|poke|p2|Dragapult, L50, F|\n|poke|p2|Amoonguss, L50, F|\n|poke|p2|Arcanine, L50, F|\n|poke|p2|Flutter Mane, L50|\n|teampreview|4\n|\n|t:|1681835325\n|start\n|switch|p1a: Ceruledge|Ceruledge, L50, M|100\/100\n|switch|p1b: Maushold|Maushold, L50|100\/100\n|switch|p2a: Mimi|Flutter Mane, L50|100\/100\n|switch|p2b: Dnite|Dragapult, L50, F|100\/100\n|-enditem|p2a: Mimi|Booster Energy\n|-activate|p2a: Mimi|ability: Protosynthesis|[fromitem]\n|-start|p2a: Mimi|protosynthesisspa\n|turn|1\n|\n|t:|1681835348\n|-terastallize|p1a: Ceruledge|Grass\n|move|p2a: Mimi|Protect|p2a: Mimi\n|-singleturn|p2a: Mimi|Protect\n|move|p2b: Dnite|Phantom Force||[still]\n|-prepare|p2b: Dnite|Phantom Force\n|move|p1b: Maushold|Beat Up|p2a: Mimi\n|-activate|p2a: Mimi|move: Protect\n|move|p1a: Ceruledge|Bitter Blade|p2a: Mimi\n|-activate|p2a: Mimi|move: Protect\n|\n|upkeep\n|turn|2\n|\n|t:|1681835372\n|-terastallize|p2a: Mimi|Fairy\n|move|p1b: Maushold|Follow Me|p1b: Maushold\n|-singleturn|p1b: Maushold|move: Follow Me\n|move|p2b: Dnite|Phantom Force|p1b: Maushold|[from]lockedmove\n|-immune|p1b: Maushold\n|move|p2a: Mimi|Dazzling Gleam|p1b: Maushold|[spread] p1a,p1b\n|-damage|p1a: Ceruledge|58\/100\n|-damage|p1b: Maushold|35\/100\n|move|p1a: Ceruledge|Bitter Blade|p2a: Mimi\n|-damage|p2a: Mimi|46\/100\n|-heal|p1a: Ceruledge|84\/100|[from] drain|[of] p2a: Mimi\n|\n|upkeep\n|turn|3\n|\n|t:|1681835400\n|move|p1b: Maushold|Protect|p1b: Maushold\n|-singleturn|p1b: Maushold|Protect\n|move|p1a: Ceruledge|Shadow Sneak|p2b: Dnite\n|-supereffective|p2b: Dnite\n|-damage|p2b: Dnite|58\/100\n|move|p2b: Dnite|Phantom Force||[still]\n|-prepare|p2b: Dnite|Phantom Force\n|move|p2a: Mimi|Dazzling Gleam|p1b: Maushold|[spread] p1a\n|-activate|p1b: Maushold|move: Protect\n|-damage|p1a: Ceruledge|41\/100\n|\n|upkeep\n|turn|4\n|\n|t:|1681835419\n|move|p1b: Maushold|Follow Me|p1b: Maushold\n|-singleturn|p1b: Maushold|move: Follow Me\n|move|p2b: Dnite|Phantom Force|p1b: Maushold|[from]lockedmove\n|-immune|p1b: Maushold\n|move|p2a: Mimi|Dazzling Gleam|p1a: Ceruledge|[spread] p1a,p1b\n|-damage|p1a: Ceruledge|0 fnt\n|-damage|p1b: Maushold|0 fnt\n|faint|p1a: Ceruledge\n|faint|p1b: Maushold\n|\n|upkeep\n|\n|t:|1681835428\n|switch|p1b: Amoonguss|Amoonguss, L50, M|100\/100\n|switch|p1a: Annihilape|Annihilape, L50, M|100\/100\n|turn|5\n|\n|t:|1681835451\n|move|p2b: Dnite|Phantom Force||[still]\n|-prepare|p2b: Dnite|Phantom Force\n|move|p2a: Mimi|Dazzling Gleam|p1b: Amoonguss|[spread] p1a,p1b\n|-supereffective|p1a: Annihilape\n|-resisted|p1b: Amoonguss\n|-damage|p1a: Annihilape|30\/100\n|-damage|p1b: Amoonguss|81\/100\n|move|p1a: Annihilape|Rage Fist|p2a: Mimi\n|-damage|p2a: Mimi|0 fnt\n|faint|p2a: Mimi\n|-end|p2a: Mimi|Protosynthesis|[silent]\n|move|p1b: Amoonguss|Pollen Puff|p1a: Annihilape\n|-heal|p1a: Annihilape|80\/100\n|\n|upkeep\n|\n|t:|1681835463\n|switch|p2a: WoChien|Amoonguss, L50, F|100\/100\n|turn|6\n|\n|t:|1681835474\n|move|p1b: Amoonguss|Rage Powder|p1b: Amoonguss\n|-singleturn|p1b: Amoonguss|move: Rage Powder\n|move|p2b: Dnite|Phantom Force|p1b: Amoonguss|[from]lockedmove\n|-damage|p1b: Amoonguss|19\/100\n|-damage|p2b: Dnite|41\/100|[from] item: Rocky Helmet|[of] p1b: Amoonguss\n|move|p1a: Annihilape|Bulk Up|p1a: Annihilape\n|-boost|p1a: Annihilape|atk|1\n|-boost|p1a: Annihilape|def|1\n|move|p2a: WoChien|Spore|p1a: Annihilape\n|-activate|p1a: Annihilape|item: Safety Goggles|Spore\n|\n|upkeep\n|turn|7\n|\n|t:|1681835502\n|switch|p2b: Bundle|Chien-Pao, L50|100\/100\n|-ability|p2b: Bundle|Sword of Ruin\n|move|p2a: WoChien|Rage Powder|p2a: WoChien\n|-singleturn|p2a: WoChien|move: Rage Powder\n|move|p1a: Annihilape|Encore|p2a: WoChien\n|-start|p2a: WoChien|Encore\n|move|p1b: Amoonguss|Pollen Puff|p2a: WoChien\n|-damage|p2a: WoChien|85\/100\n|\n|upkeep\n|turn|8\n|\n|t:|1681835521\n|move|p2a: WoChien|Rage Powder|p2a: WoChien\n|-singleturn|p2a: WoChien|move: Rage Powder\n|move|p2b: Bundle|Ice Spinner|p1b: Amoonguss\n|-supereffective|p1b: Amoonguss\n|-damage|p1b: Amoonguss|0 fnt\n|-damage|p2b: Bundle|84\/100|[from] item: Rocky Helmet|[of] p1b: Amoonguss\n|faint|p1b: Amoonguss\n|move|p1a: Annihilape|Drain Punch|p2b: Bundle\n|-supereffective|p2b: Bundle\n|-damage|p2b: Bundle|0 fnt\n|-heal|p1a: Annihilape|100\/100|[from] drain|[of] p2b: Bundle\n|faint|p2b: Bundle\n|\n|upkeep\n|\n|t:|1681835531\n|switch|p2b: Dnite|Dragapult, L50, F|41\/100\n|turn|9\n|\n|t:|1681835542\n|move|p2a: WoChien|Rage Powder|p2a: WoChien\n|-singleturn|p2a: WoChien|move: Rage Powder\n|move|p2b: Dnite|Phantom Force||[still]\n|-prepare|p2b: Dnite|Phantom Force\n|move|p1a: Annihilape|Rage Fist|p2a: WoChien\n|-damage|p2a: WoChien|36\/100\n|-enditem|p2a: WoChien|Sitrus Berry|[eat]\n|-heal|p2a: WoChien|61\/100|[from] item: Sitrus Berry\n|\n|upkeep\n|turn|10\n|\n|t:|1681835553\n|move|p2a: WoChien|Rage Powder|p2a: WoChien\n|-singleturn|p2a: WoChien|move: Rage Powder\n|move|p2b: Dnite|Phantom Force|p1a: Annihilape|[from]lockedmove\n|-supereffective|p1a: Annihilape\n|-damage|p1a: Annihilape|11\/100\n|move|p1a: Annihilape|Rage Fist|p2b: Dnite\n|-supereffective|p2b: Dnite\n|-damage|p2b: Dnite|0 fnt\n|faint|p2b: Dnite\n|\n|-end|p2a: WoChien|Encore\n|upkeep\n|turn|11\n|\n|t:|1681835569\n|move|p1a: Annihilape|Encore|p2a: WoChien\n|-start|p2a: WoChien|Encore\n|move|p2a: WoChien|Rage Powder|p2a: WoChien\n|-singleturn|p2a: WoChien|move: Rage Powder\n|\n|upkeep\n|turn|12\n|\n|t:|1681835574\n|move|p2a: WoChien|Rage Powder|p2a: WoChien\n|-singleturn|p2a: WoChien|move: Rage Powder\n|move|p1a: Annihilape|Rage Fist|p2a: WoChien\n|-damage|p2a: WoChien|0 fnt\n|faint|p2a: WoChien\n|\n|win|RalfRabisco\n|raw|RalfRabisco's rating: 1168 → 1187<\/strong> (+19 for winning)\n|raw|Ziolale's rating: 1087 → 1069<\/strong> (-18 for losing)\n|l|\u2606Ziolale\n","uploadtime":1681835701,"views":14,"p1id":"ralfrabisco","p2id":"ziolale","formatid":"gen9vgc2023regulationc","rating":1069,"private":0,"password":""}