{"id":"gen9vgc2023regulationc-1851065628","p1":"RedS_18","p2":"panth413","format":"[Gen 9] VGC 2023 Regulation C","log":"|j|\u2606RedS_18\n|j|\u2606panth413\n|t:|1682403053\n|gametype|doubles\n|player|p1|RedS_18|riley|1337\n|player|p2|panth413|265|1223\n|teamsize|p1|6\n|teamsize|p2|6\n|gen|9\n|tier|[Gen 9] VGC 2023 Regulation C\n|rated|\n|rule|Species Clause: Limit one of each Pok\u00e9mon\n|rule|Item Clause: Limit one of each item\n|clearpoke\n|poke|p1|Chi-Yu, L50|\n|poke|p1|Dachsbun, L50, F|\n|poke|p1|Chien-Pao, L50|\n|poke|p1|Dragonite, L50, M|\n|poke|p1|Flutter Mane, L50|\n|poke|p1|Azumarill, L50, M|\n|poke|p2|Tyranitar, L50, F|\n|poke|p2|Lycanroc, L50, M|\n|poke|p2|Amoonguss, L50, F|\n|poke|p2|Garchomp, L50, F|\n|poke|p2|Iron Bundle, L50|\n|poke|p2|Talonflame, L50, F|\n|teampreview|4\n|inactive|Battle timer is ON: inactive players will automatically lose when time's up. (requested by RedS_18)\nRedS_18 has agreed to open team sheets.\n|inactive|panth413 has 60 seconds left.\n|\n|t:|1682403106\n|start\n|switch|p1a: Chien-Pao|Chien-Pao, L50|100\/100\n|switch|p1b: Azumarill|Azumarill, L50, M|100\/100\n|switch|p2a: Tyranitar|Tyranitar, L50, F|100\/100\n|switch|p2b: Lycanroc|Lycanroc, L50, M|100\/100\n|-ability|p1a: Chien-Pao|Sword of Ruin\n|-weather|Sandstorm|[from] ability: Sand Stream|[of] p2a: Tyranitar\n|turn|1\n|\n|t:|1682403130\n|move|p1a: Chien-Pao|Protect|p1a: Chien-Pao\n|-singleturn|p1a: Chien-Pao|Protect\n|move|p2b: Lycanroc|Rock Slide|p1b: Azumarill|[spread] p1b\n|-activate|p1a: Chien-Pao|move: Protect\n|-damage|p1b: Azumarill|62\/100\n|move|p2a: Tyranitar|Low Kick|p1a: Chien-Pao\n|-activate|p1a: Chien-Pao|move: Protect\n|cant|p1b: Azumarill|flinch\n|\n|-weather|Sandstorm|[upkeep]\n|-damage|p1a: Chien-Pao|95\/100|[from] Sandstorm\n|-damage|p1b: Azumarill|57\/100|[from] Sandstorm\n|upkeep\n|turn|2\n|inactive|panth413 has 30 seconds left.\n|\n|t:|1682403156\n|-terastallize|p1a: Chien-Pao|Fighting\n|move|p1b: Azumarill|Aqua Jet|p2b: Lycanroc\n|-supereffective|p2b: Lycanroc\n|-enditem|p2b: Lycanroc|Focus Sash\n|-damage|p2b: Lycanroc|1\/100\n|move|p2b: Lycanroc|Rock Slide|p1a: Chien-Pao|[spread] p1a,p1b\n|-resisted|p1a: Chien-Pao\n|-damage|p1a: Chien-Pao|74\/100\n|-damage|p1b: Azumarill|13\/100\n|move|p1a: Chien-Pao|Sacred Sword|p2a: Tyranitar\n|-supereffective|p2a: Tyranitar\n|-damage|p2a: Tyranitar|0 fnt\n|faint|p2a: Tyranitar\n|\n|-weather|Sandstorm|[upkeep]\n|-damage|p1a: Chien-Pao|68\/100|[from] Sandstorm\n|-damage|p1b: Azumarill|7\/100|[from] Sandstorm\n|upkeep\n|\n|t:|1682403172\n|switch|p2a: Iron Bundle|Iron Bundle, L50|100\/100\n|-enditem|p2a: Iron Bundle|Booster Energy\n|-activate|p2a: Iron Bundle|ability: Quark Drive|[fromitem]\n|-start|p2a: Iron Bundle|quarkdrivespe\n|turn|3\n|\n|t:|1682403189\n|move|p1a: Chien-Pao|Protect|p1a: Chien-Pao\n|-singleturn|p1a: Chien-Pao|Protect\n|move|p1b: Azumarill|Protect|p1b: Azumarill\n|-singleturn|p1b: Azumarill|Protect\n|move|p2b: Lycanroc|Accelerock|p1b: Azumarill\n|-activate|p1b: Azumarill|move: Protect\n|move|p2a: Iron Bundle|Freeze-Dry|p1a: Chien-Pao\n|-activate|p1a: Chien-Pao|move: Protect\n|\n|-weather|Sandstorm|[upkeep]\n|-damage|p2a: Iron Bundle|94\/100|[from] Sandstorm\n|-damage|p1a: Chien-Pao|62\/100|[from] Sandstorm\n|-damage|p1b: Azumarill|1\/100|[from] Sandstorm\n|upkeep\n|turn|4\n|\n|t:|1682403208\n|move|p2b: Lycanroc|Protect|p2b: Lycanroc\n|-singleturn|p2b: Lycanroc|Protect\n|move|p1b: Azumarill|Aqua Jet|p2b: Lycanroc\n|-activate|p2b: Lycanroc|move: Protect\n|move|p2a: Iron Bundle|Encore|p1a: Chien-Pao\n|-start|p1a: Chien-Pao|Encore\n|move|p1a: Chien-Pao|Protect||[still]\n|-fail|p1a: Chien-Pao\n|\n|-weather|Sandstorm|[upkeep]\n|-damage|p2a: Iron Bundle|88\/100|[from] Sandstorm\n|-damage|p1a: Chien-Pao|56\/100|[from] Sandstorm\n|-damage|p1b: Azumarill|0 fnt|[from] Sandstorm\n|faint|p1b: Azumarill\n|upkeep\n|\n|t:|1682403215\n|switch|p1b: Dachsbun|Dachsbun, L50, F|100\/100\n|turn|5\n|\n|t:|1682403228\n|move|p1a: Chien-Pao|Protect|p1a: Chien-Pao\n|-singleturn|p1a: Chien-Pao|Protect\n|move|p1b: Dachsbun|Protect|p1b: Dachsbun\n|-singleturn|p1b: Dachsbun|Protect\n|move|p2b: Lycanroc|Rock Slide|p1b: Dachsbun|[spread] \n|-activate|p1a: Chien-Pao|move: Protect\n|-activate|p1b: Dachsbun|move: Protect\n|move|p2a: Iron Bundle|Freeze-Dry|p1b: Dachsbun\n|-activate|p1b: Dachsbun|move: Protect\n|\n|-weather|none\n|upkeep\n|turn|6\n|\n|t:|1682403243\n|move|p1a: Chien-Pao|Protect||[still]\n|-fail|p1a: Chien-Pao\n|move|p2a: Iron Bundle|Freeze-Dry|p1b: Dachsbun\n|-damage|p1b: Dachsbun|68\/100\n|move|p2b: Lycanroc|Rock Slide|p1a: Chien-Pao|[spread] p1a,p1b\n|-resisted|p1a: Chien-Pao\n|-damage|p1a: Chien-Pao|35\/100\n|-damage|p1b: Dachsbun|29\/100\n|cant|p1b: Dachsbun|flinch\n|\n|-heal|p1b: Dachsbun|35\/100|[from] item: Leftovers\n|-end|p1a: Chien-Pao|Encore\n|upkeep\n|turn|7\n|\n|t:|1682403265\n|move|p2b: Lycanroc|Protect|p2b: Lycanroc\n|-singleturn|p2b: Lycanroc|Protect\n|move|p2a: Iron Bundle|Encore|p1a: Chien-Pao\n|-start|p1a: Chien-Pao|Encore\n|move|p1a: Chien-Pao|Protect|p1a: Chien-Pao\n|-singleturn|p1a: Chien-Pao|Protect\n|move|p1b: Dachsbun|Body Press|p2a: Iron Bundle\n|-supereffective|p2a: Iron Bundle\n|-damage|p2a: Iron Bundle|23\/100\n|\n|-heal|p1b: Dachsbun|41\/100|[from] item: Leftovers\n|upkeep\n|turn|8\n|\n|t:|1682403278\n|move|p1a: Chien-Pao|Protect||[still]\n|-fail|p1a: Chien-Pao\n|move|p1b: Dachsbun|Protect|p1b: Dachsbun\n|-singleturn|p1b: Dachsbun|Protect\n|move|p2a: Iron Bundle|Freeze-Dry|p1b: Dachsbun\n|-activate|p1b: Dachsbun|move: Protect\n|move|p2b: Lycanroc|Rock Slide|p1a: Chien-Pao|[spread] p1a\n|-activate|p1b: Dachsbun|move: Protect\n|-resisted|p1a: Chien-Pao\n|-damage|p1a: Chien-Pao|13\/100\n|\n|-heal|p1b: Dachsbun|47\/100|[from] item: Leftovers\n|upkeep\n|turn|9\n|\n|t:|1682403293\n|move|p1a: Chien-Pao|Protect|p1a: Chien-Pao\n|-singleturn|p1a: Chien-Pao|Protect\n|move|p2a: Iron Bundle|Freeze-Dry|p1b: Dachsbun\n|-damage|p1b: Dachsbun|14\/100\n|move|p2b: Lycanroc|Rock Slide|p1a: Chien-Pao|[spread] p1b\n|-activate|p1a: Chien-Pao|move: Protect\n|-damage|p1b: Dachsbun|0 fnt\n|faint|p1b: Dachsbun\n|\n|-end|p1a: Chien-Pao|Encore\n|upkeep\n|\n|t:|1682403299\n|switch|p1b: Dragonite|Dragonite, L50, M|100\/100\n|turn|10\n|\n|t:|1682403311\n|move|p1a: Chien-Pao|Protect||[still]\n|-fail|p1a: Chien-Pao\n|move|p2b: Lycanroc|Protect|p2b: Lycanroc\n|-singleturn|p2b: Lycanroc|Protect\n|move|p1b: Dragonite|Extreme Speed|p2a: Iron Bundle\n|-damage|p2a: Iron Bundle|0 fnt\n|faint|p2a: Iron Bundle\n|-end|p2a: Iron Bundle|Quark Drive|[silent]\n|\n|upkeep\n|\n|t:|1682403319\n|switch|p2a: Amoonguss|Amoonguss, L50, F|100\/100\n|turn|11\n|\n|t:|1682403329\n|move|p1b: Dragonite|Extreme Speed|p2b: Lycanroc\n|-resisted|p2b: Lycanroc\n|-damage|p2b: Lycanroc|0 fnt\n|faint|p2b: Lycanroc\n|move|p1a: Chien-Pao|Ice Spinner|p2a: Amoonguss\n|-supereffective|p2a: Amoonguss\n|-damage|p2a: Amoonguss|18\/100\n|-enditem|p2a: Amoonguss|Sitrus Berry|[eat]\n|-heal|p2a: Amoonguss|43\/100|[from] item: Sitrus Berry\n|move|p2a: Amoonguss|Spore|p1b: Dragonite\n|-status|p1b: Dragonite|slp|[from] move: Spore\n|\n|upkeep\n|turn|12\n|\n|t:|1682403349\n|-terastallize|p2a: Amoonguss|Water\n|move|p1a: Chien-Pao|Ice Spinner|p2a: Amoonguss\n|-resisted|p2a: Amoonguss\n|-damage|p2a: Amoonguss|21\/100\n|cant|p1b: Dragonite|slp\n|move|p2a: Amoonguss|Pollen Puff|p1a: Chien-Pao\n|-resisted|p1a: Chien-Pao\n|-damage|p1a: Chien-Pao|0 fnt\n|faint|p1a: Chien-Pao\n|\n|upkeep\n|turn|13\n|\n|t:|1682403362\n|cant|p1b: Dragonite|slp\n|move|p2a: Amoonguss|Clear Smog|p1b: Dragonite\n|-damage|p1b: Dragonite|92\/100 slp\n|-clearboost|p1b: Dragonite\n|\n|upkeep\n|turn|14\n|\n|t:|1682403370\n|-curestatus|p1b: Dragonite|slp|[msg]\n|move|p1b: Dragonite|Outrage|p2a: Amoonguss\n|-damage|p2a: Amoonguss|0 fnt\n|faint|p2a: Amoonguss\n|\n|win|RedS_18\n|raw|RedS_18's rating: 1320 → 1335<\/strong> (+15 for winning)\n|raw|panth413's rating: 1223 → 1205<\/strong> (-18 for losing)\n|l|\u2606RedS_18\n","uploadtime":1682403377,"views":13,"p1id":"reds18","p2id":"panth413","formatid":"gen9vgc2023regulationc","rating":1205,"private":0,"password":""}