{"id":"gen9vgc2023regulationc-1854543475","p1":"FlockOfDeagles","p2":"SullenestDust1","format":"[Gen 9] VGC 2023 Regulation C","log":"|j|\u2606FlockOfDeagles\n|j|\u2606SullenestDust1\n|t:|1682824710\n|gametype|doubles\n|player|p1|FlockOfDeagles|chuck|1144\n|player|p2|SullenestDust1|colress|1183\n|teamsize|p1|6\n|teamsize|p2|6\n|gen|9\n|tier|[Gen 9] VGC 2023 Regulation C\n|rated|\n|rule|Species Clause: Limit one of each Pok\u00e9mon\n|rule|Item Clause: Limit one of each item\n|clearpoke\n|poke|p1|Cetitan, L50, M|\n|poke|p1|Abomasnow, L50, M|\n|poke|p1|Iron Bundle, L50|\n|poke|p1|Gyarados, L50, M|\n|poke|p1|Flutter Mane, L50|\n|poke|p1|Chi-Yu, L50|\n|poke|p2|Flutter Mane, L50|\n|poke|p2|Arcanine, L50, F|\n|poke|p2|Ting-Lu, L50|\n|poke|p2|Amoonguss, L50, M|\n|poke|p2|Garganacl, L50, M|\n|poke|p2|Iron Hands, L50|\n|teampreview|4\n|inactive|Battle timer is ON: inactive players will automatically lose when time's up. (requested by FlockOfDeagles)\n|\n|t:|1682824740\n|start\n|switch|p1a: Cetitan|Cetitan, L50, M|100\/100\n|switch|p1b: Abomasnow|Abomasnow, L50, M|100\/100\n|switch|p2a: Iron Hands|Iron Hands, L50|100\/100\n|switch|p2b: Flutter Mane|Flutter Mane, L50, shiny|100\/100\n|-weather|Snow|[from] ability: Snow Warning|[of] p1b: Abomasnow\n|-enditem|p2a: Iron Hands|Booster Energy\n|-activate|p2a: Iron Hands|ability: Quark Drive|[fromitem]\n|-start|p2a: Iron Hands|quarkdriveatk\n|turn|1\n|inactive|SullenestDust1 has 30 seconds left.\n|\n|t:|1682824770\n|move|p2a: Iron Hands|Fake Out|p1a: Cetitan\n|-damage|p1a: Cetitan|86\/100\n|cant|p1a: Cetitan|flinch\n|move|p2b: Flutter Mane|Mystical Fire|p1b: Abomasnow\n|-supereffective|p1b: Abomasnow\n|-enditem|p1b: Abomasnow|Focus Sash\n|-damage|p1b: Abomasnow|1\/100\n|-unboost|p1b: Abomasnow|spa|1\n|move|p1b: Abomasnow|Aurora Veil|p1b: Abomasnow\n|-sidestart|p1: FlockOfDeagles|move: Aurora Veil\n|\n|-weather|Snow|[upkeep]\n|upkeep\n|turn|2\n|inactive|SullenestDust1 has 30 seconds left.\n|\n|t:|1682824800\n|switch|p1b: Gyarados|Gyarados, L50, M|100\/100\n|-ability|p1b: Gyarados|Intimidate|boost\n|-unboost|p2a: Iron Hands|atk|1\n|-unboost|p2b: Flutter Mane|atk|1\n|move|p1a: Cetitan|Heavy Slam|p2b: Flutter Mane\n|-supereffective|p2b: Flutter Mane\n|-damage|p2b: Flutter Mane|0 fnt\n|faint|p2b: Flutter Mane\n|-end|p2b: Flutter Mane|Protosynthesis|[silent]\n|move|p2a: Iron Hands|Drain Punch|p1b: Gyarados\n|-resisted|p1b: Gyarados\n|-damage|p1b: Gyarados|86\/100\n|\n|-weather|Snow|[upkeep]\n|upkeep\n|\n|t:|1682824818\n|switch|p2b: Arcanine|Arcanine, L50, F|100\/100\n|-ability|p2b: Arcanine|Intimidate|boost\n|-unboost|p1a: Cetitan|atk|1\n|-unboost|p1b: Gyarados|atk|1\n|turn|3\n|\n|t:|1682824841\n|-end|p2a: Iron Hands|Quark Drive|[silent]\n|switch|p2a: Garganacl|Garganacl, L50, M|100\/100\n|move|p1b: Gyarados|Protect|p1b: Gyarados\n|-singleturn|p1b: Gyarados|Protect\n|move|p1a: Cetitan|Liquidation|p2b: Arcanine\n|-supereffective|p2b: Arcanine\n|-damage|p2b: Arcanine|58\/100\n|-unboost|p2b: Arcanine|def|1\n|move|p2b: Arcanine|Will-O-Wisp|p1a: Cetitan\n|-status|p1a: Cetitan|brn\n|\n|-weather|Snow|[upkeep]\n|-damage|p1a: Cetitan|80\/100 brn|[from] brn\n|upkeep\n|turn|4\n|inactive|FlockOfDeagles has 30 seconds left.\n|inactive|SullenestDust1 has 30 seconds left.\n|\n|t:|1682824873\n|move|p1a: Cetitan|Liquidation|p2a: Garganacl\n|-supereffective|p2a: Garganacl\n|-damage|p2a: Garganacl|88\/100\n|move|p2b: Arcanine|Wild Charge|p1b: Gyarados\n|-supereffective|p1b: Gyarados\n|-damage|p1b: Gyarados|8\/100\n|-enditem|p1b: Gyarados|Sitrus Berry|[eat]\n|-heal|p1b: Gyarados|33\/100|[from] item: Sitrus Berry\n|-damage|p2b: Arcanine|38\/100|[from] Recoil\n|move|p1b: Gyarados|Waterfall|p2a: Garganacl\n|-supereffective|p2a: Garganacl\n|-damage|p2a: Garganacl|50\/100\n|cant|p2a: Garganacl|flinch\n|\n|-weather|Snow|[upkeep]\n|-heal|p2a: Garganacl|56\/100|[from] item: Leftovers\n|-damage|p1a: Cetitan|74\/100 brn|[from] brn\n|upkeep\n|turn|5\n|inactive|FlockOfDeagles has 30 seconds left.\n|\n|t:|1682824905\n|switch|p1a: Iron Bundle|Iron Bundle, L50|100\/100\n|-enditem|p1a: Iron Bundle|Booster Energy\n|-activate|p1a: Iron Bundle|ability: Quark Drive|[fromitem]\n|-start|p1a: Iron Bundle|quarkdrivespe\n|move|p2a: Garganacl|Protect|p2a: Garganacl\n|-singleturn|p2a: Garganacl|Protect\n|move|p2b: Arcanine|Wild Charge|p1b: Gyarados\n|-supereffective|p1b: Gyarados\n|-damage|p1b: Gyarados|0 fnt\n|faint|p1b: Gyarados\n|-damage|p2b: Arcanine|30\/100|[from] Recoil\n|\n|-weather|none\n|-heal|p2a: Garganacl|61\/100|[from] item: Leftovers\n|-sideend|p1: FlockOfDeagles|move: Aurora Veil\n|upkeep\n|\n|t:|1682824920\n|switch|p1b: Abomasnow|Abomasnow, L50, M|1\/100\n|-weather|Snow|[from] ability: Snow Warning|[of] p1b: Abomasnow\n|turn|6\n|inactive|SullenestDust1 has 30 seconds left.\n|inactive|SullenestDust1 has 20 seconds left.\n|inactive|SullenestDust1 has 15 seconds left.\n|inactive|SullenestDust1 has 10 seconds left.\n|\n|t:|1682824968\n|move|p1b: Abomasnow|Protect|p1b: Abomasnow\n|-singleturn|p1b: Abomasnow|Protect\n|move|p2b: Arcanine|Extreme Speed|p1a: Iron Bundle\n|-damage|p1a: Iron Bundle|84\/100\n|move|p1a: Iron Bundle|Blizzard|p2a: Garganacl|[spread] p2a,p2b\n|-resisted|p2b: Arcanine\n|-damage|p2a: Garganacl|32\/100\n|-damage|p2b: Arcanine|6\/100\n|move|p2a: Garganacl|Recover|p2a: Garganacl\n|-heal|p2a: Garganacl|82\/100\n|\n|-weather|Snow|[upkeep]\n|-heal|p2a: Garganacl|88\/100|[from] item: Leftovers\n|upkeep\n|turn|7\n|\n|t:|1682824987\n|switch|p1b: Cetitan|Cetitan, L50, M|74\/100 brn\n|move|p2a: Garganacl|Wide Guard|p2a: Garganacl\n|-singleturn|p2a: Garganacl|Wide Guard\n|move|p2b: Arcanine|Extreme Speed|p1b: Cetitan\n|-damage|p1b: Cetitan|60\/100 brn\n|move|p1a: Iron Bundle|Hydro Pump|p2a: Garganacl\n|-supereffective|p2a: Garganacl\n|-damage|p2a: Garganacl|3\/100\n|\n|-weather|Snow|[upkeep]\n|-heal|p2a: Garganacl|9\/100|[from] item: Leftovers\n|-damage|p1b: Cetitan|54\/100 brn|[from] brn\n|upkeep\n|turn|8\n|inactive|FlockOfDeagles has 30 seconds left.\n|\n|t:|1682825015\n|move|p2a: Garganacl|Protect||[still]\n|-fail|p2a: Garganacl\n|move|p1b: Cetitan|Ice Shard|p2a: Garganacl\n|-damage|p2a: Garganacl|2\/100\n|move|p1a: Iron Bundle|Icy Wind|p2a: Garganacl|[spread] p2a,p2b\n|-resisted|p2b: Arcanine\n|-damage|p2a: Garganacl|0 fnt\n|-damage|p2b: Arcanine|0 fnt\n|faint|p2a: Garganacl\n|faint|p2b: Arcanine\n|\n|-weather|Snow|[upkeep]\n|-damage|p1b: Cetitan|48\/100 brn|[from] brn\n|upkeep\n|\n|t:|1682825027\n|switch|p2b: Iron Hands|Iron Hands, L50|100\/100\n|turn|9\n|inactive|FlockOfDeagles has 30 seconds left.\n|\n|t:|1682825053\n|-terastallize|p1a: Iron Bundle|Ghost\n|move|p1a: Iron Bundle|Blizzard|p2b: Iron Hands\n|-damage|p2b: Iron Hands|50\/100\n|move|p1b: Cetitan|Ice Spinner|p2b: Iron Hands\n|-damage|p2b: Iron Hands|36\/100\n|move|p2b: Iron Hands|Drain Punch|p1a: Iron Bundle\n|-immune|p1a: Iron Bundle\n|\n|-weather|Snow|[upkeep]\n|-damage|p1b: Cetitan|42\/100 brn|[from] brn\n|upkeep\n|turn|10\n|-message|SullenestDust1 forfeited.\n|\n|win|FlockOfDeagles\n|raw|FlockOfDeagles's rating: 1144 → 1172<\/strong> (+28 for winning)\n|raw|SullenestDust1's rating: 1183 → 1155<\/strong> (-28 for losing)\n|l|\u2606SullenestDust1\n|c|\u2606FlockOfDeagles|gg\n","uploadtime":1682825294,"views":15,"p1id":"flockofdeagles","p2id":"sullenestdust1","formatid":"gen9vgc2023regulationc","rating":1155,"private":0,"password":""}