{"id":"gen9vgc2023regulationc-1856813320","p1":"PixelDupe1","p2":"Kelenar","format":"[Gen 9] VGC 2023 Regulation C","log":"|j|\u2606PixelDupe1\n|j|\u2606Kelenar\n|t:|1683114965\n|gametype|doubles\n|player|p1|PixelDupe1|palmer|1294\n|player|p2|Kelenar|benga|1343\n|teamsize|p1|6\n|teamsize|p2|6\n|gen|9\n|tier|[Gen 9] VGC 2023 Regulation C\n|rated|\n|rule|Species Clause: Limit one of each Pok\u00e9mon\n|rule|Item Clause: Limit one of each item\n|clearpoke\n|poke|p1|Lilligant, L50, F|\n|poke|p1|Torkoal, L50, M|\n|poke|p1|Flutter Mane, L50|\n|poke|p1|Great Tusk, L50|\n|poke|p1|Chi-Yu, L50|\n|poke|p1|Murkrow, L50, F|\n|poke|p2|Baxcalibur, L50, M|\n|poke|p2|Ting-Lu, L50|\n|poke|p2|Amoonguss, L50, F|\n|poke|p2|Arcanine, L50, F|\n|poke|p2|Palafin, L50, F|\n|poke|p2|Kingambit, L50, M|\n|teampreview|4\nPixelDupe1 has agreed to open team sheets.\n|\n|t:|1683115022\n|start\n|switch|p1a: Lilligant|Lilligant, L50, F|100\/100\n|switch|p1b: Torkoal|Torkoal, L50, M|100\/100\n|switch|p2a: Arcanine|Arcanine, L50, F|100\/100\n|switch|p2b: Baxcalibur|Baxcalibur, L50, M|100\/100\n|-ability|p2a: Arcanine|Intimidate|boost\n|-unboost|p1a: Lilligant|atk|1\n|-unboost|p1b: Torkoal|atk|1\n|-weather|SunnyDay|[from] ability: Drought|[of] p1b: Torkoal\n|turn|1\n|\n|t:|1683115080\n|switch|p1b: Great Tusk|Great Tusk, L50|100\/100\n|-activate|p1b: Great Tusk|ability: Protosynthesis\n|-start|p1b: Great Tusk|protosynthesisatk\n|-terastallize|p2b: Baxcalibur|Water\n|move|p1a: Lilligant|Sleep Powder|p2b: Baxcalibur\n|-status|p2b: Baxcalibur|slp|[from] move: Sleep Powder\n|move|p2a: Arcanine|Flare Blitz|p1a: Lilligant\n|-supereffective|p1a: Lilligant\n|-enditem|p1a: Lilligant|Focus Sash\n|-damage|p1a: Lilligant|1\/100\n|-damage|p2a: Arcanine|71\/100|[from] Recoil\n|cant|p2b: Baxcalibur|slp\n|\n|-weather|SunnyDay|[upkeep]\n|upkeep\n|turn|2\n|\n|t:|1683115110\n|move|p2a: Arcanine|Extreme Speed|p1a: Lilligant\n|-damage|p1a: Lilligant|0 fnt\n|faint|p1a: Lilligant\n|move|p1b: Great Tusk|Earthquake|p2b: Baxcalibur|[spread] p2a,p2b\n|-supereffective|p2a: Arcanine\n|-damage|p2a: Arcanine|0 fnt\n|-damage|p2b: Baxcalibur|52\/100 slp\n|faint|p2a: Arcanine\n|cant|p2b: Baxcalibur|slp\n|\n|-weather|SunnyDay|[upkeep]\n|upkeep\n|\n|t:|1683115126\n|switch|p1a: Flutter Mane|Flutter Mane, L50|100\/100\n|switch|p2a: Amoonguss|Amoonguss, L50, F|100\/100\n|-activate|p1a: Flutter Mane|ability: Protosynthesis\n|-start|p1a: Flutter Mane|protosynthesisspa\n|turn|3\n|\n|t:|1683115149\n|-curestatus|p2b: Baxcalibur|slp|[msg]\n|move|p2b: Baxcalibur|Protect|p2b: Baxcalibur\n|-singleturn|p2b: Baxcalibur|Protect\n|move|p1a: Flutter Mane|Shadow Ball|p2a: Amoonguss\n|-damage|p2a: Amoonguss|51\/100\n|move|p1b: Great Tusk|Headlong Rush|p2a: Amoonguss\n|-damage|p2a: Amoonguss|0 fnt\n|-unboost|p1b: Great Tusk|def|1\n|-unboost|p1b: Great Tusk|spd|1\n|faint|p2a: Amoonguss\n|\n|-weather|SunnyDay|[upkeep]\n|upkeep\n|\n|t:|1683115162\n|switch|p2a: Ting-Lu|Ting-Lu, L50|100\/100\n|-ability|p2a: Ting-Lu|Vessel of Ruin\n|turn|4\n|\n|t:|1683115173\n|-terastallize|p1a: Flutter Mane|Fairy\n|move|p2b: Baxcalibur|Ice Shard|p1b: Great Tusk\n|-supereffective|p1b: Great Tusk\n|-damage|p1b: Great Tusk|44\/100\n|move|p1a: Flutter Mane|Dazzling Gleam|p2a: Ting-Lu|[spread] p2a,p2b\n|-supereffective|p2a: Ting-Lu\n|-damage|p2a: Ting-Lu|61\/100\n|-damage|p2b: Baxcalibur|13\/100\n|move|p1b: Great Tusk|Close Combat|p2a: Ting-Lu\n|-supereffective|p2a: Ting-Lu\n|-damage|p2a: Ting-Lu|0 fnt\n|-unboost|p1b: Great Tusk|def|1\n|-unboost|p1b: Great Tusk|spd|1\n|faint|p2a: Ting-Lu\n|\n|-weather|SunnyDay|[upkeep]\n|upkeep\n|turn|5\n|\n|t:|1683115190\n|move|p2b: Baxcalibur|Ice Shard|p1b: Great Tusk\n|-supereffective|p1b: Great Tusk\n|-damage|p1b: Great Tusk|0 fnt\n|faint|p1b: Great Tusk\n|-end|p1b: Great Tusk|Protosynthesis|[silent]\n|move|p1a: Flutter Mane|Shadow Ball|p2b: Baxcalibur\n|-damage|p2b: Baxcalibur|0 fnt\n|faint|p2b: Baxcalibur\n|\n|win|PixelDupe1\n|raw|PixelDupe1's rating: 1294 → 1323<\/strong> (+29 for winning)\n|raw|Kelenar's rating: 1343 → 1320<\/strong> (-23 for losing)\n","uploadtime":1683115202,"views":8,"p1id":"pixeldupe1","p2id":"kelenar","formatid":"gen9vgc2023regulationc","rating":1320,"private":0,"password":""}