{"id":"gen9vgc2023regulationc-1852345866","p1":"anshar_training","p2":"dayeeterboi69","format":"[Gen 9] VGC 2023 Regulation C","log":"|j|\u2606anshar_training\n|j|\u2606dayeeterboi69\n|t:|1682546452\n|gametype|doubles\n|player|p1|anshar_training|colress|1031\n|player|p2|dayeeterboi69|swimmerf-gen4|1071\n|teamsize|p1|6\n|teamsize|p2|6\n|gen|9\n|tier|[Gen 9] VGC 2023 Regulation C\n|rated|\n|rule|Species Clause: Limit one of each Pok\u00e9mon\n|rule|Item Clause: Limit one of each item\n|clearpoke\n|poke|p1|Palafin, L50, M|\n|poke|p1|Flutter Mane, L50|\n|poke|p1|Arcanine, L50, M|\n|poke|p1|Amoonguss, L50, M|\n|poke|p1|Ting-Lu, L50|\n|poke|p1|Roaring Moon, L50|\n|poke|p2|Maushold-Four, L50|\n|poke|p2|Ting-Lu, L50|\n|poke|p2|Dondozo, L50, F|\n|poke|p2|Tatsugiri, L50, F|\n|poke|p2|Murkrow, L50, F|\n|poke|p2|Flutter Mane, L50|\n|teampreview|4\n|\n|t:|1682546498\n|start\n|switch|p1a: PlusUltra|Palafin, L50, M|100\/100\n|switch|p1b: Susy|Amoonguss, L50, M|100\/100\n|switch|p2a: Maushold|Maushold-Four, L50, shiny|100\/100\n|switch|p2b: Murkrow|Murkrow, L50, F, shiny|100\/100\n|turn|1\n|\n|t:|1682546523\n|detailschange|p1a: PlusUltra|Palafin-Hero, L50, M\n|switch|p1a: Cornelia|Flutter Mane, L50|100\/100\n|move|p2b: Murkrow|Tailwind|p2b: Murkrow\n|-sidestart|p2: dayeeterboi69|move: Tailwind\n|move|p2a: Maushold|Population Bomb|p1a: Cornelia\n|-immune|p1a: Cornelia\n|move|p1b: Susy|Spore|p2a: Maushold\n|-status|p2a: Maushold|slp|[from] move: Spore\n|\n|upkeep\n|turn|2\n|\n|t:|1682546546\n|cant|p2a: Maushold|slp\n|move|p2b: Murkrow|Brave Bird|p1b: Susy\n|-supereffective|p1b: Susy\n|-damage|p1b: Susy|21\/100\n|-enditem|p1b: Susy|Sitrus Berry|[eat]\n|-heal|p1b: Susy|46\/100|[from] item: Sitrus Berry\n|-damage|p2b: Murkrow|58\/100|[from] Recoil\n|move|p1a: Cornelia|Dazzling Gleam|p2b: Murkrow|[spread] p2a,p2b\n|-supereffective|p2b: Murkrow\n|-damage|p2a: Maushold|45\/100 slp\n|-damage|p2b: Murkrow|0 fnt\n|faint|p2b: Murkrow\n|move|p1b: Susy|Spore|p2a: Maushold\n|-fail|p2a: Maushold|slp\n|\n|upkeep\n|\n|t:|1682546563\n|switch|p2b: Flutter Mane|Flutter Mane, L50, shiny|100\/100\n|-enditem|p2b: Flutter Mane|Booster Energy\n|-activate|p2b: Flutter Mane|ability: Protosynthesis|[fromitem]\n|-start|p2b: Flutter Mane|protosynthesisspe\n|turn|3\n|\n|t:|1682546593\n|move|p2b: Flutter Mane|Calm Mind|p2b: Flutter Mane\n|-boost|p2b: Flutter Mane|spa|1\n|-boost|p2b: Flutter Mane|spd|1\n|-curestatus|p2a: Maushold|slp|[msg]\n|move|p2a: Maushold|Population Bomb|p1b: Susy\n|-damage|p1b: Susy|37\/100\n|-damage|p1b: Susy|29\/100\n|-crit|p1b: Susy\n|-damage|p1b: Susy|16\/100\n|-damage|p1b: Susy|7\/100\n|-damage|p1b: Susy|0 fnt\n|faint|p1b: Susy\n|-hitcount|p1: Susy|5\n|move|p1a: Cornelia|Dazzling Gleam|p2a: Maushold|[spread] p2a,p2b\n|-damage|p2a: Maushold|0 fnt\n|-damage|p2b: Flutter Mane|70\/100\n|faint|p2a: Maushold\n|\n|upkeep\n|\n|t:|1682546630\n|switch|p2a: Ting-Lu|Ting-Lu, L50|100\/100\n|switch|p1b: PlusUltra|Palafin-Hero, L50, M|100\/100\n|-ability|p2a: Ting-Lu|Vessel of Ruin\n|-activate|p1b: PlusUltra|ability: Zero to Hero\n|turn|4\n|\n|t:|1682546663\n|-terastallize|p1a: Cornelia|Fairy\n|move|p2b: Flutter Mane|Moonblast|p1a: Cornelia\n|-damage|p1a: Cornelia|50\/100\n|move|p1a: Cornelia|Dazzling Gleam|p2b: Flutter Mane|[spread] p2a,p2b\n|-supereffective|p2a: Ting-Lu\n|-damage|p2a: Ting-Lu|53\/100\n|-damage|p2b: Flutter Mane|41\/100\n|move|p2a: Ting-Lu|Ruination|p1b: PlusUltra\n|-damage|p1b: PlusUltra|50\/100\n|move|p1b: PlusUltra|Haze|p1b: PlusUltra\n|-clearallboost\n|\n|-sideend|p2: dayeeterboi69|move: Tailwind\n|upkeep\n|turn|5\n|\n|t:|1682546697\n|move|p1b: PlusUltra|Jet Punch|p2a: Ting-Lu\n|-supereffective|p2a: Ting-Lu\n|-damage|p2a: Ting-Lu|0 fnt\n|faint|p2a: Ting-Lu\n|move|p2b: Flutter Mane|Moonblast|p1a: Cornelia\n|-damage|p1a: Cornelia|4\/100\n|move|p1a: Cornelia|Dazzling Gleam|p2b: Flutter Mane\n|-damage|p2b: Flutter Mane|0 fnt\n|faint|p2b: Flutter Mane\n|-end|p2b: Flutter Mane|Protosynthesis|[silent]\n|\n|win|anshar_training\n|raw|anshar_training's rating: 1031 → 1070<\/strong> (+39 for winning)\n|raw|dayeeterboi69's rating: 1071 → 1048<\/strong> (-23 for losing)\n","uploadtime":1682546710,"views":14,"p1id":"anshartraining","p2id":"dayeeterboi69","formatid":"gen9vgc2023regulationc","rating":1048,"private":0,"password":""}