{"id":"gen9vgc2023regulationc-1857253223","p1":"CoDameron","p2":"gideon.prager20","format":"[Gen 9] VGC 2023 Regulation C","log":"|j|\u2606CoDameron\n|j|\u2606gideon.prager20\n|t:|1683163807\n|gametype|doubles\n|player|p1|CoDameron|169|1051\n|player|p2|gideon.prager20|169|1169\n|teamsize|p1|6\n|teamsize|p2|6\n|gen|9\n|tier|[Gen 9] VGC 2023 Regulation C\n|rated|\n|rule|Species Clause: Limit one of each Pok\u00e9mon\n|rule|Item Clause: Limit one of each item\n|clearpoke\n|poke|p1|Iron Moth, L50|\n|poke|p1|Gothorita, L50, F|\n|poke|p1|Greedent, L50, F|\n|poke|p1|Bellibolt, L50, M|\n|poke|p1|Scizor, L50, F|\n|poke|p1|Salamence, L50, F|\n|poke|p2|Tinkaton, L50, F|\n|poke|p2|Gholdengo, L50|\n|poke|p2|Arcanine, L50, M|\n|poke|p2|Iron Bundle, L50|\n|poke|p2|Iron Hands, L50|\n|poke|p2|Roaring Moon, L50|\n|teampreview|4\n|\n|t:|1683163830\n|start\n|switch|p1a: Old Fashioned|Salamence, L50, F|100\/100\n|switch|p1b: Gothorita|Gothorita, L50, F|100\/100\n|switch|p2a: Gholdengo|Gholdengo, L50|100\/100\n|switch|p2b: Iron Bundle|Iron Bundle, L50|100\/100\n|-ability|p1a: Old Fashioned|Intimidate|boost\n|-unboost|p2a: Gholdengo|atk|1\n|-unboost|p2b: Iron Bundle|atk|1\n|turn|1\n|inactive|Battle timer is ON: inactive players will automatically lose when time's up. (requested by gideon.prager20)\n|\n|t:|1683163853\n|move|p1b: Gothorita|Fake Out|p2b: Iron Bundle\n|-damage|p2b: Iron Bundle|94\/100\n|cant|p2b: Iron Bundle|flinch\n|move|p1a: Old Fashioned|Tailwind|p1a: Old Fashioned\n|-sidestart|p1: CoDameron|move: Tailwind\n|move|p2a: Gholdengo|Shadow Ball|p1b: Gothorita\n|-supereffective|p1b: Gothorita\n|-crit|p1b: Gothorita\n|-damage|p1b: Gothorita|0 fnt\n|faint|p1b: Gothorita\n|-damage|p2a: Gholdengo|91\/100|[from] item: Life Orb\n|\n|upkeep\n|\n|t:|1683163867\n|switch|p1b: Battery Acid|Iron Moth, L50|100\/100\n|turn|2\n|inactive|gideon.prager20 has 30 seconds left.\n|inactive|gideon.prager20 has 20 seconds left.\n|inactive|gideon.prager20 has 15 seconds left.\n|inactive|gideon.prager20 has 10 seconds left.\n|inactive|gideon.prager20 has 5 seconds left.\n|\n|t:|1683163919\n|move|p1b: Battery Acid|Fiery Dance|p2b: Iron Bundle\n|-damage|p2b: Iron Bundle|7\/100\n|move|p1a: Old Fashioned|Dual Wingbeat|p2b: Iron Bundle\n|-damage|p2b: Iron Bundle|0 fnt\n|faint|p2b: Iron Bundle\n|-end|p2b: Iron Bundle|Quark Drive|[silent]\n|-hitcount|p2: Iron Bundle|1\n|move|p2a: Gholdengo|Shadow Ball|p1b: Battery Acid\n|-damage|p1b: Battery Acid|38\/100\n|-damage|p2a: Gholdengo|81\/100|[from] item: Life Orb\n|\n|upkeep\n|\n|t:|1683163922\n|switch|p2b: Arcanine|Arcanine, L50, M|100\/100\n|-ability|p2b: Arcanine|Intimidate|boost\n|-unboost|p1a: Old Fashioned|atk|1\n|-unboost|p1b: Battery Acid|atk|1\n|turn|3\n|\n|t:|1683163939\n|-terastallize|p1a: Old Fashioned|Ground\n|move|p1b: Battery Acid|Protect|p1b: Battery Acid\n|-singleturn|p1b: Battery Acid|Protect\n|move|p1a: Old Fashioned|Earthquake|p2a: Gholdengo|[spread] p2a,p2b\n|-activate|p1b: Battery Acid|move: Protect\n|-supereffective|p2a: Gholdengo\n|-supereffective|p2b: Arcanine\n|-damage|p2a: Gholdengo|21\/100\n|-damage|p2b: Arcanine|35\/100\n|move|p2b: Arcanine|Will-O-Wisp|p1a: Old Fashioned\n|-status|p1a: Old Fashioned|brn\n|move|p2a: Gholdengo|Make It Rain|p1a: Old Fashioned|[spread] p1a\n|-activate|p1b: Battery Acid|move: Protect\n|-damage|p1a: Old Fashioned|13\/100 brn\n|-unboost|p2a: Gholdengo|spa|1\n|-damage|p2a: Gholdengo|11\/100|[from] item: Life Orb\n|\n|-damage|p1a: Old Fashioned|8\/100 brn|[from] brn\n|upkeep\n|turn|4\n|inactive|CoDameron has 30 seconds left.\n|inactive|CoDameron has 20 seconds left.\n|inactive|CoDameron has 15 seconds left.\n|\n|t:|1683163982\n|move|p1b: Battery Acid|Fiery Dance|p2a: Gholdengo\n|-supereffective|p2a: Gholdengo\n|-damage|p2a: Gholdengo|0 fnt\n|-boost|p1b: Battery Acid|spa|1\n|faint|p2a: Gholdengo\n|move|p1a: Old Fashioned|Earthquake|p2b: Arcanine|[spread] p1b,p2b\n|-supereffective|p1b: Battery Acid\n|-supereffective|p2b: Arcanine\n|-damage|p1b: Battery Acid|0 fnt\n|-damage|p2b: Arcanine|0 fnt\n|faint|p1b: Battery Acid\n|-end|p1b: Battery Acid|Quark Drive|[silent]\n|faint|p2b: Arcanine\n|\n|-damage|p1a: Old Fashioned|2\/100 brn|[from] brn\n|-sideend|p1: CoDameron|move: Tailwind\n|upkeep\n|inactive|gideon.prager20 has 30 seconds left.\n|\n|t:|1683164009\n|switch|p1b: Giancarlo|Greedent, L50, F|100\/100\n|switch|p2b: Iron Hands|Iron Hands, L50|100\/100\n|turn|5\n|\n|t:|1683164017\n|move|p1a: Old Fashioned|Dual Wingbeat|p2b: Iron Hands\n|-damage|p2b: Iron Hands|96\/100\n|-damage|p2b: Iron Hands|90\/100\n|-hitcount|p2b: Iron Hands|2\n|move|p2b: Iron Hands|Drain Punch|p1b: Giancarlo\n|-supereffective|p1b: Giancarlo\n|-damage|p1b: Giancarlo|47\/100\n|-heal|p2b: Iron Hands|100\/100|[from] drain|[of] p1b: Giancarlo\n|move|p1b: Giancarlo|Stuff Cheeks|p1b: Giancarlo\n|-boost|p1b: Giancarlo|def|2\n|-enditem|p1b: Giancarlo|Liechi Berry|[eat]\n|-boost|p1b: Giancarlo|atk|1|[from] item: Liechi Berry\n|-heal|p1b: Giancarlo|80\/100|[from] ability: Cheek Pouch\n|\n|-damage|p1a: Old Fashioned|0 fnt|[from] brn\n|faint|p1a: Old Fashioned\n|upkeep\n|turn|6\n|\n|t:|1683164036\n|move|p2b: Iron Hands|Swords Dance|p2b: Iron Hands\n|-boost|p2b: Iron Hands|atk|2\n|move|p1b: Giancarlo|Psychic Fangs|p2b: Iron Hands\n|-supereffective|p2b: Iron Hands\n|-damage|p2b: Iron Hands|52\/100\n|\n|-heal|p2b: Iron Hands|59\/100|[from] item: Leftovers\n|upkeep\n|turn|7\n|\n|t:|1683164045\n|move|p2b: Iron Hands|Detect|p2b: Iron Hands\n|-singleturn|p2b: Iron Hands|Protect\n|move|p1b: Giancarlo|Giga Impact|p2b: Iron Hands\n|-activate|p2b: Iron Hands|move: Protect\n|\n|-heal|p2b: Iron Hands|65\/100|[from] item: Leftovers\n|upkeep\n|turn|8\n|\n|t:|1683164054\n|-terastallize|p2b: Iron Hands|Grass\n|move|p2b: Iron Hands|Drain Punch|p1b: Giancarlo\n|-supereffective|p1b: Giancarlo\n|-damage|p1b: Giancarlo|22\/100\n|-heal|p2b: Iron Hands|94\/100|[from] drain|[of] p1b: Giancarlo\n|move|p1b: Giancarlo|Giga Impact|p2b: Iron Hands\n|-damage|p2b: Iron Hands|35\/100\n|-mustrecharge|p1b: Giancarlo\n|\n|-heal|p2b: Iron Hands|42\/100|[from] item: Leftovers\n|upkeep\n|turn|9\n|\n|t:|1683164065\n|move|p2b: Iron Hands|Drain Punch|p1b: Giancarlo\n|-supereffective|p1b: Giancarlo\n|-damage|p1b: Giancarlo|0 fnt\n|-heal|p2b: Iron Hands|52\/100|[from] drain|[of] p1b: Giancarlo\n|faint|p1b: Giancarlo\n|\n|win|gideon.prager20\n|raw|CoDameron's rating: 1051 → 1039<\/strong> (-12 for losing)\n|raw|gideon.prager20's rating: 1169 → 1186<\/strong> (+17 for winning)\n|c|\u2606CoDameron|gg\n","uploadtime":1683164079,"views":12,"p1id":"codameron","p2id":"gideonprager20","formatid":"gen9vgc2023regulationc","rating":1039,"private":0,"password":""}