{"id":"gen9vgc2023regulationc-1856537987","p1":"xAkaza","p2":"mysafewordisharder","format":"[Gen 9] VGC 2023 Regulation C","log":"|j|\u2606xAkaza\n|j|\u2606mysafewordisharder\n|t:|1683073124\n|gametype|doubles\n|player|p1|xAkaza|koga|1266\n|player|p2|mysafewordisharder|milo|1169\n|teamsize|p1|6\n|teamsize|p2|6\n|gen|9\n|tier|[Gen 9] VGC 2023 Regulation C\n|rated|\n|rule|Species Clause: Limit one of each Pok\u00e9mon\n|rule|Item Clause: Limit one of each item\n|clearpoke\n|poke|p1|Palafin, L50, F|\n|poke|p1|Arcanine, L50, F|\n|poke|p1|Flutter Mane, L50|\n|poke|p1|Amoonguss, L50, F|\n|poke|p1|Chien-Pao, L50|\n|poke|p1|Ting-Lu, L50|\n|poke|p2|Torkoal, L50, M|\n|poke|p2|Jumpluff, L50, F|\n|poke|p2|Great Tusk, L50|\n|poke|p2|Kingambit, L50, M|\n|poke|p2|Flutter Mane, L50|\n|poke|p2|Gyarados, L50, F|\n|teampreview|4\n|inactive|Battle timer is ON: inactive players will automatically lose when time's up. (requested by xAkaza)\n|c|\u2606mysafewordisharder|glhf\nxAkaza rejected open team sheets.\n|c|\u2606xAkaza|u2\n|inactive|xAkaza has 60 seconds left.\n|inactive|xAkaza has 30 seconds left.\n|\n|t:|1683073196\n|start\n|switch|p1a: Flutter Mane|Flutter Mane, L50|100\/100\n|switch|p1b: Palafin|Palafin, L50, F|100\/100\n|switch|p2a: Great Tusk|Great Tusk, L50|100\/100\n|switch|p2b: Torkoal|Torkoal, L50, M|100\/100\n|-weather|SunnyDay|[from] ability: Drought|[of] p2b: Torkoal\n|-activate|p2a: Great Tusk|ability: Protosynthesis\n|-start|p2a: Great Tusk|protosynthesisatk\n|-activate|p1a: Flutter Mane|ability: Protosynthesis\n|-start|p1a: Flutter Mane|protosynthesisspe\n|turn|1\n|inactive|xAkaza has 30 seconds left.\n|\n|t:|1683073228\n|detailschange|p1b: Palafin|Palafin-Hero, L50, F\n|switch|p1b: Amoonguss|Amoonguss, L50, F|100\/100\n|switch|p2b: Jumpluff|Jumpluff, L50, F|100\/100\n|-terastallize|p2a: Great Tusk|Ground\n|move|p1a: Flutter Mane|Shadow Ball|p2b: Jumpluff\n|-damage|p2b: Jumpluff|20\/100\n|-unboost|p2b: Jumpluff|spd|1\n|move|p2a: Great Tusk|Earthquake|p1b: Amoonguss|[spread] p1a,p1b\n|-immune|p2b: Jumpluff\n|-damage|p1a: Flutter Mane|0 fnt\n|-damage|p1b: Amoonguss|48\/100\n|-enditem|p1b: Amoonguss|Sitrus Berry|[eat]\n|-heal|p1b: Amoonguss|73\/100|[from] item: Sitrus Berry\n|faint|p1a: Flutter Mane\n|-end|p1a: Flutter Mane|Protosynthesis|[silent]\n|\n|-weather|SunnyDay|[upkeep]\n|upkeep\n|\n|t:|1683073250\n|switch|p1a: Chien-Pao|Chien-Pao, L50|100\/100\n|-ability|p1a: Chien-Pao|Sword of Ruin\n|turn|2\n|inactive|xAkaza has 30 seconds left.\n|\n|t:|1683073276\n|-end|p2a: Great Tusk|Protosynthesis|[silent]\n|switch|p2a: Gyarados|Gyarados, L50, F|100\/100\n|-ability|p2a: Gyarados|Intimidate|boost\n|-unboost|p1a: Chien-Pao|atk|1\n|-unboost|p1b: Amoonguss|atk|1\n|move|p2b: Jumpluff|Tailwind|p2b: Jumpluff\n|-sidestart|p2: mysafewordisharder|move: Tailwind\n|move|p1a: Chien-Pao|Ice Spinner|p2a: Gyarados\n|-damage|p2a: Gyarados|65\/100\n|move|p1b: Amoonguss|Spore|p2a: Gyarados\n|-status|p2a: Gyarados|slp|[from] move: Spore\n|\n|-weather|SunnyDay|[upkeep]\n|upkeep\n|turn|3\n|\n|t:|1683073299\n|switch|p1a: Palafin|Palafin-Hero, L50, F|100\/100\n|-activate|p1a: Palafin|ability: Zero to Hero\n|move|p2b: Jumpluff|Pollen Puff|p2a: Gyarados\n|-heal|p2a: Gyarados|100\/100 slp\n|cant|p2a: Gyarados|slp\n|move|p1b: Amoonguss|Pollen Puff|p2b: Jumpluff\n|-damage|p2b: Jumpluff|0 fnt\n|faint|p2b: Jumpluff\n|\n|-weather|SunnyDay|[upkeep]\n|upkeep\n|\n|t:|1683073313\n|switch|p2b: Great Tusk|Great Tusk, L50, tera:Ground|100\/100\n|-activate|p2b: Great Tusk|ability: Protosynthesis\n|-start|p2b: Great Tusk|protosynthesisatk\n|turn|4\n|\n|t:|1683073321\n|move|p1a: Palafin|Protect|p1a: Palafin\n|-singleturn|p1a: Palafin|Protect\n|move|p2b: Great Tusk|Earthquake|p1b: Amoonguss|[spread] p1b\n|-activate|p1a: Palafin|move: Protect\n|-immune|p2a: Gyarados\n|-damage|p1b: Amoonguss|15\/100\n|cant|p2a: Gyarados|slp\n|move|p1b: Amoonguss|Spore|p2b: Great Tusk\n|-status|p2b: Great Tusk|slp|[from] move: Spore\n|\n|-weather|SunnyDay|[upkeep]\n|upkeep\n|turn|5\n|\n|t:|1683073336\n|-end|p2b: Great Tusk|Protosynthesis|[silent]\n|switch|p2b: Torkoal|Torkoal, L50, M|100\/100\n|switch|p1b: Chien-Pao|Chien-Pao, L50|100\/100\n|-ability|p1b: Chien-Pao|Sword of Ruin\n|-terastallize|p1a: Palafin|Water\n|cant|p2a: Gyarados|slp\n|move|p1a: Palafin|Wave Crash|p2b: Torkoal\n|-supereffective|p2b: Torkoal\n|-damage|p2b: Torkoal|0 fnt\n|faint|p2b: Torkoal\n|-damage|p1a: Palafin|72\/100|[from] Recoil\n|\n|-weather|none\n|-sideend|p2: mysafewordisharder|move: Tailwind\n|upkeep\n|\n|t:|1683073350\n|switch|p2b: Great Tusk|Great Tusk, L50, tera:Ground|100\/100 slp\n|turn|6\n|\n|t:|1683073367\n|cant|p2b: Great Tusk|slp\n|move|p1b: Chien-Pao|Ice Spinner|p2a: Gyarados\n|-damage|p2a: Gyarados|52\/100 slp\n|-curestatus|p2a: Gyarados|slp|[msg]\n|move|p2a: Gyarados|Waterfall|p1b: Chien-Pao\n|-damage|p1b: Chien-Pao|54\/100\n|move|p1a: Palafin|Wave Crash|p2a: Gyarados\n|-resisted|p2a: Gyarados\n|-damage|p2a: Gyarados|0 fnt\n|faint|p2a: Gyarados\n|-damage|p1a: Palafin|56\/100|[from] Recoil\n|\n|upkeep\n|turn|7\n|c|\u2606mysafewordisharder|gg wp\n|c|\u2606xAkaza|gg\n|\n|t:|1683073377\n|cant|p2b: Great Tusk|slp\n|move|p1b: Chien-Pao|Ice Spinner|p2b: Great Tusk\n|-supereffective|p2b: Great Tusk\n|-damage|p2b: Great Tusk|21\/100 slp\n|move|p1a: Palafin|Wave Crash|p2b: Great Tusk\n|-supereffective|p2b: Great Tusk\n|-damage|p2b: Great Tusk|0 fnt\n|faint|p2b: Great Tusk\n|-end|p2b: Great Tusk|Protosynthesis|[silent]\n|-damage|p1a: Palafin|49\/100|[from] Recoil\n|\n|win|xAkaza\n|raw|xAkaza's rating: 1266 → 1284<\/strong> (+18 for winning)\n|raw|mysafewordisharder's rating: 1169 → 1151<\/strong> (-18 for losing)\n|l|\u2606xAkaza\n","uploadtime":1683073386,"views":14,"p1id":"xakaza","p2id":"mysafewordisharder","formatid":"gen9vgc2023regulationc","rating":1151,"private":0,"password":""}