{"id":"gen9vgc2023regulationc-1862812156","p1":"zippLapZapper","p2":"Stempe","format":"[Gen 9] VGC 2023 Regulation C","log":"|j|\u2606zippLapZapper\n|j|\u2606Stempe\n|t:|1683924654\n|gametype|doubles\n|player|p1|zippLapZapper|hilbert-wonderlauncher|1423\n|player|p2|Stempe|1|1484\n|teamsize|p1|6\n|teamsize|p2|6\n|gen|9\n|tier|[Gen 9] VGC 2023 Regulation C\n|rated|\n|rule|Species Clause: Limit one of each Pok\u00e9mon\n|rule|Item Clause: Limit one of each item\n|clearpoke\n|poke|p1|Garchomp, L50, M|\n|poke|p1|Talonflame, L50, M|\n|poke|p1|Flutter Mane, L50|\n|poke|p1|Iron Bundle, L50|\n|poke|p1|Chien-Pao, L50|\n|poke|p1|Tyranitar, L50, M|\n|poke|p2|Flutter Mane, L50|\n|poke|p2|Chi-Yu, L50|\n|poke|p2|Farigiraf, L50, M|\n|poke|p2|Murkrow, L50, F|\n|poke|p2|Great Tusk, L50|\n|poke|p2|Dachsbun, L50, F|\n|teampreview|4\nzippLapZapper has agreed to open team sheets.\n|inactive|Battle timer is ON: inactive players will automatically lose when time's up. (requested by zippLapZapper)\nStempe has agreed to open team sheets.\n|\n|t:|1683924717\n|start\n|switch|p1a: Talonflame|Talonflame, L50, M|100\/100\n|switch|p1b: Tyranitar|Tyranitar, L50, M|100\/100\n|switch|p2a: Murkrow|Murkrow, L50, F|100\/100\n|switch|p2b: Great Tusk|Great Tusk, L50|100\/100\n|-weather|Sandstorm|[from] ability: Sand Stream|[of] p1b: Tyranitar\n|turn|1\n|\n|t:|1683924736\n|-terastallize|p1b: Tyranitar|Grass\n|move|p1a: Talonflame|Tailwind|p1a: Talonflame\n|-sidestart|p1: zippLapZapper|move: Tailwind\n|move|p2a: Murkrow|Tailwind|p2a: Murkrow\n|-sidestart|p2: Stempe|move: Tailwind\n|move|p2b: Great Tusk|Close Combat|p1b: Tyranitar\n|-damage|p1b: Tyranitar|44\/100\n|-unboost|p2b: Great Tusk|def|1\n|-unboost|p2b: Great Tusk|spd|1\n|move|p1b: Tyranitar|Rock Slide|p2b: Great Tusk|[spread] p2a,p2b\n|-supereffective|p2a: Murkrow\n|-resisted|p2b: Great Tusk\n|-damage|p2a: Murkrow|3\/100\n|-damage|p2b: Great Tusk|93\/100\n|\n|-weather|Sandstorm|[upkeep]\n|-damage|p2a: Murkrow|0 fnt|[from] Sandstorm\n|-damage|p1b: Tyranitar|38\/100|[from] Sandstorm\n|faint|p2a: Murkrow\n|upkeep\n|\n|t:|1683924740\n|switch|p2a: Chi-Yu|Chi-Yu, L50|100\/100\n|-ability|p2a: Chi-Yu|Beads of Ruin\n|turn|2\n|\n|t:|1683924756\n|move|p1a: Talonflame|Brave Bird|p2b: Great Tusk\n|-supereffective|p2b: Great Tusk\n|-damage|p2b: Great Tusk|7\/100\n|-damage|p1a: Talonflame|71\/100|[from] Recoil\n|move|p2a: Chi-Yu|Heat Wave|p1b: Tyranitar|[spread] p1a,p1b\n|-resisted|p1a: Talonflame\n|-supereffective|p1b: Tyranitar\n|-damage|p1a: Talonflame|33\/100\n|-damage|p1b: Tyranitar|0 fnt\n|faint|p1b: Tyranitar\n|move|p2b: Great Tusk|Ice Spinner|p1a: Talonflame\n|-damage|p1a: Talonflame|0 fnt\n|faint|p1a: Talonflame\n|\n|-weather|Sandstorm|[upkeep]\n|-damage|p2a: Chi-Yu|94\/100|[from] Sandstorm\n|upkeep\n|\n|t:|1683924762\n|switch|p1a: Flutter Mane|Flutter Mane, L50|100\/100\n|switch|p1b: Iron Bundle|Iron Bundle, L50|100\/100\n|-enditem|p1b: Iron Bundle|Booster Energy\n|-activate|p1b: Iron Bundle|ability: Quark Drive|[fromitem]\n|-start|p1b: Iron Bundle|quarkdrivespe\n|turn|3\n|inactive|zippLapZapper has 30 seconds left.\n|inactive|Stempe has 30 seconds left.\n|c|\u2606Stempe|gg\n|inactive|Stempe has 20 seconds left.\n|c|\u2606zippLapZapper|huh?\n|inactive|Stempe has 15 seconds left.\n|c|\u2606zippLapZapper|the game is not over yet :D\n|inactive|Stempe has 10 seconds left.\n|inactive|Stempe has 5 seconds left.\n|\n|t:|1683924822\n|move|p1b: Iron Bundle|Icy Wind|p2b: Great Tusk|[spread] p2a,p2b\n|-resisted|p2a: Chi-Yu\n|-supereffective|p2b: Great Tusk\n|-damage|p2a: Chi-Yu|83\/100\n|-damage|p2b: Great Tusk|0 fnt\n|-unboost|p2a: Chi-Yu|spe|1\n|faint|p2b: Great Tusk\n|-end|p2b: Great Tusk|Protosynthesis|[silent]\n|move|p1a: Flutter Mane|Moonblast|p2a: Chi-Yu\n|-damage|p2a: Chi-Yu|0 fnt\n|faint|p2a: Chi-Yu\n|\n|-weather|Sandstorm|[upkeep]\n|-damage|p1b: Iron Bundle|95\/100|[from] Sandstorm\n|-damage|p1a: Flutter Mane|95\/100|[from] Sandstorm\n|upkeep\n|c|\u2606Stempe|unless you miss icy wind on chi yu it is\n|\n|t:|1683924836\n|switch|p2b: Flutter Mane|Flutter Mane, L50|100\/100\n|-enditem|p2b: Flutter Mane|Booster Energy\n|-activate|p2b: Flutter Mane|ability: Protosynthesis|[fromitem]\n|-start|p2b: Flutter Mane|protosynthesisspe\n|turn|4\n|c|\u2606zippLapZapper|that is a 10% chance for you to win\n|c|\u2606Stempe|yeah I dont bank on those\n|c|\u2606Stempe|lol\n|\n|t:|1683924853\n|move|p2b: Flutter Mane|Protect|p2b: Flutter Mane\n|-singleturn|p2b: Flutter Mane|Protect\n|move|p1b: Iron Bundle|Icy Wind|p2b: Flutter Mane\n|-activate|p2b: Flutter Mane|move: Protect\n|move|p1a: Flutter Mane|Moonblast|p2b: Flutter Mane\n|-activate|p2b: Flutter Mane|move: Protect\n|\n|-weather|Sandstorm|[upkeep]\n|-damage|p1b: Iron Bundle|89\/100|[from] Sandstorm\n|-damage|p2b: Flutter Mane|94\/100|[from] Sandstorm\n|-damage|p1a: Flutter Mane|89\/100|[from] Sandstorm\n|-sideend|p2: Stempe|move: Tailwind\n|-sideend|p1: zippLapZapper|move: Tailwind\n|upkeep\n|turn|5\n|\n|t:|1683924865\n|-terastallize|p2b: Flutter Mane|Steel\n|move|p1b: Iron Bundle|Encore|p2b: Flutter Mane\n|-start|p2b: Flutter Mane|Encore\n|move|p2b: Flutter Mane|Protect||[still]\n|-fail|p2b: Flutter Mane\n|move|p1a: Flutter Mane|Moonblast|p2b: Flutter Mane\n|-resisted|p2b: Flutter Mane\n|-damage|p2b: Flutter Mane|54\/100\n|\n|-weather|none\n|upkeep\n|turn|6\n|c|\u2606zippLapZapper|and you still have tera steel\n|c|\u2606zippLapZapper|not gg at all ^^\n|\n|t:|1683924883\n|move|p2b: Flutter Mane|Protect|p2b: Flutter Mane\n|-singleturn|p2b: Flutter Mane|Protect\n|move|p1b: Iron Bundle|Icy Wind|p2b: Flutter Mane\n|-activate|p2b: Flutter Mane|move: Protect\n|move|p1a: Flutter Mane|Moonblast|p2b: Flutter Mane\n|-activate|p2b: Flutter Mane|move: Protect\n|\n|upkeep\n|turn|7\n|\n|t:|1683924891\n|move|p2b: Flutter Mane|Protect||[still]\n|-fail|p2b: Flutter Mane\n|move|p1b: Iron Bundle|Icy Wind|p2b: Flutter Mane\n|-resisted|p2b: Flutter Mane\n|-damage|p2b: Flutter Mane|41\/100\n|-unboost|p2b: Flutter Mane|spe|1\n|move|p1a: Flutter Mane|Moonblast|p2b: Flutter Mane\n|-resisted|p2b: Flutter Mane\n|-damage|p2b: Flutter Mane|7\/100\n|\n|-end|p2b: Flutter Mane|Encore\n|upkeep\n|turn|8\n|\n|t:|1683924906\n|move|p1b: Iron Bundle|Freeze-Dry|p2b: Flutter Mane\n|-resisted|p2b: Flutter Mane\n|-damage|p2b: Flutter Mane|0 fnt\n|faint|p2b: Flutter Mane\n|-end|p2b: Flutter Mane|Protosynthesis|[silent]\n|\n|win|zippLapZapper\n|raw|zippLapZapper's rating: 1423 → 1446<\/strong> (+23 for winning)\n|raw|Stempe's rating: 1484 → 1461<\/strong> (-23 for losing)\n|c|\u2606zippLapZapper|ggs\n|l|\u2606Stempe\n","uploadtime":1683924913,"views":28,"p1id":"zipplapzapper","p2id":"stempe","formatid":"gen9vgc2023regulationc","rating":1446,"private":0,"password":""}