{"id":"gen9vgc2023regulationc-1856398487","p1":"Topical Rainstorm","p2":"yahya_79","format":"[Gen 9] VGC 2023 Regulation C","log":"|j|\u2606Topical Rainstorm\n|j|\u2606yahya_79\n|t:|1683057634\n|gametype|doubles\n|player|p1|Topical Rainstorm|zinzolin|1065\n|player|p2|yahya_79|1|1097\n|teamsize|p1|6\n|teamsize|p2|6\n|gen|9\n|tier|[Gen 9] VGC 2023 Regulation C\n|rated|\n|rule|Species Clause: Limit one of each Pok\u00e9mon\n|rule|Item Clause: Limit one of each item\n|clearpoke\n|poke|p1|Palafin, L50, F|\n|poke|p1|Tatsugiri-Stretchy, L50, F|\n|poke|p1|Iron Bundle, L50|\n|poke|p1|Arcanine, L50, F|\n|poke|p1|Amoonguss, L50, F|\n|poke|p1|Flutter Mane, L50|\n|poke|p2|Meowscarada, L50, F|\n|poke|p2|Flamigo, L50, F|\n|poke|p2|Tauros-Paldea-Blaze, L50, M|\n|poke|p2|Cetitan, L50, F|\n|poke|p2|Indeedee-F, L50, F|\n|poke|p2|Amoonguss, L50, F|\n|teampreview|4\n|inactive|Battle timer is ON: inactive players will automatically lose when time's up. (requested by Topical Rainstorm)\n|\n|t:|1683057660\n|start\n|switch|p1a: Tatsugiri|Tatsugiri-Stretchy, L50, F|100\/100\n|switch|p1b: Iron Bundle|Iron Bundle, L50|100\/100\n|switch|p2a: Cetitan|Cetitan, L50, F|100\/100\n|switch|p2b: Indeedee|Indeedee-F, L50, F|100\/100\n|-enditem|p1b: Iron Bundle|Booster Energy\n|-activate|p1b: Iron Bundle|ability: Quark Drive|[fromitem]\n|-start|p1b: Iron Bundle|quarkdrivespe\n|turn|1\n|inactive|yahya_79 has 30 seconds left.\n|\n|t:|1683057689\n|move|p2b: Indeedee|Fake Out|p1b: Iron Bundle\n|-damage|p1b: Iron Bundle|91\/100\n|cant|p1b: Iron Bundle|flinch\n|move|p1a: Tatsugiri|Nasty Plot|p1a: Tatsugiri\n|-boost|p1a: Tatsugiri|spa|2\n|move|p2a: Cetitan|Belly Drum|p2a: Cetitan\n|-damage|p2a: Cetitan|50\/100\n|-setboost|p2a: Cetitan|atk|6|[from] move: Belly Drum\n|-enditem|p2a: Cetitan|Sitrus Berry|[eat]\n|-heal|p2a: Cetitan|75\/100|[from] item: Sitrus Berry\n|\n|upkeep\n|turn|2\n|\n|t:|1683057710\n|move|p1b: Iron Bundle|Protect|p1b: Iron Bundle\n|-singleturn|p1b: Iron Bundle|Protect\n|move|p2b: Indeedee|Fake Out||[still]\n|-hint|Fake Out only works on your first turn out.\n|-fail|p2b: Indeedee\n|move|p2a: Cetitan|Ice Shard|p1a: Tatsugiri\n|-enditem|p1a: Tatsugiri|Focus Sash\n|-damage|p1a: Tatsugiri|1\/100\n|move|p1a: Tatsugiri|Muddy Water|p2b: Indeedee|[spread] p2a,p2b\n|-damage|p2a: Cetitan|4\/100\n|-damage|p2b: Indeedee|36\/100\n|\n|upkeep\n|turn|3\n|\n|t:|1683057728\n|move|p2b: Indeedee|Fake Out||[still]\n|-hint|Fake Out only works on your first turn out.\n|-fail|p2b: Indeedee\n|move|p2a: Cetitan|Ice Shard|p1a: Tatsugiri\n|-damage|p1a: Tatsugiri|0 fnt\n|faint|p1a: Tatsugiri\n|move|p1b: Iron Bundle|Freeze-Dry|p2a: Cetitan\n|-resisted|p2a: Cetitan\n|-damage|p2a: Cetitan|0 fnt\n|faint|p2a: Cetitan\n|\n|upkeep\n|\n|t:|1683057738\n|switch|p1a: Arcanine|Arcanine, L50, F|100\/100\n|switch|p2a: Flamigo|Flamigo, L50, F|100\/100\n|-ability|p1a: Arcanine|Intimidate|boost\n|-unboost|p2a: Flamigo|atk|1\n|-fail|p2b: Indeedee|unboost|Attack|[from] ability: Own Tempo|[of] p2b: Indeedee\n|-enditem|p2a: Flamigo|White Herb\n|-clearnegativeboost|p2a: Flamigo|[silent]\n|-copyboost|p2a: Flamigo|p2b: Indeedee|[from] ability: Costar\n|turn|4\n|\n|t:|1683057762\n|move|p2b: Indeedee|Follow Me|p2b: Indeedee\n|-singleturn|p2b: Indeedee|move: Follow Me\n|move|p1b: Iron Bundle|Freeze-Dry|p2b: Indeedee\n|-damage|p2b: Indeedee|3\/100\n|-enditem|p2b: Indeedee|Aguav Berry|[eat]\n|-heal|p2b: Indeedee|37\/100|[from] item: Aguav Berry\n|move|p1a: Arcanine|Wild Charge|p2b: Indeedee\n|-damage|p2b: Indeedee|0 fnt\n|faint|p2b: Indeedee\n|-damage|p1a: Arcanine|91\/100|[from] Recoil\n|move|p2a: Flamigo|Close Combat|p1b: Iron Bundle\n|-supereffective|p1b: Iron Bundle\n|-damage|p1b: Iron Bundle|0 fnt\n|-unboost|p2a: Flamigo|def|1\n|-unboost|p2a: Flamigo|spd|1\n|faint|p1b: Iron Bundle\n|-end|p1b: Iron Bundle|Quark Drive|[silent]\n|\n|upkeep\n|\n|t:|1683057778\n|switch|p1b: Flutter Mane|Flutter Mane, L50|100\/100\n|switch|p2b: Amoonguss|Amoonguss, L50, F|100\/100\n|turn|5\n|inactive|yahya_79 has 30 seconds left.\n|inactive|yahya_79 has 20 seconds left.\n|inactive|yahya_79 has 15 seconds left.\n|inactive|yahya_79 has 10 seconds left.\n|\n|t:|1683057827\n|-terastallize|p1b: Flutter Mane|Ghost\n|-terastallize|p2a: Flamigo|Steel\n|move|p2b: Amoonguss|Rage Powder|p2b: Amoonguss\n|-singleturn|p2b: Amoonguss|move: Rage Powder\n|move|p1b: Flutter Mane|Shadow Ball|p2b: Amoonguss\n|-damage|p2b: Amoonguss|58\/100\n|move|p1a: Arcanine|Flare Blitz|p2b: Amoonguss\n|-supereffective|p2b: Amoonguss\n|-damage|p2b: Amoonguss|0 fnt\n|faint|p2b: Amoonguss\n|-damage|p1a: Arcanine|65\/100|[from] Recoil\n|move|p2a: Flamigo|Liquidation|p1a: Arcanine\n|-supereffective|p1a: Arcanine\n|-damage|p1a: Arcanine|0 fnt\n|faint|p1a: Arcanine\n|\n|upkeep\n|turn|6\n|inactive|yahya_79 has 30 seconds left.\n|\n|t:|1683057861\n|move|p1b: Flutter Mane|Shadow Ball|p2a: Flamigo\n|-damage|p2a: Flamigo|0 fnt\n|faint|p2a: Flamigo\n|\n|win|Topical Rainstorm\n|raw|Topical Rainstorm's rating: 1065 → 1098<\/strong> (+33 for winning)\n|raw|yahya_79's rating: 1097 → 1070<\/strong> (-27 for losing)\n|l|\u2606yahya_79\n","uploadtime":1683057877,"views":6,"p1id":"topicalrainstorm","p2id":"yahya79","formatid":"gen9vgc2023regulationc","rating":1070,"private":0,"password":""}