{"id":"gen9vgc2023regulationc-1848597133","p1":"FunneeMonkee","p2":"Uahhhh","format":"[Gen 9] VGC 2023 Regulation C","log":"|j|\u2606FunneeMonkee\n|j|\u2606Uahhhh\n|t:|1682093155\n|gametype|doubles\n|player|p1|FunneeMonkee|lisia|\n|player|p2|Uahhhh|101|\n|teamsize|p1|6\n|teamsize|p2|6\n|gen|9\n|tier|[Gen 9] VGC 2023 Regulation C\n|rated|Tournament battle\n|rule|Species Clause: Limit one of each Pok\u00e9mon\n|rule|Item Clause: Limit one of each item\n|clearpoke\n|poke|p1|Iron Hands, L50|\n|poke|p1|Palafin, L50, F|\n|poke|p1|Flutter Mane, L50|\n|poke|p1|Amoonguss, L50, F|\n|poke|p1|Chi-Yu, L50|\n|poke|p1|Ting-Lu, L50|\n|poke|p2|Chi-Yu, L50|\n|poke|p2|Iron Bundle, L50|\n|poke|p2|Murkrow, L50, F|\n|poke|p2|Abomasnow, L50, F|\n|poke|p2|Gholdengo, L50|\n|poke|p2|Great Tusk, L50|\n|teampreview|4\n|raw| Open Team Sheet for FunneeMonkee<\/summary>Thick (Iron Hands) @ Safety Goggles Ability: Quark Drive Level: 50 Tera Type: Flying - Fake Out - Drain Punch - Wild Charge - Protect 7 IQ (Palafin) @ Mystic Water Ability: Zero to Hero Level: 50 Shiny: Yes Tera Type: Water - Jet Punch - Wave Crash - Haze - Protect The (Flutter Mane) @ Booster Energy Ability: Protosynthesis Level: 50 Shiny: Yes Tera Type: Water - Dazzling Gleam - Moonblast - Shadow Ball - Protect bogus man (Amoonguss) @ Sitrus Berry Ability: Regenerator Level: 50 Tera Type: Water - Spore - Rage Powder - Pollen Puff - Protect dumb (Chi-Yu) @ Choice Scarf Ability: Beads of Ruin Level: 50 Tera Type: Ghost - Heat Wave - Overheat - Dark Pulse - Snarl uh (Ting-Lu) @ Assault Vest Ability: Vessel of Ruin Level: 50 Tera Type: Poison - Fissure - Stomping Tantrum - Heavy Slam - Ruination <\/details><\/div> Open Team Sheet for Uahhhh<\/summary>Liyuu (Chi-Yu) @ Choice Specs Ability: Beads of Ruin Level: 50 Tera Type: Ghost - Heat Wave - Overheat - Dark Pulse - Psychic \u5305\u88b1\u5305\u88b1 (Iron Bundle) @ Booster Energy Ability: Quark Drive Level: 50 Tera Type: Ice - Freeze-Dry - Blizzard - Icy Wind - Protect Murkrow @ Eviolite Ability: Prankster Level: 50 Tera Type: Ghost - Foul Play - Tailwind - Haze - Sunny Day Abomasnow (F) @ Light Clay Ability: Snow Warning Level: 50 Shiny: Yes Tera Type: Rock - Blizzard - Energy Ball - Helping Hand - Aurora Veil Gholdengo @ Sitrus Berry Ability: Good as Gold Level: 50 Tera Type: Water - Make It Rain - Shadow Ball - Nasty Plot - Protect Great Tusk @ Choice Scarf Ability: Protosynthesis Level: 50 Hidden Power: Fighting Tera Type: Fire - Earthquake - Headlong Rush - Close Combat - Rock Slide <\/details><\/div>\n|j| ROBERT5239423942\n|c|\u2606FunneeMonkee|glhf!\n|c|\u2606Uahhhh|glhf!!!\n|c|\u2606FunneeMonkee|!!!\n|j| godlydefeater\n|\n|t:|1682093237\n|start\n|switch|p1a: 7 IQ|Palafin, L50, F, shiny|100\/100\n|switch|p1b: dumb|Chi-Yu, L50|100\/100\n|switch|p2a: Murkrow|Murkrow, L50, F|100\/100\n|switch|p2b: Liyuu|Chi-Yu, L50|100\/100\n|-ability|p1b: dumb|Beads of Ruin\n|-ability|p2b: Liyuu|Beads of Ruin\n|turn|1\n|\n|t:|1682093293\n|detailschange|p1a: 7 IQ|Palafin-Hero, L50, F, shiny\n|switch|p1a: Thick|Iron Hands, L50|100\/100\n|move|p2a: Murkrow|Sunny Day|p2a: Murkrow\n|-weather|SunnyDay\n|move|p1b: dumb|Snarl|p2b: Liyuu|[spread] p2a,p2b\n|-resisted|p2a: Murkrow\n|-resisted|p2b: Liyuu\n|-damage|p2a: Murkrow|72\/100\n|-damage|p2b: Liyuu|90\/100\n|-unboost|p2a: Murkrow|spa|1\n|-unboost|p2b: Liyuu|spa|1\n|move|p2b: Liyuu|Heat Wave|p1b: dumb|[spread] p1a,p1b\n|-resisted|p1b: dumb\n|-damage|p1a: Thick|33\/100\n|-damage|p1b: dumb|70\/100\n|\n|-weather|SunnyDay|[upkeep]\n|upkeep\n|turn|2\n|\n|t:|1682093311\n|-terastallize|p2b: Liyuu|Ghost\n|move|p1a: Thick|Fake Out|p2b: Liyuu\n|-immune|p2b: Liyuu\n|move|p2a: Murkrow|Haze|p2a: Murkrow\n|-clearallboost\n|move|p1b: dumb|Snarl|p2a: Murkrow|[spread] p2a,p2b\n|-resisted|p2a: Murkrow\n|-supereffective|p2b: Liyuu\n|-crit|p2b: Liyuu\n|-damage|p2a: Murkrow|45\/100\n|-damage|p2b: Liyuu|16\/100\n|-unboost|p2a: Murkrow|spa|1\n|-unboost|p2b: Liyuu|spa|1\n|move|p2b: Liyuu|Heat Wave|p1a: Thick|[spread] p1b\n|-miss|p2b: Liyuu|p1a: Thick\n|-resisted|p1b: dumb\n|-damage|p1b: dumb|37\/100\n|\n|-weather|SunnyDay|[upkeep]\n|upkeep\n|turn|3\n|c|\u2606FunneeMonkee|ouch\n|c|\u2606Uahhhh|np\n|c|\u2606FunneeMonkee|I'm sorry\n|\n|t:|1682093341\n|move|p1a: Thick|Protect|p1a: Thick\n|-singleturn|p1a: Thick|Protect\n|move|p2a: Murkrow|Tailwind|p2a: Murkrow\n|-sidestart|p2: Uahhhh|move: Tailwind\n|move|p2b: Liyuu|Heat Wave|p1b: dumb|[spread] p1b\n|-activate|p1a: Thick|move: Protect\n|-resisted|p1b: dumb\n|-damage|p1b: dumb|4\/100\n|move|p1b: dumb|Snarl|p2a: Murkrow|[spread] p2a,p2b\n|-resisted|p2a: Murkrow\n|-supereffective|p2b: Liyuu\n|-damage|p2a: Murkrow|20\/100\n|-damage|p2b: Liyuu|0 fnt\n|-unboost|p2a: Murkrow|spa|1\n|faint|p2b: Liyuu\n|\n|-weather|SunnyDay|[upkeep]\n|upkeep\n|\n|t:|1682093359\n|switch|p2b: \u5305\u88b1\u5305\u88b1|Iron Bundle, L50|100\/100\n|-enditem|p2b: \u5305\u88b1\u5305\u88b1|Booster Energy\n|-activate|p2b: \u5305\u88b1\u5305\u88b1|ability: Quark Drive|[fromitem]\n|-start|p2b: \u5305\u88b1\u5305\u88b1|quarkdrivespe\n|turn|4\n|\n|t:|1682093370\n|move|p2b: \u5305\u88b1\u5305\u88b1|Icy Wind|p1b: dumb|[spread] p1a,p1b\n|-resisted|p1b: dumb\n|-damage|p1a: Thick|12\/100\n|-damage|p1b: dumb|0 fnt\n|-unboost|p1a: Thick|spe|1\n|faint|p1b: dumb\n|move|p2a: Murkrow|Foul Play|p1a: Thick\n|-resisted|p1a: Thick\n|-damage|p1a: Thick|0 fnt\n|faint|p1a: Thick\n|-end|p1a: Thick|Quark Drive|[silent]\n|\n|-weather|SunnyDay|[upkeep]\n|upkeep\n|\n|t:|1682093379\n|switch|p1b: 7 IQ|Palafin-Hero, L50, F, shiny|100\/100\n|switch|p1a: The|Flutter Mane, L50, shiny|100\/100\n|-activate|p1a: The|ability: Protosynthesis\n|-start|p1a: The|protosynthesisspa\n|-activate|p1b: 7 IQ|ability: Zero to Hero\n|turn|5\n|\n|t:|1682093409\n|move|p2b: \u5305\u88b1\u5305\u88b1|Protect|p2b: \u5305\u88b1\u5305\u88b1\n|-singleturn|p2b: \u5305\u88b1\u5305\u88b1|Protect\n|move|p1b: 7 IQ|Protect|p1b: 7 IQ\n|-singleturn|p1b: 7 IQ|Protect\n|move|p2a: Murkrow|Foul Play|p1a: The\n|-damage|p1a: The|79\/100\n|move|p1a: The|Dazzling Gleam|p2b: \u5305\u88b1\u5305\u88b1|[spread] p2a\n|-activate|p2b: \u5305\u88b1\u5305\u88b1|move: Protect\n|-supereffective|p2a: Murkrow\n|-damage|p2a: Murkrow|0 fnt\n|faint|p2a: Murkrow\n|\n|-weather|none\n|-end|p1a: The|Protosynthesis\n|upkeep\n|-enditem|p1a: The|Booster Energy\n|-activate|p1a: The|ability: Protosynthesis|[fromitem]\n|-start|p1a: The|protosynthesisspa\n|\n|t:|1682093423\n|switch|p2a: Gholdengo|Gholdengo, L50|100\/100\n|turn|6\n|\n|t:|1682093463\n|-terastallize|p1a: The|Water\n|move|p2b: \u5305\u88b1\u5305\u88b1|Icy Wind|p1b: 7 IQ|[spread] p1a,p1b\n|-resisted|p1a: The\n|-resisted|p1b: 7 IQ\n|-damage|p1a: The|69\/100\n|-damage|p1b: 7 IQ|90\/100\n|-unboost|p1a: The|spe|1\n|-unboost|p1b: 7 IQ|spe|1\n|move|p2a: Gholdengo|Shadow Ball|p1b: 7 IQ\n|-damage|p1b: 7 IQ|46\/100\n|move|p1a: The|Moonblast|p2b: \u5305\u88b1\u5305\u88b1\n|-damage|p2b: \u5305\u88b1\u5305\u88b1|0 fnt\n|faint|p2b: \u5305\u88b1\u5305\u88b1\n|-end|p2b: \u5305\u88b1\u5305\u88b1|Quark Drive|[silent]\n|move|p1b: 7 IQ|Wave Crash|p2a: Gholdengo\n|-damage|p2a: Gholdengo|2\/100\n|-enditem|p2a: Gholdengo|Sitrus Berry|[eat]\n|-heal|p2a: Gholdengo|26\/100|[from] item: Sitrus Berry\n|-damage|p1b: 7 IQ|15\/100|[from] Recoil\n|\n|-sideend|p2: Uahhhh|move: Tailwind\n|upkeep\n|turn|7\n|c|\u2606Uahhhh|gg\n|c|\u2606FunneeMonkee|ggs\n|-message|Uahhhh forfeited.\n|\n|win|FunneeMonkee\n|n|\u2606FunneeMonkee|funneemonkee\n|n|\u2606Uahhhh|uahhhh\n|n| ROBERT5239423942|robert5239423942\n|n| godlydefeater|godlydefeater\n","uploadtime":1682093485,"views":3,"p1id":"funneemonkee","p2id":"uahhhh","formatid":"gen9vgc2023regulationc","rating":0,"private":0,"password":""}