{"id":"gen9vgc2023regulationc-1847062494","p1":"tukeydukey","p2":"R3d_VGC","format":"[Gen 9] VGC 2023 Regulation C","log":"|j|\u2606tukeydukey\n|j|\u2606R3d_VGC\n|t:|1681915954\n|gametype|doubles\n|player|p1|tukeydukey|elesa|1132\n|player|p2|R3d_VGC|lance|1099\n|teamsize|p1|6\n|teamsize|p2|6\n|gen|9\n|tier|[Gen 9] VGC 2023 Regulation C\n|rated|\n|rule|Species Clause: Limit one of each Pok\u00e9mon\n|rule|Item Clause: Limit one of each item\n|clearpoke\n|poke|p1|Pelipper, L50, M|\n|poke|p1|Palafin, L50, F|\n|poke|p1|Glimmora, L50, M|\n|poke|p1|Wo-Chien, L50|\n|poke|p1|Flutter Mane, L50|\n|poke|p1|Rotom-Wash, L50|\n|poke|p2|Ting-Lu, L50|\n|poke|p2|Palafin, L50, M|\n|poke|p2|Arcanine, L50, F|\n|poke|p2|Chien-Pao, L50|\n|poke|p2|Gholdengo, L50|\n|poke|p2|Amoonguss, L50, M|\n|teampreview|4\n|inactive|Battle timer is ON: inactive players will automatically lose when time's up. (requested by tukeydukey)\n|\n|t:|1681915982\n|start\n|switch|p1a: Pelipper|Pelipper, L50, M|100\/100\n|switch|p1b: Flutter Mane|Flutter Mane, L50|100\/100\n|switch|p2a: Amoonguss|Amoonguss, L50, M|100\/100\n|switch|p2b: Palafin|Palafin, L50, M|100\/100\n|-weather|RainDance|[from] ability: Drizzle|[of] p1a: Pelipper\n|-enditem|p1b: Flutter Mane|Booster Energy\n|-activate|p1b: Flutter Mane|ability: Protosynthesis|[fromitem]\n|-start|p1b: Flutter Mane|protosynthesisspe\n|turn|1\n|inactive|tukeydukey has 30 seconds left.\n|inactive|tukeydukey has 20 seconds left.\n|\n|t:|1681916017\n|move|p2b: Palafin|Protect|p2b: Palafin\n|-singleturn|p2b: Palafin|Protect\n|move|p1b: Flutter Mane|Shadow Ball|p2a: Amoonguss\n|-damage|p2a: Amoonguss|67\/100\n|move|p1a: Pelipper|Hurricane|p2a: Amoonguss\n|-supereffective|p2a: Amoonguss\n|-damage|p2a: Amoonguss|0 fnt\n|faint|p2a: Amoonguss\n|\n|-weather|RainDance|[upkeep]\n|upkeep\n|\n|t:|1681916039\n|switch|p2a: Chien-Pao|Chien-Pao, L50|100\/100\n|-ability|p2a: Chien-Pao|Sword of Ruin\n|turn|2\n|inactive|tukeydukey has 30 seconds left.\n|inactive|tukeydukey has 20 seconds left.\n|inactive|tukeydukey has 15 seconds left.\n|\n|t:|1681916080\n|-end|p1b: Flutter Mane|Protosynthesis|[silent]\n|switch|p1b: Palafin|Palafin, L50, F|100\/100\n|move|p2b: Palafin|Jet Punch|p1b: Palafin\n|-resisted|p1b: Palafin\n|-damage|p1b: Palafin|71\/100\n|move|p2a: Chien-Pao|Ice Spinner|p1a: Pelipper\n|-damage|p1a: Pelipper|12\/100\n|-damage|p2a: Chien-Pao|91\/100|[from] item: Life Orb\n|move|p1a: Pelipper|Tailwind|p1a: Pelipper\n|-sidestart|p1: tukeydukey|move: Tailwind\n|\n|-weather|RainDance|[upkeep]\n|upkeep\n|turn|3\n|inactive|tukeydukey has 30 seconds left.\n|\n|t:|1681916114\n|detailschange|p1b: Palafin|Palafin-Hero, L50, F\n|switch|p1b: Wo-Chien|Wo-Chien, L50|100\/100\n|-ability|p1b: Wo-Chien|Tablets of Ruin\n|move|p1a: Pelipper|Protect|p1a: Pelipper\n|-singleturn|p1a: Pelipper|Protect\n|move|p2b: Palafin|Jet Punch|p1a: Pelipper\n|-activate|p1a: Pelipper|move: Protect\n|move|p2a: Chien-Pao|Crunch|p1b: Wo-Chien\n|-resisted|p1b: Wo-Chien\n|-damage|p1b: Wo-Chien|84\/100\n|-damage|p2a: Chien-Pao|81\/100|[from] item: Life Orb\n|\n|-weather|RainDance|[upkeep]\n|-heal|p1b: Wo-Chien|90\/100|[from] item: Leftovers\n|upkeep\n|turn|4\n|\n|t:|1681916137\n|switch|p1a: Flutter Mane|Flutter Mane, L50|100\/100\n|detailschange|p2b: Palafin|Palafin-Hero, L50, M\n|switch|p2b: Arcanine|Arcanine, L50, F|100\/100\n|-ability|p2b: Arcanine|Intimidate|boost\n|-unboost|p1a: Flutter Mane|atk|1\n|-unboost|p1b: Wo-Chien|atk|1\n|move|p2a: Chien-Pao|Protect|p2a: Chien-Pao\n|-singleturn|p2a: Chien-Pao|Protect\n|move|p1b: Wo-Chien|Leech Seed|p2a: Chien-Pao\n|-activate|p2a: Chien-Pao|move: Protect\n|\n|-weather|RainDance|[upkeep]\n|-heal|p1b: Wo-Chien|96\/100|[from] item: Leftovers\n|upkeep\n|turn|5\n|inactive|tukeydukey has 30 seconds left.\n|\n|t:|1681916166\n|-terastallize|p2a: Chien-Pao|Dark\n|move|p2a: Chien-Pao|Sucker Punch|p1a: Flutter Mane\n|-crit|p1a: Flutter Mane\n|-damage|p1a: Flutter Mane|0 fnt\n|faint|p1a: Flutter Mane\n|-end|p1a: Flutter Mane|Protosynthesis|[silent]\n|-damage|p2a: Chien-Pao|72\/100|[from] item: Life Orb\n|move|p1b: Wo-Chien|Leech Seed|p2b: Arcanine\n|-start|p2b: Arcanine|move: Leech Seed\n|move|p2b: Arcanine|Flare Blitz|p1b: Wo-Chien\n|-supereffective|p1b: Wo-Chien\n|-damage|p1b: Wo-Chien|65\/100\n|-damage|p2b: Arcanine|89\/100|[from] Recoil\n|\n|-weather|RainDance|[upkeep]\n|-heal|p1b: Wo-Chien|71\/100|[from] item: Leftovers\n|-damage|p2b: Arcanine|77\/100|[from] Leech Seed|[of] p1b: Wo-Chien\n|-heal|p1b: Wo-Chien|83\/100|[silent]\n|-sideend|p1: tukeydukey|move: Tailwind\n|upkeep\n|\n|t:|1681916175\n|switch|p1a: Palafin|Palafin-Hero, L50, F|71\/100\n|-activate|p1a: Palafin|ability: Zero to Hero\n|turn|6\n|\n|t:|1681916197\n|-terastallize|p1a: Palafin|Water\n|move|p2b: Arcanine|Extreme Speed|p1a: Palafin\n|-damage|p1a: Palafin|51\/100\n|move|p2a: Chien-Pao|Sucker Punch|p1a: Palafin\n|-damage|p1a: Palafin|0 fnt\n|faint|p1a: Palafin\n|-damage|p2a: Chien-Pao|62\/100|[from] item: Life Orb\n|move|p1b: Wo-Chien|Pollen Puff|p1: Palafin|[notarget]\n|-fail|p1b: Wo-Chien\n|\n|-weather|RainDance|[upkeep]\n|-heal|p1b: Wo-Chien|89\/100|[from] item: Leftovers\n|-damage|p2b: Arcanine|65\/100|[from] Leech Seed|[of] p1b: Wo-Chien\n|-heal|p1b: Wo-Chien|100\/100|[silent]\n|upkeep\n|\n|t:|1681916204\n|switch|p1a: Pelipper|Pelipper, L50, M|12\/100\n|turn|7\n|\n|t:|1681916214\n|switch|p2b: Palafin|Palafin-Hero, L50, M|100\/100\n|-activate|p2b: Palafin|ability: Zero to Hero\n|move|p2a: Chien-Pao|Protect|p2a: Chien-Pao\n|-singleturn|p2a: Chien-Pao|Protect\n|move|p1a: Pelipper|Hydro Pump|p2a: Chien-Pao\n|-activate|p2a: Chien-Pao|move: Protect\n|move|p1b: Wo-Chien|Leech Seed|p2a: Chien-Pao\n|-activate|p2a: Chien-Pao|move: Protect\n|\n|-weather|RainDance|[upkeep]\n|upkeep\n|turn|8\n|\n|t:|1681916224\n|move|p1a: Pelipper|Protect|p1a: Pelipper\n|-singleturn|p1a: Pelipper|Protect\n|move|p2a: Chien-Pao|Ice Spinner|p1b: Wo-Chien\n|-supereffective|p1b: Wo-Chien\n|-damage|p1b: Wo-Chien|26\/100\n|-damage|p2a: Chien-Pao|52\/100|[from] item: Life Orb\n|move|p2b: Palafin|Close Combat|p1b: Wo-Chien\n|-supereffective|p1b: Wo-Chien\n|-crit|p1b: Wo-Chien\n|-damage|p1b: Wo-Chien|0 fnt\n|-unboost|p2b: Palafin|def|1\n|-unboost|p2b: Palafin|spd|1\n|faint|p1b: Wo-Chien\n|\n|-weather|none\n|upkeep\n|turn|9\n|c|\u2606R3d_VGC|gg\n|-message|tukeydukey forfeited.\n|\n|win|R3d_VGC\n|raw|tukeydukey's rating: 1132 → 1105<\/strong> (-27 for losing)\n|raw|R3d_VGC's rating: 1099 → 1127<\/strong> (+28 for winning)\n","uploadtime":1681916248,"views":7,"p1id":"tukeydukey","p2id":"r3dvgc","formatid":"gen9vgc2023regulationc","rating":1105,"private":0,"password":""}