{"id":"gen9vgc2023regulationc-1863597663","p1":"Ijustwantagarchomp","p2":"Luna_Moon13206","format":"[Gen 9] VGC 2023 Regulation C","log":"|j|\u2606Ijustwantagarchomp\n|j|\u2606Luna_Moon13206\n|t:|1684040461\n|gametype|doubles\n|player|p1|Ijustwantagarchomp|169|1246\n|player|p2|Luna_Moon13206|lady-gen4|1355\n|teamsize|p1|6\n|teamsize|p2|6\n|gen|9\n|tier|[Gen 9] VGC 2023 Regulation C\n|rated|\n|rule|Species Clause: Limit one of each Pok\u00e9mon\n|rule|Item Clause: Limit one of each item\n|clearpoke\n|poke|p1|Chien-Pao, L50|\n|poke|p1|Arcanine, L50, M|\n|poke|p1|Scizor, L50, M|\n|poke|p1|Tsareena, L50, F|\n|poke|p1|Garchomp, L50, M|\n|poke|p1|Iron Hands, L50|\n|poke|p2|Arboliva, L50, F|\n|poke|p2|Bellibolt, L50, F|\n|poke|p2|Flutter Mane, L50|\n|poke|p2|Grimmsnarl, L50, M|\n|poke|p2|Annihilape, L50, F|\n|poke|p2|Chien-Pao, L50|\n|teampreview|4\n|inactive|Battle timer is ON: inactive players will automatically lose when time's up. (requested by Luna_Moon13206)\nLuna_Moon13206 rejected open team sheets.\n|inactive|Ijustwantagarchomp has 60 seconds left.\n|inactive|Luna_Moon13206 has 60 seconds left.\n|inactive|Luna_Moon13206 has 30 seconds left.\n|\n|t:|1684040522\n|start\n|switch|p1a: Scizor|Scizor, L50, M|100\/100\n|switch|p1b: Arcanine|Arcanine, L50, M|100\/100\n|switch|p2a: JOJO|Grimmsnarl, L50, M, shiny|100\/100\n|switch|p2b: hair extensions|Flutter Mane, L50, shiny|100\/100\n|-ability|p1b: Arcanine|Intimidate|boost\n|-unboost|p2a: JOJO|atk|1\n|-unboost|p2b: hair extensions|atk|1\n|-enditem|p2b: hair extensions|Booster Energy\n|-activate|p2b: hair extensions|ability: Protosynthesis|[fromitem]\n|-start|p2b: hair extensions|protosynthesisspe\n|turn|1\n|inactive|Ijustwantagarchomp has 30 seconds left.\n|inactive|Ijustwantagarchomp has 20 seconds left.\n|inactive|Ijustwantagarchomp has 15 seconds left.\n|inactive|Ijustwantagarchomp has 10 seconds left.\n|\n|t:|1684040572\n|switch|p1b: Chien-Pao|Chien-Pao, L50|100\/100\n|-ability|p1b: Chien-Pao|Sword of Ruin\n|-terastallize|p2b: hair extensions|Fire\n|move|p2a: JOJO|Reflect|p2a: JOJO\n|-sidestart|p2: Luna_Moon13206|Reflect\n|move|p1a: Scizor|Bullet Punch|p2b: hair extensions\n|-resisted|p2b: hair extensions\n|-damage|p2b: hair extensions|53\/100\n|move|p2b: hair extensions|Mystical Fire|p1a: Scizor\n|-supereffective|p1a: Scizor\n|-damage|p1a: Scizor|0 fnt\n|faint|p1a: Scizor\n|\n|upkeep\n|\n|t:|1684040595\n|switch|p1a: Tsareena|Tsareena, L50, F, shiny|100\/100\n|turn|2\n|inactive|Ijustwantagarchomp has 30 seconds left.\n|\n|t:|1684040627\n|-terastallize|p1a: Tsareena|Fire\n|move|p1b: Chien-Pao|Sucker Punch|p2b: hair extensions\n|-damage|p2b: hair extensions|0 fnt\n|faint|p2b: hair extensions\n|-end|p2b: hair extensions|Protosynthesis|[silent]\n|move|p1a: Tsareena|Taunt|p2a: JOJO\n|-start|p2a: JOJO|move: Taunt\n|move|p2a: JOJO|Spirit Break|p1b: Chien-Pao\n|-supereffective|p1b: Chien-Pao\n|-crit|p1b: Chien-Pao\n|-enditem|p1b: Chien-Pao|Focus Sash\n|-damage|p1b: Chien-Pao|1\/100\n|-unboost|p1b: Chien-Pao|spa|1\n|\n|upkeep\n|\n|t:|1684040640\n|switch|p2b: just a tree|Arboliva, L50, F, shiny|100\/100\n|turn|3\n|\n|t:|1684040660\n|move|p1b: Chien-Pao|Ice Spinner|p2b: just a tree\n|-supereffective|p2b: just a tree\n|-damage|p2b: just a tree|36\/100\n|-fieldstart|move: Grassy Terrain|[from] ability: Seed Sower|[of] p2b: just a tree\n|move|p1a: Tsareena|Taunt|p2b: just a tree\n|-start|p2b: just a tree|move: Taunt\n|move|p2a: JOJO|Spirit Break|p1b: Chien-Pao\n|-supereffective|p1b: Chien-Pao\n|-damage|p1b: Chien-Pao|0 fnt\n|faint|p1b: Chien-Pao\n|move|p2b: just a tree|Earth Power|p1a: Tsareena\n|-supereffective|p1a: Tsareena\n|-damage|p1a: Tsareena|46\/100\n|\n|-heal|p1a: Tsareena|52\/100|[from] Grassy Terrain\n|-heal|p2b: just a tree|42\/100|[from] Grassy Terrain\n|upkeep\n|\n|t:|1684040675\n|switch|p1b: Arcanine|Arcanine, L50, M|100\/100\n|-ability|p1b: Arcanine|Intimidate|boost\n|-unboost|p2a: JOJO|atk|1\n|-unboost|p2b: just a tree|atk|1\n|turn|4\n|\n|t:|1684040695\n|move|p1b: Arcanine|Extreme Speed|p2b: just a tree\n|-damage|p2b: just a tree|30\/100\n|move|p1a: Tsareena|Trop Kick|p2b: just a tree\n|-resisted|p2b: just a tree\n|-damage|p2b: just a tree|18\/100\n|-unboost|p2b: just a tree|atk|1\n|move|p2a: JOJO|Spirit Break|p1a: Tsareena\n|-resisted|p1a: Tsareena\n|-damage|p1a: Tsareena|44\/100\n|-unboost|p1a: Tsareena|spa|1\n|-damage|p2a: JOJO|84\/100|[from] item: Rocky Helmet|[of] p1a: Tsareena\n|move|p2b: just a tree|Earth Power|p1b: Arcanine\n|-supereffective|p1b: Arcanine\n|-damage|p1b: Arcanine|30\/100\n|\n|-heal|p1b: Arcanine|36\/100|[from] Grassy Terrain\n|-heal|p1a: Tsareena|50\/100|[from] Grassy Terrain\n|-heal|p2a: JOJO|90\/100|[from] Grassy Terrain\n|-heal|p2b: just a tree|24\/100|[from] Grassy Terrain\n|-end|p2a: JOJO|move: Taunt\n|upkeep\n|turn|5\n|inactive|Ijustwantagarchomp has 30 seconds left.\n|inactive|Ijustwantagarchomp has 20 seconds left.\n|\n|t:|1684040734\n|move|p1b: Arcanine|Extreme Speed|p2b: just a tree\n|-damage|p2b: just a tree|11\/100\n|move|p2a: JOJO|Light Screen|p2a: JOJO\n|-sidestart|p2: Luna_Moon13206|move: Light Screen\n|move|p1a: Tsareena|Trop Kick|p2b: just a tree\n|-resisted|p2b: just a tree\n|-damage|p2b: just a tree|0 fnt\n|faint|p2b: just a tree\n|\n|-heal|p1b: Arcanine|42\/100|[from] Grassy Terrain\n|-heal|p1a: Tsareena|56\/100|[from] Grassy Terrain\n|-heal|p2a: JOJO|96\/100|[from] Grassy Terrain\n|upkeep\n|\n|t:|1684040743\n|switch|p2b: cat|Chien-Pao, L50|100\/100\n|-ability|p2b: cat|Sword of Ruin\n|turn|6\n|inactive|Ijustwantagarchomp has 30 seconds left.\n|inactive|Ijustwantagarchomp has 20 seconds left.\n|\n|t:|1684040779\n|move|p2b: cat|Protect|p2b: cat\n|-singleturn|p2b: cat|Protect\n|move|p1a: Tsareena|Protect|p1a: Tsareena\n|-singleturn|p1a: Tsareena|Protect\n|move|p1b: Arcanine|Will-O-Wisp|p2b: cat\n|-activate|p2b: cat|move: Protect\n|move|p2a: JOJO|Spirit Break|p1b: Arcanine\n|-resisted|p1b: Arcanine\n|-damage|p1b: Arcanine|28\/100\n|-unboost|p1b: Arcanine|spa|1\n|\n|-heal|p1b: Arcanine|34\/100|[from] Grassy Terrain\n|-heal|p1a: Tsareena|63\/100|[from] Grassy Terrain\n|-heal|p2a: JOJO|100\/100|[from] Grassy Terrain\n|upkeep\n|turn|7\n|inactive|Luna_Moon13206 has 30 seconds left.\n|\n|t:|1684040810\n|move|p1b: Arcanine|Protect|p1b: Arcanine\n|-singleturn|p1b: Arcanine|Protect\n|move|p2b: cat|Crunch|p1b: Arcanine\n|-activate|p1b: Arcanine|move: Protect\n|move|p1a: Tsareena|Trop Kick|p2b: cat\n|-damage|p2b: cat|69\/100\n|-unboost|p2b: cat|atk|1\n|move|p2a: JOJO|Spirit Break|p1a: Tsareena\n|-resisted|p1a: Tsareena\n|-damage|p1a: Tsareena|52\/100\n|-unboost|p1a: Tsareena|spa|1\n|-damage|p2a: JOJO|84\/100|[from] item: Rocky Helmet|[of] p1a: Tsareena\n|\n|-heal|p2b: cat|75\/100|[from] Grassy Terrain\n|-heal|p1b: Arcanine|40\/100|[from] Grassy Terrain\n|-heal|p1a: Tsareena|59\/100|[from] Grassy Terrain\n|-heal|p2a: JOJO|90\/100|[from] Grassy Terrain\n|-fieldend|move: Grassy Terrain\n|upkeep\n|turn|8\n|inactive|Ijustwantagarchomp has 30 seconds left.\n|inactive|Ijustwantagarchomp has 20 seconds left.\n|inactive|Ijustwantagarchomp has 15 seconds left.\n|inactive|Ijustwantagarchomp has 10 seconds left.\n|inactive|Ijustwantagarchomp has 5 seconds left.\n|\n|t:|1684040860\n|move|p1b: Arcanine|Extreme Speed|p2b: cat\n|-damage|p2b: cat|55\/100\n|move|p2b: cat|Crunch|p1b: Arcanine\n|-damage|p1b: Arcanine|0 fnt\n|faint|p1b: Arcanine\n|move|p1a: Tsareena|Trop Kick|p2b: cat\n|-damage|p2b: cat|30\/100\n|-unboost|p2b: cat|atk|1\n|move|p2a: JOJO|Spirit Break|p1a: Tsareena\n|-resisted|p1a: Tsareena\n|-damage|p1a: Tsareena|49\/100\n|-unboost|p1a: Tsareena|spa|1\n|-damage|p2a: JOJO|74\/100|[from] item: Rocky Helmet|[of] p1a: Tsareena\n|\n|-sideend|p2: Luna_Moon13206|Reflect\n|upkeep\n|turn|9\n|\n|t:|1684040882\n|move|p2b: cat|Crunch|p1a: Tsareena\n|-damage|p1a: Tsareena|26\/100\n|-damage|p2b: cat|13\/100|[from] item: Rocky Helmet|[of] p1a: Tsareena\n|move|p1a: Tsareena|Trop Kick|p2b: cat\n|-damage|p2b: cat|0 fnt\n|faint|p2b: cat\n|move|p2a: JOJO|Spirit Break|p1a: Tsareena\n|-resisted|p1a: Tsareena\n|-damage|p1a: Tsareena|19\/100\n|-unboost|p1a: Tsareena|spa|1\n|-damage|p2a: JOJO|57\/100|[from] item: Rocky Helmet|[of] p1a: Tsareena\n|\n|upkeep\n|turn|10\n|\n|t:|1684040897\n|move|p2a: JOJO|Reflect|p2a: JOJO\n|-sidestart|p2: Luna_Moon13206|Reflect\n|move|p1a: Tsareena|Trop Kick|p2a: JOJO\n|-damage|p2a: JOJO|34\/100\n|-unboost|p2a: JOJO|atk|1\n|\n|upkeep\n|turn|11\n|\n|t:|1684040905\n|move|p1a: Tsareena|Trop Kick|p2a: JOJO\n|-damage|p2a: JOJO|7\/100\n|-unboost|p2a: JOJO|atk|1\n|move|p2a: JOJO|Spirit Break|p1a: Tsareena\n|-resisted|p1a: Tsareena\n|-damage|p1a: Tsareena|13\/100\n|-unboost|p1a: Tsareena|spa|1\n|-damage|p2a: JOJO|0 fnt|[from] item: Rocky Helmet|[of] p1a: Tsareena\n|faint|p2a: JOJO\n|\n|win|Ijustwantagarchomp\n|raw|Ijustwantagarchomp's rating: 1246 → 1279<\/strong> (+33 for winning)\n|raw|Luna_Moon13206's rating: 1355 → 1329<\/strong> (-26 for losing)\n|l|\u2606Luna_Moon13206\n","uploadtime":1684040933,"views":15,"p1id":"ijustwantagarchomp","p2id":"lunamoon13206","formatid":"gen9vgc2023regulationc","rating":1279,"private":0,"password":""}