{"id":"gen9vgc2023regulationc-1861813460","p1":"parnalla","p2":"RazorSquid","format":"[Gen 9] VGC 2023 Regulation C","log":"|j|\u2606parnalla\n|j|\u2606RazorSquid\n|t:|1683811347\n|gametype|doubles\n|player|p1|parnalla|pokemaniac|1196\n|player|p2|RazorSquid|roughneck-gen4|1228\n|teamsize|p1|6\n|teamsize|p2|6\n|gen|9\n|tier|[Gen 9] VGC 2023 Regulation C\n|rated|\n|rule|Species Clause: Limit one of each Pok\u00e9mon\n|rule|Item Clause: Limit one of each item\n|clearpoke\n|poke|p1|Flutter Mane, L50|\n|poke|p1|Dondozo, L50, F|\n|poke|p1|Tatsugiri, L50, F|\n|poke|p1|Arcanine, L50, M|\n|poke|p1|Dragapult, L50, M|\n|poke|p1|Indeedee-F, L50, F|\n|poke|p2|Muk, L50, M|\n|poke|p2|Tyranitar, L50, F|\n|poke|p2|Lycanroc, L50, M|\n|poke|p2|Flutter Mane, L50|\n|poke|p2|Amoonguss, L50, M|\n|poke|p2|Gyarados, L50, M|\n|teampreview|4\n|inactive|Battle timer is ON: inactive players will automatically lose when time's up. (requested by RazorSquid)\n|inactive|parnalla has 60 seconds left.\n|\n|t:|1683811389\n|start\n|switch|p1a: Dragapult|Dragapult, L50, M|100\/100\n|switch|p1b: Dondozo|Dondozo, L50, F|100\/100\n|switch|p2a: Muk|Muk, L50, M, shiny|100\/100\n|switch|p2b: Flutter Mane|Flutter Mane, L50|100\/100\n|turn|1\n|inactive|RazorSquid has 30 seconds left.\n|\n|t:|1683811423\n|-end|p2b: Flutter Mane|Protosynthesis|[silent]\n|switch|p2b: Gyarados|Gyarados, L50, M, shiny|100\/100\n|-ability|p2b: Gyarados|Intimidate|boost\n|-fail|p1a: Dragapult|unboost|[from] ability: Clear Body|[of] p1a: Dragapult\n|-fail|p1b: Dondozo|unboost|[from] item: Clear Amulet|[of] p1b: Dondozo\n|-terastallize|p2a: Muk|Grass\n|move|p1a: Dragapult|U-turn|p2b: Gyarados\n|-resisted|p2b: Gyarados\n|-damage|p2b: Gyarados|81\/100\n|\n|t:|1683811432\n|switch|p1a: Tatsugiri|Tatsugiri, L50, F|100\/100|[from] U-turn\n|-activate|p1a: Tatsugiri|ability: Commander|[of] p1b: Dondozo\n|-boost|p1b: Dondozo|atk|2\n|-boost|p1b: Dondozo|spa|2\n|-boost|p1b: Dondozo|spe|2\n|-boost|p1b: Dondozo|def|2\n|-boost|p1b: Dondozo|spd|2\n|move|p1b: Dondozo|Earthquake|p2a: Muk|[spread] p2a\n|-miss|p1b: Dondozo|p1a: Tatsugiri\n|-immune|p2b: Gyarados\n|-resisted|p2a: Muk\n|-damage|p2a: Muk|87\/100\n|move|p2a: Muk|Haze|p2a: Muk\n|-clearallboost\n|\n|upkeep\n|turn|2\n|inactive|parnalla has 30 seconds left.\n|\n|t:|1683811459\n|move|p2b: Gyarados|Thunder Wave|p1b: Dondozo\n|-status|p1b: Dondozo|par\n|move|p2a: Muk|Gunk Shot|p1b: Dondozo\n|-crit|p1b: Dondozo\n|-damage|p1b: Dondozo|67\/100 par\n|cant|p1b: Dondozo|par\n|\n|upkeep\n|turn|3\n|\n|t:|1683811473\n|move|p2b: Gyarados|Waterfall|p1b: Dondozo\n|-resisted|p1b: Dondozo\n|-damage|p1b: Dondozo|56\/100 par\n|move|p2a: Muk|Gunk Shot|p1b: Dondozo\n|-damage|p1b: Dondozo|35\/100 par\n|move|p1b: Dondozo|Wave Crash|p2b: Gyarados\n|-resisted|p2b: Gyarados\n|-damage|p2b: Gyarados|55\/100\n|-damage|p1b: Dondozo|29\/100 par|[from] Recoil\n|\n|upkeep\n|turn|4\n|\n|t:|1683811497\n|switch|p2b: Amoonguss|Amoonguss, L50, M|100\/100\n|move|p2a: Muk|Gunk Shot|p1b: Dondozo\n|-crit|p1b: Dondozo\n|-damage|p1b: Dondozo|0 fnt\n|faint|p1b: Dondozo\n|\n|upkeep\n|\n|t:|1683811506\n|switch|p1b: Dragapult|Dragapult, L50, M|100\/100\n|turn|5\n|\n|t:|1683811521\n|move|p2a: Muk|Shadow Sneak|p1b: Dragapult\n|-supereffective|p1b: Dragapult\n|-damage|p1b: Dragapult|68\/100\n|move|p1a: Tatsugiri|Icy Wind|p2b: Amoonguss|[spread] p2a,p2b\n|-supereffective|p2a: Muk\n|-supereffective|p2b: Amoonguss\n|-damage|p2a: Muk|62\/100\n|-damage|p2b: Amoonguss|81\/100\n|-unboost|p2a: Muk|spe|1\n|-unboost|p2b: Amoonguss|spe|1\n|move|p1b: Dragapult|U-turn|p2b: Amoonguss\n|-damage|p2b: Amoonguss|47\/100\n|\n|t:|1683811531\n|switch|p1b: Flutter Mane|Flutter Mane, L50|100\/100|[from] U-turn\n|move|p2b: Amoonguss|Pollen Puff|p1b: Flutter Mane\n|-resisted|p1b: Flutter Mane\n|-damage|p1b: Flutter Mane|96\/100\n|\n|upkeep\n|turn|6\n|\n|t:|1683811552\n|move|p1a: Tatsugiri|Icy Wind|p2b: Amoonguss|[spread] p2a,p2b\n|-supereffective|p2a: Muk\n|-supereffective|p2b: Amoonguss\n|-damage|p2a: Muk|35\/100\n|-damage|p2b: Amoonguss|28\/100\n|-unboost|p2a: Muk|spe|1\n|-unboost|p2b: Amoonguss|spe|1\n|-enditem|p2a: Muk|Sitrus Berry|[eat]\n|-heal|p2a: Muk|60\/100|[from] item: Sitrus Berry\n|move|p1b: Flutter Mane|Dazzling Gleam|p2a: Muk|[spread] p2a,p2b\n|-resisted|p2b: Amoonguss\n|-damage|p2a: Muk|17\/100\n|-damage|p2b: Amoonguss|9\/100\n|-enditem|p2b: Amoonguss|Aguav Berry|[eat]\n|-heal|p2b: Amoonguss|42\/100|[from] item: Aguav Berry\n|move|p2a: Muk|Gunk Shot|p1b: Flutter Mane\n|-damage|p1b: Flutter Mane|0 fnt\n|faint|p1b: Flutter Mane\n|-end|p1b: Flutter Mane|Protosynthesis|[silent]\n|move|p2b: Amoonguss|Spore|p1a: Tatsugiri\n|-status|p1a: Tatsugiri|slp|[from] move: Spore\n|\n|upkeep\n|\n|t:|1683811564\n|switch|p1b: Dragapult|Dragapult, L50, M|68\/100\n|turn|7\n|\n|t:|1683811584\n|switch|p2b: Gyarados|Gyarados, L50, M, shiny|55\/100\n|-ability|p2b: Gyarados|Intimidate|boost\n|-unboost|p1a: Tatsugiri|atk|1\n|-fail|p1b: Dragapult|unboost|[from] ability: Clear Body|[of] p1b: Dragapult\n|-terastallize|p1b: Dragapult|Steel\n|move|p2a: Muk|Shadow Sneak|p1b: Dragapult\n|-damage|p1b: Dragapult|53\/100\n|cant|p1a: Tatsugiri|slp\n|move|p1b: Dragapult|Tera Blast|p2b: Gyarados\n|-resisted|p2b: Gyarados\n|-damage|p2b: Gyarados|23\/100\n|\n|upkeep\n|turn|8\n|\n|t:|1683811603\n|cant|p1a: Tatsugiri|slp\n|move|p1b: Dragapult|Tera Blast|p2b: Gyarados\n|-resisted|p2b: Gyarados\n|-damage|p2b: Gyarados|0 fnt\n|faint|p2b: Gyarados\n|move|p2a: Muk|Drain Punch|p1b: Dragapult\n|-supereffective|p1b: Dragapult\n|-damage|p1b: Dragapult|2\/100\n|-heal|p2a: Muk|38\/100|[from] drain|[of] p1b: Dragapult\n|\n|upkeep\n|\n|t:|1683811609\n|switch|p2b: Amoonguss|Amoonguss, L50, M|75\/100\n|turn|9\n|\n|t:|1683811616\n|move|p2a: Muk|Shadow Sneak|p1b: Dragapult\n|-damage|p1b: Dragapult|0 fnt\n|faint|p1b: Dragapult\n|-curestatus|p1a: Tatsugiri|slp|[msg]\n|move|p1a: Tatsugiri|Icy Wind|p2a: Muk|[spread] \n|-miss|p1a: Tatsugiri|p2a: Muk\n|-miss|p1a: Tatsugiri|p2b: Amoonguss\n|move|p2b: Amoonguss|Pollen Puff|p1a: Tatsugiri\n|-damage|p1a: Tatsugiri|78\/100\n|\n|upkeep\n|turn|10\n|\n|t:|1683811627\n|move|p1a: Tatsugiri|Icy Wind|p2b: Amoonguss|[spread] p2a,p2b\n|-supereffective|p2a: Muk\n|-supereffective|p2b: Amoonguss\n|-damage|p2a: Muk|15\/100\n|-damage|p2b: Amoonguss|55\/100\n|-unboost|p2a: Muk|spe|1\n|-unboost|p2b: Amoonguss|spe|1\n|move|p2b: Amoonguss|Pollen Puff|p2a: Muk\n|-heal|p2a: Muk|65\/100\n|move|p2a: Muk|Gunk Shot|p1a: Tatsugiri\n|-damage|p1a: Tatsugiri|0 fnt\n|faint|p1a: Tatsugiri\n|\n|win|RazorSquid\n|raw|parnalla's rating: 1196 → 1173<\/strong> (-23 for losing)\n|raw|RazorSquid's rating: 1228 → 1251<\/strong> (+23 for winning)\n","uploadtime":1683811632,"views":15,"p1id":"parnalla","p2id":"razorsquid","formatid":"gen9vgc2023regulationc","rating":1173,"private":0,"password":""}