{"id":"gen9vgc2023regulationc-1855350977","p1":"ShortbreadDread","p2":"THE TENDER","format":"[Gen 9] VGC 2023 Regulation C","log":"|j|\u2606ShortbreadDread\n|j|\u203dTHE TENDER\n|t:|1682941545\n|gametype|doubles\n|player|p1|ShortbreadDread|dancer|1355\n|player|p2|THE TENDER|265|1452\n|teamsize|p1|6\n|teamsize|p2|6\n|gen|9\n|tier|[Gen 9] VGC 2023 Regulation C\n|rated|\n|rule|Species Clause: Limit one of each Pok\u00e9mon\n|rule|Item Clause: Limit one of each item\n|clearpoke\n|poke|p1|Chi-Yu, L50|\n|poke|p1|Flutter Mane, L50|\n|poke|p1|Amoonguss, L50, M|\n|poke|p1|Ceruledge, L50, M|\n|poke|p1|Iron Hands, L50|\n|poke|p1|Iron Bundle, L50|\n|poke|p2|Indeedee, L50, M|\n|poke|p2|Scream Tail, L50|\n|poke|p2|Flutter Mane, L50|\n|poke|p2|Chien-Pao, L50|\n|poke|p2|Rotom-Wash, L50|\n|poke|p2|Armarouge, L50, F|\n|teampreview|4\n|inactive|Battle timer is ON: inactive players will automatically lose when time's up. (requested by ShortbreadDread)\n|\n|t:|1682941573\n|start\n|switch|p1a: Nanao|Chi-Yu, L50|100\/100\n|switch|p1b: Maria Beetle|Flutter Mane, L50, shiny|100\/100\n|switch|p2a: Indeedee|Indeedee, L50, M|100\/100\n|switch|p2b: Scream Tail|Scream Tail, L50|100\/100\n|-ability|p1a: Nanao|Beads of Ruin\n|-fieldstart|move: Psychic Terrain|[from] ability: Psychic Surge|[of] p2a: Indeedee\n|turn|1\n|\n|t:|1682941599\n|-terastallize|p1b: Maria Beetle|Fairy\n|move|p2a: Indeedee|Protect|p2a: Indeedee\n|-singleturn|p2a: Indeedee|Protect\n|move|p1a: Nanao|Heat Wave|p2b: Scream Tail|[spread] p2b\n|-activate|p2a: Indeedee|move: Protect\n|-damage|p2b: Scream Tail|59\/100\n|move|p2b: Scream Tail|Thunder Wave|p1b: Maria Beetle\n|-status|p1b: Maria Beetle|par\n|move|p1b: Maria Beetle|Dazzling Gleam|p2b: Scream Tail|[spread] p2b\n|-activate|p2a: Indeedee|move: Protect\n|-damage|p2b: Scream Tail|3\/100\n|\n|upkeep\n|turn|2\n|inactive|THE TENDER has 30 seconds left.\n|inactive|THE TENDER has 20 seconds left.\n|inactive|THE TENDER has 15 seconds left.\n|inactive|THE TENDER has 10 seconds left.\n|\n|t:|1682941648\n|switch|p1a: Iron Hands|Iron Hands, L50|100\/100\n|-end|p2b: Scream Tail|Protosynthesis|[silent]\n|switch|p2b: Armarouge|Armarouge, L50, F|100\/100\n|-terastallize|p2a: Indeedee|Fighting\n|move|p2a: Indeedee|Tera Blast|p1a: Iron Hands\n|-crit|p1a: Iron Hands\n|-damage|p1a: Iron Hands|60\/100\n|-damage|p2a: Indeedee|90\/100|[from] item: Life Orb\n|move|p1b: Maria Beetle|Dazzling Gleam|p2a: Indeedee|[spread] p2a,p2b\n|-supereffective|p2a: Indeedee\n|-resisted|p2b: Armarouge\n|-damage|p2a: Indeedee|0 fnt\n|-damage|p2b: Armarouge|75\/100\n|faint|p2a: Indeedee\n|\n|upkeep\n|\n|t:|1682941668\n|switch|p2a: Scream Tail|Scream Tail, L50|3\/100\n|turn|3\n|\n|t:|1682941684\n|-end|p1b: Maria Beetle|Protosynthesis|[silent]\n|switch|p1b: Nanao|Chi-Yu, L50|100\/100\n|-ability|p1b: Nanao|Beads of Ruin\n|move|p2a: Scream Tail|Fake Tears|p1b: Nanao\n|-unboost|p1b: Nanao|spd|2\n|move|p2b: Armarouge|Expanding Force|p1a: Iron Hands|[spread] p1a\n|-immune|p1b: Nanao\n|-supereffective|p1a: Iron Hands\n|-damage|p1a: Iron Hands|0 fnt\n|faint|p1a: Iron Hands\n|-end|p1a: Iron Hands|Quark Drive|[silent]\n|\n|upkeep\n|\n|t:|1682941688\n|switch|p1a: Maria Beetle|Flutter Mane, L50, shiny, tera:Fairy|100\/100 par\n|turn|4\n|inactive|THE TENDER has 30 seconds left.\n|\n|t:|1682941714\n|move|p1b: Nanao|Snarl|p2a: Scream Tail|[spread] p2a,p2b\n|-supereffective|p2b: Armarouge\n|-damage|p2a: Scream Tail|0 fnt\n|-damage|p2b: Armarouge|28\/100\n|-unboost|p2b: Armarouge|spa|1\n|faint|p2a: Scream Tail\n|-end|p2a: Scream Tail|Protosynthesis|[silent]\n|move|p2b: Armarouge|Expanding Force|p1a: Maria Beetle|[spread] p1a\n|-immune|p1b: Nanao\n|-damage|p1a: Maria Beetle|50\/100 par\n|cant|p1a: Maria Beetle|par\n|\n|upkeep\n|\n|t:|1682941727\n|switch|p2a: Rotom|Rotom-Wash, L50|100\/100\n|turn|5\n|\n|t:|1682941736\n|move|p1b: Nanao|Snarl|p2b: Armarouge|[spread] p2a,p2b\n|-supereffective|p2b: Armarouge\n|-damage|p2a: Rotom|74\/100\n|-damage|p2b: Armarouge|0 fnt\n|-unboost|p2a: Rotom|spa|1\n|faint|p2b: Armarouge\n|move|p2a: Rotom|Hydro Pump|p1b: Nanao\n|-supereffective|p1b: Nanao\n|-damage|p1b: Nanao|0 fnt\n|faint|p1b: Nanao\n|move|p1a: Maria Beetle|Shadow Ball|p2a: Rotom\n|-damage|p2a: Rotom|22\/100\n|-enditem|p2a: Rotom|Sitrus Berry|[eat]\n|-heal|p2a: Rotom|47\/100|[from] item: Sitrus Berry\n|\n|-fieldend|move: Psychic Terrain\n|upkeep\n|\n|t:|1682941752\n|switch|p1b: Fiji|Iron Bundle, L50|100\/100\n|-enditem|p1b: Fiji|Booster Energy\n|-activate|p1b: Fiji|ability: Quark Drive|[fromitem]\n|-start|p1b: Fiji|quarkdrivespe\n|turn|6\n|-message|THE TENDER forfeited.\n|\n|win|ShortbreadDread\n|raw|ShortbreadDread's rating: 1355 → 1380<\/strong> (+25 for winning)\n|raw|THE TENDER's rating: 1452 → 1427<\/strong> (-25 for losing)\n|l|\u203dTHE TENDER\n","uploadtime":1682941776,"views":18,"p1id":"shortbreaddread","p2id":"thetender","formatid":"gen9vgc2023regulationc","rating":1380,"private":0,"password":""}