{"id":"gen9vgc2023regulationc-1862779467","p1":"H0p5t3r","p2":"CerpinT","format":"[Gen 9] VGC 2023 Regulation C","log":"|j|\u2606H0p5t3r\n|j|\u2606CerpinT\n|t:|1683921086\n|gametype|doubles\n|player|p1|H0p5t3r|guitarist|\n|player|p2|CerpinT|drayden|\n|teamsize|p1|6\n|teamsize|p2|6\n|gen|9\n|tier|[Gen 9] VGC 2023 Regulation C\n|rule|Species Clause: Limit one of each Pok\u00e9mon\n|rule|Item Clause: Limit one of each item\n|clearpoke\n|poke|p1|Chewtle, L5, F|\n|poke|p1|Wattrel, L5, F|\n|poke|p1|Growlithe, L5, F|\n|poke|p1|Eevee, L5, M|\n|poke|p1|Croagunk, L5, F|\n|poke|p1|Spoink, L5, F|\n|poke|p2|Zorua, L5, M|\n|poke|p2|Finneon, L5, F|\n|poke|p2|Cacnea, L5, M|\n|poke|p2|Numel, L5, M|\n|poke|p2|Shuppet, L5, F|\n|poke|p2|Pichu, L5, M|\n|teampreview|4\nCerpinT rejected open team sheets.\n|\n|t:|1683921170\n|start\n|switch|p1a: Banjo-Kazooie|Wattrel, L5, F|100\/100\n|switch|p1b: Clifford|Growlithe, L5, F|100\/100\n|switch|p2a: Lemun|Numel, L5, M, shiny|100\/100\n|switch|p2b: I C U P (h)|Pichu, L5, M, shiny|100\/100\n|-ability|p1b: Clifford|Intimidate|boost\n|-unboost|p2a: Lemun|atk|2\n|-unboost|p2b: I C U P (h)|atk|1\n|turn|1\n|\n|t:|1683921201\n|move|p1b: Clifford|Protect|p1b: Clifford\n|-singleturn|p1b: Clifford|Protect\n|move|p2b: I C U P (h)|Fake Out|p1a: Banjo-Kazooie\n|-damage|p1a: Banjo-Kazooie|81\/100\n|move|p1a: Banjo-Kazooie|Tailwind|p1a: Banjo-Kazooie\n|-sidestart|p1: H0p5t3r|move: Tailwind\n|move|p2a: Lemun|Stockpile|p2a: Lemun\n|-start|p2a: Lemun|stockpile1\n|-boost|p2a: Lemun|def|2\n|-boost|p2a: Lemun|spd|2\n|\n|upkeep\n|turn|2\n|\n|t:|1683921271\n|move|p1a: Banjo-Kazooie|Air Slash|p2b: I C U P (h)\n|-resisted|p2b: I C U P (h)\n|-damage|p2b: I C U P (h)|70\/100\n|move|p1b: Clifford|Flare Blitz|p2b: I C U P (h)\n|-damage|p2b: I C U P (h)|0 fnt\n|faint|p2b: I C U P (h)\n|-damage|p1b: Clifford|79\/100|[from] Recoil\n|-damage|p1b: Clifford|70\/100|[from] item: Life Orb\n|move|p2a: Lemun|Earth Power|p1b: Clifford\n|-supereffective|p1b: Clifford\n|-damage|p1b: Clifford|0 fnt\n|faint|p1b: Clifford\n|\n|upkeep\n|l|\u2606CerpinT\n|player|p2|\n|j|\u2606CerpinT\n|player|p2|CerpinT|drayden\n|\n|t:|1683921312\n|switch|p2b: If None N|Finneon, L5, F, shiny|100\/100\n|switch|p1b: Hypno Toad|Croagunk, L5, F|100\/100\n|turn|3\n|\n|t:|1683921366\n|move|p2a: Lemun|Protect|p2a: Lemun\n|-singleturn|p2a: Lemun|Protect\n|move|p1b: Hypno Toad|Fake Out|p2b: If None N\n|-damage|p2b: If None N|77\/100\n|replace|p2b: Arouz|Zorua, L5, M, shiny\n|-end|p2b: Arouz|Illusion\n|move|p1a: Banjo-Kazooie|Eerie Impulse|p2a: Lemun\n|-activate|p2a: Lemun|move: Protect\n|cant|p2b: Arouz|flinch\n|\n|upkeep\n|turn|4\n|\n|t:|1683921392\n|switch|p2b: If None N|Finneon, L5, F, shiny|100\/100\n|move|p1a: Banjo-Kazooie|Eerie Impulse|p2a: Lemun\n|-unboost|p2a: Lemun|spa|4\n|move|p1b: Hypno Toad|Drain Punch|p2b: If None N\n|-damage|p2b: If None N|73\/100\n|move|p2a: Lemun|Heat Wave|p1a: Banjo-Kazooie|[spread] p1a\n|-miss|p2a: Lemun|p1b: Hypno Toad\n|-damage|p1a: Banjo-Kazooie|67\/100\n|\n|-sideend|p1: H0p5t3r|move: Tailwind\n|upkeep\n|turn|5\n|\n|t:|1683921431\n|move|p2a: Lemun|Protect|p2a: Lemun\n|-singleturn|p2a: Lemun|Protect\n|move|p1a: Banjo-Kazooie|Thunderbolt|p2b: If None N\n|-supereffective|p2b: If None N\n|-damage|p2b: If None N|10\/100\n|move|p2b: If None N|Tailwind|p2b: If None N\n|-sidestart|p2: CerpinT|move: Tailwind\n|move|p1b: Hypno Toad|Sludge Bomb|p2b: If None N\n|-damage|p2b: If None N|0 fnt\n|faint|p2b: If None N\n|\n|upkeep\n|\n|t:|1683921441\n|switch|p2b: Arouz|Zorua, L5, M, shiny|77\/100\n|turn|6\n|\n|t:|1683921461\n|move|p2b: Arouz|Extrasensory|p1b: Hypno Toad\n|-supereffective|p1b: Hypno Toad\n|-damage|p1b: Hypno Toad|0 fnt\n|faint|p1b: Hypno Toad\n|move|p2a: Lemun|Heat Wave|p1a: Banjo-Kazooie\n|-damage|p1a: Banjo-Kazooie|48\/100\n|move|p1a: Banjo-Kazooie|Tailwind|p1a: Banjo-Kazooie\n|-sidestart|p1: H0p5t3r|move: Tailwind\n|\n|upkeep\n|\n|t:|1683921469\n|switch|p1b: Donatello|Chewtle, L5, F|100\/100\n|turn|7\n|\n|t:|1683921491\n|move|p1a: Banjo-Kazooie|Eerie Impulse|p2b: Arouz\n|-unboost|p2b: Arouz|spa|2\n|move|p2b: Arouz|Extrasensory|p1a: Banjo-Kazooie\n|-damage|p1a: Banjo-Kazooie|10\/100\n|move|p1b: Donatello|Shell Smash|p1b: Donatello\n|-unboost|p1b: Donatello|def|1\n|-unboost|p1b: Donatello|spd|1\n|-boost|p1b: Donatello|atk|2\n|-boost|p1b: Donatello|spa|2\n|-boost|p1b: Donatello|spe|2\n|-enditem|p1b: Donatello|White Herb\n|-clearnegativeboost|p1b: Donatello|[silent]\n|move|p2a: Lemun|Earth Power|p1b: Donatello\n|-damage|p1b: Donatello|81\/100\n|\n|upkeep\n|turn|8\n|\n|t:|1683921521\n|move|p1b: Donatello|Waterfall|p2b: Arouz\n|-damage|p2b: Arouz|0 fnt\n|faint|p2b: Arouz\n|move|p1a: Banjo-Kazooie|Thunderbolt|p2a: Lemun\n|-immune|p2a: Lemun\n|move|p2a: Lemun|Heat Wave|p1a: Banjo-Kazooie|[spread] p1a,p1b\n|-resisted|p1b: Donatello\n|-damage|p1a: Banjo-Kazooie|0 fnt\n|-damage|p1b: Donatello|72\/100\n|faint|p1a: Banjo-Kazooie\n|\n|-sideend|p2: CerpinT|move: Tailwind\n|upkeep\n|turn|9\n|\n|t:|1683921549\n|move|p1b: Donatello|Waterfall|p2a: Lemun\n|-supereffective|p2a: Lemun\n|-damage|p2a: Lemun|0 fnt\n|faint|p2a: Lemun\n|\n|win|H0p5t3r\n|c|\u2606H0p5t3r|GG\n|c|\u2606CerpinT|gg wp x\n|l|\u2606CerpinT\n|player|p1|H0p5t3r|guitarist\n|l|\u2606H0p5t3r\n|player|p1|\n|j|\u2606H0p5t3r\n|player|p1|H0p5t3r|guitarist\n","uploadtime":1683922140,"views":14,"p1id":"h0p5t3r","p2id":"cerpint","formatid":"gen9vgc2023regulationc","rating":0,"private":0,"password":""}