{"id":"gen9vgc2023regulationc-1855387395","p1":"zjwf","p2":"768\u53f7\u6b66\u58ebmax","format":"[Gen 9] VGC 2023 Regulation C","log":"|j|\u2606zjwf\n|j|\u2606768\u53f7\u6b66\u58ebmax\n|t:|1682946244\n|gametype|doubles\n|player|p1|zjwf|irida|\n|player|p2|768\u53f7\u6b66\u58ebmax|guzma|\n|teamsize|p1|6\n|teamsize|p2|6\n|gen|9\n|tier|[Gen 9] VGC 2023 Regulation C\n|rule|Species Clause: Limit one of each Pok\u00e9mon\n|rule|Item Clause: Limit one of each item\n|clearpoke\n|poke|p1|Gholdengo, L50|\n|poke|p1|Iron Bundle, L50|\n|poke|p1|Iron Hands, L50|\n|poke|p1|Baxcalibur, L50, F|\n|poke|p1|Volcarona, L50, F|\n|poke|p1|Kingambit, L50, M|\n|poke|p2|Tyranitar, L50, M|\n|poke|p2|Lycanroc, L50, M|\n|poke|p2|Indeedee-F, L50, F|\n|poke|p2|Ting-Lu, L50|\n|poke|p2|Annihilape, L50, M|\n|poke|p2|Flutter Mane, L50|\n|teampreview|4\nzjwf has agreed to open team sheets.\n|c|\u2606zjwf|\u961f\u4f0d\u5c55\u793a\n768\u53f7\u6b66\u58ebmax has agreed to open team sheets.\n|c|\u2606768\u53f7\u6b66\u58ebmax|\u5fd8\u4e86\n|\n|t:|1682946344\n|start\n|switch|p1a: \u6211\u53ec\u5524\u62f3\u5934\u5448\u653b\u51fb\u8868\u793a|Iron Hands, L50|100\/100\n|switch|p1b: \u65e0\u4ea7\u8005\u90fd\u8054\u5408\u8d77\u6765|Gholdengo, L50|100\/100\n|switch|p2a: Tyranitar|Tyranitar, L50, M, shiny|100\/100\n|switch|p2b: Ting-Lu|Ting-Lu, L50|100\/100\n|-weather|Sandstorm|[from] ability: Sand Stream|[of] p2a: Tyranitar\n|-ability|p2b: Ting-Lu|Vessel of Ruin\n|turn|1\n|inactive|Battle timer is ON: inactive players will automatically lose when time's up. (requested by zjwf)\n|inactive|768\u53f7\u6b66\u58ebmax has 60 seconds left.\n|\n|t:|1682946388\n|-terastallize|p2a: Tyranitar|Flying\n|-terastallize|p1a: \u6211\u53ec\u5524\u62f3\u5934\u5448\u653b\u51fb\u8868\u793a|Grass\n|move|p1b: \u65e0\u4ea7\u8005\u90fd\u8054\u5408\u8d77\u6765|Protect|p1b: \u65e0\u4ea7\u8005\u90fd\u8054\u5408\u8d77\u6765\n|-singleturn|p1b: \u65e0\u4ea7\u8005\u90fd\u8054\u5408\u8d77\u6765|Protect\n|move|p2a: Tyranitar|Tera Blast|p1a: \u6211\u53ec\u5524\u62f3\u5934\u5448\u653b\u51fb\u8868\u793a\n|-supereffective|p1a: \u6211\u53ec\u5524\u62f3\u5934\u5448\u653b\u51fb\u8868\u793a\n|-damage|p1a: \u6211\u53ec\u5524\u62f3\u5934\u5448\u653b\u51fb\u8868\u793a|0 fnt\n|faint|p1a: \u6211\u53ec\u5524\u62f3\u5934\u5448\u653b\u51fb\u8868\u793a\n|-end|p1a: \u6211\u53ec\u5524\u62f3\u5934\u5448\u653b\u51fb\u8868\u793a|Quark Drive|[silent]\n|move|p2b: Ting-Lu|Stomping Tantrum|p1b: \u65e0\u4ea7\u8005\u90fd\u8054\u5408\u8d77\u6765\n|-activate|p1b: \u65e0\u4ea7\u8005\u90fd\u8054\u5408\u8d77\u6765|move: Protect\n|\n|-weather|Sandstorm|[upkeep]\n|-damage|p2a: Tyranitar|95\/100|[from] Sandstorm\n|upkeep\n|\n|t:|1682946397\n|switch|p1a: \u70c8\u54ac\u9646\u9ca8\uff0c\u8bf7\u597d\u597d\u5730\u770b\u7740\u6211|Baxcalibur, L50, F|100\/100\n|turn|2\n|\n|t:|1682946422\n|move|p1a: \u70c8\u54ac\u9646\u9ca8\uff0c\u8bf7\u597d\u597d\u5730\u770b\u7740\u6211|Icicle Spear|p2a: Tyranitar\n|-supereffective|p2a: Tyranitar\n|-damage|p2a: Tyranitar|70\/100\n|-supereffective|p2a: Tyranitar\n|-damage|p2a: Tyranitar|43\/100\n|-supereffective|p2a: Tyranitar\n|-damage|p2a: Tyranitar|15\/100\n|-supereffective|p2a: Tyranitar\n|-damage|p2a: Tyranitar|0 fnt\n|faint|p2a: Tyranitar\n|-hitcount|p2: Tyranitar|4\n|move|p1b: \u65e0\u4ea7\u8005\u90fd\u8054\u5408\u8d77\u6765|Make It Rain|p2b: Ting-Lu\n|-damage|p2b: Ting-Lu|70\/100\n|-unboost|p1b: \u65e0\u4ea7\u8005\u90fd\u8054\u5408\u8d77\u6765|spa|1\n|-damage|p1b: \u65e0\u4ea7\u8005\u90fd\u8054\u5408\u8d77\u6765|91\/100|[from] item: Life Orb\n|move|p2b: Ting-Lu|Heavy Slam|p1a: \u70c8\u54ac\u9646\u9ca8\uff0c\u8bf7\u597d\u597d\u5730\u770b\u7740\u6211\n|-supereffective|p1a: \u70c8\u54ac\u9646\u9ca8\uff0c\u8bf7\u597d\u597d\u5730\u770b\u7740\u6211\n|-damage|p1a: \u70c8\u54ac\u9646\u9ca8\uff0c\u8bf7\u597d\u597d\u5730\u770b\u7740\u6211|59\/100\n|\n|-weather|Sandstorm|[upkeep]\n|-damage|p1a: \u70c8\u54ac\u9646\u9ca8\uff0c\u8bf7\u597d\u597d\u5730\u770b\u7740\u6211|53\/100|[from] Sandstorm\n|upkeep\n|\n|t:|1682946445\n|switch|p2a: Lycanroc|Lycanroc, L50, M|100\/100\n|turn|3\n|inactive|zjwf has 30 seconds left.\n|\n|t:|1682946473\n|move|p1a: \u70c8\u54ac\u9646\u9ca8\uff0c\u8bf7\u597d\u597d\u5730\u770b\u7740\u6211|Protect|p1a: \u70c8\u54ac\u9646\u9ca8\uff0c\u8bf7\u597d\u597d\u5730\u770b\u7740\u6211\n|-singleturn|p1a: \u70c8\u54ac\u9646\u9ca8\uff0c\u8bf7\u597d\u597d\u5730\u770b\u7740\u6211|Protect\n|move|p2a: Lycanroc|Rock Slide|p1a: \u70c8\u54ac\u9646\u9ca8\uff0c\u8bf7\u597d\u597d\u5730\u770b\u7740\u6211|[spread] p1b\n|-activate|p1a: \u70c8\u54ac\u9646\u9ca8\uff0c\u8bf7\u597d\u597d\u5730\u770b\u7740\u6211|move: Protect\n|-resisted|p1b: \u65e0\u4ea7\u8005\u90fd\u8054\u5408\u8d77\u6765\n|-crit|p1b: \u65e0\u4ea7\u8005\u90fd\u8054\u5408\u8d77\u6765\n|-damage|p1b: \u65e0\u4ea7\u8005\u90fd\u8054\u5408\u8d77\u6765|68\/100\n|move|p1b: \u65e0\u4ea7\u8005\u90fd\u8054\u5408\u8d77\u6765|Make It Rain|p2b: Ting-Lu|[spread] p2a,p2b\n|-supereffective|p2a: Lycanroc\n|-damage|p2a: Lycanroc|31\/100\n|-damage|p2b: Ting-Lu|55\/100\n|-unboost|p1b: \u65e0\u4ea7\u8005\u90fd\u8054\u5408\u8d77\u6765|spa|1\n|-damage|p1b: \u65e0\u4ea7\u8005\u90fd\u8054\u5408\u8d77\u6765|58\/100|[from] item: Life Orb\n|move|p2b: Ting-Lu|Stomping Tantrum|p1b: \u65e0\u4ea7\u8005\u90fd\u8054\u5408\u8d77\u6765\n|-supereffective|p1b: \u65e0\u4ea7\u8005\u90fd\u8054\u5408\u8d77\u6765\n|-damage|p1b: \u65e0\u4ea7\u8005\u90fd\u8054\u5408\u8d77\u6765|0 fnt\n|faint|p1b: \u65e0\u4ea7\u8005\u90fd\u8054\u5408\u8d77\u6765\n|\n|-weather|Sandstorm|[upkeep]\n|-damage|p1a: \u70c8\u54ac\u9646\u9ca8\uff0c\u8bf7\u597d\u597d\u5730\u770b\u7740\u6211|47\/100|[from] Sandstorm\n|upkeep\n|\n|t:|1682946478\n|switch|p1b: \u51bb\u98ce100%|Iron Bundle, L50|100\/100\n|-enditem|p1b: \u51bb\u98ce100%|Booster Energy\n|-activate|p1b: \u51bb\u98ce100%|ability: Quark Drive|[fromitem]\n|-start|p1b: \u51bb\u98ce100%|quarkdrivespe\n|turn|4\n|inactive|768\u53f7\u6b66\u58ebmax has 30 seconds left.\n|\n|t:|1682946511\n|move|p2a: Lycanroc|Protect|p2a: Lycanroc\n|-singleturn|p2a: Lycanroc|Protect\n|move|p1b: \u51bb\u98ce100%|Icy Wind|p2a: Lycanroc|[spread] p2b\n|-activate|p2a: Lycanroc|move: Protect\n|-supereffective|p2b: Ting-Lu\n|-damage|p2b: Ting-Lu|43\/100\n|-unboost|p2b: Ting-Lu|spe|1\n|move|p1a: \u70c8\u54ac\u9646\u9ca8\uff0c\u8bf7\u597d\u597d\u5730\u770b\u7740\u6211|Dragon Dance|p1a: \u70c8\u54ac\u9646\u9ca8\uff0c\u8bf7\u597d\u597d\u5730\u770b\u7740\u6211\n|-boost|p1a: \u70c8\u54ac\u9646\u9ca8\uff0c\u8bf7\u597d\u597d\u5730\u770b\u7740\u6211|atk|1\n|-boost|p1a: \u70c8\u54ac\u9646\u9ca8\uff0c\u8bf7\u597d\u597d\u5730\u770b\u7740\u6211|spe|1\n|move|p2b: Ting-Lu|Heavy Slam|p1a: \u70c8\u54ac\u9646\u9ca8\uff0c\u8bf7\u597d\u597d\u5730\u770b\u7740\u6211\n|-supereffective|p1a: \u70c8\u54ac\u9646\u9ca8\uff0c\u8bf7\u597d\u597d\u5730\u770b\u7740\u6211\n|-damage|p1a: \u70c8\u54ac\u9646\u9ca8\uff0c\u8bf7\u597d\u597d\u5730\u770b\u7740\u6211|2\/100\n|\n|-weather|Sandstorm|[upkeep]\n|-damage|p1b: \u51bb\u98ce100%|94\/100|[from] Sandstorm\n|-damage|p1a: \u70c8\u54ac\u9646\u9ca8\uff0c\u8bf7\u597d\u597d\u5730\u770b\u7740\u6211|0 fnt|[from] Sandstorm\n|faint|p1a: \u70c8\u54ac\u9646\u9ca8\uff0c\u8bf7\u597d\u597d\u5730\u770b\u7740\u6211\n|upkeep\n|turn|5\n|inactive|768\u53f7\u6b66\u58ebmax has 30 seconds left.\n|\n|t:|1682946539\n|move|p1b: \u51bb\u98ce100%|Protect|p1b: \u51bb\u98ce100%\n|-singleturn|p1b: \u51bb\u98ce100%|Protect\n|move|p2a: Lycanroc|Accelerock|p1b: \u51bb\u98ce100%\n|-activate|p1b: \u51bb\u98ce100%|move: Protect\n|move|p2b: Ting-Lu|Heavy Slam|p1b: \u51bb\u98ce100%\n|-activate|p1b: \u51bb\u98ce100%|move: Protect\n|\n|-weather|none\n|upkeep\n|turn|6\n|\n|t:|1682946549\n|move|p2a: Lycanroc|Protect|p2a: Lycanroc\n|-singleturn|p2a: Lycanroc|Protect\n|move|p1b: \u51bb\u98ce100%|Icy Wind|p2b: Ting-Lu|[spread] p2b\n|-activate|p2a: Lycanroc|move: Protect\n|-supereffective|p2b: Ting-Lu\n|-damage|p2b: Ting-Lu|30\/100\n|-unboost|p2b: Ting-Lu|spe|1\n|move|p2b: Ting-Lu|Heavy Slam|p1b: \u51bb\u98ce100%\n|-damage|p1b: \u51bb\u98ce100%|56\/100\n|\n|upkeep\n|turn|7\n|\n|t:|1682946563\n|move|p2a: Lycanroc|Accelerock|p1b: \u51bb\u98ce100%\n|-supereffective|p1b: \u51bb\u98ce100%\n|-damage|p1b: \u51bb\u98ce100%|1\/100\n|move|p1b: \u51bb\u98ce100%|Icy Wind|p2b: Ting-Lu|[spread] p2a,p2b\n|-crit|p2a: Lycanroc\n|-supereffective|p2b: Ting-Lu\n|-damage|p2a: Lycanroc|0 fnt\n|-damage|p2b: Ting-Lu|17\/100\n|-unboost|p2b: Ting-Lu|spe|1\n|faint|p2a: Lycanroc\n|move|p2b: Ting-Lu|Heavy Slam|p1b: \u51bb\u98ce100%\n|-damage|p1b: \u51bb\u98ce100%|0 fnt\n|faint|p1b: \u51bb\u98ce100%\n|-end|p1b: \u51bb\u98ce100%|Quark Drive|[silent]\n|\n|win|768\u53f7\u6b66\u58ebmax\n|l|\u2606zjwf\n|j|\u2606zjwf\n|player|p1|zjwf|irida\n","uploadtime":1682946577,"views":51,"p1id":"zjwf","p2id":"768max","formatid":"gen9vgc2023regulationc","rating":0,"private":0,"password":""}