{"id":"gen9vgc2023regulationc-1860725468","p1":"play3r35","p2":"P OMEGALUL L","format":"[Gen 9] VGC 2023 Regulation C","log":"|j|\u2606play3r35\n|j|\u2606P OMEGALUL L\n|t:|1683670440\n|gametype|doubles\n|player|p1|play3r35|caitlin|\n|player|p2|P OMEGALUL L|169|\n|teamsize|p1|6\n|teamsize|p2|6\n|gen|9\n|tier|[Gen 9] VGC 2023 Regulation C\n|rated|Tournament battle\n|rule|Species Clause: Limit one of each Pok\u00e9mon\n|rule|Item Clause: Limit one of each item\n|clearpoke\n|poke|p1|Murkrow, L50, F|\n|poke|p1|Torkoal, L50, M|\n|poke|p1|Great Tusk, L50|\n|poke|p1|Flutter Mane, L50|\n|poke|p1|Ceruledge, L50, M|\n|poke|p1|Iron Bundle, L50|\n|poke|p2|Amoonguss, L50, M|\n|poke|p2|Arcanine, L50, F|\n|poke|p2|Palafin, L50, M|\n|poke|p2|Ting-Lu, L50|\n|poke|p2|Flutter Mane, L50|\n|poke|p2|Baxcalibur, L50, M|\n|teampreview|4\n|raw| Open Team Sheet for play3r35<\/summary>Murkrow @ Eviolite Ability: Prankster Level: 50 Tera Type: Ghost - Tailwind - Haze - Foul Play - Sunny Day Torkoal @ Eject Pack Ability: Drought Level: 50 Tera Type: Fighting - Overheat - Helping Hand - Body Press - Protect Great Tusk @ Choice Scarf Ability: Protosynthesis Level: 50 Hidden Power: Fighting Tera Type: Ground - Earthquake - Headlong Rush - Close Combat - Facade Flutter Mane @ Choice Specs Ability: Protosynthesis Level: 50 Tera Type: Fairy - Shadow Ball - Dazzling Gleam - Moonblast - Thunderbolt Ceruledge @ Leftovers Ability: Flash Fire Level: 50 Tera Type: Dark - Bulk Up - Bitter Blade - Shadow Sneak - Protect Iron Bundle @ Booster Energy Ability: Quark Drive Level: 50 Tera Type: Flying - Icy Wind - Freeze-Dry - Encore - Protect <\/details><\/div> Open Team Sheet for P OMEGALUL L<\/summary>Amoonguss @ Sitrus Berry Ability: Regenerator Level: 50 Tera Type: Water - Pollen Puff - Rage Powder - Spore - Protect Arcanine @ Safety Goggles Ability: Intimidate Level: 50 Tera Type: Water - Flare Blitz - Extreme Speed - Will-O-Wisp - Protect Palafin @ Mystic Water Ability: Zero to Hero Level: 50 Tera Type: Water - Jet Punch - Wave Crash - Haze - Protect Ting-Lu @ Assault Vest Ability: Vessel of Ruin Level: 50 Tera Type: Grass - Stomping Tantrum - Heavy Slam - Fissure - Ruination Flutter Mane @ Choice Specs Ability: Protosynthesis Level: 50 Tera Type: Fairy - Moonblast - Dazzling Gleam - Shadow Ball - Thunderbolt Baxcalibur @ Clear Amulet Ability: Thermal Exchange Level: 50 Tera Type: Poison - Glaive Rush - Icicle Crash - Ice Shard - Protect <\/details><\/div>\n|inactive|Battle timer is ON: inactive players will automatically lose when time's up. (requested by play3r35)\n|inactive|play3r35 has 60 seconds left.\n|inactive|P OMEGALUL L has 60 seconds left.\n|\n|t:|1683670484\n|start\n|switch|p1a: Murkrow|Murkrow, L50, F|100\/100\n|switch|p1b: Great Tusk|Great Tusk, L50|100\/100\n|switch|p2a: Amoonguss|Amoonguss, L50, M|100\/100\n|switch|p2b: Palafin|Palafin, L50, M|100\/100\n|turn|1\n|\n|t:|1683670507\n|detailschange|p2b: Palafin|Palafin-Hero, L50, M\n|switch|p2b: Arcanine|Arcanine, L50, F|100\/100\n|-ability|p2b: Arcanine|Intimidate|boost\n|-unboost|p1a: Murkrow|atk|1\n|-unboost|p1b: Great Tusk|atk|1\n|move|p1a: Murkrow|Sunny Day|p1a: Murkrow\n|-weather|SunnyDay\n|-activate|p1b: Great Tusk|ability: Protosynthesis\n|-start|p1b: Great Tusk|protosynthesisdef\n|move|p1b: Great Tusk|Earthquake|p2a: Amoonguss|[spread] p2a,p2b\n|-immune|p1a: Murkrow\n|-supereffective|p2b: Arcanine\n|-damage|p2a: Amoonguss|79\/100\n|-damage|p2b: Arcanine|41\/100\n|move|p2a: Amoonguss|Spore|p1b: Great Tusk\n|-status|p1b: Great Tusk|slp|[from] move: Spore\n|\n|-weather|SunnyDay|[upkeep]\n|upkeep\n|turn|2\n|\n|t:|1683670524\n|switch|p2b: Baxcalibur|Baxcalibur, L50, M|100\/100\n|move|p1a: Murkrow|Haze|p1a: Murkrow\n|-clearallboost\n|cant|p1b: Great Tusk|slp\n|move|p2a: Amoonguss|Spore|p1a: Murkrow\n|-status|p1a: Murkrow|slp|[from] move: Spore\n|\n|-weather|SunnyDay|[upkeep]\n|upkeep\n|turn|3\n|\n|t:|1683670546\n|move|p2a: Amoonguss|Rage Powder|p2a: Amoonguss\n|-singleturn|p2a: Amoonguss|move: Rage Powder\n|-curestatus|p1b: Great Tusk|slp|[msg]\n|move|p1b: Great Tusk|Earthquake|p2a: Amoonguss|[spread] p2a,p2b\n|-immune|p1a: Murkrow\n|-damage|p2a: Amoonguss|48\/100\n|-damage|p2b: Baxcalibur|69\/100\n|-enditem|p2a: Amoonguss|Sitrus Berry|[eat]\n|-heal|p2a: Amoonguss|73\/100|[from] item: Sitrus Berry\n|move|p2b: Baxcalibur|Icicle Crash|p1b: Great Tusk\n|-supereffective|p1b: Great Tusk\n|-damage|p1b: Great Tusk|44\/100\n|cant|p1a: Murkrow|slp\n|\n|-weather|SunnyDay|[upkeep]\n|upkeep\n|turn|4\n|inactive|P OMEGALUL L has 30 seconds left.\n|\n|t:|1683670578\n|move|p2a: Amoonguss|Rage Powder|p2a: Amoonguss\n|-singleturn|p2a: Amoonguss|move: Rage Powder\n|move|p1b: Great Tusk|Earthquake|p2b: Baxcalibur|[spread] p2a,p2b\n|-immune|p1a: Murkrow\n|-damage|p2a: Amoonguss|41\/100\n|-damage|p2b: Baxcalibur|32\/100\n|move|p2b: Baxcalibur|Icicle Crash|p1a: Murkrow\n|-supereffective|p1a: Murkrow\n|-damage|p1a: Murkrow|0 fnt\n|faint|p1a: Murkrow\n|\n|-weather|SunnyDay|[upkeep]\n|upkeep\n|\n|t:|1683670602\n|switch|p1a: Iron Bundle|Iron Bundle, L50|100\/100\n|-enditem|p1a: Iron Bundle|Booster Energy\n|-activate|p1a: Iron Bundle|ability: Quark Drive|[fromitem]\n|-start|p1a: Iron Bundle|quarkdrivespe\n|turn|5\n|\n|t:|1683670612\n|switch|p2a: Arcanine|Arcanine, L50, F|41\/100\n|-ability|p2a: Arcanine|Intimidate|boost\n|-unboost|p1a: Iron Bundle|atk|1\n|-unboost|p1b: Great Tusk|atk|1\n|-terastallize|p1a: Iron Bundle|Flying\n|move|p2b: Baxcalibur|Protect|p2b: Baxcalibur\n|-singleturn|p2b: Baxcalibur|Protect\n|move|p1a: Iron Bundle|Icy Wind|p2b: Baxcalibur|[spread] p2a\n|-activate|p2b: Baxcalibur|move: Protect\n|-resisted|p2a: Arcanine\n|-damage|p2a: Arcanine|30\/100\n|-unboost|p2a: Arcanine|spe|1\n|move|p1b: Great Tusk|Earthquake|p2b: Baxcalibur|[spread] p2a\n|-activate|p2b: Baxcalibur|move: Protect\n|-immune|p1a: Iron Bundle\n|-supereffective|p2a: Arcanine\n|-damage|p2a: Arcanine|0 fnt\n|faint|p2a: Arcanine\n|\n|-weather|none\n|-end|p1b: Great Tusk|Protosynthesis\n|upkeep\n|j| mew year mew me\n|\n|t:|1683670634\n|switch|p2a: Palafin|Palafin-Hero, L50, M|100\/100\n|-activate|p2a: Palafin|ability: Zero to Hero\n|turn|6\n|\n|t:|1683670646\n|-terastallize|p2b: Baxcalibur|Poison\n|move|p1a: Iron Bundle|Protect|p1a: Iron Bundle\n|-singleturn|p1a: Iron Bundle|Protect\n|move|p2a: Palafin|Jet Punch|p1b: Great Tusk\n|-supereffective|p1b: Great Tusk\n|-damage|p1b: Great Tusk|0 fnt\n|faint|p1b: Great Tusk\n|-end|p1b: Great Tusk|Protosynthesis|[silent]\n|move|p2b: Baxcalibur|Glaive Rush|p1a: Iron Bundle\n|-activate|p1a: Iron Bundle|move: Protect\n|\n|upkeep\n|\n|t:|1683670656\n|switch|p1b: Flutter Mane|Flutter Mane, L50|100\/100\n|turn|7\n|inactive|P OMEGALUL L has 30 seconds left.\n|\n|t:|1683670683\n|move|p2a: Palafin|Jet Punch|p1a: Iron Bundle\n|-damage|p1a: Iron Bundle|39\/100\n|move|p2b: Baxcalibur|Ice Shard|p1a: Iron Bundle\n|-supereffective|p1a: Iron Bundle\n|-damage|p1a: Iron Bundle|0 fnt\n|faint|p1a: Iron Bundle\n|-end|p1a: Iron Bundle|Quark Drive|[silent]\n|move|p1b: Flutter Mane|Thunderbolt|p2a: Palafin\n|-supereffective|p2a: Palafin\n|-damage|p2a: Palafin|3\/100\n|\n|upkeep\n|turn|8\n|\n|t:|1683670696\n|move|p2a: Palafin|Jet Punch|p1b: Flutter Mane\n|-damage|p1b: Flutter Mane|21\/100\n|move|p2b: Baxcalibur|Ice Shard|p1b: Flutter Mane\n|-damage|p1b: Flutter Mane|0 fnt\n|faint|p1b: Flutter Mane\n|-end|p1b: Flutter Mane|Protosynthesis|[silent]\n|\n|win|P OMEGALUL L\n|n|\u2606play3r35|play3r35\n|n|\u2606P OMEGALUL L|pomegalull\n|n| mew year mew me|mewyearmewme\n","uploadtime":1683670705,"views":15,"p1id":"play3r35","p2id":"pomegalull","formatid":"gen9vgc2023regulationc","rating":0,"private":0,"password":""}