{"id":"gen9vgc2023regulationc-1856468731","p1":"VeeGey","p2":"titandoubles","format":"[Gen 9] VGC 2023 Regulation C","log":"|j|\u2606VeeGey\n|j|\u2606titandoubles\n|t:|1683064842\n|gametype|doubles\n|player|p1|VeeGey|1|1149\n|player|p2|titandoubles|silver|1213\n|teamsize|p1|6\n|teamsize|p2|6\n|gen|9\n|tier|[Gen 9] VGC 2023 Regulation C\n|rated|\n|rule|Species Clause: Limit one of each Pok\u00e9mon\n|rule|Item Clause: Limit one of each item\n|clearpoke\n|poke|p1|Golduck, L50, M|\n|poke|p1|Pelipper, L50, F|\n|poke|p1|Barraskewda, L50, M|\n|poke|p1|Qwilfish, L50, M|\n|poke|p1|Gastrodon, L50, F|\n|poke|p1|Tsareena, L50, F|\n|poke|p2|Ting-Lu, L50|\n|poke|p2|Gyarados, L50, F|\n|poke|p2|Arcanine, L50, F|\n|poke|p2|Orthworm, L50, M|\n|poke|p2|Amoonguss, L50, F|\n|poke|p2|Flutter Mane, L50|\n|teampreview|4\n|inactive|Battle timer is ON: inactive players will automatically lose when time's up. (requested by titandoubles)\n|inactive|VeeGey also wants the timer to be on.\n|inactive|titandoubles has 60 seconds left.\n|\n|t:|1683064887\n|start\n|switch|p1a: Golduck|Golduck, L50, M, shiny|100\/100\n|switch|p1b: Barraskewda|Barraskewda, L50, M|100\/100\n|switch|p2a: Flutter Mane|Flutter Mane, L50|100\/100\n|switch|p2b: Ting-Lu|Ting-Lu, L50|100\/100\n|-ability|p2b: Ting-Lu|Vessel of Ruin\n|turn|1\n|\n|t:|1683064914\n|-end|p2a: Flutter Mane|Protosynthesis|[silent]\n|switch|p2a: Arcanine|Arcanine, L50, F|100\/100\n|-ability|p2a: Arcanine|Intimidate|boost\n|-unboost|p1a: Golduck|atk|1\n|-unboost|p1b: Barraskewda|atk|1\n|switch|p1a: Pelipper|Pelipper, L50, F|100\/100\n|-weather|RainDance|[from] ability: Drizzle|[of] p1a: Pelipper\n|move|p1b: Barraskewda|Liquidation|p2b: Ting-Lu\n|-supereffective|p2b: Ting-Lu\n|-damage|p2b: Ting-Lu|30\/100\n|move|p2b: Ting-Lu|Rock Slide|p1a: Pelipper|[spread] p1a,p1b\n|-supereffective|p1a: Pelipper\n|-crit|p1b: Barraskewda\n|-damage|p1a: Pelipper|61\/100\n|-damage|p1b: Barraskewda|46\/100\n|\n|-weather|RainDance|[upkeep]\n|upkeep\n|turn|2\n|\n|t:|1683064935\n|switch|p2b: Gyarados|Gyarados, L50, F|100\/100\n|-terastallize|p2a: Arcanine|Grass\n|move|p1a: Pelipper|Wide Guard|p1a: Pelipper\n|-singleturn|p1a: Pelipper|Wide Guard\n|move|p1b: Barraskewda|Liquidation|p2b: Gyarados\n|-resisted|p2b: Gyarados\n|-damage|p2b: Gyarados|68\/100\n|-unboost|p2b: Gyarados|def|1\n|move|p2a: Arcanine|Snarl|p1b: Barraskewda|[spread] \n|-activate|p1a: Pelipper|move: Wide Guard\n|-activate|p1b: Barraskewda|move: Wide Guard\n|\n|-weather|RainDance|[upkeep]\n|upkeep\n|turn|3\n|inactive|titandoubles has 30 seconds left.\n|inactive|titandoubles has 20 seconds left.\n|\n|t:|1683064972\n|switch|p1b: Golduck|Golduck, L50, M, shiny|100\/100\n|move|p2a: Arcanine|Protect|p2a: Arcanine\n|-singleturn|p2a: Arcanine|Protect\n|move|p2b: Gyarados|Earthquake|p1a: Pelipper|[spread] p1b\n|-activate|p2a: Arcanine|move: Protect\n|-immune|p1a: Pelipper\n|-damage|p1b: Golduck|50\/100\n|-damage|p2b: Gyarados|58\/100|[from] item: Life Orb\n|move|p1a: Pelipper|Hurricane|p2a: Arcanine\n|-activate|p2a: Arcanine|move: Protect\n|\n|-weather|RainDance|[upkeep]\n|upkeep\n|turn|4\n|\n|t:|1683064989\n|switch|p1a: Tsareena|Tsareena, L50, F|100\/100\n|-terastallize|p1b: Golduck|Ice\n|move|p1b: Golduck|Ice Beam|p2a: Arcanine\n|-supereffective|p2a: Arcanine\n|-damage|p2a: Arcanine|4\/100\n|-enditem|p2a: Arcanine|Sitrus Berry|[eat]\n|-heal|p2a: Arcanine|29\/100|[from] item: Sitrus Berry\n|-damage|p1b: Golduck|40\/100|[from] item: Life Orb\n|move|p2a: Arcanine|Snarl|p1b: Golduck|[spread] p1a,p1b\n|-damage|p1a: Tsareena|94\/100\n|-damage|p1b: Golduck|27\/100\n|-unboost|p1a: Tsareena|spa|1\n|-unboost|p1b: Golduck|spa|1\n|move|p2b: Gyarados|Tera Blast|p1b: Golduck\n|-damage|p1b: Golduck|7\/100\n|-damage|p2b: Gyarados|48\/100|[from] item: Life Orb\n|\n|-weather|RainDance|[upkeep]\n|upkeep\n|turn|5\n|inactive|titandoubles has 30 seconds left.\n|\n|t:|1683065016\n|switch|p2a: Flutter Mane|Flutter Mane, L50|100\/100\n|switch|p1a: Pelipper|Pelipper, L50, F|61\/100\n|move|p1b: Golduck|Surf|p2b: Gyarados|[spread] p1a,p2a,p2b\n|-resisted|p1a: Pelipper\n|-resisted|p2b: Gyarados\n|-damage|p1a: Pelipper|45\/100\n|-damage|p2a: Flutter Mane|66\/100\n|-damage|p2b: Gyarados|32\/100\n|-damage|p1b: Golduck|0 fnt|[from] item: Life Orb\n|faint|p1b: Golduck\n|move|p2b: Gyarados|Waterfall|p1a: Pelipper\n|-resisted|p1a: Pelipper\n|-damage|p1a: Pelipper|0 fnt\n|faint|p1a: Pelipper\n|-ability|p2b: Gyarados|Moxie|boost\n|-boost|p2b: Gyarados|atk|1\n|-damage|p2b: Gyarados|22\/100|[from] item: Life Orb\n|\n|-weather|RainDance|[upkeep]\n|upkeep\n|\n|t:|1683065022\n|switch|p1b: Tsareena|Tsareena, L50, F|94\/100\n|switch|p1a: Barraskewda|Barraskewda, L50, M|46\/100\n|turn|6\n|inactive|titandoubles has 30 seconds left.\n|\n|t:|1683065055\n|move|p1a: Barraskewda|Liquidation|p2a: Flutter Mane\n|-damage|p2a: Flutter Mane|0 fnt\n|faint|p2a: Flutter Mane\n|-end|p2a: Flutter Mane|Protosynthesis|[silent]\n|move|p2b: Gyarados|Earthquake|p1b: Tsareena|[spread] p1a,p1b\n|-resisted|p1b: Tsareena\n|-damage|p1a: Barraskewda|0 fnt\n|-damage|p1b: Tsareena|66\/100\n|faint|p1a: Barraskewda\n|-ability|p2b: Gyarados|Moxie|boost\n|-boost|p2b: Gyarados|atk|1\n|-damage|p2b: Gyarados|12\/100|[from] item: Life Orb\n|move|p1b: Tsareena|Trop Kick|p2b: Gyarados\n|-damage|p2b: Gyarados|0 fnt\n|faint|p2b: Gyarados\n|\n|-weather|RainDance|[upkeep]\n|upkeep\n|\n|t:|1683065060\n|switch|p2a: Arcanine|Arcanine, L50, F, tera:Grass|29\/100\n|switch|p2b: Ting-Lu|Ting-Lu, L50|30\/100\n|-ability|p2a: Arcanine|Intimidate|boost\n|-unboost|p1b: Tsareena|atk|1\n|-ability|p2b: Ting-Lu|Vessel of Ruin\n|turn|7\n|\n|t:|1683065071\n|move|p2a: Arcanine|Will-O-Wisp|p1b: Tsareena\n|-status|p1b: Tsareena|brn\n|move|p1b: Tsareena|Trop Kick|p2b: Ting-Lu\n|-supereffective|p2b: Ting-Lu\n|-damage|p2b: Ting-Lu|14\/100\n|-unboost|p2b: Ting-Lu|atk|1\n|move|p2b: Ting-Lu|Throat Chop|p1b: Tsareena\n|-damage|p1b: Tsareena|41\/100 brn\n|-start|p1b: Tsareena|Throat Chop|[silent]\n|\n|-weather|RainDance|[upkeep]\n|-damage|p1b: Tsareena|35\/100 brn|[from] brn\n|upkeep\n|turn|8\n|\n|t:|1683065088\n|move|p2a: Arcanine|Heat Wave|p1b: Tsareena|[miss]\n|-miss|p2a: Arcanine|p1b: Tsareena\n|move|p1b: Tsareena|Facade|p2a: Arcanine\n|-damage|p2a: Arcanine|0 fnt\n|faint|p2a: Arcanine\n|move|p2b: Ting-Lu|Rock Slide|p1b: Tsareena|[miss]\n|-miss|p2b: Ting-Lu|p1b: Tsareena\n|\n|-weather|none\n|-damage|p1b: Tsareena|28\/100 brn|[from] brn\n|-end|p1b: Tsareena|Throat Chop|[silent]\n|upkeep\n|turn|9\n|\n|t:|1683065096\n|move|p1b: Tsareena|Facade|p2b: Ting-Lu\n|-damage|p2b: Ting-Lu|0 fnt\n|faint|p2b: Ting-Lu\n|\n|win|VeeGey\n|raw|VeeGey's rating: 1149 → 1179<\/strong> (+30 for winning)\n|raw|titandoubles's rating: 1213 → 1183<\/strong> (-30 for losing)\n|c|\u2606VeeGey|Gg\n|l|\u2606titandoubles\n","uploadtime":1683065107,"views":4,"p1id":"veegey","p2id":"titandoubles","formatid":"gen9vgc2023regulationc","rating":1179,"private":0,"password":""}