{"id":"gen9vgc2023regulationc-1845905006","p1":"jsajsajs","p2":"littleh4ck","format":"[Gen 9] VGC 2023 Regulation C","log":"|j|\u2606jsajsajs\n|j|\u2606littleh4ck\n|t:|1681777614\n|gametype|doubles\n|player|p1|jsajsajs|blue|1126\n|player|p2|littleh4ck|larry|1122\n|teamsize|p1|6\n|teamsize|p2|6\n|gen|9\n|tier|[Gen 9] VGC 2023 Regulation C\n|rated|\n|rule|Species Clause: Limit one of each Pok\u00e9mon\n|rule|Item Clause: Limit one of each item\n|clearpoke\n|poke|p1|Arcanine, L50, F|\n|poke|p1|Palafin, L50, M|\n|poke|p1|Flutter Mane, L50|\n|poke|p1|Iron Hands, L50|\n|poke|p1|Chien-Pao, L50|\n|poke|p1|Amoonguss, L50, F|\n|poke|p2|Flutter Mane, L50|\n|poke|p2|Arcanine, L50, M|\n|poke|p2|Amoonguss, L50, M|\n|poke|p2|Kingambit, L50, M|\n|poke|p2|Azumarill, L50, F|\n|poke|p2|Iron Hands, L50|\n|teampreview|4\nlittleh4ck has agreed to open team sheets.\n|inactive|Battle timer is ON: inactive players will automatically lose when time's up. (requested by littleh4ck)\n|\n|t:|1681777676\n|start\n|switch|p1a: Palafin|Palafin, L50, M, shiny|100\/100\n|switch|p1b: Flutter Mane|Flutter Mane, L50, shiny|100\/100\n|switch|p2a: Flutter Mane|Flutter Mane, L50|100\/100\n|switch|p2b: Iron Hands|Iron Hands, L50|100\/100\n|-enditem|p2a: Flutter Mane|Booster Energy\n|-activate|p2a: Flutter Mane|ability: Protosynthesis|[fromitem]\n|-start|p2a: Flutter Mane|protosynthesisspa\n|-enditem|p1b: Flutter Mane|Booster Energy\n|-activate|p1b: Flutter Mane|ability: Protosynthesis|[fromitem]\n|-start|p1b: Flutter Mane|protosynthesisspa\n|turn|1\n|\n|t:|1681777697\n|detailschange|p1a: Palafin|Palafin-Hero, L50, M, shiny\n|switch|p1a: Amoonguss|Amoonguss, L50, F|100\/100\n|move|p2a: Flutter Mane|Protect|p2a: Flutter Mane\n|-singleturn|p2a: Flutter Mane|Protect\n|move|p1b: Flutter Mane|Shadow Ball|p2a: Flutter Mane\n|-activate|p2a: Flutter Mane|move: Protect\n|move|p2b: Iron Hands|Volt Switch|p1b: Flutter Mane\n|-damage|p1b: Flutter Mane|87\/100\n|\n|t:|1681777707\n|-end|p2b: Iron Hands|Quark Drive|[silent]\n|switch|p2b: Amoonguss|Amoonguss, L50, M|100\/100|[from] Volt Switch\n|\n|upkeep\n|turn|2\n|inactive|jsajsajs has 30 seconds left.\n|\n|t:|1681777733\n|-end|p2a: Flutter Mane|Protosynthesis|[silent]\n|switch|p2a: Azumarill|Azumarill, L50, F|100\/100\n|move|p1b: Flutter Mane|Substitute|p1b: Flutter Mane\n|-start|p1b: Flutter Mane|Substitute\n|-damage|p1b: Flutter Mane|63\/100\n|move|p2b: Amoonguss|Spore||[still]\n|-fail|p2b: Amoonguss\n|move|p1a: Amoonguss|Pollen Puff|p2a: Azumarill\n|-resisted|p2a: Azumarill\n|-damage|p2a: Azumarill|92\/100\n|\n|upkeep\n|turn|3\n|inactive|littleh4ck has 30 seconds left.\n|\n|t:|1681777759\n|-terastallize|p2a: Azumarill|Steel\n|move|p1b: Flutter Mane|Shadow Ball|p2a: Azumarill\n|-damage|p2a: Azumarill|34\/100\n|move|p2a: Azumarill|Tera Blast|p1b: Flutter Mane\n|-supereffective|p1b: Flutter Mane\n|-end|p1b: Flutter Mane|Substitute\n|move|p2b: Amoonguss|Spore|p1b: Flutter Mane\n|-status|p1b: Flutter Mane|slp|[from] move: Spore\n|move|p1a: Amoonguss|Pollen Puff|p1b: Flutter Mane\n|-heal|p1b: Flutter Mane|100\/100 slp\n|\n|upkeep\n|turn|4\n|inactive|littleh4ck has 30 seconds left.\n|\n|t:|1681777784\n|-end|p1b: Flutter Mane|Protosynthesis|[silent]\n|switch|p1b: Iron Hands|Iron Hands, L50|100\/100\n|move|p2a: Azumarill|Tera Blast|p1b: Iron Hands\n|-resisted|p1b: Iron Hands\n|-damage|p1b: Iron Hands|72\/100\n|move|p2b: Amoonguss|Pollen Puff|p2a: Azumarill\n|-heal|p2a: Azumarill|84\/100\n|move|p1a: Amoonguss|Spore|p2a: Azumarill\n|-status|p2a: Azumarill|slp|[from] move: Spore\n|\n|upkeep\n|turn|5\n|\n|t:|1681777808\n|switch|p2a: Iron Hands|Iron Hands, L50|100\/100\n|-terastallize|p1b: Iron Hands|Grass\n|move|p1b: Iron Hands|Drain Punch|p2a: Iron Hands\n|-damage|p2a: Iron Hands|74\/100\n|-heal|p1b: Iron Hands|87\/100|[from] drain|[of] p2a: Iron Hands\n|move|p2b: Amoonguss|Spore|p1b: Iron Hands\n|-immune|p1b: Iron Hands\n|move|p1a: Amoonguss|Pollen Puff|p1b: Iron Hands\n|-heal|p1b: Iron Hands|100\/100\n|\n|upkeep\n|turn|6\n|\n|t:|1681777832\n|switch|p1a: Flutter Mane|Flutter Mane, L50, shiny|100\/100 slp\n|move|p2b: Amoonguss|Protect|p2b: Amoonguss\n|-singleturn|p2b: Amoonguss|Protect\n|move|p1b: Iron Hands|Fake Out||[still]\n|-hint|Fake Out only works on your first turn out.\n|-fail|p1b: Iron Hands\n|move|p2a: Iron Hands|Close Combat|p1b: Iron Hands\n|-damage|p1b: Iron Hands|45\/100\n|-unboost|p2a: Iron Hands|def|1\n|-unboost|p2a: Iron Hands|spd|1\n|\n|upkeep\n|turn|7\n|inactive|jsajsajs has 30 seconds left.\n|\n|t:|1681777859\n|move|p2b: Amoonguss|Rage Powder|p2b: Amoonguss\n|-singleturn|p2b: Amoonguss|move: Rage Powder\n|cant|p1a: Flutter Mane|slp\n|move|p1b: Iron Hands|Drain Punch|p2a: Iron Hands\n|-damage|p2a: Iron Hands|32\/100\n|-heal|p1b: Iron Hands|69\/100|[from] drain|[of] p2a: Iron Hands\n|move|p2a: Iron Hands|Close Combat|p1b: Iron Hands\n|-damage|p1b: Iron Hands|15\/100\n|-unboost|p2a: Iron Hands|def|1\n|-unboost|p2a: Iron Hands|spd|1\n|\n|upkeep\n|turn|8\n|\n|t:|1681777881\n|-end|p1b: Iron Hands|Quark Drive|[silent]\n|switch|p1b: Amoonguss|Amoonguss, L50, F|100\/100\n|-end|p2a: Iron Hands|Quark Drive|[silent]\n|switch|p2a: Flutter Mane|Flutter Mane, L50|100\/100\n|-curestatus|p1a: Flutter Mane|slp|[msg]\n|move|p1a: Flutter Mane|Shadow Ball|p2a: Flutter Mane\n|-supereffective|p2a: Flutter Mane\n|-damage|p2a: Flutter Mane|19\/100\n|move|p2b: Amoonguss|Pollen Puff|p1b: Amoonguss\n|-damage|p1b: Amoonguss|85\/100\n|\n|upkeep\n|turn|9\n|\n|t:|1681777899\n|move|p2a: Flutter Mane|Protect|p2a: Flutter Mane\n|-singleturn|p2a: Flutter Mane|Protect\n|move|p1b: Amoonguss|Rage Powder|p1b: Amoonguss\n|-singleturn|p1b: Amoonguss|move: Rage Powder\n|move|p1a: Flutter Mane|Shadow Ball|p2a: Flutter Mane\n|-activate|p2a: Flutter Mane|move: Protect\n|move|p2b: Amoonguss|Spore|p1a: Flutter Mane\n|-status|p1a: Flutter Mane|slp|[from] move: Spore\n|\n|upkeep\n|turn|10\n|\n|t:|1681777913\n|-end|p1a: Flutter Mane|Protosynthesis|[silent]\n|switch|p1a: Iron Hands|Iron Hands, L50, tera:Grass|15\/100\n|move|p2a: Flutter Mane|Shadow Ball|p1a: Iron Hands\n|-damage|p1a: Iron Hands|0 fnt\n|faint|p1a: Iron Hands\n|-end|p1a: Iron Hands|Quark Drive|[silent]\n|move|p2b: Amoonguss|Pollen Puff|p2a: Flutter Mane\n|-heal|p2a: Flutter Mane|69\/100\n|move|p1b: Amoonguss|Pollen Puff|p2a: Flutter Mane\n|-resisted|p2a: Flutter Mane\n|-damage|p2a: Flutter Mane|65\/100\n|\n|upkeep\n|c|\u2606jsajsajs|do u have evs in speed?\n|c|\u2606jsajsajs|your amongus?\n|inactive|jsajsajs has 30 seconds left.\n|\n|t:|1681777943\n|switch|p1a: Palafin|Palafin-Hero, L50, M, shiny|100\/100\n|-activate|p1a: Palafin|ability: Zero to Hero\n|turn|11\n|c|\u2606littleh4ck|a couple\n|c|\u2606jsajsajs|ok\n|\n|t:|1681777967\n|move|p2a: Flutter Mane|Protect|p2a: Flutter Mane\n|-singleturn|p2a: Flutter Mane|Protect\n|move|p1a: Palafin|Jet Punch|p2a: Flutter Mane\n|-activate|p2a: Flutter Mane|move: Protect\n|move|p2b: Amoonguss|Spore|p1a: Palafin\n|-status|p1a: Palafin|slp|[from] move: Spore\n|move|p1b: Amoonguss|Spore|p2a: Flutter Mane\n|-activate|p2a: Flutter Mane|move: Protect\n|\n|upkeep\n|turn|12\n|\n|t:|1681777988\n|cant|p1a: Palafin|slp\n|move|p2a: Flutter Mane|Moonblast|p1a: Palafin\n|-damage|p1a: Palafin|43\/100 slp\n|move|p2b: Amoonguss|Pollen Puff|p2a: Flutter Mane\n|-heal|p2a: Flutter Mane|100\/100\n|move|p1b: Amoonguss|Pollen Puff|p1a: Palafin\n|-heal|p1a: Palafin|93\/100 slp\n|\n|upkeep\n|turn|13\n|\n|t:|1681778006\n|cant|p1a: Palafin|slp\n|move|p2a: Flutter Mane|Shadow Ball|p1a: Palafin\n|-damage|p1a: Palafin|48\/100 slp\n|move|p2b: Amoonguss|Pollen Puff|p1a: Palafin\n|-damage|p1a: Palafin|26\/100 slp\n|move|p1b: Amoonguss|Pollen Puff|p1a: Palafin\n|-heal|p1a: Palafin|76\/100 slp\n|\n|upkeep\n|turn|14\n|\n|t:|1681778027\n|-curestatus|p1a: Palafin|slp|[msg]\n|move|p1a: Palafin|Protect|p1a: Palafin\n|-singleturn|p1a: Palafin|Protect\n|move|p2b: Amoonguss|Rage Powder|p2b: Amoonguss\n|-singleturn|p2b: Amoonguss|move: Rage Powder\n|move|p2a: Flutter Mane|Moonblast|p1a: Palafin\n|-activate|p1a: Palafin|move: Protect\n|move|p1b: Amoonguss|Spore|p2a: Flutter Mane\n|-status|p2a: Flutter Mane|slp|[from] move: Spore\n|\n|upkeep\n|turn|15\n|inactive|jsajsajs has 30 seconds left.\n|\n|t:|1681778053\n|switch|p1b: Flutter Mane|Flutter Mane, L50, shiny|100\/100 slp\n|move|p2b: Amoonguss|Rage Powder|p2b: Amoonguss\n|-singleturn|p2b: Amoonguss|move: Rage Powder\n|cant|p2a: Flutter Mane|slp\n|move|p1a: Palafin|Wave Crash|p2b: Amoonguss\n|-resisted|p2b: Amoonguss\n|-damage|p2b: Amoonguss|61\/100\n|-damage|p1a: Palafin|60\/100|[from] item: Rocky Helmet|[of] p2b: Amoonguss\n|-damage|p1a: Palafin|44\/100|[from] Recoil\n|\n|upkeep\n|turn|16\n|inactive|jsajsajs has 30 seconds left.\n|inactive|littleh4ck has 30 seconds left.\n|\n|t:|1681778084\n|-end|p2a: Flutter Mane|Protosynthesis|[silent]\n|switch|p2a: Iron Hands|Iron Hands, L50|32\/100\n|move|p2b: Amoonguss|Rage Powder|p2b: Amoonguss\n|-singleturn|p2b: Amoonguss|move: Rage Powder\n|move|p1a: Palafin|Jet Punch|p2b: Amoonguss\n|-resisted|p2b: Amoonguss\n|-damage|p2b: Amoonguss|43\/100\n|-damage|p1a: Palafin|27\/100|[from] item: Rocky Helmet|[of] p2b: Amoonguss\n|cant|p1b: Flutter Mane|slp\n|\n|upkeep\n|turn|17\n|\n|t:|1681778103\n|move|p1a: Palafin|Protect|p1a: Palafin\n|-singleturn|p1a: Palafin|Protect\n|move|p2a: Iron Hands|Fake Out|p1a: Palafin\n|-activate|p1a: Palafin|move: Protect\n|-curestatus|p1b: Flutter Mane|slp|[msg]\n|move|p1b: Flutter Mane|Shadow Ball|p2a: Iron Hands\n|-damage|p2a: Iron Hands|7\/100\n|move|p2b: Amoonguss|Pollen Puff|p2a: Iron Hands\n|-heal|p2a: Iron Hands|56\/100\n|\n|upkeep\n|turn|18\n|\n|t:|1681778122\n|move|p2b: Amoonguss|Rage Powder|p2b: Amoonguss\n|-singleturn|p2b: Amoonguss|move: Rage Powder\n|move|p1a: Palafin|Jet Punch|p2b: Amoonguss\n|-resisted|p2b: Amoonguss\n|-damage|p2b: Amoonguss|24\/100\n|-damage|p1a: Palafin|11\/100|[from] item: Rocky Helmet|[of] p2b: Amoonguss\n|move|p1b: Flutter Mane|Shadow Ball|p2b: Amoonguss\n|-damage|p2b: Amoonguss|0 fnt\n|faint|p2b: Amoonguss\n|move|p2a: Iron Hands|Wild Charge|p1a: Palafin\n|-supereffective|p1a: Palafin\n|-damage|p1a: Palafin|0 fnt\n|faint|p1a: Palafin\n|-damage|p2a: Iron Hands|55\/100|[from] Recoil\n|\n|upkeep\n|\n|t:|1681778141\n|switch|p1a: Amoonguss|Amoonguss, L50, F|100\/100\n|switch|p2b: Azumarill|Azumarill, L50, F, tera:Steel|84\/100 slp\n|turn|19\n|inactive|jsajsajs has 30 seconds left.\n|\n|t:|1681778167\n|move|p1a: Amoonguss|Rage Powder|p1a: Amoonguss\n|-singleturn|p1a: Amoonguss|move: Rage Powder\n|move|p1b: Flutter Mane|Moonblast|p2a: Iron Hands\n|-supereffective|p2a: Iron Hands\n|-damage|p2a: Iron Hands|0 fnt\n|faint|p2a: Iron Hands\n|-end|p2a: Iron Hands|Quark Drive|[silent]\n|cant|p2b: Azumarill|slp\n|\n|upkeep\n|\n|t:|1681778174\n|switch|p2a: Flutter Mane|Flutter Mane, L50|100\/100 slp\n|turn|20\n|\n|t:|1681778182\n|move|p1a: Amoonguss|Rage Powder|p1a: Amoonguss\n|-singleturn|p1a: Amoonguss|move: Rage Powder\n|cant|p2a: Flutter Mane|slp\n|move|p1b: Flutter Mane|Shadow Ball|p2a: Flutter Mane\n|-supereffective|p2a: Flutter Mane\n|-damage|p2a: Flutter Mane|26\/100 slp\n|-curestatus|p2b: Azumarill|slp|[msg]\n|move|p2b: Azumarill|Tera Blast|p1a: Amoonguss\n|-damage|p1a: Amoonguss|32\/100\n|-enditem|p1a: Amoonguss|Sitrus Berry|[eat]\n|-heal|p1a: Amoonguss|57\/100|[from] item: Sitrus Berry\n|\n|upkeep\n|turn|21\n|inactive|jsajsajs has 30 seconds left.\n|inactive|jsajsajs has 20 seconds left.\n|\n|t:|1681778222\n|cant|p2a: Flutter Mane|slp\n|move|p1b: Flutter Mane|Protect|p1b: Flutter Mane\n|-singleturn|p1b: Flutter Mane|Protect\n|move|p2b: Azumarill|Tera Blast|p1b: Flutter Mane\n|-activate|p1b: Flutter Mane|move: Protect\n|move|p1a: Amoonguss|Spore|p2b: Azumarill\n|-status|p2b: Azumarill|slp|[from] move: Spore\n|\n|upkeep\n|turn|22\n|inactive|jsajsajs has 25 seconds left this turn.\n|inactive|jsajsajs has 20 seconds left.\n|inactive|jsajsajs has 15 seconds left.\n|inactive|littleh4ck has 30 seconds left.\n|inactive|jsajsajs has 10 seconds left.\n|\n|t:|1681778239\n|move|p1a: Amoonguss|Rage Powder|p1a: Amoonguss\n|-singleturn|p1a: Amoonguss|move: Rage Powder\n|-curestatus|p2a: Flutter Mane|slp|[msg]\n|move|p2a: Flutter Mane|Shadow Ball|p1a: Amoonguss\n|-damage|p1a: Amoonguss|22\/100\n|move|p1b: Flutter Mane|Shadow Ball|p2a: Flutter Mane\n|-supereffective|p2a: Flutter Mane\n|-damage|p2a: Flutter Mane|0 fnt\n|faint|p2a: Flutter Mane\n|-end|p2a: Flutter Mane|Protosynthesis|[silent]\n|cant|p2b: Azumarill|slp\n|\n|upkeep\n|turn|23\n|inactive|jsajsajs has 10 seconds left this turn.\n|inactive|littleh4ck has 25 seconds left this turn.\n|inactive|jsajsajs has 5 seconds left.\n|inactive|littleh4ck has 20 seconds left.\n|-message|jsajsajs lost due to inactivity.\n|\n|win|littleh4ck\n|raw|jsajsajs's rating: 1126 → 1101<\/strong> (-25 for losing)\n|raw|littleh4ck's rating: 1122 → 1147<\/strong> (+25 for winning)\n|c|\u2606jsajsajs|????\n|c|\u2606jsajsajs|fuck\n|c|\u2606littleh4ck|that was so weird\n|c|\u2606jsajsajs|timer\n|c|\u2606littleh4ck|ah\n|c|\u2606jsajsajs|i won but i didnt have timer\n|c|\u2606jsajsajs|sad\n|c|\u2606littleh4ck|damn\n|c|\u2606littleh4ck|gg\n|c|\u2606littleh4ck|you deserved the w\n|l|\u2606littleh4ck\n|c|\u2606jsajsajs|gg\n","uploadtime":1681778303,"views":6,"p1id":"jsajsajs","p2id":"littleh4ck","formatid":"gen9vgc2023regulationc","rating":1101,"private":0,"password":""}