{"id":"gen9vgc2023regulationc-1847844090","p1":"zeus_system","p2":"gGusto","format":"[Gen 9] VGC 2023 Regulation C","log":"|j|\u2606zeus_system\n|j|\u2606gGusto\n|t:|1682006589\n|gametype|doubles\n|player|p1|zeus_system|1|1427\n|player|p2|gGusto|265|1319\n|teamsize|p1|6\n|teamsize|p2|6\n|gen|9\n|tier|[Gen 9] VGC 2023 Regulation C\n|rated|\n|rule|Species Clause: Limit one of each Pok\u00e9mon\n|rule|Item Clause: Limit one of each item\n|clearpoke\n|poke|p1|Flutter Mane, L50|\n|poke|p1|Baxcalibur, L50, M|\n|poke|p1|Ting-Lu, L50|\n|poke|p1|Arcanine, L50, F|\n|poke|p1|Amoonguss, L50, M|\n|poke|p1|Palafin, L50, F|\n|poke|p2|Flutter Mane, L50|\n|poke|p2|Arcanine, L50, M|\n|poke|p2|Amoonguss, L50, M|\n|poke|p2|Palafin, L50, M|\n|poke|p2|Baxcalibur, L50, M|\n|poke|p2|Dragonite, L50, M|\n|teampreview|4\n|inactive|Battle timer is ON: inactive players will automatically lose when time's up. (requested by gGusto)\ngGusto has agreed to open team sheets.\n|inactive|gGusto has 60 seconds left.\n|\n|t:|1682006624\n|start\n|switch|p1a: Baxcalibur|Baxcalibur, L50, M|100\/100\n|switch|p1b: Palafin|Palafin, L50, F|100\/100\n|switch|p2a: Palafin|Palafin, L50, M|100\/100\n|switch|p2b: Flutter Mane|Flutter Mane, L50|100\/100\n|turn|1\n|inactive|zeus_system has 30 seconds left.\n|inactive|zeus_system has 20 seconds left.\n|inactive|zeus_system has 15 seconds left.\n|\n|t:|1682006665\n|detailschange|p1b: Palafin|Palafin-Hero, L50, F\n|switch|p1b: Amoonguss|Amoonguss, L50, M|100\/100\n|-terastallize|p2a: Palafin|Water\n|-terastallize|p1a: Baxcalibur|Poison\n|move|p2b: Flutter Mane|Shadow Ball|p1a: Baxcalibur\n|-damage|p1a: Baxcalibur|48\/100\n|move|p2a: Palafin|Wave Crash|p1a: Baxcalibur\n|-damage|p1a: Baxcalibur|0 fnt\n|faint|p1a: Baxcalibur\n|-damage|p2a: Palafin|83\/100|[from] Recoil\n|\n|upkeep\n|c|\u2606gGusto|something seems firmiliar\n|c|\u2606gGusto|*familiar\n|inactive|zeus_system has 30 seconds left.\n|\n|t:|1682006693\n|switch|p1a: Palafin|Palafin-Hero, L50, F|100\/100\n|-activate|p1a: Palafin|ability: Zero to Hero\n|turn|2\n|\n|t:|1682006705\n|-end|p2b: Flutter Mane|Protosynthesis|[silent]\n|switch|p2b: Amoonguss|Amoonguss, L50, M|100\/100\n|detailschange|p2a: Palafin|Palafin-Hero, L50, M, tera:Water\n|switch|p2a: Arcanine|Arcanine, L50, M|100\/100\n|-ability|p2a: Arcanine|Intimidate|boost\n|-unboost|p1a: Palafin|atk|1\n|-unboost|p1b: Amoonguss|atk|1\n|move|p1a: Palafin|Wave Crash|p2a: Arcanine\n|-supereffective|p2a: Arcanine\n|-damage|p2a: Arcanine|0 fnt\n|faint|p2a: Arcanine\n|-damage|p1a: Palafin|69\/100|[from] Recoil\n|move|p1b: Amoonguss|Spore|p2b: Amoonguss\n|-immune|p2b: Amoonguss\n|\n|upkeep\n|\n|t:|1682006712\n|switch|p2a: Flutter Mane|Flutter Mane, L50|100\/100\n|turn|3\n|\n|t:|1682006737\n|switch|p1a: Arcanine|Arcanine, L50, F|100\/100\n|-ability|p1a: Arcanine|Intimidate|boost\n|-unboost|p2a: Flutter Mane|atk|1\n|-unboost|p2b: Amoonguss|atk|1\n|move|p2a: Flutter Mane|Shadow Ball|p1b: Amoonguss\n|-crit|p1b: Amoonguss\n|-damage|p1b: Amoonguss|19\/100\n|-enditem|p1b: Amoonguss|Sitrus Berry|[eat]\n|-heal|p1b: Amoonguss|44\/100|[from] item: Sitrus Berry\n|move|p1b: Amoonguss|Spore|p2a: Flutter Mane\n|-status|p2a: Flutter Mane|slp|[from] move: Spore\n|move|p2b: Amoonguss|Spore|p1a: Arcanine\n|-activate|p1a: Arcanine|item: Safety Goggles|Spore\n|\n|upkeep\n|turn|4\n|inactive|zeus_system has 30 seconds left.\n|inactive|zeus_system has 20 seconds left.\n|\n|t:|1682006773\n|switch|p1b: Palafin|Palafin-Hero, L50, F|69\/100\n|switch|p2b: Palafin|Palafin-Hero, L50, M, tera:Water|83\/100\n|-activate|p2b: Palafin|ability: Zero to Hero\n|cant|p2a: Flutter Mane|slp\n|move|p1a: Arcanine|Flare Blitz|p2b: Palafin\n|-resisted|p2b: Palafin\n|-damage|p2b: Palafin|62\/100\n|-damage|p1a: Arcanine|93\/100|[from] Recoil\n|\n|upkeep\n|turn|5\n|inactive|zeus_system has 30 seconds left.\n|inactive|zeus_system has 20 seconds left.\n|inactive|zeus_system has 15 seconds left.\n|\n|t:|1682006816\n|switch|p1a: Amoonguss|Amoonguss, L50, M|77\/100\n|cant|p2a: Flutter Mane|slp\n|move|p2b: Palafin|Substitute|p2b: Palafin\n|-start|p2b: Palafin|Substitute\n|-damage|p2b: Palafin|38\/100\n|move|p1b: Palafin|Wave Crash|p2b: Palafin\n|-resisted|p2b: Palafin\n|-end|p2b: Palafin|Substitute\n|-damage|p1b: Palafin|61\/100|[from] Recoil|[of] p2b: Palafin\n|\n|upkeep\n|turn|6\n|inactive|zeus_system has 30 seconds left.\n|inactive|zeus_system has 20 seconds left.\n|inactive|zeus_system has 15 seconds left.\n|inactive|zeus_system has 10 seconds left.\n|\n|t:|1682006864\n|-curestatus|p2a: Flutter Mane|slp|[msg]\n|move|p2a: Flutter Mane|Shadow Ball|p1b: Palafin\n|-damage|p1b: Palafin|4\/100\n|move|p2b: Palafin|Substitute|p2b: Palafin\n|-start|p2b: Palafin|Substitute\n|-damage|p2b: Palafin|13\/100\n|move|p1b: Palafin|Wave Crash|p2a: Flutter Mane\n|-damage|p2a: Flutter Mane|0 fnt\n|faint|p2a: Flutter Mane\n|-end|p2a: Flutter Mane|Protosynthesis|[silent]\n|-damage|p1b: Palafin|0 fnt|[from] Recoil\n|faint|p1b: Palafin\n|move|p1a: Amoonguss|Spore||[still]\n|-fail|p1a: Amoonguss\n|\n|upkeep\n|\n|t:|1682006878\n|switch|p2a: Amoonguss|Amoonguss, L50, M|100\/100\n|switch|p1b: Arcanine|Arcanine, L50, F|93\/100\n|-ability|p1b: Arcanine|Intimidate|boost\n|-unboost|p2a: Amoonguss|atk|1\n|-immune|p2b: Palafin\n|turn|7\n|\n|t:|1682006893\n|move|p2b: Palafin|Jet Punch|p1b: Arcanine\n|-supereffective|p1b: Arcanine\n|-damage|p1b: Arcanine|0 fnt\n|faint|p1b: Arcanine\n|move|p1a: Amoonguss|Pollen Puff|p2a: Amoonguss\n|-damage|p2a: Amoonguss|87\/100\n|move|p2a: Amoonguss|Pollen Puff|p2b: Palafin\n|-heal|p2b: Palafin|62\/100\n|\n|upkeep\n|turn|8\n|c|\u2606gGusto|gg\n|-message|zeus_system forfeited.\n|\n|win|gGusto\n|raw|zeus_system's rating: 1427 → 1401<\/strong> (-26 for losing)\n|raw|gGusto's rating: 1319 → 1345<\/strong> (+26 for winning)\n","uploadtime":1682006912,"views":13,"p1id":"zeussystem","p2id":"ggusto","formatid":"gen9vgc2023regulationc","rating":1345,"private":0,"password":""}