{"id":"gen9vgc2023regulationc-1845873030","p1":"SlothSpeed","p2":"yemia","format":"[Gen 9] VGC 2023 Regulation C","log":"|j|\u2606SlothSpeed\n|j|\u2606yemia\n|t:|1681773860\n|gametype|doubles\n|player|p1|SlothSpeed|266|1119\n|player|p2|yemia|acetrainerf-gen4dp|1104\n|teamsize|p1|6\n|teamsize|p2|6\n|gen|9\n|tier|[Gen 9] VGC 2023 Regulation C\n|rated|\n|rule|Species Clause: Limit one of each Pok\u00e9mon\n|rule|Item Clause: Limit one of each item\n|clearpoke\n|poke|p1|Wo-Chien, L50|\n|poke|p1|Ting-Lu, L50|\n|poke|p1|Arcanine, L50, F|\n|poke|p1|Garganacl, L50, M|\n|poke|p1|Gothitelle, L50, F|\n|poke|p1|Scream Tail, L50|\n|poke|p2|Gardevoir, L50, F|\n|poke|p2|Ceruledge, L50, F|\n|poke|p2|Salamence, L50, F|\n|poke|p2|Volcarona, L50, F|\n|poke|p2|Appletun, L50, F|\n|poke|p2|Gastrodon-East, L50, F|\n|teampreview|4\n|inactive|Battle timer is ON: inactive players will automatically lose when time's up. (requested by yemia)\n|inactive|yemia has 60 seconds left.\n|\n|t:|1681773895\n|start\n|switch|p1a: Garganacl|Garganacl, L50, M|100\/100\n|switch|p1b: Arcanine|Arcanine, L50, F|100\/100\n|switch|p2a: Gardevoir|Gardevoir, L50, F|100\/100\n|switch|p2b: Volcarona|Volcarona, L50, F|100\/100\n|-ability|p1b: Arcanine|Intimidate|boost\n|-unboost|p2a: Gardevoir|atk|1\n|-unboost|p2b: Volcarona|atk|1\n|-ability|p2a: Gardevoir|Intimidate|boost\n|-unboost|p1a: Garganacl|atk|1\n|-unboost|p1b: Arcanine|atk|1\n|-ability|p2a: Gardevoir|Intimidate|[from] ability: Trace|[of] p1b: Arcanine\n|turn|1\n|inactive|SlothSpeed has 30 seconds left.\n|\n|t:|1681773928\n|move|p1b: Arcanine|Snarl|p2a: Gardevoir|[spread] p2a,p2b\n|-damage|p2a: Gardevoir|93\/100\n|-damage|p2b: Volcarona|93\/100\n|-unboost|p2a: Gardevoir|spa|1\n|-unboost|p2b: Volcarona|spa|1\n|move|p2b: Volcarona|Tailwind|p2b: Volcarona\n|-sidestart|p2: yemia|move: Tailwind\n|move|p2a: Gardevoir|Dazzling Gleam|p1a: Garganacl|[spread] p1a,p1b\n|-resisted|p1b: Arcanine\n|-crit|p1b: Arcanine\n|-damage|p1a: Garganacl|85\/100\n|-damage|p1b: Arcanine|72\/100\n|move|p1a: Garganacl|Salt Cure|p2b: Volcarona\n|-supereffective|p2b: Volcarona\n|-damage|p2b: Volcarona|55\/100\n|-start|p2b: Volcarona|Salt Cure\n|\n|-damage|p2b: Volcarona|43\/100|[from] Salt Cure\n|upkeep\n|turn|2\n|\n|t:|1681773948\n|switch|p2b: Appletun|Appletun, L50, F|100\/100\n|move|p1a: Garganacl|Wide Guard|p1a: Garganacl\n|-singleturn|p1a: Garganacl|Wide Guard\n|move|p2a: Gardevoir|Dazzling Gleam|p1b: Arcanine|[spread] \n|-activate|p1a: Garganacl|move: Wide Guard\n|-activate|p1b: Arcanine|move: Wide Guard\n|move|p1b: Arcanine|Snarl|p2a: Gardevoir|[spread] p2a,p2b\n|-damage|p2a: Gardevoir|85\/100\n|-damage|p2b: Appletun|93\/100\n|-unboost|p2a: Gardevoir|spa|1\n|-unboost|p2b: Appletun|spa|1\n|\n|upkeep\n|turn|3\n|\n|t:|1681773970\n|move|p2b: Appletun|Protect|p2b: Appletun\n|-singleturn|p2b: Appletun|Protect\n|move|p2a: Gardevoir|Taunt|p1a: Garganacl\n|-start|p1a: Garganacl|move: Taunt\n|move|p1b: Arcanine|Snarl|p2a: Gardevoir|[spread] p2a\n|-activate|p2b: Appletun|move: Protect\n|-damage|p2a: Gardevoir|78\/100\n|-unboost|p2a: Gardevoir|spa|1\n|move|p1a: Garganacl|Salt Cure|p2b: Appletun\n|-activate|p2b: Appletun|move: Protect\n|\n|upkeep\n|turn|4\n|\n|t:|1681773988\n|switch|p2a: Volcarona|Volcarona, L50, F|43\/100\n|move|p1b: Arcanine|Snarl|p2a: Volcarona|[spread] p2a,p2b\n|-damage|p2a: Volcarona|35\/100\n|-damage|p2b: Appletun|86\/100\n|-unboost|p2a: Volcarona|spa|1\n|-unboost|p2b: Appletun|spa|1\n|move|p2b: Appletun|Apple Acid|p1a: Garganacl\n|-supereffective|p1a: Garganacl\n|-damage|p1a: Garganacl|63\/100\n|-unboost|p1a: Garganacl|spd|1\n|move|p1a: Garganacl|Salt Cure|p2a: Volcarona\n|-supereffective|p2a: Volcarona\n|-damage|p2a: Volcarona|2\/100\n|-start|p2a: Volcarona|Salt Cure\n|\n|-damage|p2a: Volcarona|0 fnt|[from] Salt Cure\n|faint|p2a: Volcarona\n|-sideend|p2: yemia|move: Tailwind\n|upkeep\n|\n|t:|1681774002\n|switch|p2a: Gardevoir|Gardevoir, L50, F|78\/100\n|-ability|p2a: Gardevoir|Purifying Salt|[from] ability: Trace|[of] p1a: Garganacl\n|turn|5\n|\n|t:|1681774013\n|move|p1b: Arcanine|Snarl|p2a: Gardevoir|[spread] p2a,p2b\n|-damage|p2a: Gardevoir|70\/100\n|-damage|p2b: Appletun|79\/100\n|-unboost|p2a: Gardevoir|spa|1\n|-unboost|p2b: Appletun|spa|1\n|move|p2a: Gardevoir|Dazzling Gleam|p1a: Garganacl|[spread] p1a,p1b\n|-resisted|p1b: Arcanine\n|-damage|p1a: Garganacl|39\/100\n|-damage|p1b: Arcanine|61\/100\n|-enditem|p1a: Garganacl|Sitrus Berry|[eat]\n|-heal|p1a: Garganacl|63\/100|[from] item: Sitrus Berry\n|move|p1a: Garganacl|Salt Cure|p2a: Gardevoir\n|-damage|p2a: Gardevoir|56\/100\n|-start|p2a: Gardevoir|Salt Cure\n|move|p2b: Appletun|Apple Acid|p1a: Garganacl\n|-supereffective|p1a: Garganacl\n|-damage|p1a: Garganacl|39\/100\n|-unboost|p1a: Garganacl|spd|1\n|\n|-damage|p2a: Gardevoir|43\/100|[from] Salt Cure\n|-end|p1a: Garganacl|move: Taunt\n|upkeep\n|turn|6\n|\n|t:|1681774037\n|switch|p2a: Ceruledge|Ceruledge, L50, F|100\/100\n|move|p2b: Appletun|Protect|p2b: Appletun\n|-singleturn|p2b: Appletun|Protect\n|move|p1b: Arcanine|Snarl|p2a: Ceruledge|[spread] p2a\n|-activate|p2b: Appletun|move: Protect\n|-supereffective|p2a: Ceruledge\n|-damage|p2a: Ceruledge|82\/100\n|-unboost|p2a: Ceruledge|spa|1\n|move|p1a: Garganacl|Recover|p1a: Garganacl\n|-heal|p1a: Garganacl|89\/100\n|\n|upkeep\n|turn|7\n|\n|t:|1681774057\n|-terastallize|p2a: Ceruledge|Fighting\n|move|p1b: Arcanine|Snarl|p2a: Ceruledge|[spread] p2b\n|-miss|p1b: Arcanine|p2a: Ceruledge\n|-damage|p2b: Appletun|72\/100\n|-unboost|p2b: Appletun|spa|1\n|move|p2a: Ceruledge|Brick Break|p1a: Garganacl\n|-supereffective|p1a: Garganacl\n|-damage|p1a: Garganacl|18\/100\n|-damage|p2a: Ceruledge|72\/100|[from] item: Life Orb\n|move|p1a: Garganacl|Salt Cure|p2a: Ceruledge\n|-resisted|p2a: Ceruledge\n|-damage|p2a: Ceruledge|66\/100\n|-start|p2a: Ceruledge|Salt Cure\n|move|p2b: Appletun|Grassy Terrain|p2b: Appletun\n|-fieldstart|move: Grassy Terrain\n|\n|-heal|p1b: Arcanine|67\/100|[from] Grassy Terrain\n|-heal|p2a: Ceruledge|73\/100|[from] Grassy Terrain\n|-heal|p1a: Garganacl|24\/100|[from] Grassy Terrain\n|-heal|p2b: Appletun|78\/100|[from] Grassy Terrain\n|-damage|p2a: Ceruledge|60\/100|[from] Salt Cure\n|upkeep\n|turn|8\n|inactive|SlothSpeed has 30 seconds left.\n|inactive|yemia has 30 seconds left.\n|\n|t:|1681774090\n|switch|p2a: Gardevoir|Gardevoir, L50, F|43\/100\n|-ability|p2a: Gardevoir|Intimidate|boost\n|-unboost|p1a: Garganacl|atk|1\n|-unboost|p1b: Arcanine|atk|1\n|-ability|p2a: Gardevoir|Intimidate|[from] ability: Trace|[of] p1b: Arcanine\n|-terastallize|p1a: Garganacl|Ghost\n|move|p1b: Arcanine|Flare Blitz|p2b: Appletun\n|-damage|p2b: Appletun|66\/100\n|-damage|p1b: Arcanine|62\/100|[from] Recoil\n|move|p1a: Garganacl|Recover|p1a: Garganacl\n|-heal|p1a: Garganacl|74\/100\n|move|p2b: Appletun|Apple Acid|p1a: Garganacl\n|-damage|p1a: Garganacl|55\/100\n|-unboost|p1a: Garganacl|spd|1\n|\n|-heal|p1b: Arcanine|69\/100|[from] Grassy Terrain\n|-heal|p2a: Gardevoir|49\/100|[from] Grassy Terrain\n|-heal|p1a: Garganacl|60\/100|[from] Grassy Terrain\n|-heal|p2b: Appletun|72\/100|[from] Grassy Terrain\n|upkeep\n|turn|9\n|\n|t:|1681774113\n|switch|p2b: Ceruledge|Ceruledge, L50, F, tera:Fighting|60\/100\n|move|p1a: Garganacl|Protect|p1a: Garganacl\n|-singleturn|p1a: Garganacl|Protect\n|move|p1b: Arcanine|Snarl|p2b: Ceruledge|[spread] p2a,p2b\n|-resisted|p2b: Ceruledge\n|-damage|p2a: Gardevoir|41\/100\n|-damage|p2b: Ceruledge|56\/100\n|-unboost|p2a: Gardevoir|spa|1\n|-unboost|p2b: Ceruledge|spa|1\n|move|p2a: Gardevoir|Taunt|p1a: Garganacl\n|-activate|p1a: Garganacl|move: Protect\n|\n|-heal|p1b: Arcanine|75\/100|[from] Grassy Terrain\n|-heal|p2b: Ceruledge|62\/100|[from] Grassy Terrain\n|-heal|p2a: Gardevoir|47\/100|[from] Grassy Terrain\n|-heal|p1a: Garganacl|66\/100|[from] Grassy Terrain\n|upkeep\n|turn|10\n|\n|t:|1681774136\n|move|p1b: Arcanine|Snarl|p2b: Ceruledge|[spread] p2a,p2b\n|-resisted|p2b: Ceruledge\n|-damage|p2a: Gardevoir|39\/100\n|-damage|p2b: Ceruledge|58\/100\n|-unboost|p2a: Gardevoir|spa|1\n|-unboost|p2b: Ceruledge|spa|1\n|move|p2b: Ceruledge|Shadow Claw|p1a: Garganacl\n|-supereffective|p1a: Garganacl\n|-damage|p1a: Garganacl|35\/100\n|-damage|p2b: Ceruledge|48\/100|[from] item: Life Orb\n|move|p2a: Gardevoir|Taunt|p1a: Garganacl\n|-start|p1a: Garganacl|move: Taunt\n|move|p1a: Garganacl|Salt Cure|p2b: Ceruledge\n|-resisted|p2b: Ceruledge\n|-damage|p2b: Ceruledge|44\/100\n|-start|p2b: Ceruledge|Salt Cure\n|\n|-heal|p1b: Arcanine|81\/100|[from] Grassy Terrain\n|-heal|p2b: Ceruledge|50\/100|[from] Grassy Terrain\n|-heal|p2a: Gardevoir|45\/100|[from] Grassy Terrain\n|-heal|p1a: Garganacl|41\/100|[from] Grassy Terrain\n|-damage|p2b: Ceruledge|38\/100|[from] Salt Cure\n|upkeep\n|turn|11\n|\n|t:|1681774159\n|switch|p2b: Appletun|Appletun, L50, F|72\/100\n|move|p1b: Arcanine|Snarl|p2a: Gardevoir|[spread] p2a,p2b\n|-crit|p2a: Gardevoir\n|-damage|p2a: Gardevoir|34\/100\n|-damage|p2b: Appletun|65\/100\n|-unboost|p2a: Gardevoir|spa|1\n|-unboost|p2b: Appletun|spa|1\n|move|p2a: Gardevoir|Dazzling Gleam|p1b: Arcanine|[spread] p1a,p1b\n|-resisted|p1b: Arcanine\n|-damage|p1a: Garganacl|17\/100\n|-damage|p1b: Arcanine|75\/100\n|move|p1a: Garganacl|Salt Cure|p2a: Gardevoir\n|-damage|p2a: Gardevoir|22\/100\n|-start|p2a: Gardevoir|Salt Cure\n|\n|-heal|p1b: Arcanine|81\/100|[from] Grassy Terrain\n|-heal|p2a: Gardevoir|27\/100|[from] Grassy Terrain\n|-heal|p1a: Garganacl|23\/100|[from] Grassy Terrain\n|-heal|p2b: Appletun|71\/100|[from] Grassy Terrain\n|-damage|p2a: Gardevoir|15\/100|[from] Salt Cure\n|-fieldend|move: Grassy Terrain\n|upkeep\n|turn|12\n|c|\u2606yemia|i actually hate garganacl\n|inactive|yemia has 30 seconds left.\n|\n|t:|1681774189\n|move|p2b: Appletun|Protect|p2b: Appletun\n|-singleturn|p2b: Appletun|Protect\n|move|p1b: Arcanine|Snarl|p2a: Gardevoir|[spread] p2a\n|-activate|p2b: Appletun|move: Protect\n|-damage|p2a: Gardevoir|7\/100\n|-unboost|p2a: Gardevoir|spa|1\n|move|p2a: Gardevoir|Dazzling Gleam|p1b: Arcanine|[spread] p1a,p1b\n|-resisted|p1b: Arcanine\n|-damage|p1a: Garganacl|4\/100\n|-damage|p1b: Arcanine|75\/100\n|move|p1a: Garganacl|Salt Cure|p2b: Appletun\n|-activate|p2b: Appletun|move: Protect\n|\n|-damage|p2a: Gardevoir|0 fnt|[from] Salt Cure\n|faint|p2a: Gardevoir\n|-end|p1a: Garganacl|move: Taunt\n|upkeep\n|\n|t:|1681774202\n|switch|p2a: Ceruledge|Ceruledge, L50, F, tera:Fighting|38\/100\n|turn|13\n|\n|t:|1681774209\n|move|p1a: Garganacl|Protect|p1a: Garganacl\n|-singleturn|p1a: Garganacl|Protect\n|move|p2a: Ceruledge|Shadow Sneak|p1a: Garganacl\n|-activate|p1a: Garganacl|move: Protect\n|move|p1b: Arcanine|Snarl|p2a: Ceruledge|[spread] p2a,p2b\n|-resisted|p2a: Ceruledge\n|-damage|p2a: Ceruledge|33\/100\n|-damage|p2b: Appletun|65\/100\n|-unboost|p2a: Ceruledge|spa|1\n|-unboost|p2b: Appletun|spa|1\n|move|p2b: Appletun|Grassy Terrain|p2b: Appletun\n|-fieldstart|move: Grassy Terrain\n|\n|-heal|p1b: Arcanine|81\/100|[from] Grassy Terrain\n|-heal|p2a: Ceruledge|40\/100|[from] Grassy Terrain\n|-heal|p1a: Garganacl|10\/100|[from] Grassy Terrain\n|-heal|p2b: Appletun|71\/100|[from] Grassy Terrain\n|upkeep\n|turn|14\n|\n|t:|1681774228\n|move|p2a: Ceruledge|Shadow Sneak|p1a: Garganacl\n|-supereffective|p1a: Garganacl\n|-damage|p1a: Garganacl|0 fnt\n|faint|p1a: Garganacl\n|-damage|p2a: Ceruledge|30\/100|[from] item: Life Orb\n|move|p1b: Arcanine|Snarl|p2a: Ceruledge|[spread] p2a,p2b\n|-resisted|p2a: Ceruledge\n|-damage|p2a: Ceruledge|26\/100\n|-damage|p2b: Appletun|64\/100\n|-unboost|p2a: Ceruledge|spa|1\n|-unboost|p2b: Appletun|spa|1\n|move|p2b: Appletun|Tera Blast|p1b: Arcanine\n|-damage|p1b: Arcanine|72\/100\n|\n|-heal|p1b: Arcanine|78\/100|[from] Grassy Terrain\n|-heal|p2a: Ceruledge|32\/100|[from] Grassy Terrain\n|-heal|p2b: Appletun|70\/100|[from] Grassy Terrain\n|upkeep\n|inactive|SlothSpeed has 30 seconds left.\n|\n|t:|1681774260\n|switch|p1a: Scream Tail|Scream Tail, L50|100\/100\n|turn|15\n|\n|t:|1681774274\n|switch|p1b: Gothitelle|Gothitelle, L50, F|100\/100\n|move|p2b: Appletun|Protect|p2b: Appletun\n|-singleturn|p2b: Appletun|Protect\n|move|p1a: Scream Tail|Perish Song|p1a: Scream Tail\n|-start|p1a: Scream Tail|perish3|[silent]\n|-start|p1b: Gothitelle|perish3|[silent]\n|-start|p2a: Ceruledge|perish3|[silent]\n|-start|p2b: Appletun|perish3|[silent]\n|-fieldactivate|move: Perish Song\n|move|p2a: Ceruledge|Bitter Blade|p1a: Scream Tail\n|-damage|p1a: Scream Tail|56\/100\n|-heal|p2a: Ceruledge|63\/100|[from] drain|[of] p1a: Scream Tail\n|-damage|p2a: Ceruledge|53\/100|[from] item: Life Orb\n|\n|-heal|p1a: Scream Tail|62\/100|[from] Grassy Terrain\n|-heal|p2a: Ceruledge|60\/100|[from] Grassy Terrain\n|-heal|p2b: Appletun|76\/100|[from] Grassy Terrain\n|-start|p1a: Scream Tail|perish3\n|-start|p2a: Ceruledge|perish3\n|-start|p1b: Gothitelle|perish3\n|-start|p2b: Appletun|perish3\n|upkeep\n|turn|16\n|inactive|SlothSpeed has 30 seconds left.\n|\n|t:|1681774306\n|move|p1b: Gothitelle|Fake Out|p2a: Ceruledge\n|-damage|p2a: Ceruledge|53\/100\n|move|p1a: Scream Tail|Encore|p2b: Appletun\n|-start|p2b: Appletun|Encore\n|cant|p2a: Ceruledge|flinch\n|move|p2b: Appletun|Protect||[still]\n|-fail|p2b: Appletun\n|\n|-heal|p1a: Scream Tail|68\/100|[from] Grassy Terrain\n|-heal|p2a: Ceruledge|59\/100|[from] Grassy Terrain\n|-heal|p2b: Appletun|82\/100|[from] Grassy Terrain\n|-start|p1a: Scream Tail|perish2\n|-start|p2a: Ceruledge|perish2\n|-start|p1b: Gothitelle|perish2\n|-start|p2b: Appletun|perish2\n|upkeep\n|turn|17\n|\n|t:|1681774328\n|move|p2b: Appletun|Protect|p2b: Appletun\n|-singleturn|p2b: Appletun|Protect\n|move|p1a: Scream Tail|Disable|p2a: Ceruledge\n|-start|p2a: Ceruledge|Disable|Bitter Blade\n|move|p2a: Ceruledge|Shadow Claw|p1b: Gothitelle\n|-supereffective|p1b: Gothitelle\n|-enditem|p1b: Gothitelle|Kasib Berry|[eat]\n|-enditem|p1b: Gothitelle|Kasib Berry|[weaken]\n|-damage|p1b: Gothitelle|56\/100\n|-damage|p2a: Ceruledge|49\/100|[from] item: Life Orb\n|move|p1b: Gothitelle|Trick Room|p1b: Gothitelle\n|-fieldstart|move: Trick Room|[of] p1b: Gothitelle\n|\n|-heal|p2b: Appletun|88\/100|[from] Grassy Terrain\n|-heal|p1b: Gothitelle|63\/100|[from] Grassy Terrain\n|-heal|p2a: Ceruledge|55\/100|[from] Grassy Terrain\n|-heal|p1a: Scream Tail|73\/100|[from] Grassy Terrain\n|-start|p2b: Appletun|perish1\n|-start|p1b: Gothitelle|perish1\n|-start|p2a: Ceruledge|perish1\n|-start|p1a: Scream Tail|perish1\n|-fieldend|move: Grassy Terrain\n|upkeep\n|turn|18\n|\n|t:|1681774348\n|move|p2b: Appletun|Protect||[still]\n|-fail|p2b: Appletun\n|move|p2a: Ceruledge|Shadow Sneak|p1b: Gothitelle\n|-supereffective|p1b: Gothitelle\n|-damage|p1b: Gothitelle|10\/100\n|-damage|p2a: Ceruledge|45\/100|[from] item: Life Orb\n|move|p1b: Gothitelle|Psychic|p2a: Ceruledge\n|-supereffective|p2a: Ceruledge\n|-damage|p2a: Ceruledge|0 fnt\n|faint|p2a: Ceruledge\n|move|p1a: Scream Tail|Encore||[still]\n|-fail|p1a: Scream Tail\n|\n|-end|p2b: Appletun|Encore\n|-start|p2b: Appletun|perish0\n|-start|p1b: Gothitelle|perish0\n|-start|p1a: Scream Tail|perish0\n|faint|p2b: Appletun\n|faint|p1b: Gothitelle\n|faint|p1a: Scream Tail\n|-end|p1a: Scream Tail|Protosynthesis|[silent]\n|\n|win|SlothSpeed\n|upkeep\n|raw|SlothSpeed's rating: 1119 → 1143<\/strong> (+24 for winning)\n|raw|yemia's rating: 1104 → 1080<\/strong> (-24 for losing)\n|c|\u2606yemia|gg i hope i never see that salt monster again\n|c|\u2606SlothSpeed|gg\n|l|\u2606yemia\n","uploadtime":1681774372,"views":10,"p1id":"slothspeed","p2id":"yemia","formatid":"gen9vgc2023regulationc","rating":1080,"private":0,"password":""}