{"id":"gen9vgc2023regulationc-1861342195","p1":"phenomsteelers08","p2":"Funnyman Krebs","format":"[Gen 9] VGC 2023 Regulation C","log":"|j|\u2606phenomsteelers08\n|j|\u2606Funnyman Krebs\n|t:|1683747708\n|gametype|doubles\n|player|p1|phenomsteelers08|265|1671\n|player|p2|Funnyman Krebs|wallace|1609\n|teamsize|p1|6\n|teamsize|p2|6\n|gen|9\n|tier|[Gen 9] VGC 2023 Regulation C\n|rated|\n|rule|Species Clause: Limit one of each Pok\u00e9mon\n|rule|Item Clause: Limit one of each item\n|clearpoke\n|poke|p1|Indeedee-F, L50, F|\n|poke|p1|Garchomp, L50, F|\n|poke|p1|Flutter Mane, L50|\n|poke|p1|Tyranitar, L50, M|\n|poke|p1|Murkrow, L50, F|\n|poke|p1|Torkoal, L50, M|\n|poke|p2|Glimmora, L50, M|\n|poke|p2|Iron Bundle, L50|\n|poke|p2|Chi-Yu, L50|\n|poke|p2|Dragonite, L50, M|\n|poke|p2|Dondozo, L50, F|\n|poke|p2|Tatsugiri, L50, M|\n|teampreview|4\n|inactive|Battle timer is ON: inactive players will automatically lose when time's up. (requested by phenomsteelers08)\nFunnyman Krebs has agreed to open team sheets.\nphenomsteelers08 has agreed to open team sheets.\n|\n|t:|1683747730\n|start\n|switch|p1a: Garchomp|Garchomp, L50, F|100\/100\n|switch|p1b: Tyranitar|Tyranitar, L50, M|100\/100\n|switch|p2a: Pain meds|Chi-Yu, L50|100\/100\n|switch|p2b: Wheeeee!|Glimmora, L50, M, shiny|100\/100\n|-ability|p2a: Pain meds|Beads of Ruin\n|-weather|Sandstorm|[from] ability: Sand Stream|[of] p1b: Tyranitar\n|turn|1\n|j| millerh33\n|inactive|phenomsteelers08 has 30 seconds left.\n|inactive|Funnyman Krebs has 30 seconds left.\n|inactive|Funnyman Krebs has 20 seconds left.\n|inactive|Funnyman Krebs has 15 seconds left.\n|\n|t:|1683747771\n|-terastallize|p2b: Wheeeee!|Grass\n|-terastallize|p1b: Tyranitar|Flying\n|move|p2a: Pain meds|Dark Pulse|p1a: Garchomp\n|-damage|p1a: Garchomp|42\/100\n|move|p1a: Garchomp|Earthquake|p2b: Wheeeee!|[spread] p2a,p2b\n|-immune|p1b: Tyranitar\n|-supereffective|p2a: Pain meds\n|-resisted|p2b: Wheeeee!\n|-enditem|p2a: Pain meds|Focus Sash\n|-damage|p2a: Pain meds|1\/100\n|-damage|p2b: Wheeeee!|85\/100\n|-activate|p2b: Wheeeee!|ability: Toxic Debris\n|-sidestart|p1: phenomsteelers08|move: Toxic Spikes\n|move|p2b: Wheeeee!|Mortal Spin|p1a: Garchomp|[spread] p1a,p1b\n|-resisted|p1a: Garchomp\n|-damage|p1a: Garchomp|39\/100\n|-damage|p1b: Tyranitar|97\/100\n|-status|p1a: Garchomp|psn\n|-enditem|p1a: Garchomp|Lum Berry|[eat]\n|-curestatus|p1a: Garchomp|psn|[msg]\n|-status|p1b: Tyranitar|psn\n|-damage|p2b: Wheeeee!|72\/100|[from] ability: Rough Skin|[of] p1a: Garchomp\n|move|p1b: Tyranitar|Tera Blast|p2b: Wheeeee!\n|-supereffective|p2b: Wheeeee!\n|-damage|p2b: Wheeeee!|0 fnt\n|-activate|p2b: Wheeeee!|ability: Toxic Debris\n|-sidestart|p1: phenomsteelers08|move: Toxic Spikes\n|faint|p2b: Wheeeee!\n|\n|-weather|Sandstorm|[upkeep]\n|-damage|p2a: Pain meds|0 fnt|[from] Sandstorm\n|-damage|p1b: Tyranitar|91\/100 psn|[from] Sandstorm\n|faint|p2a: Pain meds\n|-damage|p1b: Tyranitar|78\/100 psn|[from] psn\n|upkeep\n|\n|t:|1683747793\n|switch|p2a: Tiny|Dragonite, L50, M|100\/100\n|switch|p2b: Iron Santa|Iron Bundle, L50, shiny|100\/100\n|-enditem|p2b: Iron Santa|Booster Energy\n|-activate|p2b: Iron Santa|ability: Quark Drive|[fromitem]\n|-start|p2b: Iron Santa|quarkdrivespe\n|turn|2\n|\n|t:|1683747816\n|move|p1a: Garchomp|Protect|p1a: Garchomp\n|-singleturn|p1a: Garchomp|Protect\n|move|p2b: Iron Santa|Icy Wind|p1a: Garchomp|[spread] p1b\n|-activate|p1a: Garchomp|move: Protect\n|-supereffective|p1b: Tyranitar\n|-damage|p1b: Tyranitar|49\/100 psn\n|-unboost|p1b: Tyranitar|spe|1\n|move|p2a: Tiny|Ice Spinner|p1b: Tyranitar\n|-supereffective|p1b: Tyranitar\n|-damage|p1b: Tyranitar|0 fnt\n|faint|p1b: Tyranitar\n|\n|-weather|Sandstorm|[upkeep]\n|-damage|p2b: Iron Santa|94\/100|[from] Sandstorm\n|-damage|p2a: Tiny|95\/100|[from] Sandstorm\n|upkeep\n|j| silverumbreon90\n|\n|t:|1683747836\n|switch|p1b: Murkrow|Murkrow, L50, F|100\/100\n|turn|3\n|\n|t:|1683747843\n|move|p1b: Murkrow|Tailwind|p1b: Murkrow\n|-sidestart|p1: phenomsteelers08|move: Tailwind\n|move|p1a: Garchomp|Dragon Claw|p2a: Tiny\n|-supereffective|p2a: Tiny\n|-damage|p2a: Tiny|0 fnt\n|faint|p2a: Tiny\n|move|p2b: Iron Santa|Icy Wind|p1b: Murkrow|[spread] p1a,p1b\n|-supereffective|p1a: Garchomp\n|-supereffective|p1b: Murkrow\n|-damage|p1a: Garchomp|0 fnt\n|-damage|p1b: Murkrow|17\/100\n|-unboost|p1b: Murkrow|spe|1\n|faint|p1a: Garchomp\n|\n|-weather|Sandstorm|[upkeep]\n|-damage|p2b: Iron Santa|88\/100|[from] Sandstorm\n|-damage|p1b: Murkrow|11\/100|[from] Sandstorm\n|upkeep\n|\n|t:|1683747856\n|switch|p1a: Flutter Mane|Flutter Mane, L50|100\/100\n|-status|p1a: Flutter Mane|tox\n|-enditem|p1a: Flutter Mane|Booster Energy\n|-activate|p1a: Flutter Mane|ability: Protosynthesis|[fromitem]\n|-start|p1a: Flutter Mane|protosynthesisspa\n|turn|4\n|\n|t:|1683747865\n|move|p2b: Iron Santa|Protect|p2b: Iron Santa\n|-singleturn|p2b: Iron Santa|Protect\n|move|p1a: Flutter Mane|Moonblast|p2b: Iron Santa\n|-activate|p2b: Iron Santa|move: Protect\n|move|p1b: Murkrow|Brave Bird|p2b: Iron Santa\n|-activate|p2b: Iron Santa|move: Protect\n|\n|-weather|Sandstorm|[upkeep]\n|-damage|p1a: Flutter Mane|94\/100 tox|[from] Sandstorm\n|-damage|p2b: Iron Santa|82\/100|[from] Sandstorm\n|-damage|p1b: Murkrow|5\/100|[from] Sandstorm\n|-damage|p1a: Flutter Mane|88\/100 tox|[from] psn\n|upkeep\n|turn|5\n|\n|t:|1683747879\n|move|p2b: Iron Santa|Protect||[still]\n|-fail|p2b: Iron Santa\n|move|p1a: Flutter Mane|Moonblast|p2b: Iron Santa\n|-damage|p2b: Iron Santa|0 fnt\n|faint|p2b: Iron Santa\n|-end|p2b: Iron Santa|Quark Drive|[silent]\n|\n|win|phenomsteelers08\n|raw|phenomsteelers08's rating: 1671 → 1687<\/strong> (+16 for winning)\n|raw|Funnyman Krebs's rating: 1609 → 1593<\/strong> (-16 for losing)\n|c|\u2606Funnyman Krebs|gg\n","uploadtime":1683747889,"views":14,"p1id":"phenomsteelers08","p2id":"funnymankrebs","formatid":"gen9vgc2023regulationc","rating":1593,"private":0,"password":""}