{"id":"gen9vgc2023regulationc-1847608912","p1":"8 e mezzo","p2":"xdfgdfgh","format":"[Gen 9] VGC 2023 Regulation C","log":"|j|\u26068 e mezzo\n|j|\u2606xdfgdfgh\n|t:|1681981353\n|gametype|doubles\n|player|p1|8 e mezzo|102|1250\n|player|p2|xdfgdfgh|2|1169\n|teamsize|p1|6\n|teamsize|p2|6\n|gen|9\n|tier|[Gen 9] VGC 2023 Regulation C\n|rated|\n|rule|Species Clause: Limit one of each Pok\u00e9mon\n|rule|Item Clause: Limit one of each item\n|clearpoke\n|poke|p1|Chi-Yu, L50|\n|poke|p1|Iron Bundle, L50|\n|poke|p1|Gyarados, L50, F|\n|poke|p1|Flutter Mane, L50|\n|poke|p1|Abomasnow, L50, F|\n|poke|p1|Barraskewda, L50, F|\n|poke|p2|Torkoal, L50, M|\n|poke|p2|Chi-Yu, L50|\n|poke|p2|Bronzong, L50|\n|poke|p2|Gastrodon, L50, M|\n|poke|p2|Grimmsnarl, L50, M|\n|poke|p2|Skeledirge, L50, F|\n|teampreview|4\n|j| MartinFelice\n8 e mezzo has agreed to open team sheets.\n|\n|t:|1681981399\n|start\n|switch|p1a: Chi-Yu|Chi-Yu, L50|100\/100\n|switch|p1b: Flutter Mane|Flutter Mane, L50|100\/100\n|switch|p2a: Torkoal|Torkoal, L50, M|100\/100\n|switch|p2b: Grimmsnarl|Grimmsnarl, L50, M|100\/100\n|-ability|p1a: Chi-Yu|Beads of Ruin\n|-weather|SunnyDay|[from] ability: Drought|[of] p2a: Torkoal\n|-activate|p1b: Flutter Mane|ability: Protosynthesis\n|-start|p1b: Flutter Mane|protosynthesisspe\n|turn|1\n|inactive|Battle timer is ON: inactive players will automatically lose when time's up. (requested by xdfgdfgh)\n|\n|t:|1681981418\n|-terastallize|p1a: Chi-Yu|Water\n|move|p2b: Grimmsnarl|Fake Out|p1a: Chi-Yu\n|-damage|p1a: Chi-Yu|78\/100\n|move|p1b: Flutter Mane|Shadow Ball|p2a: Torkoal\n|-crit|p2a: Torkoal\n|-damage|p2a: Torkoal|0 fnt\n|faint|p2a: Torkoal\n|cant|p1a: Chi-Yu|flinch\n|\n|-weather|SunnyDay|[upkeep]\n|upkeep\n|\n|t:|1681981428\n|switch|p2a: Skeledirge|Skeledirge, L50, F|100\/100\n|turn|2\n|\n|t:|1681981450\n|switch|p1a: Gyarados|Gyarados, L50, F|100\/100\n|-ability|p1a: Gyarados|Intimidate|boost\n|-unboost|p2a: Skeledirge|atk|1\n|-unboost|p2b: Grimmsnarl|atk|1\n|move|p2a: Skeledirge|Protect|p2a: Skeledirge\n|-singleturn|p2a: Skeledirge|Protect\n|move|p2b: Grimmsnarl|Trick|p1a: Gyarados\n|-activate|p2b: Grimmsnarl|move: Trick|[of] p1a: Gyarados\n|-item|p1a: Gyarados|Lagging Tail|[from] move: Trick\n|-item|p2b: Grimmsnarl|Assault Vest|[from] move: Trick\n|move|p1b: Flutter Mane|Shadow Ball|p2a: Skeledirge\n|-activate|p2a: Skeledirge|move: Protect\n|\n|-weather|SunnyDay|[upkeep]\n|upkeep\n|turn|3\n|c|\u26068 e mezzo|Omg\n|inactive|8 e mezzo has 30 seconds left.\n|\n|t:|1681981479\n|switch|p2a: Bronzong|Bronzong, L50|100\/100\n|move|p1b: Flutter Mane|Protect|p1b: Flutter Mane\n|-singleturn|p1b: Flutter Mane|Protect\n|move|p2b: Grimmsnarl|Spirit Break|p1b: Flutter Mane\n|-activate|p1b: Flutter Mane|move: Protect\n|move|p1a: Gyarados|Earthquake|p2a: Bronzong|[spread] p2b\n|-activate|p1b: Flutter Mane|move: Protect\n|-immune|p2a: Bronzong|[from] ability: Levitate\n|-damage|p2b: Grimmsnarl|70\/100\n|\n|-weather|SunnyDay|[upkeep]\n|upkeep\n|turn|4\n|\n|t:|1681981498\n|move|p2b: Grimmsnarl|Sucker Punch|p1b: Flutter Mane\n|-damage|p1b: Flutter Mane|47\/100\n|move|p1b: Flutter Mane|Shadow Ball|p2a: Bronzong\n|-supereffective|p2a: Bronzong\n|-enditem|p2a: Bronzong|Kasib Berry|[eat]\n|-enditem|p2a: Bronzong|Kasib Berry|[weaken]\n|-damage|p2a: Bronzong|62\/100\n|move|p1a: Gyarados|Iron Head|p2b: Grimmsnarl\n|-supereffective|p2b: Grimmsnarl\n|-damage|p2b: Grimmsnarl|0 fnt\n|faint|p2b: Grimmsnarl\n|move|p2a: Bronzong|Trick Room|p2a: Bronzong\n|-fieldstart|move: Trick Room|[of] p2a: Bronzong\n|\n|-weather|SunnyDay|[upkeep]\n|upkeep\n|\n|t:|1681981503\n|switch|p2b: Skeledirge|Skeledirge, L50, F|100\/100\n|turn|5\n|\n|t:|1681981524\n|move|p2a: Bronzong|Iron Head|p1b: Flutter Mane\n|-supereffective|p1b: Flutter Mane\n|-damage|p1b: Flutter Mane|0 fnt\n|faint|p1b: Flutter Mane\n|-end|p1b: Flutter Mane|Protosynthesis|[silent]\n|move|p2b: Skeledirge|Encore|p1a: Gyarados\n|-start|p1a: Gyarados|Encore\n|move|p1a: Gyarados|Iron Head|p2a: Bronzong\n|-resisted|p2a: Bronzong\n|-crit|p2a: Bronzong\n|-damage|p2a: Bronzong|46\/100\n|\n|-weather|none\n|upkeep\n|\n|t:|1681981535\n|switch|p1b: Chi-Yu|Chi-Yu, L50, tera:Water|78\/100\n|-ability|p1b: Chi-Yu|Beads of Ruin\n|turn|6\n|\n|t:|1681981549\n|switch|p1a: Iron Bundle|Iron Bundle, L50|100\/100\n|-terastallize|p2b: Skeledirge|Fairy\n|move|p2a: Bronzong|Body Press|p1b: Chi-Yu\n|-damage|p1b: Chi-Yu|31\/100\n|move|p2b: Skeledirge|Tera Blast|p1b: Chi-Yu\n|-crit|p1b: Chi-Yu\n|-damage|p1b: Chi-Yu|0 fnt\n|faint|p1b: Chi-Yu\n|\n|upkeep\n|\n|t:|1681981560\n|switch|p1b: Gyarados|Gyarados, L50, F|100\/100\n|-ability|p1b: Gyarados|Intimidate|boost\n|-unboost|p2a: Bronzong|atk|1\n|-unboost|p2b: Skeledirge|atk|1\n|turn|7\n|inactive|8 e mezzo has 30 seconds left.\n|\n|t:|1681981585\n|move|p2b: Skeledirge|Protect|p2b: Skeledirge\n|-singleturn|p2b: Skeledirge|Protect\n|move|p2a: Bronzong|Body Press|p1a: Iron Bundle\n|-supereffective|p1a: Iron Bundle\n|-damage|p1a: Iron Bundle|27\/100\n|move|p1a: Iron Bundle|Hydro Pump|p2a: Bronzong\n|-damage|p2a: Bronzong|0 fnt\n|faint|p2a: Bronzong\n|move|p1b: Gyarados|Iron Head|p2b: Skeledirge\n|-activate|p2b: Skeledirge|move: Protect\n|\n|upkeep\n|turn|8\n|\n|t:|1681981598\n|move|p2b: Skeledirge|Torch Song|p1a: Iron Bundle\n|-damage|p1a: Iron Bundle|0 fnt\n|-boost|p2b: Skeledirge|spa|1\n|faint|p1a: Iron Bundle\n|-end|p1a: Iron Bundle|Quark Drive|[silent]\n|move|p1b: Gyarados|Iron Head|p2b: Skeledirge\n|-supereffective|p2b: Skeledirge\n|-damage|p2b: Skeledirge|49\/100\n|\n|-heal|p2b: Skeledirge|55\/100|[from] item: Leftovers\n|-fieldend|move: Trick Room\n|upkeep\n|turn|9\n|\n|t:|1681981609\n|move|p2b: Skeledirge|Protect|p2b: Skeledirge\n|-singleturn|p2b: Skeledirge|Protect\n|move|p1b: Gyarados|Iron Head|p2b: Skeledirge\n|-activate|p2b: Skeledirge|move: Protect\n|\n|-heal|p2b: Skeledirge|61\/100|[from] item: Leftovers\n|upkeep\n|turn|10\n|\n|t:|1681981614\n|move|p2b: Skeledirge|Tera Blast|p1b: Gyarados\n|-damage|p1b: Gyarados|40\/100\n|move|p1b: Gyarados|Iron Head|p2b: Skeledirge\n|-supereffective|p2b: Skeledirge\n|-damage|p2b: Skeledirge|8\/100\n|\n|-heal|p2b: Skeledirge|14\/100|[from] item: Leftovers\n|upkeep\n|turn|11\n|\n|t:|1681981625\n|move|p2b: Skeledirge|Protect|p2b: Skeledirge\n|-singleturn|p2b: Skeledirge|Protect\n|move|p1b: Gyarados|Iron Head|p2b: Skeledirge\n|-activate|p2b: Skeledirge|move: Protect\n|\n|-heal|p2b: Skeledirge|19\/100|[from] item: Leftovers\n|upkeep\n|turn|12\n|\n|t:|1681981628\n|move|p2b: Skeledirge|Tera Blast|p1b: Gyarados\n|-damage|p1b: Gyarados|0 fnt\n|faint|p1b: Gyarados\n|\n|win|xdfgdfgh\n|raw|8 e mezzo's rating: 1250 → 1219<\/strong> (-31 for losing)\n|raw|xdfgdfgh's rating: 1169 → 1200<\/strong> (+31 for winning)\n","uploadtime":1681981631,"views":11,"p1id":"8emezzo","p2id":"xdfgdfgh","formatid":"gen9vgc2023regulationc","rating":1200,"private":0,"password":""}