{"id":"gen9vgc2023regulationc-1860439166","p1":"Infernape_ibra","p2":"Arcacagne","format":"[Gen 9] VGC 2023 Regulation C","log":"|j|\u2606Infernape_ibra\n|j|\u2606Arcacagne\n|t:|1683644322\n|gametype|doubles\n|player|p1|Infernape_ibra|steven|1166\n|player|p2|Arcacagne|101|1257\n|teamsize|p1|6\n|teamsize|p2|6\n|gen|9\n|tier|[Gen 9] VGC 2023 Regulation C\n|rated|\n|rule|Species Clause: Limit one of each Pok\u00e9mon\n|rule|Item Clause: Limit one of each item\n|clearpoke\n|poke|p1|Iron Thorns, L50|\n|poke|p1|Chien-Pao, L50|\n|poke|p1|Ting-Lu, L50|\n|poke|p1|Amoonguss, L50, F|\n|poke|p1|Iron Hands, L50|\n|poke|p1|Arcanine, L50, F|\n|poke|p2|Flutter Mane, L50|\n|poke|p2|Chi-Yu, L50|\n|poke|p2|Amoonguss, L50, F|\n|poke|p2|Annihilape, L50, M|\n|poke|p2|Scream Tail, L50|\n|poke|p2|Iron Bundle, L50|\n|teampreview|4\nInfernape_ibra has agreed to open team sheets.\n|inactive|Battle timer is ON: inactive players will automatically lose when time's up. (requested by Arcacagne)\n|\n|t:|1683644377\n|start\n|switch|p1a: Iron Thorns|Iron Thorns, L50|100\/100\n|switch|p1b: Ting-Lu|Ting-Lu, L50|100\/100\n|switch|p2a: Annihilape|Annihilape, L50, M|100\/100\n|switch|p2b: Iron Bundle|Iron Bundle, L50|100\/100\n|-ability|p1b: Ting-Lu|Vessel of Ruin\n|turn|1\n|inactive|Infernape_ibra has 30 seconds left.\n|inactive|Infernape_ibra has 20 seconds left.\n|inactive|Infernape_ibra has 15 seconds left.\n|inactive|Infernape_ibra has 10 seconds left.\n|\n|t:|1683644424\n|-end|p1a: Iron Thorns|Quark Drive|[silent]\n|switch|p1a: Amoonguss|Amoonguss, L50, F|100\/100\n|move|p2b: Iron Bundle|Hydro Pump|p1a: Amoonguss\n|-resisted|p1a: Amoonguss\n|-damage|p1a: Amoonguss|81\/100\n|move|p2a: Annihilape|Bulk Up|p2a: Annihilape\n|-boost|p2a: Annihilape|atk|1\n|-boost|p2a: Annihilape|def|1\n|move|p1b: Ting-Lu|Heavy Slam|p2b: Iron Bundle\n|-damage|p2b: Iron Bundle|55\/100\n|\n|upkeep\n|turn|2\n|inactive|Infernape_ibra has 30 seconds left.\n|inactive|Arcacagne has 30 seconds left.\n|\n|t:|1683644454\n|-end|p2b: Iron Bundle|Quark Drive|[silent]\n|switch|p2b: Chi-Yu|Chi-Yu, L50|100\/100\n|-ability|p2b: Chi-Yu|Beads of Ruin\n|-terastallize|p1b: Ting-Lu|Poison\n|move|p2a: Annihilape|Drain Punch|p1b: Ting-Lu\n|-resisted|p1b: Ting-Lu\n|-damage|p1b: Ting-Lu|87\/100\n|move|p1b: Ting-Lu|Payback|p2b: Chi-Yu\n|-resisted|p2b: Chi-Yu\n|-damage|p2b: Chi-Yu|86\/100\n|move|p1a: Amoonguss|Spore|p2a: Annihilape\n|-status|p2a: Annihilape|slp|[from] move: Spore\n|\n|upkeep\n|turn|3\n|\n|t:|1683644475\n|switch|p1a: Iron Thorns|Iron Thorns, L50|100\/100\n|move|p2b: Chi-Yu|Nasty Plot|p2b: Chi-Yu\n|-boost|p2b: Chi-Yu|spa|2\n|cant|p2a: Annihilape|slp\n|move|p1b: Ting-Lu|Stomping Tantrum|p2b: Chi-Yu\n|-supereffective|p2b: Chi-Yu\n|-damage|p2b: Chi-Yu|7\/100\n|\n|upkeep\n|turn|4\n|inactive|Infernape_ibra has 30 seconds left.\n|inactive|Infernape_ibra has 20 seconds left.\n|inactive|Infernape_ibra has 15 seconds left.\n|inactive|Infernape_ibra has 10 seconds left.\n|\n|t:|1683644521\n|move|p2b: Chi-Yu|Protect|p2b: Chi-Yu\n|-singleturn|p2b: Chi-Yu|Protect\n|move|p1a: Iron Thorns|Protect|p1a: Iron Thorns\n|-singleturn|p1a: Iron Thorns|Protect\n|-curestatus|p2a: Annihilape|slp|[msg]\n|move|p2a: Annihilape|Drain Punch|p1a: Iron Thorns\n|-activate|p1a: Iron Thorns|move: Protect\n|move|p1b: Ting-Lu|Stomping Tantrum|p2b: Chi-Yu\n|-activate|p2b: Chi-Yu|move: Protect\n|\n|upkeep\n|turn|5\n|\n|t:|1683644543\n|-end|p1a: Iron Thorns|Quark Drive|[silent]\n|switch|p1a: Amoonguss|Amoonguss, L50, F|100\/100\n|move|p2b: Chi-Yu|Dark Pulse|p1b: Ting-Lu\n|-damage|p1b: Ting-Lu|57\/100\n|move|p2a: Annihilape|Drain Punch|p1a: Amoonguss\n|-resisted|p1a: Amoonguss\n|-damage|p1a: Amoonguss|80\/100\n|cant|p1b: Ting-Lu|flinch\n|\n|upkeep\n|turn|6\n|inactive|Infernape_ibra has 30 seconds left.\n|\n|t:|1683644572\n|switch|p1b: Iron Hands|Iron Hands, L50|100\/100\n|move|p2b: Chi-Yu|Heat Wave|p1b: Iron Hands|[spread] p1a,p1b\n|-supereffective|p1a: Amoonguss\n|-damage|p1a: Amoonguss|0 fnt\n|-damage|p1b: Iron Hands|34\/100\n|faint|p1a: Amoonguss\n|move|p2a: Annihilape|Rage Fist|p1b: Iron Hands\n|-damage|p1b: Iron Hands|11\/100\n|\n|upkeep\n|\n|t:|1683644581\n|switch|p1a: Ting-Lu|Ting-Lu, L50, tera:Poison|57\/100\n|-ability|p1a: Ting-Lu|Vessel of Ruin\n|turn|7\n|\n|t:|1683644598\n|move|p2b: Chi-Yu|Protect|p2b: Chi-Yu\n|-singleturn|p2b: Chi-Yu|Protect\n|move|p2a: Annihilape|Bulk Up|p2a: Annihilape\n|-boost|p2a: Annihilape|atk|1\n|-boost|p2a: Annihilape|def|1\n|move|p1b: Iron Hands|Swords Dance|p1b: Iron Hands\n|-boost|p1b: Iron Hands|atk|2\n|move|p1a: Ting-Lu|Stomping Tantrum|p2b: Chi-Yu\n|-activate|p2b: Chi-Yu|move: Protect\n|\n|upkeep\n|turn|8\n|inactive|Arcacagne has 30 seconds left.\n|\n|t:|1683644625\n|move|p2b: Chi-Yu|Heat Wave|p1b: Iron Hands|[spread] p1a,p1b\n|-damage|p1a: Ting-Lu|28\/100\n|-damage|p1b: Iron Hands|0 fnt\n|faint|p1b: Iron Hands\n|-end|p1b: Iron Hands|Quark Drive|[silent]\n|move|p2a: Annihilape|Rage Fist|p1a: Ting-Lu\n|-damage|p1a: Ting-Lu|0 fnt\n|faint|p1a: Ting-Lu\n|\n|upkeep\n|\n|t:|1683644637\n|switch|p1a: Iron Thorns|Iron Thorns, L50|100\/100\n|turn|9\n|-message|Infernape_ibra forfeited.\n|\n|win|Arcacagne\n|raw|Infernape_ibra's rating: 1166 → 1147<\/strong> (-19 for losing)\n|raw|Arcacagne's rating: 1257 → 1276<\/strong> (+19 for winning)\n|l|\u2606Infernape_ibra\n","uploadtime":1683644648,"views":6,"p1id":"infernapeibra","p2id":"arcacagne","formatid":"gen9vgc2023regulationc","rating":1147,"private":0,"password":""}