{"id":"gen9vgc2023regulationc-1847681987","p1":"Critical ratta","p2":"santiago segura","format":"[Gen 9] VGC 2023 Regulation C","log":"|j|\u2606Critical ratta\n|j|\u2606santiago segura\n|t:|1681991838\n|gametype|doubles\n|player|p1|Critical ratta|1|\n|player|p2|santiago segura|roughneck-gen4|\n|teamsize|p1|6\n|teamsize|p2|6\n|gen|9\n|tier|[Gen 9] VGC 2023 Regulation C\n|rated|Tournament battle\n|rule|Species Clause: Limit one of each Pok\u00e9mon\n|rule|Item Clause: Limit one of each item\n|clearpoke\n|poke|p1|Ting-Lu, L50|\n|poke|p1|Amoonguss, L50, M|\n|poke|p1|Arcanine, L50, M|\n|poke|p1|Flutter Mane, L50|\n|poke|p1|Palafin, L50, F|\n|poke|p1|Baxcalibur, L50, M|\n|poke|p2|Amoonguss, L50, F|\n|poke|p2|Arcanine, L50, M|\n|poke|p2|Flutter Mane, L50|\n|poke|p2|Palafin, L50, M|\n|poke|p2|Ting-Lu, L50|\n|poke|p2|Dragonite, L50, M|\n|teampreview|4\n|raw| Open Team Sheet for Critical ratta<\/summary>EWGF (Ting-Lu) @ Assault Vest Ability: Vessel of Ruin Level: 50 Tera Type: Grass - Stomping Tantrum - Ruination - Heavy Slam - Fissure Kikoken (Amoonguss) @ Sitrus Berry Ability: Regenerator Level: 50 Shiny: Yes Tera Type: Water - Pollen Puff - Spore - Rage Powder - Protect Falcon Punch (Arcanine) @ Safety Goggles Ability: Intimidate Level: 50 Shiny: Yes Tera Type: Water - Flare Blitz - Extreme Speed - Will-O-Wisp - Protect Soul Fist (Flutter Mane) @ Booster Energy Ability: Protosynthesis Level: 50 Shiny: Yes Tera Type: Water - Moonblast - Shadow Ball - Substitute - Protect Totsugeki (Palafin) @ Mystic Water Ability: Zero to Hero Level: 50 Shiny: Yes Tera Type: Water - Jet Punch - Wave Crash - Haze - Protect Foot Dive (Baxcalibur) @ Loaded Dice Ability: Thermal Exchange Level: 50 Shiny: Yes Tera Type: Poison - Icicle Spear - Glaive Rush - Ice Shard - Protect <\/details><\/div> Open Team Sheet for santiago segura<\/summary>Amoonguss (F) @ Sitrus Berry Ability: Regenerator Level: 50 Tera Type: Water - Protect - Spore - Rage Powder - Pollen Puff Arcanine (M) @ Safety Goggles Ability: Intimidate Level: 50 Tera Type: Grass - Protect - Will-O-Wisp - Flare Blitz - Morning Sun Flutter Mane @ Choice Specs Ability: Protosynthesis Level: 50 Tera Type: Fairy - Moonblast - Shadow Ball - Dazzling Gleam - Power Gem Palafin (M) @ Mystic Water Ability: Zero to Hero Level: 50 Tera Type: Water - Protect - Jet Punch - Wave Crash - Haze Ting-Lu @ Assault Vest Ability: Vessel of Ruin Level: 50 Tera Type: Grass - Rock Tomb - Heavy Slam - Stomping Tantrum - Fissure Dragonite @ Lum Berry Ability: Multiscale Level: 50 Tera Type: Flying - Tailwind - Tera Blast - Ice Spinner - Extreme Speed <\/details><\/div>\n|inactive|Battle timer is ON: inactive players will automatically lose when time's up. (requested by santiago segura)\n|inactive|Critical ratta has 60 seconds left.\n|inactive|santiago segura has 60 seconds left.\n|\n|t:|1681991884\n|start\n|switch|p1a: Foot Dive|Baxcalibur, L50, M, shiny|100\/100\n|switch|p1b: Totsugeki|Palafin, L50, F, shiny|100\/100\n|switch|p2a: Flutter Mane|Flutter Mane, L50|100\/100\n|switch|p2b: Palafin|Palafin, L50, M|100\/100\n|turn|1\n|inactive|santiago segura has 30 seconds left.\n|\n|t:|1681991918\n|-terastallize|p1b: Totsugeki|Water\n|-terastallize|p2b: Palafin|Water\n|move|p1a: Foot Dive|Protect|p1a: Foot Dive\n|-singleturn|p1a: Foot Dive|Protect\n|move|p1b: Totsugeki|Jet Punch|p2a: Flutter Mane\n|-damage|p2a: Flutter Mane|33\/100\n|move|p2a: Flutter Mane|Shadow Ball|p1a: Foot Dive\n|-activate|p1a: Foot Dive|move: Protect\n|move|p2b: Palafin|Wave Crash|p1a: Foot Dive\n|-activate|p1a: Foot Dive|move: Protect\n|\n|upkeep\n|turn|2\n|\n|t:|1681991936\n|-end|p2a: Flutter Mane|Protosynthesis|[silent]\n|switch|p2a: Amoonguss|Amoonguss, L50, F|100\/100\n|detailschange|p2b: Palafin|Palafin-Hero, L50, M, tera:Water\n|switch|p2b: Arcanine|Arcanine, L50, M|100\/100\n|-ability|p2b: Arcanine|Intimidate|boost\n|-unboost|p1a: Foot Dive|atk|1\n|-unboost|p1b: Totsugeki|atk|1\n|switch|p1a: Kikoken|Amoonguss, L50, M, shiny|100\/100\n|move|p1b: Totsugeki|Jet Punch|p2a: Amoonguss\n|-resisted|p2a: Amoonguss\n|-crit|p2a: Amoonguss\n|-damage|p2a: Amoonguss|78\/100\n|\n|upkeep\n|turn|3\n|\n|t:|1681991949\n|detailschange|p1b: Totsugeki|Palafin-Hero, L50, F, shiny, tera:Water\n|switch|p1b: Falcon Punch|Arcanine, L50, M, shiny|100\/100\n|-ability|p1b: Falcon Punch|Intimidate|boost\n|-unboost|p2a: Amoonguss|atk|1\n|-unboost|p2b: Arcanine|atk|1\n|move|p1a: Kikoken|Protect|p1a: Kikoken\n|-singleturn|p1a: Kikoken|Protect\n|move|p2b: Arcanine|Flare Blitz|p1a: Kikoken\n|-activate|p1a: Kikoken|move: Protect\n|move|p2a: Amoonguss|Spore|p1b: Falcon Punch\n|-activate|p1b: Falcon Punch|item: Safety Goggles|Spore\n|\n|upkeep\n|turn|4\n|\n|t:|1681991973\n|switch|p1a: Foot Dive|Baxcalibur, L50, M, shiny|100\/100\n|move|p2a: Amoonguss|Protect|p2a: Amoonguss\n|-singleturn|p2a: Amoonguss|Protect\n|move|p2b: Arcanine|Will-O-Wisp|p1a: Foot Dive\n|-immune|p1a: Foot Dive|[from] ability: Thermal Exchange\n|move|p1b: Falcon Punch|Will-O-Wisp|p2a: Amoonguss\n|-activate|p2a: Amoonguss|move: Protect\n|\n|upkeep\n|turn|5\n|\n|t:|1681991992\n|switch|p2b: Palafin|Palafin-Hero, L50, M, tera:Water|100\/100\n|-activate|p2b: Palafin|ability: Zero to Hero\n|move|p1b: Falcon Punch|Will-O-Wisp|p2b: Palafin\n|-status|p2b: Palafin|brn\n|move|p1a: Foot Dive|Icicle Spear|p2a: Amoonguss\n|-supereffective|p2a: Amoonguss\n|-damage|p2a: Amoonguss|53\/100\n|-supereffective|p2a: Amoonguss\n|-damage|p2a: Amoonguss|26\/100\n|-enditem|p2a: Amoonguss|Sitrus Berry|[eat]\n|-heal|p2a: Amoonguss|50\/100|[from] item: Sitrus Berry\n|-supereffective|p2a: Amoonguss\n|-damage|p2a: Amoonguss|22\/100\n|-supereffective|p2a: Amoonguss\n|-damage|p2a: Amoonguss|0 fnt\n|faint|p2a: Amoonguss\n|-hitcount|p2: Amoonguss|4\n|\n|-damage|p2b: Palafin|95\/100 brn|[from] brn\n|upkeep\n|\n|t:|1681992000\n|switch|p2a: Flutter Mane|Flutter Mane, L50|33\/100\n|turn|6\n|inactive|santiago segura has 30 seconds left.\n|inactive|santiago segura has 20 seconds left.\n|\n|t:|1681992038\n|switch|p2b: Arcanine|Arcanine, L50, M|100\/100\n|-ability|p2b: Arcanine|Intimidate|boost\n|-unboost|p1a: Foot Dive|atk|1\n|-unboost|p1b: Falcon Punch|atk|1\n|move|p1a: Foot Dive|Protect|p1a: Foot Dive\n|-singleturn|p1a: Foot Dive|Protect\n|move|p2a: Flutter Mane|Moonblast|p1a: Foot Dive\n|-activate|p1a: Foot Dive|move: Protect\n|move|p1b: Falcon Punch|Flare Blitz|p2a: Flutter Mane\n|-damage|p2a: Flutter Mane|0 fnt\n|faint|p2a: Flutter Mane\n|-end|p2a: Flutter Mane|Protosynthesis|[silent]\n|-damage|p1b: Falcon Punch|92\/100|[from] Recoil\n|\n|upkeep\n|\n|t:|1681992043\n|switch|p2a: Palafin|Palafin-Hero, L50, M, tera:Water|95\/100 brn\n|turn|7\n|j| StarX99\n|\n|t:|1681992060\n|switch|p1b: Kikoken|Amoonguss, L50, M, shiny|100\/100\n|move|p2a: Palafin|Protect|p2a: Palafin\n|-singleturn|p2a: Palafin|Protect\n|move|p2b: Arcanine|Flare Blitz|p1a: Foot Dive\n|-damage|p1a: Foot Dive|63\/100\n|-ability|p1a: Foot Dive|Thermal Exchange|boost\n|-boost|p1a: Foot Dive|atk|1\n|-damage|p2b: Arcanine|88\/100|[from] Recoil\n|move|p1a: Foot Dive|Glaive Rush|p2a: Palafin\n|-activate|p2a: Palafin|move: Protect\n|\n|-damage|p2a: Palafin|89\/100 brn|[from] brn\n|upkeep\n|turn|8\n|\n|t:|1681992072\n|switch|p1b: Falcon Punch|Arcanine, L50, M, shiny|92\/100\n|-ability|p1b: Falcon Punch|Intimidate|boost\n|-unboost|p2a: Palafin|atk|1\n|-unboost|p2b: Arcanine|atk|1\n|move|p2b: Arcanine|Flare Blitz|p1a: Foot Dive\n|-damage|p1a: Foot Dive|36\/100\n|-ability|p1a: Foot Dive|Thermal Exchange|boost\n|-boost|p1a: Foot Dive|atk|1\n|-damage|p2b: Arcanine|79\/100|[from] Recoil\n|move|p2a: Palafin|Wave Crash|p1a: Foot Dive\n|-resisted|p1a: Foot Dive\n|-crit|p1a: Foot Dive\n|-damage|p1a: Foot Dive|0 fnt\n|faint|p1a: Foot Dive\n|-damage|p2a: Palafin|77\/100 brn|[from] Recoil\n|\n|-damage|p2a: Palafin|71\/100 brn|[from] brn\n|upkeep\n|\n|t:|1681992081\n|switch|p1a: Totsugeki|Palafin-Hero, L50, F, shiny, tera:Water|100\/100\n|-activate|p1a: Totsugeki|ability: Zero to Hero\n|turn|9\n|j| SaberSerenity\n|\n|t:|1681992089\n|switch|p1b: Kikoken|Amoonguss, L50, M, shiny|100\/100\n|move|p2b: Arcanine|Protect|p2b: Arcanine\n|-singleturn|p2b: Arcanine|Protect\n|move|p1a: Totsugeki|Protect|p1a: Totsugeki\n|-singleturn|p1a: Totsugeki|Protect\n|move|p2a: Palafin|Haze|p2a: Palafin\n|-clearallboost\n|\n|-damage|p2a: Palafin|65\/100 brn|[from] brn\n|upkeep\n|turn|10\n|\n|t:|1681992100\n|switch|p1b: Falcon Punch|Arcanine, L50, M, shiny|92\/100\n|-ability|p1b: Falcon Punch|Intimidate|boost\n|-unboost|p2a: Palafin|atk|1\n|-unboost|p2b: Arcanine|atk|1\n|move|p1a: Totsugeki|Jet Punch|p2b: Arcanine\n|-supereffective|p2b: Arcanine\n|-damage|p2b: Arcanine|0 fnt\n|faint|p2b: Arcanine\n|move|p2a: Palafin|Wave Crash|p1b: Falcon Punch\n|-supereffective|p1b: Falcon Punch\n|-damage|p1b: Falcon Punch|0 fnt\n|faint|p1b: Falcon Punch\n|-damage|p2a: Palafin|37\/100 brn|[from] Recoil\n|\n|-damage|p2a: Palafin|31\/100 brn|[from] brn\n|upkeep\n|\n|t:|1681992103\n|switch|p1b: Kikoken|Amoonguss, L50, M, shiny|100\/100\n|turn|11\n|\n|t:|1681992109\n|move|p1b: Kikoken|Rage Powder|p1b: Kikoken\n|-singleturn|p1b: Kikoken|move: Rage Powder\n|move|p1a: Totsugeki|Wave Crash|p2a: Palafin\n|-resisted|p2a: Palafin\n|-damage|p2a: Palafin|0 fnt\n|faint|p2a: Palafin\n|-damage|p1a: Totsugeki|90\/100|[from] Recoil\n|\n|win|Critical ratta\n|n|\u2606Critical ratta|criticalratta\n|n|\u2606santiago segura|santiagosegura\n|n| StarX99|starx99\n|n| SaberSerenity|saberserenity\n","uploadtime":1681992110,"views":13,"p1id":"criticalratta","p2id":"santiagosegura","formatid":"gen9vgc2023regulationc","rating":0,"private":0,"password":""}