{"id":"gen9vgc2023regulationc-1859785164","p1":"doctorblubblubs","p2":"bambambi","format":"[Gen 9] VGC 2023 Regulation C","log":"|j|\u2606doctorblubblubs\n|j|\u2606bambambi\n|t:|1683564352\n|gametype|doubles\n|player|p1|doctorblubblubs|battlegirl-gen4|1142\n|player|p2|bambambi|wallace-gen6|1056\n|teamsize|p1|6\n|teamsize|p2|6\n|gen|9\n|tier|[Gen 9] VGC 2023 Regulation C\n|rated|\n|rule|Species Clause: Limit one of each Pok\u00e9mon\n|rule|Item Clause: Limit one of each item\n|clearpoke\n|poke|p1|Grimmsnarl, L50, M|\n|poke|p1|Sylveon, L50, M|\n|poke|p1|Kingambit, L50, F|\n|poke|p1|Rotom-Wash, L50|\n|poke|p1|Iron Bundle, L50|\n|poke|p1|Skeledirge, L50, M|\n|poke|p2|Flutter Mane, L50|\n|poke|p2|Gothitelle, L50, F|\n|poke|p2|Scream Tail, L50|\n|poke|p2|Chi-Yu, L50|\n|poke|p2|Kingambit, L50, M|\n|poke|p2|Amoonguss, L50, F|\n|teampreview|4\n|inactive|Battle timer is ON: inactive players will automatically lose when time's up. (requested by bambambi)\n|\n|t:|1683564389\n|start\n|switch|p1a: Grimmsnarl|Grimmsnarl, L50, M|100\/100\n|switch|p1b: Kingambit|Kingambit, L50, F|100\/100\n|switch|p2a: SSJ3 Jiggly|Scream Tail, L50, shiny|100\/100\n|switch|p2b: Ironmouse|Gothitelle, L50, F, shiny|100\/100\n|-enditem|p2a: SSJ3 Jiggly|Booster Energy\n|-activate|p2a: SSJ3 Jiggly|ability: Protosynthesis|[fromitem]\n|-start|p2a: SSJ3 Jiggly|protosynthesisspe\n|turn|1\n|inactive|bambambi has 30 seconds left.\n|inactive|bambambi has 20 seconds left.\n|inactive|doctorblubblubs has 30 seconds left.\n|\n|t:|1683564436\n|-terastallize|p2b: Ironmouse|Steel\n|move|p2b: Ironmouse|Fake Out|p1a: Grimmsnarl\n|-damage|p1a: Grimmsnarl|93\/100\n|move|p2a: SSJ3 Jiggly|Perish Song|p2a: SSJ3 Jiggly\n|-start|p1a: Grimmsnarl|perish3|[silent]\n|-start|p1b: Kingambit|perish3|[silent]\n|-start|p2a: SSJ3 Jiggly|perish3|[silent]\n|-start|p2b: Ironmouse|perish3|[silent]\n|-fieldactivate|move: Perish Song\n|cant|p1a: Grimmsnarl|flinch\n|move|p1b: Kingambit|Iron Head|p2a: SSJ3 Jiggly\n|-supereffective|p2a: SSJ3 Jiggly\n|-damage|p2a: SSJ3 Jiggly|22\/100\n|\n|-start|p2a: SSJ3 Jiggly|perish3\n|-start|p2b: Ironmouse|perish3\n|-start|p1a: Grimmsnarl|perish3\n|-start|p1b: Kingambit|perish3\n|upkeep\n|turn|2\n|\n|t:|1683564458\n|move|p2b: Ironmouse|Protect|p2b: Ironmouse\n|-singleturn|p2b: Ironmouse|Protect\n|move|p1a: Grimmsnarl|Light Screen|p1a: Grimmsnarl\n|-sidestart|p1: doctorblubblubs|move: Light Screen\n|move|p2a: SSJ3 Jiggly|Disable|p1b: Kingambit\n|-start|p1b: Kingambit|Disable|Iron Head\n|move|p1b: Kingambit|Swords Dance|p1b: Kingambit\n|-boost|p1b: Kingambit|atk|2\n|\n|-start|p2a: SSJ3 Jiggly|perish2\n|-start|p2b: Ironmouse|perish2\n|-start|p1a: Grimmsnarl|perish2\n|-start|p1b: Kingambit|perish2\n|upkeep\n|turn|3\n|\n|t:|1683564482\n|-end|p2a: SSJ3 Jiggly|Protosynthesis|[silent]\n|switch|p2a: Kingambit|Kingambit, L50, M|100\/100\n|move|p1a: Grimmsnarl|Reflect|p1a: Grimmsnarl\n|-sidestart|p1: doctorblubblubs|Reflect\n|move|p1b: Kingambit|Sucker Punch||[still]\n|-fail|p1b: Kingambit\n|move|p2b: Ironmouse|Reflect|p2b: Ironmouse\n|-sidestart|p2: bambambi|Reflect\n|\n|-start|p2b: Ironmouse|perish1\n|-start|p1a: Grimmsnarl|perish1\n|-start|p1b: Kingambit|perish1\n|upkeep\n|turn|4\n|inactive|doctorblubblubs has 30 seconds left.\n|inactive|doctorblubblubs has 20 seconds left.\n|inactive|doctorblubblubs has 15 seconds left.\n|\n|t:|1683564526\n|switch|p2b: SSJ3 Jiggly|Scream Tail, L50, shiny|22\/100\n|move|p2a: Kingambit|Protect|p2a: Kingambit\n|-singleturn|p2a: Kingambit|Protect\n|move|p1b: Kingambit|Sucker Punch||[still]\n|-fail|p1b: Kingambit\n|move|p1a: Grimmsnarl|Spirit Break|p2a: Kingambit\n|-activate|p2a: Kingambit|move: Protect\n|\n|-start|p1a: Grimmsnarl|perish0\n|-start|p1b: Kingambit|perish0\n|faint|p1a: Grimmsnarl\n|faint|p1b: Kingambit\n|upkeep\n|\n|t:|1683564538\n|switch|p1a: Skeledirge|Skeledirge, L50, M|100\/100\n|switch|p1b: Iron Bundle|Iron Bundle, L50|100\/100\n|-enditem|p1b: Iron Bundle|Booster Energy\n|-activate|p1b: Iron Bundle|ability: Quark Drive|[fromitem]\n|-start|p1b: Iron Bundle|quarkdrivespe\n|turn|5\n|\n|t:|1683564552\n|switch|p2a: Ironmouse|Gothitelle, L50, F, shiny, tera:Steel|100\/100\n|move|p2b: SSJ3 Jiggly|Protect|p2b: SSJ3 Jiggly\n|-singleturn|p2b: SSJ3 Jiggly|Protect\n|move|p1b: Iron Bundle|Freeze-Dry|p2b: SSJ3 Jiggly\n|-activate|p2b: SSJ3 Jiggly|move: Protect\n|move|p1a: Skeledirge|Torch Song|p2a: Ironmouse\n|-supereffective|p2a: Ironmouse\n|-damage|p2a: Ironmouse|32\/100\n|-boost|p1a: Skeledirge|spa|1\n|-enditem|p2a: Ironmouse|Sitrus Berry|[eat]\n|-heal|p2a: Ironmouse|57\/100|[from] item: Sitrus Berry\n|\n|upkeep\n|turn|6\n|inactive|doctorblubblubs has 30 seconds left.\n|\n|t:|1683564580\n|move|p2a: Ironmouse|Fake Out|p1b: Iron Bundle\n|-damage|p1b: Iron Bundle|96\/100\n|cant|p1b: Iron Bundle|flinch\n|move|p2b: SSJ3 Jiggly|Perish Song|p2b: SSJ3 Jiggly\n|-start|p1a: Skeledirge|perish3|[silent]\n|-start|p1b: Iron Bundle|perish3|[silent]\n|-start|p2a: Ironmouse|perish3|[silent]\n|-start|p2b: SSJ3 Jiggly|perish3|[silent]\n|-fieldactivate|move: Perish Song\n|move|p1a: Skeledirge|Torch Song|p2b: SSJ3 Jiggly\n|-damage|p2b: SSJ3 Jiggly|0 fnt\n|-boost|p1a: Skeledirge|spa|1\n|faint|p2b: SSJ3 Jiggly\n|-end|p2b: SSJ3 Jiggly|Protosynthesis|[silent]\n|\n|-start|p1b: Iron Bundle|perish3\n|-start|p2a: Ironmouse|perish3\n|-start|p1a: Skeledirge|perish3\n|upkeep\n|\n|t:|1683564594\n|switch|p2b: Pearls|Flutter Mane, L50, shiny|100\/100\n|turn|7\n|\n|t:|1683564612\n|-terastallize|p1a: Skeledirge|Fairy\n|move|p2a: Ironmouse|Protect|p2a: Ironmouse\n|-singleturn|p2a: Ironmouse|Protect\n|move|p1b: Iron Bundle|Freeze-Dry|p2b: Pearls\n|-damage|p2b: Pearls|64\/100\n|move|p2b: Pearls|Shadow Ball|p1a: Skeledirge\n|-damage|p1a: Skeledirge|72\/100\n|-unboost|p1a: Skeledirge|spd|1\n|move|p1a: Skeledirge|Torch Song|p2b: Pearls\n|-damage|p2b: Pearls|0 fnt\n|-boost|p1a: Skeledirge|spa|1\n|faint|p2b: Pearls\n|-end|p2b: Pearls|Protosynthesis|[silent]\n|\n|-heal|p1a: Skeledirge|78\/100|[from] item: Leftovers\n|-start|p1b: Iron Bundle|perish2\n|-start|p2a: Ironmouse|perish2\n|-start|p1a: Skeledirge|perish2\n|-sideend|p2: bambambi|Reflect\n|upkeep\n|\n|t:|1683564624\n|switch|p2b: Kingambit|Kingambit, L50, M|100\/100\n|turn|8\n|\n|t:|1683564638\n|move|p2a: Ironmouse|Protect||[still]\n|-fail|p2a: Ironmouse\n|move|p2b: Kingambit|Protect|p2b: Kingambit\n|-singleturn|p2b: Kingambit|Protect\n|move|p1b: Iron Bundle|Hydro Pump|p2b: Kingambit\n|-activate|p2b: Kingambit|move: Protect\n|move|p1a: Skeledirge|Torch Song|p2a: Ironmouse\n|-supereffective|p2a: Ironmouse\n|-damage|p2a: Ironmouse|0 fnt\n|-boost|p1a: Skeledirge|spa|1\n|faint|p2a: Ironmouse\n|\n|-heal|p1a: Skeledirge|84\/100|[from] item: Leftovers\n|-start|p1b: Iron Bundle|perish1\n|-start|p1a: Skeledirge|perish1\n|upkeep\n|turn|9\n|c|\u2606bambambi|dang\n|c|\u2606bambambi|gg\n|\n|t:|1683564655\n|move|p2b: Kingambit|Protect||[still]\n|-fail|p2b: Kingambit\n|move|p1b: Iron Bundle|Freeze-Dry|p2b: Kingambit\n|-resisted|p2b: Kingambit\n|-damage|p2b: Kingambit|84\/100\n|move|p1a: Skeledirge|Torch Song|p2b: Kingambit\n|-supereffective|p2b: Kingambit\n|-crit|p2b: Kingambit\n|-damage|p2b: Kingambit|0 fnt\n|-boost|p1a: Skeledirge|spa|1\n|faint|p2b: Kingambit\n|\n|win|doctorblubblubs\n|raw|doctorblubblubs's rating: 1142 → 1161<\/strong> (+19 for winning)\n|raw|bambambi's rating: 1056 → 1042<\/strong> (-14 for losing)\n|c|\u2606doctorblubblubs|cringe\n|l|\u2606doctorblubblubs\n|c|\u2606bambambi|eh\n","uploadtime":1683564685,"views":6,"p1id":"doctorblubblubs","p2id":"bambambi","formatid":"gen9vgc2023regulationc","rating":1042,"private":0,"password":""}