{"id":"gen9vgc2023regulationc-1846177805","p1":"beetleb0nes","p2":"hysaaron","format":"[Gen 9] VGC 2023 Regulation C","log":"|j|\u2606beetleb0nes\n|j|\u2606hysaaron\n|t:|1681817800\n|gametype|doubles\n|player|p1|beetleb0nes|shadowtriad|1015\n|player|p2|hysaaron|265|1102\n|teamsize|p1|6\n|teamsize|p2|6\n|gen|9\n|tier|[Gen 9] VGC 2023 Regulation C\n|rated|\n|rule|Species Clause: Limit one of each Pok\u00e9mon\n|rule|Item Clause: Limit one of each item\n|clearpoke\n|poke|p1|Lilligant, L50, F|\n|poke|p1|Torkoal, L50, M|\n|poke|p1|Flutter Mane, L50|\n|poke|p1|Dragonite, L50, M|\n|poke|p1|Chi-Yu, L50|\n|poke|p1|Magnezone, L50|\n|poke|p2|Annihilape, L50, F|\n|poke|p2|Maushold, L50|\n|poke|p2|Chien-Pao, L50|\n|poke|p2|Scizor, L50, F|\n|poke|p2|Gyarados, L50, F|\n|poke|p2|Ting-Lu, L50|\n|teampreview|4\n|inactive|Battle timer is ON: inactive players will automatically lose when time's up. (requested by hysaaron)\n|inactive|hysaaron has 60 seconds left.\n|\n|t:|1681817836\n|start\n|switch|p1a: Magnezone|Magnezone, L50, shiny|100\/100\n|switch|p1b: Flutter Mane|Flutter Mane, L50, shiny|100\/100\n|switch|p2a: Maushold|Maushold, L50|100\/100\n|switch|p2b: Annihilape|Annihilape, L50, F|100\/100\n|turn|1\n|inactive|beetleb0nes has 30 seconds left.\n|inactive|hysaaron has 30 seconds left.\n|inactive|beetleb0nes has 20 seconds left.\n|inactive|hysaaron has 20 seconds left.\n|\n|t:|1681817872\n|move|p2b: Annihilape|Protect|p2b: Annihilape\n|-singleturn|p2b: Annihilape|Protect\n|move|p1b: Flutter Mane|Moonblast|p2b: Annihilape\n|-activate|p2b: Annihilape|move: Protect\n|move|p2a: Maushold|Super Fang|p1a: Magnezone\n|-damage|p1a: Magnezone|51\/100\n|move|p1a: Magnezone|Body Press|p2a: Maushold\n|-supereffective|p2a: Maushold\n|-damage|p2a: Maushold|36\/100\n|\n|upkeep\n|turn|2\n|inactive|hysaaron has 30 seconds left.\n|inactive|beetleb0nes has 30 seconds left.\n|\n|t:|1681817911\n|-terastallize|p2b: Annihilape|Fire\n|move|p1b: Flutter Mane|Moonblast|p2b: Annihilape\n|-resisted|p2b: Annihilape\n|-damage|p2b: Annihilape|77\/100\n|move|p2a: Maushold|Beat Up|p2b: Annihilape\n|-damage|p2b: Annihilape|75\/100\n|-damage|p2b: Annihilape|73\/100\n|-damage|p2b: Annihilape|71\/100\n|-damage|p2b: Annihilape|69\/100\n|-hitcount|p2b: Annihilape|4\n|move|p2b: Annihilape|Rage Fist|p1b: Flutter Mane\n|-supereffective|p1b: Flutter Mane\n|-damage|p1b: Flutter Mane|0 fnt\n|faint|p1b: Flutter Mane\n|-end|p1b: Flutter Mane|Protosynthesis|[silent]\n|move|p1a: Magnezone|Body Press|p2a: Maushold\n|-supereffective|p2a: Maushold\n|-damage|p2a: Maushold|0 fnt\n|faint|p2a: Maushold\n|\n|-heal|p2b: Annihilape|75\/100|[from] item: Leftovers\n|upkeep\n|inactive|beetleb0nes has 30 seconds left.\n|inactive|hysaaron has 30 seconds left.\n|\n|t:|1681817937\n|switch|p1b: Torkoal|Torkoal, L50, M|100\/100\n|switch|p2a: Chien-Pao|Chien-Pao, L50|100\/100\n|-ability|p2a: Chien-Pao|Sword of Ruin\n|-weather|SunnyDay|[from] ability: Drought|[of] p1b: Torkoal\n|turn|3\n|inactive|beetleb0nes has 30 seconds left.\n|inactive|hysaaron has 30 seconds left.\n|\n|t:|1681817972\n|move|p2a: Chien-Pao|Protect|p2a: Chien-Pao\n|-singleturn|p2a: Chien-Pao|Protect\n|move|p1b: Torkoal|Protect|p1b: Torkoal\n|-singleturn|p1b: Torkoal|Protect\n|move|p2b: Annihilape|Rage Fist|p1b: Torkoal\n|-activate|p1b: Torkoal|move: Protect\n|move|p1a: Magnezone|Volt Switch|p2b: Annihilape\n|-crit|p2b: Annihilape\n|-damage|p2b: Annihilape|28\/100\n|\n|t:|1681817981\n|switch|p1a: Lilligant|Lilligant, L50, F, shiny|100\/100|[from] Volt Switch\n|\n|-weather|SunnyDay|[upkeep]\n|-heal|p2b: Annihilape|34\/100|[from] item: Leftovers\n|upkeep\n|turn|4\n|inactive|hysaaron has 30 seconds left.\n|\n|t:|1681818008\n|move|p2a: Chien-Pao|Sucker Punch|p1b: Torkoal\n|-damage|p1b: Torkoal|63\/100\n|move|p1a: Lilligant|After You|p1b: Torkoal\n|-activate|p1b: Torkoal|move: After You\n|move|p1b: Torkoal|Eruption|p2a: Chien-Pao|[spread] p2a,p2b\n|-supereffective|p2a: Chien-Pao\n|-crit|p2a: Chien-Pao\n|-resisted|p2b: Annihilape\n|-enditem|p2a: Chien-Pao|Focus Sash\n|-damage|p2a: Chien-Pao|1\/100\n|-damage|p2b: Annihilape|14\/100\n|move|p2b: Annihilape|Rage Fist|p1a: Lilligant\n|-enditem|p1a: Lilligant|Focus Sash\n|-damage|p1a: Lilligant|1\/100\n|\n|-weather|SunnyDay|[upkeep]\n|-heal|p2b: Annihilape|20\/100|[from] item: Leftovers\n|upkeep\n|turn|5\n|inactive|beetleb0nes has 30 seconds left.\n|inactive|hysaaron has 30 seconds left.\n|inactive|beetleb0nes has 20 seconds left.\n|inactive|beetleb0nes has 15 seconds left.\n|inactive|beetleb0nes has 10 seconds left.\n|inactive|beetleb0nes has 5 seconds left.\n|\n|t:|1681818063\n|move|p2b: Annihilape|Protect|p2b: Annihilape\n|-singleturn|p2b: Annihilape|Protect\n|move|p1a: Lilligant|Sleep Powder|p2a: Chien-Pao\n|-status|p2a: Chien-Pao|slp|[from] move: Sleep Powder\n|cant|p2a: Chien-Pao|slp\n|move|p1b: Torkoal|Eruption|p2b: Annihilape|[spread] p2a\n|-activate|p2b: Annihilape|move: Protect\n|-supereffective|p2a: Chien-Pao\n|-damage|p2a: Chien-Pao|0 fnt\n|faint|p2a: Chien-Pao\n|\n|-weather|SunnyDay|[upkeep]\n|-heal|p2b: Annihilape|26\/100|[from] item: Leftovers\n|upkeep\n|\n|t:|1681818079\n|switch|p2a: Scizor|Scizor, L50, F|100\/100\n|turn|6\n|\n|t:|1681818090\n|move|p2a: Scizor|Bullet Punch|p1a: Lilligant\n|-damage|p1a: Lilligant|0 fnt\n|faint|p1a: Lilligant\n|move|p2b: Annihilape|Rage Fist|p1b: Torkoal\n|-damage|p1b: Torkoal|0 fnt\n|faint|p1b: Torkoal\n|\n|-weather|SunnyDay|[upkeep]\n|-heal|p2b: Annihilape|32\/100|[from] item: Leftovers\n|upkeep\n|inactive|beetleb0nes has 30 seconds left.\n|\n|t:|1681818123\n|switch|p1b: Magnezone|Magnezone, L50, shiny|51\/100\n|turn|7\n|\n|t:|1681818133\n|move|p2a: Scizor|Bullet Punch|p1b: Magnezone\n|-resisted|p1b: Magnezone\n|-damage|p1b: Magnezone|39\/100\n|move|p2b: Annihilape|Drain Punch|p1b: Magnezone\n|-supereffective|p1b: Magnezone\n|-damage|p1b: Magnezone|0 fnt\n|-heal|p2b: Annihilape|45\/100|[from] drain|[of] p1b: Magnezone\n|faint|p1b: Magnezone\n|\n|win|hysaaron\n|raw|beetleb0nes's rating: 1015 → 1006<\/strong> (-9 for losing)\n|raw|hysaaron's rating: 1102 → 1121<\/strong> (+19 for winning)\n|l|\u2606beetleb0nes\n","uploadtime":1681818144,"views":8,"p1id":"beetleb0nes","p2id":"hysaaron","formatid":"gen9vgc2023regulationc","rating":1006,"private":0,"password":""}