{"id":"gen9vgc2023regulationc-1846936928","p1":"taro14","p2":"Eretarus","format":"[Gen 9] VGC 2023 Regulation C","log":"|j|\u2606taro14\n|j|\u2606Eretarus\n|t:|1681903410\n|gametype|doubles\n|player|p1|taro14|dawn|1356\n|player|p2|Eretarus|101|1379\n|teamsize|p1|6\n|teamsize|p2|6\n|gen|9\n|tier|[Gen 9] VGC 2023 Regulation C\n|rated|\n|rule|Species Clause: Limit one of each Pok\u00e9mon\n|rule|Item Clause: Limit one of each item\n|clearpoke\n|poke|p1|Arcanine, L50, F|\n|poke|p1|Amoonguss, L50, F|\n|poke|p1|Ting-Lu, L50|\n|poke|p1|Palafin, L50, F|\n|poke|p1|Flutter Mane, L50|\n|poke|p1|Baxcalibur, L50, M|\n|poke|p2|Baxcalibur, L50, F|\n|poke|p2|Ting-Lu, L50|\n|poke|p2|Dondozo, L50, M|\n|poke|p2|Flutter Mane, L50|\n|poke|p2|Glimmora, L50, M|\n|poke|p2|Tatsugiri, L50, F|\n|teampreview|4\n|inactive|Battle timer is ON: inactive players will automatically lose when time's up. (requested by Eretarus)\n|inactive|taro14 has 60 seconds left.\n|inactive|Eretarus has 60 seconds left.\n|inactive|taro14 has 30 seconds left.\n|\n|t:|1681903476\n|start\n|switch|p1a: Palafin|Palafin, L50, F|100\/100\n|switch|p1b: Ting-Lu|Ting-Lu, L50|100\/100\n|switch|p2a: Baxcalibur|Baxcalibur, L50, F|100\/100\n|switch|p2b: Ting-Lu|Ting-Lu, L50|100\/100\n|-ability|p2b: Ting-Lu|Vessel of Ruin\n|-ability|p1b: Ting-Lu|Vessel of Ruin\n|turn|1\n|inactive|taro14 has 30 seconds left.\n|\n|t:|1681903506\n|detailschange|p1a: Palafin|Palafin-Hero, L50, F\n|switch|p1a: Flutter Mane|Flutter Mane, L50|100\/100\n|move|p2a: Baxcalibur|Icicle Crash|p1b: Ting-Lu\n|-supereffective|p1b: Ting-Lu\n|-damage|p1b: Ting-Lu|39\/100\n|move|p1b: Ting-Lu|Ruination|p2b: Ting-Lu\n|-damage|p2b: Ting-Lu|50\/100\n|-enditem|p2b: Ting-Lu|Sitrus Berry|[eat]\n|-heal|p2b: Ting-Lu|75\/100|[from] item: Sitrus Berry\n|move|p2b: Ting-Lu|Stealth Rock|p1b: Ting-Lu\n|-sidestart|p1: taro14|move: Stealth Rock\n|\n|upkeep\n|turn|2\n|inactive|taro14 has 30 seconds left.\n|inactive|Eretarus has 30 seconds left.\n|inactive|taro14 has 20 seconds left.\n|inactive|Eretarus has 20 seconds left.\n|inactive|taro14 has 15 seconds left.\n|\n|t:|1681903546\n|move|p1a: Flutter Mane|Moonblast|p2b: Ting-Lu\n|-supereffective|p2b: Ting-Lu\n|-damage|p2b: Ting-Lu|0 fnt\n|faint|p2b: Ting-Lu\n|move|p2a: Baxcalibur|Icicle Crash|p1b: Ting-Lu\n|-supereffective|p1b: Ting-Lu\n|-damage|p1b: Ting-Lu|0 fnt\n|faint|p1b: Ting-Lu\n|\n|upkeep\n|\n|t:|1681903562\n|switch|p1b: Palafin|Palafin-Hero, L50, F|100\/100\n|switch|p2b: Dondozo|Dondozo, L50, M|100\/100\n|-damage|p1b: Palafin|88\/100|[from] Stealth Rock\n|-activate|p1b: Palafin|ability: Zero to Hero\n|turn|3\n|inactive|taro14 has 30 seconds left.\n|inactive|Eretarus has 30 seconds left.\n|\n|t:|1681903596\n|-end|p1a: Flutter Mane|Protosynthesis|[silent]\n|switch|p1a: Amoonguss|Amoonguss, L50, F|100\/100\n|-damage|p1a: Amoonguss|88\/100|[from] Stealth Rock\n|-terastallize|p1b: Palafin|Grass\n|move|p2a: Baxcalibur|Protect|p2a: Baxcalibur\n|-singleturn|p2a: Baxcalibur|Protect\n|move|p1b: Palafin|Tera Blast|p2b: Dondozo\n|-supereffective|p2b: Dondozo\n|-damage|p2b: Dondozo|44\/100\n|move|p2b: Dondozo|Heavy Slam|p1a: Amoonguss\n|-damage|p1a: Amoonguss|66\/100\n|\n|-heal|p2b: Dondozo|50\/100|[from] item: Leftovers\n|upkeep\n|turn|4\n|inactive|taro14 has 30 seconds left.\n|\n|t:|1681903623\n|move|p1b: Palafin|Protect|p1b: Palafin\n|-singleturn|p1b: Palafin|Protect\n|move|p2b: Dondozo|Protect|p2b: Dondozo\n|-singleturn|p2b: Dondozo|Protect\n|move|p2a: Baxcalibur|Icicle Crash|p1a: Amoonguss\n|-supereffective|p1a: Amoonguss\n|-damage|p1a: Amoonguss|0 fnt\n|faint|p1a: Amoonguss\n|\n|-heal|p2b: Dondozo|56\/100|[from] item: Leftovers\n|upkeep\n|\n|t:|1681903636\n|switch|p1a: Flutter Mane|Flutter Mane, L50|100\/100\n|-damage|p1a: Flutter Mane|88\/100|[from] Stealth Rock\n|turn|5\n|\n|t:|1681903649\n|-terastallize|p2a: Baxcalibur|Poison\n|move|p1a: Flutter Mane|Dazzling Gleam|p2a: Baxcalibur|[spread] p2a,p2b\n|-resisted|p2a: Baxcalibur\n|-damage|p2a: Baxcalibur|81\/100\n|-damage|p2b: Dondozo|22\/100\n|move|p1b: Palafin|Wave Crash|p2a: Baxcalibur\n|-damage|p2a: Baxcalibur|1\/100\n|-damage|p1b: Palafin|58\/100|[from] Recoil\n|move|p2a: Baxcalibur|Icicle Crash|p1a: Flutter Mane\n|-damage|p1a: Flutter Mane|0 fnt\n|faint|p1a: Flutter Mane\n|-end|p1a: Flutter Mane|Protosynthesis|[silent]\n|move|p2b: Dondozo|Yawn|p1b: Palafin\n|-start|p1b: Palafin|move: Yawn|[of] p2b: Dondozo\n|\n|-heal|p2b: Dondozo|28\/100|[from] item: Leftovers\n|upkeep\n|turn|6\n|inactive|taro14 has 30 seconds left.\n|inactive|taro14 has 20 seconds left.\n|inactive|taro14 has 15 seconds left.\n|inactive|taro14 has 10 seconds left.\n|inactive|taro14 has 5 seconds left.\n|\n|t:|1681903704\n|switch|p2b: Tatsugiri|Tatsugiri, L50, F|100\/100\n|move|p1b: Palafin|Wave Crash|p2b: Tatsugiri\n|-activate|p2b: Tatsugiri|ability: Storm Drain\n|-ability|p2b: Tatsugiri|Storm Drain|boost\n|-boost|p2b: Tatsugiri|spa|1\n|move|p2a: Baxcalibur|Glaive Rush|p1b: Palafin\n|-damage|p1b: Palafin|0 fnt\n|-singlemove|p2a: Baxcalibur|Glaive Rush|[silent]\n|faint|p1b: Palafin\n|\n|win|Eretarus\n|raw|taro14's rating: 1356 → 1337<\/strong> (-19 for losing)\n|raw|Eretarus's rating: 1379 → 1398<\/strong> (+19 for winning)\n","uploadtime":1681903753,"views":16,"p1id":"taro14","p2id":"eretarus","formatid":"gen9vgc2023regulationc","rating":1337,"private":0,"password":""}