{"id":"gen9vgc2023regulationc-1854986191","p1":"jnijojioj","p2":"Jjenkinsp","format":"[Gen 9] VGC 2023 Regulation C","log":"|j|\u2606jnijojioj\n|j|\u2606Jjenkinsp\n|t:|1682887986\n|gametype|doubles\n|player|p1|jnijojioj|1|1248\n|player|p2|Jjenkinsp|flannery|1196\n|teamsize|p1|6\n|teamsize|p2|6\n|gen|9\n|tier|[Gen 9] VGC 2023 Regulation C\n|rated|\n|rule|Species Clause: Limit one of each Pok\u00e9mon\n|rule|Item Clause: Limit one of each item\n|clearpoke\n|poke|p1|Orthworm, L50, M|\n|poke|p1|Ting-Lu, L50|\n|poke|p1|Iron Hands, L50|\n|poke|p1|Dragonite, L50, M|\n|poke|p1|Talonflame, L50, M|\n|poke|p1|Amoonguss, L50, M|\n|poke|p2|Flutter Mane, L50|\n|poke|p2|Chi-Yu, L50|\n|poke|p2|Chien-Pao, L50|\n|poke|p2|Dragonite, L50, F|\n|poke|p2|Iron Bundle, L50|\n|poke|p2|Torkoal, L50, F|\n|teampreview|4\n|inactive|Battle timer is ON: inactive players will automatically lose when time's up. (requested by jnijojioj)\n|inactive|jnijojioj has 60 seconds left.\n|\n|t:|1682888037\n|start\n|switch|p1a: Ting-Lu|Ting-Lu, L50|100\/100\n|switch|p1b: Talonflame|Talonflame, L50, M|100\/100\n|switch|p2a: Torkoal|Torkoal, L50, F|100\/100\n|switch|p2b: Chi-Yu|Chi-Yu, L50|100\/100\n|-ability|p2b: Chi-Yu|Beads of Ruin\n|-ability|p1a: Ting-Lu|Vessel of Ruin\n|-weather|SunnyDay|[from] ability: Drought|[of] p2a: Torkoal\n|turn|1\n|\n|t:|1682888055\n|move|p1b: Talonflame|Tailwind|p1b: Talonflame\n|-sidestart|p1: jnijojioj|move: Tailwind\n|move|p1a: Ting-Lu|Earthquake|p2a: Torkoal|[spread] p2a,p2b\n|-immune|p1b: Talonflame\n|-supereffective|p2a: Torkoal\n|-supereffective|p2b: Chi-Yu\n|-damage|p2a: Torkoal|46\/100\n|-damage|p2b: Chi-Yu|7\/100\n|move|p2b: Chi-Yu|Overheat|p1a: Ting-Lu\n|-crit|p1a: Ting-Lu\n|-damage|p1a: Ting-Lu|4\/100\n|-unboost|p2b: Chi-Yu|spa|2\n|move|p2a: Torkoal|Eruption|p1a: Ting-Lu|[spread] p1a,p1b\n|-resisted|p1b: Talonflame\n|-damage|p1a: Ting-Lu|0 fnt\n|-damage|p1b: Talonflame|78\/100\n|faint|p1a: Ting-Lu\n|-enditem|p1b: Talonflame|Eject Button\n|inactive|jnijojioj has 30 seconds left.\n|\n|t:|1682888082\n|switch|p1b: Iron Hands|Iron Hands, L50|100\/100\n|-enditem|p1b: Iron Hands|Booster Energy\n|-activate|p1b: Iron Hands|ability: Quark Drive|[fromitem]\n|-start|p1b: Iron Hands|quarkdriveatk\n|\n|-weather|SunnyDay|[upkeep]\n|upkeep\n|\n|t:|1682888091\n|switch|p1a: Talonflame|Talonflame, L50, M|78\/100\n|turn|2\n|\n|t:|1682888106\n|switch|p2b: Flutter Mane|Flutter Mane, L50|100\/100\n|-activate|p2b: Flutter Mane|ability: Protosynthesis\n|-start|p2b: Flutter Mane|protosynthesisspe\n|move|p2a: Torkoal|Protect|p2a: Torkoal\n|-singleturn|p2a: Torkoal|Protect\n|move|p1a: Talonflame|Acrobatics|p2b: Flutter Mane\n|-damage|p2b: Flutter Mane|23\/100\n|move|p1b: Iron Hands|Earthquake|p2b: Flutter Mane|[spread] p2b\n|-activate|p2a: Torkoal|move: Protect\n|-immune|p1a: Talonflame\n|-damage|p2b: Flutter Mane|0 fnt\n|faint|p2b: Flutter Mane\n|-end|p2b: Flutter Mane|Protosynthesis|[silent]\n|\n|-weather|SunnyDay|[upkeep]\n|upkeep\n|\n|t:|1682888124\n|switch|p2b: Dragonite|Dragonite, L50, F|100\/100\n|turn|3\n|inactive|jnijojioj has 30 seconds left.\n|\n|t:|1682888153\n|-terastallize|p1b: Iron Hands|Steel\n|-terastallize|p2b: Dragonite|Normal\n|move|p2b: Dragonite|Extreme Speed|p1a: Talonflame\n|-damage|p1a: Talonflame|2\/100\n|move|p1a: Talonflame|Will-O-Wisp|p2b: Dragonite\n|-status|p2b: Dragonite|brn\n|move|p1b: Iron Hands|Earthquake|p2a: Torkoal|[spread] p2a,p2b\n|-immune|p1a: Talonflame\n|-supereffective|p2a: Torkoal\n|-damage|p2a: Torkoal|0 fnt\n|-damage|p2b: Dragonite|65\/100 brn\n|faint|p2a: Torkoal\n|\n|-weather|SunnyDay|[upkeep]\n|-damage|p2b: Dragonite|59\/100 brn|[from] brn\n|upkeep\n|\n|t:|1682888173\n|switch|p2a: Chi-Yu|Chi-Yu, L50|7\/100\n|-ability|p2a: Chi-Yu|Beads of Ruin\n|turn|4\n|\n|t:|1682888190\n|move|p2b: Dragonite|Extreme Speed|p1a: Talonflame\n|-damage|p1a: Talonflame|0 fnt\n|faint|p1a: Talonflame\n|move|p2a: Chi-Yu|Overheat|p1b: Iron Hands\n|-supereffective|p1b: Iron Hands\n|-damage|p1b: Iron Hands|0 fnt\n|-unboost|p2a: Chi-Yu|spa|2\n|faint|p1b: Iron Hands\n|-end|p1b: Iron Hands|Quark Drive|[silent]\n|\n|-weather|SunnyDay|[upkeep]\n|-damage|p2b: Dragonite|53\/100 brn|[from] brn\n|-sideend|p1: jnijojioj|move: Tailwind\n|upkeep\n|\n|t:|1682888198\n|switch|p1b: Orthworm|Orthworm, L50, M|100\/100\n|turn|5\n|\n|t:|1682888206\n|move|p2b: Dragonite|Extreme Speed|p1b: Orthworm\n|-resisted|p1b: Orthworm\n|-damage|p1b: Orthworm|90\/100\n|move|p2a: Chi-Yu|Overheat|p1b: Orthworm\n|-supereffective|p1b: Orthworm\n|-damage|p1b: Orthworm|0 fnt\n|-unboost|p2a: Chi-Yu|spa|2\n|faint|p1b: Orthworm\n|\n|win|Jjenkinsp\n|raw|jnijojioj's rating: 1248 → 1219<\/strong> (-29 for losing)\n|raw|Jjenkinsp's rating: 1196 → 1225<\/strong> (+29 for winning)\n|l|\u2606jnijojioj\n","uploadtime":1682888219,"views":6,"p1id":"jnijojioj","p2id":"jjenkinsp","formatid":"gen9vgc2023regulationc","rating":1219,"private":0,"password":""}