{"id":"gen9vgc2023regulationc-1851003015","p1":"Mollusck","p2":"grafaudawg","format":"[Gen 9] VGC 2023 Regulation C","log":"|j|\u2606Mollusck\n|j|\u2606grafaudawg\n|t:|1682392614\n|gametype|doubles\n|player|p1|Mollusck|hiker-gen4|1371\n|player|p2|grafaudawg|2|1290\n|teamsize|p1|6\n|teamsize|p2|6\n|gen|9\n|tier|[Gen 9] VGC 2023 Regulation C\n|rated|\n|rule|Species Clause: Limit one of each Pok\u00e9mon\n|rule|Item Clause: Limit one of each item\n|clearpoke\n|poke|p1|Maushold-Four, L50|\n|poke|p1|Annihilape, L50, M|\n|poke|p1|Gholdengo, L50|\n|poke|p1|Wo-Chien, L50|\n|poke|p1|Chi-Yu, L50|\n|poke|p1|Talonflame, L50, F|\n|poke|p2|Iron Hands, L50|\n|poke|p2|Gholdengo, L50|\n|poke|p2|Chi-Yu, L50|\n|poke|p2|Palafin, L50, M|\n|poke|p2|Iron Bundle, L50|\n|poke|p2|Sylveon, L50, F|\n|teampreview|4\n|\n|t:|1682392658\n|start\n|switch|p1a: Annihilape|Annihilape, L50, M|100\/100\n|switch|p1b: Maushold|Maushold-Four, L50|100\/100\n|switch|p2a: Palafin|Palafin, L50, M|100\/100\n|switch|p2b: Iron Hands|Iron Hands, L50|100\/100\n|turn|1\n|\n|t:|1682392694\n|-end|p2b: Iron Hands|Quark Drive|[silent]\n|switch|p2b: Cheezers|Gholdengo, L50|100\/100\n|move|p1b: Maushold|Protect|p1b: Maushold\n|-singleturn|p1b: Maushold|Protect\n|move|p2a: Palafin|Protect|p2a: Palafin\n|-singleturn|p2a: Palafin|Protect\n|move|p1a: Annihilape|Bulk Up|p1a: Annihilape\n|-boost|p1a: Annihilape|atk|1\n|-boost|p1a: Annihilape|def|1\n|\n|upkeep\n|turn|2\n|\n|t:|1682392737\n|detailschange|p2a: Palafin|Palafin-Hero, L50, M\n|switch|p2a: Iron Bundle|Iron Bundle, L50|100\/100\n|-enditem|p2a: Iron Bundle|Booster Energy\n|-activate|p2a: Iron Bundle|ability: Quark Drive|[fromitem]\n|-start|p2a: Iron Bundle|quarkdrivespe\n|-terastallize|p1a: Annihilape|Fire\n|-terastallize|p2b: Cheezers|Water\n|move|p1b: Maushold|Population Bomb|p1a: Annihilape\n|-damage|p1a: Annihilape|97\/100\n|-damage|p1a: Annihilape|92\/100\n|-damage|p1a: Annihilape|87\/100\n|-damage|p1a: Annihilape|82\/100\n|-hitcount|p1a: Annihilape|4\n|move|p1a: Annihilape|Bulk Up|p1a: Annihilape\n|-boost|p1a: Annihilape|atk|1\n|-boost|p1a: Annihilape|def|1\n|move|p2b: Cheezers|Shadow Ball|p1a: Annihilape\n|-damage|p1a: Annihilape|54\/100\n|\n|upkeep\n|turn|3\n|\n|t:|1682392772\n|switch|p2b: Palafin|Palafin-Hero, L50, M|100\/100\n|-activate|p2b: Palafin|ability: Zero to Hero\n|move|p1b: Maushold|Follow Me|p1b: Maushold\n|-singleturn|p1b: Maushold|move: Follow Me\n|move|p2a: Iron Bundle|Hydro Pump|p1b: Maushold\n|-damage|p1b: Maushold|26\/100\n|move|p1a: Annihilape|Drain Punch|p2a: Iron Bundle\n|-supereffective|p2a: Iron Bundle\n|-damage|p2a: Iron Bundle|0 fnt\n|-heal|p1a: Annihilape|98\/100|[from] drain|[of] p2a: Iron Bundle\n|faint|p2a: Iron Bundle\n|-end|p2a: Iron Bundle|Quark Drive|[silent]\n|\n|upkeep\n|\n|t:|1682392787\n|switch|p2a: Cheezers|Gholdengo, L50, tera:Water|100\/100\n|turn|4\n|\n|t:|1682392805\n|move|p1b: Maushold|Follow Me|p1b: Maushold\n|-singleturn|p1b: Maushold|move: Follow Me\n|move|p2b: Palafin|Jet Punch|p1b: Maushold\n|-damage|p1b: Maushold|0 fnt\n|faint|p1b: Maushold\n|move|p1a: Annihilape|Rage Fist|p2b: Palafin\n|-damage|p2b: Palafin|0 fnt\n|faint|p2b: Palafin\n|move|p2a: Cheezers|Make It Rain|p1a: Annihilape\n|-resisted|p1a: Annihilape\n|-damage|p1a: Annihilape|73\/100\n|-unboost|p2a: Cheezers|spa|1\n|\n|upkeep\n|\n|t:|1682392819\n|switch|p1b: Wo-Chien|Wo-Chien, L50|100\/100\n|switch|p2b: Iron Hands|Iron Hands, L50|100\/100\n|-ability|p1b: Wo-Chien|Tablets of Ruin\n|turn|5\n|\n|t:|1682392846\n|move|p2a: Cheezers|Protect|p2a: Cheezers\n|-singleturn|p2a: Cheezers|Protect\n|move|p1b: Wo-Chien|Protect|p1b: Wo-Chien\n|-singleturn|p1b: Wo-Chien|Protect\n|move|p1a: Annihilape|Rage Fist|p2b: Iron Hands\n|-damage|p2b: Iron Hands|0 fnt\n|faint|p2b: Iron Hands\n|-end|p2b: Iron Hands|Quark Drive|[silent]\n|\n|upkeep\n|turn|6\n|-message|grafaudawg forfeited.\n|\n|win|Mollusck\n|raw|Mollusck's rating: 1371 → 1386<\/strong> (+15 for winning)\n|raw|grafaudawg's rating: 1290 → 1271<\/strong> (-19 for losing)\n|l|\u2606grafaudawg\n","uploadtime":1682392898,"views":9,"p1id":"mollusck","p2id":"grafaudawg","formatid":"gen9vgc2023regulationc","rating":1271,"private":0,"password":""}