{"id":"gen9vgc2023regulationc-1846326230","p1":"Benice2ppl","p2":"Seedot is my god","format":"[Gen 9] VGC 2023 Regulation C","log":"|j|\u2606Benice2ppl\n|j|\u2606Seedot is my god\n|t:|1681831863\n|gametype|doubles\n|player|p1|Benice2ppl|169|1190\n|player|p2|Seedot is my god|169|1148\n|teamsize|p1|6\n|teamsize|p2|6\n|gen|9\n|tier|[Gen 9] VGC 2023 Regulation C\n|rated|\n|rule|Species Clause: Limit one of each Pok\u00e9mon\n|rule|Item Clause: Limit one of each item\n|clearpoke\n|poke|p1|Torkoal, L50, F|\n|poke|p1|Flutter Mane, L50|\n|poke|p1|Gholdengo, L50|\n|poke|p1|Gyarados, L50, F|\n|poke|p1|Ting-Lu, L50|\n|poke|p1|Iron Moth, L50|\n|poke|p2|Chi-Yu, L50|\n|poke|p2|Dachsbun, L50, M|\n|poke|p2|Dragonite, L50, F|\n|poke|p2|Chien-Pao, L50|\n|poke|p2|Flutter Mane, L50|\n|poke|p2|Gyarados, L50, M|\n|teampreview|4\n|inactive|Battle timer is ON: inactive players will automatically lose when time's up. (requested by Benice2ppl)\nSeedot is my god has agreed to open team sheets.\n|inactive|Benice2ppl has 60 seconds left.\n|inactive|Benice2ppl has 30 seconds left.\n|\n|t:|1681831930\n|start\n|switch|p1a: Ting-Lu|Ting-Lu, L50|100\/100\n|switch|p1b: Gyarados|Gyarados, L50, F|100\/100\n|switch|p2a: Chi-Yu|Chi-Yu, L50|100\/100\n|switch|p2b: Dachsbun|Dachsbun, L50, M|100\/100\n|-ability|p2a: Chi-Yu|Beads of Ruin\n|-ability|p1b: Gyarados|Intimidate|boost\n|-unboost|p2a: Chi-Yu|atk|1\n|-unboost|p2b: Dachsbun|atk|1\n|-ability|p1a: Ting-Lu|Vessel of Ruin\n|turn|1\n|\n|t:|1681831941\n|move|p2a: Chi-Yu|Lava Plume|p1b: Gyarados|[spread] p1a,p1b\n|-ability|p2b: Dachsbun|Well-Baked Body|boost\n|-boost|p2b: Dachsbun|def|2\n|-resisted|p1b: Gyarados\n|-damage|p1a: Ting-Lu|86\/100\n|-damage|p1b: Gyarados|83\/100\n|move|p1b: Gyarados|Thunder Wave|p2b: Dachsbun\n|-status|p2b: Dachsbun|par\n|move|p1a: Ting-Lu|Fissure|p2b: Dachsbun\n|-damage|p2b: Dachsbun|0 fnt\n|faint|p2b: Dachsbun\n|-ohko\n|\n|upkeep\n|\n|t:|1681831961\n|switch|p2b: Chien-Pao|Chien-Pao, L50|100\/100\n|-ability|p2b: Chien-Pao|Sword of Ruin\n|turn|2\n|\n|t:|1681831975\n|switch|p2a: Dragonite|Dragonite, L50, F|100\/100\n|switch|p1b: Iron Moth|Iron Moth, L50|100\/100\n|-enditem|p1b: Iron Moth|Booster Energy\n|-activate|p1b: Iron Moth|ability: Quark Drive|[fromitem]\n|-start|p1b: Iron Moth|quarkdrivespe\n|move|p2b: Chien-Pao|Ice Spinner|p1a: Ting-Lu\n|-supereffective|p1a: Ting-Lu\n|-damage|p1a: Ting-Lu|40\/100\n|move|p1a: Ting-Lu|Heavy Slam|p2b: Chien-Pao\n|-supereffective|p2b: Chien-Pao\n|-damage|p2b: Chien-Pao|36\/100\n|\n|upkeep\n|turn|3\n|\n|t:|1681831995\n|switch|p1a: Gyarados|Gyarados, L50, F|83\/100\n|-ability|p1a: Gyarados|Intimidate|boost\n|-fail|p2a: Dragonite|unboost|[from] item: Clear Amulet|[of] p2a: Dragonite\n|-unboost|p2b: Chien-Pao|atk|1\n|move|p1b: Iron Moth|Fiery Dance|p2a: Dragonite\n|-resisted|p2a: Dragonite\n|-damage|p2a: Dragonite|92\/100\n|move|p2b: Chien-Pao|Ice Spinner|p1a: Gyarados\n|-damage|p1a: Gyarados|41\/100\n|move|p2a: Dragonite|Dragon Claw|p1a: Gyarados\n|-damage|p1a: Gyarados|0 fnt\n|faint|p1a: Gyarados\n|\n|upkeep\n|\n|t:|1681832012\n|switch|p1a: Gholdengo|Gholdengo, L50|100\/100\n|turn|4\n|\n|t:|1681832027\n|-terastallize|p1a: Gholdengo|Steel\n|move|p2b: Chien-Pao|Protect|p2b: Chien-Pao\n|-singleturn|p2b: Chien-Pao|Protect\n|move|p1b: Iron Moth|Sludge Wave|p2b: Chien-Pao|[spread] p2a\n|-activate|p2b: Chien-Pao|move: Protect\n|-immune|p1a: Gholdengo\n|-damage|p2a: Dragonite|61\/100\n|move|p1a: Gholdengo|Make It Rain|p2a: Dragonite|[spread] p2a\n|-activate|p2b: Chien-Pao|move: Protect\n|-damage|p2a: Dragonite|9\/100\n|-unboost|p1a: Gholdengo|spa|1\n|move|p2a: Dragonite|Dragon Claw|p1a: Gholdengo\n|-resisted|p1a: Gholdengo\n|-damage|p1a: Gholdengo|65\/100\n|\n|upkeep\n|turn|5\n|inactive|Seedot is my god has 30 seconds left.\n|\n|t:|1681832053\n|switch|p1a: Ting-Lu|Ting-Lu, L50|40\/100\n|-ability|p1a: Ting-Lu|Vessel of Ruin\n|move|p2a: Dragonite|Extreme Speed|p1b: Iron Moth\n|-damage|p1b: Iron Moth|37\/100\n|move|p2b: Chien-Pao|Sucker Punch|p1b: Iron Moth\n|-damage|p1b: Iron Moth|0 fnt\n|faint|p1b: Iron Moth\n|-end|p1b: Iron Moth|Quark Drive|[silent]\n|\n|upkeep\n|\n|t:|1681832059\n|switch|p1b: Gholdengo|Gholdengo, L50, tera:Steel|65\/100\n|turn|6\n|\n|t:|1681832069\n|move|p2b: Chien-Pao|Protect|p2b: Chien-Pao\n|-singleturn|p2b: Chien-Pao|Protect\n|move|p2a: Dragonite|Extreme Speed|p1a: Ting-Lu\n|-damage|p1a: Ting-Lu|20\/100\n|move|p1b: Gholdengo|Make It Rain|p2a: Dragonite|[spread] p2a\n|-activate|p2b: Chien-Pao|move: Protect\n|-damage|p2a: Dragonite|0 fnt\n|-unboost|p1b: Gholdengo|spa|1\n|faint|p2a: Dragonite\n|move|p1a: Ting-Lu|Fissure|p2b: Chien-Pao\n|-activate|p2b: Chien-Pao|move: Protect\n|\n|upkeep\n|\n|t:|1681832076\n|switch|p2a: Chi-Yu|Chi-Yu, L50|100\/100\n|-ability|p2a: Chi-Yu|Beads of Ruin\n|turn|7\n|\n|t:|1681832082\n|move|p2a: Chi-Yu|Flamethrower|p1b: Gholdengo\n|-supereffective|p1b: Gholdengo\n|-damage|p1b: Gholdengo|0 fnt\n|faint|p1b: Gholdengo\n|move|p2b: Chien-Pao|Ice Spinner|p1a: Ting-Lu\n|-supereffective|p1a: Ting-Lu\n|-crit|p1a: Ting-Lu\n|-damage|p1a: Ting-Lu|0 fnt\n|faint|p1a: Ting-Lu\n|\n|win|Seedot is my god\n|raw|Benice2ppl's rating: 1166 → 1140<\/strong> (-26 for losing)\n|raw|Seedot is my god's rating: 1148 → 1174<\/strong> (+26 for winning)\n|l|\u2606Benice2ppl\n","uploadtime":1681832097,"views":5,"p1id":"benice2ppl","p2id":"seedotismygod","formatid":"gen9vgc2023regulationc","rating":1140,"private":0,"password":""}