{"id":"gen9vgc2023regulationc-1853098911","p1":"Cojams","p2":"MatRod","format":"[Gen 9] VGC 2023 Regulation C","log":"|j|\u2606Cojams\n|j|\u2606MatRod\n|t:|1682634977\n|gametype|doubles\n|player|p1|Cojams|caitlin|1144\n|player|p2|MatRod|steven|1237\n|teamsize|p1|6\n|teamsize|p2|6\n|gen|9\n|tier|[Gen 9] VGC 2023 Regulation C\n|rated|\n|rule|Species Clause: Limit one of each Pok\u00e9mon\n|rule|Item Clause: Limit one of each item\n|clearpoke\n|poke|p1|Roaring Moon, L50|\n|poke|p1|Corviknight, L50, M|\n|poke|p1|Iron Hands, L50|\n|poke|p1|Scizor, L50, F|\n|poke|p1|Amoonguss, L50, M|\n|poke|p1|Iron Bundle, L50|\n|poke|p2|Espathra, L50, F|\n|poke|p2|Indeedee-F, L50, F|\n|poke|p2|Armarouge, L50, F|\n|poke|p2|Sandy Shocks, L50|\n|poke|p2|Flutter Mane, L50|\n|poke|p2|Maushold-Four, L50|\n|teampreview|4\n|\n|t:|1682635059\n|start\n|switch|p1a: Iron Hands|Iron Hands, L50|100\/100\n|switch|p1b: Scizor|Scizor, L50, F|100\/100\n|switch|p2a: Espathra|Espathra, L50, F, shiny|100\/100\n|switch|p2b: Sandy Shocks|Sandy Shocks, L50, shiny|100\/100\n|-enditem|p2b: Sandy Shocks|Booster Energy\n|-activate|p2b: Sandy Shocks|ability: Protosynthesis|[fromitem]\n|-start|p2b: Sandy Shocks|protosynthesisspe\n|turn|1\n|\n|t:|1682635187\n|move|p1a: Iron Hands|Fake Out|p2a: Espathra\n|-damage|p2a: Espathra|80\/100\n|move|p2b: Sandy Shocks|Gravity|p2b: Sandy Shocks\n|-fieldstart|move: Gravity\n|cant|p2a: Espathra|flinch\n|move|p1b: Scizor|Swords Dance|p1b: Scizor\n|-boost|p1b: Scizor|atk|2\n|\n|-ability|p2a: Espathra|Speed Boost|boost\n|-boost|p2a: Espathra|spe|1\n|upkeep\n|turn|2\n|\n|t:|1682635207\n|move|p1b: Scizor|Bullet Punch|p2a: Espathra\n|-damage|p2a: Espathra|0 fnt\n|faint|p2a: Espathra\n|move|p2b: Sandy Shocks|Earth Power|p1b: Scizor\n|-damage|p1b: Scizor|48\/100\n|-unboost|p1b: Scizor|spd|1\n|move|p1a: Iron Hands|Wild Charge|p2b: Sandy Shocks\n|-immune|p2b: Sandy Shocks\n|\n|upkeep\n|\n|t:|1682635226\n|switch|p2a: Armarouge|Armarouge, L50, F|100\/100\n|turn|3\n|\n|t:|1682635281\n|move|p1b: Scizor|Bullet Punch|p2b: Sandy Shocks\n|-resisted|p2b: Sandy Shocks\n|-damage|p2b: Sandy Shocks|61\/100\n|move|p2b: Sandy Shocks|Earth Power|p1a: Iron Hands\n|-supereffective|p1a: Iron Hands\n|-damage|p1a: Iron Hands|26\/100\n|move|p1a: Iron Hands|Earthquake|p2b: Sandy Shocks|[spread] p1b,p2a,p2b\n|-supereffective|p2a: Armarouge\n|-supereffective|p2b: Sandy Shocks\n|-damage|p1b: Scizor|22\/100\n|-damage|p2a: Armarouge|52\/100\n|-damage|p2b: Sandy Shocks|0 fnt\n|-ability|p2a: Armarouge|Weak Armor|boost\n|-unboost|p2a: Armarouge|def|1\n|-boost|p2a: Armarouge|spe|2\n|-enditem|p2a: Armarouge|Weakness Policy\n|-boost|p2a: Armarouge|atk|2|[from] item: Weakness Policy\n|-boost|p2a: Armarouge|spa|2|[from] item: Weakness Policy\n|-enditem|p1b: Scizor|Iapapa Berry|[eat]\n|-heal|p1b: Scizor|55\/100|[from] item: Iapapa Berry\n|faint|p2b: Sandy Shocks\n|-end|p2b: Sandy Shocks|Protosynthesis|[silent]\n|move|p2a: Armarouge|Heat Wave|p1b: Scizor|[spread] p1a,p1b\n|-supereffective|p1b: Scizor\n|-damage|p1a: Iron Hands|0 fnt\n|-damage|p1b: Scizor|0 fnt\n|faint|p1a: Iron Hands\n|-end|p1a: Iron Hands|Quark Drive|[silent]\n|faint|p1b: Scizor\n|\n|upkeep\n|\n|t:|1682635304\n|switch|p2b: Flutter Mane|Flutter Mane, L50|100\/100\n|switch|p1a: Roaring Moon|Roaring Moon, L50|100\/100\n|switch|p1b: Amoonguss|Amoonguss, L50, M|100\/100\n|-enditem|p1a: Roaring Moon|Booster Energy\n|-activate|p1a: Roaring Moon|ability: Protosynthesis|[fromitem]\n|-start|p1a: Roaring Moon|protosynthesisatk\n|turn|4\n|\n|t:|1682635340\n|-terastallize|p2a: Armarouge|Grass\n|-terastallize|p1a: Roaring Moon|Fairy\n|move|p1b: Amoonguss|Protect|p1b: Amoonguss\n|-singleturn|p1b: Amoonguss|Protect\n|move|p2b: Flutter Mane|Moonblast|p1a: Roaring Moon\n|-damage|p1a: Roaring Moon|30\/100\n|-unboost|p1a: Roaring Moon|spa|1\n|-damage|p2b: Flutter Mane|90\/100|[from] item: Life Orb\n|move|p2a: Armarouge|Heat Wave|p1a: Roaring Moon|[spread] p1a\n|-activate|p1b: Amoonguss|move: Protect\n|-damage|p1a: Roaring Moon|0 fnt\n|faint|p1a: Roaring Moon\n|-end|p1a: Roaring Moon|Protosynthesis|[silent]\n|\n|upkeep\n|turn|5\n|c|\u2606Cojams|insane\n|c|\u2606Cojams|gg\n|-message|Cojams forfeited.\n|\n|win|MatRod\n|raw|Cojams's rating: 1144 → 1126<\/strong> (-18 for losing)\n|raw|MatRod's rating: 1237 → 1255<\/strong> (+18 for winning)\n|l|\u2606Cojams\n","uploadtime":1682635374,"views":13,"p1id":"cojams","p2id":"matrod","formatid":"gen9vgc2023regulationc","rating":1126,"private":0,"password":""}