{"id":"gen9vgc2023regulationc-1847959754","p1":"thedzbannedone","p2":"jaymac11","format":"[Gen 9] VGC 2023 Regulation C","log":"|j|\u2606thedzbannedone\n|j|\u2606jaymac11\n|t:|1682015966\n|gametype|doubles\n|player|p1|thedzbannedone|lance|1136\n|player|p2|jaymac11|lucas|1153\n|teamsize|p1|6\n|teamsize|p2|6\n|gen|9\n|tier|[Gen 9] VGC 2023 Regulation C\n|rated|\n|rule|Species Clause: Limit one of each Pok\u00e9mon\n|rule|Item Clause: Limit one of each item\n|clearpoke\n|poke|p1|Armarouge, L50, F|\n|poke|p1|Indeedee-F, L50, F|\n|poke|p1|Dondozo, L50, M|\n|poke|p1|Flamigo, L50, F|\n|poke|p1|Tatsugiri, L50, F|\n|poke|p1|Drifblim, L50, M|\n|poke|p2|Scizor, L50, F|\n|poke|p2|Tsareena, L50, F|\n|poke|p2|Gastrodon, L50, M|\n|poke|p2|Annihilape, L50, F|\n|poke|p2|Flutter Mane, L50|\n|poke|p2|Ting-Lu, L50|\n|teampreview|4\n|\n|t:|1682015996\n|start\n|switch|p1a: Drifblim|Drifblim, L50, M|100\/100\n|switch|p1b: Tatsugiri|Tatsugiri, L50, F|100\/100\n|switch|p2a: Annihilape|Annihilape, L50, F|100\/100\n|switch|p2b: Ting-Lu|Ting-Lu, L50|100\/100\n|-ability|p2b: Ting-Lu|Vessel of Ruin\n|turn|1\n|\n|t:|1682016023\n|move|p1b: Tatsugiri|Endure|p1b: Tatsugiri\n|-singleturn|p1b: Tatsugiri|move: Endure\n|move|p2a: Annihilape|Final Gambit|p1b: Tatsugiri\n|-activate|p1b: Tatsugiri|move: Endure\n|-damage|p1b: Tatsugiri|1\/100\n|faint|p2a: Annihilape\n|move|p1a: Drifblim|Explosion|p2b: Ting-Lu|[spread] p1b,p2b\n|-activate|p1b: Tatsugiri|move: Endure\n|-damage|p1b: Tatsugiri|1\/100\n|-damage|p2b: Ting-Lu|86\/100\n|faint|p1a: Drifblim\n|move|p2b: Ting-Lu|Ruination|p1b: Tatsugiri\n|-activate|p1b: Tatsugiri|move: Endure\n|-damage|p1b: Tatsugiri|1\/100\n|\n|-status|p1b: Tatsugiri|tox|[from] item: Toxic Orb\n|upkeep\n|\n|t:|1682016039\n|switch|p2a: Gastrodon|Gastrodon, L50, M|100\/100\n|switch|p1a: Dondozo|Dondozo, L50, M|100\/100\n|-activate|p1b: Tatsugiri|ability: Commander|[of] p1a: Dondozo\n|-boost|p1a: Dondozo|atk|2\n|-boost|p1a: Dondozo|spa|2\n|-boost|p1a: Dondozo|spe|2\n|-boost|p1a: Dondozo|def|2\n|-boost|p1a: Dondozo|spd|2\n|turn|2\n|\n|t:|1682016052\n|move|p1a: Dondozo|Protect|p1a: Dondozo\n|-singleturn|p1a: Dondozo|Protect\n|move|p2a: Gastrodon|Clear Smog|p1a: Dondozo\n|-activate|p1a: Dondozo|move: Protect\n|move|p2b: Ting-Lu|Fissure|p1a: Dondozo\n|-activate|p1a: Dondozo|move: Protect\n|\n|-damage|p1b: Tatsugiri|0 fnt|[from] psn\n|faint|p1b: Tatsugiri\n|upkeep\n|\n|t:|1682016059\n|switch|p1b: Flamigo|Flamigo, L50, F|100\/100\n|-copyboost|p1b: Flamigo|p1a: Dondozo|[from] ability: Costar\n|turn|3\n|\n|t:|1682016078\n|-terastallize|p2a: Gastrodon|Fire\n|move|p1b: Flamigo|Close Combat|p2a: Gastrodon\n|-damage|p2a: Gastrodon|0 fnt\n|-unboost|p1b: Flamigo|def|1\n|-unboost|p1b: Flamigo|spd|1\n|faint|p2a: Gastrodon\n|move|p1a: Dondozo|Order Up|p2b: Ting-Lu\n|-damage|p2b: Ting-Lu|65\/100\n|-boost|p1a: Dondozo|atk|1\n|move|p2b: Ting-Lu|Fissure|p1a: Dondozo|[miss]\n|-miss|p2b: Ting-Lu|p1a: Dondozo\n|\n|upkeep\n|\n|t:|1682016092\n|switch|p2a: Scizor|Scizor, L50, F|100\/100\n|turn|4\n|\n|t:|1682016102\n|move|p2a: Scizor|Protect|p2a: Scizor\n|-singleturn|p2a: Scizor|Protect\n|move|p1b: Flamigo|Close Combat|p2b: Ting-Lu\n|-supereffective|p2b: Ting-Lu\n|-damage|p2b: Ting-Lu|0 fnt\n|-unboost|p1b: Flamigo|def|1\n|-unboost|p1b: Flamigo|spd|1\n|faint|p2b: Ting-Lu\n|move|p1a: Dondozo|Earthquake|p2a: Scizor|[spread] \n|-activate|p2a: Scizor|move: Protect\n|-immune|p1b: Flamigo\n|\n|upkeep\n|turn|5\n|c|\u2606jaymac11|Lmao\n|c|\u2606jaymac11|Trash player\n|c|\u2606jaymac11|You aint good\n|c|\u2606jaymac11|Youre a piece of shit who has no skill\n|n|\u203djaymac11|jaymac11\n|c|&|\/log jaymac11 was locked from talking by Artemis for a week. (\u2606jaymac11: Youre a piece of shit who has no s )\n|c|&|\/raw This action was done automatically. Want to learn more about the AI? Visit the information thread<\/a>.<\/small>\n|c|\u2606thedzbannedone|neither are u\n|-message|jaymac11 forfeited.\n|\n|win|thedzbannedone\n|raw|thedzbannedone's rating: 1136 → 1162<\/strong> (+26 for winning)\n|raw|jaymac11's rating: 1153 → 1127<\/strong> (-26 for losing)\n|l|\u203djaymac11\n","uploadtime":1682016127,"views":8,"p1id":"thedzbannedone","p2id":"jaymac11","formatid":"gen9vgc2023regulationc","rating":1127,"private":0,"password":""}