{"id":"gen9vgc2023regulationc-1845794759","p1":"NotNehzzy","p2":"HonestPalanceFan","format":"[Gen 9] VGC 2023 Regulation C","log":"|j|\u2606NotNehzzy\n|j|\u2606HonestPalanceFan\n|t:|1681765264\n|gametype|doubles\n|player|p1|NotNehzzy|steven|1098\n|player|p2|HonestPalanceFan|265|1000\n|teamsize|p1|6\n|teamsize|p2|6\n|gen|9\n|tier|[Gen 9] VGC 2023 Regulation C\n|rated|\n|rule|Species Clause: Limit one of each Pok\u00e9mon\n|rule|Item Clause: Limit one of each item\n|clearpoke\n|poke|p1|Flutter Mane, L50|\n|poke|p1|Dragonite, L50, M|\n|poke|p1|Farigiraf, L50, M|\n|poke|p1|Gallade, L50, M|\n|poke|p1|Hatterene, L50, F|\n|poke|p1|Iron Bundle, L50|\n|poke|p2|Palafin, L50, F|\n|poke|p2|Arcanine, L50, F|\n|poke|p2|Flutter Mane, L50|\n|poke|p2|Amoonguss, L50, F|\n|poke|p2|Ting-Lu, L50|\n|poke|p2|Scizor, L50, F|\n|teampreview|4\n|inactive|Battle timer is ON: inactive players will automatically lose when time's up. (requested by HonestPalanceFan)\n|inactive|NotNehzzy has 60 seconds left.\n|inactive|HonestPalanceFan has 60 seconds left.\n|\n|t:|1681765300\n|start\n|switch|p1a: Flutter Mane|Flutter Mane, L50|100\/100\n|switch|p1b: Iron Bundle|Iron Bundle, L50|100\/100\n|switch|p2a: Ting-Lu|Ting-Lu, L50|100\/100\n|switch|p2b: Arcanine|Arcanine, L50, F|100\/100\n|-ability|p2b: Arcanine|Intimidate|boost\n|-unboost|p1a: Flutter Mane|atk|1\n|-unboost|p1b: Iron Bundle|atk|1\n|-ability|p2a: Ting-Lu|Vessel of Ruin\n|-enditem|p1b: Iron Bundle|Booster Energy\n|-activate|p1b: Iron Bundle|ability: Quark Drive|[fromitem]\n|-start|p1b: Iron Bundle|quarkdrivespe\n|turn|1\n|\n|t:|1681765312\n|move|p1a: Flutter Mane|Protect|p1a: Flutter Mane\n|-singleturn|p1a: Flutter Mane|Protect\n|move|p2b: Arcanine|Protect|p2b: Arcanine\n|-singleturn|p2b: Arcanine|Protect\n|move|p1b: Iron Bundle|Hydro Pump|p2a: Ting-Lu\n|-supereffective|p2a: Ting-Lu\n|-damage|p2a: Ting-Lu|49\/100\n|move|p2a: Ting-Lu|Stealth Rock|p1b: Iron Bundle\n|-sidestart|p1: NotNehzzy|move: Stealth Rock\n|\n|-heal|p2a: Ting-Lu|55\/100|[from] item: Leftovers\n|upkeep\n|turn|2\n|\n|t:|1681765335\n|-terastallize|p1a: Flutter Mane|Normal\n|-terastallize|p2b: Arcanine|Water\n|move|p2b: Arcanine|Extreme Speed|p1b: Iron Bundle\n|-damage|p1b: Iron Bundle|76\/100\n|move|p1b: Iron Bundle|Freeze-Dry|p2a: Ting-Lu\n|-supereffective|p2a: Ting-Lu\n|-damage|p2a: Ting-Lu|23\/100\n|move|p1a: Flutter Mane|Hyper Voice|p2a: Ting-Lu|[spread] p2a,p2b\n|-damage|p2a: Ting-Lu|9\/100\n|-damage|p2b: Arcanine|81\/100\n|-enditem|p1a: Flutter Mane|Throat Spray\n|-boost|p1a: Flutter Mane|spa|1|[from] item: Throat Spray\n|move|p2a: Ting-Lu|Ruination|p1b: Iron Bundle\n|-damage|p1b: Iron Bundle|39\/100\n|\n|-heal|p2a: Ting-Lu|15\/100|[from] item: Leftovers\n|upkeep\n|turn|3\n|inactive|NotNehzzy has 30 seconds left.\n|inactive|HonestPalanceFan has 30 seconds left.\n|\n|t:|1681765363\n|move|p1a: Flutter Mane|Protect|p1a: Flutter Mane\n|-singleturn|p1a: Flutter Mane|Protect\n|move|p2b: Arcanine|Extreme Speed|p1a: Flutter Mane\n|-activate|p1a: Flutter Mane|move: Protect\n|move|p1b: Iron Bundle|Freeze-Dry|p2a: Ting-Lu\n|-supereffective|p2a: Ting-Lu\n|-crit|p2a: Ting-Lu\n|-damage|p2a: Ting-Lu|0 fnt\n|faint|p2a: Ting-Lu\n|\n|upkeep\n|\n|t:|1681765367\n|switch|p2a: Scizor|Scizor, L50, F, shiny|100\/100\n|turn|4\n|\n|t:|1681765389\n|-end|p1b: Iron Bundle|Quark Drive|[silent]\n|switch|p1b: Farigiraf|Farigiraf, L50, M|100\/100\n|-damage|p1b: Farigiraf|88\/100|[from] Stealth Rock\n|move|p2b: Arcanine|Extreme Speed||[still]\n|cant|p1b: Farigiraf|ability: Armor Tail|Extreme Speed|[of] p2b: Arcanine\n|move|p2a: Scizor|Bullet Punch||[still]\n|cant|p1b: Farigiraf|ability: Armor Tail|Bullet Punch|[of] p2a: Scizor\n|move|p1a: Flutter Mane|Shadow Ball|p2a: Scizor\n|-damage|p2a: Scizor|43\/100\n|\n|upkeep\n|turn|5\n|inactive|NotNehzzy has 30 seconds left.\n|\n|t:|1681765415\n|move|p2b: Arcanine|Protect|p2b: Arcanine\n|-singleturn|p2b: Arcanine|Protect\n|move|p1b: Farigiraf|Ally Switch|p1b: Farigiraf\n|swap|p1b: Farigiraf|0|[from] move: Ally Switch\n|move|p1b: Flutter Mane|Shadow Ball|p2a: Scizor\n|-damage|p2a: Scizor|0 fnt\n|faint|p2a: Scizor\n|\n|upkeep\n|\n|t:|1681765423\n|switch|p2a: Flutter Mane|Flutter Mane, L50|100\/100\n|turn|6\n|\n|t:|1681765448\n|move|p1b: Flutter Mane|Shadow Ball|p2a: Flutter Mane\n|-supereffective|p2a: Flutter Mane\n|-crit|p2a: Flutter Mane\n|-damage|p2a: Flutter Mane|0 fnt\n|faint|p2a: Flutter Mane\n|-end|p2a: Flutter Mane|Protosynthesis|[silent]\n|move|p2b: Arcanine|Flare Blitz|p1a: Farigiraf\n|-damage|p1a: Farigiraf|48\/100\n|-damage|p2b: Arcanine|65\/100|[from] Recoil\n|move|p1a: Farigiraf|Tera Blast|p2b: Arcanine\n|-damage|p2b: Arcanine|39\/100\n|\n|upkeep\n|turn|7\n|-message|HonestPalanceFan forfeited.\n|\n|win|NotNehzzy\n|raw|NotNehzzy's rating: 1098 → 1116<\/strong> (+18 for winning)\n|raw|HonestPalanceFan's rating: 1000 → 1000<\/strong> (+0 for losing)\n|l|\u2606HonestPalanceFan\n","uploadtime":1681765470,"views":7,"p1id":"notnehzzy","p2id":"honestpalancefan","formatid":"gen9vgc2023regulationc","rating":1000,"private":0,"password":""}