{"id":"gen9vgc2023regulationc-1845929097","p1":"NovaLaFlame","p2":"KoramTrainer","format":"[Gen 9] VGC 2023 Regulation C","log":"|j|\u2606NovaLaFlame\n|j|\u2606KoramTrainer\n|t:|1681780404\n|gametype|doubles\n|player|p1|NovaLaFlame|101|1210\n|player|p2|KoramTrainer|hilbert|1198\n|teamsize|p1|6\n|teamsize|p2|4\n|gen|9\n|tier|[Gen 9] VGC 2023 Regulation C\n|rated|\n|rule|Species Clause: Limit one of each Pok\u00e9mon\n|rule|Item Clause: Limit one of each item\n|clearpoke\n|poke|p1|Palafin, L50, M|\n|poke|p1|Kilowattrel, L50, M|\n|poke|p1|Pelipper, L50, F|\n|poke|p1|Baxcalibur, L50, F|\n|poke|p1|Grimmsnarl, L50, M|\n|poke|p1|Gholdengo, L50|\n|poke|p2|Corviknight, L50, M|\n|poke|p2|Rotom-Wash, L50|\n|poke|p2|Ting-Lu, L50|\n|poke|p2|Flutter Mane, L50|\n|teampreview|4\n|inactive|Battle timer is ON: inactive players will automatically lose when time's up. (requested by KoramTrainer)\n|inactive|NovaLaFlame has 60 seconds left.\n|inactive|KoramTrainer has 60 seconds left.\n|inactive|KoramTrainer has 30 seconds left.\n|inactive|KoramTrainer has 20 seconds left.\n|\n|t:|1681780478\n|start\n|switch|p1a: Palafin|Palafin, L50, M, shiny|100\/100\n|switch|p1b: Baxcalibur|Baxcalibur, L50, F|100\/100\n|switch|p2a: Corviknight|Corviknight, L50, M|100\/100\n|switch|p2b: Flutter Mane|Flutter Mane, L50|100\/100\n|-enditem|p2b: Flutter Mane|Booster Energy\n|-activate|p2b: Flutter Mane|ability: Protosynthesis|[fromitem]\n|-start|p2b: Flutter Mane|protosynthesisspe\n|turn|1\n|inactive|NovaLaFlame has 30 seconds left.\n|inactive|KoramTrainer has 30 seconds left.\n|inactive|KoramTrainer has 20 seconds left.\n|inactive|KoramTrainer has 15 seconds left.\n|inactive|KoramTrainer has 10 seconds left.\n|\n|t:|1681780525\n|-end|p2b: Flutter Mane|Protosynthesis|[silent]\n|switch|p2b: Ting-Lu|Ting-Lu, L50|100\/100\n|-ability|p2b: Ting-Lu|Vessel of Ruin\n|detailschange|p1a: Palafin|Palafin-Hero, L50, M, shiny\n|switch|p1a: Gholdengo|Gholdengo, L50|100\/100\n|-terastallize|p1b: Baxcalibur|Fairy\n|move|p1b: Baxcalibur|Icicle Spear|p2b: Ting-Lu\n|-supereffective|p2b: Ting-Lu\n|-damage|p2b: Ting-Lu|80\/100\n|-supereffective|p2b: Ting-Lu\n|-damage|p2b: Ting-Lu|59\/100\n|-supereffective|p2b: Ting-Lu\n|-damage|p2b: Ting-Lu|38\/100\n|-supereffective|p2b: Ting-Lu\n|-damage|p2b: Ting-Lu|19\/100\n|-supereffective|p2b: Ting-Lu\n|-damage|p2b: Ting-Lu|0 fnt\n|faint|p2b: Ting-Lu\n|-hitcount|p2: Ting-Lu|5\n|move|p2a: Corviknight|Bulk Up|p2a: Corviknight\n|-boost|p2a: Corviknight|atk|1\n|-boost|p2a: Corviknight|def|1\n|\n|upkeep\n|\n|t:|1681780550\n|switch|p2b: Flutter Mane|Flutter Mane, L50|100\/100\n|turn|2\n|\n|t:|1681780565\n|move|p2b: Flutter Mane|Protect|p2b: Flutter Mane\n|-singleturn|p2b: Flutter Mane|Protect\n|move|p1a: Gholdengo|Thunderbolt|p2a: Corviknight\n|-supereffective|p2a: Corviknight\n|-damage|p2a: Corviknight|38\/100\n|move|p1b: Baxcalibur|Icicle Spear|p2b: Flutter Mane\n|-activate|p2b: Flutter Mane|move: Protect\n|move|p2a: Corviknight|Iron Head|p1b: Baxcalibur\n|-supereffective|p1b: Baxcalibur\n|-damage|p1b: Baxcalibur|22\/100\n|\n|-heal|p2a: Corviknight|44\/100|[from] item: Leftovers\n|upkeep\n|turn|3\n|\n|t:|1681780588\n|switch|p2a: Rotom|Rotom-Wash, L50|100\/100\n|move|p1b: Baxcalibur|Protect|p1b: Baxcalibur\n|-singleturn|p1b: Baxcalibur|Protect\n|move|p1a: Gholdengo|Thunderbolt|p2a: Rotom\n|-damage|p2a: Rotom|66\/100\n|move|p2b: Flutter Mane|Shadow Ball|p1a: Gholdengo\n|-supereffective|p1a: Gholdengo\n|-damage|p1a: Gholdengo|0 fnt\n|faint|p1a: Gholdengo\n|\n|upkeep\n|inactive|NovaLaFlame has 30 seconds left.\n|\n|t:|1681780618\n|switch|p1a: Grimmsnarl|Grimmsnarl, L50, M|100\/100\n|turn|4\n|\n|t:|1681780631\n|move|p2b: Flutter Mane|Protect|p2b: Flutter Mane\n|-singleturn|p2b: Flutter Mane|Protect\n|move|p1a: Grimmsnarl|Light Screen|p1a: Grimmsnarl\n|-sidestart|p1: NovaLaFlame|move: Light Screen\n|move|p1b: Baxcalibur|Icicle Spear|p2b: Flutter Mane\n|-activate|p2b: Flutter Mane|move: Protect\n|move|p2a: Rotom|Reflect|p2a: Rotom\n|-sidestart|p2: KoramTrainer|Reflect\n|\n|upkeep\n|turn|5\n|inactive|KoramTrainer has 30 seconds left.\n|inactive|KoramTrainer has 20 seconds left.\n|inactive|KoramTrainer has 15 seconds left.\n|inactive|KoramTrainer has 10 seconds left.\n|inactive|KoramTrainer has 5 seconds left.\n|\n|t:|1681780683\n|-terastallize|p2b: Flutter Mane|Fairy\n|move|p1a: Grimmsnarl|Parting Shot|p2b: Flutter Mane\n|-unboost|p2b: Flutter Mane|atk|1\n|-unboost|p2b: Flutter Mane|spa|1\n|\n|t:|1681780689\n|switch|p1a: Palafin|Palafin-Hero, L50, M, shiny|100\/100|[from] Parting Shot\n|-activate|p1a: Palafin|ability: Zero to Hero\n|move|p2b: Flutter Mane|Shadow Ball|p1b: Baxcalibur\n|-damage|p1b: Baxcalibur|4\/100\n|move|p1b: Baxcalibur|Icicle Spear|p2b: Flutter Mane\n|-damage|p2b: Flutter Mane|77\/100\n|-damage|p2b: Flutter Mane|55\/100\n|-damage|p2b: Flutter Mane|33\/100\n|-damage|p2b: Flutter Mane|10\/100\n|-hitcount|p2b: Flutter Mane|4\n|move|p2a: Rotom|Thunderbolt|p1b: Baxcalibur\n|-damage|p1b: Baxcalibur|0 fnt\n|faint|p1b: Baxcalibur\n|\n|upkeep\n|\n|t:|1681780705\n|switch|p1b: Grimmsnarl|Grimmsnarl, L50, M|100\/100\n|turn|6\n|\n|t:|1681780717\n|move|p2b: Flutter Mane|Protect|p2b: Flutter Mane\n|-singleturn|p2b: Flutter Mane|Protect\n|move|p1b: Grimmsnarl|Fake Out|p2a: Rotom\n|-damage|p2a: Rotom|55\/100\n|move|p1a: Palafin|Jet Punch|p2b: Flutter Mane\n|-activate|p2b: Flutter Mane|move: Protect\n|cant|p2a: Rotom|flinch\n|\n|upkeep\n|turn|7\n|inactive|NovaLaFlame has 30 seconds left.\n|\n|t:|1681780752\n|-end|p2b: Flutter Mane|Protosynthesis|[silent]\n|switch|p2b: Corviknight|Corviknight, L50, M|44\/100\n|move|p1a: Palafin|Jet Punch|p2a: Rotom\n|-resisted|p2a: Rotom\n|-damage|p2a: Rotom|34\/100\n|move|p1b: Grimmsnarl|Parting Shot|p2a: Rotom\n|-unboost|p2a: Rotom|atk|1\n|-unboost|p2a: Rotom|spa|1\n|move|p2a: Rotom|Thunderbolt|p1a: Palafin\n|-supereffective|p1a: Palafin\n|-damage|p1a: Palafin|57\/100\n|\n|-heal|p2b: Corviknight|50\/100|[from] item: Leftovers\n|upkeep\n|turn|8\n|inactive|NovaLaFlame has 30 seconds left.\n|inactive|NovaLaFlame has 20 seconds left.\n|inactive|NovaLaFlame has 15 seconds left.\n|inactive|NovaLaFlame has 10 seconds left.\n|\n|t:|1681780800\n|move|p1a: Palafin|Jet Punch|p2b: Corviknight\n|-damage|p2b: Corviknight|20\/100\n|move|p2a: Rotom|Thunderbolt|p1a: Palafin\n|-supereffective|p1a: Palafin\n|-damage|p1a: Palafin|12\/100\n|move|p2b: Corviknight|Roost|p2b: Corviknight\n|-heal|p2b: Corviknight|70\/100\n|-singleturn|p2b: Corviknight|move: Roost\n|move|p1b: Grimmsnarl|Play Rough|p2a: Rotom\n|-damage|p2a: Rotom|2\/100\n|-unboost|p2a: Rotom|atk|1\n|\n|-heal|p2b: Corviknight|76\/100|[from] item: Leftovers\n|upkeep\n|turn|9\n|\n|t:|1681780818\n|move|p1a: Palafin|Jet Punch|p2a: Rotom\n|-resisted|p2a: Rotom\n|-crit|p2a: Rotom\n|-damage|p2a: Rotom|0 fnt\n|faint|p2a: Rotom\n|move|p2b: Corviknight|Iron Head|p1a: Palafin\n|-resisted|p1a: Palafin\n|-crit|p1a: Palafin\n|-damage|p1a: Palafin|0 fnt\n|faint|p1a: Palafin\n|move|p1b: Grimmsnarl|Play Rough|p2b: Corviknight\n|-resisted|p2b: Corviknight\n|-damage|p2b: Corviknight|66\/100\n|\n|-heal|p2b: Corviknight|72\/100|[from] item: Leftovers\n|upkeep\n|\n|t:|1681780830\n|switch|p2a: Flutter Mane|Flutter Mane, L50, tera:Fairy|10\/100\n|turn|10\n|\n|t:|1681780834\n|move|p2a: Flutter Mane|Protect|p2a: Flutter Mane\n|-singleturn|p2a: Flutter Mane|Protect\n|move|p2b: Corviknight|Bulk Up|p2b: Corviknight\n|-boost|p2b: Corviknight|atk|1\n|-boost|p2b: Corviknight|def|1\n|move|p1b: Grimmsnarl|Play Rough|p2a: Flutter Mane\n|-activate|p2a: Flutter Mane|move: Protect\n|\n|-heal|p2b: Corviknight|78\/100|[from] item: Leftovers\n|upkeep\n|turn|11\n|\n|t:|1681780846\n|move|p2a: Flutter Mane|Shadow Ball|p1b: Grimmsnarl\n|-resisted|p1b: Grimmsnarl\n|-damage|p1b: Grimmsnarl|86\/100\n|move|p2b: Corviknight|Iron Head|p1b: Grimmsnarl\n|-supereffective|p1b: Grimmsnarl\n|-damage|p1b: Grimmsnarl|0 fnt\n|faint|p1b: Grimmsnarl\n|\n|win|KoramTrainer\n|raw|NovaLaFlame's rating: 1210 → 1184<\/strong> (-26 for losing)\n|raw|KoramTrainer's rating: 1198 → 1224<\/strong> (+26 for winning)\n|l|\u2606NovaLaFlame\n","uploadtime":1681780859,"views":14,"p1id":"novalaflame","p2id":"koramtrainer","formatid":"gen9vgc2023regulationc","rating":1184,"private":0,"password":""}