{"id":"gen9vgc2023regulationc-1846781707","p1":"SoggyWaffles35","p2":"Cold0442","format":"[Gen 9] VGC 2023 Regulation C","log":"|j|\u2606SoggyWaffles35\n|j|\u2606Cold0442\n|t:|1681878359\n|gametype|doubles\n|player|p1|SoggyWaffles35|265|1089\n|player|p2|Cold0442|boarder|1078\n|teamsize|p1|6\n|teamsize|p2|6\n|gen|9\n|tier|[Gen 9] VGC 2023 Regulation C\n|rated|\n|rule|Species Clause: Limit one of each Pok\u00e9mon\n|rule|Item Clause: Limit one of each item\n|clearpoke\n|poke|p1|Orthworm, L50, M|\n|poke|p1|Ting-Lu, L50|\n|poke|p1|Chien-Pao, L50|\n|poke|p1|Dragonite, L50, M|\n|poke|p1|Gyarados, L50, M|\n|poke|p1|Flutter Mane, L50|\n|poke|p2|Arcanine, L50, F|\n|poke|p2|Iron Bundle, L50|\n|poke|p2|Chi-Yu, L50|\n|poke|p2|Baxcalibur, L50, M|\n|poke|p2|Gyarados, L50, M|\n|poke|p2|Maushold, L50|\n|teampreview|4\n|inactive|Battle timer is ON: inactive players will automatically lose when time's up. (requested by Cold0442)\nSoggyWaffles35 has agreed to open team sheets.\n|inactive|SoggyWaffles35 has 60 seconds left.\nCold0442 has agreed to open team sheets.\n|\n|t:|1681878418\n|start\n|switch|p1a: Orthworm|Orthworm, L50, M|100\/100\n|switch|p1b: Flutter Mane|Flutter Mane, L50|100\/100\n|switch|p2a: Arcanine|Arcanine, L50, F|100\/100\n|switch|p2b: Baxcalibur|Baxcalibur, L50, M|100\/100\n|-ability|p2a: Arcanine|Intimidate|boost\n|-unboost|p1a: Orthworm|atk|1\n|-unboost|p1b: Flutter Mane|atk|1\n|-enditem|p1b: Flutter Mane|Booster Energy\n|-activate|p1b: Flutter Mane|ability: Protosynthesis|[fromitem]\n|-start|p1b: Flutter Mane|protosynthesisspa\n|turn|1\n|\n|t:|1681878438\n|-terastallize|p2b: Baxcalibur|Poison\n|-terastallize|p1a: Orthworm|Fire\n|move|p1b: Flutter Mane|Protect|p1b: Flutter Mane\n|-singleturn|p1b: Flutter Mane|Protect\n|move|p2a: Arcanine|Flamethrower|p1a: Orthworm\n|-resisted|p1a: Orthworm\n|-damage|p1a: Orthworm|84\/100\n|move|p2b: Baxcalibur|Dragon Dance|p2b: Baxcalibur\n|-boost|p2b: Baxcalibur|atk|1\n|-boost|p2b: Baxcalibur|spe|1\n|move|p1a: Orthworm|Iron Defense|p1a: Orthworm\n|-boost|p1a: Orthworm|def|2\n|\n|upkeep\n|turn|2\n|inactive|SoggyWaffles35 has 30 seconds left.\n|inactive|Cold0442 has 30 seconds left.\n|inactive|SoggyWaffles35 has 20 seconds left.\n|inactive|Cold0442 has 20 seconds left.\n|inactive|SoggyWaffles35 has 15 seconds left.\n|inactive|Cold0442 has 15 seconds left.\n|inactive|SoggyWaffles35 has 10 seconds left.\n|inactive|Cold0442 has 10 seconds left.\n|\n|t:|1681878487\n|-end|p1b: Flutter Mane|Protosynthesis|[silent]\n|switch|p1b: Ting-Lu|Ting-Lu, L50|100\/100\n|-ability|p1b: Ting-Lu|Vessel of Ruin\n|move|p2b: Baxcalibur|Glaive Rush|p1a: Orthworm\n|-damage|p1a: Orthworm|45\/100\n|-singlemove|p2b: Baxcalibur|Glaive Rush|[silent]\n|-enditem|p1a: Orthworm|Sitrus Berry|[eat]\n|-heal|p1a: Orthworm|70\/100|[from] item: Sitrus Berry\n|move|p2a: Arcanine|Flamethrower|p1b: Ting-Lu\n|-damage|p1b: Ting-Lu|82\/100\n|move|p1a: Orthworm|Body Press|p2a: Arcanine\n|-damage|p2a: Arcanine|36\/100\n|-enditem|p2a: Arcanine|Sitrus Berry|[eat]\n|-heal|p2a: Arcanine|61\/100|[from] item: Sitrus Berry\n|\n|upkeep\n|turn|3\n|inactive|SoggyWaffles35 has 30 seconds left.\n|inactive|SoggyWaffles35 has 20 seconds left.\n|\n|t:|1681878523\n|move|p2b: Baxcalibur|Protect|p2b: Baxcalibur\n|-singleturn|p2b: Baxcalibur|Protect\n|move|p2a: Arcanine|Will-O-Wisp|p1b: Ting-Lu|[miss]\n|-miss|p2a: Arcanine|p1b: Ting-Lu\n|move|p1a: Orthworm|Body Press|p2b: Baxcalibur\n|-activate|p2b: Baxcalibur|move: Protect\n|move|p1b: Ting-Lu|Earthquake|p2a: Arcanine|[spread] p2a\n|-activate|p2b: Baxcalibur|move: Protect\n|-heal|p1a: Orthworm|95\/100|[from] ability: Earth Eater|[of] p1b: Ting-Lu\n|-supereffective|p2a: Arcanine\n|-damage|p2a: Arcanine|0 fnt\n|faint|p2a: Arcanine\n|\n|upkeep\n|\n|t:|1681878534\n|switch|p2a: Iron Bundle|Iron Bundle, L50|100\/100\n|-enditem|p2a: Iron Bundle|Booster Energy\n|-activate|p2a: Iron Bundle|ability: Quark Drive|[fromitem]\n|-start|p2a: Iron Bundle|quarkdrivespe\n|turn|4\n|\n|t:|1681878558\n|move|p2a: Iron Bundle|Hydro Pump|p1a: Orthworm|[miss]\n|-miss|p2a: Iron Bundle|p1a: Orthworm\n|move|p2b: Baxcalibur|Icicle Crash|p1b: Ting-Lu\n|-supereffective|p1b: Ting-Lu\n|-damage|p1b: Ting-Lu|0 fnt\n|faint|p1b: Ting-Lu\n|move|p1a: Orthworm|Body Press|p2a: Iron Bundle\n|-supereffective|p2a: Iron Bundle\n|-damage|p2a: Iron Bundle|0 fnt\n|faint|p2a: Iron Bundle\n|-end|p2a: Iron Bundle|Quark Drive|[silent]\n|\n|upkeep\n|\n|t:|1681878580\n|switch|p2a: Chi-Yu|Chi-Yu, L50|100\/100\n|switch|p1b: Flutter Mane|Flutter Mane, L50|100\/100\n|-ability|p2a: Chi-Yu|Beads of Ruin\n|turn|5\n|inactive|SoggyWaffles35 has 30 seconds left.\n|inactive|SoggyWaffles35 has 20 seconds left.\n|\n|t:|1681878616\n|move|p1b: Flutter Mane|Protect|p1b: Flutter Mane\n|-singleturn|p1b: Flutter Mane|Protect\n|move|p2b: Baxcalibur|Icicle Crash|p1b: Flutter Mane\n|-activate|p1b: Flutter Mane|move: Protect\n|move|p2a: Chi-Yu|Dark Pulse|p1a: Orthworm\n|-damage|p1a: Orthworm|25\/100\n|move|p1a: Orthworm|Body Press|p2a: Chi-Yu\n|-supereffective|p2a: Chi-Yu\n|-enditem|p2a: Chi-Yu|Focus Sash\n|-damage|p2a: Chi-Yu|1\/100\n|\n|upkeep\n|turn|6\n|inactive|SoggyWaffles35 has 30 seconds left.\n|inactive|Cold0442 has 30 seconds left.\n|inactive|Cold0442 has 20 seconds left.\n|inactive|Cold0442 has 15 seconds left.\n|\n|t:|1681878658\n|move|p2a: Chi-Yu|Protect|p2a: Chi-Yu\n|-singleturn|p2a: Chi-Yu|Protect\n|move|p2b: Baxcalibur|Icicle Crash|p1b: Flutter Mane\n|-damage|p1b: Flutter Mane|0 fnt\n|faint|p1b: Flutter Mane\n|-end|p1b: Flutter Mane|Protosynthesis|[silent]\n|move|p1a: Orthworm|Body Press|p2b: Baxcalibur\n|-resisted|p2b: Baxcalibur\n|-crit|p2b: Baxcalibur\n|-damage|p2b: Baxcalibur|58\/100\n|\n|upkeep\n|\n|t:|1681878667\n|switch|p1b: Chien-Pao|Chien-Pao, L50|100\/100\n|-ability|p1b: Chien-Pao|Sword of Ruin\n|turn|7\n|inactive|SoggyWaffles35 has 30 seconds left.\n|inactive|SoggyWaffles35 has 20 seconds left.\n|\n|t:|1681878706\n|move|p2a: Chi-Yu|Protect|p2a: Chi-Yu\n|-singleturn|p2a: Chi-Yu|Protect\n|move|p2b: Baxcalibur|Glaive Rush|p1a: Orthworm\n|-crit|p1a: Orthworm\n|-damage|p1a: Orthworm|0 fnt\n|-singlemove|p2b: Baxcalibur|Glaive Rush|[silent]\n|faint|p1a: Orthworm\n|move|p1b: Chien-Pao|Sacred Sword|p2a: Chi-Yu\n|-activate|p2a: Chi-Yu|move: Protect\n|\n|upkeep\n|turn|8\n|inactive|SoggyWaffles35 has 30 seconds left.\n|inactive|SoggyWaffles35 has 20 seconds left.\n|inactive|Cold0442 has 30 seconds left.\n|\n|t:|1681878759\n|move|p2a: Chi-Yu|Protect||[still]\n|-fail|p2a: Chi-Yu\n|move|p2b: Baxcalibur|Glaive Rush|p1b: Chien-Pao\n|-enditem|p1b: Chien-Pao|Focus Sash\n|-damage|p1b: Chien-Pao|1\/100\n|-singlemove|p2b: Baxcalibur|Glaive Rush|[silent]\n|move|p1b: Chien-Pao|Ice Spinner|p2b: Baxcalibur\n|-damage|p2b: Baxcalibur|0 fnt\n|faint|p2b: Baxcalibur\n|\n|upkeep\n|turn|9\n|\n|t:|1681878772\n|move|p1b: Chien-Pao|Sacred Sword|p2a: Chi-Yu\n|-supereffective|p2a: Chi-Yu\n|-damage|p2a: Chi-Yu|0 fnt\n|faint|p2a: Chi-Yu\n|\n|win|SoggyWaffles35\n|raw|SoggyWaffles35's rating: 1089 → 1115<\/strong> (+26 for winning)\n|raw|Cold0442's rating: 1078 → 1057<\/strong> (-21 for losing)\n|l|\u2606Cold0442\n|c|\u2606SoggyWaffles35|gg\n","uploadtime":1681878779,"views":8,"p1id":"soggywaffles35","p2id":"cold0442","formatid":"gen9vgc2023regulationc","rating":1057,"private":0,"password":""}