{"id":"gen9vgc2023regulationc-1846947881","p1":"vvegs","p2":"Charlisito","format":"[Gen 9] VGC 2023 Regulation C","log":"|j|\u2606vvegs\n|j|\u2606Charlisito\n|t:|1681904825\n|gametype|doubles\n|player|p1|vvegs|266|1074\n|player|p2|Charlisito|1|1093\n|teamsize|p1|6\n|teamsize|p2|6\n|gen|9\n|tier|[Gen 9] VGC 2023 Regulation C\n|rated|\n|rule|Species Clause: Limit one of each Pok\u00e9mon\n|rule|Item Clause: Limit one of each item\n|clearpoke\n|poke|p1|Gastrodon, L50, M|\n|poke|p1|Sableye, L50, F|\n|poke|p1|Staraptor, L50, M|\n|poke|p1|Appletun, L50, F|\n|poke|p1|Drifblim, L50, M|\n|poke|p1|Gyarados, L50, F|\n|poke|p2|Palafin, L50, M|\n|poke|p2|Arcanine, L50, M|\n|poke|p2|Amoonguss, L50, M|\n|poke|p2|Flutter Mane, L50|\n|poke|p2|Ting-Lu, L50|\n|poke|p2|Slither Wing, L50|\n|teampreview|4\n|inactive|Battle timer is ON: inactive players will automatically lose when time's up. (requested by vvegs)\n|\n|t:|1681904858\n|start\n|switch|p1a: Sableye|Sableye, L50, F|100\/100\n|switch|p1b: Staraptor|Staraptor, L50, M, shiny|100\/100\n|switch|p2a: Amoonguss|Amoonguss, L50, M|100\/100\n|switch|p2b: Flutter Mane|Flutter Mane, L50|100\/100\n|-ability|p1b: Staraptor|Intimidate|boost\n|-unboost|p2a: Amoonguss|atk|1\n|-unboost|p2b: Flutter Mane|atk|1\n|-enditem|p2b: Flutter Mane|Booster Energy\n|-activate|p2b: Flutter Mane|ability: Protosynthesis|[fromitem]\n|-start|p2b: Flutter Mane|protosynthesisspa\n|turn|1\n|\n|t:|1681904872\n|move|p1a: Sableye|Fake Out|p2a: Amoonguss\n|-damage|p2a: Amoonguss|94\/100\n|-damage|p1a: Sableye|84\/100|[from] item: Rocky Helmet|[of] p2a: Amoonguss\n|cant|p2a: Amoonguss|flinch\n|move|p1b: Staraptor|Brave Bird|p2b: Flutter Mane\n|-damage|p2b: Flutter Mane|0 fnt\n|faint|p2b: Flutter Mane\n|-end|p2b: Flutter Mane|Protosynthesis|[silent]\n|-damage|p1b: Staraptor|70\/100|[from] Recoil\n|\n|upkeep\n|\n|t:|1681904879\n|switch|p2b: Slither Wing|Slither Wing, L50|100\/100\n|turn|2\n|\n|t:|1681904886\n|-terastallize|p2b: Slither Wing|Electric\n|move|p1a: Sableye|Will-O-Wisp|p2b: Slither Wing|[miss]\n|-miss|p1a: Sableye|p2b: Slither Wing\n|move|p1b: Staraptor|Brave Bird|p2a: Amoonguss\n|-supereffective|p2a: Amoonguss\n|-damage|p2a: Amoonguss|4\/100\n|-damage|p1b: Staraptor|54\/100|[from] item: Rocky Helmet|[of] p2a: Amoonguss\n|-damage|p1b: Staraptor|13\/100|[from] Recoil\n|move|p2b: Slither Wing|Bulk Up|p2b: Slither Wing\n|-boost|p2b: Slither Wing|atk|1\n|-boost|p2b: Slither Wing|def|1\n|move|p2a: Amoonguss|Spore|p1b: Staraptor\n|-status|p1b: Staraptor|slp|[from] move: Spore\n|\n|upkeep\n|turn|3\n|\n|t:|1681904902\n|move|p2a: Amoonguss|Rage Powder|p2a: Amoonguss\n|-singleturn|p2a: Amoonguss|move: Rage Powder\n|move|p1a: Sableye|Will-O-Wisp|p2a: Amoonguss\n|-status|p2a: Amoonguss|brn\n|cant|p1b: Staraptor|slp\n|move|p2b: Slither Wing|Leech Life|p1a: Sableye\n|-damage|p1a: Sableye|1\/100\n|-enditem|p1a: Sableye|Sitrus Berry|[eat]\n|-heal|p1a: Sableye|26\/100|[from] item: Sitrus Berry\n|\n|-damage|p2a: Amoonguss|0 fnt|[from] brn\n|faint|p2a: Amoonguss\n|upkeep\n|\n|t:|1681904905\n|switch|p2a: Arcanine|Arcanine, L50, M|100\/100\n|-ability|p2a: Arcanine|Intimidate|boost\n|-unboost|p1a: Sableye|atk|1\n|-unboost|p1b: Staraptor|atk|1\n|turn|4\n|\n|t:|1681904919\n|switch|p1b: Gastrodon|Gastrodon, L50, M|100\/100\n|move|p2b: Slither Wing|Protect|p2b: Slither Wing\n|-singleturn|p2b: Slither Wing|Protect\n|move|p1a: Sableye|Will-O-Wisp|p2b: Slither Wing\n|-activate|p2b: Slither Wing|move: Protect\n|move|p2a: Arcanine|Flare Blitz|p1a: Sableye\n|-damage|p1a: Sableye|0 fnt\n|faint|p1a: Sableye\n|-damage|p2a: Arcanine|94\/100|[from] Recoil\n|\n|upkeep\n|\n|t:|1681904931\n|switch|p1a: Staraptor|Staraptor, L50, M, shiny|13\/100 slp\n|-ability|p1a: Staraptor|Intimidate|boost\n|-unboost|p2a: Arcanine|atk|1\n|-fail|p2b: Slither Wing|unboost|[from] item: Clear Amulet|[of] p2b: Slither Wing\n|turn|5\n|\n|t:|1681904945\n|move|p2a: Arcanine|Extreme Speed|p1a: Staraptor\n|-damage|p1a: Staraptor|0 fnt\n|faint|p1a: Staraptor\n|move|p2b: Slither Wing|Leech Life|p1b: Gastrodon\n|-damage|p1b: Gastrodon|33\/100\n|move|p1b: Gastrodon|Yawn|p2b: Slither Wing\n|-start|p2b: Slither Wing|move: Yawn|[of] p1b: Gastrodon\n|\n|-heal|p1b: Gastrodon|39\/100|[from] item: Leftovers\n|upkeep\n|\n|t:|1681904955\n|switch|p1a: Appletun|Appletun, L50, F, shiny|100\/100\n|turn|6\n|\n|t:|1681904962\n|move|p1b: Gastrodon|Protect|p1b: Gastrodon\n|-singleturn|p1b: Gastrodon|Protect\n|move|p1a: Appletun|Protect|p1a: Appletun\n|-singleturn|p1a: Appletun|Protect\n|move|p2a: Arcanine|Will-O-Wisp|p1a: Appletun\n|-activate|p1a: Appletun|move: Protect\n|move|p2b: Slither Wing|Bulk Up|p2b: Slither Wing\n|-boost|p2b: Slither Wing|atk|1\n|-boost|p2b: Slither Wing|def|1\n|\n|-heal|p1b: Gastrodon|45\/100|[from] item: Leftovers\n|-end|p2b: Slither Wing|move: Yawn|[silent]\n|-status|p2b: Slither Wing|slp\n|upkeep\n|turn|7\n|\n|t:|1681904977\n|move|p2a: Arcanine|Will-O-Wisp|p1a: Appletun\n|-status|p1a: Appletun|brn\n|cant|p2b: Slither Wing|slp\n|move|p1b: Gastrodon|Yawn|p2a: Arcanine\n|-start|p2a: Arcanine|move: Yawn|[of] p1b: Gastrodon\n|move|p1a: Appletun|Leech Seed|p2b: Slither Wing\n|-start|p2b: Slither Wing|move: Leech Seed\n|\n|-heal|p1b: Gastrodon|50\/100|[from] item: Leftovers\n|-damage|p2b: Slither Wing|88\/100 slp|[from] Leech Seed|[of] p1a: Appletun\n|-damage|p1a: Appletun|95\/100 brn|[from] brn\n|upkeep\n|turn|8\n|\n|t:|1681905001\n|move|p2a: Arcanine|Flare Blitz|p1a: Appletun\n|-damage|p1a: Appletun|76\/100 brn\n|-damage|p2a: Arcanine|87\/100|[from] Recoil\n|cant|p2b: Slither Wing|slp\n|move|p1b: Gastrodon|Earth Power|p2b: Slither Wing\n|-supereffective|p2b: Slither Wing\n|-damage|p2b: Slither Wing|33\/100 slp\n|move|p1a: Appletun|Leech Seed|p2a: Arcanine\n|-start|p2a: Arcanine|move: Leech Seed\n|\n|-heal|p1b: Gastrodon|56\/100|[from] item: Leftovers\n|-damage|p2a: Arcanine|75\/100|[from] Leech Seed|[of] p1a: Appletun\n|-heal|p1a: Appletun|90\/100 brn|[silent]\n|-damage|p2b: Slither Wing|21\/100 slp|[from] Leech Seed|[of] p1a: Appletun\n|-heal|p1a: Appletun|100\/100 brn|[silent]\n|-damage|p1a: Appletun|95\/100 brn|[from] brn\n|-end|p2a: Arcanine|move: Yawn|[silent]\n|-status|p2a: Arcanine|slp\n|upkeep\n|turn|9\n|\n|t:|1681905021\n|cant|p2a: Arcanine|slp\n|-curestatus|p2b: Slither Wing|slp|[msg]\n|move|p2b: Slither Wing|Leech Life|p1b: Gastrodon\n|-damage|p1b: Gastrodon|0 fnt\n|-heal|p2b: Slither Wing|57\/100|[from] drain|[of] p1b: Gastrodon\n|faint|p1b: Gastrodon\n|move|p1a: Appletun|Substitute|p1a: Appletun\n|-start|p1a: Appletun|Substitute\n|-damage|p1a: Appletun|70\/100 brn\n|\n|-damage|p2a: Arcanine|63\/100 slp|[from] Leech Seed|[of] p1a: Appletun\n|-heal|p1a: Appletun|84\/100 brn|[silent]\n|-damage|p2b: Slither Wing|45\/100|[from] Leech Seed|[of] p1a: Appletun\n|-heal|p1a: Appletun|96\/100 brn|[silent]\n|-damage|p1a: Appletun|90\/100 brn|[from] brn\n|upkeep\n|turn|10\n|inactive|vvegs has 30 seconds left.\n|\n|t:|1681905049\n|cant|p2a: Arcanine|slp\n|move|p2b: Slither Wing|Leech Life|p1a: Appletun\n|-supereffective|p1a: Appletun\n|-end|p1a: Appletun|Substitute\n|-heal|p2b: Slither Wing|61\/100|[from] drain|[of] p1a: Appletun\n|move|p1a: Appletun|Apple Acid|p2b: Slither Wing\n|-damage|p2b: Slither Wing|36\/100\n|\n|-damage|p2a: Arcanine|50\/100 slp|[from] Leech Seed|[of] p1a: Appletun\n|-heal|p1a: Appletun|100\/100 brn|[silent]\n|-damage|p2b: Slither Wing|23\/100|[from] Leech Seed|[of] p1a: Appletun\n|-damage|p1a: Appletun|95\/100 brn|[from] brn\n|upkeep\n|turn|11\n|\n|t:|1681905063\n|cant|p2a: Arcanine|slp\n|move|p2b: Slither Wing|Leech Life|p1a: Appletun\n|-supereffective|p1a: Appletun\n|-damage|p1a: Appletun|0 fnt\n|-heal|p2b: Slither Wing|84\/100|[from] drain|[of] p1a: Appletun\n|faint|p1a: Appletun\n|\n|win|Charlisito\n|raw|vvegs's rating: 1074 → 1054<\/strong> (-20 for losing)\n|raw|Charlisito's rating: 1093 → 1118<\/strong> (+25 for winning)\n|l|\u2606vvegs\n","uploadtime":1681905080,"views":10,"p1id":"vvegs","p2id":"charlisito","formatid":"gen9vgc2023regulationc","rating":1054,"private":0,"password":""}