{"id":"gen9vgc2023regulationc-1850448908","p1":"ScrubShadedPurple","p2":"Peko877","format":"[Gen 9] VGC 2023 Regulation C","log":"|j|\u2606ScrubShadedPurple\n|j|\u2606Peko877\n|t:|1682338029\n|gametype|doubles\n|player|p1|ScrubShadedPurple|2|1076\n|player|p2|Peko877|anabel|1152\n|teamsize|p1|6\n|teamsize|p2|6\n|gen|9\n|tier|[Gen 9] VGC 2023 Regulation C\n|rated|\n|rule|Species Clause: Limit one of each Pok\u00e9mon\n|rule|Item Clause: Limit one of each item\n|clearpoke\n|poke|p1|Ceruledge, L50, M|\n|poke|p1|Amoonguss, L50, M|\n|poke|p1|Arcanine, L50, M|\n|poke|p1|Palafin, L50, M|\n|poke|p1|Ting-Lu, L50|\n|poke|p1|Flutter Mane, L50|\n|poke|p2|Goodra, L50, F|\n|poke|p2|Talonflame, L50, M|\n|poke|p2|Kingambit, L50, F|\n|poke|p2|Flutter Mane, L50|\n|poke|p2|Chi-Yu, L50|\n|poke|p2|Breloom, L50, F|\n|teampreview|4\n|inactive|Battle timer is ON: inactive players will automatically lose when time's up. (requested by Peko877)\n|inactive|ScrubShadedPurple has 60 seconds left.\n|\n|t:|1682338065\n|start\n|switch|p1a: Ceruledge|Ceruledge, L50, M|100\/100\n|switch|p1b: Palafin|Palafin, L50, M|100\/100\n|switch|p2a: Goodra|Goodra, L50, F|100\/100\n|switch|p2b: Talonflame|Talonflame, L50, M|100\/100\n|turn|1\n|inactive|ScrubShadedPurple has 30 seconds left.\n|\n|t:|1682338099\n|detailschange|p1b: Palafin|Palafin-Hero, L50, M\n|switch|p1b: Ting-Lu|Ting-Lu, L50|100\/100\n|-ability|p1b: Ting-Lu|Vessel of Ruin\n|move|p1a: Ceruledge|Protect|p1a: Ceruledge\n|-singleturn|p1a: Ceruledge|Protect\n|move|p2b: Talonflame|Will-O-Wisp|p1b: Ting-Lu\n|-status|p1b: Ting-Lu|brn\n|move|p2a: Goodra|Acid Armor|p2a: Goodra\n|-boost|p2a: Goodra|def|2\n|\n|-damage|p1b: Ting-Lu|95\/100 brn|[from] brn\n|upkeep\n|turn|2\n|inactive|ScrubShadedPurple has 30 seconds left.\n|\n|t:|1682338127\n|move|p2b: Talonflame|Tailwind|p2b: Talonflame\n|-sidestart|p2: Peko877|move: Tailwind\n|move|p2a: Goodra|Acid Armor|p2a: Goodra\n|-boost|p2a: Goodra|def|2\n|move|p1a: Ceruledge|Bulk Up|p1a: Ceruledge\n|-boost|p1a: Ceruledge|atk|1\n|-boost|p1a: Ceruledge|def|1\n|move|p1b: Ting-Lu|Ruination|p2b: Talonflame\n|-damage|p2b: Talonflame|51\/100\n|\n|-damage|p1b: Ting-Lu|89\/100 brn|[from] brn\n|upkeep\n|turn|3\n|\n|t:|1682338145\n|-terastallize|p1b: Ting-Lu|Poison\n|move|p1a: Ceruledge|Shadow Sneak|p2b: Talonflame\n|-damage|p2b: Talonflame|4\/100\n|move|p2b: Talonflame|Taunt|p1a: Ceruledge\n|-start|p1a: Ceruledge|move: Taunt\n|move|p2a: Goodra|Body Press|p1b: Ting-Lu\n|-resisted|p1b: Ting-Lu\n|-damage|p1b: Ting-Lu|68\/100 brn\n|move|p1b: Ting-Lu|Ruination|p2a: Goodra\n|-damage|p2a: Goodra|51\/100\n|\n|-heal|p2a: Goodra|57\/100|[from] item: Leftovers\n|-damage|p1b: Ting-Lu|62\/100 brn|[from] brn\n|upkeep\n|turn|4\n|\n|t:|1682338168\n|move|p2b: Talonflame|Brave Bird|p1a: Ceruledge\n|-damage|p1a: Ceruledge|66\/100\n|-damage|p2b: Talonflame|0 fnt|[from] Recoil\n|faint|p2b: Talonflame\n|move|p2a: Goodra|Body Press|p1b: Ting-Lu\n|-resisted|p1b: Ting-Lu\n|-damage|p1b: Ting-Lu|43\/100 brn\n|move|p1a: Ceruledge|Bitter Blade|p2a: Goodra\n|-resisted|p2a: Goodra\n|-damage|p2a: Goodra|46\/100\n|-heal|p1a: Ceruledge|72\/100|[from] drain|[of] p2a: Goodra\n|move|p1b: Ting-Lu|Ruination|p2a: Goodra\n|-damage|p2a: Goodra|23\/100\n|\n|-heal|p2a: Goodra|30\/100|[from] item: Leftovers\n|-damage|p1b: Ting-Lu|37\/100 brn|[from] brn\n|upkeep\n|inactive|Peko877 has 30 seconds left.\n|l|\u2606ScrubShadedPurple\n|inactive|ScrubShadedPurple disconnected and has a minute to reconnect!\n|player|p1|\n|inactive|Peko877 has 20 seconds left.\n|inactive|Peko877 has 15 seconds left.\n|j|\u2606ScrubShadedPurple\n|inactive|ScrubShadedPurple reconnected.\n|player|p1|ScrubShadedPurple|2\n|\n|t:|1682338212\n|switch|p2b: Chi-Yu|Chi-Yu, L50|100\/100\n|-ability|p2b: Chi-Yu|Beads of Ruin\n|turn|5\n|\n|t:|1682338235\n|move|p2b: Chi-Yu|Snarl|p1a: Ceruledge|[spread] p1a,p1b\n|-supereffective|p1a: Ceruledge\n|-damage|p1a: Ceruledge|23\/100\n|-damage|p1b: Ting-Lu|24\/100 brn\n|-unboost|p1b: Ting-Lu|spa|1\n|-damage|p2b: Chi-Yu|91\/100|[from] item: Life Orb\n|move|p2a: Goodra|Body Press|p1b: Ting-Lu\n|-resisted|p1b: Ting-Lu\n|-damage|p1b: Ting-Lu|3\/100 brn\n|move|p1a: Ceruledge|Bitter Blade|p2b: Chi-Yu\n|-resisted|p2b: Chi-Yu\n|-damage|p2b: Chi-Yu|32\/100\n|-heal|p1a: Ceruledge|45\/100|[from] drain|[of] p2b: Chi-Yu\n|move|p1b: Ting-Lu|Fissure|p2b: Chi-Yu\n|-damage|p2b: Chi-Yu|0 fnt\n|faint|p2b: Chi-Yu\n|-ohko\n|\n|-heal|p2a: Goodra|36\/100|[from] item: Leftovers\n|-damage|p1b: Ting-Lu|0 fnt|[from] brn\n|faint|p1b: Ting-Lu\n|-sideend|p2: Peko877|move: Tailwind\n|upkeep\n|inactive|ScrubShadedPurple has 30 seconds left.\n|\n|t:|1682338262\n|switch|p2b: Kingambit|Kingambit, L50, F|100\/100\n|switch|p1b: Palafin|Palafin-Hero, L50, M|100\/100\n|-activate|p1b: Palafin|ability: Zero to Hero\n|turn|6\n|\n|t:|1682338272\n|move|p2b: Kingambit|Protect|p2b: Kingambit\n|-singleturn|p2b: Kingambit|Protect\n|move|p1b: Palafin|Haze|p1b: Palafin\n|-clearallboost\n|move|p1a: Ceruledge|Bitter Blade|p2b: Kingambit\n|-activate|p2b: Kingambit|move: Protect\n|move|p2a: Goodra|Body Press|p1b: Palafin\n|-damage|p1b: Palafin|80\/100\n|\n|-heal|p2a: Goodra|42\/100|[from] item: Leftovers\n|-end|p1a: Ceruledge|move: Taunt\n|upkeep\n|turn|7\n|inactive|ScrubShadedPurple has 30 seconds left.\n|\n|t:|1682338297\n|move|p1a: Ceruledge|Protect|p1a: Ceruledge\n|-singleturn|p1a: Ceruledge|Protect\n|move|p2b: Kingambit|Sucker Punch||[still]\n|-fail|p2b: Kingambit\n|move|p1b: Palafin|Wave Crash|p2a: Goodra\n|-resisted|p2a: Goodra\n|-damage|p2a: Goodra|0 fnt\n|faint|p2a: Goodra\n|-damage|p1b: Palafin|68\/100|[from] Recoil\n|\n|upkeep\n|turn|8\n|\n|t:|1682338311\n|switch|p1a: Amoonguss|Amoonguss, L50, M|100\/100\n|-terastallize|p2b: Kingambit|Dark\n|move|p2b: Kingambit|Sucker Punch||[still]\n|-fail|p2b: Kingambit\n|move|p1b: Palafin|Wave Crash|p2b: Kingambit\n|-damage|p2b: Kingambit|30\/100\n|-damage|p1b: Palafin|44\/100|[from] Recoil\n|\n|upkeep\n|turn|9\n|\n|t:|1682338325\n|move|p1b: Palafin|Jet Punch|p2b: Kingambit\n|-damage|p2b: Kingambit|0 fnt\n|faint|p2b: Kingambit\n|\n|win|ScrubShadedPurple\n|raw|ScrubShadedPurple's rating: 1076 → 1111<\/strong> (+35 for winning)\n|raw|Peko877's rating: 1152 → 1122<\/strong> (-30 for losing)\n","uploadtime":1682338333,"views":24,"p1id":"scrubshadedpurple","p2id":"peko877","formatid":"gen9vgc2023regulationc","rating":1111,"private":0,"password":""}