{"id":"gen9vgc2023regulationc-1862018079","p1":"G4rug4","p2":"mfDOOMvmax","format":"[Gen 9] VGC 2023 Regulation C","log":"|j|\u2606G4rug4\n|j|\u2606mfDOOMvmax\n|t:|1683829217\n|gametype|doubles\n|player|p1|G4rug4|102|1261\n|player|p2|mfDOOMvmax|ingo|1326\n|teamsize|p1|6\n|teamsize|p2|6\n|gen|9\n|tier|[Gen 9] VGC 2023 Regulation C\n|rated|\n|rule|Species Clause: Limit one of each Pok\u00e9mon\n|rule|Item Clause: Limit one of each item\n|clearpoke\n|poke|p1|Ceruledge, L50, M|\n|poke|p1|Maushold, L50|\n|poke|p1|Gyarados, L50, M|\n|poke|p1|Flutter Mane, L50|\n|poke|p1|Ting-Lu, L50|\n|poke|p1|Glimmora, L50, F|\n|poke|p2|Orthworm, L50, M|\n|poke|p2|Ceruledge, L50, F|\n|poke|p2|Kingambit, L50, M|\n|poke|p2|Flutter Mane, L50|\n|poke|p2|Tyranitar, L50, F|\n|poke|p2|Wo-Chien, L50|\n|teampreview|4\n|inactive|Battle timer is ON: inactive players will automatically lose when time's up. (requested by mfDOOMvmax)\n|inactive|G4rug4 also wants the timer to be on.\nG4rug4 has agreed to open team sheets.\nmfDOOMvmax has agreed to open team sheets.\n|inactive|G4rug4 has 60 seconds left.\n|inactive|mfDOOMvmax has 60 seconds left.\n|\n|t:|1683829276\n|start\n|switch|p1a: Ting-Lu|Ting-Lu, L50|100\/100\n|switch|p1b: Ceruledge|Ceruledge, L50, M|100\/100\n|switch|p2a: Orthworm|Orthworm, L50, M, shiny|100\/100\n|switch|p2b: Flutter Mane|Flutter Mane, L50|100\/100\n|-ability|p1a: Ting-Lu|Vessel of Ruin\n|-enditem|p2b: Flutter Mane|Booster Energy\n|-activate|p2b: Flutter Mane|ability: Protosynthesis|[fromitem]\n|-start|p2b: Flutter Mane|protosynthesisspe\n|turn|1\n|c|\u2606mfDOOMvmax|gl\n|inactive|G4rug4 has 30 seconds left.\n|inactive|mfDOOMvmax has 30 seconds left.\n|inactive|G4rug4 has 20 seconds left.\n|inactive|mfDOOMvmax has 20 seconds left.\n|inactive|G4rug4 has 15 seconds left.\n|inactive|G4rug4 has 10 seconds left.\n|inactive|mfDOOMvmax has 15 seconds left.\n|\n|t:|1683829326\n|-terastallize|p1b: Ceruledge|Grass\n|move|p2b: Flutter Mane|Dazzling Gleam|p1a: Ting-Lu|[spread] p1a,p1b\n|-supereffective|p1a: Ting-Lu\n|-damage|p1a: Ting-Lu|74\/100\n|-damage|p1b: Ceruledge|75\/100\n|move|p1b: Ceruledge|Bitter Blade|p2a: Orthworm\n|-supereffective|p2a: Orthworm\n|-damage|p2a: Orthworm|50\/100\n|-heal|p1b: Ceruledge|99\/100|[from] drain|[of] p2a: Orthworm\n|-damage|p1b: Ceruledge|83\/100|[from] item: Rocky Helmet|[of] p2a: Orthworm\n|move|p2a: Orthworm|Body Press|p1a: Ting-Lu\n|-supereffective|p1a: Ting-Lu\n|-damage|p1a: Ting-Lu|33\/100\n|move|p1a: Ting-Lu|Rock Slide|p2a: Orthworm|[spread] p2a,p2b\n|-resisted|p2a: Orthworm\n|-damage|p2a: Orthworm|44\/100\n|-damage|p2b: Flutter Mane|59\/100\n|\n|upkeep\n|turn|2\n|inactive|G4rug4 has 30 seconds left.\n|inactive|mfDOOMvmax has 30 seconds left.\n|inactive|G4rug4 has 20 seconds left.\n|\n|t:|1683829364\n|switch|p1a: Gyarados|Gyarados, L50, M|100\/100\n|-ability|p1a: Gyarados|Intimidate|boost\n|-unboost|p2a: Orthworm|atk|1\n|-unboost|p2b: Flutter Mane|atk|1\n|move|p2b: Flutter Mane|Protect|p2b: Flutter Mane\n|-singleturn|p2b: Flutter Mane|Protect\n|move|p1b: Ceruledge|Bitter Blade|p2a: Orthworm\n|-supereffective|p2a: Orthworm\n|-damage|p2a: Orthworm|0 fnt\n|-heal|p1b: Ceruledge|100\/100|[from] drain|[of] p2a: Orthworm\n|-damage|p1b: Ceruledge|84\/100|[from] item: Rocky Helmet|[of] p2a: Orthworm\n|faint|p2a: Orthworm\n|\n|upkeep\n|\n|t:|1683829372\n|switch|p2a: Tyranitar|Tyranitar, L50, F, shiny|100\/100\n|-weather|Sandstorm|[from] ability: Sand Stream|[of] p2a: Tyranitar\n|turn|3\n|inactive|G4rug4 has 30 seconds left.\n|\n|t:|1683829402\n|move|p1b: Ceruledge|Shadow Sneak|p2b: Flutter Mane\n|-supereffective|p2b: Flutter Mane\n|-damage|p2b: Flutter Mane|0 fnt\n|faint|p2b: Flutter Mane\n|-end|p2b: Flutter Mane|Protosynthesis|[silent]\n|move|p1a: Gyarados|Waterfall|p2a: Tyranitar\n|-supereffective|p2a: Tyranitar\n|-damage|p2a: Tyranitar|36\/100\n|move|p2a: Tyranitar|Rock Slide|p1a: Gyarados|[spread] p1a,p1b\n|-supereffective|p1a: Gyarados\n|-damage|p1a: Gyarados|0 fnt\n|-damage|p1b: Ceruledge|25\/100\n|faint|p1a: Gyarados\n|\n|-weather|Sandstorm|[upkeep]\n|-damage|p1b: Ceruledge|19\/100|[from] Sandstorm\n|upkeep\n|\n|t:|1683829419\n|switch|p2b: Kingambit|Kingambit, L50, M, shiny|100\/100\n|switch|p1a: Flutter Mane|Flutter Mane, L50|100\/100\n|turn|4\n|inactive|G4rug4 has 30 seconds left.\n|inactive|mfDOOMvmax has 30 seconds left.\n|inactive|G4rug4 has 20 seconds left.\n|inactive|G4rug4 has 15 seconds left.\n|\n|t:|1683829460\n|move|p1b: Ceruledge|Protect|p1b: Ceruledge\n|-singleturn|p1b: Ceruledge|Protect\n|move|p2b: Kingambit|Sucker Punch|p1a: Flutter Mane\n|-damage|p1a: Flutter Mane|30\/100\n|move|p1a: Flutter Mane|Moonblast|p2a: Tyranitar\n|-supereffective|p2a: Tyranitar\n|-damage|p2a: Tyranitar|0 fnt\n|faint|p2a: Tyranitar\n|\n|-weather|Sandstorm|[upkeep]\n|-damage|p1a: Flutter Mane|24\/100|[from] Sandstorm\n|-damage|p1b: Ceruledge|13\/100|[from] Sandstorm\n|upkeep\n|turn|5\n|\n|t:|1683829480\n|-end|p1a: Flutter Mane|Protosynthesis|[silent]\n|switch|p1a: Ting-Lu|Ting-Lu, L50|33\/100\n|-ability|p1a: Ting-Lu|Vessel of Ruin\n|-terastallize|p2b: Kingambit|Water\n|move|p2b: Kingambit|Sucker Punch||[still]\n|-fail|p2b: Kingambit\n|move|p1b: Ceruledge|Bitter Blade|p2b: Kingambit\n|-resisted|p2b: Kingambit\n|-damage|p2b: Kingambit|86\/100\n|-heal|p1b: Ceruledge|21\/100|[from] drain|[of] p2b: Kingambit\n|\n|-weather|Sandstorm|[upkeep]\n|-damage|p1b: Ceruledge|15\/100|[from] Sandstorm\n|-damage|p2b: Kingambit|80\/100|[from] Sandstorm\n|upkeep\n|turn|6\n|\n|t:|1683829504\n|move|p1b: Ceruledge|Shadow Sneak|p2b: Kingambit\n|-damage|p2b: Kingambit|67\/100\n|move|p2b: Kingambit|Low Kick|p1a: Ting-Lu\n|-supereffective|p1a: Ting-Lu\n|-damage|p1a: Ting-Lu|0 fnt\n|faint|p1a: Ting-Lu\n|\n|-weather|Sandstorm|[upkeep]\n|-damage|p1b: Ceruledge|9\/100|[from] Sandstorm\n|-damage|p2b: Kingambit|61\/100|[from] Sandstorm\n|upkeep\n|\n|t:|1683829512\n|switch|p1a: Flutter Mane|Flutter Mane, L50|24\/100\n|turn|7\n|\n|t:|1683829528\n|move|p2b: Kingambit|Sucker Punch|p1a: Flutter Mane\n|-crit|p1a: Flutter Mane\n|-damage|p1a: Flutter Mane|0 fnt\n|faint|p1a: Flutter Mane\n|-end|p1a: Flutter Mane|Protosynthesis|[silent]\n|move|p1b: Ceruledge|Bitter Blade|p2b: Kingambit\n|-resisted|p2b: Kingambit\n|-damage|p2b: Kingambit|45\/100\n|-heal|p1b: Ceruledge|18\/100|[from] drain|[of] p2b: Kingambit\n|\n|-weather|none\n|upkeep\n|turn|8\n|\n|t:|1683829543\n|move|p1b: Ceruledge|Bulk Up|p1b: Ceruledge\n|-boost|p1b: Ceruledge|atk|1\n|-boost|p1b: Ceruledge|def|1\n|move|p2b: Kingambit|Kowtow Cleave|p1b: Ceruledge\n|-damage|p1b: Ceruledge|0 fnt\n|faint|p1b: Ceruledge\n|\n|win|mfDOOMvmax\n|raw|G4rug4's rating: 1261 → 1241<\/strong> (-20 for losing)\n|raw|mfDOOMvmax's rating: 1326 → 1342<\/strong> (+16 for winning)\n","uploadtime":1683829550,"views":18,"p1id":"g4rug4","p2id":"mfdoomvmax","formatid":"gen9vgc2023regulationc","rating":1241,"private":0,"password":""}