{"id":"gen9vgc2023regulationc-1849057760","p1":"GAPDHD","p2":"gengargastly","format":"[Gen 9] VGC 2023 Regulation C","log":"|j|\u2606GAPDHD\n|j|\u2606gengargastly\n|t:|1682146933\n|gametype|doubles\n|player|p1|GAPDHD|ruinmaniac|1521\n|player|p2|gengargastly|sabrina-masters|1550\n|teamsize|p1|6\n|teamsize|p2|6\n|gen|9\n|tier|[Gen 9] VGC 2023 Regulation C\n|rated|\n|rule|Species Clause: Limit one of each Pok\u00e9mon\n|rule|Item Clause: Limit one of each item\n|clearpoke\n|poke|p1|Dondozo, L50, F|\n|poke|p1|Tatsugiri, L50, M|\n|poke|p1|Glimmora, L50, M|\n|poke|p1|Klefki, L50, M|\n|poke|p1|Ting-Lu, L50|\n|poke|p1|Flutter Mane, L50|\n|poke|p2|Flutter Mane, L50|\n|poke|p2|Rotom-Wash, L50|\n|poke|p2|Garchomp, L50, F|\n|poke|p2|Scizor, L50, M|\n|poke|p2|Talonflame, L50, M|\n|poke|p2|Chien-Pao, L50|\n|teampreview|4\n|inactive|Battle timer is ON: inactive players will automatically lose when time's up. (requested by gengargastly)\nGAPDHD has agreed to open team sheets.\ngengargastly has agreed to open team sheets.\n|inactive|gengargastly has 60 seconds left.\n|j| mpudi\n|\n|t:|1682146973\n|start\n|switch|p1a: Glimmora|Glimmora, L50, M|100\/100\n|switch|p1b: Klefki|Klefki, L50, M|100\/100\n|switch|p2a: Talonflame|Talonflame, L50, M|100\/100\n|switch|p2b: Flutter Mane|Flutter Mane, L50|100\/100\n|-enditem|p2b: Flutter Mane|Booster Energy\n|-activate|p2b: Flutter Mane|ability: Protosynthesis|[fromitem]\n|-start|p2b: Flutter Mane|protosynthesisspe\n|turn|1\n|inactive|GAPDHD has 30 seconds left.\n|\n|t:|1682147001\n|-end|p2b: Flutter Mane|Protosynthesis|[silent]\n|switch|p2b: Garchomp|Garchomp, L50, F|100\/100\n|move|p2a: Talonflame|Protect|p2a: Talonflame\n|-singleturn|p2a: Talonflame|Protect\n|move|p1b: Klefki|Light Screen|p1b: Klefki\n|-sidestart|p1: GAPDHD|move: Light Screen\n|move|p1a: Glimmora|Power Gem|p2a: Talonflame\n|-activate|p2a: Talonflame|move: Protect\n|\n|upkeep\n|turn|2\n|\n|t:|1682147011\n|-terastallize|p1a: Glimmora|Grass\n|move|p2a: Talonflame|Tailwind|p2a: Talonflame\n|-sidestart|p2: gengargastly|move: Tailwind\n|move|p1b: Klefki|Reflect|p1b: Klefki\n|-sidestart|p1: GAPDHD|Reflect\n|move|p2b: Garchomp|Earthquake|p1b: Klefki|[spread] p1a,p1b\n|-immune|p2a: Talonflame\n|-resisted|p1a: Glimmora\n|-supereffective|p1b: Klefki\n|-damage|p1a: Glimmora|84\/100\n|-damage|p1b: Klefki|30\/100\n|-activate|p1a: Glimmora|ability: Toxic Debris\n|-sidestart|p2: gengargastly|move: Toxic Spikes\n|move|p1a: Glimmora|Power Gem|p2a: Talonflame\n|-supereffective|p2a: Talonflame\n|-damage|p2a: Talonflame|0 fnt\n|faint|p2a: Talonflame\n|\n|upkeep\n|\n|t:|1682147026\n|switch|p2a: Flutter Mane|Flutter Mane, L50|100\/100\n|-status|p2a: Flutter Mane|psn\n|turn|3\n|inactive|gengargastly has 30 seconds left.\n|\n|t:|1682147056\n|-terastallize|p2b: Garchomp|Fire\n|move|p2a: Flutter Mane|Shadow Ball|p1a: Glimmora\n|-damage|p1a: Glimmora|47\/100\n|move|p2b: Garchomp|Tera Blast|p1a: Glimmora\n|-supereffective|p1a: Glimmora\n|-damage|p1a: Glimmora|0 fnt\n|-activate|p1a: Glimmora|ability: Toxic Debris\n|-sidestart|p2: gengargastly|move: Toxic Spikes\n|faint|p1a: Glimmora\n|move|p1b: Klefki|Dazzling Gleam|p2b: Garchomp|[spread] p2a,p2b\n|-resisted|p2b: Garchomp\n|-crit|p2b: Garchomp\n|-damage|p2a: Flutter Mane|82\/100 psn\n|-damage|p2b: Garchomp|92\/100\n|\n|-damage|p2a: Flutter Mane|70\/100 psn|[from] psn\n|upkeep\n|\n|t:|1682147070\n|switch|p1a: Dondozo|Dondozo, L50, F|100\/100\n|turn|4\n|j| JEMM92\n|\n|t:|1682147085\n|switch|p1b: Tatsugiri|Tatsugiri, L50, M|100\/100\n|-activate|p1b: Tatsugiri|ability: Commander|[of] p1a: Dondozo\n|-boost|p1a: Dondozo|atk|2\n|-boost|p1a: Dondozo|spa|2\n|-boost|p1a: Dondozo|spe|2\n|-boost|p1a: Dondozo|def|2\n|-boost|p1a: Dondozo|spd|2\n|move|p2a: Flutter Mane|Shadow Ball|p1a: Dondozo\n|-damage|p1a: Dondozo|87\/100\n|move|p2b: Garchomp|Dragon Claw|p1a: Dondozo\n|-damage|p1a: Dondozo|77\/100\n|move|p1a: Dondozo|Earthquake|p2b: Garchomp|[spread] p2a,p2b\n|-miss|p1a: Dondozo|p1b: Tatsugiri\n|-supereffective|p2b: Garchomp\n|-damage|p2a: Flutter Mane|0 fnt\n|-damage|p2b: Garchomp|14\/100\n|faint|p2a: Flutter Mane\n|-end|p2a: Flutter Mane|Protosynthesis|[silent]\n|\n|-heal|p1a: Dondozo|83\/100|[from] item: Leftovers\n|upkeep\n|\n|t:|1682147099\n|switch|p2a: Rotom|Rotom-Wash, L50|100\/100\n|turn|5\n|\n|t:|1682147119\n|move|p2b: Garchomp|Dragon Claw|p1a: Dondozo\n|-damage|p1a: Dondozo|72\/100\n|move|p2a: Rotom|Will-O-Wisp|p1a: Dondozo\n|-status|p1a: Dondozo|brn\n|move|p1a: Dondozo|Order Up|p2b: Garchomp\n|-damage|p2b: Garchomp|0 fnt\n|faint|p2b: Garchomp\n|-boost|p1a: Dondozo|atk|1\n|\n|-heal|p1a: Dondozo|78\/100 brn|[from] item: Leftovers\n|-damage|p1a: Dondozo|72\/100 brn|[from] brn\n|-sideend|p2: gengargastly|move: Tailwind\n|upkeep\n|turn|6\n|\n|t:|1682147132\n|move|p2a: Rotom|Protect|p2a: Rotom\n|-singleturn|p2a: Rotom|Protect\n|move|p1a: Dondozo|Order Up|p2a: Rotom\n|-activate|p2a: Rotom|move: Protect\n|\n|-heal|p1a: Dondozo|78\/100 brn|[from] item: Leftovers\n|-damage|p1a: Dondozo|72\/100 brn|[from] brn\n|upkeep\n|turn|7\n|\n|t:|1682147140\n|move|p1a: Dondozo|Order Up|p2a: Rotom\n|-damage|p2a: Rotom|67\/100\n|-boost|p1a: Dondozo|atk|1\n|move|p2a: Rotom|Discharge|p1a: Dondozo|[spread] p1a\n|-miss|p2a: Rotom|p1b: Tatsugiri\n|-supereffective|p1a: Dondozo\n|-damage|p1a: Dondozo|52\/100 brn\n|\n|-heal|p1a: Dondozo|57\/100 brn|[from] item: Leftovers\n|-damage|p1a: Dondozo|52\/100 brn|[from] brn\n|upkeep\n|turn|8\n|\n|t:|1682147148\n|move|p1a: Dondozo|Order Up|p2a: Rotom\n|-damage|p2a: Rotom|27\/100\n|-boost|p1a: Dondozo|atk|1\n|move|p2a: Rotom|Discharge|p1b: Tatsugiri|[spread] p1a\n|-miss|p2a: Rotom|p1b: Tatsugiri\n|-supereffective|p1a: Dondozo\n|-damage|p1a: Dondozo|34\/100 brn\n|\n|-heal|p1a: Dondozo|40\/100 brn|[from] item: Leftovers\n|-damage|p1a: Dondozo|34\/100 brn|[from] brn\n|-sideend|p1: GAPDHD|move: Light Screen\n|upkeep\n|turn|9\n|j| EV4Ever\n|\n|t:|1682147156\n|move|p2a: Rotom|Protect|p2a: Rotom\n|-singleturn|p2a: Rotom|Protect\n|move|p1a: Dondozo|Order Up|p2a: Rotom\n|-activate|p2a: Rotom|move: Protect\n|\n|-heal|p1a: Dondozo|40\/100 brn|[from] item: Leftovers\n|-damage|p1a: Dondozo|34\/100 brn|[from] brn\n|-sideend|p1: GAPDHD|Reflect\n|upkeep\n|turn|10\n|\n|t:|1682147164\n|move|p1a: Dondozo|Order Up|p2a: Rotom\n|-damage|p2a: Rotom|0 fnt\n|faint|p2a: Rotom\n|\n|win|GAPDHD\n|raw|GAPDHD's rating: 1521 → 1543<\/strong> (+22 for winning)\n|raw|gengargastly's rating: 1550 → 1528<\/strong> (-22 for losing)\n|l|\u2606GAPDHD\n","uploadtime":1682147174,"views":8,"p1id":"gapdhd","p2id":"gengargastly","formatid":"gen9vgc2023regulationc","rating":1528,"private":0,"password":""}