{"id":"gen9vgc2023regulationc-1851673876","p1":"Noob Noob for real","p2":"PTP_VGC","format":"[Gen 9] VGC 2023 Regulation C","log":"|j|\u2606Noob Noob for real\n|j|\u2606PTP_VGC\n|t:|1682468376\n|gametype|doubles\n|player|p1|Noob Noob for real|steven|\n|player|p2|PTP_VGC|biker-gen4|\n|teamsize|p1|6\n|teamsize|p2|6\n|gen|9\n|tier|[Gen 9] VGC 2023 Regulation C\n|rated|Tournament battle\n|rule|Species Clause: Limit one of each Pok\u00e9mon\n|rule|Item Clause: Limit one of each item\n|clearpoke\n|poke|p1|Iron Hands, L50|\n|poke|p1|Palafin, L50, F|\n|poke|p1|Amoonguss, L50, M|\n|poke|p1|Ting-Lu, L50|\n|poke|p1|Maushold-Four, L50|\n|poke|p1|Gholdengo, L50|\n|poke|p2|Chien-Pao, L50|\n|poke|p2|Hawlucha, L50, F|\n|poke|p2|Indeedee-F, L50, F|\n|poke|p2|Armarouge, L50, F|\n|poke|p2|Palafin, L50, M|\n|poke|p2|Sandy Shocks, L50|\n|teampreview|4\n|raw| Open Team Sheet for Noob Noob for real<\/summary>Iron Hands @ Sitrus Berry Ability: Quark Drive Level: 50 Tera Type: Grass - Protect - Swords Dance - Drain Punch - Wild Charge Palafin @ Mystic Water Ability: Zero to Hero Level: 50 Tera Type: Water - Protect - Jet Punch - Wave Crash - Haze Amoonguss @ Occa Berry Ability: Regenerator Level: 50 Tera Type: Water - Protect - Rage Powder - Pollen Puff - Spore Ting-Lu @ Assault Vest Ability: Vessel of Ruin Level: 50 Tera Type: Poison - Stomping Tantrum - Snarl - Ruination - Heavy Slam Maushold (Maushold-Four) @ Safety Goggles Ability: Friend Guard Level: 50 Tera Type: Ghost - Protect - Feint - Super Fang - Follow Me Gholdengo @ Leftovers Ability: Good as Gold Level: 50 Tera Type: Flying - Protect - Nasty Plot - Shadow Ball - Make It Rain <\/details><\/div> Open Team Sheet for PTP_VGC<\/summary>Chien-Pao @ Focus Sash Ability: Sword of Ruin Level: 50 Tera Type: Dark - Throat Chop - Ice Spinner - Haze - Protect Hawlucha @ Psychic Seed Ability: Unburden Level: 50 Tera Type: Steel - Flying Press - Acrobatics - Swords Dance - Detect Indeedee (Indeedee-F) (F) @ Safety Goggles Ability: Psychic Surge Level: 50 Tera Type: Fairy - Follow Me - Psychic - Heal Pulse - Protect Armarouge @ Life Orb Ability: Flash Fire Level: 50 Tera Type: Grass - Armor Cannon - Expanding Force - Trick Room - Protect Palafin @ Eject Pack Ability: Zero to Hero Level: 50 Tera Type: Water - Wave Crash - Jet Punch - Close Combat - Protect Sandy Shocks @ Booster Energy Ability: Protosynthesis Level: 50 Tera Type: Grass - Thunderbolt - Earth Power - Tera Blast - Protect <\/details><\/div>\n|j|+TheLoanRanger\n|inactive|Battle timer is ON: inactive players will automatically lose when time's up. (requested by Noob Noob for real)\n|j| manchildrower\n|inactive|Noob Noob for real has 60 seconds left.\n|inactive|PTP_VGC has 60 seconds left.\n|j| Norcal Local\n|l| Norcal Local\n|j|%Borghi\n|l|%Borghi\n|inactive|PTP_VGC has 30 seconds left.\n|\n|t:|1682468448\n|start\n|switch|p1a: Ting-Lu|Ting-Lu, L50|100\/100\n|switch|p1b: Palafin|Palafin, L50, F|100\/100\n|switch|p2a: Palafin|Palafin, L50, M|100\/100\n|switch|p2b: Hawlucha|Hawlucha, L50, F|100\/100\n|-ability|p1a: Ting-Lu|Vessel of Ruin\n|turn|1\n|inactive|Noob Noob for real has 30 seconds left.\n|inactive|Noob Noob for real has 20 seconds left.\n|inactive|Noob Noob for real has 15 seconds left.\n|\n|t:|1682468490\n|detailschange|p1b: Palafin|Palafin-Hero, L50, F\n|switch|p1b: Iron Hands|Iron Hands, L50|100\/100\n|move|p2b: Hawlucha|Swords Dance|p2b: Hawlucha\n|-boost|p2b: Hawlucha|atk|2\n|move|p2a: Palafin|Close Combat|p1b: Iron Hands\n|-damage|p1b: Iron Hands|84\/100\n|-unboost|p2a: Palafin|def|1\n|-unboost|p2a: Palafin|spd|1\n|-enditem|p2a: Palafin|Eject Pack\n|\n|t:|1682468501\n|detailschange|p2a: Palafin|Palafin-Hero, L50, M\n|switch|p2a: Indeedee|Indeedee-F, L50, F|100\/100\n|-fieldstart|move: Psychic Terrain|[from] ability: Psychic Surge|[of] p2a: Indeedee\n|-enditem|p2b: Hawlucha|Psychic Seed\n|-boost|p2b: Hawlucha|spd|1|[from] item: Psychic Seed\n|move|p1a: Ting-Lu|Ruination|p2a: Indeedee\n|-damage|p2a: Indeedee|51\/100\n|\n|upkeep\n|turn|2\n|\n|t:|1682468519\n|move|p2b: Hawlucha|Detect|p2b: Hawlucha\n|-singleturn|p2b: Hawlucha|Protect\n|move|p2a: Indeedee|Psychic|p1b: Iron Hands\n|-supereffective|p1b: Iron Hands\n|-damage|p1b: Iron Hands|36\/100\n|-enditem|p1b: Iron Hands|Sitrus Berry|[eat]\n|-heal|p1b: Iron Hands|61\/100|[from] item: Sitrus Berry\n|move|p1b: Iron Hands|Drain Punch|p2a: Indeedee\n|-damage|p2a: Indeedee|11\/100\n|-heal|p1b: Iron Hands|74\/100|[from] drain|[of] p2a: Indeedee\n|move|p1a: Ting-Lu|Ruination|p2b: Hawlucha\n|-activate|p2b: Hawlucha|move: Protect\n|\n|upkeep\n|turn|3\n|\n|t:|1682468544\n|move|p1b: Iron Hands|Protect|p1b: Iron Hands\n|-singleturn|p1b: Iron Hands|Protect\n|move|p2a: Indeedee|Follow Me|p2a: Indeedee\n|-singleturn|p2a: Indeedee|move: Follow Me\n|move|p2b: Hawlucha|Flying Press|p1a: Ting-Lu\n|-supereffective|p1a: Ting-Lu\n|-damage|p1a: Ting-Lu|0 fnt\n|faint|p1a: Ting-Lu\n|\n|upkeep\n|\n|t:|1682468559\n|switch|p1a: Maushold|Maushold-Four, L50|100\/100\n|turn|4\n|inactive|PTP_VGC has 30 seconds left.\n|\n|t:|1682468591\n|switch|p2a: Armarouge|Armarouge, L50, F|100\/100\n|move|p2b: Hawlucha|Detect|p2b: Hawlucha\n|-singleturn|p2b: Hawlucha|Protect\n|move|p1a: Maushold|Follow Me|p1a: Maushold\n|-singleturn|p1a: Maushold|move: Follow Me\n|move|p1b: Iron Hands|Wild Charge|p2b: Hawlucha\n|-activate|p2b: Hawlucha|move: Protect\n|\n|upkeep\n|turn|5\n|\n|t:|1682468613\n|move|p1a: Maushold|Protect|p1a: Maushold\n|-singleturn|p1a: Maushold|Protect\n|move|p1b: Iron Hands|Protect|p1b: Iron Hands\n|-singleturn|p1b: Iron Hands|Protect\n|move|p2b: Hawlucha|Acrobatics|p1b: Iron Hands\n|-activate|p1b: Iron Hands|move: Protect\n|move|p2a: Armarouge|Expanding Force|p1b: Iron Hands|[spread] \n|-activate|p1a: Maushold|move: Protect\n|-activate|p1b: Iron Hands|move: Protect\n|\n|-fieldend|move: Psychic Terrain\n|upkeep\n|turn|6\n|inactive|Noob Noob for real has 30 seconds left.\n|\n|t:|1682468640\n|switch|p2a: Indeedee|Indeedee-F, L50, F|11\/100\n|-fieldstart|move: Psychic Terrain|[from] ability: Psychic Surge|[of] p2a: Indeedee\n|move|p2b: Hawlucha|Detect|p2b: Hawlucha\n|-singleturn|p2b: Hawlucha|Protect\n|move|p1a: Maushold|Follow Me|p1a: Maushold\n|-singleturn|p1a: Maushold|move: Follow Me\n|move|p1b: Iron Hands|Wild Charge|p2b: Hawlucha\n|-activate|p2b: Hawlucha|move: Protect\n|\n|upkeep\n|turn|7\n|j| ZeFeGno\n|\n|t:|1682468659\n|move|p1a: Maushold|Feint|p2b: Hawlucha\n|-hint|Psychic Terrain doesn't affect Pok\u00e9mon immune to Ground.\n|-damage|p2b: Hawlucha|90\/100\n|move|p2a: Indeedee|Follow Me|p2a: Indeedee\n|-singleturn|p2a: Indeedee|move: Follow Me\n|move|p2b: Hawlucha|Acrobatics|p1a: Maushold\n|-damage|p1a: Maushold|4\/100\n|move|p1b: Iron Hands|Wild Charge|p2a: Indeedee\n|-damage|p2a: Indeedee|0 fnt\n|faint|p2a: Indeedee\n|-damage|p1b: Iron Hands|72\/100|[from] Recoil\n|\n|upkeep\n|l| ZeFeGno\n|\n|t:|1682468672\n|switch|p2a: Armarouge|Armarouge, L50, F|100\/100\n|turn|8\n|j| Radio Free C-Side\n|\n|t:|1682468696\n|move|p1a: Maushold|Protect|p1a: Maushold\n|-singleturn|p1a: Maushold|Protect\n|move|p1b: Iron Hands|Protect|p1b: Iron Hands\n|-singleturn|p1b: Iron Hands|Protect\n|move|p2b: Hawlucha|Acrobatics|p1b: Iron Hands\n|-activate|p1b: Iron Hands|move: Protect\n|move|p2a: Armarouge|Expanding Force|p1b: Iron Hands|[spread] \n|-activate|p1a: Maushold|move: Protect\n|-activate|p1b: Iron Hands|move: Protect\n|\n|upkeep\n|turn|9\n|\n|t:|1682468710\n|-terastallize|p1b: Iron Hands|Grass\n|move|p1a: Maushold|Feint|p2b: Hawlucha\n|-hint|Psychic Terrain doesn't affect Pok\u00e9mon immune to Ground.\n|-damage|p2b: Hawlucha|79\/100\n|move|p2b: Hawlucha|Acrobatics|p1a: Maushold\n|-damage|p1a: Maushold|0 fnt\n|faint|p1a: Maushold\n|move|p2a: Armarouge|Expanding Force|p1b: Iron Hands\n|-damage|p1b: Iron Hands|0 fnt\n|faint|p1b: Iron Hands\n|-end|p1b: Iron Hands|Quark Drive|[silent]\n|-damage|p2a: Armarouge|91\/100|[from] item: Life Orb\n|\n|upkeep\n|\n|t:|1682468719\n|switch|p1b: Palafin|Palafin-Hero, L50, F|100\/100\n|-activate|p1b: Palafin|ability: Zero to Hero\n|turn|10\n|c|\u2606Noob Noob for real|gg\n|\n|t:|1682468727\n|move|p1b: Palafin|Jet Punch|p2b: Hawlucha\n|-hint|Psychic Terrain doesn't affect Pok\u00e9mon immune to Ground.\n|-damage|p2b: Hawlucha|12\/100\n|move|p2b: Hawlucha|Acrobatics|p1b: Palafin\n|-damage|p1b: Palafin|10\/100\n|move|p2a: Armarouge|Expanding Force|p1b: Palafin\n|-damage|p1b: Palafin|0 fnt\n|faint|p1b: Palafin\n|-damage|p2a: Armarouge|82\/100|[from] item: Life Orb\n|\n|win|PTP_VGC\n|n|\u2606Noob Noob for real|noobnoobforreal\n|n|\u2606PTP_VGC|ptpvgc\n|n| TheLoanRanger|theloanranger\n|n| manchildrower|manchildrower\n|n| Radio Free C-Side|radiofreecside\n","uploadtime":1682468728,"views":14,"p1id":"noobnoobforreal","p2id":"ptpvgc","formatid":"gen9vgc2023regulationc","rating":0,"private":0,"password":""}