{"id":"gen9vgc2023regulationc-1862541038","p1":"Bullish21","p2":"sahabatgomba","format":"[Gen 9] VGC 2023 Regulation C","log":"|j|\u2606Bullish21\n|j|\u2606sahabatgomba\n|t:|1683898998\n|gametype|doubles\n|player|p1|Bullish21|riley|\n|player|p2|sahabatgomba|tuber|\n|teamsize|p1|6\n|teamsize|p2|6\n|gen|9\n|tier|[Gen 9] VGC 2023 Regulation C\n|rule|Species Clause: Limit one of each Pok\u00e9mon\n|rule|Item Clause: Limit one of each item\n|clearpoke\n|poke|p1|Brambleghast, L50, M|\n|poke|p1|Ursaring, L50, M|\n|poke|p1|Lucario, L50, M|\n|poke|p1|Indeedee-F, L50, F|\n|poke|p1|Sylveon, L50, M|\n|poke|p1|Hatterene, L50, F|\n|poke|p2|Gholdengo, L50|\n|poke|p2|Azumarill, L50, M|\n|poke|p2|Armarouge, L50, F|\n|poke|p2|Ceruledge, L50, F|\n|poke|p2|Arcanine, L50, F|\n|poke|p2|Indeedee-F, L50, F|\n|teampreview|4\nsahabatgomba has agreed to open team sheets.\n|c|\u2606Bullish21|g2\nBullish21 has agreed to open team sheets.\n|c|\u2606sahabatgomba|gas\n|inactive|Battle timer is ON: inactive players will automatically lose when time's up. (requested by sahabatgomba)\n|\n|t:|1683899363\n|start\n|switch|p1a: Brambleghast|Brambleghast, L50, M|100\/100\n|switch|p1b: Lucario|Lucario, L50, M|100\/100\n|switch|p2a: Indeedee|Indeedee-F, L50, F|100\/100\n|switch|p2b: Gholdengo|Gholdengo, L50|100\/100\n|-fieldstart|move: Psychic Terrain|[from] ability: Psychic Surge|[of] p2a: Indeedee\n|-enditem|p2a: Indeedee|Psychic Seed\n|-boost|p2a: Indeedee|spd|1|[from] item: Psychic Seed\n|turn|1\n|inactive|sahabatgomba has 30 seconds left.\n|inactive|sahabatgomba has 20 seconds left.\n|inactive|sahabatgomba has 15 seconds left.\n|\n|t:|1683899407\n|-terastallize|p2a: Indeedee|Fairy\n|move|p2a: Indeedee|Follow Me|p2a: Indeedee\n|-singleturn|p2a: Indeedee|move: Follow Me\n|move|p1a: Brambleghast|Beat Up|p2a: Indeedee\n|-resisted|p2a: Indeedee\n|-damage|p2a: Indeedee|98\/100\n|-resisted|p2a: Indeedee\n|-damage|p2a: Indeedee|95\/100\n|-resisted|p2a: Indeedee\n|-damage|p2a: Indeedee|93\/100\n|-resisted|p2a: Indeedee\n|-damage|p2a: Indeedee|91\/100\n|-hitcount|p2a: Indeedee|4\n|move|p1b: Lucario|Crunch|p2a: Indeedee\n|-resisted|p2a: Indeedee\n|-damage|p2a: Indeedee|78\/100\n|move|p2b: Gholdengo|Nasty Plot|p2b: Gholdengo\n|-boost|p2b: Gholdengo|spa|2\n|\n|upkeep\n|turn|2\n|inactive|Bullish21 has 30 seconds left.\n|inactive|sahabatgomba has 30 seconds left.\n|inactive|Bullish21 has 20 seconds left.\n|inactive|sahabatgomba has 20 seconds left.\n|inactive|sahabatgomba has 15 seconds left.\n|\n|t:|1683899451\n|move|p2a: Indeedee|Follow Me|p2a: Indeedee\n|-singleturn|p2a: Indeedee|move: Follow Me\n|move|p1a: Brambleghast|Power Whip|p2a: Indeedee\n|-damage|p2a: Indeedee|22\/100\n|move|p1b: Lucario|Crunch|p2a: Indeedee\n|-resisted|p2a: Indeedee\n|-damage|p2a: Indeedee|10\/100\n|move|p2b: Gholdengo|Make It Rain|p1b: Lucario|[spread] p1a,p1b\n|-resisted|p1b: Lucario\n|-damage|p1a: Brambleghast|0 fnt\n|-damage|p1b: Lucario|4\/100\n|-unboost|p2b: Gholdengo|spa|1\n|-enditem|p1b: Lucario|Sitrus Berry|[eat]\n|-heal|p1b: Lucario|29\/100|[from] item: Sitrus Berry\n|faint|p1a: Brambleghast\n|-damage|p2b: Gholdengo|91\/100|[from] item: Life Orb\n|\n|upkeep\n|\n|t:|1683899475\n|switch|p1a: Sylveon|Sylveon, L50, M|100\/100\n|turn|3\n|inactive|sahabatgomba has 30 seconds left.\n|inactive|Bullish21 has 30 seconds left.\n|inactive|sahabatgomba has 20 seconds left.\n|inactive|sahabatgomba has 15 seconds left.\n|\n|t:|1683899523\n|-terastallize|p1a: Sylveon|Fire\n|move|p2a: Indeedee|Follow Me|p2a: Indeedee\n|-singleturn|p2a: Indeedee|move: Follow Me\n|move|p1b: Lucario|Crunch|p2a: Indeedee\n|-resisted|p2a: Indeedee\n|-damage|p2a: Indeedee|0 fnt\n|faint|p2a: Indeedee\n|move|p2b: Gholdengo|Make It Rain|p1a: Sylveon|[spread] p1a,p1b\n|-resisted|p1a: Sylveon\n|-resisted|p1b: Lucario\n|-damage|p1a: Sylveon|68\/100\n|-damage|p1b: Lucario|0 fnt\n|-unboost|p2b: Gholdengo|spa|1\n|faint|p1b: Lucario\n|-damage|p2b: Gholdengo|81\/100|[from] item: Life Orb\n|move|p1a: Sylveon|Tera Blast|p2b: Gholdengo\n|-supereffective|p2b: Gholdengo\n|-damage|p2b: Gholdengo|0 fnt\n|faint|p2b: Gholdengo\n|\n|upkeep\n|\n|t:|1683899541\n|switch|p1b: Hatterene|Hatterene, L50, F|100\/100\n|switch|p2b: Azumarill|Azumarill, L50, M|100\/100\n|switch|p2a: Armarouge|Armarouge, L50, F|100\/100\n|turn|4\n|inactive|sahabatgomba has 30 seconds left.\n|inactive|sahabatgomba has 20 seconds left.\n|inactive|sahabatgomba has 15 seconds left.\n|inactive|sahabatgomba has 10 seconds left.\n|\n|t:|1683899588\n|move|p2a: Armarouge|Protect|p2a: Armarouge\n|-singleturn|p2a: Armarouge|Protect\n|move|p1a: Sylveon|Tera Blast|p2a: Armarouge\n|-activate|p2a: Armarouge|move: Protect\n|move|p2b: Azumarill|Liquidation|p1a: Sylveon\n|-supereffective|p1a: Sylveon\n|-crit|p1a: Sylveon\n|-damage|p1a: Sylveon|0 fnt\n|faint|p1a: Sylveon\n|move|p1b: Hatterene|Trick Room|p1b: Hatterene\n|-fieldstart|move: Trick Room|[of] p1b: Hatterene\n|\n|upkeep\n|turn|5\n|inactive|Bullish21 has 30 seconds left.\n|\n|t:|1683899615\n|move|p1b: Hatterene|Dazzling Gleam|p2a: Armarouge|[spread] p2a,p2b\n|-resisted|p2a: Armarouge\n|-damage|p2a: Armarouge|79\/100\n|-damage|p2b: Azumarill|77\/100\n|move|p2b: Azumarill|Liquidation|p1b: Hatterene\n|-damage|p1b: Hatterene|41\/100\n|move|p2a: Armarouge|Trick Room|p2a: Armarouge\n|-fieldend|move: Trick Room\n|\n|-fieldend|move: Psychic Terrain\n|upkeep\n|turn|6\n|\n|t:|1683899627\n|move|p2a: Armarouge|Heat Wave|p1b: Hatterene\n|-damage|p1b: Hatterene|0 fnt\n|faint|p1b: Hatterene\n|\n|win|sahabatgomba\n|c|\u2606sahabatgomba|gg\n|c|\u2606Bullish21|gg\n|c|\u2606sahabatgomba|wp\n|c|\u2606Bullish21|silakan di post bro\n|l|\u2606Bullish21\n","uploadtime":1683899663,"views":11,"p1id":"bullish21","p2id":"sahabatgomba","formatid":"gen9vgc2023regulationc","rating":0,"private":0,"password":""}