{"id":"gen9vgc2023regulationc-1849512102","p1":"jchemmy","p2":"Blur123","format":"[Gen 9] VGC 2023 Regulation C","log":"|j|\u2606jchemmy\n|j|\u2606Blur123\n|t:|1682207305\n|gametype|doubles\n|player|p1|jchemmy|brock|1265\n|player|p2|Blur123|169|1352\n|teamsize|p1|6\n|teamsize|p2|6\n|gen|9\n|tier|[Gen 9] VGC 2023 Regulation C\n|rated|\n|rule|Species Clause: Limit one of each Pok\u00e9mon\n|rule|Item Clause: Limit one of each item\n|clearpoke\n|poke|p1|Arcanine, L50, F|\n|poke|p1|Palafin, L50, M|\n|poke|p1|Flutter Mane, L50|\n|poke|p1|Ting-Lu, L50|\n|poke|p1|Amoonguss, L50, F|\n|poke|p1|Baxcalibur, L50, M|\n|poke|p2|Tinkaton, L50, F|\n|poke|p2|Gyarados, L50, F|\n|poke|p2|Ceruledge, L50, F|\n|poke|p2|Arboliva, L50, F|\n|poke|p2|Grimmsnarl, L50, M|\n|poke|p2|Flutter Mane, L50|\n|teampreview|4\n|inactive|Battle timer is ON: inactive players will automatically lose when time's up. (requested by jchemmy)\njchemmy has agreed to open team sheets.\n|inactive|jchemmy has 60 seconds left.\n|inactive|Blur123 has 60 seconds left.\n|\n|t:|1682207339\n|start\n|switch|p1a: Ting-Lu|Ting-Lu, L50|100\/100\n|switch|p1b: Palafin|Palafin, L50, M|100\/100\n|switch|p2a: Tinkaton|Tinkaton, L50, F|100\/100\n|switch|p2b: Gyarados|Gyarados, L50, F|100\/100\n|-ability|p2a: Tinkaton|Mold Breaker\n|-ability|p2b: Gyarados|Intimidate|boost\n|-unboost|p1a: Ting-Lu|atk|1\n|-unboost|p1b: Palafin|atk|1\n|-ability|p1a: Ting-Lu|Vessel of Ruin\n|turn|1\n|inactive|jchemmy has 30 seconds left.\n|inactive|jchemmy has 20 seconds left.\n|\n|t:|1682207378\n|switch|p1a: Amoonguss|Amoonguss, L50, F|100\/100\n|move|p1b: Palafin|Protect|p1b: Palafin\n|-singleturn|p1b: Palafin|Protect\n|move|p2a: Tinkaton|Fake Out|p1a: Amoonguss\n|-damage|p1a: Amoonguss|94\/100\n|move|p2b: Gyarados|Waterfall|p1a: Amoonguss\n|-resisted|p1a: Amoonguss\n|-damage|p1a: Amoonguss|74\/100\n|\n|upkeep\n|turn|2\n|\n|t:|1682207396\n|switch|p2b: Arboliva|Arboliva, L50, F|100\/100\n|detailschange|p1b: Palafin|Palafin-Hero, L50, M\n|switch|p1b: Arcanine|Arcanine, L50, F|100\/100\n|-ability|p1b: Arcanine|Intimidate|boost\n|-unboost|p2a: Tinkaton|atk|1\n|-unboost|p2b: Arboliva|atk|1\n|move|p2a: Tinkaton|Thunder Wave|p1a: Amoonguss\n|-status|p1a: Amoonguss|par\n|move|p1a: Amoonguss|Spore|p2b: Arboliva\n|-immune|p2b: Arboliva\n|\n|upkeep\n|turn|3\n|inactive|Blur123 has 30 seconds left.\n|inactive|Blur123 has 20 seconds left.\n|\n|t:|1682207435\n|-terastallize|p2b: Arboliva|Water\n|move|p1b: Arcanine|Flare Blitz|p2a: Tinkaton\n|-supereffective|p2a: Tinkaton\n|-damage|p2a: Tinkaton|3\/100\n|-damage|p1b: Arcanine|71\/100|[from] Recoil\n|move|p2a: Tinkaton|Thunder Wave|p1b: Arcanine\n|-status|p1b: Arcanine|par\n|move|p2b: Arboliva|Earth Power|p1b: Arcanine\n|-supereffective|p1b: Arcanine\n|-damage|p1b: Arcanine|4\/100 par\n|move|p1a: Amoonguss|Spore|p2a: Tinkaton\n|-status|p2a: Tinkaton|slp|[from] move: Spore\n|\n|-heal|p2a: Tinkaton|9\/100 slp|[from] item: Leftovers\n|upkeep\n|turn|4\n|inactive|Blur123 has 30 seconds left.\n|inactive|Blur123 has 20 seconds left.\n|\n|t:|1682207471\n|switch|p1b: Ting-Lu|Ting-Lu, L50|100\/100\n|-ability|p1b: Ting-Lu|Vessel of Ruin\n|cant|p2a: Tinkaton|slp\n|move|p2b: Arboliva|Substitute|p2b: Arboliva\n|-start|p2b: Arboliva|Substitute\n|-damage|p2b: Arboliva|76\/100\n|move|p1a: Amoonguss|Spore||[still]\n|-fail|p1a: Amoonguss\n|\n|-heal|p2a: Tinkaton|15\/100 slp|[from] item: Leftovers\n|upkeep\n|turn|5\n|\n|t:|1682207494\n|switch|p2a: Gyarados|Gyarados, L50, F|100\/100\n|-ability|p2a: Gyarados|Intimidate|boost\n|-unboost|p1a: Amoonguss|atk|1\n|-unboost|p1b: Ting-Lu|atk|1\n|move|p1a: Amoonguss|Rage Powder|p1a: Amoonguss\n|-singleturn|p1a: Amoonguss|move: Rage Powder\n|move|p1b: Ting-Lu|Stomping Tantrum|p2a: Gyarados\n|-immune|p2a: Gyarados\n|move|p2b: Arboliva|Giga Drain|p1a: Amoonguss\n|-resisted|p1a: Amoonguss\n|-damage|p1a: Amoonguss|67\/100 par\n|-heal|p2b: Arboliva|80\/100|[from] drain|[of] p1a: Amoonguss\n|\n|upkeep\n|turn|6\n|\n|t:|1682207517\n|switch|p2a: Ceruledge|Ceruledge, L50, F|100\/100\n|switch|p1a: Arcanine|Arcanine, L50, F|4\/100 par\n|-ability|p1a: Arcanine|Intimidate|boost\n|-unboost|p2a: Ceruledge|atk|1\n|-immune|p2b: Arboliva\n|-terastallize|p1b: Ting-Lu|Poison\n|move|p1b: Ting-Lu|Ruination|p2a: Ceruledge\n|-damage|p2a: Ceruledge|51\/100\n|move|p2b: Arboliva|Earth Power|p1a: Arcanine\n|-supereffective|p1a: Arcanine\n|-damage|p1a: Arcanine|0 fnt\n|faint|p1a: Arcanine\n|\n|upkeep\n|\n|t:|1682207530\n|switch|p1a: Amoonguss|Amoonguss, L50, F|100\/100 par\n|turn|7\n|\n|t:|1682207554\n|move|p2a: Ceruledge|Bitter Blade|p1a: Amoonguss\n|-supereffective|p1a: Amoonguss\n|-damage|p1a: Amoonguss|60\/100 par\n|-heal|p2a: Ceruledge|79\/100|[from] drain|[of] p1a: Amoonguss\n|move|p1b: Ting-Lu|Stomping Tantrum|p2b: Arboliva\n|-activate|p2b: Arboliva|move: Substitute|[damage]\n|move|p2b: Arboliva|Giga Drain|p1a: Amoonguss\n|-resisted|p1a: Amoonguss\n|-damage|p1a: Amoonguss|52\/100 par\n|-heal|p2b: Arboliva|85\/100|[from] drain|[of] p1a: Amoonguss\n|move|p1a: Amoonguss|Spore||[still]\n|-fail|p1a: Amoonguss\n|\n|upkeep\n|turn|8\n|\n|t:|1682207577\n|move|p1a: Amoonguss|Protect|p1a: Amoonguss\n|-singleturn|p1a: Amoonguss|Protect\n|move|p2a: Ceruledge|Bitter Blade|p1a: Amoonguss\n|-activate|p1a: Amoonguss|move: Protect\n|move|p1b: Ting-Lu|Stomping Tantrum|p2a: Ceruledge\n|-supereffective|p2a: Ceruledge\n|-damage|p2a: Ceruledge|34\/100\n|move|p2b: Arboliva|Giga Drain|p1a: Amoonguss\n|-activate|p1a: Amoonguss|move: Protect\n|\n|upkeep\n|turn|9\n|inactive|Blur123 has 30 seconds left.\n|\n|t:|1682207610\n|move|p2a: Ceruledge|Bitter Blade|p1a: Amoonguss\n|-supereffective|p1a: Amoonguss\n|-damage|p1a: Amoonguss|11\/100 par\n|-heal|p2a: Ceruledge|62\/100|[from] drain|[of] p1a: Amoonguss\n|-enditem|p1a: Amoonguss|Sitrus Berry|[eat]\n|-heal|p1a: Amoonguss|36\/100 par|[from] item: Sitrus Berry\n|move|p1b: Ting-Lu|Stomping Tantrum|p2b: Arboliva\n|-end|p2b: Arboliva|Substitute\n|move|p2b: Arboliva|Earth Power|p1a: Amoonguss\n|-damage|p1a: Amoonguss|16\/100 par\n|cant|p1a: Amoonguss|par\n|\n|upkeep\n|turn|10\n|\n|t:|1682207632\n|switch|p1a: Palafin|Palafin-Hero, L50, M|100\/100\n|-activate|p1a: Palafin|ability: Zero to Hero\n|move|p2a: Ceruledge|Bitter Blade|p1a: Palafin\n|-resisted|p1a: Palafin\n|-damage|p1a: Palafin|88\/100\n|-heal|p2a: Ceruledge|70\/100|[from] drain|[of] p1a: Palafin\n|move|p1b: Ting-Lu|Fissure|p2b: Arboliva|[miss]\n|-miss|p1b: Ting-Lu|p2b: Arboliva\n|move|p2b: Arboliva|Substitute|p2b: Arboliva\n|-start|p2b: Arboliva|Substitute\n|-damage|p2b: Arboliva|60\/100\n|\n|upkeep\n|turn|11\n|\n|t:|1682207650\n|switch|p2a: Gyarados|Gyarados, L50, F|100\/100\n|-ability|p2a: Gyarados|Intimidate|boost\n|-unboost|p1a: Palafin|atk|1\n|-unboost|p1b: Ting-Lu|atk|1\n|move|p1a: Palafin|Protect|p1a: Palafin\n|-singleturn|p1a: Palafin|Protect\n|move|p1b: Ting-Lu|Stomping Tantrum|p2b: Arboliva\n|-end|p2b: Arboliva|Substitute\n|move|p2b: Arboliva|Giga Drain|p1a: Palafin\n|-activate|p1a: Palafin|move: Protect\n|\n|upkeep\n|turn|12\n|\n|t:|1682207674\n|switch|p1a: Amoonguss|Amoonguss, L50, F|49\/100 par\n|move|p2a: Gyarados|Waterfall|p1b: Ting-Lu\n|-damage|p1b: Ting-Lu|72\/100\n|cant|p1b: Ting-Lu|flinch\n|move|p2b: Arboliva|Giga Drain|p1a: Amoonguss\n|-resisted|p1a: Amoonguss\n|-damage|p1a: Amoonguss|43\/100 par\n|-heal|p2b: Arboliva|64\/100|[from] drain|[of] p1a: Amoonguss\n|\n|upkeep\n|turn|13\n|inactive|Blur123 has 30 seconds left.\n|\n|t:|1682207708\n|switch|p2b: Ceruledge|Ceruledge, L50, F|70\/100\n|move|p2a: Gyarados|Dragon Dance|p2a: Gyarados\n|-boost|p2a: Gyarados|atk|1\n|-boost|p2a: Gyarados|spe|1\n|move|p1b: Ting-Lu|Fissure|p2b: Ceruledge|[miss]\n|-miss|p1b: Ting-Lu|p2b: Ceruledge\n|move|p1a: Amoonguss|Pollen Puff|p1b: Ting-Lu\n|-heal|p1b: Ting-Lu|100\/100\n|\n|upkeep\n|turn|14\n|\n|t:|1682207728\n|switch|p1a: Palafin|Palafin-Hero, L50, M|88\/100\n|move|p2a: Gyarados|Waterfall|p1b: Ting-Lu\n|-damage|p1b: Ting-Lu|59\/100\n|move|p2b: Ceruledge|Bitter Blade|p1b: Ting-Lu\n|-damage|p1b: Ting-Lu|36\/100\n|-heal|p2b: Ceruledge|87\/100|[from] drain|[of] p1b: Ting-Lu\n|cant|p1b: Ting-Lu|flinch\n|\n|upkeep\n|turn|15\n|\n|t:|1682207748\n|switch|p2b: Arboliva|Arboliva, L50, F, tera:Water|64\/100\n|move|p2a: Gyarados|Waterfall|p1b: Ting-Lu\n|-damage|p1b: Ting-Lu|0 fnt\n|faint|p1b: Ting-Lu\n|move|p1a: Palafin|Wave Crash|p2b: Arboliva\n|-resisted|p2b: Arboliva\n|-damage|p2b: Arboliva|17\/100\n|-enditem|p2b: Arboliva|Sitrus Berry|[eat]\n|-heal|p2b: Arboliva|42\/100|[from] item: Sitrus Berry\n|-damage|p1a: Palafin|75\/100|[from] Recoil\n|\n|-item|p2b: Arboliva|Sitrus Berry|[from] ability: Harvest\n|upkeep\n|-enditem|p2b: Arboliva|Sitrus Berry|[eat]\n|-heal|p2b: Arboliva|66\/100|[from] item: Sitrus Berry\n|\n|t:|1682207752\n|switch|p1b: Amoonguss|Amoonguss, L50, F|76\/100 par\n|turn|16\n|-message|jchemmy forfeited.\n|\n|win|Blur123\n|raw|jchemmy's rating: 1265 → 1246<\/strong> (-19 for losing)\n|raw|Blur123's rating: 1352 → 1367<\/strong> (+15 for winning)\n","uploadtime":1682207758,"views":4,"p1id":"jchemmy","p2id":"blur123","formatid":"gen9vgc2023regulationc","rating":1246,"private":0,"password":""}