{"id":"gen9vgc2023regulationc-1861459984","p1":"SMRPG64","p2":"AssumptionPrime","format":"[Gen 9] VGC 2023 Regulation C","log":"|j|\u2606SMRPG64\n|j|\u2606AssumptionPrime\n|t:|1683760544\n|gametype|doubles\n|player|p1|SMRPG64|pokemonbreederf-gen4|\n|player|p2|AssumptionPrime|pokemonbreederf-gen4|\n|teamsize|p1|6\n|teamsize|p2|6\n|gen|9\n|tier|[Gen 9] VGC 2023 Regulation C\n|rule|Species Clause: Limit one of each Pok\u00e9mon\n|rule|Item Clause: Limit one of each item\n|clearpoke\n|poke|p1|Palossand, L50, M|\n|poke|p1|Mimikyu, L50, M|\n|poke|p1|Lurantis, L50, F|\n|poke|p1|Oricorio-Pom-Pom, L50, M|\n|poke|p1|Oranguru, L50, F|\n|poke|p1|Crabominable, L50, M|\n|poke|p2|Mimikyu, L50, M|\n|poke|p2|Oranguru, L50, F|\n|poke|p2|Lurantis, L50, M|\n|poke|p2|Tsareena, L50, F|\n|poke|p2|Crabominable, L50, M|\n|poke|p2|Palossand, L50, M|\n|teampreview|4\n|\n|t:|1683760595\n|start\n|switch|p1a: Low-Tier|Lurantis, L50, F|100\/100\n|switch|p1b: Mr Fishykarp|Mimikyu, L50, M|100\/100\n|switch|p2a: Lurantis|Lurantis, L50, M|100\/100\n|switch|p2b: Mimikyu|Mimikyu, L50, M|100\/100\n|turn|1\n|\n|t:|1683760623\n|-terastallize|p2a: Lurantis|Steel\n|move|p1b: Mr Fishykarp|Shadow Sneak|p2b: Mimikyu\n|-activate|p2b: Mimikyu|ability: Disguise\n|-damage|p2b: Mimikyu|100\/100\n|detailschange|p2b: Mimikyu|Mimikyu-Busted, L50, M\n|-damage|p2b: Mimikyu|88\/100|[from] pokemon: Mimikyu-Busted\n|-damage|p1b: Mr Fishykarp|91\/100|[from] item: Life Orb\n|move|p2b: Mimikyu|Shadow Sneak|p1b: Mr Fishykarp\n|-activate|p1b: Mr Fishykarp|ability: Disguise\n|-damage|p1b: Mr Fishykarp|91\/100\n|detailschange|p1b: Mr Fishykarp|Mimikyu-Busted, L50, M\n|-damage|p1b: Mr Fishykarp|78\/100|[from] pokemon: Mimikyu-Busted\n|move|p1a: Low-Tier|Pollen Puff|p2a: Lurantis\n|-resisted|p2a: Lurantis\n|-damage|p2a: Lurantis|90\/100\n|move|p2a: Lurantis|Pollen Puff|p1a: Low-Tier\n|-supereffective|p1a: Low-Tier\n|-damage|p1a: Low-Tier|55\/100\n|\n|-heal|p1a: Low-Tier|62\/100|[from] item: Leftovers\n|upkeep\n|turn|2\n|\n|t:|1683760653\n|-terastallize|p1a: Low-Tier|Fire\n|move|p1b: Mr Fishykarp|Shadow Sneak|p2b: Mimikyu\n|-supereffective|p2b: Mimikyu\n|-damage|p2b: Mimikyu|26\/100\n|-damage|p1b: Mr Fishykarp|68\/100|[from] item: Life Orb\n|move|p2b: Mimikyu|Phantom Force||[still]\n|-prepare|p2b: Mimikyu|Phantom Force\n|move|p2a: Lurantis|Leaf Storm|p1b: Mr Fishykarp\n|-damage|p1b: Mr Fishykarp|26\/100\n|-boost|p2a: Lurantis|spa|2\n|move|p1a: Low-Tier|Tera Blast|p2a: Lurantis\n|-supereffective|p2a: Lurantis\n|-damage|p2a: Lurantis|33\/100\n|\n|-heal|p1a: Low-Tier|68\/100|[from] item: Leftovers\n|upkeep\n|turn|3\n|\n|t:|1683760684\n|switch|p1b: ReBean|Oricorio-Pom-Pom, L50, M|100\/100\n|move|p2b: Mimikyu|Phantom Force|p1b: ReBean|[from]lockedmove\n|-damage|p1b: ReBean|46\/100\n|move|p1a: Low-Tier|Tera Blast|p2a: Lurantis\n|-supereffective|p2a: Lurantis\n|-damage|p2a: Lurantis|0 fnt\n|faint|p2a: Lurantis\n|\n|-heal|p1a: Low-Tier|74\/100|[from] item: Leftovers\n|upkeep\n|\n|t:|1683760695\n|switch|p2a: Crabominable|Crabominable, L50, M|100\/100\n|turn|4\n|\n|t:|1683760724\n|move|p2b: Mimikyu|Phantom Force||[still]\n|-prepare|p2b: Mimikyu|Phantom Force\n|move|p1a: Low-Tier|Tera Blast|p2a: Crabominable\n|-supereffective|p2a: Crabominable\n|-damage|p2a: Crabominable|24\/100\n|move|p1b: ReBean|Hurricane|p2a: Crabominable\n|-supereffective|p2a: Crabominable\n|-damage|p2a: Crabominable|0 fnt\n|faint|p2a: Crabominable\n|\n|-heal|p1a: Low-Tier|80\/100|[from] item: Leftovers\n|upkeep\n|\n|t:|1683760733\n|switch|p2a: Palossand|Palossand, L50, M|100\/100\n|turn|5\n|\n|t:|1683760741\n|move|p1a: Low-Tier|Protect|p1a: Low-Tier\n|-singleturn|p1a: Low-Tier|Protect\n|move|p1b: ReBean|Protect|p1b: ReBean\n|-singleturn|p1b: ReBean|Protect\n|move|p2b: Mimikyu|Phantom Force|p1a: Low-Tier|[from]lockedmove\n|-activate|p1a: Low-Tier|move: Phantom Force|[broken]\n|-damage|p1a: Low-Tier|36\/100\n|move|p2a: Palossand|Shadow Ball|p1b: ReBean\n|-activate|p1b: ReBean|move: Protect\n|\n|-heal|p1a: Low-Tier|42\/100|[from] item: Leftovers\n|upkeep\n|turn|6\n|\n|t:|1683760761\n|move|p2b: Mimikyu|Phantom Force||[still]\n|-prepare|p2b: Mimikyu|Phantom Force\n|move|p1a: Low-Tier|Leaf Storm|p2a: Palossand|[miss]\n|-miss|p1a: Low-Tier|p2a: Palossand\n|move|p1b: ReBean|Revelation Dance|p2b: Mimikyu|[miss]\n|-miss|p1b: ReBean|p2b: Mimikyu\n|move|p2a: Palossand|Shadow Ball|p1a: Low-Tier\n|-damage|p1a: Low-Tier|3\/100\n|\n|-heal|p1a: Low-Tier|10\/100|[from] item: Leftovers\n|upkeep\n|turn|7\n|\n|t:|1683760776\n|move|p2b: Mimikyu|Phantom Force|p1a: Low-Tier|[from]lockedmove\n|-crit|p1a: Low-Tier\n|-damage|p1a: Low-Tier|0 fnt\n|faint|p1a: Low-Tier\n|move|p1b: ReBean|Calm Mind|p1b: ReBean\n|-boost|p1b: ReBean|spa|1\n|-boost|p1b: ReBean|spd|1\n|move|p2a: Palossand|Shadow Ball|p1b: ReBean\n|-damage|p1b: ReBean|15\/100\n|\n|upkeep\n|\n|t:|1683760785\n|switch|p1a: Mr Fishykarp|Mimikyu-Busted, L50, M|26\/100\n|turn|8\n|\n|t:|1683760795\n|move|p1a: Mr Fishykarp|Shadow Sneak|p2b: Mimikyu\n|-supereffective|p2b: Mimikyu\n|-damage|p2b: Mimikyu|0 fnt\n|faint|p2b: Mimikyu\n|-damage|p1a: Mr Fishykarp|16\/100|[from] item: Life Orb\n|move|p1b: ReBean|Hurricane|p2a: Palossand\n|-damage|p2a: Palossand|2\/100\n|-start|p2a: Palossand|confusion\n|-activate|p2a: Palossand|confusion\n|move|p2a: Palossand|Shadow Ball|p1b: ReBean\n|-damage|p1b: ReBean|0 fnt\n|faint|p1b: ReBean\n|\n|-heal|p2a: Palossand|8\/100|[from] item: Leftovers\n|upkeep\n|\n|t:|1683760808\n|switch|p1b: Guy 2|Crabominable, L50, M|100\/100\n|turn|9\n|\n|t:|1683760814\n|move|p1a: Mr Fishykarp|Shadow Sneak|p2a: Palossand\n|-supereffective|p2a: Palossand\n|-damage|p2a: Palossand|0 fnt\n|faint|p2a: Palossand\n|-damage|p1a: Mr Fishykarp|6\/100|[from] item: Life Orb\n|\n|win|SMRPG64\n|c|\u2606SMRPG64|gg\n|c|\u2606AssumptionPrime|gg\n|c|\u2606SMRPG64|I'll send the replays to Phill?\n","uploadtime":1683760825,"views":7,"p1id":"smrpg64","p2id":"assumptionprime","formatid":"gen9vgc2023regulationc","rating":0,"private":0,"password":""}