{"id":"gen9vgc2023regulationc-1854842240","p1":"HeffNastyy","p2":"SilverDragon550","format":"[Gen 9] VGC 2023 Regulation C","log":"|j|\u2606HeffNastyy\n|j|\u2606SilverDragon550\n|t:|1682872336\n|gametype|doubles\n|player|p1|HeffNastyy|lance|\n|player|p2|SilverDragon550|silver|\n|teamsize|p1|6\n|teamsize|p2|6\n|gen|9\n|tier|[Gen 9] VGC 2023 Regulation C\n|rule|Species Clause: Limit one of each Pok\u00e9mon\n|rule|Item Clause: Limit one of each item\n|clearpoke\n|poke|p1|Garchomp, L50, F|\n|poke|p1|Chien-Pao, L50|\n|poke|p1|Talonflame, L50, F|\n|poke|p1|Gyarados, L50, F|\n|poke|p1|Flutter Mane, L50|\n|poke|p1|Iron Hands, L50|\n|poke|p2|Chien-Pao, L50|\n|poke|p2|Iron Valiant, L50|\n|poke|p2|Amoonguss, L50, M|\n|poke|p2|Dragapult, L50, M|\n|poke|p2|Gyarados, L50, M|\n|poke|p2|Ting-Lu, L50|\n|teampreview|4\nSilverDragon550 has agreed to open team sheets.\n|c|\u2606HeffNastyy|g2\nHeffNastyy has agreed to open team sheets.\n|c|\u2606SilverDragon550|glhf\n|inactive|Battle timer is ON: inactive players will automatically lose when time's up. (requested by SilverDragon550)\n|c|\u2606HeffNastyy|u2\n|inactive|HeffNastyy has 60 seconds left.\n|inactive|SilverDragon550 has 60 seconds left.\n|inactive|HeffNastyy has 30 seconds left.\n|inactive|SilverDragon550 has 30 seconds left.\n|inactive|SilverDragon550 has 20 seconds left.\n|inactive|HeffNastyy has 20 seconds left.\n|inactive|SilverDragon550 has 15 seconds left.\n|inactive|HeffNastyy has 15 seconds left.\n|inactive|HeffNastyy has 10 seconds left.\n|inactive|HeffNastyy has 5 seconds left.\n|\n|t:|1682872882\n|start\n|switch|p1a: Jaws|Gyarados, L50, F, shiny|100\/100\n|switch|p1b: Chompa|Garchomp, L50, F, shiny|100\/100\n|switch|p2a: Rage|Gyarados, L50, M|100\/100\n|switch|p2b: Jetsicle|Dragapult, L50, M|100\/100\n|-ability|p2a: Rage|Intimidate|boost\n|-unboost|p1a: Jaws|atk|1\n|-fail|p1b: Chompa|unboost|[from] item: Clear Amulet|[of] p1b: Chompa\n|-ability|p1a: Jaws|Intimidate|boost\n|-unboost|p2a: Rage|atk|1\n|-fail|p2b: Jetsicle|unboost|[from] ability: Clear Body|[of] p2b: Jetsicle\n|turn|1\n|inactive|HeffNastyy has 30 seconds left.\n|inactive|SilverDragon550 has 30 seconds left.\n|inactive|SilverDragon550 has 20 seconds left.\n|inactive|SilverDragon550 has 15 seconds left.\n|inactive|SilverDragon550 has 10 seconds left.\n|inactive|SilverDragon550 has 5 seconds left.\n|\n|t:|1682872933\n|move|p1b: Chompa|Protect|p1b: Chompa\n|-singleturn|p1b: Chompa|Protect\n|move|p2a: Rage|Protect|p2a: Rage\n|-singleturn|p2a: Rage|Protect\n|move|p2b: Jetsicle|Phantom Force||[still]\n|-prepare|p2b: Jetsicle|Phantom Force\n|move|p1a: Jaws|Thunder Wave|p2b: Jetsicle|[miss]\n|-miss|p1a: Jaws|p2b: Jetsicle\n|\n|upkeep\n|turn|2\n|\n|t:|1682872955\n|move|p1a: Jaws|Helping Hand|p1b: Chompa\n|-singleturn|p1b: Chompa|Helping Hand|[of] p1a: Jaws\n|move|p2b: Jetsicle|Phantom Force|p1b: Chompa|[from]lockedmove\n|-damage|p1b: Chompa|35\/100\n|-damage|p2b: Jetsicle|88\/100|[from] ability: Rough Skin|[of] p1b: Chompa\n|move|p1b: Chompa|Dragon Claw|p2b: Jetsicle\n|-supereffective|p2b: Jetsicle\n|-damage|p2b: Jetsicle|0 fnt\n|faint|p2b: Jetsicle\n|move|p2a: Rage|Waterfall|p1b: Chompa\n|-damage|p1b: Chompa|5\/100\n|-damage|p2a: Rage|88\/100|[from] ability: Rough Skin|[of] p1b: Chompa\n|\n|upkeep\n|inactive|SilverDragon550 has 30 seconds left.\n|\n|t:|1682872988\n|switch|p2b: Sussy Gussy|Amoonguss, L50, M, shiny|100\/100\n|turn|3\n|inactive|SilverDragon550 has 30 seconds left.\n|\n|t:|1682873013\n|move|p1a: Jaws|Helping Hand|p1b: Chompa\n|-singleturn|p1b: Chompa|Helping Hand|[of] p1a: Jaws\n|move|p2b: Sussy Gussy|Protect|p2b: Sussy Gussy\n|-singleturn|p2b: Sussy Gussy|Protect\n|move|p1b: Chompa|Rock Slide|p2a: Rage|[spread] p2a\n|-activate|p2b: Sussy Gussy|move: Protect\n|-supereffective|p2a: Rage\n|-damage|p2a: Rage|24\/100\n|move|p2a: Rage|Taunt|p1a: Jaws\n|-start|p1a: Jaws|move: Taunt\n|\n|upkeep\n|turn|4\n|inactive|HeffNastyy has 30 seconds left.\n|inactive|SilverDragon550 has 30 seconds left.\n|inactive|HeffNastyy has 20 seconds left.\n|inactive|SilverDragon550 has 20 seconds left.\n|inactive|HeffNastyy has 15 seconds left.\n|inactive|SilverDragon550 has 15 seconds left.\n|\n|t:|1682873057\n|move|p2a: Rage|Protect|p2a: Rage\n|-singleturn|p2a: Rage|Protect\n|move|p1b: Chompa|Rock Slide|p2b: Sussy Gussy|[spread] p2b\n|-activate|p2a: Rage|move: Protect\n|-damage|p2b: Sussy Gussy|84\/100\n|move|p1a: Jaws|Waterfall|p2a: Rage\n|-activate|p2a: Rage|move: Protect\n|move|p2b: Sussy Gussy|Clear Smog|p1b: Chompa\n|-resisted|p1b: Chompa\n|-damage|p1b: Chompa|0 fnt\n|-clearboost|p1b: Chompa\n|faint|p1b: Chompa\n|\n|upkeep\n|\n|t:|1682873076\n|switch|p1b: Riley|Iron Hands, L50|100\/100\n|turn|5\n|inactive|HeffNastyy has 30 seconds left.\n|inactive|SilverDragon550 has 30 seconds left.\n|\n|t:|1682873110\n|switch|p1a: Lilith|Flutter Mane, L50, shiny|100\/100\n|-enditem|p1a: Lilith|Booster Energy\n|-activate|p1a: Lilith|ability: Protosynthesis|[fromitem]\n|-start|p1a: Lilith|protosynthesisspa\n|-terastallize|p1b: Riley|Grass\n|move|p2a: Rage|Protect|p2a: Rage\n|-singleturn|p2a: Rage|Protect\n|move|p1b: Riley|Volt Switch|p2a: Rage\n|-activate|p2a: Rage|move: Protect\n|move|p2b: Sussy Gussy|Spore|p1a: Lilith\n|-status|p1a: Lilith|slp|[from] move: Spore\n|\n|upkeep\n|turn|6\n|c|\u2606HeffNastyy|geez\n|inactive|HeffNastyy has 30 seconds left.\n|inactive|SilverDragon550 has 30 seconds left.\n|inactive|HeffNastyy has 20 seconds left.\n|inactive|SilverDragon550 has 20 seconds left.\n|inactive|HeffNastyy has 15 seconds left.\n|inactive|SilverDragon550 has 15 seconds left.\n|inactive|HeffNastyy has 10 seconds left.\n|\n|t:|1682873159\n|switch|p2a: Love Wins|Iron Valiant, L50|100\/100\n|cant|p1a: Lilith|slp\n|move|p2b: Sussy Gussy|Protect|p2b: Sussy Gussy\n|-singleturn|p2b: Sussy Gussy|Protect\n|move|p1b: Riley|Wild Charge|p2a: Love Wins\n|-damage|p2a: Love Wins|32\/100\n|-damage|p1b: Riley|90\/100|[from] Recoil\n|\n|upkeep\n|turn|7\n|inactive|HeffNastyy has 30 seconds left.\n|inactive|SilverDragon550 has 30 seconds left.\n|inactive|SilverDragon550 has 20 seconds left.\n|\n|t:|1682873196\n|-end|p1a: Lilith|Protosynthesis|[silent]\n|switch|p1a: Jaws|Gyarados, L50, F, shiny|100\/100\n|-ability|p1a: Jaws|Intimidate|boost\n|-unboost|p2a: Love Wins|atk|1\n|-unboost|p2b: Sussy Gussy|atk|1\n|move|p2a: Love Wins|Spirit Break|p1a: Jaws\n|-damage|p1a: Jaws|71\/100\n|-unboost|p1a: Jaws|spa|1\n|-damage|p2a: Love Wins|22\/100|[from] item: Life Orb\n|move|p1b: Riley|Wild Charge|p2a: Love Wins\n|-damage|p2a: Love Wins|0 fnt\n|faint|p2a: Love Wins\n|-end|p2a: Love Wins|Quark Drive|[silent]\n|-damage|p1b: Riley|87\/100|[from] Recoil\n|move|p2b: Sussy Gussy|Clear Smog|p1a: Jaws\n|-damage|p1a: Jaws|59\/100\n|-clearboost|p1a: Jaws\n|\n|upkeep\n|\n|t:|1682873203\n|switch|p2a: Rage|Gyarados, L50, M|24\/100\n|-ability|p2a: Rage|Intimidate|boost\n|-unboost|p1a: Jaws|atk|1\n|-unboost|p1b: Riley|atk|1\n|turn|8\n|inactive|HeffNastyy has 30 seconds left.\n|inactive|SilverDragon550 has 30 seconds left.\n|inactive|SilverDragon550 has 20 seconds left.\n|\n|t:|1682873238\n|move|p2a: Rage|Protect|p2a: Rage\n|-singleturn|p2a: Rage|Protect\n|move|p1a: Jaws|Taunt|p2b: Sussy Gussy\n|-start|p2b: Sussy Gussy|move: Taunt\n|move|p1b: Riley|Wild Charge|p2a: Rage\n|-activate|p2a: Rage|move: Protect\n|cant|p2b: Sussy Gussy|move: Taunt|Spore\n|\n|upkeep\n|turn|9\n|\n|t:|1682873259\n|-terastallize|p2a: Rage|Flying\n|move|p2a: Rage|Tera Blast|p1b: Riley\n|-supereffective|p1b: Riley\n|-damage|p1b: Riley|7\/100\n|move|p1a: Jaws|Thunder Wave|p2b: Sussy Gussy\n|-status|p2b: Sussy Gussy|par\n|move|p1b: Riley|Wild Charge|p2a: Rage\n|-supereffective|p2a: Rage\n|-damage|p2a: Rage|0 fnt\n|faint|p2a: Rage\n|-damage|p1b: Riley|3\/100|[from] Recoil\n|move|p2b: Sussy Gussy|Clear Smog|p1b: Riley\n|-supereffective|p1b: Riley\n|-damage|p1b: Riley|0 fnt\n|-clearboost|p1b: Riley\n|faint|p1b: Riley\n|-end|p1b: Riley|Quark Drive|[silent]\n|\n|upkeep\n|\n|t:|1682873275\n|switch|p1b: Lilith|Flutter Mane, L50, shiny|100\/100 slp\n|turn|10\n|c|\u2606SilverDragon550|well dang\n|\n|t:|1682873291\n|move|p1a: Jaws|Helping Hand|p1b: Lilith\n|-singleturn|p1b: Lilith|Helping Hand|[of] p1a: Jaws\n|cant|p1b: Lilith|slp\n|move|p2b: Sussy Gussy|Clear Smog|p1b: Lilith\n|-damage|p1b: Lilith|87\/100 slp\n|-clearboost|p1b: Lilith\n|\n|-end|p2b: Sussy Gussy|move: Taunt\n|upkeep\n|turn|11\n|\n|t:|1682873303\n|cant|p1b: Lilith|slp\n|move|p1a: Jaws|Taunt|p2b: Sussy Gussy\n|-start|p2b: Sussy Gussy|move: Taunt\n|cant|p2b: Sussy Gussy|move: Taunt|Spore\n|\n|upkeep\n|turn|12\n|\n|t:|1682873311\n|-curestatus|p1b: Lilith|slp|[msg]\n|move|p1b: Lilith|Shadow Ball|p2b: Sussy Gussy\n|-damage|p2b: Sussy Gussy|48\/100 par\n|-enditem|p2b: Sussy Gussy|Sitrus Berry|[eat]\n|-heal|p2b: Sussy Gussy|73\/100 par|[from] item: Sitrus Berry\n|move|p1a: Jaws|Waterfall|p2b: Sussy Gussy\n|-resisted|p2b: Sussy Gussy\n|-damage|p2b: Sussy Gussy|64\/100 par\n|move|p2b: Sussy Gussy|Clear Smog|p1b: Lilith\n|-damage|p1b: Lilith|72\/100\n|-clearboost|p1b: Lilith\n|\n|upkeep\n|turn|13\n|c|\u2606SilverDragon550|ok yea gg lol\n|-message|SilverDragon550 forfeited.\n|\n|win|HeffNastyy\n|l|\u2606SilverDragon550\n|c|\u2606HeffNastyy|lol\n","uploadtime":1682873805,"views":9,"p1id":"heffnastyy","p2id":"silverdragon550","formatid":"gen9vgc2023regulationc","rating":0,"private":0,"password":""}