{"id":"gen9vgc2023regulationc-1847511508","p1":"Tio Chicha","p2":"GaurdianA","format":"[Gen 9] VGC 2023 Regulation C","log":"|j|\u2606Tio Chicha\n|j|\u2606GaurdianA\n|t:|1681964998\n|gametype|doubles\n|player|p1|Tio Chicha|fisherman|1142\n|player|p2|GaurdianA|larry|1101\n|teamsize|p1|6\n|teamsize|p2|6\n|gen|9\n|tier|[Gen 9] VGC 2023 Regulation C\n|rated|\n|rule|Species Clause: Limit one of each Pok\u00e9mon\n|rule|Item Clause: Limit one of each item\n|clearpoke\n|poke|p1|Abomasnow, L50, F|\n|poke|p1|Golduck, L50, F|\n|poke|p1|Toxicroak, L50, F|\n|poke|p1|Noivern, L50, F|\n|poke|p1|Kingambit, L50, M|\n|poke|p1|Tatsugiri, L50, M|\n|poke|p2|Chien-Pao, L50|\n|poke|p2|Dragapult, L50, M|\n|poke|p2|Dondozo, L50, M|\n|poke|p2|Tatsugiri, L50, F|\n|poke|p2|Amoonguss, L50, F|\n|poke|p2|Garganacl, L50, M|\n|teampreview|4\n|\n|t:|1681965021\n|start\n|switch|p1a: Golduck|Golduck, L50, F|100\/100\n|switch|p1b: Toxicroak|Toxicroak, L50, F|100\/100\n|switch|p2a: Garganacl|Garganacl, L50, M|100\/100\n|switch|p2b: Tatsugiri|Tatsugiri, L50, F, shiny|100\/100\n|turn|1\n|\n|t:|1681965037\n|move|p2b: Tatsugiri|Icy Wind|p1a: Golduck|[spread] p1a,p1b\n|-resisted|p1a: Golduck\n|-damage|p1a: Golduck|91\/100\n|-damage|p1b: Toxicroak|78\/100\n|-unboost|p1a: Golduck|spe|1\n|-unboost|p1b: Toxicroak|spe|1\n|move|p1b: Toxicroak|Rain Dance|p1b: Toxicroak\n|-weather|RainDance\n|move|p1a: Golduck|Surf|p2b: Tatsugiri|[spread] p2a,p2b\n|-heal|p1b: Toxicroak|100\/100|[from] ability: Dry Skin|[of] p1a: Golduck\n|-supereffective|p2a: Garganacl\n|-resisted|p2b: Tatsugiri\n|-damage|p2a: Garganacl|16\/100\n|-damage|p2b: Tatsugiri|85\/100\n|move|p2a: Garganacl|Salt Cure|p1a: Golduck\n|-damage|p1a: Golduck|69\/100\n|-start|p1a: Golduck|Salt Cure\n|\n|-weather|RainDance|[upkeep]\n|-heal|p2a: Garganacl|22\/100|[from] item: Leftovers\n|-damage|p1a: Golduck|44\/100|[from] Salt Cure\n|upkeep\n|turn|2\n|\n|t:|1681965067\n|move|p2a: Garganacl|Protect|p2a: Garganacl\n|-singleturn|p2a: Garganacl|Protect\n|move|p2b: Tatsugiri|Icy Wind|p1a: Golduck|[spread] p1a,p1b\n|-resisted|p1a: Golduck\n|-damage|p1a: Golduck|34\/100\n|-damage|p1b: Toxicroak|80\/100\n|-unboost|p1a: Golduck|spe|1\n|-unboost|p1b: Toxicroak|spe|1\n|move|p1a: Golduck|Nasty Plot|p1a: Golduck\n|-boost|p1a: Golduck|spa|2\n|move|p1b: Toxicroak|Drain Punch|p2b: Tatsugiri\n|-damage|p2b: Tatsugiri|19\/100\n|-heal|p1b: Toxicroak|100\/100|[from] drain|[of] p2b: Tatsugiri\n|\n|-weather|RainDance|[upkeep]\n|-heal|p2a: Garganacl|28\/100|[from] item: Leftovers\n|-damage|p1a: Golduck|10\/100|[from] Salt Cure\n|upkeep\n|turn|3\n|\n|t:|1681965087\n|move|p2b: Tatsugiri|Icy Wind|p1a: Golduck|[spread] p1a,p1b\n|-resisted|p1a: Golduck\n|-damage|p1a: Golduck|0 fnt\n|-damage|p1b: Toxicroak|81\/100\n|-unboost|p1b: Toxicroak|spe|1\n|faint|p1a: Golduck\n|move|p1b: Toxicroak|Drain Punch|p2b: Tatsugiri\n|-damage|p2b: Tatsugiri|0 fnt\n|-heal|p1b: Toxicroak|89\/100|[from] drain|[of] p2b: Tatsugiri\n|faint|p2b: Tatsugiri\n|move|p2a: Garganacl|Recover|p2a: Garganacl\n|-heal|p2a: Garganacl|78\/100\n|\n|-weather|RainDance|[upkeep]\n|-heal|p1b: Toxicroak|100\/100|[from] ability: Dry Skin\n|-heal|p2a: Garganacl|84\/100|[from] item: Leftovers\n|upkeep\n|\n|t:|1681965109\n|switch|p2b: Dondozo|Dondozo, L50, M, shiny|100\/100\n|switch|p1a: Noivern|Noivern, L50, F|100\/100\n|turn|4\n|\n|t:|1681965131\n|move|p1a: Noivern|Dragon Pulse|p2b: Dondozo\n|-damage|p2b: Dondozo|62\/100\n|move|p2b: Dondozo|Wave Crash|p1a: Noivern\n|-resisted|p1a: Noivern\n|-damage|p1a: Noivern|42\/100\n|-damage|p2b: Dondozo|49\/100|[from] Recoil\n|move|p1b: Toxicroak|Earthquake|p2a: Garganacl|[spread] p2a,p2b\n|-activate|p1a: Noivern|ability: Telepathy\n|-supereffective|p2a: Garganacl\n|-damage|p2a: Garganacl|54\/100\n|-damage|p2b: Dondozo|33\/100\n|move|p2a: Garganacl|Salt Cure|p1a: Noivern\n|-supereffective|p1a: Noivern\n|-damage|p1a: Noivern|4\/100\n|-start|p1a: Noivern|Salt Cure\n|\n|-weather|RainDance|[upkeep]\n|-heal|p2a: Garganacl|59\/100|[from] item: Leftovers\n|-damage|p1a: Noivern|0 fnt|[from] Salt Cure\n|faint|p1a: Noivern\n|upkeep\n|\n|t:|1681965148\n|switch|p1a: Abomasnow|Abomasnow, L50, F|100\/100\n|turn|5\n|\n|t:|1681965160\n|move|p1a: Abomasnow|Seed Bomb|p2b: Dondozo\n|-supereffective|p2b: Dondozo\n|-damage|p2b: Dondozo|0 fnt\n|faint|p2b: Dondozo\n|-damage|p1a: Abomasnow|91\/100|[from] item: Life Orb\n|move|p1b: Toxicroak|Drain Punch|p2a: Garganacl\n|-supereffective|p2a: Garganacl\n|-damage|p2a: Garganacl|15\/100\n|move|p2a: Garganacl|Recover|p2a: Garganacl\n|-heal|p2a: Garganacl|65\/100\n|\n|-weather|none\n|-heal|p2a: Garganacl|71\/100|[from] item: Leftovers\n|upkeep\n|\n|t:|1681965170\n|switch|p2b: Dragapult|Dragapult, L50, M, shiny|100\/100\n|turn|6\n|\n|t:|1681965180\n|-terastallize|p2b: Dragapult|Steel\n|move|p2b: Dragapult|Tera Blast|p1a: Abomasnow\n|-supereffective|p1a: Abomasnow\n|-damage|p1a: Abomasnow|0 fnt\n|faint|p1a: Abomasnow\n|move|p1b: Toxicroak|Drain Punch|p2a: Garganacl\n|-supereffective|p2a: Garganacl\n|-damage|p2a: Garganacl|22\/100\n|move|p2a: Garganacl|Salt Cure|p1b: Toxicroak\n|-resisted|p1b: Toxicroak\n|-damage|p1b: Toxicroak|90\/100\n|-start|p1b: Toxicroak|Salt Cure\n|\n|-heal|p2a: Garganacl|28\/100|[from] item: Leftovers\n|-damage|p1b: Toxicroak|78\/100|[from] Salt Cure\n|upkeep\n|turn|7\n|\n|t:|1681965195\n|move|p2b: Dragapult|Tera Blast|p1b: Toxicroak\n|-damage|p1b: Toxicroak|0 fnt\n|faint|p1b: Toxicroak\n|\n|win|GaurdianA\n|raw|Tio Chicha's rating: 1142 → 1114<\/strong> (-28 for losing)\n|raw|GaurdianA's rating: 1101 → 1129<\/strong> (+28 for winning)\n","uploadtime":1681965202,"views":8,"p1id":"tiochicha","p2id":"gaurdiana","formatid":"gen9vgc2023regulationc","rating":1114,"private":0,"password":""}