{"id":"gen9vgc2023regulationc-1859835562","p1":"thrillcorner","p2":"massi26","format":"[Gen 9] VGC 2023 Regulation C","log":"|j|\u2606thrillcorner\n|j|\u2606massi26\n|t:|1683568518\n|gametype|doubles\n|player|p1|thrillcorner|red-masters2|1374\n|player|p2|massi26|101|1327\n|teamsize|p1|6\n|teamsize|p2|6\n|gen|9\n|tier|[Gen 9] VGC 2023 Regulation C\n|rated|\n|rule|Species Clause: Limit one of each Pok\u00e9mon\n|rule|Item Clause: Limit one of each item\n|clearpoke\n|poke|p1|Arcanine, L50, F|\n|poke|p1|Amoonguss, L50, F|\n|poke|p1|Kingambit, L50, M|\n|poke|p1|Flutter Mane, L50|\n|poke|p1|Palafin, L50, F|\n|poke|p1|Ting-Lu, L50|\n|poke|p2|Flutter Mane, L50|\n|poke|p2|Amoonguss, L50, F|\n|poke|p2|Chi-Yu, L50|\n|poke|p2|Dragonite, L50, M|\n|poke|p2|Gyarados, L50, F|\n|poke|p2|Chien-Pao, L50|\n|teampreview|4\n|\n|t:|1683568559\n|start\n|switch|p1a: Ripley|Arcanine, L50, F|100\/100\n|switch|p1b: Blueshido|Kingambit, L50, M, shiny|100\/100\n|switch|p2a: Amoonguss|Amoonguss, L50, F|100\/100\n|switch|p2b: Dragonite|Dragonite, L50, M|100\/100\n|-ability|p1a: Ripley|Intimidate|boost\n|-unboost|p2a: Amoonguss|atk|1\n|-fail|p2b: Dragonite|unboost|Attack|[from] ability: Inner Focus|[of] p2b: Dragonite\n|turn|1\n|\n|t:|1683568582\n|switch|p2b: Chi-Yu|Chi-Yu, L50|100\/100\n|-ability|p2b: Chi-Yu|Beads of Ruin\n|move|p1a: Ripley|Howl|p1a: Ripley|[spread] p1a,p1b\n|-boost|p1a: Ripley|atk|1\n|-boost|p1b: Blueshido|atk|1\n|move|p1b: Blueshido|Swords Dance|p1b: Blueshido\n|-boost|p1b: Blueshido|atk|2\n|move|p2a: Amoonguss|Spore|p1b: Blueshido\n|-status|p1b: Blueshido|slp|[from] move: Spore\n|-enditem|p1b: Blueshido|Lum Berry|[eat]\n|-curestatus|p1b: Blueshido|slp|[msg]\n|\n|upkeep\n|turn|2\n|\n|t:|1683568603\n|move|p1b: Blueshido|Protect|p1b: Blueshido\n|-singleturn|p1b: Blueshido|Protect\n|move|p2a: Amoonguss|Rage Powder|p2a: Amoonguss\n|-singleturn|p2a: Amoonguss|move: Rage Powder\n|move|p2b: Chi-Yu|Heat Wave|p1a: Ripley|[spread] p1a\n|-activate|p1b: Blueshido|move: Protect\n|-resisted|p1a: Ripley\n|-damage|p1a: Ripley|74\/100\n|move|p1a: Ripley|Howl|p1a: Ripley|[spread] p1a,p1b\n|-boost|p1a: Ripley|atk|1\n|-boost|p1b: Blueshido|atk|1\n|\n|upkeep\n|turn|3\n|\n|t:|1683568621\n|-terastallize|p1b: Blueshido|Dark\n|move|p1a: Ripley|Extreme Speed|p2b: Chi-Yu\n|-damage|p2b: Chi-Yu|28\/100\n|move|p2a: Amoonguss|Rage Powder|p2a: Amoonguss\n|-singleturn|p2a: Amoonguss|move: Rage Powder\n|move|p2b: Chi-Yu|Heat Wave|p1a: Ripley|[spread] p1a,p1b\n|-resisted|p1a: Ripley\n|-damage|p1a: Ripley|50\/100\n|-damage|p1b: Blueshido|49\/100\n|move|p1b: Blueshido|Kowtow Cleave|p2a: Amoonguss\n|-crit|p2a: Amoonguss\n|-damage|p2a: Amoonguss|0 fnt\n|faint|p2a: Amoonguss\n|\n|upkeep\n|\n|t:|1683568640\n|switch|p2a: Dragonite|Dragonite, L50, M|100\/100\n|turn|4\n|\n|t:|1683568658\n|-terastallize|p2b: Chi-Yu|Ghost\n|move|p1b: Blueshido|Protect|p1b: Blueshido\n|-singleturn|p1b: Blueshido|Protect\n|move|p2b: Chi-Yu|Heat Wave|p1b: Blueshido|[spread] p1a\n|-activate|p1b: Blueshido|move: Protect\n|-resisted|p1a: Ripley\n|-damage|p1a: Ripley|25\/100\n|move|p1a: Ripley|Will-O-Wisp|p2a: Dragonite\n|-status|p2a: Dragonite|brn\n|move|p2a: Dragonite|Low Kick|p1b: Blueshido\n|-activate|p1b: Blueshido|move: Protect\n|\n|-damage|p2a: Dragonite|95\/100 brn|[from] brn\n|upkeep\n|turn|5\n|\n|t:|1683568680\n|move|p1b: Blueshido|Sucker Punch|p2a: Dragonite\n|-crit|p2a: Dragonite\n|-damage|p2a: Dragonite|0 fnt\n|faint|p2a: Dragonite\n|move|p2b: Chi-Yu|Heat Wave|p1a: Ripley|[spread] p1a,p1b\n|-resisted|p1a: Ripley\n|-damage|p1a: Ripley|1\/100\n|-damage|p1b: Blueshido|3\/100\n|move|p1a: Ripley|Flare Blitz|p2b: Chi-Yu\n|-damage|p2b: Chi-Yu|0 fnt\n|faint|p2b: Chi-Yu\n|-damage|p1a: Ripley|0 fnt|[from] Recoil\n|faint|p1a: Ripley\n|\n|upkeep\n|-message|massi26 forfeited.\n|\n|win|thrillcorner\n|raw|thrillcorner's rating: 1374 → 1391<\/strong> (+17 for winning)\n|raw|massi26's rating: 1327 → 1310<\/strong> (-17 for losing)\n|l|\u2606massi26\n|c|\u2606thrillcorner|gg\n","uploadtime":1683568695,"views":32,"p1id":"thrillcorner","p2id":"massi26","formatid":"gen9vgc2023regulationc","rating":1310,"private":0,"password":""}