{"id":"gen9vgc2023regulationc-1847003310","p1":"Fokkos","p2":"Gunterzilla","format":"[Gen 9] VGC 2023 Regulation C","log":"|j|\u2606Fokkos\n|j|\u2606Gunterzilla\n|t:|1681910765\n|gametype|doubles\n|player|p1|Fokkos|flannery|1060\n|player|p2|Gunterzilla|bruno|1161\n|teamsize|p1|6\n|teamsize|p2|6\n|gen|9\n|tier|[Gen 9] VGC 2023 Regulation C\n|rated|\n|rule|Species Clause: Limit one of each Pok\u00e9mon\n|rule|Item Clause: Limit one of each item\n|clearpoke\n|poke|p1|Flutter Mane, L50|\n|poke|p1|Arcanine, L50, M|\n|poke|p1|Tinkaton, L50, F|\n|poke|p1|Palafin, L50, M|\n|poke|p1|Amoonguss, L50, M|\n|poke|p1|Sableye, L50, F|\n|poke|p2|Tyranitar, L50, F|\n|poke|p2|Flutter Mane, L50|\n|poke|p2|Arcanine, L50, F|\n|poke|p2|Gastrodon, L50, F|\n|poke|p2|Talonflame, L50, F|\n|poke|p2|Wo-Chien, L50|\n|teampreview|4\n|\n|t:|1681910798\n|start\n|switch|p1a: Palafin|Palafin, L50, M|100\/100\n|switch|p1b: Tinkaton|Tinkaton, L50, F|100\/100\n|switch|p2a: Flutter Mane|Flutter Mane, L50|100\/100\n|switch|p2b: Talonflame|Talonflame, L50, F|100\/100\n|turn|1\n|inactive|Battle timer is ON: inactive players will automatically lose when time's up. (requested by Gunterzilla)\n|\n|t:|1681910827\n|detailschange|p1a: Palafin|Palafin-Hero, L50, M\n|switch|p1a: Sableye|Sableye, L50, F|100\/100\n|move|p1b: Tinkaton|Fake Out|p2b: Talonflame\n|-damage|p2b: Talonflame|86\/100\n|move|p2a: Flutter Mane|Shadow Ball|p1b: Tinkaton\n|-damage|p1b: Tinkaton|50\/100\n|cant|p2b: Talonflame|flinch\n|\n|upkeep\n|turn|2\n|inactive|Fokkos has 30 seconds left.\n|inactive|Fokkos has 20 seconds left.\n|\n|t:|1681910865\n|move|p1a: Sableye|Fake Out|p2b: Talonflame\n|-damage|p2b: Talonflame|77\/100\n|move|p2a: Flutter Mane|Shadow Ball|p1a: Sableye\n|-damage|p1a: Sableye|4\/100\n|cant|p2b: Talonflame|flinch\n|move|p1b: Tinkaton|Gigaton Hammer|p2a: Flutter Mane\n|-supereffective|p2a: Flutter Mane\n|-damage|p2a: Flutter Mane|0 fnt\n|faint|p2a: Flutter Mane\n|-end|p2a: Flutter Mane|Protosynthesis|[silent]\n|\n|upkeep\n|\n|t:|1681910889\n|switch|p2a: Tyranitar|Tyranitar, L50, F|100\/100\n|-weather|Sandstorm|[from] ability: Sand Stream|[of] p2a: Tyranitar\n|turn|3\n|inactive|Fokkos has 30 seconds left.\n|\n|t:|1681910917\n|switch|p1b: Palafin|Palafin-Hero, L50, M|100\/100\n|-activate|p1b: Palafin|ability: Zero to Hero\n|move|p1a: Sableye|Thunder Wave|p2a: Tyranitar\n|-hint|Since gen 7, Dark is immune to Prankster moves.\n|-immune|p2a: Tyranitar\n|move|p2b: Talonflame|Taunt|p1a: Sableye\n|-start|p1a: Sableye|move: Taunt\n|move|p2a: Tyranitar|Rock Slide|p1a: Sableye|[spread] p1b\n|-miss|p2a: Tyranitar|p1a: Sableye\n|-damage|p1b: Palafin|49\/100\n|\n|-weather|Sandstorm|[upkeep]\n|-damage|p1b: Palafin|43\/100|[from] Sandstorm\n|-damage|p1a: Sableye|0 fnt|[from] Sandstorm\n|faint|p1a: Sableye\n|upkeep\n|\n|t:|1681910930\n|switch|p1a: Tinkaton|Tinkaton, L50, F|50\/100\n|turn|4\n|\n|t:|1681910943\n|-terastallize|p2b: Talonflame|Ghost\n|move|p1a: Tinkaton|Fake Out|p2b: Talonflame\n|-immune|p2b: Talonflame\n|move|p2b: Talonflame|Tailwind|p2b: Talonflame\n|-sidestart|p2: Gunterzilla|move: Tailwind\n|move|p2a: Tyranitar|Rock Slide|p1b: Palafin|[spread] p1a,p1b\n|-resisted|p1a: Tinkaton\n|-damage|p1a: Tinkaton|16\/100\n|-damage|p1b: Palafin|0 fnt\n|faint|p1b: Palafin\n|\n|-weather|Sandstorm|[upkeep]\n|upkeep\n|\n|t:|1681910951\n|switch|p1b: Flutter Mane|Flutter Mane, L50|100\/100\n|turn|5\n|\n|t:|1681910962\n|-terastallize|p1b: Flutter Mane|Fairy\n|move|p2b: Talonflame|Brave Bird|p1a: Tinkaton\n|-resisted|p1a: Tinkaton\n|-damage|p1a: Tinkaton|0 fnt\n|faint|p1a: Tinkaton\n|-damage|p2b: Talonflame|72\/100|[from] Recoil\n|move|p2a: Tyranitar|Rock Slide|p1b: Flutter Mane\n|-damage|p1b: Flutter Mane|0 fnt\n|faint|p1b: Flutter Mane\n|-end|p1b: Flutter Mane|Protosynthesis|[silent]\n|\n|win|Gunterzilla\n|raw|Fokkos's rating: 1060 → 1046<\/strong> (-14 for losing)\n|raw|Gunterzilla's rating: 1161 → 1179<\/strong> (+18 for winning)\n|l|\u2606Fokkos\n|c|\u2606Gunterzilla|gg\n","uploadtime":1681911006,"views":5,"p1id":"fokkos","p2id":"gunterzilla","formatid":"gen9vgc2023regulationc","rating":1046,"private":0,"password":""}