{"id":"gen9vgc2023regulationc-1862895439","p1":"rmnew72","p2":"RIPTheDollarMenu","format":"[Gen 9] VGC 2023 Regulation C","log":"|j|\u2606rmnew72\n|j|\u2606RIPTheDollarMenu\n|t:|1683935097\n|gametype|doubles\n|player|p1|rmnew72|266|1192\n|player|p2|RIPTheDollarMenu|waiter-gen4|1206\n|teamsize|p1|6\n|teamsize|p2|6\n|gen|9\n|tier|[Gen 9] VGC 2023 Regulation C\n|rated|\n|rule|Species Clause: Limit one of each Pok\u00e9mon\n|rule|Item Clause: Limit one of each item\n|clearpoke\n|poke|p1|Grimmsnarl, L50, M|\n|poke|p1|Arcanine, L50, M|\n|poke|p1|Volcarona, L50, M|\n|poke|p1|Salamence, L50, F|\n|poke|p1|Annihilape, L50, M|\n|poke|p1|Glimmora, L50, M|\n|poke|p2|Tyranitar, L50, M|\n|poke|p2|Garchomp, L50, M|\n|poke|p2|Scream Tail, L50|\n|poke|p2|Corviknight, L50, F|\n|poke|p2|Gyarados, L50, F|\n|poke|p2|Iron Hands, L50|\n|teampreview|4\n|inactive|Battle timer is ON: inactive players will automatically lose when time's up. (requested by RIPTheDollarMenu)\n|\n|t:|1683935140\n|start\n|switch|p1a: Grimmsnarl|Grimmsnarl, L50, M|100\/100\n|switch|p1b: Annihilape|Annihilape, L50, M|100\/100\n|switch|p2a: Beholder|Scream Tail, L50, shiny|100\/100\n|switch|p2b: Mogaru|Garchomp, L50, M|100\/100\n|-enditem|p2a: Beholder|Booster Energy\n|-activate|p2a: Beholder|ability: Protosynthesis|[fromitem]\n|-start|p2a: Beholder|protosynthesisspe\n|turn|1\n|\n|t:|1683935164\n|move|p1b: Annihilape|Protect|p1b: Annihilape\n|-singleturn|p1b: Annihilape|Protect\n|move|p1a: Grimmsnarl|Reflect|p1a: Grimmsnarl\n|-sidestart|p1: rmnew72|Reflect\n|move|p2a: Beholder|Encore|p1a: Grimmsnarl\n|-start|p1a: Grimmsnarl|Encore\n|move|p2b: Mogaru|Swords Dance|p2b: Mogaru\n|-boost|p2b: Mogaru|atk|2\n|\n|upkeep\n|turn|2\n|\n|t:|1683935186\n|switch|p1a: Arcanine|Arcanine, L50, M|100\/100\n|-ability|p1a: Arcanine|Intimidate|boost\n|-unboost|p2a: Beholder|atk|1\n|-unboost|p2b: Mogaru|atk|1\n|move|p2a: Beholder|Encore|p1b: Annihilape\n|-start|p1b: Annihilape|Encore\n|move|p2b: Mogaru|Rock Slide|p1b: Annihilape|[spread] p1a,p1b\n|-supereffective|p1a: Arcanine\n|-resisted|p1b: Annihilape\n|-damage|p1a: Arcanine|67\/100\n|-damage|p1b: Annihilape|92\/100\n|cant|p1b: Annihilape|flinch\n|\n|-heal|p1b: Annihilape|98\/100|[from] item: Leftovers\n|upkeep\n|turn|3\n|inactive|RIPTheDollarMenu has 30 seconds left.\n|\n|t:|1683935213\n|switch|p1a: Grimmsnarl|Grimmsnarl, L50, M|100\/100\n|move|p1b: Annihilape|Protect|p1b: Annihilape\n|-singleturn|p1b: Annihilape|Protect\n|move|p2a: Beholder|Thunder Wave|p1a: Grimmsnarl\n|-status|p1a: Grimmsnarl|par\n|move|p2b: Mogaru|Rock Slide|p1a: Grimmsnarl|[spread] p1a\n|-activate|p1b: Annihilape|move: Protect\n|-damage|p1a: Grimmsnarl|81\/100 par\n|\n|-heal|p1b: Annihilape|100\/100|[from] item: Leftovers\n|upkeep\n|turn|4\n|\n|t:|1683935229\n|move|p1b: Annihilape|Protect|p1b: Annihilape\n|-singleturn|p1b: Annihilape|Protect\n|cant|p1a: Grimmsnarl|par\n|move|p2a: Beholder|Thunder Wave|p1b: Annihilape\n|-activate|p1b: Annihilape|move: Protect\n|move|p2b: Mogaru|Swords Dance|p2b: Mogaru\n|-boost|p2b: Mogaru|atk|2\n|\n|-end|p1b: Annihilape|Encore\n|upkeep\n|turn|5\n|\n|t:|1683935238\n|switch|p1b: Arcanine|Arcanine, L50, M|67\/100\n|-ability|p1b: Arcanine|Intimidate|boost\n|-unboost|p2a: Beholder|atk|1\n|-unboost|p2b: Mogaru|atk|1\n|move|p1a: Grimmsnarl|Parting Shot|p2b: Mogaru\n|-unboost|p2b: Mogaru|atk|1\n|-unboost|p2b: Mogaru|spa|1\n|\n|t:|1683935245\n|switch|p1a: Annihilape|Annihilape, L50, M|100\/100|[from] Parting Shot\n|move|p2a: Beholder|Encore||[still]\n|-fail|p2a: Beholder\n|move|p2b: Mogaru|Swords Dance|p2b: Mogaru\n|-boost|p2b: Mogaru|atk|2\n|\n|upkeep\n|turn|6\n|\n|t:|1683935266\n|switch|p1b: Grimmsnarl|Grimmsnarl, L50, M|81\/100 par\n|move|p2a: Beholder|Thunder Wave|p1a: Annihilape\n|-status|p1a: Annihilape|par\n|move|p2b: Mogaru|Rock Slide|p1b: Grimmsnarl|[spread] p1a,p1b\n|-resisted|p1a: Annihilape\n|-damage|p1a: Annihilape|87\/100 par\n|-damage|p1b: Grimmsnarl|45\/100 par\n|move|p1a: Annihilape|Rage Fist|p2a: Beholder\n|-supereffective|p2a: Beholder\n|-damage|p2a: Beholder|0 fnt\n|faint|p2a: Beholder\n|-end|p2a: Beholder|Protosynthesis|[silent]\n|\n|-heal|p1a: Annihilape|93\/100 par|[from] item: Leftovers\n|upkeep\n|\n|t:|1683935280\n|switch|p2a: Corviknight|Corviknight, L50, F|100\/100\n|turn|7\n|\n|t:|1683935288\n|move|p1b: Grimmsnarl|Parting Shot|p2b: Mogaru\n|-unboost|p2b: Mogaru|atk|1\n|-unboost|p2b: Mogaru|spa|1\n|\n|t:|1683935292\n|switch|p1b: Arcanine|Arcanine, L50, M|67\/100|[from] Parting Shot\n|-ability|p1b: Arcanine|Intimidate|boost\n|-ability|p2a: Corviknight|Mirror Armor\n|-unboost|p1b: Arcanine|atk|1\n|-unboost|p2b: Mogaru|atk|1\n|move|p2b: Mogaru|Earthquake|p1b: Arcanine|[spread] p1a,p1b\n|-immune|p2a: Corviknight\n|-supereffective|p1b: Arcanine\n|-damage|p1a: Annihilape|58\/100 par\n|-damage|p1b: Arcanine|0 fnt\n|faint|p1b: Arcanine\n|move|p2a: Corviknight|Brave Bird|p1a: Annihilape\n|-supereffective|p1a: Annihilape\n|-damage|p1a: Annihilape|0 fnt\n|faint|p1a: Annihilape\n|-damage|p2a: Corviknight|82\/100|[from] Recoil\n|\n|upkeep\n|\n|t:|1683935306\n|switch|p1b: Volcarona|Volcarona, L50, M|100\/100\n|switch|p1a: Grimmsnarl|Grimmsnarl, L50, M|45\/100 par\n|turn|8\n|\n|t:|1683935319\n|switch|p2a: Leviathan|Gyarados, L50, F|100\/100\n|-ability|p2a: Leviathan|Intimidate|boost\n|-unboost|p1a: Grimmsnarl|atk|1\n|-unboost|p1b: Volcarona|atk|1\n|-terastallize|p1b: Volcarona|Water\n|move|p2b: Mogaru|Protect|p2b: Mogaru\n|-singleturn|p2b: Mogaru|Protect\n|move|p1a: Grimmsnarl|Parting Shot|p2b: Mogaru\n|-activate|p2b: Mogaru|move: Protect\n|move|p1b: Volcarona|Quiver Dance|p1b: Volcarona\n|-boost|p1b: Volcarona|spa|1\n|-boost|p1b: Volcarona|spd|1\n|-boost|p1b: Volcarona|spe|1\n|\n|-sideend|p1: rmnew72|Reflect\n|upkeep\n|turn|9\n|\n|t:|1683935344\n|move|p1a: Grimmsnarl|Reflect|p1a: Grimmsnarl\n|-sidestart|p1: rmnew72|Reflect\n|move|p1b: Volcarona|Giga Drain|p2a: Leviathan\n|-damage|p2a: Leviathan|67\/100\n|move|p2b: Mogaru|Earthquake|p1a: Grimmsnarl|[spread] p1a,p1b\n|-immune|p2a: Leviathan\n|-damage|p1a: Grimmsnarl|7\/100 par\n|-damage|p1b: Volcarona|63\/100\n|move|p2a: Leviathan|Waterfall|p1a: Grimmsnarl\n|-damage|p1a: Grimmsnarl|0 fnt\n|faint|p1a: Grimmsnarl\n|\n|-heal|p2a: Leviathan|73\/100|[from] item: Leftovers\n|upkeep\n|turn|10\n|\n|t:|1683935368\n|move|p1b: Volcarona|Quiver Dance|p1b: Volcarona\n|-boost|p1b: Volcarona|spa|1\n|-boost|p1b: Volcarona|spd|1\n|-boost|p1b: Volcarona|spe|1\n|move|p2b: Mogaru|Earthquake|p1b: Volcarona|[spread] p1b\n|-immune|p2a: Leviathan\n|-damage|p1b: Volcarona|21\/100\n|move|p2a: Leviathan|Taunt|p1b: Volcarona\n|-start|p1b: Volcarona|move: Taunt\n|\n|-heal|p2a: Leviathan|80\/100|[from] item: Leftovers\n|upkeep\n|turn|11\n|\n|t:|1683935380\n|move|p2a: Leviathan|Protect|p2a: Leviathan\n|-singleturn|p2a: Leviathan|Protect\n|move|p1b: Volcarona|Giga Drain|p2a: Leviathan\n|-activate|p2a: Leviathan|move: Protect\n|move|p2b: Mogaru|Earthquake|p1b: Volcarona|[spread] p1b\n|-activate|p2a: Leviathan|move: Protect\n|-damage|p1b: Volcarona|0 fnt\n|faint|p1b: Volcarona\n|\n|win|RIPTheDollarMenu\n|raw|rmnew72's rating: 1192 → 1168<\/strong> (-24 for losing)\n|raw|RIPTheDollarMenu's rating: 1206 → 1230<\/strong> (+24 for winning)\n","uploadtime":1683935384,"views":10,"p1id":"rmnew72","p2id":"ripthedollarmenu","formatid":"gen9vgc2023regulationc","rating":1168,"private":0,"password":""}