{"id":"gen9vgc2023regulationc-1861233296","p1":"Arcacagne","p2":"Silverna","format":"[Gen 9] VGC 2023 Regulation C","log":"|j|\u2606Arcacagne\n|j|\u2606Silverna\n|t:|1683738095\n|gametype|doubles\n|player|p1|Arcacagne|265|1282\n|player|p2|Silverna|silver|1295\n|teamsize|p1|6\n|teamsize|p2|6\n|gen|9\n|tier|[Gen 9] VGC 2023 Regulation C\n|rated|\n|rule|Species Clause: Limit one of each Pok\u00e9mon\n|rule|Item Clause: Limit one of each item\n|clearpoke\n|poke|p1|Chi-Yu, L50|\n|poke|p1|Flutter Mane, L50|\n|poke|p1|Amoonguss, L50, M|\n|poke|p1|Palafin, L50, F|\n|poke|p1|Iron Hands, L50|\n|poke|p1|Arcanine, L50, F|\n|poke|p2|Orthworm, L50, M|\n|poke|p2|Dragonite, L50, M|\n|poke|p2|Ting-Lu, L50|\n|poke|p2|Chien-Pao, L50|\n|poke|p2|Gyarados, L50, M|\n|poke|p2|Flutter Mane, L50|\n|teampreview|4\n|inactive|Battle timer is ON: inactive players will automatically lose when time's up. (requested by Silverna)\n|inactive|Arcacagne has 60 seconds left.\n|inactive|Silverna has 60 seconds left.\n|\n|t:|1683738148\n|start\n|switch|p1a: Amoonguss|Amoonguss, L50, M|100\/100\n|switch|p1b: Iron Hands|Iron Hands, L50|100\/100\n|switch|p2a: Lance|Gyarados, L50, M, shiny|100\/100\n|switch|p2b: Orthworm|Orthworm, L50, M|100\/100\n|-ability|p2a: Lance|Intimidate|boost\n|-unboost|p1a: Amoonguss|atk|1\n|-unboost|p1b: Iron Hands|atk|1\n|turn|1\n|\n|t:|1683738167\n|-terastallize|p2a: Lance|Grass\n|move|p2b: Orthworm|Protect|p2b: Orthworm\n|-singleturn|p2b: Orthworm|Protect\n|move|p1b: Iron Hands|Fake Out|p2b: Orthworm\n|-activate|p2b: Orthworm|move: Protect\n|move|p2a: Lance|Taunt|p1a: Amoonguss\n|-start|p1a: Amoonguss|move: Taunt\n|cant|p1a: Amoonguss|move: Taunt|Spore\n|\n|upkeep\n|turn|2\n|\n|t:|1683738182\n|switch|p1a: Arcanine|Arcanine, L50, F|100\/100\n|-ability|p1a: Arcanine|Intimidate|boost\n|-unboost|p2a: Lance|atk|1\n|-unboost|p2b: Orthworm|atk|1\n|move|p2a: Lance|Thunder Wave|p1b: Iron Hands\n|-immune|p1b: Iron Hands\n|move|p2b: Orthworm|Iron Defense|p2b: Orthworm\n|-boost|p2b: Orthworm|def|2\n|move|p1b: Iron Hands|Swords Dance|p1b: Iron Hands\n|-boost|p1b: Iron Hands|atk|2\n|\n|upkeep\n|turn|3\n|\n|t:|1683738199\n|move|p1a: Arcanine|Will-O-Wisp|p2a: Lance\n|-status|p2a: Lance|brn\n|move|p2a: Lance|Waterfall|p1a: Arcanine\n|-supereffective|p1a: Arcanine\n|-damage|p1a: Arcanine|82\/100\n|move|p2b: Orthworm|Iron Defense|p2b: Orthworm\n|-boost|p2b: Orthworm|def|2\n|move|p1b: Iron Hands|Drain Punch|p2b: Orthworm\n|-supereffective|p2b: Orthworm\n|-damage|p2b: Orthworm|76\/100\n|\n|-damage|p2a: Lance|95\/100 brn|[from] brn\n|upkeep\n|turn|4\n|\n|t:|1683738217\n|move|p1a: Arcanine|Will-O-Wisp|p2b: Orthworm\n|-status|p2b: Orthworm|brn\n|move|p2a: Lance|Thunder Wave|p1a: Arcanine|[miss]\n|-miss|p2a: Lance|p1a: Arcanine\n|move|p2b: Orthworm|Iron Defense|p2b: Orthworm\n|-boost|p2b: Orthworm|def|2\n|move|p1b: Iron Hands|Swords Dance|p1b: Iron Hands\n|-boost|p1b: Iron Hands|atk|2\n|\n|-heal|p2a: Lance|100\/100 brn|[from] item: Leftovers\n|-damage|p2a: Lance|95\/100 brn|[from] brn\n|-damage|p2b: Orthworm|69\/100 brn|[from] brn\n|upkeep\n|turn|5\n|inactive|Arcacagne has 30 seconds left.\n|\n|t:|1683738245\n|move|p1a: Arcanine|Flare Blitz|p2a: Lance\n|-supereffective|p2a: Lance\n|-damage|p2a: Lance|2\/100 brn\n|-damage|p1a: Arcanine|51\/100|[from] Recoil\n|move|p2a: Lance|Thunder Wave|p1a: Arcanine\n|-status|p1a: Arcanine|par\n|move|p2b: Orthworm|Body Press|p1a: Arcanine\n|-damage|p1a: Arcanine|10\/100 par\n|-enditem|p1a: Arcanine|Aguav Berry|[eat]\n|-heal|p1a: Arcanine|43\/100 par|[from] item: Aguav Berry\n|move|p1b: Iron Hands|Drain Punch|p2b: Orthworm\n|-supereffective|p2b: Orthworm\n|-damage|p2b: Orthworm|34\/100 brn\n|-enditem|p2b: Orthworm|Sitrus Berry|[eat]\n|-heal|p2b: Orthworm|59\/100 brn|[from] item: Sitrus Berry\n|\n|-heal|p2a: Lance|8\/100 brn|[from] item: Leftovers\n|-damage|p2a: Lance|2\/100 brn|[from] brn\n|-damage|p2b: Orthworm|53\/100 brn|[from] brn\n|upkeep\n|turn|6\n|\n|t:|1683738267\n|move|p1a: Arcanine|Extreme Speed|p2a: Lance\n|-crit|p2a: Lance\n|-damage|p2a: Lance|0 fnt\n|faint|p2a: Lance\n|move|p2b: Orthworm|Body Press|p1a: Arcanine\n|-damage|p1a: Arcanine|0 fnt\n|faint|p1a: Arcanine\n|move|p1b: Iron Hands|Drain Punch|p2b: Orthworm\n|-supereffective|p2b: Orthworm\n|-damage|p2b: Orthworm|18\/100 brn\n|\n|-damage|p2b: Orthworm|12\/100 brn|[from] brn\n|upkeep\n|\n|t:|1683738282\n|switch|p1a: Flutter Mane|Flutter Mane, L50|100\/100\n|switch|p2a: Chien-Pao|Chien-Pao, L50|100\/100\n|-ability|p2a: Chien-Pao|Sword of Ruin\n|-enditem|p1a: Flutter Mane|Booster Energy\n|-activate|p1a: Flutter Mane|ability: Protosynthesis|[fromitem]\n|-start|p1a: Flutter Mane|protosynthesisspa\n|turn|7\n|\n|t:|1683738302\n|move|p1a: Flutter Mane|Protect|p1a: Flutter Mane\n|-singleturn|p1a: Flutter Mane|Protect\n|move|p2a: Chien-Pao|Ice Spinner|p1a: Flutter Mane\n|-activate|p1a: Flutter Mane|move: Protect\n|move|p2b: Orthworm|Body Press|p1b: Iron Hands\n|-damage|p1b: Iron Hands|54\/100\n|move|p1b: Iron Hands|Drain Punch|p2a: Chien-Pao\n|-supereffective|p2a: Chien-Pao\n|-enditem|p2a: Chien-Pao|Focus Sash\n|-damage|p2a: Chien-Pao|1\/100\n|-heal|p1b: Iron Hands|85\/100|[from] drain|[of] p2a: Chien-Pao\n|\n|-damage|p2b: Orthworm|6\/100 brn|[from] brn\n|upkeep\n|turn|8\n|inactive|Arcacagne has 30 seconds left.\n|\n|t:|1683738328\n|-end|p1a: Flutter Mane|Protosynthesis|[silent]\n|switch|p1a: Amoonguss|Amoonguss, L50, M|100\/100\n|move|p2a: Chien-Pao|Sucker Punch||[still]\n|-fail|p2a: Chien-Pao\n|move|p2b: Orthworm|Heavy Slam|p1a: Amoonguss\n|-damage|p1a: Amoonguss|86\/100\n|move|p1b: Iron Hands|Drain Punch|p2b: Orthworm\n|-supereffective|p2b: Orthworm\n|-damage|p2b: Orthworm|0 fnt\n|-heal|p1b: Iron Hands|87\/100|[from] drain|[of] p2b: Orthworm\n|faint|p2b: Orthworm\n|\n|upkeep\n|\n|t:|1683738333\n|switch|p2b: Dragonite|Dragonite, L50, M|100\/100\n|turn|9\n|\n|t:|1683738350\n|-terastallize|p1a: Amoonguss|Water\n|move|p2b: Dragonite|Extreme Speed|p1b: Iron Hands\n|-damage|p1b: Iron Hands|61\/100\n|move|p1a: Amoonguss|Rage Powder|p1a: Amoonguss\n|-singleturn|p1a: Amoonguss|move: Rage Powder\n|move|p2a: Chien-Pao|Ice Spinner|p1a: Amoonguss\n|-resisted|p1a: Amoonguss\n|-damage|p1a: Amoonguss|65\/100\n|move|p1b: Iron Hands|Thunder Punch|p2b: Dragonite\n|-damage|p2b: Dragonite|39\/100\n|\n|upkeep\n|turn|10\n|-message|Silverna forfeited.\n|\n|win|Arcacagne\n|raw|Arcacagne's rating: 1282 → 1308<\/strong> (+26 for winning)\n|raw|Silverna's rating: 1295 → 1269<\/strong> (-26 for losing)\n|l|\u2606Silverna\n","uploadtime":1683738374,"views":9,"p1id":"arcacagne","p2id":"silverna","formatid":"gen9vgc2023regulationc","rating":1269,"private":0,"password":""}