{"id":"gen9vgc2023regulationc-1849879986","p1":"Insertable194","p2":"Seatoe","format":"[Gen 9] VGC 2023 Regulation C","log":"|j|\u2606Insertable194\n|j|\u2606Seatoe\n|t:|1682263861\n|gametype|doubles\n|player|p1|Insertable194|hilbert-wonderlauncher|1398\n|player|p2|Seatoe|sailor|1309\n|teamsize|p1|6\n|teamsize|p2|6\n|gen|9\n|tier|[Gen 9] VGC 2023 Regulation C\n|rated|\n|rule|Species Clause: Limit one of each Pok\u00e9mon\n|rule|Item Clause: Limit one of each item\n|clearpoke\n|poke|p1|Ting-Lu, L50|\n|poke|p1|Palafin, L50, M|\n|poke|p1|Amoonguss, L50, F|\n|poke|p1|Arcanine, L50, M|\n|poke|p1|Flutter Mane, L50|\n|poke|p1|Iron Hands, L50|\n|poke|p2|Palafin, L50, M|\n|poke|p2|Arcanine, L50, M|\n|poke|p2|Amoonguss, L50, F|\n|poke|p2|Ting-Lu, L50|\n|poke|p2|Baxcalibur, L50, F|\n|poke|p2|Braviary, L50, M|\n|teampreview|4\n|c|\u2606Insertable194|glhf\nInsertable194 has agreed to open team sheets.\n|inactive|Battle timer is ON: inactive players will automatically lose when time's up. (requested by Insertable194)\n|inactive|Insertable194 has 60 seconds left.\n|inactive|Insertable194 has 30 seconds left.\n|inactive|Insertable194 has 20 seconds left.\n|inactive|Insertable194 has 15 seconds left.\n|\n|t:|1682263949\n|start\n|switch|p1a: Flutter Mane|Flutter Mane, L50|100\/100\n|switch|p1b: Iron Hands|Iron Hands, L50|100\/100\n|switch|p2a: Canada|Ting-Lu, L50|100\/100\n|switch|p2b: Australia|Palafin, L50, M|100\/100\n|-ability|p2a: Canada|Vessel of Ruin\n|turn|1\n|c|\u2606Seatoe|Gl hf\n|inactive|Seatoe has 30 seconds left.\n|\n|t:|1682263975\n|-end|p1a: Flutter Mane|Protosynthesis|[silent]\n|switch|p1a: Arcanine|Arcanine, L50, M|100\/100\n|-ability|p1a: Arcanine|Intimidate|boost\n|-unboost|p2a: Canada|atk|1\n|-unboost|p2b: Australia|atk|1\n|detailschange|p2b: Australia|Palafin-Hero, L50, M\n|switch|p2b: China|Arcanine, L50, M|100\/100\n|-ability|p2b: China|Intimidate|boost\n|-unboost|p1a: Arcanine|atk|1\n|-unboost|p1b: Iron Hands|atk|1\n|-terastallize|p2a: Canada|Poison\n|move|p1b: Iron Hands|Swords Dance|p1b: Iron Hands\n|-boost|p1b: Iron Hands|atk|2\n|move|p2a: Canada|Heavy Slam|p1a: Arcanine\n|-resisted|p1a: Arcanine\n|-damage|p1a: Arcanine|88\/100\n|\n|upkeep\n|turn|2\n|inactive|Insertable194 has 30 seconds left.\n|\n|t:|1682264007\n|move|p1b: Iron Hands|Protect|p1b: Iron Hands\n|-singleturn|p1b: Iron Hands|Protect\n|move|p1a: Arcanine|Will-O-Wisp|p2a: Canada\n|-status|p2a: Canada|brn\n|move|p2b: China|Flare Blitz|p1b: Iron Hands\n|-activate|p1b: Iron Hands|move: Protect\n|move|p2a: Canada|Stomping Tantrum|p1b: Iron Hands\n|-activate|p1b: Iron Hands|move: Protect\n|\n|-damage|p2a: Canada|95\/100 brn|[from] brn\n|upkeep\n|turn|3\n|inactive|Insertable194 has 30 seconds left.\n|inactive|Insertable194 has 20 seconds left.\n|inactive|Insertable194 has 15 seconds left.\n|\n|t:|1682264049\n|switch|p1a: Amoonguss|Amoonguss, L50, F|100\/100\n|-terastallize|p1b: Iron Hands|Fire\n|move|p2b: China|Flare Blitz|p1b: Iron Hands\n|-resisted|p1b: Iron Hands\n|-damage|p1b: Iron Hands|80\/100\n|-damage|p2b: China|93\/100|[from] Recoil\n|move|p1b: Iron Hands|Swords Dance|p1b: Iron Hands\n|-boost|p1b: Iron Hands|atk|2\n|move|p2a: Canada|Stomping Tantrum|p1b: Iron Hands\n|-supereffective|p1b: Iron Hands\n|-damage|p1b: Iron Hands|61\/100\n|\n|-damage|p2a: Canada|89\/100 brn|[from] brn\n|upkeep\n|turn|4\n|inactive|Insertable194 has 30 seconds left.\n|\n|t:|1682264081\n|switch|p1a: Arcanine|Arcanine, L50, M|88\/100\n|-ability|p1a: Arcanine|Intimidate|boost\n|-unboost|p2a: Canada|atk|1\n|-unboost|p2b: China|atk|1\n|move|p2b: China|Flare Blitz|p1a: Arcanine\n|-resisted|p1a: Arcanine\n|-damage|p1a: Arcanine|66\/100\n|-damage|p2b: China|86\/100|[from] Recoil\n|move|p1b: Iron Hands|Thunder Punch|p2a: Canada\n|-damage|p2a: Canada|17\/100 brn\n|move|p2a: Canada|Ruination|p1b: Iron Hands\n|-damage|p1b: Iron Hands|31\/100\n|\n|-damage|p2a: Canada|11\/100 brn|[from] brn\n|upkeep\n|turn|5\n|\n|t:|1682264099\n|switch|p2b: Australia|Palafin-Hero, L50, M|100\/100\n|-activate|p2b: Australia|ability: Zero to Hero\n|move|p1a: Arcanine|Flare Blitz|p2a: Canada\n|-damage|p2a: Canada|0 fnt\n|faint|p2a: Canada\n|-damage|p1a: Arcanine|62\/100|[from] Recoil\n|move|p1b: Iron Hands|Drain Punch|p2b: Australia\n|-damage|p2b: Australia|0 fnt\n|-heal|p1b: Iron Hands|76\/100|[from] drain|[of] p2b: Australia\n|faint|p2b: Australia\n|\n|upkeep\n|\n|t:|1682264107\n|switch|p2b: Spain|Amoonguss, L50, F|100\/100\n|switch|p2a: China|Arcanine, L50, M|86\/100\n|-ability|p2a: China|Intimidate|boost\n|-unboost|p1a: Arcanine|atk|1\n|-unboost|p1b: Iron Hands|atk|1\n|turn|6\n|\n|t:|1682264129\n|switch|p1a: Amoonguss|Amoonguss, L50, F|100\/100\n|move|p2a: China|Extreme Speed|p1a: Amoonguss\n|-damage|p1a: Amoonguss|78\/100\n|move|p1b: Iron Hands|Drain Punch|p2a: China\n|-damage|p2a: China|0 fnt\n|-heal|p1b: Iron Hands|100\/100|[from] drain|[of] p2a: China\n|faint|p2a: China\n|move|p2b: Spain|Spore|p1b: Iron Hands\n|-activate|p1b: Iron Hands|item: Safety Goggles|Spore\n|\n|upkeep\n|turn|7\n|c|\u2606Insertable194|gg\n|-message|Seatoe forfeited.\n|\n|win|Insertable194\n|raw|Insertable194's rating: 1398 → 1413<\/strong> (+15 for winning)\n|raw|Seatoe's rating: 1309 → 1294<\/strong> (-15 for losing)\n|l|\u2606Seatoe\n","uploadtime":1682264152,"views":7,"p1id":"insertable194","p2id":"seatoe","formatid":"gen9vgc2023regulationc","rating":1294,"private":0,"password":""}