{"id":"gen9vgc2023regulationc-1851571341","p1":"SeamusDaGoat","p2":"ThatOneDedenne","format":"[Gen 9] VGC 2023 Regulation C","log":"|j|\u2606SeamusDaGoat\n|j|\u2606ThatOneDedenne\n|t:|1682456837\n|gametype|doubles\n|player|p1|SeamusDaGoat|266|1094\n|player|p2|ThatOneDedenne|hugh|1057\n|teamsize|p1|6\n|teamsize|p2|6\n|gen|9\n|tier|[Gen 9] VGC 2023 Regulation C\n|rated|\n|rule|Species Clause: Limit one of each Pok\u00e9mon\n|rule|Item Clause: Limit one of each item\n|clearpoke\n|poke|p1|Clawitzer, L50, M|\n|poke|p1|Chi-Yu, L50|\n|poke|p1|Amoonguss, L50, M|\n|poke|p1|Flutter Mane, L50|\n|poke|p1|Glimmora, L50, M|\n|poke|p1|Gyarados, L50, M|\n|poke|p2|Arcanine, L50, M|\n|poke|p2|Flutter Mane, L50|\n|poke|p2|Iron Hands, L50|\n|poke|p2|Palafin, L50, M|\n|poke|p2|Chi-Yu, L50|\n|poke|p2|Dachsbun, L50, M|\n|teampreview|4\n|inactive|Battle timer is ON: inactive players will automatically lose when time's up. (requested by ThatOneDedenne)\n|inactive|SeamusDaGoat also wants the timer to be on.\n|inactive|SeamusDaGoat has 60 seconds left.\n|\n|t:|1682456881\n|start\n|switch|p1a: Gyarados|Gyarados, L50, M, shiny|100\/100\n|switch|p1b: Amoonguss|Amoonguss, L50, M|100\/100\n|switch|p2a: Chi-Yu|Chi-Yu, L50|100\/100\n|switch|p2b: Dachsbun|Dachsbun, L50, M|100\/100\n|-ability|p2a: Chi-Yu|Beads of Ruin\n|-ability|p1a: Gyarados|Intimidate|boost\n|-unboost|p2a: Chi-Yu|atk|1\n|-unboost|p2b: Dachsbun|atk|1\n|turn|1\n|\n|t:|1682456900\n|-terastallize|p1b: Amoonguss|Water\n|move|p2a: Chi-Yu|Lava Plume|p1a: Gyarados|[spread] p1a,p1b\n|-ability|p2b: Dachsbun|Well-Baked Body|boost\n|-boost|p2b: Dachsbun|def|2\n|-resisted|p1a: Gyarados\n|-resisted|p1b: Amoonguss\n|-damage|p1a: Gyarados|81\/100\n|-damage|p1b: Amoonguss|83\/100\n|move|p2b: Dachsbun|Ice Fang|p1b: Amoonguss\n|-resisted|p1b: Amoonguss\n|-damage|p1b: Amoonguss|79\/100\n|-status|p1b: Amoonguss|frz\n|move|p1a: Gyarados|Thunder Wave|p2a: Chi-Yu\n|-status|p2a: Chi-Yu|par\n|cant|p1b: Amoonguss|frz\n|\n|-heal|p1b: Amoonguss|85\/100 frz|[from] item: Leftovers\n|upkeep\n|turn|2\n|\n|t:|1682456922\n|cant|p1b: Amoonguss|frz\n|move|p2b: Dachsbun|Body Press|p1b: Amoonguss\n|-damage|p1b: Amoonguss|50\/100 frz\n|move|p1a: Gyarados|Thunder Wave|p2b: Dachsbun\n|-status|p2b: Dachsbun|par\n|move|p2a: Chi-Yu|Lava Plume|p1a: Gyarados|[spread] p1a,p1b\n|-ability|p2b: Dachsbun|Well-Baked Body|boost\n|-boost|p2b: Dachsbun|def|2\n|-resisted|p1a: Gyarados\n|-resisted|p1b: Amoonguss\n|-damage|p1a: Gyarados|61\/100\n|-damage|p1b: Amoonguss|33\/100 frz\n|-status|p1a: Gyarados|brn\n|-curestatus|p1b: Amoonguss|frz|[msg]\n|\n|-heal|p1b: Amoonguss|39\/100|[from] item: Leftovers\n|-damage|p1a: Gyarados|56\/100 brn|[from] brn\n|upkeep\n|turn|3\n|inactive|ThatOneDedenne has 30 seconds left.\n|\n|t:|1682456949\n|move|p1b: Amoonguss|Rage Powder|p1b: Amoonguss\n|-singleturn|p1b: Amoonguss|move: Rage Powder\n|move|p1a: Gyarados|Waterfall|p2b: Dachsbun\n|-damage|p2b: Dachsbun|91\/100 par\n|move|p2a: Chi-Yu|Lava Plume|p1a: Gyarados|[spread] p1a,p1b\n|-ability|p2b: Dachsbun|Well-Baked Body|boost\n|-boost|p2b: Dachsbun|def|2\n|-resisted|p1a: Gyarados\n|-resisted|p1b: Amoonguss\n|-damage|p1a: Gyarados|35\/100 brn\n|-damage|p1b: Amoonguss|22\/100\n|move|p2b: Dachsbun|Tera Blast|p1b: Amoonguss\n|-damage|p1b: Amoonguss|8\/100\n|\n|-heal|p2b: Dachsbun|97\/100 par|[from] item: Leftovers\n|-heal|p1b: Amoonguss|14\/100|[from] item: Leftovers\n|-damage|p1a: Gyarados|29\/100 brn|[from] brn\n|upkeep\n|turn|4\n|\n|t:|1682456968\n|move|p1a: Gyarados|Protect|p1a: Gyarados\n|-singleturn|p1a: Gyarados|Protect\n|move|p2a: Chi-Yu|Lava Plume|p1b: Amoonguss|[spread] p1b\n|-activate|p1a: Gyarados|move: Protect\n|-immune|p2b: Dachsbun|[from] ability: Well-Baked Body\n|-resisted|p1b: Amoonguss\n|-damage|p1b: Amoonguss|0 fnt\n|faint|p1b: Amoonguss\n|move|p2b: Dachsbun|Tera Blast|p1a: Gyarados\n|-activate|p1a: Gyarados|move: Protect\n|\n|-heal|p2b: Dachsbun|100\/100 par|[from] item: Leftovers\n|-damage|p1a: Gyarados|23\/100 brn|[from] brn\n|upkeep\n|\n|t:|1682456975\n|switch|p1b: Clawitzer|Clawitzer, L50, M, shiny|100\/100\n|turn|5\n|inactive|SeamusDaGoat has 30 seconds left.\n|inactive|SeamusDaGoat has 20 seconds left.\n|inactive|SeamusDaGoat has 15 seconds left.\n|\n|t:|1682457019\n|move|p1a: Gyarados|Taunt|p2b: Dachsbun\n|-start|p2b: Dachsbun|move: Taunt\n|move|p2a: Chi-Yu|Lava Plume|p1b: Clawitzer|[spread] p1a,p1b\n|-immune|p2b: Dachsbun|[from] ability: Well-Baked Body\n|-resisted|p1a: Gyarados\n|-resisted|p1b: Clawitzer\n|-damage|p1a: Gyarados|4\/100 brn\n|-damage|p1b: Clawitzer|76\/100\n|move|p2b: Dachsbun|Body Press|p1b: Clawitzer\n|-crit|p1b: Clawitzer\n|-damage|p1b: Clawitzer|0 fnt\n|faint|p1b: Clawitzer\n|\n|-damage|p1a: Gyarados|0 fnt|[from] brn\n|faint|p1a: Gyarados\n|upkeep\n|\n|t:|1682457031\n|switch|p1b: Chi-Yu|Chi-Yu, L50|100\/100\n|-ability|p1b: Chi-Yu|Beads of Ruin\n|turn|6\n|-message|SeamusDaGoat forfeited.\n|\n|win|ThatOneDedenne\n|raw|SeamusDaGoat's rating: 1094 → 1067<\/strong> (-27 for losing)\n|raw|ThatOneDedenne's rating: 1057 → 1092<\/strong> (+35 for winning)\n|l|\u2606SeamusDaGoat\n","uploadtime":1682457058,"views":12,"p1id":"seamusdagoat","p2id":"thatonededenne","formatid":"gen9vgc2023regulationc","rating":1067,"private":0,"password":""}