{"id":"gen9vgc2023regulationc-1858257290","p1":"TommeeVGC","p2":"Drlawyer","format":"[Gen 9] VGC 2023 Regulation C","log":"|j|\u2606TommeeVGC\n|j|\u2606Drlawyer\n|t:|1683295967\n|gametype|doubles\n|player|p1|TommeeVGC|ethan|1476\n|player|p2|Drlawyer|hilbert-wonderlauncher|1495\n|teamsize|p1|6\n|teamsize|p2|6\n|gen|9\n|tier|[Gen 9] VGC 2023 Regulation C\n|rated|\n|rule|Species Clause: Limit one of each Pok\u00e9mon\n|rule|Item Clause: Limit one of each item\n|clearpoke\n|poke|p1|Vivillon-Fancy, L50, F|\n|poke|p1|Annihilape, L50, F|\n|poke|p1|Abomasnow, L50, F|\n|poke|p1|Iron Bundle, L50|\n|poke|p1|Chien-Pao, L50|\n|poke|p1|Ting-Lu, L50|\n|poke|p2|Great Tusk, L50|\n|poke|p2|Talonflame, L50, M|\n|poke|p2|Chi-Yu, L50|\n|poke|p2|Flutter Mane, L50|\n|poke|p2|Kingambit, L50, F|\n|poke|p2|Iron Bundle, L50|\n|teampreview|4\n|\n|t:|1683295980\n|start\n|switch|p1a: Vivillon|Vivillon-Fancy, L50, F|100\/100\n|switch|p1b: Ting-Lu|Ting-Lu, L50|100\/100\n|switch|p2a: General Bird|Talonflame, L50, M, shiny|100\/100\n|switch|p2b: Raven|Flutter Mane, L50, shiny|100\/100\n|-ability|p1b: Ting-Lu|Vessel of Ruin\n|turn|1\n|j| kiyonamivgc\n|\n|t:|1683296001\n|-terastallize|p1b: Ting-Lu|Ground\n|move|p1a: Vivillon|Protect|p1a: Vivillon\n|-singleturn|p1a: Vivillon|Protect\n|move|p2a: General Bird|Will-O-Wisp|p1b: Ting-Lu\n|-status|p1b: Ting-Lu|brn\n|move|p2b: Raven|Dazzling Gleam|p1a: Vivillon|[spread] p1b\n|-activate|p1a: Vivillon|move: Protect\n|-damage|p1b: Ting-Lu|77\/100 brn\n|move|p1b: Ting-Lu|Rock Slide|p2b: Raven|[spread] p2a,p2b\n|-supereffective|p2a: General Bird\n|-damage|p2a: General Bird|29\/100\n|-damage|p2b: Raven|77\/100\n|\n|-damage|p1b: Ting-Lu|71\/100 brn|[from] brn\n|upkeep\n|turn|2\n|\n|t:|1683296023\n|move|p1a: Vivillon|Rage Powder|p1a: Vivillon\n|-singleturn|p1a: Vivillon|move: Rage Powder\n|move|p2a: General Bird|Brave Bird|p1a: Vivillon\n|-supereffective|p1a: Vivillon\n|-enditem|p1a: Vivillon|Focus Sash\n|-damage|p1a: Vivillon|1\/100\n|-damage|p2a: General Bird|0 fnt|[from] Recoil\n|faint|p2a: General Bird\n|move|p2b: Raven|Dazzling Gleam|p1a: Vivillon|[spread] p1a,p1b\n|-damage|p1a: Vivillon|0 fnt\n|-damage|p1b: Ting-Lu|48\/100 brn\n|faint|p1a: Vivillon\n|move|p1b: Ting-Lu|Rock Slide|p2b: Raven\n|-damage|p2b: Raven|42\/100\n|\n|-damage|p1b: Ting-Lu|42\/100 brn|[from] brn\n|upkeep\n|\n|t:|1683296038\n|switch|p2a: Tomioka|Iron Bundle, L50, shiny|100\/100\n|switch|p1a: Iron Bundle|Iron Bundle, L50|100\/100\n|-enditem|p2a: Tomioka|Booster Energy\n|-activate|p2a: Tomioka|ability: Quark Drive|[fromitem]\n|-start|p2a: Tomioka|quarkdrivespe\n|-enditem|p1a: Iron Bundle|Booster Energy\n|-activate|p1a: Iron Bundle|ability: Quark Drive|[fromitem]\n|-start|p1a: Iron Bundle|quarkdrivespe\n|turn|3\n|\n|t:|1683296048\n|move|p1a: Iron Bundle|Protect|p1a: Iron Bundle\n|-singleturn|p1a: Iron Bundle|Protect\n|move|p2a: Tomioka|Icy Wind|p1a: Iron Bundle|[spread] p1b\n|-activate|p1a: Iron Bundle|move: Protect\n|-supereffective|p1b: Ting-Lu\n|-damage|p1b: Ting-Lu|21\/100 brn\n|-unboost|p1b: Ting-Lu|spe|1\n|move|p2b: Raven|Dazzling Gleam|p1a: Iron Bundle|[spread] p1b\n|-activate|p1a: Iron Bundle|move: Protect\n|-damage|p1b: Ting-Lu|0 fnt\n|faint|p1b: Ting-Lu\n|\n|upkeep\n|\n|t:|1683296059\n|switch|p1b: Abomasnow|Abomasnow, L50, F|100\/100\n|-weather|Snow|[from] ability: Snow Warning|[of] p1b: Abomasnow\n|turn|4\n|\n|t:|1683296066\n|move|p2a: Tomioka|Icy Wind|p1a: Iron Bundle|[spread] p1a,p1b\n|-resisted|p1a: Iron Bundle\n|-crit|p1a: Iron Bundle\n|-damage|p1a: Iron Bundle|90\/100\n|-damage|p1b: Abomasnow|80\/100\n|-unboost|p1a: Iron Bundle|spe|1\n|-unboost|p1b: Abomasnow|spe|1\n|move|p2b: Raven|Dazzling Gleam|p1b: Abomasnow|[spread] p1a,p1b\n|-damage|p1a: Iron Bundle|14\/100\n|-damage|p1b: Abomasnow|30\/100\n|move|p1a: Iron Bundle|Aurora Veil|p1a: Iron Bundle\n|-sidestart|p1: TommeeVGC|move: Aurora Veil\n|move|p1b: Abomasnow|Blizzard|p2b: Raven|[spread] p2a,p2b\n|-resisted|p2a: Tomioka\n|-damage|p2a: Tomioka|82\/100\n|-damage|p2b: Raven|1\/100\n|-status|p2b: Raven|frz\n|-damage|p1b: Abomasnow|21\/100|[from] item: Life Orb\n|\n|-weather|Snow|[upkeep]\n|upkeep\n|turn|5\n|\n|t:|1683296088\n|move|p1a: Iron Bundle|Protect|p1a: Iron Bundle\n|-singleturn|p1a: Iron Bundle|Protect\n|move|p2a: Tomioka|Freeze-Dry|p1b: Abomasnow\n|-damage|p1b: Abomasnow|0 fnt\n|faint|p1b: Abomasnow\n|cant|p2b: Raven|frz\n|\n|-weather|Snow|[upkeep]\n|upkeep\n|turn|6\n|l| kiyonamivgc\n|\n|t:|1683296096\n|move|p2a: Tomioka|Freeze-Dry|p1a: Iron Bundle\n|-damage|p1a: Iron Bundle|0 fnt\n|faint|p1a: Iron Bundle\n|-end|p1a: Iron Bundle|Quark Drive|[silent]\n|\n|win|Drlawyer\n|raw|TommeeVGC's rating: 1476 → 1457<\/strong> (-19 for losing)\n|raw|Drlawyer's rating: 1495 → 1514<\/strong> (+19 for winning)\n|l|\u2606TommeeVGC\n","uploadtime":1683296226,"views":2,"p1id":"tommeevgc","p2id":"drlawyer","formatid":"gen9vgc2023regulationc","rating":1457,"private":0,"password":""}