{"id":"gen9vgc2023regulationc-1855922472","p1":"Lizardon0311","p2":"Roupelstiltskin","format":"[Gen 9] VGC 2023 Regulation C","log":"|j|\u2606Lizardon0311\n|j|\u2606Roupelstiltskin\n|t:|1683001092\n|gametype|doubles\n|player|p1|Lizardon0311|lance|1000\n|player|p2|Roupelstiltskin|fisherman-gen4|1107\n|teamsize|p1|6\n|teamsize|p2|6\n|gen|9\n|tier|[Gen 9] VGC 2023 Regulation C\n|rated|\n|rule|Species Clause: Limit one of each Pok\u00e9mon\n|rule|Item Clause: Limit one of each item\n|clearpoke\n|poke|p1|Ting-Lu, L50|\n|poke|p1|Flutter Mane, L50|\n|poke|p1|Ceruledge, L50, F|\n|poke|p1|Palafin, L50, F|\n|poke|p1|Amoonguss, L50, F|\n|poke|p1|Iron Hands, L50|\n|poke|p2|Lycanroc-Midnight, L50, F|\n|poke|p2|Garganacl, L50, M|\n|poke|p2|Vivillon-High Plains, L50, M|\n|poke|p2|Tinkaton, L50, F|\n|poke|p2|Grafaiai, L50, M|\n|poke|p2|Palafin, L50, M|\n|teampreview|4\n|inactive|Battle timer is ON: inactive players will automatically lose when time's up. (requested by Roupelstiltskin)\n|inactive|Lizardon0311 has 60 seconds left.\n|inactive|Lizardon0311 has 30 seconds left.\n|\n|t:|1683001160\n|start\n|switch|p1a: Amoonguss|Amoonguss, L50, F, shiny|100\/100\n|switch|p1b: Ceruledge|Ceruledge, L50, F, shiny|100\/100\n|switch|p2a: Tinkaton|Tinkaton, L50, F|100\/100\n|switch|p2b: Lycanroc|Lycanroc-Midnight, L50, F|100\/100\n|turn|1\n|inactive|Roupelstiltskin has 30 seconds left.\n|\n|t:|1683001188\n|move|p1a: Amoonguss|Rage Powder|p1a: Amoonguss\n|-singleturn|p1a: Amoonguss|move: Rage Powder\n|move|p2a: Tinkaton|Skill Swap|p1a: Amoonguss\n|-activate|p2a: Tinkaton|move: Skill Swap|Regenerator|Own Tempo|[of] p1a: Amoonguss\n|move|p1b: Ceruledge|Bulk Up|p1b: Ceruledge\n|-boost|p1b: Ceruledge|atk|1\n|-boost|p1b: Ceruledge|def|1\n|move|p2b: Lycanroc|Stone Edge|p1a: Amoonguss\n|-damage|p1a: Amoonguss|63\/100\n|\n|upkeep\n|turn|2\n|inactive|Lizardon0311 has 30 seconds left.\n|inactive|Roupelstiltskin has 30 seconds left.\n|inactive|Lizardon0311 has 20 seconds left.\n|\n|t:|1683001226\n|move|p1a: Amoonguss|Rage Powder|p1a: Amoonguss\n|-singleturn|p1a: Amoonguss|move: Rage Powder\n|move|p2a: Tinkaton|Skill Swap|p1a: Amoonguss\n|-activate|p2a: Tinkaton|move: Skill Swap|Own Tempo|Regenerator|[of] p1a: Amoonguss\n|move|p1b: Ceruledge|Bitter Blade|p2a: Tinkaton\n|-supereffective|p2a: Tinkaton\n|-damage|p2a: Tinkaton|0 fnt\n|faint|p2a: Tinkaton\n|move|p2b: Lycanroc|Stone Edge|p1a: Amoonguss\n|-damage|p1a: Amoonguss|26\/100\n|-enditem|p1a: Amoonguss|Sitrus Berry|[eat]\n|-heal|p1a: Amoonguss|51\/100|[from] item: Sitrus Berry\n|\n|upkeep\n|\n|t:|1683001247\n|switch|p2a: Vivillon|Vivillon-High Plains, L50, M|100\/100\n|turn|3\n|\n|t:|1683001268\n|switch|p1a: Ting-Lu|Ting-Lu, L50|100\/100\n|-ability|p1a: Ting-Lu|Vessel of Ruin\n|-terastallize|p2b: Lycanroc|Rock\n|move|p1b: Ceruledge|Protect|p1b: Ceruledge\n|-singleturn|p1b: Ceruledge|Protect\n|move|p2a: Vivillon|Pollen Puff|p1a: Ting-Lu\n|-supereffective|p1a: Ting-Lu\n|-damage|p1a: Ting-Lu|62\/100\n|move|p2b: Lycanroc|Stone Edge|p1b: Ceruledge\n|-activate|p1b: Ceruledge|move: Protect\n|\n|upkeep\n|turn|4\n|inactive|Lizardon0311 has 30 seconds left.\n|inactive|Roupelstiltskin has 30 seconds left.\n|inactive|Roupelstiltskin has 20 seconds left.\n|inactive|Roupelstiltskin has 15 seconds left.\n|\n|t:|1683001311\n|move|p2a: Vivillon|Pollen Puff|p1a: Ting-Lu\n|-supereffective|p1a: Ting-Lu\n|-damage|p1a: Ting-Lu|22\/100\n|move|p1b: Ceruledge|Bitter Blade|p2a: Vivillon\n|-supereffective|p2a: Vivillon\n|-enditem|p2a: Vivillon|Focus Sash\n|-damage|p2a: Vivillon|1\/100\n|move|p2b: Lycanroc|Stone Edge|p1b: Ceruledge\n|-supereffective|p1b: Ceruledge\n|-damage|p1b: Ceruledge|6\/100\n|move|p1a: Ting-Lu|Stomping Tantrum|p2b: Lycanroc\n|-supereffective|p2b: Lycanroc\n|-damage|p2b: Lycanroc|49\/100\n|-enditem|p2b: Lycanroc|Eject Button\n|\n|t:|1683001329\n|switch|p2b: Garganacl|Garganacl, L50, M|100\/100\n|\n|upkeep\n|turn|5\n|\n|t:|1683001352\n|move|p1b: Ceruledge|Protect|p1b: Ceruledge\n|-singleturn|p1b: Ceruledge|Protect\n|move|p2a: Vivillon|Giga Drain|p1b: Ceruledge\n|-activate|p1b: Ceruledge|move: Protect\n|move|p1a: Ting-Lu|Ruination|p2b: Garganacl|[miss]\n|-miss|p1a: Ting-Lu|p2b: Garganacl\n|move|p2b: Garganacl|Avalanche|p1a: Ting-Lu\n|-supereffective|p1a: Ting-Lu\n|-damage|p1a: Ting-Lu|6\/100\n|\n|upkeep\n|turn|6\n|inactive|Lizardon0311 has 30 seconds left.\n|\n|t:|1683001384\n|move|p2a: Vivillon|Giga Drain|p1b: Ceruledge\n|-resisted|p1b: Ceruledge\n|-damage|p1b: Ceruledge|0 fnt\n|-heal|p2a: Vivillon|4\/100|[from] drain|[of] p1b: Ceruledge\n|faint|p1b: Ceruledge\n|move|p1a: Ting-Lu|Heavy Slam|p2b: Garganacl\n|-supereffective|p2b: Garganacl\n|-damage|p2b: Garganacl|85\/100\n|move|p2b: Garganacl|Avalanche|p1a: Ting-Lu\n|-supereffective|p1a: Ting-Lu\n|-damage|p1a: Ting-Lu|0 fnt\n|faint|p1a: Ting-Lu\n|\n|-heal|p2b: Garganacl|90\/100|[from] item: Leftovers\n|upkeep\n|\n|t:|1683001397\n|switch|p1b: Flutter Mane|Flutter Mane, L50, shiny|100\/100\n|switch|p1a: Amoonguss|Amoonguss, L50, F, shiny|84\/100\n|turn|7\n|inactive|Lizardon0311 has 30 seconds left.\n|inactive|Roupelstiltskin has 30 seconds left.\n|\n|t:|1683001430\n|-terastallize|p1b: Flutter Mane|Fairy\n|move|p1b: Flutter Mane|Dazzling Gleam|p2b: Garganacl|[spread] p2a,p2b\n|-damage|p2a: Vivillon|0 fnt\n|-damage|p2b: Garganacl|61\/100\n|faint|p2a: Vivillon\n|move|p1a: Amoonguss|Pollen Puff|p1b: Flutter Mane\n|-immune|p1b: Flutter Mane\n|move|p2b: Garganacl|Salt Cure|p1a: Amoonguss\n|-damage|p1a: Amoonguss|73\/100\n|-start|p1a: Amoonguss|Salt Cure\n|\n|-heal|p2b: Garganacl|67\/100|[from] item: Leftovers\n|-damage|p1a: Amoonguss|60\/100|[from] Salt Cure\n|upkeep\n|\n|t:|1683001443\n|switch|p2a: Lycanroc|Lycanroc-Midnight, L50, F, tera:Rock|49\/100\n|turn|8\n|inactive|Roupelstiltskin has 30 seconds left.\n|\n|t:|1683001468\n|move|p1a: Amoonguss|Rage Powder|p1a: Amoonguss\n|-singleturn|p1a: Amoonguss|move: Rage Powder\n|move|p1b: Flutter Mane|Dazzling Gleam|p2a: Lycanroc|[spread] p2a,p2b\n|-damage|p2a: Lycanroc|0 fnt\n|-damage|p2b: Garganacl|26\/100\n|faint|p2a: Lycanroc\n|move|p2b: Garganacl|Avalanche|p1a: Amoonguss\n|-supereffective|p1a: Amoonguss\n|-damage|p1a: Amoonguss|37\/100\n|\n|-heal|p2b: Garganacl|32\/100|[from] item: Leftovers\n|-damage|p1a: Amoonguss|25\/100|[from] Salt Cure\n|upkeep\n|turn|9\n|-message|Roupelstiltskin forfeited.\n|\n|win|Lizardon0311\n|raw|Lizardon0311's rating: 1000 → 1052<\/strong> (+52 for winning)\n|raw|Roupelstiltskin's rating: 1107 → 1075<\/strong> (-32 for losing)\n|l|\u2606Roupelstiltskin\n","uploadtime":1683001485,"views":9,"p1id":"lizardon0311","p2id":"roupelstiltskin","formatid":"gen9vgc2023regulationc","rating":1052,"private":0,"password":""}