{"id":"gen9vgc2023regulationc-1863321951","p1":"DerpyBronze117","p2":"jayballester","format":"[Gen 9] VGC 2023 Regulation C","log":"|j|\u2606DerpyBronze117\n|j|\u2606jayballester\n|t:|1684002316\n|gametype|doubles\n|player|p1|DerpyBronze117|hilbert|\n|player|p2|jayballester|riley|\n|teamsize|p1|6\n|teamsize|p2|6\n|gen|9\n|tier|[Gen 9] VGC 2023 Regulation C\n|rule|Species Clause: Limit one of each Pok\u00e9mon\n|rule|Item Clause: Limit one of each item\n|clearpoke\n|poke|p1|Eelektross, L50, M|\n|poke|p1|Kilowattrel, L50, M|\n|poke|p1|Goodra, L50, M|\n|poke|p1|Toxapex, L50, F|\n|poke|p1|Gothitelle, L50, M|\n|poke|p1|Azumarill, L50, F|\n|poke|p2|Great Tusk, L50|\n|poke|p2|Volcarona, L50, M|\n|poke|p2|Magnezone, L50|\n|poke|p2|Oranguru, L50, F|\n|poke|p2|Murkrow, L50, F|\n|poke|p2|Sylveon, L50, M|\n|teampreview|4\n|c|\u2606jayballester|glhf\n|j| Jstardude\n|\n|t:|1684002360\n|start\n|switch|p1a: Kilowattrel|Kilowattrel, L50, M|100\/100\n|switch|p1b: Gothitelle|Gothitelle, L50, M|100\/100\n|switch|p2a: Jesper|Murkrow, L50, F|100\/100\n|switch|p2b: The Donfather|Great Tusk, L50|100\/100\n|turn|1\n|\n|t:|1684002390\n|move|p2b: The Donfather|Protect|p2b: The Donfather\n|-singleturn|p2b: The Donfather|Protect\n|move|p1b: Gothitelle|Fake Out|p2a: Jesper\n|-damage|p2a: Jesper|95\/100\n|cant|p2a: Jesper|flinch\n|move|p1a: Kilowattrel|Tailwind|p1a: Kilowattrel\n|-sidestart|p1: DerpyBronze117|move: Tailwind\n|\n|upkeep\n|turn|2\n|\n|t:|1684002410\n|-terastallize|p1a: Kilowattrel|Flying\n|move|p2a: Jesper|Tailwind|p2a: Jesper\n|-sidestart|p2: jayballester|move: Tailwind\n|move|p1a: Kilowattrel|Tera Blast|p2b: The Donfather\n|-supereffective|p2b: The Donfather\n|-enditem|p2b: The Donfather|Focus Sash\n|-damage|p2b: The Donfather|1\/100\n|move|p2b: The Donfather|Rock Slide|p1a: Kilowattrel|[spread] p1a,p1b\n|-supereffective|p1a: Kilowattrel\n|-damage|p1a: Kilowattrel|27\/100\n|-damage|p1b: Gothitelle|82\/100\n|cant|p1b: Gothitelle|flinch\n|\n|upkeep\n|turn|3\n|\n|t:|1684002439\n|move|p1a: Kilowattrel|Tera Blast|p2a: Jesper\n|-damage|p2a: Jesper|53\/100\n|move|p2b: The Donfather|Headlong Rush|p1b: Gothitelle\n|-damage|p1b: Gothitelle|16\/100\n|-unboost|p2b: The Donfather|def|1\n|-unboost|p2b: The Donfather|spd|1\n|move|p2a: Jesper|Brave Bird|p1a: Kilowattrel\n|-damage|p1a: Kilowattrel|0 fnt\n|faint|p1a: Kilowattrel\n|-damage|p2a: Jesper|44\/100|[from] Recoil\n|move|p1b: Gothitelle|Psychic|p2b: The Donfather\n|-supereffective|p2b: The Donfather\n|-damage|p2b: The Donfather|0 fnt\n|faint|p2b: The Donfather\n|-end|p2b: The Donfather|Protosynthesis|[silent]\n|\n|upkeep\n|\n|t:|1684002459\n|switch|p1a: Eelektross|Eelektross, L50, M|100\/100\n|switch|p2b: Trans Wrongs|Sylveon, L50, M, shiny|100\/100\n|turn|4\n|\n|t:|1684002473\n|move|p1b: Gothitelle|Protect|p1b: Gothitelle\n|-singleturn|p1b: Gothitelle|Protect\n|move|p2a: Jesper|Brave Bird|p1b: Gothitelle\n|-activate|p1b: Gothitelle|move: Protect\n|move|p2b: Trans Wrongs|Hyper Voice|p1a: Eelektross|[spread] p1a\n|-activate|p1b: Gothitelle|move: Protect\n|-damage|p1a: Eelektross|55\/100\n|-enditem|p2b: Trans Wrongs|Throat Spray\n|-boost|p2b: Trans Wrongs|spa|1|[from] item: Throat Spray\n|move|p1a: Eelektross|Discharge|p2a: Jesper|[spread] p2a,p2b\n|-activate|p1b: Gothitelle|move: Protect\n|-supereffective|p2a: Jesper\n|-damage|p2a: Jesper|0 fnt\n|-damage|p2b: Trans Wrongs|82\/100\n|-status|p2b: Trans Wrongs|par\n|faint|p2a: Jesper\n|-damage|p1a: Eelektross|45\/100|[from] item: Life Orb\n|\n|-sideend|p1: DerpyBronze117|move: Tailwind\n|upkeep\n|\n|t:|1684002486\n|switch|p2a: Mothra's GF|Volcarona, L50, M|100\/100\n|turn|5\n|\n|t:|1684002509\n|move|p2a: Mothra's GF|Heat Wave|p1a: Eelektross|[spread] p1b\n|-miss|p2a: Mothra's GF|p1a: Eelektross\n|-damage|p1b: Gothitelle|0 fnt\n|faint|p1b: Gothitelle\n|-damage|p2a: Mothra's GF|91\/100|[from] item: Life Orb\n|move|p2b: Trans Wrongs|Hyper Voice|p1a: Eelektross\n|-damage|p1a: Eelektross|0 fnt\n|faint|p1a: Eelektross\n|\n|-sideend|p2: jayballester|move: Tailwind\n|upkeep\n|\n|t:|1684002522\n|switch|p1a: Azumarill|Azumarill, L50, F|100\/100\n|turn|6\n|\n|t:|1684002537\n|-terastallize|p2a: Mothra's GF|Grass\n|move|p2a: Mothra's GF|Giga Drain|p1a: Azumarill\n|-supereffective|p1a: Azumarill\n|-damage|p1a: Azumarill|0 fnt\n|-heal|p2a: Mothra's GF|100\/100|[from] drain|[of] p1a: Azumarill\n|faint|p1a: Azumarill\n|-damage|p2a: Mothra's GF|91\/100|[from] item: Life Orb\n|\n|win|jayballester\n|c|\u2606jayballester|gg\n","uploadtime":1684002546,"views":9,"p1id":"derpybronze117","p2id":"jayballester","formatid":"gen9vgc2023regulationc","rating":0,"private":0,"password":""}