{"id":"gen9vgc2023regulationc-1845447286","p1":"Mauvellous","p2":"Bailey3253","format":"[Gen 9] VGC 2023 Regulation C","log":"|j|\u2606Mauvellous\n|j|\u2606Bailey3253\n|t:|1681734354\n|gametype|doubles\n|player|p1|Mauvellous|hilda-wonderlauncher|1186\n|player|p2|Bailey3253|pokemaniac|1224\n|teamsize|p1|6\n|teamsize|p2|6\n|gen|9\n|tier|[Gen 9] VGC 2023 Regulation C\n|rated|\n|rule|Species Clause: Limit one of each Pok\u00e9mon\n|rule|Item Clause: Limit one of each item\n|clearpoke\n|poke|p1|Talonflame, L50, M|\n|poke|p1|Scream Tail, L50|\n|poke|p1|Palafin, L50, M|\n|poke|p1|Garchomp, L50, F|\n|poke|p1|Flutter Mane, L50|\n|poke|p1|Glimmora, L50, F|\n|poke|p2|Dragapult, L50, F|\n|poke|p2|Flutter Mane, L50|\n|poke|p2|Scizor, L50, M|\n|poke|p2|Chien-Pao, L50|\n|poke|p2|Amoonguss, L50, F|\n|poke|p2|Ting-Lu, L50|\n|teampreview|4\n|inactive|Battle timer is ON: inactive players will automatically lose when time's up. (requested by Mauvellous)\n|inactive|Bailey3253 has 60 seconds left.\nMauvellous rejected open team sheets.\n|\n|t:|1681734427\n|start\n|switch|p1a: Talonflame|Talonflame, L50, M, shiny|100\/100\n|switch|p1b: Palafin|Palafin, L50, M, shiny|100\/100\n|switch|p2a: Ting-Lu|Ting-Lu, L50|100\/100\n|switch|p2b: Flutter Mane|Flutter Mane, L50|100\/100\n|-ability|p2a: Ting-Lu|Vessel of Ruin\n|-enditem|p2b: Flutter Mane|Booster Energy\n|-activate|p2b: Flutter Mane|ability: Protosynthesis|[fromitem]\n|-start|p2b: Flutter Mane|protosynthesisspa\n|turn|1\n|\n|t:|1681734451\n|-terastallize|p1b: Palafin|Water\n|move|p1b: Palafin|Jet Punch|p2b: Flutter Mane\n|-damage|p2b: Flutter Mane|42\/100\n|move|p1a: Talonflame|Will-O-Wisp|p2a: Ting-Lu\n|-status|p2a: Ting-Lu|brn\n|move|p2b: Flutter Mane|Moonblast|p1b: Palafin\n|-damage|p1b: Palafin|36\/100\n|-unboost|p1b: Palafin|spa|1\n|move|p2a: Ting-Lu|Stone Edge|p1a: Talonflame\n|-supereffective|p1a: Talonflame\n|-crit|p1a: Talonflame\n|-damage|p1a: Talonflame|0 fnt\n|faint|p1a: Talonflame\n|\n|-damage|p2a: Ting-Lu|94\/100 brn|[from] brn\n|upkeep\n|\n|t:|1681734472\n|switch|p1a: Scream Tail|Scream Tail, L50|100\/100\n|-enditem|p1a: Scream Tail|Booster Energy\n|-activate|p1a: Scream Tail|ability: Protosynthesis|[fromitem]\n|-start|p1a: Scream Tail|protosynthesisspe\n|turn|2\n|\n|t:|1681734489\n|-end|p2b: Flutter Mane|Protosynthesis|[silent]\n|switch|p2b: Amoonguss|Amoonguss, L50, F, shiny|100\/100\n|move|p1b: Palafin|Jet Punch|p2b: Amoonguss\n|-resisted|p2b: Amoonguss\n|-damage|p2b: Amoonguss|85\/100\n|-damage|p1b: Palafin|19\/100|[from] item: Rocky Helmet|[of] p2b: Amoonguss\n|move|p1a: Scream Tail|Howl|p1a: Scream Tail|[spread] p1a,p1b\n|-boost|p1a: Scream Tail|atk|1\n|-boost|p1b: Palafin|atk|1\n|move|p2a: Ting-Lu|Heavy Slam|p1a: Scream Tail\n|-supereffective|p1a: Scream Tail\n|-damage|p1a: Scream Tail|76\/100\n|\n|-damage|p2a: Ting-Lu|88\/100 brn|[from] brn\n|upkeep\n|turn|3\n|inactive|Bailey3253 has 30 seconds left.\n|\n|t:|1681734516\n|detailschange|p1b: Palafin|Palafin-Hero, L50, M, shiny, tera:Water\n|switch|p1b: Glimmora|Glimmora, L50, F, shiny|100\/100\n|move|p2b: Amoonguss|Rage Powder|p2b: Amoonguss\n|-singleturn|p2b: Amoonguss|move: Rage Powder\n|move|p1a: Scream Tail|Reflect|p1a: Scream Tail\n|-sidestart|p1: Mauvellous|Reflect\n|move|p2a: Ting-Lu|Stomping Tantrum|p1b: Glimmora\n|-supereffective|p1b: Glimmora\n|-crit|p1b: Glimmora\n|-damage|p1b: Glimmora|0 fnt\n|-activate|p1b: Glimmora|ability: Toxic Debris\n|-sidestart|p2: Bailey3253|move: Toxic Spikes\n|faint|p1b: Glimmora\n|\n|-damage|p2a: Ting-Lu|82\/100 brn|[from] brn\n|upkeep\n|\n|t:|1681734530\n|switch|p1b: Palafin|Palafin-Hero, L50, M, shiny, tera:Water|19\/100\n|-activate|p1b: Palafin|ability: Zero to Hero\n|turn|4\n|\n|t:|1681734548\n|-terastallize|p2a: Ting-Lu|Grass\n|move|p1a: Scream Tail|Howl|p1a: Scream Tail|[spread] p1a,p1b\n|-boost|p1a: Scream Tail|atk|1\n|-boost|p1b: Palafin|atk|1\n|move|p1b: Palafin|Wave Crash|p2a: Ting-Lu\n|-resisted|p2a: Ting-Lu\n|-damage|p2a: Ting-Lu|24\/100 brn\n|-damage|p1b: Palafin|0 fnt|[from] Recoil\n|faint|p1b: Palafin\n|move|p2a: Ting-Lu|Payback|p1a: Scream Tail\n|-damage|p1a: Scream Tail|65\/100\n|move|p2b: Amoonguss|Spore|p1a: Scream Tail\n|-status|p1a: Scream Tail|slp|[from] move: Spore\n|\n|-damage|p2a: Ting-Lu|18\/100 brn|[from] brn\n|upkeep\n|turn|5\n|-message|Mauvellous forfeited.\n|\n|win|Bailey3253\n|raw|Mauvellous's rating: 1186 → 1164<\/strong> (-22 for losing)\n|raw|Bailey3253's rating: 1224 → 1246<\/strong> (+22 for winning)\n|l|\u2606Mauvellous\n","uploadtime":1681734569,"views":10,"p1id":"mauvellous","p2id":"bailey3253","formatid":"gen9vgc2023regulationc","rating":1164,"private":0,"password":""}