{"id":"gen9vgc2023regulationc-1856504944","p1":"HappyduckJJ","p2":"Keveloper","format":"[Gen 9] VGC 2023 Regulation C","log":"|j|\u2606HappyduckJJ\n|j|\u2606Keveloper\n|t:|1683069138\n|gametype|doubles\n|player|p1|HappyduckJJ|chase|\n|player|p2|Keveloper|lucas|\n|teamsize|p1|6\n|teamsize|p2|6\n|gen|9\n|tier|[Gen 9] VGC 2023 Regulation C\n|rule|Species Clause: Limit one of each Pok\u00e9mon\n|rule|Item Clause: Limit one of each item\n|clearpoke\n|poke|p1|Glimmora, L50, M|\n|poke|p1|Iron Bundle, L50|\n|poke|p1|Wo-Chien, L50|\n|poke|p1|Arcanine, L50, M|\n|poke|p1|Dondozo, L50, F|\n|poke|p1|Tatsugiri, L50, M|\n|poke|p2|Orthworm, L50, M|\n|poke|p2|Dragonite, L50, M|\n|poke|p2|Ting-Lu, L50|\n|poke|p2|Gyarados, L50, F|\n|poke|p2|Flutter Mane, L50|\n|poke|p2|Chien-Pao, L50|\n|teampreview|4\nHappyduckJJ has agreed to open team sheets.\nKeveloper has agreed to open team sheets.\n|\n|t:|1683069203\n|start\n|switch|p1a: Glimmora|Glimmora, L50, M|100\/100\n|switch|p1b: Tatsugiri|Tatsugiri, L50, M|100\/100\n|switch|p2a: Dragonite|Dragonite, L50, M|100\/100\n|switch|p2b: Chien-Pao|Chien-Pao, L50|100\/100\n|-ability|p2b: Chien-Pao|Sword of Ruin\n|turn|1\n|\n|t:|1683069255\n|switch|p1b: Arcanine|Arcanine, L50, M|100\/100\n|-ability|p1b: Arcanine|Intimidate|boost\n|-unboost|p2a: Dragonite|atk|1\n|-unboost|p2b: Chien-Pao|atk|1\n|move|p2a: Dragonite|Extreme Speed|p1b: Arcanine\n|-damage|p1b: Arcanine|71\/100\n|move|p2b: Chien-Pao|Sucker Punch||[still]\n|-fail|p2b: Chien-Pao\n|move|p1a: Glimmora|Mortal Spin|p2b: Chien-Pao|[spread] p2a,p2b\n|-crit|p2a: Dragonite\n|-damage|p2a: Dragonite|96\/100\n|-damage|p2b: Chien-Pao|95\/100\n|-status|p2a: Dragonite|psn\n|-enditem|p2a: Dragonite|Lum Berry|[eat]\n|-curestatus|p2a: Dragonite|psn|[msg]\n|-status|p2b: Chien-Pao|psn\n|\n|-damage|p2b: Chien-Pao|83\/100 psn|[from] psn\n|upkeep\n|turn|2\n|\n|t:|1683069284\n|switch|p1b: Woah-Chien|Wo-Chien, L50|100\/100\n|-ability|p1b: Woah-Chien|Tablets of Ruin\n|-terastallize|p1a: Glimmora|Grass\n|move|p2b: Chien-Pao|Haze|p2b: Chien-Pao\n|-clearallboost\n|move|p2a: Dragonite|Earthquake|p1b: Woah-Chien|[spread] p2b,p1a,p1b\n|-resisted|p1a: Glimmora\n|-resisted|p1b: Woah-Chien\n|-damage|p2b: Chien-Pao|56\/100 psn\n|-damage|p1a: Glimmora|90\/100\n|-damage|p1b: Woah-Chien|92\/100\n|-activate|p1a: Glimmora|ability: Toxic Debris\n|-sidestart|p2: Keveloper|move: Toxic Spikes\n|move|p1a: Glimmora|Power Gem|p2a: Dragonite\n|-supereffective|p2a: Dragonite\n|-damage|p2a: Dragonite|27\/100\n|\n|-damage|p2b: Chien-Pao|43\/100 psn|[from] psn\n|upkeep\n|turn|3\n|\n|t:|1683069328\n|switch|p1a: Arcanine|Arcanine, L50, M|71\/100\n|-ability|p1a: Arcanine|Intimidate|boost\n|-unboost|p2a: Dragonite|atk|1\n|-unboost|p2b: Chien-Pao|atk|1\n|-terastallize|p2a: Dragonite|Flying\n|move|p2b: Chien-Pao|Ice Spinner|p1b: Woah-Chien\n|-supereffective|p1b: Woah-Chien\n|-damage|p1b: Woah-Chien|51\/100\n|move|p2a: Dragonite|Tera Blast|p1b: Woah-Chien\n|-supereffective|p1b: Woah-Chien\n|-damage|p1b: Woah-Chien|0 fnt\n|faint|p1b: Woah-Chien\n|\n|-damage|p2b: Chien-Pao|31\/100 psn|[from] psn\n|upkeep\n|\n|t:|1683069340\n|switch|p1b: Tatsugiri|Tatsugiri, L50, M|100\/100\n|turn|4\n|\n|t:|1683069351\n|switch|p1b: Glimmora|Glimmora, L50, M, tera:Grass|90\/100\n|move|p1a: Arcanine|Extreme Speed|p2a: Dragonite\n|-damage|p2a: Dragonite|0 fnt\n|faint|p2a: Dragonite\n|move|p2b: Chien-Pao|Sucker Punch||[still]\n|-fail|p2b: Chien-Pao\n|\n|-damage|p2b: Chien-Pao|19\/100 psn|[from] psn\n|upkeep\n|\n|t:|1683069369\n|switch|p2a: Flutter Mane|Flutter Mane, L50|100\/100\n|-status|p2a: Flutter Mane|psn\n|turn|5\n|\n|t:|1683069405\n|switch|p2b: Orthworm|Orthworm, L50, M|100\/100\n|move|p1a: Arcanine|Extreme Speed|p2b: Orthworm\n|-resisted|p2b: Orthworm\n|-damage|p2b: Orthworm|93\/100\n|move|p2a: Flutter Mane|Shadow Ball|p1a: Arcanine\n|-damage|p1a: Arcanine|13\/100\n|move|p1b: Glimmora|Energy Ball|p2a: Flutter Mane\n|-damage|p2a: Flutter Mane|68\/100 psn\n|\n|-damage|p2a: Flutter Mane|56\/100 psn|[from] psn\n|upkeep\n|turn|6\n|\n|t:|1683069423\n|move|p1a: Arcanine|Protect|p1a: Arcanine\n|-singleturn|p1a: Arcanine|Protect\n|move|p2a: Flutter Mane|Shadow Ball|p1a: Arcanine\n|-activate|p1a: Arcanine|move: Protect\n|move|p1b: Glimmora|Energy Ball|p2a: Flutter Mane\n|-crit|p2a: Flutter Mane\n|-damage|p2a: Flutter Mane|0 fnt\n|faint|p2a: Flutter Mane\n|-end|p2a: Flutter Mane|Protosynthesis|[silent]\n|move|p2b: Orthworm|Iron Defense|p2b: Orthworm\n|-boost|p2b: Orthworm|def|2\n|\n|upkeep\n|\n|t:|1683069426\n|switch|p2a: Chien-Pao|Chien-Pao, L50|19\/100 psn\n|-ability|p2a: Chien-Pao|Sword of Ruin\n|turn|7\n|\n|t:|1683069445\n|move|p2a: Chien-Pao|Ice Spinner|p1b: Glimmora\n|-supereffective|p1b: Glimmora\n|-damage|p1b: Glimmora|11\/100\n|-activate|p1b: Glimmora|ability: Toxic Debris\n|-sidestart|p2: Keveloper|move: Toxic Spikes\n|move|p1a: Arcanine|Will-O-Wisp|p2b: Orthworm\n|-status|p2b: Orthworm|brn\n|move|p1b: Glimmora|Energy Ball|p2a: Chien-Pao\n|-damage|p2a: Chien-Pao|0 fnt\n|faint|p2a: Chien-Pao\n|move|p2b: Orthworm|Body Press|p1a: Arcanine\n|-damage|p1a: Arcanine|0 fnt\n|faint|p1a: Arcanine\n|\n|-damage|p2b: Orthworm|87\/100 brn|[from] brn\n|upkeep\n|\n|t:|1683069451\n|switch|p1a: Tatsugiri|Tatsugiri, L50, M|100\/100\n|turn|8\n|\n|t:|1683069465\n|move|p1a: Tatsugiri|Muddy Water|p2b: Orthworm\n|-damage|p2b: Orthworm|32\/100 brn\n|-unboost|p2b: Orthworm|accuracy|1\n|-enditem|p2b: Orthworm|Sitrus Berry|[eat]\n|-heal|p2b: Orthworm|57\/100 brn|[from] item: Sitrus Berry\n|move|p1b: Glimmora|Energy Ball|p2b: Orthworm\n|-resisted|p2b: Orthworm\n|-damage|p2b: Orthworm|33\/100 brn\n|move|p2b: Orthworm|Body Press|p1a: Tatsugiri\n|-damage|p1a: Tatsugiri|45\/100\n|\n|-damage|p2b: Orthworm|27\/100 brn|[from] brn\n|upkeep\n|turn|9\n|\n|t:|1683069476\n|move|p1a: Tatsugiri|Muddy Water|p2b: Orthworm\n|-damage|p2b: Orthworm|0 fnt\n|faint|p2b: Orthworm\n|\n|win|HappyduckJJ\n|l|\u2606HappyduckJJ\n","uploadtime":1683072188,"views":11,"p1id":"happyduckjj","p2id":"keveloper","formatid":"gen9vgc2023regulationc","rating":0,"private":0,"password":""}