{"id":"gen9vgc2023regulationc-1846750532","p1":"ClickForVictory","p2":"Ninjamix","format":"[Gen 9] VGC 2023 Regulation C","log":"|j|\u2606ClickForVictory\n|j|\u2606Ninjamix\n|t:|1681873843\n|gametype|doubles\n|player|p1|ClickForVictory|furisodegirl-black|1388\n|player|p2|Ninjamix|mars|1377\n|teamsize|p1|6\n|teamsize|p2|6\n|gen|9\n|tier|[Gen 9] VGC 2023 Regulation C\n|rated|\n|rule|Species Clause: Limit one of each Pok\u00e9mon\n|rule|Item Clause: Limit one of each item\n|clearpoke\n|poke|p1|Flutter Mane, L50|\n|poke|p1|Amoonguss, L50, F|\n|poke|p1|Iron Jugulis, L50|\n|poke|p1|Great Tusk, L50|\n|poke|p1|Bruxish, L50, M|\n|poke|p1|Chi-Yu, L50|\n|poke|p2|Ceruledge, L50, M|\n|poke|p2|Glimmora, L50, M|\n|poke|p2|Salamence, L50, F|\n|poke|p2|Torkoal, L50, F|\n|poke|p2|Arboliva, L50, M|\n|poke|p2|Flutter Mane, L50|\n|teampreview|4\nNinjamix has agreed to open team sheets.\n|c|\u2606ClickForVictory|have fun!\nClickForVictory has agreed to open team sheets.\n|c|\u2606Ninjamix|gl hf\n|\n|t:|1681873891\n|start\n|switch|p1a: Mega Dodrio|Iron Jugulis, L50, shiny|100\/100\n|switch|p1b: Fiendish Fish|Chi-Yu, L50|100\/100\n|switch|p2a: Torkoal|Torkoal, L50, F|100\/100\n|switch|p2b: Flutter Mane|Flutter Mane, L50|100\/100\n|-ability|p1b: Fiendish Fish|Beads of Ruin\n|-weather|SunnyDay|[from] ability: Drought|[of] p2a: Torkoal\n|-activate|p2b: Flutter Mane|ability: Protosynthesis\n|-start|p2b: Flutter Mane|protosynthesisspe\n|-enditem|p1a: Mega Dodrio|Booster Energy\n|-activate|p1a: Mega Dodrio|ability: Quark Drive|[fromitem]\n|-start|p1a: Mega Dodrio|quarkdrivespe\n|turn|1\n|inactive|Battle timer is ON: inactive players will automatically lose when time's up. (requested by Ninjamix)\n|inactive|ClickForVictory has 60 seconds left.\n|\n|t:|1681873931\n|-terastallize|p1a: Mega Dodrio|Poison\n|move|p2b: Flutter Mane|Dazzling Gleam|p1a: Mega Dodrio|[spread] p1a,p1b\n|-resisted|p1a: Mega Dodrio\n|-damage|p1a: Mega Dodrio|62\/100\n|-damage|p1b: Fiendish Fish|53\/100\n|move|p1a: Mega Dodrio|Snarl|p2b: Flutter Mane|[spread] p2a,p2b\n|-damage|p2a: Torkoal|78\/100\n|-damage|p2b: Flutter Mane|76\/100\n|-unboost|p2a: Torkoal|spa|1\n|-unboost|p2b: Flutter Mane|spa|1\n|move|p1b: Fiendish Fish|Heat Wave|p2a: Torkoal|[spread] p2a,p2b\n|-resisted|p2a: Torkoal\n|-damage|p2a: Torkoal|42\/100\n|-damage|p2b: Flutter Mane|10\/100\n|move|p2a: Torkoal|Eruption|p1a: Mega Dodrio|[spread] p1a,p1b\n|-resisted|p1b: Fiendish Fish\n|-damage|p1a: Mega Dodrio|42\/100\n|-damage|p1b: Fiendish Fish|46\/100\n|\n|-weather|SunnyDay|[upkeep]\n|upkeep\n|turn|2\n|inactive|ClickForVictory has 30 seconds left.\n|inactive|Ninjamix has 30 seconds left.\n|\n|t:|1681873957\n|-end|p2b: Flutter Mane|Protosynthesis|[silent]\n|switch|p2b: Ceruledge|Ceruledge, L50, M|100\/100\n|move|p1a: Mega Dodrio|Snarl|p2b: Ceruledge|[spread] p2a\n|-miss|p1a: Mega Dodrio|p2b: Ceruledge\n|-damage|p2a: Torkoal|16\/100\n|-unboost|p2a: Torkoal|spa|1\n|move|p1b: Fiendish Fish|Heat Wave|p2a: Torkoal|[spread] p2a\n|-start|p2b: Ceruledge|ability: Flash Fire\n|-resisted|p2a: Torkoal\n|-damage|p2a: Torkoal|0 fnt\n|faint|p2a: Torkoal\n|\n|-weather|SunnyDay|[upkeep]\n|upkeep\n|\n|t:|1681873970\n|switch|p2a: Salamence|Salamence, L50, F|100\/100\n|-ability|p2a: Salamence|Intimidate|boost\n|-unboost|p1a: Mega Dodrio|atk|1\n|-unboost|p1b: Fiendish Fish|atk|1\n|turn|3\n|\n|t:|1681873986\n|switch|p1b: Mamoswole|Great Tusk, L50, shiny|100\/100\n|-activate|p1b: Mamoswole|ability: Protosynthesis\n|-start|p1b: Mamoswole|protosynthesisatk\n|-terastallize|p2b: Ceruledge|Steel\n|move|p1a: Mega Dodrio|Snarl|p2a: Salamence|[spread] p2a,p2b\n|-damage|p2a: Salamence|85\/100\n|-damage|p2b: Ceruledge|86\/100\n|-unboost|p2a: Salamence|spa|1\n|-unboost|p2b: Ceruledge|spa|1\n|move|p2a: Salamence|Rock Slide|p1a: Mega Dodrio|[spread] p1a,p1b\n|-resisted|p1b: Mamoswole\n|-damage|p1a: Mega Dodrio|26\/100\n|-damage|p1b: Mamoswole|98\/100\n|move|p2b: Ceruledge|Bulk Up|p2b: Ceruledge\n|-boost|p2b: Ceruledge|atk|1\n|-boost|p2b: Ceruledge|def|1\n|\n|-weather|SunnyDay|[upkeep]\n|-heal|p2a: Salamence|91\/100|[from] item: Leftovers\n|upkeep\n|turn|4\n|inactive|ClickForVictory has 30 seconds left.\n|inactive|Ninjamix has 30 seconds left.\n|inactive|Ninjamix has 20 seconds left.\n|\n|t:|1681874025\n|move|p2b: Ceruledge|Protect|p2b: Ceruledge\n|-singleturn|p2b: Ceruledge|Protect\n|move|p1a: Mega Dodrio|Tailwind|p1a: Mega Dodrio\n|-sidestart|p1: ClickForVictory|move: Tailwind\n|move|p1b: Mamoswole|Headlong Rush|p2b: Ceruledge\n|-activate|p2b: Ceruledge|move: Protect\n|move|p2a: Salamence|Draco Meteor|p1b: Mamoswole\n|-damage|p1b: Mamoswole|50\/100\n|-unboost|p2a: Salamence|spa|2\n|\n|-weather|SunnyDay|[upkeep]\n|-heal|p2a: Salamence|97\/100|[from] item: Leftovers\n|upkeep\n|turn|5\n|inactive|Ninjamix has 30 seconds left.\n|\n|t:|1681874053\n|move|p1a: Mega Dodrio|Snarl|p2a: Salamence|[spread] p2a,p2b\n|-damage|p2a: Salamence|80\/100\n|-damage|p2b: Ceruledge|72\/100\n|-unboost|p2a: Salamence|spa|1\n|-unboost|p2b: Ceruledge|spa|1\n|move|p1b: Mamoswole|Headlong Rush|p2b: Ceruledge\n|-supereffective|p2b: Ceruledge\n|-crit|p2b: Ceruledge\n|-damage|p2b: Ceruledge|0 fnt\n|-unboost|p1b: Mamoswole|def|1\n|-unboost|p1b: Mamoswole|spd|1\n|faint|p2b: Ceruledge\n|move|p2a: Salamence|Rock Slide|p1b: Mamoswole|[spread] p1a,p1b\n|-resisted|p1b: Mamoswole\n|-crit|p1b: Mamoswole\n|-damage|p1a: Mega Dodrio|10\/100\n|-damage|p1b: Mamoswole|43\/100\n|\n|-weather|SunnyDay|[upkeep]\n|-heal|p2a: Salamence|86\/100|[from] item: Leftovers\n|upkeep\n|\n|t:|1681874068\n|switch|p2b: Flutter Mane|Flutter Mane, L50|10\/100\n|-activate|p2b: Flutter Mane|ability: Protosynthesis\n|-start|p2b: Flutter Mane|protosynthesisspe\n|turn|6\n|\n|t:|1681874079\n|move|p1a: Mega Dodrio|Snarl|p2a: Salamence|[spread] p2a,p2b\n|-damage|p2a: Salamence|69\/100\n|-damage|p2b: Flutter Mane|0 fnt\n|-unboost|p2a: Salamence|spa|1\n|faint|p2b: Flutter Mane\n|-end|p2b: Flutter Mane|Protosynthesis|[silent]\n|move|p1b: Mamoswole|Ice Spinner|p2a: Salamence\n|-supereffective|p2a: Salamence\n|-damage|p2a: Salamence|0 fnt\n|faint|p2a: Salamence\n|\n|win|ClickForVictory\n|raw|ClickForVictory's rating: 1388 → 1407<\/strong> (+19 for winning)\n|raw|Ninjamix's rating: 1377 → 1358<\/strong> (-19 for losing)\n|l|\u2606Ninjamix\n|c|\u2606ClickForVictory|gg!\n","uploadtime":1681874094,"views":11,"p1id":"clickforvictory","p2id":"ninjamix","formatid":"gen9vgc2023regulationc","rating":1358,"private":0,"password":""}