{"id":"gen9vgc2023regulationc-1850794649","p1":"nvdnodn","p2":"soraesc","format":"[Gen 9] VGC 2023 Regulation C","log":"|j|\u2606nvdnodn\n|j|\u2606soraesc\n|t:|1682368485\n|gametype|doubles\n|player|p1|nvdnodn|lance|1135\n|player|p2|soraesc|n|1131\n|teamsize|p1|6\n|teamsize|p2|6\n|gen|9\n|tier|[Gen 9] VGC 2023 Regulation C\n|rated|\n|rule|Species Clause: Limit one of each Pok\u00e9mon\n|rule|Item Clause: Limit one of each item\n|clearpoke\n|poke|p1|Palafin, L50, F|\n|poke|p1|Wo-Chien, L50|\n|poke|p1|Iron Hands, L50|\n|poke|p1|Chi-Yu, L50|\n|poke|p1|Flutter Mane, L50|\n|poke|p1|Ting-Lu, L50|\n|poke|p2|Armarouge, L50, M|\n|poke|p2|Indeedee-F, L50, F|\n|poke|p2|Iron Bundle, L50|\n|poke|p2|Wo-Chien, L50|\n|poke|p2|Palafin, L50, F|\n|poke|p2|Flutter Mane, L50|\n|teampreview|4\n|inactive|Battle timer is ON: inactive players will automatically lose when time's up. (requested by soraesc)\n|\n|t:|1682368506\n|start\n|switch|p1a: Palafin|Palafin, L50, F|100\/100\n|switch|p1b: Chi-Yu|Chi-Yu, L50|100\/100\n|switch|p2a: Fumble|Iron Bundle, L50|100\/100\n|switch|p2b: Flash Man|Armarouge, L50, M|100\/100\n|-ability|p1b: Chi-Yu|Beads of Ruin\n|turn|1\n|inactive|nvdnodn has 30 seconds left.\n|inactive|nvdnodn has 20 seconds left.\n|inactive|nvdnodn has 15 seconds left.\n|\n|t:|1682368548\n|-terastallize|p1b: Chi-Yu|Ghost\n|move|p1a: Palafin|Protect|p1a: Palafin\n|-singleturn|p1a: Palafin|Protect\n|move|p2b: Flash Man|Protect|p2b: Flash Man\n|-singleturn|p2b: Flash Man|Protect\n|move|p2a: Fumble|Freeze-Dry|p1a: Palafin\n|-activate|p1a: Palafin|move: Protect\n|move|p1b: Chi-Yu|Dark Pulse|p2b: Flash Man\n|-activate|p2b: Flash Man|move: Protect\n|\n|upkeep\n|turn|2\n|inactive|soraesc has 30 seconds left.\n|\n|t:|1682368573\n|detailschange|p1a: Palafin|Palafin-Hero, L50, F\n|switch|p1a: Flutter Mane|Flutter Mane, L50|100\/100\n|-enditem|p1a: Flutter Mane|Booster Energy\n|-activate|p1a: Flutter Mane|ability: Protosynthesis|[fromitem]\n|-start|p1a: Flutter Mane|protosynthesisspa\n|switch|p2b: Woo-Baby|Wo-Chien, L50|100\/100\n|-ability|p2b: Woo-Baby|Tablets of Ruin\n|move|p2a: Fumble|Freeze-Dry|p1a: Flutter Mane\n|-damage|p1a: Flutter Mane|47\/100\n|move|p1b: Chi-Yu|Dark Pulse|p2b: Woo-Baby\n|-resisted|p2b: Woo-Baby\n|-damage|p2b: Woo-Baby|80\/100\n|\n|-heal|p2b: Woo-Baby|86\/100|[from] item: Leftovers\n|upkeep\n|turn|3\n|inactive|nvdnodn has 30 seconds left.\n|\n|t:|1682368599\n|-end|p1a: Flutter Mane|Protosynthesis|[silent]\n|switch|p1a: Iron Hands|Iron Hands, L50|100\/100\n|-terastallize|p2b: Woo-Baby|Poison\n|move|p2a: Fumble|Icy Wind|p1a: Iron Hands|[spread] p1a,p1b\n|-damage|p1a: Iron Hands|87\/100\n|-damage|p1b: Chi-Yu|77\/100\n|-unboost|p1a: Iron Hands|spe|1\n|-unboost|p1b: Chi-Yu|spe|1\n|move|p1b: Chi-Yu|Heat Wave|p2b: Woo-Baby|[spread] p2a,p2b\n|-enditem|p2a: Fumble|Focus Sash\n|-damage|p2a: Fumble|1\/100\n|-damage|p2b: Woo-Baby|52\/100\n|move|p2b: Woo-Baby|Leech Seed|p1a: Iron Hands\n|-start|p1a: Iron Hands|move: Leech Seed\n|\n|-heal|p2b: Woo-Baby|58\/100|[from] item: Leftovers\n|-damage|p1a: Iron Hands|75\/100|[from] Leech Seed|[of] p2b: Woo-Baby\n|-heal|p2b: Woo-Baby|72\/100|[silent]\n|upkeep\n|turn|4\n|\n|t:|1682368621\n|move|p2a: Fumble|Protect|p2a: Fumble\n|-singleturn|p2a: Fumble|Protect\n|move|p1b: Chi-Yu|Protect|p1b: Chi-Yu\n|-singleturn|p1b: Chi-Yu|Protect\n|move|p2b: Woo-Baby|Protect|p2b: Woo-Baby\n|-singleturn|p2b: Woo-Baby|Protect\n|move|p1a: Iron Hands|Volt Switch|p2b: Woo-Baby\n|-activate|p2b: Woo-Baby|move: Protect\n|\n|-heal|p2b: Woo-Baby|79\/100|[from] item: Leftovers\n|-damage|p1a: Iron Hands|63\/100|[from] Leech Seed|[of] p2b: Woo-Baby\n|-heal|p2b: Woo-Baby|93\/100|[silent]\n|upkeep\n|turn|5\n|inactive|nvdnodn has 30 seconds left.\n|\n|t:|1682368650\n|switch|p1b: Flutter Mane|Flutter Mane, L50|47\/100\n|move|p2a: Fumble|Icy Wind|p1a: Iron Hands|[spread] p1a,p1b\n|-crit|p1b: Flutter Mane\n|-damage|p1a: Iron Hands|52\/100\n|-damage|p1b: Flutter Mane|15\/100\n|-unboost|p1a: Iron Hands|spe|1\n|-unboost|p1b: Flutter Mane|spe|1\n|move|p2b: Woo-Baby|Leech Seed|p1b: Flutter Mane\n|-start|p1b: Flutter Mane|move: Leech Seed\n|move|p1a: Iron Hands|Volt Switch|p2b: Woo-Baby\n|-damage|p2b: Woo-Baby|84\/100\n|\n|t:|1682368667\n|-end|p1a: Iron Hands|Quark Drive|[silent]\n|switch|p1a: Palafin|Palafin-Hero, L50, F|100\/100|[from] Volt Switch\n|-activate|p1a: Palafin|ability: Zero to Hero\n|\n|-heal|p2b: Woo-Baby|90\/100|[from] item: Leftovers\n|-damage|p1b: Flutter Mane|3\/100|[from] Leech Seed|[of] p2b: Woo-Baby\n|-heal|p2b: Woo-Baby|98\/100|[silent]\n|upkeep\n|turn|6\n|\n|t:|1682368687\n|-end|p1b: Flutter Mane|Protosynthesis|[silent]\n|switch|p1b: Iron Hands|Iron Hands, L50|52\/100\n|move|p2a: Fumble|Protect|p2a: Fumble\n|-singleturn|p2a: Fumble|Protect\n|move|p1a: Palafin|Jet Punch|p2a: Fumble\n|-activate|p2a: Fumble|move: Protect\n|move|p2b: Woo-Baby|Leech Seed|p1a: Palafin\n|-start|p1a: Palafin|move: Leech Seed\n|\n|-heal|p2b: Woo-Baby|100\/100|[from] item: Leftovers\n|-damage|p1a: Palafin|88\/100|[from] Leech Seed|[of] p2b: Woo-Baby\n|upkeep\n|turn|7\n|\n|t:|1682368705\n|-end|p2a: Fumble|Quark Drive|[silent]\n|switch|p2a: Indeed.com|Indeedee-F, L50, F, shiny|100\/100\n|-fieldstart|move: Psychic Terrain|[from] ability: Psychic Surge|[of] p2a: Indeed.com\n|-enditem|p2a: Indeed.com|Psychic Seed\n|-boost|p2a: Indeed.com|spd|1|[from] item: Psychic Seed\n|move|p1b: Iron Hands|Fake Out|p2b: Woo-Baby\n|-activate|p2b: Woo-Baby|move: Psychic Terrain\n|move|p1a: Palafin|Jet Punch|p2a: Indeed.com\n|-activate|p2a: Indeed.com|move: Psychic Terrain\n|move|p2b: Woo-Baby|Ruination|p1a: Palafin\n|-damage|p1a: Palafin|44\/100\n|\n|-damage|p1a: Palafin|32\/100|[from] Leech Seed|[of] p2b: Woo-Baby\n|upkeep\n|turn|8\n|inactive|nvdnodn has 30 seconds left.\n|inactive|nvdnodn has 20 seconds left.\n|inactive|nvdnodn has 15 seconds left.\n|inactive|nvdnodn has 10 seconds left.\n|\n|t:|1682368754\n|switch|p1a: Chi-Yu|Chi-Yu, L50, tera:Ghost|77\/100\n|-ability|p1a: Chi-Yu|Beads of Ruin\n|move|p2a: Indeed.com|Follow Me|p2a: Indeed.com\n|-singleturn|p2a: Indeed.com|move: Follow Me\n|move|p2b: Woo-Baby|Leech Seed|p1b: Iron Hands\n|-start|p1b: Iron Hands|move: Leech Seed\n|move|p1b: Iron Hands|Wild Charge|p2a: Indeed.com\n|-damage|p2a: Indeed.com|65\/100\n|-damage|p1b: Iron Hands|45\/100|[from] Recoil\n|\n|-damage|p1b: Iron Hands|33\/100|[from] Leech Seed|[of] p2b: Woo-Baby\n|upkeep\n|turn|9\n|\n|t:|1682368774\n|move|p1a: Chi-Yu|Dark Pulse|p2a: Indeed.com\n|-supereffective|p2a: Indeed.com\n|-damage|p2a: Indeed.com|0 fnt\n|faint|p2a: Indeed.com\n|move|p2b: Woo-Baby|Leech Seed|p1a: Chi-Yu\n|-start|p1a: Chi-Yu|move: Leech Seed\n|move|p1b: Iron Hands|Volt Switch|p2b: Woo-Baby\n|-damage|p2b: Woo-Baby|88\/100\n|\n|t:|1682368786\n|-end|p1b: Iron Hands|Quark Drive|[silent]\n|switch|p1b: Palafin|Palafin-Hero, L50, F|32\/100|[from] Volt Switch\n|\n|-heal|p2b: Woo-Baby|94\/100|[from] item: Leftovers\n|-damage|p1a: Chi-Yu|65\/100|[from] Leech Seed|[of] p2b: Woo-Baby\n|-heal|p2b: Woo-Baby|100\/100|[silent]\n|upkeep\n|\n|t:|1682368789\n|switch|p2a: Fumble|Iron Bundle, L50|1\/100\n|turn|10\n|\n|t:|1682368806\n|switch|p1a: Iron Hands|Iron Hands, L50|33\/100\n|move|p2a: Fumble|Protect|p2a: Fumble\n|-singleturn|p2a: Fumble|Protect\n|move|p1b: Palafin|Protect|p1b: Palafin\n|-singleturn|p1b: Palafin|Protect\n|move|p2b: Woo-Baby|Leech Seed|p1b: Palafin\n|-activate|p1b: Palafin|move: Protect\n|\n|upkeep\n|turn|11\n|\n|t:|1682368824\n|move|p1b: Palafin|Protect||[still]\n|-fail|p1b: Palafin\n|move|p1a: Iron Hands|Fake Out|p2a: Fumble\n|-activate|p2a: Fumble|move: Psychic Terrain\n|move|p2a: Fumble|Freeze-Dry|p1b: Palafin\n|-supereffective|p1b: Palafin\n|-damage|p1b: Palafin|0 fnt\n|faint|p1b: Palafin\n|move|p2b: Woo-Baby|Leech Seed|p1a: Iron Hands|[miss]\n|-miss|p2b: Woo-Baby|p1a: Iron Hands\n|\n|-fieldend|move: Psychic Terrain\n|upkeep\n|\n|t:|1682368835\n|switch|p1b: Chi-Yu|Chi-Yu, L50, tera:Ghost|65\/100\n|-ability|p1b: Chi-Yu|Beads of Ruin\n|turn|12\n|\n|t:|1682368851\n|move|p2a: Fumble|Protect|p2a: Fumble\n|-singleturn|p2a: Fumble|Protect\n|move|p1b: Chi-Yu|Protect|p1b: Chi-Yu\n|-singleturn|p1b: Chi-Yu|Protect\n|move|p2b: Woo-Baby|Leech Seed|p1a: Iron Hands\n|-start|p1a: Iron Hands|move: Leech Seed\n|move|p1a: Iron Hands|Wild Charge|p2a: Fumble\n|-activate|p2a: Fumble|move: Protect\n|\n|-damage|p1a: Iron Hands|20\/100|[from] Leech Seed|[of] p2b: Woo-Baby\n|upkeep\n|turn|13\n|\n|t:|1682368875\n|move|p2a: Fumble|Freeze-Dry|p1b: Chi-Yu\n|-damage|p1b: Chi-Yu|20\/100\n|move|p1b: Chi-Yu|Heat Wave|p2b: Woo-Baby|[spread] p2a,p2b\n|-damage|p2a: Fumble|0 fnt\n|-damage|p2b: Woo-Baby|65\/100\n|faint|p2a: Fumble\n|-end|p2a: Fumble|Quark Drive|[silent]\n|move|p2b: Woo-Baby|Leech Seed|p1b: Chi-Yu\n|-start|p1b: Chi-Yu|move: Leech Seed\n|move|p1a: Iron Hands|Drain Punch|p2b: Woo-Baby\n|-resisted|p2b: Woo-Baby\n|-damage|p2b: Woo-Baby|53\/100\n|-heal|p1a: Iron Hands|25\/100|[from] drain|[of] p2b: Woo-Baby\n|\n|-heal|p2b: Woo-Baby|59\/100|[from] item: Leftovers\n|-damage|p1b: Chi-Yu|8\/100|[from] Leech Seed|[of] p2b: Woo-Baby\n|-heal|p2b: Woo-Baby|68\/100|[silent]\n|-damage|p1a: Iron Hands|13\/100|[from] Leech Seed|[of] p2b: Woo-Baby\n|-heal|p2b: Woo-Baby|82\/100|[silent]\n|upkeep\n|\n|t:|1682368891\n|switch|p2a: Flash Man|Armarouge, L50, M|100\/100\n|turn|14\n|\n|t:|1682368908\n|move|p2a: Flash Man|Protect|p2a: Flash Man\n|-singleturn|p2a: Flash Man|Protect\n|move|p1b: Chi-Yu|Dark Pulse|p2a: Flash Man\n|-activate|p2a: Flash Man|move: Protect\n|move|p2b: Woo-Baby|Ruination|p1a: Iron Hands\n|-damage|p1a: Iron Hands|7\/100\n|move|p1a: Iron Hands|Wild Charge|p2a: Flash Man\n|-activate|p2a: Flash Man|move: Protect\n|\n|-heal|p2b: Woo-Baby|89\/100|[from] item: Leftovers\n|-damage|p1b: Chi-Yu|0 fnt|[from] Leech Seed|[of] p2b: Woo-Baby\n|-heal|p2b: Woo-Baby|94\/100|[silent]\n|faint|p1b: Chi-Yu\n|-damage|p1a: Iron Hands|0 fnt|[from] Leech Seed|[of] p2b: Woo-Baby\n|-heal|p2b: Woo-Baby|100\/100|[silent]\n|faint|p1a: Iron Hands\n|-end|p1a: Iron Hands|Quark Drive|[silent]\n|upkeep\n|\n|t:|1682368931\n|switch|p1b: Flutter Mane|Flutter Mane, L50|3\/100\n|turn|15\n|\n|t:|1682368939\n|move|p1b: Flutter Mane|Power Gem|p2a: Flash Man\n|-supereffective|p2a: Flash Man\n|-damage|p2a: Flash Man|25\/100\n|-enditem|p2a: Flash Man|Weakness Policy\n|-boost|p2a: Flash Man|atk|2|[from] item: Weakness Policy\n|-boost|p2a: Flash Man|spa|2|[from] item: Weakness Policy\n|move|p2a: Flash Man|Armor Cannon|p1b: Flutter Mane\n|-damage|p1b: Flutter Mane|0 fnt\n|-unboost|p2a: Flash Man|def|1\n|-unboost|p2a: Flash Man|spd|1\n|faint|p1b: Flutter Mane\n|-end|p1b: Flutter Mane|Protosynthesis|[silent]\n|\n|win|soraesc\n|raw|nvdnodn's rating: 1135 → 1110<\/strong> (-25 for losing)\n|raw|soraesc's rating: 1131 → 1156<\/strong> (+25 for winning)\n|l|\u2606nvdnodn\n","uploadtime":1682368957,"views":20,"p1id":"nvdnodn","p2id":"soraesc","formatid":"gen9vgc2023regulationc","rating":1110,"private":0,"password":""}