{"id":"gen9vgc2023regulationc-1851041611","p1":"TheRandomAnt","p2":"kaizerfattah","format":"[Gen 9] VGC 2023 Regulation C","log":"|j|\u2606TheRandomAnt\n|j|\u2606kaizerfattah\n|t:|1682398555\n|gametype|doubles\n|player|p1|TheRandomAnt|266|1441\n|player|p2|kaizerfattah|hilda-wonderlauncher|1419\n|teamsize|p1|6\n|teamsize|p2|6\n|gen|9\n|tier|[Gen 9] VGC 2023 Regulation C\n|rated|\n|rule|Species Clause: Limit one of each Pok\u00e9mon\n|rule|Item Clause: Limit one of each item\n|clearpoke\n|poke|p1|Palafin, L50, M|\n|poke|p1|Amoonguss, L50, F|\n|poke|p1|Flutter Mane, L50|\n|poke|p1|Chi-Yu, L50|\n|poke|p1|Dragonite, L50, F|\n|poke|p1|Great Tusk, L50|\n|poke|p2|Dachsbun, L50, F|\n|poke|p2|Flutter Mane, L50|\n|poke|p2|Baxcalibur, L50, F|\n|poke|p2|Chi-Yu, L50|\n|poke|p2|Azumarill, L50, F|\n|poke|p2|Iron Hands, L50|\n|teampreview|4\n|inactive|Battle timer is ON: inactive players will automatically lose when time's up. (requested by kaizerfattah)\nTheRandomAnt has agreed to open team sheets.\n|inactive|TheRandomAnt has 60 seconds left.\n|\n|t:|1682398597\n|start\n|switch|p1a: Palafin|Palafin, L50, M|100\/100\n|switch|p1b: Flutter Mane|Flutter Mane, L50|100\/100\n|switch|p2a: Smoked fillet|Chi-Yu, L50|100\/100\n|switch|p2b: Mustard|Iron Hands, L50|100\/100\n|-ability|p2a: Smoked fillet|Beads of Ruin\n|-enditem|p1b: Flutter Mane|Booster Energy\n|-activate|p1b: Flutter Mane|ability: Protosynthesis|[fromitem]\n|-start|p1b: Flutter Mane|protosynthesisspa\n|turn|1\n|\n|t:|1682398614\n|detailschange|p1a: Palafin|Palafin-Hero, L50, M\n|switch|p1a: Amoonguss|Amoonguss, L50, F|100\/100\n|-end|p2b: Mustard|Quark Drive|[silent]\n|switch|p2b: Hot Loaf|Dachsbun, L50, F|100\/100\n|move|p2a: Smoked fillet|Lava Plume|p1b: Flutter Mane|[spread] p1a,p1b\n|-ability|p2b: Hot Loaf|Well-Baked Body|boost\n|-boost|p2b: Hot Loaf|def|2\n|-supereffective|p1a: Amoonguss\n|-damage|p1a: Amoonguss|24\/100\n|-damage|p1b: Flutter Mane|48\/100\n|-status|p1a: Amoonguss|brn\n|move|p1b: Flutter Mane|Dazzling Gleam|p2b: Hot Loaf|[spread] p2a,p2b\n|-damage|p2a: Smoked fillet|45\/100\n|-damage|p2b: Hot Loaf|52\/100\n|\n|-heal|p2b: Hot Loaf|58\/100|[from] item: Leftovers\n|-damage|p1a: Amoonguss|18\/100 brn|[from] brn\n|upkeep\n|turn|2\n|inactive|TheRandomAnt has 30 seconds left.\n|inactive|kaizerfattah has 30 seconds left.\n|inactive|TheRandomAnt has 20 seconds left.\n|inactive|TheRandomAnt has 15 seconds left.\n|inactive|TheRandomAnt has 10 seconds left.\n|inactive|TheRandomAnt has 5 seconds left.\n|\n|t:|1682398665\n|move|p1a: Amoonguss|Protect|p1a: Amoonguss\n|-singleturn|p1a: Amoonguss|Protect\n|move|p2a: Smoked fillet|Lava Plume|p1a: Amoonguss|[spread] p1b\n|-activate|p1a: Amoonguss|move: Protect\n|-ability|p2b: Hot Loaf|Well-Baked Body|boost\n|-boost|p2b: Hot Loaf|def|2\n|-damage|p1b: Flutter Mane|4\/100\n|move|p1b: Flutter Mane|Dazzling Gleam|p2a: Smoked fillet|[spread] p2a,p2b\n|-damage|p2a: Smoked fillet|0 fnt\n|-damage|p2b: Hot Loaf|9\/100\n|faint|p2a: Smoked fillet\n|move|p2b: Hot Loaf|Body Press|p1a: Amoonguss\n|-activate|p1a: Amoonguss|move: Protect\n|\n|-heal|p2b: Hot Loaf|15\/100|[from] item: Leftovers\n|-damage|p1a: Amoonguss|12\/100 brn|[from] brn\n|upkeep\n|\n|t:|1682398686\n|switch|p2a: Popsicle|Baxcalibur, L50, F|100\/100\n|turn|3\n|\n|t:|1682398695\n|move|p1a: Amoonguss|Rage Powder|p1a: Amoonguss\n|-singleturn|p1a: Amoonguss|move: Rage Powder\n|move|p2a: Popsicle|Ice Shard|p1a: Amoonguss\n|-supereffective|p1a: Amoonguss\n|-damage|p1a: Amoonguss|0 fnt\n|faint|p1a: Amoonguss\n|move|p1b: Flutter Mane|Dazzling Gleam|p2a: Popsicle|[spread] p2a,p2b\n|-supereffective|p2a: Popsicle\n|-damage|p2a: Popsicle|25\/100\n|-damage|p2b: Hot Loaf|0 fnt\n|faint|p2b: Hot Loaf\n|\n|upkeep\n|\n|t:|1682398706\n|switch|p2b: Mustard|Iron Hands, L50|100\/100\n|switch|p1a: Palafin|Palafin-Hero, L50, M|100\/100\n|-activate|p1a: Palafin|ability: Zero to Hero\n|turn|4\n|inactive|TheRandomAnt has 30 seconds left.\n|\n|t:|1682398732\n|move|p1b: Flutter Mane|Protect|p1b: Flutter Mane\n|-singleturn|p1b: Flutter Mane|Protect\n|move|p1a: Palafin|Protect|p1a: Palafin\n|-singleturn|p1a: Palafin|Protect\n|move|p2b: Mustard|Fake Out|p1a: Palafin\n|-activate|p1a: Palafin|move: Protect\n|move|p2a: Popsicle|Ice Shard|p1b: Flutter Mane\n|-activate|p1b: Flutter Mane|move: Protect\n|\n|upkeep\n|turn|5\n|\n|t:|1682398750\n|-end|p1b: Flutter Mane|Protosynthesis|[silent]\n|switch|p1b: Great Tusk|Great Tusk, L50|100\/100\n|move|p2a: Popsicle|Protect|p2a: Popsicle\n|-singleturn|p2a: Popsicle|Protect\n|move|p1a: Palafin|Drain Punch|p2a: Popsicle\n|-activate|p2a: Popsicle|move: Protect\n|move|p2b: Mustard|Wild Charge|p1a: Palafin\n|-supereffective|p1a: Palafin\n|-damage|p1a: Palafin|0 fnt\n|faint|p1a: Palafin\n|-damage|p2b: Mustard|80\/100|[from] Recoil\n|\n|upkeep\n|\n|t:|1682398761\n|switch|p1a: Flutter Mane|Flutter Mane, L50|4\/100\n|turn|6\n|inactive|kaizerfattah has 30 seconds left.\n|\n|t:|1682398790\n|move|p1a: Flutter Mane|Protect|p1a: Flutter Mane\n|-singleturn|p1a: Flutter Mane|Protect\n|move|p2a: Popsicle|Ice Shard|p1b: Great Tusk\n|-supereffective|p1b: Great Tusk\n|-damage|p1b: Great Tusk|63\/100\n|move|p1b: Great Tusk|Headlong Rush|p2a: Popsicle\n|-damage|p2a: Popsicle|0 fnt\n|-unboost|p1b: Great Tusk|def|1\n|-unboost|p1b: Great Tusk|spd|1\n|faint|p2a: Popsicle\n|move|p2b: Mustard|Drain Punch|p1b: Great Tusk\n|-damage|p1b: Great Tusk|10\/100\n|-heal|p2b: Mustard|100\/100|[from] drain|[of] p1b: Great Tusk\n|\n|upkeep\n|turn|7\n|inactive|kaizerfattah has 30 seconds left.\n|\n|t:|1682398817\n|-terastallize|p1a: Flutter Mane|Fairy\n|-terastallize|p2b: Mustard|Grass\n|move|p1b: Great Tusk|Headlong Rush|p2b: Mustard\n|-resisted|p2b: Mustard\n|-damage|p2b: Mustard|79\/100\n|-unboost|p1b: Great Tusk|def|1\n|-unboost|p1b: Great Tusk|spd|1\n|move|p1a: Flutter Mane|Moonblast|p2b: Mustard\n|-damage|p2b: Mustard|39\/100\n|move|p2b: Mustard|Wild Charge|p1a: Flutter Mane\n|-damage|p1a: Flutter Mane|0 fnt\n|faint|p1a: Flutter Mane\n|-end|p1a: Flutter Mane|Protosynthesis|[silent]\n|-damage|p2b: Mustard|38\/100|[from] Recoil\n|\n|upkeep\n|turn|8\n|\n|t:|1682398835\n|move|p1b: Great Tusk|Headlong Rush|p2b: Mustard\n|-resisted|p2b: Mustard\n|-damage|p2b: Mustard|17\/100\n|-unboost|p1b: Great Tusk|def|1\n|-unboost|p1b: Great Tusk|spd|1\n|move|p2b: Mustard|Drain Punch|p1b: Great Tusk\n|-damage|p1b: Great Tusk|0 fnt\n|-heal|p2b: Mustard|21\/100|[from] drain|[of] p1b: Great Tusk\n|faint|p1b: Great Tusk\n|-end|p1b: Great Tusk|Protosynthesis|[silent]\n|\n|win|kaizerfattah\n|raw|TheRandomAnt's rating: 1441 → 1418<\/strong> (-23 for losing)\n|raw|kaizerfattah's rating: 1396 → 1419<\/strong> (+23 for winning)\n|c|\u2606kaizerfattah|Gg\n|l|\u2606TheRandomAnt\n","uploadtime":1682398999,"views":15,"p1id":"therandomant","p2id":"kaizerfattah","formatid":"gen9vgc2023regulationc","rating":1418,"private":0,"password":""}