{"id":"gen9vgc2023regulationc-1857009544","p1":"SwampCorner","p2":"battlefactoryluna","format":"[Gen 9] VGC 2023 Regulation C","log":"|j|\u2606SwampCorner\n|j|\u2606battlefactoryluna\n|t:|1683136293\n|gametype|doubles\n|player|p1|SwampCorner|boarder|1491\n|player|p2|battlefactoryluna|caitlin|1545\n|teamsize|p1|6\n|teamsize|p2|6\n|gen|9\n|tier|[Gen 9] VGC 2023 Regulation C\n|rated|\n|rule|Species Clause: Limit one of each Pok\u00e9mon\n|rule|Item Clause: Limit one of each item\n|clearpoke\n|poke|p1|Scream Tail, L50|\n|poke|p1|Ceruledge, L50, F|\n|poke|p1|Ting-Lu, L50|\n|poke|p1|Iron Hands, L50|\n|poke|p1|Arcanine, L50, F|\n|poke|p1|Flutter Mane, L50|\n|poke|p2|Murkrow, L50, M|\n|poke|p2|Garchomp, L50, F|\n|poke|p2|Gholdengo, L50|\n|poke|p2|Iron Bundle, L50|\n|poke|p2|Maushold, L50|\n|poke|p2|Azumarill, L50, M|\n|teampreview|4\nbattlefactoryluna has agreed to open team sheets.\nSwampCorner rejected open team sheets.\n|c|\u2606battlefactoryluna|hf\n|c|\u2606SwampCorner|glhf\n|j| iywsrh\n|\n|t:|1683136318\n|start\n|switch|p1a: Scream Tail|Scream Tail, L50|100\/100\n|switch|p1b: Ceruledge|Ceruledge, L50, F|100\/100\n|switch|p2a: Gholdengo|Gholdengo, L50|100\/100\n|switch|p2b: Maushold|Maushold, L50|100\/100\n|-enditem|p1a: Scream Tail|Booster Energy\n|-activate|p1a: Scream Tail|ability: Protosynthesis|[fromitem]\n|-start|p1a: Scream Tail|protosynthesisspe\n|turn|1\n|\n|t:|1683136332\n|move|p2b: Maushold|Follow Me|p2b: Maushold\n|-singleturn|p2b: Maushold|move: Follow Me\n|move|p1a: Scream Tail|Howl|p1a: Scream Tail|[spread] p1a,p1b\n|-boost|p1a: Scream Tail|atk|1\n|-boost|p1b: Ceruledge|atk|1\n|move|p2a: Gholdengo|Nasty Plot|p2a: Gholdengo\n|-boost|p2a: Gholdengo|spa|2\n|move|p1b: Ceruledge|Bitter Blade|p2b: Maushold\n|-damage|p2b: Maushold|19\/100\n|\n|upkeep\n|turn|2\n|\n|t:|1683136354\n|-terastallize|p2a: Gholdengo|Water\n|-terastallize|p1b: Ceruledge|Grass\n|move|p1a: Scream Tail|Play Rough|p2b: Maushold\n|-damage|p2b: Maushold|0 fnt\n|faint|p2b: Maushold\n|move|p2a: Gholdengo|Shadow Ball|p1b: Ceruledge\n|-crit|p1b: Ceruledge\n|-damage|p1b: Ceruledge|30\/100\n|move|p1b: Ceruledge|Tera Blast|p2a: Gholdengo\n|-supereffective|p2a: Gholdengo\n|-damage|p2a: Gholdengo|0 fnt\n|faint|p2a: Gholdengo\n|\n|upkeep\n|\n|t:|1683136361\n|switch|p2b: Garchomp|Garchomp, L50, F|100\/100\n|switch|p2a: Murkrow|Murkrow, L50, M|100\/100\n|turn|3\n|\n|t:|1683136380\n|move|p2b: Garchomp|Protect|p2b: Garchomp\n|-singleturn|p2b: Garchomp|Protect\n|move|p2a: Murkrow|Screech|p1a: Scream Tail\n|-unboost|p1a: Scream Tail|def|2\n|move|p1b: Ceruledge|Shadow Sneak|p2b: Garchomp\n|-activate|p2b: Garchomp|move: Protect\n|move|p1a: Scream Tail|Encore|p2a: Murkrow\n|-start|p2a: Murkrow|Encore\n|\n|upkeep\n|turn|4\n|\n|t:|1683136395\n|move|p2a: Murkrow|Screech|p1b: Ceruledge\n|-unboost|p1b: Ceruledge|def|2\n|move|p1a: Scream Tail|Encore|p2b: Garchomp\n|-start|p2b: Garchomp|Encore\n|move|p2b: Garchomp|Protect||[still]\n|-fail|p2b: Garchomp\n|move|p1b: Ceruledge|Bitter Blade|p2a: Murkrow\n|-damage|p2a: Murkrow|6\/100\n|-heal|p1b: Ceruledge|73\/100|[from] drain|[of] p2a: Murkrow\n|\n|upkeep\n|turn|5\n|-message|battlefactoryluna forfeited.\n|\n|win|SwampCorner\n|raw|SwampCorner's rating: 1491 → 1514<\/strong> (+23 for winning)\n|raw|battlefactoryluna's rating: 1545 → 1522<\/strong> (-23 for losing)\n|l|\u2606battlefactoryluna\n","uploadtime":1683136410,"views":40,"p1id":"swampcorner","p2id":"battlefactoryluna","formatid":"gen9vgc2023regulationc","rating":1514,"private":0,"password":""}