{"id":"gen9vgc2023regulationc-1864124110","p1":"The Spicy Cigar","p2":"Femboiii~","format":"[Gen 9] VGC 2023 Regulation C","log":"|j|\u2606The Spicy Cigar\n|j|\u2606Femboiii~\n|t:|1684120932\n|gametype|doubles\n|player|p1|The Spicy Cigar|smasher|1114\n|player|p2|Femboiii~|ortega|1044\n|teamsize|p1|6\n|teamsize|p2|6\n|gen|9\n|tier|[Gen 9] VGC 2023 Regulation C\n|rated|\n|rule|Species Clause: Limit one of each Pok\u00e9mon\n|rule|Item Clause: Limit one of each item\n|clearpoke\n|poke|p1|Farigiraf, L50, M|\n|poke|p1|Iron Hands, L50|\n|poke|p1|Ting-Lu, L50|\n|poke|p1|Bronzong, L50|\n|poke|p1|Flutter Mane, L50|\n|poke|p1|Chi-Yu, L50|\n|poke|p2|Iron Bundle, L50|\n|poke|p2|Jumpluff, L50, F|\n|poke|p2|Armarouge, L50, F|\n|poke|p2|Indeedee-F, L50, F|\n|poke|p2|Garchomp, L50, F|\n|poke|p2|Chien-Pao, L50|\n|teampreview|4\n|c|\u2606The Spicy Cigar|ooo that looks neat\n|inactive|Battle timer is ON: inactive players will automatically lose when time's up. (requested by Femboiii~)\nFemboiii~ rejected open team sheets.\n|c|\u2606Femboiii~|Thankss\n|\n|t:|1684121014\n|start\n|switch|p1a: Farigiraf|Farigiraf, L50, M|100\/100\n|switch|p1b: Iron Hands|Iron Hands, L50|100\/100\n|switch|p2a: Strawberry \ud83c\udf53\ud83d\ude0d|Jumpluff, L50, F, shiny|100\/100\n|switch|p2b: Shining Knight|Armarouge, L50, F, shiny|100\/100\n|turn|1\n|c|\u2606Femboiii~|I havent played vcg in sooo long\n|c|\u2606The Spicy Cigar|this is my first season taking it seriously\n|inactive|The Spicy Cigar has 30 seconds left.\n|inactive|The Spicy Cigar has 20 seconds left.\n|c|\u2606Femboiii~|Ok\n|inactive|The Spicy Cigar has 15 seconds left.\n|c|\u2606The Spicy Cigar|i attended knoxville and charlotte regionals but not the best player or snything lmao still learning\n|inactiveoff|Battle timer is now OFF.\n|\n|t:|1684121059\n|-terastallize|p2b: Shining Knight|Psychic\n|move|p1a: Farigiraf|Protect|p1a: Farigiraf\n|-singleturn|p1a: Farigiraf|Protect\n|move|p2a: Strawberry \ud83c\udf53\ud83d\ude0d|U-turn|p2b: Shining Knight\n|-supereffective|p2b: Shining Knight\n|-damage|p2b: Shining Knight|81\/100\n|-ability|p2b: Shining Knight|Weak Armor|boost\n|-unboost|p2b: Shining Knight|def|1\n|-boost|p2b: Shining Knight|spe|2\n|-enditem|p2b: Shining Knight|Weakness Policy\n|-boost|p2b: Shining Knight|atk|2|[from] item: Weakness Policy\n|-boost|p2b: Shining Knight|spa|2|[from] item: Weakness Policy\n|\n|t:|1684121069\n|switch|p2a: I Need Indeed|Indeedee-F, L50, F|100\/100|[from] U-turn\n|-fieldstart|move: Psychic Terrain|[from] ability: Psychic Surge|[of] p2a: I Need Indeed\n|move|p2b: Shining Knight|Expanding Force|p1a: Farigiraf|[spread] p1b\n|-activate|p1a: Farigiraf|move: Protect\n|-supereffective|p1b: Iron Hands\n|-damage|p1b: Iron Hands|0 fnt\n|faint|p1b: Iron Hands\n|-end|p1b: Iron Hands|Quark Drive|[silent]\n|\n|upkeep\n|\n|t:|1684121083\n|switch|p1b: Flutter Mane|Flutter Mane, L50|100\/100\n|-enditem|p1b: Flutter Mane|Booster Energy\n|-activate|p1b: Flutter Mane|ability: Protosynthesis|[fromitem]\n|-start|p1b: Flutter Mane|protosynthesisspe\n|turn|2\n|c|\u2606Femboiii~|I am a silly guy on the internet\n|c|\u2606Femboiii~|I usually play national dex\n|\n|t:|1684121118\n|-terastallize|p1a: Farigiraf|Grass\n|move|p1b: Flutter Mane|Shadow Ball|p2b: Shining Knight\n|-supereffective|p2b: Shining Knight\n|-damage|p2b: Shining Knight|0 fnt\n|faint|p2b: Shining Knight\n|move|p2a: I Need Indeed|Shadow Ball|p1b: Flutter Mane\n|-supereffective|p1b: Flutter Mane\n|-damage|p1b: Flutter Mane|65\/100\n|move|p1a: Farigiraf|Psychic|p2a: I Need Indeed\n|-resisted|p2a: I Need Indeed\n|-damage|p2a: I Need Indeed|71\/100\n|-damage|p1a: Farigiraf|91\/100|[from] item: Life Orb\n|\n|upkeep\n|c|\u2606Femboiii~|I meant to use follow me\n|c|\u2606The Spicy Cigar|i just threw this team together lmao im still tweaking my last two mons\n|\n|t:|1684121148\n|switch|p2b: Strawberry \ud83c\udf53\ud83d\ude0d|Jumpluff, L50, F, shiny|100\/100\n|turn|3\n|c|\u2606The Spicy Cigar|no worries i meant to tera hands turn one lmao\n|\n|t:|1684121191\n|switch|p1a: Chi-Yu|Chi-Yu, L50|100\/100\n|-ability|p1a: Chi-Yu|Beads of Ruin\n|move|p1b: Flutter Mane|Thunderbolt|p2b: Strawberry \ud83c\udf53\ud83d\ude0d\n|-damage|p2b: Strawberry \ud83c\udf53\ud83d\ude0d|50\/100\n|move|p2b: Strawberry \ud83c\udf53\ud83d\ude0d|Pollen Puff|p1a: Chi-Yu\n|-damage|p1a: Chi-Yu|85\/100\n|move|p2a: I Need Indeed|Psychic|p1b: Flutter Mane\n|-damage|p1b: Flutter Mane|11\/100\n|\n|upkeep\n|turn|4\n|\n|t:|1684121211\n|move|p1b: Flutter Mane|Protect|p1b: Flutter Mane\n|-singleturn|p1b: Flutter Mane|Protect\n|move|p2a: I Need Indeed|Follow Me|p2a: I Need Indeed\n|-singleturn|p2a: I Need Indeed|move: Follow Me\n|move|p2b: Strawberry \ud83c\udf53\ud83d\ude0d|Pollen Puff|p1b: Flutter Mane\n|-activate|p1b: Flutter Mane|move: Protect\n|move|p1a: Chi-Yu|Heat Wave|p2a: I Need Indeed|[spread] p2a,p2b\n|-supereffective|p2b: Strawberry \ud83c\udf53\ud83d\ude0d\n|-damage|p2a: I Need Indeed|41\/100\n|-damage|p2b: Strawberry \ud83c\udf53\ud83d\ude0d|0 fnt\n|faint|p2b: Strawberry \ud83c\udf53\ud83d\ude0d\n|\n|upkeep\n|\n|t:|1684121215\n|switch|p2b: Catch These Paws|Chien-Pao, L50|100\/100\n|-ability|p2b: Catch These Paws|Sword of Ruin\n|turn|5\n|\n|t:|1684121240\n|switch|p1a: Farigiraf|Farigiraf, L50, M, tera:Grass|91\/100\n|move|p2a: I Need Indeed|Follow Me|p2a: I Need Indeed\n|-singleturn|p2a: I Need Indeed|move: Follow Me\n|move|p1b: Flutter Mane|Dazzling Gleam|p2b: Catch These Paws|[spread] p2a,p2b\n|-supereffective|p2b: Catch These Paws\n|-damage|p2a: I Need Indeed|15\/100\n|-damage|p2b: Catch These Paws|6\/100\n|-enditem|p2a: I Need Indeed|Aguav Berry|[eat]\n|-heal|p2a: I Need Indeed|49\/100|[from] item: Aguav Berry\n|move|p2b: Catch These Paws|Sacred Sword|p1a: Farigiraf\n|-damage|p1a: Farigiraf|29\/100\n|\n|-fieldend|move: Psychic Terrain\n|upkeep\n|turn|6\n|c|\u2606Femboiii~|I threw in 1 turn\n|c|\u2606The Spicy Cigar|honestly i thought losing hands would throw it for me\n|c|\u2606Femboiii~|Rematch\n|c|\u2606Femboiii~|?\n|\n|t:|1684121288\n|move|p1b: Flutter Mane|Dazzling Gleam|p2a: I Need Indeed|[spread] p2a,p2b\n|-supereffective|p2b: Catch These Paws\n|-damage|p2a: I Need Indeed|24\/100\n|-damage|p2b: Catch These Paws|0 fnt\n|faint|p2b: Catch These Paws\n|move|p2a: I Need Indeed|Psychic|p1b: Flutter Mane\n|-damage|p1b: Flutter Mane|0 fnt\n|faint|p1b: Flutter Mane\n|-end|p1b: Flutter Mane|Protosynthesis|[silent]\n|move|p1a: Farigiraf|Psychic|p2a: I Need Indeed\n|-resisted|p2a: I Need Indeed\n|-damage|p2a: I Need Indeed|5\/100\n|-damage|p1a: Farigiraf|19\/100|[from] item: Life Orb\n|\n|upkeep\n|c|\u2606The Spicy Cigar|sure!\n|\n|t:|1684121299\n|switch|p1b: Chi-Yu|Chi-Yu, L50|85\/100\n|-ability|p1b: Chi-Yu|Beads of Ruin\n|turn|7\n|c|\u2606The Spicy Cigar|also welcome back to vgc btw how long was your break\n|\n|t:|1684121318\n|move|p1b: Chi-Yu|Dark Pulse|p2a: I Need Indeed\n|-supereffective|p2a: I Need Indeed\n|-damage|p2a: I Need Indeed|0 fnt\n|faint|p2a: I Need Indeed\n|\n|win|The Spicy Cigar\n|raw|The Spicy Cigar's rating: 1114 → 1134<\/strong> (+20 for winning)\n|raw|Femboiii~'s rating: 1044 → 1031<\/strong> (-13 for losing)\n|l|\u2606Femboiii~\n","uploadtime":1684121326,"views":5,"p1id":"thespicycigar","p2id":"femboiii","formatid":"gen9vgc2023regulationc","rating":1031,"private":0,"password":""}