{"id":"gen9vgc2023regulationc-1845991810","p1":"fo50","p2":"nefffffffff","format":"[Gen 9] VGC 2023 Regulation C","log":"|j|\u2606fo50\n|j|\u2606nefffffffff\n|t:|1681788278\n|gametype|doubles\n|player|p1|fo50|2|1119\n|player|p2|nefffffffff|1|1078\n|teamsize|p1|6\n|teamsize|p2|6\n|gen|9\n|tier|[Gen 9] VGC 2023 Regulation C\n|rated|\n|rule|Species Clause: Limit one of each Pok\u00e9mon\n|rule|Item Clause: Limit one of each item\n|clearpoke\n|poke|p1|Scovillain, L50, F|\n|poke|p1|Dragonite, L50, M|\n|poke|p1|Tinkaton, L50, F|\n|poke|p1|Garchomp, L50, M|\n|poke|p1|Torkoal, L50, M|\n|poke|p1|Scizor, L50, F|\n|poke|p2|Palafin, L50, M|\n|poke|p2|Arcanine, L50, M|\n|poke|p2|Amoonguss, L50, F|\n|poke|p2|Iron Hands, L50|\n|poke|p2|Flutter Mane, L50|\n|poke|p2|Chien-Pao, L50|\n|teampreview|4\nnefffffffff has agreed to open team sheets.\n|\n|t:|1681788304\n|start\n|switch|p1a: Scizor|Scizor, L50, F|100\/100\n|switch|p1b: Garchomp|Garchomp, L50, M|100\/100\n|switch|p2a: Palafin|Palafin, L50, M|100\/100\n|switch|p2b: Arcanine|Arcanine, L50, M|100\/100\n|-ability|p2b: Arcanine|Intimidate|boost\n|-unboost|p1a: Scizor|atk|1\n|-unboost|p1b: Garchomp|atk|1\n|turn|1\n|inactive|Battle timer is ON: inactive players will automatically lose when time's up. (requested by fo50)\n|\n|t:|1681788332\n|detailschange|p2a: Palafin|Palafin-Hero, L50, M\n|switch|p2a: Iron Hands|Iron Hands, L50|100\/100\n|-terastallize|p1a: Scizor|Flying\n|move|p1b: Garchomp|Earthquake|p2a: Iron Hands|[spread] p2a,p2b\n|-immune|p1a: Scizor\n|-supereffective|p2a: Iron Hands\n|-supereffective|p2b: Arcanine\n|-damage|p2a: Iron Hands|62\/100\n|-damage|p2b: Arcanine|41\/100\n|move|p2b: Arcanine|Will-O-Wisp|p1b: Garchomp\n|-status|p1b: Garchomp|brn\n|move|p1a: Scizor|Trailblaze|p2a: Iron Hands\n|-crit|p2a: Iron Hands\n|-damage|p2a: Iron Hands|30\/100\n|-boost|p1a: Scizor|spe|1\n|\n|-damage|p1b: Garchomp|95\/100 brn|[from] brn\n|upkeep\n|turn|2\n|inactive|fo50 has 30 seconds left.\n|\n|t:|1681788358\n|move|p2a: Iron Hands|Fake Out|p1a: Scizor\n|-damage|p1a: Scizor|85\/100\n|move|p1b: Garchomp|Earthquake|p2a: Iron Hands|[spread] p2a,p2b\n|-immune|p1a: Scizor\n|-supereffective|p2a: Iron Hands\n|-supereffective|p2b: Arcanine\n|-crit|p2b: Arcanine\n|-damage|p2a: Iron Hands|9\/100\n|-damage|p2b: Arcanine|0 fnt\n|faint|p2b: Arcanine\n|cant|p1a: Scizor|flinch\n|\n|-damage|p1b: Garchomp|89\/100 brn|[from] brn\n|upkeep\n|\n|t:|1681788363\n|switch|p2b: Palafin|Palafin-Hero, L50, M|100\/100\n|-activate|p2b: Palafin|ability: Zero to Hero\n|turn|3\n|\n|t:|1681788382\n|-terastallize|p2b: Palafin|Water\n|move|p1b: Garchomp|Thunder Fang|p2b: Palafin\n|-supereffective|p2b: Palafin\n|-damage|p2b: Palafin|84\/100\n|move|p1a: Scizor|Trailblaze|p2b: Palafin\n|-supereffective|p2b: Palafin\n|-damage|p2b: Palafin|51\/100\n|-boost|p1a: Scizor|spe|1\n|move|p2b: Palafin|Wave Crash|p1b: Garchomp\n|-damage|p1b: Garchomp|0 fnt\n|-damage|p2b: Palafin|39\/100|[from] ability: Rough Skin|[of] p1b: Garchomp\n|faint|p1b: Garchomp\n|-damage|p2b: Palafin|14\/100|[from] Recoil\n|move|p2a: Iron Hands|Wild Charge|p1a: Scizor\n|-supereffective|p1a: Scizor\n|-damage|p1a: Scizor|0 fnt\n|faint|p1a: Scizor\n|-damage|p2a: Iron Hands|0 fnt|[from] Recoil\n|faint|p2a: Iron Hands\n|-end|p2a: Iron Hands|Quark Drive|[silent]\n|\n|upkeep\n|\n|t:|1681788405\n|switch|p1b: Dragonite|Dragonite, L50, M|100\/100\n|switch|p1a: Tinkaton|Tinkaton, L50, F|100\/100\n|switch|p2a: Flutter Mane|Flutter Mane, L50|100\/100\n|-enditem|p2a: Flutter Mane|Booster Energy\n|-activate|p2a: Flutter Mane|ability: Protosynthesis|[fromitem]\n|-start|p2a: Flutter Mane|protosynthesisspe\n|turn|4\n|\n|t:|1681788429\n|move|p1a: Tinkaton|Fake Out|p2b: Palafin\n|-damage|p2b: Palafin|7\/100\n|cant|p2b: Palafin|flinch\n|move|p2a: Flutter Mane|Shadow Ball|p1a: Tinkaton\n|-damage|p1a: Tinkaton|74\/100\n|move|p1b: Dragonite|Ice Spinner|p2a: Flutter Mane\n|-damage|p2a: Flutter Mane|51\/100\n|\n|-heal|p1a: Tinkaton|80\/100|[from] item: Leftovers\n|upkeep\n|turn|5\n|\n|t:|1681788444\n|move|p1b: Dragonite|Extreme Speed|p2b: Palafin\n|-damage|p2b: Palafin|0 fnt\n|faint|p2b: Palafin\n|move|p2a: Flutter Mane|Dazzling Gleam|p1a: Tinkaton|[spread] p1a,p1b\n|-resisted|p1a: Tinkaton\n|-supereffective|p1b: Dragonite\n|-damage|p1a: Tinkaton|71\/100\n|-damage|p1b: Dragonite|66\/100\n|-enditem|p1b: Dragonite|Weakness Policy\n|-boost|p1b: Dragonite|atk|2|[from] item: Weakness Policy\n|-boost|p1b: Dragonite|spa|2|[from] item: Weakness Policy\n|move|p1a: Tinkaton|Gigaton Hammer|p2a: Flutter Mane\n|-supereffective|p2a: Flutter Mane\n|-damage|p2a: Flutter Mane|0 fnt\n|faint|p2a: Flutter Mane\n|-end|p2a: Flutter Mane|Protosynthesis|[silent]\n|\n|win|fo50\n|raw|fo50's rating: 1119 → 1141<\/strong> (+22 for winning)\n|raw|nefffffffff's rating: 1078 → 1059<\/strong> (-19 for losing)\n|l|\u2606nefffffffff\n","uploadtime":1681788460,"views":14,"p1id":"fo50","p2id":"nefffffffff","formatid":"gen9vgc2023regulationc","rating":1059,"private":0,"password":""}