{"id":"gen9vgc2023regulationc-1862681529","p1":"JMOdri","p2":"Owe","format":"[Gen 9] VGC 2023 Regulation C","log":"|j|\u2606JMOdri\n|j|\u2606Owe\n|t:|1683911706\n|gametype|doubles\n|player|p1|JMOdri|#vgcwliikilowattrels|\n|player|p2|Owe|#vgcwliikilowattrels|\n|teamsize|p1|6\n|teamsize|p2|6\n|gen|9\n|tier|[Gen 9] VGC 2023 Regulation C\n|rule|Species Clause: Limit one of each Pok\u00e9mon\n|rule|Item Clause: Limit one of each item\n|clearpoke\n|poke|p1|Ting-Lu, L50|\n|poke|p1|Amoonguss, L50, M|\n|poke|p1|Iron Hands, L50|\n|poke|p1|Flutter Mane, L50|\n|poke|p1|Palafin, L50, M|\n|poke|p1|Arcanine, L50, M|\n|poke|p2|Gyarados, L50, F|\n|poke|p2|Ting-Lu, L50|\n|poke|p2|Amoonguss, L50, F|\n|poke|p2|Chi-Yu, L50|\n|poke|p2|Iron Hands, L50|\n|poke|p2|Flutter Mane, L50|\n|teampreview|4\n|c|\u2606JMOdri|g2\nJMOdri has agreed to open team sheets.\nOwe has agreed to open team sheets.\n|j| SvenVGC\n|j| baaaaat_\n|c|\u2606JMOdri|glhf\n|j| pokeway96\n|c|\u2606Owe|glhf\n|\n|t:|1683912258\n|start\n|switch|p1a: Flutter Mane|Flutter Mane, L50, shiny|100\/100\n|switch|p1b: Palafin|Palafin, L50, M, shiny|100\/100\n|switch|p2a: Osimhen|Iron Hands, L50, shiny|100\/100\n|switch|p2b: Mario Rui|Chi-Yu, L50|100\/100\n|-ability|p2b: Mario Rui|Beads of Ruin\n|-enditem|p1a: Flutter Mane|Booster Energy\n|-activate|p1a: Flutter Mane|ability: Protosynthesis|[fromitem]\n|-start|p1a: Flutter Mane|protosynthesisspa\n|turn|1\n|\n|t:|1683912278\n|switch|p2b: Lozano|Amoonguss, L50, F, shiny|100\/100\n|detailschange|p1b: Palafin|Palafin-Hero, L50, M, shiny\n|switch|p1b: Iron Hands|Iron Hands, L50|100\/100\n|move|p1a: Flutter Mane|Protect|p1a: Flutter Mane\n|-singleturn|p1a: Flutter Mane|Protect\n|move|p2a: Osimhen|Heavy Slam|p1a: Flutter Mane\n|-activate|p1a: Flutter Mane|move: Protect\n|\n|upkeep\n|turn|2\n|j| Sratsym\n|\n|t:|1683912314\n|-end|p1a: Flutter Mane|Protosynthesis|[silent]\n|switch|p1a: Arcanine|Arcanine, L50, M, shiny|100\/100\n|-ability|p1a: Arcanine|Intimidate|boost\n|-unboost|p2a: Osimhen|atk|1\n|-unboost|p2b: Lozano|atk|1\n|move|p1b: Iron Hands|Fake Out|p2b: Lozano\n|-damage|p2b: Lozano|90\/100\n|move|p2a: Osimhen|Heavy Slam|p1a: Arcanine\n|-resisted|p1a: Arcanine\n|-damage|p1a: Arcanine|94\/100\n|cant|p2b: Lozano|flinch\n|\n|upkeep\n|turn|3\n|j| TabuVGC\n|\n|t:|1683912358\n|switch|p1a: Palafin|Palafin-Hero, L50, M, shiny|100\/100\n|-activate|p1a: Palafin|ability: Zero to Hero\n|-end|p2a: Osimhen|Quark Drive|[silent]\n|switch|p2a: Dilorenzo|Gyarados, L50, F|100\/100\n|-ability|p2a: Dilorenzo|Intimidate|boost\n|-unboost|p1a: Palafin|atk|1\n|-unboost|p1b: Iron Hands|atk|1\n|move|p1b: Iron Hands|Volt Switch|p2a: Dilorenzo\n|-supereffective|p2a: Dilorenzo\n|-damage|p2a: Dilorenzo|63\/100\n|\n|t:|1683912368\n|-end|p1b: Iron Hands|Quark Drive|[silent]\n|switch|p1b: Arcanine|Arcanine, L50, M, shiny|94\/100|[from] Volt Switch\n|-ability|p1b: Arcanine|Intimidate|boost\n|-unboost|p2a: Dilorenzo|atk|1\n|-unboost|p2b: Lozano|atk|1\n|move|p2b: Lozano|Spore|p1a: Palafin\n|-status|p1a: Palafin|slp|[from] move: Spore\n|\n|upkeep\n|turn|4\n|\n|t:|1683912388\n|switch|p2a: Mario Rui|Chi-Yu, L50|100\/100\n|-ability|p2a: Mario Rui|Beads of Ruin\n|switch|p2b: Osimhen|Iron Hands, L50, shiny|100\/100\n|cant|p1a: Palafin|slp\n|move|p1b: Arcanine|Flare Blitz|p2b: Osimhen\n|-damage|p2b: Osimhen|65\/100\n|-damage|p1b: Arcanine|78\/100|[from] Recoil\n|\n|upkeep\n|turn|5\n|\n|t:|1683912450\n|switch|p1b: Iron Hands|Iron Hands, L50|100\/100\n|-end|p2b: Osimhen|Quark Drive|[silent]\n|switch|p2b: Dilorenzo|Gyarados, L50, F|63\/100\n|-ability|p2b: Dilorenzo|Intimidate|boost\n|-unboost|p1a: Palafin|atk|1\n|-unboost|p1b: Iron Hands|atk|1\n|-terastallize|p2a: Mario Rui|Water\n|move|p2a: Mario Rui|Nasty Plot|p2a: Mario Rui\n|-boost|p2a: Mario Rui|spa|2\n|cant|p1a: Palafin|slp\n|\n|upkeep\n|turn|6\n|\n|t:|1683912467\n|switch|p2b: Osimhen|Iron Hands, L50, shiny|65\/100\n|move|p2a: Mario Rui|Protect|p2a: Mario Rui\n|-singleturn|p2a: Mario Rui|Protect\n|move|p1b: Iron Hands|Fake Out|p2a: Mario Rui\n|-activate|p2a: Mario Rui|move: Protect\n|cant|p1a: Palafin|slp\n|\n|upkeep\n|turn|7\n|\n|t:|1683912489\n|-end|p1b: Iron Hands|Quark Drive|[silent]\n|switch|p1b: Flutter Mane|Flutter Mane, L50, shiny|100\/100\n|-curestatus|p1a: Palafin|slp|[msg]\n|move|p1a: Palafin|Protect|p1a: Palafin\n|-singleturn|p1a: Palafin|Protect\n|move|p2b: Osimhen|Fake Out|p1b: Flutter Mane\n|-immune|p1b: Flutter Mane\n|move|p2a: Mario Rui|Heat Wave|p1a: Palafin|[spread] p1b\n|-activate|p1a: Palafin|move: Protect\n|-damage|p1b: Flutter Mane|30\/100\n|\n|upkeep\n|turn|8\n|\n|t:|1683912541\n|switch|p1a: Iron Hands|Iron Hands, L50|100\/100\n|-end|p2b: Osimhen|Quark Drive|[silent]\n|switch|p2b: Lozano|Amoonguss, L50, F, shiny|100\/100\n|move|p1b: Flutter Mane|Moonblast|p2a: Mario Rui\n|-damage|p2a: Mario Rui|58\/100\n|-unboost|p2a: Mario Rui|spa|1\n|move|p2a: Mario Rui|Heat Wave|p1a: Iron Hands|[spread] p1a,p1b\n|-damage|p1a: Iron Hands|66\/100\n|-damage|p1b: Flutter Mane|0 fnt\n|faint|p1b: Flutter Mane\n|-end|p1b: Flutter Mane|Protosynthesis|[silent]\n|\n|-heal|p2a: Mario Rui|64\/100|[from] item: Leftovers\n|upkeep\n|\n|t:|1683912557\n|switch|p1b: Palafin|Palafin-Hero, L50, M, shiny|100\/100\n|turn|9\n|\n|t:|1683912600\n|switch|p2b: Osimhen|Iron Hands, L50, shiny|65\/100\n|move|p2a: Mario Rui|Protect|p2a: Mario Rui\n|-singleturn|p2a: Mario Rui|Protect\n|move|p1a: Iron Hands|Fake Out|p2a: Mario Rui\n|-activate|p2a: Mario Rui|move: Protect\n|move|p1b: Palafin|Taunt|p2b: Osimhen\n|-start|p2b: Osimhen|move: Taunt\n|\n|-heal|p2a: Mario Rui|70\/100|[from] item: Leftovers\n|upkeep\n|turn|10\n|j| cybertr0nvgc7\n|\n|t:|1683912626\n|-terastallize|p1b: Palafin|Water\n|move|p2b: Osimhen|Fake Out|p1a: Iron Hands\n|-damage|p1a: Iron Hands|58\/100\n|move|p2a: Mario Rui|Heat Wave|p1b: Palafin|[spread] p1a,p1b\n|-resisted|p1b: Palafin\n|-damage|p1a: Iron Hands|24\/100\n|-damage|p1b: Palafin|69\/100\n|move|p1b: Palafin|Wave Crash|p2a: Mario Rui\n|-resisted|p2a: Mario Rui\n|-damage|p2a: Mario Rui|0 fnt\n|faint|p2a: Mario Rui\n|-damage|p1b: Palafin|51\/100|[from] Recoil\n|cant|p1a: Iron Hands|flinch\n|\n|upkeep\n|\n|t:|1683912642\n|switch|p2a: Dilorenzo|Gyarados, L50, F|63\/100\n|-ability|p2a: Dilorenzo|Intimidate|boost\n|-unboost|p1a: Iron Hands|atk|1\n|-unboost|p1b: Palafin|atk|1\n|turn|11\n|\n|t:|1683912664\n|switch|p2a: Lozano|Amoonguss, L50, F, shiny|100\/100\n|-end|p1a: Iron Hands|Quark Drive|[silent]\n|switch|p1a: Arcanine|Arcanine, L50, M, shiny|78\/100\n|-ability|p1a: Arcanine|Intimidate|boost\n|-unboost|p2a: Lozano|atk|1\n|-unboost|p2b: Osimhen|atk|1\n|move|p1b: Palafin|Wave Crash|p2b: Osimhen\n|-damage|p2b: Osimhen|14\/100\n|-damage|p1b: Palafin|28\/100|[from] Recoil\n|move|p2b: Osimhen|Drain Punch|p1a: Arcanine\n|-damage|p1a: Arcanine|52\/100\n|-heal|p2b: Osimhen|24\/100|[from] drain|[of] p1a: Arcanine\n|\n|-end|p2b: Osimhen|move: Taunt\n|upkeep\n|turn|12\n|\n|t:|1683912687\n|-end|p2b: Osimhen|Quark Drive|[silent]\n|switch|p2b: Dilorenzo|Gyarados, L50, F|63\/100\n|-ability|p2b: Dilorenzo|Intimidate|boost\n|-unboost|p1a: Arcanine|atk|1\n|-unboost|p1b: Palafin|atk|1\n|move|p1b: Palafin|Taunt|p2a: Lozano\n|-start|p2a: Lozano|move: Taunt\n|move|p1a: Arcanine|Flare Blitz|p2b: Dilorenzo\n|-resisted|p2b: Dilorenzo\n|-damage|p2b: Dilorenzo|49\/100\n|-damage|p1a: Arcanine|48\/100|[from] Recoil\n|move|p2a: Lozano|Pollen Puff|p2b: Dilorenzo\n|-heal|p2b: Dilorenzo|99\/100\n|\n|upkeep\n|turn|13\n|\n|t:|1683912743\n|switch|p1b: Iron Hands|Iron Hands, L50|24\/100\n|move|p1a: Arcanine|Flare Blitz|p2b: Dilorenzo\n|-resisted|p2b: Dilorenzo\n|-damage|p2b: Dilorenzo|85\/100\n|-status|p2b: Dilorenzo|brn\n|-damage|p1a: Arcanine|43\/100|[from] Recoil\n|move|p2b: Dilorenzo|Waterfall|p1b: Iron Hands\n|-damage|p1b: Iron Hands|13\/100\n|move|p2a: Lozano|Pollen Puff|p1b: Iron Hands\n|-resisted|p1b: Iron Hands\n|-damage|p1b: Iron Hands|9\/100\n|\n|-damage|p2b: Dilorenzo|79\/100 brn|[from] brn\n|upkeep\n|turn|14\n|\n|t:|1683912775\n|switch|p1a: Palafin|Palafin-Hero, L50, M, shiny, tera:Water|28\/100\n|move|p1b: Iron Hands|Fake Out|p2b: Dilorenzo\n|-damage|p2b: Dilorenzo|65\/100 brn\n|cant|p2b: Dilorenzo|flinch\n|move|p2a: Lozano|Pollen Puff|p2b: Dilorenzo\n|-heal|p2b: Dilorenzo|100\/100 brn\n|\n|-damage|p2b: Dilorenzo|95\/100 brn|[from] brn\n|-end|p2a: Lozano|move: Taunt\n|upkeep\n|turn|15\n|j| Star Rail\n|\n|t:|1683912831\n|-end|p1b: Iron Hands|Quark Drive|[silent]\n|switch|p1b: Arcanine|Arcanine, L50, M, shiny|43\/100\n|-ability|p1b: Arcanine|Intimidate|boost\n|-unboost|p2a: Lozano|atk|1\n|-unboost|p2b: Dilorenzo|atk|1\n|move|p2a: Lozano|Rage Powder|p2a: Lozano\n|-singleturn|p2a: Lozano|move: Rage Powder\n|move|p1a: Palafin|Taunt|p2a: Lozano\n|-start|p2a: Lozano|move: Taunt\n|move|p2b: Dilorenzo|Waterfall|p1b: Arcanine\n|-supereffective|p1b: Arcanine\n|-damage|p1b: Arcanine|23\/100\n|\n|-damage|p2b: Dilorenzo|89\/100 brn|[from] brn\n|upkeep\n|turn|16\n|\n|t:|1683912884\n|move|p1b: Arcanine|Extreme Speed|p2b: Dilorenzo\n|-damage|p2b: Dilorenzo|69\/100 brn\n|move|p1a: Palafin|Wave Crash|p2b: Dilorenzo\n|-resisted|p2b: Dilorenzo\n|-damage|p2b: Dilorenzo|17\/100 brn\n|-enditem|p2b: Dilorenzo|Iapapa Berry|[eat]\n|-heal|p2b: Dilorenzo|50\/100 brn|[from] item: Iapapa Berry\n|-damage|p1a: Palafin|11\/100|[from] Recoil\n|move|p2b: Dilorenzo|Waterfall|p1b: Arcanine\n|-supereffective|p1b: Arcanine\n|-damage|p1b: Arcanine|3\/100\n|move|p2a: Lozano|Pollen Puff|p1a: Palafin\n|-damage|p1a: Palafin|0 fnt\n|faint|p1a: Palafin\n|\n|-damage|p2b: Dilorenzo|45\/100 brn|[from] brn\n|upkeep\n|\n|t:|1683912900\n|switch|p1a: Iron Hands|Iron Hands, L50|9\/100\n|turn|17\n|l| pokeway96\n|l| Star Rail\n|\n|t:|1683912933\n|move|p1a: Iron Hands|Fake Out|p2b: Dilorenzo\n|-damage|p2b: Dilorenzo|32\/100 brn\n|move|p1b: Arcanine|Extreme Speed|p2b: Dilorenzo\n|-damage|p2b: Dilorenzo|12\/100 brn\n|cant|p2b: Dilorenzo|flinch\n|move|p2a: Lozano|Clear Smog|p1a: Iron Hands\n|-damage|p1a: Iron Hands|2\/100\n|-clearboost|p1a: Iron Hands\n|\n|-damage|p2b: Dilorenzo|6\/100 brn|[from] brn\n|upkeep\n|turn|18\n|\n|t:|1683912953\n|move|p1b: Arcanine|Extreme Speed|p2b: Dilorenzo\n|-damage|p2b: Dilorenzo|0 fnt\n|faint|p2b: Dilorenzo\n|move|p1a: Iron Hands|Drain Punch|p2a: Lozano\n|-resisted|p2a: Lozano\n|-damage|p2a: Lozano|83\/100\n|-heal|p1a: Iron Hands|10\/100|[from] drain|[of] p2a: Lozano\n|move|p2a: Lozano|Clear Smog|p1b: Arcanine\n|-crit|p1b: Arcanine\n|-damage|p1b: Arcanine|0 fnt\n|-clearboost|p1b: Arcanine\n|faint|p1b: Arcanine\n|\n|-end|p2a: Lozano|move: Taunt\n|upkeep\n|\n|t:|1683912958\n|switch|p2b: Osimhen|Iron Hands, L50, shiny|24\/100\n|turn|19\n|\n|t:|1683912962\n|move|p2b: Osimhen|Fake Out|p1a: Iron Hands\n|-damage|p1a: Iron Hands|0 fnt\n|faint|p1a: Iron Hands\n|-end|p1a: Iron Hands|Quark Drive|[silent]\n|\n|win|Owe\n|c|\u2606Owe|ggs\n|l| cybertr0nvgc7\n|c|\u2606JMOdri|ggs\n","uploadtime":1683912992,"views":21,"p1id":"jmodri","p2id":"owe","formatid":"gen9vgc2023regulationc","rating":0,"private":0,"password":""}