{"id":"gen9vgc2023regulationc-1850321482","p1":"zhz2021","p2":"xingtian888","format":"[Gen 9] VGC 2023 Regulation C","log":"|j|\u2606zhz2021\n|j|\u2606xingtian888\n|t:|1682317753\n|gametype|doubles\n|player|p1|zhz2021|marley|1557\n|player|p2|xingtian888|2|1527\n|teamsize|p1|6\n|teamsize|p2|6\n|gen|9\n|tier|[Gen 9] VGC 2023 Regulation C\n|rated|\n|rule|Species Clause: Limit one of each Pok\u00e9mon\n|rule|Item Clause: Limit one of each item\n|clearpoke\n|poke|p1|Roaring Moon, L50|\n|poke|p1|Brambleghast, L50, M|\n|poke|p1|Iron Hands, L50|\n|poke|p1|Maushold-Four, L50|\n|poke|p1|Flutter Mane, L50|\n|poke|p1|Chi-Yu, L50|\n|poke|p2|Dondozo, L50, M|\n|poke|p2|Ting-Lu, L50|\n|poke|p2|Garganacl, L50, F|\n|poke|p2|Glimmora, L50, M|\n|poke|p2|Amoonguss, L50, F|\n|poke|p2|Gyarados, L50, M|\n|teampreview|4\n|inactive|Battle timer is ON: inactive players will automatically lose when time's up. (requested by xingtian888)\n|\n|t:|1682317783\n|start\n|switch|p1a: \u9b3c\u6708|Roaring Moon, L50|100\/100\n|switch|p1b: \u5929\u9053|Chi-Yu, L50|100\/100\n|switch|p2a: Glimmora|Glimmora, L50, M|100\/100\n|switch|p2b: Garganacl|Garganacl, L50, F, shiny|100\/100\n|-ability|p1b: \u5929\u9053|Beads of Ruin\n|-enditem|p1a: \u9b3c\u6708|Booster Energy\n|-activate|p1a: \u9b3c\u6708|ability: Protosynthesis|[fromitem]\n|-start|p1a: \u9b3c\u6708|protosynthesisspe\n|turn|1\n|inactive|zhz2021 has 30 seconds left.\n|inactive|zhz2021 has 20 seconds left.\n|inactive|zhz2021 has 15 seconds left.\n|inactive|zhz2021 has 10 seconds left.\n|inactive|zhz2021 has 5 seconds left.\n|\n|t:|1682317838\n|move|p1a: \u9b3c\u6708|Tailwind|p1a: \u9b3c\u6708\n|-sidestart|p1: zhz2021|move: Tailwind\n|move|p1b: \u5929\u9053|Heat Wave|p2b: Garganacl|[spread] p2a,p2b\n|-resisted|p2a: Glimmora\n|-resisted|p2b: Garganacl\n|-damage|p2a: Glimmora|62\/100\n|-damage|p2b: Garganacl|76\/100\n|-damage|p1b: \u5929\u9053|91\/100|[from] item: Life Orb\n|move|p2a: Glimmora|Mortal Spin|p1a: \u9b3c\u6708|[spread] p1a,p1b\n|-crit|p1b: \u5929\u9053\n|-damage|p1a: \u9b3c\u6708|95\/100\n|-damage|p1b: \u5929\u9053|82\/100\n|-status|p1a: \u9b3c\u6708|psn\n|-status|p1b: \u5929\u9053|psn\n|move|p2b: Garganacl|Salt Cure|p1a: \u9b3c\u6708\n|-damage|p1a: \u9b3c\u6708|77\/100 psn\n|-start|p1a: \u9b3c\u6708|Salt Cure\n|\n|-damage|p1a: \u9b3c\u6708|65\/100 psn|[from] psn\n|-damage|p1b: \u5929\u9053|70\/100 psn|[from] psn\n|-damage|p1a: \u9b3c\u6708|52\/100 psn|[from] Salt Cure\n|upkeep\n|turn|2\n|inactive|zhz2021 has 30 seconds left.\n|\n|t:|1682317872\n|-end|p1a: \u9b3c\u6708|Protosynthesis|[silent]\n|switch|p1a: \u4e9a\u68a6|Flutter Mane, L50|100\/100\n|-terastallize|p1b: \u5929\u9053|Water\n|move|p2a: Glimmora|Spiky Shield|p2a: Glimmora\n|-singleturn|p2a: Glimmora|move: Protect\n|move|p1b: \u5929\u9053|Tera Blast|p2b: Garganacl\n|-supereffective|p2b: Garganacl\n|-damage|p2b: Garganacl|0 fnt\n|faint|p2b: Garganacl\n|-damage|p1b: \u5929\u9053|60\/100 psn|[from] item: Life Orb\n|\n|-damage|p1b: \u5929\u9053|48\/100 psn|[from] psn\n|upkeep\n|\n|t:|1682317888\n|switch|p2b: Ting-Lu|Ting-Lu, L50|100\/100\n|-ability|p2b: Ting-Lu|Vessel of Ruin\n|turn|3\n|inactive|xingtian888 has 30 seconds left.\n|\n|t:|1682317913\n|-terastallize|p2b: Ting-Lu|Poison\n|move|p1a: \u4e9a\u68a6|Moonblast|p2b: Ting-Lu\n|-resisted|p2b: Ting-Lu\n|-damage|p2b: Ting-Lu|89\/100\n|-unboost|p2b: Ting-Lu|spa|1\n|move|p1b: \u5929\u9053|Tera Blast|p2a: Glimmora\n|-supereffective|p2a: Glimmora\n|-damage|p2a: Glimmora|0 fnt\n|faint|p2a: Glimmora\n|-damage|p1b: \u5929\u9053|39\/100 psn|[from] item: Life Orb\n|move|p2b: Ting-Lu|Heavy Slam|p1a: \u4e9a\u68a6\n|-supereffective|p1a: \u4e9a\u68a6\n|-enditem|p1a: \u4e9a\u68a6|Focus Sash\n|-damage|p1a: \u4e9a\u68a6|1\/100\n|\n|-damage|p1b: \u5929\u9053|26\/100 psn|[from] psn\n|upkeep\n|\n|t:|1682317932\n|switch|p2a: Dondozo|Dondozo, L50, M|100\/100\n|turn|4\n|\n|t:|1682317945\n|move|p1a: \u4e9a\u68a6|Shadow Ball|p2b: Ting-Lu\n|-damage|p2b: Ting-Lu|73\/100\n|move|p1b: \u5929\u9053|Dark Pulse|p2b: Ting-Lu\n|-damage|p2b: Ting-Lu|49\/100\n|-damage|p1b: \u5929\u9053|17\/100 psn|[from] item: Life Orb\n|move|p2b: Ting-Lu|Body Press|p1b: \u5929\u9053\n|-damage|p1b: \u5929\u9053|0 fnt\n|faint|p1b: \u5929\u9053\n|move|p2a: Dondozo|Wave Crash|p1a: \u4e9a\u68a6\n|-damage|p1a: \u4e9a\u68a6|0 fnt\n|faint|p1a: \u4e9a\u68a6\n|-end|p1a: \u4e9a\u68a6|Protosynthesis|[silent]\n|-damage|p2a: Dondozo|99\/100|[from] Recoil\n|\n|-heal|p2a: Dondozo|100\/100|[from] item: Leftovers\n|-sideend|p1: zhz2021|move: Tailwind\n|upkeep\n|\n|t:|1682317955\n|switch|p1a: \u9b3c\u6708|Roaring Moon, L50|52\/100 psn\n|switch|p1b: \u8349\u738b|Brambleghast, L50, M, shiny|100\/100\n|turn|5\n|inactive|xingtian888 has 30 seconds left.\n|\n|t:|1682317986\n|move|p2a: Dondozo|Protect|p2a: Dondozo\n|-singleturn|p2a: Dondozo|Protect\n|move|p1a: \u9b3c\u6708|Breaking Swipe|p2a: Dondozo|[spread] p2b\n|-activate|p2a: Dondozo|move: Protect\n|-damage|p2b: Ting-Lu|37\/100\n|-unboost|p2b: Ting-Lu|atk|1\n|move|p1b: \u8349\u738b|Curse|p2b: Ting-Lu\n|-start|p2b: Ting-Lu|Curse|[of] p1b: \u8349\u738b\n|-damage|p1b: \u8349\u738b|51\/100\n|move|p2b: Ting-Lu|Fissure|p1b: \u8349\u738b\n|-damage|p1b: \u8349\u738b|0 fnt\n|faint|p1b: \u8349\u738b\n|-ohko\n|\n|-damage|p1a: \u9b3c\u6708|40\/100 psn|[from] psn\n|-damage|p2b: Ting-Lu|12\/100|[from] Curse\n|upkeep\n|turn|6\n|\n|t:|1682318007\n|move|p1a: \u9b3c\u6708|Acrobatics|p2a: Dondozo\n|-damage|p2a: Dondozo|79\/100\n|move|p2b: Ting-Lu|Fissure|p1a: \u9b3c\u6708|[miss]\n|-miss|p2b: Ting-Lu|p1a: \u9b3c\u6708\n|move|p2a: Dondozo|Fissure|p1a: \u9b3c\u6708|[miss]\n|-miss|p2a: Dondozo|p1a: \u9b3c\u6708\n|\n|-heal|p2a: Dondozo|85\/100|[from] item: Leftovers\n|-damage|p1a: \u9b3c\u6708|28\/100 psn|[from] psn\n|-damage|p2b: Ting-Lu|0 fnt|[from] Curse\n|faint|p2b: Ting-Lu\n|upkeep\n|turn|7\n|\n|t:|1682318023\n|move|p1a: \u9b3c\u6708|Acrobatics|p2a: Dondozo\n|-damage|p2a: Dondozo|63\/100\n|move|p2a: Dondozo|Wave Crash|p1a: \u9b3c\u6708\n|-resisted|p1a: \u9b3c\u6708\n|-damage|p1a: \u9b3c\u6708|2\/100 psn\n|-damage|p2a: Dondozo|56\/100|[from] Recoil\n|\n|-heal|p2a: Dondozo|62\/100|[from] item: Leftovers\n|-damage|p1a: \u9b3c\u6708|0 fnt|[from] psn\n|faint|p1a: \u9b3c\u6708\n|-end|p1a: \u9b3c\u6708|Protosynthesis|[silent]\n|\n|win|xingtian888\n|upkeep\n|raw|zhz2021's rating: 1557 → 1535<\/strong> (-22 for losing)\n|raw|xingtian888's rating: 1527 → 1549<\/strong> (+22 for winning)\n|l|\u2606zhz2021\n|l|\u2606xingtian888\n","uploadtime":1682318173,"views":27,"p1id":"zhz2021","p2id":"xingtian888","formatid":"gen9vgc2023regulationc","rating":1535,"private":0,"password":""}