{"id":"gen9vgc2023regulationc-1857517490","p1":"elpinguno06","p2":"sk1191212","format":"[Gen 9] VGC 2023 Regulation C","log":"|j|\u2606elpinguno06\n|j|\u2606sk1191212\n|t:|1683204029\n|gametype|doubles\n|player|p1|elpinguno06|madame-gen4|1150\n|player|p2|sk1191212|265|1135\n|teamsize|p1|6\n|teamsize|p2|6\n|gen|9\n|tier|[Gen 9] VGC 2023 Regulation C\n|rated|\n|rule|Species Clause: Limit one of each Pok\u00e9mon\n|rule|Item Clause: Limit one of each item\n|clearpoke\n|poke|p1|Farigiraf, L50, M|\n|poke|p1|Flutter Mane, L50|\n|poke|p1|Ting-Lu, L50|\n|poke|p1|Amoonguss, L50, F|\n|poke|p1|Palafin, L50, F|\n|poke|p1|Garganacl, L50, M|\n|poke|p2|Scream Tail, L50|\n|poke|p2|Arcanine, L50, M|\n|poke|p2|Chi-Yu, L50|\n|poke|p2|Flutter Mane, L50|\n|poke|p2|Clawitzer, L50, M|\n|poke|p2|Scizor, L50, M|\n|teampreview|4\n|\n|t:|1683204091\n|start\n|switch|p1a: Sus|Amoonguss, L50, F|100\/100\n|switch|p1b: Capitanaza|Palafin, L50, F|100\/100\n|switch|p2a: Scream Tail|Scream Tail, L50|100\/100\n|switch|p2b: Scizor|Scizor, L50, M|100\/100\n|turn|1\n|\n|t:|1683204115\n|detailschange|p1b: Capitanaza|Palafin-Hero, L50, F\n|switch|p1b: Elefante|Farigiraf, L50, M|100\/100\n|move|p2a: Scream Tail|Zen Headbutt|p1a: Sus\n|-supereffective|p1a: Sus\n|-damage|p1a: Sus|62\/100\n|move|p2b: Scizor|Aerial Ace|p1a: Sus\n|-supereffective|p1a: Sus\n|-damage|p1a: Sus|10\/100\n|-enditem|p1a: Sus|Sitrus Berry|[eat]\n|-heal|p1a: Sus|35\/100|[from] item: Sitrus Berry\n|move|p1a: Sus|Spore|p2b: Scizor\n|-status|p2b: Scizor|slp|[from] move: Spore\n|\n|upkeep\n|turn|2\n|\n|t:|1683204143\n|switch|p1a: Ting-ling|Ting-Lu, L50|100\/100\n|-ability|p1a: Ting-ling|Vessel of Ruin\n|move|p2a: Scream Tail|Howl|p2a: Scream Tail|[spread] p2a,p2b\n|-boost|p2a: Scream Tail|atk|1\n|-boost|p2b: Scizor|atk|1\n|cant|p2b: Scizor|slp\n|move|p1b: Elefante|Trick Room|p1b: Elefante\n|-fieldstart|move: Trick Room|[of] p1b: Elefante\n|\n|upkeep\n|turn|3\n|\n|t:|1683204168\n|move|p1a: Ting-ling|Body Press|p2b: Scizor\n|-damage|p2b: Scizor|73\/100 slp\n|move|p1b: Elefante|Hyper Voice|p2b: Scizor|[spread] p2a,p2b\n|-resisted|p2b: Scizor\n|-damage|p2a: Scream Tail|88\/100\n|-damage|p2b: Scizor|61\/100 slp\n|cant|p2b: Scizor|slp\n|move|p2a: Scream Tail|Howl|p2a: Scream Tail|[spread] p2a,p2b\n|-boost|p2a: Scream Tail|atk|1\n|-boost|p2b: Scizor|atk|1\n|\n|-heal|p2a: Scream Tail|94\/100|[from] item: Leftovers\n|upkeep\n|turn|4\n|\n|t:|1683204189\n|move|p1a: Ting-ling|Stomping Tantrum|p2b: Scizor\n|-damage|p2b: Scizor|30\/100 slp\n|move|p1b: Elefante|Hyper Voice|p2a: Scream Tail|[spread] p2a,p2b\n|-resisted|p2b: Scizor\n|-damage|p2a: Scream Tail|82\/100\n|-damage|p2b: Scizor|17\/100 slp\n|-curestatus|p2b: Scizor|slp|[msg]\n|move|p2b: Scizor|Aerial Ace|p1a: Ting-ling\n|-damage|p1a: Ting-ling|68\/100\n|move|p2a: Scream Tail|Play Rough|p1a: Ting-ling\n|-supereffective|p1a: Ting-ling\n|-damage|p1a: Ting-ling|13\/100\n|\n|-heal|p2a: Scream Tail|88\/100|[from] item: Leftovers\n|upkeep\n|turn|5\n|\n|t:|1683204221\n|switch|p2b: Flutter Mane|Flutter Mane, L50|100\/100\n|-enditem|p2b: Flutter Mane|Booster Energy\n|-activate|p2b: Flutter Mane|ability: Protosynthesis|[fromitem]\n|-start|p2b: Flutter Mane|protosynthesisspa\n|move|p1a: Ting-ling|Stomping Tantrum|p2b: Flutter Mane\n|-damage|p2b: Flutter Mane|34\/100\n|move|p1b: Elefante|Hyper Voice|p2a: Scream Tail|[spread] p2a\n|-immune|p2b: Flutter Mane\n|-damage|p2a: Scream Tail|77\/100\n|move|p2a: Scream Tail|Play Rough|p1a: Ting-ling|[miss]\n|-miss|p2a: Scream Tail|p1a: Ting-ling\n|\n|-heal|p2a: Scream Tail|82\/100|[from] item: Leftovers\n|upkeep\n|turn|6\n|\n|t:|1683204245\n|move|p2b: Flutter Mane|Protect|p2b: Flutter Mane\n|-singleturn|p2b: Flutter Mane|Protect\n|move|p1a: Ting-ling|Stomping Tantrum|p2b: Flutter Mane\n|-activate|p2b: Flutter Mane|move: Protect\n|move|p1b: Elefante|Hyper Voice|p2b: Flutter Mane|[spread] p2a\n|-activate|p2b: Flutter Mane|move: Protect\n|-damage|p2a: Scream Tail|70\/100\n|move|p2a: Scream Tail|Howl|p2a: Scream Tail|[spread] p2a,p2b\n|-boost|p2a: Scream Tail|atk|1\n|-boost|p2b: Flutter Mane|atk|1\n|\n|-heal|p2a: Scream Tail|76\/100|[from] item: Leftovers\n|-fieldend|move: Trick Room\n|upkeep\n|turn|7\n|\n|t:|1683204273\n|switch|p1a: Sus|Amoonguss, L50, F|69\/100\n|move|p2b: Flutter Mane|Icy Wind|p1a: Sus|[spread] p1a,p1b\n|-supereffective|p1a: Sus\n|-damage|p1a: Sus|31\/100\n|-damage|p1b: Elefante|82\/100\n|-unboost|p1a: Sus|spe|1\n|-unboost|p1b: Elefante|spe|1\n|move|p2a: Scream Tail|Play Rough|p1b: Elefante\n|-damage|p1b: Elefante|19\/100\n|move|p1b: Elefante|Trick Room|p1b: Elefante\n|-fieldstart|move: Trick Room|[of] p1b: Elefante\n|\n|-heal|p2a: Scream Tail|82\/100|[from] item: Leftovers\n|upkeep\n|turn|8\n|\n|t:|1683204311\n|move|p1a: Sus|Pollen Puff|p2a: Scream Tail\n|-damage|p2a: Scream Tail|71\/100\n|move|p1b: Elefante|Dazzling Gleam|p2b: Flutter Mane|[spread] p2a,p2b\n|-damage|p2a: Scream Tail|62\/100\n|-damage|p2b: Flutter Mane|17\/100\n|move|p2a: Scream Tail|Zen Headbutt|p1a: Sus\n|-supereffective|p1a: Sus\n|-damage|p1a: Sus|0 fnt\n|faint|p1a: Sus\n|move|p2b: Flutter Mane|Icy Wind|p1b: Elefante\n|-damage|p1b: Elefante|0 fnt\n|faint|p1b: Elefante\n|\n|-heal|p2a: Scream Tail|68\/100|[from] item: Leftovers\n|upkeep\n|\n|t:|1683204334\n|switch|p1a: Ting-ling|Ting-Lu, L50|13\/100\n|switch|p1b: Capitanaza|Palafin-Hero, L50, F|100\/100\n|-ability|p1a: Ting-ling|Vessel of Ruin\n|-activate|p1b: Capitanaza|ability: Zero to Hero\n|turn|9\n|\n|t:|1683204364\n|-terastallize|p2a: Scream Tail|Steel\n|move|p2b: Flutter Mane|Protect|p2b: Flutter Mane\n|-singleturn|p2b: Flutter Mane|Protect\n|move|p1a: Ting-ling|Fissure|p2a: Scream Tail\n|-damage|p2a: Scream Tail|0 fnt\n|faint|p2a: Scream Tail\n|-end|p2a: Scream Tail|Protosynthesis|[silent]\n|-ohko\n|move|p1b: Capitanaza|Haze|p1b: Capitanaza\n|-clearallboost\n|\n|upkeep\n|\n|t:|1683204390\n|switch|p2a: Clawitzer|Clawitzer, L50, M|100\/100\n|turn|10\n|\n|t:|1683204410\n|-terastallize|p1b: Capitanaza|Water\n|move|p1b: Capitanaza|Protect|p1b: Capitanaza\n|-singleturn|p1b: Capitanaza|Protect\n|move|p2b: Flutter Mane|Protect|p2b: Flutter Mane\n|-singleturn|p2b: Flutter Mane|Protect\n|move|p1a: Ting-ling|Stomping Tantrum|p2b: Flutter Mane\n|-activate|p2b: Flutter Mane|move: Protect\n|move|p2a: Clawitzer|Water Pulse|p1a: Ting-ling\n|-supereffective|p1a: Ting-ling\n|-damage|p1a: Ting-ling|0 fnt\n|faint|p1a: Ting-ling\n|\n|upkeep\n|turn|11\n|\n|t:|1683204453\n|-end|p2b: Flutter Mane|Protosynthesis|[silent]\n|switch|p2b: Scizor|Scizor, L50, M|17\/100\n|move|p1b: Capitanaza|Jet Punch|p2b: Scizor\n|-crit|p2b: Scizor\n|-damage|p2b: Scizor|0 fnt\n|faint|p2b: Scizor\n|move|p2a: Clawitzer|Water Pulse|p1b: Capitanaza\n|-resisted|p1b: Capitanaza\n|-damage|p1b: Capitanaza|78\/100\n|\n|-fieldend|move: Trick Room\n|upkeep\n|\n|t:|1683204464\n|switch|p2b: Flutter Mane|Flutter Mane, L50|17\/100\n|turn|12\n|\n|t:|1683204473\n|move|p2b: Flutter Mane|Protect|p2b: Flutter Mane\n|-singleturn|p2b: Flutter Mane|Protect\n|move|p1b: Capitanaza|Protect|p1b: Capitanaza\n|-singleturn|p1b: Capitanaza|Protect\n|move|p2a: Clawitzer|Water Pulse|p1b: Capitanaza\n|-activate|p1b: Capitanaza|move: Protect\n|\n|upkeep\n|turn|13\n|\n|t:|1683204489\n|move|p2b: Flutter Mane|Protect|p2b: Flutter Mane\n|-singleturn|p2b: Flutter Mane|Protect\n|move|p1b: Capitanaza|Jet Punch|p2b: Flutter Mane\n|-activate|p2b: Flutter Mane|move: Protect\n|move|p2a: Clawitzer|Water Pulse|p1b: Capitanaza\n|-resisted|p1b: Capitanaza\n|-damage|p1b: Capitanaza|53\/100\n|-start|p1b: Capitanaza|confusion\n|\n|upkeep\n|turn|14\n|\n|t:|1683204507\n|-activate|p1b: Capitanaza|confusion\n|-damage|p1b: Capitanaza|38\/100|[from] confusion\n|move|p2b: Flutter Mane|Shadow Ball|p1b: Capitanaza\n|-damage|p1b: Capitanaza|0 fnt\n|faint|p1b: Capitanaza\n|\n|win|sk1191212\n|raw|elpinguno06's rating: 1150 → 1124<\/strong> (-26 for losing)\n|raw|sk1191212's rating: 1135 → 1161<\/strong> (+26 for winning)\n|l|\u2606elpinguno06\n","uploadtime":1683204523,"views":5,"p1id":"elpinguno06","p2id":"sk1191212","formatid":"gen9vgc2023regulationc","rating":1124,"private":0,"password":""}