{"id":"gen9vgc2023regulationc-1852727119","p1":"Keikeip","p2":"SumoVGC","format":"[Gen 9] VGC 2023 Regulation C","log":"|j|\u2606Keikeip\n|j|\u2606SumoVGC\n|t:|1682600809\n|gametype|doubles\n|player|p1|Keikeip|lyra|1297\n|player|p2|SumoVGC|266|1361\n|teamsize|p1|6\n|teamsize|p2|6\n|gen|9\n|tier|[Gen 9] VGC 2023 Regulation C\n|rated|\n|rule|Species Clause: Limit one of each Pok\u00e9mon\n|rule|Item Clause: Limit one of each item\n|clearpoke\n|poke|p1|Flutter Mane, L50|\n|poke|p1|Dragonite, L50, F|\n|poke|p1|Wo-Chien, L50|\n|poke|p1|Farigiraf, L50, F|\n|poke|p1|Torkoal, L50, F|\n|poke|p1|Meowscarada, L50, M|\n|poke|p2|Palafin, L50, M|\n|poke|p2|Amoonguss, L50, M|\n|poke|p2|Arcanine, L50, F|\n|poke|p2|Chien-Pao, L50|\n|poke|p2|Talonflame, L50, M|\n|poke|p2|Great Tusk, L50|\n|teampreview|4\n|inactive|Battle timer is ON: inactive players will automatically lose when time's up. (requested by SumoVGC)\nSumoVGC has agreed to open team sheets.\n|inactive|Keikeip has 60 seconds left.\n|inactive|SumoVGC has 60 seconds left.\n|\n|t:|1682600858\n|start\n|switch|p1a: Farigiraf|Farigiraf, L50, F|100\/100\n|switch|p1b: Meowscarada|Meowscarada, L50, M|100\/100\n|switch|p2a: Talonflame|Talonflame, L50, M|100\/100\n|switch|p2b: Great Tusk|Great Tusk, L50|100\/100\n|turn|1\n|inactive|Keikeip has 30 seconds left.\n|inactive|Keikeip has 20 seconds left.\n|inactive|Keikeip has 15 seconds left.\n|inactive|Keikeip has 10 seconds left.\n|\n|t:|1682600906\n|-end|p2b: Great Tusk|Protosynthesis|[silent]\n|switch|p2b: Arcanine|Arcanine, L50, F|100\/100\n|-ability|p2b: Arcanine|Intimidate|boost\n|-unboost|p1a: Farigiraf|atk|1\n|-unboost|p1b: Meowscarada|atk|1\n|move|p2a: Talonflame|Taunt|p1a: Farigiraf\n|-start|p1a: Farigiraf|move: Taunt\n|move|p1b: Meowscarada|Knock Off|p2a: Talonflame\n|-start|p1b: Meowscarada|typechange|Dark|[from] ability: Protean\n|-damage|p2a: Talonflame|63\/100\n|-enditem|p2a: Talonflame|Covert Cloak|[from] move: Knock Off|[of] p1b: Meowscarada\n|cant|p1a: Farigiraf|move: Taunt|Trick Room\n|\n|upkeep\n|turn|2\n|inactive|Keikeip has 30 seconds left.\n|\n|t:|1682600939\n|switch|p2a: Great Tusk|Great Tusk, L50|100\/100\n|switch|p1a: Wo-Chien|Wo-Chien, L50|100\/100\n|-ability|p1a: Wo-Chien|Tablets of Ruin\n|move|p1b: Meowscarada|Toxic Spikes|p2a: Great Tusk\n|-sidestart|p2: SumoVGC|move: Toxic Spikes\n|move|p2b: Arcanine|Howl|p2b: Arcanine|[spread] p2a,p2b\n|-boost|p2a: Great Tusk|atk|1\n|-boost|p2b: Arcanine|atk|1\n|\n|upkeep\n|turn|3\n|inactive|Keikeip has 30 seconds left.\n|inactive|SumoVGC has 30 seconds left.\n|inactive|Keikeip has 20 seconds left.\n|inactive|Keikeip has 15 seconds left.\n|inactive|Keikeip has 10 seconds left.\n|inactive|Keikeip has 5 seconds left.\n|\n|t:|1682600990\n|-terastallize|p2a: Great Tusk|Steel\n|-terastallize|p1a: Wo-Chien|Water\n|move|p1b: Meowscarada|U-turn|p2a: Great Tusk\n|-resisted|p2a: Great Tusk\n|-damage|p2a: Great Tusk|96\/100\n|\n|t:|1682600997\n|switch|p1b: Farigiraf|Farigiraf, L50, F|100\/100|[from] U-turn\n|move|p2b: Arcanine|Flare Blitz|p1a: Wo-Chien\n|-resisted|p1a: Wo-Chien\n|-damage|p1a: Wo-Chien|83\/100\n|-status|p1a: Wo-Chien|brn\n|-damage|p2b: Arcanine|95\/100|[from] Recoil\n|move|p2a: Great Tusk|Close Combat|p1b: Farigiraf\n|-damage|p1b: Farigiraf|20\/100\n|-unboost|p2a: Great Tusk|def|1\n|-unboost|p2a: Great Tusk|spd|1\n|-enditem|p1b: Farigiraf|Sitrus Berry|[eat]\n|-heal|p1b: Farigiraf|45\/100|[from] item: Sitrus Berry\n|move|p1a: Wo-Chien|Leech Seed|p2b: Arcanine\n|-start|p2b: Arcanine|move: Leech Seed\n|\n|-heal|p1a: Wo-Chien|89\/100 brn|[from] item: Leftovers\n|-damage|p2b: Arcanine|83\/100|[from] Leech Seed|[of] p1a: Wo-Chien\n|-heal|p1a: Wo-Chien|100\/100 brn|[silent]\n|-damage|p1a: Wo-Chien|94\/100 brn|[from] brn\n|upkeep\n|turn|4\n|inactive|Keikeip has 30 seconds left.\n|inactive|SumoVGC has 30 seconds left.\n|inactive|Keikeip has 20 seconds left.\n|\n|t:|1682601036\n|switch|p2b: Amoonguss|Amoonguss, L50, M|100\/100\n|-sideend|p2: SumoVGC|move: Toxic Spikes|[of] p2b: Amoonguss\n|move|p2a: Great Tusk|Close Combat|p1b: Farigiraf\n|-damage|p1b: Farigiraf|0 fnt\n|-unboost|p2a: Great Tusk|def|1\n|-unboost|p2a: Great Tusk|spd|1\n|faint|p1b: Farigiraf\n|move|p1a: Wo-Chien|Foul Play|p2a: Great Tusk\n|-damage|p2a: Great Tusk|40\/100\n|\n|-heal|p1a: Wo-Chien|100\/100 brn|[from] item: Leftovers\n|-damage|p1a: Wo-Chien|94\/100 brn|[from] brn\n|upkeep\n|inactive|Keikeip has 30 seconds left.\n|\n|t:|1682601069\n|switch|p1b: Meowscarada|Meowscarada, L50, M|100\/100\n|turn|5\n|inactive|Keikeip has 30 seconds left.\n|inactive|Keikeip has 20 seconds left.\n|\n|t:|1682601108\n|-end|p2a: Great Tusk|Protosynthesis|[silent]\n|switch|p2a: Arcanine|Arcanine, L50, F|83\/100\n|-ability|p2a: Arcanine|Intimidate|boost\n|-unboost|p1a: Wo-Chien|atk|1\n|-unboost|p1b: Meowscarada|atk|1\n|move|p1b: Meowscarada|Knock Off|p2b: Amoonguss\n|-start|p1b: Meowscarada|typechange|Dark|[from] ability: Protean\n|-damage|p2b: Amoonguss|79\/100\n|-enditem|p2b: Amoonguss|Sitrus Berry|[from] move: Knock Off|[of] p1b: Meowscarada\n|move|p1a: Wo-Chien|Foul Play|p2a: Arcanine\n|-damage|p2a: Arcanine|64\/100\n|move|p2b: Amoonguss|Spore||[still]\n|-fail|p2b: Amoonguss\n|\n|-heal|p1a: Wo-Chien|100\/100 brn|[from] item: Leftovers\n|-damage|p1a: Wo-Chien|94\/100 brn|[from] brn\n|upkeep\n|turn|6\n|inactive|Keikeip has 30 seconds left.\n|\n|t:|1682601139\n|move|p2a: Arcanine|Protect|p2a: Arcanine\n|-singleturn|p2a: Arcanine|Protect\n|move|p1b: Meowscarada|Toxic Spikes|p2b: Amoonguss\n|-sidestart|p2: SumoVGC|move: Toxic Spikes\n|move|p1a: Wo-Chien|Foul Play|p2a: Arcanine\n|-activate|p2a: Arcanine|move: Protect\n|move|p2b: Amoonguss|Spore|p1b: Meowscarada\n|-status|p1b: Meowscarada|slp|[from] move: Spore\n|\n|-heal|p1a: Wo-Chien|100\/100 brn|[from] item: Leftovers\n|-damage|p1a: Wo-Chien|94\/100 brn|[from] brn\n|upkeep\n|turn|7\n|\n|t:|1682601163\n|switch|p2b: Talonflame|Talonflame, L50, M|63\/100\n|cant|p1b: Meowscarada|slp\n|move|p2a: Arcanine|Flare Blitz|p1b: Meowscarada\n|-damage|p1b: Meowscarada|43\/100 slp\n|-damage|p2a: Arcanine|49\/100|[from] Recoil\n|move|p1a: Wo-Chien|Leech Seed|p2a: Arcanine|[miss]\n|-miss|p1a: Wo-Chien|p2a: Arcanine\n|\n|-heal|p1a: Wo-Chien|100\/100 brn|[from] item: Leftovers\n|-damage|p1a: Wo-Chien|94\/100 brn|[from] brn\n|upkeep\n|turn|8\n|inactive|Keikeip has 30 seconds left.\n|inactive|Keikeip has 20 seconds left.\n|inactive|Keikeip has 15 seconds left.\n|inactive|Keikeip has 10 seconds left.\n|inactive|Keikeip has 5 seconds left.\n|\n|t:|1682601213\n|switch|p2b: Amoonguss|Amoonguss, L50, M|100\/100\n|-sideend|p2: SumoVGC|move: Toxic Spikes|[of] p2b: Amoonguss\n|cant|p1b: Meowscarada|slp\n|move|p2a: Arcanine|Flare Blitz|p1b: Meowscarada\n|-damage|p1b: Meowscarada|0 fnt\n|faint|p1b: Meowscarada\n|-damage|p2a: Arcanine|38\/100|[from] Recoil\n|move|p1a: Wo-Chien|Leech Seed|p2b: Amoonguss\n|-immune|p2b: Amoonguss\n|\n|-heal|p1a: Wo-Chien|100\/100 brn|[from] item: Leftovers\n|-damage|p1a: Wo-Chien|94\/100 brn|[from] brn\n|upkeep\n|\n|t:|1682601229\n|switch|p1b: Torkoal|Torkoal, L50, F|100\/100\n|-weather|SunnyDay|[from] ability: Drought|[of] p1b: Torkoal\n|turn|9\n|inactive|Keikeip has 30 seconds left.\n|\n|t:|1682601262\n|switch|p2a: Great Tusk|Great Tusk, L50, tera:Steel|40\/100\n|-activate|p2a: Great Tusk|ability: Protosynthesis\n|-start|p2a: Great Tusk|protosynthesisatk\n|move|p1a: Wo-Chien|Leech Seed|p2a: Great Tusk\n|-start|p2a: Great Tusk|move: Leech Seed\n|move|p2b: Amoonguss|Spore|p1b: Torkoal\n|-status|p1b: Torkoal|slp|[from] move: Spore\n|cant|p1b: Torkoal|slp\n|\n|-weather|SunnyDay|[upkeep]\n|-heal|p1a: Wo-Chien|100\/100 brn|[from] item: Leftovers\n|-damage|p2a: Great Tusk|28\/100|[from] Leech Seed|[of] p1a: Wo-Chien\n|-damage|p1a: Wo-Chien|94\/100 brn|[from] brn\n|upkeep\n|turn|10\n|inactive|Keikeip has 30 seconds left.\n|inactive|SumoVGC has 30 seconds left.\n|\n|t:|1682601289\n|move|p2a: Great Tusk|Headlong Rush|p1b: Torkoal\n|-supereffective|p1b: Torkoal\n|-damage|p1b: Torkoal|0 fnt\n|-unboost|p2a: Great Tusk|def|1\n|-unboost|p2a: Great Tusk|spd|1\n|faint|p1b: Torkoal\n|move|p1a: Wo-Chien|Leech Seed||[still]\n|-fail|p1a: Wo-Chien\n|move|p2b: Amoonguss|Pollen Puff|p2a: Great Tusk\n|-heal|p2a: Great Tusk|78\/100\n|\n|-weather|SunnyDay|[upkeep]\n|-heal|p1a: Wo-Chien|100\/100 brn|[from] item: Leftovers\n|-damage|p2a: Great Tusk|65\/100|[from] Leech Seed|[of] p1a: Wo-Chien\n|-damage|p1a: Wo-Chien|94\/100 brn|[from] brn\n|upkeep\n|turn|11\n|inactive|Keikeip has 25 seconds left this turn.\n|inactive|Keikeip has 20 seconds left.\n|inactive|Keikeip has 15 seconds left.\n|-message|Keikeip forfeited.\n|\n|win|SumoVGC\n|inactive|Keikeip has 15 seconds left this turn.\n|raw|Keikeip's rating: 1297 → 1277<\/strong> (-20 for losing)\n|raw|SumoVGC's rating: 1361 → 1377<\/strong> (+16 for winning)\n|l|\u2606Keikeip\n|j|\u2606Keikeip\n|player|p1|Keikeip|lyra\n","uploadtime":1682601306,"views":14,"p1id":"keikeip","p2id":"sumovgc","formatid":"gen9vgc2023regulationc","rating":1277,"private":0,"password":""}