{"id":"gen9vgc2023regulationc-1853008953","p1":"Jbenn","p2":"big chippy","format":"[Gen 9] VGC 2023 Regulation C","log":"|j|\u2606Jbenn\n|j|\u2606big chippy\n|t:|1682625272\n|gametype|doubles\n|player|p1|Jbenn|steven|\n|player|p2|big chippy|drayden|\n|teamsize|p1|6\n|teamsize|p2|6\n|gen|9\n|tier|[Gen 9] VGC 2023 Regulation C\n|rated|Tournament battle\n|rule|Species Clause: Limit one of each Pok\u00e9mon\n|rule|Item Clause: Limit one of each item\n|clearpoke\n|poke|p1|Roaring Moon, L50|\n|poke|p1|Great Tusk, L50|\n|poke|p1|Gholdengo, L50|\n|poke|p1|Hariyama, L50, M|\n|poke|p1|Mimikyu, L50, M|\n|poke|p1|Gyarados, L50, M|\n|poke|p2|Corviknight, L50, M|\n|poke|p2|Ting-Lu, L50|\n|poke|p2|Dragapult, L50, F|\n|poke|p2|Gastrodon-East, L50, M|\n|poke|p2|Ceruledge, L50, M|\n|poke|p2|Chien-Pao, L50|\n|teampreview|4\n|raw| Open Team Sheet for Jbenn<\/summary>Smaug (Roaring Moon) @ Booster Energy Ability: Protosynthesis Level: 50 Tera Type: Flying - Protect - Tailwind - Acrobatics - Jaw Lock Big AL (Great Tusk) @ Life Orb Ability: Protosynthesis Level: 50 Hidden Power: Fighting Tera Type: Grass - Protect - Headlong Rush - Earthquake - Ice Spinner 50 Cent (Gholdengo) @ Leftovers Ability: Good as Gold Level: 50 Tera Type: Water - Protect - Nasty Plot - Make It Rain - Thunderbolt Yokozuna (Hariyama) @ Roseli Berry Ability: Thick Fat Level: 50 Shiny: Yes Tera Type: Steel - Fake Out - Close Combat - Iron Head - Wide Guard Casper (Mimikyu) @ Sitrus Berry Ability: Disguise Level: 50 Tera Type: Water - Protect - Trick Room - Play Rough - Curse Haku (Gyarados) (M) @ Lum Berry Ability: Intimidate Level: 50 Shiny: Yes Tera Type: Flying - Taunt - Waterfall - Thunder Wave - Tera Blast <\/details><\/div> Open Team Sheet for big chippy<\/summary>Corviknight @ Safety Goggles Ability: Mirror Armor Level: 50 Tera Type: Fire - Iron Head - Brave Bird - Roost - Bulk Up Ting-Lu @ Assault Vest Ability: Vessel of Ruin Level: 50 Tera Type: Poison - Fissure - Stomping Tantrum - Heavy Slam - Throat Chop Dragapult @ Choice Band Ability: Clear Body Level: 50 Tera Type: Steel - Dragon Darts - Phantom Force - U-turn - Tera Blast Gastrodon (Gastrodon-East) @ Covert Cloak Ability: Storm Drain Level: 50 Tera Type: Fire - Earth Power - Ice Beam - Clear Smog - Recover Ceruledge @ Life Orb Ability: Flash Fire Level: 50 Tera Type: Grass - Bitter Blade - Shadow Sneak - Protect - Bulk Up Chien-Pao @ Focus Sash Ability: Sword of Ruin Level: 50 Tera Type: Ghost - Sucker Punch - Ice Spinner - Sacred Sword - Protect <\/details><\/div>\n|c|\u2606big chippy|glhf\n|inactive|Battle timer is ON: inactive players will automatically lose when time's up. (requested by big chippy)\n|c|\u2606Jbenn|u2\n|c|\u2606Jbenn|sorry here now\n|inactive|Jbenn has 60 seconds left.\n|inactive|big chippy has 60 seconds left.\n|\n|t:|1682625399\n|start\n|switch|p1a: Smaug|Roaring Moon, L50|100\/100\n|switch|p1b: Casper|Mimikyu, L50, M|100\/100\n|switch|p2a: Corviknight|Corviknight, L50, M|100\/100\n|switch|p2b: Dragapult|Dragapult, L50, F|100\/100\n|-enditem|p1a: Smaug|Booster Energy\n|-activate|p1a: Smaug|ability: Protosynthesis|[fromitem]\n|-start|p1a: Smaug|protosynthesisspe\n|turn|1\n|inactive|big chippy has 30 seconds left.\n|inactive|big chippy has 20 seconds left.\n|inactive|big chippy has 15 seconds left.\n|\n|t:|1682625443\n|switch|p1b: 50 Cent|Gholdengo, L50|100\/100\n|-terastallize|p2b: Dragapult|Steel\n|move|p1a: Smaug|Jaw Lock|p2b: Dragapult\n|-damage|p2b: Dragapult|43\/100\n|-activate|p1a: Smaug|trapped\n|-activate|p2b: Dragapult|trapped\n|move|p2b: Dragapult|Dragon Darts|p1a: Smaug\n|-supereffective|p1a: Smaug\n|-damage|p1a: Smaug|13\/100\n|-anim|p2b: Dragapult|Dragon Darts|p1b: 50 Cent\n|-resisted|p1b: 50 Cent\n|-damage|p1b: 50 Cent|83\/100\n|move|p2a: Corviknight|Bulk Up|p2a: Corviknight\n|-boost|p2a: Corviknight|atk|1\n|-boost|p2a: Corviknight|def|1\n|\n|-heal|p1b: 50 Cent|89\/100|[from] item: Leftovers\n|upkeep\n|turn|2\n|inactive|Jbenn has 30 seconds left.\n|inactive|big chippy has 30 seconds left.\n|\n|t:|1682625472\n|move|p1a: Smaug|Tailwind|p1a: Smaug\n|-sidestart|p1: Jbenn|move: Tailwind\n|move|p1b: 50 Cent|Nasty Plot|p1b: 50 Cent\n|-boost|p1b: 50 Cent|spa|2\n|move|p2b: Dragapult|Dragon Darts|p1a: Smaug\n|-supereffective|p1a: Smaug\n|-damage|p1a: Smaug|0 fnt\n|-anim|p2b: Dragapult|Dragon Darts|p1b: 50 Cent\n|-resisted|p1b: 50 Cent\n|-damage|p1b: 50 Cent|70\/100\n|faint|p1a: Smaug\n|-end|p1a: Smaug|Protosynthesis|[silent]\n|move|p2a: Corviknight|Bulk Up|p2a: Corviknight\n|-boost|p2a: Corviknight|atk|1\n|-boost|p2a: Corviknight|def|1\n|\n|-heal|p1b: 50 Cent|76\/100|[from] item: Leftovers\n|upkeep\n|\n|t:|1682625481\n|switch|p1a: Haku|Gyarados, L50, M, shiny|100\/100\n|-ability|p1a: Haku|Intimidate|boost\n|-ability|p2a: Corviknight|Mirror Armor\n|-unboost|p1a: Haku|atk|1\n|-fail|p2b: Dragapult|unboost|[from] ability: Clear Body|[of] p2b: Dragapult\n|turn|3\n|inactive|big chippy has 30 seconds left.\n|\n|t:|1682625514\n|move|p1a: Haku|Waterfall|p2b: Dragapult\n|-damage|p2b: Dragapult|5\/100\n|move|p1b: 50 Cent|Thunderbolt|p2a: Corviknight\n|-supereffective|p2a: Corviknight\n|-damage|p2a: Corviknight|1\/100\n|move|p2b: Dragapult|Dragon Darts|p1a: Haku\n|-damage|p1a: Haku|69\/100\n|-anim|p2b: Dragapult|Dragon Darts|p1b: 50 Cent\n|-resisted|p1b: 50 Cent\n|-damage|p1b: 50 Cent|58\/100\n|move|p2a: Corviknight|Brave Bird|p1a: Haku\n|-damage|p1a: Haku|1\/100\n|-damage|p2a: Corviknight|0 fnt|[from] Recoil\n|faint|p2a: Corviknight\n|\n|-heal|p1b: 50 Cent|64\/100|[from] item: Leftovers\n|upkeep\n|\n|t:|1682625531\n|switch|p2a: Chien-Pao|Chien-Pao, L50|100\/100\n|-ability|p2a: Chien-Pao|Sword of Ruin\n|turn|4\n|\n|t:|1682625539\n|switch|p1a: Casper|Mimikyu, L50, M|100\/100\n|move|p1b: 50 Cent|Protect|p1b: 50 Cent\n|-singleturn|p1b: 50 Cent|Protect\n|move|p2a: Chien-Pao|Sucker Punch||[still]\n|-fail|p2a: Chien-Pao\n|move|p2b: Dragapult|Dragon Darts|p1a: Casper\n|-immune|p1a: Casper\n|\n|-heal|p1b: 50 Cent|70\/100|[from] item: Leftovers\n|upkeep\n|turn|5\n|inactive|Jbenn has 30 seconds left.\n|inactive|Jbenn has 20 seconds left.\n|\n|t:|1682625578\n|switch|p1b: Haku|Gyarados, L50, M, shiny|1\/100\n|-ability|p1b: Haku|Intimidate|boost\n|-unboost|p2a: Chien-Pao|atk|1\n|-fail|p2b: Dragapult|unboost|[from] ability: Clear Body|[of] p2b: Dragapult\n|switch|p2b: Ceruledge|Ceruledge, L50, M|100\/100\n|move|p2a: Chien-Pao|Protect|p2a: Chien-Pao\n|-singleturn|p2a: Chien-Pao|Protect\n|move|p1a: Casper|Trick Room|p1a: Casper\n|-fieldstart|move: Trick Room|[of] p1a: Casper\n|\n|-sideend|p1: Jbenn|move: Tailwind\n|upkeep\n|turn|6\n|inactive|Jbenn has 30 seconds left.\n|inactive|Jbenn has 20 seconds left.\n|inactive|Jbenn has 15 seconds left.\n|inactive|Jbenn has 10 seconds left.\n|\n|t:|1682625626\n|switch|p1b: 50 Cent|Gholdengo, L50|70\/100\n|move|p2b: Ceruledge|Shadow Sneak|p1b: 50 Cent\n|-supereffective|p1b: 50 Cent\n|-damage|p1b: 50 Cent|10\/100\n|-damage|p2b: Ceruledge|91\/100|[from] item: Life Orb\n|move|p2a: Chien-Pao|Sucker Punch||[still]\n|-fail|p2a: Chien-Pao\n|move|p1a: Casper|Curse|p2b: Ceruledge\n|-start|p2b: Ceruledge|Curse|[of] p1a: Casper\n|-damage|p1a: Casper|50\/100\n|-enditem|p1a: Casper|Sitrus Berry|[eat]\n|-heal|p1a: Casper|75\/100|[from] item: Sitrus Berry\n|\n|-heal|p1b: 50 Cent|16\/100|[from] item: Leftovers\n|-damage|p2b: Ceruledge|66\/100|[from] Curse\n|upkeep\n|turn|7\n|\n|t:|1682625648\n|move|p1b: 50 Cent|Protect|p1b: 50 Cent\n|-singleturn|p1b: 50 Cent|Protect\n|move|p2b: Ceruledge|Protect|p2b: Ceruledge\n|-singleturn|p2b: Ceruledge|Protect\n|move|p2a: Chien-Pao|Sucker Punch||[still]\n|-fail|p2a: Chien-Pao\n|move|p1a: Casper|Play Rough|p2a: Chien-Pao\n|-supereffective|p2a: Chien-Pao\n|-damage|p2a: Chien-Pao|2\/100\n|\n|-heal|p1b: 50 Cent|22\/100|[from] item: Leftovers\n|-damage|p2b: Ceruledge|41\/100|[from] Curse\n|upkeep\n|turn|8\n|\n|t:|1682625671\n|switch|p1b: Haku|Gyarados, L50, M, shiny|1\/100\n|-ability|p1b: Haku|Intimidate|boost\n|-unboost|p2a: Chien-Pao|atk|1\n|-unboost|p2b: Ceruledge|atk|1\n|move|p2b: Ceruledge|Shadow Sneak|p1a: Casper\n|-activate|p1a: Casper|ability: Disguise\n|-damage|p1a: Casper|75\/100\n|detailschange|p1a: Casper|Mimikyu-Busted, L50, M\n|-damage|p1a: Casper|63\/100|[from] pokemon: Mimikyu-Busted\n|-damage|p2b: Ceruledge|31\/100|[from] item: Life Orb\n|move|p2a: Chien-Pao|Sucker Punch||[still]\n|-fail|p2a: Chien-Pao\n|move|p1a: Casper|Play Rough|p2a: Chien-Pao\n|-supereffective|p2a: Chien-Pao\n|-damage|p2a: Chien-Pao|0 fnt\n|faint|p2a: Chien-Pao\n|\n|-damage|p2b: Ceruledge|7\/100|[from] Curse\n|upkeep\n|\n|t:|1682625687\n|switch|p2a: Dragapult|Dragapult, L50, F, tera:Steel|5\/100\n|turn|9\n|c|\u2606Jbenn|ggs\n|inactive|Jbenn has 30 seconds left.\n|\n|t:|1682625735\n|-terastallize|p1a: Casper|Water\n|move|p2b: Ceruledge|Shadow Sneak|p1a: Casper\n|-damage|p1a: Casper|40\/100\n|-damage|p2b: Ceruledge|0 fnt|[from] item: Life Orb\n|faint|p2b: Ceruledge\n|move|p1b: Haku|Waterfall|p2a: Dragapult\n|-damage|p2a: Dragapult|0 fnt\n|faint|p2a: Dragapult\n|\n|win|Jbenn\n|n|\u2606Jbenn|jbenn\n|n|\u2606big chippy|bigchippy\n|c|\u2606big chippy|gg\n","uploadtime":1682625743,"views":13,"p1id":"jbenn","p2id":"bigchippy","formatid":"gen9vgc2023regulationc","rating":0,"private":0,"password":""}