{"id":"gen9vgc2023regulationc-1848039579","p1":"UltimoRyu","p2":"CarmelPopcorn","format":"[Gen 9] VGC 2023 Regulation C","log":"|j|\u2606UltimoRyu\n|j|\u2606CarmelPopcorn\n|t:|1682023183\n|gametype|doubles\n|player|p1|UltimoRyu|steven|1128\n|player|p2|CarmelPopcorn|depotagent|1099\n|teamsize|p1|6\n|teamsize|p2|6\n|gen|9\n|tier|[Gen 9] VGC 2023 Regulation C\n|rated|\n|rule|Species Clause: Limit one of each Pok\u00e9mon\n|rule|Item Clause: Limit one of each item\n|clearpoke\n|poke|p1|Pelipper, L50, M|\n|poke|p1|Palafin, L50, M|\n|poke|p1|Goodra, L50, F|\n|poke|p1|Gyarados, L50, F|\n|poke|p1|Dondozo, L50, F|\n|poke|p1|Tatsugiri-Stretchy, L50, M|\n|poke|p2|Coalossal, L50, M|\n|poke|p2|Dragapult, L50, M|\n|poke|p2|Tatsugiri, L50, F|\n|poke|p2|Dondozo, L50, F|\n|poke|p2|Amoonguss, L50, M|\n|poke|p2|Chien-Pao, L50|\n|teampreview|4\n|c|\u2606CarmelPopcorn|gl\n|\n|t:|1682023217\n|start\n|switch|p1a: Pelipper|Pelipper, L50, M|100\/100\n|switch|p1b: Goodra|Goodra, L50, F|100\/100\n|switch|p2a: Catfish Sandwich|Dondozo, L50, F|100\/100\n|switch|p2b: Dragapult|Dragapult, L50, M, shiny|100\/100\n|-weather|RainDance|[from] ability: Drizzle|[of] p1a: Pelipper\n|turn|1\n|\n|t:|1682023244\n|-terastallize|p1b: Goodra|Grass\n|move|p2a: Catfish Sandwich|Protect|p2a: Catfish Sandwich\n|-singleturn|p2a: Catfish Sandwich|Protect\n|move|p2b: Dragapult|Dragon Darts|p1b: Goodra\n|-damage|p1b: Goodra|63\/100\n|-anim|p2b: Dragapult|Dragon Darts|p1a: Pelipper\n|-damage|p1a: Pelipper|56\/100\n|-damage|p2b: Dragapult|91\/100|[from] item: Life Orb\n|move|p1a: Pelipper|Icy Wind|p2a: Catfish Sandwich|[spread] p2b\n|-activate|p2a: Catfish Sandwich|move: Protect\n|-supereffective|p2b: Dragapult\n|-damage|p2b: Dragapult|57\/100\n|move|p1b: Goodra|Acid Armor|p1b: Goodra\n|-boost|p1b: Goodra|def|2\n|\n|-weather|RainDance|[upkeep]\n|-heal|p1b: Goodra|69\/100|[from] item: Leftovers\n|upkeep\n|turn|2\n|\n|t:|1682023273\n|switch|p2a: Go To A Dentist|Chien-Pao, L50|100\/100\n|-ability|p2a: Go To A Dentist|Sword of Ruin\n|move|p2b: Dragapult|Phantom Force||[still]\n|-prepare|p2b: Dragapult|Phantom Force\n|move|p1a: Pelipper|Icy Wind|p2a: Go To A Dentist|[spread] p2a\n|-miss|p1a: Pelipper|p2b: Dragapult\n|-resisted|p2a: Go To A Dentist\n|-damage|p2a: Go To A Dentist|91\/100\n|-unboost|p2a: Go To A Dentist|spe|1\n|move|p1b: Goodra|Thunder|p2a: Go To A Dentist\n|-damage|p2a: Go To A Dentist|34\/100\n|-status|p2a: Go To A Dentist|par\n|\n|-weather|RainDance|[upkeep]\n|-heal|p1b: Goodra|75\/100|[from] item: Leftovers\n|upkeep\n|turn|3\n|\n|t:|1682023300\n|move|p2a: Go To A Dentist|Protect|p2a: Go To A Dentist\n|-singleturn|p2a: Go To A Dentist|Protect\n|move|p2b: Dragapult|Phantom Force|p1a: Pelipper|[from]lockedmove\n|-damage|p1a: Pelipper|0 fnt\n|faint|p1a: Pelipper\n|-damage|p2b: Dragapult|47\/100|[from] item: Life Orb\n|move|p1b: Goodra|Acid Armor|p1b: Goodra\n|-boost|p1b: Goodra|def|2\n|\n|-weather|RainDance|[upkeep]\n|-heal|p1b: Goodra|80\/100|[from] item: Leftovers\n|upkeep\n|\n|t:|1682023314\n|switch|p1a: Palafin|Palafin, L50, M|100\/100\n|turn|4\n|\n|t:|1682023331\n|detailschange|p1a: Palafin|Palafin-Hero, L50, M\n|switch|p1a: Gyarados|Gyarados, L50, F|100\/100\n|-ability|p1a: Gyarados|Intimidate|boost\n|-unboost|p2a: Go To A Dentist|atk|1\n|-fail|p2b: Dragapult|unboost|[from] ability: Clear Body|[of] p2b: Dragapult\n|switch|p2a: Catfish Sandwich|Dondozo, L50, F|100\/100\n|move|p2b: Dragapult|Phantom Force||[still]\n|-prepare|p2b: Dragapult|Phantom Force\n|move|p1b: Goodra|Muddy Water|p2a: Catfish Sandwich|[spread] p2a\n|-miss|p1b: Goodra|p2b: Dragapult\n|-resisted|p2a: Catfish Sandwich\n|-damage|p2a: Catfish Sandwich|85\/100\n|\n|-weather|RainDance|[upkeep]\n|-heal|p1b: Goodra|86\/100|[from] item: Leftovers\n|upkeep\n|turn|5\n|\n|t:|1682023354\n|move|p2a: Catfish Sandwich|Protect|p2a: Catfish Sandwich\n|-singleturn|p2a: Catfish Sandwich|Protect\n|move|p2b: Dragapult|Phantom Force|p1a: Gyarados|[from]lockedmove\n|-damage|p1a: Gyarados|43\/100\n|-enditem|p1a: Gyarados|Sitrus Berry|[eat]\n|-heal|p1a: Gyarados|68\/100|[from] item: Sitrus Berry\n|-damage|p2b: Dragapult|37\/100|[from] item: Life Orb\n|move|p1a: Gyarados|Dragon Dance|p1a: Gyarados\n|-boost|p1a: Gyarados|atk|1\n|-boost|p1a: Gyarados|spe|1\n|move|p1b: Goodra|Thunder|p2a: Catfish Sandwich\n|-activate|p2a: Catfish Sandwich|move: Protect\n|\n|-weather|none\n|-heal|p1b: Goodra|92\/100|[from] item: Leftovers\n|upkeep\n|turn|6\n|inactive|Battle timer is ON: inactive players will automatically lose when time's up. (requested by CarmelPopcorn)\n|inactive|CarmelPopcorn has 60 seconds left.\n|\n|t:|1682023386\n|move|p2b: Dragapult|Phantom Force||[still]\n|-prepare|p2b: Dragapult|Phantom Force\n|move|p1a: Gyarados|Dragon Dance|p1a: Gyarados\n|-boost|p1a: Gyarados|atk|1\n|-boost|p1a: Gyarados|spe|1\n|move|p1b: Goodra|Thunder|p2a: Catfish Sandwich\n|-supereffective|p2a: Catfish Sandwich\n|-damage|p2a: Catfish Sandwich|13\/100\n|-status|p2a: Catfish Sandwich|par\n|move|p2a: Catfish Sandwich|Wave Crash|p1b: Goodra\n|-resisted|p1b: Goodra\n|-damage|p1b: Goodra|65\/100\n|-damage|p2a: Catfish Sandwich|5\/100 par|[from] Recoil\n|\n|-heal|p1b: Goodra|70\/100|[from] item: Leftovers\n|upkeep\n|turn|7\n|-message|CarmelPopcorn forfeited.\n|\n|win|UltimoRyu\n|raw|UltimoRyu's rating: 1128 → 1151<\/strong> (+23 for winning)\n|raw|CarmelPopcorn's rating: 1099 → 1076<\/strong> (-23 for losing)\n|l|\u2606CarmelPopcorn\n","uploadtime":1682023407,"views":6,"p1id":"ultimoryu","p2id":"carmelpopcorn","formatid":"gen9vgc2023regulationc","rating":1076,"private":0,"password":""}