{"id":"gen9vgc2023regulationc-1857688011","p1":"Banana451","p2":"Broskander","format":"[Gen 9] VGC 2023 Regulation C","log":"|j|\u2606Banana451\n|j|\u2606Broskander\n|t:|1683222253\n|gametype|doubles\n|player|p1|Banana451|hilbert-wonderlauncher|1125\n|player|p2|Broskander|2|1202\n|teamsize|p1|6\n|teamsize|p2|6\n|gen|9\n|tier|[Gen 9] VGC 2023 Regulation C\n|rated|\n|rule|Species Clause: Limit one of each Pok\u00e9mon\n|rule|Item Clause: Limit one of each item\n|clearpoke\n|poke|p1|Ceruledge, L50, M|\n|poke|p1|Iron Bundle, L50|\n|poke|p1|Dragapult, L50, F|\n|poke|p1|Flamigo, L50, F|\n|poke|p1|Amoonguss, L50, F|\n|poke|p1|Grimmsnarl, L50, M|\n|poke|p2|Amoonguss, L50, M|\n|poke|p2|Palafin, L50, F|\n|poke|p2|Ting-Lu, L50|\n|poke|p2|Arcanine, L50, M|\n|poke|p2|Grimmsnarl, L50, M|\n|poke|p2|Annihilape, L50, F|\n|teampreview|4\n|\n|t:|1683222283\n|start\n|switch|p1a: Ceruledge|Ceruledge, L50, M|100\/100\n|switch|p1b: Iron Bundle|Iron Bundle, L50|100\/100\n|switch|p2a: Grimmsnarl|Grimmsnarl, L50, M|100\/100\n|switch|p2b: Palafin|Palafin, L50, F|100\/100\n|-enditem|p1b: Iron Bundle|Booster Energy\n|-activate|p1b: Iron Bundle|ability: Quark Drive|[fromitem]\n|-start|p1b: Iron Bundle|quarkdrivespe\n|turn|1\n|inactive|Battle timer is ON: inactive players will automatically lose when time's up. (requested by Broskander)\n|\n|t:|1683222305\n|detailschange|p2b: Palafin|Palafin-Hero, L50, F\n|switch|p2b: Arcanine|Arcanine, L50, M|100\/100\n|-ability|p2b: Arcanine|Intimidate|boost\n|-unboost|p1a: Ceruledge|atk|1\n|-unboost|p1b: Iron Bundle|atk|1\n|-terastallize|p1a: Ceruledge|Fire\n|move|p2a: Grimmsnarl|Light Screen|p2a: Grimmsnarl\n|-sidestart|p2: Broskander|move: Light Screen\n|move|p1b: Iron Bundle|Flip Turn|p1a: Ceruledge\n|-supereffective|p1a: Ceruledge\n|-damage|p1a: Ceruledge|68\/100\n|-ability|p1a: Ceruledge|Weak Armor|boost\n|-unboost|p1a: Ceruledge|def|1\n|-boost|p1a: Ceruledge|spe|2\n|-enditem|p1a: Ceruledge|Weakness Policy\n|-boost|p1a: Ceruledge|atk|2|[from] item: Weakness Policy\n|-boost|p1a: Ceruledge|spa|2|[from] item: Weakness Policy\n|\n|t:|1683222318\n|-end|p1b: Iron Bundle|Quark Drive|[silent]\n|switch|p1b: Flamigo|Flamigo, L50, F|100\/100|[from] Flip Turn\n|-copyboost|p1b: Flamigo|p1a: Ceruledge|[from] ability: Costar\n|move|p1a: Ceruledge|Bitter Blade|p2a: Grimmsnarl\n|-damage|p2a: Grimmsnarl|0 fnt\n|-heal|p1a: Ceruledge|100\/100|[from] drain|[of] p2a: Grimmsnarl\n|faint|p2a: Grimmsnarl\n|\n|upkeep\n|\n|t:|1683222329\n|switch|p2a: Palafin|Palafin-Hero, L50, F|100\/100\n|-activate|p2a: Palafin|ability: Zero to Hero\n|turn|2\n|\n|t:|1683222348\n|-terastallize|p2a: Palafin|Water\n|move|p1b: Flamigo|Detect|p1b: Flamigo\n|-singleturn|p1b: Flamigo|Protect\n|move|p1a: Ceruledge|Shadow Sneak|p2a: Palafin\n|-damage|p2a: Palafin|72\/100\n|move|p2a: Palafin|Jet Punch|p1a: Ceruledge\n|-supereffective|p1a: Ceruledge\n|-damage|p1a: Ceruledge|0 fnt\n|faint|p1a: Ceruledge\n|move|p2b: Arcanine|Flare Blitz|p1b: Flamigo\n|-activate|p1b: Flamigo|move: Protect\n|\n|upkeep\n|\n|t:|1683222356\n|switch|p1a: Amoonguss|Amoonguss, L50, F|100\/100\n|turn|3\n|\n|t:|1683222368\n|move|p1a: Amoonguss|Protect|p1a: Amoonguss\n|-singleturn|p1a: Amoonguss|Protect\n|move|p1b: Flamigo|Close Combat|p2b: Arcanine\n|-damage|p2b: Arcanine|7\/100\n|-unboost|p1b: Flamigo|def|1\n|-unboost|p1b: Flamigo|spd|1\n|move|p2b: Arcanine|Flare Blitz|p1b: Flamigo\n|-enditem|p1b: Flamigo|Focus Sash\n|-damage|p1b: Flamigo|1\/100\n|-damage|p2b: Arcanine|0 fnt|[from] Recoil\n|faint|p2b: Arcanine\n|move|p2a: Palafin|Substitute|p2a: Palafin\n|-start|p2a: Palafin|Substitute\n|-damage|p2a: Palafin|47\/100\n|\n|upkeep\n|\n|t:|1683222383\n|switch|p2b: Ting-Lu|Ting-Lu, L50|100\/100\n|-ability|p2b: Ting-Lu|Vessel of Ruin\n|turn|4\n|\n|t:|1683222395\n|move|p1a: Amoonguss|Rage Powder|p1a: Amoonguss\n|-singleturn|p1a: Amoonguss|move: Rage Powder\n|move|p2a: Palafin|Jet Punch|p1a: Amoonguss\n|-resisted|p1a: Amoonguss\n|-damage|p1a: Amoonguss|69\/100\n|-damage|p2a: Palafin|30\/100|[from] item: Rocky Helmet|[of] p1a: Amoonguss\n|move|p1b: Flamigo|Brave Bird|p2a: Palafin\n|-end|p2a: Palafin|Substitute\n|-damage|p1b: Flamigo|0 fnt|[from] Recoil|[of] p2a: Palafin\n|faint|p1b: Flamigo\n|move|p2b: Ting-Lu|Rock Slide|p1a: Amoonguss\n|-damage|p1a: Amoonguss|43\/100\n|\n|upkeep\n|\n|t:|1683222406\n|switch|p1b: Iron Bundle|Iron Bundle, L50|100\/100\n|turn|5\n|\n|t:|1683222421\n|move|p1a: Amoonguss|Rage Powder|p1a: Amoonguss\n|-singleturn|p1a: Amoonguss|move: Rage Powder\n|move|p2a: Palafin|Jet Punch|p1a: Amoonguss\n|-resisted|p1a: Amoonguss\n|-damage|p1a: Amoonguss|12\/100\n|-damage|p2a: Palafin|14\/100|[from] item: Rocky Helmet|[of] p1a: Amoonguss\n|move|p1b: Iron Bundle|Ice Beam|p2b: Ting-Lu\n|-supereffective|p2b: Ting-Lu\n|-damage|p2b: Ting-Lu|77\/100\n|move|p2b: Ting-Lu|Heavy Slam|p1a: Amoonguss\n|-damage|p1a: Amoonguss|0 fnt\n|-damage|p2b: Ting-Lu|60\/100|[from] item: Rocky Helmet|[of] p1a: Amoonguss\n|faint|p1a: Amoonguss\n|\n|upkeep\n|turn|6\n|inactive|Broskander has 30 seconds left.\n|\n|t:|1683222456\n|move|p1b: Iron Bundle|Chilling Water|p2b: Ting-Lu\n|-supereffective|p2b: Ting-Lu\n|-crit|p2b: Ting-Lu\n|-damage|p2b: Ting-Lu|29\/100\n|-unboost|p2b: Ting-Lu|atk|1\n|move|p2a: Palafin|Close Combat|p1b: Iron Bundle\n|-supereffective|p1b: Iron Bundle\n|-damage|p1b: Iron Bundle|0 fnt\n|-unboost|p2a: Palafin|def|1\n|-unboost|p2a: Palafin|spd|1\n|faint|p1b: Iron Bundle\n|-end|p1b: Iron Bundle|Quark Drive|[silent]\n|\n|win|Broskander\n|raw|Banana451's rating: 1125 → 1105<\/strong> (-20 for losing)\n|raw|Broskander's rating: 1202 → 1222<\/strong> (+20 for winning)\n|c|\u2606Broskander|Gg\n|c|\u2606Broskander|Thats a neat little strat. I didnt know bundle had flip turn\n|l|\u2606Banana451\n|l|\u2606Broskander\n","uploadtime":1683223093,"views":12,"p1id":"banana451","p2id":"broskander","formatid":"gen9vgc2023regulationc","rating":1105,"private":0,"password":""}