{"id":"gen9vgc2023regulationc-1857399649","p1":"alvarardo","p2":"Prompto88","format":"[Gen 9] VGC 2023 Regulation C","log":"|j|\u2606alvarardo\n|j|\u2606Prompto88\n|t:|1683186834\n|gametype|doubles\n|player|p1|alvarardo|shadowtriad|1170\n|player|p2|Prompto88|169|1288\n|teamsize|p1|6\n|teamsize|p2|6\n|gen|9\n|tier|[Gen 9] VGC 2023 Regulation C\n|rated|\n|rule|Species Clause: Limit one of each Pok\u00e9mon\n|rule|Item Clause: Limit one of each item\n|clearpoke\n|poke|p1|Dragapult, L50, M|\n|poke|p1|Amoonguss, L50, F|\n|poke|p1|Arcanine, L50, M|\n|poke|p1|Flutter Mane, L50|\n|poke|p1|Palafin, L50, M|\n|poke|p1|Chien-Pao, L50|\n|poke|p2|Great Tusk, L50|\n|poke|p2|Talonflame, L50, M|\n|poke|p2|Orthworm, L50, M|\n|poke|p2|Gyarados, L50, M|\n|poke|p2|Gholdengo, L50|\n|poke|p2|Baxcalibur, L50, F|\n|teampreview|4\n|inactive|Battle timer is ON: inactive players will automatically lose when time's up. (requested by Prompto88)\n|inactive|Prompto88 has 60 seconds left.\n|\n|t:|1683186867\n|start\n|switch|p1a: Flutter Mane|Flutter Mane, L50, shiny|100\/100\n|switch|p1b: Pizarro|Arcanine, L50, M, shiny|100\/100\n|switch|p2a: Talonflame|Talonflame, L50, M|100\/100\n|switch|p2b: Great Tusk|Great Tusk, L50|100\/100\n|-ability|p1b: Pizarro|Intimidate|boost\n|-unboost|p2a: Talonflame|atk|1\n|-unboost|p2b: Great Tusk|atk|1\n|-enditem|p1a: Flutter Mane|Booster Energy\n|-activate|p1a: Flutter Mane|ability: Protosynthesis|[fromitem]\n|-start|p1a: Flutter Mane|protosynthesisspe\n|turn|1\n|inactive|alvarardo has 30 seconds left.\n|\n|t:|1683186893\n|-terastallize|p1b: Pizarro|Flying\n|move|p2b: Great Tusk|Protect|p2b: Great Tusk\n|-singleturn|p2b: Great Tusk|Protect\n|move|p1b: Pizarro|Extreme Speed|p2b: Great Tusk\n|-activate|p2b: Great Tusk|move: Protect\n|move|p2a: Talonflame|Tailwind|p2a: Talonflame\n|-sidestart|p2: Prompto88|move: Tailwind\n|move|p1a: Flutter Mane|Thunderbolt|p2a: Talonflame\n|-supereffective|p2a: Talonflame\n|-damage|p2a: Talonflame|21\/100\n|\n|upkeep\n|turn|2\n|\n|t:|1683186914\n|-terastallize|p2b: Great Tusk|Ground\n|move|p1b: Pizarro|Extreme Speed|p2a: Talonflame\n|-damage|p2a: Talonflame|0 fnt\n|faint|p2a: Talonflame\n|move|p1a: Flutter Mane|Dazzling Gleam|p2b: Great Tusk\n|-crit|p2b: Great Tusk\n|-damage|p2b: Great Tusk|1\/100\n|move|p2b: Great Tusk|Headlong Rush|p1a: Flutter Mane\n|-crit|p1a: Flutter Mane\n|-damage|p1a: Flutter Mane|0 fnt\n|-unboost|p2b: Great Tusk|def|1\n|-unboost|p2b: Great Tusk|spd|1\n|faint|p1a: Flutter Mane\n|-end|p1a: Flutter Mane|Protosynthesis|[silent]\n|\n|upkeep\n|\n|t:|1683186930\n|switch|p1a: Don Gato|Chien-Pao, L50|100\/100\n|switch|p2a: Baxcalibur|Baxcalibur, L50, F|100\/100\n|-ability|p1a: Don Gato|Sword of Ruin\n|turn|3\n|\n|t:|1683186951\n|-end|p2b: Great Tusk|Protosynthesis|[silent]\n|switch|p2b: Gyarados|Gyarados, L50, M|100\/100\n|-ability|p2b: Gyarados|Intimidate|boost\n|-unboost|p1a: Don Gato|atk|1\n|-unboost|p1b: Pizarro|atk|1\n|move|p2a: Baxcalibur|Protect|p2a: Baxcalibur\n|-singleturn|p2a: Baxcalibur|Protect\n|move|p1b: Pizarro|Extreme Speed|p2b: Gyarados\n|-damage|p2b: Gyarados|75\/100\n|move|p1a: Don Gato|Sacred Sword|p2a: Baxcalibur\n|-activate|p2a: Baxcalibur|move: Protect\n|\n|upkeep\n|turn|4\n|\n|t:|1683186971\n|switch|p1b: Pedro S\u00e1nchez|Dragapult, L50, M, shiny|100\/100\n|move|p2a: Baxcalibur|Glaive Rush|p1a: Don Gato\n|-damage|p1a: Don Gato|9\/100\n|-singlemove|p2a: Baxcalibur|Glaive Rush|[silent]\n|move|p2b: Gyarados|Waterfall|p1a: Don Gato\n|-damage|p1a: Don Gato|0 fnt\n|faint|p1a: Don Gato\n|\n|-sideend|p2: Prompto88|move: Tailwind\n|upkeep\n|\n|t:|1683186986\n|switch|p1a: Pizarro|Arcanine, L50, M, shiny, tera:Flying|100\/100\n|-ability|p1a: Pizarro|Intimidate|boost\n|-fail|p2a: Baxcalibur|unboost|[from] item: Clear Amulet|[of] p2a: Baxcalibur\n|-unboost|p2b: Gyarados|atk|1\n|turn|5\n|-message|alvarardo forfeited.\n|\n|win|Prompto88\n|raw|alvarardo's rating: 1170 → 1153<\/strong> (-17 for losing)\n|raw|Prompto88's rating: 1288 → 1305<\/strong> (+17 for winning)\n|l|\u2606alvarardo\n","uploadtime":1683186998,"views":15,"p1id":"alvarardo","p2id":"prompto88","formatid":"gen9vgc2023regulationc","rating":1153,"private":0,"password":""}