{"id":"gen9vgc2023regulationc-1848741218","p1":"MGArtificial","p2":"EeveeAddict","format":"[Gen 9] VGC 2023 Regulation C","log":"|j|\u2606MGArtificial\n|j|\u2606EeveeAddict\n|t:|1682105783\n|gametype|doubles\n|player|p1|MGArtificial|hilbert|1040\n|player|p2|EeveeAddict|idol|1059\n|teamsize|p1|6\n|teamsize|p2|6\n|gen|9\n|tier|[Gen 9] VGC 2023 Regulation C\n|rated|\n|rule|Species Clause: Limit one of each Pok\u00e9mon\n|rule|Item Clause: Limit one of each item\n|clearpoke\n|poke|p1|Lycanroc, L50, F|\n|poke|p1|Annihilape, L50, F|\n|poke|p1|Rotom-Heat, L50|\n|poke|p1|Tyranitar, L50, M|\n|poke|p1|Baxcalibur, L50, M|\n|poke|p1|Brute Bonnet, L50|\n|poke|p2|Bronzong, L50|\n|poke|p2|Lycanroc-Midnight, L50, M|\n|poke|p2|Ting-Lu, L50|\n|poke|p2|Garganacl, L50, M|\n|poke|p2|Abomasnow, L50, F|\n|poke|p2|Indeedee-F, L50, F|\n|teampreview|4\nMGArtificial has agreed to open team sheets.\n|\n|t:|1682105831\n|start\n|switch|p1a: Annihilape|Annihilape, L50, F, shiny|100\/100\n|switch|p1b: Brute Bonnet|Brute Bonnet, L50|100\/100\n|switch|p2a: Tetanus|Bronzong, L50|100\/100\n|switch|p2b: Rabies|Lycanroc-Midnight, L50, M, shiny|100\/100\n|turn|1\n|\n|t:|1682105850\n|move|p1a: Annihilape|Final Gambit|p2b: Rabies\n|-enditem|p2b: Rabies|Focus Sash\n|-damage|p2b: Rabies|1\/100\n|faint|p1a: Annihilape\n|move|p2b: Rabies|Endeavor|p1b: Brute Bonnet\n|-damage|p1b: Brute Bonnet|1\/100\n|-enditem|p1b: Brute Bonnet|Sitrus Berry|[eat]\n|-heal|p1b: Brute Bonnet|26\/100|[from] item: Sitrus Berry\n|move|p1b: Brute Bonnet|Spore|p2a: Tetanus\n|-activate|p2a: Tetanus|item: Safety Goggles|Spore\n|move|p2a: Tetanus|Skill Swap|p2b: Rabies\n|-activate|p2a: Tetanus|move: Skill Swap|||[of] p2b: Rabies\n|\n|upkeep\n|\n|t:|1682105865\n|switch|p1a: Tyranitar|Tyranitar, L50, M, shiny|100\/100\n|-weather|Sandstorm|[from] ability: Sand Stream|[of] p1a: Tyranitar\n|turn|2\n|\n|t:|1682105877\n|move|p2b: Rabies|Endeavor|p1a: Tyranitar\n|-damage|p1a: Tyranitar|1\/100\n|move|p1b: Brute Bonnet|Pollen Puff|p1a: Tyranitar\n|-heal|p1a: Tyranitar|51\/100\n|move|p1a: Tyranitar|Rock Slide|p2b: Rabies|[spread] p2a,p2b\n|-resisted|p2a: Tetanus\n|-damage|p2a: Tetanus|89\/100\n|-damage|p2b: Rabies|0 fnt\n|faint|p2b: Rabies\n|move|p2a: Tetanus|Gravity|p2a: Tetanus\n|-fieldstart|move: Gravity\n|\n|-weather|Sandstorm|[upkeep]\n|-damage|p1b: Brute Bonnet|20\/100|[from] Sandstorm\n|upkeep\n|\n|t:|1682105892\n|switch|p2b: Cancer|Ting-Lu, L50|100\/100\n|-ability|p2b: Cancer|Vessel of Ruin\n|turn|3\n|\n|t:|1682105908\n|-terastallize|p2b: Cancer|Grass\n|move|p1b: Brute Bonnet|Spore|p2b: Cancer\n|-immune|p2b: Cancer\n|move|p1a: Tyranitar|Ice Punch|p2b: Cancer\n|-supereffective|p2b: Cancer\n|-damage|p2b: Cancer|69\/100\n|move|p2b: Cancer|Stomping Tantrum|p1a: Tyranitar\n|-supereffective|p1a: Tyranitar\n|-damage|p1a: Tyranitar|7\/100\n|move|p2a: Tetanus|Hypnosis|p1a: Tyranitar\n|-status|p1a: Tyranitar|slp|[from] move: Hypnosis\n|\n|-weather|Sandstorm|[upkeep]\n|-damage|p1b: Brute Bonnet|14\/100|[from] Sandstorm\n|-damage|p2b: Cancer|63\/100|[from] Sandstorm\n|upkeep\n|turn|4\n|\n|t:|1682105928\n|-end|p1b: Brute Bonnet|Protosynthesis|[silent]\n|switch|p1b: Lycanroc|Lycanroc, L50, F, shiny|100\/100\n|cant|p1a: Tyranitar|slp\n|move|p2b: Cancer|Heavy Slam|p1b: Lycanroc\n|-supereffective|p1b: Lycanroc\n|-damage|p1b: Lycanroc|2\/100\n|move|p2a: Tetanus|Skill Swap|p2b: Cancer\n|-activate|p2a: Tetanus|move: Skill Swap|||[of] p2b: Cancer\n|-ability|p2a: Tetanus|Vessel of Ruin\n|\n|-weather|Sandstorm|[upkeep]\n|-damage|p2b: Cancer|57\/100|[from] Sandstorm\n|upkeep\n|turn|5\n|l|\u2606MGArtificial\n|player|p1|\n|inactive|Battle timer is ON: inactive players will automatically lose when time's up. (requested by EeveeAddict)\n|inactive|MGArtificial has 30 seconds to reconnect!\n|inactive|MGArtificial has 20 seconds to reconnect!\n|inactive|MGArtificial has 15 seconds to reconnect!\n|inactive|MGArtificial has 10 seconds to reconnect!\n|inactive|MGArtificial has 5 seconds to reconnect!\n|-message|MGArtificial lost due to inactivity.\n|\n|win|EeveeAddict\n|raw|MGArtificial's rating: 1040 → 1025<\/strong> (-15 for losing)\n|raw|EeveeAddict's rating: 1059 → 1088<\/strong> (+29 for winning)\n","uploadtime":1682106045,"views":10,"p1id":"mgartificial","p2id":"eeveeaddict","formatid":"gen9vgc2023regulationc","rating":1025,"private":0,"password":""}