{"id":"gen9vgc2023regulationc-1852033350","p1":"Haxxson","p2":"Sagoji","format":"[Gen 9] VGC 2023 Regulation C","log":"|j|\u2606Haxxson\n|j|\u2606Sagoji\n|t:|1682518537\n|gametype|doubles\n|player|p1|Haxxson|marshal|1121\n|player|p2|Sagoji|2|1044\n|teamsize|p1|6\n|teamsize|p2|6\n|gen|9\n|tier|[Gen 9] VGC 2023 Regulation C\n|rated|\n|rule|Species Clause: Limit one of each Pok\u00e9mon\n|rule|Item Clause: Limit one of each item\n|clearpoke\n|poke|p1|Jumpluff, L50, F|\n|poke|p1|Volcarona, L50, F|\n|poke|p1|Krookodile, L50, M|\n|poke|p1|Annihilape, L50, M|\n|poke|p1|Rabsca, L50, M|\n|poke|p1|Jolteon, L50, M|\n|poke|p2|Amoonguss, L50, M|\n|poke|p2|Palafin, L50, F|\n|poke|p2|Arcanine, L50, F|\n|poke|p2|Flutter Mane, L50|\n|poke|p2|Roaring Moon, L50|\n|poke|p2|Ting-Lu, L50|\n|teampreview|4\n|inactive|Battle timer is ON: inactive players will automatically lose when time's up. (requested by Haxxson)\n|inactive|Sagoji has 60 seconds left.\nHaxxson has agreed to open team sheets.\n|\n|t:|1682518588\n|start\n|switch|p1a: Jolteon|Jolteon, L50, M|100\/100\n|switch|p1b: Hamlet's Dad|Annihilape, L50, M|100\/100\n|switch|p2a: Palafin|Palafin, L50, F|100\/100\n|switch|p2b: Roaring Moon|Roaring Moon, L50|100\/100\n|-enditem|p2b: Roaring Moon|Booster Energy\n|-activate|p2b: Roaring Moon|ability: Protosynthesis|[fromitem]\n|-start|p2b: Roaring Moon|protosynthesisatk\n|turn|1\n|inactive|Haxxson has 30 seconds left.\n|inactive|Sagoji has 30 seconds left.\n|\n|t:|1682518618\n|detailschange|p2a: Palafin|Palafin-Hero, L50, F\n|switch|p2a: Ting-Lu|Ting-Lu, L50|100\/100\n|-ability|p2a: Ting-Lu|Vessel of Ruin\n|-terastallize|p1b: Hamlet's Dad|Poison\n|move|p1a: Jolteon|Pin Missile|p1b: Hamlet's Dad\n|-resisted|p1b: Hamlet's Dad\n|-damage|p1b: Hamlet's Dad|99\/100\n|-resisted|p1b: Hamlet's Dad\n|-damage|p1b: Hamlet's Dad|98\/100\n|-hitcount|p1b: Hamlet's Dad|2\n|move|p2b: Roaring Moon|Throat Chop|p1b: Hamlet's Dad\n|-damage|p1b: Hamlet's Dad|43\/100\n|-start|p1b: Hamlet's Dad|Throat Chop|[silent]\n|move|p1b: Hamlet's Dad|Rage Fist|p2b: Roaring Moon\n|-resisted|p2b: Roaring Moon\n|-damage|p2b: Roaring Moon|53\/100\n|\n|-heal|p1b: Hamlet's Dad|49\/100|[from] item: Leftovers\n|upkeep\n|turn|2\n|inactive|Haxxson has 30 seconds left.\n|inactive|Sagoji has 30 seconds left.\n|\n|t:|1682518651\n|switch|p1a: Krookodile|Krookodile, L50, M|100\/100\n|-ability|p1a: Krookodile|Intimidate|boost\n|-unboost|p2a: Ting-Lu|atk|1\n|-unboost|p2b: Roaring Moon|atk|1\n|move|p1b: Hamlet's Dad|Protect|p1b: Hamlet's Dad\n|-singleturn|p1b: Hamlet's Dad|Protect\n|move|p2b: Roaring Moon|Throat Chop|p1b: Hamlet's Dad\n|-activate|p1b: Hamlet's Dad|move: Protect\n|move|p2a: Ting-Lu|Stomping Tantrum|p1a: Krookodile\n|-damage|p1a: Krookodile|76\/100\n|\n|-heal|p1b: Hamlet's Dad|55\/100|[from] item: Leftovers\n|-end|p1b: Hamlet's Dad|Throat Chop|[silent]\n|upkeep\n|turn|3\n|inactive|Sagoji has 30 seconds left.\n|\n|t:|1682518679\n|-end|p2b: Roaring Moon|Protosynthesis|[silent]\n|switch|p2b: Palafin|Palafin-Hero, L50, F|100\/100\n|-activate|p2b: Palafin|ability: Zero to Hero\n|move|p1a: Krookodile|Rock Slide|p2b: Palafin|[spread] p2a,p2b\n|-resisted|p2a: Ting-Lu\n|-damage|p2a: Ting-Lu|96\/100\n|-damage|p2b: Palafin|87\/100\n|move|p1b: Hamlet's Dad|Drain Punch|p2b: Palafin\n|-damage|p2b: Palafin|59\/100\n|-heal|p1b: Hamlet's Dad|69\/100|[from] drain|[of] p2b: Palafin\n|move|p2a: Ting-Lu|Stomping Tantrum|p1b: Hamlet's Dad\n|-supereffective|p1b: Hamlet's Dad\n|-damage|p1b: Hamlet's Dad|31\/100\n|\n|-heal|p1b: Hamlet's Dad|37\/100|[from] item: Leftovers\n|upkeep\n|turn|4\n|inactive|Sagoji has 30 seconds left.\n|\n|t:|1682518707\n|switch|p1a: Jolteon|Jolteon, L50, M|100\/100\n|-terastallize|p2b: Palafin|Water\n|move|p1b: Hamlet's Dad|Protect|p1b: Hamlet's Dad\n|-singleturn|p1b: Hamlet's Dad|Protect\n|move|p2b: Palafin|Jet Punch|p1a: Jolteon\n|-damage|p1a: Jolteon|0 fnt\n|faint|p1a: Jolteon\n|move|p2a: Ting-Lu|Ruination|p1b: Hamlet's Dad\n|-activate|p1b: Hamlet's Dad|move: Protect\n|\n|-heal|p1b: Hamlet's Dad|43\/100|[from] item: Leftovers\n|upkeep\n|\n|t:|1682518722\n|switch|p1a: Volcarona|Volcarona, L50, F|100\/100\n|turn|5\n|\n|t:|1682518735\n|move|p1a: Volcarona|Rage Powder|p1a: Volcarona\n|-singleturn|p1a: Volcarona|move: Rage Powder\n|move|p2b: Palafin|Jet Punch|p1a: Volcarona\n|-supereffective|p1a: Volcarona\n|-damage|p1a: Volcarona|0 fnt\n|faint|p1a: Volcarona\n|move|p1b: Hamlet's Dad|Rage Fist|p2b: Palafin\n|-damage|p2b: Palafin|0 fnt\n|faint|p2b: Palafin\n|move|p2a: Ting-Lu|Ruination|p1b: Hamlet's Dad\n|-damage|p1b: Hamlet's Dad|22\/100\n|\n|-heal|p1b: Hamlet's Dad|28\/100|[from] item: Leftovers\n|upkeep\n|\n|t:|1682518749\n|switch|p2b: Roaring Moon|Roaring Moon, L50|53\/100\n|switch|p1a: Krookodile|Krookodile, L50, M|76\/100\n|-ability|p1a: Krookodile|Intimidate|boost\n|-unboost|p2a: Ting-Lu|atk|1\n|-unboost|p2b: Roaring Moon|atk|1\n|turn|6\n|\n|t:|1682518762\n|switch|p2a: Amoonguss|Amoonguss, L50, M|100\/100\n|move|p2b: Roaring Moon|Protect|p2b: Roaring Moon\n|-singleturn|p2b: Roaring Moon|Protect\n|move|p1a: Krookodile|Rock Slide|p2a: Amoonguss|[spread] \n|-activate|p2b: Roaring Moon|move: Protect\n|-miss|p1a: Krookodile|p2a: Amoonguss\n|move|p1b: Hamlet's Dad|Drain Punch|p2a: Amoonguss\n|-resisted|p2a: Amoonguss\n|-damage|p2a: Amoonguss|88\/100\n|-heal|p1b: Hamlet's Dad|35\/100|[from] drain|[of] p2a: Amoonguss\n|\n|-heal|p1b: Hamlet's Dad|41\/100|[from] item: Leftovers\n|upkeep\n|turn|7\n|inactive|Haxxson has 30 seconds left.\n|inactive|Sagoji has 30 seconds left.\n|inactive|Haxxson has 20 seconds left.\n|inactive|Haxxson has 15 seconds left.\n|\n|t:|1682518803\n|move|p1a: Krookodile|Rock Slide|p2b: Roaring Moon|[spread] p2a,p2b\n|-damage|p2a: Amoonguss|75\/100\n|-damage|p2b: Roaring Moon|35\/100\n|move|p2b: Roaring Moon|Acrobatics|p1a: Krookodile\n|-damage|p1a: Krookodile|45\/100\n|move|p1b: Hamlet's Dad|Drain Punch|p2b: Roaring Moon\n|-supereffective|p2b: Roaring Moon\n|-damage|p2b: Roaring Moon|0 fnt\n|-heal|p1b: Hamlet's Dad|59\/100|[from] drain|[of] p2b: Roaring Moon\n|faint|p2b: Roaring Moon\n|-end|p2b: Roaring Moon|Protosynthesis|[silent]\n|cant|p2a: Amoonguss|flinch\n|\n|-heal|p1b: Hamlet's Dad|65\/100|[from] item: Leftovers\n|upkeep\n|\n|t:|1682518817\n|switch|p2b: Ting-Lu|Ting-Lu, L50|96\/100\n|-ability|p2b: Ting-Lu|Vessel of Ruin\n|turn|8\n|\n|t:|1682518836\n|move|p1a: Krookodile|Rock Slide|p2a: Amoonguss|[spread] p2a,p2b\n|-resisted|p2b: Ting-Lu\n|-crit|p2b: Ting-Lu\n|-damage|p2a: Amoonguss|64\/100\n|-damage|p2b: Ting-Lu|89\/100\n|move|p1b: Hamlet's Dad|Rage Fist|p2a: Amoonguss\n|-damage|p2a: Amoonguss|0 fnt\n|faint|p2a: Amoonguss\n|move|p2b: Ting-Lu|Stomping Tantrum|p1b: Hamlet's Dad\n|-supereffective|p1b: Hamlet's Dad\n|-damage|p1b: Hamlet's Dad|9\/100\n|\n|-heal|p1b: Hamlet's Dad|15\/100|[from] item: Leftovers\n|upkeep\n|turn|9\n|-message|Sagoji forfeited.\n|\n|win|Haxxson\n|raw|Haxxson's rating: 1121 → 1141<\/strong> (+20 for winning)\n|raw|Sagoji's rating: 1044 → 1031<\/strong> (-13 for losing)\n|l|\u2606Sagoji\n","uploadtime":1682518859,"views":22,"p1id":"haxxson","p2id":"sagoji","formatid":"gen9vgc2023regulationc","rating":1031,"private":0,"password":""}