{"id":"gen9vgc2023regulationc-1847243905","p1":"rarcevgc2","p2":"ScepTorBird","format":"[Gen 9] VGC 2023 Regulation C","log":"|j|\u2606rarcevgc2\n|j|\u2606ScepTorBird\n|t:|1681930888\n|gametype|doubles\n|player|p1|rarcevgc2|sonia-professor|1154\n|player|p2|ScepTorBird|koga|1129\n|teamsize|p1|6\n|teamsize|p2|6\n|gen|9\n|tier|[Gen 9] VGC 2023 Regulation C\n|rated|\n|rule|Species Clause: Limit one of each Pok\u00e9mon\n|rule|Item Clause: Limit one of each item\n|clearpoke\n|poke|p1|Arcanine, L50, F|\n|poke|p1|Gastrodon-East, L50, M|\n|poke|p1|Flutter Mane, L50|\n|poke|p1|Chi-Yu, L50|\n|poke|p1|Murkrow, L50, M|\n|poke|p1|Palafin, L50, F|\n|poke|p2|Toedscruel, L50, F|\n|poke|p2|Iron Bundle, L50|\n|poke|p2|Chien-Pao, L50|\n|poke|p2|Arcanine, L50, M|\n|poke|p2|Corviknight, L50, M|\n|poke|p2|Lucario, L50, M|\n|teampreview|4\n|inactive|Battle timer is ON: inactive players will automatically lose when time's up. (requested by ScepTorBird)\nrarcevgc2 rejected open team sheets.\n|inactive|ScepTorBird has 60 seconds left.\n|\n|t:|1681930920\n|start\n|switch|p1a: Palafin|Palafin, L50, F|100\/100\n|switch|p1b: Murkrow|Murkrow, L50, M|100\/100\n|switch|p2a: Birdo|Iron Bundle, L50|100\/100\n|switch|p2b: Toedscruel|Toedscruel, L50, F|100\/100\n|-enditem|p2a: Birdo|Booster Energy\n|-activate|p2a: Birdo|ability: Quark Drive|[fromitem]\n|-start|p2a: Birdo|quarkdrivespe\n|turn|1\n|inactive|rarcevgc2 has 30 seconds left.\n|inactive|rarcevgc2 has 20 seconds left.\n|\n|t:|1681930959\n|move|p1b: Murkrow|Tailwind|p1b: Murkrow\n|-sidestart|p1: rarcevgc2|move: Tailwind\n|move|p1a: Palafin|Flip Turn|p2b: Toedscruel\n|-damage|p2b: Toedscruel|59\/100\n|\n|t:|1681930966\n|detailschange|p1a: Palafin|Palafin-Hero, L50, F\n|switch|p1a: Chi-Yu|Chi-Yu, L50|100\/100|[from] Flip Turn\n|-ability|p1a: Chi-Yu|Beads of Ruin\n|move|p2a: Birdo|Freeze-Dry|p1b: Murkrow\n|-supereffective|p1b: Murkrow\n|-enditem|p1b: Murkrow|Focus Sash\n|-damage|p1b: Murkrow|1\/100\n|-status|p1b: Murkrow|frz\n|move|p2b: Toedscruel|Giga Drain|p1a: Chi-Yu\n|-resisted|p1a: Chi-Yu\n|-damage|p1a: Chi-Yu|86\/100\n|-heal|p2b: Toedscruel|65\/100|[from] drain|[of] p1a: Chi-Yu\n|\n|upkeep\n|turn|2\n|\n|t:|1681930983\n|-curestatus|p1b: Murkrow|frz|[msg]\n|move|p1b: Murkrow|Sunny Day|p1b: Murkrow\n|-weather|SunnyDay\n|move|p1a: Chi-Yu|Heat Wave|p2b: Toedscruel|[spread] p2a,p2b\n|-supereffective|p2b: Toedscruel\n|-crit|p2b: Toedscruel\n|-damage|p2a: Birdo|0 fnt\n|-damage|p2b: Toedscruel|0 fnt\n|faint|p2a: Birdo\n|-end|p2a: Birdo|Quark Drive|[silent]\n|faint|p2b: Toedscruel\n|-damage|p1a: Chi-Yu|76\/100|[from] item: Life Orb\n|\n|-weather|SunnyDay|[upkeep]\n|upkeep\n|c|\u2606ScepTorBird|YOU ARE SO LUCKY WOW\n|\n|t:|1681930998\n|switch|p2a: Barry|Lucario, L50, M|100\/100\n|switch|p2b: Fang|Chien-Pao, L50|100\/100\n|-ability|p2b: Fang|Sword of Ruin\n|turn|3\n|c|\u2606rarcevgc2|freeze... sunny day...\n|\n|t:|1681931011\n|-terastallize|p2a: Barry|Normal\n|move|p2b: Fang|Protect|p2b: Fang\n|-singleturn|p2b: Fang|Protect\n|move|p2a: Barry|Extreme Speed|p1a: Chi-Yu\n|-damage|p1a: Chi-Yu|0 fnt\n|faint|p1a: Chi-Yu\n|move|p1b: Murkrow|Perish Song|p1b: Murkrow\n|-start|p1b: Murkrow|perish3|[silent]\n|-start|p2a: Barry|perish3|[silent]\n|-start|p2b: Fang|perish3|[silent]\n|-fieldactivate|move: Perish Song\n|\n|-weather|SunnyDay|[upkeep]\n|-start|p1b: Murkrow|perish3\n|-start|p2b: Fang|perish3\n|-start|p2a: Barry|perish3\n|upkeep\n|c|\u2606ScepTorBird|You jackass\n|c|\u2606ScepTorBird|Perish song is CRINGE\n|\n|t:|1681931028\n|switch|p1a: Flutter Mane|Flutter Mane, L50|100\/100\n|-activate|p1a: Flutter Mane|ability: Protosynthesis\n|-start|p1a: Flutter Mane|protosynthesisspe\n|turn|4\n|\n|t:|1681931047\n|move|p2a: Barry|Bullet Punch|p1a: Flutter Mane\n|-supereffective|p1a: Flutter Mane\n|-damage|p1a: Flutter Mane|0 fnt\n|faint|p1a: Flutter Mane\n|-end|p1a: Flutter Mane|Protosynthesis|[silent]\n|move|p1b: Murkrow|Foul Play|p2a: Barry\n|-damage|p2a: Barry|9\/100\n|move|p2b: Fang|Ice Spinner|p1b: Murkrow\n|-supereffective|p1b: Murkrow\n|-damage|p1b: Murkrow|0 fnt\n|faint|p1b: Murkrow\n|\n|-weather|SunnyDay|[upkeep]\n|-start|p2b: Fang|perish2\n|-start|p2a: Barry|perish2\n|-sideend|p1: rarcevgc2|move: Tailwind\n|upkeep\n|\n|t:|1681931056\n|switch|p1b: Palafin|Palafin-Hero, L50, F|100\/100\n|-activate|p1b: Palafin|ability: Zero to Hero\n|turn|5\n|\n|t:|1681931067\n|-terastallize|p1b: Palafin|Water\n|move|p2a: Barry|Extreme Speed|p1b: Palafin\n|-damage|p1b: Palafin|47\/100\n|move|p1b: Palafin|Jet Punch|p2a: Barry\n|-damage|p2a: Barry|0 fnt\n|faint|p2a: Barry\n|move|p2b: Fang|Crunch|p1b: Palafin\n|-damage|p1b: Palafin|0 fnt\n|faint|p1b: Palafin\n|\n|win|ScepTorBird\n|raw|rarcevgc2's rating: 1154 → 1127<\/strong> (-27 for losing)\n|raw|ScepTorBird's rating: 1129 → 1156<\/strong> (+27 for winning)\n|l|\u2606rarcevgc2\n|c|\u2606ScepTorBird|HAHAHHAHAHA\n","uploadtime":1681931202,"views":12,"p1id":"rarcevgc2","p2id":"sceptorbird","formatid":"gen9vgc2023regulationc","rating":1127,"private":0,"password":""}