{"id":"gen9vgc2023regulationc-1855193018","p1":"bowsamonya","p2":"hesstruck harold","format":"[Gen 9] VGC 2023 Regulation C","log":"|j|\u2606bowsamonya\n|j|\u2606hesstruck harold\n|t:|1682913109\n|gametype|doubles\n|player|p1|bowsamonya|beauty-gen4dp|\n|player|p2|hesstruck harold|1|\n|teamsize|p1|6\n|teamsize|p2|6\n|gen|9\n|tier|[Gen 9] VGC 2023 Regulation C\n|rule|Species Clause: Limit one of each Pok\u00e9mon\n|rule|Item Clause: Limit one of each item\n|clearpoke\n|poke|p1|Arcanine, L50, M|\n|poke|p1|Grimmsnarl, L50, M|\n|poke|p1|Amoonguss, L50, F|\n|poke|p1|Annihilape, L50, F|\n|poke|p1|Maushold-Four, L50|\n|poke|p1|Volcarona, L50, F|\n|poke|p2|Iron Bundle, L50|\n|poke|p2|Indeedee-F, L50, F|\n|poke|p2|Arcanine, L50, M|\n|poke|p2|Roaring Moon, L50|\n|poke|p2|Brute Bonnet, L50|\n|poke|p2|Flutter Mane, L50|\n|teampreview|4\nhesstruck harold has agreed to open team sheets.\nbowsamonya has agreed to open team sheets.\n|\n|t:|1682913151\n|start\n|switch|p1a: underneath earl|Annihilape, L50, F|100\/100\n|switch|p1b: me on thursday|Grimmsnarl, L50, M|100\/100\n|switch|p2a: belinda|Indeedee-F, L50, F|100\/100\n|switch|p2b: klaythemond|Iron Bundle, L50|100\/100\n|-fieldstart|move: Psychic Terrain|[from] ability: Psychic Surge|[of] p2a: belinda\n|-enditem|p2b: klaythemond|Booster Energy\n|-activate|p2b: klaythemond|ability: Quark Drive|[fromitem]\n|-start|p2b: klaythemond|quarkdrivespe\n|turn|1\n|inactive|Battle timer is ON: inactive players will automatically lose when time's up. (requested by hesstruck harold)\n|inactive|bowsamonya has 60 seconds left.\n|inactive|hesstruck harold has 60 seconds left.\n|\n|t:|1682913196\n|move|p2a: belinda|Helping Hand|p2b: klaythemond\n|-singleturn|p2b: klaythemond|Helping Hand|[of] p2a: belinda\n|move|p2b: klaythemond|Hydro Pump|p1b: me on thursday|[miss]\n|-miss|p2b: klaythemond|p1b: me on thursday\n|move|p1a: underneath earl|Bulk Up|p1a: underneath earl\n|-boost|p1a: underneath earl|atk|1\n|-boost|p1a: underneath earl|def|1\n|move|p1b: me on thursday|Spirit Break|p2a: belinda\n|-damage|p2a: belinda|68\/100\n|-unboost|p2a: belinda|spa|1\n|-damage|p1b: me on thursday|84\/100|[from] item: Rocky Helmet|[of] p2a: belinda\n|\n|upkeep\n|turn|2\n|inactive|hesstruck harold has 30 seconds left.\n|\n|t:|1682913223\n|move|p2b: klaythemond|Encore|p1a: underneath earl\n|-start|p1a: underneath earl|Encore\n|move|p1a: underneath earl|Bulk Up|p1a: underneath earl\n|-boost|p1a: underneath earl|atk|1\n|-boost|p1a: underneath earl|def|1\n|move|p2a: belinda|Psychic|p1a: underneath earl\n|-supereffective|p1a: underneath earl\n|-damage|p1a: underneath earl|48\/100\n|move|p1b: me on thursday|Spirit Break|p2a: belinda\n|-damage|p2a: belinda|38\/100\n|-unboost|p2a: belinda|spa|1\n|-damage|p1b: me on thursday|68\/100|[from] item: Rocky Helmet|[of] p2a: belinda\n|\n|-heal|p1a: underneath earl|54\/100|[from] item: Leftovers\n|upkeep\n|turn|3\n|inactive|bowsamonya has 30 seconds left.\n|inactive|hesstruck harold has 30 seconds left.\n|inactive|bowsamonya has 20 seconds left.\n|inactive|bowsamonya has 15 seconds left.\n|inactive|bowsamonya has 10 seconds left.\n|\n|t:|1682913269\n|switch|p1a: gone or rhea|Arcanine, L50, M|100\/100\n|-ability|p1a: gone or rhea|Intimidate|boost\n|-unboost|p2a: belinda|atk|1\n|-unboost|p2b: klaythemond|atk|1\n|move|p2a: belinda|Protect|p2a: belinda\n|-singleturn|p2a: belinda|Protect\n|move|p2b: klaythemond|Hydro Pump|p1b: me on thursday\n|-damage|p1b: me on thursday|22\/100\n|move|p1b: me on thursday|Spirit Break|p2b: klaythemond\n|-damage|p2b: klaythemond|61\/100\n|-unboost|p2b: klaythemond|spa|1\n|\n|upkeep\n|turn|4\n|inactive|bowsamonya has 30 seconds left.\n|inactive|hesstruck harold has 30 seconds left.\n|inactive|bowsamonya has 20 seconds left.\n|inactive|bowsamonya has 15 seconds left.\n|inactive|bowsamonya has 10 seconds left.\n|\n|t:|1682913315\n|switch|p1b: Porcini|Amoonguss, L50, F|100\/100\n|move|p2a: belinda|Helping Hand|p2b: klaythemond\n|-singleturn|p2b: klaythemond|Helping Hand|[of] p2a: belinda\n|move|p1a: gone or rhea|Protect|p1a: gone or rhea\n|-singleturn|p1a: gone or rhea|Protect\n|move|p2b: klaythemond|Hydro Pump|p1a: gone or rhea\n|-activate|p1a: gone or rhea|move: Protect\n|\n|upkeep\n|turn|5\n|inactive|bowsamonya has 30 seconds left.\n|inactive|hesstruck harold has 30 seconds left.\n|inactive|bowsamonya has 20 seconds left.\n|\n|t:|1682913351\n|switch|p2a: jospheph|Arcanine, L50, M|100\/100\n|-ability|p2a: jospheph|Intimidate|boost\n|-unboost|p1a: gone or rhea|atk|1\n|-unboost|p1b: Porcini|atk|1\n|-terastallize|p1a: gone or rhea|Water\n|move|p2b: klaythemond|Protect|p2b: klaythemond\n|-singleturn|p2b: klaythemond|Protect\n|move|p1b: Porcini|Protect|p1b: Porcini\n|-singleturn|p1b: Porcini|Protect\n|move|p1a: gone or rhea|Flare Blitz|p2a: jospheph\n|-resisted|p2a: jospheph\n|-damage|p2a: jospheph|85\/100\n|-damage|p1a: gone or rhea|95\/100|[from] Recoil\n|\n|-fieldend|move: Psychic Terrain\n|upkeep\n|turn|6\n|inactive|bowsamonya has 30 seconds left.\n|inactive|hesstruck harold has 30 seconds left.\n|inactive|bowsamonya has 20 seconds left.\n|inactive|bowsamonya has 15 seconds left.\n|inactive|hesstruck harold has 20 seconds left.\n|\n|t:|1682913396\n|switch|p1a: underneath earl|Annihilape, L50, F|54\/100\n|move|p2b: klaythemond|Freeze-Dry|p1b: Porcini\n|-supereffective|p1b: Porcini\n|-damage|p1b: Porcini|70\/100\n|move|p2a: jospheph|Will-O-Wisp|p1a: underneath earl\n|-status|p1a: underneath earl|brn\n|move|p1b: Porcini|Spore|p2b: klaythemond\n|-status|p2b: klaythemond|slp|[from] move: Spore\n|\n|-heal|p1a: underneath earl|60\/100 brn|[from] item: Leftovers\n|-damage|p1a: underneath earl|54\/100 brn|[from] brn\n|upkeep\n|turn|7\n|inactive|bowsamonya has 30 seconds left.\n|inactive|hesstruck harold has 30 seconds left.\n|inactive|bowsamonya has 20 seconds left.\n|inactive|hesstruck harold has 20 seconds left.\n|\n|t:|1682913433\n|cant|p2b: klaythemond|slp\n|move|p2a: jospheph|Flare Blitz|p1b: Porcini\n|-supereffective|p1b: Porcini\n|-damage|p1b: Porcini|0 fnt\n|faint|p1b: Porcini\n|-damage|p2a: jospheph|60\/100|[from] Recoil\n|move|p1a: underneath earl|Bulk Up|p1a: underneath earl\n|-boost|p1a: underneath earl|atk|1\n|-boost|p1a: underneath earl|def|1\n|\n|-heal|p1a: underneath earl|60\/100 brn|[from] item: Leftovers\n|-damage|p1a: underneath earl|54\/100 brn|[from] brn\n|upkeep\n|\n|t:|1682913447\n|switch|p1b: gone or rhea|Arcanine, L50, M, tera:Water|95\/100\n|-ability|p1b: gone or rhea|Intimidate|boost\n|-unboost|p2a: jospheph|atk|1\n|-unboost|p2b: klaythemond|atk|1\n|turn|8\n|inactive|hesstruck harold has 30 seconds left.\n|\n|t:|1682913476\n|move|p2a: jospheph|Protect|p2a: jospheph\n|-singleturn|p2a: jospheph|Protect\n|move|p1b: gone or rhea|Extreme Speed|p2b: klaythemond\n|-damage|p2b: klaythemond|36\/100 slp\n|cant|p2b: klaythemond|slp\n|move|p1a: underneath earl|Drain Punch|p2a: jospheph\n|-activate|p2a: jospheph|move: Protect\n|\n|-heal|p1a: underneath earl|60\/100 brn|[from] item: Leftovers\n|-damage|p1a: underneath earl|54\/100 brn|[from] brn\n|upkeep\n|turn|9\n|\n|t:|1682913498\n|move|p1b: gone or rhea|Extreme Speed|p2a: jospheph\n|-damage|p2a: jospheph|37\/100\n|-curestatus|p2b: klaythemond|slp|[msg]\n|move|p2b: klaythemond|Hydro Pump|p1a: underneath earl\n|-damage|p1a: underneath earl|19\/100 brn\n|move|p2a: jospheph|Will-O-Wisp|p1b: gone or rhea\n|-status|p1b: gone or rhea|brn\n|move|p1a: underneath earl|Drain Punch|p2b: klaythemond\n|-supereffective|p2b: klaythemond\n|-crit|p2b: klaythemond\n|-damage|p2b: klaythemond|0 fnt\n|-heal|p1a: underneath earl|30\/100 brn|[from] drain|[of] p2b: klaythemond\n|faint|p2b: klaythemond\n|-end|p2b: klaythemond|Quark Drive|[silent]\n|\n|-heal|p1a: underneath earl|36\/100 brn|[from] item: Leftovers\n|-damage|p1b: gone or rhea|89\/100 brn|[from] brn\n|-damage|p1a: underneath earl|30\/100 brn|[from] brn\n|upkeep\n|inactive|hesstruck harold has 30 seconds left.\n|\n|t:|1682913527\n|switch|p2b: belinda|Indeedee-F, L50, F|38\/100\n|-fieldstart|move: Psychic Terrain|[from] ability: Psychic Surge|[of] p2b: belinda\n|turn|10\n|inactive|hesstruck harold has 30 seconds left.\n|inactive|hesstruck harold has 20 seconds left.\n|inactive|hesstruck harold has 15 seconds left.\n|\n|t:|1682913568\n|move|p1a: underneath earl|Protect|p1a: underneath earl\n|-singleturn|p1a: underneath earl|Protect\n|move|p2b: belinda|Protect|p2b: belinda\n|-singleturn|p2b: belinda|Protect\n|move|p2a: jospheph|Flare Blitz|p1a: underneath earl\n|-activate|p1a: underneath earl|move: Protect\n|move|p1b: gone or rhea|Flare Blitz|p2b: belinda\n|-activate|p2b: belinda|move: Protect\n|\n|-heal|p1a: underneath earl|36\/100 brn|[from] item: Leftovers\n|-damage|p1b: gone or rhea|83\/100 brn|[from] brn\n|-damage|p1a: underneath earl|30\/100 brn|[from] brn\n|upkeep\n|turn|11\n|inactive|bowsamonya has 30 seconds left.\n|\n|t:|1682913596\n|move|p2a: jospheph|Protect|p2a: jospheph\n|-singleturn|p2a: jospheph|Protect\n|move|p1b: gone or rhea|Flare Blitz|p2b: belinda\n|-damage|p2b: belinda|15\/100\n|-status|p2b: belinda|brn\n|-damage|p1b: gone or rhea|67\/100 brn|[from] item: Rocky Helmet|[of] p2b: belinda\n|-damage|p1b: gone or rhea|60\/100 brn|[from] Recoil\n|move|p1a: underneath earl|Drain Punch|p2a: jospheph\n|-activate|p2a: jospheph|move: Protect\n|move|p2b: belinda|Psychic|p1a: underneath earl\n|-supereffective|p1a: underneath earl\n|-damage|p1a: underneath earl|0 fnt\n|faint|p1a: underneath earl\n|\n|-damage|p1b: gone or rhea|54\/100 brn|[from] brn\n|-damage|p2b: belinda|9\/100 brn|[from] brn\n|upkeep\n|\n|t:|1682913615\n|switch|p1a: me on thursday|Grimmsnarl, L50, M|22\/100\n|turn|12\n|\n|t:|1682913627\n|move|p2b: belinda|Follow Me|p2b: belinda\n|-singleturn|p2b: belinda|move: Follow Me\n|move|p2a: jospheph|Flare Blitz|p1a: me on thursday\n|-damage|p1a: me on thursday|0 fnt\n|faint|p1a: me on thursday\n|-damage|p2a: jospheph|29\/100|[from] Recoil\n|move|p1b: gone or rhea|Flare Blitz|p2b: belinda\n|-damage|p2b: belinda|0 fnt\n|-damage|p1b: gone or rhea|38\/100 brn|[from] item: Rocky Helmet|[of] p2b: belinda\n|faint|p2b: belinda\n|-damage|p1b: gone or rhea|36\/100 brn|[from] Recoil\n|\n|-damage|p1b: gone or rhea|29\/100 brn|[from] brn\n|upkeep\n|\n|t:|1682913639\n|switch|p2b: wang|Roaring Moon, L50|100\/100\n|turn|13\n|inactive|hesstruck harold has 30 seconds left.\n|\n|t:|1682913666\n|move|p2a: jospheph|Extreme Speed|p1b: gone or rhea\n|-activate|p1b: gone or rhea|move: Psychic Terrain\n|move|p2b: wang|Dragon Claw|p1b: gone or rhea\n|-crit|p1b: gone or rhea\n|-damage|p1b: gone or rhea|0 fnt\n|faint|p1b: gone or rhea\n|-damage|p2b: wang|91\/100|[from] item: Life Orb\n|\n|win|hesstruck harold\n","uploadtime":1682913675,"views":14,"p1id":"bowsamonya","p2id":"hesstruckharold","formatid":"gen9vgc2023regulationc","rating":0,"private":0,"password":""}