{"id":"gen9vgc2023regulationc-1857791387","p1":"Yuhunglo","p2":"TviTornado132","format":"[Gen 9] VGC 2023 Regulation C","log":"|j|\u2606Yuhunglo\n|j|\u2606TviTornado132\n|t:|1683232136\n|gametype|doubles\n|player|p1|Yuhunglo|hilbert|1369\n|player|p2|TviTornado132|170|1339\n|teamsize|p1|6\n|teamsize|p2|6\n|gen|9\n|tier|[Gen 9] VGC 2023 Regulation C\n|rated|\n|rule|Species Clause: Limit one of each Pok\u00e9mon\n|rule|Item Clause: Limit one of each item\n|clearpoke\n|poke|p1|Lilligant, L50, F|\n|poke|p1|Torkoal, L50, M|\n|poke|p1|Flutter Mane, L50|\n|poke|p1|Kingambit, L50, M|\n|poke|p1|Dragonite, L50, M|\n|poke|p1|Great Tusk, L50|\n|poke|p2|Palafin, L50, M|\n|poke|p2|Flutter Mane, L50|\n|poke|p2|Chi-Yu, L50|\n|poke|p2|Amoonguss, L50, M|\n|poke|p2|Ting-Lu, L50|\n|poke|p2|Grimmsnarl, L50, M|\n|teampreview|4\n|inactive|Battle timer is ON: inactive players will automatically lose when time's up. (requested by Yuhunglo)\n|inactive|Yuhunglo has 60 seconds left.\n|\n|t:|1683232176\n|start\n|switch|p1a: Dragonite|Dragonite, L50, M|100\/100\n|switch|p1b: Flutter Mane|Flutter Mane, L50|100\/100\n|switch|p2a: Amoonguss|Amoonguss, L50, M|100\/100\n|switch|p2b: Grimmsnarl|Grimmsnarl, L50, M|100\/100\n|turn|1\n|\n|t:|1683232201\n|-terastallize|p1a: Dragonite|Flying\n|move|p2b: Grimmsnarl|Light Screen|p2b: Grimmsnarl\n|-sidestart|p2: TviTornado132|move: Light Screen\n|move|p1b: Flutter Mane|Shadow Ball|p2a: Amoonguss\n|-damage|p2a: Amoonguss|62\/100\n|-unboost|p2a: Amoonguss|spd|1\n|move|p1a: Dragonite|Tera Blast|p2a: Amoonguss\n|-supereffective|p2a: Amoonguss\n|-damage|p2a: Amoonguss|0 fnt\n|faint|p2a: Amoonguss\n|\n|upkeep\n|\n|t:|1683232214\n|switch|p2a: Palafin|Palafin, L50, M|100\/100\n|turn|2\n|\n|t:|1683232226\n|detailschange|p2a: Palafin|Palafin-Hero, L50, M\n|switch|p2a: Ting-Lu|Ting-Lu, L50|100\/100\n|-ability|p2a: Ting-Lu|Vessel of Ruin\n|move|p2b: Grimmsnarl|Reflect|p2b: Grimmsnarl\n|-sidestart|p2: TviTornado132|Reflect\n|move|p1b: Flutter Mane|Shadow Ball|p2a: Ting-Lu\n|-resisted|p2a: Ting-Lu\n|-damage|p2a: Ting-Lu|88\/100\n|move|p1a: Dragonite|Tera Blast|p2a: Ting-Lu\n|-damage|p2a: Ting-Lu|68\/100\n|\n|-heal|p2a: Ting-Lu|75\/100|[from] item: Leftovers\n|upkeep\n|turn|3\n|\n|t:|1683232245\n|-end|p1b: Flutter Mane|Protosynthesis|[silent]\n|switch|p1b: Kingambit|Kingambit, L50, M|100\/100\n|move|p2b: Grimmsnarl|Parting Shot|p1a: Dragonite\n|-unboost|p1a: Dragonite|atk|1\n|-unboost|p1a: Dragonite|spa|1\n|\n|t:|1683232251\n|switch|p2b: Palafin|Palafin-Hero, L50, M|100\/100|[from] Parting Shot\n|-activate|p2b: Palafin|ability: Zero to Hero\n|move|p1a: Dragonite|Ice Spinner|p2a: Ting-Lu\n|-supereffective|p2a: Ting-Lu\n|-damage|p2a: Ting-Lu|62\/100\n|move|p2a: Ting-Lu|Fissure|p1b: Kingambit|[miss]\n|-miss|p2a: Ting-Lu|p1b: Kingambit\n|\n|-heal|p2a: Ting-Lu|68\/100|[from] item: Leftovers\n|upkeep\n|turn|4\n|inactive|Yuhunglo has 30 seconds left.\n|inactive|TviTornado132 has 30 seconds left.\n|\n|t:|1683232280\n|move|p2a: Ting-Lu|Protect|p2a: Ting-Lu\n|-singleturn|p2a: Ting-Lu|Protect\n|move|p2b: Palafin|Close Combat|p1b: Kingambit\n|-supereffective|p1b: Kingambit\n|-damage|p1b: Kingambit|0 fnt\n|-unboost|p2b: Palafin|def|1\n|-unboost|p2b: Palafin|spd|1\n|faint|p1b: Kingambit\n|move|p1a: Dragonite|Tera Blast|p2b: Palafin\n|-damage|p2b: Palafin|62\/100\n|\n|-heal|p2a: Ting-Lu|74\/100|[from] item: Leftovers\n|upkeep\n|\n|t:|1683232297\n|switch|p1b: Flutter Mane|Flutter Mane, L50|100\/100\n|turn|5\n|\n|t:|1683232320\n|switch|p2b: Grimmsnarl|Grimmsnarl, L50, M|100\/100\n|-terastallize|p2a: Ting-Lu|Poison\n|move|p1a: Dragonite|Extreme Speed|p2b: Grimmsnarl\n|-damage|p2b: Grimmsnarl|85\/100\n|move|p1b: Flutter Mane|Dazzling Gleam|p2b: Grimmsnarl|[spread] p2a,p2b\n|-resisted|p2a: Ting-Lu\n|-supereffective|p2b: Grimmsnarl\n|-damage|p2a: Ting-Lu|64\/100\n|-damage|p2b: Grimmsnarl|48\/100\n|move|p2a: Ting-Lu|Fissure|p1b: Flutter Mane|[miss]\n|-miss|p2a: Ting-Lu|p1b: Flutter Mane\n|\n|-heal|p2a: Ting-Lu|70\/100|[from] item: Leftovers\n|upkeep\n|turn|6\n|inactive|Yuhunglo has 30 seconds left.\n|\n|t:|1683232349\n|-end|p1b: Flutter Mane|Protosynthesis|[silent]\n|switch|p1b: Trouble|Great Tusk, L50, shiny|100\/100\n|move|p2b: Grimmsnarl|Parting Shot|p1a: Dragonite\n|-unboost|p1a: Dragonite|atk|1\n|-unboost|p1a: Dragonite|spa|1\n|\n|t:|1683232355\n|switch|p2b: Palafin|Palafin-Hero, L50, M|62\/100|[from] Parting Shot\n|move|p1a: Dragonite|Tera Blast|p2b: Palafin\n|-damage|p2b: Palafin|41\/100\n|move|p2a: Ting-Lu|Heavy Slam|p1b: Trouble\n|-damage|p1b: Trouble|88\/100\n|\n|-heal|p2a: Ting-Lu|77\/100|[from] item: Leftovers\n|upkeep\n|turn|7\n|\n|t:|1683232379\n|move|p1a: Dragonite|Extreme Speed|p2b: Palafin\n|-damage|p2b: Palafin|31\/100\n|move|p1b: Trouble|Earthquake|p2b: Palafin|[spread] p2a,p2b\n|-immune|p1a: Dragonite\n|-supereffective|p2a: Ting-Lu\n|-damage|p2a: Ting-Lu|51\/100\n|-damage|p2b: Palafin|8\/100\n|move|p2b: Palafin|Wave Crash|p1a: Dragonite\n|-crit|p1a: Dragonite\n|-damage|p1a: Dragonite|28\/100\n|-damage|p2b: Palafin|0 fnt|[from] Recoil\n|faint|p2b: Palafin\n|move|p2a: Ting-Lu|Fissure|p1b: Trouble|[miss]\n|-miss|p2a: Ting-Lu|p1b: Trouble\n|\n|-heal|p2a: Ting-Lu|58\/100|[from] item: Leftovers\n|upkeep\n|\n|t:|1683232396\n|switch|p2b: Grimmsnarl|Grimmsnarl, L50, M|48\/100\n|turn|8\n|inactive|Yuhunglo has 30 seconds left.\n|\n|t:|1683232422\n|-end|p1b: Trouble|Protosynthesis|[silent]\n|switch|p1b: Flutter Mane|Flutter Mane, L50|100\/100\n|move|p2b: Grimmsnarl|Parting Shot|p1b: Flutter Mane\n|-unboost|p1b: Flutter Mane|atk|1\n|-unboost|p1b: Flutter Mane|spa|1\n|move|p1a: Dragonite|Tera Blast|p2b: Grimmsnarl\n|-damage|p2b: Grimmsnarl|22\/100\n|move|p2a: Ting-Lu|Fissure|p1b: Flutter Mane|[miss]\n|-miss|p2a: Ting-Lu|p1b: Flutter Mane\n|\n|-heal|p2a: Ting-Lu|64\/100|[from] item: Leftovers\n|-sideend|p2: TviTornado132|move: Light Screen\n|upkeep\n|turn|9\n|inactive|TviTornado132 has 30 seconds left.\n|inactive|Yuhunglo has 30 seconds left.\n|\n|t:|1683232459\n|move|p1b: Flutter Mane|Shadow Ball|p2a: Ting-Lu\n|-damage|p2a: Ting-Lu|37\/100\n|move|p1a: Dragonite|Tera Blast|p2b: Grimmsnarl\n|-damage|p2b: Grimmsnarl|0 fnt\n|faint|p2b: Grimmsnarl\n|move|p2a: Ting-Lu|Heavy Slam|p1b: Flutter Mane\n|-supereffective|p1b: Flutter Mane\n|-damage|p1b: Flutter Mane|0 fnt\n|faint|p1b: Flutter Mane\n|-end|p1b: Flutter Mane|Protosynthesis|[silent]\n|\n|-heal|p2a: Ting-Lu|43\/100|[from] item: Leftovers\n|-sideend|p2: TviTornado132|Reflect\n|upkeep\n|\n|t:|1683232465\n|switch|p1b: Trouble|Great Tusk, L50, shiny|88\/100\n|turn|10\n|\n|t:|1683232475\n|move|p2a: Ting-Lu|Protect|p2a: Ting-Lu\n|-singleturn|p2a: Ting-Lu|Protect\n|move|p1b: Trouble|Headlong Rush|p2a: Ting-Lu\n|-activate|p2a: Ting-Lu|move: Protect\n|move|p1a: Dragonite|Tera Blast|p2a: Ting-Lu\n|-activate|p2a: Ting-Lu|move: Protect\n|\n|-heal|p2a: Ting-Lu|50\/100|[from] item: Leftovers\n|upkeep\n|turn|11\n|c|\u2606Yuhunglo|Gg\n|\n|t:|1683232489\n|move|p2a: Ting-Lu|Protect||[still]\n|-fail|p2a: Ting-Lu\n|move|p1b: Trouble|Headlong Rush|p2a: Ting-Lu\n|-supereffective|p2a: Ting-Lu\n|-damage|p2a: Ting-Lu|0 fnt\n|-unboost|p1b: Trouble|def|1\n|-unboost|p1b: Trouble|spd|1\n|faint|p2a: Ting-Lu\n|\n|win|Yuhunglo\n|raw|Yuhunglo's rating: 1369 → 1387<\/strong> (+18 for winning)\n|raw|TviTornado132's rating: 1339 → 1321<\/strong> (-18 for losing)\n|l|\u2606TviTornado132\n","uploadtime":1683232508,"views":8,"p1id":"yuhunglo","p2id":"tvitornado132","formatid":"gen9vgc2023regulationc","rating":1321,"private":0,"password":""}