{"id":"gen9vgc2023regulationc-1857969007","p1":"fairynanbawan","p2":"ZoeEEman","format":"[Gen 9] VGC 2023 Regulation C","log":"|j|\u2606fairynanbawan\n|j|\u2606ZoeEEman\n|t:|1683253774\n|gametype|doubles\n|player|p1|fairynanbawan|skierf|1477\n|player|p2|ZoeEEman|linebacker|1592\n|teamsize|p1|6\n|teamsize|p2|6\n|gen|9\n|tier|[Gen 9] VGC 2023 Regulation C\n|rated|\n|rule|Species Clause: Limit one of each Pok\u00e9mon\n|rule|Item Clause: Limit one of each item\n|clearpoke\n|poke|p1|Tinkaton, L50, F|\n|poke|p1|Grimmsnarl, L50, M|\n|poke|p1|Azumarill, L50, F|\n|poke|p1|Flutter Mane, L50|\n|poke|p1|Iron Valiant, L50|\n|poke|p1|Mimikyu, L50, F|\n|poke|p2|Chi-Yu, L50|\n|poke|p2|Flutter Mane, L50|\n|poke|p2|Corviknight, L50, F|\n|poke|p2|Azumarill, L50, M|\n|poke|p2|Amoonguss, L50, F|\n|poke|p2|Iron Hands, L50|\n|teampreview|4\n|inactive|Battle timer is ON: inactive players will automatically lose when time's up. (requested by ZoeEEman)\nZoeEEman has agreed to open team sheets.\n|inactive|fairynanbawan has 60 seconds left.\n|inactive|ZoeEEman has 60 seconds left.\n|\n|t:|1683253809\n|start\n|switch|p1a: Luna|Flutter Mane, L50|100\/100\n|switch|p1b: Celestia|Iron Valiant, L50|100\/100\n|switch|p2a: Corviknight|Corviknight, L50, F|100\/100\n|switch|p2b: Iron Hands|Iron Hands, L50|100\/100\n|-enditem|p1b: Celestia|Booster Energy\n|-activate|p1b: Celestia|ability: Quark Drive|[fromitem]\n|-start|p1b: Celestia|quarkdrivespe\n|turn|1\n|\n|t:|1683253831\n|-terastallize|p1a: Luna|Fire\n|-terastallize|p2b: Iron Hands|Grass\n|move|p1b: Celestia|Protect|p1b: Celestia\n|-singleturn|p1b: Celestia|Protect\n|move|p2b: Iron Hands|Fake Out|p1b: Celestia\n|-activate|p1b: Celestia|move: Protect\n|move|p1a: Luna|Mystical Fire|p2a: Corviknight\n|-supereffective|p2a: Corviknight\n|-damage|p2a: Corviknight|0 fnt\n|faint|p2a: Corviknight\n|\n|upkeep\n|\n|t:|1683253845\n|switch|p2a: Flutter Mane|Flutter Mane, L50|100\/100\n|turn|2\n|\n|t:|1683253858\n|-end|p1b: Celestia|Quark Drive|[silent]\n|switch|p1b: Angel|Azumarill, L50, F|100\/100\n|move|p2a: Flutter Mane|Shadow Ball|p1b: Angel\n|-damage|p1b: Angel|57\/100\n|move|p1a: Luna|Mystical Fire|p2b: Iron Hands\n|-supereffective|p2b: Iron Hands\n|-damage|p2b: Iron Hands|5\/100\n|move|p2b: Iron Hands|Drain Punch|p1a: Luna\n|-damage|p1a: Luna|22\/100\n|-heal|p2b: Iron Hands|28\/100|[from] drain|[of] p1a: Luna\n|\n|upkeep\n|turn|3\n|\n|t:|1683253878\n|-end|p2b: Iron Hands|Quark Drive|[silent]\n|switch|p2b: Amoonguss|Amoonguss, L50, F|100\/100\n|move|p2a: Flutter Mane|Shadow Ball|p1a: Luna\n|-damage|p1a: Luna|0 fnt\n|faint|p1a: Luna\n|-end|p1a: Luna|Protosynthesis|[silent]\n|move|p1b: Angel|Ice Spinner|p2b: Amoonguss\n|-supereffective|p2b: Amoonguss\n|-damage|p2b: Amoonguss|47\/100\n|-damage|p1b: Angel|41\/100|[from] item: Rocky Helmet|[of] p2b: Amoonguss\n|-enditem|p1b: Angel|Sitrus Berry|[eat]\n|-heal|p1b: Angel|65\/100|[from] item: Sitrus Berry\n|\n|upkeep\n|\n|t:|1683253884\n|switch|p1a: Celestia|Iron Valiant, L50|100\/100\n|turn|4\n|\n|t:|1683253899\n|move|p1a: Celestia|Protect|p1a: Celestia\n|-singleturn|p1a: Celestia|Protect\n|move|p2b: Amoonguss|Rage Powder|p2b: Amoonguss\n|-singleturn|p2b: Amoonguss|move: Rage Powder\n|move|p2a: Flutter Mane|Dazzling Gleam|p1b: Angel|[spread] p1b\n|-activate|p1a: Celestia|move: Protect\n|-damage|p1b: Angel|32\/100\n|move|p1b: Angel|Ice Spinner|p2b: Amoonguss\n|-supereffective|p2b: Amoonguss\n|-damage|p2b: Amoonguss|0 fnt\n|-damage|p1b: Angel|15\/100|[from] item: Rocky Helmet|[of] p2b: Amoonguss\n|faint|p2b: Amoonguss\n|\n|upkeep\n|\n|t:|1683253901\n|switch|p2b: Iron Hands|Iron Hands, L50, tera:Grass|28\/100\n|turn|5\n|\n|t:|1683253925\n|move|p1b: Angel|Protect|p1b: Angel\n|-singleturn|p1b: Angel|Protect\n|move|p1a: Celestia|Wide Guard|p1a: Celestia\n|-singleturn|p1a: Celestia|Wide Guard\n|move|p2b: Iron Hands|Fake Out|p1a: Celestia\n|-damage|p1a: Celestia|78\/100\n|move|p2a: Flutter Mane|Dazzling Gleam|p1a: Celestia|[spread] \n|-activate|p1a: Celestia|move: Wide Guard\n|-activate|p1b: Angel|move: Wide Guard\n|\n|upkeep\n|turn|6\n|\n|t:|1683253939\n|move|p1a: Celestia|Wide Guard|p1a: Celestia\n|-singleturn|p1a: Celestia|Wide Guard\n|move|p2a: Flutter Mane|Dazzling Gleam|p1b: Angel|[spread] \n|-activate|p1a: Celestia|move: Wide Guard\n|-activate|p1b: Angel|move: Wide Guard\n|move|p2b: Iron Hands|Swords Dance|p2b: Iron Hands\n|-boost|p2b: Iron Hands|atk|2\n|move|p1b: Angel|Ice Spinner|p2b: Iron Hands\n|-supereffective|p2b: Iron Hands\n|-damage|p2b: Iron Hands|0 fnt\n|faint|p2b: Iron Hands\n|-end|p2b: Iron Hands|Quark Drive|[silent]\n|\n|upkeep\n|turn|7\n|\n|t:|1683253947\n|move|p1a: Celestia|Wide Guard|p1a: Celestia\n|-singleturn|p1a: Celestia|Wide Guard\n|move|p2a: Flutter Mane|Dazzling Gleam|p1a: Celestia|[spread] \n|-activate|p1a: Celestia|move: Wide Guard\n|-activate|p1b: Angel|move: Wide Guard\n|move|p1b: Angel|Liquidation|p2a: Flutter Mane\n|-enditem|p2a: Flutter Mane|Focus Sash\n|-damage|p2a: Flutter Mane|1\/100\n|\n|upkeep\n|turn|8\n|\n|t:|1683253958\n|move|p1a: Celestia|Wide Guard|p1a: Celestia\n|-singleturn|p1a: Celestia|Wide Guard\n|move|p2a: Flutter Mane|Dazzling Gleam|p1a: Celestia|[spread] \n|-activate|p1a: Celestia|move: Wide Guard\n|-activate|p1b: Angel|move: Wide Guard\n|move|p1b: Angel|Liquidation|p2a: Flutter Mane\n|-damage|p2a: Flutter Mane|0 fnt\n|faint|p2a: Flutter Mane\n|-end|p2a: Flutter Mane|Protosynthesis|[silent]\n|\n|win|fairynanbawan\n|raw|fairynanbawan's rating: 1477 → 1503<\/strong> (+26 for winning)\n|raw|ZoeEEman's rating: 1592 → 1566<\/strong> (-26 for losing)\n|l|\u2606ZoeEEman\n","uploadtime":1683254031,"views":14,"p1id":"fairynanbawan","p2id":"zoeeeman","formatid":"gen9vgc2023regulationc","rating":1503,"private":0,"password":""}