{"id":"gen9vgc2023regulationc-1863109388","p1":"Becornix","p2":"Iddio020","format":"[Gen 9] VGC 2023 Regulation C","log":"|j|\u2606Becornix\n|j|\u2606Iddio020\n|t:|1683971899\n|gametype|doubles\n|player|p1|Becornix|101|1283\n|player|p2|Iddio020|169|1272\n|teamsize|p1|6\n|teamsize|p2|6\n|gen|9\n|tier|[Gen 9] VGC 2023 Regulation C\n|rated|\n|rule|Species Clause: Limit one of each Pok\u00e9mon\n|rule|Item Clause: Limit one of each item\n|clearpoke\n|poke|p1|Scizor, L50, M|\n|poke|p1|Flutter Mane, L50|\n|poke|p1|Iron Bundle, L50|\n|poke|p1|Chi-Yu, L50|\n|poke|p1|Iron Hands, L50|\n|poke|p1|Abomasnow, L50, M|\n|poke|p2|Hawlucha, L50, M|\n|poke|p2|Indeedee-F, L50, F|\n|poke|p2|Armarouge, L50, M|\n|poke|p2|Palafin, L50, F|\n|poke|p2|Sandy Shocks, L50|\n|poke|p2|Chien-Pao, L50|\n|teampreview|4\n|inactive|Battle timer is ON: inactive players will automatically lose when time's up. (requested by Iddio020)\n|j| tycocs\n|\n|t:|1683971929\n|start\n|switch|p1a: Abomasnow|Abomasnow, L50, M|100\/100\n|switch|p1b: Iron Bundle|Iron Bundle, L50|100\/100\n|switch|p2a: Isabelle|Indeedee-F, L50, F|100\/100\n|switch|p2b: Mega Man|Armarouge, L50, M|100\/100\n|-fieldstart|move: Psychic Terrain|[from] ability: Psychic Surge|[of] p2a: Isabelle\n|-weather|Snow|[from] ability: Snow Warning|[of] p1a: Abomasnow\n|-enditem|p1b: Iron Bundle|Booster Energy\n|-activate|p1b: Iron Bundle|ability: Quark Drive|[fromitem]\n|-start|p1b: Iron Bundle|quarkdrivespe\n|turn|1\n|l| tycocs\n|\n|t:|1683971947\n|move|p2a: Isabelle|Follow Me|p2a: Isabelle\n|-singleturn|p2a: Isabelle|move: Follow Me\n|move|p1b: Iron Bundle|Aurora Veil|p1b: Iron Bundle\n|-sidestart|p1: Becornix|move: Aurora Veil\n|move|p2b: Mega Man|Armor Cannon|p1a: Abomasnow\n|-supereffective|p1a: Abomasnow\n|-damage|p1a: Abomasnow|0 fnt\n|-unboost|p2b: Mega Man|def|1\n|-unboost|p2b: Mega Man|spd|1\n|faint|p1a: Abomasnow\n|-damage|p2b: Mega Man|91\/100|[from] item: Life Orb\n|\n|-weather|Snow|[upkeep]\n|upkeep\n|\n|t:|1683971959\n|switch|p1a: Chi-Yu|Chi-Yu, L50|100\/100\n|-ability|p1a: Chi-Yu|Beads of Ruin\n|turn|2\n|\n|t:|1683971978\n|move|p2a: Isabelle|Protect|p2a: Isabelle\n|-singleturn|p2a: Isabelle|Protect\n|move|p1b: Iron Bundle|Blizzard|p2a: Isabelle|[spread] p2b\n|-activate|p2a: Isabelle|move: Protect\n|-resisted|p2b: Mega Man\n|-damage|p2b: Mega Man|44\/100\n|move|p1a: Chi-Yu|Dark Pulse|p2b: Mega Man\n|-supereffective|p2b: Mega Man\n|-damage|p2b: Mega Man|0 fnt\n|faint|p2b: Mega Man\n|\n|-weather|Snow|[upkeep]\n|upkeep\n|\n|t:|1683971993\n|switch|p2b: R.O.B.|Sandy Shocks, L50, shiny|100\/100\n|-enditem|p2b: R.O.B.|Booster Energy\n|-activate|p2b: R.O.B.|ability: Protosynthesis|[fromitem]\n|-start|p2b: R.O.B.|protosynthesisspe\n|turn|3\n|inactive|Becornix has 30 seconds left.\n|\n|t:|1683972020\n|-terastallize|p2a: Isabelle|Fairy\n|move|p2a: Isabelle|Follow Me|p2a: Isabelle\n|-singleturn|p2a: Isabelle|move: Follow Me\n|move|p1b: Iron Bundle|Blizzard|p2a: Isabelle|[spread] p2a,p2b\n|-supereffective|p2b: R.O.B.\n|-damage|p2a: Isabelle|50\/100\n|-damage|p2b: R.O.B.|0 fnt\n|faint|p2b: R.O.B.\n|-end|p2b: R.O.B.|Protosynthesis|[silent]\n|move|p1a: Chi-Yu|Dark Pulse|p2a: Isabelle\n|-resisted|p2a: Isabelle\n|-damage|p2a: Isabelle|21\/100\n|\n|-weather|Snow|[upkeep]\n|upkeep\n|\n|t:|1683972028\n|switch|p2b: Marth|Chien-Pao, L50|100\/100\n|-ability|p2b: Marth|Sword of Ruin\n|turn|4\n|\n|t:|1683972052\n|move|p2a: Isabelle|Follow Me|p2a: Isabelle\n|-singleturn|p2a: Isabelle|move: Follow Me\n|move|p1b: Iron Bundle|Hydro Pump|p2a: Isabelle\n|-damage|p2a: Isabelle|0 fnt\n|faint|p2a: Isabelle\n|move|p1a: Chi-Yu|Dark Pulse|p2b: Marth\n|-resisted|p2b: Marth\n|-damage|p2b: Marth|58\/100\n|move|p2b: Marth|Throat Chop|p1b: Iron Bundle\n|-damage|p1b: Iron Bundle|72\/100\n|-start|p1b: Iron Bundle|Throat Chop|[silent]\n|\n|-weather|Snow|[upkeep]\n|upkeep\n|turn|5\n|\n|t:|1683972077\n|move|p1b: Iron Bundle|Hydro Pump|p2b: Marth\n|-damage|p2b: Marth|0 fnt\n|faint|p2b: Marth\n|\n|win|Becornix\n|raw|Becornix's rating: 1283 → 1307<\/strong> (+24 for winning)\n|raw|Iddio020's rating: 1272 → 1248<\/strong> (-24 for losing)\n|l|\u2606Iddio020\n","uploadtime":1683972089,"views":16,"p1id":"becornix","p2id":"iddio020","formatid":"gen9vgc2023regulationc","rating":1248,"private":0,"password":""}