{"id":"gen9vgc2023regulationc-1851681161","p1":"MLGmushroom","p2":"Dmuerto","format":"[Gen 9] VGC 2023 Regulation C","log":"|j|\u2606MLGmushroom\n|j|\u2606Dmuerto\n|t:|1682469244\n|gametype|doubles\n|player|p1|MLGmushroom|blue|1192\n|player|p2|Dmuerto|1|1242\n|teamsize|p1|6\n|teamsize|p2|6\n|gen|9\n|tier|[Gen 9] VGC 2023 Regulation C\n|rated|\n|rule|Species Clause: Limit one of each Pok\u00e9mon\n|rule|Item Clause: Limit one of each item\n|clearpoke\n|poke|p1|Chien-Pao, L50|\n|poke|p1|Roaring Moon, L50|\n|poke|p1|Flutter Mane, L50|\n|poke|p1|Amoonguss, L50, M|\n|poke|p1|Gyarados, L50, F|\n|poke|p1|Scizor, L50, M|\n|poke|p2|Dragonite, L50, F|\n|poke|p2|Garchomp, L50, M|\n|poke|p2|Gyarados, L50, F|\n|poke|p2|Arcanine, L50, F|\n|poke|p2|Gastrodon-East, L50, F|\n|poke|p2|Scizor, L50, F|\n|teampreview|4\n|\n|t:|1682469304\n|start\n|switch|p1a: Scizor|Scizor, L50, M|100\/100\n|switch|p1b: Chien-Pao|Chien-Pao, L50|100\/100\n|switch|p2a: Dragonite|Dragonite, L50, F|100\/100\n|switch|p2b: Scizor|Scizor, L50, F|100\/100\n|-ability|p1b: Chien-Pao|Sword of Ruin\n|turn|1\n|\n|t:|1682469331\n|move|p2b: Scizor|Protect|p2b: Scizor\n|-singleturn|p2b: Scizor|Protect\n|move|p1b: Chien-Pao|Ice Spinner|p2a: Dragonite\n|-supereffective|p2a: Dragonite\n|-damage|p2a: Dragonite|0 fnt\n|faint|p2a: Dragonite\n|move|p1a: Scizor|U-turn|p2b: Scizor\n|-activate|p2b: Scizor|move: Protect\n|\n|upkeep\n|\n|t:|1682469340\n|switch|p2a: Arcanine|Arcanine, L50, F|100\/100\n|-ability|p2a: Arcanine|Intimidate|boost\n|-fail|p1a: Scizor|unboost|[from] item: Clear Amulet|[of] p1a: Scizor\n|-unboost|p1b: Chien-Pao|atk|1\n|turn|2\n|\n|t:|1682469351\n|-terastallize|p1a: Scizor|Fire\n|move|p1b: Chien-Pao|Protect|p1b: Chien-Pao\n|-singleturn|p1b: Chien-Pao|Protect\n|move|p2a: Arcanine|Fire Blast|p1b: Chien-Pao\n|-activate|p1b: Chien-Pao|move: Protect\n|move|p2b: Scizor|Close Combat|p1a: Scizor\n|-damage|p1a: Scizor|20\/100\n|-unboost|p2b: Scizor|def|1\n|-unboost|p2b: Scizor|spd|1\n|-damage|p2b: Scizor|91\/100|[from] item: Life Orb\n|move|p1a: Scizor|Close Combat|p2a: Arcanine\n|-damage|p2a: Arcanine|33\/100\n|-unboost|p1a: Scizor|def|1\n|-unboost|p1a: Scizor|spd|1\n|\n|upkeep\n|turn|3\n|\n|t:|1682469376\n|switch|p1a: Flutter Mane|Flutter Mane, L50|100\/100\n|move|p2a: Arcanine|Extreme Speed|p1a: Flutter Mane\n|-immune|p1a: Flutter Mane\n|move|p1b: Chien-Pao|Sucker Punch|p2b: Scizor\n|-damage|p2b: Scizor|37\/100\n|move|p2b: Scizor|Bullet Punch|p1b: Chien-Pao\n|-supereffective|p1b: Chien-Pao\n|-enditem|p1b: Chien-Pao|Focus Sash\n|-damage|p1b: Chien-Pao|1\/100\n|-damage|p2b: Scizor|27\/100|[from] item: Life Orb\n|\n|upkeep\n|turn|4\n|\n|t:|1682469392\n|move|p1b: Chien-Pao|Protect|p1b: Chien-Pao\n|-singleturn|p1b: Chien-Pao|Protect\n|move|p2a: Arcanine|Extreme Speed|p1b: Chien-Pao\n|-activate|p1b: Chien-Pao|move: Protect\n|move|p2b: Scizor|Bullet Punch|p1a: Flutter Mane\n|-supereffective|p1a: Flutter Mane\n|-damage|p1a: Flutter Mane|0 fnt\n|faint|p1a: Flutter Mane\n|-end|p1a: Flutter Mane|Protosynthesis|[silent]\n|-damage|p2b: Scizor|17\/100|[from] item: Life Orb\n|\n|upkeep\n|\n|t:|1682469402\n|switch|p1a: Roaring Moon|Roaring Moon, L50|100\/100\n|-enditem|p1a: Roaring Moon|Booster Energy\n|-activate|p1a: Roaring Moon|ability: Protosynthesis|[fromitem]\n|-start|p1a: Roaring Moon|protosynthesisatk\n|turn|5\n|\n|t:|1682469415\n|switch|p1b: Scizor|Scizor, L50, M, tera:Fire|20\/100\n|move|p2a: Arcanine|Extreme Speed|p1b: Scizor\n|-damage|p1b: Scizor|0 fnt\n|faint|p1b: Scizor\n|move|p2b: Scizor|Bullet Punch|p1a: Roaring Moon\n|-damage|p1a: Roaring Moon|58\/100\n|-damage|p2b: Scizor|8\/100|[from] item: Life Orb\n|move|p1a: Roaring Moon|Breaking Swipe|p2a: Arcanine|[spread] p2a,p2b\n|-resisted|p2b: Scizor\n|-damage|p2a: Arcanine|0 fnt\n|-damage|p2b: Scizor|0 fnt\n|faint|p2a: Arcanine\n|faint|p2b: Scizor\n|\n|upkeep\n|\n|t:|1682469431\n|switch|p2a: Gastrodon|Gastrodon-East, L50, F|100\/100\n|switch|p1b: Chien-Pao|Chien-Pao, L50|1\/100\n|-ability|p1b: Chien-Pao|Sword of Ruin\n|turn|6\n|\n|t:|1682469446\n|-terastallize|p2a: Gastrodon|Fire\n|move|p1b: Chien-Pao|Ice Spinner|p2a: Gastrodon\n|-resisted|p2a: Gastrodon\n|-crit|p2a: Gastrodon\n|-damage|p2a: Gastrodon|64\/100\n|move|p1a: Roaring Moon|Acrobatics|p2a: Gastrodon\n|-damage|p2a: Gastrodon|6\/100\n|move|p2a: Gastrodon|Muddy Water|p1a: Roaring Moon|[spread] p1a,p1b\n|-resisted|p1a: Roaring Moon\n|-damage|p1a: Roaring Moon|49\/100\n|-damage|p1b: Chien-Pao|0 fnt\n|faint|p1b: Chien-Pao\n|\n|-heal|p2a: Gastrodon|12\/100|[from] item: Leftovers\n|upkeep\n|turn|7\n|\n|t:|1682469460\n|move|p2a: Gastrodon|Protect|p2a: Gastrodon\n|-singleturn|p2a: Gastrodon|Protect\n|move|p1a: Roaring Moon|Acrobatics|p2a: Gastrodon\n|-activate|p2a: Gastrodon|move: Protect\n|\n|-heal|p2a: Gastrodon|18\/100|[from] item: Leftovers\n|upkeep\n|turn|8\n|\n|t:|1682469469\n|move|p1a: Roaring Moon|Acrobatics|p2a: Gastrodon\n|-damage|p2a: Gastrodon|0 fnt\n|faint|p2a: Gastrodon\n|\n|win|MLGmushroom\n|raw|MLGmushroom's rating: 1192 → 1221<\/strong> (+29 for winning)\n|raw|Dmuerto's rating: 1242 → 1213<\/strong> (-29 for losing)\n|l|\u2606Dmuerto\n","uploadtime":1682469478,"views":16,"p1id":"mlgmushroom","p2id":"dmuerto","formatid":"gen9vgc2023regulationc","rating":1213,"private":0,"password":""}