{"id":"gen9vgc2023regulationc-1848196518","p1":"Dynasty1994","p2":"QueenElizabethVGC","format":"[Gen 9] VGC 2023 Regulation C","log":"|j|\u2606Dynasty1994\n|j|\u2606QueenElizabethVGC\n|t:|1682041185\n|gametype|doubles\n|player|p1|Dynasty1994|blackbelt-gen4dp|1154\n|player|p2|QueenElizabethVGC|101|1071\n|teamsize|p1|6\n|teamsize|p2|6\n|gen|9\n|tier|[Gen 9] VGC 2023 Regulation C\n|rated|\n|rule|Species Clause: Limit one of each Pok\u00e9mon\n|rule|Item Clause: Limit one of each item\n|clearpoke\n|poke|p1|Palafin, L50, F|\n|poke|p1|Amoonguss, L50, M|\n|poke|p1|Arcanine, L50, M|\n|poke|p1|Baxcalibur, L50, M|\n|poke|p1|Ting-Lu, L50|\n|poke|p1|Flutter Mane, L50|\n|poke|p2|Naclstack, L50, F|\n|poke|p2|Arcanine, L50, F|\n|poke|p2|Dragonite, L50, M|\n|poke|p2|Flutter Mane, L50|\n|poke|p2|Amoonguss, L50, F|\n|poke|p2|Chien-Pao, L50|\n|teampreview|4\nQueenElizabethVGC has agreed to open team sheets.\n|\n|t:|1682041234\n|start\n|switch|p1a: Arcanine|Arcanine, L50, M, shiny|100\/100\n|switch|p1b: Baxcalibur|Baxcalibur, L50, M, shiny|100\/100\n|switch|p2a: peppino|Dragonite, L50, M, shiny|100\/100\n|switch|p2b: Imposter|Amoonguss, L50, F, shiny|100\/100\n|-ability|p1a: Arcanine|Intimidate|boost\n|-fail|p2a: peppino|unboost|[from] item: Clear Amulet|[of] p2a: peppino\n|-unboost|p2b: Imposter|atk|1\n|turn|1\n|\n|t:|1682041267\n|switch|p1b: Amoonguss|Amoonguss, L50, M, shiny|100\/100\n|move|p2a: peppino|Protect|p2a: peppino\n|-singleturn|p2a: peppino|Protect\n|move|p1a: Arcanine|Will-O-Wisp|p2a: peppino\n|-activate|p2a: peppino|move: Protect\n|move|p2b: Imposter|Spore|p1b: Amoonguss\n|-immune|p1b: Amoonguss\n|\n|upkeep\n|turn|2\n|\n|t:|1682041297\n|switch|p2a: Terracotta|Naclstack, L50, F, shiny|100\/100\n|move|p1b: Amoonguss|Protect|p1b: Amoonguss\n|-singleturn|p1b: Amoonguss|Protect\n|move|p2b: Imposter|Rage Powder|p2b: Imposter\n|-singleturn|p2b: Imposter|move: Rage Powder\n|move|p1a: Arcanine|Will-O-Wisp|p2a: Terracotta\n|-immune|p2a: Terracotta|[from] ability: Purifying Salt\n|\n|upkeep\n|turn|3\n|\n|t:|1682041319\n|move|p2b: Imposter|Protect|p2b: Imposter\n|-singleturn|p2b: Imposter|Protect\n|move|p1a: Arcanine|Flare Blitz|p2b: Imposter\n|-activate|p2b: Imposter|move: Protect\n|move|p2a: Terracotta|Iron Defense|p2a: Terracotta\n|-boost|p2a: Terracotta|def|2\n|move|p1b: Amoonguss|Spore|p2a: Terracotta\n|-immune|p2a: Terracotta|[from] ability: Purifying Salt\n|\n|upkeep\n|turn|4\n|\n|t:|1682041336\n|switch|p1b: Baxcalibur|Baxcalibur, L50, M, shiny|100\/100\n|switch|p2b: peppino|Dragonite, L50, M, shiny|100\/100\n|move|p1a: Arcanine|Will-O-Wisp|p2b: peppino\n|-status|p2b: peppino|brn\n|move|p2a: Terracotta|Iron Defense|p2a: Terracotta\n|-boost|p2a: Terracotta|def|2\n|\n|-damage|p2b: peppino|94\/100 brn|[from] brn\n|upkeep\n|turn|5\n|\n|t:|1682041397\n|move|p2b: peppino|Protect|p2b: peppino\n|-singleturn|p2b: peppino|Protect\n|move|p1a: Arcanine|Flare Blitz|p2a: Terracotta\n|-resisted|p2a: Terracotta\n|-damage|p2a: Terracotta|94\/100\n|-damage|p1a: Arcanine|98\/100|[from] Recoil\n|move|p1b: Baxcalibur|Glaive Rush|p2b: peppino\n|-activate|p2b: peppino|move: Protect\n|move|p2a: Terracotta|Body Press|p1b: Baxcalibur\n|-supereffective|p1b: Baxcalibur\n|-damage|p1b: Baxcalibur|0 fnt\n|faint|p1b: Baxcalibur\n|\n|-damage|p2b: peppino|88\/100 brn|[from] brn\n|upkeep\n|\n|t:|1682041414\n|switch|p1b: Flutter Mane|Flutter Mane, L50, shiny|100\/100\n|-enditem|p1b: Flutter Mane|Booster Energy\n|-activate|p1b: Flutter Mane|ability: Protosynthesis|[fromitem]\n|-start|p1b: Flutter Mane|protosynthesisspa\n|turn|6\n|\n|t:|1682041432\n|switch|p2b: Imposter|Amoonguss, L50, F, shiny|100\/100\n|-terastallize|p1b: Flutter Mane|Fairy\n|move|p1a: Arcanine|Protect|p1a: Arcanine\n|-singleturn|p1a: Arcanine|Protect\n|move|p1b: Flutter Mane|Moonblast|p2a: Terracotta\n|-damage|p2a: Terracotta|24\/100\n|-unboost|p2a: Terracotta|spa|1\n|move|p2a: Terracotta|Salt Cure|p1b: Flutter Mane\n|-damage|p1b: Flutter Mane|82\/100\n|-start|p1b: Flutter Mane|Salt Cure\n|\n|-damage|p1b: Flutter Mane|70\/100|[from] Salt Cure\n|upkeep\n|turn|7\n|\n|t:|1682041453\n|-terastallize|p2b: Imposter|Water\n|move|p2a: Terracotta|Protect|p2a: Terracotta\n|-singleturn|p2a: Terracotta|Protect\n|move|p2b: Imposter|Rage Powder|p2b: Imposter\n|-singleturn|p2b: Imposter|move: Rage Powder\n|move|p1b: Flutter Mane|Shadow Ball|p2b: Imposter\n|-damage|p2b: Imposter|56\/100\n|move|p1a: Arcanine|Flare Blitz|p2b: Imposter\n|-resisted|p2b: Imposter\n|-damage|p2b: Imposter|32\/100\n|-enditem|p2b: Imposter|Sitrus Berry|[eat]\n|-heal|p2b: Imposter|57\/100|[from] item: Sitrus Berry\n|-damage|p1a: Arcanine|90\/100|[from] Recoil\n|\n|-damage|p1b: Flutter Mane|58\/100|[from] Salt Cure\n|upkeep\n|turn|8\n|\n|t:|1682041489\n|move|p1a: Arcanine|Extreme Speed|p2b: Imposter\n|-damage|p2b: Imposter|36\/100\n|move|p1b: Flutter Mane|Dazzling Gleam|p2a: Terracotta|[spread] p2a,p2b\n|-damage|p2a: Terracotta|0 fnt\n|-damage|p2b: Imposter|0 fnt\n|faint|p2a: Terracotta\n|faint|p2b: Imposter\n|\n|-damage|p1b: Flutter Mane|46\/100|[from] Salt Cure\n|upkeep\n|\n|t:|1682041495\n|switch|p2a: die :D|Flutter Mane, L50|100\/100\n|switch|p2b: peppino|Dragonite, L50, M, shiny|88\/100 brn\n|-enditem|p2a: die :D|Booster Energy\n|-activate|p2a: die :D|ability: Protosynthesis|[fromitem]\n|-start|p2a: die :D|protosynthesisspe\n|turn|9\n|\n|t:|1682041509\n|-end|p1b: Flutter Mane|Protosynthesis|[silent]\n|switch|p1b: Amoonguss|Amoonguss, L50, M, shiny|100\/100\n|move|p2a: die :D|Moonblast|p1b: Amoonguss\n|-resisted|p1b: Amoonguss\n|-damage|p1b: Amoonguss|78\/100\n|move|p2b: peppino|Dragon Claw|p1a: Arcanine\n|-damage|p1a: Arcanine|65\/100\n|move|p1a: Arcanine|Flare Blitz|p2a: die :D\n|-damage|p2a: die :D|0 fnt\n|faint|p2a: die :D\n|-end|p2a: die :D|Protosynthesis|[silent]\n|-damage|p1a: Arcanine|43\/100|[from] Recoil\n|\n|-damage|p2b: peppino|82\/100 brn|[from] brn\n|upkeep\n|turn|10\n|c|\u2606QueenElizabethVGC|vgc players if being fat as fuck was a job\n|c|\u2606Dynasty1994|GG\n|-message|QueenElizabethVGC forfeited.\n|\n|win|Dynasty1994\n|raw|Dynasty1994's rating: 1154 → 1173<\/strong> (+19 for winning)\n|raw|QueenElizabethVGC's rating: 1071 → 1055<\/strong> (-16 for losing)\n|l|\u2606QueenElizabethVGC\n|c|\u2606Dynasty1994|LOL\n","uploadtime":1682041521,"views":11,"p1id":"dynasty1994","p2id":"queenelizabethvgc","formatid":"gen9vgc2023regulationc","rating":1055,"private":0,"password":""}