{"id":"gen9vgc2023regulationc-1851041571","p1":"absolic22","p2":"snaelstorm","format":"[Gen 9] VGC 2023 Regulation C","log":"|j|\u2606absolic22\n|j|\u2606snaelstorm\n|t:|1682398547\n|gametype|doubles\n|player|p1|absolic22|barry|1269\n|player|p2|snaelstorm|dahlia|1331\n|teamsize|p1|6\n|teamsize|p2|6\n|gen|9\n|tier|[Gen 9] VGC 2023 Regulation C\n|rated|\n|rule|Species Clause: Limit one of each Pok\u00e9mon\n|rule|Item Clause: Limit one of each item\n|clearpoke\n|poke|p1|Scizor, L50, M|\n|poke|p1|Dragonite, L50, M|\n|poke|p1|Chien-Pao, L50|\n|poke|p1|Arcanine, L50, F|\n|poke|p1|Iron Bundle, L50|\n|poke|p1|Amoonguss, L50, M|\n|poke|p2|Wo-Chien, L50|\n|poke|p2|Glimmora, L50, F|\n|poke|p2|Gyarados, L50, F|\n|poke|p2|Flutter Mane, L50|\n|poke|p2|Ceruledge, L50, M|\n|poke|p2|Garganacl, L50, M|\n|teampreview|4\n|inactive|Battle timer is ON: inactive players will automatically lose when time's up. (requested by absolic22)\nsnaelstorm has agreed to open team sheets.\n|inactive|absolic22 has 60 seconds left.\n|inactive|snaelstorm has 60 seconds left.\n|\n|t:|1682398593\n|start\n|switch|p1a: Dragonite|Dragonite, L50, M|100\/100\n|switch|p1b: Arcanine|Arcanine, L50, F|100\/100\n|switch|p2a: Glimmora|Glimmora, L50, F|100\/100\n|switch|p2b: Wo-Chien|Wo-Chien, L50|100\/100\n|-ability|p1b: Arcanine|Intimidate|boost\n|-unboost|p2a: Glimmora|atk|1\n|-unboost|p2b: Wo-Chien|atk|1\n|-ability|p2b: Wo-Chien|Tablets of Ruin\n|turn|1\n|\n|t:|1682398616\n|switch|p2b: Gyarados|Gyarados, L50, F|100\/100\n|-ability|p2b: Gyarados|Intimidate|boost\n|-fail|p1a: Dragonite|unboost|Attack|[from] ability: Inner Focus|[of] p1a: Dragonite\n|-unboost|p1b: Arcanine|atk|1\n|move|p1b: Arcanine|Protect|p1b: Arcanine\n|-singleturn|p1b: Arcanine|Protect\n|move|p1a: Dragonite|Earthquake|p2b: Gyarados|[spread] p2a\n|-activate|p1b: Arcanine|move: Protect\n|-immune|p2b: Gyarados\n|-supereffective|p2a: Glimmora\n|-damage|p2a: Glimmora|0 fnt\n|faint|p2a: Glimmora\n|\n|upkeep\n|\n|t:|1682398637\n|switch|p2a: Wo-Chien|Wo-Chien, L50|100\/100\n|-ability|p2a: Wo-Chien|Tablets of Ruin\n|turn|2\n|\n|t:|1682398649\n|switch|p1a: Amoonguss|Amoonguss, L50, M|100\/100\n|-terastallize|p2a: Wo-Chien|Water\n|move|p1b: Arcanine|Flare Blitz|p2a: Wo-Chien\n|-resisted|p2a: Wo-Chien\n|-damage|p2a: Wo-Chien|92\/100\n|-status|p2a: Wo-Chien|brn\n|-damage|p1b: Arcanine|98\/100|[from] Recoil\n|move|p2b: Gyarados|Whirlpool|p1b: Arcanine|[miss]\n|-miss|p2b: Gyarados|p1b: Arcanine\n|move|p2a: Wo-Chien|Leech Seed|p1a: Amoonguss\n|-immune|p1a: Amoonguss\n|\n|-heal|p2a: Wo-Chien|98\/100 brn|[from] item: Leftovers\n|-damage|p2a: Wo-Chien|92\/100 brn|[from] brn\n|upkeep\n|turn|3\n|inactive|absolic22 has 30 seconds left.\n|inactive|absolic22 has 20 seconds left.\n|inactive|absolic22 has 15 seconds left.\n|inactive|absolic22 has 10 seconds left.\n|\n|t:|1682398698\n|switch|p1b: Iron Bundle|Iron Bundle, L50|100\/100\n|move|p2b: Gyarados|Taunt|p1a: Amoonguss\n|-start|p1a: Amoonguss|move: Taunt\n|move|p2a: Wo-Chien|Leech Seed|p1b: Iron Bundle\n|-start|p1b: Iron Bundle|move: Leech Seed\n|move|p1a: Amoonguss|Leaf Storm|p2a: Wo-Chien\n|-supereffective|p2a: Wo-Chien\n|-damage|p2a: Wo-Chien|42\/100 brn\n|-unboost|p1a: Amoonguss|spa|2\n|\n|-heal|p2a: Wo-Chien|48\/100 brn|[from] item: Leftovers\n|-damage|p1b: Iron Bundle|88\/100|[from] Leech Seed|[of] p2a: Wo-Chien\n|-heal|p2a: Wo-Chien|57\/100 brn|[silent]\n|-damage|p2a: Wo-Chien|50\/100 brn|[from] brn\n|upkeep\n|turn|4\n|inactive|absolic22 has 30 seconds left.\n|inactive|snaelstorm has 30 seconds left.\n|inactive|snaelstorm has 20 seconds left.\n|inactive|snaelstorm has 15 seconds left.\n|\n|t:|1682398738\n|switch|p2b: Garganacl|Garganacl, L50, M|100\/100\n|switch|p1a: Arcanine|Arcanine, L50, F|98\/100\n|-ability|p1a: Arcanine|Intimidate|boost\n|-unboost|p2a: Wo-Chien|atk|1\n|-unboost|p2b: Garganacl|atk|1\n|move|p1b: Iron Bundle|Freeze-Dry|p2b: Garganacl\n|-damage|p2b: Garganacl|72\/100\n|move|p2a: Wo-Chien|Ruination|p1b: Iron Bundle\n|-damage|p1b: Iron Bundle|45\/100\n|\n|-heal|p2a: Wo-Chien|57\/100 brn|[from] item: Leftovers\n|-damage|p1b: Iron Bundle|33\/100|[from] Leech Seed|[of] p2a: Wo-Chien\n|-heal|p2a: Wo-Chien|65\/100 brn|[silent]\n|-damage|p2a: Wo-Chien|59\/100 brn|[from] brn\n|upkeep\n|turn|5\n|inactive|absolic22 has 30 seconds left.\n|inactive|snaelstorm has 30 seconds left.\n|inactive|absolic22 has 20 seconds left.\n|inactive|absolic22 has 15 seconds left.\n|inactive|absolic22 has 10 seconds left.\n|\n|t:|1682398786\n|-end|p1b: Iron Bundle|Quark Drive|[silent]\n|switch|p1b: Amoonguss|Amoonguss, L50, M|100\/100\n|switch|p1a: Dragonite|Dragonite, L50, M|100\/100\n|switch|p2b: Gyarados|Gyarados, L50, F|100\/100\n|-ability|p2b: Gyarados|Intimidate|boost\n|-fail|p1a: Dragonite|unboost|Attack|[from] ability: Inner Focus|[of] p1a: Dragonite\n|-unboost|p1b: Amoonguss|atk|1\n|move|p2a: Wo-Chien|Leech Seed|p1a: Dragonite\n|-start|p1a: Dragonite|move: Leech Seed\n|\n|-heal|p2a: Wo-Chien|65\/100 brn|[from] item: Leftovers\n|-damage|p1a: Dragonite|88\/100|[from] Leech Seed|[of] p2a: Wo-Chien\n|-heal|p2a: Wo-Chien|75\/100 brn|[silent]\n|-damage|p2a: Wo-Chien|69\/100 brn|[from] brn\n|upkeep\n|turn|6\n|inactive|snaelstorm has 30 seconds left.\n|\n|t:|1682398817\n|-terastallize|p1a: Dragonite|Normal\n|move|p2a: Wo-Chien|Protect|p2a: Wo-Chien\n|-singleturn|p2a: Wo-Chien|Protect\n|move|p1a: Dragonite|Extreme Speed|p2b: Gyarados\n|-damage|p2b: Gyarados|52\/100\n|move|p2b: Gyarados|Whirlpool|p1b: Amoonguss\n|-resisted|p1b: Amoonguss\n|-damage|p1b: Amoonguss|97\/100\n|-activate|p1b: Amoonguss|move: Whirlpool|[of] p2b: Gyarados\n|move|p1b: Amoonguss|Leaf Storm|p2a: Wo-Chien\n|-activate|p2a: Wo-Chien|move: Protect\n|\n|-heal|p2a: Wo-Chien|75\/100 brn|[from] item: Leftovers\n|-damage|p1a: Dragonite|76\/100|[from] Leech Seed|[of] p2a: Wo-Chien\n|-heal|p2a: Wo-Chien|86\/100 brn|[silent]\n|-damage|p2a: Wo-Chien|80\/100 brn|[from] brn\n|-damage|p1b: Amoonguss|85\/100|[from] move: Whirlpool|[partiallytrapped]\n|upkeep\n|turn|7\n|\n|t:|1682398842\n|move|p1a: Dragonite|Extreme Speed|p2a: Wo-Chien\n|-damage|p2a: Wo-Chien|40\/100 brn\n|move|p2b: Gyarados|Taunt|p1b: Amoonguss\n|-start|p1b: Amoonguss|move: Taunt\n|move|p2a: Wo-Chien|Pollen Puff|p2b: Gyarados\n|-heal|p2b: Gyarados|100\/100\n|move|p1b: Amoonguss|Leaf Storm|p2a: Wo-Chien\n|-supereffective|p2a: Wo-Chien\n|-damage|p2a: Wo-Chien|0 fnt\n|-unboost|p1b: Amoonguss|spa|2\n|faint|p2a: Wo-Chien\n|\n|-damage|p1b: Amoonguss|72\/100|[from] move: Whirlpool|[partiallytrapped]\n|upkeep\n|\n|t:|1682398851\n|switch|p2a: Garganacl|Garganacl, L50, M|72\/100\n|turn|8\n|inactive|absolic22 has 30 seconds left.\n|inactive|snaelstorm has 30 seconds left.\n|\n|t:|1682398882\n|switch|p1a: Arcanine|Arcanine, L50, F|98\/100\n|-ability|p1a: Arcanine|Intimidate|boost\n|-unboost|p2a: Garganacl|atk|1\n|-unboost|p2b: Gyarados|atk|1\n|move|p2b: Gyarados|Whirlpool|p1a: Arcanine\n|-supereffective|p1a: Arcanine\n|-crit|p1a: Arcanine\n|-damage|p1a: Arcanine|82\/100\n|-activate|p1a: Arcanine|move: Whirlpool|[of] p2b: Gyarados\n|move|p2a: Garganacl|Salt Cure|p1a: Arcanine\n|-supereffective|p1a: Arcanine\n|-damage|p1a: Arcanine|62\/100\n|-start|p1a: Arcanine|Salt Cure\n|move|p1b: Amoonguss|Leaf Storm|p2a: Garganacl\n|-supereffective|p2a: Garganacl\n|-damage|p2a: Garganacl|42\/100\n|-unboost|p1b: Amoonguss|spa|2\n|\n|-damage|p1a: Arcanine|50\/100|[from] move: Whirlpool|[partiallytrapped]\n|-damage|p1a: Arcanine|38\/100|[from] Salt Cure\n|-damage|p1b: Amoonguss|60\/100|[from] move: Whirlpool|[partiallytrapped]\n|upkeep\n|-enditem|p1a: Arcanine|Sitrus Berry|[eat]\n|-heal|p1a: Arcanine|63\/100|[from] item: Sitrus Berry\n|turn|9\n|inactive|absolic22 has 30 seconds left.\n|inactive|snaelstorm has 30 seconds left.\n|inactive|absolic22 has 20 seconds left.\n|inactive|absolic22 has 15 seconds left.\n|\n|t:|1682398924\n|move|p1a: Arcanine|Extreme Speed|p2b: Gyarados\n|-damage|p2b: Gyarados|81\/100\n|move|p2b: Gyarados|Waterfall|p1a: Arcanine\n|-supereffective|p1a: Arcanine\n|-damage|p1a: Arcanine|17\/100\n|move|p2a: Garganacl|Recover|p2a: Garganacl\n|-heal|p2a: Garganacl|92\/100\n|move|p1b: Amoonguss|Pollen Puff|p1a: Arcanine\n|-heal|p1a: Arcanine|67\/100\n|\n|-damage|p1a: Arcanine|55\/100|[from] move: Whirlpool|[partiallytrapped]\n|-damage|p1a: Arcanine|43\/100|[from] Salt Cure\n|-damage|p1b: Amoonguss|48\/100|[from] move: Whirlpool|[partiallytrapped]\n|-end|p1b: Amoonguss|move: Taunt\n|upkeep\n|turn|10\n|inactive|absolic22 has 30 seconds left.\n|inactive|absolic22 has 20 seconds left.\n|inactive|absolic22 has 15 seconds left.\n|inactive|absolic22 has 10 seconds left.\n|inactive|absolic22 has 5 seconds left.\n|\n|t:|1682398978\n|move|p1a: Arcanine|Flare Blitz|p2b: Gyarados\n|-resisted|p2b: Gyarados\n|-damage|p2b: Gyarados|59\/100\n|-damage|p1a: Arcanine|35\/100|[from] Recoil\n|move|p2b: Gyarados|Waterfall|p1a: Arcanine\n|-supereffective|p1a: Arcanine\n|-damage|p1a: Arcanine|0 fnt\n|faint|p1a: Arcanine\n|move|p2a: Garganacl|Salt Cure|p1b: Amoonguss\n|-damage|p1b: Amoonguss|41\/100\n|-start|p1b: Amoonguss|Salt Cure\n|move|p1b: Amoonguss|Spore|p2b: Gyarados\n|-status|p2b: Gyarados|slp|[from] move: Spore\n|\n|-damage|p1b: Amoonguss|29\/100|[from] Salt Cure\n|-end|p1b: Amoonguss|Whirlpool|[partiallytrapped]\n|upkeep\n|\n|t:|1682398997\n|switch|p1a: Iron Bundle|Iron Bundle, L50|33\/100\n|turn|11\n|\n|t:|1682399016\n|switch|p1b: Dragonite|Dragonite, L50, M, tera:Normal|76\/100\n|cant|p2b: Gyarados|slp\n|move|p1a: Iron Bundle|Hydro Pump|p2a: Garganacl\n|-supereffective|p2a: Garganacl\n|-damage|p2a: Garganacl|14\/100\n|move|p2a: Garganacl|Salt Cure|p1a: Iron Bundle\n|-supereffective|p1a: Iron Bundle\n|-damage|p1a: Iron Bundle|8\/100\n|\n|upkeep\n|turn|12\n|inactive|absolic22 has 30 seconds left.\n|\n|t:|1682399050\n|move|p1a: Iron Bundle|Freeze-Dry|p2b: Gyarados\n|-supereffective|p2b: Gyarados\n|-damage|p2b: Gyarados|0 fnt\n|faint|p2b: Gyarados\n|move|p1b: Dragonite|Ice Spinner|p2a: Garganacl\n|-damage|p2a: Garganacl|0 fnt\n|faint|p2a: Garganacl\n|\n|win|absolic22\n|raw|absolic22's rating: 1269 → 1298<\/strong> (+29 for winning)\n|raw|snaelstorm's rating: 1331 → 1307<\/strong> (-24 for losing)\n","uploadtime":1682399053,"views":13,"p1id":"absolic22","p2id":"snaelstorm","formatid":"gen9vgc2023regulationc","rating":1298,"private":0,"password":""}