{"id":"gen9vgc2023regulationc-1856776912","p1":"Amesoeurs","p2":"Gholdjunge","format":"[Gen 9] VGC 2023 Regulation C","log":"|j|\u2606Amesoeurs\n|j|\u2606Gholdjunge\n|t:|1683109803\n|gametype|doubles\n|player|p1|Amesoeurs|265|1654\n|player|p2|Gholdjunge|youngster-gen2|1627\n|teamsize|p1|6\n|teamsize|p2|6\n|gen|9\n|tier|[Gen 9] VGC 2023 Regulation C\n|rated|\n|rule|Species Clause: Limit one of each Pok\u00e9mon\n|rule|Item Clause: Limit one of each item\n|clearpoke\n|poke|p1|Maushold-Four, L50|\n|poke|p1|Indeedee-F, L50, F|\n|poke|p1|Armarouge, L50, F|\n|poke|p1|Torkoal, L50, M|\n|poke|p1|Tyranitar, L50, M|\n|poke|p1|Lycanroc, L50, F|\n|poke|p2|Azumarill, L50, M|\n|poke|p2|Pelipper, L50, F|\n|poke|p2|Chien-Pao, L50|\n|poke|p2|Iron Hands, L50|\n|poke|p2|Flutter Mane, L50|\n|poke|p2|Amoonguss, L50, M|\n|teampreview|4\n|\n|t:|1683109838\n|start\n|switch|p1a: Tyranitar|Tyranitar, L50, M|100\/100\n|switch|p1b: Lycanroc|Lycanroc, L50, F|100\/100\n|switch|p2a: Iron Hands|Iron Hands, L50|100\/100\n|switch|p2b: Chien-Pao|Chien-Pao, L50|100\/100\n|-ability|p2b: Chien-Pao|Sword of Ruin\n|-weather|Sandstorm|[from] ability: Sand Stream|[of] p1a: Tyranitar\n|turn|1\n|\n|t:|1683109881\n|move|p1b: Lycanroc|Protect|p1b: Lycanroc\n|-singleturn|p1b: Lycanroc|Protect\n|move|p2b: Chien-Pao|Protect|p2b: Chien-Pao\n|-singleturn|p2b: Chien-Pao|Protect\n|move|p1a: Tyranitar|Rock Slide|p2a: Iron Hands|[spread] p2a\n|-activate|p2b: Chien-Pao|move: Protect\n|-resisted|p2a: Iron Hands\n|-damage|p2a: Iron Hands|87\/100\n|move|p2a: Iron Hands|Wild Charge|p1a: Tyranitar\n|-damage|p1a: Tyranitar|53\/100\n|-damage|p2a: Iron Hands|77\/100|[from] Recoil\n|\n|-weather|Sandstorm|[upkeep]\n|-damage|p2b: Chien-Pao|95\/100|[from] Sandstorm\n|upkeep\n|turn|2\n|j| qwe321654\n|\n|t:|1683109916\n|move|p2b: Chien-Pao|Sucker Punch|p1b: Lycanroc\n|-damage|p1b: Lycanroc|24\/100\n|move|p1b: Lycanroc|Rock Slide|p2a: Iron Hands|[spread] p2b\n|-miss|p1b: Lycanroc|p2a: Iron Hands\n|-supereffective|p2b: Chien-Pao\n|-damage|p2b: Chien-Pao|13\/100\n|move|p1a: Tyranitar|Rock Slide|p2a: Iron Hands|[spread] p2a,p2b\n|-resisted|p2a: Iron Hands\n|-supereffective|p2b: Chien-Pao\n|-damage|p2a: Iron Hands|62\/100\n|-damage|p2b: Chien-Pao|0 fnt\n|faint|p2b: Chien-Pao\n|cant|p2a: Iron Hands|flinch\n|\n|-weather|Sandstorm|[upkeep]\n|upkeep\n|\n|t:|1683109928\n|switch|p2b: Azumarill|Azumarill, L50, M|100\/100\n|turn|3\n|\n|t:|1683109956\n|switch|p1a: Indeedee|Indeedee-F, L50, F|100\/100\n|-fieldstart|move: Psychic Terrain|[from] ability: Psychic Surge|[of] p1a: Indeedee\n|move|p1b: Lycanroc|Endeavor|p2a: Iron Hands\n|-damage|p2a: Iron Hands|16\/100\n|move|p2b: Azumarill|Liquidation|p1a: Indeedee\n|-damage|p1a: Indeedee|47\/100\n|move|p2a: Iron Hands|Drain Punch|p1a: Indeedee\n|-damage|p1a: Indeedee|8\/100\n|-heal|p2a: Iron Hands|32\/100|[from] drain|[of] p1a: Indeedee\n|\n|-weather|Sandstorm|[upkeep]\n|-damage|p2b: Azumarill|95\/100|[from] Sandstorm\n|upkeep\n|turn|4\n|inactive|Battle timer is ON: inactive players will automatically lose when time's up. (requested by Amesoeurs)\n|\n|t:|1683110053\n|-end|p2a: Iron Hands|Quark Drive|[silent]\n|switch|p2a: Pelipper|Pelipper, L50, F|100\/100\n|-weather|RainDance|[from] ability: Drizzle|[of] p2a: Pelipper\n|move|p1a: Indeedee|Follow Me|p1a: Indeedee\n|-singleturn|p1a: Indeedee|move: Follow Me\n|move|p1b: Lycanroc|Close Combat|p2a: Pelipper\n|-resisted|p2a: Pelipper\n|-damage|p2a: Pelipper|79\/100\n|-unboost|p1b: Lycanroc|def|1\n|-unboost|p1b: Lycanroc|spd|1\n|move|p2b: Azumarill|Liquidation|p1a: Indeedee\n|-damage|p1a: Indeedee|0 fnt\n|faint|p1a: Indeedee\n|\n|-weather|RainDance|[upkeep]\n|upkeep\n|\n|t:|1683110066\n|switch|p1a: Tyranitar|Tyranitar, L50, M|53\/100\n|-weather|Sandstorm|[from] ability: Sand Stream|[of] p1a: Tyranitar\n|turn|5\n|inactive|Gholdjunge has 30 seconds left.\n|inactive|Gholdjunge has 20 seconds left.\n|inactive|Gholdjunge has 15 seconds left.\n|inactive|Gholdjunge has 10 seconds left.\n|\n|t:|1683110113\n|-terastallize|p1b: Lycanroc|Rock\n|move|p2a: Pelipper|Protect|p2a: Pelipper\n|-singleturn|p2a: Pelipper|Protect\n|move|p1b: Lycanroc|Rock Slide|p2a: Pelipper|[spread] p2b\n|-activate|p2a: Pelipper|move: Protect\n|-damage|p2b: Azumarill|51\/100\n|cant|p2b: Azumarill|flinch\n|move|p1a: Tyranitar|Rock Slide|p2a: Pelipper|[spread] \n|-activate|p2a: Pelipper|move: Protect\n|-miss|p1a: Tyranitar|p2b: Azumarill\n|\n|-weather|Sandstorm|[upkeep]\n|-damage|p2a: Pelipper|73\/100|[from] Sandstorm\n|-damage|p2b: Azumarill|45\/100|[from] Sandstorm\n|upkeep\n|turn|6\n|j| VGCGargamel\n|l| VGCGargamel\n|inactive|Gholdjunge has 30 seconds left.\n|\n|t:|1683110144\n|switch|p2b: Iron Hands|Iron Hands, L50|32\/100\n|-terastallize|p2a: Pelipper|Steel\n|move|p1b: Lycanroc|Rock Slide|p2a: Pelipper|[spread] p2a,p2b\n|-resisted|p2a: Pelipper\n|-resisted|p2b: Iron Hands\n|-damage|p2a: Pelipper|50\/100\n|-damage|p2b: Iron Hands|18\/100\n|-enditem|p2a: Pelipper|Sitrus Berry|[eat]\n|-heal|p2a: Pelipper|75\/100|[from] item: Sitrus Berry\n|move|p2a: Pelipper|Tailwind|p2a: Pelipper\n|-sidestart|p2: Gholdjunge|move: Tailwind\n|move|p1a: Tyranitar|Rock Slide|p2a: Pelipper|[spread] p2b\n|-miss|p1a: Tyranitar|p2a: Pelipper\n|-resisted|p2b: Iron Hands\n|-damage|p2b: Iron Hands|7\/100\n|\n|-weather|Sandstorm|[upkeep]\n|upkeep\n|turn|7\n|inactive|Amesoeurs has 30 seconds left.\n|inactive|Amesoeurs has 20 seconds left.\n|inactive|Amesoeurs has 15 seconds left.\n|inactive|Gholdjunge has 30 seconds left.\n|inactive|Amesoeurs has 10 seconds left.\n|inactive|Gholdjunge has 20 seconds left.\n|inactive|Gholdjunge has 15 seconds left.\n|inactive|Gholdjunge has 10 seconds left.\n|inactive|Gholdjunge has 5 seconds left.\n|\n|t:|1683110212\n|move|p1b: Lycanroc|Protect|p1b: Lycanroc\n|-singleturn|p1b: Lycanroc|Protect\n|move|p2a: Pelipper|Protect|p2a: Pelipper\n|-singleturn|p2a: Pelipper|Protect\n|move|p2b: Iron Hands|Drain Punch|p1a: Tyranitar\n|-supereffective|p1a: Tyranitar\n|-damage|p1a: Tyranitar|0 fnt\n|-heal|p2b: Iron Hands|30\/100|[from] drain|[of] p1a: Tyranitar\n|faint|p1a: Tyranitar\n|\n|-weather|Sandstorm|[upkeep]\n|-fieldend|move: Psychic Terrain\n|upkeep\n|\n|t:|1683110220\n|switch|p1a: Armarouge|Armarouge, L50, F|100\/100\n|turn|8\n|inactive|Gholdjunge has 30 seconds left.\n|inactive|Gholdjunge has 20 seconds left.\n|\n|t:|1683110255\n|move|p1b: Lycanroc|Close Combat|p2a: Pelipper\n|-supereffective|p2a: Pelipper\n|-damage|p2a: Pelipper|0 fnt\n|-unboost|p1b: Lycanroc|def|1\n|-unboost|p1b: Lycanroc|spd|1\n|faint|p2a: Pelipper\n|move|p2b: Iron Hands|Wild Charge|p1a: Armarouge\n|-damage|p1a: Armarouge|51\/100\n|-damage|p2b: Iron Hands|20\/100|[from] Recoil\n|move|p1a: Armarouge|Expanding Force|p2b: Iron Hands\n|-supereffective|p2b: Iron Hands\n|-damage|p2b: Iron Hands|0 fnt\n|faint|p2b: Iron Hands\n|-end|p2b: Iron Hands|Quark Drive|[silent]\n|-damage|p1a: Armarouge|41\/100|[from] item: Life Orb\n|\n|-weather|Sandstorm|[upkeep]\n|-damage|p1a: Armarouge|35\/100|[from] Sandstorm\n|upkeep\n|\n|t:|1683110267\n|switch|p2b: Azumarill|Azumarill, L50, M|45\/100\n|turn|9\n|l| qwe321654\n|j| qwe321654\n|l| qwe321654\n|inactive|Gholdjunge has 30 seconds left.\n|inactive|Gholdjunge has 20 seconds left.\n|inactive|Gholdjunge has 15 seconds left.\n|inactive|Gholdjunge has 10 seconds left.\n|inactive|Gholdjunge has 5 seconds left.\n|\n|t:|1683110322\n|move|p2b: Azumarill|Aqua Jet|p1a: Armarouge\n|-supereffective|p1a: Armarouge\n|-damage|p1a: Armarouge|0 fnt\n|faint|p1a: Armarouge\n|move|p1b: Lycanroc|Rock Slide|p2b: Azumarill\n|-damage|p2b: Azumarill|0 fnt\n|faint|p2b: Azumarill\n|\n|win|Amesoeurs\n|raw|Amesoeurs's rating: 1654 → 1672<\/strong> (+18 for winning)\n|raw|Gholdjunge's rating: 1627 → 1609<\/strong> (-18 for losing)\n|c|\u2606Gholdjunge|Yea the flinches cost me\n|l|\u2606Gholdjunge\n|l|\u2606Amesoeurs\n|j|\u2606Gholdjunge\n|player|p2|Gholdjunge|youngster-gen2\n","uploadtime":1683110351,"views":15,"p1id":"amesoeurs","p2id":"gholdjunge","formatid":"gen9vgc2023regulationc","rating":1609,"private":0,"password":""}