{"id":"gen9vgc2023regulationc-1858648188","p1":"TwigRL","p2":"Spirit tomb2207","format":"[Gen 9] VGC 2023 Regulation C","log":"|j|\u2606TwigRL\n|j|\u2606Spirit tomb2207\n|t:|1683337090\n|gametype|doubles\n|player|p1|TwigRL|102|1144\n|player|p2|Spirit tomb2207|cynthia-gen4|1067\n|teamsize|p1|6\n|teamsize|p2|6\n|gen|9\n|tier|[Gen 9] VGC 2023 Regulation C\n|rated|\n|rule|Species Clause: Limit one of each Pok\u00e9mon\n|rule|Item Clause: Limit one of each item\n|clearpoke\n|poke|p1|Dragonite, L50, F|\n|poke|p1|Sylveon, L50, M|\n|poke|p1|Ceruledge, L50, M|\n|poke|p1|Pachirisu, L50, M|\n|poke|p1|Talonflame, L50, F|\n|poke|p1|Altaria, L50, M|\n|poke|p2|Chi-Yu, L50|\n|poke|p2|Torkoal, L50, M|\n|poke|p2|Indeedee-F, L50, F|\n|poke|p2|Arboliva, L50, M|\n|poke|p2|Scream Tail, L50|\n|poke|p2|Iron Hands, L50|\n|teampreview|4\n|\n|t:|1683337144\n|start\n|switch|p1a: Talonflame|Talonflame, L50, F|100\/100\n|switch|p1b: Dragonite|Dragonite, L50, F|100\/100\n|switch|p2a: Indeedee|Indeedee-F, L50, F|100\/100\n|switch|p2b: Iron Hands|Iron Hands, L50|100\/100\n|-fieldstart|move: Psychic Terrain|[from] ability: Psychic Surge|[of] p2a: Indeedee\n|-enditem|p2a: Indeedee|Psychic Seed\n|-boost|p2a: Indeedee|spd|1|[from] item: Psychic Seed\n|turn|1\n|\n|t:|1683337181\n|move|p1a: Talonflame|Taunt|p2a: Indeedee\n|-start|p2a: Indeedee|move: Taunt\n|move|p2a: Indeedee|Psychic|p1a: Talonflame\n|-damage|p1a: Talonflame|43\/100\n|move|p1b: Dragonite|Waterfall|p2b: Iron Hands\n|-damage|p2b: Iron Hands|66\/100\n|move|p2b: Iron Hands|Wild Charge|p1a: Talonflame\n|-supereffective|p1a: Talonflame\n|-damage|p1a: Talonflame|0 fnt\n|faint|p1a: Talonflame\n|-damage|p2b: Iron Hands|58\/100|[from] Recoil\n|\n|upkeep\n|\n|t:|1683337197\n|switch|p1a: Sylveon|Sylveon, L50, M|100\/100\n|turn|2\n|\n|t:|1683337222\n|switch|p2a: Torkoal|Torkoal, L50, M|100\/100\n|-weather|SunnyDay|[from] ability: Drought|[of] p2a: Torkoal\n|-terastallize|p1b: Dragonite|Normal\n|move|p2b: Iron Hands|Protect|p2b: Iron Hands\n|-singleturn|p2b: Iron Hands|Protect\n|move|p1b: Dragonite|Waterfall|p2b: Iron Hands\n|-activate|p2b: Iron Hands|move: Protect\n|move|p1a: Sylveon|Hyper Voice|p2b: Iron Hands|[spread] p2a\n|-activate|p2b: Iron Hands|move: Protect\n|-resisted|p2a: Torkoal\n|-damage|p2a: Torkoal|77\/100\n|-enditem|p1a: Sylveon|Throat Spray\n|-boost|p1a: Sylveon|spa|1|[from] item: Throat Spray\n|\n|-weather|SunnyDay|[upkeep]\n|upkeep\n|turn|3\n|inactive|Battle timer is ON: inactive players will automatically lose when time's up. (requested by TwigRL)\n|\n|t:|1683337281\n|switch|p1b: Altaria|Altaria, L50, M|100\/100\n|-ability|p1b: Altaria|Cloud Nine\n|-terastallize|p2b: Iron Hands|Grass\n|move|p1a: Sylveon|Hyper Voice|p2b: Iron Hands|[spread] p2a,p2b\n|-resisted|p2a: Torkoal\n|-damage|p2a: Torkoal|41\/100\n|-damage|p2b: Iron Hands|13\/100\n|move|p2b: Iron Hands|Wild Charge|p1b: Altaria\n|-damage|p1b: Altaria|46\/100\n|-damage|p2b: Iron Hands|3\/100|[from] Recoil\n|move|p2a: Torkoal|Earth Power|p1b: Altaria\n|-immune|p1b: Altaria\n|\n|-weather|SunnyDay|[upkeep]\n|-heal|p1b: Altaria|52\/100|[from] item: Leftovers\n|upkeep\n|turn|4\n|inactive|TwigRL has 30 seconds left.\n|inactive|Spirit tomb2207 has 30 seconds left.\n|inactive|TwigRL has 20 seconds left.\n|inactive|TwigRL has 15 seconds left.\n|\n|t:|1683337324\n|move|p1a: Sylveon|Protect|p1a: Sylveon\n|-singleturn|p1a: Sylveon|Protect\n|move|p2b: Iron Hands|Protect|p2b: Iron Hands\n|-singleturn|p2b: Iron Hands|Protect\n|move|p2a: Torkoal|Protect|p2a: Torkoal\n|-singleturn|p2a: Torkoal|Protect\n|move|p1b: Altaria|Moonblast|p2b: Iron Hands\n|-activate|p2b: Iron Hands|move: Protect\n|\n|-weather|SunnyDay|[upkeep]\n|-heal|p1b: Altaria|58\/100|[from] item: Leftovers\n|upkeep\n|turn|5\n|\n|t:|1683337346\n|move|p1b: Altaria|Moonblast|p2b: Iron Hands\n|-damage|p2b: Iron Hands|0 fnt\n|faint|p2b: Iron Hands\n|-end|p2b: Iron Hands|Quark Drive|[silent]\n|move|p1a: Sylveon|Hyper Voice|p2a: Torkoal\n|-resisted|p2a: Torkoal\n|-damage|p2a: Torkoal|0 fnt\n|faint|p2a: Torkoal\n|\n|-weather|SunnyDay|[upkeep]\n|-heal|p1b: Altaria|64\/100|[from] item: Leftovers\n|-fieldend|move: Psychic Terrain\n|upkeep\n|\n|t:|1683337358\n|switch|p2b: Indeedee|Indeedee-F, L50, F|100\/100\n|switch|p2a: Chi-Yu|Chi-Yu, L50|100\/100\n|-ability|p2a: Chi-Yu|Beads of Ruin\n|-fieldstart|move: Psychic Terrain|[from] ability: Psychic Surge|[of] p2b: Indeedee\n|turn|6\n|inactive|Spirit tomb2207 has 30 seconds left.\n|\n|t:|1683337385\n|move|p2b: Indeedee|Follow Me|p2b: Indeedee\n|-singleturn|p2b: Indeedee|move: Follow Me\n|move|p2a: Chi-Yu|Snarl|p1a: Sylveon|[spread] p1a,p1b\n|-resisted|p1a: Sylveon\n|-damage|p1a: Sylveon|93\/100\n|-damage|p1b: Altaria|46\/100\n|-unboost|p1a: Sylveon|spa|1\n|-unboost|p1b: Altaria|spa|1\n|move|p1b: Altaria|Perish Song|p1b: Altaria\n|-start|p1a: Sylveon|perish3|[silent]\n|-start|p1b: Altaria|perish3|[silent]\n|-start|p2a: Chi-Yu|perish3|[silent]\n|-start|p2b: Indeedee|perish3|[silent]\n|-fieldactivate|move: Perish Song\n|move|p1a: Sylveon|Hyper Voice|p2b: Indeedee|[spread] p2a,p2b\n|-damage|p2a: Chi-Yu|58\/100\n|-damage|p2b: Indeedee|50\/100\n|\n|-weather|none\n|-heal|p1b: Altaria|52\/100|[from] item: Leftovers\n|-start|p2a: Chi-Yu|perish3\n|-start|p2b: Indeedee|perish3\n|-start|p1b: Altaria|perish3\n|-start|p1a: Sylveon|perish3\n|upkeep\n|turn|7\n|inactive|Spirit tomb2207 has 30 seconds left.\n|\n|t:|1683337410\n|move|p1b: Altaria|Protect|p1b: Altaria\n|-singleturn|p1b: Altaria|Protect\n|move|p1a: Sylveon|Protect|p1a: Sylveon\n|-singleturn|p1a: Sylveon|Protect\n|move|p2a: Chi-Yu|Nasty Plot|p2a: Chi-Yu\n|-boost|p2a: Chi-Yu|spa|2\n|move|p2b: Indeedee|Psychic|p1a: Sylveon\n|-activate|p1a: Sylveon|move: Protect\n|\n|-heal|p1b: Altaria|58\/100|[from] item: Leftovers\n|-start|p2a: Chi-Yu|perish2\n|-start|p2b: Indeedee|perish2\n|-start|p1b: Altaria|perish2\n|-start|p1a: Sylveon|perish2\n|upkeep\n|turn|8\n|\n|t:|1683337429\n|move|p2b: Indeedee|Helping Hand|p2a: Chi-Yu\n|-singleturn|p2a: Chi-Yu|Helping Hand|[of] p2b: Indeedee\n|move|p1a: Sylveon|Protect||[still]\n|-fail|p1a: Sylveon\n|move|p2a: Chi-Yu|Heat Wave|p1a: Sylveon|[spread] p1a,p1b\n|-resisted|p1b: Altaria\n|-damage|p1a: Sylveon|8\/100\n|-damage|p1b: Altaria|13\/100\n|move|p1b: Altaria|Haze|p1b: Altaria\n|-clearallboost\n|\n|-heal|p1b: Altaria|19\/100|[from] item: Leftovers\n|-start|p2a: Chi-Yu|perish1\n|-start|p2b: Indeedee|perish1\n|-start|p1b: Altaria|perish1\n|-start|p1a: Sylveon|perish1\n|upkeep\n|turn|9\n|\n|t:|1683337451\n|move|p1b: Altaria|Protect|p1b: Altaria\n|-singleturn|p1b: Altaria|Protect\n|move|p1a: Sylveon|Protect|p1a: Sylveon\n|-singleturn|p1a: Sylveon|Protect\n|move|p2a: Chi-Yu|Heat Wave|p1a: Sylveon|[spread] \n|-activate|p1a: Sylveon|move: Protect\n|-activate|p1b: Altaria|move: Protect\n|move|p2b: Indeedee|Psychic|p1a: Sylveon\n|-activate|p1a: Sylveon|move: Protect\n|\n|-heal|p1b: Altaria|25\/100|[from] item: Leftovers\n|-start|p2a: Chi-Yu|perish0\n|-start|p2b: Indeedee|perish0\n|-start|p1b: Altaria|perish0\n|-start|p1a: Sylveon|perish0\n|faint|p2a: Chi-Yu\n|faint|p2b: Indeedee\n|faint|p1b: Altaria\n|faint|p1a: Sylveon\n|\n|win|TwigRL\n|upkeep\n|raw|TwigRL's rating: 1144 → 1164<\/strong> (+20 for winning)\n|raw|Spirit tomb2207's rating: 1067 → 1051<\/strong> (-16 for losing)\n","uploadtime":1683337474,"views":15,"p1id":"twigrl","p2id":"spirittomb2207","formatid":"gen9vgc2023regulationc","rating":1051,"private":0,"password":""}