{"id":"gen9vgc2023regulationc-1849683492","p1":"filthy_sanchez","p2":"kirans","format":"[Gen 9] VGC 2023 Regulation C","log":"|j|\u2606filthy_sanchez\n|j|\u2606kirans\n|t:|1682231697\n|gametype|doubles\n|player|p1|filthy_sanchez|266|\n|player|p2|kirans|rood|\n|teamsize|p1|6\n|teamsize|p2|6\n|gen|9\n|tier|[Gen 9] VGC 2023 Regulation C\n|rule|Species Clause: Limit one of each Pok\u00e9mon\n|rule|Item Clause: Limit one of each item\n|clearpoke\n|poke|p1|Ting-Lu, L50|\n|poke|p1|Toxicroak, L50, M|\n|poke|p1|Glimmora, L50, F|\n|poke|p1|Azumarill, L50, F|\n|poke|p1|Haunter, L50, F|\n|poke|p1|Pikachu, L50, F|\n|poke|p2|Abomasnow, L50, M|\n|poke|p2|Iron Hands, L50|\n|poke|p2|Iron Moth, L50|\n|poke|p2|Quaquaval, L50, F|\n|poke|p2|Dragonite, L50, F|\n|poke|p2|Corviknight, L50, M|\n|teampreview|4\n|inactive|Battle timer is ON: inactive players will automatically lose when time's up. (requested by kirans)\n|\n|t:|1682231723\n|start\n|switch|p1a: Pikachu|Pikachu, L50, F|100\/100\n|switch|p1b: Ting-Lu|Ting-Lu, L50|100\/100\n|switch|p2a: Abomasnow|Abomasnow, L50, M|100\/100\n|switch|p2b: Iron Hands|Iron Hands, L50|100\/100\n|-weather|Snow|[from] ability: Snow Warning|[of] p2a: Abomasnow\n|-ability|p1b: Ting-Lu|Vessel of Ruin\n|turn|1\n|inactive|kirans has 30 seconds left.\n|inactive|kirans has 20 seconds left.\n|inactive|kirans has 15 seconds left.\n|inactive|kirans has 10 seconds left.\n|\n|t:|1682231769\n|move|p1a: Pikachu|Fake Out|p2a: Abomasnow\n|-damage|p2a: Abomasnow|84\/100\n|cant|p2a: Abomasnow|flinch\n|move|p2b: Iron Hands|Drain Punch|p1b: Ting-Lu\n|-supereffective|p1b: Ting-Lu\n|-damage|p1b: Ting-Lu|53\/100\n|move|p1b: Ting-Lu|Fissure|p2b: Iron Hands|[miss]\n|-miss|p1b: Ting-Lu|p2b: Iron Hands\n|\n|-weather|Snow|[upkeep]\n|upkeep\n|turn|2\n|inactive|filthy_sanchez has 30 seconds left.\n|inactive|filthy_sanchez has 20 seconds left.\n|\n|t:|1682231805\n|-end|p2b: Iron Hands|Quark Drive|[silent]\n|switch|p2b: Dragonite|Dragonite, L50, F|100\/100\n|move|p1a: Pikachu|Volt Tackle|p2a: Abomasnow\n|-resisted|p2a: Abomasnow\n|-damage|p2a: Abomasnow|51\/100\n|-damage|p1a: Pikachu|84\/100|[from] Recoil\n|move|p2a: Abomasnow|Earth Power|p1a: Pikachu\n|-supereffective|p1a: Pikachu\n|-damage|p1a: Pikachu|0 fnt\n|faint|p1a: Pikachu\n|move|p1b: Ting-Lu|Stomping Tantrum|p2b: Dragonite\n|-immune|p2b: Dragonite\n|\n|-weather|Snow|[upkeep]\n|upkeep\n|\n|t:|1682231829\n|switch|p1a: Azumarill|Azumarill, L50, F|100\/100\n|turn|3\n|inactive|filthy_sanchez has 30 seconds left.\n|inactive|kirans has 30 seconds left.\n|inactive|filthy_sanchez has 20 seconds left.\n|inactive|kirans has 20 seconds left.\n|\n|t:|1682231867\n|-terastallize|p1a: Azumarill|Fairy\n|move|p2b: Dragonite|Extreme Speed|p1a: Azumarill\n|-damage|p1a: Azumarill|74\/100\n|move|p2a: Abomasnow|Energy Ball|p1a: Azumarill\n|-damage|p1a: Azumarill|41\/100\n|-enditem|p1a: Azumarill|Sitrus Berry|[eat]\n|-heal|p1a: Azumarill|66\/100|[from] item: Sitrus Berry\n|move|p1a: Azumarill|Superpower|p2a: Abomasnow\n|-supereffective|p2a: Abomasnow\n|-damage|p2a: Abomasnow|0 fnt\n|-unboost|p1a: Azumarill|atk|1\n|-unboost|p1a: Azumarill|def|1\n|faint|p2a: Abomasnow\n|move|p1b: Ting-Lu|Rock Slide|p2b: Dragonite\n|-supereffective|p2b: Dragonite\n|-damage|p2b: Dragonite|76\/100\n|\n|-weather|Snow|[upkeep]\n|upkeep\n|\n|t:|1682231889\n|switch|p2a: Iron Moth|Iron Moth, L50|100\/100\n|-enditem|p2a: Iron Moth|Booster Energy\n|-activate|p2a: Iron Moth|ability: Quark Drive|[fromitem]\n|-start|p2a: Iron Moth|quarkdrivespa\n|turn|4\n|inactive|filthy_sanchez has 30 seconds left.\n|inactive|kirans has 30 seconds left.\n|\n|t:|1682231927\n|move|p2a: Iron Moth|Protect|p2a: Iron Moth\n|-singleturn|p2a: Iron Moth|Protect\n|move|p2b: Dragonite|Extreme Speed|p1b: Ting-Lu\n|-damage|p1b: Ting-Lu|37\/100\n|move|p1a: Azumarill|Aqua Jet|p2a: Iron Moth\n|-activate|p2a: Iron Moth|move: Protect\n|move|p1b: Ting-Lu|Rock Slide|p2a: Iron Moth|[spread] p2b\n|-activate|p2a: Iron Moth|move: Protect\n|-supereffective|p2b: Dragonite\n|-damage|p2b: Dragonite|43\/100\n|\n|-weather|Snow|[upkeep]\n|upkeep\n|turn|5\n|inactive|filthy_sanchez has 30 seconds left.\n|inactive|filthy_sanchez has 20 seconds left.\n|\n|t:|1682231963\n|-terastallize|p2a: Iron Moth|Grass\n|move|p2b: Dragonite|Extreme Speed|p1a: Azumarill\n|-damage|p1a: Azumarill|30\/100\n|move|p2a: Iron Moth|Energy Ball|p1b: Ting-Lu\n|-supereffective|p1b: Ting-Lu\n|-damage|p1b: Ting-Lu|0 fnt\n|faint|p1b: Ting-Lu\n|move|p1a: Azumarill|Play Rough|p2b: Dragonite\n|-supereffective|p2b: Dragonite\n|-damage|p2b: Dragonite|0 fnt\n|faint|p2b: Dragonite\n|\n|-weather|none\n|upkeep\n|\n|t:|1682231976\n|switch|p2b: Iron Hands|Iron Hands, L50|100\/100\n|switch|p1b: Toxicroak|Toxicroak, L50, M|100\/100\n|turn|6\n|inactive|filthy_sanchez has 30 seconds left.\n|\n|t:|1682232002\n|move|p2b: Iron Hands|Fake Out|p1b: Toxicroak\n|-damage|p1b: Toxicroak|80\/100\n|move|p2a: Iron Moth|Fiery Dance|p1a: Azumarill\n|-damage|p1a: Azumarill|0 fnt\n|faint|p1a: Azumarill\n|cant|p1b: Toxicroak|flinch\n|\n|upkeep\n|turn|7\n|\n|t:|1682232023\n|move|p2a: Iron Moth|Fiery Dance|p1b: Toxicroak\n|-damage|p1b: Toxicroak|0 fnt\n|faint|p1b: Toxicroak\n|\n|win|kirans\n|c|\u2606filthy_sanchez|gg qp\n|c|\u2606filthy_sanchez|wp*\n|c|\u2606kirans|gg wp\n|c|\u2606filthy_sanchez|you sening matches to Joel?\n","uploadtime":1682232036,"views":15,"p1id":"filthysanchez","p2id":"kirans","formatid":"gen9vgc2023regulationc","rating":0,"private":0,"password":""}