{"id":"gen9vgc2023regulationc-1850967646","p1":"ppcbrop","p2":"CoDameron","format":"[Gen 9] VGC 2023 Regulation C","log":"|j|\u2606ppcbrop\n|j|\u2606CoDameron\n|t:|1682388097\n|gametype|doubles\n|player|p1|ppcbrop|170|1065\n|player|p2|CoDameron|102|1119\n|teamsize|p1|6\n|teamsize|p2|6\n|gen|9\n|tier|[Gen 9] VGC 2023 Regulation C\n|rated|\n|rule|Species Clause: Limit one of each Pok\u00e9mon\n|rule|Item Clause: Limit one of each item\n|clearpoke\n|poke|p1|Palafin, L50, F|\n|poke|p1|Amoonguss, L50, F|\n|poke|p1|Arcanine, L50, M|\n|poke|p1|Ting-Lu, L50|\n|poke|p1|Flutter Mane, L50|\n|poke|p1|Baxcalibur, L50, F|\n|poke|p2|Bellibolt, L50, F|\n|poke|p2|Wo-Chien, L50|\n|poke|p2|Cloyster, L50, M|\n|poke|p2|Scizor, L50, M|\n|poke|p2|Foongus, L50, F|\n|poke|p2|Polteageist, L50|\n|teampreview|4\n|\n|t:|1682388132\n|start\n|switch|p1a: Flutter Mane|Flutter Mane, L50|100\/100\n|switch|p1b: Arcanine|Arcanine, L50, M|100\/100\n|switch|p2a: Pow Pow|Scizor, L50, M|100\/100\n|switch|p2b: The Count|Cloyster, L50, M|100\/100\n|-ability|p1b: Arcanine|Intimidate|boost\n|-unboost|p2a: Pow Pow|atk|1\n|-unboost|p2b: The Count|atk|1\n|turn|1\n|inactive|Battle timer is ON: inactive players will automatically lose when time's up. (requested by ppcbrop)\n|\n|t:|1682388161\n|-end|p1a: Flutter Mane|Protosynthesis|[silent]\n|switch|p1a: Amoonguss|Amoonguss, L50, F, shiny|100\/100\n|move|p2a: Pow Pow|Bullet Punch|p1a: Amoonguss\n|-damage|p1a: Amoonguss|75\/100\n|-damage|p2a: Pow Pow|84\/100|[from] item: Rocky Helmet|[of] p1a: Amoonguss\n|move|p2b: The Count|Rock Blast|p1b: Arcanine\n|-supereffective|p1b: Arcanine\n|-damage|p1b: Arcanine|89\/100\n|-supereffective|p1b: Arcanine\n|-damage|p1b: Arcanine|79\/100\n|-supereffective|p1b: Arcanine\n|-damage|p1b: Arcanine|68\/100\n|-supereffective|p1b: Arcanine\n|-damage|p1b: Arcanine|56\/100\n|-supereffective|p1b: Arcanine\n|-damage|p1b: Arcanine|45\/100\n|-hitcount|p1b: Arcanine|5\n|move|p1b: Arcanine|Will-O-Wisp|p2b: The Count\n|-status|p2b: The Count|brn\n|\n|-damage|p2b: The Count|95\/100 brn|[from] brn\n|upkeep\n|turn|2\n|inactive|ppcbrop has 30 seconds left.\n|inactive|CoDameron has 30 seconds left.\n|\n|t:|1682388195\n|switch|p2a: Safety First!|Foongus, L50, F|100\/100\n|move|p2b: The Count|Shell Smash|p2b: The Count\n|-unboost|p2b: The Count|def|1\n|-unboost|p2b: The Count|spd|1\n|-boost|p2b: The Count|atk|2\n|-boost|p2b: The Count|spa|2\n|-boost|p2b: The Count|spe|2\n|move|p1b: Arcanine|Flare Blitz|p2a: Safety First!\n|-supereffective|p2a: Safety First!\n|-damage|p2a: Safety First!|0 fnt\n|faint|p2a: Safety First!\n|-damage|p1b: Arcanine|15\/100|[from] Recoil\n|move|p1a: Amoonguss|Pollen Puff|p1b: Arcanine\n|-heal|p1b: Arcanine|65\/100\n|\n|-damage|p2b: The Count|89\/100 brn|[from] brn\n|upkeep\n|\n|t:|1682388213\n|switch|p2a: Rosetta|Wo-Chien, L50|100\/100\n|-ability|p2a: Rosetta|Tablets of Ruin\n|turn|3\n|\n|t:|1682388232\n|switch|p1b: Ting-Lu|Ting-Lu, L50|100\/100\n|-ability|p1b: Ting-Lu|Vessel of Ruin\n|-terastallize|p2a: Rosetta|Water\n|move|p2b: The Count|Icicle Spear|p1a: Amoonguss\n|-supereffective|p1a: Amoonguss\n|-damage|p1a: Amoonguss|61\/100\n|-supereffective|p1a: Amoonguss\n|-damage|p1a: Amoonguss|48\/100\n|-supereffective|p1a: Amoonguss\n|-damage|p1a: Amoonguss|34\/100\n|-supereffective|p1a: Amoonguss\n|-damage|p1a: Amoonguss|22\/100\n|-supereffective|p1a: Amoonguss\n|-damage|p1a: Amoonguss|7\/100\n|-hitcount|p1a: Amoonguss|5\n|move|p2a: Rosetta|Leech Seed|p1b: Ting-Lu\n|-start|p1b: Ting-Lu|move: Leech Seed\n|move|p1a: Amoonguss|Pollen Puff|p2a: Rosetta\n|-damage|p2a: Rosetta|92\/100\n|\n|-heal|p2a: Rosetta|98\/100|[from] item: Leftovers\n|-damage|p1b: Ting-Lu|88\/100|[from] Leech Seed|[of] p2a: Rosetta\n|-heal|p2a: Rosetta|100\/100|[silent]\n|-damage|p2b: The Count|84\/100 brn|[from] brn\n|upkeep\n|turn|4\n|inactive|CoDameron has 30 seconds left.\n|\n|t:|1682388267\n|switch|p1a: Arcanine|Arcanine, L50, M|65\/100\n|-ability|p1a: Arcanine|Intimidate|boost\n|-unboost|p2a: Rosetta|atk|1\n|-unboost|p2b: The Count|atk|1\n|move|p2b: The Count|Shell Smash|p2b: The Count\n|-unboost|p2b: The Count|def|1\n|-unboost|p2b: The Count|spd|1\n|-boost|p2b: The Count|atk|2\n|-boost|p2b: The Count|spa|2\n|-boost|p2b: The Count|spe|2\n|move|p2a: Rosetta|Pollen Puff|p1a: Arcanine\n|-resisted|p1a: Arcanine\n|-damage|p1a: Arcanine|59\/100\n|move|p1b: Ting-Lu|Heavy Slam|p2b: The Count\n|-damage|p2b: The Count|43\/100 brn\n|\n|-heal|p1b: Ting-Lu|94\/100|[from] item: Leftovers\n|-damage|p1b: Ting-Lu|82\/100|[from] Leech Seed|[of] p2a: Rosetta\n|-damage|p2b: The Count|37\/100 brn|[from] brn\n|upkeep\n|turn|5\n|inactive|CoDameron has 30 seconds left.\n|\n|t:|1682388293\n|move|p1a: Arcanine|Protect|p1a: Arcanine\n|-singleturn|p1a: Arcanine|Protect\n|move|p2b: The Count|Rock Blast|p1a: Arcanine\n|-activate|p1a: Arcanine|move: Protect\n|move|p2a: Rosetta|Pollen Puff|p2b: The Count\n|-heal|p2b: The Count|87\/100 brn\n|move|p1b: Ting-Lu|Heavy Slam|p2b: The Count\n|-damage|p2b: The Count|45\/100 brn\n|\n|-heal|p1b: Ting-Lu|88\/100|[from] item: Leftovers\n|-damage|p1b: Ting-Lu|76\/100|[from] Leech Seed|[of] p2a: Rosetta\n|-damage|p2b: The Count|40\/100 brn|[from] brn\n|upkeep\n|turn|6\n|\n|t:|1682388316\n|switch|p1b: Amoonguss|Amoonguss, L50, F, shiny|40\/100\n|move|p1a: Arcanine|Extreme Speed|p2b: The Count\n|-damage|p2b: The Count|12\/100 brn\n|move|p2b: The Count|Icicle Spear|p1b: Amoonguss\n|-supereffective|p1b: Amoonguss\n|-damage|p1b: Amoonguss|24\/100\n|-supereffective|p1b: Amoonguss\n|-damage|p1b: Amoonguss|8\/100\n|-supereffective|p1b: Amoonguss\n|-damage|p1b: Amoonguss|0 fnt\n|faint|p1b: Amoonguss\n|-hitcount|p1: Amoonguss|3\n|move|p2a: Rosetta|Pollen Puff|p2b: The Count\n|-heal|p2b: The Count|61\/100 brn\n|\n|-damage|p2b: The Count|56\/100 brn|[from] brn\n|upkeep\n|\n|t:|1682388325\n|switch|p1b: Flutter Mane|Flutter Mane, L50|100\/100\n|turn|7\n|\n|t:|1682388348\n|-terastallize|p1a: Arcanine|Normal\n|move|p1a: Arcanine|Extreme Speed|p2b: The Count\n|-damage|p2b: The Count|17\/100 brn\n|move|p2b: The Count|Icicle Spear|p1b: Flutter Mane\n|-damage|p1b: Flutter Mane|82\/100\n|-damage|p1b: Flutter Mane|65\/100\n|-damage|p1b: Flutter Mane|48\/100\n|-damage|p1b: Flutter Mane|30\/100\n|-damage|p1b: Flutter Mane|11\/100\n|-hitcount|p1b: Flutter Mane|5\n|move|p1b: Flutter Mane|Thunderbolt|p2a: Rosetta\n|-supereffective|p2a: Rosetta\n|-damage|p2a: Rosetta|47\/100\n|move|p2a: Rosetta|Pollen Puff|p2b: The Count\n|-heal|p2b: The Count|67\/100 brn\n|\n|-heal|p2a: Rosetta|54\/100|[from] item: Leftovers\n|-damage|p2b: The Count|61\/100 brn|[from] brn\n|upkeep\n|turn|8\n|inactive|CoDameron has 30 seconds left.\n|\n|t:|1682388381\n|-end|p1b: Flutter Mane|Protosynthesis|[silent]\n|switch|p1b: Ting-Lu|Ting-Lu, L50|76\/100\n|-ability|p1b: Ting-Lu|Vessel of Ruin\n|move|p2a: Rosetta|Protect|p2a: Rosetta\n|-singleturn|p2a: Rosetta|Protect\n|move|p1a: Arcanine|Extreme Speed|p2a: Rosetta\n|-activate|p2a: Rosetta|move: Protect\n|move|p2b: The Count|Rock Blast|p1a: Arcanine\n|-damage|p1a: Arcanine|53\/100\n|-damage|p1a: Arcanine|47\/100\n|-damage|p1a: Arcanine|42\/100\n|-damage|p1a: Arcanine|36\/100\n|-damage|p1a: Arcanine|29\/100\n|-hitcount|p1a: Arcanine|5\n|\n|-heal|p2a: Rosetta|60\/100|[from] item: Leftovers\n|-heal|p1b: Ting-Lu|82\/100|[from] item: Leftovers\n|-damage|p2b: The Count|56\/100 brn|[from] brn\n|upkeep\n|turn|9\n|inactive|ppcbrop has 30 seconds left.\n|inactive|CoDameron has 30 seconds left.\n|\n|t:|1682388414\n|move|p2b: The Count|Icicle Spear|p1a: Arcanine\n|-damage|p1a: Arcanine|20\/100\n|-damage|p1a: Arcanine|11\/100\n|-crit|p1a: Arcanine\n|-damage|p1a: Arcanine|0 fnt\n|faint|p1a: Arcanine\n|-hitcount|p1: Arcanine|3\n|move|p2a: Rosetta|Leech Seed|p1b: Ting-Lu\n|-start|p1b: Ting-Lu|move: Leech Seed\n|move|p1b: Ting-Lu|Throat Chop|p2a: Rosetta\n|-damage|p2a: Rosetta|40\/100\n|-start|p2a: Rosetta|Throat Chop|[silent]\n|\n|-heal|p2a: Rosetta|46\/100|[from] item: Leftovers\n|-heal|p1b: Ting-Lu|88\/100|[from] item: Leftovers\n|-damage|p1b: Ting-Lu|76\/100|[from] Leech Seed|[of] p2a: Rosetta\n|-heal|p2a: Rosetta|62\/100|[silent]\n|-damage|p2b: The Count|50\/100 brn|[from] brn\n|upkeep\n|-message|ppcbrop forfeited.\n|\n|win|CoDameron\n|raw|ppcbrop's rating: 1065 → 1048<\/strong> (-17 for losing)\n|raw|CoDameron's rating: 1119 → 1140<\/strong> (+21 for winning)\n|l|\u2606ppcbrop\n","uploadtime":1682388431,"views":11,"p1id":"ppcbrop","p2id":"codameron","formatid":"gen9vgc2023regulationc","rating":1048,"private":0,"password":""}