{"id":"gen9vgc2023regulationc-1854583820","p1":"chacaad","p2":"garfieldslaya","format":"[Gen 9] VGC 2023 Regulation C","log":"|j|\u2606chacaad\n|j|\u2606garfieldslaya\n|t:|1682830804\n|gametype|doubles\n|player|p1|chacaad|102|1287\n|player|p2|garfieldslaya|jasmine|1302\n|teamsize|p1|6\n|teamsize|p2|6\n|gen|9\n|tier|[Gen 9] VGC 2023 Regulation C\n|rated|\n|rule|Species Clause: Limit one of each Pok\u00e9mon\n|rule|Item Clause: Limit one of each item\n|clearpoke\n|poke|p1|Flutter Mane, L50|\n|poke|p1|Gyarados, L50, M|\n|poke|p1|Chi-Yu, L50|\n|poke|p1|Ting-Lu, L50|\n|poke|p1|Orthworm, L50, F|\n|poke|p1|Iron Hands, L50|\n|poke|p2|Iron Hands, L50|\n|poke|p2|Amoonguss, L50, M|\n|poke|p2|Corviknight, L50, F|\n|poke|p2|Flutter Mane, L50|\n|poke|p2|Azumarill, L50, F|\n|poke|p2|Arcanine, L50, F|\n|teampreview|4\ngarfieldslaya has agreed to open team sheets.\n|\n|t:|1682830855\n|start\n|switch|p1a: Chun-Li|Chi-Yu, L50|100\/100\n|switch|p1b: Ting-Lu|Ting-Lu, L50|100\/100\n|switch|p2a: Azumarill|Azumarill, L50, F|100\/100\n|switch|p2b: Arcanine|Arcanine, L50, F|100\/100\n|-ability|p1a: Chun-Li|Beads of Ruin\n|-ability|p2b: Arcanine|Intimidate|boost\n|-unboost|p1a: Chun-Li|atk|1\n|-unboost|p1b: Ting-Lu|atk|1\n|-ability|p1b: Ting-Lu|Vessel of Ruin\n|turn|1\n|\n|t:|1682830893\n|switch|p1a: Orthworm|Orthworm, L50, F|100\/100\n|-terastallize|p2a: Azumarill|Water\n|-terastallize|p1b: Ting-Lu|Dark\n|move|p2b: Arcanine|Extreme Speed|p1a: Orthworm\n|-resisted|p1a: Orthworm\n|-damage|p1a: Orthworm|91\/100\n|move|p2a: Azumarill|Liquidation|p1b: Ting-Lu\n|-damage|p1b: Ting-Lu|36\/100\n|move|p1b: Ting-Lu|Earthquake|p2b: Arcanine|[spread] p2a,p2b\n|-heal|p1a: Orthworm|100\/100|[from] ability: Earth Eater|[of] p1b: Ting-Lu\n|-supereffective|p2b: Arcanine\n|-damage|p2a: Azumarill|63\/100\n|-damage|p2b: Arcanine|30\/100\n|-enditem|p2b: Arcanine|Sitrus Berry|[eat]\n|-heal|p2b: Arcanine|55\/100|[from] item: Sitrus Berry\n|\n|upkeep\n|turn|2\n|\n|t:|1682830934\n|move|p2b: Arcanine|Flare Blitz|p1a: Orthworm\n|-supereffective|p1a: Orthworm\n|-damage|p1a: Orthworm|21\/100\n|-enditem|p1a: Orthworm|Sitrus Berry|[eat]\n|-heal|p1a: Orthworm|46\/100|[from] item: Sitrus Berry\n|-damage|p2b: Arcanine|32\/100|[from] Recoil\n|move|p1a: Orthworm|Heavy Slam|p2a: Azumarill\n|-resisted|p2a: Azumarill\n|-damage|p2a: Azumarill|43\/100\n|move|p2a: Azumarill|Liquidation|p1b: Ting-Lu\n|-damage|p1b: Ting-Lu|0 fnt\n|faint|p1b: Ting-Lu\n|\n|upkeep\n|\n|t:|1682830951\n|switch|p1b: FLUFFY MANE|Flutter Mane, L50, shiny|100\/100\n|turn|3\n|\n|t:|1682830978\n|switch|p1a: Chun-Li|Chi-Yu, L50|100\/100\n|-ability|p1a: Chun-Li|Beads of Ruin\n|move|p1b: FLUFFY MANE|Dazzling Gleam|p2a: Azumarill|[spread] p2a,p2b\n|-resisted|p2b: Arcanine\n|-damage|p2a: Azumarill|0 fnt\n|-damage|p2b: Arcanine|6\/100\n|faint|p2a: Azumarill\n|move|p2b: Arcanine|Flare Blitz|p1a: Chun-Li\n|-resisted|p1a: Chun-Li\n|-damage|p1a: Chun-Li|58\/100\n|-damage|p2b: Arcanine|0 fnt|[from] Recoil\n|faint|p2b: Arcanine\n|\n|upkeep\n|\n|t:|1682830985\n|switch|p2b: Corviknight|Corviknight, L50, F|100\/100\n|switch|p2a: Iron Hands|Iron Hands, L50|100\/100\n|turn|4\n|\n|t:|1682831031\n|move|p2a: Iron Hands|Fake Out|p1a: Chun-Li\n|-damage|p1a: Chun-Li|33\/100\n|move|p1b: FLUFFY MANE|Dazzling Gleam|p2b: Corviknight|[spread] p2a,p2b\n|-supereffective|p2a: Iron Hands\n|-resisted|p2b: Corviknight\n|-crit|p2b: Corviknight\n|-damage|p2a: Iron Hands|33\/100\n|-damage|p2b: Corviknight|68\/100\n|cant|p1a: Chun-Li|flinch\n|move|p2b: Corviknight|Brave Bird|p1a: Chun-Li\n|-damage|p1a: Chun-Li|0 fnt\n|faint|p1a: Chun-Li\n|-damage|p2b: Corviknight|61\/100|[from] Recoil\n|\n|-heal|p2b: Corviknight|67\/100|[from] item: Leftovers\n|upkeep\n|\n|t:|1682831045\n|switch|p1a: Orthworm|Orthworm, L50, F|46\/100\n|turn|5\n|\n|t:|1682831081\n|move|p1b: FLUFFY MANE|Protect|p1b: FLUFFY MANE\n|-singleturn|p1b: FLUFFY MANE|Protect\n|move|p2b: Corviknight|Iron Head|p1b: FLUFFY MANE\n|-activate|p1b: FLUFFY MANE|move: Protect\n|move|p1a: Orthworm|Iron Defense|p1a: Orthworm\n|-boost|p1a: Orthworm|def|2\n|move|p2a: Iron Hands|Drain Punch|p1a: Orthworm\n|-supereffective|p1a: Orthworm\n|-damage|p1a: Orthworm|12\/100\n|-heal|p2a: Iron Hands|45\/100|[from] drain|[of] p1a: Orthworm\n|\n|-heal|p2b: Corviknight|73\/100|[from] item: Leftovers\n|upkeep\n|turn|6\n|\n|t:|1682831107\n|move|p1b: FLUFFY MANE|Dazzling Gleam|p2b: Corviknight|[spread] p2a,p2b\n|-supereffective|p2a: Iron Hands\n|-resisted|p2b: Corviknight\n|-damage|p2a: Iron Hands|0 fnt\n|-damage|p2b: Corviknight|58\/100\n|faint|p2a: Iron Hands\n|-end|p2a: Iron Hands|Quark Drive|[silent]\n|move|p2b: Corviknight|Iron Head|p1b: FLUFFY MANE\n|-supereffective|p1b: FLUFFY MANE\n|-enditem|p1b: FLUFFY MANE|Focus Sash\n|-damage|p1b: FLUFFY MANE|1\/100\n|move|p1a: Orthworm|Body Press|p2b: Corviknight\n|-damage|p2b: Corviknight|12\/100\n|\n|-heal|p2b: Corviknight|18\/100|[from] item: Leftovers\n|upkeep\n|turn|7\n|\n|t:|1682831132\n|move|p1b: FLUFFY MANE|Shadow Ball|p2b: Corviknight\n|-damage|p2b: Corviknight|0 fnt\n|faint|p2b: Corviknight\n|\n|win|chacaad\n|raw|chacaad's rating: 1287 → 1313<\/strong> (+26 for winning)\n|raw|garfieldslaya's rating: 1302 → 1281<\/strong> (-21 for losing)\n|l|\u2606garfieldslaya\n","uploadtime":1682831138,"views":17,"p1id":"chacaad","p2id":"garfieldslaya","formatid":"gen9vgc2023regulationc","rating":1281,"private":0,"password":""}