{"id":"gen9vgc2023regulationc-1845153300","p1":"QuiC97","p2":"Kiriziio","format":"[Gen 9] VGC 2023 Regulation C","log":"|j|\u2606QuiC97\n|j|\u2606Kiriziio\n|t:|1681689918\n|gametype|doubles\n|player|p1|QuiC97|gardenia|1164\n|player|p2|Kiriziio|lance|1155\n|teamsize|p1|6\n|teamsize|p2|6\n|gen|9\n|tier|[Gen 9] VGC 2023 Regulation C\n|rated|\n|rule|Species Clause: Limit one of each Pok\u00e9mon\n|rule|Item Clause: Limit one of each item\n|clearpoke\n|poke|p1|Brute Bonnet, L50|\n|poke|p1|Chien-Pao, L50|\n|poke|p1|Flutter Mane, L50|\n|poke|p1|Scizor, L50, F|\n|poke|p1|Gyarados, L50, M|\n|poke|p1|Garchomp, L50, F|\n|poke|p2|Wo-Chien, L50|\n|poke|p2|Volcarona, L50, F|\n|poke|p2|Glimmora, L50, M|\n|poke|p2|Grimmsnarl, L50, M|\n|poke|p2|Iron Hands, L50|\n|poke|p2|Gyarados, L50, M|\n|teampreview|4\n|\n|t:|1681689987\n|start\n|switch|p1a: Scizor|Scizor, L50, F|100\/100\n|switch|p1b: Chien-Pao|Chien-Pao, L50|100\/100\n|switch|p2a: Glimmora|Glimmora, L50, M|100\/100\n|switch|p2b: Grimmsnarl|Grimmsnarl, L50, M, shiny|100\/100\n|-ability|p1b: Chien-Pao|Sword of Ruin\n|turn|1\n|\n|t:|1681690012\n|move|p2b: Grimmsnarl|Fake Out|p1a: Scizor\n|-resisted|p1a: Scizor\n|-damage|p1a: Scizor|91\/100\n|move|p1b: Chien-Pao|Sucker Punch|p2a: Glimmora\n|-damage|p2a: Glimmora|33\/100\n|-damage|p1b: Chien-Pao|84\/100|[from] item: Rocky Helmet|[of] p2a: Glimmora\n|-activate|p2a: Glimmora|ability: Toxic Debris\n|-sidestart|p1: QuiC97|move: Toxic Spikes\n|move|p2a: Glimmora|Power Gem|p1b: Chien-Pao\n|-supereffective|p1b: Chien-Pao\n|-damage|p1b: Chien-Pao|0 fnt\n|faint|p1b: Chien-Pao\n|cant|p1a: Scizor|flinch\n|\n|upkeep\n|\n|t:|1681690031\n|switch|p1b: Gyarados|Gyarados, L50, M|100\/100\n|-ability|p1b: Gyarados|Intimidate|boost\n|-unboost|p2a: Glimmora|atk|1\n|-unboost|p2b: Grimmsnarl|atk|1\n|turn|2\n|\n|t:|1681690043\n|move|p1a: Scizor|Bullet Punch|p2b: Grimmsnarl\n|-supereffective|p2b: Grimmsnarl\n|-damage|p2b: Grimmsnarl|10\/100\n|move|p2b: Grimmsnarl|Parting Shot|p1a: Scizor\n|-fail|p1a: Scizor|unboost|[from] item: Clear Amulet|[of] p1a: Scizor\n|move|p2a: Glimmora|Power Gem|p1b: Gyarados\n|-supereffective|p1b: Gyarados\n|-damage|p1b: Gyarados|22\/100\n|-enditem|p1b: Gyarados|Sitrus Berry|[eat]\n|-heal|p1b: Gyarados|47\/100|[from] item: Sitrus Berry\n|move|p1b: Gyarados|Waterfall|p2a: Glimmora\n|-supereffective|p2a: Glimmora\n|-damage|p2a: Glimmora|0 fnt\n|-damage|p1b: Gyarados|31\/100|[from] item: Rocky Helmet|[of] p2a: Glimmora\n|-activate|p2a: Glimmora|ability: Toxic Debris\n|-sidestart|p1: QuiC97|move: Toxic Spikes\n|faint|p2a: Glimmora\n|\n|upkeep\n|\n|t:|1681690059\n|switch|p2a: Wo-Chien|Wo-Chien, L50|100\/100\n|-ability|p2a: Wo-Chien|Tablets of Ruin\n|turn|3\n|\n|t:|1681690071\n|switch|p2b: Volcarona|Volcarona, L50, F, shiny|100\/100\n|-terastallize|p1b: Gyarados|Flying\n|-terastallize|p2a: Wo-Chien|Water\n|move|p1b: Gyarados|Tera Blast|p2a: Wo-Chien\n|-damage|p2a: Wo-Chien|63\/100\n|move|p2a: Wo-Chien|Giga Drain|p1b: Gyarados\n|-resisted|p1b: Gyarados\n|-damage|p1b: Gyarados|20\/100\n|-heal|p2a: Wo-Chien|69\/100|[from] drain|[of] p1b: Gyarados\n|move|p1a: Scizor|Pounce|p2a: Wo-Chien\n|-damage|p2a: Wo-Chien|38\/100\n|-unboost|p2a: Wo-Chien|spe|1\n|-enditem|p2a: Wo-Chien|Sitrus Berry|[eat]\n|-heal|p2a: Wo-Chien|63\/100|[from] item: Sitrus Berry\n|\n|upkeep\n|turn|4\n|\n|t:|1681690100\n|move|p2b: Volcarona|Protect|p2b: Volcarona\n|-singleturn|p2b: Volcarona|Protect\n|move|p1a: Scizor|Protect|p1a: Scizor\n|-singleturn|p1a: Scizor|Protect\n|move|p1b: Gyarados|Tera Blast|p2b: Volcarona\n|-activate|p2b: Volcarona|move: Protect\n|move|p2a: Wo-Chien|Leech Seed|p1b: Gyarados\n|-start|p1b: Gyarados|move: Leech Seed\n|\n|-damage|p1b: Gyarados|7\/100|[from] Leech Seed|[of] p2a: Wo-Chien\n|-heal|p2a: Wo-Chien|76\/100|[silent]\n|upkeep\n|turn|5\n|\n|t:|1681690123\n|switch|p2b: Grimmsnarl|Grimmsnarl, L50, M, shiny|10\/100\n|switch|p1a: Garchomp|Garchomp, L50, F|100\/100\n|-status|p1a: Garchomp|tox\n|move|p1b: Gyarados|Tera Blast|p2b: Grimmsnarl\n|-damage|p2b: Grimmsnarl|0 fnt\n|faint|p2b: Grimmsnarl\n|move|p2a: Wo-Chien|Leech Seed|p1a: Garchomp\n|-start|p1a: Garchomp|move: Leech Seed\n|\n|-damage|p1a: Garchomp|88\/100 tox|[from] Leech Seed|[of] p2a: Wo-Chien\n|-heal|p2a: Wo-Chien|90\/100|[silent]\n|-damage|p1b: Gyarados|0 fnt|[from] Leech Seed|[of] p2a: Wo-Chien\n|-heal|p2a: Wo-Chien|97\/100|[silent]\n|faint|p1b: Gyarados\n|-damage|p1a: Garchomp|82\/100 tox|[from] psn\n|upkeep\n|\n|t:|1681690138\n|switch|p1b: Scizor|Scizor, L50, F|91\/100\n|switch|p2b: Volcarona|Volcarona, L50, F, shiny|100\/100\n|turn|6\n|\n|t:|1681690161\n|move|p2b: Volcarona|Protect|p2b: Volcarona\n|-singleturn|p2b: Volcarona|Protect\n|move|p1a: Garchomp|Rock Slide|p2b: Volcarona|[spread] p2a\n|-activate|p2b: Volcarona|move: Protect\n|-damage|p2a: Wo-Chien|82\/100\n|move|p1b: Scizor|Pounce|p2a: Wo-Chien\n|-damage|p2a: Wo-Chien|52\/100\n|-unboost|p2a: Wo-Chien|spe|1\n|move|p2a: Wo-Chien|Giga Drain|p1a: Garchomp\n|-damage|p1a: Garchomp|57\/100 tox\n|-heal|p2a: Wo-Chien|65\/100|[from] drain|[of] p1a: Garchomp\n|\n|-damage|p1a: Garchomp|44\/100 tox|[from] Leech Seed|[of] p2a: Wo-Chien\n|-heal|p2a: Wo-Chien|79\/100|[silent]\n|-damage|p1a: Garchomp|32\/100 tox|[from] psn\n|upkeep\n|turn|7\n|\n|t:|1681690181\n|move|p1a: Garchomp|Rock Slide|p2a: Wo-Chien|[spread] p2a,p2b\n|-supereffective|p2b: Volcarona\n|-damage|p2a: Wo-Chien|64\/100\n|-damage|p2b: Volcarona|10\/100\n|move|p2b: Volcarona|Fiery Dance|p1a: Garchomp\n|-resisted|p1a: Garchomp\n|-damage|p1a: Garchomp|10\/100 tox\n|-boost|p2b: Volcarona|spa|1\n|move|p1b: Scizor|Pounce|p2a: Wo-Chien\n|-damage|p2a: Wo-Chien|32\/100\n|-unboost|p2a: Wo-Chien|spe|1\n|move|p2a: Wo-Chien|Giga Drain|p1a: Garchomp\n|-damage|p1a: Garchomp|0 fnt\n|-heal|p2a: Wo-Chien|38\/100|[from] drain|[of] p1a: Garchomp\n|faint|p1a: Garchomp\n|\n|-heal|p2b: Volcarona|17\/100|[from] item: Leftovers\n|upkeep\n|turn|8\n|\n|t:|1681690207\n|move|p1b: Scizor|Protect|p1b: Scizor\n|-singleturn|p1b: Scizor|Protect\n|move|p2b: Volcarona|Fiery Dance|p1b: Scizor\n|-activate|p1b: Scizor|move: Protect\n|move|p2a: Wo-Chien|Leech Seed|p1b: Scizor\n|-activate|p1b: Scizor|move: Protect\n|\n|-heal|p2b: Volcarona|23\/100|[from] item: Leftovers\n|upkeep\n|turn|9\n|\n|t:|1681690217\n|move|p1b: Scizor|Bullet Punch|p2b: Volcarona\n|-resisted|p2b: Volcarona\n|-damage|p2b: Volcarona|3\/100\n|-status|p1b: Scizor|brn|[from] ability: Flame Body|[of] p2b: Volcarona\n|move|p2b: Volcarona|Fiery Dance|p1b: Scizor\n|-supereffective|p1b: Scizor\n|-damage|p1b: Scizor|0 fnt\n|faint|p1b: Scizor\n|\n|win|Kiriziio\n|raw|QuiC97's rating: 1164 → 1138<\/strong> (-26 for losing)\n|raw|Kiriziio's rating: 1155 → 1181<\/strong> (+26 for winning)\n|l|\u2606QuiC97\n","uploadtime":1681690230,"views":16,"p1id":"quic97","p2id":"kiriziio","formatid":"gen9vgc2023regulationc","rating":1138,"private":0,"password":""}