{"id":"gen9vgc2023regulationc-1859307735","p1":"Jarvis1","p2":"marcelobg","format":"[Gen 9] VGC 2023 Regulation C","log":"|j|\u2606Jarvis1\n|j|\u2606marcelobg\n|t:|1683431995\n|gametype|doubles\n|player|p1|Jarvis1|169|1274\n|player|p2|marcelobg|2|1344\n|teamsize|p1|6\n|teamsize|p2|6\n|gen|9\n|tier|[Gen 9] VGC 2023 Regulation C\n|rated|\n|rule|Species Clause: Limit one of each Pok\u00e9mon\n|rule|Item Clause: Limit one of each item\n|clearpoke\n|poke|p1|Dragonite, L50, M|\n|poke|p1|Iron Bundle, L50|\n|poke|p1|Chi-Yu, L50|\n|poke|p1|Scizor, L50, F|\n|poke|p1|Annihilape, L50, F|\n|poke|p1|Volcarona, L50, F|\n|poke|p2|Great Tusk, L50|\n|poke|p2|Iron Bundle, L50|\n|poke|p2|Amoonguss, L50, M|\n|poke|p2|Talonflame, L50, M|\n|poke|p2|Flutter Mane, L50|\n|poke|p2|Iron Hands, L50|\n|teampreview|4\n|inactive|Battle timer is ON: inactive players will automatically lose when time's up. (requested by marcelobg)\n|inactive|Jarvis1 has 60 seconds left.\n|\n|t:|1683432048\n|start\n|switch|p1a: Dragonite|Dragonite, L50, M|100\/100\n|switch|p1b: Iron Bundle|Iron Bundle, L50|100\/100\n|switch|p2a: Talonflame|Talonflame, L50, M|100\/100\n|switch|p2b: Great Tusk|Great Tusk, L50|100\/100\n|-enditem|p1b: Iron Bundle|Booster Energy\n|-activate|p1b: Iron Bundle|ability: Quark Drive|[fromitem]\n|-start|p1b: Iron Bundle|quarkdrivespe\n|turn|1\n|inactive|marcelobg has 30 seconds left.\n|inactive|marcelobg has 20 seconds left.\n|inactive|marcelobg has 15 seconds left.\n|\n|t:|1683432090\n|-terastallize|p1a: Dragonite|Normal\n|move|p1a: Dragonite|Extreme Speed|p2a: Talonflame\n|-damage|p2a: Talonflame|50\/100\n|move|p1b: Iron Bundle|Icy Wind|p2b: Great Tusk|[spread] p2a,p2b\n|-supereffective|p2b: Great Tusk\n|-damage|p2a: Talonflame|21\/100\n|-damage|p2b: Great Tusk|44\/100\n|-unboost|p2a: Talonflame|spe|1\n|-unboost|p2b: Great Tusk|spe|1\n|move|p2a: Talonflame|Tailwind|p2a: Talonflame\n|-sidestart|p2: marcelobg|move: Tailwind\n|move|p2b: Great Tusk|Close Combat|p1b: Iron Bundle\n|-supereffective|p1b: Iron Bundle\n|-damage|p1b: Iron Bundle|0 fnt\n|-unboost|p2b: Great Tusk|def|1\n|-unboost|p2b: Great Tusk|spd|1\n|faint|p1b: Iron Bundle\n|-end|p1b: Iron Bundle|Quark Drive|[silent]\n|\n|upkeep\n|\n|t:|1683432110\n|switch|p1b: Annihilape|Annihilape, L50, F|100\/100\n|turn|2\n|inactive|Jarvis1 has 30 seconds left.\n|inactive|marcelobg has 30 seconds left.\n|\n|t:|1683432143\n|-end|p2b: Great Tusk|Protosynthesis|[silent]\n|switch|p2b: Iron Hands|Iron Hands, L50|100\/100\n|move|p1a: Dragonite|Extreme Speed|p2b: Iron Hands\n|-damage|p2b: Iron Hands|71\/100\n|move|p2a: Talonflame|Will-O-Wisp|p1b: Annihilape|[miss]\n|-miss|p2a: Talonflame|p1b: Annihilape\n|move|p1b: Annihilape|Bulk Up|p1b: Annihilape\n|-boost|p1b: Annihilape|atk|1\n|-boost|p1b: Annihilape|def|1\n|\n|upkeep\n|turn|3\n|inactive|marcelobg has 30 seconds left.\n|inactive|marcelobg has 20 seconds left.\n|\n|t:|1683432180\n|move|p1b: Annihilape|Protect|p1b: Annihilape\n|-singleturn|p1b: Annihilape|Protect\n|move|p1a: Dragonite|Protect|p1a: Dragonite\n|-singleturn|p1a: Dragonite|Protect\n|move|p2b: Iron Hands|Fake Out|p1a: Dragonite\n|-activate|p1a: Dragonite|move: Protect\n|move|p2a: Talonflame|Will-O-Wisp|p1b: Annihilape\n|-activate|p1b: Annihilape|move: Protect\n|\n|upkeep\n|turn|4\n|\n|t:|1683432200\n|-terastallize|p2a: Talonflame|Ghost\n|move|p1a: Dragonite|Extreme Speed|p2a: Talonflame\n|-immune|p2a: Talonflame\n|move|p2a: Talonflame|Will-O-Wisp|p1b: Annihilape\n|-status|p1b: Annihilape|brn\n|move|p1b: Annihilape|Bulk Up|p1b: Annihilape\n|-boost|p1b: Annihilape|atk|1\n|-boost|p1b: Annihilape|def|1\n|move|p2b: Iron Hands|Volt Switch|p1a: Dragonite\n|-damage|p1a: Dragonite|94\/100\n|\n|t:|1683432213\n|-end|p2b: Iron Hands|Quark Drive|[silent]\n|switch|p2b: Flutter Mane|Flutter Mane, L50|100\/100|[from] Volt Switch\n|\n|-damage|p1b: Annihilape|95\/100 brn|[from] brn\n|-sideend|p2: marcelobg|move: Tailwind\n|upkeep\n|turn|5\n|\n|t:|1683432235\n|move|p2b: Flutter Mane|Protect|p2b: Flutter Mane\n|-singleturn|p2b: Flutter Mane|Protect\n|move|p1b: Annihilape|Protect|p1b: Annihilape\n|-singleturn|p1b: Annihilape|Protect\n|move|p2a: Talonflame|Taunt|p1b: Annihilape\n|-activate|p1b: Annihilape|move: Protect\n|move|p1a: Dragonite|Ice Spinner|p2b: Flutter Mane\n|-activate|p2b: Flutter Mane|move: Protect\n|\n|-heal|p1b: Annihilape|100\/100 brn|[from] item: Leftovers\n|-damage|p1b: Annihilape|95\/100 brn|[from] brn\n|upkeep\n|turn|6\n|\n|t:|1683432258\n|move|p2b: Flutter Mane|Moonblast|p1b: Annihilape\n|-supereffective|p1b: Annihilape\n|-damage|p1b: Annihilape|0 fnt\n|faint|p1b: Annihilape\n|-damage|p2b: Flutter Mane|91\/100|[from] item: Life Orb\n|move|p2a: Talonflame|Brave Bird|p1a: Dragonite\n|-damage|p1a: Dragonite|62\/100\n|-damage|p2a: Talonflame|9\/100|[from] Recoil\n|move|p1a: Dragonite|Earthquake|p2a: Talonflame|[spread] p2a,p2b\n|-damage|p2a: Talonflame|0 fnt\n|-damage|p2b: Flutter Mane|42\/100\n|faint|p2a: Talonflame\n|\n|upkeep\n|\n|t:|1683432271\n|switch|p2a: Iron Hands|Iron Hands, L50|71\/100\n|switch|p1b: Volcarona|Volcarona, L50, F|100\/100\n|turn|7\n|\n|t:|1683432281\n|move|p2a: Iron Hands|Fake Out|p1b: Volcarona\n|-damage|p1b: Volcarona|80\/100\n|cant|p1b: Volcarona|flinch\n|move|p2b: Flutter Mane|Moonblast|p1a: Dragonite\n|-damage|p1a: Dragonite|7\/100\n|-damage|p2b: Flutter Mane|33\/100|[from] item: Life Orb\n|move|p1a: Dragonite|Earthquake|p2a: Iron Hands|[spread] p1b,p2a,p2b\n|-crit|p1b: Volcarona\n|-supereffective|p2a: Iron Hands\n|-damage|p1b: Volcarona|23\/100\n|-damage|p2a: Iron Hands|36\/100\n|-damage|p2b: Flutter Mane|0 fnt\n|faint|p2b: Flutter Mane\n|-end|p2b: Flutter Mane|Protosynthesis|[silent]\n|\n|upkeep\n|\n|t:|1683432293\n|switch|p2b: Great Tusk|Great Tusk, L50|44\/100\n|turn|8\n|inactive|marcelobg has 30 seconds left.\n|inactive|Jarvis1 has 30 seconds left.\n|inactive|Jarvis1 has 20 seconds left.\n|\n|t:|1683432333\n|move|p2b: Great Tusk|Protect|p2b: Great Tusk\n|-singleturn|p2b: Great Tusk|Protect\n|move|p1a: Dragonite|Extreme Speed|p2b: Great Tusk\n|-activate|p2b: Great Tusk|move: Protect\n|move|p1b: Volcarona|Giga Drain|p2b: Great Tusk\n|-activate|p2b: Great Tusk|move: Protect\n|move|p2a: Iron Hands|Wild Charge|p1a: Dragonite\n|-damage|p1a: Dragonite|0 fnt\n|faint|p1a: Dragonite\n|-damage|p2a: Iron Hands|35\/100|[from] Recoil\n|\n|upkeep\n|turn|9\n|\n|t:|1683432350\n|move|p1b: Volcarona|Giga Drain|p2b: Great Tusk\n|-supereffective|p2b: Great Tusk\n|-damage|p2b: Great Tusk|0 fnt\n|-heal|p1b: Volcarona|45\/100|[from] drain|[of] p2b: Great Tusk\n|faint|p2b: Great Tusk\n|-end|p2b: Great Tusk|Protosynthesis|[silent]\n|move|p2a: Iron Hands|Wild Charge|p1b: Volcarona\n|-damage|p1b: Volcarona|0 fnt\n|faint|p1b: Volcarona\n|-damage|p2a: Iron Hands|26\/100|[from] Recoil\n|\n|win|marcelobg\n|raw|Jarvis1's rating: 1274 → 1254<\/strong> (-20 for losing)\n|raw|marcelobg's rating: 1344 → 1360<\/strong> (+16 for winning)\n|c|\u2606marcelobg|gg\n|l|\u2606Jarvis1\n","uploadtime":1683432377,"views":14,"p1id":"jarvis1","p2id":"marcelobg","formatid":"gen9vgc2023regulationc","rating":1254,"private":0,"password":""}