{"id":"gen9vgc2023regulationc-1861351454","p1":"fakuwhale","p2":"Jurassicpig44","format":"[Gen 9] VGC 2023 Regulation C","log":"|j|\u2606fakuwhale\n|j|\u2606Jurassicpig44\n|t:|1683748599\n|gametype|doubles\n|player|p1|fakuwhale|169|\n|player|p2|Jurassicpig44|2|\n|teamsize|p1|6\n|teamsize|p2|6\n|gen|9\n|tier|[Gen 9] VGC 2023 Regulation C\n|rule|Tera Type Preview: Tera Types are shown at Team Preview\n|rule|Species Clause: Limit one of each Pok\u00e9mon\n|rule|Item Clause: Limit one of each item\n|clearpoke\n|poke|p1|Gyarados, L50, F|\n|poke|p1|Flutter Mane, L50|\n|poke|p1|Talonflame, L50, M|\n|poke|p1|Iron Hands, L50|\n|poke|p1|Kingambit, L50, M|\n|poke|p1|Garchomp, L50, M|\n|poke|p2|Great Tusk, L50|\n|poke|p2|Annihilape, L50, M|\n|poke|p2|Palafin, L50, M|\n|poke|p2|Houndstone, L50, M|\n|poke|p2|Sylveon, L50, M|\n|poke|p2|Alomomola, L50, M|\n|teampreview|4\n|raw|fakuwhale's Tera Types: \/ \/ \/ \/ \/ \n|raw|Jurassicpig44's Tera Types: \/ \/ \/ \/ \/ \n|inactive|Battle timer is ON: inactive players will automatically lose when time's up. (requested by Jurassicpig44)\n|inactive|fakuwhale has 60 seconds left.\n|inactiveoff|Battle timer is now OFF.\n|c|\u2606fakuwhale|let me know when youre ready for this one\n|inactive|Battle timer is ON: inactive players will automatically lose when time's up. (requested by Jurassicpig44)\n|inactive|fakuwhale has 30 seconds left.\n|inactive|fakuwhale has 20 seconds left.\n|c|\u2606Jurassicpig44|im ready\n|inactive|fakuwhale has 15 seconds left.\n|inactive|fakuwhale has 10 seconds left.\n|inactive|fakuwhale has 5 seconds left.\n|inactiveoff|Battle timer is now OFF.\n|c|\u2606Jurassicpig44|where do we submit our results?\n|c|\u2606Jurassicpig44|pls\n|c|\u2606Jurassicpig44|where did you go\n|c|\u2606Jurassicpig44|do we just notdo the third match?\n|inactive|Battle timer is ON: inactive players will automatically lose when time's up. (requested by Jurassicpig44)\n|inactiveoff|Battle timer is now OFF.\n|c|\u2606fakuwhale|oh sorry friend, we dont need to do the third, its best of 3. Ill send you the link\n|c|\u2606Jurassicpig44|can we still do this one tho\n|c|\u2606Jurassicpig44|for fun\n|c|\u2606fakuwhale|https:\/\/www.smogon.com\/forums\/threads\/smogon-vgc-draft-i-battle-pools.3721126\/#post-9613114\n|c|\u2606fakuwhale|results get posted here\n|c|\u2606fakuwhale|sure\n|c|\u2606Jurassicpig44|ok\n|c|\u2606Jurassicpig44|yay\n|\n|t:|1683749492\n|start\n|switch|p1a: Kingambit|Kingambit, L50, M|100\/100\n|switch|p1b: Iron Hands|Iron Hands, L50|100\/100\n|switch|p2a: Palafin|Palafin, L50, M|100\/100\n|switch|p2b: Annihilape|Annihilape, L50, M|100\/100\n|turn|1\n|\n|t:|1683749508\n|-terastallize|p2a: Palafin|Fighting\n|move|p1a: Kingambit|Protect|p1a: Kingambit\n|-singleturn|p1a: Kingambit|Protect\n|move|p2a: Palafin|Blizzard|p1a: Kingambit|[spread] p1b\n|-activate|p1a: Kingambit|move: Protect\n|-damage|p1b: Iron Hands|87\/100\n|move|p2b: Annihilape|Close Combat|p1a: Kingambit\n|-activate|p1a: Kingambit|move: Protect\n|move|p1b: Iron Hands|Wild Charge|p2a: Palafin\n|-damage|p2a: Palafin|32\/100\n|-damage|p1b: Iron Hands|74\/100|[from] Recoil\n|\n|upkeep\n|turn|2\n|\n|t:|1683749528\n|detailschange|p2a: Palafin|Palafin-Hero, L50, M, tera:Fighting\n|switch|p2a: Great Tusk|Great Tusk, L50|100\/100\n|switch|p1a: Flutter Mane|Flutter Mane, L50|100\/100\n|move|p2b: Annihilape|Close Combat|p1a: Flutter Mane\n|-immune|p1a: Flutter Mane\n|move|p1b: Iron Hands|Drain Punch|p2a: Great Tusk\n|-damage|p2a: Great Tusk|69\/100\n|-heal|p1b: Iron Hands|87\/100|[from] drain|[of] p2a: Great Tusk\n|\n|upkeep\n|turn|3\n|\n|t:|1683749560\n|switch|p2b: Sylveon|Sylveon, L50, M|100\/100\n|move|p1a: Flutter Mane|Dazzling Gleam|p2a: Great Tusk|[spread] p2a,p2b\n|-supereffective|p2a: Great Tusk\n|-enditem|p2a: Great Tusk|Roseli Berry|[eat]\n|-enditem|p2a: Great Tusk|Roseli Berry|[weaken]\n|-damage|p2a: Great Tusk|21\/100\n|-damage|p2b: Sylveon|65\/100\n|move|p2a: Great Tusk|Headlong Rush|p1b: Iron Hands\n|-supereffective|p1b: Iron Hands\n|-damage|p1b: Iron Hands|0 fnt\n|-unboost|p2a: Great Tusk|def|1\n|-unboost|p2a: Great Tusk|spd|1\n|faint|p1b: Iron Hands\n|-end|p1b: Iron Hands|Quark Drive|[silent]\n|\n|upkeep\n|\n|t:|1683749580\n|switch|p1b: Kingambit|Kingambit, L50, M|100\/100\n|turn|4\n|\n|t:|1683749594\n|move|p1b: Kingambit|Protect|p1b: Kingambit\n|-singleturn|p1b: Kingambit|Protect\n|move|p1a: Flutter Mane|Dazzling Gleam|p2a: Great Tusk|[spread] p2a,p2b\n|-supereffective|p2a: Great Tusk\n|-damage|p2a: Great Tusk|0 fnt\n|-damage|p2b: Sylveon|33\/100\n|faint|p2a: Great Tusk\n|-end|p2a: Great Tusk|Protosynthesis|[silent]\n|move|p2b: Sylveon|Wish|p2b: Sylveon\n|\n|upkeep\n|\n|t:|1683749603\n|switch|p2a: Palafin|Palafin-Hero, L50, M, tera:Fighting|32\/100\n|-activate|p2a: Palafin|ability: Zero to Hero\n|turn|5\n|\n|t:|1683749619\n|move|p2b: Sylveon|Protect|p2b: Sylveon\n|-singleturn|p2b: Sylveon|Protect\n|move|p1b: Kingambit|Sucker Punch|p2a: Palafin\n|-resisted|p2a: Palafin\n|-damage|p2a: Palafin|7\/100\n|move|p1a: Flutter Mane|Dazzling Gleam|p2b: Sylveon|[spread] p2a\n|-activate|p2b: Sylveon|move: Protect\n|-supereffective|p2a: Palafin\n|-damage|p2a: Palafin|0 fnt\n|faint|p2a: Palafin\n|\n|-heal|p2b: Sylveon|83\/100|[from] move: Wish|[wisher] Sylveon\n|upkeep\n|\n|t:|1683749628\n|switch|p2a: Annihilape|Annihilape, L50, M|100\/100\n|turn|6\n|\n|t:|1683749638\n|move|p1b: Kingambit|Sucker Punch|p2a: Annihilape\n|-damage|p2a: Annihilape|43\/100\n|move|p1a: Flutter Mane|Dazzling Gleam|p2b: Sylveon|[spread] p2a,p2b\n|-supereffective|p2a: Annihilape\n|-damage|p2a: Annihilape|0 fnt\n|-damage|p2b: Sylveon|49\/100\n|faint|p2a: Annihilape\n|move|p2b: Sylveon|Wish|p2b: Sylveon\n|\n|upkeep\n|turn|7\n|\n|t:|1683749651\n|move|p2b: Sylveon|Protect|p2b: Sylveon\n|-singleturn|p2b: Sylveon|Protect\n|move|p1b: Kingambit|Sucker Punch||[still]\n|-fail|p1b: Kingambit\n|move|p1a: Flutter Mane|Dazzling Gleam|p2b: Sylveon\n|-activate|p2b: Sylveon|move: Protect\n|\n|-heal|p2b: Sylveon|99\/100|[from] move: Wish|[wisher] Sylveon\n|upkeep\n|turn|8\n|inactive|Battle timer is ON: inactive players will automatically lose when time's up. (requested by Jurassicpig44)\n|\n|t:|1683749665\n|-terastallize|p1b: Kingambit|Dark\n|move|p1a: Flutter Mane|Dazzling Gleam|p2b: Sylveon\n|-damage|p2b: Sylveon|56\/100\n|move|p2b: Sylveon|Yawn|p1a: Flutter Mane\n|-start|p1a: Flutter Mane|move: Yawn|[of] p2b: Sylveon\n|move|p1b: Kingambit|Kowtow Cleave|p2b: Sylveon\n|-resisted|p2b: Sylveon\n|-damage|p2b: Sylveon|20\/100\n|\n|upkeep\n|turn|9\n|\n|t:|1683749680\n|move|p2b: Sylveon|Protect|p2b: Sylveon\n|-singleturn|p2b: Sylveon|Protect\n|move|p1a: Flutter Mane|Dazzling Gleam|p2b: Sylveon\n|-activate|p2b: Sylveon|move: Protect\n|move|p1b: Kingambit|Swords Dance|p1b: Kingambit\n|-boost|p1b: Kingambit|atk|2\n|\n|-end|p1a: Flutter Mane|move: Yawn|[silent]\n|-status|p1a: Flutter Mane|slp\n|upkeep\n|turn|10\n|\n|t:|1683749691\n|cant|p1a: Flutter Mane|slp\n|move|p2b: Sylveon|Wish|p2b: Sylveon\n|move|p1b: Kingambit|Kowtow Cleave|p2b: Sylveon\n|-resisted|p2b: Sylveon\n|-damage|p2b: Sylveon|0 fnt\n|faint|p2b: Sylveon\n|\n|win|fakuwhale\n|l|\u2606Jurassicpig44\n|j|\u2606Jurassicpig44\n|player|p2|Jurassicpig44|2\n|l|\u2606fakuwhale\n","uploadtime":1683749839,"views":10,"p1id":"fakuwhale","p2id":"jurassicpig44","formatid":"gen9vgc2023regulationc","rating":0,"private":0,"password":""}