{"id":"gen9vgc2023regulationc-1856333645","p1":"Im so bad lolol","p2":"Kobazco","format":"[Gen 9] VGC 2023 Regulation C","log":"|j|\u2606Im so bad lolol\n|j|\u2606Kobazco\n|t:|1683051727\n|gametype|doubles\n|player|p1|Im so bad lolol|dragontamer|1146\n|player|p2|Kobazco|lady-gen4|1136\n|teamsize|p1|6\n|teamsize|p2|6\n|gen|9\n|tier|[Gen 9] VGC 2023 Regulation C\n|rated|\n|rule|Species Clause: Limit one of each Pok\u00e9mon\n|rule|Item Clause: Limit one of each item\n|clearpoke\n|poke|p1|Klawf, L50, F|\n|poke|p1|Lumineon, L50, F|\n|poke|p1|Hariyama, L50, M|\n|poke|p1|Mimikyu, L50, F|\n|poke|p1|Wo-Chien, L50|\n|poke|p1|Scizor, L50, F|\n|poke|p2|Ceruledge, L50, F|\n|poke|p2|Corviknight, L50, M|\n|poke|p2|Arboliva, L50, F|\n|poke|p2|Arcanine, L50, M|\n|poke|p2|Ting-Lu, L50|\n|poke|p2|Flutter Mane, L50|\n|teampreview|4\n|inactive|Battle timer is ON: inactive players will automatically lose when time's up. (requested by Im so bad lolol)\nKobazco has agreed to open team sheets.\nIm so bad lolol has agreed to open team sheets.\n|inactive|Kobazco has 60 seconds left.\n|inactive|Kobazco has 30 seconds left.\n|\n|t:|1683051793\n|start\n|switch|p1a: Klawf|Klawf, L50, F|100\/100\n|switch|p1b: Lumineon|Lumineon, L50, F|100\/100\n|switch|p2a: Ceruledge|Ceruledge, L50, F|100\/100\n|switch|p2b: Arboliva|Arboliva, L50, F, shiny|100\/100\n|turn|1\n|inactive|Im so bad lolol has 30 seconds left.\n|inactive|Kobazco has 30 seconds left.\n|inactive|Im so bad lolol has 20 seconds left.\n|\n|t:|1683051831\n|-terastallize|p2a: Ceruledge|Grass\n|move|p1b: Lumineon|Surf|p2a: Ceruledge|[spread] p1a,p2a,p2b\n|-supereffective|p1a: Klawf\n|-resisted|p2a: Ceruledge\n|-resisted|p2b: Arboliva\n|-damage|p1a: Klawf|42\/100\n|-damage|p2a: Ceruledge|92\/100\n|-damage|p2b: Arboliva|94\/100\n|-enditem|p1a: Klawf|Weakness Policy\n|-boost|p1a: Klawf|atk|2|[from] item: Weakness Policy\n|-boost|p1a: Klawf|spa|2|[from] item: Weakness Policy\n|-ability|p1a: Klawf|Anger Shell|boost\n|-boost|p1a: Klawf|atk|1\n|-boost|p1a: Klawf|spa|1\n|-boost|p1a: Klawf|spe|1\n|-unboost|p1a: Klawf|def|1\n|-unboost|p1a: Klawf|spd|1\n|move|p1a: Klawf|Rock Slide|p2a: Ceruledge|[spread] p2a,p2b\n|-damage|p2a: Ceruledge|30\/100\n|-damage|p2b: Arboliva|37\/100\n|-enditem|p2b: Arboliva|Sitrus Berry|[eat]\n|-heal|p2b: Arboliva|62\/100|[from] item: Sitrus Berry\n|cant|p2a: Ceruledge|flinch\n|cant|p2b: Arboliva|flinch\n|\n|-heal|p2a: Ceruledge|37\/100|[from] item: Leftovers\n|upkeep\n|turn|2\n|c|\u2606Im so bad lolol|lol\n|c|\u2606Im so bad lolol|my b\n|inactive|Im so bad lolol has 30 seconds left.\n|inactive|Im so bad lolol has 20 seconds left.\n|inactive|Im so bad lolol has 15 seconds left.\n|\n|t:|1683051873\n|move|p1a: Klawf|Protect|p1a: Klawf\n|-singleturn|p1a: Klawf|Protect\n|move|p2a: Ceruledge|Protect|p2a: Ceruledge\n|-singleturn|p2a: Ceruledge|Protect\n|move|p1b: Lumineon|Surf|p2b: Arboliva|[spread] p2b\n|-activate|p1a: Klawf|move: Protect\n|-activate|p2a: Ceruledge|move: Protect\n|-resisted|p2b: Arboliva\n|-damage|p2b: Arboliva|55\/100\n|move|p2b: Arboliva|Giga Drain|p1a: Klawf\n|-activate|p1a: Klawf|move: Protect\n|\n|-heal|p2a: Ceruledge|43\/100|[from] item: Leftovers\n|-item|p2b: Arboliva|Sitrus Berry|[from] ability: Harvest\n|upkeep\n|turn|3\n|\n|t:|1683051897\n|move|p1b: Lumineon|Helping Hand|p1a: Klawf\n|-singleturn|p1a: Klawf|Helping Hand|[of] p1b: Lumineon\n|move|p2b: Arboliva|Protect|p2b: Arboliva\n|-singleturn|p2b: Arboliva|Protect\n|move|p2a: Ceruledge|Shadow Sneak|p1a: Klawf\n|-damage|p1a: Klawf|17\/100\n|move|p1a: Klawf|Rock Slide|p2b: Arboliva|[spread] p2a\n|-activate|p2b: Arboliva|move: Protect\n|-damage|p2a: Ceruledge|0 fnt\n|faint|p2a: Ceruledge\n|\n|upkeep\n|\n|t:|1683051909\n|switch|p2a: Flutter Mane|Flutter Mane, L50|100\/100\n|turn|4\n|\n|t:|1683051930\n|move|p1a: Klawf|Protect|p1a: Klawf\n|-singleturn|p1a: Klawf|Protect\n|move|p2a: Flutter Mane|Shadow Ball|p1a: Klawf\n|-activate|p1a: Klawf|move: Protect\n|move|p1b: Lumineon|Tailwind|p1b: Lumineon\n|-sidestart|p1: Im so bad lolol|move: Tailwind\n|move|p2b: Arboliva|Giga Drain|p1b: Lumineon\n|-supereffective|p1b: Lumineon\n|-damage|p1b: Lumineon|29\/100\n|-heal|p2b: Arboliva|89\/100|[from] drain|[of] p1b: Lumineon\n|\n|upkeep\n|turn|5\n|\n|t:|1683051956\n|move|p1b: Lumineon|Helping Hand|p1a: Klawf\n|-singleturn|p1a: Klawf|Helping Hand|[of] p1b: Lumineon\n|move|p1a: Klawf|Rock Slide|p2a: Flutter Mane|[spread] p2a,p2b\n|-enditem|p2a: Flutter Mane|Focus Sash\n|-damage|p2a: Flutter Mane|1\/100\n|-damage|p2b: Arboliva|16\/100\n|-enditem|p2b: Arboliva|Sitrus Berry|[eat]\n|-heal|p2b: Arboliva|41\/100|[from] item: Sitrus Berry\n|cant|p2a: Flutter Mane|flinch\n|move|p2b: Arboliva|Giga Drain|p1b: Lumineon\n|-supereffective|p1b: Lumineon\n|-damage|p1b: Lumineon|0 fnt\n|-heal|p2b: Arboliva|55\/100|[from] drain|[of] p1b: Lumineon\n|faint|p1b: Lumineon\n|\n|upkeep\n|c|\u2606Im so bad lolol|no way\n|c|\u2606Im so bad lolol|im so sorry\n|\n|t:|1683051979\n|switch|p1b: Scizor|Scizor, L50, F|100\/100\n|turn|6\n|inactive|Kobazco has 30 seconds left.\n|inactive|Kobazco has 20 seconds left.\n|inactive|Kobazco has 15 seconds left.\n|\n|t:|1683052022\n|-end|p2a: Flutter Mane|Protosynthesis|[silent]\n|switch|p2a: Corviknight|Corviknight, L50, M|100\/100\n|move|p2b: Arboliva|Protect|p2b: Arboliva\n|-singleturn|p2b: Arboliva|Protect\n|move|p1b: Scizor|Bullet Punch|p2a: Corviknight\n|-resisted|p2a: Corviknight\n|-damage|p2a: Corviknight|89\/100\n|move|p1a: Klawf|X-Scissor|p2b: Arboliva\n|-activate|p2b: Arboliva|move: Protect\n|\n|-item|p2b: Arboliva|Sitrus Berry|[from] ability: Harvest\n|upkeep\n|turn|7\n|inactive|Kobazco has 30 seconds left.\n|inactive|Im so bad lolol has 30 seconds left.\n|inactive|Kobazco has 20 seconds left.\n|\n|t:|1683052066\n|move|p1a: Klawf|Protect|p1a: Klawf\n|-singleturn|p1a: Klawf|Protect\n|move|p2b: Arboliva|Protect||[still]\n|-fail|p2b: Arboliva\n|move|p1b: Scizor|U-turn|p2a: Corviknight\n|-resisted|p2a: Corviknight\n|-damage|p2a: Corviknight|81\/100\n|\n|t:|1683052073\n|switch|p1b: Hariyama|Hariyama, L50, M|100\/100|[from] U-turn\n|move|p2a: Corviknight|Brave Bird|p1a: Klawf\n|-activate|p1a: Klawf|move: Protect\n|\n|-sideend|p1: Im so bad lolol|move: Tailwind\n|-status|p1b: Hariyama|brn|[from] item: Flame Orb\n|upkeep\n|turn|8\n|inactive|Kobazco has 30 seconds left.\n|\n|t:|1683052106\n|switch|p2a: Flutter Mane|Flutter Mane, L50|1\/100\n|move|p2b: Arboliva|Protect|p2b: Arboliva\n|-singleturn|p2b: Arboliva|Protect\n|move|p1b: Hariyama|Fake Out|p2a: Flutter Mane\n|-immune|p2a: Flutter Mane\n|move|p1a: Klawf|Rock Slide|p2a: Flutter Mane|[spread] p2a\n|-activate|p2b: Arboliva|move: Protect\n|-damage|p2a: Flutter Mane|0 fnt\n|faint|p2a: Flutter Mane\n|-end|p2a: Flutter Mane|Protosynthesis|[silent]\n|\n|-damage|p1b: Hariyama|95\/100 brn|[from] brn\n|upkeep\n|\n|t:|1683052114\n|switch|p2a: Corviknight|Corviknight, L50, M|81\/100\n|turn|9\n|\n|t:|1683052138\n|move|p1a: Klawf|Protect|p1a: Klawf\n|-singleturn|p1a: Klawf|Protect\n|move|p2a: Corviknight|Brave Bird|p1a: Klawf\n|-activate|p1a: Klawf|move: Protect\n|move|p2b: Arboliva|Leech Seed|p1b: Hariyama\n|-start|p1b: Hariyama|move: Leech Seed\n|move|p1b: Hariyama|Close Combat|p2a: Corviknight\n|-damage|p2a: Corviknight|3\/100\n|-unboost|p1b: Hariyama|def|1\n|-unboost|p1b: Hariyama|spd|1\n|\n|-damage|p1b: Hariyama|82\/100 brn|[from] Leech Seed|[of] p2b: Arboliva\n|-heal|p2b: Arboliva|71\/100|[silent]\n|-damage|p1b: Hariyama|76\/100 brn|[from] brn\n|upkeep\n|turn|10\n|\n|t:|1683052163\n|move|p1a: Klawf|Rock Slide|p2a: Corviknight|[spread] p2b\n|-miss|p1a: Klawf|p2a: Corviknight\n|-damage|p2b: Arboliva|16\/100\n|-enditem|p2b: Arboliva|Sitrus Berry|[eat]\n|-heal|p2b: Arboliva|41\/100|[from] item: Sitrus Berry\n|move|p2a: Corviknight|Brave Bird|p1b: Hariyama\n|-supereffective|p1b: Hariyama\n|-damage|p1b: Hariyama|0 fnt\n|faint|p1b: Hariyama\n|-damage|p2a: Corviknight|0 fnt|[from] Recoil\n|faint|p2a: Corviknight\n|move|p2b: Arboliva|Giga Drain|p1a: Klawf\n|-supereffective|p1a: Klawf\n|-damage|p1a: Klawf|0 fnt\n|-heal|p2b: Arboliva|49\/100|[from] drain|[of] p1a: Klawf\n|faint|p1a: Klawf\n|\n|upkeep\n|\n|t:|1683052181\n|switch|p1b: Scizor|Scizor, L50, F|100\/100\n|turn|11\n|\n|t:|1683052196\n|move|p2b: Arboliva|Protect|p2b: Arboliva\n|-singleturn|p2b: Arboliva|Protect\n|move|p1b: Scizor|U-turn|p2b: Arboliva\n|-activate|p2b: Arboliva|move: Protect\n|\n|-item|p2b: Arboliva|Sitrus Berry|[from] ability: Harvest\n|upkeep\n|-enditem|p2b: Arboliva|Sitrus Berry|[eat]\n|-heal|p2b: Arboliva|74\/100|[from] item: Sitrus Berry\n|turn|12\n|\n|t:|1683052214\n|move|p1b: Scizor|Pounce|p2b: Arboliva\n|-supereffective|p2b: Arboliva\n|-damage|p2b: Arboliva|0 fnt\n|faint|p2b: Arboliva\n|\n|win|Im so bad lolol\n|raw|Im so bad lolol's rating: 1146 → 1170<\/strong> (+24 for winning)\n|raw|Kobazco's rating: 1136 → 1112<\/strong> (-24 for losing)\n|l|\u2606Im so bad lolol\n|c|\u2606Kobazco|this might be the most unfortunate game of showdown to ever happen\n","uploadtime":1683052233,"views":17,"p1id":"imsobadlolol","p2id":"kobazco","formatid":"gen9vgc2023regulationc","rating":1112,"private":0,"password":""}