{"id":"gen9vgc2023regulationc-1846665462","p1":"MingKangu","p2":"LordSno","format":"[Gen 9] VGC 2023 Regulation C","log":"|j|\u2606MingKangu\n|j|\u2606LordSno\n|t:|1681863367\n|gametype|doubles\n|player|p1|MingKangu|102|1253\n|player|p2|LordSno|steven|1284\n|teamsize|p1|6\n|teamsize|p2|6\n|gen|9\n|tier|[Gen 9] VGC 2023 Regulation C\n|rated|\n|rule|Species Clause: Limit one of each Pok\u00e9mon\n|rule|Item Clause: Limit one of each item\n|clearpoke\n|poke|p1|Arcanine, L50, M|\n|poke|p1|Amoonguss, L50, F|\n|poke|p1|Palafin, L50, M|\n|poke|p1|Flutter Mane, L50|\n|poke|p1|Chien-Pao, L50|\n|poke|p1|Dragapult, L50, M|\n|poke|p2|Chi-Yu, L50|\n|poke|p2|Flutter Mane, L50|\n|poke|p2|Torkoal, L50, F|\n|poke|p2|Jumpluff, L50, M|\n|poke|p2|Great Tusk, L50|\n|poke|p2|Wo-Chien, L50|\n|teampreview|4\nMingKangu has agreed to open team sheets.\n|\n|t:|1681863401\n|start\n|switch|p1a: Palafin|Palafin, L50, M|100\/100\n|switch|p1b: Dragapult|Dragapult, L50, M, shiny|100\/100\n|switch|p2a: Jumpluff|Jumpluff, L50, M|100\/100\n|switch|p2b: Torkoal|Torkoal, L50, F|100\/100\n|-weather|SunnyDay|[from] ability: Drought|[of] p2b: Torkoal\n|turn|1\n|\n|t:|1681863431\n|-terastallize|p1a: Palafin|Water\n|move|p2a: Jumpluff|Sleep Powder|p1a: Palafin|[miss]\n|-miss|p2a: Jumpluff|p1a: Palafin\n|move|p1b: Dragapult|Dragon Darts|p2a: Jumpluff\n|-damage|p2a: Jumpluff|49\/100\n|-anim|p1b: Dragapult|Dragon Darts|p2b: Torkoal\n|-damage|p2b: Torkoal|69\/100\n|move|p1a: Palafin|Wave Crash|p2b: Torkoal\n|-supereffective|p2b: Torkoal\n|-damage|p2b: Torkoal|13\/100\n|-damage|p1a: Palafin|85\/100|[from] Recoil\n|move|p2b: Torkoal|Yawn|p1b: Dragapult\n|-start|p1b: Dragapult|move: Yawn|[of] p2b: Torkoal\n|\n|-weather|SunnyDay|[upkeep]\n|upkeep\n|turn|2\n|inactive|Battle timer is ON: inactive players will automatically lose when time's up. (requested by MingKangu)\n|\n|t:|1681863463\n|switch|p1b: Amoonguss|Amoonguss, L50, F, shiny|100\/100\n|switch|p2b: Wo-Chien|Wo-Chien, L50|100\/100\n|-ability|p2b: Wo-Chien|Tablets of Ruin\n|move|p1a: Palafin|Protect|p1a: Palafin\n|-singleturn|p1a: Palafin|Protect\n|move|p2a: Jumpluff|Strength Sap|p1a: Palafin\n|-activate|p1a: Palafin|move: Protect\n|\n|-weather|SunnyDay|[upkeep]\n|upkeep\n|turn|3\n|\n|t:|1681863482\n|detailschange|p1a: Palafin|Palafin-Hero, L50, M, tera:Water\n|switch|p1a: Dragapult|Dragapult, L50, M, shiny|100\/100\n|move|p1b: Amoonguss|Rage Powder|p1b: Amoonguss\n|-singleturn|p1b: Amoonguss|move: Rage Powder\n|move|p2a: Jumpluff|Strength Sap|p1a: Dragapult\n|-fail|p1a: Dragapult|unboost|[from] ability: Clear Body|[of] p1a: Dragapult\n|-heal|p2a: Jumpluff|100\/100\n|move|p2b: Wo-Chien|Ruination|p1b: Amoonguss|[miss]\n|-miss|p2b: Wo-Chien|p1b: Amoonguss\n|\n|-weather|SunnyDay|[upkeep]\n|upkeep\n|turn|4\n|\n|t:|1681863501\n|move|p2a: Jumpluff|Tailwind|p2a: Jumpluff\n|-sidestart|p2: LordSno|move: Tailwind\n|move|p1a: Dragapult|U-turn|p2b: Wo-Chien\n|-supereffective|p2b: Wo-Chien\n|-damage|p2b: Wo-Chien|9\/100\n|\n|t:|1681863506\n|switch|p1a: Palafin|Palafin-Hero, L50, M, tera:Water|85\/100|[from] U-turn\n|-activate|p1a: Palafin|ability: Zero to Hero\n|move|p2b: Wo-Chien|Ruination|p1a: Palafin\n|-damage|p1a: Palafin|43\/100\n|move|p1b: Amoonguss|Pollen Puff|p1a: Palafin\n|-heal|p1a: Palafin|92\/100\n|\n|-weather|SunnyDay|[upkeep]\n|-heal|p2b: Wo-Chien|15\/100|[from] item: Leftovers\n|upkeep\n|turn|5\n|inactive|MingKangu has 30 seconds left.\n|\n|t:|1681863537\n|switch|p2a: Chi-Yu|Chi-Yu, L50|100\/100\n|-ability|p2a: Chi-Yu|Beads of Ruin\n|move|p2b: Wo-Chien|Protect|p2b: Wo-Chien\n|-singleturn|p2b: Wo-Chien|Protect\n|move|p1a: Palafin|Wave Crash|p2b: Wo-Chien\n|-activate|p2b: Wo-Chien|move: Protect\n|move|p1b: Amoonguss|Pollen Puff|p2b: Wo-Chien\n|-activate|p2b: Wo-Chien|move: Protect\n|\n|-weather|none\n|-heal|p2b: Wo-Chien|21\/100|[from] item: Leftovers\n|upkeep\n|turn|6\n|inactive|MingKangu has 30 seconds left.\n|\n|t:|1681863567\n|switch|p2b: Torkoal|Torkoal, L50, F|13\/100\n|-weather|SunnyDay|[from] ability: Drought|[of] p2b: Torkoal\n|move|p2a: Chi-Yu|Protect|p2a: Chi-Yu\n|-singleturn|p2a: Chi-Yu|Protect\n|move|p1b: Amoonguss|Protect|p1b: Amoonguss\n|-singleturn|p1b: Amoonguss|Protect\n|move|p1a: Palafin|Jet Punch|p2a: Chi-Yu\n|-activate|p2a: Chi-Yu|move: Protect\n|\n|-weather|SunnyDay|[upkeep]\n|upkeep\n|turn|7\n|inactive|MingKangu has 30 seconds left.\n|inactive|MingKangu has 20 seconds left.\n|\n|t:|1681863604\n|switch|p1b: Dragapult|Dragapult, L50, M, shiny|100\/100\n|move|p2a: Chi-Yu|Heat Wave|p1b: Dragapult|[spread] p1a,p1b\n|-resisted|p1a: Palafin\n|-resisted|p1b: Dragapult\n|-damage|p1a: Palafin|49\/100\n|-damage|p1b: Dragapult|27\/100\n|-damage|p2a: Chi-Yu|90\/100|[from] item: Life Orb\n|move|p1a: Palafin|Wave Crash|p2a: Chi-Yu\n|-supereffective|p2a: Chi-Yu\n|-damage|p2a: Chi-Yu|0 fnt\n|faint|p2a: Chi-Yu\n|-damage|p1a: Palafin|30\/100|[from] Recoil\n|move|p2b: Torkoal|Solar Beam||[still]\n|-prepare|p2b: Torkoal|Solar Beam\n|-anim|p2b: Torkoal|Solar Beam|p1a: Palafin\n|-supereffective|p1a: Palafin\n|-damage|p1a: Palafin|0 fnt\n|faint|p1a: Palafin\n|\n|-weather|SunnyDay|[upkeep]\n|-sideend|p2: LordSno|move: Tailwind\n|upkeep\n|\n|t:|1681863624\n|switch|p2a: Jumpluff|Jumpluff, L50, M|100\/100\n|switch|p1a: Flutter Mane|Flutter Mane, L50|100\/100\n|-activate|p1a: Flutter Mane|ability: Protosynthesis\n|-start|p1a: Flutter Mane|protosynthesisspe\n|turn|8\n|\n|t:|1681863637\n|move|p2a: Jumpluff|Sleep Powder|p1a: Flutter Mane\n|-status|p1a: Flutter Mane|slp|[from] move: Sleep Powder\n|cant|p1a: Flutter Mane|slp\n|move|p1b: Dragapult|Dragon Darts|p2a: Jumpluff\n|-damage|p2a: Jumpluff|53\/100\n|-anim|p1b: Dragapult|Dragon Darts|p2b: Torkoal\n|-damage|p2b: Torkoal|0 fnt\n|faint|p2b: Torkoal\n|\n|-weather|SunnyDay|[upkeep]\n|upkeep\n|\n|t:|1681863644\n|switch|p2b: Wo-Chien|Wo-Chien, L50|21\/100\n|-ability|p2b: Wo-Chien|Tablets of Ruin\n|turn|9\n|\n|t:|1681863667\n|switch|p1b: Amoonguss|Amoonguss, L50, F, shiny|100\/100\n|move|p2a: Jumpluff|Sleep Powder|p1b: Amoonguss\n|-immune|p1b: Amoonguss\n|cant|p1a: Flutter Mane|slp\n|move|p2b: Wo-Chien|Leech Seed|p1a: Flutter Mane\n|-start|p1a: Flutter Mane|move: Leech Seed\n|\n|-weather|SunnyDay|[upkeep]\n|-heal|p2b: Wo-Chien|28\/100|[from] item: Leftovers\n|-damage|p1a: Flutter Mane|88\/100 slp|[from] Leech Seed|[of] p2b: Wo-Chien\n|-heal|p2b: Wo-Chien|36\/100|[silent]\n|upkeep\n|turn|10\n|inactive|MingKangu has 30 seconds left.\n|\n|t:|1681863698\n|-terastallize|p2b: Wo-Chien|Fire\n|move|p2a: Jumpluff|Tailwind|p2a: Jumpluff\n|-sidestart|p2: LordSno|move: Tailwind\n|cant|p1a: Flutter Mane|slp\n|move|p2b: Wo-Chien|Giga Drain|p1a: Flutter Mane\n|-damage|p1a: Flutter Mane|60\/100 slp\n|-heal|p2b: Wo-Chien|46\/100|[from] drain|[of] p1a: Flutter Mane\n|move|p1b: Amoonguss|Pollen Puff|p2a: Jumpluff\n|-damage|p2a: Jumpluff|34\/100\n|\n|-weather|none\n|-end|p1a: Flutter Mane|Protosynthesis\n|-heal|p2b: Wo-Chien|52\/100|[from] item: Leftovers\n|-damage|p1a: Flutter Mane|48\/100 slp|[from] Leech Seed|[of] p2b: Wo-Chien\n|-heal|p2b: Wo-Chien|60\/100|[silent]\n|upkeep\n|-enditem|p1a: Flutter Mane|Booster Energy\n|-activate|p1a: Flutter Mane|ability: Protosynthesis|[fromitem]\n|-start|p1a: Flutter Mane|protosynthesisspe\n|turn|11\n|inactive|MingKangu has 30 seconds left.\n|inactive|LordSno has 30 seconds left.\n|inactive|MingKangu has 20 seconds left.\n|inactive|LordSno has 20 seconds left.\n|\n|t:|1681863738\n|-end|p1a: Flutter Mane|Protosynthesis|[silent]\n|switch|p1a: Dragapult|Dragapult, L50, M, shiny|27\/100\n|move|p2a: Jumpluff|Leaf Storm|p1a: Dragapult\n|-resisted|p1a: Dragapult\n|-damage|p1a: Dragapult|6\/100\n|-unboost|p2a: Jumpluff|spa|2\n|move|p2b: Wo-Chien|Ruination|p1b: Amoonguss\n|-damage|p1b: Amoonguss|51\/100\n|move|p1b: Amoonguss|Spore|p2b: Wo-Chien\n|-status|p2b: Wo-Chien|slp|[from] move: Spore\n|\n|-heal|p2b: Wo-Chien|67\/100 slp|[from] item: Leftovers\n|upkeep\n|turn|12\n|inactive|MingKangu has 30 seconds left.\n|\n|t:|1681863764\n|switch|p1a: Flutter Mane|Flutter Mane, L50|48\/100 slp\n|cant|p2b: Wo-Chien|slp\n|move|p2a: Jumpluff|Leaf Storm|p1a: Flutter Mane\n|-damage|p1a: Flutter Mane|33\/100 slp\n|-unboost|p2a: Jumpluff|spa|2\n|move|p1b: Amoonguss|Pollen Puff|p1a: Flutter Mane\n|-heal|p1a: Flutter Mane|83\/100 slp\n|\n|-heal|p2b: Wo-Chien|73\/100 slp|[from] item: Leftovers\n|upkeep\n|turn|13\n|\n|t:|1681863785\n|switch|p1b: Dragapult|Dragapult, L50, M, shiny|6\/100\n|move|p2a: Jumpluff|Leaf Storm|p1b: Dragapult\n|-resisted|p1b: Dragapult\n|-damage|p1b: Dragapult|0 fnt\n|-unboost|p2a: Jumpluff|spa|2\n|faint|p1b: Dragapult\n|-curestatus|p1a: Flutter Mane|slp|[msg]\n|move|p1a: Flutter Mane|Shadow Ball|p2b: Wo-Chien\n|-damage|p2b: Wo-Chien|49\/100 slp\n|cant|p2b: Wo-Chien|slp\n|\n|-heal|p2b: Wo-Chien|56\/100 slp|[from] item: Leftovers\n|-sideend|p2: LordSno|move: Tailwind\n|upkeep\n|\n|t:|1681863799\n|switch|p1b: Amoonguss|Amoonguss, L50, F, shiny|84\/100\n|turn|14\n|\n|t:|1681863810\n|cant|p2b: Wo-Chien|slp\n|move|p1a: Flutter Mane|Dazzling Gleam|p2a: Jumpluff|[spread] p2a,p2b\n|-resisted|p2b: Wo-Chien\n|-damage|p2a: Jumpluff|1\/100\n|-damage|p2b: Wo-Chien|46\/100 slp\n|move|p2a: Jumpluff|Sleep Powder|p1a: Flutter Mane\n|-status|p1a: Flutter Mane|slp|[from] move: Sleep Powder\n|move|p1b: Amoonguss|Pollen Puff|p1a: Flutter Mane\n|-heal|p1a: Flutter Mane|100\/100 slp\n|\n|-heal|p2b: Wo-Chien|53\/100 slp|[from] item: Leftovers\n|upkeep\n|turn|15\n|\n|t:|1681863828\n|cant|p1a: Flutter Mane|slp\n|move|p2a: Jumpluff|Strength Sap|p1a: Flutter Mane\n|-unboost|p1a: Flutter Mane|atk|1\n|-heal|p2a: Jumpluff|31\/100\n|-curestatus|p2b: Wo-Chien|slp|[msg]\n|move|p2b: Wo-Chien|Leech Seed|p1a: Flutter Mane\n|-start|p1a: Flutter Mane|move: Leech Seed\n|move|p1b: Amoonguss|Pollen Puff|p2a: Jumpluff\n|-damage|p2a: Jumpluff|10\/100\n|\n|-heal|p2b: Wo-Chien|59\/100|[from] item: Leftovers\n|-damage|p1a: Flutter Mane|88\/100 slp|[from] Leech Seed|[of] p2b: Wo-Chien\n|-heal|p2b: Wo-Chien|67\/100|[silent]\n|upkeep\n|turn|16\n|\n|t:|1681863846\n|cant|p1a: Flutter Mane|slp\n|move|p2a: Jumpluff|Leaf Storm|p1a: Flutter Mane\n|-damage|p1a: Flutter Mane|81\/100 slp\n|move|p2b: Wo-Chien|Ruination|p1a: Flutter Mane\n|-damage|p1a: Flutter Mane|41\/100 slp\n|move|p1b: Amoonguss|Spore|p2b: Wo-Chien\n|-status|p2b: Wo-Chien|slp|[from] move: Spore\n|\n|-heal|p2b: Wo-Chien|73\/100 slp|[from] item: Leftovers\n|-damage|p1a: Flutter Mane|29\/100 slp|[from] Leech Seed|[of] p2b: Wo-Chien\n|-heal|p2b: Wo-Chien|82\/100 slp|[silent]\n|upkeep\n|turn|17\n|\n|t:|1681863861\n|cant|p2b: Wo-Chien|slp\n|-curestatus|p1a: Flutter Mane|slp|[msg]\n|move|p1a: Flutter Mane|Dazzling Gleam|p2b: Wo-Chien|[spread] p2a,p2b\n|-resisted|p2b: Wo-Chien\n|-crit|p2b: Wo-Chien\n|-damage|p2a: Jumpluff|0 fnt\n|-damage|p2b: Wo-Chien|69\/100 slp\n|faint|p2a: Jumpluff\n|move|p1b: Amoonguss|Pollen Puff|p1a: Flutter Mane\n|-heal|p1a: Flutter Mane|78\/100\n|\n|-heal|p2b: Wo-Chien|75\/100 slp|[from] item: Leftovers\n|-damage|p1a: Flutter Mane|66\/100|[from] Leech Seed|[of] p2b: Wo-Chien\n|-heal|p2b: Wo-Chien|84\/100 slp|[silent]\n|upkeep\n|turn|18\n|inactive|MingKangu has 30 seconds left.\n|\n|t:|1681863886\n|cant|p2b: Wo-Chien|slp\n|move|p1a: Flutter Mane|Shadow Ball|p2b: Wo-Chien\n|-damage|p2b: Wo-Chien|60\/100 slp\n|move|p1b: Amoonguss|Pollen Puff|p1a: Flutter Mane\n|-heal|p1a: Flutter Mane|100\/100\n|\n|-heal|p2b: Wo-Chien|67\/100 slp|[from] item: Leftovers\n|-damage|p1a: Flutter Mane|88\/100|[from] Leech Seed|[of] p2b: Wo-Chien\n|-heal|p2b: Wo-Chien|75\/100 slp|[silent]\n|upkeep\n|turn|19\n|inactive|MingKangu has 30 seconds left.\n|\n|t:|1681863917\n|move|p1a: Flutter Mane|Shadow Ball|p2b: Wo-Chien\n|-damage|p2b: Wo-Chien|49\/100 slp\n|-curestatus|p2b: Wo-Chien|slp|[msg]\n|move|p2b: Wo-Chien|Ruination|p1a: Flutter Mane\n|-damage|p1a: Flutter Mane|45\/100\n|move|p1b: Amoonguss|Pollen Puff|p1a: Flutter Mane\n|-heal|p1a: Flutter Mane|94\/100\n|\n|-heal|p2b: Wo-Chien|56\/100|[from] item: Leftovers\n|-damage|p1a: Flutter Mane|82\/100|[from] Leech Seed|[of] p2b: Wo-Chien\n|-heal|p2b: Wo-Chien|64\/100|[silent]\n|upkeep\n|turn|20\n|inactive|MingKangu has 30 seconds left this turn.\n|inactive|MingKangu has 20 seconds left.\n|inactive|MingKangu has 15 seconds left.\n|\n|t:|1681863933\n|move|p2b: Wo-Chien|Protect|p2b: Wo-Chien\n|-singleturn|p2b: Wo-Chien|Protect\n|move|p1a: Flutter Mane|Shadow Ball|p2b: Wo-Chien\n|-activate|p2b: Wo-Chien|move: Protect\n|move|p1b: Amoonguss|Spore|p2b: Wo-Chien\n|-activate|p2b: Wo-Chien|move: Protect\n|\n|-heal|p2b: Wo-Chien|70\/100|[from] item: Leftovers\n|-damage|p1a: Flutter Mane|70\/100|[from] Leech Seed|[of] p2b: Wo-Chien\n|-heal|p2b: Wo-Chien|79\/100|[silent]\n|upkeep\n|turn|21\n|inactive|MingKangu has 15 seconds left this turn.\n|inactive|MingKangu has 10 seconds left.\n|\n|t:|1681863945\n|move|p1a: Flutter Mane|Shadow Ball|p2b: Wo-Chien\n|-damage|p2b: Wo-Chien|57\/100\n|move|p2b: Wo-Chien|Giga Drain|p1a: Flutter Mane\n|-damage|p1a: Flutter Mane|42\/100\n|-heal|p2b: Wo-Chien|66\/100|[from] drain|[of] p1a: Flutter Mane\n|move|p1b: Amoonguss|Spore|p2b: Wo-Chien\n|-status|p2b: Wo-Chien|slp|[from] move: Spore\n|\n|-heal|p2b: Wo-Chien|72\/100 slp|[from] item: Leftovers\n|-damage|p1a: Flutter Mane|30\/100|[from] Leech Seed|[of] p2b: Wo-Chien\n|-heal|p2b: Wo-Chien|81\/100 slp|[silent]\n|upkeep\n|turn|22\n|inactive|MingKangu has 10 seconds left this turn.\n|inactiveoff|Battle timer is now OFF.\n|\n|t:|1681863957\n|cant|p2b: Wo-Chien|slp\n|move|p1a: Flutter Mane|Shadow Ball|p2b: Wo-Chien\n|-damage|p2b: Wo-Chien|57\/100 slp\n|move|p1b: Amoonguss|Pollen Puff|p1a: Flutter Mane\n|-heal|p1a: Flutter Mane|80\/100\n|\n|-heal|p2b: Wo-Chien|63\/100 slp|[from] item: Leftovers\n|-damage|p1a: Flutter Mane|68\/100|[from] Leech Seed|[of] p2b: Wo-Chien\n|-heal|p2b: Wo-Chien|71\/100 slp|[silent]\n|upkeep\n|turn|23\n|\n|t:|1681863971\n|cant|p2b: Wo-Chien|slp\n|move|p1a: Flutter Mane|Shadow Ball|p2b: Wo-Chien\n|-damage|p2b: Wo-Chien|46\/100 slp\n|move|p1b: Amoonguss|Pollen Puff|p1a: Flutter Mane\n|-heal|p1a: Flutter Mane|100\/100\n|\n|-heal|p2b: Wo-Chien|53\/100 slp|[from] item: Leftovers\n|-damage|p1a: Flutter Mane|88\/100|[from] Leech Seed|[of] p2b: Wo-Chien\n|-heal|p2b: Wo-Chien|61\/100 slp|[silent]\n|upkeep\n|turn|24\n|\n|t:|1681863983\n|move|p1a: Flutter Mane|Shadow Ball|p2b: Wo-Chien\n|-damage|p2b: Wo-Chien|37\/100 slp\n|-curestatus|p2b: Wo-Chien|slp|[msg]\n|move|p2b: Wo-Chien|Giga Drain|p1a: Flutter Mane\n|-damage|p1a: Flutter Mane|60\/100\n|-heal|p2b: Wo-Chien|47\/100|[from] drain|[of] p1a: Flutter Mane\n|move|p1b: Amoonguss|Pollen Puff|p1a: Flutter Mane\n|-heal|p1a: Flutter Mane|100\/100\n|\n|-heal|p2b: Wo-Chien|53\/100|[from] item: Leftovers\n|-damage|p1a: Flutter Mane|88\/100|[from] Leech Seed|[of] p2b: Wo-Chien\n|-heal|p2b: Wo-Chien|61\/100|[silent]\n|upkeep\n|turn|25\n|\n|t:|1681863994\n|move|p2b: Wo-Chien|Protect|p2b: Wo-Chien\n|-singleturn|p2b: Wo-Chien|Protect\n|move|p1a: Flutter Mane|Shadow Ball|p2b: Wo-Chien\n|-activate|p2b: Wo-Chien|move: Protect\n|move|p1b: Amoonguss|Spore|p2b: Wo-Chien\n|-activate|p2b: Wo-Chien|move: Protect\n|\n|-heal|p2b: Wo-Chien|68\/100|[from] item: Leftovers\n|-damage|p1a: Flutter Mane|76\/100|[from] Leech Seed|[of] p2b: Wo-Chien\n|-heal|p2b: Wo-Chien|76\/100|[silent]\n|upkeep\n|turn|26\n|\n|t:|1681864006\n|move|p1a: Flutter Mane|Shadow Ball|p2b: Wo-Chien\n|-damage|p2b: Wo-Chien|51\/100\n|move|p2b: Wo-Chien|Giga Drain|p1a: Flutter Mane\n|-damage|p1a: Flutter Mane|50\/100\n|-heal|p2b: Wo-Chien|60\/100|[from] drain|[of] p1a: Flutter Mane\n|move|p1b: Amoonguss|Spore|p2b: Wo-Chien\n|-status|p2b: Wo-Chien|slp|[from] move: Spore\n|\n|-heal|p2b: Wo-Chien|66\/100 slp|[from] item: Leftovers\n|-damage|p1a: Flutter Mane|38\/100|[from] Leech Seed|[of] p2b: Wo-Chien\n|-heal|p2b: Wo-Chien|74\/100 slp|[silent]\n|upkeep\n|turn|27\n|inactive|Battle timer is ON: inactive players will automatically lose when time's up. (requested by MingKangu)\n|inactive|MingKangu has 10 seconds left this turn.\n|inactiveoff|Battle timer is now OFF.\n|\n|t:|1681864019\n|cant|p2b: Wo-Chien|slp\n|move|p1a: Flutter Mane|Shadow Ball|p2b: Wo-Chien\n|-damage|p2b: Wo-Chien|51\/100 slp\n|move|p1b: Amoonguss|Pollen Puff|p1a: Flutter Mane\n|-heal|p1a: Flutter Mane|88\/100\n|\n|-heal|p2b: Wo-Chien|57\/100 slp|[from] item: Leftovers\n|-damage|p1a: Flutter Mane|75\/100|[from] Leech Seed|[of] p2b: Wo-Chien\n|-heal|p2b: Wo-Chien|66\/100 slp|[silent]\n|upkeep\n|turn|28\n|\n|t:|1681864023\n|cant|p2b: Wo-Chien|slp\n|move|p1a: Flutter Mane|Shadow Ball|p2b: Wo-Chien\n|-damage|p2b: Wo-Chien|43\/100 slp\n|move|p1b: Amoonguss|Pollen Puff|p1a: Flutter Mane\n|-heal|p1a: Flutter Mane|100\/100\n|\n|-heal|p2b: Wo-Chien|49\/100 slp|[from] item: Leftovers\n|-damage|p1a: Flutter Mane|88\/100|[from] Leech Seed|[of] p2b: Wo-Chien\n|-heal|p2b: Wo-Chien|58\/100 slp|[silent]\n|upkeep\n|turn|29\n|\n|t:|1681864036\n|move|p1a: Flutter Mane|Shadow Ball|p2b: Wo-Chien\n|-damage|p2b: Wo-Chien|33\/100 slp\n|-curestatus|p2b: Wo-Chien|slp|[msg]\n|move|p2b: Wo-Chien|Giga Drain|p1a: Flutter Mane\n|-crit|p1a: Flutter Mane\n|-damage|p1a: Flutter Mane|45\/100\n|-heal|p2b: Wo-Chien|48\/100|[from] drain|[of] p1a: Flutter Mane\n|move|p1b: Amoonguss|Pollen Puff|p2b: Wo-Chien\n|-resisted|p2b: Wo-Chien\n|-damage|p2b: Wo-Chien|43\/100\n|\n|-heal|p2b: Wo-Chien|49\/100|[from] item: Leftovers\n|-damage|p1a: Flutter Mane|33\/100|[from] Leech Seed|[of] p2b: Wo-Chien\n|-heal|p2b: Wo-Chien|58\/100|[silent]\n|upkeep\n|turn|30\n|\n|t:|1681864064\n|move|p1a: Flutter Mane|Shadow Ball|p2b: Wo-Chien\n|-damage|p2b: Wo-Chien|33\/100\n|move|p2b: Wo-Chien|Giga Drain|p1a: Flutter Mane\n|-damage|p1a: Flutter Mane|7\/100\n|-heal|p2b: Wo-Chien|42\/100|[from] drain|[of] p1a: Flutter Mane\n|move|p1b: Amoonguss|Pollen Puff|p1a: Flutter Mane\n|-heal|p1a: Flutter Mane|57\/100\n|\n|-heal|p2b: Wo-Chien|48\/100|[from] item: Leftovers\n|-damage|p1a: Flutter Mane|45\/100|[from] Leech Seed|[of] p2b: Wo-Chien\n|-heal|p2b: Wo-Chien|56\/100|[silent]\n|upkeep\n|turn|31\n|inactive|Battle timer is ON: inactive players will automatically lose when time's up. (requested by MingKangu)\n|inactive|MingKangu has 10 seconds left this turn.\n|\n|t:|1681864077\n|move|p2b: Wo-Chien|Protect|p2b: Wo-Chien\n|-singleturn|p2b: Wo-Chien|Protect\n|move|p1a: Flutter Mane|Shadow Ball|p2b: Wo-Chien\n|-activate|p2b: Wo-Chien|move: Protect\n|move|p1b: Amoonguss|Pollen Puff|p1a: Flutter Mane\n|-heal|p1a: Flutter Mane|94\/100\n|\n|-heal|p2b: Wo-Chien|62\/100|[from] item: Leftovers\n|-damage|p1a: Flutter Mane|82\/100|[from] Leech Seed|[of] p2b: Wo-Chien\n|-heal|p2b: Wo-Chien|71\/100|[silent]\n|upkeep\n|turn|32\n|inactive|MingKangu has 10 seconds left this turn.\n|inactive|MingKangu has 5 seconds left.\n|\n|t:|1681864085\n|move|p1a: Flutter Mane|Shadow Ball|p2b: Wo-Chien\n|-damage|p2b: Wo-Chien|47\/100\n|-unboost|p2b: Wo-Chien|spd|1\n|move|p2b: Wo-Chien|Giga Drain|p1a: Flutter Mane\n|-damage|p1a: Flutter Mane|57\/100\n|-heal|p2b: Wo-Chien|56\/100|[from] drain|[of] p1a: Flutter Mane\n|move|p1b: Amoonguss|Pollen Puff|p1a: Flutter Mane\n|-heal|p1a: Flutter Mane|100\/100\n|\n|-heal|p2b: Wo-Chien|62\/100|[from] item: Leftovers\n|-damage|p1a: Flutter Mane|88\/100|[from] Leech Seed|[of] p2b: Wo-Chien\n|-heal|p2b: Wo-Chien|71\/100|[silent]\n|upkeep\n|turn|33\n|inactive|MingKangu has 5 seconds left this turn.\n|-message|MingKangu lost due to inactivity.\n|\n|win|LordSno\n|raw|MingKangu's rating: 1253 → 1230<\/strong> (-23 for losing)\n|raw|LordSno's rating: 1284 → 1307<\/strong> (+23 for winning)\n","uploadtime":1681864105,"views":15,"p1id":"mingkangu","p2id":"lordsno","formatid":"gen9vgc2023regulationc","rating":1230,"private":0,"password":""}