{"id":"gen9vgc2023regulationc-1851463060","p1":"yunus.yusra","p2":"rudyxkam","format":"[Gen 9] VGC 2023 Regulation C","log":"|j|\u2606yunus.yusra\n|j|\u2606rudyxkam\n|t:|1682447161\n|gametype|doubles\n|player|p1|yunus.yusra|biker-gen4|1093\n|player|p2|rudyxkam|gardenia|1185\n|teamsize|p1|6\n|teamsize|p2|6\n|gen|9\n|tier|[Gen 9] VGC 2023 Regulation C\n|rated|\n|rule|Species Clause: Limit one of each Pok\u00e9mon\n|rule|Item Clause: Limit one of each item\n|clearpoke\n|poke|p1|Iron Jugulis, L50|\n|poke|p1|Gholdengo, L50|\n|poke|p1|Iron Hands, L50|\n|poke|p1|Iron Bundle, L50|\n|poke|p1|Great Tusk, L50|\n|poke|p1|Gothitelle, L50, M|\n|poke|p2|Gyarados, L50, M|\n|poke|p2|Talonflame, L50, M|\n|poke|p2|Baxcalibur, L50, F|\n|poke|p2|Corviknight, L50, M|\n|poke|p2|Ting-Lu, L50|\n|poke|p2|Flutter Mane, L50|\n|teampreview|4\n|inactive|Battle timer is ON: inactive players will automatically lose when time's up. (requested by rudyxkam)\n|inactive|yunus.yusra also wants the timer to be on.\n|c|\u2606rudyxkam|glhf!\nrudyxkam has agreed to open team sheets.\n|inactive|rudyxkam has 60 seconds left.\n|c|\u2606rudyxkam|glhf!\n|c|\u2606rudyxkam|wait i said that already lol\n|inactive|rudyxkam has 30 seconds left.\n|inactive|rudyxkam has 20 seconds left.\n|\n|t:|1682447234\n|start\n|switch|p1a: Iron Jugulis|Iron Jugulis, L50|100\/100\n|switch|p1b: Great Tusk|Great Tusk, L50|100\/100\n|switch|p2a: Gigan|Corviknight, L50, M, shiny|100\/100\n|switch|p2b: Sker|Ting-Lu, L50|100\/100\n|-ability|p2b: Sker|Vessel of Ruin\n|-enditem|p1a: Iron Jugulis|Booster Energy\n|-activate|p1a: Iron Jugulis|ability: Quark Drive|[fromitem]\n|-start|p1a: Iron Jugulis|quarkdrivespe\n|turn|1\n|\n|t:|1682447256\n|-terastallize|p2b: Sker|Fairy\n|move|p1a: Iron Jugulis|Tailwind|p1a: Iron Jugulis\n|-sidestart|p1: yunus.yusra|move: Tailwind\n|move|p1b: Great Tusk|Close Combat|p2b: Sker\n|-resisted|p2b: Sker\n|-damage|p2b: Sker|77\/100\n|-unboost|p1b: Great Tusk|def|1\n|-unboost|p1b: Great Tusk|spd|1\n|-damage|p1b: Great Tusk|91\/100|[from] item: Life Orb\n|move|p2a: Gigan|Bulk Up|p2a: Gigan\n|-boost|p2a: Gigan|atk|1\n|-boost|p2a: Gigan|def|1\n|move|p2b: Sker|Ruination|p1a: Iron Jugulis\n|-damage|p1a: Iron Jugulis|51\/100\n|\n|upkeep\n|turn|2\n|inactive|yunus.yusra has 30 seconds left.\n|\n|t:|1682447286\n|move|p1a: Iron Jugulis|Air Slash|p2b: Sker\n|-damage|p2b: Sker|65\/100\n|move|p1b: Great Tusk|Headlong Rush|p2b: Sker\n|-damage|p2b: Sker|18\/100\n|-unboost|p1b: Great Tusk|def|1\n|-unboost|p1b: Great Tusk|spd|1\n|-damage|p1b: Great Tusk|81\/100|[from] item: Life Orb\n|move|p2a: Gigan|Brave Bird|p1b: Great Tusk\n|-supereffective|p1b: Great Tusk\n|-damage|p1b: Great Tusk|0 fnt\n|faint|p1b: Great Tusk\n|-end|p1b: Great Tusk|Protosynthesis|[silent]\n|-damage|p2a: Gigan|76\/100|[from] Recoil\n|move|p2b: Sker|Heavy Slam|p1a: Iron Jugulis\n|-damage|p1a: Iron Jugulis|22\/100\n|\n|upkeep\n|\n|t:|1682447309\n|switch|p1b: Iron Bundle|Iron Bundle, L50|100\/100\n|turn|3\n|\n|t:|1682447326\n|move|p1a: Iron Jugulis|Air Slash|p2a: Gigan\n|-resisted|p2a: Gigan\n|-damage|p2a: Gigan|66\/100\n|move|p1b: Iron Bundle|Freeze-Dry|p2b: Sker\n|-damage|p2b: Sker|6\/100\n|move|p2a: Gigan|Iron Head|p1b: Iron Bundle\n|-damage|p1b: Iron Bundle|52\/100\n|move|p2b: Sker|Bulldoze|p1b: Iron Bundle|[spread] p1b\n|-immune|p2a: Gigan\n|-immune|p1a: Iron Jugulis\n|-damage|p1b: Iron Bundle|32\/100\n|-unboost|p1b: Iron Bundle|spe|1\n|\n|upkeep\n|turn|4\n|inactive|yunus.yusra has 30 seconds left.\n|inactive|rudyxkam has 30 seconds left.\n|inactive|rudyxkam has 20 seconds left.\n|\n|t:|1682447361\n|-end|p1b: Iron Bundle|Quark Drive|[silent]\n|switch|p1b: Gholdengo|Gholdengo, L50|100\/100\n|move|p1a: Iron Jugulis|Snarl|p2b: Sker|[spread] p2a,p2b\n|-resisted|p2b: Sker\n|-damage|p2a: Gigan|55\/100\n|-damage|p2b: Sker|3\/100\n|-ability|p2a: Gigan|Mirror Armor\n|-unboost|p1a: Iron Jugulis|spa|1\n|-unboost|p2b: Sker|spa|1\n|move|p2a: Gigan|Iron Head|p1b: Gholdengo\n|-resisted|p1b: Gholdengo\n|-damage|p1b: Gholdengo|81\/100\n|move|p2b: Sker|Bulldoze|p1b: Gholdengo|[spread] p1b\n|-immune|p2a: Gigan\n|-immune|p1a: Iron Jugulis\n|-supereffective|p1b: Gholdengo\n|-damage|p1b: Gholdengo|41\/100\n|-unboost|p1b: Gholdengo|spe|1\n|\n|-sideend|p1: yunus.yusra|move: Tailwind\n|upkeep\n|turn|5\n|inactive|yunus.yusra has 30 seconds left.\n|inactive|rudyxkam has 30 seconds left.\n|inactive|rudyxkam has 20 seconds left.\n|inactive|rudyxkam has 15 seconds left.\n|inactive|rudyxkam has 10 seconds left.\n|\n|t:|1682447407\n|move|p1a: Iron Jugulis|Tailwind|p1a: Iron Jugulis\n|-sidestart|p1: yunus.yusra|move: Tailwind\n|move|p1b: Gholdengo|Make It Rain|p2b: Sker|[spread] p2a,p2b\n|-resisted|p2a: Gigan\n|-supereffective|p2b: Sker\n|-damage|p2a: Gigan|32\/100\n|-damage|p2b: Sker|0 fnt\n|-unboost|p1b: Gholdengo|spa|1\n|faint|p2b: Sker\n|move|p2a: Gigan|Roost|p2a: Gigan\n|-heal|p2a: Gigan|82\/100\n|-singleturn|p2a: Gigan|move: Roost\n|\n|upkeep\n|\n|t:|1682447418\n|switch|p2b: Manda|Gyarados, L50, M, shiny|100\/100\n|-ability|p2b: Manda|Intimidate|boost\n|-unboost|p1a: Iron Jugulis|atk|1\n|-unboost|p1b: Gholdengo|atk|1\n|turn|6\n|\n|t:|1682447432\n|switch|p1b: Iron Bundle|Iron Bundle, L50|32\/100\n|move|p1a: Iron Jugulis|Air Slash|p2b: Manda\n|-damage|p2b: Manda|87\/100\n|cant|p2b: Manda|flinch\n|move|p2a: Gigan|Brave Bird|p1a: Iron Jugulis\n|-crit|p1a: Iron Jugulis\n|-damage|p1a: Iron Jugulis|0 fnt\n|faint|p1a: Iron Jugulis\n|-end|p1a: Iron Jugulis|Quark Drive|[silent]\n|-damage|p2a: Gigan|75\/100|[from] Recoil\n|\n|upkeep\n|\n|t:|1682447446\n|switch|p1a: Gholdengo|Gholdengo, L50|41\/100\n|turn|7\n|\n|t:|1682447463\n|-terastallize|p1a: Gholdengo|Steel\n|move|p1b: Iron Bundle|Freeze-Dry|p2b: Manda\n|-supereffective|p2b: Manda\n|-damage|p2b: Manda|0 fnt\n|faint|p2b: Manda\n|move|p1a: Gholdengo|Trick|p2a: Gigan\n|-activate|p1a: Gholdengo|move: Trick|[of] p2a: Gigan\n|-item|p2a: Gigan|Choice Specs|[from] move: Trick\n|-item|p1a: Gholdengo|Safety Goggles|[from] move: Trick\n|move|p2a: Gigan|Iron Head|p1b: Iron Bundle\n|-damage|p1b: Iron Bundle|0 fnt\n|faint|p1b: Iron Bundle\n|-end|p1b: Iron Bundle|Quark Drive|[silent]\n|\n|upkeep\n|\n|t:|1682447488\n|switch|p2b: T. Gojira|Baxcalibur, L50, F, shiny|100\/100\n|turn|8\n|\n|t:|1682447498\n|move|p2b: T. Gojira|Protect|p2b: T. Gojira\n|-singleturn|p2b: T. Gojira|Protect\n|move|p1a: Gholdengo|Power Gem|p2b: T. Gojira\n|-activate|p2b: T. Gojira|move: Protect\n|move|p2a: Gigan|Iron Head|p1a: Gholdengo\n|-resisted|p1a: Gholdengo\n|-damage|p1a: Gholdengo|21\/100\n|\n|-sideend|p1: yunus.yusra|move: Tailwind\n|upkeep\n|turn|9\n|\n|t:|1682447514\n|move|p1a: Gholdengo|Power Gem|p2b: T. Gojira\n|-supereffective|p2b: T. Gojira\n|-damage|p2b: T. Gojira|51\/100\n|move|p2b: T. Gojira|Icicle Crash|p1a: Gholdengo\n|-resisted|p1a: Gholdengo\n|-damage|p1a: Gholdengo|0 fnt\n|faint|p1a: Gholdengo\n|\n|win|rudyxkam\n|raw|yunus.yusra's rating: 1093 → 1075<\/strong> (-18 for losing)\n|raw|rudyxkam's rating: 1185 → 1204<\/strong> (+19 for winning)\n|c|\u2606rudyxkam|gg\n|l|\u2606yunus.yusra\n","uploadtime":1682447629,"views":8,"p1id":"yunusyusra","p2id":"rudyxkam","formatid":"gen9vgc2023regulationc","rating":1075,"private":0,"password":""}