{"id":"gen9vgc2023regulationc-1861512133","p1":"foiledfeline","p2":"AzenNate","format":"[Gen 9] VGC 2023 Regulation C","log":"|j|\u2606foiledfeline\n|j|\u2606AzenNate\n|t:|1683767032\n|gametype|doubles\n|player|p1|foiledfeline|steven|1235\n|player|p2|AzenNate|265|1195\n|teamsize|p1|6\n|teamsize|p2|6\n|gen|9\n|tier|[Gen 9] VGC 2023 Regulation C\n|rated|\n|rule|Species Clause: Limit one of each Pok\u00e9mon\n|rule|Item Clause: Limit one of each item\n|clearpoke\n|poke|p1|Chi-Yu, L50|\n|poke|p1|Sandy Shocks, L50|\n|poke|p1|Talonflame, L50, F|\n|poke|p1|Breloom, L50, M|\n|poke|p1|Baxcalibur, L50, F|\n|poke|p1|Gyarados, L50, F|\n|poke|p2|Abomasnow, L50, M|\n|poke|p2|Baxcalibur, L50, F|\n|poke|p2|Ting-Lu, L50|\n|poke|p2|Flutter Mane, L50|\n|poke|p2|Chi-Yu, L50|\n|poke|p2|Gyarados, L50, M|\n|teampreview|4\n|inactive|Battle timer is ON: inactive players will automatically lose when time's up. (requested by AzenNate)\nfoiledfeline has agreed to open team sheets.\n|inactive|foiledfeline has 60 seconds left.\n|\n|t:|1683767071\n|start\n|switch|p1a: Talonflame|Talonflame, L50, F|100\/100\n|switch|p1b: Chi-Yu|Chi-Yu, L50|100\/100\n|switch|p2a: Gyarados|Gyarados, L50, M, shiny|100\/100\n|switch|p2b: Flutter Mane|Flutter Mane, L50, shiny|100\/100\n|-ability|p2a: Gyarados|Intimidate|boost\n|-unboost|p1a: Talonflame|atk|1\n|-unboost|p1b: Chi-Yu|atk|1\n|-ability|p1b: Chi-Yu|Beads of Ruin\n|turn|1\n|inactive|AzenNate has 30 seconds left.\n|\n|t:|1683767105\n|-terastallize|p2b: Flutter Mane|Fairy\n|move|p1a: Talonflame|Tailwind|p1a: Talonflame\n|-sidestart|p1: foiledfeline|move: Tailwind\n|move|p1b: Chi-Yu|Dark Pulse|p2a: Gyarados\n|-crit|p2a: Gyarados\n|-damage|p2a: Gyarados|28\/100\n|move|p2b: Flutter Mane|Thunderbolt|p1a: Talonflame\n|-supereffective|p1a: Talonflame\n|-damage|p1a: Talonflame|0 fnt\n|faint|p1a: Talonflame\n|cant|p2a: Gyarados|flinch\n|\n|upkeep\n|\n|t:|1683767127\n|switch|p1a: Baxcalibur|Baxcalibur, L50, F|100\/100\n|turn|2\n|\n|t:|1683767143\n|-end|p2b: Flutter Mane|Protosynthesis|[silent]\n|switch|p2b: Baxcalibur|Baxcalibur, L50, F, shiny|100\/100\n|move|p2a: Gyarados|Protect|p2a: Gyarados\n|-singleturn|p2a: Gyarados|Protect\n|move|p1a: Baxcalibur|Ice Shard|p2b: Baxcalibur\n|-damage|p2b: Baxcalibur|80\/100\n|move|p1b: Chi-Yu|Heat Wave|p2a: Gyarados|[spread] p2b\n|-activate|p2a: Gyarados|move: Protect\n|-damage|p2b: Baxcalibur|40\/100\n|-ability|p2b: Baxcalibur|Thermal Exchange|boost\n|-boost|p2b: Baxcalibur|atk|1\n|\n|upkeep\n|turn|3\n|\n|t:|1683767163\n|move|p2b: Baxcalibur|Protect|p2b: Baxcalibur\n|-singleturn|p2b: Baxcalibur|Protect\n|move|p1b: Chi-Yu|Dark Pulse|p2a: Gyarados\n|-damage|p2a: Gyarados|0 fnt\n|faint|p2a: Gyarados\n|move|p1a: Baxcalibur|Glaive Rush|p2b: Baxcalibur\n|-activate|p2b: Baxcalibur|move: Protect\n|\n|upkeep\n|\n|t:|1683767171\n|switch|p2a: Flutter Mane|Flutter Mane, L50, shiny, tera:Fairy|100\/100\n|turn|4\n|\n|t:|1683767181\n|move|p1b: Chi-Yu|Heat Wave|p2a: Flutter Mane|[spread] p2a,p2b\n|-damage|p2a: Flutter Mane|47\/100\n|-damage|p2b: Baxcalibur|0 fnt\n|faint|p2b: Baxcalibur\n|move|p1a: Baxcalibur|Glaive Rush|p2a: Flutter Mane\n|-immune|p2a: Flutter Mane\n|move|p2a: Flutter Mane|Dazzling Gleam|p1b: Chi-Yu|[spread] p1a,p1b\n|-supereffective|p1a: Baxcalibur\n|-damage|p1a: Baxcalibur|0 fnt\n|-damage|p1b: Chi-Yu|32\/100\n|faint|p1a: Baxcalibur\n|\n|-sideend|p1: foiledfeline|move: Tailwind\n|upkeep\n|\n|t:|1683767192\n|switch|p1a: Breloom|Breloom, L50, M|100\/100\n|switch|p2b: Ting-Lu|Ting-Lu, L50|100\/100\n|-ability|p2b: Ting-Lu|Vessel of Ruin\n|turn|5\n|\n|t:|1683767211\n|-terastallize|p1a: Breloom|Water\n|move|p2a: Flutter Mane|Dazzling Gleam|p1b: Chi-Yu|[spread] p1a,p1b\n|-enditem|p1a: Breloom|Focus Sash\n|-damage|p1a: Breloom|1\/100\n|-damage|p1b: Chi-Yu|0 fnt\n|faint|p1b: Chi-Yu\n|move|p1a: Breloom|Spore|p2b: Ting-Lu\n|-status|p2b: Ting-Lu|slp|[from] move: Spore\n|cant|p2b: Ting-Lu|slp\n|\n|upkeep\n|turn|6\n|\n|t:|1683767223\n|move|p2a: Flutter Mane|Dazzling Gleam|p1a: Breloom\n|-damage|p1a: Breloom|0 fnt\n|faint|p1a: Breloom\n|\n|win|AzenNate\n|raw|foiledfeline's rating: 1235 → 1207<\/strong> (-28 for losing)\n|raw|AzenNate's rating: 1195 → 1223<\/strong> (+28 for winning)\n|l|\u2606AzenNate\n","uploadtime":1683767228,"views":16,"p1id":"foiledfeline","p2id":"azennate","formatid":"gen9vgc2023regulationc","rating":1207,"private":0,"password":""}