{"id":"gen9vgc2023regulationc-1848848641","p1":"They34","p2":"TJRaynes","format":"[Gen 9] VGC 2023 Regulation C","log":"|j|\u2606They34\n|j|\u2606TJRaynes\n|t:|1682117168\n|gametype|doubles\n|player|p1|They34|ruinmaniac|\n|player|p2|TJRaynes|marley|\n|teamsize|p1|6\n|teamsize|p2|6\n|gen|9\n|tier|[Gen 9] VGC 2023 Regulation C\n|rated|Tournament battle\n|rule|Species Clause: Limit one of each Pok\u00e9mon\n|rule|Item Clause: Limit one of each item\n|clearpoke\n|poke|p1|Iron Bundle, L50|\n|poke|p1|Dragonite, L50, F|\n|poke|p1|Bronzong, L50|\n|poke|p1|Flutter Mane, L50|\n|poke|p1|Amoonguss, L50, F|\n|poke|p1|Ting-Lu, L50|\n|poke|p2|Talonflame, L50, F|\n|poke|p2|Garchomp, L50, F|\n|poke|p2|Pachirisu, L50, F|\n|poke|p2|Gyarados, L50, M|\n|poke|p2|Breloom, L50, F|\n|poke|p2|Bronzong, L50|\n|teampreview|4\n|raw| Open Team Sheet for They34<\/summary>Iron Bundle @ Booster Energy Ability: Quark Drive Level: 50 Tera Type: Ghost - Taunt - Freeze-Dry - Hydro Pump - Protect Dragonite @ Lum Berry Ability: Multiscale Level: 50 Tera Type: Flying - Extreme Speed - Iron Head - Tera Blast - Protect Bronzong @ Leftovers Ability: Levitate Level: 50 Tera Type: Water - Iron Defense - Trick Room - Gyro Ball - Body Press Flutter Mane @ Life Orb Ability: Protosynthesis Level: 50 Tera Type: Fairy - Protect - Dazzling Gleam - Shadow Ball - Power Gem Amoonguss @ Sitrus Berry Ability: Regenerator Level: 50 Tera Type: Water - Rage Powder - Spore - Clear Smog - Pollen Puff Ting-Lu @ Assault Vest Ability: Vessel of Ruin Level: 50 Tera Type: Dark - Earthquake - Stomping Tantrum - Heavy Slam - Stone Edge <\/details><\/div> Open Team Sheet for TJRaynes<\/summary>Talonflame @ Covert Cloak Ability: Gale Wings Level: 50 Tera Type: Fire - Tailwind - Protect - Will-O-Wisp - Flare Blitz Garchomp @ Lum Berry Ability: Rough Skin Level: 50 Tera Type: Ground - Earthquake - Rock Slide - Stomping Tantrum - Swords Dance Pachirisu @ Sitrus Berry Ability: Volt Absorb Level: 50 Tera Type: Flying - Follow Me - Helping Hand - Nuzzle - Encore Gyarados @ Mental Herb Ability: Intimidate Level: 50 Tera Type: Water - Helping Hand - Protect - Taunt - Waterfall Breloom @ Life Orb Ability: Technician Level: 50 Tera Type: Grass - Bullet Seed - Spore - Mach Punch - Protect Bronzong @ Leftovers Ability: Levitate Level: 50 Tera Type: Steel - Iron Defense - Body Press - Gyro Ball - Protect <\/details><\/div>\n|c|\u2606TJRaynes|glhf\n|c|\u2606They34|U2\n|\n|t:|1682117203\n|start\n|switch|p1a: Dragonite|Dragonite, L50, F|100\/100\n|switch|p1b: Flutter Mane|Flutter Mane, L50|100\/100\n|switch|p2a: Talonflame|Talonflame, L50, F|100\/100\n|switch|p2b: Pachirisu|Pachirisu, L50, F|100\/100\n|turn|1\n|inactive|Battle timer is ON: inactive players will automatically lose when time's up. (requested by They34)\n|inactive|They34 has 60 seconds left.\n|\n|t:|1682117244\n|move|p1a: Dragonite|Extreme Speed|p2b: Pachirisu\n|-damage|p2b: Pachirisu|64\/100\n|move|p2a: Talonflame|Tailwind|p2a: Talonflame\n|-sidestart|p2: TJRaynes|move: Tailwind\n|move|p2b: Pachirisu|Nuzzle|p1b: Flutter Mane\n|-damage|p1b: Flutter Mane|95\/100\n|-status|p1b: Flutter Mane|par\n|move|p1b: Flutter Mane|Power Gem|p2a: Talonflame\n|-supereffective|p2a: Talonflame\n|-damage|p2a: Talonflame|0 fnt\n|faint|p2a: Talonflame\n|-damage|p1b: Flutter Mane|85\/100 par|[from] item: Life Orb\n|\n|upkeep\n|\n|t:|1682117255\n|switch|p2a: Gyarados|Gyarados, L50, M|100\/100\n|-ability|p2a: Gyarados|Intimidate|boost\n|-unboost|p1a: Dragonite|atk|1\n|-unboost|p1b: Flutter Mane|atk|1\n|turn|2\n|\n|t:|1682117275\n|move|p1a: Dragonite|Extreme Speed|p2a: Gyarados\n|-damage|p2a: Gyarados|81\/100\n|move|p2b: Pachirisu|Nuzzle|p1a: Dragonite\n|-damage|p1a: Dragonite|99\/100\n|-status|p1a: Dragonite|par\n|-enditem|p1a: Dragonite|Lum Berry|[eat]\n|-curestatus|p1a: Dragonite|par|[msg]\n|move|p2a: Gyarados|Waterfall|p1b: Flutter Mane\n|-damage|p1b: Flutter Mane|27\/100 par\n|move|p1b: Flutter Mane|Power Gem|p2a: Gyarados\n|-supereffective|p2a: Gyarados\n|-damage|p2a: Gyarados|33\/100\n|-damage|p1b: Flutter Mane|17\/100 par|[from] item: Life Orb\n|\n|upkeep\n|turn|3\n|inactive|They34 has 30 seconds left.\n|\n|t:|1682117303\n|move|p1a: Dragonite|Extreme Speed|p2a: Gyarados\n|-damage|p2a: Gyarados|12\/100\n|move|p2b: Pachirisu|Nuzzle|p1a: Dragonite\n|-damage|p1a: Dragonite|96\/100\n|-status|p1a: Dragonite|par\n|move|p2a: Gyarados|Waterfall|p1b: Flutter Mane\n|-damage|p1b: Flutter Mane|0 fnt\n|faint|p1b: Flutter Mane\n|-end|p1b: Flutter Mane|Protosynthesis|[silent]\n|\n|upkeep\n|\n|t:|1682117319\n|switch|p1b: Bronzong|Bronzong, L50|100\/100\n|turn|4\n|\n|t:|1682117337\n|move|p1a: Dragonite|Extreme Speed|p2a: Gyarados\n|-crit|p2a: Gyarados\n|-damage|p2a: Gyarados|0 fnt\n|faint|p2a: Gyarados\n|move|p2b: Pachirisu|Nuzzle|p1b: Bronzong\n|-damage|p1b: Bronzong|98\/100\n|-status|p1b: Bronzong|par\n|move|p1b: Bronzong|Trick Room|p1b: Bronzong\n|-fieldstart|move: Trick Room|[of] p1b: Bronzong\n|\n|-heal|p1b: Bronzong|100\/100 par|[from] item: Leftovers\n|-sideend|p2: TJRaynes|move: Tailwind\n|upkeep\n|\n|t:|1682117345\n|switch|p2a: Garchomp|Garchomp, L50, F|100\/100\n|turn|5\n|\n|t:|1682117362\n|move|p1a: Dragonite|Extreme Speed|p2b: Pachirisu\n|-damage|p2b: Pachirisu|40\/100\n|-enditem|p2b: Pachirisu|Sitrus Berry|[eat]\n|-heal|p2b: Pachirisu|65\/100|[from] item: Sitrus Berry\n|move|p2b: Pachirisu|Follow Me|p2b: Pachirisu\n|-singleturn|p2b: Pachirisu|move: Follow Me\n|cant|p1b: Bronzong|par\n|move|p2a: Garchomp|Swords Dance|p2a: Garchomp\n|-boost|p2a: Garchomp|atk|2\n|\n|upkeep\n|turn|6\n|\n|t:|1682117378\n|move|p2b: Pachirisu|Helping Hand|p2a: Garchomp\n|-singleturn|p2a: Garchomp|Helping Hand|[of] p2b: Pachirisu\n|cant|p1a: Dragonite|par\n|move|p1b: Bronzong|Iron Defense|p1b: Bronzong\n|-boost|p1b: Bronzong|def|2\n|move|p2a: Garchomp|Rock Slide|p1a: Dragonite|[spread] p1a,p1b\n|-supereffective|p1a: Dragonite\n|-resisted|p1b: Bronzong\n|-damage|p1a: Dragonite|0 fnt\n|-damage|p1b: Bronzong|87\/100 par\n|faint|p1a: Dragonite\n|\n|-heal|p1b: Bronzong|93\/100 par|[from] item: Leftovers\n|upkeep\n|\n|t:|1682117392\n|switch|p1a: Amoonguss|Amoonguss, L50, F|100\/100\n|turn|7\n|\n|t:|1682117412\n|move|p2b: Pachirisu|Follow Me|p2b: Pachirisu\n|-singleturn|p2b: Pachirisu|move: Follow Me\n|move|p1b: Bronzong|Iron Defense|p1b: Bronzong\n|-boost|p1b: Bronzong|def|2\n|move|p1a: Amoonguss|Spore|p2b: Pachirisu\n|-status|p2b: Pachirisu|slp|[from] move: Spore\n|move|p2a: Garchomp|Stomping Tantrum|p1a: Amoonguss\n|-damage|p1a: Amoonguss|34\/100\n|-enditem|p1a: Amoonguss|Sitrus Berry|[eat]\n|-heal|p1a: Amoonguss|59\/100|[from] item: Sitrus Berry\n|\n|-heal|p1b: Bronzong|99\/100 par|[from] item: Leftovers\n|upkeep\n|turn|8\n|inactive|TJRaynes has 30 seconds left.\n|\n|t:|1682117439\n|move|p1b: Bronzong|Body Press|p2b: Pachirisu\n|-damage|p2b: Pachirisu|0 fnt\n|faint|p2b: Pachirisu\n|move|p1a: Amoonguss|Spore|p2a: Garchomp\n|-status|p2a: Garchomp|slp|[from] move: Spore\n|-enditem|p2a: Garchomp|Lum Berry|[eat]\n|-curestatus|p2a: Garchomp|slp|[msg]\n|move|p2a: Garchomp|Stomping Tantrum|p1a: Amoonguss\n|-damage|p1a: Amoonguss|0 fnt\n|faint|p1a: Amoonguss\n|\n|-heal|p1b: Bronzong|100\/100 par|[from] item: Leftovers\n|-fieldend|move: Trick Room\n|upkeep\n|turn|9\n|\n|t:|1682117457\n|move|p2a: Garchomp|Rock Slide|p1b: Bronzong\n|-resisted|p1b: Bronzong\n|-damage|p1b: Bronzong|92\/100 par\n|move|p1b: Bronzong|Body Press|p2a: Garchomp\n|-damage|p2a: Garchomp|42\/100\n|-damage|p1b: Bronzong|80\/100 par|[from] ability: Rough Skin|[of] p2a: Garchomp\n|\n|-heal|p1b: Bronzong|86\/100 par|[from] item: Leftovers\n|upkeep\n|turn|10\n|\n|t:|1682117470\n|move|p2a: Garchomp|Rock Slide|p1b: Bronzong\n|-resisted|p1b: Bronzong\n|-damage|p1b: Bronzong|77\/100 par\n|move|p1b: Bronzong|Body Press|p2a: Garchomp\n|-damage|p2a: Garchomp|0 fnt\n|-damage|p1b: Bronzong|65\/100 par|[from] ability: Rough Skin|[of] p2a: Garchomp\n|faint|p2a: Garchomp\n|\n|win|They34\n|n|\u2606They34|they34\n|n|\u2606TJRaynes|tjraynes\n|c|\u2606TJRaynes|gg\n|l|\u2606TJRaynes\n|c|\u2606They34|Gg\n","uploadtime":1682117482,"views":6,"p1id":"they34","p2id":"tjraynes","formatid":"gen9vgc2023regulationc","rating":0,"private":0,"password":""}