{"id":"gen9vgc2023regulationc-1852835624","p1":"Valiiiii","p2":"LobsterLiveGaming","format":"[Gen 9] VGC 2023 Regulation C","log":"|j|\u2606Valiiiii\n|j|\u2606LobsterLiveGaming\n|t:|1682610299\n|gametype|doubles\n|player|p1|Valiiiii|veteran|1226\n|player|p2|LobsterLiveGaming|darach-caitlin|1272\n|teamsize|p1|6\n|teamsize|p2|6\n|gen|9\n|tier|[Gen 9] VGC 2023 Regulation C\n|rated|\n|rule|Species Clause: Limit one of each Pok\u00e9mon\n|rule|Item Clause: Limit one of each item\n|clearpoke\n|poke|p1|Flutter Mane, L50|\n|poke|p1|Great Tusk, L50|\n|poke|p1|Talonflame, L50, M|\n|poke|p1|Kingambit, L50, F|\n|poke|p1|Chien-Pao, L50|\n|poke|p1|Palafin, L50, F|\n|poke|p2|Espathra, L50, M|\n|poke|p2|Sandy Shocks, L50|\n|poke|p2|Iron Bundle, L50|\n|poke|p2|Chi-Yu, L50|\n|poke|p2|Talonflame, L50, M|\n|poke|p2|Annihilape, L50, M|\n|teampreview|4\n|inactive|Battle timer is ON: inactive players will automatically lose when time's up. (requested by LobsterLiveGaming)\n|inactive|Valiiiii has 60 seconds left.\n|\n|t:|1682610332\n|start\n|switch|p1a: Red-Hawk|Talonflame, L50, M, shiny|100\/100\n|switch|p1b: Oda Nobunaga|Kingambit, L50, F, shiny|100\/100\n|switch|p2a: Iron Bundle|Iron Bundle, L50|100\/100\n|switch|p2b: Annihilape|Annihilape, L50, M|100\/100\n|turn|1\n|inactive|Valiiiii has 30 seconds left.\n|inactive|Valiiiii has 20 seconds left.\n|inactive|LobsterLiveGaming has 30 seconds left.\n|\n|t:|1682610372\n|switch|p1b: Diego|Chien-Pao, L50|100\/100\n|-ability|p1b: Diego|Sword of Ruin\n|move|p1a: Red-Hawk|Brave Bird|p2b: Annihilape\n|-supereffective|p2b: Annihilape\n|-damage|p2b: Annihilape|0 fnt\n|faint|p2b: Annihilape\n|-damage|p1a: Red-Hawk|54\/100|[from] Recoil\n|move|p2a: Iron Bundle|Hydro Pump|p1b: Diego\n|-damage|p1b: Diego|10\/100\n|\n|upkeep\n|\n|t:|1682610385\n|switch|p2b: Talonflame|Talonflame, L50, M|100\/100\n|turn|2\n|\n|t:|1682610403\n|move|p1b: Diego|Protect|p1b: Diego\n|-singleturn|p1b: Diego|Protect\n|move|p1a: Red-Hawk|Tailwind|p1a: Red-Hawk\n|-sidestart|p1: Valiiiii|move: Tailwind\n|move|p2b: Talonflame|Taunt|p1a: Red-Hawk\n|-start|p1a: Red-Hawk|move: Taunt\n|move|p2a: Iron Bundle|Icy Wind|p1a: Red-Hawk|[spread] p1a\n|-activate|p1b: Diego|move: Protect\n|-damage|p1a: Red-Hawk|17\/100\n|-unboost|p1a: Red-Hawk|spe|1\n|\n|upkeep\n|turn|3\n|\n|t:|1682610425\n|move|p2b: Talonflame|Tailwind|p2b: Talonflame\n|-sidestart|p2: LobsterLiveGaming|move: Tailwind\n|move|p1b: Diego|Sacred Sword|p2a: Iron Bundle\n|-supereffective|p2a: Iron Bundle\n|-damage|p2a: Iron Bundle|1\/100\n|move|p2a: Iron Bundle|Icy Wind|p1a: Red-Hawk|[spread] p1a,p1b\n|-crit|p1a: Red-Hawk\n|-resisted|p1b: Diego\n|-damage|p1a: Red-Hawk|0 fnt\n|-damage|p1b: Diego|0 fnt\n|faint|p1a: Red-Hawk\n|faint|p1b: Diego\n|\n|upkeep\n|\n|t:|1682610436\n|switch|p1b: Manni|Great Tusk, L50, shiny|100\/100\n|switch|p1a: Oda Nobunaga|Kingambit, L50, F, shiny|100\/100\n|turn|4\n|\n|t:|1682610455\n|-terastallize|p1a: Oda Nobunaga|Flying\n|move|p2a: Iron Bundle|Protect|p2a: Iron Bundle\n|-singleturn|p2a: Iron Bundle|Protect\n|move|p2b: Talonflame|Brave Bird|p1b: Manni\n|-supereffective|p1b: Manni\n|-damage|p1b: Manni|35\/100\n|-damage|p2b: Talonflame|73\/100|[from] Recoil\n|move|p1b: Manni|Earthquake|p2a: Iron Bundle|[spread] \n|-activate|p2a: Iron Bundle|move: Protect\n|-immune|p1a: Oda Nobunaga\n|-immune|p2b: Talonflame\n|move|p1a: Oda Nobunaga|Tera Blast|p2b: Talonflame\n|-damage|p2b: Talonflame|9\/100\n|\n|upkeep\n|turn|5\n|\n|t:|1682610475\n|move|p1a: Oda Nobunaga|Sucker Punch|p2b: Talonflame\n|-damage|p2b: Talonflame|0 fnt\n|faint|p2b: Talonflame\n|move|p1b: Manni|Earthquake|p2a: Iron Bundle|[spread] p2a\n|-immune|p1a: Oda Nobunaga\n|-damage|p2a: Iron Bundle|0 fnt\n|faint|p2a: Iron Bundle\n|-end|p2a: Iron Bundle|Quark Drive|[silent]\n|\n|-sideend|p1: Valiiiii|move: Tailwind\n|upkeep\n|\n|t:|1682610485\n|switch|p2a: Chi-Yu|Chi-Yu, L50|100\/100\n|-ability|p2a: Chi-Yu|Beads of Ruin\n|turn|6\n|\n|t:|1682610499\n|move|p2a: Chi-Yu|Heat Wave|p1b: Manni|[spread] p1a,p1b\n|-damage|p1a: Oda Nobunaga|45\/100\n|-damage|p1b: Manni|0 fnt\n|faint|p1b: Manni\n|-end|p1b: Manni|Protosynthesis|[silent]\n|move|p1a: Oda Nobunaga|Tera Blast|p2a: Chi-Yu\n|-damage|p2a: Chi-Yu|24\/100\n|\n|-sideend|p2: LobsterLiveGaming|move: Tailwind\n|upkeep\n|turn|7\n|\n|t:|1682610506\n|move|p1a: Oda Nobunaga|Sucker Punch|p2a: Chi-Yu\n|-resisted|p2a: Chi-Yu\n|-damage|p2a: Chi-Yu|0 fnt\n|faint|p2a: Chi-Yu\n|\n|win|Valiiiii\n|raw|Valiiiii's rating: 1226 → 1254<\/strong> (+28 for winning)\n|raw|LobsterLiveGaming's rating: 1272 → 1244<\/strong> (-28 for losing)\n|l|\u2606LobsterLiveGaming\n","uploadtime":1682610567,"views":5,"p1id":"valiiiii","p2id":"lobsterlivegaming","formatid":"gen9vgc2023regulationc","rating":1244,"private":0,"password":""}