{"id":"gen9vgc2023regulationc-1850049467","p1":"Mr. Darwin","p2":"MegaLoadMan","format":"[Gen 9] VGC 2023 Regulation C","log":"|j|\u2606Mr. Darwin\n|j|\u2606MegaLoadMan\n|t:|1682281713\n|gametype|doubles\n|player|p1|Mr. Darwin|266|1069\n|player|p2|MegaLoadMan|wallace|1000\n|teamsize|p1|6\n|teamsize|p2|6\n|gen|9\n|tier|[Gen 9] VGC 2023 Regulation C\n|rated|\n|rule|Species Clause: Limit one of each Pok\u00e9mon\n|rule|Item Clause: Limit one of each item\n|clearpoke\n|poke|p1|Iron Moth, L50|\n|poke|p1|Gogoat, L50, M|\n|poke|p1|Houndstone, L50, F|\n|poke|p1|Grimmsnarl, L50, M|\n|poke|p1|Tyranitar, L50, F|\n|poke|p1|Gastrodon-East, L50, F|\n|poke|p2|Torkoal, L50, M|\n|poke|p2|Tinkaton, L50, F|\n|poke|p2|Baxcalibur, L50, M|\n|poke|p2|Ceruledge, L50, M|\n|poke|p2|Flamigo, L50, F|\n|poke|p2|Rotom-Wash, L50|\n|teampreview|4\nMegaLoadMan rejected open team sheets.\n|c|\u2606MegaLoadMan|Why is gogoat used so often?\n|\n|t:|1682281757\n|start\n|switch|p1a: Gogoat|Gogoat, L50, M, shiny|100\/100\n|switch|p1b: Tyranitar|Tyranitar, L50, F, shiny|100\/100\n|switch|p2a: Tinkaton|Tinkaton, L50, F|100\/100\n|switch|p2b: Baxcalibur|Baxcalibur, L50, M|100\/100\n|-ability|p2a: Tinkaton|Mold Breaker\n|-weather|Sandstorm|[from] ability: Sand Stream|[of] p1b: Tyranitar\n|turn|1\n|c|\u2606Mr. Darwin|idk but i got it in a draft league. super bulky\n|c|\u2606MegaLoadMan|I used it before with arboliva and grassy seeds and grass pelt\n|c|\u2606MegaLoadMan|really funny\n|c|\u2606MegaLoadMan|and horn leech\n|c|\u2606MegaLoadMan|tera grass for extra damage\n|c|\u2606MegaLoadMan|really funny tbh\n|\n|t:|1682281821\n|switch|p1a: Gastrodon|Gastrodon-East, L50, F, shiny|100\/100\n|move|p2a: Tinkaton|Fake Out|p1b: Tyranitar\n|-resisted|p1b: Tyranitar\n|-damage|p1b: Tyranitar|98\/100\n|move|p2b: Baxcalibur|Icicle Crash|p1a: Gastrodon\n|-damage|p1a: Gastrodon|45\/100\n|cant|p1b: Tyranitar|flinch\n|\n|-weather|Sandstorm|[upkeep]\n|-damage|p2b: Baxcalibur|95\/100|[from] Sandstorm\n|upkeep\n|turn|2\n|c|\u2606Mr. Darwin|that sounds like like an unexpected set up lol\n|c|\u2606MegaLoadMan|yeah\n|\n|t:|1682281848\n|move|p2a: Tinkaton|Gigaton Hammer|p1b: Tyranitar\n|-supereffective|p1b: Tyranitar\n|-damage|p1b: Tyranitar|10\/100\n|-enditem|p1b: Tyranitar|Figy Berry|[eat]\n|-heal|p1b: Tyranitar|43\/100|[from] item: Figy Berry\n|move|p2b: Baxcalibur|Icicle Crash|p1a: Gastrodon\n|-damage|p1a: Gastrodon|0 fnt\n|faint|p1a: Gastrodon\n|move|p1b: Tyranitar|Rock Slide|p2b: Baxcalibur|[spread] p2a\n|-miss|p1b: Tyranitar|p2b: Baxcalibur\n|-resisted|p2a: Tinkaton\n|-damage|p2a: Tinkaton|84\/100\n|\n|-weather|Sandstorm|[upkeep]\n|-damage|p2b: Baxcalibur|89\/100|[from] Sandstorm\n|upkeep\n|c|\u2606Mr. Darwin|i got bodyed in an exhibition match . eviolite stantler with skill swap next to defiant king\n|\n|t:|1682281877\n|switch|p1a: Houndstone|Houndstone, L50, F|100\/100\n|turn|3\n|c|\u2606MegaLoadMan|lol\n|\n|t:|1682281899\n|move|p1b: Tyranitar|Protect|p1b: Tyranitar\n|-singleturn|p1b: Tyranitar|Protect\n|move|p1a: Houndstone|Howl|p1a: Houndstone|[spread] p1a,p1b\n|-boost|p1a: Houndstone|atk|1\n|-boost|p1b: Tyranitar|atk|1\n|move|p2a: Tinkaton|Knock Off|p1a: Houndstone\n|-supereffective|p1a: Houndstone\n|-damage|p1a: Houndstone|47\/100\n|-enditem|p1a: Houndstone|Life Orb|[from] move: Knock Off|[of] p2a: Tinkaton\n|move|p2b: Baxcalibur|Glaive Rush|p1b: Tyranitar\n|-activate|p1b: Tyranitar|move: Protect\n|\n|-weather|Sandstorm|[upkeep]\n|-damage|p2b: Baxcalibur|83\/100|[from] Sandstorm\n|upkeep\n|turn|4\n|\n|t:|1682281939\n|switch|p2a: Flamigo|Flamigo, L50, F|100\/100\n|-copyboost|p2a: Flamigo|p2b: Baxcalibur|[from] ability: Costar\n|move|p1a: Houndstone|Play Rough|p2b: Baxcalibur\n|-supereffective|p2b: Baxcalibur\n|-damage|p2b: Baxcalibur|7\/100\n|move|p2b: Baxcalibur|Glaive Rush|p1b: Tyranitar\n|-damage|p1b: Tyranitar|0 fnt\n|-singlemove|p2b: Baxcalibur|Glaive Rush|[silent]\n|faint|p1b: Tyranitar\n|\n|-weather|Sandstorm|[upkeep]\n|-damage|p2a: Flamigo|95\/100|[from] Sandstorm\n|-damage|p2b: Baxcalibur|1\/100|[from] Sandstorm\n|upkeep\n|\n|t:|1682281948\n|switch|p1b: Gogoat|Gogoat, L50, M, shiny|100\/100\n|turn|5\n|c|\u2606MegaLoadMan|Yeah, ev spreads MVP\n|\n|t:|1682281967\n|-terastallize|p1b: Gogoat|Grass\n|move|p2a: Flamigo|Protect|p2a: Flamigo\n|-singleturn|p2a: Flamigo|Protect\n|move|p2b: Baxcalibur|Protect|p2b: Baxcalibur\n|-singleturn|p2b: Baxcalibur|Protect\n|move|p1a: Houndstone|Shadow Sneak|p2b: Baxcalibur\n|-activate|p2b: Baxcalibur|move: Protect\n|move|p1b: Gogoat|Bulk Up|p1b: Gogoat\n|-boost|p1b: Gogoat|atk|1\n|-boost|p1b: Gogoat|def|1\n|-enditem|p2a: Flamigo|Mirror Herb\n|-boost|p2a: Flamigo|atk|1|[from] item: Mirror Herb\n|-boost|p2a: Flamigo|def|1|[from] item: Mirror Herb\n|\n|-weather|none\n|upkeep\n|turn|6\n|c|\u2606Mr. Darwin|yeah gd\n|\n|t:|1682281987\n|move|p1a: Houndstone|Shadow Sneak|p2b: Baxcalibur\n|-damage|p2b: Baxcalibur|0 fnt\n|faint|p2b: Baxcalibur\n|move|p2a: Flamigo|Acrobatics|p1b: Gogoat\n|-supereffective|p1b: Gogoat\n|-damage|p1b: Gogoat|0 fnt\n|faint|p1b: Gogoat\n|\n|upkeep\n|c|\u2606Mr. Darwin|gg\n|\n|t:|1682281997\n|switch|p2b: Ceruledge|Ceruledge, L50, M|100\/100\n|turn|7\n|c|\u2606MegaLoadMan|gg\n|c|\u2606MegaLoadMan|Tbh I don't put that much effort into ev spreads\n|c|\u2606MegaLoadMan|I just choose something that looks balanced\n|\n|t:|1682282034\n|move|p1a: Houndstone|Shadow Sneak|p2b: Ceruledge\n|-supereffective|p2b: Ceruledge\n|-damage|p2b: Ceruledge|42\/100\n|-enditem|p2b: Ceruledge|Weakness Policy\n|-boost|p2b: Ceruledge|atk|2|[from] item: Weakness Policy\n|-boost|p2b: Ceruledge|spa|2|[from] item: Weakness Policy\n|move|p2b: Ceruledge|Shadow Sneak|p1a: Houndstone\n|-supereffective|p1a: Houndstone\n|-damage|p1a: Houndstone|0 fnt\n|faint|p1a: Houndstone\n|\n|win|MegaLoadMan\n|raw|Mr. Darwin's rating: 1069 → 1045<\/strong> (-24 for losing)\n|raw|MegaLoadMan's rating: 1000 → 1048<\/strong> (+48 for winning)\n","uploadtime":1682282056,"views":5,"p1id":"mrdarwin","p2id":"megaloadman","formatid":"gen9vgc2023regulationc","rating":1045,"private":0,"password":""}