{"id":"gen9vgc2023regulationc-1845639941","p1":"RezWest","p2":"legnobello","format":"[Gen 9] VGC 2023 Regulation C","log":"|j|\u2606RezWest\n|j|\u2606legnobello\n|t:|1681751695\n|gametype|doubles\n|player|p1|RezWest|fisherman-gen4|\n|player|p2|legnobello|drayden|\n|teamsize|p1|6\n|teamsize|p2|4\n|gen|9\n|tier|[Gen 9] VGC 2023 Regulation C\n|rule|Species Clause: Limit one of each Pok\u00e9mon\n|rule|Item Clause: Limit one of each item\n|clearpoke\n|poke|p1|Toxapex, L50, F|\n|poke|p1|Wo-Chien, L50|\n|poke|p1|Glimmora, L50, M|\n|poke|p1|Abomasnow, L50, M|\n|poke|p1|Arcanine, L50, F|\n|poke|p1|Flutter Mane, L50|\n|poke|p2|Toxapex, L50, F|\n|poke|p2|Dondozo, L50, F|\n|poke|p2|Tatsugiri, L50, M|\n|poke|p2|Zoroark, L50, F|\n|teampreview|4\nRezWest has agreed to open team sheets.\n|\n|t:|1681751761\n|start\n|switch|p1a: Enzo forestieri|Abomasnow, L50, M|100\/100\n|switch|p1b: Glimmora|Glimmora, L50, M|100\/100\n|switch|p2a: Dondozo|Dondozo, L50, F|100\/100\n|switch|p2b: Tatsugiri|Tatsugiri, L50, M|100\/100\n|-activate|p2b: Tatsugiri|ability: Commander|[of] p2a: Dondozo\n|-boost|p2a: Dondozo|atk|2\n|-boost|p2a: Dondozo|spa|2\n|-boost|p2a: Dondozo|spe|2\n|-boost|p2a: Dondozo|def|2\n|-boost|p2a: Dondozo|spd|2\n|-weather|Snow|[from] ability: Snow Warning|[of] p1a: Enzo forestieri\n|turn|1\n|\n|t:|1681751794\n|-terastallize|p2a: Dondozo|Normal\n|move|p1b: Glimmora|Mortal Spin|p2b: Tatsugiri|[spread] p2a\n|-miss|p1b: Glimmora|p2b: Tatsugiri\n|-damage|p2a: Dondozo|99\/100\n|-status|p2a: Dondozo|psn\n|move|p1a: Enzo forestieri|Aurora Veil|p1a: Enzo forestieri\n|-sidestart|p1: RezWest|move: Aurora Veil\n|move|p2a: Dondozo|Giga Impact|p1b: Glimmora\n|-resisted|p1b: Glimmora\n|-damage|p1b: Glimmora|10\/100\n|-mustrecharge|p2a: Dondozo\n|-activate|p1b: Glimmora|ability: Toxic Debris\n|-sidestart|p2: legnobello|move: Toxic Spikes\n|\n|-weather|Snow|[upkeep]\n|-damage|p2a: Dondozo|86\/100 psn|[from] psn\n|upkeep\n|turn|2\n|\n|t:|1681751835\n|move|p1b: Glimmora|Protect|p1b: Glimmora\n|-singleturn|p1b: Glimmora|Protect\n|move|p1a: Enzo forestieri|Giga Drain|p2a: Dondozo\n|-damage|p2a: Dondozo|71\/100 psn\n|cant|p2a: Dondozo|recharge\n|\n|-weather|Snow|[upkeep]\n|-damage|p2a: Dondozo|58\/100 psn|[from] psn\n|upkeep\n|turn|3\n|\n|t:|1681751880\n|move|p1b: Glimmora|Sludge Bomb|p2a: Dondozo\n|-damage|p2a: Dondozo|36\/100 psn\n|move|p1a: Enzo forestieri|Giga Drain|p2a: Dondozo\n|-damage|p2a: Dondozo|21\/100 psn\n|move|p2a: Dondozo|Giga Impact|p1b: Glimmora\n|-resisted|p1b: Glimmora\n|-damage|p1b: Glimmora|0 fnt\n|-mustrecharge|p2a: Dondozo\n|-activate|p1b: Glimmora|ability: Toxic Debris\n|-sidestart|p2: legnobello|move: Toxic Spikes\n|faint|p1b: Glimmora\n|\n|-weather|Snow|[upkeep]\n|-damage|p2a: Dondozo|8\/100 psn|[from] psn\n|upkeep\n|\n|t:|1681751896\n|switch|p1b: Mirco|Wo-Chien, L50|100\/100\n|-ability|p1b: Mirco|Tablets of Ruin\n|turn|4\n|\n|t:|1681751912\n|move|p1a: Enzo forestieri|Giga Drain|p2a: Dondozo\n|-damage|p2a: Dondozo|0 fnt\n|faint|p2a: Dondozo\n|move|p1b: Mirco|Leech Seed|p2b: Tatsugiri\n|-start|p2b: Tatsugiri|move: Leech Seed\n|\n|-weather|Snow|[upkeep]\n|-damage|p2b: Tatsugiri|89\/100|[from] Leech Seed|[of] p1b: Mirco\n|upkeep\n|\n|t:|1681751923\n|switch|p2a: MARE CACTUS|Toxapex, L50, F, shiny|100\/100\n|-sideend|p2: legnobello|move: Toxic Spikes|[of] p2a: MARE CACTUS\n|turn|5\n|\n|t:|1681751941\n|switch|p2b: Tatsugiri|Tatsugiri, L50, M|100\/100\n|move|p1a: Enzo forestieri|Protect|p1a: Enzo forestieri\n|-singleturn|p1a: Enzo forestieri|Protect\n|move|p1b: Mirco|Leech Seed|p2a: MARE CACTUS\n|-start|p2a: MARE CACTUS|move: Leech Seed\n|move|p2a: MARE CACTUS|Toxic|p1b: Mirco\n|-status|p1b: Mirco|tox\n|\n|-weather|none\n|-damage|p2a: MARE CACTUS|88\/100|[from] Leech Seed|[of] p1b: Mirco\n|-damage|p1b: Mirco|94\/100 tox|[from] psn\n|-sideend|p1: RezWest|move: Aurora Veil\n|upkeep\n|turn|6\n|\n|t:|1681751963\n|switch|p2b: Tatsugiri|Tatsugiri, L50, M|89\/100\n|move|p1a: Enzo forestieri|Aurora Veil||[still]\n|-fail|p1a: Enzo forestieri\n|move|p1b: Mirco|Leech Seed|p2b: Tatsugiri\n|-start|p2b: Tatsugiri|move: Leech Seed\n|move|p2a: MARE CACTUS|Toxic|p1a: Enzo forestieri\n|-status|p1a: Enzo forestieri|tox\n|\n|-heal|p1b: Mirco|100\/100 tox|[from] item: Leftovers\n|-heal|p2a: MARE CACTUS|94\/100|[from] item: Black Sludge\n|-damage|p2b: Tatsugiri|77\/100|[from] Leech Seed|[of] p1b: Mirco\n|-damage|p2a: MARE CACTUS|82\/100|[from] Leech Seed|[of] p1b: Mirco\n|-damage|p1a: Enzo forestieri|94\/100 tox|[from] psn\n|-damage|p1b: Mirco|88\/100 tox|[from] psn\n|upkeep\n|turn|7\n|\n|t:|1681751999\n|switch|p1a: MARE CACTUS|Toxapex, L50, F, shiny|100\/100\n|switch|p2a: MARE CACTUS|Toxapex, L50, F, shiny|100\/100\n|move|p1b: Mirco|Protect|p1b: Mirco\n|-singleturn|p1b: Mirco|Protect\n|move|p2b: Tatsugiri|Muddy Water|p1a: MARE CACTUS|[spread] p1a\n|-activate|p1b: Mirco|move: Protect\n|-resisted|p1a: MARE CACTUS\n|-damage|p1a: MARE CACTUS|89\/100\n|\n|-heal|p1b: Mirco|94\/100 tox|[from] item: Leftovers\n|-heal|p1a: MARE CACTUS|95\/100|[from] item: Black Sludge\n|-damage|p2b: Tatsugiri|65\/100|[from] Leech Seed|[of] p1b: Mirco\n|-heal|p1b: Mirco|100\/100 tox|[silent]\n|-damage|p1b: Mirco|82\/100 tox|[from] psn\n|upkeep\n|turn|8\n|\n|t:|1681752037\n|switch|p2a: MARE CACTUS|Toxapex, L50, F, shiny|100\/100\n|move|p2b: Tatsugiri|Draco Meteor|p1b: Mirco\n|-damage|p1b: Mirco|43\/100 tox\n|-unboost|p2b: Tatsugiri|spa|2\n|move|p1b: Mirco|Leech Seed|p2a: MARE CACTUS\n|-start|p2a: MARE CACTUS|move: Leech Seed\n|move|p1a: MARE CACTUS|Icy Wind|p2a: MARE CACTUS|[spread] p2a,p2b\n|-resisted|p2a: MARE CACTUS\n|-damage|p2a: MARE CACTUS|99\/100\n|-damage|p2b: Tatsugiri|58\/100\n|-unboost|p2a: MARE CACTUS|spe|1\n|-unboost|p2b: Tatsugiri|spe|1\n|\n|-heal|p1b: Mirco|49\/100 tox|[from] item: Leftovers\n|-heal|p1a: MARE CACTUS|100\/100|[from] item: Black Sludge\n|-heal|p2a: MARE CACTUS|100\/100|[from] item: Black Sludge\n|-damage|p2b: Tatsugiri|46\/100|[from] Leech Seed|[of] p1b: Mirco\n|-heal|p1b: Mirco|58\/100 tox|[silent]\n|-damage|p2a: MARE CACTUS|88\/100|[from] Leech Seed|[of] p1b: Mirco\n|-heal|p1b: Mirco|68\/100 tox|[silent]\n|-damage|p1b: Mirco|43\/100 tox|[from] psn\n|upkeep\n|turn|9\n|\n|t:|1681752071\n|switch|p2b: Tatsugiri|Tatsugiri, L50, M|100\/100\n|move|p1b: Mirco|Protect|p1b: Mirco\n|-singleturn|p1b: Mirco|Protect\n|move|p1a: MARE CACTUS|Baneful Bunker|p1a: MARE CACTUS\n|-singleturn|p1a: MARE CACTUS|move: Protect\n|move|p2a: MARE CACTUS|Toxic|p1a: MARE CACTUS\n|-activate|p1a: MARE CACTUS|move: Protect\n|\n|-heal|p1b: Mirco|49\/100 tox|[from] item: Leftovers\n|-heal|p2a: MARE CACTUS|94\/100|[from] item: Black Sludge\n|-damage|p2a: MARE CACTUS|82\/100|[from] Leech Seed|[of] p1b: Mirco\n|-heal|p1b: Mirco|59\/100 tox|[silent]\n|-damage|p1b: Mirco|28\/100 tox|[from] psn\n|upkeep\n|turn|10\n|\n|t:|1681752096\n|switch|p1b: Enzo forestieri|Abomasnow, L50, M|94\/100 tox\n|-weather|Snow|[from] ability: Snow Warning|[of] p1b: Enzo forestieri\n|switch|p2a: Tatsugiri|Tatsugiri, L50, M|46\/100\n|move|p2b: Tatsugiri|Taunt|p1a: MARE CACTUS\n|-start|p1a: MARE CACTUS|move: Taunt\n|cant|p1a: MARE CACTUS|move: Taunt|Toxic\n|\n|-weather|Snow|[upkeep]\n|-damage|p1b: Enzo forestieri|88\/100 tox|[from] psn\n|upkeep\n|turn|11\n|\n|t:|1681752125\n|move|p2b: Tatsugiri|Flamethrower|p1b: Enzo forestieri\n|-supereffective|p1b: Enzo forestieri\n|-damage|p1b: Enzo forestieri|0 fnt\n|faint|p1b: Enzo forestieri\n|move|p2a: Tatsugiri|Draco Meteor|p1a: MARE CACTUS\n|-damage|p1a: MARE CACTUS|54\/100\n|-unboost|p2a: Tatsugiri|spa|2\n|move|p1a: MARE CACTUS|Icy Wind|p2b: Tatsugiri|[spread] p2a,p2b\n|-damage|p2a: Tatsugiri|40\/100\n|-damage|p2b: Tatsugiri|89\/100\n|-unboost|p2a: Tatsugiri|spe|1\n|-unboost|p2b: Tatsugiri|spe|1\n|replace|p2b: Not Zoroark|Zoroark, L50, F\n|-end|p2b: Not Zoroark|Illusion\n|\n|-weather|Snow|[upkeep]\n|-heal|p1a: MARE CACTUS|60\/100|[from] item: Black Sludge\n|upkeep\n|\n|t:|1681752141\n|switch|p1b: Mirco|Wo-Chien, L50|28\/100 tox\n|-ability|p1b: Mirco|Tablets of Ruin\n|turn|12\n|\n|t:|1681752163\n|switch|p2b: MARE CACTUS|Toxapex, L50, F, shiny|100\/100\n|-terastallize|p1b: Mirco|Ice\n|move|p2a: Tatsugiri|Muddy Water|p1a: MARE CACTUS|[spread] p1a,p1b\n|-resisted|p1a: MARE CACTUS\n|-damage|p1a: MARE CACTUS|54\/100\n|-damage|p1b: Mirco|18\/100 tox\n|-unboost|p1a: MARE CACTUS|accuracy|1\n|-unboost|p1b: Mirco|accuracy|1\n|move|p1b: Mirco|Leech Seed|p2a: Tatsugiri|[miss]\n|-miss|p1b: Mirco|p2a: Tatsugiri\n|move|p1a: MARE CACTUS|Icy Wind|p2a: Tatsugiri|[spread] p2a,p2b\n|-resisted|p2b: MARE CACTUS\n|-damage|p2a: Tatsugiri|33\/100\n|-damage|p2b: MARE CACTUS|99\/100\n|-unboost|p2a: Tatsugiri|spe|1\n|-unboost|p2b: MARE CACTUS|spe|1\n|\n|-weather|Snow|[upkeep]\n|-heal|p1b: Mirco|24\/100 tox|[from] item: Leftovers\n|-heal|p1a: MARE CACTUS|60\/100|[from] item: Black Sludge\n|-heal|p2b: MARE CACTUS|100\/100|[from] item: Black Sludge\n|-damage|p1b: Mirco|18\/100 tox|[from] psn\n|-end|p1a: MARE CACTUS|move: Taunt\n|upkeep\n|turn|13\n|\n|t:|1681752201\n|switch|p2a: Tatsugiri|Tatsugiri, L50, M|89\/100\n|move|p1b: Mirco|Leech Seed|p2b: MARE CACTUS|[miss]\n|-miss|p1b: Mirco|p2b: MARE CACTUS\n|move|p1a: MARE CACTUS|Recover|p1a: MARE CACTUS\n|-heal|p1a: MARE CACTUS|100\/100\n|move|p2b: MARE CACTUS|Icy Wind|p1a: MARE CACTUS|[spread] p1b\n|-miss|p2b: MARE CACTUS|p1a: MARE CACTUS\n|-resisted|p1b: Mirco\n|-damage|p1b: Mirco|17\/100 tox\n|-unboost|p1b: Mirco|spe|1\n|\n|-weather|Snow|[upkeep]\n|-heal|p1b: Mirco|23\/100 tox|[from] item: Leftovers\n|-damage|p1b: Mirco|10\/100 tox|[from] psn\n|upkeep\n|turn|14\n|\n|t:|1681752230\n|switch|p2a: Tatsugiri|Tatsugiri, L50, M|33\/100\n|move|p1a: MARE CACTUS|Toxic|p2a: Tatsugiri\n|-status|p2a: Tatsugiri|tox\n|move|p1b: Mirco|Leech Seed|p2b: MARE CACTUS|[miss]\n|-miss|p1b: Mirco|p2b: MARE CACTUS\n|move|p2b: MARE CACTUS|Icy Wind|p1a: MARE CACTUS|[spread] p1a,p1b\n|-resisted|p1a: MARE CACTUS\n|-resisted|p1b: Mirco\n|-damage|p1a: MARE CACTUS|99\/100\n|-damage|p1b: Mirco|9\/100 tox\n|-unboost|p1a: MARE CACTUS|spe|1\n|-unboost|p1b: Mirco|spe|1\n|\n|-weather|none\n|-heal|p1b: Mirco|15\/100 tox|[from] item: Leftovers\n|-heal|p1a: MARE CACTUS|100\/100|[from] item: Black Sludge\n|-damage|p2a: Tatsugiri|27\/100 tox|[from] psn\n|-damage|p1b: Mirco|0 fnt|[from] psn\n|faint|p1b: Mirco\n|upkeep\n|turn|15\n|\n|t:|1681752284\n|move|p2a: Tatsugiri|Draco Meteor|p1a: MARE CACTUS\n|-damage|p1a: MARE CACTUS|58\/100\n|-unboost|p2a: Tatsugiri|spa|2\n|move|p1a: MARE CACTUS|Icy Wind|p2b: MARE CACTUS|[spread] \n|-miss|p1a: MARE CACTUS|p2a: Tatsugiri\n|-miss|p1a: MARE CACTUS|p2b: MARE CACTUS\n|move|p2b: MARE CACTUS|Icy Wind|p1a: MARE CACTUS\n|-resisted|p1a: MARE CACTUS\n|-damage|p1a: MARE CACTUS|56\/100\n|-unboost|p1a: MARE CACTUS|spe|1\n|\n|-heal|p1a: MARE CACTUS|62\/100|[from] item: Black Sludge\n|-damage|p2a: Tatsugiri|16\/100 tox|[from] psn\n|upkeep\n|turn|16\n|\n|t:|1681752303\n|move|p2a: Tatsugiri|Helping Hand|p2b: MARE CACTUS\n|-singleturn|p2b: MARE CACTUS|Helping Hand|[of] p2a: Tatsugiri\n|move|p2b: MARE CACTUS|Icy Wind|p1a: MARE CACTUS\n|-resisted|p1a: MARE CACTUS\n|-damage|p1a: MARE CACTUS|58\/100\n|-unboost|p1a: MARE CACTUS|spe|1\n|move|p1a: MARE CACTUS|Icy Wind|p2a: Tatsugiri|[spread] p2a\n|-miss|p1a: MARE CACTUS|p2b: MARE CACTUS\n|-damage|p2a: Tatsugiri|8\/100 tox\n|-unboost|p2a: Tatsugiri|spe|1\n|\n|-heal|p1a: MARE CACTUS|64\/100|[from] item: Black Sludge\n|-damage|p2a: Tatsugiri|0 fnt|[from] psn\n|faint|p2a: Tatsugiri\n|upkeep\n|\n|t:|1681752319\n|switch|p2a: MARE CACTUS|Toxapex, L50, F, shiny|89\/100\n|turn|17\n|\n|t:|1681752340\n|move|p2a: MARE CACTUS|Night Daze|p1a: MARE CACTUS\n|-damage|p1a: MARE CACTUS|35\/100\n|move|p2b: MARE CACTUS|Icy Wind|p1a: MARE CACTUS\n|-resisted|p1a: MARE CACTUS\n|-damage|p1a: MARE CACTUS|32\/100\n|-unboost|p1a: MARE CACTUS|spe|1\n|move|p1a: MARE CACTUS|Toxic|p2a: MARE CACTUS\n|-status|p2a: MARE CACTUS|tox\n|\n|-heal|p1a: MARE CACTUS|38\/100|[from] item: Black Sludge\n|-damage|p2a: MARE CACTUS|83\/100 tox|[from] psn\n|upkeep\n|turn|18\n|\n|t:|1681752357\n|move|p2a: MARE CACTUS|Night Daze|p1a: MARE CACTUS\n|-damage|p1a: MARE CACTUS|6\/100\n|move|p2b: MARE CACTUS|Icy Wind|p1a: MARE CACTUS\n|-resisted|p1a: MARE CACTUS\n|-damage|p1a: MARE CACTUS|3\/100\n|-unboost|p1a: MARE CACTUS|spe|1\n|move|p1a: MARE CACTUS|Recover|p1a: MARE CACTUS\n|-heal|p1a: MARE CACTUS|53\/100\n|\n|-heal|p1a: MARE CACTUS|59\/100|[from] item: Black Sludge\n|-damage|p2a: MARE CACTUS|71\/100 tox|[from] psn\n|upkeep\n|turn|19\n|\n|t:|1681752375\n|move|p2a: MARE CACTUS|Night Daze|p1a: MARE CACTUS\n|-damage|p1a: MARE CACTUS|29\/100\n|-unboost|p1a: MARE CACTUS|accuracy|1\n|move|p2b: MARE CACTUS|Icy Wind|p1a: MARE CACTUS\n|-resisted|p1a: MARE CACTUS\n|-damage|p1a: MARE CACTUS|26\/100\n|-unboost|p1a: MARE CACTUS|spe|1\n|move|p1a: MARE CACTUS|Recover|p1a: MARE CACTUS\n|-heal|p1a: MARE CACTUS|76\/100\n|\n|-heal|p1a: MARE CACTUS|82\/100|[from] item: Black Sludge\n|-damage|p2a: MARE CACTUS|53\/100 tox|[from] psn\n|upkeep\n|turn|20\n|\n|t:|1681752394\n|move|p1a: MARE CACTUS|Baneful Bunker|p1a: MARE CACTUS\n|-singleturn|p1a: MARE CACTUS|move: Protect\n|move|p2a: MARE CACTUS|Flamethrower|p1a: MARE CACTUS\n|-activate|p1a: MARE CACTUS|move: Protect\n|move|p2b: MARE CACTUS|Icy Wind|p1a: MARE CACTUS\n|-activate|p1a: MARE CACTUS|move: Protect\n|\n|-heal|p1a: MARE CACTUS|88\/100|[from] item: Black Sludge\n|-damage|p2a: MARE CACTUS|29\/100 tox|[from] psn\n|upkeep\n|turn|21\n|\n|t:|1681752408\n|move|p1a: MARE CACTUS|Baneful Bunker||[still]\n|-fail|p1a: MARE CACTUS\n|move|p2a: MARE CACTUS|Flamethrower|p1a: MARE CACTUS\n|-resisted|p1a: MARE CACTUS\n|-damage|p1a: MARE CACTUS|77\/100\n|move|p2b: MARE CACTUS|Icy Wind|p1a: MARE CACTUS\n|-resisted|p1a: MARE CACTUS\n|-damage|p1a: MARE CACTUS|75\/100\n|\n|-heal|p1a: MARE CACTUS|81\/100|[from] item: Black Sludge\n|-damage|p2a: MARE CACTUS|0 fnt|[from] psn\n|faint|p2a: MARE CACTUS\n|upkeep\n|turn|22\n|\n|t:|1681752422\n|move|p2b: MARE CACTUS|Icy Wind|p1a: MARE CACTUS\n|-resisted|p1a: MARE CACTUS\n|-damage|p1a: MARE CACTUS|78\/100\n|move|p1a: MARE CACTUS|Recover|p1a: MARE CACTUS\n|-heal|p1a: MARE CACTUS|100\/100\n|\n|upkeep\n|turn|23\n|\n|t:|1681752431\n|move|p1a: MARE CACTUS|Baneful Bunker|p1a: MARE CACTUS\n|-singleturn|p1a: MARE CACTUS|move: Protect\n|move|p2b: MARE CACTUS|Icy Wind|p1a: MARE CACTUS\n|-activate|p1a: MARE CACTUS|move: Protect\n|\n|upkeep\n|turn|24\n|\n|t:|1681752439\n|move|p2b: MARE CACTUS|Icy Wind|p1a: MARE CACTUS\n|-resisted|p1a: MARE CACTUS\n|-damage|p1a: MARE CACTUS|98\/100\n|move|p1a: MARE CACTUS|Icy Wind|p2b: MARE CACTUS\n|-resisted|p2b: MARE CACTUS\n|-damage|p2b: MARE CACTUS|98\/100\n|-unboost|p2b: MARE CACTUS|spe|1\n|\n|-heal|p2b: MARE CACTUS|100\/100|[from] item: Black Sludge\n|-heal|p1a: MARE CACTUS|100\/100|[from] item: Black Sludge\n|upkeep\n|turn|25\n|\n|t:|1681752457\n|move|p2b: MARE CACTUS|Icy Wind|p1a: MARE CACTUS\n|-resisted|p1a: MARE CACTUS\n|-damage|p1a: MARE CACTUS|98\/100\n|move|p1a: MARE CACTUS|Icy Wind|p2b: MARE CACTUS\n|-resisted|p2b: MARE CACTUS\n|-damage|p2b: MARE CACTUS|98\/100\n|-unboost|p2b: MARE CACTUS|spe|1\n|\n|-heal|p2b: MARE CACTUS|100\/100|[from] item: Black Sludge\n|-heal|p1a: MARE CACTUS|100\/100|[from] item: Black Sludge\n|upkeep\n|turn|26\n|\n|t:|1681752471\n|move|p2b: MARE CACTUS|Icy Wind|p1a: MARE CACTUS\n|-resisted|p1a: MARE CACTUS\n|-damage|p1a: MARE CACTUS|98\/100\n|move|p1a: MARE CACTUS|Icy Wind|p2b: MARE CACTUS\n|-resisted|p2b: MARE CACTUS\n|-damage|p2b: MARE CACTUS|98\/100\n|-unboost|p2b: MARE CACTUS|spe|1\n|\n|-heal|p2b: MARE CACTUS|100\/100|[from] item: Black Sludge\n|-heal|p1a: MARE CACTUS|100\/100|[from] item: Black Sludge\n|upkeep\n|turn|27\n|\n|t:|1681752482\n|move|p2b: MARE CACTUS|Icy Wind|p1a: MARE CACTUS\n|-resisted|p1a: MARE CACTUS\n|-crit|p1a: MARE CACTUS\n|-damage|p1a: MARE CACTUS|97\/100\n|move|p1a: MARE CACTUS|Icy Wind|p2b: MARE CACTUS|[miss]\n|-miss|p1a: MARE CACTUS|p2b: MARE CACTUS\n|\n|-heal|p1a: MARE CACTUS|100\/100|[from] item: Black Sludge\n|upkeep\n|turn|28\n|\n|t:|1681752492\n|move|p2b: MARE CACTUS|Icy Wind|p1a: MARE CACTUS\n|-resisted|p1a: MARE CACTUS\n|-damage|p1a: MARE CACTUS|99\/100\n|move|p1a: MARE CACTUS|Icy Wind|p2b: MARE CACTUS\n|-resisted|p2b: MARE CACTUS\n|-damage|p2b: MARE CACTUS|99\/100\n|-unboost|p2b: MARE CACTUS|spe|1\n|\n|-heal|p2b: MARE CACTUS|100\/100|[from] item: Black Sludge\n|-heal|p1a: MARE CACTUS|100\/100|[from] item: Black Sludge\n|upkeep\n|turn|29\n|\n|t:|1681752504\n|move|p2b: MARE CACTUS|Icy Wind|p1a: MARE CACTUS\n|-resisted|p1a: MARE CACTUS\n|-damage|p1a: MARE CACTUS|98\/100\n|move|p1a: MARE CACTUS|Icy Wind|p2b: MARE CACTUS\n|-resisted|p2b: MARE CACTUS\n|-damage|p2b: MARE CACTUS|98\/100\n|-unboost|p2b: MARE CACTUS|spe|1\n|\n|-heal|p1a: MARE CACTUS|100\/100|[from] item: Black Sludge\n|-heal|p2b: MARE CACTUS|100\/100|[from] item: Black Sludge\n|upkeep\n|turn|30\n|\n|t:|1681752518\n|move|p1a: MARE CACTUS|Icy Wind|p2b: MARE CACTUS\n|-resisted|p2b: MARE CACTUS\n|-damage|p2b: MARE CACTUS|99\/100\n|move|p2b: MARE CACTUS|Icy Wind|p1a: MARE CACTUS\n|-resisted|p1a: MARE CACTUS\n|-damage|p1a: MARE CACTUS|99\/100\n|\n|-heal|p1a: MARE CACTUS|100\/100|[from] item: Black Sludge\n|-heal|p2b: MARE CACTUS|100\/100|[from] item: Black Sludge\n|upkeep\n|turn|31\n|\n|t:|1681752529\n|move|p1a: MARE CACTUS|Baneful Bunker|p1a: MARE CACTUS\n|-singleturn|p1a: MARE CACTUS|move: Protect\n|move|p2b: MARE CACTUS|Icy Wind|p1a: MARE CACTUS\n|-activate|p1a: MARE CACTUS|move: Protect\n|\n|upkeep\n|turn|32\n|\n|t:|1681752539\n|move|p2b: MARE CACTUS|Icy Wind|p1a: MARE CACTUS\n|-resisted|p1a: MARE CACTUS\n|-damage|p1a: MARE CACTUS|98\/100\n|move|p1a: MARE CACTUS|Toxic|p2b: MARE CACTUS\n|-immune|p2b: MARE CACTUS\n|\n|-heal|p1a: MARE CACTUS|100\/100|[from] item: Black Sludge\n|upkeep\n|turn|33\n|\n|t:|1681752552\n|move|p2b: MARE CACTUS|Baneful Bunker|p2b: MARE CACTUS\n|-singleturn|p2b: MARE CACTUS|move: Protect\n|move|p1a: MARE CACTUS|Icy Wind|p2b: MARE CACTUS\n|-activate|p2b: MARE CACTUS|move: Protect\n|\n|upkeep\n|turn|34\n|\n|t:|1681752562\n|move|p1a: MARE CACTUS|Baneful Bunker|p1a: MARE CACTUS\n|-singleturn|p1a: MARE CACTUS|move: Protect\n|move|p2b: MARE CACTUS|Icy Wind|p1a: MARE CACTUS\n|-activate|p1a: MARE CACTUS|move: Protect\n|\n|upkeep\n|turn|35\n|\n|t:|1681752569\n|move|p1a: MARE CACTUS|Icy Wind|p2b: MARE CACTUS|[miss]\n|-miss|p1a: MARE CACTUS|p2b: MARE CACTUS\n|move|p2b: MARE CACTUS|Icy Wind|p1a: MARE CACTUS|[miss]\n|-miss|p2b: MARE CACTUS|p1a: MARE CACTUS\n|\n|upkeep\n|turn|36\n|\n|t:|1681752582\n|move|p2b: MARE CACTUS|Icy Wind|p1a: MARE CACTUS\n|-resisted|p1a: MARE CACTUS\n|-damage|p1a: MARE CACTUS|99\/100\n|move|p1a: MARE CACTUS|Icy Wind|p2b: MARE CACTUS\n|-resisted|p2b: MARE CACTUS\n|-damage|p2b: MARE CACTUS|98\/100\n|\n|-heal|p1a: MARE CACTUS|100\/100|[from] item: Black Sludge\n|-heal|p2b: MARE CACTUS|100\/100|[from] item: Black Sludge\n|upkeep\n|turn|37\n|\n|t:|1681752593\n|move|p2b: MARE CACTUS|Icy Wind|p1a: MARE CACTUS\n|-resisted|p1a: MARE CACTUS\n|-damage|p1a: MARE CACTUS|98\/100\n|move|p1a: MARE CACTUS|Icy Wind|p2b: MARE CACTUS\n|-resisted|p2b: MARE CACTUS\n|-damage|p2b: MARE CACTUS|98\/100\n|\n|-heal|p2b: MARE CACTUS|100\/100|[from] item: Black Sludge\n|-heal|p1a: MARE CACTUS|100\/100|[from] item: Black Sludge\n|upkeep\n|turn|38\n|\n|t:|1681752605\n|move|p2b: MARE CACTUS|Baneful Bunker|p2b: MARE CACTUS\n|-singleturn|p2b: MARE CACTUS|move: Protect\n|move|p1a: MARE CACTUS|Icy Wind|p2b: MARE CACTUS\n|-activate|p2b: MARE CACTUS|move: Protect\n|\n|upkeep\n|turn|39\n|\n|t:|1681752612\n|move|p1a: MARE CACTUS|Baneful Bunker|p1a: MARE CACTUS\n|-singleturn|p1a: MARE CACTUS|move: Protect\n|move|p2b: MARE CACTUS|Baneful Bunker||[still]\n|-fail|p2b: MARE CACTUS\n|\n|upkeep\n|turn|40\n|\n|t:|1681752621\n|move|p2b: MARE CACTUS|Baneful Bunker|p2b: MARE CACTUS\n|-singleturn|p2b: MARE CACTUS|move: Protect\n|move|p1a: MARE CACTUS|Toxic|p2b: MARE CACTUS\n|-activate|p2b: MARE CACTUS|move: Protect\n|\n|upkeep\n|turn|41\n|\n|t:|1681752628\n|move|p2b: MARE CACTUS|Baneful Bunker|p2b: MARE CACTUS\n|-singleturn|p2b: MARE CACTUS|move: Protect\n|move|p1a: MARE CACTUS|Toxic|p2b: MARE CACTUS\n|-activate|p2b: MARE CACTUS|move: Protect\n|\n|upkeep\n|turn|42\n|\n|t:|1681752635\n|move|p2b: MARE CACTUS|Baneful Bunker||[still]\n|-fail|p2b: MARE CACTUS\n|move|p1a: MARE CACTUS|Toxic|p2b: MARE CACTUS\n|-immune|p2b: MARE CACTUS\n|\n|upkeep\n|turn|43\n|\n|t:|1681752641\n|move|p2b: MARE CACTUS|Baneful Bunker|p2b: MARE CACTUS\n|-singleturn|p2b: MARE CACTUS|move: Protect\n|move|p1a: MARE CACTUS|Toxic|p2b: MARE CACTUS\n|-activate|p2b: MARE CACTUS|move: Protect\n|\n|upkeep\n|turn|44\n|\n|t:|1681752648\n|move|p2b: MARE CACTUS|Baneful Bunker||[still]\n|-fail|p2b: MARE CACTUS\n|move|p1a: MARE CACTUS|Toxic|p2b: MARE CACTUS\n|-immune|p2b: MARE CACTUS\n|\n|upkeep\n|turn|45\n|\n|t:|1681752654\n|move|p2b: MARE CACTUS|Baneful Bunker|p2b: MARE CACTUS\n|-singleturn|p2b: MARE CACTUS|move: Protect\n|move|p1a: MARE CACTUS|Toxic|p2b: MARE CACTUS\n|-activate|p2b: MARE CACTUS|move: Protect\n|\n|upkeep\n|turn|46\n|\n|t:|1681752660\n|move|p2b: MARE CACTUS|Baneful Bunker|p2b: MARE CACTUS\n|-singleturn|p2b: MARE CACTUS|move: Protect\n|move|p1a: MARE CACTUS|Toxic|p2b: MARE CACTUS\n|-activate|p2b: MARE CACTUS|move: Protect\n|\n|upkeep\n|turn|47\n|\n|t:|1681752668\n|move|p2b: MARE CACTUS|Baneful Bunker||[still]\n|-fail|p2b: MARE CACTUS\n|move|p1a: MARE CACTUS|Toxic|p2b: MARE CACTUS\n|-immune|p2b: MARE CACTUS\n|\n|upkeep\n|turn|48\n|\n|t:|1681752674\n|move|p2b: MARE CACTUS|Baneful Bunker|p2b: MARE CACTUS\n|-singleturn|p2b: MARE CACTUS|move: Protect\n|move|p1a: MARE CACTUS|Toxic|p2b: MARE CACTUS\n|-activate|p2b: MARE CACTUS|move: Protect\n|\n|upkeep\n|turn|49\n|\n|t:|1681752681\n|move|p2b: MARE CACTUS|Baneful Bunker|p2b: MARE CACTUS\n|-singleturn|p2b: MARE CACTUS|move: Protect\n|move|p1a: MARE CACTUS|Toxic|p2b: MARE CACTUS\n|-activate|p2b: MARE CACTUS|move: Protect\n|\n|upkeep\n|turn|50\n|\n|t:|1681752687\n|move|p2b: MARE CACTUS|Baneful Bunker||[still]\n|-fail|p2b: MARE CACTUS\n|move|p1a: MARE CACTUS|Toxic|p2b: MARE CACTUS\n|-immune|p2b: MARE CACTUS\n|\n|upkeep\n|turn|51\n|\n|t:|1681752693\n|move|p2b: MARE CACTUS|Baneful Bunker|p2b: MARE CACTUS\n|-singleturn|p2b: MARE CACTUS|move: Protect\n|move|p1a: MARE CACTUS|Toxic|p2b: MARE CACTUS\n|-activate|p2b: MARE CACTUS|move: Protect\n|\n|upkeep\n|turn|52\n|\n|t:|1681752699\n|move|p2b: MARE CACTUS|Baneful Bunker|p2b: MARE CACTUS\n|-singleturn|p2b: MARE CACTUS|move: Protect\n|move|p1a: MARE CACTUS|Toxic|p2b: MARE CACTUS\n|-activate|p2b: MARE CACTUS|move: Protect\n|\n|upkeep\n|turn|53\n|\n|t:|1681752712\n|move|p1a: MARE CACTUS|Baneful Bunker|p1a: MARE CACTUS\n|-singleturn|p1a: MARE CACTUS|move: Protect\n|move|p2b: MARE CACTUS|Toxic|p1a: MARE CACTUS\n|-activate|p1a: MARE CACTUS|move: Protect\n|\n|upkeep\n|turn|54\n|\n|t:|1681752720\n|move|p1a: MARE CACTUS|Baneful Bunker||[still]\n|-fail|p1a: MARE CACTUS\n|move|p2b: MARE CACTUS|Toxic|p1a: MARE CACTUS\n|-immune|p1a: MARE CACTUS\n|\n|upkeep\n|turn|55\n|\n|t:|1681752733\n|move|p1a: MARE CACTUS|Baneful Bunker|p1a: MARE CACTUS\n|-singleturn|p1a: MARE CACTUS|move: Protect\n|move|p2b: MARE CACTUS|Toxic|p1a: MARE CACTUS\n|-activate|p1a: MARE CACTUS|move: Protect\n|\n|upkeep\n|turn|56\n|\n|t:|1681752741\n|move|p1a: MARE CACTUS|Icy Wind|p2b: MARE CACTUS|[miss]\n|-miss|p1a: MARE CACTUS|p2b: MARE CACTUS\n|move|p2b: MARE CACTUS|Toxic|p1a: MARE CACTUS\n|-immune|p1a: MARE CACTUS\n|\n|upkeep\n|turn|57\n|\n|t:|1681752751\n|move|p1a: MARE CACTUS|Baneful Bunker|p1a: MARE CACTUS\n|-singleturn|p1a: MARE CACTUS|move: Protect\n|move|p2b: MARE CACTUS|Toxic|p1a: MARE CACTUS\n|-activate|p1a: MARE CACTUS|move: Protect\n|\n|upkeep\n|turn|58\n|\n|t:|1681752760\n|move|p1a: MARE CACTUS|Baneful Bunker|p1a: MARE CACTUS\n|-singleturn|p1a: MARE CACTUS|move: Protect\n|move|p2b: MARE CACTUS|Toxic|p1a: MARE CACTUS\n|-activate|p1a: MARE CACTUS|move: Protect\n|\n|upkeep\n|turn|59\n|\n|t:|1681752784\n|move|p1a: MARE CACTUS|Baneful Bunker||[still]\n|-fail|p1a: MARE CACTUS\n|move|p2b: MARE CACTUS|Toxic|p1a: MARE CACTUS\n|-immune|p1a: MARE CACTUS\n|\n|upkeep\n|turn|60\n|\n|t:|1681752792\n|move|p1a: MARE CACTUS|Baneful Bunker|p1a: MARE CACTUS\n|-singleturn|p1a: MARE CACTUS|move: Protect\n|move|p2b: MARE CACTUS|Toxic|p1a: MARE CACTUS\n|-activate|p1a: MARE CACTUS|move: Protect\n|\n|upkeep\n|turn|61\n|\n|t:|1681752801\n|move|p1a: MARE CACTUS|Baneful Bunker|p1a: MARE CACTUS\n|-singleturn|p1a: MARE CACTUS|move: Protect\n|move|p2b: MARE CACTUS|Toxic|p1a: MARE CACTUS\n|-activate|p1a: MARE CACTUS|move: Protect\n|\n|upkeep\n|turn|62\n|\n|t:|1681752809\n|move|p1a: MARE CACTUS|Baneful Bunker||[still]\n|-fail|p1a: MARE CACTUS\n|move|p2b: MARE CACTUS|Toxic|p1a: MARE CACTUS\n|-immune|p1a: MARE CACTUS\n|\n|upkeep\n|turn|63\n|\n|t:|1681752816\n|move|p1a: MARE CACTUS|Icy Wind|p2b: MARE CACTUS|[miss]\n|-miss|p1a: MARE CACTUS|p2b: MARE CACTUS\n|move|p2b: MARE CACTUS|Toxic|p1a: MARE CACTUS\n|-immune|p1a: MARE CACTUS\n|\n|upkeep\n|turn|64\n|\n|t:|1681752824\n|move|p2b: MARE CACTUS|Toxic|p1a: MARE CACTUS\n|-immune|p1a: MARE CACTUS\n|move|p1a: MARE CACTUS|Icy Wind|p2b: MARE CACTUS\n|-resisted|p2b: MARE CACTUS\n|-damage|p2b: MARE CACTUS|99\/100\n|\n|-heal|p2b: MARE CACTUS|100\/100|[from] item: Black Sludge\n|upkeep\n|turn|65\n|\n|t:|1681752834\n|move|p2b: MARE CACTUS|Toxic|p1a: MARE CACTUS\n|-immune|p1a: MARE CACTUS\n|move|p1a: MARE CACTUS|Icy Wind|p2b: MARE CACTUS\n|-resisted|p2b: MARE CACTUS\n|-damage|p2b: MARE CACTUS|98\/100\n|\n|-heal|p2b: MARE CACTUS|100\/100|[from] item: Black Sludge\n|upkeep\n|turn|66\n|\n|t:|1681752844\n|move|p2b: MARE CACTUS|Recover||[still]\n|-fail|p2b: MARE CACTUS|heal\n|move|p1a: MARE CACTUS|Icy Wind|p2b: MARE CACTUS\n|-resisted|p2b: MARE CACTUS\n|-damage|p2b: MARE CACTUS|99\/100\n|\n|-heal|p2b: MARE CACTUS|100\/100|[from] item: Black Sludge\n|upkeep\n|turn|67\n|\n|t:|1681752853\n|move|p1a: MARE CACTUS|Icy Wind|p2b: MARE CACTUS|[miss]\n|-miss|p1a: MARE CACTUS|p2b: MARE CACTUS\n|move|p2b: MARE CACTUS|Recover||[still]\n|-fail|p2b: MARE CACTUS|heal\n|\n|upkeep\n|turn|68\n|\n|t:|1681752860\n|move|p1a: MARE CACTUS|Icy Wind|p2b: MARE CACTUS|[miss]\n|-miss|p1a: MARE CACTUS|p2b: MARE CACTUS\n|move|p2b: MARE CACTUS|Recover||[still]\n|-fail|p2b: MARE CACTUS|heal\n|\n|upkeep\n|turn|69\n|\n|t:|1681752866\n|move|p2b: MARE CACTUS|Recover||[still]\n|-fail|p2b: MARE CACTUS|heal\n|move|p1a: MARE CACTUS|Recover||[still]\n|-fail|p1a: MARE CACTUS|heal\n|\n|upkeep\n|turn|70\n|\n|t:|1681752872\n|move|p1a: MARE CACTUS|Recover||[still]\n|-fail|p1a: MARE CACTUS|heal\n|move|p2b: MARE CACTUS|Recover||[still]\n|-fail|p2b: MARE CACTUS|heal\n|\n|upkeep\n|turn|71\n|\n|t:|1681752878\n|move|p2b: MARE CACTUS|Recover||[still]\n|-fail|p2b: MARE CACTUS|heal\n|move|p1a: MARE CACTUS|Recover||[still]\n|-fail|p1a: MARE CACTUS|heal\n|\n|upkeep\n|turn|72\n|\n|t:|1681752887\n|move|p2b: MARE CACTUS|Recover||[still]\n|-fail|p2b: MARE CACTUS|heal\n|move|p1a: MARE CACTUS|Recover||[still]\n|-fail|p1a: MARE CACTUS|heal\n|\n|upkeep\n|turn|73\n|\n|t:|1681752913\n|move|p2b: MARE CACTUS|Recover||[still]\n|-fail|p2b: MARE CACTUS|heal\n|-activate|p1a: MARE CACTUS|move: Struggle\n|move|p1a: MARE CACTUS|Struggle|p2b: MARE CACTUS\n|-damage|p2b: MARE CACTUS|95\/100\n|-damage|p1a: MARE CACTUS|76\/100|[from] recoil\n|\n|-heal|p2b: MARE CACTUS|100\/100|[from] item: Black Sludge\n|-heal|p1a: MARE CACTUS|81\/100|[from] item: Black Sludge\n|upkeep\n|turn|74\n|\n|t:|1681752923\n|-activate|p1a: MARE CACTUS|move: Struggle\n|move|p1a: MARE CACTUS|Struggle|p2b: MARE CACTUS\n|-damage|p2b: MARE CACTUS|95\/100\n|-damage|p1a: MARE CACTUS|57\/100|[from] recoil\n|-activate|p2b: MARE CACTUS|move: Struggle\n|move|p2b: MARE CACTUS|Struggle|p1a: MARE CACTUS\n|-damage|p1a: MARE CACTUS|51\/100\n|-damage|p2b: MARE CACTUS|71\/100|[from] recoil\n|\n|-heal|p2b: MARE CACTUS|76\/100|[from] item: Black Sludge\n|-heal|p1a: MARE CACTUS|57\/100|[from] item: Black Sludge\n|upkeep\n|turn|75\n|\n|t:|1681752936\n|-activate|p2b: MARE CACTUS|move: Struggle\n|move|p2b: MARE CACTUS|Struggle|p1a: MARE CACTUS\n|-damage|p1a: MARE CACTUS|51\/100\n|-damage|p2b: MARE CACTUS|51\/100|[from] recoil\n|-activate|p1a: MARE CACTUS|move: Struggle\n|move|p1a: MARE CACTUS|Struggle|p2b: MARE CACTUS\n|-damage|p2b: MARE CACTUS|46\/100\n|-damage|p1a: MARE CACTUS|26\/100|[from] recoil\n|\n|-heal|p1a: MARE CACTUS|32\/100|[from] item: Black Sludge\n|-heal|p2b: MARE CACTUS|51\/100|[from] item: Black Sludge\n|upkeep\n|turn|76\n|\n|t:|1681752949\n|-activate|p2b: MARE CACTUS|move: Struggle\n|move|p2b: MARE CACTUS|Struggle|p1a: MARE CACTUS\n|-damage|p1a: MARE CACTUS|26\/100\n|-damage|p2b: MARE CACTUS|27\/100|[from] recoil\n|-activate|p1a: MARE CACTUS|move: Struggle\n|move|p1a: MARE CACTUS|Struggle|p2b: MARE CACTUS\n|-damage|p2b: MARE CACTUS|21\/100\n|-damage|p1a: MARE CACTUS|1\/100|[from] recoil\n|\n|-heal|p1a: MARE CACTUS|7\/100|[from] item: Black Sludge\n|-heal|p2b: MARE CACTUS|27\/100|[from] item: Black Sludge\n|upkeep\n|turn|77\n|\n|t:|1681752985\n|-activate|p1a: MARE CACTUS|move: Struggle\n|move|p1a: MARE CACTUS|Struggle|p2b: MARE CACTUS\n|-crit|p2b: MARE CACTUS\n|-damage|p2b: MARE CACTUS|18\/100\n|-damage|p1a: MARE CACTUS|0 fnt|[from] recoil\n|faint|p1a: MARE CACTUS\n|\n|win|legnobello\n","uploadtime":1681752996,"views":11,"p1id":"rezwest","p2id":"legnobello","formatid":"gen9vgc2023regulationc","rating":0,"private":0,"password":""}