{"id":"gen9vgc2023regulationc-1851689883","p1":"WhiskeyScoob","p2":"WillieDangerously","format":"[Gen 9] VGC 2023 Regulation C","log":"|j|\u2606WhiskeyScoob\n|j|\u2606WillieDangerously\n|t:|1682470304\n|gametype|doubles\n|player|p1|WhiskeyScoob|ethan|1238\n|player|p2|WillieDangerously|psychic-gen4|1206\n|teamsize|p1|6\n|teamsize|p2|6\n|gen|9\n|tier|[Gen 9] VGC 2023 Regulation C\n|rated|\n|rule|Species Clause: Limit one of each Pok\u00e9mon\n|rule|Item Clause: Limit one of each item\n|clearpoke\n|poke|p1|Flutter Mane, L50|\n|poke|p1|Arcanine, L50, M|\n|poke|p1|Dondozo, L50, M|\n|poke|p1|Ting-Lu, L50|\n|poke|p1|Dragonite, L50, F|\n|poke|p1|Chien-Pao, L50|\n|poke|p2|Espathra, L50, M|\n|poke|p2|Iron Bundle, L50|\n|poke|p2|Iron Valiant, L50|\n|poke|p2|Salamence, L50, F|\n|poke|p2|Scizor, L50, M|\n|poke|p2|Sandy Shocks, L50|\n|teampreview|4\n|\n|t:|1682470397\n|start\n|switch|p1a: Flutter Mane|Flutter Mane, L50, shiny|100\/100\n|switch|p1b: Arcanine|Arcanine, L50, M|100\/100\n|switch|p2a: Espathra|Espathra, L50, M|100\/100\n|switch|p2b: Sandy Shocks|Sandy Shocks, L50|100\/100\n|-ability|p1b: Arcanine|Intimidate|boost\n|-unboost|p2a: Espathra|atk|1\n|-unboost|p2b: Sandy Shocks|atk|1\n|-enditem|p1a: Flutter Mane|Booster Energy\n|-activate|p1a: Flutter Mane|ability: Protosynthesis|[fromitem]\n|-start|p1a: Flutter Mane|protosynthesisspe\n|-enditem|p2b: Sandy Shocks|Booster Energy\n|-activate|p2b: Sandy Shocks|ability: Protosynthesis|[fromitem]\n|-start|p2b: Sandy Shocks|protosynthesisspe\n|turn|1\n|l|\u2606WillieDangerously\n|player|p2|\n|j|\u2606WillieDangerously\n|player|p2|WillieDangerously|psychic-gen4\n|\n|t:|1682470439\n|move|p2a: Espathra|Protect|p2a: Espathra\n|-singleturn|p2a: Espathra|Protect\n|move|p1a: Flutter Mane|Taunt|p2b: Sandy Shocks\n|-start|p2b: Sandy Shocks|move: Taunt\n|cant|p2b: Sandy Shocks|move: Taunt|Gravity\n|move|p1b: Arcanine|Howl|p1b: Arcanine|[spread] p1a,p1b\n|-boost|p1a: Flutter Mane|atk|1\n|-boost|p1b: Arcanine|atk|1\n|\n|-ability|p2a: Espathra|Speed Boost|boost\n|-boost|p2a: Espathra|spe|1\n|upkeep\n|turn|2\n|\n|t:|1682470463\n|-terastallize|p2a: Espathra|Dark\n|move|p1b: Arcanine|Extreme Speed|p2a: Espathra\n|-crit|p2a: Espathra\n|-damage|p2a: Espathra|36\/100\n|move|p1a: Flutter Mane|Shadow Ball|p2a: Espathra\n|-resisted|p2a: Espathra\n|-damage|p2a: Espathra|3\/100\n|move|p2a: Espathra|Lumina Crash|p1b: Arcanine\n|-damage|p1b: Arcanine|68\/100\n|-unboost|p1b: Arcanine|spd|2\n|move|p2b: Sandy Shocks|Earth Power|p1b: Arcanine\n|-supereffective|p1b: Arcanine\n|-damage|p1b: Arcanine|0 fnt\n|faint|p1b: Arcanine\n|\n|-ability|p2a: Espathra|Speed Boost|boost\n|-boost|p2a: Espathra|spe|1\n|upkeep\n|\n|t:|1682470482\n|switch|p1b: Chien-Pao|Chien-Pao, L50|100\/100\n|-ability|p1b: Chien-Pao|Sword of Ruin\n|turn|3\n|\n|t:|1682470503\n|-end|p2b: Sandy Shocks|Protosynthesis|[silent]\n|switch|p2b: Iron Valiant|Iron Valiant, L50|100\/100\n|move|p2a: Espathra|Hypnosis|p1a: Flutter Mane\n|-status|p1a: Flutter Mane|slp|[from] move: Hypnosis\n|cant|p1a: Flutter Mane|slp\n|move|p1b: Chien-Pao|Ice Spinner|p2b: Iron Valiant\n|-damage|p2b: Iron Valiant|22\/100\n|\n|-ability|p2a: Espathra|Speed Boost|boost\n|-boost|p2a: Espathra|spe|1\n|upkeep\n|turn|4\n|\n|t:|1682470533\n|cant|p1a: Flutter Mane|slp\n|move|p1b: Chien-Pao|Protect|p1b: Chien-Pao\n|-singleturn|p1b: Chien-Pao|Protect\n|move|p2b: Iron Valiant|Protect|p2b: Iron Valiant\n|-singleturn|p2b: Iron Valiant|Protect\n|move|p2a: Espathra|Dazzling Gleam|p1a: Flutter Mane|[spread] p1a\n|-activate|p1b: Chien-Pao|move: Protect\n|-damage|p1a: Flutter Mane|84\/100 slp\n|\n|-ability|p2a: Espathra|Speed Boost|boost\n|-boost|p2a: Espathra|spe|1\n|upkeep\n|turn|5\n|\n|t:|1682470553\n|switch|p2a: Sandy Shocks|Sandy Shocks, L50|100\/100\n|move|p1b: Chien-Pao|Sucker Punch|p2b: Iron Valiant\n|-resisted|p2b: Iron Valiant\n|-damage|p2b: Iron Valiant|6\/100\n|-curestatus|p1a: Flutter Mane|slp|[msg]\n|move|p1a: Flutter Mane|Moonblast|p2a: Sandy Shocks\n|-damage|p2a: Sandy Shocks|37\/100\n|-unboost|p2a: Sandy Shocks|spa|1\n|move|p2b: Iron Valiant|Moonblast|p1b: Chien-Pao\n|-supereffective|p1b: Chien-Pao\n|-enditem|p1b: Chien-Pao|Focus Sash\n|-damage|p1b: Chien-Pao|1\/100\n|\n|upkeep\n|turn|6\n|\n|t:|1682470576\n|-end|p2b: Iron Valiant|Quark Drive|[silent]\n|switch|p2b: Iron Bundle|Iron Bundle, L50|100\/100\n|move|p1b: Chien-Pao|Sucker Punch||[still]\n|-fail|p1b: Chien-Pao\n|move|p1a: Flutter Mane|Moonblast|p2a: Sandy Shocks\n|-damage|p2a: Sandy Shocks|0 fnt\n|faint|p2a: Sandy Shocks\n|-end|p2a: Sandy Shocks|Protosynthesis|[silent]\n|\n|upkeep\n|\n|t:|1682470588\n|switch|p2a: Espathra|Espathra, L50, M, tera:Dark|3\/100\n|turn|7\n|\n|t:|1682470611\n|move|p2b: Iron Bundle|Protect|p2b: Iron Bundle\n|-singleturn|p2b: Iron Bundle|Protect\n|move|p1b: Chien-Pao|Sucker Punch||[still]\n|-fail|p1b: Chien-Pao\n|move|p1a: Flutter Mane|Moonblast|p2b: Iron Bundle\n|-activate|p2b: Iron Bundle|move: Protect\n|move|p2a: Espathra|Hypnosis|p1a: Flutter Mane\n|-status|p1a: Flutter Mane|slp|[from] move: Hypnosis\n|\n|-ability|p2a: Espathra|Speed Boost|boost\n|-boost|p2a: Espathra|spe|1\n|upkeep\n|turn|8\n|\n|t:|1682470627\n|cant|p1a: Flutter Mane|slp\n|move|p2a: Espathra|Protect|p2a: Espathra\n|-singleturn|p2a: Espathra|Protect\n|move|p1b: Chien-Pao|Sucker Punch||[still]\n|-fail|p1b: Chien-Pao\n|move|p2b: Iron Bundle|Icy Wind|p1a: Flutter Mane|[spread] p1a,p1b\n|-crit|p1a: Flutter Mane\n|-resisted|p1b: Chien-Pao\n|-damage|p1a: Flutter Mane|57\/100 slp\n|-damage|p1b: Chien-Pao|0 fnt\n|-unboost|p1a: Flutter Mane|spe|1\n|faint|p1b: Chien-Pao\n|\n|-ability|p2a: Espathra|Speed Boost|boost\n|-boost|p2a: Espathra|spe|1\n|upkeep\n|\n|t:|1682470640\n|switch|p1b: Dondozo|Dondozo, L50, M|100\/100\n|turn|9\n|\n|t:|1682470666\n|move|p2a: Espathra|Lumina Crash|p1a: Flutter Mane\n|-damage|p1a: Flutter Mane|27\/100 slp\n|-unboost|p1a: Flutter Mane|spd|2\n|move|p2b: Iron Bundle|Blizzard|p1a: Flutter Mane|[spread] p1a,p1b\n|-resisted|p1b: Dondozo\n|-damage|p1a: Flutter Mane|0 fnt\n|-damage|p1b: Dondozo|86\/100\n|faint|p1a: Flutter Mane\n|-end|p1a: Flutter Mane|Protosynthesis|[silent]\n|move|p1b: Dondozo|Body Press|p2b: Iron Bundle\n|-supereffective|p2b: Iron Bundle\n|-damage|p2b: Iron Bundle|41\/100\n|\n|-heal|p1b: Dondozo|92\/100|[from] item: Leftovers\n|-ability|p2a: Espathra|Speed Boost|boost\n|-boost|p2a: Espathra|spe|1\n|upkeep\n|turn|10\n|\n|t:|1682470694\n|-terastallize|p1b: Dondozo|Steel\n|move|p2a: Espathra|Lumina Crash|p1b: Dondozo\n|-resisted|p1b: Dondozo\n|-damage|p1b: Dondozo|81\/100\n|-unboost|p1b: Dondozo|spd|2\n|move|p2b: Iron Bundle|Hydro Pump|p1b: Dondozo\n|-damage|p1b: Dondozo|5\/100\n|move|p1b: Dondozo|Body Press|p2a: Espathra\n|-supereffective|p2a: Espathra\n|-damage|p2a: Espathra|0 fnt\n|faint|p2a: Espathra\n|\n|-heal|p1b: Dondozo|11\/100|[from] item: Leftovers\n|upkeep\n|-message|WhiskeyScoob forfeited.\n|\n|win|WillieDangerously\n|raw|WhiskeyScoob's rating: 1238 → 1211<\/strong> (-27 for losing)\n|raw|WillieDangerously's rating: 1206 → 1233<\/strong> (+27 for winning)\n|l|\u2606WhiskeyScoob\n","uploadtime":1682470715,"views":10,"p1id":"whiskeyscoob","p2id":"williedangerously","formatid":"gen9vgc2023regulationc","rating":1211,"private":0,"password":""}