{"id":"gen9vgc2023regulationc-1862691674","p1":"2020vgcpro","p2":"hvac goon","format":"[Gen 9] VGC 2023 Regulation C","log":"|j|\u26062020vgcpro\n|j|\u2606hvac goon\n|t:|1683912613\n|gametype|doubles\n|player|p1|2020vgcpro|preschooler|1449\n|player|p2|hvac goon|102|1443\n|teamsize|p1|6\n|teamsize|p2|6\n|gen|9\n|tier|[Gen 9] VGC 2023 Regulation C\n|rated|\n|rule|Species Clause: Limit one of each Pok\u00e9mon\n|rule|Item Clause: Limit one of each item\n|clearpoke\n|poke|p1|Tyranitar, L50, F|\n|poke|p1|Garchomp, L50, F|\n|poke|p1|Lycanroc, L50, M|\n|poke|p1|Corviknight, L50, M|\n|poke|p1|Iron Bundle, L50|\n|poke|p1|Flutter Mane, L50|\n|poke|p2|Lilligant, L50, F|\n|poke|p2|Torkoal, L50, M|\n|poke|p2|Great Tusk, L50|\n|poke|p2|Chien-Pao, L50|\n|poke|p2|Flutter Mane, L50|\n|poke|p2|Kingambit, L50, M|\n|teampreview|4\n|inactive|Battle timer is ON: inactive players will automatically lose when time's up. (requested by hvac goon)\n|inactive|hvac goon has 60 seconds left.\n2020vgcpro has agreed to open team sheets.\n|\n|t:|1683912656\n|start\n|switch|p1a: Flutter Mane|Flutter Mane, L50|100\/100\n|switch|p1b: Garchomp|Garchomp, L50, F|100\/100\n|switch|p2a: Great Tusk|Great Tusk, L50|100\/100\n|switch|p2b: Chien-Pao|Chien-Pao, L50|100\/100\n|-ability|p2b: Chien-Pao|Sword of Ruin\n|turn|1\n|inactive|2020vgcpro has 30 seconds left.\n|inactive|hvac goon has 30 seconds left.\n|\n|t:|1683912691\n|-end|p1a: Flutter Mane|Protosynthesis|[silent]\n|switch|p1a: Corviknight|Corviknight, L50, M|100\/100\n|move|p2b: Chien-Pao|Protect|p2b: Chien-Pao\n|-singleturn|p2b: Chien-Pao|Protect\n|move|p2a: Great Tusk|Headlong Rush|p1a: Corviknight\n|-immune|p1a: Corviknight\n|move|p1b: Garchomp|Earthquake|p2a: Great Tusk|[spread] p2a\n|-activate|p2b: Chien-Pao|move: Protect\n|-immune|p1a: Corviknight\n|-damage|p2a: Great Tusk|64\/100\n|\n|upkeep\n|turn|2\n|\n|t:|1683912707\n|move|p1b: Garchomp|Protect|p1b: Garchomp\n|-singleturn|p1b: Garchomp|Protect\n|move|p2a: Great Tusk|Headlong Rush|p1b: Garchomp\n|-activate|p1b: Garchomp|move: Protect\n|move|p2b: Chien-Pao|Ice Spinner|p1a: Corviknight\n|-damage|p1a: Corviknight|56\/100\n|move|p1a: Corviknight|Brave Bird|p2a: Great Tusk\n|-supereffective|p2a: Great Tusk\n|-damage|p2a: Great Tusk|0 fnt\n|faint|p2a: Great Tusk\n|-end|p2a: Great Tusk|Protosynthesis|[silent]\n|-damage|p1a: Corviknight|36\/100|[from] Recoil\n|-enditem|p1a: Corviknight|Sitrus Berry|[eat]\n|-heal|p1a: Corviknight|61\/100|[from] item: Sitrus Berry\n|\n|upkeep\n|inactive|hvac goon has 30 seconds left.\n|\n|t:|1683912734\n|switch|p2a: Torkoal|Torkoal, L50, M|100\/100\n|-weather|SunnyDay|[from] ability: Drought|[of] p2a: Torkoal\n|turn|3\n|\n|t:|1683912747\n|switch|p1b: Tyranitar|Tyranitar, L50, F|100\/100\n|-weather|Sandstorm|[from] ability: Sand Stream|[of] p1b: Tyranitar\n|-terastallize|p2a: Torkoal|Flying\n|move|p2b: Chien-Pao|Ice Spinner|p1b: Tyranitar\n|-damage|p1b: Tyranitar|62\/100\n|move|p1a: Corviknight|Tailwind|p1a: Corviknight\n|-sidestart|p1: 2020vgcpro|move: Tailwind\n|move|p2a: Torkoal|Eruption|p1a: Corviknight|[spread] p1a,p1b\n|-supereffective|p1a: Corviknight\n|-resisted|p1b: Tyranitar\n|-damage|p1a: Corviknight|0 fnt\n|-damage|p1b: Tyranitar|56\/100\n|faint|p1a: Corviknight\n|\n|-weather|Sandstorm|[upkeep]\n|-damage|p2b: Chien-Pao|95\/100|[from] Sandstorm\n|-damage|p2a: Torkoal|94\/100|[from] Sandstorm\n|upkeep\n|\n|t:|1683912759\n|switch|p1a: Flutter Mane|Flutter Mane, L50|100\/100\n|turn|4\n|\n|t:|1683912772\n|switch|p2a: Lilligant|Lilligant, L50, F|100\/100\n|move|p2b: Chien-Pao|Sucker Punch|p1a: Flutter Mane\n|-damage|p1a: Flutter Mane|13\/100\n|move|p1a: Flutter Mane|Moonblast|p2b: Chien-Pao\n|-supereffective|p2b: Chien-Pao\n|-damage|p2b: Chien-Pao|0 fnt\n|faint|p2b: Chien-Pao\n|-damage|p1a: Flutter Mane|4\/100|[from] item: Life Orb\n|move|p1b: Tyranitar|Rock Slide|p2a: Lilligant\n|-damage|p2a: Lilligant|49\/100\n|\n|-weather|Sandstorm|[upkeep]\n|-damage|p1a: Flutter Mane|0 fnt|[from] Sandstorm\n|-damage|p2a: Lilligant|43\/100|[from] Sandstorm\n|faint|p1a: Flutter Mane\n|-end|p1a: Flutter Mane|Protosynthesis|[silent]\n|upkeep\n|\n|t:|1683912787\n|switch|p2b: Torkoal|Torkoal, L50, M, tera:Flying|94\/100\n|switch|p1a: Garchomp|Garchomp, L50, F|100\/100\n|-weather|SunnyDay|[from] ability: Drought|[of] p2b: Torkoal\n|turn|5\n|inactive|hvac goon has 30 seconds left.\n|inactive|hvac goon has 20 seconds left.\n|\n|t:|1683912825\n|-terastallize|p1b: Tyranitar|Grass\n|move|p1a: Garchomp|Dragon Claw|p2b: Torkoal\n|-damage|p2b: Torkoal|63\/100\n|move|p2a: Lilligant|After You|p2b: Torkoal\n|-activate|p2b: Torkoal|move: After You\n|move|p2b: Torkoal|Heat Wave|p1b: Tyranitar|[spread] p1b\n|-miss|p2b: Torkoal|p1a: Garchomp\n|-supereffective|p1b: Tyranitar\n|-damage|p1b: Tyranitar|15\/100\n|move|p1b: Tyranitar|Rock Slide|p2a: Lilligant|[spread] p2a,p2b\n|-supereffective|p2b: Torkoal\n|-damage|p2a: Lilligant|6\/100\n|-damage|p2b: Torkoal|25\/100\n|\n|-weather|SunnyDay|[upkeep]\n|upkeep\n|turn|6\n|\n|t:|1683912844\n|move|p2a: Lilligant|Protect|p2a: Lilligant\n|-singleturn|p2a: Lilligant|Protect\n|move|p2b: Torkoal|Protect|p2b: Torkoal\n|-singleturn|p2b: Torkoal|Protect\n|move|p1a: Garchomp|Dragon Claw|p2a: Lilligant\n|-activate|p2a: Lilligant|move: Protect\n|move|p1b: Tyranitar|Rock Slide|p2a: Lilligant|[spread] \n|-activate|p2a: Lilligant|move: Protect\n|-activate|p2b: Torkoal|move: Protect\n|\n|-weather|SunnyDay|[upkeep]\n|-sideend|p1: 2020vgcpro|move: Tailwind\n|upkeep\n|turn|7\n|\n|t:|1683912860\n|move|p2a: Lilligant|After You|p2b: Torkoal\n|-activate|p2b: Torkoal|move: After You\n|move|p2b: Torkoal|Heat Wave|p1b: Tyranitar|[spread] p1a,p1b\n|-resisted|p1a: Garchomp\n|-supereffective|p1b: Tyranitar\n|-damage|p1a: Garchomp|74\/100\n|-damage|p1b: Tyranitar|0 fnt\n|faint|p1b: Tyranitar\n|move|p1a: Garchomp|Dragon Claw|p2a: Lilligant\n|-damage|p2a: Lilligant|0 fnt\n|faint|p2a: Lilligant\n|\n|-weather|SunnyDay|[upkeep]\n|-heal|p1a: Garchomp|80\/100|[from] item: Leftovers\n|upkeep\n|turn|8\n|\n|t:|1683912872\n|move|p1a: Garchomp|Protect|p1a: Garchomp\n|-singleturn|p1a: Garchomp|Protect\n|move|p2b: Torkoal|Heat Wave|p1a: Garchomp\n|-activate|p1a: Garchomp|move: Protect\n|\n|-weather|SunnyDay|[upkeep]\n|-heal|p1a: Garchomp|86\/100|[from] item: Leftovers\n|upkeep\n|turn|9\n|\n|t:|1683912878\n|move|p1a: Garchomp|Substitute|p1a: Garchomp\n|-start|p1a: Garchomp|Substitute\n|-damage|p1a: Garchomp|61\/100\n|move|p2b: Torkoal|Heat Wave|p1a: Garchomp\n|-resisted|p1a: Garchomp\n|-end|p1a: Garchomp|Substitute\n|\n|-weather|none\n|-heal|p1a: Garchomp|67\/100|[from] item: Leftovers\n|upkeep\n|turn|10\n|\n|t:|1683912886\n|move|p1a: Garchomp|Protect|p1a: Garchomp\n|-singleturn|p1a: Garchomp|Protect\n|move|p2b: Torkoal|Heat Wave|p1a: Garchomp\n|-activate|p1a: Garchomp|move: Protect\n|\n|-heal|p1a: Garchomp|73\/100|[from] item: Leftovers\n|upkeep\n|turn|11\n|\n|t:|1683912892\n|move|p1a: Garchomp|Substitute|p1a: Garchomp\n|-start|p1a: Garchomp|Substitute\n|-damage|p1a: Garchomp|48\/100\n|move|p2b: Torkoal|Heat Wave|p1a: Garchomp\n|-resisted|p1a: Garchomp\n|-activate|p1a: Garchomp|move: Substitute|[damage]\n|\n|-heal|p1a: Garchomp|54\/100|[from] item: Leftovers\n|upkeep\n|turn|12\n|c|\u2606hvac goon|why you playing like a bitch\n|\n|t:|1683912900\n|move|p1a: Garchomp|Protect|p1a: Garchomp\n|-singleturn|p1a: Garchomp|Protect\n|move|p2b: Torkoal|Heat Wave|p1a: Garchomp\n|-activate|p1a: Garchomp|move: Protect\n|\n|-heal|p1a: Garchomp|60\/100|[from] item: Leftovers\n|upkeep\n|turn|13\n|\n|t:|1683912907\n|move|p1a: Garchomp|Dragon Claw|p2b: Torkoal\n|-damage|p2b: Torkoal|0 fnt\n|faint|p2b: Torkoal\n|\n|win|2020vgcpro\n|raw|2020vgcpro's rating: 1449 → 1469<\/strong> (+20 for winning)\n|raw|hvac goon's rating: 1443 → 1423<\/strong> (-20 for losing)\n|c|\u26062020vgcpro|because you are one\n|l|\u26062020vgcpro\n|c|\u2606hvac goon|punk ass mfer\n|l|\u2606hvac goon\n|j|\u26062020vgcpro\n|player|p1|2020vgcpro|preschooler\n","uploadtime":1683912958,"views":11,"p1id":"2020vgcpro","p2id":"hvacgoon","formatid":"gen9vgc2023regulationc","rating":1423,"private":0,"password":""}