{"id":"gen9vgc2023regulationc-1845629883","p1":"Vasy98ita","p2":"SteXe36","format":"[Gen 9] VGC 2023 Regulation C","log":"|j|\u2606Vasy98ita\n|j|\u2606SteXe36\n|t:|1681750856\n|gametype|doubles\n|player|p1|Vasy98ita|1|1133\n|player|p2|SteXe36|102|1138\n|teamsize|p1|6\n|teamsize|p2|6\n|gen|9\n|tier|[Gen 9] VGC 2023 Regulation C\n|rated|\n|rule|Species Clause: Limit one of each Pok\u00e9mon\n|rule|Item Clause: Limit one of each item\n|clearpoke\n|poke|p1|Amoonguss, L50, M|\n|poke|p1|Arcanine, L50, F|\n|poke|p1|Flutter Mane, L50|\n|poke|p1|Chi-Yu, L50|\n|poke|p1|Dragonite, L50, M|\n|poke|p1|Palafin, L50, F|\n|poke|p2|Chien-Pao, L50|\n|poke|p2|Scizor, L50, M|\n|poke|p2|Chi-Yu, L50|\n|poke|p2|Flutter Mane, L50|\n|poke|p2|Amoonguss, L50, M|\n|poke|p2|Slowbro, L50, M|\n|teampreview|4\n|inactive|Battle timer is ON: inactive players will automatically lose when time's up. (requested by Vasy98ita)\n|\n|t:|1681750901\n|start\n|switch|p1a: Chi-Yu|Chi-Yu, L50|100\/100\n|switch|p1b: Flutter Mane|Flutter Mane, L50|100\/100\n|switch|p2a: Scizor|Scizor, L50, M|100\/100\n|switch|p2b: Chien-Pao|Chien-Pao, L50|100\/100\n|-ability|p1a: Chi-Yu|Beads of Ruin\n|-ability|p2b: Chien-Pao|Sword of Ruin\n|turn|1\n|\n|t:|1681750924\n|-end|p1b: Flutter Mane|Protosynthesis|[silent]\n|switch|p1b: Arcanine|Arcanine, L50, F|100\/100\n|-ability|p1b: Arcanine|Intimidate|boost\n|-fail|p2a: Scizor|unboost|[from] item: Clear Amulet|[of] p2a: Scizor\n|-unboost|p2b: Chien-Pao|atk|1\n|move|p2b: Chien-Pao|Protect|p2b: Chien-Pao\n|-singleturn|p2b: Chien-Pao|Protect\n|move|p2a: Scizor|Protect|p2a: Scizor\n|-singleturn|p2a: Scizor|Protect\n|move|p1a: Chi-Yu|Heat Wave|p2a: Scizor|[spread] \n|-activate|p2a: Scizor|move: Protect\n|-activate|p2b: Chien-Pao|move: Protect\n|\n|upkeep\n|turn|2\n|inactive|Vasy98ita has 30 seconds left.\n|inactive|SteXe36 has 30 seconds left.\n|\n|t:|1681750958\n|switch|p2a: Slowbro|Slowbro, L50, M|100\/100\n|move|p1a: Chi-Yu|Heat Wave|p2a: Slowbro|[spread] p2a,p2b\n|-resisted|p2a: Slowbro\n|-supereffective|p2b: Chien-Pao\n|-damage|p2a: Slowbro|74\/100\n|-enditem|p2b: Chien-Pao|Focus Sash\n|-damage|p2b: Chien-Pao|1\/100\n|move|p2b: Chien-Pao|Sacred Sword|p1a: Chi-Yu\n|-supereffective|p1a: Chi-Yu\n|-damage|p1a: Chi-Yu|15\/100\n|move|p1b: Arcanine|Snarl|p2a: Slowbro|[spread] p2a,p2b\n|-supereffective|p2a: Slowbro\n|-resisted|p2b: Chien-Pao\n|-damage|p2a: Slowbro|48\/100\n|-damage|p2b: Chien-Pao|0 fnt\n|-unboost|p2a: Slowbro|spa|1\n|faint|p2b: Chien-Pao\n|\n|upkeep\n|\n|t:|1681750972\n|switch|p2b: Scizor|Scizor, L50, M|100\/100\n|turn|3\n|inactive|SteXe36 has 30 seconds left.\n|\n|t:|1681751001\n|switch|p1a: Amoonguss|Amoonguss, L50, M|100\/100\n|switch|p2a: Flutter Mane|Flutter Mane, L50|100\/100\n|-terastallize|p2b: Scizor|Fire\n|move|p2b: Scizor|Bullet Punch|p1a: Amoonguss\n|-damage|p1a: Amoonguss|73\/100\n|move|p1b: Arcanine|Flare Blitz|p2b: Scizor\n|-resisted|p2b: Scizor\n|-crit|p2b: Scizor\n|-damage|p2b: Scizor|66\/100\n|-damage|p1b: Arcanine|90\/100|[from] Recoil\n|\n|upkeep\n|turn|4\n|inactive|Vasy98ita has 30 seconds left.\n|\n|t:|1681751030\n|move|p1b: Arcanine|Protect|p1b: Arcanine\n|-singleturn|p1b: Arcanine|Protect\n|move|p2a: Flutter Mane|Shadow Ball|p1a: Amoonguss\n|-damage|p1a: Amoonguss|22\/100\n|-enditem|p1a: Amoonguss|Sitrus Berry|[eat]\n|-heal|p1a: Amoonguss|47\/100|[from] item: Sitrus Berry\n|move|p2b: Scizor|Pounce|p1a: Amoonguss\n|-damage|p1a: Amoonguss|10\/100\n|-unboost|p1a: Amoonguss|spe|1\n|move|p1a: Amoonguss|Spore|p2b: Scizor\n|-status|p2b: Scizor|slp|[from] move: Spore\n|\n|upkeep\n|turn|5\n|\n|t:|1681751048\n|switch|p2b: Slowbro|Slowbro, L50, M|81\/100\n|move|p1a: Amoonguss|Protect|p1a: Amoonguss\n|-singleturn|p1a: Amoonguss|Protect\n|move|p2a: Flutter Mane|Shadow Ball|p1b: Arcanine\n|-damage|p1b: Arcanine|14\/100\n|move|p1b: Arcanine|Flare Blitz|p2a: Flutter Mane\n|-damage|p2a: Flutter Mane|0 fnt\n|faint|p2a: Flutter Mane\n|-end|p2a: Flutter Mane|Protosynthesis|[silent]\n|-damage|p1b: Arcanine|0 fnt|[from] Recoil\n|faint|p1b: Arcanine\n|\n|upkeep\n|\n|t:|1681751062\n|switch|p2a: Scizor|Scizor, L50, M, tera:Fire|66\/100 slp\n|switch|p1b: Chi-Yu|Chi-Yu, L50|15\/100\n|-ability|p1b: Chi-Yu|Beads of Ruin\n|turn|6\n|\n|t:|1681751076\n|cant|p2a: Scizor|slp\n|move|p1b: Chi-Yu|Dark Pulse|p2a: Scizor\n|-damage|p2a: Scizor|0 fnt\n|faint|p2a: Scizor\n|move|p2b: Slowbro|Body Press|p1b: Chi-Yu\n|-supereffective|p1b: Chi-Yu\n|-damage|p1b: Chi-Yu|0 fnt\n|faint|p1b: Chi-Yu\n|move|p1a: Amoonguss|Spore|p2b: Slowbro\n|-status|p2b: Slowbro|slp|[from] move: Spore\n|\n|upkeep\n|\n|t:|1681751084\n|switch|p1b: Flutter Mane|Flutter Mane, L50|100\/100\n|turn|7\n|-message|SteXe36 forfeited.\n|\n|win|Vasy98ita\n|raw|Vasy98ita's rating: 1133 → 1158<\/strong> (+25 for winning)\n|raw|SteXe36's rating: 1138 → 1113<\/strong> (-25 for losing)\n|l|\u2606SteXe36\n","uploadtime":1681751091,"views":11,"p1id":"vasy98ita","p2id":"stexe36","formatid":"gen9vgc2023regulationc","rating":1113,"private":0,"password":""}