{"id":"gen9vgc2023regulationc-1858546445","p1":"jellll","p2":"Blake1130","format":"[Gen 9] VGC 2023 Regulation C","log":"|j|\u2606jellll\n|j|\u2606Blake1130\n|t:|1683323774\n|gametype|doubles\n|player|p1|jellll|wallace-gen6|1059\n|player|p2|Blake1130|steven|1000\n|teamsize|p1|6\n|teamsize|p2|6\n|gen|9\n|tier|[Gen 9] VGC 2023 Regulation C\n|rated|\n|rule|Species Clause: Limit one of each Pok\u00e9mon\n|rule|Item Clause: Limit one of each item\n|clearpoke\n|poke|p1|Palafin, L50, F|\n|poke|p1|Flutter Mane, L50|\n|poke|p1|Amoonguss, L50, M|\n|poke|p1|Arcanine, L50, F|\n|poke|p1|Ting-Lu, L50|\n|poke|p1|Baxcalibur, L50, F|\n|poke|p2|Gholdengo, L50|\n|poke|p2|Palafin, L50, M|\n|poke|p2|Chi-Yu, L50|\n|poke|p2|Murkrow, L50, F|\n|poke|p2|Roaring Moon, L50|\n|poke|p2|Ting-Lu, L50|\n|teampreview|4\n|\n|t:|1683323793\n|start\n|switch|p1a: Amoonguss|Amoonguss, L50, M|100\/100\n|switch|p1b: Palafin|Palafin, L50, F|100\/100\n|switch|p2a: Murkrow|Murkrow, L50, F, shiny|100\/100\n|switch|p2b: Palafin|Palafin, L50, M, shiny|100\/100\n|turn|1\n|\n|t:|1683323808\n|detailschange|p1b: Palafin|Palafin-Hero, L50, F\n|switch|p1b: Arcanine|Arcanine, L50, F|100\/100\n|-ability|p1b: Arcanine|Intimidate|boost\n|-unboost|p2a: Murkrow|atk|1\n|-unboost|p2b: Palafin|atk|1\n|move|p2a: Murkrow|Tailwind|p2a: Murkrow\n|-sidestart|p2: Blake1130|move: Tailwind\n|move|p2b: Palafin|Flip Turn|p1b: Arcanine\n|-supereffective|p1b: Arcanine\n|-damage|p1b: Arcanine|57\/100\n|\n|t:|1683323817\n|detailschange|p2b: Palafin|Palafin-Hero, L50, M, shiny\n|switch|p2b: Roaring Moon|Roaring Moon, L50|100\/100|[from] Flip Turn\n|-enditem|p2b: Roaring Moon|Booster Energy\n|-activate|p2b: Roaring Moon|ability: Protosynthesis|[fromitem]\n|-start|p2b: Roaring Moon|protosynthesisatk\n|move|p1a: Amoonguss|Spore|p2b: Roaring Moon\n|-status|p2b: Roaring Moon|slp|[from] move: Spore\n|\n|upkeep\n|turn|2\n|\n|t:|1683323844\n|move|p2a: Murkrow|Protect|p2a: Murkrow\n|-singleturn|p2a: Murkrow|Protect\n|cant|p2b: Roaring Moon|slp\n|move|p1b: Arcanine|Flare Blitz|p2a: Murkrow\n|-activate|p2a: Murkrow|move: Protect\n|move|p1a: Amoonguss|Pollen Puff|p2b: Roaring Moon\n|-supereffective|p2b: Roaring Moon\n|-damage|p2b: Roaring Moon|64\/100 slp\n|\n|upkeep\n|turn|3\n|\n|t:|1683323861\n|move|p1a: Amoonguss|Protect|p1a: Amoonguss\n|-singleturn|p1a: Amoonguss|Protect\n|move|p1b: Arcanine|Extreme Speed|p2b: Roaring Moon\n|-damage|p2b: Roaring Moon|30\/100 slp\n|cant|p2b: Roaring Moon|slp\n|move|p2a: Murkrow|Brave Bird|p1a: Amoonguss\n|-activate|p1a: Amoonguss|move: Protect\n|\n|upkeep\n|turn|4\n|\n|t:|1683323875\n|switch|p1a: Baxcalibur|Baxcalibur, L50, F|100\/100\n|move|p2a: Murkrow|Protect|p2a: Murkrow\n|-singleturn|p2a: Murkrow|Protect\n|move|p1b: Arcanine|Extreme Speed|p2b: Roaring Moon\n|-damage|p2b: Roaring Moon|0 fnt\n|faint|p2b: Roaring Moon\n|-end|p2b: Roaring Moon|Protosynthesis|[silent]\n|\n|-sideend|p2: Blake1130|move: Tailwind\n|upkeep\n|\n|t:|1683323885\n|switch|p2b: Gholdengo|Gholdengo, L50|100\/100\n|turn|5\n|\n|t:|1683323894\n|-terastallize|p1a: Baxcalibur|Poison\n|move|p2a: Murkrow|Tailwind|p2a: Murkrow\n|-sidestart|p2: Blake1130|move: Tailwind\n|move|p2b: Gholdengo|Make It Rain|p1b: Arcanine|[spread] p1a,p1b\n|-resisted|p1b: Arcanine\n|-damage|p1a: Baxcalibur|52\/100\n|-damage|p1b: Arcanine|33\/100\n|-unboost|p2b: Gholdengo|spa|1\n|move|p1b: Arcanine|Flare Blitz|p2b: Gholdengo\n|-supereffective|p2b: Gholdengo\n|-damage|p2b: Gholdengo|0 fnt\n|faint|p2b: Gholdengo\n|-damage|p1b: Arcanine|6\/100|[from] Recoil\n|move|p1a: Baxcalibur|Icicle Crash|p2a: Murkrow|[miss]\n|-miss|p1a: Baxcalibur|p2a: Murkrow\n|\n|upkeep\n|\n|t:|1683323909\n|switch|p2b: Palafin|Palafin-Hero, L50, M, shiny|100\/100\n|-activate|p2b: Palafin|ability: Zero to Hero\n|turn|6\n|\n|t:|1683323928\n|switch|p1b: Palafin|Palafin-Hero, L50, F|100\/100\n|-activate|p1b: Palafin|ability: Zero to Hero\n|switch|p1a: Amoonguss|Amoonguss, L50, M|100\/100\n|move|p2a: Murkrow|Protect|p2a: Murkrow\n|-singleturn|p2a: Murkrow|Protect\n|move|p2b: Palafin|Wave Crash|p1a: Amoonguss\n|-resisted|p1a: Amoonguss\n|-damage|p1a: Amoonguss|57\/100\n|-damage|p2b: Palafin|83\/100|[from] Recoil\n|\n|upkeep\n|turn|7\n|\n|t:|1683323944\n|move|p1b: Palafin|Jet Punch|p2a: Murkrow\n|-damage|p2a: Murkrow|1\/100\n|move|p2b: Palafin|Wave Crash|p1b: Palafin\n|-resisted|p1b: Palafin\n|-damage|p1b: Palafin|50\/100\n|-damage|p2b: Palafin|64\/100|[from] Recoil\n|move|p2a: Murkrow|Brave Bird|p1a: Amoonguss\n|-supereffective|p1a: Amoonguss\n|-damage|p1a: Amoonguss|19\/100\n|-enditem|p1a: Amoonguss|Sitrus Berry|[eat]\n|-heal|p1a: Amoonguss|44\/100|[from] item: Sitrus Berry\n|-damage|p2a: Murkrow|0 fnt|[from] Recoil\n|faint|p2a: Murkrow\n|move|p1a: Amoonguss|Spore|p2b: Palafin\n|-status|p2b: Palafin|slp|[from] move: Spore\n|\n|upkeep\n|turn|8\n|\n|t:|1683323960\n|-terastallize|p2b: Palafin|Water\n|cant|p2b: Palafin|slp\n|move|p1b: Palafin|Wave Crash|p2b: Palafin\n|-resisted|p2b: Palafin\n|-damage|p2b: Palafin|10\/100 slp\n|-damage|p1b: Palafin|35\/100|[from] Recoil\n|move|p1a: Amoonguss|Pollen Puff|p1b: Palafin\n|-heal|p1b: Palafin|84\/100\n|\n|-sideend|p2: Blake1130|move: Tailwind\n|upkeep\n|turn|9\n|-message|Blake1130 forfeited.\n|\n|win|jellll\n|raw|jellll's rating: 1059 → 1085<\/strong> (+26 for winning)\n|raw|Blake1130's rating: 1000 → 1000<\/strong> (+0 for losing)\n|l|\u2606Blake1130\n","uploadtime":1683323973,"views":3,"p1id":"jellll","p2id":"blake1130","formatid":"gen9vgc2023regulationc","rating":1000,"private":0,"password":""}