{"id":"gen9vgc2023regulationc-1849193734","p1":"Double Clxtch","p2":"WillieDangerously","format":"[Gen 9] VGC 2023 Regulation C","log":"|j|\u2606Double Clxtch\n|j|\u2606WillieDangerously\n|t:|1682171036\n|gametype|doubles\n|player|p1|Double Clxtch|blue|1023\n|player|p2|WillieDangerously|psychic-gen4|1070\n|teamsize|p1|6\n|teamsize|p2|6\n|gen|9\n|tier|[Gen 9] VGC 2023 Regulation C\n|rated|\n|rule|Species Clause: Limit one of each Pok\u00e9mon\n|rule|Item Clause: Limit one of each item\n|clearpoke\n|poke|p1|Umbreon, L50, M|\n|poke|p1|Klefki, L50, F|\n|poke|p1|Arcanine, L50, F|\n|poke|p1|Rotom-Wash, L50|\n|poke|p1|Chien-Pao, L50|\n|poke|p1|Dragapult, L50, F|\n|poke|p2|Espathra, L50, F|\n|poke|p2|Iron Bundle, L50|\n|poke|p2|Iron Valiant, L50|\n|poke|p2|Salamence, L50, F|\n|poke|p2|Scizor, L50, M|\n|poke|p2|Sandy Shocks, L50|\n|teampreview|4\n|inactive|Battle timer is ON: inactive players will automatically lose when time's up. (requested by Double Clxtch)\n|\n|t:|1682171079\n|start\n|switch|p1a: Umbreon|Umbreon, L50, M, shiny|100\/100\n|switch|p1b: Klefki|Klefki, L50, F, shiny|100\/100\n|switch|p2a: Sandy Shocks|Sandy Shocks, L50|100\/100\n|switch|p2b: Iron Valiant|Iron Valiant, L50|100\/100\n|-enditem|p2a: Sandy Shocks|Booster Energy\n|-activate|p2a: Sandy Shocks|ability: Protosynthesis|[fromitem]\n|-start|p2a: Sandy Shocks|protosynthesisspe\n|turn|1\n|inactive|WillieDangerously has 30 seconds left.\n|inactive|WillieDangerously has 20 seconds left.\n|\n|t:|1682171118\n|move|p1a: Umbreon|Protect|p1a: Umbreon\n|-singleturn|p1a: Umbreon|Protect\n|move|p1b: Klefki|Thunder Wave|p2b: Iron Valiant\n|-status|p2b: Iron Valiant|par\n|move|p2a: Sandy Shocks|Gravity|p2a: Sandy Shocks\n|-fieldstart|move: Gravity\n|cant|p2b: Iron Valiant|par\n|\n|upkeep\n|turn|2\n|inactive|Double Clxtch has 30 seconds left.\n|\n|t:|1682171150\n|move|p1b: Klefki|Light Screen|p1b: Klefki\n|-sidestart|p1: Double Clxtch|move: Light Screen\n|move|p2a: Sandy Shocks|Earth Power|p1b: Klefki\n|-supereffective|p1b: Klefki\n|-damage|p1b: Klefki|49\/100\n|move|p2b: Iron Valiant|Hypnosis|p1a: Umbreon\n|-status|p1a: Umbreon|slp|[from] move: Hypnosis\n|cant|p1a: Umbreon|slp\n|\n|upkeep\n|turn|3\n|inactive|Double Clxtch has 30 seconds left.\n|\n|t:|1682171176\n|move|p1b: Klefki|Reflect|p1b: Klefki\n|-sidestart|p1: Double Clxtch|Reflect\n|move|p2a: Sandy Shocks|Earth Power|p1b: Klefki\n|-supereffective|p1b: Klefki\n|-damage|p1b: Klefki|2\/100\n|move|p2b: Iron Valiant|Focus Blast|p1a: Umbreon\n|-supereffective|p1a: Umbreon\n|-damage|p1a: Umbreon|45\/100 slp\n|-unboost|p1a: Umbreon|spd|1\n|-enditem|p1a: Umbreon|Sitrus Berry|[eat]\n|-heal|p1a: Umbreon|70\/100 slp|[from] item: Sitrus Berry\n|-curestatus|p1a: Umbreon|slp|[msg]\n|move|p1a: Umbreon|Snarl|p2a: Sandy Shocks|[spread] p2a,p2b\n|-resisted|p2b: Iron Valiant\n|-damage|p2a: Sandy Shocks|88\/100\n|-damage|p2b: Iron Valiant|96\/100 par\n|-unboost|p2a: Sandy Shocks|spa|1\n|-unboost|p2b: Iron Valiant|spa|1\n|\n|upkeep\n|turn|4\n|inactive|Double Clxtch has 30 seconds left.\n|inactive|WillieDangerously has 30 seconds left.\n|inactive|WillieDangerously has 20 seconds left.\n|inactive|WillieDangerously has 15 seconds left.\n|inactive|WillieDangerously has 10 seconds left.\n|\n|t:|1682171222\n|switch|p1a: Arcanine|Arcanine, L50, F|100\/100\n|-ability|p1a: Arcanine|Intimidate|boost\n|-unboost|p2a: Sandy Shocks|atk|1\n|-unboost|p2b: Iron Valiant|atk|1\n|move|p2a: Sandy Shocks|Thunder|p1a: Arcanine\n|-damage|p1a: Arcanine|77\/100\n|move|p1b: Klefki|Play Rough|p2b: Iron Valiant\n|-supereffective|p2b: Iron Valiant\n|-damage|p2b: Iron Valiant|28\/100 par\n|cant|p2b: Iron Valiant|par\n|\n|upkeep\n|turn|5\n|inactive|WillieDangerously has 30 seconds left.\n|\n|t:|1682171250\n|-end|p2a: Sandy Shocks|Protosynthesis|[silent]\n|switch|p2a: Iron Bundle|Iron Bundle, L50|100\/100\n|move|p1a: Arcanine|Extreme Speed|p2b: Iron Valiant\n|-damage|p2b: Iron Valiant|4\/100 par\n|move|p1b: Klefki|Play Rough|p2b: Iron Valiant\n|-supereffective|p2b: Iron Valiant\n|-crit|p2b: Iron Valiant\n|-damage|p2b: Iron Valiant|0 fnt\n|faint|p2b: Iron Valiant\n|-end|p2b: Iron Valiant|Quark Drive|[silent]\n|\n|-fieldend|move: Gravity\n|upkeep\n|\n|t:|1682171263\n|switch|p2b: Sandy Shocks|Sandy Shocks, L50|88\/100\n|turn|6\n|\n|t:|1682171280\n|-terastallize|p1a: Arcanine|Water\n|move|p2a: Iron Bundle|Protect|p2a: Iron Bundle\n|-singleturn|p2a: Iron Bundle|Protect\n|move|p1a: Arcanine|Extreme Speed|p2b: Sandy Shocks\n|-damage|p2b: Sandy Shocks|66\/100\n|move|p1b: Klefki|Thunder Wave|p2a: Iron Bundle\n|-activate|p2a: Iron Bundle|move: Protect\n|move|p2b: Sandy Shocks|Gravity|p2b: Sandy Shocks\n|-fieldstart|move: Gravity\n|\n|upkeep\n|turn|7\n|\n|t:|1682171298\n|move|p1a: Arcanine|Extreme Speed|p2b: Sandy Shocks\n|-damage|p2b: Sandy Shocks|43\/100\n|move|p1b: Klefki|Thunder Wave|p2a: Iron Bundle\n|-status|p2a: Iron Bundle|par\n|move|p2b: Sandy Shocks|Thunder|p1a: Arcanine\n|-supereffective|p1a: Arcanine\n|-damage|p1a: Arcanine|4\/100\n|-status|p1a: Arcanine|par\n|move|p2a: Iron Bundle|Icy Wind|p1b: Klefki|[spread] p1a,p1b\n|-resisted|p1a: Arcanine\n|-resisted|p1b: Klefki\n|-damage|p1a: Arcanine|0 fnt\n|-damage|p1b: Klefki|0 fnt\n|faint|p1a: Arcanine\n|faint|p1b: Klefki\n|\n|upkeep\n|\n|t:|1682171316\n|switch|p1a: Chien-Pao|Chien-Pao, L50|100\/100\n|switch|p1b: Umbreon|Umbreon, L50, M, shiny|70\/100\n|-ability|p1a: Chien-Pao|Sword of Ruin\n|turn|8\n|\n|t:|1682171332\n|move|p2b: Sandy Shocks|Protect|p2b: Sandy Shocks\n|-singleturn|p2b: Sandy Shocks|Protect\n|move|p1a: Chien-Pao|Sacred Sword|p2a: Iron Bundle\n|-supereffective|p2a: Iron Bundle\n|-damage|p2a: Iron Bundle|0 fnt\n|faint|p2a: Iron Bundle\n|-end|p2a: Iron Bundle|Quark Drive|[silent]\n|move|p1b: Umbreon|Snarl|p2b: Sandy Shocks\n|-activate|p2b: Sandy Shocks|move: Protect\n|\n|upkeep\n|\n|t:|1682171342\n|switch|p2a: Scizor|Scizor, L50, M|100\/100\n|turn|9\n|\n|t:|1682171363\n|move|p1a: Chien-Pao|Sacred Sword|p2a: Scizor\n|-damage|p2a: Scizor|52\/100\n|move|p2b: Sandy Shocks|Thunder|p1a: Chien-Pao\n|-damage|p1a: Chien-Pao|40\/100\n|move|p2a: Scizor|Swords Dance|p2a: Scizor\n|-boost|p2a: Scizor|atk|2\n|move|p1b: Umbreon|Foul Play|p2a: Scizor\n|-damage|p2a: Scizor|0 fnt\n|faint|p2a: Scizor\n|\n|-sideend|p1: Double Clxtch|move: Light Screen\n|upkeep\n|turn|10\n|-message|WillieDangerously forfeited.\n|\n|win|Double Clxtch\n|raw|Double Clxtch's rating: 1023 → 1064<\/strong> (+41 for winning)\n|raw|WillieDangerously's rating: 1070 → 1047<\/strong> (-23 for losing)\n","uploadtime":1682171380,"views":7,"p1id":"doubleclxtch","p2id":"williedangerously","formatid":"gen9vgc2023regulationc","rating":1047,"private":0,"password":""}