{"id":"gen9vgc2023regulationc-1859472575","p1":"Aigashu-15","p2":"benipkmn","format":"[Gen 9] VGC 2023 Regulation C","log":"|j|\u2606Aigashu-15\n|j|\u2606benipkmn\n|t:|1683472983\n|gametype|doubles\n|player|p1|Aigashu-15|1|1071\n|player|p2|benipkmn|pokemaniac|1178\n|teamsize|p1|6\n|teamsize|p2|6\n|gen|9\n|tier|[Gen 9] VGC 2023 Regulation C\n|rated|\n|rule|Species Clause: Limit one of each Pok\u00e9mon\n|rule|Item Clause: Limit one of each item\n|clearpoke\n|poke|p1|Abomasnow, L50, F|\n|poke|p1|Iron Bundle, L50|\n|poke|p1|Iron Hands, L50|\n|poke|p1|Farigiraf, L50, F|\n|poke|p1|Corviknight, L50, M|\n|poke|p1|Ceruledge, L50, M|\n|poke|p2|Amoonguss, L50, F|\n|poke|p2|Palafin, L50, F|\n|poke|p2|Talonflame, L50, F|\n|poke|p2|Flutter Mane, L50|\n|poke|p2|Chi-Yu, L50|\n|poke|p2|Garchomp, L50, M|\n|teampreview|4\nAigashu-15 has agreed to open team sheets.\n|inactive|Battle timer is ON: inactive players will automatically lose when time's up. (requested by benipkmn)\n|inactive|Aigashu-15 has 60 seconds left.\n|\n|t:|1683473062\n|start\n|switch|p1a: Farigiraf|Farigiraf, L50, F|100\/100\n|switch|p1b: Ceruledge|Ceruledge, L50, M|100\/100\n|switch|p2a: Talonflame|Talonflame, L50, F, shiny|100\/100\n|switch|p2b: Garchomp|Garchomp, L50, M, shiny|100\/100\n|turn|1\n|\n|t:|1683473079\n|move|p2a: Talonflame|Brave Bird||[still]\n|cant|p1a: Farigiraf|ability: Armor Tail|Brave Bird|[of] p2a: Talonflame\n|move|p2b: Garchomp|Earthquake|p1b: Ceruledge|[spread] p1a,p1b\n|-immune|p2a: Talonflame\n|-supereffective|p1b: Ceruledge\n|-damage|p1a: Farigiraf|39\/100\n|-damage|p1b: Ceruledge|0 fnt\n|faint|p1b: Ceruledge\n|move|p1a: Farigiraf|Trick Room|p1a: Farigiraf\n|-fieldstart|move: Trick Room|[of] p1a: Farigiraf\n|\n|upkeep\n|\n|t:|1683473087\n|switch|p1b: Corviknight|Corviknight, L50, M|100\/100\n|turn|2\n|\n|t:|1683473107\n|move|p1a: Farigiraf|Psyshock|p2a: Talonflame\n|-damage|p2a: Talonflame|55\/100\n|move|p1b: Corviknight|Bulk Up|p1b: Corviknight\n|-boost|p1b: Corviknight|atk|1\n|-boost|p1b: Corviknight|def|1\n|move|p2b: Garchomp|Earthquake|p1a: Farigiraf|[spread] p1a\n|-immune|p2a: Talonflame\n|-immune|p1b: Corviknight\n|-damage|p1a: Farigiraf|0 fnt\n|faint|p1a: Farigiraf\n|move|p2a: Talonflame|Taunt|p1b: Corviknight\n|-start|p1b: Corviknight|move: Taunt\n|\n|upkeep\n|\n|t:|1683473117\n|switch|p1a: Iron Hands|Iron Hands, L50|100\/100\n|turn|3\n|\n|t:|1683473133\n|-terastallize|p2a: Talonflame|Ghost\n|move|p1a: Iron Hands|Wild Charge|p2a: Talonflame\n|-damage|p2a: Talonflame|0 fnt\n|faint|p2a: Talonflame\n|-damage|p1a: Iron Hands|92\/100|[from] Recoil\n|move|p1b: Corviknight|Brave Bird|p2b: Garchomp\n|-damage|p2b: Garchomp|37\/100\n|-damage|p1b: Corviknight|88\/100|[from] ability: Rough Skin|[of] p2b: Garchomp\n|-damage|p1b: Corviknight|69\/100|[from] Recoil\n|move|p2b: Garchomp|Earthquake|p1a: Iron Hands|[spread] p1a\n|-immune|p1b: Corviknight\n|-supereffective|p1a: Iron Hands\n|-damage|p1a: Iron Hands|3\/100\n|\n|upkeep\n|inactive|benipkmn has 30 seconds left.\n|\n|t:|1683473158\n|switch|p2a: Flutter Mane|Flutter Mane, L50|100\/100\n|turn|4\n|\n|t:|1683473171\n|move|p1a: Iron Hands|Drain Punch|p2b: Garchomp\n|-damage|p2b: Garchomp|0 fnt\n|-heal|p1a: Iron Hands|17\/100|[from] drain|[of] p2b: Garchomp\n|-damage|p1a: Iron Hands|4\/100|[from] ability: Rough Skin|[of] p2b: Garchomp\n|faint|p2b: Garchomp\n|move|p1b: Corviknight|Iron Head|p2a: Flutter Mane\n|-supereffective|p2a: Flutter Mane\n|-damage|p2a: Flutter Mane|0 fnt\n|faint|p2a: Flutter Mane\n|-end|p2a: Flutter Mane|Protosynthesis|[silent]\n|\n|upkeep\n|\n|t:|1683473182\n|switch|p2a: Chi-Yu|Chi-Yu, L50|100\/100\n|-ability|p2a: Chi-Yu|Beads of Ruin\n|turn|5\n|\n|t:|1683473191\n|-terastallize|p1b: Corviknight|Fire\n|move|p2a: Chi-Yu|Protect|p2a: Chi-Yu\n|-singleturn|p2a: Chi-Yu|Protect\n|move|p1a: Iron Hands|Drain Punch|p2a: Chi-Yu\n|-activate|p2a: Chi-Yu|move: Protect\n|move|p1b: Corviknight|Brave Bird|p2a: Chi-Yu\n|-activate|p2a: Chi-Yu|move: Protect\n|\n|-end|p1b: Corviknight|move: Taunt\n|-fieldend|move: Trick Room\n|upkeep\n|turn|6\n|\n|t:|1683473204\n|move|p2a: Chi-Yu|Dark Pulse|p1b: Corviknight\n|-damage|p1b: Corviknight|25\/100\n|move|p1b: Corviknight|Brave Bird|p2a: Chi-Yu\n|-damage|p2a: Chi-Yu|12\/100\n|-damage|p1b: Corviknight|1\/100|[from] Recoil\n|move|p1a: Iron Hands|Drain Punch|p2a: Chi-Yu\n|-supereffective|p2a: Chi-Yu\n|-damage|p2a: Chi-Yu|0 fnt\n|-heal|p1a: Iron Hands|8\/100|[from] drain|[of] p2a: Chi-Yu\n|faint|p2a: Chi-Yu\n|\n|win|Aigashu-15\n|raw|Aigashu-15's rating: 1071 → 1109<\/strong> (+38 for winning)\n|raw|benipkmn's rating: 1178 → 1146<\/strong> (-32 for losing)\n|l|\u2606benipkmn\n","uploadtime":1683473212,"views":12,"p1id":"aigashu15","p2id":"benipkmn","formatid":"gen9vgc2023regulationc","rating":1109,"private":0,"password":""}