{"id":"gen9vgc2023regulationc-1861472390","p1":"Mogomomo","p2":"bryght","format":"[Gen 9] VGC 2023 Regulation C","log":"|j|\u2606Mogomomo\n|j|\u2606bryght\n|t:|1683762075\n|gametype|doubles\n|player|p1|Mogomomo|crasherwake|\n|player|p2|bryght|pokemaniac|\n|teamsize|p1|6\n|teamsize|p2|6\n|gen|9\n|tier|[Gen 9] VGC 2023 Regulation C\n|rule|Tera Type Preview: Tera Types are shown at Team Preview\n|rule|Species Clause: Limit one of each Pok\u00e9mon\n|rule|Item Clause: Limit one of each item\n|clearpoke\n|poke|p1|Flutter Mane, L50|\n|poke|p1|Baxcalibur, L50, F|\n|poke|p1|Kingambit, L50, M|\n|poke|p1|Rotom-Wash, L50|\n|poke|p1|Staraptor, L50, M|\n|poke|p1|Salazzle, L50, F|\n|poke|p2|Flutter Mane, L50|\n|poke|p2|Sandy Shocks, L50|\n|poke|p2|Rotom-Wash, L50|\n|poke|p2|Kingambit, L50, M|\n|poke|p2|Tsareena, L50, F|\n|poke|p2|Scovillain, L50, M|\n|teampreview|4\n|raw|Mogomomo's Tera Types: \/ \/ \/ \/ \/ \n|raw|bryght's Tera Types: \/ \/ \/ \/ \/ \n|inactive|Battle timer is ON: inactive players will automatically lose when time's up. (requested by bryght)\nbryght rejected open team sheets.\n|c|\u2606Mogomomo|you mind turning timer off for now while we set up games\n|inactiveoff|Battle timer is now OFF.\n|c|\u2606bryght|yup sorry\n|c|\u2606Mogomomo|then we can play with it on\n|c|\u2606bryght|g1\n|c|\u2606Mogomomo|all good\n|c|\u2606bryght|glhf\n|c|\u2606Mogomomo|alright all set, gl hf!\n|j| tzarii\n|j| Daviron1\n|\n|t:|1683762200\n|start\n|switch|p1a: Salazzle|Salazzle, L50, F|100\/100\n|switch|p1b: Staraptor|Staraptor, L50, M|100\/100\n|switch|p2a: Rotom|Rotom-Wash, L50|100\/100\n|switch|p2b: Sandy Shocks|Sandy Shocks, L50|100\/100\n|-enditem|p2b: Sandy Shocks|Booster Energy\n|-activate|p2b: Sandy Shocks|ability: Protosynthesis|[fromitem]\n|-start|p2b: Sandy Shocks|protosynthesisspe\n|turn|1\n|\n|t:|1683762247\n|move|p1a: Salazzle|Fake Out|p2b: Sandy Shocks\n|-damage|p2b: Sandy Shocks|95\/100\n|cant|p2b: Sandy Shocks|flinch\n|move|p1b: Staraptor|Final Gambit|p2b: Sandy Shocks\n|-damage|p2b: Sandy Shocks|3\/100\n|faint|p1b: Staraptor\n|move|p2a: Rotom|Will-O-Wisp|p1a: Salazzle|[miss]\n|-miss|p2a: Rotom|p1a: Salazzle\n|\n|upkeep\n|\n|t:|1683762261\n|switch|p1b: Flutter Mane|Flutter Mane, L50|100\/100\n|-enditem|p1b: Flutter Mane|Booster Energy\n|-activate|p1b: Flutter Mane|ability: Protosynthesis|[fromitem]\n|-start|p1b: Flutter Mane|protosynthesisspe\n|turn|2\n|\n|t:|1683762279\n|move|p1b: Flutter Mane|Dazzling Gleam|p2b: Sandy Shocks|[spread] p2a,p2b\n|-damage|p2a: Rotom|78\/100\n|-damage|p2b: Sandy Shocks|0 fnt\n|faint|p2b: Sandy Shocks\n|-end|p2b: Sandy Shocks|Protosynthesis|[silent]\n|move|p1a: Salazzle|Taunt|p2a: Rotom\n|-start|p2a: Rotom|move: Taunt\n|move|p2a: Rotom|Hydro Pump|p1a: Salazzle\n|-supereffective|p1a: Salazzle\n|-enditem|p1a: Salazzle|Focus Sash\n|-damage|p1a: Salazzle|1\/100\n|\n|-heal|p2a: Rotom|83\/100|[from] item: Leftovers\n|upkeep\n|l| Daviron1\n|\n|t:|1683762300\n|switch|p2b: Flutter Mane|Flutter Mane, L50|100\/100\n|turn|3\n|\n|t:|1683762339\n|-terastallize|p2b: Flutter Mane|Fairy\n|move|p1b: Flutter Mane|Protect|p1b: Flutter Mane\n|-singleturn|p1b: Flutter Mane|Protect\n|move|p2b: Flutter Mane|Dazzling Gleam|p1b: Flutter Mane|[spread] p1a\n|-activate|p1b: Flutter Mane|move: Protect\n|-resisted|p1a: Salazzle\n|-damage|p1a: Salazzle|0 fnt\n|faint|p1a: Salazzle\n|move|p2a: Rotom|Volt Switch|p1b: Flutter Mane\n|-activate|p1b: Flutter Mane|move: Protect\n|\n|-heal|p2a: Rotom|89\/100|[from] item: Leftovers\n|upkeep\n|\n|t:|1683762348\n|switch|p1a: Kingambit|Kingambit, L50, M|100\/100\n|turn|4\n|j| scizik\n|j| winteredsoul\n|\n|t:|1683762372\n|move|p1a: Kingambit|Sucker Punch|p2b: Flutter Mane\n|-resisted|p2b: Flutter Mane\n|-damage|p2b: Flutter Mane|49\/100\n|move|p1b: Flutter Mane|Shadow Ball|p2b: Flutter Mane\n|-damage|p2b: Flutter Mane|9\/100\n|-unboost|p2b: Flutter Mane|spd|1\n|move|p2b: Flutter Mane|Dazzling Gleam|p1b: Flutter Mane|[spread] p1a,p1b\n|-damage|p1a: Kingambit|43\/100\n|-damage|p1b: Flutter Mane|37\/100\n|move|p2a: Rotom|Volt Switch|p1a: Kingambit\n|-damage|p1a: Kingambit|19\/100\n|\n|t:|1683762391\n|switch|p2a: Kingambit|Kingambit, L50, M|100\/100|[from] Volt Switch\n|-activate|p2a: Kingambit|ability: Supreme Overlord\n|-start|p2a: Kingambit|fallen1|[silent]\n|\n|upkeep\n|turn|5\n|\n|t:|1683762412\n|-terastallize|p1b: Flutter Mane|Fighting\n|move|p2a: Kingambit|Protect|p2a: Kingambit\n|-singleturn|p2a: Kingambit|Protect\n|move|p1b: Flutter Mane|Dazzling Gleam|p2b: Flutter Mane|[spread] p2b\n|-activate|p2a: Kingambit|move: Protect\n|-damage|p2b: Flutter Mane|0 fnt\n|faint|p2b: Flutter Mane\n|-end|p2b: Flutter Mane|Protosynthesis|[silent]\n|move|p1a: Kingambit|Low Kick|p2a: Kingambit\n|-activate|p2a: Kingambit|move: Protect\n|\n|upkeep\n|\n|t:|1683762423\n|switch|p2b: Rotom|Rotom-Wash, L50|89\/100\n|turn|6\n|\n|t:|1683762450\n|move|p1a: Kingambit|Sucker Punch|p2b: Rotom\n|-damage|p2b: Rotom|41\/100\n|move|p2a: Kingambit|Sucker Punch|p1b: Flutter Mane\n|-resisted|p1b: Flutter Mane\n|-damage|p1b: Flutter Mane|0 fnt\n|faint|p1b: Flutter Mane\n|-end|p1b: Flutter Mane|Protosynthesis|[silent]\n|move|p2b: Rotom|Volt Switch|p1a: Kingambit\n|-damage|p1a: Kingambit|0 fnt\n|faint|p1a: Kingambit\n|\n|win|bryght\n|c|\u2606Mogomomo|gg\n|c|\u2606bryght|gg\n|j| M1so\n|l| M1so\n","uploadtime":1683763139,"views":17,"p1id":"mogomomo","p2id":"bryght","formatid":"gen9vgc2023regulationc","rating":0,"private":0,"password":""}