{"id":"gen9vgc2023regulationc-1854970377","p1":"Thossq","p2":"Foodster","format":"[Gen 9] VGC 2023 Regulation C","log":"|j|\u2606Thossq\n|j|\u2606Foodster\n|t:|1682886273\n|gametype|doubles\n|player|p1|Thossq|sabrina|1005\n|player|p2|Foodster|102|1014\n|teamsize|p1|6\n|teamsize|p2|6\n|gen|9\n|tier|[Gen 9] VGC 2023 Regulation C\n|rated|\n|rule|Species Clause: Limit one of each Pok\u00e9mon\n|rule|Item Clause: Limit one of each item\n|clearpoke\n|poke|p1|Cetitan, L50, M|\n|poke|p1|Kingambit, L50, F|\n|poke|p1|Indeedee-F, L50, F|\n|poke|p1|Abomasnow, L50, M|\n|poke|p1|Armarouge, L50, F|\n|poke|p1|Maushold, L50|\n|poke|p2|Abomasnow, L50, F|\n|poke|p2|Cetitan, L50, F|\n|poke|p2|Indeedee-F, L50, F|\n|poke|p2|Armarouge, L50, F|\n|poke|p2|Hydreigon, L50, M|\n|poke|p2|Annihilape, L50, M|\n|teampreview|4\nFoodster has agreed to open team sheets.\nThossq rejected open team sheets.\n|c|\u2606Foodster|well this is awkard\n|c|\u2606Thossq|yeah :(\n|\n|t:|1682886330\n|start\n|switch|p1a: Cetitan|Cetitan, L50, M|100\/100\n|switch|p1b: Maushold|Maushold, L50|100\/100\n|switch|p2a: Abomasnow|Abomasnow, L50, F|100\/100\n|switch|p2b: Hydreigon|Hydreigon, L50, M|100\/100\n|-weather|Snow|[from] ability: Snow Warning|[of] p2a: Abomasnow\n|turn|1\n|c|\u2606Thossq|also i jist started playing vgc so it might be easyu wins\n|\n|t:|1682886361\n|move|p1b: Maushold|Follow Me|p1b: Maushold\n|-singleturn|p1b: Maushold|move: Follow Me\n|move|p2b: Hydreigon|Tailwind|p2b: Hydreigon\n|-sidestart|p2: Foodster|move: Tailwind\n|move|p2a: Abomasnow|Aurora Veil|p2a: Abomasnow\n|-sidestart|p2: Foodster|move: Aurora Veil\n|move|p1a: Cetitan|Belly Drum|p1a: Cetitan\n|-damage|p1a: Cetitan|50\/100\n|-setboost|p1a: Cetitan|atk|6|[from] move: Belly Drum\n|-enditem|p1a: Cetitan|Sitrus Berry|[eat]\n|-heal|p1a: Cetitan|75\/100|[from] item: Sitrus Berry\n|\n|-weather|Snow|[upkeep]\n|upkeep\n|turn|2\n|c|\u2606Foodster|i just play is casully but i wanted to try a snow team\n|c|\u2606Thossq|nice nice\n|\n|t:|1682886429\n|switch|p2b: Cetitan|Cetitan, L50, F|100\/100\n|switch|p2a: Armarouge|Armarouge, L50, F|100\/100\n|-terastallize|p1a: Cetitan|Water\n|move|p1a: Cetitan|Ice Shard|p2b: Cetitan\n|-resisted|p2b: Cetitan\n|-damage|p2b: Cetitan|82\/100\n|move|p1b: Maushold|Encore||[still]\n|-fail|p1b: Maushold\n|\n|-weather|Snow|[upkeep]\n|upkeep\n|turn|3\n|\n|t:|1682886496\n|move|p2a: Armarouge|Wide Guard|p2a: Armarouge\n|-singleturn|p2a: Armarouge|Wide Guard\n|move|p1b: Maushold|Follow Me|p1b: Maushold\n|-singleturn|p1b: Maushold|move: Follow Me\n|move|p2b: Cetitan|Superpower|p1b: Maushold\n|-supereffective|p1b: Maushold\n|-damage|p1b: Maushold|0 fnt\n|-unboost|p2b: Cetitan|atk|1\n|-unboost|p2b: Cetitan|def|1\n|faint|p1b: Maushold\n|move|p1a: Cetitan|Liquidation|p2b: Cetitan\n|-damage|p2b: Cetitan|0 fnt\n|faint|p2b: Cetitan\n|\n|-weather|Snow|[upkeep]\n|upkeep\n|\n|t:|1682886511\n|switch|p1b: Armarouge|Armarouge, L50, F|100\/100\n|switch|p2b: Abomasnow|Abomasnow, L50, F|100\/100\n|turn|4\n|\n|t:|1682886529\n|-terastallize|p2b: Abomasnow|Water\n|move|p1a: Cetitan|Protect|p1a: Cetitan\n|-singleturn|p1a: Cetitan|Protect\n|move|p2b: Abomasnow|Energy Ball|p1a: Cetitan\n|-activate|p1a: Cetitan|move: Protect\n|move|p2a: Armarouge|Expanding Force|p1b: Armarouge\n|-resisted|p1b: Armarouge\n|-damage|p1b: Armarouge|75\/100\n|move|p1b: Armarouge|Armor Cannon|p2b: Abomasnow\n|-resisted|p2b: Abomasnow\n|-damage|p2b: Abomasnow|75\/100\n|-unboost|p1b: Armarouge|def|1\n|-unboost|p1b: Armarouge|spd|1\n|-damage|p1b: Armarouge|65\/100|[from] item: Life Orb\n|\n|-weather|Snow|[upkeep]\n|-sideend|p2: Foodster|move: Tailwind\n|upkeep\n|turn|5\n|\n|t:|1682886561\n|move|p1a: Cetitan|Liquidation|p2a: Armarouge\n|-supereffective|p2a: Armarouge\n|-damage|p2a: Armarouge|0 fnt\n|faint|p2a: Armarouge\n|move|p2b: Abomasnow|Energy Ball|p1a: Cetitan\n|-supereffective|p1a: Cetitan\n|-damage|p1a: Cetitan|0 fnt\n|faint|p1a: Cetitan\n|move|p1b: Armarouge|Expanding Force|p2b: Abomasnow\n|-damage|p2b: Abomasnow|46\/100\n|-damage|p1b: Armarouge|55\/100|[from] item: Life Orb\n|\n|-weather|none\n|-sideend|p2: Foodster|move: Aurora Veil\n|upkeep\n|\n|t:|1682886572\n|switch|p1a: Kingambit|Kingambit, L50, F|100\/100\n|switch|p2a: Hydreigon|Hydreigon, L50, M|100\/100\n|turn|6\n|\n|t:|1682886607\n|move|p1a: Kingambit|Protect|p1a: Kingambit\n|-singleturn|p1a: Kingambit|Protect\n|move|p2a: Hydreigon|Draco Meteor|p1b: Armarouge\n|-damage|p1b: Armarouge|0 fnt\n|-unboost|p2a: Hydreigon|spa|2\n|faint|p1b: Armarouge\n|-damage|p2a: Hydreigon|91\/100|[from] item: Life Orb\n|move|p2b: Abomasnow|Blizzard|p1a: Kingambit\n|-activate|p1a: Kingambit|move: Protect\n|\n|upkeep\n|turn|7\n|c|\u2606Thossq|fggf\n|c|\u2606Thossq|gg*\n|\n|t:|1682886649\n|move|p2a: Hydreigon|Draco Meteor|p1a: Kingambit\n|-resisted|p1a: Kingambit\n|-damage|p1a: Kingambit|81\/100\n|-unboost|p2a: Hydreigon|spa|2\n|-damage|p2a: Hydreigon|81\/100|[from] item: Life Orb\n|move|p2b: Abomasnow|Energy Ball|p1a: Kingambit\n|-resisted|p1a: Kingambit\n|-damage|p1a: Kingambit|63\/100\n|move|p1a: Kingambit|Kowtow Cleave|p2b: Abomasnow\n|-damage|p2b: Abomasnow|0 fnt\n|faint|p2b: Abomasnow\n|\n|-heal|p1a: Kingambit|69\/100|[from] item: Leftovers\n|upkeep\n|turn|8\n|c|\u2606Foodster|i dont have a kill on him\n|\n|t:|1682886669\n|move|p2a: Hydreigon|Dark Pulse|p1a: Kingambit\n|-resisted|p1a: Kingambit\n|-damage|p1a: Kingambit|60\/100\n|-damage|p2a: Hydreigon|72\/100|[from] item: Life Orb\n|move|p1a: Kingambit|Swords Dance|p1a: Kingambit\n|-boost|p1a: Kingambit|atk|2\n|\n|-heal|p1a: Kingambit|66\/100|[from] item: Leftovers\n|upkeep\n|turn|9\n|-message|Foodster forfeited.\n|\n|win|Thossq\n|raw|Thossq's rating: 1005 → 1045<\/strong> (+40 for winning)\n|raw|Foodster's rating: 1014 → 1002<\/strong> (-12 for losing)\n|l|\u2606Foodster\n|c|\u2606Thossq|oh\n|c|\u2606Thossq|gg\n","uploadtime":1682886700,"views":4,"p1id":"thossq","p2id":"foodster","formatid":"gen9vgc2023regulationc","rating":1002,"private":0,"password":""}