{"id":"gen9vgc2023regulationc-1852862585","p1":"NuovoSangue","p2":"nik993","format":"[Gen 9] VGC 2023 Regulation C","log":"|j|\u2606NuovoSangue\n|j|\u2606nik993\n|t:|1682612556\n|gametype|doubles\n|player|p1|NuovoSangue|ghetsis-gen5bw|1479\n|player|p2|nik993|169|1479\n|teamsize|p1|6\n|teamsize|p2|6\n|gen|9\n|tier|[Gen 9] VGC 2023 Regulation C\n|rated|\n|rule|Species Clause: Limit one of each Pok\u00e9mon\n|rule|Item Clause: Limit one of each item\n|clearpoke\n|poke|p1|Chien-Pao, L50|\n|poke|p1|Chi-Yu, L50|\n|poke|p1|Scizor, L50, M|\n|poke|p1|Amoonguss, L50, F|\n|poke|p1|Iron Moth, L50|\n|poke|p1|Dragonite, L50, M|\n|poke|p2|Palafin, L50, F|\n|poke|p2|Iron Hands, L50|\n|poke|p2|Amoonguss, L50, M|\n|poke|p2|Arcanine, L50, M|\n|poke|p2|Chien-Pao, L50|\n|poke|p2|Dragonite, L50, M|\n|teampreview|4\n|inactive|Battle timer is ON: inactive players will automatically lose when time's up. (requested by NuovoSangue)\nnik993 has agreed to open team sheets.\n|inactive|nik993 has 60 seconds left.\n|\n|t:|1682612589\n|start\n|switch|p1a: Red army|Chi-Yu, L50|100\/100\n|switch|p1b: Farfallina|Iron Moth, L50, shiny|100\/100\n|switch|p2a: Iron Hands|Iron Hands, L50|100\/100\n|switch|p2b: Dragonite|Dragonite, L50, M|100\/100\n|-ability|p1a: Red army|Beads of Ruin\n|-enditem|p1b: Farfallina|Booster Energy\n|-activate|p1b: Farfallina|ability: Quark Drive|[fromitem]\n|-start|p1b: Farfallina|quarkdrivespe\n|turn|1\n|\n|t:|1682612606\n|move|p2a: Iron Hands|Fake Out|p1b: Farfallina\n|-damage|p1b: Farfallina|78\/100\n|cant|p1b: Farfallina|flinch\n|move|p1a: Red army|Heat Wave|p2b: Dragonite|[spread] p2a\n|-miss|p1a: Red army|p2b: Dragonite\n|-damage|p2a: Iron Hands|74\/100\n|-status|p2a: Iron Hands|brn\n|move|p2b: Dragonite|Dragon Dance|p2b: Dragonite\n|-boost|p2b: Dragonite|atk|1\n|-boost|p2b: Dragonite|spe|1\n|\n|-damage|p2a: Iron Hands|68\/100 brn|[from] brn\n|upkeep\n|turn|2\n|\n|t:|1682612626\n|move|p1b: Farfallina|Acid Spray|p2b: Dragonite\n|-damage|p2b: Dragonite|72\/100\n|-unboost|p2b: Dragonite|spd|2\n|move|p1a: Red army|Heat Wave|p2a: Iron Hands|[spread] p2a,p2b\n|-resisted|p2b: Dragonite\n|-damage|p2a: Iron Hands|44\/100 brn\n|-damage|p2b: Dragonite|23\/100\n|move|p2b: Dragonite|Stomping Tantrum|p1b: Farfallina\n|-supereffective|p1b: Farfallina\n|-damage|p1b: Farfallina|0 fnt\n|faint|p1b: Farfallina\n|-end|p1b: Farfallina|Quark Drive|[silent]\n|move|p2a: Iron Hands|Drain Punch|p1a: Red army\n|-supereffective|p1a: Red army\n|-damage|p1a: Red army|34\/100\n|-heal|p2a: Iron Hands|61\/100 brn|[from] drain|[of] p1a: Red army\n|\n|-damage|p2a: Iron Hands|55\/100 brn|[from] brn\n|upkeep\n|\n|t:|1682612634\n|switch|p1b: Soviet|Dragonite, L50, M|100\/100\n|turn|3\n|\n|t:|1682612654\n|switch|p1a: Union|Chien-Pao, L50|100\/100\n|-ability|p1a: Union|Sword of Ruin\n|-terastallize|p1b: Soviet|Normal\n|move|p2b: Dragonite|Extreme Speed|p1b: Soviet\n|-damage|p1b: Soviet|35\/100\n|move|p1b: Soviet|Extreme Speed|p2b: Dragonite\n|-damage|p2b: Dragonite|0 fnt\n|faint|p2b: Dragonite\n|move|p2a: Iron Hands|Drain Punch|p1a: Union\n|-supereffective|p1a: Union\n|-enditem|p1a: Union|Focus Sash\n|-damage|p1a: Union|1\/100\n|-heal|p2a: Iron Hands|87\/100 brn|[from] drain|[of] p1a: Union\n|\n|-damage|p2a: Iron Hands|81\/100 brn|[from] brn\n|upkeep\n|\n|t:|1682612674\n|switch|p2b: Chien-Pao|Chien-Pao, L50|100\/100\n|-ability|p2b: Chien-Pao|Sword of Ruin\n|turn|4\n|\n|t:|1682612687\n|move|p1a: Union|Protect|p1a: Union\n|-singleturn|p1a: Union|Protect\n|move|p1b: Soviet|Extreme Speed|p2b: Chien-Pao\n|-damage|p2b: Chien-Pao|6\/100\n|move|p2b: Chien-Pao|Ice Spinner|p1b: Soviet\n|-damage|p1b: Soviet|0 fnt\n|faint|p1b: Soviet\n|move|p2a: Iron Hands|Drain Punch|p1a: Union\n|-activate|p1a: Union|move: Protect\n|\n|-damage|p2a: Iron Hands|74\/100 brn|[from] brn\n|upkeep\n|\n|t:|1682612694\n|switch|p1b: Red army|Chi-Yu, L50|34\/100\n|-ability|p1b: Red army|Beads of Ruin\n|turn|5\n|\n|t:|1682612710\n|-terastallize|p2a: Iron Hands|Fire\n|move|p1a: Union|Sucker Punch|p2b: Chien-Pao\n|-resisted|p2b: Chien-Pao\n|-damage|p2b: Chien-Pao|0 fnt\n|faint|p2b: Chien-Pao\n|move|p1b: Red army|Flamethrower|p2a: Iron Hands\n|-resisted|p2a: Iron Hands\n|-damage|p2a: Iron Hands|59\/100 brn\n|move|p2a: Iron Hands|Drain Punch|p1b: Red army\n|-supereffective|p1b: Red army\n|-damage|p1b: Red army|0 fnt\n|-heal|p2a: Iron Hands|68\/100 brn|[from] drain|[of] p1b: Red army\n|faint|p1b: Red army\n|\n|-damage|p2a: Iron Hands|61\/100 brn|[from] brn\n|upkeep\n|\n|t:|1682612714\n|switch|p2b: Arcanine|Arcanine, L50, M|100\/100\n|-ability|p2b: Arcanine|Intimidate|boost\n|-unboost|p1a: Union|atk|1\n|turn|6\n|-message|NuovoSangue forfeited.\n|\n|win|nik993\n|raw|NuovoSangue's rating: 1479 → 1459<\/strong> (-20 for losing)\n|raw|nik993's rating: 1479 → 1499<\/strong> (+20 for winning)\n|l|\u2606NuovoSangue\n","uploadtime":1682612724,"views":15,"p1id":"nuovosangue","p2id":"nik993","formatid":"gen9vgc2023regulationc","rating":1459,"private":0,"password":""}