{"id":"gen9vgc2023regulationc-1856362893","p1":"Heaven64","p2":"PurpleStyle","format":"[Gen 9] VGC 2023 Regulation C","log":"|j|\u2606Heaven64\n|j|\u2606PurpleStyle\n|t:|1683054294\n|gametype|doubles\n|player|p1|Heaven64|dawn|\n|player|p2|PurpleStyle|pokefan|\n|teamsize|p1|6\n|teamsize|p2|6\n|gen|9\n|tier|[Gen 9] VGC 2023 Regulation C\n|rule|Species Clause: Limit one of each Pok\u00e9mon\n|rule|Item Clause: Limit one of each item\n|clearpoke\n|poke|p1|Klefki, L50, F|\n|poke|p1|Iron Thorns, L50|\n|poke|p1|Pelipper, L50, F|\n|poke|p1|Pincurchin, L50, M|\n|poke|p1|Rotom, L50|\n|poke|p1|Floatzel, L50, F|\n|poke|p2|Chien-Pao, L50|\n|poke|p2|Kilowattrel, L50, F|\n|poke|p2|Slowbro, L50, F|\n|poke|p2|Haxorus, L50, M|\n|poke|p2|Arcanine, L50, M|\n|poke|p2|Donphan, L50, F|\n|teampreview|4\nPurpleStyle rejected open team sheets.\n|c|\u2606PurpleStyle|g1\n|c|\u2606Heaven64|glhf !\n|c|\u2606PurpleStyle|u2!\n|\n|t:|1683054390\n|start\n|switch|p1a: Umbrella|Pelipper, L50, F|100\/100\n|switch|p1b: Rhine|Floatzel, L50, F|100\/100\n|switch|p2a: Kilowattrel|Kilowattrel, L50, F|100\/100\n|switch|p2b: Donphan|Donphan, L50, F|100\/100\n|-weather|RainDance|[from] ability: Drizzle|[of] p1a: Umbrella\n|turn|1\n|\n|t:|1683054455\n|move|p2a: Kilowattrel|Protect|p2a: Kilowattrel\n|-singleturn|p2a: Kilowattrel|Protect\n|move|p1b: Rhine|Rock Tomb|p2a: Kilowattrel\n|-activate|p2a: Kilowattrel|move: Protect\n|move|p1a: Umbrella|Surf|p2a: Kilowattrel|[spread] p1b,p2b\n|-activate|p2a: Kilowattrel|move: Protect\n|-resisted|p1b: Rhine\n|-supereffective|p2b: Donphan\n|-damage|p1b: Rhine|63\/100\n|-damage|p2b: Donphan|33\/100\n|move|p2b: Donphan|Stone Edge|p1a: Umbrella\n|-supereffective|p1a: Umbrella\n|-damage|p1a: Umbrella|23\/100\n|\n|-weather|RainDance|[upkeep]\n|upkeep\n|turn|2\n|\n|t:|1683054504\n|move|p1b: Rhine|Rock Tomb|p2a: Kilowattrel\n|-supereffective|p2a: Kilowattrel\n|-damage|p2a: Kilowattrel|23\/100\n|-unboost|p2a: Kilowattrel|spe|1\n|move|p1a: Umbrella|Surf|p2a: Kilowattrel|[spread] p1b,p2a,p2b\n|-resisted|p1b: Rhine\n|-supereffective|p2b: Donphan\n|-damage|p1b: Rhine|21\/100\n|-damage|p2a: Kilowattrel|0 fnt\n|-damage|p2b: Donphan|0 fnt\n|-enditem|p1b: Rhine|Aguav Berry|[eat]\n|-heal|p1b: Rhine|54\/100|[from] item: Aguav Berry\n|faint|p2a: Kilowattrel\n|faint|p2b: Donphan\n|\n|-weather|RainDance|[upkeep]\n|upkeep\n|\n|t:|1683054510\n|switch|p2a: Slowbro|Slowbro, L50, F|100\/100\n|switch|p2b: Haxorus|Haxorus, L50, M|100\/100\n|-ability|p2b: Haxorus|Mold Breaker\n|turn|3\n|\n|t:|1683054536\n|move|p1b: Rhine|Protect|p1b: Rhine\n|-singleturn|p1b: Rhine|Protect\n|move|p1a: Umbrella|Surf|p2a: Slowbro|[spread] p2a,p2b\n|-activate|p1b: Rhine|move: Protect\n|-resisted|p2a: Slowbro\n|-resisted|p2b: Haxorus\n|-damage|p2a: Slowbro|84\/100\n|-damage|p2b: Haxorus|70\/100\n|move|p2b: Haxorus|Rock Slide|p1a: Umbrella|[spread] \n|-activate|p1b: Rhine|move: Protect\n|-miss|p2b: Haxorus|p1a: Umbrella\n|move|p2a: Slowbro|Calm Mind|p2a: Slowbro\n|-boost|p2a: Slowbro|spa|1\n|-boost|p2a: Slowbro|spd|1\n|\n|-weather|RainDance|[upkeep]\n|-heal|p2a: Slowbro|90\/100|[from] item: Leftovers\n|upkeep\n|turn|4\n|\n|t:|1683054565\n|switch|p1a: Dexter|Pincurchin, L50, M|100\/100\n|-fieldstart|move: Electric Terrain|[from] ability: Electric Surge|[of] p1a: Dexter\n|move|p1b: Rhine|Ice Punch|p2b: Haxorus\n|-supereffective|p2b: Haxorus\n|-damage|p2b: Haxorus|11\/100\n|move|p2b: Haxorus|Rock Slide|p1b: Rhine|[spread] p1a,p1b\n|-damage|p1a: Dexter|62\/100\n|-damage|p1b: Rhine|17\/100\n|move|p2a: Slowbro|Calm Mind|p2a: Slowbro\n|-boost|p2a: Slowbro|spa|1\n|-boost|p2a: Slowbro|spd|1\n|\n|-weather|RainDance|[upkeep]\n|-heal|p2a: Slowbro|96\/100|[from] item: Leftovers\n|upkeep\n|turn|5\n|\n|t:|1683054586\n|move|p1b: Rhine|Ice Punch|p2b: Haxorus\n|-supereffective|p2b: Haxorus\n|-crit|p2b: Haxorus\n|-damage|p2b: Haxorus|0 fnt\n|faint|p2b: Haxorus\n|move|p2a: Slowbro|Hydro Pump|p1a: Dexter\n|-damage|p1a: Dexter|0 fnt\n|faint|p1a: Dexter\n|\n|-weather|none\n|-heal|p2a: Slowbro|100\/100|[from] item: Leftovers\n|upkeep\n|\n|t:|1683054598\n|switch|p1a: Shinra|Iron Thorns, L50|100\/100\n|-activate|p1a: Shinra|ability: Quark Drive\n|-start|p1a: Shinra|quarkdriveatk\n|turn|6\n|\n|t:|1683054610\n|-terastallize|p1a: Shinra|Water\n|move|p2a: Slowbro|Protect|p2a: Slowbro\n|-singleturn|p2a: Slowbro|Protect\n|move|p1b: Rhine|Rock Tomb|p2a: Slowbro\n|-activate|p2a: Slowbro|move: Protect\n|move|p1a: Shinra|Rock Slide|p2a: Slowbro\n|-activate|p2a: Slowbro|move: Protect\n|\n|upkeep\n|turn|7\n|\n|t:|1683054624\n|-terastallize|p2a: Slowbro|Water\n|move|p1b: Rhine|Rock Tomb|p2a: Slowbro\n|-damage|p2a: Slowbro|85\/100\n|-unboost|p2a: Slowbro|spe|1\n|move|p1a: Shinra|Rock Slide|p2a: Slowbro\n|-damage|p2a: Slowbro|46\/100\n|move|p2a: Slowbro|Hydro Pump|p1a: Shinra\n|-resisted|p1a: Shinra\n|-damage|p1a: Shinra|51\/100\n|\n|-heal|p2a: Slowbro|52\/100|[from] item: Leftovers\n|upkeep\n|turn|8\n|\n|t:|1683054647\n|move|p2a: Slowbro|Protect|p2a: Slowbro\n|-singleturn|p2a: Slowbro|Protect\n|move|p1b: Rhine|Rock Tomb|p2a: Slowbro\n|-activate|p2a: Slowbro|move: Protect\n|move|p1a: Shinra|Rock Slide|p2a: Slowbro\n|-activate|p2a: Slowbro|move: Protect\n|\n|-heal|p2a: Slowbro|58\/100|[from] item: Leftovers\n|-fieldend|move: Electric Terrain\n|-end|p1a: Shinra|Quark Drive\n|upkeep\n|turn|9\n|\n|t:|1683054655\n|move|p1b: Rhine|Rock Tomb|p2a: Slowbro\n|-damage|p2a: Slowbro|43\/100\n|-unboost|p2a: Slowbro|spe|1\n|move|p1a: Shinra|Rock Slide|p2a: Slowbro\n|-damage|p2a: Slowbro|10\/100\n|move|p2a: Slowbro|Hydro Pump|p1a: Shinra\n|-resisted|p1a: Shinra\n|-damage|p1a: Shinra|0 fnt\n|faint|p1a: Shinra\n|-end|p1a: Shinra|Quark Drive|[silent]\n|\n|-heal|p2a: Slowbro|16\/100|[from] item: Leftovers\n|upkeep\n|\n|t:|1683054664\n|switch|p1a: Umbrella|Pelipper, L50, F|23\/100\n|-weather|RainDance|[from] ability: Drizzle|[of] p1a: Umbrella\n|turn|10\n|\n|t:|1683054668\n|move|p2a: Slowbro|Protect|p2a: Slowbro\n|-singleturn|p2a: Slowbro|Protect\n|move|p1b: Rhine|Rock Tomb|p2a: Slowbro\n|-activate|p2a: Slowbro|move: Protect\n|move|p1a: Umbrella|Hurricane|p2a: Slowbro\n|-activate|p2a: Slowbro|move: Protect\n|\n|-weather|RainDance|[upkeep]\n|-heal|p2a: Slowbro|22\/100|[from] item: Leftovers\n|upkeep\n|turn|11\n|\n|t:|1683054673\n|move|p1b: Rhine|Rock Tomb|p2a: Slowbro\n|-damage|p2a: Slowbro|5\/100\n|-unboost|p2a: Slowbro|spe|1\n|move|p1a: Umbrella|Hurricane|p2a: Slowbro\n|-damage|p2a: Slowbro|0 fnt\n|faint|p2a: Slowbro\n|\n|win|Heaven64\n|c|\u2606Heaven64|gg\n|c|\u2606PurpleStyle|gg\n","uploadtime":1683054683,"views":8,"p1id":"heaven64","p2id":"purplestyle","formatid":"gen9vgc2023regulationc","rating":0,"private":0,"password":""}