{"id":"gen9vgc2023regulationc-1854446052","p1":"Sleepyhead1","p2":"Abc Megalovania","format":"[Gen 9] VGC 2023 Regulation C","log":"|j|\u2606Sleepyhead1\n|j|\u2606Abc Megalovania\n|t:|1682811902\n|gametype|doubles\n|player|p1|Sleepyhead1|caitlin|1157\n|player|p2|Abc Megalovania|larry|1169\n|teamsize|p1|6\n|teamsize|p2|6\n|gen|9\n|tier|[Gen 9] VGC 2023 Regulation C\n|rated|\n|rule|Species Clause: Limit one of each Pok\u00e9mon\n|rule|Item Clause: Limit one of each item\n|clearpoke\n|poke|p1|Garchomp, L50, M|\n|poke|p1|Corviknight, L50, M|\n|poke|p1|Flutter Mane, L50|\n|poke|p1|Chi-Yu, L50|\n|poke|p1|Gyarados, L50, M|\n|poke|p1|Amoonguss, L50, F|\n|poke|p2|Flutter Mane, L50|\n|poke|p2|Palafin, L50, M|\n|poke|p2|Amoonguss, L50, F|\n|poke|p2|Arcanine, L50, M|\n|poke|p2|Brute Bonnet, L50|\n|poke|p2|Baxcalibur, L50, F|\n|teampreview|4\n|inactive|Battle timer is ON: inactive players will automatically lose when time's up. (requested by Abc Megalovania)\n|\n|t:|1682811927\n|start\n|switch|p1a: Amoonguss|Amoonguss, L50, F|100\/100\n|switch|p1b: Corviknight|Corviknight, L50, M, shiny|100\/100\n|switch|p2a: *grin|Flutter Mane, L50|100\/100\n|switch|p2b: The Voice|Palafin, L50, M|100\/100\n|turn|1\n|\n|t:|1682811949\n|-end|p2a: *grin|Protosynthesis|[silent]\n|switch|p2a: Ungaboonguss|Brute Bonnet, L50|100\/100\n|move|p2b: The Voice|Protect|p2b: The Voice\n|-singleturn|p2b: The Voice|Protect\n|move|p1b: Corviknight|Tailwind|p1b: Corviknight\n|-sidestart|p1: Sleepyhead1|move: Tailwind\n|move|p1a: Amoonguss|Spore|p2a: Ungaboonguss\n|-immune|p2a: Ungaboonguss\n|\n|upkeep\n|turn|2\n|\n|t:|1682811969\n|detailschange|p2b: The Voice|Palafin-Hero, L50, M\n|switch|p2b: *grin|Flutter Mane, L50|100\/100\n|move|p1b: Corviknight|Brave Bird|p2b: *grin\n|-damage|p2b: *grin|21\/100\n|-damage|p1b: Corviknight|84\/100|[from] Recoil\n|move|p1a: Amoonguss|Pollen Puff|p2a: Ungaboonguss\n|-supereffective|p2a: Ungaboonguss\n|-damage|p2a: Ungaboonguss|38\/100\n|move|p2a: Ungaboonguss|Crunch|p1a: Amoonguss\n|-damage|p1a: Amoonguss|56\/100\n|-unboost|p1a: Amoonguss|def|1\n|\n|-heal|p1a: Amoonguss|62\/100|[from] item: Leftovers\n|upkeep\n|turn|3\n|inactive|Sleepyhead1 has 30 seconds left.\n|inactive|Abc Megalovania has 30 seconds left.\n|inactive|Sleepyhead1 has 20 seconds left.\n|\n|t:|1682812008\n|-end|p2a: Ungaboonguss|Protosynthesis|[silent]\n|switch|p2a: The Voice|Palafin-Hero, L50, M|100\/100\n|-activate|p2a: The Voice|ability: Zero to Hero\n|move|p2b: *grin|Shadow Ball|p1b: Corviknight\n|-damage|p1b: Corviknight|23\/100\n|move|p1b: Corviknight|Iron Head|p2b: *grin\n|-supereffective|p2b: *grin\n|-damage|p2b: *grin|0 fnt\n|faint|p2b: *grin\n|-end|p2b: *grin|Protosynthesis|[silent]\n|move|p1a: Amoonguss|Pollen Puff|p2a: The Voice\n|-damage|p2a: The Voice|84\/100\n|\n|-heal|p1a: Amoonguss|67\/100|[from] item: Leftovers\n|upkeep\n|\n|t:|1682812018\n|switch|p2b: Bax Armstrong|Baxcalibur, L50, F|100\/100\n|turn|4\n|\n|t:|1682812034\n|switch|p1a: Gyarados|Gyarados, L50, M|100\/100\n|-ability|p1a: Gyarados|Intimidate|boost\n|-unboost|p2a: The Voice|atk|1\n|-fail|p2b: Bax Armstrong|unboost|[from] item: Clear Amulet|[of] p2b: Bax Armstrong\n|-terastallize|p1b: Corviknight|Water\n|-terastallize|p2a: The Voice|Water\n|move|p2b: Bax Armstrong|Ice Shard|p1b: Corviknight\n|-resisted|p1b: Corviknight\n|-damage|p1b: Corviknight|16\/100\n|move|p1b: Corviknight|Roost|p1b: Corviknight\n|-heal|p1b: Corviknight|66\/100\n|move|p2a: The Voice|Wave Crash|p1a: Gyarados\n|-resisted|p1a: Gyarados\n|-damage|p1a: Gyarados|57\/100\n|-damage|p2a: The Voice|69\/100|[from] Recoil\n|\n|-sideend|p1: Sleepyhead1|move: Tailwind\n|upkeep\n|turn|5\n|\n|t:|1682812056\n|switch|p2a: Ungaboonguss|Brute Bonnet, L50|38\/100\n|switch|p1a: Amoonguss|Amoonguss, L50, F|67\/100\n|move|p2b: Bax Armstrong|Glaive Rush|p1a: Amoonguss\n|-damage|p1a: Amoonguss|0 fnt\n|-singlemove|p2b: Bax Armstrong|Glaive Rush|[silent]\n|faint|p1a: Amoonguss\n|move|p1b: Corviknight|Tailwind|p1b: Corviknight\n|-sidestart|p1: Sleepyhead1|move: Tailwind\n|\n|upkeep\n|\n|t:|1682812066\n|switch|p1a: Chi-Yu|Chi-Yu, L50|100\/100\n|-ability|p1a: Chi-Yu|Beads of Ruin\n|turn|6\n|\n|t:|1682812090\n|move|p2b: Bax Armstrong|Protect|p2b: Bax Armstrong\n|-singleturn|p2b: Bax Armstrong|Protect\n|move|p1a: Chi-Yu|Heat Wave|p2b: Bax Armstrong|[spread] p2a\n|-activate|p2b: Bax Armstrong|move: Protect\n|-supereffective|p2a: Ungaboonguss\n|-damage|p2a: Ungaboonguss|0 fnt\n|faint|p2a: Ungaboonguss\n|-end|p2a: Ungaboonguss|Protosynthesis|[silent]\n|move|p1b: Corviknight|Iron Head|p2b: Bax Armstrong\n|-activate|p2b: Bax Armstrong|move: Protect\n|\n|upkeep\n|\n|t:|1682812098\n|switch|p2a: The Voice|Palafin-Hero, L50, M, tera:Water|69\/100\n|turn|7\n|\n|t:|1682812105\n|switch|p1a: Gyarados|Gyarados, L50, M|57\/100\n|-ability|p1a: Gyarados|Intimidate|boost\n|-unboost|p2a: The Voice|atk|1\n|-fail|p2b: Bax Armstrong|unboost|[from] item: Clear Amulet|[of] p2b: Bax Armstrong\n|move|p2a: The Voice|Jet Punch|p1a: Gyarados\n|-resisted|p1a: Gyarados\n|-damage|p1a: Gyarados|35\/100\n|move|p1b: Corviknight|Roost|p1b: Corviknight\n|-heal|p1b: Corviknight|100\/100\n|move|p2b: Bax Armstrong|Glaive Rush|p1b: Corviknight\n|-damage|p1b: Corviknight|57\/100\n|-singlemove|p2b: Bax Armstrong|Glaive Rush|[silent]\n|\n|upkeep\n|turn|8\n|\n|t:|1682812126\n|move|p2b: Bax Armstrong|Protect|p2b: Bax Armstrong\n|-singleturn|p2b: Bax Armstrong|Protect\n|move|p1a: Gyarados|Thunder Wave|p2b: Bax Armstrong\n|-activate|p2b: Bax Armstrong|move: Protect\n|move|p1b: Corviknight|Roost|p1b: Corviknight\n|-heal|p1b: Corviknight|100\/100\n|move|p2a: The Voice|Wave Crash|p1a: Gyarados\n|-resisted|p1a: Gyarados\n|-damage|p1a: Gyarados|0 fnt\n|faint|p1a: Gyarados\n|-damage|p2a: The Voice|58\/100|[from] Recoil\n|\n|-sideend|p1: Sleepyhead1|move: Tailwind\n|upkeep\n|\n|t:|1682812137\n|switch|p1a: Chi-Yu|Chi-Yu, L50|100\/100\n|-ability|p1a: Chi-Yu|Beads of Ruin\n|turn|9\n|\n|t:|1682812144\n|move|p1a: Chi-Yu|Protect|p1a: Chi-Yu\n|-singleturn|p1a: Chi-Yu|Protect\n|move|p2a: The Voice|Jet Punch|p1a: Chi-Yu\n|-activate|p1a: Chi-Yu|move: Protect\n|move|p2b: Bax Armstrong|Ice Shard|p1a: Chi-Yu\n|-activate|p1a: Chi-Yu|move: Protect\n|move|p1b: Corviknight|Tailwind|p1b: Corviknight\n|-sidestart|p1: Sleepyhead1|move: Tailwind\n|\n|upkeep\n|turn|10\n|\n|t:|1682812156\n|move|p2a: The Voice|Jet Punch|p1a: Chi-Yu\n|-supereffective|p1a: Chi-Yu\n|-enditem|p1a: Chi-Yu|Focus Sash\n|-damage|p1a: Chi-Yu|1\/100\n|move|p2b: Bax Armstrong|Ice Shard|p1a: Chi-Yu\n|-resisted|p1a: Chi-Yu\n|-damage|p1a: Chi-Yu|0 fnt\n|faint|p1a: Chi-Yu\n|move|p1b: Corviknight|Brave Bird|p2a: The Voice\n|-damage|p2a: The Voice|25\/100\n|-damage|p1b: Corviknight|90\/100|[from] Recoil\n|\n|upkeep\n|turn|11\n|c|\u2606Sleepyhead1|NOOOO\n|c|\u2606Sleepyhead1|FUCK FYUCK FYCK FUCK\n|\n|t:|1682812176\n|move|p1b: Corviknight|Iron Head|p2b: Bax Armstrong\n|-supereffective|p2b: Bax Armstrong\n|-damage|p2b: Bax Armstrong|56\/100\n|move|p2a: The Voice|Wave Crash|p1b: Corviknight\n|-resisted|p1b: Corviknight\n|-damage|p1b: Corviknight|65\/100\n|-damage|p2a: The Voice|16\/100|[from] Recoil\n|move|p2b: Bax Armstrong|Glaive Rush|p1b: Corviknight\n|-damage|p1b: Corviknight|18\/100\n|-singlemove|p2b: Bax Armstrong|Glaive Rush|[silent]\n|\n|upkeep\n|turn|12\n|\n|t:|1682812191\n|move|p1b: Corviknight|Roost|p1b: Corviknight\n|-heal|p1b: Corviknight|68\/100\n|move|p2a: The Voice|Haze|p2a: The Voice\n|-clearallboost\n|move|p2b: Bax Armstrong|Glaive Rush|p1b: Corviknight\n|-damage|p1b: Corviknight|19\/100\n|-singlemove|p2b: Bax Armstrong|Glaive Rush|[silent]\n|\n|-sideend|p1: Sleepyhead1|move: Tailwind\n|upkeep\n|turn|13\n|\n|t:|1682812205\n|move|p2a: The Voice|Wave Crash|p1b: Corviknight\n|-resisted|p1b: Corviknight\n|-damage|p1b: Corviknight|0 fnt\n|faint|p1b: Corviknight\n|-damage|p2a: The Voice|10\/100|[from] Recoil\n|\n|win|Abc Megalovania\n|raw|Sleepyhead1's rating: 1157 → 1133<\/strong> (-24 for losing)\n|raw|Abc Megalovania's rating: 1169 → 1193<\/strong> (+24 for winning)\n","uploadtime":1682812170,"views":15,"p1id":"sleepyhead1","p2id":"abcmegalovania","formatid":"gen9vgc2023regulationc","rating":1133,"private":0,"password":""}