{"id":"gen9vgc2023regulationc-1845812094","p1":"a lonely fart","p2":"Rin Itachi","format":"[Gen 9] VGC 2023 Regulation C","log":"|j|\u2606a lonely fart\n|j|\u2606Rin Itachi\n|t:|1681767032\n|gametype|doubles\n|player|p1|a lonely fart|101|1296\n|player|p2|Rin Itachi|marley|1359\n|teamsize|p1|6\n|teamsize|p2|6\n|gen|9\n|tier|[Gen 9] VGC 2023 Regulation C\n|rated|\n|rule|Species Clause: Limit one of each Pok\u00e9mon\n|rule|Item Clause: Limit one of each item\n|clearpoke\n|poke|p1|Gyarados, L50, F|\n|poke|p1|Scizor, L50, F|\n|poke|p1|Amoonguss, L50, M|\n|poke|p1|Arcanine, L50, M|\n|poke|p1|Flutter Mane, L50|\n|poke|p1|Iron Bundle, L50|\n|poke|p2|Arcanine, L50, F|\n|poke|p2|Gyarados, L50, M|\n|poke|p2|Ting-Lu, L50|\n|poke|p2|Flutter Mane, L50|\n|poke|p2|Baxcalibur, L50, F|\n|poke|p2|Amoonguss, L50, M|\n|teampreview|4\n|inactive|Battle timer is ON: inactive players will automatically lose when time's up. (requested by Rin Itachi)\n|\n|t:|1681767070\n|start\n|switch|p1a: Flutter Mane|Flutter Mane, L50|100\/100\n|switch|p1b: Gyarados|Gyarados, L50, F|100\/100\n|switch|p2a: Itachi Rin|Flutter Mane, L50|100\/100\n|switch|p2b: Gyarados|Gyarados, L50, M|100\/100\n|-ability|p1b: Gyarados|Intimidate|boost\n|-unboost|p2a: Itachi Rin|atk|1\n|-unboost|p2b: Gyarados|atk|1\n|-ability|p2b: Gyarados|Intimidate|boost\n|-unboost|p1a: Flutter Mane|atk|1\n|-unboost|p1b: Gyarados|atk|1\n|-enditem|p2a: Itachi Rin|Booster Energy\n|-activate|p2a: Itachi Rin|ability: Protosynthesis|[fromitem]\n|-start|p2a: Itachi Rin|protosynthesisspa\n|turn|1\n|\n|t:|1681767094\n|-end|p1a: Flutter Mane|Protosynthesis|[silent]\n|switch|p1a: Arcanine|Arcanine, L50, M|100\/100\n|-ability|p1a: Arcanine|Intimidate|boost\n|-unboost|p2a: Itachi Rin|atk|1\n|-unboost|p2b: Gyarados|atk|1\n|switch|p2b: Amoonguss|Amoonguss, L50, M|100\/100\n|move|p2a: Itachi Rin|Protect|p2a: Itachi Rin\n|-singleturn|p2a: Itachi Rin|Protect\n|move|p1b: Gyarados|Thunder Wave|p2a: Itachi Rin\n|-activate|p2a: Itachi Rin|move: Protect\n|\n|upkeep\n|turn|2\n|inactive|Rin Itachi has 30 seconds left.\n|inactive|Rin Itachi has 20 seconds left.\n|inactive|a lonely fart has 30 seconds left.\n|\n|t:|1681767142\n|switch|p2b: ReoNa|Arcanine, L50, F|100\/100\n|-ability|p2b: ReoNa|Intimidate|boost\n|-unboost|p1a: Arcanine|atk|1\n|-unboost|p1b: Gyarados|atk|1\n|move|p2a: Itachi Rin|Substitute|p2a: Itachi Rin\n|-start|p2a: Itachi Rin|Substitute\n|-damage|p2a: Itachi Rin|76\/100\n|move|p1b: Gyarados|Taunt|p2b: ReoNa\n|-start|p2b: ReoNa|move: Taunt\n|move|p1a: Arcanine|Will-O-Wisp||[still]\n|-fail|p1a: Arcanine\n|\n|upkeep\n|turn|3\n|inactive|a lonely fart has 30 seconds left.\n|\n|t:|1681767171\n|move|p2a: Itachi Rin|Protect|p2a: Itachi Rin\n|-singleturn|p2a: Itachi Rin|Protect\n|move|p1b: Gyarados|Waterfall|p2a: Itachi Rin\n|-activate|p2a: Itachi Rin|move: Protect\n|move|p1a: Arcanine|Flare Blitz|p2a: Itachi Rin\n|-activate|p2a: Itachi Rin|move: Protect\n|move|p2b: ReoNa|Flare Blitz|p1a: Arcanine\n|-resisted|p1a: Arcanine\n|-damage|p1a: Arcanine|72\/100\n|-damage|p2b: ReoNa|91\/100|[from] Recoil\n|\n|upkeep\n|turn|4\n|\n|t:|1681767189\n|move|p2a: Itachi Rin|Shadow Ball|p1a: Arcanine\n|-damage|p1a: Arcanine|28\/100\n|move|p1b: Gyarados|Waterfall|p2b: ReoNa\n|-supereffective|p2b: ReoNa\n|-damage|p2b: ReoNa|60\/100\n|move|p1a: Arcanine|Flare Blitz|p2a: Itachi Rin\n|-end|p2a: Itachi Rin|Substitute\n|-damage|p1a: Arcanine|22\/100|[from] Recoil|[of] p2a: Itachi Rin\n|cant|p2b: ReoNa|flinch\n|\n|-end|p2b: ReoNa|move: Taunt\n|upkeep\n|turn|5\n|inactive|a lonely fart has 30 seconds left.\n|\n|t:|1681767226\n|switch|p1b: Flutter Mane|Flutter Mane, L50|100\/100\n|move|p2a: Itachi Rin|Protect|p2a: Itachi Rin\n|-singleturn|p2a: Itachi Rin|Protect\n|move|p1a: Arcanine|Protect|p1a: Arcanine\n|-singleturn|p1a: Arcanine|Protect\n|move|p2b: ReoNa|Extreme Speed|p1a: Arcanine\n|-activate|p1a: Arcanine|move: Protect\n|\n|upkeep\n|turn|6\n|\n|t:|1681767243\n|switch|p1a: Gyarados|Gyarados, L50, F|100\/100\n|-ability|p1a: Gyarados|Intimidate|boost\n|-unboost|p2a: Itachi Rin|atk|1\n|-unboost|p2b: ReoNa|atk|1\n|-terastallize|p2a: Itachi Rin|Fairy\n|move|p1b: Flutter Mane|Shadow Ball|p2a: Itachi Rin\n|-damage|p2a: Itachi Rin|17\/100\n|move|p2a: Itachi Rin|Shadow Ball|p1a: Gyarados\n|-crit|p1a: Gyarados\n|-damage|p1a: Gyarados|41\/100\n|-enditem|p1a: Gyarados|Sitrus Berry|[eat]\n|-heal|p1a: Gyarados|66\/100|[from] item: Sitrus Berry\n|move|p2b: ReoNa|Flare Blitz|p1b: Flutter Mane\n|-damage|p1b: Flutter Mane|24\/100\n|-status|p1b: Flutter Mane|brn\n|-damage|p2b: ReoNa|43\/100|[from] Recoil\n|\n|-damage|p1b: Flutter Mane|17\/100 brn|[from] brn\n|upkeep\n|turn|7\n|\n|t:|1681767267\n|-end|p1b: Flutter Mane|Protosynthesis|[silent]\n|switch|p1b: Arcanine|Arcanine, L50, M|22\/100\n|-ability|p1b: Arcanine|Intimidate|boost\n|-unboost|p2a: Itachi Rin|atk|1\n|-unboost|p2b: ReoNa|atk|1\n|switch|p2b: Amoonguss|Amoonguss, L50, M|100\/100\n|move|p2a: Itachi Rin|Protect|p2a: Itachi Rin\n|-singleturn|p2a: Itachi Rin|Protect\n|move|p1a: Gyarados|Thunder Wave|p2b: Amoonguss\n|-status|p2b: Amoonguss|par\n|\n|upkeep\n|turn|8\n|\n|t:|1681767279\n|move|p1b: Arcanine|Extreme Speed|p2a: Itachi Rin\n|-damage|p2a: Itachi Rin|0 fnt\n|faint|p2a: Itachi Rin\n|-end|p2a: Itachi Rin|Protosynthesis|[silent]\n|move|p2b: Amoonguss|Rage Powder|p2b: Amoonguss\n|-singleturn|p2b: Amoonguss|move: Rage Powder\n|move|p1a: Gyarados|Taunt|p2b: Amoonguss\n|-start|p2b: Amoonguss|move: Taunt\n|\n|upkeep\n|\n|t:|1681767286\n|switch|p2a: ReoNa|Arcanine, L50, F|43\/100\n|-ability|p2a: ReoNa|Intimidate|boost\n|-unboost|p1a: Gyarados|atk|1\n|-unboost|p1b: Arcanine|atk|1\n|turn|9\n|\n|t:|1681767303\n|switch|p2b: Gyarados|Gyarados, L50, M|100\/100\n|-ability|p2b: Gyarados|Intimidate|boost\n|-unboost|p1a: Gyarados|atk|1\n|-unboost|p1b: Arcanine|atk|1\n|move|p2a: ReoNa|Protect|p2a: ReoNa\n|-singleturn|p2a: ReoNa|Protect\n|move|p1a: Gyarados|Taunt|p2a: ReoNa\n|-activate|p2a: ReoNa|move: Protect\n|move|p1b: Arcanine|Flare Blitz|p2b: Gyarados\n|-resisted|p2b: Gyarados\n|-damage|p2b: Gyarados|88\/100\n|-damage|p1b: Arcanine|18\/100|[from] Recoil\n|\n|upkeep\n|turn|10\n|\n|t:|1681767317\n|switch|p1b: Amoonguss|Amoonguss, L50, M|100\/100\n|switch|p2a: Amoonguss|Amoonguss, L50, M|100\/100 par\n|move|p1a: Gyarados|Thunder Wave|p2a: Amoonguss\n|-fail|p2a: Amoonguss|par\n|move|p2b: Gyarados|Thunder Wave|p1a: Gyarados|[miss]\n|-miss|p2b: Gyarados|p1a: Gyarados\n|\n|upkeep\n|turn|11\n|\n|t:|1681767335\n|switch|p2b: ReoNa|Arcanine, L50, F|43\/100\n|-ability|p2b: ReoNa|Intimidate|boost\n|-unboost|p1a: Gyarados|atk|1\n|-unboost|p1b: Amoonguss|atk|1\n|move|p1a: Gyarados|Taunt|p2a: Amoonguss\n|-start|p2a: Amoonguss|move: Taunt\n|move|p1b: Amoonguss|Spore|p2b: ReoNa\n|-status|p2b: ReoNa|slp|[from] move: Spore\n|-enditem|p2b: ReoNa|Lum Berry|[eat]\n|-curestatus|p2b: ReoNa|slp|[msg]\n|cant|p2a: Amoonguss|par\n|\n|upkeep\n|turn|12\n|\n|t:|1681767355\n|switch|p1a: Arcanine|Arcanine, L50, M|18\/100\n|-ability|p1a: Arcanine|Intimidate|boost\n|-unboost|p2a: Amoonguss|atk|1\n|-unboost|p2b: ReoNa|atk|1\n|move|p2b: ReoNa|Flare Blitz|p1b: Amoonguss\n|-supereffective|p1b: Amoonguss\n|-damage|p1b: Amoonguss|46\/100\n|-damage|p2b: ReoNa|23\/100|[from] Recoil\n|move|p1b: Amoonguss|Pollen Puff|p1a: Arcanine\n|-heal|p1a: Arcanine|68\/100\n|cant|p2a: Amoonguss|par\n|\n|-heal|p1b: Amoonguss|52\/100|[from] item: Leftovers\n|upkeep\n|turn|13\n|\n|t:|1681767379\n|switch|p1b: Gyarados|Gyarados, L50, F|66\/100\n|-ability|p1b: Gyarados|Intimidate|boost\n|-unboost|p2a: Amoonguss|atk|1\n|-unboost|p2b: ReoNa|atk|1\n|move|p1a: Arcanine|Extreme Speed|p2b: ReoNa\n|-damage|p2b: ReoNa|5\/100\n|move|p2b: ReoNa|Will-O-Wisp|p1b: Gyarados\n|-status|p1b: Gyarados|brn\n|move|p2a: Amoonguss|Pollen Puff|p2b: ReoNa\n|-heal|p2b: ReoNa|54\/100\n|\n|-damage|p1b: Gyarados|60\/100 brn|[from] brn\n|-end|p2a: Amoonguss|move: Taunt\n|upkeep\n|turn|14\n|inactive|a lonely fart has 30 seconds left.\n|inactive|a lonely fart has 20 seconds left.\n|\n|t:|1681767414\n|switch|p2a: Gyarados|Gyarados, L50, M|88\/100\n|-ability|p2a: Gyarados|Intimidate|boost\n|-unboost|p1a: Arcanine|atk|1\n|-unboost|p1b: Gyarados|atk|1\n|move|p2b: ReoNa|Protect|p2b: ReoNa\n|-singleturn|p2b: ReoNa|Protect\n|move|p1b: Gyarados|Thunder Wave|p2b: ReoNa\n|-activate|p2b: ReoNa|move: Protect\n|move|p1a: Arcanine|Will-O-Wisp|p2a: Gyarados\n|-status|p2a: Gyarados|brn\n|\n|-damage|p1b: Gyarados|54\/100 brn|[from] brn\n|-damage|p2a: Gyarados|82\/100 brn|[from] brn\n|upkeep\n|turn|15\n|inactive|a lonely fart has 30 seconds left.\n|\n|t:|1681767440\n|switch|p1a: Amoonguss|Amoonguss, L50, M|85\/100\n|switch|p2b: Amoonguss|Amoonguss, L50, M|100\/100 par\n|move|p1b: Gyarados|Thunder Wave|p2b: Amoonguss\n|-fail|p2b: Amoonguss|par\n|move|p2a: Gyarados|Waterfall|p1a: Amoonguss\n|-resisted|p1a: Amoonguss\n|-damage|p1a: Amoonguss|76\/100\n|\n|-heal|p1a: Amoonguss|82\/100|[from] item: Leftovers\n|-damage|p1b: Gyarados|48\/100 brn|[from] brn\n|-damage|p2a: Gyarados|76\/100 brn|[from] brn\n|upkeep\n|turn|16\n|\n|t:|1681767461\n|move|p1b: Gyarados|Taunt|p2b: Amoonguss\n|-start|p2b: Amoonguss|move: Taunt\n|move|p2a: Gyarados|Taunt|p1a: Amoonguss\n|-start|p1a: Amoonguss|move: Taunt\n|move|p1a: Amoonguss|Pollen Puff|p1b: Gyarados\n|-heal|p1b: Gyarados|98\/100 brn\n|cant|p2b: Amoonguss|move: Taunt|Spore\n|\n|-heal|p1a: Amoonguss|88\/100|[from] item: Leftovers\n|-damage|p1b: Gyarados|92\/100 brn|[from] brn\n|-damage|p2a: Gyarados|70\/100 brn|[from] brn\n|upkeep\n|turn|17\n|\n|t:|1681767483\n|switch|p1b: Flutter Mane|Flutter Mane, L50|17\/100 brn\n|move|p2a: Gyarados|Waterfall|p1a: Amoonguss\n|-resisted|p1a: Amoonguss\n|-damage|p1a: Amoonguss|80\/100\n|move|p1a: Amoonguss|Pollen Puff|p1b: Flutter Mane\n|-heal|p1b: Flutter Mane|67\/100 brn\n|cant|p2b: Amoonguss|par\n|\n|-heal|p1a: Amoonguss|86\/100|[from] item: Leftovers\n|-damage|p1b: Flutter Mane|61\/100 brn|[from] brn\n|-damage|p2a: Gyarados|65\/100 brn|[from] brn\n|upkeep\n|turn|18\n|\n|t:|1681767499\n|-terastallize|p1b: Flutter Mane|Fairy\n|move|p1b: Flutter Mane|Moonblast|p2a: Gyarados\n|-damage|p2a: Gyarados|0 fnt\n|faint|p2a: Gyarados\n|move|p1a: Amoonguss|Pollen Puff|p1b: Flutter Mane\n|-heal|p1b: Flutter Mane|100\/100 brn\n|cant|p2b: Amoonguss|par\n|\n|-heal|p1a: Amoonguss|91\/100|[from] item: Leftovers\n|-damage|p1b: Flutter Mane|94\/100 brn|[from] brn\n|-end|p1a: Amoonguss|move: Taunt\n|-end|p2b: Amoonguss|move: Taunt\n|upkeep\n|-message|Rin Itachi forfeited.\n|\n|win|a lonely fart\n|raw|a lonely fart's rating: 1296 → 1325<\/strong> (+29 for winning)\n|raw|Rin Itachi's rating: 1359 → 1335<\/strong> (-24 for losing)\n|l|\u2606Rin Itachi\n|l|\u2606a lonely fart\n|j|\u2606a lonely fart\n|player|p1|a lonely fart|101\n","uploadtime":1681767635,"views":10,"p1id":"alonelyfart","p2id":"rinitachi","formatid":"gen9vgc2023regulationc","rating":1325,"private":0,"password":""}