{"id":"gen9vgc2023regulationc-1846987139","p1":"salamencetv","p2":"ScraggypantsYT","format":"[Gen 9] VGC 2023 Regulation C","log":"|j|\u2606salamencetv\n|j|\u2606ScraggypantsYT\n|t:|1681909204\n|gametype|doubles\n|player|p1|salamencetv|pryce|\n|player|p2|ScraggypantsYT|plasmagrunt|\n|teamsize|p1|6\n|teamsize|p2|6\n|gen|9\n|tier|[Gen 9] VGC 2023 Regulation C\n|rule|Species Clause: Limit one of each Pok\u00e9mon\n|rule|Item Clause: Limit one of each item\n|clearpoke\n|poke|p1|Cetitan, L50, F|\n|poke|p1|Slowking, L50, F|\n|poke|p1|Gholdengo, L50|\n|poke|p1|Brute Bonnet, L50|\n|poke|p1|Garchomp, L50, F|\n|poke|p1|Sylveon, L50, F|\n|poke|p2|Pelipper, L50, F|\n|poke|p2|Barraskewda, L50, M|\n|poke|p2|Magneton, L50|\n|poke|p2|Garganacl, L50, M|\n|poke|p2|Houndstone, L50, M|\n|poke|p2|Slowbro, L50, M|\n|teampreview|4\n|c|\u2606salamencetv|G2 GLHF\n|c|\u2606ScraggypantsYT|we play both at the same time?\n|c|\u2606salamencetv|GLHF bud\n|\n|t:|1681909652\n|start\n|switch|p1a: Turban|Slowking, L50, F|100\/100\n|switch|p1b: GholdenGO NOW|Gholdengo, L50|100\/100\n|switch|p2a: Boltz|Magneton, L50, shiny|100\/100\n|switch|p2b: Bus Stop|Slowbro, L50, M|100\/100\n|turn|1\n|\n|t:|1681909676\n|move|p1b: GholdenGO NOW|Shadow Ball|p2b: Bus Stop\n|-supereffective|p2b: Bus Stop\n|-damage|p2b: Bus Stop|0 fnt\n|faint|p2b: Bus Stop\n|-damage|p1b: GholdenGO NOW|91\/100|[from] item: Life Orb\n|move|p2a: Boltz|Thunder Wave|p1a: Turban\n|-status|p1a: Turban|par\n|move|p1a: Turban|Grass Knot|p2a: Boltz\n|-resisted|p2a: Boltz\n|-damage|p2a: Boltz|91\/100\n|\n|upkeep\n|\n|t:|1681909689\n|switch|p2b: Don't Be Salty|Garganacl, L50, M|100\/100\n|turn|2\n|\n|t:|1681909704\n|move|p1b: GholdenGO NOW|Make It Rain|p2b: Don't Be Salty|[spread] p2a,p2b\n|-resisted|p2a: Boltz\n|-supereffective|p2b: Don't Be Salty\n|-damage|p2a: Boltz|74\/100\n|-damage|p2b: Don't Be Salty|9\/100\n|-unboost|p1b: GholdenGO NOW|spa|1\n|-damage|p1b: GholdenGO NOW|81\/100|[from] item: Life Orb\n|move|p2a: Boltz|Sandstorm|p2a: Boltz\n|-weather|Sandstorm\n|move|p2b: Don't Be Salty|Recover|p2b: Don't Be Salty\n|-heal|p2b: Don't Be Salty|59\/100\n|cant|p1a: Turban|par\n|\n|-weather|Sandstorm|[upkeep]\n|-damage|p1a: Turban|95\/100 par|[from] Sandstorm\n|-heal|p2b: Don't Be Salty|65\/100|[from] item: Leftovers\n|upkeep\n|turn|3\n|\n|t:|1681909739\n|switch|p1b: Whalecome|Cetitan, L50, F|100\/100\n|move|p2a: Boltz|Reflect|p2a: Boltz\n|-sidestart|p2: ScraggypantsYT|Reflect\n|move|p2b: Don't Be Salty|Recover|p2b: Don't Be Salty\n|-heal|p2b: Don't Be Salty|100\/100\n|move|p1a: Turban|Grass Knot|p2b: Don't Be Salty\n|-supereffective|p2b: Don't Be Salty\n|-damage|p2b: Don't Be Salty|72\/100\n|\n|-weather|Sandstorm|[upkeep]\n|-damage|p1b: Whalecome|95\/100|[from] Sandstorm\n|-damage|p1a: Turban|89\/100 par|[from] Sandstorm\n|-heal|p2b: Don't Be Salty|78\/100|[from] item: Leftovers\n|upkeep\n|turn|4\n|\n|t:|1681909761\n|move|p1b: Whalecome|Stomping Tantrum|p2a: Boltz\n|-supereffective|p2a: Boltz\n|-damage|p2a: Boltz|35\/100\n|move|p2a: Boltz|Thunder Wave|p1b: Whalecome\n|-status|p1b: Whalecome|par\n|move|p2b: Don't Be Salty|Salt Cure|p1b: Whalecome\n|-supereffective|p1b: Whalecome\n|-damage|p1b: Whalecome|73\/100 par\n|-start|p1b: Whalecome|Salt Cure\n|move|p1a: Turban|Chilly Reception|p1a: Turban\n|-weather|Snow\n|\n|t:|1681909770\n|switch|p1a: GholdenGO NOW|Gholdengo, L50|81\/100|[from] Chilly Reception\n|\n|-weather|Snow|[upkeep]\n|-heal|p2b: Don't Be Salty|84\/100|[from] item: Leftovers\n|-damage|p1b: Whalecome|60\/100 par|[from] Salt Cure\n|upkeep\n|turn|5\n|\n|t:|1681909786\n|move|p1a: GholdenGO NOW|Make It Rain|p2b: Don't Be Salty|[spread] p2a,p2b\n|-resisted|p2a: Boltz\n|-supereffective|p2b: Don't Be Salty\n|-damage|p2a: Boltz|15\/100\n|-damage|p2b: Don't Be Salty|0 fnt\n|-unboost|p1a: GholdenGO NOW|spa|1\n|faint|p2b: Don't Be Salty\n|-damage|p1a: GholdenGO NOW|71\/100|[from] item: Life Orb\n|cant|p1b: Whalecome|par\n|move|p2a: Boltz|Sandstorm|p2a: Boltz\n|-weather|Sandstorm\n|\n|-weather|Sandstorm|[upkeep]\n|-damage|p1b: Whalecome|55\/100 par|[from] Sandstorm\n|-damage|p1b: Whalecome|42\/100 par|[from] Salt Cure\n|upkeep\n|\n|t:|1681909799\n|switch|p2b: Death Doggo|Houndstone, L50, M|100\/100\n|turn|6\n|\n|t:|1681909827\n|move|p1a: GholdenGO NOW|Protect|p1a: GholdenGO NOW\n|-singleturn|p1a: GholdenGO NOW|Protect\n|move|p2b: Death Doggo|Last Respects|p1a: GholdenGO NOW\n|-activate|p1a: GholdenGO NOW|move: Protect\n|move|p2a: Boltz|Thunder Wave|p1a: GholdenGO NOW\n|-activate|p1a: GholdenGO NOW|move: Protect\n|move|p1b: Whalecome|Stomping Tantrum|p2a: Boltz\n|-supereffective|p2a: Boltz\n|-damage|p2a: Boltz|0 fnt\n|faint|p2a: Boltz\n|\n|-weather|Sandstorm|[upkeep]\n|-damage|p1b: Whalecome|37\/100 par|[from] Sandstorm\n|-damage|p1b: Whalecome|24\/100 par|[from] Salt Cure\n|upkeep\n|turn|7\n|\n|t:|1681909846\n|switch|p1a: OONGABOONGUS|Brute Bonnet, L50|100\/100\n|-terastallize|p2b: Death Doggo|Ghost\n|move|p2b: Death Doggo|Last Respects|p1a: OONGABOONGUS\n|-resisted|p1a: OONGABOONGUS\n|-damage|p1a: OONGABOONGUS|24\/100\n|move|p1b: Whalecome|Ice Spinner|p2b: Death Doggo\n|-damage|p2b: Death Doggo|68\/100\n|\n|-weather|Sandstorm|[upkeep]\n|-damage|p1a: OONGABOONGUS|18\/100|[from] Sandstorm\n|-damage|p1b: Whalecome|19\/100 par|[from] Sandstorm\n|-damage|p1b: Whalecome|6\/100 par|[from] Salt Cure\n|-sideend|p2: ScraggypantsYT|Reflect\n|upkeep\n|turn|8\n|\n|t:|1681909865\n|move|p2b: Death Doggo|Last Respects|p1b: Whalecome\n|-damage|p1b: Whalecome|0 fnt\n|faint|p1b: Whalecome\n|move|p1a: OONGABOONGUS|Spore|p2b: Death Doggo\n|-status|p2b: Death Doggo|slp|[from] move: Spore\n|\n|-weather|Sandstorm|[upkeep]\n|-damage|p1a: OONGABOONGUS|12\/100|[from] Sandstorm\n|upkeep\n|\n|t:|1681909869\n|switch|p1b: GholdenGO NOW|Gholdengo, L50|71\/100\n|turn|9\n|\n|t:|1681909876\n|cant|p2b: Death Doggo|slp\n|move|p1b: GholdenGO NOW|Shadow Ball|p2b: Death Doggo\n|-supereffective|p2b: Death Doggo\n|-damage|p2b: Death Doggo|0 fnt\n|faint|p2b: Death Doggo\n|-damage|p1b: GholdenGO NOW|62\/100|[from] item: Life Orb\n|\n|win|salamencetv\n|c|\u2606salamencetv|GG\n|c|\u2606ScraggypantsYT|ggs\n","uploadtime":1681909952,"views":9,"p1id":"salamencetv","p2id":"scraggypantsyt","formatid":"gen9vgc2023regulationc","rating":0,"private":0,"password":""}