{"id":"gen9vgc2023regulationc-1846976627","p1":"esteebaaan","p2":"RitmanTesting1","format":"[Gen 9] VGC 2023 Regulation C","log":"|j|\u2606esteebaaan\n|j|\u2606RitmanTesting1\n|t:|1681908115\n|gametype|doubles\n|player|p1|esteebaaan|n|1350\n|player|p2|RitmanTesting1|byron|1373\n|teamsize|p1|6\n|teamsize|p2|6\n|gen|9\n|tier|[Gen 9] VGC 2023 Regulation C\n|rated|\n|rule|Species Clause: Limit one of each Pok\u00e9mon\n|rule|Item Clause: Limit one of each item\n|clearpoke\n|poke|p1|Maushold, L50|\n|poke|p1|Oricorio-Pom-Pom, L50, M|\n|poke|p1|Volcarona, L50, M|\n|poke|p1|Arboliva, L50, F|\n|poke|p1|Quaquaval, L50, F|\n|poke|p1|Glimmora, L50, M|\n|poke|p2|Chi-Yu, L50|\n|poke|p2|Flutter Mane, L50|\n|poke|p2|Gyarados, L50, M|\n|poke|p2|Brute Bonnet, L50|\n|poke|p2|Baxcalibur, L50, M|\n|poke|p2|Glimmora, L50, F|\n|teampreview|4\nRitmanTesting1 has agreed to open team sheets.\n|inactive|Battle timer is ON: inactive players will automatically lose when time's up. (requested by RitmanTesting1)\n|inactive|RitmanTesting1 has 60 seconds left.\n|\n|t:|1681908160\n|start\n|switch|p1a: Volcarona|Volcarona, L50, M|100\/100\n|switch|p1b: Oricorio|Oricorio-Pom-Pom, L50, M|100\/100\n|switch|p2a: Glimmora|Glimmora, L50, F|100\/100\n|switch|p2b: Gyarados|Gyarados, L50, M|100\/100\n|-ability|p2b: Gyarados|Intimidate|boost\n|-unboost|p1a: Volcarona|atk|1\n|-unboost|p1b: Oricorio|atk|1\n|turn|1\n|\n|t:|1681908180\n|move|p2b: Gyarados|Protect|p2b: Gyarados\n|-singleturn|p2b: Gyarados|Protect\n|move|p1a: Volcarona|Quiver Dance|p1a: Volcarona\n|-boost|p1a: Volcarona|spa|1\n|-boost|p1a: Volcarona|spd|1\n|-boost|p1a: Volcarona|spe|1\n|-activate|p1b: Oricorio|ability: Dancer\n|move|p1b: Oricorio|Quiver Dance|p1b: Oricorio|[from]ability: Dancer\n|-boost|p1b: Oricorio|spa|1\n|-boost|p1b: Oricorio|spd|1\n|-boost|p1b: Oricorio|spe|1\n|move|p1b: Oricorio|Revelation Dance|p2b: Gyarados\n|-activate|p2b: Gyarados|move: Protect\n|move|p2a: Glimmora|Power Gem|p1a: Volcarona\n|-supereffective|p1a: Volcarona\n|-enditem|p1a: Volcarona|Focus Sash\n|-damage|p1a: Volcarona|1\/100\n|\n|upkeep\n|turn|2\n|\n|t:|1681908203\n|switch|p2b: Brute Bonnet|Brute Bonnet, L50|100\/100\n|move|p1a: Volcarona|Protect|p1a: Volcarona\n|-singleturn|p1a: Volcarona|Protect\n|move|p1b: Oricorio|Revelation Dance|p2b: Brute Bonnet\n|-resisted|p2b: Brute Bonnet\n|-damage|p2b: Brute Bonnet|79\/100\n|move|p2a: Glimmora|Mortal Spin|p1b: Oricorio|[spread] p1b\n|-activate|p1a: Volcarona|move: Protect\n|-damage|p1b: Oricorio|94\/100\n|-status|p1b: Oricorio|psn\n|\n|-damage|p1b: Oricorio|82\/100 psn|[from] psn\n|upkeep\n|turn|3\n|\n|t:|1681908221\n|move|p2b: Brute Bonnet|Sucker Punch|p1a: Volcarona\n|-damage|p1a: Volcarona|0 fnt\n|faint|p1a: Volcarona\n|move|p1b: Oricorio|Revelation Dance|p2a: Glimmora\n|-damage|p2a: Glimmora|59\/100\n|move|p2a: Glimmora|Power Gem|p1b: Oricorio\n|-supereffective|p1b: Oricorio\n|-enditem|p1b: Oricorio|Charti Berry|[eat]\n|-enditem|p1b: Oricorio|Charti Berry|[weaken]\n|-damage|p1b: Oricorio|38\/100 psn\n|\n|-damage|p1b: Oricorio|26\/100 psn|[from] psn\n|upkeep\n|\n|t:|1681908233\n|switch|p1a: Quaquaval|Quaquaval, L50, F, shiny|100\/100\n|turn|4\n|\n|t:|1681908245\n|switch|p2a: Gyarados|Gyarados, L50, M|100\/100\n|-ability|p2a: Gyarados|Intimidate|boost\n|-unboost|p1a: Quaquaval|atk|1\n|-unboost|p1b: Oricorio|atk|1\n|move|p2b: Brute Bonnet|Sucker Punch|p1b: Oricorio\n|-damage|p1b: Oricorio|0 fnt\n|faint|p1b: Oricorio\n|move|p1a: Quaquaval|Aqua Step|p2a: Gyarados\n|-resisted|p2a: Gyarados\n|-damage|p2a: Gyarados|86\/100\n|-boost|p1a: Quaquaval|spe|1\n|\n|upkeep\n|\n|t:|1681908255\n|switch|p1b: Glimmora|Glimmora, L50, M|100\/100\n|turn|5\n|\n|t:|1681908272\n|move|p1a: Quaquaval|Protect|p1a: Quaquaval\n|-singleturn|p1a: Quaquaval|Protect\n|move|p2a: Gyarados|Protect|p2a: Gyarados\n|-singleturn|p2a: Gyarados|Protect\n|move|p1b: Glimmora|Sludge Wave|p2b: Brute Bonnet|[spread] p2b\n|-activate|p1a: Quaquaval|move: Protect\n|-activate|p2a: Gyarados|move: Protect\n|-supereffective|p2b: Brute Bonnet\n|-damage|p2b: Brute Bonnet|27\/100\n|-enditem|p2b: Brute Bonnet|Sitrus Berry|[eat]\n|-heal|p2b: Brute Bonnet|52\/100|[from] item: Sitrus Berry\n|move|p2b: Brute Bonnet|Spore|p1b: Glimmora\n|-status|p1b: Glimmora|slp|[from] move: Spore\n|\n|upkeep\n|turn|6\n|\n|t:|1681908296\n|-end|p2b: Brute Bonnet|Protosynthesis|[silent]\n|switch|p2b: Flutter Mane|Flutter Mane, L50|100\/100\n|-enditem|p2b: Flutter Mane|Booster Energy\n|-activate|p2b: Flutter Mane|ability: Protosynthesis|[fromitem]\n|-start|p2b: Flutter Mane|protosynthesisspa\n|cant|p1b: Glimmora|slp\n|move|p1a: Quaquaval|Close Combat|p2b: Flutter Mane\n|-immune|p2b: Flutter Mane\n|move|p2a: Gyarados|Dragon Dance|p2a: Gyarados\n|-boost|p2a: Gyarados|atk|1\n|-boost|p2a: Gyarados|spe|1\n|\n|upkeep\n|turn|7\n|\n|t:|1681908317\n|move|p1a: Quaquaval|Protect|p1a: Quaquaval\n|-singleturn|p1a: Quaquaval|Protect\n|cant|p1b: Glimmora|slp\n|move|p2a: Gyarados|Waterfall|p1b: Glimmora\n|-supereffective|p1b: Glimmora\n|-damage|p1b: Glimmora|0 fnt\n|-damage|p2a: Gyarados|70\/100|[from] item: Rocky Helmet|[of] p1b: Glimmora\n|-activate|p1b: Glimmora|ability: Toxic Debris\n|-sidestart|p2: RitmanTesting1|move: Toxic Spikes\n|faint|p1b: Glimmora\n|move|p2b: Flutter Mane|Dazzling Gleam|p1a: Quaquaval\n|-activate|p1a: Quaquaval|move: Protect\n|\n|upkeep\n|turn|8\n|c|\u2606RitmanTesting1|gg\n|\n|t:|1681908332\n|-terastallize|p1a: Quaquaval|Water\n|-terastallize|p2a: Gyarados|Flying\n|move|p1a: Quaquaval|Aqua Step|p2b: Flutter Mane\n|-damage|p2b: Flutter Mane|59\/100\n|-boost|p1a: Quaquaval|spe|1\n|move|p2a: Gyarados|Tera Blast|p1a: Quaquaval\n|-damage|p1a: Quaquaval|14\/100\n|-enditem|p1a: Quaquaval|Sitrus Berry|[eat]\n|-heal|p1a: Quaquaval|38\/100|[from] item: Sitrus Berry\n|move|p2b: Flutter Mane|Moonblast|p1a: Quaquaval\n|-damage|p1a: Quaquaval|0 fnt\n|faint|p1a: Quaquaval\n|\n|win|RitmanTesting1\n|raw|esteebaaan's rating: 1350 → 1331<\/strong> (-19 for losing)\n|raw|RitmanTesting1's rating: 1373 → 1392<\/strong> (+19 for winning)\n|l|\u2606esteebaaan\n","uploadtime":1681908369,"views":7,"p1id":"esteebaaan","p2id":"ritmantesting1","formatid":"gen9vgc2023regulationc","rating":1331,"private":0,"password":""}