{"id":"gen9vgc2023regulationc-1859179156","p1":"icefireshoto","p2":"jjfddhj","format":"[Gen 9] VGC 2023 Regulation C","log":"|j|\u2606icefireshoto\n|j|\u2606jjfddhj\n|t:|1683414264\n|gametype|doubles\n|player|p1|icefireshoto|266|1000\n|player|p2|jjfddhj|170|1000\n|teamsize|p1|6\n|teamsize|p2|6\n|gen|9\n|tier|[Gen 9] VGC 2023 Regulation C\n|rated|\n|rule|Species Clause: Limit one of each Pok\u00e9mon\n|rule|Item Clause: Limit one of each item\n|clearpoke\n|poke|p1|Ceruledge, L50, M|\n|poke|p1|Sableye, L50, F|\n|poke|p1|Flutter Mane, L50|\n|poke|p1|Chien-Pao, L50|\n|poke|p1|Arcanine, L50, M|\n|poke|p1|Gyarados, L50, F|\n|poke|p2|Iron Treads, L50|\n|poke|p2|Kilowattrel, L50, F|\n|poke|p2|Rotom-Mow, L50|\n|poke|p2|Hatterene, L50, F|\n|poke|p2|Pelipper, L50, F|\n|poke|p2|Azumarill, L50, M|\n|teampreview|4\n|inactive|Battle timer is ON: inactive players will automatically lose when time's up. (requested by icefireshoto)\n|\n|t:|1683414289\n|start\n|switch|p1a: Ceruledge|Ceruledge, L50, M|100\/100\n|switch|p1b: Sableye|Sableye, L50, F|100\/100\n|switch|p2a: Kilowattrel|Kilowattrel, L50, F|100\/100\n|switch|p2b: Rotom|Rotom-Mow, L50|100\/100\n|turn|1\n|\n|t:|1683414307\n|-terastallize|p1a: Ceruledge|Steel\n|move|p1b: Sableye|Light Screen|p1b: Sableye\n|-sidestart|p1: icefireshoto|move: Light Screen\n|move|p2a: Kilowattrel|Discharge|p1a: Ceruledge|[spread] p2b,p1a,p1b\n|-resisted|p2b: Rotom\n|-damage|p2b: Rotom|93\/100\n|-damage|p1a: Ceruledge|81\/100\n|-damage|p1b: Sableye|75\/100\n|move|p2b: Rotom|Discharge|p1b: Sableye|[spread] p1a,p1b\n|-immune|p2a: Kilowattrel|[from] ability: Volt Absorb\n|-damage|p1a: Ceruledge|60\/100\n|-damage|p1b: Sableye|46\/100\n|-status|p1b: Sableye|par\n|move|p1a: Ceruledge|Bulk Up|p1a: Ceruledge\n|-boost|p1a: Ceruledge|atk|1\n|-boost|p1a: Ceruledge|def|1\n|\n|upkeep\n|turn|2\n|inactive|icefireshoto has 30 seconds left.\n|inactive|jjfddhj has 30 seconds left.\n|\n|t:|1683414343\n|-terastallize|p2b: Rotom|Ground\n|move|p1b: Sableye|Trick|p2b: Rotom\n|-activate|p1b: Sableye|move: Trick|[of] p2b: Rotom\n|-item|p2b: Rotom|Lagging Tail|[from] move: Trick\n|-item|p1b: Sableye|Sitrus Berry|[from] move: Trick\n|-enditem|p1b: Sableye|Sitrus Berry|[eat]\n|-heal|p1b: Sableye|70\/100 par|[from] item: Sitrus Berry\n|move|p2a: Kilowattrel|Thunder Wave|p1a: Ceruledge\n|-status|p1a: Ceruledge|par\n|move|p2b: Rotom|Discharge|p1b: Sableye|[spread] p1a,p1b\n|-immune|p2a: Kilowattrel|[from] ability: Volt Absorb\n|-damage|p1a: Ceruledge|40\/100 par\n|-damage|p1b: Sableye|41\/100 par\n|move|p1a: Ceruledge|Bitter Blade|p2b: Rotom\n|-damage|p2b: Rotom|0 fnt\n|-heal|p1a: Ceruledge|88\/100 par|[from] drain|[of] p2b: Rotom\n|faint|p2b: Rotom\n|-damage|p1a: Ceruledge|78\/100 par|[from] item: Life Orb\n|\n|upkeep\n|\n|t:|1683414368\n|switch|p2b: Iron Treads|Iron Treads, L50|100\/100\n|-enditem|p2b: Iron Treads|Booster Energy\n|-activate|p2b: Iron Treads|ability: Quark Drive|[fromitem]\n|-start|p2b: Iron Treads|quarkdriveatk\n|turn|3\n|\n|t:|1683414384\n|move|p2b: Iron Treads|Protect|p2b: Iron Treads\n|-singleturn|p2b: Iron Treads|Protect\n|cant|p1b: Sableye|par\n|move|p2a: Kilowattrel|Air Slash|p1b: Sableye\n|-damage|p1b: Sableye|7\/100 par\n|cant|p1a: Ceruledge|par\n|\n|upkeep\n|turn|4\n|inactive|jjfddhj has 30 seconds left.\n|\n|t:|1683414413\n|-end|p2b: Iron Treads|Quark Drive|[silent]\n|switch|p2b: Hatterene|Hatterene, L50, F|100\/100\n|move|p1b: Sableye|Reflect|p1b: Sableye\n|-sidestart|p1: icefireshoto|Reflect\n|move|p2a: Kilowattrel|Air Slash|p1b: Sableye\n|-damage|p1b: Sableye|0 fnt\n|faint|p1b: Sableye\n|cant|p1a: Ceruledge|par\n|\n|upkeep\n|\n|t:|1683414428\n|switch|p1b: Gyarados|Gyarados, L50, F|100\/100\n|-ability|p1b: Gyarados|Intimidate|boost\n|-unboost|p2a: Kilowattrel|atk|1\n|-unboost|p2b: Hatterene|atk|1\n|turn|5\n|\n|t:|1683414444\n|move|p2a: Kilowattrel|Discharge|p1a: Ceruledge|[spread] p2b,p1a,p1b\n|-supereffective|p1b: Gyarados\n|-damage|p2b: Hatterene|75\/100\n|-damage|p1a: Ceruledge|58\/100 par\n|-damage|p1b: Gyarados|37\/100\n|move|p1b: Gyarados|Iron Head|p2b: Hatterene\n|-supereffective|p2b: Hatterene\n|-damage|p2b: Hatterene|2\/100\n|cant|p1a: Ceruledge|par\n|move|p2b: Hatterene|Trick Room|p2b: Hatterene\n|-fieldstart|move: Trick Room|[of] p2b: Hatterene\n|\n|-sideend|p1: icefireshoto|move: Light Screen\n|upkeep\n|turn|6\n|inactive|jjfddhj has 30 seconds left.\n|\n|t:|1683414476\n|move|p2b: Hatterene|Dazzling Gleam|p1a: Ceruledge|[spread] p1a,p1b\n|-resisted|p1a: Ceruledge\n|-damage|p1a: Ceruledge|40\/100 par\n|-damage|p1b: Gyarados|7\/100\n|move|p1a: Ceruledge|Bitter Blade|p2a: Kilowattrel\n|-enditem|p2a: Kilowattrel|Focus Sash\n|-damage|p2a: Kilowattrel|1\/100\n|-heal|p1a: Ceruledge|88\/100 par|[from] drain|[of] p2a: Kilowattrel\n|-damage|p1a: Ceruledge|78\/100 par|[from] item: Life Orb\n|move|p1b: Gyarados|Iron Head|p2b: Hatterene\n|-supereffective|p2b: Hatterene\n|-damage|p2b: Hatterene|0 fnt\n|faint|p2b: Hatterene\n|move|p2a: Kilowattrel|Air Slash|p1b: Gyarados\n|-damage|p1b: Gyarados|0 fnt\n|faint|p1b: Gyarados\n|\n|upkeep\n|\n|t:|1683414497\n|switch|p2b: Iron Treads|Iron Treads, L50|100\/100\n|switch|p1b: Arcanine|Arcanine, L50, M|100\/100\n|-ability|p1b: Arcanine|Intimidate|boost\n|-unboost|p2a: Kilowattrel|atk|1\n|-unboost|p2b: Iron Treads|atk|1\n|turn|7\n|\n|t:|1683414507\n|move|p1b: Arcanine|Extreme Speed|p2a: Kilowattrel\n|-damage|p2a: Kilowattrel|0 fnt\n|faint|p2a: Kilowattrel\n|move|p1a: Ceruledge|Bitter Blade|p2b: Iron Treads\n|-supereffective|p2b: Iron Treads\n|-damage|p2b: Iron Treads|0 fnt\n|-heal|p1a: Ceruledge|100\/100 par|[from] drain|[of] p2b: Iron Treads\n|faint|p2b: Iron Treads\n|-end|p2b: Iron Treads|Quark Drive|[silent]\n|-damage|p1a: Ceruledge|90\/100 par|[from] item: Life Orb\n|\n|win|icefireshoto\n|raw|icefireshoto's rating: 1000 → 1040<\/strong> (+40 for winning)\n|raw|jjfddhj's rating: 1000 → 1000<\/strong> (+0 for losing)\n|c|\u2606icefireshoto|gg\n|l|\u2606jjfddhj\n|l|\u2606icefireshoto\n|j|\u2606icefireshoto\n|player|p1|icefireshoto|266\n","uploadtime":1683414562,"views":5,"p1id":"icefireshoto","p2id":"jjfddhj","formatid":"gen9vgc2023regulationc","rating":1000,"private":0,"password":""}