{"id":"gen9vgc2023regulationc-1853115897","p1":"DaGreedent+","p2":"yotamVGC","format":"[Gen 9] VGC 2023 Regulation C","log":"|j|\u2606DaGreedent+\n|j|\u2606yotamVGC\n|t:|1682637072\n|gametype|doubles\n|player|p1|DaGreedent+|brock|\n|player|p2|yotamVGC|marnie-league|\n|teamsize|p1|6\n|teamsize|p2|6\n|gen|9\n|tier|[Gen 9] VGC 2023 Regulation C\n|rated|Tournament battle\n|rule|Species Clause: Limit one of each Pok\u00e9mon\n|rule|Item Clause: Limit one of each item\n|clearpoke\n|poke|p1|Ting-Lu, L50|\n|poke|p1|Tinkaton, L50, F|\n|poke|p1|Arcanine, L50, M|\n|poke|p1|Dragonite, L50, M|\n|poke|p1|Flutter Mane, L50|\n|poke|p1|Talonflame, L50, M|\n|poke|p2|Talonflame, L50, F|\n|poke|p2|Iron Bundle, L50|\n|poke|p2|Iron Hands, L50|\n|poke|p2|Gholdengo, L50|\n|poke|p2|Garchomp, L50, M|\n|poke|p2|Chien-Pao, L50|\n|teampreview|4\n|raw| Open Team Sheet for DaGreedent+<\/summary>Best (Ting-Lu) @ Leftovers Ability: Vessel of Ruin Level: 50 Tera Type: Poison - Rock Slide - Protect - Heavy Slam - Stomping Tantrum Tinky God (Tinkaton) (F) @ Sitrus Berry Ability: Mold Breaker Level: 50 Shiny: Yes Tera Type: Fairy - Gigaton Hammer - Thunder Wave - Fake Out - Play Rough 1st Gen DOGO (Arcanine) (M) @ Safety Goggles Ability: Intimidate Level: 50 Tera Type: Grass - Will-O-Wisp - Flare Blitz - Protect - Extreme Speed 1st Gen DRAGO (Dragonite) (M) @ Lum Berry Ability: Multiscale Level: 50 Tera Type: Flying - Ice Spinner - Extreme Speed - Dragon Dance - Protect Flutter Mane @ Booster Energy Ability: Protosynthesis Level: 50 Tera Type: Fairy - Dazzling Gleam - Moonblast - Shadow Ball - Taunt Talonflame @ Covert Cloak Ability: Gale Wings Level: 50 Tera Type: Dragon - Tailwind - Will-O-Wisp - Brave Bird - Taunt <\/details><\/div> Open Team Sheet for yotamVGC<\/summary>Talonflame @ Safety Goggles Ability: Gale Wings Level: 50 Tera Type: Ghost - Brave Bird - Will-O-Wisp - Tailwind - Taunt Iron Bundle @ Booster Energy Ability: Quark Drive Level: 50 Tera Type: Ghost - Hydro Pump - Freeze-Dry - Icy Wind - Protect Iron Hands @ Assault Vest Ability: Quark Drive Level: 50 Tera Type: Grass - Fake Out - Wild Charge - Drain Punch - Heavy Slam Gholdengo @ Choice Specs Ability: Good as Gold Level: 50 Tera Type: Steel - Make It Rain - Shadow Ball - Trick - Thunderbolt Garchomp @ Life Orb Ability: Rough Skin Level: 50 Tera Type: Steel - Earthquake - Rock Slide - Stomping Tantrum - Protect Chien-Pao @ Focus Sash Ability: Sword of Ruin Level: 50 Tera Type: Flying - Ice Spinner - Sucker Punch - Throat Chop - Protect <\/details><\/div>\n|inactive|Battle timer is ON: inactive players will automatically lose when time's up. (requested by yotamVGC)\n|inactive|DaGreedent+ has 60 seconds left.\n|\n|t:|1682637129\n|start\n|switch|p1a: 1st Gen DOGO|Arcanine, L50, M|100\/100\n|switch|p1b: 1st Gen DRAGO|Dragonite, L50, M|100\/100\n|switch|p2a: Talonflame|Talonflame, L50, F|100\/100\n|switch|p2b: Garchomp|Garchomp, L50, M|100\/100\n|-ability|p1a: 1st Gen DOGO|Intimidate|boost\n|-unboost|p2a: Talonflame|atk|1\n|-unboost|p2b: Garchomp|atk|1\n|turn|1\n|inactive|DaGreedent+ has 30 seconds left.\n|inactive|yotamVGC has 30 seconds left.\n|\n|t:|1682637170\n|move|p1a: 1st Gen DOGO|Protect|p1a: 1st Gen DOGO\n|-singleturn|p1a: 1st Gen DOGO|Protect\n|move|p2a: Talonflame|Will-O-Wisp|p1b: 1st Gen DRAGO\n|-status|p1b: 1st Gen DRAGO|brn\n|-enditem|p1b: 1st Gen DRAGO|Lum Berry|[eat]\n|-curestatus|p1b: 1st Gen DRAGO|brn|[msg]\n|move|p2b: Garchomp|Earthquake|p1b: 1st Gen DRAGO|[spread] \n|-activate|p1a: 1st Gen DOGO|move: Protect\n|-immune|p2a: Talonflame\n|-immune|p1b: 1st Gen DRAGO\n|move|p1b: 1st Gen DRAGO|Dragon Dance|p1b: 1st Gen DRAGO\n|-boost|p1b: 1st Gen DRAGO|atk|1\n|-boost|p1b: 1st Gen DRAGO|spe|1\n|\n|upkeep\n|turn|2\n|\n|t:|1682637194\n|move|p2a: Talonflame|Will-O-Wisp|p1b: 1st Gen DRAGO\n|-status|p1b: 1st Gen DRAGO|brn\n|move|p2b: Garchomp|Rock Slide|p1b: 1st Gen DRAGO|[spread] p1a,p1b\n|-supereffective|p1a: 1st Gen DOGO\n|-supereffective|p1b: 1st Gen DRAGO\n|-damage|p1a: 1st Gen DOGO|60\/100\n|-damage|p1b: 1st Gen DRAGO|84\/100 brn\n|-damage|p2b: Garchomp|91\/100|[from] item: Life Orb\n|move|p1b: 1st Gen DRAGO|Ice Spinner|p2b: Garchomp\n|-supereffective|p2b: Garchomp\n|-damage|p2b: Garchomp|0 fnt\n|-damage|p1b: 1st Gen DRAGO|72\/100 brn|[from] ability: Rough Skin|[of] p2b: Garchomp\n|faint|p2b: Garchomp\n|move|p1a: 1st Gen DOGO|Will-O-Wisp|p2a: Talonflame\n|-immune|p2a: Talonflame\n|\n|-damage|p1b: 1st Gen DRAGO|66\/100 brn|[from] brn\n|upkeep\n|\n|t:|1682637211\n|switch|p2b: Iron Hands|Iron Hands, L50|100\/100\n|turn|3\n|j| bombastic side eye\n|\n|t:|1682637222\n|move|p2a: Talonflame|Taunt|p1a: 1st Gen DOGO\n|-start|p1a: 1st Gen DOGO|move: Taunt\n|move|p1b: 1st Gen DRAGO|Dragon Dance|p1b: 1st Gen DRAGO\n|-boost|p1b: 1st Gen DRAGO|atk|1\n|-boost|p1b: 1st Gen DRAGO|spe|1\n|cant|p1a: 1st Gen DOGO|move: Taunt|Will-O-Wisp\n|move|p2b: Iron Hands|Drain Punch|p1a: 1st Gen DOGO\n|-damage|p1a: 1st Gen DOGO|5\/100\n|\n|-damage|p1b: 1st Gen DRAGO|60\/100 brn|[from] brn\n|upkeep\n|turn|4\n|\n|t:|1682637238\n|move|p1a: 1st Gen DOGO|Extreme Speed|p2b: Iron Hands\n|-damage|p2b: Iron Hands|82\/100\n|move|p2a: Talonflame|Tailwind|p2a: Talonflame\n|-sidestart|p2: yotamVGC|move: Tailwind\n|move|p1b: 1st Gen DRAGO|Ice Spinner|p2b: Iron Hands\n|-damage|p2b: Iron Hands|58\/100\n|move|p2b: Iron Hands|Wild Charge|p1b: 1st Gen DRAGO\n|-crit|p1b: 1st Gen DRAGO\n|-damage|p1b: 1st Gen DRAGO|0 fnt\n|faint|p1b: 1st Gen DRAGO\n|-damage|p2b: Iron Hands|45\/100|[from] Recoil\n|\n|upkeep\n|inactive|DaGreedent+ has 30 seconds left.\n|\n|t:|1682637264\n|switch|p1b: Flutter Mane|Flutter Mane, L50|100\/100\n|-enditem|p1b: Flutter Mane|Booster Energy\n|-activate|p1b: Flutter Mane|ability: Protosynthesis|[fromitem]\n|-start|p1b: Flutter Mane|protosynthesisspe\n|turn|5\n|\n|t:|1682637272\n|-terastallize|p1b: Flutter Mane|Fairy\n|-terastallize|p2b: Iron Hands|Grass\n|move|p1a: 1st Gen DOGO|Extreme Speed|p2a: Talonflame\n|-damage|p2a: Talonflame|71\/100\n|move|p2a: Talonflame|Brave Bird|p1a: 1st Gen DOGO\n|-damage|p1a: 1st Gen DOGO|0 fnt\n|faint|p1a: 1st Gen DOGO\n|-damage|p2a: Talonflame|70\/100|[from] Recoil\n|move|p1b: Flutter Mane|Dazzling Gleam|p2a: Talonflame|[spread] p2a,p2b\n|-resisted|p2a: Talonflame\n|-crit|p2b: Iron Hands\n|-damage|p2a: Talonflame|40\/100\n|-damage|p2b: Iron Hands|9\/100\n|move|p2b: Iron Hands|Heavy Slam|p1b: Flutter Mane\n|-supereffective|p1b: Flutter Mane\n|-damage|p1b: Flutter Mane|0 fnt\n|faint|p1b: Flutter Mane\n|-end|p1b: Flutter Mane|Protosynthesis|[silent]\n|\n|upkeep\n|l| bombastic side eye\n|\n|t:|1682637289\n|switch|p1b: Best|Ting-Lu, L50|100\/100\n|-ability|p1b: Best|Vessel of Ruin\n|turn|6\n|\n|t:|1682637294\n|move|p2a: Talonflame|Will-O-Wisp|p1b: Best\n|-status|p1b: Best|brn\n|move|p2b: Iron Hands|Drain Punch|p1b: Best\n|-supereffective|p1b: Best\n|-damage|p1b: Best|55\/100 brn\n|-heal|p2b: Iron Hands|35\/100|[from] drain|[of] p1b: Best\n|move|p1b: Best|Rock Slide|p2b: Iron Hands|[spread] p2a,p2b\n|-supereffective|p2a: Talonflame\n|-damage|p2a: Talonflame|0 fnt\n|-damage|p2b: Iron Hands|29\/100\n|faint|p2a: Talonflame\n|\n|-heal|p1b: Best|61\/100 brn|[from] item: Leftovers\n|-damage|p1b: Best|55\/100 brn|[from] brn\n|upkeep\n|\n|t:|1682637297\n|switch|p2a: Gholdengo|Gholdengo, L50|100\/100\n|turn|7\n|\n|t:|1682637302\n|move|p2a: Gholdengo|Make It Rain|p1b: Best\n|-damage|p1b: Best|0 fnt\n|-unboost|p2a: Gholdengo|spa|1\n|faint|p1b: Best\n|\n|win|yotamVGC\n|n|\u2606DaGreedent+|dagreedent\n|n|\u2606yotamVGC|yotamvgc\n","uploadtime":1682637306,"views":6,"p1id":"dagreedent","p2id":"yotamvgc","formatid":"gen9vgc2023regulationc","rating":0,"private":0,"password":""}