{"id":"gen9vgc2023regulationc-1858610935","p1":"Gill x Mayhem","p2":"Dragonite1016","format":"[Gen 9] VGC 2023 Regulation C","log":"|j|\u2606Gill x Mayhem\n|j|\u2606Dragonite1016\n|t:|1683331982\n|gametype|doubles\n|player|p1|Gill x Mayhem|101|1323\n|player|p2|Dragonite1016|red|1396\n|teamsize|p1|6\n|teamsize|p2|6\n|gen|9\n|tier|[Gen 9] VGC 2023 Regulation C\n|rated|\n|rule|Species Clause: Limit one of each Pok\u00e9mon\n|rule|Item Clause: Limit one of each item\n|clearpoke\n|poke|p1|Chien-Pao, L50|\n|poke|p1|Dragonite, L50, M|\n|poke|p1|Annihilape, L50, M|\n|poke|p1|Iron Hands, L50|\n|poke|p1|Maushold-Four, L50|\n|poke|p1|Scizor, L50, M|\n|poke|p2|Orthworm, L50, M|\n|poke|p2|Ting-Lu, L50|\n|poke|p2|Dragonite, L50, F|\n|poke|p2|Vivillon, L50, M|\n|poke|p2|Flutter Mane, L50|\n|poke|p2|Scream Tail, L50|\n|teampreview|4\n|inactive|Battle timer is ON: inactive players will automatically lose when time's up. (requested by Gill x Mayhem)\n|\n|t:|1683332008\n|start\n|switch|p1a: Chien-Pao|Chien-Pao, L50|100\/100\n|switch|p1b: Dragonite|Dragonite, L50, M|100\/100\n|switch|p2a: Orthworm|Orthworm, L50, M|100\/100\n|switch|p2b: Scream Tail|Scream Tail, L50|100\/100\n|-ability|p1a: Chien-Pao|Sword of Ruin\n|-enditem|p2b: Scream Tail|Booster Energy\n|-activate|p2b: Scream Tail|ability: Protosynthesis|[fromitem]\n|-start|p2b: Scream Tail|protosynthesisspe\n|turn|1\n|\n|t:|1683332030\n|-terastallize|p1b: Dragonite|Normal\n|move|p1b: Dragonite|Extreme Speed|p2b: Scream Tail\n|-damage|p2b: Scream Tail|30\/100\n|move|p2b: Scream Tail|Psychic Fangs|p1b: Dragonite\n|-damage|p1b: Dragonite|72\/100\n|move|p1a: Chien-Pao|Ice Spinner|p2b: Scream Tail\n|-damage|p2b: Scream Tail|0 fnt\n|faint|p2b: Scream Tail\n|-end|p2b: Scream Tail|Protosynthesis|[silent]\n|move|p2a: Orthworm|Shed Tail|p2a: Orthworm\n|-start|p2a: Orthworm|Substitute|[from] move: Shed Tail\n|-damage|p2a: Orthworm|50\/100\n|-enditem|p2a: Orthworm|Sitrus Berry|[eat]\n|-heal|p2a: Orthworm|75\/100|[from] item: Sitrus Berry\n|\n|t:|1683332038\n|switch|p2a: Dragonite|Dragonite, L50, F|100\/100|[from] Shed Tail\n|\n|upkeep\n|inactive|Dragonite1016 has 30 seconds left.\n|\n|t:|1683332070\n|switch|p2b: Flutter Mane|Flutter Mane, L50|100\/100\n|turn|2\n|\n|t:|1683332077\n|move|p2a: Dragonite|Protect|p2a: Dragonite\n|-singleturn|p2a: Dragonite|Protect\n|move|p1b: Dragonite|Extreme Speed|p2a: Dragonite\n|-activate|p2a: Dragonite|move: Protect\n|move|p1a: Chien-Pao|Ice Spinner|p2a: Dragonite\n|-activate|p2a: Dragonite|move: Protect\n|move|p2b: Flutter Mane|Dazzling Gleam|p1b: Dragonite|[spread] p1a,p1b\n|-supereffective|p1a: Chien-Pao\n|-enditem|p1a: Chien-Pao|Focus Sash\n|-damage|p1a: Chien-Pao|1\/100\n|-damage|p1b: Dragonite|22\/100\n|\n|upkeep\n|turn|3\n|inactive|Dragonite1016 has 30 seconds left.\n|\n|t:|1683332109\n|-terastallize|p2a: Dragonite|Normal\n|move|p1b: Dragonite|Extreme Speed|p2a: Dragonite\n|-crit|p2a: Dragonite\n|-end|p2a: Dragonite|Substitute\n|move|p1a: Chien-Pao|Ice Spinner|p2b: Flutter Mane\n|-damage|p2b: Flutter Mane|0 fnt\n|faint|p2b: Flutter Mane\n|-end|p2b: Flutter Mane|Protosynthesis|[silent]\n|move|p2a: Dragonite|Dragon Dance|p2a: Dragonite\n|-boost|p2a: Dragonite|atk|1\n|-boost|p2a: Dragonite|spe|1\n|\n|upkeep\n|\n|t:|1683332115\n|switch|p2b: Orthworm|Orthworm, L50, M|75\/100\n|turn|4\n|\n|t:|1683332133\n|move|p2a: Dragonite|Extreme Speed|p1a: Chien-Pao\n|-damage|p1a: Chien-Pao|0 fnt\n|faint|p1a: Chien-Pao\n|move|p1b: Dragonite|Extreme Speed|p2a: Dragonite\n|-damage|p2a: Dragonite|68\/100\n|move|p2b: Orthworm|Body Press|p1b: Dragonite\n|-supereffective|p1b: Dragonite\n|-damage|p1b: Dragonite|0 fnt\n|faint|p1b: Dragonite\n|\n|upkeep\n|\n|t:|1683332140\n|switch|p1a: Scizor|Scizor, L50, M|100\/100\n|switch|p1b: Iron Hands|Iron Hands, L50|100\/100\n|-enditem|p1b: Iron Hands|Booster Energy\n|-activate|p1b: Iron Hands|ability: Quark Drive|[fromitem]\n|-start|p1b: Iron Hands|quarkdriveatk\n|turn|5\n|\n|t:|1683332150\n|move|p2a: Dragonite|Protect|p2a: Dragonite\n|-singleturn|p2a: Dragonite|Protect\n|move|p2b: Orthworm|Protect|p2b: Orthworm\n|-singleturn|p2b: Orthworm|Protect\n|move|p1a: Scizor|Feint|p2a: Dragonite\n|-activate|p2a: Dragonite|move: Feint\n|-damage|p2a: Dragonite|54\/100\n|move|p1b: Iron Hands|Drain Punch|p2a: Dragonite\n|-supereffective|p2a: Dragonite\n|-damage|p2a: Dragonite|0 fnt\n|faint|p2a: Dragonite\n|\n|upkeep\n|turn|6\n|-message|Dragonite1016 forfeited.\n|\n|win|Gill x Mayhem\n|raw|Gill x Mayhem's rating: 1323 → 1347<\/strong> (+24 for winning)\n|raw|Dragonite1016's rating: 1396 → 1372<\/strong> (-24 for losing)\n|l|\u2606Dragonite1016\n|l|\u2606Gill x Mayhem\n|j|\u2606Gill x Mayhem\n|player|p1|Gill x Mayhem|101\n","uploadtime":1683332188,"views":9,"p1id":"gillxmayhem","p2id":"dragonite1016","formatid":"gen9vgc2023regulationc","rating":1347,"private":0,"password":""}