{"id":"gen9vgc2023regulationc-1851875682","p1":"AAAlelele","p2":"nextgene","format":"[Gen 9] VGC 2023 Regulation C","log":"|j|\u2606AAAlelele\n|j|\u2606nextgene\n|t:|1682499026\n|gametype|doubles\n|player|p1|AAAlelele|ninjaboy|1152\n|player|p2|nextgene|265|1149\n|teamsize|p1|6\n|teamsize|p2|6\n|gen|9\n|tier|[Gen 9] VGC 2023 Regulation C\n|rated|\n|rule|Species Clause: Limit one of each Pok\u00e9mon\n|rule|Item Clause: Limit one of each item\n|clearpoke\n|poke|p1|Great Tusk, L50|\n|poke|p1|Scream Tail, L50|\n|poke|p1|Dragonite, L50, M|\n|poke|p1|Chien-Pao, L50|\n|poke|p1|Corviknight, L50, F|\n|poke|p1|Rotom-Wash, L50|\n|poke|p2|Palafin, L50, M|\n|poke|p2|Ting-Lu, L50|\n|poke|p2|Arcanine, L50, F|\n|poke|p2|Flutter Mane, L50|\n|poke|p2|Iron Hands, L50|\n|poke|p2|Frosmoth, L50, F|\n|teampreview|4\n|inactive|Battle timer is ON: inactive players will automatically lose when time's up. (requested by nextgene)\n|\n|t:|1682499049\n|start\n|switch|p1a: Scream Tail|Scream Tail, L50|100\/100\n|switch|p1b: Corviknight|Corviknight, L50, F, shiny|100\/100\n|switch|p2a: Iron Hands|Iron Hands, L50|100\/100\n|switch|p2b: Palafin|Palafin, L50, M|100\/100\n|-enditem|p1a: Scream Tail|Booster Energy\n|-activate|p1a: Scream Tail|ability: Protosynthesis|[fromitem]\n|-start|p1a: Scream Tail|protosynthesisspe\n|turn|1\n|\n|t:|1682499069\n|-terastallize|p1b: Corviknight|Fire\n|move|p2a: Iron Hands|Fake Out|p1a: Scream Tail\n|-damage|p1a: Scream Tail|89\/100\n|cant|p1a: Scream Tail|flinch\n|move|p2b: Palafin|Flip Turn|p1a: Scream Tail\n|-damage|p1a: Scream Tail|73\/100\n|\n|t:|1682499073\n|detailschange|p2b: Palafin|Palafin-Hero, L50, M\n|switch|p2b: Arcanine|Arcanine, L50, F|100\/100|[from] Flip Turn\n|-ability|p2b: Arcanine|Intimidate|boost\n|-unboost|p1a: Scream Tail|atk|1\n|-ability|p1b: Corviknight|Mirror Armor\n|-unboost|p2b: Arcanine|atk|1\n|move|p1b: Corviknight|Bulk Up|p1b: Corviknight\n|-boost|p1b: Corviknight|atk|1\n|-boost|p1b: Corviknight|def|1\n|\n|upkeep\n|turn|2\n|inactive|AAAlelele has 30 seconds left.\n|inactive|nextgene has 30 seconds left.\n|\n|t:|1682499101\n|switch|p2b: Palafin|Palafin-Hero, L50, M|100\/100\n|-activate|p2b: Palafin|ability: Zero to Hero\n|move|p1a: Scream Tail|Howl|p1a: Scream Tail|[spread] p1a,p1b\n|-boost|p1a: Scream Tail|atk|1\n|-boost|p1b: Corviknight|atk|1\n|move|p1b: Corviknight|Brave Bird|p2a: Iron Hands\n|-damage|p2a: Iron Hands|53\/100\n|-damage|p1b: Corviknight|83\/100|[from] Recoil\n|move|p2a: Iron Hands|Heavy Slam|p1a: Scream Tail\n|-supereffective|p1a: Scream Tail\n|-damage|p1a: Scream Tail|11\/100\n|\n|upkeep\n|turn|3\n|inactive|nextgene has 30 seconds left.\n|\n|t:|1682499127\n|switch|p1b: Rotom|Rotom-Wash, L50|100\/100\n|-terastallize|p2b: Palafin|Water\n|move|p1a: Scream Tail|Disable||[still]\n|-fail|p1a: Scream Tail\n|move|p2b: Palafin|Wave Crash|p1b: Rotom\n|-resisted|p1b: Rotom\n|-damage|p1b: Rotom|36\/100\n|-enditem|p1b: Rotom|Sitrus Berry|[eat]\n|-heal|p1b: Rotom|61\/100|[from] item: Sitrus Berry\n|-damage|p2b: Palafin|82\/100|[from] Recoil\n|move|p2a: Iron Hands|Heavy Slam|p1a: Scream Tail\n|-supereffective|p1a: Scream Tail\n|-damage|p1a: Scream Tail|0 fnt\n|faint|p1a: Scream Tail\n|-end|p1a: Scream Tail|Protosynthesis|[silent]\n|\n|upkeep\n|\n|t:|1682499138\n|switch|p1a: Dragonite|Dragonite, L50, M|100\/100\n|turn|4\n|\n|t:|1682499159\n|switch|p2b: Arcanine|Arcanine, L50, F|100\/100\n|-ability|p2b: Arcanine|Intimidate|boost\n|-unboost|p1a: Dragonite|atk|1\n|-unboost|p1b: Rotom|atk|1\n|move|p1a: Dragonite|Extreme Speed|p2b: Arcanine\n|-damage|p2b: Arcanine|79\/100\n|move|p1b: Rotom|Volt Switch|p2b: Arcanine\n|-damage|p2b: Arcanine|40\/100\n|-enditem|p2b: Arcanine|Sitrus Berry|[eat]\n|-heal|p2b: Arcanine|65\/100|[from] item: Sitrus Berry\n|\n|t:|1682499170\n|switch|p1b: Corviknight|Corviknight, L50, F, shiny, tera:Fire|83\/100|[from] Volt Switch\n|move|p2a: Iron Hands|Drain Punch|p1b: Corviknight\n|-damage|p1b: Corviknight|49\/100\n|-heal|p2a: Iron Hands|68\/100|[from] drain|[of] p1b: Corviknight\n|\n|upkeep\n|turn|5\n|\n|t:|1682499181\n|move|p1a: Dragonite|Extreme Speed|p2b: Arcanine\n|-damage|p2b: Arcanine|41\/100\n|move|p2b: Arcanine|Will-O-Wisp|p1a: Dragonite\n|-status|p1a: Dragonite|brn\n|-enditem|p1a: Dragonite|Lum Berry|[eat]\n|-curestatus|p1a: Dragonite|brn|[msg]\n|move|p1b: Corviknight|Brave Bird|p2b: Arcanine\n|-damage|p2b: Arcanine|0 fnt\n|faint|p2b: Arcanine\n|-damage|p1b: Corviknight|38\/100|[from] Recoil\n|move|p2a: Iron Hands|Drain Punch|p1b: Corviknight\n|-damage|p1b: Corviknight|0 fnt\n|-heal|p2a: Iron Hands|85\/100|[from] drain|[of] p1b: Corviknight\n|faint|p1b: Corviknight\n|\n|upkeep\n|\n|t:|1682499196\n|switch|p2b: Ting-Lu|Ting-Lu, L50|100\/100\n|switch|p1b: Rotom|Rotom-Wash, L50|61\/100\n|-ability|p2b: Ting-Lu|Vessel of Ruin\n|turn|6\n|\n|t:|1682499206\n|move|p1b: Rotom|Hydro Pump|p2b: Ting-Lu\n|-supereffective|p2b: Ting-Lu\n|-damage|p2b: Ting-Lu|47\/100\n|move|p1a: Dragonite|Ice Spinner|p2b: Ting-Lu\n|-supereffective|p2b: Ting-Lu\n|-damage|p2b: Ting-Lu|24\/100\n|move|p2a: Iron Hands|Drain Punch|p1b: Rotom\n|-damage|p1b: Rotom|15\/100\n|-heal|p2a: Iron Hands|100\/100|[from] drain|[of] p1b: Rotom\n|move|p2b: Ting-Lu|Ruination|p1a: Dragonite\n|-damage|p1a: Dragonite|51\/100\n|\n|-heal|p2b: Ting-Lu|30\/100|[from] item: Leftovers\n|upkeep\n|turn|7\n|-message|AAAlelele forfeited.\n|\n|win|nextgene\n|raw|AAAlelele's rating: 1152 → 1127<\/strong> (-25 for losing)\n|raw|nextgene's rating: 1149 → 1174<\/strong> (+25 for winning)\n|l|\u2606nextgene\n|l|\u2606AAAlelele\n|j|\u2606AAAlelele\n|player|p1|AAAlelele|ninjaboy\n","uploadtime":1682499256,"views":13,"p1id":"aaalelele","p2id":"nextgene","formatid":"gen9vgc2023regulationc","rating":1127,"private":0,"password":""}