{"id":"gen9vgc2023regulationc-1848210809","p1":"theme23","p2":"Hygbut","format":"[Gen 9] VGC 2023 Regulation C","log":"|j|\u2606theme23\n|j|\u2606Hygbut\n|t:|1682042954\n|gametype|doubles\n|player|p1|theme23|giovanni|1000\n|player|p2|Hygbut|picnicker|1045\n|teamsize|p1|6\n|teamsize|p2|6\n|gen|9\n|tier|[Gen 9] VGC 2023 Regulation C\n|rated|\n|rule|Species Clause: Limit one of each Pok\u00e9mon\n|rule|Item Clause: Limit one of each item\n|clearpoke\n|poke|p1|Skeledirge, L50, M|\n|poke|p1|Tinkaton, L50, F|\n|poke|p1|Dragonite, L50, M|\n|poke|p1|Sylveon, L50, M|\n|poke|p1|Gholdengo, L50|\n|poke|p1|Iron Bundle, L50|\n|poke|p2|Flutter Mane, L50|\n|poke|p2|Amoonguss, L50, M|\n|poke|p2|Arcanine, L50, M|\n|poke|p2|Iron Hands, L50|\n|poke|p2|Iron Bundle, L50|\n|poke|p2|Garganacl, L50, F|\n|teampreview|4\ntheme23 rejected open team sheets.\n|\n|t:|1682043001\n|start\n|switch|p1a: Iron Bundle|Iron Bundle, L50, shiny|100\/100\n|switch|p1b: Gholdengo|Gholdengo, L50|100\/100\n|switch|p2a: Garganacl|Garganacl, L50, F|100\/100\n|switch|p2b: Iron Hands|Iron Hands, L50|100\/100\n|-enditem|p1a: Iron Bundle|Booster Energy\n|-activate|p1a: Iron Bundle|ability: Quark Drive|[fromitem]\n|-start|p1a: Iron Bundle|quarkdrivespe\n|turn|1\n|\n|t:|1682043040\n|move|p2b: Iron Hands|Protect|p2b: Iron Hands\n|-singleturn|p2b: Iron Hands|Protect\n|move|p1a: Iron Bundle|Hydro Pump|p2a: Garganacl|[miss]\n|-miss|p1a: Iron Bundle|p2a: Garganacl\n|move|p1b: Gholdengo|Shadow Ball|p2b: Iron Hands\n|-activate|p2b: Iron Hands|move: Protect\n|move|p2a: Garganacl|Salt Cure|p1a: Iron Bundle\n|-supereffective|p1a: Iron Bundle\n|-damage|p1a: Iron Bundle|64\/100\n|-start|p1a: Iron Bundle|Salt Cure\n|\n|-damage|p1a: Iron Bundle|39\/100|[from] Salt Cure\n|upkeep\n|turn|2\n|\n|t:|1682043066\n|move|p2a: Garganacl|Protect|p2a: Garganacl\n|-singleturn|p2a: Garganacl|Protect\n|move|p1a: Iron Bundle|Encore|p2b: Iron Hands\n|-start|p2b: Iron Hands|Encore\n|move|p1b: Gholdengo|Shadow Ball|p2a: Garganacl\n|-activate|p2a: Garganacl|move: Protect\n|move|p2b: Iron Hands|Protect||[still]\n|-fail|p2b: Iron Hands\n|\n|-damage|p1a: Iron Bundle|15\/100|[from] Salt Cure\n|upkeep\n|turn|3\n|\n|t:|1682043092\n|-end|p2b: Iron Hands|Quark Drive|[silent]\n|switch|p2b: Iron Bundle|Iron Bundle, L50|100\/100\n|-enditem|p2b: Iron Bundle|Booster Energy\n|-activate|p2b: Iron Bundle|ability: Quark Drive|[fromitem]\n|-start|p2b: Iron Bundle|quarkdrivespe\n|switch|p2a: Amoonguss|Amoonguss, L50, M|100\/100\n|move|p1a: Iron Bundle|Hydro Pump|p2a: Amoonguss\n|-resisted|p2a: Amoonguss\n|-damage|p2a: Amoonguss|79\/100\n|move|p1b: Gholdengo|Shadow Ball|p2a: Amoonguss\n|-damage|p2a: Amoonguss|45\/100\n|-unboost|p2a: Amoonguss|spd|1\n|\n|-damage|p1a: Iron Bundle|0 fnt|[from] Salt Cure\n|faint|p1a: Iron Bundle\n|-end|p1a: Iron Bundle|Quark Drive|[silent]\n|upkeep\n|\n|t:|1682043115\n|switch|p1a: Kulkulcan|Dragonite, L50, M|100\/100\n|turn|4\n|\n|t:|1682043140\n|-terastallize|p1a: Kulkulcan|Normal\n|move|p2a: Amoonguss|Protect|p2a: Amoonguss\n|-singleturn|p2a: Amoonguss|Protect\n|move|p2b: Iron Bundle|Freeze-Dry|p1a: Kulkulcan\n|-damage|p1a: Kulkulcan|60\/100\n|move|p1b: Gholdengo|Shadow Ball|p2a: Amoonguss\n|-activate|p2a: Amoonguss|move: Protect\n|move|p1a: Kulkulcan|Dragon Dance|p1a: Kulkulcan\n|-boost|p1a: Kulkulcan|atk|1\n|-boost|p1a: Kulkulcan|spe|1\n|\n|upkeep\n|turn|5\n|\n|t:|1682043174\n|switch|p2a: Garganacl|Garganacl, L50, F|100\/100\n|move|p2b: Iron Bundle|Freeze-Dry|p1a: Kulkulcan\n|-damage|p1a: Kulkulcan|24\/100\n|move|p1b: Gholdengo|Shadow Ball|p2a: Garganacl\n|-damage|p2a: Garganacl|83\/100\n|move|p1a: Kulkulcan|Dragon Dance|p1a: Kulkulcan\n|-boost|p1a: Kulkulcan|atk|1\n|-boost|p1a: Kulkulcan|spe|1\n|\n|-heal|p2a: Garganacl|89\/100|[from] item: Leftovers\n|upkeep\n|turn|6\n|\n|t:|1682043200\n|-terastallize|p2a: Garganacl|Ghost\n|move|p2b: Iron Bundle|Protect|p2b: Iron Bundle\n|-singleturn|p2b: Iron Bundle|Protect\n|move|p1a: Kulkulcan|Brick Break|p2a: Garganacl\n|-immune|p2a: Garganacl\n|move|p1b: Gholdengo|Shadow Ball|p2b: Iron Bundle\n|-activate|p2b: Iron Bundle|move: Protect\n|move|p2a: Garganacl|Salt Cure|p1a: Kulkulcan\n|-damage|p1a: Kulkulcan|7\/100\n|-start|p1a: Kulkulcan|Salt Cure\n|\n|-heal|p2a: Garganacl|95\/100|[from] item: Leftovers\n|-damage|p1a: Kulkulcan|0 fnt|[from] Salt Cure\n|faint|p1a: Kulkulcan\n|upkeep\n|-message|theme23 forfeited.\n|\n|win|Hygbut\n|raw|theme23's rating: 1000 → 1000<\/strong> (+0 for losing)\n|raw|Hygbut's rating: 1045 → 1074<\/strong> (+29 for winning)\n|l|\u2606theme23\n","uploadtime":1682043245,"views":14,"p1id":"theme23","p2id":"hygbut","formatid":"gen9vgc2023regulationc","rating":1000,"private":0,"password":""}