{"id":"gen9vgc2023regulationc-1860772647","p1":"Missed Ledgedash","p2":"DDyarados29","format":"[Gen 9] VGC 2023 Regulation C","log":"|j|\u203dMissed Ledgedash\n|j|\u2606DDyarados29\n|t:|1683676095\n|gametype|doubles\n|player|p1|Missed Ledgedash|juan-gen3|1368\n|player|p2|DDyarados29|wallace|1366\n|teamsize|p1|6\n|teamsize|p2|6\n|gen|9\n|tier|[Gen 9] VGC 2023 Regulation C\n|rated|\n|rule|Species Clause: Limit one of each Pok\u00e9mon\n|rule|Item Clause: Limit one of each item\n|clearpoke\n|poke|p1|Flutter Mane, L50|\n|poke|p1|Arcanine, L50, M|\n|poke|p1|Amoonguss, L50, M|\n|poke|p1|Palafin, L50, F|\n|poke|p1|Corviknight, L50, F|\n|poke|p1|Iron Hands, L50|\n|poke|p2|Scream Tail, L50|\n|poke|p2|Kingambit, L50, F|\n|poke|p2|Tyranitar, L50, F|\n|poke|p2|Lycanroc, L50, F|\n|poke|p2|Dragonite, L50, F|\n|poke|p2|Gholdengo, L50|\n|teampreview|4\nMissed Ledgedash has agreed to open team sheets.\nDDyarados29 has agreed to open team sheets.\n|inactive|Battle timer is ON: inactive players will automatically lose when time's up. (requested by DDyarados29)\n|c|\u2606DDyarados29|gl hf\n|inactive|DDyarados29 has 60 seconds left.\n|\n|t:|1683676145\n|start\n|switch|p1a: Palafin|Palafin, L50, F|100\/100\n|switch|p1b: Iron Hands|Iron Hands, L50|100\/100\n|switch|p2a: Scream Tail|Scream Tail, L50|100\/100\n|switch|p2b: Kingambit|Kingambit, L50, F|100\/100\n|-enditem|p2a: Scream Tail|Booster Energy\n|-activate|p2a: Scream Tail|ability: Protosynthesis|[fromitem]\n|-start|p2a: Scream Tail|protosynthesisspe\n|turn|1\n|\n|t:|1683676166\n|detailschange|p1a: Palafin|Palafin-Hero, L50, F\n|switch|p1a: Corviknight|Corviknight, L50, F|100\/100\n|move|p2a: Scream Tail|Howl|p2a: Scream Tail|[spread] p2a,p2b\n|-boost|p2a: Scream Tail|atk|1\n|-boost|p2b: Kingambit|atk|1\n|move|p2b: Kingambit|Swords Dance|p2b: Kingambit\n|-boost|p2b: Kingambit|atk|2\n|move|p1b: Iron Hands|Drain Punch|p2b: Kingambit\n|-supereffective|p2b: Kingambit\n|-damage|p2b: Kingambit|0 fnt\n|faint|p2b: Kingambit\n|\n|upkeep\n|\n|t:|1683676177\n|switch|p2b: Dragonite|Dragonite, L50, F|100\/100\n|turn|2\n|\n|t:|1683676192\n|move|p2a: Scream Tail|Howl|p2a: Scream Tail|[spread] p2a,p2b\n|-boost|p2a: Scream Tail|atk|1\n|-boost|p2b: Dragonite|atk|1\n|move|p2b: Dragonite|Aerial Ace|p1b: Iron Hands\n|-damage|p1b: Iron Hands|70\/100\n|move|p1a: Corviknight|Substitute|p1a: Corviknight\n|-start|p1a: Corviknight|Substitute\n|-damage|p1a: Corviknight|76\/100\n|move|p1b: Iron Hands|Heavy Slam|p2a: Scream Tail\n|-supereffective|p2a: Scream Tail\n|-damage|p2a: Scream Tail|31\/100\n|\n|-heal|p1a: Corviknight|82\/100|[from] item: Leftovers\n|upkeep\n|turn|3\n|\n|t:|1683676202\n|-terastallize|p2a: Scream Tail|Normal\n|move|p2a: Scream Tail|Encore|p1a: Corviknight\n|-start|p1a: Corviknight|Encore\n|move|p2b: Dragonite|Tailwind|p2b: Dragonite\n|-sidestart|p2: DDyarados29|move: Tailwind\n|move|p1a: Corviknight|Substitute|p1a: Corviknight\n|-fail|p1a: Corviknight|move: Substitute\n|move|p1b: Iron Hands|Heavy Slam|p2a: Scream Tail\n|-damage|p2a: Scream Tail|0 fnt\n|faint|p2a: Scream Tail\n|-end|p2a: Scream Tail|Protosynthesis|[silent]\n|\n|-heal|p1a: Corviknight|88\/100|[from] item: Leftovers\n|upkeep\n|\n|t:|1683676211\n|switch|p2a: Gholdengo|Gholdengo, L50|100\/100\n|turn|4\n|\n|t:|1683676219\n|move|p2a: Gholdengo|Nasty Plot|p2a: Gholdengo\n|-boost|p2a: Gholdengo|spa|2\n|move|p2b: Dragonite|Aerial Ace|p1b: Iron Hands\n|-damage|p1b: Iron Hands|36\/100\n|move|p1a: Corviknight|Substitute|p1a: Corviknight\n|-fail|p1a: Corviknight|move: Substitute\n|move|p1b: Iron Hands|Drain Punch|p2b: Dragonite\n|-resisted|p2b: Dragonite\n|-damage|p2b: Dragonite|90\/100\n|-heal|p1b: Iron Hands|40\/100|[from] drain|[of] p2b: Dragonite\n|\n|-heal|p1a: Corviknight|94\/100|[from] item: Leftovers\n|upkeep\n|turn|5\n|\n|t:|1683676236\n|move|p2a: Gholdengo|Make It Rain|p1b: Iron Hands|[spread] p1a,p1b\n|-resisted|p1a: Corviknight\n|-end|p1a: Corviknight|Substitute\n|-resisted|p1b: Iron Hands\n|-damage|p1b: Iron Hands|16\/100\n|-unboost|p2a: Gholdengo|spa|1\n|move|p2b: Dragonite|Aerial Ace|p1b: Iron Hands\n|-damage|p1b: Iron Hands|0 fnt\n|faint|p1b: Iron Hands\n|-end|p1b: Iron Hands|Quark Drive|[silent]\n|move|p1a: Corviknight|Substitute|p1a: Corviknight\n|-start|p1a: Corviknight|Substitute\n|-damage|p1a: Corviknight|69\/100\n|\n|-heal|p1a: Corviknight|75\/100|[from] item: Leftovers\n|-end|p1a: Corviknight|Encore\n|upkeep\n|\n|t:|1683676248\n|switch|p1b: Arcanine|Arcanine, L50, M|100\/100\n|-ability|p1b: Arcanine|Intimidate|boost\n|-unboost|p2a: Gholdengo|atk|1\n|-unboost|p2b: Dragonite|atk|1\n|turn|6\n|\n|t:|1683676259\n|move|p2a: Gholdengo|Shadow Ball|p1b: Arcanine\n|-damage|p1b: Arcanine|19\/100\n|move|p2b: Dragonite|Aerial Ace|p1b: Arcanine\n|-damage|p1b: Arcanine|0 fnt\n|faint|p1b: Arcanine\n|move|p1a: Corviknight|Bulk Up|p1a: Corviknight\n|-boost|p1a: Corviknight|atk|1\n|-boost|p1a: Corviknight|def|1\n|\n|-heal|p1a: Corviknight|81\/100|[from] item: Leftovers\n|-sideend|p2: DDyarados29|move: Tailwind\n|upkeep\n|\n|t:|1683676271\n|switch|p1b: Palafin|Palafin-Hero, L50, F|100\/100\n|-activate|p1b: Palafin|ability: Zero to Hero\n|turn|7\n|\n|t:|1683676285\n|-terastallize|p1b: Palafin|Water\n|move|p2a: Gholdengo|Protect|p2a: Gholdengo\n|-singleturn|p2a: Gholdengo|Protect\n|move|p1b: Palafin|Jet Punch|p2a: Gholdengo\n|-activate|p2a: Gholdengo|move: Protect\n|move|p2b: Dragonite|Tailwind|p2b: Dragonite\n|-sidestart|p2: DDyarados29|move: Tailwind\n|move|p1a: Corviknight|Brave Bird|p2b: Dragonite\n|-damage|p2b: Dragonite|18\/100\n|-damage|p1a: Corviknight|57\/100|[from] Recoil\n|\n|-heal|p1a: Corviknight|63\/100|[from] item: Leftovers\n|upkeep\n|turn|8\n|\n|t:|1683676303\n|move|p2b: Dragonite|Extreme Speed|p1b: Palafin\n|-damage|p1b: Palafin|75\/100\n|move|p1b: Palafin|Jet Punch|p2a: Gholdengo\n|-damage|p2a: Gholdengo|41\/100\n|move|p2a: Gholdengo|Shadow Ball|p1b: Palafin\n|-damage|p1b: Palafin|15\/100\n|move|p1a: Corviknight|Brave Bird|p2a: Gholdengo\n|-resisted|p2a: Gholdengo\n|-damage|p2a: Gholdengo|5\/100\n|-damage|p1a: Corviknight|53\/100|[from] Recoil\n|\n|-heal|p2a: Gholdengo|11\/100|[from] item: Leftovers\n|-heal|p1a: Corviknight|59\/100|[from] item: Leftovers\n|upkeep\n|turn|9\n|inactive|DDyarados29 has 30 seconds left.\n|inactive|DDyarados29 has 20 seconds left.\n|inactive|DDyarados29 has 15 seconds left.\n|\n|t:|1683676344\n|move|p1b: Palafin|Protect|p1b: Palafin\n|-singleturn|p1b: Palafin|Protect\n|move|p2b: Dragonite|Extreme Speed|p1b: Palafin\n|-activate|p1b: Palafin|move: Protect\n|move|p2a: Gholdengo|Shadow Ball|p1a: Corviknight\n|-end|p1a: Corviknight|Substitute\n|move|p1a: Corviknight|Brave Bird|p2b: Dragonite\n|-damage|p2b: Dragonite|0 fnt\n|faint|p2b: Dragonite\n|-damage|p1a: Corviknight|53\/100|[from] Recoil\n|\n|-heal|p2a: Gholdengo|17\/100|[from] item: Leftovers\n|-heal|p1a: Corviknight|59\/100|[from] item: Leftovers\n|upkeep\n|turn|10\n|c|\u2606DDyarados29|gg\n|\n|t:|1683676361\n|move|p1b: Palafin|Jet Punch|p2a: Gholdengo\n|-damage|p2a: Gholdengo|0 fnt\n|faint|p2a: Gholdengo\n|\n|win|Missed Ledgedash\n|raw|Missed Ledgedash's rating: 1368 → 1388<\/strong> (+20 for winning)\n|raw|DDyarados29's rating: 1366 → 1346<\/strong> (-20 for losing)\n|n|\u2606Missed Ledgedash|missedledgedash\n|player|p1|Missed Ledgedash|juan-gen3\n|c|\u2606Missed Ledgedash|gg\n|l|\u2606Missed Ledgedash\n|player|p1|\n|j|\u2606Missed Ledgedash\n|player|p1|Missed Ledgedash|juan-gen3\n","uploadtime":1683676423,"views":15,"p1id":"missedledgedash","p2id":"ddyarados29","formatid":"gen9vgc2023regulationc","rating":1346,"private":0,"password":""}