{"id":"gen9vgc2023regulationc-1861666877","p1":"Arcacagne","p2":"Elcyms","format":"[Gen 9] VGC 2023 Regulation C","log":"|j|\u2606Arcacagne\n|j|\u2606Elcyms\n|t:|1683791025\n|gametype|doubles\n|player|p1|Arcacagne|266|1360\n|player|p2|Elcyms|cynthia|1310\n|teamsize|p1|6\n|teamsize|p2|6\n|gen|9\n|tier|[Gen 9] VGC 2023 Regulation C\n|rated|\n|rule|Species Clause: Limit one of each Pok\u00e9mon\n|rule|Item Clause: Limit one of each item\n|clearpoke\n|poke|p1|Chi-Yu, L50|\n|poke|p1|Flutter Mane, L50|\n|poke|p1|Amoonguss, L50, M|\n|poke|p1|Ting-Lu, L50|\n|poke|p1|Iron Hands, L50|\n|poke|p1|Gyarados, L50, M|\n|poke|p2|Azumarill, L50, M|\n|poke|p2|Chien-Pao, L50|\n|poke|p2|Scizor, L50, F|\n|poke|p2|Roaring Moon, L50|\n|poke|p2|Baxcalibur, L50, F|\n|poke|p2|Ting-Lu, L50|\n|teampreview|4\n|inactive|Battle timer is ON: inactive players will automatically lose when time's up. (requested by Arcacagne)\n|inactive|Elcyms has 60 seconds left.\n|\n|t:|1683791098\n|start\n|switch|p1a: Iron Hands|Iron Hands, L50|100\/100\n|switch|p1b: Amoonguss|Amoonguss, L50, M|100\/100\n|switch|p2a: Scizor|Scizor, L50, F|100\/100\n|switch|p2b: Azumarill|Azumarill, L50, M|100\/100\n|turn|1\n|\n|t:|1683791120\n|-terastallize|p2b: Azumarill|Grass\n|move|p1a: Iron Hands|Fake Out|p2a: Scizor\n|-resisted|p2a: Scizor\n|-damage|p2a: Scizor|93\/100\n|move|p2b: Azumarill|Play Rough|p1a: Iron Hands\n|-supereffective|p1a: Iron Hands\n|-crit|p1a: Iron Hands\n|-damage|p1a: Iron Hands|0 fnt\n|faint|p1a: Iron Hands\n|-end|p1a: Iron Hands|Quark Drive|[silent]\n|cant|p2a: Scizor|flinch\n|move|p1b: Amoonguss|Spore|p2b: Azumarill\n|-immune|p2b: Azumarill\n|\n|upkeep\n|\n|t:|1683791138\n|switch|p1a: Gyarados|Gyarados, L50, M|100\/100\n|-ability|p1a: Gyarados|Intimidate|boost\n|-unboost|p2a: Scizor|atk|1\n|-unboost|p2b: Azumarill|atk|1\n|turn|2\n|inactive|Elcyms has 30 seconds left.\n|\n|t:|1683791163\n|-terastallize|p1b: Amoonguss|Water\n|move|p1a: Gyarados|Thunder Wave|p2b: Azumarill\n|-status|p2b: Azumarill|par\n|move|p2a: Scizor|Swords Dance|p2a: Scizor\n|-boost|p2a: Scizor|atk|2\n|move|p1b: Amoonguss|Spore|p2a: Scizor\n|-activate|p2a: Scizor|item: Safety Goggles|Spore\n|move|p2b: Azumarill|Play Rough|p1a: Gyarados\n|-damage|p1a: Gyarados|53\/100\n|\n|upkeep\n|turn|3\n|\n|t:|1683791185\n|move|p2a: Scizor|Protect|p2a: Scizor\n|-singleturn|p2a: Scizor|Protect\n|move|p1a: Gyarados|Thunder Wave|p2a: Scizor\n|-activate|p2a: Scizor|move: Protect\n|move|p1b: Amoonguss|Pollen Puff|p1a: Gyarados\n|-heal|p1a: Gyarados|100\/100\n|cant|p2b: Azumarill|par\n|\n|upkeep\n|turn|4\n|inactive|Elcyms has 30 seconds left.\n|\n|t:|1683791216\n|move|p1a: Gyarados|Thunder Wave|p2a: Scizor\n|-status|p2a: Scizor|par\n|move|p1b: Amoonguss|Pollen Puff|p2b: Azumarill\n|-supereffective|p2b: Azumarill\n|-damage|p2b: Azumarill|57\/100 par\n|cant|p2b: Azumarill|par\n|move|p2a: Scizor|Pounce|p1b: Amoonguss\n|-damage|p1b: Amoonguss|43\/100\n|-unboost|p1b: Amoonguss|spe|1\n|-enditem|p1b: Amoonguss|Sitrus Berry|[eat]\n|-heal|p1b: Amoonguss|68\/100|[from] item: Sitrus Berry\n|\n|upkeep\n|turn|5\n|c|\u2606Arcacagne|Nice crit btw\n|inactive|Arcacagne has 30 seconds left.\n|\n|t:|1683791246\n|switch|p2b: Ting-Lu|Ting-Lu, L50|100\/100\n|-ability|p2b: Ting-Lu|Vessel of Ruin\n|switch|p1b: Flutter Mane|Flutter Mane, L50|100\/100\n|-enditem|p1b: Flutter Mane|Booster Energy\n|-activate|p1b: Flutter Mane|ability: Protosynthesis|[fromitem]\n|-start|p1b: Flutter Mane|protosynthesisspa\n|move|p1a: Gyarados|Waterfall|p2a: Scizor\n|-damage|p2a: Scizor|54\/100 par\n|move|p2a: Scizor|Pounce|p1a: Gyarados\n|-resisted|p1a: Gyarados\n|-damage|p1a: Gyarados|71\/100\n|-unboost|p1a: Gyarados|spe|1\n|\n|upkeep\n|turn|6\n|inactive|Elcyms has 30 seconds left.\n|inactive|Arcacagne has 30 seconds left.\n|\n|t:|1683791277\n|move|p1b: Flutter Mane|Protect|p1b: Flutter Mane\n|-singleturn|p1b: Flutter Mane|Protect\n|cant|p2a: Scizor|par\n|move|p2b: Ting-Lu|Heavy Slam|p1b: Flutter Mane\n|-activate|p1b: Flutter Mane|move: Protect\n|move|p1a: Gyarados|Waterfall|p2a: Scizor\n|-damage|p2a: Scizor|16\/100 par\n|\n|upkeep\n|turn|7\n|\n|t:|1683791294\n|-end|p1b: Flutter Mane|Protosynthesis|[silent]\n|switch|p1b: Amoonguss|Amoonguss, L50, M, tera:Water|100\/100\n|move|p2a: Scizor|Bullet Punch|p1b: Amoonguss\n|-resisted|p1b: Amoonguss\n|-damage|p1b: Amoonguss|78\/100\n|move|p2b: Ting-Lu|Heavy Slam|p1b: Amoonguss\n|-resisted|p1b: Amoonguss\n|-damage|p1b: Amoonguss|62\/100\n|move|p1a: Gyarados|Waterfall|p2a: Scizor\n|-damage|p2a: Scizor|0 fnt\n|faint|p2a: Scizor\n|\n|upkeep\n|-message|Elcyms forfeited.\n|\n|win|Arcacagne\n|raw|Arcacagne's rating: 1360 → 1377<\/strong> (+17 for winning)\n|raw|Elcyms's rating: 1310 → 1293<\/strong> (-17 for losing)\n|l|\u2606Elcyms\n","uploadtime":1683791312,"views":19,"p1id":"arcacagne","p2id":"elcyms","formatid":"gen9vgc2023regulationc","rating":1293,"private":0,"password":""}