{"id":"gen9vgc2023regulationc-1848730819","p1":"BlindMagneton","p2":"Chef Scoot","format":"[Gen 9] VGC 2023 Regulation C","log":"|j|\u2606BlindMagneton\n|j|\u2606Chef Scoot\n|t:|1682104788\n|gametype|doubles\n|player|p1|BlindMagneton|wattson|1332\n|player|p2|Chef Scoot|cress|1226\n|teamsize|p1|6\n|teamsize|p2|6\n|gen|9\n|tier|[Gen 9] VGC 2023 Regulation C\n|rated|\n|rule|Species Clause: Limit one of each Pok\u00e9mon\n|rule|Item Clause: Limit one of each item\n|clearpoke\n|poke|p1|Tinkaton, L50, F|\n|poke|p1|Wo-Chien, L50|\n|poke|p1|Ceruledge, L50, F|\n|poke|p1|Grimmsnarl, L50, M|\n|poke|p1|Chien-Pao, L50|\n|poke|p1|Dragapult, L50, M|\n|poke|p2|Tauros-Paldea-Blaze, L50, M|\n|poke|p2|Flutter Mane, L50|\n|poke|p2|Chien-Pao, L50|\n|poke|p2|Palafin, L50, F|\n|poke|p2|Corviknight, L50, F|\n|poke|p2|Great Tusk, L50|\n|teampreview|4\n|\n|t:|1682104862\n|start\n|switch|p1a: Ceruledge|Ceruledge, L50, F|100\/100\n|switch|p1b: Dragapult|Dragapult, L50, M|100\/100\n|switch|p2a: Tauros|Tauros-Paldea-Blaze, L50, M|100\/100\n|switch|p2b: Flutter Mane|Flutter Mane, L50|100\/100\n|-ability|p2a: Tauros|Intimidate|boost\n|-fail|p1a: Ceruledge|unboost|[from] item: Clear Amulet|[of] p1a: Ceruledge\n|-fail|p1b: Dragapult|unboost|[from] ability: Clear Body|[of] p1b: Dragapult\n|turn|1\n|\n|t:|1682104892\n|-terastallize|p2b: Flutter Mane|Fairy\n|move|p1a: Ceruledge|Shadow Sneak|p2b: Flutter Mane\n|-damage|p2b: Flutter Mane|56\/100\n|move|p1b: Dragapult|Phantom Force||[still]\n|-prepare|p1b: Dragapult|Phantom Force\n|move|p2b: Flutter Mane|Shadow Ball|p1a: Ceruledge\n|-supereffective|p1a: Ceruledge\n|-damage|p1a: Ceruledge|0 fnt\n|faint|p1a: Ceruledge\n|move|p2a: Tauros|Rock Slide|p1b: Dragapult|[miss]\n|-miss|p2a: Tauros|p1b: Dragapult\n|\n|upkeep\n|\n|t:|1682104905\n|switch|p1a: Grimmsnarl|Grimmsnarl, L50, M|100\/100\n|turn|2\n|\n|t:|1682104914\n|switch|p2a: Chien-Pao|Chien-Pao, L50|100\/100\n|-ability|p2a: Chien-Pao|Sword of Ruin\n|move|p1a: Grimmsnarl|Fake Out|p2a: Chien-Pao\n|-damage|p2a: Chien-Pao|80\/100\n|move|p1b: Dragapult|Phantom Force|p2b: Flutter Mane|[from]lockedmove\n|-damage|p2b: Flutter Mane|0 fnt\n|faint|p2b: Flutter Mane\n|-end|p2b: Flutter Mane|Protosynthesis|[silent]\n|\n|upkeep\n|\n|t:|1682104923\n|switch|p2b: Tauros|Tauros-Paldea-Blaze, L50, M|100\/100\n|-ability|p2b: Tauros|Intimidate|boost\n|-unboost|p1a: Grimmsnarl|atk|1\n|-fail|p1b: Dragapult|unboost|[from] ability: Clear Body|[of] p1b: Dragapult\n|turn|3\n|\n|t:|1682104941\n|-terastallize|p1b: Dragapult|Fairy\n|move|p1a: Grimmsnarl|Swagger|p2b: Tauros\n|-boost|p2b: Tauros|atk|2\n|-enditem|p1b: Dragapult|Mirror Herb\n|-boost|p1b: Dragapult|atk|2|[from] item: Mirror Herb\n|-start|p2b: Tauros|confusion\n|move|p1b: Dragapult|Acrobatics|p2b: Tauros\n|-supereffective|p2b: Tauros\n|-damage|p2b: Tauros|0 fnt\n|faint|p2b: Tauros\n|move|p2a: Chien-Pao|Ice Spinner|p1a: Grimmsnarl\n|-damage|p1a: Grimmsnarl|25\/100\n|\n|upkeep\n|\n|t:|1682104958\n|switch|p2b: Great Tusk|Great Tusk, L50|100\/100\n|turn|4\n|\n|t:|1682104976\n|move|p1b: Dragapult|Will-O-Wisp|p2b: Great Tusk|[miss]\n|-miss|p1b: Dragapult|p2b: Great Tusk\n|move|p2a: Chien-Pao|Ice Spinner|p1b: Dragapult\n|-damage|p1b: Dragapult|37\/100\n|move|p2b: Great Tusk|Headlong Rush|p1b: Dragapult\n|-damage|p1b: Dragapult|0 fnt\n|-unboost|p2b: Great Tusk|def|1\n|-unboost|p2b: Great Tusk|spd|1\n|faint|p1b: Dragapult\n|move|p1a: Grimmsnarl|Drain Punch|p2a: Chien-Pao\n|-supereffective|p2a: Chien-Pao\n|-damage|p2a: Chien-Pao|0 fnt\n|-heal|p1a: Grimmsnarl|61\/100|[from] drain|[of] p2a: Chien-Pao\n|faint|p2a: Chien-Pao\n|\n|upkeep\n|\n|t:|1682104989\n|switch|p1b: Tinkaton|Tinkaton, L50, F|100\/100\n|turn|5\n|\n|t:|1682104997\n|move|p1b: Tinkaton|Fake Out|p2b: Great Tusk\n|-damage|p2b: Great Tusk|91\/100\n|cant|p2b: Great Tusk|flinch\n|move|p1a: Grimmsnarl|Drain Punch|p2b: Great Tusk\n|-damage|p2b: Great Tusk|73\/100\n|-heal|p1a: Grimmsnarl|73\/100|[from] drain|[of] p2b: Great Tusk\n|\n|upkeep\n|turn|6\n|\n|t:|1682105009\n|move|p1b: Tinkaton|Baby-Doll Eyes|p2b: Great Tusk\n|-unboost|p2b: Great Tusk|atk|1\n|move|p2b: Great Tusk|Headlong Rush|p1b: Tinkaton\n|-supereffective|p1b: Tinkaton\n|-damage|p1b: Tinkaton|28\/100\n|-unboost|p2b: Great Tusk|def|1\n|-unboost|p2b: Great Tusk|spd|1\n|-enditem|p1b: Tinkaton|Sitrus Berry|[eat]\n|-heal|p1b: Tinkaton|53\/100|[from] item: Sitrus Berry\n|move|p1a: Grimmsnarl|Drain Punch|p2b: Great Tusk\n|-damage|p2b: Great Tusk|47\/100\n|-heal|p1a: Grimmsnarl|89\/100|[from] drain|[of] p2b: Great Tusk\n|\n|upkeep\n|turn|7\n|\n|t:|1682105024\n|move|p1b: Tinkaton|Baby-Doll Eyes|p2b: Great Tusk\n|-unboost|p2b: Great Tusk|atk|1\n|move|p2b: Great Tusk|Headlong Rush|p1b: Tinkaton\n|-supereffective|p1b: Tinkaton\n|-damage|p1b: Tinkaton|0 fnt\n|-unboost|p2b: Great Tusk|def|1\n|-unboost|p2b: Great Tusk|spd|1\n|faint|p1b: Tinkaton\n|move|p1a: Grimmsnarl|Drain Punch|p2b: Great Tusk\n|-damage|p2b: Great Tusk|16\/100\n|-heal|p1a: Grimmsnarl|100\/100|[from] drain|[of] p2b: Great Tusk\n|\n|upkeep\n|turn|8\n|\n|t:|1682105036\n|move|p2b: Great Tusk|Close Combat|p1a: Grimmsnarl\n|-damage|p1a: Grimmsnarl|57\/100\n|-unboost|p2b: Great Tusk|def|1\n|-unboost|p2b: Great Tusk|spd|1\n|move|p1a: Grimmsnarl|Drain Punch|p2b: Great Tusk\n|-crit|p2b: Great Tusk\n|-damage|p2b: Great Tusk|0 fnt\n|-heal|p1a: Grimmsnarl|66\/100|[from] drain|[of] p2b: Great Tusk\n|faint|p2b: Great Tusk\n|-end|p2b: Great Tusk|Protosynthesis|[silent]\n|\n|win|BlindMagneton\n|raw|BlindMagneton's rating: 1332 → 1346<\/strong> (+14 for winning)\n|raw|Chef Scoot's rating: 1226 → 1208<\/strong> (-18 for losing)\n|l|\u2606Chef Scoot\n","uploadtime":1682105063,"views":12,"p1id":"blindmagneton","p2id":"chefscoot","formatid":"gen9vgc2023regulationc","rating":1208,"private":0,"password":""}