{"id":"gen9vgc2023regulationc-1852272802","p1":"mugiwaraLux","p2":"DXL2004","format":"[Gen 9] VGC 2023 Regulation C","log":"|j|\u2606mugiwaraLux\n|j|\u2606DXL2004\n|t:|1682538876\n|gametype|doubles\n|player|p1|mugiwaraLux|265|1322\n|player|p2|DXL2004|265|1430\n|teamsize|p1|6\n|teamsize|p2|6\n|gen|9\n|tier|[Gen 9] VGC 2023 Regulation C\n|rated|\n|rule|Species Clause: Limit one of each Pok\u00e9mon\n|rule|Item Clause: Limit one of each item\n|clearpoke\n|poke|p1|Palafin, L50, M|\n|poke|p1|Amoonguss, L50, M|\n|poke|p1|Flutter Mane, L50|\n|poke|p1|Arcanine, L50, F|\n|poke|p1|Roaring Moon, L50|\n|poke|p1|Chien-Pao, L50|\n|poke|p2|Chi-Yu, L50|\n|poke|p2|Palafin, L50, F|\n|poke|p2|Chien-Pao, L50|\n|poke|p2|Murkrow, L50, M|\n|poke|p2|Raichu, L50, F|\n|poke|p2|Arcanine, L50, M|\n|teampreview|4\n|inactive|Battle timer is ON: inactive players will automatically lose when time's up. (requested by mugiwaraLux)\nmugiwaraLux has agreed to open team sheets.\nDXL2004 has agreed to open team sheets.\n|inactive|mugiwaraLux has 60 seconds left.\n|inactive|mugiwaraLux has 30 seconds left.\n|inactive|mugiwaraLux has 20 seconds left.\n|inactive|mugiwaraLux has 15 seconds left.\n|\n|t:|1682538952\n|start\n|switch|p1a: Chien-Pao|Chien-Pao, L50|100\/100\n|switch|p1b: Palafin|Palafin, L50, M|100\/100\n|switch|p2a: Murkrow|Murkrow, L50, M|100\/100\n|switch|p2b: Chi-Yu|Chi-Yu, L50|100\/100\n|-ability|p1a: Chien-Pao|Sword of Ruin\n|-ability|p2b: Chi-Yu|Beads of Ruin\n|turn|1\n|inactive|mugiwaraLux has 30 seconds left.\n|\n|t:|1682538980\n|-terastallize|p1b: Palafin|Water\n|move|p1b: Palafin|Jet Punch|p2b: Chi-Yu\n|-supereffective|p2b: Chi-Yu\n|-damage|p2b: Chi-Yu|0 fnt\n|faint|p2b: Chi-Yu\n|move|p2a: Murkrow|Tailwind|p2a: Murkrow\n|-sidestart|p2: DXL2004|move: Tailwind\n|move|p1a: Chien-Pao|Sacred Sword|p2a: Murkrow\n|-damage|p2a: Murkrow|55\/100\n|\n|upkeep\n|\n|t:|1682538986\n|switch|p2b: Arcanine|Arcanine, L50, M|100\/100\n|-ability|p2b: Arcanine|Intimidate|boost\n|-unboost|p1a: Chien-Pao|atk|1\n|-unboost|p1b: Palafin|atk|1\n|turn|2\n|\n|t:|1682539004\n|-terastallize|p2b: Arcanine|Grass\n|move|p1a: Chien-Pao|Protect|p1a: Chien-Pao\n|-singleturn|p1a: Chien-Pao|Protect\n|move|p1b: Palafin|Jet Punch|p2a: Murkrow\n|-damage|p2a: Murkrow|21\/100\n|move|p2b: Arcanine|Flare Blitz|p1a: Chien-Pao\n|-activate|p1a: Chien-Pao|move: Protect\n|move|p2a: Murkrow|Foul Play|p1a: Chien-Pao\n|-activate|p1a: Chien-Pao|move: Protect\n|\n|upkeep\n|turn|3\n|\n|t:|1682539015\n|switch|p1a: Roaring Moon|Roaring Moon, L50|100\/100\n|-enditem|p1a: Roaring Moon|Booster Energy\n|-activate|p1a: Roaring Moon|ability: Protosynthesis|[fromitem]\n|-start|p1a: Roaring Moon|protosynthesisatk\n|move|p1b: Palafin|Jet Punch|p2a: Murkrow\n|-damage|p2a: Murkrow|0 fnt\n|faint|p2a: Murkrow\n|move|p2b: Arcanine|Flare Blitz|p1a: Roaring Moon\n|-resisted|p1a: Roaring Moon\n|-damage|p1a: Roaring Moon|64\/100\n|-damage|p2b: Arcanine|89\/100|[from] Recoil\n|\n|upkeep\n|\n|t:|1682539019\n|switch|p2a: Chien-Pao|Chien-Pao, L50|100\/100\n|-ability|p2a: Chien-Pao|Sword of Ruin\n|turn|4\n|\n|t:|1682539026\n|move|p1a: Roaring Moon|Protect|p1a: Roaring Moon\n|-singleturn|p1a: Roaring Moon|Protect\n|move|p1b: Palafin|Protect|p1b: Palafin\n|-singleturn|p1b: Palafin|Protect\n|move|p2a: Chien-Pao|Throat Chop|p1b: Palafin\n|-activate|p1b: Palafin|move: Protect\n|move|p2b: Arcanine|Play Rough|p1a: Roaring Moon\n|-activate|p1a: Roaring Moon|move: Protect\n|\n|-sideend|p2: DXL2004|move: Tailwind\n|upkeep\n|turn|5\n|\n|t:|1682539044\n|detailschange|p1b: Palafin|Palafin-Hero, L50, M, tera:Water\n|switch|p1b: Chien-Pao|Chien-Pao, L50|100\/100\n|-ability|p1b: Chien-Pao|Sword of Ruin\n|move|p2a: Chien-Pao|Throat Chop|p1b: Chien-Pao\n|-resisted|p1b: Chien-Pao\n|-damage|p1b: Chien-Pao|58\/100\n|-start|p1b: Chien-Pao|Throat Chop|[silent]\n|move|p1a: Roaring Moon|Acrobatics|p2b: Arcanine\n|-supereffective|p2b: Arcanine\n|-damage|p2b: Arcanine|0 fnt\n|faint|p2b: Arcanine\n|\n|upkeep\n|turn|6\n|c|\u2606mugiwaraLux|gg\n|\n|t:|1682539055\n|move|p1b: Chien-Pao|Sacred Sword|p2a: Chien-Pao\n|-supereffective|p2a: Chien-Pao\n|-damage|p2a: Chien-Pao|0 fnt\n|faint|p2a: Chien-Pao\n|\n|win|mugiwaraLux\n|raw|mugiwaraLux's rating: 1322 → 1348<\/strong> (+26 for winning)\n|raw|DXL2004's rating: 1430 → 1404<\/strong> (-26 for losing)\n|l|\u2606DXL2004\n|c|\u2606mugiwaraLux|might wanna try protect\n","uploadtime":1682539066,"views":13,"p1id":"mugiwaralux","p2id":"dxl2004","formatid":"gen9vgc2023regulationc","rating":1348,"private":0,"password":""}