{"id":"gen9vgc2023regulationc-1854178194","p1":"PhillyDolph","p2":"haha u rage quit","format":"[Gen 9] VGC 2023 Regulation C","log":"|j|\u2606PhillyDolph\n|j|\u2606haha u rage quit\n|t:|1682780257\n|gametype|doubles\n|player|p1|PhillyDolph|steven|1375\n|player|p2|haha u rage quit|pokemaniac|1314\n|teamsize|p1|6\n|teamsize|p2|6\n|gen|9\n|tier|[Gen 9] VGC 2023 Regulation C\n|rated|\n|rule|Species Clause: Limit one of each Pok\u00e9mon\n|rule|Item Clause: Limit one of each item\n|clearpoke\n|poke|p1|Scizor, L50, F|\n|poke|p1|Iron Bundle, L50|\n|poke|p1|Gastrodon-East, L50, M|\n|poke|p1|Flutter Mane, L50|\n|poke|p1|Talonflame, L50, M|\n|poke|p1|Chi-Yu, L50|\n|poke|p2|Iron Bundle, L50|\n|poke|p2|Chi-Yu, L50|\n|poke|p2|Scizor, L50, M|\n|poke|p2|Flutter Mane, L50|\n|poke|p2|Great Tusk, L50|\n|poke|p2|Murkrow, L50, M|\n|teampreview|4\n|inactive|Battle timer is ON: inactive players will automatically lose when time's up. (requested by PhillyDolph)\n|inactive|PhillyDolph has 60 seconds left.\n|inactive|haha u rage quit has 60 seconds left.\n|inactive|PhillyDolph has 30 seconds left.\n|inactive|PhillyDolph has 20 seconds left.\n|inactive|PhillyDolph has 15 seconds left.\n|inactive|PhillyDolph has 10 seconds left.\n|inactive|PhillyDolph has 5 seconds left.\n|\n|t:|1682780346\n|start\n|switch|p1a: Talonflame|Talonflame, L50, M|100\/100\n|switch|p1b: Gastrodon|Gastrodon-East, L50, M|100\/100\n|switch|p2a: Murkrow|Murkrow, L50, M|100\/100\n|switch|p2b: Scizor|Scizor, L50, M, shiny|100\/100\n|turn|1\n|inactive|haha u rage quit has 30 seconds left.\n|inactive|haha u rage quit has 20 seconds left.\n|\n|t:|1682780382\n|-terastallize|p2b: Scizor|Water\n|move|p2a: Murkrow|Tailwind|p2a: Murkrow\n|-sidestart|p2: haha u rage quit|move: Tailwind\n|move|p2b: Scizor|Swords Dance|p2b: Scizor\n|-boost|p2b: Scizor|atk|2\n|move|p1a: Talonflame|Will-O-Wisp|p2b: Scizor\n|-status|p2b: Scizor|brn\n|move|p1b: Gastrodon|Muddy Water|p2a: Murkrow|[spread] \n|-miss|p1b: Gastrodon|p2a: Murkrow\n|-miss|p1b: Gastrodon|p2b: Scizor\n|\n|-damage|p2b: Scizor|94\/100 brn|[from] brn\n|upkeep\n|turn|2\n|\n|t:|1682780407\n|move|p1a: Talonflame|Tailwind|p1a: Talonflame\n|-sidestart|p1: PhillyDolph|move: Tailwind\n|move|p2a: Murkrow|Acrobatics|p1a: Talonflame\n|-damage|p1a: Talonflame|79\/100\n|-damage|p2a: Murkrow|84\/100|[from] item: Rocky Helmet|[of] p1a: Talonflame\n|move|p2b: Scizor|Swords Dance|p2b: Scizor\n|-boost|p2b: Scizor|atk|2\n|move|p1b: Gastrodon|Muddy Water|p2b: Scizor|[spread] p2a,p2b\n|-resisted|p2b: Scizor\n|-damage|p2a: Murkrow|28\/100\n|-damage|p2b: Scizor|81\/100 brn\n|-unboost|p2a: Murkrow|accuracy|1\n|\n|-damage|p2b: Scizor|75\/100 brn|[from] brn\n|upkeep\n|turn|3\n|inactive|PhillyDolph has 30 seconds left.\n|inactive|haha u rage quit has 30 seconds left.\n|\n|t:|1682780439\n|move|p1a: Talonflame|Taunt|p2b: Scizor\n|-start|p2b: Scizor|move: Taunt\n|move|p2a: Murkrow|Acrobatics|p1b: Gastrodon\n|-damage|p1b: Gastrodon|74\/100\n|move|p2b: Scizor|X-Scissor|p1b: Gastrodon\n|-damage|p1b: Gastrodon|3\/100\n|-enditem|p1b: Gastrodon|Sitrus Berry|[eat]\n|-heal|p1b: Gastrodon|28\/100|[from] item: Sitrus Berry\n|move|p1b: Gastrodon|Muddy Water|p2b: Scizor|[spread] p2a,p2b\n|-resisted|p2b: Scizor\n|-damage|p2a: Murkrow|0 fnt\n|-damage|p2b: Scizor|63\/100 brn\n|faint|p2a: Murkrow\n|\n|-damage|p2b: Scizor|56\/100 brn|[from] brn\n|upkeep\n|\n|t:|1682780458\n|switch|p2a: Chi-Yu|Chi-Yu, L50|100\/100\n|-ability|p2a: Chi-Yu|Beads of Ruin\n|turn|4\n|\n|t:|1682780471\n|move|p1b: Gastrodon|Protect|p1b: Gastrodon\n|-singleturn|p1b: Gastrodon|Protect\n|move|p1a: Talonflame|Air Slash|p2a: Chi-Yu\n|-damage|p2a: Chi-Yu|82\/100\n|move|p2a: Chi-Yu|Dark Pulse|p1a: Talonflame\n|-damage|p1a: Talonflame|12\/100\n|move|p2b: Scizor|X-Scissor|p1b: Gastrodon\n|-activate|p1b: Gastrodon|move: Protect\n|\n|-heal|p2a: Chi-Yu|88\/100|[from] item: Leftovers\n|-damage|p2b: Scizor|50\/100 brn|[from] brn\n|-sideend|p2: haha u rage quit|move: Tailwind\n|upkeep\n|turn|5\n|inactive|haha u rage quit has 30 seconds left.\n|inactive|haha u rage quit has 20 seconds left.\n|inactive|haha u rage quit has 15 seconds left.\n|inactive|haha u rage quit has 10 seconds left.\n|\n|t:|1682780519\n|move|p2b: Scizor|Bullet Punch|p1a: Talonflame\n|-resisted|p1a: Talonflame\n|-damage|p1a: Talonflame|0 fnt\n|-damage|p2b: Scizor|34\/100 brn|[from] item: Rocky Helmet|[of] p1a: Talonflame\n|faint|p1a: Talonflame\n|move|p2a: Chi-Yu|Dark Pulse|p1b: Gastrodon\n|-damage|p1b: Gastrodon|0 fnt\n|faint|p1b: Gastrodon\n|\n|-heal|p2a: Chi-Yu|94\/100|[from] item: Leftovers\n|-damage|p2b: Scizor|28\/100 brn|[from] brn\n|-end|p2b: Scizor|move: Taunt\n|-sideend|p1: PhillyDolph|move: Tailwind\n|upkeep\n|\n|t:|1682780530\n|switch|p1a: Chi-Yu|Chi-Yu, L50|100\/100\n|switch|p1b: Iron Bundle|Iron Bundle, L50, shiny|100\/100\n|-ability|p1a: Chi-Yu|Beads of Ruin\n|-enditem|p1b: Iron Bundle|Booster Energy\n|-activate|p1b: Iron Bundle|ability: Quark Drive|[fromitem]\n|-start|p1b: Iron Bundle|quarkdrivespe\n|turn|6\n|inactive|PhillyDolph has 30 seconds left.\n|inactive|haha u rage quit has 30 seconds left.\n|inactive|haha u rage quit has 20 seconds left.\n|\n|t:|1682780569\n|-terastallize|p1a: Chi-Yu|Fire\n|move|p2a: Chi-Yu|Protect|p2a: Chi-Yu\n|-singleturn|p2a: Chi-Yu|Protect\n|move|p2b: Scizor|Bullet Punch|p1b: Iron Bundle\n|-damage|p1b: Iron Bundle|37\/100\n|move|p1b: Iron Bundle|Hydro Pump|p2a: Chi-Yu\n|-activate|p2a: Chi-Yu|move: Protect\n|move|p1a: Chi-Yu|Heat Wave|p2a: Chi-Yu|[spread] p2b\n|-activate|p2a: Chi-Yu|move: Protect\n|-resisted|p2b: Scizor\n|-damage|p2b: Scizor|0 fnt\n|faint|p2b: Scizor\n|\n|-heal|p2a: Chi-Yu|100\/100|[from] item: Leftovers\n|upkeep\n|\n|t:|1682780582\n|switch|p2b: Iron Bundle|Iron Bundle, L50, shiny|100\/100\n|-enditem|p2b: Iron Bundle|Booster Energy\n|-activate|p2b: Iron Bundle|ability: Quark Drive|[fromitem]\n|-start|p2b: Iron Bundle|quarkdrivespe\n|turn|7\n|\n|t:|1682780602\n|move|p1b: Iron Bundle|Hydro Pump|p2a: Chi-Yu\n|-supereffective|p2a: Chi-Yu\n|-damage|p2a: Chi-Yu|0 fnt\n|faint|p2a: Chi-Yu\n|move|p2b: Iron Bundle|Freeze-Dry|p1b: Iron Bundle\n|-damage|p1b: Iron Bundle|0 fnt\n|faint|p1b: Iron Bundle\n|-end|p1b: Iron Bundle|Quark Drive|[silent]\n|move|p1a: Chi-Yu|Heat Wave|p2b: Iron Bundle|[miss]\n|-miss|p1a: Chi-Yu|p2b: Iron Bundle\n|\n|upkeep\n|turn|8\n|c|\u2606PhillyDolph|lol\n|\n|t:|1682780620\n|move|p2b: Iron Bundle|Hydro Pump|p1a: Chi-Yu\n|-supereffective|p1a: Chi-Yu\n|-damage|p1a: Chi-Yu|0 fnt\n|faint|p1a: Chi-Yu\n|\n|win|haha u rage quit\n|raw|PhillyDolph's rating: 1375 → 1352<\/strong> (-23 for losing)\n|raw|haha u rage quit's rating: 1314 → 1337<\/strong> (+23 for winning)\n|l|\u2606PhillyDolph\n","uploadtime":1682780633,"views":19,"p1id":"phillydolph","p2id":"hahauragequit","formatid":"gen9vgc2023regulationc","rating":1337,"private":0,"password":""}