{"id":"gen9vgc2023regulationc-1847660360","p1":"solodasala","p2":"JohnMenard3511","format":"[Gen 9] VGC 2023 Regulation C","log":"|j|\u2606solodasala\n|j|\u2606JohnMenard3511\n|t:|1681989075\n|gametype|doubles\n|player|p1|solodasala|169|1314\n|player|p2|JohnMenard3511|1|1408\n|teamsize|p1|6\n|teamsize|p2|6\n|gen|9\n|tier|[Gen 9] VGC 2023 Regulation C\n|rated|\n|rule|Species Clause: Limit one of each Pok\u00e9mon\n|rule|Item Clause: Limit one of each item\n|clearpoke\n|poke|p1|Bronzong, L50|\n|poke|p1|Flutter Mane, L50|\n|poke|p1|Ting-Lu, L50|\n|poke|p1|Palafin, L50, M|\n|poke|p1|Brute Bonnet, L50|\n|poke|p1|Arcanine, L50, F|\n|poke|p2|Iron Bundle, L50|\n|poke|p2|Sandy Shocks, L50|\n|poke|p2|Espathra, L50, F|\n|poke|p2|Tyranitar, L50, M|\n|poke|p2|Lycanroc, L50, F|\n|poke|p2|Corviknight, L50, F|\n|teampreview|4\n|\n|t:|1681989105\n|start\n|switch|p1a: Bronzong|Bronzong, L50|100\/100\n|switch|p1b: Ting-Lu|Ting-Lu, L50|100\/100\n|switch|p2a: Espathra|Espathra, L50, F, shiny|100\/100\n|switch|p2b: Sandy Shocks|Sandy Shocks, L50, shiny|100\/100\n|-ability|p1b: Ting-Lu|Vessel of Ruin\n|-enditem|p2b: Sandy Shocks|Booster Energy\n|-activate|p2b: Sandy Shocks|ability: Protosynthesis|[fromitem]\n|-start|p2b: Sandy Shocks|protosynthesisspe\n|turn|1\n|j| FredtheBugCatcher\n|\n|t:|1681989123\n|-terastallize|p1b: Ting-Lu|Fire\n|move|p2b: Sandy Shocks|Gravity|p2b: Sandy Shocks\n|-fieldstart|move: Gravity\n|move|p2a: Espathra|Hypnosis|p1b: Ting-Lu\n|-status|p1b: Ting-Lu|slp|[from] move: Hypnosis\n|move|p1a: Bronzong|Bulldoze|p2a: Espathra|[spread] p1b,p2a,p2b\n|-supereffective|p1b: Ting-Lu\n|-supereffective|p2b: Sandy Shocks\n|-damage|p1b: Ting-Lu|92\/100 slp\n|-damage|p2a: Espathra|90\/100\n|-damage|p2b: Sandy Shocks|86\/100\n|-unboost|p1b: Ting-Lu|spe|1\n|-unboost|p2a: Espathra|spe|1\n|-unboost|p2b: Sandy Shocks|spe|1\n|-enditem|p1b: Ting-Lu|Weakness Policy\n|-boost|p1b: Ting-Lu|atk|2|[from] item: Weakness Policy\n|-boost|p1b: Ting-Lu|spa|2|[from] item: Weakness Policy\n|cant|p1b: Ting-Lu|slp\n|\n|-ability|p2a: Espathra|Speed Boost|boost\n|-boost|p2a: Espathra|spe|1\n|upkeep\n|turn|2\n|\n|t:|1681989172\n|cant|p1b: Ting-Lu|slp\n|move|p2a: Espathra|Hypnosis|p1a: Bronzong\n|-status|p1a: Bronzong|slp|[from] move: Hypnosis\n|move|p2b: Sandy Shocks|Earth Power|p1b: Ting-Lu\n|-supereffective|p1b: Ting-Lu\n|-damage|p1b: Ting-Lu|41\/100 slp\n|cant|p1a: Bronzong|slp\n|\n|-ability|p2a: Espathra|Speed Boost|boost\n|-boost|p2a: Espathra|spe|1\n|upkeep\n|turn|3\n|\n|t:|1681989192\n|cant|p1b: Ting-Lu|slp\n|move|p2a: Espathra|Lumina Crash|p1a: Bronzong\n|-resisted|p1a: Bronzong\n|-damage|p1a: Bronzong|96\/100 slp\n|-unboost|p1a: Bronzong|spd|2\n|move|p2b: Sandy Shocks|Earth Power|p1b: Ting-Lu\n|-supereffective|p1b: Ting-Lu\n|-damage|p1b: Ting-Lu|0 fnt\n|faint|p1b: Ting-Lu\n|cant|p1a: Bronzong|slp\n|\n|-heal|p1a: Bronzong|100\/100 slp|[from] item: Leftovers\n|-ability|p2a: Espathra|Speed Boost|boost\n|-boost|p2a: Espathra|spe|1\n|upkeep\n|\n|t:|1681989209\n|switch|p1b: Brute Bonnet|Brute Bonnet, L50|100\/100\n|turn|4\n|\n|t:|1681989221\n|move|p1b: Brute Bonnet|Sucker Punch||[still]\n|-fail|p1b: Brute Bonnet\n|move|p2a: Espathra|Hypnosis|p1b: Brute Bonnet\n|-status|p1b: Brute Bonnet|slp|[from] move: Hypnosis\n|move|p2b: Sandy Shocks|Earth Power|p1a: Bronzong\n|-supereffective|p1a: Bronzong\n|-damage|p1a: Bronzong|0 fnt\n|faint|p1a: Bronzong\n|\n|-ability|p2a: Espathra|Speed Boost|boost\n|-boost|p2a: Espathra|spe|1\n|upkeep\n|\n|t:|1681989234\n|switch|p1a: Flutter Mane|Flutter Mane, L50|100\/100\n|turn|5\n|\n|t:|1681989258\n|move|p2b: Sandy Shocks|Protect|p2b: Sandy Shocks\n|-singleturn|p2b: Sandy Shocks|Protect\n|cant|p1b: Brute Bonnet|slp\n|move|p2a: Espathra|Hypnosis|p1a: Flutter Mane\n|-status|p1a: Flutter Mane|slp|[from] move: Hypnosis\n|cant|p1a: Flutter Mane|slp\n|\n|-fieldend|move: Gravity\n|-ability|p2a: Espathra|Speed Boost|boost\n|-boost|p2a: Espathra|spe|1\n|upkeep\n|turn|6\n|\n|t:|1681989283\n|move|p2a: Espathra|Lumina Crash|p1a: Flutter Mane\n|-damage|p1a: Flutter Mane|70\/100 slp\n|-unboost|p1a: Flutter Mane|spd|2\n|cant|p1a: Flutter Mane|slp\n|move|p2b: Sandy Shocks|Gravity|p2b: Sandy Shocks\n|-fieldstart|move: Gravity\n|cant|p1b: Brute Bonnet|slp\n|\n|-ability|p2a: Espathra|Speed Boost|boost\n|-boost|p2a: Espathra|spe|1\n|upkeep\n|turn|7\n|\n|t:|1681989308\n|switch|p2a: Corviknight|Corviknight, L50, F, shiny|100\/100\n|-curestatus|p1a: Flutter Mane|slp|[msg]\n|move|p1a: Flutter Mane|Shadow Ball|p2a: Corviknight\n|-crit|p2a: Corviknight\n|-damage|p2a: Corviknight|50\/100\n|move|p2b: Sandy Shocks|Thunderbolt|p1a: Flutter Mane\n|-damage|p1a: Flutter Mane|0 fnt\n|faint|p1a: Flutter Mane\n|-end|p1a: Flutter Mane|Protosynthesis|[silent]\n|cant|p1b: Brute Bonnet|slp\n|\n|-heal|p2a: Corviknight|57\/100|[from] item: Leftovers\n|upkeep\n|turn|8\n|l| FredtheBugCatcher\n|-message|solodasala forfeited.\n|\n|win|JohnMenard3511\n|raw|solodasala's rating: 1314 → 1299<\/strong> (-15 for losing)\n|raw|JohnMenard3511's rating: 1408 → 1423<\/strong> (+15 for winning)\n|l|\u2606solodasala\n|l|\u2606JohnMenard3511\n|j|\u2606JohnMenard3511\n|player|p2|JohnMenard3511|1\n","uploadtime":1681989825,"views":13,"p1id":"solodasala","p2id":"johnmenard3511","formatid":"gen9vgc2023regulationc","rating":1299,"private":0,"password":""}