{"id":"gen9vgc2023regulationc-1855705996","p1":"SirTails12","p2":"KLooby","format":"[Gen 9] VGC 2023 Regulation C","log":"|j|\u2606SirTails12\n|j|\u2606KLooby\n|t:|1682975117\n|gametype|doubles\n|player|p1|SirTails12|ash|1094\n|player|p2|KLooby|2|1187\n|teamsize|p1|6\n|teamsize|p2|6\n|gen|9\n|tier|[Gen 9] VGC 2023 Regulation C\n|rated|\n|rule|Species Clause: Limit one of each Pok\u00e9mon\n|rule|Item Clause: Limit one of each item\n|clearpoke\n|poke|p1|Goodra, L50, F|\n|poke|p1|Palafin, L50, M|\n|poke|p1|Ting-Lu, L50|\n|poke|p1|Amoonguss, L50, F|\n|poke|p1|Arcanine, L50, M|\n|poke|p1|Flutter Mane, L50|\n|poke|p2|Ting-Lu, L50|\n|poke|p2|Wo-Chien, L50|\n|poke|p2|Glimmora, L50, F|\n|poke|p2|Garganacl, L50, M|\n|poke|p2|Arcanine, L50, F|\n|poke|p2|Amoonguss, L50, F|\n|teampreview|4\n|inactive|Battle timer is ON: inactive players will automatically lose when time's up. (requested by KLooby)\n|inactive|SirTails12 has 60 seconds left.\nKLooby rejected open team sheets.\n|\n|t:|1682975174\n|start\n|switch|p1a: Flutter Mane|Flutter Mane, L50|100\/100\n|switch|p1b: Palafin|Palafin, L50, M|100\/100\n|switch|p2a: Glimmora|Glimmora, L50, F|100\/100\n|switch|p2b: Wo-Chien|Wo-Chien, L50|100\/100\n|-ability|p2b: Wo-Chien|Tablets of Ruin\n|turn|1\n|\n|t:|1682975200\n|detailschange|p1b: Palafin|Palafin-Hero, L50, M\n|switch|p1b: Goodra|Goodra, L50, F, shiny|100\/100\n|move|p1a: Flutter Mane|Dazzling Gleam|p2a: Glimmora|[spread] p2a,p2b\n|-resisted|p2a: Glimmora\n|-supereffective|p2b: Wo-Chien\n|-damage|p2a: Glimmora|78\/100\n|-damage|p2b: Wo-Chien|57\/100\n|move|p2a: Glimmora|Mortal Spin|p1b: Goodra|[spread] p1a,p1b\n|-damage|p1a: Flutter Mane|94\/100\n|-damage|p1b: Goodra|96\/100\n|-status|p1a: Flutter Mane|psn\n|-status|p1b: Goodra|psn\n|move|p2b: Wo-Chien|Leech Seed|p1a: Flutter Mane\n|-start|p1a: Flutter Mane|move: Leech Seed\n|\n|-heal|p1b: Goodra|100\/100 psn|[from] item: Leftovers\n|-damage|p1a: Flutter Mane|81\/100 psn|[from] Leech Seed|[of] p2b: Wo-Chien\n|-heal|p2b: Wo-Chien|68\/100|[silent]\n|-damage|p1a: Flutter Mane|69\/100 psn|[from] psn\n|-damage|p1b: Goodra|88\/100 psn|[from] psn\n|upkeep\n|turn|2\n|inactive|SirTails12 has 30 seconds left.\n|inactive|KLooby has 30 seconds left.\n|\n|t:|1682975229\n|switch|p2a: Ting-Lu|Ting-Lu, L50|100\/100\n|-ability|p2a: Ting-Lu|Vessel of Ruin\n|move|p1a: Flutter Mane|Dazzling Gleam|p2a: Ting-Lu|[spread] p2a,p2b\n|-supereffective|p2a: Ting-Lu\n|-supereffective|p2b: Wo-Chien\n|-damage|p2a: Ting-Lu|73\/100\n|-damage|p2b: Wo-Chien|40\/100\n|move|p1b: Goodra|Muddy Water|p2a: Ting-Lu|[spread] p2b\n|-miss|p1b: Goodra|p2a: Ting-Lu\n|-resisted|p2b: Wo-Chien\n|-damage|p2b: Wo-Chien|35\/100\n|-unboost|p2b: Wo-Chien|accuracy|1\n|move|p2b: Wo-Chien|Giga Drain|p1a: Flutter Mane\n|-damage|p1a: Flutter Mane|50\/100 psn\n|-heal|p2b: Wo-Chien|44\/100|[from] drain|[of] p1a: Flutter Mane\n|\n|-heal|p1b: Goodra|94\/100 psn|[from] item: Leftovers\n|-damage|p1a: Flutter Mane|37\/100 psn|[from] Leech Seed|[of] p2b: Wo-Chien\n|-heal|p2b: Wo-Chien|55\/100|[silent]\n|-damage|p1a: Flutter Mane|25\/100 psn|[from] psn\n|-damage|p1b: Goodra|82\/100 psn|[from] psn\n|upkeep\n|turn|3\n|inactive|KLooby has 30 seconds left.\n|inactive|KLooby has 20 seconds left.\n|\n|t:|1682975270\n|-end|p1a: Flutter Mane|Protosynthesis|[silent]\n|switch|p1a: Amoonguss|Amoonguss, L50, F|100\/100\n|switch|p2b: Glimmora|Glimmora, L50, F|78\/100\n|-terastallize|p2a: Ting-Lu|Poison\n|move|p1b: Goodra|Flamethrower|p2b: Glimmora\n|-resisted|p2b: Glimmora\n|-damage|p2b: Glimmora|66\/100\n|move|p2a: Ting-Lu|Heavy Slam|p1a: Amoonguss\n|-damage|p1a: Amoonguss|69\/100\n|\n|-heal|p1b: Goodra|88\/100 psn|[from] item: Leftovers\n|-heal|p1a: Amoonguss|75\/100|[from] item: Black Sludge\n|-damage|p1b: Goodra|76\/100 psn|[from] psn\n|upkeep\n|turn|4\n|\n|t:|1682975291\n|move|p1b: Goodra|Protect|p1b: Goodra\n|-singleturn|p1b: Goodra|Protect\n|move|p2b: Glimmora|Power Gem|p1a: Amoonguss\n|-damage|p1a: Amoonguss|55\/100\n|move|p2a: Ting-Lu|Sand Tomb|p1a: Amoonguss\n|-damage|p1a: Amoonguss|41\/100\n|-activate|p1a: Amoonguss|move: Sand Tomb|[of] p2a: Ting-Lu\n|move|p1a: Amoonguss|Spore|p2a: Ting-Lu\n|-status|p2a: Ting-Lu|slp|[from] move: Spore\n|\n|-heal|p1b: Goodra|82\/100 psn|[from] item: Leftovers\n|-heal|p1a: Amoonguss|47\/100|[from] item: Black Sludge\n|-damage|p1b: Goodra|70\/100 psn|[from] psn\n|-damage|p1a: Amoonguss|35\/100|[from] move: Sand Tomb|[partiallytrapped]\n|upkeep\n|turn|5\n|\n|t:|1682975314\n|move|p2b: Glimmora|Power Gem|p1a: Amoonguss\n|-damage|p1a: Amoonguss|13\/100\n|move|p1b: Goodra|Muddy Water|p2a: Ting-Lu|[spread] p2a,p2b\n|-supereffective|p2b: Glimmora\n|-damage|p2a: Ting-Lu|65\/100 slp\n|-damage|p2b: Glimmora|27\/100\n|-unboost|p2b: Glimmora|accuracy|1\n|cant|p2a: Ting-Lu|slp\n|move|p1a: Amoonguss|Pollen Puff|p1b: Goodra\n|-heal|p1b: Goodra|100\/100 psn\n|\n|-heal|p1a: Amoonguss|19\/100|[from] item: Black Sludge\n|-damage|p1b: Goodra|88\/100 psn|[from] psn\n|-damage|p1a: Amoonguss|7\/100|[from] move: Sand Tomb|[partiallytrapped]\n|upkeep\n|turn|6\n|inactive|KLooby has 30 seconds left.\n|\n|t:|1682975341\n|move|p2b: Glimmora|Spiky Shield|p2b: Glimmora\n|-singleturn|p2b: Glimmora|move: Protect\n|move|p1a: Amoonguss|Protect|p1a: Amoonguss\n|-singleturn|p1a: Amoonguss|Protect\n|move|p1b: Goodra|Muddy Water|p2a: Ting-Lu|[spread] p2a\n|-activate|p2b: Glimmora|move: Protect\n|-crit|p2a: Ting-Lu\n|-damage|p2a: Ting-Lu|54\/100 slp\n|cant|p2a: Ting-Lu|slp\n|\n|-heal|p1b: Goodra|94\/100 psn|[from] item: Leftovers\n|-heal|p1a: Amoonguss|13\/100|[from] item: Black Sludge\n|-damage|p1b: Goodra|82\/100 psn|[from] psn\n|-damage|p1a: Amoonguss|0 fnt|[from] move: Sand Tomb|[partiallytrapped]\n|faint|p1a: Amoonguss\n|upkeep\n|\n|t:|1682975355\n|switch|p1a: Palafin|Palafin-Hero, L50, M|100\/100\n|-activate|p1a: Palafin|ability: Zero to Hero\n|turn|7\n|inactive|SirTails12 has 30 seconds left.\n|\n|t:|1682975380\n|move|p1b: Goodra|Protect|p1b: Goodra\n|-singleturn|p1b: Goodra|Protect\n|move|p1a: Palafin|Jet Punch|p2b: Glimmora\n|-supereffective|p2b: Glimmora\n|-damage|p2b: Glimmora|0 fnt\n|-activate|p2b: Glimmora|ability: Toxic Debris\n|-sidestart|p1: SirTails12|move: Toxic Spikes\n|faint|p2b: Glimmora\n|-curestatus|p2a: Ting-Lu|slp|[msg]\n|move|p2a: Ting-Lu|Sand Tomb|p1b: Goodra\n|-activate|p1b: Goodra|move: Protect\n|\n|-heal|p1b: Goodra|88\/100 psn|[from] item: Leftovers\n|-damage|p1b: Goodra|76\/100 psn|[from] psn\n|upkeep\n|\n|t:|1682975397\n|switch|p2b: Wo-Chien|Wo-Chien, L50|55\/100\n|-ability|p2b: Wo-Chien|Tablets of Ruin\n|turn|8\n|\n|t:|1682975416\n|switch|p2a: Garganacl|Garganacl, L50, M|100\/100\n|-terastallize|p1b: Goodra|Water\n|move|p1a: Palafin|Close Combat|p2b: Wo-Chien\n|-supereffective|p2b: Wo-Chien\n|-damage|p2b: Wo-Chien|0 fnt\n|-unboost|p1a: Palafin|def|1\n|-unboost|p1a: Palafin|spd|1\n|faint|p2b: Wo-Chien\n|move|p1b: Goodra|Flamethrower|p2a: Garganacl\n|-resisted|p2a: Garganacl\n|-damage|p2a: Garganacl|88\/100\n|\n|-heal|p1b: Goodra|82\/100 psn|[from] item: Leftovers\n|-heal|p2a: Garganacl|94\/100|[from] item: Leftovers\n|-damage|p1b: Goodra|70\/100 psn|[from] psn\n|upkeep\n|\n|t:|1682975430\n|switch|p2b: Ting-Lu|Ting-Lu, L50, tera:Poison|54\/100\n|-ability|p2b: Ting-Lu|Vessel of Ruin\n|turn|9\n|\n|t:|1682975454\n|move|p1b: Goodra|Protect|p1b: Goodra\n|-singleturn|p1b: Goodra|Protect\n|move|p1a: Palafin|Wave Crash|p2b: Ting-Lu\n|-damage|p2b: Ting-Lu|10\/100\n|-damage|p1a: Palafin|79\/100|[from] Recoil\n|move|p2b: Ting-Lu|Ruination|p1a: Palafin\n|-damage|p1a: Palafin|40\/100\n|move|p2a: Garganacl|Salt Cure|p1a: Palafin\n|-damage|p1a: Palafin|16\/100\n|-start|p1a: Palafin|Salt Cure\n|\n|-heal|p1b: Goodra|76\/100 psn|[from] item: Leftovers\n|-heal|p2a: Garganacl|99\/100|[from] item: Leftovers\n|-damage|p1b: Goodra|64\/100 psn|[from] psn\n|-damage|p1a: Palafin|0 fnt|[from] Salt Cure\n|faint|p1a: Palafin\n|upkeep\n|\n|t:|1682975459\n|switch|p1a: Flutter Mane|Flutter Mane, L50|25\/100 psn\n|turn|10\n|\n|t:|1682975482\n|move|p2a: Garganacl|Protect|p2a: Garganacl\n|-singleturn|p2a: Garganacl|Protect\n|move|p1a: Flutter Mane|Energy Ball|p2a: Garganacl\n|-activate|p2a: Garganacl|move: Protect\n|move|p1b: Goodra|Muddy Water|p2a: Garganacl|[spread] p2b\n|-activate|p2a: Garganacl|move: Protect\n|-damage|p2b: Ting-Lu|0 fnt\n|faint|p2b: Ting-Lu\n|\n|-heal|p1b: Goodra|70\/100 psn|[from] item: Leftovers\n|-heal|p2a: Garganacl|100\/100|[from] item: Leftovers\n|-damage|p1a: Flutter Mane|13\/100 psn|[from] psn\n|-damage|p1b: Goodra|58\/100 psn|[from] psn\n|upkeep\n|turn|11\n|\n|t:|1682975496\n|move|p1a: Flutter Mane|Energy Ball|p2a: Garganacl\n|-supereffective|p2a: Garganacl\n|-damage|p2a: Garganacl|37\/100\n|move|p1b: Goodra|Muddy Water|p2a: Garganacl\n|-supereffective|p2a: Garganacl\n|-damage|p2a: Garganacl|0 fnt\n|faint|p2a: Garganacl\n|\n|win|SirTails12\n|raw|SirTails12's rating: 1094 → 1127<\/strong> (+33 for winning)\n|raw|KLooby's rating: 1187 → 1155<\/strong> (-32 for losing)\n","uploadtime":1682975500,"views":11,"p1id":"sirtails12","p2id":"klooby","formatid":"gen9vgc2023regulationc","rating":1127,"private":0,"password":""}