{"id":"gen9vgc2023regulationc-1845015286","p1":"MarioOnPS4","p2":"Sailor98","format":"[Gen 9] VGC 2023 Regulation C","log":"|j|\u2606MarioOnPS4\n|j|\u2606Sailor98\n|t:|1681674233\n|gametype|doubles\n|player|p1|MarioOnPS4|cyrus|1353\n|player|p2|Sailor98|2|1292\n|teamsize|p1|6\n|teamsize|p2|6\n|gen|9\n|tier|[Gen 9] VGC 2023 Regulation C\n|rated|\n|rule|Species Clause: Limit one of each Pok\u00e9mon\n|rule|Item Clause: Limit one of each item\n|clearpoke\n|poke|p1|Orthworm, L50, M|\n|poke|p1|Iron Hands, L50|\n|poke|p1|Ting-Lu, L50|\n|poke|p1|Palafin, L50, M|\n|poke|p1|Arcanine, L50, F|\n|poke|p1|Amoonguss, L50, M|\n|poke|p2|Abomasnow, L50, F|\n|poke|p2|Dragonite, L50, M|\n|poke|p2|Arcanine, L50, F|\n|poke|p2|Baxcalibur, L50, F|\n|poke|p2|Iron Bundle, L50|\n|poke|p2|Palafin, L50, M|\n|teampreview|4\n|inactive|Battle timer is ON: inactive players will automatically lose when time's up. (requested by MarioOnPS4)\n|inactive|MarioOnPS4 has 60 seconds left.\n|inactive|Sailor98 has 60 seconds left.\n|inactive|MarioOnPS4 has 30 seconds left.\n|\n|t:|1681674298\n|start\n|switch|p1a: Orthworm|Orthworm, L50, M|100\/100\n|switch|p1b: Arcanine|Arcanine, L50, F|100\/100\n|switch|p2a: Dragonite|Dragonite, L50, M, shiny|100\/100\n|switch|p2b: Palafin|Palafin, L50, M|100\/100\n|-ability|p1b: Arcanine|Intimidate|boost\n|-fail|p2a: Dragonite|unboost|Attack|[from] ability: Inner Focus|[of] p2a: Dragonite\n|-unboost|p2b: Palafin|atk|1\n|turn|1\n|inactive|MarioOnPS4 has 30 seconds left.\n|inactive|Sailor98 has 30 seconds left.\n|\n|t:|1681674331\n|detailschange|p2b: Palafin|Palafin-Hero, L50, M\n|switch|p2b: Arcanine|Arcanine, L50, F|100\/100\n|-ability|p2b: Arcanine|Intimidate|boost\n|-unboost|p1a: Orthworm|atk|1\n|-unboost|p1b: Arcanine|atk|1\n|move|p1b: Arcanine|Will-O-Wisp|p2a: Dragonite\n|-status|p2a: Dragonite|brn\n|-enditem|p2a: Dragonite|Lum Berry|[eat]\n|-curestatus|p2a: Dragonite|brn|[msg]\n|move|p2a: Dragonite|Rock Slide|p1b: Arcanine|[spread] p1a,p1b\n|-resisted|p1a: Orthworm\n|-crit|p1a: Orthworm\n|-supereffective|p1b: Arcanine\n|-damage|p1a: Orthworm|89\/100\n|-damage|p1b: Arcanine|55\/100\n|move|p1a: Orthworm|Shed Tail|p1a: Orthworm\n|-start|p1a: Orthworm|Substitute|[from] move: Shed Tail\n|-damage|p1a: Orthworm|39\/100\n|-enditem|p1a: Orthworm|Sitrus Berry|[eat]\n|-heal|p1a: Orthworm|64\/100|[from] item: Sitrus Berry\n|inactive|MarioOnPS4 has 30 seconds left.\n|\n|t:|1681674361\n|switch|p1a: Ting-Lu|Ting-Lu, L50|100\/100|[from] Shed Tail\n|-ability|p1a: Ting-Lu|Vessel of Ruin\n|\n|upkeep\n|turn|2\n|inactive|MarioOnPS4 has 30 seconds left.\n|inactive|Sailor98 has 30 seconds left.\n|\n|t:|1681674389\n|switch|p2b: Palafin|Palafin-Hero, L50, M|100\/100\n|-activate|p2b: Palafin|ability: Zero to Hero\n|switch|p2a: Abomasnow|Abomasnow, L50, F|100\/100\n|-weather|Snow|[from] ability: Snow Warning|[of] p2a: Abomasnow\n|move|p1b: Arcanine|Will-O-Wisp|p2a: Abomasnow\n|-status|p2a: Abomasnow|brn\n|move|p1a: Ting-Lu|Ruination|p2b: Palafin\n|-damage|p2b: Palafin|51\/100\n|\n|-weather|Snow|[upkeep]\n|-damage|p2a: Abomasnow|94\/100 brn|[from] brn\n|upkeep\n|turn|3\n|inactive|MarioOnPS4 has 30 seconds left.\n|inactive|Sailor98 has 30 seconds left.\n|inactive|Sailor98 has 20 seconds left.\n|inactive|MarioOnPS4 has 20 seconds left.\n|inactive|Sailor98 has 15 seconds left.\n|inactive|Sailor98 has 10 seconds left.\n|\n|t:|1681674438\n|switch|p1b: Orthworm|Orthworm, L50, M|64\/100\n|move|p2b: Palafin|Jet Punch|p1b: Orthworm\n|-damage|p1b: Orthworm|33\/100\n|move|p2a: Abomasnow|Blizzard|p1a: Ting-Lu|[spread] p1a,p1b\n|-supereffective|p1a: Ting-Lu\n|-end|p1a: Ting-Lu|Substitute\n|-resisted|p1b: Orthworm\n|-damage|p1b: Orthworm|24\/100\n|move|p1a: Ting-Lu|Earthquake|p2b: Palafin|[spread] p2a,p2b\n|-heal|p1b: Orthworm|49\/100|[from] ability: Earth Eater|[of] p1a: Ting-Lu\n|-resisted|p2a: Abomasnow\n|-damage|p2a: Abomasnow|83\/100 brn\n|-damage|p2b: Palafin|18\/100\n|\n|-weather|Snow|[upkeep]\n|-heal|p2a: Abomasnow|89\/100 brn|[from] item: Leftovers\n|-damage|p2a: Abomasnow|83\/100 brn|[from] brn\n|upkeep\n|turn|4\n|inactive|MarioOnPS4 has 30 seconds left.\n|inactive|Sailor98 has 30 seconds left.\n|inactive|MarioOnPS4 has 20 seconds left.\n|inactive|MarioOnPS4 has 15 seconds left.\n|\n|t:|1681674482\n|switch|p2b: Dragonite|Dragonite, L50, M, shiny|100\/100\n|move|p1b: Orthworm|Heavy Slam|p2b: Dragonite\n|-damage|p2b: Dragonite|87\/100\n|move|p2a: Abomasnow|Leech Seed|p1b: Orthworm\n|-start|p1b: Orthworm|move: Leech Seed\n|move|p1a: Ting-Lu|Earthquake|p2b: Dragonite|[spread] p2a\n|-heal|p1b: Orthworm|74\/100|[from] ability: Earth Eater|[of] p1a: Ting-Lu\n|-immune|p2b: Dragonite\n|-resisted|p2a: Abomasnow\n|-damage|p2a: Abomasnow|71\/100 brn\n|\n|-weather|Snow|[upkeep]\n|-heal|p2a: Abomasnow|77\/100 brn|[from] item: Leftovers\n|-damage|p1b: Orthworm|61\/100|[from] Leech Seed|[of] p2a: Abomasnow\n|-heal|p2a: Abomasnow|89\/100 brn|[silent]\n|-damage|p2a: Abomasnow|82\/100 brn|[from] brn\n|upkeep\n|turn|5\n|inactive|MarioOnPS4 has 30 seconds left.\n|inactive|Sailor98 has 30 seconds left.\n|inactive|MarioOnPS4 has 20 seconds left.\n|inactive|MarioOnPS4 has 15 seconds left.\n|inactive|MarioOnPS4 has 10 seconds left.\n|inactive|MarioOnPS4 has 5 seconds left.\n|\n|t:|1681674537\n|move|p2b: Dragonite|Low Kick|p1a: Ting-Lu\n|-supereffective|p1a: Ting-Lu\n|-damage|p1a: Ting-Lu|53\/100\n|move|p1b: Orthworm|Heavy Slam|p2b: Dragonite\n|-damage|p2b: Dragonite|73\/100\n|move|p2a: Abomasnow|Leech Seed|p1a: Ting-Lu\n|-start|p1a: Ting-Lu|move: Leech Seed\n|move|p1a: Ting-Lu|Throat Chop|p2a: Abomasnow\n|-damage|p2a: Abomasnow|58\/100 brn\n|-start|p2a: Abomasnow|Throat Chop|[silent]\n|\n|-weather|Snow|[upkeep]\n|-heal|p2a: Abomasnow|65\/100 brn|[from] item: Leftovers\n|-damage|p1b: Orthworm|49\/100|[from] Leech Seed|[of] p2a: Abomasnow\n|-heal|p2a: Abomasnow|76\/100 brn|[silent]\n|-damage|p1a: Ting-Lu|41\/100|[from] Leech Seed|[of] p2a: Abomasnow\n|-heal|p2a: Abomasnow|93\/100 brn|[silent]\n|-damage|p2a: Abomasnow|86\/100 brn|[from] brn\n|upkeep\n|turn|6\n|inactive|MarioOnPS4 has 30 seconds left.\n|inactive|Sailor98 has 30 seconds left.\n|inactive|MarioOnPS4 has 20 seconds left.\n|\n|t:|1681674575\n|move|p2b: Dragonite|Low Kick|p1b: Orthworm\n|-supereffective|p1b: Orthworm\n|-damage|p1b: Orthworm|0 fnt\n|faint|p1b: Orthworm\n|move|p2a: Abomasnow|Blizzard|p1a: Ting-Lu\n|-supereffective|p1a: Ting-Lu\n|-damage|p1a: Ting-Lu|13\/100\n|move|p1a: Ting-Lu|Ruination|p2b: Dragonite\n|-damage|p2b: Dragonite|37\/100\n|\n|-weather|none\n|-heal|p2a: Abomasnow|93\/100 brn|[from] item: Leftovers\n|-damage|p1a: Ting-Lu|0 fnt|[from] Leech Seed|[of] p2a: Abomasnow\n|-heal|p2a: Abomasnow|100\/100 brn|[silent]\n|faint|p1a: Ting-Lu\n|-damage|p2a: Abomasnow|94\/100 brn|[from] brn\n|-end|p2a: Abomasnow|Throat Chop|[silent]\n|upkeep\n|\n|t:|1681674590\n|switch|p1b: Iron Hands|Iron Hands, L50|100\/100\n|switch|p1a: Arcanine|Arcanine, L50, F|55\/100\n|-ability|p1a: Arcanine|Intimidate|boost\n|-unboost|p2a: Abomasnow|atk|1\n|-fail|p2b: Dragonite|unboost|Attack|[from] ability: Inner Focus|[of] p2b: Dragonite\n|turn|7\n|\n|t:|1681674612\n|move|p2a: Abomasnow|Protect|p2a: Abomasnow\n|-singleturn|p2a: Abomasnow|Protect\n|move|p1a: Arcanine|Flare Blitz|p2a: Abomasnow\n|-activate|p2a: Abomasnow|move: Protect\n|move|p2b: Dragonite|Rock Slide|p1a: Arcanine|[spread] p1a,p1b\n|-supereffective|p1a: Arcanine\n|-resisted|p1b: Iron Hands\n|-damage|p1a: Arcanine|9\/100\n|-damage|p1b: Iron Hands|94\/100\n|move|p1b: Iron Hands|Wild Charge|p2b: Dragonite\n|-damage|p2b: Dragonite|0 fnt\n|faint|p2b: Dragonite\n|-damage|p1b: Iron Hands|87\/100|[from] Recoil\n|\n|-heal|p2a: Abomasnow|100\/100 brn|[from] item: Leftovers\n|-heal|p1b: Iron Hands|93\/100|[from] item: Leftovers\n|-damage|p2a: Abomasnow|94\/100 brn|[from] brn\n|upkeep\n|\n|t:|1681674631\n|switch|p2b: Arcanine|Arcanine, L50, F|100\/100\n|-ability|p2b: Arcanine|Intimidate|boost\n|-unboost|p1a: Arcanine|atk|1\n|-unboost|p1b: Iron Hands|atk|1\n|turn|8\n|inactive|MarioOnPS4 has 30 seconds left.\n|inactive|MarioOnPS4 has 20 seconds left.\n|inactive|MarioOnPS4 has 15 seconds left.\n|inactive|MarioOnPS4 has 10 seconds left.\n|inactive|MarioOnPS4 has 5 seconds left.\n|\n|t:|1681674683\n|move|p2a: Abomasnow|Protect|p2a: Abomasnow\n|-singleturn|p2a: Abomasnow|Protect\n|move|p2b: Arcanine|Extreme Speed|p1a: Arcanine\n|-damage|p1a: Arcanine|0 fnt\n|faint|p1a: Arcanine\n|move|p1b: Iron Hands|Swords Dance|p1b: Iron Hands\n|-boost|p1b: Iron Hands|atk|2\n|\n|-heal|p2a: Abomasnow|100\/100 brn|[from] item: Leftovers\n|-heal|p1b: Iron Hands|99\/100|[from] item: Leftovers\n|-damage|p2a: Abomasnow|94\/100 brn|[from] brn\n|upkeep\n|turn|9\n|inactiveoff|Battle timer is now OFF.\n|\n|t:|1681674736\n|-terastallize|p2a: Abomasnow|Water\n|move|p2b: Arcanine|Flare Blitz|p1b: Iron Hands\n|-damage|p1b: Iron Hands|67\/100\n|-damage|p2b: Arcanine|86\/100|[from] Recoil\n|move|p2a: Abomasnow|Leech Seed|p1b: Iron Hands\n|-start|p1b: Iron Hands|move: Leech Seed\n|move|p1b: Iron Hands|Drain Punch|p2a: Abomasnow\n|-damage|p2a: Abomasnow|36\/100 brn\n|-heal|p1b: Iron Hands|89\/100|[from] drain|[of] p2a: Abomasnow\n|\n|-heal|p2a: Abomasnow|42\/100 brn|[from] item: Leftovers\n|-heal|p1b: Iron Hands|95\/100|[from] item: Leftovers\n|-damage|p1b: Iron Hands|83\/100|[from] Leech Seed|[of] p2a: Abomasnow\n|-heal|p2a: Abomasnow|58\/100 brn|[silent]\n|-damage|p2a: Abomasnow|52\/100 brn|[from] brn\n|upkeep\n|turn|10\n|\n|t:|1681674762\n|move|p2b: Arcanine|Protect|p2b: Arcanine\n|-singleturn|p2b: Arcanine|Protect\n|move|p2a: Abomasnow|Protect|p2a: Abomasnow\n|-singleturn|p2a: Abomasnow|Protect\n|move|p1b: Iron Hands|Drain Punch|p2b: Arcanine\n|-activate|p2b: Arcanine|move: Protect\n|\n|-heal|p2a: Abomasnow|58\/100 brn|[from] item: Leftovers\n|-heal|p1b: Iron Hands|89\/100|[from] item: Leftovers\n|-damage|p1b: Iron Hands|76\/100|[from] Leech Seed|[of] p2a: Abomasnow\n|-heal|p2a: Abomasnow|74\/100 brn|[silent]\n|-damage|p2a: Abomasnow|68\/100 brn|[from] brn\n|upkeep\n|turn|11\n|\n|t:|1681674785\n|move|p2b: Arcanine|Flare Blitz|p1b: Iron Hands\n|-damage|p1b: Iron Hands|43\/100\n|-damage|p2b: Arcanine|72\/100|[from] Recoil\n|move|p2a: Abomasnow|Blizzard|p1b: Iron Hands|[miss]\n|-miss|p2a: Abomasnow|p1b: Iron Hands\n|move|p1b: Iron Hands|Drain Punch|p2b: Arcanine\n|-damage|p2b: Arcanine|0 fnt\n|-heal|p1b: Iron Hands|70\/100|[from] drain|[of] p2b: Arcanine\n|faint|p2b: Arcanine\n|\n|-heal|p2a: Abomasnow|74\/100 brn|[from] item: Leftovers\n|-heal|p1b: Iron Hands|76\/100|[from] item: Leftovers\n|-damage|p1b: Iron Hands|63\/100|[from] Leech Seed|[of] p2a: Abomasnow\n|-heal|p2a: Abomasnow|91\/100 brn|[silent]\n|-damage|p2a: Abomasnow|84\/100 brn|[from] brn\n|upkeep\n|\n|t:|1681674794\n|switch|p2b: Palafin|Palafin-Hero, L50, M|18\/100\n|turn|12\n|\n|t:|1681674804\n|move|p2b: Palafin|Protect|p2b: Palafin\n|-singleturn|p2b: Palafin|Protect\n|move|p2a: Abomasnow|Protect|p2a: Abomasnow\n|-singleturn|p2a: Abomasnow|Protect\n|move|p1b: Iron Hands|Drain Punch|p2b: Palafin\n|-activate|p2b: Palafin|move: Protect\n|\n|-heal|p2a: Abomasnow|91\/100 brn|[from] item: Leftovers\n|-heal|p1b: Iron Hands|69\/100|[from] item: Leftovers\n|-damage|p1b: Iron Hands|57\/100|[from] Leech Seed|[of] p2a: Abomasnow\n|-heal|p2a: Abomasnow|100\/100 brn|[silent]\n|-damage|p2a: Abomasnow|94\/100 brn|[from] brn\n|upkeep\n|turn|13\n|\n|t:|1681674821\n|move|p2b: Palafin|Wave Crash|p1b: Iron Hands\n|-damage|p1b: Iron Hands|0 fnt\n|faint|p1b: Iron Hands\n|-end|p1b: Iron Hands|Quark Drive|[silent]\n|-damage|p2b: Palafin|0 fnt|[from] Recoil\n|faint|p2b: Palafin\n|\n|win|Sailor98\n|raw|MarioOnPS4's rating: 1353 → 1330<\/strong> (-23 for losing)\n|raw|Sailor98's rating: 1292 → 1321<\/strong> (+29 for winning)\n|l|\u2606Sailor98\n","uploadtime":1681674831,"views":9,"p1id":"marioonps4","p2id":"sailor98","formatid":"gen9vgc2023regulationc","rating":1321,"private":0,"password":""}