{"id":"gen9vgc2023regulationc-1860942663","p1":"Mythical weavile","p2":"Wow_Yangg","format":"[Gen 9] VGC 2023 Regulation C","log":"|j|\u2606Mythical weavile\n|j|\u2606Wow_Yangg\n|t:|1683700293\n|gametype|doubles\n|player|p1|Mythical weavile|2|1360\n|player|p2|Wow_Yangg|fisherman-gen4|1351\n|teamsize|p1|6\n|teamsize|p2|6\n|gen|9\n|tier|[Gen 9] VGC 2023 Regulation C\n|rated|\n|rule|Species Clause: Limit one of each Pok\u00e9mon\n|rule|Item Clause: Limit one of each item\n|clearpoke\n|poke|p1|Dondozo, L50, M|\n|poke|p1|Tatsugiri, L50, M|\n|poke|p1|Flutter Mane, L50|\n|poke|p1|Chi-Yu, L50|\n|poke|p1|Iron Bundle, L50|\n|poke|p1|Tinkaton, L50, F|\n|poke|p2|Iron Bundle, L50|\n|poke|p2|Flutter Mane, L50|\n|poke|p2|Chi-Yu, L50|\n|poke|p2|Wo-Chien, L50|\n|poke|p2|Baxcalibur, L50, F|\n|poke|p2|Scizor, L50, F|\n|teampreview|4\n|inactive|Battle timer is ON: inactive players will automatically lose when time's up. (requested by Mythical weavile)\n|\n|t:|1683700322\n|start\n|switch|p1a: Chi-Yu|Chi-Yu, L50|100\/100\n|switch|p1b: Iron Bundle|Iron Bundle, L50|100\/100\n|switch|p2a: Iron Bundle|Iron Bundle, L50|100\/100\n|switch|p2b: Flutter Mane|Flutter Mane, L50|100\/100\n|-ability|p1a: Chi-Yu|Beads of Ruin\n|-enditem|p2a: Iron Bundle|Booster Energy\n|-activate|p2a: Iron Bundle|ability: Quark Drive|[fromitem]\n|-start|p2a: Iron Bundle|quarkdrivespe\n|-enditem|p1b: Iron Bundle|Booster Energy\n|-activate|p1b: Iron Bundle|ability: Quark Drive|[fromitem]\n|-start|p1b: Iron Bundle|quarkdrivespe\n|turn|1\n|\n|t:|1683700340\n|move|p2a: Iron Bundle|Protect|p2a: Iron Bundle\n|-singleturn|p2a: Iron Bundle|Protect\n|move|p1a: Chi-Yu|Protect|p1a: Chi-Yu\n|-singleturn|p1a: Chi-Yu|Protect\n|move|p1b: Iron Bundle|Icy Wind|p2b: Flutter Mane|[spread] p2b\n|-activate|p2a: Iron Bundle|move: Protect\n|-damage|p2b: Flutter Mane|78\/100\n|-unboost|p2b: Flutter Mane|spe|1\n|move|p2b: Flutter Mane|Moonblast|p1a: Chi-Yu\n|-activate|p1a: Chi-Yu|move: Protect\n|\n|upkeep\n|turn|2\n|\n|t:|1683700363\n|move|p1b: Iron Bundle|Icy Wind|p2b: Flutter Mane|[spread] p2a,p2b\n|-resisted|p2a: Iron Bundle\n|-damage|p2a: Iron Bundle|89\/100\n|-damage|p2b: Flutter Mane|53\/100\n|-unboost|p2a: Iron Bundle|spe|1\n|-unboost|p2b: Flutter Mane|spe|1\n|move|p2a: Iron Bundle|Hydro Pump|p1a: Chi-Yu|[miss]\n|-miss|p2a: Iron Bundle|p1a: Chi-Yu\n|move|p1a: Chi-Yu|Heat Wave|p2a: Iron Bundle|[spread] p2a\n|-miss|p1a: Chi-Yu|p2b: Flutter Mane\n|-damage|p2a: Iron Bundle|0 fnt\n|faint|p2a: Iron Bundle\n|-end|p2a: Iron Bundle|Quark Drive|[silent]\n|move|p2b: Flutter Mane|Moonblast|p1a: Chi-Yu\n|-damage|p1a: Chi-Yu|10\/100\n|\n|upkeep\n|\n|t:|1683700369\n|switch|p2a: Chi-Yu|Chi-Yu, L50|100\/100\n|-ability|p2a: Chi-Yu|Beads of Ruin\n|turn|3\n|inactive|Mythical weavile has 30 seconds left.\n|\n|t:|1683700395\n|move|p1b: Iron Bundle|Hydro Pump|p2a: Chi-Yu\n|-supereffective|p2a: Chi-Yu\n|-damage|p2a: Chi-Yu|0 fnt\n|faint|p2a: Chi-Yu\n|move|p1a: Chi-Yu|Heat Wave|p2b: Flutter Mane\n|-damage|p2b: Flutter Mane|0 fnt\n|faint|p2b: Flutter Mane\n|-end|p2b: Flutter Mane|Protosynthesis|[silent]\n|\n|upkeep\n|\n|t:|1683700403\n|switch|p2b: Wo-Chien|Wo-Chien, L50|100\/100\n|-ability|p2b: Wo-Chien|Tablets of Ruin\n|turn|4\n|\n|t:|1683700409\n|-terastallize|p2b: Wo-Chien|Water\n|move|p1b: Iron Bundle|Freeze-Dry|p2b: Wo-Chien\n|-supereffective|p2b: Wo-Chien\n|-damage|p2b: Wo-Chien|56\/100\n|move|p1a: Chi-Yu|Overheat|p2b: Wo-Chien\n|-resisted|p2b: Wo-Chien\n|-damage|p2b: Wo-Chien|32\/100\n|-unboost|p1a: Chi-Yu|spa|2\n|move|p2b: Wo-Chien|Giga Drain|p1b: Iron Bundle\n|-supereffective|p1b: Iron Bundle\n|-damage|p1b: Iron Bundle|0 fnt\n|-heal|p2b: Wo-Chien|67\/100|[from] drain|[of] p1b: Iron Bundle\n|faint|p1b: Iron Bundle\n|-end|p1b: Iron Bundle|Quark Drive|[silent]\n|\n|upkeep\n|\n|t:|1683700420\n|switch|p1b: Dondozo|Dondozo, L50, M|100\/100\n|turn|5\n|\n|t:|1683700426\n|switch|p1a: Tatsugiri|Tatsugiri, L50, M|100\/100\n|-activate|p1a: Tatsugiri|ability: Commander|[of] p1b: Dondozo\n|-boost|p1b: Dondozo|atk|2\n|-boost|p1b: Dondozo|spa|2\n|-boost|p1b: Dondozo|spe|2\n|-boost|p1b: Dondozo|def|2\n|-boost|p1b: Dondozo|spd|2\n|-terastallize|p1b: Dondozo|Grass\n|move|p1b: Dondozo|Tera Blast|p2b: Wo-Chien\n|-supereffective|p2b: Wo-Chien\n|-damage|p2b: Wo-Chien|0 fnt\n|faint|p2b: Wo-Chien\n|\n|win|Mythical weavile\n|raw|Mythical weavile's rating: 1360 → 1379<\/strong> (+19 for winning)\n|raw|Wow_Yangg's rating: 1351 → 1332<\/strong> (-19 for losing)\n|l|\u2606Wow_Yangg\n","uploadtime":1683700440,"views":28,"p1id":"mythicalweavile","p2id":"wowyangg","formatid":"gen9vgc2023regulationc","rating":1332,"private":0,"password":""}