{"id":"gen9vgc2023regulationc-1852005124","p1":"islairishVGC","p2":"MasterAlpacaVGC","format":"[Gen 9] VGC 2023 Regulation C","log":"|j|\u2606islairishVGC\n|j|\u2606MasterAlpacaVGC\n|t:|1682515959\n|gametype|doubles\n|player|p1|islairishVGC|dawn|1449\n|player|p2|MasterAlpacaVGC|blue|1364\n|teamsize|p1|6\n|teamsize|p2|6\n|gen|9\n|tier|[Gen 9] VGC 2023 Regulation C\n|rated|\n|rule|Species Clause: Limit one of each Pok\u00e9mon\n|rule|Item Clause: Limit one of each item\n|clearpoke\n|poke|p1|Flutter Mane, L50|\n|poke|p1|Chi-Yu, L50|\n|poke|p1|Gyarados, L50, F|\n|poke|p1|Tyranitar, L50, M|\n|poke|p1|Bronzong, L50|\n|poke|p1|Amoonguss, L50, M|\n|poke|p2|Palafin, L50, M|\n|poke|p2|Arcanine, L50, M|\n|poke|p2|Amoonguss, L50, F|\n|poke|p2|Ting-Lu, L50|\n|poke|p2|Baxcalibur, L50, M|\n|poke|p2|Flutter Mane, L50|\n|teampreview|4\n|inactive|Battle timer is ON: inactive players will automatically lose when time's up. (requested by MasterAlpacaVGC)\nMasterAlpacaVGC has agreed to open team sheets.\n|inactive|MasterAlpacaVGC has 60 seconds left.\n|\n|t:|1682515991\n|start\n|switch|p1a: Tyranitar|Tyranitar, L50, M|100\/100\n|switch|p1b: Gyarados|Gyarados, L50, F|100\/100\n|switch|p2a: Palafin|Palafin, L50, M|100\/100\n|switch|p2b: Arcanine|Arcanine, L50, M|100\/100\n|-ability|p1b: Gyarados|Intimidate|boost\n|-unboost|p2a: Palafin|atk|1\n|-unboost|p2b: Arcanine|atk|1\n|-ability|p2b: Arcanine|Intimidate|boost\n|-unboost|p1a: Tyranitar|atk|1\n|-unboost|p1b: Gyarados|atk|1\n|-weather|Sandstorm|[from] ability: Sand Stream|[of] p1a: Tyranitar\n|turn|1\n|\n|t:|1682516008\n|detailschange|p2a: Palafin|Palafin-Hero, L50, M\n|switch|p2a: Amoonguss|Amoonguss, L50, F|100\/100\n|move|p1b: Gyarados|Thunder Wave|p2b: Arcanine\n|-status|p2b: Arcanine|par\n|move|p1a: Tyranitar|Rock Slide|p2b: Arcanine|[spread] p2b\n|-miss|p1a: Tyranitar|p2a: Amoonguss\n|-supereffective|p2b: Arcanine\n|-damage|p2b: Arcanine|31\/100 par\n|cant|p2b: Arcanine|flinch\n|\n|-weather|Sandstorm|[upkeep]\n|-damage|p1b: Gyarados|95\/100|[from] Sandstorm\n|-damage|p2a: Amoonguss|95\/100|[from] Sandstorm\n|upkeep\n|turn|2\n|inactive|MasterAlpacaVGC has 30 seconds left.\n|\n|t:|1682516035\n|switch|p1a: Amoonguss|Amoonguss, L50, M|100\/100\n|switch|p2b: Ting-Lu|Ting-Lu, L50|100\/100\n|-ability|p2b: Ting-Lu|Vessel of Ruin\n|move|p1b: Gyarados|Taunt|p2a: Amoonguss\n|-start|p2a: Amoonguss|move: Taunt\n|cant|p2a: Amoonguss|move: Taunt|Spore\n|\n|-weather|Sandstorm|[upkeep]\n|-damage|p1b: Gyarados|89\/100|[from] Sandstorm\n|-damage|p2a: Amoonguss|89\/100|[from] Sandstorm\n|-damage|p1a: Amoonguss|95\/100|[from] Sandstorm\n|upkeep\n|turn|3\n|inactive|islairishVGC has 30 seconds left.\n|inactive|islairishVGC has 20 seconds left.\n|\n|t:|1682516075\n|switch|p1b: Bronzong|Bronzong, L50|100\/100\n|switch|p2b: Arcanine|Arcanine, L50, M|31\/100 par\n|-ability|p2b: Arcanine|Intimidate|boost\n|-unboost|p1a: Amoonguss|atk|1\n|-unboost|p1b: Bronzong|atk|1\n|move|p2a: Amoonguss|Pollen Puff|p2b: Arcanine\n|-heal|p2b: Arcanine|81\/100 par\n|move|p1a: Amoonguss|Spore|p2b: Arcanine\n|-activate|p2b: Arcanine|item: Safety Goggles|Spore\n|\n|-weather|Sandstorm|[upkeep]\n|-damage|p2a: Amoonguss|83\/100|[from] Sandstorm\n|-damage|p1a: Amoonguss|89\/100|[from] Sandstorm\n|upkeep\n|turn|4\n|\n|t:|1682516092\n|switch|p1a: Tyranitar|Tyranitar, L50, M|100\/100\n|switch|p1b: Gyarados|Gyarados, L50, F|89\/100\n|-ability|p1b: Gyarados|Intimidate|boost\n|-unboost|p2a: Amoonguss|atk|1\n|-unboost|p2b: Arcanine|atk|1\n|move|p2b: Arcanine|Flare Blitz|p1b: Gyarados\n|-resisted|p1b: Gyarados\n|-damage|p1b: Gyarados|66\/100\n|-damage|p2b: Arcanine|73\/100 par|[from] Recoil\n|move|p2a: Amoonguss|Pollen Puff|p2b: Arcanine\n|-heal|p2b: Arcanine|100\/100 par\n|\n|-weather|Sandstorm|[upkeep]\n|-damage|p1b: Gyarados|60\/100|[from] Sandstorm\n|-damage|p2a: Amoonguss|77\/100|[from] Sandstorm\n|-end|p2a: Amoonguss|move: Taunt\n|upkeep\n|turn|5\n|inactive|islairishVGC has 30 seconds left.\n|inactive|MasterAlpacaVGC has 30 seconds left.\n|\n|t:|1682516123\n|move|p2a: Amoonguss|Protect|p2a: Amoonguss\n|-singleturn|p2a: Amoonguss|Protect\n|move|p1b: Gyarados|Thunder Wave|p2a: Amoonguss\n|-activate|p2a: Amoonguss|move: Protect\n|move|p1a: Tyranitar|Rock Slide|p2a: Amoonguss|[spread] p2b\n|-activate|p2a: Amoonguss|move: Protect\n|-supereffective|p2b: Arcanine\n|-damage|p2b: Arcanine|4\/100 par\n|cant|p2b: Arcanine|flinch\n|\n|-weather|none\n|upkeep\n|turn|6\n|c|\u2606MasterAlpacaVGC|lol\n|inactive|MasterAlpacaVGC has 30 seconds left.\n|c|\u2606MasterAlpacaVGC|second flinch..\n|inactive|MasterAlpacaVGC has 20 seconds left.\n|inactive|MasterAlpacaVGC has 15 seconds left.\n|inactive|MasterAlpacaVGC has 10 seconds left.\n|\n|t:|1682516172\n|switch|p1b: Amoonguss|Amoonguss, L50, M|100\/100\n|switch|p2a: Ting-Lu|Ting-Lu, L50|100\/100\n|-ability|p2a: Ting-Lu|Vessel of Ruin\n|move|p2b: Arcanine|Protect|p2b: Arcanine\n|-singleturn|p2b: Arcanine|Protect\n|move|p1a: Tyranitar|Rock Slide|p2a: Ting-Lu|[spread] p2a\n|-activate|p2b: Arcanine|move: Protect\n|-resisted|p2a: Ting-Lu\n|-damage|p2a: Ting-Lu|89\/100\n|\n|upkeep\n|turn|7\n|inactive|MasterAlpacaVGC has 30 seconds left.\n|inactive|MasterAlpacaVGC has 20 seconds left.\n|\n|t:|1682516209\n|move|p1a: Tyranitar|Rock Slide|p2a: Ting-Lu|[spread] p2a,p2b\n|-resisted|p2a: Ting-Lu\n|-supereffective|p2b: Arcanine\n|-crit|p2b: Arcanine\n|-damage|p2a: Ting-Lu|78\/100\n|-damage|p2b: Arcanine|0 fnt\n|faint|p2b: Arcanine\n|move|p2a: Ting-Lu|Ruination|p1b: Amoonguss\n|-damage|p1b: Amoonguss|51\/100\n|move|p1b: Amoonguss|Spore|p2a: Ting-Lu\n|-status|p2a: Ting-Lu|slp|[from] move: Spore\n|\n|upkeep\n|\n|t:|1682516218\n|switch|p2b: Amoonguss|Amoonguss, L50, F|100\/100\n|turn|8\n|\n|t:|1682516232\n|switch|p1a: Bronzong|Bronzong, L50|100\/100\n|switch|p2b: Palafin|Palafin-Hero, L50, M|100\/100\n|-activate|p2b: Palafin|ability: Zero to Hero\n|switch|p1b: Gyarados|Gyarados, L50, F|60\/100\n|-ability|p1b: Gyarados|Intimidate|boost\n|-unboost|p2a: Ting-Lu|atk|1\n|-unboost|p2b: Palafin|atk|1\n|cant|p2a: Ting-Lu|slp\n|\n|upkeep\n|turn|9\n|inactive|MasterAlpacaVGC has 30 seconds left.\n|\n|t:|1682516260\n|switch|p1b: Amoonguss|Amoonguss, L50, M|84\/100\n|move|p2b: Palafin|Haze|p2b: Palafin\n|-clearallboost\n|cant|p2a: Ting-Lu|slp\n|move|p1a: Bronzong|Trick Room|p1a: Bronzong\n|-fieldstart|move: Trick Room|[of] p1a: Bronzong\n|\n|upkeep\n|turn|10\n|\n|t:|1682516275\n|switch|p1b: Gyarados|Gyarados, L50, F|60\/100\n|-ability|p1b: Gyarados|Intimidate|boost\n|-unboost|p2a: Ting-Lu|atk|1\n|-unboost|p2b: Palafin|atk|1\n|switch|p2b: Amoonguss|Amoonguss, L50, F|100\/100\n|move|p1a: Bronzong|Iron Defense|p1a: Bronzong\n|-boost|p1a: Bronzong|def|2\n|cant|p2a: Ting-Lu|slp\n|\n|upkeep\n|turn|11\n|\n|t:|1682516297\n|switch|p2a: Palafin|Palafin-Hero, L50, M|100\/100\n|switch|p1b: Amoonguss|Amoonguss, L50, M|100\/100\n|move|p2b: Amoonguss|Protect|p2b: Amoonguss\n|-singleturn|p2b: Amoonguss|Protect\n|move|p1a: Bronzong|Body Press|p2a: Palafin\n|-damage|p2a: Palafin|57\/100\n|\n|upkeep\n|turn|12\n|\n|t:|1682516316\n|switch|p2a: Ting-Lu|Ting-Lu, L50|78\/100 slp\n|-ability|p2a: Ting-Lu|Vessel of Ruin\n|move|p1a: Bronzong|Iron Defense|p1a: Bronzong\n|-boost|p1a: Bronzong|def|2\n|move|p1b: Amoonguss|Spore|p2a: Ting-Lu\n|-fail|p2a: Ting-Lu|slp\n|move|p2b: Amoonguss|Spore|p1a: Bronzong\n|-activate|p1a: Bronzong|item: Safety Goggles|Spore\n|\n|upkeep\n|turn|13\n|inactive|MasterAlpacaVGC has 30 seconds left.\n|\n|t:|1682516341\n|-terastallize|p2a: Ting-Lu|Poison\n|move|p1a: Bronzong|Body Press|p2a: Ting-Lu\n|-resisted|p2a: Ting-Lu\n|-damage|p2a: Ting-Lu|60\/100 slp\n|move|p1b: Amoonguss|Pollen Puff|p2a: Ting-Lu\n|-resisted|p2a: Ting-Lu\n|-damage|p2a: Ting-Lu|56\/100 slp\n|move|p2b: Amoonguss|Spore|p1b: Amoonguss\n|-immune|p1b: Amoonguss\n|-curestatus|p2a: Ting-Lu|slp|[msg]\n|move|p2a: Ting-Lu|Ruination|p1a: Bronzong\n|-damage|p1a: Bronzong|50\/100\n|\n|-fieldend|move: Trick Room\n|upkeep\n|turn|14\n|inactive|MasterAlpacaVGC has 30 seconds left.\n|\n|t:|1682516371\n|move|p2a: Ting-Lu|Ruination|p1a: Bronzong\n|-damage|p1a: Bronzong|25\/100\n|move|p2b: Amoonguss|Pollen Puff|p2a: Ting-Lu\n|-heal|p2a: Ting-Lu|100\/100\n|move|p1b: Amoonguss|Spore|p2a: Ting-Lu\n|-status|p2a: Ting-Lu|slp|[from] move: Spore\n|move|p1a: Bronzong|Trick Room|p1a: Bronzong\n|-fieldstart|move: Trick Room|[of] p1a: Bronzong\n|\n|upkeep\n|turn|15\n|\n|t:|1682516384\n|move|p1a: Bronzong|Iron Defense|p1a: Bronzong\n|-boost|p1a: Bronzong|def|2\n|move|p1b: Amoonguss|Pollen Puff|p1a: Bronzong\n|-heal|p1a: Bronzong|75\/100\n|move|p2b: Amoonguss|Pollen Puff|p1a: Bronzong\n|-damage|p1a: Bronzong|65\/100\n|cant|p2a: Ting-Lu|slp\n|\n|upkeep\n|turn|16\n|\n|t:|1682516397\n|move|p1a: Bronzong|Body Press|p2b: Amoonguss\n|-resisted|p2b: Amoonguss\n|-damage|p2b: Amoonguss|58\/100\n|move|p1b: Amoonguss|Pollen Puff|p1a: Bronzong\n|-heal|p1a: Bronzong|100\/100\n|move|p2b: Amoonguss|Pollen Puff|p1a: Bronzong\n|-damage|p1a: Bronzong|89\/100\n|cant|p2a: Ting-Lu|slp\n|\n|upkeep\n|turn|17\n|\n|t:|1682516415\n|move|p1a: Bronzong|Body Press|p2b: Amoonguss\n|-resisted|p2b: Amoonguss\n|-damage|p2b: Amoonguss|20\/100\n|-enditem|p2b: Amoonguss|Sitrus Berry|[eat]\n|-heal|p2b: Amoonguss|45\/100|[from] item: Sitrus Berry\n|move|p1b: Amoonguss|Clear Smog|p2b: Amoonguss\n|-damage|p2b: Amoonguss|34\/100\n|-clearboost|p2b: Amoonguss\n|move|p2b: Amoonguss|Pollen Puff|p1a: Bronzong\n|-damage|p1a: Bronzong|77\/100\n|cant|p2a: Ting-Lu|slp\n|\n|upkeep\n|turn|18\n|\n|t:|1682516435\n|switch|p2b: Palafin|Palafin-Hero, L50, M|57\/100\n|move|p1a: Bronzong|Body Press|p2b: Palafin\n|-damage|p2b: Palafin|0 fnt\n|faint|p2b: Palafin\n|move|p1b: Amoonguss|Spore|p2a: Ting-Lu\n|-fail|p2a: Ting-Lu|slp\n|-curestatus|p2a: Ting-Lu|slp|[msg]\n|move|p2a: Ting-Lu|Ruination|p1a: Bronzong\n|-damage|p1a: Bronzong|39\/100\n|\n|-fieldend|move: Trick Room\n|upkeep\n|\n|t:|1682516447\n|switch|p2b: Amoonguss|Amoonguss, L50, F|67\/100\n|turn|19\n|inactive|MasterAlpacaVGC has 30 seconds left.\n|-message|MasterAlpacaVGC forfeited.\n|\n|win|islairishVGC\n|inactive|MasterAlpacaVGC has 25 seconds left this turn.\n|raw|islairishVGC's rating: 1449 → 1464<\/strong> (+15 for winning)\n|raw|MasterAlpacaVGC's rating: 1364 → 1349<\/strong> (-15 for losing)\n|l|\u2606MasterAlpacaVGC\n","uploadtime":1682516480,"views":10,"p1id":"islairishvgc","p2id":"masteralpacavgc","formatid":"gen9vgc2023regulationc","rating":1349,"private":0,"password":""}