{"id":"gen9vgc2023regulationc-1847419151","p1":"tomate palta","p2":"SnackIsle","format":"[Gen 9] VGC 2023 Regulation C","log":"|j|\u2606tomate palta\n|j|\u2606SnackIsle\n|t:|1681952870\n|gametype|doubles\n|player|p1|tomate palta|cheren-gen5bw2|1000\n|player|p2|SnackIsle|1|1058\n|teamsize|p1|6\n|teamsize|p2|6\n|gen|9\n|tier|[Gen 9] VGC 2023 Regulation C\n|rated|\n|rule|Species Clause: Limit one of each Pok\u00e9mon\n|rule|Item Clause: Limit one of each item\n|clearpoke\n|poke|p1|Toedscruel, L50, M|\n|poke|p1|Lokix, L50, M|\n|poke|p1|Staraptor, L50, M|\n|poke|p1|Appletun, L50, F|\n|poke|p1|Gyarados, L50, M|\n|poke|p1|Roaring Moon, L50|\n|poke|p2|Arcanine, L50, F|\n|poke|p2|Torkoal, L50, F|\n|poke|p2|Chien-Pao, L50|\n|poke|p2|Roaring Moon, L50|\n|poke|p2|Amoonguss, L50, F|\n|poke|p2|Farigiraf, L50, M|\n|teampreview|4\ntomate palta rejected open team sheets.\n|inactive|Battle timer is ON: inactive players will automatically lose when time's up. (requested by SnackIsle)\n|\n|t:|1681952898\n|start\n|switch|p1a: Lokix|Lokix, L50, M, shiny|100\/100\n|switch|p1b: Gyarados|Gyarados, L50, M, shiny|100\/100\n|switch|p2a: Farigiraf|Farigiraf, L50, M|100\/100\n|switch|p2b: Torkoal|Torkoal, L50, F, shiny|100\/100\n|-ability|p1b: Gyarados|Intimidate|boost\n|-unboost|p2a: Farigiraf|atk|1\n|-unboost|p2b: Torkoal|atk|1\n|-weather|SunnyDay|[from] ability: Drought|[of] p2b: Torkoal\n|turn|1\n|\n|t:|1681952918\n|-terastallize|p2a: Farigiraf|Normal\n|move|p1a: Lokix|U-turn|p2a: Farigiraf\n|-damage|p2a: Farigiraf|47\/100\n|\n|t:|1681952925\n|switch|p1a: Appletun|Appletun, L50, F, shiny|100\/100|[from] U-turn\n|move|p1b: Gyarados|Crunch|p2a: Farigiraf\n|-damage|p2a: Farigiraf|20\/100\n|move|p2b: Torkoal|Heat Wave|p1a: Appletun|[spread] p1a,p1b\n|-resisted|p1b: Gyarados\n|-crit|p1b: Gyarados\n|-damage|p1a: Appletun|58\/100\n|-damage|p1b: Gyarados|61\/100\n|move|p2a: Farigiraf|Trick Room|p2a: Farigiraf\n|-fieldstart|move: Trick Room|[of] p2a: Farigiraf\n|-enditem|p2a: Farigiraf|Room Service\n|-unboost|p2a: Farigiraf|spe|1|[from] item: Room Service\n|\n|-weather|SunnyDay|[upkeep]\n|upkeep\n|turn|2\n|\n|t:|1681952949\n|move|p2b: Torkoal|Heat Wave|p1a: Appletun|[spread] p1a,p1b\n|-resisted|p1b: Gyarados\n|-damage|p1a: Appletun|11\/100\n|-damage|p1b: Gyarados|38\/100\n|-status|p1b: Gyarados|brn\n|-activate|p1a: Appletun|ability: Ripen\n|-enditem|p1a: Appletun|Aguav Berry|[eat]\n|-heal|p1a: Appletun|77\/100|[from] item: Aguav Berry\n|move|p2a: Farigiraf|Thunderbolt|p1b: Gyarados\n|-supereffective|p1b: Gyarados\n|-damage|p1b: Gyarados|0 fnt\n|faint|p1b: Gyarados\n|move|p1a: Appletun|Leech Seed|p2b: Torkoal\n|-start|p2b: Torkoal|move: Leech Seed\n|\n|-weather|SunnyDay|[upkeep]\n|-damage|p2b: Torkoal|88\/100|[from] Leech Seed|[of] p1a: Appletun\n|-heal|p1a: Appletun|87\/100|[silent]\n|upkeep\n|\n|t:|1681952964\n|switch|p1b: Roaring Moon|Roaring Moon, L50, shiny|100\/100\n|-activate|p1b: Roaring Moon|ability: Protosynthesis\n|-start|p1b: Roaring Moon|protosynthesisspe\n|turn|3\n|\n|t:|1681952978\n|switch|p2b: Roaring Moon|Roaring Moon, L50|100\/100\n|-activate|p2b: Roaring Moon|ability: Protosynthesis\n|-start|p2b: Roaring Moon|protosynthesisatk\n|move|p1a: Appletun|Protect|p1a: Appletun\n|-singleturn|p1a: Appletun|Protect\n|move|p2a: Farigiraf|Dazzling Gleam|p1b: Roaring Moon|[spread] p1b\n|-activate|p1a: Appletun|move: Protect\n|-supereffective|p1b: Roaring Moon\n|-damage|p1b: Roaring Moon|20\/100\n|move|p1b: Roaring Moon|Acrobatics|p2b: Roaring Moon\n|-damage|p2b: Roaring Moon|73\/100\n|\n|-weather|SunnyDay|[upkeep]\n|upkeep\n|turn|4\n|\n|t:|1681952999\n|move|p2a: Farigiraf|Dazzling Gleam|p1a: Appletun|[spread] p1a,p1b\n|-supereffective|p1a: Appletun\n|-supereffective|p1b: Roaring Moon\n|-damage|p1a: Appletun|60\/100\n|-damage|p1b: Roaring Moon|0 fnt\n|faint|p1b: Roaring Moon\n|-end|p1b: Roaring Moon|Protosynthesis|[silent]\n|move|p1a: Appletun|Draco Meteor|p2b: Roaring Moon\n|-supereffective|p2b: Roaring Moon\n|-damage|p2b: Roaring Moon|0 fnt\n|-unboost|p1a: Appletun|spa|2\n|faint|p2b: Roaring Moon\n|-end|p2b: Roaring Moon|Protosynthesis|[silent]\n|\n|-weather|SunnyDay|[upkeep]\n|upkeep\n|\n|t:|1681953010\n|switch|p2b: Torkoal|Torkoal, L50, F, shiny|88\/100\n|switch|p1b: Lokix|Lokix, L50, M, shiny|100\/100\n|turn|5\n|\n|t:|1681953021\n|move|p2b: Torkoal|Heat Wave|p1b: Lokix|[spread] p1a,p1b\n|-supereffective|p1b: Lokix\n|-damage|p1a: Appletun|16\/100\n|-damage|p1b: Lokix|0 fnt\n|faint|p1b: Lokix\n|move|p2a: Farigiraf|Dazzling Gleam|p1a: Appletun\n|-supereffective|p1a: Appletun\n|-damage|p1a: Appletun|0 fnt\n|faint|p1a: Appletun\n|\n|win|SnackIsle\n|raw|tomate palta's rating: 1000 → 1000<\/strong> (+0 for losing)\n|raw|SnackIsle's rating: 1058 → 1084<\/strong> (+26 for winning)\n|l|\u2606tomate palta\n","uploadtime":1681953029,"views":5,"p1id":"tomatepalta","p2id":"snackisle","formatid":"gen9vgc2023regulationc","rating":1000,"private":0,"password":""}