{"id":"gen9vgc2023regulationc-1850594938","p1":"BlindMagneton","p2":"EdoPava6","format":"[Gen 9] VGC 2023 Regulation C","log":"|j|\u2606BlindMagneton\n|j|\u2606EdoPava6\n|t:|1682351561\n|gametype|doubles\n|player|p1|BlindMagneton|wattson|1227\n|player|p2|EdoPava6|hiker-gen4|1202\n|teamsize|p1|6\n|teamsize|p2|6\n|gen|9\n|tier|[Gen 9] VGC 2023 Regulation C\n|rated|\n|rule|Species Clause: Limit one of each Pok\u00e9mon\n|rule|Item Clause: Limit one of each item\n|clearpoke\n|poke|p1|Iron Valiant, L50|\n|poke|p1|Wo-Chien, L50|\n|poke|p1|Maushold, L50|\n|poke|p1|Grimmsnarl, L50, M|\n|poke|p1|Dragapult, L50, M|\n|poke|p1|Ceruledge, L50, M|\n|poke|p2|Orthworm, L50, F|\n|poke|p2|Dragonite, L50, F|\n|poke|p2|Gyarados, L50, F|\n|poke|p2|Chien-Pao, L50|\n|poke|p2|Flutter Mane, L50|\n|poke|p2|Ting-Lu, L50|\n|teampreview|4\n|inactive|Battle timer is ON: inactive players will automatically lose when time's up. (requested by EdoPava6)\n|\n|t:|1682351668\n|start\n|switch|p1a: Wo-Chien|Wo-Chien, L50|100\/100\n|switch|p1b: Maushold|Maushold, L50|100\/100\n|switch|p2a: Orthworm|Orthworm, L50, F|100\/100\n|switch|p2b: Ting-Lu|Ting-Lu, L50|100\/100\n|-ability|p1a: Wo-Chien|Tablets of Ruin\n|-ability|p2b: Ting-Lu|Vessel of Ruin\n|turn|1\n|inactive|BlindMagneton has 30 seconds left.\n|inactive|EdoPava6 has 30 seconds left.\n|inactive|BlindMagneton has 20 seconds left.\n|inactive|EdoPava6 has 20 seconds left.\n|inactive|BlindMagneton has 15 seconds left.\n|inactive|EdoPava6 has 15 seconds left.\n|inactive|BlindMagneton has 10 seconds left.\n|inactive|EdoPava6 has 10 seconds left.\n|inactive|EdoPava6 has 5 seconds left.\n|\n|t:|1682351721\n|move|p1b: Maushold|Population Bomb|p2b: Ting-Lu\n|-damage|p2b: Ting-Lu|95\/100\n|-damage|p2b: Ting-Lu|90\/100\n|-damage|p2b: Ting-Lu|84\/100\n|-damage|p2b: Ting-Lu|79\/100\n|-damage|p2b: Ting-Lu|73\/100\n|-damage|p2b: Ting-Lu|67\/100\n|-damage|p2b: Ting-Lu|62\/100\n|-damage|p2b: Ting-Lu|56\/100\n|-damage|p2b: Ting-Lu|50\/100\n|-damage|p2b: Ting-Lu|45\/100\n|-hitcount|p2b: Ting-Lu|10\n|move|p1a: Wo-Chien|Leech Seed|p2b: Ting-Lu\n|-start|p2b: Ting-Lu|move: Leech Seed\n|move|p2a: Orthworm|Iron Defense|p2a: Orthworm\n|-boost|p2a: Orthworm|def|2\n|move|p2b: Ting-Lu|Earthquake|p1b: Maushold|[spread] p1a,p1b\n|-immune|p2a: Orthworm|[from] ability: Earth Eater\n|-resisted|p1a: Wo-Chien\n|-damage|p1a: Wo-Chien|84\/100\n|-damage|p1b: Maushold|38\/100\n|\n|-damage|p2b: Ting-Lu|33\/100|[from] Leech Seed|[of] p1a: Wo-Chien\n|-heal|p1a: Wo-Chien|100\/100|[silent]\n|upkeep\n|turn|2\n|inactive|BlindMagneton has 30 seconds left.\n|\n|t:|1682351751\n|switch|p2b: Dragonite|Dragonite, L50, F|100\/100\n|move|p1b: Maushold|Encore|p2a: Orthworm\n|-start|p2a: Orthworm|Encore\n|move|p1a: Wo-Chien|Giga Drain|p2b: Dragonite\n|-resisted|p2b: Dragonite\n|-damage|p2b: Dragonite|98\/100\n|move|p2a: Orthworm|Iron Defense|p2a: Orthworm\n|-boost|p2a: Orthworm|def|2\n|\n|upkeep\n|turn|3\n|inactive|BlindMagneton has 30 seconds left.\n|inactive|EdoPava6 has 30 seconds left.\n|inactive|BlindMagneton has 20 seconds left.\n|inactive|BlindMagneton has 15 seconds left.\n|\n|t:|1682351795\n|switch|p1b: Ceruledge|Ceruledge, L50, M|100\/100\n|-terastallize|p2b: Dragonite|Flying\n|move|p2b: Dragonite|Tera Blast|p1b: Ceruledge\n|-damage|p1b: Ceruledge|47\/100\n|move|p1a: Wo-Chien|Leech Seed|p2a: Orthworm\n|-start|p2a: Orthworm|move: Leech Seed\n|move|p2a: Orthworm|Iron Defense|p2a: Orthworm\n|-boost|p2a: Orthworm|def|2\n|\n|-damage|p2a: Orthworm|88\/100|[from] Leech Seed|[of] p1a: Wo-Chien\n|upkeep\n|turn|4\n|inactive|BlindMagneton has 30 seconds left.\n|\n|t:|1682351831\n|-terastallize|p1a: Wo-Chien|Fire\n|move|p2b: Dragonite|Tera Blast|p1b: Ceruledge\n|-damage|p1b: Ceruledge|0 fnt\n|faint|p1b: Ceruledge\n|move|p1a: Wo-Chien|Leech Seed|p2b: Dragonite\n|-start|p2b: Dragonite|move: Leech Seed\n|move|p2a: Orthworm|Iron Defense|p2a: Orthworm\n|-boost|p2a: Orthworm|def|0\n|\n|-damage|p2b: Dragonite|86\/100|[from] Leech Seed|[of] p1a: Wo-Chien\n|-damage|p2a: Orthworm|75\/100|[from] Leech Seed|[of] p1a: Wo-Chien\n|-end|p2a: Orthworm|Encore\n|upkeep\n|\n|t:|1682351843\n|switch|p1b: Maushold|Maushold, L50|38\/100\n|turn|5\n|inactive|BlindMagneton has 30 seconds left.\n|\n|t:|1682351872\n|move|p1b: Maushold|Encore|p2a: Orthworm\n|-start|p2a: Orthworm|Encore\n|move|p2b: Dragonite|Tera Blast|p1b: Maushold\n|-crit|p1b: Maushold\n|-damage|p1b: Maushold|0 fnt\n|faint|p1b: Maushold\n|move|p1a: Wo-Chien|Giga Drain|p2a: Orthworm\n|-resisted|p2a: Orthworm\n|-damage|p2a: Orthworm|59\/100\n|move|p2a: Orthworm|Iron Defense|p2a: Orthworm\n|-boost|p2a: Orthworm|def|0\n|\n|-damage|p2b: Dragonite|74\/100|[from] Leech Seed|[of] p1a: Wo-Chien\n|-damage|p2a: Orthworm|47\/100|[from] Leech Seed|[of] p1a: Wo-Chien\n|upkeep\n|-enditem|p2a: Orthworm|Sitrus Berry|[eat]\n|-heal|p2a: Orthworm|72\/100|[from] item: Sitrus Berry\n|\n|t:|1682351886\n|switch|p1b: Iron Valiant|Iron Valiant, L50|100\/100\n|-enditem|p1b: Iron Valiant|Booster Energy\n|-activate|p1b: Iron Valiant|ability: Quark Drive|[fromitem]\n|-start|p1b: Iron Valiant|quarkdrivespe\n|turn|6\n|\n|t:|1682351909\n|move|p1b: Iron Valiant|Dazzling Gleam|p2b: Dragonite|[spread] p2a,p2b\n|-resisted|p2a: Orthworm\n|-damage|p2a: Orthworm|56\/100\n|-damage|p2b: Dragonite|49\/100\n|move|p2b: Dragonite|Dragon Dance|p2b: Dragonite\n|-boost|p2b: Dragonite|atk|1\n|-boost|p2b: Dragonite|spe|1\n|move|p1a: Wo-Chien|Foul Play|p2b: Dragonite\n|-damage|p2b: Dragonite|0 fnt\n|faint|p2b: Dragonite\n|move|p2a: Orthworm|Iron Defense|p2a: Orthworm\n|-boost|p2a: Orthworm|def|0\n|\n|-damage|p2a: Orthworm|44\/100|[from] Leech Seed|[of] p1a: Wo-Chien\n|upkeep\n|\n|t:|1682351922\n|switch|p2b: Ting-Lu|Ting-Lu, L50|33\/100\n|-ability|p2b: Ting-Lu|Vessel of Ruin\n|turn|7\n|\n|t:|1682351941\n|move|p1b: Iron Valiant|Calm Mind|p1b: Iron Valiant\n|-boost|p1b: Iron Valiant|spa|1\n|-boost|p1b: Iron Valiant|spd|1\n|move|p1a: Wo-Chien|Giga Drain|p2b: Ting-Lu\n|-supereffective|p2b: Ting-Lu\n|-damage|p2b: Ting-Lu|6\/100\n|move|p2a: Orthworm|Iron Defense|p2a: Orthworm\n|-boost|p2a: Orthworm|def|0\n|move|p2b: Ting-Lu|Earthquake|p1a: Wo-Chien|[spread] p1a,p1b\n|-heal|p2a: Orthworm|69\/100|[from] ability: Earth Eater|[of] p2b: Ting-Lu\n|-supereffective|p1a: Wo-Chien\n|-damage|p1a: Wo-Chien|28\/100\n|-damage|p1b: Iron Valiant|50\/100\n|\n|-damage|p2a: Orthworm|56\/100|[from] Leech Seed|[of] p1a: Wo-Chien\n|-heal|p1a: Wo-Chien|43\/100|[silent]\n|-end|p2a: Orthworm|Encore\n|upkeep\n|turn|8\n|\n|t:|1682351965\n|move|p1b: Iron Valiant|Dazzling Gleam|p2b: Ting-Lu|[spread] p2a,p2b\n|-resisted|p2a: Orthworm\n|-supereffective|p2b: Ting-Lu\n|-damage|p2a: Orthworm|38\/100\n|-damage|p2b: Ting-Lu|0 fnt\n|faint|p2b: Ting-Lu\n|move|p1a: Wo-Chien|Giga Drain|p2a: Orthworm\n|-resisted|p2a: Orthworm\n|-damage|p2a: Orthworm|22\/100\n|-heal|p1a: Wo-Chien|53\/100|[from] drain|[of] p2a: Orthworm\n|move|p2a: Orthworm|Heavy Slam|p1b: Iron Valiant\n|-supereffective|p1b: Iron Valiant\n|-damage|p1b: Iron Valiant|0 fnt\n|faint|p1b: Iron Valiant\n|-end|p1b: Iron Valiant|Quark Drive|[silent]\n|\n|-damage|p2a: Orthworm|9\/100|[from] Leech Seed|[of] p1a: Wo-Chien\n|-heal|p1a: Wo-Chien|68\/100|[silent]\n|upkeep\n|\n|t:|1682351976\n|switch|p2b: Flutter Mane|Flutter Mane, L50|100\/100\n|-enditem|p2b: Flutter Mane|Booster Energy\n|-activate|p2b: Flutter Mane|ability: Protosynthesis|[fromitem]\n|-start|p2b: Flutter Mane|protosynthesisspa\n|turn|9\n|\n|t:|1682351984\n|move|p1a: Wo-Chien|Protect|p1a: Wo-Chien\n|-singleturn|p1a: Wo-Chien|Protect\n|move|p2b: Flutter Mane|Shadow Ball|p1a: Wo-Chien\n|-activate|p1a: Wo-Chien|move: Protect\n|move|p2a: Orthworm|Body Press|p1a: Wo-Chien\n|-activate|p1a: Wo-Chien|move: Protect\n|\n|-damage|p2a: Orthworm|0 fnt|[from] Leech Seed|[of] p1a: Wo-Chien\n|-heal|p1a: Wo-Chien|78\/100|[silent]\n|faint|p2a: Orthworm\n|upkeep\n|turn|10\n|\n|t:|1682351995\n|move|p2b: Flutter Mane|Shadow Ball|p1a: Wo-Chien\n|-damage|p1a: Wo-Chien|46\/100\n|move|p1a: Wo-Chien|Leech Seed|p2b: Flutter Mane\n|-start|p2b: Flutter Mane|move: Leech Seed\n|\n|-damage|p2b: Flutter Mane|89\/100|[from] Leech Seed|[of] p1a: Wo-Chien\n|-heal|p1a: Wo-Chien|59\/100|[silent]\n|upkeep\n|turn|11\n|\n|t:|1682352003\n|move|p1a: Wo-Chien|Protect|p1a: Wo-Chien\n|-singleturn|p1a: Wo-Chien|Protect\n|move|p2b: Flutter Mane|Shadow Ball|p1a: Wo-Chien\n|-activate|p1a: Wo-Chien|move: Protect\n|\n|-damage|p2b: Flutter Mane|77\/100|[from] Leech Seed|[of] p1a: Wo-Chien\n|-heal|p1a: Wo-Chien|72\/100|[silent]\n|upkeep\n|turn|12\n|\n|t:|1682352010\n|move|p2b: Flutter Mane|Shadow Ball|p1a: Wo-Chien\n|-damage|p1a: Wo-Chien|36\/100\n|move|p1a: Wo-Chien|Giga Drain|p2b: Flutter Mane\n|-damage|p2b: Flutter Mane|55\/100\n|-heal|p1a: Wo-Chien|48\/100|[from] drain|[of] p2b: Flutter Mane\n|\n|-damage|p2b: Flutter Mane|43\/100|[from] Leech Seed|[of] p1a: Wo-Chien\n|-heal|p1a: Wo-Chien|61\/100|[silent]\n|upkeep\n|turn|13\n|\n|t:|1682352018\n|move|p1a: Wo-Chien|Protect|p1a: Wo-Chien\n|-singleturn|p1a: Wo-Chien|Protect\n|move|p2b: Flutter Mane|Shadow Ball|p1a: Wo-Chien\n|-activate|p1a: Wo-Chien|move: Protect\n|\n|-damage|p2b: Flutter Mane|31\/100|[from] Leech Seed|[of] p1a: Wo-Chien\n|-heal|p1a: Wo-Chien|74\/100|[silent]\n|upkeep\n|turn|14\n|\n|t:|1682352026\n|move|p2b: Flutter Mane|Shadow Ball|p1a: Wo-Chien\n|-damage|p1a: Wo-Chien|38\/100\n|move|p1a: Wo-Chien|Giga Drain|p2b: Flutter Mane\n|-damage|p2b: Flutter Mane|9\/100\n|-heal|p1a: Wo-Chien|50\/100|[from] drain|[of] p2b: Flutter Mane\n|\n|-damage|p2b: Flutter Mane|0 fnt|[from] Leech Seed|[of] p1a: Wo-Chien\n|-heal|p1a: Wo-Chien|59\/100|[silent]\n|faint|p2b: Flutter Mane\n|-end|p2b: Flutter Mane|Protosynthesis|[silent]\n|\n|win|BlindMagneton\n|upkeep\n|raw|BlindMagneton's rating: 1227 → 1250<\/strong> (+23 for winning)\n|raw|EdoPava6's rating: 1202 → 1179<\/strong> (-23 for losing)\n|l|\u2606EdoPava6\n","uploadtime":1682352038,"views":16,"p1id":"blindmagneton","p2id":"edopava6","formatid":"gen9vgc2023regulationc","rating":1179,"private":0,"password":""}