{"id":"gen9vgc2023regulationc-1846626679","p1":"Trainerblk","p2":"DegeneraVGC","format":"[Gen 9] VGC 2023 Regulation C","log":"|j|\u2606Trainerblk\n|j|\u2606DegeneraVGC\n|t:|1681858817\n|gametype|doubles\n|player|p1|Trainerblk|2|1284\n|player|p2|DegeneraVGC|266|1273\n|teamsize|p1|6\n|teamsize|p2|6\n|gen|9\n|tier|[Gen 9] VGC 2023 Regulation C\n|rated|\n|rule|Species Clause: Limit one of each Pok\u00e9mon\n|rule|Item Clause: Limit one of each item\n|clearpoke\n|poke|p1|Amoonguss, L50, F|\n|poke|p1|Flutter Mane, L50|\n|poke|p1|Ting-Lu, L50|\n|poke|p1|Arcanine, L50, F|\n|poke|p1|Iron Bundle, L50|\n|poke|p1|Glimmora, L50, F|\n|poke|p2|Haunter, L50, M|\n|poke|p2|Amoonguss, L50, M|\n|poke|p2|Tyranitar, L50, F|\n|poke|p2|Lycanroc, L50, M|\n|poke|p2|Gyarados, L50, M|\n|poke|p2|Garchomp, L50, M|\n|teampreview|4\n|c|\u2606Trainerblk|Omg, I hope I see the haunter\n|\n|t:|1681858876\n|start\n|switch|p1a: Arcanine|Arcanine, L50, F|100\/100\n|switch|p1b: Glimmora|Glimmora, L50, F|100\/100\n|switch|p2a: Haunter|Haunter, L50, M|100\/100\n|switch|p2b: Garchomp|Garchomp, L50, M|100\/100\n|-ability|p1a: Arcanine|Intimidate|boost\n|-unboost|p2a: Haunter|atk|1\n|-unboost|p2b: Garchomp|atk|1\n|turn|1\n|\n|t:|1681858917\n|-terastallize|p1b: Glimmora|Flying\n|move|p2b: Garchomp|Protect|p2b: Garchomp\n|-singleturn|p2b: Garchomp|Protect\n|move|p1a: Arcanine|Protect|p1a: Arcanine\n|-singleturn|p1a: Arcanine|Protect\n|move|p2a: Haunter|Substitute|p2a: Haunter\n|-start|p2a: Haunter|Substitute\n|-damage|p2a: Haunter|75\/100\n|move|p1b: Glimmora|Mortal Spin|p2b: Garchomp|[spread] p2a\n|-activate|p2b: Garchomp|move: Protect\n|-resisted|p2a: Haunter\n|-activate|p2a: Haunter|move: Substitute|[damage]\n|\n|-heal|p2a: Haunter|81\/100|[from] item: Leftovers\n|upkeep\n|turn|2\n|\n|t:|1681858956\n|move|p2b: Garchomp|Earthquake|p1b: Glimmora|[spread] p1a\n|-immune|p2a: Haunter|[from] ability: Levitate\n|-immune|p1b: Glimmora\n|-supereffective|p1a: Arcanine\n|-damage|p1a: Arcanine|42\/100\n|move|p2a: Haunter|Shadow Ball|p1a: Arcanine\n|-damage|p1a: Arcanine|2\/100\n|move|p1b: Glimmora|Earth Power|p2b: Garchomp\n|-damage|p2b: Garchomp|65\/100\n|move|p1a: Arcanine|Flare Blitz|p2a: Haunter\n|-end|p2a: Haunter|Substitute\n|-damage|p1a: Arcanine|0 fnt|[from] Recoil|[of] p2a: Haunter\n|faint|p1a: Arcanine\n|\n|-heal|p2a: Haunter|87\/100|[from] item: Leftovers\n|upkeep\n|\n|t:|1681858979\n|switch|p1a: Iron Bundle|Iron Bundle, L50|100\/100\n|-enditem|p1a: Iron Bundle|Booster Energy\n|-activate|p1a: Iron Bundle|ability: Quark Drive|[fromitem]\n|-start|p1a: Iron Bundle|quarkdrivespe\n|turn|3\n|\n|t:|1681859006\n|switch|p2a: Tyranitar|Tyranitar, L50, F|100\/100\n|-weather|Sandstorm|[from] ability: Sand Stream|[of] p2a: Tyranitar\n|move|p2b: Garchomp|Protect|p2b: Garchomp\n|-singleturn|p2b: Garchomp|Protect\n|move|p1a: Iron Bundle|Icy Wind|p2b: Garchomp|[spread] p2a\n|-activate|p2b: Garchomp|move: Protect\n|-damage|p2a: Tyranitar|94\/100\n|-unboost|p2a: Tyranitar|spe|1\n|move|p1b: Glimmora|Power Gem|p2a: Tyranitar\n|-damage|p2a: Tyranitar|76\/100\n|\n|-weather|Sandstorm|[upkeep]\n|-damage|p1a: Iron Bundle|94\/100|[from] Sandstorm\n|-damage|p1b: Glimmora|95\/100|[from] Sandstorm\n|upkeep\n|turn|4\n|\n|t:|1681859047\n|-terastallize|p2a: Tyranitar|Flying\n|move|p1a: Iron Bundle|Freeze-Dry|p2b: Garchomp\n|-supereffective|p2b: Garchomp\n|-damage|p2b: Garchomp|0 fnt\n|faint|p2b: Garchomp\n|move|p1b: Glimmora|Earth Power|p2a: Tyranitar\n|-immune|p2a: Tyranitar\n|move|p2a: Tyranitar|Rock Slide|p1a: Iron Bundle|[spread] p1a,p1b\n|-supereffective|p1a: Iron Bundle\n|-supereffective|p1b: Glimmora\n|-damage|p1a: Iron Bundle|27\/100\n|-damage|p1b: Glimmora|14\/100\n|-activate|p1b: Glimmora|ability: Toxic Debris\n|-sidestart|p2: DegeneraVGC|move: Toxic Spikes\n|\n|-weather|Sandstorm|[upkeep]\n|-damage|p1a: Iron Bundle|21\/100|[from] Sandstorm\n|-damage|p1b: Glimmora|8\/100|[from] Sandstorm\n|-damage|p2a: Tyranitar|70\/100|[from] Sandstorm\n|upkeep\n|\n|t:|1681859052\n|switch|p2b: Lycanroc|Lycanroc, L50, M|100\/100\n|-status|p2b: Lycanroc|psn\n|turn|5\n|\n|t:|1681859091\n|move|p2b: Lycanroc|Rock Slide|p1b: Glimmora|[spread] p1a,p1b\n|-supereffective|p1a: Iron Bundle\n|-supereffective|p1b: Glimmora\n|-damage|p1a: Iron Bundle|0 fnt\n|-damage|p1b: Glimmora|0 fnt\n|-activate|p1b: Glimmora|ability: Toxic Debris\n|-sidestart|p2: DegeneraVGC|move: Toxic Spikes\n|faint|p1a: Iron Bundle\n|-end|p1a: Iron Bundle|Quark Drive|[silent]\n|faint|p1b: Glimmora\n|move|p2a: Tyranitar|Low Kick|p1: Iron Bundle|[notarget]\n|-fail|p2a: Tyranitar\n|\n|-weather|Sandstorm|[upkeep]\n|-damage|p2a: Tyranitar|65\/100|[from] Sandstorm\n|-damage|p2b: Lycanroc|88\/100 psn|[from] psn\n|upkeep\n|c|\u2606Trainerblk|Noice GG\n|-message|Trainerblk forfeited.\n|\n|win|DegeneraVGC\n|raw|Trainerblk's rating: 1284 → 1257<\/strong> (-27 for losing)\n|raw|DegeneraVGC's rating: 1253 → 1280<\/strong> (+27 for winning)\n|l|\u2606Trainerblk\n|c|\u2606DegeneraVGC|gg\n","uploadtime":1681859143,"views":8,"p1id":"trainerblk","p2id":"degeneravgc","formatid":"gen9vgc2023regulationc","rating":1257,"private":0,"password":""}