{"id":"gen9vgc2023regulationc-1862411673","p1":"rikysama","p2":"XArtificeGodZ","format":"[Gen 9] VGC 2023 Regulation C","log":"|j|\u2606rikysama\n|j|\u2606XArtificeGodZ\n|t:|1683881745\n|gametype|doubles\n|player|p1|rikysama|lucas|1606\n|player|p2|XArtificeGodZ|2|1640\n|teamsize|p1|6\n|teamsize|p2|6\n|gen|9\n|tier|[Gen 9] VGC 2023 Regulation C\n|rated|\n|rule|Species Clause: Limit one of each Pok\u00e9mon\n|rule|Item Clause: Limit one of each item\n|clearpoke\n|poke|p1|Farigiraf, L50, F|\n|poke|p1|Iron Hands, L50|\n|poke|p1|Chi-Yu, L50|\n|poke|p1|Flutter Mane, L50|\n|poke|p1|Amoonguss, L50, M|\n|poke|p1|Gyarados, L50, M|\n|poke|p2|Arcanine, L50, M|\n|poke|p2|Palafin, L50, M|\n|poke|p2|Amoonguss, L50, F|\n|poke|p2|Chien-Pao, L50|\n|poke|p2|Dragonite, L50, M|\n|poke|p2|Flutter Mane, L50|\n|teampreview|4\nrikysama has agreed to open team sheets.\nXArtificeGodZ has agreed to open team sheets.\n|j| Nigeriane 4TW\n|inactive|Battle timer is ON: inactive players will automatically lose when time's up. (requested by XArtificeGodZ)\n|j| Rabbihorn\n|inactive|rikysama has 60 seconds left.\n|j| Null66\n|l| Null66\n|j| NaughtyGirl-chan\n|inactive|rikysama has 30 seconds left.\n|\n|t:|1683881893\n|start\n|switch|p1a: Gyarados|Gyarados, L50, M, shiny|100\/100\n|switch|p1b: Chi-Yu|Chi-Yu, L50|100\/100\n|switch|p2a: Dragonite|Dragonite, L50, M|100\/100\n|switch|p2b: Palafin|Palafin, L50, M|100\/100\n|-ability|p1b: Chi-Yu|Beads of Ruin\n|-ability|p1a: Gyarados|Intimidate|boost\n|-fail|p2a: Dragonite|unboost|Attack|[from] ability: Inner Focus|[of] p2a: Dragonite\n|-unboost|p2b: Palafin|atk|1\n|turn|1\n|inactive|rikysama has 30 seconds left.\n|inactive|rikysama has 20 seconds left.\n|inactive|rikysama has 15 seconds left.\n|l| Rabbihorn\n|inactive|rikysama has 10 seconds left.\n|\n|t:|1683881938\n|detailschange|p2b: Palafin|Palafin-Hero, L50, M\n|switch|p2b: Arcanine|Arcanine, L50, M|100\/100\n|-ability|p2b: Arcanine|Intimidate|boost\n|-unboost|p1a: Gyarados|atk|1\n|-unboost|p1b: Chi-Yu|atk|1\n|-terastallize|p2a: Dragonite|Normal\n|move|p1b: Chi-Yu|Protect|p1b: Chi-Yu\n|-singleturn|p1b: Chi-Yu|Protect\n|move|p2a: Dragonite|Extreme Speed|p1b: Chi-Yu\n|-activate|p1b: Chi-Yu|move: Protect\n|move|p1a: Gyarados|Waterfall|p2a: Dragonite\n|-damage|p2a: Dragonite|78\/100\n|\n|upkeep\n|turn|2\n|inactive|rikysama has 30 seconds left.\n|inactive|rikysama has 20 seconds left.\n|inactive|rikysama has 15 seconds left.\n|inactive|rikysama has 10 seconds left.\n|inactive|rikysama has 5 seconds left.\n|\n|t:|1683881990\n|switch|p1b: Flutter Mane|Flutter Mane, L50|100\/100\n|-enditem|p1b: Flutter Mane|Booster Energy\n|-activate|p1b: Flutter Mane|ability: Protosynthesis|[fromitem]\n|-start|p1b: Flutter Mane|protosynthesisspa\n|move|p2a: Dragonite|Extreme Speed|p1b: Flutter Mane\n|-immune|p1b: Flutter Mane\n|move|p2b: Arcanine|Will-O-Wisp|p1a: Gyarados|[miss]\n|-miss|p2b: Arcanine|p1a: Gyarados\n|move|p1a: Gyarados|Thunder Wave|p2a: Dragonite\n|-status|p2a: Dragonite|par\n|\n|upkeep\n|turn|3\n|inactive|rikysama has 30 seconds left.\n|inactive|rikysama has 20 seconds left.\n|inactive|rikysama has 15 seconds left.\n|inactive|rikysama has 10 seconds left.\n|\n|t:|1683882038\n|switch|p1a: Amoonguss|Amoonguss, L50, M|100\/100\n|cant|p2a: Dragonite|par\n|move|p1b: Flutter Mane|Dazzling Gleam|p2b: Arcanine|[spread] p2a,p2b\n|-resisted|p2b: Arcanine\n|-damage|p2a: Dragonite|39\/100 par\n|-damage|p2b: Arcanine|82\/100\n|move|p2b: Arcanine|Flare Blitz|p1b: Flutter Mane\n|-damage|p1b: Flutter Mane|23\/100\n|-damage|p2b: Arcanine|64\/100|[from] Recoil\n|\n|upkeep\n|turn|4\n|inactive|rikysama has 30 seconds left.\n|inactive|rikysama has 20 seconds left.\n|inactive|rikysama has 15 seconds left.\n|inactive|rikysama has 10 seconds left.\n|inactive|rikysama has 5 seconds left.\n|\n|t:|1683882090\n|move|p2a: Dragonite|Extreme Speed|p1a: Amoonguss\n|-damage|p1a: Amoonguss|44\/100\n|-enditem|p1a: Amoonguss|Sitrus Berry|[eat]\n|-heal|p1a: Amoonguss|69\/100|[from] item: Sitrus Berry\n|move|p1b: Flutter Mane|Dazzling Gleam|p2b: Arcanine|[spread] p2a,p2b\n|-resisted|p2b: Arcanine\n|-damage|p2a: Dragonite|2\/100 par\n|-damage|p2b: Arcanine|45\/100\n|move|p2b: Arcanine|Flare Blitz|p1b: Flutter Mane\n|-damage|p1b: Flutter Mane|0 fnt\n|faint|p1b: Flutter Mane\n|-end|p1b: Flutter Mane|Protosynthesis|[silent]\n|-damage|p2b: Arcanine|39\/100|[from] Recoil\n|move|p1a: Amoonguss|Spore||[still]\n|-fail|p1a: Amoonguss\n|\n|upkeep\n|inactive|rikysama has 30 seconds left.\n|\n|t:|1683882117\n|switch|p1b: Gyarados|Gyarados, L50, M, shiny|100\/100\n|-ability|p1b: Gyarados|Intimidate|boost\n|-fail|p2a: Dragonite|unboost|Attack|[from] ability: Inner Focus|[of] p2a: Dragonite\n|-unboost|p2b: Arcanine|atk|1\n|turn|5\n|inactive|rikysama has 30 seconds left.\n|\n|t:|1683882143\n|cant|p2a: Dragonite|par\n|move|p2b: Arcanine|Flare Blitz|p1a: Amoonguss\n|-supereffective|p1a: Amoonguss\n|-damage|p1a: Amoonguss|20\/100\n|-damage|p2b: Arcanine|21\/100|[from] Recoil\n|move|p1b: Gyarados|Waterfall|p2b: Arcanine\n|-supereffective|p2b: Arcanine\n|-damage|p2b: Arcanine|0 fnt\n|faint|p2b: Arcanine\n|move|p1a: Amoonguss|Pollen Puff|p2a: Dragonite\n|-crit|p2a: Dragonite\n|-damage|p2a: Dragonite|0 fnt\n|faint|p2a: Dragonite\n|\n|upkeep\n|l| Nigeriane 4TW\n|\n|t:|1683882150\n|switch|p2b: Flutter Mane|Flutter Mane, L50|100\/100\n|switch|p2a: Palafin|Palafin-Hero, L50, M|100\/100\n|-activate|p2a: Palafin|ability: Zero to Hero\n|turn|6\n|j| VBPVBQWESF\n|inactive|rikysama has 30 seconds left.\n|inactive|rikysama has 20 seconds left.\n|\n|t:|1683882185\n|move|p2b: Flutter Mane|Dazzling Gleam|p1b: Gyarados|[spread] p1a,p1b\n|-resisted|p1a: Amoonguss\n|-crit|p1a: Amoonguss\n|-damage|p1a: Amoonguss|0 fnt\n|-damage|p1b: Gyarados|61\/100\n|faint|p1a: Amoonguss\n|move|p2a: Palafin|Substitute|p2a: Palafin\n|-start|p2a: Palafin|Substitute\n|-damage|p2a: Palafin|76\/100\n|move|p1b: Gyarados|Thunder Wave|p2b: Flutter Mane|[miss]\n|-miss|p1b: Gyarados|p2b: Flutter Mane\n|\n|upkeep\n|\n|t:|1683882196\n|switch|p1a: Chi-Yu|Chi-Yu, L50|100\/100\n|-ability|p1a: Chi-Yu|Beads of Ruin\n|turn|7\n|j| hshxjjxjxjjxjjx\n|\n|t:|1683882219\n|-terastallize|p1a: Chi-Yu|Water\n|move|p2a: Palafin|Jet Punch|p1a: Chi-Yu\n|-resisted|p1a: Chi-Yu\n|-damage|p1a: Chi-Yu|74\/100\n|move|p2b: Flutter Mane|Dazzling Gleam|p1b: Gyarados|[spread] p1a,p1b\n|-damage|p1a: Chi-Yu|30\/100\n|-damage|p1b: Gyarados|7\/100\n|-enditem|p1b: Gyarados|Aguav Berry|[eat]\n|-heal|p1b: Gyarados|40\/100|[from] item: Aguav Berry\n|move|p1a: Chi-Yu|Heat Wave|p2a: Palafin|[spread] p2a,p2b\n|-resisted|p2a: Palafin\n|-activate|p2a: Palafin|move: Substitute|[damage]\n|-damage|p2b: Flutter Mane|47\/100\n|move|p1b: Gyarados|Waterfall|p2b: Flutter Mane\n|-damage|p2b: Flutter Mane|0 fnt\n|faint|p2b: Flutter Mane\n|-end|p2b: Flutter Mane|Protosynthesis|[silent]\n|\n|-heal|p1a: Chi-Yu|37\/100|[from] item: Leftovers\n|upkeep\n|turn|8\n|inactive|rikysama has 30 seconds left.\n|\n|t:|1683882250\n|move|p1a: Chi-Yu|Protect|p1a: Chi-Yu\n|-singleturn|p1a: Chi-Yu|Protect\n|move|p2a: Palafin|Wave Crash|p1b: Gyarados\n|-resisted|p1b: Gyarados\n|-damage|p1b: Gyarados|2\/100\n|-damage|p2a: Palafin|64\/100|[from] Recoil\n|move|p1b: Gyarados|Waterfall|p2a: Palafin\n|-resisted|p2a: Palafin\n|-end|p2a: Palafin|Substitute\n|\n|-heal|p1a: Chi-Yu|43\/100|[from] item: Leftovers\n|upkeep\n|turn|9\n|\n|t:|1683882267\n|move|p1a: Chi-Yu|Dark Pulse|p2a: Palafin\n|-damage|p2a: Palafin|9\/100\n|move|p2a: Palafin|Wave Crash|p1a: Chi-Yu\n|-resisted|p1a: Chi-Yu\n|-damage|p1a: Chi-Yu|0 fnt\n|faint|p1a: Chi-Yu\n|-damage|p2a: Palafin|0 fnt|[from] Recoil\n|faint|p2a: Palafin\n|\n|win|rikysama\n|raw|rikysama's rating: 1606 → 1628<\/strong> (+22 for winning)\n|raw|XArtificeGodZ's rating: 1640 → 1618<\/strong> (-22 for losing)\n|l|\u2606XArtificeGodZ\n|l| NaughtyGirl-chan\n|l| VBPVBQWESF\n","uploadtime":1683882284,"views":7,"p1id":"rikysama","p2id":"xartificegodz","formatid":"gen9vgc2023regulationc","rating":1618,"private":0,"password":""}