{"id":"gen9vgc2023regulationc-1848805595","p1":"RandumbRaccoon","p2":"SoutherlySoup","format":"[Gen 9] VGC 2023 Regulation C","log":"|j|\u2606RandumbRaccoon\n|j|\u2606SoutherlySoup\n|t:|1682112293\n|gametype|doubles\n|player|p1|RandumbRaccoon|ingo|1138\n|player|p2|SoutherlySoup|dawn|1187\n|teamsize|p1|6\n|teamsize|p2|6\n|gen|9\n|tier|[Gen 9] VGC 2023 Regulation C\n|rated|\n|rule|Species Clause: Limit one of each Pok\u00e9mon\n|rule|Item Clause: Limit one of each item\n|clearpoke\n|poke|p1|Flutter Mane, L50|\n|poke|p1|Amoonguss, L50, M|\n|poke|p1|Palafin, L50, M|\n|poke|p1|Arcanine, L50, M|\n|poke|p1|Chien-Pao, L50|\n|poke|p1|Ting-Lu, L50|\n|poke|p2|Tatsugiri, L50, M|\n|poke|p2|Dondozo, L50, M|\n|poke|p2|Brute Bonnet, L50|\n|poke|p2|Chien-Pao, L50|\n|poke|p2|Amoonguss, L50, F|\n|poke|p2|Arcanine, L50, M|\n|teampreview|4\n|inactive|Battle timer is ON: inactive players will automatically lose when time's up. (requested by RandumbRaccoon)\nRandumbRaccoon has agreed to open team sheets.\n|\n|t:|1682112311\n|start\n|switch|p1a: Amoonguss|Amoonguss, L50, M|100\/100\n|switch|p1b: Palafin|Palafin, L50, M|100\/100\n|switch|p2a: Brute Bonnet|Brute Bonnet, L50|100\/100\n|switch|p2b: Chien-Pao|Chien-Pao, L50|100\/100\n|-ability|p2b: Chien-Pao|Sword of Ruin\n|-enditem|p2a: Brute Bonnet|Booster Energy\n|-activate|p2a: Brute Bonnet|ability: Protosynthesis|[fromitem]\n|-start|p2a: Brute Bonnet|protosynthesisatk\n|turn|1\n|\n|t:|1682112333\n|detailschange|p1b: Palafin|Palafin-Hero, L50, M\n|switch|p1b: Arcanine|Arcanine, L50, M|100\/100\n|-ability|p1b: Arcanine|Intimidate|boost\n|-unboost|p2a: Brute Bonnet|atk|1\n|-unboost|p2b: Chien-Pao|atk|1\n|-terastallize|p1a: Amoonguss|Water\n|move|p2b: Chien-Pao|Ice Spinner|p1a: Amoonguss\n|-resisted|p1a: Amoonguss\n|-damage|p1a: Amoonguss|79\/100\n|move|p2a: Brute Bonnet|Seed Bomb|p1a: Amoonguss\n|-supereffective|p1a: Amoonguss\n|-damage|p1a: Amoonguss|0 fnt\n|faint|p1a: Amoonguss\n|\n|upkeep\n|\n|t:|1682112345\n|switch|p1a: Palafin|Palafin-Hero, L50, M|100\/100\n|-activate|p1a: Palafin|ability: Zero to Hero\n|turn|2\n|inactive|SoutherlySoup has 30 seconds left.\n|\n|t:|1682112374\n|move|p2b: Chien-Pao|Throat Chop|p1b: Arcanine\n|-damage|p1b: Arcanine|46\/100\n|-start|p1b: Arcanine|Throat Chop|[silent]\n|-enditem|p1b: Arcanine|Sitrus Berry|[eat]\n|-heal|p1b: Arcanine|71\/100|[from] item: Sitrus Berry\n|move|p1a: Palafin|Drain Punch|p2b: Chien-Pao\n|-supereffective|p2b: Chien-Pao\n|-damage|p2b: Chien-Pao|0 fnt\n|faint|p2b: Chien-Pao\n|move|p1b: Arcanine|Will-O-Wisp|p2a: Brute Bonnet\n|-status|p2a: Brute Bonnet|brn\n|move|p2a: Brute Bonnet|Seed Bomb|p1a: Palafin\n|-supereffective|p1a: Palafin\n|-damage|p1a: Palafin|58\/100\n|\n|-damage|p2a: Brute Bonnet|95\/100 brn|[from] brn\n|upkeep\n|\n|t:|1682112386\n|switch|p2b: Dondozo|Dondozo, L50, M|100\/100\n|turn|3\n|\n|t:|1682112404\n|move|p1b: Arcanine|Helping Hand|p1a: Palafin\n|-singleturn|p1a: Palafin|Helping Hand|[of] p1b: Arcanine\n|move|p2b: Dondozo|Protect|p2b: Dondozo\n|-singleturn|p2b: Dondozo|Protect\n|move|p2a: Brute Bonnet|Sucker Punch||[still]\n|-fail|p2a: Brute Bonnet\n|move|p1a: Palafin|Drain Punch|p2b: Dondozo\n|-activate|p2b: Dondozo|move: Protect\n|\n|-damage|p2a: Brute Bonnet|89\/100 brn|[from] brn\n|-end|p1b: Arcanine|Throat Chop|[silent]\n|upkeep\n|turn|4\n|\n|t:|1682112421\n|-end|p2a: Brute Bonnet|Protosynthesis|[silent]\n|switch|p2a: Tatsugiri|Tatsugiri, L50, M|100\/100\n|-activate|p2a: Tatsugiri|ability: Commander|[of] p2b: Dondozo\n|-boost|p2b: Dondozo|atk|2\n|-boost|p2b: Dondozo|spa|2\n|-boost|p2b: Dondozo|spe|2\n|-boost|p2b: Dondozo|def|2\n|-boost|p2b: Dondozo|spd|2\n|-terastallize|p2b: Dondozo|Electric\n|move|p1a: Palafin|Drain Punch|p2a: Tatsugiri|[miss]\n|-miss|p1a: Palafin|p2a: Tatsugiri\n|move|p2b: Dondozo|Wave Crash|p1b: Arcanine\n|-supereffective|p1b: Arcanine\n|-damage|p1b: Arcanine|0 fnt\n|faint|p1b: Arcanine\n|-damage|p2b: Dondozo|84\/100|[from] Recoil\n|\n|-heal|p2b: Dondozo|90\/100|[from] item: Leftovers\n|upkeep\n|\n|t:|1682112433\n|switch|p1b: Flutter Mane|Flutter Mane, L50|100\/100\n|turn|5\n|\n|t:|1682112447\n|move|p1b: Flutter Mane|Moonblast|p2b: Dondozo\n|-damage|p2b: Dondozo|48\/100\n|move|p1a: Palafin|Bulk Up|p1a: Palafin\n|-boost|p1a: Palafin|atk|1\n|-boost|p1a: Palafin|def|1\n|move|p2b: Dondozo|Wave Crash|p1b: Flutter Mane\n|-damage|p1b: Flutter Mane|0 fnt\n|faint|p1b: Flutter Mane\n|-end|p1b: Flutter Mane|Protosynthesis|[silent]\n|-damage|p2b: Dondozo|29\/100|[from] Recoil\n|\n|-heal|p2b: Dondozo|35\/100|[from] item: Leftovers\n|upkeep\n|turn|6\n|\n|t:|1682112458\n|move|p2b: Dondozo|Protect|p2b: Dondozo\n|-singleturn|p2b: Dondozo|Protect\n|move|p1a: Palafin|Drain Punch|p2b: Dondozo\n|-activate|p2b: Dondozo|move: Protect\n|\n|-heal|p2b: Dondozo|41\/100|[from] item: Leftovers\n|upkeep\n|turn|7\n|\n|t:|1682112466\n|move|p1a: Palafin|Drain Punch|p2b: Dondozo\n|-damage|p2b: Dondozo|31\/100\n|-heal|p1a: Palafin|64\/100|[from] drain|[of] p2b: Dondozo\n|move|p2b: Dondozo|Tera Blast|p1a: Palafin\n|-supereffective|p1a: Palafin\n|-damage|p1a: Palafin|0 fnt\n|faint|p1a: Palafin\n|\n|win|SoutherlySoup\n|raw|RandumbRaccoon's rating: 1138 → 1117<\/strong> (-21 for losing)\n|raw|SoutherlySoup's rating: 1187 → 1208<\/strong> (+21 for winning)\n|l|\u2606RandumbRaccoon\n","uploadtime":1682112478,"views":12,"p1id":"randumbraccoon","p2id":"southerlysoup","formatid":"gen9vgc2023regulationc","rating":1117,"private":0,"password":""}