{"id":"gen9vgc2023regulationc-1860493056","p1":"Yukiler","p2":"JustABizarreJoJo","format":"[Gen 9] VGC 2023 Regulation C","log":"|j|\u2606Yukiler\n|j|\u2606JustABizarreJoJo\n|t:|1683648952\n|gametype|doubles\n|player|p1|Yukiler|102|1086\n|player|p2|JustABizarreJoJo|nobunaga-conquest|1153\n|teamsize|p1|6\n|teamsize|p2|6\n|gen|9\n|tier|[Gen 9] VGC 2023 Regulation C\n|rated|\n|rule|Species Clause: Limit one of each Pok\u00e9mon\n|rule|Item Clause: Limit one of each item\n|clearpoke\n|poke|p1|Dragapult, L50, F|\n|poke|p1|Chien-Pao, L50|\n|poke|p1|Arcanine, L50, M|\n|poke|p1|Palafin, L50, F|\n|poke|p1|Amoonguss, L50, F|\n|poke|p1|Flutter Mane, L50|\n|poke|p2|Flutter Mane, L50|\n|poke|p2|Torkoal, L50, M|\n|poke|p2|Great Tusk, L50|\n|poke|p2|Chi-Yu, L50|\n|poke|p2|Jumpluff, L50, F|\n|poke|p2|Kingambit, L50, M|\n|teampreview|4\n|\n|t:|1683648962\n|start\n|switch|p1a: Palafin|Palafin, L50, F|100\/100\n|switch|p1b: Arcanine|Arcanine, L50, M|100\/100\n|switch|p2a: RATIO|Chi-Yu, L50|100\/100\n|switch|p2b: Schmurda|Torkoal, L50, M|100\/100\n|-ability|p2a: RATIO|Beads of Ruin\n|-ability|p1b: Arcanine|Intimidate|boost\n|-unboost|p2a: RATIO|atk|1\n|-unboost|p2b: Schmurda|atk|1\n|-enditem|p2b: Schmurda|Eject Pack\n|\n|t:|1683648965\n|switch|p2b: E.D. ESTAROSSA|Great Tusk, L50|100\/100\n|turn|1\n|inactive|Battle timer is ON: inactive players will automatically lose when time's up. (requested by JustABizarreJoJo)\n|\n|t:|1683649010\n|-terastallize|p1a: Palafin|Water\n|move|p2a: RATIO|Dark Pulse|p1b: Arcanine\n|-damage|p1b: Arcanine|38\/100\n|move|p2b: E.D. ESTAROSSA|Headlong Rush|p1b: Arcanine\n|-supereffective|p1b: Arcanine\n|-damage|p1b: Arcanine|0 fnt\n|-unboost|p2b: E.D. ESTAROSSA|def|1\n|-unboost|p2b: E.D. ESTAROSSA|spd|1\n|faint|p1b: Arcanine\n|-damage|p2b: E.D. ESTAROSSA|90\/100|[from] item: Life Orb\n|move|p1a: Palafin|Wave Crash|p2b: E.D. ESTAROSSA\n|-supereffective|p2b: E.D. ESTAROSSA\n|-damage|p2b: E.D. ESTAROSSA|0 fnt\n|faint|p2b: E.D. ESTAROSSA\n|-end|p2b: E.D. ESTAROSSA|Protosynthesis|[silent]\n|-damage|p1a: Palafin|72\/100|[from] Recoil\n|\n|upkeep\n|\n|t:|1683649028\n|switch|p2b: Schmurda|Torkoal, L50, M|100\/100\n|switch|p1b: Chien-Pao|Chien-Pao, L50|100\/100\n|-ability|p1b: Chien-Pao|Sword of Ruin\n|-weather|SunnyDay|[from] ability: Drought|[of] p2b: Schmurda\n|turn|2\n|\n|t:|1683649040\n|move|p2b: Schmurda|Protect|p2b: Schmurda\n|-singleturn|p2b: Schmurda|Protect\n|move|p1b: Chien-Pao|Sucker Punch|p2a: RATIO\n|-resisted|p2a: RATIO\n|-damage|p2a: RATIO|64\/100\n|move|p2a: RATIO|Dark Pulse|p1a: Palafin\n|-damage|p1a: Palafin|0 fnt\n|faint|p1a: Palafin\n|\n|-weather|SunnyDay|[upkeep]\n|upkeep\n|\n|t:|1683649049\n|switch|p1a: Amoonguss|Amoonguss, L50, F|100\/100\n|turn|3\n|\n|t:|1683649059\n|-terastallize|p2a: RATIO|Grass\n|move|p2a: RATIO|Dark Pulse|p1b: Chien-Pao\n|-resisted|p1b: Chien-Pao\n|-damage|p1b: Chien-Pao|56\/100\n|move|p1b: Chien-Pao|Sacred Sword|p2a: RATIO\n|-damage|p2a: RATIO|0 fnt\n|faint|p2a: RATIO\n|move|p1a: Amoonguss|Spore|p2b: Schmurda\n|-status|p2b: Schmurda|slp|[from] move: Spore\n|cant|p2b: Schmurda|slp\n|\n|-weather|SunnyDay|[upkeep]\n|upkeep\n|\n|t:|1683649070\n|switch|p2a: Vegas Nights|Flutter Mane, L50|100\/100\n|-activate|p2a: Vegas Nights|ability: Protosynthesis\n|-start|p2a: Vegas Nights|protosynthesisspe\n|turn|4\n|\n|t:|1683649081\n|move|p1b: Chien-Pao|Sucker Punch|p2a: Vegas Nights\n|-damage|p2a: Vegas Nights|28\/100\n|move|p2a: Vegas Nights|Mystical Fire|p1a: Amoonguss\n|-supereffective|p1a: Amoonguss\n|-damage|p1a: Amoonguss|11\/100\n|-unboost|p1a: Amoonguss|spa|1\n|-enditem|p1a: Amoonguss|Sitrus Berry|[eat]\n|-heal|p1a: Amoonguss|36\/100|[from] item: Sitrus Berry\n|move|p1a: Amoonguss|Pollen Puff|p1b: Chien-Pao\n|-heal|p1b: Chien-Pao|100\/100\n|cant|p2b: Schmurda|slp\n|\n|-weather|SunnyDay|[upkeep]\n|upkeep\n|turn|5\n|\n|t:|1683649100\n|move|p1a: Amoonguss|Protect|p1a: Amoonguss\n|-singleturn|p1a: Amoonguss|Protect\n|move|p1b: Chien-Pao|Sucker Punch|p2a: Vegas Nights\n|-damage|p2a: Vegas Nights|0 fnt\n|faint|p2a: Vegas Nights\n|-end|p2a: Vegas Nights|Protosynthesis|[silent]\n|cant|p2b: Schmurda|slp\n|\n|-weather|SunnyDay|[upkeep]\n|upkeep\n|turn|6\n|\n|t:|1683649113\n|move|p1b: Chien-Pao|Sacred Sword|p2b: Schmurda\n|-damage|p2b: Schmurda|73\/100 slp\n|move|p1a: Amoonguss|Spore|p2b: Schmurda\n|-fail|p2b: Schmurda|slp\n|-curestatus|p2b: Schmurda|slp|[msg]\n|move|p2b: Schmurda|Heat Wave|p1b: Chien-Pao|[spread] p1a,p1b\n|-supereffective|p1a: Amoonguss\n|-supereffective|p1b: Chien-Pao\n|-damage|p1a: Amoonguss|0 fnt\n|-enditem|p1b: Chien-Pao|Focus Sash\n|-damage|p1b: Chien-Pao|1\/100\n|faint|p1a: Amoonguss\n|\n|-weather|none\n|upkeep\n|turn|7\n|\n|t:|1683649128\n|move|p1b: Chien-Pao|Sacred Sword|p2b: Schmurda\n|-damage|p2b: Schmurda|47\/100\n|move|p2b: Schmurda|Clear Smog|p1b: Chien-Pao\n|-damage|p1b: Chien-Pao|0 fnt\n|-clearboost|p1b: Chien-Pao\n|faint|p1b: Chien-Pao\n|\n|win|JustABizarreJoJo\n|raw|Yukiler's rating: 1086 → 1067<\/strong> (-19 for losing)\n|raw|JustABizarreJoJo's rating: 1153 → 1173<\/strong> (+20 for winning)\n|c|\u2606JustABizarreJoJo|E.D. ESTAROSSA SECURES THE BAG\n|c|\u2606JustABizarreJoJo|Gg\n|l|\u2606Yukiler\n","uploadtime":1683649140,"views":13,"p1id":"yukiler","p2id":"justabizarrejojo","formatid":"gen9vgc2023regulationc","rating":1067,"private":0,"password":""}