{"id":"gen9vgc2023regulationc-1854616025","p1":"lohnernest","p2":"TrainerRYSA","format":"[Gen 9] VGC 2023 Regulation C","log":"|j|\u2606lohnernest\n|j|\u2606TrainerRYSA\n|t:|1682836613\n|gametype|doubles\n|player|p1|lohnernest|linebacker|1174\n|player|p2|TrainerRYSA|1|1246\n|teamsize|p1|6\n|teamsize|p2|6\n|gen|9\n|tier|[Gen 9] VGC 2023 Regulation C\n|rated|\n|rule|Species Clause: Limit one of each Pok\u00e9mon\n|rule|Item Clause: Limit one of each item\n|clearpoke\n|poke|p1|Dachsbun, L50, M|\n|poke|p1|Dragonite, L50, M|\n|poke|p1|Flutter Mane, L50|\n|poke|p1|Azumarill, L50, M|\n|poke|p1|Chi-Yu, L50|\n|poke|p1|Chien-Pao, L50|\n|poke|p2|Flutter Mane, L50|\n|poke|p2|Iron Hands, L50|\n|poke|p2|Dragonite, L50, M|\n|poke|p2|Umbreon, L50, M|\n|poke|p2|Gyarados, L50, M|\n|poke|p2|Palafin, L50, F|\n|teampreview|4\n|inactive|Battle timer is ON: inactive players will automatically lose when time's up. (requested by lohnernest)\nTrainerRYSA has agreed to open team sheets.\n|inactive|TrainerRYSA has 60 seconds left.\n|\n|t:|1682836668\n|start\n|switch|p1a: Chi-Yu|Chi-Yu, L50|100\/100\n|switch|p1b: Dachsbun|Dachsbun, L50, M|100\/100\n|switch|p2a: Gyarados|Gyarados, L50, M, shiny|100\/100\n|switch|p2b: Sasuke|Umbreon, L50, M, shiny|100\/100\n|-ability|p1a: Chi-Yu|Beads of Ruin\n|-ability|p2a: Gyarados|Intimidate|boost\n|-unboost|p1a: Chi-Yu|atk|1\n|-unboost|p1b: Dachsbun|atk|1\n|turn|1\n|inactive|TrainerRYSA has 30 seconds left.\n|\n|t:|1682836697\n|-terastallize|p2b: Sasuke|Water\n|move|p1a: Chi-Yu|Lava Plume|p2b: Sasuke|[spread] p2a,p2b\n|-ability|p1b: Dachsbun|Well-Baked Body|boost\n|-boost|p1b: Dachsbun|def|2\n|-enditem|p2b: Sasuke|Mirror Herb\n|-boost|p2b: Sasuke|def|2|[from] item: Mirror Herb\n|-resisted|p2a: Gyarados\n|-resisted|p2b: Sasuke\n|-damage|p2a: Gyarados|79\/100\n|-damage|p2b: Sasuke|85\/100\n|-status|p2a: Gyarados|brn\n|move|p2a: Gyarados|Waterfall|p1a: Chi-Yu\n|-supereffective|p1a: Chi-Yu\n|-damage|p1a: Chi-Yu|26\/100\n|move|p1b: Dachsbun|Yawn||[still]\n|-fail|p1b: Dachsbun\n|move|p2b: Sasuke|Skill Swap|p1b: Dachsbun\n|-activate|p2b: Sasuke|move: Skill Swap|Well-Baked Body|Inner Focus|[of] p1b: Dachsbun\n|\n|-damage|p2a: Gyarados|73\/100 brn|[from] brn\n|upkeep\n|turn|2\n|inactive|lohnernest has 30 seconds left.\n|inactive|TrainerRYSA has 30 seconds left.\n|inactive|lohnernest has 20 seconds left.\n|inactive|TrainerRYSA has 20 seconds left.\n|inactive|lohnernest has 15 seconds left.\n|\n|t:|1682836738\n|switch|p1a: Flutter Mane|Flutter Mane, L50|100\/100\n|-enditem|p1a: Flutter Mane|Booster Energy\n|-activate|p1a: Flutter Mane|ability: Protosynthesis|[fromitem]\n|-start|p1a: Flutter Mane|protosynthesisspe\n|move|p2a: Gyarados|Iron Head|p1b: Dachsbun\n|-supereffective|p1b: Dachsbun\n|-damage|p1b: Dachsbun|86\/100\n|move|p1b: Dachsbun|Yawn|p2b: Sasuke\n|-start|p2b: Sasuke|move: Yawn|[of] p1b: Dachsbun\n|move|p2b: Sasuke|Snarl|p1b: Dachsbun|[spread] p1a,p1b\n|-resisted|p1b: Dachsbun\n|-damage|p1a: Flutter Mane|92\/100\n|-damage|p1b: Dachsbun|82\/100\n|-unboost|p1a: Flutter Mane|spa|1\n|-unboost|p1b: Dachsbun|spa|1\n|\n|-heal|p1b: Dachsbun|88\/100|[from] item: Leftovers\n|-damage|p2a: Gyarados|67\/100 brn|[from] brn\n|upkeep\n|turn|3\n|inactive|lohnernest has 30 seconds left.\n|inactive|TrainerRYSA has 30 seconds left.\n|\n|t:|1682836770\n|switch|p2b: Iron Hands|Iron Hands, L50|100\/100\n|move|p1a: Flutter Mane|Dazzling Gleam|p2a: Gyarados|[spread] p2a,p2b\n|-supereffective|p2b: Iron Hands\n|-damage|p2a: Gyarados|42\/100 brn\n|-damage|p2b: Iron Hands|81\/100\n|-enditem|p2a: Gyarados|Sitrus Berry|[eat]\n|-heal|p2a: Gyarados|67\/100 brn|[from] item: Sitrus Berry\n|move|p2a: Gyarados|Iron Head|p1a: Flutter Mane\n|-supereffective|p1a: Flutter Mane\n|-damage|p1a: Flutter Mane|36\/100\n|move|p1b: Dachsbun|Body Press|p2b: Iron Hands\n|-damage|p2b: Iron Hands|53\/100\n|\n|-heal|p1b: Dachsbun|94\/100|[from] item: Leftovers\n|-damage|p2a: Gyarados|61\/100 brn|[from] brn\n|upkeep\n|turn|4\n|\n|t:|1682836792\n|move|p1a: Flutter Mane|Dazzling Gleam|p2a: Gyarados|[spread] p2a,p2b\n|-supereffective|p2b: Iron Hands\n|-damage|p2a: Gyarados|40\/100 brn\n|-damage|p2b: Iron Hands|30\/100\n|move|p2a: Gyarados|Iron Head|p1a: Flutter Mane\n|-supereffective|p1a: Flutter Mane\n|-damage|p1a: Flutter Mane|0 fnt\n|faint|p1a: Flutter Mane\n|-end|p1a: Flutter Mane|Protosynthesis|[silent]\n|move|p1b: Dachsbun|Yawn|p2b: Iron Hands\n|-start|p2b: Iron Hands|move: Yawn|[of] p1b: Dachsbun\n|move|p2b: Iron Hands|Heavy Slam|p1b: Dachsbun\n|-supereffective|p1b: Dachsbun\n|-damage|p1b: Dachsbun|55\/100\n|\n|-heal|p1b: Dachsbun|61\/100|[from] item: Leftovers\n|-damage|p2a: Gyarados|34\/100 brn|[from] brn\n|upkeep\n|\n|t:|1682836808\n|switch|p1a: Chi-Yu|Chi-Yu, L50|26\/100\n|-ability|p1a: Chi-Yu|Beads of Ruin\n|turn|5\n|inactive|lohnernest has 30 seconds left.\n|\n|t:|1682836834\n|-end|p2b: Iron Hands|Quark Drive|[silent]\n|switch|p2b: Sasuke|Umbreon, L50, M, shiny, tera:Water|85\/100\n|move|p1a: Chi-Yu|Snarl|p2a: Gyarados|[spread] p2a,p2b\n|-damage|p2a: Gyarados|5\/100 brn\n|-damage|p2b: Sasuke|64\/100\n|-unboost|p2a: Gyarados|spa|1\n|-unboost|p2b: Sasuke|spa|1\n|move|p2a: Gyarados|Waterfall|p1a: Chi-Yu\n|-supereffective|p1a: Chi-Yu\n|-damage|p1a: Chi-Yu|0 fnt\n|faint|p1a: Chi-Yu\n|move|p1b: Dachsbun|Wish|p1b: Dachsbun\n|\n|-heal|p1b: Dachsbun|68\/100|[from] item: Leftovers\n|-damage|p2a: Gyarados|0 fnt|[from] brn\n|faint|p2a: Gyarados\n|upkeep\n|\n|t:|1682836855\n|switch|p1a: Azumarill|Azumarill, L50, M|100\/100\n|switch|p2a: Flutter Mane|Flutter Mane, L50|100\/100\n|-enditem|p2a: Flutter Mane|Booster Energy\n|-activate|p2a: Flutter Mane|ability: Protosynthesis|[fromitem]\n|-start|p2a: Flutter Mane|protosynthesisspa\n|turn|6\n|\n|t:|1682836873\n|move|p2a: Flutter Mane|Shadow Ball|p1a: Azumarill\n|-damage|p1a: Azumarill|39\/100\n|move|p1b: Dachsbun|Yawn|p2a: Flutter Mane\n|-start|p2a: Flutter Mane|move: Yawn|[of] p1b: Dachsbun\n|move|p2b: Sasuke|Skill Swap|p1a: Azumarill\n|-activate|p2b: Sasuke|move: Skill Swap|Huge Power|Inner Focus|[of] p1a: Azumarill\n|move|p1a: Azumarill|Liquidation|p2a: Flutter Mane\n|-damage|p2a: Flutter Mane|56\/100\n|\n|-heal|p1b: Dachsbun|100\/100|[from] move: Wish|[wisher] Dachsbun\n|upkeep\n|turn|7\n|inactive|TrainerRYSA has 30 seconds left.\n|\n|t:|1682836905\n|move|p1a: Azumarill|Protect|p1a: Azumarill\n|-singleturn|p1a: Azumarill|Protect\n|move|p2a: Flutter Mane|Shadow Ball|p1a: Azumarill\n|-activate|p1a: Azumarill|move: Protect\n|move|p1b: Dachsbun|Body Press|p2b: Sasuke\n|-damage|p2b: Sasuke|38\/100\n|move|p2b: Sasuke|Foul Play|p1a: Azumarill\n|-activate|p1a: Azumarill|move: Protect\n|\n|-end|p2a: Flutter Mane|move: Yawn|[silent]\n|-status|p2a: Flutter Mane|slp\n|upkeep\n|turn|8\n|inactive|lohnernest has 30 seconds left.\n|\n|t:|1682836932\n|cant|p2a: Flutter Mane|slp\n|move|p1b: Dachsbun|Body Press|p2b: Sasuke\n|-damage|p2b: Sasuke|11\/100\n|move|p2b: Sasuke|Moonlight|p2b: Sasuke\n|-heal|p2b: Sasuke|61\/100\n|move|p1a: Azumarill|Play Rough|p2a: Flutter Mane|[miss]\n|-miss|p1a: Azumarill|p2a: Flutter Mane\n|\n|upkeep\n|turn|9\n|\n|t:|1682836950\n|cant|p2a: Flutter Mane|slp\n|move|p1b: Dachsbun|Body Press|p2b: Sasuke\n|-damage|p2b: Sasuke|35\/100\n|move|p2b: Sasuke|Foul Play|p1a: Azumarill\n|-resisted|p1a: Azumarill\n|-damage|p1a: Azumarill|7\/100\n|move|p1a: Azumarill|Play Rough|p2a: Flutter Mane|[miss]\n|-miss|p1a: Azumarill|p2a: Flutter Mane\n|\n|upkeep\n|turn|10\n|\n|t:|1682836965\n|move|p1a: Azumarill|Protect|p1a: Azumarill\n|-singleturn|p1a: Azumarill|Protect\n|cant|p2a: Flutter Mane|slp\n|move|p1b: Dachsbun|Yawn||[still]\n|-fail|p1b: Dachsbun\n|move|p2b: Sasuke|Moonlight|p2b: Sasuke\n|-heal|p2b: Sasuke|85\/100\n|\n|upkeep\n|turn|11\n|inactive|TrainerRYSA has 30 seconds left.\n|\n|t:|1682836990\n|move|p1a: Azumarill|Aqua Jet|p2a: Flutter Mane\n|-damage|p2a: Flutter Mane|36\/100 slp\n|-curestatus|p2a: Flutter Mane|slp|[msg]\n|move|p2a: Flutter Mane|Dazzling Gleam|p1b: Dachsbun|[spread] p1a,p1b\n|-damage|p1a: Azumarill|0 fnt\n|-damage|p1b: Dachsbun|64\/100\n|faint|p1a: Azumarill\n|move|p1b: Dachsbun|Body Press|p2b: Sasuke\n|-damage|p2b: Sasuke|58\/100\n|move|p2b: Sasuke|Snarl|p1b: Dachsbun\n|-resisted|p1b: Dachsbun\n|-damage|p1b: Dachsbun|60\/100\n|-unboost|p1b: Dachsbun|spa|1\n|\n|-heal|p1b: Dachsbun|66\/100|[from] item: Leftovers\n|upkeep\n|turn|12\n|-message|lohnernest forfeited.\n|\n|win|TrainerRYSA\n|raw|lohnernest's rating: 1174 → 1154<\/strong> (-20 for losing)\n|raw|TrainerRYSA's rating: 1246 → 1266<\/strong> (+20 for winning)\n|l|\u2606lohnernest\n","uploadtime":1682837017,"views":18,"p1id":"lohnernest","p2id":"trainerrysa","formatid":"gen9vgc2023regulationc","rating":1154,"private":0,"password":""}