{"id":"gen9vgc2023regulationc-1845565653","p1":"kukukachui","p2":"NotDaBoy","format":"[Gen 9] VGC 2023 Regulation C","log":"|j|\u2606kukukachui\n|j|\u2606NotDaBoy\n|t:|1681745516\n|gametype|doubles\n|player|p1|kukukachui|102|1301\n|player|p2|NotDaBoy|266|1376\n|teamsize|p1|6\n|teamsize|p2|6\n|gen|9\n|tier|[Gen 9] VGC 2023 Regulation C\n|rated|\n|rule|Species Clause: Limit one of each Pok\u00e9mon\n|rule|Item Clause: Limit one of each item\n|clearpoke\n|poke|p1|Arcanine, L50, M|\n|poke|p1|Ting-Lu, L50|\n|poke|p1|Amoonguss, L50, M|\n|poke|p1|Flutter Mane, L50|\n|poke|p1|Kingambit, L50, M|\n|poke|p1|Palafin, L50, F|\n|poke|p2|Chi-Yu, L50|\n|poke|p2|Flutter Mane, L50|\n|poke|p2|Iron Thorns, L50|\n|poke|p2|Gyarados, L50, M|\n|poke|p2|Brute Bonnet, L50|\n|poke|p2|Murkrow, L50, M|\n|teampreview|4\nkukukachui has agreed to open team sheets.\nNotDaBoy has agreed to open team sheets.\n|inactive|Battle timer is ON: inactive players will automatically lose when time's up. (requested by NotDaBoy)\n|\n|t:|1681745627\n|start\n|switch|p1a: Palafin|Palafin, L50, F|100\/100\n|switch|p1b: Kingambit|Kingambit, L50, M|100\/100\n|switch|p2a: Iron Thorns|Iron Thorns, L50|100\/100\n|switch|p2b: Chi-Yu|Chi-Yu, L50|100\/100\n|-ability|p2b: Chi-Yu|Beads of Ruin\n|turn|1\n|inactive|kukukachui has 30 seconds left.\n|inactive|kukukachui has 20 seconds left.\n|inactive|kukukachui has 15 seconds left.\n|inactive|kukukachui has 10 seconds left.\n|inactive|kukukachui has 5 seconds left.\n|\n|t:|1681745677\n|detailschange|p1a: Palafin|Palafin-Hero, L50, F\n|switch|p1a: Ting-Lu|Ting-Lu, L50|100\/100\n|-ability|p1a: Ting-Lu|Vessel of Ruin\n|-terastallize|p2b: Chi-Yu|Water\n|move|p2b: Chi-Yu|Heat Wave|p1a: Ting-Lu|[spread] p1a,p1b\n|-supereffective|p1b: Kingambit\n|-damage|p1a: Ting-Lu|83\/100\n|-damage|p1b: Kingambit|36\/100\n|move|p2a: Iron Thorns|Wild Charge|p1b: Kingambit\n|-damage|p1b: Kingambit|0 fnt\n|faint|p1b: Kingambit\n|-damage|p2a: Iron Thorns|91\/100|[from] Recoil\n|\n|upkeep\n|\n|t:|1681745697\n|switch|p1b: Arcanine|Arcanine, L50, M|100\/100\n|-ability|p1b: Arcanine|Intimidate|boost\n|-unboost|p2a: Iron Thorns|atk|1\n|-unboost|p2b: Chi-Yu|atk|1\n|turn|2\n|inactive|kukukachui has 30 seconds left.\n|inactive|kukukachui has 20 seconds left.\n|\n|t:|1681745732\n|-terastallize|p1a: Ting-Lu|Poison\n|move|p2a: Iron Thorns|Protect|p2a: Iron Thorns\n|-singleturn|p2a: Iron Thorns|Protect\n|move|p2b: Chi-Yu|Tera Blast|p1b: Arcanine\n|-supereffective|p1b: Arcanine\n|-crit|p1b: Arcanine\n|-damage|p1b: Arcanine|0 fnt\n|faint|p1b: Arcanine\n|move|p1a: Ting-Lu|Stomping Tantrum|p2a: Iron Thorns\n|-activate|p2a: Iron Thorns|move: Protect\n|\n|upkeep\n|\n|t:|1681745741\n|switch|p1b: Palafin|Palafin-Hero, L50, F|100\/100\n|-activate|p1b: Palafin|ability: Zero to Hero\n|turn|3\n|\n|t:|1681745761\n|-end|p2a: Iron Thorns|Quark Drive|[silent]\n|switch|p2a: Gyarados|Gyarados, L50, M|100\/100\n|-ability|p2a: Gyarados|Intimidate|boost\n|-unboost|p1a: Ting-Lu|atk|1\n|-unboost|p1b: Palafin|atk|1\n|move|p1b: Palafin|Protect|p1b: Palafin\n|-singleturn|p1b: Palafin|Protect\n|move|p2b: Chi-Yu|Tera Blast|p1a: Ting-Lu\n|-damage|p1a: Ting-Lu|64\/100\n|move|p1a: Ting-Lu|Stomping Tantrum|p2a: Gyarados\n|-immune|p2a: Gyarados\n|\n|upkeep\n|turn|4\n|\n|t:|1681745782\n|move|p1b: Palafin|Jet Punch|p2b: Chi-Yu\n|-resisted|p2b: Chi-Yu\n|-damage|p2b: Chi-Yu|80\/100\n|move|p2b: Chi-Yu|Tera Blast|p1a: Ting-Lu\n|-damage|p1a: Ting-Lu|44\/100\n|move|p2a: Gyarados|Thunder Wave|p1b: Palafin|[miss]\n|-miss|p2a: Gyarados|p1b: Palafin\n|move|p1a: Ting-Lu|Stone Edge|p2a: Gyarados\n|-supereffective|p2a: Gyarados\n|-damage|p2a: Gyarados|55\/100\n|\n|upkeep\n|turn|5\n|inactive|kukukachui has 30 seconds left.\n|\n|t:|1681745808\n|move|p1b: Palafin|Protect|p1b: Palafin\n|-singleturn|p1b: Palafin|Protect\n|move|p2b: Chi-Yu|Dark Pulse|p1b: Palafin\n|-activate|p1b: Palafin|move: Protect\n|move|p2a: Gyarados|Waterfall|p1a: Ting-Lu\n|-damage|p1a: Ting-Lu|26\/100\n|move|p1a: Ting-Lu|Stone Edge|p2a: Gyarados\n|-supereffective|p2a: Gyarados\n|-damage|p2a: Gyarados|5\/100\n|-enditem|p2a: Gyarados|Sitrus Berry|[eat]\n|-heal|p2a: Gyarados|30\/100|[from] item: Sitrus Berry\n|\n|upkeep\n|turn|6\n|\n|t:|1681745830\n|move|p2b: Chi-Yu|Tera Blast|p1a: Ting-Lu\n|-damage|p1a: Ting-Lu|8\/100\n|move|p1b: Palafin|Haze|p1b: Palafin\n|-clearallboost\n|move|p2a: Gyarados|Waterfall|p1a: Ting-Lu\n|-damage|p1a: Ting-Lu|0 fnt\n|faint|p1a: Ting-Lu\n|\n|upkeep\n|turn|7\n|\n|t:|1681745846\n|move|p1b: Palafin|Jet Punch|p2a: Gyarados\n|-resisted|p2a: Gyarados\n|-damage|p2a: Gyarados|4\/100\n|move|p2b: Chi-Yu|Dark Pulse|p1b: Palafin\n|-damage|p1b: Palafin|49\/100\n|move|p2a: Gyarados|Thunder Wave|p1b: Palafin\n|-status|p1b: Palafin|par\n|\n|upkeep\n|turn|8\n|\n|t:|1681745858\n|cant|p1b: Palafin|par\n|move|p2b: Chi-Yu|Dark Pulse|p1b: Palafin\n|-damage|p1b: Palafin|0 fnt\n|faint|p1b: Palafin\n|\n|win|NotDaBoy\n|raw|kukukachui's rating: 1301 → 1285<\/strong> (-16 for losing)\n|raw|NotDaBoy's rating: 1376 → 1392<\/strong> (+16 for winning)\n","uploadtime":1681745871,"views":9,"p1id":"kukukachui","p2id":"notdaboy","formatid":"gen9vgc2023regulationc","rating":1285,"private":0,"password":""}