{"id":"gen9vgc2023regulationc-1857207134","p1":"leafyarrow","p2":"The_Kamaster1278","format":"[Gen 9] VGC 2023 Regulation C","log":"|j|\u2606leafyarrow\n|j|\u2606The_Kamaster1278\n|t:|1683158014\n|gametype|doubles\n|player|p1|leafyarrow|leaf-masters|1238\n|player|p2|The_Kamaster1278|brycenman|1170\n|teamsize|p1|6\n|teamsize|p2|6\n|gen|9\n|tier|[Gen 9] VGC 2023 Regulation C\n|rated|\n|rule|Species Clause: Limit one of each Pok\u00e9mon\n|rule|Item Clause: Limit one of each item\n|clearpoke\n|poke|p1|Flutter Mane, L50|\n|poke|p1|Palafin, L50, M|\n|poke|p1|Amoonguss, L50, F|\n|poke|p1|Ting-Lu, L50|\n|poke|p1|Arcanine, L50, F|\n|poke|p1|Kingambit, L50, M|\n|poke|p2|Scovillain, L50, M|\n|poke|p2|Torkoal, L50, F|\n|poke|p2|Dragapult, L50, F|\n|poke|p2|Great Tusk, L50|\n|poke|p2|Chien-Pao, L50|\n|poke|p2|Flutter Mane, L50|\n|teampreview|4\nleafyarrow has agreed to open team sheets.\nThe_Kamaster1278 has agreed to open team sheets.\n|\n|t:|1683158065\n|start\n|switch|p1a: Arcanine|Arcanine, L50, F|100\/100\n|switch|p1b: Flutter Mane|Flutter Mane, L50|100\/100\n|switch|p2a: Torkoal|Torkoal, L50, F|100\/100\n|switch|p2b: Great Tusk|Great Tusk, L50|100\/100\n|-ability|p1a: Arcanine|Intimidate|boost\n|-unboost|p2a: Torkoal|atk|1\n|-enditem|p2a: Torkoal|Eject Pack\n|-fail|p2b: Great Tusk|unboost|[from] item: Clear Amulet|[of] p2b: Great Tusk\n|\n|t:|1683158079\n|switch|p2a: Scovillain|Scovillain, L50, M|100\/100\n|turn|1\n|\n|t:|1683158110\n|switch|p2a: Torkoal|Torkoal, L50, F|100\/100\n|-weather|SunnyDay|[from] ability: Drought|[of] p2a: Torkoal\n|-activate|p1b: Flutter Mane|ability: Protosynthesis\n|-start|p1b: Flutter Mane|protosynthesisspe\n|-activate|p2b: Great Tusk|ability: Protosynthesis\n|-start|p2b: Great Tusk|protosynthesisspe\n|move|p2b: Great Tusk|Protect|p2b: Great Tusk\n|-singleturn|p2b: Great Tusk|Protect\n|move|p1b: Flutter Mane|Moonblast|p2b: Great Tusk\n|-activate|p2b: Great Tusk|move: Protect\n|move|p1a: Arcanine|Will-O-Wisp|p2b: Great Tusk\n|-activate|p2b: Great Tusk|move: Protect\n|\n|-weather|SunnyDay|[upkeep]\n|upkeep\n|turn|2\n|\n|t:|1683158142\n|switch|p1a: Ting-Lu|Ting-Lu, L50|100\/100\n|-ability|p1a: Ting-Lu|Vessel of Ruin\n|switch|p2a: Scovillain|Scovillain, L50, M|100\/100\n|-terastallize|p2b: Great Tusk|Fire\n|move|p1b: Flutter Mane|Moonblast|p2b: Great Tusk\n|-resisted|p2b: Great Tusk\n|-damage|p2b: Great Tusk|68\/100\n|move|p2b: Great Tusk|Headlong Rush|p1b: Flutter Mane\n|-damage|p1b: Flutter Mane|3\/100\n|-unboost|p2b: Great Tusk|def|1\n|-unboost|p2b: Great Tusk|spd|1\n|\n|-weather|SunnyDay|[upkeep]\n|upkeep\n|turn|3\n|\n|t:|1683158186\n|move|p2a: Scovillain|Rage Powder|p2a: Scovillain\n|-singleturn|p2a: Scovillain|move: Rage Powder\n|move|p1b: Flutter Mane|Moonblast|p2a: Scovillain\n|-resisted|p2a: Scovillain\n|-damage|p2a: Scovillain|66\/100\n|move|p2b: Great Tusk|Close Combat|p1a: Ting-Lu\n|-supereffective|p1a: Ting-Lu\n|-damage|p1a: Ting-Lu|45\/100\n|-unboost|p2b: Great Tusk|def|1\n|-unboost|p2b: Great Tusk|spd|1\n|move|p1a: Ting-Lu|Stomping Tantrum|p2a: Scovillain\n|-damage|p2a: Scovillain|32\/100\n|\n|-weather|SunnyDay|[upkeep]\n|upkeep\n|turn|4\n|\n|t:|1683158219\n|move|p2b: Great Tusk|Protect|p2b: Great Tusk\n|-singleturn|p2b: Great Tusk|Protect\n|move|p1b: Flutter Mane|Moonblast|p2b: Great Tusk\n|-activate|p2b: Great Tusk|move: Protect\n|move|p2a: Scovillain|Leaf Storm|p1a: Ting-Lu\n|-supereffective|p1a: Ting-Lu\n|-damage|p1a: Ting-Lu|11\/100\n|-unboost|p2a: Scovillain|spa|2\n|move|p1a: Ting-Lu|Stomping Tantrum|p2a: Scovillain\n|-damage|p2a: Scovillain|0 fnt\n|faint|p2a: Scovillain\n|\n|-weather|SunnyDay|[upkeep]\n|upkeep\n|\n|t:|1683158231\n|switch|p2a: Chien-Pao|Chien-Pao, L50|100\/100\n|-ability|p2a: Chien-Pao|Sword of Ruin\n|turn|5\n|\n|t:|1683158249\n|switch|p1a: Arcanine|Arcanine, L50, F|100\/100\n|-ability|p1a: Arcanine|Intimidate|boost\n|-unboost|p2a: Chien-Pao|atk|1\n|-fail|p2b: Great Tusk|unboost|[from] item: Clear Amulet|[of] p2b: Great Tusk\n|move|p2a: Chien-Pao|Sucker Punch|p1b: Flutter Mane\n|-damage|p1b: Flutter Mane|0 fnt\n|faint|p1b: Flutter Mane\n|-end|p1b: Flutter Mane|Protosynthesis|[silent]\n|move|p2b: Great Tusk|Close Combat|p1a: Arcanine\n|-damage|p1a: Arcanine|32\/100\n|-unboost|p2b: Great Tusk|def|1\n|-unboost|p2b: Great Tusk|spd|1\n|\n|-weather|none\n|-end|p2b: Great Tusk|Protosynthesis\n|upkeep\n|\n|t:|1683158267\n|switch|p1b: Kingambit|Kingambit, L50, M|100\/100\n|turn|6\n|\n|t:|1683158291\n|-end|p2b: Great Tusk|Protosynthesis|[silent]\n|switch|p2b: Torkoal|Torkoal, L50, F|100\/100\n|-weather|SunnyDay|[from] ability: Drought|[of] p2b: Torkoal\n|-terastallize|p1b: Kingambit|Flying\n|move|p2a: Chien-Pao|Protect|p2a: Chien-Pao\n|-singleturn|p2a: Chien-Pao|Protect\n|move|p1a: Arcanine|Protect|p1a: Arcanine\n|-singleturn|p1a: Arcanine|Protect\n|move|p1b: Kingambit|Iron Head|p2a: Chien-Pao\n|-activate|p2a: Chien-Pao|move: Protect\n|\n|-weather|SunnyDay|[upkeep]\n|upkeep\n|turn|7\n|\n|t:|1683158317\n|move|p2b: Torkoal|Helping Hand|p2a: Chien-Pao\n|-singleturn|p2a: Chien-Pao|Helping Hand|[of] p2b: Torkoal\n|move|p1a: Arcanine|Extreme Speed|p2a: Chien-Pao\n|-damage|p2a: Chien-Pao|66\/100\n|move|p2a: Chien-Pao|Ice Spinner|p1b: Kingambit\n|-supereffective|p1b: Kingambit\n|-damage|p1b: Kingambit|27\/100\n|move|p1b: Kingambit|Iron Head|p2a: Chien-Pao\n|-supereffective|p2a: Chien-Pao\n|-damage|p2a: Chien-Pao|0 fnt\n|faint|p2a: Chien-Pao\n|\n|-weather|SunnyDay|[upkeep]\n|upkeep\n|\n|t:|1683158328\n|switch|p2a: Great Tusk|Great Tusk, L50, tera:Fire|68\/100\n|-activate|p2a: Great Tusk|ability: Protosynthesis\n|-start|p2a: Great Tusk|protosynthesisspe\n|turn|8\n|\n|t:|1683158359\n|move|p2a: Great Tusk|Headlong Rush|p1a: Arcanine\n|-supereffective|p1a: Arcanine\n|-damage|p1a: Arcanine|0 fnt\n|-unboost|p2a: Great Tusk|def|1\n|-unboost|p2a: Great Tusk|spd|1\n|faint|p1a: Arcanine\n|move|p1b: Kingambit|Kowtow Cleave|p2a: Great Tusk\n|-damage|p2a: Great Tusk|21\/100\n|move|p2b: Torkoal|Overheat|p1b: Kingambit\n|-damage|p1b: Kingambit|0 fnt\n|-unboost|p2b: Torkoal|spa|2\n|faint|p1b: Kingambit\n|\n|-weather|SunnyDay|[upkeep]\n|upkeep\n|-message|leafyarrow forfeited.\n|\n|win|The_Kamaster1278\n|raw|leafyarrow's rating: 1238 → 1208<\/strong> (-30 for losing)\n|raw|The_Kamaster1278's rating: 1170 → 1200<\/strong> (+30 for winning)\n|l|\u2606leafyarrow\n","uploadtime":1683158378,"views":17,"p1id":"leafyarrow","p2id":"thekamaster1278","formatid":"gen9vgc2023regulationc","rating":1200,"private":0,"password":""}