{"id":"gen9vgc2023regulationc-1850032801","p1":"Brand0n_0","p2":"Privnoval016","format":"[Gen 9] VGC 2023 Regulation C","log":"|j|\u2606Brand0n_0\n|j|\u2606Privnoval016\n|t:|1682279978\n|gametype|doubles\n|player|p1|Brand0n_0|caitlin-masters|\n|player|p2|Privnoval016|red-masters2|\n|teamsize|p1|5\n|teamsize|p2|6\n|gen|9\n|tier|[Gen 9] VGC 2023 Regulation C\n|rated|Tournament battle\n|rule|Species Clause: Limit one of each Pok\u00e9mon\n|rule|Item Clause: Limit one of each item\n|clearpoke\n|poke|p1|Glimmora, L50, M|\n|poke|p1|Ting-Lu, L50|\n|poke|p1|Flutter Mane, L50|\n|poke|p1|Dondozo, L50, F|\n|poke|p1|Iron Hands, L50|\n|poke|p2|Dragonite, L50, M|\n|poke|p2|Chien-Pao, L50|\n|poke|p2|Amoonguss, L50, M|\n|poke|p2|Ceruledge, L50, F|\n|poke|p2|Palafin, L50, F|\n|poke|p2|Scream Tail, L50|\n|teampreview|4\n|raw| Open Team Sheet for Brand0n_0<\/summary>Glimmora (M) @ Sitrus Berry Ability: Corrosion Level: 50 Shiny: Yes Tera Type: Grass - Venoshock - Mortal Spin - Power Gem - Spiky Shield Ting-Lu @ Assault Vest Ability: Vessel of Ruin Level: 50 Tera Type: Poison - Stomping Tantrum - Fissure - Payback - Heavy Slam Flutter Mane @ Booster Energy Ability: Protosynthesis Level: 50 Tera Type: Steel - Dazzling Gleam - Moonblast - Shadow Ball - Protect Dondozo @ Leftovers Ability: Unaware Level: 50 Shiny: Yes Tera Type: Steel - Fissure - Wave Crash - Curse - Protect Iron Hands @ Safety Goggles Ability: Quark Drive Level: 50 Tera Type: Fire - Drain Punch - Swords Dance - Fake Out - Wild Charge <\/details><\/div> Open Team Sheet for Privnoval016<\/summary>Dragonite @ Choice Band Ability: Multiscale Level: 50 Tera Type: Flying - Extreme Speed - Ice Spinner - Low Kick - Tera Blast Chien-Pao @ Focus Sash Ability: Sword of Ruin Level: 50 Tera Type: Ghost - Sucker Punch - Ice Spinner - Sacred Sword - Protect Amoonguss @ Rocky Helmet Ability: Regenerator Level: 50 Tera Type: Water - Protect - Spore - Rage Powder - Pollen Puff Ceruledge @ Clear Amulet Ability: Flash Fire Level: 50 Tera Type: Grass - Bulk Up - Bitter Blade - Shadow Sneak - Protect Palafin @ Mystic Water Ability: Zero to Hero Level: 50 Tera Type: Water - Jet Punch - Wave Crash - Protect - Close Combat Scream Tail @ Booster Energy Ability: Protosynthesis Level: 50 Tera Type: Steel - Play Rough - Howl - Encore - Disable <\/details><\/div>\n|j| Eelstartega\n|j| nexusj4\n|j| JayoticNL\n|j| Jrdog\n|c| Eelstartega|Where those designs come from?\n|c| Eelstartega|If i had to guess, Pokemon Conquest and Go respectively\n|\n|t:|1682280084\n|start\n|switch|p1a: Dondozo|Dondozo, L50, F, shiny|100\/100\n|switch|p1b: Ting-Lu|Ting-Lu, L50|100\/100\n|switch|p2a: Ceruledge|Ceruledge, L50, F|100\/100\n|switch|p2b: Palafin|Palafin, L50, F|100\/100\n|-ability|p1b: Ting-Lu|Vessel of Ruin\n|turn|1\n|c|\u2606Brand0n_0|mines from masters\n|c|\u2606Privnoval016|same\n|c| Eelstartega|I forgot they have costumes in that game\n|inactive|Battle timer is ON: inactive players will automatically lose when time's up. (requested by Privnoval016)\n|\n|t:|1682280123\n|detailschange|p2b: Palafin|Palafin-Hero, L50, F\n|switch|p2b: Scream Tail|Scream Tail, L50|100\/100\n|-enditem|p2b: Scream Tail|Booster Energy\n|-activate|p2b: Scream Tail|ability: Protosynthesis|[fromitem]\n|-start|p2b: Scream Tail|protosynthesisspe\n|-terastallize|p1b: Ting-Lu|Poison\n|move|p2a: Ceruledge|Protect|p2a: Ceruledge\n|-singleturn|p2a: Ceruledge|Protect\n|move|p1b: Ting-Lu|Fissure|p2b: Scream Tail|[miss]\n|-miss|p1b: Ting-Lu|p2b: Scream Tail\n|move|p1a: Dondozo|Fissure|p2b: Scream Tail|[miss]\n|-miss|p1a: Dondozo|p2b: Scream Tail\n|\n|upkeep\n|turn|2\n|c|\u2606Privnoval016|i like your team\n|c|\u2606Privnoval016|its realy good\n|inactive|Privnoval016 has 30 seconds left.\n|j| ale cog\n|inactive|Privnoval016 has 20 seconds left.\n|inactive|Privnoval016 has 15 seconds left.\n|c|\u2606Brand0n_0|whose?\n|inactive|Privnoval016 has 10 seconds left.\n|c|\u2606Brand0n_0|whoes?\n|\n|t:|1682280172\n|switch|p2a: Dragonite|Dragonite, L50, M|100\/100\n|move|p2b: Scream Tail|Disable|p1b: Ting-Lu\n|-start|p1b: Ting-Lu|Disable|Fissure\n|move|p1b: Ting-Lu|Stomping Tantrum|p2a: Dragonite\n|-immune|p2a: Dragonite\n|move|p1a: Dondozo|Fissure|p2b: Scream Tail|[miss]\n|-miss|p1a: Dondozo|p2b: Scream Tail\n|\n|upkeep\n|turn|3\n|\n|t:|1682280196\n|move|p2a: Dragonite|Extreme Speed|p1b: Ting-Lu\n|-damage|p1b: Ting-Lu|74\/100\n|move|p2b: Scream Tail|Disable|p1a: Dondozo\n|-start|p1a: Dondozo|Disable|Fissure\n|move|p1b: Ting-Lu|Heavy Slam|p2b: Scream Tail\n|-supereffective|p2b: Scream Tail\n|-damage|p2b: Scream Tail|53\/100\n|move|p1a: Dondozo|Curse|p1a: Dondozo\n|-unboost|p1a: Dondozo|spe|1\n|-boost|p1a: Dondozo|atk|1\n|-boost|p1a: Dondozo|def|1\n|\n|upkeep\n|turn|4\n|c| JayoticNL|fissure isn't real it cant hurt you\n|\n|t:|1682280219\n|-end|p2b: Scream Tail|Protosynthesis|[silent]\n|switch|p2b: Ceruledge|Ceruledge, L50, F|100\/100\n|move|p2a: Dragonite|Extreme Speed|p1b: Ting-Lu\n|-crit|p1b: Ting-Lu\n|-damage|p1b: Ting-Lu|36\/100\n|move|p1b: Ting-Lu|Payback|p2a: Dragonite\n|-damage|p2a: Dragonite|80\/100\n|move|p1a: Dondozo|Curse|p1a: Dondozo\n|-unboost|p1a: Dondozo|spe|1\n|-boost|p1a: Dondozo|atk|1\n|-boost|p1a: Dondozo|def|1\n|\n|upkeep\n|turn|5\n|inactive|Privnoval016 has 30 seconds left.\n|\n|t:|1682280247\n|switch|p1b: Flutter Mane|Flutter Mane, L50|100\/100\n|-enditem|p1b: Flutter Mane|Booster Energy\n|-activate|p1b: Flutter Mane|ability: Protosynthesis|[fromitem]\n|-start|p1b: Flutter Mane|protosynthesisspe\n|-terastallize|p2b: Ceruledge|Grass\n|move|p1a: Dondozo|Protect|p1a: Dondozo\n|-singleturn|p1a: Dondozo|Protect\n|move|p2a: Dragonite|Extreme Speed|p1b: Flutter Mane\n|-immune|p1b: Flutter Mane\n|move|p2b: Ceruledge|Bulk Up|p2b: Ceruledge\n|-boost|p2b: Ceruledge|atk|1\n|-boost|p2b: Ceruledge|def|1\n|\n|upkeep\n|turn|6\n|j| Jbenn\n|inactive|Brand0n_0 has 30 seconds left.\n|l| Jbenn\n|\n|t:|1682280275\n|switch|p2a: Palafin|Palafin-Hero, L50, F|100\/100\n|-activate|p2a: Palafin|ability: Zero to Hero\n|move|p1b: Flutter Mane|Protect|p1b: Flutter Mane\n|-singleturn|p1b: Flutter Mane|Protect\n|move|p2b: Ceruledge|Protect|p2b: Ceruledge\n|-singleturn|p2b: Ceruledge|Protect\n|move|p1a: Dondozo|Wave Crash|p2b: Ceruledge\n|-activate|p2b: Ceruledge|move: Protect\n|\n|-end|p1a: Dondozo|Disable\n|upkeep\n|turn|7\n|\n|t:|1682280297\n|-end|p1b: Flutter Mane|Protosynthesis|[silent]\n|switch|p1b: Ting-Lu|Ting-Lu, L50, tera:Poison|36\/100\n|-ability|p1b: Ting-Lu|Vessel of Ruin\n|move|p2a: Palafin|Jet Punch|p1b: Ting-Lu\n|-damage|p1b: Ting-Lu|10\/100\n|move|p2b: Ceruledge|Bitter Blade|p1a: Dondozo\n|-resisted|p1a: Dondozo\n|-damage|p1a: Dondozo|95\/100\n|move|p1a: Dondozo|Fissure|p2b: Ceruledge|[miss]\n|-miss|p1a: Dondozo|p2b: Ceruledge\n|\n|-heal|p1a: Dondozo|100\/100|[from] item: Leftovers\n|upkeep\n|turn|8\n|\n|t:|1682280316\n|switch|p2a: Dragonite|Dragonite, L50, M|80\/100\n|move|p2b: Ceruledge|Shadow Sneak|p1b: Ting-Lu\n|-damage|p1b: Ting-Lu|0 fnt\n|faint|p1b: Ting-Lu\n|move|p1a: Dondozo|Fissure|p2b: Ceruledge\n|-damage|p2b: Ceruledge|0 fnt\n|faint|p2b: Ceruledge\n|-ohko\n|\n|upkeep\n|\n|t:|1682280333\n|switch|p2b: Scream Tail|Scream Tail, L50|53\/100\n|switch|p1b: Flutter Mane|Flutter Mane, L50|100\/100\n|turn|9\n|\n|t:|1682280356\n|switch|p2a: Palafin|Palafin-Hero, L50, F|100\/100\n|move|p1b: Flutter Mane|Protect|p1b: Flutter Mane\n|-singleturn|p1b: Flutter Mane|Protect\n|move|p1a: Dondozo|Protect|p1a: Dondozo\n|-singleturn|p1a: Dondozo|Protect\n|move|p2b: Scream Tail|Encore|p1a: Dondozo\n|-activate|p1a: Dondozo|move: Protect\n|\n|upkeep\n|turn|10\n|\n|t:|1682280379\n|move|p2a: Palafin|Jet Punch|p1b: Flutter Mane\n|-damage|p1b: Flutter Mane|0 fnt\n|faint|p1b: Flutter Mane\n|-end|p1b: Flutter Mane|Protosynthesis|[silent]\n|move|p2b: Scream Tail|Encore|p1a: Dondozo\n|-start|p1a: Dondozo|Encore\n|move|p1a: Dondozo|Protect||[still]\n|-fail|p1a: Dondozo\n|\n|upkeep\n|\n|t:|1682280388\n|switch|p1b: Glimmora|Glimmora, L50, M, shiny|100\/100\n|turn|11\n|\n|t:|1682280409\n|move|p1b: Glimmora|Spiky Shield|p1b: Glimmora\n|-singleturn|p1b: Glimmora|move: Protect\n|move|p1a: Dondozo|Protect|p1a: Dondozo\n|-singleturn|p1a: Dondozo|Protect\n|move|p2b: Scream Tail|Disable|p1a: Dondozo\n|-activate|p1a: Dondozo|move: Protect\n|move|p2a: Palafin|Wave Crash|p1b: Glimmora\n|-activate|p1b: Glimmora|move: Protect\n|-damage|p2a: Palafin|88\/100|[from] Spiky Shield|[of] p1b: Glimmora\n|\n|upkeep\n|turn|12\n|l| Jrdog\n|\n|t:|1682280433\n|move|p1a: Dondozo|Protect||[still]\n|-fail|p1a: Dondozo\n|move|p2b: Scream Tail|Disable|p1a: Dondozo\n|-start|p1a: Dondozo|Disable|Protect\n|move|p1b: Glimmora|Mortal Spin|p2b: Scream Tail|[spread] p2a,p2b\n|-supereffective|p2b: Scream Tail\n|-damage|p2a: Palafin|84\/100\n|-damage|p2b: Scream Tail|46\/100\n|-status|p2a: Palafin|psn\n|-status|p2b: Scream Tail|psn\n|move|p2a: Palafin|Wave Crash|p1b: Glimmora\n|-supereffective|p1b: Glimmora\n|-damage|p1b: Glimmora|0 fnt\n|faint|p1b: Glimmora\n|-damage|p2a: Palafin|58\/100 psn|[from] Recoil\n|\n|-damage|p2b: Scream Tail|34\/100 psn|[from] psn\n|-damage|p2a: Palafin|46\/100 psn|[from] psn\n|-end|p1a: Dondozo|Encore\n|upkeep\n|turn|13\n|inactive|Brand0n_0 has 30 seconds left.\n|\n|t:|1682280465\n|switch|p2a: Dragonite|Dragonite, L50, M|80\/100\n|move|p2b: Scream Tail|Encore|p1a: Dondozo\n|-start|p1a: Dondozo|Encore\n|cant|p1a: Dondozo|Disable|Protect\n|\n|-damage|p2b: Scream Tail|22\/100 psn|[from] psn\n|upkeep\n|turn|14\n|c| Eelstartega|Be careful with struggles\n|c| Eelstartega|those can hurt badly\n|inactive|Privnoval016 has 30 seconds left.\n|\n|t:|1682280497\n|-end|p2b: Scream Tail|Protosynthesis|[silent]\n|switch|p2b: Palafin|Palafin-Hero, L50, F|46\/100 psn\n|move|p2a: Dragonite|Low Kick|p1a: Dondozo\n|-damage|p1a: Dondozo|82\/100\n|-activate|p1a: Dondozo|move: Struggle\n|move|p1a: Dondozo|Struggle|p2b: Palafin\n|-damage|p2b: Palafin|24\/100 psn\n|-damage|p1a: Dondozo|57\/100|[from] recoil\n|\n|-heal|p1a: Dondozo|64\/100|[from] item: Leftovers\n|-damage|p2b: Palafin|12\/100 psn|[from] psn\n|upkeep\n|turn|15\n|\n|t:|1682280511\n|move|p2b: Palafin|Close Combat|p1a: Dondozo\n|-damage|p1a: Dondozo|48\/100\n|-unboost|p2b: Palafin|def|1\n|-unboost|p2b: Palafin|spd|1\n|move|p2a: Dragonite|Low Kick|p1a: Dondozo\n|-damage|p1a: Dondozo|29\/100\n|-activate|p1a: Dondozo|move: Struggle\n|move|p1a: Dondozo|Struggle|p2b: Palafin\n|-damage|p2b: Palafin|0 fnt\n|faint|p2b: Palafin\n|-damage|p1a: Dondozo|4\/100|[from] recoil\n|\n|-heal|p1a: Dondozo|11\/100|[from] item: Leftovers\n|-end|p1a: Dondozo|Encore\n|upkeep\n|\n|t:|1682280519\n|switch|p2b: Scream Tail|Scream Tail, L50|22\/100 psn\n|turn|16\n|\n|t:|1682280533\n|move|p2b: Scream Tail|Encore||[still]\n|-fail|p2b: Scream Tail\n|move|p2a: Dragonite|Low Kick|p1a: Dondozo\n|-damage|p1a: Dondozo|0 fnt\n|faint|p1a: Dondozo\n|\n|win|Privnoval016\n|n|\u2606Brand0n_0|brand0n0\n|n|\u2606Privnoval016|privnoval016\n|n| Eelstartega|eelstartega\n|n| nexusj4|nexusj4\n|n| JayoticNL|jayoticnl\n|n| ale cog|alecog\n|l|\u2606Brand0n_0\n|c|\u2606Privnoval016|gg\n","uploadtime":1682280540,"views":13,"p1id":"brand0n0","p2id":"privnoval016","formatid":"gen9vgc2023regulationc","rating":0,"private":0,"password":""}