{"id":"gen9vgc2023regulationc-1855342844","p1":"JumpluffGoodCopium","p2":"scoobfgc","format":"[Gen 9] VGC 2023 Regulation C","log":"|j|\u2606JumpluffGoodCopium\n|j|\u2606scoobfgc\n|t:|1682940293\n|gametype|doubles\n|player|p1|JumpluffGoodCopium|dawn-gen4pt|1134\n|player|p2|scoobfgc|ninjaboy|1058\n|teamsize|p1|6\n|teamsize|p2|6\n|gen|9\n|tier|[Gen 9] VGC 2023 Regulation C\n|rated|\n|rule|Species Clause: Limit one of each Pok\u00e9mon\n|rule|Item Clause: Limit one of each item\n|clearpoke\n|poke|p1|Jumpluff, L50, F|\n|poke|p1|Torkoal, L50, F|\n|poke|p1|Flutter Mane, L50|\n|poke|p1|Amoonguss, L50, M|\n|poke|p1|Garganacl, L50, F|\n|poke|p1|Chi-Yu, L50|\n|poke|p2|Indeedee-F, L50, F|\n|poke|p2|Armarouge, L50, F|\n|poke|p2|Torkoal, L50, M|\n|poke|p2|Hatterene, L50, F|\n|poke|p2|Kingambit, L50, M|\n|poke|p2|Annihilape, L50, M|\n|teampreview|4\nJumpluffGoodCopium has agreed to open team sheets.\n|inactive|Battle timer is ON: inactive players will automatically lose when time's up. (requested by JumpluffGoodCopium)\nscoobfgc has agreed to open team sheets.\n|\n|t:|1682940333\n|start\n|switch|p1a: Torkoal|Torkoal, L50, F|100\/100\n|switch|p1b: Garganacl|Garganacl, L50, F|100\/100\n|switch|p2a: Indeedee|Indeedee-F, L50, F|100\/100\n|switch|p2b: Armarouge|Armarouge, L50, F|100\/100\n|-weather|SunnyDay|[from] ability: Drought|[of] p1a: Torkoal\n|-fieldstart|move: Psychic Terrain|[from] ability: Psychic Surge|[of] p2a: Indeedee\n|-enditem|p2a: Indeedee|Psychic Seed\n|-boost|p2a: Indeedee|spd|1|[from] item: Psychic Seed\n|turn|1\n|inactive|scoobfgc has 30 seconds left.\n|inactive|scoobfgc has 20 seconds left.\n|inactive|scoobfgc has 15 seconds left.\n|inactive|scoobfgc has 10 seconds left.\n|\n|t:|1682940382\n|switch|p2b: Torkoal|Torkoal, L50, M|100\/100\n|move|p1b: Garganacl|Wide Guard|p1b: Garganacl\n|-singleturn|p1b: Garganacl|Wide Guard\n|move|p1a: Torkoal|Eruption|p2a: Indeedee|[spread] p2a,p2b\n|-resisted|p2b: Torkoal\n|-damage|p2a: Indeedee|55\/100\n|-damage|p2b: Torkoal|55\/100\n|move|p2a: Indeedee|Trick Room|p2a: Indeedee\n|-fieldstart|move: Trick Room|[of] p2a: Indeedee\n|\n|-weather|SunnyDay|[upkeep]\n|upkeep\n|turn|2\n|\n|t:|1682940405\n|switch|p2b: Armarouge|Armarouge, L50, F|100\/100\n|move|p1b: Garganacl|Salt Cure|p2b: Armarouge\n|-supereffective|p2b: Armarouge\n|-damage|p2b: Armarouge|77\/100\n|-start|p2b: Armarouge|Salt Cure\n|move|p2a: Indeedee|Dazzling Gleam|p1a: Torkoal|[spread] p1a,p1b\n|-resisted|p1a: Torkoal\n|-damage|p1a: Torkoal|91\/100\n|-damage|p1b: Garganacl|88\/100\n|move|p1a: Torkoal|Eruption|p2a: Indeedee|[spread] p2a\n|-start|p2b: Armarouge|ability: Flash Fire\n|-damage|p2a: Indeedee|11\/100\n|\n|-weather|SunnyDay|[upkeep]\n|-heal|p1b: Garganacl|94\/100|[from] item: Leftovers\n|-damage|p2b: Armarouge|65\/100|[from] Salt Cure\n|upkeep\n|turn|3\n|inactive|scoobfgc has 30 seconds left.\n|\n|t:|1682940431\n|move|p2a: Indeedee|Helping Hand|p2b: Armarouge\n|-singleturn|p2b: Armarouge|Helping Hand|[of] p2a: Indeedee\n|move|p1b: Garganacl|Wide Guard|p1b: Garganacl\n|-singleturn|p1b: Garganacl|Wide Guard\n|move|p2b: Armarouge|Wide Guard|p2b: Armarouge\n|-singleturn|p2b: Armarouge|Wide Guard\n|move|p1a: Torkoal|Eruption|p2a: Indeedee|[spread] \n|-activate|p2a: Indeedee|move: Wide Guard\n|-activate|p2b: Armarouge|move: Wide Guard\n|\n|-weather|SunnyDay|[upkeep]\n|-heal|p1b: Garganacl|99\/100|[from] item: Leftovers\n|-damage|p2b: Armarouge|53\/100|[from] Salt Cure\n|upkeep\n|turn|4\n|\n|t:|1682940455\n|move|p2a: Indeedee|Helping Hand|p2b: Armarouge\n|-singleturn|p2b: Armarouge|Helping Hand|[of] p2a: Indeedee\n|move|p1b: Garganacl|Wide Guard|p1b: Garganacl\n|-singleturn|p1b: Garganacl|Wide Guard\n|move|p2b: Armarouge|Expanding Force|p1b: Garganacl|[spread] \n|-activate|p1a: Torkoal|move: Wide Guard\n|-activate|p1b: Garganacl|move: Wide Guard\n|move|p1a: Torkoal|Eruption|p2a: Indeedee|[spread] p2a\n|-immune|p2b: Armarouge|[from] ability: Flash Fire\n|-damage|p2a: Indeedee|0 fnt\n|faint|p2a: Indeedee\n|\n|-weather|SunnyDay|[upkeep]\n|-heal|p1b: Garganacl|100\/100|[from] item: Leftovers\n|-damage|p2b: Armarouge|41\/100|[from] Salt Cure\n|upkeep\n|\n|t:|1682940472\n|switch|p2a: Kingambit|Kingambit, L50, M|100\/100\n|turn|5\n|\n|t:|1682940488\n|move|p1b: Garganacl|Wide Guard|p1b: Garganacl\n|-singleturn|p1b: Garganacl|Wide Guard\n|move|p2b: Armarouge|Wide Guard|p2b: Armarouge\n|-singleturn|p2b: Armarouge|Wide Guard\n|move|p2a: Kingambit|Swords Dance|p2a: Kingambit\n|-boost|p2a: Kingambit|atk|2\n|move|p1a: Torkoal|Eruption|p2b: Armarouge|[spread] \n|-activate|p2a: Kingambit|move: Wide Guard\n|-activate|p2b: Armarouge|move: Wide Guard\n|\n|-weather|none\n|-damage|p2b: Armarouge|29\/100|[from] Salt Cure\n|-fieldend|move: Trick Room\n|-fieldend|move: Psychic Terrain\n|upkeep\n|turn|6\n|inactive|scoobfgc has 30 seconds left.\n|\n|t:|1682940519\n|move|p1a: Torkoal|Eruption|p2a: Kingambit|[spread] p2a\n|-immune|p2b: Armarouge|[from] ability: Flash Fire\n|-supereffective|p2a: Kingambit\n|-damage|p2a: Kingambit|16\/100\n|move|p1b: Garganacl|Salt Cure|p2a: Kingambit\n|-resisted|p2a: Kingambit\n|-damage|p2a: Kingambit|12\/100\n|-start|p2a: Kingambit|Salt Cure\n|move|p2a: Kingambit|Iron Head|p1b: Garganacl\n|-supereffective|p1b: Garganacl\n|-damage|p1b: Garganacl|8\/100\n|move|p2b: Armarouge|Trick Room|p2b: Armarouge\n|-fieldstart|move: Trick Room|[of] p2b: Armarouge\n|\n|-heal|p1b: Garganacl|14\/100|[from] item: Leftovers\n|-damage|p2a: Kingambit|0 fnt|[from] Salt Cure\n|faint|p2a: Kingambit\n|-damage|p2b: Armarouge|16\/100|[from] Salt Cure\n|upkeep\n|\n|t:|1682940536\n|switch|p2a: Torkoal|Torkoal, L50, M|55\/100\n|-weather|SunnyDay|[from] ability: Drought|[of] p2a: Torkoal\n|turn|7\n|\n|t:|1682940550\n|move|p1b: Garganacl|Wide Guard|p1b: Garganacl\n|-singleturn|p1b: Garganacl|Wide Guard\n|move|p2b: Armarouge|Wide Guard|p2b: Armarouge\n|-singleturn|p2b: Armarouge|Wide Guard\n|move|p2a: Torkoal|Earth Power|p1a: Torkoal\n|-supereffective|p1a: Torkoal\n|-damage|p1a: Torkoal|5\/100\n|move|p1a: Torkoal|Eruption|p2a: Torkoal|[spread] \n|-activate|p2a: Torkoal|move: Wide Guard\n|-activate|p2b: Armarouge|move: Wide Guard\n|\n|-weather|SunnyDay|[upkeep]\n|-heal|p1b: Garganacl|19\/100|[from] item: Leftovers\n|-damage|p2b: Armarouge|4\/100|[from] Salt Cure\n|upkeep\n|turn|8\n|\n|t:|1682940574\n|move|p2a: Torkoal|Earth Power|p1a: Torkoal\n|-supereffective|p1a: Torkoal\n|-damage|p1a: Torkoal|0 fnt\n|faint|p1a: Torkoal\n|move|p1b: Garganacl|Salt Cure|p2a: Torkoal\n|-supereffective|p2a: Torkoal\n|-damage|p2a: Torkoal|31\/100\n|-start|p2a: Torkoal|Salt Cure\n|move|p2b: Armarouge|Expanding Force|p1b: Garganacl\n|-damage|p1b: Garganacl|0 fnt\n|faint|p1b: Garganacl\n|\n|-weather|SunnyDay|[upkeep]\n|-damage|p2a: Torkoal|19\/100|[from] Salt Cure\n|-damage|p2b: Armarouge|0 fnt|[from] Salt Cure\n|faint|p2b: Armarouge\n|upkeep\n|\n|t:|1682940584\n|switch|p1b: Amoonguss|Amoonguss, L50, M|100\/100\n|switch|p1a: Flutter Mane|Flutter Mane, L50|100\/100\n|-activate|p1a: Flutter Mane|ability: Protosynthesis\n|-start|p1a: Flutter Mane|protosynthesisspa\n|turn|9\n|\n|t:|1682940595\n|move|p1b: Amoonguss|Rage Powder|p1b: Amoonguss\n|-singleturn|p1b: Amoonguss|move: Rage Powder\n|move|p2a: Torkoal|Flamethrower|p1b: Amoonguss\n|-supereffective|p1b: Amoonguss\n|-damage|p1b: Amoonguss|10\/100\n|-enditem|p1b: Amoonguss|Sitrus Berry|[eat]\n|-heal|p1b: Amoonguss|35\/100|[from] item: Sitrus Berry\n|move|p1a: Flutter Mane|Hex|p2a: Torkoal\n|-damage|p2a: Torkoal|0 fnt\n|faint|p2a: Torkoal\n|\n|win|JumpluffGoodCopium\n|raw|JumpluffGoodCopium's rating: 1134 → 1154<\/strong> (+20 for winning)\n|raw|scoobfgc's rating: 1058 → 1043<\/strong> (-15 for losing)\n","uploadtime":1682940610,"views":25,"p1id":"jumpluffgoodcopium","p2id":"scoobfgc","formatid":"gen9vgc2023regulationc","rating":1043,"private":0,"password":""}