{"id":"gen9vgc2023regulationc-1860445292","p1":"meiban","p2":"zlint","format":"[Gen 9] VGC 2023 Regulation C","log":"|j|\u2606meiban\n|j|\u2606zlint\n|t:|1683644860\n|gametype|doubles\n|player|p1|meiban|skierf|1128\n|player|p2|zlint|flannery|1193\n|teamsize|p1|6\n|teamsize|p2|6\n|gen|9\n|tier|[Gen 9] VGC 2023 Regulation C\n|rated|\n|rule|Species Clause: Limit one of each Pok\u00e9mon\n|rule|Item Clause: Limit one of each item\n|clearpoke\n|poke|p1|Torkoal, L50, F|\n|poke|p1|Flutter Mane, L50|\n|poke|p1|Chi-Yu, L50|\n|poke|p1|Roaring Moon, L50|\n|poke|p1|Jumpluff, L50, F|\n|poke|p1|Wo-Chien, L50|\n|poke|p2|Scream Tail, L50|\n|poke|p2|Baxcalibur, L50, F|\n|poke|p2|Corviknight, L50, M|\n|poke|p2|Rotom-Wash, L50|\n|poke|p2|Flutter Mane, L50|\n|poke|p2|Tyranitar, L50, F|\n|teampreview|4\nzlint has agreed to open team sheets.\n|\n|t:|1683644953\n|start\n|switch|p1a: Wo-Chien|Wo-Chien, L50|100\/100\n|switch|p1b: Roaring Moon|Roaring Moon, L50|100\/100\n|switch|p2a: Corviknight|Corviknight, L50, M, shiny|100\/100\n|switch|p2b: Baxcalibur|Baxcalibur, L50, F|100\/100\n|-ability|p1a: Wo-Chien|Tablets of Ruin\n|turn|1\n|inactive|Battle timer is ON: inactive players will automatically lose when time's up. (requested by zlint)\n|\n|t:|1683644995\n|-terastallize|p1b: Roaring Moon|Ground\n|move|p2b: Baxcalibur|Protect|p2b: Baxcalibur\n|-singleturn|p2b: Baxcalibur|Protect\n|move|p1b: Roaring Moon|Rock Slide|p2a: Corviknight|[spread] p2a\n|-activate|p2b: Baxcalibur|move: Protect\n|-damage|p2a: Corviknight|85\/100\n|move|p2a: Corviknight|Tailwind|p2a: Corviknight\n|-sidestart|p2: zlint|move: Tailwind\n|move|p1a: Wo-Chien|Leaf Storm|p2b: Baxcalibur\n|-activate|p2b: Baxcalibur|move: Protect\n|\n|upkeep\n|turn|2\n|\n|t:|1683645016\n|move|p2b: Baxcalibur|Icicle Spear|p1b: Roaring Moon\n|-supereffective|p1b: Roaring Moon\n|-damage|p1b: Roaring Moon|77\/100\n|-enditem|p1b: Roaring Moon|Weakness Policy\n|-boost|p1b: Roaring Moon|atk|2|[from] item: Weakness Policy\n|-boost|p1b: Roaring Moon|spa|2|[from] item: Weakness Policy\n|-supereffective|p1b: Roaring Moon\n|-damage|p1b: Roaring Moon|56\/100\n|-supereffective|p1b: Roaring Moon\n|-damage|p1b: Roaring Moon|33\/100\n|-supereffective|p1b: Roaring Moon\n|-damage|p1b: Roaring Moon|8\/100\n|-hitcount|p1b: Roaring Moon|4\n|move|p2a: Corviknight|Brave Bird|p1b: Roaring Moon\n|-damage|p1b: Roaring Moon|0 fnt\n|faint|p1b: Roaring Moon\n|-end|p1b: Roaring Moon|Protosynthesis|[silent]\n|-damage|p2a: Corviknight|83\/100|[from] Recoil\n|move|p1a: Wo-Chien|Leaf Storm|p2b: Baxcalibur\n|-resisted|p2b: Baxcalibur\n|-crit|p2b: Baxcalibur\n|-damage|p2b: Baxcalibur|68\/100\n|-unboost|p1a: Wo-Chien|spa|2\n|-enditem|p1a: Wo-Chien|Eject Pack\n|\n|t:|1683645035\n|switch|p1a: Flutter Mane|Flutter Mane, L50|100\/100\n|\n|upkeep\n|\n|t:|1683645040\n|switch|p1b: Torkoal|Torkoal, L50, F|100\/100\n|-weather|SunnyDay|[from] ability: Drought|[of] p1b: Torkoal\n|-activate|p1a: Flutter Mane|ability: Protosynthesis\n|-start|p1a: Flutter Mane|protosynthesisspa\n|turn|3\n|inactive|zlint has 30 seconds left.\n|\n|t:|1683645070\n|switch|p2a: Tyranitar|Tyranitar, L50, F|100\/100\n|-weather|Sandstorm|[from] ability: Sand Stream|[of] p2a: Tyranitar\n|-end|p1a: Flutter Mane|Protosynthesis\n|move|p2b: Baxcalibur|Icicle Spear|p1a: Flutter Mane\n|-damage|p1a: Flutter Mane|79\/100\n|-damage|p1a: Flutter Mane|55\/100\n|-damage|p1a: Flutter Mane|32\/100\n|-damage|p1a: Flutter Mane|10\/100\n|-damage|p1a: Flutter Mane|0 fnt\n|faint|p1a: Flutter Mane\n|-end|p1a: Flutter Mane|Protosynthesis|[silent]\n|-hitcount|p1: Flutter Mane|5\n|move|p1b: Torkoal|Heat Wave|p2a: Tyranitar|[spread] p2a,p2b\n|-resisted|p2a: Tyranitar\n|-crit|p2b: Baxcalibur\n|-damage|p2a: Tyranitar|91\/100\n|-damage|p2b: Baxcalibur|0 fnt\n|faint|p2b: Baxcalibur\n|\n|-weather|Sandstorm|[upkeep]\n|-damage|p1b: Torkoal|94\/100|[from] Sandstorm\n|upkeep\n|\n|t:|1683645088\n|switch|p1a: Wo-Chien|Wo-Chien, L50|100\/100\n|switch|p2b: Corviknight|Corviknight, L50, M, shiny|83\/100\n|-ability|p1a: Wo-Chien|Tablets of Ruin\n|turn|4\n|\n|t:|1683645104\n|move|p2a: Tyranitar|Rock Slide|p1b: Torkoal|[spread] p1a,p1b\n|-supereffective|p1b: Torkoal\n|-damage|p1a: Wo-Chien|82\/100\n|-damage|p1b: Torkoal|49\/100\n|move|p2b: Corviknight|Brave Bird|p1b: Torkoal\n|-damage|p1b: Torkoal|24\/100\n|-damage|p2b: Corviknight|77\/100|[from] Recoil\n|move|p1a: Wo-Chien|Dark Pulse|p2a: Tyranitar\n|-resisted|p2a: Tyranitar\n|-damage|p2a: Tyranitar|86\/100\n|move|p1b: Torkoal|Heat Wave|p2a: Tyranitar|[spread] p2a,p2b\n|-resisted|p2a: Tyranitar\n|-supereffective|p2b: Corviknight\n|-damage|p2a: Tyranitar|77\/100\n|-damage|p2b: Corviknight|12\/100\n|\n|-weather|Sandstorm|[upkeep]\n|-damage|p1a: Wo-Chien|75\/100|[from] Sandstorm\n|-damage|p1b: Torkoal|18\/100|[from] Sandstorm\n|-sideend|p2: zlint|move: Tailwind\n|upkeep\n|turn|5\n|l|\u2606meiban\n|inactive|meiban disconnected and has a minute to reconnect!\n|player|p1|\n|inactive|meiban has 30 seconds left.\n|inactive|meiban has 20 seconds left.\n|inactive|meiban has 15 seconds left.\n|inactive|meiban has 10 seconds left.\n|inactive|meiban has 5 seconds left.\n|-message|meiban lost due to inactivity.\n|\n|win|zlint\n|raw|meiban's rating: 1128 → 1108<\/strong> (-20 for losing)\n|raw|zlint's rating: 1193 → 1213<\/strong> (+20 for winning)\n|j|\u2606meiban\n|player|p1|meiban|skierf\n","uploadtime":1683645164,"views":6,"p1id":"meiban","p2id":"zlint","formatid":"gen9vgc2023regulationc","rating":1108,"private":0,"password":""}