{"id":"gen9vgc2023regulationc-1847808236","p1":"Keveloper","p2":"gohan92","format":"[Gen 9] VGC 2023 Regulation C","log":"|j|\u2606Keveloper\n|j|\u2606gohan92\n|t:|1682003694\n|gametype|doubles\n|player|p1|Keveloper|lucas|1525\n|player|p2|gohan92|2|1505\n|teamsize|p1|6\n|teamsize|p2|6\n|gen|9\n|tier|[Gen 9] VGC 2023 Regulation C\n|rated|\n|rule|Species Clause: Limit one of each Pok\u00e9mon\n|rule|Item Clause: Limit one of each item\n|clearpoke\n|poke|p1|Orthworm, L50, M|\n|poke|p1|Dragonite, L50, F|\n|poke|p1|Ting-Lu, L50|\n|poke|p1|Gyarados, L50, F|\n|poke|p1|Flutter Mane, L50|\n|poke|p1|Chien-Pao, L50|\n|poke|p2|Palafin, L50, M|\n|poke|p2|Chi-Yu, L50|\n|poke|p2|Flutter Mane, L50|\n|poke|p2|Iron Bundle, L50|\n|poke|p2|Arcanine, L50, M|\n|poke|p2|Amoonguss, L50, M|\n|teampreview|4\n|\n|t:|1682003731\n|start\n|switch|p1a: Orthworm|Orthworm, L50, M|100\/100\n|switch|p1b: Gyarados|Gyarados, L50, F|100\/100\n|switch|p2a: Arcanine|Arcanine, L50, M|100\/100\n|switch|p2b: Palafin|Palafin, L50, M|100\/100\n|-ability|p2a: Arcanine|Intimidate|boost\n|-unboost|p1a: Orthworm|atk|1\n|-unboost|p1b: Gyarados|atk|1\n|-ability|p1b: Gyarados|Intimidate|boost\n|-unboost|p2a: Arcanine|atk|1\n|-unboost|p2b: Palafin|atk|1\n|turn|1\n|\n|t:|1682003756\n|detailschange|p2b: Palafin|Palafin-Hero, L50, M\n|switch|p2b: Amoonguss|Amoonguss, L50, M|100\/100\n|move|p2a: Arcanine|Will-O-Wisp|p1b: Gyarados|[miss]\n|-miss|p2a: Arcanine|p1b: Gyarados\n|move|p1b: Gyarados|Bulldoze|p2a: Arcanine|[spread] p2a,p2b\n|-immune|p1a: Orthworm|[from] ability: Earth Eater\n|-supereffective|p2a: Arcanine\n|-crit|p2b: Amoonguss\n|-damage|p2a: Arcanine|82\/100\n|-damage|p2b: Amoonguss|84\/100\n|-unboost|p2a: Arcanine|spe|1\n|-unboost|p2b: Amoonguss|spe|1\n|move|p1a: Orthworm|Shed Tail|p1a: Orthworm\n|-start|p1a: Orthworm|Substitute|[from] move: Shed Tail\n|-damage|p1a: Orthworm|50\/100\n|-enditem|p1a: Orthworm|Sitrus Berry|[eat]\n|-heal|p1a: Orthworm|75\/100|[from] item: Sitrus Berry\n|\n|t:|1682003765\n|switch|p1a: Dragonite|Dragonite, L50, F|100\/100|[from] Shed Tail\n|\n|upkeep\n|turn|2\n|j| D-Wrecks\n|\n|t:|1682003786\n|-terastallize|p2b: Amoonguss|Water\n|move|p2a: Arcanine|Extreme Speed|p1a: Dragonite\n|-activate|p1a: Dragonite|move: Substitute|[damage]\n|move|p1a: Dragonite|Dragon Dance|p1a: Dragonite\n|-boost|p1a: Dragonite|atk|1\n|-boost|p1a: Dragonite|spe|1\n|move|p1b: Gyarados|Taunt|p2b: Amoonguss\n|-start|p2b: Amoonguss|move: Taunt\n|cant|p2b: Amoonguss|move: Taunt|Spore\n|\n|upkeep\n|turn|3\n|\n|t:|1682003807\n|move|p2a: Arcanine|Extreme Speed|p1a: Dragonite\n|-activate|p1a: Dragonite|move: Substitute|[damage]\n|move|p1a: Dragonite|Dragon Dance|p1a: Dragonite\n|-boost|p1a: Dragonite|atk|1\n|-boost|p1a: Dragonite|spe|1\n|move|p1b: Gyarados|Thunder Wave|p2b: Amoonguss\n|-status|p2b: Amoonguss|par\n|move|p2b: Amoonguss|Pollen Puff|p1a: Dragonite\n|-resisted|p1a: Dragonite\n|-activate|p1a: Dragonite|move: Substitute|[damage]\n|\n|upkeep\n|turn|4\n|j| Kupole\n|\n|t:|1682003846\n|move|p2a: Arcanine|Extreme Speed|p1a: Dragonite\n|-activate|p1a: Dragonite|move: Substitute|[damage]\n|move|p1a: Dragonite|Earthquake|p2b: Amoonguss|[spread] p2a,p2b\n|-immune|p1b: Gyarados\n|-supereffective|p2a: Arcanine\n|-damage|p2a: Arcanine|0 fnt\n|-damage|p2b: Amoonguss|41\/100 par\n|-enditem|p2b: Amoonguss|Sitrus Berry|[eat]\n|-heal|p2b: Amoonguss|66\/100 par|[from] item: Sitrus Berry\n|faint|p2a: Arcanine\n|move|p1b: Gyarados|Bulldoze|p2b: Amoonguss|[spread] p2b\n|-immune|p1a: Dragonite\n|-damage|p2b: Amoonguss|59\/100 par\n|-unboost|p2b: Amoonguss|spe|1\n|move|p2b: Amoonguss|Pollen Puff|p1a: Dragonite\n|-resisted|p1a: Dragonite\n|-end|p1a: Dragonite|Substitute\n|\n|-end|p2b: Amoonguss|move: Taunt\n|upkeep\n|\n|t:|1682003868\n|switch|p2a: Palafin|Palafin-Hero, L50, M|100\/100\n|-activate|p2a: Palafin|ability: Zero to Hero\n|turn|5\n|\n|t:|1682003881\n|cant|p2b: Amoonguss|par\n|move|p1a: Dragonite|Earthquake|p2b: Amoonguss|[spread] p2a,p2b\n|-immune|p1b: Gyarados\n|-damage|p2a: Palafin|56\/100\n|-damage|p2b: Amoonguss|20\/100 par\n|move|p2a: Palafin|Haze|p2a: Palafin\n|-clearallboost\n|move|p1b: Gyarados|Taunt|p2b: Amoonguss\n|-start|p2b: Amoonguss|move: Taunt\n|\n|upkeep\n|turn|6\n|\n|t:|1682003900\n|switch|p1a: Orthworm|Orthworm, L50, M|75\/100\n|switch|p2b: Flutter Mane|Flutter Mane, L50|100\/100\n|-enditem|p2b: Flutter Mane|Booster Energy\n|-activate|p2b: Flutter Mane|ability: Protosynthesis|[fromitem]\n|-start|p2b: Flutter Mane|protosynthesisspa\n|move|p2a: Palafin|Jet Punch|p1a: Orthworm\n|-damage|p1a: Orthworm|44\/100\n|move|p1b: Gyarados|Bulldoze|p2b: Flutter Mane|[spread] p2a,p2b\n|-heal|p1a: Orthworm|69\/100|[from] ability: Earth Eater|[of] p1b: Gyarados\n|-damage|p2a: Palafin|45\/100\n|-damage|p2b: Flutter Mane|82\/100\n|-unboost|p2a: Palafin|spe|1\n|-unboost|p2b: Flutter Mane|spe|1\n|\n|upkeep\n|turn|7\n|\n|t:|1682003937\n|move|p2a: Palafin|Jet Punch|p1a: Orthworm\n|-damage|p1a: Orthworm|34\/100\n|move|p1b: Gyarados|Bulldoze|p2b: Flutter Mane|[spread] p2a,p2b\n|-heal|p1a: Orthworm|59\/100|[from] ability: Earth Eater|[of] p1b: Gyarados\n|-damage|p2a: Palafin|34\/100\n|-damage|p2b: Flutter Mane|65\/100\n|-unboost|p2a: Palafin|spe|1\n|-unboost|p2b: Flutter Mane|spe|1\n|move|p1a: Orthworm|Heavy Slam|p2b: Flutter Mane\n|-supereffective|p2b: Flutter Mane\n|-damage|p2b: Flutter Mane|0 fnt\n|faint|p2b: Flutter Mane\n|-end|p2b: Flutter Mane|Protosynthesis|[silent]\n|\n|upkeep\n|\n|t:|1682003950\n|switch|p2b: Amoonguss|Amoonguss, L50, M, tera:Water|54\/100 par\n|turn|8\n|\n|t:|1682003963\n|move|p2b: Amoonguss|Rage Powder|p2b: Amoonguss\n|-singleturn|p2b: Amoonguss|move: Rage Powder\n|move|p1b: Gyarados|Taunt|p2b: Amoonguss\n|-start|p2b: Amoonguss|move: Taunt\n|move|p1a: Orthworm|Body Press|p2b: Amoonguss\n|-damage|p2b: Amoonguss|32\/100 par\n|move|p2a: Palafin|Wave Crash|p1a: Orthworm\n|-damage|p1a: Orthworm|0 fnt\n|faint|p1a: Orthworm\n|-damage|p2a: Palafin|18\/100|[from] Recoil\n|\n|upkeep\n|\n|t:|1682003976\n|switch|p1a: Dragonite|Dragonite, L50, F|100\/100\n|turn|9\n|\n|t:|1682003982\n|move|p2a: Palafin|Jet Punch|p1a: Dragonite\n|-resisted|p1a: Dragonite\n|-damage|p1a: Dragonite|87\/100\n|move|p1a: Dragonite|Earthquake|p2b: Amoonguss|[spread] p2a,p2b\n|-immune|p1b: Gyarados\n|-damage|p2a: Palafin|0 fnt\n|-damage|p2b: Amoonguss|12\/100 par\n|faint|p2a: Palafin\n|move|p1b: Gyarados|Bulldoze|p2b: Amoonguss|[spread] p2b\n|-immune|p1a: Dragonite\n|-damage|p2b: Amoonguss|2\/100 par\n|-unboost|p2b: Amoonguss|spe|1\n|move|p2b: Amoonguss|Pollen Puff|p2: Palafin|[notarget]\n|-fail|p2b: Amoonguss\n|\n|upkeep\n|turn|10\n|-message|gohan92 forfeited.\n|\n|win|Keveloper\n|raw|Keveloper's rating: 1525 → 1544<\/strong> (+19 for winning)\n|raw|gohan92's rating: 1505 → 1486<\/strong> (-19 for losing)\n|l|\u2606gohan92\n","uploadtime":1682004000,"views":18,"p1id":"keveloper","p2id":"gohan92","formatid":"gen9vgc2023regulationc","rating":1486,"private":0,"password":""}