{"id":"gen9vgc2023regulationc-1847153047","p1":"Meenie","p2":"JayoticNL","format":"[Gen 9] VGC 2023 Regulation C","log":"|j|\u2606Meenie\n|j|\u2606JayoticNL\n|t:|1681923411\n|gametype|doubles\n|player|p1|Meenie|kimonogirl|1329\n|player|p2|JayoticNL|ingo|1418\n|teamsize|p1|6\n|teamsize|p2|6\n|gen|9\n|tier|[Gen 9] VGC 2023 Regulation C\n|rated|\n|rule|Species Clause: Limit one of each Pok\u00e9mon\n|rule|Item Clause: Limit one of each item\n|clearpoke\n|poke|p1|Torkoal, L50, F|\n|poke|p1|Chien-Pao, L50|\n|poke|p1|Jumpluff, L50, M|\n|poke|p1|Great Tusk, L50|\n|poke|p1|Flutter Mane, L50|\n|poke|p1|Kingambit, L50, M|\n|poke|p2|Wo-Chien, L50|\n|poke|p2|Gothitelle, L50, F|\n|poke|p2|Scream Tail, L50|\n|poke|p2|Glimmora, L50, M|\n|poke|p2|Gastrodon-East, L50, F|\n|poke|p2|Volcarona, L50, F|\n|teampreview|4\n|inactive|Battle timer is ON: inactive players will automatically lose when time's up. (requested by JayoticNL)\n|inactive|Meenie also wants the timer to be on.\n|inactive|Meenie has 60 seconds left.\n|inactive|JayoticNL has 60 seconds left.\n|\n|t:|1681923465\n|start\n|switch|p1a: Tapinlow|Torkoal, L50, F|100\/100\n|switch|p1b: B\u00e0nhcam|Jumpluff, L50, M|100\/100\n|switch|p2a: Volcarona|Volcarona, L50, F|100\/100\n|switch|p2b: Wo-Chien|Wo-Chien, L50|100\/100\n|-ability|p2b: Wo-Chien|Tablets of Ruin\n|-weather|SunnyDay|[from] ability: Drought|[of] p1a: Tapinlow\n|turn|1\n|\n|t:|1681923495\n|-terastallize|p1b: B\u00e0nhcam|Water\n|move|p2b: Wo-Chien|Protect|p2b: Wo-Chien\n|-singleturn|p2b: Wo-Chien|Protect\n|move|p1b: B\u00e0nhcam|Sleep Powder|p2a: Volcarona\n|-activate|p2a: Volcarona|item: Safety Goggles|Sleep Powder\n|move|p2a: Volcarona|Quiver Dance|p2a: Volcarona\n|-boost|p2a: Volcarona|spa|1\n|-boost|p2a: Volcarona|spd|1\n|-boost|p2a: Volcarona|spe|1\n|move|p1a: Tapinlow|Overheat|p2b: Wo-Chien\n|-activate|p2b: Wo-Chien|move: Protect\n|\n|-weather|SunnyDay|[upkeep]\n|upkeep\n|turn|2\n|\n|t:|1681923511\n|switch|p2b: Gastrodon|Gastrodon-East, L50, F|100\/100\n|-terastallize|p2a: Volcarona|Water\n|move|p1b: B\u00e0nhcam|Encore|p2a: Volcarona\n|-start|p2a: Volcarona|Encore\n|move|p2a: Volcarona|Quiver Dance|p2a: Volcarona\n|-boost|p2a: Volcarona|spa|1\n|-boost|p2a: Volcarona|spd|1\n|-boost|p2a: Volcarona|spe|1\n|move|p1a: Tapinlow|Overheat|p2b: Gastrodon|[miss]\n|-miss|p1a: Tapinlow|p2b: Gastrodon\n|\n|-weather|SunnyDay|[upkeep]\n|upkeep\n|turn|3\n|\n|t:|1681923533\n|move|p1a: Tapinlow|Helping Hand|p1b: B\u00e0nhcam\n|-singleturn|p1b: B\u00e0nhcam|Helping Hand|[of] p1a: Tapinlow\n|move|p1b: B\u00e0nhcam|Leaf Storm|p2b: Gastrodon\n|-supereffective|p2b: Gastrodon\n|-damage|p2b: Gastrodon|0 fnt\n|-unboost|p1b: B\u00e0nhcam|spa|2\n|faint|p2b: Gastrodon\n|move|p2a: Volcarona|Quiver Dance|p2a: Volcarona\n|-boost|p2a: Volcarona|spa|1\n|-boost|p2a: Volcarona|spd|1\n|-boost|p2a: Volcarona|spe|1\n|\n|-weather|SunnyDay|[upkeep]\n|upkeep\n|\n|t:|1681923539\n|switch|p2b: Glimmora|Glimmora, L50, M|100\/100\n|turn|4\n|\n|t:|1681923555\n|move|p2a: Volcarona|Quiver Dance|p2a: Volcarona\n|-boost|p2a: Volcarona|spa|1\n|-boost|p2a: Volcarona|spd|1\n|-boost|p2a: Volcarona|spe|1\n|move|p1b: B\u00e0nhcam|Tailwind|p1b: B\u00e0nhcam\n|-sidestart|p1: Meenie|move: Tailwind\n|move|p2b: Glimmora|Power Gem|p1a: Tapinlow\n|-supereffective|p1a: Tapinlow\n|-damage|p1a: Tapinlow|36\/100\n|move|p1a: Tapinlow|Overheat|p2b: Glimmora|[miss]\n|-miss|p1a: Tapinlow|p2b: Glimmora\n|\n|-weather|SunnyDay|[upkeep]\n|-end|p2a: Volcarona|Encore\n|upkeep\n|turn|5\n|inactive|JayoticNL has 30 seconds left.\n|inactive|Meenie has 30 seconds left.\n|\n|t:|1681923590\n|move|p2a: Volcarona|Protect|p2a: Volcarona\n|-singleturn|p2a: Volcarona|Protect\n|move|p1b: B\u00e0nhcam|Encore|p2a: Volcarona\n|-activate|p2a: Volcarona|move: Protect\n|move|p2b: Glimmora|Sludge Bomb|p1b: B\u00e0nhcam\n|-damage|p1b: B\u00e0nhcam|62\/100\n|move|p1a: Tapinlow|Yawn|p2a: Volcarona\n|-activate|p2a: Volcarona|move: Protect\n|\n|-weather|none\n|upkeep\n|turn|6\n|-message|Meenie forfeited.\n|\n|win|JayoticNL\n|raw|Meenie's rating: 1329 → 1314<\/strong> (-15 for losing)\n|raw|JayoticNL's rating: 1418 → 1433<\/strong> (+15 for winning)\n|l|\u2606Meenie\n","uploadtime":1681923612,"views":14,"p1id":"meenie","p2id":"jayoticnl","formatid":"gen9vgc2023regulationc","rating":1314,"private":0,"password":""}