{"id":"gen9vgc2023regulationc-1845112333","p1":"Dante4life","p2":"Steakman5","format":"[Gen 9] VGC 2023 Regulation C","log":"|j|\u2606Dante4life\n|j|\u2606Steakman5\n|t:|1681684959\n|gametype|doubles\n|player|p1|Dante4life|hilbert-wonderlauncher|1000\n|player|p2|Steakman5|tuber|1080\n|teamsize|p1|6\n|teamsize|p2|6\n|gen|9\n|tier|[Gen 9] VGC 2023 Regulation C\n|rated|\n|rule|Species Clause: Limit one of each Pok\u00e9mon\n|rule|Item Clause: Limit one of each item\n|clearpoke\n|poke|p1|Tatsugiri, L50, M|\n|poke|p1|Dondozo, L50, F|\n|poke|p1|Palafin, L50, M|\n|poke|p1|Goodra, L50, F|\n|poke|p1|Gastrodon-East, L50, F|\n|poke|p1|Armarouge, L50, M|\n|poke|p2|Chi-Yu, L50|\n|poke|p2|Palafin, L50, F|\n|poke|p2|Maushold-Four, L50|\n|poke|p2|Annihilape, L50, F|\n|poke|p2|Brute Bonnet, L50|\n|poke|p2|Flutter Mane, L50|\n|teampreview|4\n|\n|t:|1681684979\n|start\n|switch|p1a: Palafin|Palafin, L50, M, shiny|100\/100\n|switch|p1b: Dondozo|Dondozo, L50, F|100\/100\n|switch|p2a: Palafin|Palafin, L50, F|100\/100\n|switch|p2b: Maushold|Maushold-Four, L50|100\/100\n|turn|1\n|\n|t:|1681684999\n|detailschange|p2a: Palafin|Palafin-Hero, L50, F\n|switch|p2a: Brute Bonnet|Brute Bonnet, L50|100\/100\n|detailschange|p1a: Palafin|Palafin-Hero, L50, M, shiny\n|switch|p1a: Tatsugiri|Tatsugiri, L50, M, shiny|100\/100\n|-activate|p1a: Tatsugiri|ability: Commander|[of] p1b: Dondozo\n|-boost|p1b: Dondozo|atk|2\n|-boost|p1b: Dondozo|spa|2\n|-boost|p1b: Dondozo|spe|2\n|-boost|p1b: Dondozo|def|2\n|-boost|p1b: Dondozo|spd|2\n|move|p2b: Maushold|Protect|p2b: Maushold\n|-singleturn|p2b: Maushold|Protect\n|move|p1b: Dondozo|Heavy Slam|p2b: Maushold\n|-activate|p2b: Maushold|move: Protect\n|\n|upkeep\n|turn|2\n|\n|t:|1681685017\n|move|p2b: Maushold|Follow Me|p2b: Maushold\n|-singleturn|p2b: Maushold|move: Follow Me\n|move|p1b: Dondozo|Heavy Slam|p2b: Maushold\n|-damage|p2b: Maushold|7\/100\n|move|p2a: Brute Bonnet|Spore|p1b: Dondozo\n|-status|p1b: Dondozo|slp|[from] move: Spore\n|\n|upkeep\n|turn|3\n|\n|t:|1681685032\n|move|p2b: Maushold|Super Fang|p1b: Dondozo\n|-damage|p1b: Dondozo|51\/100 slp\n|cant|p1b: Dondozo|slp\n|move|p2a: Brute Bonnet|Bullet Seed|p1b: Dondozo\n|-supereffective|p1b: Dondozo\n|-damage|p1b: Dondozo|43\/100 slp\n|-supereffective|p1b: Dondozo\n|-damage|p1b: Dondozo|36\/100 slp\n|-supereffective|p1b: Dondozo\n|-damage|p1b: Dondozo|29\/100 slp\n|-supereffective|p1b: Dondozo\n|-damage|p1b: Dondozo|21\/100 slp\n|-hitcount|p1b: Dondozo|4\n|\n|upkeep\n|turn|4\n|\n|t:|1681685050\n|move|p2b: Maushold|Follow Me|p2b: Maushold\n|-singleturn|p2b: Maushold|move: Follow Me\n|-curestatus|p1b: Dondozo|slp|[msg]\n|move|p1b: Dondozo|Order Up|p2b: Maushold\n|-damage|p2b: Maushold|0 fnt\n|faint|p2b: Maushold\n|-boost|p1b: Dondozo|atk|1\n|move|p2a: Brute Bonnet|Bullet Seed|p1b: Dondozo\n|-supereffective|p1b: Dondozo\n|-damage|p1b: Dondozo|13\/100\n|-supereffective|p1b: Dondozo\n|-damage|p1b: Dondozo|6\/100\n|-supereffective|p1b: Dondozo\n|-damage|p1b: Dondozo|0 fnt\n|faint|p1b: Dondozo\n|-hitcount|p1: Dondozo|3\n|\n|upkeep\n|\n|t:|1681685075\n|switch|p2b: Annihilape|Annihilape, L50, F|100\/100\n|switch|p1b: Armarouge|Armarouge, L50, M|100\/100\n|turn|5\n|\n|t:|1681685096\n|-terastallize|p2b: Annihilape|Water\n|move|p1a: Tatsugiri|Helping Hand|p1b: Armarouge\n|-singleturn|p1b: Armarouge|Helping Hand|[of] p1a: Tatsugiri\n|move|p2a: Brute Bonnet|Sucker Punch|p1b: Armarouge\n|-supereffective|p1b: Armarouge\n|-damage|p1b: Armarouge|28\/100\n|move|p1b: Armarouge|Armor Cannon|p2a: Brute Bonnet\n|-supereffective|p2a: Brute Bonnet\n|-damage|p2a: Brute Bonnet|0 fnt\n|-unboost|p1b: Armarouge|def|1\n|-unboost|p1b: Armarouge|spd|1\n|faint|p2a: Brute Bonnet\n|-end|p2a: Brute Bonnet|Protosynthesis|[silent]\n|move|p2b: Annihilape|Bulk Up|p2b: Annihilape\n|-boost|p2b: Annihilape|atk|1\n|-boost|p2b: Annihilape|def|1\n|\n|upkeep\n|\n|t:|1681685106\n|switch|p2a: Palafin|Palafin-Hero, L50, F|100\/100\n|-activate|p2a: Palafin|ability: Zero to Hero\n|turn|6\n|\n|t:|1681685131\n|move|p2a: Palafin|Jet Punch|p1b: Armarouge\n|-supereffective|p1b: Armarouge\n|-crit|p1b: Armarouge\n|-damage|p1b: Armarouge|0 fnt\n|faint|p1b: Armarouge\n|move|p2b: Annihilape|Drain Punch|p1a: Tatsugiri\n|-damage|p1a: Tatsugiri|0 fnt\n|faint|p1a: Tatsugiri\n|\n|upkeep\n|\n|t:|1681685147\n|switch|p1b: Palafin|Palafin-Hero, L50, M, shiny|100\/100\n|-activate|p1b: Palafin|ability: Zero to Hero\n|turn|7\n|\n|t:|1681685168\n|-terastallize|p1b: Palafin|Water\n|move|p2a: Palafin|Wave Crash|p1b: Palafin\n|-resisted|p1b: Palafin\n|-damage|p1b: Palafin|51\/100\n|-damage|p2a: Palafin|84\/100|[from] item: Rocky Helmet|[of] p1b: Palafin\n|-damage|p2a: Palafin|69\/100|[from] Recoil\n|move|p1b: Palafin|Close Combat|p2b: Annihilape\n|-damage|p2b: Annihilape|68\/100\n|-unboost|p1b: Palafin|def|1\n|-unboost|p1b: Palafin|spd|1\n|move|p2b: Annihilape|Bulk Up|p2b: Annihilape\n|-boost|p2b: Annihilape|atk|1\n|-boost|p2b: Annihilape|def|1\n|\n|upkeep\n|turn|8\n|\n|t:|1681685186\n|move|p1b: Palafin|Jet Punch|p2a: Palafin\n|-resisted|p2a: Palafin\n|-damage|p2a: Palafin|45\/100\n|move|p2a: Palafin|Wave Crash|p1b: Palafin\n|-resisted|p1b: Palafin\n|-damage|p1b: Palafin|0 fnt\n|-damage|p2a: Palafin|29\/100|[from] item: Rocky Helmet|[of] p1b: Palafin\n|faint|p1b: Palafin\n|-damage|p2a: Palafin|14\/100|[from] Recoil\n|\n|win|Steakman5\n|raw|Dante4life's rating: 1000 → 1000<\/strong> (+0 for losing)\n|raw|Steakman5's rating: 1080 → 1102<\/strong> (+22 for winning)\n|c|\u2606Steakman5|gg\n","uploadtime":1681685198,"views":12,"p1id":"dante4life","p2id":"steakman5","formatid":"gen9vgc2023regulationc","rating":1000,"private":0,"password":""}