{"id":"gen9vgc2023regulationc-1860122945","p1":"Proffesor_Karrot","p2":"mx555","format":"[Gen 9] VGC 2023 Regulation C","log":"|j|\u2606Proffesor_Karrot\n|j|\u2606mx555\n|t:|1683597899\n|gametype|doubles\n|player|p1|Proffesor_Karrot|lady|1084\n|player|p2|mx555|170|1176\n|teamsize|p1|6\n|teamsize|p2|6\n|gen|9\n|tier|[Gen 9] VGC 2023 Regulation C\n|rated|\n|rule|Species Clause: Limit one of each Pok\u00e9mon\n|rule|Item Clause: Limit one of each item\n|clearpoke\n|poke|p1|Cyclizar, L50, M|\n|poke|p1|Dragonite, L50, F|\n|poke|p1|Corviknight, L50, M|\n|poke|p1|Scream Tail, L50|\n|poke|p1|Amoonguss, L50, M|\n|poke|p1|Palafin, L50, F|\n|poke|p2|Scizor, L50, F|\n|poke|p2|Flutter Mane, L50|\n|poke|p2|Iron Bundle, L50|\n|poke|p2|Iron Hands, L50|\n|poke|p2|Amoonguss, L50, M|\n|poke|p2|Chi-Yu, L50|\n|teampreview|4\n|inactive|Battle timer is ON: inactive players will automatically lose when time's up. (requested by Proffesor_Karrot)\n|inactive|mx555 has 60 seconds left.\n|\n|t:|1683597938\n|start\n|switch|p1a: Corviknight|Corviknight, L50, M|100\/100\n|switch|p1b: Cyclizar|Cyclizar, L50, M|100\/100\n|switch|p2a: Iron Hands|Iron Hands, L50|100\/100\n|switch|p2b: Chi-Yu|Chi-Yu, L50|100\/100\n|-ability|p2b: Chi-Yu|Beads of Ruin\n|turn|1\n|\n|t:|1683597958\n|-terastallize|p2b: Chi-Yu|Fire\n|-terastallize|p1a: Corviknight|Water\n|move|p2a: Iron Hands|Fake Out|p1b: Cyclizar\n|-damage|p1b: Cyclizar|78\/100\n|cant|p1b: Cyclizar|flinch\n|move|p2b: Chi-Yu|Heat Wave|p1a: Corviknight|[spread] p1a,p1b\n|-resisted|p1a: Corviknight\n|-resisted|p1b: Cyclizar\n|-damage|p1a: Corviknight|69\/100\n|-damage|p1b: Cyclizar|15\/100\n|-enditem|p1b: Cyclizar|Sitrus Berry|[eat]\n|-heal|p1b: Cyclizar|39\/100|[from] item: Sitrus Berry\n|-damage|p2b: Chi-Yu|91\/100|[from] item: Life Orb\n|move|p1a: Corviknight|Iron Defense|p1a: Corviknight\n|-boost|p1a: Corviknight|def|2\n|\n|upkeep\n|turn|2\n|inactive|mx555 has 30 seconds left.\n|\n|t:|1683597988\n|move|p1b: Cyclizar|Breaking Swipe|p2b: Chi-Yu|[spread] p2a,p2b\n|-damage|p2a: Iron Hands|90\/100\n|-damage|p2b: Chi-Yu|65\/100\n|-unboost|p2a: Iron Hands|atk|1\n|-unboost|p2b: Chi-Yu|atk|1\n|move|p2b: Chi-Yu|Dark Pulse|p1b: Cyclizar\n|-damage|p1b: Cyclizar|0 fnt\n|faint|p1b: Cyclizar\n|-damage|p2b: Chi-Yu|55\/100|[from] item: Life Orb\n|move|p1a: Corviknight|Body Press|p2b: Chi-Yu\n|-damage|p2b: Chi-Yu|0 fnt\n|faint|p2b: Chi-Yu\n|move|p2a: Iron Hands|Thunder Punch|p1a: Corviknight\n|-supereffective|p1a: Corviknight\n|-damage|p1a: Corviknight|45\/100\n|-damage|p2a: Iron Hands|74\/100|[from] item: Rocky Helmet|[of] p1a: Corviknight\n|\n|upkeep\n|inactive|Proffesor_Karrot has 30 seconds left.\n|\n|t:|1683598016\n|switch|p1b: Scream Tail|Scream Tail, L50|100\/100\n|switch|p2b: Iron Bundle|Iron Bundle, L50|100\/100\n|-enditem|p2b: Iron Bundle|Booster Energy\n|-activate|p2b: Iron Bundle|ability: Quark Drive|[fromitem]\n|-start|p2b: Iron Bundle|quarkdrivespe\n|-enditem|p1b: Scream Tail|Booster Energy\n|-activate|p1b: Scream Tail|ability: Protosynthesis|[fromitem]\n|-start|p1b: Scream Tail|protosynthesisspe\n|turn|3\n|\n|t:|1683598037\n|-end|p2a: Iron Hands|Quark Drive|[silent]\n|switch|p2a: Amoonguss|Amoonguss, L50, M|100\/100\n|move|p2b: Iron Bundle|Freeze-Dry|p1a: Corviknight\n|-supereffective|p1a: Corviknight\n|-damage|p1a: Corviknight|0 fnt\n|faint|p1a: Corviknight\n|move|p1b: Scream Tail|Thunder Wave|p2b: Iron Bundle\n|-status|p2b: Iron Bundle|par\n|\n|upkeep\n|\n|t:|1683598046\n|switch|p1a: Dragonite|Dragonite, L50, F|100\/100\n|turn|4\n|\n|t:|1683598070\n|move|p2b: Iron Bundle|Protect|p2b: Iron Bundle\n|-singleturn|p2b: Iron Bundle|Protect\n|move|p1a: Dragonite|Extreme Speed|p2b: Iron Bundle\n|-activate|p2b: Iron Bundle|move: Protect\n|move|p1b: Scream Tail|Dazzling Gleam|p2b: Iron Bundle|[spread] p2a\n|-activate|p2b: Iron Bundle|move: Protect\n|-resisted|p2a: Amoonguss\n|-damage|p2a: Amoonguss|94\/100\n|move|p2a: Amoonguss|Spore|p1a: Dragonite\n|-status|p1a: Dragonite|slp|[from] move: Spore\n|\n|upkeep\n|turn|5\n|\n|t:|1683598087\n|move|p1b: Scream Tail|Dazzling Gleam|p2b: Iron Bundle|[spread] p2a,p2b\n|-resisted|p2a: Amoonguss\n|-damage|p2a: Amoonguss|87\/100\n|-damage|p2b: Iron Bundle|71\/100 par\n|move|p2b: Iron Bundle|Icy Wind|p1a: Dragonite|[spread] p1a,p1b\n|-supereffective|p1a: Dragonite\n|-damage|p1a: Dragonite|54\/100 slp\n|-damage|p1b: Scream Tail|87\/100\n|-unboost|p1a: Dragonite|spe|1\n|-unboost|p1b: Scream Tail|spe|1\n|cant|p1a: Dragonite|slp\n|move|p2a: Amoonguss|Spore|p1b: Scream Tail\n|-status|p1b: Scream Tail|slp|[from] move: Spore\n|\n|-heal|p1a: Dragonite|60\/100 slp|[from] item: Leftovers\n|upkeep\n|turn|6\n|\n|t:|1683598105\n|cant|p1a: Dragonite|slp\n|move|p2a: Amoonguss|Rage Powder|p2a: Amoonguss\n|-singleturn|p2a: Amoonguss|move: Rage Powder\n|cant|p1b: Scream Tail|slp\n|move|p2b: Iron Bundle|Freeze-Dry|p1a: Dragonite\n|-supereffective|p1a: Dragonite\n|-damage|p1a: Dragonite|0 fnt\n|faint|p1a: Dragonite\n|\n|upkeep\n|turn|7\n|-message|Proffesor_Karrot forfeited.\n|\n|win|mx555\n|raw|Proffesor_Karrot's rating: 1084 → 1067<\/strong> (-17 for losing)\n|raw|mx555's rating: 1176 → 1195<\/strong> (+19 for winning)\n|l|\u2606Proffesor_Karrot\n","uploadtime":1683598146,"views":13,"p1id":"proffesorkarrot","p2id":"mx555","formatid":"gen9vgc2023regulationc","rating":1067,"private":0,"password":""}