{"id":"gen9vgc2023regulationc-1858482735","p1":"Roberto Carlos 99","p2":"SeydouVGC","format":"[Gen 9] VGC 2023 Regulation C","log":"|j|\u2606Roberto Carlos 99\n|j|\u2606SeydouVGC\n|t:|1683316704\n|gametype|doubles\n|player|p1|Roberto Carlos 99|265|1342\n|player|p2|SeydouVGC|flint|1252\n|teamsize|p1|6\n|teamsize|p2|6\n|gen|9\n|tier|[Gen 9] VGC 2023 Regulation C\n|rated|\n|rule|Species Clause: Limit one of each Pok\u00e9mon\n|rule|Item Clause: Limit one of each item\n|clearpoke\n|poke|p1|Gothitelle, L50, F|\n|poke|p1|Flutter Mane, L50|\n|poke|p1|Gyarados, L50, F|\n|poke|p1|Talonflame, L50, M|\n|poke|p1|Garchomp, L50, M|\n|poke|p1|Pachirisu, L50, M|\n|poke|p2|Ting-Lu, L50|\n|poke|p2|Amoonguss, L50, F|\n|poke|p2|Arcanine, L50, F|\n|poke|p2|Roaring Moon, L50|\n|poke|p2|Garganacl, L50, F|\n|poke|p2|Iron Bundle, L50|\n|teampreview|4\nSeydouVGC has agreed to open team sheets.\nRoberto Carlos 99 rejected open team sheets.\n|c|\u2606SeydouVGC|xD\n|\n|t:|1683316740\n|start\n|switch|p1a: Gothitelle|Gothitelle, L50, F|100\/100\n|switch|p1b: Flutter Mane|Flutter Mane, L50|100\/100\n|switch|p2a: Roaring Moon|Roaring Moon, L50, shiny|100\/100\n|switch|p2b: Ting-Lu|Ting-Lu, L50|100\/100\n|-ability|p2b: Ting-Lu|Vessel of Ruin\n|-enditem|p2a: Roaring Moon|Booster Energy\n|-activate|p2a: Roaring Moon|ability: Protosynthesis|[fromitem]\n|-start|p2a: Roaring Moon|protosynthesisatk\n|turn|1\n|inactive|Battle timer is ON: inactive players will automatically lose when time's up. (requested by Roberto Carlos 99)\n|inactive|Roberto Carlos 99 has 60 seconds left.\n|\n|t:|1683316779\n|-terastallize|p2b: Ting-Lu|Poison\n|move|p2a: Roaring Moon|Protect|p2a: Roaring Moon\n|-singleturn|p2a: Roaring Moon|Protect\n|move|p1b: Flutter Mane|Dazzling Gleam|p2a: Roaring Moon|[spread] p2b\n|-activate|p2a: Roaring Moon|move: Protect\n|-resisted|p2b: Ting-Lu\n|-damage|p2b: Ting-Lu|92\/100\n|move|p1a: Gothitelle|Thunder Wave|p2a: Roaring Moon\n|-activate|p2a: Roaring Moon|move: Protect\n|move|p2b: Ting-Lu|Heavy Slam|p1b: Flutter Mane\n|-supereffective|p1b: Flutter Mane\n|-damage|p1b: Flutter Mane|0 fnt\n|faint|p1b: Flutter Mane\n|-end|p1b: Flutter Mane|Protosynthesis|[silent]\n|\n|upkeep\n|\n|t:|1683316798\n|switch|p1b: Gyarados|Gyarados, L50, F|100\/100\n|-ability|p1b: Gyarados|Intimidate|boost\n|-unboost|p2a: Roaring Moon|atk|1\n|-unboost|p2b: Ting-Lu|atk|1\n|turn|2\n|\n|t:|1683316809\n|move|p2a: Roaring Moon|Jaw Lock|p1a: Gothitelle\n|-supereffective|p1a: Gothitelle\n|-damage|p1a: Gothitelle|15\/100\n|-activate|p2a: Roaring Moon|trapped\n|-activate|p1a: Gothitelle|trapped\n|move|p1b: Gyarados|Dragon Dance|p1b: Gyarados\n|-boost|p1b: Gyarados|atk|1\n|-boost|p1b: Gyarados|spe|1\n|move|p1a: Gothitelle|Thunder Wave|p2a: Roaring Moon\n|-status|p2a: Roaring Moon|par\n|move|p2b: Ting-Lu|Ruination|p1a: Gothitelle\n|-damage|p1a: Gothitelle|8\/100\n|\n|-heal|p1a: Gothitelle|14\/100|[from] item: Leftovers\n|upkeep\n|turn|3\n|inactive|Roberto Carlos 99 has 30 seconds left.\n|\n|t:|1683316840\n|move|p1a: Gothitelle|Protect|p1a: Gothitelle\n|-singleturn|p1a: Gothitelle|Protect\n|move|p1b: Gyarados|Earthquake|p2a: Roaring Moon|[spread] p2a,p2b\n|-activate|p1a: Gothitelle|move: Protect\n|-supereffective|p2b: Ting-Lu\n|-damage|p2a: Roaring Moon|54\/100 par\n|-damage|p2b: Ting-Lu|43\/100\n|move|p2a: Roaring Moon|Dragon Dance|p2a: Roaring Moon\n|-boost|p2a: Roaring Moon|atk|1\n|-boost|p2a: Roaring Moon|spe|1\n|move|p2b: Ting-Lu|Ruination|p1b: Gyarados\n|-damage|p1b: Gyarados|50\/100\n|\n|-heal|p1a: Gothitelle|20\/100|[from] item: Leftovers\n|upkeep\n|turn|4\n|inactive|Roberto Carlos 99 has 30 seconds left.\n|\n|t:|1683316867\n|move|p1b: Gyarados|Protect|p1b: Gyarados\n|-singleturn|p1b: Gyarados|Protect\n|move|p2a: Roaring Moon|Protect|p2a: Roaring Moon\n|-singleturn|p2a: Roaring Moon|Protect\n|move|p1a: Gothitelle|Tickle|p2a: Roaring Moon\n|-activate|p2a: Roaring Moon|move: Protect\n|move|p2b: Ting-Lu|Stomping Tantrum|p1a: Gothitelle\n|-damage|p1a: Gothitelle|0 fnt\n|faint|p1a: Gothitelle\n|\n|upkeep\n|\n|t:|1683316879\n|switch|p1a: Garchomp|Garchomp, L50, M|100\/100\n|turn|5\n|\n|t:|1683316899\n|-end|p2a: Roaring Moon|Protosynthesis|[silent]\n|switch|p2a: Amoonguss|Amoonguss, L50, F, shiny|100\/100\n|switch|p2b: Arcanine|Arcanine, L50, F|100\/100\n|-ability|p2b: Arcanine|Intimidate|boost\n|-unboost|p1a: Garchomp|atk|1\n|-unboost|p1b: Gyarados|atk|1\n|move|p1b: Gyarados|Waterfall|p2a: Amoonguss\n|-resisted|p2a: Amoonguss\n|-damage|p2a: Amoonguss|85\/100\n|move|p1a: Garchomp|Rock Slide|p2b: Arcanine|[spread] p2a,p2b\n|-supereffective|p2b: Arcanine\n|-damage|p2a: Amoonguss|75\/100\n|-damage|p2b: Arcanine|72\/100\n|\n|upkeep\n|turn|6\n|\n|t:|1683316921\n|switch|p2b: Ting-Lu|Ting-Lu, L50, tera:Poison|43\/100\n|-ability|p2b: Ting-Lu|Vessel of Ruin\n|move|p1a: Garchomp|Protect|p1a: Garchomp\n|-singleturn|p1a: Garchomp|Protect\n|move|p1b: Gyarados|Earthquake|p2b: Ting-Lu|[spread] p2a,p2b\n|-activate|p1a: Garchomp|move: Protect\n|-supereffective|p2b: Ting-Lu\n|-damage|p2a: Amoonguss|52\/100\n|-damage|p2b: Ting-Lu|9\/100\n|move|p2a: Amoonguss|Spore|p1a: Garchomp\n|-activate|p1a: Garchomp|move: Protect\n|\n|upkeep\n|turn|7\n|\n|t:|1683316942\n|switch|p2b: Arcanine|Arcanine, L50, F|72\/100\n|-ability|p2b: Arcanine|Intimidate|boost\n|-unboost|p1a: Garchomp|atk|1\n|-unboost|p1b: Gyarados|atk|1\n|move|p1b: Gyarados|Dragon Dance|p1b: Gyarados\n|-boost|p1b: Gyarados|atk|1\n|-boost|p1b: Gyarados|spe|1\n|move|p1a: Garchomp|Earthquake|p2a: Amoonguss|[spread] p2a,p2b\n|-immune|p1b: Gyarados\n|-supereffective|p2b: Arcanine\n|-damage|p2a: Amoonguss|38\/100\n|-damage|p2b: Arcanine|31\/100\n|-enditem|p2a: Amoonguss|Sitrus Berry|[eat]\n|-heal|p2a: Amoonguss|63\/100|[from] item: Sitrus Berry\n|move|p2a: Amoonguss|Spore|p1a: Garchomp\n|-status|p1a: Garchomp|slp|[from] move: Spore\n|\n|upkeep\n|turn|8\n|inactive|Roberto Carlos 99 has 30 seconds left.\n|inactive|SeydouVGC has 30 seconds left.\n|\n|t:|1683316975\n|move|p2a: Amoonguss|Rage Powder|p2a: Amoonguss\n|-singleturn|p2a: Amoonguss|move: Rage Powder\n|move|p1b: Gyarados|Waterfall|p2a: Amoonguss\n|-resisted|p2a: Amoonguss\n|-crit|p2a: Amoonguss\n|-damage|p2a: Amoonguss|35\/100\n|cant|p1a: Garchomp|slp\n|move|p2b: Arcanine|Will-O-Wisp|p1b: Gyarados\n|-status|p1b: Gyarados|brn\n|\n|-damage|p1b: Gyarados|45\/100 brn|[from] brn\n|upkeep\n|turn|9\n|-message|Roberto Carlos 99 forfeited.\n|\n|win|SeydouVGC\n|raw|Roberto Carlos 99's rating: 1342 → 1317<\/strong> (-25 for losing)\n|raw|SeydouVGC's rating: 1252 → 1283<\/strong> (+31 for winning)\n|l|\u2606Roberto Carlos 99\n","uploadtime":1683316995,"views":10,"p1id":"robertocarlos99","p2id":"seydouvgc","formatid":"gen9vgc2023regulationc","rating":1283,"private":0,"password":""}