{"id":"gen9vgc2023regulationc-1863593173","p1":"revocolombia","p2":"yeyushengfan","format":"[Gen 9] VGC 2023 Regulation C","log":"|j|\u2606revocolombia\n|j|\u2606yeyushengfan\n|t:|1684039681\n|gametype|doubles\n|player|p1|revocolombia|pokemonranger-gen4|1422\n|player|p2|yeyushengfan|swimmerf-gen4dp|1400\n|teamsize|p1|6\n|teamsize|p2|6\n|gen|9\n|tier|[Gen 9] VGC 2023 Regulation C\n|rated|\n|rule|Species Clause: Limit one of each Pok\u00e9mon\n|rule|Item Clause: Limit one of each item\n|clearpoke\n|poke|p1|Flutter Mane, L50|\n|poke|p1|Annihilape, L50, M|\n|poke|p1|Dragonite, L50, M|\n|poke|p1|Chien-Pao, L50|\n|poke|p1|Murkrow, L50, F|\n|poke|p1|Gholdengo, L50|\n|poke|p2|Scizor, L50, F|\n|poke|p2|Flutter Mane, L50|\n|poke|p2|Iron Bundle, L50|\n|poke|p2|Chi-Yu, L50|\n|poke|p2|Iron Hands, L50|\n|poke|p2|Abomasnow, L50, M|\n|teampreview|4\n|inactive|Battle timer is ON: inactive players will automatically lose when time's up. (requested by yeyushengfan)\n|inactive|revocolombia has 60 seconds left.\n|inactive|yeyushengfan has 60 seconds left.\n|\n|t:|1684039732\n|start\n|switch|p1a: Annihilape|Annihilape, L50, M, shiny|100\/100\n|switch|p1b: Murkrow|Murkrow, L50, F|100\/100\n|switch|p2a: Iron Bundle|Iron Bundle, L50|100\/100\n|switch|p2b: Scizor|Scizor, L50, F|100\/100\n|-enditem|p2a: Iron Bundle|Booster Energy\n|-activate|p2a: Iron Bundle|ability: Quark Drive|[fromitem]\n|-start|p2a: Iron Bundle|quarkdrivespe\n|turn|1\n|inactive|revocolombia has 30 seconds left.\n|inactive|revocolombia has 20 seconds left.\n|inactive|revocolombia has 15 seconds left.\n|\n|t:|1684039777\n|-terastallize|p1a: Annihilape|Fire\n|move|p1b: Murkrow|Taunt|p2b: Scizor\n|-start|p2b: Scizor|move: Taunt\n|move|p2a: Iron Bundle|Hydro Pump|p1a: Annihilape\n|-supereffective|p1a: Annihilape\n|-crit|p1a: Annihilape\n|-damage|p1a: Annihilape|0 fnt\n|faint|p1a: Annihilape\n|cant|p2b: Scizor|move: Taunt|Tailwind\n|\n|upkeep\n|\n|t:|1684039789\n|switch|p1a: Dragonite|Dragonite, L50, M|100\/100\n|turn|2\n|\n|t:|1684039794\n|switch|p2b: Abomasnow|Abomasnow, L50, M|100\/100\n|-weather|Snow|[from] ability: Snow Warning|[of] p2b: Abomasnow\n|move|p1b: Murkrow|Tailwind|p1b: Murkrow\n|-sidestart|p1: revocolombia|move: Tailwind\n|move|p2a: Iron Bundle|Blizzard|p1a: Dragonite|[spread] p1a,p1b\n|-supereffective|p1a: Dragonite\n|-supereffective|p1b: Murkrow\n|-damage|p1a: Dragonite|14\/100\n|-damage|p1b: Murkrow|9\/100\n|move|p1a: Dragonite|Dragon Dance|p1a: Dragonite\n|-boost|p1a: Dragonite|atk|1\n|-boost|p1a: Dragonite|spe|1\n|\n|-weather|Snow|[upkeep]\n|upkeep\n|turn|3\n|\n|t:|1684039816\n|move|p2b: Abomasnow|Helping Hand|p2a: Iron Bundle\n|-singleturn|p2a: Iron Bundle|Helping Hand|[of] p2b: Abomasnow\n|move|p1a: Dragonite|Low Kick|p2b: Abomasnow\n|-supereffective|p2b: Abomasnow\n|-damage|p2b: Abomasnow|8\/100\n|move|p2a: Iron Bundle|Icy Wind|p1b: Murkrow|[spread] p1a,p1b\n|-supereffective|p1a: Dragonite\n|-supereffective|p1b: Murkrow\n|-damage|p1a: Dragonite|0 fnt\n|-damage|p1b: Murkrow|0 fnt\n|faint|p1a: Dragonite\n|faint|p1b: Murkrow\n|\n|-weather|Snow|[upkeep]\n|upkeep\n|\n|t:|1684039830\n|switch|p1a: Flutter Mane|Flutter Mane, L50|100\/100\n|-enditem|p1a: Flutter Mane|Booster Energy\n|-activate|p1a: Flutter Mane|ability: Protosynthesis|[fromitem]\n|-start|p1a: Flutter Mane|protosynthesisspe\n|turn|4\n|\n|t:|1684039840\n|move|p2b: Abomasnow|Helping Hand|p2a: Iron Bundle\n|-singleturn|p2a: Iron Bundle|Helping Hand|[of] p2b: Abomasnow\n|move|p1a: Flutter Mane|Dazzling Gleam|p2b: Abomasnow|[spread] p2a,p2b\n|-damage|p2a: Iron Bundle|37\/100\n|-damage|p2b: Abomasnow|0 fnt\n|faint|p2b: Abomasnow\n|move|p2a: Iron Bundle|Blizzard|p1a: Flutter Mane\n|-damage|p1a: Flutter Mane|13\/100\n|\n|-weather|Snow|[upkeep]\n|upkeep\n|\n|t:|1684039852\n|switch|p2b: Scizor|Scizor, L50, F|100\/100\n|turn|5\n|\n|t:|1684039858\n|move|p2b: Scizor|Bullet Punch|p1a: Flutter Mane\n|-supereffective|p1a: Flutter Mane\n|-damage|p1a: Flutter Mane|0 fnt\n|faint|p1a: Flutter Mane\n|-end|p1a: Flutter Mane|Protosynthesis|[silent]\n|\n|win|yeyushengfan\n|raw|revocolombia's rating: 1422 → 1401<\/strong> (-21 for losing)\n|raw|yeyushengfan's rating: 1400 → 1421<\/strong> (+21 for winning)\n|l|\u2606yeyushengfan\n","uploadtime":1684039872,"views":11,"p1id":"revocolombia","p2id":"yeyushengfan","formatid":"gen9vgc2023regulationc","rating":1401,"private":0,"password":""}