{"id":"gen9vgc2023regulationc-1848130647","p1":"isaaqdaseahawk","p2":"dunsparcedingo","format":"[Gen 9] VGC 2023 Regulation C","log":"|j|\u2606isaaqdaseahawk\n|j|\u2606dunsparcedingo\n|t:|1682033255\n|gametype|doubles\n|player|p1|isaaqdaseahawk|n|1201\n|player|p2|dunsparcedingo|zinnia|1093\n|teamsize|p1|6\n|teamsize|p2|6\n|gen|9\n|tier|[Gen 9] VGC 2023 Regulation C\n|rated|\n|rule|Species Clause: Limit one of each Pok\u00e9mon\n|rule|Item Clause: Limit one of each item\n|clearpoke\n|poke|p1|Volcarona, L50, M|\n|poke|p1|Iron Bundle, L50|\n|poke|p1|Amoonguss, L50, M|\n|poke|p1|Rotom-Wash, L50|\n|poke|p1|Scizor, L50, F|\n|poke|p1|Bombirdier, L50, F|\n|poke|p2|Torkoal, L50, M|\n|poke|p2|Jumpluff, L50, F|\n|poke|p2|Chi-Yu, L50|\n|poke|p2|Flutter Mane, L50|\n|poke|p2|Iron Bundle, L50|\n|poke|p2|Slither Wing, L50|\n|teampreview|4\ndunsparcedingo has agreed to open team sheets.\nisaaqdaseahawk has agreed to open team sheets.\n|\n|t:|1682033319\n|start\n|switch|p1a: Bombirdier|Bombirdier, L50, F|100\/100\n|switch|p1b: Rotom|Rotom-Wash, L50|100\/100\n|switch|p2a: Jumpluff|Jumpluff, L50, F|100\/100\n|switch|p2b: Chi-Yu|Chi-Yu, L50|100\/100\n|-ability|p2b: Chi-Yu|Beads of Ruin\n|turn|1\n|\n|t:|1682033362\n|move|p2a: Jumpluff|Tailwind|p2a: Jumpluff\n|-sidestart|p2: dunsparcedingo|move: Tailwind\n|move|p2b: Chi-Yu|Overheat|p1a: Bombirdier|[miss]\n|-miss|p2b: Chi-Yu|p1a: Bombirdier\n|move|p1b: Rotom|Light Screen|p1b: Rotom\n|-sidestart|p1: isaaqdaseahawk|move: Light Screen\n|move|p1a: Bombirdier|Tailwind|p1a: Bombirdier\n|-sidestart|p1: isaaqdaseahawk|move: Tailwind\n|\n|upkeep\n|turn|2\n|\n|t:|1682033390\n|-terastallize|p1a: Bombirdier|Rock\n|move|p2a: Jumpluff|Encore|p1a: Bombirdier\n|-start|p1a: Bombirdier|Encore\n|move|p2b: Chi-Yu|Snarl|p1a: Bombirdier|[spread] p1a,p1b\n|-damage|p1a: Bombirdier|72\/100\n|-damage|p1b: Rotom|76\/100\n|-unboost|p1a: Bombirdier|spa|1\n|-unboost|p1b: Rotom|spa|1\n|move|p1b: Rotom|Volt Switch|p2a: Jumpluff\n|-damage|p2a: Jumpluff|72\/100\n|\n|t:|1682033399\n|switch|p1b: Iron Bundle|Iron Bundle, L50|100\/100|[from] Volt Switch\n|-enditem|p1b: Iron Bundle|Booster Energy\n|-activate|p1b: Iron Bundle|ability: Quark Drive|[fromitem]\n|-start|p1b: Iron Bundle|quarkdrivespe\n|move|p1a: Bombirdier|Tailwind||[still]\n|-fail|p1a: Bombirdier\n|\n|upkeep\n|turn|3\n|\n|t:|1682033439\n|switch|p2a: Torkoal|Torkoal, L50, M|100\/100\n|-weather|SunnyDay|[from] ability: Drought|[of] p2a: Torkoal\n|switch|p1a: Scizor|Scizor, L50, F|100\/100\n|-terastallize|p2b: Chi-Yu|Steel\n|move|p1b: Iron Bundle|Freeze-Dry|p2a: Torkoal\n|-resisted|p2a: Torkoal\n|-damage|p2a: Torkoal|74\/100\n|move|p2b: Chi-Yu|Heat Wave|p1a: Scizor|[spread] p1a,p1b\n|-supereffective|p1a: Scizor\n|-damage|p1a: Scizor|0 fnt\n|-damage|p1b: Iron Bundle|0 fnt\n|faint|p1a: Scizor\n|faint|p1b: Iron Bundle\n|-end|p1b: Iron Bundle|Quark Drive|[silent]\n|\n|-weather|SunnyDay|[upkeep]\n|-heal|p2a: Torkoal|80\/100|[from] item: Leftovers\n|upkeep\n|\n|t:|1682033451\n|switch|p1b: Bombirdier|Bombirdier, L50, F, tera:Rock|72\/100\n|switch|p1a: Rotom|Rotom-Wash, L50|76\/100\n|turn|4\n|\n|t:|1682033476\n|move|p2a: Torkoal|Helping Hand|p2b: Chi-Yu\n|-singleturn|p2b: Chi-Yu|Helping Hand|[of] p2a: Torkoal\n|move|p2b: Chi-Yu|Heat Wave|p1b: Bombirdier|[spread] p1a,p1b\n|-resisted|p1a: Rotom\n|-resisted|p1b: Bombirdier\n|-damage|p1a: Rotom|35\/100\n|-damage|p1b: Bombirdier|23\/100\n|-status|p1a: Rotom|brn\n|-status|p1b: Bombirdier|brn\n|-enditem|p1a: Rotom|Sitrus Berry|[eat]\n|-heal|p1a: Rotom|60\/100 brn|[from] item: Sitrus Berry\n|-enditem|p1b: Bombirdier|Figy Berry|[eat]\n|-heal|p1b: Bombirdier|56\/100 brn|[from] item: Figy Berry\n|move|p1a: Rotom|Hydro Pump|p2b: Chi-Yu\n|-damage|p2b: Chi-Yu|78\/100\n|move|p1b: Bombirdier|Rock Slide|p2b: Chi-Yu|[spread] p2a,p2b\n|-supereffective|p2a: Torkoal\n|-resisted|p2b: Chi-Yu\n|-damage|p2a: Torkoal|53\/100\n|-damage|p2b: Chi-Yu|67\/100\n|\n|-weather|SunnyDay|[upkeep]\n|-heal|p2a: Torkoal|59\/100|[from] item: Leftovers\n|-damage|p1a: Rotom|54\/100 brn|[from] brn\n|-damage|p1b: Bombirdier|50\/100 brn|[from] brn\n|-sideend|p2: dunsparcedingo|move: Tailwind\n|-sideend|p1: isaaqdaseahawk|move: Tailwind\n|upkeep\n|turn|5\n|c|\u2606isaaqdaseahawk|gg\n|\n|t:|1682033501\n|move|p2a: Torkoal|Helping Hand|p2b: Chi-Yu\n|-singleturn|p2b: Chi-Yu|Helping Hand|[of] p2a: Torkoal\n|move|p2b: Chi-Yu|Heat Wave|p1b: Bombirdier|[spread] p1a,p1b\n|-resisted|p1a: Rotom\n|-resisted|p1b: Bombirdier\n|-damage|p1a: Rotom|9\/100 brn\n|-damage|p1b: Bombirdier|0 fnt\n|faint|p1b: Bombirdier\n|move|p1a: Rotom|Hydro Pump|p2b: Chi-Yu\n|-damage|p2b: Chi-Yu|45\/100\n|\n|-weather|SunnyDay|[upkeep]\n|-heal|p2a: Torkoal|65\/100|[from] item: Leftovers\n|-damage|p1a: Rotom|4\/100 brn|[from] brn\n|-sideend|p1: isaaqdaseahawk|move: Light Screen\n|upkeep\n|turn|6\n|c|\u2606dunsparcedingo|gg\n|\n|t:|1682033515\n|move|p2b: Chi-Yu|Heat Wave|p1a: Rotom\n|-resisted|p1a: Rotom\n|-damage|p1a: Rotom|0 fnt\n|faint|p1a: Rotom\n|\n|win|dunsparcedingo\n|raw|isaaqdaseahawk's rating: 1201 → 1168<\/strong> (-33 for losing)\n|raw|dunsparcedingo's rating: 1093 → 1127<\/strong> (+34 for winning)\n","uploadtime":1682033522,"views":11,"p1id":"isaaqdaseahawk","p2id":"dunsparcedingo","formatid":"gen9vgc2023regulationc","rating":1127,"private":0,"password":""}