{"id":"gen9vgc2023regulationc-1857248482","p1":"RexKaninVGC","p2":"BigBoofles","format":"[Gen 9] VGC 2023 Regulation C","log":"|j|\u2606RexKaninVGC\n|j|\u2606BigBoofles\n|t:|1683163219\n|gametype|doubles\n|player|p1|RexKaninVGC|n|1082\n|player|p2|BigBoofles|102|1122\n|teamsize|p1|6\n|teamsize|p2|6\n|gen|9\n|tier|[Gen 9] VGC 2023 Regulation C\n|rated|\n|rule|Species Clause: Limit one of each Pok\u00e9mon\n|rule|Item Clause: Limit one of each item\n|clearpoke\n|poke|p1|Gyarados, L50, F|\n|poke|p1|Chi-Yu, L50|\n|poke|p1|Scream Tail, L50|\n|poke|p1|Iron Hands, L50|\n|poke|p1|Glimmora, L50, F|\n|poke|p1|Kingambit, L50, M|\n|poke|p2|Clodsire, L50, M|\n|poke|p2|Rotom-Heat, L50|\n|poke|p2|Garganacl, L50, M|\n|poke|p2|Scream Tail, L50|\n|poke|p2|Tropius, L50, M|\n|poke|p2|Gyarados, L50, M|\n|teampreview|4\nRexKaninVGC rejected open team sheets.\n|inactive|Battle timer is ON: inactive players will automatically lose when time's up. (requested by RexKaninVGC)\n|\n|t:|1683163285\n|start\n|switch|p1a: Scream Tail|Scream Tail, L50|100\/100\n|switch|p1b: Iron Hands|Iron Hands, L50|100\/100\n|switch|p2a: Sin probably|Garganacl, L50, M|100\/100\n|switch|p2b: marry me?|Gyarados, L50, M|100\/100\n|-ability|p2b: marry me?|Intimidate|boost\n|-unboost|p1a: Scream Tail|atk|1\n|-unboost|p1b: Iron Hands|atk|1\n|-enditem|p1a: Scream Tail|Booster Energy\n|-activate|p1a: Scream Tail|ability: Protosynthesis|[fromitem]\n|-start|p1a: Scream Tail|protosynthesisspe\n|turn|1\n|inactive|BigBoofles has 30 seconds left.\n|\n|t:|1683163316\n|switch|p2b: Boofles|Clodsire, L50, M|100\/100\n|-terastallize|p2a: Sin probably|Ghost\n|move|p1b: Iron Hands|Fake Out|p2a: Sin probably\n|-immune|p2a: Sin probably\n|move|p1a: Scream Tail|Thunder Wave|p2b: Boofles\n|-immune|p2b: Boofles\n|move|p2a: Sin probably|Salt Cure|p1b: Iron Hands\n|-resisted|p1b: Iron Hands\n|-damage|p1b: Iron Hands|96\/100\n|-start|p1b: Iron Hands|Salt Cure\n|\n|-damage|p1b: Iron Hands|84\/100|[from] Salt Cure\n|upkeep\n|turn|2\n|inactive|RexKaninVGC has 30 seconds left.\n|inactive|RexKaninVGC has 20 seconds left.\n|inactive|RexKaninVGC has 15 seconds left.\n|\n|t:|1683163359\n|-end|p1b: Iron Hands|Quark Drive|[silent]\n|switch|p1b: Chi-Yu|Chi-Yu, L50|100\/100\n|-ability|p1b: Chi-Yu|Beads of Ruin\n|move|p1a: Scream Tail|Dazzling Gleam|p2a: Sin probably|[spread] p2a,p2b\n|-resisted|p2b: Boofles\n|-damage|p2a: Sin probably|82\/100\n|-damage|p2b: Boofles|95\/100\n|move|p2a: Sin probably|Salt Cure|p1a: Scream Tail\n|-damage|p1a: Scream Tail|90\/100\n|-start|p1a: Scream Tail|Salt Cure\n|move|p2b: Boofles|Toxic|p1b: Chi-Yu\n|-status|p1b: Chi-Yu|tox\n|\n|-heal|p2b: Boofles|100\/100|[from] item: Leftovers\n|-damage|p1b: Chi-Yu|95\/100 tox|[from] psn\n|-damage|p1a: Scream Tail|78\/100|[from] Salt Cure\n|upkeep\n|turn|3\n|\n|t:|1683163384\n|-terastallize|p1b: Chi-Yu|Water\n|move|p2a: Sin probably|Protect|p2a: Sin probably\n|-singleturn|p2a: Sin probably|Protect\n|move|p1a: Scream Tail|Disable|p2a: Sin probably\n|-activate|p2a: Sin probably|move: Protect\n|move|p1b: Chi-Yu|Nasty Plot|p1b: Chi-Yu\n|-boost|p1b: Chi-Yu|spa|2\n|move|p2b: Boofles|Earthquake|p1b: Chi-Yu|[spread] p1a,p1b\n|-activate|p2a: Sin probably|move: Protect\n|-damage|p1a: Scream Tail|64\/100\n|-damage|p1b: Chi-Yu|66\/100 tox\n|\n|-heal|p1b: Chi-Yu|72\/100 tox|[from] item: Leftovers\n|-damage|p1b: Chi-Yu|60\/100 tox|[from] psn\n|-damage|p1a: Scream Tail|51\/100|[from] Salt Cure\n|upkeep\n|turn|4\n|inactive|BigBoofles has 30 seconds left.\n|inactive|BigBoofles has 20 seconds left.\n|inactive|BigBoofles has 15 seconds left.\n|\n|t:|1683163428\n|switch|p2a: marry me?|Gyarados, L50, M|100\/100\n|-ability|p2a: marry me?|Intimidate|boost\n|-unboost|p1a: Scream Tail|atk|1\n|-unboost|p1b: Chi-Yu|atk|1\n|move|p1a: Scream Tail|Fake Tears|p2a: marry me?\n|-unboost|p2a: marry me?|spd|2\n|move|p1b: Chi-Yu|Dark Pulse|p2a: marry me?\n|-damage|p2a: marry me?|0 fnt\n|faint|p2a: marry me?\n|move|p2b: Boofles|Earthquake|p1a: Scream Tail|[spread] p1a,p1b\n|-damage|p1a: Scream Tail|36\/100\n|-damage|p1b: Chi-Yu|30\/100 tox\n|\n|-heal|p1b: Chi-Yu|35\/100 tox|[from] item: Leftovers\n|-damage|p1b: Chi-Yu|18\/100 tox|[from] psn\n|-damage|p1a: Scream Tail|24\/100|[from] Salt Cure\n|upkeep\n|\n|t:|1683163443\n|switch|p2a: Sin probably|Garganacl, L50, M, tera:Ghost|82\/100\n|turn|5\n|\n|t:|1683163458\n|-end|p1a: Scream Tail|Protosynthesis|[silent]\n|switch|p1a: Iron Hands|Iron Hands, L50|84\/100\n|move|p2a: Sin probably|Protect|p2a: Sin probably\n|-singleturn|p2a: Sin probably|Protect\n|move|p2b: Boofles|Protect|p2b: Boofles\n|-singleturn|p2b: Boofles|Protect\n|move|p1b: Chi-Yu|Dark Pulse|p2b: Boofles\n|-activate|p2b: Boofles|move: Protect\n|\n|-heal|p1b: Chi-Yu|24\/100 tox|[from] item: Leftovers\n|-damage|p1b: Chi-Yu|1\/100 tox|[from] psn\n|upkeep\n|turn|6\n|\n|t:|1683163479\n|switch|p2a: Truth|Rotom-Heat, L50|100\/100\n|move|p1a: Iron Hands|Fake Out|p2b: Boofles\n|-damage|p2b: Boofles|82\/100\n|move|p1b: Chi-Yu|Dark Pulse|p2a: Truth\n|-damage|p2a: Truth|0 fnt\n|faint|p2a: Truth\n|cant|p2b: Boofles|flinch\n|\n|-heal|p1b: Chi-Yu|7\/100 tox|[from] item: Leftovers\n|-heal|p2b: Boofles|88\/100|[from] item: Leftovers\n|-damage|p1b: Chi-Yu|0 fnt|[from] psn\n|faint|p1b: Chi-Yu\n|upkeep\n|\n|t:|1683163504\n|switch|p2a: Sin probably|Garganacl, L50, M, tera:Ghost|82\/100\n|switch|p1b: Kingambit|Kingambit, L50, M|100\/100\n|turn|7\n|\n|t:|1683163520\n|move|p1b: Kingambit|Kowtow Cleave|p2a: Sin probably\n|-supereffective|p2a: Sin probably\n|-damage|p2a: Sin probably|26\/100\n|move|p1a: Iron Hands|Close Combat|p2b: Boofles\n|-resisted|p2b: Boofles\n|-damage|p2b: Boofles|50\/100\n|-unboost|p1a: Iron Hands|def|1\n|-unboost|p1a: Iron Hands|spd|1\n|move|p2a: Sin probably|Salt Cure|p1b: Kingambit\n|-resisted|p1b: Kingambit\n|-damage|p1b: Kingambit|95\/100\n|-start|p1b: Kingambit|Salt Cure\n|move|p2b: Boofles|Toxic|p1a: Iron Hands\n|-status|p1a: Iron Hands|tox\n|\n|-heal|p2b: Boofles|56\/100|[from] item: Leftovers\n|-damage|p1a: Iron Hands|77\/100 tox|[from] psn\n|-damage|p1b: Kingambit|71\/100|[from] Salt Cure\n|upkeep\n|turn|8\n|inactive|RexKaninVGC has 30 seconds left.\n|\n|t:|1683163551\n|switch|p1b: Scream Tail|Scream Tail, L50|24\/100\n|move|p2b: Boofles|Protect|p2b: Boofles\n|-singleturn|p2b: Boofles|Protect\n|move|p1a: Iron Hands|Close Combat|p2b: Boofles\n|-activate|p2b: Boofles|move: Protect\n|move|p2a: Sin probably|Recover|p2a: Sin probably\n|-heal|p2a: Sin probably|76\/100\n|\n|-heal|p2b: Boofles|62\/100|[from] item: Leftovers\n|-damage|p1a: Iron Hands|65\/100 tox|[from] psn\n|upkeep\n|turn|9\n|inactive|BigBoofles has 30 seconds left.\n|\n|t:|1683163579\n|move|p2a: Sin probably|Protect|p2a: Sin probably\n|-singleturn|p2a: Sin probably|Protect\n|move|p1b: Scream Tail|Disable|p2a: Sin probably\n|-activate|p2a: Sin probably|move: Protect\n|move|p1a: Iron Hands|Close Combat|p2b: Boofles\n|-resisted|p2b: Boofles\n|-damage|p2b: Boofles|20\/100\n|-unboost|p1a: Iron Hands|def|1\n|-unboost|p1a: Iron Hands|spd|1\n|move|p2b: Boofles|Recover|p2b: Boofles\n|-heal|p2b: Boofles|70\/100\n|\n|-heal|p2b: Boofles|76\/100|[from] item: Leftovers\n|-damage|p1a: Iron Hands|47\/100 tox|[from] psn\n|upkeep\n|turn|10\n|\n|t:|1683163600\n|move|p1b: Scream Tail|Dazzling Gleam|p2b: Boofles|[spread] p2a,p2b\n|-resisted|p2b: Boofles\n|-damage|p2a: Sin probably|61\/100\n|-damage|p2b: Boofles|71\/100\n|move|p1a: Iron Hands|Close Combat|p2b: Boofles\n|-resisted|p2b: Boofles\n|-damage|p2b: Boofles|33\/100\n|-unboost|p1a: Iron Hands|def|1\n|-unboost|p1a: Iron Hands|spd|1\n|move|p2a: Sin probably|Recover|p2a: Sin probably\n|-heal|p2a: Sin probably|100\/100\n|move|p2b: Boofles|Recover|p2b: Boofles\n|-heal|p2b: Boofles|83\/100\n|\n|-heal|p2b: Boofles|89\/100|[from] item: Leftovers\n|-damage|p1a: Iron Hands|22\/100 tox|[from] psn\n|upkeep\n|turn|11\n|\n|t:|1683163616\n|move|p2a: Sin probably|Protect|p2a: Sin probably\n|-singleturn|p2a: Sin probably|Protect\n|move|p2b: Boofles|Protect|p2b: Boofles\n|-singleturn|p2b: Boofles|Protect\n|move|p1b: Scream Tail|Dazzling Gleam|p2a: Sin probably|[spread] \n|-activate|p2a: Sin probably|move: Protect\n|-activate|p2b: Boofles|move: Protect\n|move|p1a: Iron Hands|Close Combat|p2b: Boofles\n|-activate|p2b: Boofles|move: Protect\n|\n|-heal|p2b: Boofles|95\/100|[from] item: Leftovers\n|-damage|p1a: Iron Hands|0 fnt|[from] psn\n|faint|p1a: Iron Hands\n|-end|p1a: Iron Hands|Quark Drive|[silent]\n|upkeep\n|c|\u2606RexKaninVGC|i just know you drink tepid tap water and stale bread\n|inactive|RexKaninVGC has 30 seconds left.\n|-message|RexKaninVGC forfeited.\n|\n|win|BigBoofles\n|raw|RexKaninVGC's rating: 1082 → 1062<\/strong> (-20 for losing)\n|raw|BigBoofles's rating: 1122 → 1144<\/strong> (+22 for winning)\n|c|\u2606BigBoofles|LOLLL\n|c|\u2606BigBoofles|brother you are fake tears scream tail with closed team sheets\n|c|\u2606BigBoofles|shoulda accepted ig\n","uploadtime":1683163765,"views":15,"p1id":"rexkaninvgc","p2id":"bigboofles","formatid":"gen9vgc2023regulationc","rating":1062,"private":0,"password":""}