{"id":"gen9vgc2023regulationc-1854893912","p1":"Betty23333","p2":"tomato233","format":"[Gen 9] VGC 2023 Regulation C","log":"|j|\u2606Betty23333\n|j|\u2606tomato233\n|t:|1682877959\n|gametype|doubles\n|player|p1|Betty23333|lass-gen4dp|\n|player|p2|tomato233|hilbert|\n|teamsize|p1|6\n|teamsize|p2|6\n|gen|9\n|tier|[Gen 9] VGC 2023 Regulation C\n|rule|Species Clause: Limit one of each Pok\u00e9mon\n|rule|Item Clause: Limit one of each item\n|clearpoke\n|poke|p1|Arcanine, L50, F|\n|poke|p1|Glaceon, L50, F|\n|poke|p1|Slowking, L50, M|\n|poke|p1|Mimikyu, L50, M|\n|poke|p1|Amoonguss, L50, F|\n|poke|p1|Abomasnow, L50, F|\n|poke|p2|Palafin, L50, M|\n|poke|p2|Blissey, L50, F|\n|poke|p2|Ceruledge, L50, M|\n|poke|p2|Garganacl, L50, F|\n|poke|p2|Chi-Yu, L50|\n|poke|p2|Toxapex, L50, M|\n|teampreview|4\n|\n|t:|1682878007\n|start\n|switch|p1a: Arcanine|Arcanine, L50, F|100\/100\n|switch|p1b: Slowking|Slowking, L50, M|100\/100\n|switch|p2a: Garganacl|Garganacl, L50, F|100\/100\n|switch|p2b: Palafin|Palafin, L50, M|100\/100\n|turn|1\n|\n|t:|1682878044\n|-terastallize|p1a: Arcanine|Water\n|move|p2b: Palafin|Flip Turn|p1a: Arcanine\n|-resisted|p1a: Arcanine\n|-damage|p1a: Arcanine|87\/100\n|-damage|p2b: Palafin|91\/100|[from] item: Life Orb\n|\n|t:|1682878052\n|detailschange|p2b: Palafin|Palafin-Hero, L50, M\n|switch|p2b: Toxapex|Toxapex, L50, M|100\/100|[from] Flip Turn\n|move|p1a: Arcanine|Tera Blast|p2a: Garganacl\n|-supereffective|p2a: Garganacl\n|-damage|p2a: Garganacl|45\/100\n|-enditem|p2a: Garganacl|Sitrus Berry|[eat]\n|-heal|p2a: Garganacl|70\/100|[from] item: Sitrus Berry\n|move|p2a: Garganacl|Salt Cure|p1b: Slowking\n|-damage|p1b: Slowking|87\/100\n|-start|p1b: Slowking|Salt Cure\n|move|p1b: Slowking|Hydro Pump|p2a: Garganacl\n|-supereffective|p2a: Garganacl\n|-damage|p2a: Garganacl|3\/100\n|\n|-damage|p1b: Slowking|62\/100|[from] Salt Cure\n|upkeep\n|turn|2\n|\n|t:|1682878078\n|move|p2a: Garganacl|Protect|p2a: Garganacl\n|-singleturn|p2a: Garganacl|Protect\n|move|p1a: Arcanine|Extreme Speed|p2a: Garganacl\n|-activate|p2a: Garganacl|move: Protect\n|move|p2b: Toxapex|Toxic|p1a: Arcanine\n|-status|p1a: Arcanine|tox\n|move|p1b: Slowking|Power Gem|p2b: Toxapex\n|-damage|p2b: Toxapex|79\/100\n|\n|-heal|p2b: Toxapex|85\/100|[from] item: Black Sludge\n|-damage|p1a: Arcanine|81\/100 tox|[from] psn\n|-damage|p1b: Slowking|37\/100|[from] Salt Cure\n|upkeep\n|-enditem|p1b: Slowking|Sitrus Berry|[eat]\n|-heal|p1b: Slowking|62\/100|[from] item: Sitrus Berry\n|turn|3\n|\n|t:|1682878126\n|move|p2a: Garganacl|Protect|p2a: Garganacl\n|-singleturn|p2a: Garganacl|Protect\n|move|p1a: Arcanine|Extreme Speed|p2a: Garganacl\n|-activate|p2a: Garganacl|move: Protect\n|move|p2b: Toxapex|Toxic|p1b: Slowking\n|-status|p1b: Slowking|tox\n|move|p1b: Slowking|Chilly Reception|p1b: Slowking\n|-weather|Snow\n|\n|t:|1682878139\n|switch|p1b: Amoonguss|Amoonguss, L50, F|100\/100|[from] Chilly Reception\n|\n|-weather|Snow|[upkeep]\n|-heal|p2b: Toxapex|91\/100|[from] item: Black Sludge\n|-damage|p1a: Arcanine|69\/100 tox|[from] psn\n|upkeep\n|turn|4\n|\n|t:|1682878177\n|move|p1a: Arcanine|Extreme Speed|p2a: Garganacl\n|-resisted|p2a: Garganacl\n|-damage|p2a: Garganacl|0 fnt\n|faint|p2a: Garganacl\n|move|p2b: Toxapex|Recover|p2b: Toxapex\n|-heal|p2b: Toxapex|100\/100\n|move|p1b: Amoonguss|Spore|p2b: Toxapex\n|-status|p2b: Toxapex|slp|[from] move: Spore\n|\n|-weather|Snow|[upkeep]\n|-damage|p1a: Arcanine|50\/100 tox|[from] psn\n|upkeep\n|\n|t:|1682878193\n|switch|p2a: Palafin|Palafin-Hero, L50, M|91\/100\n|-activate|p2a: Palafin|ability: Zero to Hero\n|turn|5\n|\n|t:|1682878220\n|cant|p2b: Toxapex|slp\n|move|p2a: Palafin|Jet Punch|p1a: Arcanine\n|-resisted|p1a: Arcanine\n|-crit|p1a: Arcanine\n|-damage|p1a: Arcanine|11\/100 tox\n|-damage|p2a: Palafin|81\/100|[from] item: Life Orb\n|move|p1a: Arcanine|Will-O-Wisp|p2a: Palafin\n|-status|p2a: Palafin|brn\n|move|p1b: Amoonguss|Pollen Puff|p1a: Arcanine\n|-heal|p1a: Arcanine|61\/100 tox\n|\n|-weather|Snow|[upkeep]\n|-damage|p1a: Arcanine|37\/100 tox|[from] psn\n|-damage|p2a: Palafin|75\/100 brn|[from] brn\n|upkeep\n|turn|6\n|\n|t:|1682878259\n|switch|p1a: Glaceon|Glaceon, L50, F|100\/100\n|cant|p2b: Toxapex|slp\n|move|p2a: Palafin|Jet Punch|p1a: Glaceon\n|-damage|p1a: Glaceon|82\/100\n|-damage|p2a: Palafin|66\/100 brn|[from] item: Life Orb\n|move|p1b: Amoonguss|Pollen Puff|p2a: Palafin\n|-damage|p2a: Palafin|44\/100 brn\n|\n|-weather|Snow|[upkeep]\n|-heal|p1a: Glaceon|88\/100|[from] ability: Ice Body\n|-heal|p1a: Glaceon|94\/100|[from] item: Leftovers\n|-damage|p2a: Palafin|39\/100 brn|[from] brn\n|upkeep\n|turn|7\n|\n|t:|1682878299\n|cant|p2b: Toxapex|slp\n|move|p2a: Palafin|Jet Punch|p1a: Glaceon\n|-crit|p1a: Glaceon\n|-damage|p1a: Glaceon|71\/100\n|-damage|p2a: Palafin|29\/100 brn|[from] item: Life Orb\n|move|p1a: Glaceon|Freeze-Dry|p2a: Palafin\n|-supereffective|p2a: Palafin\n|-damage|p2a: Palafin|0 fnt\n|faint|p2a: Palafin\n|move|p1b: Amoonguss|Pollen Puff|p1a: Glaceon\n|-heal|p1a: Glaceon|100\/100\n|\n|-weather|none\n|upkeep\n|\n|t:|1682878315\n|switch|p2a: Chi-Yu|Chi-Yu, L50|100\/100\n|-ability|p2a: Chi-Yu|Beads of Ruin\n|turn|8\n|\n|t:|1682878348\n|-terastallize|p2a: Chi-Yu|Fire\n|move|p1a: Glaceon|Protect|p1a: Glaceon\n|-singleturn|p1a: Glaceon|Protect\n|-curestatus|p2b: Toxapex|slp|[msg]\n|move|p2b: Toxapex|Baneful Bunker|p2b: Toxapex\n|-singleturn|p2b: Toxapex|move: Protect\n|move|p2a: Chi-Yu|Heat Wave|p1a: Glaceon|[spread] \n|-activate|p1a: Glaceon|move: Protect\n|-miss|p2a: Chi-Yu|p1b: Amoonguss\n|move|p1b: Amoonguss|Toxic|p2a: Chi-Yu\n|-status|p2a: Chi-Yu|tox\n|\n|-damage|p2a: Chi-Yu|94\/100 tox|[from] psn\n|upkeep\n|turn|9\n|\n|t:|1682878386\n|switch|p1a: Slowking|Slowking, L50, M|95\/100 tox\n|switch|p1b: Arcanine|Arcanine, L50, F, tera:Water|37\/100 tox\n|move|p2a: Chi-Yu|Heat Wave|p1b: Arcanine|[spread] p1a\n|-start|p1b: Arcanine|ability: Flash Fire\n|-resisted|p1a: Slowking\n|-damage|p1a: Slowking|53\/100 tox\n|move|p2b: Toxapex|Toxic|p1a: Slowking\n|-fail|p1a: Slowking|tox\n|\n|-damage|p2a: Chi-Yu|82\/100 tox|[from] psn\n|-damage|p1b: Arcanine|30\/100 tox|[from] psn\n|-damage|p1a: Slowking|47\/100 tox|[from] psn\n|upkeep\n|turn|10\n|\n|t:|1682878411\n|move|p2b: Toxapex|Baneful Bunker|p2b: Toxapex\n|-singleturn|p2b: Toxapex|move: Protect\n|move|p2a: Chi-Yu|Heat Wave|p1b: Arcanine|[spread] p1a\n|-immune|p1b: Arcanine|[from] ability: Flash Fire\n|-resisted|p1a: Slowking\n|-damage|p1a: Slowking|1\/100 tox\n|move|p1b: Arcanine|Tera Blast|p2a: Chi-Yu\n|-supereffective|p2a: Chi-Yu\n|-damage|p2a: Chi-Yu|0 fnt\n|faint|p2a: Chi-Yu\n|move|p1a: Slowking|Hydro Pump|p2b: Toxapex\n|-activate|p2b: Toxapex|move: Protect\n|\n|-damage|p1b: Arcanine|18\/100 tox|[from] psn\n|-damage|p1a: Slowking|0 fnt|[from] psn\n|faint|p1a: Slowking\n|upkeep\n|\n|t:|1682878433\n|switch|p1a: Amoonguss|Amoonguss, L50, F|100\/100\n|turn|11\n|-message|tomato233 forfeited.\n|\n|win|Betty23333\n|l|\u2606tomato233\n","uploadtime":1682878474,"views":8,"p1id":"betty23333","p2id":"tomato233","formatid":"gen9vgc2023regulationc","rating":0,"private":0,"password":""}