{"id":"gen9vgc2023regulationc-1845978167","p1":"Radio Free C-Side","p2":"413XPlayz","format":"[Gen 9] VGC 2023 Regulation C","log":"|j|\u2606Radio Free C-Side\n|j|\u2606413XPlayz\n|t:|1681786445\n|gametype|doubles\n|player|p1|Radio Free C-Side|steven|\n|player|p2|413XPlayz|psychic|\n|teamsize|p1|6\n|teamsize|p2|6\n|gen|9\n|tier|[Gen 9] VGC 2023 Regulation C\n|rated|Tournament battle\n|rule|Species Clause: Limit one of each Pok\u00e9mon\n|rule|Item Clause: Limit one of each item\n|clearpoke\n|poke|p1|Dragapult, L50, F|\n|poke|p1|Stantler, L50, F|\n|poke|p1|Kingambit, L50, F|\n|poke|p1|Hatterene, L50, F|\n|poke|p1|Indeedee-F, L50, F|\n|poke|p1|Iron Hands, L50|\n|poke|p2|Iron Hands, L50|\n|poke|p2|Amoonguss, L50, F|\n|poke|p2|Pelipper, L50, F|\n|poke|p2|Palafin, L50, F|\n|poke|p2|Baxcalibur, L50, F|\n|poke|p2|Flutter Mane, L50|\n|teampreview|4\n|raw| Open Team Sheet for Radio Free C-Side<\/summary>Dragapult @ Choice Band Ability: Clear Body Level: 50 Tera Type: Steel - Dragon Darts - Phantom Force - Tera Blast - Facade Stantler @ Eviolite Ability: Intimidate Level: 50 Tera Type: Ghost - Skill Swap - Trick Room - Bulldoze - Shadow Ball Kingambit @ Weakness Policy Ability: Defiant Level: 50 Tera Type: Flying - Tera Blast - Kowtow Cleave - Protect - Sucker Punch Hatterene (F) @ Life Orb Ability: Magic Bounce Level: 50 Tera Type: Fairy - Dazzling Gleam - Psyshock - Protect - Trick Room Indeedee (Indeedee-F) (F) @ Psychic Seed Ability: Psychic Surge Level: 50 Tera Type: Fairy - Trick Room - Follow Me - Helping Hand - Heal Pulse Iron Hands @ Leftovers Ability: Quark Drive Level: 50 Tera Type: Fire - Fake Out - Swords Dance - Drain Punch - Wild Charge <\/details><\/div> Open Team Sheet for 413XPlayz<\/summary>Iron Hands @ Assault Vest Ability: Quark Drive Level: 50 Shiny: Yes Tera Type: Grass - Fake Out - Close Combat - Wild Charge - Volt Switch Amoonguss (F) @ Sitrus Berry Ability: Regenerator Level: 50 Tera Type: Steel - Spore - Rage Powder - Pollen Puff - Protect Pelipper (F) @ Focus Sash Ability: Drizzle Level: 50 Tera Type: Flying - Hurricane - Hydro Pump - Tailwind - Protect Palafin (F) @ Mystic Water Ability: Zero to Hero Level: 50 Tera Type: Water - Jet Punch - Wave Crash - Haze - Protect Baxcalibur (F) @ Dragon Fang Ability: Thermal Exchange Level: 50 Tera Type: Poison - Glaive Rush - Ice Shard - Icicle Crash - Protect Flutter Mane @ Booster Energy Ability: Protosynthesis Level: 50 Tera Type: Steel - Moonblast - Shadow Ball - Dazzling Gleam - Protect <\/details><\/div>\n|c|\u2606Radio Free C-Side|glhf\n|inactive|Battle timer is ON: inactive players will automatically lose when time's up. (requested by Radio Free C-Side)\n|c|\u2606413XPlayz|u2\n|j|%Borghi\n|inactive|413XPlayz has 60 seconds left.\n|inactive|413XPlayz has 30 seconds left.\n|inactive|413XPlayz has 20 seconds left.\n|inactive|413XPlayz has 15 seconds left.\n|\n|t:|1681786532\n|start\n|switch|p1a: Dragapult|Dragapult, L50, F|100\/100\n|switch|p1b: Iron Hands|Iron Hands, L50|100\/100\n|switch|p2a: Amoonguss|Amoonguss, L50, F|100\/100\n|switch|p2b: Flutter Mane|Flutter Mane, L50|100\/100\n|-enditem|p2b: Flutter Mane|Booster Energy\n|-activate|p2b: Flutter Mane|ability: Protosynthesis|[fromitem]\n|-start|p2b: Flutter Mane|protosynthesisspa\n|turn|1\n|j| atrioc's wife\n|l| atrioc's wife\n|inactive|413XPlayz has 30 seconds left.\n|inactive|413XPlayz has 20 seconds left.\n|inactive|413XPlayz has 15 seconds left.\n|\n|t:|1681786574\n|-terastallize|p1a: Dragapult|Steel\n|move|p2b: Flutter Mane|Protect|p2b: Flutter Mane\n|-singleturn|p2b: Flutter Mane|Protect\n|move|p2a: Amoonguss|Protect|p2a: Amoonguss\n|-singleturn|p2a: Amoonguss|Protect\n|move|p1b: Iron Hands|Fake Out|p2a: Amoonguss\n|-activate|p2a: Amoonguss|move: Protect\n|move|p1a: Dragapult|Tera Blast|p2b: Flutter Mane\n|-activate|p2b: Flutter Mane|move: Protect\n|\n|upkeep\n|turn|2\n|inactive|413XPlayz has 30 seconds left.\n|\n|t:|1681786601\n|-end|p1b: Iron Hands|Quark Drive|[silent]\n|switch|p1b: Stantler|Stantler, L50, F|100\/100\n|-ability|p1b: Stantler|Intimidate|boost\n|-unboost|p2a: Amoonguss|atk|1\n|-unboost|p2b: Flutter Mane|atk|1\n|move|p1a: Dragapult|Tera Blast|p2b: Flutter Mane\n|-supereffective|p2b: Flutter Mane\n|-damage|p2b: Flutter Mane|0 fnt\n|faint|p2b: Flutter Mane\n|-end|p2b: Flutter Mane|Protosynthesis|[silent]\n|move|p2a: Amoonguss|Spore|p1a: Dragapult\n|-status|p1a: Dragapult|slp|[from] move: Spore\n|\n|upkeep\n|\n|t:|1681786604\n|switch|p2b: Iron Hands|Iron Hands, L50, shiny|100\/100\n|turn|3\n|\n|t:|1681786622\n|cant|p1a: Dragapult|slp\n|move|p2b: Iron Hands|Close Combat|p1a: Dragapult\n|-supereffective|p1a: Dragapult\n|-damage|p1a: Dragapult|0 fnt\n|-unboost|p2b: Iron Hands|def|1\n|-unboost|p2b: Iron Hands|spd|1\n|faint|p1a: Dragapult\n|move|p2a: Amoonguss|Spore|p1b: Stantler\n|-status|p1b: Stantler|slp|[from] move: Spore\n|cant|p1b: Stantler|slp\n|\n|upkeep\n|j| Wottl3y\n|\n|t:|1681786632\n|switch|p1a: Iron Hands|Iron Hands, L50|100\/100\n|turn|4\n|inactive|Radio Free C-Side has 30 seconds left.\n|inactive|413XPlayz has 30 seconds left.\n|j|+dotcypher\n|inactive|413XPlayz has 20 seconds left.\n|inactive|413XPlayz has 15 seconds left.\n|\n|t:|1681786672\n|cant|p1b: Stantler|slp\n|move|p2b: Iron Hands|Close Combat|p1a: Iron Hands\n|-damage|p1a: Iron Hands|56\/100\n|-unboost|p2b: Iron Hands|def|1\n|-unboost|p2b: Iron Hands|spd|1\n|move|p1a: Iron Hands|Swords Dance|p1a: Iron Hands\n|-boost|p1a: Iron Hands|atk|2\n|move|p2a: Amoonguss|Spore|p1a: Iron Hands\n|-status|p1a: Iron Hands|slp|[from] move: Spore\n|\n|-heal|p1a: Iron Hands|62\/100 slp|[from] item: Leftovers\n|upkeep\n|turn|5\n|\n|t:|1681786696\n|switch|p2a: Pelipper|Pelipper, L50, F|100\/100\n|-weather|RainDance|[from] ability: Drizzle|[of] p2a: Pelipper\n|cant|p1b: Stantler|slp\n|move|p2b: Iron Hands|Volt Switch|p1b: Stantler\n|-damage|p1b: Stantler|90\/100 slp\n|\n|t:|1681786698\n|-end|p2b: Iron Hands|Quark Drive|[silent]\n|switch|p2b: Amoonguss|Amoonguss, L50, F|100\/100|[from] Volt Switch\n|cant|p1a: Iron Hands|slp\n|\n|-weather|RainDance|[upkeep]\n|-heal|p1a: Iron Hands|68\/100 slp|[from] item: Leftovers\n|upkeep\n|turn|6\n|n|+DotCypher|dotcypher\n|j| blooperlink123\n|l| blooperlink123\n|j| Sophie Lumina\n|\n|t:|1681786721\n|-terastallize|p2a: Pelipper|Flying\n|move|p2b: Amoonguss|Rage Powder|p2b: Amoonguss\n|-singleturn|p2b: Amoonguss|move: Rage Powder\n|move|p2a: Pelipper|Hurricane|p1a: Iron Hands\n|-damage|p1a: Iron Hands|12\/100 slp\n|-curestatus|p1b: Stantler|slp|[msg]\n|move|p1b: Stantler|Shadow Ball|p2b: Amoonguss\n|-damage|p2b: Amoonguss|87\/100\n|-unboost|p2b: Amoonguss|spd|1\n|cant|p1a: Iron Hands|slp\n|\n|-weather|RainDance|[upkeep]\n|-heal|p1a: Iron Hands|18\/100 slp|[from] item: Leftovers\n|upkeep\n|turn|7\n|\n|t:|1681786736\n|move|p2a: Pelipper|Hurricane|p1a: Iron Hands\n|-damage|p1a: Iron Hands|0 fnt\n|faint|p1a: Iron Hands\n|-end|p1a: Iron Hands|Quark Drive|[silent]\n|move|p2b: Amoonguss|Spore|p1b: Stantler\n|-status|p1b: Stantler|slp|[from] move: Spore\n|cant|p1b: Stantler|slp\n|\n|-weather|RainDance|[upkeep]\n|upkeep\n|\n|t:|1681786740\n|switch|p1a: Kingambit|Kingambit, L50, F|100\/100\n|turn|8\n|\n|t:|1681786761\n|switch|p2a: Iron Hands|Iron Hands, L50, shiny|100\/100\n|move|p1a: Kingambit|Protect|p1a: Kingambit\n|-singleturn|p1a: Kingambit|Protect\n|move|p2b: Amoonguss|Spore|p1a: Kingambit\n|-activate|p1a: Kingambit|move: Protect\n|cant|p1b: Stantler|slp\n|\n|-weather|RainDance|[upkeep]\n|upkeep\n|turn|9\n|\n|t:|1681786781\n|move|p1a: Kingambit|Protect||[still]\n|-fail|p1a: Kingambit\n|move|p2a: Iron Hands|Close Combat|p1a: Kingambit\n|-supereffective|p1a: Kingambit\n|-damage|p1a: Kingambit|0 fnt\n|-unboost|p2a: Iron Hands|def|1\n|-unboost|p2a: Iron Hands|spd|1\n|faint|p1a: Kingambit\n|move|p2b: Amoonguss|Pollen Puff|p2a: Iron Hands\n|-immune|p2a: Iron Hands\n|cant|p1b: Stantler|slp\n|\n|-weather|none\n|upkeep\n|turn|10\n|c|\u2606Radio Free C-Side|gg\n|\n|t:|1681786787\n|move|p2b: Amoonguss|Rage Powder|p2b: Amoonguss\n|-singleturn|p2b: Amoonguss|move: Rage Powder\n|-curestatus|p1b: Stantler|slp|[msg]\n|move|p1b: Stantler|Bulldoze|p2b: Amoonguss|[spread] p2a,p2b\n|-supereffective|p2a: Iron Hands\n|-damage|p2a: Iron Hands|84\/100\n|-damage|p2b: Amoonguss|79\/100\n|-unboost|p2a: Iron Hands|spe|1\n|-unboost|p2b: Amoonguss|spe|1\n|move|p2a: Iron Hands|Close Combat|p1b: Stantler\n|-supereffective|p1b: Stantler\n|-damage|p1b: Stantler|0 fnt\n|-unboost|p2a: Iron Hands|def|1\n|-unboost|p2a: Iron Hands|spd|1\n|faint|p1b: Stantler\n|\n|win|413XPlayz\n|n|\u2606Radio Free C-Side|radiofreecside\n|n|\u2606413XPlayz|413xplayz\n|n| Borghi|borghi\n|n| Wottl3y|wottl3y\n|n| DotCypher|dotcypher\n|n| Sophie Lumina|sophielumina\n|c|\u2606413XPlayz|gg\n|l|\u2606Radio Free C-Side\n|l| DotCypher\n|j| DotCypher\n|l| DotCypher\n|l| Wottl3y\n|l| Borghi\n|l| Sophie Lumina\n","uploadtime":1681787190,"views":4,"p1id":"radiofreecside","p2id":"413xplayz","formatid":"gen9vgc2023regulationc","rating":0,"private":0,"password":""}