{"id":"gen9vgc2023regulationc-1857596865","p1":"Joe870502","p2":"LasermanZ111","format":"[Gen 9] VGC 2023 Regulation C","log":"|j|\u2606Joe870502\n|j|\u2606LasermanZ111\n|t:|1683211597\n|gametype|doubles\n|player|p1|Joe870502|dawn|1467\n|player|p2|LasermanZ111|red|1374\n|teamsize|p1|6\n|teamsize|p2|6\n|gen|9\n|tier|[Gen 9] VGC 2023 Regulation C\n|rated|\n|rule|Species Clause: Limit one of each Pok\u00e9mon\n|rule|Item Clause: Limit one of each item\n|clearpoke\n|poke|p1|Scream Tail, L50|\n|poke|p1|Forretress, L50, F|\n|poke|p1|Ting-Lu, L50|\n|poke|p1|Ceruledge, L50, M|\n|poke|p1|Gastrodon, L50, F|\n|poke|p1|Amoonguss, L50, M|\n|poke|p2|Chi-Yu, L50|\n|poke|p2|Amoonguss, L50, M|\n|poke|p2|Flutter Mane, L50|\n|poke|p2|Corviknight, L50, M|\n|poke|p2|Ting-Lu, L50|\n|poke|p2|Tauros-Paldea-Aqua, L50, M|\n|teampreview|4\nLasermanZ111 has agreed to open team sheets.\n|inactive|Battle timer is ON: inactive players will automatically lose when time's up. (requested by Joe870502)\nJoe870502 has agreed to open team sheets.\n|inactive|LasermanZ111 has 60 seconds left.\n|inactive|LasermanZ111 has 30 seconds left.\n|inactive|LasermanZ111 has 20 seconds left.\n|inactive|LasermanZ111 has 15 seconds left.\n|inactive|LasermanZ111 has 10 seconds left.\n|\n|t:|1683211724\n|start\n|switch|p1a: Scream Tail|Scream Tail, L50|100\/100\n|switch|p1b: Ceruledge|Ceruledge, L50, M|100\/100\n|switch|p2a: Corviknight|Corviknight, L50, M|100\/100\n|switch|p2b: Tauros|Tauros-Paldea-Aqua, L50, M|100\/100\n|-ability|p2b: Tauros|Intimidate|boost\n|-unboost|p1a: Scream Tail|atk|1\n|-fail|p1b: Ceruledge|unboost|[from] item: Clear Amulet|[of] p1b: Ceruledge\n|-enditem|p1a: Scream Tail|Booster Energy\n|-activate|p1a: Scream Tail|ability: Protosynthesis|[fromitem]\n|-start|p1a: Scream Tail|protosynthesisspe\n|turn|1\n|inactive|LasermanZ111 has 30 seconds left.\n|inactive|Joe870502 has 30 seconds left.\n|inactive|LasermanZ111 has 20 seconds left.\n|\n|t:|1683211763\n|move|p1b: Ceruledge|Protect|p1b: Ceruledge\n|-singleturn|p1b: Ceruledge|Protect\n|move|p1a: Scream Tail|Howl|p1a: Scream Tail|[spread] p1a,p1b\n|-boost|p1a: Scream Tail|atk|1\n|-enditem|p2b: Tauros|Mirror Herb\n|-boost|p2b: Tauros|atk|1|[from] item: Mirror Herb\n|-boost|p1b: Ceruledge|atk|1\n|move|p2b: Tauros|Close Combat|p1b: Ceruledge\n|-activate|p1b: Ceruledge|move: Protect\n|move|p2a: Corviknight|Brave Bird|p1b: Ceruledge\n|-activate|p1b: Ceruledge|move: Protect\n|\n|upkeep\n|turn|2\n|inactive|Joe870502 has 30 seconds left.\n|inactive|LasermanZ111 has 30 seconds left.\n|inactive|LasermanZ111 has 20 seconds left.\n|\n|t:|1683211802\n|-end|p1a: Scream Tail|Protosynthesis|[silent]\n|switch|p1a: Gastrodon|Gastrodon, L50, F|100\/100\n|switch|p2a: Chi-Yu|Chi-Yu, L50|100\/100\n|-ability|p2a: Chi-Yu|Beads of Ruin\n|move|p2b: Tauros|Raging Bull|p1a: Gastrodon\n|-activate|p1a: Gastrodon|ability: Storm Drain\n|-ability|p1a: Gastrodon|Storm Drain|boost\n|-boost|p1a: Gastrodon|spa|1\n|move|p1b: Ceruledge|Bitter Blade|p2a: Chi-Yu\n|-resisted|p2a: Chi-Yu\n|-damage|p2a: Chi-Yu|50\/100\n|\n|upkeep\n|turn|3\n|\n|t:|1683211826\n|-terastallize|p1b: Ceruledge|Grass\n|move|p2a: Chi-Yu|Protect|p2a: Chi-Yu\n|-singleturn|p2a: Chi-Yu|Protect\n|move|p2b: Tauros|Close Combat|p1a: Gastrodon\n|-damage|p1a: Gastrodon|24\/100\n|-unboost|p2b: Tauros|def|1\n|-unboost|p2b: Tauros|spd|1\n|move|p1b: Ceruledge|Bitter Blade|p2a: Chi-Yu\n|-activate|p2a: Chi-Yu|move: Protect\n|move|p1a: Gastrodon|Earth Power|p2a: Chi-Yu\n|-activate|p2a: Chi-Yu|move: Protect\n|\n|upkeep\n|turn|4\n|inactive|LasermanZ111 has 30 seconds left.\n|inactive|LasermanZ111 has 20 seconds left.\n|\n|t:|1683211862\n|move|p2a: Chi-Yu|Dark Pulse|p1b: Ceruledge\n|-damage|p1b: Ceruledge|50\/100\n|move|p2b: Tauros|Close Combat|p1b: Ceruledge\n|-damage|p1b: Ceruledge|0 fnt\n|-unboost|p2b: Tauros|def|1\n|-unboost|p2b: Tauros|spd|1\n|faint|p1b: Ceruledge\n|move|p1a: Gastrodon|Earth Power|p2a: Chi-Yu\n|-supereffective|p2a: Chi-Yu\n|-damage|p2a: Chi-Yu|0 fnt\n|faint|p2a: Chi-Yu\n|\n|upkeep\n|\n|t:|1683211878\n|switch|p2a: Corviknight|Corviknight, L50, M|100\/100\n|switch|p1b: Scream Tail|Scream Tail, L50|100\/100\n|turn|5\n|inactive|LasermanZ111 has 30 seconds left.\n|inactive|LasermanZ111 has 20 seconds left.\n|inactive|LasermanZ111 has 15 seconds left.\n|\n|t:|1683211919\n|move|p1b: Scream Tail|Disable|p2b: Tauros\n|-start|p2b: Tauros|Disable|Close Combat\n|cant|p2b: Tauros|Disable|Close Combat\n|move|p2a: Corviknight|Brave Bird|p1a: Gastrodon\n|-damage|p1a: Gastrodon|0 fnt\n|faint|p1a: Gastrodon\n|-damage|p2a: Corviknight|92\/100|[from] Recoil\n|\n|upkeep\n|\n|t:|1683211927\n|switch|p1a: Ting-Lu|Ting-Lu, L50|100\/100\n|-ability|p1a: Ting-Lu|Vessel of Ruin\n|turn|6\n|-message|Joe870502 forfeited.\n|\n|win|LasermanZ111\n|raw|Joe870502's rating: 1467 → 1442<\/strong> (-25 for losing)\n|raw|LasermanZ111's rating: 1374 → 1399<\/strong> (+25 for winning)\n|l|\u2606Joe870502\n","uploadtime":1683211946,"views":1,"p1id":"joe870502","p2id":"lasermanz111","formatid":"gen9vgc2023regulationc","rating":1399,"private":0,"password":""}