{"id":"gen9vgc2023regulationc-1861017524","p1":"GrifoneFolleVGC","p2":"Garcix","format":"[Gen 9] VGC 2023 Regulation C","log":"|j|\u2606GrifoneFolleVGC\n|j|\u2606Garcix\n|t:|1683715034\n|gametype|doubles\n|player|p1|GrifoneFolleVGC|cynthia-gen4|1344\n|player|p2|Garcix|102|1276\n|teamsize|p1|6\n|teamsize|p2|6\n|gen|9\n|tier|[Gen 9] VGC 2023 Regulation C\n|rated|\n|rule|Species Clause: Limit one of each Pok\u00e9mon\n|rule|Item Clause: Limit one of each item\n|clearpoke\n|poke|p1|Flutter Mane, L50|\n|poke|p1|Chi-Yu, L50|\n|poke|p1|Amoonguss, L50, M|\n|poke|p1|Iron Bundle, L50|\n|poke|p1|Gyarados, L50, F|\n|poke|p1|Iron Hands, L50|\n|poke|p2|Garganacl, L50, M|\n|poke|p2|Glimmora, L50, F|\n|poke|p2|Maushold, L50|\n|poke|p2|Ting-Lu, L50|\n|poke|p2|Gyarados, L50, F|\n|poke|p2|Baxcalibur, L50, F|\n|teampreview|4\nGrifoneFolleVGC has agreed to open team sheets.\n|inactive|Battle timer is ON: inactive players will automatically lose when time's up. (requested by GrifoneFolleVGC)\n|inactive|Garcix has 60 seconds left.\n|\n|t:|1683715084\n|start\n|switch|p1a: Iron Bundle|Iron Bundle, L50|100\/100\n|switch|p1b: Chi-Yu|Chi-Yu, L50|100\/100\n|switch|p2a: Glimmora|Glimmora, L50, F|100\/100\n|switch|p2b: Ting-Lu|Ting-Lu, L50|100\/100\n|-ability|p1b: Chi-Yu|Beads of Ruin\n|-ability|p2b: Ting-Lu|Vessel of Ruin\n|-enditem|p1a: Iron Bundle|Booster Energy\n|-activate|p1a: Iron Bundle|ability: Quark Drive|[fromitem]\n|-start|p1a: Iron Bundle|quarkdrivespe\n|turn|1\n|inactive|Garcix has 30 seconds left.\n|\n|t:|1683715109\n|switch|p1b: Iron Hands|Iron Hands, L50|100\/100\n|-terastallize|p2b: Ting-Lu|Water\n|move|p2a: Glimmora|Spiky Shield|p2a: Glimmora\n|-singleturn|p2a: Glimmora|move: Protect\n|move|p1a: Iron Bundle|Hydro Pump|p2a: Glimmora\n|-activate|p2a: Glimmora|move: Protect\n|move|p2b: Ting-Lu|Snarl|p1a: Iron Bundle|[spread] p1a,p1b\n|-resisted|p1b: Iron Hands\n|-damage|p1a: Iron Bundle|84\/100\n|-damage|p1b: Iron Hands|98\/100\n|-unboost|p1a: Iron Bundle|spa|1\n|-unboost|p1b: Iron Hands|spa|1\n|\n|upkeep\n|turn|2\n|\n|t:|1683715133\n|switch|p2b: Garganacl|Garganacl, L50, M, shiny|100\/100\n|move|p1b: Iron Hands|Fake Out|p2b: Garganacl\n|-resisted|p2b: Garganacl\n|-damage|p2b: Garganacl|95\/100\n|move|p1a: Iron Bundle|Hydro Pump|p2a: Glimmora|[miss]\n|-miss|p1a: Iron Bundle|p2a: Glimmora\n|move|p2a: Glimmora|Mortal Spin|p1b: Iron Hands|[spread] p1a,p1b\n|-damage|p1a: Iron Bundle|78\/100\n|-damage|p1b: Iron Hands|95\/100\n|-status|p1a: Iron Bundle|psn\n|-status|p1b: Iron Hands|psn\n|\n|-heal|p2b: Garganacl|100\/100|[from] item: Leftovers\n|-damage|p1a: Iron Bundle|66\/100 psn|[from] psn\n|-damage|p1b: Iron Hands|83\/100 psn|[from] psn\n|upkeep\n|turn|3\n|\n|t:|1683715154\n|move|p2b: Garganacl|Protect|p2b: Garganacl\n|-singleturn|p2b: Garganacl|Protect\n|move|p1a: Iron Bundle|Hydro Pump|p2b: Garganacl\n|-activate|p2b: Garganacl|move: Protect\n|move|p2a: Glimmora|Venoshock|p1b: Iron Hands\n|-damage|p1b: Iron Hands|41\/100 psn\n|move|p1b: Iron Hands|Drain Punch|p2b: Garganacl\n|-activate|p2b: Garganacl|move: Protect\n|\n|-damage|p1a: Iron Bundle|54\/100 psn|[from] psn\n|-damage|p1b: Iron Hands|29\/100 psn|[from] psn\n|upkeep\n|turn|4\n|\n|t:|1683715173\n|-end|p1b: Iron Hands|Quark Drive|[silent]\n|switch|p1b: Amoonguss|Amoonguss, L50, M|100\/100\n|switch|p2b: Gyarados|Gyarados, L50, F|100\/100\n|-ability|p2b: Gyarados|Intimidate|boost\n|-unboost|p1a: Iron Bundle|atk|1\n|-unboost|p1b: Amoonguss|atk|1\n|move|p2a: Glimmora|Spiky Shield|p2a: Glimmora\n|-singleturn|p2a: Glimmora|move: Protect\n|move|p1a: Iron Bundle|Hydro Pump|p2a: Glimmora\n|-activate|p2a: Glimmora|move: Protect\n|\n|-damage|p1a: Iron Bundle|42\/100 psn|[from] psn\n|upkeep\n|turn|5\n|\n|t:|1683715194\n|switch|p2a: Ting-Lu|Ting-Lu, L50, tera:Water|100\/100\n|-ability|p2a: Ting-Lu|Vessel of Ruin\n|move|p2b: Gyarados|Protect|p2b: Gyarados\n|-singleturn|p2b: Gyarados|Protect\n|move|p1a: Iron Bundle|Freeze-Dry|p2b: Gyarados\n|-activate|p2b: Gyarados|move: Protect\n|move|p1b: Amoonguss|Spore|p2a: Ting-Lu\n|-status|p2a: Ting-Lu|slp|[from] move: Spore\n|\n|-damage|p1a: Iron Bundle|30\/100 psn|[from] psn\n|upkeep\n|turn|6\n|\n|t:|1683715218\n|-end|p1a: Iron Bundle|Quark Drive|[silent]\n|switch|p1a: Iron Hands|Iron Hands, L50|29\/100 psn\n|move|p2b: Gyarados|Taunt|p1b: Amoonguss\n|-start|p1b: Amoonguss|move: Taunt\n|cant|p2a: Ting-Lu|slp\n|move|p1b: Amoonguss|Pollen Puff|p1a: Iron Hands\n|-heal|p1a: Iron Hands|79\/100 psn\n|\n|-damage|p1a: Iron Hands|67\/100 psn|[from] psn\n|upkeep\n|turn|7\n|\n|t:|1683715241\n|switch|p2b: Garganacl|Garganacl, L50, M, shiny|100\/100\n|move|p1a: Iron Hands|Wild Charge|p2a: Ting-Lu\n|-supereffective|p2a: Ting-Lu\n|-damage|p2a: Ting-Lu|47\/100 slp\n|-damage|p1a: Iron Hands|51\/100 psn|[from] Recoil\n|-curestatus|p2a: Ting-Lu|slp|[msg]\n|move|p2a: Ting-Lu|Stomping Tantrum|p1a: Iron Hands\n|-supereffective|p1a: Iron Hands\n|-damage|p1a: Iron Hands|0 fnt\n|faint|p1a: Iron Hands\n|-end|p1a: Iron Hands|Quark Drive|[silent]\n|move|p1b: Amoonguss|Pollen Puff|p1: Iron Hands|[notarget]\n|-fail|p1b: Amoonguss\n|\n|upkeep\n|\n|t:|1683715254\n|switch|p1a: Iron Bundle|Iron Bundle, L50|30\/100 psn\n|turn|8\n|\n|t:|1683715272\n|move|p1a: Iron Bundle|Freeze-Dry|p2a: Ting-Lu\n|-supereffective|p2a: Ting-Lu\n|-damage|p2a: Ting-Lu|13\/100\n|move|p2a: Ting-Lu|Snarl|p1a: Iron Bundle|[spread] p1a\n|-miss|p2a: Ting-Lu|p1b: Amoonguss\n|-damage|p1a: Iron Bundle|10\/100 psn\n|-unboost|p1a: Iron Bundle|spa|1\n|move|p2b: Garganacl|Salt Cure|p1b: Amoonguss\n|-damage|p1b: Amoonguss|90\/100\n|-start|p1b: Amoonguss|Salt Cure\n|move|p1b: Amoonguss|Pollen Puff|p1a: Iron Bundle\n|-heal|p1a: Iron Bundle|60\/100 psn\n|\n|-damage|p1a: Iron Bundle|48\/100 psn|[from] psn\n|-damage|p1b: Amoonguss|77\/100|[from] Salt Cure\n|-end|p1b: Amoonguss|move: Taunt\n|upkeep\n|turn|9\n|\n|t:|1683715294\n|move|p1a: Iron Bundle|Protect|p1a: Iron Bundle\n|-singleturn|p1a: Iron Bundle|Protect\n|move|p2b: Garganacl|Protect|p2b: Garganacl\n|-singleturn|p2b: Garganacl|Protect\n|move|p2a: Ting-Lu|Snarl|p1a: Iron Bundle|[spread] p1b\n|-activate|p1a: Iron Bundle|move: Protect\n|-damage|p1b: Amoonguss|69\/100\n|-unboost|p1b: Amoonguss|spa|1\n|move|p1b: Amoonguss|Spore|p2a: Ting-Lu\n|-status|p2a: Ting-Lu|slp|[from] move: Spore\n|\n|-damage|p1a: Iron Bundle|36\/100 psn|[from] psn\n|-damage|p1b: Amoonguss|57\/100|[from] Salt Cure\n|upkeep\n|turn|10\n|inactive|Garcix has 30 seconds left.\n|\n|t:|1683715323\n|move|p1a: Iron Bundle|Hydro Pump|p2b: Garganacl|[miss]\n|-miss|p1a: Iron Bundle|p2b: Garganacl\n|cant|p2a: Ting-Lu|slp\n|move|p2b: Garganacl|Recover||[still]\n|-fail|p2b: Garganacl|heal\n|move|p1b: Amoonguss|Pollen Puff|p1a: Iron Bundle\n|-heal|p1a: Iron Bundle|85\/100 psn\n|\n|-damage|p1a: Iron Bundle|73\/100 psn|[from] psn\n|-damage|p1b: Amoonguss|45\/100|[from] Salt Cure\n|upkeep\n|turn|11\n|\n|t:|1683715339\n|switch|p1b: Chi-Yu|Chi-Yu, L50|100\/100\n|-ability|p1b: Chi-Yu|Beads of Ruin\n|move|p1a: Iron Bundle|Freeze-Dry|p2a: Ting-Lu\n|-supereffective|p2a: Ting-Lu\n|-damage|p2a: Ting-Lu|0 fnt\n|faint|p2a: Ting-Lu\n|move|p2b: Garganacl|Salt Cure|p1a: Iron Bundle\n|-supereffective|p1a: Iron Bundle\n|-damage|p1a: Iron Bundle|39\/100 psn\n|-start|p1a: Iron Bundle|Salt Cure\n|\n|-damage|p1a: Iron Bundle|27\/100 psn|[from] psn\n|-damage|p1a: Iron Bundle|3\/100 psn|[from] Salt Cure\n|upkeep\n|inactive|Garcix has 30 seconds left.\n|\n|t:|1683715366\n|switch|p2a: Glimmora|Glimmora, L50, F|100\/100\n|turn|12\n|\n|t:|1683715383\n|-end|p1a: Iron Bundle|Quark Drive|[silent]\n|switch|p1a: Amoonguss|Amoonguss, L50, M|78\/100\n|-terastallize|p1b: Chi-Yu|Ghost\n|move|p2b: Garganacl|Protect|p2b: Garganacl\n|-singleturn|p2b: Garganacl|Protect\n|move|p1b: Chi-Yu|Nasty Plot|p1b: Chi-Yu\n|-boost|p1b: Chi-Yu|spa|2\n|move|p2a: Glimmora|Power Gem|p1b: Chi-Yu\n|-damage|p1b: Chi-Yu|46\/100\n|\n|upkeep\n|turn|13\n|inactive|Garcix has 30 seconds left.\n|\n|t:|1683715409\n|move|p1b: Chi-Yu|Protect|p1b: Chi-Yu\n|-singleturn|p1b: Chi-Yu|Protect\n|move|p2a: Glimmora|Power Gem|p1b: Chi-Yu\n|-activate|p1b: Chi-Yu|move: Protect\n|move|p2b: Garganacl|Salt Cure|p1a: Amoonguss\n|-damage|p1a: Amoonguss|67\/100\n|-start|p1a: Amoonguss|Salt Cure\n|move|p1a: Amoonguss|Spore|p2a: Glimmora\n|-status|p2a: Glimmora|slp|[from] move: Spore\n|\n|-damage|p1a: Amoonguss|54\/100|[from] Salt Cure\n|upkeep\n|turn|14\n|inactive|Garcix has 30 seconds left.\n|\n|t:|1683715439\n|cant|p2a: Glimmora|slp\n|move|p1b: Chi-Yu|Dark Pulse|p2a: Glimmora\n|-enditem|p2a: Glimmora|Focus Sash\n|-damage|p2a: Glimmora|1\/100 slp\n|move|p2b: Garganacl|Salt Cure|p1b: Chi-Yu\n|-damage|p1b: Chi-Yu|26\/100\n|-start|p1b: Chi-Yu|Salt Cure\n|move|p1a: Amoonguss|Pollen Puff|p1b: Chi-Yu\n|-heal|p1b: Chi-Yu|76\/100\n|\n|-damage|p1b: Chi-Yu|64\/100|[from] Salt Cure\n|-damage|p1a: Amoonguss|42\/100|[from] Salt Cure\n|upkeep\n|turn|15\n|\n|t:|1683715456\n|-curestatus|p2a: Glimmora|slp|[msg]\n|move|p2a: Glimmora|Spiky Shield|p2a: Glimmora\n|-singleturn|p2a: Glimmora|move: Protect\n|move|p2b: Garganacl|Protect|p2b: Garganacl\n|-singleturn|p2b: Garganacl|Protect\n|move|p1b: Chi-Yu|Heat Wave|p2b: Garganacl|[spread] \n|-activate|p2a: Glimmora|move: Protect\n|-activate|p2b: Garganacl|move: Protect\n|move|p1a: Amoonguss|Pollen Puff|p1b: Chi-Yu\n|-heal|p1b: Chi-Yu|100\/100\n|\n|-damage|p1b: Chi-Yu|88\/100|[from] Salt Cure\n|-damage|p1a: Amoonguss|30\/100|[from] Salt Cure\n|upkeep\n|turn|16\n|inactive|GrifoneFolleVGC has 30 seconds left.\n|inactive|Garcix has 30 seconds left.\n|\n|t:|1683715486\n|move|p1b: Chi-Yu|Protect|p1b: Chi-Yu\n|-singleturn|p1b: Chi-Yu|Protect\n|move|p2a: Glimmora|Power Gem|p1b: Chi-Yu\n|-activate|p1b: Chi-Yu|move: Protect\n|move|p2b: Garganacl|Recover||[still]\n|-fail|p2b: Garganacl|heal\n|move|p1a: Amoonguss|Pollen Puff|p2a: Glimmora\n|-resisted|p2a: Glimmora\n|-crit|p2a: Glimmora\n|-damage|p2a: Glimmora|0 fnt\n|faint|p2a: Glimmora\n|\n|-damage|p1b: Chi-Yu|76\/100|[from] Salt Cure\n|-damage|p1a: Amoonguss|18\/100|[from] Salt Cure\n|upkeep\n|\n|t:|1683715499\n|switch|p2a: Gyarados|Gyarados, L50, F|100\/100\n|-ability|p2a: Gyarados|Intimidate|boost\n|-unboost|p1a: Amoonguss|atk|1\n|-unboost|p1b: Chi-Yu|atk|1\n|turn|17\n|inactive|Garcix has 30 seconds left.\n|inactive|Garcix has 20 seconds left.\n|inactive|Garcix has 15 seconds left.\n|inactive|Garcix has 10 seconds left.\n|\n|t:|1683715547\n|switch|p1a: Iron Bundle|Iron Bundle, L50|3\/100 psn\n|move|p2b: Garganacl|Wide Guard|p2b: Garganacl\n|-singleturn|p2b: Garganacl|Wide Guard\n|move|p1b: Chi-Yu|Dark Pulse|p2a: Gyarados\n|-damage|p2a: Gyarados|25\/100\n|-enditem|p2a: Gyarados|Sitrus Berry|[eat]\n|-heal|p2a: Gyarados|50\/100|[from] item: Sitrus Berry\n|move|p2a: Gyarados|Waterfall|p1b: Chi-Yu\n|-damage|p1b: Chi-Yu|24\/100\n|\n|-damage|p1a: Iron Bundle|0 fnt|[from] psn\n|faint|p1a: Iron Bundle\n|-end|p1a: Iron Bundle|Quark Drive|[silent]\n|-damage|p1b: Chi-Yu|12\/100|[from] Salt Cure\n|upkeep\n|inactive|Garcix has 20 seconds left this turn.\n|\n|t:|1683715557\n|switch|p1a: Amoonguss|Amoonguss, L50, M|51\/100\n|turn|18\n|inactive|Garcix has 20 seconds left this turn.\n|inactive|Garcix has 15 seconds left.\n|inactive|Garcix has 10 seconds left.\n|inactive|Garcix has 5 seconds left.\n|-message|Garcix lost due to inactivity.\n|\n|win|GrifoneFolleVGC\n|raw|GrifoneFolleVGC's rating: 1344 → 1360<\/strong> (+16 for winning)\n|raw|Garcix's rating: 1276 → 1256<\/strong> (-20 for losing)\n|l|\u2606Garcix\n||Ladder isn't responding, score probably updated but might not have (Request timeout).\n","uploadtime":1683715739,"views":15,"p1id":"grifonefollevgc","p2id":"garcix","formatid":"gen9vgc2023regulationc","rating":1256,"private":0,"password":""}