{"id":"gen9vgc2023regulationc-1855366585","p1":"fran703","p2":"Dizzycat","format":"[Gen 9] VGC 2023 Regulation C","log":"|j|\u2606fran703\n|j|\u2606Dizzycat\n|t:|1682943703\n|gametype|doubles\n|player|p1|fran703|lucas|1000\n|player|p2|Dizzycat|lyra|1045\n|teamsize|p1|6\n|teamsize|p2|6\n|gen|9\n|tier|[Gen 9] VGC 2023 Regulation C\n|rated|\n|rule|Species Clause: Limit one of each Pok\u00e9mon\n|rule|Item Clause: Limit one of each item\n|clearpoke\n|poke|p1|Amoonguss, L50, M|\n|poke|p1|Iron Hands, L50|\n|poke|p1|Roaring Moon, L50|\n|poke|p1|Arcanine, L50, F|\n|poke|p1|Great Tusk, L50|\n|poke|p1|Iron Bundle, L50|\n|poke|p2|Iron Valiant, L50|\n|poke|p2|Annihilape, L50, M|\n|poke|p2|Scream Tail, L50|\n|poke|p2|Garganacl, L50, M|\n|poke|p2|Maushold-Four, L50|\n|poke|p2|Fletchling, L50, F|\n|teampreview|4\n|inactive|Battle timer is ON: inactive players will automatically lose when time's up. (requested by fran703)\n|\n|t:|1682943721\n|start\n|switch|p1a: Iron Hands|Iron Hands, L50|100\/100\n|switch|p1b: Roaring Moon|Roaring Moon, L50|100\/100\n|switch|p2a: Garganacl|Garganacl, L50, M|100\/100\n|switch|p2b: Maushold|Maushold-Four, L50|100\/100\n|-enditem|p1b: Roaring Moon|Booster Energy\n|-activate|p1b: Roaring Moon|ability: Protosynthesis|[fromitem]\n|-start|p1b: Roaring Moon|protosynthesisatk\n|turn|1\n|inactive|Dizzycat has 30 seconds left.\n|\n|t:|1682943747\n|-terastallize|p2a: Garganacl|Normal\n|move|p1a: Iron Hands|Fake Out|p2a: Garganacl\n|-damage|p2a: Garganacl|89\/100\n|move|p1b: Roaring Moon|Dragon Dance|p1b: Roaring Moon\n|-boost|p1b: Roaring Moon|atk|1\n|-boost|p1b: Roaring Moon|spe|1\n|move|p2b: Maushold|Population Bomb|p1a: Iron Hands\n|-damage|p1a: Iron Hands|94\/100\n|-damage|p1a: Iron Hands|88\/100\n|-damage|p1a: Iron Hands|82\/100\n|-crit|p1a: Iron Hands\n|-damage|p1a: Iron Hands|72\/100\n|-damage|p1a: Iron Hands|66\/100\n|-damage|p1a: Iron Hands|60\/100\n|-damage|p1a: Iron Hands|54\/100\n|-crit|p1a: Iron Hands\n|-damage|p1a: Iron Hands|45\/100\n|-damage|p1a: Iron Hands|39\/100\n|-damage|p1a: Iron Hands|33\/100\n|-hitcount|p1a: Iron Hands|10\n|cant|p2a: Garganacl|flinch\n|\n|upkeep\n|turn|2\n|\n|t:|1682943770\n|move|p2b: Maushold|Protect|p2b: Maushold\n|-singleturn|p2b: Maushold|Protect\n|move|p2a: Garganacl|Protect|p2a: Garganacl\n|-singleturn|p2a: Garganacl|Protect\n|move|p1b: Roaring Moon|Acrobatics|p2b: Maushold\n|-activate|p2b: Maushold|move: Protect\n|move|p1a: Iron Hands|Drain Punch|p2a: Garganacl\n|-activate|p2a: Garganacl|move: Protect\n|\n|upkeep\n|turn|3\n|\n|t:|1682943782\n|move|p2b: Maushold|Follow Me|p2b: Maushold\n|-singleturn|p2b: Maushold|move: Follow Me\n|move|p1b: Roaring Moon|Acrobatics|p2b: Maushold\n|-damage|p2b: Maushold|0 fnt\n|faint|p2b: Maushold\n|move|p1a: Iron Hands|Drain Punch|p2a: Garganacl\n|-supereffective|p2a: Garganacl\n|-damage|p2a: Garganacl|24\/100\n|-heal|p1a: Iron Hands|61\/100|[from] drain|[of] p2a: Garganacl\n|move|p2a: Garganacl|Explosion|p1b: Roaring Moon|[spread] p1a,p1b\n|-enditem|p2a: Garganacl|Normal Gem|[from] gem\n|-damage|p1a: Iron Hands|0 fnt\n|-damage|p1b: Roaring Moon|0 fnt\n|faint|p2a: Garganacl\n|faint|p1a: Iron Hands\n|-end|p1a: Iron Hands|Quark Drive|[silent]\n|faint|p1b: Roaring Moon\n|-end|p1b: Roaring Moon|Protosynthesis|[silent]\n|\n|upkeep\n|\n|t:|1682943801\n|switch|p1b: Iron Bundle|Iron Bundle, L50|100\/100\n|switch|p2b: Fletchling|Fletchling, L50, F|100\/100\n|switch|p1a: Arcanine|Arcanine, L50, F|100\/100\n|switch|p2a: Scream Tail|Scream Tail, L50|100\/100\n|-ability|p1a: Arcanine|Intimidate|boost\n|-unboost|p2a: Scream Tail|atk|1\n|-unboost|p2b: Fletchling|atk|1\n|turn|4\n|\n|t:|1682943813\n|move|p2b: Fletchling|Protect|p2b: Fletchling\n|-singleturn|p2b: Fletchling|Protect\n|move|p1b: Iron Bundle|Icy Wind|p2a: Scream Tail|[spread] p2a\n|-activate|p2b: Fletchling|move: Protect\n|-damage|p2a: Scream Tail|88\/100\n|-unboost|p2a: Scream Tail|spe|1\n|move|p1a: Arcanine|Snarl|p2a: Scream Tail|[spread] p2a\n|-activate|p2b: Fletchling|move: Protect\n|-damage|p2a: Scream Tail|84\/100\n|-unboost|p2a: Scream Tail|spa|1\n|move|p2a: Scream Tail|Perish Song|p2a: Scream Tail\n|-start|p1a: Arcanine|perish3|[silent]\n|-start|p1b: Iron Bundle|perish3|[silent]\n|-start|p2a: Scream Tail|perish3|[silent]\n|-start|p2b: Fletchling|perish3|[silent]\n|-fieldactivate|move: Perish Song\n|\n|-start|p1b: Iron Bundle|perish3\n|-start|p1a: Arcanine|perish3\n|-start|p2b: Fletchling|perish3\n|-start|p2a: Scream Tail|perish3\n|-status|p2b: Fletchling|tox|[from] item: Toxic Orb\n|upkeep\n|turn|5\n|inactive|fran703 has 30 seconds left.\n|inactive|Dizzycat has 30 seconds left.\n|\n|t:|1682943847\n|move|p2a: Scream Tail|Protect|p2a: Scream Tail\n|-singleturn|p2a: Scream Tail|Protect\n|move|p2b: Fletchling|Fly||[still]\n|-prepare|p2b: Fletchling|Fly\n|move|p1b: Iron Bundle|Hydro Pump|p2b: Fletchling|[miss]\n|-miss|p1b: Iron Bundle|p2b: Fletchling\n|move|p1a: Arcanine|Snarl|p2b: Fletchling|[spread] \n|-miss|p1a: Arcanine|p2b: Fletchling\n|-activate|p2a: Scream Tail|move: Protect\n|\n|-damage|p2b: Fletchling|95\/100 tox|[from] psn\n|-start|p1b: Iron Bundle|perish2\n|-start|p1a: Arcanine|perish2\n|-start|p2b: Fletchling|perish2\n|-start|p2a: Scream Tail|perish2\n|upkeep\n|turn|6\n|\n|t:|1682943863\n|move|p2a: Scream Tail|Protect||[still]\n|-fail|p2a: Scream Tail\n|move|p1b: Iron Bundle|Hydro Pump|p2b: Fletchling|[miss]\n|-miss|p1b: Iron Bundle|p2b: Fletchling\n|move|p1a: Arcanine|Flare Blitz|p2a: Scream Tail\n|-damage|p2a: Scream Tail|39\/100\n|-damage|p1a: Arcanine|84\/100|[from] Recoil\n|move|p2b: Fletchling|Fly|p1a: Arcanine|[from]lockedmove\n|-damage|p1a: Arcanine|72\/100\n|\n|-damage|p2b: Fletchling|83\/100 tox|[from] psn\n|-start|p1b: Iron Bundle|perish1\n|-start|p1a: Arcanine|perish1\n|-start|p2b: Fletchling|perish1\n|-start|p2a: Scream Tail|perish1\n|upkeep\n|turn|7\n|\n|t:|1682943881\n|-terastallize|p1b: Iron Bundle|Ice\n|move|p2b: Fletchling|Protect|p2b: Fletchling\n|-singleturn|p2b: Fletchling|Protect\n|move|p2a: Scream Tail|Protect|p2a: Scream Tail\n|-singleturn|p2a: Scream Tail|Protect\n|move|p1b: Iron Bundle|Freeze-Dry|p2a: Scream Tail\n|-activate|p2a: Scream Tail|move: Protect\n|move|p1a: Arcanine|Flare Blitz|p2a: Scream Tail\n|-activate|p2a: Scream Tail|move: Protect\n|\n|-damage|p2b: Fletchling|65\/100 tox|[from] psn\n|-start|p1b: Iron Bundle|perish0\n|-start|p1a: Arcanine|perish0\n|-start|p2b: Fletchling|perish0\n|-start|p2a: Scream Tail|perish0\n|faint|p1b: Iron Bundle\n|-end|p1b: Iron Bundle|Quark Drive|[silent]\n|faint|p1a: Arcanine\n|faint|p2b: Fletchling\n|faint|p2a: Scream Tail\n|-end|p2a: Scream Tail|Protosynthesis|[silent]\n|\n|win|Dizzycat\n|upkeep\n|raw|fran703's rating: 1000 → 1000<\/strong> (+0 for losing)\n|raw|Dizzycat's rating: 1045 → 1074<\/strong> (+29 for winning)\n|c|\u2606fran703|...\n|l|\u2606fran703\n","uploadtime":1682943902,"views":32,"p1id":"fran703","p2id":"dizzycat","formatid":"gen9vgc2023regulationc","rating":1000,"private":0,"password":""}