{"id":"gen9vgc2023regulationc-1856997155","p1":"LJL2505Chess","p2":"Pikaberto","format":"[Gen 9] VGC 2023 Regulation C","log":"|j|\u2606LJL2505Chess\n|j|\u2606Pikaberto\n|t:|1683134934\n|gametype|doubles\n|player|p1|LJL2505Chess|lucas|1030\n|player|p2|Pikaberto|2|1065\n|teamsize|p1|6\n|teamsize|p2|6\n|gen|9\n|tier|[Gen 9] VGC 2023 Regulation C\n|rated|\n|rule|Species Clause: Limit one of each Pok\u00e9mon\n|rule|Item Clause: Limit one of each item\n|clearpoke\n|poke|p1|Kingambit, L50, F|\n|poke|p1|Farigiraf, L50, F|\n|poke|p1|Corviknight, L50, M|\n|poke|p1|Iron Bundle, L50|\n|poke|p1|Great Tusk, L50|\n|poke|p1|Amoonguss, L50, F|\n|poke|p2|Iron Bundle, L50|\n|poke|p2|Oranguru, L50, F|\n|poke|p2|Skeledirge, L50, F|\n|poke|p2|Flutter Mane, L50|\n|poke|p2|Torkoal, L50, F|\n|poke|p2|Arboliva, L50, M|\n|teampreview|4\nLJL2505Chess rejected open team sheets.\n|\n|t:|1683134978\n|start\n|switch|p1a: Great Tusk|Great Tusk, L50|100\/100\n|switch|p1b: Iron Bundle|Iron Bundle, L50|100\/100\n|switch|p2a: Oranguru|Oranguru, L50, F|100\/100\n|switch|p2b: Skeledirge|Skeledirge, L50, F|100\/100\n|-enditem|p1b: Iron Bundle|Booster Energy\n|-activate|p1b: Iron Bundle|ability: Quark Drive|[fromitem]\n|-start|p1b: Iron Bundle|quarkdrivespe\n|turn|1\n|\n|t:|1683135039\n|move|p2b: Skeledirge|Protect|p2b: Skeledirge\n|-singleturn|p2b: Skeledirge|Protect\n|move|p1b: Iron Bundle|Hydro Pump|p2b: Skeledirge\n|-activate|p2b: Skeledirge|move: Protect\n|move|p1a: Great Tusk|Headlong Rush|p2b: Skeledirge\n|-activate|p2b: Skeledirge|move: Protect\n|move|p2a: Oranguru|Trick Room|p2a: Oranguru\n|-fieldstart|move: Trick Room|[of] p2a: Oranguru\n|\n|upkeep\n|turn|2\n|\n|t:|1683135064\n|switch|p2b: Arboliva|Arboliva, L50, M|100\/100\n|-end|p1b: Iron Bundle|Quark Drive|[silent]\n|switch|p1b: Farigiraf|Farigiraf, L50, F|100\/100\n|move|p2a: Oranguru|Psychic|p1a: Great Tusk\n|-supereffective|p1a: Great Tusk\n|-enditem|p1a: Great Tusk|Focus Sash\n|-damage|p1a: Great Tusk|1\/100\n|-damage|p2a: Oranguru|91\/100|[from] item: Life Orb\n|move|p1a: Great Tusk|Headlong Rush|p2b: Arboliva\n|-resisted|p2b: Arboliva\n|-damage|p2b: Arboliva|68\/100\n|-unboost|p1a: Great Tusk|def|1\n|-unboost|p1a: Great Tusk|spd|1\n|-fieldstart|move: Grassy Terrain|[from] ability: Seed Sower|[of] p2b: Arboliva\n|\n|-heal|p2b: Arboliva|74\/100|[from] Grassy Terrain\n|-heal|p2a: Oranguru|97\/100|[from] Grassy Terrain\n|-heal|p1a: Great Tusk|7\/100|[from] Grassy Terrain\n|upkeep\n|turn|3\n|\n|t:|1683135096\n|move|p1a: Great Tusk|Protect|p1a: Great Tusk\n|-singleturn|p1a: Great Tusk|Protect\n|move|p2b: Arboliva|Pollen Puff|p1b: Farigiraf\n|-supereffective|p1b: Farigiraf\n|-damage|p1b: Farigiraf|35\/100\n|move|p2a: Oranguru|Psychic|p1a: Great Tusk\n|-activate|p1a: Great Tusk|move: Protect\n|move|p1b: Farigiraf|Trick Room|p1b: Farigiraf\n|-fieldend|move: Trick Room\n|\n|-heal|p1a: Great Tusk|13\/100|[from] Grassy Terrain\n|-heal|p1b: Farigiraf|41\/100|[from] Grassy Terrain\n|-heal|p2a: Oranguru|100\/100|[from] Grassy Terrain\n|-heal|p2b: Arboliva|80\/100|[from] Grassy Terrain\n|upkeep\n|turn|4\n|inactive|Battle timer is ON: inactive players will automatically lose when time's up. (requested by Pikaberto)\n|\n|t:|1683135154\n|move|p1a: Great Tusk|Headlong Rush|p2a: Oranguru\n|-damage|p2a: Oranguru|44\/100\n|-unboost|p1a: Great Tusk|def|1\n|-unboost|p1a: Great Tusk|spd|1\n|move|p1b: Farigiraf|Dazzling Gleam|p2b: Arboliva|[spread] p2a,p2b\n|-crit|p2b: Arboliva\n|-damage|p2a: Oranguru|29\/100\n|-damage|p2b: Arboliva|60\/100\n|move|p2a: Oranguru|Encore|p1b: Farigiraf\n|-start|p1b: Farigiraf|Encore\n|move|p2b: Arboliva|Energy Ball|p1a: Great Tusk\n|-supereffective|p1a: Great Tusk\n|-damage|p1a: Great Tusk|0 fnt\n|faint|p1a: Great Tusk\n|-end|p1a: Great Tusk|Protosynthesis|[silent]\n|\n|-heal|p1b: Farigiraf|48\/100|[from] Grassy Terrain\n|-heal|p2a: Oranguru|36\/100|[from] Grassy Terrain\n|-heal|p2b: Arboliva|66\/100|[from] Grassy Terrain\n|upkeep\n|\n|t:|1683135174\n|switch|p1a: Corviknight|Corviknight, L50, M, shiny|100\/100\n|-ability|p1a: Corviknight|Pressure\n|turn|5\n|inactive|Pikaberto has 30 seconds left.\n|\n|t:|1683135205\n|switch|p2b: Skeledirge|Skeledirge, L50, F|100\/100\n|move|p1a: Corviknight|Brave Bird|p2b: Skeledirge\n|-damage|p2b: Skeledirge|67\/100\n|-damage|p1a: Corviknight|89\/100|[from] Recoil\n|move|p1b: Farigiraf|Dazzling Gleam|p2b: Skeledirge|[spread] p2a,p2b\n|-resisted|p2b: Skeledirge\n|-damage|p2a: Oranguru|22\/100\n|-damage|p2b: Skeledirge|57\/100\n|move|p2a: Oranguru|Trick Room|p2a: Oranguru\n|-fieldstart|move: Trick Room|[of] p2a: Oranguru\n|\n|-heal|p2a: Oranguru|28\/100|[from] Grassy Terrain\n|-heal|p2b: Skeledirge|63\/100|[from] Grassy Terrain\n|-heal|p1b: Farigiraf|54\/100|[from] Grassy Terrain\n|-heal|p1a: Corviknight|95\/100|[from] item: Leftovers\n|upkeep\n|turn|6\n|inactive|LJL2505Chess has 30 seconds left.\n|inactive|LJL2505Chess has 20 seconds left.\n|\n|t:|1683135244\n|switch|p2a: Torkoal|Torkoal, L50, F|100\/100\n|-weather|SunnyDay|[from] ability: Drought|[of] p2a: Torkoal\n|-terastallize|p2b: Skeledirge|Fire\n|move|p2b: Skeledirge|Torch Song|p1a: Corviknight\n|-supereffective|p1a: Corviknight\n|-damage|p1a: Corviknight|0 fnt\n|-boost|p2b: Skeledirge|spa|1\n|faint|p1a: Corviknight\n|-enditem|p2b: Skeledirge|Throat Spray\n|-boost|p2b: Skeledirge|spa|1|[from] item: Throat Spray\n|move|p1b: Farigiraf|Dazzling Gleam|p2a: Torkoal|[spread] p2a,p2b\n|-resisted|p2a: Torkoal\n|-resisted|p2b: Skeledirge\n|-damage|p2a: Torkoal|88\/100\n|-damage|p2b: Skeledirge|52\/100\n|\n|-weather|SunnyDay|[upkeep]\n|-heal|p2a: Torkoal|94\/100|[from] Grassy Terrain\n|-heal|p2b: Skeledirge|58\/100|[from] Grassy Terrain\n|-heal|p1b: Farigiraf|60\/100|[from] Grassy Terrain\n|-fieldend|move: Grassy Terrain\n|upkeep\n|\n|t:|1683135264\n|switch|p1a: Iron Bundle|Iron Bundle, L50|100\/100\n|turn|7\n|inactive|LJL2505Chess has 30 seconds left.\n|\n|t:|1683135300\n|-terastallize|p1b: Farigiraf|Fairy\n|move|p2a: Torkoal|Solar Beam||[still]\n|-prepare|p2a: Torkoal|Solar Beam\n|-anim|p2a: Torkoal|Solar Beam|p1a: Iron Bundle\n|-supereffective|p1a: Iron Bundle\n|-damage|p1a: Iron Bundle|0 fnt\n|faint|p1a: Iron Bundle\n|-end|p1a: Iron Bundle|Quark Drive|[silent]\n|move|p2b: Skeledirge|Heat Wave|p1b: Farigiraf\n|-crit|p1b: Farigiraf\n|-damage|p1b: Farigiraf|0 fnt\n|faint|p1b: Farigiraf\n|\n|win|Pikaberto\n|raw|LJL2505Chess's rating: 1030 → 1017<\/strong> (-13 for losing)\n|raw|Pikaberto's rating: 1065 → 1092<\/strong> (+27 for winning)\n||Ladder isn't responding, score probably updated but might not have (Connection error).\n|l|\u2606LJL2505Chess\n|c|\u2606Pikaberto|gg\n","uploadtime":1683135354,"views":15,"p1id":"ljl2505chess","p2id":"pikaberto","formatid":"gen9vgc2023regulationc","rating":1017,"private":0,"password":""}