{"id":"gen9vgc2023regulationc-1856507873","p1":"doom build","p2":"vrumvrumnatal","format":"[Gen 9] VGC 2023 Regulation C","log":"|j|\u2606doom build\n|j|\u2606vrumvrumnatal\n|t:|1683069488\n|gametype|doubles\n|player|p1|doom build|dawn|1302\n|player|p2|vrumvrumnatal|2|1344\n|teamsize|p1|6\n|teamsize|p2|6\n|gen|9\n|tier|[Gen 9] VGC 2023 Regulation C\n|rated|\n|rule|Species Clause: Limit one of each Pok\u00e9mon\n|rule|Item Clause: Limit one of each item\n|clearpoke\n|poke|p1|Abomasnow, L50, M|\n|poke|p1|Iron Bundle, L50|\n|poke|p1|Flutter Mane, L50|\n|poke|p1|Chi-Yu, L50|\n|poke|p1|Dragonite, L50, M|\n|poke|p1|Orthworm, L50, M|\n|poke|p2|Chien-Pao, L50|\n|poke|p2|Dragonite, L50, M|\n|poke|p2|Kingambit, L50, M|\n|poke|p2|Gyarados, L50, M|\n|poke|p2|Great Tusk, L50|\n|poke|p2|Flutter Mane, L50|\n|teampreview|4\ndoom build has agreed to open team sheets.\n|inactive|Battle timer is ON: inactive players will automatically lose when time's up. (requested by doom build)\n|inactive|vrumvrumnatal has 60 seconds left.\n|\n|t:|1683069546\n|start\n|switch|p1a: Orthworm|Orthworm, L50, M|100\/100\n|switch|p1b: Abomasnow|Abomasnow, L50, M|100\/100\n|switch|p2a: Dragonite|Dragonite, L50, M|100\/100\n|switch|p2b: Kingambit|Kingambit, L50, M|100\/100\n|-weather|Snow|[from] ability: Snow Warning|[of] p1b: Abomasnow\n|turn|1\n|inactive|doom build has 30 seconds left.\n|inactive|doom build has 20 seconds left.\n|\n|t:|1683069584\n|-terastallize|p2a: Dragonite|Flying\n|move|p2a: Dragonite|Tera Blast|p1b: Abomasnow\n|-supereffective|p1b: Abomasnow\n|-damage|p1b: Abomasnow|16\/100\n|move|p1b: Abomasnow|Blizzard|p2a: Dragonite|[spread] p2a,p2b\n|-supereffective|p2a: Dragonite\n|-resisted|p2b: Kingambit\n|-damage|p2a: Dragonite|57\/100\n|-damage|p2b: Kingambit|84\/100\n|-damage|p1b: Abomasnow|6\/100|[from] item: Life Orb\n|move|p1a: Orthworm|Iron Defense|p1a: Orthworm\n|-boost|p1a: Orthworm|def|2\n|move|p2b: Kingambit|Assurance|p1b: Abomasnow\n|-damage|p1b: Abomasnow|0 fnt\n|faint|p1b: Abomasnow\n|\n|-weather|Snow|[upkeep]\n|upkeep\n|\n|t:|1683069598\n|switch|p1b: Iron Bundle|Iron Bundle, L50|100\/100\n|turn|2\n|\n|t:|1683069605\n|-terastallize|p1b: Iron Bundle|Ghost\n|move|p2a: Dragonite|Extreme Speed|p1b: Iron Bundle\n|-immune|p1b: Iron Bundle\n|move|p1b: Iron Bundle|Blizzard|p2a: Dragonite|[spread] p2a,p2b\n|-supereffective|p2a: Dragonite\n|-resisted|p2b: Kingambit\n|-damage|p2a: Dragonite|0 fnt\n|-damage|p2b: Kingambit|70\/100\n|faint|p2a: Dragonite\n|move|p1a: Orthworm|Body Press|p2b: Kingambit\n|-supereffective|p2b: Kingambit\n|-damage|p2b: Kingambit|0 fnt\n|faint|p2b: Kingambit\n|\n|-weather|Snow|[upkeep]\n|upkeep\n|\n|t:|1683069619\n|switch|p2a: Flutter Mane|Flutter Mane, L50|100\/100\n|switch|p2b: Gyarados|Gyarados, L50, M, shiny|100\/100\n|-ability|p2b: Gyarados|Intimidate|boost\n|-unboost|p1a: Orthworm|atk|1\n|-unboost|p1b: Iron Bundle|atk|1\n|-enditem|p2a: Flutter Mane|Booster Energy\n|-activate|p2a: Flutter Mane|ability: Protosynthesis|[fromitem]\n|-start|p2a: Flutter Mane|protosynthesisspa\n|turn|3\n|\n|t:|1683069634\n|move|p1b: Iron Bundle|Blizzard|p2a: Flutter Mane|[spread] p2a,p2b\n|-damage|p2a: Flutter Mane|67\/100\n|-damage|p2b: Gyarados|70\/100\n|move|p2a: Flutter Mane|Shadow Ball|p1a: Orthworm\n|-damage|p1a: Orthworm|34\/100\n|-enditem|p1a: Orthworm|Sitrus Berry|[eat]\n|-heal|p1a: Orthworm|59\/100|[from] item: Sitrus Berry\n|move|p2b: Gyarados|Waterfall|p1a: Orthworm\n|-crit|p1a: Orthworm\n|-damage|p1a: Orthworm|23\/100\n|move|p1a: Orthworm|Heavy Slam|p2a: Flutter Mane\n|-supereffective|p2a: Flutter Mane\n|-damage|p2a: Flutter Mane|0 fnt\n|faint|p2a: Flutter Mane\n|-end|p2a: Flutter Mane|Protosynthesis|[silent]\n|\n|-weather|Snow|[upkeep]\n|-heal|p2b: Gyarados|76\/100|[from] item: Leftovers\n|upkeep\n|turn|4\n|\n|t:|1683069652\n|move|p1b: Iron Bundle|Blizzard|p2b: Gyarados\n|-damage|p2b: Gyarados|37\/100\n|move|p2b: Gyarados|Waterfall|p1a: Orthworm\n|-damage|p1a: Orthworm|10\/100\n|move|p1a: Orthworm|Body Press|p2b: Gyarados\n|-resisted|p2b: Gyarados\n|-damage|p2b: Gyarados|12\/100\n|\n|-weather|Snow|[upkeep]\n|-heal|p2b: Gyarados|18\/100|[from] item: Leftovers\n|upkeep\n|turn|5\n|\n|t:|1683069663\n|move|p1b: Iron Bundle|Blizzard|p2b: Gyarados\n|-damage|p2b: Gyarados|0 fnt\n|faint|p2b: Gyarados\n|\n|win|doom build\n|raw|doom build's rating: 1302 → 1324<\/strong> (+22 for winning)\n|raw|vrumvrumnatal's rating: 1344 → 1322<\/strong> (-22 for losing)\n|c|\u2606doom build|gg\n|l|\u2606doom build\n","uploadtime":1683069669,"views":17,"p1id":"doombuild","p2id":"vrumvrumnatal","formatid":"gen9vgc2023regulationc","rating":1322,"private":0,"password":""}