{"id":"gen9vgc2023regulationc-1847512254","p1":"Sprye0216","p2":"clegge7","format":"[Gen 9] VGC 2023 Regulation C","log":"|j|\u2606Sprye0216\n|j|\u2606clegge7\n|t:|1681965119\n|gametype|doubles\n|player|p1|Sprye0216|skyla|1256\n|player|p2|clegge7|1|1191\n|teamsize|p1|6\n|teamsize|p2|6\n|gen|9\n|tier|[Gen 9] VGC 2023 Regulation C\n|rated|\n|rule|Species Clause: Limit one of each Pok\u00e9mon\n|rule|Item Clause: Limit one of each item\n|clearpoke\n|poke|p1|Talonflame, L50, M|\n|poke|p1|Garchomp, L50, F|\n|poke|p1|Gholdengo, L50|\n|poke|p1|Palafin, L50, M|\n|poke|p1|Amoonguss, L50, F|\n|poke|p1|Ting-Lu, L50|\n|poke|p2|Flutter Mane, L50|\n|poke|p2|Talonflame, L50, F|\n|poke|p2|Garchomp, L50, F|\n|poke|p2|Amoonguss, L50, M|\n|poke|p2|Iron Bundle, L50|\n|poke|p2|Kingambit, L50, M|\n|teampreview|4\nSprye0216 has agreed to open team sheets.\n|\n|t:|1681965166\n|start\n|switch|p1a: Talonflame|Talonflame, L50, M|100\/100\n|switch|p1b: Palafin|Palafin, L50, M|100\/100\n|switch|p2a: Talonflame|Talonflame, L50, F|100\/100\n|switch|p2b: Kingambit|Kingambit, L50, M|100\/100\n|turn|1\n|\n|t:|1681965198\n|detailschange|p1b: Palafin|Palafin-Hero, L50, M\n|switch|p1b: Ting-Lu|Ting-Lu, L50|100\/100\n|-ability|p1b: Ting-Lu|Vessel of Ruin\n|move|p1a: Talonflame|Will-O-Wisp|p2b: Kingambit\n|-status|p2b: Kingambit|brn\n|-enditem|p2b: Kingambit|Lum Berry|[eat]\n|-curestatus|p2b: Kingambit|brn|[msg]\n|move|p2a: Talonflame|Will-O-Wisp|p1b: Ting-Lu\n|-status|p1b: Ting-Lu|brn\n|move|p2b: Kingambit|Swords Dance|p2b: Kingambit\n|-boost|p2b: Kingambit|atk|2\n|\n|-damage|p1b: Ting-Lu|94\/100 brn|[from] brn\n|upkeep\n|turn|2\n|\n|t:|1681965217\n|move|p2b: Kingambit|Protect|p2b: Kingambit\n|-singleturn|p2b: Kingambit|Protect\n|move|p1a: Talonflame|Will-O-Wisp|p2b: Kingambit\n|-activate|p2b: Kingambit|move: Protect\n|move|p2a: Talonflame|Taunt|p1a: Talonflame\n|-start|p1a: Talonflame|move: Taunt\n|move|p1b: Ting-Lu|Fissure|p2b: Kingambit\n|-activate|p2b: Kingambit|move: Protect\n|\n|-damage|p1b: Ting-Lu|88\/100 brn|[from] brn\n|upkeep\n|turn|3\n|\n|t:|1681965250\n|-terastallize|p2b: Kingambit|Dark\n|move|p1a: Talonflame|Brave Bird|p2a: Talonflame\n|-damage|p2a: Talonflame|48\/100\n|-damage|p1a: Talonflame|83\/100|[from] Recoil\n|move|p2a: Talonflame|Brave Bird|p1b: Ting-Lu\n|-damage|p1b: Ting-Lu|63\/100 brn\n|-damage|p2a: Talonflame|36\/100|[from] Recoil\n|move|p2b: Kingambit|Kowtow Cleave|p1b: Ting-Lu\n|-resisted|p1b: Ting-Lu\n|-damage|p1b: Ting-Lu|27\/100 brn\n|move|p1b: Ting-Lu|Fissure|p2b: Kingambit|[miss]\n|-miss|p1b: Ting-Lu|p2b: Kingambit\n|\n|-damage|p1b: Ting-Lu|21\/100 brn|[from] brn\n|upkeep\n|turn|4\n|\n|t:|1681965276\n|move|p1a: Talonflame|Brave Bird|p2a: Talonflame\n|-damage|p2a: Talonflame|0 fnt\n|faint|p2a: Talonflame\n|-damage|p1a: Talonflame|72\/100|[from] Recoil\n|move|p2b: Kingambit|Kowtow Cleave|p1b: Ting-Lu\n|-resisted|p1b: Ting-Lu\n|-damage|p1b: Ting-Lu|0 fnt\n|faint|p1b: Ting-Lu\n|\n|upkeep\n|\n|t:|1681965285\n|switch|p2a: Iron Bundle|Iron Bundle, L50|100\/100\n|switch|p1b: Palafin|Palafin-Hero, L50, M|100\/100\n|-activate|p1b: Palafin|ability: Zero to Hero\n|-enditem|p2a: Iron Bundle|Booster Energy\n|-activate|p2a: Iron Bundle|ability: Quark Drive|[fromitem]\n|-start|p2a: Iron Bundle|quarkdrivespe\n|turn|5\n|\n|t:|1681965310\n|switch|p1a: Gholdengo|Gholdengo, L50|100\/100\n|move|p1b: Palafin|Protect|p1b: Palafin\n|-singleturn|p1b: Palafin|Protect\n|move|p2b: Kingambit|Sucker Punch||[still]\n|-fail|p2b: Kingambit\n|move|p2a: Iron Bundle|Icy Wind|p1b: Palafin|[spread] p1a\n|-activate|p1b: Palafin|move: Protect\n|-resisted|p1a: Gholdengo\n|-damage|p1a: Gholdengo|90\/100\n|-unboost|p1a: Gholdengo|spe|1\n|\n|upkeep\n|turn|6\n|\n|t:|1681965348\n|-terastallize|p1b: Palafin|Water\n|move|p1b: Palafin|Jet Punch|p2b: Kingambit\n|-damage|p2b: Kingambit|55\/100\n|move|p2a: Iron Bundle|Icy Wind|p1b: Palafin|[spread] p1a,p1b\n|-resisted|p1a: Gholdengo\n|-crit|p1a: Gholdengo\n|-resisted|p1b: Palafin\n|-damage|p1a: Gholdengo|73\/100\n|-damage|p1b: Palafin|89\/100\n|-unboost|p1a: Gholdengo|spe|1\n|-unboost|p1b: Palafin|spe|1\n|move|p2b: Kingambit|Kowtow Cleave|p1a: Gholdengo\n|-supereffective|p1a: Gholdengo\n|-damage|p1a: Gholdengo|0 fnt\n|faint|p1a: Gholdengo\n|\n|upkeep\n|\n|t:|1681965361\n|switch|p1a: Talonflame|Talonflame, L50, M|72\/100\n|turn|7\n|\n|t:|1681965373\n|move|p2b: Kingambit|Protect|p2b: Kingambit\n|-singleturn|p2b: Kingambit|Protect\n|move|p1b: Palafin|Jet Punch|p2b: Kingambit\n|-activate|p2b: Kingambit|move: Protect\n|move|p2a: Iron Bundle|Hydro Pump|p1a: Talonflame|[miss]\n|-miss|p2a: Iron Bundle|p1a: Talonflame\n|move|p1a: Talonflame|Will-O-Wisp|p2b: Kingambit\n|-activate|p2b: Kingambit|move: Protect\n|\n|upkeep\n|turn|8\n|\n|t:|1681965392\n|move|p1b: Palafin|Jet Punch|p2a: Iron Bundle\n|-resisted|p2a: Iron Bundle\n|-damage|p2a: Iron Bundle|62\/100\n|move|p2a: Iron Bundle|Hydro Pump|p1a: Talonflame\n|-supereffective|p1a: Talonflame\n|-crit|p1a: Talonflame\n|-damage|p1a: Talonflame|0 fnt\n|faint|p1a: Talonflame\n|move|p2b: Kingambit|Kowtow Cleave|p1b: Palafin\n|-damage|p1b: Palafin|0 fnt\n|faint|p1b: Palafin\n|\n|win|clegge7\n|raw|Sprye0216's rating: 1256 → 1226<\/strong> (-30 for losing)\n|raw|clegge7's rating: 1191 → 1221<\/strong> (+30 for winning)\n","uploadtime":1681965409,"views":6,"p1id":"sprye0216","p2id":"clegge7","formatid":"gen9vgc2023regulationc","rating":1221,"private":0,"password":""}