{"id":"gen9vgc2023regulationc-1851543286","p1":"pokehugov","p2":"WillieDangerously","format":"[Gen 9] VGC 2023 Regulation C","log":"|j|\u2606pokehugov\n|j|\u2606WillieDangerously\n|t:|1682454172\n|gametype|doubles\n|player|p1|pokehugov|1|1299\n|player|p2|WillieDangerously|psychic-gen4|1199\n|teamsize|p1|6\n|teamsize|p2|6\n|gen|9\n|tier|[Gen 9] VGC 2023 Regulation C\n|rated|\n|rule|Species Clause: Limit one of each Pok\u00e9mon\n|rule|Item Clause: Limit one of each item\n|clearpoke\n|poke|p1|Tyranitar, L50, F|\n|poke|p1|Iron Hands, L50|\n|poke|p1|Indeedee-F, L50, F|\n|poke|p1|Armarouge, L50, M|\n|poke|p1|Baxcalibur, L50, F|\n|poke|p1|Sylveon, L50, M|\n|poke|p2|Espathra, L50, F|\n|poke|p2|Iron Bundle, L50|\n|poke|p2|Iron Valiant, L50|\n|poke|p2|Salamence, L50, M|\n|poke|p2|Scizor, L50, F|\n|poke|p2|Sandy Shocks, L50|\n|teampreview|4\n|inactive|Battle timer is ON: inactive players will automatically lose when time's up. (requested by pokehugov)\n|\n|t:|1682454208\n|start\n|switch|p1a: Indeedee|Indeedee-F, L50, F|100\/100\n|switch|p1b: Armarouge|Armarouge, L50, M|100\/100\n|switch|p2a: Sandy Shocks|Sandy Shocks, L50|100\/100\n|switch|p2b: Espathra|Espathra, L50, F|100\/100\n|-fieldstart|move: Psychic Terrain|[from] ability: Psychic Surge|[of] p1a: Indeedee\n|-enditem|p1a: Indeedee|Psychic Seed\n|-boost|p1a: Indeedee|spd|1|[from] item: Psychic Seed\n|-enditem|p2a: Sandy Shocks|Booster Energy\n|-activate|p2a: Sandy Shocks|ability: Protosynthesis|[fromitem]\n|-start|p2a: Sandy Shocks|protosynthesisspe\n|turn|1\n|inactive|WillieDangerously has 30 seconds left.\n|inactive|WillieDangerously has 20 seconds left.\n|\n|t:|1682454245\n|move|p1a: Indeedee|Follow Me|p1a: Indeedee\n|-singleturn|p1a: Indeedee|move: Follow Me\n|move|p2a: Sandy Shocks|Gravity|p2a: Sandy Shocks\n|-fieldstart|move: Gravity\n|move|p2b: Espathra|Hypnosis|p1a: Indeedee\n|-status|p1a: Indeedee|slp|[from] move: Hypnosis\n|move|p1b: Armarouge|Trick Room|p1b: Armarouge\n|-fieldstart|move: Trick Room|[of] p1b: Armarouge\n|\n|-ability|p2b: Espathra|Speed Boost|boost\n|-boost|p2b: Espathra|spe|1\n|upkeep\n|turn|2\n|\n|t:|1682454266\n|switch|p1a: Baxcalibur|Baxcalibur, L50, F|100\/100\n|move|p2a: Sandy Shocks|Protect|p2a: Sandy Shocks\n|-singleturn|p2a: Sandy Shocks|Protect\n|move|p1b: Armarouge|Expanding Force|p2a: Sandy Shocks|[spread] p2b\n|-activate|p2a: Sandy Shocks|move: Protect\n|-resisted|p2b: Espathra\n|-damage|p2b: Espathra|46\/100\n|-damage|p1b: Armarouge|91\/100|[from] item: Life Orb\n|move|p2b: Espathra|Hypnosis|p1b: Armarouge\n|-status|p1b: Armarouge|slp|[from] move: Hypnosis\n|\n|-ability|p2b: Espathra|Speed Boost|boost\n|-boost|p2b: Espathra|spe|1\n|upkeep\n|turn|3\n|inactive|pokehugov has 30 seconds left.\n|inactive|WillieDangerously has 30 seconds left.\n|\n|t:|1682454297\n|-end|p2a: Sandy Shocks|Protosynthesis|[silent]\n|switch|p2a: Scizor|Scizor, L50, F|100\/100\n|cant|p1b: Armarouge|slp\n|move|p1a: Baxcalibur|Glaive Rush|p2b: Espathra\n|-damage|p2b: Espathra|0 fnt\n|-singlemove|p1a: Baxcalibur|Glaive Rush|[silent]\n|faint|p2b: Espathra\n|\n|upkeep\n|\n|t:|1682454317\n|switch|p2b: Sandy Shocks|Sandy Shocks, L50|100\/100\n|turn|4\n|inactive|WillieDangerously has 30 seconds left.\n|\n|t:|1682454345\n|-terastallize|p2a: Scizor|Fire\n|move|p2b: Sandy Shocks|Protect|p2b: Sandy Shocks\n|-singleturn|p2b: Sandy Shocks|Protect\n|cant|p1b: Armarouge|slp\n|move|p1a: Baxcalibur|Glaive Rush|p2b: Sandy Shocks\n|-activate|p2b: Sandy Shocks|move: Protect\n|move|p2a: Scizor|Pounce|p1b: Armarouge\n|-damage|p1b: Armarouge|46\/100 slp\n|-unboost|p1b: Armarouge|spe|1\n|\n|upkeep\n|turn|5\n|\n|t:|1682454366\n|-end|p2b: Sandy Shocks|Protosynthesis|[silent]\n|switch|p2b: Iron Bundle|Iron Bundle, L50|100\/100\n|-curestatus|p1b: Armarouge|slp|[msg]\n|move|p1b: Armarouge|Expanding Force|p2b: Iron Bundle|[spread] p2a,p2b\n|-damage|p2a: Scizor|0 fnt\n|-damage|p2b: Iron Bundle|0 fnt\n|faint|p2a: Scizor\n|faint|p2b: Iron Bundle\n|-end|p2b: Iron Bundle|Quark Drive|[silent]\n|-damage|p1b: Armarouge|36\/100|[from] item: Life Orb\n|move|p1a: Baxcalibur|Glaive Rush|p2: Scizor|[notarget]\n|-fail|p1a: Baxcalibur\n|\n|-fieldend|move: Trick Room\n|-fieldend|move: Gravity\n|-fieldend|move: Psychic Terrain\n|upkeep\n|-message|WillieDangerously forfeited.\n|\n|win|pokehugov\n|raw|pokehugov's rating: 1299 → 1317<\/strong> (+18 for winning)\n|raw|WillieDangerously's rating: 1199 → 1181<\/strong> (-18 for losing)\n","uploadtime":1682454383,"views":13,"p1id":"pokehugov","p2id":"williedangerously","formatid":"gen9vgc2023regulationc","rating":1181,"private":0,"password":""}