{"id":"gen9vgc2023regulationc-1861487918","p1":"Roopydoopy","p2":"Tu oponente","format":"[Gen 9] VGC 2023 Regulation C","log":"|j|\u2606Roopydoopy\n|j|\u2606Tu oponente\n|t:|1683764008\n|gametype|doubles\n|player|p1|Roopydoopy|101|1038\n|player|p2|Tu oponente|waiter-gen4|1158\n|teamsize|p1|6\n|teamsize|p2|6\n|gen|9\n|tier|[Gen 9] VGC 2023 Regulation C\n|rated|\n|rule|Species Clause: Limit one of each Pok\u00e9mon\n|rule|Item Clause: Limit one of each item\n|clearpoke\n|poke|p1|Muk, L50, M|\n|poke|p1|Pawmot, L50, M|\n|poke|p1|Wigglytuff, L50, F|\n|poke|p1|Wo-Chien, L50|\n|poke|p1|Arcanine, L50, F|\n|poke|p1|Gothorita, L50, F|\n|poke|p2|Torkoal, L50, F|\n|poke|p2|Oricorio, L50, F|\n|poke|p2|Drednaw, L50, M|\n|poke|p2|Pelipper, L50, M|\n|poke|p2|Iron Moth, L50|\n|poke|p2|Maushold, L50|\n|teampreview|4\n|inactive|Battle timer is ON: inactive players will automatically lose when time's up. (requested by Tu oponente)\n|\n|t:|1683764030\n|start\n|switch|p1a: Wo-Chien|Wo-Chien, L50|100\/100\n|switch|p1b: Gothorita|Gothorita, L50, F|100\/100\n|switch|p2a: Torkoal|Torkoal, L50, F|100\/100\n|switch|p2b: Maushold|Maushold, L50|100\/100\n|-ability|p1a: Wo-Chien|Tablets of Ruin\n|-weather|SunnyDay|[from] ability: Drought|[of] p2a: Torkoal\n|turn|1\n|\n|t:|1683764052\n|move|p1b: Gothorita|Fake Out|p2a: Torkoal\n|-damage|p2a: Torkoal|98\/100\n|move|p2b: Maushold|Population Bomb|p1a: Wo-Chien\n|-damage|p1a: Wo-Chien|90\/100\n|-damage|p1a: Wo-Chien|80\/100\n|-damage|p1a: Wo-Chien|69\/100\n|-damage|p1a: Wo-Chien|58\/100\n|-damage|p1a: Wo-Chien|48\/100\n|-damage|p1a: Wo-Chien|38\/100\n|-hitcount|p1a: Wo-Chien|6\n|-damage|p2b: Maushold|90\/100|[from] item: Life Orb\n|move|p1a: Wo-Chien|Leech Seed|p2b: Maushold\n|-start|p2b: Maushold|move: Leech Seed\n|cant|p2a: Torkoal|flinch\n|\n|-weather|SunnyDay|[upkeep]\n|-heal|p1a: Wo-Chien|44\/100|[from] item: Leftovers\n|-damage|p2b: Maushold|78\/100|[from] Leech Seed|[of] p1a: Wo-Chien\n|-heal|p1a: Wo-Chien|54\/100|[silent]\n|upkeep\n|turn|2\n|inactive|Tu oponente has 30 seconds left.\n|\n|t:|1683764085\n|move|p1a: Wo-Chien|Protect|p1a: Wo-Chien\n|-singleturn|p1a: Wo-Chien|Protect\n|move|p2b: Maushold|Encore|p1b: Gothorita\n|-start|p1b: Gothorita|Encore\n|move|p1b: Gothorita|Fake Out||[still]\n|-hint|Fake Out only works on your first turn out.\n|-fail|p1b: Gothorita\n|move|p2a: Torkoal|Heat Wave|p1a: Wo-Chien|[spread] p1b\n|-activate|p1a: Wo-Chien|move: Protect\n|-damage|p1b: Gothorita|61\/100\n|\n|-weather|SunnyDay|[upkeep]\n|-heal|p1a: Wo-Chien|60\/100|[from] item: Leftovers\n|-damage|p2b: Maushold|66\/100|[from] Leech Seed|[of] p1a: Wo-Chien\n|-heal|p1a: Wo-Chien|69\/100|[silent]\n|upkeep\n|turn|3\n|\n|t:|1683764109\n|switch|p1a: Muk|Muk, L50, M|100\/100\n|move|p1b: Gothorita|Fake Out||[still]\n|-hint|Fake Out only works on your first turn out.\n|-fail|p1b: Gothorita\n|move|p2b: Maushold|Population Bomb|p1a: Muk|[miss]\n|-miss|p2b: Maushold|p1a: Muk\n|move|p2a: Torkoal|Heat Wave|p1b: Gothorita|[spread] p1a,p1b\n|-crit|p1b: Gothorita\n|-damage|p1a: Muk|47\/100\n|-damage|p1b: Gothorita|0 fnt\n|faint|p1b: Gothorita\n|-enditem|p1a: Muk|Red Card|[of] p2a: Torkoal\n|drag|p2a: Oricorio|Oricorio, L50, F|100\/100\n|\n|-weather|SunnyDay|[upkeep]\n|-damage|p2b: Maushold|54\/100|[from] Leech Seed|[of] p1a: Muk\n|-heal|p1a: Muk|55\/100|[silent]\n|upkeep\n|\n|t:|1683764126\n|switch|p1b: Pawmot|Pawmot, L50, M|100\/100\n|turn|4\n|\n|t:|1683764138\n|switch|p2b: Iron Moth|Iron Moth, L50|100\/100\n|move|p2a: Oricorio|Protect|p2a: Oricorio\n|-singleturn|p2a: Oricorio|Protect\n|move|p1b: Pawmot|Mach Punch|p2b: Iron Moth\n|-resisted|p2b: Iron Moth\n|-damage|p2b: Iron Moth|84\/100\n|move|p1a: Muk|Poison Gas|p2a: Oricorio|[spread] \n|-activate|p2a: Oricorio|move: Protect\n|-immune|p2b: Iron Moth\n|\n|-weather|SunnyDay|[upkeep]\n|upkeep\n|turn|5\n|\n|t:|1683764162\n|switch|p1a: Wo-Chien|Wo-Chien, L50|69\/100\n|-ability|p1a: Wo-Chien|Tablets of Ruin\n|-terastallize|p2b: Iron Moth|Fire\n|-terastallize|p1b: Pawmot|Electric\n|move|p2b: Iron Moth|Fiery Dance|p1b: Pawmot\n|-enditem|p1b: Pawmot|Focus Sash\n|-damage|p1b: Pawmot|1\/100\n|-activate|p2a: Oricorio|ability: Dancer\n|move|p2a: Oricorio|Fiery Dance|p1b: Pawmot|[from]ability: Dancer\n|-damage|p1b: Pawmot|0 fnt\n|-boost|p2a: Oricorio|spa|1\n|faint|p1b: Pawmot\n|move|p2a: Oricorio|Quiver Dance|p2a: Oricorio\n|-boost|p2a: Oricorio|spa|1\n|-boost|p2a: Oricorio|spd|1\n|-boost|p2a: Oricorio|spe|1\n|\n|-weather|none\n|-heal|p1a: Wo-Chien|75\/100|[from] item: Leftovers\n|upkeep\n|\n|t:|1683764176\n|switch|p1b: Muk|Muk, L50, M|55\/100\n|turn|6\n|\n|t:|1683764192\n|move|p1a: Wo-Chien|Protect|p1a: Wo-Chien\n|-singleturn|p1a: Wo-Chien|Protect\n|move|p2a: Oricorio|Revelation Dance|p1a: Wo-Chien\n|-activate|p1a: Wo-Chien|move: Protect\n|move|p2b: Iron Moth|Fiery Dance|p1b: Muk\n|-damage|p1b: Muk|8\/100\n|-activate|p2a: Oricorio|ability: Dancer\n|move|p2a: Oricorio|Fiery Dance|p1b: Muk|[from]ability: Dancer\n|-damage|p1b: Muk|0 fnt\n|faint|p1b: Muk\n|\n|-heal|p1a: Wo-Chien|82\/100|[from] item: Leftovers\n|upkeep\n|turn|7\n|\n|t:|1683764212\n|move|p2a: Oricorio|Revelation Dance|p1a: Wo-Chien\n|-supereffective|p1a: Wo-Chien\n|-damage|p1a: Wo-Chien|0 fnt\n|faint|p1a: Wo-Chien\n|\n|win|Tu oponente\n|raw|Roopydoopy's rating: 1038 → 1028<\/strong> (-10 for losing)\n|raw|Tu oponente's rating: 1158 → 1175<\/strong> (+17 for winning)\n","uploadtime":1683764221,"views":5,"p1id":"roopydoopy","p2id":"tuoponente","formatid":"gen9vgc2023regulationc","rating":1028,"private":0,"password":""}