{"id":"gen9vgc2023regulationc-1860187225","p1":"hell0ThereHi","p2":"Currymanpuff","format":"[Gen 9] VGC 2023 Regulation C","log":"|j|\u2606hell0ThereHi\n|j|\u2606Currymanpuff\n|t:|1683606850\n|gametype|doubles\n|player|p1|hell0ThereHi|acetrainer-gen7|1296\n|player|p2|Currymanpuff|102|1280\n|teamsize|p1|6\n|teamsize|p2|6\n|gen|9\n|tier|[Gen 9] VGC 2023 Regulation C\n|rated|\n|rule|Species Clause: Limit one of each Pok\u00e9mon\n|rule|Item Clause: Limit one of each item\n|clearpoke\n|poke|p1|Garganacl, L50, F|\n|poke|p1|Tatsugiri, L50, F|\n|poke|p1|Dondozo, L50, F|\n|poke|p1|Flamigo, L50, M|\n|poke|p1|Sylveon, L50, F|\n|poke|p1|Electrode, L50|\n|poke|p2|Wo-Chien, L50|\n|poke|p2|Glimmora, L50, F|\n|poke|p2|Scream Tail, L50|\n|poke|p2|Palafin, L50, F|\n|poke|p2|Talonflame, L50, F|\n|poke|p2|Garchomp, L50, F|\n|teampreview|4\n|inactive|Battle timer is ON: inactive players will automatically lose when time's up. (requested by hell0ThereHi)\nhell0ThereHi rejected open team sheets.\n|\n|t:|1683606872\n|start\n|switch|p1a: Garganacl|Garganacl, L50, F|100\/100\n|switch|p1b: Tatsugiri|Tatsugiri, L50, F|100\/100\n|switch|p2a: Palafin|Palafin, L50, F|100\/100\n|switch|p2b: Scream Tail|Scream Tail, L50|100\/100\n|-enditem|p2b: Scream Tail|Booster Energy\n|-activate|p2b: Scream Tail|ability: Protosynthesis|[fromitem]\n|-start|p2b: Scream Tail|protosynthesisspe\n|turn|1\n|\n|t:|1683606891\n|detailschange|p2a: Palafin|Palafin-Hero, L50, F\n|switch|p2a: Glimmora|Glimmora, L50, F|100\/100\n|move|p1b: Tatsugiri|Endure|p1b: Tatsugiri\n|-singleturn|p1b: Tatsugiri|move: Endure\n|move|p2b: Scream Tail|Dazzling Gleam|p1a: Garganacl|[spread] p1a,p1b\n|-supereffective|p1b: Tatsugiri\n|-damage|p1a: Garganacl|89\/100\n|-damage|p1b: Tatsugiri|49\/100\n|move|p1a: Garganacl|Explosion|p2b: Scream Tail|[spread] p1b,p2a,p2b\n|-resisted|p2a: Glimmora\n|-activate|p1b: Tatsugiri|move: Endure\n|-damage|p1b: Tatsugiri|1\/100\n|-damage|p2a: Glimmora|77\/100\n|-damage|p2b: Scream Tail|62\/100\n|-activate|p2a: Glimmora|ability: Toxic Debris\n|-sidestart|p1: hell0ThereHi|move: Toxic Spikes\n|faint|p1a: Garganacl\n|\n|-status|p1b: Tatsugiri|tox|[from] item: Toxic Orb\n|upkeep\n|\n|t:|1683606907\n|switch|p1a: Dondozo|Dondozo, L50, F|100\/100\n|-activate|p1b: Tatsugiri|ability: Commander|[of] p1a: Dondozo\n|-boost|p1a: Dondozo|atk|2\n|-boost|p1a: Dondozo|spa|2\n|-boost|p1a: Dondozo|spe|2\n|-boost|p1a: Dondozo|def|2\n|-boost|p1a: Dondozo|spd|2\n|-status|p1a: Dondozo|psn\n|turn|2\n|inactive|Currymanpuff has 30 seconds left.\n|\n|t:|1683606938\n|-terastallize|p2a: Glimmora|Grass\n|move|p2a: Glimmora|Sludge Bomb|p1a: Dondozo\n|-damage|p1a: Dondozo|84\/100 psn\n|move|p1a: Dondozo|Wave Crash|p2a: Glimmora\n|-resisted|p2a: Glimmora\n|-damage|p2a: Glimmora|17\/100\n|-activate|p2a: Glimmora|ability: Toxic Debris\n|-sidestart|p1: hell0ThereHi|move: Toxic Spikes\n|-damage|p1a: Dondozo|70\/100 psn|[from] Recoil\n|move|p2b: Scream Tail|Trick Room|p2b: Scream Tail\n|-fieldstart|move: Trick Room|[of] p2b: Scream Tail\n|\n|-damage|p1a: Dondozo|58\/100 psn|[from] psn\n|-damage|p1b: Tatsugiri|0 fnt|[from] psn\n|faint|p1b: Tatsugiri\n|upkeep\n|\n|t:|1683606949\n|switch|p1b: Sylveon|Sylveon, L50, F|100\/100\n|-status|p1b: Sylveon|tox\n|turn|3\n|\n|t:|1683606964\n|move|p1b: Sylveon|Psych Up|p1a: Dondozo\n|-copyboost|p1b: Sylveon|p1a: Dondozo|[from] move: Psych Up\n|move|p1a: Dondozo|Rock Slide|p2b: Scream Tail|[spread] p2a,p2b\n|-damage|p2a: Glimmora|0 fnt\n|-damage|p2b: Scream Tail|34\/100\n|faint|p2a: Glimmora\n|cant|p2b: Scream Tail|flinch\n|\n|-damage|p1a: Dondozo|45\/100 psn|[from] psn\n|-damage|p1b: Sylveon|95\/100 tox|[from] psn\n|upkeep\n|\n|t:|1683606972\n|switch|p2a: Palafin|Palafin-Hero, L50, F|100\/100\n|-activate|p2a: Palafin|ability: Zero to Hero\n|turn|4\n|\n|t:|1683606985\n|move|p1a: Dondozo|Order Up|p2a: Palafin\n|-damage|p2a: Palafin|50\/100\n|-boost|p1a: Dondozo|atk|1\n|move|p2a: Palafin|Haze|p2a: Palafin\n|-clearallboost\n|move|p1b: Sylveon|Hyper Voice|p2a: Palafin|[spread] p2a,p2b\n|-crit|p2a: Palafin\n|-damage|p2a: Palafin|0 fnt\n|-damage|p2b: Scream Tail|9\/100\n|faint|p2a: Palafin\n|move|p2b: Scream Tail|Trick Room|p2b: Scream Tail\n|-fieldend|move: Trick Room\n|\n|-damage|p1b: Sylveon|83\/100 tox|[from] psn\n|-damage|p1a: Dondozo|33\/100 psn|[from] psn\n|upkeep\n|\n|t:|1683606995\n|switch|p2a: Wo-Chien|Wo-Chien, L50|100\/100\n|-ability|p2a: Wo-Chien|Tablets of Ruin\n|turn|5\n|\n|t:|1683607011\n|move|p2b: Scream Tail|Disable|p1b: Sylveon\n|-start|p1b: Sylveon|Disable|Hyper Voice\n|move|p2a: Wo-Chien|Leech Seed|p1b: Sylveon\n|-start|p1b: Sylveon|move: Leech Seed\n|cant|p1b: Sylveon|Disable|Hyper Voice\n|move|p1a: Dondozo|Order Up|p2a: Wo-Chien\n|-damage|p2a: Wo-Chien|85\/100\n|-boost|p1a: Dondozo|atk|1\n|\n|-heal|p2a: Wo-Chien|91\/100|[from] item: Leftovers\n|-damage|p1b: Sylveon|70\/100 tox|[from] Leech Seed|[of] p2a: Wo-Chien\n|-heal|p2a: Wo-Chien|100\/100|[silent]\n|-damage|p1b: Sylveon|52\/100 tox|[from] psn\n|-damage|p1a: Dondozo|20\/100 psn|[from] psn\n|upkeep\n|turn|6\n|\n|t:|1683607026\n|-terastallize|p1b: Sylveon|Flying\n|move|p2b: Scream Tail|Encore|p1b: Sylveon\n|-start|p1b: Sylveon|Encore\n|move|p2a: Wo-Chien|Leech Seed|p1a: Dondozo\n|-start|p1a: Dondozo|move: Leech Seed\n|cant|p1b: Sylveon|Disable|Hyper Voice\n|move|p1a: Dondozo|Rock Slide|p2a: Wo-Chien|[spread] p2a,p2b\n|-damage|p2a: Wo-Chien|83\/100\n|-damage|p2b: Scream Tail|0 fnt\n|faint|p2b: Scream Tail\n|-end|p2b: Scream Tail|Protosynthesis|[silent]\n|\n|-heal|p2a: Wo-Chien|89\/100|[from] item: Leftovers\n|-damage|p1b: Sylveon|40\/100 tox|[from] Leech Seed|[of] p2a: Wo-Chien\n|-heal|p2a: Wo-Chien|100\/100|[silent]\n|-damage|p1a: Dondozo|8\/100 psn|[from] Leech Seed|[of] p2a: Wo-Chien\n|-damage|p1b: Sylveon|16\/100 tox|[from] psn\n|-damage|p1a: Dondozo|0 fnt|[from] psn\n|faint|p1a: Dondozo\n|upkeep\n|-enditem|p1b: Sylveon|Sitrus Berry|[eat]\n|-heal|p1b: Sylveon|41\/100 tox|[from] item: Sitrus Berry\n|turn|7\n|-message|hell0ThereHi forfeited.\n|\n|win|Currymanpuff\n|raw|hell0ThereHi's rating: 1296 → 1270<\/strong> (-26 for losing)\n|raw|Currymanpuff's rating: 1280 → 1306<\/strong> (+26 for winning)\n|l|\u2606hell0ThereHi\n","uploadtime":1683607045,"views":10,"p1id":"hell0therehi","p2id":"currymanpuff","formatid":"gen9vgc2023regulationc","rating":1270,"private":0,"password":""}