{"id":"gen9vgc2023regulationc-1858133056","p1":"bluezuzu","p2":"RazorSquid","format":"[Gen 9] VGC 2023 Regulation C","log":"|j|\u2606bluezuzu\n|j|\u2606RazorSquid\n|t:|1683281010\n|gametype|doubles\n|player|p1|bluezuzu|102|1193\n|player|p2|RazorSquid|roughneck-gen4|1121\n|teamsize|p1|6\n|teamsize|p2|6\n|gen|9\n|tier|[Gen 9] VGC 2023 Regulation C\n|rated|\n|rule|Species Clause: Limit one of each Pok\u00e9mon\n|rule|Item Clause: Limit one of each item\n|clearpoke\n|poke|p1|Tyranitar, L50, M|\n|poke|p1|Gastrodon, L50, M|\n|poke|p1|Scizor, L50, M|\n|poke|p1|Arcanine, L50, M|\n|poke|p1|Magnezone, L50|\n|poke|p1|Sylveon, L50, F|\n|poke|p2|Iron Bundle, L50|\n|poke|p2|Vivillon, L50, M|\n|poke|p2|Abomasnow, L50, F|\n|poke|p2|Annihilape, L50, M|\n|poke|p2|Chien-Pao, L50|\n|poke|p2|Ting-Lu, L50|\n|teampreview|4\n|inactive|Battle timer is ON: inactive players will automatically lose when time's up. (requested by RazorSquid)\n|\n|t:|1683281030\n|start\n|switch|p1a: Scizor|Scizor, L50, M|100\/100\n|switch|p1b: Arcanine|Arcanine, L50, M|100\/100\n|switch|p2a: Annihilape|Annihilape, L50, M|100\/100\n|switch|p2b: Ting-Lu|Ting-Lu, L50|100\/100\n|-ability|p1b: Arcanine|Intimidate|boost\n|-unboost|p2a: Annihilape|atk|1\n|-ability|p2a: Annihilape|Defiant|boost\n|-boost|p2a: Annihilape|atk|2\n|-unboost|p2b: Ting-Lu|atk|1\n|-ability|p2b: Ting-Lu|Vessel of Ruin\n|turn|1\n|inactive|bluezuzu has 30 seconds left.\n|inactive|RazorSquid has 30 seconds left.\n|\n|t:|1683281060\n|move|p1b: Arcanine|Protect|p1b: Arcanine\n|-singleturn|p1b: Arcanine|Protect\n|move|p2a: Annihilape|Drain Punch|p1a: Scizor\n|-damage|p1a: Scizor|53\/100\n|move|p1a: Scizor|Tailwind|p1a: Scizor\n|-sidestart|p1: bluezuzu|move: Tailwind\n|move|p2b: Ting-Lu|Rock Slide|p1a: Scizor|[spread] p1a\n|-activate|p1b: Arcanine|move: Protect\n|-damage|p1a: Scizor|33\/100\n|\n|upkeep\n|turn|2\n|inactive|bluezuzu has 30 seconds left.\n|\n|t:|1683281090\n|switch|p2b: Vivillon|Vivillon, L50, M|100\/100\n|move|p1b: Arcanine|Will-O-Wisp|p2a: Annihilape\n|-status|p2a: Annihilape|brn\n|move|p1a: Scizor|X-Scissor|p2b: Vivillon\n|-resisted|p2b: Vivillon\n|-damage|p2b: Vivillon|58\/100\n|move|p2a: Annihilape|Drain Punch|p1a: Scizor\n|-damage|p1a: Scizor|9\/100\n|\n|-damage|p2a: Annihilape|94\/100 brn|[from] brn\n|upkeep\n|turn|3\n|inactive|bluezuzu has 30 seconds left.\n|inactive|bluezuzu has 20 seconds left.\n|\n|t:|1683281126\n|switch|p1a: Sylveon|Sylveon, L50, F|100\/100\n|move|p1b: Arcanine|Heat Wave|p2a: Annihilape|[spread] p2a,p2b\n|-supereffective|p2b: Vivillon\n|-damage|p2a: Annihilape|78\/100 brn\n|-damage|p2b: Vivillon|0 fnt\n|faint|p2b: Vivillon\n|move|p2a: Annihilape|Drain Punch|p1a: Sylveon\n|-resisted|p1a: Sylveon\n|-damage|p1a: Sylveon|85\/100\n|-heal|p2a: Annihilape|85\/100 brn|[from] drain|[of] p1a: Sylveon\n|\n|-damage|p2a: Annihilape|79\/100 brn|[from] brn\n|upkeep\n|\n|t:|1683281135\n|switch|p2b: Chien-Pao|Chien-Pao, L50|100\/100\n|-ability|p2b: Chien-Pao|Sword of Ruin\n|turn|4\n|inactive|bluezuzu has 30 seconds left.\n|\n|t:|1683281168\n|-terastallize|p2b: Chien-Pao|Fire\n|move|p1b: Arcanine|Heat Wave|p2b: Chien-Pao|[spread] p2a,p2b\n|-resisted|p2b: Chien-Pao\n|-damage|p2a: Annihilape|52\/100 brn\n|-damage|p2b: Chien-Pao|84\/100\n|move|p2b: Chien-Pao|Ice Spinner|p1a: Sylveon\n|-damage|p1a: Sylveon|31\/100\n|move|p1a: Sylveon|Hyper Voice|p2a: Annihilape|[spread] p2a,p2b\n|-supereffective|p2a: Annihilape\n|-enditem|p2a: Annihilape|Roseli Berry|[eat]\n|-enditem|p2a: Annihilape|Roseli Berry|[weaken]\n|-resisted|p2b: Chien-Pao\n|-damage|p2a: Annihilape|18\/100 brn\n|-damage|p2b: Chien-Pao|58\/100\n|-enditem|p1a: Sylveon|Throat Spray\n|-boost|p1a: Sylveon|spa|1|[from] item: Throat Spray\n|move|p2a: Annihilape|Taunt|p1b: Arcanine\n|-start|p1b: Arcanine|move: Taunt\n|\n|-damage|p2a: Annihilape|12\/100 brn|[from] brn\n|-sideend|p1: bluezuzu|move: Tailwind\n|upkeep\n|turn|5\n|inactive|bluezuzu has 30 seconds left.\n|inactive|RazorSquid has 30 seconds left.\n|\n|t:|1683281199\n|switch|p1a: Tyranitar|Tyranitar, L50, M|100\/100\n|-weather|Sandstorm|[from] ability: Sand Stream|[of] p1a: Tyranitar\n|move|p2b: Chien-Pao|Ice Spinner|p1a: Tyranitar\n|-damage|p1a: Tyranitar|59\/100\n|move|p2a: Annihilape|Phantom Force||[still]\n|-prepare|p2a: Annihilape|Phantom Force\n|move|p1b: Arcanine|Heat Wave|p2a: Annihilape|[spread] p2b\n|-miss|p1b: Arcanine|p2a: Annihilape\n|-resisted|p2b: Chien-Pao\n|-damage|p2b: Chien-Pao|40\/100\n|-enditem|p2b: Chien-Pao|Sitrus Berry|[eat]\n|-heal|p2b: Chien-Pao|65\/100|[from] item: Sitrus Berry\n|\n|-weather|Sandstorm|[upkeep]\n|-damage|p2b: Chien-Pao|59\/100|[from] Sandstorm\n|-damage|p2a: Annihilape|6\/100 brn|[from] Sandstorm\n|-damage|p2a: Annihilape|0 fnt|[from] brn\n|faint|p2a: Annihilape\n|upkeep\n|\n|t:|1683281204\n|switch|p2a: Ting-Lu|Ting-Lu, L50|100\/100\n|-ability|p2a: Ting-Lu|Vessel of Ruin\n|turn|6\n|inactive|bluezuzu has 30 seconds left.\n|inactive|bluezuzu has 20 seconds left.\n|inactive|bluezuzu has 15 seconds left.\n|\n|t:|1683281244\n|move|p2b: Chien-Pao|Sucker Punch|p1b: Arcanine\n|-damage|p1b: Arcanine|56\/100\n|move|p1b: Arcanine|Heat Wave|p2a: Ting-Lu|[spread] p2a,p2b\n|-resisted|p2b: Chien-Pao\n|-damage|p2a: Ting-Lu|82\/100\n|-damage|p2b: Chien-Pao|46\/100\n|move|p1a: Tyranitar|Rock Slide|p2a: Ting-Lu|[spread] p2a,p2b\n|-resisted|p2a: Ting-Lu\n|-supereffective|p2b: Chien-Pao\n|-damage|p2a: Ting-Lu|67\/100\n|-damage|p2b: Chien-Pao|0 fnt\n|faint|p2b: Chien-Pao\n|move|p2a: Ting-Lu|Earthquake|p1a: Tyranitar|[spread] p1a,p1b\n|-supereffective|p1a: Tyranitar\n|-supereffective|p1b: Arcanine\n|-damage|p1a: Tyranitar|0 fnt\n|-damage|p1b: Arcanine|0 fnt\n|faint|p1a: Tyranitar\n|faint|p1b: Arcanine\n|\n|-weather|Sandstorm|[upkeep]\n|upkeep\n|\n|t:|1683281263\n|switch|p1b: Scizor|Scizor, L50, M|9\/100\n|switch|p1a: Sylveon|Sylveon, L50, F|31\/100\n|turn|7\n|\n|t:|1683281278\n|-terastallize|p1b: Scizor|Steel\n|move|p1a: Sylveon|Helping Hand|p1b: Scizor\n|-singleturn|p1b: Scizor|Helping Hand|[of] p1a: Sylveon\n|move|p1b: Scizor|Bullet Punch|p2a: Ting-Lu\n|-damage|p2a: Ting-Lu|27\/100\n|move|p2a: Ting-Lu|Earthquake|p1b: Scizor|[spread] p1a,p1b\n|-supereffective|p1b: Scizor\n|-damage|p1a: Sylveon|0 fnt\n|-damage|p1b: Scizor|0 fnt\n|faint|p1a: Sylveon\n|faint|p1b: Scizor\n|\n|win|RazorSquid\n|raw|bluezuzu's rating: 1193 → 1163<\/strong> (-30 for losing)\n|raw|RazorSquid's rating: 1121 → 1151<\/strong> (+30 for winning)\n","uploadtime":1683281292,"views":14,"p1id":"bluezuzu","p2id":"razorsquid","formatid":"gen9vgc2023regulationc","rating":1151,"private":0,"password":""}