{"id":"gen9vgc2023regulationc-1846103065","p1":"SirPinky","p2":"Loozariyus0","format":"[Gen 9] VGC 2023 Regulation C","log":"|j|\u2606SirPinky\n|j|\u2606Loozariyus0\n|t:|1681806701\n|gametype|doubles\n|player|p1|SirPinky|rosa|1365\n|player|p2|Loozariyus0|lance|1380\n|teamsize|p1|6\n|teamsize|p2|6\n|gen|9\n|tier|[Gen 9] VGC 2023 Regulation C\n|rated|\n|rule|Species Clause: Limit one of each Pok\u00e9mon\n|rule|Item Clause: Limit one of each item\n|clearpoke\n|poke|p1|Iron Hands, L50|\n|poke|p1|Palafin, L50, M|\n|poke|p1|Amoonguss, L50, F|\n|poke|p1|Ting-Lu, L50|\n|poke|p1|Arcanine, L50, M|\n|poke|p1|Flutter Mane, L50|\n|poke|p2|Gyarados, L50, F|\n|poke|p2|Flutter Mane, L50|\n|poke|p2|Baxcalibur, L50, M|\n|poke|p2|Ting-Lu, L50|\n|poke|p2|Chi-Yu, L50|\n|poke|p2|Amoonguss, L50, M|\n|teampreview|4\n|inactive|Battle timer is ON: inactive players will automatically lose when time's up. (requested by Loozariyus0)\nLoozariyus0 has agreed to open team sheets.\nSirPinky rejected open team sheets.\n|c|\u2606Loozariyus0|Really?\n|j| UltimoRyu\n|c|\u2606Loozariyus0|Wow ok\n|inactive|SirPinky has 60 seconds left.\n|c|\u2606Loozariyus0|Like, just dont press anything\n|\n|t:|1681806777\n|start\n|switch|p1a: Palafin|Palafin, L50, M|100\/100\n|switch|p1b: Ting-Lu|Ting-Lu, L50|100\/100\n|switch|p2a: Gyarados|Gyarados, L50, F|100\/100\n|switch|p2b: Amoonguss|Amoonguss, L50, M, shiny|100\/100\n|-ability|p2a: Gyarados|Intimidate|boost\n|-unboost|p1a: Palafin|atk|1\n|-unboost|p1b: Ting-Lu|atk|1\n|-ability|p1b: Ting-Lu|Vessel of Ruin\n|turn|1\n|c|\u2606SirPinky|why you so mad about it lol\n|c|\u2606Loozariyus0|Im not, just weird\n|inactive|SirPinky has 30 seconds left.\n|\n|t:|1681806811\n|detailschange|p1a: Palafin|Palafin-Hero, L50, M\n|switch|p1a: Iron Hands|Iron Hands, L50|100\/100\n|switch|p1b: Amoonguss|Amoonguss, L50, F|100\/100\n|move|p2a: Gyarados|Thunder Wave|p1a: Iron Hands\n|-immune|p1a: Iron Hands\n|move|p2b: Amoonguss|Spore|p1b: Amoonguss\n|-immune|p1b: Amoonguss\n|\n|upkeep\n|turn|2\n|inactive|SirPinky has 30 seconds left.\n|inactive|SirPinky has 20 seconds left.\n|\n|t:|1681806847\n|move|p2a: Gyarados|Taunt|p1b: Amoonguss\n|-start|p1b: Amoonguss|move: Taunt\n|move|p1a: Iron Hands|Swords Dance|p1a: Iron Hands\n|-boost|p1a: Iron Hands|atk|2\n|cant|p1b: Amoonguss|move: Taunt|Spore\n|move|p2b: Amoonguss|Spore|p1a: Iron Hands\n|-activate|p1a: Iron Hands|item: Safety Goggles|Spore\n|\n|upkeep\n|turn|3\n|inactive|SirPinky has 30 seconds left.\n|inactive|Loozariyus0 has 30 seconds left.\n|\n|t:|1681806880\n|switch|p2b: Chi-Yu|Chi-Yu, L50|100\/100\n|-ability|p2b: Chi-Yu|Beads of Ruin\n|move|p2a: Gyarados|Protect|p2a: Gyarados\n|-singleturn|p2a: Gyarados|Protect\n|move|p1a: Iron Hands|Thunder Punch|p2a: Gyarados\n|-activate|p2a: Gyarados|move: Protect\n|move|p1b: Amoonguss|Pollen Puff|p2b: Chi-Yu\n|-damage|p2b: Chi-Yu|78\/100\n|\n|upkeep\n|turn|4\n|inactive|SirPinky has 30 seconds left.\n|\n|t:|1681806914\n|switch|p2a: Amoonguss|Amoonguss, L50, M, shiny|100\/100\n|switch|p1b: Ting-Lu|Ting-Lu, L50|100\/100\n|-ability|p1b: Ting-Lu|Vessel of Ruin\n|move|p2b: Chi-Yu|Protect|p2b: Chi-Yu\n|-singleturn|p2b: Chi-Yu|Protect\n|move|p1a: Iron Hands|Thunder Punch|p2a: Amoonguss\n|-resisted|p2a: Amoonguss\n|-damage|p2a: Amoonguss|64\/100\n|\n|upkeep\n|turn|5\n|inactive|SirPinky has 30 seconds left.\n|\n|t:|1681806947\n|switch|p2b: Gyarados|Gyarados, L50, F|100\/100\n|-ability|p2b: Gyarados|Intimidate|boost\n|-unboost|p1a: Iron Hands|atk|1\n|-unboost|p1b: Ting-Lu|atk|1\n|move|p1a: Iron Hands|Thunder Punch|p2b: Gyarados\n|-supereffective|p2b: Gyarados\n|-crit|p2b: Gyarados\n|-damage|p2b: Gyarados|0 fnt\n|faint|p2b: Gyarados\n|move|p1b: Ting-Lu|Stomping Tantrum|p2a: Amoonguss\n|-damage|p2a: Amoonguss|45\/100\n|-enditem|p2a: Amoonguss|Sitrus Berry|[eat]\n|-heal|p2a: Amoonguss|70\/100|[from] item: Sitrus Berry\n|move|p2a: Amoonguss|Spore|p1b: Ting-Lu\n|-status|p1b: Ting-Lu|slp|[from] move: Spore\n|\n|upkeep\n|\n|t:|1681806970\n|switch|p2b: Baxcalibur|Baxcalibur, L50, M|100\/100\n|turn|6\n|\n|t:|1681806982\n|switch|p1b: Amoonguss|Amoonguss, L50, F|100\/100\n|switch|p2a: Chi-Yu|Chi-Yu, L50|78\/100\n|-ability|p2a: Chi-Yu|Beads of Ruin\n|-terastallize|p2b: Baxcalibur|Water\n|move|p2b: Baxcalibur|Icicle Crash|p1a: Iron Hands\n|-damage|p1a: Iron Hands|67\/100\n|move|p1a: Iron Hands|Drain Punch|p2b: Baxcalibur\n|-damage|p2b: Baxcalibur|37\/100\n|-heal|p1a: Iron Hands|93\/100|[from] drain|[of] p2b: Baxcalibur\n|\n|upkeep\n|turn|7\n|inactive|SirPinky has 30 seconds left.\n|inactive|Loozariyus0 has 30 seconds left.\n|inactive|SirPinky has 20 seconds left.\n|\n|t:|1681807022\n|switch|p1b: Palafin|Palafin-Hero, L50, M|100\/100\n|-activate|p1b: Palafin|ability: Zero to Hero\n|-terastallize|p1a: Iron Hands|Fire\n|move|p2a: Chi-Yu|Heat Wave|p1b: Palafin|[spread] p1a\n|-miss|p2a: Chi-Yu|p1b: Palafin\n|-resisted|p1a: Iron Hands\n|-damage|p1a: Iron Hands|66\/100\n|-damage|p2a: Chi-Yu|69\/100|[from] item: Life Orb\n|move|p2b: Baxcalibur|Icicle Crash|p1a: Iron Hands\n|-resisted|p1a: Iron Hands\n|-damage|p1a: Iron Hands|50\/100\n|move|p1a: Iron Hands|Thunder Punch|p2b: Baxcalibur\n|-supereffective|p2b: Baxcalibur\n|-damage|p2b: Baxcalibur|0 fnt\n|faint|p2b: Baxcalibur\n|\n|upkeep\n|inactive|Loozariyus0 has 30 seconds left.\n|c|\u2606Loozariyus0|And its over. Enjoy your best of 1 gimmic man.\n|inactive|Loozariyus0 has 20 seconds left.\n|-message|Loozariyus0 forfeited.\n|\n|win|SirPinky\n|raw|SirPinky's rating: 1365 → 1386<\/strong> (+21 for winning)\n|raw|Loozariyus0's rating: 1380 → 1359<\/strong> (-21 for losing)\n|l|\u2606Loozariyus0\n","uploadtime":1681807074,"views":12,"p1id":"sirpinky","p2id":"loozariyus0","formatid":"gen9vgc2023regulationc","rating":1359,"private":0,"password":""}