{"id":"gen9vgc2023regulationc-1848193920","p1":"cornspace","p2":"SoggyWaffles35","format":"[Gen 9] VGC 2023 Regulation C","log":"|j|\u2606cornspace\n|j|\u2606SoggyWaffles35\n|t:|1682040874\n|gametype|doubles\n|player|p1|cornspace|gambler|1136\n|player|p2|SoggyWaffles35|265|1187\n|teamsize|p1|6\n|teamsize|p2|6\n|gen|9\n|tier|[Gen 9] VGC 2023 Regulation C\n|rated|\n|rule|Species Clause: Limit one of each Pok\u00e9mon\n|rule|Item Clause: Limit one of each item\n|clearpoke\n|poke|p1|Dragapult, L50, M|\n|poke|p1|Indeedee-F, L50, F|\n|poke|p1|Palafin, L50, M|\n|poke|p1|Iron Hands, L50|\n|poke|p1|Kingambit, L50, M|\n|poke|p1|Armarouge, L50, F|\n|poke|p2|Orthworm, L50, F|\n|poke|p2|Ting-Lu, L50|\n|poke|p2|Chien-Pao, L50|\n|poke|p2|Dragonite, L50, M|\n|poke|p2|Gyarados, L50, M|\n|poke|p2|Flutter Mane, L50|\n|teampreview|4\nSoggyWaffles35 has agreed to open team sheets.\n|\n|t:|1682040927\n|start\n|switch|p1a: Palafin|Palafin, L50, M|100\/100\n|switch|p1b: Dragapult|Dragapult, L50, M|100\/100\n|switch|p2a: Orthworm|Orthworm, L50, F|100\/100\n|switch|p2b: Ting-Lu|Ting-Lu, L50|100\/100\n|-ability|p2b: Ting-Lu|Vessel of Ruin\n|turn|1\n|inactive|Battle timer is ON: inactive players will automatically lose when time's up. (requested by cornspace)\n|\n|t:|1682040994\n|-terastallize|p1b: Dragapult|Fighting\n|-terastallize|p2a: Orthworm|Fire\n|move|p1b: Dragapult|Tera Blast|p2b: Ting-Lu\n|-supereffective|p2b: Ting-Lu\n|-damage|p2b: Ting-Lu|31\/100\n|move|p1a: Palafin|Flip Turn|p2b: Ting-Lu\n|-supereffective|p2b: Ting-Lu\n|-damage|p2b: Ting-Lu|8\/100\n|\n|t:|1682041007\n|detailschange|p1a: Palafin|Palafin-Hero, L50, M\n|switch|p1a: Iron Hands|Iron Hands, L50|100\/100|[from] Flip Turn\n|move|p2a: Orthworm|Iron Defense|p2a: Orthworm\n|-boost|p2a: Orthworm|def|2\n|move|p2b: Ting-Lu|Payback|p1b: Dragapult\n|-resisted|p1b: Dragapult\n|-damage|p1b: Dragapult|66\/100\n|\n|upkeep\n|turn|2\n|inactive|SoggyWaffles35 has 30 seconds left.\n|inactive|SoggyWaffles35 has 20 seconds left.\n|inactive|SoggyWaffles35 has 15 seconds left.\n|inactive|SoggyWaffles35 has 10 seconds left.\n|\n|t:|1682041056\n|move|p1a: Iron Hands|Fake Out|p2b: Ting-Lu\n|-damage|p2b: Ting-Lu|0 fnt\n|faint|p2b: Ting-Lu\n|move|p1b: Dragapult|Tera Blast|p2a: Orthworm\n|-damage|p2a: Orthworm|81\/100\n|move|p2a: Orthworm|Body Press|p1b: Dragapult\n|-damage|p1b: Dragapult|0 fnt\n|faint|p1b: Dragapult\n|\n|upkeep\n|\n|t:|1682041072\n|switch|p1b: Palafin|Palafin-Hero, L50, M|100\/100\n|switch|p2b: Chien-Pao|Chien-Pao, L50|100\/100\n|-ability|p2b: Chien-Pao|Sword of Ruin\n|-activate|p1b: Palafin|ability: Zero to Hero\n|turn|3\n|\n|t:|1682041084\n|switch|p1b: Kingambit|Kingambit, L50, M|100\/100\n|switch|p2a: Dragonite|Dragonite, L50, M|100\/100\n|move|p2b: Chien-Pao|Protect|p2b: Chien-Pao\n|-singleturn|p2b: Chien-Pao|Protect\n|move|p1a: Iron Hands|Drain Punch|p2b: Chien-Pao\n|-activate|p2b: Chien-Pao|move: Protect\n|\n|upkeep\n|turn|4\n|inactive|cornspace has 30 seconds left.\n|\n|t:|1682041112\n|switch|p2b: Orthworm|Orthworm, L50, F, tera:Fire|81\/100\n|move|p1b: Kingambit|Sucker Punch|p2a: Dragonite\n|-damage|p2a: Dragonite|80\/100\n|move|p2a: Dragonite|Earthquake|p1b: Kingambit|[spread] p1a,p1b\n|-heal|p2b: Orthworm|100\/100|[from] ability: Earth Eater|[of] p2a: Dragonite\n|-supereffective|p1a: Iron Hands\n|-supereffective|p1b: Kingambit\n|-damage|p1a: Iron Hands|61\/100\n|-damage|p1b: Kingambit|58\/100\n|move|p1a: Iron Hands|Drain Punch|p2b: Orthworm\n|-damage|p2b: Orthworm|74\/100\n|-heal|p1a: Iron Hands|71\/100|[from] drain|[of] p2b: Orthworm\n|\n|-heal|p1a: Iron Hands|77\/100|[from] item: Leftovers\n|upkeep\n|turn|5\n|inactive|cornspace has 30 seconds left.\n|\n|t:|1682041146\n|switch|p1b: Palafin|Palafin-Hero, L50, M|100\/100\n|move|p2a: Dragonite|Dragon Dance|p2a: Dragonite\n|-boost|p2a: Dragonite|atk|1\n|-boost|p2a: Dragonite|spe|1\n|move|p2b: Orthworm|Body Press|p1b: Palafin\n|-damage|p1b: Palafin|73\/100\n|move|p1a: Iron Hands|Thunder Punch|p2a: Dragonite\n|-damage|p2a: Dragonite|34\/100\n|\n|-heal|p1a: Iron Hands|84\/100|[from] item: Leftovers\n|upkeep\n|turn|6\n|inactive|cornspace has 30 seconds left.\n|inactive|SoggyWaffles35 has 30 seconds left.\n|inactive|SoggyWaffles35 has 20 seconds left.\n|inactive|SoggyWaffles35 has 15 seconds left.\n|inactive|SoggyWaffles35 has 10 seconds left.\n|inactive|SoggyWaffles35 has 5 seconds left.\n|\n|t:|1682041199\n|move|p1a: Iron Hands|Protect|p1a: Iron Hands\n|-singleturn|p1a: Iron Hands|Protect\n|move|p2a: Dragonite|Earthquake|p1a: Iron Hands|[spread] p1b\n|-activate|p1a: Iron Hands|move: Protect\n|-heal|p2b: Orthworm|99\/100|[from] ability: Earth Eater|[of] p2a: Dragonite\n|-damage|p1b: Palafin|42\/100\n|move|p1b: Palafin|Flip Turn|p2b: Orthworm\n|-supereffective|p2b: Orthworm\n|-damage|p2b: Orthworm|50\/100\n|-enditem|p2b: Orthworm|Sitrus Berry|[eat]\n|-heal|p2b: Orthworm|75\/100|[from] item: Sitrus Berry\n|\n|t:|1682041211\n|switch|p1b: Kingambit|Kingambit, L50, M|58\/100|[from] Flip Turn\n|move|p2b: Orthworm|Body Press|p1b: Kingambit\n|-supereffective|p1b: Kingambit\n|-damage|p1b: Kingambit|0 fnt\n|faint|p1b: Kingambit\n|\n|-heal|p1a: Iron Hands|90\/100|[from] item: Leftovers\n|upkeep\n|\n|t:|1682041219\n|switch|p1b: Palafin|Palafin-Hero, L50, M|42\/100\n|turn|7\n|c|\u2606cornspace|gg\n|inactive|SoggyWaffles35 has 30 seconds left.\n|\n|t:|1682041249\n|move|p1b: Palafin|Jet Punch|p2b: Orthworm\n|-supereffective|p2b: Orthworm\n|-damage|p2b: Orthworm|22\/100\n|move|p2a: Dragonite|Earthquake|p1b: Palafin|[spread] p1a,p1b\n|-heal|p2b: Orthworm|47\/100|[from] ability: Earth Eater|[of] p2a: Dragonite\n|-supereffective|p1a: Iron Hands\n|-damage|p1a: Iron Hands|35\/100\n|-damage|p1b: Palafin|10\/100\n|move|p2b: Orthworm|Body Press|p1a: Iron Hands\n|-crit|p1a: Iron Hands\n|-damage|p1a: Iron Hands|1\/100\n|move|p1a: Iron Hands|Thunder Punch|p2a: Dragonite\n|-damage|p2a: Dragonite|0 fnt\n|faint|p2a: Dragonite\n|\n|-heal|p1a: Iron Hands|7\/100|[from] item: Leftovers\n|upkeep\n|\n|t:|1682041263\n|switch|p2a: Chien-Pao|Chien-Pao, L50|100\/100\n|-ability|p2a: Chien-Pao|Sword of Ruin\n|turn|8\n|\n|t:|1682041280\n|move|p1a: Iron Hands|Protect|p1a: Iron Hands\n|-singleturn|p1a: Iron Hands|Protect\n|move|p2a: Chien-Pao|Ice Spinner|p1b: Palafin\n|-resisted|p1b: Palafin\n|-damage|p1b: Palafin|0 fnt\n|faint|p1b: Palafin\n|move|p2b: Orthworm|Body Press|p1a: Iron Hands\n|-activate|p1a: Iron Hands|move: Protect\n|\n|-heal|p1a: Iron Hands|13\/100|[from] item: Leftovers\n|upkeep\n|turn|9\n|\n|t:|1682041289\n|move|p1a: Iron Hands|Protect|p1a: Iron Hands\n|-singleturn|p1a: Iron Hands|Protect\n|move|p2a: Chien-Pao|Ice Spinner|p1a: Iron Hands\n|-activate|p1a: Iron Hands|move: Protect\n|move|p2b: Orthworm|Heavy Slam|p1a: Iron Hands\n|-activate|p1a: Iron Hands|move: Protect\n|\n|-heal|p1a: Iron Hands|19\/100|[from] item: Leftovers\n|upkeep\n|turn|10\n|\n|t:|1682041299\n|move|p1a: Iron Hands|Protect||[still]\n|-fail|p1a: Iron Hands\n|move|p2a: Chien-Pao|Ice Spinner|p1a: Iron Hands\n|-damage|p1a: Iron Hands|0 fnt\n|faint|p1a: Iron Hands\n|-end|p1a: Iron Hands|Quark Drive|[silent]\n|\n|win|SoggyWaffles35\n|raw|cornspace's rating: 1136 → 1115<\/strong> (-21 for losing)\n|raw|SoggyWaffles35's rating: 1187 → 1208<\/strong> (+21 for winning)\n|c|\u2606SoggyWaffles35|gg\n","uploadtime":1682041308,"views":11,"p1id":"cornspace","p2id":"soggywaffles35","formatid":"gen9vgc2023regulationc","rating":1115,"private":0,"password":""}