{"id":"gen9vgc2023regulationc-1856533175","p1":"IxLAMPxI","p2":"XArtificeGodZ","format":"[Gen 9] VGC 2023 Regulation C","log":"|j|\u2606IxLAMPxI\n|j|\u2606XArtificeGodZ\n|t:|1683072527\n|gametype|doubles\n|player|p1|IxLAMPxI|backpacker|1170\n|player|p2|XArtificeGodZ|170|1193\n|teamsize|p1|6\n|teamsize|p2|6\n|gen|9\n|tier|[Gen 9] VGC 2023 Regulation C\n|rated|\n|rule|Species Clause: Limit one of each Pok\u00e9mon\n|rule|Item Clause: Limit one of each item\n|clearpoke\n|poke|p1|Ting-Lu, L50|\n|poke|p1|Abomasnow, L50, F|\n|poke|p1|Iron Bundle, L50|\n|poke|p1|Vivillon-Ocean, L50, F|\n|poke|p1|Bronzong, L50|\n|poke|p1|Rotom-Heat, L50|\n|poke|p2|Great Tusk, L50|\n|poke|p2|Flutter Mane, L50|\n|poke|p2|Ting-Lu, L50|\n|poke|p2|Amoonguss, L50, F|\n|poke|p2|Arcanine, L50, M|\n|poke|p2|Dragonite, L50, M|\n|teampreview|4\n|inactive|Battle timer is ON: inactive players will automatically lose when time's up. (requested by XArtificeGodZ)\n|\n|t:|1683072572\n|start\n|switch|p1a: Abomasnow|Abomasnow, L50, F, shiny|100\/100\n|switch|p1b: Iron Bundle|Iron Bundle, L50|100\/100\n|switch|p2a: Ting-Lu|Ting-Lu, L50|100\/100\n|switch|p2b: Arcanine|Arcanine, L50, M|100\/100\n|-ability|p2b: Arcanine|Intimidate|boost\n|-unboost|p1a: Abomasnow|atk|1\n|-unboost|p1b: Iron Bundle|atk|1\n|-weather|Snow|[from] ability: Snow Warning|[of] p1a: Abomasnow\n|-ability|p2a: Ting-Lu|Vessel of Ruin\n|-enditem|p1b: Iron Bundle|Booster Energy\n|-activate|p1b: Iron Bundle|ability: Quark Drive|[fromitem]\n|-start|p1b: Iron Bundle|quarkdrivespe\n|turn|1\n|inactive|IxLAMPxI has 30 seconds left.\n|\n|t:|1683072607\n|move|p2b: Arcanine|Protect|p2b: Arcanine\n|-singleturn|p2b: Arcanine|Protect\n|move|p1b: Iron Bundle|Aurora Veil|p1b: Iron Bundle\n|-sidestart|p1: IxLAMPxI|move: Aurora Veil\n|move|p1a: Abomasnow|Blizzard|p2b: Arcanine|[spread] p2a\n|-activate|p2b: Arcanine|move: Protect\n|-supereffective|p2a: Ting-Lu\n|-crit|p2a: Ting-Lu\n|-damage|p2a: Ting-Lu|63\/100\n|move|p2a: Ting-Lu|Ruination|p1b: Iron Bundle\n|-damage|p1b: Iron Bundle|51\/100\n|\n|-weather|Snow|[upkeep]\n|upkeep\n|turn|2\n|inactive|XArtificeGodZ has 30 seconds left.\n|inactive|XArtificeGodZ has 20 seconds left.\n|inactive|XArtificeGodZ has 15 seconds left.\n|inactive|XArtificeGodZ has 10 seconds left.\n|\n|t:|1683072653\n|move|p1b: Iron Bundle|Blizzard|p2a: Ting-Lu|[spread] p2a,p2b\n|-supereffective|p2a: Ting-Lu\n|-resisted|p2b: Arcanine\n|-damage|p2a: Ting-Lu|35\/100\n|-damage|p2b: Arcanine|86\/100\n|move|p2b: Arcanine|Flare Blitz|p1a: Abomasnow\n|-supereffective|p1a: Abomasnow\n|-damage|p1a: Abomasnow|3\/100\n|-enditem|p1a: Abomasnow|Weakness Policy\n|-boost|p1a: Abomasnow|atk|2|[from] item: Weakness Policy\n|-boost|p1a: Abomasnow|spa|2|[from] item: Weakness Policy\n|-damage|p2b: Arcanine|55\/100|[from] Recoil\n|move|p1a: Abomasnow|Blizzard|p2b: Arcanine|[spread] p2a,p2b\n|-supereffective|p2a: Ting-Lu\n|-resisted|p2b: Arcanine\n|-crit|p2b: Arcanine\n|-damage|p2a: Ting-Lu|0 fnt\n|-damage|p2b: Arcanine|20\/100\n|faint|p2a: Ting-Lu\n|\n|-weather|Snow|[upkeep]\n|upkeep\n|\n|t:|1683072666\n|switch|p2a: Flutter Mane|Flutter Mane, L50|100\/100\n|turn|3\n|\n|t:|1683072683\n|move|p1a: Abomasnow|Protect|p1a: Abomasnow\n|-singleturn|p1a: Abomasnow|Protect\n|move|p2b: Arcanine|Extreme Speed|p1a: Abomasnow\n|-activate|p1a: Abomasnow|move: Protect\n|move|p1b: Iron Bundle|Blizzard|p2a: Flutter Mane|[spread] p2a,p2b\n|-resisted|p2b: Arcanine\n|-damage|p2a: Flutter Mane|63\/100\n|-damage|p2b: Arcanine|4\/100\n|move|p2a: Flutter Mane|Moonblast|p1b: Iron Bundle\n|-damage|p1b: Iron Bundle|0 fnt\n|faint|p1b: Iron Bundle\n|-end|p1b: Iron Bundle|Quark Drive|[silent]\n|\n|-weather|Snow|[upkeep]\n|upkeep\n|inactive|IxLAMPxI has 30 seconds left.\n|\n|t:|1683072710\n|switch|p1b: Rotom|Rotom-Heat, L50|100\/100\n|turn|4\n|\n|t:|1683072723\n|-end|p2a: Flutter Mane|Protosynthesis|[silent]\n|switch|p2a: Great Tusk|Great Tusk, L50|100\/100\n|move|p2b: Arcanine|Extreme Speed|p1a: Abomasnow\n|-damage|p1a: Abomasnow|0 fnt\n|faint|p1a: Abomasnow\n|move|p1b: Rotom|Shadow Ball|p2a: Great Tusk\n|-damage|p2a: Great Tusk|41\/100\n|\n|-weather|Snow|[upkeep]\n|upkeep\n|\n|t:|1683072733\n|switch|p1a: Ting-Lu|Ting-Lu, L50|100\/100\n|-ability|p1a: Ting-Lu|Vessel of Ruin\n|turn|5\n|\n|t:|1683072749\n|-terastallize|p1a: Ting-Lu|Ground\n|move|p2b: Arcanine|Protect|p2b: Arcanine\n|-singleturn|p2b: Arcanine|Protect\n|move|p2a: Great Tusk|Close Combat|p1a: Ting-Lu\n|-damage|p1a: Ting-Lu|70\/100\n|-unboost|p2a: Great Tusk|def|1\n|-unboost|p2a: Great Tusk|spd|1\n|move|p1b: Rotom|Shadow Ball|p2a: Great Tusk\n|-damage|p2a: Great Tusk|0 fnt\n|faint|p2a: Great Tusk\n|-end|p2a: Great Tusk|Protosynthesis|[silent]\n|move|p1a: Ting-Lu|Earthquake|p2b: Arcanine|[spread] \n|-activate|p2b: Arcanine|move: Protect\n|-immune|p1b: Rotom|[from] ability: Levitate\n|\n|-weather|none\n|-sideend|p1: IxLAMPxI|move: Aurora Veil\n|upkeep\n|\n|t:|1683072756\n|switch|p2a: Flutter Mane|Flutter Mane, L50|63\/100\n|turn|6\n|\n|t:|1683072768\n|-terastallize|p2a: Flutter Mane|Fairy\n|move|p2b: Arcanine|Extreme Speed|p1b: Rotom\n|-damage|p1b: Rotom|70\/100\n|move|p2a: Flutter Mane|Moonblast|p1a: Ting-Lu\n|-damage|p1a: Ting-Lu|21\/100\n|move|p1b: Rotom|Shadow Ball|p2a: Flutter Mane\n|-damage|p2a: Flutter Mane|36\/100\n|move|p1a: Ting-Lu|Earthquake|p2a: Flutter Mane|[spread] p2a,p2b\n|-immune|p1b: Rotom|[from] ability: Levitate\n|-crit|p2a: Flutter Mane\n|-supereffective|p2b: Arcanine\n|-damage|p2a: Flutter Mane|0 fnt\n|-damage|p2b: Arcanine|0 fnt\n|faint|p2a: Flutter Mane\n|-end|p2a: Flutter Mane|Protosynthesis|[silent]\n|faint|p2b: Arcanine\n|\n|win|IxLAMPxI\n|raw|IxLAMPxI's rating: 1170 → 1197<\/strong> (+27 for winning)\n|raw|XArtificeGodZ's rating: 1193 → 1166<\/strong> (-27 for losing)\n|l|\u2606XArtificeGodZ\n","uploadtime":1683072786,"views":6,"p1id":"ixlampxi","p2id":"xartificegodz","formatid":"gen9vgc2023regulationc","rating":1166,"private":0,"password":""}