{"id":"gen9vgc2023regulationc-1846048166","p1":"Bambambi","p2":"redx50","format":"[Gen 9] VGC 2023 Regulation C","log":"|j|\u2606Bambambi\n|j|\u2606redx50\n|t:|1681797373\n|gametype|doubles\n|player|p1|Bambambi|wallace-gen6|1087\n|player|p2|redx50|red|1111\n|teamsize|p1|6\n|teamsize|p2|6\n|gen|9\n|tier|[Gen 9] VGC 2023 Regulation C\n|rated|\n|rule|Species Clause: Limit one of each Pok\u00e9mon\n|rule|Item Clause: Limit one of each item\n|clearpoke\n|poke|p1|Great Tusk, L50|\n|poke|p1|Murkrow, L50, F|\n|poke|p1|Flutter Mane, L50|\n|poke|p1|Chi-Yu, L50|\n|poke|p1|Dragonite, L50, F|\n|poke|p1|Chien-Pao, L50|\n|poke|p2|Maushold-Four, L50|\n|poke|p2|Mudsdale, L50, M|\n|poke|p2|Gothitelle, L50, F|\n|poke|p2|Kingambit, L50, F|\n|poke|p2|Chi-Yu, L50|\n|poke|p2|Flutter Mane, L50|\n|teampreview|4\nredx50 has agreed to open team sheets.\n|inactive|Battle timer is ON: inactive players will automatically lose when time's up. (requested by redx50)\nBambambi has agreed to open team sheets.\n|inactive|redx50 has 60 seconds left.\n|inactive|redx50 has 30 seconds left.\n|inactive|redx50 has 20 seconds left.\n|inactive|redx50 has 15 seconds left.\n|inactive|redx50 has 10 seconds left.\n|\n|t:|1681797462\n|start\n|switch|p1a: Murkrow|Murkrow, L50, F|100\/100\n|switch|p1b: Great Tusk|Great Tusk, L50|100\/100\n|switch|p2a: Maushold|Maushold-Four, L50|100\/100\n|switch|p2b: Chi-Yu|Chi-Yu, L50|100\/100\n|-ability|p2b: Chi-Yu|Beads of Ruin\n|turn|1\n|inactive|Bambambi has 30 seconds left.\n|\n|t:|1681797494\n|switch|p2b: Mudsdale|Mudsdale, L50, M|100\/100\n|move|p1a: Murkrow|Tailwind|p1a: Murkrow\n|-sidestart|p1: Bambambi|move: Tailwind\n|move|p1b: Great Tusk|Headlong Rush|p2b: Mudsdale\n|-damage|p2b: Mudsdale|53\/100\n|-unboost|p1b: Great Tusk|def|1\n|-unboost|p1b: Great Tusk|spd|1\n|-ability|p2b: Mudsdale|Stamina|boost\n|-boost|p2b: Mudsdale|def|1\n|move|p2a: Maushold|Beat Up|p2b: Mudsdale\n|-damage|p2b: Mudsdale|52\/100\n|-ability|p2b: Mudsdale|Stamina|boost\n|-boost|p2b: Mudsdale|def|1\n|-damage|p2b: Mudsdale|51\/100\n|-ability|p2b: Mudsdale|Stamina|boost\n|-boost|p2b: Mudsdale|def|1\n|-damage|p2b: Mudsdale|50\/100\n|-ability|p2b: Mudsdale|Stamina|boost\n|-boost|p2b: Mudsdale|def|1\n|-damage|p2b: Mudsdale|50\/100\n|-ability|p2b: Mudsdale|Stamina|boost\n|-boost|p2b: Mudsdale|def|1\n|-hitcount|p2b: Mudsdale|4\n|\n|upkeep\n|turn|2\n|\n|t:|1681797512\n|move|p2a: Maushold|Follow Me|p2a: Maushold\n|-singleturn|p2a: Maushold|move: Follow Me\n|move|p1a: Murkrow|Haze|p1a: Murkrow\n|-clearallboost\n|move|p1b: Great Tusk|Headlong Rush|p2a: Maushold\n|-damage|p2a: Maushold|26\/100\n|-unboost|p1b: Great Tusk|def|1\n|-unboost|p1b: Great Tusk|spd|1\n|move|p2b: Mudsdale|Body Press|p1b: Great Tusk\n|-damage|p1b: Great Tusk|78\/100\n|\n|upkeep\n|turn|3\n|\n|t:|1681797530\n|move|p1a: Murkrow|Haze|p1a: Murkrow\n|-clearallboost\n|move|p1b: Great Tusk|Headlong Rush|p2b: Mudsdale\n|-damage|p2b: Mudsdale|7\/100\n|-unboost|p1b: Great Tusk|def|1\n|-unboost|p1b: Great Tusk|spd|1\n|-ability|p2b: Mudsdale|Stamina|boost\n|-boost|p2b: Mudsdale|def|1\n|move|p2a: Maushold|Super Fang|p1b: Great Tusk\n|-damage|p1b: Great Tusk|39\/100\n|move|p2b: Mudsdale|High Horsepower|p1b: Great Tusk\n|-damage|p1b: Great Tusk|0 fnt\n|faint|p1b: Great Tusk\n|-end|p1b: Great Tusk|Protosynthesis|[silent]\n|\n|upkeep\n|\n|t:|1681797547\n|switch|p1b: Flutter Mane|Flutter Mane, L50|100\/100\n|turn|4\n|inactive|redx50 has 30 seconds left.\n|inactive|redx50 has 20 seconds left.\n|inactive|redx50 has 15 seconds left.\n|inactive|redx50 has 10 seconds left.\n|\n|t:|1681797594\n|switch|p2b: Gothitelle|Gothitelle, L50, F|100\/100\n|move|p2a: Maushold|Feint|p1a: Murkrow\n|-damage|p1a: Murkrow|93\/100\n|move|p1a: Murkrow|Sunny Day|p1a: Murkrow\n|-weather|SunnyDay\n|-activate|p1b: Flutter Mane|ability: Protosynthesis\n|-start|p1b: Flutter Mane|protosynthesisspa\n|move|p1b: Flutter Mane|Dazzling Gleam|p2b: Gothitelle|[spread] p2a,p2b\n|-damage|p2a: Maushold|0 fnt\n|-damage|p2b: Gothitelle|64\/100\n|faint|p2a: Maushold\n|\n|-weather|SunnyDay|[upkeep]\n|-sideend|p1: Bambambi|move: Tailwind\n|upkeep\n|\n|t:|1681797599\n|switch|p2a: Chi-Yu|Chi-Yu, L50|100\/100\n|-ability|p2a: Chi-Yu|Beads of Ruin\n|turn|5\n|inactive|Bambambi has 30 seconds left.\n|\n|t:|1681797626\n|-terastallize|p1a: Murkrow|Ghost\n|move|p2b: Gothitelle|Fake Out|p1a: Murkrow\n|-immune|p1a: Murkrow\n|move|p2a: Chi-Yu|Dark Pulse|p1b: Flutter Mane\n|-damage|p1b: Flutter Mane|43\/100\n|move|p1b: Flutter Mane|Dazzling Gleam|p2a: Chi-Yu|[spread] p2a,p2b\n|-damage|p2a: Chi-Yu|33\/100\n|-damage|p2b: Gothitelle|2\/100\n|-enditem|p2b: Gothitelle|Iapapa Berry|[eat]\n|-heal|p2b: Gothitelle|36\/100|[from] item: Iapapa Berry\n|move|p1a: Murkrow|Foul Play|p2b: Gothitelle\n|-supereffective|p2b: Gothitelle\n|-crit|p2b: Gothitelle\n|-damage|p2b: Gothitelle|0 fnt\n|faint|p2b: Gothitelle\n|\n|-weather|SunnyDay|[upkeep]\n|upkeep\n|\n|t:|1681797635\n|switch|p2b: Mudsdale|Mudsdale, L50, M|7\/100\n|turn|6\n|\n|t:|1681797644\n|move|p1a: Murkrow|Tailwind|p1a: Murkrow\n|-sidestart|p1: Bambambi|move: Tailwind\n|move|p1b: Flutter Mane|Dazzling Gleam|p2a: Chi-Yu|[spread] p2a,p2b\n|-damage|p2a: Chi-Yu|0 fnt\n|-damage|p2b: Mudsdale|0 fnt\n|faint|p2a: Chi-Yu\n|faint|p2b: Mudsdale\n|\n|win|Bambambi\n|raw|Bambambi's rating: 1087 → 1116<\/strong> (+29 for winning)\n|raw|redx50's rating: 1111 → 1084<\/strong> (-27 for losing)\n|l|\u2606redx50\n","uploadtime":1681797655,"views":14,"p1id":"bambambi","p2id":"redx50","formatid":"gen9vgc2023regulationc","rating":1084,"private":0,"password":""}