{"id":"gen9vgc2023regulationc-1854485280","p1":"Coco4dayz","p2":"spone99","format":"[Gen 9] VGC 2023 Regulation C","log":"|j|\u2606Coco4dayz\n|j|\u2606spone99\n|t:|1682817027\n|gametype|doubles\n|player|p1|Coco4dayz|boarder|\n|player|p2|spone99|1|\n|teamsize|p1|6\n|teamsize|p2|6\n|gen|9\n|tier|[Gen 9] VGC 2023 Regulation C\n|rule|Species Clause: Limit one of each Pok\u00e9mon\n|rule|Item Clause: Limit one of each item\n|clearpoke\n|poke|p1|Amoonguss, L50, F|\n|poke|p1|Chien-Pao, L50|\n|poke|p1|Dragonite, L50, F|\n|poke|p1|Flutter Mane, L50|\n|poke|p1|Chi-Yu, L50|\n|poke|p1|Gastrodon-East, L50, M|\n|poke|p2|Dondozo, L50, F|\n|poke|p2|Tatsugiri-Droopy, L50, F|\n|poke|p2|Pelipper, L50, F|\n|poke|p2|Drednaw, L50, M|\n|poke|p2|Dragonite, L50, M|\n|poke|p2|Chien-Pao, L50|\n|teampreview|4\n|inactive|Battle timer is ON: inactive players will automatically lose when time's up. (requested by Coco4dayz)\nspone99 has agreed to open team sheets.\n|inactive|Coco4dayz has 60 seconds left.\n|inactive|spone99 has 60 seconds left.\n|\n|t:|1682817065\n|start\n|switch|p1a: Chien-Pao|Chien-Pao, L50|100\/100\n|switch|p1b: Dragonite|Dragonite, L50, F|100\/100\n|switch|p2a: Drednaw|Drednaw, L50, M|100\/100\n|switch|p2b: Pelipper|Pelipper, L50, F|100\/100\n|-ability|p1a: Chien-Pao|Sword of Ruin\n|-weather|RainDance|[from] ability: Drizzle|[of] p2b: Pelipper\n|turn|1\n|inactive|spone99 has 30 seconds left.\n|inactive|spone99 has 20 seconds left.\n|inactive|spone99 has 15 seconds left.\n|\n|t:|1682817105\n|-terastallize|p1b: Dragonite|Normal\n|move|p1b: Dragonite|Extreme Speed|p2a: Drednaw\n|-resisted|p2a: Drednaw\n|-damage|p2a: Drednaw|47\/100\n|move|p2a: Drednaw|Rock Slide|p1b: Dragonite|[spread] p1b\n|-miss|p2a: Drednaw|p1a: Chien-Pao\n|-damage|p1b: Dragonite|46\/100\n|move|p1a: Chien-Pao|Sacred Sword|p2a: Drednaw\n|-supereffective|p2a: Drednaw\n|-damage|p2a: Drednaw|0 fnt\n|faint|p2a: Drednaw\n|move|p2b: Pelipper|Hurricane|p1b: Dragonite\n|-damage|p1b: Dragonite|0 fnt\n|faint|p1b: Dragonite\n|\n|-weather|RainDance|[upkeep]\n|upkeep\n|inactive|Coco4dayz has 30 seconds left.\n|\n|t:|1682817139\n|switch|p2a: Dragonite|Dragonite, L50, M|100\/100\n|switch|p1b: Flutter Mane|Flutter Mane, L50, shiny|100\/100\n|turn|2\n|\n|t:|1682817160\n|-terastallize|p2a: Dragonite|Normal\n|move|p1a: Chien-Pao|Sacred Sword|p2a: Dragonite\n|-supereffective|p2a: Dragonite\n|-crit|p2a: Dragonite\n|-damage|p2a: Dragonite|43\/100\n|move|p1b: Flutter Mane|Dazzling Gleam|p2b: Pelipper|[spread] p2a,p2b\n|-damage|p2a: Dragonite|0 fnt\n|-damage|p2b: Pelipper|32\/100\n|faint|p2a: Dragonite\n|move|p2b: Pelipper|Hurricane|p1b: Flutter Mane\n|-damage|p1b: Flutter Mane|51\/100\n|\n|-weather|RainDance|[upkeep]\n|upkeep\n|\n|t:|1682817173\n|switch|p2a: Chien-Pao|Chien-Pao, L50|100\/100\n|-ability|p2a: Chien-Pao|Sword of Ruin\n|turn|3\n|inactive|spone99 has 30 seconds left.\n|inactive|spone99 has 20 seconds left.\n|inactive|spone99 has 15 seconds left.\n|\n|t:|1682817215\n|-end|p1b: Flutter Mane|Protosynthesis|[silent]\n|switch|p1b: Gastrodon|Gastrodon-East, L50, M|100\/100\n|move|p1a: Chien-Pao|Sacred Sword|p2a: Chien-Pao\n|-supereffective|p2a: Chien-Pao\n|-enditem|p2a: Chien-Pao|Focus Sash\n|-damage|p2a: Chien-Pao|1\/100\n|move|p2a: Chien-Pao|Ice Spinner|p1b: Gastrodon\n|-damage|p1b: Gastrodon|49\/100\n|move|p2b: Pelipper|Hurricane|p1a: Chien-Pao\n|-damage|p1a: Chien-Pao|16\/100\n|\n|-weather|RainDance|[upkeep]\n|-heal|p1b: Gastrodon|55\/100|[from] item: Leftovers\n|upkeep\n|turn|4\n|\n|t:|1682817235\n|move|p2a: Chien-Pao|Sucker Punch|p1a: Chien-Pao\n|-resisted|p1a: Chien-Pao\n|-damage|p1a: Chien-Pao|0 fnt\n|faint|p1a: Chien-Pao\n|move|p2b: Pelipper|Hurricane|p1b: Gastrodon\n|-damage|p1b: Gastrodon|15\/100\n|-start|p1b: Gastrodon|confusion\n|-activate|p1b: Gastrodon|confusion\n|move|p1b: Gastrodon|Muddy Water|p2a: Chien-Pao|[spread] p2b\n|-miss|p1b: Gastrodon|p2a: Chien-Pao\n|-resisted|p2b: Pelipper\n|-damage|p2b: Pelipper|6\/100\n|\n|-weather|RainDance|[upkeep]\n|-heal|p1b: Gastrodon|21\/100|[from] item: Leftovers\n|upkeep\n|\n|t:|1682817247\n|switch|p1a: Flutter Mane|Flutter Mane, L50, shiny|51\/100\n|turn|5\n|\n|t:|1682817258\n|move|p2a: Chien-Pao|Ice Spinner|p1a: Flutter Mane\n|-damage|p1a: Flutter Mane|0 fnt\n|faint|p1a: Flutter Mane\n|-end|p1a: Flutter Mane|Protosynthesis|[silent]\n|move|p2b: Pelipper|Hurricane|p1b: Gastrodon\n|-damage|p1b: Gastrodon|0 fnt\n|faint|p1b: Gastrodon\n|\n|win|spone99\n|c|\u2606spone99|gg!\n","uploadtime":1682817273,"views":8,"p1id":"coco4dayz","p2id":"spone99","formatid":"gen9vgc2023regulationc","rating":0,"private":0,"password":""}