{"id":"gen9vgc2023regulationc-1861907232","p1":"postman7534216","p2":"Pic1070","format":"[Gen 9] VGC 2023 Regulation C","log":"|j|\u2606postman7534216\n|j|\u2606Pic1070\n|t:|1683819729\n|gametype|doubles\n|player|p1|postman7534216|blackbelt-gen4dp|1147\n|player|p2|Pic1070|265|1135\n|teamsize|p1|6\n|teamsize|p2|6\n|gen|9\n|tier|[Gen 9] VGC 2023 Regulation C\n|rated|\n|rule|Species Clause: Limit one of each Pok\u00e9mon\n|rule|Item Clause: Limit one of each item\n|clearpoke\n|poke|p1|Farigiraf, L50, M|\n|poke|p1|Iron Hands, L50|\n|poke|p1|Ting-Lu, L50|\n|poke|p1|Kingambit, L50, M|\n|poke|p1|Flutter Mane, L50|\n|poke|p1|Palafin, L50, M|\n|poke|p2|Gholdengo, L50|\n|poke|p2|Murkrow, L50, M|\n|poke|p2|Arcanine, L50, F|\n|poke|p2|Rotom-Wash, L50|\n|poke|p2|Garchomp, L50, M|\n|poke|p2|Meowscarada, L50, M|\n|teampreview|4\n|\n|t:|1683819771\n|start\n|switch|p1a: Flutter Mane|Flutter Mane, L50|100\/100\n|switch|p1b: Palafin|Palafin, L50, M|100\/100\n|switch|p2a: Garchomp|Garchomp, L50, M|100\/100\n|switch|p2b: Rotom|Rotom-Wash, L50, shiny|100\/100\n|-enditem|p1a: Flutter Mane|Booster Energy\n|-activate|p1a: Flutter Mane|ability: Protosynthesis|[fromitem]\n|-start|p1a: Flutter Mane|protosynthesisspa\n|turn|1\n|\n|t:|1683819796\n|detailschange|p1b: Palafin|Palafin-Hero, L50, M\n|switch|p1b: Farigiraf|Farigiraf, L50, M|100\/100\n|-terastallize|p2a: Garchomp|Steel\n|move|p1a: Flutter Mane|Dazzling Gleam|p2a: Garchomp|[spread] p2a,p2b\n|-resisted|p2a: Garchomp\n|-damage|p2a: Garchomp|81\/100\n|-damage|p2b: Rotom|65\/100\n|move|p2a: Garchomp|Iron Head|p1a: Flutter Mane\n|-supereffective|p1a: Flutter Mane\n|-damage|p1a: Flutter Mane|0 fnt\n|faint|p1a: Flutter Mane\n|-end|p1a: Flutter Mane|Protosynthesis|[silent]\n|-damage|p2a: Garchomp|71\/100|[from] item: Life Orb\n|move|p2b: Rotom|Will-O-Wisp|p1b: Farigiraf|[miss]\n|-miss|p2b: Rotom|p1b: Farigiraf\n|\n|-heal|p2b: Rotom|71\/100|[from] item: Leftovers\n|upkeep\n|\n|t:|1683819811\n|switch|p1a: Iron Hands|Iron Hands, L50|100\/100\n|turn|2\n|\n|t:|1683819826\n|move|p1a: Iron Hands|Fake Out|p2a: Garchomp\n|-resisted|p2a: Garchomp\n|-damage|p2a: Garchomp|64\/100\n|-damage|p1a: Iron Hands|88\/100|[from] ability: Rough Skin|[of] p2a: Garchomp\n|cant|p2a: Garchomp|flinch\n|move|p2b: Rotom|Will-O-Wisp|p1a: Iron Hands\n|-status|p1a: Iron Hands|brn\n|-enditem|p1a: Iron Hands|Lum Berry|[eat]\n|-curestatus|p1a: Iron Hands|brn|[msg]\n|move|p1b: Farigiraf|Trick Room|p1b: Farigiraf\n|-fieldstart|move: Trick Room|[of] p1b: Farigiraf\n|\n|-heal|p2b: Rotom|77\/100|[from] item: Leftovers\n|upkeep\n|turn|3\n|\n|t:|1683819842\n|move|p2a: Garchomp|Protect|p2a: Garchomp\n|-singleturn|p2a: Garchomp|Protect\n|move|p1b: Farigiraf|Ally Switch|p1b: Farigiraf\n|swap|p1b: Farigiraf|0|[from] move: Ally Switch\n|move|p1b: Iron Hands|Drain Punch|p2a: Garchomp\n|-activate|p2a: Garchomp|move: Protect\n|move|p2b: Rotom|Will-O-Wisp|p1a: Farigiraf\n|-status|p1a: Farigiraf|brn\n|\n|-heal|p2b: Rotom|83\/100|[from] item: Leftovers\n|-damage|p1a: Farigiraf|94\/100 brn|[from] brn\n|upkeep\n|turn|4\n|\n|t:|1683819860\n|switch|p2a: Arcanine|Arcanine, L50, F|100\/100\n|-ability|p2a: Arcanine|Intimidate|boost\n|-unboost|p1a: Farigiraf|atk|1\n|-unboost|p1b: Iron Hands|atk|1\n|move|p1b: Iron Hands|Drain Punch|p2a: Arcanine\n|-damage|p2a: Arcanine|76\/100\n|-heal|p1b: Iron Hands|98\/100|[from] drain|[of] p2a: Arcanine\n|move|p1a: Farigiraf|Energy Ball|p2b: Rotom\n|-supereffective|p2b: Rotom\n|-damage|p2b: Rotom|38\/100\n|move|p2b: Rotom|Will-O-Wisp|p1a: Farigiraf\n|-fail|p1a: Farigiraf|brn\n|\n|-heal|p2b: Rotom|44\/100|[from] item: Leftovers\n|-damage|p1a: Farigiraf|88\/100 brn|[from] brn\n|upkeep\n|turn|5\n|\n|t:|1683819892\n|move|p2b: Rotom|Protect|p2b: Rotom\n|-singleturn|p2b: Rotom|Protect\n|move|p1b: Iron Hands|Volt Switch|p2a: Arcanine\n|-damage|p2a: Arcanine|63\/100\n|\n|t:|1683819897\n|-end|p1b: Iron Hands|Quark Drive|[silent]\n|switch|p1b: Palafin|Palafin-Hero, L50, M|100\/100|[from] Volt Switch\n|-activate|p1b: Palafin|ability: Zero to Hero\n|move|p1a: Farigiraf|Energy Ball|p2b: Rotom\n|-activate|p2b: Rotom|move: Protect\n|move|p2a: Arcanine|Will-O-Wisp|p1b: Palafin|[miss]\n|-miss|p2a: Arcanine|p1b: Palafin\n|\n|-heal|p2b: Rotom|50\/100|[from] item: Leftovers\n|-damage|p1a: Farigiraf|82\/100 brn|[from] brn\n|upkeep\n|turn|6\n|\n|t:|1683819926\n|move|p2a: Arcanine|Protect|p2a: Arcanine\n|-singleturn|p2a: Arcanine|Protect\n|move|p1b: Palafin|Jet Punch|p2a: Arcanine\n|-activate|p2a: Arcanine|move: Protect\n|move|p1a: Farigiraf|Energy Ball|p2b: Rotom\n|-supereffective|p2b: Rotom\n|-damage|p2b: Rotom|6\/100\n|move|p2b: Rotom|Volt Switch|p1b: Palafin\n|-supereffective|p1b: Palafin\n|-damage|p1b: Palafin|40\/100\n|\n|t:|1683819940\n|switch|p2b: Meowscarada|Meowscarada, L50, M, shiny|100\/100|[from] Volt Switch\n|\n|-damage|p1a: Farigiraf|76\/100 brn|[from] brn\n|-fieldend|move: Trick Room\n|upkeep\n|turn|7\n|\n|t:|1683819959\n|switch|p1b: Iron Hands|Iron Hands, L50|98\/100\n|switch|p2a: Rotom|Rotom-Wash, L50, shiny|6\/100\n|move|p1a: Farigiraf|Protect|p1a: Farigiraf\n|-singleturn|p1a: Farigiraf|Protect\n|move|p2b: Meowscarada|Knock Off|p1a: Farigiraf\n|-activate|p1a: Farigiraf|move: Protect\n|\n|-heal|p2a: Rotom|12\/100|[from] item: Leftovers\n|-damage|p1a: Farigiraf|70\/100 brn|[from] brn\n|upkeep\n|turn|8\n|\n|t:|1683819980\n|move|p2b: Meowscarada|Protect|p2b: Meowscarada\n|-singleturn|p2b: Meowscarada|Protect\n|move|p1b: Iron Hands|Fake Out|p2b: Meowscarada\n|-activate|p2b: Meowscarada|move: Protect\n|move|p2a: Rotom|Will-O-Wisp|p1b: Iron Hands|[miss]\n|-miss|p2a: Rotom|p1b: Iron Hands\n|move|p1a: Farigiraf|Trick Room|p1a: Farigiraf\n|-fieldstart|move: Trick Room|[of] p1a: Farigiraf\n|\n|-heal|p2a: Rotom|18\/100|[from] item: Leftovers\n|-damage|p1a: Farigiraf|63\/100 brn|[from] brn\n|upkeep\n|turn|9\n|\n|t:|1683820012\n|move|p2a: Rotom|Protect|p2a: Rotom\n|-singleturn|p2a: Rotom|Protect\n|move|p1b: Iron Hands|Drain Punch|p2b: Meowscarada\n|-supereffective|p2b: Meowscarada\n|-enditem|p2b: Meowscarada|Focus Sash\n|-damage|p2b: Meowscarada|1\/100\n|-heal|p1b: Iron Hands|100\/100|[from] drain|[of] p2b: Meowscarada\n|move|p1a: Farigiraf|Energy Ball|p2a: Rotom\n|-activate|p2a: Rotom|move: Protect\n|move|p2b: Meowscarada|U-turn|p1a: Farigiraf\n|-supereffective|p1a: Farigiraf\n|-damage|p1a: Farigiraf|29\/100 brn\n|-enditem|p1a: Farigiraf|Sitrus Berry|[eat]\n|-heal|p1a: Farigiraf|54\/100 brn|[from] item: Sitrus Berry\n|\n|t:|1683820029\n|switch|p2b: Arcanine|Arcanine, L50, F|63\/100|[from] U-turn\n|-ability|p2b: Arcanine|Intimidate|boost\n|-unboost|p1a: Farigiraf|atk|1\n|-unboost|p1b: Iron Hands|atk|1\n|\n|-heal|p2a: Rotom|23\/100|[from] item: Leftovers\n|-damage|p1a: Farigiraf|48\/100 brn|[from] brn\n|upkeep\n|turn|10\n|\n|t:|1683820101\n|move|p2b: Arcanine|Protect|p2b: Arcanine\n|-singleturn|p2b: Arcanine|Protect\n|move|p1a: Farigiraf|Ally Switch|p1a: Farigiraf\n|swap|p1a: Farigiraf|1|[from] move: Ally Switch\n|move|p1a: Iron Hands|Volt Switch|p2a: Rotom\n|-damage|p2a: Rotom|11\/100\n|\n|t:|1683820108\n|-end|p1a: Iron Hands|Quark Drive|[silent]\n|switch|p1a: Palafin|Palafin-Hero, L50, M|40\/100|[from] Volt Switch\n|move|p2a: Rotom|Will-O-Wisp|p1b: Farigiraf\n|-fail|p1b: Farigiraf|brn\n|\n|-heal|p2a: Rotom|17\/100|[from] item: Leftovers\n|-damage|p1b: Farigiraf|41\/100 brn|[from] brn\n|-activate|p1b: Farigiraf|ability: Cud Chew\n|-enditem|p1b: Farigiraf|Sitrus Berry|[eat]\n|-heal|p1b: Farigiraf|66\/100 brn|[from] item: Sitrus Berry\n|upkeep\n|turn|11\n|\n|t:|1683820138\n|switch|p2b: Garchomp|Garchomp, L50, M, tera:Steel|64\/100\n|-terastallize|p1a: Palafin|Water\n|move|p2a: Rotom|Protect|p2a: Rotom\n|-singleturn|p2a: Rotom|Protect\n|move|p1a: Palafin|Jet Punch|p2b: Garchomp\n|-damage|p2b: Garchomp|1\/100\n|-damage|p1a: Palafin|28\/100|[from] ability: Rough Skin|[of] p2b: Garchomp\n|move|p1b: Farigiraf|Energy Ball|p2b: Garchomp\n|-resisted|p2b: Garchomp\n|-damage|p2b: Garchomp|0 fnt\n|faint|p2b: Garchomp\n|\n|-heal|p2a: Rotom|23\/100|[from] item: Leftovers\n|-damage|p1b: Farigiraf|60\/100 brn|[from] brn\n|upkeep\n|\n|t:|1683820147\n|switch|p2b: Meowscarada|Meowscarada, L50, M, shiny|1\/100\n|turn|12\n|\n|t:|1683820161\n|move|p2a: Rotom|Protect|p2a: Rotom\n|-singleturn|p2a: Rotom|Protect\n|move|p2b: Meowscarada|Protect|p2b: Meowscarada\n|-singleturn|p2b: Meowscarada|Protect\n|move|p1b: Farigiraf|Ally Switch|p1b: Farigiraf\n|swap|p1b: Farigiraf|0|[from] move: Ally Switch\n|move|p1b: Palafin|Jet Punch|p2b: Meowscarada\n|-activate|p2b: Meowscarada|move: Protect\n|\n|-heal|p2a: Rotom|29\/100|[from] item: Leftovers\n|-damage|p1a: Farigiraf|54\/100 brn|[from] brn\n|-fieldend|move: Trick Room\n|upkeep\n|turn|13\n|\n|t:|1683820189\n|switch|p1a: Iron Hands|Iron Hands, L50|100\/100\n|move|p1b: Palafin|Protect|p1b: Palafin\n|-singleturn|p1b: Palafin|Protect\n|move|p2b: Meowscarada|Knock Off|p1a: Iron Hands\n|-resisted|p1a: Iron Hands\n|-damage|p1a: Iron Hands|89\/100\n|move|p2a: Rotom|Volt Switch|p1b: Palafin\n|-activate|p1b: Palafin|move: Protect\n|\n|-heal|p2a: Rotom|34\/100|[from] item: Leftovers\n|upkeep\n|turn|14\n|\n|t:|1683820212\n|move|p2b: Meowscarada|Protect|p2b: Meowscarada\n|-singleturn|p2b: Meowscarada|Protect\n|move|p1a: Iron Hands|Fake Out|p2a: Rotom\n|-damage|p2a: Rotom|20\/100\n|move|p1b: Palafin|Jet Punch|p2a: Rotom\n|-resisted|p2a: Rotom\n|-damage|p2a: Rotom|0 fnt\n|faint|p2a: Rotom\n|\n|upkeep\n|\n|t:|1683820220\n|switch|p2a: Arcanine|Arcanine, L50, F|63\/100\n|-ability|p2a: Arcanine|Intimidate|boost\n|-unboost|p1a: Iron Hands|atk|1\n|-unboost|p1b: Palafin|atk|1\n|turn|15\n|\n|t:|1683820269\n|switch|p1b: Farigiraf|Farigiraf, L50, M|54\/100 brn\n|move|p2a: Arcanine|Extreme Speed|p1b: Farigiraf\n|-damage|p1b: Farigiraf|37\/100 brn\n|move|p2b: Meowscarada|Flower Trick|p1a: Iron Hands\n|-crit|p1a: Iron Hands\n|-damage|p1a: Iron Hands|41\/100\n|move|p1a: Iron Hands|Drain Punch|p2a: Arcanine\n|-damage|p2a: Arcanine|38\/100\n|-heal|p1a: Iron Hands|52\/100|[from] drain|[of] p2a: Arcanine\n|\n|-damage|p1b: Farigiraf|30\/100 brn|[from] brn\n|upkeep\n|turn|16\n|\n|t:|1683820304\n|move|p2a: Arcanine|Protect|p2a: Arcanine\n|-singleturn|p2a: Arcanine|Protect\n|move|p1b: Farigiraf|Protect|p1b: Farigiraf\n|-singleturn|p1b: Farigiraf|Protect\n|move|p2b: Meowscarada|Knock Off|p1b: Farigiraf\n|-activate|p1b: Farigiraf|move: Protect\n|move|p1a: Iron Hands|Volt Switch|p2b: Meowscarada\n|-resisted|p2b: Meowscarada\n|-damage|p2b: Meowscarada|0 fnt\n|faint|p2b: Meowscarada\n|\n|t:|1683820314\n|-end|p1a: Iron Hands|Quark Drive|[silent]\n|switch|p1a: Palafin|Palafin-Hero, L50, M, tera:Water|28\/100|[from] Volt Switch\n|\n|-damage|p1b: Farigiraf|24\/100 brn|[from] brn\n|upkeep\n|turn|17\n|\n|t:|1683820336\n|move|p1b: Farigiraf|Ally Switch||[still]\n|-fail|p1b: Farigiraf\n|move|p1a: Palafin|Wave Crash|p2a: Arcanine\n|-supereffective|p2a: Arcanine\n|-damage|p2a: Arcanine|0 fnt\n|faint|p2a: Arcanine\n|-damage|p1a: Palafin|15\/100|[from] Recoil\n|\n|win|postman7534216\n|raw|postman7534216's rating: 1147 → 1171<\/strong> (+24 for winning)\n|raw|Pic1070's rating: 1135 → 1111<\/strong> (-24 for losing)\n","uploadtime":1683820350,"views":13,"p1id":"postman7534216","p2id":"pic1070","formatid":"gen9vgc2023regulationc","rating":1111,"private":0,"password":""}