{"id":"gen9vgc2023regulationc-1859244984","p1":"idolhunter28273","p2":"namethatiscreative","format":"[Gen 9] VGC 2023 Regulation C","log":"|j|\u2606idolhunter28273\n|j|\u2606namethatiscreative\n|t:|1683423131\n|gametype|doubles\n|player|p1|idolhunter28273|101|1233\n|player|p2|namethatiscreative|170|1298\n|teamsize|p1|6\n|teamsize|p2|6\n|gen|9\n|tier|[Gen 9] VGC 2023 Regulation C\n|rated|\n|rule|Species Clause: Limit one of each Pok\u00e9mon\n|rule|Item Clause: Limit one of each item\n|clearpoke\n|poke|p1|Clodsire, L50, F|\n|poke|p1|Wo-Chien, L50|\n|poke|p1|Flutter Mane, L50|\n|poke|p1|Chi-Yu, L50|\n|poke|p1|Dondozo, L50, M|\n|poke|p1|Tatsugiri, L50, F|\n|poke|p2|Garchomp, L50, F|\n|poke|p2|Flutter Mane, L50|\n|poke|p2|Talonflame, L50, F|\n|poke|p2|Gyarados, L50, M|\n|poke|p2|Amoonguss, L50, F|\n|poke|p2|Klefki, L50, M|\n|teampreview|4\nidolhunter28273 has agreed to open team sheets.\n|inactive|Battle timer is ON: inactive players will automatically lose when time's up. (requested by idolhunter28273)\n|\n|t:|1683423174\n|start\n|switch|p1a: Clodsire|Clodsire, L50, F|100\/100\n|switch|p1b: Wo-Chien|Wo-Chien, L50|100\/100\n|switch|p2a: Flutter Mane|Flutter Mane, L50|100\/100\n|switch|p2b: Talonflame|Talonflame, L50, F|100\/100\n|-ability|p1b: Wo-Chien|Tablets of Ruin\n|-enditem|p2a: Flutter Mane|Booster Energy\n|-activate|p2a: Flutter Mane|ability: Protosynthesis|[fromitem]\n|-start|p2a: Flutter Mane|protosynthesisspa\n|turn|1\n|inactive|namethatiscreative has 30 seconds left.\n|\n|t:|1683423207\n|-terastallize|p1b: Wo-Chien|Poison\n|move|p2b: Talonflame|Taunt|p1a: Clodsire\n|-start|p1a: Clodsire|move: Taunt\n|move|p2a: Flutter Mane|Moonblast|p1b: Wo-Chien\n|-resisted|p1b: Wo-Chien\n|-damage|p1b: Wo-Chien|83\/100\n|-unboost|p1b: Wo-Chien|spa|1\n|move|p1b: Wo-Chien|Leech Seed|p2a: Flutter Mane\n|-start|p2a: Flutter Mane|move: Leech Seed\n|cant|p1a: Clodsire|move: Taunt|Toxic\n|\n|-heal|p1b: Wo-Chien|89\/100|[from] item: Leftovers\n|-damage|p2a: Flutter Mane|89\/100|[from] Leech Seed|[of] p1b: Wo-Chien\n|-heal|p1b: Wo-Chien|98\/100|[silent]\n|upkeep\n|turn|2\n|inactive|idolhunter28273 has 30 seconds left.\n|inactive|namethatiscreative has 30 seconds left.\n|\n|t:|1683423241\n|move|p2b: Talonflame|Brave Bird|p1b: Wo-Chien\n|-damage|p1b: Wo-Chien|76\/100\n|-damage|p2b: Talonflame|92\/100|[from] Recoil\n|move|p2a: Flutter Mane|Shadow Ball|p1b: Wo-Chien\n|-damage|p1b: Wo-Chien|44\/100\n|-unboost|p1b: Wo-Chien|spd|1\n|move|p1b: Wo-Chien|Leech Seed|p2b: Talonflame\n|-start|p2b: Talonflame|move: Leech Seed\n|move|p1a: Clodsire|Stomping Tantrum|p2a: Flutter Mane\n|-damage|p2a: Flutter Mane|46\/100\n|\n|-heal|p1b: Wo-Chien|50\/100|[from] item: Leftovers\n|-damage|p2b: Talonflame|80\/100|[from] Leech Seed|[of] p1b: Wo-Chien\n|-heal|p1b: Wo-Chien|61\/100|[silent]\n|-damage|p2a: Flutter Mane|34\/100|[from] Leech Seed|[of] p1b: Wo-Chien\n|-heal|p1b: Wo-Chien|70\/100|[silent]\n|upkeep\n|turn|3\n|inactive|namethatiscreative has 30 seconds left.\n|\n|t:|1683423271\n|move|p1b: Wo-Chien|Protect|p1b: Wo-Chien\n|-singleturn|p1b: Wo-Chien|Protect\n|move|p2b: Talonflame|Will-O-Wisp|p1b: Wo-Chien\n|-activate|p1b: Wo-Chien|move: Protect\n|move|p2a: Flutter Mane|Shadow Ball|p1b: Wo-Chien\n|-activate|p1b: Wo-Chien|move: Protect\n|move|p1a: Clodsire|Stomping Tantrum|p2a: Flutter Mane\n|-damage|p2a: Flutter Mane|11\/100\n|\n|-heal|p1b: Wo-Chien|76\/100|[from] item: Leftovers\n|-damage|p2b: Talonflame|68\/100|[from] Leech Seed|[of] p1b: Wo-Chien\n|-heal|p1b: Wo-Chien|86\/100|[silent]\n|-damage|p2a: Flutter Mane|0 fnt|[from] Leech Seed|[of] p1b: Wo-Chien\n|-heal|p1b: Wo-Chien|94\/100|[silent]\n|faint|p2a: Flutter Mane\n|-end|p2a: Flutter Mane|Protosynthesis|[silent]\n|-end|p1a: Clodsire|move: Taunt\n|upkeep\n|\n|t:|1683423275\n|switch|p2a: Death|Amoonguss, L50, F|100\/100\n|turn|4\n|inactive|idolhunter28273 has 30 seconds left.\n|\n|t:|1683423306\n|switch|p2b: Gyarados|Gyarados, L50, M|100\/100\n|-ability|p2b: Gyarados|Intimidate|boost\n|-unboost|p1a: Clodsire|atk|1\n|-unboost|p1b: Wo-Chien|atk|1\n|move|p1a: Clodsire|Protect|p1a: Clodsire\n|-singleturn|p1a: Clodsire|Protect\n|move|p1b: Wo-Chien|Foul Play|p2b: Gyarados\n|-damage|p2b: Gyarados|28\/100\n|move|p2a: Death|Spore|p1b: Wo-Chien\n|-status|p1b: Wo-Chien|slp|[from] move: Spore\n|\n|-heal|p1b: Wo-Chien|100\/100 slp|[from] item: Leftovers\n|upkeep\n|turn|5\n|inactive|namethatiscreative has 30 seconds left.\n|\n|t:|1683423332\n|move|p2b: Gyarados|Dragon Dance|p2b: Gyarados\n|-boost|p2b: Gyarados|atk|1\n|-boost|p2b: Gyarados|spe|1\n|cant|p1b: Wo-Chien|slp\n|move|p2a: Death|Pollen Puff|p2b: Gyarados\n|-heal|p2b: Gyarados|78\/100\n|move|p1a: Clodsire|Toxic|p2b: Gyarados\n|-status|p2b: Gyarados|tox\n|\n|-damage|p2b: Gyarados|72\/100 tox|[from] psn\n|upkeep\n|turn|6\n|inactive|namethatiscreative has 30 seconds left.\n|\n|t:|1683423361\n|move|p1a: Clodsire|Protect|p1a: Clodsire\n|-singleturn|p1a: Clodsire|Protect\n|move|p2b: Gyarados|Dragon Dance|p2b: Gyarados\n|-boost|p2b: Gyarados|atk|1\n|-boost|p2b: Gyarados|spe|1\n|-curestatus|p1b: Wo-Chien|slp|[msg]\n|move|p1b: Wo-Chien|Foul Play|p2b: Gyarados\n|-damage|p2b: Gyarados|0 fnt\n|faint|p2b: Gyarados\n|move|p2a: Death|Spore|p1a: Clodsire\n|-activate|p1a: Clodsire|move: Protect\n|\n|upkeep\n|\n|t:|1683423372\n|switch|p2b: Talonflame|Talonflame, L50, F|68\/100\n|turn|7\n|\n|t:|1683423380\n|move|p2b: Talonflame|Taunt|p1a: Clodsire\n|-start|p1a: Clodsire|move: Taunt\n|move|p1b: Wo-Chien|Foul Play|p2a: Death\n|-damage|p2a: Death|81\/100\n|move|p2a: Death|Spore|p1b: Wo-Chien\n|-status|p1b: Wo-Chien|slp|[from] move: Spore\n|move|p1a: Clodsire|Stomping Tantrum|p2a: Death\n|-damage|p2a: Death|73\/100\n|\n|upkeep\n|turn|8\n|inactive|namethatiscreative has 30 seconds left.\n|\n|t:|1683423408\n|move|p2b: Talonflame|Brave Bird|p1b: Wo-Chien\n|-damage|p1b: Wo-Chien|77\/100 slp\n|-damage|p2b: Talonflame|59\/100|[from] Recoil\n|cant|p1b: Wo-Chien|slp\n|move|p2a: Death|Pollen Puff|p2b: Talonflame\n|-heal|p2b: Talonflame|100\/100\n|move|p1a: Clodsire|Stomping Tantrum|p2a: Death\n|-damage|p2a: Death|64\/100\n|\n|-heal|p1b: Wo-Chien|83\/100 slp|[from] item: Leftovers\n|upkeep\n|turn|9\n|inactive|idolhunter28273 has 30 seconds left.\n|\n|t:|1683423438\n|move|p2b: Talonflame|Brave Bird|p1b: Wo-Chien\n|-damage|p1b: Wo-Chien|62\/100 slp\n|-damage|p2b: Talonflame|93\/100|[from] Recoil\n|cant|p1b: Wo-Chien|slp\n|move|p2a: Death|Spore|p1a: Clodsire\n|-activate|p1a: Clodsire|item: Safety Goggles|Spore\n|move|p1a: Clodsire|Stomping Tantrum|p2a: Death\n|-damage|p2a: Death|55\/100\n|\n|-heal|p1b: Wo-Chien|69\/100 slp|[from] item: Leftovers\n|-end|p1a: Clodsire|move: Taunt\n|upkeep\n|turn|10\n|-message|namethatiscreative forfeited.\n|\n|win|idolhunter28273\n|raw|idolhunter28273's rating: 1233 → 1263<\/strong> (+30 for winning)\n|raw|namethatiscreative's rating: 1298 → 1268<\/strong> (-30 for losing)\n|l|\u2606namethatiscreative\n","uploadtime":1683423458,"views":15,"p1id":"idolhunter28273","p2id":"namethatiscreative","formatid":"gen9vgc2023regulationc","rating":1263,"private":0,"password":""}