{"id":"gen9vgc2023regulationc-1864345126","p1":"Someguy459","p2":"C4CTUSK1NG","format":"[Gen 9] VGC 2023 Regulation C","log":"|j|\u2606Someguy459\n|j|\u2606C4CTUSK1NG\n|t:|1684157874\n|gametype|doubles\n|player|p1|Someguy459|winona|\n|player|p2|C4CTUSK1NG|volkner|\n|teamsize|p1|6\n|teamsize|p2|6\n|gen|9\n|tier|[Gen 9] VGC 2023 Regulation C\n|rule|Species Clause: Limit one of each Pok\u00e9mon\n|rule|Item Clause: Limit one of each item\n|clearpoke\n|poke|p1|Stonjourner, L50, M|\n|poke|p1|Sandy Shocks, L50|\n|poke|p1|Murkrow, L50, F|\n|poke|p1|Electrode, L50|\n|poke|p1|Amoonguss, L50, F|\n|poke|p1|Ting-Lu, L50|\n|poke|p2|Iron Bundle, L50|\n|poke|p2|Amoonguss, L50, F|\n|poke|p2|Squawkabilly-Blue, L50, F|\n|poke|p2|Ting-Lu, L50|\n|poke|p2|Gholdengo, L50|\n|poke|p2|Gengar, L50, M|\n|teampreview|4\n|\n|t:|1684157905\n|start\n|switch|p1a: Aids Rock|Stonjourner, L50, M|100\/100\n|switch|p1b: Ting-Lu My Balls|Ting-Lu, L50|100\/100\n|switch|p2a: Gengar|Gengar, L50, M|100\/100\n|switch|p2b: Squawkabilly|Squawkabilly-Blue, L50, F|100\/100\n|-ability|p1b: Ting-Lu My Balls|Vessel of Ruin\n|turn|1\n|\n|t:|1684157922\n|move|p2a: Gengar|Focus Blast|p1a: Aids Rock|[miss]\n|-miss|p2a: Gengar|p1a: Aids Rock\n|move|p2b: Squawkabilly|Tailwind|p2b: Squawkabilly\n|-sidestart|p2: C4CTUSK1NG|move: Tailwind\n|move|p1a: Aids Rock|Power Gem|p2b: Squawkabilly\n|-supereffective|p2b: Squawkabilly\n|-damage|p2b: Squawkabilly|43\/100\n|-enditem|p2b: Squawkabilly|Weakness Policy\n|-boost|p2b: Squawkabilly|atk|2|[from] item: Weakness Policy\n|-boost|p2b: Squawkabilly|spa|2|[from] item: Weakness Policy\n|move|p1b: Ting-Lu My Balls|Earth Power|p2a: Gengar\n|-supereffective|p2a: Gengar\n|-damage|p2a: Gengar|0 fnt\n|faint|p2a: Gengar\n|-damage|p1b: Ting-Lu My Balls|91\/100|[from] item: Life Orb\n|\n|upkeep\n|\n|t:|1684157940\n|switch|p2a: Ting-Lu|Ting-Lu, L50|100\/100\n|-ability|p2a: Ting-Lu|Vessel of Ruin\n|turn|2\n|\n|t:|1684157968\n|move|p1b: Ting-Lu My Balls|Protect|p1b: Ting-Lu My Balls\n|-singleturn|p1b: Ting-Lu My Balls|Protect\n|move|p2b: Squawkabilly|Brave Bird|p1b: Ting-Lu My Balls\n|-activate|p1b: Ting-Lu My Balls|move: Protect\n|move|p2a: Ting-Lu|Earthquake|p1a: Aids Rock|[spread] p1a\n|-activate|p1b: Ting-Lu My Balls|move: Protect\n|-immune|p2b: Squawkabilly\n|-supereffective|p1a: Aids Rock\n|-damage|p1a: Aids Rock|49\/100\n|move|p1a: Aids Rock|Power Gem|p2b: Squawkabilly\n|-supereffective|p2b: Squawkabilly\n|-damage|p2b: Squawkabilly|0 fnt\n|faint|p2b: Squawkabilly\n|\n|upkeep\n|\n|t:|1684157981\n|switch|p2b: Amoonguss|Amoonguss, L50, F|100\/100\n|turn|3\n|\n|t:|1684157997\n|move|p2a: Ting-Lu|Protect|p2a: Ting-Lu\n|-singleturn|p2a: Ting-Lu|Protect\n|move|p2b: Amoonguss|Spore|p1b: Ting-Lu My Balls\n|-status|p1b: Ting-Lu My Balls|slp|[from] move: Spore\n|move|p1a: Aids Rock|Power Gem|p2b: Amoonguss\n|-damage|p2b: Amoonguss|90\/100\n|cant|p1b: Ting-Lu My Balls|slp\n|\n|upkeep\n|turn|4\n|\n|t:|1684158018\n|move|p2b: Amoonguss|Spore|p1a: Aids Rock\n|-status|p1a: Aids Rock|slp|[from] move: Spore\n|cant|p1a: Aids Rock|slp\n|-curestatus|p1b: Ting-Lu My Balls|slp|[msg]\n|move|p1b: Ting-Lu My Balls|Earth Power|p2b: Amoonguss\n|-damage|p2b: Amoonguss|47\/100\n|-damage|p1b: Ting-Lu My Balls|81\/100|[from] item: Life Orb\n|move|p2a: Ting-Lu|Whirlwind|p1a: Aids Rock\n|drag|p1a: Untitled|Amoonguss, L50, F|100\/100\n|\n|-sideend|p2: C4CTUSK1NG|move: Tailwind\n|upkeep\n|turn|5\n|\n|t:|1684158049\n|move|p1a: Untitled|Seed Bomb|p2a: Ting-Lu\n|-supereffective|p2a: Ting-Lu\n|-damage|p2a: Ting-Lu|43\/100\n|move|p2a: Ting-Lu|Throat Chop|p1a: Untitled\n|-damage|p1a: Untitled|55\/100\n|-start|p1a: Untitled|Throat Chop|[silent]\n|move|p1b: Ting-Lu My Balls|Earth Power|p2b: Amoonguss\n|-damage|p2b: Amoonguss|15\/100\n|-enditem|p2b: Amoonguss|Wiki Berry|[eat]\n|-heal|p2b: Amoonguss|48\/100|[from] item: Wiki Berry\n|-damage|p1b: Ting-Lu My Balls|71\/100|[from] item: Life Orb\n|move|p2b: Amoonguss|Spore|p1b: Ting-Lu My Balls\n|-status|p1b: Ting-Lu My Balls|slp|[from] move: Spore\n|\n|-heal|p2a: Ting-Lu|49\/100|[from] item: Leftovers\n|upkeep\n|turn|6\n|\n|t:|1684158072\n|-terastallize|p2a: Ting-Lu|Fairy\n|move|p1a: Untitled|Seed Bomb|p2a: Ting-Lu\n|-damage|p2a: Ting-Lu|20\/100\n|move|p2a: Ting-Lu|Throat Chop|p1a: Untitled\n|-damage|p1a: Untitled|12\/100\n|cant|p1b: Ting-Lu My Balls|slp\n|move|p2b: Amoonguss|Pollen Puff|p2a: Ting-Lu\n|-heal|p2a: Ting-Lu|70\/100\n|\n|-heal|p2a: Ting-Lu|76\/100|[from] item: Leftovers\n|-end|p1a: Untitled|Throat Chop|[silent]\n|upkeep\n|turn|7\n|\n|t:|1684158092\n|move|p2a: Ting-Lu|Protect|p2a: Ting-Lu\n|-singleturn|p2a: Ting-Lu|Protect\n|move|p1a: Untitled|Seed Bomb|p2b: Amoonguss\n|-resisted|p2b: Amoonguss\n|-damage|p2b: Amoonguss|37\/100\n|-curestatus|p1b: Ting-Lu My Balls|slp|[msg]\n|move|p1b: Ting-Lu My Balls|Earth Power|p2b: Amoonguss\n|-damage|p2b: Amoonguss|8\/100\n|-damage|p1b: Ting-Lu My Balls|61\/100|[from] item: Life Orb\n|move|p2b: Amoonguss|Pollen Puff|p1a: Untitled\n|-damage|p1a: Untitled|0 fnt\n|faint|p1a: Untitled\n|\n|-heal|p2a: Ting-Lu|82\/100|[from] item: Leftovers\n|upkeep\n|\n|t:|1684158112\n|switch|p1a: Sandy Cocks|Sandy Shocks, L50|100\/100\n|turn|8\n|\n|t:|1684158129\n|move|p1b: Ting-Lu My Balls|Protect|p1b: Ting-Lu My Balls\n|-singleturn|p1b: Ting-Lu My Balls|Protect\n|move|p2b: Amoonguss|Rage Powder|p2b: Amoonguss\n|-singleturn|p2b: Amoonguss|move: Rage Powder\n|move|p1a: Sandy Cocks|Earthquake|p2a: Ting-Lu|[spread] p2a,p2b\n|-activate|p1b: Ting-Lu My Balls|move: Protect\n|-damage|p2a: Ting-Lu|63\/100\n|-damage|p2b: Amoonguss|0 fnt\n|faint|p2b: Amoonguss\n|move|p2a: Ting-Lu|Earthquake|p1a: Sandy Cocks|[spread] p1a\n|-activate|p1b: Ting-Lu My Balls|move: Protect\n|-supereffective|p1a: Sandy Cocks\n|-damage|p1a: Sandy Cocks|30\/100\n|\n|-heal|p2a: Ting-Lu|69\/100|[from] item: Leftovers\n|upkeep\n|turn|9\n|\n|t:|1684158156\n|move|p1a: Sandy Cocks|Wild Charge|p2a: Ting-Lu\n|-crit|p2a: Ting-Lu\n|-damage|p2a: Ting-Lu|39\/100\n|-damage|p1a: Sandy Cocks|18\/100|[from] Recoil\n|move|p1b: Ting-Lu My Balls|Earth Power|p2a: Ting-Lu\n|-damage|p2a: Ting-Lu|14\/100\n|-damage|p1b: Ting-Lu My Balls|51\/100|[from] item: Life Orb\n|move|p2a: Ting-Lu|Earthquake|p1b: Ting-Lu My Balls|[spread] p1a,p1b\n|-supereffective|p1a: Sandy Cocks\n|-crit|p1a: Sandy Cocks\n|-damage|p1a: Sandy Cocks|0 fnt\n|-damage|p1b: Ting-Lu My Balls|33\/100\n|faint|p1a: Sandy Cocks\n|-end|p1a: Sandy Cocks|Protosynthesis|[silent]\n|\n|-heal|p2a: Ting-Lu|20\/100|[from] item: Leftovers\n|upkeep\n|\n|t:|1684158170\n|switch|p1a: Aids Rock|Stonjourner, L50, M|49\/100 slp\n|turn|10\n|\n|t:|1684158183\n|move|p2a: Ting-Lu|Protect|p2a: Ting-Lu\n|-singleturn|p2a: Ting-Lu|Protect\n|-curestatus|p1a: Aids Rock|slp|[msg]\n|move|p1a: Aids Rock|Hyper Beam|p2a: Ting-Lu\n|-activate|p2a: Ting-Lu|move: Protect\n|move|p1b: Ting-Lu My Balls|Earth Power|p2a: Ting-Lu\n|-activate|p2a: Ting-Lu|move: Protect\n|\n|-heal|p2a: Ting-Lu|26\/100|[from] item: Leftovers\n|upkeep\n|turn|11\n|\n|t:|1684158203\n|move|p1a: Aids Rock|Hyper Beam|p2a: Ting-Lu\n|-damage|p2a: Ting-Lu|15\/100\n|-mustrecharge|p1a: Aids Rock\n|move|p1b: Ting-Lu My Balls|Earth Power|p2a: Ting-Lu\n|-damage|p2a: Ting-Lu|0 fnt\n|faint|p2a: Ting-Lu\n|-damage|p1b: Ting-Lu My Balls|23\/100|[from] item: Life Orb\n|\n|win|Someguy459\n","uploadtime":1684158231,"views":8,"p1id":"someguy459","p2id":"c4ctusk1ng","formatid":"gen9vgc2023regulationc","rating":0,"private":0,"password":""}