{"id":"gen9vgc2023regulationc-1857407497","p1":"Champ.Braeden","p2":"9Tales2BTold","format":"[Gen 9] VGC 2023 Regulation C","log":"|j|\u2606Champ.Braeden\n|j|\u26069Tales2BTold\n|t:|1683188180\n|gametype|doubles\n|player|p1|Champ.Braeden|hoopster|1318\n|player|p2|9Tales2BTold|265|1213\n|teamsize|p1|6\n|teamsize|p2|6\n|gen|9\n|tier|[Gen 9] VGC 2023 Regulation C\n|rated|\n|rule|Species Clause: Limit one of each Pok\u00e9mon\n|rule|Item Clause: Limit one of each item\n|clearpoke\n|poke|p1|Annihilape, L50, M|\n|poke|p1|Chien-Pao, L50|\n|poke|p1|Scizor, L50, F|\n|poke|p1|Ting-Lu, L50|\n|poke|p1|Palafin, L50, M|\n|poke|p1|Dragonite, L50, F|\n|poke|p2|Ting-Lu, L50|\n|poke|p2|Glimmora, L50, F|\n|poke|p2|Mimikyu, L50, M|\n|poke|p2|Flutter Mane, L50|\n|poke|p2|Garganacl, L50, F|\n|poke|p2|Amoonguss, L50, M|\n|teampreview|4\n|inactive|Battle timer is ON: inactive players will automatically lose when time's up. (requested by 9Tales2BTold)\n|inactive|9Tales2BTold has 60 seconds left.\nChamp.Braeden rejected open team sheets.\n|inactive|9Tales2BTold has 30 seconds left.\n|\n|t:|1683188248\n|start\n|switch|p1a: Scizor|Scizor, L50, F|100\/100\n|switch|p1b: Palafin|Palafin, L50, M|100\/100\n|switch|p2a: Flutter Mane|Flutter Mane, L50|100\/100\n|switch|p2b: Garganacl|Garganacl, L50, F|100\/100\n|-enditem|p2a: Flutter Mane|Booster Energy\n|-activate|p2a: Flutter Mane|ability: Protosynthesis|[fromitem]\n|-start|p2a: Flutter Mane|protosynthesisspa\n|turn|1\n|\n|t:|1683188265\n|detailschange|p1b: Palafin|Palafin-Hero, L50, M\n|switch|p1b: Ting-Lu|Ting-Lu, L50|100\/100\n|-ability|p1b: Ting-Lu|Vessel of Ruin\n|move|p1a: Scizor|Bullet Punch|p2a: Flutter Mane\n|-supereffective|p2a: Flutter Mane\n|-damage|p2a: Flutter Mane|9\/100\n|move|p2b: Garganacl|Salt Cure|p1b: Ting-Lu\n|-resisted|p1b: Ting-Lu\n|-damage|p1b: Ting-Lu|97\/100\n|-start|p1b: Ting-Lu|Salt Cure\n|move|p2a: Flutter Mane|Trick Room|p2a: Flutter Mane\n|-fieldstart|move: Trick Room|[of] p2a: Flutter Mane\n|\n|-damage|p1b: Ting-Lu|85\/100|[from] Salt Cure\n|upkeep\n|turn|2\n|\n|t:|1683188288\n|-end|p2a: Flutter Mane|Protosynthesis|[silent]\n|switch|p2a: Amoonguss|Amoonguss, L50, M|100\/100\n|move|p2b: Garganacl|Wide Guard|p2b: Garganacl\n|-singleturn|p2b: Garganacl|Wide Guard\n|move|p1b: Ting-Lu|Rock Slide|p2a: Amoonguss|[spread] \n|-activate|p2a: Amoonguss|move: Wide Guard\n|-activate|p2b: Garganacl|move: Wide Guard\n|move|p1a: Scizor|Swords Dance|p1a: Scizor\n|-boost|p1a: Scizor|atk|2\n|\n|-damage|p1b: Ting-Lu|73\/100|[from] Salt Cure\n|upkeep\n|turn|3\n|inactive|Champ.Braeden has 30 seconds left.\n|inactive|9Tales2BTold has 30 seconds left.\n|\n|t:|1683188316\n|-terastallize|p1a: Scizor|Water\n|move|p2a: Amoonguss|Spore|p1b: Ting-Lu\n|-status|p1b: Ting-Lu|slp|[from] move: Spore\n|move|p2b: Garganacl|Salt Cure|p1a: Scizor\n|-damage|p1a: Scizor|88\/100\n|-start|p1a: Scizor|Salt Cure\n|cant|p1b: Ting-Lu|slp\n|move|p1a: Scizor|Tera Blast|p2b: Garganacl\n|-supereffective|p2b: Garganacl\n|-damage|p2b: Garganacl|0 fnt\n|faint|p2b: Garganacl\n|\n|-damage|p1b: Ting-Lu|61\/100 slp|[from] Salt Cure\n|-damage|p1a: Scizor|63\/100|[from] Salt Cure\n|upkeep\n|\n|t:|1683188337\n|switch|p2b: Glimmora|Glimmora, L50, F|100\/100\n|turn|4\n|\n|t:|1683188354\n|move|p2b: Glimmora|Spiky Shield|p2b: Glimmora\n|-singleturn|p2b: Glimmora|move: Protect\n|move|p2a: Amoonguss|Spore|p1a: Scizor\n|-activate|p1a: Scizor|item: Safety Goggles|Spore\n|-curestatus|p1b: Ting-Lu|slp|[msg]\n|move|p1b: Ting-Lu|Stomping Tantrum|p2a: Amoonguss\n|-damage|p2a: Amoonguss|54\/100\n|-damage|p1b: Ting-Lu|44\/100|[from] item: Rocky Helmet|[of] p2a: Amoonguss\n|move|p1a: Scizor|X-Scissor|p2a: Amoonguss\n|-damage|p2a: Amoonguss|0 fnt\n|-damage|p1a: Scizor|47\/100|[from] item: Rocky Helmet|[of] p2a: Amoonguss\n|faint|p2a: Amoonguss\n|\n|-damage|p1b: Ting-Lu|32\/100|[from] Salt Cure\n|-damage|p1a: Scizor|22\/100|[from] Salt Cure\n|upkeep\n|\n|t:|1683188366\n|switch|p2a: Flutter Mane|Flutter Mane, L50|9\/100\n|turn|5\n|\n|t:|1683188382\n|move|p1a: Scizor|Bullet Punch|p2b: Glimmora\n|-supereffective|p2b: Glimmora\n|-damage|p2b: Glimmora|0 fnt\n|faint|p2b: Glimmora\n|move|p1b: Ting-Lu|Rock Slide|p2a: Flutter Mane\n|-damage|p2a: Flutter Mane|0 fnt\n|faint|p2a: Flutter Mane\n|-end|p2a: Flutter Mane|Protosynthesis|[silent]\n|\n|win|Champ.Braeden\n|raw|Champ.Braeden's rating: 1318 → 1332<\/strong> (+14 for winning)\n|raw|9Tales2BTold's rating: 1213 → 1195<\/strong> (-18 for losing)\n|l|\u26069Tales2BTold\n|c|\u2606Champ.Braeden|Gg\n","uploadtime":1683188394,"views":14,"p1id":"champbraeden","p2id":"9tales2btold","formatid":"gen9vgc2023regulationc","rating":1195,"private":0,"password":""}