{"id":"gen9vgc2023regulationc-1859653962","p1":"KingPhoenix0","p2":"Rafiantblue","format":"[Gen 9] VGC 2023 Regulation C","log":"|j|\u2606KingPhoenix0\n|j|\u2606Rafiantblue\n|t:|1683553087\n|gametype|doubles\n|player|p1|KingPhoenix0|266|1000\n|player|p2|Rafiantblue|170|1000\n|teamsize|p1|4\n|teamsize|p2|6\n|gen|9\n|tier|[Gen 9] VGC 2023 Regulation C\n|rated|\n|rule|Species Clause: Limit one of each Pok\u00e9mon\n|rule|Item Clause: Limit one of each item\n|clearpoke\n|poke|p1|Annihilape, L50, M|\n|poke|p1|Maushold, L50|\n|poke|p1|Cetitan, L50, F|\n|poke|p1|Flamigo, L50, F|\n|poke|p2|Slaking, L50, M|\n|poke|p2|Torkoal, L50, F|\n|poke|p2|Oranguru, L50, F|\n|poke|p2|Sableye, L50, F|\n|poke|p2|Roaring Moon, L50|\n|poke|p2|Brute Bonnet, L50|\n|teampreview|4\n|\n|t:|1683553120\n|start\n|switch|p1a: Annihilape|Annihilape, L50, M, shiny|100\/100\n|switch|p1b: Maushold|Maushold, L50, shiny|100\/100\n|switch|p2a: Slaking|Slaking, L50, M|100\/100\n|switch|p2b: Sableye|Sableye, L50, F|100\/100\n|turn|1\n|inactive|Battle timer is ON: inactive players will automatically lose when time's up. (requested by Rafiantblue)\n|\n|t:|1683553143\n|move|p2b: Sableye|Skill Swap|p2a: Slaking\n|-activate|p2b: Sableye|move: Skill Swap|||[of] p2a: Slaking\n|move|p2a: Slaking|Curse|p2a: Slaking\n|-unboost|p2a: Slaking|spe|1\n|-boost|p2a: Slaking|atk|1\n|-boost|p2a: Slaking|def|1\n|move|p1b: Maushold|Beat Up|p1a: Annihilape\n|-damage|p1a: Annihilape|98\/100\n|-damage|p1a: Annihilape|96\/100\n|-damage|p1a: Annihilape|94\/100\n|-damage|p1a: Annihilape|92\/100\n|-hitcount|p1a: Annihilape|4\n|move|p1a: Annihilape|Rage Fist|p2b: Sableye\n|-crit|p2b: Sableye\n|-damage|p2b: Sableye|0 fnt\n|faint|p2b: Sableye\n|\n|upkeep\n|\n|t:|1683553166\n|switch|p2b: Torkoal|Torkoal, L50, F|100\/100\n|-weather|SunnyDay|[from] ability: Drought|[of] p2b: Torkoal\n|turn|2\n|\n|t:|1683553187\n|move|p2b: Torkoal|Protect|p2b: Torkoal\n|-singleturn|p2b: Torkoal|Protect\n|move|p2a: Slaking|Curse|p2a: Slaking\n|-unboost|p2a: Slaking|spe|1\n|-boost|p2a: Slaking|atk|1\n|-boost|p2a: Slaking|def|1\n|move|p1b: Maushold|Encore|p2a: Slaking\n|-start|p2a: Slaking|Encore\n|move|p1a: Annihilape|Drain Punch|p2a: Slaking\n|-supereffective|p2a: Slaking\n|-damage|p2a: Slaking|70\/100\n|-heal|p1a: Annihilape|100\/100|[from] drain|[of] p2a: Slaking\n|\n|-weather|SunnyDay|[upkeep]\n|-heal|p2a: Slaking|76\/100|[from] item: Leftovers\n|upkeep\n|turn|3\n|\n|t:|1683553212\n|switch|p2b: Oranguru|Oranguru, L50, F|100\/100\n|move|p2a: Slaking|Curse|p2a: Slaking\n|-unboost|p2a: Slaking|spe|1\n|-boost|p2a: Slaking|atk|1\n|-boost|p2a: Slaking|def|1\n|move|p1b: Maushold|Encore||[still]\n|-fail|p1b: Maushold\n|move|p1a: Annihilape|Rage Fist|p2b: Oranguru\n|-immune|p2b: Oranguru\n|\n|-weather|SunnyDay|[upkeep]\n|-heal|p2a: Slaking|83\/100|[from] item: Leftovers\n|upkeep\n|turn|4\n|inactive|KingPhoenix0 has 30 seconds left.\n|inactive|KingPhoenix0 has 20 seconds left.\n|\n|t:|1683553251\n|move|p2a: Slaking|Curse|p2a: Slaking\n|-unboost|p2a: Slaking|spe|1\n|-boost|p2a: Slaking|atk|1\n|-boost|p2a: Slaking|def|1\n|move|p1b: Maushold|Beat Up|p2b: Oranguru\n|-supereffective|p2b: Oranguru\n|-crit|p2b: Oranguru\n|-damage|p2b: Oranguru|91\/100\n|-supereffective|p2b: Oranguru\n|-crit|p2b: Oranguru\n|-damage|p2b: Oranguru|83\/100\n|-supereffective|p2b: Oranguru\n|-damage|p2b: Oranguru|77\/100\n|-supereffective|p2b: Oranguru\n|-damage|p2b: Oranguru|72\/100\n|-hitcount|p2b: Oranguru|4\n|move|p1a: Annihilape|Poison Jab|p2a: Slaking\n|-damage|p2a: Slaking|76\/100\n|move|p2b: Oranguru|Trick Room|p2b: Oranguru\n|-fieldstart|move: Trick Room|[of] p2b: Oranguru\n|\n|-weather|SunnyDay|[upkeep]\n|-heal|p2a: Slaking|82\/100|[from] item: Leftovers\n|upkeep\n|turn|5\n|inactive|Rafiantblue has 30 seconds left.\n|\n|t:|1683553276\n|move|p2a: Slaking|Curse|p2a: Slaking\n|-unboost|p2a: Slaking|spe|1\n|-boost|p2a: Slaking|atk|1\n|-boost|p2a: Slaking|def|1\n|move|p2b: Oranguru|Psychic|p1a: Annihilape\n|-supereffective|p1a: Annihilape\n|-damage|p1a: Annihilape|57\/100\n|move|p1a: Annihilape|Drain Punch|p2b: Oranguru\n|-damage|p2b: Oranguru|21\/100\n|-heal|p1a: Annihilape|84\/100|[from] drain|[of] p2b: Oranguru\n|move|p1b: Maushold|Copycat|p1b: Maushold\n|move|p1b: Maushold|Drain Punch|p2b: Oranguru|[from]move: Copycat\n|-damage|p2b: Oranguru|7\/100\n|\n|-weather|SunnyDay|[upkeep]\n|-heal|p2a: Slaking|88\/100|[from] item: Leftovers\n|-end|p2a: Slaking|Encore\n|upkeep\n|turn|6\n|inactive|KingPhoenix0 has 30 seconds left.\n|inactive|KingPhoenix0 has 20 seconds left.\n|inactive|KingPhoenix0 has 15 seconds left.\n|\n|t:|1683553319\n|move|p2a: Slaking|Aerial Ace|p1a: Annihilape\n|-supereffective|p1a: Annihilape\n|-damage|p1a: Annihilape|0 fnt\n|faint|p1a: Annihilape\n|move|p2b: Oranguru|Instruct|p2a: Slaking\n|-singleturn|p2a: Slaking|move: Instruct|[of] p2b: Oranguru\n|move|p2a: Slaking|Aerial Ace|p1b: Maushold\n|-damage|p1b: Maushold|12\/100\n|move|p1b: Maushold|Copycat|p1b: Maushold\n|move|p1b: Maushold|Aerial Ace|p2a: Slaking|[from]move: Copycat\n|-damage|p2a: Slaking|86\/100\n|\n|-weather|none\n|-heal|p2a: Slaking|92\/100|[from] item: Leftovers\n|upkeep\n|\n|t:|1683553335\n|switch|p1a: Cetitan|Cetitan, L50, F|100\/100\n|turn|7\n|\n|t:|1683553353\n|move|p2a: Slaking|Aerial Ace|p1a: Cetitan\n|-damage|p1a: Cetitan|46\/100\n|-enditem|p1a: Cetitan|Sitrus Berry|[eat]\n|-heal|p1a: Cetitan|71\/100|[from] item: Sitrus Berry\n|move|p2b: Oranguru|Instruct|p2a: Slaking\n|-singleturn|p2a: Slaking|move: Instruct|[of] p2b: Oranguru\n|move|p2a: Slaking|Aerial Ace|p1a: Cetitan\n|-damage|p1a: Cetitan|12\/100\n|move|p1a: Cetitan|Yawn|p2a: Slaking\n|-start|p2a: Slaking|move: Yawn|[of] p1a: Cetitan\n|move|p1b: Maushold|Beat Up|p2b: Oranguru\n|-supereffective|p2b: Oranguru\n|-damage|p2b: Oranguru|0 fnt\n|faint|p2b: Oranguru\n|-hitcount|p2: Oranguru|1\n|\n|-heal|p2a: Slaking|98\/100|[from] item: Leftovers\n|upkeep\n|\n|t:|1683553373\n|switch|p2b: Torkoal|Torkoal, L50, F|100\/100\n|-weather|SunnyDay|[from] ability: Drought|[of] p2b: Torkoal\n|turn|8\n|\n|t:|1683553396\n|move|p2b: Torkoal|Eruption|p1b: Maushold|[spread] p1a,p1b\n|-supereffective|p1a: Cetitan\n|-damage|p1a: Cetitan|0 fnt\n|-damage|p1b: Maushold|0 fnt\n|faint|p1a: Cetitan\n|faint|p1b: Maushold\n|move|p2a: Slaking|Aerial Ace|p1: Cetitan|[notarget]\n|-fail|p2a: Slaking\n|\n|-weather|SunnyDay|[upkeep]\n|-heal|p2a: Slaking|100\/100|[from] item: Leftovers\n|-end|p2a: Slaking|move: Yawn|[silent]\n|-status|p2a: Slaking|slp\n|-fieldend|move: Trick Room\n|upkeep\n|\n|t:|1683553409\n|switch|p1a: Flamigo|Flamigo, L50, F|100\/100\n|turn|9\n|\n|t:|1683553419\n|-terastallize|p2a: Slaking|Ghost\n|move|p2b: Torkoal|Protect|p2b: Torkoal\n|-singleturn|p2b: Torkoal|Protect\n|cant|p2a: Slaking|slp\n|move|p1a: Flamigo|Liquidation|p2b: Torkoal\n|-activate|p2b: Torkoal|move: Protect\n|\n|-weather|SunnyDay|[upkeep]\n|upkeep\n|turn|10\n|\n|t:|1683553437\n|move|p1a: Flamigo|Liquidation|p2b: Torkoal\n|-supereffective|p2b: Torkoal\n|-damage|p2b: Torkoal|81\/100\n|cant|p2a: Slaking|slp\n|move|p2b: Torkoal|Overheat|p1a: Flamigo\n|-crit|p1a: Flamigo\n|-damage|p1a: Flamigo|0 fnt\n|-unboost|p2b: Torkoal|spa|2\n|faint|p1a: Flamigo\n|\n|win|Rafiantblue\n|raw|KingPhoenix0's rating: 1000 → 1000<\/strong> (+0 for losing)\n|raw|Rafiantblue's rating: 1000 → 1040<\/strong> (+40 for winning)\n|l|\u2606KingPhoenix0\n","uploadtime":1683553456,"views":6,"p1id":"kingphoenix0","p2id":"rafiantblue","formatid":"gen9vgc2023regulationc","rating":1000,"private":0,"password":""}