{"id":"gen9vgc2023regulationc-1857010054","p1":"WOLFIELIL","p2":"abcuskdhd","format":"[Gen 9] VGC 2023 Regulation C","log":"|j|\u2606WOLFIELIL\n|j|\u2606abcuskdhd\n|t:|1683136353\n|gametype|doubles\n|player|p1|WOLFIELIL|brycenman|1256\n|player|p2|abcuskdhd|265|1190\n|teamsize|p1|6\n|teamsize|p2|6\n|gen|9\n|tier|[Gen 9] VGC 2023 Regulation C\n|rated|\n|rule|Species Clause: Limit one of each Pok\u00e9mon\n|rule|Item Clause: Limit one of each item\n|clearpoke\n|poke|p1|Maushold-Four, L50|\n|poke|p1|Ting-Lu, L50|\n|poke|p1|Wo-Chien, L50|\n|poke|p1|Dragonite, L50, M|\n|poke|p1|Arcanine, L50, M|\n|poke|p1|Gholdengo, L50|\n|poke|p2|Chien-Pao, L50|\n|poke|p2|Garchomp, L50, M|\n|poke|p2|Scizor, L50, F|\n|poke|p2|Gyarados, L50, F|\n|poke|p2|Farigiraf, L50, F|\n|poke|p2|Iron Hands, L50|\n|teampreview|4\n|inactive|Battle timer is ON: inactive players will automatically lose when time's up. (requested by abcuskdhd)\n|inactive|WOLFIELIL has 60 seconds left.\n|\n|t:|1683136405\n|start\n|switch|p1a: Ting-Lu|Ting-Lu, L50|100\/100\n|switch|p1b: Arcanine|Arcanine, L50, M|100\/100\n|switch|p2a: Chien-Pao|Chien-Pao, L50|100\/100\n|switch|p2b: Garchomp|Garchomp, L50, M|100\/100\n|-ability|p2a: Chien-Pao|Sword of Ruin\n|-ability|p1b: Arcanine|Intimidate|boost\n|-unboost|p2a: Chien-Pao|atk|1\n|-unboost|p2b: Garchomp|atk|1\n|-ability|p1a: Ting-Lu|Vessel of Ruin\n|turn|1\n|inactive|WOLFIELIL has 30 seconds left.\n|inactive|abcuskdhd has 30 seconds left.\n|inactive|WOLFIELIL has 20 seconds left.\n|inactive|abcuskdhd has 20 seconds left.\n|inactive|WOLFIELIL has 15 seconds left.\n|inactive|WOLFIELIL has 10 seconds left.\n|\n|t:|1683136455\n|-terastallize|p2a: Chien-Pao|Flying\n|-terastallize|p1b: Arcanine|Flying\n|move|p2b: Garchomp|Earthquake|p1b: Arcanine|[spread] p1a\n|-immune|p2a: Chien-Pao\n|-immune|p1b: Arcanine\n|-damage|p1a: Ting-Lu|79\/100\n|move|p2a: Chien-Pao|Haze|p2a: Chien-Pao\n|-clearallboost\n|move|p1b: Arcanine|Howl|p1b: Arcanine|[spread] p1a,p1b\n|-boost|p1a: Ting-Lu|atk|1\n|-boost|p1b: Arcanine|atk|1\n|move|p1a: Ting-Lu|Earthquake|p2a: Chien-Pao|[spread] p2b\n|-immune|p1b: Arcanine\n|-immune|p2a: Chien-Pao\n|-damage|p2b: Garchomp|34\/100\n|\n|upkeep\n|turn|2\n|inactive|abcuskdhd has 30 seconds left.\n|inactive|abcuskdhd has 20 seconds left.\n|\n|t:|1683136491\n|switch|p2b: Gyarados|Gyarados, L50, F|100\/100\n|-ability|p2b: Gyarados|Intimidate|boost\n|-unboost|p1a: Ting-Lu|atk|1\n|-unboost|p1b: Arcanine|atk|1\n|move|p2a: Chien-Pao|Ice Spinner|p1a: Ting-Lu\n|-supereffective|p1a: Ting-Lu\n|-damage|p1a: Ting-Lu|17\/100\n|move|p1b: Arcanine|Will-O-Wisp|p2a: Chien-Pao\n|-status|p2a: Chien-Pao|brn\n|move|p1a: Ting-Lu|Stomping Tantrum|p2b: Gyarados\n|-immune|p2b: Gyarados\n|\n|-damage|p2a: Chien-Pao|95\/100 brn|[from] brn\n|upkeep\n|turn|3\n|inactive|abcuskdhd has 30 seconds left.\n|inactive|abcuskdhd has 20 seconds left.\n|inactive|abcuskdhd has 15 seconds left.\n|\n|t:|1683136532\n|switch|p1a: Gholdengo|Gholdengo, L50|100\/100\n|move|p2a: Chien-Pao|Ice Spinner|p1b: Arcanine\n|-supereffective|p1b: Arcanine\n|-damage|p1b: Arcanine|39\/100\n|move|p1b: Arcanine|Will-O-Wisp|p2b: Gyarados\n|-status|p2b: Gyarados|brn\n|move|p2b: Gyarados|Waterfall|p1a: Gholdengo\n|-crit|p1a: Gholdengo\n|-damage|p1a: Gholdengo|66\/100\n|\n|-heal|p1a: Gholdengo|72\/100|[from] item: Leftovers\n|-damage|p2a: Chien-Pao|89\/100 brn|[from] brn\n|-damage|p2b: Gyarados|95\/100 brn|[from] brn\n|upkeep\n|turn|4\n|inactive|WOLFIELIL has 30 seconds left.\n|inactive|abcuskdhd has 30 seconds left.\n|inactive|WOLFIELIL has 20 seconds left.\n|\n|t:|1683136568\n|move|p1a: Gholdengo|Protect|p1a: Gholdengo\n|-singleturn|p1a: Gholdengo|Protect\n|move|p1b: Arcanine|Extreme Speed|p2a: Chien-Pao\n|-damage|p2a: Chien-Pao|59\/100 brn\n|move|p2a: Chien-Pao|Ice Spinner|p1b: Arcanine\n|-supereffective|p1b: Arcanine\n|-damage|p1b: Arcanine|0 fnt\n|faint|p1b: Arcanine\n|move|p2b: Gyarados|Thunder Wave|p1a: Gholdengo\n|-activate|p1a: Gholdengo|move: Protect\n|\n|-heal|p1a: Gholdengo|77\/100|[from] item: Leftovers\n|-damage|p2a: Chien-Pao|53\/100 brn|[from] brn\n|-damage|p2b: Gyarados|89\/100 brn|[from] brn\n|upkeep\n|\n|t:|1683136580\n|switch|p1b: Ting-Lu|Ting-Lu, L50|17\/100\n|-ability|p1b: Ting-Lu|Vessel of Ruin\n|turn|5\n|inactive|WOLFIELIL has 30 seconds left.\n|\n|t:|1683136609\n|move|p2a: Chien-Pao|Sucker Punch||[still]\n|-fail|p2a: Chien-Pao\n|move|p1a: Gholdengo|Nasty Plot|p1a: Gholdengo\n|-boost|p1a: Gholdengo|spa|2\n|move|p2b: Gyarados|Waterfall|p1b: Ting-Lu\n|-supereffective|p1b: Ting-Lu\n|-damage|p1b: Ting-Lu|0 fnt\n|faint|p1b: Ting-Lu\n|\n|-heal|p1a: Gholdengo|83\/100|[from] item: Leftovers\n|-damage|p2a: Chien-Pao|48\/100 brn|[from] brn\n|-damage|p2b: Gyarados|83\/100 brn|[from] brn\n|upkeep\n|\n|t:|1683136616\n|switch|p1b: Wo-Chien|Wo-Chien, L50|100\/100\n|-ability|p1b: Wo-Chien|Tablets of Ruin\n|turn|6\n|inactive|abcuskdhd has 30 seconds left.\n|inactive|abcuskdhd has 20 seconds left.\n|inactive|abcuskdhd has 15 seconds left.\n|inactive|abcuskdhd has 10 seconds left.\n|\n|t:|1683136662\n|move|p1a: Gholdengo|Protect|p1a: Gholdengo\n|-singleturn|p1a: Gholdengo|Protect\n|move|p2a: Chien-Pao|Haze|p2a: Chien-Pao\n|-clearallboost\n|move|p2b: Gyarados|Thunder Wave|p1a: Gholdengo\n|-activate|p1a: Gholdengo|move: Protect\n|move|p1b: Wo-Chien|Leech Seed|p2a: Chien-Pao\n|-start|p2a: Chien-Pao|move: Leech Seed\n|\n|-heal|p1a: Gholdengo|89\/100|[from] item: Leftovers\n|-damage|p2a: Chien-Pao|35\/100 brn|[from] Leech Seed|[of] p1b: Wo-Chien\n|-damage|p2a: Chien-Pao|30\/100 brn|[from] brn\n|-damage|p2b: Gyarados|77\/100 brn|[from] brn\n|upkeep\n|turn|7\n|inactive|abcuskdhd has 30 seconds left.\n|\n|t:|1683136687\n|move|p2a: Chien-Pao|Sucker Punch||[still]\n|-fail|p2a: Chien-Pao\n|move|p1a: Gholdengo|Nasty Plot|p1a: Gholdengo\n|-boost|p1a: Gholdengo|spa|2\n|move|p2b: Gyarados|Waterfall|p1a: Gholdengo\n|-damage|p1a: Gholdengo|71\/100\n|move|p1b: Wo-Chien|Leech Seed|p2b: Gyarados|[miss]\n|-miss|p1b: Wo-Chien|p2b: Gyarados\n|\n|-heal|p1a: Gholdengo|77\/100|[from] item: Leftovers\n|-damage|p2a: Chien-Pao|17\/100 brn|[from] Leech Seed|[of] p1b: Wo-Chien\n|-damage|p2a: Chien-Pao|11\/100 brn|[from] brn\n|-damage|p2b: Gyarados|71\/100 brn|[from] brn\n|upkeep\n|turn|8\n|inactive|abcuskdhd has 30 seconds left.\n|\n|t:|1683136717\n|move|p2a: Chien-Pao|Haze|p2a: Chien-Pao\n|-clearallboost\n|move|p1a: Gholdengo|Nasty Plot|p1a: Gholdengo\n|-boost|p1a: Gholdengo|spa|2\n|move|p2b: Gyarados|Taunt|p1b: Wo-Chien\n|-start|p1b: Wo-Chien|move: Taunt\n|cant|p1b: Wo-Chien|move: Taunt|Leech Seed\n|\n|-heal|p1a: Gholdengo|83\/100|[from] item: Leftovers\n|-damage|p2a: Chien-Pao|0 fnt|[from] Leech Seed|[of] p1b: Wo-Chien\n|faint|p2a: Chien-Pao\n|-damage|p2b: Gyarados|65\/100 brn|[from] brn\n|upkeep\n|\n|t:|1683136733\n|switch|p2a: Garchomp|Garchomp, L50, M|34\/100\n|turn|9\n|inactive|abcuskdhd has 30 seconds left.\n|\n|t:|1683136763\n|move|p1a: Gholdengo|Protect|p1a: Gholdengo\n|-singleturn|p1a: Gholdengo|Protect\n|move|p2a: Garchomp|Earthquake|p1a: Gholdengo|[spread] p1b\n|-activate|p1a: Gholdengo|move: Protect\n|-immune|p2b: Gyarados\n|-resisted|p1b: Wo-Chien\n|-damage|p1b: Wo-Chien|89\/100\n|move|p2b: Gyarados|Thunder Wave|p1a: Gholdengo\n|-activate|p1a: Gholdengo|move: Protect\n|move|p1b: Wo-Chien|Ruination|p2b: Gyarados\n|-damage|p2b: Gyarados|33\/100 brn\n|-enditem|p2b: Gyarados|Sitrus Berry|[eat]\n|-heal|p2b: Gyarados|57\/100 brn|[from] item: Sitrus Berry\n|\n|-heal|p1a: Gholdengo|88\/100|[from] item: Leftovers\n|-damage|p2b: Gyarados|51\/100 brn|[from] brn\n|upkeep\n|turn|10\n|inactive|abcuskdhd has 30 seconds left.\n|\n|t:|1683136794\n|move|p2a: Garchomp|Earthquake|p1a: Gholdengo|[spread] p1a,p1b\n|-immune|p2b: Gyarados\n|-supereffective|p1a: Gholdengo\n|-resisted|p1b: Wo-Chien\n|-damage|p1a: Gholdengo|34\/100\n|-damage|p1b: Wo-Chien|79\/100\n|move|p1a: Gholdengo|Make It Rain|p2a: Garchomp|[spread] p2a,p2b\n|-resisted|p2b: Gyarados\n|-damage|p2a: Garchomp|0 fnt\n|-damage|p2b: Gyarados|16\/100 brn\n|-unboost|p1a: Gholdengo|spa|1\n|faint|p2a: Garchomp\n|move|p2b: Gyarados|Thunder Wave|p1a: Gholdengo\n|-immune|p1a: Gholdengo|[from] ability: Good as Gold\n|move|p1b: Wo-Chien|Pollen Puff|p1a: Gholdengo\n|-heal|p1a: Gholdengo|84\/100\n|\n|-heal|p1a: Gholdengo|89\/100|[from] item: Leftovers\n|-damage|p2b: Gyarados|10\/100 brn|[from] brn\n|-end|p1b: Wo-Chien|move: Taunt\n|upkeep\n|\n|t:|1683136813\n|switch|p2a: Scizor|Scizor, L50, F|100\/100\n|turn|11\n|inactive|WOLFIELIL has 30 seconds left.\n|inactive|WOLFIELIL has 20 seconds left.\n|\n|t:|1683136851\n|move|p1a: Gholdengo|Make It Rain|p2b: Gyarados|[spread] p2a,p2b\n|-resisted|p2a: Scizor\n|-resisted|p2b: Gyarados\n|-damage|p2a: Scizor|58\/100\n|-damage|p2b: Gyarados|0 fnt\n|-unboost|p1a: Gholdengo|spa|1\n|faint|p2b: Gyarados\n|move|p1b: Wo-Chien|Leech Seed|p2a: Scizor\n|-start|p2a: Scizor|move: Leech Seed\n|move|p2a: Scizor|U-turn|p1b: Wo-Chien\n|-supereffective|p1b: Wo-Chien\n|-damage|p1b: Wo-Chien|0 fnt\n|faint|p1b: Wo-Chien\n|\n|-heal|p1a: Gholdengo|95\/100|[from] item: Leftovers\n|upkeep\n|turn|12\n|\n|t:|1683136872\n|move|p1a: Gholdengo|Protect|p1a: Gholdengo\n|-singleturn|p1a: Gholdengo|Protect\n|move|p2a: Scizor|U-turn|p1a: Gholdengo\n|-activate|p1a: Gholdengo|move: Protect\n|\n|-heal|p1a: Gholdengo|100\/100|[from] item: Leftovers\n|upkeep\n|turn|13\n|\n|t:|1683136880\n|move|p1a: Gholdengo|Shadow Ball|p2a: Scizor\n|-damage|p2a: Scizor|9\/100\n|move|p2a: Scizor|U-turn|p1a: Gholdengo\n|-resisted|p1a: Gholdengo\n|-damage|p1a: Gholdengo|87\/100\n|\n|-heal|p1a: Gholdengo|93\/100|[from] item: Leftovers\n|upkeep\n|turn|14\n|\n|t:|1683136886\n|move|p1a: Gholdengo|Protect|p1a: Gholdengo\n|-singleturn|p1a: Gholdengo|Protect\n|move|p2a: Scizor|U-turn|p1a: Gholdengo\n|-activate|p1a: Gholdengo|move: Protect\n|\n|-heal|p1a: Gholdengo|99\/100|[from] item: Leftovers\n|upkeep\n|turn|15\n|\n|t:|1683136889\n|move|p1a: Gholdengo|Shadow Ball|p2a: Scizor\n|-damage|p2a: Scizor|0 fnt\n|faint|p2a: Scizor\n|\n|win|WOLFIELIL\n|raw|WOLFIELIL's rating: 1256 → 1276<\/strong> (+20 for winning)\n|raw|abcuskdhd's rating: 1190 → 1170<\/strong> (-20 for losing)\n|l|\u2606abcuskdhd\n","uploadtime":1683136943,"views":14,"p1id":"wolfielil","p2id":"abcuskdhd","formatid":"gen9vgc2023regulationc","rating":1170,"private":0,"password":""}