{"id":"gen9vgc2023regulationc-1857802648","p1":"seismattersCORNER","p2":"cualquiercosa7","format":"[Gen 9] VGC 2023 Regulation C","log":"|j|\u2606seismattersCORNER\n|j|\u2606cualquiercosa7\n|t:|1683233319\n|gametype|doubles\n|player|p1|seismattersCORNER|emmet|1160\n|player|p2|cualquiercosa7|1|1117\n|teamsize|p1|6\n|teamsize|p2|6\n|gen|9\n|tier|[Gen 9] VGC 2023 Regulation C\n|rated|\n|rule|Species Clause: Limit one of each Pok\u00e9mon\n|rule|Item Clause: Limit one of each item\n|clearpoke\n|poke|p1|Palafin, L50, F|\n|poke|p1|Arcanine, L50, M|\n|poke|p1|Amoonguss, L50, F|\n|poke|p1|Flutter Mane, L50|\n|poke|p1|Baxcalibur, L50, M|\n|poke|p1|Kingambit, L50, M|\n|poke|p2|Bronzong, L50|\n|poke|p2|Ting-Lu, L50|\n|poke|p2|Farigiraf, L50, M|\n|poke|p2|Pelipper, L50, F|\n|poke|p2|Indeedee-F, L50, F|\n|poke|p2|Amoonguss, L50, F|\n|teampreview|4\nseismattersCORNER has agreed to open team sheets.\n|inactive|Battle timer is ON: inactive players will automatically lose when time's up. (requested by seismattersCORNER)\n|\n|t:|1683233347\n|start\n|switch|p1a: Kingambit|Kingambit, L50, M|100\/100\n|switch|p1b: Baxcalibur|Baxcalibur, L50, M|100\/100\n|switch|p2a: Bronzong|Bronzong, L50|100\/100\n|switch|p2b: Amoonguss|Amoonguss, L50, F|100\/100\n|turn|1\n|inactive|seismattersCORNER has 30 seconds left.\n|inactive|seismattersCORNER has 20 seconds left.\n|\n|t:|1683233383\n|switch|p2b: Farigiraf|Farigiraf, L50, M|100\/100\n|-terastallize|p1a: Kingambit|Dark\n|move|p1b: Baxcalibur|Glaive Rush|p2a: Bronzong\n|-resisted|p2a: Bronzong\n|-damage|p2a: Bronzong|70\/100\n|-singlemove|p1b: Baxcalibur|Glaive Rush|[silent]\n|move|p1a: Kingambit|Kowtow Cleave|p2a: Bronzong\n|-supereffective|p2a: Bronzong\n|-damage|p2a: Bronzong|0 fnt\n|faint|p2a: Bronzong\n|\n|upkeep\n|\n|t:|1683233392\n|switch|p2a: Ting-Lu|Ting-Lu, L50|100\/100\n|-ability|p2a: Ting-Lu|Vessel of Ruin\n|turn|2\n|\n|t:|1683233405\n|-terastallize|p2a: Ting-Lu|Fairy\n|move|p1b: Baxcalibur|Protect|p1b: Baxcalibur\n|-singleturn|p1b: Baxcalibur|Protect\n|move|p2b: Farigiraf|Thunder Wave|p1b: Baxcalibur\n|-activate|p1b: Baxcalibur|move: Protect\n|move|p1a: Kingambit|Swords Dance|p1a: Kingambit\n|-boost|p1a: Kingambit|atk|2\n|move|p2a: Ting-Lu|Fissure|p1a: Kingambit|[miss]\n|-miss|p2a: Ting-Lu|p1a: Kingambit\n|\n|upkeep\n|turn|3\n|\n|t:|1683233429\n|move|p1b: Baxcalibur|Icicle Crash|p2a: Ting-Lu\n|-damage|p2a: Ting-Lu|75\/100\n|move|p2b: Farigiraf|Thunder Wave|p1b: Baxcalibur\n|-status|p1b: Baxcalibur|par\n|move|p1a: Kingambit|Kowtow Cleave|p2b: Farigiraf\n|-supereffective|p2b: Farigiraf\n|-damage|p2b: Farigiraf|0 fnt\n|faint|p2b: Farigiraf\n|move|p2a: Ting-Lu|Stomping Tantrum|p1a: Kingambit\n|-damage|p1a: Kingambit|61\/100\n|\n|upkeep\n|\n|t:|1683233440\n|switch|p2b: Amoonguss|Amoonguss, L50, F|100\/100\n|turn|4\n|\n|t:|1683233446\n|move|p1a: Kingambit|Kowtow Cleave|p2a: Ting-Lu\n|-resisted|p2a: Ting-Lu\n|-damage|p2a: Ting-Lu|45\/100\n|move|p2a: Ting-Lu|Fissure|p1b: Baxcalibur|[miss]\n|-miss|p2a: Ting-Lu|p1b: Baxcalibur\n|move|p1b: Baxcalibur|Icicle Crash|p2b: Amoonguss\n|-supereffective|p2b: Amoonguss\n|-damage|p2b: Amoonguss|29\/100\n|move|p2b: Amoonguss|Spore|p1a: Kingambit\n|-status|p1a: Kingambit|slp|[from] move: Spore\n|-enditem|p1a: Kingambit|Lum Berry|[eat]\n|-curestatus|p1a: Kingambit|slp|[msg]\n|\n|upkeep\n|turn|5\n|\n|t:|1683233468\n|move|p2b: Amoonguss|Rage Powder|p2b: Amoonguss\n|-singleturn|p2b: Amoonguss|move: Rage Powder\n|move|p1a: Kingambit|Kowtow Cleave|p2b: Amoonguss\n|-damage|p2b: Amoonguss|0 fnt\n|faint|p2b: Amoonguss\n|move|p2a: Ting-Lu|Fissure|p1b: Baxcalibur\n|-damage|p1b: Baxcalibur|0 fnt\n|faint|p1b: Baxcalibur\n|-ohko\n|\n|upkeep\n|\n|t:|1683233480\n|switch|p1b: Flutter Mane|Flutter Mane, L50, shiny|100\/100\n|-enditem|p1b: Flutter Mane|Booster Energy\n|-activate|p1b: Flutter Mane|ability: Protosynthesis|[fromitem]\n|-start|p1b: Flutter Mane|protosynthesisspa\n|turn|6\n|\n|t:|1683233484\n|move|p1b: Flutter Mane|Moonblast|p2a: Ting-Lu\n|-damage|p2a: Ting-Lu|8\/100\n|-unboost|p2a: Ting-Lu|spa|1\n|move|p1a: Kingambit|Kowtow Cleave|p2a: Ting-Lu\n|-resisted|p2a: Ting-Lu\n|-damage|p2a: Ting-Lu|0 fnt\n|faint|p2a: Ting-Lu\n|\n|win|seismattersCORNER\n|raw|seismattersCORNER's rating: 1160 → 1182<\/strong> (+22 for winning)\n|raw|cualquiercosa7's rating: 1117 → 1095<\/strong> (-22 for losing)\n|l|\u2606cualquiercosa7\n","uploadtime":1683233493,"views":11,"p1id":"seismatterscorner","p2id":"cualquiercosa7","formatid":"gen9vgc2023regulationc","rating":1095,"private":0,"password":""}