{"id":"gen9vgc2023regulationc-1853106612","p1":"Cyruno","p2":"HeyJey69","format":"[Gen 9] VGC 2023 Regulation C","log":"|j|\u2606Cyruno\n|j|\u2606HeyJey69\n|t:|1682635931\n|gametype|doubles\n|player|p1|Cyruno|blue|1198\n|player|p2|HeyJey69|101|1098\n|teamsize|p1|6\n|teamsize|p2|6\n|gen|9\n|tier|[Gen 9] VGC 2023 Regulation C\n|rated|\n|rule|Species Clause: Limit one of each Pok\u00e9mon\n|rule|Item Clause: Limit one of each item\n|clearpoke\n|poke|p1|Scizor, L50, M|\n|poke|p1|Flutter Mane, L50|\n|poke|p1|Chien-Pao, L50|\n|poke|p1|Arcanine, L50, M|\n|poke|p1|Azumarill, L50, F|\n|poke|p1|Amoonguss, L50, F|\n|poke|p2|Scizor, L50, M|\n|poke|p2|Iron Hands, L50|\n|poke|p2|Arcanine, L50, F|\n|poke|p2|Flutter Mane, L50|\n|poke|p2|Amoonguss, L50, M|\n|poke|p2|Gholdengo, L50|\n|teampreview|4\n|\n|t:|1682635973\n|start\n|switch|p1a: Scissors|Scizor, L50, M|100\/100\n|switch|p1b: Fido|Arcanine, L50, M|100\/100\n|switch|p2a: Scizor|Scizor, L50, M|100\/100\n|switch|p2b: Iron Hands|Iron Hands, L50|100\/100\n|-ability|p1b: Fido|Intimidate|boost\n|-unboost|p2a: Scizor|atk|1\n|-unboost|p2b: Iron Hands|atk|1\n|turn|1\n|\n|t:|1682635994\n|-terastallize|p2a: Scizor|Flying\n|move|p1b: Fido|Howl|p1b: Fido|[spread] p1a,p1b\n|-boost|p1a: Scissors|atk|1\n|-boost|p1b: Fido|atk|1\n|move|p1a: Scissors|U-turn|p2a: Scizor\n|-resisted|p2a: Scizor\n|-damage|p2a: Scizor|71\/100\n|\n|t:|1682636002\n|switch|p1a: Lola|Azumarill, L50, F, shiny|100\/100|[from] U-turn\n|move|p2a: Scizor|Tailwind|p2a: Scizor\n|-sidestart|p2: HeyJey69|move: Tailwind\n|move|p2b: Iron Hands|Earthquake|p1a: Lola|[spread] p1a,p1b\n|-immune|p2a: Scizor\n|-supereffective|p1b: Fido\n|-damage|p1a: Lola|79\/100\n|-damage|p1b: Fido|53\/100\n|\n|upkeep\n|turn|2\n|\n|t:|1682636029\n|move|p1b: Fido|Extreme Speed|p2b: Iron Hands\n|-damage|p2b: Iron Hands|76\/100\n|move|p2a: Scizor|Bullet Punch|p1a: Lola\n|-damage|p1a: Lola|57\/100\n|move|p2b: Iron Hands|Volt Switch|p1a: Lola\n|-supereffective|p1a: Lola\n|-damage|p1a: Lola|40\/100\n|\n|t:|1682636040\n|-end|p2b: Iron Hands|Quark Drive|[silent]\n|switch|p2b: Flutter Mane|Flutter Mane, L50|100\/100|[from] Volt Switch\n|-enditem|p2b: Flutter Mane|Booster Energy\n|-activate|p2b: Flutter Mane|ability: Protosynthesis|[fromitem]\n|-start|p2b: Flutter Mane|protosynthesisspe\n|move|p1a: Lola|Play Rough|p2b: Flutter Mane\n|-damage|p2b: Flutter Mane|0 fnt\n|faint|p2b: Flutter Mane\n|-end|p2b: Flutter Mane|Protosynthesis|[silent]\n|\n|upkeep\n|\n|t:|1682636051\n|switch|p2b: Iron Hands|Iron Hands, L50|76\/100\n|turn|3\n|\n|t:|1682636064\n|switch|p1a: Scissors|Scizor, L50, M|100\/100\n|-terastallize|p1b: Fido|Flying\n|move|p2a: Scizor|Aerial Ace|p1b: Fido\n|-damage|p1b: Fido|19\/100\n|move|p2b: Iron Hands|Wild Charge|p1a: Scissors\n|-crit|p1a: Scissors\n|-damage|p1a: Scissors|20\/100\n|-damage|p2b: Iron Hands|62\/100|[from] Recoil\n|move|p1b: Fido|Will-O-Wisp|p2b: Iron Hands\n|-status|p2b: Iron Hands|brn\n|\n|-damage|p2b: Iron Hands|56\/100 brn|[from] brn\n|upkeep\n|turn|4\n|\n|t:|1682636105\n|move|p1b: Fido|Extreme Speed|p2b: Iron Hands\n|-crit|p2b: Iron Hands\n|-damage|p2b: Iron Hands|22\/100 brn\n|move|p2a: Scizor|Bullet Punch|p1a: Scissors\n|-resisted|p1a: Scissors\n|-damage|p1a: Scissors|8\/100\n|move|p1a: Scissors|Bullet Punch|p2a: Scizor\n|-damage|p2a: Scizor|39\/100\n|move|p2b: Iron Hands|Volt Switch|p1b: Fido\n|-supereffective|p1b: Fido\n|-damage|p1b: Fido|0 fnt\n|faint|p1b: Fido\n|\n|t:|1682636130\n|-end|p2b: Iron Hands|Quark Drive|[silent]\n|switch|p2b: Arcanine|Arcanine, L50, F|100\/100|[from] Volt Switch\n|-ability|p2b: Arcanine|Intimidate|boost\n|-fail|p1a: Scissors|unboost|[from] item: Clear Amulet|[of] p1a: Scissors\n|\n|-sideend|p2: HeyJey69|move: Tailwind\n|upkeep\n|\n|t:|1682636137\n|switch|p1b: Ice Weasel|Chien-Pao, L50|100\/100\n|-ability|p1b: Ice Weasel|Sword of Ruin\n|turn|5\n|\n|t:|1682636148\n|move|p1a: Scissors|Protect|p1a: Scissors\n|-singleturn|p1a: Scissors|Protect\n|move|p2a: Scizor|Bullet Punch|p1b: Ice Weasel\n|-supereffective|p1b: Ice Weasel\n|-damage|p1b: Ice Weasel|22\/100\n|move|p1b: Ice Weasel|Ice Spinner|p2a: Scizor\n|-supereffective|p2a: Scizor\n|-damage|p2a: Scizor|0 fnt\n|faint|p2a: Scizor\n|move|p2b: Arcanine|Snarl|p1a: Scissors|[spread] p1b\n|-activate|p1a: Scissors|move: Protect\n|-resisted|p1b: Ice Weasel\n|-damage|p1b: Ice Weasel|15\/100\n|-unboost|p1b: Ice Weasel|spa|1\n|\n|upkeep\n|\n|t:|1682636170\n|switch|p2a: Iron Hands|Iron Hands, L50|22\/100 brn\n|turn|6\n|\n|t:|1682636194\n|move|p1b: Ice Weasel|Protect|p1b: Ice Weasel\n|-singleturn|p1b: Ice Weasel|Protect\n|move|p1a: Scissors|Protect|p1a: Scissors\n|-singleturn|p1a: Scissors|Protect\n|move|p2b: Arcanine|Extreme Speed|p1b: Ice Weasel\n|-activate|p1b: Ice Weasel|move: Protect\n|move|p2a: Iron Hands|Close Combat|p1a: Scissors\n|-activate|p1a: Scissors|move: Protect\n|\n|-damage|p2a: Iron Hands|16\/100 brn|[from] brn\n|upkeep\n|turn|7\n|\n|t:|1682636212\n|move|p2b: Arcanine|Extreme Speed|p1b: Ice Weasel\n|-damage|p1b: Ice Weasel|0 fnt\n|faint|p1b: Ice Weasel\n|move|p1a: Scissors|Bullet Punch|p2a: Iron Hands\n|-resisted|p2a: Iron Hands\n|-damage|p2a: Iron Hands|4\/100 brn\n|move|p2a: Iron Hands|Close Combat|p1a: Scissors\n|-damage|p1a: Scissors|0 fnt\n|-unboost|p2a: Iron Hands|def|1\n|-unboost|p2a: Iron Hands|spd|1\n|faint|p1a: Scissors\n|\n|-damage|p2a: Iron Hands|0 fnt|[from] brn\n|faint|p2a: Iron Hands\n|-end|p2a: Iron Hands|Quark Drive|[silent]\n|upkeep\n|\n|t:|1682636215\n|switch|p1b: Lola|Azumarill, L50, F, shiny|40\/100\n|turn|8\n|\n|t:|1682636225\n|move|p2b: Arcanine|Extreme Speed|p1b: Lola\n|-crit|p1b: Lola\n|-damage|p1b: Lola|4\/100\n|move|p1b: Lola|Liquidation|p2b: Arcanine\n|-supereffective|p2b: Arcanine\n|-damage|p2b: Arcanine|0 fnt\n|faint|p2b: Arcanine\n|\n|win|Cyruno\n|raw|Cyruno's rating: 1198 → 1216<\/strong> (+18 for winning)\n|raw|HeyJey69's rating: 1098 → 1080<\/strong> (-18 for losing)\n|l|\u2606HeyJey69\n","uploadtime":1682636236,"views":6,"p1id":"cyruno","p2id":"heyjey69","formatid":"gen9vgc2023regulationc","rating":1080,"private":0,"password":""}