{"id":"gen9vgc2023regulationc-1857549087","p1":"Lutrinae Arctis","p2":"stroudanderson","format":"[Gen 9] VGC 2023 Regulation C","log":"|j|\u2606Lutrinae Arctis\n|j|\u2606stroudanderson\n|t:|1683207248\n|gametype|doubles\n|player|p1|Lutrinae Arctis|dawn-gen4pt|1130\n|player|p2|stroudanderson|170|1178\n|teamsize|p1|6\n|teamsize|p2|6\n|gen|9\n|tier|[Gen 9] VGC 2023 Regulation C\n|rated|\n|rule|Species Clause: Limit one of each Pok\u00e9mon\n|rule|Item Clause: Limit one of each item\n|clearpoke\n|poke|p1|Flutter Mane, L50|\n|poke|p1|Jumpluff, L50, M|\n|poke|p1|Wo-Chien, L50|\n|poke|p1|Torkoal, L50, M|\n|poke|p1|Roaring Moon, L50|\n|poke|p1|Chi-Yu, L50|\n|poke|p2|Flutter Mane, L50|\n|poke|p2|Palafin, L50, M|\n|poke|p2|Arcanine, L50, M|\n|poke|p2|Amoonguss, L50, F|\n|poke|p2|Brute Bonnet, L50|\n|poke|p2|Gothitelle, L50, M|\n|teampreview|4\n|inactive|Battle timer is ON: inactive players will automatically lose when time's up. (requested by stroudanderson)\n|inactive|Lutrinae Arctis also wants the timer to be on.\nLutrinae Arctis has agreed to open team sheets.\nstroudanderson has agreed to open team sheets.\n|inactive|Lutrinae Arctis has 60 seconds left.\n|\n|t:|1683207285\n|start\n|switch|p1a: Jumpluff|Jumpluff, L50, M|100\/100\n|switch|p1b: Roaring Moon|Roaring Moon, L50|100\/100\n|switch|p2a: Brute Bonnet|Brute Bonnet, L50|100\/100\n|switch|p2b: Flutter Mane|Flutter Mane, L50|100\/100\n|-enditem|p2a: Brute Bonnet|Booster Energy\n|-activate|p2a: Brute Bonnet|ability: Protosynthesis|[fromitem]\n|-start|p2a: Brute Bonnet|protosynthesisatk\n|turn|1\n|inactive|Lutrinae Arctis has 30 seconds left.\n|\n|t:|1683207317\n|-terastallize|p1b: Roaring Moon|Ground\n|-terastallize|p2a: Brute Bonnet|Fire\n|move|p2b: Flutter Mane|Dazzling Gleam|p1a: Jumpluff|[spread] p1a,p1b\n|-damage|p1a: Jumpluff|66\/100\n|-damage|p1b: Roaring Moon|71\/100\n|move|p1a: Jumpluff|Absorb|p1b: Roaring Moon\n|-supereffective|p1b: Roaring Moon\n|-damage|p1b: Roaring Moon|64\/100\n|-heal|p1a: Jumpluff|69\/100|[from] drain|[of] p1b: Roaring Moon\n|-enditem|p1b: Roaring Moon|Weakness Policy\n|-boost|p1b: Roaring Moon|atk|2|[from] item: Weakness Policy\n|-boost|p1b: Roaring Moon|spa|2|[from] item: Weakness Policy\n|move|p1b: Roaring Moon|Earthquake|p2b: Flutter Mane|[spread] p2a,p2b\n|-immune|p1a: Jumpluff\n|-supereffective|p2a: Brute Bonnet\n|-crit|p2a: Brute Bonnet\n|-damage|p2a: Brute Bonnet|0 fnt\n|-enditem|p2b: Flutter Mane|Focus Sash\n|-damage|p2b: Flutter Mane|1\/100\n|faint|p2a: Brute Bonnet\n|-end|p2a: Brute Bonnet|Protosynthesis|[silent]\n|\n|upkeep\n|\n|t:|1683207337\n|switch|p2a: Palafin|Palafin, L50, M|100\/100\n|turn|2\n|\n|t:|1683207356\n|-end|p2b: Flutter Mane|Protosynthesis|[silent]\n|switch|p2b: Gothitelle|Gothitelle, L50, M|100\/100\n|move|p1b: Roaring Moon|Protect|p1b: Roaring Moon\n|-singleturn|p1b: Roaring Moon|Protect\n|move|p1a: Jumpluff|Absorb|p2b: Gothitelle\n|-damage|p2b: Gothitelle|97\/100\n|-heal|p1a: Jumpluff|71\/100|[from] drain|[of] p2b: Gothitelle\n|move|p2a: Palafin|Ice Punch|p1b: Roaring Moon\n|-activate|p1b: Roaring Moon|move: Protect\n|\n|upkeep\n|turn|3\n|inactive|stroudanderson has 30 seconds left.\n|\n|t:|1683207382\n|detailschange|p2a: Palafin|Palafin-Hero, L50, M\n|switch|p2a: Flutter Mane|Flutter Mane, L50|1\/100\n|move|p2b: Gothitelle|Fake Out|p1b: Roaring Moon\n|-damage|p1b: Roaring Moon|58\/100\n|move|p1a: Jumpluff|Rage Powder|p1a: Jumpluff\n|-singleturn|p1a: Jumpluff|move: Rage Powder\n|cant|p1b: Roaring Moon|flinch\n|\n|upkeep\n|turn|4\n|\n|t:|1683207396\n|move|p2a: Flutter Mane|Protect|p2a: Flutter Mane\n|-singleturn|p2a: Flutter Mane|Protect\n|move|p2b: Gothitelle|Protect|p2b: Gothitelle\n|-singleturn|p2b: Gothitelle|Protect\n|move|p1a: Jumpluff|Rage Powder|p1a: Jumpluff\n|-singleturn|p1a: Jumpluff|move: Rage Powder\n|move|p1b: Roaring Moon|Earthquake|p2b: Gothitelle|[spread] \n|-activate|p2a: Flutter Mane|move: Protect\n|-activate|p2b: Gothitelle|move: Protect\n|-immune|p1a: Jumpluff\n|\n|upkeep\n|turn|5\n|\n|t:|1683207414\n|move|p1a: Jumpluff|Rage Powder|p1a: Jumpluff\n|-singleturn|p1a: Jumpluff|move: Rage Powder\n|move|p2a: Flutter Mane|Power Gem|p1a: Jumpluff\n|-supereffective|p1a: Jumpluff\n|-damage|p1a: Jumpluff|9\/100\n|move|p1b: Roaring Moon|Earthquake|p2a: Flutter Mane|[spread] p2a,p2b\n|-immune|p1a: Jumpluff\n|-damage|p2a: Flutter Mane|0 fnt\n|-damage|p2b: Gothitelle|20\/100\n|-enditem|p2b: Gothitelle|Iapapa Berry|[eat]\n|-heal|p2b: Gothitelle|54\/100|[from] item: Iapapa Berry\n|faint|p2a: Flutter Mane\n|-end|p2a: Flutter Mane|Protosynthesis|[silent]\n|move|p2b: Gothitelle|Psychic|p1a: Jumpluff\n|-damage|p1a: Jumpluff|0 fnt\n|faint|p1a: Jumpluff\n|\n|upkeep\n|\n|t:|1683207427\n|switch|p2a: Palafin|Palafin-Hero, L50, M|100\/100\n|switch|p1a: Chi-Yu|Chi-Yu, L50|100\/100\n|-activate|p2a: Palafin|ability: Zero to Hero\n|-ability|p1a: Chi-Yu|Beads of Ruin\n|turn|6\n|\n|t:|1683207443\n|move|p2a: Palafin|Jet Punch|p1a: Chi-Yu\n|-supereffective|p1a: Chi-Yu\n|-damage|p1a: Chi-Yu|0 fnt\n|faint|p1a: Chi-Yu\n|-damage|p2a: Palafin|91\/100|[from] item: Life Orb\n|move|p1b: Roaring Moon|Earthquake|p2a: Palafin|[spread] p2a,p2b\n|-damage|p2a: Palafin|9\/100\n|-damage|p2b: Gothitelle|0 fnt\n|faint|p2b: Gothitelle\n|\n|upkeep\n|\n|t:|1683207450\n|switch|p1a: Flutter Mane|Flutter Mane, L50|100\/100\n|turn|7\n|\n|t:|1683207461\n|move|p2a: Palafin|Jet Punch|p1b: Roaring Moon\n|-supereffective|p1b: Roaring Moon\n|-damage|p1b: Roaring Moon|0 fnt\n|faint|p1b: Roaring Moon\n|-end|p1b: Roaring Moon|Protosynthesis|[silent]\n|-damage|p2a: Palafin|0 fnt|[from] item: Life Orb\n|faint|p2a: Palafin\n|\n|win|Lutrinae Arctis\n|raw|Lutrinae Arctis's rating: 1130 → 1158<\/strong> (+28 for winning)\n|raw|stroudanderson's rating: 1178 → 1150<\/strong> (-28 for losing)\n","uploadtime":1683207472,"views":9,"p1id":"lutrinaearctis","p2id":"stroudanderson","formatid":"gen9vgc2023regulationc","rating":1150,"private":0,"password":""}