{"id":"gen9vgc2023regulationc-1862806186","p1":"pizza man117","p2":"DeadmanPop","format":"[Gen 9] VGC 2023 Regulation C","log":"|j|\u2606pizza man117\n|j|\u2606DeadmanPop\n|t:|1683923986\n|gametype|doubles\n|player|p1|pizza man117|steven|1067\n|player|p2|DeadmanPop|volkner|1056\n|teamsize|p1|6\n|teamsize|p2|6\n|gen|9\n|tier|[Gen 9] VGC 2023 Regulation C\n|rated|\n|rule|Species Clause: Limit one of each Pok\u00e9mon\n|rule|Item Clause: Limit one of each item\n|clearpoke\n|poke|p1|Gogoat, L50, M|\n|poke|p1|Annihilape, L50, M|\n|poke|p1|Brute Bonnet, L50|\n|poke|p1|Arcanine, L50, F|\n|poke|p1|Flutter Mane, L50|\n|poke|p1|Toxapex, L50, F|\n|poke|p2|Grimmsnarl, L50, M|\n|poke|p2|Indeedee-F, L50, F|\n|poke|p2|Roaring Moon, L50|\n|poke|p2|Espathra, L50, M|\n|poke|p2|Hawlucha, L50, F|\n|poke|p2|Chi-Yu, L50|\n|teampreview|4\n|inactive|Battle timer is ON: inactive players will automatically lose when time's up. (requested by DeadmanPop)\n|inactive|pizza man117 has 60 seconds left.\n|\n|t:|1683924021\n|start\n|switch|p1a: Gogoat|Gogoat, L50, M, shiny|100\/100\n|switch|p1b: Annihilape|Annihilape, L50, M|100\/100\n|switch|p2a: Hawlucha|Hawlucha, L50, F|100\/100\n|switch|p2b: Grimmsnarl|Grimmsnarl, L50, M|100\/100\n|turn|1\n|\n|t:|1683924041\n|-terastallize|p1a: Gogoat|Water\n|move|p2a: Hawlucha|Detect|p2a: Hawlucha\n|-singleturn|p2a: Hawlucha|Protect\n|move|p2b: Grimmsnarl|Fake Out|p1a: Gogoat\n|-damage|p1a: Gogoat|88\/100\n|move|p1b: Annihilape|Bulk Up|p1b: Annihilape\n|-boost|p1b: Annihilape|atk|1\n|-boost|p1b: Annihilape|def|1\n|cant|p1a: Gogoat|flinch\n|\n|-heal|p1a: Gogoat|94\/100|[from] item: Leftovers\n|upkeep\n|turn|2\n|\n|t:|1683924063\n|move|p2b: Grimmsnarl|Swagger|p2a: Hawlucha\n|-boost|p2a: Hawlucha|atk|2\n|-start|p2a: Hawlucha|confusion\n|-enditem|p2a: Hawlucha|Persim Berry|[eat]\n|-end|p2a: Hawlucha|confusion\n|move|p2a: Hawlucha|Acrobatics|p1b: Annihilape\n|-supereffective|p1b: Annihilape\n|-damage|p1b: Annihilape|0 fnt\n|faint|p1b: Annihilape\n|move|p1a: Gogoat|Bulk Up|p1a: Gogoat\n|-boost|p1a: Gogoat|atk|1\n|-boost|p1a: Gogoat|def|1\n|\n|-heal|p1a: Gogoat|99\/100|[from] item: Leftovers\n|upkeep\n|\n|t:|1683924077\n|switch|p1b: Flutter Mane|Flutter Mane, L50|100\/100\n|turn|3\n|\n|t:|1683924093\n|-terastallize|p2a: Hawlucha|Steel\n|move|p2b: Grimmsnarl|Thunder Wave|p1a: Gogoat\n|-status|p1a: Gogoat|par\n|move|p2a: Hawlucha|Iron Head|p1b: Flutter Mane\n|-supereffective|p1b: Flutter Mane\n|-damage|p1b: Flutter Mane|0 fnt\n|faint|p1b: Flutter Mane\n|-end|p1b: Flutter Mane|Protosynthesis|[silent]\n|move|p1a: Gogoat|Rock Slide|p2b: Grimmsnarl|[spread] p2a,p2b\n|-resisted|p2a: Hawlucha\n|-damage|p2a: Hawlucha|85\/100\n|-damage|p2b: Grimmsnarl|74\/100\n|\n|-heal|p2b: Grimmsnarl|80\/100|[from] item: Leftovers\n|-heal|p1a: Gogoat|100\/100 par|[from] item: Leftovers\n|upkeep\n|\n|t:|1683924107\n|switch|p1b: Brute Bonnet|Brute Bonnet, L50|100\/100\n|turn|4\n|\n|t:|1683924123\n|move|p1b: Brute Bonnet|Protect|p1b: Brute Bonnet\n|-singleturn|p1b: Brute Bonnet|Protect\n|move|p2a: Hawlucha|Acrobatics|p1b: Brute Bonnet\n|-activate|p1b: Brute Bonnet|move: Protect\n|move|p2b: Grimmsnarl|Dazzling Gleam|p1a: Gogoat|[spread] p1a\n|-activate|p1b: Brute Bonnet|move: Protect\n|-damage|p1a: Gogoat|86\/100 par\n|move|p1a: Gogoat|Bulk Up|p1a: Gogoat\n|-boost|p1a: Gogoat|atk|1\n|-boost|p1a: Gogoat|def|1\n|\n|-heal|p2b: Grimmsnarl|86\/100|[from] item: Leftovers\n|-heal|p1a: Gogoat|92\/100 par|[from] item: Leftovers\n|upkeep\n|turn|5\n|inactive|DeadmanPop has 30 seconds left.\n|\n|t:|1683924149\n|move|p2a: Hawlucha|Acrobatics|p1b: Brute Bonnet\n|-supereffective|p1b: Brute Bonnet\n|-damage|p1b: Brute Bonnet|0 fnt\n|faint|p1b: Brute Bonnet\n|-end|p1b: Brute Bonnet|Protosynthesis|[silent]\n|move|p2b: Grimmsnarl|Dazzling Gleam|p1a: Gogoat\n|-damage|p1a: Gogoat|72\/100 par\n|move|p1a: Gogoat|Bulk Up|p1a: Gogoat\n|-boost|p1a: Gogoat|atk|1\n|-boost|p1a: Gogoat|def|1\n|\n|-heal|p2b: Grimmsnarl|92\/100|[from] item: Leftovers\n|-heal|p1a: Gogoat|78\/100 par|[from] item: Leftovers\n|upkeep\n|turn|6\n|\n|t:|1683924173\n|move|p2a: Hawlucha|Acrobatics|p1a: Gogoat\n|-damage|p1a: Gogoat|35\/100 par\n|move|p2b: Grimmsnarl|Dazzling Gleam|p1a: Gogoat\n|-damage|p1a: Gogoat|17\/100 par\n|cant|p1a: Gogoat|par\n|\n|-heal|p2b: Grimmsnarl|98\/100|[from] item: Leftovers\n|-heal|p1a: Gogoat|23\/100 par|[from] item: Leftovers\n|upkeep\n|turn|7\n|\n|t:|1683924187\n|move|p2a: Hawlucha|Acrobatics|p1a: Gogoat\n|-damage|p1a: Gogoat|0 fnt\n|faint|p1a: Gogoat\n|\n|win|DeadmanPop\n|raw|pizza man117's rating: 1067 → 1046<\/strong> (-21 for losing)\n|raw|DeadmanPop's rating: 1056 → 1089<\/strong> (+33 for winning)\n|l|\u2606pizza man117\n|l|\u2606DeadmanPop\n|j|\u2606DeadmanPop\n|player|p2|DeadmanPop|volkner\n","uploadtime":1683924272,"views":12,"p1id":"pizzaman117","p2id":"deadmanpop","formatid":"gen9vgc2023regulationc","rating":1046,"private":0,"password":""}