{"id":"gen9vgc2023regulationc-1847958460","p1":"niteogard149","p2":"varca","format":"[Gen 9] VGC 2023 Regulation C","log":"|j|\u2606niteogard149\n|j|\u2606varca\n|t:|1682015858\n|gametype|doubles\n|player|p1|niteogard149|2|1229\n|player|p2|varca|clown|1179\n|teamsize|p1|6\n|teamsize|p2|6\n|gen|9\n|tier|[Gen 9] VGC 2023 Regulation C\n|rated|\n|rule|Species Clause: Limit one of each Pok\u00e9mon\n|rule|Item Clause: Limit one of each item\n|clearpoke\n|poke|p1|Tatsugiri, L50, M|\n|poke|p1|Glimmora, L50, M|\n|poke|p1|Iron Bundle, L50|\n|poke|p1|Dondozo, L50, M|\n|poke|p1|Chi-Yu, L50|\n|poke|p1|Flutter Mane, L50|\n|poke|p2|Tyranitar, L50, M|\n|poke|p2|Amoonguss, L50, F|\n|poke|p2|Gengar, L50, F|\n|poke|p2|Rotom-Wash, L50|\n|poke|p2|Talonflame, L50, M|\n|poke|p2|Garchomp, L50, M|\n|teampreview|4\n|inactive|Battle timer is ON: inactive players will automatically lose when time's up. (requested by niteogard149)\nniteogard149 rejected open team sheets.\n|\n|t:|1682015885\n|start\n|switch|p1a: Glimmora|Glimmora, L50, M, shiny|100\/100\n|switch|p1b: Flutter Mane|Flutter Mane, L50, shiny|100\/100\n|switch|p2a: Gengar|Gengar, L50, F|100\/100\n|switch|p2b: Talonflame|Talonflame, L50, M|100\/100\n|turn|1\n|\n|t:|1682015903\n|move|p2b: Talonflame|Tailwind|p2b: Talonflame\n|-sidestart|p2: varca|move: Tailwind\n|move|p2a: Gengar|Shadow Ball|p1b: Flutter Mane\n|-supereffective|p1b: Flutter Mane\n|-crit|p1b: Flutter Mane\n|-damage|p1b: Flutter Mane|0 fnt\n|faint|p1b: Flutter Mane\n|-end|p1b: Flutter Mane|Protosynthesis|[silent]\n|move|p1a: Glimmora|Mortal Spin|p2a: Gengar|[spread] p2a,p2b\n|-resisted|p2a: Gengar\n|-damage|p2a: Gengar|98\/100\n|-damage|p2b: Talonflame|94\/100\n|-status|p2b: Talonflame|psn\n|\n|-damage|p2b: Talonflame|82\/100 psn|[from] psn\n|upkeep\n|c|\u2606niteogard149|nice hax bitch\n|\n|t:|1682015916\n|switch|p1b: Iron Bundle|Iron Bundle, L50, shiny|100\/100\n|-enditem|p1b: Iron Bundle|Booster Energy\n|-activate|p1b: Iron Bundle|ability: Quark Drive|[fromitem]\n|-start|p1b: Iron Bundle|quarkdrivespe\n|turn|2\n|\n|t:|1682015927\n|move|p1b: Iron Bundle|Protect|p1b: Iron Bundle\n|-singleturn|p1b: Iron Bundle|Protect\n|move|p2b: Talonflame|Brave Bird|p1a: Glimmora\n|-resisted|p1a: Glimmora\n|-damage|p1a: Glimmora|80\/100\n|-activate|p1a: Glimmora|ability: Toxic Debris\n|-sidestart|p2: varca|move: Toxic Spikes\n|-damage|p2b: Talonflame|73\/100 psn|[from] Recoil\n|move|p2a: Gengar|Energy Ball|p1b: Iron Bundle\n|-activate|p1b: Iron Bundle|move: Protect\n|move|p1a: Glimmora|Earth Power|p2a: Gengar\n|-supereffective|p2a: Gengar\n|-damage|p2a: Gengar|9\/100\n|\n|-damage|p2b: Talonflame|61\/100 psn|[from] psn\n|upkeep\n|turn|3\n|\n|t:|1682015947\n|move|p2b: Talonflame|Brave Bird|p1a: Glimmora\n|-resisted|p1a: Glimmora\n|-damage|p1a: Glimmora|63\/100\n|-activate|p1a: Glimmora|ability: Toxic Debris\n|-sidestart|p2: varca|move: Toxic Spikes\n|-damage|p2b: Talonflame|54\/100 psn|[from] Recoil\n|move|p2a: Gengar|Energy Ball|p1b: Iron Bundle\n|-supereffective|p1b: Iron Bundle\n|-damage|p1b: Iron Bundle|0 fnt\n|faint|p1b: Iron Bundle\n|-end|p1b: Iron Bundle|Quark Drive|[silent]\n|move|p1a: Glimmora|Power Gem|p2b: Talonflame\n|-supereffective|p2b: Talonflame\n|-damage|p2b: Talonflame|0 fnt\n|faint|p2b: Talonflame\n|\n|upkeep\n|c|\u2606niteogard149|mae que es esta hax hijueputa\n|c|\u2606niteogard149|jodete\n|inactive|niteogard149 has 30 seconds left.\n|\n|t:|1682015974\n|switch|p1b: Overheat|Chi-Yu, L50|100\/100\n|switch|p2b: Amoonguss|Amoonguss, L50, F|100\/100\n|-ability|p1b: Overheat|Beads of Ruin\n|-sideend|p2: varca|move: Toxic Spikes|[of] p2b: Amoonguss\n|turn|4\n|c|\u2606varca|i odn't speak spanish\n|c|\u2606varca|lol\n|c|\u2606niteogard149|tu madre me la mama\n|\n|t:|1682015996\n|-terastallize|p2b: Amoonguss|Water\n|move|p1b: Overheat|Protect|p1b: Overheat\n|-singleturn|p1b: Overheat|Protect\n|move|p2a: Gengar|Shadow Ball|p1a: Glimmora\n|-damage|p1a: Glimmora|20\/100\n|move|p1a: Glimmora|Earth Power|p2a: Gengar\n|-supereffective|p2a: Gengar\n|-damage|p2a: Gengar|0 fnt\n|faint|p2a: Gengar\n|move|p2b: Amoonguss|Spore|p1b: Overheat\n|-activate|p1b: Overheat|move: Protect\n|\n|-sideend|p2: varca|move: Tailwind\n|upkeep\n|\n|t:|1682016000\n|switch|p2a: Tyranitar|Tyranitar, L50, M|100\/100\n|-weather|Sandstorm|[from] ability: Sand Stream|[of] p2a: Tyranitar\n|turn|5\n|inactive|niteogard149 has 30 seconds left.\n|inactive|niteogard149 has 20 seconds left.\n|\n|t:|1682016038\n|move|p1b: Overheat|Heat Wave|p2b: Amoonguss|[spread] p2a,p2b\n|-resisted|p2a: Tyranitar\n|-resisted|p2b: Amoonguss\n|-damage|p2a: Tyranitar|92\/100\n|-damage|p2b: Amoonguss|82\/100\n|move|p1a: Glimmora|Mortal Spin|p2b: Amoonguss|[spread] p2a,p2b\n|-resisted|p2a: Tyranitar\n|-damage|p2a: Tyranitar|90\/100\n|-damage|p2b: Amoonguss|78\/100\n|-status|p2a: Tyranitar|psn\n|-status|p2b: Amoonguss|psn\n|move|p2a: Tyranitar|Rock Slide|p1a: Glimmora|[spread] p1a,p1b\n|-supereffective|p1b: Overheat\n|-damage|p1a: Glimmora|0 fnt\n|-enditem|p1b: Overheat|Focus Sash\n|-damage|p1b: Overheat|1\/100\n|-activate|p1a: Glimmora|ability: Toxic Debris\n|-sidestart|p2: varca|move: Toxic Spikes\n|faint|p1a: Glimmora\n|move|p2b: Amoonguss|Spore|p1b: Overheat\n|-status|p1b: Overheat|slp|[from] move: Spore\n|\n|-weather|Sandstorm|[upkeep]\n|-damage|p1b: Overheat|0 fnt|[from] Sandstorm\n|-damage|p2b: Amoonguss|72\/100 psn|[from] Sandstorm\n|faint|p1b: Overheat\n|\n|win|varca\n|upkeep\n|raw|niteogard149's rating: 1229 → 1200<\/strong> (-29 for losing)\n|raw|varca's rating: 1179 → 1208<\/strong> (+29 for winning)\n","uploadtime":1682015968,"views":5,"p1id":"niteogard149","p2id":"varca","formatid":"gen9vgc2023regulationc","rating":1200,"private":0,"password":""}