{"id":"gen9vgc2023regulationc-1851477810","p1":"BroDontFuckWithMe","p2":"marinkitagawa3","format":"[Gen 9] VGC 2023 Regulation C","log":"|j|\u2606BroDontFuckWithMe\n|j|\u2606marinkitagawa3\n|t:|1682448368\n|gametype|doubles\n|player|p1|BroDontFuckWithMe|265|1600\n|player|p2|marinkitagawa3|beauty-gen4dp|1706\n|teamsize|p1|6\n|teamsize|p2|6\n|gen|9\n|tier|[Gen 9] VGC 2023 Regulation C\n|rated|\n|rule|Species Clause: Limit one of each Pok\u00e9mon\n|rule|Item Clause: Limit one of each item\n|clearpoke\n|poke|p1|Great Tusk, L50|\n|poke|p1|Amoonguss, L50, M|\n|poke|p1|Tyranitar, L50, M|\n|poke|p1|Iron Bundle, L50|\n|poke|p1|Talonflame, L50, M|\n|poke|p1|Gholdengo, L50|\n|poke|p2|Dondozo, L50, M|\n|poke|p2|Tatsugiri, L50, M|\n|poke|p2|Corviknight, L50, M|\n|poke|p2|Ting-Lu, L50|\n|poke|p2|Glimmora, L50, M|\n|poke|p2|Flutter Mane, L50|\n|teampreview|4\n|j| Braindeadmeta\n|\n|t:|1682448387\n|start\n|switch|p1a: Iron Bundle|Iron Bundle, L50|100\/100\n|switch|p1b: Great Tusk|Great Tusk, L50|100\/100\n|switch|p2a: Glimmora|Glimmora, L50, M|100\/100\n|switch|p2b: Corviknight|Corviknight, L50, M, shiny|100\/100\n|-enditem|p1a: Iron Bundle|Booster Energy\n|-activate|p1a: Iron Bundle|ability: Quark Drive|[fromitem]\n|-start|p1a: Iron Bundle|quarkdrivespe\n|turn|1\n|\n|t:|1682448402\n|-end|p1b: Great Tusk|Protosynthesis|[silent]\n|switch|p1b: Gholdengo|Gholdengo, L50|100\/100\n|-terastallize|p2a: Glimmora|Grass\n|move|p1a: Iron Bundle|Hydro Pump|p2a: Glimmora\n|-resisted|p2a: Glimmora\n|-damage|p2a: Glimmora|78\/100\n|move|p2a: Glimmora|Mortal Spin|p1a: Iron Bundle|[spread] p1a\n|-immune|p1b: Gholdengo\n|-damage|p1a: Iron Bundle|95\/100\n|-status|p1a: Iron Bundle|psn\n|move|p2b: Corviknight|Body Press|p1a: Iron Bundle\n|-supereffective|p1a: Iron Bundle\n|-damage|p1a: Iron Bundle|39\/100 psn\n|\n|-damage|p1a: Iron Bundle|26\/100 psn|[from] psn\n|upkeep\n|turn|2\n|\n|t:|1682448422\n|switch|p2a: Tatsugiri|Tatsugiri, L50, M|100\/100\n|switch|p2b: Dondozo|Dondozo, L50, M|100\/100\n|-activate|p2a: Tatsugiri|ability: Commander|[of] p2b: Dondozo\n|-boost|p2b: Dondozo|atk|2\n|-boost|p2b: Dondozo|spa|2\n|-boost|p2b: Dondozo|spe|2\n|-boost|p2b: Dondozo|def|2\n|-boost|p2b: Dondozo|spd|2\n|move|p1a: Iron Bundle|Freeze-Dry|p2a: Tatsugiri|[miss]\n|-miss|p1a: Iron Bundle|p2a: Tatsugiri\n|move|p1b: Gholdengo|Nasty Plot|p1b: Gholdengo\n|-boost|p1b: Gholdengo|spa|2\n|\n|-damage|p1a: Iron Bundle|14\/100 psn|[from] psn\n|upkeep\n|turn|3\n|\n|t:|1682448435\n|move|p2b: Dondozo|Protect|p2b: Dondozo\n|-singleturn|p2b: Dondozo|Protect\n|move|p1b: Gholdengo|Protect|p1b: Gholdengo\n|-singleturn|p1b: Gholdengo|Protect\n|move|p1a: Iron Bundle|Freeze-Dry|p2b: Dondozo\n|-activate|p2b: Dondozo|move: Protect\n|\n|-damage|p1a: Iron Bundle|2\/100 psn|[from] psn\n|upkeep\n|turn|4\n|inactive|Battle timer is ON: inactive players will automatically lose when time's up. (requested by BroDontFuckWithMe)\n|j| Ym949\n|j| ScV Test\n|\n|t:|1682448462\n|-terastallize|p1b: Gholdengo|Water\n|move|p1a: Iron Bundle|Freeze-Dry|p2b: Dondozo\n|-supereffective|p2b: Dondozo\n|-damage|p2b: Dondozo|70\/100\n|move|p2b: Dondozo|Earthquake|p1a: Iron Bundle|[spread] p1a,p1b\n|-miss|p2b: Dondozo|p2a: Tatsugiri\n|-damage|p1a: Iron Bundle|0 fnt\n|-damage|p1b: Gholdengo|52\/100\n|faint|p1a: Iron Bundle\n|-end|p1a: Iron Bundle|Quark Drive|[silent]\n|move|p1b: Gholdengo|Nasty Plot|p1b: Gholdengo\n|-boost|p1b: Gholdengo|spa|2\n|\n|-heal|p2b: Dondozo|75\/100|[from] item: Leftovers\n|-heal|p1b: Gholdengo|57\/100|[from] item: Leftovers\n|upkeep\n|\n|t:|1682448468\n|switch|p1a: Amoonguss|Amoonguss, L50, M|100\/100\n|turn|5\n|\n|t:|1682448472\n|move|p2b: Dondozo|Protect|p2b: Dondozo\n|-singleturn|p2b: Dondozo|Protect\n|move|p1b: Gholdengo|Protect|p1b: Gholdengo\n|-singleturn|p1b: Gholdengo|Protect\n|move|p1a: Amoonguss|Clear Smog|p2b: Dondozo\n|-activate|p2b: Dondozo|move: Protect\n|\n|-heal|p2b: Dondozo|81\/100|[from] item: Leftovers\n|-heal|p1b: Gholdengo|63\/100|[from] item: Leftovers\n|upkeep\n|turn|6\n|\n|t:|1682448478\n|move|p2b: Dondozo|Substitute|p2b: Dondozo\n|-start|p2b: Dondozo|Substitute\n|-damage|p2b: Dondozo|57\/100\n|move|p1b: Gholdengo|Shadow Ball|p2b: Dondozo\n|-activate|p2b: Dondozo|move: Substitute|[damage]\n|move|p1a: Amoonguss|Clear Smog|p2b: Dondozo\n|-end|p2b: Dondozo|Substitute\n|\n|-heal|p2b: Dondozo|62\/100|[from] item: Leftovers\n|-heal|p1b: Gholdengo|69\/100|[from] item: Leftovers\n|upkeep\n|turn|7\n|j| Withoutexcuse\n|\n|t:|1682448490\n|move|p2b: Dondozo|Protect|p2b: Dondozo\n|-singleturn|p2b: Dondozo|Protect\n|move|p1b: Gholdengo|Shadow Ball|p2b: Dondozo\n|-activate|p2b: Dondozo|move: Protect\n|move|p1a: Amoonguss|Clear Smog|p2b: Dondozo\n|-activate|p2b: Dondozo|move: Protect\n|\n|-heal|p2b: Dondozo|68\/100|[from] item: Leftovers\n|-heal|p1b: Gholdengo|75\/100|[from] item: Leftovers\n|upkeep\n|turn|8\n|\n|t:|1682448498\n|move|p2b: Dondozo|Order Up|p1a: Amoonguss\n|-damage|p1a: Amoonguss|64\/100\n|-boost|p2b: Dondozo|atk|1\n|move|p1b: Gholdengo|Shadow Ball|p2b: Dondozo\n|-damage|p2b: Dondozo|47\/100\n|move|p1a: Amoonguss|Clear Smog|p2b: Dondozo\n|-damage|p2b: Dondozo|40\/100\n|-clearboost|p2b: Dondozo\n|\n|-heal|p1b: Gholdengo|80\/100|[from] item: Leftovers\n|-heal|p2b: Dondozo|46\/100|[from] item: Leftovers\n|upkeep\n|turn|9\n|\n|t:|1682448507\n|move|p1b: Gholdengo|Shadow Ball|p2b: Dondozo\n|-damage|p2b: Dondozo|6\/100\n|move|p2b: Dondozo|Earthquake|p1a: Amoonguss|[spread] p1a,p1b\n|-miss|p2b: Dondozo|p2a: Tatsugiri\n|-damage|p1a: Amoonguss|45\/100\n|-damage|p1b: Gholdengo|56\/100\n|-enditem|p1a: Amoonguss|Sitrus Berry|[eat]\n|-heal|p1a: Amoonguss|70\/100|[from] item: Sitrus Berry\n|move|p1a: Amoonguss|Spore|p2a: Tatsugiri|[miss]\n|-miss|p1a: Amoonguss|p2a: Tatsugiri\n|\n|-heal|p1b: Gholdengo|62\/100|[from] item: Leftovers\n|-heal|p2b: Dondozo|12\/100|[from] item: Leftovers\n|upkeep\n|turn|10\n|\n|t:|1682448514\n|move|p1b: Gholdengo|Shadow Ball|p2b: Dondozo\n|-damage|p2b: Dondozo|0 fnt\n|faint|p2b: Dondozo\n|move|p1a: Amoonguss|Spore|p2a: Tatsugiri\n|-status|p2a: Tatsugiri|slp|[from] move: Spore\n|\n|-heal|p1b: Gholdengo|68\/100|[from] item: Leftovers\n|upkeep\n|\n|t:|1682448516\n|switch|p2b: Glimmora|Glimmora, L50, M, tera:Grass|78\/100\n|turn|11\n|\n|t:|1682448540\n|move|p1b: Gholdengo|Protect|p1b: Gholdengo\n|-singleturn|p1b: Gholdengo|Protect\n|cant|p2a: Tatsugiri|slp\n|move|p2b: Glimmora|Mortal Spin|p1a: Amoonguss|[spread] p1a\n|-activate|p1b: Gholdengo|move: Protect\n|-damage|p1a: Amoonguss|66\/100\n|move|p1a: Amoonguss|Pollen Puff|p2b: Glimmora\n|-supereffective|p2b: Glimmora\n|-damage|p2b: Glimmora|50\/100\n|\n|-heal|p1b: Gholdengo|74\/100|[from] item: Leftovers\n|upkeep\n|turn|12\n|j| BigGooner\n|l| BigGooner\n|\n|t:|1682448550\n|move|p1a: Amoonguss|Rage Powder|p1a: Amoonguss\n|-singleturn|p1a: Amoonguss|move: Rage Powder\n|cant|p2a: Tatsugiri|slp\n|move|p2b: Glimmora|Mortal Spin|p1b: Gholdengo|[spread] p1a,p1b\n|-damage|p1a: Amoonguss|62\/100\n|-damage|p1b: Gholdengo|69\/100\n|-status|p1b: Gholdengo|psn\n|move|p1b: Gholdengo|Make It Rain|p2b: Glimmora|[spread] p2a,p2b\n|-resisted|p2a: Tatsugiri\n|-damage|p2a: Tatsugiri|0 fnt\n|-damage|p2b: Glimmora|0 fnt\n|-unboost|p1b: Gholdengo|spa|1\n|faint|p2a: Tatsugiri\n|faint|p2b: Glimmora\n|\n|-heal|p1b: Gholdengo|75\/100 psn|[from] item: Leftovers\n|-damage|p1b: Gholdengo|63\/100 psn|[from] psn\n|upkeep\n|inactive|marinkitagawa3 has 30 seconds left.\n|inactive|marinkitagawa3 has 20 seconds left.\n|inactive|marinkitagawa3 has 15 seconds left.\n|inactive|marinkitagawa3 has 10 seconds left.\n|inactive|marinkitagawa3 has 5 seconds left.\n|\n|t:|1682448606\n|switch|p2a: Corviknight|Corviknight, L50, M, shiny|100\/100\n|turn|13\n|j| Enzo Salvador\n|inactive|marinkitagawa3 has 30 seconds left.\n|l| Enzo Salvador\n|inactive|marinkitagawa3 has 20 seconds left.\n|inactive|marinkitagawa3 has 15 seconds left.\n|inactive|marinkitagawa3 has 10 seconds left.\n|inactive|marinkitagawa3 has 5 seconds left.\n|\n|t:|1682448661\n|move|p1b: Gholdengo|Shadow Ball|p2a: Corviknight\n|-damage|p2a: Corviknight|0 fnt\n|faint|p2a: Corviknight\n|\n|win|BroDontFuckWithMe\n|raw|BroDontFuckWithMe's rating: 1600 → 1625<\/strong> (+25 for winning)\n|raw|marinkitagawa3's rating: 1683 → 1658<\/strong> (-25 for losing)\n","uploadtime":1682448669,"views":12,"p1id":"brodontfuckwithme","p2id":"marinkitagawa3","formatid":"gen9vgc2023regulationc","rating":1625,"private":0,"password":""}