{"id":"gen9vgc2023regulationc-1857380625","p1":"r3gCt3st","p2":"Gosto pisanelli","format":"[Gen 9] VGC 2023 Regulation C","log":"|j|\u2606r3gCt3st\n|j|\u2606Gosto pisanelli\n|t:|1683183572\n|gametype|doubles\n|player|p1|r3gCt3st|harlequin|1325\n|player|p2|Gosto pisanelli|hugh|1244\n|teamsize|p1|6\n|teamsize|p2|6\n|gen|9\n|tier|[Gen 9] VGC 2023 Regulation C\n|rated|\n|rule|Species Clause: Limit one of each Pok\u00e9mon\n|rule|Item Clause: Limit one of each item\n|clearpoke\n|poke|p1|Glimmora, L50, M|\n|poke|p1|Dragonite, L50, F|\n|poke|p1|Flutter Mane, L50|\n|poke|p1|Dondozo, L50, M|\n|poke|p1|Chien-Pao, L50|\n|poke|p1|Chi-Yu, L50|\n|poke|p2|Palafin, L50, M|\n|poke|p2|Arcanine, L50, M|\n|poke|p2|Amoonguss, L50, F|\n|poke|p2|Ting-Lu, L50|\n|poke|p2|Baxcalibur, L50, F|\n|poke|p2|Flutter Mane, L50|\n|teampreview|4\n|inactive|Battle timer is ON: inactive players will automatically lose when time's up. (requested by Gosto pisanelli)\n|inactive|r3gCt3st has 60 seconds left.\n|\n|t:|1683183603\n|start\n|switch|p1a: Glimmora|Glimmora, L50, M|100\/100\n|switch|p1b: Dondozo|Dondozo, L50, M|100\/100\n|switch|p2a: Amoonguss|Amoonguss, L50, F|100\/100\n|switch|p2b: Palafin|Palafin, L50, M, shiny|100\/100\n|turn|1\n|\n|t:|1683183617\n|-terastallize|p1a: Glimmora|Grass\n|move|p2a: Amoonguss|Rage Powder|p2a: Amoonguss\n|-singleturn|p2a: Amoonguss|move: Rage Powder\n|move|p2b: Palafin|Substitute|p2b: Palafin\n|-start|p2b: Palafin|Substitute\n|-damage|p2b: Palafin|76\/100\n|move|p1a: Glimmora|Power Gem|p2b: Palafin\n|-end|p2b: Palafin|Substitute\n|move|p1b: Dondozo|Bulldoze|p2b: Palafin|[spread] p1a,p2a,p2b\n|-resisted|p1a: Glimmora\n|-damage|p1a: Glimmora|95\/100\n|-damage|p2a: Amoonguss|90\/100\n|-damage|p2b: Palafin|62\/100\n|-unboost|p1a: Glimmora|spe|1\n|-unboost|p2a: Amoonguss|spe|1\n|-unboost|p2b: Palafin|spe|1\n|-activate|p1a: Glimmora|ability: Toxic Debris\n|-sidestart|p2: Gosto pisanelli|move: Toxic Spikes\n|\n|upkeep\n|turn|2\n|inactive|Gosto pisanelli has 30 seconds left.\n|\n|t:|1683183648\n|detailschange|p2b: Palafin|Palafin-Hero, L50, M, shiny\n|switch|p2b: Arcanine|Arcanine, L50, M|100\/100\n|-status|p2b: Arcanine|psn\n|-ability|p2b: Arcanine|Intimidate|boost\n|-unboost|p1a: Glimmora|atk|1\n|-unboost|p1b: Dondozo|atk|1\n|move|p1a: Glimmora|Power Gem|p2b: Arcanine\n|-supereffective|p2b: Arcanine\n|-damage|p2b: Arcanine|44\/100 psn\n|move|p1b: Dondozo|Bulldoze|p2b: Arcanine|[spread] p1a,p2a,p2b\n|-resisted|p1a: Glimmora\n|-supereffective|p2b: Arcanine\n|-damage|p1a: Glimmora|92\/100\n|-damage|p2a: Amoonguss|84\/100\n|-damage|p2b: Arcanine|29\/100 psn\n|-unboost|p1a: Glimmora|spe|1\n|-unboost|p2a: Amoonguss|spe|1\n|-unboost|p2b: Arcanine|spe|1\n|-activate|p1a: Glimmora|ability: Toxic Debris\n|-sidestart|p2: Gosto pisanelli|move: Toxic Spikes\n|move|p2a: Amoonguss|Pollen Puff|p1a: Glimmora\n|-supereffective|p1a: Glimmora\n|-damage|p1a: Glimmora|58\/100\n|\n|-damage|p2b: Arcanine|17\/100 psn|[from] psn\n|upkeep\n|turn|3\n|\n|t:|1683183667\n|move|p2b: Arcanine|Will-O-Wisp|p1b: Dondozo\n|-status|p1b: Dondozo|brn\n|move|p1a: Glimmora|Energy Ball|p2b: Arcanine\n|-resisted|p2b: Arcanine\n|-damage|p2b: Arcanine|3\/100 psn\n|move|p1b: Dondozo|Yawn|p2a: Amoonguss\n|-start|p2a: Amoonguss|move: Yawn|[of] p1b: Dondozo\n|move|p2a: Amoonguss|Pollen Puff|p1a: Glimmora\n|-supereffective|p1a: Glimmora\n|-damage|p1a: Glimmora|25\/100\n|-enditem|p1a: Glimmora|Sitrus Berry|[eat]\n|-heal|p1a: Glimmora|50\/100|[from] item: Sitrus Berry\n|\n|-damage|p2b: Arcanine|0 fnt|[from] psn\n|faint|p2b: Arcanine\n|-damage|p1b: Dondozo|94\/100 brn|[from] brn\n|upkeep\n|\n|t:|1683183686\n|switch|p2b: Ting-Lu|Ting-Lu, L50|100\/100\n|-status|p2b: Ting-Lu|tox\n|-ability|p2b: Ting-Lu|Vessel of Ruin\n|turn|4\n|\n|t:|1683183705\n|switch|p2a: Palafin|Palafin-Hero, L50, M, shiny|62\/100\n|-status|p2a: Palafin|tox\n|-activate|p2a: Palafin|ability: Zero to Hero\n|move|p1a: Glimmora|Spiky Shield|p1a: Glimmora\n|-singleturn|p1a: Glimmora|move: Protect\n|move|p2b: Ting-Lu|Ruination|p1a: Glimmora\n|-activate|p1a: Glimmora|move: Protect\n|move|p1b: Dondozo|Bulldoze|p2b: Ting-Lu|[spread] p2a,p2b\n|-activate|p1a: Glimmora|move: Protect\n|-damage|p2a: Palafin|58\/100 tox\n|-damage|p2b: Ting-Lu|99\/100 tox\n|-unboost|p2a: Palafin|spe|1\n|-unboost|p2b: Ting-Lu|spe|1\n|\n|-heal|p1b: Dondozo|100\/100 brn|[from] item: Leftovers\n|-damage|p2a: Palafin|52\/100 tox|[from] psn\n|-damage|p2b: Ting-Lu|92\/100 tox|[from] psn\n|-damage|p1b: Dondozo|94\/100 brn|[from] brn\n|upkeep\n|turn|5\n|\n|t:|1683183725\n|-terastallize|p2a: Palafin|Water\n|move|p2a: Palafin|Wave Crash|p1a: Glimmora\n|-resisted|p1a: Glimmora\n|-damage|p1a: Glimmora|0 fnt\n|faint|p1a: Glimmora\n|-damage|p2a: Palafin|36\/100 tox|[from] Recoil\n|move|p1b: Dondozo|Wave Crash|p2b: Ting-Lu\n|-supereffective|p2b: Ting-Lu\n|-damage|p2b: Ting-Lu|76\/100 tox\n|-damage|p1b: Dondozo|89\/100 brn|[from] Recoil\n|move|p2b: Ting-Lu|Ruination|p1b: Dondozo\n|-damage|p1b: Dondozo|45\/100 brn\n|\n|-heal|p1b: Dondozo|51\/100 brn|[from] item: Leftovers\n|-damage|p2a: Palafin|24\/100 tox|[from] psn\n|-damage|p2b: Ting-Lu|64\/100 tox|[from] psn\n|-damage|p1b: Dondozo|45\/100 brn|[from] brn\n|upkeep\n|\n|t:|1683183732\n|switch|p1a: Flutter Mane|Flutter Mane, L50|100\/100\n|-enditem|p1a: Flutter Mane|Booster Energy\n|-activate|p1a: Flutter Mane|ability: Protosynthesis|[fromitem]\n|-start|p1a: Flutter Mane|protosynthesisspe\n|turn|6\n|\n|t:|1683183748\n|move|p1a: Flutter Mane|Protect|p1a: Flutter Mane\n|-singleturn|p1a: Flutter Mane|Protect\n|move|p2a: Palafin|Jet Punch|p1a: Flutter Mane\n|-activate|p1a: Flutter Mane|move: Protect\n|move|p1b: Dondozo|Wave Crash|p2a: Palafin\n|-resisted|p2a: Palafin\n|-damage|p2a: Palafin|18\/100 tox\n|-damage|p1b: Dondozo|43\/100 brn|[from] Recoil\n|move|p2b: Ting-Lu|Ruination|p1b: Dondozo\n|-damage|p1b: Dondozo|22\/100 brn\n|\n|-heal|p1b: Dondozo|28\/100 brn|[from] item: Leftovers\n|-damage|p2a: Palafin|0 fnt|[from] psn\n|faint|p2a: Palafin\n|-damage|p2b: Ting-Lu|46\/100 tox|[from] psn\n|-damage|p1b: Dondozo|22\/100 brn|[from] brn\n|upkeep\n|\n|t:|1683183751\n|switch|p2a: Amoonguss|Amoonguss, L50, F|100\/100\n|-sideend|p2: Gosto pisanelli|move: Toxic Spikes|[of] p2a: Amoonguss\n|turn|7\n|\n|t:|1683183763\n|move|p2a: Amoonguss|Rage Powder|p2a: Amoonguss\n|-singleturn|p2a: Amoonguss|move: Rage Powder\n|move|p1a: Flutter Mane|Substitute|p1a: Flutter Mane\n|-start|p1a: Flutter Mane|Substitute\n|-damage|p1a: Flutter Mane|76\/100\n|move|p1b: Dondozo|Yawn|p2a: Amoonguss\n|-start|p2a: Amoonguss|move: Yawn|[of] p1b: Dondozo\n|move|p2b: Ting-Lu|Heavy Slam|p1a: Flutter Mane\n|-supereffective|p1a: Flutter Mane\n|-end|p1a: Flutter Mane|Substitute\n|\n|-heal|p1b: Dondozo|28\/100 brn|[from] item: Leftovers\n|-damage|p2b: Ting-Lu|21\/100 tox|[from] psn\n|-damage|p1b: Dondozo|22\/100 brn|[from] brn\n|upkeep\n|turn|8\n|\n|t:|1683183778\n|move|p1a: Flutter Mane|Protect|p1a: Flutter Mane\n|-singleturn|p1a: Flutter Mane|Protect\n|move|p1b: Dondozo|Protect|p1b: Dondozo\n|-singleturn|p1b: Dondozo|Protect\n|move|p2a: Amoonguss|Rage Powder|p2a: Amoonguss\n|-singleturn|p2a: Amoonguss|move: Rage Powder\n|move|p2b: Ting-Lu|Stomping Tantrum|p1b: Dondozo\n|-activate|p1b: Dondozo|move: Protect\n|\n|-heal|p1b: Dondozo|28\/100 brn|[from] item: Leftovers\n|-damage|p2b: Ting-Lu|0 fnt|[from] psn\n|faint|p2b: Ting-Lu\n|-damage|p1b: Dondozo|22\/100 brn|[from] brn\n|-end|p2a: Amoonguss|move: Yawn|[silent]\n|-status|p2a: Amoonguss|slp\n|upkeep\n|turn|9\n|\n|t:|1683183791\n|switch|p1b: Chi-Yu|Chi-Yu, L50|100\/100\n|-ability|p1b: Chi-Yu|Beads of Ruin\n|move|p1a: Flutter Mane|Substitute|p1a: Flutter Mane\n|-start|p1a: Flutter Mane|Substitute\n|-damage|p1a: Flutter Mane|52\/100\n|cant|p2a: Amoonguss|slp\n|\n|upkeep\n|turn|10\n|\n|t:|1683183804\n|move|p1a: Flutter Mane|Shadow Ball|p2a: Amoonguss\n|-crit|p2a: Amoonguss\n|-damage|p2a: Amoonguss|40\/100 slp\n|-unboost|p2a: Amoonguss|spd|1\n|-enditem|p2a: Amoonguss|Sitrus Berry|[eat]\n|-heal|p2a: Amoonguss|65\/100 slp|[from] item: Sitrus Berry\n|move|p1b: Chi-Yu|Flamethrower|p2a: Amoonguss\n|-supereffective|p2a: Amoonguss\n|-damage|p2a: Amoonguss|0 fnt\n|faint|p2a: Amoonguss\n|\n|win|r3gCt3st\n|raw|r3gCt3st's rating: 1325 → 1340<\/strong> (+15 for winning)\n|raw|Gosto pisanelli's rating: 1244 → 1225<\/strong> (-19 for losing)\n","uploadtime":1683183816,"views":8,"p1id":"r3gct3st","p2id":"gostopisanelli","formatid":"gen9vgc2023regulationc","rating":1225,"private":0,"password":""}