{"id":"gen9vgc2023regulationc-1845952835","p1":"Kiriziio","p2":"nalexwilkinson","format":"[Gen 9] VGC 2023 Regulation C","log":"|j|\u2606Kiriziio\n|j|\u2606nalexwilkinson\n|t:|1681783211\n|gametype|doubles\n|player|p1|Kiriziio|lance|1212\n|player|p2|nalexwilkinson|1|1220\n|teamsize|p1|6\n|teamsize|p2|6\n|gen|9\n|tier|[Gen 9] VGC 2023 Regulation C\n|rated|\n|rule|Species Clause: Limit one of each Pok\u00e9mon\n|rule|Item Clause: Limit one of each item\n|clearpoke\n|poke|p1|Dondozo, L50, M|\n|poke|p1|Tatsugiri-Stretchy, L50, M|\n|poke|p1|Chi-Yu, L50|\n|poke|p1|Flutter Mane, L50|\n|poke|p1|Dragonite, L50, M|\n|poke|p1|Glimmora, L50, F|\n|poke|p2|Gastrodon, L50, F|\n|poke|p2|Tyranitar, L50, F|\n|poke|p2|Farigiraf, L50, F|\n|poke|p2|Torkoal, L50, M|\n|poke|p2|Lilligant, L50, F|\n|poke|p2|Iron Hands, L50|\n|teampreview|4\n|inactive|Battle timer is ON: inactive players will automatically lose when time's up. (requested by nalexwilkinson)\n|\n|t:|1681783257\n|start\n|switch|p1a: Dondozo|Dondozo, L50, M|100\/100\n|switch|p1b: Glimmora|Glimmora, L50, F|100\/100\n|switch|p2a: Lilligant|Lilligant, L50, F, shiny|100\/100\n|switch|p2b: Torkoal|Torkoal, L50, M|100\/100\n|-weather|SunnyDay|[from] ability: Drought|[of] p2b: Torkoal\n|turn|1\n|\n|t:|1681783271\n|move|p1b: Glimmora|Spiky Shield|p1b: Glimmora\n|-singleturn|p1b: Glimmora|move: Protect\n|move|p2b: Torkoal|Protect|p2b: Torkoal\n|-singleturn|p2b: Torkoal|Protect\n|move|p2a: Lilligant|Sleep Powder|p1a: Dondozo\n|-status|p1a: Dondozo|slp|[from] move: Sleep Powder\n|cant|p1a: Dondozo|slp\n|\n|-weather|SunnyDay|[upkeep]\n|upkeep\n|turn|2\n|\n|t:|1681783286\n|-terastallize|p2b: Torkoal|Fire\n|move|p2a: Lilligant|After You|p2b: Torkoal\n|-activate|p2b: Torkoal|move: After You\n|move|p2b: Torkoal|Eruption|p1a: Dondozo|[spread] p1a,p1b\n|-resisted|p1a: Dondozo\n|-resisted|p1b: Glimmora\n|-crit|p1b: Glimmora\n|-damage|p1a: Dondozo|70\/100 slp\n|-enditem|p1b: Glimmora|Focus Sash\n|-damage|p1b: Glimmora|1\/100\n|move|p1b: Glimmora|Toxic|p2b: Torkoal\n|-status|p2b: Torkoal|tox\n|cant|p1a: Dondozo|slp\n|\n|-weather|SunnyDay|[upkeep]\n|-damage|p2b: Torkoal|94\/100 tox|[from] psn\n|upkeep\n|turn|3\n|\n|t:|1681783302\n|move|p1b: Glimmora|Spiky Shield|p1b: Glimmora\n|-singleturn|p1b: Glimmora|move: Protect\n|move|p2a: Lilligant|Leaf Storm|p1a: Dondozo\n|-supereffective|p1a: Dondozo\n|-damage|p1a: Dondozo|0 fnt\n|-unboost|p2a: Lilligant|spa|2\n|faint|p1a: Dondozo\n|move|p2b: Torkoal|Earth Power|p1b: Glimmora\n|-activate|p1b: Glimmora|move: Protect\n|\n|-weather|SunnyDay|[upkeep]\n|-damage|p2b: Torkoal|82\/100 tox|[from] psn\n|upkeep\n|\n|t:|1681783311\n|switch|p1a: Flutter Mane|Flutter Mane, L50|100\/100\n|-activate|p1a: Flutter Mane|ability: Protosynthesis\n|-start|p1a: Flutter Mane|protosynthesisspe\n|turn|4\n|\n|t:|1681783326\n|move|p1a: Flutter Mane|Protect|p1a: Flutter Mane\n|-singleturn|p1a: Flutter Mane|Protect\n|move|p2a: Lilligant|After You|p2b: Torkoal\n|-activate|p2b: Torkoal|move: After You\n|move|p2b: Torkoal|Clear Smog|p1a: Flutter Mane\n|-activate|p1a: Flutter Mane|move: Protect\n|move|p1b: Glimmora|Power Gem|p2b: Torkoal\n|-supereffective|p2b: Torkoal\n|-damage|p2b: Torkoal|0 fnt\n|faint|p2b: Torkoal\n|\n|-weather|SunnyDay|[upkeep]\n|upkeep\n|\n|t:|1681783329\n|switch|p2b: Farigiraf|Farigiraf, L50, F, shiny|100\/100\n|turn|5\n|\n|t:|1681783349\n|-terastallize|p1a: Flutter Mane|Steel\n|move|p1a: Flutter Mane|Substitute|p1a: Flutter Mane\n|-start|p1a: Flutter Mane|Substitute\n|-damage|p1a: Flutter Mane|76\/100\n|move|p2a: Lilligant|Sleep Powder||[still]\n|-fail|p2a: Lilligant\n|move|p1b: Glimmora|Toxic|p2b: Farigiraf\n|-status|p2b: Farigiraf|tox\n|move|p2b: Farigiraf|Trick Room|p2b: Farigiraf\n|-fieldstart|move: Trick Room|[of] p2b: Farigiraf\n|\n|-weather|none\n|-end|p1a: Flutter Mane|Protosynthesis\n|-damage|p2b: Farigiraf|94\/100 tox|[from] psn\n|upkeep\n|-enditem|p1a: Flutter Mane|Booster Energy\n|-activate|p1a: Flutter Mane|ability: Protosynthesis|[fromitem]\n|-start|p1a: Flutter Mane|protosynthesisspe\n|turn|6\n|\n|t:|1681783367\n|move|p1b: Glimmora|Spiky Shield|p1b: Glimmora\n|-singleturn|p1b: Glimmora|move: Protect\n|move|p1a: Flutter Mane|Protect|p1a: Flutter Mane\n|-singleturn|p1a: Flutter Mane|Protect\n|move|p2b: Farigiraf|Psychic|p1a: Flutter Mane\n|-activate|p1a: Flutter Mane|move: Protect\n|move|p2a: Lilligant|Pollen Puff|p1b: Glimmora\n|-activate|p1b: Glimmora|move: Protect\n|\n|-damage|p2b: Farigiraf|82\/100 tox|[from] psn\n|upkeep\n|turn|7\n|\n|t:|1681783392\n|move|p2b: Farigiraf|Psychic|p1a: Flutter Mane\n|-resisted|p1a: Flutter Mane\n|-activate|p1a: Flutter Mane|move: Substitute|[damage]\n|move|p2a: Lilligant|Pollen Puff|p1b: Glimmora\n|-resisted|p1b: Glimmora\n|-damage|p1b: Glimmora|0 fnt\n|faint|p1b: Glimmora\n|move|p1a: Flutter Mane|Moonblast|p2b: Farigiraf\n|-damage|p2b: Farigiraf|25\/100 tox\n|\n|-damage|p2b: Farigiraf|6\/100 tox|[from] psn\n|upkeep\n|\n|t:|1681783404\n|switch|p1b: Chi-Yu|Chi-Yu, L50|100\/100\n|-ability|p1b: Chi-Yu|Beads of Ruin\n|turn|8\n|\n|t:|1681783424\n|move|p1b: Chi-Yu|Protect|p1b: Chi-Yu\n|-singleturn|p1b: Chi-Yu|Protect\n|move|p2b: Farigiraf|Hyper Voice|p1b: Chi-Yu|[spread] p1a\n|-activate|p1b: Chi-Yu|move: Protect\n|-resisted|p1a: Flutter Mane\n|-damage|p1a: Flutter Mane|54\/100\n|move|p2a: Lilligant|Sleep Powder|p1b: Chi-Yu\n|-activate|p1b: Chi-Yu|move: Protect\n|move|p1a: Flutter Mane|Moonblast|p2a: Lilligant\n|-damage|p2a: Lilligant|0 fnt\n|faint|p2a: Lilligant\n|\n|-damage|p2b: Farigiraf|0 fnt|[from] psn\n|faint|p2b: Farigiraf\n|upkeep\n|\n|t:|1681783432\n|switch|p2b: Iron Hands|Iron Hands, L50|100\/100\n|-enditem|p2b: Iron Hands|Booster Energy\n|-activate|p2b: Iron Hands|ability: Quark Drive|[fromitem]\n|-start|p2b: Iron Hands|quarkdriveatk\n|turn|9\n|\n|t:|1681783443\n|move|p2b: Iron Hands|Drain Punch|p1a: Flutter Mane\n|-supereffective|p1a: Flutter Mane\n|-end|p1a: Flutter Mane|Substitute\n|move|p1b: Chi-Yu|Flamethrower|p2b: Iron Hands\n|-damage|p2b: Iron Hands|43\/100\n|move|p1a: Flutter Mane|Moonblast|p2b: Iron Hands\n|-supereffective|p2b: Iron Hands\n|-damage|p2b: Iron Hands|0 fnt\n|faint|p2b: Iron Hands\n|-end|p2b: Iron Hands|Quark Drive|[silent]\n|\n|win|Kiriziio\n|raw|Kiriziio's rating: 1212 → 1238<\/strong> (+26 for winning)\n|raw|nalexwilkinson's rating: 1220 → 1194<\/strong> (-26 for losing)\n|l|\u2606nalexwilkinson\n","uploadtime":1681783453,"views":8,"p1id":"kiriziio","p2id":"nalexwilkinson","formatid":"gen9vgc2023regulationc","rating":1194,"private":0,"password":""}