{"id":"gen9vgc2023regulationc-1857180599","p1":"Rickinch","p2":"APersonNotReally","format":"[Gen 9] VGC 2023 Regulation C","log":"|j|\u2606Rickinch\n|j|\u2606APersonNotReally\n|t:|1683154761\n|gametype|doubles\n|player|p1|Rickinch|266|1006\n|player|p2|APersonNotReally|265|1000\n|teamsize|p1|6\n|teamsize|p2|6\n|gen|9\n|tier|[Gen 9] VGC 2023 Regulation C\n|rated|\n|rule|Species Clause: Limit one of each Pok\u00e9mon\n|rule|Item Clause: Limit one of each item\n|clearpoke\n|poke|p1|Iron Bundle, L50|\n|poke|p1|Clawitzer, L50, F|\n|poke|p1|Azumarill, L50, M|\n|poke|p1|Chi-Yu, L50|\n|poke|p1|Pelipper, L50, F|\n|poke|p1|Kilowattrel, L50, F|\n|poke|p2|Palafin, L50, M|\n|poke|p2|Great Tusk, L50|\n|poke|p2|Arcanine, L50, M|\n|poke|p2|Kingambit, L50, F|\n|poke|p2|Toedscruel, L50, M|\n|poke|p2|Baxcalibur, L50, F|\n|teampreview|4\n|\n|t:|1683154805\n|start\n|switch|p1a: Iron Bundle|Iron Bundle, L50|100\/100\n|switch|p1b: Kilowattrel|Kilowattrel, L50, F|100\/100\n|switch|p2a: Kingambit|Kingambit, L50, F|100\/100\n|switch|p2b: Palafin|Palafin, L50, M|100\/100\n|-enditem|p1a: Iron Bundle|Booster Energy\n|-activate|p1a: Iron Bundle|ability: Quark Drive|[fromitem]\n|-start|p1a: Iron Bundle|quarkdrivespe\n|turn|1\n|\n|t:|1683154823\n|-terastallize|p1b: Kilowattrel|Water\n|-terastallize|p2b: Palafin|Grass\n|move|p2a: Kingambit|Sucker Punch|p1a: Iron Bundle\n|-damage|p1a: Iron Bundle|52\/100\n|move|p1a: Iron Bundle|Flip Turn|p1b: Kilowattrel\n|-resisted|p1b: Kilowattrel\n|-damage|p1b: Kilowattrel|88\/100\n|-enditem|p1b: Kilowattrel|Absorb Bulb\n|-boost|p1b: Kilowattrel|spa|1|[from] item: Absorb Bulb\n|\n|t:|1683154832\n|-end|p1a: Iron Bundle|Quark Drive|[silent]\n|switch|p1a: Pelipper|Pelipper, L50, F|100\/100|[from] Flip Turn\n|-weather|RainDance|[from] ability: Drizzle|[of] p1a: Pelipper\n|move|p1b: Kilowattrel|Weather Ball|p2a: Kingambit\n|-damage|p2a: Kingambit|6\/100\n|-enditem|p2a: Kingambit|Aguav Berry|[eat]\n|-heal|p2a: Kingambit|39\/100|[from] item: Aguav Berry\n|move|p2b: Palafin|Flip Turn|p1b: Kilowattrel\n|-resisted|p1b: Kilowattrel\n|-damage|p1b: Kilowattrel|59\/100\n|\n|t:|1683154844\n|detailschange|p2b: Palafin|Palafin-Hero, L50, M, tera:Grass\n|switch|p2b: Baxcalibur|Baxcalibur, L50, F|100\/100|[from] Flip Turn\n|\n|-weather|RainDance|[upkeep]\n|upkeep\n|turn|2\n|\n|t:|1683154856\n|move|p1b: Kilowattrel|Protect|p1b: Kilowattrel\n|-singleturn|p1b: Kilowattrel|Protect\n|move|p2b: Baxcalibur|Protect|p2b: Baxcalibur\n|-singleturn|p2b: Baxcalibur|Protect\n|move|p2a: Kingambit|Sucker Punch||[still]\n|-fail|p2a: Kingambit\n|move|p1a: Pelipper|Hurricane|p2a: Kingambit\n|-resisted|p2a: Kingambit\n|-damage|p2a: Kingambit|13\/100\n|\n|-weather|RainDance|[upkeep]\n|upkeep\n|turn|3\n|\n|t:|1683154897\n|move|p1b: Kilowattrel|Protect|p1b: Kilowattrel\n|-singleturn|p1b: Kilowattrel|Protect\n|move|p2a: Kingambit|Sucker Punch||[still]\n|-fail|p2a: Kingambit\n|move|p2b: Baxcalibur|Glaive Rush|p1a: Pelipper\n|-damage|p1a: Pelipper|19\/100\n|-singlemove|p2b: Baxcalibur|Glaive Rush|[silent]\n|move|p1a: Pelipper|Hurricane|p2a: Kingambit\n|-resisted|p2a: Kingambit\n|-damage|p2a: Kingambit|0 fnt\n|faint|p2a: Kingambit\n|\n|-weather|RainDance|[upkeep]\n|upkeep\n|\n|t:|1683154906\n|switch|p2a: Palafin|Palafin-Hero, L50, M, tera:Grass|100\/100\n|-activate|p2a: Palafin|ability: Zero to Hero\n|turn|4\n|\n|t:|1683154923\n|move|p2b: Baxcalibur|Protect|p2b: Baxcalibur\n|-singleturn|p2b: Baxcalibur|Protect\n|move|p1b: Kilowattrel|Hurricane|p2a: Palafin\n|-supereffective|p2a: Palafin\n|-damage|p2a: Palafin|0 fnt\n|faint|p2a: Palafin\n|move|p1a: Pelipper|Hurricane|p2b: Baxcalibur\n|-activate|p2b: Baxcalibur|move: Protect\n|\n|-weather|RainDance|[upkeep]\n|upkeep\n|\n|t:|1683154928\n|switch|p2a: Arcanine|Arcanine, L50, M|100\/100\n|-ability|p2a: Arcanine|Intimidate|boost\n|-unboost|p1a: Pelipper|atk|1\n|-unboost|p1b: Kilowattrel|atk|1\n|-ability|p1b: Kilowattrel|Competitive|boost\n|-boost|p1b: Kilowattrel|spa|2\n|turn|5\n|\n|t:|1683154947\n|move|p2a: Arcanine|Extreme Speed|p1b: Kilowattrel\n|-damage|p1b: Kilowattrel|4\/100\n|move|p1b: Kilowattrel|Hurricane|p2b: Baxcalibur\n|-damage|p2b: Baxcalibur|0 fnt\n|faint|p2b: Baxcalibur\n|move|p1a: Pelipper|Hurricane|p2a: Arcanine\n|-damage|p2a: Arcanine|36\/100\n|\n|-weather|RainDance|[upkeep]\n|upkeep\n|turn|6\n|-message|APersonNotReally forfeited.\n|\n|win|Rickinch\n|raw|Rickinch's rating: 1006 → 1044<\/strong> (+38 for winning)\n|raw|APersonNotReally's rating: 1000 → 1000<\/strong> (+0 for losing)\n|l|\u2606APersonNotReally\n","uploadtime":1683154978,"views":9,"p1id":"rickinch","p2id":"apersonnotreally","formatid":"gen9vgc2023regulationc","rating":1000,"private":0,"password":""}