{"id":"gen9vgc2023regulationc-1859887478","p1":"Citoraptor","p2":"keysmash_roa","format":"[Gen 9] VGC 2023 Regulation C","log":"|j|\u2606Citoraptor\n|j|\u2606keysmash_roa\n|t:|1683572934\n|gametype|doubles\n|player|p1|Citoraptor|1|1074\n|player|p2|keysmash_roa|guitarist|1018\n|teamsize|p1|6\n|teamsize|p2|6\n|gen|9\n|tier|[Gen 9] VGC 2023 Regulation C\n|rated|\n|rule|Species Clause: Limit one of each Pok\u00e9mon\n|rule|Item Clause: Limit one of each item\n|clearpoke\n|poke|p1|Roaring Moon, L50|\n|poke|p1|Talonflame, L50, F|\n|poke|p1|Gholdengo, L50|\n|poke|p1|Chien-Pao, L50|\n|poke|p1|Palafin, L50, M|\n|poke|p1|Maushold-Four, L50|\n|poke|p2|Mimikyu, L50, F|\n|poke|p2|Raichu, L50, F|\n|poke|p2|Dragalge, L50, M|\n|poke|p2|Pelipper, L50, F|\n|poke|p2|Garchomp, L50, M|\n|poke|p2|Frosmoth, L50, F|\n|teampreview|4\nkeysmash_roa rejected open team sheets.\n|inactive|Battle timer is ON: inactive players will automatically lose when time's up. (requested by keysmash_roa)\n|inactive|Citoraptor has 60 seconds left.\n|\n|t:|1683572972\n|start\n|switch|p1a: Palafin|Palafin, L50, M|100\/100\n|switch|p1b: Roaring Moon|Roaring Moon, L50, shiny|100\/100\n|switch|p2a: Marvin|Mimikyu, L50, F|100\/100\n|switch|p2b: Peter|Pelipper, L50, F|100\/100\n|-enditem|p1b: Roaring Moon|Booster Energy\n|-activate|p1b: Roaring Moon|ability: Protosynthesis|[fromitem]\n|-start|p1b: Roaring Moon|protosynthesisatk\n|turn|1\n|\n|t:|1683572993\n|move|p1a: Palafin|Jet Punch|p2a: Marvin\n|-activate|p2a: Marvin|ability: Disguise\n|-damage|p2a: Marvin|100\/100\n|detailschange|p2a: Marvin|Mimikyu-Busted, L50, F\n|-damage|p2a: Marvin|88\/100|[from] pokemon: Mimikyu-Busted\n|move|p1b: Roaring Moon|Acrobatics|p2a: Marvin\n|-damage|p2a: Marvin|23\/100\n|move|p2a: Marvin|Rain Dance|p2a: Marvin\n|-weather|RainDance\n|move|p2b: Peter|Icy Wind|p1b: Roaring Moon|[spread] p1a,p1b\n|-resisted|p1a: Palafin\n|-supereffective|p1b: Roaring Moon\n|-damage|p1a: Palafin|91\/100\n|-damage|p1b: Roaring Moon|74\/100\n|-unboost|p1a: Palafin|spe|1\n|-unboost|p1b: Roaring Moon|spe|1\n|\n|-weather|RainDance|[upkeep]\n|upkeep\n|turn|2\n|inactive|keysmash_roa has 30 seconds left.\n|inactive|keysmash_roa has 20 seconds left.\n|inactive|keysmash_roa has 15 seconds left.\n|\n|t:|1683573034\n|detailschange|p1a: Palafin|Palafin-Hero, L50, M\n|switch|p1a: Chien-Pao|Chien-Pao, L50|100\/100\n|-ability|p1a: Chien-Pao|Sword of Ruin\n|move|p2a: Marvin|Thunder Wave|p1a: Chien-Pao|[miss]\n|-miss|p2a: Marvin|p1a: Chien-Pao\n|move|p1b: Roaring Moon|Dragon Rush|p2b: Peter\n|-damage|p2b: Peter|0 fnt\n|-damage|p1b: Roaring Moon|57\/100|[from] item: Rocky Helmet|[of] p2b: Peter\n|faint|p2b: Peter\n|\n|-weather|RainDance|[upkeep]\n|upkeep\n|\n|t:|1683573045\n|switch|p2b: Ralph|Raichu, L50, F|100\/100\n|turn|3\n|\n|t:|1683573063\n|switch|p1a: Maushold|Maushold-Four, L50|100\/100\n|move|p2b: Ralph|Fake Out|p1a: Maushold\n|-crit|p1a: Maushold\n|-damage|p1a: Maushold|83\/100\n|move|p2a: Marvin|Play Rough|p1b: Roaring Moon\n|-supereffective|p1b: Roaring Moon\n|-damage|p1b: Roaring Moon|0 fnt\n|faint|p1b: Roaring Moon\n|-end|p1b: Roaring Moon|Protosynthesis|[silent]\n|\n|-weather|RainDance|[upkeep]\n|upkeep\n|\n|t:|1683573078\n|switch|p1b: Palafin|Palafin-Hero, L50, M|91\/100\n|-activate|p1b: Palafin|ability: Zero to Hero\n|turn|4\n|\n|t:|1683573095\n|move|p1a: Maushold|Follow Me|p1a: Maushold\n|-singleturn|p1a: Maushold|move: Follow Me\n|move|p1b: Palafin|Jet Punch|p2a: Marvin\n|-damage|p2a: Marvin|0 fnt\n|faint|p2a: Marvin\n|move|p2b: Ralph|Thunder|p1a: Maushold\n|-crit|p1a: Maushold\n|-damage|p1a: Maushold|1\/100\n|-status|p1a: Maushold|par\n|\n|-weather|RainDance|[upkeep]\n|upkeep\n|\n|t:|1683573110\n|switch|p2a: Dorothea|Dragalge, L50, M|100\/100\n|turn|5\n|inactive|Citoraptor has 30 seconds left.\n|\n|t:|1683573139\n|-terastallize|p1b: Palafin|Water\n|move|p1a: Maushold|Follow Me|p1a: Maushold\n|-singleturn|p1a: Maushold|move: Follow Me\n|move|p2b: Ralph|Thunder|p1a: Maushold\n|-damage|p1a: Maushold|0 fnt\n|faint|p1a: Maushold\n|move|p1b: Palafin|Wave Crash|p2b: Ralph\n|-damage|p2b: Ralph|0 fnt\n|-status|p1b: Palafin|par|[from] ability: Static|[of] p2b: Ralph\n|faint|p2b: Ralph\n|-damage|p1b: Palafin|66\/100 par|[from] Recoil\n|move|p2a: Dorothea|Sludge Bomb|p1b: Palafin\n|-damage|p1b: Palafin|22\/100 par\n|\n|-weather|none\n|upkeep\n|\n|t:|1683573157\n|switch|p1a: Chien-Pao|Chien-Pao, L50|100\/100\n|-ability|p1a: Chien-Pao|Sword of Ruin\n|turn|6\n|\n|t:|1683573174\n|-terastallize|p2a: Dorothea|Water\n|move|p1b: Palafin|Jet Punch|p2a: Dorothea\n|-resisted|p2a: Dorothea\n|-damage|p2a: Dorothea|50\/100\n|move|p1a: Chien-Pao|Ice Spinner|p2a: Dorothea\n|-resisted|p2a: Dorothea\n|-damage|p2a: Dorothea|19\/100\n|-status|p1a: Chien-Pao|psn|[from] ability: Poison Point|[of] p2a: Dorothea\n|move|p2a: Dorothea|Sludge Bomb|p1a: Chien-Pao\n|-damage|p1a: Chien-Pao|34\/100 psn\n|\n|-damage|p2a: Dorothea|7\/100|[from] item: Black Sludge\n|-damage|p1a: Chien-Pao|22\/100 psn|[from] psn\n|upkeep\n|turn|7\n|inactive|Citoraptor has 30 seconds left.\n|\n|t:|1683573202\n|move|p2a: Dorothea|Protect|p2a: Dorothea\n|-singleturn|p2a: Dorothea|Protect\n|move|p1a: Chien-Pao|Sucker Punch||[still]\n|-fail|p1a: Chien-Pao\n|move|p1b: Palafin|Jet Punch|p2a: Dorothea\n|-activate|p2a: Dorothea|move: Protect\n|\n|-damage|p2a: Dorothea|0 fnt|[from] item: Black Sludge\n|faint|p2a: Dorothea\n|\n|win|Citoraptor\n|upkeep\n|raw|Citoraptor's rating: 1074 → 1098<\/strong> (+24 for winning)\n|raw|keysmash_roa's rating: 1018 → 1007<\/strong> (-11 for losing)\n","uploadtime":1683573214,"views":11,"p1id":"citoraptor","p2id":"keysmashroa","formatid":"gen9vgc2023regulationc","rating":1007,"private":0,"password":""}