{"id":"gen9vgc2023regulationc-1864019845","p1":"torwildheart","p2":"SneakRipp1","format":"[Gen 9] VGC 2023 Regulation C","log":"|j|\u2606torwildheart\n|j|\u2606SneakRipp1\n|t:|1684106181\n|gametype|doubles\n|player|p1|torwildheart|teamrocket|1263\n|player|p2|SneakRipp1|hilbert|1184\n|teamsize|p1|6\n|teamsize|p2|6\n|gen|9\n|tier|[Gen 9] VGC 2023 Regulation C\n|rated|\n|rule|Species Clause: Limit one of each Pok\u00e9mon\n|rule|Item Clause: Limit one of each item\n|clearpoke\n|poke|p1|Kingambit, L50, M|\n|poke|p1|Flutter Mane, L50|\n|poke|p1|Arcanine, L50, M|\n|poke|p1|Rotom-Wash, L50|\n|poke|p1|Ting-Lu, L50|\n|poke|p1|Scream Tail, L50|\n|poke|p2|Dondozo, L50, F|\n|poke|p2|Tatsugiri, L50, F|\n|poke|p2|Kingambit, L50, M|\n|poke|p2|Torkoal, L50, M|\n|poke|p2|Hatterene, L50, F|\n|poke|p2|Indeedee-F, L50, F|\n|teampreview|4\ntorwildheart has agreed to open team sheets.\n|\n|t:|1684106218\n|start\n|switch|p1a: Drink Me|Ting-Lu, L50|100\/100\n|switch|p1b: Banned|Flutter Mane, L50|100\/100\n|switch|p2a: Hatterene|Hatterene, L50, F|100\/100\n|switch|p2b: Kingambit|Kingambit, L50, M|100\/100\n|-ability|p1a: Drink Me|Vessel of Ruin\n|turn|1\n|\n|t:|1684106234\n|move|p2b: Kingambit|Sucker Punch|p1b: Banned\n|-damage|p1b: Banned|14\/100\n|move|p1b: Banned|Shadow Ball|p2a: Hatterene\n|-supereffective|p2a: Hatterene\n|-damage|p2a: Hatterene|1\/100\n|-unboost|p2a: Hatterene|spd|1\n|move|p1a: Drink Me|Heavy Slam|p2a: Hatterene\n|-supereffective|p2a: Hatterene\n|-damage|p2a: Hatterene|0 fnt\n|faint|p2a: Hatterene\n|\n|upkeep\n|\n|t:|1684106248\n|switch|p2a: Tatsugiri|Tatsugiri, L50, F|100\/100\n|turn|2\n|inactive|Battle timer is ON: inactive players will automatically lose when time's up. (requested by torwildheart)\n|\n|t:|1684106259\n|-end|p1b: Banned|Protosynthesis|[silent]\n|switch|p1b: Laundry Day|Rotom-Wash, L50|100\/100\n|move|p2a: Tatsugiri|Muddy Water|p1b: Laundry Day|[spread] p1a,p1b\n|-supereffective|p1a: Drink Me\n|-resisted|p1b: Laundry Day\n|-damage|p1a: Drink Me|65\/100\n|-damage|p1b: Laundry Day|88\/100\n|-unboost|p1a: Drink Me|accuracy|1\n|-unboost|p1b: Laundry Day|accuracy|1\n|-enditem|p1a: Drink Me|Weakness Policy\n|-boost|p1a: Drink Me|atk|2|[from] item: Weakness Policy\n|-boost|p1a: Drink Me|spa|2|[from] item: Weakness Policy\n|move|p2b: Kingambit|Low Kick|p1a: Drink Me\n|-supereffective|p1a: Drink Me\n|-damage|p1a: Drink Me|6\/100\n|move|p1a: Drink Me|Stomping Tantrum|p2b: Kingambit\n|-supereffective|p2b: Kingambit\n|-damage|p2b: Kingambit|4\/100\n|\n|upkeep\n|turn|3\n|\n|t:|1684106280\n|switch|p2b: Dondozo|Dondozo, L50, F|100\/100\n|-activate|p2a: Tatsugiri|ability: Commander|[of] p2b: Dondozo\n|-boost|p2b: Dondozo|atk|2\n|-boost|p2b: Dondozo|spa|2\n|-boost|p2b: Dondozo|spe|2\n|-boost|p2b: Dondozo|def|2\n|-boost|p2b: Dondozo|spd|2\n|move|p1a: Drink Me|Protect|p1a: Drink Me\n|-singleturn|p1a: Drink Me|Protect\n|move|p1b: Laundry Day|Thunderbolt|p2b: Dondozo\n|-supereffective|p2b: Dondozo\n|-damage|p2b: Dondozo|63\/100\n|\n|upkeep\n|turn|4\n|\n|t:|1684106296\n|switch|p1b: Banned|Flutter Mane, L50|14\/100\n|switch|p1a: Bork Bork|Arcanine, L50, M|100\/100\n|-ability|p1a: Bork Bork|Intimidate|boost\n|-unboost|p2a: Tatsugiri|atk|1\n|-fail|p2b: Dondozo|unboost|Attack|[from] ability: Oblivious|[of] p2b: Dondozo\n|-terastallize|p2b: Dondozo|Grass\n|move|p2b: Dondozo|Tera Blast|p1b: Banned\n|-damage|p1b: Banned|0 fnt\n|faint|p1b: Banned\n|-end|p1b: Banned|Protosynthesis|[silent]\n|\n|upkeep\n|\n|t:|1684106300\n|switch|p1b: Laundry Day|Rotom-Wash, L50|88\/100\n|turn|5\n|\n|t:|1684106314\n|-terastallize|p1a: Bork Bork|Water\n|move|p2b: Dondozo|Tera Blast|p1b: Laundry Day\n|-supereffective|p1b: Laundry Day\n|-damage|p1b: Laundry Day|0 fnt\n|faint|p1b: Laundry Day\n|move|p1a: Bork Bork|Flare Blitz|p2b: Dondozo\n|-supereffective|p2b: Dondozo\n|-damage|p2b: Dondozo|28\/100\n|-damage|p1a: Bork Bork|87\/100|[from] Recoil\n|\n|upkeep\n|\n|t:|1684106319\n|switch|p1b: Drink Me|Ting-Lu, L50|6\/100\n|-ability|p1b: Drink Me|Vessel of Ruin\n|turn|6\n|\n|t:|1684106330\n|move|p1b: Drink Me|Protect|p1b: Drink Me\n|-singleturn|p1b: Drink Me|Protect\n|move|p2b: Dondozo|Tera Blast|p1b: Drink Me\n|-activate|p1b: Drink Me|move: Protect\n|move|p1a: Bork Bork|Flare Blitz|p2b: Dondozo\n|-supereffective|p2b: Dondozo\n|-damage|p2b: Dondozo|0 fnt\n|faint|p2b: Dondozo\n|-damage|p1a: Bork Bork|77\/100|[from] Recoil\n|\n|upkeep\n|\n|t:|1684106339\n|switch|p2b: Kingambit|Kingambit, L50, M|4\/100\n|turn|7\n|\n|t:|1684106348\n|move|p1b: Drink Me|Protect||[still]\n|-fail|p1b: Drink Me\n|move|p1a: Bork Bork|Extreme Speed|p2b: Kingambit\n|-resisted|p2b: Kingambit\n|-damage|p2b: Kingambit|0 fnt\n|faint|p2b: Kingambit\n|move|p2a: Tatsugiri|Muddy Water|p1b: Drink Me|[spread] p1a,p1b\n|-resisted|p1a: Bork Bork\n|-supereffective|p1b: Drink Me\n|-damage|p1a: Bork Bork|63\/100\n|-damage|p1b: Drink Me|0 fnt\n|faint|p1b: Drink Me\n|\n|upkeep\n|turn|8\n|\n|t:|1684106359\n|move|p1a: Bork Bork|Extreme Speed|p2a: Tatsugiri\n|-damage|p2a: Tatsugiri|65\/100\n|move|p2a: Tatsugiri|Muddy Water|p1a: Bork Bork\n|-resisted|p1a: Bork Bork\n|-damage|p1a: Bork Bork|39\/100\n|\n|upkeep\n|turn|9\n|\n|t:|1684106368\n|move|p1a: Bork Bork|Extreme Speed|p2a: Tatsugiri\n|-damage|p2a: Tatsugiri|25\/100\n|move|p2a: Tatsugiri|Muddy Water|p1a: Bork Bork\n|-resisted|p1a: Bork Bork\n|-damage|p1a: Bork Bork|17\/100\n|\n|upkeep\n|turn|10\n|c|\u2606torwildheart|gg\n|\n|t:|1684106376\n|move|p1a: Bork Bork|Extreme Speed|p2a: Tatsugiri\n|-damage|p2a: Tatsugiri|0 fnt\n|faint|p2a: Tatsugiri\n|\n|win|torwildheart\n|raw|torwildheart's rating: 1263 → 1282<\/strong> (+19 for winning)\n|raw|SneakRipp1's rating: 1184 → 1165<\/strong> (-19 for losing)\n|l|\u2606SneakRipp1\n","uploadtime":1684106382,"views":8,"p1id":"torwildheart","p2id":"sneakripp1","formatid":"gen9vgc2023regulationc","rating":1165,"private":0,"password":""}