{"id":"gen9vgc2023regulationc-1863100995","p1":"SeveralNonSense","p2":"Mais0902","format":"[Gen 9] VGC 2023 Regulation C","log":"|j|\u2606SeveralNonSense\n|j|\u2606Mais0902\n|t:|1683970061\n|gametype|doubles\n|player|p1|SeveralNonSense|guitarist|\n|player|p2|Mais0902|ghetsis|\n|teamsize|p1|6\n|teamsize|p2|6\n|gen|9\n|tier|[Gen 9] VGC 2023 Regulation C\n|rule|Species Clause: Limit one of each Pok\u00e9mon\n|rule|Item Clause: Limit one of each item\n|clearpoke\n|poke|p1|Iron Bundle, L50|\n|poke|p1|Arcanine, L50, M|\n|poke|p1|Iron Hands, L50|\n|poke|p1|Gholdengo, L50|\n|poke|p1|Roaring Moon, L50|\n|poke|p1|Clodsire, L50, M|\n|poke|p2|Palafin, L50, M|\n|poke|p2|Amoonguss, L50, F|\n|poke|p2|Gholdengo, L50|\n|poke|p2|Garchomp, L50, F|\n|poke|p2|Corviknight, L50, M|\n|poke|p2|Chien-Pao, L50|\n|teampreview|4\n|\n|t:|1683970098\n|start\n|switch|p1a: My Best Friend|Clodsire, L50, M|100\/100\n|switch|p1b: Iron Hands|Iron Hands, L50|100\/100\n|switch|p2a: Amoonguss|Amoonguss, L50, F|100\/100\n|switch|p2b: Gholdengo|Gholdengo, L50|100\/100\n|turn|1\n|\n|t:|1683970126\n|move|p2b: Gholdengo|Make It Rain|p1b: Iron Hands|[spread] p1a,p1b\n|-resisted|p1b: Iron Hands\n|-damage|p1a: My Best Friend|73\/100\n|-damage|p1b: Iron Hands|79\/100\n|-unboost|p2b: Gholdengo|spa|1\n|move|p1b: Iron Hands|Swords Dance|p1b: Iron Hands\n|-boost|p1b: Iron Hands|atk|2\n|move|p2a: Amoonguss|Spore|p1b: Iron Hands\n|-status|p1b: Iron Hands|slp|[from] move: Spore\n|move|p1a: My Best Friend|Stealth Rock|p2a: Amoonguss\n|-sidestart|p2: Mais0902|move: Stealth Rock\n|\n|-heal|p1b: Iron Hands|85\/100 slp|[from] item: Leftovers\n|-heal|p1a: My Best Friend|79\/100|[from] item: Black Sludge\n|upkeep\n|turn|2\n|\n|t:|1683970174\n|switch|p2b: Chien-Pao|Chien-Pao, L50|100\/100\n|-ability|p2b: Chien-Pao|Sword of Ruin\n|cant|p1b: Iron Hands|slp\n|move|p2a: Amoonguss|Clear Smog|p1b: Iron Hands\n|-damage|p1b: Iron Hands|72\/100 slp\n|-clearboost|p1b: Iron Hands\n|move|p1a: My Best Friend|Toxic|p2a: Amoonguss\n|-immune|p2a: Amoonguss\n|\n|-heal|p1b: Iron Hands|78\/100 slp|[from] item: Leftovers\n|-heal|p1a: My Best Friend|85\/100|[from] item: Black Sludge\n|upkeep\n|turn|3\n|c|\u2606Mais0902|bro\n|c|\u2606SeveralNonSense|misclick\n|c|\u2606Mais0902|oh ic\n|\n|t:|1683970211\n|move|p2b: Chien-Pao|Icicle Crash|p1a: My Best Friend|[miss]\n|-miss|p2b: Chien-Pao|p1a: My Best Friend\n|cant|p1b: Iron Hands|slp\n|move|p2a: Amoonguss|Giga Drain|p1b: Iron Hands\n|-damage|p1b: Iron Hands|57\/100 slp\n|move|p1a: My Best Friend|Toxic|p2b: Chien-Pao\n|-status|p2b: Chien-Pao|tox\n|\n|-heal|p1b: Iron Hands|63\/100 slp|[from] item: Leftovers\n|-heal|p1a: My Best Friend|91\/100|[from] item: Black Sludge\n|-damage|p2b: Chien-Pao|95\/100 tox|[from] psn\n|upkeep\n|turn|4\n|\n|t:|1683970246\n|move|p2b: Chien-Pao|Icicle Crash|p1a: My Best Friend\n|-supereffective|p1a: My Best Friend\n|-damage|p1a: My Best Friend|0 fnt\n|faint|p1a: My Best Friend\n|cant|p1b: Iron Hands|slp\n|move|p2a: Amoonguss|Giga Drain|p1b: Iron Hands\n|-damage|p1b: Iron Hands|44\/100 slp\n|\n|-heal|p1b: Iron Hands|50\/100 slp|[from] item: Leftovers\n|-damage|p2b: Chien-Pao|83\/100 tox|[from] psn\n|upkeep\n|\n|t:|1683970256\n|switch|p1a: Roaring Moon|Roaring Moon, L50|100\/100\n|-enditem|p1a: Roaring Moon|Booster Energy\n|-activate|p1a: Roaring Moon|ability: Protosynthesis|[fromitem]\n|-start|p1a: Roaring Moon|protosynthesisatk\n|turn|5\n|\n|t:|1683970271\n|move|p2b: Chien-Pao|Sacred Sword|p1a: Roaring Moon\n|-supereffective|p1a: Roaring Moon\n|-damage|p1a: Roaring Moon|0 fnt\n|faint|p1a: Roaring Moon\n|-end|p1a: Roaring Moon|Protosynthesis|[silent]\n|-curestatus|p1b: Iron Hands|slp|[msg]\n|move|p1b: Iron Hands|Drain Punch|p2b: Chien-Pao\n|-supereffective|p2b: Chien-Pao\n|-damage|p2b: Chien-Pao|0 fnt\n|-heal|p1b: Iron Hands|74\/100|[from] drain|[of] p2b: Chien-Pao\n|faint|p2b: Chien-Pao\n|move|p2a: Amoonguss|Giga Drain|p1b: Iron Hands\n|-damage|p1b: Iron Hands|53\/100\n|\n|-heal|p1b: Iron Hands|59\/100|[from] item: Leftovers\n|upkeep\n|\n|t:|1683970291\n|switch|p2b: Palafin|Palafin, L50, M, shiny|100\/100\n|switch|p1a: Iron Bundle|Iron Bundle, L50|100\/100\n|-damage|p2b: Palafin|88\/100|[from] Stealth Rock\n|turn|6\n|\n|t:|1683970305\n|-terastallize|p1b: Iron Hands|Grass\n|move|p1a: Iron Bundle|Icy Wind|p2a: Amoonguss|[spread] p2a\n|-miss|p1a: Iron Bundle|p2b: Palafin\n|-supereffective|p2a: Amoonguss\n|-damage|p2a: Amoonguss|57\/100\n|-unboost|p2a: Amoonguss|spe|1\n|-enditem|p2a: Amoonguss|Eject Button\n|\n|t:|1683970313\n|switch|p2a: Gholdengo|Gholdengo, L50|100\/100\n|-damage|p2a: Gholdengo|94\/100|[from] Stealth Rock\n|move|p2b: Palafin|Flip Turn|p1b: Iron Hands\n|-resisted|p1b: Iron Hands\n|-damage|p1b: Iron Hands|48\/100\n|\n|t:|1683970319\n|detailschange|p2b: Palafin|Palafin-Hero, L50, M, shiny\n|switch|p2b: Amoonguss|Amoonguss, L50, F|90\/100|[from] Flip Turn\n|-damage|p2b: Amoonguss|78\/100|[from] Stealth Rock\n|move|p1b: Iron Hands|Swords Dance|p1b: Iron Hands\n|-boost|p1b: Iron Hands|atk|2\n|\n|-heal|p1b: Iron Hands|55\/100|[from] item: Leftovers\n|upkeep\n|turn|7\n|\n|t:|1683970342\n|move|p2a: Gholdengo|Trick|p1b: Iron Hands\n|-activate|p2a: Gholdengo|move: Trick|[of] p1b: Iron Hands\n|-item|p1b: Iron Hands|Choice Scarf|[from] move: Trick\n|-item|p2a: Gholdengo|Leftovers|[from] move: Trick\n|move|p1a: Iron Bundle|Icy Wind|p2b: Amoonguss|[spread] p2a,p2b\n|-resisted|p2a: Gholdengo\n|-supereffective|p2b: Amoonguss\n|-damage|p2a: Gholdengo|83\/100\n|-damage|p2b: Amoonguss|34\/100\n|-unboost|p2a: Gholdengo|spe|1\n|-unboost|p2b: Amoonguss|spe|1\n|move|p1b: Iron Hands|Wild Charge|p2a: Gholdengo\n|-damage|p2a: Gholdengo|0 fnt\n|faint|p2a: Gholdengo\n|-damage|p1b: Iron Hands|41\/100|[from] Recoil\n|move|p2b: Amoonguss|Spore|p1a: Iron Bundle\n|-status|p1a: Iron Bundle|slp|[from] move: Spore\n|\n|upkeep\n|\n|t:|1683970357\n|switch|p2a: Palafin|Palafin-Hero, L50, M, shiny|88\/100\n|-damage|p2a: Palafin|76\/100|[from] Stealth Rock\n|-activate|p2a: Palafin|ability: Zero to Hero\n|turn|8\n|c|\u2606Mais0902|oh god\n|\n|t:|1683970375\n|-terastallize|p2a: Palafin|Water\n|move|p2a: Palafin|Jet Punch|p1b: Iron Hands\n|-resisted|p1b: Iron Hands\n|-damage|p1b: Iron Hands|17\/100\n|cant|p1a: Iron Bundle|slp\n|move|p1b: Iron Hands|Wild Charge|p2a: Palafin\n|-supereffective|p2a: Palafin\n|-damage|p2a: Palafin|0 fnt\n|faint|p2a: Palafin\n|-damage|p1b: Iron Hands|5\/100|[from] Recoil\n|move|p2b: Amoonguss|Clear Smog|p1b: Iron Hands\n|-supereffective|p1b: Iron Hands\n|-damage|p1b: Iron Hands|0 fnt\n|-clearboost|p1b: Iron Hands\n|faint|p1b: Iron Hands\n|-end|p1b: Iron Hands|Quark Drive|[silent]\n|\n|upkeep\n|turn|9\n|c|\u2606SeveralNonSense|SD Iron Hands surprisingly hurts\n|\n|t:|1683970393\n|cant|p1a: Iron Bundle|slp\n|move|p2b: Amoonguss|Giga Drain|p1a: Iron Bundle\n|-supereffective|p1a: Iron Bundle\n|-damage|p1a: Iron Bundle|7\/100 slp\n|-heal|p2b: Amoonguss|62\/100|[from] drain|[of] p1a: Iron Bundle\n|\n|upkeep\n|turn|10\n|\n|t:|1683970402\n|cant|p1a: Iron Bundle|slp\n|move|p2b: Amoonguss|Giga Drain|p1a: Iron Bundle\n|-supereffective|p1a: Iron Bundle\n|-damage|p1a: Iron Bundle|0 fnt\n|-heal|p2b: Amoonguss|64\/100|[from] drain|[of] p1a: Iron Bundle\n|faint|p1a: Iron Bundle\n|-end|p1a: Iron Bundle|Quark Drive|[silent]\n|\n|win|Mais0902\n|c|\u2606SeveralNonSense|gg\n|c|\u2606SeveralNonSense|my pride hahaha\n|c|\u2606Mais0902|gg\n|l|\u2606Mais0902\n|c|\u2606SeveralNonSense|note to self; use the damn amoonguss counter\n","uploadtime":1683970556,"views":11,"p1id":"severalnonsense","p2id":"mais0902","formatid":"gen9vgc2023regulationc","rating":0,"private":0,"password":""}