{"id":"gen9vgc2023regulationc-1851837506","p1":"bdhsjsushsn","p2":"pablitopablitoc","format":"[Gen 9] VGC 2023 Regulation C","log":"|j|\u2606bdhsjsushsn\n|j|\u2606pablitopablitoc\n|t:|1682492764\n|gametype|doubles\n|player|p1|bdhsjsushsn|bugcatcher-gen4dp|1028\n|player|p2|pablitopablitoc|170|1000\n|teamsize|p1|6\n|teamsize|p2|6\n|gen|9\n|tier|[Gen 9] VGC 2023 Regulation C\n|rated|\n|rule|Species Clause: Limit one of each Pok\u00e9mon\n|rule|Item Clause: Limit one of each item\n|clearpoke\n|poke|p1|Chien-Pao, L50|\n|poke|p1|Amoonguss, L50, F|\n|poke|p1|Pelipper, L50, F|\n|poke|p1|Barraskewda, L50, F|\n|poke|p1|Palafin, L50, F|\n|poke|p1|Gholdengo, L50|\n|poke|p2|Glimmora, L50, F|\n|poke|p2|Kingambit, L50, M|\n|poke|p2|Iron Bundle, L50|\n|poke|p2|Arcanine, L50, M|\n|poke|p2|Tatsugiri, L50, F|\n|poke|p2|Dondozo, L50, M|\n|teampreview|4\n|inactive|Battle timer is ON: inactive players will automatically lose when time's up. (requested by bdhsjsushsn)\n|\n|t:|1682492783\n|start\n|switch|p1a: Barraskewda|Barraskewda, L50, F|100\/100\n|switch|p1b: Palafin|Palafin, L50, F|100\/100\n|switch|p2a: Glimmora|Glimmora, L50, F|100\/100\n|switch|p2b: Dondozo|Dondozo, L50, M|100\/100\n|turn|1\n|\n|t:|1682492794\n|move|p1a: Barraskewda|Protect|p1a: Barraskewda\n|-singleturn|p1a: Barraskewda|Protect\n|move|p1b: Palafin|Protect|p1b: Palafin\n|-singleturn|p1b: Palafin|Protect\n|move|p2b: Dondozo|Protect|p2b: Dondozo\n|-singleturn|p2b: Dondozo|Protect\n|move|p2a: Glimmora|Mortal Spin|p1a: Barraskewda|[spread] \n|-activate|p1a: Barraskewda|move: Protect\n|-activate|p1b: Palafin|move: Protect\n|\n|upkeep\n|turn|2\n|\n|t:|1682492815\n|detailschange|p1b: Palafin|Palafin-Hero, L50, F\n|switch|p1b: Pelipper|Pelipper, L50, F|100\/100\n|-weather|RainDance|[from] ability: Drizzle|[of] p1b: Pelipper\n|move|p1a: Barraskewda|Liquidation|p2a: Glimmora\n|-supereffective|p2a: Glimmora\n|-damage|p2a: Glimmora|2\/100\n|-unboost|p2a: Glimmora|def|1\n|-activate|p2a: Glimmora|ability: Toxic Debris\n|-sidestart|p1: bdhsjsushsn|move: Toxic Spikes\n|move|p2a: Glimmora|Mortal Spin|p1a: Barraskewda|[spread] p1a,p1b\n|-damage|p1a: Barraskewda|91\/100\n|-damage|p1b: Pelipper|95\/100\n|-status|p1a: Barraskewda|psn\n|-status|p1b: Pelipper|psn\n|move|p2b: Dondozo|Substitute|p2b: Dondozo\n|-start|p2b: Dondozo|Substitute\n|-damage|p2b: Dondozo|76\/100\n|\n|-weather|RainDance|[upkeep]\n|-heal|p2b: Dondozo|82\/100|[from] item: Leftovers\n|-damage|p1a: Barraskewda|79\/100 psn|[from] psn\n|-damage|p1b: Pelipper|83\/100 psn|[from] psn\n|upkeep\n|turn|3\n|\n|t:|1682492836\n|switch|p2a: Tatsugiri|Tatsugiri, L50, F|100\/100\n|-activate|p2a: Tatsugiri|ability: Commander|[of] p2b: Dondozo\n|-boost|p2b: Dondozo|atk|2\n|-boost|p2b: Dondozo|spa|2\n|-boost|p2b: Dondozo|spe|2\n|-boost|p2b: Dondozo|def|2\n|-boost|p2b: Dondozo|spd|2\n|move|p2b: Dondozo|Protect|p2b: Dondozo\n|-singleturn|p2b: Dondozo|Protect\n|move|p1a: Barraskewda|Liquidation|p2a: Tatsugiri|[miss]\n|-miss|p1a: Barraskewda|p2a: Tatsugiri\n|move|p1b: Pelipper|Hurricane|p2b: Dondozo\n|-activate|p2b: Dondozo|move: Protect\n|\n|-weather|RainDance|[upkeep]\n|-heal|p2b: Dondozo|88\/100|[from] item: Leftovers\n|-damage|p1a: Barraskewda|66\/100 psn|[from] psn\n|-damage|p1b: Pelipper|71\/100 psn|[from] psn\n|upkeep\n|turn|4\n|\n|t:|1682492855\n|move|p1a: Barraskewda|Liquidation|p2b: Dondozo\n|-resisted|p2b: Dondozo\n|-activate|p2b: Dondozo|move: Substitute|[damage]\n|move|p2b: Dondozo|Order Up|p1b: Pelipper\n|-damage|p1b: Pelipper|20\/100 psn\n|-boost|p2b: Dondozo|atk|1\n|move|p1b: Pelipper|Hurricane|p2b: Dondozo\n|-end|p2b: Dondozo|Substitute\n|\n|-weather|RainDance|[upkeep]\n|-heal|p2b: Dondozo|94\/100|[from] item: Leftovers\n|-damage|p1a: Barraskewda|54\/100 psn|[from] psn\n|-damage|p1b: Pelipper|8\/100 psn|[from] psn\n|upkeep\n|turn|5\n|\n|t:|1682492872\n|switch|p1b: Palafin|Palafin-Hero, L50, F|100\/100\n|-status|p1b: Palafin|psn\n|-activate|p1b: Palafin|ability: Zero to Hero\n|move|p1a: Barraskewda|Liquidation|p2b: Dondozo\n|-resisted|p2b: Dondozo\n|-damage|p2b: Dondozo|84\/100\n|move|p2b: Dondozo|Order Up|p1b: Palafin\n|-damage|p1b: Palafin|36\/100 psn\n|-boost|p2b: Dondozo|atk|1\n|\n|-weather|RainDance|[upkeep]\n|-heal|p2b: Dondozo|90\/100|[from] item: Leftovers\n|-damage|p1a: Barraskewda|41\/100 psn|[from] psn\n|-damage|p1b: Palafin|23\/100 psn|[from] psn\n|upkeep\n|turn|6\n|\n|t:|1682492887\n|-terastallize|p1a: Barraskewda|Electric\n|move|p2b: Dondozo|Protect|p2b: Dondozo\n|-singleturn|p2b: Dondozo|Protect\n|move|p1a: Barraskewda|Tera Blast|p2b: Dondozo\n|-activate|p2b: Dondozo|move: Protect\n|move|p1b: Palafin|Wave Crash|p2b: Dondozo\n|-activate|p2b: Dondozo|move: Protect\n|\n|-weather|RainDance|[upkeep]\n|-heal|p2b: Dondozo|96\/100|[from] item: Leftovers\n|-damage|p1a: Barraskewda|29\/100 psn|[from] psn\n|-damage|p1b: Palafin|11\/100 psn|[from] psn\n|upkeep\n|turn|7\n|-message|bdhsjsushsn forfeited.\n|\n|win|pablitopablitoc\n|raw|bdhsjsushsn's rating: 1028 → 1013<\/strong> (-15 for losing)\n|raw|pablitopablitoc's rating: 1000 → 1043<\/strong> (+43 for winning)\n","uploadtime":1682492899,"views":12,"p1id":"bdhsjsushsn","p2id":"pablitopablitoc","formatid":"gen9vgc2023regulationc","rating":1013,"private":0,"password":""}