{"id":"gen9vgc2023regulationc-1860093740","p1":"Mikeypipebomb","p2":"Can'tStopFalling","format":"[Gen 9] VGC 2023 Regulation C","log":"|j|\u2606Mikeypipebomb\n|j|\u2606Can'tStopFalling\n|t:|1683594444\n|gametype|doubles\n|player|p1|Mikeypipebomb|n|1568\n|player|p2|Can'tStopFalling|parasollady|1568\n|teamsize|p1|6\n|teamsize|p2|6\n|gen|9\n|tier|[Gen 9] VGC 2023 Regulation C\n|rated|\n|rule|Species Clause: Limit one of each Pok\u00e9mon\n|rule|Item Clause: Limit one of each item\n|clearpoke\n|poke|p1|Orthworm, L50, M|\n|poke|p1|Dragonite, L50, M|\n|poke|p1|Ting-Lu, L50|\n|poke|p1|Gyarados, L50, M|\n|poke|p1|Flutter Mane, L50|\n|poke|p1|Chien-Pao, L50|\n|poke|p2|Iron Bundle, L50|\n|poke|p2|Amoonguss, L50, M|\n|poke|p2|Arcanine, L50, M|\n|poke|p2|Flutter Mane, L50|\n|poke|p2|Stonjourner, L50, F|\n|poke|p2|Farigiraf, L50, F|\n|teampreview|4\n|\n|t:|1683594478\n|start\n|switch|p1a: Orthworm|Orthworm, L50, M|100\/100\n|switch|p1b: Ting-Lu|Ting-Lu, L50|100\/100\n|switch|p2a: Papaya|Stonjourner, L50, F|100\/100\n|switch|p2b: Parchita|Flutter Mane, L50|100\/100\n|-ability|p1b: Ting-Lu|Vessel of Ruin\n|turn|1\n|\n|t:|1683594497\n|-terastallize|p1b: Ting-Lu|Water\n|move|p2b: Parchita|Shadow Ball|p1a: Orthworm\n|-damage|p1a: Orthworm|38\/100\n|-unboost|p1a: Orthworm|spd|1\n|-enditem|p1a: Orthworm|Sitrus Berry|[eat]\n|-heal|p1a: Orthworm|63\/100|[from] item: Sitrus Berry\n|-damage|p2b: Parchita|91\/100|[from] item: Life Orb\n|move|p2a: Papaya|Low Kick|p1a: Orthworm\n|-supereffective|p1a: Orthworm\n|-damage|p1a: Orthworm|7\/100\n|move|p1b: Ting-Lu|Earthquake|p2b: Parchita|[spread] p2a,p2b\n|-heal|p1a: Orthworm|32\/100|[from] ability: Earth Eater|[of] p1b: Ting-Lu\n|-supereffective|p2a: Papaya\n|-damage|p2a: Papaya|24\/100\n|-damage|p2b: Parchita|15\/100\n|move|p1a: Orthworm|Heavy Slam|p2b: Parchita\n|-supereffective|p2b: Parchita\n|-damage|p2b: Parchita|0 fnt\n|faint|p2b: Parchita\n|-end|p2b: Parchita|Protosynthesis|[silent]\n|\n|upkeep\n|\n|t:|1683594511\n|switch|p2b: Frambuesa|Iron Bundle, L50|100\/100\n|-enditem|p2b: Frambuesa|Booster Energy\n|-activate|p2b: Frambuesa|ability: Quark Drive|[fromitem]\n|-start|p2b: Frambuesa|quarkdrivespe\n|turn|2\n|\n|t:|1683594521\n|-terastallize|p2b: Frambuesa|Ice\n|move|p2b: Frambuesa|Freeze-Dry|p1b: Ting-Lu\n|-supereffective|p1b: Ting-Lu\n|-damage|p1b: Ting-Lu|35\/100\n|move|p2a: Papaya|Low Kick|p1a: Orthworm\n|-supereffective|p1a: Orthworm\n|-damage|p1a: Orthworm|0 fnt\n|faint|p1a: Orthworm\n|move|p1b: Ting-Lu|Earthquake|p2a: Papaya|[spread] p2a,p2b\n|-supereffective|p2a: Papaya\n|-damage|p2a: Papaya|0 fnt\n|-damage|p2b: Frambuesa|38\/100\n|faint|p2a: Papaya\n|\n|upkeep\n|\n|t:|1683594543\n|switch|p2a: Naranja|Amoonguss, L50, M|100\/100\n|switch|p1a: Dragonite|Dragonite, L50, M|100\/100\n|turn|3\n|\n|t:|1683594564\n|move|p2b: Frambuesa|Protect|p2b: Frambuesa\n|-singleturn|p2b: Frambuesa|Protect\n|move|p1a: Dragonite|Extreme Speed|p2b: Frambuesa\n|-activate|p2b: Frambuesa|move: Protect\n|move|p1b: Ting-Lu|Earthquake|p2b: Frambuesa|[spread] p2a\n|-activate|p2b: Frambuesa|move: Protect\n|-immune|p1a: Dragonite\n|-damage|p2a: Naranja|58\/100\n|move|p2a: Naranja|Spore|p1b: Ting-Lu\n|-status|p1b: Ting-Lu|slp|[from] move: Spore\n|\n|upkeep\n|turn|4\n|\n|t:|1683594585\n|move|p2b: Frambuesa|Protect|p2b: Frambuesa\n|-singleturn|p2b: Frambuesa|Protect\n|move|p1a: Dragonite|Extreme Speed|p2b: Frambuesa\n|-activate|p2b: Frambuesa|move: Protect\n|cant|p1b: Ting-Lu|slp\n|move|p2a: Naranja|Spore|p1a: Dragonite\n|-status|p1a: Dragonite|slp|[from] move: Spore\n|-enditem|p1a: Dragonite|Lum Berry|[eat]\n|-curestatus|p1a: Dragonite|slp|[msg]\n|\n|upkeep\n|turn|5\n|\n|t:|1683594596\n|move|p2b: Frambuesa|Protect|p2b: Frambuesa\n|-singleturn|p2b: Frambuesa|Protect\n|move|p1a: Dragonite|Extreme Speed|p2b: Frambuesa\n|-activate|p2b: Frambuesa|move: Protect\n|cant|p1b: Ting-Lu|slp\n|move|p2a: Naranja|Spore|p1a: Dragonite\n|-status|p1a: Dragonite|slp|[from] move: Spore\n|\n|upkeep\n|turn|6\n|c|\u2606Mikeypipebomb|actually ridiculous\n|\n|t:|1683594608\n|cant|p1a: Dragonite|slp\n|move|p2b: Frambuesa|Freeze-Dry|p1b: Ting-Lu\n|-supereffective|p1b: Ting-Lu\n|-damage|p1b: Ting-Lu|0 fnt\n|faint|p1b: Ting-Lu\n|move|p2a: Naranja|Pollen Puff|p2b: Frambuesa\n|-heal|p2b: Frambuesa|88\/100\n|\n|upkeep\n|\n|t:|1683594612\n|switch|p1b: Flutter Mane|Flutter Mane, L50|100\/100\n|turn|7\n|\n|t:|1683594630\n|move|p2b: Frambuesa|Protect|p2b: Frambuesa\n|-singleturn|p2b: Frambuesa|Protect\n|-curestatus|p1a: Dragonite|slp|[msg]\n|move|p1a: Dragonite|Extreme Speed|p2a: Naranja\n|-damage|p2a: Naranja|35\/100\n|-enditem|p2a: Naranja|Sitrus Berry|[eat]\n|-heal|p2a: Naranja|60\/100|[from] item: Sitrus Berry\n|move|p1b: Flutter Mane|Dazzling Gleam|p2a: Naranja|[spread] p2a\n|-activate|p2b: Frambuesa|move: Protect\n|-resisted|p2a: Naranja\n|-damage|p2a: Naranja|42\/100\n|move|p2a: Naranja|Spore|p1b: Flutter Mane\n|-status|p1b: Flutter Mane|slp|[from] move: Spore\n|\n|upkeep\n|turn|8\n|\n|t:|1683594644\n|move|p2a: Naranja|Protect|p2a: Naranja\n|-singleturn|p2a: Naranja|Protect\n|move|p2b: Frambuesa|Icy Wind|p1a: Dragonite|[spread] p1a,p1b\n|-supereffective|p1a: Dragonite\n|-damage|p1a: Dragonite|36\/100\n|-damage|p1b: Flutter Mane|71\/100 slp\n|-unboost|p1a: Dragonite|spe|1\n|-unboost|p1b: Flutter Mane|spe|1\n|cant|p1b: Flutter Mane|slp\n|move|p1a: Dragonite|Dragon Dance|p1a: Dragonite\n|-boost|p1a: Dragonite|atk|1\n|-boost|p1a: Dragonite|spe|1\n|\n|upkeep\n|turn|9\n|\n|t:|1683594664\n|move|p1a: Dragonite|Extreme Speed|p2b: Frambuesa\n|-damage|p2b: Frambuesa|36\/100\n|move|p2a: Naranja|Rage Powder|p2a: Naranja\n|-singleturn|p2a: Naranja|move: Rage Powder\n|move|p2b: Frambuesa|Icy Wind|p1b: Flutter Mane|[spread] p1a,p1b\n|-supereffective|p1a: Dragonite\n|-damage|p1a: Dragonite|0 fnt\n|-damage|p1b: Flutter Mane|43\/100 slp\n|-unboost|p1b: Flutter Mane|spe|1\n|faint|p1a: Dragonite\n|cant|p1b: Flutter Mane|slp\n|\n|upkeep\n|turn|10\n|-message|Mikeypipebomb forfeited.\n|\n|win|Can'tStopFalling\n|raw|Mikeypipebomb's rating: 1568 → 1548<\/strong> (-20 for losing)\n|raw|Can'tStopFalling's rating: 1568 → 1588<\/strong> (+20 for winning)\n|l|\u2606Mikeypipebomb\n","uploadtime":1683594687,"views":20,"p1id":"mikeypipebomb","p2id":"cantstopfalling","formatid":"gen9vgc2023regulationc","rating":1548,"private":0,"password":""}