{"id":"gen9vgc2023regulationc-1847328298","p1":"DDyarados29","p2":"Alexis_student","format":"[Gen 9] VGC 2023 Regulation C","log":"|j|\u2606DDyarados29\n|j|\u2606Alexis_student\n|t:|1681938945\n|gametype|doubles\n|player|p1|DDyarados29|wallace|1251\n|player|p2|Alexis_student|169|1159\n|teamsize|p1|6\n|teamsize|p2|6\n|gen|9\n|tier|[Gen 9] VGC 2023 Regulation C\n|rated|\n|rule|Species Clause: Limit one of each Pok\u00e9mon\n|rule|Item Clause: Limit one of each item\n|clearpoke\n|poke|p1|Gyarados, L50, F|\n|poke|p1|Baxcalibur, L50, M|\n|poke|p1|Ting-Lu, L50|\n|poke|p1|Houndstone, L50, M|\n|poke|p1|Murkrow, L50, M|\n|poke|p1|Corviknight, L50, F|\n|poke|p2|Amoonguss, L50, M|\n|poke|p2|Palafin, L50, M|\n|poke|p2|Arcanine, L50, M|\n|poke|p2|Flutter Mane, L50|\n|poke|p2|Roaring Moon, L50|\n|poke|p2|Ting-Lu, L50|\n|teampreview|4\nDDyarados29 has agreed to open team sheets.\n|inactive|Battle timer is ON: inactive players will automatically lose when time's up. (requested by Alexis_student)\n|\n|t:|1681938997\n|start\n|switch|p1a: Dossder|Gyarados, L50, F|100\/100\n|switch|p1b: Corviknight|Corviknight, L50, F|100\/100\n|switch|p2a: Palafin|Palafin, L50, M|100\/100\n|switch|p2b: Amoonguss|Amoonguss, L50, M|100\/100\n|-ability|p1a: Dossder|Intimidate|boost\n|-unboost|p2a: Palafin|atk|1\n|-unboost|p2b: Amoonguss|atk|1\n|turn|1\n|inactive|Alexis_student has 30 seconds left.\n|inactive|Alexis_student has 20 seconds left.\n|\n|t:|1681939033\n|detailschange|p2a: Palafin|Palafin-Hero, L50, M\n|switch|p2a: Arcanine|Arcanine, L50, M|100\/100\n|-ability|p2a: Arcanine|Intimidate|boost\n|-unboost|p1a: Dossder|atk|1\n|-ability|p1b: Corviknight|Mirror Armor\n|-unboost|p2a: Arcanine|atk|1\n|move|p1a: Dossder|Taunt|p2b: Amoonguss\n|-start|p2b: Amoonguss|move: Taunt\n|move|p1b: Corviknight|U-turn|p2a: Arcanine\n|-resisted|p2a: Arcanine\n|-damage|p2a: Arcanine|87\/100\n|inactive|DDyarados29 has 30 seconds left.\n|\n|t:|1681939058\n|switch|p1b: Ting-Luigi|Ting-Lu, L50|100\/100|[from] U-turn\n|-ability|p1b: Ting-Luigi|Vessel of Ruin\n|cant|p2b: Amoonguss|move: Taunt|Spore\n|\n|upkeep\n|turn|2\n|\n|t:|1681939077\n|switch|p2a: Palafin|Palafin-Hero, L50, M|100\/100\n|-activate|p2a: Palafin|ability: Zero to Hero\n|move|p1b: Ting-Luigi|Protect|p1b: Ting-Luigi\n|-singleturn|p1b: Ting-Luigi|Protect\n|move|p1a: Dossder|Thunder Wave|p2a: Palafin|[miss]\n|-miss|p1a: Dossder|p2a: Palafin\n|move|p2b: Amoonguss|Pollen Puff|p2a: Palafin\n|-immune|p2a: Palafin\n|\n|upkeep\n|turn|3\n|\n|t:|1681939099\n|switch|p2b: Roaring Moon|Roaring Moon, L50|100\/100\n|-enditem|p2b: Roaring Moon|Booster Energy\n|-activate|p2b: Roaring Moon|ability: Protosynthesis|[fromitem]\n|-start|p2b: Roaring Moon|protosynthesisatk\n|-terastallize|p1b: Ting-Luigi|Water\n|move|p2a: Palafin|Protect|p2a: Palafin\n|-singleturn|p2a: Palafin|Protect\n|move|p1a: Dossder|Thunder Wave|p2a: Palafin\n|-activate|p2a: Palafin|move: Protect\n|move|p1b: Ting-Luigi|Earthquake|p2b: Roaring Moon|[spread] p2b\n|-activate|p2a: Palafin|move: Protect\n|-immune|p1a: Dossder\n|-damage|p2b: Roaring Moon|65\/100\n|\n|upkeep\n|turn|4\n|inactive|Alexis_student has 30 seconds left.\n|inactive|DDyarados29 has 30 seconds left.\n|l|\u2606DDyarados29\n|inactive|DDyarados29 disconnected and has a minute to reconnect!\n|player|p1|\n|inactive|DDyarados29 has 20 seconds left.\n|inactive|DDyarados29 has 15 seconds left.\n|j|\u2606DDyarados29\n|inactive|DDyarados29 reconnected and has 15 seconds left.\n|player|p1|DDyarados29|wallace\n|inactive|DDyarados29 has 10 seconds left.\n|\n|t:|1681939153\n|switch|p1a: Houndstone|Houndstone, L50, M|100\/100\n|-terastallize|p2b: Roaring Moon|Flying\n|move|p1b: Ting-Luigi|Protect|p1b: Ting-Luigi\n|-singleturn|p1b: Ting-Luigi|Protect\n|move|p2b: Roaring Moon|Acrobatics|p1a: Houndstone\n|-crit|p1a: Houndstone\n|-damage|p1a: Houndstone|40\/100\n|-damage|p2b: Roaring Moon|49\/100|[from] item: Rocky Helmet|[of] p1a: Houndstone\n|move|p2a: Palafin|Wave Crash|p1a: Houndstone\n|-damage|p1a: Houndstone|0 fnt\n|-damage|p2a: Palafin|84\/100|[from] item: Rocky Helmet|[of] p1a: Houndstone\n|faint|p1a: Houndstone\n|-damage|p2a: Palafin|73\/100|[from] Recoil\n|\n|upkeep\n|\n|t:|1681939167\n|switch|p1a: Dossder|Gyarados, L50, F|100\/100\n|-ability|p1a: Dossder|Intimidate|boost\n|-unboost|p2a: Palafin|atk|1\n|-unboost|p2b: Roaring Moon|atk|1\n|turn|5\n|\n|t:|1681939181\n|move|p1a: Dossder|Helping Hand|p1b: Ting-Luigi\n|-singleturn|p1b: Ting-Luigi|Helping Hand|[of] p1a: Dossder\n|move|p2b: Roaring Moon|Protect|p2b: Roaring Moon\n|-singleturn|p2b: Roaring Moon|Protect\n|move|p2a: Palafin|Haze|p2a: Palafin\n|-clearallboost\n|move|p1b: Ting-Luigi|Rock Slide|p2a: Palafin|[spread] p2a\n|-activate|p2b: Roaring Moon|move: Protect\n|-damage|p2a: Palafin|52\/100\n|\n|upkeep\n|turn|6\n|\n|t:|1681939200\n|move|p2b: Roaring Moon|Acrobatics|p1a: Dossder\n|-damage|p1a: Dossder|7\/100\n|-enditem|p1a: Dossder|Sitrus Berry|[eat]\n|-heal|p1a: Dossder|32\/100|[from] item: Sitrus Berry\n|move|p2a: Palafin|Wave Crash|p1a: Dossder\n|-resisted|p1a: Dossder\n|-crit|p1a: Dossder\n|-damage|p1a: Dossder|0 fnt\n|faint|p1a: Dossder\n|-damage|p2a: Palafin|42\/100|[from] Recoil\n|move|p1b: Ting-Luigi|Rock Slide|p2a: Palafin|[spread] p2a,p2b\n|-supereffective|p2b: Roaring Moon\n|-damage|p2a: Palafin|26\/100\n|-damage|p2b: Roaring Moon|10\/100\n|\n|upkeep\n|\n|t:|1681939207\n|switch|p1a: Corviknight|Corviknight, L50, F|100\/100\n|turn|7\n|\n|t:|1681939225\n|move|p2b: Roaring Moon|Acrobatics|p1b: Ting-Luigi\n|-damage|p1b: Ting-Luigi|49\/100\n|move|p2a: Palafin|Wave Crash|p1a: Corviknight\n|-damage|p1a: Corviknight|18\/100\n|-damage|p2a: Palafin|1\/100|[from] Recoil\n|move|p1a: Corviknight|Brave Bird|p2b: Roaring Moon\n|-damage|p2b: Roaring Moon|0 fnt\n|faint|p2b: Roaring Moon\n|-end|p2b: Roaring Moon|Protosynthesis|[silent]\n|-damage|p1a: Corviknight|14\/100|[from] Recoil\n|move|p1b: Ting-Luigi|Earthquake|p2a: Palafin|[spread] p2a\n|-immune|p1a: Corviknight\n|-damage|p2a: Palafin|0 fnt\n|faint|p2a: Palafin\n|\n|upkeep\n|\n|t:|1681939243\n|switch|p2b: Arcanine|Arcanine, L50, M|87\/100\n|switch|p2a: Amoonguss|Amoonguss, L50, M|100\/100\n|-ability|p2b: Arcanine|Intimidate|boost\n|-ability|p1a: Corviknight|Mirror Armor\n|-unboost|p2b: Arcanine|atk|1\n|-unboost|p1b: Ting-Luigi|atk|1\n|turn|8\n|\n|t:|1681939262\n|move|p2b: Arcanine|Flare Blitz|p1a: Corviknight\n|-supereffective|p1a: Corviknight\n|-damage|p1a: Corviknight|0 fnt\n|faint|p1a: Corviknight\n|-damage|p2b: Arcanine|83\/100|[from] Recoil\n|move|p1b: Ting-Luigi|Earthquake|p2a: Amoonguss|[spread] p2a,p2b\n|-supereffective|p2b: Arcanine\n|-damage|p2a: Amoonguss|83\/100\n|-damage|p2b: Arcanine|35\/100\n|move|p2a: Amoonguss|Spore|p1b: Ting-Luigi\n|-activate|p1b: Ting-Luigi|item: Safety Goggles|Spore\n|\n|upkeep\n|turn|9\n|\n|t:|1681939284\n|move|p2b: Arcanine|Flare Blitz|p1b: Ting-Luigi\n|-resisted|p1b: Ting-Luigi\n|-damage|p1b: Ting-Luigi|39\/100\n|-status|p1b: Ting-Luigi|brn\n|-damage|p2b: Arcanine|31\/100|[from] Recoil\n|move|p1b: Ting-Luigi|Earthquake|p2a: Amoonguss|[spread] p2a,p2b\n|-supereffective|p2b: Arcanine\n|-damage|p2a: Amoonguss|74\/100\n|-damage|p2b: Arcanine|10\/100\n|move|p2a: Amoonguss|Pollen Puff|p2b: Arcanine\n|-heal|p2b: Arcanine|59\/100\n|\n|-damage|p1b: Ting-Luigi|33\/100 brn|[from] brn\n|upkeep\n|turn|10\n|c|\u2606DDyarados29|sick\n|c|\u2606DDyarados29|gg\n|-message|DDyarados29 forfeited.\n|\n|win|Alexis_student\n|raw|DDyarados29's rating: 1251 → 1220<\/strong> (-31 for losing)\n|raw|Alexis_student's rating: 1159 → 1190<\/strong> (+31 for winning)\n|l|\u2606Alexis_student\n|l|\u2606DDyarados29\n|j|\u2606Alexis_student\n|player|p2|Alexis_student|169\n","uploadtime":1681939360,"views":5,"p1id":"ddyarados29","p2id":"alexisstudent","formatid":"gen9vgc2023regulationc","rating":1190,"private":0,"password":""}