{"id":"gen9vgc2023regulationc-1857480101","p1":"Chosentolose","p2":"No_Name69420","format":"[Gen 9] VGC 2023 Regulation C","log":"|j|\u2606Chosentolose\n|j|\u2606No_Name69420\n|t:|1683199513\n|gametype|doubles\n|player|p1|Chosentolose|interviewers|\n|player|p2|No_Name69420|skyla-masters|\n|teamsize|p1|6\n|teamsize|p2|6\n|gen|9\n|tier|[Gen 9] VGC 2023 Regulation C\n|rule|Species Clause: Limit one of each Pok\u00e9mon\n|rule|Item Clause: Limit one of each item\n|clearpoke\n|poke|p1|Annihilape, L50, M|\n|poke|p1|Maushold-Four, L50|\n|poke|p1|Amoonguss, L50, F|\n|poke|p1|Arcanine, L50, F|\n|poke|p1|Sylveon, L50, F|\n|poke|p1|Iron Bundle, L50|\n|poke|p2|Pachirisu, L50, F|\n|poke|p2|Iron Bundle, L50|\n|poke|p2|Glimmora, L50, F|\n|poke|p2|Iron Hands, L50|\n|poke|p2|Indeedee-F, L50, F|\n|poke|p2|Sylveon, L50, F|\n|teampreview|4\n|inactive|Battle timer is ON: inactive players will automatically lose when time's up. (requested by No_Name69420)\n|c|\u2606No_Name69420|open team sheets?\n|c|\u2606No_Name69420|or no\n|inactive|No_Name69420 has 60 seconds left.\nChosentolose rejected open team sheets.\n|\n|t:|1683199553\n|start\n|switch|p1a: Annihilape|Annihilape, L50, M|100\/100\n|switch|p1b: Maushold|Maushold-Four, L50|100\/100\n|switch|p2a: Iron Hands|Iron Hands, L50|100\/100\n|switch|p2b: Sylveon|Sylveon, L50, F|100\/100\n|-enditem|p2a: Iron Hands|Booster Energy\n|-activate|p2a: Iron Hands|ability: Quark Drive|[fromitem]\n|-start|p2a: Iron Hands|quarkdriveatk\n|turn|1\n|\n|t:|1683199570\n|move|p1b: Maushold|Protect|p1b: Maushold\n|-singleturn|p1b: Maushold|Protect\n|move|p1a: Annihilape|Protect|p1a: Annihilape\n|-singleturn|p1a: Annihilape|Protect\n|move|p2a: Iron Hands|Fake Out|p1b: Maushold\n|-activate|p1b: Maushold|move: Protect\n|move|p2b: Sylveon|Hyper Voice|p1b: Maushold|[spread] \n|-activate|p1a: Annihilape|move: Protect\n|-activate|p1b: Maushold|move: Protect\n|\n|upkeep\n|turn|2\n|\n|t:|1683199588\n|-terastallize|p1a: Annihilape|Steel\n|move|p1b: Maushold|Population Bomb|p1a: Annihilape\n|-resisted|p1a: Annihilape\n|-damage|p1a: Annihilape|99\/100\n|-resisted|p1a: Annihilape\n|-damage|p1a: Annihilape|97\/100\n|-resisted|p1a: Annihilape\n|-damage|p1a: Annihilape|95\/100\n|-resisted|p1a: Annihilape\n|-damage|p1a: Annihilape|93\/100\n|-resisted|p1a: Annihilape\n|-damage|p1a: Annihilape|91\/100\n|-resisted|p1a: Annihilape\n|-damage|p1a: Annihilape|89\/100\n|-resisted|p1a: Annihilape\n|-damage|p1a: Annihilape|87\/100\n|-resisted|p1a: Annihilape\n|-damage|p1a: Annihilape|85\/100\n|-resisted|p1a: Annihilape\n|-damage|p1a: Annihilape|83\/100\n|-resisted|p1a: Annihilape\n|-damage|p1a: Annihilape|82\/100\n|-hitcount|p1a: Annihilape|10\n|move|p1a: Annihilape|Rage Fist|p2b: Sylveon\n|-damage|p2b: Sylveon|0 fnt\n|faint|p2b: Sylveon\n|move|p2a: Iron Hands|Drain Punch|p1b: Maushold\n|-supereffective|p1b: Maushold\n|-enditem|p1b: Maushold|Focus Sash\n|-damage|p1b: Maushold|1\/100\n|\n|-heal|p1a: Annihilape|88\/100|[from] item: Leftovers\n|upkeep\n|inactive|No_Name69420 has 30 seconds left.\n|\n|t:|1683199616\n|switch|p2b: Indeedee|Indeedee-F, L50, F|100\/100\n|turn|3\n|\n|t:|1683199620\n|move|p1b: Maushold|Protect|p1b: Maushold\n|-singleturn|p1b: Maushold|Protect\n|move|p1a: Annihilape|Protect|p1a: Annihilape\n|-singleturn|p1a: Annihilape|Protect\n|move|p2b: Indeedee|Follow Me|p2b: Indeedee\n|-singleturn|p2b: Indeedee|move: Follow Me\n|move|p2a: Iron Hands|Drain Punch|p1a: Annihilape\n|-activate|p1a: Annihilape|move: Protect\n|\n|-heal|p1a: Annihilape|94\/100|[from] item: Leftovers\n|upkeep\n|turn|4\n|\n|t:|1683199636\n|move|p1b: Maushold|Follow Me|p1b: Maushold\n|-singleturn|p1b: Maushold|move: Follow Me\n|move|p2b: Indeedee|Follow Me|p2b: Indeedee\n|-singleturn|p2b: Indeedee|move: Follow Me\n|move|p1a: Annihilape|Rage Fist|p2b: Indeedee\n|-immune|p2b: Indeedee\n|move|p2a: Iron Hands|Drain Punch|p1b: Maushold\n|-supereffective|p1b: Maushold\n|-damage|p1b: Maushold|0 fnt\n|faint|p1b: Maushold\n|\n|-heal|p1a: Annihilape|99\/100|[from] item: Leftovers\n|upkeep\n|\n|t:|1683199646\n|switch|p1b: Sylveon|Sylveon, L50, F|100\/100\n|turn|5\n|\n|t:|1683199656\n|move|p1a: Annihilape|Protect|p1a: Annihilape\n|-singleturn|p1a: Annihilape|Protect\n|move|p2b: Indeedee|Follow Me|p2b: Indeedee\n|-singleturn|p2b: Indeedee|move: Follow Me\n|move|p2a: Iron Hands|Drain Punch|p1a: Annihilape\n|-activate|p1a: Annihilape|move: Protect\n|move|p1b: Sylveon|Yawn|p2b: Indeedee\n|-start|p2b: Indeedee|move: Yawn|[of] p1b: Sylveon\n|\n|-heal|p1a: Annihilape|100\/100|[from] item: Leftovers\n|upkeep\n|turn|6\n|\n|t:|1683199670\n|switch|p1a: Arcanine|Arcanine, L50, F|100\/100\n|-ability|p1a: Arcanine|Intimidate|boost\n|-unboost|p2a: Iron Hands|atk|1\n|-unboost|p2b: Indeedee|atk|1\n|move|p2b: Indeedee|Follow Me|p2b: Indeedee\n|-singleturn|p2b: Indeedee|move: Follow Me\n|move|p2a: Iron Hands|Drain Punch|p1a: Arcanine\n|-damage|p1a: Arcanine|55\/100\n|move|p1b: Sylveon|Hyper Voice|p2a: Iron Hands|[spread] p2a,p2b\n|-supereffective|p2a: Iron Hands\n|-damage|p2a: Iron Hands|22\/100\n|-damage|p2b: Indeedee|63\/100\n|-enditem|p1b: Sylveon|Throat Spray\n|-boost|p1b: Sylveon|spa|1|[from] item: Throat Spray\n|\n|-end|p2b: Indeedee|move: Yawn|[silent]\n|-status|p2b: Indeedee|slp\n|upkeep\n|turn|7\n|\n|t:|1683199691\n|cant|p2b: Indeedee|slp\n|move|p1a: Arcanine|Extreme Speed|p2a: Iron Hands\n|-damage|p2a: Iron Hands|6\/100\n|move|p2a: Iron Hands|Drain Punch|p1a: Arcanine\n|-damage|p1a: Arcanine|12\/100\n|-heal|p2a: Iron Hands|23\/100|[from] drain|[of] p1a: Arcanine\n|move|p1b: Sylveon|Hyper Voice|p2b: Indeedee|[spread] p2a,p2b\n|-supereffective|p2a: Iron Hands\n|-damage|p2a: Iron Hands|0 fnt\n|-damage|p2b: Indeedee|11\/100 slp\n|-enditem|p2b: Indeedee|Sitrus Berry|[eat]\n|-heal|p2b: Indeedee|36\/100 slp|[from] item: Sitrus Berry\n|faint|p2a: Iron Hands\n|-end|p2a: Iron Hands|Quark Drive|[silent]\n|\n|upkeep\n|\n|t:|1683199709\n|switch|p2a: Pachirisu|Pachirisu, L50, F|100\/100\n|turn|8\n|c|\u2606No_Name69420|gg\n|\n|t:|1683199717\n|cant|p2b: Indeedee|slp\n|move|p2a: Pachirisu|Thunderbolt|p1a: Arcanine\n|-damage|p1a: Arcanine|0 fnt\n|faint|p1a: Arcanine\n|move|p1b: Sylveon|Yawn|p2a: Pachirisu\n|-start|p2a: Pachirisu|move: Yawn|[of] p1b: Sylveon\n|\n|upkeep\n|\n|t:|1683199724\n|switch|p1a: Annihilape|Annihilape, L50, M, tera:Steel|100\/100\n|turn|9\n|\n|t:|1683199731\n|move|p1a: Annihilape|Protect|p1a: Annihilape\n|-singleturn|p1a: Annihilape|Protect\n|-curestatus|p2b: Indeedee|slp|[msg]\n|move|p2b: Indeedee|Follow Me|p2b: Indeedee\n|-singleturn|p2b: Indeedee|move: Follow Me\n|move|p2a: Pachirisu|Nuzzle|p1b: Sylveon\n|-damage|p1b: Sylveon|96\/100\n|-status|p1b: Sylveon|par\n|cant|p1b: Sylveon|par\n|\n|-end|p2a: Pachirisu|move: Yawn|[silent]\n|-status|p2a: Pachirisu|slp\n|upkeep\n|turn|10\n|\n|t:|1683199756\n|move|p2b: Indeedee|Follow Me|p2b: Indeedee\n|-singleturn|p2b: Indeedee|move: Follow Me\n|cant|p2a: Pachirisu|slp\n|move|p1a: Annihilape|Drain Punch|p2b: Indeedee\n|-damage|p2b: Indeedee|0 fnt\n|faint|p2b: Indeedee\n|move|p1b: Sylveon|Hyper Voice|p2a: Pachirisu\n|-crit|p2a: Pachirisu\n|-damage|p2a: Pachirisu|0 fnt\n|faint|p2a: Pachirisu\n|\n|win|Chosentolose\n|c|\u2606Chosentolose|Easy win\n|c|\u2606No_Name69420|ok\n|c|\u2606Chosentolose|Get good\n|c|\u2606No_Name69420|its my first time playing VCG gen 9 but ok\n|l|\u2606Chosentolose\n","uploadtime":1683199796,"views":15,"p1id":"chosentolose","p2id":"noname69420","formatid":"gen9vgc2023regulationc","rating":0,"private":0,"password":""}