{"id":"gen9vgc2023regulationc-1844804399","p1":"idolhunter28273","p2":"CopaVGC","format":"[Gen 9] VGC 2023 Regulation C","log":"|j|\u2606idolhunter28273\n|j|\u2606CopaVGC\n|t:|1681650295\n|gametype|doubles\n|player|p1|idolhunter28273|265|\n|player|p2|CopaVGC|boarder|\n|teamsize|p1|6\n|teamsize|p2|6\n|gen|9\n|tier|[Gen 9] VGC 2023 Regulation C\n|rule|Species Clause: Limit one of each Pok\u00e9mon\n|rule|Item Clause: Limit one of each item\n|clearpoke\n|poke|p1|Baxcalibur, L50, M|\n|poke|p1|Ting-Lu, L50|\n|poke|p1|Palafin, L50, M|\n|poke|p1|Flutter Mane, L50|\n|poke|p1|Arcanine, L50, F|\n|poke|p1|Amoonguss, L50, M|\n|poke|p2|Torkoal, L50, F|\n|poke|p2|Flutter Mane, L50|\n|poke|p2|Chi-Yu, L50|\n|poke|p2|Amoonguss, L50, F|\n|poke|p2|Iron Hands, L50|\n|poke|p2|Wo-Chien, L50|\n|teampreview|4\nidolhunter28273 has agreed to open team sheets.\nCopaVGC has agreed to open team sheets.\n|inactive|Battle timer is ON: inactive players will automatically lose when time's up. (requested by CopaVGC)\n|c|\u2606CopaVGC|glhf!\n|inactive|idolhunter28273 has 60 seconds left.\n|inactive|CopaVGC has 60 seconds left.\n|inactive|idolhunter28273 has 30 seconds left.\n|inactive|idolhunter28273 has 20 seconds left.\n|inactive|idolhunter28273 has 15 seconds left.\n|inactive|CopaVGC has 30 seconds left.\n|inactive|idolhunter28273 has 10 seconds left.\n|inactive|idolhunter28273 has 5 seconds left.\n|\n|t:|1681650389\n|start\n|switch|p1a: Palafin|Palafin, L50, M|100\/100\n|switch|p1b: Ting-Lu|Ting-Lu, L50|100\/100\n|switch|p2a: Flutter Mane|Flutter Mane, L50, shiny|100\/100\n|switch|p2b: Iron Hands|Iron Hands, L50, shiny|100\/100\n|-ability|p1b: Ting-Lu|Vessel of Ruin\n|turn|1\n|c|\u2606idolhunter28273|you too!\n|inactive|idolhunter28273 has 30 seconds left.\n|inactive|CopaVGC has 30 seconds left.\n|inactive|idolhunter28273 has 20 seconds left.\n|inactive|CopaVGC has 20 seconds left.\n|inactive|idolhunter28273 has 15 seconds left.\n|inactive|CopaVGC has 15 seconds left.\n|\n|t:|1681650432\n|detailschange|p1a: Palafin|Palafin-Hero, L50, M\n|switch|p1a: Arcanine|Arcanine, L50, F|100\/100\n|-ability|p1a: Arcanine|Intimidate|boost\n|-unboost|p2a: Flutter Mane|atk|1\n|-unboost|p2b: Iron Hands|atk|1\n|-terastallize|p2a: Flutter Mane|Fairy\n|-terastallize|p1b: Ting-Lu|Fairy\n|move|p2b: Iron Hands|Fake Out|p1b: Ting-Lu\n|-damage|p1b: Ting-Lu|95\/100\n|move|p2a: Flutter Mane|Moonblast|p1b: Ting-Lu\n|-damage|p1b: Ting-Lu|70\/100\n|-unboost|p1b: Ting-Lu|spa|1\n|cant|p1b: Ting-Lu|flinch\n|\n|upkeep\n|turn|2\n|inactive|idolhunter28273 has 30 seconds left.\n|inactive|CopaVGC has 30 seconds left.\n|inactive|idolhunter28273 has 20 seconds left.\n|inactive|CopaVGC has 20 seconds left.\n|inactive|CopaVGC has 15 seconds left.\n|inactive|CopaVGC has 10 seconds left.\n|\n|t:|1681650479\n|move|p2a: Flutter Mane|Dazzling Gleam|p1a: Arcanine|[spread] p1a,p1b\n|-resisted|p1a: Arcanine\n|-damage|p1a: Arcanine|84\/100\n|-damage|p1b: Ting-Lu|52\/100\n|move|p1a: Arcanine|Will-O-Wisp|p2b: Iron Hands\n|-status|p2b: Iron Hands|brn\n|move|p2b: Iron Hands|Close Combat|p1a: Arcanine\n|-crit|p1a: Arcanine\n|-damage|p1a: Arcanine|35\/100\n|-unboost|p2b: Iron Hands|def|1\n|-unboost|p2b: Iron Hands|spd|1\n|move|p1b: Ting-Lu|Heavy Slam|p2a: Flutter Mane\n|-supereffective|p2a: Flutter Mane\n|-enditem|p2a: Flutter Mane|Focus Sash\n|-damage|p2a: Flutter Mane|1\/100\n|\n|-damage|p2b: Iron Hands|94\/100 brn|[from] brn\n|upkeep\n|turn|3\n|inactive|idolhunter28273 has 30 seconds left.\n|inactive|CopaVGC has 30 seconds left.\n|inactive|idolhunter28273 has 20 seconds left.\n|inactive|CopaVGC has 20 seconds left.\n|inactive|CopaVGC has 15 seconds left.\n|\n|t:|1681650524\n|-end|p2b: Iron Hands|Quark Drive|[silent]\n|switch|p2b: Torkoal|Torkoal, L50, F, shiny|100\/100\n|-weather|SunnyDay|[from] ability: Drought|[of] p2b: Torkoal\n|-activate|p2a: Flutter Mane|ability: Protosynthesis\n|-start|p2a: Flutter Mane|protosynthesisspe\n|move|p1a: Arcanine|Extreme Speed|p2a: Flutter Mane\n|-damage|p2a: Flutter Mane|0 fnt\n|faint|p2a: Flutter Mane\n|-end|p2a: Flutter Mane|Protosynthesis|[silent]\n|move|p1b: Ting-Lu|Stomping Tantrum|p2b: Torkoal\n|-supereffective|p2b: Torkoal\n|-damage|p2b: Torkoal|50\/100\n|-enditem|p2b: Torkoal|Sitrus Berry|[eat]\n|-heal|p2b: Torkoal|75\/100|[from] item: Sitrus Berry\n|\n|-weather|SunnyDay|[upkeep]\n|upkeep\n|\n|t:|1681650538\n|switch|p2a: Chi-Yu|Chi-Yu, L50|100\/100\n|-ability|p2a: Chi-Yu|Beads of Ruin\n|turn|4\n|inactive|idolhunter28273 has 30 seconds left.\n|inactive|CopaVGC has 30 seconds left.\n|inactive|idolhunter28273 has 20 seconds left.\n|inactive|CopaVGC has 20 seconds left.\n|inactive|idolhunter28273 has 15 seconds left.\n|inactive|idolhunter28273 has 10 seconds left.\n|\n|t:|1681650586\n|move|p2a: Chi-Yu|Dark Pulse|p1a: Arcanine\n|-damage|p1a: Arcanine|0 fnt\n|faint|p1a: Arcanine\n|-damage|p2a: Chi-Yu|91\/100|[from] item: Life Orb\n|move|p1b: Ting-Lu|Stomping Tantrum|p2a: Chi-Yu\n|-supereffective|p2a: Chi-Yu\n|-damage|p2a: Chi-Yu|0 fnt\n|faint|p2a: Chi-Yu\n|move|p2b: Torkoal|Overheat|p1b: Ting-Lu\n|-damage|p1b: Ting-Lu|30\/100\n|-unboost|p2b: Torkoal|spa|2\n|\n|-weather|SunnyDay|[upkeep]\n|upkeep\n|inactive|idolhunter28273 has 30 seconds left.\n|inactive|idolhunter28273 has 20 seconds left.\n|inactive|idolhunter28273 has 15 seconds left.\n|inactive|idolhunter28273 has 10 seconds left.\n|\n|t:|1681650635\n|switch|p2a: Iron Hands|Iron Hands, L50, shiny|94\/100 brn\n|switch|p1a: Flutter Mane|Flutter Mane, L50|100\/100\n|-activate|p1a: Flutter Mane|ability: Protosynthesis\n|-start|p1a: Flutter Mane|protosynthesisspa\n|turn|5\n|inactive|idolhunter28273 has 30 seconds left.\n|inactive|CopaVGC has 30 seconds left.\n|inactive|CopaVGC has 20 seconds left.\n|inactive|CopaVGC has 15 seconds left.\n|inactive|CopaVGC has 10 seconds left.\n|inactive|CopaVGC has 5 seconds left.\n|\n|t:|1681650685\n|switch|p1b: Palafin|Palafin-Hero, L50, M|100\/100\n|-activate|p1b: Palafin|ability: Zero to Hero\n|move|p1a: Flutter Mane|Moonblast|p2a: Iron Hands\n|-supereffective|p2a: Iron Hands\n|-damage|p2a: Iron Hands|29\/100 brn\n|move|p2a: Iron Hands|Thunder Punch|p1b: Palafin\n|-supereffective|p1b: Palafin\n|-damage|p1b: Palafin|58\/100\n|move|p2b: Torkoal|Overheat|p1a: Flutter Mane\n|-damage|p1a: Flutter Mane|72\/100\n|-unboost|p2b: Torkoal|spa|2\n|\n|-weather|SunnyDay|[upkeep]\n|-damage|p2a: Iron Hands|23\/100 brn|[from] brn\n|upkeep\n|turn|6\n|inactive|idolhunter28273 has 30 seconds left.\n|inactive|CopaVGC has 30 seconds left.\n|inactive|CopaVGC has 20 seconds left.\n|inactive|CopaVGC has 15 seconds left.\n|\n|t:|1681650728\n|move|p2b: Torkoal|Helping Hand|p2a: Iron Hands\n|-singleturn|p2a: Iron Hands|Helping Hand|[of] p2b: Torkoal\n|move|p1b: Palafin|Protect|p1b: Palafin\n|-singleturn|p1b: Palafin|Protect\n|move|p1a: Flutter Mane|Moonblast|p2a: Iron Hands\n|-supereffective|p2a: Iron Hands\n|-damage|p2a: Iron Hands|0 fnt\n|faint|p2a: Iron Hands\n|-end|p2a: Iron Hands|Quark Drive|[silent]\n|\n|-weather|SunnyDay|[upkeep]\n|upkeep\n|turn|7\n|\n|t:|1681650745\n|move|p1a: Flutter Mane|Shadow Ball|p2b: Torkoal\n|-damage|p2b: Torkoal|19\/100\n|move|p1b: Palafin|Wave Crash|p2b: Torkoal\n|-supereffective|p2b: Torkoal\n|-damage|p2b: Torkoal|0 fnt\n|faint|p2b: Torkoal\n|-damage|p1b: Palafin|53\/100|[from] Recoil\n|\n|win|idolhunter28273\n|c|\u2606idolhunter28273|gg!\n|l|\u2606idolhunter28273\n|c|\u2606CopaVGC|gg\n","uploadtime":1681650761,"views":10,"p1id":"idolhunter28273","p2id":"copavgc","formatid":"gen9vgc2023regulationc","rating":0,"private":0,"password":""}