{"id":"gen9vgc2023regulationc-1844893230","p1":"ICCR","p2":"Thffhggj","format":"[Gen 9] VGC 2023 Regulation C","log":"|j|\u2606ICCR\n|j|\u2606Thffhggj\n|t:|1681661257\n|gametype|doubles\n|player|p1|ICCR|265|1220\n|player|p2|Thffhggj|101|1298\n|teamsize|p1|6\n|teamsize|p2|6\n|gen|9\n|tier|[Gen 9] VGC 2023 Regulation C\n|rated|\n|rule|Species Clause: Limit one of each Pok\u00e9mon\n|rule|Item Clause: Limit one of each item\n|clearpoke\n|poke|p1|Arcanine, L50, F|\n|poke|p1|Iron Bundle, L50|\n|poke|p1|Dondozo, L50, F|\n|poke|p1|Tatsugiri, L50, M|\n|poke|p1|Kingambit, L50, F|\n|poke|p1|Flutter Mane, L50|\n|poke|p2|Chien-Pao, L50|\n|poke|p2|Scizor, L50, F|\n|poke|p2|Great Tusk, L50|\n|poke|p2|Talonflame, L50, M|\n|poke|p2|Gastrodon, L50, M|\n|poke|p2|Flutter Mane, L50|\n|teampreview|4\n|inactive|Battle timer is ON: inactive players will automatically lose when time's up. (requested by Thffhggj)\n|inactive|ICCR has 60 seconds left.\n|inactive|Thffhggj has 60 seconds left.\n|\n|t:|1681661307\n|start\n|switch|p1a: Arcanine|Arcanine, L50, F|100\/100\n|switch|p1b: Iron Bundle|Iron Bundle, L50|100\/100\n|switch|p2a: Great Tusk|Great Tusk, L50|100\/100\n|switch|p2b: Talonflame|Talonflame, L50, M|100\/100\n|-ability|p1a: Arcanine|Intimidate|boost\n|-unboost|p2a: Great Tusk|atk|1\n|-unboost|p2b: Talonflame|atk|1\n|turn|1\n|\n|t:|1681661323\n|-terastallize|p2a: Great Tusk|Steel\n|move|p1a: Arcanine|Extreme Speed|p2b: Talonflame\n|-damage|p2b: Talonflame|69\/100\n|move|p1b: Iron Bundle|Hydro Pump|p2a: Great Tusk\n|-damage|p2a: Great Tusk|52\/100\n|move|p2b: Talonflame|Tailwind|p2b: Talonflame\n|-sidestart|p2: Thffhggj|move: Tailwind\n|move|p2a: Great Tusk|Headlong Rush|p1a: Arcanine\n|-supereffective|p1a: Arcanine\n|-damage|p1a: Arcanine|0 fnt\n|-unboost|p2a: Great Tusk|def|1\n|-unboost|p2a: Great Tusk|spd|1\n|faint|p1a: Arcanine\n|\n|upkeep\n|\n|t:|1681661346\n|switch|p1a: Kingambit|Kingambit, L50, F|100\/100\n|turn|2\n|\n|t:|1681661356\n|-terastallize|p1a: Kingambit|Flying\n|move|p2b: Talonflame|Will-O-Wisp|p1a: Kingambit\n|-status|p1a: Kingambit|brn\n|move|p2a: Great Tusk|Close Combat|p1b: Iron Bundle\n|-supereffective|p1b: Iron Bundle\n|-enditem|p1b: Iron Bundle|Focus Sash\n|-damage|p1b: Iron Bundle|1\/100\n|-unboost|p2a: Great Tusk|def|1\n|-unboost|p2a: Great Tusk|spd|1\n|move|p1b: Iron Bundle|Hydro Pump|p2b: Talonflame\n|-supereffective|p2b: Talonflame\n|-damage|p2b: Talonflame|0 fnt\n|faint|p2b: Talonflame\n|move|p1a: Kingambit|Kowtow Cleave|p2a: Great Tusk\n|-damage|p2a: Great Tusk|15\/100\n|\n|-damage|p1a: Kingambit|95\/100 brn|[from] brn\n|upkeep\n|\n|t:|1681661365\n|switch|p2b: Flutter Mane|Flutter Mane, L50|100\/100\n|turn|3\n|inactive|Thffhggj has 30 seconds left.\n|\n|t:|1681661400\n|move|p1b: Iron Bundle|Protect|p1b: Iron Bundle\n|-singleturn|p1b: Iron Bundle|Protect\n|move|p1a: Kingambit|Sucker Punch|p2b: Flutter Mane\n|-damage|p2b: Flutter Mane|52\/100\n|move|p2b: Flutter Mane|Dazzling Gleam|p1a: Kingambit|[spread] p1a\n|-activate|p1b: Iron Bundle|move: Protect\n|-damage|p1a: Kingambit|66\/100 brn\n|move|p2a: Great Tusk|Rock Slide|p1b: Iron Bundle|[spread] p1a\n|-activate|p1b: Iron Bundle|move: Protect\n|-supereffective|p1a: Kingambit\n|-damage|p1a: Kingambit|45\/100 brn\n|\n|-damage|p1a: Kingambit|39\/100 brn|[from] brn\n|upkeep\n|turn|4\n|\n|t:|1681661420\n|-end|p2a: Great Tusk|Protosynthesis|[silent]\n|switch|p2a: Gastrodon|Gastrodon, L50, M|100\/100\n|-end|p1b: Iron Bundle|Quark Drive|[silent]\n|switch|p1b: Mimi|Flutter Mane, L50|100\/100\n|-enditem|p1b: Mimi|Booster Energy\n|-activate|p1b: Mimi|ability: Protosynthesis|[fromitem]\n|-start|p1b: Mimi|protosynthesisspa\n|move|p1a: Kingambit|Sucker Punch||[still]\n|-fail|p1a: Kingambit\n|move|p2b: Flutter Mane|Dazzling Gleam|p1a: Kingambit|[spread] p1a,p1b\n|-damage|p1a: Kingambit|6\/100 brn\n|-damage|p1b: Mimi|54\/100\n|\n|-damage|p1a: Kingambit|0 fnt|[from] brn\n|faint|p1a: Kingambit\n|-sideend|p2: Thffhggj|move: Tailwind\n|upkeep\n|\n|t:|1681661436\n|switch|p1a: Iron Bundle|Iron Bundle, L50|1\/100\n|turn|5\n|\n|t:|1681661451\n|move|p1a: Iron Bundle|Protect|p1a: Iron Bundle\n|-singleturn|p1a: Iron Bundle|Protect\n|move|p2b: Flutter Mane|Dazzling Gleam|p1a: Iron Bundle|[spread] p1b\n|-activate|p1a: Iron Bundle|move: Protect\n|-damage|p1b: Mimi|4\/100\n|move|p1b: Mimi|Shadow Ball|p2b: Flutter Mane\n|-supereffective|p2b: Flutter Mane\n|-damage|p2b: Flutter Mane|0 fnt\n|faint|p2b: Flutter Mane\n|-end|p2b: Flutter Mane|Protosynthesis|[silent]\n|move|p2a: Gastrodon|Earth Power|p1a: Iron Bundle\n|-activate|p1a: Iron Bundle|move: Protect\n|\n|upkeep\n|\n|t:|1681661453\n|switch|p2b: Great Tusk|Great Tusk, L50, tera:Steel|15\/100\n|turn|6\n|\n|t:|1681661471\n|move|p1a: Iron Bundle|Freeze-Dry|p2a: Gastrodon\n|-supereffective|p2a: Gastrodon\n|-damage|p2a: Gastrodon|0 fnt\n|faint|p2a: Gastrodon\n|move|p1b: Mimi|Dazzling Gleam|p2b: Great Tusk\n|-resisted|p2b: Great Tusk\n|-damage|p2b: Great Tusk|0 fnt\n|faint|p2b: Great Tusk\n|-end|p2b: Great Tusk|Protosynthesis|[silent]\n|\n|win|ICCR\n|raw|ICCR's rating: 1220 → 1251<\/strong> (+31 for winning)\n|raw|Thffhggj's rating: 1298 → 1267<\/strong> (-31 for losing)\n|l|\u2606Thffhggj\n","uploadtime":1681661481,"views":19,"p1id":"iccr","p2id":"thffhggj","formatid":"gen9vgc2023regulationc","rating":1251,"private":0,"password":""}