{"id":"gen9vgc2023regulationc-1860048507","p1":"JBSBPM713","p2":"Firefeather57+1","format":"[Gen 9] VGC 2023 Regulation C","log":"|j|\u2606JBSBPM713\n|j|\u2606Firefeather57+1\n|t:|1683589156\n|gametype|doubles\n|player|p1|JBSBPM713|linebacker|\n|player|p2|Firefeather57+1|benga|\n|teamsize|p1|6\n|teamsize|p2|6\n|gen|9\n|tier|[Gen 9] VGC 2023 Regulation C\n|rule|Species Clause: Limit one of each Pok\u00e9mon\n|rule|Item Clause: Limit one of each item\n|clearpoke\n|poke|p1|Iron Bundle, L50|\n|poke|p1|Arcanine, L50, F|\n|poke|p1|Amoonguss, L50, M|\n|poke|p1|Great Tusk, L50|\n|poke|p1|Mimikyu, L50, F|\n|poke|p1|Kingambit, L50, F|\n|poke|p2|Arcanine, L50, M|\n|poke|p2|Amoonguss, L50, M|\n|poke|p2|Palafin, L50, F|\n|poke|p2|Flutter Mane, L50|\n|poke|p2|Chien-Pao, L50|\n|poke|p2|Dragapult, L50, M|\n|teampreview|4\n|c|\u2606Firefeather57+1|gl hf\n|c|\u2606JBSBPM713|Gl hf\nJBSBPM713 has agreed to open team sheets.\nFirefeather57+1 has agreed to open team sheets.\n|\n|t:|1683589252\n|start\n|switch|p1a: Delibot|Iron Bundle, L50, shiny|100\/100\n|switch|p1b: Full Send|Kingambit, L50, F, shiny|100\/100\n|switch|p2a: Palance|Palafin, L50, F|100\/100\n|switch|p2b: Team|Flutter Mane, L50|100\/100\n|-enditem|p2b: Team|Booster Energy\n|-activate|p2b: Team|ability: Protosynthesis|[fromitem]\n|-start|p2b: Team|protosynthesisspe\n|-enditem|p1a: Delibot|Booster Energy\n|-activate|p1a: Delibot|ability: Quark Drive|[fromitem]\n|-start|p1a: Delibot|quarkdrivespe\n|turn|1\n|\n|t:|1683589270\n|detailschange|p2a: Palance|Palafin-Hero, L50, F\n|switch|p2a: Yet|Arcanine, L50, M|100\/100\n|-ability|p2a: Yet|Intimidate|boost\n|-unboost|p1a: Delibot|atk|1\n|-unboost|p1b: Full Send|atk|1\n|-ability|p1b: Full Send|Defiant|boost\n|-boost|p1b: Full Send|atk|2\n|move|p2b: Team|Protect|p2b: Team\n|-singleturn|p2b: Team|Protect\n|move|p1a: Delibot|Icy Wind|p2a: Yet|[spread] p2a\n|-activate|p2b: Team|move: Protect\n|-resisted|p2a: Yet\n|-damage|p2a: Yet|93\/100\n|-unboost|p2a: Yet|spe|1\n|move|p1b: Full Send|Assurance|p2a: Yet\n|-damage|p2a: Yet|0 fnt\n|faint|p2a: Yet\n|\n|upkeep\n|\n|t:|1683589285\n|switch|p2a: Palance|Palafin-Hero, L50, F|100\/100\n|-activate|p2a: Palance|ability: Zero to Hero\n|turn|2\n|\n|t:|1683589308\n|switch|p1b: Barker|Arcanine, L50, F, shiny|100\/100\n|-ability|p1b: Barker|Intimidate|boost\n|-unboost|p2a: Palance|atk|1\n|-unboost|p2b: Team|atk|1\n|move|p1a: Delibot|Protect|p1a: Delibot\n|-singleturn|p1a: Delibot|Protect\n|move|p2b: Team|Moonblast|p1a: Delibot\n|-activate|p1a: Delibot|move: Protect\n|move|p2a: Palance|Wave Crash|p1b: Barker\n|-supereffective|p1b: Barker\n|-damage|p1b: Barker|0 fnt\n|faint|p1b: Barker\n|-damage|p2a: Palance|63\/100|[from] Recoil\n|\n|upkeep\n|\n|t:|1683589319\n|switch|p1b: Extraordinary Tusk|Great Tusk, L50, shiny|100\/100\n|turn|3\n|\n|t:|1683589332\n|move|p2a: Palance|Protect|p2a: Palance\n|-singleturn|p2a: Palance|Protect\n|move|p1b: Extraordinary Tusk|Protect|p1b: Extraordinary Tusk\n|-singleturn|p1b: Extraordinary Tusk|Protect\n|move|p2b: Team|Dazzling Gleam|p1b: Extraordinary Tusk|[spread] p1a\n|-activate|p1b: Extraordinary Tusk|move: Protect\n|-damage|p1a: Delibot|47\/100\n|move|p1a: Delibot|Freeze-Dry|p2a: Palance\n|-activate|p2a: Palance|move: Protect\n|\n|upkeep\n|turn|4\n|\n|t:|1683589346\n|switch|p2a: Crystal King|Chien-Pao, L50|100\/100\n|-ability|p2a: Crystal King|Sword of Ruin\n|-end|p1b: Extraordinary Tusk|Protosynthesis|[silent]\n|switch|p1b: Full Send|Kingambit, L50, F, shiny|100\/100\n|move|p2b: Team|Dazzling Gleam|p1a: Delibot|[spread] p1a,p1b\n|-damage|p1a: Delibot|0 fnt\n|-damage|p1b: Full Send|81\/100\n|faint|p1a: Delibot\n|-end|p1a: Delibot|Quark Drive|[silent]\n|\n|upkeep\n|\n|t:|1683589349\n|switch|p1a: Extraordinary Tusk|Great Tusk, L50, shiny|100\/100\n|turn|5\n|\n|t:|1683589374\n|-terastallize|p1b: Full Send|Fire\n|move|p1a: Extraordinary Tusk|Protect|p1a: Extraordinary Tusk\n|-singleturn|p1a: Extraordinary Tusk|Protect\n|move|p2b: Team|Moonblast|p1a: Extraordinary Tusk\n|-activate|p1a: Extraordinary Tusk|move: Protect\n|move|p2a: Crystal King|Sacred Sword|p1b: Full Send\n|-damage|p1b: Full Send|52\/100\n|move|p1b: Full Send|Iron Head|p2a: Crystal King\n|-supereffective|p2a: Crystal King\n|-enditem|p2a: Crystal King|Focus Sash\n|-damage|p2a: Crystal King|1\/100\n|\n|upkeep\n|turn|6\n|\n|t:|1683589404\n|move|p2a: Crystal King|Sucker Punch|p1b: Full Send\n|-damage|p1b: Full Send|17\/100\n|move|p1b: Full Send|Sucker Punch|p2b: Team\n|-damage|p2b: Team|0 fnt\n|faint|p2b: Team\n|-end|p2b: Team|Protosynthesis|[silent]\n|move|p1a: Extraordinary Tusk|Headlong Rush|p2a: Crystal King\n|-damage|p2a: Crystal King|0 fnt\n|-unboost|p1a: Extraordinary Tusk|def|1\n|-unboost|p1a: Extraordinary Tusk|spd|1\n|faint|p2a: Crystal King\n|\n|upkeep\n|\n|t:|1683589416\n|switch|p2b: Palance|Palafin-Hero, L50, F|63\/100\n|turn|7\n|\n|t:|1683589432\n|move|p2b: Palance|Protect|p2b: Palance\n|-singleturn|p2b: Palance|Protect\n|move|p1a: Extraordinary Tusk|Headlong Rush|p2b: Palance\n|-activate|p2b: Palance|move: Protect\n|move|p1b: Full Send|Assurance|p2b: Palance\n|-activate|p2b: Palance|move: Protect\n|\n|upkeep\n|turn|8\n|\n|t:|1683589457\n|move|p2b: Palance|Wave Crash|p1a: Extraordinary Tusk\n|-supereffective|p1a: Extraordinary Tusk\n|-enditem|p1a: Extraordinary Tusk|Focus Sash\n|-damage|p1a: Extraordinary Tusk|1\/100\n|-damage|p2b: Palance|27\/100|[from] Recoil\n|move|p1a: Extraordinary Tusk|Headlong Rush|p2b: Palance\n|-damage|p2b: Palance|0 fnt\n|-unboost|p1a: Extraordinary Tusk|def|1\n|-unboost|p1a: Extraordinary Tusk|spd|1\n|faint|p2b: Palance\n|\n|win|JBSBPM713\n|c|\u2606Firefeather57+1|gg\n|c|\u2606JBSBPM713|Gg\n","uploadtime":1683589465,"views":11,"p1id":"jbsbpm713","p2id":"firefeather571","formatid":"gen9vgc2023regulationc","rating":0,"private":0,"password":""}