{"id":"gen9vgc2023regulationc-1855059170","p1":"Maelstrom309","p2":"RagnaC","format":"[Gen 9] VGC 2023 Regulation C","log":"|j|\u2606Maelstrom309\n|j|\u2606RagnaC\n|t:|1682896324\n|gametype|doubles\n|player|p1|Maelstrom309|hilbert|\n|player|p2|RagnaC|red|\n|teamsize|p1|6\n|teamsize|p2|6\n|gen|9\n|tier|[Gen 9] VGC 2023 Regulation C\n|rule|Species Clause: Limit one of each Pok\u00e9mon\n|rule|Item Clause: Limit one of each item\n|clearpoke\n|poke|p1|Ting-Lu, L50|\n|poke|p1|Torkoal, L50, M|\n|poke|p1|Farigiraf, L50, F|\n|poke|p1|Hariyama, L50, F|\n|poke|p1|Lilligant, L50, F|\n|poke|p1|Heracross, L50, M|\n|poke|p2|Iron Hands, L50|\n|poke|p2|Brute Bonnet, L50|\n|poke|p2|Ting-Lu, L50|\n|poke|p2|Bronzong, L50|\n|poke|p2|Gastrodon, L50, F|\n|poke|p2|Dragalge, L50, M|\n|teampreview|4\n|inactive|Battle timer is ON: inactive players will automatically lose when time's up. (requested by RagnaC)\n|inactive|Maelstrom309 has 60 seconds left.\n|inactive|RagnaC has 60 seconds left.\n|inactive|Maelstrom309 has 30 seconds left.\n|inactive|RagnaC has 30 seconds left.\n|inactive|Maelstrom309 has 20 seconds left.\n|inactive|RagnaC has 20 seconds left.\n|inactive|Maelstrom309 has 15 seconds left.\n|inactive|RagnaC has 15 seconds left.\n|inactive|Maelstrom309 has 10 seconds left.\n|inactive|Maelstrom309 has 5 seconds left.\n|\n|t:|1682896412\n|start\n|switch|p1a: Farigiraf|Farigiraf, L50, F, shiny|100\/100\n|switch|p1b: Hariyama|Hariyama, L50, F|100\/100\n|switch|p2a: Gastrodon|Gastrodon, L50, F|100\/100\n|switch|p2b: Dragalge|Dragalge, L50, M|100\/100\n|turn|1\n|inactive|Maelstrom309 has 30 seconds left.\n|inactive|Maelstrom309 has 20 seconds left.\n|inactive|Maelstrom309 has 15 seconds left.\n|inactive|Maelstrom309 has 10 seconds left.\n|inactive|Maelstrom309 has 5 seconds left.\n|\n|t:|1682896462\n|move|p1a: Farigiraf|Protect|p1a: Farigiraf\n|-singleturn|p1a: Farigiraf|Protect\n|move|p1b: Hariyama|Fake Out|p2b: Dragalge\n|-damage|p2b: Dragalge|85\/100\n|move|p2a: Gastrodon|Muddy Water|p1b: Hariyama|[spread] p1b\n|-activate|p1a: Farigiraf|move: Protect\n|-damage|p1b: Hariyama|73\/100\n|cant|p2b: Dragalge|flinch\n|\n|-status|p1b: Hariyama|brn|[from] item: Flame Orb\n|upkeep\n|turn|2\n|inactive|Maelstrom309 has 30 seconds left.\n|\n|t:|1682896491\n|move|p1a: Farigiraf|Helping Hand|p1b: Hariyama\n|-singleturn|p1b: Hariyama|Helping Hand|[of] p1a: Farigiraf\n|move|p2a: Gastrodon|Protect|p2a: Gastrodon\n|-singleturn|p2a: Gastrodon|Protect\n|move|p1b: Hariyama|Drain Punch|p2a: Gastrodon\n|-activate|p2a: Gastrodon|move: Protect\n|move|p2b: Dragalge|Draco Meteor|p1b: Hariyama\n|-damage|p1b: Hariyama|0 fnt\n|-unboost|p2b: Dragalge|spa|2\n|faint|p1b: Hariyama\n|\n|upkeep\n|\n|t:|1682896503\n|switch|p1b: Ting-Lu|Ting-Lu, L50|100\/100\n|-ability|p1b: Ting-Lu|Vessel of Ruin\n|turn|3\n|inactive|Maelstrom309 has 30 seconds left.\n|inactive|Maelstrom309 has 20 seconds left.\n|inactive|Maelstrom309 has 15 seconds left.\n|\n|t:|1682896547\n|switch|p2b: Brute Bonnet|Brute Bonnet, L50|100\/100\n|move|p1a: Farigiraf|Helping Hand|p1b: Ting-Lu\n|-singleturn|p1b: Ting-Lu|Helping Hand|[of] p1a: Farigiraf\n|move|p2a: Gastrodon|Muddy Water|p1a: Farigiraf|[spread] p1a,p1b\n|-supereffective|p1b: Ting-Lu\n|-damage|p1a: Farigiraf|74\/100\n|-damage|p1b: Ting-Lu|78\/100\n|-unboost|p1a: Farigiraf|accuracy|1\n|move|p1b: Ting-Lu|Body Press|p2a: Gastrodon\n|-damage|p2a: Gastrodon|58\/100\n|\n|upkeep\n|turn|4\n|inactive|Maelstrom309 has 30 seconds left.\n|inactive|Maelstrom309 has 20 seconds left.\n|inactive|Maelstrom309 has 15 seconds left.\n|inactive|Maelstrom309 has 10 seconds left.\n|inactive|Maelstrom309 has 5 seconds left.\n|\n|t:|1682896598\n|move|p1a: Farigiraf|Protect|p1a: Farigiraf\n|-singleturn|p1a: Farigiraf|Protect\n|move|p2b: Brute Bonnet|Spore|p1b: Ting-Lu\n|-status|p1b: Ting-Lu|slp|[from] move: Spore\n|move|p2a: Gastrodon|Recover|p2a: Gastrodon\n|-heal|p2a: Gastrodon|100\/100\n|cant|p1b: Ting-Lu|slp\n|\n|upkeep\n|turn|5\n|\n|t:|1682896611\n|move|p2b: Brute Bonnet|Spore|p1a: Farigiraf\n|-status|p1a: Farigiraf|slp|[from] move: Spore\n|move|p2a: Gastrodon|Muddy Water|p1b: Ting-Lu|[spread] p1a,p1b\n|-supereffective|p1b: Ting-Lu\n|-damage|p1a: Farigiraf|49\/100 slp\n|-damage|p1b: Ting-Lu|53\/100 slp\n|-unboost|p1a: Farigiraf|accuracy|1\n|cant|p1b: Ting-Lu|slp\n|cant|p1a: Farigiraf|slp\n|\n|upkeep\n|turn|6\n|\n|t:|1682896627\n|move|p2b: Brute Bonnet|Rage Powder|p2b: Brute Bonnet\n|-singleturn|p2b: Brute Bonnet|move: Rage Powder\n|move|p2a: Gastrodon|Muddy Water|p1b: Ting-Lu|[spread] p1a,p1b\n|-supereffective|p1b: Ting-Lu\n|-damage|p1a: Farigiraf|23\/100 slp\n|-damage|p1b: Ting-Lu|31\/100 slp\n|-unboost|p1a: Farigiraf|accuracy|1\n|-curestatus|p1b: Ting-Lu|slp|[msg]\n|move|p1b: Ting-Lu|Ruination|p2b: Brute Bonnet\n|-damage|p2b: Brute Bonnet|50\/100\n|cant|p1a: Farigiraf|slp\n|\n|upkeep\n|turn|7\n|inactive|Maelstrom309 has 30 seconds left.\n|\n|t:|1682896653\n|move|p2b: Brute Bonnet|Spore|p1b: Ting-Lu\n|-status|p1b: Ting-Lu|slp|[from] move: Spore\n|move|p2a: Gastrodon|Earth Power|p1a: Farigiraf\n|-damage|p1a: Farigiraf|0 fnt\n|faint|p1a: Farigiraf\n|cant|p1b: Ting-Lu|slp\n|\n|upkeep\n|\n|t:|1682896660\n|switch|p1a: Torkoal|Torkoal, L50, M|100\/100\n|-weather|SunnyDay|[from] ability: Drought|[of] p1a: Torkoal\n|-activate|p2b: Brute Bonnet|ability: Protosynthesis\n|-start|p2b: Brute Bonnet|protosynthesisatk\n|turn|8\n|inactive|Maelstrom309 has 30 seconds left.\n|inactive|Maelstrom309 has 20 seconds left.\n|\n|t:|1682896699\n|-end|p2b: Brute Bonnet|Protosynthesis|[silent]\n|switch|p2b: Dragalge|Dragalge, L50, M|85\/100\n|-terastallize|p1a: Torkoal|Grass\n|move|p2a: Gastrodon|Earth Power|p1a: Torkoal\n|-resisted|p1a: Torkoal\n|-damage|p1a: Torkoal|80\/100\n|cant|p1b: Ting-Lu|slp\n|move|p1a: Torkoal|Eruption|p2b: Dragalge|[spread] p2a,p2b\n|-resisted|p2a: Gastrodon\n|-resisted|p2b: Dragalge\n|-damage|p2a: Gastrodon|77\/100\n|-damage|p2b: Dragalge|63\/100\n|\n|-weather|SunnyDay|[upkeep]\n|upkeep\n|turn|9\n|\n|t:|1682896721\n|-terastallize|p2b: Dragalge|Water\n|move|p2a: Gastrodon|Muddy Water|p1a: Torkoal|[spread] \n|-miss|p2a: Gastrodon|p1a: Torkoal\n|-miss|p2a: Gastrodon|p1b: Ting-Lu\n|move|p2b: Dragalge|Sludge Bomb|p1a: Torkoal\n|-supereffective|p1a: Torkoal\n|-damage|p1a: Torkoal|0 fnt\n|faint|p1a: Torkoal\n|-curestatus|p1b: Ting-Lu|slp|[msg]\n|move|p1b: Ting-Lu|Fissure|p2a: Gastrodon|[miss]\n|-miss|p1b: Ting-Lu|p2a: Gastrodon\n|\n|-weather|SunnyDay|[upkeep]\n|upkeep\n|turn|10\n|\n|t:|1682896739\n|move|p2a: Gastrodon|Earth Power|p1b: Ting-Lu\n|-damage|p1b: Ting-Lu|14\/100\n|move|p2b: Dragalge|Sludge Bomb|p1b: Ting-Lu\n|-resisted|p1b: Ting-Lu\n|-damage|p1b: Ting-Lu|2\/100\n|move|p1b: Ting-Lu|Body Press|p2b: Dragalge\n|-damage|p2b: Dragalge|32\/100\n|\n|-weather|SunnyDay|[upkeep]\n|upkeep\n|turn|11\n|\n|t:|1682896750\n|move|p2a: Gastrodon|Earth Power|p1b: Ting-Lu\n|-damage|p1b: Ting-Lu|0 fnt\n|faint|p1b: Ting-Lu\n|\n|win|RagnaC\n|c|\u2606Maelstrom309|game 1\n","uploadtime":1682897573,"views":15,"p1id":"maelstrom309","p2id":"ragnac","formatid":"gen9vgc2023regulationc","rating":0,"private":0,"password":""}