{"id":"gen9vgc2023regulationc-1857131866","p1":"haha you rage quit","p2":"MasterDorDir","format":"[Gen 9] VGC 2023 Regulation C","log":"|j|\u2606haha you rage quit\n|j|\u2606MasterDorDir\n|t:|1683149063\n|gametype|doubles\n|player|p1|haha you rage quit|pokemaniac|1224\n|player|p2|MasterDorDir|veteran|1207\n|teamsize|p1|6\n|teamsize|p2|6\n|gen|9\n|tier|[Gen 9] VGC 2023 Regulation C\n|rated|\n|rule|Species Clause: Limit one of each Pok\u00e9mon\n|rule|Item Clause: Limit one of each item\n|clearpoke\n|poke|p1|Flutter Mane, L50|\n|poke|p1|Chi-Yu, L50|\n|poke|p1|Donphan, L50, M|\n|poke|p1|Gholdengo, L50|\n|poke|p1|Talonflame, L50, M|\n|poke|p1|Murkrow, L50, M|\n|poke|p2|Tyranitar, L50, M|\n|poke|p2|Lycanroc, L50, M|\n|poke|p2|Annihilape, L50, F|\n|poke|p2|Maushold-Four, L50|\n|poke|p2|Corviknight, L50, M|\n|poke|p2|Flutter Mane, L50|\n|teampreview|4\n|\n|t:|1683149098\n|start\n|switch|p1a: Gholdengo|Gholdengo, L50|100\/100\n|switch|p1b: Talonflame|Talonflame, L50, M|100\/100\n|switch|p2a: Maushold|Maushold-Four, L50|100\/100\n|switch|p2b: Annihilape|Annihilape, L50, F|100\/100\n|turn|1\n|\n|t:|1683149130\n|-terastallize|p2b: Annihilape|Fire\n|move|p1a: Gholdengo|Protect|p1a: Gholdengo\n|-singleturn|p1a: Gholdengo|Protect\n|move|p2a: Maushold|Follow Me|p2a: Maushold\n|-singleturn|p2a: Maushold|move: Follow Me\n|move|p1b: Talonflame|Tailwind|p1b: Talonflame\n|-sidestart|p1: haha you rage quit|move: Tailwind\n|move|p2b: Annihilape|Bulk Up|p2b: Annihilape\n|-boost|p2b: Annihilape|atk|1\n|-boost|p2b: Annihilape|def|1\n|\n|upkeep\n|turn|2\n|\n|t:|1683149163\n|switch|p1b: Donphan|Donphan, L50, M|100\/100\n|-terastallize|p1a: Gholdengo|Flying\n|move|p2a: Maushold|Follow Me|p2a: Maushold\n|-singleturn|p2a: Maushold|move: Follow Me\n|move|p1a: Gholdengo|Power Gem|p2a: Maushold\n|-damage|p2a: Maushold|62\/100\n|move|p2b: Annihilape|Rage Fist|p1a: Gholdengo\n|-damage|p1a: Gholdengo|70\/100\n|\n|upkeep\n|turn|3\n|\n|t:|1683149205\n|move|p1a: Gholdengo|Make It Rain|p2a: Maushold|[spread] p2a,p2b\n|-resisted|p2b: Annihilape\n|-damage|p2a: Maushold|0 fnt\n|-damage|p2b: Annihilape|84\/100\n|-unboost|p1a: Gholdengo|spa|1\n|faint|p2a: Maushold\n|move|p1b: Donphan|Earthquake|p2b: Annihilape|[spread] p2b\n|-immune|p1a: Gholdengo\n|-supereffective|p2b: Annihilape\n|-damage|p2b: Annihilape|18\/100\n|move|p2b: Annihilape|Drain Punch|p1b: Donphan\n|-damage|p1b: Donphan|54\/100\n|-heal|p2b: Annihilape|38\/100|[from] drain|[of] p1b: Donphan\n|\n|-heal|p2b: Annihilape|44\/100|[from] item: Leftovers\n|upkeep\n|\n|t:|1683149230\n|switch|p2a: Tyranitar|Tyranitar, L50, M|100\/100\n|-weather|Sandstorm|[from] ability: Sand Stream|[of] p2a: Tyranitar\n|turn|4\n|\n|t:|1683149249\n|move|p1a: Gholdengo|Protect|p1a: Gholdengo\n|-singleturn|p1a: Gholdengo|Protect\n|move|p1b: Donphan|Earthquake|p2a: Tyranitar|[spread] p2a,p2b\n|-activate|p1a: Gholdengo|move: Protect\n|-supereffective|p2a: Tyranitar\n|-supereffective|p2b: Annihilape\n|-damage|p2a: Tyranitar|18\/100\n|-damage|p2b: Annihilape|0 fnt\n|faint|p2b: Annihilape\n|move|p2a: Tyranitar|Payback|p1a: Gholdengo\n|-activate|p1a: Gholdengo|move: Protect\n|\n|-weather|Sandstorm|[upkeep]\n|-damage|p1a: Gholdengo|63\/100|[from] Sandstorm\n|-sideend|p1: haha you rage quit|move: Tailwind\n|upkeep\n|\n|t:|1683149263\n|switch|p2b: Lycanroc|Lycanroc, L50, M, shiny|100\/100\n|turn|5\n|\n|t:|1683149293\n|move|p2b: Lycanroc|Rock Slide|p1a: Gholdengo|[spread] p1a,p1b\n|-supereffective|p1a: Gholdengo\n|-resisted|p1b: Donphan\n|-damage|p1a: Gholdengo|8\/100\n|-damage|p1b: Donphan|42\/100\n|-enditem|p1a: Gholdengo|Weakness Policy\n|-boost|p1a: Gholdengo|atk|2|[from] item: Weakness Policy\n|-boost|p1a: Gholdengo|spa|2|[from] item: Weakness Policy\n|move|p1a: Gholdengo|Make It Rain|p2b: Lycanroc|[spread] p2a,p2b\n|-supereffective|p2a: Tyranitar\n|-supereffective|p2b: Lycanroc\n|-damage|p2a: Tyranitar|0 fnt\n|-enditem|p2b: Lycanroc|Focus Sash\n|-damage|p2b: Lycanroc|1\/100\n|-unboost|p1a: Gholdengo|spa|1\n|faint|p2a: Tyranitar\n|move|p1b: Donphan|Earthquake|p2b: Lycanroc|[spread] p2b\n|-immune|p1a: Gholdengo\n|-supereffective|p2b: Lycanroc\n|-damage|p2b: Lycanroc|0 fnt\n|faint|p2b: Lycanroc\n|\n|win|haha you rage quit\n|raw|haha you rage quit's rating: 1224 → 1248<\/strong> (+24 for winning)\n|raw|MasterDorDir's rating: 1207 → 1183<\/strong> (-24 for losing)\n","uploadtime":1683149321,"views":6,"p1id":"hahayouragequit","p2id":"masterdordir","formatid":"gen9vgc2023regulationc","rating":1183,"private":0,"password":""}