{"id":"gen9vgc2023regulationc-1855515834","p1":"BlindMagneton","p2":"kazuto2298","format":"[Gen 9] VGC 2023 Regulation C","log":"|j|\u2606BlindMagneton\n|j|\u2606kazuto2298\n|t:|1682958340\n|gametype|doubles\n|player|p1|BlindMagneton|169|1290\n|player|p2|kazuto2298|266|1231\n|teamsize|p1|6\n|teamsize|p2|6\n|gen|9\n|tier|[Gen 9] VGC 2023 Regulation C\n|rated|\n|rule|Species Clause: Limit one of each Pok\u00e9mon\n|rule|Item Clause: Limit one of each item\n|clearpoke\n|poke|p1|Iron Bundle, L50|\n|poke|p1|Sandy Shocks, L50|\n|poke|p1|Pelipper, L50, F|\n|poke|p1|Scizor, L50, F|\n|poke|p1|Clodsire, L50, M|\n|poke|p1|Ceruledge, L50, M|\n|poke|p2|Mimikyu, L50, F|\n|poke|p2|Bronzong, L50|\n|poke|p2|Iron Hands, L50|\n|poke|p2|Hatterene, L50, F|\n|poke|p2|Bellibolt, L50, M|\n|poke|p2|Ting-Lu, L50|\n|teampreview|4\n|inactive|Battle timer is ON: inactive players will automatically lose when time's up. (requested by kazuto2298)\n|inactive|BlindMagneton has 60 seconds left.\n|inactive|BlindMagneton has 30 seconds left.\n|inactive|BlindMagneton has 20 seconds left.\n|\n|t:|1682958493\n|start\n|switch|p1a: Ceruledge|Ceruledge, L50, M|100\/100\n|switch|p1b: Scizor|Scizor, L50, F|100\/100\n|switch|p2a: Mimikyu|Mimikyu, L50, F|100\/100\n|switch|p2b: Bellibolt|Bellibolt, L50, M|100\/100\n|turn|1\n|inactive|BlindMagneton has 30 seconds left.\n|\n|t:|1682958523\n|move|p1b: Scizor|Bullet Punch|p2a: Mimikyu\n|-activate|p2a: Mimikyu|ability: Disguise\n|-damage|p2a: Mimikyu|100\/100\n|detailschange|p2a: Mimikyu|Mimikyu-Busted, L50, F\n|-damage|p2a: Mimikyu|89\/100|[from] pokemon: Mimikyu-Busted\n|-damage|p1b: Scizor|91\/100|[from] item: Life Orb\n|move|p1a: Ceruledge|Will-O-Wisp|p2a: Mimikyu\n|-status|p2a: Mimikyu|brn\n|move|p2b: Bellibolt|Muddy Water|p1a: Ceruledge|[spread] p1a,p1b\n|-supereffective|p1a: Ceruledge\n|-damage|p1a: Ceruledge|65\/100\n|-damage|p1b: Scizor|60\/100\n|-unboost|p1a: Ceruledge|accuracy|1\n|-unboost|p1b: Scizor|accuracy|1\n|-enditem|p1a: Ceruledge|Weakness Policy\n|-boost|p1a: Ceruledge|atk|2|[from] item: Weakness Policy\n|-boost|p1a: Ceruledge|spa|2|[from] item: Weakness Policy\n|move|p2a: Mimikyu|Trick Room|p2a: Mimikyu\n|-fieldstart|move: Trick Room|[of] p2a: Mimikyu\n|\n|-damage|p2a: Mimikyu|83\/100 brn|[from] brn\n|upkeep\n|turn|2\n|inactive|BlindMagneton has 30 seconds left.\n|inactive|kazuto2298 has 30 seconds left.\n|inactive|BlindMagneton has 20 seconds left.\n|inactive|BlindMagneton has 15 seconds left.\n|\n|t:|1682958565\n|move|p1a: Ceruledge|Protect|p1a: Ceruledge\n|-singleturn|p1a: Ceruledge|Protect\n|move|p1b: Scizor|Bullet Punch|p2a: Mimikyu\n|-supereffective|p2a: Mimikyu\n|-crit|p2a: Mimikyu\n|-damage|p2a: Mimikyu|0 fnt\n|faint|p2a: Mimikyu\n|-damage|p1b: Scizor|51\/100|[from] item: Life Orb\n|move|p2b: Bellibolt|Muddy Water|p1b: Scizor|[spread] p1b\n|-activate|p1a: Ceruledge|move: Protect\n|-damage|p1b: Scizor|20\/100\n|-unboost|p1b: Scizor|accuracy|1\n|\n|upkeep\n|\n|t:|1682958586\n|switch|p2a: Iron Hands|Iron Hands, L50|100\/100\n|turn|3\n|inactive|BlindMagneton has 30 seconds left.\n|inactive|BlindMagneton has 20 seconds left.\n|\n|t:|1682958627\n|switch|p1b: Clodsire|Clodsire, L50, M|100\/100\n|move|p2a: Iron Hands|Fake Out|p1b: Clodsire\n|-damage|p1b: Clodsire|87\/100\n|move|p2b: Bellibolt|Thunderbolt|p1a: Ceruledge\n|-damage|p1a: Ceruledge|24\/100\n|move|p1a: Ceruledge|Phantom Force||[still]\n|-prepare|p1a: Ceruledge|Phantom Force\n|\n|-heal|p1b: Clodsire|93\/100|[from] item: Leftovers\n|upkeep\n|turn|4\n|inactive|kazuto2298 has 30 seconds left.\n|inactive|kazuto2298 has 20 seconds left.\n|inactive|kazuto2298 has 15 seconds left.\n|inactive|kazuto2298 has 10 seconds left.\n|\n|t:|1682958677\n|move|p2b: Bellibolt|Sucker Punch|p1b: Clodsire\n|-damage|p1b: Clodsire|84\/100\n|move|p1b: Clodsire|Earthquake|p2a: Iron Hands|[spread] p2a,p2b\n|-miss|p1b: Clodsire|p1a: Ceruledge\n|-supereffective|p2a: Iron Hands\n|-crit|p2a: Iron Hands\n|-supereffective|p2b: Bellibolt\n|-damage|p2a: Iron Hands|58\/100\n|-damage|p2b: Bellibolt|66\/100\n|-start|p2b: Bellibolt|Charge|Earthquake|[from] ability: Electromorphosis\n|move|p2a: Iron Hands|Iron Head|p1b: Clodsire\n|-damage|p1b: Clodsire|59\/100\n|move|p1a: Ceruledge|Phantom Force|p2b: Bellibolt|[from]lockedmove\n|-damage|p2b: Bellibolt|0 fnt\n|faint|p2b: Bellibolt\n|\n|-heal|p1b: Clodsire|65\/100|[from] item: Leftovers\n|upkeep\n|\n|t:|1682958693\n|switch|p2b: Hatterene|Hatterene, L50, F|100\/100\n|turn|5\n|inactive|kazuto2298 has 30 seconds left.\n|\n|t:|1682958718\n|-terastallize|p2b: Hatterene|Water\n|move|p1a: Ceruledge|Protect|p1a: Ceruledge\n|-singleturn|p1a: Ceruledge|Protect\n|move|p2b: Hatterene|Psychic|p1b: Clodsire\n|-supereffective|p1b: Clodsire\n|-damage|p1b: Clodsire|0 fnt\n|faint|p1b: Clodsire\n|-damage|p2b: Hatterene|91\/100|[from] item: Life Orb\n|move|p2a: Iron Hands|Thunder Punch|p1a: Ceruledge\n|-activate|p1a: Ceruledge|move: Protect\n|\n|-fieldend|move: Trick Room\n|upkeep\n|inactive|BlindMagneton has 30 seconds left.\n|inactive|BlindMagneton has 20 seconds left.\n|\n|t:|1682958759\n|switch|p1b: Sandy Shocks|Sandy Shocks, L50|100\/100\n|-enditem|p1b: Sandy Shocks|Booster Energy\n|-activate|p1b: Sandy Shocks|ability: Protosynthesis|[fromitem]\n|-start|p1b: Sandy Shocks|protosynthesisspe\n|turn|6\n|inactive|BlindMagneton has 30 seconds left.\n|inactive|kazuto2298 has 30 seconds left.\n|\n|t:|1682958787\n|-terastallize|p1a: Ceruledge|Fire\n|move|p1b: Sandy Shocks|Thunder|p2b: Hatterene\n|-supereffective|p2b: Hatterene\n|-damage|p2b: Hatterene|0 fnt\n|faint|p2b: Hatterene\n|move|p1a: Ceruledge|Bitter Blade|p2a: Iron Hands\n|-damage|p2a: Iron Hands|0 fnt\n|-heal|p1a: Ceruledge|66\/100|[from] drain|[of] p2a: Iron Hands\n|faint|p2a: Iron Hands\n|-end|p2a: Iron Hands|Quark Drive|[silent]\n|\n|win|BlindMagneton\n|raw|BlindMagneton's rating: 1290 → 1311<\/strong> (+21 for winning)\n|raw|kazuto2298's rating: 1231 → 1210<\/strong> (-21 for losing)\n|l|\u2606kazuto2298\n","uploadtime":1682958800,"views":18,"p1id":"blindmagneton","p2id":"kazuto2298","formatid":"gen9vgc2023regulationc","rating":1210,"private":0,"password":""}