{"id":"gen9vgc2023regulationc-1853027666","p1":"Yukesantai","p2":"Avocado73","format":"[Gen 9] VGC 2023 Regulation C","log":"|j|\u2606Yukesantai\n|j|\u2606Avocado73\n|t:|1682627116\n|gametype|doubles\n|player|p1|Yukesantai|101|1274\n|player|p2|Avocado73|red|1190\n|teamsize|p1|6\n|teamsize|p2|6\n|gen|9\n|tier|[Gen 9] VGC 2023 Regulation C\n|rated|\n|rule|Species Clause: Limit one of each Pok\u00e9mon\n|rule|Item Clause: Limit one of each item\n|clearpoke\n|poke|p1|Ting-Lu, L50|\n|poke|p1|Gyarados, L50, M|\n|poke|p1|Flutter Mane, L50|\n|poke|p1|Amoonguss, L50, M|\n|poke|p1|Chi-Yu, L50|\n|poke|p1|Tyranitar, L50, M|\n|poke|p2|Flutter Mane, L50|\n|poke|p2|Palafin, L50, M|\n|poke|p2|Arcanine, L50, F|\n|poke|p2|Amoonguss, L50, M|\n|poke|p2|Ting-Lu, L50|\n|poke|p2|Iron Hands, L50|\n|teampreview|4\n|inactive|Battle timer is ON: inactive players will automatically lose when time's up. (requested by Yukesantai)\n|\n|t:|1682627139\n|start\n|switch|p1a: Flutter Mane|Flutter Mane, L50|100\/100\n|switch|p1b: Amoonguss|Amoonguss, L50, M, shiny|100\/100\n|switch|p2a: Ting-Lu|Ting-Lu, L50|100\/100\n|switch|p2b: Palafin|Palafin, L50, M|100\/100\n|-ability|p2a: Ting-Lu|Vessel of Ruin\n|-enditem|p1a: Flutter Mane|Booster Energy\n|-activate|p1a: Flutter Mane|ability: Protosynthesis|[fromitem]\n|-start|p1a: Flutter Mane|protosynthesisspe\n|turn|1\n|inactive|Yukesantai has 30 seconds left.\n|inactive|Avocado73 has 30 seconds left.\n|inactive|Yukesantai has 20 seconds left.\n|inactive|Avocado73 has 20 seconds left.\n|\n|t:|1682627181\n|move|p1a: Flutter Mane|Protect|p1a: Flutter Mane\n|-singleturn|p1a: Flutter Mane|Protect\n|move|p2b: Palafin|Iron Head|p1a: Flutter Mane\n|-activate|p1a: Flutter Mane|move: Protect\n|move|p2a: Ting-Lu|Fissure|p1b: Amoonguss|[miss]\n|-miss|p2a: Ting-Lu|p1b: Amoonguss\n|move|p1b: Amoonguss|Spore|p2b: Palafin\n|-status|p2b: Palafin|slp|[from] move: Spore\n|\n|upkeep\n|turn|2\n|-activate|p2a: Ting-Lu|item: Quick Claw\n|\n|t:|1682627203\n|detailschange|p2b: Palafin|Palafin-Hero, L50, M\n|switch|p2b: Flutter Mane|Flutter Mane, L50|100\/100\n|move|p1b: Amoonguss|Rage Powder|p1b: Amoonguss\n|-singleturn|p1b: Amoonguss|move: Rage Powder\n|move|p2a: Ting-Lu|Fissure|p1b: Amoonguss|[miss]\n|-miss|p2a: Ting-Lu|p1b: Amoonguss\n|move|p1a: Flutter Mane|Dazzling Gleam|p2b: Flutter Mane|[spread] p2a,p2b\n|-supereffective|p2a: Ting-Lu\n|-damage|p2a: Ting-Lu|75\/100\n|-damage|p2b: Flutter Mane|80\/100\n|\n|upkeep\n|turn|3\n|inactive|Avocado73 has 30 seconds left.\n|\n|t:|1682627234\n|-terastallize|p2b: Flutter Mane|Steel\n|move|p1a: Flutter Mane|Protect|p1a: Flutter Mane\n|-singleturn|p1a: Flutter Mane|Protect\n|move|p2b: Flutter Mane|Thunder Wave|p1a: Flutter Mane\n|-activate|p1a: Flutter Mane|move: Protect\n|move|p2a: Ting-Lu|Fissure|p1b: Amoonguss|[miss]\n|-miss|p2a: Ting-Lu|p1b: Amoonguss\n|move|p1b: Amoonguss|Spore|p2a: Ting-Lu\n|-status|p2a: Ting-Lu|slp|[from] move: Spore\n|\n|upkeep\n|turn|4\n|\n|t:|1682627253\n|move|p1b: Amoonguss|Rage Powder|p1b: Amoonguss\n|-singleturn|p1b: Amoonguss|move: Rage Powder\n|move|p1a: Flutter Mane|Icy Wind|p2b: Flutter Mane|[spread] p2a,p2b\n|-supereffective|p2a: Ting-Lu\n|-resisted|p2b: Flutter Mane\n|-damage|p2a: Ting-Lu|63\/100 slp\n|-damage|p2b: Flutter Mane|76\/100\n|-unboost|p2a: Ting-Lu|spe|1\n|-unboost|p2b: Flutter Mane|spe|1\n|move|p2b: Flutter Mane|Thunder Wave|p1b: Amoonguss\n|-status|p1b: Amoonguss|par\n|cant|p2a: Ting-Lu|slp\n|\n|upkeep\n|turn|5\n|inactive|Avocado73 has 30 seconds left.\n|\n|t:|1682627286\n|cant|p1b: Amoonguss|par\n|move|p1a: Flutter Mane|Icy Wind|p2b: Flutter Mane|[spread] p2a,p2b\n|-supereffective|p2a: Ting-Lu\n|-resisted|p2b: Flutter Mane\n|-damage|p2a: Ting-Lu|51\/100 slp\n|-damage|p2b: Flutter Mane|71\/100\n|-unboost|p2a: Ting-Lu|spe|1\n|-unboost|p2b: Flutter Mane|spe|1\n|move|p2b: Flutter Mane|Confuse Ray|p1a: Flutter Mane\n|-start|p1a: Flutter Mane|confusion\n|-curestatus|p2a: Ting-Lu|slp|[msg]\n|move|p2a: Ting-Lu|Mud-Slap|p1a: Flutter Mane\n|-damage|p1a: Flutter Mane|95\/100\n|-unboost|p1a: Flutter Mane|accuracy|1\n|\n|upkeep\n|turn|6\n|\n|t:|1682627310\n|cant|p1b: Amoonguss|par\n|-activate|p1a: Flutter Mane|confusion\n|move|p1a: Flutter Mane|Dazzling Gleam|p2a: Ting-Lu|[spread] p2a,p2b\n|-supereffective|p2a: Ting-Lu\n|-resisted|p2b: Flutter Mane\n|-damage|p2a: Ting-Lu|23\/100\n|-damage|p2b: Flutter Mane|60\/100\n|move|p2b: Flutter Mane|Astonish|p1b: Amoonguss\n|-damage|p1b: Amoonguss|95\/100 par\n|move|p2a: Ting-Lu|Fissure|p1b: Amoonguss|[miss]\n|-miss|p2a: Ting-Lu|p1b: Amoonguss\n|\n|upkeep\n|turn|7\n|\n|t:|1682627329\n|-activate|p1a: Flutter Mane|confusion\n|move|p1a: Flutter Mane|Dazzling Gleam|p2b: Flutter Mane|[spread] p2a,p2b\n|-supereffective|p2a: Ting-Lu\n|-resisted|p2b: Flutter Mane\n|-damage|p2a: Ting-Lu|0 fnt\n|-damage|p2b: Flutter Mane|50\/100\n|faint|p2a: Ting-Lu\n|move|p2b: Flutter Mane|Astonish|p1b: Amoonguss\n|-damage|p1b: Amoonguss|89\/100 par\n|move|p1b: Amoonguss|Pollen Puff|p2b: Flutter Mane\n|-resisted|p2b: Flutter Mane\n|-damage|p2b: Flutter Mane|42\/100\n|\n|upkeep\n|\n|t:|1682627346\n|switch|p2a: Iron Hands|Iron Hands, L50|100\/100\n|turn|8\n|inactive|Yukesantai has 30 seconds left.\n|\n|t:|1682627375\n|-activate|p1a: Flutter Mane|confusion\n|move|p1a: Flutter Mane|Protect|p1a: Flutter Mane\n|-singleturn|p1a: Flutter Mane|Protect\n|move|p2b: Flutter Mane|Thunder Wave|p1a: Flutter Mane\n|-activate|p1a: Flutter Mane|move: Protect\n|move|p2a: Iron Hands|Ice Punch|p1b: Amoonguss\n|-supereffective|p1b: Amoonguss\n|-damage|p1b: Amoonguss|54\/100 par\n|move|p1b: Amoonguss|Spore|p2a: Iron Hands|[miss]\n|-miss|p1b: Amoonguss|p2a: Iron Hands\n|\n|upkeep\n|turn|9\n|\n|t:|1682627392\n|-activate|p1a: Flutter Mane|confusion\n|move|p1a: Flutter Mane|Dazzling Gleam|p2b: Flutter Mane|[spread] p2a,p2b\n|-supereffective|p2a: Iron Hands\n|-resisted|p2b: Flutter Mane\n|-damage|p2a: Iron Hands|61\/100\n|-damage|p2b: Flutter Mane|29\/100\n|move|p2b: Flutter Mane|Thunder Wave|p1a: Flutter Mane\n|-status|p1a: Flutter Mane|par\n|move|p2a: Iron Hands|Ice Punch|p1b: Amoonguss\n|-supereffective|p1b: Amoonguss\n|-damage|p1b: Amoonguss|15\/100 par\n|-enditem|p1b: Amoonguss|Sitrus Berry|[eat]\n|-heal|p1b: Amoonguss|39\/100 par|[from] item: Sitrus Berry\n|move|p1b: Amoonguss|Spore|p2a: Iron Hands\n|-status|p2a: Iron Hands|slp|[from] move: Spore\n|\n|upkeep\n|turn|10\n|\n|t:|1682627417\n|move|p1b: Amoonguss|Rage Powder|p1b: Amoonguss\n|-singleturn|p1b: Amoonguss|move: Rage Powder\n|-end|p1a: Flutter Mane|confusion\n|cant|p1a: Flutter Mane|par\n|move|p2b: Flutter Mane|Astonish|p1b: Amoonguss\n|-damage|p1b: Amoonguss|34\/100 par\n|cant|p2a: Iron Hands|slp\n|\n|upkeep\n|turn|11\n|\n|t:|1682627428\n|move|p1b: Amoonguss|Rage Powder|p1b: Amoonguss\n|-singleturn|p1b: Amoonguss|move: Rage Powder\n|cant|p1a: Flutter Mane|par\n|move|p2b: Flutter Mane|Astonish|p1b: Amoonguss\n|-damage|p1b: Amoonguss|28\/100 par\n|cant|p2a: Iron Hands|slp\n|\n|upkeep\n|turn|12\n|\n|t:|1682627442\n|cant|p1a: Flutter Mane|par\n|move|p2b: Flutter Mane|Astonish|p1a: Flutter Mane\n|-supereffective|p1a: Flutter Mane\n|-damage|p1a: Flutter Mane|67\/100 par\n|cant|p2a: Iron Hands|slp\n|move|p1b: Amoonguss|Leaf Storm|p2a: Iron Hands|[miss]\n|-miss|p1b: Amoonguss|p2a: Iron Hands\n|\n|upkeep\n|turn|13\n|\n|t:|1682627453\n|move|p1a: Flutter Mane|Dazzling Gleam|p2a: Iron Hands|[spread] p2b\n|-miss|p1a: Flutter Mane|p2a: Iron Hands\n|-resisted|p2b: Flutter Mane\n|-damage|p2b: Flutter Mane|17\/100\n|move|p2b: Flutter Mane|Confuse Ray|p1a: Flutter Mane\n|-start|p1a: Flutter Mane|confusion\n|-curestatus|p2a: Iron Hands|slp|[msg]\n|move|p2a: Iron Hands|Ice Punch|p1b: Amoonguss\n|-supereffective|p1b: Amoonguss\n|-damage|p1b: Amoonguss|0 fnt\n|faint|p1b: Amoonguss\n|\n|upkeep\n|\n|t:|1682627467\n|switch|p1b: Chi-Yu|Chi-Yu, L50|100\/100\n|-ability|p1b: Chi-Yu|Beads of Ruin\n|turn|14\n|\n|t:|1682627481\n|move|p1b: Chi-Yu|Protect|p1b: Chi-Yu\n|-singleturn|p1b: Chi-Yu|Protect\n|-activate|p1a: Flutter Mane|confusion\n|move|p1a: Flutter Mane|Dazzling Gleam|p2b: Flutter Mane|[spread] p2a,p2b\n|-supereffective|p2a: Iron Hands\n|-resisted|p2b: Flutter Mane\n|-damage|p2a: Iron Hands|9\/100\n|-damage|p2b: Flutter Mane|0 fnt\n|faint|p2b: Flutter Mane\n|-end|p2b: Flutter Mane|Protosynthesis|[silent]\n|move|p2a: Iron Hands|Force Palm|p1b: Chi-Yu\n|-activate|p1b: Chi-Yu|move: Protect\n|\n|upkeep\n|\n|t:|1682627484\n|switch|p2b: Palafin|Palafin-Hero, L50, M|100\/100 slp\n|-activate|p2b: Palafin|ability: Zero to Hero\n|turn|15\n|\n|t:|1682627502\n|-terastallize|p1b: Chi-Yu|Grass\n|move|p1b: Chi-Yu|Tera Blast|p2b: Palafin\n|-supereffective|p2b: Palafin\n|-crit|p2b: Palafin\n|-damage|p2b: Palafin|0 fnt\n|faint|p2b: Palafin\n|-activate|p1a: Flutter Mane|confusion\n|cant|p1a: Flutter Mane|par\n|move|p2a: Iron Hands|Force Palm|p1b: Chi-Yu\n|-damage|p1b: Chi-Yu|55\/100\n|\n|upkeep\n|turn|16\n|\n|t:|1682627517\n|move|p1b: Chi-Yu|Dark Pulse|p2a: Iron Hands\n|-resisted|p2a: Iron Hands\n|-damage|p2a: Iron Hands|0 fnt\n|faint|p2a: Iron Hands\n|-end|p2a: Iron Hands|Quark Drive|[silent]\n|\n|win|Yukesantai\n|raw|Yukesantai's rating: 1274 → 1291<\/strong> (+17 for winning)\n|raw|Avocado73's rating: 1162 → 1145<\/strong> (-17 for losing)\n|l|\u2606Yukesantai\n","uploadtime":1682627635,"views":10,"p1id":"yukesantai","p2id":"avocado73","formatid":"gen9vgc2023regulationc","rating":1145,"private":0,"password":""}