{"id":"gen9vgc2023regulationc-1857211767","p1":"theOnlyGO","p2":"UUMoha","format":"[Gen 9] VGC 2023 Regulation C","log":"|j|\u2606theOnlyGO\n|j|\u2606UUMoha\n|t:|1683158581\n|gametype|doubles\n|player|p1|theOnlyGO|medium|1211\n|player|p2|UUMoha|iris-gen5bw2|1165\n|teamsize|p1|6\n|teamsize|p2|6\n|gen|9\n|tier|[Gen 9] VGC 2023 Regulation C\n|rated|\n|rule|Species Clause: Limit one of each Pok\u00e9mon\n|rule|Item Clause: Limit one of each item\n|clearpoke\n|poke|p1|Ting-Lu, L50|\n|poke|p1|Chien-Pao, L50|\n|poke|p1|Arcanine, L50, M|\n|poke|p1|Palafin, L50, M|\n|poke|p1|Gholdengo, L50|\n|poke|p1|Glimmora, L50, F|\n|poke|p2|Azumarill, L50, M|\n|poke|p2|Hatterene, L50, F|\n|poke|p2|Ting-Lu, L50|\n|poke|p2|Farigiraf, L50, M|\n|poke|p2|Arcanine, L50, M|\n|poke|p2|Hariyama, L50, F|\n|teampreview|4\n|inactive|Battle timer is ON: inactive players will automatically lose when time's up. (requested by theOnlyGO)\n|inactive|theOnlyGO has 60 seconds left.\n|inactive|UUMoha has 60 seconds left.\n|inactive|UUMoha has 30 seconds left.\n|inactive|UUMoha has 20 seconds left.\n|inactive|UUMoha has 15 seconds left.\n|\n|t:|1683158660\n|start\n|switch|p1a: Arcanine|Arcanine, L50, M|100\/100\n|switch|p1b: Palafin|Palafin, L50, M|100\/100\n|switch|p2a: Azumarill|Azumarill, L50, M, shiny|100\/100\n|switch|p2b: Farigiraf|Farigiraf, L50, M|100\/100\n|-ability|p1a: Arcanine|Intimidate|boost\n|-unboost|p2a: Azumarill|atk|1\n|-unboost|p2b: Farigiraf|atk|1\n|turn|1\n|inactive|theOnlyGO has 30 seconds left.\n|\n|t:|1683158687\n|detailschange|p1b: Palafin|Palafin-Hero, L50, M\n|switch|p1b: Gholdengo|Gholdengo, L50|100\/100\n|switch|p2a: Hatterene|Hatterene, L50, F, shiny|100\/100\n|move|p1a: Arcanine|Will-O-Wisp|p2a: Hatterene\n|move|p2a: Hatterene|Will-O-Wisp|p1a: Arcanine|[from]ability: Magic Bounce\n|-immune|p1a: Arcanine\n|move|p2b: Farigiraf|Trick Room|p2b: Farigiraf\n|-fieldstart|move: Trick Room|[of] p2b: Farigiraf\n|\n|upkeep\n|turn|2\n|inactive|theOnlyGO has 30 seconds left.\n|inactive|UUMoha has 30 seconds left.\n|\n|t:|1683158720\n|switch|p2a: Ting-Lu|Ting-Lu, L50|100\/100\n|-ability|p2a: Ting-Lu|Vessel of Ruin\n|move|p2b: Farigiraf|Protect|p2b: Farigiraf\n|-singleturn|p2b: Farigiraf|Protect\n|move|p1b: Gholdengo|Nasty Plot|p1b: Gholdengo\n|-boost|p1b: Gholdengo|spa|2\n|move|p1a: Arcanine|Will-O-Wisp|p2b: Farigiraf\n|-activate|p2b: Farigiraf|move: Protect\n|\n|upkeep\n|turn|3\n|\n|t:|1683158742\n|move|p1b: Gholdengo|Protect|p1b: Gholdengo\n|-singleturn|p1b: Gholdengo|Protect\n|move|p2a: Ting-Lu|Stomping Tantrum|p1b: Gholdengo\n|-activate|p1b: Gholdengo|move: Protect\n|move|p2b: Farigiraf|Psychic|p1b: Gholdengo\n|-activate|p1b: Gholdengo|move: Protect\n|move|p1a: Arcanine|Will-O-Wisp|p2a: Ting-Lu\n|-status|p2a: Ting-Lu|brn\n|\n|-damage|p2a: Ting-Lu|95\/100 brn|[from] brn\n|upkeep\n|turn|4\n|inactive|theOnlyGO has 30 seconds left.\n|inactive|theOnlyGO has 20 seconds left.\n|inactive|theOnlyGO has 15 seconds left.\n|\n|t:|1683158785\n|-terastallize|p1b: Gholdengo|Steel\n|move|p2b: Farigiraf|Helping Hand|p2a: Ting-Lu\n|-singleturn|p2a: Ting-Lu|Helping Hand|[of] p2b: Farigiraf\n|move|p2a: Ting-Lu|Stomping Tantrum|p1b: Gholdengo\n|-supereffective|p1b: Gholdengo\n|-damage|p1b: Gholdengo|52\/100\n|move|p1b: Gholdengo|Make It Rain|p2b: Farigiraf|[spread] p2a,p2b\n|-damage|p2a: Ting-Lu|54\/100 brn\n|-damage|p2b: Farigiraf|24\/100\n|-unboost|p1b: Gholdengo|spa|1\n|move|p1a: Arcanine|Flare Blitz|p2a: Ting-Lu\n|-damage|p2a: Ting-Lu|25\/100 brn\n|-damage|p1a: Arcanine|88\/100|[from] Recoil\n|\n|-heal|p1b: Gholdengo|58\/100|[from] item: Leftovers\n|-damage|p2a: Ting-Lu|19\/100 brn|[from] brn\n|upkeep\n|turn|5\n|inactive|theOnlyGO has 30 seconds left.\n|\n|t:|1683158814\n|move|p2b: Farigiraf|Protect|p2b: Farigiraf\n|-singleturn|p2b: Farigiraf|Protect\n|move|p1b: Gholdengo|Protect|p1b: Gholdengo\n|-singleturn|p1b: Gholdengo|Protect\n|move|p1a: Arcanine|Protect|p1a: Arcanine\n|-singleturn|p1a: Arcanine|Protect\n|move|p2a: Ting-Lu|Ruination|p1b: Gholdengo\n|-activate|p1b: Gholdengo|move: Protect\n|\n|-heal|p1b: Gholdengo|64\/100|[from] item: Leftovers\n|-damage|p2a: Ting-Lu|13\/100 brn|[from] brn\n|-fieldend|move: Trick Room\n|upkeep\n|turn|6\n|-message|UUMoha forfeited.\n|\n|win|theOnlyGO\n|raw|theOnlyGO's rating: 1211 → 1233<\/strong> (+22 for winning)\n|raw|UUMoha's rating: 1165 → 1143<\/strong> (-22 for losing)\n|l|\u2606UUMoha\n","uploadtime":1683158884,"views":13,"p1id":"theonlygo","p2id":"uumoha","formatid":"gen9vgc2023regulationc","rating":1143,"private":0,"password":""}