{"id":"gen9vgc2023regulationc-1855290557","p1":"KiwiTheAce","p2":"pxzr","format":"[Gen 9] VGC 2023 Regulation C","log":"|j|\u2606KiwiTheAce\n|j|\u2606pxzr\n|t:|1682931023\n|gametype|doubles\n|player|p1|KiwiTheAce|shadowtriad|1198\n|player|p2|pxzr|hugh|1267\n|teamsize|p1|6\n|teamsize|p2|6\n|gen|9\n|tier|[Gen 9] VGC 2023 Regulation C\n|rated|\n|rule|Species Clause: Limit one of each Pok\u00e9mon\n|rule|Item Clause: Limit one of each item\n|clearpoke\n|poke|p1|Maushold, L50|\n|poke|p1|Annihilape, L50, M|\n|poke|p1|Chi-Yu, L50|\n|poke|p1|Flutter Mane, L50|\n|poke|p1|Gothitelle, L50, M|\n|poke|p1|Gyarados, L50, M|\n|poke|p2|Ting-Lu, L50|\n|poke|p2|Hatterene, L50, F|\n|poke|p2|Pelipper, L50, F|\n|poke|p2|Palafin, L50, M|\n|poke|p2|Amoonguss, L50, F|\n|poke|p2|Arcanine, L50, M|\n|teampreview|4\n|inactive|Battle timer is ON: inactive players will automatically lose when time's up. (requested by pxzr)\n|\n|t:|1682931071\n|start\n|switch|p1a: Chapeltown Rag|Flutter Mane, L50|100\/100\n|switch|p1b: Wednesday|Gothitelle, L50, M|100\/100\n|switch|p2a: Amoonguss|Amoonguss, L50, F|100\/100\n|switch|p2b: Hatterene|Hatterene, L50, F|100\/100\n|turn|1\n|inactive|pxzr has 30 seconds left.\n|l|\u2606KiwiTheAce\n|inactive|KiwiTheAce disconnected and has a minute to reconnect!\n|player|p1|\n|inactive|pxzr has 20 seconds left.\n|j|\u2606KiwiTheAce\n|inactive|KiwiTheAce reconnected.\n|player|p1|KiwiTheAce|shadowtriad\n|inactive|pxzr has 15 seconds left.\n|inactive|pxzr has 10 seconds left.\n|inactive|pxzr has 5 seconds left.\n|\n|t:|1682931122\n|-terastallize|p2b: Hatterene|Fire\n|move|p1b: Wednesday|Fake Out|p2a: Amoonguss\n|-damage|p2a: Amoonguss|96\/100\n|move|p1a: Chapeltown Rag|Perish Song|p1a: Chapeltown Rag\n|-start|p1a: Chapeltown Rag|perish3|[silent]\n|-start|p1b: Wednesday|perish3|[silent]\n|-start|p2a: Amoonguss|perish3|[silent]\n|-start|p2b: Hatterene|perish3|[silent]\n|-fieldactivate|move: Perish Song\n|cant|p2a: Amoonguss|flinch\n|move|p2b: Hatterene|Trick Room|p2b: Hatterene\n|-fieldstart|move: Trick Room|[of] p2b: Hatterene\n|\n|-start|p2b: Hatterene|perish3\n|-start|p2a: Amoonguss|perish3\n|-start|p1b: Wednesday|perish3\n|-start|p1a: Chapeltown Rag|perish3\n|upkeep\n|turn|2\n|inactive|KiwiTheAce has 30 seconds left.\n|inactive|pxzr has 30 seconds left.\n|\n|t:|1682931157\n|move|p1a: Chapeltown Rag|Protect|p1a: Chapeltown Rag\n|-singleturn|p1a: Chapeltown Rag|Protect\n|move|p2b: Hatterene|Dazzling Gleam|p1a: Chapeltown Rag|[spread] p1b\n|-activate|p1a: Chapeltown Rag|move: Protect\n|-crit|p1b: Wednesday\n|-damage|p1b: Wednesday|53\/100\n|move|p2a: Amoonguss|Spore|p1b: Wednesday\n|-status|p1b: Wednesday|slp|[from] move: Spore\n|cant|p1b: Wednesday|slp\n|\n|-start|p2b: Hatterene|perish2\n|-start|p2a: Amoonguss|perish2\n|-start|p1b: Wednesday|perish2\n|-start|p1a: Chapeltown Rag|perish2\n|upkeep\n|turn|3\n|inactive|KiwiTheAce has 30 seconds left.\n|inactive|KiwiTheAce has 20 seconds left.\n|inactive|KiwiTheAce has 15 seconds left.\n|inactive|KiwiTheAce has 10 seconds left.\n|inactive|KiwiTheAce has 5 seconds left.\n|\n|t:|1682931208\n|cant|p1b: Wednesday|slp\n|move|p2b: Hatterene|Dazzling Gleam|p1a: Chapeltown Rag|[spread] p1a,p1b\n|-damage|p1a: Chapeltown Rag|61\/100\n|-damage|p1b: Wednesday|22\/100 slp\n|-enditem|p1b: Wednesday|Wiki Berry|[eat]\n|-heal|p1b: Wednesday|55\/100 slp|[from] item: Wiki Berry\n|move|p2a: Amoonguss|Pollen Puff|p1b: Wednesday\n|-supereffective|p1b: Wednesday\n|-damage|p1b: Wednesday|24\/100 slp\n|move|p1a: Chapeltown Rag|Shadow Ball|p2a: Amoonguss\n|-damage|p2a: Amoonguss|55\/100\n|\n|-start|p2b: Hatterene|perish1\n|-start|p2a: Amoonguss|perish1\n|-start|p1b: Wednesday|perish1\n|-start|p1a: Chapeltown Rag|perish1\n|upkeep\n|turn|4\n|inactive|KiwiTheAce has 30 seconds left.\n|inactive|pxzr has 30 seconds left.\n|\n|t:|1682931241\n|-end|p1a: Chapeltown Rag|Protosynthesis|[silent]\n|switch|p1a: Gary|Gyarados, L50, M|100\/100\n|-ability|p1a: Gary|Intimidate|boost\n|-unboost|p2a: Amoonguss|atk|1\n|-unboost|p2b: Hatterene|atk|1\n|move|p2b: Hatterene|Psychic|p1a: Gary\n|-damage|p1a: Gary|46\/100\n|-enditem|p1a: Gary|Sitrus Berry|[eat]\n|-heal|p1a: Gary|71\/100|[from] item: Sitrus Berry\n|move|p2a: Amoonguss|Pollen Puff|p1b: Wednesday\n|-supereffective|p1b: Wednesday\n|-damage|p1b: Wednesday|0 fnt\n|faint|p1b: Wednesday\n|\n|-start|p2b: Hatterene|perish0\n|-start|p2a: Amoonguss|perish0\n|faint|p2b: Hatterene\n|faint|p2a: Amoonguss\n|upkeep\n|\n|t:|1682931264\n|switch|p2b: Ting-Lu|Ting-Lu, L50|100\/100\n|switch|p2a: Palafin|Palafin, L50, M, shiny|100\/100\n|switch|p1b: Black Dahlia|Annihilape, L50, M|100\/100\n|-ability|p2b: Ting-Lu|Vessel of Ruin\n|turn|5\n|inactive|KiwiTheAce has 30 seconds left.\n|\n|t:|1682931297\n|move|p2a: Palafin|Protect|p2a: Palafin\n|-singleturn|p2a: Palafin|Protect\n|move|p2b: Ting-Lu|Throat Chop|p1a: Gary\n|-damage|p1a: Gary|15\/100\n|-start|p1a: Gary|Throat Chop|[silent]\n|move|p1b: Black Dahlia|Bulk Up|p1b: Black Dahlia\n|-boost|p1b: Black Dahlia|atk|1\n|-boost|p1b: Black Dahlia|def|1\n|move|p1a: Gary|Waterfall|p2b: Ting-Lu\n|-supereffective|p2b: Ting-Lu\n|-damage|p2b: Ting-Lu|53\/100\n|\n|-fieldend|move: Trick Room\n|upkeep\n|turn|6\n|-message|pxzr forfeited.\n|\n|win|KiwiTheAce\n|raw|KiwiTheAce's rating: 1198 → 1228<\/strong> (+30 for winning)\n|raw|pxzr's rating: 1267 → 1237<\/strong> (-30 for losing)\n|l|\u2606pxzr\n","uploadtime":1682931333,"views":20,"p1id":"kiwitheace","p2id":"pxzr","formatid":"gen9vgc2023regulationc","rating":1228,"private":0,"password":""}