{"id":"gen9vgc2023regulationc-1846738692","p1":"SilverDragon550","p2":"That_Leek","format":"[Gen 9] VGC 2023 Regulation C","log":"|j|\u2606SilverDragon550\n|j|\u2606That_Leek\n|t:|1681872282\n|gametype|doubles\n|player|p1|SilverDragon550|silver|1184\n|player|p2|That_Leek|blue|1147\n|teamsize|p1|6\n|teamsize|p2|6\n|gen|9\n|tier|[Gen 9] VGC 2023 Regulation C\n|rated|\n|rule|Species Clause: Limit one of each Pok\u00e9mon\n|rule|Item Clause: Limit one of each item\n|clearpoke\n|poke|p1|Iron Valiant, L50|\n|poke|p1|Chien-Pao, L50|\n|poke|p1|Talonflame, L50, F|\n|poke|p1|Garganacl, L50, F|\n|poke|p1|Ting-Lu, L50|\n|poke|p1|Iron Bundle, L50|\n|poke|p2|Tyranitar, L50, M|\n|poke|p2|Gyarados, L50, M|\n|poke|p2|Scizor, L50, M|\n|poke|p2|Sandy Shocks, L50|\n|poke|p2|Amoonguss, L50, F|\n|poke|p2|Flutter Mane, L50|\n|teampreview|4\nSilverDragon550 has agreed to open team sheets.\nThat_Leek has agreed to open team sheets.\n|\n|t:|1681872334\n|start\n|switch|p1a: Santa 2077|Iron Bundle, L50|100\/100\n|switch|p1b: Bing Chiling|Chien-Pao, L50|100\/100\n|switch|p2a: Flutter Mane|Flutter Mane, L50|100\/100\n|switch|p2b: Scizor|Scizor, L50, M|100\/100\n|-ability|p1b: Bing Chiling|Sword of Ruin\n|-enditem|p1a: Santa 2077|Booster Energy\n|-activate|p1a: Santa 2077|ability: Quark Drive|[fromitem]\n|-start|p1a: Santa 2077|quarkdrivespe\n|turn|1\n|\n|t:|1681872367\n|-end|p2a: Flutter Mane|Protosynthesis|[silent]\n|switch|p2a: Tyranitar|Tyranitar, L50, M|100\/100\n|-weather|Sandstorm|[from] ability: Sand Stream|[of] p2a: Tyranitar\n|move|p2b: Scizor|Bullet Punch|p1b: Bing Chiling\n|-supereffective|p1b: Bing Chiling\n|-enditem|p1b: Bing Chiling|Focus Sash\n|-damage|p1b: Bing Chiling|1\/100\n|move|p1a: Santa 2077|Icy Wind|p2b: Scizor|[spread] p2a,p2b\n|-resisted|p2b: Scizor\n|-damage|p2a: Tyranitar|93\/100\n|-damage|p2b: Scizor|88\/100\n|-unboost|p2a: Tyranitar|spe|1\n|move|p1b: Bing Chiling|Ice Spinner|p2a: Tyranitar\n|-damage|p2a: Tyranitar|54\/100\n|\n|-weather|Sandstorm|[upkeep]\n|-damage|p1a: Santa 2077|94\/100|[from] Sandstorm\n|-damage|p1b: Bing Chiling|0 fnt|[from] Sandstorm\n|faint|p1b: Bing Chiling\n|upkeep\n|\n|t:|1681872385\n|switch|p1b: Love Wins|Iron Valiant, L50|100\/100\n|turn|2\n|\n|t:|1681872421\n|-terastallize|p1b: Love Wins|Steel\n|move|p1b: Love Wins|Protect|p1b: Love Wins\n|-singleturn|p1b: Love Wins|Protect\n|move|p1a: Santa 2077|Hydro Pump|p2b: Scizor|[miss]\n|-miss|p1a: Santa 2077|p2b: Scizor\n|move|p2b: Scizor|Swords Dance|p2b: Scizor\n|-boost|p2b: Scizor|atk|2\n|move|p2a: Tyranitar|Rock Slide|p1b: Love Wins|[spread] \n|-activate|p1b: Love Wins|move: Protect\n|-miss|p2a: Tyranitar|p1a: Santa 2077\n|\n|-weather|Sandstorm|[upkeep]\n|-damage|p1a: Santa 2077|88\/100|[from] Sandstorm\n|upkeep\n|turn|3\n|\n|t:|1681872441\n|move|p2b: Scizor|Bullet Punch|p1a: Santa 2077\n|-damage|p1a: Santa 2077|0 fnt\n|faint|p1a: Santa 2077\n|-end|p1a: Santa 2077|Quark Drive|[silent]\n|move|p1b: Love Wins|Close Combat|p2b: Scizor\n|-damage|p2b: Scizor|9\/100\n|-unboost|p1b: Love Wins|def|1\n|-unboost|p1b: Love Wins|spd|1\n|-damage|p1b: Love Wins|90\/100|[from] item: Life Orb\n|move|p2a: Tyranitar|Rock Slide|p1b: Love Wins\n|-resisted|p1b: Love Wins\n|-damage|p1b: Love Wins|46\/100\n|\n|-weather|Sandstorm|[upkeep]\n|upkeep\n|\n|t:|1681872456\n|switch|p1a: The Deer|Ting-Lu, L50|100\/100\n|-ability|p1a: The Deer|Vessel of Ruin\n|turn|4\n|\n|t:|1681872466\n|switch|p2a: Gyarados|Gyarados, L50, M|100\/100\n|-ability|p2a: Gyarados|Intimidate|boost\n|-unboost|p1a: The Deer|atk|1\n|-unboost|p1b: Love Wins|atk|1\n|move|p1b: Love Wins|Protect|p1b: Love Wins\n|-singleturn|p1b: Love Wins|Protect\n|move|p2b: Scizor|Bullet Punch|p1a: The Deer\n|-damage|p1a: The Deer|65\/100\n|move|p1a: The Deer|Stomping Tantrum|p2b: Scizor\n|-damage|p2b: Scizor|0 fnt\n|faint|p2b: Scizor\n|\n|-weather|Sandstorm|[upkeep]\n|upkeep\n|\n|t:|1681872477\n|switch|p2b: Flutter Mane|Flutter Mane, L50|100\/100\n|turn|5\n|\n|t:|1681872493\n|move|p2b: Flutter Mane|Dazzling Gleam|p1a: The Deer|[spread] p1a,p1b\n|-supereffective|p1a: The Deer\n|-resisted|p1b: Love Wins\n|-damage|p1a: The Deer|36\/100\n|-damage|p1b: Love Wins|0 fnt\n|faint|p1b: Love Wins\n|-end|p1b: Love Wins|Quark Drive|[silent]\n|move|p2a: Gyarados|Waterfall|p1a: The Deer\n|-supereffective|p1a: The Deer\n|-damage|p1a: The Deer|0 fnt\n|faint|p1a: The Deer\n|\n|win|That_Leek\n|raw|SilverDragon550's rating: 1184 → 1156<\/strong> (-28 for losing)\n|raw|That_Leek's rating: 1147 → 1175<\/strong> (+28 for winning)\n|l|\u2606SilverDragon550\n","uploadtime":1681872512,"views":14,"p1id":"silverdragon550","p2id":"thatleek","formatid":"gen9vgc2023regulationc","rating":1156,"private":0,"password":""}