{"id":"gen9vgc2023regulationc-1860903977","p1":"CordVGC","p2":"iStockphoto","format":"[Gen 9] VGC 2023 Regulation C","log":"|j|\u2606CordVGC\n|j|\u2606iStockphoto\n|t:|1683693293\n|gametype|doubles\n|player|p1|CordVGC|102|1132\n|player|p2|iStockphoto|170|1197\n|teamsize|p1|6\n|teamsize|p2|6\n|gen|9\n|tier|[Gen 9] VGC 2023 Regulation C\n|rated|\n|rule|Species Clause: Limit one of each Pok\u00e9mon\n|rule|Item Clause: Limit one of each item\n|clearpoke\n|poke|p1|Arcanine, L50, F|\n|poke|p1|Amoonguss, L50, F|\n|poke|p1|Palafin, L50, F|\n|poke|p1|Flutter Mane, L50|\n|poke|p1|Ting-Lu, L50|\n|poke|p1|Iron Hands, L50|\n|poke|p2|Abomasnow, L50, M|\n|poke|p2|Baxcalibur, L50, F|\n|poke|p2|Ting-Lu, L50|\n|poke|p2|Maushold, L50|\n|poke|p2|Wo-Chien, L50|\n|poke|p2|Gholdengo, L50|\n|teampreview|4\n|inactive|Battle timer is ON: inactive players will automatically lose when time's up. (requested by CordVGC)\niStockphoto has agreed to open team sheets.\nCordVGC rejected open team sheets.\n|inactive|CordVGC has 60 seconds left.\n|inactive|iStockphoto has 60 seconds left.\n|\n|t:|1683693333\n|start\n|switch|p1a: Iron Hands|Iron Hands, L50|100\/100\n|switch|p1b: Ting-Lu|Ting-Lu, L50|100\/100\n|switch|p2a: Gholdengo|Gholdengo, L50|100\/100\n|switch|p2b: Maushold|Maushold, L50|100\/100\n|-ability|p1b: Ting-Lu|Vessel of Ruin\n|turn|1\n|\n|t:|1683693351\n|-terastallize|p2b: Maushold|Ghost\n|move|p1a: Iron Hands|Fake Out|p2b: Maushold\n|-immune|p2b: Maushold\n|move|p2b: Maushold|Follow Me|p2b: Maushold\n|-singleturn|p2b: Maushold|move: Follow Me\n|move|p2a: Gholdengo|Nasty Plot|p2a: Gholdengo\n|-boost|p2a: Gholdengo|spa|2\n|move|p1b: Ting-Lu|Stomping Tantrum|p2b: Maushold\n|-crit|p2b: Maushold\n|-damage|p2b: Maushold|29\/100\n|\n|upkeep\n|turn|2\n|inactive|iStockphoto has 30 seconds left.\n|\n|t:|1683693379\n|switch|p2b: Wo-Chien|Wo-Chien, L50|100\/100\n|-ability|p2b: Wo-Chien|Tablets of Ruin\n|move|p2a: Gholdengo|Shadow Ball|p1a: Iron Hands\n|-damage|p1a: Iron Hands|60\/100\n|move|p1a: Iron Hands|Thunder Punch|p2b: Wo-Chien\n|-resisted|p2b: Wo-Chien\n|-damage|p2b: Wo-Chien|85\/100\n|move|p1b: Ting-Lu|Stomping Tantrum|p2a: Gholdengo\n|-supereffective|p2a: Gholdengo\n|-damage|p2a: Gholdengo|44\/100\n|-enditem|p2a: Gholdengo|Weakness Policy\n|-boost|p2a: Gholdengo|atk|2|[from] item: Weakness Policy\n|-boost|p2a: Gholdengo|spa|2|[from] item: Weakness Policy\n|\n|-heal|p2b: Wo-Chien|91\/100|[from] item: Leftovers\n|upkeep\n|turn|3\n|inactive|iStockphoto has 30 seconds left.\n|\n|t:|1683693412\n|move|p2b: Wo-Chien|Protect|p2b: Wo-Chien\n|-singleturn|p2b: Wo-Chien|Protect\n|move|p2a: Gholdengo|Make It Rain|p1a: Iron Hands|[spread] p1a,p1b\n|-resisted|p1a: Iron Hands\n|-damage|p1a: Iron Hands|21\/100\n|-damage|p1b: Ting-Lu|3\/100\n|-unboost|p2a: Gholdengo|spa|1\n|-enditem|p1b: Ting-Lu|Aguav Berry|[eat]\n|-heal|p1b: Ting-Lu|36\/100|[from] item: Aguav Berry\n|move|p1a: Iron Hands|Drain Punch|p2b: Wo-Chien\n|-activate|p2b: Wo-Chien|move: Protect\n|move|p1b: Ting-Lu|Stomping Tantrum|p2a: Gholdengo\n|-supereffective|p2a: Gholdengo\n|-damage|p2a: Gholdengo|0 fnt\n|faint|p2a: Gholdengo\n|\n|-heal|p2b: Wo-Chien|97\/100|[from] item: Leftovers\n|upkeep\n|\n|t:|1683693433\n|switch|p2a: Ting-Lu|Ting-Lu, L50|100\/100\n|-ability|p2a: Ting-Lu|Vessel of Ruin\n|turn|4\n|\n|t:|1683693444\n|switch|p2b: Maushold|Maushold, L50, tera:Ghost|29\/100\n|switch|p1b: Amoonguss|Amoonguss, L50, F, shiny|100\/100\n|move|p1a: Iron Hands|Drain Punch|p2b: Maushold\n|-immune|p2b: Maushold\n|move|p2a: Ting-Lu|Stomping Tantrum|p1a: Iron Hands\n|-supereffective|p1a: Iron Hands\n|-damage|p1a: Iron Hands|0 fnt\n|faint|p1a: Iron Hands\n|-end|p1a: Iron Hands|Quark Drive|[silent]\n|\n|upkeep\n|\n|t:|1683693452\n|switch|p1a: Flutter Mane|Flutter Mane, L50|100\/100\n|-enditem|p1a: Flutter Mane|Booster Energy\n|-activate|p1a: Flutter Mane|ability: Protosynthesis|[fromitem]\n|-start|p1a: Flutter Mane|protosynthesisspe\n|turn|5\n|\n|t:|1683693464\n|move|p1b: Amoonguss|Rage Powder|p1b: Amoonguss\n|-singleturn|p1b: Amoonguss|move: Rage Powder\n|move|p1a: Flutter Mane|Dazzling Gleam|p2b: Maushold|[spread] p2a,p2b\n|-supereffective|p2a: Ting-Lu\n|-damage|p2a: Ting-Lu|86\/100\n|-damage|p2b: Maushold|0 fnt\n|faint|p2b: Maushold\n|move|p2a: Ting-Lu|Heavy Slam|p1b: Amoonguss\n|-crit|p1b: Amoonguss\n|-damage|p1b: Amoonguss|60\/100\n|-damage|p2a: Ting-Lu|70\/100|[from] item: Rocky Helmet|[of] p1b: Amoonguss\n|\n|upkeep\n|\n|t:|1683693474\n|switch|p2b: Wo-Chien|Wo-Chien, L50|97\/100\n|-ability|p2b: Wo-Chien|Tablets of Ruin\n|turn|6\n|\n|t:|1683693485\n|move|p1a: Flutter Mane|Dazzling Gleam|p2a: Ting-Lu|[spread] p2a,p2b\n|-supereffective|p2a: Ting-Lu\n|-supereffective|p2b: Wo-Chien\n|-damage|p2a: Ting-Lu|51\/100\n|-damage|p2b: Wo-Chien|69\/100\n|move|p2b: Wo-Chien|Snarl|p1b: Amoonguss|[spread] p1a,p1b\n|-damage|p1a: Flutter Mane|89\/100\n|-damage|p1b: Amoonguss|51\/100\n|-unboost|p1a: Flutter Mane|spa|1\n|-unboost|p1b: Amoonguss|spa|1\n|move|p2a: Ting-Lu|Fissure|p1b: Amoonguss\n|-damage|p1b: Amoonguss|0 fnt\n|faint|p1b: Amoonguss\n|-ohko\n|\n|-heal|p2b: Wo-Chien|75\/100|[from] item: Leftovers\n|upkeep\n|c|\u2606CordVGC|Why are you vsted max spdef\n|\n|t:|1683693508\n|switch|p1b: Ting-Lu|Ting-Lu, L50|36\/100\n|-ability|p1b: Ting-Lu|Vessel of Ruin\n|turn|7\n|c|\u2606iStockphoto|wanna be thicc\n|\n|t:|1683693530\n|move|p1a: Flutter Mane|Protect|p1a: Flutter Mane\n|-singleturn|p1a: Flutter Mane|Protect\n|move|p2b: Wo-Chien|Leech Seed|p1b: Ting-Lu\n|-start|p1b: Ting-Lu|move: Leech Seed\n|move|p1b: Ting-Lu|Ruination|p2b: Wo-Chien\n|-damage|p2b: Wo-Chien|38\/100\n|move|p2a: Ting-Lu|Heavy Slam|p1a: Flutter Mane\n|-activate|p1a: Flutter Mane|move: Protect\n|\n|-heal|p2b: Wo-Chien|44\/100|[from] item: Leftovers\n|-damage|p1b: Ting-Lu|24\/100|[from] Leech Seed|[of] p2b: Wo-Chien\n|-heal|p2b: Wo-Chien|61\/100|[silent]\n|upkeep\n|turn|8\n|\n|t:|1683693546\n|move|p2b: Wo-Chien|Protect|p2b: Wo-Chien\n|-singleturn|p2b: Wo-Chien|Protect\n|move|p1a: Flutter Mane|Dazzling Gleam|p2a: Ting-Lu|[spread] p2a\n|-activate|p2b: Wo-Chien|move: Protect\n|-supereffective|p2a: Ting-Lu\n|-damage|p2a: Ting-Lu|39\/100\n|move|p1b: Ting-Lu|Ruination|p2a: Ting-Lu\n|-damage|p2a: Ting-Lu|20\/100\n|move|p2a: Ting-Lu|Heavy Slam|p1a: Flutter Mane\n|-supereffective|p1a: Flutter Mane\n|-crit|p1a: Flutter Mane\n|-damage|p1a: Flutter Mane|0 fnt\n|faint|p1a: Flutter Mane\n|-end|p1a: Flutter Mane|Protosynthesis|[silent]\n|\n|-heal|p2b: Wo-Chien|67\/100|[from] item: Leftovers\n|-damage|p1b: Ting-Lu|12\/100|[from] Leech Seed|[of] p2b: Wo-Chien\n|-heal|p2b: Wo-Chien|84\/100|[silent]\n|upkeep\n|turn|9\n|-message|CordVGC forfeited.\n|\n|win|iStockphoto\n|raw|CordVGC's rating: 1132 → 1112<\/strong> (-20 for losing)\n|raw|iStockphoto's rating: 1197 → 1217<\/strong> (+20 for winning)\n|l|\u2606CordVGC\n","uploadtime":1683693565,"views":18,"p1id":"cordvgc","p2id":"istockphoto","formatid":"gen9vgc2023regulationc","rating":1112,"private":0,"password":""}