{"id":"gen9vgc2023regulationc-1860845920","p1":"Alexis_student","p2":"Deymoxxone","format":"[Gen 9] VGC 2023 Regulation C","log":"|j|\u2606Alexis_student\n|j|\u2606Deymoxxone\n|t:|1683685061\n|gametype|doubles\n|player|p1|Alexis_student|265|1186\n|player|p2|Deymoxxone|266|1096\n|teamsize|p1|6\n|teamsize|p2|6\n|gen|9\n|tier|[Gen 9] VGC 2023 Regulation C\n|rated|\n|rule|Species Clause: Limit one of each Pok\u00e9mon\n|rule|Item Clause: Limit one of each item\n|clearpoke\n|poke|p1|Chi-Yu, L50|\n|poke|p1|Flutter Mane, L50|\n|poke|p1|Palafin, L50, M|\n|poke|p1|Iron Hands, L50|\n|poke|p1|Dragonite, L50, M|\n|poke|p1|Amoonguss, L50, M|\n|poke|p2|Sandy Shocks, L50|\n|poke|p2|Flutter Mane, L50|\n|poke|p2|Indeedee-F, L50, F|\n|poke|p2|Arcanine, L50, F|\n|poke|p2|Ting-Lu, L50|\n|poke|p2|Hawlucha, L50, M|\n|teampreview|4\n|inactive|Battle timer is ON: inactive players will automatically lose when time's up. (requested by Deymoxxone)\n|\n|t:|1683685105\n|start\n|switch|p1a: Iron Hands|Iron Hands, L50|100\/100\n|switch|p1b: Flutter Mane|Flutter Mane, L50|100\/100\n|switch|p2a: Octagon|Hawlucha, L50, M, shiny|100\/100\n|switch|p2b: Arcanine|Arcanine, L50, F|100\/100\n|-ability|p2b: Arcanine|Intimidate|boost\n|-unboost|p1a: Iron Hands|atk|1\n|-unboost|p1b: Flutter Mane|atk|1\n|turn|1\n|inactive|Deymoxxone has 30 seconds left.\n|\n|t:|1683685138\n|switch|p2b: Tales|Indeedee-F, L50, F|100\/100\n|-fieldstart|move: Psychic Terrain|[from] ability: Psychic Surge|[of] p2b: Tales\n|-enditem|p2a: Octagon|Psychic Seed\n|-boost|p2a: Octagon|spd|1|[from] item: Psychic Seed\n|move|p2a: Octagon|Protect|p2a: Octagon\n|-singleturn|p2a: Octagon|Protect\n|move|p1a: Iron Hands|Fake Out|p2b: Tales\n|-activate|p2b: Tales|move: Psychic Terrain\n|move|p1b: Flutter Mane|Shadow Ball|p2b: Tales\n|-immune|p2b: Tales\n|\n|upkeep\n|turn|2\n|inactive|Alexis_student has 30 seconds left.\n|inactive|Deymoxxone has 30 seconds left.\n|\n|t:|1683685168\n|switch|p2b: Ting-Lu|Ting-Lu, L50|100\/100\n|-ability|p2b: Ting-Lu|Vessel of Ruin\n|move|p2a: Octagon|Swords Dance|p2a: Octagon\n|-boost|p2a: Octagon|atk|2\n|move|p1b: Flutter Mane|Shadow Ball|p2a: Octagon\n|-damage|p2a: Octagon|53\/100\n|move|p1a: Iron Hands|Volt Switch|p2a: Octagon\n|-supereffective|p2a: Octagon\n|-damage|p2a: Octagon|32\/100\n|\n|t:|1683685182\n|-end|p1a: Iron Hands|Quark Drive|[silent]\n|switch|p1a: Dragonite|Dragonite, L50, M|100\/100|[from] Volt Switch\n|\n|upkeep\n|turn|3\n|\n|t:|1683685206\n|move|p2a: Octagon|Protect|p2a: Octagon\n|-singleturn|p2a: Octagon|Protect\n|move|p1b: Flutter Mane|Shadow Ball|p2a: Octagon\n|-activate|p2a: Octagon|move: Protect\n|move|p1a: Dragonite|Low Kick|p2b: Ting-Lu\n|-supereffective|p2b: Ting-Lu\n|-damage|p2b: Ting-Lu|55\/100\n|move|p2b: Ting-Lu|Heavy Slam|p1b: Flutter Mane\n|-supereffective|p1b: Flutter Mane\n|-damage|p1b: Flutter Mane|0 fnt\n|faint|p1b: Flutter Mane\n|-end|p1b: Flutter Mane|Protosynthesis|[silent]\n|\n|upkeep\n|\n|t:|1683685221\n|switch|p1b: Iron Hands|Iron Hands, L50|100\/100\n|turn|4\n|inactive|Deymoxxone has 30 seconds left.\n|inactive|Deymoxxone has 20 seconds left.\n|inactive|Deymoxxone has 15 seconds left.\n|inactive|Deymoxxone has 10 seconds left.\n|\n|t:|1683685269\n|move|p2a: Octagon|Protect||[still]\n|-fail|p2a: Octagon\n|move|p1a: Dragonite|Low Kick|p2b: Ting-Lu\n|-supereffective|p2b: Ting-Lu\n|-damage|p2b: Ting-Lu|7\/100\n|move|p1b: Iron Hands|Wild Charge|p2a: Octagon\n|-supereffective|p2a: Octagon\n|-damage|p2a: Octagon|0 fnt\n|faint|p2a: Octagon\n|-damage|p1b: Iron Hands|95\/100|[from] Recoil\n|move|p2b: Ting-Lu|Sand Tomb|p1b: Iron Hands\n|-supereffective|p1b: Iron Hands\n|-damage|p1b: Iron Hands|73\/100\n|-activate|p1b: Iron Hands|move: Sand Tomb|[of] p2b: Ting-Lu\n|\n|-damage|p1b: Iron Hands|61\/100|[from] move: Sand Tomb|[partiallytrapped]\n|upkeep\n|\n|t:|1683685286\n|switch|p2a: Arcanine|Arcanine, L50, F|100\/100\n|-ability|p2a: Arcanine|Intimidate|boost\n|-unboost|p1a: Dragonite|atk|1\n|-unboost|p1b: Iron Hands|atk|1\n|turn|5\n|\n|t:|1683685299\n|switch|p2b: Tales|Indeedee-F, L50, F|100\/100\n|move|p2a: Arcanine|Flare Blitz|p1a: Dragonite\n|-resisted|p1a: Dragonite\n|-damage|p1a: Dragonite|88\/100\n|-damage|p2a: Arcanine|97\/100|[from] Recoil\n|move|p1a: Dragonite|Tailwind|p1a: Dragonite\n|-sidestart|p1: Alexis_student|move: Tailwind\n|move|p1b: Iron Hands|Drain Punch|p2b: Tales\n|-damage|p2b: Tales|71\/100\n|-heal|p1b: Iron Hands|72\/100|[from] drain|[of] p2b: Tales\n|\n|-end|p1b: Iron Hands|Sand Tomb|[partiallytrapped]|[silent]\n|-fieldend|move: Psychic Terrain\n|upkeep\n|turn|6\n|\n|t:|1683685319\n|switch|p1a: Chi-Yu|Chi-Yu, L50|100\/100\n|-ability|p1a: Chi-Yu|Beads of Ruin\n|switch|p2b: Ting-Lu|Ting-Lu, L50|7\/100\n|-ability|p2b: Ting-Lu|Vessel of Ruin\n|move|p1b: Iron Hands|Volt Switch|p2b: Ting-Lu\n|-immune|p2b: Ting-Lu\n|move|p2a: Arcanine|Will-O-Wisp|p1b: Iron Hands\n|-status|p1b: Iron Hands|brn\n|\n|-damage|p1b: Iron Hands|66\/100 brn|[from] brn\n|upkeep\n|turn|7\n|inactive|Deymoxxone has 30 seconds left.\n|\n|t:|1683685345\n|-end|p1b: Iron Hands|Quark Drive|[silent]\n|switch|p1b: Dragonite|Dragonite, L50, M|88\/100\n|move|p1a: Chi-Yu|Dark Pulse|p2b: Ting-Lu\n|-resisted|p2b: Ting-Lu\n|-damage|p2b: Ting-Lu|0 fnt\n|faint|p2b: Ting-Lu\n|move|p2a: Arcanine|Flare Blitz|p1b: Dragonite\n|-resisted|p1b: Dragonite\n|-damage|p1b: Dragonite|63\/100\n|-damage|p2a: Arcanine|90\/100|[from] Recoil\n|\n|upkeep\n|\n|t:|1683685356\n|switch|p2b: Tales|Indeedee-F, L50, F|71\/100\n|-fieldstart|move: Psychic Terrain|[from] ability: Psychic Surge|[of] p2b: Tales\n|turn|8\n|inactive|Deymoxxone has 30 seconds left.\n|\n|t:|1683685386\n|-terastallize|p1b: Dragonite|Flying\n|-terastallize|p2b: Tales|Fairy\n|move|p1a: Chi-Yu|Nasty Plot|p1a: Chi-Yu\n|-boost|p1a: Chi-Yu|spa|2\n|move|p1b: Dragonite|Tera Blast|p2a: Arcanine\n|-damage|p2a: Arcanine|29\/100\n|-enditem|p2a: Arcanine|Sitrus Berry|[eat]\n|-heal|p2a: Arcanine|54\/100|[from] item: Sitrus Berry\n|move|p2a: Arcanine|Flare Blitz|p1a: Chi-Yu\n|-resisted|p1a: Chi-Yu\n|-damage|p1a: Chi-Yu|70\/100\n|-damage|p2a: Arcanine|46\/100|[from] Recoil\n|move|p2b: Tales|Psychic|p1b: Dragonite\n|-damage|p1b: Dragonite|10\/100\n|\n|-sideend|p1: Alexis_student|move: Tailwind\n|upkeep\n|turn|9\n|inactive|Alexis_student has 30 seconds left.\n|inactive|Deymoxxone has 30 seconds left.\n|\n|t:|1683685414\n|move|p2a: Arcanine|Protect|p2a: Arcanine\n|-singleturn|p2a: Arcanine|Protect\n|move|p1a: Chi-Yu|Flamethrower|p2b: Tales\n|-damage|p2b: Tales|0 fnt\n|faint|p2b: Tales\n|move|p1b: Dragonite|Tera Blast|p2a: Arcanine\n|-activate|p2a: Arcanine|move: Protect\n|\n|upkeep\n|turn|10\n|-message|Deymoxxone forfeited.\n|\n|win|Alexis_student\n|raw|Alexis_student's rating: 1186 → 1205<\/strong> (+19 for winning)\n|raw|Deymoxxone's rating: 1096 → 1078<\/strong> (-18 for losing)\n|l|\u2606Deymoxxone\n","uploadtime":1683685427,"views":15,"p1id":"alexisstudent","p2id":"deymoxxone","formatid":"gen9vgc2023regulationc","rating":1078,"private":0,"password":""}