{"id":"gen9vgc2023regulationc-1845236099","p1":"Mad Eye Moonguss","p2":"addyson789","format":"[Gen 9] VGC 2023 Regulation C","log":"|j|\u2606Mad Eye Moonguss\n|j|\u2606addyson789\n|t:|1681700136\n|gametype|doubles\n|player|p1|Mad Eye Moonguss|1|1210\n|player|p2|addyson789|ninjaboy|1213\n|teamsize|p1|6\n|teamsize|p2|6\n|gen|9\n|tier|[Gen 9] VGC 2023 Regulation C\n|rated|\n|rule|Species Clause: Limit one of each Pok\u00e9mon\n|rule|Item Clause: Limit one of each item\n|clearpoke\n|poke|p1|Gyarados, L50, F|\n|poke|p1|Chi-Yu, L50|\n|poke|p1|Brute Bonnet, L50|\n|poke|p1|Flutter Mane, L50|\n|poke|p1|Iron Bundle, L50|\n|poke|p1|Garchomp, L50, M|\n|poke|p2|Flutter Mane, L50|\n|poke|p2|Kingambit, L50, F|\n|poke|p2|Garchomp, L50, F|\n|poke|p2|Chien-Pao, L50|\n|poke|p2|Dragonite, L50, M|\n|poke|p2|Gyarados, L50, F|\n|teampreview|4\n|\n|t:|1681700196\n|start\n|switch|p1a: Flutter Mane|Flutter Mane, L50|100\/100\n|switch|p1b: Garchomp|Garchomp, L50, M|100\/100\n|switch|p2a: Flutter Mane|Flutter Mane, L50|100\/100\n|switch|p2b: Kingambit|Kingambit, L50, F|100\/100\n|-enditem|p2a: Flutter Mane|Booster Energy\n|-activate|p2a: Flutter Mane|ability: Protosynthesis|[fromitem]\n|-start|p2a: Flutter Mane|protosynthesisspa\n|turn|1\n|\n|t:|1681700224\n|-terastallize|p1b: Garchomp|Steel\n|-terastallize|p2b: Kingambit|Flying\n|move|p1a: Flutter Mane|Protect|p1a: Flutter Mane\n|-singleturn|p1a: Flutter Mane|Protect\n|move|p2b: Kingambit|Sucker Punch||[still]\n|-fail|p2b: Kingambit\n|move|p2a: Flutter Mane|Dazzling Gleam|p1b: Garchomp|[spread] p1b\n|-activate|p1a: Flutter Mane|move: Protect\n|-resisted|p1b: Garchomp\n|-damage|p1b: Garchomp|79\/100\n|move|p1b: Garchomp|Earthquake|p2a: Flutter Mane|[spread] p2a\n|-activate|p1a: Flutter Mane|move: Protect\n|-immune|p2b: Kingambit\n|-damage|p2a: Flutter Mane|22\/100\n|\n|upkeep\n|turn|2\n|\n|t:|1681700246\n|move|p2b: Kingambit|Sucker Punch|p1a: Flutter Mane\n|-damage|p1a: Flutter Mane|17\/100\n|move|p1a: Flutter Mane|Dazzling Gleam|p2b: Kingambit|[spread] p2a,p2b\n|-crit|p2b: Kingambit\n|-damage|p2a: Flutter Mane|0 fnt\n|-damage|p2b: Kingambit|67\/100\n|faint|p2a: Flutter Mane\n|-end|p2a: Flutter Mane|Protosynthesis|[silent]\n|move|p1b: Garchomp|Rock Slide|p2b: Kingambit\n|-supereffective|p2b: Kingambit\n|-damage|p2b: Kingambit|27\/100\n|\n|upkeep\n|\n|t:|1681700258\n|switch|p2a: Chien-Pao|Chien-Pao, L50|100\/100\n|-ability|p2a: Chien-Pao|Sword of Ruin\n|turn|3\n|\n|t:|1681700288\n|-end|p1a: Flutter Mane|Protosynthesis|[silent]\n|switch|p1a: Iron Bundle|Iron Bundle, L50|100\/100\n|-enditem|p1a: Iron Bundle|Booster Energy\n|-activate|p1a: Iron Bundle|ability: Quark Drive|[fromitem]\n|-start|p1a: Iron Bundle|quarkdrivespe\n|move|p2a: Chien-Pao|Protect|p2a: Chien-Pao\n|-singleturn|p2a: Chien-Pao|Protect\n|move|p1b: Garchomp|Rock Slide|p2b: Kingambit|[spread] p2b\n|-activate|p2a: Chien-Pao|move: Protect\n|-supereffective|p2b: Kingambit\n|-damage|p2b: Kingambit|0 fnt\n|faint|p2b: Kingambit\n|\n|upkeep\n|\n|t:|1681700300\n|switch|p2b: Dragonite|Dragonite, L50, M|100\/100\n|turn|4\n|\n|t:|1681700313\n|move|p2b: Dragonite|Extreme Speed|p1a: Iron Bundle\n|-damage|p1a: Iron Bundle|21\/100\n|move|p2a: Chien-Pao|Sucker Punch|p1a: Iron Bundle\n|-damage|p1a: Iron Bundle|0 fnt\n|faint|p1a: Iron Bundle\n|-end|p1a: Iron Bundle|Quark Drive|[silent]\n|move|p1b: Garchomp|Rock Slide|p2a: Chien-Pao|[spread] p2a,p2b\n|-supereffective|p2a: Chien-Pao\n|-supereffective|p2b: Dragonite\n|-damage|p2a: Chien-Pao|41\/100\n|-damage|p2b: Dragonite|74\/100\n|\n|upkeep\n|\n|t:|1681700338\n|switch|p1a: Brute Bonnet|Brute Bonnet, L50|100\/100\n|turn|5\n|\n|t:|1681700347\n|move|p1a: Brute Bonnet|Protect|p1a: Brute Bonnet\n|-singleturn|p1a: Brute Bonnet|Protect\n|move|p2b: Dragonite|Extreme Speed|p1b: Garchomp\n|-resisted|p1b: Garchomp\n|-damage|p1b: Garchomp|50\/100\n|-damage|p2b: Dragonite|61\/100|[from] ability: Rough Skin|[of] p1b: Garchomp\n|move|p2a: Chien-Pao|Ice Spinner|p1a: Brute Bonnet\n|-activate|p1a: Brute Bonnet|move: Protect\n|move|p1b: Garchomp|Rock Slide|p2b: Dragonite|[spread] p2b\n|-miss|p1b: Garchomp|p2a: Chien-Pao\n|-supereffective|p2b: Dragonite\n|-damage|p2b: Dragonite|12\/100\n|\n|upkeep\n|turn|6\n|\n|t:|1681700381\n|move|p2b: Dragonite|Extreme Speed|p1a: Brute Bonnet\n|-damage|p1a: Brute Bonnet|49\/100\n|move|p1a: Brute Bonnet|Sucker Punch|p2a: Chien-Pao\n|-resisted|p2a: Chien-Pao\n|-damage|p2a: Chien-Pao|16\/100\n|move|p2a: Chien-Pao|Sacred Sword|p1b: Garchomp\n|-supereffective|p1b: Garchomp\n|-damage|p1b: Garchomp|0 fnt\n|-damage|p2a: Chien-Pao|4\/100|[from] ability: Rough Skin|[of] p1b: Garchomp\n|faint|p1b: Garchomp\n|\n|upkeep\n|\n|t:|1681700393\n|switch|p1b: Flutter Mane|Flutter Mane, L50|17\/100\n|turn|7\n|\n|t:|1681700438\n|move|p2a: Chien-Pao|Protect|p2a: Chien-Pao\n|-singleturn|p2a: Chien-Pao|Protect\n|move|p1b: Flutter Mane|Protect|p1b: Flutter Mane\n|-singleturn|p1b: Flutter Mane|Protect\n|move|p2b: Dragonite|Extreme Speed|p1a: Brute Bonnet\n|-damage|p1a: Brute Bonnet|0 fnt\n|faint|p1a: Brute Bonnet\n|-end|p1a: Brute Bonnet|Protosynthesis|[silent]\n|\n|upkeep\n|turn|8\n|-message|Mad Eye Moonguss forfeited.\n|\n|win|addyson789\n|raw|Mad Eye Moonguss's rating: 1210 → 1185<\/strong> (-25 for losing)\n|raw|addyson789's rating: 1213 → 1238<\/strong> (+25 for winning)\n|l|\u2606Mad Eye Moonguss\n","uploadtime":1681700891,"views":8,"p1id":"madeyemoonguss","p2id":"addyson789","formatid":"gen9vgc2023regulationc","rating":1185,"private":0,"password":""}