{"id":"gen9vgc2023regulationc-1848726986","p1":"lachuchaqtp","p2":"SkereKing","format":"[Gen 9] VGC 2023 Regulation C","log":"|j|\u2606lachuchaqtp\n|j|\u2606SkereKing\n|t:|1682104425\n|gametype|doubles\n|player|p1|lachuchaqtp|palmer|1046\n|player|p2|SkereKing|giovanni|1017\n|teamsize|p1|6\n|teamsize|p2|6\n|gen|9\n|tier|[Gen 9] VGC 2023 Regulation C\n|rated|\n|rule|Species Clause: Limit one of each Pok\u00e9mon\n|rule|Item Clause: Limit one of each item\n|clearpoke\n|poke|p1|Gastrodon, L50, M|\n|poke|p1|Arcanine, L50, F|\n|poke|p1|Flutter Mane, L50|\n|poke|p1|Amoonguss, L50, M|\n|poke|p1|Dragonite, L50, M|\n|poke|p1|Chien-Pao, L50|\n|poke|p2|Amoonguss, L50, F|\n|poke|p2|Palafin, L50, F|\n|poke|p2|Arcanine, L50, M|\n|poke|p2|Flutter Mane, L50|\n|poke|p2|Roaring Moon, L50|\n|poke|p2|Ting-Lu, L50|\n|teampreview|4\n|inactive|Battle timer is ON: inactive players will automatically lose when time's up. (requested by lachuchaqtp)\n|inactive|SkereKing has 60 seconds left.\n|\n|t:|1682104474\n|start\n|switch|p1a: Arcanine|Arcanine, L50, F|100\/100\n|switch|p1b: Gastrodon|Gastrodon, L50, M|100\/100\n|switch|p2a: Palafin|Palafin, L50, F|100\/100\n|switch|p2b: Amoonguss|Amoonguss, L50, F|100\/100\n|-ability|p1a: Arcanine|Intimidate|boost\n|-unboost|p2a: Palafin|atk|1\n|-unboost|p2b: Amoonguss|atk|1\n|turn|1\n|inactive|SkereKing has 30 seconds left.\n|inactive|lachuchaqtp has 30 seconds left.\n|inactive|SkereKing has 20 seconds left.\n|inactive|SkereKing has 15 seconds left.\n|\n|t:|1682104518\n|detailschange|p2a: Palafin|Palafin-Hero, L50, F\n|switch|p2a: Arcanine|Arcanine, L50, M|100\/100\n|-ability|p2a: Arcanine|Intimidate|boost\n|-unboost|p1a: Arcanine|atk|1\n|-unboost|p1b: Gastrodon|atk|1\n|-terastallize|p1b: Gastrodon|Fire\n|move|p1a: Arcanine|Will-O-Wisp|p2a: Arcanine\n|-immune|p2a: Arcanine\n|move|p1b: Gastrodon|Yawn|p2a: Arcanine\n|-start|p2a: Arcanine|move: Yawn|[of] p1b: Gastrodon\n|move|p2b: Amoonguss|Spore|p1b: Gastrodon\n|-activate|p1b: Gastrodon|item: Safety Goggles|Spore\n|\n|upkeep\n|turn|2\n|inactive|SkereKing has 30 seconds left.\n|inactive|SkereKing has 20 seconds left.\n|inactive|SkereKing has 15 seconds left.\n|\n|t:|1682104559\n|switch|p2a: Palafin|Palafin-Hero, L50, F|100\/100\n|-activate|p2a: Palafin|ability: Zero to Hero\n|move|p1a: Arcanine|Protect|p1a: Arcanine\n|-singleturn|p1a: Arcanine|Protect\n|move|p1b: Gastrodon|Yawn|p2b: Amoonguss\n|-start|p2b: Amoonguss|move: Yawn|[of] p1b: Gastrodon\n|move|p2b: Amoonguss|Spore|p1a: Arcanine\n|-activate|p1a: Arcanine|move: Protect\n|\n|upkeep\n|turn|3\n|inactive|lachuchaqtp has 30 seconds left.\n|\n|t:|1682104589\n|-terastallize|p2a: Palafin|Water\n|move|p2a: Palafin|Jet Punch|p1b: Gastrodon\n|-activate|p1b: Gastrodon|ability: Storm Drain\n|-ability|p1b: Gastrodon|Storm Drain|boost\n|-boost|p1b: Gastrodon|spa|1\n|move|p1a: Arcanine|Will-O-Wisp|p2a: Palafin|[miss]\n|-miss|p1a: Arcanine|p2a: Palafin\n|move|p1b: Gastrodon|Muddy Water|p2a: Palafin|[spread] p2a,p2b\n|-resisted|p2a: Palafin\n|-resisted|p2b: Amoonguss\n|-damage|p2a: Palafin|83\/100\n|-damage|p2b: Amoonguss|87\/100\n|-unboost|p2a: Palafin|accuracy|1\n|move|p2b: Amoonguss|Pollen Puff|p2a: Palafin\n|-heal|p2a: Palafin|100\/100\n|\n|-end|p2b: Amoonguss|move: Yawn|[silent]\n|-status|p2b: Amoonguss|slp\n|upkeep\n|turn|4\n|inactive|SkereKing has 30 seconds left.\n|\n|t:|1682104616\n|cant|p2b: Amoonguss|slp\n|move|p2a: Palafin|Jet Punch|p1b: Gastrodon\n|-activate|p1b: Gastrodon|ability: Storm Drain\n|-ability|p1b: Gastrodon|Storm Drain|boost\n|-boost|p1b: Gastrodon|spa|1\n|move|p1a: Arcanine|Will-O-Wisp|p2a: Palafin\n|-status|p2a: Palafin|brn\n|move|p1b: Gastrodon|Muddy Water|p2a: Palafin|[spread] p2a,p2b\n|-resisted|p2a: Palafin\n|-resisted|p2b: Amoonguss\n|-damage|p2a: Palafin|80\/100 brn\n|-damage|p2b: Amoonguss|70\/100 slp\n|-unboost|p2a: Palafin|accuracy|1\n|\n|-damage|p2a: Palafin|74\/100 brn|[from] brn\n|upkeep\n|turn|5\n|\n|t:|1682104641\n|switch|p2a: Flutter Mane|Flutter Mane, L50|100\/100\n|-curestatus|p2b: Amoonguss|slp|[msg]\n|move|p2b: Amoonguss|Protect|p2b: Amoonguss\n|-singleturn|p2b: Amoonguss|Protect\n|move|p1a: Arcanine|Flare Blitz|p2b: Amoonguss\n|-activate|p2b: Amoonguss|move: Protect\n|move|p1b: Gastrodon|Muddy Water|p2a: Flutter Mane|[spread] p2a\n|-activate|p2b: Amoonguss|move: Protect\n|-damage|p2a: Flutter Mane|54\/100\n|-unboost|p2a: Flutter Mane|accuracy|1\n|\n|upkeep\n|turn|6\n|inactive|SkereKing has 30 seconds left.\n|\n|t:|1682104673\n|move|p1a: Arcanine|Protect|p1a: Arcanine\n|-singleturn|p1a: Arcanine|Protect\n|move|p2b: Amoonguss|Rage Powder|p2b: Amoonguss\n|-singleturn|p2b: Amoonguss|move: Rage Powder\n|move|p2a: Flutter Mane|Moonblast|p1b: Gastrodon\n|-resisted|p1b: Gastrodon\n|-damage|p1b: Gastrodon|73\/100\n|-unboost|p1b: Gastrodon|spa|1\n|move|p1b: Gastrodon|Muddy Water|p2b: Amoonguss|[spread] p2a,p2b\n|-resisted|p2b: Amoonguss\n|-damage|p2a: Flutter Mane|22\/100\n|-damage|p2b: Amoonguss|55\/100\n|-unboost|p2a: Flutter Mane|accuracy|1\n|\n|upkeep\n|turn|7\n|inactive|SkereKing has 30 seconds left.\n|\n|t:|1682104699\n|move|p2a: Flutter Mane|Moonblast|p1a: Arcanine\n|-resisted|p1a: Arcanine\n|-damage|p1a: Arcanine|65\/100\n|move|p1a: Arcanine|Snarl|p2b: Amoonguss|[spread] p2a,p2b\n|-damage|p2a: Flutter Mane|13\/100\n|-damage|p2b: Amoonguss|48\/100\n|-unboost|p2a: Flutter Mane|spa|1\n|-unboost|p2b: Amoonguss|spa|1\n|-enditem|p2b: Amoonguss|Sitrus Berry|[eat]\n|-heal|p2b: Amoonguss|73\/100|[from] item: Sitrus Berry\n|move|p1b: Gastrodon|Recover|p1b: Gastrodon\n|-heal|p1b: Gastrodon|100\/100\n|move|p2b: Amoonguss|Pollen Puff|p2a: Flutter Mane\n|-heal|p2a: Flutter Mane|63\/100\n|\n|upkeep\n|turn|8\n|\n|t:|1682104721\n|-end|p2a: Flutter Mane|Protosynthesis|[silent]\n|switch|p2a: Palafin|Palafin-Hero, L50, F, tera:Water|74\/100 brn\n|move|p1a: Arcanine|Snarl|p2a: Palafin|[spread] p2a,p2b\n|-damage|p2a: Palafin|66\/100 brn\n|-damage|p2b: Amoonguss|66\/100\n|-unboost|p2a: Palafin|spa|1\n|-unboost|p2b: Amoonguss|spa|1\n|move|p1b: Gastrodon|Muddy Water|p2a: Palafin|[spread] p2a,p2b\n|-resisted|p2a: Palafin\n|-resisted|p2b: Amoonguss\n|-damage|p2a: Palafin|50\/100 brn\n|-damage|p2b: Amoonguss|52\/100\n|move|p2b: Amoonguss|Spore|p1a: Arcanine\n|-status|p1a: Arcanine|slp|[from] move: Spore\n|\n|-damage|p2a: Palafin|44\/100 brn|[from] brn\n|upkeep\n|turn|9\n|\n|t:|1682104743\n|cant|p1a: Arcanine|slp\n|move|p2a: Palafin|Haze|p2a: Palafin\n|-clearallboost\n|move|p1b: Gastrodon|Muddy Water|p2b: Amoonguss|[spread] p2a,p2b\n|-resisted|p2a: Palafin\n|-resisted|p2b: Amoonguss\n|-damage|p2a: Palafin|35\/100 brn\n|-damage|p2b: Amoonguss|43\/100\n|move|p2b: Amoonguss|Pollen Puff|p2a: Palafin\n|-heal|p2a: Palafin|85\/100 brn\n|\n|-damage|p2a: Palafin|79\/100 brn|[from] brn\n|upkeep\n|turn|10\n|inactive|SkereKing has 30 seconds left.\n|inactive|lachuchaqtp has 30 seconds left.\n|inactive|SkereKing has 20 seconds left.\n|inactive|lachuchaqtp has 20 seconds left.\n|inactive|SkereKing has 15 seconds left.\n|\n|t:|1682104787\n|switch|p2a: Arcanine|Arcanine, L50, M|100\/100\n|-ability|p2a: Arcanine|Intimidate|boost\n|-unboost|p1a: Arcanine|atk|1\n|-unboost|p1b: Gastrodon|atk|1\n|move|p2b: Amoonguss|Protect|p2b: Amoonguss\n|-singleturn|p2b: Amoonguss|Protect\n|cant|p1a: Arcanine|slp\n|move|p1b: Gastrodon|Muddy Water|p2b: Amoonguss|[spread] p2a\n|-activate|p2b: Amoonguss|move: Protect\n|-supereffective|p2a: Arcanine\n|-damage|p2a: Arcanine|59\/100\n|-unboost|p2a: Arcanine|accuracy|1\n|\n|upkeep\n|turn|11\n|\n|t:|1682104805\n|move|p2a: Arcanine|Extreme Speed|p1a: Arcanine|[miss]\n|-miss|p2a: Arcanine|p1a: Arcanine\n|-curestatus|p1a: Arcanine|slp|[msg]\n|move|p1a: Arcanine|Flare Blitz|p2b: Amoonguss\n|-supereffective|p2b: Amoonguss\n|-damage|p2b: Amoonguss|0 fnt\n|faint|p2b: Amoonguss\n|-damage|p1a: Arcanine|50\/100|[from] Recoil\n|move|p1b: Gastrodon|Muddy Water|p2a: Arcanine\n|-supereffective|p2a: Arcanine\n|-damage|p2a: Arcanine|0 fnt\n|faint|p2a: Arcanine\n|\n|upkeep\n|\n|t:|1682104820\n|switch|p2a: Palafin|Palafin-Hero, L50, F, tera:Water|79\/100 brn\n|switch|p2b: Flutter Mane|Flutter Mane, L50|63\/100\n|turn|12\n|\n|t:|1682104839\n|move|p2b: Flutter Mane|Thunderbolt|p1b: Gastrodon\n|-damage|p1b: Gastrodon|60\/100\n|move|p1a: Arcanine|Flare Blitz|p2b: Flutter Mane\n|-damage|p2b: Flutter Mane|8\/100\n|-damage|p1a: Arcanine|37\/100|[from] Recoil\n|move|p2a: Palafin|Wave Crash|p1b: Gastrodon\n|-activate|p1b: Gastrodon|ability: Storm Drain\n|-ability|p1b: Gastrodon|Storm Drain|boost\n|-boost|p1b: Gastrodon|spa|1\n|move|p1b: Gastrodon|Muddy Water|p2b: Flutter Mane|[spread] p2a,p2b\n|-resisted|p2a: Palafin\n|-crit|p2a: Palafin\n|-damage|p2a: Palafin|56\/100 brn\n|-damage|p2b: Flutter Mane|0 fnt\n|-unboost|p2a: Palafin|accuracy|1\n|faint|p2b: Flutter Mane\n|-end|p2b: Flutter Mane|Protosynthesis|[silent]\n|\n|-damage|p2a: Palafin|50\/100 brn|[from] brn\n|upkeep\n|turn|13\n|-message|SkereKing forfeited.\n|\n|win|lachuchaqtp\n|raw|lachuchaqtp's rating: 1046 → 1076<\/strong> (+30 for winning)\n|raw|SkereKing's rating: 1017 → 1005<\/strong> (-12 for losing)\n|l|\u2606SkereKing\n","uploadtime":1682104874,"views":12,"p1id":"lachuchaqtp","p2id":"skereking","formatid":"gen9vgc2023regulationc","rating":1005,"private":0,"password":""}