{"id":"gen9vgc2023regulationc-1849948296","p1":"Kirovz","p2":"Nick Halen","format":"[Gen 9] VGC 2023 Regulation C","log":"|j|\u2606Kirovz\n|j|\u2606Nick Halen\n|t:|1682271173\n|gametype|doubles\n|player|p1|Kirovz|lance|1151\n|player|p2|Nick Halen|101|1118\n|teamsize|p1|6\n|teamsize|p2|6\n|gen|9\n|tier|[Gen 9] VGC 2023 Regulation C\n|rated|\n|rule|Species Clause: Limit one of each Pok\u00e9mon\n|rule|Item Clause: Limit one of each item\n|clearpoke\n|poke|p1|Dondozo, L50, M|\n|poke|p1|Tatsugiri-Stretchy, L50, F|\n|poke|p1|Chi-Yu, L50|\n|poke|p1|Flutter Mane, L50|\n|poke|p1|Dragonite, L50, F|\n|poke|p1|Glimmora, L50, M|\n|poke|p2|Flutter Mane, L50|\n|poke|p2|Arcanine, L50, F|\n|poke|p2|Amoonguss, L50, F|\n|poke|p2|Palafin, L50, M|\n|poke|p2|Chien-Pao, L50|\n|poke|p2|Dragonite, L50, M|\n|teampreview|4\n|inactive|Battle timer is ON: inactive players will automatically lose when time's up. (requested by Nick Halen)\n|\n|t:|1682271186\n|start\n|switch|p1a: Glimmora|Glimmora, L50, M|100\/100\n|switch|p1b: Dondozo|Dondozo, L50, M|100\/100\n|switch|p2a: Palafin|Palafin, L50, M|100\/100\n|switch|p2b: Flutter Mane|Flutter Mane, L50|100\/100\n|turn|1\n|inactive|Kirovz has 30 seconds left.\n|\n|t:|1682271213\n|move|p2b: Flutter Mane|Thunderbolt|p1b: Dondozo\n|-supereffective|p1b: Dondozo\n|-damage|p1b: Dondozo|44\/100\n|-enditem|p1b: Dondozo|Sitrus Berry|[eat]\n|-heal|p1b: Dondozo|69\/100|[from] item: Sitrus Berry\n|move|p1a: Glimmora|Toxic|p2b: Flutter Mane\n|-status|p2b: Flutter Mane|tox\n|move|p2a: Palafin|Taunt|p1b: Dondozo\n|-start|p1b: Dondozo|move: Taunt\n|cant|p1b: Dondozo|move: Taunt|Yawn\n|\n|-damage|p2b: Flutter Mane|94\/100 tox|[from] psn\n|upkeep\n|turn|2\n|\n|t:|1682271230\n|detailschange|p2a: Palafin|Palafin-Hero, L50, M\n|switch|p2a: Dragonite|Dragonite, L50, M|100\/100\n|move|p1a: Glimmora|Spiky Shield|p1a: Glimmora\n|-singleturn|p1a: Glimmora|move: Protect\n|move|p2b: Flutter Mane|Thunderbolt|p1b: Dondozo\n|-supereffective|p1b: Dondozo\n|-damage|p1b: Dondozo|13\/100\n|move|p1b: Dondozo|Bulldoze|p2b: Flutter Mane|[spread] p2b\n|-activate|p1a: Glimmora|move: Protect\n|-immune|p2a: Dragonite\n|-damage|p2b: Flutter Mane|78\/100 tox\n|-unboost|p2b: Flutter Mane|spe|1\n|\n|-damage|p2b: Flutter Mane|65\/100 tox|[from] psn\n|upkeep\n|turn|3\n|inactive|Nick Halen has 30 seconds left.\n|\n|t:|1682271258\n|move|p1a: Glimmora|Toxic|p2a: Dragonite\n|-status|p2a: Dragonite|tox\n|-enditem|p2a: Dragonite|Lum Berry|[eat]\n|-curestatus|p2a: Dragonite|tox|[msg]\n|move|p2a: Dragonite|Dragon Dance|p2a: Dragonite\n|-boost|p2a: Dragonite|atk|1\n|-boost|p2a: Dragonite|spe|1\n|move|p2b: Flutter Mane|Thunderbolt|p1b: Dondozo\n|-supereffective|p1b: Dondozo\n|-damage|p1b: Dondozo|0 fnt\n|faint|p1b: Dondozo\n|\n|-damage|p2b: Flutter Mane|47\/100 tox|[from] psn\n|upkeep\n|\n|t:|1682271269\n|switch|p1b: Flutter Mane|Flutter Mane, L50|100\/100\n|-enditem|p1b: Flutter Mane|Booster Energy\n|-activate|p1b: Flutter Mane|ability: Protosynthesis|[fromitem]\n|-start|p1b: Flutter Mane|protosynthesisspe\n|turn|4\n|\n|t:|1682271297\n|-terastallize|p1b: Flutter Mane|Steel\n|move|p2a: Dragonite|Protect|p2a: Dragonite\n|-singleturn|p2a: Dragonite|Protect\n|move|p1b: Flutter Mane|Moonblast|p2a: Dragonite\n|-activate|p2a: Dragonite|move: Protect\n|move|p1a: Glimmora|Toxic|p2a: Dragonite\n|-activate|p2a: Dragonite|move: Protect\n|move|p2b: Flutter Mane|Thunderbolt|p1b: Flutter Mane\n|-damage|p1b: Flutter Mane|60\/100\n|\n|-damage|p2b: Flutter Mane|22\/100 tox|[from] psn\n|upkeep\n|turn|5\n|\n|t:|1682271318\n|move|p1b: Flutter Mane|Protect|p1b: Flutter Mane\n|-singleturn|p1b: Flutter Mane|Protect\n|move|p2a: Dragonite|Extreme Speed|p1b: Flutter Mane\n|-activate|p1b: Flutter Mane|move: Protect\n|move|p1a: Glimmora|Power Gem|p2a: Dragonite\n|-supereffective|p2a: Dragonite\n|-damage|p2a: Dragonite|54\/100\n|move|p2b: Flutter Mane|Thunderbolt|p1b: Flutter Mane\n|-activate|p1b: Flutter Mane|move: Protect\n|\n|-damage|p2b: Flutter Mane|0 fnt|[from] psn\n|faint|p2b: Flutter Mane\n|-end|p2b: Flutter Mane|Protosynthesis|[silent]\n|upkeep\n|\n|t:|1682271332\n|switch|p2b: Chien-Pao|Chien-Pao, L50|100\/100\n|-ability|p2b: Chien-Pao|Sword of Ruin\n|turn|6\n|\n|t:|1682271349\n|move|p2a: Dragonite|Extreme Speed|p1b: Flutter Mane\n|-resisted|p1b: Flutter Mane\n|-damage|p1b: Flutter Mane|7\/100\n|move|p1b: Flutter Mane|Moonblast|p2b: Chien-Pao\n|-supereffective|p2b: Chien-Pao\n|-enditem|p2b: Chien-Pao|Focus Sash\n|-damage|p2b: Chien-Pao|1\/100\n|move|p2b: Chien-Pao|Ice Spinner|p1b: Flutter Mane\n|-resisted|p1b: Flutter Mane\n|-damage|p1b: Flutter Mane|0 fnt\n|faint|p1b: Flutter Mane\n|-end|p1b: Flutter Mane|Protosynthesis|[silent]\n|move|p1a: Glimmora|Power Gem|p2a: Dragonite\n|-supereffective|p2a: Dragonite\n|-damage|p2a: Dragonite|0 fnt\n|faint|p2a: Dragonite\n|\n|upkeep\n|\n|t:|1682271364\n|switch|p1b: Dragonite|Dragonite, L50, F|100\/100\n|switch|p2a: Palafin|Palafin-Hero, L50, M|100\/100\n|-activate|p2a: Palafin|ability: Zero to Hero\n|turn|7\n|\n|t:|1682271381\n|move|p2b: Chien-Pao|Protect|p2b: Chien-Pao\n|-singleturn|p2b: Chien-Pao|Protect\n|move|p1a: Glimmora|Spiky Shield|p1a: Glimmora\n|-singleturn|p1a: Glimmora|move: Protect\n|move|p2a: Palafin|Protect|p2a: Palafin\n|-singleturn|p2a: Palafin|Protect\n|move|p1b: Dragonite|Protect||[still]\n|-fail|p1b: Dragonite\n|\n|upkeep\n|turn|8\n|\n|t:|1682271406\n|-terastallize|p2a: Palafin|Water\n|move|p1b: Dragonite|Extreme Speed|p2b: Chien-Pao\n|-damage|p2b: Chien-Pao|0 fnt\n|faint|p2b: Chien-Pao\n|move|p2a: Palafin|Jet Punch|p1a: Glimmora\n|-supereffective|p1a: Glimmora\n|-enditem|p1a: Glimmora|Focus Sash\n|-damage|p1a: Glimmora|1\/100\n|-activate|p1a: Glimmora|ability: Toxic Debris\n|-sidestart|p2: Nick Halen|move: Toxic Spikes\n|move|p1a: Glimmora|Toxic|p2a: Palafin\n|-status|p2a: Palafin|tox\n|\n|-damage|p2a: Palafin|95\/100 tox|[from] psn\n|upkeep\n|turn|9\n|\n|t:|1682271429\n|move|p1a: Glimmora|Spiky Shield|p1a: Glimmora\n|-singleturn|p1a: Glimmora|move: Protect\n|move|p1b: Dragonite|Protect|p1b: Dragonite\n|-singleturn|p1b: Dragonite|Protect\n|move|p2a: Palafin|Jet Punch|p1a: Glimmora\n|-activate|p1a: Glimmora|move: Protect\n|-damage|p2a: Palafin|83\/100 tox|[from] Spiky Shield|[of] p1a: Glimmora\n|\n|-damage|p2a: Palafin|71\/100 tox|[from] psn\n|upkeep\n|turn|10\n|\n|t:|1682271446\n|move|p1b: Dragonite|Extreme Speed|p2a: Palafin\n|-damage|p2a: Palafin|46\/100 tox\n|move|p2a: Palafin|Jet Punch|p1a: Glimmora\n|-supereffective|p1a: Glimmora\n|-crit|p1a: Glimmora\n|-damage|p1a: Glimmora|0 fnt\n|-activate|p1a: Glimmora|ability: Toxic Debris\n|-sidestart|p2: Nick Halen|move: Toxic Spikes\n|faint|p1a: Glimmora\n|\n|-damage|p2a: Palafin|29\/100 tox|[from] psn\n|upkeep\n|turn|11\n|\n|t:|1682271460\n|move|p1b: Dragonite|Protect|p1b: Dragonite\n|-singleturn|p1b: Dragonite|Protect\n|move|p2a: Palafin|Wave Crash|p1b: Dragonite\n|-activate|p1b: Dragonite|move: Protect\n|\n|-damage|p2a: Palafin|5\/100 tox|[from] psn\n|upkeep\n|turn|12\n|\n|t:|1682271469\n|move|p1b: Dragonite|Extreme Speed|p2a: Palafin\n|-damage|p2a: Palafin|0 fnt\n|faint|p2a: Palafin\n|\n|win|Kirovz\n|raw|Kirovz's rating: 1151 → 1174<\/strong> (+23 for winning)\n|raw|Nick Halen's rating: 1118 → 1095<\/strong> (-23 for losing)\n","uploadtime":1682271473,"views":3,"p1id":"kirovz","p2id":"nickhalen","formatid":"gen9vgc2023regulationc","rating":1095,"private":0,"password":""}