{"id":"gen9vgc2023regulationc-1862096471","p1":"Volixo","p2":"IeroTenparansu","format":"[Gen 9] VGC 2023 Regulation C","log":"|j|\u2606Volixo\n|j|\u2606IeroTenparansu\n|t:|1683836578\n|gametype|doubles\n|player|p1|Volixo|n|1235\n|player|p2|IeroTenparansu|madame-gen4dp|1304\n|teamsize|p1|6\n|teamsize|p2|6\n|gen|9\n|tier|[Gen 9] VGC 2023 Regulation C\n|rated|\n|rule|Species Clause: Limit one of each Pok\u00e9mon\n|rule|Item Clause: Limit one of each item\n|clearpoke\n|poke|p1|Ceruledge, L50, F|\n|poke|p1|Iron Valiant, L50|\n|poke|p1|Kingambit, L50, M|\n|poke|p1|Gholdengo, L50|\n|poke|p1|Murkrow, L50, F|\n|poke|p1|Iron Bundle, L50|\n|poke|p2|Dondozo, L50, M|\n|poke|p2|Tatsugiri, L50, F|\n|poke|p2|Chi-Yu, L50|\n|poke|p2|Iron Bundle, L50|\n|poke|p2|Flutter Mane, L50|\n|poke|p2|Glimmora, L50, M|\n|teampreview|4\n|inactive|Battle timer is ON: inactive players will automatically lose when time's up. (requested by Volixo)\n|inactive|IeroTenparansu has 60 seconds left.\n|inactive|IeroTenparansu has 30 seconds left.\n|inactive|IeroTenparansu has 20 seconds left.\n|inactive|IeroTenparansu has 15 seconds left.\n|\n|t:|1683836667\n|start\n|switch|p1a: Ceruledge|Ceruledge, L50, F|100\/100\n|switch|p1b: Iron Valiant|Iron Valiant, L50|100\/100\n|switch|p2a: Chi-Yu|Chi-Yu, L50|100\/100\n|switch|p2b: Glimmora|Glimmora, L50, M, shiny|100\/100\n|-ability|p2a: Chi-Yu|Beads of Ruin\n|turn|1\n|\n|t:|1683836682\n|move|p1b: Iron Valiant|Shadow Sneak|p1a: Ceruledge\n|-supereffective|p1a: Ceruledge\n|-damage|p1a: Ceruledge|71\/100\n|-ability|p1a: Ceruledge|Weak Armor|boost\n|-unboost|p1a: Ceruledge|def|1\n|-boost|p1a: Ceruledge|spe|2\n|-enditem|p1a: Ceruledge|Weakness Policy\n|-boost|p1a: Ceruledge|atk|2|[from] item: Weakness Policy\n|-boost|p1a: Ceruledge|spa|2|[from] item: Weakness Policy\n|move|p1a: Ceruledge|Close Combat|p2a: Chi-Yu\n|-supereffective|p2a: Chi-Yu\n|-enditem|p2a: Chi-Yu|Focus Sash\n|-damage|p2a: Chi-Yu|1\/100\n|-unboost|p1a: Ceruledge|def|1\n|-unboost|p1a: Ceruledge|spd|1\n|move|p2a: Chi-Yu|Dark Pulse|p1a: Ceruledge\n|-supereffective|p1a: Ceruledge\n|-crit|p1a: Ceruledge\n|-damage|p1a: Ceruledge|0 fnt\n|faint|p1a: Ceruledge\n|move|p2b: Glimmora|Mortal Spin|p1b: Iron Valiant\n|-supereffective|p1b: Iron Valiant\n|-damage|p1b: Iron Valiant|80\/100\n|-status|p1b: Iron Valiant|psn\n|\n|-heal|p1b: Iron Valiant|86\/100 psn|[from] item: Leftovers\n|-damage|p1b: Iron Valiant|74\/100 psn|[from] psn\n|upkeep\n|\n|t:|1683836690\n|switch|p1a: Iron Bundle|Iron Bundle, L50|100\/100\n|-enditem|p1a: Iron Bundle|Booster Energy\n|-activate|p1a: Iron Bundle|ability: Quark Drive|[fromitem]\n|-start|p1a: Iron Bundle|quarkdrivespe\n|turn|2\n|inactive|IeroTenparansu has 30 seconds left.\n|\n|t:|1683836717\n|-terastallize|p1a: Iron Bundle|Water\n|move|p2a: Chi-Yu|Protect|p2a: Chi-Yu\n|-singleturn|p2a: Chi-Yu|Protect\n|move|p1b: Iron Valiant|Shadow Sneak|p2a: Chi-Yu\n|-activate|p2a: Chi-Yu|move: Protect\n|move|p1a: Iron Bundle|Hydro Pump|p2b: Glimmora|[miss]\n|-miss|p1a: Iron Bundle|p2b: Glimmora\n|move|p2b: Glimmora|Power Gem|p1a: Iron Bundle\n|-damage|p1a: Iron Bundle|15\/100\n|\n|-heal|p1b: Iron Valiant|80\/100 psn|[from] item: Leftovers\n|-damage|p1b: Iron Valiant|68\/100 psn|[from] psn\n|upkeep\n|turn|3\n|\n|t:|1683836735\n|switch|p2a: Dondozo|Dondozo, L50, M|100\/100\n|switch|p2b: Tatsugiri|Tatsugiri, L50, F|100\/100\n|-activate|p2b: Tatsugiri|ability: Commander|[of] p2a: Dondozo\n|-boost|p2a: Dondozo|atk|2\n|-boost|p2a: Dondozo|spa|2\n|-boost|p2a: Dondozo|spe|2\n|-boost|p2a: Dondozo|def|2\n|-boost|p2a: Dondozo|spd|2\n|move|p1b: Iron Valiant|Shadow Sneak|p2a: Dondozo\n|-damage|p2a: Dondozo|97\/100\n|move|p1a: Iron Bundle|Hydro Pump|p2b: Tatsugiri|[miss]\n|-miss|p1a: Iron Bundle|p2b: Tatsugiri\n|\n|-heal|p1b: Iron Valiant|74\/100 psn|[from] item: Leftovers\n|-heal|p2a: Dondozo|100\/100|[from] item: Leftovers\n|-damage|p1b: Iron Valiant|62\/100 psn|[from] psn\n|upkeep\n|turn|4\n|\n|t:|1683836759\n|-end|p1b: Iron Valiant|Quark Drive|[silent]\n|switch|p1b: Murkrow|Murkrow, L50, F|100\/100\n|-terastallize|p2a: Dondozo|Grass\n|move|p1a: Iron Bundle|Protect|p1a: Iron Bundle\n|-singleturn|p1a: Iron Bundle|Protect\n|move|p2a: Dondozo|Earthquake|p1a: Iron Bundle|[spread] \n|-miss|p2a: Dondozo|p2b: Tatsugiri\n|-activate|p1a: Iron Bundle|move: Protect\n|-immune|p1b: Murkrow\n|\n|upkeep\n|turn|5\n|\n|t:|1683836769\n|move|p1b: Murkrow|Haze|p1b: Murkrow\n|-clearallboost\n|move|p1a: Iron Bundle|Freeze-Dry|p2a: Dondozo\n|-supereffective|p2a: Dondozo\n|-damage|p2a: Dondozo|33\/100\n|move|p2a: Dondozo|Earthquake|p1b: Murkrow|[spread] p1a\n|-miss|p2a: Dondozo|p2b: Tatsugiri\n|-immune|p1b: Murkrow\n|-damage|p1a: Iron Bundle|0 fnt\n|faint|p1a: Iron Bundle\n|-end|p1a: Iron Bundle|Quark Drive|[silent]\n|\n|-heal|p2a: Dondozo|39\/100|[from] item: Leftovers\n|upkeep\n|\n|t:|1683836774\n|switch|p1a: Iron Valiant|Iron Valiant, L50|62\/100 psn\n|turn|6\n|\n|t:|1683836786\n|move|p2a: Dondozo|Protect|p2a: Dondozo\n|-singleturn|p2a: Dondozo|Protect\n|move|p1a: Iron Valiant|Thunder Wave|p2a: Dondozo\n|-activate|p2a: Dondozo|move: Protect\n|move|p1b: Murkrow|Brave Bird|p2a: Dondozo\n|-activate|p2a: Dondozo|move: Protect\n|\n|-heal|p1a: Iron Valiant|68\/100 psn|[from] item: Leftovers\n|-heal|p2a: Dondozo|46\/100|[from] item: Leftovers\n|-damage|p1a: Iron Valiant|56\/100 psn|[from] psn\n|upkeep\n|turn|7\n|\n|t:|1683836804\n|move|p1a: Iron Valiant|Moonblast|p2a: Dondozo\n|-damage|p2a: Dondozo|10\/100\n|move|p1b: Murkrow|Brave Bird|p2a: Dondozo\n|-supereffective|p2a: Dondozo\n|-damage|p2a: Dondozo|0 fnt\n|faint|p2a: Dondozo\n|-damage|p1b: Murkrow|95\/100|[from] Recoil\n|\n|-heal|p1a: Iron Valiant|62\/100 psn|[from] item: Leftovers\n|-damage|p1a: Iron Valiant|50\/100 psn|[from] psn\n|upkeep\n|\n|t:|1683836816\n|switch|p2a: Glimmora|Glimmora, L50, M, shiny|100\/100\n|turn|8\n|\n|t:|1683836830\n|move|p1b: Murkrow|Tailwind|p1b: Murkrow\n|-sidestart|p1: Volixo|move: Tailwind\n|move|p1a: Iron Valiant|Moonblast|p2b: Tatsugiri\n|-supereffective|p2b: Tatsugiri\n|-damage|p2b: Tatsugiri|0 fnt\n|faint|p2b: Tatsugiri\n|move|p2a: Glimmora|Power Gem|p1b: Murkrow\n|-supereffective|p1b: Murkrow\n|-damage|p1b: Murkrow|23\/100\n|\n|-heal|p1a: Iron Valiant|56\/100 psn|[from] item: Leftovers\n|-damage|p1a: Iron Valiant|44\/100 psn|[from] psn\n|upkeep\n|-message|Volixo forfeited.\n|\n|win|IeroTenparansu\n|raw|Volixo's rating: 1204 → 1186<\/strong> (-18 for losing)\n|raw|IeroTenparansu's rating: 1304 → 1318<\/strong> (+14 for winning)\n|l|\u2606Volixo\n","uploadtime":1683836845,"views":18,"p1id":"volixo","p2id":"ierotenparansu","formatid":"gen9vgc2023regulationc","rating":1186,"private":0,"password":""}