{"id":"gen9vgc2023regulationc-1860908241","p1":"WOLFIELIL","p2":"JaiFain","format":"[Gen 9] VGC 2023 Regulation C","log":"|j|\u2606WOLFIELIL\n|j|\u2606JaiFain\n|t:|1683694005\n|gametype|doubles\n|player|p1|WOLFIELIL|brycenman|1430\n|player|p2|JaiFain|camper|1517\n|teamsize|p1|6\n|teamsize|p2|6\n|gen|9\n|tier|[Gen 9] VGC 2023 Regulation C\n|rated|\n|rule|Species Clause: Limit one of each Pok\u00e9mon\n|rule|Item Clause: Limit one of each item\n|clearpoke\n|poke|p1|Iron Hands, L50|\n|poke|p1|Amoonguss, L50, M|\n|poke|p1|Gyarados, L50, M|\n|poke|p1|Flutter Mane, L50|\n|poke|p1|Chi-Yu, L50|\n|poke|p1|Roaring Moon, L50|\n|poke|p2|Amoonguss, L50, F|\n|poke|p2|Pawmot, L50, F|\n|poke|p2|Gholdengo, L50|\n|poke|p2|Ting-Lu, L50|\n|poke|p2|Great Tusk, L50|\n|poke|p2|Grimmsnarl, L50, M|\n|teampreview|4\n|\n|t:|1683694027\n|start\n|switch|p1a: Roaring Moon|Roaring Moon, L50|100\/100\n|switch|p1b: Amoonguss|Amoonguss, L50, M|100\/100\n|switch|p2a: Ting-Lu|Ting-Lu, L50|100\/100\n|switch|p2b: Grimmsnarl|Grimmsnarl, L50, M|100\/100\n|-ability|p2a: Ting-Lu|Vessel of Ruin\n|-enditem|p1a: Roaring Moon|Booster Energy\n|-activate|p1a: Roaring Moon|ability: Protosynthesis|[fromitem]\n|-start|p1a: Roaring Moon|protosynthesisatk\n|turn|1\n|\n|t:|1683694045\n|move|p2b: Grimmsnarl|Reflect|p2b: Grimmsnarl\n|-sidestart|p2: JaiFain|Reflect\n|move|p1a: Roaring Moon|Dragon Dance|p1a: Roaring Moon\n|-boost|p1a: Roaring Moon|atk|1\n|-boost|p1a: Roaring Moon|spe|1\n|move|p2a: Ting-Lu|Body Press|p1a: Roaring Moon\n|-supereffective|p1a: Roaring Moon\n|-damage|p1a: Roaring Moon|35\/100\n|move|p1b: Amoonguss|Spore|p2b: Grimmsnarl\n|-status|p2b: Grimmsnarl|slp|[from] move: Spore\n|\n|upkeep\n|turn|2\n|\n|t:|1683694062\n|-terastallize|p1a: Roaring Moon|Flying\n|cant|p2b: Grimmsnarl|slp\n|move|p1a: Roaring Moon|Acrobatics|p2a: Ting-Lu\n|-damage|p2a: Ting-Lu|64\/100\n|move|p2a: Ting-Lu|Body Press|p1a: Roaring Moon\n|-resisted|p1a: Roaring Moon\n|-damage|p1a: Roaring Moon|18\/100\n|move|p1b: Amoonguss|Pollen Puff|p1a: Roaring Moon\n|-heal|p1a: Roaring Moon|68\/100\n|\n|upkeep\n|turn|3\n|\n|t:|1683694074\n|move|p1a: Roaring Moon|Acrobatics|p2b: Grimmsnarl\n|-damage|p2b: Grimmsnarl|20\/100 slp\n|-curestatus|p2b: Grimmsnarl|slp|[msg]\n|move|p2b: Grimmsnarl|Spirit Break|p1a: Roaring Moon\n|-damage|p1a: Roaring Moon|37\/100\n|-unboost|p1a: Roaring Moon|spa|1\n|move|p2a: Ting-Lu|Stomping Tantrum|p1b: Amoonguss\n|-damage|p1b: Amoonguss|80\/100\n|move|p1b: Amoonguss|Pollen Puff|p1a: Roaring Moon\n|-heal|p1a: Roaring Moon|87\/100\n|\n|upkeep\n|turn|4\n|\n|t:|1683694090\n|move|p2b: Grimmsnarl|Thunder Wave|p1a: Roaring Moon\n|-status|p1a: Roaring Moon|par\n|move|p1a: Roaring Moon|Acrobatics|p2b: Grimmsnarl\n|-damage|p2b: Grimmsnarl|0 fnt\n|faint|p2b: Grimmsnarl\n|move|p2a: Ting-Lu|Stomping Tantrum|p1b: Amoonguss\n|-damage|p1b: Amoonguss|57\/100\n|move|p1b: Amoonguss|Spore|p2a: Ting-Lu\n|-status|p2a: Ting-Lu|slp|[from] move: Spore\n|\n|upkeep\n|\n|t:|1683694100\n|switch|p2b: *Wiwiu*|Amoonguss, L50, F|100\/100\n|turn|5\n|\n|t:|1683694110\n|-terastallize|p2b: *Wiwiu*|Water\n|move|p1a: Roaring Moon|Acrobatics|p2b: *Wiwiu*\n|-damage|p2b: *Wiwiu*|39\/100\n|cant|p2a: Ting-Lu|slp\n|move|p2b: *Wiwiu*|Clear Smog|p1a: Roaring Moon\n|-damage|p1a: Roaring Moon|75\/100 par\n|-clearboost|p1a: Roaring Moon\n|move|p1b: Amoonguss|Pollen Puff|p1a: Roaring Moon\n|-heal|p1a: Roaring Moon|100\/100 par\n|\n|-heal|p2b: *Wiwiu*|44\/100|[from] item: Leftovers\n|upkeep\n|turn|6\n|j| shine like a gem\n|\n|t:|1683694123\n|cant|p1a: Roaring Moon|par\n|cant|p2a: Ting-Lu|slp\n|move|p2b: *Wiwiu*|Pollen Puff|p2a: Ting-Lu\n|-heal|p2a: Ting-Lu|100\/100 slp\n|move|p1b: Amoonguss|Spore|p2b: *Wiwiu*\n|-status|p2b: *Wiwiu*|slp|[from] move: Spore\n|\n|-heal|p2b: *Wiwiu*|50\/100 slp|[from] item: Leftovers\n|upkeep\n|turn|7\n|\n|t:|1683694133\n|move|p1a: Roaring Moon|Dragon Dance|p1a: Roaring Moon\n|-boost|p1a: Roaring Moon|atk|1\n|-boost|p1a: Roaring Moon|spe|1\n|cant|p2a: Ting-Lu|slp\n|cant|p2b: *Wiwiu*|slp\n|move|p1b: Amoonguss|Spore|p2a: Ting-Lu\n|-fail|p2a: Ting-Lu|slp\n|\n|-heal|p2b: *Wiwiu*|56\/100 slp|[from] item: Leftovers\n|upkeep\n|turn|8\n|\n|t:|1683694143\n|cant|p1a: Roaring Moon|par\n|-curestatus|p2a: Ting-Lu|slp|[msg]\n|move|p2a: Ting-Lu|Stomping Tantrum|p1b: Amoonguss\n|-damage|p1b: Amoonguss|14\/100\n|-enditem|p1b: Amoonguss|Sitrus Berry|[eat]\n|-heal|p1b: Amoonguss|39\/100|[from] item: Sitrus Berry\n|cant|p2b: *Wiwiu*|slp\n|move|p1b: Amoonguss|Spore|p2a: Ting-Lu\n|-status|p2a: Ting-Lu|slp|[from] move: Spore\n|\n|-heal|p2b: *Wiwiu*|62\/100 slp|[from] item: Leftovers\n|-sideend|p2: JaiFain|Reflect\n|upkeep\n|turn|9\n|\n|t:|1683694151\n|switch|p1b: Gyarados|Gyarados, L50, M|100\/100\n|-ability|p1b: Gyarados|Intimidate|boost\n|-unboost|p2a: Ting-Lu|atk|1\n|-unboost|p2b: *Wiwiu*|atk|1\n|move|p1a: Roaring Moon|Dragon Dance|p1a: Roaring Moon\n|-boost|p1a: Roaring Moon|atk|1\n|-boost|p1a: Roaring Moon|spe|1\n|cant|p2a: Ting-Lu|slp\n|cant|p2b: *Wiwiu*|slp\n|\n|-heal|p2b: *Wiwiu*|68\/100 slp|[from] item: Leftovers\n|upkeep\n|turn|10\n|\n|t:|1683694167\n|switch|p2a: Pawmot|Pawmot, L50, F|100\/100\n|-curestatus|p2b: *Wiwiu*|slp|[msg]\n|move|p2b: *Wiwiu*|Rage Powder|p2b: *Wiwiu*\n|-singleturn|p2b: *Wiwiu*|move: Rage Powder\n|move|p1a: Roaring Moon|Acrobatics|p2b: *Wiwiu*\n|-damage|p2b: *Wiwiu*|0 fnt\n|faint|p2b: *Wiwiu*\n|move|p1b: Gyarados|Waterfall|p2a: Pawmot\n|-damage|p2a: Pawmot|49\/100\n|\n|upkeep\n|\n|t:|1683694169\n|switch|p2b: Ting-Lu|Ting-Lu, L50|100\/100 slp\n|-ability|p2b: Ting-Lu|Vessel of Ruin\n|turn|11\n|\n|t:|1683694189\n|move|p2a: Pawmot|Double Shock|p1a: Roaring Moon\n|-supereffective|p1a: Roaring Moon\n|-damage|p1a: Roaring Moon|0 fnt\n|-start|p2a: Pawmot|typechange|???\/Fighting|[from] move: Double Shock\n|faint|p1a: Roaring Moon\n|-end|p1a: Roaring Moon|Protosynthesis|[silent]\n|move|p1b: Gyarados|Waterfall|p2a: Pawmot\n|-damage|p2a: Pawmot|0 fnt\n|faint|p2a: Pawmot\n|-curestatus|p2b: Ting-Lu|slp|[msg]\n|move|p2b: Ting-Lu|Stomping Tantrum|p1b: Gyarados\n|-immune|p1b: Gyarados\n|\n|upkeep\n|\n|t:|1683694192\n|switch|p1a: Iron Hands|Iron Hands, L50|100\/100\n|turn|12\n|\n|t:|1683694196\n|move|p1a: Iron Hands|Fake Out|p2b: Ting-Lu\n|-damage|p2b: Ting-Lu|94\/100\n|move|p1b: Gyarados|Waterfall|p2b: Ting-Lu\n|-supereffective|p2b: Ting-Lu\n|-damage|p2b: Ting-Lu|66\/100\n|cant|p2b: Ting-Lu|flinch\n|\n|upkeep\n|turn|13\n|\n|t:|1683694204\n|move|p1b: Gyarados|Waterfall|p2b: Ting-Lu\n|-supereffective|p2b: Ting-Lu\n|-damage|p2b: Ting-Lu|36\/100\n|move|p1a: Iron Hands|Drain Punch|p2b: Ting-Lu\n|-supereffective|p2b: Ting-Lu\n|-damage|p2b: Ting-Lu|0 fnt\n|faint|p2b: Ting-Lu\n|\n|win|WOLFIELIL\n|raw|WOLFIELIL's rating: 1430 → 1455<\/strong> (+25 for winning)\n|raw|JaiFain's rating: 1517 → 1492<\/strong> (-25 for losing)\n|l|\u2606JaiFain\n|l|\u2606WOLFIELIL\n","uploadtime":1683694384,"views":13,"p1id":"wolfielil","p2id":"jaifain","formatid":"gen9vgc2023regulationc","rating":1455,"private":0,"password":""}