{"id":"gen9vgc2023regulationc-1855192299","p1":"leafyarrow","p2":"seung2742","format":"[Gen 9] VGC 2023 Regulation C","log":"|j|\u2606leafyarrow\n|j|\u2606seung2742\n|t:|1682913004\n|gametype|doubles\n|player|p1|leafyarrow|leaf-gen3|1326\n|player|p2|seung2742|102|1347\n|teamsize|p1|6\n|teamsize|p2|6\n|gen|9\n|tier|[Gen 9] VGC 2023 Regulation C\n|rated|\n|rule|Species Clause: Limit one of each Pok\u00e9mon\n|rule|Item Clause: Limit one of each item\n|clearpoke\n|poke|p1|Flutter Mane, L50|\n|poke|p1|Palafin, L50, M|\n|poke|p1|Amoonguss, L50, M|\n|poke|p1|Ting-Lu, L50|\n|poke|p1|Arcanine, L50, M|\n|poke|p1|Kingambit, L50, F|\n|poke|p2|Bronzong, L50|\n|poke|p2|Palafin, L50, F|\n|poke|p2|Garchomp, L50, M|\n|poke|p2|Chi-Yu, L50|\n|poke|p2|Wo-Chien, L50|\n|poke|p2|Flutter Mane, L50|\n|teampreview|4\n|inactive|Battle timer is ON: inactive players will automatically lose when time's up. (requested by seung2742)\nleafyarrow has agreed to open team sheets.\n|inactive|leafyarrow has 60 seconds left.\n|\n|t:|1682913046\n|start\n|switch|p1a: Palafin|Palafin, L50, M|100\/100\n|switch|p1b: Amoonguss|Amoonguss, L50, M|100\/100\n|switch|p2a: Palafin|Palafin, L50, F|100\/100\n|switch|p2b: Flutter Mane|Flutter Mane, L50|100\/100\n|turn|1\n|\n|t:|1682913068\n|detailschange|p2a: Palafin|Palafin-Hero, L50, F\n|switch|p2a: Wo-Chien|Wo-Chien, L50|100\/100\n|-ability|p2a: Wo-Chien|Tablets of Ruin\n|move|p1a: Palafin|Protect|p1a: Palafin\n|-singleturn|p1a: Palafin|Protect\n|move|p2b: Flutter Mane|Shadow Ball|p1b: Amoonguss\n|-damage|p1b: Amoonguss|66\/100\n|move|p1b: Amoonguss|Spore|p2b: Flutter Mane\n|-status|p2b: Flutter Mane|slp|[from] move: Spore\n|\n|upkeep\n|turn|2\n|\n|t:|1682913086\n|detailschange|p1a: Palafin|Palafin-Hero, L50, M\n|switch|p1a: Kingambit|Kingambit, L50, F|100\/100\n|cant|p2b: Flutter Mane|slp\n|move|p2a: Wo-Chien|Leech Seed|p1a: Kingambit\n|-start|p1a: Kingambit|move: Leech Seed\n|move|p1b: Amoonguss|Pollen Puff|p2a: Wo-Chien\n|-supereffective|p2a: Wo-Chien\n|-damage|p2a: Wo-Chien|57\/100\n|\n|-damage|p1a: Kingambit|88\/100|[from] Leech Seed|[of] p2a: Wo-Chien\n|-heal|p2a: Wo-Chien|70\/100|[silent]\n|upkeep\n|turn|3\n|inactive|seung2742 has 30 seconds left.\n|\n|t:|1682913113\n|cant|p2b: Flutter Mane|slp\n|move|p2a: Wo-Chien|Ruination|p1a: Kingambit\n|-damage|p1a: Kingambit|44\/100\n|move|p1a: Kingambit|Iron Head|p2b: Flutter Mane\n|-supereffective|p2b: Flutter Mane\n|-enditem|p2b: Flutter Mane|Focus Sash\n|-damage|p2b: Flutter Mane|1\/100 slp\n|move|p1b: Amoonguss|Pollen Puff|p2a: Wo-Chien\n|-supereffective|p2a: Wo-Chien\n|-damage|p2a: Wo-Chien|24\/100\n|-enditem|p2a: Wo-Chien|Aguav Berry|[eat]\n|-heal|p2a: Wo-Chien|57\/100|[from] item: Aguav Berry\n|\n|-damage|p1a: Kingambit|32\/100|[from] Leech Seed|[of] p2a: Wo-Chien\n|-heal|p2a: Wo-Chien|70\/100|[silent]\n|upkeep\n|turn|4\n|\n|t:|1682913132\n|cant|p2b: Flutter Mane|slp\n|move|p1a: Kingambit|Sucker Punch||[still]\n|-fail|p1a: Kingambit\n|move|p2a: Wo-Chien|Ruination|p1b: Amoonguss|[miss]\n|-miss|p2a: Wo-Chien|p1b: Amoonguss\n|move|p1b: Amoonguss|Pollen Puff|p1a: Kingambit\n|-heal|p1a: Kingambit|82\/100\n|\n|-damage|p1a: Kingambit|70\/100|[from] Leech Seed|[of] p2a: Wo-Chien\n|-heal|p2a: Wo-Chien|83\/100|[silent]\n|upkeep\n|turn|5\n|\n|t:|1682913149\n|-end|p2b: Flutter Mane|Protosynthesis|[silent]\n|switch|p2b: Palafin|Palafin-Hero, L50, F|100\/100\n|-activate|p2b: Palafin|ability: Zero to Hero\n|switch|p1a: Arcanine|Arcanine, L50, M|100\/100\n|-ability|p1a: Arcanine|Intimidate|boost\n|-unboost|p2a: Wo-Chien|atk|1\n|-unboost|p2b: Palafin|atk|1\n|move|p2a: Wo-Chien|Ruination|p1b: Amoonguss\n|-damage|p1b: Amoonguss|33\/100\n|-enditem|p1b: Amoonguss|Sitrus Berry|[eat]\n|-heal|p1b: Amoonguss|58\/100|[from] item: Sitrus Berry\n|move|p1b: Amoonguss|Pollen Puff|p2b: Palafin\n|-damage|p2b: Palafin|82\/100\n|\n|upkeep\n|turn|6\n|inactive|leafyarrow has 30 seconds left.\n|\n|t:|1682913176\n|-terastallize|p1a: Arcanine|Grass\n|-terastallize|p2b: Palafin|Water\n|move|p1b: Amoonguss|Protect|p1b: Amoonguss\n|-singleturn|p1b: Amoonguss|Protect\n|move|p1a: Arcanine|Will-O-Wisp|p2b: Palafin\n|-status|p2b: Palafin|brn\n|move|p2b: Palafin|Wave Crash|p1a: Arcanine\n|-resisted|p1a: Arcanine\n|-damage|p1a: Arcanine|86\/100\n|-damage|p2b: Palafin|77\/100 brn|[from] Recoil\n|move|p2a: Wo-Chien|Leech Seed|p1a: Arcanine\n|-immune|p1a: Arcanine\n|\n|-damage|p2b: Palafin|71\/100 brn|[from] brn\n|upkeep\n|turn|7\n|-message|seung2742 forfeited.\n|\n|win|leafyarrow\n|raw|leafyarrow's rating: 1326 → 1347<\/strong> (+21 for winning)\n|raw|seung2742's rating: 1347 → 1326<\/strong> (-21 for losing)\n|l|\u2606seung2742\n","uploadtime":1682913200,"views":17,"p1id":"leafyarrow","p2id":"seung2742","formatid":"gen9vgc2023regulationc","rating":1326,"private":0,"password":""}