{"id":"gen9vgc2023regulationc-1850399736","p1":"yollaxi","p2":"Ahsakurahh","format":"[Gen 9] VGC 2023 Regulation C","log":"|j|\u2606yollaxi\n|j|\u2606Ahsakurahh\n|t:|1682331105\n|gametype|doubles\n|player|p1|yollaxi|li|1017\n|player|p2|Ahsakurahh|1|1051\n|teamsize|p1|4\n|teamsize|p2|6\n|gen|9\n|tier|[Gen 9] VGC 2023 Regulation C\n|rated|\n|rule|Species Clause: Limit one of each Pok\u00e9mon\n|rule|Item Clause: Limit one of each item\n|clearpoke\n|poke|p1|Corviknight, L50, M|\n|poke|p1|Bronzong, L50|\n|poke|p1|Copperajah, L50, M|\n|poke|p1|Tinkaton, L50, F|\n|poke|p2|Kingambit, L50, M|\n|poke|p2|Armarouge, L50, F|\n|poke|p2|Flamigo, L50, F|\n|poke|p2|Indeedee-F, L50, F|\n|poke|p2|Maushold-Four, L50|\n|poke|p2|Glalie, L50, M|\n|teampreview|4\n|inactive|Battle timer is ON: inactive players will automatically lose when time's up. (requested by yollaxi)\n|\n|t:|1682331115\n|start\n|switch|p1a: Corviknight|Corviknight, L50, M|100\/100\n|switch|p1b: Tinkaton|Tinkaton, L50, F|100\/100\n|switch|p2a: Glalie|Glalie, L50, M, shiny|100\/100\n|switch|p2b: Maushold|Maushold-Four, L50, shiny|100\/100\n|turn|1\n|\n|t:|1682331134\n|move|p2b: Maushold|Follow Me|p2b: Maushold\n|-singleturn|p2b: Maushold|move: Follow Me\n|move|p1b: Tinkaton|Gigaton Hammer|p2b: Maushold\n|-damage|p2b: Maushold|17\/100\n|move|p2a: Glalie|Substitute|p2a: Glalie\n|-start|p2a: Glalie|Substitute\n|-damage|p2a: Glalie|76\/100\n|move|p1a: Corviknight|Bulk Up|p1a: Corviknight\n|-boost|p1a: Corviknight|atk|1\n|-boost|p1a: Corviknight|def|1\n|\n|-heal|p2a: Glalie|82\/100|[from] item: Leftovers\n|-ability|p2a: Glalie|Moody|boost\n|-boost|p2a: Glalie|def|2\n|-unboost|p2a: Glalie|spa|1\n|upkeep\n|turn|2\n|\n|t:|1682331155\n|move|p2b: Maushold|Encore|p1a: Corviknight\n|-start|p1a: Corviknight|Encore\n|move|p1b: Tinkaton|Ice Hammer|p2b: Maushold\n|-damage|p2b: Maushold|0 fnt\n|-unboost|p1b: Tinkaton|spe|1\n|faint|p2b: Maushold\n|move|p2a: Glalie|Double Team|p2a: Glalie\n|-boost|p2a: Glalie|evasion|1\n|move|p1a: Corviknight|Bulk Up|p1a: Corviknight\n|-boost|p1a: Corviknight|atk|1\n|-boost|p1a: Corviknight|def|1\n|\n|-heal|p2a: Glalie|88\/100|[from] item: Leftovers\n|-ability|p2a: Glalie|Moody|boost\n|-boost|p2a: Glalie|spa|2\n|-unboost|p2a: Glalie|def|1\n|upkeep\n|\n|t:|1682331173\n|switch|p2b: Kingambit|Kingambit, L50, M, shiny|100\/100\n|turn|3\n|\n|t:|1682331181\n|move|p2b: Kingambit|Protect|p2b: Kingambit\n|-singleturn|p2b: Kingambit|Protect\n|move|p2a: Glalie|Double Team|p2a: Glalie\n|-boost|p2a: Glalie|evasion|1\n|move|p1b: Tinkaton|Bulldoze|p2a: Glalie|[spread] p2a\n|-activate|p2b: Kingambit|move: Protect\n|-immune|p1a: Corviknight\n|-activate|p2a: Glalie|move: Substitute|[damage]\n|move|p1a: Corviknight|Bulk Up|p1a: Corviknight\n|-boost|p1a: Corviknight|atk|1\n|-boost|p1a: Corviknight|def|1\n|\n|-heal|p2a: Glalie|94\/100|[from] item: Leftovers\n|-ability|p2a: Glalie|Moody|boost\n|-boost|p2a: Glalie|atk|2\n|-unboost|p2a: Glalie|def|1\n|upkeep\n|turn|4\n|\n|t:|1682331206\n|move|p2a: Glalie|Double Team|p2a: Glalie\n|-boost|p2a: Glalie|evasion|1\n|move|p1b: Tinkaton|Bulldoze|p2a: Glalie|[spread] p2a,p2b\n|-immune|p1a: Corviknight\n|-activate|p2a: Glalie|move: Substitute|[damage]\n|-supereffective|p2b: Kingambit\n|-damage|p2b: Kingambit|81\/100\n|-unboost|p2b: Kingambit|spe|1\n|-ability|p2b: Kingambit|Defiant|boost\n|-boost|p2b: Kingambit|atk|2\n|move|p1a: Corviknight|Bulk Up|p1a: Corviknight\n|-boost|p1a: Corviknight|atk|1\n|-boost|p1a: Corviknight|def|1\n|move|p2b: Kingambit|Iron Head|p1b: Tinkaton\n|-damage|p1b: Tinkaton|0 fnt\n|faint|p1b: Tinkaton\n|\n|-heal|p2a: Glalie|99\/100|[from] item: Leftovers\n|-end|p1a: Corviknight|Encore\n|-ability|p2a: Glalie|Moody|boost\n|-boost|p2a: Glalie|spa|2\n|-unboost|p2a: Glalie|def|1\n|upkeep\n|\n|t:|1682331211\n|switch|p1b: Bronzong|Bronzong, L50|100\/100\n|turn|5\n|inactive|Ahsakurahh has 30 seconds left.\n|\n|t:|1682331242\n|move|p2a: Glalie|Frost Breath|p1a: Corviknight\n|-crit|p1a: Corviknight\n|-damage|p1a: Corviknight|30\/100\n|-enditem|p1a: Corviknight|Red Card|[of] p2a: Glalie\n|drag|p2a: Flamigo|Flamigo, L50, F, shiny|100\/100\n|-copyboost|p2a: Flamigo|p2b: Kingambit|[from] ability: Costar\n|-enditem|p2a: Flamigo|White Herb\n|-clearnegativeboost|p2a: Flamigo|[silent]\n|move|p1a: Corviknight|Body Press|p2b: Kingambit\n|-supereffective|p2b: Kingambit\n|-enditem|p2b: Kingambit|Chople Berry|[eat]\n|-enditem|p2b: Kingambit|Chople Berry|[weaken]\n|-damage|p2b: Kingambit|0 fnt\n|faint|p2b: Kingambit\n|move|p1b: Bronzong|Trick Room|p1b: Bronzong\n|-fieldstart|move: Trick Room|[of] p1b: Bronzong\n|\n|upkeep\n|\n|t:|1682331257\n|switch|p2b: Glalie|Glalie, L50, M, shiny|99\/100\n|turn|6\n|\n|t:|1682331274\n|-terastallize|p2a: Flamigo|Flying\n|move|p1b: Bronzong|Psychic|p2a: Flamigo\n|-damage|p2a: Flamigo|46\/100\n|move|p1a: Corviknight|Body Press|p2b: Glalie\n|-supereffective|p2b: Glalie\n|-damage|p2b: Glalie|0 fnt\n|faint|p2b: Glalie\n|move|p2a: Flamigo|Acrobatics|p1b: Bronzong\n|-resisted|p1b: Bronzong\n|-damage|p1b: Bronzong|34\/100\n|\n|-heal|p1b: Bronzong|40\/100|[from] item: Leftovers\n|upkeep\n|turn|7\n|\n|t:|1682331292\n|move|p1b: Bronzong|Psychic|p2a: Flamigo\n|-damage|p2a: Flamigo|0 fnt\n|faint|p2a: Flamigo\n|\n|win|yollaxi\n|raw|yollaxi's rating: 1017 → 1058<\/strong> (+41 for winning)\n|raw|Ahsakurahh's rating: 1051 → 1032<\/strong> (-19 for losing)\n","uploadtime":1682331296,"views":24,"p1id":"yollaxi","p2id":"ahsakurahh","formatid":"gen9vgc2023regulationc","rating":1032,"private":0,"password":""}