{"id":"gen9vgc2023regulationc-1857390809","p1":"JOAN0107","p2":"marioman6444","format":"[Gen 9] VGC 2023 Regulation C","log":"|j|\u2606JOAN0107\n|j|\u2606marioman6444\n|t:|1683185327\n|gametype|doubles\n|player|p1|JOAN0107|alder|1172\n|player|p2|marioman6444|hoopster|1189\n|teamsize|p1|6\n|teamsize|p2|6\n|gen|9\n|tier|[Gen 9] VGC 2023 Regulation C\n|rated|\n|rule|Species Clause: Limit one of each Pok\u00e9mon\n|rule|Item Clause: Limit one of each item\n|clearpoke\n|poke|p1|Chi-Yu, L50|\n|poke|p1|Gyarados, L50, M|\n|poke|p1|Flutter Mane, L50|\n|poke|p1|Amoonguss, L50, F|\n|poke|p1|Garchomp, L50, M|\n|poke|p1|Raichu, L50, M|\n|poke|p2|Chi-Yu, L50|\n|poke|p2|Annihilape, L50, F|\n|poke|p2|Flutter Mane, L50|\n|poke|p2|Iron Bundle, L50|\n|poke|p2|Murkrow, L50, F|\n|poke|p2|Great Tusk, L50|\n|teampreview|4\n|inactive|Battle timer is ON: inactive players will automatically lose when time's up. (requested by marioman6444)\n|inactive|JOAN0107 has 60 seconds left.\n|inactive|marioman6444 has 60 seconds left.\nJOAN0107 rejected open team sheets.\n|inactive|marioman6444 has 30 seconds left.\n|\n|t:|1683185397\n|start\n|switch|p1a: Raichu|Raichu, L50, M|100\/100\n|switch|p1b: Gyarados|Gyarados, L50, M|100\/100\n|switch|p2a: Iron Bundle|Iron Bundle, L50|100\/100\n|switch|p2b: Annihilape|Annihilape, L50, F|100\/100\n|-ability|p1b: Gyarados|Intimidate|boost\n|-unboost|p2a: Iron Bundle|atk|1\n|-unboost|p2b: Annihilape|atk|1\n|-ability|p2b: Annihilape|Defiant|boost\n|-boost|p2b: Annihilape|atk|2\n|-enditem|p2a: Iron Bundle|Booster Energy\n|-activate|p2a: Iron Bundle|ability: Quark Drive|[fromitem]\n|-start|p2a: Iron Bundle|quarkdrivespe\n|turn|1\n|inactive|JOAN0107 has 30 seconds left.\n|\n|t:|1683185422\n|move|p2a: Iron Bundle|Protect|p2a: Iron Bundle\n|-singleturn|p2a: Iron Bundle|Protect\n|move|p1b: Gyarados|Protect|p1b: Gyarados\n|-singleturn|p1b: Gyarados|Protect\n|move|p1a: Raichu|Nuzzle|p2a: Iron Bundle\n|-activate|p2a: Iron Bundle|move: Protect\n|move|p2b: Annihilape|Bulk Up|p2b: Annihilape\n|-boost|p2b: Annihilape|atk|1\n|-boost|p2b: Annihilape|def|1\n|\n|upkeep\n|turn|2\n|inactive|JOAN0107 has 30 seconds left.\n|inactive|marioman6444 has 30 seconds left.\n|\n|t:|1683185452\n|switch|p1b: Flutter Mane|Flutter Mane, L50|100\/100\n|-enditem|p1b: Flutter Mane|Booster Energy\n|-activate|p1b: Flutter Mane|ability: Protosynthesis|[fromitem]\n|-start|p1b: Flutter Mane|protosynthesisspa\n|move|p2a: Iron Bundle|Encore||[still]\n|-fail|p2a: Iron Bundle\n|move|p1a: Raichu|Nuzzle|p2a: Iron Bundle\n|-supereffective|p2a: Iron Bundle\n|-damage|p2a: Iron Bundle|85\/100\n|-status|p2a: Iron Bundle|par\n|move|p2b: Annihilape|Drain Punch|p1a: Raichu\n|-enditem|p1a: Raichu|Focus Sash\n|-damage|p1a: Raichu|1\/100\n|\n|upkeep\n|turn|3\n|inactive|JOAN0107 has 30 seconds left.\n|inactive|marioman6444 has 30 seconds left.\n|inactive|JOAN0107 has 20 seconds left.\n|inactive|marioman6444 has 20 seconds left.\n|inactive|JOAN0107 has 15 seconds left.\n|\n|t:|1683185494\n|-terastallize|p1b: Flutter Mane|Fairy\n|-terastallize|p2b: Annihilape|Fire\n|move|p1b: Flutter Mane|Moonblast|p2b: Annihilape\n|-resisted|p2b: Annihilape\n|-damage|p2b: Annihilape|67\/100\n|-unboost|p2b: Annihilape|spa|1\n|-ability|p2b: Annihilape|Defiant|boost\n|-boost|p2b: Annihilape|atk|2\n|move|p1a: Raichu|Volt Switch|p2a: Iron Bundle\n|-supereffective|p2a: Iron Bundle\n|-damage|p2a: Iron Bundle|0 fnt\n|faint|p2a: Iron Bundle\n|-end|p2a: Iron Bundle|Quark Drive|[silent]\n|\n|t:|1683185507\n|switch|p1a: Amoonguss|Amoonguss, L50, F|100\/100|[from] Volt Switch\n|move|p2b: Annihilape|Rage Fist|p1b: Flutter Mane\n|-damage|p1b: Flutter Mane|0 fnt\n|faint|p1b: Flutter Mane\n|-end|p1b: Flutter Mane|Protosynthesis|[silent]\n|\n|-heal|p2b: Annihilape|73\/100|[from] item: Leftovers\n|upkeep\n|inactive|marioman6444 has 30 seconds left.\n|\n|t:|1683185532\n|switch|p2a: Chi-Yu|Chi-Yu, L50|100\/100\n|switch|p1b: Raichu|Raichu, L50, M|1\/100\n|-ability|p2a: Chi-Yu|Beads of Ruin\n|turn|4\n|inactive|JOAN0107 has 30 seconds left.\n|inactive|marioman6444 has 30 seconds left.\n|inactive|JOAN0107 has 20 seconds left.\n|\n|t:|1683185570\n|move|p1b: Raichu|Volt Switch|p2b: Annihilape\n|-damage|p2b: Annihilape|54\/100\n|\n|t:|1683185573\n|switch|p1b: Gyarados|Gyarados, L50, M|100\/100|[from] Volt Switch\n|-ability|p1b: Gyarados|Intimidate|boost\n|-unboost|p2a: Chi-Yu|atk|1\n|-unboost|p2b: Annihilape|atk|1\n|-ability|p2b: Annihilape|Defiant|boost\n|-boost|p2b: Annihilape|atk|2\n|move|p2a: Chi-Yu|Heat Wave|p1a: Amoonguss|[spread] p1a,p1b\n|-supereffective|p1a: Amoonguss\n|-resisted|p1b: Gyarados\n|-damage|p1a: Amoonguss|19\/100\n|-damage|p1b: Gyarados|76\/100\n|-enditem|p1a: Amoonguss|Sitrus Berry|[eat]\n|-heal|p1a: Amoonguss|44\/100|[from] item: Sitrus Berry\n|move|p2b: Annihilape|Rage Fist|p1a: Amoonguss\n|-damage|p1a: Amoonguss|0 fnt\n|faint|p1a: Amoonguss\n|\n|-heal|p2b: Annihilape|60\/100|[from] item: Leftovers\n|upkeep\n|\n|t:|1683185589\n|switch|p1a: Raichu|Raichu, L50, M|1\/100\n|turn|5\n|c|\u2606marioman6444|Ape escape\n|\n|t:|1683185609\n|move|p2b: Annihilape|Protect|p2b: Annihilape\n|-singleturn|p2b: Annihilape|Protect\n|move|p1a: Raichu|Nuzzle|p2b: Annihilape\n|-activate|p2b: Annihilape|move: Protect\n|move|p2a: Chi-Yu|Heat Wave|p1b: Gyarados|[spread] p1a,p1b\n|-resisted|p1b: Gyarados\n|-damage|p1a: Raichu|0 fnt\n|-damage|p1b: Gyarados|52\/100\n|faint|p1a: Raichu\n|move|p1b: Gyarados|Waterfall|p2a: Chi-Yu\n|-supereffective|p2a: Chi-Yu\n|-damage|p2a: Chi-Yu|10\/100\n|\n|-heal|p2b: Annihilape|66\/100|[from] item: Leftovers\n|upkeep\n|turn|6\n|\n|t:|1683185631\n|move|p2a: Chi-Yu|Dark Pulse|p1b: Gyarados\n|-damage|p1b: Gyarados|2\/100\n|move|p1b: Gyarados|Waterfall|p2b: Annihilape\n|-supereffective|p2b: Annihilape\n|-damage|p2b: Annihilape|12\/100\n|move|p2b: Annihilape|Drain Punch|p1b: Gyarados\n|-resisted|p1b: Gyarados\n|-damage|p1b: Gyarados|0 fnt\n|-heal|p2b: Annihilape|13\/100|[from] drain|[of] p1b: Gyarados\n|faint|p1b: Gyarados\n|\n|win|marioman6444\n|raw|JOAN0107's rating: 1172 → 1148<\/strong> (-24 for losing)\n|raw|marioman6444's rating: 1189 → 1213<\/strong> (+24 for winning)\n|l|\u2606JOAN0107\n|c|\u2606marioman6444|Gg\n","uploadtime":1683185647,"views":5,"p1id":"joan0107","p2id":"marioman6444","formatid":"gen9vgc2023regulationc","rating":1148,"private":0,"password":""}