{"id":"gen9vgc2023regulationc-1857042096","p1":"torwildheart","p2":"play3r35","format":"[Gen 9] VGC 2023 Regulation C","log":"|j|\u2606torwildheart\n|j|\u2606play3r35\n|t:|1683139924\n|gametype|doubles\n|player|p1|torwildheart|teamrocket|1250\n|player|p2|play3r35|caitlin|1322\n|teamsize|p1|6\n|teamsize|p2|6\n|gen|9\n|tier|[Gen 9] VGC 2023 Regulation C\n|rated|\n|rule|Species Clause: Limit one of each Pok\u00e9mon\n|rule|Item Clause: Limit one of each item\n|clearpoke\n|poke|p1|Tatsugiri, L50, F|\n|poke|p1|Dondozo, L50, M|\n|poke|p1|Flutter Mane, L50|\n|poke|p1|Iron Hands, L50|\n|poke|p1|Glimmora, L50, F|\n|poke|p1|Arcanine, L50, M|\n|poke|p2|Amoonguss, L50, M|\n|poke|p2|Roaring Moon, L50|\n|poke|p2|Garganacl, L50, F|\n|poke|p2|Iron Hands, L50|\n|poke|p2|Ting-Lu, L50|\n|poke|p2|Arcanine, L50, M|\n|teampreview|4\n|inactive|Battle timer is ON: inactive players will automatically lose when time's up. (requested by play3r35)\nplay3r35 has agreed to open team sheets.\ntorwildheart has agreed to open team sheets.\n|inactive|torwildheart has 60 seconds left.\n|\n|t:|1683139972\n|start\n|switch|p1a: Zero Time|Glimmora, L50, F|100\/100\n|switch|p1b: Banned|Flutter Mane, L50|100\/100\n|switch|p2a: Garganacl|Garganacl, L50, F|100\/100\n|switch|p2b: Ting-Lu|Ting-Lu, L50|100\/100\n|-ability|p2b: Ting-Lu|Vessel of Ruin\n|-enditem|p1b: Banned|Booster Energy\n|-activate|p1b: Banned|ability: Protosynthesis|[fromitem]\n|-start|p1b: Banned|protosynthesisspe\n|turn|1\n|inactive|play3r35 has 30 seconds left.\n|inactive|play3r35 has 20 seconds left.\n|inactive|play3r35 has 15 seconds left.\n|inactive|play3r35 has 10 seconds left.\n|inactive|play3r35 has 5 seconds left.\n|\n|t:|1683140027\n|move|p1b: Banned|Moonblast|p2b: Ting-Lu\n|-supereffective|p2b: Ting-Lu\n|-damage|p2b: Ting-Lu|63\/100\n|move|p1a: Zero Time|Mortal Spin|p2a: Garganacl|[spread] p2a,p2b\n|-resisted|p2a: Garganacl\n|-resisted|p2b: Ting-Lu\n|-damage|p2a: Garganacl|99\/100\n|-damage|p2b: Ting-Lu|62\/100\n|-status|p2b: Ting-Lu|psn\n|move|p2b: Ting-Lu|Ruination|p1a: Zero Time\n|-damage|p1a: Zero Time|50\/100\n|move|p2a: Garganacl|Salt Cure|p1b: Banned\n|-damage|p1b: Banned|67\/100\n|-start|p1b: Banned|Salt Cure\n|\n|-heal|p2a: Garganacl|100\/100|[from] item: Leftovers\n|-damage|p2b: Ting-Lu|50\/100 psn|[from] psn\n|-damage|p1b: Banned|55\/100|[from] Salt Cure\n|upkeep\n|turn|2\n|inactive|play3r35 has 30 seconds left.\n|inactive|play3r35 has 20 seconds left.\n|\n|t:|1683140067\n|move|p1b: Banned|Dazzling Gleam|p2a: Garganacl|[spread] p2a,p2b\n|-supereffective|p2b: Ting-Lu\n|-damage|p2a: Garganacl|83\/100\n|-damage|p2b: Ting-Lu|27\/100 psn\n|move|p1a: Zero Time|Energy Ball|p2b: Ting-Lu\n|-supereffective|p2b: Ting-Lu\n|-damage|p2b: Ting-Lu|3\/100 psn\n|move|p2b: Ting-Lu|Stomping Tantrum|p1b: Banned\n|-damage|p1b: Banned|0 fnt\n|faint|p1b: Banned\n|-end|p1b: Banned|Protosynthesis|[silent]\n|move|p2a: Garganacl|Salt Cure|p1a: Zero Time\n|-damage|p1a: Zero Time|33\/100\n|-start|p1a: Zero Time|Salt Cure\n|-activate|p1a: Zero Time|ability: Toxic Debris\n|-sidestart|p2: play3r35|move: Toxic Spikes\n|\n|-heal|p2a: Garganacl|89\/100|[from] item: Leftovers\n|-damage|p2b: Ting-Lu|0 fnt|[from] psn\n|faint|p2b: Ting-Lu\n|-damage|p1a: Zero Time|21\/100|[from] Salt Cure\n|upkeep\n|\n|t:|1683140076\n|switch|p1b: SnorlaxOfTheSea|Dondozo, L50, M|100\/100\n|switch|p2b: Amoonguss|Amoonguss, L50, M|100\/100\n|-sideend|p2: play3r35|move: Toxic Spikes|[of] p2b: Amoonguss\n|turn|3\n|\n|t:|1683140087\n|switch|p1a: Eat Me|Tatsugiri, L50, F|100\/100\n|-activate|p1a: Eat Me|ability: Commander|[of] p1b: SnorlaxOfTheSea\n|-boost|p1b: SnorlaxOfTheSea|atk|2\n|-boost|p1b: SnorlaxOfTheSea|spa|2\n|-boost|p1b: SnorlaxOfTheSea|spe|2\n|-boost|p1b: SnorlaxOfTheSea|def|2\n|-boost|p1b: SnorlaxOfTheSea|spd|2\n|-terastallize|p1b: SnorlaxOfTheSea|Flying\n|-terastallize|p2a: Garganacl|Ghost\n|move|p1b: SnorlaxOfTheSea|Tera Blast|p2b: Amoonguss\n|-supereffective|p2b: Amoonguss\n|-damage|p2b: Amoonguss|0 fnt\n|faint|p2b: Amoonguss\n|move|p2a: Garganacl|Salt Cure|p1b: SnorlaxOfTheSea\n|-supereffective|p1b: SnorlaxOfTheSea\n|-damage|p1b: SnorlaxOfTheSea|90\/100\n|-start|p1b: SnorlaxOfTheSea|Salt Cure\n|\n|-heal|p2a: Garganacl|95\/100|[from] item: Leftovers\n|-damage|p1b: SnorlaxOfTheSea|77\/100|[from] Salt Cure\n|upkeep\n|\n|t:|1683140091\n|switch|p2b: Iron Hands|Iron Hands, L50|100\/100\n|turn|4\n|\n|t:|1683140101\n|move|p1b: SnorlaxOfTheSea|Earthquake|p2b: Iron Hands|[spread] p2a,p2b\n|-miss|p1b: SnorlaxOfTheSea|p1a: Eat Me\n|-supereffective|p2b: Iron Hands\n|-damage|p2a: Garganacl|65\/100\n|-damage|p2b: Iron Hands|39\/100\n|move|p2b: Iron Hands|Swords Dance|p2b: Iron Hands\n|-boost|p2b: Iron Hands|atk|2\n|move|p2a: Garganacl|Stealth Rock|p1b: SnorlaxOfTheSea\n|-sidestart|p1: torwildheart|move: Stealth Rock\n|\n|-heal|p2a: Garganacl|71\/100|[from] item: Leftovers\n|-damage|p1b: SnorlaxOfTheSea|65\/100|[from] Salt Cure\n|upkeep\n|turn|5\n|\n|t:|1683140110\n|move|p2b: Iron Hands|Protect|p2b: Iron Hands\n|-singleturn|p2b: Iron Hands|Protect\n|move|p1b: SnorlaxOfTheSea|Earthquake|p2a: Garganacl|[spread] p2a\n|-miss|p1b: SnorlaxOfTheSea|p1a: Eat Me\n|-activate|p2b: Iron Hands|move: Protect\n|-damage|p2a: Garganacl|43\/100\n|move|p2a: Garganacl|Salt Cure|p1b: SnorlaxOfTheSea\n|-supereffective|p1b: SnorlaxOfTheSea\n|-damage|p1b: SnorlaxOfTheSea|56\/100\n|\n|-heal|p2a: Garganacl|49\/100|[from] item: Leftovers\n|-damage|p1b: SnorlaxOfTheSea|44\/100|[from] Salt Cure\n|upkeep\n|turn|6\n|\n|t:|1683140116\n|move|p1b: SnorlaxOfTheSea|Earthquake|p2b: Iron Hands|[spread] p2a,p2b\n|-miss|p1b: SnorlaxOfTheSea|p1a: Eat Me\n|-supereffective|p2b: Iron Hands\n|-damage|p2a: Garganacl|18\/100\n|-damage|p2b: Iron Hands|0 fnt\n|faint|p2b: Iron Hands\n|-end|p2b: Iron Hands|Quark Drive|[silent]\n|move|p2a: Garganacl|Recover|p2a: Garganacl\n|-heal|p2a: Garganacl|69\/100\n|\n|-heal|p2a: Garganacl|74\/100|[from] item: Leftovers\n|-damage|p1b: SnorlaxOfTheSea|31\/100|[from] Salt Cure\n|upkeep\n|turn|7\n|-message|play3r35 forfeited.\n|\n|win|torwildheart\n|raw|torwildheart's rating: 1250 → 1280<\/strong> (+30 for winning)\n|raw|play3r35's rating: 1322 → 1298<\/strong> (-24 for losing)\n|l|\u2606play3r35\n","uploadtime":1683140181,"views":15,"p1id":"torwildheart","p2id":"play3r35","formatid":"gen9vgc2023regulationc","rating":1280,"private":0,"password":""}