{"id":"gen9vgc2023regulationc-1851314065","p1":"itsjair123","p2":"WillieDangerously","format":"[Gen 9] VGC 2023 Regulation C","log":"|j|\u2606itsjair123\n|j|\u2606WillieDangerously\n|t:|1682435039\n|gametype|doubles\n|player|p1|itsjair123|265|1183\n|player|p2|WillieDangerously|psychic-gen4|1157\n|teamsize|p1|6\n|teamsize|p2|6\n|gen|9\n|tier|[Gen 9] VGC 2023 Regulation C\n|rated|\n|rule|Species Clause: Limit one of each Pok\u00e9mon\n|rule|Item Clause: Limit one of each item\n|clearpoke\n|poke|p1|Lilligant, L50, F|\n|poke|p1|Torkoal, L50, F|\n|poke|p1|Flutter Mane, L50|\n|poke|p1|Kingambit, L50, F|\n|poke|p1|Dragonite, L50, F|\n|poke|p1|Great Tusk, L50|\n|poke|p2|Espathra, L50, F|\n|poke|p2|Iron Bundle, L50|\n|poke|p2|Iron Valiant, L50|\n|poke|p2|Salamence, L50, M|\n|poke|p2|Scizor, L50, F|\n|poke|p2|Sandy Shocks, L50|\n|teampreview|4\n|inactive|Battle timer is ON: inactive players will automatically lose when time's up. (requested by itsjair123)\n|inactive|itsjair123 has 60 seconds left.\n|inactive|WillieDangerously has 60 seconds left.\n|inactive|itsjair123 has 30 seconds left.\n|inactive|WillieDangerously has 30 seconds left.\n|inactive|itsjair123 has 20 seconds left.\n|inactive|WillieDangerously has 20 seconds left.\n|inactive|itsjair123 has 15 seconds left.\n|inactive|WillieDangerously has 15 seconds left.\n|inactive|itsjair123 has 10 seconds left.\n|inactive|WillieDangerously has 10 seconds left.\n|inactive|itsjair123 has 5 seconds left.\n|inactive|WillieDangerously has 5 seconds left.\n|\n|t:|1682435129\n|start\n|switch|p1a: FANCY|Flutter Mane, L50, shiny|100\/100\n|switch|p1b: Breakthrough|Torkoal, L50, F, shiny|100\/100\n|switch|p2a: Scizor|Scizor, L50, F|100\/100\n|switch|p2b: Salamence|Salamence, L50, M|100\/100\n|-weather|SunnyDay|[from] ability: Drought|[of] p1b: Breakthrough\n|-activate|p1a: FANCY|ability: Protosynthesis\n|-start|p1a: FANCY|protosynthesisspa\n|turn|1\n|inactive|itsjair123 has 30 seconds left.\n|\n|t:|1682435154\n|-terastallize|p2b: Salamence|Rock\n|-terastallize|p1a: FANCY|Fairy\n|move|p2a: Scizor|Bullet Punch|p1a: FANCY\n|-supereffective|p1a: FANCY\n|-damage|p1a: FANCY|0 fnt\n|faint|p1a: FANCY\n|-end|p1a: FANCY|Protosynthesis|[silent]\n|move|p2b: Salamence|Rock Slide|p1b: Breakthrough\n|-supereffective|p1b: Breakthrough\n|-damage|p1b: Breakthrough|28\/100\n|move|p1b: Breakthrough|Eruption|p2a: Scizor|[spread] p2a,p2b\n|-supereffective|p2a: Scizor\n|-resisted|p2b: Salamence\n|-damage|p2a: Scizor|0 fnt\n|-damage|p2b: Salamence|86\/100\n|faint|p2a: Scizor\n|\n|-weather|SunnyDay|[upkeep]\n|upkeep\n|inactive|itsjair123 has 30 seconds left.\n|inactive|itsjair123 has 20 seconds left.\n|inactive|itsjair123 has 15 seconds left.\n|inactive|itsjair123 has 10 seconds left.\n|\n|t:|1682435203\n|switch|p1a: Trouble|Great Tusk, L50, shiny|100\/100\n|switch|p2a: Sandy Shocks|Sandy Shocks, L50|100\/100\n|-activate|p1a: Trouble|ability: Protosynthesis\n|-start|p1a: Trouble|protosynthesisatk\n|-activate|p2a: Sandy Shocks|ability: Protosynthesis\n|-start|p2a: Sandy Shocks|protosynthesisspe\n|turn|2\n|inactive|itsjair123 has 30 seconds left.\n|inactive|WillieDangerously has 30 seconds left.\n|inactive|itsjair123 has 20 seconds left.\n|\n|t:|1682435243\n|move|p1b: Breakthrough|Protect|p1b: Breakthrough\n|-singleturn|p1b: Breakthrough|Protect\n|move|p2a: Sandy Shocks|Gravity|p2a: Sandy Shocks\n|-fieldstart|move: Gravity\n|move|p1a: Trouble|Rock Slide|p2a: Sandy Shocks|[spread] p2a,p2b\n|-resisted|p2a: Sandy Shocks\n|-damage|p2a: Sandy Shocks|88\/100\n|-damage|p2b: Salamence|54\/100\n|move|p2b: Salamence|Rock Slide|p1a: Trouble|[spread] p1a\n|-activate|p1b: Breakthrough|move: Protect\n|-resisted|p1a: Trouble\n|-damage|p1a: Trouble|94\/100\n|\n|-weather|SunnyDay|[upkeep]\n|upkeep\n|turn|3\n|\n|t:|1682435266\n|move|p2a: Sandy Shocks|Earth Power|p1a: Trouble\n|-damage|p1a: Trouble|33\/100\n|move|p1a: Trouble|Rock Slide|p2b: Salamence|[spread] p2a,p2b\n|-resisted|p2a: Sandy Shocks\n|-damage|p2a: Sandy Shocks|73\/100\n|-damage|p2b: Salamence|24\/100\n|cant|p2b: Salamence|flinch\n|move|p1b: Breakthrough|Flamethrower|p2a: Sandy Shocks\n|-damage|p2a: Sandy Shocks|0 fnt\n|faint|p2a: Sandy Shocks\n|-end|p2a: Sandy Shocks|Protosynthesis|[silent]\n|\n|-weather|SunnyDay|[upkeep]\n|upkeep\n|\n|t:|1682435277\n|switch|p2a: Iron Bundle|Iron Bundle, L50|100\/100\n|turn|4\n|\n|t:|1682435287\n|move|p1b: Breakthrough|Protect|p1b: Breakthrough\n|-singleturn|p1b: Breakthrough|Protect\n|move|p1a: Trouble|Rock Slide|p2a: Iron Bundle|[spread] p2a,p2b\n|-supereffective|p2a: Iron Bundle\n|-damage|p2a: Iron Bundle|36\/100\n|-damage|p2b: Salamence|0 fnt\n|faint|p2b: Salamence\n|move|p2a: Iron Bundle|Blizzard|p1a: Trouble|[spread] p1a\n|-activate|p1b: Breakthrough|move: Protect\n|-supereffective|p1a: Trouble\n|-damage|p1a: Trouble|0 fnt\n|faint|p1a: Trouble\n|-end|p1a: Trouble|Protosynthesis|[silent]\n|\n|-weather|SunnyDay|[upkeep]\n|upkeep\n|\n|t:|1682435300\n|switch|p1a: HOT|Kingambit, L50, F, shiny|100\/100\n|turn|5\n|inactive|itsjair123 has 30 seconds left.\n|inactive|WillieDangerously has 30 seconds left.\n|inactive|itsjair123 has 20 seconds left.\n|inactive|itsjair123 has 15 seconds left.\n|\n|t:|1682435340\n|move|p1b: Breakthrough|Protect||[still]\n|-fail|p1b: Breakthrough\n|move|p1a: HOT|Sucker Punch|p2a: Iron Bundle\n|-damage|p2a: Iron Bundle|0 fnt\n|faint|p2a: Iron Bundle\n|-end|p2a: Iron Bundle|Quark Drive|[silent]\n|\n|win|itsjair123\n|raw|itsjair123's rating: 1183 → 1206<\/strong> (+23 for winning)\n|raw|WillieDangerously's rating: 1157 → 1134<\/strong> (-23 for losing)\n","uploadtime":1682435346,"views":11,"p1id":"itsjair123","p2id":"williedangerously","formatid":"gen9vgc2023regulationc","rating":1134,"private":0,"password":""}