{"id":"gen9vgc2023regulationc-1849087872","p1":"Ace Trainer Lego","p2":"Minimanuel_art","format":"[Gen 9] VGC 2023 Regulation C","log":"|j|\u2606Ace Trainer Lego\n|j|\u2606Minimanuel_art\n|t:|1682152953\n|gametype|doubles\n|player|p1|Ace Trainer Lego|miriam|1212\n|player|p2|Minimanuel_art|harlequin|1271\n|teamsize|p1|6\n|teamsize|p2|6\n|gen|9\n|tier|[Gen 9] VGC 2023 Regulation C\n|rated|\n|rule|Species Clause: Limit one of each Pok\u00e9mon\n|rule|Item Clause: Limit one of each item\n|clearpoke\n|poke|p1|Iron Bundle, L50|\n|poke|p1|Amoonguss, L50, M|\n|poke|p1|Arcanine, L50, M|\n|poke|p1|Ting-Lu, L50|\n|poke|p1|Flutter Mane, L50|\n|poke|p1|Palafin, L50, F|\n|poke|p2|Slowbro, L50, F|\n|poke|p2|Camerupt, L50, M|\n|poke|p2|Gothitelle, L50, M|\n|poke|p2|Muk, L50, F|\n|poke|p2|Bronzong, L50|\n|poke|p2|Honchkrow, L50, M|\n|teampreview|4\n|inactive|Battle timer is ON: inactive players will automatically lose when time's up. (requested by Minimanuel_art)\n|inactive|Ace Trainer Lego has 60 seconds left.\n|inactive|Ace Trainer Lego has 30 seconds left.\n|inactive|Ace Trainer Lego has 20 seconds left.\n|inactive|Ace Trainer Lego has 15 seconds left.\n|inactive|Ace Trainer Lego has 10 seconds left.\n|\n|t:|1682153046\n|start\n|switch|p1a: Iron Bundle|Iron Bundle, L50|100\/100\n|switch|p1b: Flutter Mane|Flutter Mane, L50|100\/100\n|switch|p2a: Gothitelle|Gothitelle, L50, M|100\/100\n|switch|p2b: Camerupt|Camerupt, L50, M|100\/100\n|-enditem|p1a: Iron Bundle|Booster Energy\n|-activate|p1a: Iron Bundle|ability: Quark Drive|[fromitem]\n|-start|p1a: Iron Bundle|quarkdrivespe\n|turn|1\n|inactive|Minimanuel_art has 30 seconds left.\n|\n|t:|1682153071\n|switch|p2b: Bronzong|Bronzong, L50|100\/100\n|-terastallize|p1a: Iron Bundle|Ghost\n|-terastallize|p2a: Gothitelle|Dark\n|move|p1a: Iron Bundle|Hydro Pump|p2b: Bronzong\n|-damage|p2b: Bronzong|64\/100\n|move|p1b: Flutter Mane|Shadow Ball|p2a: Gothitelle\n|-resisted|p2a: Gothitelle\n|-damage|p2a: Gothitelle|77\/100\n|move|p2a: Gothitelle|Trick Room|p2a: Gothitelle\n|-fieldstart|move: Trick Room|[of] p2a: Gothitelle\n|\n|upkeep\n|turn|2\n|inactive|Ace Trainer Lego has 30 seconds left.\n|inactive|Minimanuel_art has 30 seconds left.\n|inactive|Ace Trainer Lego has 20 seconds left.\n|inactive|Ace Trainer Lego has 15 seconds left.\n|\n|t:|1682153113\n|-end|p1b: Flutter Mane|Protosynthesis|[silent]\n|switch|p1b: Ting-Lu|Ting-Lu, L50|100\/100\n|-ability|p1b: Ting-Lu|Vessel of Ruin\n|move|p2a: Gothitelle|Protect|p2a: Gothitelle\n|-singleturn|p2a: Gothitelle|Protect\n|move|p2b: Bronzong|Gyro Ball|p1b: Ting-Lu\n|-damage|p1b: Ting-Lu|90\/100\n|move|p1a: Iron Bundle|Hydro Pump|p2a: Gothitelle\n|-activate|p2a: Gothitelle|move: Protect\n|\n|-heal|p1b: Ting-Lu|96\/100|[from] item: Leftovers\n|upkeep\n|turn|3\n|inactive|Ace Trainer Lego has 30 seconds left.\n|\n|t:|1682153138\n|switch|p2a: Honchkrow|Honchkrow, L50, M|100\/100\n|move|p2b: Bronzong|Gyro Ball|p1a: Iron Bundle\n|-damage|p1a: Iron Bundle|45\/100\n|move|p1b: Ting-Lu|Payback|p2b: Bronzong\n|-supereffective|p2b: Bronzong\n|-damage|p2b: Bronzong|0 fnt\n|faint|p2b: Bronzong\n|move|p1a: Iron Bundle|Hydro Pump|p2a: Honchkrow|[miss]\n|-miss|p1a: Iron Bundle|p2a: Honchkrow\n|\n|-heal|p1b: Ting-Lu|100\/100|[from] item: Leftovers\n|upkeep\n|\n|t:|1682153154\n|switch|p2b: Camerupt|Camerupt, L50, M|100\/100\n|turn|4\n|\n|t:|1682153164\n|move|p1a: Iron Bundle|Protect|p1a: Iron Bundle\n|-singleturn|p1a: Iron Bundle|Protect\n|move|p2a: Honchkrow|Sucker Punch||[still]\n|-fail|p2a: Honchkrow\n|move|p2b: Camerupt|Will-O-Wisp|p1b: Ting-Lu\n|-status|p1b: Ting-Lu|brn\n|move|p1b: Ting-Lu|Stomping Tantrum|p2b: Camerupt\n|-supereffective|p2b: Camerupt\n|-damage|p2b: Camerupt|66\/100\n|\n|-damage|p1b: Ting-Lu|94\/100 brn|[from] brn\n|upkeep\n|turn|5\n|inactive|Ace Trainer Lego has 30 seconds left.\n|inactive|Ace Trainer Lego has 20 seconds left.\n|\n|t:|1682153203\n|-end|p1a: Iron Bundle|Quark Drive|[silent]\n|switch|p1a: Flutter Mane|Flutter Mane, L50|100\/100\n|move|p2b: Camerupt|Heat Wave|p1a: Flutter Mane|[spread] p1a,p1b\n|-damage|p1a: Flutter Mane|80\/100\n|-damage|p1b: Ting-Lu|80\/100 brn\n|move|p1b: Ting-Lu|Fissure|p2b: Camerupt|[miss]\n|-miss|p1b: Ting-Lu|p2b: Camerupt\n|move|p2a: Honchkrow|Foul Play|p1a: Flutter Mane\n|-damage|p1a: Flutter Mane|36\/100\n|-damage|p2a: Honchkrow|91\/100|[from] item: Life Orb\n|\n|-heal|p1b: Ting-Lu|86\/100 brn|[from] item: Leftovers\n|-damage|p1b: Ting-Lu|80\/100 brn|[from] brn\n|-fieldend|move: Trick Room\n|upkeep\n|turn|6\n|\n|t:|1682153220\n|move|p2b: Camerupt|Protect|p2b: Camerupt\n|-singleturn|p2b: Camerupt|Protect\n|move|p2a: Honchkrow|Sucker Punch|p1a: Flutter Mane\n|-damage|p1a: Flutter Mane|0 fnt\n|faint|p1a: Flutter Mane\n|-end|p1a: Flutter Mane|Protosynthesis|[silent]\n|-ability|p2a: Honchkrow|Moxie|boost\n|-boost|p2a: Honchkrow|atk|1\n|-damage|p2a: Honchkrow|81\/100|[from] item: Life Orb\n|move|p1b: Ting-Lu|Stomping Tantrum|p2b: Camerupt\n|-activate|p2b: Camerupt|move: Protect\n|\n|-heal|p1b: Ting-Lu|86\/100 brn|[from] item: Leftovers\n|-damage|p1b: Ting-Lu|80\/100 brn|[from] brn\n|upkeep\n|\n|t:|1682153236\n|switch|p1a: Amoonguss|Amoonguss, L50, M|100\/100\n|turn|7\n|inactive|Ace Trainer Lego has 30 seconds left.\n|\n|t:|1682153267\n|switch|p2b: Gothitelle|Gothitelle, L50, M, tera:Dark|77\/100\n|move|p1a: Amoonguss|Protect|p1a: Amoonguss\n|-singleturn|p1a: Amoonguss|Protect\n|move|p2a: Honchkrow|Brave Bird|p1a: Amoonguss\n|-activate|p1a: Amoonguss|move: Protect\n|move|p1b: Ting-Lu|Stomping Tantrum|p2b: Gothitelle\n|-damage|p2b: Gothitelle|60\/100\n|\n|-heal|p1b: Ting-Lu|86\/100 brn|[from] item: Leftovers\n|-damage|p1b: Ting-Lu|80\/100 brn|[from] brn\n|upkeep\n|turn|8\n|inactive|Ace Trainer Lego has 30 seconds left.\n|inactive|Ace Trainer Lego has 20 seconds left.\n|inactive|Ace Trainer Lego has 15 seconds left.\n|\n|t:|1682153309\n|move|p2b: Gothitelle|Fake Out|p1b: Ting-Lu\n|-damage|p1b: Ting-Lu|76\/100 brn\n|move|p2a: Honchkrow|Brave Bird|p1a: Amoonguss\n|-supereffective|p1a: Amoonguss\n|-crit|p1a: Amoonguss\n|-damage|p1a: Amoonguss|0 fnt\n|-damage|p2a: Honchkrow|65\/100|[from] item: Rocky Helmet|[of] p1a: Amoonguss\n|faint|p1a: Amoonguss\n|-ability|p2a: Honchkrow|Moxie|boost\n|-boost|p2a: Honchkrow|atk|1\n|-damage|p2a: Honchkrow|30\/100|[from] Recoil\n|-damage|p2a: Honchkrow|20\/100|[from] item: Life Orb\n|cant|p1b: Ting-Lu|flinch\n|\n|-heal|p1b: Ting-Lu|82\/100 brn|[from] item: Leftovers\n|-damage|p1b: Ting-Lu|76\/100 brn|[from] brn\n|upkeep\n|\n|t:|1682153318\n|switch|p1a: Iron Bundle|Iron Bundle, L50, tera:Ghost|45\/100\n|turn|9\n|inactive|Minimanuel_art has 30 seconds left.\n|\n|t:|1682153352\n|move|p1a: Iron Bundle|Protect|p1a: Iron Bundle\n|-singleturn|p1a: Iron Bundle|Protect\n|move|p2a: Honchkrow|Sucker Punch||[still]\n|-fail|p2a: Honchkrow\n|move|p1b: Ting-Lu|Payback|p2a: Honchkrow\n|-resisted|p2a: Honchkrow\n|-crit|p2a: Honchkrow\n|-damage|p2a: Honchkrow|0 fnt\n|faint|p2a: Honchkrow\n|move|p2b: Gothitelle|Trick Room|p2b: Gothitelle\n|-fieldstart|move: Trick Room|[of] p2b: Gothitelle\n|\n|-heal|p1b: Ting-Lu|82\/100 brn|[from] item: Leftovers\n|-damage|p1b: Ting-Lu|76\/100 brn|[from] brn\n|upkeep\n|\n|t:|1682153363\n|switch|p2a: Camerupt|Camerupt, L50, M|66\/100\n|turn|10\n|\n|t:|1682153377\n|move|p1a: Iron Bundle|Protect|p1a: Iron Bundle\n|-singleturn|p1a: Iron Bundle|Protect\n|move|p2a: Camerupt|Heat Wave|p1a: Iron Bundle|[spread] p1b\n|-activate|p1a: Iron Bundle|move: Protect\n|-damage|p1b: Ting-Lu|62\/100 brn\n|move|p2b: Gothitelle|Psychic|p1a: Iron Bundle\n|-activate|p1a: Iron Bundle|move: Protect\n|move|p1b: Ting-Lu|Fissure|p2b: Gothitelle|[miss]\n|-miss|p1b: Ting-Lu|p2b: Gothitelle\n|\n|-heal|p1b: Ting-Lu|68\/100 brn|[from] item: Leftovers\n|-damage|p1b: Ting-Lu|62\/100 brn|[from] brn\n|upkeep\n|turn|11\n|\n|t:|1682153400\n|move|p1a: Iron Bundle|Protect|p1a: Iron Bundle\n|-singleturn|p1a: Iron Bundle|Protect\n|move|p2a: Camerupt|Heat Wave|p1b: Ting-Lu|[spread] p1b\n|-activate|p1a: Iron Bundle|move: Protect\n|-damage|p1b: Ting-Lu|48\/100 brn\n|move|p2b: Gothitelle|Psychic|p1a: Iron Bundle\n|-activate|p1a: Iron Bundle|move: Protect\n|move|p1b: Ting-Lu|Stomping Tantrum|p2a: Camerupt\n|-supereffective|p2a: Camerupt\n|-damage|p2a: Camerupt|1\/100\n|-enditem|p2a: Camerupt|Sitrus Berry|[eat]\n|-heal|p2a: Camerupt|26\/100|[from] item: Sitrus Berry\n|\n|-heal|p1b: Ting-Lu|55\/100 brn|[from] item: Leftovers\n|-damage|p1b: Ting-Lu|48\/100 brn|[from] brn\n|upkeep\n|turn|12\n|\n|t:|1682153422\n|move|p1a: Iron Bundle|Protect||[still]\n|-fail|p1a: Iron Bundle\n|move|p2a: Camerupt|Heat Wave|p1a: Iron Bundle|[spread] p1a,p1b\n|-damage|p1a: Iron Bundle|10\/100\n|-damage|p1b: Ting-Lu|35\/100 brn\n|-status|p1a: Iron Bundle|brn\n|move|p2b: Gothitelle|Psychic|p1a: Iron Bundle\n|-damage|p1a: Iron Bundle|0 fnt\n|faint|p1a: Iron Bundle\n|-end|p1a: Iron Bundle|Quark Drive|[silent]\n|move|p1b: Ting-Lu|Fissure|p2b: Gothitelle\n|-damage|p2b: Gothitelle|0 fnt\n|faint|p2b: Gothitelle\n|-ohko\n|\n|-heal|p1b: Ting-Lu|41\/100 brn|[from] item: Leftovers\n|-damage|p1b: Ting-Lu|35\/100 brn|[from] brn\n|upkeep\n|turn|13\n|\n|t:|1682153446\n|move|p2a: Camerupt|Heat Wave|p1b: Ting-Lu\n|-damage|p1b: Ting-Lu|15\/100 brn\n|move|p1b: Ting-Lu|Stomping Tantrum|p2a: Camerupt\n|-supereffective|p2a: Camerupt\n|-damage|p2a: Camerupt|0 fnt\n|faint|p2a: Camerupt\n|\n|win|Ace Trainer Lego\n|raw|Ace Trainer Lego's rating: 1212 → 1241<\/strong> (+29 for winning)\n|raw|Minimanuel_art's rating: 1271 → 1242<\/strong> (-29 for losing)\n|l|\u2606Minimanuel_art\n|c|\u2606Ace Trainer Lego|gg\n","uploadtime":1682153474,"views":12,"p1id":"acetrainerlego","p2id":"minimanuelart","formatid":"gen9vgc2023regulationc","rating":1241,"private":0,"password":""}