{"id":"gen9vgc2023regulationc-1863832317","p1":"Inferno prodigy","p2":"bennoVGC","format":"[Gen 9] VGC 2023 Regulation C","log":"|j|\u2606Inferno prodigy\n|j|\u2606bennoVGC\n|t:|1684083145\n|gametype|doubles\n|player|p1|Inferno prodigy|266|\n|player|p2|bennoVGC|265|\n|teamsize|p1|6\n|teamsize|p2|6\n|gen|9\n|tier|[Gen 9] VGC 2023 Regulation C\n|rule|Species Clause: Limit one of each Pok\u00e9mon\n|rule|Item Clause: Limit one of each item\n|clearpoke\n|poke|p1|Orthworm, L50, M|\n|poke|p1|Ting-Lu, L50|\n|poke|p1|Dragonite, L50, F|\n|poke|p1|Gyarados, L50, F|\n|poke|p1|Flutter Mane, L50|\n|poke|p1|Chien-Pao, L50|\n|poke|p2|Palafin, L50, M|\n|poke|p2|Arcanine, L50, M|\n|poke|p2|Flutter Mane, L50|\n|poke|p2|Amoonguss, L50, M|\n|poke|p2|Pawmot, L50, M|\n|poke|p2|Ting-Lu, L50|\n|teampreview|4\n|c|\u2606bennoVGC|g1\nbennoVGC has agreed to open team sheets.\n|c|\u2606bennoVGC|gl hf :D\n|c|\u2606Inferno prodigy|G1 glhf\nInferno prodigy has agreed to open team sheets.\n|\n|t:|1684083235\n|start\n|switch|p1a: Ting-Lu|Ting-Lu, L50|100\/100\n|switch|p1b: Orthworm|Orthworm, L50, M|100\/100\n|switch|p2a: Palafin|Palafin, L50, M, shiny|100\/100\n|switch|p2b: Pawmot|Pawmot, L50, M, shiny|100\/100\n|-ability|p1a: Ting-Lu|Vessel of Ruin\n|turn|1\n|\n|t:|1684083315\n|-terastallize|p2a: Palafin|Water\n|move|p2b: Pawmot|Close Combat|p1b: Orthworm\n|-supereffective|p1b: Orthworm\n|-damage|p1b: Orthworm|20\/100\n|-unboost|p2b: Pawmot|def|1\n|-unboost|p2b: Pawmot|spd|1\n|-enditem|p1b: Orthworm|Sitrus Berry|[eat]\n|-heal|p1b: Orthworm|45\/100|[from] item: Sitrus Berry\n|move|p2a: Palafin|Wave Crash|p1b: Orthworm\n|-damage|p1b: Orthworm|2\/100\n|-damage|p2a: Palafin|88\/100|[from] Recoil\n|move|p1b: Orthworm|Shed Tail|p1b: Orthworm\n|-fail|p1b: Orthworm|move: Shed Tail|[weak]\n|move|p1a: Ting-Lu|Earthquake|p2b: Pawmot|[spread] p2a,p2b\n|-heal|p1b: Orthworm|27\/100|[from] ability: Earth Eater|[of] p1a: Ting-Lu\n|-supereffective|p2b: Pawmot\n|-damage|p2a: Palafin|23\/100\n|-enditem|p2b: Pawmot|Focus Sash\n|-damage|p2b: Pawmot|1\/100\n|\n|upkeep\n|turn|2\n|\n|t:|1684083374\n|detailschange|p2a: Palafin|Palafin-Hero, L50, M, shiny, tera:Water\n|switch|p2a: Ting-Lu|Ting-Lu, L50|100\/100\n|-ability|p2a: Ting-Lu|Vessel of Ruin\n|-terastallize|p1a: Ting-Lu|Water\n|move|p2b: Pawmot|Double Shock|p1b: Orthworm\n|-damage|p1b: Orthworm|0 fnt\n|-start|p2b: Pawmot|typechange|???\/Fighting|[from] move: Double Shock\n|faint|p1b: Orthworm\n|move|p1a: Ting-Lu|Earthquake|p2b: Pawmot|[spread] p2a,p2b\n|-damage|p2a: Ting-Lu|73\/100\n|-damage|p2b: Pawmot|0 fnt\n|faint|p2b: Pawmot\n|\n|upkeep\n|\n|t:|1684083396\n|switch|p2b: Arcanine|Arcanine, L50, M, shiny|100\/100\n|switch|p1b: Chien-Pao|Chien-Pao, L50|100\/100\n|-ability|p1b: Chien-Pao|Sword of Ruin\n|-ability|p2b: Arcanine|Intimidate|boost\n|-unboost|p1a: Ting-Lu|atk|1\n|-unboost|p1b: Chien-Pao|atk|1\n|turn|3\n|\n|t:|1684083411\n|move|p1b: Chien-Pao|Protect|p1b: Chien-Pao\n|-singleturn|p1b: Chien-Pao|Protect\n|move|p2b: Arcanine|Will-O-Wisp|p1a: Ting-Lu\n|-status|p1a: Ting-Lu|brn\n|move|p2a: Ting-Lu|Sand Tomb|p1b: Chien-Pao\n|-activate|p1b: Chien-Pao|move: Protect\n|move|p1a: Ting-Lu|Earthquake|p2a: Ting-Lu|[spread] p2a,p2b\n|-activate|p1b: Chien-Pao|move: Protect\n|-supereffective|p2b: Arcanine\n|-damage|p2a: Ting-Lu|59\/100\n|-damage|p2b: Arcanine|50\/100\n|\n|-damage|p1a: Ting-Lu|95\/100 brn|[from] brn\n|upkeep\n|turn|4\n|\n|t:|1684083437\n|switch|p1a: Dragonite|Dragonite, L50, F|100\/100\n|move|p1b: Chien-Pao|Ice Spinner|p2a: Ting-Lu\n|-supereffective|p2a: Ting-Lu\n|-damage|p2a: Ting-Lu|17\/100\n|move|p2b: Arcanine|Flare Blitz|p1b: Chien-Pao\n|-supereffective|p1b: Chien-Pao\n|-enditem|p1b: Chien-Pao|Focus Sash\n|-damage|p1b: Chien-Pao|1\/100\n|-damage|p2b: Arcanine|24\/100|[from] Recoil\n|move|p2a: Ting-Lu|Ruination|p1a: Dragonite\n|-damage|p1a: Dragonite|50\/100\n|\n|upkeep\n|turn|5\n|\n|t:|1684083476\n|switch|p1b: Ting-Lu|Ting-Lu, L50, tera:Water|95\/100 brn\n|-ability|p1b: Ting-Lu|Vessel of Ruin\n|move|p2b: Arcanine|Extreme Speed|p1a: Dragonite\n|-damage|p1a: Dragonite|31\/100\n|move|p1a: Dragonite|Extreme Speed|p2b: Arcanine\n|-damage|p2b: Arcanine|0 fnt\n|faint|p2b: Arcanine\n|move|p2a: Ting-Lu|Heavy Slam|p1a: Dragonite\n|-damage|p1a: Dragonite|11\/100\n|\n|-damage|p1b: Ting-Lu|89\/100 brn|[from] brn\n|upkeep\n|\n|t:|1684083489\n|switch|p2b: Palafin|Palafin-Hero, L50, M, shiny, tera:Water|23\/100\n|-activate|p2b: Palafin|ability: Zero to Hero\n|turn|6\n|\n|t:|1684083499\n|move|p2b: Palafin|Protect|p2b: Palafin\n|-singleturn|p2b: Palafin|Protect\n|move|p1a: Dragonite|Extreme Speed|p2a: Ting-Lu\n|-damage|p2a: Ting-Lu|0 fnt\n|faint|p2a: Ting-Lu\n|move|p1b: Ting-Lu|Stomping Tantrum|p2b: Palafin\n|-activate|p2b: Palafin|move: Protect\n|\n|-damage|p1b: Ting-Lu|83\/100 brn|[from] brn\n|upkeep\n|turn|7\n|\n|t:|1684083506\n|move|p1a: Dragonite|Extreme Speed|p2b: Palafin\n|-damage|p2b: Palafin|0 fnt\n|faint|p2b: Palafin\n|\n|win|Inferno prodigy\n|c|\u2606Inferno prodigy|Gg\n|l|\u2606Inferno prodigy\n","uploadtime":1684084120,"views":15,"p1id":"infernoprodigy","p2id":"bennovgc","formatid":"gen9vgc2023regulationc","rating":0,"private":0,"password":""}