{"id":"gen9vgc2023regulationc-1863895813","p1":"gspm02","p2":"danilomaster55","format":"[Gen 9] VGC 2023 Regulation C","log":"|j|\u2606gspm02\n|j|\u2606danilomaster55\n|t:|1684090581\n|gametype|doubles\n|player|p1|gspm02|170|1259\n|player|p2|danilomaster55|170|1205\n|teamsize|p1|6\n|teamsize|p2|6\n|gen|9\n|tier|[Gen 9] VGC 2023 Regulation C\n|rated|\n|rule|Species Clause: Limit one of each Pok\u00e9mon\n|rule|Item Clause: Limit one of each item\n|clearpoke\n|poke|p1|Palafin, L50, M|\n|poke|p1|Amoonguss, L50, M|\n|poke|p1|Iron Hands, L50|\n|poke|p1|Flutter Mane, L50|\n|poke|p1|Iron Bundle, L50|\n|poke|p1|Arcanine, L50, M|\n|poke|p2|Dondozo, L50, M|\n|poke|p2|Tatsugiri, L50, M|\n|poke|p2|Gholdengo, L50|\n|poke|p2|Murkrow, L50, F|\n|poke|p2|Dragonite, L50, F|\n|poke|p2|Pawmot, L50, M|\n|teampreview|4\n|inactive|Battle timer is ON: inactive players will automatically lose when time's up. (requested by danilomaster55)\n|inactive|gspm02 has 60 seconds left.\n|inactive|danilomaster55 has 60 seconds left.\n|\n|t:|1684090619\n|start\n|switch|p1a: Flutter Mane|Flutter Mane, L50, shiny|100\/100\n|switch|p1b: Iron Bundle|Iron Bundle, L50, shiny|100\/100\n|switch|p2a: Dondozo|Dondozo, L50, M, shiny|100\/100\n|switch|p2b: Gholdengo|Gholdengo, L50|100\/100\n|turn|1\n|inactive|gspm02 has 30 seconds left.\n|\n|t:|1684090647\n|-terastallize|p2b: Gholdengo|Steel\n|move|p1b: Iron Bundle|Protect|p1b: Iron Bundle\n|-singleturn|p1b: Iron Bundle|Protect\n|move|p1a: Flutter Mane|Shadow Ball|p2b: Gholdengo\n|-damage|p2b: Gholdengo|30\/100\n|move|p2b: Gholdengo|Make It Rain|p1b: Iron Bundle|[spread] p1a\n|-activate|p1b: Iron Bundle|move: Protect\n|-supereffective|p1a: Flutter Mane\n|-damage|p1a: Flutter Mane|0 fnt\n|-unboost|p2b: Gholdengo|spa|1\n|faint|p1a: Flutter Mane\n|-end|p1a: Flutter Mane|Protosynthesis|[silent]\n|move|p2a: Dondozo|Substitute|p2a: Dondozo\n|-start|p2a: Dondozo|Substitute\n|-damage|p2a: Dondozo|76\/100\n|\n|-heal|p2a: Dondozo|82\/100|[from] item: Leftovers\n|upkeep\n|\n|t:|1684090668\n|switch|p1a: Arcanine|Arcanine, L50, M, shiny|100\/100\n|-ability|p1a: Arcanine|Intimidate|boost\n|-immune|p2a: Dondozo\n|-unboost|p2b: Gholdengo|atk|1\n|turn|2\n|inactive|danilomaster55 has 30 seconds left.\n|\n|t:|1684090698\n|switch|p2b: Tatsugiri|Tatsugiri, L50, M, shiny|100\/100\n|-activate|p2b: Tatsugiri|ability: Commander|[of] p2a: Dondozo\n|-boost|p2a: Dondozo|atk|2\n|-boost|p2a: Dondozo|spa|2\n|-boost|p2a: Dondozo|spe|2\n|-boost|p2a: Dondozo|def|2\n|-boost|p2a: Dondozo|spd|2\n|move|p1b: Iron Bundle|Freeze-Dry|p2a: Dondozo\n|-supereffective|p2a: Dondozo\n|-end|p2a: Dondozo|Substitute\n|move|p2a: Dondozo|Order Up|p1b: Iron Bundle\n|-damage|p1b: Iron Bundle|44\/100\n|-boost|p2a: Dondozo|atk|1\n|move|p1a: Arcanine|Flare Blitz|p2b: Tatsugiri|[miss]\n|-miss|p1a: Arcanine|p2b: Tatsugiri\n|\n|-heal|p2a: Dondozo|88\/100|[from] item: Leftovers\n|upkeep\n|turn|3\n|inactive|gspm02 has 30 seconds left.\n|inactive|danilomaster55 has 30 seconds left.\n|inactive|danilomaster55 has 20 seconds left.\n|inactive|danilomaster55 has 15 seconds left.\n|inactive|danilomaster55 has 10 seconds left.\n|inactive|danilomaster55 has 5 seconds left.\n|\n|t:|1684090751\n|switch|p1a: Amoonguss|Amoonguss, L50, M, shiny|100\/100\n|move|p1b: Iron Bundle|Protect|p1b: Iron Bundle\n|-singleturn|p1b: Iron Bundle|Protect\n|move|p2a: Dondozo|Order Up|p1b: Iron Bundle\n|-activate|p1b: Iron Bundle|move: Protect\n|\n|-heal|p2a: Dondozo|94\/100|[from] item: Leftovers\n|upkeep\n|turn|4\n|\n|t:|1684090769\n|move|p1a: Amoonguss|Rage Powder|p1a: Amoonguss\n|-singleturn|p1a: Amoonguss|move: Rage Powder\n|move|p1b: Iron Bundle|Freeze-Dry|p2a: Dondozo\n|-supereffective|p2a: Dondozo\n|-damage|p2a: Dondozo|57\/100\n|move|p2a: Dondozo|Substitute|p2a: Dondozo\n|-start|p2a: Dondozo|Substitute\n|-damage|p2a: Dondozo|32\/100\n|\n|-heal|p2a: Dondozo|39\/100|[from] item: Leftovers\n|upkeep\n|turn|5\n|\n|t:|1684090793\n|move|p1b: Iron Bundle|Encore|p2a: Dondozo\n|-start|p2a: Dondozo|Encore\n|move|p2a: Dondozo|Substitute|p2a: Dondozo\n|-fail|p2a: Dondozo|move: Substitute\n|move|p1a: Amoonguss|Pollen Puff|p1b: Iron Bundle\n|-heal|p1b: Iron Bundle|94\/100\n|\n|-heal|p2a: Dondozo|45\/100|[from] item: Leftovers\n|upkeep\n|turn|6\n|\n|t:|1684090807\n|move|p1b: Iron Bundle|Freeze-Dry|p2a: Dondozo\n|-supereffective|p2a: Dondozo\n|-end|p2a: Dondozo|Substitute\n|move|p2a: Dondozo|Substitute|p2a: Dondozo\n|-start|p2a: Dondozo|Substitute\n|-damage|p2a: Dondozo|20\/100\n|move|p1a: Amoonguss|Pollen Puff|p1b: Iron Bundle\n|-heal|p1b: Iron Bundle|100\/100\n|\n|-heal|p2a: Dondozo|26\/100|[from] item: Leftovers\n|upkeep\n|turn|7\n|\n|t:|1684090822\n|move|p1b: Iron Bundle|Freeze-Dry|p2a: Dondozo\n|-supereffective|p2a: Dondozo\n|-end|p2a: Dondozo|Substitute\n|move|p2a: Dondozo|Substitute|p2a: Dondozo\n|-start|p2a: Dondozo|Substitute\n|-damage|p2a: Dondozo|1\/100\n|move|p1a: Amoonguss|Spore||[still]\n|-fail|p1a: Amoonguss\n|\n|-heal|p2a: Dondozo|8\/100|[from] item: Leftovers\n|-end|p2a: Dondozo|Encore\n|upkeep\n|turn|8\n|\n|t:|1684090846\n|move|p1b: Iron Bundle|Encore|p2a: Dondozo\n|-start|p2a: Dondozo|Encore\n|move|p2a: Dondozo|Substitute|p2a: Dondozo\n|-fail|p2a: Dondozo|move: Substitute\n|move|p1a: Amoonguss|Spore||[still]\n|-fail|p1a: Amoonguss\n|\n|-heal|p2a: Dondozo|14\/100|[from] item: Leftovers\n|upkeep\n|turn|9\n|\n|t:|1684090859\n|move|p1b: Iron Bundle|Freeze-Dry|p2a: Dondozo\n|-supereffective|p2a: Dondozo\n|-end|p2a: Dondozo|Substitute\n|move|p2a: Dondozo|Substitute|p2a: Dondozo\n|-fail|p2a: Dondozo|move: Substitute|[weak]\n|move|p1a: Amoonguss|Spore|p2a: Dondozo\n|-status|p2a: Dondozo|slp|[from] move: Spore\n|\n|-heal|p2a: Dondozo|20\/100 slp|[from] item: Leftovers\n|upkeep\n|turn|10\n|\n|t:|1684090883\n|move|p1b: Iron Bundle|Icy Wind|p2b: Tatsugiri|[spread] p2a\n|-miss|p1b: Iron Bundle|p2b: Tatsugiri\n|-resisted|p2a: Dondozo\n|-damage|p2a: Dondozo|15\/100 slp\n|-unboost|p2a: Dondozo|spe|1\n|cant|p2a: Dondozo|slp\n|move|p1a: Amoonguss|Pollen Puff|p2a: Dondozo\n|-damage|p2a: Dondozo|4\/100 slp\n|\n|-heal|p2a: Dondozo|11\/100 slp|[from] item: Leftovers\n|-end|p2a: Dondozo|Encore\n|upkeep\n|turn|11\n|\n|t:|1684090902\n|move|p1b: Iron Bundle|Freeze-Dry|p2a: Dondozo\n|-supereffective|p2a: Dondozo\n|-damage|p2a: Dondozo|0 fnt\n|faint|p2a: Dondozo\n|move|p1a: Amoonguss|Spore|p2b: Tatsugiri\n|-status|p2b: Tatsugiri|slp|[from] move: Spore\n|\n|upkeep\n|\n|t:|1684090917\n|switch|p2a: Dragonite|Dragonite, L50, F, shiny|100\/100\n|turn|12\n|\n|t:|1684090930\n|-terastallize|p1b: Iron Bundle|Ghost\n|move|p1b: Iron Bundle|Freeze-Dry|p2a: Dragonite\n|-supereffective|p2a: Dragonite\n|-damage|p2a: Dragonite|19\/100\n|cant|p2b: Tatsugiri|slp\n|move|p2b: Tatsugiri|Sleep Talk|p2b: Tatsugiri\n|move|p2b: Tatsugiri|Icy Wind|p1a: Amoonguss|[from]move: Sleep Talk|[spread] p1a,p1b\n|-supereffective|p1a: Amoonguss\n|-damage|p1a: Amoonguss|75\/100\n|-damage|p1b: Iron Bundle|72\/100\n|-unboost|p1a: Amoonguss|spe|1\n|-unboost|p1b: Iron Bundle|spe|1\n|move|p2a: Dragonite|Low Kick|p1b: Iron Bundle\n|-immune|p1b: Iron Bundle\n|move|p1a: Amoonguss|Spore|p2a: Dragonite\n|-status|p2a: Dragonite|slp|[from] move: Spore\n|\n|upkeep\n|turn|13\n|\n|t:|1684090953\n|switch|p1a: Arcanine|Arcanine, L50, M, shiny|100\/100\n|-ability|p1a: Arcanine|Intimidate|boost\n|-fail|p2a: Dragonite|unboost|Attack|[from] ability: Inner Focus|[of] p2a: Dragonite\n|-unboost|p2b: Tatsugiri|atk|1\n|cant|p2b: Tatsugiri|slp\n|move|p2b: Tatsugiri|Sleep Talk|p2b: Tatsugiri\n|move|p2b: Tatsugiri|Muddy Water|p1b: Iron Bundle|[from]move: Sleep Talk|[spread] p1a\n|-miss|p2b: Tatsugiri|p1b: Iron Bundle\n|-supereffective|p1a: Arcanine\n|-damage|p1a: Arcanine|44\/100\n|-unboost|p1a: Arcanine|accuracy|1\n|move|p1b: Iron Bundle|Freeze-Dry|p2b: Tatsugiri\n|-supereffective|p2b: Tatsugiri\n|-damage|p2b: Tatsugiri|0 fnt\n|faint|p2b: Tatsugiri\n|cant|p2a: Dragonite|slp\n|\n|upkeep\n|\n|t:|1684090969\n|switch|p2b: Gholdengo|Gholdengo, L50, tera:Steel|30\/100\n|turn|14\n|\n|t:|1684090985\n|-end|p1b: Iron Bundle|Quark Drive|[silent]\n|switch|p1b: Amoonguss|Amoonguss, L50, M, shiny|100\/100\n|move|p2b: Gholdengo|Power Gem|p1a: Arcanine\n|-supereffective|p1a: Arcanine\n|-damage|p1a: Arcanine|0 fnt\n|faint|p1a: Arcanine\n|cant|p2a: Dragonite|slp\n|\n|upkeep\n|\n|t:|1684090994\n|switch|p1a: Iron Bundle|Iron Bundle, L50, shiny, tera:Ghost|72\/100\n|turn|15\n|\n|t:|1684091007\n|move|p1b: Amoonguss|Rage Powder|p1b: Amoonguss\n|-singleturn|p1b: Amoonguss|move: Rage Powder\n|move|p1a: Iron Bundle|Icy Wind|p2b: Gholdengo|[spread] p2a,p2b\n|-supereffective|p2a: Dragonite\n|-resisted|p2b: Gholdengo\n|-damage|p2a: Dragonite|0 fnt\n|-damage|p2b: Gholdengo|18\/100\n|-unboost|p2b: Gholdengo|spe|1\n|faint|p2a: Dragonite\n|move|p2b: Gholdengo|Power Gem|p1b: Amoonguss\n|-crit|p1b: Amoonguss\n|-damage|p1b: Amoonguss|39\/100\n|-enditem|p1b: Amoonguss|Sitrus Berry|[eat]\n|-heal|p1b: Amoonguss|64\/100|[from] item: Sitrus Berry\n|\n|upkeep\n|turn|16\n|-message|danilomaster55 forfeited.\n|\n|win|gspm02\n|raw|gspm02's rating: 1259 → 1280<\/strong> (+21 for winning)\n|raw|danilomaster55's rating: 1205 → 1184<\/strong> (-21 for losing)\n|l|\u2606danilomaster55\n","uploadtime":1684091032,"views":8,"p1id":"gspm02","p2id":"danilomaster55","formatid":"gen9vgc2023regulationc","rating":1184,"private":0,"password":""}