{"id":"gen9vgc2023regulationc-1862832845","p1":"IcanBoogie","p2":"Alexis_student","format":"[Gen 9] VGC 2023 Regulation C","log":"|j|\u2606IcanBoogie\n|j|\u2606Alexis_student\n|t:|1683927042\n|gametype|doubles\n|player|p1|IcanBoogie|bugcatcher-gen4dp|1187\n|player|p2|Alexis_student|170|1209\n|teamsize|p1|6\n|teamsize|p2|6\n|gen|9\n|tier|[Gen 9] VGC 2023 Regulation C\n|rated|\n|rule|Species Clause: Limit one of each Pok\u00e9mon\n|rule|Item Clause: Limit one of each item\n|clearpoke\n|poke|p1|Dragonite, L50, M|\n|poke|p1|Iron Bundle, L50|\n|poke|p1|Chi-Yu, L50|\n|poke|p1|Iron Hands, L50|\n|poke|p1|Great Tusk, L50|\n|poke|p1|Flutter Mane, L50|\n|poke|p2|Chi-Yu, L50|\n|poke|p2|Flutter Mane, L50|\n|poke|p2|Gyarados, L50, F|\n|poke|p2|Iron Hands, L50|\n|poke|p2|Dragonite, L50, F|\n|poke|p2|Amoonguss, L50, M|\n|teampreview|4\n|inactive|Battle timer is ON: inactive players will automatically lose when time's up. (requested by IcanBoogie)\n|\n|t:|1683927062\n|start\n|switch|p1a: Iron Hands|Iron Hands, L50|100\/100\n|switch|p1b: Flutter Mane|Flutter Mane, L50|100\/100\n|switch|p2a: Gyarados|Gyarados, L50, F|100\/100\n|switch|p2b: Iron Hands|Iron Hands, L50|100\/100\n|-ability|p2a: Gyarados|Intimidate|boost\n|-unboost|p1a: Iron Hands|atk|1\n|-unboost|p1b: Flutter Mane|atk|1\n|turn|1\n|\n|t:|1683927086\n|-terastallize|p1b: Flutter Mane|Fairy\n|move|p2b: Iron Hands|Fake Out|p1a: Iron Hands\n|-damage|p1a: Iron Hands|90\/100\n|cant|p1a: Iron Hands|flinch\n|move|p1b: Flutter Mane|Dazzling Gleam|p2b: Iron Hands|[spread] p2a,p2b\n|-supereffective|p2b: Iron Hands\n|-damage|p2a: Gyarados|59\/100\n|-damage|p2b: Iron Hands|54\/100\n|move|p2a: Gyarados|Thunder Wave|p1b: Flutter Mane|[miss]\n|-miss|p2a: Gyarados|p1b: Flutter Mane\n|\n|upkeep\n|turn|2\n|inactive|IcanBoogie has 30 seconds left.\n|\n|t:|1683927116\n|move|p1b: Flutter Mane|Dazzling Gleam|p2b: Iron Hands|[spread] p2a,p2b\n|-supereffective|p2b: Iron Hands\n|-damage|p2a: Gyarados|20\/100\n|-damage|p2b: Iron Hands|3\/100\n|move|p2a: Gyarados|Thunder Wave|p1b: Flutter Mane\n|-status|p1b: Flutter Mane|par\n|move|p2b: Iron Hands|Volt Switch|p1a: Iron Hands\n|-resisted|p1a: Iron Hands\n|-damage|p1a: Iron Hands|84\/100\n|\n|t:|1683927133\n|-end|p2b: Iron Hands|Quark Drive|[silent]\n|switch|p2b: Flutter Mane|Flutter Mane, L50|100\/100|[from] Volt Switch\n|move|p1a: Iron Hands|Volt Switch|p2a: Gyarados\n|-supereffective|p2a: Gyarados\n|-damage|p2a: Gyarados|0 fnt\n|faint|p2a: Gyarados\n|\n|t:|1683927151\n|-end|p1a: Iron Hands|Quark Drive|[silent]\n|switch|p1a: Great Tusk|Great Tusk, L50|100\/100|[from] Volt Switch\n|-enditem|p1a: Great Tusk|Booster Energy\n|-activate|p1a: Great Tusk|ability: Protosynthesis|[fromitem]\n|-start|p1a: Great Tusk|protosynthesisatk\n|\n|upkeep\n|\n|t:|1683927157\n|switch|p2a: Iron Hands|Iron Hands, L50|3\/100\n|turn|3\n|\n|t:|1683927167\n|move|p2a: Iron Hands|Fake Out|p1a: Great Tusk\n|-damage|p1a: Great Tusk|89\/100\n|move|p2b: Flutter Mane|Shadow Ball|p1b: Flutter Mane\n|-damage|p1b: Flutter Mane|62\/100 par\n|-damage|p2b: Flutter Mane|91\/100|[from] item: Life Orb\n|cant|p1a: Great Tusk|flinch\n|move|p1b: Flutter Mane|Dazzling Gleam|p2a: Iron Hands|[spread] p2a,p2b\n|-supereffective|p2a: Iron Hands\n|-damage|p2a: Iron Hands|0 fnt\n|-damage|p2b: Flutter Mane|43\/100\n|faint|p2a: Iron Hands\n|-end|p2a: Iron Hands|Quark Drive|[silent]\n|\n|upkeep\n|\n|t:|1683927182\n|switch|p2a: Chi-Yu|Chi-Yu, L50|100\/100\n|-ability|p2a: Chi-Yu|Beads of Ruin\n|turn|4\n|\n|t:|1683927196\n|-terastallize|p2a: Chi-Yu|Water\n|move|p2b: Flutter Mane|Moonblast|p1a: Great Tusk\n|-supereffective|p1a: Great Tusk\n|-damage|p1a: Great Tusk|0 fnt\n|faint|p1a: Great Tusk\n|-end|p1a: Great Tusk|Protosynthesis|[silent]\n|-damage|p2b: Flutter Mane|33\/100|[from] item: Life Orb\n|move|p2a: Chi-Yu|Flamethrower|p1b: Flutter Mane\n|-damage|p1b: Flutter Mane|20\/100 par\n|move|p1b: Flutter Mane|Dazzling Gleam|p2b: Flutter Mane|[spread] p2a,p2b\n|-damage|p2a: Chi-Yu|58\/100\n|-damage|p2b: Flutter Mane|0 fnt\n|faint|p2b: Flutter Mane\n|-end|p2b: Flutter Mane|Protosynthesis|[silent]\n|\n|upkeep\n|\n|t:|1683927213\n|switch|p1a: Iron Hands|Iron Hands, L50|84\/100\n|turn|5\n|\n|t:|1683927219\n|move|p2a: Chi-Yu|Protect|p2a: Chi-Yu\n|-singleturn|p2a: Chi-Yu|Protect\n|move|p1a: Iron Hands|Fake Out|p2a: Chi-Yu\n|-activate|p2a: Chi-Yu|move: Protect\n|cant|p1b: Flutter Mane|par\n|\n|upkeep\n|turn|6\n|\n|t:|1683927232\n|move|p2a: Chi-Yu|Flamethrower|p1b: Flutter Mane\n|-damage|p1b: Flutter Mane|0 fnt\n|faint|p1b: Flutter Mane\n|-end|p1b: Flutter Mane|Protosynthesis|[silent]\n|move|p1a: Iron Hands|Wild Charge|p2a: Chi-Yu\n|-supereffective|p2a: Chi-Yu\n|-damage|p2a: Chi-Yu|0 fnt\n|faint|p2a: Chi-Yu\n|-damage|p1a: Iron Hands|76\/100|[from] Recoil\n|\n|win|IcanBoogie\n|raw|IcanBoogie's rating: 1187 → 1214<\/strong> (+27 for winning)\n|raw|Alexis_student's rating: 1209 → 1182<\/strong> (-27 for losing)\n","uploadtime":1683927244,"views":12,"p1id":"icanboogie","p2id":"alexisstudent","formatid":"gen9vgc2023regulationc","rating":1182,"private":0,"password":""}