{"id":"gen9vgc2023regulationc-1856818170","p1":"kljkghjf","p2":"Sumovgc","format":"[Gen 9] VGC 2023 Regulation C","log":"|j|\u2606kljkghjf\n|j|\u2606Sumovgc\n|t:|1683115579\n|gametype|doubles\n|player|p1|kljkghjf|cynthia|1430\n|player|p2|Sumovgc|169|1327\n|teamsize|p1|6\n|teamsize|p2|6\n|gen|9\n|tier|[Gen 9] VGC 2023 Regulation C\n|rated|\n|rule|Species Clause: Limit one of each Pok\u00e9mon\n|rule|Item Clause: Limit one of each item\n|clearpoke\n|poke|p1|Dondozo, L50, M|\n|poke|p1|Tatsugiri, L50, M|\n|poke|p1|Glimmora, L50, M|\n|poke|p1|Flutter Mane, L50|\n|poke|p1|Chien-Pao, L50|\n|poke|p1|Dragonite, L50, M|\n|poke|p2|Iron Bundle, L50|\n|poke|p2|Brute Bonnet, L50|\n|poke|p2|Talonflame, L50, F|\n|poke|p2|Great Tusk, L50|\n|poke|p2|Gholdengo, L50|\n|poke|p2|Flutter Mane, L50|\n|teampreview|4\n|inactive|Battle timer is ON: inactive players will automatically lose when time's up. (requested by Sumovgc)\n|inactive|kljkghjf also wants the timer to be on.\nSumovgc has agreed to open team sheets.\nkljkghjf rejected open team sheets.\n|inactive|kljkghjf has 60 seconds left.\n|inactive|Sumovgc has 60 seconds left.\n|\n|t:|1683115638\n|start\n|switch|p1a: Dondozo|Dondozo, L50, M, shiny|100\/100\n|switch|p1b: Chien-Pao|Chien-Pao, L50|100\/100\n|switch|p2a: Talonflame|Talonflame, L50, F|100\/100\n|switch|p2b: Flutter Mane|Flutter Mane, L50|100\/100\n|-ability|p1b: Chien-Pao|Sword of Ruin\n|turn|1\n|inactive|kljkghjf has 30 seconds left.\n|inactive|kljkghjf has 20 seconds left.\n|inactive|kljkghjf has 15 seconds left.\n|inactive|kljkghjf has 10 seconds left.\n|inactive|kljkghjf has 5 seconds left.\n|\n|t:|1683115689\n|-terastallize|p1a: Dondozo|Steel\n|move|p1b: Chien-Pao|Ice Spinner|p2b: Flutter Mane\n|-damage|p2b: Flutter Mane|3\/100\n|move|p2a: Talonflame|Taunt|p1a: Dondozo\n|-start|p1a: Dondozo|move: Taunt\n|move|p2b: Flutter Mane|Dazzling Gleam|p1a: Dondozo|[spread] p1a,p1b\n|-resisted|p1a: Dondozo\n|-supereffective|p1b: Chien-Pao\n|-damage|p1a: Dondozo|81\/100\n|-enditem|p1b: Chien-Pao|Focus Sash\n|-damage|p1b: Chien-Pao|1\/100\n|move|p1a: Dondozo|Wave Crash|p2a: Talonflame\n|-supereffective|p2a: Talonflame\n|-damage|p2a: Talonflame|0 fnt\n|faint|p2a: Talonflame\n|-damage|p1a: Dondozo|56\/100|[from] Recoil\n|\n|-heal|p1a: Dondozo|62\/100|[from] item: Leftovers\n|upkeep\n|\n|t:|1683115704\n|switch|p2a: Iron Bundle|Iron Bundle, L50|100\/100\n|-enditem|p2a: Iron Bundle|Booster Energy\n|-activate|p2a: Iron Bundle|ability: Quark Drive|[fromitem]\n|-start|p2a: Iron Bundle|quarkdrivespe\n|turn|2\n|\n|t:|1683115713\n|switch|p1b: Tatsugiri|Tatsugiri, L50, M, shiny|100\/100\n|-activate|p1b: Tatsugiri|ability: Commander|[of] p1a: Dondozo\n|-boost|p1a: Dondozo|atk|2\n|-boost|p1a: Dondozo|spa|2\n|-boost|p1a: Dondozo|spe|2\n|-boost|p1a: Dondozo|def|2\n|-boost|p1a: Dondozo|spd|2\n|-end|p2b: Flutter Mane|Protosynthesis|[silent]\n|switch|p2b: Brute Bonnet|Brute Bonnet, L50|100\/100\n|move|p2a: Iron Bundle|Icy Wind|p1a: Dondozo|[spread] p1a\n|-miss|p2a: Iron Bundle|p1b: Tatsugiri\n|-resisted|p1a: Dondozo\n|-damage|p1a: Dondozo|58\/100\n|-unboost|p1a: Dondozo|spe|1\n|move|p1a: Dondozo|Earthquake|p2b: Brute Bonnet|[spread] p2a,p2b\n|-miss|p1a: Dondozo|p1b: Tatsugiri\n|-resisted|p2b: Brute Bonnet\n|-damage|p2a: Iron Bundle|49\/100\n|-damage|p2b: Brute Bonnet|82\/100\n|\n|-heal|p1a: Dondozo|64\/100|[from] item: Leftovers\n|upkeep\n|turn|3\n|inactive|Sumovgc has 30 seconds left.\n|inactive|kljkghjf has 30 seconds left.\n|\n|t:|1683115747\n|move|p2a: Iron Bundle|Icy Wind|p1b: Tatsugiri|[spread] p1a\n|-miss|p2a: Iron Bundle|p1b: Tatsugiri\n|-resisted|p1a: Dondozo\n|-crit|p1a: Dondozo\n|-damage|p1a: Dondozo|50\/100\n|-unboost|p1a: Dondozo|spe|1\n|move|p2b: Brute Bonnet|Spore|p1a: Dondozo\n|-status|p1a: Dondozo|slp|[from] move: Spore\n|cant|p1a: Dondozo|slp\n|\n|-heal|p1a: Dondozo|56\/100 slp|[from] item: Leftovers\n|-end|p1a: Dondozo|move: Taunt\n|upkeep\n|turn|4\n|\n|t:|1683115772\n|move|p2a: Iron Bundle|Hydro Pump|p1a: Dondozo\n|-damage|p1a: Dondozo|34\/100 slp\n|move|p2b: Brute Bonnet|Bullet Seed|p1a: Dondozo\n|-resisted|p1a: Dondozo\n|-damage|p1a: Dondozo|32\/100 slp\n|-resisted|p1a: Dondozo\n|-damage|p1a: Dondozo|30\/100 slp\n|-resisted|p1a: Dondozo\n|-damage|p1a: Dondozo|28\/100 slp\n|-resisted|p1a: Dondozo\n|-damage|p1a: Dondozo|25\/100 slp\n|-resisted|p1a: Dondozo\n|-damage|p1a: Dondozo|23\/100 slp\n|-hitcount|p1a: Dondozo|5\n|-curestatus|p1a: Dondozo|slp|[msg]\n|move|p1a: Dondozo|Earthquake|p2b: Brute Bonnet|[spread] p2a,p2b\n|-miss|p1a: Dondozo|p1b: Tatsugiri\n|-resisted|p2b: Brute Bonnet\n|-damage|p2a: Iron Bundle|0 fnt\n|-damage|p2b: Brute Bonnet|64\/100\n|faint|p2a: Iron Bundle\n|-end|p2a: Iron Bundle|Quark Drive|[silent]\n|\n|-heal|p1a: Dondozo|29\/100|[from] item: Leftovers\n|upkeep\n|\n|t:|1683115787\n|switch|p2a: Flutter Mane|Flutter Mane, L50|3\/100\n|turn|5\n|inactive|Sumovgc has 30 seconds left.\n|inactive|Sumovgc has 20 seconds left.\n|inactive|Sumovgc has 15 seconds left.\n|\n|t:|1683115829\n|-terastallize|p2a: Flutter Mane|Fairy\n|move|p1a: Dondozo|Protect|p1a: Dondozo\n|-singleturn|p1a: Dondozo|Protect\n|move|p2a: Flutter Mane|Dazzling Gleam|p1b: Tatsugiri|[spread] \n|-miss|p2a: Flutter Mane|p1b: Tatsugiri\n|-activate|p1a: Dondozo|move: Protect\n|move|p2b: Brute Bonnet|Spore|p1a: Dondozo\n|-activate|p1a: Dondozo|move: Protect\n|\n|-heal|p1a: Dondozo|35\/100|[from] item: Leftovers\n|upkeep\n|turn|6\n|\n|t:|1683115841\n|move|p2a: Flutter Mane|Dazzling Gleam|p1b: Tatsugiri|[spread] p1a\n|-miss|p2a: Flutter Mane|p1b: Tatsugiri\n|-resisted|p1a: Dondozo\n|-damage|p1a: Dondozo|21\/100\n|move|p2b: Brute Bonnet|Spore|p1a: Dondozo\n|-status|p1a: Dondozo|slp|[from] move: Spore\n|cant|p1a: Dondozo|slp\n|\n|-heal|p1a: Dondozo|27\/100 slp|[from] item: Leftovers\n|upkeep\n|turn|7\n|\n|t:|1683115851\n|cant|p1a: Dondozo|slp\n|move|p2b: Brute Bonnet|Sucker Punch||[still]\n|-fail|p2b: Brute Bonnet\n|move|p2a: Flutter Mane|Dazzling Gleam|p1a: Dondozo|[spread] p1a\n|-miss|p2a: Flutter Mane|p1b: Tatsugiri\n|-resisted|p1a: Dondozo\n|-damage|p1a: Dondozo|14\/100 slp\n|\n|-heal|p1a: Dondozo|20\/100 slp|[from] item: Leftovers\n|upkeep\n|turn|8\n|\n|t:|1683115864\n|cant|p1a: Dondozo|slp\n|move|p2b: Brute Bonnet|Sucker Punch||[still]\n|-fail|p2b: Brute Bonnet\n|move|p2a: Flutter Mane|Dazzling Gleam|p1a: Dondozo|[spread] p1a\n|-miss|p2a: Flutter Mane|p1b: Tatsugiri\n|-resisted|p1a: Dondozo\n|-damage|p1a: Dondozo|8\/100 slp\n|\n|-heal|p1a: Dondozo|14\/100 slp|[from] item: Leftovers\n|upkeep\n|turn|9\n|\n|t:|1683115879\n|-curestatus|p1a: Dondozo|slp|[msg]\n|move|p1a: Dondozo|Protect|p1a: Dondozo\n|-singleturn|p1a: Dondozo|Protect\n|move|p2a: Flutter Mane|Dazzling Gleam|p1a: Dondozo|[spread] \n|-miss|p2a: Flutter Mane|p1b: Tatsugiri\n|-activate|p1a: Dondozo|move: Protect\n|move|p2b: Brute Bonnet|Bullet Seed|p1a: Dondozo\n|-activate|p1a: Dondozo|move: Protect\n|\n|-heal|p1a: Dondozo|20\/100|[from] item: Leftovers\n|upkeep\n|turn|10\n|\n|t:|1683115890\n|move|p2a: Flutter Mane|Dazzling Gleam|p1b: Tatsugiri|[spread] p1a\n|-miss|p2a: Flutter Mane|p1b: Tatsugiri\n|-resisted|p1a: Dondozo\n|-crit|p1a: Dondozo\n|-damage|p1a: Dondozo|0 fnt\n|faint|p1a: Dondozo\n|move|p2b: Brute Bonnet|Spore|p1b: Tatsugiri\n|-status|p1b: Tatsugiri|slp|[from] move: Spore\n|\n|upkeep\n|\n|t:|1683115899\n|switch|p1a: Flutter Mane|Flutter Mane, L50|100\/100\n|-enditem|p1a: Flutter Mane|Booster Energy\n|-activate|p1a: Flutter Mane|ability: Protosynthesis|[fromitem]\n|-start|p1a: Flutter Mane|protosynthesisspa\n|turn|11\n|\n|t:|1683115911\n|move|p2b: Brute Bonnet|Sucker Punch|p1a: Flutter Mane\n|-damage|p1a: Flutter Mane|36\/100\n|cant|p1b: Tatsugiri|slp\n|move|p2a: Flutter Mane|Dazzling Gleam|p1b: Tatsugiri|[spread] p1a,p1b\n|-supereffective|p1b: Tatsugiri\n|-damage|p1a: Flutter Mane|0 fnt\n|-damage|p1b: Tatsugiri|0 fnt\n|faint|p1a: Flutter Mane\n|-end|p1a: Flutter Mane|Protosynthesis|[silent]\n|faint|p1b: Tatsugiri\n|\n|upkeep\n|-message|kljkghjf forfeited.\n|\n|win|Sumovgc\n|raw|kljkghjf's rating: 1430 → 1404<\/strong> (-26 for losing)\n|raw|Sumovgc's rating: 1327 → 1353<\/strong> (+26 for winning)\n|l|\u2606kljkghjf\n","uploadtime":1683115951,"views":7,"p1id":"kljkghjf","p2id":"sumovgc","formatid":"gen9vgc2023regulationc","rating":1353,"private":0,"password":""}