{"id":"gen9vgc2023regulationc-1845116585","p1":"fonzee3000","p2":"RgAngel","format":"[Gen 9] VGC 2023 Regulation C","log":"|j|\u2606fonzee3000\n|j|\u2606RgAngel\n|t:|1681685462\n|gametype|doubles\n|player|p1|fonzee3000|brycenman|1177\n|player|p2|RgAngel|candice|1234\n|teamsize|p1|6\n|teamsize|p2|6\n|gen|9\n|tier|[Gen 9] VGC 2023 Regulation C\n|rated|\n|rule|Species Clause: Limit one of each Pok\u00e9mon\n|rule|Item Clause: Limit one of each item\n|clearpoke\n|poke|p1|Farigiraf, L50, F|\n|poke|p1|Iron Hands, L50|\n|poke|p1|Flutter Mane, L50|\n|poke|p1|Dragonite, L50, M|\n|poke|p1|Torkoal, L50, F|\n|poke|p1|Chien-Pao, L50|\n|poke|p2|Torkoal, L50, M|\n|poke|p2|Great Tusk, L50|\n|poke|p2|Gyarados, L50, M|\n|poke|p2|Flutter Mane, L50|\n|poke|p2|Glimmora, L50, M|\n|poke|p2|Iron Bundle, L50|\n|teampreview|4\nRgAngel has agreed to open team sheets.\nfonzee3000 has agreed to open team sheets.\n|inactive|Battle timer is ON: inactive players will automatically lose when time's up. (requested by fonzee3000)\n|inactive|fonzee3000 has 60 seconds left.\n|inactive|RgAngel has 60 seconds left.\n|inactive|fonzee3000 has 30 seconds left.\n|inactive|fonzee3000 has 20 seconds left.\n|\n|t:|1681685539\n|start\n|switch|p1a: Dragonite|Dragonite, L50, M, shiny|100\/100\n|switch|p1b: Chien-Pao|Chien-Pao, L50|100\/100\n|switch|p2a: Flutter Mane|Flutter Mane, L50|100\/100\n|switch|p2b: Torkoal|Torkoal, L50, M|100\/100\n|-ability|p1b: Chien-Pao|Sword of Ruin\n|-weather|SunnyDay|[from] ability: Drought|[of] p2b: Torkoal\n|-activate|p2a: Flutter Mane|ability: Protosynthesis\n|-start|p2a: Flutter Mane|protosynthesisspe\n|turn|1\n|inactive|fonzee3000 has 30 seconds left.\n|inactive|fonzee3000 has 20 seconds left.\n|\n|t:|1681685574\n|-end|p2a: Flutter Mane|Protosynthesis|[silent]\n|switch|p2a: Glimmora|Glimmora, L50, M|100\/100\n|-terastallize|p1a: Dragonite|Normal\n|move|p1a: Dragonite|Extreme Speed|p2b: Torkoal\n|-damage|p2b: Torkoal|34\/100\n|-enditem|p2b: Torkoal|Sitrus Berry|[eat]\n|-heal|p2b: Torkoal|59\/100|[from] item: Sitrus Berry\n|move|p1b: Chien-Pao|Sucker Punch||[still]\n|-fail|p1b: Chien-Pao\n|move|p2b: Torkoal|Yawn|p1a: Dragonite\n|-start|p1a: Dragonite|move: Yawn|[of] p2b: Torkoal\n|\n|-weather|SunnyDay|[upkeep]\n|upkeep\n|turn|2\n|inactive|fonzee3000 has 30 seconds left.\n|inactive|fonzee3000 has 20 seconds left.\n|\n|t:|1681685611\n|switch|p1a: Iron Hands|Iron Hands, L50|100\/100\n|move|p2b: Torkoal|Protect|p2b: Torkoal\n|-singleturn|p2b: Torkoal|Protect\n|move|p1b: Chien-Pao|Sacred Sword|p2b: Torkoal\n|-activate|p2b: Torkoal|move: Protect\n|move|p2a: Glimmora|Mortal Spin|p1b: Chien-Pao|[spread] p1a,p1b\n|-damage|p1a: Iron Hands|97\/100\n|-damage|p1b: Chien-Pao|95\/100\n|-status|p1a: Iron Hands|psn\n|-status|p1b: Chien-Pao|psn\n|\n|-weather|SunnyDay|[upkeep]\n|-damage|p1b: Chien-Pao|82\/100 psn|[from] psn\n|-damage|p1a: Iron Hands|84\/100 psn|[from] psn\n|upkeep\n|turn|3\n|inactive|fonzee3000 has 30 seconds left.\n|inactive|fonzee3000 has 20 seconds left.\n|\n|t:|1681685648\n|switch|p2b: Gyarados|Gyarados, L50, M, shiny|100\/100\n|-ability|p2b: Gyarados|Intimidate|boost\n|-unboost|p1a: Iron Hands|atk|1\n|-unboost|p1b: Chien-Pao|atk|1\n|-terastallize|p2a: Glimmora|Grass\n|move|p1a: Iron Hands|Fake Out|p2b: Gyarados\n|-damage|p2b: Gyarados|87\/100\n|move|p1b: Chien-Pao|Sacred Sword|p2b: Gyarados\n|-resisted|p2b: Gyarados\n|-damage|p2b: Gyarados|75\/100\n|move|p2a: Glimmora|Power Gem|p1b: Chien-Pao\n|-supereffective|p1b: Chien-Pao\n|-damage|p1b: Chien-Pao|0 fnt\n|faint|p1b: Chien-Pao\n|\n|-weather|SunnyDay|[upkeep]\n|-damage|p1a: Iron Hands|72\/100 psn|[from] psn\n|upkeep\n|\n|t:|1681685666\n|switch|p1b: Dragonite|Dragonite, L50, M, shiny, tera:Normal|100\/100\n|turn|4\n|inactive|RgAngel has 30 seconds left.\n|\n|t:|1681685693\n|move|p2a: Glimmora|Power Gem|p1b: Dragonite\n|-damage|p1b: Dragonite|59\/100\n|move|p1b: Dragonite|Ice Spinner|p2a: Glimmora\n|-supereffective|p2a: Glimmora\n|-enditem|p2a: Glimmora|Focus Sash\n|-damage|p2a: Glimmora|1\/100\n|-activate|p2a: Glimmora|ability: Toxic Debris\n|-sidestart|p1: fonzee3000|move: Toxic Spikes\n|move|p2b: Gyarados|Thunder Wave|p1b: Dragonite\n|-status|p1b: Dragonite|par\n|move|p1a: Iron Hands|Wild Charge|p2b: Gyarados\n|-supereffective|p2b: Gyarados\n|-damage|p2b: Gyarados|0 fnt\n|faint|p2b: Gyarados\n|-damage|p1a: Iron Hands|56\/100 psn|[from] Recoil\n|\n|-weather|SunnyDay|[upkeep]\n|-damage|p1a: Iron Hands|44\/100 psn|[from] psn\n|upkeep\n|\n|t:|1681685709\n|switch|p2b: Flutter Mane|Flutter Mane, L50|100\/100\n|-activate|p2b: Flutter Mane|ability: Protosynthesis\n|-start|p2b: Flutter Mane|protosynthesisspe\n|turn|5\n|inactive|fonzee3000 has 30 seconds left.\n|\n|t:|1681685737\n|-end|p1a: Iron Hands|Quark Drive|[silent]\n|switch|p1a: Flutter Mane|Flutter Mane, L50|100\/100\n|-status|p1a: Flutter Mane|psn\n|-activate|p1a: Flutter Mane|ability: Protosynthesis\n|-start|p1a: Flutter Mane|protosynthesisspe\n|move|p2b: Flutter Mane|Dazzling Gleam|p1b: Dragonite|[spread] p1a,p1b\n|-damage|p1a: Flutter Mane|58\/100 psn\n|-damage|p1b: Dragonite|17\/100 par\n|move|p2a: Glimmora|Sludge Bomb|p1a: Flutter Mane\n|-damage|p1a: Flutter Mane|13\/100 psn\n|move|p1b: Dragonite|Ice Spinner|p2b: Flutter Mane\n|-damage|p2b: Flutter Mane|6\/100\n|\n|-weather|none\n|-end|p2b: Flutter Mane|Protosynthesis\n|-end|p1a: Flutter Mane|Protosynthesis\n|-damage|p1a: Flutter Mane|1\/100 psn|[from] psn\n|upkeep\n|-enditem|p1a: Flutter Mane|Booster Energy\n|-activate|p1a: Flutter Mane|ability: Protosynthesis|[fromitem]\n|-start|p1a: Flutter Mane|protosynthesisspe\n|turn|6\n|\n|t:|1681685758\n|-end|p2b: Flutter Mane|Protosynthesis|[silent]\n|switch|p2b: Torkoal|Torkoal, L50, M|59\/100\n|-weather|SunnyDay|[from] ability: Drought|[of] p2b: Torkoal\n|move|p2a: Glimmora|Protect|p2a: Glimmora\n|-singleturn|p2a: Glimmora|Protect\n|move|p1a: Flutter Mane|Dazzling Gleam|p2b: Torkoal|[spread] p2b\n|-activate|p2a: Glimmora|move: Protect\n|-resisted|p2b: Torkoal\n|-damage|p2b: Torkoal|46\/100\n|move|p1b: Dragonite|Ice Spinner|p2b: Torkoal\n|-resisted|p2b: Torkoal\n|-damage|p2b: Torkoal|28\/100\n|\n|-weather|SunnyDay|[upkeep]\n|-damage|p1a: Flutter Mane|0 fnt|[from] psn\n|faint|p1a: Flutter Mane\n|-end|p1a: Flutter Mane|Protosynthesis|[silent]\n|upkeep\n|\n|t:|1681685773\n|switch|p1a: Iron Hands|Iron Hands, L50|44\/100 psn\n|turn|7\n|\n|t:|1681685783\n|move|p1a: Iron Hands|Fake Out|p2a: Glimmora\n|-damage|p2a: Glimmora|0 fnt\n|-activate|p2a: Glimmora|ability: Toxic Debris\n|-sidestart|p1: fonzee3000|move: Toxic Spikes\n|faint|p2a: Glimmora\n|move|p1b: Dragonite|Ice Spinner|p2b: Torkoal\n|-resisted|p2b: Torkoal\n|-damage|p2b: Torkoal|11\/100\n|move|p2b: Torkoal|Flamethrower|p1a: Iron Hands\n|-damage|p1a: Iron Hands|10\/100 psn\n|\n|-weather|SunnyDay|[upkeep]\n|-damage|p1a: Iron Hands|0 fnt|[from] psn\n|faint|p1a: Iron Hands\n|-end|p1a: Iron Hands|Quark Drive|[silent]\n|upkeep\n|\n|t:|1681685795\n|switch|p2a: Flutter Mane|Flutter Mane, L50|6\/100\n|-activate|p2a: Flutter Mane|ability: Protosynthesis\n|-start|p2a: Flutter Mane|protosynthesisspe\n|turn|8\n|\n|t:|1681685802\n|move|p2a: Flutter Mane|Moonblast|p1b: Dragonite\n|-damage|p1b: Dragonite|0 fnt\n|faint|p1b: Dragonite\n|\n|win|RgAngel\n|raw|fonzee3000's rating: 1177 → 1156<\/strong> (-21 for losing)\n|raw|RgAngel's rating: 1234 → 1255<\/strong> (+21 for winning)\n|l|\u2606RgAngel\n","uploadtime":1681685808,"views":18,"p1id":"fonzee3000","p2id":"rgangel","formatid":"gen9vgc2023regulationc","rating":1156,"private":0,"password":""}