{"id":"gen9vgc2023regulationc-1860176018","p1":"valhala alfa","p2":"ChefShimi","format":"[Gen 9] VGC 2023 Regulation C","log":"|j|\u2606valhala alfa\n|j|\u2606ChefShimi\n|t:|1683605038\n|gametype|doubles\n|player|p1|valhala alfa|266|1386\n|player|p2|ChefShimi|1|1323\n|teamsize|p1|6\n|teamsize|p2|6\n|gen|9\n|tier|[Gen 9] VGC 2023 Regulation C\n|rated|\n|rule|Species Clause: Limit one of each Pok\u00e9mon\n|rule|Item Clause: Limit one of each item\n|clearpoke\n|poke|p1|Annihilape, L50, M|\n|poke|p1|Maushold, L50|\n|poke|p1|Glimmora, L50, F|\n|poke|p1|Iron Jugulis, L50|\n|poke|p1|Garganacl, L50, M|\n|poke|p1|Flareon, L50, M|\n|poke|p2|Gallade, L50, M|\n|poke|p2|Indeedee-F, L50, F|\n|poke|p2|Torkoal, L50, F|\n|poke|p2|Flutter Mane, L50|\n|poke|p2|Great Tusk, L50|\n|poke|p2|Roaring Moon, L50|\n|teampreview|4\n|inactive|Battle timer is ON: inactive players will automatically lose when time's up. (requested by valhala alfa)\nvalhala alfa rejected open team sheets.\n|inactive|valhala alfa has 60 seconds left.\n|\n|t:|1683605093\n|start\n|switch|p1a: Iron Jugulis|Iron Jugulis, L50|100\/100\n|switch|p1b: Garganacl|Garganacl, L50, M|100\/100\n|switch|p2a: Gallade|Gallade, L50, M|100\/100\n|switch|p2b: Indeedee|Indeedee-F, L50, F|100\/100\n|-fieldstart|move: Psychic Terrain|[from] ability: Psychic Surge|[of] p2b: Indeedee\n|-enditem|p2b: Indeedee|Psychic Seed\n|-boost|p2b: Indeedee|spd|1|[from] item: Psychic Seed\n|turn|1\n|\n|t:|1683605116\n|-terastallize|p1b: Garganacl|Ghost\n|move|p1a: Iron Jugulis|Snarl|p2a: Gallade|[spread] p2a,p2b\n|-supereffective|p2b: Indeedee\n|-damage|p2a: Gallade|75\/100\n|-damage|p2b: Indeedee|65\/100\n|-unboost|p2a: Gallade|spa|1\n|-unboost|p2b: Indeedee|spa|1\n|-damage|p1a: Iron Jugulis|91\/100|[from] item: Life Orb\n|move|p2a: Gallade|Sacred Sword|p1b: Garganacl\n|-immune|p1b: Garganacl\n|move|p1b: Garganacl|Salt Cure|p2a: Gallade\n|-resisted|p2a: Gallade\n|-damage|p2a: Gallade|66\/100\n|-start|p2a: Gallade|Salt Cure\n|move|p2b: Indeedee|Trick Room|p2b: Indeedee\n|-fieldstart|move: Trick Room|[of] p2b: Indeedee\n|\n|-damage|p2a: Gallade|54\/100|[from] Salt Cure\n|upkeep\n|turn|2\n|inactive|valhala alfa has 30 seconds left.\n|\n|t:|1683605142\n|move|p1b: Garganacl|Salt Cure|p2b: Indeedee\n|-damage|p2b: Indeedee|50\/100\n|-start|p2b: Indeedee|Salt Cure\n|move|p2a: Gallade|Psycho Cut|p1b: Garganacl\n|-damage|p1b: Garganacl|32\/100\n|-damage|p2a: Gallade|44\/100|[from] item: Life Orb\n|move|p2b: Indeedee|Dazzling Gleam|p1a: Iron Jugulis|[spread] p1a,p1b\n|-supereffective|p1a: Iron Jugulis\n|-damage|p1a: Iron Jugulis|71\/100\n|-damage|p1b: Garganacl|25\/100\n|move|p1a: Iron Jugulis|Snarl|p2a: Gallade|[spread] p2a,p2b\n|-supereffective|p2b: Indeedee\n|-damage|p2a: Gallade|19\/100\n|-damage|p2b: Indeedee|17\/100\n|-unboost|p2a: Gallade|spa|1\n|-unboost|p2b: Indeedee|spa|1\n|-damage|p1a: Iron Jugulis|61\/100|[from] item: Life Orb\n|\n|-heal|p1b: Garganacl|31\/100|[from] item: Leftovers\n|-damage|p2a: Gallade|7\/100|[from] Salt Cure\n|-damage|p2b: Indeedee|5\/100|[from] Salt Cure\n|upkeep\n|turn|3\n|inactive|valhala alfa has 30 seconds left.\n|inactive|ChefShimi has 30 seconds left.\n|inactive|valhala alfa has 20 seconds left.\n|inactive|valhala alfa has 15 seconds left.\n|\n|t:|1683605185\n|move|p1a: Iron Jugulis|Protect|p1a: Iron Jugulis\n|-singleturn|p1a: Iron Jugulis|Protect\n|move|p1b: Garganacl|Recover|p1b: Garganacl\n|-heal|p1b: Garganacl|81\/100\n|move|p2a: Gallade|Sacred Sword|p1a: Iron Jugulis\n|-activate|p1a: Iron Jugulis|move: Protect\n|move|p2b: Indeedee|Dazzling Gleam|p1b: Garganacl|[spread] p1b\n|-activate|p1a: Iron Jugulis|move: Protect\n|-crit|p1b: Garganacl\n|-damage|p1b: Garganacl|65\/100\n|\n|-heal|p1b: Garganacl|71\/100|[from] item: Leftovers\n|-damage|p2a: Gallade|0 fnt|[from] Salt Cure\n|faint|p2a: Gallade\n|-damage|p2b: Indeedee|0 fnt|[from] Salt Cure\n|faint|p2b: Indeedee\n|upkeep\n|\n|t:|1683605193\n|switch|p2a: Torkoal|Torkoal, L50, F|100\/100\n|switch|p2b: Great Tusk|Great Tusk, L50|100\/100\n|-weather|SunnyDay|[from] ability: Drought|[of] p2a: Torkoal\n|-activate|p2b: Great Tusk|ability: Protosynthesis\n|-start|p2b: Great Tusk|protosynthesisatk\n|turn|4\n|\n|t:|1683605213\n|-terastallize|p2a: Torkoal|Fire\n|move|p2b: Great Tusk|Protect|p2b: Great Tusk\n|-singleturn|p2b: Great Tusk|Protect\n|move|p1b: Garganacl|Wide Guard|p1b: Garganacl\n|-singleturn|p1b: Garganacl|Wide Guard\n|move|p2a: Torkoal|Eruption|p1b: Garganacl|[spread] \n|-activate|p1a: Iron Jugulis|move: Wide Guard\n|-activate|p1b: Garganacl|move: Wide Guard\n|move|p1a: Iron Jugulis|Snarl|p2b: Great Tusk|[spread] p2a\n|-activate|p2b: Great Tusk|move: Protect\n|-damage|p2a: Torkoal|68\/100\n|-unboost|p2a: Torkoal|spa|1\n|-damage|p1a: Iron Jugulis|51\/100|[from] item: Life Orb\n|\n|-weather|SunnyDay|[upkeep]\n|-heal|p1b: Garganacl|77\/100|[from] item: Leftovers\n|upkeep\n|turn|5\n|-message|ChefShimi forfeited.\n|\n|win|valhala alfa\n|raw|valhala alfa's rating: 1386 → 1402<\/strong> (+16 for winning)\n|raw|ChefShimi's rating: 1323 → 1307<\/strong> (-16 for losing)\n|l|\u2606ChefShimi\n","uploadtime":1683605245,"views":10,"p1id":"valhalaalfa","p2id":"chefshimi","formatid":"gen9vgc2023regulationc","rating":1307,"private":0,"password":""}