{"id":"gen9vgc2023regulationc-1852967149","p1":"That_Leek","p2":"TogoVGC","format":"[Gen 9] VGC 2023 Regulation C","log":"|j|\u203dThat_Leek\n|j|\u2606TogoVGC\n|t:|1682621375\n|gametype|doubles\n|player|p1|That_Leek|blue-masters|1370\n|player|p2|TogoVGC|169|1344\n|teamsize|p1|6\n|teamsize|p2|6\n|gen|9\n|tier|[Gen 9] VGC 2023 Regulation C\n|rated|\n|rule|Species Clause: Limit one of each Pok\u00e9mon\n|rule|Item Clause: Limit one of each item\n|clearpoke\n|poke|p1|Gholdengo, L50|\n|poke|p1|Gyarados, L50, F|\n|poke|p1|Tyranitar, L50, M|\n|poke|p1|Maushold-Four, L50|\n|poke|p1|Annihilape, L50, F|\n|poke|p1|Volcarona, L50, M|\n|poke|p2|Drifblim, L50, F|\n|poke|p2|Indeedee, L50, M|\n|poke|p2|Iron Valiant, L50|\n|poke|p2|Chien-Pao, L50|\n|poke|p2|Chi-Yu, L50|\n|poke|p2|Maushold, L50|\n|teampreview|4\n|\n|t:|1682621405\n|start\n|switch|p1a: Tyranitar|Tyranitar, L50, M|100\/100\n|switch|p1b: Gholdengo|Gholdengo, L50|100\/100\n|switch|p2a: Drifblim|Drifblim, L50, F|100\/100\n|switch|p2b: Indeedee|Indeedee, L50, M|100\/100\n|-fieldstart|move: Psychic Terrain|[from] ability: Psychic Surge|[of] p2b: Indeedee\n|-enditem|p2a: Drifblim|Psychic Seed\n|-boost|p2a: Drifblim|spd|1|[from] item: Psychic Seed\n|-weather|Sandstorm|[from] ability: Sand Stream|[of] p1a: Tyranitar\n|turn|1\n|\n|t:|1682621414\n|move|p2b: Indeedee|Protect|p2b: Indeedee\n|-singleturn|p2b: Indeedee|Protect\n|move|p2a: Drifblim|Tailwind|p2a: Drifblim\n|-sidestart|p2: TogoVGC|move: Tailwind\n|move|p1b: Gholdengo|Nasty Plot|p1b: Gholdengo\n|-boost|p1b: Gholdengo|spa|2\n|move|p1a: Tyranitar|Rock Slide|p2b: Indeedee|[spread] p2a\n|-activate|p2b: Indeedee|move: Protect\n|-supereffective|p2a: Drifblim\n|-damage|p2a: Drifblim|13\/100\n|\n|-weather|Sandstorm|[upkeep]\n|-damage|p2a: Drifblim|7\/100|[from] Sandstorm\n|-damage|p2b: Indeedee|95\/100|[from] Sandstorm\n|upkeep\n|turn|2\n|\n|t:|1682621429\n|move|p2a: Drifblim|Will-O-Wisp|p1a: Tyranitar|[miss]\n|-miss|p2a: Drifblim|p1a: Tyranitar\n|move|p2b: Indeedee|Psyshock|p1b: Gholdengo\n|-resisted|p1b: Gholdengo\n|-damage|p1b: Gholdengo|74\/100\n|-damage|p2b: Indeedee|85\/100|[from] item: Life Orb\n|move|p1b: Gholdengo|Nasty Plot|p1b: Gholdengo\n|-boost|p1b: Gholdengo|spa|2\n|move|p1a: Tyranitar|Crunch|p2b: Indeedee\n|-supereffective|p2b: Indeedee\n|-damage|p2b: Indeedee|0 fnt\n|faint|p2b: Indeedee\n|\n|-weather|Sandstorm|[upkeep]\n|-damage|p2a: Drifblim|1\/100|[from] Sandstorm\n|upkeep\n|\n|t:|1682621434\n|switch|p2b: Iron Valiant|Iron Valiant, L50|100\/100\n|-enditem|p2b: Iron Valiant|Booster Energy\n|-activate|p2b: Iron Valiant|ability: Quark Drive|[fromitem]\n|-start|p2b: Iron Valiant|quarkdrivespe\n|turn|3\n|\n|t:|1682621459\n|-terastallize|p1a: Tyranitar|Flying\n|move|p2b: Iron Valiant|Protect|p2b: Iron Valiant\n|-singleturn|p2b: Iron Valiant|Protect\n|move|p1b: Gholdengo|Protect|p1b: Gholdengo\n|-singleturn|p1b: Gholdengo|Protect\n|move|p2a: Drifblim|Explosion|p1b: Gholdengo|[spread] p1a\n|-activate|p2b: Iron Valiant|move: Protect\n|-activate|p1b: Gholdengo|move: Protect\n|-damage|p1a: Tyranitar|61\/100\n|faint|p2a: Drifblim\n|move|p1a: Tyranitar|Tera Blast|p2b: Iron Valiant\n|-activate|p2b: Iron Valiant|move: Protect\n|\n|-weather|Sandstorm|[upkeep]\n|-damage|p2b: Iron Valiant|94\/100|[from] Sandstorm\n|-damage|p1a: Tyranitar|56\/100|[from] Sandstorm\n|upkeep\n|inactive|Battle timer is ON: inactive players will automatically lose when time's up. (requested by That_Leek)\n|inactive|TogoVGC has 60 seconds left.\n|\n|t:|1682621534\n|switch|p2a: Chien-Pao|Chien-Pao, L50|100\/100\n|-ability|p2a: Chien-Pao|Sword of Ruin\n|turn|4\n|\n|t:|1682621550\n|switch|p1a: Gyarados|Gyarados, L50, F|100\/100\n|-ability|p1a: Gyarados|Intimidate|boost\n|-unboost|p2a: Chien-Pao|atk|1\n|-unboost|p2b: Iron Valiant|atk|1\n|-terastallize|p2b: Iron Valiant|Rock\n|move|p2b: Iron Valiant|Tera Blast|p1a: Gyarados\n|-supereffective|p1a: Gyarados\n|-damage|p1a: Gyarados|35\/100\n|-enditem|p1a: Gyarados|Sitrus Berry|[eat]\n|-heal|p1a: Gyarados|60\/100|[from] item: Sitrus Berry\n|move|p2a: Chien-Pao|Throat Chop|p1b: Gholdengo\n|-supereffective|p1b: Gholdengo\n|-damage|p1b: Gholdengo|0 fnt\n|faint|p1b: Gholdengo\n|\n|-weather|Sandstorm|[upkeep]\n|-damage|p2a: Chien-Pao|95\/100|[from] Sandstorm\n|-damage|p1a: Gyarados|54\/100|[from] Sandstorm\n|-sideend|p2: TogoVGC|move: Tailwind\n|upkeep\n|\n|t:|1682621569\n|switch|p1b: Annihilape|Annihilape, L50, F|100\/100\n|turn|5\n|\n|t:|1682621586\n|move|p2b: Iron Valiant|Spirit Break|p1b: Annihilape\n|-supereffective|p1b: Annihilape\n|-damage|p1b: Annihilape|43\/100\n|-unboost|p1b: Annihilape|spa|1\n|-ability|p1b: Annihilape|Defiant|boost\n|-boost|p1b: Annihilape|atk|2\n|move|p2a: Chien-Pao|Throat Chop|p1b: Annihilape\n|-damage|p1b: Annihilape|11\/100\n|-start|p1b: Annihilape|Throat Chop|[silent]\n|move|p1b: Annihilape|Drain Punch|p2a: Chien-Pao\n|-supereffective|p2a: Chien-Pao\n|-damage|p2a: Chien-Pao|0 fnt\n|-heal|p1b: Annihilape|47\/100|[from] drain|[of] p2a: Chien-Pao\n|faint|p2a: Chien-Pao\n|move|p1a: Gyarados|Waterfall|p2b: Iron Valiant\n|-supereffective|p2b: Iron Valiant\n|-damage|p2b: Iron Valiant|0 fnt\n|faint|p2b: Iron Valiant\n|-end|p2b: Iron Valiant|Quark Drive|[silent]\n|\n|win|That_Leek\n|raw|That_Leek's rating: 1370 → 1389<\/strong> (+19 for winning)\n|raw|TogoVGC's rating: 1344 → 1325<\/strong> (-19 for losing)\n","uploadtime":1682621600,"views":4,"p1id":"thatleek","p2id":"togovgc","formatid":"gen9vgc2023regulationc","rating":1325,"private":0,"password":""}