{"id":"gen9vgc2023regulationc-1862122547","p1":"Ericv463","p2":"adrpen","format":"[Gen 9] VGC 2023 Regulation C","log":"|j|\u2606Ericv463\n|j|\u2606adrpen\n|t:|1683839306\n|gametype|doubles\n|player|p1|Ericv463|101|1159\n|player|p2|adrpen|pokekid|1160\n|teamsize|p1|6\n|teamsize|p2|6\n|gen|9\n|tier|[Gen 9] VGC 2023 Regulation C\n|rated|\n|rule|Species Clause: Limit one of each Pok\u00e9mon\n|rule|Item Clause: Limit one of each item\n|clearpoke\n|poke|p1|Ceruledge, L50, F|\n|poke|p1|Chien-Pao, L50|\n|poke|p1|Ting-Lu, L50|\n|poke|p1|Dragonite, L50, F|\n|poke|p1|Amoonguss, L50, F|\n|poke|p1|Flutter Mane, L50|\n|poke|p2|Amoonguss, L50, M|\n|poke|p2|Palafin, L50, M|\n|poke|p2|Iron Hands, L50|\n|poke|p2|Arcanine, L50, M|\n|poke|p2|Flutter Mane, L50|\n|poke|p2|Dragonite, L50, M|\n|teampreview|4\n|inactive|Battle timer is ON: inactive players will automatically lose when time's up. (requested by adrpen)\n|inactive|Ericv463 also wants the timer to be on.\n|inactive|Ericv463 has 60 seconds left.\n|inactive|adrpen has 60 seconds left.\n|inactive|adrpen has 30 seconds left.\n|inactive|adrpen has 20 seconds left.\n|inactive|adrpen has 15 seconds left.\n|inactive|adrpen has 10 seconds left.\n|inactive|adrpen has 5 seconds left.\n|\n|t:|1683839396\n|start\n|switch|p1a: Ceruledge|Ceruledge, L50, F, shiny|100\/100\n|switch|p1b: Amoonguss|Amoonguss, L50, F|100\/100\n|switch|p2a: Amoonguss|Amoonguss, L50, M, shiny|100\/100\n|switch|p2b: Palafin|Palafin, L50, M, shiny|100\/100\n|turn|1\n|inactive|adrpen has 30 seconds left.\n|inactive|adrpen has 20 seconds left.\n|\n|t:|1683839431\n|switch|p2a: Iron Hands|Iron Hands, L50, shiny|100\/100\n|-terastallize|p1a: Ceruledge|Grass\n|move|p2b: Palafin|Wave Crash|p1a: Ceruledge\n|-resisted|p1a: Ceruledge\n|-damage|p1a: Ceruledge|79\/100\n|-damage|p2b: Palafin|95\/100|[from] Recoil\n|move|p1a: Ceruledge|Bitter Blade|p2b: Palafin\n|-resisted|p2b: Palafin\n|-damage|p2b: Palafin|72\/100\n|-heal|p1a: Ceruledge|94\/100|[from] drain|[of] p2b: Palafin\n|move|p1b: Amoonguss|Spore|p2b: Palafin\n|-activate|p2b: Palafin|item: Safety Goggles|Spore\n|\n|upkeep\n|turn|2\n|inactive|Ericv463 has 30 seconds left.\n|inactive|adrpen has 30 seconds left.\n|inactive|adrpen has 20 seconds left.\n|inactive|adrpen has 15 seconds left.\n|inactive|adrpen has 10 seconds left.\n|inactive|Ericv463 has 20 seconds left.\n|inactive|Ericv463 has 15 seconds left.\n|\n|t:|1683839486\n|detailschange|p2b: Palafin|Palafin-Hero, L50, M, shiny\n|switch|p2b: Amoonguss|Amoonguss, L50, M, shiny|100\/100\n|move|p2a: Iron Hands|Fake Out|p1a: Ceruledge\n|-damage|p1a: Ceruledge|78\/100\n|move|p1b: Amoonguss|Rage Powder|p1b: Amoonguss\n|-singleturn|p1b: Amoonguss|move: Rage Powder\n|cant|p1a: Ceruledge|flinch\n|\n|upkeep\n|turn|3\n|inactive|adrpen has 30 seconds left.\n|\n|t:|1683839514\n|move|p2b: Amoonguss|Protect|p2b: Amoonguss\n|-singleturn|p2b: Amoonguss|Protect\n|move|p1a: Ceruledge|Bitter Blade|p2b: Amoonguss\n|-activate|p2b: Amoonguss|move: Protect\n|move|p2a: Iron Hands|Drain Punch|p1a: Ceruledge\n|-damage|p1a: Ceruledge|33\/100\n|move|p1b: Amoonguss|Pollen Puff|p1a: Ceruledge\n|-heal|p1a: Ceruledge|83\/100\n|\n|upkeep\n|turn|4\n|inactive|adrpen has 30 seconds left.\n|inactive|adrpen has 20 seconds left.\n|\n|t:|1683839551\n|switch|p2b: Arcanine|Arcanine, L50, M|100\/100\n|-ability|p2b: Arcanine|Intimidate|boost\n|-fail|p1a: Ceruledge|unboost|[from] item: Clear Amulet|[of] p1a: Ceruledge\n|-unboost|p1b: Amoonguss|atk|1\n|move|p1b: Amoonguss|Rage Powder|p1b: Amoonguss\n|-singleturn|p1b: Amoonguss|move: Rage Powder\n|move|p1a: Ceruledge|Bitter Blade|p2b: Arcanine\n|-resisted|p2b: Arcanine\n|-damage|p2b: Arcanine|81\/100\n|-heal|p1a: Ceruledge|95\/100|[from] drain|[of] p2b: Arcanine\n|move|p2a: Iron Hands|Heavy Slam|p1b: Amoonguss\n|-damage|p1b: Amoonguss|59\/100\n|\n|upkeep\n|turn|5\n|\n|t:|1683839574\n|move|p1b: Amoonguss|Protect|p1b: Amoonguss\n|-singleturn|p1b: Amoonguss|Protect\n|move|p2b: Arcanine|Howl|p2b: Arcanine|[spread] p2a,p2b\n|-boost|p2a: Iron Hands|atk|1\n|-boost|p2b: Arcanine|atk|1\n|move|p1a: Ceruledge|Bitter Blade|p2a: Iron Hands\n|-damage|p2a: Iron Hands|72\/100\n|-heal|p1a: Ceruledge|100\/100|[from] drain|[of] p2a: Iron Hands\n|move|p2a: Iron Hands|Drain Punch|p1b: Amoonguss\n|-activate|p1b: Amoonguss|move: Protect\n|\n|upkeep\n|turn|6\n|inactive|Ericv463 has 30 seconds left.\n|\n|t:|1683839603\n|move|p2b: Arcanine|Flare Blitz|p1b: Amoonguss\n|-supereffective|p1b: Amoonguss\n|-damage|p1b: Amoonguss|0 fnt\n|faint|p1b: Amoonguss\n|-damage|p2b: Arcanine|59\/100|[from] Recoil\n|move|p1a: Ceruledge|Bulk Up|p1a: Ceruledge\n|-boost|p1a: Ceruledge|atk|1\n|-boost|p1a: Ceruledge|def|1\n|move|p2a: Iron Hands|Drain Punch|p1a: Ceruledge\n|-damage|p1a: Ceruledge|56\/100\n|-heal|p2a: Iron Hands|87\/100|[from] drain|[of] p1a: Ceruledge\n|\n|upkeep\n|\n|t:|1683839617\n|switch|p1b: Chien-Pao|Chien-Pao, L50|100\/100\n|-ability|p1b: Chien-Pao|Sword of Ruin\n|turn|7\n|\n|t:|1683839632\n|move|p1b: Chien-Pao|Protect|p1b: Chien-Pao\n|-singleturn|p1b: Chien-Pao|Protect\n|move|p2b: Arcanine|Protect|p2b: Arcanine\n|-singleturn|p2b: Arcanine|Protect\n|move|p1a: Ceruledge|Bitter Blade|p2a: Iron Hands\n|-damage|p2a: Iron Hands|32\/100\n|-heal|p1a: Ceruledge|98\/100|[from] drain|[of] p2a: Iron Hands\n|move|p2a: Iron Hands|Drain Punch|p1a: Ceruledge\n|-damage|p1a: Ceruledge|45\/100\n|-heal|p2a: Iron Hands|49\/100|[from] drain|[of] p1a: Ceruledge\n|\n|upkeep\n|turn|8\n|inactive|Ericv463 has 30 seconds left.\n|inactive|adrpen has 30 seconds left.\n|inactive|Ericv463 has 20 seconds left.\n|inactive|adrpen has 20 seconds left.\n|inactive|adrpen has 15 seconds left.\n|inactive|adrpen has 10 seconds left.\n|\n|t:|1683839680\n|-end|p2a: Iron Hands|Quark Drive|[silent]\n|switch|p2a: Palafin|Palafin-Hero, L50, M, shiny|72\/100\n|-activate|p2a: Palafin|ability: Zero to Hero\n|move|p1b: Chien-Pao|Haze|p1b: Chien-Pao\n|-clearallboost\n|move|p2b: Arcanine|Flare Blitz|p1b: Chien-Pao\n|-supereffective|p1b: Chien-Pao\n|-enditem|p1b: Chien-Pao|Focus Sash\n|-damage|p1b: Chien-Pao|1\/100\n|-damage|p2b: Arcanine|33\/100|[from] Recoil\n|-enditem|p2b: Arcanine|Sitrus Berry|[eat]\n|-heal|p2b: Arcanine|58\/100|[from] item: Sitrus Berry\n|move|p1a: Ceruledge|Bulk Up|p1a: Ceruledge\n|-boost|p1a: Ceruledge|atk|1\n|-boost|p1a: Ceruledge|def|1\n|\n|upkeep\n|turn|9\n|inactive|adrpen has 30 seconds left.\n|\n|t:|1683839713\n|move|p1b: Chien-Pao|Protect|p1b: Chien-Pao\n|-singleturn|p1b: Chien-Pao|Protect\n|move|p2b: Arcanine|Howl|p2b: Arcanine|[spread] p2a,p2b\n|-boost|p2a: Palafin|atk|1\n|-boost|p2b: Arcanine|atk|1\n|move|p2a: Palafin|Wave Crash|p1a: Ceruledge\n|-resisted|p1a: Ceruledge\n|-damage|p1a: Ceruledge|0 fnt\n|faint|p1a: Ceruledge\n|-damage|p2a: Palafin|61\/100|[from] Recoil\n|\n|upkeep\n|\n|t:|1683839725\n|switch|p1a: Ting-Lu|Ting-Lu, L50|100\/100\n|-ability|p1a: Ting-Lu|Vessel of Ruin\n|turn|10\n|\n|t:|1683839754\n|move|p2a: Palafin|Jet Punch|p1b: Chien-Pao\n|-damage|p1b: Chien-Pao|0 fnt\n|faint|p1b: Chien-Pao\n|move|p2b: Arcanine|Will-O-Wisp|p1a: Ting-Lu\n|-status|p1a: Ting-Lu|brn\n|move|p1a: Ting-Lu|Body Press|p2a: Palafin\n|-damage|p2a: Palafin|49\/100\n|\n|-damage|p1a: Ting-Lu|94\/100 brn|[from] brn\n|upkeep\n|turn|11\n|inactive|Ericv463 no longer wants the timer on, but the timer is staying on because adrpen still does.\n|inactive|Ericv463 has 30 seconds left.\n|inactive|Ericv463 has 20 seconds left.\n|inactive|Ericv463 has 15 seconds left.\n|inactive|Ericv463 has 10 seconds left.\n|inactive|Ericv463 has 5 seconds left.\n|\n|t:|1683839809\n|switch|p2b: Amoonguss|Amoonguss, L50, M, shiny|100\/100\n|move|p2a: Palafin|Jet Punch|p1a: Ting-Lu\n|-supereffective|p1a: Ting-Lu\n|-damage|p1a: Ting-Lu|30\/100 brn\n|move|p1a: Ting-Lu|Heavy Slam|p2a: Palafin\n|-resisted|p2a: Palafin\n|-damage|p2a: Palafin|41\/100\n|\n|-damage|p1a: Ting-Lu|24\/100 brn|[from] brn\n|upkeep\n|turn|12\n|inactive|Ericv463 has 30 seconds left.\n|inactive|Ericv463 has 20 seconds left.\n|inactive|Ericv463 has 15 seconds left.\n|inactive|Ericv463 has 10 seconds left.\n|inactive|Ericv463 has 5 seconds left.\n|\n|t:|1683839864\n|move|p2a: Palafin|Wave Crash|p1a: Ting-Lu\n|-supereffective|p1a: Ting-Lu\n|-damage|p1a: Ting-Lu|0 fnt\n|faint|p1a: Ting-Lu\n|-damage|p2a: Palafin|31\/100|[from] Recoil\n|\n|win|adrpen\n|raw|Ericv463's rating: 1159 → 1134<\/strong> (-25 for losing)\n|raw|adrpen's rating: 1160 → 1185<\/strong> (+25 for winning)\n","uploadtime":1683839873,"views":15,"p1id":"ericv463","p2id":"adrpen","formatid":"gen9vgc2023regulationc","rating":1134,"private":0,"password":""}