{"id":"gen9vgc2023regulationc-1848179748","p1":"bohm11","p2":"PurpleStyle","format":"[Gen 9] VGC 2023 Regulation C","log":"|j|\u2606bohm11\n|j|\u2606PurpleStyle\n|t:|1682039165\n|gametype|doubles\n|player|p1|bohm11|101|\n|player|p2|PurpleStyle|pokefan|\n|teamsize|p1|6\n|teamsize|p2|6\n|gen|9\n|tier|[Gen 9] VGC 2023 Regulation C\n|rule|Species Clause: Limit one of each Pok\u00e9mon\n|rule|Item Clause: Limit one of each item\n|clearpoke\n|poke|p1|Scream Tail, L50|\n|poke|p1|Garganacl, L50, M|\n|poke|p1|Hippowdon, L50, M|\n|poke|p1|Lycanroc, L50, M|\n|poke|p1|Breloom, L50, M|\n|poke|p1|Murkrow, L50, F|\n|poke|p2|Flutter Mane, L50|\n|poke|p2|Azumarill, L50, F|\n|poke|p2|Hydreigon, L50, M|\n|poke|p2|Indeedee, L50, M|\n|poke|p2|Falinks, L50|\n|poke|p2|Orthworm, L50, F|\n|teampreview|4\n|c|\u2606bohm11|g3\nPurpleStyle rejected open team sheets.\n|c|\u2606bohm11|we've got a series lol I was worried for a second! glhf!\n|c|\u2606PurpleStyle|u2! and yeah this is exciting\n|c|\u2606bohm11|definitely love week 1 action\n|\n|t:|1682040095\n|start\n|switch|p1a: Hippowdon|Hippowdon, L50, M|100\/100\n|switch|p1b: Lycanroc|Lycanroc, L50, M|100\/100\n|switch|p2a: Indeedee|Indeedee, L50, M|100\/100\n|switch|p2b: Orthworm|Orthworm, L50, F|100\/100\n|-weather|Sandstorm|[from] ability: Sand Stream|[of] p1a: Hippowdon\n|turn|1\n|\n|t:|1682040142\n|move|p1b: Lycanroc|Protect|p1b: Lycanroc\n|-singleturn|p1b: Lycanroc|Protect\n|move|p2a: Indeedee|Fake Out|p1b: Lycanroc\n|-activate|p1b: Lycanroc|move: Protect\n|move|p2b: Orthworm|Shed Tail|p2b: Orthworm\n|-start|p2b: Orthworm|Substitute|[from] move: Shed Tail\n|-damage|p2b: Orthworm|50\/100\n|-enditem|p2b: Orthworm|Sitrus Berry|[eat]\n|-heal|p2b: Orthworm|75\/100|[from] item: Sitrus Berry\n|\n|t:|1682040153\n|switch|p2b: Falinks|Falinks, L50|100\/100|[from] Shed Tail\n|move|p1a: Hippowdon|Fissure|p2a: Indeedee\n|-damage|p2a: Indeedee|0 fnt\n|faint|p2a: Indeedee\n|-ohko\n|\n|-weather|Sandstorm|[upkeep]\n|-damage|p2b: Falinks|95\/100|[from] Sandstorm\n|upkeep\n|\n|t:|1682040166\n|switch|p2a: Azumarill|Azumarill, L50, F|100\/100\n|turn|2\n|c|\u2606bohm11|damn lol didnt think itd hit\n|c|\u2606PurpleStyle|this is so tough lol\n|\n|t:|1682040266\n|-terastallize|p2a: Azumarill|Grass\n|-terastallize|p1a: Hippowdon|Grass\n|move|p2a: Azumarill|Aqua Jet|p1b: Lycanroc\n|-supereffective|p1b: Lycanroc\n|-damage|p1b: Lycanroc|0 fnt\n|faint|p1b: Lycanroc\n|move|p2b: Falinks|No Retreat|p2b: Falinks\n|-boost|p2b: Falinks|atk|1\n|-boost|p2b: Falinks|def|1\n|-boost|p2b: Falinks|spa|1\n|-boost|p2b: Falinks|spd|1\n|-boost|p2b: Falinks|spe|1\n|-start|p2b: Falinks|move: No Retreat\n|move|p1a: Hippowdon|Tera Blast|p2b: Falinks\n|-end|p2b: Falinks|Substitute\n|\n|-weather|Sandstorm|[upkeep]\n|-damage|p2b: Falinks|89\/100|[from] Sandstorm\n|-damage|p2a: Azumarill|95\/100|[from] Sandstorm\n|-damage|p1a: Hippowdon|94\/100|[from] Sandstorm\n|upkeep\n|c|\u2606bohm11|I know\n|\n|t:|1682040275\n|switch|p1b: Breloom|Breloom, L50, M|100\/100\n|turn|3\n|\n|t:|1682040295\n|move|p2a: Azumarill|Aqua Jet|p1b: Breloom\n|-resisted|p1b: Breloom\n|-damage|p1b: Breloom|72\/100\n|move|p2b: Falinks|Close Combat|p1b: Breloom\n|-damage|p1b: Breloom|0 fnt\n|-unboost|p2b: Falinks|def|1\n|-unboost|p2b: Falinks|spd|1\n|faint|p1b: Breloom\n|move|p1a: Hippowdon|Fissure|p2a: Azumarill|[miss]\n|-miss|p1a: Hippowdon|p2a: Azumarill\n|\n|-weather|Sandstorm|[upkeep]\n|-damage|p2b: Falinks|83\/100|[from] Sandstorm\n|-damage|p2a: Azumarill|89\/100|[from] Sandstorm\n|-damage|p1a: Hippowdon|88\/100|[from] Sandstorm\n|upkeep\n|\n|t:|1682040301\n|switch|p1b: Garganacl|Garganacl, L50, M|100\/100\n|turn|4\n|c|\u2606bohm11|think thats all she wrote lol\n|\n|t:|1682040321\n|move|p1b: Garganacl|Protect|p1b: Garganacl\n|-singleturn|p1b: Garganacl|Protect\n|move|p2a: Azumarill|Aqua Jet|p1b: Garganacl\n|-activate|p1b: Garganacl|move: Protect\n|move|p2b: Falinks|Close Combat|p1b: Garganacl\n|-activate|p1b: Garganacl|move: Protect\n|move|p1a: Hippowdon|Fissure|p2b: Falinks|[miss]\n|-miss|p1a: Hippowdon|p2b: Falinks\n|\n|-weather|Sandstorm|[upkeep]\n|-damage|p2b: Falinks|77\/100|[from] Sandstorm\n|-damage|p2a: Azumarill|83\/100|[from] Sandstorm\n|-damage|p1a: Hippowdon|82\/100|[from] Sandstorm\n|upkeep\n|turn|5\n|\n|t:|1682040343\n|move|p2a: Azumarill|Aqua Jet|p1b: Garganacl\n|-supereffective|p1b: Garganacl\n|-damage|p1b: Garganacl|56\/100\n|move|p2b: Falinks|Megahorn|p1a: Hippowdon\n|-supereffective|p1a: Hippowdon\n|-damage|p1a: Hippowdon|2\/100\n|move|p1a: Hippowdon|Stomping Tantrum|p2b: Falinks\n|-damage|p2b: Falinks|0 fnt\n|faint|p2b: Falinks\n|move|p1b: Garganacl|Heavy Slam|p2a: Azumarill\n|-damage|p2a: Azumarill|58\/100\n|\n|-weather|none\n|-heal|p1b: Garganacl|62\/100|[from] item: Leftovers\n|upkeep\n|\n|t:|1682040353\n|switch|p2b: Orthworm|Orthworm, L50, F|75\/100\n|turn|6\n|\n|t:|1682040373\n|move|p2a: Azumarill|Aqua Jet|p1a: Hippowdon\n|-resisted|p1a: Hippowdon\n|-damage|p1a: Hippowdon|0 fnt\n|faint|p1a: Hippowdon\n|move|p2b: Orthworm|Heavy Slam|p1b: Garganacl\n|-supereffective|p1b: Garganacl\n|-damage|p1b: Garganacl|44\/100\n|move|p1b: Garganacl|Salt Cure|p2b: Orthworm\n|-resisted|p2b: Orthworm\n|-damage|p2b: Orthworm|70\/100\n|-start|p2b: Orthworm|Salt Cure\n|\n|-heal|p1b: Garganacl|50\/100|[from] item: Leftovers\n|-damage|p2b: Orthworm|45\/100|[from] Salt Cure\n|upkeep\n|turn|7\n|\n|t:|1682040385\n|move|p1b: Garganacl|Protect|p1b: Garganacl\n|-singleturn|p1b: Garganacl|Protect\n|move|p2a: Azumarill|Aqua Jet|p1b: Garganacl\n|-activate|p1b: Garganacl|move: Protect\n|move|p2b: Orthworm|Heavy Slam|p1b: Garganacl\n|-activate|p1b: Garganacl|move: Protect\n|\n|-heal|p1b: Garganacl|56\/100|[from] item: Leftovers\n|-damage|p2b: Orthworm|20\/100|[from] Salt Cure\n|upkeep\n|turn|8\n|\n|t:|1682040407\n|move|p1b: Garganacl|Protect||[still]\n|-fail|p1b: Garganacl\n|move|p2a: Azumarill|Aqua Jet|p1b: Garganacl\n|-supereffective|p1b: Garganacl\n|-damage|p1b: Garganacl|7\/100\n|move|p2b: Orthworm|Heavy Slam|p1b: Garganacl\n|-supereffective|p1b: Garganacl\n|-damage|p1b: Garganacl|0 fnt\n|faint|p1b: Garganacl\n|\n|win|PurpleStyle\n|c|\u2606bohm11|gg! wp!\n|c|\u2606PurpleStyle|gg u2!\n|c|\u2606PurpleStyle|The tera grass hippowdon completely cuaght me off guard\n|c|\u2606bohm11|Literal last second change lol\n","uploadtime":1682040499,"views":16,"p1id":"bohm11","p2id":"purplestyle","formatid":"gen9vgc2023regulationc","rating":0,"private":0,"password":""}