{"id":"gen9vgc2023regulationc-1854706697","p1":"redbullcyndaquil","p2":"TommyT08","format":"[Gen 9] VGC 2023 Regulation C","log":"|j|\u2606redbullcyndaquil\n|j|\u2606TommyT08\n|t:|1682854078\n|gametype|doubles\n|player|p1|redbullcyndaquil|169|\n|player|p2|TommyT08|265|\n|teamsize|p1|6\n|teamsize|p2|6\n|gen|9\n|tier|[Gen 9] VGC 2023 Regulation C\n|rule|Species Clause: Limit one of each Pok\u00e9mon\n|rule|Item Clause: Limit one of each item\n|clearpoke\n|poke|p1|Abomasnow, L50, M|\n|poke|p1|Iron Bundle, L50|\n|poke|p1|Cetitan, L50, M|\n|poke|p1|Armarouge, L50, M|\n|poke|p1|Maushold, L50|\n|poke|p1|Orthworm, L50, M|\n|poke|p2|Garganacl, L50, F|\n|poke|p2|Naclstack, L50, F|\n|poke|p2|Nacli, L50, F|\n|poke|p2|Ting-Lu, L50|\n|poke|p2|Blissey, L50, F|\n|poke|p2|Toxapex, L50, F|\n|teampreview|4\nTommyT08 has agreed to open team sheets.\nredbullcyndaquil has agreed to open team sheets.\n|inactive|Battle timer is ON: inactive players will automatically lose when time's up. (requested by redbullcyndaquil)\n|\n|t:|1682854103\n|start\n|switch|p1a: Abomasnow|Abomasnow, L50, M|100\/100\n|switch|p1b: Iron Bundle|Iron Bundle, L50|100\/100\n|switch|p2a: Fleur De Sel|Nacli, L50, F, shiny|100\/100\n|switch|p2b: Black Hawaiian|Ting-Lu, L50|100\/100\n|-weather|Snow|[from] ability: Snow Warning|[of] p1a: Abomasnow\n|-ability|p2b: Black Hawaiian|Vessel of Ruin\n|-enditem|p1b: Iron Bundle|Booster Energy\n|-activate|p1b: Iron Bundle|ability: Quark Drive|[fromitem]\n|-start|p1b: Iron Bundle|quarkdrivespe\n|turn|1\n|inactive|redbullcyndaquil has 30 seconds left.\n|\n|t:|1682854137\n|switch|p2a: Himalayan Pink|Blissey, L50, F|100\/100\n|move|p1b: Iron Bundle|Blizzard|p2a: Himalayan Pink|[spread] p2a,p2b\n|-supereffective|p2b: Black Hawaiian\n|-damage|p2a: Himalayan Pink|91\/100\n|-damage|p2b: Black Hawaiian|72\/100\n|move|p1a: Abomasnow|Aurora Veil|p1a: Abomasnow\n|-sidestart|p1: redbullcyndaquil|move: Aurora Veil\n|move|p2b: Black Hawaiian|Rock Slide|p1a: Abomasnow|[spread] p1a,p1b\n|-supereffective|p1a: Abomasnow\n|-supereffective|p1b: Iron Bundle\n|-damage|p1a: Abomasnow|83\/100\n|-damage|p1b: Iron Bundle|82\/100\n|\n|-weather|Snow|[upkeep]\n|upkeep\n|turn|2\n|\n|t:|1682854152\n|move|p1b: Iron Bundle|Hydro Pump|p2b: Black Hawaiian\n|-supereffective|p2b: Black Hawaiian\n|-damage|p2b: Black Hawaiian|33\/100\n|move|p1a: Abomasnow|Rock Slide|p2a: Himalayan Pink|[spread] p2b\n|-miss|p1a: Abomasnow|p2a: Himalayan Pink\n|-resisted|p2b: Black Hawaiian\n|-damage|p2b: Black Hawaiian|30\/100\n|move|p2a: Himalayan Pink|Calm Mind|p2a: Himalayan Pink\n|-boost|p2a: Himalayan Pink|spa|1\n|-boost|p2a: Himalayan Pink|spd|1\n|cant|p2b: Black Hawaiian|flinch\n|\n|-weather|Snow|[upkeep]\n|upkeep\n|turn|3\n|c|\u2606TommyT08|!weak iron bundle\n|c| TommyT08|\/raw Iron Bundle (ignoring abilities): Weaknesses<\/span>: Electric, Fighting, Grass, Rock Resistances<\/span>: Ice<\/b>, Water Immunities<\/span>: Frozen, Hail damage<\/div>\n|inactive|redbullcyndaquil has 30 seconds left.\n|inactive|TommyT08 has 30 seconds left.\n|\n|t:|1682854186\n|move|p1b: Iron Bundle|Hydro Pump|p2b: Black Hawaiian\n|-supereffective|p2b: Black Hawaiian\n|-damage|p2b: Black Hawaiian|0 fnt\n|faint|p2b: Black Hawaiian\n|move|p1a: Abomasnow|Rock Slide|p2a: Himalayan Pink\n|-damage|p2a: Himalayan Pink|58\/100\n|move|p2a: Himalayan Pink|Flamethrower|p1a: Abomasnow\n|-supereffective|p1a: Abomasnow\n|-damage|p1a: Abomasnow|31\/100\n|\n|-weather|Snow|[upkeep]\n|upkeep\n|\n|t:|1682854197\n|switch|p2b: Kosher|Garganacl, L50, F|100\/100\n|turn|4\n|\n|t:|1682854206\n|-terastallize|p2b: Kosher|Ghost\n|move|p1b: Iron Bundle|Hydro Pump|p2b: Kosher|[miss]\n|-miss|p1b: Iron Bundle|p2b: Kosher\n|move|p1a: Abomasnow|Rock Slide|p2a: Himalayan Pink|[spread] p2a,p2b\n|-damage|p2a: Himalayan Pink|34\/100\n|-damage|p2b: Kosher|93\/100\n|move|p2a: Himalayan Pink|Flamethrower|p1a: Abomasnow\n|-supereffective|p1a: Abomasnow\n|-damage|p1a: Abomasnow|0 fnt\n|faint|p1a: Abomasnow\n|move|p2b: Kosher|Salt Cure|p1b: Iron Bundle\n|-supereffective|p1b: Iron Bundle\n|-damage|p1b: Iron Bundle|69\/100\n|-start|p1b: Iron Bundle|Salt Cure\n|\n|-weather|Snow|[upkeep]\n|-heal|p2b: Kosher|99\/100|[from] item: Leftovers\n|-damage|p1b: Iron Bundle|45\/100|[from] Salt Cure\n|upkeep\n|\n|t:|1682854222\n|switch|p1a: Cetitan|Cetitan, L50, M|100\/100\n|turn|5\n|\n|t:|1682854239\n|-terastallize|p1a: Cetitan|Water\n|move|p1b: Iron Bundle|Hydro Pump|p2b: Kosher\n|-damage|p2b: Kosher|62\/100\n|move|p1a: Cetitan|Ice Spinner|p2a: Himalayan Pink\n|-damage|p2a: Himalayan Pink|0 fnt\n|-damage|p1a: Cetitan|84\/100|[from] item: Rocky Helmet|[of] p2a: Himalayan Pink\n|faint|p2a: Himalayan Pink\n|move|p2b: Kosher|Salt Cure|p1a: Cetitan\n|-damage|p1a: Cetitan|75\/100\n|-start|p1a: Cetitan|Salt Cure\n|\n|-weather|none\n|-heal|p2b: Kosher|68\/100|[from] item: Leftovers\n|-damage|p1b: Iron Bundle|20\/100|[from] Salt Cure\n|-damage|p1a: Cetitan|51\/100|[from] Salt Cure\n|upkeep\n|\n|t:|1682854254\n|switch|p2a: Fleur De Sel|Nacli, L50, F, shiny|100\/100\n|turn|6\n|\n|t:|1682854270\n|move|p1b: Iron Bundle|Hydro Pump|p2a: Fleur De Sel\n|-supereffective|p2a: Fleur De Sel\n|-ability|p2a: Fleur De Sel|Sturdy\n|-damage|p2a: Fleur De Sel|1\/100\n|move|p1a: Cetitan|Ice Spinner|p2b: Kosher\n|-damage|p2b: Kosher|42\/100\n|move|p2a: Fleur De Sel|Rock Polish|p2a: Fleur De Sel\n|-boost|p2a: Fleur De Sel|spe|2\n|move|p2b: Kosher|Fire Punch|p1a: Cetitan\n|-resisted|p1a: Cetitan\n|-damage|p1a: Cetitan|46\/100\n|\n|-heal|p2b: Kosher|47\/100|[from] item: Leftovers\n|-damage|p1b: Iron Bundle|0 fnt|[from] Salt Cure\n|faint|p1b: Iron Bundle\n|-end|p1b: Iron Bundle|Quark Drive|[silent]\n|-damage|p1a: Cetitan|21\/100|[from] Salt Cure\n|upkeep\n|\n|t:|1682854286\n|switch|p1b: Armarouge|Armarouge, L50, M|100\/100\n|turn|7\n|\n|t:|1682854303\n|move|p2b: Kosher|Protect|p2b: Kosher\n|-singleturn|p2b: Kosher|Protect\n|move|p2a: Fleur De Sel|Rock Slide|p1a: Cetitan|[spread] p1a,p1b\n|-supereffective|p1b: Armarouge\n|-damage|p1a: Cetitan|10\/100\n|-damage|p1b: Armarouge|79\/100\n|move|p1a: Cetitan|Ice Spinner|p2b: Kosher\n|-activate|p2b: Kosher|move: Protect\n|move|p1b: Armarouge|Flamethrower|p2b: Kosher\n|-activate|p2b: Kosher|move: Protect\n|\n|-heal|p2b: Kosher|53\/100|[from] item: Leftovers\n|-damage|p1a: Cetitan|0 fnt|[from] Salt Cure\n|faint|p1a: Cetitan\n|upkeep\n|turn|8\n|c|\u2606TommyT08|!weak armarouge\n|c| TommyT08|\/raw Armarouge (ignoring abilities): Weaknesses<\/span>: Dark, Ghost, Ground, Rock, Water Resistances<\/span>: Fairy, Fighting, Fire, Grass, Ice, Psychic, Steel Immunities<\/span>: Burn<\/div>\n|inactive|TommyT08 has 30 seconds left.\n|\n|t:|1682854331\n|move|p2a: Fleur De Sel|Rock Slide|p1b: Armarouge\n|-supereffective|p1b: Armarouge\n|-damage|p1b: Armarouge|50\/100\n|move|p1b: Armarouge|Energy Ball|p2a: Fleur De Sel\n|-supereffective|p2a: Fleur De Sel\n|-damage|p2a: Fleur De Sel|0 fnt\n|faint|p2a: Fleur De Sel\n|move|p2b: Kosher|Recover|p2b: Kosher\n|-heal|p2b: Kosher|100\/100\n|\n|-sideend|p1: redbullcyndaquil|move: Aurora Veil\n|upkeep\n|turn|9\n|\n|t:|1682854347\n|move|p1b: Armarouge|Flamethrower|p2b: Kosher\n|-damage|p2b: Kosher|65\/100\n|move|p2b: Kosher|Salt Cure|p1b: Armarouge\n|-supereffective|p1b: Armarouge\n|-damage|p1b: Armarouge|27\/100\n|\n|-heal|p2b: Kosher|71\/100|[from] item: Leftovers\n|upkeep\n|turn|10\n|c|\u2606TommyT08|am i tripping\n|c|\u2606TommyT08|why were you not salt cured?\n|inactive|TommyT08 has 30 seconds left.\n|\n|t:|1682854377\n|move|p2b: Kosher|Protect|p2b: Kosher\n|-singleturn|p2b: Kosher|Protect\n|move|p1b: Armarouge|Flamethrower|p2b: Kosher\n|-activate|p2b: Kosher|move: Protect\n|\n|-heal|p2b: Kosher|77\/100|[from] item: Leftovers\n|upkeep\n|turn|11\n|c|\u2606redbullcyndaquil|covert cloak\n|\n|t:|1682854402\n|move|p1b: Armarouge|Flamethrower|p2b: Kosher\n|-damage|p2b: Kosher|43\/100\n|move|p2b: Kosher|Salt Cure|p1b: Armarouge\n|-supereffective|p1b: Armarouge\n|-damage|p1b: Armarouge|2\/100\n|\n|-heal|p2b: Kosher|49\/100|[from] item: Leftovers\n|upkeep\n|turn|12\n|c|\u2606TommyT08|ah makes sense\n|\n|t:|1682854410\n|move|p2b: Kosher|Protect|p2b: Kosher\n|-singleturn|p2b: Kosher|Protect\n|move|p1b: Armarouge|Flamethrower|p2b: Kosher\n|-activate|p2b: Kosher|move: Protect\n|\n|-heal|p2b: Kosher|55\/100|[from] item: Leftovers\n|upkeep\n|turn|13\n|\n|t:|1682854419\n|move|p1b: Armarouge|Flamethrower|p2b: Kosher\n|-crit|p2b: Kosher\n|-damage|p2b: Kosher|2\/100\n|move|p2b: Kosher|Salt Cure|p1b: Armarouge\n|-supereffective|p1b: Armarouge\n|-damage|p1b: Armarouge|0 fnt\n|faint|p1b: Armarouge\n|\n|win|TommyT08\n|c|\u2606TommyT08|holy shit\n|c|\u2606TommyT08|that was close\n|c|\u2606redbullcyndaquil|omg lol\n|c|\u2606redbullcyndaquil|gg wp\n|c|\u2606TommyT08|gg\n|c|\u2606TommyT08|game 2 doesnt matter then\n","uploadtime":1682854442,"views":10,"p1id":"redbullcyndaquil","p2id":"tommyt08","formatid":"gen9vgc2023regulationc","rating":0,"private":0,"password":""}