{"id":"gen9vgc2023regulationc-1857066290","p1":"themodpros_Bros","p2":"the0philus","format":"[Gen 9] VGC 2023 Regulation C","log":"|j|\u2606themodpros_Bros\n|j|\u2606the0philus\n|t:|1683142483\n|gametype|doubles\n|player|p1|themodpros_Bros|1|\n|player|p2|the0philus|102|\n|teamsize|p1|6\n|teamsize|p2|6\n|gen|9\n|tier|[Gen 9] VGC 2023 Regulation C\n|rule|Species Clause: Limit one of each Pok\u00e9mon\n|rule|Item Clause: Limit one of each item\n|clearpoke\n|poke|p1|Chien-Pao, L50|\n|poke|p1|Garganacl, L50, F|\n|poke|p1|Impidimp, L50, M|\n|poke|p1|Kilowattrel, L50, F|\n|poke|p1|Scizor, L50, F|\n|poke|p1|Quaquaval, L50, M|\n|poke|p2|Dragapult, L50, M|\n|poke|p2|Medicham, L50, M|\n|poke|p2|Wo-Chien, L50|\n|poke|p2|Glimmora, L50, M|\n|poke|p2|Stantler, L50, F|\n|poke|p2|Cloyster, L50, M|\n|teampreview|4\nthemodpros_Bros rejected open team sheets.\n|\n|t:|1683142588\n|start\n|switch|p1a: Kilowattrel|Kilowattrel, L50, F|100\/100\n|switch|p1b: Chien-Pao|Chien-Pao, L50|100\/100\n|switch|p2a: Medicham|Medicham, L50, M|100\/100\n|switch|p2b: Glimmora|Glimmora, L50, M|100\/100\n|-ability|p1b: Chien-Pao|Sword of Ruin\n|turn|1\n|c|\u2606themodpros_Bros|oh boy\n|\n|t:|1683142655\n|move|p1a: Kilowattrel|Protect|p1a: Kilowattrel\n|-singleturn|p1a: Kilowattrel|Protect\n|move|p1b: Chien-Pao|Protect|p1b: Chien-Pao\n|-singleturn|p1b: Chien-Pao|Protect\n|move|p2a: Medicham|Fake Out|p1a: Kilowattrel\n|-activate|p1a: Kilowattrel|move: Protect\n|move|p2b: Glimmora|Power Gem|p1b: Chien-Pao\n|-activate|p1b: Chien-Pao|move: Protect\n|\n|upkeep\n|turn|2\n|c|\u2606themodpros_Bros|alrighty\n|\n|t:|1683142711\n|-terastallize|p2a: Medicham|Steel\n|move|p2a: Medicham|Bullet Punch|p1b: Chien-Pao\n|-supereffective|p1b: Chien-Pao\n|-damage|p1b: Chien-Pao|31\/100\n|move|p2b: Glimmora|Power Gem|p1a: Kilowattrel\n|-supereffective|p1a: Kilowattrel\n|-enditem|p1a: Kilowattrel|Focus Sash\n|-damage|p1a: Kilowattrel|1\/100\n|move|p1a: Kilowattrel|Air Slash|p2a: Medicham\n|-resisted|p2a: Medicham\n|-damage|p2a: Medicham|84\/100\n|move|p1b: Chien-Pao|Throat Chop|p2b: Glimmora\n|-damage|p2b: Glimmora|45\/100\n|-start|p2b: Glimmora|Throat Chop|[silent]\n|-activate|p2b: Glimmora|ability: Toxic Debris\n|-sidestart|p1: themodpros_Bros|move: Toxic Spikes\n|\n|upkeep\n|turn|3\n|c|\u2606themodpros_Bros|ok then\n|\n|t:|1683142750\n|move|p1b: Chien-Pao|Ice Shard|p2b: Glimmora\n|-damage|p2b: Glimmora|17\/100\n|-activate|p2b: Glimmora|ability: Toxic Debris\n|-sidestart|p1: themodpros_Bros|move: Toxic Spikes\n|move|p2a: Medicham|Bullet Punch|p1a: Kilowattrel\n|-resisted|p1a: Kilowattrel\n|-damage|p1a: Kilowattrel|0 fnt\n|faint|p1a: Kilowattrel\n|move|p2b: Glimmora|Power Gem|p1b: Chien-Pao\n|-supereffective|p1b: Chien-Pao\n|-damage|p1b: Chien-Pao|0 fnt\n|faint|p1b: Chien-Pao\n|\n|-end|p2b: Glimmora|Throat Chop|[silent]\n|upkeep\n|\n|t:|1683142757\n|switch|p1a: Garganacl|Garganacl, L50, F|100\/100\n|switch|p1b: Impidimp|Impidimp, L50, M|100\/100\n|-status|p1b: Impidimp|tox\n|turn|4\n|\n|t:|1683142785\n|switch|p2b: Wo-Chien|Wo-Chien, L50|100\/100\n|-ability|p2b: Wo-Chien|Tablets of Ruin\n|move|p1b: Impidimp|Fake Out|p2a: Medicham\n|-resisted|p2a: Medicham\n|-damage|p2a: Medicham|81\/100\n|cant|p2a: Medicham|flinch\n|move|p1a: Garganacl|Body Press|p2a: Medicham\n|-supereffective|p2a: Medicham\n|-damage|p2a: Medicham|18\/100\n|\n|-damage|p1b: Impidimp|95\/100 tox|[from] psn\n|upkeep\n|turn|5\n|\n|t:|1683142808\n|move|p1a: Garganacl|Protect|p1a: Garganacl\n|-singleturn|p1a: Garganacl|Protect\n|move|p2a: Medicham|Bullet Punch|p1b: Impidimp\n|-supereffective|p1b: Impidimp\n|-damage|p1b: Impidimp|34\/100 tox\n|move|p1b: Impidimp|Reflect|p1b: Impidimp\n|-sidestart|p1: themodpros_Bros|Reflect\n|move|p2b: Wo-Chien|Leech Seed|p1a: Garganacl\n|-activate|p1a: Garganacl|move: Protect\n|\n|-damage|p1b: Impidimp|22\/100 tox|[from] psn\n|upkeep\n|turn|6\n|\n|t:|1683142830\n|move|p2a: Medicham|Bullet Punch|p1b: Impidimp\n|-supereffective|p1b: Impidimp\n|-damage|p1b: Impidimp|0 fnt\n|faint|p1b: Impidimp\n|move|p2b: Wo-Chien|Leech Seed|p1a: Garganacl\n|-start|p1a: Garganacl|move: Leech Seed\n|move|p1a: Garganacl|Body Press|p2a: Medicham\n|-supereffective|p2a: Medicham\n|-damage|p2a: Medicham|0 fnt\n|faint|p2a: Medicham\n|\n|-damage|p1a: Garganacl|88\/100|[from] Leech Seed|[of] p2b: Wo-Chien\n|upkeep\n|\n|t:|1683142856\n|switch|p2a: Glimmora|Glimmora, L50, M|17\/100\n|turn|7\n|\n|t:|1683142889\n|move|p2a: Glimmora|Earth Power|p1a: Garganacl\n|-supereffective|p1a: Garganacl\n|-damage|p1a: Garganacl|39\/100\n|-enditem|p1a: Garganacl|Sitrus Berry|[eat]\n|-heal|p1a: Garganacl|64\/100|[from] item: Sitrus Berry\n|move|p2b: Wo-Chien|Body Press|p1a: Garganacl\n|-supereffective|p1a: Garganacl\n|-damage|p1a: Garganacl|47\/100\n|move|p1a: Garganacl|Body Press|p2a: Glimmora\n|-damage|p2a: Glimmora|0 fnt\n|faint|p2a: Glimmora\n|\n|-damage|p1a: Garganacl|35\/100|[from] Leech Seed|[of] p2b: Wo-Chien\n|upkeep\n|\n|t:|1683142902\n|switch|p2a: Dragapult|Dragapult, L50, M|100\/100\n|turn|8\n|\n|t:|1683142927\n|-terastallize|p1a: Garganacl|Fairy\n|move|p2a: Dragapult|Protect|p2a: Dragapult\n|-singleturn|p2a: Dragapult|Protect\n|move|p2b: Wo-Chien|Knock Off|p1a: Garganacl\n|-resisted|p1a: Garganacl\n|-damage|p1a: Garganacl|31\/100\n|move|p1a: Garganacl|Recover|p1a: Garganacl\n|-heal|p1a: Garganacl|82\/100\n|\n|-damage|p1a: Garganacl|70\/100|[from] Leech Seed|[of] p2b: Wo-Chien\n|upkeep\n|turn|9\n|\n|t:|1683142971\n|move|p2a: Dragapult|Protect|p2a: Dragapult\n|-singleturn|p2a: Dragapult|Protect\n|move|p2b: Wo-Chien|Body Press|p1a: Garganacl\n|-resisted|p1a: Garganacl\n|-damage|p1a: Garganacl|66\/100\n|move|p1a: Garganacl|Salt Cure|p2a: Dragapult\n|-activate|p2a: Dragapult|move: Protect\n|\n|-damage|p1a: Garganacl|54\/100|[from] Leech Seed|[of] p2b: Wo-Chien\n|upkeep\n|turn|10\n|c|\u2606themodpros_Bros|brother\n|j| Under501\n|\n|t:|1683143014\n|move|p2a: Dragapult|Protect||[still]\n|-fail|p2a: Dragapult\n|move|p2b: Wo-Chien|Body Press|p1a: Garganacl\n|-resisted|p1a: Garganacl\n|-damage|p1a: Garganacl|49\/100\n|move|p1a: Garganacl|Salt Cure|p2a: Dragapult\n|-damage|p2a: Dragapult|85\/100\n|-start|p2a: Dragapult|Salt Cure\n|\n|-damage|p1a: Garganacl|37\/100|[from] Leech Seed|[of] p2b: Wo-Chien\n|-damage|p2a: Dragapult|73\/100|[from] Salt Cure\n|upkeep\n|turn|11\n|c|\u2606the0philus|this may take a while\n|c| Under501|This hurst me\n|c| Under501|hurts*\n|c|\u2606themodpros_Bros|what the fuck is ur pult set\n|l| Under501\n|c|\u2606the0philus|well I don't want u to know is kinda the point\n|\n|t:|1683143100\n|move|p2a: Dragapult|Protect|p2a: Dragapult\n|-singleturn|p2a: Dragapult|Protect\n|move|p2b: Wo-Chien|Body Press|p1a: Garganacl\n|-resisted|p1a: Garganacl\n|-damage|p1a: Garganacl|33\/100\n|move|p1a: Garganacl|Recover|p1a: Garganacl\n|-heal|p1a: Garganacl|83\/100\n|\n|-damage|p1a: Garganacl|71\/100|[from] Leech Seed|[of] p2b: Wo-Chien\n|-damage|p2a: Dragapult|61\/100|[from] Salt Cure\n|upkeep\n|turn|12\n|c|\u2606themodpros_Bros|this some wack ass shit\n|\n|t:|1683143125\n|move|p2a: Dragapult|Protect|p2a: Dragapult\n|-singleturn|p2a: Dragapult|Protect\n|move|p2b: Wo-Chien|Protect|p2b: Wo-Chien\n|-singleturn|p2b: Wo-Chien|Protect\n|move|p1a: Garganacl|Salt Cure|p2b: Wo-Chien\n|-activate|p2b: Wo-Chien|move: Protect\n|\n|-damage|p1a: Garganacl|59\/100|[from] Leech Seed|[of] p2b: Wo-Chien\n|-damage|p2a: Dragapult|49\/100|[from] Salt Cure\n|-sideend|p1: themodpros_Bros|Reflect\n|upkeep\n|turn|13\n|\n|t:|1683143146\n|move|p2a: Dragapult|Protect||[still]\n|-fail|p2a: Dragapult\n|move|p2b: Wo-Chien|Body Press|p1a: Garganacl\n|-resisted|p1a: Garganacl\n|-damage|p1a: Garganacl|52\/100\n|move|p1a: Garganacl|Salt Cure|p2b: Wo-Chien\n|-damage|p2b: Wo-Chien|91\/100\n|-start|p2b: Wo-Chien|Salt Cure\n|\n|-heal|p2b: Wo-Chien|97\/100|[from] item: Leftovers\n|-damage|p1a: Garganacl|40\/100|[from] Leech Seed|[of] p2b: Wo-Chien\n|-heal|p2b: Wo-Chien|100\/100|[silent]\n|-damage|p2a: Dragapult|36\/100|[from] Salt Cure\n|-damage|p2b: Wo-Chien|88\/100|[from] Salt Cure\n|upkeep\n|turn|14\n|j| Under501\n|\n|t:|1683143165\n|move|p2a: Dragapult|Protect|p2a: Dragapult\n|-singleturn|p2a: Dragapult|Protect\n|move|p2b: Wo-Chien|Body Press|p1a: Garganacl\n|-resisted|p1a: Garganacl\n|-damage|p1a: Garganacl|33\/100\n|move|p1a: Garganacl|Recover|p1a: Garganacl\n|-heal|p1a: Garganacl|84\/100\n|\n|-heal|p2b: Wo-Chien|94\/100|[from] item: Leftovers\n|-damage|p1a: Garganacl|72\/100|[from] Leech Seed|[of] p2b: Wo-Chien\n|-heal|p2b: Wo-Chien|100\/100|[silent]\n|-damage|p2a: Dragapult|24\/100|[from] Salt Cure\n|-damage|p2b: Wo-Chien|88\/100|[from] Salt Cure\n|upkeep\n|turn|15\n|\n|t:|1683143190\n|move|p2a: Dragapult|Protect||[still]\n|-fail|p2a: Dragapult\n|move|p2b: Wo-Chien|Body Press|p1a: Garganacl\n|-resisted|p1a: Garganacl\n|-damage|p1a: Garganacl|66\/100\n|move|p1a: Garganacl|Body Press|p2b: Wo-Chien\n|-supereffective|p2b: Wo-Chien\n|-damage|p2b: Wo-Chien|55\/100\n|\n|-heal|p2b: Wo-Chien|61\/100|[from] item: Leftovers\n|-damage|p1a: Garganacl|54\/100|[from] Leech Seed|[of] p2b: Wo-Chien\n|-heal|p2b: Wo-Chien|74\/100|[silent]\n|-damage|p2a: Dragapult|12\/100|[from] Salt Cure\n|-damage|p2b: Wo-Chien|61\/100|[from] Salt Cure\n|upkeep\n|turn|16\n|l| Under501\n|\n|t:|1683143215\n|move|p2a: Dragapult|Protect|p2a: Dragapult\n|-singleturn|p2a: Dragapult|Protect\n|move|p2b: Wo-Chien|Protect|p2b: Wo-Chien\n|-singleturn|p2b: Wo-Chien|Protect\n|move|p1a: Garganacl|Protect||[still]\n|-fail|p1a: Garganacl\n|\n|-heal|p2b: Wo-Chien|68\/100|[from] item: Leftovers\n|-damage|p1a: Garganacl|42\/100|[from] Leech Seed|[of] p2b: Wo-Chien\n|-heal|p2b: Wo-Chien|81\/100|[silent]\n|-damage|p2a: Dragapult|0 fnt|[from] Salt Cure\n|faint|p2a: Dragapult\n|-damage|p2b: Wo-Chien|68\/100|[from] Salt Cure\n|upkeep\n|turn|17\n|\n|t:|1683143232\n|move|p2b: Wo-Chien|Body Press|p1a: Garganacl\n|-resisted|p1a: Garganacl\n|-damage|p1a: Garganacl|35\/100\n|move|p1a: Garganacl|Body Press|p2b: Wo-Chien\n|-supereffective|p2b: Wo-Chien\n|-damage|p2b: Wo-Chien|33\/100\n|\n|-heal|p2b: Wo-Chien|39\/100|[from] item: Leftovers\n|-damage|p1a: Garganacl|23\/100|[from] Leech Seed|[of] p2b: Wo-Chien\n|-heal|p2b: Wo-Chien|52\/100|[silent]\n|-damage|p2b: Wo-Chien|40\/100|[from] Salt Cure\n|upkeep\n|turn|18\n|\n|t:|1683143244\n|move|p2b: Wo-Chien|Protect|p2b: Wo-Chien\n|-singleturn|p2b: Wo-Chien|Protect\n|move|p1a: Garganacl|Recover|p1a: Garganacl\n|-heal|p1a: Garganacl|73\/100\n|\n|-heal|p2b: Wo-Chien|46\/100|[from] item: Leftovers\n|-damage|p1a: Garganacl|61\/100|[from] Leech Seed|[of] p2b: Wo-Chien\n|-heal|p2b: Wo-Chien|59\/100|[silent]\n|-damage|p2b: Wo-Chien|46\/100|[from] Salt Cure\n|upkeep\n|turn|19\n|c|\u2606themodpros_Bros|how in the fuck\n|j| Under501\n|\n|t:|1683143261\n|move|p2b: Wo-Chien|Protect|p2b: Wo-Chien\n|-singleturn|p2b: Wo-Chien|Protect\n|move|p1a: Garganacl|Body Press|p2b: Wo-Chien\n|-activate|p2b: Wo-Chien|move: Protect\n|\n|-heal|p2b: Wo-Chien|53\/100|[from] item: Leftovers\n|-damage|p1a: Garganacl|49\/100|[from] Leech Seed|[of] p2b: Wo-Chien\n|-heal|p2b: Wo-Chien|66\/100|[silent]\n|-damage|p2b: Wo-Chien|53\/100|[from] Salt Cure\n|upkeep\n|turn|20\n|l| Under501\n|\n|t:|1683143275\n|move|p2b: Wo-Chien|Body Press|p1a: Garganacl\n|-resisted|p1a: Garganacl\n|-damage|p1a: Garganacl|43\/100\n|move|p1a: Garganacl|Body Press|p2b: Wo-Chien\n|-supereffective|p2b: Wo-Chien\n|-damage|p2b: Wo-Chien|23\/100\n|\n|-heal|p2b: Wo-Chien|29\/100|[from] item: Leftovers\n|-damage|p1a: Garganacl|30\/100|[from] Leech Seed|[of] p2b: Wo-Chien\n|-heal|p2b: Wo-Chien|42\/100|[silent]\n|-damage|p2b: Wo-Chien|30\/100|[from] Salt Cure\n|upkeep\n|turn|21\n|\n|t:|1683143292\n|move|p2b: Wo-Chien|Protect|p2b: Wo-Chien\n|-singleturn|p2b: Wo-Chien|Protect\n|move|p1a: Garganacl|Recover|p1a: Garganacl\n|-heal|p1a: Garganacl|81\/100\n|\n|-heal|p2b: Wo-Chien|36\/100|[from] item: Leftovers\n|-damage|p1a: Garganacl|69\/100|[from] Leech Seed|[of] p2b: Wo-Chien\n|-heal|p2b: Wo-Chien|49\/100|[silent]\n|-damage|p2b: Wo-Chien|36\/100|[from] Salt Cure\n|upkeep\n|turn|22\n|c|\u2606the0philus|well\n|\n|t:|1683143325\n|move|p2b: Wo-Chien|Protect||[still]\n|-fail|p2b: Wo-Chien\n|move|p1a: Garganacl|Body Press|p2b: Wo-Chien\n|-supereffective|p2b: Wo-Chien\n|-damage|p2b: Wo-Chien|3\/100\n|\n|-heal|p2b: Wo-Chien|9\/100|[from] item: Leftovers\n|-damage|p1a: Garganacl|57\/100|[from] Leech Seed|[of] p2b: Wo-Chien\n|-heal|p2b: Wo-Chien|22\/100|[silent]\n|-damage|p2b: Wo-Chien|10\/100|[from] Salt Cure\n|upkeep\n|turn|23\n|\n|t:|1683143341\n|move|p2b: Wo-Chien|Protect|p2b: Wo-Chien\n|-singleturn|p2b: Wo-Chien|Protect\n|move|p1a: Garganacl|Body Press|p2b: Wo-Chien\n|-activate|p2b: Wo-Chien|move: Protect\n|\n|-heal|p2b: Wo-Chien|16\/100|[from] item: Leftovers\n|-damage|p1a: Garganacl|44\/100|[from] Leech Seed|[of] p2b: Wo-Chien\n|-heal|p2b: Wo-Chien|29\/100|[silent]\n|-damage|p2b: Wo-Chien|17\/100|[from] Salt Cure\n|upkeep\n|turn|24\n|c|\u2606themodpros_Bros|gg?\n|c|\u2606themodpros_Bros|what in the fuck\n|c|\u2606the0philus|ye\n|\n|t:|1683143352\n|move|p2b: Wo-Chien|Protect||[still]\n|-fail|p2b: Wo-Chien\n|move|p1a: Garganacl|Body Press|p2b: Wo-Chien\n|-supereffective|p2b: Wo-Chien\n|-damage|p2b: Wo-Chien|0 fnt\n|faint|p2b: Wo-Chien\n|\n|win|themodpros_Bros\n|c|\u2606themodpros_Bros|ur pult set couldve been anything\n","uploadtime":1683143360,"views":15,"p1id":"themodprosbros","p2id":"the0philus","formatid":"gen9vgc2023regulationc","rating":0,"private":0,"password":""}