{"id":"gen9vgc2023regulationc-1856373654","p1":"SpiderOtaku","p2":"xCress","format":"[Gen 9] VGC 2023 Regulation C","log":"|j|\u2606SpiderOtaku\n|j|\u2606xCress\n|t:|1683055307\n|gametype|doubles\n|player|p1|SpiderOtaku|102|1023\n|player|p2|xCress|hiker-gen4|1090\n|teamsize|p1|6\n|teamsize|p2|6\n|gen|9\n|tier|[Gen 9] VGC 2023 Regulation C\n|rated|\n|rule|Species Clause: Limit one of each Pok\u00e9mon\n|rule|Item Clause: Limit one of each item\n|clearpoke\n|poke|p1|Chien-Pao, L50|\n|poke|p1|Dragonite, L50, F|\n|poke|p1|Flutter Mane, L50|\n|poke|p1|Amoonguss, L50, M|\n|poke|p1|Arcanine, L50, F|\n|poke|p1|Palafin, L50, M|\n|poke|p2|Breloom, L50, M|\n|poke|p2|Iron Moth, L50|\n|poke|p2|Dragonite, L50, M|\n|poke|p2|Chien-Pao, L50|\n|poke|p2|Flutter Mane, L50|\n|poke|p2|Braviary, L50, M|\n|teampreview|4\n|inactive|Battle timer is ON: inactive players will automatically lose when time's up. (requested by SpiderOtaku)\n|\n|t:|1683055330\n|start\n|switch|p1a: Arcanine|Arcanine, L50, F|100\/100\n|switch|p1b: Palafin|Palafin, L50, M|100\/100\n|switch|p2a: Breloom|Breloom, L50, M|100\/100\n|switch|p2b: Braviary|Braviary, L50, M|100\/100\n|-ability|p1a: Arcanine|Intimidate|boost\n|-unboost|p2a: Breloom|atk|1\n|-unboost|p2b: Braviary|atk|1\n|-ability|p2b: Braviary|Defiant|boost\n|-boost|p2b: Braviary|atk|2\n|turn|1\n|\n|t:|1683055351\n|-terastallize|p2b: Braviary|Flying\n|move|p2a: Breloom|Protect|p2a: Breloom\n|-singleturn|p2a: Breloom|Protect\n|move|p1b: Palafin|Protect|p1b: Palafin\n|-singleturn|p1b: Palafin|Protect\n|move|p2b: Braviary|Brave Bird|p1a: Arcanine\n|-damage|p1a: Arcanine|0 fnt\n|faint|p1a: Arcanine\n|-damage|p2b: Braviary|64\/100|[from] Recoil\n|-damage|p2b: Braviary|54\/100|[from] item: Life Orb\n|\n|upkeep\n|\n|t:|1683055365\n|switch|p1a: Chien-Pao|Chien-Pao, L50|100\/100\n|-ability|p1a: Chien-Pao|Sword of Ruin\n|turn|2\n|\n|t:|1683055385\n|detailschange|p1b: Palafin|Palafin-Hero, L50, M\n|switch|p1b: Dragonite|Dragonite, L50, F|100\/100\n|move|p2a: Breloom|Mach Punch|p1a: Chien-Pao\n|-supereffective|p1a: Chien-Pao\n|-enditem|p1a: Chien-Pao|Focus Sash\n|-damage|p1a: Chien-Pao|1\/100\n|move|p1a: Chien-Pao|Ice Spinner|p2a: Breloom\n|-supereffective|p2a: Breloom\n|-enditem|p2a: Breloom|Focus Sash\n|-damage|p2a: Breloom|1\/100\n|move|p2b: Braviary|U-turn|p1a: Chien-Pao\n|-supereffective|p1a: Chien-Pao\n|-damage|p1a: Chien-Pao|0 fnt\n|faint|p1a: Chien-Pao\n|-damage|p2b: Braviary|44\/100|[from] item: Life Orb\n|\n|t:|1683055398\n|switch|p2b: Dragonite|Dragonite, L50, M|100\/100|[from] U-turn\n|\n|upkeep\n|\n|t:|1683055401\n|switch|p1a: Palafin|Palafin-Hero, L50, M|100\/100\n|-activate|p1a: Palafin|ability: Zero to Hero\n|turn|3\n|\n|t:|1683055411\n|move|p2a: Breloom|Protect|p2a: Breloom\n|-singleturn|p2a: Breloom|Protect\n|move|p1a: Palafin|Protect|p1a: Palafin\n|-singleturn|p1a: Palafin|Protect\n|move|p1b: Dragonite|Extreme Speed|p2a: Breloom\n|-activate|p2a: Breloom|move: Protect\n|move|p2b: Dragonite|Outrage|p1b: Dragonite\n|-supereffective|p1b: Dragonite\n|-damage|p1b: Dragonite|12\/100\n|\n|upkeep\n|turn|4\n|\n|t:|1683055427\n|-terastallize|p1b: Dragonite|Normal\n|move|p1b: Dragonite|Extreme Speed|p2b: Dragonite\n|-damage|p2b: Dragonite|26\/100\n|move|p1a: Palafin|Jet Punch|p2a: Breloom\n|-resisted|p2a: Breloom\n|-damage|p2a: Breloom|0 fnt\n|faint|p2a: Breloom\n|move|p2b: Dragonite|Outrage|p1b: Dragonite|[from]lockedmove\n|-damage|p1b: Dragonite|0 fnt\n|faint|p1b: Dragonite\n|-start|p2b: Dragonite|confusion|[fatigue]\n|\n|upkeep\n|\n|t:|1683055440\n|switch|p2a: Braviary|Braviary, L50, M, tera:Flying|44\/100\n|turn|5\n|\n|t:|1683055449\n|move|p1a: Palafin|Jet Punch|p2a: Braviary\n|-damage|p2a: Braviary|0 fnt\n|faint|p2a: Braviary\n|-activate|p2b: Dragonite|confusion\n|-damage|p2b: Dragonite|9\/100|[from] confusion\n|\n|upkeep\n|\n|t:|1683055454\n|switch|p2a: Iron Moth|Iron Moth, L50|100\/100\n|turn|6\n|\n|t:|1683055457\n|move|p1a: Palafin|Jet Punch|p2a: Iron Moth\n|-supereffective|p2a: Iron Moth\n|-damage|p2a: Iron Moth|0 fnt\n|faint|p2a: Iron Moth\n|-end|p2a: Iron Moth|Quark Drive|[silent]\n|-activate|p2b: Dragonite|confusion\n|move|p2b: Dragonite|Outrage|p1a: Palafin\n|-damage|p1a: Palafin|12\/100\n|\n|upkeep\n|turn|7\n|\n|t:|1683055465\n|move|p1a: Palafin|Jet Punch|p2b: Dragonite\n|-resisted|p2b: Dragonite\n|-damage|p2b: Dragonite|0 fnt\n|faint|p2b: Dragonite\n|\n|win|SpiderOtaku\n|raw|SpiderOtaku's rating: 1023 → 1067<\/strong> (+44 for winning)\n|raw|xCress's rating: 1090 → 1062<\/strong> (-28 for losing)\n|l|\u2606SpiderOtaku\n|j|\u2606SpiderOtaku\n|player|p1|SpiderOtaku|102\n","uploadtime":1683055607,"views":11,"p1id":"spiderotaku","p2id":"xcress","formatid":"gen9vgc2023regulationc","rating":1062,"private":0,"password":""}