{"id":"gen9vgc2023regulationc-1852258819","p1":"npqc","p2":"Tuxmux","format":"[Gen 9] VGC 2023 Regulation C","log":"|j|\u2606npqc\n|j|\u2606Tuxmux\n|t:|1682537542\n|gametype|doubles\n|player|p1|npqc|fisherman-gen4|1240\n|player|p2|Tuxmux|dawn-masters3|1318\n|teamsize|p1|6\n|teamsize|p2|6\n|gen|9\n|tier|[Gen 9] VGC 2023 Regulation C\n|rated|\n|rule|Species Clause: Limit one of each Pok\u00e9mon\n|rule|Item Clause: Limit one of each item\n|clearpoke\n|poke|p1|Dondozo, L50, F|\n|poke|p1|Tatsugiri, L50, M|\n|poke|p1|Raichu, L50, M|\n|poke|p1|Kingambit, L50, F|\n|poke|p1|Gallade, L50, M|\n|poke|p1|Baxcalibur, L50, M|\n|poke|p2|Chi-Yu, L50|\n|poke|p2|Gholdengo, L50|\n|poke|p2|Meowscarada, L50, M|\n|poke|p2|Gastrodon, L50, M|\n|poke|p2|Vivillon-Polar, L50, F|\n|poke|p2|Talonflame, L50, F|\n|teampreview|4\n|inactive|Battle timer is ON: inactive players will automatically lose when time's up. (requested by npqc)\n|inactive|Tuxmux has 60 seconds left.\n|\n|t:|1682537587\n|start\n|switch|p1a: Raichu|Raichu, L50, M|100\/100\n|switch|p1b: Tatsugiri|Tatsugiri, L50, M|100\/100\n|switch|p2a: Chi-Yu|Chi-Yu, L50|100\/100\n|switch|p2b: Gastrodon|Gastrodon, L50, M|100\/100\n|-ability|p2a: Chi-Yu|Beads of Ruin\n|turn|1\n|\n|t:|1682537609\n|move|p2a: Chi-Yu|Protect|p2a: Chi-Yu\n|-singleturn|p2a: Chi-Yu|Protect\n|move|p1a: Raichu|Fake Out|p2a: Chi-Yu\n|-activate|p2a: Chi-Yu|move: Protect\n|move|p1b: Tatsugiri|Draco Meteor|p2a: Chi-Yu\n|-activate|p2a: Chi-Yu|move: Protect\n|move|p2b: Gastrodon|Earth Power|p1a: Raichu\n|-supereffective|p1a: Raichu\n|-damage|p1a: Raichu|0 fnt\n|faint|p1a: Raichu\n|\n|upkeep\n|\n|t:|1682537621\n|switch|p1a: Kingambit|Kingambit, L50, F|100\/100\n|turn|2\n|inactive|npqc has 30 seconds left.\n|\n|t:|1682537647\n|-terastallize|p2a: Chi-Yu|Fire\n|-terastallize|p1a: Kingambit|Fire\n|move|p2a: Chi-Yu|Heat Wave|p1a: Kingambit|[spread] p1a,p1b\n|-resisted|p1a: Kingambit\n|-resisted|p1b: Tatsugiri\n|-damage|p1a: Kingambit|76\/100\n|-damage|p1b: Tatsugiri|73\/100\n|move|p1b: Tatsugiri|Draco Meteor|p2b: Gastrodon\n|-damage|p2b: Gastrodon|0 fnt\n|-unboost|p1b: Tatsugiri|spa|2\n|faint|p2b: Gastrodon\n|move|p1a: Kingambit|Kowtow Cleave|p2a: Chi-Yu\n|-damage|p2a: Chi-Yu|19\/100\n|\n|upkeep\n|\n|t:|1682537663\n|switch|p2b: Gholdengo|Gholdengo, L50|100\/100\n|turn|3\n|\n|t:|1682537678\n|switch|p1b: Gallade|Gallade, L50, M|100\/100\n|move|p2a: Chi-Yu|Protect|p2a: Chi-Yu\n|-singleturn|p2a: Chi-Yu|Protect\n|move|p1a: Kingambit|Sucker Punch||[still]\n|-fail|p1a: Kingambit\n|move|p2b: Gholdengo|Make It Rain|p1b: Gallade|[spread] p1a,p1b\n|-resisted|p1a: Kingambit\n|-crit|p1a: Kingambit\n|-damage|p1a: Kingambit|24\/100\n|-enditem|p1b: Gallade|Focus Sash\n|-damage|p1b: Gallade|1\/100\n|-unboost|p2b: Gholdengo|spa|1\n|\n|upkeep\n|turn|4\n|\n|t:|1682537702\n|move|p2a: Chi-Yu|Protect|p2a: Chi-Yu\n|-singleturn|p2a: Chi-Yu|Protect\n|move|p2b: Gholdengo|Make It Rain|p1b: Gallade|[spread] p1a,p1b\n|-resisted|p1a: Kingambit\n|-damage|p1a: Kingambit|0 fnt\n|-damage|p1b: Gallade|0 fnt\n|-unboost|p2b: Gholdengo|spa|1\n|faint|p1a: Kingambit\n|faint|p1b: Gallade\n|\n|upkeep\n|\n|t:|1682537712\n|switch|p1b: Tatsugiri|Tatsugiri, L50, M|73\/100\n|turn|5\n|\n|t:|1682537719\n|move|p2a: Chi-Yu|Overheat|p1b: Tatsugiri\n|-resisted|p1b: Tatsugiri\n|-damage|p1b: Tatsugiri|28\/100\n|-unboost|p2a: Chi-Yu|spa|2\n|move|p2b: Gholdengo|Make It Rain|p1b: Tatsugiri\n|-resisted|p1b: Tatsugiri\n|-damage|p1b: Tatsugiri|0 fnt\n|-unboost|p2b: Gholdengo|spa|1\n|faint|p1b: Tatsugiri\n|\n|win|Tuxmux\n|raw|npqc's rating: 1240 → 1221<\/strong> (-19 for losing)\n|raw|Tuxmux's rating: 1318 → 1334<\/strong> (+16 for winning)\n","uploadtime":1682537723,"views":30,"p1id":"npqc","p2id":"tuxmux","formatid":"gen9vgc2023regulationc","rating":1221,"private":0,"password":""}