{"id":"gen9vgc2023regulationc-1848396535","p1":"Landri","p2":"camyyy","format":"[Gen 9] VGC 2023 Regulation C","log":"|j|\u2606Landri\n|j|\u2606camyyy\n|t:|1682072178\n|gametype|doubles\n|player|p1|Landri|acetrainer-gen4dp|1316\n|player|p2|camyyy|cynthia|1242\n|teamsize|p1|6\n|teamsize|p2|6\n|gen|9\n|tier|[Gen 9] VGC 2023 Regulation C\n|rated|\n|rule|Species Clause: Limit one of each Pok\u00e9mon\n|rule|Item Clause: Limit one of each item\n|clearpoke\n|poke|p1|Gyarados, L50, M|\n|poke|p1|Volcarona, L50, F|\n|poke|p1|Flutter Mane, L50|\n|poke|p1|Ting-Lu, L50|\n|poke|p1|Dragonite, L50, M|\n|poke|p1|Chien-Pao, L50|\n|poke|p2|Orthworm, L50, M|\n|poke|p2|Dragonite, L50, F|\n|poke|p2|Ting-Lu, L50|\n|poke|p2|Gyarados, L50, M|\n|poke|p2|Flutter Mane, L50|\n|poke|p2|Chien-Pao, L50|\n|teampreview|4\n|inactive|Battle timer is ON: inactive players will automatically lose when time's up. (requested by Landri)\n|inactive|camyyy has 60 seconds left.\n|inactive|camyyy has 30 seconds left.\n|inactive|camyyy has 20 seconds left.\n|inactive|camyyy has 15 seconds left.\n|inactive|camyyy has 10 seconds left.\n|inactive|camyyy has 5 seconds left.\n|\n|t:|1682072269\n|start\n|switch|p1a: Volcarona|Volcarona, L50, F|100\/100\n|switch|p1b: Gyarados|Gyarados, L50, M|100\/100\n|switch|p2a: Orthworm|Orthworm, L50, M|100\/100\n|switch|p2b: Dragonite|Dragonite, L50, F|100\/100\n|-ability|p1b: Gyarados|Intimidate|boost\n|-unboost|p2a: Orthworm|atk|1\n|-unboost|p2b: Dragonite|atk|1\n|turn|1\n|inactive|camyyy has 30 seconds left.\n|\n|t:|1682072303\n|move|p2b: Dragonite|Dragon Dance|p2b: Dragonite\n|-boost|p2b: Dragonite|atk|1\n|-boost|p2b: Dragonite|spe|1\n|move|p1a: Volcarona|Will-O-Wisp|p2b: Dragonite\n|-status|p2b: Dragonite|brn\n|-enditem|p2b: Dragonite|Lum Berry|[eat]\n|-curestatus|p2b: Dragonite|brn|[msg]\n|move|p1b: Gyarados|Taunt|p2a: Orthworm\n|-start|p2a: Orthworm|move: Taunt\n|cant|p2a: Orthworm|move: Taunt|Iron Defense\n|\n|upkeep\n|turn|2\n|\n|t:|1682072319\n|switch|p2a: Gyarados|Gyarados, L50, M|100\/100\n|-ability|p2a: Gyarados|Intimidate|boost\n|-unboost|p1a: Volcarona|atk|1\n|-unboost|p1b: Gyarados|atk|1\n|-terastallize|p2b: Dragonite|Flying\n|move|p2b: Dragonite|Tera Blast|p1a: Volcarona\n|-supereffective|p1a: Volcarona\n|-damage|p1a: Volcarona|0 fnt\n|faint|p1a: Volcarona\n|move|p1b: Gyarados|Thunder Wave|p2b: Dragonite\n|-status|p2b: Dragonite|par\n|\n|upkeep\n|\n|t:|1682072324\n|switch|p1a: Flutter Mane|Flutter Mane, L50|100\/100\n|-enditem|p1a: Flutter Mane|Booster Energy\n|-activate|p1a: Flutter Mane|ability: Protosynthesis|[fromitem]\n|-start|p1a: Flutter Mane|protosynthesisspa\n|turn|3\n|\n|t:|1682072346\n|switch|p2a: Orthworm|Orthworm, L50, M|100\/100\n|-terastallize|p1a: Flutter Mane|Fairy\n|move|p1a: Flutter Mane|Dazzling Gleam|p2b: Dragonite|[spread] p2a,p2b\n|-resisted|p2a: Orthworm\n|-damage|p2a: Orthworm|70\/100\n|-damage|p2b: Dragonite|71\/100 par\n|move|p1b: Gyarados|Waterfall|p2b: Dragonite\n|-damage|p2b: Dragonite|48\/100 par\n|cant|p2b: Dragonite|par\n|\n|upkeep\n|turn|4\n|\n|t:|1682072367\n|move|p1a: Flutter Mane|Dazzling Gleam|p2a: Orthworm|[spread] p2a,p2b\n|-resisted|p2a: Orthworm\n|-damage|p2a: Orthworm|39\/100\n|-damage|p2b: Dragonite|0 fnt\n|-enditem|p2a: Orthworm|Sitrus Berry|[eat]\n|-heal|p2a: Orthworm|64\/100|[from] item: Sitrus Berry\n|faint|p2b: Dragonite\n|move|p1b: Gyarados|Waterfall|p2a: Orthworm\n|-damage|p2a: Orthworm|48\/100\n|cant|p2a: Orthworm|flinch\n|\n|upkeep\n|\n|t:|1682072376\n|switch|p2b: Gyarados|Gyarados, L50, M|100\/100\n|-ability|p2b: Gyarados|Intimidate|boost\n|-unboost|p1a: Flutter Mane|atk|1\n|-unboost|p1b: Gyarados|atk|1\n|turn|5\n|\n|t:|1682072389\n|move|p1a: Flutter Mane|Shadow Ball|p2a: Orthworm\n|-damage|p2a: Orthworm|0 fnt\n|faint|p2a: Orthworm\n|move|p2b: Gyarados|Thunder Wave|p1a: Flutter Mane\n|-status|p1a: Flutter Mane|par\n|move|p1b: Gyarados|Waterfall|p2b: Gyarados\n|-resisted|p2b: Gyarados\n|-damage|p2b: Gyarados|92\/100\n|\n|upkeep\n|\n|t:|1682072392\n|switch|p2a: Ting-Lu|Ting-Lu, L50|100\/100\n|-ability|p2a: Ting-Lu|Vessel of Ruin\n|turn|6\n|\n|t:|1682072403\n|move|p1a: Flutter Mane|Protect|p1a: Flutter Mane\n|-singleturn|p1a: Flutter Mane|Protect\n|move|p2b: Gyarados|Thunder Wave|p1b: Gyarados\n|-status|p1b: Gyarados|par\n|move|p2a: Ting-Lu|Rock Slide|p1b: Gyarados|[spread] p1b\n|-activate|p1a: Flutter Mane|move: Protect\n|-supereffective|p1b: Gyarados\n|-damage|p1b: Gyarados|50\/100 par\n|move|p1b: Gyarados|Thunder Wave|p2b: Gyarados\n|-status|p2b: Gyarados|par\n|\n|upkeep\n|turn|7\n|\n|t:|1682072419\n|switch|p1b: Ting-Lu|Ting-Lu, L50|100\/100\n|-ability|p1b: Ting-Lu|Vessel of Ruin\n|move|p2a: Ting-Lu|Rock Slide|p1b: Ting-Lu|[spread] p1a,p1b\n|-resisted|p1b: Ting-Lu\n|-damage|p1a: Flutter Mane|59\/100 par\n|-damage|p1b: Ting-Lu|94\/100\n|move|p1a: Flutter Mane|Dazzling Gleam|p2a: Ting-Lu|[spread] p2a,p2b\n|-supereffective|p2a: Ting-Lu\n|-damage|p2a: Ting-Lu|40\/100\n|-damage|p2b: Gyarados|61\/100 par\n|move|p2b: Gyarados|Waterfall|p1a: Flutter Mane\n|-damage|p1a: Flutter Mane|6\/100 par\n|\n|upkeep\n|turn|8\n|inactive|Landri has 30 seconds left.\n|\n|t:|1682072446\n|-end|p1a: Flutter Mane|Protosynthesis|[silent]\n|switch|p1a: Gyarados|Gyarados, L50, M|50\/100 par\n|-ability|p1a: Gyarados|Intimidate|boost\n|-unboost|p2a: Ting-Lu|atk|1\n|-unboost|p2b: Gyarados|atk|1\n|move|p2a: Ting-Lu|Rock Slide|p1a: Gyarados|[spread] p1a,p1b\n|-supereffective|p1a: Gyarados\n|-resisted|p1b: Ting-Lu\n|-damage|p1a: Gyarados|12\/100 par\n|-damage|p1b: Ting-Lu|89\/100\n|cant|p1b: Ting-Lu|flinch\n|move|p2b: Gyarados|Waterfall|p1b: Ting-Lu\n|-supereffective|p1b: Ting-Lu\n|-damage|p1b: Ting-Lu|63\/100\n|\n|upkeep\n|turn|9\n|\n|t:|1682072461\n|move|p2a: Ting-Lu|Rock Slide|p1b: Ting-Lu|[spread] p1a,p1b\n|-supereffective|p1a: Gyarados\n|-resisted|p1b: Ting-Lu\n|-damage|p1a: Gyarados|0 fnt\n|-damage|p1b: Ting-Lu|59\/100\n|faint|p1a: Gyarados\n|move|p1b: Ting-Lu|Heavy Slam|p2b: Gyarados\n|-resisted|p2b: Gyarados\n|-damage|p2b: Gyarados|53\/100 par\n|move|p2b: Gyarados|Waterfall|p1b: Ting-Lu\n|-supereffective|p1b: Ting-Lu\n|-damage|p1b: Ting-Lu|35\/100\n|\n|upkeep\n|\n|t:|1682072468\n|switch|p1a: Flutter Mane|Flutter Mane, L50, tera:Fairy|6\/100 par\n|turn|10\n|\n|t:|1682072482\n|move|p2a: Ting-Lu|Rock Slide|p1a: Flutter Mane|[spread] p1a,p1b\n|-resisted|p1b: Ting-Lu\n|-damage|p1a: Flutter Mane|0 fnt\n|-damage|p1b: Ting-Lu|31\/100\n|faint|p1a: Flutter Mane\n|-end|p1a: Flutter Mane|Protosynthesis|[silent]\n|move|p1b: Ting-Lu|Stomping Tantrum|p2a: Ting-Lu\n|-damage|p2a: Ting-Lu|20\/100\n|move|p2b: Gyarados|Waterfall|p1b: Ting-Lu\n|-supereffective|p1b: Ting-Lu\n|-damage|p1b: Ting-Lu|7\/100\n|\n|upkeep\n|turn|11\n|\n|t:|1682072493\n|move|p2a: Ting-Lu|Rock Slide|p1b: Ting-Lu\n|-resisted|p1b: Ting-Lu\n|-damage|p1b: Ting-Lu|2\/100\n|move|p1b: Ting-Lu|Stomping Tantrum|p2a: Ting-Lu\n|-damage|p2a: Ting-Lu|0 fnt\n|faint|p2a: Ting-Lu\n|cant|p2b: Gyarados|par\n|\n|upkeep\n|turn|12\n|c|\u2606Landri|Is ting lu scarf?\n|\n|t:|1682072514\n|move|p1b: Ting-Lu|Tera Blast|p2b: Gyarados\n|-damage|p2b: Gyarados|45\/100 par\n|move|p2b: Gyarados|Waterfall|p1b: Ting-Lu\n|-supereffective|p1b: Ting-Lu\n|-damage|p1b: Ting-Lu|0 fnt\n|faint|p1b: Ting-Lu\n|\n|win|camyyy\n|raw|Landri's rating: 1316 → 1292<\/strong> (-24 for losing)\n|raw|camyyy's rating: 1242 → 1272<\/strong> (+30 for winning)\n|l|\u2606Landri\n","uploadtime":1682072593,"views":13,"p1id":"landri","p2id":"camyyy","formatid":"gen9vgc2023regulationc","rating":1272,"private":0,"password":""}