{"id":"gen9vgc2023regulationc-1848823741","p1":"V4trena","p2":"NegaChad","format":"[Gen 9] VGC 2023 Regulation C","log":"|j|\u2606V4trena\n|j|\u2606NegaChad\n|t:|1682114302\n|gametype|doubles\n|player|p1|V4trena|blackbelt-gen4dp|\n|player|p2|NegaChad|101|\n|teamsize|p1|6\n|teamsize|p2|6\n|gen|9\n|tier|[Gen 9] VGC 2023 Regulation C\n|rule|Species Clause: Limit one of each Pok\u00e9mon\n|rule|Item Clause: Limit one of each item\n|clearpoke\n|poke|p1|Dondozo, L50, M|\n|poke|p1|Hattrem, L50, F|\n|poke|p1|Maushold, L50|\n|poke|p1|Flamigo, L50, F|\n|poke|p1|Tatsugiri-Droopy, L50, F|\n|poke|p1|Annihilape, L50, F|\n|poke|p2|Qwilfish, L50, F|\n|poke|p2|Great Tusk, L50|\n|poke|p2|Talonflame, L50, F|\n|poke|p2|Brambleghast, L50, M|\n|poke|p2|Farigiraf, L50, F|\n|poke|p2|Morgrem, L50, M|\n|teampreview|4\n|c|\u2606V4trena|game 3 fixed\n|\n|t:|1682114363\n|start\n|switch|p1a: SaulCallers|Maushold, L50|100\/100\n|switch|p1b: DarthSaul|Annihilape, L50, F|100\/100\n|switch|p2a: HEATBLAST|Talonflame, L50, F|100\/100\n|switch|p2b: CANNONBOLT|Great Tusk, L50, shiny|100\/100\n|turn|1\n|c|\u2606NegaChad|Glhf\n|\n|t:|1682114408\n|move|p2a: HEATBLAST|Tailwind|p2a: HEATBLAST\n|-sidestart|p2: NegaChad|move: Tailwind\n|move|p2b: CANNONBOLT|Play Rough|p1b: DarthSaul\n|-supereffective|p1b: DarthSaul\n|-damage|p1b: DarthSaul|30\/100\n|move|p1b: DarthSaul|Final Gambit|p2b: CANNONBOLT\n|-damage|p2b: CANNONBOLT|72\/100\n|faint|p1b: DarthSaul\n|move|p1a: SaulCallers|Population Bomb|p2a: HEATBLAST\n|-damage|p2a: HEATBLAST|83\/100\n|-damage|p2a: HEATBLAST|66\/100\n|-crit|p2a: HEATBLAST\n|-damage|p2a: HEATBLAST|40\/100\n|-damage|p2a: HEATBLAST|24\/100\n|-damage|p2a: HEATBLAST|8\/100\n|-damage|p2a: HEATBLAST|0 fnt\n|faint|p2a: HEATBLAST\n|-hitcount|p2: HEATBLAST|6\n|\n|upkeep\n|\n|t:|1682114427\n|switch|p2a: WAY BIG|Farigiraf, L50, F, shiny|100\/100\n|switch|p1b: Tatsugiri|Tatsugiri-Droopy, L50, F|100\/100\n|turn|2\n|\n|t:|1682114447\n|move|p1b: Tatsugiri|Endure|p1b: Tatsugiri\n|-singleturn|p1b: Tatsugiri|move: Endure\n|move|p2b: CANNONBOLT|Knock Off|p1a: SaulCallers\n|-damage|p1a: SaulCallers|46\/100\n|-enditem|p1a: SaulCallers|Wide Lens|[from] move: Knock Off|[of] p2b: CANNONBOLT\n|move|p2a: WAY BIG|Nasty Plot|p2a: WAY BIG\n|-boost|p2a: WAY BIG|spa|2\n|move|p1a: SaulCallers|Population Bomb|p2a: WAY BIG\n|-damage|p2a: WAY BIG|88\/100\n|-damage|p2a: WAY BIG|76\/100\n|-damage|p2a: WAY BIG|63\/100\n|-damage|p2a: WAY BIG|49\/100\n|-damage|p2a: WAY BIG|36\/100\n|-damage|p2a: WAY BIG|23\/100\n|-enditem|p2a: WAY BIG|Aguav Berry|[eat]\n|-heal|p2a: WAY BIG|56\/100|[from] item: Aguav Berry\n|-damage|p2a: WAY BIG|42\/100\n|-damage|p2a: WAY BIG|28\/100\n|-damage|p2a: WAY BIG|14\/100\n|-damage|p2a: WAY BIG|1\/100\n|-hitcount|p2a: WAY BIG|10\n|\n|upkeep\n|turn|3\n|\n|t:|1682114485\n|switch|p1a: TheDondizzuler|Dondozo, L50, M|100\/100\n|-activate|p1b: Tatsugiri|ability: Commander|[of] p1a: TheDondizzuler\n|-boost|p1a: TheDondizzuler|atk|2\n|-boost|p1a: TheDondizzuler|spa|2\n|-boost|p1a: TheDondizzuler|spe|2\n|-boost|p1a: TheDondizzuler|def|2\n|-boost|p1a: TheDondizzuler|spd|2\n|move|p2b: CANNONBOLT|Knock Off|p1a: TheDondizzuler\n|-damage|p1a: TheDondizzuler|91\/100\n|-enditem|p1a: TheDondizzuler|Leftovers|[from] move: Knock Off|[of] p2b: CANNONBOLT\n|move|p2a: WAY BIG|Dazzling Gleam|p1a: TheDondizzuler|[spread] p1a\n|-miss|p2a: WAY BIG|p1b: Tatsugiri\n|-damage|p1a: TheDondizzuler|80\/100\n|\n|upkeep\n|turn|4\n|\n|t:|1682114513\n|move|p1a: TheDondizzuler|Protect|p1a: TheDondizzuler\n|-singleturn|p1a: TheDondizzuler|Protect\n|move|p2b: CANNONBOLT|Play Rough|p1a: TheDondizzuler\n|-activate|p1a: TheDondizzuler|move: Protect\n|move|p2a: WAY BIG|Energy Ball|p1a: TheDondizzuler\n|-activate|p1a: TheDondizzuler|move: Protect\n|\n|-sideend|p2: NegaChad|move: Tailwind\n|upkeep\n|turn|5\n|\n|t:|1682114548\n|move|p1a: TheDondizzuler|Order Up|p2a: WAY BIG\n|-damage|p2a: WAY BIG|0 fnt\n|faint|p2a: WAY BIG\n|-boost|p1a: TheDondizzuler|def|1\n|move|p2b: CANNONBOLT|Play Rough|p1a: TheDondizzuler\n|-damage|p1a: TheDondizzuler|72\/100\n|\n|upkeep\n|\n|t:|1682114551\n|switch|p2a: RIPJAWS|Qwilfish, L50, F|100\/100\n|-ability|p2a: RIPJAWS|Intimidate|boost\n|-unboost|p1a: TheDondizzuler|atk|1\n|-unboost|p1b: Tatsugiri|atk|1\n|turn|6\n|\n|t:|1682114568\n|-terastallize|p1a: TheDondizzuler|Dragon\n|move|p2a: RIPJAWS|Haze|p2a: RIPJAWS\n|-clearallboost\n|move|p2b: CANNONBOLT|Play Rough|p1a: TheDondizzuler\n|-supereffective|p1a: TheDondizzuler\n|-damage|p1a: TheDondizzuler|36\/100\n|move|p1a: TheDondizzuler|Order Up|p2a: RIPJAWS\n|-damage|p2a: RIPJAWS|57\/100\n|-boost|p1a: TheDondizzuler|def|1\n|\n|-heal|p2a: RIPJAWS|63\/100|[from] item: Black Sludge\n|upkeep\n|turn|7\n|\n|t:|1682114588\n|move|p2a: RIPJAWS|Icy Wind|p1b: Tatsugiri|[spread] p1a\n|-miss|p2a: RIPJAWS|p1b: Tatsugiri\n|-supereffective|p1a: TheDondizzuler\n|-damage|p1a: TheDondizzuler|20\/100\n|-unboost|p1a: TheDondizzuler|spe|1\n|move|p2b: CANNONBOLT|Play Rough|p1a: TheDondizzuler\n|-supereffective|p1a: TheDondizzuler\n|-damage|p1a: TheDondizzuler|0 fnt\n|faint|p1a: TheDondizzuler\n|\n|-heal|p2a: RIPJAWS|68\/100|[from] item: Black Sludge\n|upkeep\n|\n|t:|1682114592\n|switch|p1a: SaulCallers|Maushold, L50|46\/100\n|turn|8\n|\n|t:|1682114604\n|move|p1b: Tatsugiri|Endure|p1b: Tatsugiri\n|-singleturn|p1b: Tatsugiri|move: Endure\n|move|p1a: SaulCallers|Population Bomb|p2a: RIPJAWS\n|-damage|p2a: RIPJAWS|49\/100\n|-damage|p2a: RIPJAWS|30\/100\n|-damage|p2a: RIPJAWS|13\/100\n|-hitcount|p2a: RIPJAWS|3\n|move|p2a: RIPJAWS|Icy Wind|p1b: Tatsugiri|[spread] p1a,p1b\n|-damage|p1a: SaulCallers|34\/100\n|-damage|p1b: Tatsugiri|90\/100\n|-unboost|p1a: SaulCallers|spe|1\n|-unboost|p1b: Tatsugiri|spe|1\n|move|p2b: CANNONBOLT|Play Rough|p1b: Tatsugiri|[miss]\n|-miss|p2b: CANNONBOLT|p1b: Tatsugiri\n|\n|-heal|p2a: RIPJAWS|18\/100|[from] item: Black Sludge\n|upkeep\n|turn|9\n|\n|t:|1682114628\n|move|p2a: RIPJAWS|Chilling Water|p1a: SaulCallers\n|-damage|p1a: SaulCallers|13\/100\n|-unboost|p1a: SaulCallers|atk|1\n|move|p2b: CANNONBOLT|Play Rough|p1b: Tatsugiri\n|-supereffective|p1b: Tatsugiri\n|-damage|p1b: Tatsugiri|0 fnt\n|faint|p1b: Tatsugiri\n|move|p1a: SaulCallers|Population Bomb|p2b: CANNONBOLT\n|-damage|p2b: CANNONBOLT|66\/100\n|-damage|p2b: CANNONBOLT|61\/100\n|-damage|p2b: CANNONBOLT|55\/100\n|-damage|p2b: CANNONBOLT|50\/100\n|-damage|p2b: CANNONBOLT|44\/100\n|-damage|p2b: CANNONBOLT|38\/100\n|-damage|p2b: CANNONBOLT|32\/100\n|-damage|p2b: CANNONBOLT|27\/100\n|-hitcount|p2b: CANNONBOLT|8\n|\n|-heal|p2a: RIPJAWS|24\/100|[from] item: Black Sludge\n|upkeep\n|turn|10\n|c|\u2606V4trena|gg wp\n|c|\u2606NegaChad|Gg wp\n|\n|t:|1682114665\n|move|p2a: RIPJAWS|Chilling Water|p1a: SaulCallers\n|-crit|p1a: SaulCallers\n|-damage|p1a: SaulCallers|0 fnt\n|faint|p1a: SaulCallers\n|\n|win|NegaChad\n|l|\u2606NegaChad\n","uploadtime":1682114695,"views":14,"p1id":"v4trena","p2id":"negachad","formatid":"gen9vgc2023regulationc","rating":0,"private":0,"password":""}