{"id":"gen9vgc2023regulationc-1849001170","p1":"Xepher008","p2":"bergusia","format":"[Gen 9] VGC 2023 Regulation C","log":"|j|\u2606Xepher008\n|j|\u2606bergusia\n|t:|1682137077\n|gametype|doubles\n|player|p1|Xepher008|2|1125\n|player|p2|bergusia|169|1218\n|teamsize|p1|6\n|teamsize|p2|6\n|gen|9\n|tier|[Gen 9] VGC 2023 Regulation C\n|rated|\n|rule|Species Clause: Limit one of each Pok\u00e9mon\n|rule|Item Clause: Limit one of each item\n|clearpoke\n|poke|p1|Flutter Mane, L50|\n|poke|p1|Gastrodon, L50, M|\n|poke|p1|Chi-Yu, L50|\n|poke|p1|Chien-Pao, L50|\n|poke|p1|Dragonite, L50, F|\n|poke|p1|Amoonguss, L50, M|\n|poke|p2|Maushold, L50|\n|poke|p2|Ceruledge, L50, F|\n|poke|p2|Iron Hands, L50|\n|poke|p2|Iron Bundle, L50|\n|poke|p2|Ting-Lu, L50|\n|poke|p2|Dragonite, L50, F|\n|teampreview|4\n|inactive|Battle timer is ON: inactive players will automatically lose when time's up. (requested by Xepher008)\n|\n|t:|1682137107\n|start\n|switch|p1a: Chi-Yu|Chi-Yu, L50|100\/100\n|switch|p1b: Gastrodon|Gastrodon, L50, M|100\/100\n|switch|p2a: sord|Ceruledge, L50, F|100\/100\n|switch|p2b: mous|Maushold, L50|100\/100\n|-ability|p1a: Chi-Yu|Beads of Ruin\n|turn|1\n|\n|t:|1682137125\n|-terastallize|p2a: sord|Grass\n|move|p1a: Chi-Yu|Heat Wave|p2a: sord|[spread] p2b\n|-start|p2a: sord|ability: Flash Fire\n|-damage|p2b: mous|47\/100\n|move|p2b: mous|Super Fang|p1a: Chi-Yu|[miss]\n|-miss|p2b: mous|p1a: Chi-Yu\n|move|p2a: sord|Bulk Up|p2a: sord\n|-boost|p2a: sord|atk|1\n|-boost|p2a: sord|def|1\n|move|p1b: Gastrodon|Muddy Water|p2a: sord|[spread] p2a,p2b\n|-resisted|p2a: sord\n|-damage|p2a: sord|87\/100\n|-damage|p2b: mous|0 fnt\n|faint|p2b: mous\n|\n|upkeep\n|\n|t:|1682137140\n|switch|p2b: hand|Iron Hands, L50|100\/100\n|turn|2\n|\n|t:|1682137154\n|-terastallize|p1a: Chi-Yu|Ghost\n|move|p2b: hand|Fake Out|p1a: Chi-Yu\n|-immune|p1a: Chi-Yu\n|move|p1a: Chi-Yu|Dark Pulse|p2a: sord\n|-damage|p2a: sord|36\/100\n|move|p2a: sord|Bulk Up|p2a: sord\n|-boost|p2a: sord|atk|1\n|-boost|p2a: sord|def|1\n|move|p1b: Gastrodon|Earth Power|p2b: hand\n|-supereffective|p2b: hand\n|-damage|p2b: hand|47\/100\n|\n|upkeep\n|turn|3\n|\n|t:|1682137172\n|-end|p2b: hand|Quark Drive|[silent]\n|switch|p2b: bot|Iron Bundle, L50|100\/100\n|-enditem|p2b: bot|Booster Energy\n|-activate|p2b: bot|ability: Quark Drive|[fromitem]\n|-start|p2b: bot|quarkdrivespe\n|move|p2a: sord|Shadow Sneak|p1a: Chi-Yu\n|-supereffective|p1a: Chi-Yu\n|-damage|p1a: Chi-Yu|0 fnt\n|faint|p1a: Chi-Yu\n|move|p1b: Gastrodon|Earth Power|p2b: bot\n|-damage|p2b: bot|18\/100\n|-unboost|p2b: bot|spd|1\n|\n|upkeep\n|\n|t:|1682137192\n|switch|p1a: Amoonguss|Amoonguss, L50, M|100\/100\n|turn|4\n|\n|t:|1682137207\n|move|p1a: Amoonguss|Rage Powder|p1a: Amoonguss\n|-singleturn|p1a: Amoonguss|move: Rage Powder\n|move|p2b: bot|Freeze-Dry|p1a: Amoonguss\n|-supereffective|p1a: Amoonguss\n|-damage|p1a: Amoonguss|41\/100\n|move|p2a: sord|Bitter Blade|p1a: Amoonguss\n|-supereffective|p1a: Amoonguss\n|-damage|p1a: Amoonguss|0 fnt\n|-heal|p2a: sord|61\/100|[from] drain|[of] p1a: Amoonguss\n|-damage|p2a: sord|45\/100|[from] item: Rocky Helmet|[of] p1a: Amoonguss\n|faint|p1a: Amoonguss\n|move|p1b: Gastrodon|Earth Power|p2b: bot\n|-damage|p2b: bot|0 fnt\n|faint|p2b: bot\n|-end|p2b: bot|Quark Drive|[silent]\n|\n|upkeep\n|inactive|Xepher008 has 30 seconds left.\n|\n|t:|1682137234\n|switch|p2b: hand|Iron Hands, L50|47\/100\n|switch|p1a: Flutter Mane|Flutter Mane, L50|100\/100\n|turn|5\n|\n|t:|1682137250\n|move|p1b: Gastrodon|Protect|p1b: Gastrodon\n|-singleturn|p1b: Gastrodon|Protect\n|move|p2b: hand|Fake Out|p1b: Gastrodon\n|-activate|p1b: Gastrodon|move: Protect\n|move|p2a: sord|Shadow Sneak|p1a: Flutter Mane\n|-supereffective|p1a: Flutter Mane\n|-damage|p1a: Flutter Mane|0 fnt\n|faint|p1a: Flutter Mane\n|-end|p1a: Flutter Mane|Protosynthesis|[silent]\n|\n|upkeep\n|turn|6\n|\n|t:|1682137265\n|move|p2a: sord|Shadow Sneak|p1b: Gastrodon\n|-damage|p1b: Gastrodon|59\/100\n|move|p2b: hand|Drain Punch|p1b: Gastrodon\n|-damage|p1b: Gastrodon|12\/100\n|-heal|p2b: hand|68\/100|[from] drain|[of] p1b: Gastrodon\n|move|p1b: Gastrodon|Earth Power|p2b: hand\n|-supereffective|p2b: hand\n|-damage|p2b: hand|24\/100\n|\n|upkeep\n|turn|7\n|-message|Xepher008 forfeited.\n|\n|win|bergusia\n|raw|Xepher008's rating: 1125 → 1107<\/strong> (-18 for losing)\n|raw|bergusia's rating: 1218 → 1236<\/strong> (+18 for winning)\n","uploadtime":1682137287,"views":9,"p1id":"xepher008","p2id":"bergusia","formatid":"gen9vgc2023regulationc","rating":1107,"private":0,"password":""}