{"id":"gen9vgc2023regulationc-1858059085","p1":"ffffd55","p2":"Neoman15","format":"[Gen 9] VGC 2023 Regulation C","log":"|j|\u2606ffffd55\n|j|\u2606Neoman15\n|t:|1683268548\n|gametype|doubles\n|player|p1|ffffd55|170|1069\n|player|p2|Neoman15|2|1028\n|teamsize|p1|6\n|teamsize|p2|6\n|gen|9\n|tier|[Gen 9] VGC 2023 Regulation C\n|rated|\n|rule|Species Clause: Limit one of each Pok\u00e9mon\n|rule|Item Clause: Limit one of each item\n|clearpoke\n|poke|p1|Torkoal, L50, M|\n|poke|p1|Chi-Yu, L50|\n|poke|p1|Bronzong, L50|\n|poke|p1|Gastrodon, L50, M|\n|poke|p1|Grimmsnarl, L50, M|\n|poke|p1|Skeledirge, L50, M|\n|poke|p2|Annihilape, L50, F|\n|poke|p2|Maushold, L50|\n|poke|p2|Chi-Yu, L50|\n|poke|p2|Flutter Mane, L50|\n|poke|p2|Iron Bundle, L50|\n|poke|p2|Amoonguss, L50, F|\n|teampreview|4\n|inactive|Battle timer is ON: inactive players will automatically lose when time's up. (requested by ffffd55)\n|inactive|Neoman15 has 60 seconds left.\n|\n|t:|1683268605\n|start\n|switch|p1a: Torkoal|Torkoal, L50, M|100\/100\n|switch|p1b: Grimmsnarl|Grimmsnarl, L50, M|100\/100\n|switch|p2a: Annihilape|Annihilape, L50, F, shiny|100\/100\n|switch|p2b: Iron Bundle|Iron Bundle, L50, shiny|100\/100\n|-weather|SunnyDay|[from] ability: Drought|[of] p1a: Torkoal\n|-enditem|p2b: Iron Bundle|Booster Energy\n|-activate|p2b: Iron Bundle|ability: Quark Drive|[fromitem]\n|-start|p2b: Iron Bundle|quarkdrivespe\n|turn|1\n|inactive|Neoman15 has 30 seconds left.\n|inactive|ffffd55 has 30 seconds left.\n|inactive|Neoman15 has 20 seconds left.\n|inactive|Neoman15 has 15 seconds left.\n|inactive|Neoman15 has 10 seconds left.\n|\n|t:|1683268654\n|-terastallize|p2a: Annihilape|Fire\n|move|p1a: Torkoal|Protect|p1a: Torkoal\n|-singleturn|p1a: Torkoal|Protect\n|move|p1b: Grimmsnarl|Trick|p2a: Annihilape\n|-activate|p1b: Grimmsnarl|move: Trick|[of] p2a: Annihilape\n|-item|p2a: Annihilape|Lagging Tail|[from] move: Trick\n|-item|p1b: Grimmsnarl|Leftovers|[from] move: Trick\n|move|p2b: Iron Bundle|Hydro Pump|p1a: Torkoal\n|-activate|p1a: Torkoal|move: Protect\n|move|p2a: Annihilape|Drain Punch|p1a: Torkoal\n|-activate|p1a: Torkoal|move: Protect\n|\n|-weather|SunnyDay|[upkeep]\n|upkeep\n|turn|2\n|\n|t:|1683268673\n|switch|p1a: Skeledirge|Skeledirge, L50, M|100\/100\n|move|p2b: Iron Bundle|Hydro Pump|p1a: Skeledirge\n|-supereffective|p1a: Skeledirge\n|-damage|p1a: Skeledirge|36\/100\n|move|p1b: Grimmsnarl|Spirit Break|p2b: Iron Bundle\n|-damage|p2b: Iron Bundle|49\/100\n|-unboost|p2b: Iron Bundle|spa|1\n|move|p2a: Annihilape|Bulk Up|p2a: Annihilape\n|-boost|p2a: Annihilape|atk|1\n|-boost|p2a: Annihilape|def|1\n|\n|-weather|SunnyDay|[upkeep]\n|-heal|p1a: Skeledirge|42\/100|[from] item: Leftovers\n|upkeep\n|turn|3\n|\n|t:|1683268695\n|move|p1b: Grimmsnarl|Sucker Punch|p2b: Iron Bundle\n|-damage|p2b: Iron Bundle|4\/100\n|move|p2b: Iron Bundle|Icy Wind|p1b: Grimmsnarl|[spread] p1a,p1b\n|-resisted|p1a: Skeledirge\n|-damage|p1a: Skeledirge|34\/100\n|-damage|p1b: Grimmsnarl|86\/100\n|-unboost|p1a: Skeledirge|spe|1\n|-unboost|p1b: Grimmsnarl|spe|1\n|move|p1a: Skeledirge|Encore|p2a: Annihilape\n|-start|p2a: Annihilape|Encore\n|move|p2a: Annihilape|Bulk Up|p2a: Annihilape\n|-boost|p2a: Annihilape|atk|1\n|-boost|p2a: Annihilape|def|1\n|\n|-weather|SunnyDay|[upkeep]\n|-heal|p1a: Skeledirge|40\/100|[from] item: Leftovers\n|-heal|p1b: Grimmsnarl|92\/100|[from] item: Leftovers\n|upkeep\n|turn|4\n|\n|t:|1683268715\n|move|p2b: Iron Bundle|Protect|p2b: Iron Bundle\n|-singleturn|p2b: Iron Bundle|Protect\n|move|p1b: Grimmsnarl|Sucker Punch||[still]\n|-fail|p1b: Grimmsnarl\n|move|p1a: Skeledirge|Torch Song|p2a: Annihilape\n|-resisted|p2a: Annihilape\n|-damage|p2a: Annihilape|74\/100\n|-boost|p1a: Skeledirge|spa|1\n|move|p2a: Annihilape|Bulk Up|p2a: Annihilape\n|-boost|p2a: Annihilape|atk|1\n|-boost|p2a: Annihilape|def|1\n|\n|-weather|SunnyDay|[upkeep]\n|-heal|p1a: Skeledirge|46\/100|[from] item: Leftovers\n|-heal|p1b: Grimmsnarl|97\/100|[from] item: Leftovers\n|upkeep\n|turn|5\n|\n|t:|1683268738\n|move|p2b: Iron Bundle|Protect||[still]\n|-fail|p2b: Iron Bundle\n|move|p1b: Grimmsnarl|Sucker Punch||[still]\n|-fail|p1b: Grimmsnarl\n|move|p1a: Skeledirge|Torch Song|p2a: Annihilape\n|-resisted|p2a: Annihilape\n|-damage|p2a: Annihilape|35\/100\n|-boost|p1a: Skeledirge|spa|1\n|move|p2a: Annihilape|Bulk Up|p2a: Annihilape\n|-boost|p2a: Annihilape|atk|1\n|-boost|p2a: Annihilape|def|1\n|\n|-weather|none\n|-heal|p1a: Skeledirge|52\/100|[from] item: Leftovers\n|-heal|p1b: Grimmsnarl|100\/100|[from] item: Leftovers\n|-end|p2a: Annihilape|Encore\n|upkeep\n|turn|6\n|inactive|Neoman15 has 30 seconds left.\n|\n|t:|1683268766\n|-end|p2b: Iron Bundle|Quark Drive|[silent]\n|switch|p2b: Amoonguss|Amoonguss, L50, F, shiny|100\/100\n|move|p1b: Grimmsnarl|Sucker Punch||[still]\n|-fail|p1b: Grimmsnarl\n|move|p1a: Skeledirge|Encore|p2a: Annihilape\n|-start|p2a: Annihilape|Encore\n|move|p2a: Annihilape|Bulk Up|p2a: Annihilape\n|-boost|p2a: Annihilape|atk|1\n|-boost|p2a: Annihilape|def|1\n|\n|-heal|p1a: Skeledirge|58\/100|[from] item: Leftovers\n|upkeep\n|turn|7\n|inactive|Neoman15 has 30 seconds left.\n|inactive|Neoman15 has 20 seconds left.\n|inactive|Neoman15 has 15 seconds left.\n|\n|t:|1683268810\n|switch|p2a: Iron Bundle|Iron Bundle, L50, shiny|4\/100\n|switch|p1b: Torkoal|Torkoal, L50, M|100\/100\n|-weather|SunnyDay|[from] ability: Drought|[of] p1b: Torkoal\n|move|p1a: Skeledirge|Protect|p1a: Skeledirge\n|-singleturn|p1a: Skeledirge|Protect\n|move|p2b: Amoonguss|Pollen Puff|p2a: Iron Bundle\n|-heal|p2a: Iron Bundle|53\/100\n|\n|-weather|SunnyDay|[upkeep]\n|-heal|p1a: Skeledirge|63\/100|[from] item: Leftovers\n|upkeep\n|turn|8\n|\n|t:|1683268834\n|switch|p1a: Grimmsnarl|Grimmsnarl, L50, M|100\/100\n|move|p2a: Iron Bundle|Hydro Pump|p1a: Grimmsnarl\n|-crit|p1a: Grimmsnarl\n|-damage|p1a: Grimmsnarl|56\/100\n|move|p2b: Amoonguss|Spore|p1b: Torkoal\n|-activate|p1b: Torkoal|item: Safety Goggles|Spore\n|move|p1b: Torkoal|Eruption|p2a: Iron Bundle|[spread] p2a,p2b\n|-supereffective|p2b: Amoonguss\n|-damage|p2a: Iron Bundle|0 fnt\n|-damage|p2b: Amoonguss|0 fnt\n|faint|p2a: Iron Bundle\n|-end|p2a: Iron Bundle|Quark Drive|[silent]\n|faint|p2b: Amoonguss\n|\n|-weather|SunnyDay|[upkeep]\n|-heal|p1a: Grimmsnarl|62\/100|[from] item: Leftovers\n|upkeep\n|\n|t:|1683268850\n|switch|p2a: Annihilape|Annihilape, L50, F, shiny, tera:Fire|35\/100\n|switch|p2b: Flutter Mane|Flutter Mane, L50, shiny|100\/100\n|-activate|p2b: Flutter Mane|ability: Protosynthesis\n|-start|p2b: Flutter Mane|protosynthesisspe\n|turn|9\n|\n|t:|1683268865\n|move|p1a: Grimmsnarl|Fake Out|p2a: Annihilape\n|-damage|p2a: Annihilape|21\/100\n|move|p2b: Flutter Mane|Shadow Ball|p1b: Torkoal\n|-damage|p1b: Torkoal|41\/100\n|move|p1b: Torkoal|Earth Power|p2a: Annihilape\n|-supereffective|p2a: Annihilape\n|-damage|p2a: Annihilape|0 fnt\n|faint|p2a: Annihilape\n|\n|-weather|SunnyDay|[upkeep]\n|-heal|p1a: Grimmsnarl|68\/100|[from] item: Leftovers\n|upkeep\n|turn|10\n|\n|t:|1683268879\n|move|p1a: Grimmsnarl|Sucker Punch|p2b: Flutter Mane\n|-damage|p2b: Flutter Mane|27\/100\n|move|p2b: Flutter Mane|Dazzling Gleam|p1b: Torkoal|[spread] p1a,p1b\n|-supereffective|p1a: Grimmsnarl\n|-resisted|p1b: Torkoal\n|-damage|p1a: Grimmsnarl|0 fnt\n|-damage|p1b: Torkoal|19\/100\n|faint|p1a: Grimmsnarl\n|move|p1b: Torkoal|Eruption|p2b: Flutter Mane\n|-damage|p2b: Flutter Mane|9\/100\n|\n|-weather|SunnyDay|[upkeep]\n|upkeep\n|\n|t:|1683268885\n|switch|p1a: Skeledirge|Skeledirge, L50, M|63\/100\n|turn|11\n|\n|t:|1683268904\n|move|p2b: Flutter Mane|Shadow Ball|p1a: Skeledirge\n|-supereffective|p1a: Skeledirge\n|-damage|p1a: Skeledirge|0 fnt\n|faint|p1a: Skeledirge\n|move|p1b: Torkoal|Earth Power|p2b: Flutter Mane\n|-damage|p2b: Flutter Mane|0 fnt\n|faint|p2b: Flutter Mane\n|-end|p2b: Flutter Mane|Protosynthesis|[silent]\n|\n|win|ffffd55\n|raw|ffffd55's rating: 1069 → 1095<\/strong> (+26 for winning)\n|raw|Neoman15's rating: 1028 → 1015<\/strong> (-13 for losing)\n","uploadtime":1683268909,"views":5,"p1id":"ffffd55","p2id":"neoman15","formatid":"gen9vgc2023regulationc","rating":1015,"private":0,"password":""}