{"id":"gen9vgc2023regulationc-1863807458","p1":"The Rollo","p2":"fangeddragon96","format":"[Gen 9] VGC 2023 Regulation C","log":"|j|\u2606The Rollo\n|j|\u2606fangeddragon96\n|t:|1684080183\n|gametype|doubles\n|player|p1|The Rollo|1|\n|player|p2|fangeddragon96|169|\n|teamsize|p1|6\n|teamsize|p2|6\n|gen|9\n|tier|[Gen 9] VGC 2023 Regulation C\n|rule|Species Clause: Limit one of each Pok\u00e9mon\n|rule|Item Clause: Limit one of each item\n|clearpoke\n|poke|p1|Kilowattrel, L50, F|\n|poke|p1|Chien-Pao, L50|\n|poke|p1|Slaking, L50, M|\n|poke|p1|Indeedee-F, L50, F|\n|poke|p1|Iron Valiant, L50|\n|poke|p1|Grafaiai, L50, F|\n|poke|p2|Flutter Mane, L50|\n|poke|p2|Hariyama, L50, F|\n|poke|p2|Torkoal, L50, F|\n|poke|p2|Great Tusk, L50|\n|poke|p2|Jumpluff, L50, M|\n|poke|p2|Barraskewda, L50, F|\n|teampreview|4\n|c|\u2606The Rollo|G1\n|c|\u2606The Rollo|Glhf\n|c|\u2606fangeddragon96|glhf\n|\n|t:|1684080269\n|start\n|switch|p1a: Grafaiai|Grafaiai, L50, F|100\/100\n|switch|p1b: Slaking|Slaking, L50, M|100\/100\n|switch|p2a: Dinoghost|Flutter Mane, L50, shiny|100\/100\n|switch|p2b: CatchinHands|Hariyama, L50, F, shiny|100\/100\n|turn|1\n|\n|t:|1684080288\n|move|p1b: Slaking|Protect|p1b: Slaking\n|-singleturn|p1b: Slaking|Protect\n|move|p2b: CatchinHands|Fake Out|p1b: Slaking\n|-activate|p1b: Slaking|move: Protect\n|move|p1a: Grafaiai|Doodle|p2b: CatchinHands\n|-endability|p1a: Grafaiai|Prankster|[from] move: Doodle\n|-ability|p1a: Grafaiai|Guts|[from] move: Doodle\n|-endability|p1b: Slaking|Truant|[from] move: Doodle\n|-ability|p1b: Slaking|Guts|[from] move: Doodle\n|move|p2a: Dinoghost|Trick Room|p2a: Dinoghost\n|-fieldstart|move: Trick Room|[of] p2a: Dinoghost\n|\n|-status|p2b: CatchinHands|brn|[from] item: Flame Orb\n|upkeep\n|turn|2\n|\n|t:|1684080308\n|-terastallize|p1b: Slaking|Flying\n|move|p2b: CatchinHands|Close Combat|p1b: Slaking\n|-resisted|p1b: Slaking\n|-damage|p1b: Slaking|65\/100\n|-unboost|p2b: CatchinHands|def|1\n|-unboost|p2b: CatchinHands|spd|1\n|move|p2a: Dinoghost|Dazzling Gleam|p1b: Slaking|[spread] p1a,p1b\n|-resisted|p1a: Grafaiai\n|-damage|p1a: Grafaiai|76\/100\n|-damage|p1b: Slaking|30\/100\n|move|p1b: Slaking|Play Rough|p2b: CatchinHands|[miss]\n|-miss|p1b: Slaking|p2b: CatchinHands\n|move|p1a: Grafaiai|Knock Off|p2a: Dinoghost\n|-damage|p2a: Dinoghost|62\/100\n|-enditem|p2a: Dinoghost|Power Lens|[from] move: Knock Off|[of] p1a: Grafaiai\n|\n|-damage|p2b: CatchinHands|94\/100 brn|[from] brn\n|upkeep\n|turn|3\n|\n|t:|1684080342\n|move|p1b: Slaking|Protect|p1b: Slaking\n|-singleturn|p1b: Slaking|Protect\n|move|p2b: CatchinHands|Close Combat|p1b: Slaking\n|-activate|p1b: Slaking|move: Protect\n|move|p2a: Dinoghost|Dazzling Gleam|p1b: Slaking|[spread] p1a\n|-activate|p1b: Slaking|move: Protect\n|-resisted|p1a: Grafaiai\n|-damage|p1a: Grafaiai|49\/100\n|move|p1a: Grafaiai|Knock Off|p2b: CatchinHands\n|-resisted|p2b: CatchinHands\n|-damage|p2b: CatchinHands|70\/100 brn\n|-enditem|p2b: CatchinHands|Flame Orb|[from] move: Knock Off|[of] p1a: Grafaiai\n|\n|-damage|p2b: CatchinHands|64\/100 brn|[from] brn\n|upkeep\n|turn|4\n|\n|t:|1684080376\n|move|p2b: CatchinHands|Close Combat|p1b: Slaking\n|-resisted|p1b: Slaking\n|-damage|p1b: Slaking|0 fnt\n|-unboost|p2b: CatchinHands|def|1\n|-unboost|p2b: CatchinHands|spd|1\n|faint|p1b: Slaking\n|move|p2a: Dinoghost|Shadow Ball|p1a: Grafaiai\n|-immune|p1a: Grafaiai\n|move|p1a: Grafaiai|Knock Off|p2a: Dinoghost\n|-damage|p2a: Dinoghost|35\/100\n|\n|-damage|p2b: CatchinHands|58\/100 brn|[from] brn\n|upkeep\n|\n|t:|1684080392\n|switch|p1b: Iron Valiant|Iron Valiant, L50|100\/100\n|turn|5\n|\n|t:|1684080433\n|switch|p2b: Mastodon|Great Tusk, L50, shiny|100\/100\n|-end|p2a: Dinoghost|Protosynthesis|[silent]\n|switch|p2a: Vesuvius|Torkoal, L50, F, shiny|100\/100\n|-weather|SunnyDay|[from] ability: Drought|[of] p2a: Vesuvius\n|-activate|p2b: Mastodon|ability: Protosynthesis\n|-start|p2b: Mastodon|protosynthesisatk\n|move|p1b: Iron Valiant|Protect|p1b: Iron Valiant\n|-singleturn|p1b: Iron Valiant|Protect\n|move|p1a: Grafaiai|Knock Off|p2a: Vesuvius\n|-damage|p2a: Vesuvius|81\/100\n|-enditem|p2a: Vesuvius|Charcoal|[from] move: Knock Off|[of] p1a: Grafaiai\n|\n|-weather|SunnyDay|[upkeep]\n|-fieldend|move: Trick Room\n|upkeep\n|turn|6\n|\n|t:|1684080476\n|-terastallize|p2b: Mastodon|Water\n|move|p2a: Vesuvius|Protect|p2a: Vesuvius\n|-singleturn|p2a: Vesuvius|Protect\n|move|p1b: Iron Valiant|Spirit Break|p2b: Mastodon\n|-damage|p2b: Mastodon|72\/100\n|-unboost|p2b: Mastodon|spa|1\n|move|p1a: Grafaiai|Rain Dance|p1a: Grafaiai\n|-weather|RainDance\n|-end|p2b: Mastodon|Protosynthesis\n|move|p2b: Mastodon|Earthquake|p1a: Grafaiai|[spread] p1a,p1b\n|-activate|p2a: Vesuvius|move: Protect\n|-supereffective|p1a: Grafaiai\n|-damage|p1a: Grafaiai|0 fnt\n|-damage|p1b: Iron Valiant|58\/100\n|faint|p1a: Grafaiai\n|\n|-weather|RainDance|[upkeep]\n|upkeep\n|\n|t:|1684080493\n|switch|p1a: Chien-Pao|Chien-Pao, L50|100\/100\n|-ability|p1a: Chien-Pao|Sword of Ruin\n|turn|7\n|\n|t:|1684080510\n|move|p1a: Chien-Pao|Protect|p1a: Chien-Pao\n|-singleturn|p1a: Chien-Pao|Protect\n|move|p1b: Iron Valiant|Leaf Blade|p2b: Mastodon\n|-supereffective|p2b: Mastodon\n|-damage|p2b: Mastodon|13\/100\n|-enditem|p2b: Mastodon|Weakness Policy\n|-boost|p2b: Mastodon|atk|2|[from] item: Weakness Policy\n|-boost|p2b: Mastodon|spa|2|[from] item: Weakness Policy\n|move|p2b: Mastodon|Close Combat|p1a: Chien-Pao\n|-activate|p1a: Chien-Pao|move: Protect\n|move|p2a: Vesuvius|Earth Power|p1b: Iron Valiant\n|-damage|p1b: Iron Valiant|8\/100\n|\n|-weather|RainDance|[upkeep]\n|upkeep\n|turn|8\n|\n|t:|1684080531\n|move|p2b: Mastodon|Protect|p2b: Mastodon\n|-singleturn|p2b: Mastodon|Protect\n|move|p1a: Chien-Pao|Sucker Punch||[still]\n|-fail|p1a: Chien-Pao\n|move|p1b: Iron Valiant|Spirit Break|p2a: Vesuvius\n|-resisted|p2a: Vesuvius\n|-damage|p2a: Vesuvius|60\/100\n|-unboost|p2a: Vesuvius|spa|1\n|move|p2a: Vesuvius|Earth Power|p1b: Iron Valiant\n|-damage|p1b: Iron Valiant|0 fnt\n|faint|p1b: Iron Valiant\n|-end|p1b: Iron Valiant|Quark Drive|[silent]\n|\n|-weather|RainDance|[upkeep]\n|upkeep\n|turn|9\n|\n|t:|1684080557\n|move|p2b: Mastodon|Protect||[still]\n|-fail|p2b: Mastodon\n|move|p1a: Chien-Pao|Tera Blast|p2b: Mastodon\n|-damage|p2b: Mastodon|0 fnt\n|faint|p2b: Mastodon\n|-end|p2b: Mastodon|Protosynthesis|[silent]\n|move|p2a: Vesuvius|Earth Power|p1a: Chien-Pao\n|-damage|p1a: Chien-Pao|74\/100\n|-unboost|p1a: Chien-Pao|spd|1\n|\n|-weather|RainDance|[upkeep]\n|upkeep\n|\n|t:|1684080567\n|switch|p2b: CatchinHands|Hariyama, L50, F, shiny|58\/100 brn\n|turn|10\n|\n|t:|1684080582\n|move|p1a: Chien-Pao|Protect|p1a: Chien-Pao\n|-singleturn|p1a: Chien-Pao|Protect\n|move|p2b: CatchinHands|Bullet Punch|p1a: Chien-Pao\n|-activate|p1a: Chien-Pao|move: Protect\n|move|p2a: Vesuvius|Earth Power|p1a: Chien-Pao\n|-activate|p1a: Chien-Pao|move: Protect\n|\n|-weather|none\n|-damage|p2b: CatchinHands|52\/100 brn|[from] brn\n|upkeep\n|turn|11\n|\n|t:|1684080596\n|move|p1a: Chien-Pao|Sucker Punch|p2b: CatchinHands\n|-resisted|p2b: CatchinHands\n|-damage|p2b: CatchinHands|25\/100 brn\n|move|p2b: CatchinHands|Bullet Punch|p1a: Chien-Pao\n|-supereffective|p1a: Chien-Pao\n|-damage|p1a: Chien-Pao|19\/100\n|move|p2a: Vesuvius|Earth Power|p1a: Chien-Pao\n|-damage|p1a: Chien-Pao|0 fnt\n|faint|p1a: Chien-Pao\n|\n|win|fangeddragon96\n|c|\u2606fangeddragon96|ggs\n|c|\u2606The Rollo|Gg\n","uploadtime":1684080616,"views":20,"p1id":"therollo","p2id":"fangeddragon96","formatid":"gen9vgc2023regulationc","rating":0,"private":0,"password":""}