{"id":"gen9vgc2023regulationc-1864216217","p1":"yungwasser","p2":"WallyTryHard","format":"[Gen 9] VGC 2023 Regulation C","log":"|j|\u2606yungwasser\n|j|\u2606WallyTryHard\n|t:|1684138477\n|gametype|doubles\n|player|p1|yungwasser|larry|\n|player|p2|WallyTryHard|170|\n|teamsize|p1|6\n|teamsize|p2|6\n|gen|9\n|tier|[Gen 9] VGC 2023 Regulation C\n|rated|Tournament battle\n|rule|Species Clause: Limit one of each Pok\u00e9mon\n|rule|Item Clause: Limit one of each item\n|clearpoke\n|poke|p1|Ting-Lu, L50|\n|poke|p1|Amoonguss, L50, M|\n|poke|p1|Garganacl, L50, F|\n|poke|p1|Arcanine, L50, F|\n|poke|p1|Roaring Moon, L50|\n|poke|p1|Iron Bundle, L50|\n|poke|p2|Murkrow, L50, F|\n|poke|p2|Gholdengo, L50|\n|poke|p2|Garchomp, L50, F|\n|poke|p2|Flutter Mane, L50|\n|poke|p2|Chi-Yu, L50|\n|poke|p2|Azumarill, L50, M|\n|teampreview|4\n|raw| Open Team Sheet for yungwasser<\/summary>Ting-Lu @ Assault Vest Ability: Vessel of Ruin Level: 50 Tera Type: Poison - Ruination - Stomping Tantrum - Heavy Slam - Sand Tomb Amoonguss @ Sitrus Berry Ability: Regenerator Level: 50 Tera Type: Water - Protect - Pollen Puff - Spore - Rage Powder Garganacl @ Leftovers Ability: Purifying Salt Level: 50 Tera Type: Ghost - Wide Guard - Protect - Recover - Salt Cure Arcanine @ Iapapa Berry Ability: Intimidate Level: 50 Tera Type: Grass - Will-O-Wisp - Protect - Flare Blitz - Extreme Speed Roaring Moon @ Booster Energy Ability: Protosynthesis Level: 50 Tera Type: Flying - Dragon Dance - Acrobatics - Jaw Lock - Protect Iron Bundle @ Focus Sash Ability: Quark Drive Level: 50 Tera Type: Ghost - Freeze-Dry - Icy Wind - Encore - Protect <\/details><\/div> Open Team Sheet for WallyTryHard<\/summary>Murkrow @ Eviolite Ability: Prankster Level: 50 Tera Type: Ghost - Foul Play - Tailwind - Sunny Day - Haze Gholdengo @ Sitrus Berry Ability: Good as Gold Level: 50 Tera Type: Water - Make It Rain - Shadow Ball - Nasty Plot - Protect Garchomp @ Clear Amulet Ability: Rough Skin Level: 50 Tera Type: Fire - Earthquake - Dragon Claw - Tera Blast - Protect Flutter Mane @ Focus Sash Ability: Protosynthesis Level: 50 Tera Type: Fairy - Dazzling Gleam - Shadow Ball - Imprison - Trick Room Chi-Yu @ Safety Goggles Ability: Beads of Ruin Level: 50 Tera Type: Ghost - Heat Wave - Dark Pulse - Overheat - Protect Azumarill @ Life Orb Ability: Huge Power Level: 50 Shiny: Yes Tera Type: Water - Liquidation - Play Rough - Aqua Jet - Protect <\/details><\/div>\n|inactive|Battle timer is ON: inactive players will automatically lose when time's up. (requested by WallyTryHard)\n|c|\u2606WallyTryHard|gl hf!\n|c|\u2606yungwasser|same to you\n|inactive|WallyTryHard has 60 seconds left.\n|inactive|WallyTryHard has 30 seconds left.\n|inactive|WallyTryHard has 20 seconds left.\n|inactive|WallyTryHard has 15 seconds left.\n|inactive|WallyTryHard has 10 seconds left.\n|\n|t:|1684138562\n|start\n|switch|p1a: Garganacl|Garganacl, L50, F|100\/100\n|switch|p1b: Ting-Lu|Ting-Lu, L50|100\/100\n|switch|p2a: Murkrow|Murkrow, L50, F|100\/100\n|switch|p2b: Chi-Yu|Chi-Yu, L50|100\/100\n|-ability|p2b: Chi-Yu|Beads of Ruin\n|-ability|p1b: Ting-Lu|Vessel of Ruin\n|turn|1\n|inactive|WallyTryHard has 30 seconds left.\n|\n|t:|1684138587\n|move|p2b: Chi-Yu|Protect|p2b: Chi-Yu\n|-singleturn|p2b: Chi-Yu|Protect\n|move|p2a: Murkrow|Foul Play|p1a: Garganacl\n|-damage|p1a: Garganacl|79\/100\n|move|p1b: Ting-Lu|Sand Tomb|p2b: Chi-Yu\n|-activate|p2b: Chi-Yu|move: Protect\n|move|p1a: Garganacl|Salt Cure|p2a: Murkrow\n|-supereffective|p2a: Murkrow\n|-damage|p2a: Murkrow|67\/100\n|-start|p2a: Murkrow|Salt Cure\n|\n|-heal|p1a: Garganacl|85\/100|[from] item: Leftovers\n|-damage|p2a: Murkrow|55\/100|[from] Salt Cure\n|upkeep\n|turn|2\n|j| zamazentalife\n|inactive|WallyTryHard has 30 seconds left.\n|\n|t:|1684138613\n|switch|p2b: Azumarill|Azumarill, L50, M, shiny|100\/100\n|move|p2a: Murkrow|Tailwind|p2a: Murkrow\n|-sidestart|p2: WallyTryHard|move: Tailwind\n|move|p1b: Ting-Lu|Stomping Tantrum|p2b: Azumarill\n|-damage|p2b: Azumarill|68\/100\n|move|p1a: Garganacl|Salt Cure|p2b: Azumarill\n|-damage|p2b: Azumarill|55\/100\n|-start|p2b: Azumarill|Salt Cure\n|\n|-heal|p1a: Garganacl|90\/100|[from] item: Leftovers\n|-damage|p2a: Murkrow|43\/100|[from] Salt Cure\n|-damage|p2b: Azumarill|30\/100|[from] Salt Cure\n|upkeep\n|turn|3\n|\n|t:|1684138630\n|move|p2a: Murkrow|Foul Play|p1a: Garganacl\n|-crit|p1a: Garganacl\n|-damage|p1a: Garganacl|57\/100\n|move|p2b: Azumarill|Liquidation|p1a: Garganacl\n|-supereffective|p1a: Garganacl\n|-damage|p1a: Garganacl|0 fnt\n|faint|p1a: Garganacl\n|-damage|p2b: Azumarill|20\/100|[from] item: Life Orb\n|move|p1b: Ting-Lu|Heavy Slam|p2b: Azumarill\n|-damage|p2b: Azumarill|0 fnt\n|faint|p2b: Azumarill\n|\n|-damage|p2a: Murkrow|31\/100|[from] Salt Cure\n|upkeep\n|\n|t:|1684138643\n|switch|p2b: Gholdengo|Gholdengo, L50|100\/100\n|switch|p1a: Arcanine|Arcanine, L50, F|100\/100\n|-ability|p1a: Arcanine|Intimidate|boost\n|-unboost|p2a: Murkrow|atk|1\n|-unboost|p2b: Gholdengo|atk|1\n|turn|4\n|j|+Robbie35646\n|\n|t:|1684138651\n|-terastallize|p2b: Gholdengo|Water\n|move|p2a: Murkrow|Foul Play|p1a: Arcanine\n|-crit|p1a: Arcanine\n|-damage|p1a: Arcanine|38\/100\n|move|p2b: Gholdengo|Nasty Plot|p2b: Gholdengo\n|-boost|p2b: Gholdengo|spa|2\n|move|p1a: Arcanine|Flare Blitz|p2b: Gholdengo\n|-resisted|p2b: Gholdengo\n|-damage|p2b: Gholdengo|77\/100\n|-damage|p1a: Arcanine|30\/100|[from] Recoil\n|move|p1b: Ting-Lu|Stomping Tantrum|p2b: Gholdengo\n|-damage|p2b: Gholdengo|49\/100\n|-enditem|p2b: Gholdengo|Sitrus Berry|[eat]\n|-heal|p2b: Gholdengo|73\/100|[from] item: Sitrus Berry\n|\n|-damage|p2a: Murkrow|19\/100|[from] Salt Cure\n|upkeep\n|turn|5\n|j| devgeeks\n|\n|t:|1684138671\n|move|p2b: Gholdengo|Protect|p2b: Gholdengo\n|-singleturn|p2b: Gholdengo|Protect\n|move|p1a: Arcanine|Extreme Speed|p2b: Gholdengo\n|-activate|p2b: Gholdengo|move: Protect\n|move|p2a: Murkrow|Foul Play|p1a: Arcanine\n|-damage|p1a: Arcanine|0 fnt\n|faint|p1a: Arcanine\n|move|p1b: Ting-Lu|Stomping Tantrum|p2b: Gholdengo\n|-activate|p2b: Gholdengo|move: Protect\n|\n|-damage|p2a: Murkrow|7\/100|[from] Salt Cure\n|-sideend|p2: WallyTryHard|move: Tailwind\n|upkeep\n|\n|t:|1684138675\n|switch|p1a: Iron Bundle|Iron Bundle, L50|100\/100\n|turn|6\n|\n|t:|1684138683\n|move|p2a: Murkrow|Tailwind|p2a: Murkrow\n|-sidestart|p2: WallyTryHard|move: Tailwind\n|move|p2b: Gholdengo|Make It Rain|p1a: Iron Bundle|[spread] p1a,p1b\n|-enditem|p1a: Iron Bundle|Focus Sash\n|-damage|p1a: Iron Bundle|1\/100\n|-damage|p1b: Ting-Lu|66\/100\n|-unboost|p2b: Gholdengo|spa|1\n|move|p1a: Iron Bundle|Freeze-Dry|p2b: Gholdengo\n|-supereffective|p2b: Gholdengo\n|-damage|p2b: Gholdengo|16\/100\n|move|p1b: Ting-Lu|Stomping Tantrum|p2a: Murkrow\n|-immune|p2a: Murkrow\n|\n|-damage|p2a: Murkrow|0 fnt|[from] Salt Cure\n|faint|p2a: Murkrow\n|upkeep\n|\n|t:|1684138690\n|switch|p2a: Chi-Yu|Chi-Yu, L50|100\/100\n|-ability|p2a: Chi-Yu|Beads of Ruin\n|turn|7\n|\n|t:|1684138700\n|move|p2a: Chi-Yu|Protect|p2a: Chi-Yu\n|-singleturn|p2a: Chi-Yu|Protect\n|move|p1a: Iron Bundle|Protect|p1a: Iron Bundle\n|-singleturn|p1a: Iron Bundle|Protect\n|move|p2b: Gholdengo|Make It Rain|p1b: Ting-Lu|[spread] p1b\n|-activate|p1a: Iron Bundle|move: Protect\n|-damage|p1b: Ting-Lu|32\/100\n|-unboost|p2b: Gholdengo|spa|1\n|move|p1b: Ting-Lu|Stomping Tantrum|p2a: Chi-Yu\n|-activate|p2a: Chi-Yu|move: Protect\n|\n|upkeep\n|turn|8\n|\n|t:|1684138709\n|move|p2a: Chi-Yu|Heat Wave|p1a: Iron Bundle|[spread] p1a,p1b\n|-damage|p1a: Iron Bundle|0 fnt\n|-damage|p1b: Ting-Lu|18\/100\n|faint|p1a: Iron Bundle\n|-end|p1a: Iron Bundle|Quark Drive|[silent]\n|move|p2b: Gholdengo|Make It Rain|p1b: Ting-Lu\n|-damage|p1b: Ting-Lu|0 fnt\n|-unboost|p2b: Gholdengo|spa|1\n|faint|p1b: Ting-Lu\n|\n|win|WallyTryHard\n|n|\u2606yungwasser|yungwasser\n|n|\u2606WallyTryHard|wallytryhard\n|n| zamazentalife|zamazentalife\n|n| Robbie35646|robbie35646\n|n| devgeeks|devgeeks\n|l|\u2606yungwasser\n|c|\u2606WallyTryHard|gg\n|l|\u2606WallyTryHard\n|l| zamazentalife\n|l| devgeeks\n|l| Robbie35646\n|j|\u2606WallyTryHard\n|player|p2|WallyTryHard|170\n","uploadtime":1684139469,"views":16,"p1id":"yungwasser","p2id":"wallytryhard","formatid":"gen9vgc2023regulationc","rating":0,"private":0,"password":""}