{"id":"gen9vgc2023regulationc-1851019283","p1":"Zzag","p2":"Sailsun","format":"[Gen 9] VGC 2023 Regulation C","log":"|j|\u2606Zzag\n|j|\u2606Sailsun\n|t:|1682394917\n|gametype|doubles\n|player|p1|Zzag|steven|1285\n|player|p2|Sailsun|2|1196\n|teamsize|p1|6\n|teamsize|p2|6\n|gen|9\n|tier|[Gen 9] VGC 2023 Regulation C\n|rated|\n|rule|Species Clause: Limit one of each Pok\u00e9mon\n|rule|Item Clause: Limit one of each item\n|clearpoke\n|poke|p1|Arcanine, L50, M|\n|poke|p1|Amoonguss, L50, M|\n|poke|p1|Flutter Mane, L50|\n|poke|p1|Palafin, L50, M|\n|poke|p1|Ting-Lu, L50|\n|poke|p1|Kingambit, L50, M|\n|poke|p2|Dondozo, L50, F|\n|poke|p2|Tatsugiri-Stretchy, L50, F|\n|poke|p2|Chi-Yu, L50|\n|poke|p2|Flutter Mane, L50|\n|poke|p2|Dragonite, L50, F|\n|poke|p2|Glimmora, L50, M|\n|teampreview|4\nZzag has agreed to open team sheets.\n|inactive|Battle timer is ON: inactive players will automatically lose when time's up. (requested by Sailsun)\n|inactive|Zzag has 60 seconds left.\n|\n|t:|1682394961\n|start\n|switch|p1a: Moosedawg|Ting-Lu, L50|100\/100\n|switch|p1b: Hero|Palafin, L50, M|100\/100\n|switch|p2a: Flutter Mane|Flutter Mane, L50|100\/100\n|switch|p2b: Chi-Yu|Chi-Yu, L50|100\/100\n|-ability|p2b: Chi-Yu|Beads of Ruin\n|-ability|p1a: Moosedawg|Vessel of Ruin\n|-enditem|p2a: Flutter Mane|Booster Energy\n|-activate|p2a: Flutter Mane|ability: Protosynthesis|[fromitem]\n|-start|p2a: Flutter Mane|protosynthesisspe\n|turn|1\n|inactive|Sailsun has 30 seconds left.\n|\n|t:|1682394995\n|-terastallize|p2b: Chi-Yu|Grass\n|move|p2a: Flutter Mane|Protect|p2a: Flutter Mane\n|-singleturn|p2a: Flutter Mane|Protect\n|move|p1b: Hero|Protect|p1b: Hero\n|-singleturn|p1b: Hero|Protect\n|move|p2b: Chi-Yu|Tera Blast|p1a: Moosedawg\n|-supereffective|p1a: Moosedawg\n|-damage|p1a: Moosedawg|61\/100\n|move|p1a: Moosedawg|Earthquake|p2b: Chi-Yu|[spread] p2b\n|-activate|p1b: Hero|move: Protect\n|-activate|p2a: Flutter Mane|move: Protect\n|-resisted|p2b: Chi-Yu\n|-damage|p2b: Chi-Yu|77\/100\n|\n|upkeep\n|turn|2\n|inactive|Zzag has 30 seconds left.\n|inactive|Zzag has 20 seconds left.\n|inactive|Zzag has 15 seconds left.\n|\n|t:|1682395038\n|detailschange|p1b: Hero|Palafin-Hero, L50, M\n|switch|p1b: Ouijashroom|Amoonguss, L50, M, shiny|100\/100\n|-terastallize|p1a: Moosedawg|Poison\n|move|p2a: Flutter Mane|Moonblast|p1a: Moosedawg\n|-resisted|p1a: Moosedawg\n|-damage|p1a: Moosedawg|49\/100\n|-unboost|p1a: Moosedawg|spa|1\n|move|p2b: Chi-Yu|Tera Blast|p1a: Moosedawg\n|-resisted|p1a: Moosedawg\n|-damage|p1a: Moosedawg|39\/100\n|move|p1a: Moosedawg|Heavy Slam|p2a: Flutter Mane\n|-supereffective|p2a: Flutter Mane\n|-damage|p2a: Flutter Mane|0 fnt\n|faint|p2a: Flutter Mane\n|-end|p2a: Flutter Mane|Protosynthesis|[silent]\n|\n|upkeep\n|\n|t:|1682395058\n|switch|p2a: Dragonite|Dragonite, L50, F|100\/100\n|turn|3\n|\n|t:|1682395076\n|move|p2b: Chi-Yu|Flamethrower|p1a: Moosedawg\n|-damage|p1a: Moosedawg|15\/100\n|move|p2a: Dragonite|Aerial Ace|p1b: Ouijashroom\n|-supereffective|p1b: Ouijashroom\n|-damage|p1b: Ouijashroom|37\/100\n|-damage|p2a: Dragonite|84\/100|[from] item: Rocky Helmet|[of] p1b: Ouijashroom\n|move|p1a: Moosedawg|Ruination|p2a: Dragonite\n|-damage|p2a: Dragonite|42\/100\n|move|p1b: Ouijashroom|Pollen Puff|p1a: Moosedawg\n|-heal|p1a: Moosedawg|65\/100\n|\n|upkeep\n|turn|4\n|inactive|Sailsun has 30 seconds left.\n|\n|t:|1682395107\n|switch|p1b: Hiro|Arcanine, L50, M|100\/100\n|-ability|p1b: Hiro|Intimidate|boost\n|-unboost|p2a: Dragonite|atk|1\n|-unboost|p2b: Chi-Yu|atk|1\n|move|p2b: Chi-Yu|Dark Pulse|p1a: Moosedawg\n|-damage|p1a: Moosedawg|43\/100\n|move|p2a: Dragonite|Aerial Ace|p1b: Hiro\n|-crit|p1b: Hiro\n|-damage|p1b: Hiro|56\/100\n|move|p1a: Moosedawg|Heavy Slam|p2b: Chi-Yu\n|-damage|p2b: Chi-Yu|28\/100\n|\n|upkeep\n|turn|5\n|inactive|Zzag has 30 seconds left.\n|\n|t:|1682395136\n|switch|p2b: Tatsugiri|Tatsugiri-Stretchy, L50, F|100\/100\n|move|p1b: Hiro|Will-O-Wisp|p2a: Dragonite\n|-status|p2a: Dragonite|brn\n|move|p2a: Dragonite|Stomping Tantrum|p1a: Moosedawg\n|-supereffective|p1a: Moosedawg\n|-damage|p1a: Moosedawg|31\/100\n|move|p1a: Moosedawg|Heavy Slam|p2b: Tatsugiri\n|-resisted|p2b: Tatsugiri\n|-damage|p2b: Tatsugiri|71\/100\n|\n|-damage|p2a: Dragonite|37\/100 brn|[from] brn\n|upkeep\n|turn|6\n|\n|t:|1682395157\n|switch|p1b: Ouijashroom|Amoonguss, L50, M, shiny|71\/100\n|move|p2a: Dragonite|Stomping Tantrum|p1b: Ouijashroom\n|-damage|p1b: Ouijashroom|63\/100\n|-damage|p2a: Dragonite|20\/100 brn|[from] item: Rocky Helmet|[of] p1b: Ouijashroom\n|move|p2b: Tatsugiri|Muddy Water|p1b: Ouijashroom|[spread] p1a,p1b\n|-resisted|p1b: Ouijashroom\n|-damage|p1a: Moosedawg|12\/100\n|-damage|p1b: Ouijashroom|45\/100\n|-unboost|p1a: Moosedawg|accuracy|1\n|-unboost|p1b: Ouijashroom|accuracy|1\n|move|p1a: Moosedawg|Stomping Tantrum|p2b: Tatsugiri\n|-damage|p2b: Tatsugiri|17\/100\n|\n|-damage|p2a: Dragonite|15\/100 brn|[from] brn\n|upkeep\n|turn|7\n|\n|t:|1682395178\n|switch|p1a: Hiro|Arcanine, L50, M|56\/100\n|-ability|p1a: Hiro|Intimidate|boost\n|-unboost|p2a: Dragonite|atk|1\n|-unboost|p2b: Tatsugiri|atk|1\n|move|p2a: Dragonite|Aerial Ace|p1b: Ouijashroom\n|-supereffective|p1b: Ouijashroom\n|-damage|p1b: Ouijashroom|30\/100\n|-damage|p2a: Dragonite|0 fnt|[from] item: Rocky Helmet|[of] p1b: Ouijashroom\n|faint|p2a: Dragonite\n|move|p2b: Tatsugiri|Muddy Water|p1a: Hiro|[spread] p1a,p1b\n|-supereffective|p1a: Hiro\n|-resisted|p1b: Ouijashroom\n|-damage|p1a: Hiro|0 fnt\n|-damage|p1b: Ouijashroom|8\/100\n|faint|p1a: Hiro\n|move|p1b: Ouijashroom|Pollen Puff|p1: Hiro|[notarget]\n|-fail|p1b: Ouijashroom\n|\n|upkeep\n|inactive|Zzag has 30 seconds left.\n|\n|t:|1682395204\n|switch|p1a: Moosedawg|Ting-Lu, L50, tera:Poison|12\/100\n|switch|p2a: Chi-Yu|Chi-Yu, L50, tera:Grass|28\/100\n|-ability|p2a: Chi-Yu|Beads of Ruin\n|-ability|p1a: Moosedawg|Vessel of Ruin\n|turn|8\n|\n|t:|1682395223\n|switch|p1b: Hero|Palafin-Hero, L50, M|100\/100\n|-activate|p1b: Hero|ability: Zero to Hero\n|move|p2a: Chi-Yu|Flamethrower|p1a: Moosedawg\n|-crit|p1a: Moosedawg\n|-damage|p1a: Moosedawg|0 fnt\n|faint|p1a: Moosedawg\n|move|p2b: Tatsugiri|Muddy Water|p1b: Hero\n|-resisted|p1b: Hero\n|-damage|p1b: Hero|52\/100\n|\n|upkeep\n|\n|t:|1682395234\n|switch|p1a: Ouijashroom|Amoonguss, L50, M, shiny|41\/100\n|turn|9\n|inactive|Zzag has 30 seconds left.\n|\n|t:|1682395259\n|move|p1b: Hero|Jet Punch|p2b: Tatsugiri\n|-activate|p2b: Tatsugiri|ability: Storm Drain\n|-ability|p2b: Tatsugiri|Storm Drain|boost\n|-boost|p2b: Tatsugiri|spa|1\n|move|p2a: Chi-Yu|Flamethrower|p1a: Ouijashroom\n|-supereffective|p1a: Ouijashroom\n|-damage|p1a: Ouijashroom|0 fnt\n|faint|p1a: Ouijashroom\n|move|p2b: Tatsugiri|Muddy Water|p1b: Hero\n|-resisted|p1b: Hero\n|-damage|p1b: Hero|0 fnt\n|faint|p1b: Hero\n|\n|win|Sailsun\n|raw|Zzag's rating: 1285 → 1254<\/strong> (-31 for losing)\n|raw|Sailsun's rating: 1196 → 1227<\/strong> (+31 for winning)\n|l|\u2606Zzag\n","uploadtime":1682395283,"views":11,"p1id":"zzag","p2id":"sailsun","formatid":"gen9vgc2023regulationc","rating":1227,"private":0,"password":""}