{"id":"gen9vgc2023regulationc-1847598667","p1":"Wildflare09","p2":"BlindMagneton","format":"[Gen 9] VGC 2023 Regulation C","log":"|j|\u2606Wildflare09\n|j|\u2606BlindMagneton\n|t:|1681979776\n|gametype|doubles\n|player|p1|Wildflare09|cynthia-gen4|1300\n|player|p2|BlindMagneton|wattson|1272\n|teamsize|p1|6\n|teamsize|p2|6\n|gen|9\n|tier|[Gen 9] VGC 2023 Regulation C\n|rated|\n|rule|Species Clause: Limit one of each Pok\u00e9mon\n|rule|Item Clause: Limit one of each item\n|clearpoke\n|poke|p1|Baxcalibur, L50, F|\n|poke|p1|Arcanine, L50, M|\n|poke|p1|Amoonguss, L50, M|\n|poke|p1|Palafin, L50, F|\n|poke|p1|Ting-Lu, L50|\n|poke|p1|Flutter Mane, L50|\n|poke|p2|Iron Bundle, L50|\n|poke|p2|Garganacl, L50, M|\n|poke|p2|Ceruledge, L50, F|\n|poke|p2|Grimmsnarl, L50, M|\n|poke|p2|Dachsbun, L50, M|\n|poke|p2|Dragapult, L50, F|\n|teampreview|4\n|\n|t:|1681979859\n|start\n|switch|p1a: Flutter Mane|Flutter Mane, L50|100\/100\n|switch|p1b: Arcanine|Arcanine, L50, M|100\/100\n|switch|p2a: Grimmsnarl|Grimmsnarl, L50, M|100\/100\n|switch|p2b: Dragapult|Dragapult, L50, F|100\/100\n|-ability|p1b: Arcanine|Intimidate|boost\n|-unboost|p2a: Grimmsnarl|atk|1\n|-fail|p2b: Dragapult|unboost|[from] ability: Clear Body|[of] p2b: Dragapult\n|turn|1\n|\n|t:|1681979903\n|-terastallize|p1a: Flutter Mane|Fairy\n|move|p2a: Grimmsnarl|Swagger|p1a: Flutter Mane\n|-boost|p1a: Flutter Mane|atk|2\n|-enditem|p2b: Dragapult|Mirror Herb\n|-boost|p2b: Dragapult|atk|2|[from] item: Mirror Herb\n|-start|p1a: Flutter Mane|confusion\n|move|p2b: Dragapult|Phantom Force||[still]\n|-prepare|p2b: Dragapult|Phantom Force\n|-activate|p1a: Flutter Mane|confusion\n|-damage|p1a: Flutter Mane|86\/100|[from] confusion\n|move|p1b: Arcanine|Will-O-Wisp|p2a: Grimmsnarl\n|-status|p2a: Grimmsnarl|brn\n|\n|-damage|p2a: Grimmsnarl|95\/100 brn|[from] brn\n|upkeep\n|turn|2\n|\n|t:|1681979929\n|-end|p1a: Flutter Mane|Protosynthesis|[silent]\n|switch|p1a: Amoonguss|Amoonguss, L50, M|100\/100\n|switch|p2a: Ceruledge|Ceruledge, L50, F|100\/100\n|move|p2b: Dragapult|Phantom Force|p1a: Amoonguss|[from]lockedmove\n|-damage|p1a: Amoonguss|25\/100\n|-damage|p2b: Dragapult|84\/100|[from] item: Rocky Helmet|[of] p1a: Amoonguss\n|move|p1b: Arcanine|Will-O-Wisp|p2b: Dragapult\n|-status|p2b: Dragapult|brn\n|\n|-damage|p2b: Dragapult|78\/100 brn|[from] brn\n|upkeep\n|turn|3\n|\n|t:|1681979956\n|switch|p1a: Flutter Mane|Flutter Mane, L50, tera:Fairy|86\/100\n|-terastallize|p2a: Ceruledge|Grass\n|move|p2b: Dragapult|Acrobatics|p1a: Flutter Mane\n|-damage|p1a: Flutter Mane|18\/100\n|move|p1b: Arcanine|Flare Blitz|p2b: Dragapult\n|-resisted|p2b: Dragapult\n|-damage|p2b: Dragapult|45\/100 brn\n|-damage|p1b: Arcanine|91\/100|[from] Recoil\n|move|p2a: Ceruledge|Bulk Up|p2a: Ceruledge\n|-boost|p2a: Ceruledge|atk|1\n|-boost|p2a: Ceruledge|def|1\n|\n|-damage|p2b: Dragapult|39\/100 brn|[from] brn\n|upkeep\n|turn|4\n|\n|t:|1681979982\n|move|p1b: Arcanine|Protect|p1b: Arcanine\n|-singleturn|p1b: Arcanine|Protect\n|move|p2b: Dragapult|Acrobatics|p1a: Flutter Mane\n|-damage|p1a: Flutter Mane|0 fnt\n|faint|p1a: Flutter Mane\n|-end|p1a: Flutter Mane|Protosynthesis|[silent]\n|move|p2a: Ceruledge|Bulk Up|p2a: Ceruledge\n|-boost|p2a: Ceruledge|atk|1\n|-boost|p2a: Ceruledge|def|1\n|\n|-damage|p2b: Dragapult|32\/100 brn|[from] brn\n|upkeep\n|\n|t:|1681979995\n|switch|p1a: Ting-Lu|Ting-Lu, L50|100\/100\n|-ability|p1a: Ting-Lu|Vessel of Ruin\n|turn|5\n|\n|t:|1681980010\n|move|p2b: Dragapult|Will-O-Wisp|p2a: Ceruledge\n|-start|p2a: Ceruledge|ability: Flash Fire\n|move|p1b: Arcanine|Flare Blitz|p2b: Dragapult\n|-resisted|p2b: Dragapult\n|-damage|p2b: Dragapult|2\/100 brn\n|-damage|p1b: Arcanine|83\/100|[from] Recoil\n|move|p2a: Ceruledge|Bitter Blade|p1a: Ting-Lu\n|-damage|p1a: Ting-Lu|20\/100\n|move|p1a: Ting-Lu|Ruination|p2a: Ceruledge\n|-damage|p2a: Ceruledge|50\/100\n|\n|-damage|p2b: Dragapult|0 fnt|[from] brn\n|faint|p2b: Dragapult\n|upkeep\n|\n|t:|1681980030\n|switch|p2b: Grimmsnarl|Grimmsnarl, L50, M|95\/100 brn\n|turn|6\n|\n|t:|1681980043\n|switch|p2b: Dachsbun|Dachsbun, L50, M|100\/100\n|move|p1b: Arcanine|Protect|p1b: Arcanine\n|-singleturn|p1b: Arcanine|Protect\n|move|p2a: Ceruledge|Bitter Blade|p1a: Ting-Lu\n|-damage|p1a: Ting-Lu|0 fnt\n|-heal|p2a: Ceruledge|63\/100|[from] drain|[of] p1a: Ting-Lu\n|faint|p1a: Ting-Lu\n|\n|upkeep\n|\n|t:|1681980053\n|switch|p1a: Amoonguss|Amoonguss, L50, M|58\/100\n|turn|7\n|\n|t:|1681980064\n|move|p1b: Arcanine|Extreme Speed|p2a: Ceruledge\n|-damage|p2a: Ceruledge|51\/100\n|move|p2b: Dachsbun|Mud-Slap|p1b: Arcanine\n|-supereffective|p1b: Arcanine\n|-damage|p1b: Arcanine|77\/100\n|-unboost|p1b: Arcanine|accuracy|1\n|move|p2a: Ceruledge|Bitter Blade|p1a: Amoonguss\n|-supereffective|p1a: Amoonguss\n|-damage|p1a: Amoonguss|0 fnt\n|-heal|p2a: Ceruledge|86\/100|[from] drain|[of] p1a: Amoonguss\n|-damage|p2a: Ceruledge|70\/100|[from] item: Rocky Helmet|[of] p1a: Amoonguss\n|faint|p1a: Amoonguss\n|\n|upkeep\n|turn|8\n|-message|Wildflare09 forfeited.\n|\n|win|BlindMagneton\n|raw|Wildflare09's rating: 1300 → 1273<\/strong> (-27 for losing)\n|raw|BlindMagneton's rating: 1272 → 1299<\/strong> (+27 for winning)\n|l|\u2606Wildflare09\n","uploadtime":1681980093,"views":6,"p1id":"wildflare09","p2id":"blindmagneton","formatid":"gen9vgc2023regulationc","rating":1273,"private":0,"password":""}