{"id":"gen9vgc2023regulationc-1853098346","p1":"bgcfranky","p2":"IK0957","format":"[Gen 9] VGC 2023 Regulation C","log":"|j|\u2606bgcfranky\n|j|\u2606IK0957\n|t:|1682634908\n|gametype|doubles\n|player|p1|bgcfranky|rocketgrunt|1169\n|player|p2|IK0957|psychic-gen4|1125\n|teamsize|p1|6\n|teamsize|p2|6\n|gen|9\n|tier|[Gen 9] VGC 2023 Regulation C\n|rated|\n|rule|Species Clause: Limit one of each Pok\u00e9mon\n|rule|Item Clause: Limit one of each item\n|clearpoke\n|poke|p1|Volcarona, L50, M|\n|poke|p1|Wo-Chien, L50|\n|poke|p1|Grimmsnarl, L50, M|\n|poke|p1|Iron Hands, L50|\n|poke|p1|Slowking, L50, F|\n|poke|p1|Salamence, L50, F|\n|poke|p2|Abomasnow, L50, M|\n|poke|p2|Glaceon, L50, F|\n|poke|p2|Slowking, L50, M|\n|poke|p2|Ceruledge, L50, M|\n|poke|p2|Oranguru, L50, M|\n|poke|p2|Cloyster, L50, M|\n|teampreview|4\n|inactive|Battle timer is ON: inactive players will automatically lose when time's up. (requested by IK0957)\n|inactive|bgcfranky has 60 seconds left.\n|inactive|IK0957 has 60 seconds left.\n|inactive|bgcfranky has 30 seconds left.\n|inactive|bgcfranky has 20 seconds left.\n|inactive|bgcfranky has 15 seconds left.\n|\n|t:|1682634988\n|start\n|switch|p1a: Iron Hands|Iron Hands, L50|100\/100\n|switch|p1b: Slowking|Slowking, L50, F|100\/100\n|switch|p2a: Glaceon|Glaceon, L50, F|100\/100\n|switch|p2b: Cloyster|Cloyster, L50, M|100\/100\n|turn|1\n|inactive|bgcfranky has 30 seconds left.\n|\n|t:|1682635021\n|switch|p2a: Abomasnow|Abomasnow, L50, M|100\/100\n|-weather|Snow|[from] ability: Snow Warning|[of] p2a: Abomasnow\n|move|p2b: Cloyster|Shell Smash|p2b: Cloyster\n|-unboost|p2b: Cloyster|def|1\n|-unboost|p2b: Cloyster|spd|1\n|-boost|p2b: Cloyster|atk|2\n|-boost|p2b: Cloyster|spa|2\n|-boost|p2b: Cloyster|spe|2\n|-enditem|p2b: Cloyster|White Herb\n|-clearnegativeboost|p2b: Cloyster|[silent]\n|move|p1a: Iron Hands|Belly Drum|p1a: Iron Hands\n|-damage|p1a: Iron Hands|51\/100\n|-setboost|p1a: Iron Hands|atk|6|[from] move: Belly Drum\n|move|p1b: Slowking|Heal Pulse|p1a: Iron Hands\n|-heal|p1a: Iron Hands|100\/100\n|\n|-weather|Snow|[upkeep]\n|upkeep\n|turn|2\n|inactive|bgcfranky has 30 seconds left.\n|inactive|IK0957 has 30 seconds left.\n|\n|t:|1682635049\n|move|p2b: Cloyster|Icicle Spear|p1a: Iron Hands\n|-damage|p1a: Iron Hands|86\/100\n|-damage|p1a: Iron Hands|72\/100\n|-damage|p1a: Iron Hands|58\/100\n|-damage|p1a: Iron Hands|44\/100\n|-enditem|p1a: Iron Hands|Sitrus Berry|[eat]\n|-heal|p1a: Iron Hands|69\/100|[from] item: Sitrus Berry\n|-damage|p1a: Iron Hands|55\/100\n|-hitcount|p1a: Iron Hands|5\n|move|p2a: Abomasnow|Aurora Veil|p2a: Abomasnow\n|-sidestart|p2: IK0957|move: Aurora Veil\n|move|p1a: Iron Hands|Drain Punch|p2b: Cloyster\n|-supereffective|p2b: Cloyster\n|-damage|p2b: Cloyster|0 fnt\n|-heal|p1a: Iron Hands|79\/100|[from] drain|[of] p2b: Cloyster\n|faint|p2b: Cloyster\n|move|p1b: Slowking|Trick Room|p1b: Slowking\n|-fieldstart|move: Trick Room|[of] p1b: Slowking\n|\n|-weather|Snow|[upkeep]\n|upkeep\n|inactive|IK0957 has 30 seconds left.\n|\n|t:|1682635076\n|switch|p2b: Glaceon|Glaceon, L50, F|100\/100\n|turn|3\n|\n|t:|1682635093\n|-terastallize|p2b: Glaceon|Water\n|move|p1b: Slowking|Heal Pulse|p1a: Iron Hands\n|-heal|p1a: Iron Hands|100\/100\n|move|p1a: Iron Hands|Drain Punch|p2b: Glaceon\n|-damage|p2b: Glaceon|12\/100\n|move|p2a: Abomasnow|Giga Drain|p1b: Slowking\n|-supereffective|p1b: Slowking\n|-damage|p1b: Slowking|62\/100\n|move|p2b: Glaceon|Blizzard|p1b: Slowking|[spread] p1a,p1b\n|-resisted|p1b: Slowking\n|-damage|p1a: Iron Hands|70\/100\n|-damage|p1b: Slowking|46\/100\n|-status|p1b: Slowking|frz\n|\n|-weather|Snow|[upkeep]\n|upkeep\n|turn|4\n|\n|t:|1682635118\n|switch|p1b: Volcarona|Volcarona, L50, M|100\/100\n|switch|p2b: Ceruledge|Ceruledge, L50, M|100\/100\n|move|p1a: Iron Hands|Drain Punch|p2a: Abomasnow\n|-supereffective|p2a: Abomasnow\n|-damage|p2a: Abomasnow|0 fnt\n|-heal|p1a: Iron Hands|100\/100|[from] drain|[of] p2a: Abomasnow\n|faint|p2a: Abomasnow\n|\n|-weather|Snow|[upkeep]\n|upkeep\n|\n|t:|1682635133\n|switch|p2a: Glaceon|Glaceon, L50, F, tera:Water|12\/100\n|turn|5\n|\n|t:|1682635150\n|move|p1b: Volcarona|Protect|p1b: Volcarona\n|-singleturn|p1b: Volcarona|Protect\n|move|p1a: Iron Hands|Thunder Punch|p2b: Ceruledge\n|-damage|p2b: Ceruledge|0 fnt\n|faint|p2b: Ceruledge\n|move|p2a: Glaceon|Water Pulse|p1b: Volcarona\n|-activate|p1b: Volcarona|move: Protect\n|\n|-weather|none\n|upkeep\n|turn|6\n|-message|IK0957 forfeited.\n|\n|win|bgcfranky\n|raw|bgcfranky's rating: 1169 → 1191<\/strong> (+22 for winning)\n|raw|IK0957's rating: 1125 → 1103<\/strong> (-22 for losing)\n|l|\u2606IK0957\n","uploadtime":1682635184,"views":14,"p1id":"bgcfranky","p2id":"ik0957","formatid":"gen9vgc2023regulationc","rating":1103,"private":0,"password":""}