{"id":"gen9vgc2023regulationc-1850273223","p1":"Piccolo Ruiz","p2":"purewhitedeath","format":"[Gen 9] VGC 2023 Regulation C","log":"|j|\u2606Piccolo Ruiz\n|j|\u2606purewhitedeath\n|t:|1682309119\n|gametype|doubles\n|player|p1|Piccolo Ruiz|valerie|1388\n|player|p2|purewhitedeath|1|1294\n|teamsize|p1|6\n|teamsize|p2|6\n|gen|9\n|tier|[Gen 9] VGC 2023 Regulation C\n|rated|\n|rule|Species Clause: Limit one of each Pok\u00e9mon\n|rule|Item Clause: Limit one of each item\n|clearpoke\n|poke|p1|Flutter Mane, L50|\n|poke|p1|Amoonguss, L50, F|\n|poke|p1|Gyarados, L50, F|\n|poke|p1|Arcanine, L50, F|\n|poke|p1|Ting-Lu, L50|\n|poke|p1|Baxcalibur, L50, F|\n|poke|p2|Maushold, L50|\n|poke|p2|Annihilape, L50, F|\n|poke|p2|Ting-Lu, L50|\n|poke|p2|Flutter Mane, L50|\n|poke|p2|Dragonite, L50, M|\n|poke|p2|Chien-Pao, L50|\n|teampreview|4\n|inactive|Battle timer is ON: inactive players will automatically lose when time's up. (requested by Piccolo Ruiz)\n|\n|t:|1682309143\n|start\n|switch|p1a: Sasha Colby|Flutter Mane, L50|100\/100\n|switch|p1b: Amoonguss|Amoonguss, L50, F, shiny|100\/100\n|switch|p2a: Annihilape|Annihilape, L50, F|100\/100\n|switch|p2b: Maushold|Maushold, L50|100\/100\n|-enditem|p1a: Sasha Colby|Booster Energy\n|-activate|p1a: Sasha Colby|ability: Protosynthesis|[fromitem]\n|-start|p1a: Sasha Colby|protosynthesisspa\n|turn|1\n|\n|t:|1682309156\n|-terastallize|p1a: Sasha Colby|Fairy\n|-terastallize|p2a: Annihilape|Water\n|move|p2b: Maushold|Follow Me|p2b: Maushold\n|-singleturn|p2b: Maushold|move: Follow Me\n|move|p1a: Sasha Colby|Moonblast|p2b: Maushold\n|-damage|p2b: Maushold|0 fnt\n|faint|p2b: Maushold\n|move|p2a: Annihilape|Rage Fist|p1a: Sasha Colby\n|-damage|p1a: Sasha Colby|70\/100\n|move|p1b: Amoonguss|Spore|p2a: Annihilape\n|-status|p2a: Annihilape|slp|[from] move: Spore\n|\n|upkeep\n|\n|t:|1682309170\n|switch|p2b: Dragonite|Dragonite, L50, M|100\/100\n|turn|2\n|\n|t:|1682309178\n|move|p2b: Dragonite|Extreme Speed|p1a: Sasha Colby\n|-damage|p1a: Sasha Colby|0 fnt\n|faint|p1a: Sasha Colby\n|-end|p1a: Sasha Colby|Protosynthesis|[silent]\n|cant|p2a: Annihilape|slp\n|move|p1b: Amoonguss|Spore|p2b: Dragonite\n|-status|p2b: Dragonite|slp|[from] move: Spore\n|\n|upkeep\n|\n|t:|1682309186\n|switch|p1a: Katya|Baxcalibur, L50, F, shiny|100\/100\n|turn|3\n|\n|t:|1682309197\n|switch|p2b: Chien-Pao|Chien-Pao, L50|100\/100\n|-ability|p2b: Chien-Pao|Sword of Ruin\n|move|p1b: Amoonguss|Rage Powder|p1b: Amoonguss\n|-singleturn|p1b: Amoonguss|move: Rage Powder\n|move|p1a: Katya|Icicle Crash|p2b: Chien-Pao\n|-resisted|p2b: Chien-Pao\n|-damage|p2b: Chien-Pao|66\/100\n|cant|p2a: Annihilape|slp\n|\n|upkeep\n|turn|4\n|\n|t:|1682309218\n|switch|p1b: Bianca|Gyarados, L50, F, shiny|100\/100\n|-ability|p1b: Bianca|Intimidate|boost\n|-unboost|p2a: Annihilape|atk|1\n|-ability|p2a: Annihilape|Defiant|boost\n|-boost|p2a: Annihilape|atk|2\n|-unboost|p2b: Chien-Pao|atk|1\n|move|p2b: Chien-Pao|Ice Spinner|p1b: Bianca\n|-damage|p1b: Bianca|57\/100\n|-damage|p2b: Chien-Pao|56\/100|[from] item: Life Orb\n|move|p1a: Katya|Glaive Rush|p2b: Chien-Pao\n|-damage|p2b: Chien-Pao|0 fnt\n|-singlemove|p1a: Katya|Glaive Rush|[silent]\n|faint|p2b: Chien-Pao\n|cant|p2a: Annihilape|slp\n|\n|upkeep\n|\n|t:|1682309223\n|switch|p2b: Dragonite|Dragonite, L50, M|100\/100 slp\n|turn|5\n|c|\u2606purewhitedeath|not the 3 turn sleep lol\n|\n|t:|1682309247\n|cant|p2b: Dragonite|slp\n|move|p1a: Katya|Icicle Crash|p2b: Dragonite|[miss]\n|-miss|p1a: Katya|p2b: Dragonite\n|-curestatus|p2a: Annihilape|slp|[msg]\n|move|p2a: Annihilape|Drain Punch|p1a: Katya\n|-supereffective|p1a: Katya\n|-damage|p1a: Katya|17\/100\n|move|p1b: Bianca|Taunt|p2a: Annihilape\n|-start|p2a: Annihilape|move: Taunt\n|\n|upkeep\n|turn|6\n|inactive|purewhitedeath has 30 seconds left.\n|\n|t:|1682309274\n|switch|p1b: Amoonguss|Amoonguss, L50, F, shiny|100\/100\n|move|p1a: Katya|Protect|p1a: Katya\n|-singleturn|p1a: Katya|Protect\n|cant|p2b: Dragonite|slp\n|move|p2a: Annihilape|Rage Fist|p1a: Katya\n|-activate|p1a: Katya|move: Protect\n|\n|upkeep\n|turn|7\n|\n|t:|1682309290\n|-curestatus|p2b: Dragonite|slp|[msg]\n|move|p2b: Dragonite|Extreme Speed|p1a: Katya\n|-damage|p1a: Katya|0 fnt\n|faint|p1a: Katya\n|move|p1b: Amoonguss|Rage Powder|p1b: Amoonguss\n|-singleturn|p1b: Amoonguss|move: Rage Powder\n|move|p2a: Annihilape|Rage Fist|p1b: Amoonguss\n|-damage|p1b: Amoonguss|74\/100\n|-damage|p2a: Annihilape|84\/100|[from] item: Rocky Helmet|[of] p1b: Amoonguss\n|\n|-heal|p2a: Annihilape|90\/100|[from] item: Leftovers\n|upkeep\n|\n|t:|1682309301\n|switch|p1a: Bianca|Gyarados, L50, F, shiny|57\/100\n|-ability|p1a: Bianca|Intimidate|boost\n|-unboost|p2a: Annihilape|atk|1\n|-ability|p2a: Annihilape|Defiant|boost\n|-boost|p2a: Annihilape|atk|2\n|-unboost|p2b: Dragonite|atk|1\n|turn|8\n|\n|t:|1682309309\n|move|p1a: Bianca|Protect|p1a: Bianca\n|-singleturn|p1a: Bianca|Protect\n|move|p2b: Dragonite|Extreme Speed|p1a: Bianca\n|-activate|p1a: Bianca|move: Protect\n|move|p2a: Annihilape|Rage Fist|p1a: Bianca\n|-activate|p1a: Bianca|move: Protect\n|move|p1b: Amoonguss|Spore|p2a: Annihilape\n|-status|p2a: Annihilape|slp|[from] move: Spore\n|\n|-heal|p2a: Annihilape|96\/100 slp|[from] item: Leftovers\n|-end|p2a: Annihilape|move: Taunt\n|upkeep\n|turn|9\n|\n|t:|1682309324\n|move|p2b: Dragonite|Extreme Speed|p1a: Bianca\n|-damage|p1a: Bianca|31\/100\n|-enditem|p1a: Bianca|Sitrus Berry|[eat]\n|-heal|p1a: Bianca|56\/100|[from] item: Sitrus Berry\n|cant|p2a: Annihilape|slp\n|move|p1a: Bianca|Waterfall|p2a: Annihilape\n|-resisted|p2a: Annihilape\n|-damage|p2a: Annihilape|79\/100 slp\n|move|p1b: Amoonguss|Spore|p2b: Dragonite\n|-status|p2b: Dragonite|slp|[from] move: Spore\n|\n|-heal|p2a: Annihilape|85\/100 slp|[from] item: Leftovers\n|upkeep\n|turn|10\n|\n|t:|1682309342\n|cant|p2b: Dragonite|slp\n|move|p1b: Amoonguss|Rage Powder|p1b: Amoonguss\n|-singleturn|p1b: Amoonguss|move: Rage Powder\n|cant|p2a: Annihilape|slp\n|move|p1a: Bianca|Waterfall|p2b: Dragonite\n|-resisted|p2b: Dragonite\n|-damage|p2b: Dragonite|89\/100 slp\n|\n|-heal|p2a: Annihilape|91\/100 slp|[from] item: Leftovers\n|upkeep\n|turn|11\n|-message|Piccolo Ruiz forfeited.\n|\n|win|purewhitedeath\n|raw|Piccolo Ruiz's rating: 1388 → 1363<\/strong> (-25 for losing)\n|raw|purewhitedeath's rating: 1294 → 1326<\/strong> (+32 for winning)\n","uploadtime":1682309364,"views":28,"p1id":"piccoloruiz","p2id":"purewhitedeath","formatid":"gen9vgc2023regulationc","rating":1326,"private":0,"password":""}