{"id":"gen9vgc2023regulationc-1853104265","p1":"mathtass","p2":"Auraen","format":"[Gen 9] VGC 2023 Regulation C","log":"|j|\u2606mathtass\n|j|\u2606Auraen\n|t:|1682635641\n|gametype|doubles\n|player|p1|mathtass|101|1285\n|player|p2|Auraen|flannery|1393\n|teamsize|p1|6\n|teamsize|p2|6\n|gen|9\n|tier|[Gen 9] VGC 2023 Regulation C\n|rated|\n|rule|Species Clause: Limit one of each Pok\u00e9mon\n|rule|Item Clause: Limit one of each item\n|clearpoke\n|poke|p1|Amoonguss, L50, F|\n|poke|p1|Chi-Yu, L50|\n|poke|p1|Arcanine, L50, F|\n|poke|p1|Dragonite, L50, F|\n|poke|p1|Flutter Mane, L50|\n|poke|p1|Iron Hands, L50|\n|poke|p2|Chi-Yu, L50|\n|poke|p2|Flutter Mane, L50|\n|poke|p2|Tauros-Paldea-Aqua, L50, M|\n|poke|p2|Tyranitar, L50, F|\n|poke|p2|Glimmora, L50, F|\n|poke|p2|Amoonguss, L50, M|\n|teampreview|4\nmathtass has agreed to open team sheets.\nAuraen has agreed to open team sheets.\n|\n|t:|1682635725\n|start\n|switch|p1a: Arcanine|Arcanine, L50, F|100\/100\n|switch|p1b: Dragonite|Dragonite, L50, F|100\/100\n|switch|p2a: Tyranitar|Tyranitar, L50, F|100\/100\n|switch|p2b: Amoonguss|Amoonguss, L50, M|100\/100\n|-ability|p1a: Arcanine|Intimidate|boost\n|-unboost|p2a: Tyranitar|atk|1\n|-unboost|p2b: Amoonguss|atk|1\n|-weather|Sandstorm|[from] ability: Sand Stream|[of] p2a: Tyranitar\n|turn|1\n|\n|t:|1682635738\n|switch|p2b: Tauros|Tauros-Paldea-Aqua, L50, M|100\/100\n|-ability|p2b: Tauros|Intimidate|boost\n|-unboost|p1a: Arcanine|atk|1\n|-unboost|p1b: Dragonite|atk|1\n|-terastallize|p1b: Dragonite|Flying\n|move|p1a: Arcanine|Howl|p1a: Arcanine|[spread] p1a,p1b\n|-boost|p1a: Arcanine|atk|1\n|-boost|p1b: Dragonite|atk|1\n|move|p1b: Dragonite|Tera Blast|p2b: Tauros\n|-supereffective|p2b: Tauros\n|-damage|p2b: Tauros|0 fnt\n|faint|p2b: Tauros\n|move|p2a: Tyranitar|Rock Slide|p1a: Arcanine|[spread] p1a,p1b\n|-supereffective|p1a: Arcanine\n|-supereffective|p1b: Dragonite\n|-damage|p1a: Arcanine|64\/100\n|-damage|p1b: Dragonite|84\/100\n|\n|-weather|Sandstorm|[upkeep]\n|-damage|p1a: Arcanine|58\/100|[from] Sandstorm\n|-damage|p1b: Dragonite|78\/100|[from] Sandstorm\n|upkeep\n|\n|t:|1682635754\n|switch|p2b: Chi-Yu|Chi-Yu, L50|100\/100\n|-ability|p2b: Chi-Yu|Beads of Ruin\n|turn|2\n|\n|t:|1682635773\n|move|p2b: Chi-Yu|Protect|p2b: Chi-Yu\n|-singleturn|p2b: Chi-Yu|Protect\n|move|p1a: Arcanine|Will-O-Wisp|p2a: Tyranitar\n|-status|p2a: Tyranitar|brn\n|-enditem|p2a: Tyranitar|Lum Berry|[eat]\n|-curestatus|p2a: Tyranitar|brn|[msg]\n|move|p1b: Dragonite|Stomping Tantrum|p2b: Chi-Yu\n|-activate|p2b: Chi-Yu|move: Protect\n|move|p2a: Tyranitar|Rock Slide|p1b: Dragonite|[spread] p1b\n|-miss|p2a: Tyranitar|p1a: Arcanine\n|-supereffective|p1b: Dragonite\n|-damage|p1b: Dragonite|41\/100\n|\n|-weather|Sandstorm|[upkeep]\n|-damage|p1a: Arcanine|52\/100|[from] Sandstorm\n|-damage|p2b: Chi-Yu|94\/100|[from] Sandstorm\n|-damage|p1b: Dragonite|35\/100|[from] Sandstorm\n|upkeep\n|turn|3\n|\n|t:|1682635796\n|switch|p2b: Amoonguss|Amoonguss, L50, M|100\/100\n|move|p1a: Arcanine|Will-O-Wisp|p2a: Tyranitar\n|-status|p2a: Tyranitar|brn\n|move|p1b: Dragonite|Stomping Tantrum|p2b: Amoonguss\n|-damage|p2b: Amoonguss|75\/100\n|move|p2a: Tyranitar|Rock Slide|p1b: Dragonite|[spread] p1a,p1b\n|-supereffective|p1a: Arcanine\n|-supereffective|p1b: Dragonite\n|-damage|p1a: Arcanine|33\/100\n|-damage|p1b: Dragonite|18\/100\n|-enditem|p1a: Arcanine|Sitrus Berry|[eat]\n|-heal|p1a: Arcanine|58\/100|[from] item: Sitrus Berry\n|\n|-weather|Sandstorm|[upkeep]\n|-damage|p1a: Arcanine|52\/100|[from] Sandstorm\n|-damage|p1b: Dragonite|12\/100|[from] Sandstorm\n|-damage|p2b: Amoonguss|69\/100|[from] Sandstorm\n|-heal|p2b: Amoonguss|75\/100|[from] item: Leftovers\n|-damage|p2a: Tyranitar|95\/100 brn|[from] brn\n|upkeep\n|turn|4\n|\n|t:|1682635829\n|switch|p1b: Amoonguss|Amoonguss, L50, F, shiny|100\/100\n|-terastallize|p2b: Amoonguss|Water\n|move|p1a: Arcanine|Flare Blitz|p2b: Amoonguss\n|-resisted|p2b: Amoonguss\n|-damage|p2b: Amoonguss|55\/100\n|-damage|p1a: Arcanine|45\/100|[from] Recoil\n|move|p2a: Tyranitar|Rock Slide|p1a: Arcanine|[spread] p1a,p1b\n|-supereffective|p1a: Arcanine\n|-damage|p1a: Arcanine|26\/100\n|-damage|p1b: Amoonguss|90\/100\n|move|p2b: Amoonguss|Spore|p1a: Arcanine\n|-status|p1a: Arcanine|slp|[from] move: Spore\n|\n|-weather|Sandstorm|[upkeep]\n|-damage|p1a: Arcanine|20\/100 slp|[from] Sandstorm\n|-damage|p1b: Amoonguss|84\/100|[from] Sandstorm\n|-damage|p2b: Amoonguss|49\/100|[from] Sandstorm\n|-heal|p1b: Amoonguss|90\/100|[from] item: Leftovers\n|-heal|p2b: Amoonguss|55\/100|[from] item: Leftovers\n|-damage|p2a: Tyranitar|89\/100 brn|[from] brn\n|upkeep\n|turn|5\n|\n|t:|1682635851\n|switch|p2b: Chi-Yu|Chi-Yu, L50|94\/100\n|-ability|p2b: Chi-Yu|Beads of Ruin\n|cant|p1a: Arcanine|slp\n|move|p2a: Tyranitar|Rock Slide|p1b: Amoonguss|[spread] p1a,p1b\n|-supereffective|p1a: Arcanine\n|-damage|p1a: Arcanine|2\/100 slp\n|-damage|p1b: Amoonguss|79\/100\n|move|p1b: Amoonguss|Spore|p2b: Chi-Yu\n|-status|p2b: Chi-Yu|slp|[from] move: Spore\n|\n|-weather|none\n|-heal|p1b: Amoonguss|85\/100|[from] item: Leftovers\n|-damage|p2a: Tyranitar|83\/100 brn|[from] brn\n|upkeep\n|turn|6\n|\n|t:|1682635870\n|switch|p2a: Amoonguss|Amoonguss, L50, M, tera:Water|88\/100\n|cant|p1a: Arcanine|slp\n|cant|p2b: Chi-Yu|slp\n|move|p1b: Amoonguss|Pollen Puff|p2b: Chi-Yu\n|-damage|p2b: Chi-Yu|70\/100 slp\n|\n|-heal|p1b: Amoonguss|91\/100|[from] item: Leftovers\n|-heal|p2a: Amoonguss|94\/100|[from] item: Leftovers\n|upkeep\n|turn|7\n|\n|t:|1682635891\n|switch|p1a: Dragonite|Dragonite, L50, F, tera:Flying|12\/100\n|cant|p2b: Chi-Yu|slp\n|move|p1b: Amoonguss|Spore|p2a: Amoonguss\n|-status|p2a: Amoonguss|slp|[from] move: Spore\n|cant|p2a: Amoonguss|slp\n|\n|-heal|p1b: Amoonguss|97\/100|[from] item: Leftovers\n|-heal|p2a: Amoonguss|99\/100 slp|[from] item: Leftovers\n|upkeep\n|turn|8\n|\n|t:|1682635906\n|switch|p2b: Tyranitar|Tyranitar, L50, F|83\/100 brn\n|-weather|Sandstorm|[from] ability: Sand Stream|[of] p2b: Tyranitar\n|switch|p1b: Arcanine|Arcanine, L50, F|2\/100 slp\n|-ability|p1b: Arcanine|Intimidate|boost\n|-unboost|p2a: Amoonguss|atk|1\n|-unboost|p2b: Tyranitar|atk|1\n|move|p1a: Dragonite|Extreme Speed|p2b: Tyranitar\n|-resisted|p2b: Tyranitar\n|-damage|p2b: Tyranitar|71\/100 brn\n|cant|p2a: Amoonguss|slp\n|\n|-weather|Sandstorm|[upkeep]\n|-damage|p1b: Arcanine|0 fnt|[from] Sandstorm\n|-damage|p1a: Dragonite|6\/100|[from] Sandstorm\n|-damage|p2a: Amoonguss|94\/100 slp|[from] Sandstorm\n|faint|p1b: Arcanine\n|-heal|p2a: Amoonguss|99\/100 slp|[from] item: Leftovers\n|-damage|p2b: Tyranitar|65\/100 brn|[from] brn\n|upkeep\n|\n|t:|1682635911\n|switch|p1b: Iron Hands|Iron Hands, L50, shiny|100\/100\n|turn|9\n|\n|t:|1682635930\n|switch|p1a: Amoonguss|Amoonguss, L50, F, shiny|100\/100\n|switch|p2a: Chi-Yu|Chi-Yu, L50|70\/100 slp\n|-ability|p2a: Chi-Yu|Beads of Ruin\n|move|p2b: Tyranitar|Protect|p2b: Tyranitar\n|-singleturn|p2b: Tyranitar|Protect\n|move|p1b: Iron Hands|Wild Charge|p2a: Chi-Yu\n|-damage|p2a: Chi-Yu|18\/100 slp\n|-enditem|p2a: Chi-Yu|Sitrus Berry|[eat]\n|-heal|p2a: Chi-Yu|43\/100 slp|[from] item: Sitrus Berry\n|-damage|p1b: Iron Hands|92\/100|[from] Recoil\n|\n|-weather|Sandstorm|[upkeep]\n|-damage|p2a: Chi-Yu|37\/100 slp|[from] Sandstorm\n|-damage|p1a: Amoonguss|95\/100|[from] Sandstorm\n|-heal|p1a: Amoonguss|100\/100|[from] item: Leftovers\n|-damage|p2b: Tyranitar|59\/100 brn|[from] brn\n|upkeep\n|turn|10\n|\n|t:|1682635973\n|switch|p2a: Amoonguss|Amoonguss, L50, M, tera:Water|100\/100 slp\n|switch|p1a: Dragonite|Dragonite, L50, F, tera:Flying|6\/100\n|move|p2b: Tyranitar|Taunt|p1a: Dragonite\n|-start|p1a: Dragonite|move: Taunt\n|move|p1b: Iron Hands|Drain Punch|p2a: Amoonguss\n|-damage|p2a: Amoonguss|70\/100 slp\n|-heal|p1b: Iron Hands|100\/100|[from] drain|[of] p2a: Amoonguss\n|\n|-weather|Sandstorm|[upkeep]\n|-damage|p1a: Dragonite|0 fnt|[from] Sandstorm\n|-damage|p2a: Amoonguss|64\/100 slp|[from] Sandstorm\n|faint|p1a: Dragonite\n|-heal|p2a: Amoonguss|70\/100 slp|[from] item: Leftovers\n|-damage|p2b: Tyranitar|54\/100 brn|[from] brn\n|upkeep\n|\n|t:|1682635976\n|switch|p1a: Amoonguss|Amoonguss, L50, F, shiny|100\/100\n|turn|11\n|\n|t:|1682636003\n|move|p2b: Tyranitar|Taunt|p1a: Amoonguss\n|-start|p1a: Amoonguss|move: Taunt\n|move|p1b: Iron Hands|Wild Charge|p2a: Amoonguss\n|-supereffective|p2a: Amoonguss\n|-damage|p2a: Amoonguss|0 fnt\n|faint|p2a: Amoonguss\n|-damage|p1b: Iron Hands|85\/100|[from] Recoil\n|move|p1a: Amoonguss|Pollen Puff|p1b: Iron Hands\n|-heal|p1b: Iron Hands|100\/100\n|\n|-weather|Sandstorm|[upkeep]\n|-damage|p1a: Amoonguss|95\/100|[from] Sandstorm\n|-heal|p1a: Amoonguss|100\/100|[from] item: Leftovers\n|-damage|p2b: Tyranitar|48\/100 brn|[from] brn\n|upkeep\n|\n|t:|1682636017\n|switch|p2a: Chi-Yu|Chi-Yu, L50|37\/100 slp\n|-ability|p2a: Chi-Yu|Beads of Ruin\n|turn|12\n|\n|t:|1682636026\n|cant|p2a: Chi-Yu|slp\n|move|p2b: Tyranitar|Protect|p2b: Tyranitar\n|-singleturn|p2b: Tyranitar|Protect\n|move|p1b: Iron Hands|Drain Punch|p2a: Chi-Yu\n|-supereffective|p2a: Chi-Yu\n|-damage|p2a: Chi-Yu|0 fnt\n|faint|p2a: Chi-Yu\n|move|p1a: Amoonguss|Pollen Puff|p2b: Tyranitar\n|-activate|p2b: Tyranitar|move: Protect\n|\n|-weather|none\n|-damage|p2b: Tyranitar|42\/100 brn|[from] brn\n|upkeep\n|turn|13\n|-message|Auraen forfeited.\n|\n|win|mathtass\n|raw|mathtass's rating: 1285 → 1318<\/strong> (+33 for winning)\n|raw|Auraen's rating: 1393 → 1367<\/strong> (-26 for losing)\n|l|\u2606Auraen\n","uploadtime":1682636036,"views":12,"p1id":"mathtass","p2id":"auraen","formatid":"gen9vgc2023regulationc","rating":1318,"private":0,"password":""}