{"id":"gen9vgc2023regulationc-1848968015","p1":"Thermidor","p2":"foiledfeline","format":"[Gen 9] VGC 2023 Regulation C","log":"|j|\u2606Thermidor\n|j|\u2606foiledfeline\n|t:|1682132405\n|gametype|doubles\n|player|p1|Thermidor|169|1349\n|player|p2|foiledfeline|steven|1328\n|teamsize|p1|6\n|teamsize|p2|6\n|gen|9\n|tier|[Gen 9] VGC 2023 Regulation C\n|rated|\n|rule|Species Clause: Limit one of each Pok\u00e9mon\n|rule|Item Clause: Limit one of each item\n|clearpoke\n|poke|p1|Iron Bundle, L50|\n|poke|p1|Baxcalibur, L50, M|\n|poke|p1|Gyarados, L50, M|\n|poke|p1|Sableye, L50, M|\n|poke|p1|Gastrodon, L50, F|\n|poke|p1|Chien-Pao, L50|\n|poke|p2|Flutter Mane, L50|\n|poke|p2|Talonflame, L50, F|\n|poke|p2|Baxcalibur, L50, M|\n|poke|p2|Ting-Lu, L50|\n|poke|p2|Gyarados, L50, M|\n|poke|p2|Breloom, L50, F|\n|teampreview|4\n|inactive|Battle timer is ON: inactive players will automatically lose when time's up. (requested by Thermidor)\nfoiledfeline has agreed to open team sheets.\n|inactive|Thermidor has 60 seconds left.\n|\n|t:|1682132445\n|start\n|switch|p1a: HyruleHeroJoe|Sableye, L50, M|100\/100\n|switch|p1b: Thermidor|Baxcalibur, L50, M|100\/100\n|switch|p2a: Baxcalibur|Baxcalibur, L50, M|100\/100\n|switch|p2b: Gyarados|Gyarados, L50, M|100\/100\n|-ability|p2b: Gyarados|Intimidate|boost\n|-unboost|p1a: HyruleHeroJoe|atk|1\n|-fail|p1b: Thermidor|unboost|[from] item: Clear Amulet|[of] p1b: Thermidor\n|turn|1\n|\n|t:|1682132469\n|move|p2a: Baxcalibur|Protect|p2a: Baxcalibur\n|-singleturn|p2a: Baxcalibur|Protect\n|move|p1a: HyruleHeroJoe|Fake Out|p2a: Baxcalibur\n|-activate|p2a: Baxcalibur|move: Protect\n|move|p1b: Thermidor|Dragon Dance|p1b: Thermidor\n|-boost|p1b: Thermidor|atk|1\n|-boost|p1b: Thermidor|spe|1\n|move|p2b: Gyarados|Taunt|p1a: HyruleHeroJoe\n|-start|p1a: HyruleHeroJoe|move: Taunt\n|\n|upkeep\n|turn|2\n|inactive|Thermidor has 30 seconds left.\n|\n|t:|1682132497\n|switch|p1a: Boom|Gyarados, L50, M, shiny|100\/100\n|-ability|p1a: Boom|Intimidate|boost\n|-fail|p2a: Baxcalibur|unboost|[from] item: Clear Amulet|[of] p2a: Baxcalibur\n|-unboost|p2b: Gyarados|atk|1\n|-terastallize|p1b: Thermidor|Poison\n|-terastallize|p2a: Baxcalibur|Poison\n|move|p1b: Thermidor|Brick Break|p2a: Baxcalibur\n|-resisted|p2a: Baxcalibur\n|-damage|p2a: Baxcalibur|80\/100\n|move|p2a: Baxcalibur|Glaive Rush|p1b: Thermidor\n|-damage|p1b: Thermidor|25\/100\n|-singlemove|p2a: Baxcalibur|Glaive Rush|[silent]\n|move|p2b: Gyarados|Thunder Wave|p1b: Thermidor\n|-status|p1b: Thermidor|par\n|\n|upkeep\n|turn|3\n|inactive|Thermidor has 30 seconds left.\n|inactive|foiledfeline has 30 seconds left.\n|inactive|foiledfeline has 20 seconds left.\n|\n|t:|1682132533\n|move|p2a: Baxcalibur|Protect|p2a: Baxcalibur\n|-singleturn|p2a: Baxcalibur|Protect\n|move|p1a: Boom|Thunder Wave|p2b: Gyarados|[miss]\n|-miss|p1a: Boom|p2b: Gyarados\n|move|p2b: Gyarados|Taunt|p1a: Boom\n|-start|p1a: Boom|move: Taunt\n|move|p1b: Thermidor|Stomping Tantrum|p2a: Baxcalibur\n|-activate|p2a: Baxcalibur|move: Protect\n|\n|upkeep\n|turn|4\n|\n|t:|1682132552\n|switch|p1b: HyruleHeroJoe|Sableye, L50, M|100\/100\n|move|p1a: Boom|Waterfall|p2a: Baxcalibur\n|-damage|p2a: Baxcalibur|39\/100\n|move|p2a: Baxcalibur|Earthquake|p1a: Boom|[spread] p1b\n|-immune|p2b: Gyarados\n|-immune|p1a: Boom\n|-damage|p1b: HyruleHeroJoe|60\/100\n|move|p2b: Gyarados|Thunder Wave|p1a: Boom|[miss]\n|-miss|p2b: Gyarados|p1a: Boom\n|\n|upkeep\n|turn|5\n|inactive|Thermidor has 30 seconds left.\n|\n|t:|1682132582\n|switch|p1a: Kuro8|Chien-Pao, L50|100\/100\n|-ability|p1a: Kuro8|Sword of Ruin\n|move|p2a: Baxcalibur|Protect|p2a: Baxcalibur\n|-singleturn|p2a: Baxcalibur|Protect\n|move|p1b: HyruleHeroJoe|Fake Out|p2a: Baxcalibur\n|-activate|p2a: Baxcalibur|move: Protect\n|move|p2b: Gyarados|Thunder Wave|p1a: Kuro8\n|-status|p1a: Kuro8|par\n|\n|upkeep\n|turn|6\n|\n|t:|1682132604\n|move|p1b: HyruleHeroJoe|Encore|p2a: Baxcalibur\n|-start|p2a: Baxcalibur|Encore\n|move|p2a: Baxcalibur|Protect||[still]\n|-fail|p2a: Baxcalibur\n|move|p2b: Gyarados|Waterfall|p1a: Kuro8\n|-damage|p1a: Kuro8|73\/100 par\n|move|p1a: Kuro8|Taunt|p2b: Gyarados\n|-start|p2b: Gyarados|move: Taunt\n|\n|upkeep\n|turn|7\n|\n|t:|1682132626\n|switch|p2a: Breloom|Breloom, L50, F|100\/100\n|switch|p1b: Boom|Gyarados, L50, M, shiny|100\/100\n|-ability|p1b: Boom|Intimidate|boost\n|-unboost|p2a: Breloom|atk|1\n|-unboost|p2b: Gyarados|atk|1\n|move|p2b: Gyarados|Waterfall|p1b: Boom\n|-resisted|p1b: Boom\n|-damage|p1b: Boom|86\/100\n|cant|p1a: Kuro8|par\n|\n|-heal|p1b: Boom|92\/100|[from] item: Leftovers\n|upkeep\n|turn|8\n|inactive|Thermidor has 30 seconds left.\n|\n|t:|1682132653\n|switch|p2b: Baxcalibur|Baxcalibur, L50, M, tera:Poison|39\/100\n|move|p2a: Breloom|Mach Punch|p1a: Kuro8\n|-supereffective|p1a: Kuro8\n|-damage|p1a: Kuro8|0 fnt\n|faint|p1a: Kuro8\n|move|p1b: Boom|Dragon Dance|p1b: Boom\n|-boost|p1b: Boom|atk|1\n|-boost|p1b: Boom|spe|1\n|\n|-heal|p1b: Boom|98\/100|[from] item: Leftovers\n|upkeep\n|\n|t:|1682132671\n|switch|p1a: HyruleHeroJoe|Sableye, L50, M|60\/100\n|turn|9\n|\n|t:|1682132695\n|switch|p2a: Gyarados|Gyarados, L50, M|100\/100\n|-ability|p2a: Gyarados|Intimidate|boost\n|-unboost|p1a: HyruleHeroJoe|atk|1\n|-unboost|p1b: Boom|atk|1\n|move|p2b: Baxcalibur|Protect|p2b: Baxcalibur\n|-singleturn|p2b: Baxcalibur|Protect\n|move|p1a: HyruleHeroJoe|Fake Out|p2a: Gyarados\n|-damage|p2a: Gyarados|96\/100\n|move|p1b: Boom|Waterfall|p2a: Gyarados\n|-resisted|p2a: Gyarados\n|-damage|p2a: Gyarados|75\/100\n|\n|-heal|p1b: Boom|100\/100|[from] item: Leftovers\n|upkeep\n|turn|10\n|inactive|Thermidor has 30 seconds left.\n|\n|t:|1682132725\n|switch|p2b: Breloom|Breloom, L50, F|100\/100\n|switch|p1a: Thermidor|Baxcalibur, L50, M, tera:Poison|25\/100 par\n|move|p1b: Boom|Waterfall|p2b: Breloom\n|-resisted|p2b: Breloom\n|-damage|p2b: Breloom|69\/100\n|move|p2a: Gyarados|Taunt|p1a: Thermidor\n|-start|p1a: Thermidor|move: Taunt\n|\n|upkeep\n|turn|11\n|inactive|Thermidor has 30 seconds left.\n|inactive|foiledfeline has 30 seconds left.\n|\n|t:|1682132760\n|switch|p1b: HyruleHeroJoe|Sableye, L50, M|60\/100\n|move|p2b: Breloom|Bullet Seed|p1a: Thermidor\n|-resisted|p1a: Thermidor\n|-damage|p1a: Thermidor|15\/100 par\n|-resisted|p1a: Thermidor\n|-damage|p1a: Thermidor|5\/100 par\n|-resisted|p1a: Thermidor\n|-damage|p1a: Thermidor|0 fnt\n|faint|p1a: Thermidor\n|-hitcount|p1: Thermidor|3\n|move|p2a: Gyarados|Thunder Wave|p1b: HyruleHeroJoe\n|-status|p1b: HyruleHeroJoe|par\n|\n|upkeep\n|\n|t:|1682132771\n|switch|p1a: Boom|Gyarados, L50, M, shiny|100\/100\n|-ability|p1a: Boom|Intimidate|boost\n|-unboost|p2a: Gyarados|atk|1\n|-unboost|p2b: Breloom|atk|1\n|turn|12\n|inactive|Thermidor has 30 seconds left.\n|inactive|foiledfeline has 30 seconds left.\n|\n|t:|1682132799\n|switch|p2b: Flutter Mane|Flutter Mane, L50|100\/100\n|-enditem|p2b: Flutter Mane|Booster Energy\n|-activate|p2b: Flutter Mane|ability: Protosynthesis|[fromitem]\n|-start|p2b: Flutter Mane|protosynthesisspa\n|cant|p1b: HyruleHeroJoe|par\n|move|p1a: Boom|Thunder Wave|p2a: Gyarados\n|-status|p2a: Gyarados|par\n|move|p2a: Gyarados|Thunder Wave|p1a: Boom\n|-status|p1a: Boom|par\n|\n|upkeep\n|turn|13\n|\n|t:|1682132817\n|move|p2a: Gyarados|Helping Hand|p2b: Flutter Mane\n|-singleturn|p2b: Flutter Mane|Helping Hand|[of] p2a: Gyarados\n|move|p1b: HyruleHeroJoe|Light Screen|p1b: HyruleHeroJoe\n|-sidestart|p1: Thermidor|move: Light Screen\n|move|p2b: Flutter Mane|Dazzling Gleam|p1a: Boom|[spread] p1a,p1b\n|-supereffective|p1b: HyruleHeroJoe\n|-damage|p1a: Boom|57\/100 par\n|-damage|p1b: HyruleHeroJoe|0 fnt\n|faint|p1b: HyruleHeroJoe\n|move|p1a: Boom|Thunder Wave|p2b: Flutter Mane\n|-status|p2b: Flutter Mane|par\n|\n|-heal|p1a: Boom|63\/100 par|[from] item: Leftovers\n|upkeep\n|turn|14\n|\n|t:|1682132836\n|cant|p2b: Flutter Mane|par\n|move|p1a: Boom|Waterfall|p2b: Flutter Mane\n|-damage|p2b: Flutter Mane|47\/100 par\n|move|p2a: Gyarados|Waterfall|p1a: Boom\n|-resisted|p1a: Boom\n|-damage|p1a: Boom|49\/100 par\n|\n|-heal|p1a: Boom|55\/100 par|[from] item: Leftovers\n|upkeep\n|turn|15\n|\n|t:|1682132848\n|cant|p2b: Flutter Mane|par\n|move|p1a: Boom|Waterfall|p2b: Flutter Mane\n|-damage|p2b: Flutter Mane|0 fnt\n|faint|p2b: Flutter Mane\n|-end|p2b: Flutter Mane|Protosynthesis|[silent]\n|move|p2a: Gyarados|Waterfall|p1a: Boom\n|-resisted|p1a: Boom\n|-damage|p1a: Boom|41\/100 par\n|\n|-heal|p1a: Boom|47\/100 par|[from] item: Leftovers\n|upkeep\n|\n|t:|1682132858\n|switch|p2b: Baxcalibur|Baxcalibur, L50, M, tera:Poison|39\/100\n|turn|16\n|\n|t:|1682132873\n|move|p2b: Baxcalibur|Glaive Rush|p1a: Boom\n|-damage|p1a: Boom|0 fnt\n|-singlemove|p2b: Baxcalibur|Glaive Rush|[silent]\n|faint|p1a: Boom\n|\n|win|foiledfeline\n|raw|Thermidor's rating: 1349 → 1328<\/strong> (-21 for losing)\n|raw|foiledfeline's rating: 1328 → 1349<\/strong> (+21 for winning)\n","uploadtime":1682132879,"views":10,"p1id":"thermidor","p2id":"foiledfeline","formatid":"gen9vgc2023regulationc","rating":1328,"private":0,"password":""}