{"id":"gen9vgc2023regulationc-1847441992","p1":"Volcano0","p2":"Mitsunaga","format":"[Gen 9] VGC 2023 Regulation C","log":"|j|\u2606Volcano0\n|j|\u2606Mitsunaga\n|t:|1681955578\n|gametype|doubles\n|player|p1|Volcano0|benga|1153\n|player|p2|Mitsunaga|lady-gen4|1229\n|teamsize|p1|6\n|teamsize|p2|6\n|gen|9\n|tier|[Gen 9] VGC 2023 Regulation C\n|rated|\n|rule|Species Clause: Limit one of each Pok\u00e9mon\n|rule|Item Clause: Limit one of each item\n|clearpoke\n|poke|p1|Iron Hands, L50|\n|poke|p1|Chien-Pao, L50|\n|poke|p1|Dragonite, L50, F|\n|poke|p1|Flutter Mane, L50|\n|poke|p1|Scream Tail, L50|\n|poke|p1|Torkoal, L50, M|\n|poke|p2|Annihilape, L50, F|\n|poke|p2|Sandy Shocks, L50|\n|poke|p2|Flutter Mane, L50|\n|poke|p2|Armarouge, L50, F|\n|poke|p2|Indeedee-F, L50, F|\n|poke|p2|Talonflame, L50, F|\n|teampreview|4\n|inactive|Battle timer is ON: inactive players will automatically lose when time's up. (requested by Volcano0)\n|inactive|Volcano0 has 60 seconds left.\n|inactive|Mitsunaga has 60 seconds left.\n|\n|t:|1681955621\n|start\n|switch|p1a: Flutter Mane|Flutter Mane, L50|100\/100\n|switch|p1b: Scream Tail|Scream Tail, L50|100\/100\n|switch|p2a: Sandy Shocks|Sandy Shocks, L50|100\/100\n|switch|p2b: Armarouge|Armarouge, L50, F|100\/100\n|-enditem|p1a: Flutter Mane|Booster Energy\n|-activate|p1a: Flutter Mane|ability: Protosynthesis|[fromitem]\n|-start|p1a: Flutter Mane|protosynthesisspa\n|-enditem|p2a: Sandy Shocks|Booster Energy\n|-activate|p2a: Sandy Shocks|ability: Protosynthesis|[fromitem]\n|-start|p2a: Sandy Shocks|protosynthesisspe\n|turn|1\n|\n|t:|1681955638\n|move|p1b: Scream Tail|Helping Hand|p1a: Flutter Mane\n|-singleturn|p1a: Flutter Mane|Helping Hand|[of] p1b: Scream Tail\n|move|p2a: Sandy Shocks|Earthquake|p1b: Scream Tail|[spread] p2b,p1a,p1b\n|-supereffective|p2b: Armarouge\n|-damage|p2b: Armarouge|58\/100\n|-damage|p1a: Flutter Mane|70\/100\n|-damage|p1b: Scream Tail|88\/100\n|-ability|p2b: Armarouge|Weak Armor|boost\n|-unboost|p2b: Armarouge|def|1\n|-boost|p2b: Armarouge|spe|2\n|-enditem|p2b: Armarouge|Weakness Policy\n|-boost|p2b: Armarouge|atk|2|[from] item: Weakness Policy\n|-boost|p2b: Armarouge|spa|2|[from] item: Weakness Policy\n|move|p2b: Armarouge|Heat Wave|p1b: Scream Tail|[spread] p1a\n|-miss|p2b: Armarouge|p1b: Scream Tail\n|-damage|p1a: Flutter Mane|0 fnt\n|faint|p1a: Flutter Mane\n|-end|p1a: Flutter Mane|Protosynthesis|[silent]\n|\n|upkeep\n|c|\u2606Mitsunaga|too much miss\n|\n|t:|1681955659\n|switch|p1a: Torkoal|Torkoal, L50, M|100\/100\n|-weather|SunnyDay|[from] ability: Drought|[of] p1a: Torkoal\n|-activate|p1b: Scream Tail|ability: Protosynthesis\n|-start|p1b: Scream Tail|protosynthesisdef\n|turn|2\n|\n|t:|1681955675\n|-end|p2a: Sandy Shocks|Protosynthesis|[silent]\n|switch|p2a: Indeedee|Indeedee-F, L50, F|100\/100\n|-fieldstart|move: Psychic Terrain|[from] ability: Psychic Surge|[of] p2a: Indeedee\n|-enditem|p2a: Indeedee|Psychic Seed\n|-boost|p2a: Indeedee|spd|1|[from] item: Psychic Seed\n|move|p1a: Torkoal|Protect|p1a: Torkoal\n|-singleturn|p1a: Torkoal|Protect\n|move|p2b: Armarouge|Expanding Force|p1a: Torkoal|[spread] p1b\n|-activate|p1a: Torkoal|move: Protect\n|-resisted|p1b: Scream Tail\n|-damage|p1b: Scream Tail|46\/100\n|move|p1b: Scream Tail|Trick Room|p1b: Scream Tail\n|-fieldstart|move: Trick Room|[of] p1b: Scream Tail\n|\n|-weather|SunnyDay|[upkeep]\n|upkeep\n|turn|3\n|\n|t:|1681955692\n|move|p1b: Scream Tail|Helping Hand|p1a: Torkoal\n|-singleturn|p1a: Torkoal|Helping Hand|[of] p1b: Scream Tail\n|move|p2b: Armarouge|Protect|p2b: Armarouge\n|-singleturn|p2b: Armarouge|Protect\n|move|p1a: Torkoal|Earth Power|p2b: Armarouge\n|-activate|p2b: Armarouge|move: Protect\n|move|p2a: Indeedee|Trick Room|p2a: Indeedee\n|-fieldend|move: Trick Room\n|\n|-weather|SunnyDay|[upkeep]\n|upkeep\n|turn|4\n|\n|t:|1681955703\n|move|p1a: Torkoal|Protect|p1a: Torkoal\n|-singleturn|p1a: Torkoal|Protect\n|move|p2a: Indeedee|Follow Me|p2a: Indeedee\n|-singleturn|p2a: Indeedee|move: Follow Me\n|move|p2b: Armarouge|Expanding Force|p1b: Scream Tail|[spread] p1b\n|-activate|p1a: Torkoal|move: Protect\n|-resisted|p1b: Scream Tail\n|-damage|p1b: Scream Tail|3\/100\n|move|p1b: Scream Tail|Trick Room|p1b: Scream Tail\n|-fieldstart|move: Trick Room|[of] p1b: Scream Tail\n|\n|-weather|SunnyDay|[upkeep]\n|upkeep\n|turn|5\n|inactive|Mitsunaga has 30 seconds left.\n|\n|t:|1681955732\n|-terastallize|p1a: Torkoal|Fire\n|move|p1b: Scream Tail|Helping Hand|p1a: Torkoal\n|-singleturn|p1a: Torkoal|Helping Hand|[of] p1b: Scream Tail\n|move|p2b: Armarouge|Protect|p2b: Armarouge\n|-singleturn|p2b: Armarouge|Protect\n|move|p1a: Torkoal|Eruption|p2b: Armarouge|[spread] p2a\n|-activate|p2b: Armarouge|move: Protect\n|-damage|p2a: Indeedee|0 fnt\n|faint|p2a: Indeedee\n|\n|-weather|SunnyDay|[upkeep]\n|upkeep\n|\n|t:|1681955736\n|switch|p2a: Flutter Mane|Flutter Mane, L50|100\/100\n|-activate|p2a: Flutter Mane|ability: Protosynthesis\n|-start|p2a: Flutter Mane|protosynthesisspe\n|turn|6\n|\n|t:|1681955757\n|move|p1b: Scream Tail|Helping Hand|p1a: Torkoal\n|-singleturn|p1a: Torkoal|Helping Hand|[of] p1b: Scream Tail\n|move|p2b: Armarouge|Protect||[still]\n|-fail|p2b: Armarouge\n|move|p1a: Torkoal|Eruption|p2a: Flutter Mane|[spread] p2a,p2b\n|-resisted|p2b: Armarouge\n|-enditem|p2a: Flutter Mane|Focus Sash\n|-damage|p2a: Flutter Mane|1\/100\n|-damage|p2b: Armarouge|0 fnt\n|faint|p2b: Armarouge\n|move|p2a: Flutter Mane|Dazzling Gleam|p1b: Scream Tail|[spread] p1a,p1b\n|-resisted|p1a: Torkoal\n|-damage|p1a: Torkoal|78\/100\n|-damage|p1b: Scream Tail|0 fnt\n|faint|p1b: Scream Tail\n|-end|p1b: Scream Tail|Protosynthesis|[silent]\n|\n|-weather|none\n|-end|p2a: Flutter Mane|Protosynthesis\n|-fieldend|move: Psychic Terrain\n|upkeep\n|\n|t:|1681955772\n|switch|p2b: Sandy Shocks|Sandy Shocks, L50|100\/100\n|switch|p1b: Iron Hands|Iron Hands, L50|100\/100\n|turn|7\n|\n|t:|1681955792\n|move|p2a: Flutter Mane|Protect|p2a: Flutter Mane\n|-singleturn|p2a: Flutter Mane|Protect\n|move|p1a: Torkoal|Earth Power|p2b: Sandy Shocks\n|-supereffective|p2b: Sandy Shocks\n|-damage|p2b: Sandy Shocks|37\/100\n|-unboost|p2b: Sandy Shocks|spd|1\n|move|p1b: Iron Hands|Thunder Punch|p2a: Flutter Mane\n|-activate|p2a: Flutter Mane|move: Protect\n|move|p2b: Sandy Shocks|Earth Power|p1a: Torkoal\n|-supereffective|p1a: Torkoal\n|-damage|p1a: Torkoal|0 fnt\n|faint|p1a: Torkoal\n|\n|upkeep\n|turn|8\n|\n|t:|1681955813\n|move|p1b: Iron Hands|Thunder Punch|p2a: Flutter Mane\n|-damage|p2a: Flutter Mane|0 fnt\n|faint|p2a: Flutter Mane\n|-end|p2a: Flutter Mane|Protosynthesis|[silent]\n|move|p2b: Sandy Shocks|Earth Power|p1b: Iron Hands\n|-supereffective|p1b: Iron Hands\n|-damage|p1b: Iron Hands|43\/100\n|\n|-fieldend|move: Trick Room\n|upkeep\n|turn|9\n|\n|t:|1681955826\n|move|p2b: Sandy Shocks|Earth Power|p1b: Iron Hands\n|-supereffective|p1b: Iron Hands\n|-damage|p1b: Iron Hands|0 fnt\n|faint|p1b: Iron Hands\n|-end|p1b: Iron Hands|Quark Drive|[silent]\n|\n|win|Mitsunaga\n|raw|Volcano0's rating: 1153 → 1133<\/strong> (-20 for losing)\n|raw|Mitsunaga's rating: 1229 → 1249<\/strong> (+20 for winning)\n","uploadtime":1681955831,"views":5,"p1id":"volcano0","p2id":"mitsunaga","formatid":"gen9vgc2023regulationc","rating":1133,"private":0,"password":""}