{"id":"gen9vgc2023regulationc-1862971879","p1":"Inferno prodigy","p2":"JaneRemoverest","format":"[Gen 9] VGC 2023 Regulation C","log":"|j|\u2606Inferno prodigy\n|j|\u2606JaneRemoverest\n|t:|1683945876\n|gametype|doubles\n|player|p1|Inferno prodigy|1|1540\n|player|p2|JaneRemoverest|pokemonranger-gen4|1463\n|teamsize|p1|6\n|teamsize|p2|6\n|gen|9\n|tier|[Gen 9] VGC 2023 Regulation C\n|rated|\n|rule|Species Clause: Limit one of each Pok\u00e9mon\n|rule|Item Clause: Limit one of each item\n|clearpoke\n|poke|p1|Dragonite, L50, F|\n|poke|p1|Chien-Pao, L50|\n|poke|p1|Flutter Mane, L50|\n|poke|p1|Arcanine, L50, M|\n|poke|p1|Iron Hands, L50|\n|poke|p1|Palafin, L50, F|\n|poke|p2|Scream Tail, L50|\n|poke|p2|Indeedee-F, L50, F|\n|poke|p2|Armarouge, L50, F|\n|poke|p2|Dragapult, L50, F|\n|poke|p2|Chien-Pao, L50|\n|poke|p2|Gyarados, L50, M|\n|teampreview|4\n|inactive|Battle timer is ON: inactive players will automatically lose when time's up. (requested by JaneRemoverest)\n|\n|t:|1683945890\n|start\n|switch|p1a: Chien-Pao|Chien-Pao, L50|100\/100\n|switch|p1b: Iron Hands|Iron Hands, L50|100\/100\n|switch|p2a: Scream Tail|Scream Tail, L50|100\/100\n|switch|p2b: Dragapult|Dragapult, L50, F|100\/100\n|-ability|p1a: Chien-Pao|Sword of Ruin\n|-enditem|p2a: Scream Tail|Booster Energy\n|-activate|p2a: Scream Tail|ability: Protosynthesis|[fromitem]\n|-start|p2a: Scream Tail|protosynthesisspe\n|turn|1\n|j| Mukked It Up\n|inactive|Inferno prodigy has 30 seconds left.\n|inactive|JaneRemoverest has 30 seconds left.\n|inactive|JaneRemoverest has 20 seconds left.\n|inactive|JaneRemoverest has 15 seconds left.\n|inactive|JaneRemoverest has 10 seconds left.\n|\n|t:|1683945936\n|move|p2b: Dragapult|Protect|p2b: Dragapult\n|-singleturn|p2b: Dragapult|Protect\n|move|p1b: Iron Hands|Fake Out|p2a: Scream Tail\n|-damage|p2a: Scream Tail|87\/100\n|cant|p2a: Scream Tail|flinch\n|move|p1a: Chien-Pao|Taunt|p2a: Scream Tail\n|-start|p2a: Scream Tail|move: Taunt\n|\n|upkeep\n|turn|2\n|inactive|Inferno prodigy has 30 seconds left.\n|inactive|Inferno prodigy has 20 seconds left.\n|\n|t:|1683945971\n|-terastallize|p2b: Dragapult|Fire\n|move|p1a: Chien-Pao|Sucker Punch|p2b: Dragapult\n|-damage|p2b: Dragapult|41\/100\n|move|p2a: Scream Tail|Play Rough|p1a: Chien-Pao\n|-supereffective|p1a: Chien-Pao\n|-damage|p1a: Chien-Pao|37\/100\n|-unboost|p1a: Chien-Pao|atk|1\n|move|p2b: Dragapult|Dragon Darts|p1a: Chien-Pao\n|-damage|p1a: Chien-Pao|0 fnt\n|-anim|p2b: Dragapult|Dragon Darts|p1b: Iron Hands\n|-damage|p1b: Iron Hands|76\/100\n|faint|p1a: Chien-Pao\n|-damage|p2b: Dragapult|31\/100|[from] item: Life Orb\n|move|p1b: Iron Hands|Heavy Slam|p2a: Scream Tail\n|-supereffective|p2a: Scream Tail\n|-damage|p2a: Scream Tail|21\/100\n|\n|upkeep\n|\n|t:|1683945989\n|switch|p1a: Dragonite|Dragonite, L50, F|100\/100\n|turn|3\n|\n|t:|1683946005\n|-terastallize|p1a: Dragonite|Flying\n|move|p1a: Dragonite|Extreme Speed|p2b: Dragapult\n|-damage|p2b: Dragapult|0 fnt\n|faint|p2b: Dragapult\n|move|p2a: Scream Tail|Play Rough|p1a: Dragonite\n|-damage|p1a: Dragonite|80\/100\n|move|p1b: Iron Hands|Heavy Slam|p2a: Scream Tail\n|-supereffective|p2a: Scream Tail\n|-damage|p2a: Scream Tail|0 fnt\n|faint|p2a: Scream Tail\n|-end|p2a: Scream Tail|Protosynthesis|[silent]\n|\n|upkeep\n|\n|t:|1683946010\n|switch|p2b: Armarouge|Armarouge, L50, F|100\/100\n|switch|p2a: Indeedee|Indeedee-F, L50, F|100\/100\n|-fieldstart|move: Psychic Terrain|[from] ability: Psychic Surge|[of] p2a: Indeedee\n|turn|4\n|\n|t:|1683946031\n|move|p2a: Indeedee|Helping Hand|p2b: Armarouge\n|-singleturn|p2b: Armarouge|Helping Hand|[of] p2a: Indeedee\n|move|p2b: Armarouge|Expanding Force|p1b: Iron Hands|[spread] p1a,p1b\n|-supereffective|p1b: Iron Hands\n|-damage|p1a: Dragonite|0 fnt\n|-damage|p1b: Iron Hands|0 fnt\n|faint|p1a: Dragonite\n|faint|p1b: Iron Hands\n|-end|p1b: Iron Hands|Quark Drive|[silent]\n|\n|upkeep\n|\n|t:|1683946036\n|switch|p1a: Flutter Mane|Flutter Mane, L50|100\/100\n|turn|5\n|c|\u2606Inferno prodigy|Gg\n|inactive|JaneRemoverest has 30 seconds left.\n|\n|t:|1683946069\n|move|p2a: Indeedee|Follow Me|p2a: Indeedee\n|-singleturn|p2a: Indeedee|move: Follow Me\n|move|p2b: Armarouge|Expanding Force|p1a: Flutter Mane\n|-damage|p1a: Flutter Mane|22\/100\n|move|p1a: Flutter Mane|Dazzling Gleam|p2b: Armarouge|[spread] p2a,p2b\n|-resisted|p2b: Armarouge\n|-damage|p2a: Indeedee|67\/100\n|-damage|p2b: Armarouge|67\/100\n|\n|upkeep\n|turn|6\n|-message|Inferno prodigy forfeited.\n|\n|win|JaneRemoverest\n|raw|Inferno prodigy's rating: 1515 → 1492<\/strong> (-23 for losing)\n|raw|JaneRemoverest's rating: 1463 → 1486<\/strong> (+23 for winning)\n|l|\u2606Inferno prodigy\n|c|\u2606JaneRemoverest|Gg\n|l| Mukked It Up\n","uploadtime":1683946114,"views":20,"p1id":"infernoprodigy","p2id":"janeremoverest","formatid":"gen9vgc2023regulationc","rating":1486,"private":0,"password":""}