{"id":"gen9vgc2023regulationc-1847296038","p1":"Philzkidd","p2":"Kaitsune0","format":"[Gen 9] VGC 2023 Regulation C","log":"|j|\u2606Philzkidd\n|j|\u2606Kaitsune0\n|t:|1681935731\n|gametype|doubles\n|player|p1|Philzkidd|266|1121\n|player|p2|Kaitsune0|clerkf|1202\n|teamsize|p1|6\n|teamsize|p2|6\n|gen|9\n|tier|[Gen 9] VGC 2023 Regulation C\n|rated|\n|rule|Species Clause: Limit one of each Pok\u00e9mon\n|rule|Item Clause: Limit one of each item\n|clearpoke\n|poke|p1|Chien-Pao, L50|\n|poke|p1|Dragonite, L50, M|\n|poke|p1|Arcanine, L50, F|\n|poke|p1|Flutter Mane, L50|\n|poke|p1|Kingambit, L50, M|\n|poke|p1|Palafin, L50, F|\n|poke|p2|Talonflame, L50, F|\n|poke|p2|Great Tusk, L50|\n|poke|p2|Annihilape, L50, F|\n|poke|p2|Magnezone, L50|\n|poke|p2|Azumarill, L50, F|\n|poke|p2|Chien-Pao, L50|\n|teampreview|4\nKaitsune0 has agreed to open team sheets.\nPhilzkidd has agreed to open team sheets.\n|inactive|Battle timer is ON: inactive players will automatically lose when time's up. (requested by Kaitsune0)\n|\n|t:|1681935841\n|start\n|switch|p1a: Flutter Mane|Flutter Mane, L50|100\/100\n|switch|p1b: Dragonite|Dragonite, L50, M|100\/100\n|switch|p2a: Talonflame|Talonflame, L50, F|100\/100\n|switch|p2b: Great Tusk|Great Tusk, L50|100\/100\n|turn|1\n|inactive|Philzkidd has 30 seconds left.\n|inactive|Kaitsune0 has 30 seconds left.\n|\n|t:|1681935873\n|-terastallize|p1b: Dragonite|Flying\n|move|p1b: Dragonite|Extreme Speed|p2a: Talonflame\n|-damage|p2a: Talonflame|52\/100\n|move|p2a: Talonflame|Tailwind|p2a: Talonflame\n|-sidestart|p2: Kaitsune0|move: Tailwind\n|move|p2b: Great Tusk|Earthquake|p1a: Flutter Mane|[spread] p1a\n|-immune|p2a: Talonflame\n|-immune|p1b: Dragonite\n|-damage|p1a: Flutter Mane|25\/100\n|move|p1a: Flutter Mane|Moonblast|p2b: Great Tusk\n|-supereffective|p2b: Great Tusk\n|-damage|p2b: Great Tusk|0 fnt\n|faint|p2b: Great Tusk\n|-end|p2b: Great Tusk|Protosynthesis|[silent]\n|\n|upkeep\n|\n|t:|1681935888\n|switch|p2b: Chien-Pao|Chien-Pao, L50|100\/100\n|-ability|p2b: Chien-Pao|Sword of Ruin\n|turn|2\n|\n|t:|1681935907\n|move|p2a: Talonflame|Quick Guard|p2a: Talonflame\n|-singleturn|p2a: Talonflame|Quick Guard\n|move|p1b: Dragonite|Extreme Speed|p2b: Chien-Pao\n|-activate|p2b: Chien-Pao|move: Quick Guard\n|move|p2b: Chien-Pao|Ice Spinner|p1a: Flutter Mane\n|-damage|p1a: Flutter Mane|0 fnt\n|faint|p1a: Flutter Mane\n|-end|p1a: Flutter Mane|Protosynthesis|[silent]\n|\n|upkeep\n|\n|t:|1681935919\n|switch|p1a: Kingambit|Kingambit, L50, M, shiny|100\/100\n|turn|3\n|\n|t:|1681935940\n|-terastallize|p2b: Chien-Pao|Ice\n|move|p1b: Dragonite|Extreme Speed|p2a: Talonflame\n|-damage|p2a: Talonflame|0 fnt\n|faint|p2a: Talonflame\n|move|p2b: Chien-Pao|Ice Spinner|p1b: Dragonite\n|-supereffective|p1b: Dragonite\n|-damage|p1b: Dragonite|28\/100\n|move|p1a: Kingambit|Assurance|p2b: Chien-Pao\n|-damage|p2b: Chien-Pao|48\/100\n|\n|upkeep\n|\n|t:|1681935949\n|switch|p2a: Azumarill|Azumarill, L50, F|100\/100\n|turn|4\n|\n|t:|1681935960\n|move|p2b: Chien-Pao|Protect|p2b: Chien-Pao\n|-singleturn|p2b: Chien-Pao|Protect\n|move|p1b: Dragonite|Extreme Speed|p2b: Chien-Pao\n|-activate|p2b: Chien-Pao|move: Protect\n|move|p2a: Azumarill|Aqua Jet|p1b: Dragonite\n|-damage|p1b: Dragonite|0 fnt\n|faint|p1b: Dragonite\n|move|p1a: Kingambit|Iron Head|p2a: Azumarill\n|-damage|p2a: Azumarill|32\/100\n|\n|-sideend|p2: Kaitsune0|move: Tailwind\n|upkeep\n|\n|t:|1681935971\n|switch|p1b: Chien-Pao|Chien-Pao, L50|100\/100\n|-ability|p1b: Chien-Pao|Sword of Ruin\n|turn|5\n|\n|t:|1681935994\n|move|p1b: Chien-Pao|Protect|p1b: Chien-Pao\n|-singleturn|p1b: Chien-Pao|Protect\n|move|p2b: Chien-Pao|Sucker Punch||[still]\n|-fail|p2b: Chien-Pao\n|move|p2a: Azumarill|Aqua Jet|p1b: Chien-Pao\n|-activate|p1b: Chien-Pao|move: Protect\n|move|p1a: Kingambit|Kowtow Cleave|p2b: Chien-Pao\n|-crit|p2b: Chien-Pao\n|-damage|p2b: Chien-Pao|0 fnt\n|faint|p2b: Chien-Pao\n|\n|upkeep\n|turn|6\n|-message|Kaitsune0 forfeited.\n|\n|win|Philzkidd\n|raw|Philzkidd's rating: 1121 → 1152<\/strong> (+31 for winning)\n|raw|Kaitsune0's rating: 1202 → 1171<\/strong> (-31 for losing)\n|l|\u2606Kaitsune0\n|c|\u2606Philzkidd|gg\n","uploadtime":1681936019,"views":8,"p1id":"philzkidd","p2id":"kaitsune0","formatid":"gen9vgc2023regulationc","rating":1152,"private":0,"password":""}