{"id":"gen9vgc2023regulationc-1852116550","p1":"MIGUELIVGC","p2":"pupulovessixsheep","format":"[Gen 9] VGC 2023 Regulation C","log":"|j|\u2606MIGUELIVGC\n|j|\u2606pupulovessixsheep\n|t:|1682525473\n|gametype|doubles\n|player|p1|MIGUELIVGC|dragontamer|1349\n|player|p2|pupulovessixsheep|169|1271\n|teamsize|p1|6\n|teamsize|p2|6\n|gen|9\n|tier|[Gen 9] VGC 2023 Regulation C\n|rated|\n|rule|Species Clause: Limit one of each Pok\u00e9mon\n|rule|Item Clause: Limit one of each item\n|clearpoke\n|poke|p1|Ting-Lu, L50|\n|poke|p1|Mimikyu, L50, M|\n|poke|p1|Amoonguss, L50, F|\n|poke|p1|Baxcalibur, L50, M|\n|poke|p1|Gyarados, L50, M|\n|poke|p1|Kingambit, L50, M|\n|poke|p2|Talonflame, L50, M|\n|poke|p2|Chi-Yu, L50|\n|poke|p2|Flutter Mane, L50|\n|poke|p2|Amoonguss, L50, F|\n|poke|p2|Tyranitar, L50, F|\n|poke|p2|Houndstone, L50, M|\n|teampreview|4\n|inactive|Battle timer is ON: inactive players will automatically lose when time's up. (requested by pupulovessixsheep)\nMIGUELIVGC has agreed to open team sheets.\npupulovessixsheep rejected open team sheets.\n|inactive|MIGUELIVGC has 60 seconds left.\n|\n|t:|1682525518\n|start\n|switch|p1a: Gyarados|Gyarados, L50, M|100\/100\n|switch|p1b: Ting-Lu|Ting-Lu, L50|100\/100\n|switch|p2a: Chi-Yu|Chi-Yu, L50|100\/100\n|switch|p2b: Flutter Mane|Flutter Mane, L50|100\/100\n|-ability|p2a: Chi-Yu|Beads of Ruin\n|-ability|p1a: Gyarados|Intimidate|boost\n|-unboost|p2a: Chi-Yu|atk|1\n|-unboost|p2b: Flutter Mane|atk|1\n|-ability|p1b: Ting-Lu|Vessel of Ruin\n|-enditem|p2b: Flutter Mane|Booster Energy\n|-activate|p2b: Flutter Mane|ability: Protosynthesis|[fromitem]\n|-start|p2b: Flutter Mane|protosynthesisspa\n|turn|1\n|inactive|pupulovessixsheep has 30 seconds left.\n|inactive|pupulovessixsheep has 20 seconds left.\n|\n|t:|1682525557\n|-terastallize|p2b: Flutter Mane|Fairy\n|move|p1a: Gyarados|Protect|p1a: Gyarados\n|-singleturn|p1a: Gyarados|Protect\n|move|p2a: Chi-Yu|Overheat|p1b: Ting-Lu\n|-damage|p1b: Ting-Lu|66\/100\n|-unboost|p2a: Chi-Yu|spa|2\n|move|p2b: Flutter Mane|Dazzling Gleam|p1b: Ting-Lu|[spread] p1b\n|-activate|p1a: Gyarados|move: Protect\n|-supereffective|p1b: Ting-Lu\n|-damage|p1b: Ting-Lu|6\/100\n|move|p1b: Ting-Lu|Heavy Slam|p2b: Flutter Mane\n|-supereffective|p2b: Flutter Mane\n|-damage|p2b: Flutter Mane|0 fnt\n|faint|p2b: Flutter Mane\n|-end|p2b: Flutter Mane|Protosynthesis|[silent]\n|\n|upkeep\n|\n|t:|1682525575\n|switch|p2b: \u5c0f\u767d|Houndstone, L50, M, shiny|100\/100\n|turn|2\n|\n|t:|1682525591\n|move|p2a: Chi-Yu|Overheat|p1b: Ting-Lu\n|-damage|p1b: Ting-Lu|0 fnt\n|-unboost|p2a: Chi-Yu|spa|2\n|faint|p1b: Ting-Lu\n|move|p1a: Gyarados|Dragon Dance|p1a: Gyarados\n|-boost|p1a: Gyarados|atk|1\n|-boost|p1a: Gyarados|spe|1\n|move|p2b: \u5c0f\u767d|Will-O-Wisp|p1a: Gyarados\n|-status|p1a: Gyarados|brn\n|-enditem|p1a: Gyarados|Lum Berry|[eat]\n|-curestatus|p1a: Gyarados|brn|[msg]\n|\n|upkeep\n|\n|t:|1682525605\n|switch|p1b: Kingambit|Kingambit, L50, M|100\/100\n|turn|3\n|\n|t:|1682525613\n|move|p2a: Chi-Yu|Overheat|p1b: Kingambit\n|-supereffective|p1b: Kingambit\n|-crit|p1b: Kingambit\n|-damage|p1b: Kingambit|0 fnt\n|-unboost|p2a: Chi-Yu|spa|2\n|faint|p1b: Kingambit\n|move|p1a: Gyarados|Waterfall|p2a: Chi-Yu\n|-supereffective|p2a: Chi-Yu\n|-damage|p2a: Chi-Yu|0 fnt\n|faint|p2a: Chi-Yu\n|move|p2b: \u5c0f\u767d|Will-O-Wisp|p1a: Gyarados\n|-status|p1a: Gyarados|brn\n|\n|-damage|p1a: Gyarados|95\/100 brn|[from] brn\n|upkeep\n|\n|t:|1682525627\n|switch|p2a: Tyranitar|Tyranitar, L50, F, shiny|100\/100\n|switch|p1b: Baxcalibur|Baxcalibur, L50, M|100\/100\n|-weather|Sandstorm|[from] ability: Sand Stream|[of] p2a: Tyranitar\n|turn|4\n|\n|t:|1682525642\n|-terastallize|p1b: Baxcalibur|Poison\n|move|p2a: Tyranitar|Protect|p2a: Tyranitar\n|-singleturn|p2a: Tyranitar|Protect\n|move|p2b: \u5c0f\u767d|Last Respects|p1a: Gyarados\n|-damage|p1a: Gyarados|0 fnt\n|faint|p1a: Gyarados\n|move|p1b: Baxcalibur|Glaive Rush|p2a: Tyranitar\n|-activate|p2a: Tyranitar|move: Protect\n|\n|-weather|Sandstorm|[upkeep]\n|-damage|p1b: Baxcalibur|95\/100|[from] Sandstorm\n|upkeep\n|turn|5\n|-message|MIGUELIVGC forfeited.\n|\n|win|pupulovessixsheep\n|raw|MIGUELIVGC's rating: 1349 → 1325<\/strong> (-24 for losing)\n|raw|pupulovessixsheep's rating: 1271 → 1302<\/strong> (+31 for winning)\n|l|\u2606MIGUELIVGC\n","uploadtime":1682525664,"views":10,"p1id":"miguelivgc","p2id":"pupulovessixsheep","formatid":"gen9vgc2023regulationc","rating":1302,"private":0,"password":""}