{"id":"gen9vgc2023regulationc-1849689160","p1":"wolfhoundsix","p2":"PontiffLachlan","format":"[Gen 9] VGC 2023 Regulation C","log":"|j|\u2606wolfhoundsix\n|j|\u2606PontiffLachlan\n|t:|1682232815\n|gametype|doubles\n|player|p1|wolfhoundsix|265|1113\n|player|p2|PontiffLachlan|102|1020\n|teamsize|p1|6\n|teamsize|p2|6\n|gen|9\n|tier|[Gen 9] VGC 2023 Regulation C\n|rated|\n|rule|Species Clause: Limit one of each Pok\u00e9mon\n|rule|Item Clause: Limit one of each item\n|clearpoke\n|poke|p1|Gholdengo, L50|\n|poke|p1|Arcanine, L50, F|\n|poke|p1|Ting-Lu, L50|\n|poke|p1|Flutter Mane, L50|\n|poke|p1|Meowscarada, L50, M|\n|poke|p1|Iron Bundle, L50|\n|poke|p2|Krookodile, L50, F|\n|poke|p2|Dragonite, L50, F|\n|poke|p2|Tyranitar, L50, M|\n|poke|p2|Flutter Mane, L50|\n|poke|p2|Gholdengo, L50|\n|poke|p2|Meowscarada, L50, F|\n|teampreview|4\n|inactive|Battle timer is ON: inactive players will automatically lose when time's up. (requested by wolfhoundsix)\n|inactive|wolfhoundsix has 60 seconds left.\n|inactive|wolfhoundsix has 30 seconds left.\n|\n|t:|1682232880\n|start\n|switch|p1a: Ting-Lu|Ting-Lu, L50|100\/100\n|switch|p1b: Meowscarada|Meowscarada, L50, M|100\/100\n|switch|p2a: Krookodile|Krookodile, L50, F|100\/100\n|switch|p2b: Meowscarada|Meowscarada, L50, F|100\/100\n|-ability|p1a: Ting-Lu|Vessel of Ruin\n|turn|1\n|inactive|PontiffLachlan has 30 seconds left.\n|\n|t:|1682232911\n|-terastallize|p2a: Krookodile|Steel\n|move|p2b: Meowscarada|Flower Trick|p2a: Krookodile\n|-start|p2b: Meowscarada|typechange|Grass|[from] ability: Protean\n|-resisted|p2a: Krookodile\n|-crit|p2a: Krookodile\n|-damage|p2a: Krookodile|74\/100\n|-setboost|p2a: Krookodile|atk|6|[from] ability: Anger Point\n|move|p1b: Meowscarada|Flower Trick|p2a: Krookodile\n|-resisted|p2a: Krookodile\n|-crit|p2a: Krookodile\n|-damage|p2a: Krookodile|46\/100\n|move|p2a: Krookodile|Earthquake|p1a: Ting-Lu|[spread] p2b,p1a,p1b\n|-resisted|p2b: Meowscarada\n|-resisted|p1b: Meowscarada\n|-damage|p2b: Meowscarada|0 fnt\n|-damage|p1a: Ting-Lu|9\/100\n|-enditem|p1b: Meowscarada|Focus Sash\n|-damage|p1b: Meowscarada|1\/100\n|faint|p2b: Meowscarada\n|move|p1a: Ting-Lu|Ruination|p2a: Krookodile\n|-damage|p2a: Krookodile|23\/100\n|-enditem|p2a: Krookodile|Salac Berry|[eat]\n|-boost|p2a: Krookodile|spe|1|[from] item: Salac Berry\n|\n|upkeep\n|\n|t:|1682232936\n|switch|p2b: Tyranitar|Tyranitar, L50, M|100\/100\n|-weather|Sandstorm|[from] ability: Sand Stream|[of] p2b: Tyranitar\n|turn|2\n|\n|t:|1682232949\n|switch|p2b: Flutter Mane|Flutter Mane, L50|100\/100\n|-enditem|p2b: Flutter Mane|Booster Energy\n|-activate|p2b: Flutter Mane|ability: Protosynthesis|[fromitem]\n|-start|p2b: Flutter Mane|protosynthesisspe\n|move|p2a: Krookodile|Protect|p2a: Krookodile\n|-singleturn|p2a: Krookodile|Protect\n|move|p1b: Meowscarada|Sucker Punch||[still]\n|-fail|p1b: Meowscarada\n|move|p1a: Ting-Lu|Earthquake|p2b: Flutter Mane|[spread] p1b,p2b\n|-activate|p2a: Krookodile|move: Protect\n|-resisted|p1b: Meowscarada\n|-damage|p1b: Meowscarada|0 fnt\n|-damage|p2b: Flutter Mane|10\/100\n|faint|p1b: Meowscarada\n|\n|-weather|Sandstorm|[upkeep]\n|-damage|p2b: Flutter Mane|4\/100|[from] Sandstorm\n|upkeep\n|inactive|wolfhoundsix has 30 seconds left.\n|\n|t:|1682232978\n|switch|p1b: Gholdengo|Gholdengo, L50|100\/100\n|turn|3\n|\n|t:|1682232998\n|move|p2b: Flutter Mane|Shadow Ball|p1b: Gholdengo\n|-supereffective|p1b: Gholdengo\n|-damage|p1b: Gholdengo|19\/100\n|move|p2a: Krookodile|Earthquake|p1a: Ting-Lu|[spread] p2b,p1a,p1b\n|-supereffective|p1b: Gholdengo\n|-damage|p2b: Flutter Mane|0 fnt\n|-damage|p1a: Ting-Lu|0 fnt\n|-damage|p1b: Gholdengo|0 fnt\n|faint|p2b: Flutter Mane\n|-end|p2b: Flutter Mane|Protosynthesis|[silent]\n|faint|p1a: Ting-Lu\n|faint|p1b: Gholdengo\n|\n|-weather|Sandstorm|[upkeep]\n|upkeep\n|\n|t:|1682233011\n|switch|p2b: Tyranitar|Tyranitar, L50, M|100\/100\n|switch|p1a: Flutter Mane|Flutter Mane, L50|100\/100\n|-enditem|p1a: Flutter Mane|Booster Energy\n|-activate|p1a: Flutter Mane|ability: Protosynthesis|[fromitem]\n|-start|p1a: Flutter Mane|protosynthesisspe\n|turn|4\n|inactive|PontiffLachlan has 30 seconds left.\n|\n|t:|1682233039\n|move|p2a: Krookodile|Protect|p2a: Krookodile\n|-singleturn|p2a: Krookodile|Protect\n|move|p1a: Flutter Mane|Shadow Ball|p2a: Krookodile\n|-activate|p2a: Krookodile|move: Protect\n|move|p2b: Tyranitar|Thunder Wave|p1a: Flutter Mane\n|-status|p1a: Flutter Mane|par\n|\n|-weather|Sandstorm|[upkeep]\n|-damage|p1a: Flutter Mane|94\/100 par|[from] Sandstorm\n|upkeep\n|turn|5\n|\n|t:|1682233063\n|move|p2a: Krookodile|Crunch|p1a: Flutter Mane\n|-damage|p1a: Flutter Mane|0 fnt\n|faint|p1a: Flutter Mane\n|-end|p1a: Flutter Mane|Protosynthesis|[silent]\n|\n|win|PontiffLachlan\n|raw|wolfhoundsix's rating: 1113 → 1081<\/strong> (-32 for losing)\n|raw|PontiffLachlan's rating: 1020 → 1067<\/strong> (+47 for winning)\n|l|\u2606wolfhoundsix\n","uploadtime":1682233072,"views":22,"p1id":"wolfhoundsix","p2id":"pontifflachlan","formatid":"gen9vgc2023regulationc","rating":1067,"private":0,"password":""}