{"id":"gen9vgc2023regulationc-1846528158","p1":"Jaytodd13","p2":"Juliogu10","format":"[Gen 9] VGC 2023 Regulation C","log":"|j|\u2606Jaytodd13\n|j|\u2606Juliogu10\n|t:|1681848627\n|gametype|doubles\n|player|p1|Jaytodd13|blue|1402\n|player|p2|Juliogu10|101|1435\n|teamsize|p1|6\n|teamsize|p2|6\n|gen|9\n|tier|[Gen 9] VGC 2023 Regulation C\n|rated|\n|rule|Species Clause: Limit one of each Pok\u00e9mon\n|rule|Item Clause: Limit one of each item\n|clearpoke\n|poke|p1|Pelipper, L50, F|\n|poke|p1|Ting-Lu, L50|\n|poke|p1|Glimmora, L50, F|\n|poke|p1|Chien-Pao, L50|\n|poke|p1|Dondozo, L50, M|\n|poke|p1|Tatsugiri-Droopy, L50, M|\n|poke|p2|Palafin, L50, M|\n|poke|p2|Amoonguss, L50, M|\n|poke|p2|Dragonite, L50, F|\n|poke|p2|Flutter Mane, L50|\n|poke|p2|Chien-Pao, L50|\n|poke|p2|Garganacl, L50, F|\n|teampreview|4\n|inactive|Battle timer is ON: inactive players will automatically lose when time's up. (requested by Juliogu10)\n|inactive|Juliogu10 has 60 seconds left.\n|\n|t:|1681848721\n|start\n|switch|p1a: Chien-Pao|Chien-Pao, L50|100\/100\n|switch|p1b: Dondozo|Dondozo, L50, M|100\/100\n|switch|p2a: Garganacl|Garganacl, L50, F|100\/100\n|switch|p2b: Palafin|Palafin, L50, M|100\/100\n|-ability|p1a: Chien-Pao|Sword of Ruin\n|turn|1\n|inactive|Juliogu10 has 30 seconds left.\n|\n|t:|1681848748\n|detailschange|p2b: Palafin|Palafin-Hero, L50, M\n|switch|p2b: Amoonguss|Amoonguss, L50, M|100\/100\n|-terastallize|p2a: Garganacl|Ghost\n|move|p1a: Chien-Pao|Ice Spinner|p2b: Amoonguss\n|-supereffective|p2b: Amoonguss\n|-damage|p2b: Amoonguss|0 fnt\n|faint|p2b: Amoonguss\n|-damage|p1a: Chien-Pao|91\/100|[from] item: Life Orb\n|move|p1b: Dondozo|Body Press|p2a: Garganacl\n|-immune|p2a: Garganacl\n|move|p2a: Garganacl|Salt Cure|p1b: Dondozo\n|-damage|p1b: Dondozo|91\/100\n|-start|p1b: Dondozo|Salt Cure\n|\n|-damage|p1b: Dondozo|66\/100|[from] Salt Cure\n|upkeep\n|\n|t:|1681848768\n|switch|p2b: Palafin|Palafin-Hero, L50, M|100\/100\n|-activate|p2b: Palafin|ability: Zero to Hero\n|turn|2\n|\n|t:|1681848792\n|switch|p1b: Glimmora|Glimmora, L50, F|100\/100\n|move|p2b: Palafin|Protect|p2b: Palafin\n|-singleturn|p2b: Palafin|Protect\n|move|p1a: Chien-Pao|Throat Chop|p2a: Garganacl\n|-supereffective|p2a: Garganacl\n|-damage|p2a: Garganacl|20\/100\n|-start|p2a: Garganacl|Throat Chop|[silent]\n|-damage|p1a: Chien-Pao|81\/100|[from] item: Life Orb\n|move|p2a: Garganacl|Salt Cure|p1a: Chien-Pao\n|-supereffective|p1a: Chien-Pao\n|-damage|p1a: Chien-Pao|42\/100\n|-start|p1a: Chien-Pao|Salt Cure\n|\n|-heal|p2a: Garganacl|26\/100|[from] item: Leftovers\n|-damage|p1a: Chien-Pao|30\/100|[from] Salt Cure\n|upkeep\n|turn|3\n|inactive|Jaytodd13 has 30 seconds left.\n|inactive|Juliogu10 has 30 seconds left.\n|\n|t:|1681848821\n|switch|p1a: Dondozo|Dondozo, L50, M|66\/100\n|-terastallize|p1b: Glimmora|Grass\n|move|p2b: Palafin|Jet Punch|p1a: Dondozo\n|-resisted|p1a: Dondozo\n|-damage|p1a: Dondozo|55\/100\n|move|p1b: Glimmora|Energy Ball|p2b: Palafin\n|-supereffective|p2b: Palafin\n|-damage|p2b: Palafin|2\/100\n|move|p2a: Garganacl|Recover|p2a: Garganacl\n|-heal|p2a: Garganacl|76\/100\n|\n|-heal|p2a: Garganacl|82\/100|[from] item: Leftovers\n|-end|p2a: Garganacl|Throat Chop|[silent]\n|upkeep\n|turn|4\n|inactive|Jaytodd13 has 30 seconds left.\n|inactive|Jaytodd13 has 20 seconds left.\n|inactive|Jaytodd13 has 15 seconds left.\n|inactive|Jaytodd13 has 10 seconds left.\n|\n|t:|1681848871\n|move|p2b: Palafin|Protect|p2b: Palafin\n|-singleturn|p2b: Palafin|Protect\n|move|p1b: Glimmora|Energy Ball|p2a: Garganacl\n|-damage|p2a: Garganacl|48\/100\n|-unboost|p2a: Garganacl|spd|1\n|move|p1a: Dondozo|Heavy Slam|p2b: Palafin\n|-activate|p2b: Palafin|move: Protect\n|move|p2a: Garganacl|Salt Cure|p1a: Dondozo\n|-damage|p1a: Dondozo|48\/100\n|-start|p1a: Dondozo|Salt Cure\n|\n|-heal|p2a: Garganacl|54\/100|[from] item: Leftovers\n|-damage|p1a: Dondozo|23\/100|[from] Salt Cure\n|upkeep\n|turn|5\n|inactive|Jaytodd13 has 30 seconds left.\n|inactive|Juliogu10 has 30 seconds left.\n|inactive|Juliogu10 has 20 seconds left.\n|inactive|Juliogu10 has 15 seconds left.\n|\n|t:|1681848914\n|move|p2b: Palafin|Jet Punch|p1a: Dondozo\n|-resisted|p1a: Dondozo\n|-damage|p1a: Dondozo|12\/100\n|move|p1b: Glimmora|Power Gem|p2b: Palafin\n|-damage|p2b: Palafin|0 fnt\n|faint|p2b: Palafin\n|move|p1a: Dondozo|Heavy Slam|p2a: Garganacl\n|-damage|p2a: Garganacl|48\/100\n|move|p2a: Garganacl|Recover|p2a: Garganacl\n|-heal|p2a: Garganacl|98\/100\n|\n|-heal|p2a: Garganacl|100\/100|[from] item: Leftovers\n|-damage|p1a: Dondozo|0 fnt|[from] Salt Cure\n|faint|p1a: Dondozo\n|upkeep\n|\n|t:|1681848932\n|switch|p2b: Dragonite|Dragonite, L50, F|100\/100\n|switch|p1a: Pelipper|Pelipper, L50, F|100\/100\n|-weather|RainDance|[from] ability: Drizzle|[of] p1a: Pelipper\n|turn|6\n|\n|t:|1681848955\n|move|p2b: Dragonite|Extreme Speed|p1a: Pelipper\n|-damage|p1a: Pelipper|50\/100\n|-enditem|p1a: Pelipper|Sitrus Berry|[eat]\n|-heal|p1a: Pelipper|75\/100|[from] item: Sitrus Berry\n|move|p1b: Glimmora|Energy Ball|p2a: Garganacl\n|-damage|p2a: Garganacl|46\/100\n|move|p1a: Pelipper|Chilling Water|p2a: Garganacl\n|-damage|p2a: Garganacl|15\/100\n|-unboost|p2a: Garganacl|atk|1\n|move|p2a: Garganacl|Salt Cure|p1a: Pelipper\n|-supereffective|p1a: Pelipper\n|-damage|p1a: Pelipper|53\/100\n|-start|p1a: Pelipper|Salt Cure\n|\n|-weather|RainDance|[upkeep]\n|-heal|p2a: Garganacl|21\/100|[from] item: Leftovers\n|-damage|p1a: Pelipper|29\/100|[from] Salt Cure\n|upkeep\n|turn|7\n|inactive|Juliogu10 has 30 seconds left.\n|inactive|Juliogu10 has 20 seconds left.\n|\n|t:|1681848991\n|move|p1a: Pelipper|Protect|p1a: Pelipper\n|-singleturn|p1a: Pelipper|Protect\n|move|p2a: Garganacl|Protect|p2a: Garganacl\n|-singleturn|p2a: Garganacl|Protect\n|move|p2b: Dragonite|Extreme Speed|p1b: Glimmora\n|-damage|p1b: Glimmora|44\/100\n|-activate|p1b: Glimmora|ability: Toxic Debris\n|-sidestart|p2: Juliogu10|move: Toxic Spikes\n|move|p1b: Glimmora|Energy Ball|p2a: Garganacl\n|-activate|p2a: Garganacl|move: Protect\n|\n|-weather|RainDance|[upkeep]\n|-heal|p2a: Garganacl|27\/100|[from] item: Leftovers\n|-damage|p1a: Pelipper|4\/100|[from] Salt Cure\n|upkeep\n|turn|8\n|inactive|Juliogu10 has 30 seconds left.\n|inactive|Juliogu10 has 20 seconds left.\n|\n|t:|1681849027\n|move|p2b: Dragonite|Extreme Speed|p1a: Pelipper\n|-damage|p1a: Pelipper|0 fnt\n|faint|p1a: Pelipper\n|move|p1b: Glimmora|Energy Ball|p2a: Garganacl\n|-damage|p2a: Garganacl|0 fnt\n|faint|p2a: Garganacl\n|\n|-weather|RainDance|[upkeep]\n|upkeep\n|\n|t:|1681849030\n|switch|p1a: Chien-Pao|Chien-Pao, L50|30\/100\n|-ability|p1a: Chien-Pao|Sword of Ruin\n|turn|9\n|inactive|Juliogu10 has 30 seconds left.\n|inactive|Juliogu10 has 20 seconds left.\n|inactive|Juliogu10 has 15 seconds left.\n|inactive|Juliogu10 has 10 seconds left.\n|\n|t:|1681849079\n|move|p2b: Dragonite|Extreme Speed|p1a: Chien-Pao\n|-damage|p1a: Chien-Pao|0 fnt\n|faint|p1a: Chien-Pao\n|move|p1b: Glimmora|Power Gem|p2b: Dragonite\n|-supereffective|p2b: Dragonite\n|-damage|p2b: Dragonite|25\/100\n|\n|-weather|RainDance|[upkeep]\n|upkeep\n|turn|10\n|\n|t:|1681849090\n|move|p2b: Dragonite|Extreme Speed|p1b: Glimmora\n|-damage|p1b: Glimmora|0 fnt\n|-activate|p1b: Glimmora|ability: Toxic Debris\n|-sidestart|p2: Juliogu10|move: Toxic Spikes\n|faint|p1b: Glimmora\n|\n|win|Juliogu10\n|raw|Jaytodd13's rating: 1402 → 1384<\/strong> (-18 for losing)\n|raw|Juliogu10's rating: 1435 → 1453<\/strong> (+18 for winning)\n|c|\u2606Jaytodd13|gg wp\n|c|\u2606Juliogu10|gg\n","uploadtime":1681849106,"views":11,"p1id":"jaytodd13","p2id":"juliogu10","formatid":"gen9vgc2023regulationc","rating":1384,"private":0,"password":""}