{"id":"gen9vgc2023regulationc-1859552439","p1":"betelgeuse","p2":"Tomspki","format":"[Gen 9] VGC 2023 Regulation C","log":"|j|\u2606betelgeuse\n|j|\u2606Tomspki\n|t:|1683540628\n|gametype|doubles\n|player|p1|betelgeuse|janitor|1100\n|player|p2|Tomspki|clerk|1053\n|teamsize|p1|6\n|teamsize|p2|6\n|gen|9\n|tier|[Gen 9] VGC 2023 Regulation C\n|rated|\n|rule|Species Clause: Limit one of each Pok\u00e9mon\n|rule|Item Clause: Limit one of each item\n|clearpoke\n|poke|p1|Vaporeon, L50, M|\n|poke|p1|Jolteon, L50, M|\n|poke|p1|Sylveon, L50, F|\n|poke|p1|Umbreon, L50, M|\n|poke|p1|Espeon, L50, M|\n|poke|p1|Leafeon, L50, M|\n|poke|p2|Armarouge, L50, M|\n|poke|p2|Hatterene, L50, F|\n|poke|p2|Cloyster, L50, M|\n|poke|p2|Zoroark, L50, M|\n|poke|p2|Salamence, L50, F|\n|poke|p2|Dachsbun, L50, M|\n|teampreview|4\n|inactive|Battle timer is ON: inactive players will automatically lose when time's up. (requested by Tomspki)\n|\n|t:|1683540659\n|start\n|switch|p1a: Umbreon|Umbreon, L50, M|100\/100\n|switch|p1b: Sylveon|Sylveon, L50, F|100\/100\n|switch|p2a: Armarouge|Armarouge, L50, M, shiny|100\/100\n|switch|p2b: Dachsbun|Dachsbun, L50, M, shiny|100\/100\n|turn|1\n|\n|t:|1683540676\n|-terastallize|p1b: Sylveon|Ground\n|move|p2a: Armarouge|Lava Plume|p1a: Umbreon|[spread] p1a,p1b\n|-ability|p2b: Dachsbun|Well-Baked Body|boost\n|-boost|p2b: Dachsbun|def|2\n|-damage|p1a: Umbreon|77\/100\n|-damage|p1b: Sylveon|75\/100\n|move|p2b: Dachsbun|Body Press|p1a: Umbreon\n|-supereffective|p1a: Umbreon\n|-damage|p1a: Umbreon|17\/100\n|-enditem|p1a: Umbreon|Sitrus Berry|[eat]\n|-heal|p1a: Umbreon|42\/100|[from] item: Sitrus Berry\n|move|p1b: Sylveon|Tera Blast|p2a: Armarouge\n|-supereffective|p2a: Armarouge\n|-enditem|p2a: Armarouge|Focus Sash\n|-damage|p2a: Armarouge|1\/100\n|move|p1a: Umbreon|Snarl|p2b: Dachsbun|[spread] p2a,p2b\n|-supereffective|p2a: Armarouge\n|-resisted|p2b: Dachsbun\n|-damage|p2a: Armarouge|0 fnt\n|-damage|p2b: Dachsbun|97\/100\n|-unboost|p2b: Dachsbun|spa|1\n|faint|p2a: Armarouge\n|\n|upkeep\n|\n|t:|1683540696\n|switch|p2a: Hatterene|Hatterene, L50, F, shiny|100\/100\n|turn|2\n|\n|t:|1683540711\n|switch|p1b: Vaporeon|Vaporeon, L50, M|100\/100\n|move|p2b: Dachsbun|Body Press|p1a: Umbreon\n|-supereffective|p1a: Umbreon\n|-damage|p1a: Umbreon|0 fnt\n|faint|p1a: Umbreon\n|move|p2a: Hatterene|Trick Room|p2a: Hatterene\n|-fieldstart|move: Trick Room|[of] p2a: Hatterene\n|\n|upkeep\n|\n|t:|1683540720\n|switch|p1a: Sylveon|Sylveon, L50, F, tera:Ground|75\/100\n|turn|3\n|\n|t:|1683540738\n|move|p2a: Hatterene|Dazzling Gleam|p1a: Sylveon|[spread] p1a,p1b\n|-damage|p1a: Sylveon|50\/100\n|-damage|p1b: Vaporeon|71\/100\n|move|p1b: Vaporeon|Muddy Water|p2b: Dachsbun|[spread] p2a,p2b\n|-damage|p2a: Hatterene|74\/100\n|-damage|p2b: Dachsbun|78\/100\n|-unboost|p2b: Dachsbun|accuracy|1\n|move|p1a: Sylveon|Hyper Voice|p2a: Hatterene|[spread] p2a,p2b\n|-damage|p2a: Hatterene|11\/100\n|-damage|p2b: Dachsbun|29\/100\n|-enditem|p2a: Hatterene|Aguav Berry|[eat]\n|-heal|p2a: Hatterene|44\/100|[from] item: Aguav Berry\n|move|p2b: Dachsbun|Body Press|p1b: Vaporeon\n|-damage|p1b: Vaporeon|29\/100\n|\n|-heal|p1b: Vaporeon|35\/100|[from] item: Leftovers\n|upkeep\n|turn|4\n|\n|t:|1683540759\n|move|p1b: Vaporeon|Protect|p1b: Vaporeon\n|-singleturn|p1b: Vaporeon|Protect\n|move|p2a: Hatterene|Heal Pulse|p2b: Dachsbun\n|-heal|p2b: Dachsbun|79\/100\n|move|p1a: Sylveon|Hyper Voice|p2a: Hatterene|[spread] p2a,p2b\n|-damage|p2a: Hatterene|0 fnt\n|-damage|p2b: Dachsbun|32\/100\n|faint|p2a: Hatterene\n|move|p2b: Dachsbun|Body Press|p1a: Sylveon\n|-damage|p1a: Sylveon|0 fnt\n|faint|p1a: Sylveon\n|\n|-heal|p1b: Vaporeon|41\/100|[from] item: Leftovers\n|upkeep\n|\n|t:|1683540772\n|switch|p2a: Cloyster|Cloyster, L50, M|100\/100\n|switch|p1a: Jolteon|Jolteon, L50, M|100\/100\n|turn|5\n|\n|t:|1683540784\n|move|p2a: Cloyster|Protect|p2a: Cloyster\n|-singleturn|p2a: Cloyster|Protect\n|move|p1a: Jolteon|Detect|p1a: Jolteon\n|-singleturn|p1a: Jolteon|Protect\n|move|p1b: Vaporeon|Yawn|p2a: Cloyster\n|-activate|p2a: Cloyster|move: Protect\n|move|p2b: Dachsbun|Body Press|p1a: Jolteon\n|-activate|p1a: Jolteon|move: Protect\n|\n|-heal|p1b: Vaporeon|47\/100|[from] item: Leftovers\n|upkeep\n|turn|6\n|inactive|betelgeuse has 30 seconds left.\n|\n|t:|1683540815\n|move|p1b: Vaporeon|Muddy Water|p2a: Cloyster|[spread] p2b\n|-miss|p1b: Vaporeon|p2a: Cloyster\n|-damage|p2b: Dachsbun|10\/100\n|-unboost|p2b: Dachsbun|accuracy|1\n|move|p2b: Dachsbun|Body Press|p1b: Vaporeon\n|-damage|p1b: Vaporeon|8\/100\n|move|p2a: Cloyster|Shell Smash|p2a: Cloyster\n|-unboost|p2a: Cloyster|def|1\n|-unboost|p2a: Cloyster|spd|1\n|-boost|p2a: Cloyster|atk|2\n|-boost|p2a: Cloyster|spa|2\n|-boost|p2a: Cloyster|spe|2\n|-enditem|p2a: Cloyster|White Herb\n|-clearnegativeboost|p2a: Cloyster|[silent]\n|move|p1a: Jolteon|Thunderbolt|p2a: Cloyster\n|-supereffective|p2a: Cloyster\n|-damage|p2a: Cloyster|0 fnt\n|faint|p2a: Cloyster\n|\n|-heal|p1b: Vaporeon|14\/100|[from] item: Leftovers\n|-fieldend|move: Trick Room\n|upkeep\n|turn|7\n|-message|Tomspki forfeited.\n|\n|win|betelgeuse\n|raw|betelgeuse's rating: 1100 → 1122<\/strong> (+22 for winning)\n|raw|Tomspki's rating: 1053 → 1037<\/strong> (-16 for losing)\n|l|\u2606Tomspki\n|l|\u2606betelgeuse\n|j|\u2606betelgeuse\n|player|p1|betelgeuse|janitor\n","uploadtime":1683540840,"views":11,"p1id":"betelgeuse","p2id":"tomspki","formatid":"gen9vgc2023regulationc","rating":1037,"private":0,"password":""}