{"id":"gen9vgc2023regulationc-1845064527","p1":"mashi9792","p2":"jaydon8463","format":"[Gen 9] VGC 2023 Regulation C","log":"|j|\u2606mashi9792\n|j|\u2606jaydon8463\n|t:|1681679481\n|gametype|doubles\n|player|p1|mashi9792|cynthia-gen4|1211\n|player|p2|jaydon8463|169|1280\n|teamsize|p1|6\n|teamsize|p2|6\n|gen|9\n|tier|[Gen 9] VGC 2023 Regulation C\n|rated|\n|rule|Species Clause: Limit one of each Pok\u00e9mon\n|rule|Item Clause: Limit one of each item\n|clearpoke\n|poke|p1|Arcanine, L50, F|\n|poke|p1|Palafin, L50, M|\n|poke|p1|Flutter Mane, L50|\n|poke|p1|Kingambit, L50, F|\n|poke|p1|Amoonguss, L50, M|\n|poke|p1|Hydreigon, L50, F|\n|poke|p2|Dragapult, L50, M|\n|poke|p2|Chien-Pao, L50|\n|poke|p2|Arcanine, L50, M|\n|poke|p2|Palafin, L50, F|\n|poke|p2|Ting-Lu, L50|\n|poke|p2|Garganacl, L50, M|\n|teampreview|4\njaydon8463 has agreed to open team sheets.\n|inactive|Battle timer is ON: inactive players will automatically lose when time's up. (requested by jaydon8463)\n|\n|t:|1681679532\n|start\n|switch|p1a: Arcanine|Arcanine, L50, F|100\/100\n|switch|p1b: Palafin|Palafin, L50, M|100\/100\n|switch|p2a: Dragapult|Dragapult, L50, M, shiny|100\/100\n|switch|p2b: Palafin|Palafin, L50, F|100\/100\n|-ability|p1a: Arcanine|Intimidate|boost\n|-fail|p2a: Dragapult|unboost|[from] ability: Clear Body|[of] p2a: Dragapult\n|-unboost|p2b: Palafin|atk|1\n|turn|1\n|inactive|mashi9792 has 30 seconds left.\n|inactive|jaydon8463 has 30 seconds left.\n|\n|t:|1681679565\n|detailschange|p1b: Palafin|Palafin-Hero, L50, M\n|switch|p1b: Kingambit|Kingambit, L50, F|100\/100\n|move|p2b: Palafin|Jet Punch|p1a: Arcanine\n|-supereffective|p1a: Arcanine\n|-damage|p1a: Arcanine|64\/100\n|move|p2a: Dragapult|Dragon Darts|p1a: Arcanine\n|-damage|p1a: Arcanine|18\/100\n|-anim|p2a: Dragapult|Dragon Darts|p1b: Kingambit\n|-resisted|p1b: Kingambit\n|-damage|p1b: Kingambit|85\/100\n|move|p1a: Arcanine|Will-O-Wisp|p2a: Dragapult\n|-status|p2a: Dragapult|brn\n|\n|-damage|p2a: Dragapult|94\/100 brn|[from] brn\n|upkeep\n|turn|2\n|inactive|mashi9792 has 30 seconds left.\n|\n|t:|1681679590\n|switch|p2a: Garganacl|Garganacl, L50, M|100\/100\n|switch|p1a: Palafin|Palafin-Hero, L50, M|100\/100\n|-activate|p1a: Palafin|ability: Zero to Hero\n|move|p2b: Palafin|Jet Punch|p1a: Palafin\n|-resisted|p1a: Palafin\n|-damage|p1a: Palafin|91\/100\n|move|p1b: Kingambit|Kowtow Cleave|p2a: Garganacl\n|-crit|p2a: Garganacl\n|-damage|p2a: Garganacl|44\/100\n|\n|-heal|p2a: Garganacl|50\/100|[from] item: Leftovers\n|upkeep\n|turn|3\n|inactive|mashi9792 has 30 seconds left.\n|\n|t:|1681679616\n|detailschange|p2b: Palafin|Palafin-Hero, L50, F\n|switch|p2b: Dragapult|Dragapult, L50, M, shiny|94\/100 brn\n|move|p2a: Garganacl|Protect|p2a: Garganacl\n|-singleturn|p2a: Garganacl|Protect\n|move|p1a: Palafin|Jet Punch|p2a: Garganacl\n|-activate|p2a: Garganacl|move: Protect\n|move|p1b: Kingambit|Kowtow Cleave|p2b: Dragapult\n|-supereffective|p2b: Dragapult\n|-damage|p2b: Dragapult|0 fnt\n|faint|p2b: Dragapult\n|\n|-heal|p2a: Garganacl|56\/100|[from] item: Leftovers\n|upkeep\n|\n|t:|1681679630\n|switch|p2b: Palafin|Palafin-Hero, L50, F|100\/100\n|-activate|p2b: Palafin|ability: Zero to Hero\n|turn|4\n|\n|t:|1681679650\n|-terastallize|p2a: Garganacl|Ghost\n|move|p2b: Palafin|Protect|p2b: Palafin\n|-singleturn|p2b: Palafin|Protect\n|move|p1a: Palafin|Protect|p1a: Palafin\n|-singleturn|p1a: Palafin|Protect\n|move|p1b: Kingambit|Kowtow Cleave|p2b: Palafin\n|-activate|p2b: Palafin|move: Protect\n|move|p2a: Garganacl|Salt Cure|p1b: Kingambit\n|-resisted|p1b: Kingambit\n|-damage|p1b: Kingambit|80\/100\n|-start|p1b: Kingambit|Salt Cure\n|\n|-heal|p2a: Garganacl|61\/100|[from] item: Leftovers\n|-damage|p1b: Kingambit|55\/100|[from] Salt Cure\n|upkeep\n|turn|5\n|inactive|mashi9792 has 30 seconds left.\n|inactive|jaydon8463 has 30 seconds left.\n|\n|t:|1681679683\n|switch|p1a: Arcanine|Arcanine, L50, F|18\/100\n|-ability|p1a: Arcanine|Intimidate|boost\n|-unboost|p2a: Garganacl|atk|1\n|-unboost|p2b: Palafin|atk|1\n|move|p2b: Palafin|Wave Crash|p1b: Kingambit\n|-damage|p1b: Kingambit|6\/100\n|-damage|p2b: Palafin|85\/100|[from] Recoil\n|move|p1b: Kingambit|Kowtow Cleave|p2a: Garganacl\n|-supereffective|p2a: Garganacl\n|-damage|p2a: Garganacl|0 fnt\n|faint|p2a: Garganacl\n|\n|-damage|p1b: Kingambit|0 fnt|[from] Salt Cure\n|faint|p1b: Kingambit\n|upkeep\n|\n|t:|1681679701\n|switch|p1b: Flutter Mane|Flutter Mane, L50|100\/100\n|switch|p2a: Chien-Pao|Chien-Pao, L50|100\/100\n|-ability|p2a: Chien-Pao|Sword of Ruin\n|turn|6\n|\n|t:|1681679719\n|move|p1a: Arcanine|Protect|p1a: Arcanine\n|-singleturn|p1a: Arcanine|Protect\n|move|p2a: Chien-Pao|Sucker Punch|p1b: Flutter Mane\n|-damage|p1b: Flutter Mane|6\/100\n|move|p2b: Palafin|Jet Punch|p1b: Flutter Mane\n|-damage|p1b: Flutter Mane|0 fnt\n|faint|p1b: Flutter Mane\n|-end|p1b: Flutter Mane|Protosynthesis|[silent]\n|\n|upkeep\n|\n|t:|1681679728\n|switch|p1b: Palafin|Palafin-Hero, L50, M|91\/100\n|turn|7\n|\n|t:|1681679751\n|-terastallize|p1b: Palafin|Water\n|move|p1a: Arcanine|Extreme Speed|p2a: Chien-Pao\n|-damage|p2a: Chien-Pao|73\/100\n|move|p2b: Palafin|Jet Punch|p1a: Arcanine\n|-supereffective|p1a: Arcanine\n|-damage|p1a: Arcanine|0 fnt\n|faint|p1a: Arcanine\n|move|p2a: Chien-Pao|Sacred Sword|p1b: Palafin\n|-damage|p1b: Palafin|58\/100\n|move|p1b: Palafin|Wave Crash|p2b: Palafin\n|-resisted|p2b: Palafin\n|-damage|p2b: Palafin|13\/100\n|-damage|p1b: Palafin|34\/100|[from] Recoil\n|\n|upkeep\n|turn|8\n|\n|t:|1681679776\n|move|p1b: Palafin|Jet Punch|p2b: Palafin\n|-resisted|p2b: Palafin\n|-damage|p2b: Palafin|0 fnt\n|faint|p2b: Palafin\n|move|p2a: Chien-Pao|Sacred Sword|p1b: Palafin\n|-damage|p1b: Palafin|0 fnt\n|faint|p1b: Palafin\n|\n|win|jaydon8463\n|raw|mashi9792's rating: 1211 → 1191<\/strong> (-20 for losing)\n|raw|jaydon8463's rating: 1280 → 1300<\/strong> (+20 for winning)\n|l|\u2606mashi9792\n","uploadtime":1681679788,"views":7,"p1id":"mashi9792","p2id":"jaydon8463","formatid":"gen9vgc2023regulationc","rating":1191,"private":0,"password":""}