{"id":"gen9vgc2023regulationc-1858579212","p1":"Hazuri","p2":"bambambi","format":"[Gen 9] VGC 2023 Regulation C","log":"|j|\u2606Hazuri\n|j|\u2606bambambi\n|t:|1683327814\n|gametype|doubles\n|player|p1|Hazuri|102|1089\n|player|p2|bambambi|wallace-gen6|1000\n|teamsize|p1|6\n|teamsize|p2|6\n|gen|9\n|tier|[Gen 9] VGC 2023 Regulation C\n|rated|\n|rule|Species Clause: Limit one of each Pok\u00e9mon\n|rule|Item Clause: Limit one of each item\n|clearpoke\n|poke|p1|Scizor, L50, F|\n|poke|p1|Flutter Mane, L50|\n|poke|p1|Gyarados, L50, M|\n|poke|p1|Brute Bonnet, L50|\n|poke|p1|Ting-Lu, L50|\n|poke|p1|Dragonite, L50, F|\n|poke|p2|Flutter Mane, L50|\n|poke|p2|Gothitelle, L50, F|\n|poke|p2|Scream Tail, L50|\n|poke|p2|Chi-Yu, L50|\n|poke|p2|Amoonguss, L50, F|\n|poke|p2|Palafin, L50, M|\n|teampreview|4\nbambambi has agreed to open team sheets.\n|inactive|Battle timer is ON: inactive players will automatically lose when time's up. (requested by bambambi)\n|\n|t:|1683327868\n|start\n|switch|p1a: Brute Bonnet|Brute Bonnet, L50|100\/100\n|switch|p1b: Flutter Mane|Flutter Mane, L50|100\/100\n|switch|p2a: SSJ3 Jiggly|Scream Tail, L50, shiny|100\/100\n|switch|p2b: Ironmouse|Gothitelle, L50, F, shiny|100\/100\n|-enditem|p2a: SSJ3 Jiggly|Booster Energy\n|-activate|p2a: SSJ3 Jiggly|ability: Protosynthesis|[fromitem]\n|-start|p2a: SSJ3 Jiggly|protosynthesisspe\n|-enditem|p1a: Brute Bonnet|Booster Energy\n|-activate|p1a: Brute Bonnet|ability: Protosynthesis|[fromitem]\n|-start|p1a: Brute Bonnet|protosynthesisatk\n|turn|1\n|inactive|Hazuri has 30 seconds left.\n|inactive|bambambi has 30 seconds left.\n|inactive|Hazuri has 20 seconds left.\n|\n|t:|1683327906\n|-terastallize|p2b: Ironmouse|Steel\n|move|p2b: Ironmouse|Fake Out|p1a: Brute Bonnet\n|-damage|p1a: Brute Bonnet|96\/100\n|move|p2a: SSJ3 Jiggly|Perish Song|p2a: SSJ3 Jiggly\n|-start|p1a: Brute Bonnet|perish3|[silent]\n|-start|p1b: Flutter Mane|perish3|[silent]\n|-start|p2a: SSJ3 Jiggly|perish3|[silent]\n|-start|p2b: Ironmouse|perish3|[silent]\n|-fieldactivate|move: Perish Song\n|move|p1b: Flutter Mane|Dazzling Gleam|p2b: Ironmouse|[spread] p2a,p2b\n|-resisted|p2b: Ironmouse\n|-damage|p2a: SSJ3 Jiggly|69\/100\n|-damage|p2b: Ironmouse|83\/100\n|cant|p1a: Brute Bonnet|flinch\n|\n|-start|p2a: SSJ3 Jiggly|perish3\n|-start|p1b: Flutter Mane|perish3\n|-start|p2b: Ironmouse|perish3\n|-start|p1a: Brute Bonnet|perish3\n|upkeep\n|turn|2\n|inactive|Hazuri has 30 seconds left.\n|inactive|Hazuri has 20 seconds left.\n|inactive|Hazuri has 15 seconds left.\n|\n|t:|1683327948\n|-end|p1b: Flutter Mane|Protosynthesis|[silent]\n|switch|p1b: Scizor|Scizor, L50, F|100\/100\n|move|p2a: SSJ3 Jiggly|Reflect|p2a: SSJ3 Jiggly\n|-sidestart|p2: bambambi|Reflect\n|move|p2b: Ironmouse|Light Screen|p2b: Ironmouse\n|-sidestart|p2: bambambi|move: Light Screen\n|move|p1a: Brute Bonnet|Spore|p2b: Ironmouse\n|-status|p2b: Ironmouse|slp|[from] move: Spore\n|\n|-start|p2a: SSJ3 Jiggly|perish2\n|-start|p2b: Ironmouse|perish2\n|-start|p1a: Brute Bonnet|perish2\n|upkeep\n|turn|3\n|inactive|Hazuri has 30 seconds left.\n|\n|t:|1683327981\n|-end|p2a: SSJ3 Jiggly|Protosynthesis|[silent]\n|switch|p2a: Chi-Chi|Chi-Yu, L50|100\/100\n|-ability|p2a: Chi-Chi|Beads of Ruin\n|cant|p2b: Ironmouse|slp\n|move|p1b: Scizor|Bullet Punch|p2a: Chi-Chi\n|-resisted|p2a: Chi-Chi\n|-damage|p2a: Chi-Chi|86\/100\n|move|p1a: Brute Bonnet|Seed Bomb|p2b: Ironmouse\n|-resisted|p2b: Ironmouse\n|-damage|p2b: Ironmouse|65\/100 slp\n|\n|-start|p2b: Ironmouse|perish1\n|-start|p1a: Brute Bonnet|perish1\n|upkeep\n|turn|4\n|inactive|Hazuri has 30 seconds left.\n|inactive|Hazuri has 20 seconds left.\n|\n|t:|1683328018\n|switch|p2b: Pearls|Flutter Mane, L50, shiny|100\/100\n|move|p1b: Scizor|Protect|p1b: Scizor\n|-singleturn|p1b: Scizor|Protect\n|move|p1a: Brute Bonnet|Rage Powder|p1a: Brute Bonnet\n|-singleturn|p1a: Brute Bonnet|move: Rage Powder\n|move|p2a: Chi-Chi|Nasty Plot|p2a: Chi-Chi\n|-boost|p2a: Chi-Chi|spa|2\n|\n|-start|p1a: Brute Bonnet|perish0\n|faint|p1a: Brute Bonnet\n|-end|p1a: Brute Bonnet|Protosynthesis|[silent]\n|upkeep\n|\n|t:|1683328031\n|switch|p1a: Flutter Mane|Flutter Mane, L50|100\/100\n|turn|5\n|inactive|Hazuri has 30 seconds left.\n|inactive|bambambi has 30 seconds left.\n|inactive|Hazuri has 20 seconds left.\n|\n|t:|1683328068\n|-terastallize|p1b: Scizor|Water\n|move|p2b: Pearls|Perish Song|p2b: Pearls\n|-start|p1a: Flutter Mane|perish3|[silent]\n|-start|p1b: Scizor|perish3|[silent]\n|-start|p2a: Chi-Chi|perish3|[silent]\n|-start|p2b: Pearls|perish3|[silent]\n|-fieldactivate|move: Perish Song\n|move|p1a: Flutter Mane|Thunderbolt|p2b: Pearls\n|-damage|p2b: Pearls|60\/100\n|move|p2a: Chi-Chi|Flamethrower|p1a: Flutter Mane\n|-damage|p1a: Flutter Mane|0 fnt\n|faint|p1a: Flutter Mane\n|-end|p1a: Flutter Mane|Protosynthesis|[silent]\n|move|p1b: Scizor|Tera Blast|p2a: Chi-Chi\n|-supereffective|p2a: Chi-Chi\n|-damage|p2a: Chi-Chi|2\/100\n|\n|-start|p2b: Pearls|perish3\n|-start|p2a: Chi-Chi|perish3\n|-start|p1b: Scizor|perish3\n|upkeep\n|\n|t:|1683328084\n|switch|p1a: Dragonite|Dragonite, L50, F|100\/100\n|turn|6\n|\n|t:|1683328103\n|switch|p2a: Ironmouse|Gothitelle, L50, F, shiny, tera:Steel|65\/100 slp\n|move|p2b: Pearls|Protect|p2b: Pearls\n|-singleturn|p2b: Pearls|Protect\n|move|p1b: Scizor|Bullet Punch|p2a: Ironmouse\n|-resisted|p2a: Ironmouse\n|-damage|p2a: Ironmouse|54\/100 slp\n|move|p1a: Dragonite|Tailwind|p1a: Dragonite\n|-sidestart|p1: Hazuri|move: Tailwind\n|\n|-start|p1b: Scizor|perish2\n|-start|p2b: Pearls|perish2\n|-sideend|p2: bambambi|Reflect\n|-sideend|p2: bambambi|move: Light Screen\n|upkeep\n|turn|7\n|inactive|Hazuri has 30 seconds left.\n|inactive|Hazuri has 20 seconds left.\n|\n|t:|1683328139\n|-curestatus|p2a: Ironmouse|slp|[msg]\n|move|p2a: Ironmouse|Fake Out|p1b: Scizor\n|-damage|p1b: Scizor|94\/100\n|cant|p1b: Scizor|flinch\n|move|p1a: Dragonite|Ice Spinner|p2b: Pearls\n|-damage|p2b: Pearls|0 fnt\n|faint|p2b: Pearls\n|-end|p2b: Pearls|Protosynthesis|[silent]\n|\n|-start|p1b: Scizor|perish1\n|upkeep\n|\n|t:|1683328152\n|switch|p2b: Chi-Chi|Chi-Yu, L50|2\/100\n|-ability|p2b: Chi-Chi|Beads of Ruin\n|turn|8\n|inactive|Hazuri has 30 seconds left.\n|inactive|Hazuri has 20 seconds left.\n|\n|t:|1683328191\n|switch|p2a: SSJ3 Jiggly|Scream Tail, L50, shiny|69\/100\n|move|p2b: Chi-Chi|Protect|p2b: Chi-Chi\n|-singleturn|p2b: Chi-Chi|Protect\n|move|p1b: Scizor|Bullet Punch|p2b: Chi-Chi\n|-activate|p2b: Chi-Chi|move: Protect\n|move|p1a: Dragonite|Ice Spinner|p2a: SSJ3 Jiggly\n|-damage|p2a: SSJ3 Jiggly|49\/100\n|\n|-start|p1b: Scizor|perish0\n|faint|p1b: Scizor\n|upkeep\n|turn|9\n|\n|t:|1683328205\n|switch|p2b: Ironmouse|Gothitelle, L50, F, shiny, tera:Steel|54\/100\n|move|p1a: Dragonite|Extreme Speed|p2b: Ironmouse\n|-resisted|p2b: Ironmouse\n|-damage|p2b: Ironmouse|41\/100\n|-enditem|p2b: Ironmouse|Sitrus Berry|[eat]\n|-heal|p2b: Ironmouse|66\/100|[from] item: Sitrus Berry\n|move|p2a: SSJ3 Jiggly|Reflect|p2a: SSJ3 Jiggly\n|-sidestart|p2: bambambi|Reflect\n|\n|-sideend|p1: Hazuri|move: Tailwind\n|upkeep\n|turn|10\n|\n|t:|1683328219\n|move|p2b: Ironmouse|Fake Out|p1a: Dragonite\n|-crit|p1a: Dragonite\n|-damage|p1a: Dragonite|96\/100\n|cant|p1a: Dragonite|flinch\n|move|p2a: SSJ3 Jiggly|Perish Song|p2a: SSJ3 Jiggly\n|-start|p1a: Dragonite|perish3|[silent]\n|-start|p2a: SSJ3 Jiggly|perish3|[silent]\n|-start|p2b: Ironmouse|perish3|[silent]\n|-fieldactivate|move: Perish Song\n|\n|-start|p2a: SSJ3 Jiggly|perish3\n|-start|p1a: Dragonite|perish3\n|-start|p2b: Ironmouse|perish3\n|upkeep\n|turn|11\n|\n|t:|1683328229\n|move|p2a: SSJ3 Jiggly|Protect|p2a: SSJ3 Jiggly\n|-singleturn|p2a: SSJ3 Jiggly|Protect\n|move|p2b: Ironmouse|Protect|p2b: Ironmouse\n|-singleturn|p2b: Ironmouse|Protect\n|move|p1a: Dragonite|Extreme Speed|p2a: SSJ3 Jiggly\n|-activate|p2a: SSJ3 Jiggly|move: Protect\n|\n|-start|p2a: SSJ3 Jiggly|perish2\n|-start|p1a: Dragonite|perish2\n|-start|p2b: Ironmouse|perish2\n|upkeep\n|turn|12\n|-message|Hazuri forfeited.\n|\n|win|bambambi\n|raw|Hazuri's rating: 1089 → 1060<\/strong> (-29 for losing)\n|raw|bambambi's rating: 1000 → 1050<\/strong> (+50 for winning)\n|l|\u2606Hazuri\n","uploadtime":1683328267,"views":9,"p1id":"hazuri","p2id":"bambambi","formatid":"gen9vgc2023regulationc","rating":1050,"private":0,"password":""}