{"id":"gen9vgc2023regulationc-1848016533","p1":"k0unt3r!","p2":"superbacon77","format":"[Gen 9] VGC 2023 Regulation C","log":"|j|\u2606k0unt3r!\n|j|\u2606superbacon77\n|t:|1682020987\n|gametype|doubles\n|player|p1|k0unt3r!|shadowtriad|\n|player|p2|superbacon77|brock|\n|teamsize|p1|6\n|teamsize|p2|6\n|gen|9\n|tier|[Gen 9] VGC 2023 Regulation C\n|rule|Species Clause: Limit one of each Pok\u00e9mon\n|rule|Item Clause: Limit one of each item\n|clearpoke\n|poke|p1|Amoonguss, L50, M|\n|poke|p1|Dragonite, L50, M|\n|poke|p1|Ting-Lu, L50|\n|poke|p1|Pelipper, L50, F|\n|poke|p1|Iron Hands, L50|\n|poke|p1|Gholdengo, L50|\n|poke|p2|Mimikyu, L50, M|\n|poke|p2|Garganacl, L50, F|\n|poke|p2|Great Tusk, L50|\n|poke|p2|Meowscarada, L50, F|\n|poke|p2|Glimmora, L50, F|\n|poke|p2|Palafin, L50, M|\n|teampreview|4\n|inactive|Battle timer is ON: inactive players will automatically lose when time's up. (requested by superbacon77)\n|inactive|superbacon77 has 60 seconds left.\n|\n|t:|1682021030\n|start\n|switch|p1a: Pelipper|Pelipper, L50, F|100\/100\n|switch|p1b: Iron Hands|Iron Hands, L50|100\/100\n|switch|p2a: Meowscarada|Meowscarada, L50, F|100\/100\n|switch|p2b: Palafin|Palafin, L50, M|100\/100\n|-weather|RainDance|[from] ability: Drizzle|[of] p1a: Pelipper\n|turn|1\n|inactive|superbacon77 has 30 seconds left.\n|\n|t:|1682021065\n|detailschange|p2b: Palafin|Palafin-Hero, L50, M\n|switch|p2b: Glimmora|Glimmora, L50, F|100\/100\n|move|p1b: Iron Hands|Fake Out|p2a: Meowscarada\n|-damage|p2a: Meowscarada|74\/100\n|cant|p2a: Meowscarada|flinch\n|move|p1a: Pelipper|Tailwind|p1a: Pelipper\n|-sidestart|p1: k0unt3r!|move: Tailwind\n|\n|-weather|RainDance|[upkeep]\n|upkeep\n|turn|2\n|inactive|k0unt3r! has 30 seconds left.\n|inactive|k0unt3r! has 20 seconds left.\n|\n|t:|1682021102\n|move|p1a: Pelipper|Hurricane|p2a: Meowscarada\n|-supereffective|p2a: Meowscarada\n|-damage|p2a: Meowscarada|0 fnt\n|faint|p2a: Meowscarada\n|move|p1b: Iron Hands|Drain Punch|p2b: Glimmora\n|-damage|p2b: Glimmora|60\/100\n|-activate|p2b: Glimmora|ability: Toxic Debris\n|-sidestart|p1: k0unt3r!|move: Toxic Spikes\n|move|p2b: Glimmora|Dazzling Gleam|p1b: Iron Hands|[spread] p1a,p1b\n|-supereffective|p1b: Iron Hands\n|-damage|p1a: Pelipper|75\/100\n|-damage|p1b: Iron Hands|84\/100\n|\n|-weather|RainDance|[upkeep]\n|upkeep\n|\n|t:|1682021123\n|switch|p2a: Palafin|Palafin-Hero, L50, M|100\/100\n|-activate|p2a: Palafin|ability: Zero to Hero\n|turn|3\n|inactive|superbacon77 has 30 seconds left.\n|inactive|superbacon77 has 20 seconds left.\n|\n|t:|1682021161\n|-terastallize|p1b: Iron Hands|Fighting\n|move|p1a: Pelipper|Protect|p1a: Pelipper\n|-singleturn|p1a: Pelipper|Protect\n|move|p1b: Iron Hands|Wild Charge|p2a: Palafin\n|-supereffective|p2a: Palafin\n|-damage|p2a: Palafin|15\/100\n|-damage|p1b: Iron Hands|67\/100|[from] Recoil\n|move|p2a: Palafin|Wave Crash|p1b: Iron Hands\n|-damage|p1b: Iron Hands|0 fnt\n|faint|p1b: Iron Hands\n|-end|p1b: Iron Hands|Quark Drive|[silent]\n|-damage|p2a: Palafin|0 fnt|[from] Recoil\n|faint|p2a: Palafin\n|move|p2b: Glimmora|Mortal Spin|p1a: Pelipper\n|-activate|p1a: Pelipper|move: Protect\n|\n|-weather|RainDance|[upkeep]\n|upkeep\n|\n|t:|1682021178\n|switch|p2a: Garganacl|Garganacl, L50, F|100\/100\n|switch|p1b: Amoonguss|Amoonguss, L50, M, shiny|100\/100\n|-sideend|p1: k0unt3r!|move: Toxic Spikes|[of] p1b: Amoonguss\n|turn|4\n|\n|t:|1682021197\n|move|p1a: Pelipper|Hydro Pump|p2a: Garganacl\n|-supereffective|p2a: Garganacl\n|-damage|p2a: Garganacl|7\/100\n|move|p2b: Glimmora|Dazzling Gleam|p1b: Amoonguss|[spread] p1a,p1b\n|-resisted|p1b: Amoonguss\n|-damage|p1a: Pelipper|49\/100\n|-damage|p1b: Amoonguss|93\/100\n|move|p1b: Amoonguss|Spore|p2b: Glimmora\n|-status|p2b: Glimmora|slp|[from] move: Spore\n|move|p2a: Garganacl|Salt Cure|p1a: Pelipper\n|-supereffective|p1a: Pelipper\n|-damage|p1a: Pelipper|19\/100\n|-start|p1a: Pelipper|Salt Cure\n|\n|-weather|RainDance|[upkeep]\n|-heal|p2a: Garganacl|12\/100|[from] item: Leftovers\n|-damage|p1a: Pelipper|0 fnt|[from] Salt Cure\n|faint|p1a: Pelipper\n|-sideend|p1: k0unt3r!|move: Tailwind\n|upkeep\n|\n|t:|1682021205\n|switch|p1a: Ting-Lu|Ting-Lu, L50|100\/100\n|-ability|p1a: Ting-Lu|Vessel of Ruin\n|turn|5\n|\n|t:|1682021228\n|-terastallize|p2a: Garganacl|Fairy\n|move|p1b: Amoonguss|Protect|p1b: Amoonguss\n|-singleturn|p1b: Amoonguss|Protect\n|cant|p2b: Glimmora|slp\n|move|p1a: Ting-Lu|Stomping Tantrum|p2a: Garganacl\n|-crit|p2a: Garganacl\n|-damage|p2a: Garganacl|0 fnt\n|faint|p2a: Garganacl\n|\n|-weather|none\n|upkeep\n|turn|6\n|\n|t:|1682021244\n|move|p1b: Amoonguss|Rage Powder|p1b: Amoonguss\n|-singleturn|p1b: Amoonguss|move: Rage Powder\n|cant|p2b: Glimmora|slp\n|move|p1a: Ting-Lu|Fissure|p2b: Glimmora|[miss]\n|-miss|p1a: Ting-Lu|p2b: Glimmora\n|\n|upkeep\n|turn|7\n|\n|t:|1682021254\n|move|p1b: Amoonguss|Protect|p1b: Amoonguss\n|-singleturn|p1b: Amoonguss|Protect\n|-curestatus|p2b: Glimmora|slp|[msg]\n|move|p2b: Glimmora|Energy Ball|p1a: Ting-Lu\n|-supereffective|p1a: Ting-Lu\n|-damage|p1a: Ting-Lu|76\/100\n|move|p1a: Ting-Lu|Fissure|p2b: Glimmora\n|-damage|p2b: Glimmora|0 fnt\n|-activate|p2b: Glimmora|ability: Toxic Debris\n|-sidestart|p1: k0unt3r!|move: Toxic Spikes\n|faint|p2b: Glimmora\n|-ohko\n|\n|win|k0unt3r!\n|l|\u2606superbacon77\n|l|\u2606k0unt3r!\n|j|\u2606k0unt3r!\n|player|p1|k0unt3r!|shadowtriad\n","uploadtime":1682021335,"views":14,"p1id":"k0unt3r","p2id":"superbacon77","formatid":"gen9vgc2023regulationc","rating":0,"private":0,"password":""}