{"id":"gen9vgc2023regulationc-1848033076","p1":"Emirnent","p2":"asterisbored","format":"[Gen 9] VGC 2023 Regulation C","log":"|j|\u2606Emirnent\n|j|\u2606asterisbored\n|t:|1682022554\n|gametype|doubles\n|player|p1|Emirnent|volo|\n|player|p2|asterisbored|101|\n|teamsize|p1|6\n|teamsize|p2|6\n|gen|9\n|tier|[Gen 9] VGC 2023 Regulation C\n|rated|Tournament battle\n|rule|Species Clause: Limit one of each Pok\u00e9mon\n|rule|Item Clause: Limit one of each item\n|clearpoke\n|poke|p1|Orthworm, L50, M|\n|poke|p1|Ting-Lu, L50|\n|poke|p1|Gyarados, L50, M|\n|poke|p1|Dragonite, L50, F|\n|poke|p1|Chien-Pao, L50|\n|poke|p1|Flutter Mane, L50|\n|poke|p2|Scizor, L50, M|\n|poke|p2|Volcarona, L50, F|\n|poke|p2|Palafin, L50, M|\n|poke|p2|Iron Hands, L50|\n|poke|p2|Abomasnow, L50, M|\n|poke|p2|Flutter Mane, L50|\n|teampreview|4\n|j| chicagolocaltop16\n|j| Blockybot2001\n|c|\u2606asterisbored|glhf\n|j| minionbanana57\nasterisbored has agreed to open team sheets.\n|j| ptelzcra\n|c|\u2606Emirnent|u2\n|j| mkdestroyer\n|c| mkdestroyer|emir is noob\n|c| Blockybot2001|gl to everyone\n|c| mkdestroyer|dragonite\n|c| mkdestroyer|worm\n|c| mkdestroyer|garadouse\n|c| mkdestroyer|tinglu\n|inactive|Battle timer is ON: inactive players will automatically lose when time's up. (requested by Emirnent)\n|c| mkdestroyer|Xd\n|c| mkdestroyer|HIS STRATEGY\n|inactive|asterisbored has 60 seconds left.\n|\n|t:|1682022640\n|start\n|switch|p1a: Flutter Mane|Flutter Mane, L50|100\/100\n|switch|p1b: Gyarados|Gyarados, L50, M|100\/100\n|switch|p2a: Iron Hands|Iron Hands, L50|100\/100\n|switch|p2b: Flutter Mane|Flutter Mane, L50|100\/100\n|-ability|p1b: Gyarados|Intimidate|boost\n|-unboost|p2a: Iron Hands|atk|1\n|-unboost|p2b: Flutter Mane|atk|1\n|-enditem|p2b: Flutter Mane|Booster Energy\n|-activate|p2b: Flutter Mane|ability: Protosynthesis|[fromitem]\n|-start|p2b: Flutter Mane|protosynthesisspe\n|turn|1\n|j|%Borghi\n|inactive|Emirnent has 30 seconds left.\n|inactive|asterisbored has 30 seconds left.\n|\n|t:|1682022667\n|-terastallize|p1b: Gyarados|Ground\n|move|p2b: Flutter Mane|Shadow Ball|p1a: Flutter Mane\n|-supereffective|p1a: Flutter Mane\n|-damage|p1a: Flutter Mane|15\/100\n|-unboost|p1a: Flutter Mane|spd|1\n|move|p1a: Flutter Mane|Dazzling Gleam|p2b: Flutter Mane|[spread] p2a,p2b\n|-supereffective|p2a: Iron Hands\n|-damage|p2a: Iron Hands|50\/100\n|-damage|p2b: Flutter Mane|52\/100\n|move|p1b: Gyarados|Bulldoze|p2b: Flutter Mane|[spread] p1a,p2a,p2b\n|-supereffective|p2a: Iron Hands\n|-damage|p1a: Flutter Mane|0 fnt\n|-damage|p2a: Iron Hands|16\/100\n|-damage|p2b: Flutter Mane|5\/100\n|-unboost|p2a: Iron Hands|spe|1\n|-unboost|p2b: Flutter Mane|spe|1\n|faint|p1a: Flutter Mane\n|-end|p1a: Flutter Mane|Protosynthesis|[silent]\n|move|p2a: Iron Hands|Thunder Punch|p1b: Gyarados\n|-immune|p1b: Gyarados\n|\n|upkeep\n|c|%Borghi|\/log mkdestroyer was muted by Borghi for 7 minutes.\n|hidelines|unlink|mkdestroyer\n|\n|t:|1682022689\n|switch|p1a: Chien-Pao|Chien-Pao, L50|100\/100\n|-ability|p1a: Chien-Pao|Sword of Ruin\n|turn|2\n|inactive|asterisbored has 30 seconds left.\n|\n|t:|1682022717\n|move|p2b: Flutter Mane|Protect|p2b: Flutter Mane\n|-singleturn|p2b: Flutter Mane|Protect\n|move|p1a: Chien-Pao|Sucker Punch||[still]\n|-fail|p1a: Chien-Pao\n|move|p1b: Gyarados|Waterfall|p2a: Iron Hands\n|-damage|p2a: Iron Hands|0 fnt\n|faint|p2a: Iron Hands\n|-end|p2a: Iron Hands|Quark Drive|[silent]\n|\n|upkeep\n|\n|t:|1682022724\n|switch|p2a: Palafin|Palafin, L50, M|100\/100\n|turn|3\n|\n|t:|1682022736\n|-end|p2b: Flutter Mane|Protosynthesis|[silent]\n|switch|p2b: Scizor|Scizor, L50, M|100\/100\n|switch|p1b: Dragonite|Dragonite, L50, F|100\/100\n|-terastallize|p2a: Palafin|Water\n|move|p1a: Chien-Pao|Sucker Punch||[still]\n|-fail|p1a: Chien-Pao\n|move|p2a: Palafin|Jet Punch|p1b: Dragonite\n|-resisted|p1b: Dragonite\n|-damage|p1b: Dragonite|89\/100\n|\n|upkeep\n|turn|4\n|\n|t:|1682022761\n|switch|p1a: Gyarados|Gyarados, L50, M, tera:Ground|100\/100\n|-ability|p1a: Gyarados|Intimidate|boost\n|-unboost|p2a: Palafin|atk|1\n|-unboost|p2b: Scizor|atk|1\n|move|p2a: Palafin|Protect|p2a: Palafin\n|-singleturn|p2a: Palafin|Protect\n|move|p2b: Scizor|Bullet Punch|p1a: Gyarados\n|-damage|p1a: Gyarados|67\/100\n|move|p1b: Dragonite|Outrage|p2a: Palafin\n|-activate|p2a: Palafin|move: Protect\n|\n|upkeep\n|turn|5\n|inactive|asterisbored has 30 seconds left.\n|\n|t:|1682022787\n|move|p2a: Palafin|Jet Punch|p1a: Gyarados\n|-supereffective|p1a: Gyarados\n|-damage|p1a: Gyarados|21\/100\n|-enditem|p1a: Gyarados|Figy Berry|[eat]\n|-heal|p1a: Gyarados|55\/100|[from] item: Figy Berry\n|move|p2b: Scizor|Bullet Punch|p1a: Gyarados\n|-damage|p1a: Gyarados|20\/100\n|move|p1b: Dragonite|Outrage|p2b: Scizor\n|-resisted|p2b: Scizor\n|-damage|p2b: Scizor|50\/100\n|move|p1a: Gyarados|Bulldoze|p2b: Scizor|[spread] p2a,p2b\n|-immune|p1b: Dragonite\n|-damage|p2a: Palafin|73\/100\n|-damage|p2b: Scizor|28\/100\n|-unboost|p2a: Palafin|spe|1\n|-unboost|p2b: Scizor|spe|1\n|\n|upkeep\n|turn|6\n|inactive|asterisbored has 30 seconds left.\n|inactive|asterisbored has 20 seconds left.\n|\n|t:|1682022826\n|move|p2a: Palafin|Protect|p2a: Palafin\n|-singleturn|p2a: Palafin|Protect\n|move|p2b: Scizor|Bullet Punch|p1a: Gyarados\n|-damage|p1a: Gyarados|0 fnt\n|faint|p1a: Gyarados\n|move|p1b: Dragonite|Outrage|p2b: Scizor|[from]lockedmove\n|-resisted|p2b: Scizor\n|-damage|p2b: Scizor|0 fnt\n|faint|p2b: Scizor\n|\n|upkeep\n|j| Beerthoven\n|\n|t:|1682022834\n|switch|p1a: Chien-Pao|Chien-Pao, L50|100\/100\n|switch|p2b: Flutter Mane|Flutter Mane, L50|5\/100\n|-ability|p1a: Chien-Pao|Sword of Ruin\n|turn|7\n|\n|t:|1682022844\n|move|p1a: Chien-Pao|Sucker Punch|p2b: Flutter Mane\n|-damage|p2b: Flutter Mane|0 fnt\n|faint|p2b: Flutter Mane\n|-end|p2b: Flutter Mane|Protosynthesis|[silent]\n|move|p2a: Palafin|Jet Punch|p1a: Chien-Pao\n|-damage|p1a: Chien-Pao|67\/100\n|move|p1b: Dragonite|Outrage|p2a: Palafin|[from]lockedmove\n|-damage|p2a: Palafin|0 fnt\n|faint|p2a: Palafin\n|-start|p1b: Dragonite|confusion|[fatigue]\n|\n|win|Emirnent\n|n|\u2606Emirnent|emirnent\n|n|\u2606asterisbored|asterisbored\n|n| chicagolocaltop16|chicagolocaltop16\n|n| Blockybot2001|blockybot2001\n|n| minionbanana57|minionbanana57\n|n| ptelzcra|ptelzcra\n|n| Borghi|borghi\n|n| Beerthoven|beerthoven\n","uploadtime":1682022845,"views":12,"p1id":"emirnent","p2id":"asterisbored","formatid":"gen9vgc2023regulationc","rating":0,"private":0,"password":""}