{"id":"gen9vgc2023regulationc-1847994437","p1":"Cold Brew VGC","p2":"tang justin","format":"[Gen 9] VGC 2023 Regulation C","log":"|j|\u2606Cold Brew VGC\n|j|\u2606tang justin\n|t:|1682018970\n|gametype|doubles\n|player|p1|Cold Brew VGC|silver-gen2kanto|1665\n|player|p2|tang justin|169|1753\n|teamsize|p1|6\n|teamsize|p2|6\n|gen|9\n|tier|[Gen 9] VGC 2023 Regulation C\n|rated|\n|rule|Species Clause: Limit one of each Pok\u00e9mon\n|rule|Item Clause: Limit one of each item\n|clearpoke\n|poke|p1|Torkoal, L50, M|\n|poke|p1|Hatterene, L50, F|\n|poke|p1|Farigiraf, L50, M|\n|poke|p1|Kingambit, L50, F|\n|poke|p1|Brute Bonnet, L50|\n|poke|p1|Iron Hands, L50|\n|poke|p2|Iron Hands, L50|\n|poke|p2|Amoonguss, L50, M|\n|poke|p2|Gyarados, L50, F|\n|poke|p2|Flutter Mane, L50|\n|poke|p2|Chi-Yu, L50|\n|poke|p2|Roaring Moon, L50|\n|teampreview|4\n|inactive|Battle timer is ON: inactive players will automatically lose when time's up. (requested by Cold Brew VGC)\nCold Brew VGC has agreed to open team sheets.\ntang justin has agreed to open team sheets.\n|inactive|Cold Brew VGC has 60 seconds left.\n|inactive|tang justin has 60 seconds left.\n|inactive|tang justin has 30 seconds left.\n|\n|t:|1682019034\n|start\n|switch|p1a: Iron Hands|Iron Hands, L50|100\/100\n|switch|p1b: Hatterene|Hatterene, L50, F|100\/100\n|switch|p2a: Flutter Mane|Flutter Mane, L50|100\/100\n|switch|p2b: Amoonguss|Amoonguss, L50, M|100\/100\n|turn|1\n|inactive|Cold Brew VGC has 30 seconds left.\n|inactive|Cold Brew VGC has 20 seconds left.\n|\n|t:|1682019070\n|-terastallize|p1a: Iron Hands|Grass\n|move|p1a: Iron Hands|Fake Out|p2b: Amoonguss\n|-damage|p2b: Amoonguss|88\/100\n|move|p2a: Flutter Mane|Shadow Ball|p1b: Hatterene\n|-supereffective|p1b: Hatterene\n|-enditem|p1b: Hatterene|Focus Sash\n|-damage|p1b: Hatterene|1\/100\n|cant|p2b: Amoonguss|flinch\n|move|p1b: Hatterene|Trick Room|p1b: Hatterene\n|-fieldstart|move: Trick Room|[of] p1b: Hatterene\n|\n|upkeep\n|turn|2\n|\n|t:|1682019089\n|-end|p2a: Flutter Mane|Protosynthesis|[silent]\n|switch|p2a: Iron Hands|Iron Hands, L50|100\/100\n|move|p1b: Hatterene|Psychic|p2b: Amoonguss\n|-supereffective|p2b: Amoonguss\n|-damage|p2b: Amoonguss|0 fnt\n|faint|p2b: Amoonguss\n|move|p1a: Iron Hands|Heavy Slam|p2a: Iron Hands\n|-resisted|p2a: Iron Hands\n|-damage|p2a: Iron Hands|95\/100\n|\n|upkeep\n|j| ylmao\n|\n|t:|1682019098\n|switch|p2b: Flutter Mane|Flutter Mane, L50|100\/100\n|turn|3\n|j| Mybossisabum\n|\n|t:|1682019110\n|switch|p1b: Farigiraf|Farigiraf, L50, M|100\/100\n|move|p2a: Iron Hands|Fake Out||[still]\n|cant|p1b: Farigiraf|ability: Armor Tail|Fake Out|[of] p2a: Iron Hands\n|move|p1a: Iron Hands|Heavy Slam|p2b: Flutter Mane\n|-supereffective|p2b: Flutter Mane\n|-damage|p2b: Flutter Mane|0 fnt\n|faint|p2b: Flutter Mane\n|-end|p2b: Flutter Mane|Protosynthesis|[silent]\n|\n|upkeep\n|\n|t:|1682019114\n|switch|p2b: Chi-Yu|Chi-Yu, L50|100\/100\n|-ability|p2b: Chi-Yu|Beads of Ruin\n|turn|4\n|\n|t:|1682019133\n|-terastallize|p2b: Chi-Yu|Water\n|move|p1a: Iron Hands|Drain Punch|p2a: Iron Hands\n|-damage|p2a: Iron Hands|64\/100\n|move|p1b: Farigiraf|Hyper Voice|p2b: Chi-Yu|[spread] p2a,p2b\n|-damage|p2a: Iron Hands|49\/100\n|-damage|p2b: Chi-Yu|76\/100\n|-enditem|p1b: Farigiraf|Throat Spray\n|-boost|p1b: Farigiraf|spa|1|[from] item: Throat Spray\n|move|p2a: Iron Hands|Drain Punch|p1a: Iron Hands\n|-damage|p1a: Iron Hands|74\/100\n|-heal|p2a: Iron Hands|63\/100|[from] drain|[of] p1a: Iron Hands\n|move|p2b: Chi-Yu|Dark Pulse|p1b: Farigiraf\n|-supereffective|p1b: Farigiraf\n|-damage|p1b: Farigiraf|4\/100\n|\n|upkeep\n|turn|5\n|inactive|Cold Brew VGC has 30 seconds left.\n|inactive|Cold Brew VGC has 20 seconds left.\n|inactive|Cold Brew VGC has 15 seconds left.\n|\n|t:|1682019173\n|move|p2b: Chi-Yu|Protect|p2b: Chi-Yu\n|-singleturn|p2b: Chi-Yu|Protect\n|move|p1a: Iron Hands|Drain Punch|p2a: Iron Hands\n|-damage|p2a: Iron Hands|34\/100\n|-heal|p1a: Iron Hands|88\/100|[from] drain|[of] p2a: Iron Hands\n|move|p1b: Farigiraf|Psychic|p2a: Iron Hands\n|-supereffective|p2a: Iron Hands\n|-damage|p2a: Iron Hands|0 fnt\n|faint|p2a: Iron Hands\n|-end|p2a: Iron Hands|Quark Drive|[silent]\n|\n|-fieldend|move: Trick Room\n|upkeep\n|turn|6\n|-message|tang justin forfeited.\n|\n|win|Cold Brew VGC\n|raw|Cold Brew VGC's rating: 1665 → 1690<\/strong> (+25 for winning)\n|raw|tang justin's rating: 1753 → 1728<\/strong> (-25 for losing)\n|l|\u2606tang justin\n|l| ylmao\n","uploadtime":1682019209,"views":17,"p1id":"coldbrewvgc","p2id":"tangjustin","formatid":"gen9vgc2023regulationc","rating":1690,"private":0,"password":""}