{"id":"gen9vgc2023regulationc-1856426325","p1":"Paschar","p2":"paultheconvincer","format":"[Gen 9] VGC 2023 Regulation C","log":"|j|\u2606Paschar\n|j|\u2606paultheconvincer\n|t:|1683060365\n|gametype|doubles\n|player|p1|Paschar|265|\n|player|p2|paultheconvincer|2|\n|teamsize|p1|6\n|teamsize|p2|6\n|gen|9\n|tier|[Gen 9] VGC 2023 Regulation C\n|rule|Species Clause: Limit one of each Pok\u00e9mon\n|rule|Item Clause: Limit one of each item\n|clearpoke\n|poke|p1|Dragonite, L50, F|\n|poke|p1|Chien-Pao, L50|\n|poke|p1|Iron Thorns, L50|\n|poke|p1|Gardevoir, L50, F|\n|poke|p1|Scizor, L50, F|\n|poke|p1|Veluza, L50, F|\n|poke|p2|Farigiraf, L50, F|\n|poke|p2|Torkoal, L50, M|\n|poke|p2|Brute Bonnet, L50|\n|poke|p2|Great Tusk, L50|\n|poke|p2|Noivern, L50, M|\n|poke|p2|Eelektross, L50, M|\n|teampreview|4\n|\n|t:|1683060377\n|start\n|switch|p1a: Iron Thorns|Iron Thorns, L50|100\/100\n|switch|p1b: Gardevoir|Gardevoir, L50, F|100\/100\n|switch|p2a: Brute Bonnet|Brute Bonnet, L50|100\/100\n|switch|p2b: Farigiraf|Farigiraf, L50, F|100\/100\n|turn|1\n|\n|t:|1683060417\n|move|p2b: Farigiraf|Protect|p2b: Farigiraf\n|-singleturn|p2b: Farigiraf|Protect\n|move|p1b: Gardevoir|Dazzling Gleam|p2b: Farigiraf|[spread] p2a\n|-activate|p2b: Farigiraf|move: Protect\n|-supereffective|p2a: Brute Bonnet\n|-damage|p2a: Brute Bonnet|29\/100\n|-enditem|p2a: Brute Bonnet|Sitrus Berry|[eat]\n|-heal|p2a: Brute Bonnet|54\/100|[from] item: Sitrus Berry\n|-damage|p1b: Gardevoir|91\/100|[from] item: Life Orb\n|move|p1a: Iron Thorns|Rock Blast|p2b: Farigiraf\n|-activate|p2b: Farigiraf|move: Protect\n|move|p2a: Brute Bonnet|Body Press|p1a: Iron Thorns\n|-supereffective|p1a: Iron Thorns\n|-damage|p1a: Iron Thorns|57\/100\n|\n|upkeep\n|turn|2\n|\n|t:|1683060434\n|move|p2a: Brute Bonnet|Rage Powder|p2a: Brute Bonnet\n|-singleturn|p2a: Brute Bonnet|move: Rage Powder\n|move|p1a: Iron Thorns|Rock Blast|p2a: Brute Bonnet\n|-damage|p2a: Brute Bonnet|45\/100\n|-damage|p2a: Brute Bonnet|37\/100\n|-damage|p2a: Brute Bonnet|27\/100\n|-damage|p2a: Brute Bonnet|18\/100\n|-damage|p2a: Brute Bonnet|10\/100\n|-hitcount|p2a: Brute Bonnet|5\n|move|p1b: Gardevoir|Trick Room|p1b: Gardevoir\n|-fieldstart|move: Trick Room|[of] p1b: Gardevoir\n|move|p2b: Farigiraf|Trick Room|p2b: Farigiraf\n|-fieldend|move: Trick Room\n|\n|upkeep\n|turn|3\n|\n|t:|1683060456\n|move|p2a: Brute Bonnet|Rage Powder|p2a: Brute Bonnet\n|-singleturn|p2a: Brute Bonnet|move: Rage Powder\n|move|p1a: Iron Thorns|Rock Blast|p2a: Brute Bonnet\n|-damage|p2a: Brute Bonnet|1\/100\n|-damage|p2a: Brute Bonnet|0 fnt\n|faint|p2a: Brute Bonnet\n|-end|p2a: Brute Bonnet|Protosynthesis|[silent]\n|-hitcount|p2: Brute Bonnet|2\n|move|p1b: Gardevoir|Trick Room|p1b: Gardevoir\n|-fieldstart|move: Trick Room|[of] p1b: Gardevoir\n|move|p2b: Farigiraf|Trick Room|p2b: Farigiraf\n|-fieldend|move: Trick Room\n|\n|upkeep\n|\n|t:|1683060468\n|switch|p2a: Eelektross|Eelektross, L50, M|100\/100\n|turn|4\n|\n|t:|1683060480\n|move|p1b: Gardevoir|Dazzling Gleam|p2a: Eelektross|[spread] p2a,p2b\n|-damage|p2a: Eelektross|57\/100\n|-damage|p2b: Farigiraf|64\/100\n|-damage|p1b: Gardevoir|81\/100|[from] item: Life Orb\n|move|p2a: Eelektross|Stomping Tantrum|p1a: Iron Thorns\n|-supereffective|p1a: Iron Thorns\n|-damage|p1a: Iron Thorns|0 fnt\n|faint|p1a: Iron Thorns\n|-end|p1a: Iron Thorns|Quark Drive|[silent]\n|-damage|p2a: Eelektross|48\/100|[from] item: Life Orb\n|move|p2b: Farigiraf|Trick Room|p2b: Farigiraf\n|-fieldstart|move: Trick Room|[of] p2b: Farigiraf\n|\n|upkeep\n|\n|t:|1683060492\n|switch|p1a: Scizor|Scizor, L50, F|100\/100\n|turn|5\n|\n|t:|1683060534\n|switch|p2b: Torkoal|Torkoal, L50, M|100\/100\n|-weather|SunnyDay|[from] ability: Drought|[of] p2b: Torkoal\n|-terastallize|p2a: Eelektross|Fire\n|move|p1a: Scizor|Protect|p1a: Scizor\n|-singleturn|p1a: Scizor|Protect\n|move|p2a: Eelektross|Flamethrower|p1b: Gardevoir\n|-damage|p1b: Gardevoir|0 fnt\n|faint|p1b: Gardevoir\n|-damage|p2a: Eelektross|38\/100|[from] item: Life Orb\n|\n|-weather|SunnyDay|[upkeep]\n|upkeep\n|\n|t:|1683060550\n|switch|p1b: Veluza|Veluza, L50, F|100\/100\n|turn|6\n|\n|t:|1683060564\n|-terastallize|p1b: Veluza|Water\n|move|p2a: Eelektross|Protect|p2a: Eelektross\n|-singleturn|p2a: Eelektross|Protect\n|move|p1a: Scizor|Bullet Punch|p2a: Eelektross\n|-activate|p2a: Eelektross|move: Protect\n|move|p2b: Torkoal|Eruption|p1a: Scizor|[spread] p1a,p1b\n|-supereffective|p1a: Scizor\n|-resisted|p1b: Veluza\n|-damage|p1a: Scizor|0 fnt\n|-damage|p1b: Veluza|37\/100\n|faint|p1a: Scizor\n|move|p1b: Veluza|Aqua Cutter|p2b: Torkoal\n|-supereffective|p2b: Torkoal\n|-damage|p2b: Torkoal|49\/100\n|\n|-weather|SunnyDay|[upkeep]\n|upkeep\n|turn|7\n|\n|t:|1683060577\n|move|p2b: Torkoal|Solar Beam||[still]\n|-prepare|p2b: Torkoal|Solar Beam\n|-anim|p2b: Torkoal|Solar Beam|p1b: Veluza\n|-supereffective|p1b: Veluza\n|-damage|p1b: Veluza|0 fnt\n|faint|p1b: Veluza\n|\n|win|paultheconvincer\n|l|\u2606Paschar\n|c|\u2606paultheconvincer|gg\n|j|\u2606Paschar\n|player|p1|Paschar|265\n|l|\u2606Paschar\n|player|p1|\n","uploadtime":1683060769,"views":11,"p1id":"paschar","p2id":"paultheconvincer","formatid":"gen9vgc2023regulationc","rating":0,"private":0,"password":""}