{"id":"gen9vgc2023regulationc-1858986859","p1":"Axel316","p2":"TGH_sr","format":"[Gen 9] VGC 2023 Regulation C","log":"|j|\u2606Axel316\n|j|\u2606TGH_sr\n|t:|1683391265\n|gametype|doubles\n|player|p1|Axel316|265|1275\n|player|p2|TGH_sr|steven|1303\n|teamsize|p1|6\n|teamsize|p2|6\n|gen|9\n|tier|[Gen 9] VGC 2023 Regulation C\n|rated|\n|rule|Species Clause: Limit one of each Pok\u00e9mon\n|rule|Item Clause: Limit one of each item\n|clearpoke\n|poke|p1|Kingambit, L50, M|\n|poke|p1|Ting-Lu, L50|\n|poke|p1|Amoonguss, L50, M|\n|poke|p1|Flutter Mane, L50|\n|poke|p1|Palafin, L50, F|\n|poke|p1|Medicham, L50, F|\n|poke|p2|Talonflame, L50, M|\n|poke|p2|Garchomp, L50, F|\n|poke|p2|Kingambit, L50, F|\n|poke|p2|Iron Bundle, L50|\n|poke|p2|Flutter Mane, L50|\n|poke|p2|Amoonguss, L50, M|\n|teampreview|4\nTGH_sr has agreed to open team sheets.\n|inactive|Battle timer is ON: inactive players will automatically lose when time's up. (requested by Axel316)\nAxel316 has agreed to open team sheets.\n|inactive|TGH_sr has 60 seconds left.\n|inactive|TGH_sr has 30 seconds left.\n|inactive|TGH_sr has 20 seconds left.\n|inactive|TGH_sr has 15 seconds left.\n|inactive|TGH_sr has 10 seconds left.\n|\n|t:|1683391388\n|start\n|switch|p1a: Flutter Mane|Flutter Mane, L50|100\/100\n|switch|p1b: Palafin|Palafin, L50, F|100\/100\n|switch|p2a: Flutter Mane|Flutter Mane, L50|100\/100\n|switch|p2b: Iron Bundle|Iron Bundle, L50|100\/100\n|-enditem|p2b: Iron Bundle|Booster Energy\n|-activate|p2b: Iron Bundle|ability: Quark Drive|[fromitem]\n|-start|p2b: Iron Bundle|quarkdrivespe\n|turn|1\n|inactive|TGH_sr has 30 seconds left.\n|inactive|TGH_sr has 20 seconds left.\n|inactive|TGH_sr has 15 seconds left.\n|inactive|TGH_sr has 10 seconds left.\n|inactive|TGH_sr has 5 seconds left.\n|\n|t:|1683391439\n|detailschange|p1b: Palafin|Palafin-Hero, L50, F\n|switch|p1b: Kingambit|Kingambit, L50, M|100\/100\n|-terastallize|p2a: Flutter Mane|Fairy\n|move|p1a: Flutter Mane|Protect|p1a: Flutter Mane\n|-singleturn|p1a: Flutter Mane|Protect\n|move|p2b: Iron Bundle|Icy Wind|p1b: Kingambit|[spread] p1b\n|-activate|p1a: Flutter Mane|move: Protect\n|-resisted|p1b: Kingambit\n|-damage|p1b: Kingambit|95\/100\n|-unboost|p1b: Kingambit|spe|1\n|-ability|p1b: Kingambit|Defiant|boost\n|-boost|p1b: Kingambit|atk|2\n|move|p2a: Flutter Mane|Dazzling Gleam|p1b: Kingambit|[spread] p1b\n|-activate|p1a: Flutter Mane|move: Protect\n|-damage|p1b: Kingambit|56\/100\n|\n|upkeep\n|turn|2\n|inactive|Axel316 has 30 seconds left.\n|inactive|TGH_sr has 30 seconds left.\n|inactive|Axel316 has 20 seconds left.\n|\n|t:|1683391477\n|-end|p1a: Flutter Mane|Protosynthesis|[silent]\n|switch|p1a: Palafin|Palafin-Hero, L50, F|100\/100\n|-activate|p1a: Palafin|ability: Zero to Hero\n|move|p2b: Iron Bundle|Protect|p2b: Iron Bundle\n|-singleturn|p2b: Iron Bundle|Protect\n|move|p1b: Kingambit|Sucker Punch||[still]\n|-fail|p1b: Kingambit\n|move|p2a: Flutter Mane|Dazzling Gleam|p1b: Kingambit|[spread] p1a,p1b\n|-damage|p1a: Palafin|43\/100\n|-damage|p1b: Kingambit|16\/100\n|\n|upkeep\n|turn|3\n|\n|t:|1683391500\n|move|p1a: Palafin|Jet Punch|p2a: Flutter Mane\n|-damage|p2a: Flutter Mane|12\/100\n|move|p1b: Kingambit|Sucker Punch|p2b: Iron Bundle\n|-damage|p2b: Iron Bundle|11\/100\n|move|p2b: Iron Bundle|Freeze-Dry|p1b: Kingambit\n|-resisted|p1b: Kingambit\n|-damage|p1b: Kingambit|4\/100\n|move|p2a: Flutter Mane|Dazzling Gleam|p1b: Kingambit|[spread] p1a,p1b\n|-damage|p1a: Palafin|0 fnt\n|-damage|p1b: Kingambit|0 fnt\n|faint|p1a: Palafin\n|faint|p1b: Kingambit\n|\n|upkeep\n|\n|t:|1683391514\n|switch|p1a: Medicham|Medicham, L50, F|100\/100\n|switch|p1b: Flutter Mane|Flutter Mane, L50|100\/100\n|turn|4\n|\n|t:|1683391523\n|move|p1a: Medicham|Fake Out|p2b: Iron Bundle\n|-damage|p2b: Iron Bundle|0 fnt\n|faint|p2b: Iron Bundle\n|-end|p2b: Iron Bundle|Quark Drive|[silent]\n|move|p1b: Flutter Mane|Moonblast|p2a: Flutter Mane\n|-damage|p2a: Flutter Mane|0 fnt\n|faint|p2a: Flutter Mane\n|-end|p2a: Flutter Mane|Protosynthesis|[silent]\n|\n|upkeep\n|\n|t:|1683391532\n|switch|p2a: Kingambit|Kingambit, L50, F|100\/100\n|switch|p2b: Amoonguss|Amoonguss, L50, M|100\/100\n|turn|5\n|\n|t:|1683391544\n|move|p2a: Kingambit|Protect|p2a: Kingambit\n|-singleturn|p2a: Kingambit|Protect\n|move|p1b: Flutter Mane|Shadow Ball|p2b: Amoonguss\n|-damage|p2b: Amoonguss|66\/100\n|move|p1a: Medicham|Zen Headbutt|p2b: Amoonguss\n|-supereffective|p2b: Amoonguss\n|-damage|p2b: Amoonguss|0 fnt\n|faint|p2b: Amoonguss\n|\n|upkeep\n|turn|6\n|\n|t:|1683391562\n|move|p2a: Kingambit|Sucker Punch|p1b: Flutter Mane\n|-enditem|p1b: Flutter Mane|Focus Sash\n|-damage|p1b: Flutter Mane|1\/100\n|move|p1b: Flutter Mane|Moonblast|p2a: Kingambit\n|-damage|p2a: Kingambit|56\/100\n|move|p1a: Medicham|High Jump Kick|p2a: Kingambit\n|-supereffective|p2a: Kingambit\n|-damage|p2a: Kingambit|0 fnt\n|faint|p2a: Kingambit\n|\n|win|Axel316\n|raw|Axel316's rating: 1275 → 1302<\/strong> (+27 for winning)\n|raw|TGH_sr's rating: 1303 → 1281<\/strong> (-22 for losing)\n","uploadtime":1683391576,"views":12,"p1id":"axel316","p2id":"tghsr","formatid":"gen9vgc2023regulationc","rating":1281,"private":0,"password":""}