{"id":"gen9vgc2023regulationc-1849695795","p1":"singletstate","p2":"Topperlecat","format":"[Gen 9] VGC 2023 Regulation C","log":"|j|\u2606singletstate\n|j|\u2606Topperlecat\n|t:|1682234149\n|gametype|doubles\n|player|p1|singletstate|rosa|1108\n|player|p2|Topperlecat|n|1123\n|teamsize|p1|6\n|teamsize|p2|6\n|gen|9\n|tier|[Gen 9] VGC 2023 Regulation C\n|rated|\n|rule|Species Clause: Limit one of each Pok\u00e9mon\n|rule|Item Clause: Limit one of each item\n|clearpoke\n|poke|p1|Ting-Lu, L50|\n|poke|p1|Glimmora, L50, M|\n|poke|p1|Amoonguss, L50, M|\n|poke|p1|Flutter Mane, L50|\n|poke|p1|Talonflame, L50, M|\n|poke|p1|Gyarados, L50, F|\n|poke|p2|Pelipper, L50, F|\n|poke|p2|Barraskewda, L50, M|\n|poke|p2|Chien-Pao, L50|\n|poke|p2|Flutter Mane, L50|\n|poke|p2|Garchomp, L50, F|\n|poke|p2|Orthworm, L50, F|\n|teampreview|4\nTopperlecat has agreed to open team sheets.\n|c|\u2606Topperlecat|Glhf\n|\n|t:|1682234196\n|start\n|switch|p1a: Glimmora|Glimmora, L50, M|100\/100\n|switch|p1b: Gyarados|Gyarados, L50, F|100\/100\n|switch|p2a: Orthworm|Orthworm, L50, F|100\/100\n|switch|p2b: Chien-Pao|Chien-Pao, L50|100\/100\n|-ability|p2b: Chien-Pao|Sword of Ruin\n|-ability|p1b: Gyarados|Intimidate|boost\n|-unboost|p2a: Orthworm|atk|1\n|-unboost|p2b: Chien-Pao|atk|1\n|turn|1\n|\n|t:|1682234227\n|move|p2b: Chien-Pao|Psychic Fangs|p1a: Glimmora\n|-supereffective|p1a: Glimmora\n|-damage|p1a: Glimmora|22\/100\n|-activate|p1a: Glimmora|ability: Toxic Debris\n|-sidestart|p2: Topperlecat|move: Toxic Spikes\n|-damage|p2b: Chien-Pao|91\/100|[from] item: Life Orb\n|move|p1a: Glimmora|Earth Power|p2a: Orthworm\n|-immune|p2a: Orthworm|[from] ability: Earth Eater\n|move|p1b: Gyarados|Waterfall|p2b: Chien-Pao\n|-damage|p2b: Chien-Pao|35\/100\n|move|p2a: Orthworm|Shed Tail|p2a: Orthworm\n|-start|p2a: Orthworm|Substitute|[from] move: Shed Tail\n|-damage|p2a: Orthworm|50\/100\n|\n|t:|1682234244\n|switch|p2a: Garchomp|Garchomp, L50, F|100\/100|[from] Shed Tail\n|-status|p2a: Garchomp|psn\n|\n|-damage|p2a: Garchomp|88\/100 psn|[from] psn\n|upkeep\n|turn|2\n|\n|t:|1682234260\n|move|p1a: Glimmora|Spiky Shield|p1a: Glimmora\n|-singleturn|p1a: Glimmora|move: Protect\n|move|p2a: Garchomp|Rock Slide|p1a: Glimmora|[spread] p1b\n|-activate|p1a: Glimmora|move: Protect\n|-supereffective|p1b: Gyarados\n|-damage|p1b: Gyarados|36\/100\n|-enditem|p1b: Gyarados|Sitrus Berry|[eat]\n|-heal|p1b: Gyarados|61\/100|[from] item: Sitrus Berry\n|move|p2b: Chien-Pao|Psychic Fangs|p1a: Glimmora\n|-activate|p1a: Glimmora|move: Protect\n|-damage|p2b: Chien-Pao|22\/100|[from] Spiky Shield|[of] p1a: Glimmora\n|cant|p1b: Gyarados|flinch\n|\n|-damage|p2a: Garchomp|76\/100 psn|[from] psn\n|upkeep\n|turn|3\n|\n|t:|1682234279\n|move|p1a: Glimmora|Spiky Shield|p1a: Glimmora\n|-singleturn|p1a: Glimmora|move: Protect\n|move|p1b: Gyarados|Protect|p1b: Gyarados\n|-singleturn|p1b: Gyarados|Protect\n|move|p2a: Garchomp|Rock Slide|p1b: Gyarados|[spread] \n|-activate|p1a: Glimmora|move: Protect\n|-activate|p1b: Gyarados|move: Protect\n|move|p2b: Chien-Pao|Psychic Fangs|p1a: Glimmora\n|-activate|p1a: Glimmora|move: Protect\n|-damage|p2b: Chien-Pao|10\/100|[from] Spiky Shield|[of] p1a: Glimmora\n|\n|-damage|p2a: Garchomp|64\/100 psn|[from] psn\n|upkeep\n|turn|4\n|\n|t:|1682234304\n|move|p1b: Gyarados|Protect||[still]\n|-fail|p1b: Gyarados\n|move|p2a: Garchomp|Rock Slide|p1b: Gyarados|[spread] p1b\n|-miss|p2a: Garchomp|p1a: Glimmora\n|-supereffective|p1b: Gyarados\n|-damage|p1b: Gyarados|5\/100\n|move|p2b: Chien-Pao|Psychic Fangs|p1a: Glimmora\n|-supereffective|p1a: Glimmora\n|-damage|p1a: Glimmora|0 fnt\n|-activate|p1a: Glimmora|ability: Toxic Debris\n|-sidestart|p2: Topperlecat|move: Toxic Spikes\n|faint|p1a: Glimmora\n|-damage|p2b: Chien-Pao|0 fnt|[from] item: Life Orb\n|faint|p2b: Chien-Pao\n|\n|-damage|p2a: Garchomp|52\/100 psn|[from] psn\n|upkeep\n|\n|t:|1682234323\n|switch|p2b: Flutter Mane|Flutter Mane, L50|100\/100\n|switch|p1a: Talonflame|Talonflame, L50, M|100\/100\n|-status|p2b: Flutter Mane|tox\n|turn|5\n|\n|t:|1682234337\n|move|p2b: Flutter Mane|Protect|p2b: Flutter Mane\n|-singleturn|p2b: Flutter Mane|Protect\n|move|p1a: Talonflame|Protect|p1a: Talonflame\n|-singleturn|p1a: Talonflame|Protect\n|move|p1b: Gyarados|Protect|p1b: Gyarados\n|-singleturn|p1b: Gyarados|Protect\n|move|p2a: Garchomp|Rock Slide|p1b: Gyarados|[spread] \n|-activate|p1a: Talonflame|move: Protect\n|-activate|p1b: Gyarados|move: Protect\n|\n|-damage|p2a: Garchomp|40\/100 psn|[from] psn\n|-damage|p2b: Flutter Mane|94\/100 tox|[from] psn\n|upkeep\n|turn|6\n|\n|t:|1682234357\n|move|p1a: Talonflame|Tailwind|p1a: Talonflame\n|-sidestart|p1: singletstate|move: Tailwind\n|move|p2a: Garchomp|Rock Slide|p1a: Talonflame|[spread] p1a,p1b\n|-supereffective|p1a: Talonflame\n|-supereffective|p1b: Gyarados\n|-enditem|p1a: Talonflame|Focus Sash\n|-damage|p1a: Talonflame|1\/100\n|-damage|p1b: Gyarados|0 fnt\n|faint|p1b: Gyarados\n|move|p2b: Flutter Mane|Dazzling Gleam|p1a: Talonflame\n|-resisted|p1a: Talonflame\n|-damage|p1a: Talonflame|0 fnt\n|faint|p1a: Talonflame\n|\n|-damage|p2a: Garchomp|28\/100 psn|[from] psn\n|-damage|p2b: Flutter Mane|82\/100 tox|[from] psn\n|upkeep\n|\n|t:|1682234374\n|switch|p1a: Flutter Mane|Flutter Mane, L50|100\/100\n|turn|7\n|\n|t:|1682234385\n|-terastallize|p1a: Flutter Mane|Water\n|move|p2b: Flutter Mane|Protect|p2b: Flutter Mane\n|-singleturn|p2b: Flutter Mane|Protect\n|move|p1a: Flutter Mane|Shadow Ball|p2b: Flutter Mane\n|-activate|p2b: Flutter Mane|move: Protect\n|move|p2a: Garchomp|Rock Slide|p1a: Flutter Mane\n|-damage|p1a: Flutter Mane|42\/100\n|\n|-damage|p2a: Garchomp|16\/100 psn|[from] psn\n|-damage|p2b: Flutter Mane|64\/100 tox|[from] psn\n|upkeep\n|turn|8\n|\n|t:|1682234398\n|move|p1a: Flutter Mane|Shadow Ball|p2b: Flutter Mane\n|-supereffective|p2b: Flutter Mane\n|-damage|p2b: Flutter Mane|0 fnt\n|faint|p2b: Flutter Mane\n|-end|p2b: Flutter Mane|Protosynthesis|[silent]\n|move|p2a: Garchomp|Rock Slide|p1a: Flutter Mane\n|-damage|p1a: Flutter Mane|0 fnt\n|faint|p1a: Flutter Mane\n|-end|p1a: Flutter Mane|Protosynthesis|[silent]\n|\n|win|Topperlecat\n|raw|singletstate's rating: 1108 → 1084<\/strong> (-24 for losing)\n|raw|Topperlecat's rating: 1123 → 1147<\/strong> (+24 for winning)\n","uploadtime":1682234402,"views":12,"p1id":"singletstate","p2id":"topperlecat","formatid":"gen9vgc2023regulationc","rating":1084,"private":0,"password":""}