{"id":"gen9vgc2023regulationc-1847251599","p1":"OneWithTheSnom","p2":"THGMonkeMan","format":"[Gen 9] VGC 2023 Regulation C","log":"|j|\u2606OneWithTheSnom\n|j|\u2606THGMonkeMan\n|t:|1681931594\n|gametype|doubles\n|player|p1|OneWithTheSnom|gladion|1164\n|player|p2|THGMonkeMan|cyrus|1169\n|teamsize|p1|6\n|teamsize|p2|6\n|gen|9\n|tier|[Gen 9] VGC 2023 Regulation C\n|rated|\n|rule|Species Clause: Limit one of each Pok\u00e9mon\n|rule|Item Clause: Limit one of each item\n|clearpoke\n|poke|p1|Scizor, L50, F|\n|poke|p1|Ting-Lu, L50|\n|poke|p1|Sylveon, L50, F|\n|poke|p1|Iron Hands, L50|\n|poke|p1|Palafin, L50, F|\n|poke|p1|Chi-Yu, L50|\n|poke|p2|Brute Bonnet, L50|\n|poke|p2|Hatterene, L50, F|\n|poke|p2|Gastrodon, L50, F|\n|poke|p2|Skeledirge, L50, M|\n|poke|p2|Slither Wing, L50|\n|poke|p2|Vivillon-Fancy, L50, M|\n|teampreview|4\n|inactive|Battle timer is ON: inactive players will automatically lose when time's up. (requested by OneWithTheSnom)\nOneWithTheSnom has agreed to open team sheets.\nTHGMonkeMan has agreed to open team sheets.\n|inactive|OneWithTheSnom has 60 seconds left.\n|\n|t:|1681931651\n|start\n|switch|p1a: Scizor|Scizor, L50, F|100\/100\n|switch|p1b: Ting-Lu|Ting-Lu, L50|100\/100\n|switch|p2a: buhbongalo|Brute Bonnet, L50, shiny|100\/100\n|switch|p2b: sally|Hatterene, L50, F, shiny|100\/100\n|-ability|p1b: Ting-Lu|Vessel of Ruin\n|turn|1\n|inactive|OneWithTheSnom has 30 seconds left.\n|inactive|OneWithTheSnom has 20 seconds left.\n|\n|t:|1681931690\n|move|p2a: buhbongalo|Rage Powder|p2a: buhbongalo\n|-singleturn|p2a: buhbongalo|move: Rage Powder\n|move|p1a: Scizor|Bullet Punch|p2a: buhbongalo\n|-damage|p2a: buhbongalo|67\/100\n|-damage|p1a: Scizor|91\/100|[from] item: Life Orb\n|move|p1b: Ting-Lu|Rock Slide|p2a: buhbongalo|[spread] p2a,p2b\n|-damage|p2a: buhbongalo|52\/100\n|-damage|p2b: sally|77\/100\n|move|p2b: sally|Trick Room|p2b: sally\n|-fieldstart|move: Trick Room|[of] p2b: sally\n|\n|upkeep\n|turn|2\n|inactive|OneWithTheSnom has 30 seconds left.\n|\n|t:|1681931720\n|move|p2b: sally|Protect|p2b: sally\n|-singleturn|p2b: sally|Protect\n|move|p1a: Scizor|Protect|p1a: Scizor\n|-singleturn|p1a: Scizor|Protect\n|move|p2a: buhbongalo|Spore|p1a: Scizor\n|-activate|p1a: Scizor|move: Protect\n|move|p1b: Ting-Lu|Ruination|p2b: sally\n|-activate|p2b: sally|move: Protect\n|\n|upkeep\n|turn|3\n|inactive|OneWithTheSnom has 30 seconds left.\n|\n|t:|1681931752\n|move|p1a: Scizor|Bullet Punch|p2b: sally\n|-supereffective|p2b: sally\n|-damage|p2b: sally|0 fnt\n|faint|p2b: sally\n|-damage|p1a: Scizor|81\/100|[from] item: Life Orb\n|move|p2a: buhbongalo|Spore|p1a: Scizor\n|-status|p1a: Scizor|slp|[from] move: Spore\n|move|p1b: Ting-Lu|Ruination|p2a: buhbongalo\n|-damage|p2a: buhbongalo|26\/100\n|\n|upkeep\n|\n|t:|1681931763\n|switch|p2b: steven|Gastrodon, L50, F|100\/100\n|turn|4\n|\n|t:|1681931778\n|move|p2b: steven|Muddy Water|p1b: Ting-Lu|[spread] p1a,p1b\n|-supereffective|p1b: Ting-Lu\n|-damage|p1a: Scizor|50\/100 slp\n|-damage|p1b: Ting-Lu|75\/100\n|-unboost|p1a: Scizor|accuracy|1\n|move|p2a: buhbongalo|Seed Bomb|p1b: Ting-Lu\n|-supereffective|p1b: Ting-Lu\n|-damage|p1b: Ting-Lu|22\/100\n|move|p1b: Ting-Lu|Rock Slide|p2a: buhbongalo|[spread] p2b\n|-miss|p1b: Ting-Lu|p2a: buhbongalo\n|-resisted|p2b: steven\n|-damage|p2b: steven|88\/100\n|cant|p1a: Scizor|slp\n|\n|-heal|p2b: steven|95\/100|[from] item: Leftovers\n|upkeep\n|turn|5\n|\n|t:|1681931802\n|switch|p1b: Iron Hands|Iron Hands, L50|100\/100\n|cant|p1a: Scizor|slp\n|move|p2b: steven|Muddy Water|p1a: Scizor|[spread] p1a,p1b\n|-damage|p1a: Scizor|11\/100 slp\n|-damage|p1b: Iron Hands|76\/100\n|move|p2a: buhbongalo|Seed Bomb|p1b: Iron Hands\n|-damage|p1b: Iron Hands|49\/100\n|-enditem|p1b: Iron Hands|Sitrus Berry|[eat]\n|-heal|p1b: Iron Hands|74\/100|[from] item: Sitrus Berry\n|\n|-heal|p2b: steven|100\/100|[from] item: Leftovers\n|-fieldend|move: Trick Room\n|upkeep\n|turn|6\n|\n|t:|1681931826\n|move|p1b: Iron Hands|Fake Out|p2a: buhbongalo\n|-damage|p2a: buhbongalo|15\/100\n|cant|p2a: buhbongalo|flinch\n|cant|p1a: Scizor|slp\n|move|p2b: steven|Icy Wind|p1b: Iron Hands|[spread] p1a,p1b\n|-resisted|p1a: Scizor\n|-crit|p1b: Iron Hands\n|-damage|p1a: Scizor|2\/100 slp\n|-damage|p1b: Iron Hands|58\/100\n|-unboost|p1a: Scizor|spe|1\n|-unboost|p1b: Iron Hands|spe|1\n|\n|upkeep\n|turn|7\n|\n|t:|1681931840\n|move|p1b: Iron Hands|Protect|p1b: Iron Hands\n|-singleturn|p1b: Iron Hands|Protect\n|-curestatus|p1a: Scizor|slp|[msg]\n|move|p1a: Scizor|Bullet Punch|p2a: buhbongalo\n|-damage|p2a: buhbongalo|0 fnt\n|faint|p2a: buhbongalo\n|-end|p2a: buhbongalo|Protosynthesis|[silent]\n|-damage|p1a: Scizor|0 fnt|[from] item: Life Orb\n|faint|p1a: Scizor\n|move|p2b: steven|Muddy Water|p1b: Iron Hands\n|-activate|p1b: Iron Hands|move: Protect\n|\n|upkeep\n|\n|t:|1681931852\n|switch|p1a: Chi-Yu|Chi-Yu, L50|100\/100\n|switch|p2a: michael|Vivillon-Fancy, L50, M|100\/100\n|-ability|p1a: Chi-Yu|Beads of Ruin\n|turn|8\n|inactive|OneWithTheSnom has 30 seconds left.\n|\n|t:|1681931879\n|-terastallize|p1a: Chi-Yu|Grass\n|move|p2a: michael|Protect|p2a: michael\n|-singleturn|p2a: michael|Protect\n|move|p1a: Chi-Yu|Heat Wave|p2a: michael|[spread] p2b\n|-activate|p2a: michael|move: Protect\n|-resisted|p2b: steven\n|-damage|p2b: steven|83\/100\n|move|p1b: Iron Hands|Drain Punch|p2b: steven\n|-damage|p2b: steven|45\/100\n|-heal|p1b: Iron Hands|74\/100|[from] drain|[of] p2b: steven\n|move|p2b: steven|Icy Wind|p1b: Iron Hands|[spread] p1a,p1b\n|-supereffective|p1a: Chi-Yu\n|-crit|p1a: Chi-Yu\n|-damage|p1a: Chi-Yu|53\/100\n|-damage|p1b: Iron Hands|60\/100\n|-unboost|p1a: Chi-Yu|spe|1\n|-unboost|p1b: Iron Hands|spe|1\n|\n|-heal|p2b: steven|51\/100|[from] item: Leftovers\n|upkeep\n|turn|9\n|\n|t:|1681931898\n|switch|p1a: Ting-Lu|Ting-Lu, L50|22\/100\n|-ability|p1a: Ting-Lu|Vessel of Ruin\n|move|p2a: michael|Pollen Puff|p1a: Ting-Lu\n|-supereffective|p1a: Ting-Lu\n|-damage|p1a: Ting-Lu|0 fnt\n|faint|p1a: Ting-Lu\n|move|p2b: steven|Icy Wind|p1b: Iron Hands\n|-damage|p1b: Iron Hands|45\/100\n|-unboost|p1b: Iron Hands|spe|1\n|move|p1b: Iron Hands|Thunder Punch|p2a: michael\n|-supereffective|p2a: michael\n|-damage|p2a: michael|0 fnt\n|faint|p2a: michael\n|\n|-heal|p2b: steven|57\/100|[from] item: Leftovers\n|upkeep\n|\n|t:|1681931908\n|switch|p1a: Chi-Yu|Chi-Yu, L50, tera:Grass|53\/100\n|-ability|p1a: Chi-Yu|Beads of Ruin\n|turn|10\n|\n|t:|1681931916\n|-terastallize|p2b: steven|Water\n|move|p1a: Chi-Yu|Dark Pulse|p2b: steven\n|-damage|p2b: steven|3\/100\n|move|p2b: steven|Muddy Water|p1a: Chi-Yu|[spread] p1a,p1b\n|-resisted|p1a: Chi-Yu\n|-damage|p1a: Chi-Yu|27\/100\n|-damage|p1b: Iron Hands|0 fnt\n|-unboost|p1a: Chi-Yu|accuracy|1\n|faint|p1b: Iron Hands\n|-end|p1b: Iron Hands|Quark Drive|[silent]\n|\n|-heal|p2b: steven|10\/100|[from] item: Leftovers\n|upkeep\n|turn|11\n|\n|t:|1681931923\n|move|p2b: steven|Protect|p2b: steven\n|-singleturn|p2b: steven|Protect\n|move|p1a: Chi-Yu|Dark Pulse|p2b: steven\n|-activate|p2b: steven|move: Protect\n|\n|-heal|p2b: steven|16\/100|[from] item: Leftovers\n|upkeep\n|turn|12\n|\n|t:|1681931927\n|move|p1a: Chi-Yu|Dark Pulse|p2b: steven\n|-damage|p2b: steven|0 fnt\n|faint|p2b: steven\n|\n|win|OneWithTheSnom\n|raw|OneWithTheSnom's rating: 1164 → 1189<\/strong> (+25 for winning)\n|raw|THGMonkeMan's rating: 1169 → 1144<\/strong> (-25 for losing)\n|c|\u2606OneWithTheSnom|gg\n|l|\u2606THGMonkeMan\n","uploadtime":1681931934,"views":12,"p1id":"onewiththesnom","p2id":"thgmonkeman","formatid":"gen9vgc2023regulationc","rating":1144,"private":0,"password":""}