{"id":"gen9vgc2023regulationc-1847061122","p1":"supaflytnt","p2":"Jaytodd13","format":"[Gen 9] VGC 2023 Regulation C","log":"|j|\u2606supaflytnt\n|j|\u2606Jaytodd13\n|t:|1681915833\n|gametype|doubles\n|player|p1|supaflytnt|2|1259\n|player|p2|Jaytodd13|blue|1311\n|teamsize|p1|6\n|teamsize|p2|6\n|gen|9\n|tier|[Gen 9] VGC 2023 Regulation C\n|rated|\n|rule|Species Clause: Limit one of each Pok\u00e9mon\n|rule|Item Clause: Limit one of each item\n|clearpoke\n|poke|p1|Flutter Mane, L50|\n|poke|p1|Arcanine, L50, M|\n|poke|p1|Baxcalibur, L50, M|\n|poke|p1|Palafin, L50, F|\n|poke|p1|Amoonguss, L50, M|\n|poke|p1|Kingambit, L50, F|\n|poke|p2|Pelipper, L50, M|\n|poke|p2|Ting-Lu, L50|\n|poke|p2|Glimmora, L50, M|\n|poke|p2|Chien-Pao, L50|\n|poke|p2|Dondozo, L50, F|\n|poke|p2|Tatsugiri-Droopy, L50, F|\n|teampreview|4\nsupaflytnt has agreed to open team sheets.\nJaytodd13 has agreed to open team sheets.\n|\n|t:|1681915903\n|start\n|switch|p1a: Noah\u2019s Ark|Arcanine, L50, M|100\/100\n|switch|p1b: Among who?|Amoonguss, L50, M|100\/100\n|switch|p2a: Pelipper|Pelipper, L50, M|100\/100\n|switch|p2b: Glimmora|Glimmora, L50, M|100\/100\n|-ability|p1a: Noah\u2019s Ark|Intimidate|boost\n|-unboost|p2a: Pelipper|atk|1\n|-unboost|p2b: Glimmora|atk|1\n|-weather|RainDance|[from] ability: Drizzle|[of] p2a: Pelipper\n|turn|1\n|\n|t:|1681915939\n|switch|p1a: Kingambit|Kingambit, L50, F|100\/100\n|-terastallize|p2b: Glimmora|Grass\n|move|p2b: Glimmora|Energy Ball|p1b: Among who?\n|-resisted|p1b: Among who?\n|-damage|p1b: Among who?|92\/100\n|move|p2a: Pelipper|Hurricane|p1b: Among who?\n|-supereffective|p1b: Among who?\n|-damage|p1b: Among who?|32\/100\n|-start|p1b: Among who?|confusion\n|-activate|p1b: Among who?|confusion\n|move|p1b: Among who?|Spore|p2a: Pelipper\n|-status|p2a: Pelipper|slp|[from] move: Spore\n|\n|-weather|RainDance|[upkeep]\n|upkeep\n|turn|2\n|\n|t:|1681915963\n|switch|p1b: Gucci Mane|Flutter Mane, L50, shiny|100\/100\n|move|p2b: Glimmora|Sludge Bomb|p1b: Gucci Mane\n|-damage|p1b: Gucci Mane|54\/100\n|cant|p2a: Pelipper|slp\n|move|p1a: Kingambit|Iron Head|p2b: Glimmora\n|-damage|p2b: Glimmora|45\/100\n|-activate|p2b: Glimmora|ability: Toxic Debris\n|-sidestart|p1: supaflytnt|move: Toxic Spikes\n|\n|-weather|RainDance|[upkeep]\n|upkeep\n|turn|3\n|\n|t:|1681916009\n|cant|p2a: Pelipper|slp\n|move|p1b: Gucci Mane|Moonblast|p2b: Glimmora\n|-damage|p2b: Glimmora|0 fnt\n|faint|p2b: Glimmora\n|move|p1a: Kingambit|Kowtow Cleave|p2a: Pelipper\n|-crit|p2a: Pelipper\n|-damage|p2a: Pelipper|19\/100 slp\n|-enditem|p2a: Pelipper|Sitrus Berry|[eat]\n|-heal|p2a: Pelipper|44\/100 slp|[from] item: Sitrus Berry\n|\n|-weather|RainDance|[upkeep]\n|upkeep\n|\n|t:|1681916013\n|switch|p2b: Dondozo|Dondozo, L50, F|100\/100\n|turn|4\n|\n|t:|1681916038\n|move|p1a: Kingambit|Protect|p1a: Kingambit\n|-singleturn|p1a: Kingambit|Protect\n|move|p1b: Gucci Mane|Moonblast|p2a: Pelipper\n|-damage|p2a: Pelipper|0 fnt\n|faint|p2a: Pelipper\n|move|p2b: Dondozo|Heavy Slam|p1b: Gucci Mane\n|-supereffective|p1b: Gucci Mane\n|-damage|p1b: Gucci Mane|0 fnt\n|faint|p1b: Gucci Mane\n|-end|p1b: Gucci Mane|Protosynthesis|[silent]\n|\n|-weather|RainDance|[upkeep]\n|upkeep\n|\n|t:|1681916048\n|switch|p1b: Among who?|Amoonguss, L50, M|65\/100\n|switch|p2a: Chien-Pao|Chien-Pao, L50|100\/100\n|-ability|p2a: Chien-Pao|Sword of Ruin\n|-sideend|p1: supaflytnt|move: Toxic Spikes|[of] p1b: Among who?\n|turn|5\n|\n|t:|1681916073\n|switch|p1b: Noah\u2019s Ark|Arcanine, L50, M|100\/100\n|-ability|p1b: Noah\u2019s Ark|Intimidate|boost\n|-unboost|p2a: Chien-Pao|atk|1\n|-unboost|p2b: Dondozo|atk|1\n|-terastallize|p1a: Kingambit|Water\n|move|p2a: Chien-Pao|Ice Spinner|p1b: Noah\u2019s Ark\n|-resisted|p1b: Noah\u2019s Ark\n|-damage|p1b: Noah\u2019s Ark|73\/100\n|-damage|p2a: Chien-Pao|91\/100|[from] item: Life Orb\n|move|p1a: Kingambit|Iron Head|p2a: Chien-Pao\n|-supereffective|p2a: Chien-Pao\n|-damage|p2a: Chien-Pao|0 fnt\n|faint|p2a: Chien-Pao\n|move|p2b: Dondozo|Body Press|p1a: Kingambit\n|-damage|p1a: Kingambit|76\/100\n|\n|-weather|none\n|upkeep\n|turn|6\n|-message|Jaytodd13 forfeited.\n|\n|win|supaflytnt\n|raw|supaflytnt's rating: 1259 → 1288<\/strong> (+29 for winning)\n|raw|Jaytodd13's rating: 1311 → 1288<\/strong> (-23 for losing)\n|l|\u2606Jaytodd13\n","uploadtime":1681916887,"views":8,"p1id":"supaflytnt","p2id":"jaytodd13","formatid":"gen9vgc2023regulationc","rating":1288,"private":0,"password":""}