{"id":"gen9vgc2023regulationc-1858784384","p1":"DerrickSenpaiTM","p2":"Ayrshire20Scythers","format":"[Gen 9] VGC 2023 Regulation C","log":"|j|\u2606DerrickSenpaiTM\n|j|\u2606Ayrshire20Scythers\n|t:|1683360520\n|gametype|doubles\n|player|p1|DerrickSenpaiTM|raihan|\n|player|p2|Ayrshire20Scythers|policeman-gen4|\n|teamsize|p1|6\n|teamsize|p2|6\n|gen|9\n|tier|[Gen 9] VGC 2023 Regulation C\n|rule|Species Clause: Limit one of each Pok\u00e9mon\n|rule|Item Clause: Limit one of each item\n|clearpoke\n|poke|p1|Kingambit, L50, F|\n|poke|p1|Slither Wing, L50|\n|poke|p1|Hatterene, L50, F|\n|poke|p1|Copperajah, L50, F|\n|poke|p1|Farigiraf, L50, M|\n|poke|p1|Rabsca, L50, M|\n|poke|p2|Pincurchin, L50, M|\n|poke|p2|Iron Moth, L50|\n|poke|p2|Tyranitar, L50, M|\n|poke|p2|Iron Thorns, L50|\n|poke|p2|Iron Jugulis, L50|\n|poke|p2|Indeedee-F, L50, F|\n|teampreview|4\nAyrshire20Scythers has agreed to open team sheets.\n|\n|t:|1683360589\n|start\n|switch|p1a: Rabsca|Rabsca, L50, M|100\/100\n|switch|p1b: Slither Wing|Slither Wing, L50|100\/100\n|switch|p2a: Iron Jugulis|Iron Jugulis, L50, shiny|100\/100\n|switch|p2b: Pincurchin|Pincurchin, L50, M, shiny|100\/100\n|-fieldstart|move: Electric Terrain|[from] ability: Electric Surge|[of] p2b: Pincurchin\n|-activate|p2a: Iron Jugulis|ability: Quark Drive\n|-start|p2a: Iron Jugulis|quarkdrivespe\n|-enditem|p1b: Slither Wing|Booster Energy\n|-activate|p1b: Slither Wing|ability: Protosynthesis|[fromitem]\n|-start|p1b: Slither Wing|protosynthesisatk\n|turn|1\n|\n|t:|1683360620\n|-terastallize|p1b: Slither Wing|Steel\n|move|p2b: Pincurchin|Protect|p2b: Pincurchin\n|-singleturn|p2b: Pincurchin|Protect\n|move|p1b: Slither Wing|First Impression|p2a: Iron Jugulis\n|-damage|p2a: Iron Jugulis|19\/100\n|-enditem|p2a: Iron Jugulis|Sitrus Berry|[eat]\n|-heal|p2a: Iron Jugulis|44\/100|[from] item: Sitrus Berry\n|move|p2a: Iron Jugulis|Air Slash|p1b: Slither Wing\n|-resisted|p1b: Slither Wing\n|-damage|p1b: Slither Wing|83\/100\n|move|p1a: Rabsca|Trick Room|p1a: Rabsca\n|-fieldstart|move: Trick Room|[of] p1a: Rabsca\n|\n|upkeep\n|turn|2\n|\n|t:|1683360656\n|-end|p2a: Iron Jugulis|Quark Drive|[silent]\n|switch|p2a: Iron Thorns|Iron Thorns, L50, shiny|100\/100\n|-activate|p2a: Iron Thorns|ability: Quark Drive\n|-start|p2a: Iron Thorns|quarkdriveatk\n|-item|p2a: Iron Thorns|Air Balloon\n|move|p2b: Pincurchin|Discharge|p1a: Rabsca|[spread] p2a,p1a,p1b\n|-resisted|p2a: Iron Thorns\n|-damage|p2a: Iron Thorns|89\/100\n|-damage|p1a: Rabsca|75\/100\n|-damage|p1b: Slither Wing|62\/100\n|-enditem|p2a: Iron Thorns|Air Balloon\n|move|p1a: Rabsca|Earth Power|p2b: Pincurchin\n|-supereffective|p2b: Pincurchin\n|-damage|p2b: Pincurchin|9\/100\n|move|p1b: Slither Wing|Leech Life|p2a: Iron Thorns\n|-damage|p2a: Iron Thorns|40\/100\n|-heal|p1b: Slither Wing|89\/100|[from] drain|[of] p2a: Iron Thorns\n|\n|upkeep\n|turn|3\n|\n|t:|1683360725\n|move|p2b: Pincurchin|Protect|p2b: Pincurchin\n|-singleturn|p2b: Pincurchin|Protect\n|move|p1a: Rabsca|Bug Buzz|p2b: Pincurchin\n|-activate|p2b: Pincurchin|move: Protect\n|move|p2a: Iron Thorns|Rock Slide|p1b: Slither Wing|[spread] p1a,p1b\n|-supereffective|p1a: Rabsca\n|-resisted|p1b: Slither Wing\n|-damage|p1a: Rabsca|0 fnt\n|-damage|p1b: Slither Wing|67\/100\n|faint|p1a: Rabsca\n|cant|p1b: Slither Wing|flinch\n|\n|upkeep\n|\n|t:|1683360739\n|switch|p1a: Kingambit|Kingambit, L50, F|100\/100\n|turn|4\n|\n|t:|1683360753\n|move|p2a: Iron Thorns|Protect|p2a: Iron Thorns\n|-singleturn|p2a: Iron Thorns|Protect\n|move|p2b: Pincurchin|Recover|p2b: Pincurchin\n|-heal|p2b: Pincurchin|59\/100\n|move|p1a: Kingambit|Iron Head|p2a: Iron Thorns\n|-activate|p2a: Iron Thorns|move: Protect\n|move|p1b: Slither Wing|Leech Life|p2b: Pincurchin\n|-damage|p2b: Pincurchin|9\/100\n|-heal|p1b: Slither Wing|87\/100|[from] drain|[of] p2b: Pincurchin\n|\n|upkeep\n|turn|5\n|\n|t:|1683360782\n|move|p2b: Pincurchin|Protect|p2b: Pincurchin\n|-singleturn|p2b: Pincurchin|Protect\n|move|p1a: Kingambit|Sucker Punch|p2a: Iron Thorns\n|-damage|p2a: Iron Thorns|0 fnt\n|faint|p2a: Iron Thorns\n|-end|p2a: Iron Thorns|Quark Drive|[silent]\n|move|p1b: Slither Wing|Leech Life|p2b: Pincurchin\n|-activate|p2b: Pincurchin|move: Protect\n|\n|-fieldend|move: Trick Room\n|upkeep\n|\n|t:|1683360794\n|switch|p2a: Iron Moth|Iron Moth, L50, shiny|100\/100\n|-activate|p2a: Iron Moth|ability: Quark Drive\n|-start|p2a: Iron Moth|quarkdrivespe\n|turn|6\n|\n|t:|1683360813\n|move|p1a: Kingambit|Sucker Punch|p2a: Iron Moth\n|-damage|p2a: Iron Moth|26\/100\n|move|p2a: Iron Moth|Heat Wave|p1b: Slither Wing|[spread] p1a\n|-miss|p2a: Iron Moth|p1b: Slither Wing\n|-supereffective|p1a: Kingambit\n|-damage|p1a: Kingambit|13\/100\n|-damage|p2a: Iron Moth|16\/100|[from] item: Life Orb\n|move|p1b: Slither Wing|Close Combat|p2a: Iron Moth\n|-resisted|p2a: Iron Moth\n|-damage|p2a: Iron Moth|0 fnt\n|-unboost|p1b: Slither Wing|def|1\n|-unboost|p1b: Slither Wing|spd|1\n|faint|p2a: Iron Moth\n|-end|p2a: Iron Moth|Quark Drive|[silent]\n|move|p2b: Pincurchin|Recover|p2b: Pincurchin\n|-heal|p2b: Pincurchin|59\/100\n|\n|upkeep\n|\n|t:|1683360831\n|switch|p2a: Iron Jugulis|Iron Jugulis, L50, shiny|44\/100\n|-activate|p2a: Iron Jugulis|ability: Quark Drive\n|-start|p2a: Iron Jugulis|quarkdrivespe\n|turn|7\n|\n|t:|1683360874\n|move|p1a: Kingambit|Sucker Punch|p2b: Pincurchin\n|-damage|p2b: Pincurchin|14\/100\n|move|p2a: Iron Jugulis|Tailwind|p2a: Iron Jugulis\n|-sidestart|p2: Ayrshire20Scythers|move: Tailwind\n|move|p1b: Slither Wing|Close Combat|p2a: Iron Jugulis\n|-damage|p2a: Iron Jugulis|0 fnt\n|-unboost|p1b: Slither Wing|def|1\n|-unboost|p1b: Slither Wing|spd|1\n|faint|p2a: Iron Jugulis\n|-end|p2a: Iron Jugulis|Quark Drive|[silent]\n|move|p2b: Pincurchin|Discharge|p1b: Slither Wing|[spread] p1a,p1b\n|-damage|p1a: Kingambit|0 fnt\n|-damage|p1b: Slither Wing|42\/100\n|-status|p1b: Slither Wing|par\n|faint|p1a: Kingambit\n|\n|upkeep\n|\n|t:|1683360891\n|switch|p1a: Copperajah|Copperajah, L50, F|100\/100\n|turn|8\n|\n|t:|1683360904\n|-terastallize|p2b: Pincurchin|Water\n|move|p2b: Pincurchin|Recover|p2b: Pincurchin\n|-heal|p2b: Pincurchin|64\/100\n|move|p1b: Slither Wing|Leech Life|p2b: Pincurchin\n|-damage|p2b: Pincurchin|11\/100\n|-heal|p1b: Slither Wing|64\/100 par|[from] drain|[of] p2b: Pincurchin\n|move|p1a: Copperajah|High Horsepower|p2b: Pincurchin\n|-damage|p2b: Pincurchin|0 fnt\n|faint|p2b: Pincurchin\n|-damage|p1a: Copperajah|91\/100|[from] item: Life Orb\n|\n|win|DerrickSenpaiTM\n|l|\u2606DerrickSenpaiTM\n|l|\u2606Ayrshire20Scythers\n|j|\u2606Ayrshire20Scythers\n|player|p2|Ayrshire20Scythers|policeman-gen4\n","uploadtime":1683360921,"views":12,"p1id":"derricksenpaitm","p2id":"ayrshire20scythers","formatid":"gen9vgc2023regulationc","rating":0,"private":0,"password":""}