{"id":"gen9vgc2023regulationc-1848047896","p1":"That_Leek","p2":"color_or_colour","format":"[Gen 9] VGC 2023 Regulation C","log":"|j|\u2606That_Leek\n|j|\u2606color_or_colour\n|t:|1682024006\n|gametype|doubles\n|player|p1|That_Leek|blue-masters|1195\n|player|p2|color_or_colour|clown|1183\n|teamsize|p1|6\n|teamsize|p2|6\n|gen|9\n|tier|[Gen 9] VGC 2023 Regulation C\n|rated|\n|rule|Species Clause: Limit one of each Pok\u00e9mon\n|rule|Item Clause: Limit one of each item\n|clearpoke\n|poke|p1|Gholdengo, L50|\n|poke|p1|Gyarados, L50, M|\n|poke|p1|Tyranitar, L50, F|\n|poke|p1|Maushold-Four, L50|\n|poke|p1|Annihilape, L50, M|\n|poke|p1|Volcarona, L50, M|\n|poke|p2|Murkrow, L50, F|\n|poke|p2|Altaria, L50, F|\n|poke|p2|Flamigo, L50, M|\n|poke|p2|Ampharos, L50, M|\n|poke|p2|Sylveon, L50, F|\n|poke|p2|Toxtricity-Low-Key, L50, M|\n|teampreview|4\nThat_Leek has agreed to open team sheets.\n|inactive|Battle timer is ON: inactive players will automatically lose when time's up. (requested by color_or_colour)\ncolor_or_colour rejected open team sheets.\n|c|\u2606color_or_colour|how did you get that avatar\n|inactive|That_Leek has 60 seconds left.\n|\n|t:|1682024056\n|start\n|switch|p1a: Maushold|Maushold-Four, L50|100\/100\n|switch|p1b: Gholdengo|Gholdengo, L50|100\/100\n|switch|p2a: Ampharos|Ampharos, L50, M, shiny|100\/100\n|switch|p2b: Toxtricity|Toxtricity-Low-Key, L50, M, shiny|100\/100\n|turn|1\n|\n|t:|1682024068\n|move|p2b: Toxtricity|Protect|p2b: Toxtricity\n|-singleturn|p2b: Toxtricity|Protect\n|move|p1a: Maushold|Super Fang|p2a: Ampharos\n|-damage|p2a: Ampharos|51\/100\n|move|p1b: Gholdengo|Nasty Plot|p1b: Gholdengo\n|-boost|p1b: Gholdengo|spa|2\n|move|p2a: Ampharos|Magnetic Flux|p2a: Ampharos\n|-boost|p2a: Ampharos|def|1\n|-boost|p2a: Ampharos|spd|1\n|-boost|p2b: Toxtricity|def|1\n|-boost|p2b: Toxtricity|spd|1\n|\n|-heal|p2a: Ampharos|57\/100|[from] item: Leftovers\n|upkeep\n|turn|2\n|c|\u2606That_Leek|Wartortle\n|c|\u2606color_or_colour|?\n|inactive|That_Leek has 30 seconds left.\n|\n|t:|1682024103\n|move|p1a: Maushold|Super Fang|p2a: Ampharos\n|-damage|p2a: Ampharos|29\/100\n|move|p1b: Gholdengo|Shadow Ball|p2b: Toxtricity\n|-damage|p2b: Toxtricity|24\/100\n|-damage|p1b: Gholdengo|91\/100|[from] item: Life Orb\n|move|p2b: Toxtricity|Magnetic Flux|p2b: Toxtricity\n|-boost|p2a: Ampharos|def|1\n|-boost|p2a: Ampharos|spd|1\n|-boost|p2b: Toxtricity|def|1\n|-boost|p2b: Toxtricity|spd|1\n|move|p2a: Ampharos|Magnetic Flux|p2a: Ampharos\n|-boost|p2a: Ampharos|def|1\n|-boost|p2a: Ampharos|spd|1\n|-boost|p2b: Toxtricity|def|1\n|-boost|p2b: Toxtricity|spd|1\n|\n|-heal|p2a: Ampharos|35\/100|[from] item: Leftovers\n|upkeep\n|turn|3\n|\n|t:|1682024118\n|move|p2b: Toxtricity|Protect|p2b: Toxtricity\n|-singleturn|p2b: Toxtricity|Protect\n|move|p1a: Maushold|Super Fang|p2a: Ampharos\n|-damage|p2a: Ampharos|18\/100\n|move|p1b: Gholdengo|Make It Rain|p2b: Toxtricity|[spread] p2a\n|-activate|p2b: Toxtricity|move: Protect\n|-resisted|p2a: Ampharos\n|-damage|p2a: Ampharos|0 fnt\n|-unboost|p1b: Gholdengo|spa|1\n|faint|p2a: Ampharos\n|-damage|p1b: Gholdengo|81\/100|[from] item: Life Orb\n|\n|upkeep\n|\n|t:|1682024128\n|switch|p2a: Flamigo|Flamigo, L50, M|100\/100\n|-copyboost|p2a: Flamigo|p2b: Toxtricity|[from] ability: Costar\n|turn|4\n|\n|t:|1682024135\n|-terastallize|p2a: Flamigo|Steel\n|move|p1a: Maushold|Follow Me|p1a: Maushold\n|-singleturn|p1a: Maushold|move: Follow Me\n|move|p2a: Flamigo|Throat Chop|p1a: Maushold\n|-damage|p1a: Maushold|65\/100\n|-start|p1a: Maushold|Throat Chop|[silent]\n|move|p1b: Gholdengo|Nasty Plot|p1b: Gholdengo\n|-boost|p1b: Gholdengo|spa|2\n|move|p2b: Toxtricity|Overdrive|p1b: Gholdengo|[spread] p1a,p1b\n|-damage|p1a: Maushold|37\/100\n|-damage|p1b: Gholdengo|63\/100\n|-enditem|p2b: Toxtricity|Throat Spray\n|-boost|p2b: Toxtricity|spa|1|[from] item: Throat Spray\n|\n|upkeep\n|turn|5\n|\n|t:|1682024151\n|move|p2b: Toxtricity|Protect|p2b: Toxtricity\n|-singleturn|p2b: Toxtricity|Protect\n|move|p1a: Maushold|Super Fang|p2a: Flamigo\n|-damage|p2a: Flamigo|51\/100\n|move|p2a: Flamigo|Acrobatics|p1a: Maushold\n|-damage|p1a: Maushold|0 fnt\n|faint|p1a: Maushold\n|move|p1b: Gholdengo|Shadow Ball|p2a: Flamigo\n|-damage|p2a: Flamigo|0 fnt\n|faint|p2a: Flamigo\n|-damage|p1b: Gholdengo|54\/100|[from] item: Life Orb\n|\n|upkeep\n|\n|t:|1682024166\n|switch|p1a: Annihilape|Annihilape, L50, M|100\/100\n|switch|p2a: Sylveon|Sylveon, L50, F|100\/100\n|turn|6\n|\n|t:|1682024178\n|-terastallize|p1a: Annihilape|Fire\n|move|p1b: Gholdengo|Protect|p1b: Gholdengo\n|-singleturn|p1b: Gholdengo|Protect\n|move|p1a: Annihilape|Bulk Up|p1a: Annihilape\n|-boost|p1a: Annihilape|atk|1\n|-boost|p1a: Annihilape|def|1\n|move|p2b: Toxtricity|Overdrive|p1b: Gholdengo|[spread] p1a\n|-activate|p1b: Gholdengo|move: Protect\n|-damage|p1a: Annihilape|76\/100\n|move|p2a: Sylveon|Shadow Ball|p1b: Gholdengo\n|-activate|p1b: Gholdengo|move: Protect\n|\n|-heal|p1a: Annihilape|82\/100|[from] item: Leftovers\n|upkeep\n|turn|7\n|\n|t:|1682024195\n|move|p2b: Toxtricity|Protect|p2b: Toxtricity\n|-singleturn|p2b: Toxtricity|Protect\n|move|p1a: Annihilape|Rage Fist|p2b: Toxtricity\n|-activate|p2b: Toxtricity|move: Protect\n|move|p1b: Gholdengo|Make It Rain|p2b: Toxtricity|[spread] p2a\n|-activate|p2b: Toxtricity|move: Protect\n|-supereffective|p2a: Sylveon\n|-damage|p2a: Sylveon|0 fnt\n|-unboost|p1b: Gholdengo|spa|1\n|faint|p2a: Sylveon\n|-damage|p1b: Gholdengo|44\/100|[from] item: Life Orb\n|\n|-heal|p1a: Annihilape|88\/100|[from] item: Leftovers\n|upkeep\n|turn|8\n|-message|color_or_colour forfeited.\n|\n|win|That_Leek\n|raw|That_Leek's rating: 1195 → 1219<\/strong> (+24 for winning)\n|raw|color_or_colour's rating: 1183 → 1159<\/strong> (-24 for losing)\n|l|\u2606color_or_colour\n","uploadtime":1682024209,"views":7,"p1id":"thatleek","p2id":"colororcolour","formatid":"gen9vgc2023regulationc","rating":1159,"private":0,"password":""}