{"id":"gen9vgc2023regulationc-1859789446","p1":"NeUnderTown","p2":"littensalt","format":"[Gen 9] VGC 2023 Regulation C","log":"|j|\u2606NeUnderTown\n|j|\u2606littensalt\n|t:|1683564705\n|gametype|doubles\n|player|p1|NeUnderTown|lusamine-nihilego|1140\n|player|p2|littensalt|hugh|1019\n|teamsize|p1|6\n|teamsize|p2|6\n|gen|9\n|tier|[Gen 9] VGC 2023 Regulation C\n|rated|\n|rule|Species Clause: Limit one of each Pok\u00e9mon\n|rule|Item Clause: Limit one of each item\n|clearpoke\n|poke|p1|Klefki, L50, F|\n|poke|p1|Tyranitar, L50, M|\n|poke|p1|Kingambit, L50, M|\n|poke|p1|Gholdengo, L50|\n|poke|p1|Talonflame, L50, F|\n|poke|p1|Arboliva, L50, F|\n|poke|p2|Indeedee-F, L50, F|\n|poke|p2|Armarouge, L50, F|\n|poke|p2|Gholdengo, L50|\n|poke|p2|Murkrow, L50, M|\n|poke|p2|Meowscarada, L50, F|\n|poke|p2|Great Tusk, L50|\n|teampreview|4\nNeUnderTown rejected open team sheets.\n|inactive|Battle timer is ON: inactive players will automatically lose when time's up. (requested by littensalt)\n|\n|t:|1683564790\n|start\n|switch|p1a: Tyranitar|Tyranitar, L50, M|100\/100\n|switch|p1b: Kingambit|Kingambit, L50, M|100\/100\n|switch|p2a: Indeedee|Indeedee-F, L50, F|100\/100\n|switch|p2b: Gholdengo|Gholdengo, L50|100\/100\n|-fieldstart|move: Psychic Terrain|[from] ability: Psychic Surge|[of] p2a: Indeedee\n|-enditem|p2a: Indeedee|Psychic Seed\n|-boost|p2a: Indeedee|spd|1|[from] item: Psychic Seed\n|-weather|Sandstorm|[from] ability: Sand Stream|[of] p1a: Tyranitar\n|turn|1\n|\n|t:|1683564815\n|switch|p2a: Armarouge|Armarouge, L50, F|100\/100\n|move|p2b: Gholdengo|Make It Rain|p1b: Kingambit|[spread] p1a,p1b\n|-supereffective|p1a: Tyranitar\n|-resisted|p1b: Kingambit\n|-damage|p1a: Tyranitar|51\/100\n|-damage|p1b: Kingambit|86\/100\n|-unboost|p2b: Gholdengo|spa|1\n|move|p1a: Tyranitar|Rock Slide|p2a: Armarouge|[spread] p2a,p2b\n|-supereffective|p2a: Armarouge\n|-resisted|p2b: Gholdengo\n|-damage|p2a: Armarouge|40\/100\n|-damage|p2b: Gholdengo|74\/100\n|move|p1b: Kingambit|Kowtow Cleave|p2a: Armarouge\n|-supereffective|p2a: Armarouge\n|-damage|p2a: Armarouge|0 fnt\n|faint|p2a: Armarouge\n|\n|-weather|Sandstorm|[upkeep]\n|-heal|p2b: Gholdengo|80\/100|[from] item: Leftovers\n|upkeep\n|\n|t:|1683564831\n|switch|p2a: Great Tusk|Great Tusk, L50|100\/100\n|-enditem|p2a: Great Tusk|Booster Energy\n|-activate|p2a: Great Tusk|ability: Protosynthesis|[fromitem]\n|-start|p2a: Great Tusk|protosynthesisatk\n|turn|2\n|\n|t:|1683564848\n|move|p2a: Great Tusk|Close Combat|p1b: Kingambit\n|-supereffective|p1b: Kingambit\n|-damage|p1b: Kingambit|0 fnt\n|-unboost|p2a: Great Tusk|def|1\n|-unboost|p2a: Great Tusk|spd|1\n|faint|p1b: Kingambit\n|move|p2b: Gholdengo|Nasty Plot|p2b: Gholdengo\n|-boost|p2b: Gholdengo|spa|2\n|move|p1a: Tyranitar|Rock Slide|p2a: Great Tusk|[spread] p2a\n|-miss|p1a: Tyranitar|p2b: Gholdengo\n|-resisted|p2a: Great Tusk\n|-damage|p2a: Great Tusk|86\/100\n|\n|-weather|Sandstorm|[upkeep]\n|-heal|p2b: Gholdengo|86\/100|[from] item: Leftovers\n|upkeep\n|\n|t:|1683564861\n|switch|p1b: Klefki|Klefki, L50, F|100\/100\n|turn|3\n|\n|t:|1683564878\n|move|p1b: Klefki|Reflect|p1b: Klefki\n|-sidestart|p1: NeUnderTown|Reflect\n|move|p2a: Great Tusk|Close Combat|p1a: Tyranitar\n|-supereffective|p1a: Tyranitar\n|-damage|p1a: Tyranitar|0 fnt\n|-unboost|p2a: Great Tusk|def|1\n|-unboost|p2a: Great Tusk|spd|1\n|faint|p1a: Tyranitar\n|move|p2b: Gholdengo|Make It Rain|p1b: Klefki\n|-crit|p1b: Klefki\n|-damage|p1b: Klefki|0 fnt\n|-unboost|p2b: Gholdengo|spa|1\n|faint|p1b: Klefki\n|\n|-weather|Sandstorm|[upkeep]\n|-heal|p2b: Gholdengo|92\/100|[from] item: Leftovers\n|upkeep\n|\n|t:|1683564895\n|switch|p1b: Arboliva|Arboliva, L50, F|100\/100\n|turn|4\n|\n|t:|1683564903\n|-terastallize|p1b: Arboliva|Water\n|move|p2a: Great Tusk|Close Combat|p1b: Arboliva\n|-damage|p1b: Arboliva|42\/100\n|-unboost|p2a: Great Tusk|def|1\n|-unboost|p2a: Great Tusk|spd|1\n|-enditem|p1b: Arboliva|Sitrus Berry|[eat]\n|-heal|p1b: Arboliva|67\/100|[from] item: Sitrus Berry\n|move|p2b: Gholdengo|Make It Rain|p1b: Arboliva\n|-resisted|p1b: Arboliva\n|-damage|p1b: Arboliva|46\/100\n|-unboost|p2b: Gholdengo|spa|1\n|move|p1b: Arboliva|Leech Seed|p2a: Great Tusk\n|-start|p2a: Great Tusk|move: Leech Seed\n|\n|-weather|Sandstorm|[upkeep]\n|-damage|p1b: Arboliva|40\/100|[from] Sandstorm\n|-heal|p2b: Gholdengo|99\/100|[from] item: Leftovers\n|-damage|p2a: Great Tusk|74\/100|[from] Leech Seed|[of] p1b: Arboliva\n|-heal|p1b: Arboliva|52\/100|[silent]\n|-item|p1b: Arboliva|Sitrus Berry|[from] ability: Harvest\n|upkeep\n|turn|5\n|\n|t:|1683564923\n|move|p1b: Arboliva|Protect|p1b: Arboliva\n|-singleturn|p1b: Arboliva|Protect\n|move|p2a: Great Tusk|Close Combat|p1b: Arboliva\n|-activate|p1b: Arboliva|move: Protect\n|move|p2b: Gholdengo|Nasty Plot|p2b: Gholdengo\n|-boost|p2b: Gholdengo|spa|2\n|\n|-weather|none\n|-heal|p2b: Gholdengo|100\/100|[from] item: Leftovers\n|-damage|p2a: Great Tusk|62\/100|[from] Leech Seed|[of] p1b: Arboliva\n|-heal|p1b: Arboliva|65\/100|[silent]\n|-fieldend|move: Psychic Terrain\n|upkeep\n|turn|6\n|\n|t:|1683564941\n|move|p2a: Great Tusk|Close Combat|p1b: Arboliva\n|-damage|p1b: Arboliva|3\/100\n|-unboost|p2a: Great Tusk|def|1\n|-unboost|p2a: Great Tusk|spd|1\n|-enditem|p1b: Arboliva|Sitrus Berry|[eat]\n|-heal|p1b: Arboliva|28\/100|[from] item: Sitrus Berry\n|move|p2b: Gholdengo|Shadow Ball|p1b: Arboliva\n|-damage|p1b: Arboliva|0 fnt\n|faint|p1b: Arboliva\n|\n|win|littensalt\n|raw|NeUnderTown's rating: 1140 → 1107<\/strong> (-33 for losing)\n|raw|littensalt's rating: 1019 → 1069<\/strong> (+50 for winning)\n|l|\u2606NeUnderTown\n|c|\u2606littensalt|gg\n","uploadtime":1683564954,"views":11,"p1id":"neundertown","p2id":"littensalt","formatid":"gen9vgc2023regulationc","rating":1069,"private":0,"password":""}