{"id":"gen9vgc2023regulationc-1846683435","p1":"Sprye0216","p2":"Rufus balor","format":"[Gen 9] VGC 2023 Regulation C","log":"|j|\u2606Sprye0216\n|j|\u2606Rufus balor\n|t:|1681865461\n|gametype|doubles\n|player|p1|Sprye0216|skyla|1144\n|player|p2|Rufus balor|lucas|1119\n|teamsize|p1|6\n|teamsize|p2|6\n|gen|9\n|tier|[Gen 9] VGC 2023 Regulation C\n|rated|\n|rule|Species Clause: Limit one of each Pok\u00e9mon\n|rule|Item Clause: Limit one of each item\n|clearpoke\n|poke|p1|Kingambit, L50, F|\n|poke|p1|Gyarados, L50, F|\n|poke|p1|Amoonguss, L50, F|\n|poke|p1|Flutter Mane, L50|\n|poke|p1|Chi-Yu, L50|\n|poke|p1|Iron Hands, L50|\n|poke|p2|Chi-Yu, L50|\n|poke|p2|Dachsbun, L50, F|\n|poke|p2|Dragonite, L50, M|\n|poke|p2|Flutter Mane, L50|\n|poke|p2|Azumarill, L50, F|\n|poke|p2|Chien-Pao, L50|\n|teampreview|4\n|\n|t:|1681865481\n|start\n|switch|p1a: Gyarados|Gyarados, L50, F|100\/100\n|switch|p1b: Flutter Mane|Flutter Mane, L50|100\/100\n|switch|p2a: Gold|Chi-Yu, L50|100\/100\n|switch|p2b: Ginger|Dachsbun, L50, F, shiny|100\/100\n|-ability|p2a: Gold|Beads of Ruin\n|-ability|p1a: Gyarados|Intimidate|boost\n|-unboost|p2a: Gold|atk|1\n|-unboost|p2b: Ginger|atk|1\n|-enditem|p1b: Flutter Mane|Booster Energy\n|-activate|p1b: Flutter Mane|ability: Protosynthesis|[fromitem]\n|-start|p1b: Flutter Mane|protosynthesisspe\n|turn|1\n|\n|t:|1681865505\n|move|p1b: Flutter Mane|Protect|p1b: Flutter Mane\n|-singleturn|p1b: Flutter Mane|Protect\n|move|p2a: Gold|Lava Plume|p1a: Gyarados|[spread] p1a\n|-activate|p1b: Flutter Mane|move: Protect\n|-ability|p2b: Ginger|Well-Baked Body|boost\n|-boost|p2b: Ginger|def|2\n|-resisted|p1a: Gyarados\n|-crit|p1a: Gyarados\n|-damage|p1a: Gyarados|67\/100\n|-status|p1a: Gyarados|brn\n|-enditem|p1a: Gyarados|Lum Berry|[eat]\n|-curestatus|p1a: Gyarados|brn|[msg]\n|move|p1a: Gyarados|Dragon Dance|p1a: Gyarados\n|-boost|p1a: Gyarados|atk|1\n|-boost|p1a: Gyarados|spe|1\n|move|p2b: Ginger|Yawn|p1a: Gyarados\n|-start|p1a: Gyarados|move: Yawn|[of] p2b: Ginger\n|\n|upkeep\n|turn|2\n|\n|t:|1681865530\n|move|p1b: Flutter Mane|Dazzling Gleam|p2a: Gold|[spread] p2a,p2b\n|-damage|p2a: Gold|61\/100\n|-damage|p2b: Ginger|62\/100\n|move|p2a: Gold|Lava Plume|p1b: Flutter Mane|[spread] p1a,p1b\n|-ability|p2b: Ginger|Well-Baked Body|boost\n|-boost|p2b: Ginger|def|2\n|-resisted|p1a: Gyarados\n|-damage|p1a: Gyarados|47\/100\n|-damage|p1b: Flutter Mane|54\/100\n|move|p1a: Gyarados|Waterfall|p2a: Gold\n|-supereffective|p2a: Gold\n|-damage|p2a: Gold|0 fnt\n|faint|p2a: Gold\n|move|p2b: Ginger|Wish|p2b: Ginger\n|\n|-heal|p2b: Ginger|68\/100|[from] item: Leftovers\n|-end|p1a: Gyarados|move: Yawn|[silent]\n|-status|p1a: Gyarados|slp\n|upkeep\n|\n|t:|1681865550\n|switch|p2a: Pete|Dragonite, L50, M, shiny|100\/100\n|turn|3\n|\n|t:|1681865562\n|switch|p1a: Chi-Yu|Chi-Yu, L50|100\/100\n|-ability|p1a: Chi-Yu|Beads of Ruin\n|-terastallize|p2a: Pete|Flying\n|move|p1b: Flutter Mane|Moonblast|p2a: Pete\n|-damage|p2a: Pete|71\/100\n|move|p2b: Ginger|Body Press|p1a: Chi-Yu\n|-supereffective|p1a: Chi-Yu\n|-damage|p1a: Chi-Yu|0 fnt\n|faint|p1a: Chi-Yu\n|move|p2a: Pete|Tera Blast|p1b: Flutter Mane\n|-damage|p1b: Flutter Mane|0 fnt\n|faint|p1b: Flutter Mane\n|-end|p1b: Flutter Mane|Protosynthesis|[silent]\n|\n|-heal|p2b: Ginger|100\/100|[from] move: Wish|[wisher] Ginger\n|upkeep\n|\n|t:|1681865578\n|switch|p1b: Gyarados|Gyarados, L50, F|47\/100 slp\n|switch|p1a: Iron Hands|Iron Hands, L50|100\/100\n|-ability|p1b: Gyarados|Intimidate|boost\n|-fail|p2a: Pete|unboost|[from] item: Clear Amulet|[of] p2a: Pete\n|-unboost|p2b: Ginger|atk|1\n|turn|4\n|\n|t:|1681865591\n|cant|p1b: Gyarados|slp\n|move|p2b: Ginger|Body Press|p1b: Gyarados\n|-resisted|p1b: Gyarados\n|-crit|p1b: Gyarados\n|-damage|p1b: Gyarados|0 fnt\n|faint|p1b: Gyarados\n|move|p2a: Pete|Tera Blast|p1a: Iron Hands\n|-damage|p1a: Iron Hands|58\/100\n|move|p1a: Iron Hands|Wild Charge|p2a: Pete\n|-supereffective|p2a: Pete\n|-damage|p2a: Pete|0 fnt\n|faint|p2a: Pete\n|-damage|p1a: Iron Hands|44\/100|[from] Recoil\n|\n|upkeep\n|\n|t:|1681865606\n|switch|p2a: Lizzie|Azumarill, L50, F, shiny|100\/100\n|turn|5\n|\n|t:|1681865613\n|-terastallize|p1a: Iron Hands|Grass\n|move|p2b: Ginger|Body Press|p1a: Iron Hands\n|-damage|p1a: Iron Hands|1\/100\n|move|p1a: Iron Hands|Wild Charge|p2a: Lizzie\n|-supereffective|p2a: Lizzie\n|-damage|p2a: Lizzie|0 fnt\n|faint|p2a: Lizzie\n|-damage|p1a: Iron Hands|0 fnt|[from] Recoil\n|faint|p1a: Iron Hands\n|-end|p1a: Iron Hands|Quark Drive|[silent]\n|\n|win|Rufus balor\n|raw|Sprye0216's rating: 1144 → 1117<\/strong> (-27 for losing)\n|raw|Rufus balor's rating: 1119 → 1146<\/strong> (+27 for winning)\n","uploadtime":1681865625,"views":14,"p1id":"sprye0216","p2id":"rufusbalor","formatid":"gen9vgc2023regulationc","rating":1117,"private":0,"password":""}