{"id":"gen9vgc2023regulationc-1845324717","p1":"Sumo'sWeenusVGC","p2":"Pincurchinn","format":"[Gen 9] VGC 2023 Regulation C","log":"|j|\u2606Sumo'sWeenusVGC\n|j|\u2606Pincurchinn\n|t:|1681715070\n|gametype|doubles\n|player|p1|Sumo'sWeenusVGC|colress|1134\n|player|p2|Pincurchinn|pokekid|1220\n|teamsize|p1|6\n|teamsize|p2|6\n|gen|9\n|tier|[Gen 9] VGC 2023 Regulation C\n|rated|\n|rule|Species Clause: Limit one of each Pok\u00e9mon\n|rule|Item Clause: Limit one of each item\n|clearpoke\n|poke|p1|Ting-Lu, L50|\n|poke|p1|Wo-Chien, L50|\n|poke|p1|Flutter Mane, L50|\n|poke|p1|Glimmora, L50, F|\n|poke|p1|Palafin, L50, F|\n|poke|p1|Arcanine, L50, M|\n|poke|p2|Iron Bundle, L50|\n|poke|p2|Florges, L50, F|\n|poke|p2|Abomasnow, L50, F|\n|poke|p2|Chi-Yu, L50|\n|poke|p2|Iron Hands, L50|\n|poke|p2|Gothitelle, L50, F|\n|teampreview|4\n|inactive|Battle timer is ON: inactive players will automatically lose when time's up. (requested by Sumo'sWeenusVGC)\nSumo'sWeenusVGC has agreed to open team sheets.\n|inactive|Sumo'sWeenusVGC has 60 seconds left.\n|inactive|Sumo'sWeenusVGC has 30 seconds left.\n|\n|t:|1681715133\n|start\n|switch|p1a: Ting-Lu|Ting-Lu, L50|100\/100\n|switch|p1b: Bad Dolphin|Palafin, L50, F, shiny|100\/100\n|switch|p2a: Iron Hands|Iron Hands, L50|100\/100\n|switch|p2b: Gothitelle|Gothitelle, L50, F|100\/100\n|-ability|p1a: Ting-Lu|Vessel of Ruin\n|turn|1\n|inactive|Sumo'sWeenusVGC has 30 seconds left.\n|\n|t:|1681715158\n|move|p2b: Gothitelle|Fake Out|p1b: Bad Dolphin\n|-damage|p1b: Bad Dolphin|95\/100\n|cant|p1b: Bad Dolphin|flinch\n|move|p2a: Iron Hands|Drain Punch|p1a: Ting-Lu\n|-supereffective|p1a: Ting-Lu\n|-damage|p1a: Ting-Lu|66\/100\n|move|p1a: Ting-Lu|Fissure|p2a: Iron Hands\n|-damage|p2a: Iron Hands|0 fnt\n|faint|p2a: Iron Hands\n|-end|p2a: Iron Hands|Quark Drive|[silent]\n|-ohko\n|\n|upkeep\n|\n|t:|1681715170\n|switch|p2a: Iron Bundle|Iron Bundle, L50|100\/100\n|-enditem|p2a: Iron Bundle|Booster Energy\n|-activate|p2a: Iron Bundle|ability: Quark Drive|[fromitem]\n|-start|p2a: Iron Bundle|quarkdrivespe\n|turn|2\n|\n|t:|1681715188\n|-terastallize|p2a: Iron Bundle|Ice\n|move|p1b: Bad Dolphin|Protect|p1b: Bad Dolphin\n|-singleturn|p1b: Bad Dolphin|Protect\n|move|p2a: Iron Bundle|Freeze-Dry|p1b: Bad Dolphin\n|-activate|p1b: Bad Dolphin|move: Protect\n|move|p2b: Gothitelle|Taunt|p1a: Ting-Lu\n|-start|p1a: Ting-Lu|move: Taunt\n|move|p1a: Ting-Lu|Payback|p2b: Gothitelle\n|-supereffective|p2b: Gothitelle\n|-damage|p2b: Gothitelle|36\/100\n|\n|upkeep\n|turn|3\n|inactive|Sumo'sWeenusVGC has 30 seconds left.\n|inactive|Pincurchinn has 30 seconds left.\n|\n|t:|1681715220\n|-terastallize|p1b: Bad Dolphin|Water\n|move|p1b: Bad Dolphin|Jet Punch|p2b: Gothitelle\n|-damage|p2b: Gothitelle|4\/100\n|move|p2a: Iron Bundle|Freeze-Dry|p1b: Bad Dolphin\n|-supereffective|p1b: Bad Dolphin\n|-damage|p1b: Bad Dolphin|0 fnt\n|faint|p1b: Bad Dolphin\n|move|p2b: Gothitelle|Psychic|p1a: Ting-Lu\n|-immune|p1a: Ting-Lu\n|move|p1a: Ting-Lu|Heavy Slam|p2a: Iron Bundle\n|-supereffective|p2a: Iron Bundle\n|-damage|p2a: Iron Bundle|32\/100\n|\n|upkeep\n|\n|t:|1681715237\n|switch|p1b: Flutter Mane|Flutter Mane, L50, shiny|100\/100\n|turn|4\n|\n|t:|1681715248\n|move|p2a: Iron Bundle|Protect|p2a: Iron Bundle\n|-singleturn|p2a: Iron Bundle|Protect\n|move|p1b: Flutter Mane|Shadow Ball|p2b: Gothitelle\n|-supereffective|p2b: Gothitelle\n|-enditem|p2b: Gothitelle|Kasib Berry|[eat]\n|-enditem|p2b: Gothitelle|Kasib Berry|[weaken]\n|-damage|p2b: Gothitelle|0 fnt\n|faint|p2b: Gothitelle\n|move|p1a: Ting-Lu|Heavy Slam|p2a: Iron Bundle\n|-activate|p2a: Iron Bundle|move: Protect\n|\n|-end|p1a: Ting-Lu|move: Taunt\n|upkeep\n|\n|t:|1681715260\n|switch|p2b: Chi-Yu|Chi-Yu, L50|100\/100\n|-ability|p2b: Chi-Yu|Beads of Ruin\n|turn|5\n|\n|t:|1681715271\n|-end|p1b: Flutter Mane|Protosynthesis|[silent]\n|switch|p1b: Goodest Boi|Arcanine, L50, M, shiny|100\/100\n|-ability|p1b: Goodest Boi|Intimidate|boost\n|-unboost|p2a: Iron Bundle|atk|1\n|-unboost|p2b: Chi-Yu|atk|1\n|move|p2a: Iron Bundle|Blizzard|p1a: Ting-Lu|[spread] p1b\n|-miss|p2a: Iron Bundle|p1a: Ting-Lu\n|-resisted|p1b: Goodest Boi\n|-damage|p1b: Goodest Boi|78\/100\n|move|p2b: Chi-Yu|Dark Pulse|p1b: Goodest Boi\n|-damage|p1b: Goodest Boi|45\/100\n|move|p1a: Ting-Lu|Stomping Tantrum|p2b: Chi-Yu\n|-supereffective|p2b: Chi-Yu\n|-damage|p2b: Chi-Yu|12\/100\n|\n|upkeep\n|turn|6\n|-message|Pincurchinn forfeited.\n|\n|win|Sumo'sWeenusVGC\n|raw|Sumo'sWeenusVGC's rating: 1134 → 1165<\/strong> (+31 for winning)\n|raw|Pincurchinn's rating: 1220 → 1189<\/strong> (-31 for losing)\n|l|\u2606Pincurchinn\n","uploadtime":1681715294,"views":12,"p1id":"sumosweenusvgc","p2id":"pincurchinn","formatid":"gen9vgc2023regulationc","rating":1165,"private":0,"password":""}