{"id":"gen9vgc2023regulationc-1859154353","p1":"No.Name.Th","p2":"TGH_sr","format":"[Gen 9] VGC 2023 Regulation C","log":"|j|\u2606No.Name.Th\n|j|\u2606TGH_sr\n|t:|1683411068\n|gametype|doubles\n|player|p1|No.Name.Th|1|1416\n|player|p2|TGH_sr|steven|1325\n|teamsize|p1|6\n|teamsize|p2|6\n|gen|9\n|tier|[Gen 9] VGC 2023 Regulation C\n|rated|\n|rule|Species Clause: Limit one of each Pok\u00e9mon\n|rule|Item Clause: Limit one of each item\n|clearpoke\n|poke|p1|Wo-Chien, L50|\n|poke|p1|Ting-Lu, L50|\n|poke|p1|Glimmora, L50, M|\n|poke|p1|Arcanine, L50, F|\n|poke|p1|Gothitelle, L50, M|\n|poke|p1|Azumarill, L50, F|\n|poke|p2|Talonflame, L50, F|\n|poke|p2|Garchomp, L50, M|\n|poke|p2|Kingambit, L50, F|\n|poke|p2|Iron Bundle, L50|\n|poke|p2|Flutter Mane, L50|\n|poke|p2|Amoonguss, L50, M|\n|teampreview|4\nTGH_sr has agreed to open team sheets.\n|\n|t:|1683411124\n|start\n|switch|p1a: Gothitelle|Gothitelle, L50, M|100\/100\n|switch|p1b: Azumarill|Azumarill, L50, F|100\/100\n|switch|p2a: Kingambit|Kingambit, L50, F|100\/100\n|switch|p2b: Amoonguss|Amoonguss, L50, M|100\/100\n|turn|1\n|\n|t:|1683411149\n|move|p2a: Kingambit|Protect|p2a: Kingambit\n|-singleturn|p2a: Kingambit|Protect\n|move|p1a: Gothitelle|Fake Out|p2a: Kingambit\n|-activate|p2a: Kingambit|move: Protect\n|move|p1b: Azumarill|Ice Spinner|p2b: Amoonguss\n|-supereffective|p2b: Amoonguss\n|-damage|p2b: Amoonguss|60\/100\n|-damage|p1b: Azumarill|91\/100|[from] item: Life Orb\n|move|p2b: Amoonguss|Spore|p1a: Gothitelle\n|-status|p1a: Gothitelle|slp|[from] move: Spore\n|\n|upkeep\n|turn|2\n|\n|t:|1683411181\n|cant|p1a: Gothitelle|slp\n|move|p2a: Kingambit|Swords Dance|p2a: Kingambit\n|-boost|p2a: Kingambit|atk|2\n|move|p1b: Azumarill|Ice Spinner|p2b: Amoonguss\n|-supereffective|p2b: Amoonguss\n|-damage|p2b: Amoonguss|21\/100\n|-enditem|p2b: Amoonguss|Sitrus Berry|[eat]\n|-heal|p2b: Amoonguss|46\/100|[from] item: Sitrus Berry\n|-damage|p1b: Azumarill|82\/100|[from] item: Life Orb\n|move|p2b: Amoonguss|Spore|p1b: Azumarill\n|-ability|p1b: Azumarill|Sap Sipper|boost\n|-boost|p1b: Azumarill|atk|1\n|\n|upkeep\n|turn|3\n|\n|t:|1683411254\n|move|p2b: Amoonguss|Protect|p2b: Amoonguss\n|-singleturn|p2b: Amoonguss|Protect\n|cant|p1a: Gothitelle|slp\n|move|p2a: Kingambit|Kowtow Cleave|p1a: Gothitelle\n|-supereffective|p1a: Gothitelle\n|-damage|p1a: Gothitelle|0 fnt\n|faint|p1a: Gothitelle\n|move|p1b: Azumarill|Ice Spinner|p2b: Amoonguss\n|-activate|p2b: Amoonguss|move: Protect\n|\n|upkeep\n|\n|t:|1683411265\n|switch|p1a: Wo-Chien|Wo-Chien, L50|100\/100\n|-ability|p1a: Wo-Chien|Tablets of Ruin\n|turn|4\n|\n|t:|1683411300\n|switch|p2b: Flutter Mane|Flutter Mane, L50|100\/100\n|move|p1a: Wo-Chien|Leech Seed|p2a: Kingambit\n|-start|p2a: Kingambit|move: Leech Seed\n|move|p1b: Azumarill|Ice Spinner|p2b: Flutter Mane\n|-damage|p2b: Flutter Mane|58\/100\n|-damage|p1b: Azumarill|72\/100|[from] item: Life Orb\n|move|p2a: Kingambit|Swords Dance|p2a: Kingambit\n|-boost|p2a: Kingambit|atk|2\n|\n|-damage|p2a: Kingambit|88\/100|[from] Leech Seed|[of] p1a: Wo-Chien\n|upkeep\n|turn|5\n|\n|t:|1683411328\n|-terastallize|p2b: Flutter Mane|Fairy\n|-terastallize|p1a: Wo-Chien|Poison\n|move|p1b: Azumarill|Protect|p1b: Azumarill\n|-singleturn|p1b: Azumarill|Protect\n|move|p2a: Kingambit|Sucker Punch||[still]\n|-fail|p2a: Kingambit\n|move|p2b: Flutter Mane|Moonblast|p1a: Wo-Chien\n|-resisted|p1a: Wo-Chien\n|-damage|p1a: Wo-Chien|66\/100\n|-unboost|p1a: Wo-Chien|spa|1\n|move|p1a: Wo-Chien|Foul Play|p2a: Kingambit\n|-resisted|p2a: Kingambit\n|-damage|p2a: Kingambit|27\/100\n|\n|-heal|p1a: Wo-Chien|72\/100|[from] item: Leftovers\n|-damage|p2a: Kingambit|15\/100|[from] Leech Seed|[of] p1a: Wo-Chien\n|-heal|p1a: Wo-Chien|85\/100|[silent]\n|upkeep\n|turn|6\n|\n|t:|1683411354\n|switch|p1a: Glimmora|Glimmora, L50, M|100\/100\n|move|p2a: Kingambit|Sucker Punch||[still]\n|-fail|p2a: Kingambit\n|move|p1b: Azumarill|Aqua Jet|p2a: Kingambit\n|-damage|p2a: Kingambit|0 fnt\n|faint|p2a: Kingambit\n|-damage|p1b: Azumarill|63\/100|[from] item: Life Orb\n|move|p2b: Flutter Mane|Moonblast|p1b: Azumarill\n|-damage|p1b: Azumarill|0 fnt\n|faint|p1b: Azumarill\n|\n|upkeep\n|\n|t:|1683411370\n|switch|p1b: Wo-Chien|Wo-Chien, L50, tera:Poison|85\/100\n|switch|p2a: Iron Bundle|Iron Bundle, L50|100\/100\n|-ability|p1b: Wo-Chien|Tablets of Ruin\n|-enditem|p2a: Iron Bundle|Booster Energy\n|-activate|p2a: Iron Bundle|ability: Quark Drive|[fromitem]\n|-start|p2a: Iron Bundle|quarkdrivespe\n|turn|7\n|\n|t:|1683411404\n|-end|p2b: Flutter Mane|Protosynthesis|[silent]\n|switch|p2b: Amoonguss|Amoonguss, L50, M|80\/100\n|move|p2a: Iron Bundle|Hydro Pump|p1a: Glimmora\n|-supereffective|p1a: Glimmora\n|-damage|p1a: Glimmora|0 fnt\n|faint|p1a: Glimmora\n|move|p1b: Wo-Chien|Leech Seed|p2a: Iron Bundle|[miss]\n|-miss|p1b: Wo-Chien|p2a: Iron Bundle\n|\n|-heal|p1b: Wo-Chien|91\/100|[from] item: Leftovers\n|upkeep\n|turn|8\n|\n|t:|1683411425\n|move|p1b: Wo-Chien|Protect|p1b: Wo-Chien\n|-singleturn|p1b: Wo-Chien|Protect\n|move|p2a: Iron Bundle|Freeze-Dry|p1b: Wo-Chien\n|-activate|p1b: Wo-Chien|move: Protect\n|move|p2b: Amoonguss|Spore|p1b: Wo-Chien\n|-activate|p1b: Wo-Chien|move: Protect\n|\n|-heal|p1b: Wo-Chien|97\/100|[from] item: Leftovers\n|upkeep\n|turn|9\n|\n|t:|1683411436\n|move|p2a: Iron Bundle|Freeze-Dry|p1b: Wo-Chien\n|-damage|p1b: Wo-Chien|75\/100\n|move|p1b: Wo-Chien|Leech Seed|p2a: Iron Bundle\n|-start|p2a: Iron Bundle|move: Leech Seed\n|move|p2b: Amoonguss|Spore|p1b: Wo-Chien\n|-status|p1b: Wo-Chien|slp|[from] move: Spore\n|\n|-heal|p1b: Wo-Chien|81\/100 slp|[from] item: Leftovers\n|-damage|p2a: Iron Bundle|89\/100|[from] Leech Seed|[of] p1b: Wo-Chien\n|-heal|p1b: Wo-Chien|90\/100 slp|[silent]\n|upkeep\n|turn|10\n|\n|t:|1683411453\n|-end|p2a: Iron Bundle|Quark Drive|[silent]\n|switch|p2a: Flutter Mane|Flutter Mane, L50, tera:Fairy|58\/100\n|cant|p1b: Wo-Chien|slp\n|move|p2b: Amoonguss|Pollen Puff|p2a: Flutter Mane\n|-heal|p2a: Flutter Mane|100\/100\n|\n|-heal|p1b: Wo-Chien|96\/100 slp|[from] item: Leftovers\n|upkeep\n|turn|11\n|\n|t:|1683411471\n|move|p2a: Flutter Mane|Shadow Ball|p1b: Wo-Chien\n|-damage|p1b: Wo-Chien|54\/100 slp\n|-unboost|p1b: Wo-Chien|spd|1\n|cant|p1b: Wo-Chien|slp\n|move|p2b: Amoonguss|Pollen Puff|p1b: Wo-Chien\n|-resisted|p1b: Wo-Chien\n|-damage|p1b: Wo-Chien|44\/100 slp\n|\n|-heal|p1b: Wo-Chien|50\/100 slp|[from] item: Leftovers\n|upkeep\n|turn|12\n|\n|t:|1683411485\n|move|p2a: Flutter Mane|Shadow Ball|p1b: Wo-Chien\n|-damage|p1b: Wo-Chien|0 fnt\n|faint|p1b: Wo-Chien\n|\n|win|TGH_sr\n|raw|No.Name.Th's rating: 1416 → 1391<\/strong> (-25 for losing)\n|raw|TGH_sr's rating: 1325 → 1350<\/strong> (+25 for winning)\n|l|\u2606No.Name.Th\n","uploadtime":1683411494,"views":10,"p1id":"nonameth","p2id":"tghsr","formatid":"gen9vgc2023regulationc","rating":1350,"private":0,"password":""}