{"id":"gen9vgc2023regulationc-1847959492","p1":"RegiiiceSpice","p2":"Flytrapin","format":"[Gen 9] VGC 2023 Regulation C","log":"|j|\u2606RegiiiceSpice\n|j|\u2606Flytrapin\n|t:|1682015943\n|gametype|doubles\n|player|p1|RegiiiceSpice|cynthia|1143\n|player|p2|Flytrapin|alder|1091\n|teamsize|p1|6\n|teamsize|p2|6\n|gen|9\n|tier|[Gen 9] VGC 2023 Regulation C\n|rated|\n|rule|Species Clause: Limit one of each Pok\u00e9mon\n|rule|Item Clause: Limit one of each item\n|clearpoke\n|poke|p1|Baxcalibur, L50, F|\n|poke|p1|Chi-Yu, L50|\n|poke|p1|Flutter Mane, L50|\n|poke|p1|Gyarados, L50, F|\n|poke|p1|Ting-Lu, L50|\n|poke|p1|Amoonguss, L50, F|\n|poke|p2|Tauros-Paldea-Blaze, L50, M|\n|poke|p2|Meowscarada, L50, F|\n|poke|p2|Talonflame, L50, F|\n|poke|p2|Chien-Pao, L50|\n|poke|p2|Espeon, L50, M|\n|poke|p2|Gyarados, L50, F|\n|teampreview|4\n|inactive|Battle timer is ON: inactive players will automatically lose when time's up. (requested by Flytrapin)\nRegiiiceSpice has agreed to open team sheets.\n|inactive|RegiiiceSpice has 60 seconds left.\n|inactive|Flytrapin has 60 seconds left.\n|inactive|RegiiiceSpice has 30 seconds left.\n|inactive|RegiiiceSpice has 20 seconds left.\n|\n|t:|1682016017\n|start\n|switch|p1a: Gyarados|Gyarados, L50, F, shiny|100\/100\n|switch|p1b: Baxcalibur|Baxcalibur, L50, F|100\/100\n|switch|p2a: Chien-Pao|Chien-Pao, L50|100\/100\n|switch|p2b: Talonflame|Talonflame, L50, F, shiny|100\/100\n|-ability|p2a: Chien-Pao|Sword of Ruin\n|-ability|p1a: Gyarados|Intimidate|boost\n|-unboost|p2a: Chien-Pao|atk|1\n|-unboost|p2b: Talonflame|atk|1\n|turn|1\n|inactive|RegiiiceSpice has 30 seconds left.\n|\n|t:|1682016046\n|switch|p2a: Gyarados|Gyarados, L50, F|100\/100\n|-ability|p2a: Gyarados|Intimidate|boost\n|-unboost|p1a: Gyarados|atk|1\n|-unboost|p1b: Baxcalibur|atk|1\n|move|p1b: Baxcalibur|Protect|p1b: Baxcalibur\n|-singleturn|p1b: Baxcalibur|Protect\n|move|p2b: Talonflame|Tailwind|p2b: Talonflame\n|-sidestart|p2: Flytrapin|move: Tailwind\n|move|p1a: Gyarados|Thunder Wave|p2a: Gyarados\n|-status|p2a: Gyarados|par\n|\n|upkeep\n|turn|2\n|inactive|RegiiiceSpice has 30 seconds left.\n|\n|t:|1682016075\n|switch|p1b: Amoonguss|Amoonguss, L50, F|100\/100\n|move|p2b: Talonflame|Protect|p2b: Talonflame\n|-singleturn|p2b: Talonflame|Protect\n|move|p2a: Gyarados|Taunt|p1a: Gyarados\n|-start|p1a: Gyarados|move: Taunt\n|cant|p1a: Gyarados|move: Taunt|Thunder Wave\n|\n|upkeep\n|turn|3\n|inactive|RegiiiceSpice has 30 seconds left.\n|\n|t:|1682016107\n|switch|p2b: Espeon|Espeon, L50, M|100\/100\n|-terastallize|p1b: Amoonguss|Water\n|move|p1b: Amoonguss|Rage Powder|p1b: Amoonguss\n|-singleturn|p1b: Amoonguss|move: Rage Powder\n|move|p2a: Gyarados|Dragon Dance|p2a: Gyarados\n|-boost|p2a: Gyarados|atk|1\n|-boost|p2a: Gyarados|spe|1\n|move|p1a: Gyarados|Waterfall|p2b: Espeon\n|-damage|p2b: Espeon|64\/100\n|\n|upkeep\n|turn|4\n|inactive|RegiiiceSpice has 30 seconds left.\n|inactive|Flytrapin has 30 seconds left.\n|inactive|Flytrapin has 20 seconds left.\n|\n|t:|1682016146\n|switch|p1a: Baxcalibur|Baxcalibur, L50, F|100\/100\n|move|p1b: Amoonguss|Protect|p1b: Amoonguss\n|-singleturn|p1b: Amoonguss|Protect\n|move|p2b: Espeon|Yawn|p1b: Amoonguss\n|-activate|p1b: Amoonguss|move: Protect\n|move|p2a: Gyarados|Facade|p1b: Amoonguss\n|-activate|p1b: Amoonguss|move: Protect\n|\n|-sideend|p2: Flytrapin|move: Tailwind\n|upkeep\n|turn|5\n|inactive|RegiiiceSpice has 30 seconds left.\n|inactive|Flytrapin has 30 seconds left.\n|\n|t:|1682016180\n|switch|p2b: Talonflame|Talonflame, L50, F, shiny|100\/100\n|move|p1a: Baxcalibur|Glaive Rush|p2b: Talonflame\n|-damage|p2b: Talonflame|10\/100\n|-singlemove|p1a: Baxcalibur|Glaive Rush|[silent]\n|move|p2a: Gyarados|Dragon Dance|p2a: Gyarados\n|-boost|p2a: Gyarados|atk|1\n|-boost|p2a: Gyarados|spe|1\n|move|p1b: Amoonguss|Pollen Puff|p2a: Gyarados\n|-resisted|p2a: Gyarados\n|-crit|p2a: Gyarados\n|-damage|p2a: Gyarados|88\/100 par\n|\n|upkeep\n|turn|6\n|inactive|RegiiiceSpice has 30 seconds left.\n|\n|t:|1682016207\n|switch|p1b: Gyarados|Gyarados, L50, F, shiny|100\/100\n|-ability|p1b: Gyarados|Intimidate|boost\n|-fail|p2a: Gyarados|unboost|[from] item: Clear Amulet|[of] p2a: Gyarados\n|-unboost|p2b: Talonflame|atk|1\n|move|p1a: Baxcalibur|Ice Shard|p2b: Talonflame\n|-damage|p2b: Talonflame|0 fnt\n|faint|p2b: Talonflame\n|cant|p2a: Gyarados|par\n|\n|upkeep\n|\n|t:|1682016217\n|switch|p2b: Chien-Pao|Chien-Pao, L50|100\/100\n|-ability|p2b: Chien-Pao|Sword of Ruin\n|turn|7\n|\n|t:|1682016240\n|move|p1a: Baxcalibur|Protect|p1a: Baxcalibur\n|-singleturn|p1a: Baxcalibur|Protect\n|move|p2b: Chien-Pao|Icy Wind|p1b: Gyarados|[spread] p1b\n|-activate|p1a: Baxcalibur|move: Protect\n|-damage|p1b: Gyarados|87\/100\n|-unboost|p1b: Gyarados|spe|1\n|move|p2a: Gyarados|Facade|p1b: Gyarados\n|-damage|p1b: Gyarados|0 fnt\n|faint|p1b: Gyarados\n|\n|upkeep\n|\n|t:|1682016254\n|switch|p1b: Amoonguss|Amoonguss, L50, F, tera:Water|100\/100\n|turn|8\n|inactive|Flytrapin has 30 seconds left.\n|inactive|Flytrapin has 20 seconds left.\n|\n|t:|1682016295\n|switch|p2b: Espeon|Espeon, L50, M|64\/100\n|move|p1b: Amoonguss|Rage Powder|p1b: Amoonguss\n|-singleturn|p1b: Amoonguss|move: Rage Powder\n|cant|p2a: Gyarados|par\n|move|p1a: Baxcalibur|Glaive Rush|p2a: Gyarados\n|-damage|p2a: Gyarados|0 fnt\n|-singlemove|p1a: Baxcalibur|Glaive Rush|[silent]\n|faint|p2a: Gyarados\n|\n|upkeep\n|\n|t:|1682016312\n|switch|p2a: Chien-Pao|Chien-Pao, L50|100\/100\n|-ability|p2a: Chien-Pao|Sword of Ruin\n|turn|9\n|\n|t:|1682016330\n|move|p1a: Baxcalibur|Protect|p1a: Baxcalibur\n|-singleturn|p1a: Baxcalibur|Protect\n|move|p1b: Amoonguss|Protect|p1b: Amoonguss\n|-singleturn|p1b: Amoonguss|Protect\n|move|p2a: Chien-Pao|Sacred Sword|p1a: Baxcalibur\n|-activate|p1a: Baxcalibur|move: Protect\n|move|p2b: Espeon|Yawn|p1b: Amoonguss\n|-activate|p1b: Amoonguss|move: Protect\n|\n|upkeep\n|turn|10\n|inactive|RegiiiceSpice has 30 seconds left.\n|inactive|Flytrapin has 30 seconds left.\n|\n|t:|1682016361\n|switch|p1a: Flutter Mane|Flutter Mane, L50|100\/100\n|move|p2a: Chien-Pao|Sacred Sword|p1b: Amoonguss\n|-damage|p1b: Amoonguss|51\/100\n|-damage|p2a: Chien-Pao|84\/100|[from] item: Rocky Helmet|[of] p1b: Amoonguss\n|move|p2b: Espeon|Yawn|p1a: Flutter Mane\n|-start|p1a: Flutter Mane|move: Yawn|[of] p2b: Espeon\n|move|p1b: Amoonguss|Spore|p2a: Chien-Pao\n|-status|p2a: Chien-Pao|slp|[from] move: Spore\n|\n|upkeep\n|turn|11\n|inactive|RegiiiceSpice has 30 seconds left.\n|inactive|Flytrapin has 30 seconds left.\n|inactive|Flytrapin has 20 seconds left.\n|inactive|Flytrapin has 15 seconds left.\n|\n|t:|1682016404\n|-terastallize|p2a: Chien-Pao|Ghost\n|move|p1b: Amoonguss|Rage Powder|p1b: Amoonguss\n|-singleturn|p1b: Amoonguss|move: Rage Powder\n|cant|p2a: Chien-Pao|slp\n|move|p1a: Flutter Mane|Moonblast|p2a: Chien-Pao\n|-damage|p2a: Chien-Pao|0 fnt\n|faint|p2a: Chien-Pao\n|move|p2b: Espeon|Shadow Ball|p1b: Amoonguss\n|-damage|p1b: Amoonguss|31\/100\n|\n|-end|p1a: Flutter Mane|move: Yawn|[silent]\n|-status|p1a: Flutter Mane|slp\n|upkeep\n|turn|12\n|inactive|RegiiiceSpice has 30 seconds left.\n|\n|t:|1682016434\n|-end|p1a: Flutter Mane|Protosynthesis|[silent]\n|switch|p1a: Baxcalibur|Baxcalibur, L50, F|100\/100\n|move|p1b: Amoonguss|Protect|p1b: Amoonguss\n|-singleturn|p1b: Amoonguss|Protect\n|move|p2b: Espeon|Grass Knot|p1b: Amoonguss\n|-activate|p1b: Amoonguss|move: Protect\n|\n|upkeep\n|turn|13\n|\n|t:|1682016459\n|switch|p1b: Flutter Mane|Flutter Mane, L50|100\/100 slp\n|move|p2b: Espeon|Yawn|p1a: Baxcalibur\n|-start|p1a: Baxcalibur|move: Yawn|[of] p2b: Espeon\n|move|p1a: Baxcalibur|Glaive Rush|p2b: Espeon\n|-damage|p2b: Espeon|0 fnt\n|-singlemove|p1a: Baxcalibur|Glaive Rush|[silent]\n|faint|p2b: Espeon\n|\n|win|RegiiiceSpice\n|raw|RegiiiceSpice's rating: 1143 → 1164<\/strong> (+21 for winning)\n|raw|Flytrapin's rating: 1091 → 1071<\/strong> (-20 for losing)\n|c|\u2606RegiiiceSpice|gg\n|l|\u2606Flytrapin\n","uploadtime":1682016476,"views":15,"p1id":"regiiicespice","p2id":"flytrapin","formatid":"gen9vgc2023regulationc","rating":1071,"private":0,"password":""}