{"id":"gen9vgc2023regulationc-1859478859","p1":"aed96","p2":"trace","format":"[Gen 9] VGC 2023 Regulation C","log":"|j|\u2606aed96\n|j|\u2606trace\n|t:|1683473759\n|gametype|doubles\n|player|p1|aed96|red-masters|\n|player|p2|trace|#trace2|\n|teamsize|p1|6\n|teamsize|p2|6\n|gen|9\n|tier|[Gen 9] VGC 2023 Regulation C\n|rule|Species Clause: Limit one of each Pok\u00e9mon\n|rule|Item Clause: Limit one of each item\n|clearpoke\n|poke|p1|Amoonguss, L50, M|\n|poke|p1|Azumarill, L50, F|\n|poke|p1|Espeon, L50, M|\n|poke|p1|Eelektross, L50, M|\n|poke|p1|Dragapult, L50, M|\n|poke|p1|Dragonite, L50, F|\n|poke|p2|Tinkaton, L50, F|\n|poke|p2|Rotom-Wash, L50|\n|poke|p2|Annihilape, L50, F|\n|poke|p2|Corviknight, L50, F|\n|poke|p2|Espathra, L50, M|\n|poke|p2|Amoonguss, L50, F|\n|teampreview|4\naed96 has agreed to open team sheets.\ntrace has agreed to open team sheets.\n|c|\u2606trace|open 1 per 1 aja bisa ga\n|c|\u2606trace|nvm\n|c|\u2606trace|hf\n|c|\u2606aed96|oh baru baca\n|c|\u2606aed96|sori2\n|c|\u2606aed96|glhf\n|c|\u2606trace|you too\n|\n|t:|1683473873\n|start\n|switch|p1a: Amoonguss|Amoonguss, L50, M, shiny|100\/100\n|switch|p1b: Azumarill|Azumarill, L50, F|100\/100\n|switch|p2a: White Spell|Tinkaton, L50, F|100\/100\n|switch|p2b: LEVEL|Amoonguss, L50, F|100\/100\n|-ability|p2a: White Spell|Mold Breaker\n|turn|1\n|\n|t:|1683473907\n|move|p1b: Azumarill|Protect|p1b: Azumarill\n|-singleturn|p1b: Azumarill|Protect\n|move|p2a: White Spell|Knock Off|p1a: Amoonguss\n|-damage|p1a: Amoonguss|85\/100\n|-enditem|p1a: Amoonguss|Wiki Berry|[from] move: Knock Off|[of] p2a: White Spell\n|move|p1a: Amoonguss|Spore|p2a: White Spell\n|-status|p2a: White Spell|slp|[from] move: Spore\n|move|p2b: LEVEL|Spore|p1b: Azumarill\n|-activate|p1b: Azumarill|move: Protect\n|\n|upkeep\n|turn|2\n|\n|t:|1683473923\n|switch|p1a: Dragapult|Dragapult, L50, M|100\/100\n|cant|p2a: White Spell|slp\n|move|p1b: Azumarill|Liquidation|p2a: White Spell\n|-damage|p2a: White Spell|24\/100 slp\n|-damage|p1b: Azumarill|91\/100|[from] item: Life Orb\n|move|p2b: LEVEL|Spore|p1b: Azumarill\n|-status|p1b: Azumarill|slp|[from] move: Spore\n|\n|upkeep\n|turn|3\n|\n|t:|1683473949\n|-terastallize|p1a: Dragapult|Ghost\n|move|p1a: Dragapult|Phantom Force||[still]\n|-prepare|p1a: Dragapult|Phantom Force\n|-curestatus|p2a: White Spell|slp|[msg]\n|move|p2a: White Spell|Play Rough|p1a: Dragapult|[miss]\n|-miss|p2a: White Spell|p1a: Dragapult\n|cant|p1b: Azumarill|slp\n|move|p2b: LEVEL|Spore|p1a: Dragapult|[miss]\n|-miss|p2b: LEVEL|p1a: Dragapult\n|\n|upkeep\n|turn|4\n|\n|t:|1683473967\n|move|p1a: Dragapult|Phantom Force|p2b: LEVEL|[from]lockedmove\n|-damage|p2b: LEVEL|29\/100\n|-damage|p1a: Dragapult|84\/100|[from] item: Rocky Helmet|[of] p2b: LEVEL\n|move|p2a: White Spell|Knock Off|p1a: Dragapult\n|-supereffective|p1a: Dragapult\n|-damage|p1a: Dragapult|37\/100\n|-enditem|p1a: Dragapult|Choice Band|[from] move: Knock Off|[of] p2a: White Spell\n|cant|p1b: Azumarill|slp\n|move|p2b: LEVEL|Spore|p1a: Dragapult\n|-status|p1a: Dragapult|slp|[from] move: Spore\n|\n|upkeep\n|turn|5\n|\n|t:|1683473985\n|switch|p2b: Indigo in Blue|Corviknight, L50, F|100\/100\n|cant|p1a: Dragapult|slp\n|move|p2a: White Spell|Gigaton Hammer|p1b: Azumarill\n|-damage|p1b: Azumarill|45\/100 slp\n|cant|p1b: Azumarill|slp\n|\n|upkeep\n|turn|6\n|\n|t:|1683474018\n|-curestatus|p1b: Azumarill|slp|[msg]\n|move|p1b: Azumarill|Protect|p1b: Azumarill\n|-singleturn|p1b: Azumarill|Protect\n|cant|p1a: Dragapult|slp\n|move|p2a: White Spell|Knock Off|p1a: Dragapult\n|-supereffective|p1a: Dragapult\n|-damage|p1a: Dragapult|8\/100 slp\n|move|p2b: Indigo in Blue|Brave Bird|p1b: Azumarill\n|-activate|p1b: Azumarill|move: Protect\n|\n|upkeep\n|turn|7\n|\n|t:|1683474035\n|cant|p1a: Dragapult|slp\n|move|p2a: White Spell|Gigaton Hammer|p1b: Azumarill\n|-damage|p1b: Azumarill|1\/100\n|move|p2b: Indigo in Blue|Brave Bird|p1a: Dragapult\n|-damage|p1a: Dragapult|0 fnt\n|faint|p1a: Dragapult\n|-damage|p2b: Indigo in Blue|99\/100|[from] Recoil\n|move|p1b: Azumarill|Liquidation|p2b: Indigo in Blue\n|-damage|p2b: Indigo in Blue|50\/100\n|-ability|p2b: Indigo in Blue|Mirror Armor\n|-unboost|p1b: Azumarill|def|1\n|-damage|p1b: Azumarill|0 fnt|[from] item: Life Orb\n|faint|p1b: Azumarill\n|\n|upkeep\n|\n|t:|1683474042\n|switch|p1a: Eelektross|Eelektross, L50, M|100\/100\n|switch|p1b: Amoonguss|Amoonguss, L50, M, shiny|100\/100\n|turn|8\n|\n|t:|1683474061\n|-terastallize|p2b: Indigo in Blue|Dragon\n|move|p2a: White Spell|Knock Off|p1a: Eelektross\n|-damage|p1a: Eelektross|82\/100\n|-enditem|p1a: Eelektross|Assault Vest|[from] move: Knock Off|[of] p2a: White Spell\n|move|p2b: Indigo in Blue|Roost|p2b: Indigo in Blue\n|-heal|p2b: Indigo in Blue|100\/100\n|move|p1a: Eelektross|Thunderbolt|p2b: Indigo in Blue\n|-resisted|p2b: Indigo in Blue\n|-damage|p2b: Indigo in Blue|81\/100\n|move|p1b: Amoonguss|Pollen Puff|p2b: Indigo in Blue\n|-damage|p2b: Indigo in Blue|66\/100\n|\n|upkeep\n|turn|9\n|\n|t:|1683474077\n|move|p2a: White Spell|Gigaton Hammer|p1b: Amoonguss\n|-damage|p1b: Amoonguss|64\/100\n|move|p2b: Indigo in Blue|Brave Bird|p1b: Amoonguss\n|-supereffective|p1b: Amoonguss\n|-damage|p1b: Amoonguss|3\/100\n|-damage|p2b: Indigo in Blue|44\/100|[from] Recoil\n|move|p1a: Eelektross|Flamethrower|p2a: White Spell\n|-supereffective|p2a: White Spell\n|-damage|p2a: White Spell|0 fnt\n|faint|p2a: White Spell\n|move|p1b: Amoonguss|Pollen Puff|p2b: Indigo in Blue\n|-damage|p2b: Indigo in Blue|28\/100\n|\n|upkeep\n|\n|t:|1683474084\n|switch|p2a: ODDS&ENDS|Annihilape, L50, F|100\/100\n|turn|10\n|\n|t:|1683474097\n|move|p2a: ODDS&ENDS|Bulk Up|p2a: ODDS&ENDS\n|-boost|p2a: ODDS&ENDS|atk|1\n|-boost|p2a: ODDS&ENDS|def|1\n|move|p2b: Indigo in Blue|Brave Bird|p1b: Amoonguss\n|-supereffective|p1b: Amoonguss\n|-crit|p1b: Amoonguss\n|-damage|p1b: Amoonguss|0 fnt\n|faint|p1b: Amoonguss\n|-damage|p2b: Indigo in Blue|27\/100|[from] Recoil\n|move|p1a: Eelektross|Thunderbolt|p2b: Indigo in Blue\n|-resisted|p2b: Indigo in Blue\n|-damage|p2b: Indigo in Blue|9\/100\n|\n|upkeep\n|turn|11\n|c|\u2606aed96|gg\n|\n|t:|1683474109\n|move|p2a: ODDS&ENDS|Drain Punch|p1a: Eelektross\n|-damage|p1a: Eelektross|35\/100\n|move|p2b: Indigo in Blue|Body Press|p1a: Eelektross\n|-damage|p1a: Eelektross|8\/100\n|move|p1a: Eelektross|Thunderbolt|p2b: Indigo in Blue\n|-resisted|p2b: Indigo in Blue\n|-damage|p2b: Indigo in Blue|0 fnt\n|faint|p2b: Indigo in Blue\n|\n|upkeep\n|c|\u2606trace|gg\n|\n|t:|1683474114\n|switch|p2b: LEVEL|Amoonguss, L50, F|63\/100\n|turn|12\n|\n|t:|1683474134\n|move|p2a: ODDS&ENDS|Drain Punch|p1a: Eelektross\n|-damage|p1a: Eelektross|0 fnt\n|faint|p1a: Eelektross\n|\n|win|trace\n|l|\u2606trace\n","uploadtime":1683474152,"views":6,"p1id":"aed96","p2id":"trace","formatid":"gen9vgc2023regulationc","rating":0,"private":0,"password":""}