{"id":"gen9vgc2023regulationc-1852189175","p1":"jeffman323","p2":"benutzdeindeo","format":"[Gen 9] VGC 2023 Regulation C","log":"|j|\u2606jeffman323\n|j|\u2606benutzdeindeo\n|t:|1682531484\n|gametype|doubles\n|player|p1|jeffman323|steven|1623\n|player|p2|benutzdeindeo|1|1636\n|teamsize|p1|6\n|teamsize|p2|6\n|gen|9\n|tier|[Gen 9] VGC 2023 Regulation C\n|rated|\n|rule|Species Clause: Limit one of each Pok\u00e9mon\n|rule|Item Clause: Limit one of each item\n|clearpoke\n|poke|p1|Hatterene, L50, F|\n|poke|p1|Azumarill, L50, M|\n|poke|p1|Brute Bonnet, L50|\n|poke|p1|Kingambit, L50, F|\n|poke|p1|Iron Hands, L50|\n|poke|p1|Stantler, L50, F|\n|poke|p2|Chien-Pao, L50|\n|poke|p2|Orthworm, L50, M|\n|poke|p2|Ting-Lu, L50|\n|poke|p2|Flutter Mane, L50|\n|poke|p2|Dragonite, L50, M|\n|poke|p2|Gyarados, L50, M|\n|teampreview|4\njeffman323 has agreed to open team sheets.\nbenutzdeindeo has agreed to open team sheets.\n|j| Withoutexcuse\n|\n|t:|1682531541\n|start\n|switch|p1a: Brute Bonnet|Brute Bonnet, L50|100\/100\n|switch|p1b: Hatterene|Hatterene, L50, F|100\/100\n|switch|p2a: Chien-Pao|Chien-Pao, L50|100\/100\n|switch|p2b: Flutter Mane|Flutter Mane, L50|100\/100\n|-ability|p2a: Chien-Pao|Sword of Ruin\n|-enditem|p2b: Flutter Mane|Booster Energy\n|-activate|p2b: Flutter Mane|ability: Protosynthesis|[fromitem]\n|-start|p2b: Flutter Mane|protosynthesisspa\n|turn|1\n|\n|t:|1682531570\n|-terastallize|p2b: Flutter Mane|Fairy\n|-terastallize|p1a: Brute Bonnet|Fire\n|move|p1b: Hatterene|Protect|p1b: Hatterene\n|-singleturn|p1b: Hatterene|Protect\n|move|p2a: Chien-Pao|Ice Spinner|p1b: Hatterene\n|-activate|p1b: Hatterene|move: Protect\n|move|p2b: Flutter Mane|Dazzling Gleam|p1a: Brute Bonnet|[spread] p1a\n|-activate|p1b: Hatterene|move: Protect\n|-resisted|p1a: Brute Bonnet\n|-damage|p1a: Brute Bonnet|79\/100\n|move|p1a: Brute Bonnet|Spore|p2b: Flutter Mane\n|-status|p2b: Flutter Mane|slp|[from] move: Spore\n|\n|upkeep\n|turn|2\n|j| Piccolo Ruiz\n|\n|t:|1682531601\n|move|p2a: Chien-Pao|Ice Spinner|p1b: Hatterene\n|-crit|p1b: Hatterene\n|-damage|p1b: Hatterene|10\/100\n|cant|p2b: Flutter Mane|slp\n|move|p1a: Brute Bonnet|Bullet Seed|p2b: Flutter Mane\n|-damage|p2b: Flutter Mane|70\/100 slp\n|-damage|p2b: Flutter Mane|39\/100 slp\n|-damage|p2b: Flutter Mane|9\/100 slp\n|-damage|p2b: Flutter Mane|0 fnt\n|faint|p2b: Flutter Mane\n|-end|p2b: Flutter Mane|Protosynthesis|[silent]\n|-hitcount|p2: Flutter Mane|4\n|move|p1b: Hatterene|Trick Room|p1b: Hatterene\n|-fieldstart|move: Trick Room|[of] p1b: Hatterene\n|\n|upkeep\n|\n|t:|1682531613\n|switch|p2b: Orthworm|Orthworm, L50, M|100\/100\n|turn|3\n|\n|t:|1682531624\n|switch|p1b: Iron Hands|Iron Hands, L50|100\/100\n|move|p2a: Chien-Pao|Sucker Punch||[still]\n|-fail|p2a: Chien-Pao\n|move|p1a: Brute Bonnet|Spore|p2b: Orthworm\n|-status|p2b: Orthworm|slp|[from] move: Spore\n|cant|p2b: Orthworm|slp\n|\n|upkeep\n|turn|4\n|\n|t:|1682531643\n|move|p2a: Chien-Pao|Protect|p2a: Chien-Pao\n|-singleturn|p2a: Chien-Pao|Protect\n|move|p1b: Iron Hands|Drain Punch|p2b: Orthworm\n|-supereffective|p2b: Orthworm\n|-crit|p2b: Orthworm\n|-damage|p2b: Orthworm|0 fnt\n|faint|p2b: Orthworm\n|move|p1a: Brute Bonnet|Bullet Seed|p2a: Chien-Pao\n|-activate|p2a: Chien-Pao|move: Protect\n|\n|upkeep\n|\n|t:|1682531653\n|switch|p2b: Ting-Lu|Ting-Lu, L50|100\/100\n|-ability|p2b: Ting-Lu|Vessel of Ruin\n|turn|5\n|\n|t:|1682531671\n|move|p1b: Iron Hands|Drain Punch|p2b: Ting-Lu\n|-supereffective|p2b: Ting-Lu\n|-damage|p2b: Ting-Lu|35\/100\n|move|p1a: Brute Bonnet|Bullet Seed|p2b: Ting-Lu\n|-supereffective|p2b: Ting-Lu\n|-damage|p2b: Ting-Lu|11\/100\n|-supereffective|p2b: Ting-Lu\n|-damage|p2b: Ting-Lu|0 fnt\n|faint|p2b: Ting-Lu\n|-hitcount|p2: Ting-Lu|2\n|move|p2a: Chien-Pao|Ice Spinner|p1b: Iron Hands\n|-damage|p1b: Iron Hands|67\/100\n|\n|upkeep\n|turn|6\n|c|\u2606jeffman323|gg\n|-message|benutzdeindeo forfeited.\n|\n|win|jeffman323\n|raw|jeffman323's rating: 1623 → 1644<\/strong> (+21 for winning)\n|raw|benutzdeindeo's rating: 1636 → 1615<\/strong> (-21 for losing)\n|l|\u2606benutzdeindeo\n","uploadtime":1682531709,"views":13,"p1id":"jeffman323","p2id":"benutzdeindeo","formatid":"gen9vgc2023regulationc","rating":1615,"private":0,"password":""}