{"id":"gen9vgc2023regulationc-1845948282","p1":"d_davex","p2":"gankyburner","format":"[Gen 9] VGC 2023 Regulation C","log":"|j|\u2606d_davex\n|j|\u2606gankyburner\n|t:|1681782665\n|gametype|doubles\n|player|p1|d_davex|cyclist-gen4|1162\n|player|p2|gankyburner|169|1175\n|teamsize|p1|6\n|teamsize|p2|6\n|gen|9\n|tier|[Gen 9] VGC 2023 Regulation C\n|rated|\n|rule|Species Clause: Limit one of each Pok\u00e9mon\n|rule|Item Clause: Limit one of each item\n|clearpoke\n|poke|p1|Torkoal, L50, M|\n|poke|p1|Bronzong, L50|\n|poke|p1|Lilligant, L50, F|\n|poke|p1|Flutter Mane, L50|\n|poke|p1|Iron Hands, L50|\n|poke|p1|Roaring Moon, L50|\n|poke|p2|Murkrow, L50, F|\n|poke|p2|Tyranitar, L50, M|\n|poke|p2|Houndstone, L50, F|\n|poke|p2|Chi-Yu, L50|\n|poke|p2|Corviknight, L50, M|\n|poke|p2|Leafeon, L50, M|\n|teampreview|4\n|inactive|Battle timer is ON: inactive players will automatically lose when time's up. (requested by d_davex)\n|\n|t:|1681782702\n|start\n|switch|p1a: Bronzong|Bronzong, L50|100\/100\n|switch|p1b: Iron Hands|Iron Hands, L50|100\/100\n|switch|p2a: C'mon C'mon|Murkrow, L50, F|100\/100\n|switch|p2b: Mr. Jones|Corviknight, L50, M|100\/100\n|turn|1\n|\n|t:|1681782726\n|-terastallize|p2b: Mr. Jones|Fire\n|move|p1b: Iron Hands|Fake Out|p2a: C'mon C'mon\n|-damage|p2a: C'mon C'mon|84\/100\n|move|p2b: Mr. Jones|Tera Blast|p1a: Bronzong\n|-supereffective|p1a: Bronzong\n|-damage|p1a: Bronzong|27\/100\n|cant|p2a: C'mon C'mon|flinch\n|move|p1a: Bronzong|Trick Room|p1a: Bronzong\n|-fieldstart|move: Trick Room|[of] p1a: Bronzong\n|\n|-heal|p1a: Bronzong|32\/100|[from] item: Leftovers\n|upkeep\n|turn|2\n|inactive|d_davex has 30 seconds left.\n|\n|t:|1681782751\n|-terastallize|p1a: Bronzong|Water\n|move|p2a: C'mon C'mon|Sunny Day|p2a: C'mon C'mon\n|-weather|SunnyDay\n|move|p1a: Bronzong|Iron Defense|p1a: Bronzong\n|-boost|p1a: Bronzong|def|2\n|move|p1b: Iron Hands|Swords Dance|p1b: Iron Hands\n|-boost|p1b: Iron Hands|atk|2\n|move|p2b: Mr. Jones|Tera Blast|p1a: Bronzong\n|-resisted|p1a: Bronzong\n|-damage|p1a: Bronzong|17\/100\n|\n|-weather|SunnyDay|[upkeep]\n|-heal|p1a: Bronzong|23\/100|[from] item: Leftovers\n|upkeep\n|turn|3\n|\n|t:|1681782771\n|move|p2a: C'mon C'mon|Haze|p2a: C'mon C'mon\n|-clearallboost\n|move|p1a: Bronzong|Iron Defense|p1a: Bronzong\n|-boost|p1a: Bronzong|def|2\n|move|p1b: Iron Hands|Drain Punch|p2a: C'mon C'mon\n|-damage|p2a: C'mon C'mon|40\/100\n|move|p2b: Mr. Jones|Tera Blast|p1b: Iron Hands\n|-damage|p1b: Iron Hands|45\/100\n|\n|-weather|SunnyDay|[upkeep]\n|-heal|p1a: Bronzong|29\/100|[from] item: Leftovers\n|upkeep\n|turn|4\n|\n|t:|1681782793\n|move|p2a: C'mon C'mon|Haze|p2a: C'mon C'mon\n|-clearallboost\n|move|p1a: Bronzong|Iron Defense|p1a: Bronzong\n|-boost|p1a: Bronzong|def|2\n|move|p1b: Iron Hands|Drain Punch|p2a: C'mon C'mon\n|-damage|p2a: C'mon C'mon|0 fnt\n|-heal|p1b: Iron Hands|58\/100|[from] drain|[of] p2a: C'mon C'mon\n|faint|p2a: C'mon C'mon\n|move|p2b: Mr. Jones|Tera Blast|p1b: Iron Hands\n|-damage|p1b: Iron Hands|10\/100\n|\n|-weather|SunnyDay|[upkeep]\n|-heal|p1a: Bronzong|35\/100|[from] item: Leftovers\n|upkeep\n|\n|t:|1681782806\n|switch|p2a: Dragula|Houndstone, L50, F, shiny|100\/100\n|turn|5\n|\n|t:|1681782822\n|move|p1a: Bronzong|Iron Defense|p1a: Bronzong\n|-boost|p1a: Bronzong|def|2\n|move|p1b: Iron Hands|Wild Charge|p2b: Mr. Jones\n|-damage|p2b: Mr. Jones|49\/100\n|-damage|p1b: Iron Hands|0 fnt|[from] Recoil\n|faint|p1b: Iron Hands\n|-end|p1b: Iron Hands|Quark Drive|[silent]\n|move|p2b: Mr. Jones|Tera Blast|p1a: Bronzong\n|-resisted|p1a: Bronzong\n|-damage|p1a: Bronzong|24\/100\n|move|p2a: Dragula|Will-O-Wisp|p1a: Bronzong\n|-status|p1a: Bronzong|brn\n|\n|-weather|SunnyDay|[upkeep]\n|-heal|p1a: Bronzong|29\/100 brn|[from] item: Leftovers\n|-damage|p1a: Bronzong|24\/100 brn|[from] brn\n|-fieldend|move: Trick Room\n|upkeep\n|\n|t:|1681782839\n|switch|p1b: Flutter Mane|Flutter Mane, L50|100\/100\n|-activate|p1b: Flutter Mane|ability: Protosynthesis\n|-start|p1b: Flutter Mane|protosynthesisspe\n|turn|6\n|inactive|d_davex has 30 seconds left.\n|\n|t:|1681782865\n|switch|p2a: Godzilla|Tyranitar, L50, M, shiny|100\/100\n|-weather|Sandstorm|[from] ability: Sand Stream|[of] p2a: Godzilla\n|-end|p1b: Flutter Mane|Protosynthesis\n|move|p1b: Flutter Mane|Moonblast|p2a: Godzilla\n|-supereffective|p2a: Godzilla\n|-damage|p2a: Godzilla|48\/100\n|move|p2b: Mr. Jones|Tera Blast|p1b: Flutter Mane\n|-damage|p1b: Flutter Mane|6\/100\n|move|p1a: Bronzong|Body Press|p2b: Mr. Jones\n|-damage|p2b: Mr. Jones|13\/100\n|\n|-weather|Sandstorm|[upkeep]\n|-damage|p1b: Flutter Mane|0 fnt|[from] Sandstorm\n|-damage|p2b: Mr. Jones|7\/100|[from] Sandstorm\n|-damage|p1a: Bronzong|18\/100 brn|[from] Sandstorm\n|faint|p1b: Flutter Mane\n|-end|p1b: Flutter Mane|Protosynthesis|[silent]\n|-heal|p1a: Bronzong|24\/100 brn|[from] item: Leftovers\n|-damage|p1a: Bronzong|18\/100 brn|[from] brn\n|upkeep\n|\n|t:|1681782882\n|switch|p1b: Torkoal|Torkoal, L50, M|100\/100\n|-weather|SunnyDay|[from] ability: Drought|[of] p1b: Torkoal\n|turn|7\n|\n|t:|1681782891\n|move|p1b: Torkoal|Protect|p1b: Torkoal\n|-singleturn|p1b: Torkoal|Protect\n|move|p2b: Mr. Jones|Tera Blast|p1a: Bronzong\n|-resisted|p1a: Bronzong\n|-damage|p1a: Bronzong|7\/100 brn\n|move|p2a: Godzilla|Rock Slide|p1b: Torkoal|[spread] p1a\n|-activate|p1b: Torkoal|move: Protect\n|-damage|p1a: Bronzong|0 fnt\n|faint|p1a: Bronzong\n|\n|-weather|SunnyDay|[upkeep]\n|upkeep\n|turn|8\n|-message|d_davex forfeited.\n|\n|win|gankyburner\n|raw|d_davex's rating: 1162 → 1138<\/strong> (-24 for losing)\n|raw|gankyburner's rating: 1175 → 1199<\/strong> (+24 for winning)\n|l|\u2606d_davex\n","uploadtime":1681782904,"views":8,"p1id":"ddavex","p2id":"gankyburner","formatid":"gen9vgc2023regulationc","rating":1138,"private":0,"password":""}