{"id":"gen9vgc2023regulationc-1850996274","p1":"Pantsuit","p2":"Treeckoguy1","format":"[Gen 9] VGC 2023 Regulation C","log":"|j|\u2606Pantsuit\n|j|\u2606Treeckoguy1\n|t:|1682391733\n|gametype|doubles\n|player|p1|Pantsuit|102|1417\n|player|p2|Treeckoguy1|265|1548\n|teamsize|p1|6\n|teamsize|p2|6\n|gen|9\n|tier|[Gen 9] VGC 2023 Regulation C\n|rated|\n|rule|Species Clause: Limit one of each Pok\u00e9mon\n|rule|Item Clause: Limit one of each item\n|clearpoke\n|poke|p1|Gholdengo, L50|\n|poke|p1|Wo-Chien, L50|\n|poke|p1|Iron Bundle, L50|\n|poke|p1|Dragapult, L50, M|\n|poke|p1|Hippowdon, L50, F|\n|poke|p1|Glimmora, L50, F|\n|poke|p2|Chien-Pao, L50|\n|poke|p2|Abomasnow, L50, F|\n|poke|p2|Avalugg, L50, M|\n|poke|p2|Frosmoth, L50, M|\n|poke|p2|Baxcalibur, L50, F|\n|poke|p2|Iron Bundle, L50|\n|teampreview|4\n|j| Mukked It Up\n|inactive|Battle timer is ON: inactive players will automatically lose when time's up. (requested by Pantsuit)\n|\n|t:|1682391795\n|start\n|switch|p1a: Glimmora|Glimmora, L50, F|100\/100\n|switch|p1b: Hippowdon|Hippowdon, L50, F|100\/100\n|switch|p2a: Chien-Pao|Chien-Pao, L50|100\/100\n|switch|p2b: Frosmoth|Frosmoth, L50, M|100\/100\n|-ability|p2a: Chien-Pao|Sword of Ruin\n|-weather|Sandstorm|[from] ability: Sand Stream|[of] p1b: Hippowdon\n|turn|1\n|\n|t:|1682391816\n|switch|p2a: Abomasnow|Abomasnow, L50, F|100\/100\n|-weather|Snow|[from] ability: Snow Warning|[of] p2a: Abomasnow\n|-terastallize|p2b: Frosmoth|Ground\n|-terastallize|p1b: Hippowdon|Water\n|move|p1a: Glimmora|Mortal Spin|p2b: Frosmoth|[spread] p2a,p2b\n|-supereffective|p2a: Abomasnow\n|-resisted|p2b: Frosmoth\n|-damage|p2a: Abomasnow|93\/100\n|-damage|p2b: Frosmoth|98\/100\n|-status|p2a: Abomasnow|psn\n|move|p2b: Frosmoth|Quiver Dance|p2b: Frosmoth\n|-boost|p2b: Frosmoth|spa|1\n|-boost|p2b: Frosmoth|spd|1\n|-boost|p2b: Frosmoth|spe|1\n|move|p1b: Hippowdon|Stealth Rock|p2a: Abomasnow\n|-sidestart|p2: Treeckoguy1|move: Stealth Rock\n|\n|-weather|Snow|[upkeep]\n|-damage|p2a: Abomasnow|81\/100 psn|[from] psn\n|upkeep\n|turn|2\n|\n|t:|1682391837\n|switch|p1a: Iron Bundle|Iron Bundle, L50|100\/100\n|-enditem|p1a: Iron Bundle|Booster Energy\n|-activate|p1a: Iron Bundle|ability: Quark Drive|[fromitem]\n|-start|p1a: Iron Bundle|quarkdrivespe\n|move|p2b: Frosmoth|Quiver Dance|p2b: Frosmoth\n|-boost|p2b: Frosmoth|spa|1\n|-boost|p2b: Frosmoth|spd|1\n|-boost|p2b: Frosmoth|spe|1\n|move|p2a: Abomasnow|Aurora Veil|p2a: Abomasnow\n|-sidestart|p2: Treeckoguy1|move: Aurora Veil\n|move|p1b: Hippowdon|Yawn|p2b: Frosmoth\n|-start|p2b: Frosmoth|move: Yawn|[of] p1b: Hippowdon\n|\n|-weather|Snow|[upkeep]\n|-damage|p2a: Abomasnow|69\/100 psn|[from] psn\n|upkeep\n|turn|3\n|\n|t:|1682391851\n|move|p1a: Iron Bundle|Protect|p1a: Iron Bundle\n|-singleturn|p1a: Iron Bundle|Protect\n|move|p1b: Hippowdon|Protect|p1b: Hippowdon\n|-singleturn|p1b: Hippowdon|Protect\n|move|p2b: Frosmoth|Quiver Dance|p2b: Frosmoth\n|-boost|p2b: Frosmoth|spa|1\n|-boost|p2b: Frosmoth|spd|1\n|-boost|p2b: Frosmoth|spe|1\n|move|p2a: Abomasnow|Giga Drain|p1a: Iron Bundle\n|-activate|p1a: Iron Bundle|move: Protect\n|\n|-weather|Snow|[upkeep]\n|-damage|p2a: Abomasnow|57\/100 psn|[from] psn\n|-end|p2b: Frosmoth|move: Yawn|[silent]\n|-status|p2b: Frosmoth|slp\n|upkeep\n|turn|4\n|\n|t:|1682391873\n|move|p1a: Iron Bundle|Encore|p2b: Frosmoth\n|-start|p2b: Frosmoth|Encore\n|cant|p2b: Frosmoth|slp\n|move|p2a: Abomasnow|Giga Drain|p1a: Iron Bundle\n|-supereffective|p1a: Iron Bundle\n|-damage|p1a: Iron Bundle|0 fnt\n|-heal|p2a: Abomasnow|96\/100 psn|[from] drain|[of] p1a: Iron Bundle\n|faint|p1a: Iron Bundle\n|-end|p1a: Iron Bundle|Quark Drive|[silent]\n|move|p1b: Hippowdon|Sand Tomb|p2b: Frosmoth\n|-damage|p2b: Frosmoth|87\/100 slp\n|-activate|p2b: Frosmoth|move: Sand Tomb|[of] p1b: Hippowdon\n|\n|-weather|Snow|[upkeep]\n|-damage|p2a: Abomasnow|84\/100 psn|[from] psn\n|-damage|p2b: Frosmoth|75\/100 slp|[from] move: Sand Tomb|[partiallytrapped]\n|upkeep\n|\n|t:|1682391887\n|switch|p1a: Glimmora|Glimmora, L50, F|100\/100\n|turn|5\n|\n|t:|1682391894\n|switch|p1b: Gholdengo|Gholdengo, L50|100\/100\n|cant|p2b: Frosmoth|slp\n|move|p1a: Glimmora|Power Gem|p2a: Abomasnow\n|-supereffective|p2a: Abomasnow\n|-damage|p2a: Abomasnow|35\/100 psn\n|move|p2a: Abomasnow|Earth Power|p1a: Glimmora\n|-supereffective|p1a: Glimmora\n|-damage|p1a: Glimmora|25\/100\n|\n|-weather|none\n|-damage|p2a: Abomasnow|23\/100 psn|[from] psn\n|-end|p2b: Frosmoth|Sand Tomb|[partiallytrapped]|[silent]\n|upkeep\n|turn|6\n|\n|t:|1682391917\n|-curestatus|p2b: Frosmoth|slp|[msg]\n|move|p2b: Frosmoth|Quiver Dance|p2b: Frosmoth\n|-boost|p2b: Frosmoth|spa|1\n|-boost|p2b: Frosmoth|spd|1\n|-boost|p2b: Frosmoth|spe|1\n|move|p1a: Glimmora|Power Gem|p2a: Abomasnow\n|-supereffective|p2a: Abomasnow\n|-damage|p2a: Abomasnow|0 fnt\n|faint|p2a: Abomasnow\n|move|p1b: Gholdengo|Nasty Plot|p1b: Gholdengo\n|-boost|p1b: Gholdengo|spa|2\n|\n|-end|p2b: Frosmoth|Encore\n|-sideend|p2: Treeckoguy1|move: Aurora Veil\n|upkeep\n|\n|t:|1682391931\n|switch|p2a: Iron Bundle|Iron Bundle, L50|100\/100\n|-damage|p2a: Iron Bundle|76\/100|[from] Stealth Rock\n|-enditem|p2a: Iron Bundle|Booster Energy\n|-activate|p2a: Iron Bundle|ability: Quark Drive|[fromitem]\n|-start|p2a: Iron Bundle|quarkdrivespe\n|turn|7\n|\n|t:|1682391948\n|move|p2a: Iron Bundle|Protect|p2a: Iron Bundle\n|-singleturn|p2a: Iron Bundle|Protect\n|move|p2b: Frosmoth|Tera Blast|p1b: Gholdengo\n|-supereffective|p1b: Gholdengo\n|-damage|p1b: Gholdengo|0 fnt\n|faint|p1b: Gholdengo\n|move|p1a: Glimmora|Energy Ball|p2a: Iron Bundle\n|-activate|p2a: Iron Bundle|move: Protect\n|\n|upkeep\n|-message|Pantsuit forfeited.\n|\n|win|Treeckoguy1\n|raw|Pantsuit's rating: 1417 → 1404<\/strong> (-13 for losing)\n|raw|Treeckoguy1's rating: 1548 → 1561<\/strong> (+13 for winning)\n|l|\u2606Pantsuit\n|l| Mukked It Up\n","uploadtime":1682392094,"views":8,"p1id":"pantsuit","p2id":"treeckoguy1","formatid":"gen9vgc2023regulationc","rating":1404,"private":0,"password":""}