{"id":"gen9vgc2023regulationc-1855816926","p1":"We_Love_The_Gong","p2":"GrimPedia","format":"[Gen 9] VGC 2023 Regulation C","log":"|j|\u2606We_Love_The_Gong\n|j|\u2606GrimPedia\n|t:|1682987612\n|gametype|doubles\n|player|p1|We_Love_The_Gong|fantina|1336\n|player|p2|GrimPedia|pokemonranger-gen4|1316\n|teamsize|p1|6\n|teamsize|p2|6\n|gen|9\n|tier|[Gen 9] VGC 2023 Regulation C\n|rated|\n|rule|Species Clause: Limit one of each Pok\u00e9mon\n|rule|Item Clause: Limit one of each item\n|clearpoke\n|poke|p1|Gholdengo, L50|\n|poke|p1|Ting-Lu, L50|\n|poke|p1|Gyarados, L50, F|\n|poke|p1|Flutter Mane, L50|\n|poke|p1|Amoonguss, L50, M|\n|poke|p1|Baxcalibur, L50, F|\n|poke|p2|Great Tusk, L50|\n|poke|p2|Dragapult, L50, M|\n|poke|p2|Scovillain, L50, M|\n|poke|p2|Chien-Pao, L50|\n|poke|p2|Murkrow, L50, F|\n|poke|p2|Iron Hands, L50|\n|teampreview|4\nWe_Love_The_Gong has agreed to open team sheets.\n|\n|t:|1682987660\n|start\n|switch|p1a: Gyarados|Gyarados, L50, F|100\/100\n|switch|p1b: Flutter Mane|Flutter Mane, L50|100\/100\n|switch|p2a: Scovillain|Scovillain, L50, M|100\/100\n|switch|p2b: Iron Hands|Iron Hands, L50|100\/100\n|-ability|p1a: Gyarados|Intimidate|boost\n|-unboost|p2a: Scovillain|atk|1\n|-unboost|p2b: Iron Hands|atk|1\n|turn|1\n|\n|t:|1682987697\n|switch|p1a: Ting-Lu|Ting-Lu, L50|100\/100\n|-ability|p1a: Ting-Lu|Vessel of Ruin\n|-terastallize|p2b: Iron Hands|Fire\n|move|p1b: Flutter Mane|Moonblast|p2b: Iron Hands\n|-resisted|p2b: Iron Hands\n|-damage|p2b: Iron Hands|80\/100\n|move|p2a: Scovillain|Spicy Extract|p1b: Flutter Mane\n|-boost|p1b: Flutter Mane|atk|2\n|-unboost|p1b: Flutter Mane|def|2\n|-enditem|p2b: Iron Hands|Mirror Herb\n|-boost|p2b: Iron Hands|atk|2|[from] item: Mirror Herb\n|move|p2b: Iron Hands|Thunder Punch|p1b: Flutter Mane\n|-damage|p1b: Flutter Mane|0 fnt\n|faint|p1b: Flutter Mane\n|-end|p1b: Flutter Mane|Protosynthesis|[silent]\n|\n|-ability|p2a: Scovillain|Moody|boost\n|-boost|p2a: Scovillain|atk|2\n|-unboost|p2a: Scovillain|def|1\n|upkeep\n|\n|t:|1682987714\n|switch|p1b: Gyarados|Gyarados, L50, F|100\/100\n|-ability|p1b: Gyarados|Intimidate|boost\n|-unboost|p2a: Scovillain|atk|1\n|-unboost|p2b: Iron Hands|atk|1\n|turn|2\n|\n|t:|1682987741\n|-end|p2b: Iron Hands|Quark Drive|[silent]\n|switch|p2b: Murkrow|Murkrow, L50, F|100\/100\n|move|p2a: Scovillain|Giga Drain|p1a: Ting-Lu\n|-supereffective|p1a: Ting-Lu\n|-crit|p1a: Ting-Lu\n|-damage|p1a: Ting-Lu|72\/100\n|move|p1b: Gyarados|Waterfall|p2b: Murkrow\n|-damage|p2b: Murkrow|66\/100\n|move|p1a: Ting-Lu|Stomping Tantrum|p2b: Murkrow\n|-immune|p2b: Murkrow\n|\n|-ability|p2a: Scovillain|Moody|boost\n|-boost|p2a: Scovillain|spe|2\n|-unboost|p2a: Scovillain|spa|1\n|upkeep\n|turn|3\n|\n|t:|1682987772\n|move|p2a: Scovillain|Spicy Extract|p1b: Gyarados\n|-boost|p1b: Gyarados|atk|2\n|-unboost|p1b: Gyarados|def|2\n|move|p2b: Murkrow|Foul Play|p1b: Gyarados\n|-damage|p1b: Gyarados|0 fnt\n|faint|p1b: Gyarados\n|move|p1a: Ting-Lu|Stomping Tantrum|p2a: Scovillain\n|-damage|p2a: Scovillain|0 fnt\n|faint|p2a: Scovillain\n|\n|upkeep\n|\n|t:|1682987791\n|switch|p2a: Great Tusk|Great Tusk, L50|100\/100\n|switch|p1b: Baxcalibur|Baxcalibur, L50, F|100\/100\n|turn|4\n|\n|t:|1682987831\n|-terastallize|p1b: Baxcalibur|Poison\n|move|p2b: Murkrow|Tailwind|p2b: Murkrow\n|-sidestart|p2: GrimPedia|move: Tailwind\n|move|p2a: Great Tusk|Close Combat|p1a: Ting-Lu\n|-supereffective|p1a: Ting-Lu\n|-damage|p1a: Ting-Lu|0 fnt\n|-unboost|p2a: Great Tusk|def|1\n|-unboost|p2a: Great Tusk|spd|1\n|faint|p1a: Ting-Lu\n|move|p1b: Baxcalibur|Icicle Spear|p2a: Great Tusk\n|-supereffective|p2a: Great Tusk\n|-damage|p2a: Great Tusk|72\/100\n|-supereffective|p2a: Great Tusk\n|-damage|p2a: Great Tusk|43\/100\n|-supereffective|p2a: Great Tusk\n|-damage|p2a: Great Tusk|9\/100\n|-supereffective|p2a: Great Tusk\n|-damage|p2a: Great Tusk|0 fnt\n|faint|p2a: Great Tusk\n|-end|p2a: Great Tusk|Protosynthesis|[silent]\n|-hitcount|p2: Great Tusk|4\n|\n|upkeep\n|\n|t:|1682987850\n|switch|p2a: Iron Hands|Iron Hands, L50, tera:Fire|80\/100\n|turn|5\n|\n|t:|1682987879\n|move|p1b: Baxcalibur|Protect|p1b: Baxcalibur\n|-singleturn|p1b: Baxcalibur|Protect\n|move|p2b: Murkrow|Foul Play|p1b: Baxcalibur\n|-activate|p1b: Baxcalibur|move: Protect\n|move|p2a: Iron Hands|Thunder Punch|p1b: Baxcalibur\n|-activate|p1b: Baxcalibur|move: Protect\n|\n|upkeep\n|turn|6\n|c|\u2606We_Love_The_Gong|gg\n|\n|t:|1682987892\n|move|p2b: Murkrow|Foul Play|p1b: Baxcalibur\n|-damage|p1b: Baxcalibur|51\/100\n|move|p2a: Iron Hands|Thunder Punch|p1b: Baxcalibur\n|-damage|p1b: Baxcalibur|13\/100\n|move|p1b: Baxcalibur|Glaive Rush|p2a: Iron Hands\n|-damage|p2a: Iron Hands|32\/100\n|-singlemove|p1b: Baxcalibur|Glaive Rush|[silent]\n|\n|upkeep\n|turn|7\n|\n|t:|1682987917\n|move|p2b: Murkrow|Sunny Day|p2b: Murkrow\n|-weather|SunnyDay\n|move|p1b: Baxcalibur|Ice Shard|p2b: Murkrow\n|-supereffective|p2b: Murkrow\n|-damage|p2b: Murkrow|14\/100\n|move|p2a: Iron Hands|Thunder Punch|p1b: Baxcalibur\n|-damage|p1b: Baxcalibur|0 fnt\n|faint|p1b: Baxcalibur\n|\n|win|GrimPedia\n|raw|We_Love_The_Gong's rating: 1336 → 1315<\/strong> (-21 for losing)\n|raw|GrimPedia's rating: 1316 → 1337<\/strong> (+21 for winning)\n|l|\u2606We_Love_The_Gong\n","uploadtime":1682987935,"views":14,"p1id":"welovethegong","p2id":"grimpedia","formatid":"gen9vgc2023regulationc","rating":1315,"private":0,"password":""}