{"id":"gen9vgc2023regulationc-1856547398","p1":"DinkyDaDuke","p2":"magicwombat7778","format":"[Gen 9] VGC 2023 Regulation C","log":"|j|\u2606DinkyDaDuke\n|j|\u2606magicwombat7778\n|t:|1683074282\n|gametype|doubles\n|player|p1|DinkyDaDuke|170|1141\n|player|p2|magicwombat7778|volo-ginkgo|1107\n|teamsize|p1|6\n|teamsize|p2|6\n|gen|9\n|tier|[Gen 9] VGC 2023 Regulation C\n|rated|\n|rule|Species Clause: Limit one of each Pok\u00e9mon\n|rule|Item Clause: Limit one of each item\n|clearpoke\n|poke|p1|Palafin, L50, M|\n|poke|p1|Pelipper, L50, M|\n|poke|p1|Dragonite, L50, M|\n|poke|p1|Annihilape, L50, M|\n|poke|p1|Maushold-Four, L50|\n|poke|p1|Chien-Pao, L50|\n|poke|p2|Chi-Yu, L50|\n|poke|p2|Maushold, L50|\n|poke|p2|Meowscarada, L50, F|\n|poke|p2|Flutter Mane, L50|\n|poke|p2|Garchomp, L50, M|\n|poke|p2|Lumineon, L50, M|\n|teampreview|4\n|\n|t:|1683074296\n|start\n|switch|p1a: Pelipper|Pelipper, L50, M|100\/100\n|switch|p1b: Palafin|Palafin, L50, M|100\/100\n|switch|p2a: Lumineon|Lumineon, L50, M|100\/100\n|switch|p2b: Garchomp|Garchomp, L50, M|100\/100\n|-weather|RainDance|[from] ability: Drizzle|[of] p1a: Pelipper\n|turn|1\n|\n|t:|1683074321\n|detailschange|p1b: Palafin|Palafin-Hero, L50, M\n|switch|p1b: Chien-Pao|Chien-Pao, L50|100\/100\n|-ability|p1b: Chien-Pao|Sword of Ruin\n|move|p2b: Garchomp|Protect|p2b: Garchomp\n|-singleturn|p2b: Garchomp|Protect\n|move|p1a: Pelipper|Hurricane|p2b: Garchomp\n|-activate|p2b: Garchomp|move: Protect\n|move|p2a: Lumineon|Tailwind|p2a: Lumineon\n|-sidestart|p2: magicwombat7778|move: Tailwind\n|\n|-weather|RainDance|[upkeep]\n|upkeep\n|turn|2\n|\n|t:|1683074349\n|-terastallize|p2b: Garchomp|Steel\n|move|p2a: Lumineon|Helping Hand|p2b: Garchomp\n|-singleturn|p2b: Garchomp|Helping Hand|[of] p2a: Lumineon\n|move|p1b: Chien-Pao|Sucker Punch|p2b: Garchomp\n|-damage|p2b: Garchomp|51\/100\n|-damage|p1b: Chien-Pao|88\/100|[from] ability: Rough Skin|[of] p2b: Garchomp\n|move|p2b: Garchomp|Rock Slide|p1b: Chien-Pao|[spread] p1a,p1b\n|-supereffective|p1a: Pelipper\n|-supereffective|p1b: Chien-Pao\n|-damage|p1a: Pelipper|0 fnt\n|-damage|p1b: Chien-Pao|2\/100\n|faint|p1a: Pelipper\n|\n|-weather|RainDance|[upkeep]\n|upkeep\n|\n|t:|1683074365\n|switch|p1a: Annihilape|Annihilape, L50, M, shiny|100\/100\n|turn|3\n|\n|t:|1683074377\n|move|p2b: Garchomp|Protect|p2b: Garchomp\n|-singleturn|p2b: Garchomp|Protect\n|move|p1b: Chien-Pao|Sucker Punch||[still]\n|-fail|p1b: Chien-Pao\n|move|p2a: Lumineon|Surf|p1a: Annihilape|[spread] p1a,p1b\n|-activate|p2b: Garchomp|move: Protect\n|-damage|p1a: Annihilape|75\/100\n|-damage|p1b: Chien-Pao|0 fnt\n|faint|p1b: Chien-Pao\n|move|p1a: Annihilape|Drain Punch|p2b: Garchomp\n|-activate|p2b: Garchomp|move: Protect\n|\n|-weather|RainDance|[upkeep]\n|upkeep\n|\n|t:|1683074392\n|switch|p1b: Palafin|Palafin-Hero, L50, M|100\/100\n|-activate|p1b: Palafin|ability: Zero to Hero\n|turn|4\n|\n|t:|1683074405\n|switch|p2b: Flutter Mane|Flutter Mane, L50|100\/100\n|-enditem|p2b: Flutter Mane|Booster Energy\n|-activate|p2b: Flutter Mane|ability: Protosynthesis|[fromitem]\n|-start|p2b: Flutter Mane|protosynthesisspa\n|move|p1b: Palafin|Jet Punch|p2a: Lumineon\n|-activate|p2a: Lumineon|ability: Storm Drain\n|-ability|p2a: Lumineon|Storm Drain|boost\n|-boost|p2a: Lumineon|spa|1\n|move|p2a: Lumineon|Surf|p1a: Annihilape|[spread] p2b,p1a,p1b\n|-resisted|p1b: Palafin\n|-damage|p2b: Flutter Mane|61\/100\n|-damage|p1a: Annihilape|36\/100\n|-damage|p1b: Palafin|82\/100\n|-enditem|p1a: Annihilape|Sitrus Berry|[eat]\n|-heal|p1a: Annihilape|61\/100|[from] item: Sitrus Berry\n|move|p1a: Annihilape|Bulk Up|p1a: Annihilape\n|-boost|p1a: Annihilape|atk|1\n|-boost|p1a: Annihilape|def|1\n|\n|-weather|RainDance|[upkeep]\n|-sideend|p2: magicwombat7778|move: Tailwind\n|upkeep\n|turn|5\n|\n|t:|1683074435\n|move|p2a: Lumineon|Helping Hand|p2b: Flutter Mane\n|-singleturn|p2b: Flutter Mane|Helping Hand|[of] p2a: Lumineon\n|move|p1b: Palafin|Protect|p1b: Palafin\n|-singleturn|p1b: Palafin|Protect\n|move|p2b: Flutter Mane|Dazzling Gleam|p1b: Palafin|[spread] p1a\n|-activate|p1b: Palafin|move: Protect\n|-supereffective|p1a: Annihilape\n|-damage|p1a: Annihilape|0 fnt\n|faint|p1a: Annihilape\n|\n|-weather|RainDance|[upkeep]\n|upkeep\n|turn|6\n|-message|DinkyDaDuke forfeited.\n|\n|win|magicwombat7778\n|raw|DinkyDaDuke's rating: 1141 → 1114<\/strong> (-27 for losing)\n|raw|magicwombat7778's rating: 1107 → 1134<\/strong> (+27 for winning)\n|l|\u2606DinkyDaDuke\n","uploadtime":1683074489,"views":13,"p1id":"dinkydaduke","p2id":"magicwombat7778","formatid":"gen9vgc2023regulationc","rating":1114,"private":0,"password":""}