{"id":"gen9vgc2023regulationc-1848953125","p1":"teriso169","p2":"Kirch VGC","format":"[Gen 9] VGC 2023 Regulation C","log":"|j|\u2606teriso169\n|j|\u2606Kirch VGC\n|t:|1682130469\n|gametype|doubles\n|player|p1|teriso169|hiker-gen4|1231\n|player|p2|Kirch VGC|norman|1280\n|teamsize|p1|6\n|teamsize|p2|6\n|gen|9\n|tier|[Gen 9] VGC 2023 Regulation C\n|rated|\n|rule|Species Clause: Limit one of each Pok\u00e9mon\n|rule|Item Clause: Limit one of each item\n|clearpoke\n|poke|p1|Brute Bonnet, L50|\n|poke|p1|Chien-Pao, L50|\n|poke|p1|Iron Hands, L50|\n|poke|p1|Great Tusk, L50|\n|poke|p1|Iron Bundle, L50|\n|poke|p1|Sandy Shocks, L50|\n|poke|p2|Baxcalibur, L50, M|\n|poke|p2|Arcanine, L50, M|\n|poke|p2|Flutter Mane, L50|\n|poke|p2|Amoonguss, L50, F|\n|poke|p2|Ting-Lu, L50|\n|poke|p2|Dragonite, L50, F|\n|teampreview|4\n|inactive|Battle timer is ON: inactive players will automatically lose when time's up. (requested by teriso169)\n|inactive|teriso169 has 60 seconds left.\n|\n|t:|1682130502\n|start\n|switch|p1a: Chris pratt|Iron Bundle, L50, shiny|100\/100\n|switch|p1b: Bukit batok|Great Tusk, L50, shiny|100\/100\n|switch|p2a: Baxcalibur|Baxcalibur, L50, M|100\/100\n|switch|p2b: Ting-Lu|Ting-Lu, L50|100\/100\n|-ability|p2b: Ting-Lu|Vessel of Ruin\n|-enditem|p1a: Chris pratt|Booster Energy\n|-activate|p1a: Chris pratt|ability: Quark Drive|[fromitem]\n|-start|p1a: Chris pratt|quarkdrivespe\n|turn|1\n|\n|t:|1682130526\n|switch|p2a: Flutter Mane|Flutter Mane, L50|100\/100\n|-terastallize|p1a: Chris pratt|Ice\n|-terastallize|p2b: Ting-Lu|Poison\n|move|p1a: Chris pratt|Hydro Pump|p2b: Ting-Lu\n|-damage|p2b: Ting-Lu|81\/100\n|move|p1b: Bukit batok|Close Combat|p2a: Flutter Mane\n|-immune|p2a: Flutter Mane\n|move|p2b: Ting-Lu|Body Press|p1a: Chris pratt\n|-supereffective|p1a: Chris pratt\n|-damage|p1a: Chris pratt|41\/100\n|\n|upkeep\n|turn|2\n|inactive|Kirch VGC has 30 seconds left.\n|\n|t:|1682130556\n|switch|p2b: Dragonite|Dragonite, L50, F|100\/100\n|move|p1a: Chris pratt|Icy Wind|p2b: Dragonite|[spread] p2a,p2b\n|-crit|p2a: Flutter Mane\n|-supereffective|p2b: Dragonite\n|-damage|p2a: Flutter Mane|56\/100\n|-damage|p2b: Dragonite|43\/100\n|-unboost|p2a: Flutter Mane|spe|1\n|-unboost|p2b: Dragonite|spe|1\n|move|p1b: Bukit batok|Headlong Rush|p2a: Flutter Mane\n|-damage|p2a: Flutter Mane|0 fnt\n|-unboost|p1b: Bukit batok|def|1\n|-unboost|p1b: Bukit batok|spd|1\n|faint|p2a: Flutter Mane\n|-end|p2a: Flutter Mane|Protosynthesis|[silent]\n|-damage|p1b: Bukit batok|90\/100|[from] item: Life Orb\n|\n|upkeep\n|\n|t:|1682130569\n|switch|p2a: Baxcalibur|Baxcalibur, L50, M|100\/100\n|turn|3\n|\n|t:|1682130580\n|move|p2b: Dragonite|Extreme Speed|p1a: Chris pratt\n|-damage|p1a: Chris pratt|0 fnt\n|faint|p1a: Chris pratt\n|-end|p1a: Chris pratt|Quark Drive|[silent]\n|move|p2a: Baxcalibur|Ice Shard|p1b: Bukit batok\n|-supereffective|p1b: Bukit batok\n|-damage|p1b: Bukit batok|36\/100\n|move|p1b: Bukit batok|Close Combat|p2a: Baxcalibur\n|-supereffective|p2a: Baxcalibur\n|-damage|p2a: Baxcalibur|0 fnt\n|-unboost|p1b: Bukit batok|def|1\n|-unboost|p1b: Bukit batok|spd|1\n|faint|p2a: Baxcalibur\n|-damage|p1b: Bukit batok|26\/100|[from] item: Life Orb\n|\n|upkeep\n|\n|t:|1682130596\n|switch|p1a: Frankie heffley|Chien-Pao, L50|100\/100\n|switch|p2a: Ting-Lu|Ting-Lu, L50, tera:Poison|81\/100\n|-ability|p1a: Frankie heffley|Sword of Ruin\n|-ability|p2a: Ting-Lu|Vessel of Ruin\n|turn|4\n|\n|t:|1682130605\n|move|p1b: Bukit batok|Protect|p1b: Bukit batok\n|-singleturn|p1b: Bukit batok|Protect\n|move|p2b: Dragonite|Extreme Speed|p1b: Bukit batok\n|-activate|p1b: Bukit batok|move: Protect\n|move|p1a: Frankie heffley|Ice Spinner|p2b: Dragonite\n|-supereffective|p2b: Dragonite\n|-damage|p2b: Dragonite|0 fnt\n|faint|p2b: Dragonite\n|move|p2a: Ting-Lu|Heavy Slam|p1a: Frankie heffley\n|-supereffective|p1a: Frankie heffley\n|-enditem|p1a: Frankie heffley|Focus Sash\n|-damage|p1a: Frankie heffley|1\/100\n|\n|upkeep\n|turn|5\n|\n|t:|1682130617\n|move|p1a: Frankie heffley|Ice Spinner|p2a: Ting-Lu\n|-damage|p2a: Ting-Lu|48\/100\n|move|p1b: Bukit batok|Headlong Rush|p2a: Ting-Lu\n|-supereffective|p2a: Ting-Lu\n|-damage|p2a: Ting-Lu|0 fnt\n|-unboost|p1b: Bukit batok|def|1\n|-unboost|p1b: Bukit batok|spd|1\n|faint|p2a: Ting-Lu\n|-damage|p1b: Bukit batok|16\/100|[from] item: Life Orb\n|\n|win|teriso169\n|raw|teriso169's rating: 1231 → 1260<\/strong> (+29 for winning)\n|raw|Kirch VGC's rating: 1280 → 1251<\/strong> (-29 for losing)\n","uploadtime":1682130622,"views":8,"p1id":"teriso169","p2id":"kirchvgc","formatid":"gen9vgc2023regulationc","rating":1251,"private":0,"password":""}