{"id":"gen9vgc2023regulationc-1859023050","p1":"Poteteyryry","p2":"tigato","format":"[Gen 9] VGC 2023 Regulation C","log":"|j|\u2606Poteteyryry\n|j|\u2606tigato\n|t:|1683395437\n|gametype|doubles\n|player|p1|Poteteyryry|1|1053\n|player|p2|tigato|2|1067\n|teamsize|p1|6\n|teamsize|p2|6\n|gen|9\n|tier|[Gen 9] VGC 2023 Regulation C\n|rated|\n|rule|Species Clause: Limit one of each Pok\u00e9mon\n|rule|Item Clause: Limit one of each item\n|clearpoke\n|poke|p1|Clodsire, L50, M|\n|poke|p1|Toxicroak, L50, F|\n|poke|p1|Bellibolt, L50, M|\n|poke|p1|Breloom, L50, F|\n|poke|p1|Grafaiai, L50, F|\n|poke|p1|Garchomp, L50, M|\n|poke|p2|Maushold, L50|\n|poke|p2|Gholdengo, L50|\n|poke|p2|Wo-Chien, L50|\n|poke|p2|Palafin, L50, M|\n|poke|p2|Ting-Lu, L50|\n|poke|p2|Glimmora, L50, F|\n|teampreview|4\n|\n|t:|1683395464\n|start\n|switch|p1a: Clodsire|Clodsire, L50, M|100\/100\n|switch|p1b: Toxicroak|Toxicroak, L50, F|100\/100\n|switch|p2a: Gholdengo|Gholdengo, L50|100\/100\n|switch|p2b: Wo-Chien|Wo-Chien, L50|100\/100\n|-ability|p2b: Wo-Chien|Tablets of Ruin\n|turn|1\n|\n|t:|1683395489\n|move|p1b: Toxicroak|Sucker Punch||[still]\n|-fail|p1b: Toxicroak\n|move|p2a: Gholdengo|Nasty Plot|p2a: Gholdengo\n|-boost|p2a: Gholdengo|spa|2\n|move|p2b: Wo-Chien|Pollen Puff|p2a: Gholdengo\n|-immune|p2a: Gholdengo\n|move|p1a: Clodsire|Surf|p2b: Wo-Chien|[spread] p2a,p2b\n|-immune|p1b: Toxicroak|[from] ability: Dry Skin\n|-resisted|p2b: Wo-Chien\n|-damage|p2a: Gholdengo|93\/100\n|-damage|p2b: Wo-Chien|97\/100\n|\n|-heal|p2a: Gholdengo|99\/100|[from] item: Leftovers\n|upkeep\n|turn|2\n|\n|t:|1683395511\n|move|p1b: Toxicroak|Drain Punch|p2b: Wo-Chien\n|-supereffective|p2b: Wo-Chien\n|-crit|p2b: Wo-Chien\n|-damage|p2b: Wo-Chien|46\/100\n|move|p2a: Gholdengo|Nasty Plot|p2a: Gholdengo\n|-boost|p2a: Gholdengo|spa|2\n|move|p2b: Wo-Chien|Ingrain|p2b: Wo-Chien\n|-start|p2b: Wo-Chien|move: Ingrain\n|move|p1a: Clodsire|Haze|p1a: Clodsire\n|-clearallboost\n|\n|-heal|p2a: Gholdengo|100\/100|[from] item: Leftovers\n|-heal|p2b: Wo-Chien|55\/100|[from] Ingrain\n|upkeep\n|turn|3\n|inactive|Battle timer is ON: inactive players will automatically lose when time's up. (requested by Poteteyryry)\n|inactive|tigato has 60 seconds left.\n|\n|t:|1683395686\n|move|p2b: Wo-Chien|Protect|p2b: Wo-Chien\n|-singleturn|p2b: Wo-Chien|Protect\n|move|p1b: Toxicroak|Drain Punch|p2b: Wo-Chien\n|-activate|p2b: Wo-Chien|move: Protect\n|move|p2a: Gholdengo|Shadow Ball|p1b: Toxicroak\n|-damage|p1b: Toxicroak|64\/100\n|move|p1a: Clodsire|Haze|p1a: Clodsire\n|-clearallboost\n|\n|-heal|p2b: Wo-Chien|63\/100|[from] Ingrain\n|upkeep\n|turn|4\n|inactive|tigato has 30 seconds left.\n|\n|t:|1683395712\n|move|p1b: Toxicroak|Drain Punch|p2b: Wo-Chien\n|-supereffective|p2b: Wo-Chien\n|-damage|p2b: Wo-Chien|31\/100\n|-heal|p1b: Toxicroak|83\/100|[from] drain|[of] p2b: Wo-Chien\n|move|p2a: Gholdengo|Shadow Ball|p1b: Toxicroak\n|-damage|p1b: Toxicroak|45\/100\n|move|p2b: Wo-Chien|Leech Seed|p1a: Clodsire\n|-start|p1a: Clodsire|move: Leech Seed\n|move|p1a: Clodsire|Surf|p2a: Gholdengo|[spread] p2a,p2b\n|-heal|p1b: Toxicroak|70\/100|[from] ability: Dry Skin|[of] p1a: Clodsire\n|-resisted|p2b: Wo-Chien\n|-damage|p2a: Gholdengo|93\/100\n|-damage|p2b: Wo-Chien|28\/100\n|\n|-heal|p2a: Gholdengo|99\/100|[from] item: Leftovers\n|-heal|p2b: Wo-Chien|36\/100|[from] Ingrain\n|-damage|p1a: Clodsire|88\/100|[from] Leech Seed|[of] p2b: Wo-Chien\n|-heal|p2b: Wo-Chien|56\/100|[silent]\n|upkeep\n|turn|5\n|inactive|Poteteyryry has 30 seconds left.\n|\n|t:|1683395743\n|move|p2b: Wo-Chien|Protect|p2b: Wo-Chien\n|-singleturn|p2b: Wo-Chien|Protect\n|move|p1b: Toxicroak|Sucker Punch|p2a: Gholdengo\n|-supereffective|p2a: Gholdengo\n|-crit|p2a: Gholdengo\n|-damage|p2a: Gholdengo|57\/100\n|move|p2a: Gholdengo|Shadow Ball|p1b: Toxicroak\n|-crit|p1b: Toxicroak\n|-damage|p1b: Toxicroak|9\/100\n|move|p1a: Clodsire|Surf|p2a: Gholdengo|[spread] p2a\n|-activate|p2b: Wo-Chien|move: Protect\n|-heal|p1b: Toxicroak|34\/100|[from] ability: Dry Skin|[of] p1a: Clodsire\n|-damage|p2a: Gholdengo|48\/100\n|\n|-heal|p2a: Gholdengo|55\/100|[from] item: Leftovers\n|-heal|p1a: Clodsire|94\/100|[from] item: Black Sludge\n|-heal|p2b: Wo-Chien|64\/100|[from] Ingrain\n|-damage|p1a: Clodsire|82\/100|[from] Leech Seed|[of] p2b: Wo-Chien\n|-heal|p2b: Wo-Chien|84\/100|[silent]\n|upkeep\n|turn|6\n|inactive|Poteteyryry has 30 seconds left.\n|inactive|tigato has 30 seconds left.\n|\n|t:|1683395774\n|-terastallize|p2a: Gholdengo|Fairy\n|move|p1b: Toxicroak|Drain Punch|p2b: Wo-Chien\n|-supereffective|p2b: Wo-Chien\n|-damage|p2b: Wo-Chien|46\/100\n|-heal|p1b: Toxicroak|57\/100|[from] drain|[of] p2b: Wo-Chien\n|move|p2a: Gholdengo|Shadow Ball|p1b: Toxicroak\n|-damage|p1b: Toxicroak|21\/100\n|move|p2b: Wo-Chien|Pollen Puff|p2a: Gholdengo\n|-heal|p2a: Gholdengo|100\/100\n|move|p1a: Clodsire|Surf|p2a: Gholdengo|[spread] p2a,p2b\n|-heal|p1b: Toxicroak|45\/100|[from] ability: Dry Skin|[of] p1a: Clodsire\n|-resisted|p2b: Wo-Chien\n|-damage|p2a: Gholdengo|93\/100\n|-damage|p2b: Wo-Chien|43\/100\n|\n|-heal|p2a: Gholdengo|99\/100|[from] item: Leftovers\n|-heal|p1a: Clodsire|88\/100|[from] item: Black Sludge\n|-heal|p2b: Wo-Chien|52\/100|[from] Ingrain\n|-damage|p1a: Clodsire|76\/100|[from] Leech Seed|[of] p2b: Wo-Chien\n|-heal|p2b: Wo-Chien|71\/100|[silent]\n|upkeep\n|turn|7\n|inactive|Poteteyryry has 30 seconds left.\n|inactive|tigato has 30 seconds left.\n|inactive|tigato has 20 seconds left.\n|\n|t:|1683395809\n|move|p2b: Wo-Chien|Protect|p2b: Wo-Chien\n|-singleturn|p2b: Wo-Chien|Protect\n|move|p1b: Toxicroak|Poison Jab|p2a: Gholdengo\n|-supereffective|p2a: Gholdengo\n|-damage|p2a: Gholdengo|49\/100\n|-status|p2a: Gholdengo|psn\n|move|p2a: Gholdengo|Shadow Ball|p1b: Toxicroak\n|-damage|p1b: Toxicroak|11\/100\n|move|p1a: Clodsire|Surf|p2a: Gholdengo|[spread] p2a\n|-activate|p2b: Wo-Chien|move: Protect\n|-heal|p1b: Toxicroak|35\/100|[from] ability: Dry Skin|[of] p1a: Clodsire\n|-damage|p2a: Gholdengo|42\/100 psn\n|\n|-heal|p2a: Gholdengo|48\/100 psn|[from] item: Leftovers\n|-heal|p1a: Clodsire|82\/100|[from] item: Black Sludge\n|-heal|p2b: Wo-Chien|80\/100|[from] Ingrain\n|-damage|p1a: Clodsire|69\/100|[from] Leech Seed|[of] p2b: Wo-Chien\n|-heal|p2b: Wo-Chien|99\/100|[silent]\n|-damage|p2a: Gholdengo|36\/100 psn|[from] psn\n|upkeep\n|turn|8\n|inactive|tigato has 30 seconds left.\n|\n|t:|1683395839\n|move|p1b: Toxicroak|Drain Punch|p2b: Wo-Chien\n|-supereffective|p2b: Wo-Chien\n|-crit|p2b: Wo-Chien\n|-damage|p2b: Wo-Chien|46\/100\n|-heal|p1b: Toxicroak|68\/100|[from] drain|[of] p2b: Wo-Chien\n|move|p2a: Gholdengo|Shadow Ball|p1a: Clodsire\n|-damage|p1a: Clodsire|40\/100\n|move|p2b: Wo-Chien|Leech Seed|p1b: Toxicroak\n|-start|p1b: Toxicroak|move: Leech Seed\n|move|p1a: Clodsire|Recover|p1a: Clodsire\n|-heal|p1a: Clodsire|90\/100\n|\n|-heal|p2a: Gholdengo|42\/100 psn|[from] item: Leftovers\n|-heal|p1a: Clodsire|96\/100|[from] item: Black Sludge\n|-heal|p2b: Wo-Chien|55\/100|[from] Ingrain\n|-damage|p1b: Toxicroak|56\/100|[from] Leech Seed|[of] p2b: Wo-Chien\n|-heal|p2b: Wo-Chien|68\/100|[silent]\n|-damage|p1a: Clodsire|84\/100|[from] Leech Seed|[of] p2b: Wo-Chien\n|-heal|p2b: Wo-Chien|87\/100|[silent]\n|-damage|p2a: Gholdengo|29\/100 psn|[from] psn\n|upkeep\n|turn|9\n|inactive|tigato has 30 seconds left.\n|\n|t:|1683395868\n|move|p2b: Wo-Chien|Protect|p2b: Wo-Chien\n|-singleturn|p2b: Wo-Chien|Protect\n|move|p1b: Toxicroak|Poison Jab|p2a: Gholdengo\n|-supereffective|p2a: Gholdengo\n|-damage|p2a: Gholdengo|0 fnt\n|faint|p2a: Gholdengo\n|move|p1a: Clodsire|Stealth Rock|p2b: Wo-Chien\n|-sidestart|p2: tigato|move: Stealth Rock\n|\n|-heal|p1a: Clodsire|90\/100|[from] item: Black Sludge\n|-heal|p2b: Wo-Chien|96\/100|[from] Ingrain\n|-damage|p1b: Toxicroak|44\/100|[from] Leech Seed|[of] p2b: Wo-Chien\n|-heal|p2b: Wo-Chien|100\/100|[silent]\n|-damage|p1a: Clodsire|78\/100|[from] Leech Seed|[of] p2b: Wo-Chien\n|upkeep\n|inactive|tigato has 30 seconds left.\n|inactive|tigato has 20 seconds left.\n|inactive|tigato has 15 seconds left.\n|inactive|tigato has 10 seconds left.\n|inactive|tigato has 5 seconds left.\n|\n|t:|1683395923\n|switch|p2a: Maushold|Maushold, L50|100\/100\n|-damage|p2a: Maushold|88\/100|[from] Stealth Rock\n|turn|10\n|\n|t:|1683395936\n|-terastallize|p1b: Toxicroak|Steel\n|move|p2a: Maushold|Protect|p2a: Maushold\n|-singleturn|p2a: Maushold|Protect\n|move|p1b: Toxicroak|Drain Punch|p2a: Maushold\n|-activate|p2a: Maushold|move: Protect\n|move|p2b: Wo-Chien|Pollen Puff|p1a: Clodsire\n|-resisted|p1a: Clodsire\n|-damage|p1a: Clodsire|70\/100\n|move|p1a: Clodsire|Surf|p2a: Maushold|[spread] p2b\n|-activate|p2a: Maushold|move: Protect\n|-heal|p1b: Toxicroak|68\/100|[from] ability: Dry Skin|[of] p1a: Clodsire\n|-resisted|p2b: Wo-Chien\n|-damage|p2b: Wo-Chien|98\/100\n|\n|-heal|p1a: Clodsire|76\/100|[from] item: Black Sludge\n|-heal|p2b: Wo-Chien|100\/100|[from] Ingrain\n|-damage|p1b: Toxicroak|56\/100|[from] Leech Seed|[of] p2b: Wo-Chien\n|-damage|p1a: Clodsire|63\/100|[from] Leech Seed|[of] p2b: Wo-Chien\n|upkeep\n|turn|11\n|inactive|tigato has 30 seconds left.\n|\n|t:|1683395963\n|move|p2b: Wo-Chien|Protect|p2b: Wo-Chien\n|-singleturn|p2b: Wo-Chien|Protect\n|move|p1b: Toxicroak|Drain Punch|p2a: Maushold\n|-supereffective|p2a: Maushold\n|-damage|p2a: Maushold|32\/100\n|-heal|p1b: Toxicroak|88\/100|[from] drain|[of] p2a: Maushold\n|-enditem|p2a: Maushold|Red Card|[of] p1b: Toxicroak\n|drag|p1b: Grafaiai|Grafaiai, L50, F|100\/100\n|move|p2a: Maushold|Super Fang|p1a: Clodsire\n|-damage|p1a: Clodsire|32\/100\n|move|p1a: Clodsire|Surf|p2a: Maushold|[spread] p1b,p2a\n|-activate|p2b: Wo-Chien|move: Protect\n|-damage|p1b: Grafaiai|92\/100\n|-damage|p2a: Maushold|23\/100\n|\n|-heal|p1a: Clodsire|38\/100|[from] item: Black Sludge\n|-damage|p1a: Clodsire|26\/100|[from] Leech Seed|[of] p2b: Wo-Chien\n|upkeep\n|turn|12\n|inactive|tigato has 30 seconds left.\n|\n|t:|1683395989\n|move|p1b: Grafaiai|Toxic|p2b: Wo-Chien\n|-hint|Since gen 7, Dark is immune to Prankster moves.\n|-immune|p2b: Wo-Chien\n|move|p2a: Maushold|Super Fang|p1b: Grafaiai\n|-damage|p1b: Grafaiai|46\/100\n|move|p2b: Wo-Chien|Pollen Puff|p2a: Maushold\n|-heal|p2a: Maushold|72\/100\n|move|p1a: Clodsire|Recover|p1a: Clodsire\n|-heal|p1a: Clodsire|76\/100\n|\n|-heal|p1a: Clodsire|82\/100|[from] item: Black Sludge\n|-damage|p1a: Clodsire|70\/100|[from] Leech Seed|[of] p2b: Wo-Chien\n|upkeep\n|turn|13\n|inactive|tigato has 30 seconds left.\n|\n|t:|1683396016\n|switch|p1b: Toxicroak|Toxicroak, L50, F, tera:Steel|88\/100\n|move|p2a: Maushold|Encore|p1a: Clodsire\n|-start|p1a: Clodsire|Encore\n|move|p2b: Wo-Chien|Leech Seed|p1b: Toxicroak\n|-start|p1b: Toxicroak|move: Leech Seed\n|move|p1a: Clodsire|Recover|p1a: Clodsire\n|-heal|p1a: Clodsire|100\/100\n|\n|-damage|p1b: Toxicroak|76\/100|[from] Leech Seed|[of] p2b: Wo-Chien\n|-damage|p1a: Clodsire|88\/100|[from] Leech Seed|[of] p2b: Wo-Chien\n|upkeep\n|turn|14\n|\n|t:|1683396035\n|move|p1b: Toxicroak|Drain Punch|p2b: Wo-Chien\n|-supereffective|p2b: Wo-Chien\n|-damage|p2b: Wo-Chien|75\/100\n|-heal|p1b: Toxicroak|92\/100|[from] drain|[of] p2b: Wo-Chien\n|move|p2a: Maushold|Super Fang|p1b: Toxicroak|[miss]\n|-miss|p2a: Maushold|p1b: Toxicroak\n|move|p2b: Wo-Chien|Pollen Puff|p2a: Maushold\n|-heal|p2a: Maushold|100\/100\n|move|p1a: Clodsire|Recover|p1a: Clodsire\n|-heal|p1a: Clodsire|100\/100\n|\n|-heal|p2b: Wo-Chien|83\/100|[from] Ingrain\n|-damage|p1b: Toxicroak|80\/100|[from] Leech Seed|[of] p2b: Wo-Chien\n|-heal|p2b: Wo-Chien|96\/100|[silent]\n|-damage|p1a: Clodsire|88\/100|[from] Leech Seed|[of] p2b: Wo-Chien\n|-heal|p2b: Wo-Chien|100\/100|[silent]\n|upkeep\n|turn|15\n|inactive|tigato has 30 seconds left.\n|\n|t:|1683396064\n|switch|p1a: Breloom|Breloom, L50, F|100\/100\n|move|p1b: Toxicroak|Rock Slide|p2a: Maushold|[spread] p2a,p2b\n|-damage|p2a: Maushold|87\/100\n|-damage|p2b: Wo-Chien|94\/100\n|move|p2a: Maushold|Super Fang|p1b: Toxicroak\n|-damage|p1b: Toxicroak|40\/100\n|move|p2b: Wo-Chien|Pollen Puff|p2a: Maushold\n|-heal|p2a: Maushold|100\/100\n|\n|-heal|p2b: Wo-Chien|100\/100|[from] Ingrain\n|-damage|p1b: Toxicroak|28\/100|[from] Leech Seed|[of] p2b: Wo-Chien\n|-status|p1a: Breloom|tox|[from] item: Toxic Orb\n|upkeep\n|turn|16\n|inactive|tigato has 30 seconds left.\n|inactive|tigato has 20 seconds left.\n|inactive|tigato has 15 seconds left.\n|inactive|tigato has 10 seconds left.\n|inactive|tigato has 5 seconds left.\n|\n|t:|1683396119\n|move|p1b: Toxicroak|Drain Punch|p2b: Wo-Chien\n|-supereffective|p2b: Wo-Chien\n|-damage|p2b: Wo-Chien|72\/100\n|-heal|p1b: Toxicroak|45\/100|[from] drain|[of] p2b: Wo-Chien\n|move|p2a: Maushold|Encore|p1b: Toxicroak\n|-start|p1b: Toxicroak|Encore\n|move|p2b: Wo-Chien|Pollen Puff|p1a: Breloom\n|-damage|p1a: Breloom|69\/100 tox\n|move|p1a: Breloom|Drain Punch|p2b: Wo-Chien\n|-supereffective|p2b: Wo-Chien\n|-damage|p2b: Wo-Chien|39\/100\n|-heal|p1a: Breloom|89\/100 tox|[from] drain|[of] p2b: Wo-Chien\n|\n|-heal|p2b: Wo-Chien|47\/100|[from] Ingrain\n|-damage|p1b: Toxicroak|33\/100|[from] Leech Seed|[of] p2b: Wo-Chien\n|-heal|p2b: Wo-Chien|60\/100|[silent]\n|-heal|p1a: Breloom|100\/100 tox|[from] ability: Poison Heal\n|upkeep\n|turn|17\n|inactive|tigato has 20 seconds left this turn.\n|inactive|tigato has 15 seconds left.\n|inactive|tigato has 10 seconds left.\n|inactive|tigato has 5 seconds left.\n|-message|tigato lost due to inactivity.\n|\n|win|Poteteyryry\n|raw|Poteteyryry's rating: 1053 → 1086<\/strong> (+33 for winning)\n|raw|tigato's rating: 1067 → 1046<\/strong> (-21 for losing)\n|l|\u2606tigato\n","uploadtime":1683396399,"views":18,"p1id":"poteteyryry","p2id":"tigato","formatid":"gen9vgc2023regulationc","rating":1046,"private":0,"password":""}