{"id":"gen9vgc2023regulationc-1845199953","p1":"cat vomiting","p2":"sauceconnoisseur","format":"[Gen 9] VGC 2023 Regulation C","log":"|j|\u2606cat vomiting\n|j|\u2606sauceconnoisseur\n|t:|1681695529\n|gametype|doubles\n|player|p1|cat vomiting|roxie|1332\n|player|p2|sauceconnoisseur|swimmer|1328\n|teamsize|p1|6\n|teamsize|p2|6\n|gen|9\n|tier|[Gen 9] VGC 2023 Regulation C\n|rated|\n|rule|Species Clause: Limit one of each Pok\u00e9mon\n|rule|Item Clause: Limit one of each item\n|clearpoke\n|poke|p1|Baxcalibur, L50, M|\n|poke|p1|Scream Tail, L50|\n|poke|p1|Gyarados, L50, M|\n|poke|p1|Corviknight, L50, M|\n|poke|p1|Ting-Lu, L50|\n|poke|p1|Great Tusk, L50|\n|poke|p2|Gyarados, L50, M|\n|poke|p2|Maushold, L50|\n|poke|p2|Annihilape, L50, M|\n|poke|p2|Amoonguss, L50, M|\n|poke|p2|Scizor, L50, M|\n|poke|p2|Volcarona, L50, M|\n|teampreview|4\ncat vomiting has agreed to open team sheets.\nsauceconnoisseur has agreed to open team sheets.\n|\n|t:|1681695599\n|start\n|switch|p1a: Scream Tail|Scream Tail, L50|100\/100\n|switch|p1b: Corviknight|Corviknight, L50, M, shiny|100\/100\n|switch|p2a: Maushold|Maushold, L50|100\/100\n|switch|p2b: Annihilape|Annihilape, L50, M|100\/100\n|-enditem|p1a: Scream Tail|Booster Energy\n|-activate|p1a: Scream Tail|ability: Protosynthesis|[fromitem]\n|-start|p1a: Scream Tail|protosynthesisspe\n|turn|1\n|inactive|Battle timer is ON: inactive players will automatically lose when time's up. (requested by cat vomiting)\n|\n|t:|1681695643\n|-terastallize|p2b: Annihilape|Fire\n|move|p1a: Scream Tail|Thunder Wave|p2b: Annihilape\n|-status|p2b: Annihilape|par\n|move|p2a: Maushold|Beat Up|p2b: Annihilape\n|-crit|p2b: Annihilape\n|-damage|p2b: Annihilape|98\/100 par\n|-damage|p2b: Annihilape|95\/100 par\n|-damage|p2b: Annihilape|93\/100 par\n|-hitcount|p2b: Annihilape|3\n|move|p1b: Corviknight|Bulk Up|p1b: Corviknight\n|-boost|p1b: Corviknight|atk|1\n|-boost|p1b: Corviknight|def|1\n|cant|p2b: Annihilape|par\n|\n|-heal|p2b: Annihilape|99\/100 par|[from] item: Leftovers\n|upkeep\n|turn|2\n|inactive|cat vomiting has 30 seconds left.\n|inactive|cat vomiting has 20 seconds left.\n|inactive|cat vomiting has 15 seconds left.\n|inactive|cat vomiting has 10 seconds left.\n|\n|t:|1681695689\n|move|p1a: Scream Tail|Encore|p2a: Maushold\n|-start|p2a: Maushold|Encore\n|move|p2a: Maushold|Beat Up|p1a: Scream Tail\n|-damage|p1a: Scream Tail|99\/100\n|-damage|p1a: Scream Tail|96\/100\n|-damage|p1a: Scream Tail|94\/100\n|-hitcount|p1a: Scream Tail|3\n|move|p1b: Corviknight|Bulk Up|p1b: Corviknight\n|-boost|p1b: Corviknight|atk|1\n|-boost|p1b: Corviknight|def|1\n|move|p2b: Annihilape|Rage Fist|p1b: Corviknight\n|-crit|p1b: Corviknight\n|-damage|p1b: Corviknight|0 fnt\n|faint|p1b: Corviknight\n|\n|-heal|p2b: Annihilape|100\/100 par|[from] item: Leftovers\n|upkeep\n|\n|t:|1681695704\n|switch|p1b: Great Tusk|Great Tusk, L50|100\/100\n|turn|3\n|\n|t:|1681695719\n|switch|p2a: Amoonguss|Amoonguss, L50, M|100\/100\n|switch|p2b: Gyarados|Gyarados, L50, M|100\/100\n|-ability|p2b: Gyarados|Intimidate|boost\n|-unboost|p1a: Scream Tail|atk|1\n|-unboost|p1b: Great Tusk|atk|1\n|move|p1a: Scream Tail|Howl|p1a: Scream Tail|[spread] p1a,p1b\n|-boost|p1a: Scream Tail|atk|1\n|-boost|p1b: Great Tusk|atk|1\n|move|p1b: Great Tusk|Headlong Rush|p2b: Gyarados\n|-immune|p2b: Gyarados\n|\n|upkeep\n|turn|4\n|inactive|cat vomiting has 30 seconds left.\n|inactive|cat vomiting has 20 seconds left.\n|inactive|cat vomiting has 15 seconds left.\n|\n|t:|1681695761\n|-end|p1b: Great Tusk|Protosynthesis|[silent]\n|switch|p1b: Gyarados|Gyarados, L50, M|100\/100\n|-ability|p1b: Gyarados|Intimidate|boost\n|-unboost|p2a: Amoonguss|atk|1\n|-unboost|p2b: Gyarados|atk|1\n|move|p1a: Scream Tail|Thunder Wave|p2a: Amoonguss\n|-status|p2a: Amoonguss|par\n|move|p2b: Gyarados|Thunder Wave|p1a: Scream Tail\n|-status|p1a: Scream Tail|par\n|move|p2a: Amoonguss|Spore|p1b: Gyarados\n|-activate|p1b: Gyarados|item: Safety Goggles|Spore\n|\n|upkeep\n|turn|5\n|inactive|cat vomiting has 30 seconds left.\n|inactive|sauceconnoisseur has 30 seconds left.\n|inactive|cat vomiting has 20 seconds left.\n|inactive|cat vomiting has 15 seconds left.\n|inactive|cat vomiting has 10 seconds left.\n|\n|t:|1681695811\n|switch|p2a: Maushold|Maushold, L50|100\/100\n|move|p1a: Scream Tail|Encore|p2b: Gyarados\n|-start|p2b: Gyarados|Encore\n|move|p2b: Gyarados|Thunder Wave|p1b: Gyarados\n|-status|p1b: Gyarados|par\n|move|p1b: Gyarados|Thunder Wave|p2b: Gyarados\n|-status|p2b: Gyarados|par\n|-enditem|p2b: Gyarados|Lum Berry|[eat]\n|-curestatus|p2b: Gyarados|par|[msg]\n|\n|upkeep\n|turn|6\n|\n|t:|1681695834\n|switch|p2b: Amoonguss|Amoonguss, L50, M|100\/100 par\n|move|p2a: Maushold|Super Fang|p1b: Gyarados\n|-damage|p1b: Gyarados|50\/100 par\n|move|p1a: Scream Tail|Thunder Wave|p2a: Maushold\n|-status|p2a: Maushold|par\n|move|p1b: Gyarados|Waterfall|p2a: Maushold\n|-damage|p2a: Maushold|56\/100 par\n|\n|upkeep\n|turn|7\n|\n|t:|1681695850\n|move|p1a: Scream Tail|Howl|p1a: Scream Tail|[spread] p1a,p1b\n|-boost|p1a: Scream Tail|atk|1\n|-boost|p1b: Gyarados|atk|1\n|move|p2a: Maushold|Super Fang|p1b: Gyarados|[miss]\n|-miss|p2a: Maushold|p1b: Gyarados\n|move|p1b: Gyarados|Waterfall|p2a: Maushold\n|-damage|p2a: Maushold|0 fnt\n|faint|p2a: Maushold\n|move|p2b: Amoonguss|Pollen Puff|p2: Maushold|[notarget]\n|-fail|p2b: Amoonguss\n|\n|upkeep\n|\n|t:|1681695855\n|switch|p2a: Annihilape|Annihilape, L50, M, tera:Fire|100\/100 par\n|turn|8\n|\n|t:|1681695874\n|switch|p2a: Gyarados|Gyarados, L50, M|100\/100\n|-ability|p2a: Gyarados|Intimidate|boost\n|-unboost|p1a: Scream Tail|atk|1\n|-unboost|p1b: Gyarados|atk|1\n|move|p1a: Scream Tail|Howl|p1a: Scream Tail|[spread] p1a,p1b\n|-boost|p1a: Scream Tail|atk|1\n|-boost|p1b: Gyarados|atk|1\n|move|p1b: Gyarados|Waterfall|p2a: Gyarados\n|-resisted|p2a: Gyarados\n|-damage|p2a: Gyarados|68\/100\n|move|p2b: Amoonguss|Pollen Puff|p1b: Gyarados\n|-resisted|p1b: Gyarados\n|-damage|p1b: Gyarados|44\/100 par\n|\n|upkeep\n|turn|9\n|\n|t:|1681695891\n|move|p1a: Scream Tail|Howl|p1a: Scream Tail|[spread] p1a,p1b\n|-boost|p1a: Scream Tail|atk|1\n|-boost|p1b: Gyarados|atk|1\n|move|p2a: Gyarados|Waterfall|p1b: Gyarados\n|-resisted|p1b: Gyarados\n|-damage|p1b: Gyarados|23\/100 par\n|move|p1b: Gyarados|Waterfall|p2a: Gyarados\n|-resisted|p2a: Gyarados\n|-damage|p2a: Gyarados|29\/100\n|cant|p2b: Amoonguss|par\n|\n|upkeep\n|turn|10\n|\n|t:|1681695911\n|move|p2a: Gyarados|Protect|p2a: Gyarados\n|-singleturn|p2a: Gyarados|Protect\n|move|p1a: Scream Tail|Howl|p1a: Scream Tail|[spread] p1a,p1b\n|-boost|p1a: Scream Tail|atk|1\n|-boost|p1b: Gyarados|atk|1\n|move|p1b: Gyarados|Waterfall|p2a: Gyarados\n|-activate|p2a: Gyarados|move: Protect\n|move|p2b: Amoonguss|Pollen Puff|p1b: Gyarados\n|-resisted|p1b: Gyarados\n|-damage|p1b: Gyarados|16\/100 par\n|\n|upkeep\n|turn|11\n|inactive|cat vomiting has 30 seconds left.\n|\n|t:|1681695938\n|move|p2b: Amoonguss|Rage Powder|p2b: Amoonguss\n|-singleturn|p2b: Amoonguss|move: Rage Powder\n|move|p1a: Scream Tail|Encore|p2b: Amoonguss\n|-start|p2b: Amoonguss|Encore\n|move|p2a: Gyarados|Waterfall|p1b: Gyarados\n|-resisted|p1b: Gyarados\n|-damage|p1b: Gyarados|0 fnt\n|faint|p1b: Gyarados\n|\n|upkeep\n|\n|t:|1681695946\n|switch|p1b: Great Tusk|Great Tusk, L50|100\/100\n|turn|12\n|\n|t:|1681695966\n|-terastallize|p1b: Great Tusk|Steel\n|cant|p2b: Amoonguss|par\n|move|p1b: Great Tusk|Rock Slide|p2b: Amoonguss|[spread] p2a,p2b\n|-supereffective|p2a: Gyarados\n|-damage|p2a: Gyarados|0 fnt\n|-damage|p2b: Amoonguss|82\/100 par\n|faint|p2a: Gyarados\n|move|p1a: Scream Tail|Howl|p1a: Scream Tail|[spread] p1a,p1b\n|-boost|p1a: Scream Tail|atk|1\n|-boost|p1b: Great Tusk|atk|1\n|\n|upkeep\n|\n|t:|1681695969\n|switch|p2a: Annihilape|Annihilape, L50, M, tera:Fire|100\/100 par\n|turn|13\n|\n|t:|1681695981\n|move|p2b: Amoonguss|Rage Powder|p2b: Amoonguss\n|-singleturn|p2b: Amoonguss|move: Rage Powder\n|move|p1b: Great Tusk|Rock Slide|p2a: Annihilape|[spread] p2a,p2b\n|-supereffective|p2a: Annihilape\n|-damage|p2a: Annihilape|35\/100 par\n|-damage|p2b: Amoonguss|57\/100 par\n|cant|p1a: Scream Tail|par\n|cant|p2a: Annihilape|par\n|\n|-heal|p2a: Annihilape|41\/100 par|[from] item: Leftovers\n|upkeep\n|turn|14\n|\n|t:|1681695997\n|move|p2a: Annihilape|Protect|p2a: Annihilape\n|-singleturn|p2a: Annihilape|Protect\n|move|p2b: Amoonguss|Rage Powder|p2b: Amoonguss\n|-singleturn|p2b: Amoonguss|move: Rage Powder\n|move|p1b: Great Tusk|Rock Slide|p2a: Annihilape|[spread] p2b\n|-activate|p2a: Annihilape|move: Protect\n|-damage|p2b: Amoonguss|30\/100 par\n|-enditem|p2b: Amoonguss|Sitrus Berry|[eat]\n|-heal|p2b: Amoonguss|55\/100 par|[from] item: Sitrus Berry\n|move|p1a: Scream Tail|Howl|p1a: Scream Tail|[spread] p1a,p1b\n|-boost|p1a: Scream Tail|atk|1\n|-boost|p1b: Great Tusk|atk|1\n|\n|-heal|p2a: Annihilape|47\/100 par|[from] item: Leftovers\n|-end|p2b: Amoonguss|Encore\n|upkeep\n|turn|15\n|inactive|cat vomiting has 30 seconds left.\n|\n|t:|1681696026\n|cant|p2a: Annihilape|par\n|move|p1b: Great Tusk|Rock Slide|p2b: Amoonguss|[spread] p2a,p2b\n|-supereffective|p2a: Annihilape\n|-damage|p2a: Annihilape|0 fnt\n|-damage|p2b: Amoonguss|23\/100 par\n|faint|p2a: Annihilape\n|move|p1a: Scream Tail|Encore|p2b: Amoonguss\n|-start|p2b: Amoonguss|Encore\n|cant|p2b: Amoonguss|flinch\n|\n|upkeep\n|turn|16\n|\n|t:|1681696037\n|move|p2b: Amoonguss|Rage Powder|p2b: Amoonguss\n|-singleturn|p2b: Amoonguss|move: Rage Powder\n|move|p1b: Great Tusk|Rock Slide|p2b: Amoonguss\n|-damage|p2b: Amoonguss|0 fnt\n|faint|p2b: Amoonguss\n|\n|win|cat vomiting\n|raw|cat vomiting's rating: 1332 → 1352<\/strong> (+20 for winning)\n|raw|sauceconnoisseur's rating: 1328 → 1308<\/strong> (-20 for losing)\n","uploadtime":1681696056,"views":13,"p1id":"catvomiting","p2id":"sauceconnoisseur","formatid":"gen9vgc2023regulationc","rating":1308,"private":0,"password":""}