{"id":"gen9vgc2023regulationc-1846717005","p1":"Funnyman Krebs","p2":"CaptainEricVGC","format":"[Gen 9] VGC 2023 Regulation C","log":"|j|\u2606Funnyman Krebs\n|j|\u2606CaptainEricVGC\n|t:|1681869495\n|gametype|doubles\n|player|p1|Funnyman Krebs|wallace|\n|player|p2|CaptainEricVGC|1|\n|teamsize|p1|6\n|teamsize|p2|6\n|gen|9\n|tier|[Gen 9] VGC 2023 Regulation C\n|rule|Species Clause: Limit one of each Pok\u00e9mon\n|rule|Item Clause: Limit one of each item\n|clearpoke\n|poke|p1|Glimmora, L50, M|\n|poke|p1|Arcanine, L50, M|\n|poke|p1|Wo-Chien, L50|\n|poke|p1|Flutter Mane, L50|\n|poke|p1|Dondozo, L50, F|\n|poke|p1|Tatsugiri-Stretchy, L50, M|\n|poke|p2|Baxcalibur, L50, M|\n|poke|p2|Amoonguss, L50, M|\n|poke|p2|Ting-Lu, L50|\n|poke|p2|Arcanine, L50, F|\n|poke|p2|Palafin, L50, F|\n|poke|p2|Flutter Mane, L50|\n|teampreview|4\nCaptainEricVGC has agreed to open team sheets.\n|c|\u2606Funnyman Krebs|My bad\n|c|\u2606Funnyman Krebs|glhf!\nFunnyman Krebs has agreed to open team sheets.\n|c|\u2606CaptainEricVGC|it's all good\n|j| hero231\n|\n|t:|1681869541\n|start\n|switch|p1a: Wheeeee!|Glimmora, L50, M, shiny|100\/100\n|switch|p1b: Grasstrodon|Wo-Chien, L50|100\/100\n|switch|p2a: Palafin|Palafin, L50, F|100\/100\n|switch|p2b: Baxcalibur|Baxcalibur, L50, M|100\/100\n|-ability|p1b: Grasstrodon|Tablets of Ruin\n|turn|1\n|inactive|Battle timer is ON: inactive players will automatically lose when time's up. (requested by Funnyman Krebs)\n|inactive|Funnyman Krebs has 60 seconds left.\n|inactive|CaptainEricVGC has 60 seconds left.\n|\n|t:|1681869578\n|detailschange|p2a: Palafin|Palafin-Hero, L50, F\n|switch|p2a: Arcanine|Arcanine, L50, F|100\/100\n|-ability|p2a: Arcanine|Intimidate|boost\n|-unboost|p1a: Wheeeee!|atk|1\n|-unboost|p1b: Grasstrodon|atk|1\n|move|p1a: Wheeeee!|Power Gem|p2b: Baxcalibur\n|-supereffective|p2b: Baxcalibur\n|-damage|p2b: Baxcalibur|27\/100\n|move|p2b: Baxcalibur|Icicle Spear|p1b: Grasstrodon\n|-supereffective|p1b: Grasstrodon\n|-damage|p1b: Grasstrodon|81\/100\n|-supereffective|p1b: Grasstrodon\n|-damage|p1b: Grasstrodon|59\/100\n|-supereffective|p1b: Grasstrodon\n|-damage|p1b: Grasstrodon|39\/100\n|-enditem|p1b: Grasstrodon|Sitrus Berry|[eat]\n|-heal|p1b: Grasstrodon|64\/100|[from] item: Sitrus Berry\n|-supereffective|p1b: Grasstrodon\n|-damage|p1b: Grasstrodon|44\/100\n|-hitcount|p1b: Grasstrodon|4\n|move|p1b: Grasstrodon|Ruination|p2a: Arcanine\n|-damage|p2a: Arcanine|51\/100\n|\n|upkeep\n|turn|2\n|inactive|Funnyman Krebs has 30 seconds left.\n|inactive|CaptainEricVGC has 30 seconds left.\n|inactive|Funnyman Krebs has 20 seconds left.\n|inactive|Funnyman Krebs has 15 seconds left.\n|\n|t:|1681869622\n|switch|p1b: Large Marge|Dondozo, L50, F|100\/100\n|move|p2b: Baxcalibur|Protect|p2b: Baxcalibur\n|-singleturn|p2b: Baxcalibur|Protect\n|move|p1a: Wheeeee!|Power Gem|p2a: Arcanine\n|-supereffective|p2a: Arcanine\n|-damage|p2a: Arcanine|0 fnt\n|faint|p2a: Arcanine\n|\n|upkeep\n|\n|t:|1681869632\n|switch|p2a: Palafin|Palafin-Hero, L50, F|100\/100\n|-activate|p2a: Palafin|ability: Zero to Hero\n|turn|3\n|inactive|Funnyman Krebs has 30 seconds left.\n|inactive|CaptainEricVGC has 30 seconds left.\n|inactive|Funnyman Krebs has 20 seconds left.\n|inactive|Funnyman Krebs has 15 seconds left.\n|\n|t:|1681869675\n|-terastallize|p1a: Wheeeee!|Grass\n|-terastallize|p2a: Palafin|Water\n|move|p1a: Wheeeee!|Energy Ball|p2a: Palafin\n|-supereffective|p2a: Palafin\n|-damage|p2a: Palafin|16\/100\n|move|p2a: Palafin|Haze|p2a: Palafin\n|-clearallboost\n|move|p2b: Baxcalibur|Blizzard|p1a: Wheeeee!|[spread] p1a\n|-miss|p2b: Baxcalibur|p1b: Large Marge\n|-supereffective|p1a: Wheeeee!\n|-damage|p1a: Wheeeee!|67\/100\n|move|p1b: Large Marge|Earthquake|p2a: Palafin|[spread] p1a,p2a,p2b\n|-resisted|p1a: Wheeeee!\n|-damage|p1a: Wheeeee!|53\/100\n|-damage|p2a: Palafin|0 fnt\n|-damage|p2b: Baxcalibur|7\/100\n|-activate|p1a: Wheeeee!|ability: Toxic Debris\n|-sidestart|p2: CaptainEricVGC|move: Toxic Spikes\n|faint|p2a: Palafin\n|\n|upkeep\n|\n|t:|1681869692\n|switch|p2a: Flutter Mane|Flutter Mane, L50|100\/100\n|-status|p2a: Flutter Mane|psn\n|-enditem|p2a: Flutter Mane|Booster Energy\n|-activate|p2a: Flutter Mane|ability: Protosynthesis|[fromitem]\n|-start|p2a: Flutter Mane|protosynthesisspa\n|turn|4\n|\n|t:|1681869714\n|switch|p1a: Pee-wee|Tatsugiri-Stretchy, L50, M|100\/100\n|-activate|p1a: Pee-wee|ability: Commander|[of] p1b: Large Marge\n|-boost|p1b: Large Marge|atk|2\n|-boost|p1b: Large Marge|spa|2\n|-boost|p1b: Large Marge|spe|2\n|-boost|p1b: Large Marge|def|2\n|-boost|p1b: Large Marge|spd|2\n|move|p2a: Flutter Mane|Moonblast|p1a: Pee-wee|[miss]\n|-miss|p2a: Flutter Mane|p1a: Pee-wee\n|move|p1b: Large Marge|Earthquake|p2b: Baxcalibur|[spread] p2a,p2b\n|-miss|p1b: Large Marge|p1a: Pee-wee\n|-damage|p2a: Flutter Mane|23\/100 psn\n|-damage|p2b: Baxcalibur|0 fnt\n|faint|p2b: Baxcalibur\n|\n|-damage|p2a: Flutter Mane|11\/100 psn|[from] psn\n|upkeep\n|turn|5\n|c|\u2606CaptainEricVGC|gg\n|\n|t:|1681869728\n|move|p1b: Large Marge|Protect|p1b: Large Marge\n|-singleturn|p1b: Large Marge|Protect\n|move|p2a: Flutter Mane|Moonblast|p1b: Large Marge\n|-activate|p1b: Large Marge|move: Protect\n|\n|-damage|p2a: Flutter Mane|0 fnt|[from] psn\n|faint|p2a: Flutter Mane\n|-end|p2a: Flutter Mane|Protosynthesis|[silent]\n|\n|win|Funnyman Krebs\n|upkeep\n|c|\u2606Funnyman Krebs|gg\n","uploadtime":1681869736,"views":14,"p1id":"funnymankrebs","p2id":"captainericvgc","formatid":"gen9vgc2023regulationc","rating":0,"private":0,"password":""}