{"id":"gen9vgc2023regulationc-1848098690","p1":"metalskarmory","p2":"Planthony","format":"[Gen 9] VGC 2023 Regulation C","log":"|j|\u2606metalskarmory\n|j|\u2606Planthony\n|t:|1682029507\n|gametype|doubles\n|player|p1|metalskarmory|169|1151\n|player|p2|Planthony|169|1157\n|teamsize|p1|6\n|teamsize|p2|6\n|gen|9\n|tier|[Gen 9] VGC 2023 Regulation C\n|rated|\n|rule|Species Clause: Limit one of each Pok\u00e9mon\n|rule|Item Clause: Limit one of each item\n|clearpoke\n|poke|p1|Maushold, L50|\n|poke|p1|Murkrow, L50, M|\n|poke|p1|Mudsdale, L50, M|\n|poke|p1|Ting-Lu, L50|\n|poke|p1|Ceruledge, L50, M|\n|poke|p1|Gothitelle, L50, F|\n|poke|p2|Orthworm, L50, M|\n|poke|p2|Dragonite, L50, F|\n|poke|p2|Ting-Lu, L50|\n|poke|p2|Gyarados, L50, M|\n|poke|p2|Flutter Mane, L50|\n|poke|p2|Chien-Pao, L50|\n|teampreview|4\n|\n|t:|1682029539\n|start\n|switch|p1a: Maushold|Maushold, L50|100\/100\n|switch|p1b: Mudsdale|Mudsdale, L50, M|100\/100\n|switch|p2a: Flutter Mane|Flutter Mane, L50|100\/100\n|switch|p2b: Gyarados|Gyarados, L50, M|100\/100\n|-ability|p2b: Gyarados|Intimidate|boost\n|-unboost|p1a: Maushold|atk|1\n|-unboost|p1b: Mudsdale|atk|1\n|turn|1\n|\n|t:|1682029561\n|-terastallize|p1b: Mudsdale|Steel\n|move|p2a: Flutter Mane|Dazzling Gleam|p1a: Maushold|[spread] p1a,p1b\n|-resisted|p1b: Mudsdale\n|-damage|p1a: Maushold|49\/100\n|-damage|p1b: Mudsdale|87\/100\n|-ability|p1b: Mudsdale|Stamina|boost\n|-boost|p1b: Mudsdale|def|1\n|move|p1a: Maushold|Population Bomb|p1b: Mudsdale\n|-resisted|p1b: Mudsdale\n|-damage|p1b: Mudsdale|86\/100\n|-ability|p1b: Mudsdale|Stamina|boost\n|-boost|p1b: Mudsdale|def|1\n|-resisted|p1b: Mudsdale\n|-damage|p1b: Mudsdale|86\/100\n|-ability|p1b: Mudsdale|Stamina|boost\n|-boost|p1b: Mudsdale|def|1\n|-resisted|p1b: Mudsdale\n|-damage|p1b: Mudsdale|86\/100\n|-ability|p1b: Mudsdale|Stamina|boost\n|-boost|p1b: Mudsdale|def|1\n|-resisted|p1b: Mudsdale\n|-damage|p1b: Mudsdale|85\/100\n|-ability|p1b: Mudsdale|Stamina|boost\n|-boost|p1b: Mudsdale|def|1\n|-resisted|p1b: Mudsdale\n|-damage|p1b: Mudsdale|85\/100\n|-ability|p1b: Mudsdale|Stamina|boost\n|-boost|p1b: Mudsdale|def|1\n|-resisted|p1b: Mudsdale\n|-damage|p1b: Mudsdale|84\/100\n|-resisted|p1b: Mudsdale\n|-damage|p1b: Mudsdale|84\/100\n|-resisted|p1b: Mudsdale\n|-damage|p1b: Mudsdale|83\/100\n|-resisted|p1b: Mudsdale\n|-damage|p1b: Mudsdale|83\/100\n|-resisted|p1b: Mudsdale\n|-damage|p1b: Mudsdale|82\/100\n|-hitcount|p1b: Mudsdale|10\n|move|p2b: Gyarados|Taunt|p1a: Maushold\n|-start|p1a: Maushold|move: Taunt\n|move|p1b: Mudsdale|Heavy Slam|p2a: Flutter Mane\n|-supereffective|p2a: Flutter Mane\n|-damage|p2a: Flutter Mane|0 fnt\n|faint|p2a: Flutter Mane\n|-end|p2a: Flutter Mane|Protosynthesis|[silent]\n|\n|upkeep\n|\n|t:|1682029569\n|switch|p2a: Orthworm|Orthworm, L50, M|100\/100\n|turn|2\n|\n|t:|1682029600\n|move|p1a: Maushold|Population Bomb|p2b: Gyarados\n|-damage|p2b: Gyarados|96\/100\n|-damage|p2b: Gyarados|91\/100\n|-damage|p2b: Gyarados|87\/100\n|-damage|p2b: Gyarados|82\/100\n|-damage|p2b: Gyarados|78\/100\n|-damage|p2b: Gyarados|74\/100\n|-damage|p2b: Gyarados|69\/100\n|-damage|p2b: Gyarados|65\/100\n|-crit|p2b: Gyarados\n|-damage|p2b: Gyarados|56\/100\n|-damage|p2b: Gyarados|51\/100\n|-hitcount|p2b: Gyarados|10\n|move|p2b: Gyarados|Waterfall|p1a: Maushold\n|-damage|p1a: Maushold|5\/100\n|move|p2a: Orthworm|Iron Defense|p2a: Orthworm\n|-boost|p2a: Orthworm|def|2\n|move|p1b: Mudsdale|Body Press|p2a: Orthworm\n|-supereffective|p2a: Orthworm\n|-damage|p2a: Orthworm|44\/100\n|-enditem|p2a: Orthworm|Sitrus Berry|[eat]\n|-heal|p2a: Orthworm|69\/100|[from] item: Sitrus Berry\n|\n|upkeep\n|turn|3\n|\n|t:|1682029631\n|move|p1a: Maushold|Population Bomb|p2b: Gyarados\n|-damage|p2b: Gyarados|47\/100\n|-damage|p2b: Gyarados|42\/100\n|-damage|p2b: Gyarados|39\/100\n|-damage|p2b: Gyarados|34\/100\n|-damage|p2b: Gyarados|29\/100\n|-damage|p2b: Gyarados|25\/100\n|-damage|p2b: Gyarados|21\/100\n|-damage|p2b: Gyarados|18\/100\n|-damage|p2b: Gyarados|13\/100\n|-damage|p2b: Gyarados|9\/100\n|-hitcount|p2b: Gyarados|10\n|move|p2b: Gyarados|Bulldoze|p1a: Maushold|[spread] p1a,p1b\n|-heal|p2a: Orthworm|94\/100|[from] ability: Earth Eater|[of] p2b: Gyarados\n|-supereffective|p1b: Mudsdale\n|-damage|p1a: Maushold|0 fnt\n|-damage|p1b: Mudsdale|79\/100\n|-unboost|p1b: Mudsdale|spe|1\n|faint|p1a: Maushold\n|move|p2a: Orthworm|Iron Defense|p2a: Orthworm\n|-boost|p2a: Orthworm|def|2\n|move|p1b: Mudsdale|Body Press|p2a: Orthworm\n|-supereffective|p2a: Orthworm\n|-damage|p2a: Orthworm|56\/100\n|\n|upkeep\n|\n|t:|1682029659\n|switch|p1a: Gothitelle|Gothitelle, L50, F|100\/100\n|turn|4\n|\n|t:|1682029685\n|-terastallize|p2a: Orthworm|Fire\n|move|p1a: Gothitelle|Fake Out|p2b: Gyarados\n|-damage|p2b: Gyarados|3\/100\n|cant|p2b: Gyarados|flinch\n|move|p2a: Orthworm|Heavy Slam|p1a: Gothitelle\n|-damage|p1a: Gothitelle|64\/100\n|move|p1b: Mudsdale|Body Press|p2b: Gyarados\n|-resisted|p2b: Gyarados\n|-damage|p2b: Gyarados|0 fnt\n|faint|p2b: Gyarados\n|\n|upkeep\n|\n|t:|1682029696\n|switch|p2b: Dragonite|Dragonite, L50, F|100\/100\n|turn|5\n|\n|t:|1682029705\n|move|p1a: Gothitelle|Protect|p1a: Gothitelle\n|-singleturn|p1a: Gothitelle|Protect\n|move|p2b: Dragonite|Earthquake|p1a: Gothitelle|[spread] p1b\n|-activate|p1a: Gothitelle|move: Protect\n|-heal|p2a: Orthworm|81\/100|[from] ability: Earth Eater|[of] p2b: Dragonite\n|-supereffective|p1b: Mudsdale\n|-damage|p1b: Mudsdale|69\/100\n|move|p2a: Orthworm|Heavy Slam|p1a: Gothitelle\n|-activate|p1a: Gothitelle|move: Protect\n|move|p1b: Mudsdale|Body Press|p2a: Orthworm\n|-damage|p2a: Orthworm|63\/100\n|\n|upkeep\n|turn|6\n|\n|t:|1682029729\n|switch|p1a: Ting-Lu|Ting-Lu, L50|100\/100\n|-ability|p1a: Ting-Lu|Vessel of Ruin\n|move|p2b: Dragonite|Earthquake|p1b: Mudsdale|[spread] p1a,p1b\n|-heal|p2a: Orthworm|88\/100|[from] ability: Earth Eater|[of] p2b: Dragonite\n|-supereffective|p1b: Mudsdale\n|-damage|p1a: Ting-Lu|90\/100\n|-damage|p1b: Mudsdale|60\/100\n|move|p2a: Orthworm|Iron Defense|p2a: Orthworm\n|-boost|p2a: Orthworm|def|2\n|move|p1b: Mudsdale|Body Press|p2b: Dragonite\n|-resisted|p2b: Dragonite\n|-damage|p2b: Dragonite|78\/100\n|\n|-heal|p1a: Ting-Lu|96\/100|[from] item: Leftovers\n|upkeep\n|turn|7\n|\n|t:|1682029745\n|move|p2b: Dragonite|Earthquake|p1a: Ting-Lu|[spread] p1a,p1b\n|-heal|p2a: Orthworm|100\/100|[from] ability: Earth Eater|[of] p2b: Dragonite\n|-supereffective|p1b: Mudsdale\n|-damage|p1a: Ting-Lu|85\/100\n|-damage|p1b: Mudsdale|50\/100\n|move|p2a: Orthworm|Body Press|p1a: Ting-Lu\n|-supereffective|p1a: Ting-Lu\n|-damage|p1a: Ting-Lu|0 fnt\n|faint|p1a: Ting-Lu\n|move|p1b: Mudsdale|Body Press|p2b: Dragonite\n|-resisted|p2b: Dragonite\n|-damage|p2b: Dragonite|33\/100\n|\n|upkeep\n|\n|t:|1682029756\n|switch|p1a: Gothitelle|Gothitelle, L50, F|64\/100\n|turn|8\n|\n|t:|1682029765\n|move|p1a: Gothitelle|Fake Out|p2a: Orthworm\n|-damage|p2a: Orthworm|99\/100\n|move|p2b: Dragonite|Earthquake|p1a: Gothitelle|[spread] p1a,p1b\n|-heal|p2a: Orthworm|100\/100|[from] ability: Earth Eater|[of] p2b: Dragonite\n|-supereffective|p1b: Mudsdale\n|-damage|p1a: Gothitelle|38\/100\n|-damage|p1b: Mudsdale|40\/100\n|-enditem|p1a: Gothitelle|Sitrus Berry|[eat]\n|-heal|p1a: Gothitelle|63\/100|[from] item: Sitrus Berry\n|cant|p2a: Orthworm|flinch\n|move|p1b: Mudsdale|Body Press|p2b: Dragonite\n|-resisted|p2b: Dragonite\n|-damage|p2b: Dragonite|0 fnt\n|faint|p2b: Dragonite\n|\n|upkeep\n|turn|9\n|\n|t:|1682029802\n|move|p2a: Orthworm|Body Press|p1b: Mudsdale\n|-supereffective|p1b: Mudsdale\n|-damage|p1b: Mudsdale|0 fnt\n|faint|p1b: Mudsdale\n|move|p1a: Gothitelle|Heal Pulse|p1: Mudsdale|[notarget]\n|-fail|p1a: Gothitelle\n|\n|upkeep\n|turn|10\n|-message|metalskarmory forfeited.\n|\n|win|Planthony\n|raw|metalskarmory's rating: 1151 → 1129<\/strong> (-22 for losing)\n|raw|Planthony's rating: 1187 → 1209<\/strong> (+22 for winning)\n|l|\u2606metalskarmory\n","uploadtime":1682029812,"views":5,"p1id":"metalskarmory","p2id":"planthony","formatid":"gen9vgc2023regulationc","rating":1129,"private":0,"password":""}