{"id":"gen9vgc2023regulationc-1845830319","p1":"skaymxm","p2":"OneWithTheSnom","format":"[Gen 9] VGC 2023 Regulation C","log":"|j|\u2606skaymxm\n|j|\u2606OneWithTheSnom\n|t:|1681768973\n|gametype|doubles\n|player|p1|skaymxm|170|1056\n|player|p2|OneWithTheSnom|gladion|1099\n|teamsize|p1|6\n|teamsize|p2|6\n|gen|9\n|tier|[Gen 9] VGC 2023 Regulation C\n|rated|\n|rule|Species Clause: Limit one of each Pok\u00e9mon\n|rule|Item Clause: Limit one of each item\n|clearpoke\n|poke|p1|Toxapex, L50, M|\n|poke|p1|Blissey, L50, F|\n|poke|p1|Meowscarada, L50, F|\n|poke|p1|Espathra, L50, F|\n|poke|p1|Palafin, L50, M|\n|poke|p1|Roaring Moon, L50|\n|poke|p2|Scizor, L50, M|\n|poke|p2|Ting-Lu, L50|\n|poke|p2|Sylveon, L50, M|\n|poke|p2|Iron Hands, L50|\n|poke|p2|Palafin, L50, F|\n|poke|p2|Chi-Yu, L50|\n|teampreview|4\n|inactive|Battle timer is ON: inactive players will automatically lose when time's up. (requested by OneWithTheSnom)\n|inactive|OneWithTheSnom has 60 seconds left.\n|\n|t:|1681769018\n|start\n|switch|p1a: Roaring Moon|Roaring Moon, L50|100\/100\n|switch|p1b: Palafin|Palafin, L50, M|100\/100\n|switch|p2a: Iron Hands|Iron Hands, L50|100\/100\n|switch|p2b: Sylveon|Sylveon, L50, M|100\/100\n|turn|1\n|\n|t:|1681769035\n|move|p2a: Iron Hands|Fake Out|p1b: Palafin\n|-damage|p1b: Palafin|80\/100\n|move|p1a: Roaring Moon|Dragon Dance|p1a: Roaring Moon\n|-boost|p1a: Roaring Moon|atk|1\n|-boost|p1a: Roaring Moon|spe|1\n|cant|p1b: Palafin|flinch\n|move|p2b: Sylveon|Hyper Voice|p1b: Palafin|[spread] p1a,p1b\n|-supereffective|p1a: Roaring Moon\n|-damage|p1a: Roaring Moon|0 fnt\n|-damage|p1b: Palafin|48\/100\n|faint|p1a: Roaring Moon\n|-end|p1a: Roaring Moon|Protosynthesis|[silent]\n|\n|upkeep\n|\n|t:|1681769048\n|switch|p1a: Espathra|Espathra, L50, F|100\/100\n|turn|2\n|\n|t:|1681769070\n|switch|p2b: Chi-Yu|Chi-Yu, L50|100\/100\n|-ability|p2b: Chi-Yu|Beads of Ruin\n|-terastallize|p1b: Palafin|Ground\n|move|p1a: Espathra|Substitute|p1a: Espathra\n|-start|p1a: Espathra|Substitute\n|-damage|p1a: Espathra|76\/100\n|move|p1b: Palafin|Flip Turn|p2a: Iron Hands\n|-damage|p2a: Iron Hands|88\/100\n|\n|t:|1681769081\n|detailschange|p1b: Palafin|Palafin-Hero, L50, M, tera:Ground\n|switch|p1b: Meowscarada|Meowscarada, L50, F|100\/100|[from] Flip Turn\n|move|p2a: Iron Hands|Thunder Punch|p1b: Meowscarada\n|-resisted|p1b: Meowscarada\n|-damage|p1b: Meowscarada|67\/100\n|\n|upkeep\n|turn|3\n|inactive|skaymxm has 30 seconds left.\n|\n|t:|1681769110\n|move|p2a: Iron Hands|Protect|p2a: Iron Hands\n|-singleturn|p2a: Iron Hands|Protect\n|move|p1b: Meowscarada|Ally Switch|p1b: Meowscarada\n|-start|p1b: Meowscarada|typechange|Psychic|[from] ability: Protean\n|swap|p1b: Meowscarada|0|[from] move: Ally Switch\n|move|p2b: Chi-Yu|Heat Wave|p1b: Espathra|[spread] p1a,p1b\n|-end|p1b: Espathra|Substitute\n|-damage|p1a: Meowscarada|0 fnt\n|faint|p1a: Meowscarada\n|move|p1b: Espathra|Hex|p2b: Chi-Yu\n|-resisted|p2b: Chi-Yu\n|-damage|p2b: Chi-Yu|88\/100\n|\n|upkeep\n|\n|t:|1681769121\n|switch|p1a: Palafin|Palafin-Hero, L50, M, tera:Ground|48\/100\n|-activate|p1a: Palafin|ability: Zero to Hero\n|turn|4\n|\n|t:|1681769137\n|-terastallize|p2b: Chi-Yu|Grass\n|move|p2b: Chi-Yu|Heat Wave|p1a: Palafin|[spread] p1a,p1b\n|-damage|p1a: Palafin|11\/100\n|-damage|p1b: Espathra|1\/100\n|move|p1b: Espathra|Substitute|p1b: Espathra\n|-fail|p1b: Espathra|move: Substitute|[weak]\n|move|p1a: Palafin|Drain Punch|p2b: Chi-Yu\n|-damage|p2b: Chi-Yu|39\/100\n|-heal|p1a: Palafin|30\/100|[from] drain|[of] p2b: Chi-Yu\n|move|p2a: Iron Hands|Thunder Punch|p1b: Espathra\n|-damage|p1b: Espathra|0 fnt\n|faint|p1b: Espathra\n|\n|upkeep\n|turn|5\n|-message|skaymxm forfeited.\n|\n|win|OneWithTheSnom\n|raw|skaymxm's rating: 1056 → 1040<\/strong> (-16 for losing)\n|raw|OneWithTheSnom's rating: 1099 → 1121<\/strong> (+22 for winning)\n|l|\u2606skaymxm\n","uploadtime":1681769156,"views":5,"p1id":"skaymxm","p2id":"onewiththesnom","formatid":"gen9vgc2023regulationc","rating":1040,"private":0,"password":""}