{"id":"gen9vgc2023regulationc-1857726911","p1":"Dunnakhiin","p2":"TeamInferno Ted","format":"[Gen 9] VGC 2023 Regulation C","log":"|j|\u2606Dunnakhiin\n|j|\u2606TeamInferno Ted\n|t:|1683226066\n|gametype|doubles\n|player|p1|Dunnakhiin|2|\n|player|p2|TeamInferno Ted|pokemaniac|\n|teamsize|p1|6\n|teamsize|p2|6\n|gen|9\n|tier|[Gen 9] VGC 2023 Regulation C\n|rule|Species Clause: Limit one of each Pok\u00e9mon\n|rule|Item Clause: Limit one of each item\n|clearpoke\n|poke|p1|Dunsparce, L50, M|\n|poke|p1|Dugtrio, L50, M|\n|poke|p1|Lucario, L50, F|\n|poke|p1|Grimmsnarl, L50, M|\n|poke|p1|Dragonite, L50, F|\n|poke|p1|Rotom-Heat, L50|\n|poke|p2|Gholdengo, L50|\n|poke|p2|Heracross, L50, F|\n|poke|p2|Staraptor, L50, F|\n|poke|p2|Clodsire, L50, F|\n|poke|p2|Tatsugiri-Stretchy, L50, F|\n|poke|p2|Wigglytuff, L50, F|\n|teampreview|4\n|c|\u2606TeamInferno Ted|glhf\n|c|\u2606Dunnakhiin|You too!\n|\n|t:|1683226122\n|start\n|switch|p1a: Grimmsnarl|Grimmsnarl, L50, M|100\/100\n|switch|p1b: Dugtrio|Dugtrio, L50, M|100\/100\n|switch|p2a: Tatsugiri|Tatsugiri-Stretchy, L50, F|100\/100\n|switch|p2b: Staraptor|Staraptor, L50, F, shiny|100\/100\n|-ability|p2b: Staraptor|Intimidate|boost\n|-unboost|p1a: Grimmsnarl|atk|1\n|-unboost|p1b: Dugtrio|atk|1\n|turn|1\n|c|\u2606Dunnakhiin|With this draft, im seeing a lot of ways to disrupt the enemy team, but not a great deal to take advantage of it\n|c|\u2606TeamInferno Ted|true\n|\n|t:|1683226142\n|move|p2b: Staraptor|Protect|p2b: Staraptor\n|-singleturn|p2b: Staraptor|Protect\n|move|p1a: Grimmsnarl|Reflect|p1a: Grimmsnarl\n|-sidestart|p1: Dunnakhiin|Reflect\n|move|p2a: Tatsugiri|Muddy Water|p1b: Dugtrio|[spread] p1a,p1b\n|-supereffective|p1b: Dugtrio\n|-damage|p1a: Grimmsnarl|71\/100\n|-enditem|p1b: Dugtrio|Focus Sash\n|-damage|p1b: Dugtrio|1\/100\n|-unboost|p1a: Grimmsnarl|accuracy|1\n|move|p1b: Dugtrio|Fissure|p2a: Tatsugiri|[miss]\n|-miss|p1b: Dugtrio|p2a: Tatsugiri\n|\n|upkeep\n|turn|2\n|c|\u2606Dunnakhiin|Ive joined the dark side\n|c|\u2606Dunnakhiin|Lmao, justice\n|c|\u2606TeamInferno Ted|fissure is banned by the way lol\n|c|\u2606TeamInferno Ted|so thats a no xD\n|c|\u2606Dunnakhiin|Oh, i didnt realise, haha\n|\n|t:|1683226186\n|move|p1b: Dugtrio|Protect|p1b: Dugtrio\n|-singleturn|p1b: Dugtrio|Protect\n|move|p1a: Grimmsnarl|Light Screen|p1a: Grimmsnarl\n|-sidestart|p1: Dunnakhiin|move: Light Screen\n|move|p2a: Tatsugiri|Muddy Water|p1a: Grimmsnarl|[spread] p1a\n|-activate|p1b: Dugtrio|move: Protect\n|-damage|p1a: Grimmsnarl|49\/100\n|move|p2b: Staraptor|Brave Bird|p1a: Grimmsnarl\n|-damage|p1a: Grimmsnarl|13\/100\n|-damage|p2b: Staraptor|86\/100|[from] Recoil\n|\n|upkeep\n|turn|3\n|c|\u2606Dunnakhiin|Well, i really dont see an offensive dugtrio coming then\n|\n|t:|1683226210\n|move|p2b: Staraptor|Protect|p2b: Staraptor\n|-singleturn|p2b: Staraptor|Protect\n|move|p1a: Grimmsnarl|Parting Shot|p2a: Tatsugiri\n|-unboost|p2a: Tatsugiri|atk|1\n|-unboost|p2a: Tatsugiri|spa|1\n|\n|t:|1683226217\n|switch|p1a: Dragonite|Dragonite, L50, F|100\/100|[from] Parting Shot\n|move|p2a: Tatsugiri|Muddy Water|p1b: Dugtrio|[spread] p1a,p1b\n|-resisted|p1a: Dragonite\n|-supereffective|p1b: Dugtrio\n|-damage|p1a: Dragonite|97\/100\n|-damage|p1b: Dugtrio|0 fnt\n|-unboost|p1a: Dragonite|accuracy|1\n|faint|p1b: Dugtrio\n|\n|upkeep\n|c|\u2606TeamInferno Ted|I expect beat up\n|\n|t:|1683226223\n|switch|p1b: Grimmsnarl|Grimmsnarl, L50, M|13\/100\n|turn|4\n|c|\u2606TeamInferno Ted|of some kind\n|c|\u2606Dunnakhiin|Doesn't seem to learn it this gen\n|\n|t:|1683226242\n|move|p1b: Grimmsnarl|Parting Shot|p2a: Tatsugiri\n|-unboost|p2a: Tatsugiri|atk|1\n|-unboost|p2a: Tatsugiri|spa|1\n|c|\u2606TeamInferno Ted|oh it lost it\n|c|\u2606TeamInferno Ted|oof\n|\n|t:|1683226246\n|switch|p1b: Rotom|Rotom-Heat, L50|100\/100|[from] Parting Shot\n|move|p2a: Tatsugiri|Muddy Water|p1a: Dragonite|[spread] p1a,p1b\n|-resisted|p1a: Dragonite\n|-supereffective|p1b: Rotom\n|-damage|p1a: Dragonite|91\/100\n|-damage|p1b: Rotom|78\/100\n|move|p2b: Staraptor|Tailwind|p2b: Staraptor\n|-sidestart|p2: TeamInferno Ted|move: Tailwind\n|move|p1a: Dragonite|Dragon Dance|p1a: Dragonite\n|-boost|p1a: Dragonite|atk|1\n|-boost|p1a: Dragonite|spe|1\n|\n|upkeep\n|turn|5\n|c|\u2606TeamInferno Ted|well that makes my live easier\n|\n|t:|1683226267\n|-terastallize|p1a: Dragonite|Normal\n|move|p2b: Staraptor|Protect|p2b: Staraptor\n|-singleturn|p2b: Staraptor|Protect\n|move|p1a: Dragonite|Extreme Speed|p2b: Staraptor\n|-activate|p2b: Staraptor|move: Protect\n|move|p2a: Tatsugiri|Muddy Water|p1a: Dragonite|[spread] p1a,p1b\n|-crit|p1a: Dragonite\n|-supereffective|p1b: Rotom\n|-damage|p1a: Dragonite|42\/100\n|-damage|p1b: Rotom|55\/100\n|move|p1b: Rotom|Volt Switch|p2a: Tatsugiri\n|-damage|p2a: Tatsugiri|63\/100\n|c|\u2606Dunnakhiin|That was my first thought with Lucario\n|\n|t:|1683226279\n|switch|p1b: Grimmsnarl|Grimmsnarl, L50, M|13\/100|[from] Volt Switch\n|\n|upkeep\n|turn|6\n|\n|t:|1683226291\n|move|p1a: Dragonite|Extreme Speed|p2b: Staraptor|[miss]\n|-miss|p1a: Dragonite|p2b: Staraptor\n|move|p1b: Grimmsnarl|Parting Shot|p2a: Tatsugiri\n|-unboost|p2a: Tatsugiri|atk|1\n|-unboost|p2a: Tatsugiri|spa|1\n|c|\u2606TeamInferno Ted|xD\n|c|\u2606Dunnakhiin|Man\n|c|\u2606TeamInferno Ted|omg\n|\n|t:|1683226300\n|switch|p1b: Rotom|Rotom-Heat, L50|55\/100|[from] Parting Shot\n|move|p2a: Tatsugiri|Muddy Water|p1a: Dragonite|[spread] p1a,p1b\n|-supereffective|p1b: Rotom\n|-damage|p1a: Dragonite|32\/100\n|-damage|p1b: Rotom|39\/100\n|move|p2b: Staraptor|Brave Bird|p1a: Dragonite\n|-damage|p1a: Dragonite|0 fnt\n|faint|p1a: Dragonite\n|-damage|p2b: Staraptor|76\/100|[from] Recoil\n|\n|upkeep\n|\n|t:|1683226309\n|switch|p1a: Grimmsnarl|Grimmsnarl, L50, M|13\/100\n|turn|7\n|c|\u2606Dunnakhiin|My luck is god awful sometimes, lmao\n|c|\u2606Dunnakhiin|Not that it matters this match, but still\n|\n|t:|1683226339\n|move|p1a: Grimmsnarl|Parting Shot|p2a: Tatsugiri\n|-unboost|p2a: Tatsugiri|atk|1\n|-unboost|p2a: Tatsugiri|spa|1\n|move|p2a: Tatsugiri|Muddy Water|p1a: Grimmsnarl|[spread] p1a,p1b\n|-supereffective|p1b: Rotom\n|-damage|p1a: Grimmsnarl|6\/100\n|-damage|p1b: Rotom|23\/100\n|-unboost|p1b: Rotom|accuracy|1\n|-enditem|p1b: Rotom|Aguav Berry|[eat]\n|-heal|p1b: Rotom|57\/100|[from] item: Aguav Berry\n|move|p2b: Staraptor|Double-Edge|p1b: Rotom\n|-crit|p1b: Rotom\n|-damage|p1b: Rotom|0 fnt\n|faint|p1b: Rotom\n|-damage|p2b: Staraptor|58\/100|[from] Recoil\n|\n|-sideend|p2: TeamInferno Ted|move: Tailwind\n|upkeep\n|turn|8\n|c|\u2606TeamInferno Ted|true\n|c|\u2606Dunnakhiin|Yeah thats done, GG\n|c|\u2606Dunnakhiin|Swap to other teams?\n|c|\u2606TeamInferno Ted|I brought brick break just in case of this but seems like I will need it less if I play my cards right\n|\n|t:|1683226396\n|move|p2a: Tatsugiri|Muddy Water|p1a: Grimmsnarl\n|-damage|p1a: Grimmsnarl|0 fnt\n|faint|p1a: Grimmsnarl\n|\n|win|TeamInferno Ted\n|c|\u2606TeamInferno Ted|sure\n","uploadtime":1683226414,"views":7,"p1id":"dunnakhiin","p2id":"teaminfernoted","formatid":"gen9vgc2023regulationc","rating":0,"private":0,"password":""}