{"id":"gen9vgc2023regulationc-1862949537","p1":"Igpvala","p2":"Bobmcplay01","format":"[Gen 9] VGC 2023 Regulation C","log":"|j|\u2606Igpvala\n|j|\u203dBobmcplay01\n|t:|1683942650\n|gametype|doubles\n|player|p1|Igpvala|hugh|1361\n|player|p2|Bobmcplay01|170|1304\n|teamsize|p1|6\n|teamsize|p2|6\n|gen|9\n|tier|[Gen 9] VGC 2023 Regulation C\n|rated|\n|rule|Species Clause: Limit one of each Pok\u00e9mon\n|rule|Item Clause: Limit one of each item\n|clearpoke\n|poke|p1|Vaporeon, L50, F|\n|poke|p1|Garganacl, L50, M|\n|poke|p1|Flutter Mane, L50|\n|poke|p1|Iron Bundle, L50|\n|poke|p1|Iron Hands, L50|\n|poke|p1|Great Tusk, L50|\n|poke|p2|Flutter Mane, L50|\n|poke|p2|Chi-Yu, L50|\n|poke|p2|Iron Bundle, L50|\n|poke|p2|Murkrow, L50, F|\n|poke|p2|Dondozo, L50, F|\n|poke|p2|Tatsugiri, L50, M|\n|teampreview|4\nIgpvala has agreed to open team sheets.\n|\n|t:|1683942689\n|start\n|switch|p1a: Iron Hands|Iron Hands, L50, shiny|100\/100\n|switch|p1b: Vaporeon|Vaporeon, L50, F, shiny|100\/100\n|switch|p2a: Murkrow|Murkrow, L50, F|100\/100\n|switch|p2b: Flutter Mane|Flutter Mane, L50|100\/100\n|turn|1\n|inactive|Battle timer is ON: inactive players will automatically lose when time's up. (requested by Bobmcplay01)\n|inactive|Igpvala also wants the timer to be on.\n|\n|t:|1683942708\n|-terastallize|p1a: Iron Hands|Grass\n|move|p2a: Murkrow|Taunt|p1b: Vaporeon\n|-start|p1b: Vaporeon|move: Taunt\n|move|p2b: Flutter Mane|Dazzling Gleam|p1a: Iron Hands|[spread] p1a,p1b\n|-damage|p1a: Iron Hands|77\/100\n|-damage|p1b: Vaporeon|61\/100\n|move|p1b: Vaporeon|Muddy Water|p2a: Murkrow|[spread] p2a,p2b\n|-damage|p2a: Murkrow|36\/100\n|-damage|p2b: Flutter Mane|72\/100\n|-unboost|p2a: Murkrow|accuracy|1\n|move|p1a: Iron Hands|Wild Charge|p2b: Flutter Mane\n|-damage|p2b: Flutter Mane|0 fnt\n|faint|p2b: Flutter Mane\n|-end|p2b: Flutter Mane|Protosynthesis|[silent]\n|-damage|p1a: Iron Hands|67\/100|[from] Recoil\n|\n|-heal|p1b: Vaporeon|67\/100|[from] item: Leftovers\n|upkeep\n|\n|t:|1683942723\n|switch|p2b: Chi-Yu|Chi-Yu, L50|100\/100\n|-ability|p2b: Chi-Yu|Beads of Ruin\n|turn|2\n|\n|t:|1683942742\n|-terastallize|p2b: Chi-Yu|Flying\n|move|p2a: Murkrow|Tailwind|p2a: Murkrow\n|-sidestart|p2: Bobmcplay01|move: Tailwind\n|move|p2b: Chi-Yu|Heat Wave|p1b: Vaporeon|[spread] p1a,p1b\n|-supereffective|p1a: Iron Hands\n|-resisted|p1b: Vaporeon\n|-damage|p1a: Iron Hands|0 fnt\n|-damage|p1b: Vaporeon|38\/100\n|faint|p1a: Iron Hands\n|-end|p1a: Iron Hands|Quark Drive|[silent]\n|-damage|p2b: Chi-Yu|90\/100|[from] item: Life Orb\n|move|p1b: Vaporeon|Muddy Water|p2b: Chi-Yu|[spread] p2a,p2b\n|-damage|p2a: Murkrow|0 fnt\n|-damage|p2b: Chi-Yu|64\/100\n|faint|p2a: Murkrow\n|\n|-heal|p1b: Vaporeon|45\/100|[from] item: Leftovers\n|upkeep\n|\n|t:|1683942756\n|switch|p2a: Iron Bundle|Iron Bundle, L50, shiny|100\/100\n|switch|p1a: Iron Bundle|Iron Bundle, L50, shiny|100\/100\n|-enditem|p2a: Iron Bundle|Booster Energy\n|-activate|p2a: Iron Bundle|ability: Quark Drive|[fromitem]\n|-start|p2a: Iron Bundle|quarkdrivespe\n|turn|3\n|inactive|Igpvala has 30 seconds left.\n|\n|t:|1683942783\n|move|p1a: Iron Bundle|Protect|p1a: Iron Bundle\n|-singleturn|p1a: Iron Bundle|Protect\n|move|p2a: Iron Bundle|Icy Wind|p1b: Vaporeon|[spread] p1b\n|-activate|p1a: Iron Bundle|move: Protect\n|-resisted|p1b: Vaporeon\n|-damage|p1b: Vaporeon|35\/100\n|-unboost|p1b: Vaporeon|spe|1\n|move|p2b: Chi-Yu|Heat Wave|p1b: Vaporeon|[spread] p1b\n|-activate|p1a: Iron Bundle|move: Protect\n|-resisted|p1b: Vaporeon\n|-damage|p1b: Vaporeon|7\/100\n|-damage|p2b: Chi-Yu|54\/100|[from] item: Life Orb\n|move|p1b: Vaporeon|Muddy Water|p2a: Iron Bundle|[spread] \n|-miss|p1b: Vaporeon|p2a: Iron Bundle\n|-miss|p1b: Vaporeon|p2b: Chi-Yu\n|\n|-heal|p1b: Vaporeon|13\/100|[from] item: Leftovers\n|-end|p1b: Vaporeon|move: Taunt\n|upkeep\n|turn|4\n|inactive|Igpvala has 30 seconds left.\n|\n|t:|1683942810\n|move|p2a: Iron Bundle|Icy Wind|p1b: Vaporeon|[spread] p1a,p1b\n|-resisted|p1a: Iron Bundle\n|-resisted|p1b: Vaporeon\n|-damage|p1a: Iron Bundle|87\/100\n|-damage|p1b: Vaporeon|3\/100\n|-unboost|p1a: Iron Bundle|spe|1\n|-unboost|p1b: Vaporeon|spe|1\n|move|p2b: Chi-Yu|Heat Wave|p1b: Vaporeon|[spread] p1a,p1b\n|-resisted|p1b: Vaporeon\n|-damage|p1a: Iron Bundle|0 fnt\n|-damage|p1b: Vaporeon|0 fnt\n|faint|p1a: Iron Bundle\n|-end|p1a: Iron Bundle|Quark Drive|[silent]\n|faint|p1b: Vaporeon\n|-damage|p2b: Chi-Yu|44\/100|[from] item: Life Orb\n|\n|upkeep\n|\n|t:|1683942822\n|switch|p1b: Flutter Mane|Flutter Mane, L50, shiny|100\/100\n|turn|5\n|\n|t:|1683942836\n|move|p2a: Iron Bundle|Icy Wind|p1b: Flutter Mane\n|-damage|p1b: Flutter Mane|64\/100\n|-unboost|p1b: Flutter Mane|spe|1\n|move|p2b: Chi-Yu|Flamethrower|p1b: Flutter Mane\n|-damage|p1b: Flutter Mane|0 fnt\n|faint|p1b: Flutter Mane\n|-end|p1b: Flutter Mane|Protosynthesis|[silent]\n|-damage|p2b: Chi-Yu|34\/100|[from] item: Life Orb\n|\n|win|Bobmcplay01\n|raw|Igpvala's rating: 1361 → 1338<\/strong> (-23 for losing)\n|raw|Bobmcplay01's rating: 1304 → 1327<\/strong> (+23 for winning)\n","uploadtime":1683942848,"views":9,"p1id":"igpvala","p2id":"bobmcplay01","formatid":"gen9vgc2023regulationc","rating":1327,"private":0,"password":""}