{"id":"gen9vgc2023regulationc-1863984953","p1":"starmaster","p2":"sempr9","format":"[Gen 9] VGC 2023 Regulation C","log":"|j|\u2606starmaster\n|j|\u2606sempr9\n|t:|1684101405\n|gametype|doubles\n|player|p1|starmaster|#ssdivserpents|\n|player|p2|sempr9|miriam|\n|teamsize|p1|6\n|teamsize|p2|6\n|gen|9\n|tier|[Gen 9] VGC 2023 Regulation C\n|rule|Species Clause: Limit one of each Pok\u00e9mon\n|rule|Item Clause: Limit one of each item\n|clearpoke\n|poke|p1|Iron Bundle, L50|\n|poke|p1|Great Tusk, L50|\n|poke|p1|Amoonguss, L50, F|\n|poke|p1|Flutter Mane, L50|\n|poke|p1|Talonflame, L50, F|\n|poke|p1|Kingambit, L50, F|\n|poke|p2|Scream Tail, L50|\n|poke|p2|Iron Bundle, L50|\n|poke|p2|Flutter Mane, L50|\n|poke|p2|Annihilape, L50, F|\n|poke|p2|Chi-Yu, L50|\n|poke|p2|Amoonguss, L50, F|\n|teampreview|4\nsempr9 has agreed to open team sheets.\n|c|\u2606starmaster|g1\n|j| IchigoZangeCorner\nstarmaster has agreed to open team sheets.\n|j| TheWigletts\n|\n|t:|1684101528\n|start\n|switch|p1a: Iron Bundle|Iron Bundle, L50|100\/100\n|switch|p1b: Great Tusk|Great Tusk, L50|100\/100\n|switch|p2a: Iron Bundle|Iron Bundle, L50, shiny|100\/100\n|switch|p2b: Amoonguss|Amoonguss, L50, F, shiny|100\/100\n|-enditem|p1a: Iron Bundle|Booster Energy\n|-activate|p1a: Iron Bundle|ability: Quark Drive|[fromitem]\n|-start|p1a: Iron Bundle|quarkdrivespe\n|turn|1\n|j| ck49\n|\n|t:|1684101638\n|-terastallize|p1b: Great Tusk|Ground\n|move|p1a: Iron Bundle|Icy Wind|p2b: Amoonguss|[spread] p2a\n|-miss|p1a: Iron Bundle|p2b: Amoonguss\n|-resisted|p2a: Iron Bundle\n|-damage|p2a: Iron Bundle|91\/100\n|-unboost|p2a: Iron Bundle|spe|1\n|move|p1b: Great Tusk|Headlong Rush|p2b: Amoonguss\n|-damage|p2b: Amoonguss|0 fnt\n|-unboost|p1b: Great Tusk|def|1\n|-unboost|p1b: Great Tusk|spd|1\n|-damage|p1b: Great Tusk|84\/100|[from] item: Rocky Helmet|[of] p2b: Amoonguss\n|faint|p2b: Amoonguss\n|-damage|p1b: Great Tusk|74\/100|[from] item: Life Orb\n|move|p2a: Iron Bundle|Freeze-Dry|p1b: Great Tusk\n|-supereffective|p1b: Great Tusk\n|-damage|p1b: Great Tusk|0 fnt\n|faint|p1b: Great Tusk\n|-end|p1b: Great Tusk|Protosynthesis|[silent]\n|\n|upkeep\n|\n|t:|1684101656\n|switch|p1b: Flutter Mane|Flutter Mane, L50|100\/100\n|switch|p2b: Flutter Mane|Flutter Mane, L50|100\/100\n|turn|2\n|l|thewigletts\n|\n|t:|1684101699\n|move|p1a: Iron Bundle|Icy Wind|p2b: Flutter Mane|[spread] p2a,p2b\n|-resisted|p2a: Iron Bundle\n|-damage|p2a: Iron Bundle|81\/100\n|-damage|p2b: Flutter Mane|82\/100\n|-unboost|p2a: Iron Bundle|spe|1\n|-unboost|p2b: Flutter Mane|spe|1\n|move|p1b: Flutter Mane|Dazzling Gleam|p2b: Flutter Mane|[spread] p2a,p2b\n|-crit|p2b: Flutter Mane\n|-damage|p2a: Iron Bundle|0 fnt\n|-damage|p2b: Flutter Mane|12\/100\n|faint|p2a: Iron Bundle\n|-end|p2a: Iron Bundle|Quark Drive|[silent]\n|move|p2b: Flutter Mane|Shadow Ball|p1b: Flutter Mane\n|-supereffective|p1b: Flutter Mane\n|-damage|p1b: Flutter Mane|0 fnt\n|faint|p1b: Flutter Mane\n|-end|p1b: Flutter Mane|Protosynthesis|[silent]\n|\n|upkeep\n|j| Borghi\n|\n|t:|1684101714\n|switch|p2a: Annihilape|Annihilape, L50, F|100\/100\n|switch|p1b: Talonflame|Talonflame, L50, F|100\/100\n|turn|3\n|\n|t:|1684101739\n|-terastallize|p2a: Annihilape|Fire\n|move|p1a: Iron Bundle|Freeze-Dry|p2b: Flutter Mane\n|-damage|p2b: Flutter Mane|0 fnt\n|faint|p2b: Flutter Mane\n|-end|p2b: Flutter Mane|Protosynthesis|[silent]\n|move|p1b: Talonflame|Will-O-Wisp|p2a: Annihilape\n|-immune|p2a: Annihilape\n|move|p2a: Annihilape|Drain Punch|p1a: Iron Bundle\n|-supereffective|p1a: Iron Bundle\n|-damage|p1a: Iron Bundle|33\/100\n|\n|upkeep\n|turn|4\n|j|+TPP\n|\n|t:|1684101753\n|move|p1b: Talonflame|Brave Bird|p2a: Annihilape\n|-damage|p2a: Annihilape|58\/100\n|-damage|p1b: Talonflame|84\/100|[from] Recoil\n|move|p1a: Iron Bundle|Encore|p2a: Annihilape\n|-start|p2a: Annihilape|Encore\n|move|p2a: Annihilape|Drain Punch|p1a: Iron Bundle\n|-supereffective|p1a: Iron Bundle\n|-damage|p1a: Iron Bundle|0 fnt\n|-heal|p2a: Annihilape|71\/100|[from] drain|[of] p1a: Iron Bundle\n|faint|p1a: Iron Bundle\n|-end|p1a: Iron Bundle|Quark Drive|[silent]\n|\n|upkeep\n|turn|5\n|\n|t:|1684101761\n|move|p1b: Talonflame|Brave Bird|p2a: Annihilape\n|-damage|p2a: Annihilape|24\/100\n|-enditem|p2a: Annihilape|Sitrus Berry|[eat]\n|-heal|p2a: Annihilape|49\/100|[from] item: Sitrus Berry\n|-damage|p1b: Talonflame|65\/100|[from] Recoil\n|move|p2a: Annihilape|Drain Punch|p1b: Talonflame\n|-resisted|p1b: Talonflame\n|-damage|p1b: Talonflame|42\/100\n|-heal|p2a: Annihilape|58\/100|[from] drain|[of] p1b: Talonflame\n|\n|upkeep\n|turn|6\n|j| SuperEpicAmpharos\n|\n|t:|1684101770\n|move|p1b: Talonflame|Brave Bird|p2a: Annihilape\n|-damage|p2a: Annihilape|16\/100\n|-damage|p1b: Talonflame|26\/100|[from] Recoil\n|move|p2a: Annihilape|Drain Punch|p1b: Talonflame\n|-resisted|p1b: Talonflame\n|-damage|p1b: Talonflame|3\/100\n|-heal|p2a: Annihilape|26\/100|[from] drain|[of] p1b: Talonflame\n|\n|-end|p2a: Annihilape|Encore\n|upkeep\n|turn|7\n|\n|t:|1684101777\n|move|p1b: Talonflame|Brave Bird|p2a: Annihilape\n|-damage|p2a: Annihilape|0 fnt\n|faint|p2a: Annihilape\n|-damage|p1b: Talonflame|0 fnt|[from] Recoil\n|faint|p1b: Talonflame\n|\n|win|starmaster\n|c|\u2606starmaster|gg\n|c|\u2606sempr9|gg\n|l| IchigoZangeCorner\n|j| corvere\u2661\n|j| xrn\n|j|+Stone Cold\n|l|+Stone Cold\n|l| ck49\n|l|+TPP\n|l| corvere\u2661\n|l| SuperEpicAmpharos\n|l| xrn\n|j| claire tang\n|j| tagmouse27\n|j|+dex\n|l|+dex\n|j|+ILoveMashing\n|l|\u2606starmaster\n|l|+ILoveMashing\n|l| Borghi\n|l| tagmouse27\n|j|\u2606starmaster\n|player|p1|starmaster|#ssdivserpents\n|j|+ILoveMashing\n|j| corvere\u2661\n|l| corvere\u2661\n|l|+ILoveMashing\n|l| claire tang\n|j| ima\n|l|\u2606starmaster\n|player|p1|\n|j|\u2606starmaster\n|player|p1|starmaster|#ssdivserpents\n","uploadtime":1684101802,"views":32,"p1id":"starmaster","p2id":"sempr9","formatid":"gen9vgc2023regulationc","rating":0,"private":0,"password":""}