{"id":"gen9vgc2023regulationc-1854248450","p1":"lazerDono","p2":"Ricardo Randorez","format":"[Gen 9] VGC 2023 Regulation C","log":"|j|\u2606lazerDono\n|j|\u2606Ricardo Randorez\n|t:|1682788397\n|gametype|doubles\n|player|p1|lazerDono|burglar|1195\n|player|p2|Ricardo Randorez|266|1247\n|teamsize|p1|6\n|teamsize|p2|6\n|gen|9\n|tier|[Gen 9] VGC 2023 Regulation C\n|rated|\n|rule|Species Clause: Limit one of each Pok\u00e9mon\n|rule|Item Clause: Limit one of each item\n|clearpoke\n|poke|p1|Wo-Chien, L50|\n|poke|p1|Glimmora, L50, M|\n|poke|p1|Arcanine, L50, M|\n|poke|p1|Flutter Mane, L50|\n|poke|p1|Gothitelle, L50, F|\n|poke|p1|Salazzle, L50, F|\n|poke|p2|Lycanroc-Midnight, L50, F|\n|poke|p2|Medicham, L50, F|\n|poke|p2|Dondozo, L50, M|\n|poke|p2|Tatsugiri-Stretchy, L50, F|\n|poke|p2|Mimikyu, L50, M|\n|poke|p2|Ting-Lu, L50|\n|teampreview|4\n|l|\u2606Ricardo Randorez\n|player|p2|\n|j|\u2606Ricardo Randorez\n|player|p2|Ricardo Randorez|266\nlazerDono has agreed to open team sheets.\n|\n|t:|1682788439\n|start\n|switch|p1a: Gothitelle|Gothitelle, L50, F|100\/100\n|switch|p1b: Arcanine|Arcanine, L50, M|100\/100\n|switch|p2a: Mimikyu|Mimikyu, L50, M|100\/100\n|switch|p2b: Ting-Lu|Ting-Lu, L50|100\/100\n|-ability|p1b: Arcanine|Intimidate|boost\n|-unboost|p2a: Mimikyu|atk|1\n|-unboost|p2b: Ting-Lu|atk|1\n|-ability|p2b: Ting-Lu|Vessel of Ruin\n|turn|1\n|inactive|Battle timer is ON: inactive players will automatically lose when time's up. (requested by lazerDono)\n|inactive|Ricardo Randorez also wants the timer to be on.\n|inactive|lazerDono has 60 seconds left.\n|inactive|Ricardo Randorez has 60 seconds left.\n|\n|t:|1682788484\n|-terastallize|p2b: Ting-Lu|Ground\n|move|p1a: Gothitelle|Protect|p1a: Gothitelle\n|-singleturn|p1a: Gothitelle|Protect\n|move|p2a: Mimikyu|Shadow Sneak|p1a: Gothitelle\n|-activate|p1a: Gothitelle|move: Protect\n|move|p1b: Arcanine|Will-O-Wisp|p2a: Mimikyu\n|-status|p2a: Mimikyu|brn\n|move|p2b: Ting-Lu|Stomping Tantrum|p1b: Arcanine\n|-supereffective|p1b: Arcanine\n|-crit|p1b: Arcanine\n|-damage|p1b: Arcanine|0 fnt\n|faint|p1b: Arcanine\n|\n|-damage|p2a: Mimikyu|95\/100 brn|[from] brn\n|upkeep\n|\n|t:|1682788503\n|switch|p1b: Wo-Chien|Wo-Chien, L50|100\/100\n|-ability|p1b: Wo-Chien|Tablets of Ruin\n|turn|2\n|\n|t:|1682788518\n|move|p2a: Mimikyu|Shadow Sneak|p1a: Gothitelle\n|-supereffective|p1a: Gothitelle\n|-damage|p1a: Gothitelle|89\/100\n|-damage|p2a: Mimikyu|85\/100 brn|[from] item: Life Orb\n|move|p1b: Wo-Chien|Knock Off|p2a: Mimikyu\n|-activate|p2a: Mimikyu|ability: Disguise\n|-damage|p2a: Mimikyu|85\/100 brn\n|-enditem|p2a: Mimikyu|Life Orb|[from] move: Knock Off|[of] p1b: Wo-Chien\n|detailschange|p2a: Mimikyu|Mimikyu-Busted, L50, M\n|-damage|p2a: Mimikyu|73\/100 brn|[from] pokemon: Mimikyu-Busted\n|move|p1a: Gothitelle|Psychic|p2a: Mimikyu\n|-damage|p2a: Mimikyu|49\/100 brn\n|move|p2b: Ting-Lu|Fissure|p1b: Wo-Chien|[miss]\n|-miss|p2b: Ting-Lu|p1b: Wo-Chien\n|\n|-damage|p2a: Mimikyu|43\/100 brn|[from] brn\n|upkeep\n|turn|3\n|inactive|lazerDono has 30 seconds left.\n|inactive|Ricardo Randorez has 30 seconds left.\n|\n|t:|1682788546\n|switch|p1b: Salazzle|Salazzle, L50, F|100\/100\n|move|p2a: Mimikyu|Shadow Sneak|p1a: Gothitelle\n|-supereffective|p1a: Gothitelle\n|-damage|p1a: Gothitelle|76\/100\n|move|p1a: Gothitelle|Psychic|p2a: Mimikyu\n|-damage|p2a: Mimikyu|20\/100 brn\n|move|p2b: Ting-Lu|Fissure|p1b: Salazzle|[miss]\n|-miss|p2b: Ting-Lu|p1b: Salazzle\n|\n|-damage|p2a: Mimikyu|14\/100 brn|[from] brn\n|upkeep\n|turn|4\n|\n|t:|1682788566\n|move|p1a: Gothitelle|Protect|p1a: Gothitelle\n|-singleturn|p1a: Gothitelle|Protect\n|move|p2a: Mimikyu|Shadow Sneak|p1a: Gothitelle\n|-activate|p1a: Gothitelle|move: Protect\n|move|p1b: Salazzle|Toxic|p2b: Ting-Lu\n|-status|p2b: Ting-Lu|tox\n|move|p2b: Ting-Lu|Fissure|p1b: Salazzle\n|-enditem|p1b: Salazzle|Focus Sash\n|-damage|p1b: Salazzle|1\/100\n|\n|-damage|p2b: Ting-Lu|95\/100 tox|[from] psn\n|-damage|p2a: Mimikyu|9\/100 brn|[from] brn\n|upkeep\n|turn|5\n|\n|t:|1682788585\n|move|p1b: Salazzle|Protect|p1b: Salazzle\n|-singleturn|p1b: Salazzle|Protect\n|move|p2a: Mimikyu|Shadow Sneak|p1b: Salazzle\n|-activate|p1b: Salazzle|move: Protect\n|move|p1a: Gothitelle|Psychic|p2a: Mimikyu\n|-damage|p2a: Mimikyu|0 fnt\n|faint|p2a: Mimikyu\n|move|p2b: Ting-Lu|Fissure|p1a: Gothitelle|[miss]\n|-miss|p2b: Ting-Lu|p1a: Gothitelle\n|\n|-damage|p2b: Ting-Lu|83\/100 tox|[from] psn\n|upkeep\n|\n|t:|1682788602\n|switch|p2a: Medicham|Medicham, L50, F|100\/100\n|turn|6\n|\n|t:|1682788619\n|switch|p1b: Wo-Chien|Wo-Chien, L50|100\/100\n|-ability|p1b: Wo-Chien|Tablets of Ruin\n|move|p2a: Medicham|Fake Out|p1b: Wo-Chien\n|-damage|p1b: Wo-Chien|90\/100\n|move|p1a: Gothitelle|Psychic|p2a: Medicham\n|-damage|p2a: Medicham|61\/100\n|move|p2b: Ting-Lu|Fissure|p1a: Gothitelle\n|-damage|p1a: Gothitelle|0 fnt\n|faint|p1a: Gothitelle\n|-ohko\n|\n|-damage|p2b: Ting-Lu|65\/100 tox|[from] psn\n|upkeep\n|\n|t:|1682788634\n|switch|p1a: Salazzle|Salazzle, L50, F|1\/100\n|turn|7\n|\n|t:|1682788649\n|move|p1a: Salazzle|Fake Out|p2a: Medicham\n|-damage|p2a: Medicham|53\/100\n|cant|p2a: Medicham|flinch\n|move|p1b: Wo-Chien|Leech Seed|p2b: Ting-Lu\n|-start|p2b: Ting-Lu|move: Leech Seed\n|move|p2b: Ting-Lu|Rock Slide|p1b: Wo-Chien|[spread] p1a,p1b\n|-supereffective|p1a: Salazzle\n|-damage|p1a: Salazzle|0 fnt\n|-damage|p1b: Wo-Chien|82\/100\n|faint|p1a: Salazzle\n|\n|-damage|p2b: Ting-Lu|53\/100 tox|[from] Leech Seed|[of] p1b: Wo-Chien\n|-heal|p1b: Wo-Chien|99\/100|[silent]\n|-damage|p2b: Ting-Lu|30\/100 tox|[from] psn\n|upkeep\n|turn|8\n|\n|t:|1682788670\n|switch|p2b: Lycanroc|Lycanroc-Midnight, L50, F|100\/100\n|move|p2a: Medicham|Close Combat|p1b: Wo-Chien\n|-supereffective|p1b: Wo-Chien\n|-damage|p1b: Wo-Chien|10\/100\n|-unboost|p2a: Medicham|def|1\n|-unboost|p2a: Medicham|spd|1\n|-enditem|p1b: Wo-Chien|Aguav Berry|[eat]\n|-heal|p1b: Wo-Chien|43\/100|[from] item: Aguav Berry\n|move|p1b: Wo-Chien|Knock Off|p2b: Lycanroc\n|-damage|p2b: Lycanroc|62\/100\n|-enditem|p2b: Lycanroc|Scope Lens|[from] move: Knock Off|[of] p1b: Wo-Chien\n|\n|upkeep\n|turn|9\n|\n|t:|1682788694\n|-terastallize|p1b: Wo-Chien|Poison\n|move|p2b: Lycanroc|Helping Hand|p2a: Medicham\n|-singleturn|p2a: Medicham|Helping Hand|[of] p2b: Lycanroc\n|move|p2a: Medicham|Close Combat|p1b: Wo-Chien\n|-resisted|p1b: Wo-Chien\n|-damage|p1b: Wo-Chien|6\/100\n|-unboost|p2a: Medicham|def|1\n|-unboost|p2a: Medicham|spd|1\n|move|p1b: Wo-Chien|Knock Off|p2a: Medicham\n|-damage|p2a: Medicham|0 fnt\n|-enditem|p2a: Medicham|Focus Sash|[from] move: Knock Off|[of] p1b: Wo-Chien\n|faint|p2a: Medicham\n|\n|upkeep\n|-message|lazerDono forfeited.\n|\n|win|Ricardo Randorez\n|raw|lazerDono's rating: 1195 → 1174<\/strong> (-21 for losing)\n|raw|Ricardo Randorez's rating: 1247 → 1268<\/strong> (+21 for winning)\n|l|\u2606lazerDono\n","uploadtime":1682788711,"views":16,"p1id":"lazerdono","p2id":"ricardorandorez","formatid":"gen9vgc2023regulationc","rating":1174,"private":0,"password":""}