{"id":"gen9vgc2023regulationc-1851417182","p1":"Bad Bax Balance","p2":"TingLusing","format":"[Gen 9] VGC 2023 Regulation C","log":"|j|\u2606Bad Bax Balance\n|j|\u2606TingLusing\n|t:|1682443432\n|gametype|doubles\n|player|p1|Bad Bax Balance|emmet|1386\n|player|p2|TingLusing|marnie-league|1396\n|teamsize|p1|6\n|teamsize|p2|6\n|gen|9\n|tier|[Gen 9] VGC 2023 Regulation C\n|rated|\n|rule|Species Clause: Limit one of each Pok\u00e9mon\n|rule|Item Clause: Limit one of each item\n|clearpoke\n|poke|p1|Chi-Yu, L50|\n|poke|p1|Amoonguss, L50, F|\n|poke|p1|Gyarados, L50, M|\n|poke|p1|Iron Hands, L50|\n|poke|p1|Flutter Mane, L50|\n|poke|p1|Iron Bundle, L50|\n|poke|p2|Palafin, L50, M|\n|poke|p2|Arcanine, L50, F|\n|poke|p2|Amoonguss, L50, M|\n|poke|p2|Kingambit, L50, F|\n|poke|p2|Flutter Mane, L50|\n|poke|p2|Dragonite, L50, F|\n|teampreview|4\nTingLusing has agreed to open team sheets.\n|inactive|Battle timer is ON: inactive players will automatically lose when time's up. (requested by TingLusing)\nBad Bax Balance has agreed to open team sheets.\n|inactive|TingLusing has 60 seconds left.\n|\n|t:|1682443492\n|start\n|switch|p1a: Amoonguss|Amoonguss, L50, F|100\/100\n|switch|p1b: Chi-Yu|Chi-Yu, L50|100\/100\n|switch|p2a: Flutter Mane|Flutter Mane, L50|100\/100\n|switch|p2b: Arcanine|Arcanine, L50, F|100\/100\n|-ability|p1b: Chi-Yu|Beads of Ruin\n|-ability|p2b: Arcanine|Intimidate|boost\n|-unboost|p1a: Amoonguss|atk|1\n|-unboost|p1b: Chi-Yu|atk|1\n|-enditem|p2a: Flutter Mane|Booster Energy\n|-activate|p2a: Flutter Mane|ability: Protosynthesis|[fromitem]\n|-start|p2a: Flutter Mane|protosynthesisspa\n|turn|1\n|inactive|Bad Bax Balance has 30 seconds left.\n|\n|t:|1682443523\n|-terastallize|p1a: Amoonguss|Water\n|move|p2a: Flutter Mane|Protect|p2a: Flutter Mane\n|-singleturn|p2a: Flutter Mane|Protect\n|move|p1b: Chi-Yu|Nasty Plot|p1b: Chi-Yu\n|-boost|p1b: Chi-Yu|spa|2\n|move|p2b: Arcanine|Howl|p2b: Arcanine|[spread] p2a,p2b\n|-boost|p2a: Flutter Mane|atk|1\n|-boost|p2b: Arcanine|atk|1\n|move|p1a: Amoonguss|Spore|p2a: Flutter Mane\n|-activate|p2a: Flutter Mane|move: Protect\n|\n|upkeep\n|turn|2\n|\n|t:|1682443547\n|move|p2b: Arcanine|Extreme Speed|p1b: Chi-Yu\n|-damage|p1b: Chi-Yu|65\/100\n|move|p2a: Flutter Mane|Dazzling Gleam|p1b: Chi-Yu|[spread] p1a,p1b\n|-damage|p1a: Amoonguss|50\/100\n|-damage|p1b: Chi-Yu|25\/100\n|-enditem|p1b: Chi-Yu|Sitrus Berry|[eat]\n|-heal|p1b: Chi-Yu|49\/100|[from] item: Sitrus Berry\n|move|p1b: Chi-Yu|Heat Wave|p2b: Arcanine|[spread] p2a,p2b\n|-resisted|p2b: Arcanine\n|-damage|p2a: Flutter Mane|22\/100\n|-damage|p2b: Arcanine|53\/100\n|move|p1a: Amoonguss|Spore|p2a: Flutter Mane\n|-status|p2a: Flutter Mane|slp|[from] move: Spore\n|\n|upkeep\n|turn|3\n|\n|t:|1682443568\n|move|p2b: Arcanine|Extreme Speed|p1b: Chi-Yu\n|-damage|p1b: Chi-Yu|17\/100\n|cant|p2a: Flutter Mane|slp\n|move|p1b: Chi-Yu|Dark Pulse|p2b: Arcanine\n|-damage|p2b: Arcanine|0 fnt\n|faint|p2b: Arcanine\n|move|p1a: Amoonguss|Pollen Puff|p1b: Chi-Yu\n|-heal|p1b: Chi-Yu|67\/100\n|\n|upkeep\n|\n|t:|1682443575\n|switch|p2b: Dragonite|Dragonite, L50, F|100\/100\n|turn|4\n|\n|t:|1682443589\n|move|p1a: Amoonguss|Rage Powder|p1a: Amoonguss\n|-singleturn|p1a: Amoonguss|move: Rage Powder\n|-curestatus|p2a: Flutter Mane|slp|[msg]\n|move|p2a: Flutter Mane|Moonblast|p1a: Amoonguss\n|-damage|p1a: Amoonguss|0 fnt\n|faint|p1a: Amoonguss\n|move|p1b: Chi-Yu|Heat Wave|p2a: Flutter Mane|[spread] p2a,p2b\n|-crit|p2a: Flutter Mane\n|-resisted|p2b: Dragonite\n|-damage|p2a: Flutter Mane|0 fnt\n|-damage|p2b: Dragonite|87\/100\n|faint|p2a: Flutter Mane\n|-end|p2a: Flutter Mane|Protosynthesis|[silent]\n|move|p2b: Dragonite|Outrage|p1b: Chi-Yu\n|-damage|p1b: Chi-Yu|0 fnt\n|faint|p1b: Chi-Yu\n|\n|upkeep\n|\n|t:|1682443599\n|switch|p2a: Kingambit|Kingambit, L50, F|100\/100\n|switch|p1b: Iron Bundle|Iron Bundle, L50|100\/100\n|switch|p1a: Iron Hands|Iron Hands, L50|100\/100\n|-enditem|p1b: Iron Bundle|Booster Energy\n|-activate|p1b: Iron Bundle|ability: Quark Drive|[fromitem]\n|-start|p1b: Iron Bundle|quarkdrivespe\n|turn|5\n|\n|t:|1682443611\n|-terastallize|p2a: Kingambit|Dark\n|move|p1a: Iron Hands|Fake Out|p2b: Dragonite\n|-damage|p2b: Dragonite|71\/100\n|move|p1b: Iron Bundle|Icy Wind|p2a: Kingambit|[spread] p2b\n|-miss|p1b: Iron Bundle|p2a: Kingambit\n|-supereffective|p2b: Dragonite\n|-damage|p2b: Dragonite|11\/100\n|-unboost|p2b: Dragonite|spe|1\n|cant|p2b: Dragonite|flinch\n|move|p2a: Kingambit|Kowtow Cleave|p1b: Iron Bundle\n|-damage|p1b: Iron Bundle|23\/100\n|\n|upkeep\n|turn|6\n|inactive|Bad Bax Balance has 30 seconds left.\n|inactive|TingLusing has 30 seconds left.\n|\n|t:|1682443639\n|move|p2b: Dragonite|Extreme Speed|p1b: Iron Bundle\n|-damage|p1b: Iron Bundle|0 fnt\n|faint|p1b: Iron Bundle\n|-end|p1b: Iron Bundle|Quark Drive|[silent]\n|move|p1a: Iron Hands|Drain Punch|p2a: Kingambit\n|-supereffective|p2a: Kingambit\n|-damage|p2a: Kingambit|36\/100\n|move|p2a: Kingambit|Swords Dance|p2a: Kingambit\n|-boost|p2a: Kingambit|atk|2\n|\n|upkeep\n|turn|7\n|\n|t:|1682443663\n|move|p2a: Kingambit|Sucker Punch|p1a: Iron Hands\n|-resisted|p1a: Iron Hands\n|-crit|p1a: Iron Hands\n|-damage|p1a: Iron Hands|52\/100\n|move|p1a: Iron Hands|Drain Punch|p2a: Kingambit\n|-supereffective|p2a: Kingambit\n|-damage|p2a: Kingambit|0 fnt\n|-heal|p1a: Iron Hands|67\/100|[from] drain|[of] p2a: Kingambit\n|faint|p2a: Kingambit\n|move|p2b: Dragonite|Outrage|p1a: Iron Hands\n|-damage|p1a: Iron Hands|20\/100\n|\n|upkeep\n|turn|8\n|\n|t:|1682443671\n|move|p1a: Iron Hands|Drain Punch|p2b: Dragonite\n|-resisted|p2b: Dragonite\n|-damage|p2b: Dragonite|0 fnt\n|-heal|p1a: Iron Hands|24\/100|[from] drain|[of] p2b: Dragonite\n|faint|p2b: Dragonite\n|\n|win|Bad Bax Balance\n|raw|Bad Bax Balance's rating: 1386 → 1407<\/strong> (+21 for winning)\n|raw|TingLusing's rating: 1396 → 1375<\/strong> (-21 for losing)\n|l|\u2606TingLusing\n|c|\u2606Bad Bax Balance|what\n|c|\u2606Bad Bax Balance|how\n|c|\u2606Bad Bax Balance|whaat\n","uploadtime":1682443676,"views":7,"p1id":"badbaxbalance","p2id":"tinglusing","formatid":"gen9vgc2023regulationc","rating":1375,"private":0,"password":""}