{"id":"gen9vgc2023regulationc-1856266034","p1":"Armorofberserk","p2":"ArchAvenger","format":"[Gen 9] VGC 2023 Regulation C","log":"|j|\u2606Armorofberserk\n|j|\u2606ArchAvenger\n|t:|1683045950\n|gametype|doubles\n|player|p1|Armorofberserk|cynthia-gen4|1245\n|player|p2|ArchAvenger|102|1302\n|teamsize|p1|6\n|teamsize|p2|6\n|gen|9\n|tier|[Gen 9] VGC 2023 Regulation C\n|rated|\n|rule|Species Clause: Limit one of each Pok\u00e9mon\n|rule|Item Clause: Limit one of each item\n|clearpoke\n|poke|p1|Chien-Pao, L50|\n|poke|p1|Arcanine, L50, M|\n|poke|p1|Iron Bundle, L50|\n|poke|p1|Annihilape, L50, F|\n|poke|p1|Amoonguss, L50, F|\n|poke|p1|Dragonite, L50, F|\n|poke|p2|Hippowdon, L50, F|\n|poke|p2|Ting-Lu, L50|\n|poke|p2|Garganacl, L50, M|\n|poke|p2|Chi-Yu, L50|\n|poke|p2|Flutter Mane, L50|\n|poke|p2|Amoonguss, L50, M|\n|teampreview|4\n|\n|t:|1683045997\n|start\n|switch|p1a: Arcanine|Arcanine, L50, M|100\/100\n|switch|p1b: Iron Bundle|Iron Bundle, L50|100\/100\n|switch|p2a: Chi-Yu|Chi-Yu, L50|100\/100\n|switch|p2b: Flutter Mane|Flutter Mane, L50|100\/100\n|-ability|p2a: Chi-Yu|Beads of Ruin\n|-ability|p1a: Arcanine|Intimidate|boost\n|-unboost|p2a: Chi-Yu|atk|1\n|-unboost|p2b: Flutter Mane|atk|1\n|turn|1\n|\n|t:|1683046023\n|move|p1b: Iron Bundle|Icy Wind|p2b: Flutter Mane|[spread] p2a,p2b\n|-resisted|p2a: Chi-Yu\n|-damage|p2a: Chi-Yu|87\/100\n|-damage|p2b: Flutter Mane|70\/100\n|-unboost|p2a: Chi-Yu|spe|1\n|-unboost|p2b: Flutter Mane|spe|1\n|move|p2b: Flutter Mane|Dazzling Gleam|p1a: Arcanine|[spread] p1a,p1b\n|-resisted|p1a: Arcanine\n|-damage|p1a: Arcanine|75\/100\n|-enditem|p1b: Iron Bundle|Focus Sash\n|-damage|p1b: Iron Bundle|1\/100\n|move|p1a: Arcanine|Flare Blitz|p2b: Flutter Mane\n|-damage|p2b: Flutter Mane|0 fnt\n|faint|p2b: Flutter Mane\n|-end|p2b: Flutter Mane|Protosynthesis|[silent]\n|-damage|p1a: Arcanine|59\/100|[from] Recoil\n|move|p2a: Chi-Yu|Dark Pulse|p1a: Arcanine\n|-damage|p1a: Arcanine|10\/100\n|-enditem|p1a: Arcanine|Sitrus Berry|[eat]\n|-heal|p1a: Arcanine|35\/100|[from] item: Sitrus Berry\n|\n|upkeep\n|\n|t:|1683046044\n|switch|p2b: Garganacl|Garganacl, L50, M|100\/100\n|turn|2\n|\n|t:|1683046058\n|move|p1b: Iron Bundle|Protect|p1b: Iron Bundle\n|-singleturn|p1b: Iron Bundle|Protect\n|move|p1a: Arcanine|Protect|p1a: Arcanine\n|-singleturn|p1a: Arcanine|Protect\n|move|p2b: Garganacl|Wide Guard|p2b: Garganacl\n|-singleturn|p2b: Garganacl|Wide Guard\n|move|p2a: Chi-Yu|Heat Wave|p1b: Iron Bundle|[spread] \n|-activate|p1a: Arcanine|move: Protect\n|-activate|p1b: Iron Bundle|move: Protect\n|\n|upkeep\n|turn|3\n|\n|t:|1683046074\n|switch|p1a: Annihilape|Annihilape, L50, F|100\/100\n|switch|p2a: Amoonguss|Amoonguss, L50, M|100\/100\n|move|p1b: Iron Bundle|Hydro Pump|p2a: Amoonguss\n|-resisted|p2a: Amoonguss\n|-damage|p2a: Amoonguss|74\/100\n|move|p2b: Garganacl|Salt Cure|p1b: Iron Bundle\n|-supereffective|p1b: Iron Bundle\n|-damage|p1b: Iron Bundle|0 fnt\n|faint|p1b: Iron Bundle\n|-end|p1b: Iron Bundle|Quark Drive|[silent]\n|\n|upkeep\n|\n|t:|1683046091\n|switch|p1b: Arcanine|Arcanine, L50, M|35\/100\n|-ability|p1b: Arcanine|Intimidate|boost\n|-unboost|p2a: Amoonguss|atk|1\n|-unboost|p2b: Garganacl|atk|1\n|turn|4\n|\n|t:|1683046115\n|move|p1b: Arcanine|Protect|p1b: Arcanine\n|-singleturn|p1b: Arcanine|Protect\n|move|p1a: Annihilape|Drain Punch|p2b: Garganacl\n|-supereffective|p2b: Garganacl\n|-damage|p2b: Garganacl|50\/100\n|move|p2b: Garganacl|Salt Cure|p1b: Arcanine\n|-activate|p1b: Arcanine|move: Protect\n|move|p2a: Amoonguss|Spore|p1a: Annihilape\n|-status|p1a: Annihilape|slp|[from] move: Spore\n|\n|-heal|p2b: Garganacl|56\/100|[from] item: Leftovers\n|upkeep\n|turn|5\n|\n|t:|1683046135\n|switch|p1b: Amoonguss|Amoonguss, L50, F, shiny|100\/100\n|switch|p2a: Chi-Yu|Chi-Yu, L50|87\/100\n|-ability|p2a: Chi-Yu|Beads of Ruin\n|cant|p1a: Annihilape|slp\n|move|p2b: Garganacl|Salt Cure|p1b: Amoonguss\n|-damage|p1b: Amoonguss|90\/100\n|-start|p1b: Amoonguss|Salt Cure\n|\n|-heal|p2b: Garganacl|62\/100|[from] item: Leftovers\n|-damage|p1b: Amoonguss|78\/100|[from] Salt Cure\n|upkeep\n|turn|6\n|\n|t:|1683046171\n|-terastallize|p2b: Garganacl|Flying\n|-terastallize|p1b: Amoonguss|Fairy\n|cant|p1a: Annihilape|slp\n|move|p2a: Chi-Yu|Heat Wave|p1a: Annihilape|[spread] p1a,p1b\n|-damage|p1a: Annihilape|61\/100 slp\n|-damage|p1b: Amoonguss|38\/100\n|move|p2b: Garganacl|Salt Cure|p1a: Annihilape\n|-resisted|p1a: Annihilape\n|-damage|p1a: Annihilape|57\/100 slp\n|-start|p1a: Annihilape|Salt Cure\n|move|p1b: Amoonguss|Spore|p2a: Chi-Yu\n|-status|p2a: Chi-Yu|slp|[from] move: Spore\n|\n|-heal|p1a: Annihilape|63\/100 slp|[from] item: Leftovers\n|-heal|p2b: Garganacl|68\/100|[from] item: Leftovers\n|-damage|p1a: Annihilape|50\/100 slp|[from] Salt Cure\n|-damage|p1b: Amoonguss|26\/100|[from] Salt Cure\n|upkeep\n|turn|7\n|\n|t:|1683046203\n|switch|p1b: Arcanine|Arcanine, L50, M|35\/100\n|-ability|p1b: Arcanine|Intimidate|boost\n|-unboost|p2a: Chi-Yu|atk|1\n|-unboost|p2b: Garganacl|atk|1\n|cant|p2a: Chi-Yu|slp\n|-curestatus|p1a: Annihilape|slp|[msg]\n|move|p1a: Annihilape|Drain Punch|p2a: Chi-Yu\n|-supereffective|p2a: Chi-Yu\n|-damage|p2a: Chi-Yu|0 fnt\n|-heal|p1a: Annihilape|77\/100|[from] drain|[of] p2a: Chi-Yu\n|faint|p2a: Chi-Yu\n|move|p2b: Garganacl|Salt Cure|p1b: Arcanine\n|-supereffective|p1b: Arcanine\n|-damage|p1b: Arcanine|19\/100\n|-start|p1b: Arcanine|Salt Cure\n|\n|-heal|p1a: Annihilape|83\/100|[from] item: Leftovers\n|-heal|p2b: Garganacl|73\/100|[from] item: Leftovers\n|-damage|p1b: Arcanine|7\/100|[from] Salt Cure\n|-damage|p1a: Annihilape|70\/100|[from] Salt Cure\n|upkeep\n|\n|t:|1683046215\n|switch|p2a: Amoonguss|Amoonguss, L50, M|74\/100\n|turn|8\n|\n|t:|1683046225\n|switch|p1b: Amoonguss|Amoonguss, L50, F, shiny, tera:Fairy|59\/100\n|move|p1a: Annihilape|Rage Fist|p2a: Amoonguss\n|-damage|p2a: Amoonguss|27\/100\n|move|p2b: Garganacl|Salt Cure|p1b: Amoonguss\n|-damage|p1b: Amoonguss|53\/100\n|-start|p1b: Amoonguss|Salt Cure\n|move|p2a: Amoonguss|Spore|p1a: Annihilape\n|-status|p1a: Annihilape|slp|[from] move: Spore\n|\n|-heal|p1a: Annihilape|76\/100 slp|[from] item: Leftovers\n|-heal|p2b: Garganacl|79\/100|[from] item: Leftovers\n|-damage|p1a: Annihilape|64\/100 slp|[from] Salt Cure\n|-damage|p1b: Amoonguss|40\/100|[from] Salt Cure\n|upkeep\n|turn|9\n|\n|t:|1683046250\n|cant|p1a: Annihilape|slp\n|move|p2b: Garganacl|Protect|p2b: Garganacl\n|-singleturn|p2b: Garganacl|Protect\n|move|p2a: Amoonguss|Clear Smog|p1b: Amoonguss\n|-supereffective|p1b: Amoonguss\n|-damage|p1b: Amoonguss|17\/100\n|-clearboost|p1b: Amoonguss\n|move|p1b: Amoonguss|Pollen Puff|p1a: Annihilape\n|-heal|p1a: Annihilape|100\/100 slp\n|\n|-heal|p2b: Garganacl|85\/100|[from] item: Leftovers\n|-damage|p1a: Annihilape|88\/100 slp|[from] Salt Cure\n|-damage|p1b: Amoonguss|5\/100|[from] Salt Cure\n|upkeep\n|turn|10\n|inactive|Battle timer is ON: inactive players will automatically lose when time's up. (requested by ArchAvenger)\n|\n|t:|1683046321\n|cant|p1a: Annihilape|slp\n|move|p2b: Garganacl|Recover|p2b: Garganacl\n|-heal|p2b: Garganacl|100\/100\n|move|p2a: Amoonguss|Clear Smog|p1b: Amoonguss\n|-supereffective|p1b: Amoonguss\n|-damage|p1b: Amoonguss|0 fnt\n|-clearboost|p1b: Amoonguss\n|faint|p1b: Amoonguss\n|\n|-heal|p1a: Annihilape|94\/100 slp|[from] item: Leftovers\n|-damage|p1a: Annihilape|82\/100 slp|[from] Salt Cure\n|upkeep\n|\n|t:|1683046327\n|switch|p1b: Arcanine|Arcanine, L50, M|7\/100\n|-ability|p1b: Arcanine|Intimidate|boost\n|-unboost|p2a: Amoonguss|atk|1\n|-unboost|p2b: Garganacl|atk|1\n|turn|11\n|\n|t:|1683046341\n|move|p1b: Arcanine|Protect|p1b: Arcanine\n|-singleturn|p1b: Arcanine|Protect\n|-curestatus|p1a: Annihilape|slp|[msg]\n|move|p1a: Annihilape|Rage Fist|p2a: Amoonguss\n|-damage|p2a: Amoonguss|0 fnt\n|-status|p1a: Annihilape|psn|[from] ability: Effect Spore|[of] p2a: Amoonguss\n|faint|p2a: Amoonguss\n|move|p2b: Garganacl|Salt Cure|p1b: Arcanine\n|-activate|p1b: Arcanine|move: Protect\n|\n|-heal|p1a: Annihilape|88\/100 psn|[from] item: Leftovers\n|-damage|p1a: Annihilape|75\/100 psn|[from] psn\n|-damage|p1a: Annihilape|63\/100 psn|[from] Salt Cure\n|upkeep\n|turn|12\n|\n|t:|1683046360\n|move|p1b: Arcanine|Flare Blitz|p2b: Garganacl\n|-damage|p2b: Garganacl|69\/100\n|-damage|p1b: Arcanine|0 fnt|[from] Recoil\n|faint|p1b: Arcanine\n|move|p1a: Annihilape|Bulk Up|p1a: Annihilape\n|-boost|p1a: Annihilape|atk|1\n|-boost|p1a: Annihilape|def|1\n|move|p2b: Garganacl|Salt Cure|p1a: Annihilape\n|-resisted|p1a: Annihilape\n|-damage|p1a: Annihilape|60\/100 psn\n|\n|-heal|p1a: Annihilape|66\/100 psn|[from] item: Leftovers\n|-heal|p2b: Garganacl|74\/100|[from] item: Leftovers\n|-damage|p1a: Annihilape|54\/100 psn|[from] psn\n|-damage|p1a: Annihilape|41\/100 psn|[from] Salt Cure\n|upkeep\n|turn|13\n|\n|t:|1683046371\n|move|p1a: Annihilape|Rage Fist|p2b: Garganacl\n|-damage|p2b: Garganacl|26\/100\n|move|p2b: Garganacl|Recover|p2b: Garganacl\n|-heal|p2b: Garganacl|76\/100\n|\n|-heal|p1a: Annihilape|47\/100 psn|[from] item: Leftovers\n|-heal|p2b: Garganacl|82\/100|[from] item: Leftovers\n|-damage|p1a: Annihilape|35\/100 psn|[from] psn\n|-damage|p1a: Annihilape|22\/100 psn|[from] Salt Cure\n|upkeep\n|turn|14\n|\n|t:|1683046380\n|move|p1a: Annihilape|Rage Fist|p2b: Garganacl\n|-damage|p2b: Garganacl|40\/100\n|move|p2b: Garganacl|Recover|p2b: Garganacl\n|-heal|p2b: Garganacl|90\/100\n|\n|-heal|p1a: Annihilape|28\/100 psn|[from] item: Leftovers\n|-heal|p2b: Garganacl|96\/100|[from] item: Leftovers\n|-damage|p1a: Annihilape|16\/100 psn|[from] psn\n|-damage|p1a: Annihilape|3\/100 psn|[from] Salt Cure\n|upkeep\n|turn|15\n|\n|t:|1683046387\n|move|p2b: Garganacl|Protect|p2b: Garganacl\n|-singleturn|p2b: Garganacl|Protect\n|move|p1a: Annihilape|Rage Fist|p2b: Garganacl\n|-activate|p2b: Garganacl|move: Protect\n|\n|-heal|p1a: Annihilape|9\/100 psn|[from] item: Leftovers\n|-heal|p2b: Garganacl|100\/100|[from] item: Leftovers\n|-damage|p1a: Annihilape|0 fnt|[from] psn\n|faint|p1a: Annihilape\n|\n|win|ArchAvenger\n|upkeep\n|raw|Armorofberserk's rating: 1245 → 1224<\/strong> (-21 for losing)\n|raw|ArchAvenger's rating: 1302 → 1319<\/strong> (+17 for winning)\n","uploadtime":1683046396,"views":14,"p1id":"armorofberserk","p2id":"archavenger","formatid":"gen9vgc2023regulationc","rating":1224,"private":0,"password":""}