{"id":"gen9vgc2023regulationc-1859773810","p1":"Sustaina-se33","p2":"bambambi","format":"[Gen 9] VGC 2023 Regulation C","log":"|j|\u2606Sustaina-se33\n|j|\u2606bambambi\n|t:|1683563417\n|gametype|doubles\n|player|p1|Sustaina-se33|grimsley|1028\n|player|p2|bambambi|wallace-gen6|1084\n|teamsize|p1|4\n|teamsize|p2|6\n|gen|9\n|tier|[Gen 9] VGC 2023 Regulation C\n|rated|\n|rule|Species Clause: Limit one of each Pok\u00e9mon\n|rule|Item Clause: Limit one of each item\n|clearpoke\n|poke|p1|Hydreigon, L50, M|\n|poke|p1|Murkrow, L50, F|\n|poke|p1|Armarouge, L50, M|\n|poke|p1|Magnezone, L50|\n|poke|p2|Flutter Mane, L50|\n|poke|p2|Gothitelle, L50, F|\n|poke|p2|Scream Tail, L50|\n|poke|p2|Chi-Yu, L50|\n|poke|p2|Kingambit, L50, F|\n|poke|p2|Amoonguss, L50, M|\n|teampreview|4\n|\n|t:|1683563447\n|start\n|switch|p1a: Magnezone|Magnezone, L50, shiny|100\/100\n|switch|p1b: Murkrow|Murkrow, L50, F|100\/100\n|switch|p2a: Kingambit|Kingambit, L50, F|100\/100\n|switch|p2b: Ironmouse|Gothitelle, L50, F, shiny|100\/100\n|turn|1\n|\n|t:|1683563483\n|-terastallize|p2a: Kingambit|Dark\n|move|p1b: Murkrow|Protect|p1b: Murkrow\n|-singleturn|p1b: Murkrow|Protect\n|move|p2b: Ironmouse|Fake Out|p1a: Magnezone\n|-resisted|p1a: Magnezone\n|-damage|p1a: Magnezone|99\/100\n|cant|p1a: Magnezone|flinch\n|move|p2a: Kingambit|Kowtow Cleave|p1b: Murkrow\n|-activate|p1b: Murkrow|move: Protect\n|\n|-heal|p1a: Magnezone|100\/100|[from] item: Leftovers\n|upkeep\n|turn|2\n|\n|t:|1683563501\n|switch|p2a: SSJ3 Jiggly|Scream Tail, L50, shiny|100\/100\n|-enditem|p2a: SSJ3 Jiggly|Booster Energy\n|-activate|p2a: SSJ3 Jiggly|ability: Protosynthesis|[fromitem]\n|-start|p2a: SSJ3 Jiggly|protosynthesisspe\n|move|p2b: Ironmouse|Protect|p2b: Ironmouse\n|-singleturn|p2b: Ironmouse|Protect\n|move|p1b: Murkrow|Tailwind|p1b: Murkrow\n|-sidestart|p1: Sustaina-se33|move: Tailwind\n|move|p1a: Magnezone|Body Press|p2b: Ironmouse\n|-activate|p2b: Ironmouse|move: Protect\n|\n|upkeep\n|turn|3\n|\n|t:|1683563521\n|move|p1b: Murkrow|Protect|p1b: Murkrow\n|-singleturn|p1b: Murkrow|Protect\n|move|p2a: SSJ3 Jiggly|Perish Song|p2a: SSJ3 Jiggly\n|-start|p1a: Magnezone|perish3|[silent]\n|-start|p1b: Murkrow|perish3|[silent]\n|-start|p2a: SSJ3 Jiggly|perish3|[silent]\n|-start|p2b: Ironmouse|perish3|[silent]\n|-fieldactivate|move: Perish Song\n|move|p1a: Magnezone|Volt Switch|p2b: Ironmouse\n|-damage|p2b: Ironmouse|74\/100\n|\n|t:|1683563530\n|switch|p1a: Hydreigon|Hydreigon, L50, M|100\/100|[from] Volt Switch\n|move|p2b: Ironmouse|Reflect|p2b: Ironmouse\n|-sidestart|p2: bambambi|Reflect\n|\n|-start|p2a: SSJ3 Jiggly|perish3\n|-start|p1b: Murkrow|perish3\n|-start|p2b: Ironmouse|perish3\n|upkeep\n|turn|4\n|\n|t:|1683563563\n|move|p1a: Hydreigon|Draco Meteor|p2b: Ironmouse\n|-damage|p2b: Ironmouse|13\/100\n|-unboost|p1a: Hydreigon|spa|2\n|-enditem|p2b: Ironmouse|Sitrus Berry|[eat]\n|-heal|p2b: Ironmouse|38\/100|[from] item: Sitrus Berry\n|move|p2a: SSJ3 Jiggly|Perish Song|p2a: SSJ3 Jiggly\n|-start|p1a: Hydreigon|perish3|[silent]\n|-fieldactivate|move: Perish Song\n|move|p1b: Murkrow|Foul Play|p2a: SSJ3 Jiggly\n|-damage|p2a: SSJ3 Jiggly|88\/100\n|move|p2b: Ironmouse|Psychic|p1a: Hydreigon\n|-immune|p1a: Hydreigon\n|\n|-start|p1a: Hydreigon|perish3\n|-start|p2a: SSJ3 Jiggly|perish2\n|-start|p1b: Murkrow|perish2\n|-start|p2b: Ironmouse|perish2\n|upkeep\n|turn|5\n|\n|t:|1683563586\n|-end|p2a: SSJ3 Jiggly|Protosynthesis|[silent]\n|switch|p2a: Kingambit|Kingambit, L50, F, tera:Dark|100\/100\n|move|p2b: Ironmouse|Protect|p2b: Ironmouse\n|-singleturn|p2b: Ironmouse|Protect\n|move|p1b: Murkrow|Haze|p1b: Murkrow\n|-clearallboost\n|move|p1a: Hydreigon|Draco Meteor|p2b: Ironmouse\n|-activate|p2b: Ironmouse|move: Protect\n|\n|-start|p1a: Hydreigon|perish2\n|-start|p1b: Murkrow|perish1\n|-start|p2b: Ironmouse|perish1\n|-sideend|p1: Sustaina-se33|move: Tailwind\n|upkeep\n|turn|6\n|\n|t:|1683563626\n|switch|p2b: SSJ3 Jiggly|Scream Tail, L50, shiny|88\/100\n|move|p2a: Kingambit|Protect|p2a: Kingambit\n|-singleturn|p2a: Kingambit|Protect\n|move|p1b: Murkrow|Tailwind|p1b: Murkrow\n|-sidestart|p1: Sustaina-se33|move: Tailwind\n|move|p1a: Hydreigon|Draco Meteor|p2b: SSJ3 Jiggly\n|-immune|p2b: SSJ3 Jiggly\n|\n|-start|p1a: Hydreigon|perish1\n|-start|p1b: Murkrow|perish0\n|faint|p1b: Murkrow\n|upkeep\n|\n|t:|1683563640\n|switch|p1b: Armarouge|Armarouge, L50, M|100\/100\n|turn|7\n|\n|t:|1683563655\n|move|p1a: Hydreigon|Draco Meteor|p2a: Kingambit|[miss]\n|-miss|p1a: Hydreigon|p2a: Kingambit\n|move|p1b: Armarouge|Armor Cannon|p2b: SSJ3 Jiggly\n|-damage|p2b: SSJ3 Jiggly|42\/100\n|-unboost|p1b: Armarouge|def|1\n|-unboost|p1b: Armarouge|spd|1\n|move|p2b: SSJ3 Jiggly|Disable|p1a: Hydreigon\n|-start|p1a: Hydreigon|Disable|Draco Meteor\n|move|p2a: Kingambit|Kowtow Cleave|p1b: Armarouge\n|-supereffective|p1b: Armarouge\n|-damage|p1b: Armarouge|0 fnt\n|faint|p1b: Armarouge\n|\n|-start|p1a: Hydreigon|perish0\n|-sideend|p2: bambambi|Reflect\n|faint|p1a: Hydreigon\n|upkeep\n|c|\u2606bambambi|misclick\n|c|\u2606bambambi|oh well\n|\n|t:|1683563676\n|switch|p1b: Magnezone|Magnezone, L50, shiny|100\/100\n|turn|8\n|\n|t:|1683563683\n|-end|p2b: SSJ3 Jiggly|Protosynthesis|[silent]\n|switch|p2b: Ironmouse|Gothitelle, L50, F, shiny|38\/100\n|move|p1b: Magnezone|Body Press|p2b: Ironmouse\n|-resisted|p2b: Ironmouse\n|-damage|p2b: Ironmouse|24\/100\n|move|p2a: Kingambit|Kowtow Cleave|p1b: Magnezone\n|-damage|p1b: Magnezone|48\/100\n|\n|-heal|p1b: Magnezone|54\/100|[from] item: Leftovers\n|upkeep\n|turn|9\n|\n|t:|1683563696\n|-terastallize|p1b: Magnezone|Electric\n|move|p2b: Ironmouse|Fake Out|p1b: Magnezone\n|-damage|p1b: Magnezone|50\/100\n|cant|p1b: Magnezone|flinch\n|move|p2a: Kingambit|Kowtow Cleave|p1b: Magnezone\n|-damage|p1b: Magnezone|0 fnt\n|faint|p1b: Magnezone\n|\n|win|bambambi\n|raw|Sustaina-se33's rating: 1028 → 1016<\/strong> (-12 for losing)\n|raw|bambambi's rating: 1084 → 1107<\/strong> (+23 for winning)\n|c|\u2606bambambi|gg\n","uploadtime":1683563709,"views":12,"p1id":"sustainase33","p2id":"bambambi","formatid":"gen9vgc2023regulationc","rating":1016,"private":0,"password":""}