{"id":"gen9vgc2023regulationc-1850429332","p1":"shiftyyy","p2":"Antishock5","format":"[Gen 9] VGC 2023 Regulation C","log":"|j|\u2606shiftyyy\n|j|\u2606Antishock5\n|t:|1682335562\n|gametype|doubles\n|player|p1|shiftyyy|dawn-gen4pt|1323\n|player|p2|Antishock5|266|1288\n|teamsize|p1|6\n|teamsize|p2|6\n|gen|9\n|tier|[Gen 9] VGC 2023 Regulation C\n|rated|\n|rule|Species Clause: Limit one of each Pok\u00e9mon\n|rule|Item Clause: Limit one of each item\n|clearpoke\n|poke|p1|Corviknight, L50, M|\n|poke|p1|Ting-Lu, L50|\n|poke|p1|Annihilape, L50, M|\n|poke|p1|Flutter Mane, L50|\n|poke|p1|Amoonguss, L50, F|\n|poke|p1|Palafin, L50, M|\n|poke|p2|Flutter Mane, L50|\n|poke|p2|Palafin, L50, M|\n|poke|p2|Arcanine, L50, F|\n|poke|p2|Amoonguss, L50, F|\n|poke|p2|Dragapult, L50, F|\n|poke|p2|Chien-Pao, L50|\n|teampreview|4\n|inactive|Battle timer is ON: inactive players will automatically lose when time's up. (requested by Antishock5)\n|inactive|Antishock5 has 60 seconds left.\n|\n|t:|1682335611\n|start\n|switch|p1a: Corviknight|Corviknight, L50, M|100\/100\n|switch|p1b: Palafin|Palafin, L50, M|100\/100\n|switch|p2a: Kdot|Palafin, L50, M, shiny|100\/100\n|switch|p2b: Arcanine|Arcanine, L50, F|100\/100\n|-ability|p2b: Arcanine|Intimidate|boost\n|-ability|p1a: Corviknight|Mirror Armor\n|-unboost|p2b: Arcanine|atk|1\n|-unboost|p1b: Palafin|atk|1\n|turn|1\n|inactive|shiftyyy has 30 seconds left.\n|\n|t:|1682335639\n|detailschange|p2a: Kdot|Palafin-Hero, L50, M, shiny\n|switch|p2a: Amoonguss|Amoonguss, L50, F|100\/100\n|detailschange|p1b: Palafin|Palafin-Hero, L50, M\n|switch|p1b: Flutter Mane|Flutter Mane, L50|100\/100\n|move|p2b: Arcanine|Will-O-Wisp|p1a: Corviknight\n|-status|p1a: Corviknight|brn\n|move|p1a: Corviknight|Bulk Up|p1a: Corviknight\n|-boost|p1a: Corviknight|atk|1\n|-boost|p1a: Corviknight|def|1\n|\n|-damage|p1a: Corviknight|95\/100 brn|[from] brn\n|upkeep\n|turn|2\n|inactive|Antishock5 has 30 seconds left.\n|\n|t:|1682335666\n|move|p1b: Flutter Mane|Shadow Ball|p2a: Amoonguss\n|-damage|p2a: Amoonguss|47\/100\n|-enditem|p2a: Amoonguss|Sitrus Berry|[eat]\n|-heal|p2a: Amoonguss|72\/100|[from] item: Sitrus Berry\n|move|p2b: Arcanine|Flare Blitz|p1a: Corviknight\n|-supereffective|p1a: Corviknight\n|-damage|p1a: Corviknight|56\/100 brn\n|-damage|p2b: Arcanine|87\/100|[from] Recoil\n|move|p1a: Corviknight|Brave Bird|p2a: Amoonguss\n|-supereffective|p2a: Amoonguss\n|-damage|p2a: Amoonguss|11\/100\n|-damage|p1a: Corviknight|34\/100 brn|[from] Recoil\n|-enditem|p1a: Corviknight|Sitrus Berry|[eat]\n|-heal|p1a: Corviknight|59\/100 brn|[from] item: Sitrus Berry\n|move|p2a: Amoonguss|Spore|p1b: Flutter Mane\n|-status|p1b: Flutter Mane|slp|[from] move: Spore\n|\n|-damage|p1a: Corviknight|53\/100 brn|[from] brn\n|upkeep\n|turn|3\n|inactive|shiftyyy has 30 seconds left.\n|inactive|Antishock5 has 30 seconds left.\n|inactive|Antishock5 has 20 seconds left.\n|inactive|Antishock5 has 15 seconds left.\n|inactive|Antishock5 has 10 seconds left.\n|\n|t:|1682335712\n|switch|p2a: Kdot|Palafin-Hero, L50, M, shiny|100\/100\n|-activate|p2a: Kdot|ability: Zero to Hero\n|cant|p1b: Flutter Mane|slp\n|move|p2b: Arcanine|Flare Blitz|p1b: Flutter Mane\n|-damage|p1b: Flutter Mane|35\/100 slp\n|-damage|p2b: Arcanine|72\/100|[from] Recoil\n|move|p1a: Corviknight|Roost|p1a: Corviknight\n|-heal|p1a: Corviknight|100\/100 brn\n|-singleturn|p1a: Corviknight|move: Roost\n|\n|-damage|p1a: Corviknight|95\/100 brn|[from] brn\n|upkeep\n|turn|4\n|inactive|shiftyyy has 30 seconds left.\n|inactive|Antishock5 has 30 seconds left.\n|inactive|shiftyyy has 20 seconds left.\n|\n|t:|1682335748\n|-end|p1b: Flutter Mane|Protosynthesis|[silent]\n|switch|p1b: Palafin|Palafin-Hero, L50, M|100\/100\n|-activate|p1b: Palafin|ability: Zero to Hero\n|move|p2a: Kdot|Protect|p2a: Kdot\n|-singleturn|p2a: Kdot|Protect\n|move|p2b: Arcanine|Flare Blitz|p1b: Palafin\n|-resisted|p1b: Palafin\n|-damage|p1b: Palafin|86\/100\n|-damage|p2b: Arcanine|67\/100|[from] Recoil\n|move|p1a: Corviknight|Brave Bird|p2b: Arcanine\n|-damage|p2b: Arcanine|29\/100\n|-damage|p1a: Corviknight|83\/100 brn|[from] Recoil\n|\n|-damage|p1a: Corviknight|77\/100 brn|[from] brn\n|upkeep\n|turn|5\n|\n|t:|1682335772\n|move|p1b: Palafin|Jet Punch|p2b: Arcanine\n|-supereffective|p2b: Arcanine\n|-damage|p2b: Arcanine|0 fnt\n|faint|p2b: Arcanine\n|move|p2a: Kdot|Wave Crash|p1a: Corviknight\n|-damage|p1a: Corviknight|19\/100 brn\n|-damage|p2a: Kdot|81\/100|[from] Recoil\n|move|p1a: Corviknight|Bulk Up|p1a: Corviknight\n|-boost|p1a: Corviknight|atk|1\n|-boost|p1a: Corviknight|def|1\n|\n|-damage|p1a: Corviknight|13\/100 brn|[from] brn\n|upkeep\n|\n|t:|1682335786\n|switch|p2b: Amoonguss|Amoonguss, L50, F|45\/100\n|turn|6\n|\n|t:|1682335809\n|-terastallize|p2a: Kdot|Water\n|-terastallize|p1b: Palafin|Water\n|move|p2a: Kdot|Protect|p2a: Kdot\n|-singleturn|p2a: Kdot|Protect\n|move|p1b: Palafin|Wave Crash|p2b: Amoonguss\n|-resisted|p2b: Amoonguss\n|-damage|p2b: Amoonguss|0 fnt\n|faint|p2b: Amoonguss\n|-damage|p1b: Palafin|71\/100|[from] Recoil\n|move|p1a: Corviknight|Roost|p1a: Corviknight\n|-heal|p1a: Corviknight|63\/100 brn\n|-singleturn|p1a: Corviknight|move: Roost\n|\n|-damage|p1a: Corviknight|57\/100 brn|[from] brn\n|upkeep\n|\n|t:|1682335823\n|switch|p2b: Chien-Pao|Chien-Pao, L50|100\/100\n|-ability|p2b: Chien-Pao|Sword of Ruin\n|turn|7\n|inactive|shiftyyy has 30 seconds left.\n|\n|t:|1682335848\n|move|p1b: Palafin|Jet Punch|p2b: Chien-Pao\n|-damage|p2b: Chien-Pao|16\/100\n|move|p2b: Chien-Pao|Sacred Sword|p1a: Corviknight\n|-damage|p1a: Corviknight|22\/100 brn\n|move|p2a: Kdot|Haze|p2a: Kdot\n|-clearallboost\n|move|p1a: Corviknight|Brave Bird|p2a: Kdot\n|-damage|p2a: Kdot|52\/100\n|-damage|p1a: Corviknight|13\/100 brn|[from] Recoil\n|\n|-damage|p1a: Corviknight|7\/100 brn|[from] brn\n|upkeep\n|turn|8\n|inactive|Antishock5 has 30 seconds left.\n|\n|t:|1682335876\n|move|p2b: Chien-Pao|Sucker Punch|p1b: Palafin\n|-damage|p1b: Palafin|30\/100\n|move|p2a: Kdot|Jet Punch|p1a: Corviknight\n|-damage|p1a: Corviknight|0 fnt\n|faint|p1a: Corviknight\n|move|p1b: Palafin|Wave Crash|p2a: Kdot\n|-resisted|p2a: Kdot\n|-damage|p2a: Kdot|0 fnt\n|faint|p2a: Kdot\n|-damage|p1b: Palafin|13\/100|[from] Recoil\n|\n|upkeep\n|\n|t:|1682335888\n|switch|p1a: Annihilape|Annihilape, L50, M|100\/100\n|turn|9\n|c|\u2606Antishock5|ggs\n|\n|t:|1682335897\n|move|p2b: Chien-Pao|Sucker Punch|p1a: Annihilape\n|-damage|p1a: Annihilape|57\/100\n|move|p1b: Palafin|Jet Punch|p2b: Chien-Pao\n|-damage|p2b: Chien-Pao|0 fnt\n|faint|p2b: Chien-Pao\n|\n|win|shiftyyy\n|raw|shiftyyy's rating: 1323 → 1341<\/strong> (+18 for winning)\n|raw|Antishock5's rating: 1288 → 1266<\/strong> (-22 for losing)\n|l|\u2606Antishock5\n","uploadtime":1682335920,"views":39,"p1id":"shiftyyy","p2id":"antishock5","formatid":"gen9vgc2023regulationc","rating":1266,"private":0,"password":""}