{"id":"gen9vgc2023regulationc-1854735729","p1":"gorilnx","p2":"kekeletanant","format":"[Gen 9] VGC 2023 Regulation C","log":"|j|\u2606gorilnx\n|j|\u2606kekeletanant\n|t:|1682858981\n|gametype|doubles\n|player|p1|gorilnx|dawn-gen4pt|1146\n|player|p2|kekeletanant|265|1234\n|teamsize|p1|6\n|teamsize|p2|6\n|gen|9\n|tier|[Gen 9] VGC 2023 Regulation C\n|rated|\n|rule|Species Clause: Limit one of each Pok\u00e9mon\n|rule|Item Clause: Limit one of each item\n|clearpoke\n|poke|p1|Palafin, L50, F|\n|poke|p1|Amoonguss, L50, M|\n|poke|p1|Flutter Mane, L50|\n|poke|p1|Arcanine, L50, M|\n|poke|p1|Ting-Lu, L50|\n|poke|p1|Baxcalibur, L50, F|\n|poke|p2|Flutter Mane, L50|\n|poke|p2|Tatsugiri, L50, F|\n|poke|p2|Dondozo, L50, F|\n|poke|p2|Flamigo, L50, F|\n|poke|p2|Garchomp, L50, M|\n|poke|p2|Gholdengo, L50|\n|teampreview|4\n|inactive|Battle timer is ON: inactive players will automatically lose when time's up. (requested by kekeletanant)\n|inactive|kekeletanant has 60 seconds left.\n|\n|t:|1682859026\n|start\n|switch|p1a: Palafin|Palafin, L50, F|100\/100\n|switch|p1b: Flutter Mane|Flutter Mane, L50|100\/100\n|switch|p2a: Flutter Mane|Flutter Mane, L50|100\/100\n|switch|p2b: Tatsugiri|Tatsugiri, L50, F|100\/100\n|turn|1\n|\n|t:|1682859044\n|detailschange|p1a: Palafin|Palafin-Hero, L50, F\n|switch|p1a: Amoonguss|Amoonguss, L50, M|100\/100\n|-terastallize|p1b: Flutter Mane|Fairy\n|move|p2b: Tatsugiri|Protect|p2b: Tatsugiri\n|-singleturn|p2b: Tatsugiri|Protect\n|move|p1b: Flutter Mane|Moonblast|p2b: Tatsugiri\n|-activate|p2b: Tatsugiri|move: Protect\n|move|p2a: Flutter Mane|Perish Song|p2a: Flutter Mane\n|-start|p1a: Amoonguss|perish3|[silent]\n|-start|p1b: Flutter Mane|perish3|[silent]\n|-start|p2a: Flutter Mane|perish3|[silent]\n|-start|p2b: Tatsugiri|perish3|[silent]\n|-fieldactivate|move: Perish Song\n|\n|-start|p1b: Flutter Mane|perish3\n|-start|p2a: Flutter Mane|perish3\n|-start|p2b: Tatsugiri|perish3\n|-start|p1a: Amoonguss|perish3\n|-status|p2b: Tatsugiri|tox|[from] item: Toxic Orb\n|upkeep\n|turn|2\n|\n|t:|1682859063\n|-end|p2a: Flutter Mane|Protosynthesis|[silent]\n|switch|p2a: Dondozo|Dondozo, L50, F|100\/100\n|-activate|p2b: Tatsugiri|ability: Commander|[of] p2a: Dondozo\n|-boost|p2a: Dondozo|atk|2\n|-boost|p2a: Dondozo|spa|2\n|-boost|p2a: Dondozo|spe|2\n|-boost|p2a: Dondozo|def|2\n|-boost|p2a: Dondozo|spd|2\n|move|p1b: Flutter Mane|Moonblast|p2b: Tatsugiri|[miss]\n|-miss|p1b: Flutter Mane|p2b: Tatsugiri\n|move|p1a: Amoonguss|Spore|p2a: Dondozo\n|-status|p2a: Dondozo|slp|[from] move: Spore\n|\n|-damage|p2b: Tatsugiri|95\/100 tox|[from] psn\n|-start|p1b: Flutter Mane|perish2\n|-start|p2b: Tatsugiri|perish2\n|-start|p1a: Amoonguss|perish2\n|upkeep\n|turn|3\n|\n|t:|1682859082\n|switch|p1a: Palafin|Palafin-Hero, L50, F|100\/100\n|-activate|p1a: Palafin|ability: Zero to Hero\n|cant|p2a: Dondozo|slp\n|move|p1b: Flutter Mane|Moonblast|p2a: Dondozo\n|-damage|p2a: Dondozo|58\/100 slp\n|\n|-heal|p2a: Dondozo|64\/100 slp|[from] item: Leftovers\n|-damage|p2b: Tatsugiri|84\/100 tox|[from] psn\n|-start|p1b: Flutter Mane|perish1\n|-start|p2b: Tatsugiri|perish1\n|upkeep\n|turn|4\n|\n|t:|1682859098\n|-end|p1b: Flutter Mane|Protosynthesis|[silent]\n|switch|p1b: Amoonguss|Amoonguss, L50, M|100\/100\n|cant|p2a: Dondozo|slp\n|move|p1a: Palafin|Haze|p1a: Palafin\n|-clearallboost\n|\n|-heal|p2a: Dondozo|70\/100 slp|[from] item: Leftovers\n|-damage|p2b: Tatsugiri|67\/100 tox|[from] psn\n|-start|p2b: Tatsugiri|perish0\n|faint|p2b: Tatsugiri\n|upkeep\n|\n|t:|1682859115\n|switch|p2b: Flamigo|Flamigo, L50, F|100\/100\n|-copyboost|p2b: Flamigo|p2a: Dondozo|[from] ability: Costar\n|turn|5\n|\n|t:|1682859131\n|move|p1b: Amoonguss|Protect|p1b: Amoonguss\n|-singleturn|p1b: Amoonguss|Protect\n|move|p2b: Flamigo|Brave Bird|p1b: Amoonguss\n|-activate|p1b: Amoonguss|move: Protect\n|move|p1a: Palafin|Wave Crash|p2b: Flamigo\n|-damage|p2b: Flamigo|0 fnt\n|faint|p2b: Flamigo\n|-damage|p1a: Palafin|75\/100|[from] Recoil\n|cant|p2a: Dondozo|slp\n|\n|-heal|p2a: Dondozo|76\/100 slp|[from] item: Leftovers\n|upkeep\n|\n|t:|1682859145\n|switch|p2b: Flutter Mane|Flutter Mane, L50|100\/100\n|turn|6\n|\n|t:|1682859159\n|move|p1b: Amoonguss|Rage Powder|p1b: Amoonguss\n|-singleturn|p1b: Amoonguss|move: Rage Powder\n|move|p2b: Flutter Mane|Mystical Fire|p1b: Amoonguss\n|-supereffective|p1b: Amoonguss\n|-damage|p1b: Amoonguss|55\/100\n|-unboost|p1b: Amoonguss|spa|1\n|move|p1a: Palafin|Wave Crash|p2b: Flutter Mane\n|-enditem|p2b: Flutter Mane|Focus Sash\n|-damage|p2b: Flutter Mane|1\/100\n|-damage|p1a: Palafin|55\/100|[from] Recoil\n|-curestatus|p2a: Dondozo|slp|[msg]\n|move|p2a: Dondozo|Order Up|p1b: Amoonguss\n|-damage|p1b: Amoonguss|37\/100\n|-enditem|p1b: Amoonguss|Sitrus Berry|[eat]\n|-heal|p1b: Amoonguss|62\/100|[from] item: Sitrus Berry\n|-boost|p2a: Dondozo|atk|1\n|\n|-heal|p2a: Dondozo|83\/100|[from] item: Leftovers\n|upkeep\n|turn|7\n|inactive|kekeletanant has 30 seconds left.\n|inactive|gorilnx has 30 seconds left.\n|\n|t:|1682859191\n|move|p1a: Palafin|Jet Punch|p2b: Flutter Mane\n|-damage|p2b: Flutter Mane|0 fnt\n|faint|p2b: Flutter Mane\n|-end|p2b: Flutter Mane|Protosynthesis|[silent]\n|move|p2a: Dondozo|Order Up|p1a: Palafin\n|-damage|p1a: Palafin|21\/100\n|-boost|p2a: Dondozo|atk|1\n|move|p1b: Amoonguss|Spore|p2a: Dondozo\n|-status|p2a: Dondozo|slp|[from] move: Spore\n|\n|-heal|p2a: Dondozo|89\/100 slp|[from] item: Leftovers\n|upkeep\n|turn|8\n|\n|t:|1682859206\n|move|p1a: Palafin|Haze|p1a: Palafin\n|-clearallboost\n|cant|p2a: Dondozo|slp\n|move|p1b: Amoonguss|Pollen Puff|p1a: Palafin\n|-heal|p1a: Palafin|71\/100\n|\n|-heal|p2a: Dondozo|95\/100 slp|[from] item: Leftovers\n|upkeep\n|turn|9\n|-message|kekeletanant forfeited.\n|\n|win|gorilnx\n|raw|gorilnx's rating: 1146 → 1177<\/strong> (+31 for winning)\n|raw|kekeletanant's rating: 1234 → 1203<\/strong> (-31 for losing)\n|l|\u2606kekeletanant\n","uploadtime":1682859223,"views":7,"p1id":"gorilnx","p2id":"kekeletanant","formatid":"gen9vgc2023regulationc","rating":1177,"private":0,"password":""}