{"id":"gen9vgc2023regulationc-1846732591","p1":"mx555","p2":"Matteo315","format":"[Gen 9] VGC 2023 Regulation C","log":"|j|\u2606mx555\n|j|\u2606Matteo315\n|t:|1681871487\n|gametype|doubles\n|player|p1|mx555|170|1125\n|player|p2|Matteo315|266|1047\n|teamsize|p1|6\n|teamsize|p2|6\n|gen|9\n|tier|[Gen 9] VGC 2023 Regulation C\n|rated|\n|rule|Species Clause: Limit one of each Pok\u00e9mon\n|rule|Item Clause: Limit one of each item\n|clearpoke\n|poke|p1|Dondozo, L50, M|\n|poke|p1|Tatsugiri, L50, F|\n|poke|p1|Roaring Moon, L50|\n|poke|p1|Chi-Yu, L50|\n|poke|p1|Flutter Mane, L50|\n|poke|p1|Glimmora, L50, F|\n|poke|p2|Scizor, L50, F|\n|poke|p2|Amoonguss, L50, F|\n|poke|p2|Annihilape, L50, F|\n|poke|p2|Scyther, L50, F|\n|poke|p2|Zoroark, L50, F|\n|poke|p2|Maushold-Four, L50|\n|teampreview|4\n|inactive|Battle timer is ON: inactive players will automatically lose when time's up. (requested by Matteo315)\nMatteo315 rejected open team sheets.\n|inactive|mx555 has 60 seconds left.\n|inactive|mx555 has 30 seconds left.\n|inactive|mx555 has 20 seconds left.\n|\n|t:|1681871557\n|start\n|switch|p1a: Chi-Yu|Chi-Yu, L50|100\/100\n|switch|p1b: Glimmora|Glimmora, L50, F|100\/100\n|switch|p2a: Maushold|Maushold-Four, L50, shiny|100\/100\n|switch|p2b: Annihilape|Annihilape, L50, F, shiny|100\/100\n|-ability|p1a: Chi-Yu|Beads of Ruin\n|turn|1\n|\n|t:|1681871580\n|move|p2a: Maushold|Tidy Up|p2a: Maushold\n|-boost|p2a: Maushold|atk|1\n|-boost|p2a: Maushold|spe|1\n|move|p2b: Annihilape|Hyper Voice|p1b: Glimmora|[spread] p1a,p1b\n|-resisted|p1b: Glimmora\n|-damage|p1a: Chi-Yu|81\/100\n|-damage|p1b: Glimmora|92\/100\n|move|p1a: Chi-Yu|Heat Wave|p2a: Maushold|[spread] p2a,p2b\n|-damage|p2a: Maushold|35\/100\n|-damage|p2b: Annihilape|37\/100\n|replace|p2b: Zoroark|Zoroark, L50, F, shiny\n|-end|p2b: Zoroark|Illusion\n|move|p1b: Glimmora|Mortal Spin|p2a: Maushold|[spread] p2a,p2b\n|-damage|p2a: Maushold|30\/100\n|-damage|p2b: Zoroark|33\/100\n|-status|p2a: Maushold|psn\n|-status|p2b: Zoroark|psn\n|\n|-heal|p2a: Maushold|36\/100 psn|[from] item: Leftovers\n|-damage|p2a: Maushold|24\/100 psn|[from] psn\n|-damage|p2b: Zoroark|21\/100 psn|[from] psn\n|upkeep\n|turn|2\n|inactive|mx555 has 30 seconds left.\n|inactive|Matteo315 has 30 seconds left.\n|inactive|Matteo315 has 20 seconds left.\n|inactive|mx555 has 20 seconds left.\n|\n|t:|1681871622\n|move|p1a: Chi-Yu|Protect|p1a: Chi-Yu\n|-singleturn|p1a: Chi-Yu|Protect\n|move|p2b: Zoroark|Sucker Punch|p1b: Glimmora\n|-damage|p1b: Glimmora|75\/100\n|-activate|p1b: Glimmora|ability: Toxic Debris\n|-sidestart|p2: Matteo315|move: Toxic Spikes\n|-heal|p2b: Zoroark|23\/100 psn|[from] item: Shell Bell|[of] p1b: Glimmora\n|move|p2a: Maushold|Baton Pass|p2a: Maushold\n|\n|t:|1681871632\n|switch|p2a: Amoonguss|Amoonguss, L50, F, shiny|100\/100|[from] Baton Pass\n|-sideend|p2: Matteo315|move: Toxic Spikes|[of] p2a: Amoonguss\n|move|p1b: Glimmora|Mortal Spin|p2b: Zoroark|[spread] p2a,p2b\n|-damage|p2a: Amoonguss|96\/100\n|-damage|p2b: Zoroark|18\/100 psn\n|\n|-damage|p2b: Zoroark|6\/100 psn|[from] psn\n|upkeep\n|turn|3\n|inactive|mx555 has 30 seconds left.\n|inactive|Matteo315 has 30 seconds left.\n|\n|t:|1681871663\n|move|p2b: Zoroark|Sucker Punch|p1b: Glimmora\n|-damage|p1b: Glimmora|55\/100\n|-activate|p1b: Glimmora|ability: Toxic Debris\n|-sidestart|p2: Matteo315|move: Toxic Spikes\n|-heal|p2b: Zoroark|8\/100 psn|[from] item: Shell Bell|[of] p1b: Glimmora\n|move|p1a: Chi-Yu|Heat Wave|p2b: Zoroark|[spread] p2a,p2b\n|-supereffective|p2a: Amoonguss\n|-damage|p2a: Amoonguss|23\/100\n|-damage|p2b: Zoroark|0 fnt\n|-enditem|p2a: Amoonguss|Sitrus Berry|[eat]\n|-heal|p2a: Amoonguss|48\/100|[from] item: Sitrus Berry\n|faint|p2b: Zoroark\n|move|p1b: Glimmora|Sludge Bomb|p2a: Amoonguss\n|-damage|p2a: Amoonguss|10\/100\n|move|p2a: Amoonguss|Sludge Bomb|p1a: Chi-Yu\n|-damage|p1a: Chi-Yu|51\/100\n|\n|upkeep\n|\n|t:|1681871680\n|switch|p2b: Annihilape|Annihilape, L50, F, shiny|100\/100\n|-status|p2b: Annihilape|psn\n|turn|4\n|\n|t:|1681871699\n|move|p2a: Amoonguss|Rage Powder|p2a: Amoonguss\n|-singleturn|p2a: Amoonguss|move: Rage Powder\n|move|p1a: Chi-Yu|Heat Wave|p2b: Annihilape|[spread] p2a,p2b\n|-supereffective|p2a: Amoonguss\n|-damage|p2a: Amoonguss|0 fnt\n|-damage|p2b: Annihilape|45\/100 psn\n|faint|p2a: Amoonguss\n|move|p2b: Annihilape|Earthquake|p1a: Chi-Yu|[spread] p1a,p1b\n|-supereffective|p1a: Chi-Yu\n|-supereffective|p1b: Glimmora\n|-damage|p1a: Chi-Yu|0 fnt\n|-damage|p1b: Glimmora|0 fnt\n|-activate|p1b: Glimmora|ability: Toxic Debris\n|-sidestart|p2: Matteo315|move: Toxic Spikes\n|faint|p1a: Chi-Yu\n|faint|p1b: Glimmora\n|\n|-damage|p2b: Annihilape|33\/100 psn|[from] psn\n|upkeep\n|\n|t:|1681871711\n|switch|p1a: Dondozo|Dondozo, L50, M|100\/100\n|switch|p1b: Tatsugiri|Tatsugiri, L50, F|100\/100\n|switch|p2a: Maushold|Maushold-Four, L50, shiny|24\/100 psn\n|-activate|p1b: Tatsugiri|ability: Commander|[of] p1a: Dondozo\n|-boost|p1a: Dondozo|atk|2\n|-boost|p1a: Dondozo|spa|2\n|-boost|p1a: Dondozo|spe|2\n|-boost|p1a: Dondozo|def|2\n|-boost|p1a: Dondozo|spd|2\n|turn|5\n|\n|t:|1681871729\n|-terastallize|p2a: Maushold|Normal\n|move|p2a: Maushold|Population Bomb|p1a: Dondozo\n|-damage|p1a: Dondozo|97\/100\n|-damage|p1a: Dondozo|94\/100\n|-damage|p1a: Dondozo|91\/100\n|-crit|p1a: Dondozo\n|-damage|p1a: Dondozo|83\/100\n|-damage|p1a: Dondozo|79\/100\n|-damage|p1a: Dondozo|76\/100\n|-damage|p1a: Dondozo|73\/100\n|-damage|p1a: Dondozo|70\/100\n|-damage|p1a: Dondozo|67\/100\n|-damage|p1a: Dondozo|63\/100\n|-hitcount|p1a: Dondozo|10\n|move|p2b: Annihilape|Earthquake|p1a: Dondozo|[spread] p2a,p1a\n|-miss|p2b: Annihilape|p1b: Tatsugiri\n|-damage|p2a: Maushold|0 fnt\n|-damage|p1a: Dondozo|53\/100\n|faint|p2a: Maushold\n|move|p1a: Dondozo|Earthquake|p2b: Annihilape|[spread] p2b\n|-miss|p1a: Dondozo|p1b: Tatsugiri\n|-damage|p2b: Annihilape|0 fnt\n|faint|p2b: Annihilape\n|\n|win|mx555\n|raw|mx555's rating: 1125 → 1144<\/strong> (+19 for winning)\n|raw|Matteo315's rating: 1047 → 1034<\/strong> (-13 for losing)\n|l|\u2606Matteo315\n","uploadtime":1681871756,"views":13,"p1id":"mx555","p2id":"matteo315","formatid":"gen9vgc2023regulationc","rating":1034,"private":0,"password":""}