{"id":"gen9vgc2023regulationc-1848217374","p1":"CallMeMrMoo","p2":"Drag rex","format":"[Gen 9] VGC 2023 Regulation C","log":"|j|\u2606CallMeMrMoo\n|j|\u2606Drag rex\n|t:|1682043771\n|gametype|doubles\n|player|p1|CallMeMrMoo|rancher|1082\n|player|p2|Drag rex|169|1138\n|teamsize|p1|6\n|teamsize|p2|6\n|gen|9\n|tier|[Gen 9] VGC 2023 Regulation C\n|rated|\n|rule|Species Clause: Limit one of each Pok\u00e9mon\n|rule|Item Clause: Limit one of each item\n|clearpoke\n|poke|p1|Ting-Lu, L50|\n|poke|p1|Maushold-Four, L50|\n|poke|p1|Annihilape, L50, M|\n|poke|p1|Dragonite, L50, M|\n|poke|p1|Chien-Pao, L50|\n|poke|p1|Flutter Mane, L50|\n|poke|p2|Torkoal, L50, F|\n|poke|p2|Flutter Mane, L50|\n|poke|p2|Gyarados, L50, F|\n|poke|p2|Amoonguss, L50, F|\n|poke|p2|Ceruledge, L50, M|\n|poke|p2|Great Tusk, L50|\n|teampreview|4\n|\n|t:|1682043838\n|start\n|switch|p1a: Maushold|Maushold-Four, L50|100\/100\n|switch|p1b: Annihilape|Annihilape, L50, M|100\/100\n|switch|p2a: Torkoal|Torkoal, L50, F|100\/100\n|switch|p2b: Flutter Mane|Flutter Mane, L50|100\/100\n|-weather|SunnyDay|[from] ability: Drought|[of] p2a: Torkoal\n|-activate|p2b: Flutter Mane|ability: Protosynthesis\n|-start|p2b: Flutter Mane|protosynthesisspa\n|turn|1\n|\n|t:|1682043872\n|-terastallize|p1b: Annihilape|Fire\n|move|p2a: Torkoal|Helping Hand|p2b: Flutter Mane\n|-singleturn|p2b: Flutter Mane|Helping Hand|[of] p2a: Torkoal\n|move|p2b: Flutter Mane|Shadow Ball|p1b: Annihilape\n|-damage|p1b: Annihilape|27\/100\n|move|p1a: Maushold|Beat Up|p1b: Annihilape\n|-damage|p1b: Annihilape|25\/100\n|-damage|p1b: Annihilape|23\/100\n|-damage|p1b: Annihilape|21\/100\n|-damage|p1b: Annihilape|19\/100\n|-hitcount|p1b: Annihilape|4\n|move|p1b: Annihilape|Drain Punch|p2a: Torkoal\n|-damage|p2a: Torkoal|77\/100\n|-heal|p1b: Annihilape|29\/100|[from] drain|[of] p2a: Torkoal\n|\n|-weather|SunnyDay|[upkeep]\n|-heal|p1b: Annihilape|35\/100|[from] item: Leftovers\n|-heal|p2a: Torkoal|83\/100|[from] item: Leftovers\n|upkeep\n|turn|2\n|\n|t:|1682043911\n|move|p1a: Maushold|Follow Me|p1a: Maushold\n|-singleturn|p1a: Maushold|move: Follow Me\n|move|p2b: Flutter Mane|Shadow Ball|p1a: Maushold\n|-immune|p1a: Maushold\n|move|p1b: Annihilape|Rage Fist|p2a: Torkoal\n|-damage|p2a: Torkoal|0 fnt\n|faint|p2a: Torkoal\n|\n|-weather|SunnyDay|[upkeep]\n|-heal|p1b: Annihilape|41\/100|[from] item: Leftovers\n|upkeep\n|\n|t:|1682043926\n|switch|p2a: Ceruledge|Ceruledge, L50, M|100\/100\n|turn|3\n|\n|t:|1682043960\n|-terastallize|p2a: Ceruledge|Grass\n|move|p1a: Maushold|Follow Me|p1a: Maushold\n|-singleturn|p1a: Maushold|move: Follow Me\n|move|p2b: Flutter Mane|Shadow Ball|p1a: Maushold\n|-immune|p1a: Maushold\n|move|p1b: Annihilape|Rage Fist|p2b: Flutter Mane\n|-supereffective|p2b: Flutter Mane\n|-damage|p2b: Flutter Mane|0 fnt\n|faint|p2b: Flutter Mane\n|-end|p2b: Flutter Mane|Protosynthesis|[silent]\n|move|p2a: Ceruledge|Bitter Blade|p1a: Maushold\n|-damage|p1a: Maushold|16\/100\n|\n|-weather|SunnyDay|[upkeep]\n|-heal|p1b: Annihilape|48\/100|[from] item: Leftovers\n|upkeep\n|\n|t:|1682043978\n|switch|p2b: Gyarados|Gyarados, L50, F|100\/100\n|-ability|p2b: Gyarados|Intimidate|boost\n|-unboost|p1a: Maushold|atk|1\n|-unboost|p1b: Annihilape|atk|1\n|-ability|p1b: Annihilape|Defiant|boost\n|-boost|p1b: Annihilape|atk|2\n|turn|4\n|\n|t:|1682043999\n|move|p2b: Gyarados|Protect|p2b: Gyarados\n|-singleturn|p2b: Gyarados|Protect\n|move|p1a: Maushold|Follow Me|p1a: Maushold\n|-singleturn|p1a: Maushold|move: Follow Me\n|move|p1b: Annihilape|Bulk Up|p1b: Annihilape\n|-boost|p1b: Annihilape|atk|1\n|-boost|p1b: Annihilape|def|1\n|move|p2a: Ceruledge|Bitter Blade|p1a: Maushold\n|-damage|p1a: Maushold|0 fnt\n|faint|p1a: Maushold\n|\n|-weather|SunnyDay|[upkeep]\n|-heal|p1b: Annihilape|54\/100|[from] item: Leftovers\n|upkeep\n|\n|t:|1682044012\n|switch|p1a: Chien-Pao|Chien-Pao, L50|100\/100\n|-ability|p1a: Chien-Pao|Sword of Ruin\n|turn|5\n|\n|t:|1682044038\n|move|p1a: Chien-Pao|Throat Chop|p2a: Ceruledge\n|-damage|p2a: Ceruledge|38\/100\n|-start|p2a: Ceruledge|Throat Chop|[silent]\n|move|p1b: Annihilape|Rage Fist|p2b: Gyarados\n|-damage|p2b: Gyarados|0 fnt\n|faint|p2b: Gyarados\n|move|p2a: Ceruledge|Shadow Claw|p1b: Annihilape\n|-damage|p1b: Annihilape|25\/100\n|\n|-weather|none\n|-heal|p1b: Annihilape|31\/100|[from] item: Leftovers\n|upkeep\n|turn|6\n|\n|t:|1682044051\n|move|p2a: Ceruledge|Shadow Sneak|p1b: Annihilape\n|-damage|p1b: Annihilape|13\/100\n|move|p1a: Chien-Pao|Throat Chop|p2a: Ceruledge\n|-damage|p2a: Ceruledge|0 fnt\n|faint|p2a: Ceruledge\n|\n|win|CallMeMrMoo\n|raw|CallMeMrMoo's rating: 1082 → 1114<\/strong> (+32 for winning)\n|raw|Drag rex's rating: 1138 → 1109<\/strong> (-29 for losing)\n|l|\u2606Drag rex\n","uploadtime":1682044060,"views":6,"p1id":"callmemrmoo","p2id":"dragrex","formatid":"gen9vgc2023regulationc","rating":1109,"private":0,"password":""}