{"id":"gen9vgc2023regulationc-1861214732","p1":"NeuroticTC","p2":"mafumafusimpsimp","format":"[Gen 9] VGC 2023 Regulation C","log":"|j|\u2606NeuroticTC\n|j|\u2606mafumafusimpsimp\n|t:|1683736523\n|gametype|doubles\n|player|p1|NeuroticTC|boarder|\n|player|p2|mafumafusimpsimp|crasherwake|\n|teamsize|p1|6\n|teamsize|p2|6\n|gen|9\n|tier|[Gen 9] VGC 2023 Regulation C\n|rated|Tournament battle\n|rule|Species Clause: Limit one of each Pok\u00e9mon\n|rule|Item Clause: Limit one of each item\n|clearpoke\n|poke|p1|Brute Bonnet, L50|\n|poke|p1|Murkrow, L50, M|\n|poke|p1|Farigiraf, L50, F|\n|poke|p1|Chi-Yu, L50|\n|poke|p1|Flutter Mane, L50|\n|poke|p1|Great Tusk, L50|\n|poke|p2|Chien-Pao, L50|\n|poke|p2|Flutter Mane, L50|\n|poke|p2|Kingambit, L50, F|\n|poke|p2|Iron Hands, L50|\n|poke|p2|Iron Bundle, L50|\n|poke|p2|Amoonguss, L50, F|\n|teampreview|4\n|raw| Open Team Sheet for NeuroticTC<\/summary>Brute Bonnet @ Loaded Dice Ability: Protosynthesis Level: 50 Tera Type: Dark - Spore - Rage Powder - Bullet Seed - Sucker Punch Murkrow (M) @ Eject Button Ability: Prankster Level: 50 Shiny: Yes Tera Type: Flying - Brave Bird - Tailwind - Haze - Sunny Day Farigiraf (F) @ Focus Sash Ability: Armor Tail Level: 50 Tera Type: Psychic - Hyper Voice - Psychic - Trick Room - Imprison Chi-Yu @ Life Orb Ability: Beads of Ruin Level: 50 Tera Type: Grass - Heat Wave - Protect - Tera Blast - Dark Pulse Flutter Mane @ Booster Energy Ability: Protosynthesis Level: 50 Tera Type: Fairy - Power Gem - Shadow Ball - Moonblast - Protect Great Tusk @ Choice Scarf Ability: Protosynthesis Level: 50 Tera Type: Steel - Close Combat - Headlong Rush - Rock Slide - Earthquake <\/details><\/div> Open Team Sheet for mafumafusimpsimp<\/summary>Cat (Chien-Pao) @ Life Orb Ability: Sword of Ruin Level: 50 Tera Type: Ghost - Protect - Ice Spinner - Sucker Punch - Sacred Sword Flutter Pain (Flutter Mane) @ Booster Energy Ability: Protosynthesis Level: 50 Tera Type: Fairy - Dazzling Gleam - Moonblast - Shadow Ball - Protect Queen Gambit (Kingambit) (F) @ Safety Goggles Ability: Defiant Level: 50 Tera Type: Flying - Tera Blast - Iron Head - Swords Dance - Sucker Punch Only Hands (Iron Hands) @ Clear Amulet Ability: Quark Drive Level: 50 Tera Type: Fire - Swords Dance - Drain Punch - Thunder Punch - Protect Iron Fumble (Iron Bundle) @ Covert Cloak Ability: Quark Drive Level: 50 Tera Type: Ghost - Icy Wind - Freeze-Dry - Hydro Pump - Encore Amoonguss @ Sitrus Berry Ability: Regenerator Level: 50 Tera Type: Water - Pollen Puff - Spore - Rage Powder - Protect <\/details><\/div>\n|c|\u2606mafumafusimpsimp|glhf\n|c|\u2606NeuroticTC|you too\n|c|\u2606mafumafusimpsimp|gtg soon\n|\n|t:|1683736546\n|start\n|switch|p1a: Murkrow|Murkrow, L50, M, shiny|100\/100\n|switch|p1b: Flutter Mane|Flutter Mane, L50|100\/100\n|switch|p2a: Queen Gambit|Kingambit, L50, F|100\/100\n|switch|p2b: Flutter Pain|Flutter Mane, L50|100\/100\n|-enditem|p1b: Flutter Mane|Booster Energy\n|-activate|p1b: Flutter Mane|ability: Protosynthesis|[fromitem]\n|-start|p1b: Flutter Mane|protosynthesisspe\n|-enditem|p2b: Flutter Pain|Booster Energy\n|-activate|p2b: Flutter Pain|ability: Protosynthesis|[fromitem]\n|-start|p2b: Flutter Pain|protosynthesisspa\n|turn|1\n|inactive|Battle timer is ON: inactive players will automatically lose when time's up. (requested by NeuroticTC)\n|\n|t:|1683736558\n|move|p1b: Flutter Mane|Protect|p1b: Flutter Mane\n|-singleturn|p1b: Flutter Mane|Protect\n|move|p2b: Flutter Pain|Protect|p2b: Flutter Pain\n|-singleturn|p2b: Flutter Pain|Protect\n|move|p1a: Murkrow|Tailwind|p1a: Murkrow\n|-sidestart|p1: NeuroticTC|move: Tailwind\n|move|p2a: Queen Gambit|Iron Head|p1b: Flutter Mane\n|-activate|p1b: Flutter Mane|move: Protect\n|\n|upkeep\n|turn|2\n|\n|t:|1683736580\n|-end|p1b: Flutter Mane|Protosynthesis|[silent]\n|switch|p1b: Chi-Yu|Chi-Yu, L50|100\/100\n|-ability|p1b: Chi-Yu|Beads of Ruin\n|-end|p2b: Flutter Pain|Protosynthesis|[silent]\n|switch|p2b: Cat|Chien-Pao, L50|100\/100\n|-ability|p2b: Cat|Sword of Ruin\n|move|p1a: Murkrow|Brave Bird|p2b: Cat\n|-damage|p2b: Cat|38\/100\n|-damage|p1a: Murkrow|77\/100|[from] Recoil\n|move|p2a: Queen Gambit|Iron Head|p1b: Chi-Yu\n|-resisted|p1b: Chi-Yu\n|-damage|p1b: Chi-Yu|49\/100\n|\n|upkeep\n|turn|3\n|inactive|NeuroticTC has 30 seconds left.\n|\n|t:|1683736613\n|-terastallize|p2a: Queen Gambit|Flying\n|move|p2b: Cat|Protect|p2b: Cat\n|-singleturn|p2b: Cat|Protect\n|move|p1a: Murkrow|Sunny Day|p1a: Murkrow\n|-weather|SunnyDay\n|move|p1b: Chi-Yu|Heat Wave|p2a: Queen Gambit|[spread] \n|-activate|p2b: Cat|move: Protect\n|-miss|p1b: Chi-Yu|p2a: Queen Gambit\n|move|p2a: Queen Gambit|Tera Blast|p1b: Chi-Yu\n|-damage|p1b: Chi-Yu|0 fnt\n|faint|p1b: Chi-Yu\n|\n|-weather|SunnyDay|[upkeep]\n|upkeep\n|\n|t:|1683736634\n|switch|p1b: Great Tusk|Great Tusk, L50|100\/100\n|-activate|p1b: Great Tusk|ability: Protosynthesis\n|-start|p1b: Great Tusk|protosynthesisatk\n|turn|4\n|\n|t:|1683736640\n|move|p2b: Cat|Sucker Punch|p1b: Great Tusk\n|-resisted|p1b: Great Tusk\n|-damage|p1b: Great Tusk|80\/100\n|-damage|p2b: Cat|29\/100|[from] item: Life Orb\n|move|p1b: Great Tusk|Rock Slide|p2b: Cat|[spread] p2a,p2b\n|-supereffective|p2a: Queen Gambit\n|-supereffective|p2b: Cat\n|-damage|p2a: Queen Gambit|44\/100\n|-damage|p2b: Cat|0 fnt\n|faint|p2b: Cat\n|move|p1a: Murkrow|Brave Bird|p2a: Queen Gambit\n|-damage|p2a: Queen Gambit|10\/100\n|-damage|p1a: Murkrow|60\/100|[from] Recoil\n|cant|p2a: Queen Gambit|flinch\n|\n|-weather|SunnyDay|[upkeep]\n|-sideend|p1: NeuroticTC|move: Tailwind\n|upkeep\n|\n|t:|1683736646\n|switch|p2b: Iron Fumble|Iron Bundle, L50|100\/100\n|turn|5\n|\n|t:|1683736655\n|-terastallize|p1b: Great Tusk|Steel\n|move|p1a: Murkrow|Tailwind|p1a: Murkrow\n|-sidestart|p1: NeuroticTC|move: Tailwind\n|move|p1b: Great Tusk|Rock Slide|p2b: Iron Fumble|[spread] p2a,p2b\n|-supereffective|p2a: Queen Gambit\n|-supereffective|p2b: Iron Fumble\n|-damage|p2a: Queen Gambit|0 fnt\n|-damage|p2b: Iron Fumble|29\/100\n|faint|p2a: Queen Gambit\n|move|p2b: Iron Fumble|Freeze-Dry|p1b: Great Tusk\n|-resisted|p1b: Great Tusk\n|-damage|p1b: Great Tusk|50\/100\n|\n|-weather|SunnyDay|[upkeep]\n|upkeep\n|\n|t:|1683736658\n|switch|p2a: Flutter Pain|Flutter Mane, L50|100\/100\n|-activate|p2a: Flutter Pain|ability: Protosynthesis\n|-start|p2a: Flutter Pain|protosynthesisspa\n|turn|6\n|c|\u2606mafumafusimpsimp|gg wp\n|\n|t:|1683736673\n|move|p1b: Great Tusk|Rock Slide|p2b: Iron Fumble|[spread] p2a,p2b\n|-supereffective|p2b: Iron Fumble\n|-damage|p2a: Flutter Pain|47\/100\n|-damage|p2b: Iron Fumble|0 fnt\n|faint|p2b: Iron Fumble\n|-end|p2b: Iron Fumble|Quark Drive|[silent]\n|move|p1a: Murkrow|Brave Bird|p2a: Flutter Pain\n|-damage|p2a: Flutter Pain|0 fnt\n|faint|p2a: Flutter Pain\n|-end|p2a: Flutter Pain|Protosynthesis|[silent]\n|-damage|p1a: Murkrow|41\/100|[from] Recoil\n|\n|win|NeuroticTC\n|n|\u2606NeuroticTC|neurotictc\n|n|\u2606mafumafusimpsimp|mafumafusimpsimp\n|c|\u2606NeuroticTC|gg\n|l|\u2606mafumafusimpsimp\n","uploadtime":1683736688,"views":9,"p1id":"neurotictc","p2id":"mafumafusimpsimp","formatid":"gen9vgc2023regulationc","rating":0,"private":0,"password":""}