{"id":"gen9vgc2023regulationc-1861440980","p1":"Arcacagne","p2":"Mr. Rhombus","format":"[Gen 9] VGC 2023 Regulation C","log":"|j|\u2606Arcacagne\n|j|\u2606Mr. Rhombus\n|t:|1683758236\n|gametype|doubles\n|player|p1|Arcacagne|265|1309\n|player|p2|Mr. Rhombus|juan|1318\n|teamsize|p1|6\n|teamsize|p2|6\n|gen|9\n|tier|[Gen 9] VGC 2023 Regulation C\n|rated|\n|rule|Species Clause: Limit one of each Pok\u00e9mon\n|rule|Item Clause: Limit one of each item\n|clearpoke\n|poke|p1|Chi-Yu, L50|\n|poke|p1|Flutter Mane, L50|\n|poke|p1|Amoonguss, L50, F|\n|poke|p1|Ting-Lu, L50|\n|poke|p1|Iron Hands, L50|\n|poke|p1|Gyarados, L50, M|\n|poke|p2|Flutter Mane, L50|\n|poke|p2|Maushold-Four, L50|\n|poke|p2|Annihilape, L50, M|\n|poke|p2|Iron Hands, L50|\n|poke|p2|Gyarados, L50, F|\n|poke|p2|Baxcalibur, L50, M|\n|teampreview|4\n|inactive|Battle timer is ON: inactive players will automatically lose when time's up. (requested by Mr. Rhombus)\n|\n|t:|1683758294\n|start\n|switch|p1a: Flutter Mane|Flutter Mane, L50|100\/100\n|switch|p1b: Iron Hands|Iron Hands, L50|100\/100\n|switch|p2a: Gyarados|Gyarados, L50, F, shiny|100\/100\n|switch|p2b: Iron Hands|Iron Hands, L50, shiny|100\/100\n|-ability|p2a: Gyarados|Intimidate|boost\n|-unboost|p1a: Flutter Mane|atk|1\n|-fail|p1b: Iron Hands|unboost|[from] item: Clear Amulet|[of] p1b: Iron Hands\n|-enditem|p1a: Flutter Mane|Booster Energy\n|-activate|p1a: Flutter Mane|ability: Protosynthesis|[fromitem]\n|-start|p1a: Flutter Mane|protosynthesisspa\n|turn|1\n|inactive|Mr. Rhombus has 30 seconds left.\n|inactive|Mr. Rhombus has 20 seconds left.\n|inactive|Mr. Rhombus has 15 seconds left.\n|\n|t:|1683758338\n|-terastallize|p2b: Iron Hands|Flying\n|move|p1b: Iron Hands|Fake Out|p2b: Iron Hands\n|-damage|p2b: Iron Hands|90\/100\n|cant|p2b: Iron Hands|flinch\n|move|p1a: Flutter Mane|Substitute|p1a: Flutter Mane\n|-start|p1a: Flutter Mane|Substitute\n|-damage|p1a: Flutter Mane|76\/100\n|move|p2a: Gyarados|Thunder Wave||[still]\n|-fail|p2a: Gyarados\n|\n|upkeep\n|turn|2\n|\n|t:|1683758362\n|move|p1a: Flutter Mane|Moonblast|p2b: Iron Hands\n|-damage|p2b: Iron Hands|58\/100\n|-unboost|p2b: Iron Hands|spa|1\n|move|p2a: Gyarados|Iron Head|p1a: Flutter Mane\n|-supereffective|p1a: Flutter Mane\n|-end|p1a: Flutter Mane|Substitute\n|move|p1b: Iron Hands|Thunder Punch|p2a: Gyarados\n|-supereffective|p2a: Gyarados\n|-damage|p2a: Gyarados|0 fnt\n|faint|p2a: Gyarados\n|move|p2b: Iron Hands|Volt Switch|p1a: Flutter Mane\n|-damage|p1a: Flutter Mane|66\/100\n|\n|t:|1683758379\n|-end|p2b: Iron Hands|Quark Drive|[silent]\n|switch|p2b: Annihilape|Annihilape, L50, M, shiny|100\/100|[from] Volt Switch\n|\n|upkeep\n|\n|t:|1683758383\n|switch|p2a: Flutter Mane|Flutter Mane, L50|100\/100\n|turn|3\n|inactive|Mr. Rhombus has 30 seconds left.\n|\n|t:|1683758413\n|-end|p1a: Flutter Mane|Protosynthesis|[silent]\n|switch|p1a: Amoonguss|Amoonguss, L50, F|100\/100\n|-terastallize|p1b: Iron Hands|Grass\n|move|p2a: Flutter Mane|Shadow Ball|p1a: Amoonguss\n|-damage|p1a: Amoonguss|65\/100\n|move|p2b: Annihilape|Bulk Up|p2b: Annihilape\n|-boost|p2b: Annihilape|atk|1\n|-boost|p2b: Annihilape|def|1\n|move|p1b: Iron Hands|Swords Dance|p1b: Iron Hands\n|-boost|p1b: Iron Hands|atk|2\n|\n|upkeep\n|turn|4\n|inactive|Arcacagne has 30 seconds left.\n|inactive|Mr. Rhombus has 30 seconds left.\n|inactive|Arcacagne has 20 seconds left.\n|inactive|Mr. Rhombus has 20 seconds left.\n|inactive|Arcacagne has 15 seconds left.\n|inactive|Mr. Rhombus has 15 seconds left.\n|inactive|Arcacagne has 10 seconds left.\n|inactive|Mr. Rhombus has 10 seconds left.\n|inactive|Arcacagne has 5 seconds left.\n|\n|t:|1683758468\n|move|p2a: Flutter Mane|Protect|p2a: Flutter Mane\n|-singleturn|p2a: Flutter Mane|Protect\n|move|p1b: Iron Hands|Fake Out||[still]\n|-hint|Fake Out only works on your first turn out.\n|-fail|p1b: Iron Hands\n|move|p2b: Annihilape|Drain Punch|p1b: Iron Hands\n|-damage|p1b: Iron Hands|71\/100\n|move|p1a: Amoonguss|Spore|p2b: Annihilape\n|-status|p2b: Annihilape|slp|[from] move: Spore\n|\n|upkeep\n|turn|5\n|inactive|Mr. Rhombus has 30 seconds left.\n|\n|t:|1683758498\n|move|p1a: Amoonguss|Rage Powder|p1a: Amoonguss\n|-singleturn|p1a: Amoonguss|move: Rage Powder\n|move|p2a: Flutter Mane|Moonblast|p1a: Amoonguss\n|-resisted|p1a: Amoonguss\n|-damage|p1a: Amoonguss|42\/100\n|-unboost|p1a: Amoonguss|spa|1\n|-enditem|p1a: Amoonguss|Sitrus Berry|[eat]\n|-heal|p1a: Amoonguss|67\/100|[from] item: Sitrus Berry\n|cant|p2b: Annihilape|slp\n|move|p1b: Iron Hands|Thunder Punch|p2a: Flutter Mane\n|-enditem|p2a: Flutter Mane|Focus Sash\n|-damage|p2a: Flutter Mane|1\/100\n|\n|upkeep\n|turn|6\n|inactive|Arcacagne has 30 seconds left.\n|inactive|Mr. Rhombus has 30 seconds left.\n|inactive|Arcacagne has 20 seconds left.\n|\n|t:|1683758534\n|move|p2a: Flutter Mane|Protect|p2a: Flutter Mane\n|-singleturn|p2a: Flutter Mane|Protect\n|cant|p2b: Annihilape|slp\n|move|p1b: Iron Hands|Thunder Punch|p2b: Annihilape\n|-damage|p2b: Annihilape|58\/100 slp\n|move|p1a: Amoonguss|Pollen Puff|p1b: Iron Hands\n|-heal|p1b: Iron Hands|100\/100\n|\n|-heal|p2b: Annihilape|64\/100 slp|[from] item: Leftovers\n|upkeep\n|turn|7\n|inactive|Mr. Rhombus has 30 seconds left.\n|inactive|Mr. Rhombus has 20 seconds left.\n|\n|t:|1683758571\n|move|p1a: Amoonguss|Rage Powder|p1a: Amoonguss\n|-singleturn|p1a: Amoonguss|move: Rage Powder\n|move|p2a: Flutter Mane|Shadow Ball|p1a: Amoonguss\n|-damage|p1a: Amoonguss|31\/100\n|-curestatus|p2b: Annihilape|slp|[msg]\n|move|p2b: Annihilape|Rage Fist|p1a: Amoonguss\n|-damage|p1a: Amoonguss|0 fnt\n|faint|p1a: Amoonguss\n|move|p1b: Iron Hands|Thunder Punch|p2a: Flutter Mane\n|-damage|p2a: Flutter Mane|0 fnt\n|faint|p2a: Flutter Mane\n|-end|p2a: Flutter Mane|Protosynthesis|[silent]\n|\n|-heal|p2b: Annihilape|70\/100|[from] item: Leftovers\n|upkeep\n|\n|t:|1683758587\n|switch|p2a: Iron Hands|Iron Hands, L50, shiny, tera:Flying|58\/100\n|switch|p1a: Flutter Mane|Flutter Mane, L50|66\/100\n|turn|8\n|inactive|Mr. Rhombus has 30 seconds left.\n|\n|t:|1683758617\n|move|p2b: Annihilape|Protect|p2b: Annihilape\n|-singleturn|p2b: Annihilape|Protect\n|move|p1a: Flutter Mane|Moonblast|p2b: Annihilape\n|-activate|p2b: Annihilape|move: Protect\n|move|p1b: Iron Hands|Thunder Punch|p2a: Iron Hands\n|-supereffective|p2a: Iron Hands\n|-damage|p2a: Iron Hands|0 fnt\n|faint|p2a: Iron Hands\n|-end|p2a: Iron Hands|Quark Drive|[silent]\n|\n|-heal|p2b: Annihilape|76\/100|[from] item: Leftovers\n|upkeep\n|turn|9\n|-message|Mr. Rhombus forfeited.\n|\n|win|Arcacagne\n|raw|Arcacagne's rating: 1309 → 1330<\/strong> (+21 for winning)\n|raw|Mr. Rhombus's rating: 1318 → 1297<\/strong> (-21 for losing)\n|l|\u2606Mr. Rhombus\n","uploadtime":1683758634,"views":9,"p1id":"arcacagne","p2id":"mrrhombus","formatid":"gen9vgc2023regulationc","rating":1297,"private":0,"password":""}