{"id":"gen9vgc2023regulationc-1848782485","p1":"ihatesplatoon","p2":"ottowof","format":"[Gen 9] VGC 2023 Regulation C","log":"|j|\u2606ihatesplatoon\n|j|\u2606ottowof\n|t:|1682109856\n|gametype|doubles\n|player|p1|ihatesplatoon|101|1156\n|player|p2|ottowof|169|1154\n|teamsize|p1|6\n|teamsize|p2|6\n|gen|9\n|tier|[Gen 9] VGC 2023 Regulation C\n|rated|\n|rule|Species Clause: Limit one of each Pok\u00e9mon\n|rule|Item Clause: Limit one of each item\n|clearpoke\n|poke|p1|Chien-Pao, L50|\n|poke|p1|Tatsugiri, L50, F|\n|poke|p1|Dondozo, L50, M|\n|poke|p1|Scream Tail, L50|\n|poke|p1|Dragonite, L50, M|\n|poke|p1|Gholdengo, L50|\n|poke|p2|Dudunsparce-*, L50, M|\n|poke|p2|Flutter Mane, L50|\n|poke|p2|Gyarados, L50, F|\n|poke|p2|Chi-Yu, L50|\n|poke|p2|Dragapult, L50, M|\n|poke|p2|Chien-Pao, L50|\n|teampreview|4\n|inactive|Battle timer is ON: inactive players will automatically lose when time's up. (requested by ottowof)\nottowof rejected open team sheets.\n|\n|t:|1682109895\n|start\n|switch|p1a: Scream Tail|Scream Tail, L50|100\/100\n|switch|p1b: Dragonite|Dragonite, L50, M|100\/100\n|switch|p2a: Dudunsparce|Dudunsparce-Three-Segment, L50, M|100\/100\n|switch|p2b: Dragapult|Dragapult, L50, M|100\/100\n|-enditem|p1a: Scream Tail|Booster Energy\n|-activate|p1a: Scream Tail|ability: Protosynthesis|[fromitem]\n|-start|p1a: Scream Tail|protosynthesisspe\n|turn|1\n|inactive|ihatesplatoon has 30 seconds left.\n|inactive|ihatesplatoon has 20 seconds left.\n|\n|t:|1682109935\n|move|p1b: Dragonite|Protect|p1b: Dragonite\n|-singleturn|p1b: Dragonite|Protect\n|move|p1a: Scream Tail|Howl|p1a: Scream Tail|[spread] p1a,p1b\n|-boost|p1a: Scream Tail|atk|1\n|-boost|p1b: Dragonite|atk|1\n|move|p2b: Dragapult|Thunder Wave|p1a: Scream Tail\n|-status|p1a: Scream Tail|par\n|move|p2a: Dudunsparce|Glare|p1b: Dragonite\n|-activate|p1b: Dragonite|move: Protect\n|\n|upkeep\n|turn|2\n|inactive|ihatesplatoon has 30 seconds left.\n|\n|t:|1682109968\n|move|p2b: Dragapult|Thunder Wave|p1b: Dragonite\n|-status|p1b: Dragonite|par\n|move|p1a: Scream Tail|Encore|p2a: Dudunsparce\n|-start|p2a: Dudunsparce|Encore\n|move|p2a: Dudunsparce|Glare|p1b: Dragonite\n|-fail|p1b: Dragonite|par\n|move|p1b: Dragonite|Dragon Claw|p2b: Dragapult\n|-supereffective|p2b: Dragapult\n|-damage|p2b: Dragapult|0 fnt\n|faint|p2b: Dragapult\n|-damage|p1b: Dragonite|91\/100 par|[from] item: Life Orb\n|\n|upkeep\n|\n|t:|1682109981\n|switch|p2b: Flutter Mane|Flutter Mane, L50|100\/100\n|-enditem|p2b: Flutter Mane|Booster Energy\n|-activate|p2b: Flutter Mane|ability: Protosynthesis|[fromitem]\n|-start|p2b: Flutter Mane|protosynthesisspe\n|turn|3\n|inactive|ihatesplatoon has 30 seconds left.\n|\n|t:|1682110009\n|switch|p2a: Chi-Yu|Chi-Yu, L50|100\/100\n|-ability|p2a: Chi-Yu|Beads of Ruin\n|-terastallize|p2b: Flutter Mane|Fairy\n|move|p1b: Dragonite|Protect|p1b: Dragonite\n|-singleturn|p1b: Dragonite|Protect\n|move|p2b: Flutter Mane|Dazzling Gleam|p1b: Dragonite|[spread] p1a\n|-activate|p1b: Dragonite|move: Protect\n|-damage|p1a: Scream Tail|64\/100 par\n|move|p1a: Scream Tail|Thunder Wave|p2b: Flutter Mane\n|-status|p2b: Flutter Mane|par\n|\n|upkeep\n|turn|4\n|\n|t:|1682110033\n|-terastallize|p1b: Dragonite|Normal\n|cant|p1b: Dragonite|par\n|move|p2a: Chi-Yu|Dark Pulse|p1b: Dragonite\n|-damage|p1b: Dragonite|36\/100 par\n|move|p2b: Flutter Mane|Dazzling Gleam|p1a: Scream Tail|[spread] p1a,p1b\n|-damage|p1a: Scream Tail|24\/100 par\n|-damage|p1b: Dragonite|0 fnt\n|faint|p1b: Dragonite\n|move|p1a: Scream Tail|Play Rough|p2b: Flutter Mane\n|-damage|p2b: Flutter Mane|29\/100 par\n|\n|upkeep\n|inactive|ihatesplatoon has 30 seconds left.\n|\n|t:|1682110058\n|switch|p1b: Dondozo|Dondozo, L50, M|100\/100\n|turn|5\n|\n|t:|1682110067\n|-end|p1a: Scream Tail|Protosynthesis|[silent]\n|switch|p1a: Tatsugiri|Tatsugiri, L50, F|100\/100\n|-activate|p1a: Tatsugiri|ability: Commander|[of] p1b: Dondozo\n|-boost|p1b: Dondozo|atk|2\n|-boost|p1b: Dondozo|spa|2\n|-boost|p1b: Dondozo|spe|2\n|-boost|p1b: Dondozo|def|2\n|-boost|p1b: Dondozo|spd|2\n|move|p2a: Chi-Yu|Dark Pulse|p1b: Dondozo\n|-damage|p1b: Dondozo|75\/100\n|move|p1b: Dondozo|Earthquake|p2b: Flutter Mane|[spread] p2a,p2b\n|-miss|p1b: Dondozo|p1a: Tatsugiri\n|-supereffective|p2a: Chi-Yu\n|-damage|p2a: Chi-Yu|0 fnt\n|-damage|p2b: Flutter Mane|0 fnt\n|faint|p2a: Chi-Yu\n|faint|p2b: Flutter Mane\n|-end|p2b: Flutter Mane|Protosynthesis|[silent]\n|\n|-heal|p1b: Dondozo|81\/100|[from] item: Leftovers\n|upkeep\n|\n|t:|1682110084\n|switch|p2a: Dudunsparce|Dudunsparce-Three-Segment, L50, M|100\/100\n|turn|6\n|\n|t:|1682110089\n|move|p1b: Dondozo|Wave Crash|p2a: Dudunsparce\n|-damage|p2a: Dudunsparce|13\/100\n|-damage|p1b: Dondozo|56\/100|[from] Recoil\n|move|p2a: Dudunsparce|Glare|p1b: Dondozo\n|-status|p1b: Dondozo|par\n|\n|-heal|p1b: Dondozo|62\/100 par|[from] item: Leftovers\n|upkeep\n|turn|7\n|\n|t:|1682110101\n|move|p2a: Dudunsparce|Rock Slide|p1a: Tatsugiri|[spread] p1b\n|-miss|p2a: Dudunsparce|p1a: Tatsugiri\n|-damage|p1b: Dondozo|58\/100 par\n|cant|p1b: Dondozo|flinch\n|\n|-heal|p1b: Dondozo|64\/100 par|[from] item: Leftovers\n|upkeep\n|turn|8\n|c|\u2606ihatesplatoon|omg..\n|c|\u2606ihatesplatoon|no way you're going for this\n|\n|t:|1682110121\n|move|p2a: Dudunsparce|Roost|p2a: Dudunsparce\n|-heal|p2a: Dudunsparce|64\/100\n|-singleturn|p2a: Dudunsparce|move: Roost\n|move|p1b: Dondozo|Wave Crash|p2a: Dudunsparce\n|-damage|p2a: Dudunsparce|0 fnt\n|faint|p2a: Dudunsparce\n|-damage|p1b: Dondozo|45\/100 par|[from] Recoil\n|\n|win|ihatesplatoon\n|raw|ihatesplatoon's rating: 1156 → 1181<\/strong> (+25 for winning)\n|raw|ottowof's rating: 1154 → 1129<\/strong> (-25 for losing)\n|c|\u2606ottowof|it does less than leftovers\n|c|\u2606ihatesplatoon|gg\n|c|\u2606ottowof|it wouldnt work\n|l|\u2606ottowof\n|c|\u2606ihatesplatoon|unfortunately\n","uploadtime":1682110269,"views":11,"p1id":"ihatesplatoon","p2id":"ottowof","formatid":"gen9vgc2023regulationc","rating":1129,"private":0,"password":""}