{"id":"gen9vgc2023regulationc-1864189458","p1":"rodjilius","p2":"kyanabsl12","format":"[Gen 9] VGC 2023 Regulation C","log":"|j|\u2606rodjilius\n|j|\u2606kyanabsl12\n|t:|1684133168\n|gametype|doubles\n|player|p1|rodjilius|265|1394\n|player|p2|kyanabsl12|1|1381\n|teamsize|p1|6\n|teamsize|p2|6\n|gen|9\n|tier|[Gen 9] VGC 2023 Regulation C\n|rated|\n|rule|Species Clause: Limit one of each Pok\u00e9mon\n|rule|Item Clause: Limit one of each item\n|clearpoke\n|poke|p1|Corviknight, L50, M|\n|poke|p1|Gholdengo, L50|\n|poke|p1|Chi-Yu, L50|\n|poke|p1|Iron Bundle, L50|\n|poke|p1|Glimmora, L50, M|\n|poke|p1|Grimmsnarl, L50, M|\n|poke|p2|Lilligant, L50, F|\n|poke|p2|Torkoal, L50, M|\n|poke|p2|Ting-Lu, L50|\n|poke|p2|Great Tusk, L50|\n|poke|p2|Talonflame, L50, F|\n|poke|p2|Flutter Mane, L50|\n|teampreview|4\n|inactive|Battle timer is ON: inactive players will automatically lose when time's up. (requested by rodjilius)\n|inactive|rodjilius has 60 seconds left.\n|\n|t:|1684133220\n|start\n|switch|p1a: Grimmsnarl|Grimmsnarl, L50, M|100\/100\n|switch|p1b: Glimmora|Glimmora, L50, M|100\/100\n|switch|p2a: Talonflame|Talonflame, L50, F|100\/100\n|switch|p2b: Ting-Lu|Ting-Lu, L50|100\/100\n|-ability|p2b: Ting-Lu|Vessel of Ruin\n|turn|1\n|\n|t:|1684133238\n|move|p1a: Grimmsnarl|Fake Out|p2b: Ting-Lu\n|-damage|p2b: Ting-Lu|94\/100\n|move|p2a: Talonflame|Tailwind|p2a: Talonflame\n|-sidestart|p2: kyanabsl12|move: Tailwind\n|move|p1b: Glimmora|Power Gem|p2a: Talonflame\n|-supereffective|p2a: Talonflame\n|-damage|p2a: Talonflame|0 fnt\n|faint|p2a: Talonflame\n|cant|p2b: Ting-Lu|flinch\n|\n|upkeep\n|\n|t:|1684133252\n|switch|p2a: Torkoal|Torkoal, L50, M|100\/100\n|-weather|SunnyDay|[from] ability: Drought|[of] p2a: Torkoal\n|turn|2\n|\n|t:|1684133274\n|move|p1b: Glimmora|Spiky Shield|p1b: Glimmora\n|-singleturn|p1b: Glimmora|move: Protect\n|move|p1a: Grimmsnarl|Light Screen|p1a: Grimmsnarl\n|-sidestart|p1: rodjilius|move: Light Screen\n|move|p2b: Ting-Lu|Heavy Slam|p1a: Grimmsnarl\n|-supereffective|p1a: Grimmsnarl\n|-damage|p1a: Grimmsnarl|16\/100\n|move|p2a: Torkoal|Earth Power|p1b: Glimmora\n|-activate|p1b: Glimmora|move: Protect\n|\n|-weather|SunnyDay|[upkeep]\n|upkeep\n|turn|3\n|\n|t:|1684133296\n|switch|p1b: Corviknight|Corviknight, L50, M|100\/100\n|move|p2a: Torkoal|Protect|p2a: Torkoal\n|-singleturn|p2a: Torkoal|Protect\n|move|p1a: Grimmsnarl|Reflect|p1a: Grimmsnarl\n|-sidestart|p1: rodjilius|Reflect\n|move|p2b: Ting-Lu|Earthquake|p1b: Corviknight|[spread] p1a\n|-activate|p2a: Torkoal|move: Protect\n|-immune|p1b: Corviknight\n|-damage|p1a: Grimmsnarl|0 fnt\n|faint|p1a: Grimmsnarl\n|\n|-weather|SunnyDay|[upkeep]\n|upkeep\n|\n|t:|1684133312\n|switch|p1a: Glimmora|Glimmora, L50, M|100\/100\n|turn|4\n|\n|t:|1684133322\n|move|p1a: Glimmora|Spiky Shield|p1a: Glimmora\n|-singleturn|p1a: Glimmora|move: Protect\n|move|p1b: Corviknight|Protect|p1b: Corviknight\n|-singleturn|p1b: Corviknight|Protect\n|move|p2b: Ting-Lu|Heavy Slam|p1a: Glimmora\n|-activate|p1a: Glimmora|move: Protect\n|-damage|p2b: Ting-Lu|81\/100|[from] Spiky Shield|[of] p1a: Glimmora\n|move|p2a: Torkoal|Heat Wave|p1a: Glimmora|[spread] \n|-activate|p1a: Glimmora|move: Protect\n|-activate|p1b: Corviknight|move: Protect\n|\n|-weather|SunnyDay|[upkeep]\n|-sideend|p2: kyanabsl12|move: Tailwind\n|upkeep\n|turn|5\n|\n|t:|1684133344\n|-terastallize|p1a: Glimmora|Grass\n|move|p1a: Glimmora|Power Gem|p2a: Torkoal\n|-supereffective|p2a: Torkoal\n|-damage|p2a: Torkoal|20\/100\n|move|p1b: Corviknight|Brave Bird|p2a: Torkoal\n|-damage|p2a: Torkoal|0 fnt\n|faint|p2a: Torkoal\n|-damage|p1b: Corviknight|94\/100|[from] Recoil\n|move|p2b: Ting-Lu|Rock Slide|p1a: Glimmora|[spread] p1a\n|-miss|p2b: Ting-Lu|p1b: Corviknight\n|-damage|p1a: Glimmora|85\/100\n|-activate|p1a: Glimmora|ability: Toxic Debris\n|-sidestart|p2: kyanabsl12|move: Toxic Spikes\n|\n|-weather|SunnyDay|[upkeep]\n|-heal|p1b: Corviknight|99\/100|[from] item: Leftovers\n|upkeep\n|inactive|kyanabsl12 has 30 seconds left.\n|inactive|kyanabsl12 has 20 seconds left.\n|inactive|kyanabsl12 has 15 seconds left.\n|inactive|kyanabsl12 has 10 seconds left.\n|inactive|kyanabsl12 has 5 seconds left.\n|\n|t:|1684133399\n|switch|p2a: Flutter Mane|Flutter Mane, L50|100\/100\n|-status|p2a: Flutter Mane|psn\n|-activate|p2a: Flutter Mane|ability: Protosynthesis\n|-start|p2a: Flutter Mane|protosynthesisspa\n|turn|6\n|inactive|kyanabsl12 has 30 seconds left.\n|inactive|kyanabsl12 has 20 seconds left.\n|inactive|kyanabsl12 has 15 seconds left.\n|inactive|kyanabsl12 has 10 seconds left.\n|inactive|kyanabsl12 has 5 seconds left.\n|\n|t:|1684133454\n|move|p2a: Flutter Mane|Moonblast|p1b: Corviknight\n|-resisted|p1b: Corviknight\n|-damage|p1b: Corviknight|80\/100\n|move|p1a: Glimmora|Mortal Spin|p2a: Flutter Mane|[spread] p2a,p2b\n|-resisted|p2b: Ting-Lu\n|-damage|p2a: Flutter Mane|93\/100 psn\n|-damage|p2b: Ting-Lu|80\/100\n|-status|p2b: Ting-Lu|psn\n|move|p1b: Corviknight|Iron Head|p2a: Flutter Mane\n|-supereffective|p2a: Flutter Mane\n|-damage|p2a: Flutter Mane|0 fnt\n|faint|p2a: Flutter Mane\n|-end|p2a: Flutter Mane|Protosynthesis|[silent]\n|move|p2b: Ting-Lu|Earthquake|p1b: Corviknight|[spread] p1a\n|-immune|p1b: Corviknight\n|-resisted|p1a: Glimmora\n|-damage|p1a: Glimmora|71\/100\n|-activate|p1a: Glimmora|ability: Toxic Debris\n|-sidestart|p2: kyanabsl12|move: Toxic Spikes\n|\n|-weather|none\n|-heal|p1b: Corviknight|85\/100|[from] item: Leftovers\n|-damage|p2b: Ting-Lu|68\/100 psn|[from] psn\n|-sideend|p1: rodjilius|move: Light Screen\n|upkeep\n|turn|7\n|inactive|kyanabsl12 has 30 seconds left.\n|inactive|kyanabsl12 has 20 seconds left.\n|inactive|kyanabsl12 has 15 seconds left.\n|inactive|kyanabsl12 has 10 seconds left.\n|inactive|kyanabsl12 has 5 seconds left.\n|\n|t:|1684133509\n|move|p1a: Glimmora|Earth Power|p2b: Ting-Lu\n|-damage|p2b: Ting-Lu|53\/100 psn\n|move|p1b: Corviknight|Brave Bird|p2b: Ting-Lu\n|-damage|p2b: Ting-Lu|24\/100 psn\n|-damage|p1b: Corviknight|73\/100|[from] Recoil\n|move|p2b: Ting-Lu|Earthquake|p1b: Corviknight|[spread] p1a\n|-immune|p1b: Corviknight\n|-resisted|p1a: Glimmora\n|-damage|p1a: Glimmora|57\/100\n|\n|-heal|p1b: Corviknight|79\/100|[from] item: Leftovers\n|-damage|p2b: Ting-Lu|12\/100 psn|[from] psn\n|-sideend|p1: rodjilius|Reflect\n|upkeep\n|turn|8\n|inactive|kyanabsl12 has 30 seconds left.\n|inactive|kyanabsl12 has 20 seconds left.\n|inactive|kyanabsl12 has 15 seconds left.\n|inactive|kyanabsl12 has 10 seconds left.\n|inactive|kyanabsl12 has 5 seconds left.\n|\n|t:|1684133564\n|move|p1a: Glimmora|Earth Power|p2b: Ting-Lu\n|-damage|p2b: Ting-Lu|0 fnt\n|faint|p2b: Ting-Lu\n|\n|win|rodjilius\n|raw|rodjilius's rating: 1394 → 1413<\/strong> (+19 for winning)\n|raw|kyanabsl12's rating: 1380 → 1361<\/strong> (-19 for losing)\n","uploadtime":1684133588,"views":11,"p1id":"rodjilius","p2id":"kyanabsl12","formatid":"gen9vgc2023regulationc","rating":1361,"private":0,"password":""}