{"id":"gen9vgc2023regulationc-1848474114","p1":"SevveN","p2":"Stefano Ciaci","format":"[Gen 9] VGC 2023 Regulation C","log":"|j|\u2606SevveN\n|j|\u2606Stefano Ciaci\n|t:|1682082288\n|gametype|doubles\n|player|p1|SevveN|170|1273\n|player|p2|Stefano Ciaci|169|1315\n|teamsize|p1|6\n|teamsize|p2|6\n|gen|9\n|tier|[Gen 9] VGC 2023 Regulation C\n|rated|\n|rule|Species Clause: Limit one of each Pok\u00e9mon\n|rule|Item Clause: Limit one of each item\n|clearpoke\n|poke|p1|Ceruledge, L50, M|\n|poke|p1|Amoonguss, L50, M|\n|poke|p1|Sableye, L50, M|\n|poke|p1|Kingambit, L50, M|\n|poke|p1|Flutter Mane, L50|\n|poke|p1|Iron Bundle, L50|\n|poke|p2|Tyranitar, L50, F|\n|poke|p2|Torkoal, L50, M|\n|poke|p2|Annihilape, L50, M|\n|poke|p2|Oranguru, L50, M|\n|poke|p2|Garganacl, L50, F|\n|poke|p2|Gholdengo, L50|\n|teampreview|4\n|inactive|Battle timer is ON: inactive players will automatically lose when time's up. (requested by Stefano Ciaci)\n|inactive|SevveN has 60 seconds left.\n|\n|t:|1682082345\n|start\n|switch|p1a: Ceruledge|Ceruledge, L50, M, shiny|100\/100\n|switch|p1b: Sableye|Sableye, L50, M|100\/100\n|switch|p2a: Oranguru|Oranguru, L50, M|100\/100\n|switch|p2b: Annihilape|Annihilape, L50, M|100\/100\n|turn|1\n|\n|t:|1682082365\n|-terastallize|p1a: Ceruledge|Grass\n|move|p1b: Sableye|Reflect|p1b: Sableye\n|-sidestart|p1: SevveN|Reflect\n|move|p2b: Annihilape|Rage Fist|p1a: Ceruledge\n|-damage|p1a: Ceruledge|84\/100\n|move|p1a: Ceruledge|Bulk Up|p1a: Ceruledge\n|-boost|p1a: Ceruledge|atk|1\n|-boost|p1a: Ceruledge|def|1\n|move|p2a: Oranguru|Trick Room|p2a: Oranguru\n|-fieldstart|move: Trick Room|[of] p2a: Oranguru\n|\n|upkeep\n|turn|2\n|\n|t:|1682082384\n|switch|p2b: Torkoal|Torkoal, L50, M|100\/100\n|-weather|SunnyDay|[from] ability: Drought|[of] p2b: Torkoal\n|move|p1b: Sableye|Encore||[still]\n|-fail|p1b: Sableye\n|move|p2a: Oranguru|Encore|p1a: Ceruledge\n|-start|p1a: Ceruledge|Encore\n|move|p1a: Ceruledge|Bulk Up|p1a: Ceruledge\n|-boost|p1a: Ceruledge|atk|1\n|-boost|p1a: Ceruledge|def|1\n|\n|-weather|SunnyDay|[upkeep]\n|upkeep\n|turn|3\n|\n|t:|1682082408\n|-terastallize|p2b: Torkoal|Fire\n|move|p1b: Sableye|Light Screen|p1b: Sableye\n|-sidestart|p1: SevveN|move: Light Screen\n|move|p2b: Torkoal|Eruption|p1b: Sableye|[spread] p1b\n|-start|p1a: Ceruledge|ability: Flash Fire\n|-damage|p1b: Sableye|8\/100\n|move|p2a: Oranguru|Instruct|p2b: Torkoal\n|-singleturn|p2b: Torkoal|move: Instruct|[of] p2a: Oranguru\n|move|p2b: Torkoal|Eruption|p1b: Sableye|[spread] p1b\n|-immune|p1a: Ceruledge|[from] ability: Flash Fire\n|-damage|p1b: Sableye|0 fnt\n|faint|p1b: Sableye\n|move|p1a: Ceruledge|Bulk Up|p1a: Ceruledge\n|-boost|p1a: Ceruledge|atk|1\n|-boost|p1a: Ceruledge|def|1\n|\n|-weather|SunnyDay|[upkeep]\n|upkeep\n|inactive|SevveN has 30 seconds left.\n|\n|t:|1682082435\n|switch|p1b: Amoonguss|Amoonguss, L50, M, shiny|100\/100\n|turn|4\n|inactive|Stefano Ciaci has 30 seconds left.\n|\n|t:|1682082462\n|move|p1b: Amoonguss|Protect|p1b: Amoonguss\n|-singleturn|p1b: Amoonguss|Protect\n|move|p2a: Oranguru|Protect|p2a: Oranguru\n|-singleturn|p2a: Oranguru|Protect\n|move|p2b: Torkoal|Eruption|p1b: Amoonguss|[spread] \n|-activate|p1b: Amoonguss|move: Protect\n|-immune|p1a: Ceruledge|[from] ability: Flash Fire\n|move|p1a: Ceruledge|Bulk Up|p1a: Ceruledge\n|-boost|p1a: Ceruledge|atk|1\n|-boost|p1a: Ceruledge|def|1\n|\n|-weather|SunnyDay|[upkeep]\n|-end|p1a: Ceruledge|Encore\n|upkeep\n|turn|5\n|inactive|SevveN has 30 seconds left.\n|inactive|Stefano Ciaci has 30 seconds left.\n|\n|t:|1682082496\n|move|p1b: Amoonguss|Protect||[still]\n|-fail|p1b: Amoonguss\n|move|p1a: Ceruledge|Protect|p1a: Ceruledge\n|-singleturn|p1a: Ceruledge|Protect\n|move|p2b: Torkoal|Eruption|p1a: Ceruledge|[spread] p1b\n|-activate|p1a: Ceruledge|move: Protect\n|-supereffective|p1b: Amoonguss\n|-damage|p1b: Amoonguss|0 fnt\n|faint|p1b: Amoonguss\n|move|p2a: Oranguru|Encore|p1a: Ceruledge\n|-activate|p1a: Ceruledge|move: Protect\n|\n|-weather|SunnyDay|[upkeep]\n|-fieldend|move: Trick Room\n|upkeep\n|\n|t:|1682082508\n|switch|p1b: Iron Bundle|Iron Bundle, L50|100\/100\n|-enditem|p1b: Iron Bundle|Booster Energy\n|-activate|p1b: Iron Bundle|ability: Quark Drive|[fromitem]\n|-start|p1b: Iron Bundle|quarkdrivespe\n|turn|6\n|\n|t:|1682082530\n|move|p1b: Iron Bundle|Protect|p1b: Iron Bundle\n|-singleturn|p1b: Iron Bundle|Protect\n|move|p1a: Ceruledge|Bitter Blade|p2a: Oranguru\n|-damage|p2a: Oranguru|0 fnt\n|-heal|p1a: Ceruledge|100\/100|[from] drain|[of] p2a: Oranguru\n|faint|p2a: Oranguru\n|move|p2b: Torkoal|Heat Wave|p1a: Ceruledge|[spread] \n|-activate|p1b: Iron Bundle|move: Protect\n|-immune|p1a: Ceruledge|[from] ability: Flash Fire\n|\n|-weather|none\n|upkeep\n|\n|t:|1682082543\n|switch|p2a: Annihilape|Annihilape, L50, M|100\/100\n|turn|7\n|\n|t:|1682082558\n|move|p1b: Iron Bundle|Hydro Pump|p2b: Torkoal\n|-supereffective|p2b: Torkoal\n|-damage|p2b: Torkoal|0 fnt\n|faint|p2b: Torkoal\n|move|p2a: Annihilape|Final Gambit|p1a: Ceruledge\n|-damage|p1a: Ceruledge|0 fnt\n|faint|p2a: Annihilape\n|faint|p1a: Ceruledge\n|\n|upkeep\n|\n|t:|1682082568\n|switch|p2a: Garganacl|Garganacl, L50, F|100\/100\n|turn|8\n|\n|t:|1682082575\n|move|p1b: Iron Bundle|Hydro Pump|p2a: Garganacl\n|-supereffective|p2a: Garganacl\n|-damage|p2a: Garganacl|20\/100\n|move|p2a: Garganacl|Salt Cure|p1b: Iron Bundle\n|-supereffective|p1b: Iron Bundle\n|-damage|p1b: Iron Bundle|80\/100\n|-start|p1b: Iron Bundle|Salt Cure\n|\n|-heal|p2a: Garganacl|26\/100|[from] item: Leftovers\n|-damage|p1b: Iron Bundle|56\/100|[from] Salt Cure\n|-sideend|p1: SevveN|Reflect\n|upkeep\n|turn|9\n|\n|t:|1682082585\n|move|p2a: Garganacl|Protect|p2a: Garganacl\n|-singleturn|p2a: Garganacl|Protect\n|move|p1b: Iron Bundle|Freeze-Dry|p2a: Garganacl\n|-activate|p2a: Garganacl|move: Protect\n|\n|-heal|p2a: Garganacl|32\/100|[from] item: Leftovers\n|-damage|p1b: Iron Bundle|31\/100|[from] Salt Cure\n|upkeep\n|turn|10\n|\n|t:|1682082609\n|move|p1b: Iron Bundle|Hydro Pump|p2a: Garganacl\n|-supereffective|p2a: Garganacl\n|-damage|p2a: Garganacl|0 fnt\n|faint|p2a: Garganacl\n|\n|win|SevveN\n|raw|SevveN's rating: 1273 → 1301<\/strong> (+28 for winning)\n|raw|Stefano Ciaci's rating: 1315 → 1293<\/strong> (-22 for losing)\n|l|\u2606Stefano Ciaci\n","uploadtime":1682082618,"views":19,"p1id":"sevven","p2id":"stefanociaci","formatid":"gen9vgc2023regulationc","rating":1293,"private":0,"password":""}