{"id":"gen9vgc2023regulationc-1854495980","p1":"sempr9","p2":"tatsugirl i~","format":"[Gen 9] VGC 2023 Regulation C","log":"|j|\u2606sempr9\n|j|\u2606tatsugirl i~\n|t:|1682818429\n|gametype|doubles\n|player|p1|sempr9|miriam|\n|player|p2|tatsugirl i~|may-masters|\n|teamsize|p1|6\n|teamsize|p2|6\n|gen|9\n|tier|[Gen 9] VGC 2023 Regulation C\n|rated|Tournament battle\n|rule|Species Clause: Limit one of each Pok\u00e9mon\n|rule|Item Clause: Limit one of each item\n|clearpoke\n|poke|p1|Tatsugiri-Droopy, L50, F|\n|poke|p1|Glimmora, L50, F|\n|poke|p1|Dondozo, L50, F|\n|poke|p1|Chi-Yu, L50|\n|poke|p1|Iron Bundle, L50|\n|poke|p1|Dragonite, L50, F|\n|poke|p2|Kingambit, L50, F|\n|poke|p2|Gyarados, L50, F|\n|poke|p2|Dragapult, L50, F|\n|poke|p2|Flutter Mane, L50|\n|poke|p2|Chi-Yu, L50|\n|poke|p2|Dachsbun, L50, M|\n|teampreview|4\n|raw| Open Team Sheet for sempr9<\/summary>Hell Shell (Tatsugiri-Droopy) (F) @ Choice Scarf Ability: Commander Level: 50 Shiny: Yes Tera Type: Steel - Muddy Water - Icy Wind - Draco Meteor - Sleep Talk Portabella (Glimmora) (F) @ Focus Sash Ability: Toxic Debris Level: 50 Shiny: Yes Tera Type: Flying - Acid Spray - Power Gem - Earth Power - Spiky Shield Impala (Dondozo) (F) @ Leftovers Ability: Unaware Level: 50 Shiny: Yes Tera Type: Grass - Wave Crash - Tera Blast - Rock Slide - Protect Yeah Yeah (Chi-Yu) @ Choice Specs Ability: Beads of Ruin Level: 50 Tera Type: Grass - Dark Pulse - Heat Wave - Overheat - Tera Blast Okra (Iron Bundle) @ Booster Energy Ability: Quark Drive Level: 50 Shiny: Yes Tera Type: Ice - Hydro Pump - Freeze-Dry - Icy Wind - Protect EA (Dragonite) (F) @ Lum Berry Ability: Multiscale Level: 50 Tera Type: Flying - Tera Blast - Extreme Speed - Dragon Dance - Protect <\/details><\/div> Open Team Sheet for tatsugirl i~<\/summary>Kingambit @ Safety Goggles Ability: Defiant Level: 50 Tera Type: Fire - Sucker Punch - Iron Head - Kowtow Cleave - Protect Gyarados @ Rocky Helmet Ability: Intimidate Level: 50 Tera Type: Steel - Waterfall - Iron Head - Icy Wind - Protect Dragapult @ Life Orb Ability: Clear Body Level: 50 Tera Type: Steel - Dragon Darts - Phantom Force - Will-O-Wisp - Protect Flutter Mane @ Booster Energy Ability: Protosynthesis Level: 50 Tera Type: Fairy - Shadow Ball - Moonblast - Dazzling Gleam - Protect Chi-Yu @ Charcoal Ability: Beads of Ruin Level: 50 Tera Type: Grass - Lava Plume - Heat Wave - Dark Pulse - Protect Dachsbun @ Leftovers Ability: Well-Baked Body Level: 50 Tera Type: Steel - Body Press - Play Rough - Yawn - Protect <\/details><\/div>\n|j| Radio Free C-Side\n|j| ERZVZ\n|j| gargarnagarg\n|l| gargarnagarg\n|j|%Eeveon7\u2764\n|j| Crisblue444\n|\n|t:|1682818481\n|start\n|switch|p1a: Portabella|Glimmora, L50, F, shiny|100\/100\n|switch|p1b: Okra|Iron Bundle, L50, shiny|100\/100\n|switch|p2a: Dragapult|Dragapult, L50, F|100\/100\n|switch|p2b: Flutter Mane|Flutter Mane, L50|100\/100\n|-enditem|p1b: Okra|Booster Energy\n|-activate|p1b: Okra|ability: Quark Drive|[fromitem]\n|-start|p1b: Okra|quarkdrivespe\n|-enditem|p2b: Flutter Mane|Booster Energy\n|-activate|p2b: Flutter Mane|ability: Protosynthesis|[fromitem]\n|-start|p2b: Flutter Mane|protosynthesisspe\n|turn|1\n|l| Crisblue444\n|\n|t:|1682818511\n|move|p1b: Okra|Protect|p1b: Okra\n|-singleturn|p1b: Okra|Protect\n|move|p2b: Flutter Mane|Moonblast|p1b: Okra\n|-activate|p1b: Okra|move: Protect\n|move|p2a: Dragapult|Dragon Darts|p1a: Portabella\n|-damage|p1a: Portabella|62\/100\n|-activate|p1a: Portabella|ability: Toxic Debris\n|-sidestart|p2: tatsugirl i~|move: Toxic Spikes\n|-anim|p2a: Dragapult|Dragon Darts|p1a: Portabella\n|-damage|p1a: Portabella|21\/100\n|-activate|p1a: Portabella|ability: Toxic Debris\n|-sidestart|p2: tatsugirl i~|move: Toxic Spikes\n|-damage|p2a: Dragapult|91\/100|[from] item: Life Orb\n|move|p1a: Portabella|Earth Power|p2a: Dragapult\n|-damage|p2a: Dragapult|52\/100\n|\n|upkeep\n|turn|2\n|\n|t:|1682818526\n|move|p2a: Dragapult|Protect|p2a: Dragapult\n|-singleturn|p2a: Dragapult|Protect\n|move|p1b: Okra|Hydro Pump|p2b: Flutter Mane\n|-damage|p2b: Flutter Mane|46\/100\n|move|p2b: Flutter Mane|Dazzling Gleam|p1b: Okra|[spread] p1a,p1b\n|-resisted|p1a: Portabella\n|-damage|p1a: Portabella|2\/100\n|-damage|p1b: Okra|40\/100\n|move|p1a: Portabella|Power Gem|p2b: Flutter Mane\n|-damage|p2b: Flutter Mane|8\/100\n|\n|upkeep\n|turn|3\n|j| Crisblue444\n|j| meet my bad team\n|\n|t:|1682818549\n|switch|p1a: Impala|Dondozo, L50, F, shiny|100\/100\n|-terastallize|p2a: Dragapult|Steel\n|move|p2b: Flutter Mane|Protect|p2b: Flutter Mane\n|-singleturn|p2b: Flutter Mane|Protect\n|move|p1b: Okra|Freeze-Dry|p2a: Dragapult\n|-resisted|p2a: Dragapult\n|-damage|p2a: Dragapult|30\/100\n|move|p2a: Dragapult|Dragon Darts|p1b: Okra\n|-damage|p1b: Okra|0 fnt\n|-anim|p2a: Dragapult|Dragon Darts|p1a: Impala\n|-damage|p1a: Impala|81\/100\n|faint|p1b: Okra\n|-end|p1b: Okra|Quark Drive|[silent]\n|-damage|p2a: Dragapult|21\/100|[from] item: Life Orb\n|\n|-heal|p1a: Impala|87\/100|[from] item: Leftovers\n|upkeep\n|\n|t:|1682818561\n|switch|p1b: Portabella|Glimmora, L50, F, shiny|2\/100\n|turn|4\n|\n|t:|1682818570\n|switch|p1b: Hell Shell|Tatsugiri-Droopy, L50, F, shiny|100\/100\n|-activate|p1b: Hell Shell|ability: Commander|[of] p1a: Impala\n|-boost|p1a: Impala|atk|2\n|-boost|p1a: Impala|spa|2\n|-boost|p1a: Impala|spe|2\n|-boost|p1a: Impala|def|2\n|-boost|p1a: Impala|spd|2\n|move|p2b: Flutter Mane|Dazzling Gleam|p1a: Impala|[spread] p1a\n|-miss|p2b: Flutter Mane|p1b: Hell Shell\n|-crit|p1a: Impala\n|-damage|p1a: Impala|46\/100\n|move|p2a: Dragapult|Will-O-Wisp|p1a: Impala\n|-status|p1a: Impala|brn\n|move|p1a: Impala|Rock Slide|p2b: Flutter Mane|[spread] p2a,p2b\n|-resisted|p2a: Dragapult\n|-damage|p2a: Dragapult|10\/100\n|-damage|p2b: Flutter Mane|0 fnt\n|faint|p2b: Flutter Mane\n|-end|p2b: Flutter Mane|Protosynthesis|[silent]\n|\n|-heal|p1a: Impala|52\/100 brn|[from] item: Leftovers\n|-damage|p1a: Impala|46\/100 brn|[from] brn\n|upkeep\n|\n|t:|1682818592\n|switch|p2b: Chi-Yu|Chi-Yu, L50|100\/100\n|-status|p2b: Chi-Yu|tox\n|-ability|p2b: Chi-Yu|Beads of Ruin\n|turn|5\n|\n|t:|1682818601\n|move|p1a: Impala|Protect|p1a: Impala\n|-singleturn|p1a: Impala|Protect\n|move|p2a: Dragapult|Dragon Darts|p1a: Impala\n|-activate|p1a: Impala|move: Protect\n|move|p2b: Chi-Yu|Dark Pulse|p1a: Impala\n|-activate|p1a: Impala|move: Protect\n|\n|-heal|p1a: Impala|52\/100 brn|[from] item: Leftovers\n|-damage|p2b: Chi-Yu|94\/100 tox|[from] psn\n|-damage|p1a: Impala|46\/100 brn|[from] brn\n|upkeep\n|turn|6\n|\n|t:|1682818612\n|move|p2a: Dragapult|Dragon Darts|p1a: Impala\n|-damage|p1a: Impala|34\/100 brn\n|-anim|p2a: Dragapult|Dragon Darts|p1a: Impala\n|-damage|p1a: Impala|24\/100 brn\n|-damage|p2a: Dragapult|0 fnt|[from] item: Life Orb\n|faint|p2a: Dragapult\n|move|p2b: Chi-Yu|Dark Pulse|p1a: Impala\n|-damage|p1a: Impala|4\/100 brn\n|move|p1a: Impala|Wave Crash|p2b: Chi-Yu\n|-supereffective|p2b: Chi-Yu\n|-damage|p2b: Chi-Yu|0 fnt\n|faint|p2b: Chi-Yu\n|-damage|p1a: Impala|0 fnt|[from] Recoil\n|faint|p1a: Impala\n|\n|upkeep\n|\n|t:|1682818622\n|switch|p2b: Dachsbun|Dachsbun, L50, M|100\/100\n|switch|p1a: Portabella|Glimmora, L50, F, shiny|2\/100\n|-status|p2b: Dachsbun|tox\n|turn|7\n|\n|t:|1682818643\n|move|p1b: Hell Shell|Muddy Water|p2b: Dachsbun\n|-crit|p2b: Dachsbun\n|-damage|p2b: Dachsbun|14\/100 tox\n|move|p1a: Portabella|Acid Spray|p2b: Dachsbun\n|-supereffective|p2b: Dachsbun\n|-damage|p2b: Dachsbun|0 fnt\n|faint|p2b: Dachsbun\n|\n|win|sempr9\n|n|\u2606sempr9|sempr9\n|n|\u2606tatsugirl i~|tatsugirli\n|n| Radio Free C-Side|radiofreecside\n|n| ERZVZ|erzvz\n|n|+Eeveon7\u2764|eeveon7\n|n| Crisblue444|crisblue444\n|n| meet my bad team|meetmybadteam\n","uploadtime":1682818644,"views":13,"p1id":"sempr9","p2id":"tatsugirli","formatid":"gen9vgc2023regulationc","rating":0,"private":0,"password":""}