{"id":"gen9vgc2023regulationc-1858816677","p1":"DuskDevoir","p2":"FiloX36","format":"[Gen 9] VGC 2023 Regulation C","log":"|j|\u2606DuskDevoir\n|j|\u2606FiloX36\n|t:|1683367017\n|gametype|doubles\n|player|p1|DuskDevoir|bellelba|1148\n|player|p2|FiloX36|169|1261\n|teamsize|p1|6\n|teamsize|p2|6\n|gen|9\n|tier|[Gen 9] VGC 2023 Regulation C\n|rated|\n|rule|Species Clause: Limit one of each Pok\u00e9mon\n|rule|Item Clause: Limit one of each item\n|clearpoke\n|poke|p1|Flutter Mane, L50|\n|poke|p1|Abomasnow, L50, M|\n|poke|p1|Murkrow, L50, F|\n|poke|p1|Tauros-Paldea-Blaze, L50, M|\n|poke|p1|Florges, L50, F|\n|poke|p1|Wo-Chien, L50|\n|poke|p2|Chi-Yu, L50|\n|poke|p2|Flutter Mane, L50|\n|poke|p2|Iron Bundle, L50|\n|poke|p2|Iron Hands, L50|\n|poke|p2|Kingambit, L50, M|\n|poke|p2|Amoonguss, L50, M|\n|teampreview|4\n|inactive|Battle timer is ON: inactive players will automatically lose when time's up. (requested by DuskDevoir)\n|inactive|FiloX36 has 60 seconds left.\n|inactive|FiloX36 has 30 seconds left.\n|\n|t:|1683367129\n|start\n|switch|p1a: Florges|Florges, L50, F, shiny|100\/100\n|switch|p1b: Wo-Chien|Wo-Chien, L50|100\/100\n|switch|p2a: Iron Hands|Iron Hands, L50, shiny|100\/100\n|switch|p2b: Flutter Mane|Flutter Mane, L50, shiny|100\/100\n|-ability|p1b: Wo-Chien|Tablets of Ruin\n|turn|1\n|inactive|FiloX36 has 30 seconds left.\n|\n|t:|1683367158\n|switch|p1a: Tauros|Tauros-Paldea-Blaze, L50, M|100\/100\n|-ability|p1a: Tauros|Intimidate|boost\n|-unboost|p2a: Iron Hands|atk|1\n|-unboost|p2b: Flutter Mane|atk|1\n|switch|p1b: Abomasnow|Abomasnow, L50, M, shiny|100\/100\n|-weather|Snow|[from] ability: Snow Warning|[of] p1b: Abomasnow\n|-terastallize|p2a: Iron Hands|Fire\n|move|p2b: Flutter Mane|Shadow Ball|p1a: Tauros\n|-damage|p1a: Tauros|46\/100\n|move|p2a: Iron Hands|Swords Dance|p2a: Iron Hands\n|-boost|p2a: Iron Hands|atk|2\n|\n|-weather|Snow|[upkeep]\n|upkeep\n|turn|2\n|inactive|DuskDevoir has 30 seconds left.\n|\n|t:|1683367187\n|move|p2b: Flutter Mane|Shadow Ball|p1b: Abomasnow\n|-damage|p1b: Abomasnow|33\/100\n|move|p1a: Tauros|Earthquake|p2b: Flutter Mane|[spread] p1b,p2a,p2b\n|-resisted|p1b: Abomasnow\n|-supereffective|p2a: Iron Hands\n|-damage|p1b: Abomasnow|25\/100\n|-damage|p2a: Iron Hands|72\/100\n|-damage|p2b: Flutter Mane|62\/100\n|move|p1b: Abomasnow|Aurora Veil|p1b: Abomasnow\n|-sidestart|p1: DuskDevoir|move: Aurora Veil\n|move|p2a: Iron Hands|Drain Punch|p1b: Abomasnow\n|-supereffective|p1b: Abomasnow\n|-damage|p1b: Abomasnow|0 fnt\n|-heal|p2a: Iron Hands|81\/100|[from] drain|[of] p1b: Abomasnow\n|faint|p1b: Abomasnow\n|\n|-weather|Snow|[upkeep]\n|upkeep\n|\n|t:|1683367203\n|switch|p1b: Florges|Florges, L50, F, shiny|100\/100\n|turn|3\n|\n|t:|1683367220\n|move|p2b: Flutter Mane|Shadow Ball|p1a: Tauros\n|-damage|p1a: Tauros|6\/100\n|move|p1a: Tauros|Iron Head|p2b: Flutter Mane\n|-supereffective|p2b: Flutter Mane\n|-damage|p2b: Flutter Mane|0 fnt\n|faint|p2b: Flutter Mane\n|-end|p2b: Flutter Mane|Protosynthesis|[silent]\n|move|p1b: Florges|Misty Terrain|p1b: Florges\n|-fieldstart|move: Misty Terrain\n|move|p2a: Iron Hands|Swords Dance|p2a: Iron Hands\n|-boost|p2a: Iron Hands|atk|2\n|\n|-weather|Snow|[upkeep]\n|upkeep\n|\n|t:|1683367233\n|switch|p2b: Kingambit|Kingambit, L50, M, shiny|100\/100\n|turn|4\n|\n|t:|1683367244\n|move|p2b: Kingambit|Sucker Punch|p1a: Tauros\n|-resisted|p1a: Tauros\n|-damage|p1a: Tauros|0 fnt\n|faint|p1a: Tauros\n|move|p1b: Florges|Dazzling Gleam|p2a: Iron Hands|[spread] p2a,p2b\n|-resisted|p2a: Iron Hands\n|-crit|p2b: Kingambit\n|-damage|p2a: Iron Hands|72\/100\n|-damage|p2b: Kingambit|79\/100\n|move|p2a: Iron Hands|Thunder Punch|p1b: Florges\n|-damage|p1b: Florges|35\/100\n|\n|-weather|Snow|[upkeep]\n|upkeep\n|\n|t:|1683367255\n|switch|p1a: Wo-Chien|Wo-Chien, L50|100\/100\n|-ability|p1a: Wo-Chien|Tablets of Ruin\n|turn|5\n|\n|t:|1683367263\n|-terastallize|p1a: Wo-Chien|Water\n|move|p1b: Florges|Petal Blizzard|p2a: Iron Hands|[spread] p1a,p2a,p2b\n|-supereffective|p1a: Wo-Chien\n|-resisted|p2a: Iron Hands\n|-resisted|p2b: Kingambit\n|-damage|p1a: Wo-Chien|91\/100\n|-damage|p2a: Iron Hands|70\/100\n|-damage|p2b: Kingambit|76\/100\n|-enditem|p1a: Wo-Chien|Weakness Policy\n|-boost|p1a: Wo-Chien|atk|2|[from] item: Weakness Policy\n|-boost|p1a: Wo-Chien|spa|2|[from] item: Weakness Policy\n|-activate|p1b: Florges|ability: Symbiosis|Throat Spray|[of] p1a: Wo-Chien\n|move|p1a: Wo-Chien|Tera Blast|p2a: Iron Hands\n|-supereffective|p2a: Iron Hands\n|-damage|p2a: Iron Hands|0 fnt\n|faint|p2a: Iron Hands\n|-end|p2a: Iron Hands|Quark Drive|[silent]\n|move|p2b: Kingambit|Iron Head|p1b: Florges\n|-supereffective|p1b: Florges\n|-damage|p1b: Florges|0 fnt\n|faint|p1b: Florges\n|\n|-weather|none\n|upkeep\n|\n|t:|1683367280\n|switch|p2a: Chi-Yu|Chi-Yu, L50|100\/100\n|-ability|p2a: Chi-Yu|Beads of Ruin\n|turn|6\n|\n|t:|1683367287\n|move|p2a: Chi-Yu|Dark Pulse|p1a: Wo-Chien\n|-damage|p1a: Wo-Chien|62\/100\n|move|p1a: Wo-Chien|Tera Blast|p2a: Chi-Yu\n|-supereffective|p2a: Chi-Yu\n|-damage|p2a: Chi-Yu|0 fnt\n|faint|p2a: Chi-Yu\n|move|p2b: Kingambit|Iron Head|p1a: Wo-Chien\n|-resisted|p1a: Wo-Chien\n|-damage|p1a: Wo-Chien|52\/100\n|\n|upkeep\n|turn|7\n|\n|t:|1683367302\n|move|p2b: Kingambit|Sucker Punch|p1a: Wo-Chien\n|-damage|p1a: Wo-Chien|33\/100\n|move|p1a: Wo-Chien|Tera Blast|p2b: Kingambit\n|-damage|p2b: Kingambit|29\/100\n|\n|-fieldend|Misty Terrain\n|upkeep\n|turn|8\n|\n|t:|1683367312\n|move|p2b: Kingambit|Sucker Punch|p1a: Wo-Chien\n|-damage|p1a: Wo-Chien|16\/100\n|move|p1a: Wo-Chien|Tera Blast|p2b: Kingambit\n|-damage|p2b: Kingambit|0 fnt\n|faint|p2b: Kingambit\n|\n|win|DuskDevoir\n|raw|DuskDevoir's rating: 1148 → 1181<\/strong> (+33 for winning)\n|raw|FiloX36's rating: 1261 → 1228<\/strong> (-33 for losing)\n|l|\u2606FiloX36\n","uploadtime":1683367324,"views":12,"p1id":"duskdevoir","p2id":"filox36","formatid":"gen9vgc2023regulationc","rating":1181,"private":0,"password":""}