{"id":"gen9vgc2023regulationc-1846765804","p1":"totorool","p2":"QueenElizabethVGC","format":"[Gen 9] VGC 2023 Regulation C","log":"|j|\u2606totorool\n|j|\u2606QueenElizabethVGC\n|t:|1681875956\n|gametype|doubles\n|player|p1|totorool|169|1188\n|player|p2|QueenElizabethVGC|101|1171\n|teamsize|p1|6\n|teamsize|p2|6\n|gen|9\n|tier|[Gen 9] VGC 2023 Regulation C\n|rated|\n|rule|Species Clause: Limit one of each Pok\u00e9mon\n|rule|Item Clause: Limit one of each item\n|clearpoke\n|poke|p1|Pelipper, L50, F|\n|poke|p1|Palafin, L50, M|\n|poke|p1|Flutter Mane, L50|\n|poke|p1|Forretress, L50, F|\n|poke|p1|Ting-Lu, L50|\n|poke|p1|Wo-Chien, L50|\n|poke|p2|Naclstack, L50, M|\n|poke|p2|Indeedee-F, L50, F|\n|poke|p2|Tatsugiri-Stretchy, L50, M|\n|poke|p2|Flutter Mane, L50|\n|poke|p2|Amoonguss, L50, F|\n|poke|p2|Iron Hands, L50|\n|teampreview|4\nQueenElizabethVGC has agreed to open team sheets.\n|\n|t:|1681876001\n|start\n|switch|p1a: Forretress|Forretress, L50, F|100\/100\n|switch|p1b: Pelipper|Pelipper, L50, F|100\/100\n|switch|p2a: Terracotta|Naclstack, L50, M, shiny|100\/100\n|switch|p2b: Hey Cutie|Flutter Mane, L50|100\/100\n|-weather|RainDance|[from] ability: Drizzle|[of] p1b: Pelipper\n|turn|1\n|\n|t:|1681876022\n|move|p1b: Pelipper|Wide Guard|p1b: Pelipper\n|-singleturn|p1b: Pelipper|Wide Guard\n|move|p2b: Hey Cutie|Mystical Fire|p1a: Forretress\n|-supereffective|p1a: Forretress\n|-ability|p1a: Forretress|Sturdy\n|-damage|p1a: Forretress|1\/100\n|-unboost|p1a: Forretress|spa|1\n|move|p2a: Terracotta|Salt Cure|p1b: Pelipper\n|-supereffective|p1b: Pelipper\n|-damage|p1b: Pelipper|78\/100\n|-start|p1b: Pelipper|Salt Cure\n|move|p1a: Forretress|Toxic Spikes|p2b: Hey Cutie\n|-sidestart|p2: QueenElizabethVGC|move: Toxic Spikes\n|\n|-weather|RainDance|[upkeep]\n|-damage|p1b: Pelipper|53\/100|[from] Salt Cure\n|upkeep\n|turn|2\n|\n|t:|1681876047\n|-end|p2b: Hey Cutie|Protosynthesis|[silent]\n|switch|p2b: Imposter|Amoonguss, L50, F, shiny|100\/100\n|-sideend|p2: QueenElizabethVGC|move: Toxic Spikes|[of] p2b: Imposter\n|switch|p1b: Palafin|Palafin, L50, M|100\/100\n|move|p2a: Terracotta|Iron Defense|p2a: Terracotta\n|-boost|p2a: Terracotta|def|2\n|move|p1a: Forretress|Gyro Ball|p2b: Imposter\n|-damage|p2b: Imposter|91\/100\n|\n|-weather|RainDance|[upkeep]\n|upkeep\n|turn|3\n|\n|t:|1681876068\n|move|p1b: Palafin|Flip Turn|p2a: Terracotta\n|-supereffective|p2a: Terracotta\n|-damage|p2a: Terracotta|67\/100\n|\n|t:|1681876073\n|detailschange|p1b: Palafin|Palafin-Hero, L50, M\n|switch|p1b: Pelipper|Pelipper, L50, F|53\/100|[from] Flip Turn\n|move|p2a: Terracotta|Salt Cure|p1a: Forretress\n|-damage|p1a: Forretress|0 fnt\n|faint|p1a: Forretress\n|move|p2b: Imposter|Spore|p1b: Pelipper\n|-status|p1b: Pelipper|slp|[from] move: Spore\n|\n|-weather|RainDance|[upkeep]\n|upkeep\n|\n|t:|1681876083\n|switch|p1a: Palafin|Palafin-Hero, L50, M|100\/100\n|-activate|p1a: Palafin|ability: Zero to Hero\n|turn|4\n|\n|t:|1681876090\n|-terastallize|p1a: Palafin|Water\n|cant|p1b: Pelipper|slp\n|move|p2b: Imposter|Rage Powder|p2b: Imposter\n|-singleturn|p2b: Imposter|move: Rage Powder\n|move|p1a: Palafin|Wave Crash|p2b: Imposter\n|-resisted|p2b: Imposter\n|-damage|p2b: Imposter|4\/100\n|-enditem|p2b: Imposter|Sitrus Berry|[eat]\n|-heal|p2b: Imposter|29\/100|[from] item: Sitrus Berry\n|-damage|p1a: Palafin|64\/100|[from] Recoil\n|move|p2a: Terracotta|Body Press|p1a: Palafin\n|-damage|p1a: Palafin|24\/100\n|\n|-weather|RainDance|[upkeep]\n|upkeep\n|turn|5\n|\n|t:|1681876108\n|switch|p2b: Kimchi|Tatsugiri-Stretchy, L50, M|100\/100\n|move|p1a: Palafin|Wave Crash|p2b: Kimchi\n|-activate|p2b: Kimchi|ability: Storm Drain\n|-ability|p2b: Kimchi|Storm Drain|boost\n|-boost|p2b: Kimchi|spa|1\n|cant|p1b: Pelipper|slp\n|move|p2a: Terracotta|Body Press|p1a: Palafin\n|-damage|p1a: Palafin|0 fnt\n|faint|p1a: Palafin\n|\n|-weather|none\n|upkeep\n|\n|t:|1681876119\n|switch|p1a: Flutter Mane|Flutter Mane, L50|100\/100\n|turn|6\n|\n|t:|1681876133\n|move|p1a: Flutter Mane|Dazzling Gleam|p2a: Terracotta|[spread] p2a,p2b\n|-supereffective|p2b: Kimchi\n|-damage|p2a: Terracotta|31\/100\n|-damage|p2b: Kimchi|0 fnt\n|faint|p2b: Kimchi\n|-damage|p1a: Flutter Mane|90\/100|[from] item: Life Orb\n|-curestatus|p1b: Pelipper|slp|[msg]\n|move|p1b: Pelipper|Hurricane|p2a: Terracotta\n|-resisted|p2a: Terracotta\n|-damage|p2a: Terracotta|15\/100\n|move|p2a: Terracotta|Salt Cure|p1b: Pelipper\n|-supereffective|p1b: Pelipper\n|-damage|p1b: Pelipper|32\/100\n|-start|p1b: Pelipper|Salt Cure\n|\n|-damage|p1b: Pelipper|7\/100|[from] Salt Cure\n|upkeep\n|\n|t:|1681876148\n|switch|p2b: Hey Cutie|Flutter Mane, L50|100\/100\n|turn|7\n|\n|t:|1681876154\n|-terastallize|p2b: Hey Cutie|Fairy\n|move|p2a: Terracotta|Protect|p2a: Terracotta\n|-singleturn|p2a: Terracotta|Protect\n|move|p1b: Pelipper|Wide Guard|p1b: Pelipper\n|-singleturn|p1b: Pelipper|Wide Guard\n|move|p1a: Flutter Mane|Dazzling Gleam|p2a: Terracotta|[spread] p2b\n|-activate|p2a: Terracotta|move: Protect\n|-damage|p2b: Hey Cutie|56\/100\n|-damage|p1a: Flutter Mane|80\/100|[from] item: Life Orb\n|move|p2b: Hey Cutie|Shadow Ball|p1a: Flutter Mane\n|-supereffective|p1a: Flutter Mane\n|-damage|p1a: Flutter Mane|0 fnt\n|faint|p1a: Flutter Mane\n|-end|p1a: Flutter Mane|Protosynthesis|[silent]\n|\n|-damage|p1b: Pelipper|0 fnt|[from] Salt Cure\n|faint|p1b: Pelipper\n|\n|win|QueenElizabethVGC\n|upkeep\n|raw|totorool's rating: 1188 → 1162<\/strong> (-26 for losing)\n|raw|QueenElizabethVGC's rating: 1171 → 1197<\/strong> (+26 for winning)\n","uploadtime":1681876162,"views":10,"p1id":"totorool","p2id":"queenelizabethvgc","formatid":"gen9vgc2023regulationc","rating":1162,"private":0,"password":""}