{"id":"gen9vgc2023regulationc-1846461267","p1":"nacholarios","p2":"KB1107","format":"[Gen 9] VGC 2023 Regulation C","log":"|j|\u2606nacholarios\n|j|\u2606KB1107\n|t:|1681842749\n|gametype|doubles\n|player|p1|nacholarios|benga|1046\n|player|p2|KB1107|hugh|1062\n|teamsize|p1|6\n|teamsize|p2|6\n|gen|9\n|tier|[Gen 9] VGC 2023 Regulation C\n|rated|\n|rule|Species Clause: Limit one of each Pok\u00e9mon\n|rule|Item Clause: Limit one of each item\n|clearpoke\n|poke|p1|Klefki, L50, M|\n|poke|p1|Iron Hands, L50|\n|poke|p1|Palafin, L50, F|\n|poke|p1|Scizor, L50, F|\n|poke|p1|Amoonguss, L50, M|\n|poke|p1|Pelipper, L50, M|\n|poke|p2|Torkoal, L50, M|\n|poke|p2|Scizor, L50, F|\n|poke|p2|Scovillain, L50, M|\n|poke|p2|Tinkaton, L50, F|\n|poke|p2|Dragonite, L50, M|\n|poke|p2|Garchomp, L50, M|\n|teampreview|4\n|\n|t:|1681842794\n|start\n|switch|p1a: Klefki|Klefki, L50, M, shiny|100\/100\n|switch|p1b: Scizor|Scizor, L50, F, shiny|100\/100\n|switch|p2a: Scovillain|Scovillain, L50, M|100\/100\n|switch|p2b: Tinkaton|Tinkaton, L50, F|100\/100\n|-ability|p2b: Tinkaton|Mold Breaker\n|turn|1\n|\n|t:|1681842860\n|move|p2a: Scovillain|Protect|p2a: Scovillain\n|-singleturn|p2a: Scovillain|Protect\n|move|p2b: Tinkaton|Fake Out|p1b: Scizor\n|-resisted|p1b: Scizor\n|-damage|p1b: Scizor|97\/100\n|move|p1a: Klefki|Reflect|p1a: Klefki\n|-sidestart|p1: nacholarios|Reflect\n|cant|p1b: Scizor|flinch\n|\n|upkeep\n|turn|2\n|\n|t:|1681842930\n|switch|p2b: Torkoal|Torkoal, L50, M|100\/100\n|-weather|SunnyDay|[from] ability: Drought|[of] p2b: Torkoal\n|-item|p2b: Torkoal|Air Balloon\n|move|p1a: Klefki|Thunder Wave|p2b: Torkoal\n|-status|p2b: Torkoal|par\n|move|p2a: Scovillain|Flamethrower|p1b: Scizor\n|-supereffective|p1b: Scizor\n|-damage|p1b: Scizor|0 fnt\n|faint|p1b: Scizor\n|-damage|p2a: Scovillain|90\/100|[from] item: Life Orb\n|\n|-weather|SunnyDay|[upkeep]\n|upkeep\n|\n|t:|1681842942\n|switch|p1b: Safaera|Palafin, L50, F, shiny|100\/100\n|turn|3\n|\n|t:|1681842963\n|switch|p1a: Remix ft.|Pelipper, L50, M, shiny|100\/100\n|-weather|RainDance|[from] ability: Drizzle|[of] p1a: Remix ft.\n|move|p1b: Safaera|Protect|p1b: Safaera\n|-singleturn|p1b: Safaera|Protect\n|move|p2a: Scovillain|Solar Beam||[still]\n|-prepare|p2a: Scovillain|Solar Beam\n|move|p2b: Torkoal|Yawn|p1a: Remix ft.\n|-start|p1a: Remix ft.|move: Yawn|[of] p2b: Torkoal\n|\n|-weather|RainDance|[upkeep]\n|upkeep\n|turn|4\n|\n|t:|1681842985\n|detailschange|p1b: Safaera|Palafin-Hero, L50, F, shiny\n|switch|p1b: Klefki|Klefki, L50, M, shiny|100\/100\n|switch|p2b: Tinkaton|Tinkaton, L50, F|100\/100\n|-ability|p2b: Tinkaton|Mold Breaker\n|move|p2a: Scovillain|Solar Beam|p1b: Klefki|[from]lockedmove\n|-resisted|p1b: Klefki\n|-damage|p1b: Klefki|82\/100\n|-damage|p2a: Scovillain|80\/100|[from] item: Life Orb\n|move|p1a: Remix ft.|Tailwind|p1a: Remix ft.\n|-sidestart|p1: nacholarios|move: Tailwind\n|\n|-weather|RainDance|[upkeep]\n|-end|p1a: Remix ft.|move: Yawn|[silent]\n|-status|p1a: Remix ft.|slp\n|upkeep\n|turn|5\n|\n|t:|1681843013\n|switch|p2b: Torkoal|Torkoal, L50, M|100\/100 par\n|-weather|SunnyDay|[from] ability: Drought|[of] p2b: Torkoal\n|-item|p2b: Torkoal|Air Balloon\n|move|p1b: Klefki|Thunder Wave|p2b: Torkoal\n|-fail|p2b: Torkoal|par\n|move|p2a: Scovillain|Solar Beam||[still]\n|-prepare|p2a: Scovillain|Solar Beam\n|-anim|p2a: Scovillain|Solar Beam|p1a: Remix ft.\n|-enditem|p1a: Remix ft.|Focus Sash\n|-damage|p1a: Remix ft.|1\/100 slp\n|-damage|p2a: Scovillain|70\/100|[from] item: Life Orb\n|cant|p1a: Remix ft.|slp\n|\n|-weather|SunnyDay|[upkeep]\n|upkeep\n|turn|6\n|\n|t:|1681843045\n|switch|p1a: Safaera|Palafin-Hero, L50, F, shiny|100\/100\n|-activate|p1a: Safaera|ability: Zero to Hero\n|move|p1b: Klefki|Light Screen|p1b: Klefki\n|-sidestart|p1: nacholarios|move: Light Screen\n|move|p2a: Scovillain|Solar Beam||[still]\n|-prepare|p2a: Scovillain|Solar Beam\n|-anim|p2a: Scovillain|Solar Beam|p1b: Klefki\n|-resisted|p1b: Klefki\n|-damage|p1b: Klefki|56\/100\n|-damage|p2a: Scovillain|60\/100|[from] item: Life Orb\n|move|p2b: Torkoal|Yawn|p1b: Klefki\n|-start|p1b: Klefki|move: Yawn|[of] p2b: Torkoal\n|\n|-weather|SunnyDay|[upkeep]\n|upkeep\n|turn|7\n|\n|t:|1681843076\n|switch|p1b: Remix ft.|Pelipper, L50, M, shiny|1\/100 slp\n|-weather|RainDance|[from] ability: Drizzle|[of] p1b: Remix ft.\n|switch|p2b: Tinkaton|Tinkaton, L50, F|100\/100\n|-ability|p2b: Tinkaton|Mold Breaker\n|move|p2a: Scovillain|Protect|p2a: Scovillain\n|-singleturn|p2a: Scovillain|Protect\n|move|p1a: Safaera|Wave Crash|p2a: Scovillain\n|-activate|p2a: Scovillain|move: Protect\n|\n|-weather|RainDance|[upkeep]\n|-sideend|p1: nacholarios|move: Tailwind\n|upkeep\n|turn|8\n|\n|t:|1681843108\n|switch|p2b: Torkoal|Torkoal, L50, M|100\/100 par\n|-weather|SunnyDay|[from] ability: Drought|[of] p2b: Torkoal\n|-item|p2b: Torkoal|Air Balloon\n|switch|p1b: Klefki|Klefki, L50, M, shiny|56\/100\n|move|p2a: Scovillain|Solar Beam||[still]\n|-prepare|p2a: Scovillain|Solar Beam\n|-anim|p2a: Scovillain|Solar Beam|p1a: Safaera\n|-supereffective|p1a: Safaera\n|-damage|p1a: Safaera|7\/100\n|-damage|p2a: Scovillain|50\/100|[from] item: Life Orb\n|move|p1a: Safaera|Wave Crash|p2b: Torkoal\n|-supereffective|p2b: Torkoal\n|-damage|p2b: Torkoal|46\/100 par\n|-enditem|p2b: Torkoal|Air Balloon\n|-damage|p1a: Safaera|0 fnt|[from] Recoil\n|faint|p1a: Safaera\n|\n|-weather|SunnyDay|[upkeep]\n|-sideend|p1: nacholarios|Reflect\n|upkeep\n|-message|nacholarios forfeited.\n|\n|win|KB1107\n|raw|nacholarios's rating: 1046 → 1030<\/strong> (-16 for losing)\n|raw|KB1107's rating: 1062 → 1091<\/strong> (+29 for winning)\n|l|\u2606nacholarios\n","uploadtime":1681843134,"views":11,"p1id":"nacholarios","p2id":"kb1107","formatid":"gen9vgc2023regulationc","rating":1030,"private":0,"password":""}