{"id":"gen9vgc2023regulationc-1863323363","p1":"JoshMcVGC","p2":"thrillcorner","format":"[Gen 9] VGC 2023 Regulation C","log":"|j|\u2606JoshMcVGC\n|j|\u2606thrillcorner\n|t:|1684002489\n|gametype|doubles\n|player|p1|JoshMcVGC|teamrocket|1338\n|player|p2|thrillcorner|red-masters2|1419\n|teamsize|p1|6\n|teamsize|p2|6\n|gen|9\n|tier|[Gen 9] VGC 2023 Regulation C\n|rated|\n|rule|Species Clause: Limit one of each Pok\u00e9mon\n|rule|Item Clause: Limit one of each item\n|clearpoke\n|poke|p1|Glimmora, L50, M|\n|poke|p1|Garganacl, L50, M|\n|poke|p1|Wo-Chien, L50|\n|poke|p1|Ting-Lu, L50|\n|poke|p1|Chi-Yu, L50|\n|poke|p1|Klefki, L50, M|\n|poke|p2|Arcanine, L50, M|\n|poke|p2|Amoonguss, L50, M|\n|poke|p2|Flutter Mane, L50|\n|poke|p2|Kingambit, L50, M|\n|poke|p2|Iron Bundle, L50|\n|poke|p2|Baxcalibur, L50, F|\n|teampreview|4\nthrillcorner has agreed to open team sheets.\nJoshMcVGC has agreed to open team sheets.\n|\n|t:|1684002567\n|start\n|switch|p1a: Garganacl|Garganacl, L50, M|100\/100\n|switch|p1b: Chi-Yu|Chi-Yu, L50|100\/100\n|switch|p2a: Blueshido|Kingambit, L50, M, shiny|100\/100\n|switch|p2b: Willow|Flutter Mane, L50|100\/100\n|-ability|p1b: Chi-Yu|Beads of Ruin\n|turn|1\n|\n|t:|1684002601\n|-terastallize|p2a: Blueshido|Dark\n|-terastallize|p1a: Garganacl|Ghost\n|move|p1b: Chi-Yu|Protect|p1b: Chi-Yu\n|-singleturn|p1b: Chi-Yu|Protect\n|move|p2b: Willow|Dazzling Gleam|p1b: Chi-Yu|[spread] p1a\n|-activate|p1b: Chi-Yu|move: Protect\n|-damage|p1a: Garganacl|55\/100\n|move|p2a: Blueshido|Swords Dance|p2a: Blueshido\n|-boost|p2a: Blueshido|atk|2\n|move|p1a: Garganacl|Salt Cure|p2a: Blueshido\n|-damage|p2a: Blueshido|90\/100\n|-start|p2a: Blueshido|Salt Cure\n|\n|-damage|p2a: Blueshido|78\/100|[from] Salt Cure\n|upkeep\n|turn|2\n|\n|t:|1684002620\n|switch|p1b: Glimmora|Glimmora, L50, M|100\/100\n|move|p2a: Blueshido|Sucker Punch||[still]\n|-fail|p2a: Blueshido\n|move|p2b: Willow|Dazzling Gleam|p1b: Glimmora|[spread] p1a,p1b\n|-resisted|p1b: Glimmora\n|-damage|p1a: Garganacl|19\/100\n|-damage|p1b: Glimmora|79\/100\n|move|p1a: Garganacl|Recover|p1a: Garganacl\n|-heal|p1a: Garganacl|69\/100\n|\n|-damage|p2a: Blueshido|66\/100|[from] Salt Cure\n|upkeep\n|turn|3\n|\n|t:|1684002638\n|move|p1b: Glimmora|Spiky Shield|p1b: Glimmora\n|-singleturn|p1b: Glimmora|move: Protect\n|move|p1a: Garganacl|Protect|p1a: Garganacl\n|-singleturn|p1a: Garganacl|Protect\n|move|p2b: Willow|Dazzling Gleam|p1b: Glimmora|[spread] \n|-activate|p1a: Garganacl|move: Protect\n|-activate|p1b: Glimmora|move: Protect\n|move|p2a: Blueshido|Kowtow Cleave|p1a: Garganacl\n|-activate|p1a: Garganacl|move: Protect\n|\n|-damage|p2a: Blueshido|54\/100|[from] Salt Cure\n|upkeep\n|turn|4\n|\n|t:|1684002654\n|-end|p2b: Willow|Protosynthesis|[silent]\n|switch|p2b: Spordyceps|Amoonguss, L50, M|100\/100\n|switch|p1a: Chi-Yu|Chi-Yu, L50|100\/100\n|-ability|p1a: Chi-Yu|Beads of Ruin\n|move|p1b: Glimmora|Mortal Spin|p2a: Blueshido|[spread] p2a,p2b\n|-damage|p2a: Blueshido|51\/100\n|-damage|p2b: Spordyceps|96\/100\n|-status|p2a: Blueshido|psn\n|-enditem|p2a: Blueshido|Lum Berry|[eat]\n|-curestatus|p2a: Blueshido|psn|[msg]\n|move|p2a: Blueshido|Kowtow Cleave|p1a: Chi-Yu\n|-resisted|p1a: Chi-Yu\n|-crit|p1a: Chi-Yu\n|-damage|p1a: Chi-Yu|0 fnt\n|faint|p1a: Chi-Yu\n|\n|-damage|p2a: Blueshido|39\/100|[from] Salt Cure\n|upkeep\n|\n|t:|1684002662\n|switch|p1a: Wo-Chien|Wo-Chien, L50|100\/100\n|-ability|p1a: Wo-Chien|Tablets of Ruin\n|turn|5\n|\n|t:|1684002696\n|move|p2a: Blueshido|Sucker Punch|p1b: Glimmora\n|-damage|p1b: Glimmora|0 fnt\n|-activate|p1b: Glimmora|ability: Toxic Debris\n|-sidestart|p2: thrillcorner|move: Toxic Spikes\n|faint|p1b: Glimmora\n|move|p1a: Wo-Chien|Giga Drain|p2a: Blueshido\n|-crit|p2a: Blueshido\n|-damage|p2a: Blueshido|0 fnt\n|faint|p2a: Blueshido\n|move|p2b: Spordyceps|Pollen Puff|p2: Blueshido|[notarget]\n|-fail|p2b: Spordyceps\n|\n|upkeep\n|\n|t:|1684002707\n|switch|p1b: Garganacl|Garganacl, L50, M, tera:Ghost|69\/100\n|switch|p2a: Willow|Flutter Mane, L50|100\/100\n|-status|p2a: Willow|psn\n|turn|6\n|\n|t:|1684002717\n|move|p2a: Willow|Shadow Ball|p1b: Garganacl\n|-supereffective|p1b: Garganacl\n|-damage|p1b: Garganacl|18\/100\n|-unboost|p1b: Garganacl|spd|1\n|move|p1a: Wo-Chien|Leech Seed|p2a: Willow\n|-start|p2a: Willow|move: Leech Seed\n|move|p1b: Garganacl|Recover|p1b: Garganacl\n|-heal|p1b: Garganacl|68\/100\n|move|p2b: Spordyceps|Pollen Puff|p1a: Wo-Chien\n|-supereffective|p1a: Wo-Chien\n|-damage|p1a: Wo-Chien|50\/100\n|\n|-heal|p1a: Wo-Chien|57\/100|[from] item: Leftovers\n|-damage|p2a: Willow|88\/100 psn|[from] Leech Seed|[of] p1a: Wo-Chien\n|-heal|p1a: Wo-Chien|66\/100|[silent]\n|-damage|p2a: Willow|76\/100 psn|[from] psn\n|upkeep\n|turn|7\n|\n|t:|1684002736\n|move|p1a: Wo-Chien|Protect|p1a: Wo-Chien\n|-singleturn|p1a: Wo-Chien|Protect\n|move|p2a: Willow|Shadow Ball|p1b: Garganacl\n|-supereffective|p1b: Garganacl\n|-damage|p1b: Garganacl|0 fnt\n|faint|p1b: Garganacl\n|move|p2b: Spordyceps|Pollen Puff|p1a: Wo-Chien\n|-activate|p1a: Wo-Chien|move: Protect\n|\n|-heal|p1a: Wo-Chien|72\/100|[from] item: Leftovers\n|-damage|p2a: Willow|63\/100 psn|[from] Leech Seed|[of] p1a: Wo-Chien\n|-heal|p1a: Wo-Chien|81\/100|[silent]\n|-damage|p2a: Willow|51\/100 psn|[from] psn\n|upkeep\n|turn|8\n|-message|JoshMcVGC forfeited.\n|\n|win|thrillcorner\n|raw|JoshMcVGC's rating: 1338 → 1323<\/strong> (-15 for losing)\n|raw|thrillcorner's rating: 1419 → 1434<\/strong> (+15 for winning)\n|l|\u2606JoshMcVGC\n|c|\u2606thrillcorner|gg\n","uploadtime":1684002752,"views":8,"p1id":"joshmcvgc","p2id":"thrillcorner","formatid":"gen9vgc2023regulationc","rating":1323,"private":0,"password":""}