{"id":"gen9vgc2023regulationc-1847498394","p1":"The Penguinari","p2":"ModernNeesh","format":"[Gen 9] VGC 2023 Regulation C","log":"|j|\u2606The Penguinari\n|j|\u2606ModernNeesh\n|t:|1681962931\n|gametype|doubles\n|player|p1|The Penguinari|grimsley|\n|player|p2|ModernNeesh|hilbert|\n|teamsize|p1|6\n|teamsize|p2|6\n|gen|9\n|tier|[Gen 9] VGC 2023 Regulation C\n|rule|Species Clause: Limit one of each Pok\u00e9mon\n|rule|Item Clause: Limit one of each item\n|clearpoke\n|poke|p1|Iron Bundle, L50|\n|poke|p1|Amoonguss, L50, F|\n|poke|p1|Chi-Yu, L50|\n|poke|p1|Gyarados, L50, M|\n|poke|p1|Dragapult, L50, M|\n|poke|p1|Chien-Pao, L50|\n|poke|p2|Talonflame, L50, M|\n|poke|p2|Flutter Mane, L50|\n|poke|p2|Dragonite, L50, M|\n|poke|p2|Amoonguss, L50, F|\n|poke|p2|Iron Bundle, L50|\n|poke|p2|Great Tusk, L50|\n|teampreview|4\nModernNeesh has agreed to open team sheets.\nThe Penguinari has agreed to open team sheets.\n|\n|t:|1681962971\n|start\n|switch|p1a: Gyarados|Gyarados, L50, M|100\/100\n|switch|p1b: Chien-Pao|Chien-Pao, L50|100\/100\n|switch|p2a: Talonflame|Talonflame, L50, M|100\/100\n|switch|p2b: Flutter Mane|Flutter Mane, L50|100\/100\n|-ability|p1b: Chien-Pao|Sword of Ruin\n|-ability|p1a: Gyarados|Intimidate|boost\n|-unboost|p2a: Talonflame|atk|1\n|-unboost|p2b: Flutter Mane|atk|1\n|turn|1\n|\n|t:|1681963008\n|move|p1b: Chien-Pao|Protect|p1b: Chien-Pao\n|-singleturn|p1b: Chien-Pao|Protect\n|move|p2b: Flutter Mane|Protect|p2b: Flutter Mane\n|-singleturn|p2b: Flutter Mane|Protect\n|move|p2a: Talonflame|Tailwind|p2a: Talonflame\n|-sidestart|p2: ModernNeesh|move: Tailwind\n|move|p1a: Gyarados|Thunder Wave|p2b: Flutter Mane\n|-activate|p2b: Flutter Mane|move: Protect\n|\n|upkeep\n|turn|2\n|\n|t:|1681963044\n|move|p1b: Chien-Pao|Sucker Punch|p2b: Flutter Mane\n|-damage|p2b: Flutter Mane|0 fnt\n|faint|p2b: Flutter Mane\n|-end|p2b: Flutter Mane|Protosynthesis|[silent]\n|move|p2a: Talonflame|Heat Wave|p1b: Chien-Pao|[spread] p1a\n|-miss|p2a: Talonflame|p1b: Chien-Pao\n|-resisted|p1a: Gyarados\n|-crit|p1a: Gyarados\n|-damage|p1a: Gyarados|91\/100\n|move|p1a: Gyarados|Thunder Wave|p2a: Talonflame\n|-status|p2a: Talonflame|par\n|\n|upkeep\n|\n|t:|1681963079\n|switch|p2b: Great Tusk|Great Tusk, L50|100\/100\n|turn|3\n|\n|t:|1681963103\n|move|p1b: Chien-Pao|Protect|p1b: Chien-Pao\n|-singleturn|p1b: Chien-Pao|Protect\n|move|p2b: Great Tusk|Play Rough|p1b: Chien-Pao\n|-activate|p1b: Chien-Pao|move: Protect\n|move|p2a: Talonflame|Will-O-Wisp|p1a: Gyarados\n|-status|p1a: Gyarados|brn\n|move|p1a: Gyarados|Waterfall|p2b: Great Tusk\n|-supereffective|p2b: Great Tusk\n|-damage|p2b: Great Tusk|70\/100\n|\n|-damage|p1a: Gyarados|85\/100 brn|[from] brn\n|upkeep\n|turn|4\n|\n|t:|1681963138\n|switch|p1b: Iron Bundle|Iron Bundle, L50|100\/100\n|-enditem|p1b: Iron Bundle|Booster Energy\n|-activate|p1b: Iron Bundle|ability: Quark Drive|[fromitem]\n|-start|p1b: Iron Bundle|quarkdrivespe\n|move|p2b: Great Tusk|Play Rough|p1b: Iron Bundle\n|-damage|p1b: Iron Bundle|63\/100\n|move|p2a: Talonflame|Heat Wave|p1b: Iron Bundle|[spread] p1a,p1b\n|-resisted|p1a: Gyarados\n|-damage|p1a: Gyarados|78\/100 brn\n|-damage|p1b: Iron Bundle|30\/100\n|move|p1a: Gyarados|Waterfall|p2a: Talonflame\n|-supereffective|p2a: Talonflame\n|-damage|p2a: Talonflame|59\/100 par\n|\n|-damage|p1a: Gyarados|72\/100 brn|[from] brn\n|-sideend|p2: ModernNeesh|move: Tailwind\n|upkeep\n|turn|5\n|\n|t:|1681963170\n|-end|p2b: Great Tusk|Protosynthesis|[silent]\n|switch|p2b: Dragonite|Dragonite, L50, M|100\/100\n|move|p1b: Iron Bundle|Freeze-Dry|p2b: Dragonite\n|-supereffective|p2b: Dragonite\n|-damage|p2b: Dragonite|0 fnt\n|faint|p2b: Dragonite\n|move|p1a: Gyarados|Waterfall|p2a: Talonflame\n|-supereffective|p2a: Talonflame\n|-damage|p2a: Talonflame|15\/100 par\n|move|p2a: Talonflame|Tailwind|p2a: Talonflame\n|-sidestart|p2: ModernNeesh|move: Tailwind\n|\n|-damage|p1a: Gyarados|66\/100 brn|[from] brn\n|upkeep\n|\n|t:|1681963181\n|switch|p2b: Great Tusk|Great Tusk, L50|70\/100\n|turn|6\n|\n|t:|1681963213\n|move|p1b: Iron Bundle|Protect|p1b: Iron Bundle\n|-singleturn|p1b: Iron Bundle|Protect\n|move|p2b: Great Tusk|Play Rough|p1b: Iron Bundle\n|-activate|p1b: Iron Bundle|move: Protect\n|move|p2a: Talonflame|Will-O-Wisp|p1a: Gyarados\n|-fail|p1a: Gyarados|brn\n|move|p1a: Gyarados|Waterfall|p2b: Great Tusk\n|-supereffective|p2b: Great Tusk\n|-damage|p2b: Great Tusk|48\/100\n|\n|-damage|p1a: Gyarados|60\/100 brn|[from] brn\n|upkeep\n|turn|7\n|\n|t:|1681963245\n|move|p2b: Great Tusk|Play Rough|p1b: Iron Bundle\n|-damage|p1b: Iron Bundle|0 fnt\n|faint|p1b: Iron Bundle\n|-end|p1b: Iron Bundle|Quark Drive|[silent]\n|move|p2a: Talonflame|Heat Wave|p1a: Gyarados\n|-resisted|p1a: Gyarados\n|-damage|p1a: Gyarados|52\/100 brn\n|move|p1a: Gyarados|Waterfall|p2a: Talonflame\n|-supereffective|p2a: Talonflame\n|-damage|p2a: Talonflame|0 fnt\n|faint|p2a: Talonflame\n|\n|-damage|p1a: Gyarados|46\/100 brn|[from] brn\n|upkeep\n|\n|t:|1681963260\n|switch|p1b: Chien-Pao|Chien-Pao, L50|100\/100\n|-ability|p1b: Chien-Pao|Sword of Ruin\n|turn|8\n|\n|t:|1681963280\n|move|p1b: Chien-Pao|Protect|p1b: Chien-Pao\n|-singleturn|p1b: Chien-Pao|Protect\n|move|p2b: Great Tusk|Knock Off|p1a: Gyarados\n|-damage|p1a: Gyarados|0 fnt\n|-enditem|p1a: Gyarados|Figy Berry|[from] move: Knock Off|[of] p2b: Great Tusk\n|faint|p1a: Gyarados\n|\n|-sideend|p2: ModernNeesh|move: Tailwind\n|upkeep\n|\n|t:|1681963287\n|switch|p1a: Dragapult|Dragapult, L50, M|100\/100\n|turn|9\n|\n|t:|1681963312\n|move|p1a: Dragapult|Dragon Darts|p2b: Great Tusk\n|-damage|p2b: Great Tusk|10\/100\n|-anim|p1a: Dragapult|Dragon Darts|p2b: Great Tusk\n|-crit|p2b: Great Tusk\n|-damage|p2b: Great Tusk|0 fnt\n|faint|p2b: Great Tusk\n|-end|p2b: Great Tusk|Protosynthesis|[silent]\n|\n|win|The Penguinari\n|c|\u2606The Penguinari|gg\n|c|\u2606ModernNeesh|gg\n","uploadtime":1681963319,"views":12,"p1id":"thepenguinari","p2id":"modernneesh","formatid":"gen9vgc2023regulationc","rating":0,"private":0,"password":""}