{"id":"gen9vgc2023regulationc-1854249292","p1":"Turnips-suck","p2":"LordGig","format":"[Gen 9] VGC 2023 Regulation C","log":"|j|\u2606Turnips-suck\n|j|\u2606LordGig\n|t:|1682788489\n|gametype|doubles\n|player|p1|Turnips-suck|elesa|\n|player|p2|LordGig|colress|\n|teamsize|p1|6\n|teamsize|p2|6\n|gen|9\n|tier|[Gen 9] VGC 2023 Regulation C\n|rule|Species Clause: Limit one of each Pok\u00e9mon\n|rule|Item Clause: Limit one of each item\n|clearpoke\n|poke|p1|Flutter Mane, L50|\n|poke|p1|Tauros-Paldea-Blaze, L50, M|\n|poke|p1|Gyarados, L50, M|\n|poke|p1|Ting-Lu, L50|\n|poke|p1|Appletun, L50, F|\n|poke|p1|Pachirisu, L50, M|\n|poke|p2|Cloyster, L50, F|\n|poke|p2|Iron Jugulis, L50|\n|poke|p2|Quaquaval, L50, F|\n|poke|p2|Gholdengo, L50|\n|poke|p2|Donphan, L50, F|\n|poke|p2|Primeape, L50, M|\n|teampreview|4\n|inactive|Battle timer is ON: inactive players will automatically lose when time's up. (requested by Turnips-suck)\n|inactiveoff|Battle timer is now OFF.\n|c|\u2606Turnips-suck|glhf\n|c|\u2606LordGig|same brother\n|\n|t:|1682788526\n|start\n|switch|p1a: Shrimp Fried Rice|Gyarados, L50, M, shiny|100\/100\n|switch|p1b: Some Ting Wong|Ting-Lu, L50|100\/100\n|switch|p2a: Juggy B (Rapper)|Iron Jugulis, L50|100\/100\n|switch|p2b: Abit Bana Wilkin|Cloyster, L50, F|100\/100\n|-ability|p1b: Some Ting Wong|Vessel of Ruin\n|-enditem|p2a: Juggy B (Rapper)|Booster Energy\n|-activate|p2a: Juggy B (Rapper)|ability: Quark Drive|[fromitem]\n|-start|p2a: Juggy B (Rapper)|quarkdrivespe\n|turn|1\n|\n|t:|1682788548\n|move|p2a: Juggy B (Rapper)|Tailwind|p2a: Juggy B (Rapper)\n|-sidestart|p2: LordGig|move: Tailwind\n|move|p2b: Abit Bana Wilkin|Rock Blast|p1a: Shrimp Fried Rice\n|-supereffective|p1a: Shrimp Fried Rice\n|-damage|p1a: Shrimp Fried Rice|80\/100\n|-supereffective|p1a: Shrimp Fried Rice\n|-crit|p1a: Shrimp Fried Rice\n|-damage|p1a: Shrimp Fried Rice|52\/100\n|-supereffective|p1a: Shrimp Fried Rice\n|-damage|p1a: Shrimp Fried Rice|33\/100\n|-supereffective|p1a: Shrimp Fried Rice\n|-damage|p1a: Shrimp Fried Rice|13\/100\n|-supereffective|p1a: Shrimp Fried Rice\n|-damage|p1a: Shrimp Fried Rice|0 fnt\n|faint|p1a: Shrimp Fried Rice\n|-hitcount|p1: Shrimp Fried Rice|5\n|move|p1b: Some Ting Wong|Stone Edge|p2a: Juggy B (Rapper)\n|-supereffective|p2a: Juggy B (Rapper)\n|-damage|p2a: Juggy B (Rapper)|39\/100\n|\n|upkeep\n|\n|t:|1682788556\n|switch|p1a: Guillermo|Tauros-Paldea-Blaze, L50, M|100\/100\n|-ability|p1a: Guillermo|Intimidate|boost\n|-unboost|p2a: Juggy B (Rapper)|atk|1\n|-unboost|p2b: Abit Bana Wilkin|atk|1\n|turn|2\n|\n|t:|1682788578\n|-terastallize|p1a: Guillermo|Electric\n|move|p2a: Juggy B (Rapper)|Air Slash|p1a: Guillermo\n|-resisted|p1a: Guillermo\n|-damage|p1a: Guillermo|83\/100\n|move|p2b: Abit Bana Wilkin|Icicle Spear|p1b: Some Ting Wong\n|-supereffective|p1b: Some Ting Wong\n|-damage|p1b: Some Ting Wong|91\/100\n|-supereffective|p1b: Some Ting Wong\n|-damage|p1b: Some Ting Wong|84\/100\n|-supereffective|p1b: Some Ting Wong\n|-damage|p1b: Some Ting Wong|75\/100\n|-supereffective|p1b: Some Ting Wong\n|-damage|p1b: Some Ting Wong|65\/100\n|-supereffective|p1b: Some Ting Wong\n|-crit|p1b: Some Ting Wong\n|-damage|p1b: Some Ting Wong|44\/100\n|-hitcount|p1b: Some Ting Wong|5\n|cant|p1a: Guillermo|flinch\n|move|p1b: Some Ting Wong|Stone Edge|p2a: Juggy B (Rapper)|[miss]\n|-miss|p1b: Some Ting Wong|p2a: Juggy B (Rapper)\n|\n|upkeep\n|turn|3\n|c|\u2606Turnips-suck|pain\n|\n|t:|1682788603\n|move|p2a: Juggy B (Rapper)|Knock Off|p1a: Guillermo\n|-damage|p1a: Guillermo|65\/100\n|-enditem|p1a: Guillermo|Expert Belt|[from] move: Knock Off|[of] p2a: Juggy B (Rapper)\n|move|p2b: Abit Bana Wilkin|Icicle Spear|p1b: Some Ting Wong\n|-supereffective|p1b: Some Ting Wong\n|-damage|p1b: Some Ting Wong|35\/100\n|-supereffective|p1b: Some Ting Wong\n|-damage|p1b: Some Ting Wong|26\/100\n|-supereffective|p1b: Some Ting Wong\n|-damage|p1b: Some Ting Wong|18\/100\n|-supereffective|p1b: Some Ting Wong\n|-crit|p1b: Some Ting Wong\n|-damage|p1b: Some Ting Wong|0 fnt\n|faint|p1b: Some Ting Wong\n|-hitcount|p1: Some Ting Wong|4\n|move|p1a: Guillermo|Wild Charge|p2a: Juggy B (Rapper)\n|-supereffective|p2a: Juggy B (Rapper)\n|-damage|p2a: Juggy B (Rapper)|0 fnt\n|faint|p2a: Juggy B (Rapper)\n|-end|p2a: Juggy B (Rapper)|Quark Drive|[silent]\n|-damage|p1a: Guillermo|53\/100|[from] Recoil\n|\n|upkeep\n|\n|t:|1682788627\n|switch|p2a: Paul|Donphan, L50, F, shiny|100\/100\n|switch|p1b: One Hit Wonder|Flutter Mane, L50|100\/100\n|turn|4\n|\n|t:|1682788648\n|move|p1b: One Hit Wonder|Moonblast|p2a: Paul\n|-damage|p2a: Paul|27\/100\n|move|p2b: Abit Bana Wilkin|Icicle Spear|p1b: One Hit Wonder\n|-damage|p1b: One Hit Wonder|85\/100\n|-damage|p1b: One Hit Wonder|72\/100\n|-damage|p1b: One Hit Wonder|58\/100\n|-damage|p1b: One Hit Wonder|44\/100\n|-damage|p1b: One Hit Wonder|29\/100\n|-hitcount|p1b: One Hit Wonder|5\n|move|p2a: Paul|High Horsepower|p1a: Guillermo\n|-supereffective|p1a: Guillermo\n|-damage|p1a: Guillermo|0 fnt\n|faint|p1a: Guillermo\n|\n|-sideend|p2: LordGig|move: Tailwind\n|upkeep\n|turn|5\n|c|\u2606Turnips-suck|gg\n|\n|t:|1682788665\n|move|p1b: One Hit Wonder|Moonblast|p2b: Abit Bana Wilkin\n|-enditem|p2b: Abit Bana Wilkin|Focus Sash\n|-damage|p2b: Abit Bana Wilkin|1\/100\n|-unboost|p2b: Abit Bana Wilkin|spa|1\n|move|p2b: Abit Bana Wilkin|Icicle Spear|p1b: One Hit Wonder\n|-damage|p1b: One Hit Wonder|16\/100\n|-damage|p1b: One Hit Wonder|0 fnt\n|faint|p1b: One Hit Wonder\n|-end|p1b: One Hit Wonder|Protosynthesis|[silent]\n|-hitcount|p1: One Hit Wonder|2\n|\n|win|LordGig\n|c|\u2606LordGig|gg\n","uploadtime":1682788671,"views":21,"p1id":"turnipssuck","p2id":"lordgig","formatid":"gen9vgc2023regulationc","rating":0,"private":0,"password":""}