{"id":"gen9vgc2023regulationc-1849087735","p1":"gbfgfgr5","p2":"Flo51","format":"[Gen 9] VGC 2023 Regulation C","log":"|j|\u2606gbfgfgr5\n|j|\u2606Flo51\n|t:|1682152927\n|gametype|doubles\n|player|p1|gbfgfgr5|102|1132\n|player|p2|Flo51|101|1183\n|teamsize|p1|6\n|teamsize|p2|6\n|gen|9\n|tier|[Gen 9] VGC 2023 Regulation C\n|rated|\n|rule|Species Clause: Limit one of each Pok\u00e9mon\n|rule|Item Clause: Limit one of each item\n|clearpoke\n|poke|p1|Torkoal, L50, F|\n|poke|p1|Chi-Yu, L50|\n|poke|p1|Bronzong, L50|\n|poke|p1|Gastrodon, L50, F|\n|poke|p1|Grimmsnarl, L50, M|\n|poke|p1|Skeledirge, L50, M|\n|poke|p2|Palafin, L50, F|\n|poke|p2|Glimmora, L50, M|\n|poke|p2|Wo-Chien, L50|\n|poke|p2|Corviknight, L50, M|\n|poke|p2|Arcanine, L50, F|\n|poke|p2|Hydreigon, L50, F|\n|teampreview|4\n|inactive|Battle timer is ON: inactive players will automatically lose when time's up. (requested by gbfgfgr5)\n|\n|t:|1682152977\n|start\n|switch|p1a: Grimmsnarl|Grimmsnarl, L50, M|100\/100\n|switch|p1b: Skeledirge|Skeledirge, L50, M|100\/100\n|switch|p2a: Glimmora|Glimmora, L50, M|100\/100\n|switch|p2b: Hydreigon|Hydreigon, L50, F|100\/100\n|turn|1\n|\n|t:|1682153002\n|-terastallize|p2b: Hydreigon|Fire\n|move|p1b: Skeledirge|Protect|p1b: Skeledirge\n|-singleturn|p1b: Skeledirge|Protect\n|move|p1a: Grimmsnarl|Trick|p2a: Glimmora\n|-activate|p1a: Grimmsnarl|move: Trick|[of] p2a: Glimmora\n|-item|p2a: Glimmora|Lagging Tail|[from] move: Trick\n|-item|p1a: Grimmsnarl|Focus Sash|[from] move: Trick\n|move|p2a: Glimmora|Power Gem|p1b: Skeledirge\n|-activate|p1b: Skeledirge|move: Protect\n|move|p2b: Hydreigon|Heat Wave|p1a: Grimmsnarl|[spread] p1a\n|-activate|p1b: Skeledirge|move: Protect\n|-damage|p1a: Grimmsnarl|39\/100\n|-damage|p2b: Hydreigon|91\/100|[from] item: Life Orb\n|\n|upkeep\n|turn|2\n|inactive|Flo51 has 30 seconds left.\n|\n|t:|1682153030\n|switch|p1b: Gastrodon|Gastrodon, L50, F|100\/100\n|move|p1a: Grimmsnarl|Sucker Punch|p2b: Hydreigon\n|-damage|p2b: Hydreigon|58\/100\n|move|p2b: Hydreigon|Heat Wave|p1a: Grimmsnarl|[spread] p1a,p1b\n|-resisted|p1b: Gastrodon\n|-damage|p1a: Grimmsnarl|0 fnt\n|-damage|p1b: Gastrodon|80\/100\n|faint|p1a: Grimmsnarl\n|-damage|p2b: Hydreigon|48\/100|[from] item: Life Orb\n|move|p2a: Glimmora|Power Gem|p1b: Gastrodon\n|-resisted|p1b: Gastrodon\n|-damage|p1b: Gastrodon|67\/100\n|\n|upkeep\n|\n|t:|1682153044\n|switch|p1a: Skeledirge|Skeledirge, L50, M|100\/100\n|turn|3\n|\n|t:|1682153054\n|move|p1a: Skeledirge|Protect|p1a: Skeledirge\n|-singleturn|p1a: Skeledirge|Protect\n|move|p1b: Gastrodon|Protect|p1b: Gastrodon\n|-singleturn|p1b: Gastrodon|Protect\n|move|p2b: Hydreigon|Draco Meteor|p1b: Gastrodon\n|-activate|p1b: Gastrodon|move: Protect\n|move|p2a: Glimmora|Mortal Spin|p1b: Gastrodon|[spread] \n|-activate|p1a: Skeledirge|move: Protect\n|-activate|p1b: Gastrodon|move: Protect\n|\n|upkeep\n|turn|4\n|\n|t:|1682153074\n|-terastallize|p1b: Gastrodon|Steel\n|move|p2b: Hydreigon|Draco Meteor|p1b: Gastrodon\n|-resisted|p1b: Gastrodon\n|-damage|p1b: Gastrodon|29\/100\n|-unboost|p2b: Hydreigon|spa|2\n|-damage|p2b: Hydreigon|39\/100|[from] item: Life Orb\n|move|p1a: Skeledirge|Torch Song|p2b: Hydreigon\n|-resisted|p2b: Hydreigon\n|-damage|p2b: Hydreigon|20\/100\n|-boost|p1a: Skeledirge|spa|1\n|move|p1b: Gastrodon|Earth Power|p2a: Glimmora\n|-supereffective|p2a: Glimmora\n|-damage|p2a: Glimmora|0 fnt\n|faint|p2a: Glimmora\n|\n|upkeep\n|\n|t:|1682153094\n|switch|p2a: Arcanine|Arcanine, L50, F, shiny|100\/100\n|-ability|p2a: Arcanine|Intimidate|boost\n|-unboost|p1a: Skeledirge|atk|1\n|-unboost|p1b: Gastrodon|atk|1\n|turn|5\n|\n|t:|1682153103\n|move|p1b: Gastrodon|Protect|p1b: Gastrodon\n|-singleturn|p1b: Gastrodon|Protect\n|move|p2a: Arcanine|Snarl|p1b: Gastrodon|[spread] p1a\n|-activate|p1b: Gastrodon|move: Protect\n|-supereffective|p1a: Skeledirge\n|-damage|p1a: Skeledirge|78\/100\n|-unboost|p1a: Skeledirge|spa|1\n|move|p2b: Hydreigon|Heat Wave|p1a: Skeledirge|[spread] p1a\n|-activate|p1b: Gastrodon|move: Protect\n|-resisted|p1a: Skeledirge\n|-damage|p1a: Skeledirge|63\/100\n|-damage|p2b: Hydreigon|10\/100|[from] item: Life Orb\n|move|p1a: Skeledirge|Torch Song|p2b: Hydreigon\n|-resisted|p2b: Hydreigon\n|-damage|p2b: Hydreigon|0 fnt\n|-boost|p1a: Skeledirge|spa|1\n|faint|p2b: Hydreigon\n|\n|-heal|p1a: Skeledirge|69\/100|[from] item: Leftovers\n|upkeep\n|\n|t:|1682153123\n|switch|p2b: Palafin|Palafin, L50, F|100\/100\n|turn|6\n|\n|t:|1682153133\n|switch|p1b: Bronzong|Bronzong, L50|100\/100\n|move|p1a: Skeledirge|Protect|p1a: Skeledirge\n|-singleturn|p1a: Skeledirge|Protect\n|move|p2a: Arcanine|Snarl|p1a: Skeledirge|[spread] p1b\n|-activate|p1a: Skeledirge|move: Protect\n|-supereffective|p1b: Bronzong\n|-damage|p1b: Bronzong|84\/100\n|-unboost|p1b: Bronzong|spa|1\n|move|p2b: Palafin|Drain Punch|p1b: Bronzong\n|-damage|p1b: Bronzong|72\/100\n|\n|-heal|p1a: Skeledirge|75\/100|[from] item: Leftovers\n|upkeep\n|turn|7\n|\n|t:|1682153155\n|switch|p1a: Gastrodon|Gastrodon, L50, F, tera:Steel|29\/100\n|move|p2b: Palafin|Jet Punch|p1a: Gastrodon\n|-ability|p1a: Gastrodon|Storm Drain|boost\n|-boost|p1a: Gastrodon|spa|1\n|move|p2a: Arcanine|Snarl|p1b: Bronzong|[spread] p1a,p1b\n|-supereffective|p1b: Bronzong\n|-damage|p1a: Gastrodon|21\/100\n|-damage|p1b: Bronzong|55\/100\n|-unboost|p1b: Bronzong|spa|1\n|move|p1b: Bronzong|Trick Room|p1b: Bronzong\n|-fieldstart|move: Trick Room|[of] p1b: Bronzong\n|\n|upkeep\n|turn|8\n|\n|t:|1682153171\n|move|p1a: Gastrodon|Protect|p1a: Gastrodon\n|-singleturn|p1a: Gastrodon|Protect\n|move|p1b: Bronzong|Body Press|p2a: Arcanine\n|-damage|p2a: Arcanine|72\/100\n|move|p2b: Palafin|Drain Punch|p1a: Gastrodon\n|-activate|p1a: Gastrodon|move: Protect\n|move|p2a: Arcanine|Snarl|p1a: Gastrodon|[spread] p1b\n|-activate|p1a: Gastrodon|move: Protect\n|-supereffective|p1b: Bronzong\n|-crit|p1b: Bronzong\n|-damage|p1b: Bronzong|28\/100\n|-unboost|p1b: Bronzong|spa|1\n|\n|upkeep\n|turn|9\n|\n|t:|1682153189\n|move|p1b: Bronzong|Body Press|p2b: Palafin\n|-damage|p2b: Palafin|70\/100\n|move|p1a: Gastrodon|Earth Power|p2b: Palafin\n|-damage|p2b: Palafin|5\/100\n|move|p2b: Palafin|Drain Punch|p1b: Bronzong\n|-damage|p1b: Bronzong|15\/100\n|-heal|p2b: Palafin|11\/100|[from] drain|[of] p1b: Bronzong\n|move|p2a: Arcanine|Snarl|p1b: Bronzong|[spread] p1a,p1b\n|-crit|p1a: Gastrodon\n|-supereffective|p1b: Bronzong\n|-damage|p1a: Gastrodon|10\/100\n|-damage|p1b: Bronzong|0 fnt\n|faint|p1b: Bronzong\n|\n|upkeep\n|\n|t:|1682153191\n|switch|p1b: Skeledirge|Skeledirge, L50, M|75\/100\n|turn|10\n|\n|t:|1682153208\n|move|p1a: Gastrodon|Protect|p1a: Gastrodon\n|-singleturn|p1a: Gastrodon|Protect\n|move|p2b: Palafin|Jet Punch|p1a: Gastrodon\n|-activate|p1a: Gastrodon|ability: Storm Drain\n|-activate|p1a: Gastrodon|move: Protect\n|move|p1b: Skeledirge|Torch Song|p2b: Palafin\n|-resisted|p2b: Palafin\n|-damage|p2b: Palafin|0 fnt\n|-boost|p1b: Skeledirge|spa|1\n|faint|p2b: Palafin\n|move|p2a: Arcanine|Snarl|p1a: Gastrodon|[spread] p1b\n|-activate|p1a: Gastrodon|move: Protect\n|-supereffective|p1b: Skeledirge\n|-damage|p1b: Skeledirge|54\/100\n|-unboost|p1b: Skeledirge|spa|1\n|\n|-heal|p1b: Skeledirge|59\/100|[from] item: Leftovers\n|upkeep\n|turn|11\n|\n|t:|1682153226\n|move|p1a: Gastrodon|Earth Power|p2a: Arcanine\n|-supereffective|p2a: Arcanine\n|-damage|p2a: Arcanine|0 fnt\n|faint|p2a: Arcanine\n|\n|win|gbfgfgr5\n|raw|gbfgfgr5's rating: 1132 → 1161<\/strong> (+29 for winning)\n|raw|Flo51's rating: 1183 → 1154<\/strong> (-29 for losing)\n","uploadtime":1682153230,"views":8,"p1id":"gbfgfgr5","p2id":"flo51","formatid":"gen9vgc2023regulationc","rating":1154,"private":0,"password":""}