{"id":"gen9vgc2023regulationc-1864080293","p1":"no_dupes","p2":"Jaywill06","format":"[Gen 9] VGC 2023 Regulation C","log":"|j|\u2606no_dupes\n|j|\u2606Jaywill06\n|t:|1684114576\n|gametype|doubles\n|player|p1|no_dupes|silver|\n|player|p2|Jaywill06|rosa|\n|teamsize|p1|6\n|teamsize|p2|6\n|gen|9\n|tier|[Gen 9] VGC 2023 Regulation C\n|rule|Species Clause: Limit one of each Pok\u00e9mon\n|rule|Item Clause: Limit one of each item\n|clearpoke\n|poke|p1|Pelipper, L50, M|\n|poke|p1|Palafin, L50, F|\n|poke|p1|Salamence, L50, M|\n|poke|p1|Scizor, L50, F|\n|poke|p1|Chien-Pao, L50|\n|poke|p1|Tinkaton, L50, F|\n|poke|p2|Pawmot, L50, F|\n|poke|p2|Dondozo, L50, F|\n|poke|p2|Tatsugiri, L50, F|\n|poke|p2|Iron Bundle, L50|\n|poke|p2|Murkrow, L50, M|\n|poke|p2|Gholdengo, L50|\n|teampreview|4\nno_dupes has agreed to open team sheets.\nJaywill06 has agreed to open team sheets.\n|\n|t:|1684114606\n|start\n|switch|p1a: Palafin|Palafin, L50, F, shiny|100\/100\n|switch|p1b: Tinkaton|Tinkaton, L50, F, shiny|100\/100\n|switch|p2a: Iron Pravus|Iron Bundle, L50|100\/100\n|switch|p2b: Dupes|Dondozo, L50, F|100\/100\n|-ability|p1b: Tinkaton|Mold Breaker\n|turn|1\n|\n|t:|1684114634\n|-end|p2a: Iron Pravus|Quark Drive|[silent]\n|switch|p2a: King|Gholdengo, L50|100\/100\n|detailschange|p1a: Palafin|Palafin-Hero, L50, F, shiny\n|switch|p1a: Scizor|Scizor, L50, F|100\/100\n|move|p1b: Tinkaton|Fake Out|p2b: Dupes\n|-damage|p2b: Dupes|95\/100\n|cant|p2b: Dupes|flinch\n|\n|upkeep\n|turn|2\n|\n|t:|1684114671\n|switch|p1a: Palafin|Palafin-Hero, L50, F, shiny|100\/100\n|-activate|p1a: Palafin|ability: Zero to Hero\n|move|p2a: King|Trick|p1a: Palafin\n|-activate|p2a: King|move: Trick|[of] p1a: Palafin\n|-item|p1a: Palafin|Choice Specs|[from] move: Trick\n|-item|p2a: King|Safety Goggles|[from] move: Trick\n|move|p1b: Tinkaton|Gigaton Hammer|p2a: King\n|-resisted|p2a: King\n|-damage|p2a: King|75\/100\n|move|p2b: Dupes|Wave Crash|p1b: Tinkaton\n|-damage|p1b: Tinkaton|50\/100\n|-enditem|p1b: Tinkaton|Sitrus Berry|[eat]\n|-heal|p1b: Tinkaton|74\/100|[from] item: Sitrus Berry\n|-damage|p2b: Dupes|81\/100|[from] Recoil\n|\n|upkeep\n|turn|3\n|inactive|Battle timer is ON: inactive players will automatically lose when time's up. (requested by no_dupes)\n|\n|t:|1684114706\n|switch|p2a: Iron Pravus|Iron Bundle, L50|100\/100\n|move|p1b: Tinkaton|Play Rough|p2b: Dupes\n|-damage|p2b: Dupes|62\/100\n|-unboost|p2b: Dupes|atk|1\n|move|p1a: Palafin|Haze|p1a: Palafin\n|-clearallboost\n|move|p2b: Dupes|Wave Crash|p1b: Tinkaton\n|-damage|p1b: Tinkaton|22\/100\n|-damage|p2b: Dupes|48\/100|[from] Recoil\n|\n|upkeep\n|turn|4\n|\n|t:|1684114725\n|switch|p1a: Scizor|Scizor, L50, F|100\/100\n|move|p2a: Iron Pravus|Freeze-Dry|p1a: Scizor\n|-resisted|p1a: Scizor\n|-damage|p1a: Scizor|80\/100\n|-status|p1a: Scizor|frz\n|move|p1b: Tinkaton|Gigaton Hammer|p2b: Dupes\n|-resisted|p2b: Dupes\n|-crit|p2b: Dupes\n|-damage|p2b: Dupes|24\/100\n|move|p2b: Dupes|Rest|p2b: Dupes\n|-status|p2b: Dupes|slp|[from] move: Rest\n|-heal|p2b: Dupes|100\/100 slp|[silent]\n|\n|upkeep\n|turn|5\n|\n|t:|1684114746\n|-end|p2a: Iron Pravus|Quark Drive|[silent]\n|switch|p2a: King|Gholdengo, L50|75\/100\n|cant|p1a: Scizor|frz\n|move|p1b: Tinkaton|Play Rough|p2a: King\n|-resisted|p2a: King\n|-damage|p2a: King|61\/100\n|cant|p2b: Dupes|slp\n|move|p2b: Dupes|Sleep Talk|p2b: Dupes\n|move|p2b: Dupes|Rest||[from]move: Sleep Talk|[still]\n|-fail|p2b: Dupes\n|\n|upkeep\n|turn|6\n|\n|t:|1684114763\n|switch|p1b: Palafin|Palafin-Hero, L50, F, shiny|100\/100\n|cant|p1a: Scizor|frz\n|move|p2a: King|Shadow Ball|p1b: Palafin\n|-damage|p1b: Palafin|60\/100\n|cant|p2b: Dupes|slp\n|move|p2b: Dupes|Sleep Talk|p2b: Dupes\n|move|p2b: Dupes|Rest||[from]move: Sleep Talk|[still]\n|-fail|p2b: Dupes\n|\n|upkeep\n|turn|7\n|\n|t:|1684114787\n|-terastallize|p1b: Palafin|Water\n|move|p1b: Palafin|Jet Punch|p2a: King\n|-damage|p2a: King|2\/100\n|-curestatus|p1a: Scizor|frz|[msg]\n|move|p1a: Scizor|Bullet Punch|p2a: King\n|-resisted|p2a: King\n|-damage|p2a: King|0 fnt\n|faint|p2a: King\n|-curestatus|p2b: Dupes|slp|[msg]\n|move|p2b: Dupes|Earthquake|p1a: Scizor|[spread] p1a,p1b\n|-damage|p1a: Scizor|54\/100\n|-damage|p1b: Palafin|40\/100\n|\n|upkeep\n|\n|t:|1684114799\n|switch|p2a: Cyrus|Pawmot, L50, F|100\/100\n|turn|8\n|\n|t:|1684114807\n|switch|p1b: Tinkaton|Tinkaton, L50, F, shiny|22\/100\n|-ability|p1b: Tinkaton|Mold Breaker\n|move|p1a: Scizor|Protect|p1a: Scizor\n|-singleturn|p1a: Scizor|Protect\n|move|p2a: Cyrus|Fake Out|p1b: Tinkaton\n|-resisted|p1b: Tinkaton\n|-damage|p1b: Tinkaton|16\/100\n|move|p2b: Dupes|Wave Crash|p1a: Scizor\n|-activate|p1a: Scizor|move: Protect\n|\n|upkeep\n|turn|9\n|inactive|no_dupes has 30 seconds left.\n|inactive|Jaywill06 has 30 seconds left.\n|inactive|Jaywill06 has 20 seconds left.\n|inactive|Jaywill06 has 15 seconds left.\n|\n|t:|1684114849\n|switch|p2a: Iron Pravus|Iron Bundle, L50|100\/100\n|move|p1b: Tinkaton|Fake Out|p2a: Iron Pravus\n|-damage|p2a: Iron Pravus|91\/100\n|move|p2b: Dupes|Wave Crash|p1b: Tinkaton\n|-damage|p1b: Tinkaton|0 fnt\n|faint|p1b: Tinkaton\n|-damage|p2b: Dupes|96\/100|[from] Recoil\n|move|p1a: Scizor|Pounce|p2a: Iron Pravus\n|-damage|p2a: Iron Pravus|34\/100\n|-unboost|p2a: Iron Pravus|spe|1\n|\n|upkeep\n|\n|t:|1684114855\n|switch|p1b: Chien-Pao|Chien-Pao, L50|100\/100\n|-ability|p1b: Chien-Pao|Sword of Ruin\n|turn|10\n|\n|t:|1684114875\n|-end|p2a: Iron Pravus|Quark Drive|[silent]\n|switch|p2a: Cyrus|Pawmot, L50, F|100\/100\n|move|p1b: Chien-Pao|Sucker Punch|p2b: Dupes\n|-damage|p2b: Dupes|53\/100\n|-damage|p1b: Chien-Pao|91\/100|[from] item: Life Orb\n|move|p1a: Scizor|Bullet Punch|p2a: Cyrus\n|-resisted|p2a: Cyrus\n|-damage|p2a: Cyrus|63\/100\n|move|p2b: Dupes|Wave Crash|p1b: Chien-Pao\n|-damage|p1b: Chien-Pao|21\/100\n|-damage|p2b: Dupes|37\/100|[from] Recoil\n|\n|upkeep\n|turn|11\n|inactive|no_dupes has 30 seconds left.\n|inactive|Jaywill06 has 30 seconds left.\n|inactive|no_dupes has 20 seconds left.\n|inactive|no_dupes has 15 seconds left.\n|inactive|Jaywill06 has 20 seconds left.\n|\n|t:|1684114918\n|move|p1b: Chien-Pao|Sacred Sword|p2a: Cyrus\n|-damage|p2a: Cyrus|0 fnt\n|faint|p2a: Cyrus\n|-damage|p1b: Chien-Pao|11\/100|[from] item: Life Orb\n|move|p2b: Dupes|Earthquake|p1a: Scizor|[spread] p1a,p1b\n|-damage|p1a: Scizor|22\/100\n|-damage|p1b: Chien-Pao|0 fnt\n|faint|p1b: Chien-Pao\n|move|p1a: Scizor|Pounce|p2b: Dupes\n|-damage|p2b: Dupes|4\/100\n|-unboost|p2b: Dupes|spe|1\n|\n|upkeep\n|\n|t:|1684114928\n|switch|p1b: Palafin|Palafin-Hero, L50, F, shiny, tera:Water|40\/100\n|switch|p2a: Iron Pravus|Iron Bundle, L50|34\/100\n|turn|12\n|inactive|Jaywill06 has 30 seconds left.\n|inactive|Jaywill06 has 20 seconds left.\n|\n|t:|1684114968\n|move|p1b: Palafin|Jet Punch|p2b: Dupes\n|-resisted|p2b: Dupes\n|-damage|p2b: Dupes|0 fnt\n|faint|p2b: Dupes\n|move|p1a: Scizor|Bullet Punch|p2a: Iron Pravus\n|-damage|p2a: Iron Pravus|0 fnt\n|faint|p2a: Iron Pravus\n|-end|p2a: Iron Pravus|Quark Drive|[silent]\n|\n|win|no_dupes\n|l|\u2606Jaywill06\n|l|\u2606no_dupes\n|j|\u2606no_dupes\n|player|p1|no_dupes|silver\n","uploadtime":1684115001,"views":16,"p1id":"nodupes","p2id":"jaywill06","formatid":"gen9vgc2023regulationc","rating":0,"private":0,"password":""}