{"id":"gen9vgc2023regulationc-1862367954","p1":"TrainerDylan24","p2":"mxcaster","format":"[Gen 9] VGC 2023 Regulation C","log":"|j|\u2606TrainerDylan24\n|j|\u2606mxcaster\n|t:|1683874169\n|gametype|doubles\n|player|p1|TrainerDylan24|swimmerf|1034\n|player|p2|mxcaster|170|1049\n|teamsize|p1|6\n|teamsize|p2|6\n|gen|9\n|tier|[Gen 9] VGC 2023 Regulation C\n|rated|\n|rule|Species Clause: Limit one of each Pok\u00e9mon\n|rule|Item Clause: Limit one of each item\n|clearpoke\n|poke|p1|Annihilape, L50, F|\n|poke|p1|Bellibolt, L50, M|\n|poke|p1|Dondozo, L50, F|\n|poke|p1|Tatsugiri, L50, M|\n|poke|p1|Iron Hands, L50|\n|poke|p1|Kingambit, L50, F|\n|poke|p2|Maushold-Four, L50|\n|poke|p2|Cryogonal, L50|\n|poke|p2|Slowking, L50, M|\n|poke|p2|Espathra, L50, F|\n|poke|p2|Toxapex, L50, M|\n|poke|p2|Sableye, L50, M|\n|teampreview|4\n|\n|t:|1683874211\n|start\n|switch|p1a: Bellibolt|Bellibolt, L50, M|100\/100\n|switch|p1b: Tatsugiri|Tatsugiri, L50, M|100\/100\n|switch|p2a: Maushold|Maushold-Four, L50|100\/100\n|switch|p2b: Sableye|Sableye, L50, M|100\/100\n|turn|1\n|\n|t:|1683874246\n|switch|p2a: Espathra|Espathra, L50, F|100\/100\n|move|p2b: Sableye|Will-O-Wisp|p1a: Bellibolt\n|-status|p1a: Bellibolt|brn\n|move|p1b: Tatsugiri|Icy Wind|p2b: Sableye|[spread] p2a,p2b\n|-damage|p2a: Espathra|86\/100\n|-damage|p2b: Sableye|85\/100\n|-unboost|p2a: Espathra|spe|1\n|-unboost|p2b: Sableye|spe|1\n|move|p1a: Bellibolt|Muddy Water|p2b: Sableye|[spread] p2a,p2b\n|-damage|p2a: Espathra|62\/100\n|-damage|p2b: Sableye|57\/100\n|\n|-damage|p1a: Bellibolt|95\/100 brn|[from] brn\n|upkeep\n|turn|2\n|\n|t:|1683874277\n|move|p2a: Espathra|Protect|p2a: Espathra\n|-singleturn|p2a: Espathra|Protect\n|move|p2b: Sableye|Thunder Wave|p1b: Tatsugiri\n|-status|p1b: Tatsugiri|par\n|move|p1b: Tatsugiri|Muddy Water|p2b: Sableye|[spread] p2b\n|-activate|p2a: Espathra|move: Protect\n|-damage|p2b: Sableye|14\/100\n|move|p1a: Bellibolt|Muddy Water|p2b: Sableye|[spread] p2b\n|-activate|p2a: Espathra|move: Protect\n|-crit|p2b: Sableye\n|-damage|p2b: Sableye|0 fnt\n|faint|p2b: Sableye\n|\n|-damage|p1a: Bellibolt|89\/100 brn|[from] brn\n|upkeep\n|\n|t:|1683874298\n|switch|p2b: Maushold|Maushold-Four, L50|100\/100\n|turn|3\n|\n|t:|1683874317\n|move|p2b: Maushold|Population Bomb|p1a: Bellibolt\n|-damage|p1a: Bellibolt|84\/100 brn\n|-start|p1a: Bellibolt|Charge|Population Bomb|[from] ability: Electromorphosis\n|-damage|p2b: Maushold|84\/100|[from] item: Rocky Helmet|[of] p1a: Bellibolt\n|-damage|p1a: Bellibolt|78\/100 brn\n|-start|p1a: Bellibolt|Charge|Population Bomb|[from] ability: Electromorphosis\n|-damage|p2b: Maushold|67\/100|[from] item: Rocky Helmet|[of] p1a: Bellibolt\n|-damage|p1a: Bellibolt|73\/100 brn\n|-start|p1a: Bellibolt|Charge|Population Bomb|[from] ability: Electromorphosis\n|-damage|p2b: Maushold|51\/100|[from] item: Rocky Helmet|[of] p1a: Bellibolt\n|-damage|p1a: Bellibolt|68\/100 brn\n|-start|p1a: Bellibolt|Charge|Population Bomb|[from] ability: Electromorphosis\n|-damage|p2b: Maushold|34\/100|[from] item: Rocky Helmet|[of] p1a: Bellibolt\n|-damage|p1a: Bellibolt|63\/100 brn\n|-start|p1a: Bellibolt|Charge|Population Bomb|[from] ability: Electromorphosis\n|-damage|p2b: Maushold|18\/100|[from] item: Rocky Helmet|[of] p1a: Bellibolt\n|-crit|p1a: Bellibolt\n|-damage|p1a: Bellibolt|55\/100 brn\n|-start|p1a: Bellibolt|Charge|Population Bomb|[from] ability: Electromorphosis\n|-damage|p2b: Maushold|1\/100|[from] item: Rocky Helmet|[of] p1a: Bellibolt\n|-damage|p1a: Bellibolt|48\/100 brn\n|-start|p1a: Bellibolt|Charge|Population Bomb|[from] ability: Electromorphosis\n|-damage|p2b: Maushold|0 fnt|[from] item: Rocky Helmet|[of] p1a: Bellibolt\n|faint|p2b: Maushold\n|-hitcount|p1a: Bellibolt|7\n|move|p2a: Espathra|Dazzling Gleam|p1a: Bellibolt|[spread] p1a,p1b\n|-supereffective|p1b: Tatsugiri\n|-damage|p1a: Bellibolt|35\/100 brn\n|-damage|p1b: Tatsugiri|66\/100 par\n|-start|p1a: Bellibolt|Charge|Dazzling Gleam|[from] ability: Electromorphosis\n|move|p1b: Tatsugiri|Icy Wind|p2a: Espathra\n|-damage|p2a: Espathra|43\/100\n|-unboost|p2a: Espathra|spe|1\n|move|p1a: Bellibolt|Muddy Water|p2a: Espathra\n|-damage|p2a: Espathra|8\/100\n|\n|-damage|p1a: Bellibolt|29\/100 brn|[from] brn\n|upkeep\n|\n|t:|1683874357\n|switch|p2b: Slowking|Slowking, L50, M|100\/100\n|turn|4\n|\n|t:|1683874376\n|move|p2a: Espathra|Protect|p2a: Espathra\n|-singleturn|p2a: Espathra|Protect\n|cant|p1b: Tatsugiri|par\n|move|p1a: Bellibolt|Thunderbolt|p2b: Slowking\n|-supereffective|p2b: Slowking\n|-damage|p2b: Slowking|0 fnt\n|faint|p2b: Slowking\n|-end|p1a: Bellibolt|Charge|[silent]\n|\n|-damage|p1a: Bellibolt|23\/100 brn|[from] brn\n|upkeep\n|turn|5\n|-message|mxcaster forfeited.\n|\n|win|TrainerDylan24\n|raw|TrainerDylan24's rating: 1034 → 1070<\/strong> (+36 for winning)\n|raw|mxcaster's rating: 1049 → 1031<\/strong> (-18 for losing)\n|l|\u2606mxcaster\n","uploadtime":1683874396,"views":7,"p1id":"trainerdylan24","p2id":"mxcaster","formatid":"gen9vgc2023regulationc","rating":1031,"private":0,"password":""}