{"id":"gen9vgc2023regulationc-1863393577","p1":"Arcacagne","p2":"yung elmers glue","format":"[Gen 9] VGC 2023 Regulation C","log":"|j|\u2606Arcacagne\n|j|\u2606yung elmers glue\n|t:|1684011291\n|gametype|doubles\n|player|p1|Arcacagne|169|1369\n|player|p2|yung elmers glue|266|1415\n|teamsize|p1|6\n|teamsize|p2|6\n|gen|9\n|tier|[Gen 9] VGC 2023 Regulation C\n|rated|\n|rule|Species Clause: Limit one of each Pok\u00e9mon\n|rule|Item Clause: Limit one of each item\n|clearpoke\n|poke|p1|Chi-Yu, L50|\n|poke|p1|Flutter Mane, L50|\n|poke|p1|Amoonguss, L50, F|\n|poke|p1|Ting-Lu, L50|\n|poke|p1|Iron Hands, L50|\n|poke|p1|Gyarados, L50, M|\n|poke|p2|Palafin, L50, M|\n|poke|p2|Arcanine, L50, M|\n|poke|p2|Amoonguss, L50, F|\n|poke|p2|Ting-Lu, L50|\n|poke|p2|Baxcalibur, L50, F|\n|poke|p2|Flutter Mane, L50|\n|teampreview|4\n|inactive|Battle timer is ON: inactive players will automatically lose when time's up. (requested by Arcacagne)\nyung elmers glue has agreed to open team sheets.\n|\n|t:|1684011341\n|start\n|switch|p1a: Ting-Lu|Ting-Lu, L50|100\/100\n|switch|p1b: Iron Hands|Iron Hands, L50|100\/100\n|switch|p2a: Arcanine|Arcanine, L50, M|100\/100\n|switch|p2b: Amoonguss|Amoonguss, L50, F|100\/100\n|-ability|p2a: Arcanine|Intimidate|boost\n|-unboost|p1a: Ting-Lu|atk|1\n|-unboost|p1b: Iron Hands|atk|1\n|-ability|p1a: Ting-Lu|Vessel of Ruin\n|turn|1\n|inactive|Arcacagne has 30 seconds left.\n|inactive|yung elmers glue has 30 seconds left.\n|inactive|yung elmers glue has 20 seconds left.\n|\n|t:|1684011379\n|switch|p1a: Gyarados|Gyarados, L50, M|100\/100\n|-ability|p1a: Gyarados|Intimidate|boost\n|-unboost|p2a: Arcanine|atk|1\n|-unboost|p2b: Amoonguss|atk|1\n|move|p2a: Arcanine|Protect|p2a: Arcanine\n|-singleturn|p2a: Arcanine|Protect\n|move|p1b: Iron Hands|Fake Out|p2a: Arcanine\n|-activate|p2a: Arcanine|move: Protect\n|move|p2b: Amoonguss|Spore|p1b: Iron Hands\n|-status|p1b: Iron Hands|slp|[from] move: Spore\n|-enditem|p1b: Iron Hands|Lum Berry|[eat]\n|-curestatus|p1b: Iron Hands|slp|[msg]\n|\n|upkeep\n|turn|2\n|inactive|yung elmers glue has 30 seconds left.\n|inactive|yung elmers glue has 20 seconds left.\n|inactive|yung elmers glue has 15 seconds left.\n|inactive|yung elmers glue has 10 seconds left.\n|\n|t:|1684011428\n|move|p2a: Arcanine|Will-O-Wisp|p1b: Iron Hands\n|-status|p1b: Iron Hands|brn\n|move|p1a: Gyarados|Taunt|p2b: Amoonguss\n|-start|p2b: Amoonguss|move: Taunt\n|move|p1b: Iron Hands|Swords Dance|p1b: Iron Hands\n|-boost|p1b: Iron Hands|atk|2\n|move|p2b: Amoonguss|Pollen Puff|p2a: Arcanine\n|-immune|p2a: Arcanine\n|\n|-damage|p1b: Iron Hands|95\/100 brn|[from] brn\n|upkeep\n|turn|3\n|\n|t:|1684011449\n|switch|p2b: Baxcalibur|Baxcalibur, L50, F|100\/100\n|move|p2a: Arcanine|Will-O-Wisp|p1a: Gyarados\n|-status|p1a: Gyarados|brn\n|move|p1a: Gyarados|Thunder Wave|p2a: Arcanine\n|-status|p2a: Arcanine|par\n|move|p1b: Iron Hands|Swords Dance|p1b: Iron Hands\n|-boost|p1b: Iron Hands|atk|2\n|\n|-damage|p1a: Gyarados|94\/100 brn|[from] brn\n|-damage|p1b: Iron Hands|89\/100 brn|[from] brn\n|upkeep\n|turn|4\n|\n|t:|1684011467\n|move|p2b: Baxcalibur|Protect|p2b: Baxcalibur\n|-singleturn|p2b: Baxcalibur|Protect\n|move|p1a: Gyarados|Thunder Wave|p2b: Baxcalibur\n|-activate|p2b: Baxcalibur|move: Protect\n|move|p2a: Arcanine|Howl|p2a: Arcanine|[spread] p2a,p2b\n|-boost|p2a: Arcanine|atk|1\n|-boost|p2b: Baxcalibur|atk|1\n|move|p1b: Iron Hands|Drain Punch|p2b: Baxcalibur\n|-activate|p2b: Baxcalibur|move: Protect\n|\n|-damage|p1a: Gyarados|88\/100 brn|[from] brn\n|-damage|p1b: Iron Hands|83\/100 brn|[from] brn\n|upkeep\n|turn|5\n|\n|t:|1684011486\n|move|p1a: Gyarados|Thunder Wave|p2b: Baxcalibur|[miss]\n|-miss|p1a: Gyarados|p2b: Baxcalibur\n|move|p2b: Baxcalibur|Glaive Rush|p1b: Iron Hands\n|-damage|p1b: Iron Hands|16\/100 brn\n|-singlemove|p2b: Baxcalibur|Glaive Rush|[silent]\n|move|p2a: Arcanine|Flare Blitz|p1b: Iron Hands\n|-damage|p1b: Iron Hands|0 fnt\n|faint|p1b: Iron Hands\n|-end|p1b: Iron Hands|Quark Drive|[silent]\n|-damage|p2a: Arcanine|94\/100 par|[from] Recoil\n|\n|-damage|p1a: Gyarados|82\/100 brn|[from] brn\n|upkeep\n|c|\u2606Arcacagne|nice miss man\n|\n|t:|1684011500\n|switch|p1b: Flutter Mane|Flutter Mane, L50|100\/100\n|-enditem|p1b: Flutter Mane|Booster Energy\n|-activate|p1b: Flutter Mane|ability: Protosynthesis|[fromitem]\n|-start|p1b: Flutter Mane|protosynthesisspe\n|turn|6\n|\n|t:|1684011510\n|-terastallize|p1b: Flutter Mane|Fairy\n|move|p2b: Baxcalibur|Protect|p2b: Baxcalibur\n|-singleturn|p2b: Baxcalibur|Protect\n|move|p1b: Flutter Mane|Dazzling Gleam|p2b: Baxcalibur|[spread] p2a\n|-activate|p2b: Baxcalibur|move: Protect\n|-resisted|p2a: Arcanine\n|-damage|p2a: Arcanine|76\/100 par\n|move|p1a: Gyarados|Waterfall|p2a: Arcanine\n|-supereffective|p2a: Arcanine\n|-damage|p2a: Arcanine|42\/100 par\n|move|p2a: Arcanine|Howl|p2a: Arcanine|[spread] p2a,p2b\n|-boost|p2a: Arcanine|atk|1\n|-boost|p2b: Baxcalibur|atk|1\n|\n|-damage|p1a: Gyarados|76\/100 brn|[from] brn\n|upkeep\n|turn|7\n|inactive|yung elmers glue has 30 seconds left.\n|inactive|yung elmers glue has 20 seconds left.\n|\n|t:|1684011545\n|-terastallize|p2b: Baxcalibur|Poison\n|move|p1b: Flutter Mane|Dazzling Gleam|p2b: Baxcalibur|[spread] p2a,p2b\n|-resisted|p2a: Arcanine\n|-resisted|p2b: Baxcalibur\n|-damage|p2a: Arcanine|23\/100 par\n|-damage|p2b: Baxcalibur|84\/100\n|move|p1a: Gyarados|Waterfall|p2a: Arcanine\n|-supereffective|p2a: Arcanine\n|-damage|p2a: Arcanine|0 fnt\n|faint|p2a: Arcanine\n|move|p2b: Baxcalibur|Icicle Crash|p1b: Flutter Mane\n|-damage|p1b: Flutter Mane|0 fnt\n|faint|p1b: Flutter Mane\n|-end|p1b: Flutter Mane|Protosynthesis|[silent]\n|\n|-damage|p1a: Gyarados|69\/100 brn|[from] brn\n|upkeep\n|inactive|Arcacagne has 30 seconds left.\n|c|\u2606Arcacagne|how to steal a match 101\n|\n|t:|1684011576\n|switch|p1b: Ting-Lu|Ting-Lu, L50|100\/100\n|switch|p2a: Amoonguss|Amoonguss, L50, F|100\/100\n|-ability|p1b: Ting-Lu|Vessel of Ruin\n|turn|8\n|c|\u2606yung elmers glue|wanna best of 3?\n|c|\u2606Arcacagne|ok\n|\n|t:|1684011599\n|move|p1a: Gyarados|Taunt|p2a: Amoonguss\n|-start|p2a: Amoonguss|move: Taunt\n|move|p2b: Baxcalibur|Icicle Crash|p1a: Gyarados|[miss]\n|-miss|p2b: Baxcalibur|p1a: Gyarados\n|move|p1b: Ting-Lu|Earthquake|p2a: Amoonguss|[spread] p2a,p2b\n|-immune|p1a: Gyarados\n|-supereffective|p2b: Baxcalibur\n|-damage|p2a: Amoonguss|54\/100\n|-damage|p2b: Baxcalibur|9\/100\n|cant|p2a: Amoonguss|move: Taunt|Spore\n|\n|-damage|p1a: Gyarados|63\/100 brn|[from] brn\n|upkeep\n|turn|9\n|c|\u2606Arcacagne|ok this is in my favour\n|inactive|yung elmers glue has 30 seconds left.\n|\n|t:|1684011628\n|move|p1a: Gyarados|Thunder Wave|p2b: Baxcalibur|[miss]\n|-miss|p1a: Gyarados|p2b: Baxcalibur\n|move|p2b: Baxcalibur|Glaive Rush|p1b: Ting-Lu\n|-damage|p1b: Ting-Lu|21\/100\n|-singlemove|p2b: Baxcalibur|Glaive Rush|[silent]\n|move|p1b: Ting-Lu|Earthquake|p2b: Baxcalibur|[spread] p2a,p2b\n|-immune|p1a: Gyarados\n|-supereffective|p2b: Baxcalibur\n|-damage|p2a: Amoonguss|12\/100\n|-damage|p2b: Baxcalibur|0 fnt\n|-enditem|p2a: Amoonguss|Sitrus Berry|[eat]\n|-heal|p2a: Amoonguss|37\/100|[from] item: Sitrus Berry\n|faint|p2b: Baxcalibur\n|move|p2a: Amoonguss|Pollen Puff|p2: Baxcalibur|[notarget]\n|-fail|p2a: Amoonguss\n|\n|-damage|p1a: Gyarados|57\/100 brn|[from] brn\n|upkeep\n|\n|t:|1684011645\n|switch|p2b: Ting-Lu|Ting-Lu, L50|100\/100\n|-ability|p2b: Ting-Lu|Vessel of Ruin\n|turn|10\n|\n|t:|1684011662\n|move|p1a: Gyarados|Waterfall|p2b: Ting-Lu\n|-supereffective|p2b: Ting-Lu\n|-damage|p2b: Ting-Lu|81\/100\n|move|p1b: Ting-Lu|Earthquake|p2b: Ting-Lu|[spread] p2a,p2b\n|-immune|p1a: Gyarados\n|-damage|p2a: Amoonguss|0 fnt\n|-damage|p2b: Ting-Lu|52\/100\n|faint|p2a: Amoonguss\n|cant|p2b: Ting-Lu|flinch\n|\n|-damage|p1a: Gyarados|51\/100 brn|[from] brn\n|upkeep\n|turn|11\n|\n|t:|1684011677\n|move|p1a: Gyarados|Waterfall|p2b: Ting-Lu\n|-supereffective|p2b: Ting-Lu\n|-damage|p2b: Ting-Lu|32\/100\n|move|p1b: Ting-Lu|Earthquake|p2b: Ting-Lu|[spread] p2b\n|-immune|p1a: Gyarados\n|-damage|p2b: Ting-Lu|1\/100\n|cant|p2b: Ting-Lu|flinch\n|\n|-damage|p1a: Gyarados|45\/100 brn|[from] brn\n|upkeep\n|turn|12\n|c|\u2606Arcacagne|ok I should shut up\n|\n|t:|1684011699\n|move|p1a: Gyarados|Waterfall|p2b: Ting-Lu\n|-supereffective|p2b: Ting-Lu\n|-damage|p2b: Ting-Lu|0 fnt\n|faint|p2b: Ting-Lu\n|\n|win|Arcacagne\n|raw|Arcacagne's rating: 1369 → 1392<\/strong> (+23 for winning)\n|raw|yung elmers glue's rating: 1415 → 1392<\/strong> (-23 for losing)\n","uploadtime":1684011707,"views":18,"p1id":"arcacagne","p2id":"yungelmersglue","formatid":"gen9vgc2023regulationc","rating":1392,"private":0,"password":""}