{"id":"gen9vgc2023regulationc-1857046807","p1":"jkdfn gdiuongjug","p2":"Vast Universe","format":"[Gen 9] VGC 2023 Regulation C","log":"|j|\u2606jkdfn gdiuongjug\n|j|\u2606Vast Universe\n|t:|1683140465\n|gametype|doubles\n|player|p1|jkdfn gdiuongjug|veteran-gen4|1148\n|player|p2|Vast Universe|1|1128\n|teamsize|p1|6\n|teamsize|p2|6\n|gen|9\n|tier|[Gen 9] VGC 2023 Regulation C\n|rated|\n|rule|Species Clause: Limit one of each Pok\u00e9mon\n|rule|Item Clause: Limit one of each item\n|clearpoke\n|poke|p1|Wo-Chien, L50|\n|poke|p1|Klefki, L50, F|\n|poke|p1|Garganacl, L50, F|\n|poke|p1|Meowscarada, L50, M|\n|poke|p1|Iron Hands, L50|\n|poke|p1|Armarouge, L50, F|\n|poke|p2|Tinkaton, L50, F|\n|poke|p2|Ting-Lu, L50|\n|poke|p2|Tauros-Paldea-Blaze, L50, M|\n|poke|p2|Meowscarada, L50, F|\n|poke|p2|Rotom-Wash, L50|\n|poke|p2|Amoonguss, L50, M|\n|teampreview|4\n|inactive|Battle timer is ON: inactive players will automatically lose when time's up. (requested by Vast Universe)\n|\n|t:|1683140486\n|start\n|switch|p1a: Klefki|Klefki, L50, F|100\/100\n|switch|p1b: Armarouge|Armarouge, L50, F|100\/100\n|switch|p2a: Tinkaton|Tinkaton, L50, F|100\/100\n|switch|p2b: Rotom|Rotom-Wash, L50|100\/100\n|turn|1\n|inactive|jkdfn gdiuongjug has 30 seconds left.\n|\n|t:|1683140516\n|move|p2a: Tinkaton|Fake Out|p1a: Klefki\n|-resisted|p1a: Klefki\n|-damage|p1a: Klefki|97\/100\n|cant|p1a: Klefki|flinch\n|move|p2b: Rotom|Volt Switch|p1b: Armarouge\n|-damage|p1b: Armarouge|66\/100\n|\n|t:|1683140524\n|switch|p2b: Tauros|Tauros-Paldea-Blaze, L50, M|100\/100|[from] Volt Switch\n|-ability|p2b: Tauros|Intimidate|boost\n|-unboost|p1a: Klefki|atk|1\n|-unboost|p1b: Armarouge|atk|1\n|move|p1b: Armarouge|Armor Cannon|p2a: Tinkaton\n|-supereffective|p2a: Tinkaton\n|-damage|p2a: Tinkaton|28\/100\n|-unboost|p1b: Armarouge|def|1\n|-unboost|p1b: Armarouge|spd|1\n|\n|upkeep\n|turn|2\n|\n|t:|1683140543\n|switch|p2a: Rotom|Rotom-Wash, L50|100\/100\n|-terastallize|p2b: Tauros|Ground\n|move|p2b: Tauros|Earthquake|p1a: Klefki|[spread] p1a,p1b\n|-immune|p2a: Rotom|[from] ability: Levitate\n|-supereffective|p1a: Klefki\n|-supereffective|p1b: Armarouge\n|-damage|p1a: Klefki|41\/100\n|-damage|p1b: Armarouge|0 fnt\n|faint|p1b: Armarouge\n|move|p1a: Klefki|Dazzling Gleam|p2a: Rotom|[spread] p2a,p2b\n|-damage|p2a: Rotom|76\/100\n|-damage|p2b: Tauros|74\/100\n|\n|upkeep\n|\n|t:|1683140557\n|switch|p1b: Meowscarada|Meowscarada, L50, M|100\/100\n|turn|3\n|\n|t:|1683140571\n|move|p2b: Tauros|Protect|p2b: Tauros\n|-singleturn|p2b: Tauros|Protect\n|move|p1a: Klefki|Light Screen|p1a: Klefki\n|-sidestart|p1: jkdfn gdiuongjug|move: Light Screen\n|move|p2a: Rotom|Volt Switch|p1b: Meowscarada\n|-resisted|p1b: Meowscarada\n|-damage|p1b: Meowscarada|85\/100\n|\n|t:|1683140580\n|switch|p2a: Tinkaton|Tinkaton, L50, F|28\/100|[from] Volt Switch\n|move|p1b: Meowscarada|Flower Trick|p2b: Tauros\n|-start|p1b: Meowscarada|typechange|Grass|[from] ability: Protean\n|-activate|p2b: Tauros|move: Protect\n|\n|upkeep\n|turn|4\n|\n|t:|1683140594\n|move|p2a: Tinkaton|Fake Out|p1b: Meowscarada\n|-damage|p1b: Meowscarada|71\/100\n|move|p1a: Klefki|Thunder Wave|p2a: Tinkaton\n|-status|p2a: Tinkaton|par\n|-enditem|p2a: Tinkaton|Lum Berry|[eat]\n|-curestatus|p2a: Tinkaton|par|[msg]\n|cant|p1b: Meowscarada|flinch\n|move|p2b: Tauros|Raging Bull|p1a: Klefki\n|-sideend|p1: jkdfn gdiuongjug|move: Light Screen\n|-supereffective|p1a: Klefki\n|-enditem|p1a: Klefki|Occa Berry|[eat]\n|-enditem|p1a: Klefki|Occa Berry|[weaken]\n|-damage|p1a: Klefki|8\/100\n|\n|upkeep\n|turn|5\n|inactive|Vast Universe has 30 seconds left.\n|\n|t:|1683140628\n|switch|p2a: Rotom|Rotom-Wash, L50|76\/100\n|move|p2b: Tauros|Protect|p2b: Tauros\n|-singleturn|p2b: Tauros|Protect\n|move|p1a: Klefki|Thunder Wave|p2a: Rotom\n|-immune|p2a: Rotom\n|move|p1b: Meowscarada|Flower Trick|p2b: Tauros\n|-activate|p2b: Tauros|move: Protect\n|\n|upkeep\n|turn|6\n|\n|t:|1683140644\n|move|p1a: Klefki|Light Screen|p1a: Klefki\n|-sidestart|p1: jkdfn gdiuongjug|move: Light Screen\n|move|p2a: Rotom|Volt Switch|p1a: Klefki\n|-damage|p1a: Klefki|0 fnt\n|faint|p1a: Klefki\n|\n|t:|1683140652\n|switch|p2a: Tinkaton|Tinkaton, L50, F|28\/100|[from] Volt Switch\n|move|p1b: Meowscarada|Flower Trick|p2a: Tinkaton\n|-resisted|p2a: Tinkaton\n|-crit|p2a: Tinkaton\n|-damage|p2a: Tinkaton|0 fnt\n|faint|p2a: Tinkaton\n|-damage|p1b: Meowscarada|61\/100|[from] item: Life Orb\n|move|p2b: Tauros|Raging Bull|p1b: Meowscarada\n|-sideend|p1: jkdfn gdiuongjug|move: Light Screen\n|-supereffective|p1b: Meowscarada\n|-damage|p1b: Meowscarada|0 fnt\n|faint|p1b: Meowscarada\n|\n|upkeep\n|\n|t:|1683140669\n|switch|p2a: Rotom|Rotom-Wash, L50|76\/100\n|switch|p1a: Wo-Chien|Wo-Chien, L50|100\/100\n|-ability|p1a: Wo-Chien|Tablets of Ruin\n|turn|7\n|\n|t:|1683140681\n|-terastallize|p1a: Wo-Chien|Poison\n|move|p2a: Rotom|Trick|p1a: Wo-Chien\n|-activate|p2a: Rotom|move: Trick|[of] p1a: Wo-Chien\n|-item|p1a: Wo-Chien|Choice Scarf|[from] move: Trick\n|-item|p2a: Rotom|Leftovers|[from] move: Trick\n|move|p2b: Tauros|Raging Bull|p1a: Wo-Chien\n|-damage|p1a: Wo-Chien|74\/100\n|move|p1a: Wo-Chien|Giga Drain|p2b: Tauros\n|-supereffective|p2b: Tauros\n|-damage|p2b: Tauros|0 fnt\n|-heal|p1a: Wo-Chien|100\/100|[from] drain|[of] p2b: Tauros\n|faint|p2b: Tauros\n|\n|-heal|p2a: Rotom|82\/100|[from] item: Leftovers\n|upkeep\n|\n|t:|1683140703\n|switch|p2b: Meowscarada|Meowscarada, L50, F, shiny|100\/100\n|turn|8\n|inactive|Vast Universe has 30 seconds left.\n|inactive|Vast Universe has 20 seconds left.\n|\n|t:|1683140743\n|move|p2b: Meowscarada|Sucker Punch|p1a: Wo-Chien\n|-start|p2b: Meowscarada|typechange|Dark|[from] ability: Protean\n|-damage|p1a: Wo-Chien|69\/100\n|move|p2a: Rotom|Thunder|p1a: Wo-Chien|[miss]\n|-miss|p2a: Rotom|p1a: Wo-Chien\n|move|p1a: Wo-Chien|Giga Drain|p2a: Rotom\n|-supereffective|p2a: Rotom\n|-damage|p2a: Rotom|20\/100\n|-heal|p1a: Wo-Chien|92\/100|[from] drain|[of] p2a: Rotom\n|\n|-heal|p2a: Rotom|25\/100|[from] item: Leftovers\n|upkeep\n|turn|9\n|\n|t:|1683140755\n|move|p2b: Meowscarada|Sucker Punch|p1a: Wo-Chien\n|-damage|p1a: Wo-Chien|58\/100\n|move|p2a: Rotom|Thunder|p1a: Wo-Chien|[miss]\n|-miss|p2a: Rotom|p1a: Wo-Chien\n|move|p1a: Wo-Chien|Giga Drain|p2b: Meowscarada\n|-damage|p2b: Meowscarada|64\/100\n|-heal|p1a: Wo-Chien|74\/100|[from] drain|[of] p2b: Meowscarada\n|\n|-heal|p2a: Rotom|31\/100|[from] item: Leftovers\n|upkeep\n|turn|10\n|\n|t:|1683140770\n|move|p2b: Meowscarada|Sucker Punch|p1a: Wo-Chien\n|-damage|p1a: Wo-Chien|42\/100\n|move|p2a: Rotom|Thunder|p1a: Wo-Chien|[miss]\n|-miss|p2a: Rotom|p1a: Wo-Chien\n|move|p1a: Wo-Chien|Giga Drain|p2a: Rotom\n|-supereffective|p2a: Rotom\n|-damage|p2a: Rotom|0 fnt\n|-heal|p1a: Wo-Chien|53\/100|[from] drain|[of] p2a: Rotom\n|faint|p2a: Rotom\n|\n|upkeep\n|turn|11\n|\n|t:|1683140781\n|move|p2b: Meowscarada|Sucker Punch|p1a: Wo-Chien\n|-damage|p1a: Wo-Chien|18\/100\n|move|p1a: Wo-Chien|Giga Drain|p2b: Meowscarada\n|-damage|p2b: Meowscarada|24\/100\n|-heal|p1a: Wo-Chien|35\/100|[from] drain|[of] p2b: Meowscarada\n|\n|upkeep\n|turn|12\n|\n|t:|1683140788\n|move|p2b: Meowscarada|Sucker Punch|p1a: Wo-Chien\n|-damage|p1a: Wo-Chien|2\/100\n|move|p1a: Wo-Chien|Giga Drain|p2b: Meowscarada\n|-damage|p2b: Meowscarada|0 fnt\n|-heal|p1a: Wo-Chien|12\/100|[from] drain|[of] p2b: Meowscarada\n|faint|p2b: Meowscarada\n|\n|win|jkdfn gdiuongjug\n|raw|jkdfn gdiuongjug's rating: 1148 → 1172<\/strong> (+24 for winning)\n|raw|Vast Universe's rating: 1128 → 1104<\/strong> (-24 for losing)\n|c|\u2606jkdfn gdiuongjug|whoa\n|l|\u2606Vast Universe\n","uploadtime":1683140811,"views":13,"p1id":"jkdfngdiuongjug","p2id":"vastuniverse","formatid":"gen9vgc2023regulationc","rating":1104,"private":0,"password":""}