{"id":"gen9vgc2023regulationc-1851504711","p1":"BIGDRAGONLIKEUGEOK","p2":"pppkudazai27__","format":"[Gen 9] VGC 2023 Regulation C","log":"|j|\u2606BIGDRAGONLIKEUGEOK\n|j|\u2606pppkudazai27__\n|t:|1682450706\n|gametype|doubles\n|player|p1|BIGDRAGONLIKEUGEOK|2|1349\n|player|p2|pppkudazai27__|101|1249\n|teamsize|p1|6\n|teamsize|p2|6\n|gen|9\n|tier|[Gen 9] VGC 2023 Regulation C\n|rated|\n|rule|Species Clause: Limit one of each Pok\u00e9mon\n|rule|Item Clause: Limit one of each item\n|clearpoke\n|poke|p1|Garganacl, L50, M|\n|poke|p1|Arcanine, L50, F|\n|poke|p1|Ting-Lu, L50|\n|poke|p1|Iron Bundle, L50|\n|poke|p1|Amoonguss, L50, M|\n|poke|p1|Roaring Moon, L50|\n|poke|p2|Dondozo, L50, F|\n|poke|p2|Tatsugiri, L50, M|\n|poke|p2|Dragonite, L50, F|\n|poke|p2|Chien-Pao, L50|\n|poke|p2|Glimmora, L50, F|\n|poke|p2|Maushold, L50|\n|teampreview|4\n|inactive|Battle timer is ON: inactive players will automatically lose when time's up. (requested by BIGDRAGONLIKEUGEOK)\nBIGDRAGONLIKEUGEOK has agreed to open team sheets.\n|\n|t:|1682450744\n|start\n|switch|p1a: Garganacl|Garganacl, L50, M|100\/100\n|switch|p1b: Amoonguss|Amoonguss, L50, M|100\/100\n|switch|p2a: Glimmora|Glimmora, L50, F|100\/100\n|switch|p2b: Maushold|Maushold, L50|100\/100\n|turn|1\n|\n|t:|1682450768\n|-terastallize|p2a: Glimmora|Grass\n|move|p1b: Amoonguss|Protect|p1b: Amoonguss\n|-singleturn|p1b: Amoonguss|Protect\n|move|p2a: Glimmora|Energy Ball|p1a: Garganacl\n|-supereffective|p1a: Garganacl\n|-damage|p1a: Garganacl|40\/100\n|move|p2b: Maushold|Encore|p1b: Amoonguss\n|-activate|p1b: Amoonguss|move: Protect\n|move|p1a: Garganacl|Salt Cure|p2a: Glimmora\n|-damage|p2a: Glimmora|87\/100\n|-start|p2a: Glimmora|Salt Cure\n|-activate|p2a: Glimmora|ability: Toxic Debris\n|-sidestart|p1: BIGDRAGONLIKEUGEOK|move: Toxic Spikes\n|\n|-heal|p1a: Garganacl|45\/100|[from] item: Leftovers\n|-damage|p2a: Glimmora|75\/100|[from] Salt Cure\n|upkeep\n|turn|2\n|\n|t:|1682450794\n|switch|p1b: Ting-Lu|Ting-Lu, L50|100\/100\n|-status|p1b: Ting-Lu|psn\n|-ability|p1b: Ting-Lu|Vessel of Ruin\n|move|p2a: Glimmora|Earth Power|p1a: Garganacl\n|-supereffective|p1a: Garganacl\n|-damage|p1a: Garganacl|15\/100\n|move|p2b: Maushold|Encore||[still]\n|-fail|p2b: Maushold\n|move|p1a: Garganacl|Recover|p1a: Garganacl\n|-heal|p1a: Garganacl|65\/100\n|\n|-heal|p1a: Garganacl|71\/100|[from] item: Leftovers\n|-damage|p1b: Ting-Lu|88\/100 psn|[from] psn\n|-damage|p2a: Glimmora|63\/100|[from] Salt Cure\n|upkeep\n|turn|3\n|inactive|BIGDRAGONLIKEUGEOK has 30 seconds left.\n|inactive|BIGDRAGONLIKEUGEOK has 20 seconds left.\n|\n|t:|1682450830\n|switch|p1a: Amoonguss|Amoonguss, L50, M|100\/100\n|-sideend|p1: BIGDRAGONLIKEUGEOK|move: Toxic Spikes|[of] p1a: Amoonguss\n|-terastallize|p1b: Ting-Lu|Poison\n|move|p2a: Glimmora|Energy Ball|p1a: Amoonguss\n|-resisted|p1a: Amoonguss\n|-damage|p1a: Amoonguss|93\/100\n|move|p2b: Maushold|Super Fang|p1b: Ting-Lu|[miss]\n|-miss|p2b: Maushold|p1b: Ting-Lu\n|move|p1b: Ting-Lu|Payback|p2b: Maushold\n|-damage|p2b: Maushold|52\/100\n|\n|-damage|p1b: Ting-Lu|76\/100 psn|[from] psn\n|-damage|p2a: Glimmora|51\/100|[from] Salt Cure\n|upkeep\n|turn|4\n|inactive|BIGDRAGONLIKEUGEOK has 30 seconds left.\n|inactive|pppkudazai27__ has 30 seconds left.\n|inactive|pppkudazai27__ has 20 seconds left.\n|\n|t:|1682450868\n|move|p2b: Maushold|Protect|p2b: Maushold\n|-singleturn|p2b: Maushold|Protect\n|move|p2a: Glimmora|Sludge Bomb|p1a: Amoonguss\n|-damage|p1a: Amoonguss|60\/100\n|move|p1b: Ting-Lu|Payback|p2b: Maushold\n|-activate|p2b: Maushold|move: Protect\n|move|p1a: Amoonguss|Pollen Puff|p1b: Ting-Lu\n|-heal|p1b: Ting-Lu|100\/100 psn\n|\n|-damage|p1b: Ting-Lu|88\/100 psn|[from] psn\n|-damage|p2a: Glimmora|39\/100|[from] Salt Cure\n|upkeep\n|turn|5\n|\n|t:|1682450892\n|switch|p1a: Garganacl|Garganacl, L50, M|71\/100\n|move|p2a: Glimmora|Sludge Bomb|p1a: Garganacl\n|-resisted|p1a: Garganacl\n|-crit|p1a: Garganacl\n|-damage|p1a: Garganacl|53\/100\n|move|p2b: Maushold|Super Fang|p1a: Garganacl\n|-damage|p1a: Garganacl|27\/100\n|move|p1b: Ting-Lu|Payback|p2b: Maushold\n|-damage|p2b: Maushold|3\/100\n|\n|-heal|p1a: Garganacl|33\/100|[from] item: Leftovers\n|-damage|p1b: Ting-Lu|76\/100 psn|[from] psn\n|-damage|p2a: Glimmora|28\/100|[from] Salt Cure\n|upkeep\n|turn|6\n|inactive|BIGDRAGONLIKEUGEOK has 30 seconds left.\n|\n|t:|1682450924\n|move|p1a: Garganacl|Protect|p1a: Garganacl\n|-singleturn|p1a: Garganacl|Protect\n|move|p2a: Glimmora|Energy Ball|p1a: Garganacl\n|-activate|p1a: Garganacl|move: Protect\n|move|p2b: Maushold|Super Fang|p1b: Ting-Lu\n|-damage|p1b: Ting-Lu|38\/100 psn\n|move|p1b: Ting-Lu|Payback|p2a: Glimmora\n|-damage|p2a: Glimmora|0 fnt\n|-activate|p2a: Glimmora|ability: Toxic Debris\n|-sidestart|p1: BIGDRAGONLIKEUGEOK|move: Toxic Spikes\n|faint|p2a: Glimmora\n|\n|-heal|p1a: Garganacl|39\/100|[from] item: Leftovers\n|-damage|p1b: Ting-Lu|26\/100 psn|[from] psn\n|upkeep\n|\n|t:|1682450936\n|switch|p2a: Dondozo|Dondozo, L50, F|100\/100\n|turn|7\n|\n|t:|1682450953\n|switch|p2b: Tatsugiri|Tatsugiri, L50, M|100\/100\n|-activate|p2b: Tatsugiri|ability: Commander|[of] p2a: Dondozo\n|-boost|p2a: Dondozo|atk|2\n|-boost|p2a: Dondozo|spa|2\n|-boost|p2a: Dondozo|spe|2\n|-boost|p2a: Dondozo|def|2\n|-boost|p2a: Dondozo|spd|2\n|switch|p1a: Amoonguss|Amoonguss, L50, M|93\/100\n|-sideend|p1: BIGDRAGONLIKEUGEOK|move: Toxic Spikes|[of] p1a: Amoonguss\n|move|p2a: Dondozo|Earthquake|p1b: Ting-Lu|[spread] p1a,p1b\n|-miss|p2a: Dondozo|p2b: Tatsugiri\n|-supereffective|p1b: Ting-Lu\n|-damage|p1a: Amoonguss|56\/100\n|-damage|p1b: Ting-Lu|0 fnt\n|faint|p1b: Ting-Lu\n|\n|upkeep\n|\n|t:|1682450971\n|switch|p1b: Iron Bundle|Iron Bundle, L50|100\/100\n|turn|8\n|\n|t:|1682450978\n|move|p1b: Iron Bundle|Protect|p1b: Iron Bundle\n|-singleturn|p1b: Iron Bundle|Protect\n|move|p2a: Dondozo|Substitute|p2a: Dondozo\n|-start|p2a: Dondozo|Substitute\n|-damage|p2a: Dondozo|76\/100\n|move|p1a: Amoonguss|Spore||[still]\n|-fail|p1a: Amoonguss\n|\n|-heal|p2a: Dondozo|82\/100|[from] item: Leftovers\n|upkeep\n|turn|9\n|\n|t:|1682450994\n|switch|p1a: Garganacl|Garganacl, L50, M|39\/100\n|move|p1b: Iron Bundle|Encore|p2a: Dondozo\n|-start|p2a: Dondozo|Encore\n|move|p2a: Dondozo|Substitute|p2a: Dondozo\n|-fail|p2a: Dondozo|move: Substitute\n|\n|-heal|p2a: Dondozo|88\/100|[from] item: Leftovers\n|-heal|p1a: Garganacl|44\/100|[from] item: Leftovers\n|upkeep\n|turn|10\n|\n|t:|1682451008\n|move|p1b: Iron Bundle|Freeze-Dry|p2a: Dondozo\n|-supereffective|p2a: Dondozo\n|-end|p2a: Dondozo|Substitute\n|move|p2a: Dondozo|Substitute|p2a: Dondozo\n|-start|p2a: Dondozo|Substitute\n|-damage|p2a: Dondozo|63\/100\n|move|p1a: Garganacl|Recover|p1a: Garganacl\n|-heal|p1a: Garganacl|95\/100\n|\n|-heal|p2a: Dondozo|70\/100|[from] item: Leftovers\n|-heal|p1a: Garganacl|100\/100|[from] item: Leftovers\n|upkeep\n|turn|11\n|-message|pppkudazai27__ forfeited.\n|\n|win|BIGDRAGONLIKEUGEOK\n|raw|BIGDRAGONLIKEUGEOK's rating: 1349 → 1363<\/strong> (+14 for winning)\n|raw|pppkudazai27__'s rating: 1249 → 1231<\/strong> (-18 for losing)\n|l|\u2606pppkudazai27__\n","uploadtime":1682451027,"views":9,"p1id":"bigdragonlikeugeok","p2id":"pppkudazai27","formatid":"gen9vgc2023regulationc","rating":1231,"private":0,"password":""}