{"id":"gen9vgc2023regulationc-1855539994","p1":"mattnot3","p2":"Yarrack","format":"[Gen 9] VGC 2023 Regulation C","log":"|j|\u2606mattnot3\n|j|\u2606Yarrack\n|t:|1682960381\n|gametype|doubles\n|player|p1|mattnot3|101|1521\n|player|p2|Yarrack|youngster-gen4dp|1511\n|teamsize|p1|6\n|teamsize|p2|6\n|gen|9\n|tier|[Gen 9] VGC 2023 Regulation C\n|rated|\n|rule|Species Clause: Limit one of each Pok\u00e9mon\n|rule|Item Clause: Limit one of each item\n|clearpoke\n|poke|p1|Chi-Yu, L50|\n|poke|p1|Flutter Mane, L50|\n|poke|p1|Scizor, L50, M|\n|poke|p1|Wo-Chien, L50|\n|poke|p1|Gyarados, L50, F|\n|poke|p1|Glimmora, L50, F|\n|poke|p2|Iron Bundle, L50|\n|poke|p2|Kingambit, L50, M|\n|poke|p2|Mimikyu, L50, F|\n|poke|p2|Chi-Yu, L50|\n|poke|p2|Breloom, L50, F|\n|poke|p2|Maushold-Four, L50|\n|teampreview|4\n|inactive|Battle timer is ON: inactive players will automatically lose when time's up. (requested by Yarrack)\n|inactive|mattnot3 has 60 seconds left.\n|\n|t:|1682960429\n|start\n|switch|p1a: Scizor|Scizor, L50, M|100\/100\n|switch|p1b: Glimmora|Glimmora, L50, F|100\/100\n|switch|p2a: Iron Bundle|Iron Bundle, L50|100\/100\n|switch|p2b: Chi-Yu|Chi-Yu, L50|100\/100\n|-ability|p2b: Chi-Yu|Beads of Ruin\n|-enditem|p2a: Iron Bundle|Booster Energy\n|-activate|p2a: Iron Bundle|ability: Quark Drive|[fromitem]\n|-start|p2a: Iron Bundle|quarkdrivespe\n|turn|1\n|\n|t:|1682960439\n|-terastallize|p1a: Scizor|Water\n|move|p2a: Iron Bundle|Hydro Pump|p1a: Scizor|[miss]\n|-miss|p2a: Iron Bundle|p1a: Scizor\n|move|p2b: Chi-Yu|Heat Wave|p1b: Glimmora|[spread] p1a,p1b\n|-resisted|p1a: Scizor\n|-resisted|p1b: Glimmora\n|-damage|p1a: Scizor|51\/100\n|-damage|p1b: Glimmora|72\/100\n|move|p1b: Glimmora|Power Gem|p2a: Iron Bundle\n|-supereffective|p2a: Iron Bundle\n|-damage|p2a: Iron Bundle|0 fnt\n|faint|p2a: Iron Bundle\n|-end|p2a: Iron Bundle|Quark Drive|[silent]\n|move|p1a: Scizor|Tailwind|p1a: Scizor\n|-sidestart|p1: mattnot3|move: Tailwind\n|\n|upkeep\n|\n|t:|1682960447\n|switch|p2a: Breloom|Breloom, L50, F|100\/100\n|turn|2\n|\n|t:|1682960462\n|switch|p2b: Kingambit|Kingambit, L50, M|100\/100\n|move|p1a: Scizor|Protect|p1a: Scizor\n|-singleturn|p1a: Scizor|Protect\n|move|p1b: Glimmora|Sludge Wave|p2a: Breloom|[spread] p2a\n|-activate|p1a: Scizor|move: Protect\n|-immune|p2b: Kingambit\n|-supereffective|p2a: Breloom\n|-enditem|p2a: Breloom|Focus Sash\n|-damage|p2a: Breloom|1\/100\n|move|p2a: Breloom|Spore|p1b: Glimmora\n|-status|p1b: Glimmora|slp|[from] move: Spore\n|\n|upkeep\n|turn|3\n|\n|t:|1682960484\n|switch|p2a: Chi-Yu|Chi-Yu, L50|100\/100\n|-ability|p2a: Chi-Yu|Beads of Ruin\n|move|p1a: Scizor|Bullet Punch|p2a: Chi-Yu\n|-resisted|p2a: Chi-Yu\n|-damage|p2a: Chi-Yu|75\/100\n|cant|p1b: Glimmora|slp\n|move|p2b: Kingambit|Swords Dance|p2b: Kingambit\n|-boost|p2b: Kingambit|atk|2\n|\n|upkeep\n|turn|4\n|\n|t:|1682960507\n|move|p2b: Kingambit|Sucker Punch|p1b: Glimmora\n|-damage|p1b: Glimmora|0 fnt\n|-activate|p1b: Glimmora|ability: Toxic Debris\n|-sidestart|p2: Yarrack|move: Toxic Spikes\n|faint|p1b: Glimmora\n|move|p1a: Scizor|U-turn|p2a: Chi-Yu\n|-damage|p2a: Chi-Yu|7\/100\n|\n|t:|1682960519\n|switch|p1a: Flutter Mane|Flutter Mane, L50|100\/100|[from] U-turn\n|-enditem|p1a: Flutter Mane|Booster Energy\n|-activate|p1a: Flutter Mane|ability: Protosynthesis|[fromitem]\n|-start|p1a: Flutter Mane|protosynthesisspa\n|move|p2a: Chi-Yu|Dark Pulse|p1a: Flutter Mane\n|-damage|p1a: Flutter Mane|5\/100\n|\n|-sideend|p1: mattnot3|move: Tailwind\n|upkeep\n|\n|t:|1682960526\n|switch|p1b: Scizor|Scizor, L50, M, tera:Water|51\/100\n|turn|5\n|\n|t:|1682960536\n|switch|p2a: Breloom|Breloom, L50, F|1\/100\n|-status|p2a: Breloom|psn\n|move|p1a: Flutter Mane|Protect|p1a: Flutter Mane\n|-singleturn|p1a: Flutter Mane|Protect\n|move|p1b: Scizor|Bullet Punch|p2a: Breloom\n|-damage|p2a: Breloom|0 fnt\n|faint|p2a: Breloom\n|move|p2b: Kingambit|Sucker Punch||[still]\n|-fail|p2b: Kingambit\n|\n|upkeep\n|\n|t:|1682960543\n|switch|p2a: Chi-Yu|Chi-Yu, L50|7\/100\n|-status|p2a: Chi-Yu|psn\n|-ability|p2a: Chi-Yu|Beads of Ruin\n|turn|6\n|\n|t:|1682960556\n|move|p1b: Scizor|Bullet Punch|p2a: Chi-Yu\n|-resisted|p2a: Chi-Yu\n|-damage|p2a: Chi-Yu|0 fnt\n|faint|p2a: Chi-Yu\n|move|p2b: Kingambit|Sucker Punch||[still]\n|-fail|p2b: Kingambit\n|move|p1a: Flutter Mane|Substitute|p1a: Flutter Mane\n|-fail|p1a: Flutter Mane|move: Substitute|[weak]\n|\n|upkeep\n|turn|7\n|\n|t:|1682960571\n|move|p1a: Flutter Mane|Moonblast|p2b: Kingambit\n|-damage|p2b: Kingambit|31\/100\n|-unboost|p2b: Kingambit|spa|1\n|-ability|p2b: Kingambit|Defiant|boost\n|-boost|p2b: Kingambit|atk|2\n|move|p1b: Scizor|U-turn|p2b: Kingambit\n|-damage|p2b: Kingambit|0 fnt\n|faint|p2b: Kingambit\n|\n|win|mattnot3\n|raw|mattnot3's rating: 1521 → 1540<\/strong> (+19 for winning)\n|raw|Yarrack's rating: 1511 → 1492<\/strong> (-19 for losing)\n|l|\u2606Yarrack\n|c|\u2606mattnot3|gg\n","uploadtime":1682960585,"views":23,"p1id":"mattnot3","p2id":"yarrack","formatid":"gen9vgc2023regulationc","rating":1492,"private":0,"password":""}