{"id":"gen9vgc2023regulationc-1861558208","p1":"christianfinity","p2":"Snowstorm brute","format":"[Gen 9] VGC 2023 Regulation C","log":"|j|\u2606christianfinity\n|j|\u2606Snowstorm brute\n|t:|1683773011\n|gametype|doubles\n|player|p1|christianfinity|unknown|1227\n|player|p2|Snowstorm brute|169|1288\n|teamsize|p1|6\n|teamsize|p2|5\n|gen|9\n|tier|[Gen 9] VGC 2023 Regulation C\n|rated|\n|rule|Species Clause: Limit one of each Pok\u00e9mon\n|rule|Item Clause: Limit one of each item\n|clearpoke\n|poke|p1|Abomasnow, L50, F|\n|poke|p1|Iron Bundle, L50|\n|poke|p1|Pachirisu, L50, M|\n|poke|p1|Gyarados, L50, M|\n|poke|p1|Palafin, L50, F|\n|poke|p1|Flutter Mane, L50|\n|poke|p2|Ting-Lu, L50|\n|poke|p2|Roaring Moon, L50|\n|poke|p2|Klefki, L50, F|\n|poke|p2|Skeledirge, L50, M|\n|poke|p2|Gyarados, L50, M|\n|teampreview|4\n|inactive|Battle timer is ON: inactive players will automatically lose when time's up. (requested by christianfinity)\nchristianfinity has agreed to open team sheets.\n|\n|t:|1683773037\n|start\n|switch|p1a: Pachirisu|Pachirisu, L50, M|100\/100\n|switch|p1b: Iron Bundle|Iron Bundle, L50|100\/100\n|switch|p2a: Klefki|Klefki, L50, F|100\/100\n|switch|p2b: Gyarados|Gyarados, L50, M|100\/100\n|-ability|p2b: Gyarados|Intimidate|boost\n|-unboost|p1a: Pachirisu|atk|1\n|-unboost|p1b: Iron Bundle|atk|1\n|turn|1\n|\n|t:|1683773060\n|move|p1a: Pachirisu|Follow Me|p1a: Pachirisu\n|-singleturn|p1a: Pachirisu|move: Follow Me\n|move|p2a: Klefki|Light Screen|p2a: Klefki\n|-sidestart|p2: Snowstorm brute|move: Light Screen\n|move|p1b: Iron Bundle|Icy Wind|p2b: Gyarados|[spread] p2a,p2b\n|-resisted|p2a: Klefki\n|-damage|p2a: Klefki|93\/100\n|-damage|p2b: Gyarados|89\/100\n|-unboost|p2a: Klefki|spe|1\n|-unboost|p2b: Gyarados|spe|1\n|move|p2b: Gyarados|Earthquake|p1b: Iron Bundle|[spread] p2a,p1a,p1b\n|-supereffective|p2a: Klefki\n|-supereffective|p1a: Pachirisu\n|-damage|p2a: Klefki|22\/100\n|-damage|p1a: Pachirisu|10\/100\n|-damage|p1b: Iron Bundle|57\/100\n|-enditem|p1a: Pachirisu|Sitrus Berry|[eat]\n|-heal|p1a: Pachirisu|35\/100|[from] item: Sitrus Berry\n|\n|upkeep\n|turn|2\n|\n|t:|1683773083\n|switch|p2a: Ting-Lu|Ting-Lu, L50|100\/100\n|-ability|p2a: Ting-Lu|Vessel of Ruin\n|move|p1b: Iron Bundle|Freeze-Dry|p2b: Gyarados\n|-supereffective|p2b: Gyarados\n|-damage|p2b: Gyarados|29\/100\n|-status|p2b: Gyarados|frz\n|move|p1a: Pachirisu|Nuzzle|p2a: Ting-Lu\n|-immune|p2a: Ting-Lu\n|cant|p2b: Gyarados|frz\n|\n|upkeep\n|turn|3\n|c|\u2606Snowstorm brute|really\n|\n|t:|1683773105\n|-end|p1b: Iron Bundle|Quark Drive|[silent]\n|switch|p1b: Abomasnow|Abomasnow, L50, F|100\/100\n|-weather|Snow|[from] ability: Snow Warning|[of] p1b: Abomasnow\n|move|p1a: Pachirisu|Super Fang|p2a: Ting-Lu\n|-damage|p2a: Ting-Lu|51\/100\n|cant|p2b: Gyarados|frz\n|move|p2a: Ting-Lu|Body Press|p1b: Abomasnow\n|-supereffective|p1b: Abomasnow\n|-damage|p1b: Abomasnow|58\/100\n|\n|-weather|Snow|[upkeep]\n|-heal|p2a: Ting-Lu|57\/100|[from] item: Leftovers\n|upkeep\n|turn|4\n|c|\u2606christianfinity|ye\n|\n|t:|1683773123\n|move|p2a: Ting-Lu|Protect|p2a: Ting-Lu\n|-singleturn|p2a: Ting-Lu|Protect\n|move|p1a: Pachirisu|Electric Terrain|p1a: Pachirisu\n|-fieldstart|move: Electric Terrain\n|move|p1b: Abomasnow|Aurora Veil|p1b: Abomasnow\n|-sidestart|p1: christianfinity|move: Aurora Veil\n|cant|p2b: Gyarados|frz\n|\n|-weather|Snow|[upkeep]\n|-heal|p2a: Ting-Lu|63\/100|[from] item: Leftovers\n|upkeep\n|turn|5\n|\n|t:|1683773132\n|switch|p2a: Klefki|Klefki, L50, F|22\/100\n|move|p1a: Pachirisu|Super Fang|p2a: Klefki\n|-damage|p2a: Klefki|11\/100\n|move|p1b: Abomasnow|Blizzard|p2b: Gyarados|[spread] p2a,p2b\n|-resisted|p2a: Klefki\n|-damage|p2a: Klefki|0 fnt\n|-damage|p2b: Gyarados|10\/100 frz\n|faint|p2a: Klefki\n|cant|p2b: Gyarados|frz\n|\n|-weather|Snow|[upkeep]\n|upkeep\n|\n|t:|1683773141\n|switch|p2a: Roaring Moon|Roaring Moon, L50|100\/100\n|-enditem|p2a: Roaring Moon|Booster Energy\n|-activate|p2a: Roaring Moon|ability: Protosynthesis|[fromitem]\n|-start|p2a: Roaring Moon|protosynthesisspe\n|turn|6\n|\n|t:|1683773153\n|-terastallize|p1b: Abomasnow|Water\n|move|p1a: Pachirisu|Follow Me|p1a: Pachirisu\n|-singleturn|p1a: Pachirisu|move: Follow Me\n|move|p2a: Roaring Moon|Jaw Lock|p1a: Pachirisu\n|-damage|p1a: Pachirisu|0 fnt\n|faint|p1a: Pachirisu\n|move|p1b: Abomasnow|Blizzard|p2a: Roaring Moon|[spread] p2a,p2b\n|-supereffective|p2a: Roaring Moon\n|-damage|p2a: Roaring Moon|66\/100\n|-damage|p2b: Gyarados|0 fnt\n|faint|p2b: Gyarados\n|\n|-weather|Snow|[upkeep]\n|upkeep\n|\n|t:|1683773170\n|switch|p1a: Iron Bundle|Iron Bundle, L50|57\/100\n|switch|p2b: Ting-Lu|Ting-Lu, L50|63\/100\n|-activate|p1a: Iron Bundle|ability: Quark Drive\n|-start|p1a: Iron Bundle|quarkdrivespa\n|-ability|p2b: Ting-Lu|Vessel of Ruin\n|turn|7\n|\n|t:|1683773178\n|-terastallize|p2b: Ting-Lu|Water\n|move|p2a: Roaring Moon|Protect|p2a: Roaring Moon\n|-singleturn|p2a: Roaring Moon|Protect\n|move|p1a: Iron Bundle|Blizzard|p2b: Ting-Lu|[spread] p2b\n|-activate|p2a: Roaring Moon|move: Protect\n|-resisted|p2b: Ting-Lu\n|-damage|p2b: Ting-Lu|53\/100\n|move|p1b: Abomasnow|Blizzard|p2a: Roaring Moon|[spread] p2b\n|-activate|p2a: Roaring Moon|move: Protect\n|-resisted|p2b: Ting-Lu\n|-damage|p2b: Ting-Lu|47\/100\n|-status|p2b: Ting-Lu|frz\n|cant|p2b: Ting-Lu|frz\n|\n|-weather|none\n|-heal|p2b: Ting-Lu|53\/100 frz|[from] item: Leftovers\n|upkeep\n|turn|8\n|c|\u2606Snowstorm brute|HOW\n|inactive|christianfinity has 30 seconds left.\n|c|\u2606christianfinity|im the real snowstorm brute\n|inactive|christianfinity has 20 seconds left.\n|inactive|christianfinity has 15 seconds left.\n|c|\u2606christianfinity|pipe down lil bro\n|inactive|christianfinity has 10 seconds left.\n|c|\u2606Snowstorm brute|ok\n|\n|t:|1683773226\n|switch|p1b: Gyarados|Gyarados, L50, M|100\/100\n|-ability|p1b: Gyarados|Intimidate|boost\n|-unboost|p2a: Roaring Moon|atk|1\n|-unboost|p2b: Ting-Lu|atk|1\n|move|p2a: Roaring Moon|Substitute|p2a: Roaring Moon\n|-start|p2a: Roaring Moon|Substitute\n|-damage|p2a: Roaring Moon|41\/100\n|move|p1a: Iron Bundle|Freeze-Dry|p2b: Ting-Lu\n|-supereffective|p2b: Ting-Lu\n|-damage|p2b: Ting-Lu|22\/100 frz\n|cant|p2b: Ting-Lu|frz\n|\n|-heal|p2b: Ting-Lu|28\/100 frz|[from] item: Leftovers\n|-sideend|p2: Snowstorm brute|move: Light Screen\n|-fieldend|move: Electric Terrain\n|-end|p1a: Iron Bundle|Quark Drive\n|upkeep\n|turn|9\n|c|\u2606Snowstorm brute|why\n|\n|t:|1683773244\n|switch|p1b: Abomasnow|Abomasnow, L50, F, tera:Water|58\/100\n|-weather|Snow|[from] ability: Snow Warning|[of] p1b: Abomasnow\n|cant|p2b: Ting-Lu|frz\n|move|p2a: Roaring Moon|Jaw Lock|p1a: Iron Bundle\n|-damage|p1a: Iron Bundle|44\/100\n|-activate|p2a: Roaring Moon|trapped\n|-activate|p1a: Iron Bundle|trapped\n|move|p1a: Iron Bundle|Icy Wind|p2b: Ting-Lu|[spread] p2a,p2b\n|-supereffective|p2a: Roaring Moon\n|-end|p2a: Roaring Moon|Substitute\n|-resisted|p2b: Ting-Lu\n|-damage|p2b: Ting-Lu|23\/100 frz\n|-unboost|p2b: Ting-Lu|spe|1\n|\n|-weather|Snow|[upkeep]\n|-heal|p2b: Ting-Lu|29\/100 frz|[from] item: Leftovers\n|upkeep\n|turn|10\n|\n|t:|1683773263\n|move|p2a: Roaring Moon|Protect|p2a: Roaring Moon\n|-singleturn|p2a: Roaring Moon|Protect\n|move|p1a: Iron Bundle|Blizzard|p2a: Roaring Moon|[spread] p2b\n|-activate|p2a: Roaring Moon|move: Protect\n|-resisted|p2b: Ting-Lu\n|-damage|p2b: Ting-Lu|18\/100 frz\n|move|p1b: Abomasnow|Blizzard|p2b: Ting-Lu|[spread] p2b\n|-activate|p2a: Roaring Moon|move: Protect\n|-resisted|p2b: Ting-Lu\n|-damage|p2b: Ting-Lu|9\/100 frz\n|cant|p2b: Ting-Lu|frz\n|\n|-weather|Snow|[upkeep]\n|-heal|p2b: Ting-Lu|15\/100 frz|[from] item: Leftovers\n|upkeep\n|turn|11\n|c|\u2606Snowstorm brute|you freeze two pokes\n|c|\u2606christianfinity|yuh\n|c|\u2606Snowstorm brute|with three moves that can freeze\n|inactive|Snowstorm brute has 30 seconds left.\n|c|\u2606christianfinity|yes sir\n|\n|t:|1683773295\n|move|p2a: Roaring Moon|Protect||[still]\n|-fail|p2a: Roaring Moon\n|move|p1a: Iron Bundle|Blizzard|p2b: Ting-Lu|[spread] p2a,p2b\n|-supereffective|p2a: Roaring Moon\n|-resisted|p2b: Ting-Lu\n|-damage|p2a: Roaring Moon|0 fnt\n|-damage|p2b: Ting-Lu|3\/100 frz\n|faint|p2a: Roaring Moon\n|-end|p2a: Roaring Moon|Protosynthesis|[silent]\n|move|p1b: Abomasnow|Blizzard|p2b: Ting-Lu\n|-resisted|p2b: Ting-Lu\n|-damage|p2b: Ting-Lu|0 fnt\n|faint|p2b: Ting-Lu\n|\n|win|christianfinity\n|raw|christianfinity's rating: 1227 → 1256<\/strong> (+29 for winning)\n|raw|Snowstorm brute's rating: 1288 → 1259<\/strong> (-29 for losing)\n|c|\u2606christianfinity|gg\n|l|\u2606Snowstorm brute\n","uploadtime":1683773321,"views":10,"p1id":"christianfinity","p2id":"snowstormbrute","formatid":"gen9vgc2023regulationc","rating":1256,"private":0,"password":""}