{"id":"gen9vgc2023regulationc-1850812596","p1":"luizhsouza3","p2":"temerence","format":"[Gen 9] VGC 2023 Regulation C","log":"|j|\u2606luizhsouza3\n|j|\u2606temerence\n|t:|1682370225\n|gametype|doubles\n|player|p1|luizhsouza3|buck|1137\n|player|p2|temerence|hilbert|1090\n|teamsize|p1|6\n|teamsize|p2|6\n|gen|9\n|tier|[Gen 9] VGC 2023 Regulation C\n|rated|\n|rule|Species Clause: Limit one of each Pok\u00e9mon\n|rule|Item Clause: Limit one of each item\n|clearpoke\n|poke|p1|Flutter Mane, L50|\n|poke|p1|Dragonite, L50, M|\n|poke|p1|Amoonguss, L50, F|\n|poke|p1|Palafin, L50, F|\n|poke|p1|Great Tusk, L50|\n|poke|p1|Talonflame, L50, M|\n|poke|p2|Flutter Mane, L50|\n|poke|p2|Amoonguss, L50, M|\n|poke|p2|Palafin, L50, M|\n|poke|p2|Chien-Pao, L50|\n|poke|p2|Arcanine, L50, F|\n|poke|p2|Dragapult, L50, F|\n|teampreview|4\n|inactive|Battle timer is ON: inactive players will automatically lose when time's up. (requested by luizhsouza3)\n|\n|t:|1682370246\n|start\n|switch|p1a: Flutter Mane|Flutter Mane, L50|100\/100\n|switch|p1b: Dragonite|Dragonite, L50, M|100\/100\n|switch|p2a: Flutter Mane|Flutter Mane, L50|100\/100\n|switch|p2b: Palafin|Palafin, L50, M|100\/100\n|-enditem|p2a: Flutter Mane|Booster Energy\n|-activate|p2a: Flutter Mane|ability: Protosynthesis|[fromitem]\n|-start|p2a: Flutter Mane|protosynthesisspe\n|turn|1\n|\n|t:|1682370270\n|-end|p1a: Flutter Mane|Protosynthesis|[silent]\n|switch|p1a: Amoonguss|Amoonguss, L50, F|100\/100\n|detailschange|p2b: Palafin|Palafin-Hero, L50, M\n|switch|p2b: Amoonguss|Amoonguss, L50, M|100\/100\n|-terastallize|p1b: Dragonite|Normal\n|move|p2a: Flutter Mane|Moonblast|p1b: Dragonite\n|-damage|p1b: Dragonite|85\/100\n|-unboost|p1b: Dragonite|spa|1\n|move|p1b: Dragonite|Iron Head|p2a: Flutter Mane\n|-supereffective|p2a: Flutter Mane\n|-crit|p2a: Flutter Mane\n|-damage|p2a: Flutter Mane|0 fnt\n|faint|p2a: Flutter Mane\n|-end|p2a: Flutter Mane|Protosynthesis|[silent]\n|\n|upkeep\n|\n|t:|1682370286\n|switch|p2a: Dragapult|Dragapult, L50, F|100\/100\n|turn|2\n|inactive|temerence has 30 seconds left.\n|\n|t:|1682370313\n|move|p1a: Amoonguss|Rage Powder|p1a: Amoonguss\n|-singleturn|p1a: Amoonguss|move: Rage Powder\n|move|p2a: Dragapult|Phantom Force||[still]\n|-prepare|p2a: Dragapult|Phantom Force\n|move|p1b: Dragonite|Outrage|p2a: Dragapult|[miss]\n|-miss|p1b: Dragonite|p2a: Dragapult\n|move|p2b: Amoonguss|Spore|p1b: Dragonite\n|-status|p1b: Dragonite|slp|[from] move: Spore\n|\n|upkeep\n|turn|3\n|\n|t:|1682370329\n|move|p2b: Amoonguss|Protect|p2b: Amoonguss\n|-singleturn|p2b: Amoonguss|Protect\n|move|p1a: Amoonguss|Rage Powder|p1a: Amoonguss\n|-singleturn|p1a: Amoonguss|move: Rage Powder\n|move|p2a: Dragapult|Phantom Force|p1a: Amoonguss|[from]lockedmove\n|-damage|p1a: Amoonguss|45\/100\n|-damage|p2a: Dragapult|84\/100|[from] item: Rocky Helmet|[of] p1a: Amoonguss\n|cant|p1b: Dragonite|slp\n|\n|upkeep\n|turn|4\n|\n|t:|1682370347\n|move|p2a: Dragapult|Phantom Force||[still]\n|-prepare|p2a: Dragapult|Phantom Force\n|cant|p1b: Dragonite|slp\n|move|p2b: Amoonguss|Pollen Puff|p1a: Amoonguss\n|-damage|p1a: Amoonguss|29\/100\n|move|p1a: Amoonguss|Spore|p2a: Dragapult|[miss]\n|-miss|p1a: Amoonguss|p2a: Dragapult\n|\n|upkeep\n|turn|5\n|\n|t:|1682370364\n|move|p2b: Amoonguss|Rage Powder|p2b: Amoonguss\n|-singleturn|p2b: Amoonguss|move: Rage Powder\n|move|p2a: Dragapult|Phantom Force|p1b: Dragonite|[from]lockedmove\n|-immune|p1b: Dragonite\n|cant|p1b: Dragonite|slp\n|move|p1a: Amoonguss|Spore|p2a: Dragapult\n|-status|p2a: Dragapult|slp|[from] move: Spore\n|\n|upkeep\n|turn|6\n|inactive|temerence has 30 seconds left.\n|\n|t:|1682370395\n|move|p1a: Amoonguss|Protect|p1a: Amoonguss\n|-singleturn|p1a: Amoonguss|Protect\n|cant|p2a: Dragapult|slp\n|-curestatus|p1b: Dragonite|slp|[msg]\n|move|p1b: Dragonite|Outrage|p2a: Dragapult\n|-supereffective|p2a: Dragapult\n|-damage|p2a: Dragapult|0 fnt\n|faint|p2a: Dragapult\n|move|p2b: Amoonguss|Pollen Puff|p2: Dragapult|[notarget]\n|-fail|p2b: Amoonguss\n|\n|upkeep\n|\n|t:|1682370408\n|switch|p2a: Palafin|Palafin-Hero, L50, M|100\/100\n|-activate|p2a: Palafin|ability: Zero to Hero\n|turn|7\n|\n|t:|1682370421\n|-terastallize|p2a: Palafin|Water\n|move|p2b: Amoonguss|Rage Powder|p2b: Amoonguss\n|-singleturn|p2b: Amoonguss|move: Rage Powder\n|move|p2a: Palafin|Jet Punch|p1a: Amoonguss\n|-resisted|p1a: Amoonguss\n|-damage|p1a: Amoonguss|3\/100\n|-damage|p2a: Palafin|84\/100|[from] item: Rocky Helmet|[of] p1a: Amoonguss\n|move|p1b: Dragonite|Outrage|p2b: Amoonguss|[from]lockedmove\n|-damage|p2b: Amoonguss|24\/100\n|-enditem|p2b: Amoonguss|Sitrus Berry|[eat]\n|-heal|p2b: Amoonguss|49\/100|[from] item: Sitrus Berry\n|move|p1a: Amoonguss|Spore|p2a: Palafin\n|-status|p2a: Palafin|slp|[from] move: Spore\n|\n|upkeep\n|turn|8\n|inactive|temerence has 30 seconds left.\n|\n|t:|1682370452\n|move|p1a: Amoonguss|Protect|p1a: Amoonguss\n|-singleturn|p1a: Amoonguss|Protect\n|cant|p2a: Palafin|slp\n|move|p1b: Dragonite|Outrage|p2b: Amoonguss|[from]lockedmove\n|-damage|p2b: Amoonguss|0 fnt\n|faint|p2b: Amoonguss\n|-start|p1b: Dragonite|confusion|[fatigue]\n|\n|upkeep\n|turn|9\n|\n|t:|1682370472\n|-activate|p1b: Dragonite|confusion\n|move|p1b: Dragonite|Extreme Speed|p2a: Palafin\n|-damage|p2a: Palafin|38\/100 slp\n|cant|p2a: Palafin|slp\n|move|p1a: Amoonguss|Pollen Puff|p1b: Dragonite\n|-heal|p1b: Dragonite|100\/100\n|\n|upkeep\n|turn|10\n|\n|t:|1682370483\n|move|p1a: Amoonguss|Protect|p1a: Amoonguss\n|-singleturn|p1a: Amoonguss|Protect\n|-activate|p1b: Dragonite|confusion\n|move|p1b: Dragonite|Extreme Speed|p2a: Palafin\n|-damage|p2a: Palafin|0 fnt\n|faint|p2a: Palafin\n|\n|win|luizhsouza3\n|raw|luizhsouza3's rating: 1137 → 1159<\/strong> (+22 for winning)\n|raw|temerence's rating: 1090 → 1070<\/strong> (-20 for losing)\n|l|\u2606luizhsouza3\n","uploadtime":1682370495,"views":13,"p1id":"luizhsouza3","p2id":"temerence","formatid":"gen9vgc2023regulationc","rating":1070,"private":0,"password":""}