{"id":"gen9vgc2023regulationc-1852466227","p1":"carlosmeza021","p2":"Jbenn","format":"[Gen 9] VGC 2023 Regulation C","log":"|j|\u2606carlosmeza021\n|j|\u2606Jbenn\n|t:|1682561154\n|gametype|doubles\n|player|p1|carlosmeza021|veteran|1431\n|player|p2|Jbenn|102|1413\n|teamsize|p1|6\n|teamsize|p2|6\n|gen|9\n|tier|[Gen 9] VGC 2023 Regulation C\n|rated|\n|rule|Species Clause: Limit one of each Pok\u00e9mon\n|rule|Item Clause: Limit one of each item\n|clearpoke\n|poke|p1|Dondozo, L50, F|\n|poke|p1|Tatsugiri, L50, F|\n|poke|p1|Flamigo, L50, F|\n|poke|p1|Murkrow, L50, F|\n|poke|p1|Annihilape, L50, M|\n|poke|p1|Maushold-Four, L50|\n|poke|p2|Roaring Moon, L50|\n|poke|p2|Great Tusk, L50|\n|poke|p2|Gholdengo, L50|\n|poke|p2|Hariyama, L50, F|\n|poke|p2|Mimikyu, L50, M|\n|poke|p2|Gyarados, L50, M|\n|teampreview|4\n|j| chacaad\n|\n|t:|1682561212\n|start\n|switch|p1a: Annihilape|Annihilape, L50, M, shiny|100\/100\n|switch|p1b: Maushold|Maushold-Four, L50|100\/100\n|switch|p2a: Roaring Moon|Roaring Moon, L50|100\/100\n|switch|p2b: Gyarados|Gyarados, L50, M, shiny|100\/100\n|-ability|p2b: Gyarados|Intimidate|boost\n|-unboost|p1a: Annihilape|atk|1\n|-unboost|p1b: Maushold|atk|1\n|-enditem|p2a: Roaring Moon|Booster Energy\n|-activate|p2a: Roaring Moon|ability: Protosynthesis|[fromitem]\n|-start|p2a: Roaring Moon|protosynthesisspe\n|turn|1\n|\n|t:|1682561265\n|-terastallize|p1a: Annihilape|Fire\n|move|p2a: Roaring Moon|Acrobatics|p1a: Annihilape\n|-crit|p1a: Annihilape\n|-damage|p1a: Annihilape|65\/100\n|move|p1b: Maushold|Beat Up|p1a: Annihilape\n|-damage|p1a: Annihilape|63\/100\n|-damage|p1a: Annihilape|62\/100\n|-damage|p1a: Annihilape|61\/100\n|-damage|p1a: Annihilape|60\/100\n|-hitcount|p1a: Annihilape|4\n|move|p1a: Annihilape|Bulk Up|p1a: Annihilape\n|-boost|p1a: Annihilape|atk|1\n|-boost|p1a: Annihilape|def|1\n|move|p2b: Gyarados|Waterfall|p1a: Annihilape\n|-supereffective|p1a: Annihilape\n|-damage|p1a: Annihilape|24\/100\n|-enditem|p1a: Annihilape|Sitrus Berry|[eat]\n|-heal|p1a: Annihilape|49\/100|[from] item: Sitrus Berry\n|\n|upkeep\n|turn|2\n|l| chacaad\n|j| haoran zhou\n|\n|t:|1682561329\n|move|p1b: Maushold|Follow Me|p1b: Maushold\n|-singleturn|p1b: Maushold|move: Follow Me\n|move|p2a: Roaring Moon|Tailwind|p2a: Roaring Moon\n|-sidestart|p2: Jbenn|move: Tailwind\n|move|p2b: Gyarados|Waterfall|p1b: Maushold\n|-damage|p1b: Maushold|50\/100\n|move|p1a: Annihilape|Rage Fist|p2b: Gyarados\n|-damage|p2b: Gyarados|0 fnt\n|faint|p2b: Gyarados\n|\n|upkeep\n|\n|t:|1682561341\n|switch|p2b: Mimikyu|Mimikyu, L50, M|100\/100\n|turn|3\n|\n|t:|1682561357\n|move|p2a: Roaring Moon|Protect|p2a: Roaring Moon\n|-singleturn|p2a: Roaring Moon|Protect\n|move|p1b: Maushold|Protect|p1b: Maushold\n|-singleturn|p1b: Maushold|Protect\n|move|p1a: Annihilape|Protect|p1a: Annihilape\n|-singleturn|p1a: Annihilape|Protect\n|move|p2b: Mimikyu|Curse|p1a: Annihilape\n|-start|p1a: Annihilape|Curse|[of] p2b: Mimikyu\n|-damage|p2b: Mimikyu|50\/100\n|-enditem|p2b: Mimikyu|Sitrus Berry|[eat]\n|-heal|p2b: Mimikyu|75\/100|[from] item: Sitrus Berry\n|\n|-damage|p1a: Annihilape|24\/100|[from] Curse\n|upkeep\n|turn|4\n|\n|t:|1682561411\n|-terastallize|p2a: Roaring Moon|Flying\n|move|p1b: Maushold|Follow Me|p1b: Maushold\n|-singleturn|p1b: Maushold|move: Follow Me\n|move|p2a: Roaring Moon|Acrobatics|p1b: Maushold\n|-damage|p1b: Maushold|0 fnt\n|faint|p1b: Maushold\n|move|p1a: Annihilape|Rage Fist|p2a: Roaring Moon\n|-damage|p2a: Roaring Moon|0 fnt\n|faint|p2a: Roaring Moon\n|-end|p2a: Roaring Moon|Protosynthesis|[silent]\n|move|p2b: Mimikyu|Trick Room|p2b: Mimikyu\n|-fieldstart|move: Trick Room|[of] p2b: Mimikyu\n|\n|-damage|p1a: Annihilape|0 fnt|[from] Curse\n|faint|p1a: Annihilape\n|upkeep\n|\n|t:|1682561423\n|switch|p1a: Murkrow|Murkrow, L50, F|100\/100\n|switch|p1b: Flamigo|Flamigo, L50, F|100\/100\n|switch|p2a: Gholdengo|Gholdengo, L50|100\/100\n|-copyboost|p1b: Flamigo|p1a: Murkrow|[from] ability: Costar\n|turn|5\n|\n|t:|1682561449\n|move|p2a: Gholdengo|Protect|p2a: Gholdengo\n|-singleturn|p2a: Gholdengo|Protect\n|move|p2b: Mimikyu|Protect|p2b: Mimikyu\n|-singleturn|p2b: Mimikyu|Protect\n|move|p1a: Murkrow|Foul Play|p2a: Gholdengo\n|-activate|p2a: Gholdengo|move: Protect\n|move|p1b: Flamigo|Brave Bird|p2a: Gholdengo\n|-activate|p2a: Gholdengo|move: Protect\n|\n|-sideend|p2: Jbenn|move: Tailwind\n|upkeep\n|turn|6\n|l| haoran zhou\n|\n|t:|1682561473\n|move|p1a: Murkrow|Protect|p1a: Murkrow\n|-singleturn|p1a: Murkrow|Protect\n|move|p1b: Flamigo|Protect|p1b: Flamigo\n|-singleturn|p1b: Flamigo|Protect\n|move|p2a: Gholdengo|Thunderbolt|p1b: Flamigo\n|-activate|p1b: Flamigo|move: Protect\n|move|p2b: Mimikyu|Play Rough|p1b: Flamigo\n|-activate|p1b: Flamigo|move: Protect\n|\n|upkeep\n|turn|7\n|\n|t:|1682561512\n|move|p2a: Gholdengo|Make It Rain|p1a: Murkrow|[spread] p1a,p1b\n|-damage|p1a: Murkrow|41\/100\n|-damage|p1b: Flamigo|22\/100\n|-unboost|p2a: Gholdengo|spa|1\n|move|p1a: Murkrow|Foul Play|p2a: Gholdengo\n|-supereffective|p2a: Gholdengo\n|-damage|p2a: Gholdengo|68\/100\n|move|p2b: Mimikyu|Play Rough|p1b: Flamigo\n|-supereffective|p1b: Flamigo\n|-crit|p1b: Flamigo\n|-damage|p1b: Flamigo|0 fnt\n|faint|p1b: Flamigo\n|\n|-heal|p2a: Gholdengo|74\/100|[from] item: Leftovers\n|upkeep\n|turn|8\n|-message|carlosmeza021 forfeited.\n|\n|win|Jbenn\n|raw|carlosmeza021's rating: 1431 → 1410<\/strong> (-21 for losing)\n|raw|Jbenn's rating: 1413 → 1434<\/strong> (+21 for winning)\n|l|\u2606carlosmeza021\n","uploadtime":1682561537,"views":11,"p1id":"carlosmeza021","p2id":"jbenn","formatid":"gen9vgc2023regulationc","rating":1410,"private":0,"password":""}