{"id":"gen9vgc2023regulationc-1855126404","p1":"AirBloom","p2":"Onlyshiny","format":"[Gen 9] VGC 2023 Regulation C","log":"|j|\u2606AirBloom\n|j|\u2606Onlyshiny\n|t:|1682904481\n|gametype|doubles\n|player|p1|AirBloom|roxie|1418\n|player|p2|Onlyshiny|n|1308\n|teamsize|p1|6\n|teamsize|p2|6\n|gen|9\n|tier|[Gen 9] VGC 2023 Regulation C\n|rated|\n|rule|Species Clause: Limit one of each Pok\u00e9mon\n|rule|Item Clause: Limit one of each item\n|clearpoke\n|poke|p1|Gyarados, L50, M|\n|poke|p1|Amoonguss, L50, M|\n|poke|p1|Flutter Mane, L50|\n|poke|p1|Chi-Yu, L50|\n|poke|p1|Talonflame, L50, M|\n|poke|p1|Garchomp, L50, M|\n|poke|p2|Amoonguss, L50, M|\n|poke|p2|Annihilape, L50, M|\n|poke|p2|Maushold-Four, L50|\n|poke|p2|Chi-Yu, L50|\n|poke|p2|Flutter Mane, L50|\n|poke|p2|Iron Bundle, L50|\n|teampreview|4\nAirBloom has agreed to open team sheets.\nOnlyshiny has agreed to open team sheets.\n|inactive|Battle timer is ON: inactive players will automatically lose when time's up. (requested by AirBloom)\n|\n|t:|1682904566\n|start\n|switch|p1a: Talonflame|Talonflame, L50, M|100\/100\n|switch|p1b: Flutter Mane|Flutter Mane, L50|100\/100\n|switch|p2a: Iron Bundle|Iron Bundle, L50|100\/100\n|switch|p2b: Hoonguss|Amoonguss, L50, M|100\/100\n|-enditem|p2a: Iron Bundle|Booster Energy\n|-activate|p2a: Iron Bundle|ability: Quark Drive|[fromitem]\n|-start|p2a: Iron Bundle|quarkdrivespe\n|-enditem|p1b: Flutter Mane|Booster Energy\n|-activate|p1b: Flutter Mane|ability: Protosynthesis|[fromitem]\n|-start|p1b: Flutter Mane|protosynthesisspa\n|turn|1\n|inactive|AirBloom has 30 seconds left.\n|inactive|Onlyshiny has 30 seconds left.\n|inactive|AirBloom has 20 seconds left.\n|inactive|AirBloom has 15 seconds left.\n|\n|t:|1682904611\n|move|p1b: Flutter Mane|Protect|p1b: Flutter Mane\n|-singleturn|p1b: Flutter Mane|Protect\n|move|p1a: Talonflame|Tailwind|p1a: Talonflame\n|-sidestart|p1: AirBloom|move: Tailwind\n|move|p2a: Iron Bundle|Hydro Pump|p1a: Talonflame|[miss]\n|-miss|p2a: Iron Bundle|p1a: Talonflame\n|move|p2b: Hoonguss|Spore|p1a: Talonflame\n|-status|p1a: Talonflame|slp|[from] move: Spore\n|\n|upkeep\n|turn|2\n|\n|t:|1682904631\n|cant|p1a: Talonflame|slp\n|move|p1b: Flutter Mane|Substitute|p1b: Flutter Mane\n|-start|p1b: Flutter Mane|Substitute\n|-damage|p1b: Flutter Mane|76\/100\n|move|p2a: Iron Bundle|Encore|p1b: Flutter Mane\n|-start|p1b: Flutter Mane|Encore\n|move|p2b: Hoonguss|Pollen Puff|p2a: Iron Bundle\n|-immune|p2a: Iron Bundle\n|\n|upkeep\n|turn|3\n|\n|t:|1682904654\n|cant|p1a: Talonflame|slp\n|move|p1b: Flutter Mane|Substitute|p1b: Flutter Mane\n|-fail|p1b: Flutter Mane|move: Substitute\n|move|p2a: Iron Bundle|Hydro Pump|p1a: Talonflame\n|-supereffective|p1a: Talonflame\n|-damage|p1a: Talonflame|0 fnt\n|faint|p1a: Talonflame\n|move|p2b: Hoonguss|Clear Smog|p1b: Flutter Mane\n|-activate|p1b: Flutter Mane|move: Substitute|[damage]\n|\n|upkeep\n|\n|t:|1682904664\n|switch|p1a: Chi-Yu|Chi-Yu, L50|100\/100\n|-ability|p1a: Chi-Yu|Beads of Ruin\n|turn|4\n|\n|t:|1682904681\n|-terastallize|p2b: Hoonguss|Water\n|move|p2a: Iron Bundle|Protect|p2a: Iron Bundle\n|-singleturn|p2a: Iron Bundle|Protect\n|move|p1b: Flutter Mane|Substitute|p1b: Flutter Mane\n|-fail|p1b: Flutter Mane|move: Substitute\n|move|p1a: Chi-Yu|Heat Wave|p2b: Hoonguss|[spread] p2b\n|-activate|p2a: Iron Bundle|move: Protect\n|-resisted|p2b: Hoonguss\n|-damage|p2b: Hoonguss|77\/100\n|move|p2b: Hoonguss|Spore|p1a: Chi-Yu\n|-status|p1a: Chi-Yu|slp|[from] move: Spore\n|\n|-sideend|p1: AirBloom|move: Tailwind\n|upkeep\n|turn|5\n|-message|AirBloom forfeited.\n|\n|win|Onlyshiny\n|raw|AirBloom's rating: 1418 → 1392<\/strong> (-26 for losing)\n|raw|Onlyshiny's rating: 1308 → 1334<\/strong> (+26 for winning)\n|l|\u2606AirBloom\n","uploadtime":1682904704,"views":17,"p1id":"airbloom","p2id":"onlyshiny","formatid":"gen9vgc2023regulationc","rating":1334,"private":0,"password":""}