{"id":"gen9vgc2023regulationc-1848687047","p1":"DisneyDancerOnIce","p2":"dman12352","format":"[Gen 9] VGC 2023 Regulation C","log":"|j|\u2606DisneyDancerOnIce\n|j|\u2606dman12352\n|t:|1682100841\n|gametype|doubles\n|player|p1|DisneyDancerOnIce|burglar|\n|player|p2|dman12352|101|\n|teamsize|p1|6\n|teamsize|p2|6\n|gen|9\n|tier|[Gen 9] VGC 2023 Regulation C\n|rated|Tournament battle\n|rule|Species Clause: Limit one of each Pok\u00e9mon\n|rule|Item Clause: Limit one of each item\n|clearpoke\n|poke|p1|Goodra, L50, M|\n|poke|p1|Arcanine, L50, F|\n|poke|p1|Wo-Chien, L50|\n|poke|p1|Tinkaton, L50, F|\n|poke|p1|Espathra, L50, M|\n|poke|p1|Pelipper, L50, F|\n|poke|p2|Flutter Mane, L50|\n|poke|p2|Chien-Pao, L50|\n|poke|p2|Iron Bundle, L50|\n|poke|p2|Ceruledge, L50, F|\n|poke|p2|Dragonite, L50, M|\n|poke|p2|Amoonguss, L50, M|\n|teampreview|4\n|raw| Open Team Sheet for DisneyDancerOnIce<\/summary>Goodra @ Leftovers Ability: Sap Sipper Level: 50 Shiny: Yes Tera Type: Water - Muddy Water - Dragon Pulse - Substitute - Protect Arcanine @ Sitrus Berry Ability: Intimidate Level: 50 Shiny: Yes Tera Type: Flying - Overheat - Snarl - Will-O-Wisp - Protect Wo-Chien @ Rocky Helmet Ability: Tablets of Ruin Level: 50 Tera Type: Poison - Pollen Puff - Leech Seed - Taunt - Protect Tinkaton (F) @ Safety Goggles Ability: Mold Breaker Level: 50 Tera Type: Flying - Gigaton Hammer - Fake Out - Thunder Wave - Stealth Rock Espathra @ Light Clay Ability: Speed Boost Level: 50 Tera Type: Steel - Lumina Crash - Reflect - Light Screen - Protect Pelipper @ Focus Sash Ability: Drizzle Level: 50 Shiny: Yes Tera Type: Water - Hydro Pump - Hurricane - Tailwind - Protect <\/details><\/div> Open Team Sheet for dman12352<\/summary>Flutter Mane @ Focus Sash Ability: Protosynthesis Level: 50 Shiny: Yes Tera Type: Fairy - Moonblast - Protect - Shadow Ball - Dazzling Gleam Chien-Pao @ Choice Scarf Ability: Sword of Ruin Level: 50 Tera Type: Psychic - Ice Spinner - Sacred Sword - Psychic Fangs - Throat Chop Iron Bundle @ Booster Energy Ability: Quark Drive Level: 50 Tera Type: Water - Encore - Icy Wind - Hydro Pump - Protect Ceruledge @ Life Orb Ability: Flash Fire Level: 50 Shiny: Yes Tera Type: Bug - Shadow Sneak - Bitter Blade - Swords Dance - Protect Dragonite @ Choice Band Ability: Multiscale Level: 50 Shiny: Yes Tera Type: Normal - Extreme Speed - Waterfall - Dragon Claw - Stomping Tantrum Amoonguss @ Sitrus Berry Ability: Regenerator Level: 50 Tera Type: Water - Spore - Rage Powder - Pollen Puff - Protect <\/details><\/div>\n|inactive|Battle timer is ON: inactive players will automatically lose when time's up. (requested by dman12352)\n|j| Moxieclean\n|j| babiwi bewey\u2714\ufe0f\n|j| Muted xd\n|inactive|DisneyDancerOnIce has 60 seconds left.\n|\n|t:|1682100876\n|start\n|switch|p1a: Goodra|Goodra, L50, M, shiny|100\/100\n|switch|p1b: Tinkaton|Tinkaton, L50, F|100\/100\n|switch|p2a: Flutter Mane|Flutter Mane, L50, shiny|100\/100\n|switch|p2b: Iron Bundle|Iron Bundle, L50|100\/100\n|-ability|p1b: Tinkaton|Mold Breaker\n|-enditem|p2b: Iron Bundle|Booster Energy\n|-activate|p2b: Iron Bundle|ability: Quark Drive|[fromitem]\n|-start|p2b: Iron Bundle|quarkdrivespe\n|turn|1\n|j| Iancrix\n|\n|t:|1682100901\n|-terastallize|p1a: Goodra|Water\n|move|p2b: Iron Bundle|Protect|p2b: Iron Bundle\n|-singleturn|p2b: Iron Bundle|Protect\n|move|p1b: Tinkaton|Fake Out|p2b: Iron Bundle\n|-activate|p2b: Iron Bundle|move: Protect\n|move|p2a: Flutter Mane|Dazzling Gleam|p1b: Tinkaton|[spread] p1a,p1b\n|-resisted|p1b: Tinkaton\n|-damage|p1a: Goodra|81\/100\n|-damage|p1b: Tinkaton|84\/100\n|move|p1a: Goodra|Substitute|p1a: Goodra\n|-start|p1a: Goodra|Substitute\n|-damage|p1a: Goodra|56\/100\n|\n|-heal|p1a: Goodra|62\/100|[from] item: Leftovers\n|upkeep\n|turn|2\n|\n|t:|1682100916\n|move|p1a: Goodra|Protect|p1a: Goodra\n|-singleturn|p1a: Goodra|Protect\n|move|p2b: Iron Bundle|Encore|p1b: Tinkaton\n|-start|p1b: Tinkaton|Encore\n|move|p2a: Flutter Mane|Moonblast|p1a: Goodra\n|-activate|p1a: Goodra|move: Protect\n|move|p1b: Tinkaton|Fake Out||[still]\n|-hint|Fake Out only works on your first turn out.\n|-fail|p1b: Tinkaton\n|\n|-heal|p1a: Goodra|69\/100|[from] item: Leftovers\n|upkeep\n|turn|3\n|j|%Aldrich\n|inactive|DisneyDancerOnIce has 30 seconds left.\n|j| Eldegoss32\n|inactive|DisneyDancerOnIce has 20 seconds left.\n|\n|t:|1682100953\n|switch|p1b: Arcanine|Arcanine, L50, F, shiny|100\/100\n|-ability|p1b: Arcanine|Intimidate|boost\n|-unboost|p2a: Flutter Mane|atk|1\n|-unboost|p2b: Iron Bundle|atk|1\n|move|p2b: Iron Bundle|Hydro Pump|p1a: Goodra\n|-resisted|p1a: Goodra\n|-activate|p1a: Goodra|move: Substitute|[damage]\n|move|p2a: Flutter Mane|Moonblast|p1a: Goodra\n|-end|p1a: Goodra|Substitute\n|move|p1a: Goodra|Muddy Water|p2b: Iron Bundle|[spread] p2a,p2b\n|-resisted|p2b: Iron Bundle\n|-damage|p2a: Flutter Mane|66\/100\n|-damage|p2b: Iron Bundle|74\/100\n|-unboost|p2a: Flutter Mane|accuracy|1\n|\n|-heal|p1a: Goodra|75\/100|[from] item: Leftovers\n|upkeep\n|turn|4\n|inactive|dman12352 has 30 seconds left.\n|j| godlydefeater\n|inactive|dman12352 has 20 seconds left.\n|inactive|dman12352 has 15 seconds left.\n|\n|t:|1682100995\n|-end|p2a: Flutter Mane|Protosynthesis|[silent]\n|switch|p2a: Chien-Pao|Chien-Pao, L50|100\/100\n|-ability|p2a: Chien-Pao|Sword of Ruin\n|move|p1a: Goodra|Protect|p1a: Goodra\n|-singleturn|p1a: Goodra|Protect\n|move|p2b: Iron Bundle|Hydro Pump|p1b: Arcanine\n|-supereffective|p1b: Arcanine\n|-damage|p1b: Arcanine|0 fnt\n|faint|p1b: Arcanine\n|\n|-heal|p1a: Goodra|81\/100|[from] item: Leftovers\n|upkeep\n|\n|t:|1682101006\n|switch|p1b: Tinkaton|Tinkaton, L50, F|84\/100\n|-ability|p1b: Tinkaton|Mold Breaker\n|turn|5\n|\n|t:|1682101023\n|move|p2b: Iron Bundle|Protect|p2b: Iron Bundle\n|-singleturn|p2b: Iron Bundle|Protect\n|move|p2a: Chien-Pao|Throat Chop|p1a: Goodra\n|-damage|p1a: Goodra|20\/100\n|-start|p1a: Goodra|Throat Chop|[silent]\n|move|p1b: Tinkaton|Stealth Rock|p2a: Chien-Pao\n|-sidestart|p2: dman12352|move: Stealth Rock\n|move|p1a: Goodra|Dragon Pulse|p2b: Iron Bundle\n|-activate|p2b: Iron Bundle|move: Protect\n|\n|-heal|p1a: Goodra|27\/100|[from] item: Leftovers\n|upkeep\n|turn|6\n|inactive|DisneyDancerOnIce has 30 seconds left.\n|inactive|DisneyDancerOnIce has 20 seconds left.\n|j| kakans\n|inactive|DisneyDancerOnIce has 15 seconds left.\n|inactive|DisneyDancerOnIce has 10 seconds left.\n|\n|t:|1682101071\n|move|p1a: Goodra|Protect|p1a: Goodra\n|-singleturn|p1a: Goodra|Protect\n|move|p2b: Iron Bundle|Encore|p1b: Tinkaton\n|-start|p1b: Tinkaton|Encore\n|move|p2a: Chien-Pao|Throat Chop|p1a: Goodra\n|-activate|p1a: Goodra|move: Protect\n|move|p1b: Tinkaton|Stealth Rock||[still]\n|-fail|p1b: Tinkaton\n|\n|-heal|p1a: Goodra|33\/100|[from] item: Leftovers\n|-end|p1a: Goodra|Throat Chop|[silent]\n|upkeep\n|turn|7\n|\n|t:|1682101084\n|switch|p1b: Wo-Chien|Wo-Chien, L50|100\/100\n|-ability|p1b: Wo-Chien|Tablets of Ruin\n|move|p1a: Goodra|Protect|p1a: Goodra\n|-singleturn|p1a: Goodra|Protect\n|move|p2b: Iron Bundle|Icy Wind|p1a: Goodra|[spread] p1b\n|-activate|p1a: Goodra|move: Protect\n|-supereffective|p1b: Wo-Chien\n|-damage|p1b: Wo-Chien|75\/100\n|-unboost|p1b: Wo-Chien|spe|1\n|move|p2a: Chien-Pao|Throat Chop|p1a: Goodra\n|-activate|p1a: Goodra|move: Protect\n|\n|-heal|p1a: Goodra|39\/100|[from] item: Leftovers\n|upkeep\n|turn|8\n|inactive|DisneyDancerOnIce has 30 seconds left.\n|inactive|DisneyDancerOnIce has 20 seconds left.\n|inactive|DisneyDancerOnIce has 15 seconds left.\n|inactive|DisneyDancerOnIce has 10 seconds left.\n|inactive|DisneyDancerOnIce has 5 seconds left.\n|\n|t:|1682101139\n|move|p2b: Iron Bundle|Icy Wind|p1b: Wo-Chien|[spread] p1a,p1b\n|-resisted|p1a: Goodra\n|-supereffective|p1b: Wo-Chien\n|-damage|p1a: Goodra|33\/100\n|-damage|p1b: Wo-Chien|50\/100\n|-unboost|p1a: Goodra|spe|1\n|-unboost|p1b: Wo-Chien|spe|1\n|move|p2a: Chien-Pao|Throat Chop|p1a: Goodra\n|-damage|p1a: Goodra|0 fnt\n|faint|p1a: Goodra\n|move|p1b: Wo-Chien|Pollen Puff|p2b: Iron Bundle\n|-damage|p2b: Iron Bundle|41\/100\n|\n|upkeep\n|l| Muted xd\n|inactive|DisneyDancerOnIce has 30 seconds left.\n|inactive|DisneyDancerOnIce has 20 seconds left.\n|inactive|DisneyDancerOnIce has 15 seconds left.\n|inactive|DisneyDancerOnIce has 10 seconds left.\n|inactive|DisneyDancerOnIce has 5 seconds left.\n|\n|t:|1682101194\n|switch|p1a: Tinkaton|Tinkaton, L50, F|84\/100\n|-ability|p1a: Tinkaton|Mold Breaker\n|turn|9\n|inactive|DisneyDancerOnIce has 30 seconds left.\n|inactive|DisneyDancerOnIce has 20 seconds left.\n|inactive|DisneyDancerOnIce has 15 seconds left.\n|inactive|DisneyDancerOnIce has 10 seconds left.\n|inactive|DisneyDancerOnIce has 5 seconds left.\n|c|\u2606dman12352|can you stop stalignit plz\n|\n|t:|1682101249\n|move|p2b: Iron Bundle|Icy Wind|p1a: Tinkaton|[spread] p1a,p1b\n|-resisted|p1a: Tinkaton\n|-supereffective|p1b: Wo-Chien\n|-damage|p1a: Tinkaton|76\/100\n|-damage|p1b: Wo-Chien|24\/100\n|-unboost|p1a: Tinkaton|spe|1\n|-unboost|p1b: Wo-Chien|spe|1\n|move|p2a: Chien-Pao|Throat Chop|p1b: Wo-Chien\n|-resisted|p1b: Wo-Chien\n|-damage|p1b: Wo-Chien|11\/100\n|-start|p1b: Wo-Chien|Throat Chop|[silent]\n|-damage|p2a: Chien-Pao|84\/100|[from] item: Rocky Helmet|[of] p1b: Wo-Chien\n|move|p1a: Tinkaton|Gigaton Hammer|p2a: Chien-Pao\n|-supereffective|p2a: Chien-Pao\n|-damage|p2a: Chien-Pao|0 fnt\n|faint|p2a: Chien-Pao\n|move|p1b: Wo-Chien|Pollen Puff|p2b: Iron Bundle\n|-damage|p2b: Iron Bundle|10\/100\n|\n|upkeep\n|\n|t:|1682101256\n|switch|p2a: Ceruledge|Ceruledge, L50, F, shiny|100\/100\n|-damage|p2a: Ceruledge|76\/100|[from] Stealth Rock\n|turn|10\n|inactive|DisneyDancerOnIce has 30 seconds left.\n|inactive|DisneyDancerOnIce has 20 seconds left.\n|inactive|DisneyDancerOnIce has 15 seconds left.\n|inactive|DisneyDancerOnIce has 10 seconds left.\n|j| Muted xd\n|inactive|DisneyDancerOnIce has 5 seconds left.\n|\n|t:|1682101311\n|-terastallize|p2a: Ceruledge|Bug\n|move|p1a: Tinkaton|Fake Out||[still]\n|-hint|Fake Out only works on your first turn out.\n|-fail|p1a: Tinkaton\n|move|p2b: Iron Bundle|Icy Wind|p1a: Tinkaton|[spread] p1a,p1b\n|-resisted|p1a: Tinkaton\n|-supereffective|p1b: Wo-Chien\n|-damage|p1a: Tinkaton|68\/100\n|-damage|p1b: Wo-Chien|0 fnt\n|-unboost|p1a: Tinkaton|spe|1\n|faint|p1b: Wo-Chien\n|move|p2a: Ceruledge|Bitter Blade|p1a: Tinkaton\n|-supereffective|p1a: Tinkaton\n|-damage|p1a: Tinkaton|0 fnt\n|-heal|p2a: Ceruledge|100\/100|[from] drain|[of] p1a: Tinkaton\n|faint|p1a: Tinkaton\n|-damage|p2a: Ceruledge|91\/100|[from] item: Life Orb\n|\n|win|dman12352\n|n|\u2606DisneyDancerOnIce|disneydanceronice\n|n|\u2606dman12352|dman12352\n|n| Moxieclean|moxieclean\n|n| babiwi bewey\u2714\ufe0f|babiwibewey\n|n| Iancrix|iancrix\n|n| Aldrich|aldrich\n|n| Eldegoss32|eldegoss32\n|n| godlydefeater|godlydefeater\n|n| kakans|kakans\n|n| Muted xd|mutedxd\n","uploadtime":1682101311,"views":12,"p1id":"disneydanceronice","p2id":"dman12352","formatid":"gen9vgc2023regulationc","rating":0,"private":0,"password":""}