{"id":"gen9vgc2023regulationc-1854996054","p1":"RoxanneForever","p2":"Antonimo17","format":"[Gen 9] VGC 2023 Regulation C","log":"|j|\u2606RoxanneForever\n|j|\u2606Antonimo17\n|t:|1682889063\n|gametype|doubles\n|player|p1|RoxanneForever|cynthia-gen4|1109\n|player|p2|Antonimo17|hilbert|1207\n|teamsize|p1|6\n|teamsize|p2|6\n|gen|9\n|tier|[Gen 9] VGC 2023 Regulation C\n|rated|\n|rule|Species Clause: Limit one of each Pok\u00e9mon\n|rule|Item Clause: Limit one of each item\n|clearpoke\n|poke|p1|Ceruledge, L50, M|\n|poke|p1|Sylveon, L50, F|\n|poke|p1|Tatsugiri, L50, M|\n|poke|p1|Dondozo, L50, F|\n|poke|p1|Glimmora, L50, M|\n|poke|p1|Flutter Mane, L50|\n|poke|p2|Torkoal, L50, F|\n|poke|p2|Chi-Yu, L50|\n|poke|p2|Dachsbun, L50, F|\n|poke|p2|Iron Hands, L50|\n|poke|p2|Gastrodon-East, L50, F|\n|poke|p2|Roaring Moon, L50|\n|teampreview|4\n|\n|t:|1682889099\n|start\n|switch|p1a: Tatsugiri|Tatsugiri, L50, M|100\/100\n|switch|p1b: Glimmora|Glimmora, L50, M|100\/100\n|switch|p2a: Torkoal|Torkoal, L50, F|100\/100\n|switch|p2b: Dachsbun|Dachsbun, L50, F|100\/100\n|-weather|SunnyDay|[from] ability: Drought|[of] p2a: Torkoal\n|turn|1\n|inactive|Battle timer is ON: inactive players will automatically lose when time's up. (requested by RoxanneForever)\n|\n|t:|1682889136\n|move|p1b: Glimmora|Power Gem|p2a: Torkoal\n|-supereffective|p2a: Torkoal\n|-damage|p2a: Torkoal|29\/100\n|move|p1a: Tatsugiri|Muddy Water|p2b: Dachsbun|[spread] p2a,p2b\n|-supereffective|p2a: Torkoal\n|-damage|p2a: Torkoal|2\/100\n|-damage|p2b: Dachsbun|80\/100\n|-unboost|p2a: Torkoal|accuracy|1\n|move|p2b: Dachsbun|Play Rough|p1a: Tatsugiri\n|-supereffective|p1a: Tatsugiri\n|-damage|p1a: Tatsugiri|4\/100\n|move|p2a: Torkoal|Lava Plume|p1a: Tatsugiri|[spread] p1a,p1b\n|-ability|p2b: Dachsbun|Well-Baked Body|boost\n|-boost|p2b: Dachsbun|def|2\n|-resisted|p1a: Tatsugiri\n|-resisted|p1b: Glimmora\n|-damage|p1a: Tatsugiri|0 fnt\n|-damage|p1b: Glimmora|76\/100\n|faint|p1a: Tatsugiri\n|\n|-weather|SunnyDay|[upkeep]\n|upkeep\n|\n|t:|1682889153\n|switch|p1a: Ceruledge|Ceruledge, L50, M|100\/100\n|turn|2\n|inactive|Antonimo17 has 30 seconds left.\n|\n|t:|1682889184\n|-terastallize|p2b: Dachsbun|Fire\n|move|p1b: Glimmora|Power Gem|p2a: Torkoal\n|-supereffective|p2a: Torkoal\n|-damage|p2a: Torkoal|0 fnt\n|faint|p2a: Torkoal\n|move|p1a: Ceruledge|Clear Smog|p2b: Dachsbun\n|-damage|p2b: Dachsbun|70\/100\n|-clearboost|p2b: Dachsbun\n|move|p2b: Dachsbun|Charm|p1a: Ceruledge\n|-unboost|p1a: Ceruledge|atk|2\n|\n|-weather|SunnyDay|[upkeep]\n|upkeep\n|\n|t:|1682889190\n|switch|p2a: Chi-Yu|Chi-Yu, L50|100\/100\n|-ability|p2a: Chi-Yu|Beads of Ruin\n|turn|3\n|\n|t:|1682889212\n|switch|p1a: Sylveon|Sylveon, L50, F|100\/100\n|move|p1b: Glimmora|Spiky Shield|p1b: Glimmora\n|-singleturn|p1b: Glimmora|move: Protect\n|move|p2a: Chi-Yu|Dark Pulse|p1a: Sylveon\n|-resisted|p1a: Sylveon\n|-damage|p1a: Sylveon|86\/100\n|move|p2b: Dachsbun|Body Press|p1b: Glimmora\n|-activate|p1b: Glimmora|move: Protect\n|-damage|p2b: Dachsbun|58\/100|[from] Spiky Shield|[of] p1b: Glimmora\n|\n|-weather|SunnyDay|[upkeep]\n|upkeep\n|turn|4\n|\n|t:|1682889236\n|move|p2b: Dachsbun|Helping Hand|p2a: Chi-Yu\n|-singleturn|p2a: Chi-Yu|Helping Hand|[of] p2b: Dachsbun\n|move|p2a: Chi-Yu|Heat Wave|p1b: Glimmora|[spread] p1a,p1b\n|-resisted|p1b: Glimmora\n|-damage|p1a: Sylveon|26\/100\n|-damage|p1b: Glimmora|0 fnt\n|-enditem|p1a: Sylveon|Sitrus Berry|[eat]\n|-heal|p1a: Sylveon|50\/100|[from] item: Sitrus Berry\n|faint|p1b: Glimmora\n|move|p1a: Sylveon|Hyper Voice|p2b: Dachsbun|[spread] p2a,p2b\n|-resisted|p2b: Dachsbun\n|-damage|p2a: Chi-Yu|67\/100\n|-damage|p2b: Dachsbun|30\/100\n|-enditem|p2b: Dachsbun|Sitrus Berry|[eat]\n|-heal|p2b: Dachsbun|55\/100|[from] item: Sitrus Berry\n|\n|-weather|SunnyDay|[upkeep]\n|upkeep\n|\n|t:|1682889242\n|switch|p1b: Ceruledge|Ceruledge, L50, M|100\/100\n|turn|5\n|\n|t:|1682889264\n|-terastallize|p1b: Ceruledge|Grass\n|move|p1a: Sylveon|Protect|p1a: Sylveon\n|-singleturn|p1a: Sylveon|Protect\n|move|p1b: Ceruledge|Shadow Sneak|p2a: Chi-Yu\n|-resisted|p2a: Chi-Yu\n|-damage|p2a: Chi-Yu|49\/100\n|move|p2a: Chi-Yu|Dark Pulse|p1b: Ceruledge\n|-damage|p1b: Ceruledge|56\/100\n|move|p2b: Dachsbun|Charm|p1b: Ceruledge\n|-unboost|p1b: Ceruledge|atk|2\n|\n|-weather|none\n|upkeep\n|turn|6\n|\n|t:|1682889284\n|move|p2b: Dachsbun|Helping Hand|p2a: Chi-Yu\n|-singleturn|p2a: Chi-Yu|Helping Hand|[of] p2b: Dachsbun\n|move|p1b: Ceruledge|Shadow Sneak|p2b: Dachsbun\n|-damage|p2b: Dachsbun|47\/100\n|move|p2a: Chi-Yu|Heat Wave|p1a: Sylveon|[spread] p1a\n|-start|p1b: Ceruledge|ability: Flash Fire\n|-damage|p1a: Sylveon|11\/100\n|move|p1a: Sylveon|Hyper Voice|p2a: Chi-Yu|[spread] p2a,p2b\n|-resisted|p2b: Dachsbun\n|-damage|p2a: Chi-Yu|14\/100\n|-damage|p2b: Dachsbun|20\/100\n|\n|upkeep\n|turn|7\n|\n|t:|1682889303\n|move|p1a: Sylveon|Protect|p1a: Sylveon\n|-singleturn|p1a: Sylveon|Protect\n|move|p1b: Ceruledge|Shadow Sneak|p2a: Chi-Yu\n|-resisted|p2a: Chi-Yu\n|-damage|p2a: Chi-Yu|4\/100\n|move|p2a: Chi-Yu|Dark Pulse|p1b: Ceruledge\n|-damage|p1b: Ceruledge|6\/100\n|move|p2b: Dachsbun|Body Press|p1a: Sylveon\n|-activate|p1a: Sylveon|move: Protect\n|\n|upkeep\n|turn|8\n|\n|t:|1682889322\n|move|p2a: Chi-Yu|Protect|p2a: Chi-Yu\n|-singleturn|p2a: Chi-Yu|Protect\n|move|p1b: Ceruledge|Shadow Sneak|p2a: Chi-Yu\n|-activate|p2a: Chi-Yu|move: Protect\n|move|p2b: Dachsbun|Play Rough|p1b: Ceruledge\n|-damage|p1b: Ceruledge|0 fnt\n|faint|p1b: Ceruledge\n|move|p1a: Sylveon|Hyper Voice|p2a: Chi-Yu|[spread] p2b\n|-activate|p2a: Chi-Yu|move: Protect\n|-resisted|p2b: Dachsbun\n|-damage|p2b: Dachsbun|0 fnt\n|faint|p2b: Dachsbun\n|\n|upkeep\n|\n|t:|1682889337\n|switch|p2b: Iron Hands|Iron Hands, L50|100\/100\n|turn|9\n|\n|t:|1682889343\n|move|p2b: Iron Hands|Fake Out|p1a: Sylveon\n|-crit|p1a: Sylveon\n|-damage|p1a: Sylveon|0 fnt\n|faint|p1a: Sylveon\n|\n|win|Antonimo17\n|raw|RoxanneForever's rating: 1109 → 1091<\/strong> (-18 for losing)\n|raw|Antonimo17's rating: 1207 → 1225<\/strong> (+18 for winning)\n|l|\u2606RoxanneForever\n","uploadtime":1682889507,"views":10,"p1id":"roxanneforever","p2id":"antonimo17","formatid":"gen9vgc2023regulationc","rating":1091,"private":0,"password":""}