{"id":"gen9vgc2023regulationc-1848361327","p1":"GoldieHonchkrow","p2":"bozersquad1","format":"[Gen 9] VGC 2023 Regulation C","log":"|j|\u2606GoldieHonchkrow\n|j|\u2606bozersquad1\n|t:|1682066722\n|gametype|doubles\n|player|p1|GoldieHonchkrow|2|1170\n|player|p2|bozersquad1|1|1198\n|teamsize|p1|6\n|teamsize|p2|6\n|gen|9\n|tier|[Gen 9] VGC 2023 Regulation C\n|rated|\n|rule|Species Clause: Limit one of each Pok\u00e9mon\n|rule|Item Clause: Limit one of each item\n|clearpoke\n|poke|p1|Tatsugiri, L50, M|\n|poke|p1|Chi-Yu, L50|\n|poke|p1|Glimmora, L50, F|\n|poke|p1|Dragonite, L50, M|\n|poke|p1|Dondozo, L50, F|\n|poke|p1|Iron Bundle, L50|\n|poke|p2|Ceruledge, L50, M|\n|poke|p2|Flutter Mane, L50|\n|poke|p2|Amoonguss, L50, F|\n|poke|p2|Gastrodon, L50, F|\n|poke|p2|Corviknight, L50, M|\n|poke|p2|Ting-Lu, L50|\n|teampreview|4\nbozersquad1 has agreed to open team sheets.\n|inactive|Battle timer is ON: inactive players will automatically lose when time's up. (requested by GoldieHonchkrow)\n|inactive|GoldieHonchkrow has 60 seconds left.\n|inactive|bozersquad1 has 60 seconds left.\n|\n|t:|1682066781\n|start\n|switch|p1a: Dondozo|Dondozo, L50, F|100\/100\n|switch|p1b: Glimmora|Glimmora, L50, F|100\/100\n|switch|p2a: Ting-Lu|Ting-Lu, L50|100\/100\n|switch|p2b: Amoonguss|Amoonguss, L50, F|100\/100\n|-ability|p2a: Ting-Lu|Vessel of Ruin\n|turn|1\n|inactive|bozersquad1 has 30 seconds left.\n|inactive|GoldieHonchkrow has 30 seconds left.\n|inactive|GoldieHonchkrow has 20 seconds left.\n|\n|t:|1682066828\n|-terastallize|p1a: Dondozo|Grass\n|move|p1b: Glimmora|Power Gem|p2b: Amoonguss\n|-damage|p2b: Amoonguss|81\/100\n|move|p1a: Dondozo|Wave Crash|p2a: Ting-Lu\n|-supereffective|p2a: Ting-Lu\n|-damage|p2a: Ting-Lu|47\/100\n|-damage|p1a: Dondozo|80\/100|[from] Recoil\n|move|p2a: Ting-Lu|Ruination|p1a: Dondozo\n|-damage|p1a: Dondozo|41\/100\n|move|p2b: Amoonguss|Spore|p1a: Dondozo\n|-immune|p1a: Dondozo\n|\n|upkeep\n|turn|2\n|inactive|bozersquad1 has 30 seconds left.\n|\n|t:|1682066853\n|switch|p1b: Tatsugiri|Tatsugiri, L50, M|100\/100\n|-activate|p1b: Tatsugiri|ability: Commander|[of] p1a: Dondozo\n|-boost|p1a: Dondozo|atk|2\n|-boost|p1a: Dondozo|spa|2\n|-boost|p1a: Dondozo|spe|2\n|-boost|p1a: Dondozo|def|2\n|-boost|p1a: Dondozo|spd|2\n|switch|p2b: Gastrodon|Gastrodon, L50, F|100\/100\n|move|p1a: Dondozo|Earthquake|p2b: Gastrodon|[spread] p2a,p2b\n|-miss|p1a: Dondozo|p1b: Tatsugiri\n|-damage|p2a: Ting-Lu|25\/100\n|-damage|p2b: Gastrodon|61\/100\n|move|p2a: Ting-Lu|Stomping Tantrum|p1b: Tatsugiri|[miss]\n|-miss|p2a: Ting-Lu|p1b: Tatsugiri\n|\n|upkeep\n|turn|3\n|inactive|bozersquad1 has 30 seconds left.\n|\n|t:|1682066880\n|move|p1a: Dondozo|Tera Blast|p2b: Gastrodon\n|-supereffective|p2b: Gastrodon\n|-damage|p2b: Gastrodon|0 fnt\n|faint|p2b: Gastrodon\n|move|p2a: Ting-Lu|Rock Tomb|p1a: Dondozo\n|-damage|p1a: Dondozo|35\/100\n|\n|upkeep\n|\n|t:|1682066889\n|switch|p2b: Corviknight|Corviknight, L50, M|100\/100\n|turn|4\n|\n|t:|1682066911\n|move|p1a: Dondozo|Tera Blast|p2a: Ting-Lu\n|-supereffective|p2a: Ting-Lu\n|-damage|p2a: Ting-Lu|0 fnt\n|faint|p2a: Ting-Lu\n|move|p2b: Corviknight|Iron Defense|p2b: Corviknight\n|-boost|p2b: Corviknight|def|2\n|\n|upkeep\n|\n|t:|1682066923\n|switch|p2a: Amoonguss|Amoonguss, L50, F|100\/100\n|turn|5\n|\n|t:|1682066940\n|-terastallize|p2b: Corviknight|Dragon\n|move|p1a: Dondozo|Wave Crash|p2b: Corviknight\n|-resisted|p2b: Corviknight\n|-damage|p2b: Corviknight|64\/100\n|-damage|p1a: Dondozo|24\/100|[from] Recoil\n|move|p2b: Corviknight|Iron Defense|p2b: Corviknight\n|-boost|p2b: Corviknight|def|2\n|move|p2a: Amoonguss|Pollen Puff|p1a: Dondozo\n|-supereffective|p1a: Dondozo\n|-damage|p1a: Dondozo|7\/100\n|\n|upkeep\n|turn|6\n|\n|t:|1682066958\n|move|p1a: Dondozo|Wave Crash|p2b: Corviknight\n|-resisted|p2b: Corviknight\n|-damage|p2b: Corviknight|29\/100\n|-damage|p1a: Dondozo|0 fnt|[from] Recoil\n|faint|p1a: Dondozo\n|move|p2b: Corviknight|Body Press|p1b: Tatsugiri\n|-damage|p1b: Tatsugiri|0 fnt\n|faint|p1b: Tatsugiri\n|move|p2a: Amoonguss|Pollen Puff|p2b: Corviknight\n|-heal|p2b: Corviknight|79\/100\n|\n|upkeep\n|\n|t:|1682066962\n|switch|p1b: Glimmora|Glimmora, L50, F|100\/100\n|switch|p1a: Dragonite|Dragonite, L50, M|100\/100\n|turn|7\n|\n|t:|1682066984\n|move|p1b: Glimmora|Spiky Shield|p1b: Glimmora\n|-singleturn|p1b: Glimmora|move: Protect\n|move|p1a: Dragonite|Outrage|p2a: Amoonguss\n|-damage|p2a: Amoonguss|38\/100\n|-damage|p1a: Dragonite|84\/100|[from] item: Rocky Helmet|[of] p2a: Amoonguss\n|move|p2b: Corviknight|Body Press|p1b: Glimmora\n|-activate|p1b: Glimmora|move: Protect\n|-damage|p2b: Corviknight|67\/100|[from] Spiky Shield|[of] p1b: Glimmora\n|move|p2a: Amoonguss|Spore|p1a: Dragonite\n|-status|p1a: Dragonite|slp|[from] move: Spore\n|\n|upkeep\n|turn|8\n|\n|t:|1682067004\n|move|p1b: Glimmora|Mortal Spin|p2b: Corviknight|[spread] p2a,p2b\n|-damage|p2a: Amoonguss|34\/100\n|-damage|p2b: Corviknight|65\/100\n|-status|p2b: Corviknight|psn\n|-damage|p1b: Glimmora|84\/100|[from] item: Rocky Helmet|[of] p2a: Amoonguss\n|cant|p1a: Dragonite|slp\n|move|p2b: Corviknight|Body Press|p1b: Glimmora\n|-damage|p1b: Glimmora|29\/100\n|-activate|p1b: Glimmora|ability: Toxic Debris\n|-sidestart|p2: bozersquad1|move: Toxic Spikes\n|-enditem|p1b: Glimmora|Sitrus Berry|[eat]\n|-heal|p1b: Glimmora|54\/100|[from] item: Sitrus Berry\n|move|p2a: Amoonguss|Pollen Puff|p1b: Glimmora\n|-resisted|p1b: Glimmora\n|-damage|p1b: Glimmora|45\/100\n|\n|-damage|p2b: Corviknight|53\/100 psn|[from] psn\n|upkeep\n|turn|9\n|inactive|GoldieHonchkrow has 30 seconds left.\n|inactive|bozersquad1 has 30 seconds left.\n|\n|t:|1682067035\n|move|p1b: Glimmora|Power Gem|p2b: Corviknight\n|-damage|p2b: Corviknight|21\/100 psn\n|cant|p1a: Dragonite|slp\n|move|p2b: Corviknight|Body Press|p1a: Dragonite\n|-resisted|p1a: Dragonite\n|-damage|p1a: Dragonite|54\/100 slp\n|move|p2a: Amoonguss|Pollen Puff|p2b: Corviknight\n|-heal|p2b: Corviknight|71\/100 psn\n|\n|-damage|p2b: Corviknight|58\/100 psn|[from] psn\n|upkeep\n|turn|10\n|\n|t:|1682067054\n|move|p1b: Glimmora|Power Gem|p2a: Amoonguss\n|-damage|p2a: Amoonguss|7\/100\n|-curestatus|p1a: Dragonite|slp|[msg]\n|move|p1a: Dragonite|Outrage|p2a: Amoonguss\n|-damage|p2a: Amoonguss|0 fnt\n|-damage|p1a: Dragonite|37\/100|[from] item: Rocky Helmet|[of] p2a: Amoonguss\n|faint|p2a: Amoonguss\n|move|p2b: Corviknight|Iron Head|p1b: Glimmora\n|-supereffective|p1b: Glimmora\n|-damage|p1b: Glimmora|0 fnt\n|-activate|p1b: Glimmora|ability: Toxic Debris\n|-sidestart|p2: bozersquad1|move: Toxic Spikes\n|faint|p1b: Glimmora\n|\n|-damage|p2b: Corviknight|46\/100 psn|[from] psn\n|upkeep\n|turn|11\n|\n|t:|1682067075\n|move|p1a: Dragonite|Outrage|p2b: Corviknight|[from]lockedmove\n|-supereffective|p2b: Corviknight\n|-damage|p2b: Corviknight|13\/100 psn\n|move|p2b: Corviknight|Body Press|p1a: Dragonite\n|-resisted|p1a: Dragonite\n|-damage|p1a: Dragonite|4\/100\n|\n|-damage|p2b: Corviknight|0 fnt|[from] psn\n|faint|p2b: Corviknight\n|\n|win|GoldieHonchkrow\n|upkeep\n|raw|GoldieHonchkrow's rating: 1170 → 1197<\/strong> (+27 for winning)\n|raw|bozersquad1's rating: 1198 → 1171<\/strong> (-27 for losing)\n|l|\u2606bozersquad1\n","uploadtime":1682067090,"views":9,"p1id":"goldiehonchkrow","p2id":"bozersquad1","formatid":"gen9vgc2023regulationc","rating":1171,"private":0,"password":""}