{"id":"gen9vgc2023regulationc-1847329714","p1":"throwaway0988","p2":"jackiepeanuts","format":"[Gen 9] VGC 2023 Regulation C","log":"|j|\u2606throwaway0988\n|j|\u2606jackiepeanuts\n|t:|1681939087\n|gametype|doubles\n|player|p1|throwaway0988|102|1431\n|player|p2|jackiepeanuts|2|1451\n|teamsize|p1|5\n|teamsize|p2|6\n|gen|9\n|tier|[Gen 9] VGC 2023 Regulation C\n|rated|\n|rule|Species Clause: Limit one of each Pok\u00e9mon\n|rule|Item Clause: Limit one of each item\n|clearpoke\n|poke|p1|Dondozo, L50, M|\n|poke|p1|Pelipper, L50, F|\n|poke|p1|Tatsugiri, L50, F|\n|poke|p1|Iron Bundle, L50|\n|poke|p1|Iron Hands, L50|\n|poke|p2|Lokix, L50, F|\n|poke|p2|Arcanine, L50, F|\n|poke|p2|Ting-Lu, L50|\n|poke|p2|Palafin, L50, M|\n|poke|p2|Flutter Mane, L50|\n|poke|p2|Chien-Pao, L50|\n|teampreview|4\n|inactive|Battle timer is ON: inactive players will automatically lose when time's up. (requested by throwaway0988)\n|\n|t:|1681939099\n|start\n|switch|p1a: Dondozo|Dondozo, L50, M|100\/100\n|switch|p1b: Pelipper|Pelipper, L50, F|100\/100\n|switch|p2a: Flutter Mane|Flutter Mane, L50|100\/100\n|switch|p2b: Palafin|Palafin, L50, M|100\/100\n|-weather|RainDance|[from] ability: Drizzle|[of] p1b: Pelipper\n|-enditem|p2a: Flutter Mane|Booster Energy\n|-activate|p2a: Flutter Mane|ability: Protosynthesis|[fromitem]\n|-start|p2a: Flutter Mane|protosynthesisspe\n|turn|1\n|\n|t:|1681939116\n|switch|p1b: Tatsugiri|Tatsugiri, L50, F|100\/100\n|-activate|p1b: Tatsugiri|ability: Commander|[of] p1a: Dondozo\n|-boost|p1a: Dondozo|atk|2\n|-boost|p1a: Dondozo|spa|2\n|-boost|p1a: Dondozo|spe|2\n|-boost|p1a: Dondozo|def|2\n|-boost|p1a: Dondozo|spd|2\n|move|p2a: Flutter Mane|Dazzling Gleam|p1b: Tatsugiri|[spread] p1a\n|-miss|p2a: Flutter Mane|p1b: Tatsugiri\n|-damage|p1a: Dondozo|81\/100\n|move|p1a: Dondozo|Surf|p2b: Palafin|[spread] p2a,p2b\n|-miss|p1a: Dondozo|p1b: Tatsugiri\n|-resisted|p2b: Palafin\n|-damage|p2a: Flutter Mane|0 fnt\n|-damage|p2b: Palafin|34\/100\n|faint|p2a: Flutter Mane\n|-end|p2a: Flutter Mane|Protosynthesis|[silent]\n|move|p2b: Palafin|Close Combat|p1a: Dondozo\n|-damage|p1a: Dondozo|70\/100\n|-unboost|p2b: Palafin|def|1\n|-unboost|p2b: Palafin|spd|1\n|-enditem|p2b: Palafin|Eject Pack\n|\n|t:|1681939137\n|detailschange|p2b: Palafin|Palafin-Hero, L50, M\n|switch|p2b: Chien-Pao|Chien-Pao, L50|100\/100\n|-ability|p2b: Chien-Pao|Sword of Ruin\n|\n|-weather|RainDance|[upkeep]\n|upkeep\n|\n|t:|1681939145\n|switch|p2a: Lokix|Lokix, L50, F, shiny|100\/100\n|turn|2\n|\n|t:|1681939150\n|move|p2b: Chien-Pao|Haze|p2b: Chien-Pao\n|-clearallboost\n|move|p2a: Lokix|U-turn|p1a: Dondozo\n|-damage|p1a: Dondozo|30\/100\n|-damage|p2a: Lokix|91\/100|[from] item: Life Orb\n|\n|t:|1681939157\n|switch|p2a: Palafin|Palafin-Hero, L50, M|34\/100|[from] U-turn\n|-activate|p2a: Palafin|ability: Zero to Hero\n|move|p1a: Dondozo|Surf|p2a: Palafin|[spread] p2a,p2b\n|-miss|p1a: Dondozo|p1b: Tatsugiri\n|-resisted|p2a: Palafin\n|-damage|p2a: Palafin|7\/100\n|-damage|p2b: Chien-Pao|17\/100\n|\n|-weather|RainDance|[upkeep]\n|upkeep\n|turn|3\n|\n|t:|1681939180\n|move|p2b: Chien-Pao|Ice Spinner|p1a: Dondozo\n|-resisted|p1a: Dondozo\n|-damage|p1a: Dondozo|9\/100\n|move|p2a: Palafin|Close Combat|p1a: Dondozo\n|-crit|p1a: Dondozo\n|-damage|p1a: Dondozo|0 fnt\n|-unboost|p2a: Palafin|def|1\n|-unboost|p2a: Palafin|spd|1\n|faint|p1a: Dondozo\n|\n|-weather|RainDance|[upkeep]\n|upkeep\n|\n|t:|1681939192\n|switch|p1a: Iron Hands|Iron Hands, L50|100\/100\n|turn|4\n|\n|t:|1681939212\n|move|p2b: Chien-Pao|Protect|p2b: Chien-Pao\n|-singleturn|p2b: Chien-Pao|Protect\n|move|p2a: Palafin|Protect|p2a: Palafin\n|-singleturn|p2a: Palafin|Protect\n|move|p1b: Tatsugiri|Muddy Water|p2b: Chien-Pao|[spread] \n|-activate|p2a: Palafin|move: Protect\n|-activate|p2b: Chien-Pao|move: Protect\n|move|p1a: Iron Hands|Belly Drum|p1a: Iron Hands\n|-damage|p1a: Iron Hands|50\/100\n|-setboost|p1a: Iron Hands|atk|6|[from] move: Belly Drum\n|-enditem|p1a: Iron Hands|Sitrus Berry|[eat]\n|-heal|p1a: Iron Hands|75\/100|[from] item: Sitrus Berry\n|\n|-weather|RainDance|[upkeep]\n|upkeep\n|turn|5\n|inactive|jackiepeanuts has 30 seconds left.\n|\n|t:|1681939242\n|move|p1a: Iron Hands|Protect|p1a: Iron Hands\n|-singleturn|p1a: Iron Hands|Protect\n|move|p2b: Chien-Pao|Sucker Punch|p1b: Tatsugiri\n|-damage|p1b: Tatsugiri|10\/100\n|move|p2a: Palafin|Jet Punch|p1b: Tatsugiri\n|-resisted|p1b: Tatsugiri\n|-damage|p1b: Tatsugiri|0 fnt\n|faint|p1b: Tatsugiri\n|\n|-weather|none\n|upkeep\n|\n|t:|1681939248\n|switch|p1b: Pelipper|Pelipper, L50, F|100\/100\n|-weather|RainDance|[from] ability: Drizzle|[of] p1b: Pelipper\n|turn|6\n|inactive|jackiepeanuts has 30 seconds left.\n|inactive|throwaway0988 has 30 seconds left.\n|inactive|jackiepeanuts has 20 seconds left.\n|inactive|jackiepeanuts has 15 seconds left.\n|inactive|jackiepeanuts has 10 seconds left.\n|\n|t:|1681939296\n|-terastallize|p1a: Iron Hands|Grass\n|move|p2b: Chien-Pao|Protect|p2b: Chien-Pao\n|-singleturn|p2b: Chien-Pao|Protect\n|move|p2a: Palafin|Jet Punch|p1a: Iron Hands\n|-resisted|p1a: Iron Hands\n|-damage|p1a: Iron Hands|45\/100\n|move|p1a: Iron Hands|Earthquake|p2b: Chien-Pao|[spread] p2a\n|-activate|p2b: Chien-Pao|move: Protect\n|-immune|p1b: Pelipper\n|-damage|p2a: Palafin|0 fnt\n|faint|p2a: Palafin\n|move|p1b: Pelipper|Tailwind|p1b: Pelipper\n|-sidestart|p1: throwaway0988|move: Tailwind\n|\n|-weather|RainDance|[upkeep]\n|upkeep\n|\n|t:|1681939314\n|switch|p2a: Lokix|Lokix, L50, F, shiny|91\/100\n|turn|7\n|\n|t:|1681939327\n|-terastallize|p2a: Lokix|Bug\n|move|p1a: Iron Hands|Protect|p1a: Iron Hands\n|-singleturn|p1a: Iron Hands|Protect\n|move|p2a: Lokix|First Impression|p1b: Pelipper\n|-resisted|p1b: Pelipper\n|-damage|p1b: Pelipper|0 fnt\n|faint|p1b: Pelipper\n|-damage|p2a: Lokix|81\/100|[from] item: Life Orb\n|move|p2b: Chien-Pao|Ice Spinner|p1a: Iron Hands\n|-activate|p1a: Iron Hands|move: Protect\n|\n|-weather|RainDance|[upkeep]\n|upkeep\n|turn|8\n|\n|t:|1681939339\n|move|p2b: Chien-Pao|Sucker Punch|p1a: Iron Hands\n|-damage|p1a: Iron Hands|11\/100\n|move|p2a: Lokix|Sucker Punch|p1a: Iron Hands\n|-crit|p1a: Iron Hands\n|-damage|p1a: Iron Hands|0 fnt\n|faint|p1a: Iron Hands\n|-end|p1a: Iron Hands|Quark Drive|[silent]\n|-damage|p2a: Lokix|72\/100|[from] item: Life Orb\n|\n|win|jackiepeanuts\n|raw|throwaway0988's rating: 1431 → 1412<\/strong> (-19 for losing)\n|raw|jackiepeanuts's rating: 1451 → 1470<\/strong> (+19 for winning)\n|l|\u2606throwaway0988\n|player|p2|jackiepeanuts|2\n","uploadtime":1681939474,"views":8,"p1id":"throwaway0988","p2id":"jackiepeanuts","formatid":"gen9vgc2023regulationc","rating":1412,"private":0,"password":""}