{"id":"gen9vgc2023regulationc-1860745844","p1":"leafeonthegoat","p2":"RadiantBlue4552","format":"[Gen 9] VGC 2023 Regulation C","log":"|j|\u2606leafeonthegoat\n|j|\u2606RadiantBlue4552\n|t:|1683672805\n|gametype|doubles\n|player|p1|leafeonthegoat|palmer|1265\n|player|p2|RadiantBlue4552|266|1338\n|teamsize|p1|6\n|teamsize|p2|6\n|gen|9\n|tier|[Gen 9] VGC 2023 Regulation C\n|rated|\n|rule|Species Clause: Limit one of each Pok\u00e9mon\n|rule|Item Clause: Limit one of each item\n|clearpoke\n|poke|p1|Gholdengo, L50|\n|poke|p1|Gothitelle, L50, F|\n|poke|p1|Azumarill, L50, M|\n|poke|p1|Talonflame, L50, M|\n|poke|p1|Meowscarada, L50, M|\n|poke|p1|Iron Hands, L50|\n|poke|p2|Kingambit, L50, F|\n|poke|p2|Hariyama, L50, M|\n|poke|p2|Garchomp, L50, M|\n|poke|p2|Torkoal, L50, M|\n|poke|p2|Brute Bonnet, L50|\n|poke|p2|Oranguru, L50, M|\n|teampreview|4\n|inactive|Battle timer is ON: inactive players will automatically lose when time's up. (requested by leafeonthegoat)\nleafeonthegoat has agreed to open team sheets.\n|inactive|leafeonthegoat has 60 seconds left.\n|\n|t:|1683672854\n|start\n|switch|p1a: Gholdengo|Gholdengo, L50|100\/100\n|switch|p1b: Gothitelle|Gothitelle, L50, F|100\/100\n|switch|p2a: Kingambit|Kingambit, L50, F|100\/100\n|switch|p2b: Garchomp|Garchomp, L50, M|100\/100\n|turn|1\n|\n|t:|1683672874\n|-terastallize|p1a: Gholdengo|Water\n|-terastallize|p2a: Kingambit|Flying\n|move|p1b: Gothitelle|Fake Out|p2a: Kingambit\n|-damage|p2a: Kingambit|96\/100\n|move|p2b: Garchomp|Earthquake|p1a: Gholdengo|[spread] p1a,p1b\n|-immune|p2a: Kingambit\n|-damage|p1a: Gholdengo|62\/100\n|-damage|p1b: Gothitelle|66\/100\n|move|p1a: Gholdengo|Nasty Plot|p1a: Gholdengo\n|-boost|p1a: Gholdengo|spa|2\n|cant|p2a: Kingambit|flinch\n|\n|-heal|p1a: Gholdengo|68\/100|[from] item: Leftovers\n|upkeep\n|turn|2\n|inactive|RadiantBlue4552 has 30 seconds left.\n|\n|t:|1683672899\n|switch|p1b: Azumarill|Azumarill, L50, M|100\/100\n|move|p2b: Garchomp|Earthquake|p1a: Gholdengo|[spread] p1a,p1b\n|-immune|p2a: Kingambit\n|-damage|p1a: Gholdengo|30\/100\n|-damage|p1b: Azumarill|58\/100\n|move|p1a: Gholdengo|Make It Rain|p2b: Garchomp|[spread] p2a,p2b\n|-damage|p2a: Kingambit|43\/100\n|-damage|p2b: Garchomp|12\/100\n|-unboost|p1a: Gholdengo|spa|1\n|move|p2a: Kingambit|Kowtow Cleave|p1a: Gholdengo\n|-damage|p1a: Gholdengo|0 fnt\n|faint|p1a: Gholdengo\n|\n|upkeep\n|\n|t:|1683672914\n|switch|p1a: Gothitelle|Gothitelle, L50, F|66\/100\n|turn|3\n|\n|t:|1683672923\n|move|p1a: Gothitelle|Fake Out|p2a: Kingambit\n|-crit|p2a: Kingambit\n|-damage|p2a: Kingambit|36\/100\n|move|p1b: Azumarill|Aqua Jet|p2b: Garchomp\n|-damage|p2b: Garchomp|0 fnt\n|-damage|p1b: Azumarill|46\/100|[from] ability: Rough Skin|[of] p2b: Garchomp\n|faint|p2b: Garchomp\n|cant|p2a: Kingambit|flinch\n|\n|upkeep\n|\n|t:|1683672932\n|switch|p2b: Oranguru|Oranguru, L50, M|100\/100\n|turn|4\n|\n|t:|1683672943\n|move|p1b: Azumarill|Aqua Jet|p2a: Kingambit\n|-damage|p2a: Kingambit|9\/100\n|move|p2a: Kingambit|Iron Head|p1b: Azumarill\n|-damage|p1b: Azumarill|0 fnt\n|faint|p1b: Azumarill\n|move|p2b: Oranguru|Instruct|p2a: Kingambit\n|-singleturn|p2a: Kingambit|move: Instruct|[of] p2b: Oranguru\n|move|p2a: Kingambit|Iron Head|p1a: Gothitelle\n|-damage|p1a: Gothitelle|25\/100\n|-enditem|p1a: Gothitelle|Sitrus Berry|[eat]\n|-heal|p1a: Gothitelle|50\/100|[from] item: Sitrus Berry\n|cant|p1a: Gothitelle|flinch\n|\n|upkeep\n|\n|t:|1683672950\n|switch|p1b: Iron Hands|Iron Hands, L50|100\/100\n|turn|5\n|\n|t:|1683672968\n|move|p1b: Iron Hands|Fake Out|p2a: Kingambit\n|-damage|p2a: Kingambit|0 fnt\n|faint|p2a: Kingambit\n|move|p1a: Gothitelle|Trick Room|p1a: Gothitelle\n|-fieldstart|move: Trick Room|[of] p1a: Gothitelle\n|move|p2b: Oranguru|Trick Room|p2b: Oranguru\n|-fieldend|move: Trick Room\n|\n|upkeep\n|\n|t:|1683672974\n|switch|p2a: Torkoal|Torkoal, L50, M|100\/100\n|-weather|SunnyDay|[from] ability: Drought|[of] p2a: Torkoal\n|turn|6\n|\n|t:|1683672988\n|move|p2a: Torkoal|Protect|p2a: Torkoal\n|-singleturn|p2a: Torkoal|Protect\n|move|p1b: Iron Hands|Drain Punch|p2b: Oranguru\n|-damage|p2b: Oranguru|49\/100\n|move|p1a: Gothitelle|Trick Room|p1a: Gothitelle\n|-fieldstart|move: Trick Room|[of] p1a: Gothitelle\n|move|p2b: Oranguru|Trick Room|p2b: Oranguru\n|-fieldend|move: Trick Room\n|\n|-weather|SunnyDay|[upkeep]\n|upkeep\n|turn|7\n|\n|t:|1683673011\n|move|p1a: Gothitelle|Psychic|p2a: Torkoal\n|-damage|p2a: Torkoal|58\/100\n|move|p1b: Iron Hands|Drain Punch|p2b: Oranguru\n|-damage|p2b: Oranguru|5\/100\n|move|p2a: Torkoal|Eruption|p1b: Iron Hands|[spread] p1a,p1b\n|-crit|p1a: Gothitelle\n|-damage|p1a: Gothitelle|0 fnt\n|-damage|p1b: Iron Hands|74\/100\n|faint|p1a: Gothitelle\n|move|p2b: Oranguru|Trick Room|p2b: Oranguru\n|-fieldstart|move: Trick Room|[of] p2b: Oranguru\n|\n|-weather|SunnyDay|[upkeep]\n|upkeep\n|turn|8\n|\n|t:|1683673025\n|move|p2a: Torkoal|Overheat|p1b: Iron Hands\n|-damage|p1b: Iron Hands|16\/100\n|-unboost|p2a: Torkoal|spa|2\n|move|p2b: Oranguru|Psychic|p1b: Iron Hands\n|-supereffective|p1b: Iron Hands\n|-crit|p1b: Iron Hands\n|-damage|p1b: Iron Hands|0 fnt\n|faint|p1b: Iron Hands\n|-end|p1b: Iron Hands|Quark Drive|[silent]\n|\n|win|RadiantBlue4552\n|raw|leafeonthegoat's rating: 1265 → 1245<\/strong> (-20 for losing)\n|raw|RadiantBlue4552's rating: 1338 → 1354<\/strong> (+16 for winning)\n","uploadtime":1683673036,"views":8,"p1id":"leafeonthegoat","p2id":"radiantblue4552","formatid":"gen9vgc2023regulationc","rating":1245,"private":0,"password":""}