{"id":"gen9vgc2023regulationc-1860436421","p1":"raelu","p2":"WillieDangerously","format":"[Gen 9] VGC 2023 Regulation C","log":"|j|\u2606raelu\n|j|\u2606WillieDangerously\n|t:|1683644079\n|gametype|doubles\n|player|p1|raelu|giacomo|1195\n|player|p2|WillieDangerously|psychic-gen4|1187\n|teamsize|p1|6\n|teamsize|p2|6\n|gen|9\n|tier|[Gen 9] VGC 2023 Regulation C\n|rated|\n|rule|Species Clause: Limit one of each Pok\u00e9mon\n|rule|Item Clause: Limit one of each item\n|clearpoke\n|poke|p1|Murkrow, L50, M|\n|poke|p1|Palafin, L50, F|\n|poke|p1|Iron Bundle, L50|\n|poke|p1|Flutter Mane, L50|\n|poke|p1|Great Tusk, L50|\n|poke|p1|Dragonite, L50, M|\n|poke|p2|Gholdengo, L50|\n|poke|p2|Wo-Chien, L50|\n|poke|p2|Iron Bundle, L50|\n|poke|p2|Dragapult, L50, F|\n|poke|p2|Hippowdon, L50, M|\n|poke|p2|Glimmora, L50, M|\n|teampreview|4\n|inactive|Battle timer is ON: inactive players will automatically lose when time's up. (requested by raelu)\n|inactive|raelu has 60 seconds left.\n|inactive|WillieDangerously has 60 seconds left.\n|\n|t:|1683644126\n|start\n|switch|p1a: Murkrow|Murkrow, L50, M|100\/100\n|switch|p1b: Great Tusk|Great Tusk, L50|100\/100\n|switch|p2a: Glimmora|Glimmora, L50, M|100\/100\n|switch|p2b: Hippowdon|Hippowdon, L50, M|100\/100\n|-weather|Sandstorm|[from] ability: Sand Stream|[of] p2b: Hippowdon\n|turn|1\n|inactive|raelu has 30 seconds left.\n|inactive|WillieDangerously has 30 seconds left.\n|inactive|WillieDangerously has 20 seconds left.\n|\n|t:|1683644162\n|-terastallize|p1b: Great Tusk|Ground\n|-terastallize|p2a: Glimmora|Grass\n|move|p1a: Murkrow|Rain Dance|p1a: Murkrow\n|-weather|RainDance\n|move|p1b: Great Tusk|Earthquake|p2b: Hippowdon|[spread] p2a,p2b\n|-immune|p1a: Murkrow\n|-resisted|p2a: Glimmora\n|-damage|p2a: Glimmora|74\/100\n|-damage|p2b: Hippowdon|68\/100\n|-activate|p2a: Glimmora|ability: Toxic Debris\n|-sidestart|p1: raelu|move: Toxic Spikes\n|move|p2a: Glimmora|Mortal Spin|p1a: Murkrow|[spread] p1a,p1b\n|-resisted|p1b: Great Tusk\n|-damage|p1a: Murkrow|96\/100\n|-damage|p1b: Great Tusk|99\/100\n|-status|p1a: Murkrow|psn\n|-status|p1b: Great Tusk|psn\n|move|p2b: Hippowdon|Sand Tomb|p1b: Great Tusk\n|-damage|p1b: Great Tusk|88\/100 psn\n|-activate|p1b: Great Tusk|move: Sand Tomb|[of] p2b: Hippowdon\n|\n|-weather|RainDance|[upkeep]\n|-damage|p1b: Great Tusk|76\/100 psn|[from] psn\n|-damage|p1a: Murkrow|84\/100 psn|[from] psn\n|-damage|p1b: Great Tusk|64\/100 psn|[from] move: Sand Tomb|[partiallytrapped]\n|upkeep\n|turn|2\n|inactive|raelu has 30 seconds left.\n|inactive|WillieDangerously has 30 seconds left.\n|inactive|WillieDangerously has 20 seconds left.\n|inactive|raelu has 20 seconds left.\n|inactive|WillieDangerously has 15 seconds left.\n|inactive|WillieDangerously has 10 seconds left.\n|\n|t:|1683644208\n|move|p1b: Great Tusk|Earthquake|p2a: Glimmora|[spread] p2a,p2b\n|-immune|p1a: Murkrow\n|-resisted|p2a: Glimmora\n|-damage|p2a: Glimmora|48\/100\n|-damage|p2b: Hippowdon|36\/100\n|-activate|p2a: Glimmora|ability: Toxic Debris\n|-sidestart|p1: raelu|move: Toxic Spikes\n|move|p2a: Glimmora|Energy Ball|p1b: Great Tusk\n|-supereffective|p1b: Great Tusk\n|-damage|p1b: Great Tusk|0 fnt\n|faint|p1b: Great Tusk\n|-end|p1b: Great Tusk|Protosynthesis|[silent]\n|move|p1a: Murkrow|Foul Play|p2b: Hippowdon\n|-damage|p2b: Hippowdon|12\/100\n|-enditem|p2b: Hippowdon|Mago Berry|[eat]\n|-heal|p2b: Hippowdon|45\/100|[from] item: Mago Berry\n|move|p2b: Hippowdon|Stealth Rock|p1a: Murkrow\n|-sidestart|p1: raelu|move: Stealth Rock\n|\n|-weather|RainDance|[upkeep]\n|-damage|p1a: Murkrow|72\/100 psn|[from] psn\n|upkeep\n|inactive|raelu has 30 seconds left.\n|\n|t:|1683644235\n|switch|p1b: Dragonite|Dragonite, L50, M|100\/100\n|-damage|p1b: Dragonite|76\/100|[from] Stealth Rock\n|turn|3\n|inactive|WillieDangerously has 30 seconds left.\n|\n|t:|1683644261\n|switch|p2b: Wo-Chien|Wo-Chien, L50|100\/100\n|-ability|p2b: Wo-Chien|Tablets of Ruin\n|move|p1a: Murkrow|Tailwind|p1a: Murkrow\n|-sidestart|p1: raelu|move: Tailwind\n|move|p1b: Dragonite|Aerial Ace|p2a: Glimmora\n|-supereffective|p2a: Glimmora\n|-damage|p2a: Glimmora|0 fnt\n|faint|p2a: Glimmora\n|\n|-weather|RainDance|[upkeep]\n|-damage|p1a: Murkrow|60\/100 psn|[from] psn\n|upkeep\n|\n|t:|1683644275\n|switch|p2a: Hippowdon|Hippowdon, L50, M|45\/100\n|-weather|Sandstorm|[from] ability: Sand Stream|[of] p2a: Hippowdon\n|turn|4\n|inactive|raelu has 30 seconds left.\n|\n|t:|1683644310\n|switch|p2b: Gholdengo|Gholdengo, L50|100\/100\n|move|p1a: Murkrow|Taunt|p2b: Gholdengo\n|-immune|p2b: Gholdengo|[from] ability: Good as Gold\n|move|p1b: Dragonite|Outrage|p2a: Hippowdon\n|-damage|p2a: Hippowdon|0 fnt\n|faint|p2a: Hippowdon\n|\n|-weather|Sandstorm|[upkeep]\n|-damage|p1a: Murkrow|54\/100 psn|[from] Sandstorm\n|-damage|p1b: Dragonite|70\/100|[from] Sandstorm\n|-damage|p1a: Murkrow|42\/100 psn|[from] psn\n|upkeep\n|inactive|WillieDangerously has 30 seconds left.\n|\n|t:|1683644336\n|switch|p2a: Wo-Chien|Wo-Chien, L50|100\/100\n|-ability|p2a: Wo-Chien|Tablets of Ruin\n|turn|5\n|\n|t:|1683644358\n|move|p1a: Murkrow|Taunt|p2a: Wo-Chien\n|-hint|Since gen 7, Dark is immune to Prankster moves.\n|-immune|p2a: Wo-Chien\n|move|p1b: Dragonite|Outrage|p2a: Wo-Chien|[from]lockedmove\n|-damage|p2a: Wo-Chien|61\/100\n|move|p2b: Gholdengo|Nasty Plot|p2b: Gholdengo\n|-boost|p2b: Gholdengo|spa|2\n|move|p2a: Wo-Chien|Leech Seed|p1b: Dragonite\n|-start|p1b: Dragonite|move: Leech Seed\n|\n|-weather|Sandstorm|[upkeep]\n|-damage|p1a: Murkrow|36\/100 psn|[from] Sandstorm\n|-damage|p1b: Dragonite|64\/100|[from] Sandstorm\n|-damage|p2a: Wo-Chien|55\/100|[from] Sandstorm\n|-heal|p2a: Wo-Chien|61\/100|[from] item: Leftovers\n|-damage|p1b: Dragonite|52\/100|[from] Leech Seed|[of] p2a: Wo-Chien\n|-heal|p2a: Wo-Chien|73\/100|[silent]\n|-damage|p1a: Murkrow|24\/100 psn|[from] psn\n|upkeep\n|turn|6\n|\n|t:|1683644383\n|move|p1a: Murkrow|Foul Play|p2b: Gholdengo\n|-supereffective|p2b: Gholdengo\n|-damage|p2b: Gholdengo|78\/100\n|move|p1b: Dragonite|Outrage|p2b: Gholdengo|[from]lockedmove\n|-resisted|p2b: Gholdengo\n|-damage|p2b: Gholdengo|55\/100\n|-start|p1b: Dragonite|confusion|[fatigue]\n|move|p2b: Gholdengo|Shadow Ball|p1b: Dragonite\n|-damage|p1b: Dragonite|0 fnt\n|faint|p1b: Dragonite\n|move|p2a: Wo-Chien|Foul Play|p1a: Murkrow\n|-resisted|p1a: Murkrow\n|-damage|p1a: Murkrow|13\/100 psn\n|\n|-weather|Sandstorm|[upkeep]\n|-damage|p1a: Murkrow|7\/100 psn|[from] Sandstorm\n|-damage|p2a: Wo-Chien|67\/100|[from] Sandstorm\n|-heal|p2a: Wo-Chien|73\/100|[from] item: Leftovers\n|-damage|p1a: Murkrow|0 fnt|[from] psn\n|faint|p1a: Murkrow\n|-sideend|p1: raelu|move: Tailwind\n|upkeep\n|inactive|raelu has 30 seconds left.\n|inactive|raelu has 20 seconds left.\n|inactive|raelu has 15 seconds left.\n|inactive|raelu has 10 seconds left.\n|\n|t:|1683644430\n|switch|p1b: Flutter Mane|Flutter Mane, L50|100\/100\n|-status|p1b: Flutter Mane|tox\n|-damage|p1b: Flutter Mane|88\/100 tox|[from] Stealth Rock\n|turn|7\n|\n|t:|1683644444\n|move|p1b: Flutter Mane|Shadow Ball|p2b: Gholdengo\n|-supereffective|p2b: Gholdengo\n|-damage|p2b: Gholdengo|0 fnt\n|faint|p2b: Gholdengo\n|move|p2a: Wo-Chien|Leech Seed|p1b: Flutter Mane\n|-start|p1b: Flutter Mane|move: Leech Seed\n|\n|-weather|Sandstorm|[upkeep]\n|-damage|p1b: Flutter Mane|83\/100 tox|[from] Sandstorm\n|-damage|p2a: Wo-Chien|67\/100|[from] Sandstorm\n|-heal|p2a: Wo-Chien|73\/100|[from] item: Leftovers\n|-damage|p1b: Flutter Mane|70\/100 tox|[from] Leech Seed|[of] p2a: Wo-Chien\n|-heal|p2a: Wo-Chien|82\/100|[silent]\n|-damage|p1b: Flutter Mane|65\/100 tox|[from] psn\n|upkeep\n|turn|8\n|\n|t:|1683644457\n|move|p2a: Wo-Chien|Protect|p2a: Wo-Chien\n|-singleturn|p2a: Wo-Chien|Protect\n|move|p1b: Flutter Mane|Shadow Ball|p2a: Wo-Chien\n|-activate|p2a: Wo-Chien|move: Protect\n|\n|-weather|none\n|-heal|p2a: Wo-Chien|88\/100|[from] item: Leftovers\n|-damage|p1b: Flutter Mane|52\/100 tox|[from] Leech Seed|[of] p2a: Wo-Chien\n|-heal|p2a: Wo-Chien|97\/100|[silent]\n|-damage|p1b: Flutter Mane|41\/100 tox|[from] psn\n|upkeep\n|turn|9\n|-message|raelu forfeited.\n|\n|win|WillieDangerously\n|raw|raelu's rating: 1195 → 1169<\/strong> (-26 for losing)\n|raw|WillieDangerously's rating: 1187 → 1213<\/strong> (+26 for winning)\n|l|\u2606raelu\n","uploadtime":1683644477,"views":3,"p1id":"raelu","p2id":"williedangerously","formatid":"gen9vgc2023regulationc","rating":1169,"private":0,"password":""}