{"id":"gen9vgc2023regulationc-1846309386","p1":"Sk1tt3n","p2":"Lazy92","format":"[Gen 9] VGC 2023 Regulation C","log":"|j|\u2606Sk1tt3n\n|j|\u2606Lazy92\n|t:|1681830484\n|gametype|doubles\n|player|p1|Sk1tt3n|hexmaniac-gen6|1339\n|player|p2|Lazy92|265|1226\n|teamsize|p1|6\n|teamsize|p2|6\n|gen|9\n|tier|[Gen 9] VGC 2023 Regulation C\n|rated|\n|rule|Species Clause: Limit one of each Pok\u00e9mon\n|rule|Item Clause: Limit one of each item\n|clearpoke\n|poke|p1|Iron Hands, L50|\n|poke|p1|Bronzong, L50|\n|poke|p1|Arboliva, L50, F|\n|poke|p1|Farigiraf, L50, M|\n|poke|p1|Flutter Mane, L50|\n|poke|p1|Ting-Lu, L50|\n|poke|p2|Amoonguss, L50, F|\n|poke|p2|Chi-Yu, L50|\n|poke|p2|Iron Bundle, L50|\n|poke|p2|Garchomp, L50, M|\n|poke|p2|Iron Hands, L50|\n|poke|p2|Rotom-Wash, L50|\n|teampreview|4\nLazy92 has agreed to open team sheets.\n|inactive|Battle timer is ON: inactive players will automatically lose when time's up. (requested by Lazy92)\n|\n|t:|1681830517\n|start\n|switch|p1a: Iron Hands|Iron Hands, L50|100\/100\n|switch|p1b: Farigiraf|Farigiraf, L50, M|100\/100\n|switch|p2a: Chi-Yu|Chi-Yu, L50|100\/100\n|switch|p2b: Rotom|Rotom-Wash, L50|100\/100\n|-ability|p2a: Chi-Yu|Beads of Ruin\n|turn|1\n|\n|t:|1681830536\n|switch|p2a: Amoonguss|Amoonguss, L50, F|100\/100\n|move|p2b: Rotom|Will-O-Wisp|p1a: Iron Hands\n|-status|p1a: Iron Hands|brn\n|move|p1a: Iron Hands|Drain Punch|p2a: Amoonguss\n|-resisted|p2a: Amoonguss\n|-damage|p2a: Amoonguss|91\/100\n|move|p1b: Farigiraf|Trick Room|p1b: Farigiraf\n|-fieldstart|move: Trick Room|[of] p1b: Farigiraf\n|\n|-damage|p1a: Iron Hands|94\/100 brn|[from] brn\n|upkeep\n|turn|2\n|\n|t:|1681830557\n|move|p2a: Amoonguss|Spore|p1b: Farigiraf\n|-status|p1b: Farigiraf|slp|[from] move: Spore\n|move|p1a: Iron Hands|Swords Dance|p1a: Iron Hands\n|-boost|p1a: Iron Hands|atk|2\n|cant|p1b: Farigiraf|slp\n|move|p2b: Rotom|Hydro Pump|p1a: Iron Hands\n|-damage|p1a: Iron Hands|57\/100 brn\n|\n|-heal|p1a: Iron Hands|64\/100 brn|[from] item: Leftovers\n|-damage|p1a: Iron Hands|57\/100 brn|[from] brn\n|upkeep\n|turn|3\n|inactive|Sk1tt3n has 30 seconds left.\n|inactive|Lazy92 has 30 seconds left.\n|\n|t:|1681830587\n|-terastallize|p2b: Rotom|Electric\n|move|p2a: Amoonguss|Protect|p2a: Amoonguss\n|-singleturn|p2a: Amoonguss|Protect\n|move|p1a: Iron Hands|Drain Punch|p2b: Rotom\n|-damage|p2b: Rotom|58\/100\n|-heal|p1a: Iron Hands|72\/100 brn|[from] drain|[of] p2b: Rotom\n|-curestatus|p1b: Farigiraf|slp|[msg]\n|move|p1b: Farigiraf|Psychic|p2a: Amoonguss\n|-activate|p2a: Amoonguss|move: Protect\n|move|p2b: Rotom|Discharge|p1b: Farigiraf|[spread] p1a,p1b\n|-activate|p2a: Amoonguss|move: Protect\n|-resisted|p1a: Iron Hands\n|-damage|p1a: Iron Hands|59\/100 brn\n|-damage|p1b: Farigiraf|77\/100\n|\n|-heal|p1a: Iron Hands|65\/100 brn|[from] item: Leftovers\n|-heal|p2b: Rotom|63\/100|[from] item: Leftovers\n|-damage|p1a: Iron Hands|59\/100 brn|[from] brn\n|upkeep\n|turn|4\n|inactive|Lazy92 has 30 seconds left.\n|\n|t:|1681830614\n|move|p1b: Farigiraf|Ally Switch|p1b: Farigiraf\n|swap|p1b: Farigiraf|0|[from] move: Ally Switch\n|move|p2a: Amoonguss|Pollen Puff|p2b: Rotom\n|-heal|p2b: Rotom|100\/100\n|move|p1b: Iron Hands|Drain Punch|p2b: Rotom\n|-damage|p2b: Rotom|60\/100\n|-heal|p1b: Iron Hands|73\/100 brn|[from] drain|[of] p2b: Rotom\n|move|p2b: Rotom|Will-O-Wisp|p1b: Iron Hands\n|-fail|p1b: Iron Hands|brn\n|\n|-heal|p1b: Iron Hands|79\/100 brn|[from] item: Leftovers\n|-heal|p2b: Rotom|66\/100|[from] item: Leftovers\n|-damage|p1b: Iron Hands|73\/100 brn|[from] brn\n|upkeep\n|turn|5\n|\n|t:|1681830631\n|move|p2a: Amoonguss|Pollen Puff|p2b: Rotom\n|-heal|p2b: Rotom|100\/100\n|move|p1b: Iron Hands|Swords Dance|p1b: Iron Hands\n|-boost|p1b: Iron Hands|atk|2\n|move|p1a: Farigiraf|Psychic|p2a: Amoonguss\n|-supereffective|p2a: Amoonguss\n|-damage|p2a: Amoonguss|34\/100\n|-enditem|p2a: Amoonguss|Sitrus Berry|[eat]\n|-heal|p2a: Amoonguss|58\/100|[from] item: Sitrus Berry\n|move|p2b: Rotom|Will-O-Wisp|p1a: Farigiraf\n|-status|p1a: Farigiraf|brn\n|\n|-heal|p1b: Iron Hands|79\/100 brn|[from] item: Leftovers\n|-damage|p1b: Iron Hands|73\/100 brn|[from] brn\n|-damage|p1a: Farigiraf|71\/100 brn|[from] brn\n|-fieldend|move: Trick Room\n|upkeep\n|turn|6\n|inactive|Lazy92 has 30 seconds left.\n|\n|t:|1681830656\n|switch|p2a: Iron Hands|Iron Hands, L50|100\/100\n|move|p2b: Rotom|Volt Switch|p1b: Iron Hands\n|-resisted|p1b: Iron Hands\n|-damage|p1b: Iron Hands|58\/100 brn\n|\n|t:|1681830672\n|switch|p2b: Chi-Yu|Chi-Yu, L50|100\/100|[from] Volt Switch\n|-ability|p2b: Chi-Yu|Beads of Ruin\n|move|p1b: Iron Hands|Swords Dance|p1b: Iron Hands\n|-boost|p1b: Iron Hands|atk|2\n|move|p1a: Farigiraf|Trick Room|p1a: Farigiraf\n|-fieldstart|move: Trick Room|[of] p1a: Farigiraf\n|\n|-heal|p1b: Iron Hands|64\/100 brn|[from] item: Leftovers\n|-damage|p1b: Iron Hands|58\/100 brn|[from] brn\n|-damage|p1a: Farigiraf|64\/100 brn|[from] brn\n|upkeep\n|turn|7\n|inactive|Lazy92 has 30 seconds left.\n|inactive|Lazy92 has 20 seconds left.\n|\n|t:|1681830709\n|switch|p2b: Amoonguss|Amoonguss, L50, F|91\/100\n|move|p2a: Iron Hands|Wild Charge|p1a: Farigiraf\n|-damage|p1a: Farigiraf|18\/100 brn\n|-enditem|p1a: Farigiraf|Aguav Berry|[eat]\n|-heal|p1a: Farigiraf|51\/100 brn|[from] item: Aguav Berry\n|-damage|p2a: Iron Hands|91\/100|[from] Recoil\n|move|p1b: Iron Hands|Drain Punch|p2b: Amoonguss\n|-resisted|p2b: Amoonguss\n|-damage|p2b: Amoonguss|59\/100\n|-heal|p1b: Iron Hands|74\/100 brn|[from] drain|[of] p2b: Amoonguss\n|move|p1a: Farigiraf|Psychic|p2a: Iron Hands\n|-supereffective|p2a: Iron Hands\n|-damage|p2a: Iron Hands|61\/100\n|\n|-heal|p1b: Iron Hands|80\/100 brn|[from] item: Leftovers\n|-damage|p1b: Iron Hands|74\/100 brn|[from] brn\n|-damage|p1a: Farigiraf|45\/100 brn|[from] brn\n|upkeep\n|turn|8\n|\n|t:|1681830731\n|move|p2b: Amoonguss|Rage Powder|p2b: Amoonguss\n|-singleturn|p2b: Amoonguss|move: Rage Powder\n|move|p2a: Iron Hands|Drain Punch|p1a: Farigiraf\n|-damage|p1a: Farigiraf|9\/100 brn\n|-heal|p2a: Iron Hands|76\/100|[from] drain|[of] p1a: Farigiraf\n|move|p1b: Iron Hands|Drain Punch|p2b: Amoonguss\n|-resisted|p2b: Amoonguss\n|-damage|p2b: Amoonguss|24\/100\n|-heal|p1b: Iron Hands|90\/100 brn|[from] drain|[of] p2b: Amoonguss\n|move|p1a: Farigiraf|Psychic|p2b: Amoonguss\n|-supereffective|p2b: Amoonguss\n|-damage|p2b: Amoonguss|0 fnt\n|faint|p2b: Amoonguss\n|\n|-heal|p1b: Iron Hands|97\/100 brn|[from] item: Leftovers\n|-damage|p1b: Iron Hands|90\/100 brn|[from] brn\n|-damage|p1a: Farigiraf|3\/100 brn|[from] brn\n|upkeep\n|\n|t:|1681830746\n|switch|p2b: Rotom|Rotom-Wash, L50, tera:Electric|100\/100\n|turn|9\n|\n|t:|1681830767\n|move|p1b: Iron Hands|Drain Punch|p2b: Rotom\n|-damage|p2b: Rotom|14\/100\n|-heal|p1b: Iron Hands|100\/100 brn|[from] drain|[of] p2b: Rotom\n|move|p2a: Iron Hands|Drain Punch|p1b: Iron Hands\n|-damage|p1b: Iron Hands|72\/100 brn\n|-heal|p2a: Iron Hands|89\/100|[from] drain|[of] p1b: Iron Hands\n|move|p1a: Farigiraf|Psychic|p2a: Iron Hands\n|-supereffective|p2a: Iron Hands\n|-damage|p2a: Iron Hands|59\/100\n|move|p2b: Rotom|Discharge|p1a: Farigiraf|[spread] p2a,p1a,p1b\n|-resisted|p2a: Iron Hands\n|-resisted|p1b: Iron Hands\n|-damage|p2a: Iron Hands|50\/100\n|-damage|p1a: Farigiraf|0 fnt\n|-damage|p1b: Iron Hands|59\/100 brn\n|faint|p1a: Farigiraf\n|\n|-heal|p1b: Iron Hands|65\/100 brn|[from] item: Leftovers\n|-heal|p2b: Rotom|20\/100|[from] item: Leftovers\n|-damage|p1b: Iron Hands|59\/100 brn|[from] brn\n|upkeep\n|\n|t:|1681830774\n|switch|p1a: Arboliva|Arboliva, L50, F|100\/100\n|turn|10\n|\n|t:|1681830795\n|move|p1a: Arboliva|Protect|p1a: Arboliva\n|-singleturn|p1a: Arboliva|Protect\n|move|p1b: Iron Hands|Drain Punch|p2a: Iron Hands\n|-damage|p2a: Iron Hands|0 fnt\n|-heal|p1b: Iron Hands|87\/100 brn|[from] drain|[of] p2a: Iron Hands\n|faint|p2a: Iron Hands\n|-end|p2a: Iron Hands|Quark Drive|[silent]\n|move|p2b: Rotom|Hydro Pump|p1b: Iron Hands|[miss]\n|-miss|p2b: Rotom|p1b: Iron Hands\n|\n|-heal|p1b: Iron Hands|93\/100 brn|[from] item: Leftovers\n|-heal|p2b: Rotom|25\/100|[from] item: Leftovers\n|-damage|p1b: Iron Hands|87\/100 brn|[from] brn\n|-fieldend|move: Trick Room\n|upkeep\n|\n|t:|1681830808\n|switch|p2a: Chi-Yu|Chi-Yu, L50|100\/100\n|-ability|p2a: Chi-Yu|Beads of Ruin\n|turn|11\n|\n|t:|1681830823\n|switch|p1a: Ting-Lu|Ting-Lu, L50|100\/100\n|-ability|p1a: Ting-Lu|Vessel of Ruin\n|move|p2a: Chi-Yu|Heat Wave|p1a: Ting-Lu|[spread] p1a,p1b\n|-crit|p1a: Ting-Lu\n|-crit|p1b: Iron Hands\n|-damage|p1a: Ting-Lu|60\/100\n|-damage|p1b: Iron Hands|16\/100 brn\n|move|p2b: Rotom|Volt Switch|p1b: Iron Hands\n|-resisted|p1b: Iron Hands\n|-damage|p1b: Iron Hands|1\/100 brn\n|move|p1b: Iron Hands|Drain Punch|p2a: Chi-Yu\n|-supereffective|p2a: Chi-Yu\n|-damage|p2a: Chi-Yu|0 fnt\n|-heal|p1b: Iron Hands|30\/100 brn|[from] drain|[of] p2a: Chi-Yu\n|faint|p2a: Chi-Yu\n|\n|-heal|p2b: Rotom|31\/100|[from] item: Leftovers\n|-heal|p1b: Iron Hands|37\/100 brn|[from] item: Leftovers\n|-damage|p1b: Iron Hands|30\/100 brn|[from] brn\n|upkeep\n|turn|12\n|inactive|Sk1tt3n has 30 seconds left.\n|inactive|Lazy92 has 30 seconds left.\n|\n|t:|1681830855\n|move|p2b: Rotom|Discharge|p1b: Iron Hands|[spread] p1b\n|-immune|p1a: Ting-Lu\n|-resisted|p1b: Iron Hands\n|-damage|p1b: Iron Hands|20\/100 brn\n|move|p1b: Iron Hands|Drain Punch|p2b: Rotom\n|-damage|p2b: Rotom|0 fnt\n|-heal|p1b: Iron Hands|31\/100 brn|[from] drain|[of] p2b: Rotom\n|faint|p2b: Rotom\n|\n|win|Sk1tt3n\n|raw|Sk1tt3n's rating: 1339 → 1353<\/strong> (+14 for winning)\n|raw|Lazy92's rating: 1226 → 1209<\/strong> (-17 for losing)\n","uploadtime":1681830863,"views":6,"p1id":"sk1tt3n","p2id":"lazy92","formatid":"gen9vgc2023regulationc","rating":1209,"private":0,"password":""}