{"id":"gen9vgc2023regulationc-1849470466","p1":"santi_SBA","p2":"don kaamaron","format":"[Gen 9] VGC 2023 Regulation C","log":"|j|\u2606santi_SBA\n|j|\u2606don kaamaron\n|t:|1682202226\n|gametype|doubles\n|player|p1|santi_SBA|266|1198\n|player|p2|don kaamaron|cameraman|1174\n|teamsize|p1|6\n|teamsize|p2|6\n|gen|9\n|tier|[Gen 9] VGC 2023 Regulation C\n|rated|\n|rule|Species Clause: Limit one of each Pok\u00e9mon\n|rule|Item Clause: Limit one of each item\n|clearpoke\n|poke|p1|Arcanine, L50, F|\n|poke|p1|Gyarados, L50, F|\n|poke|p1|Amoonguss, L50, F|\n|poke|p1|Baxcalibur, L50, M|\n|poke|p1|Ting-Lu, L50|\n|poke|p1|Flutter Mane, L50|\n|poke|p2|Ting-Lu, L50|\n|poke|p2|Rotom-Frost, L50|\n|poke|p2|Palafin, L50, M|\n|poke|p2|Dragonite, L50, F|\n|poke|p2|Arcanine, L50, F|\n|poke|p2|Flutter Mane, L50|\n|teampreview|4\n|inactive|Battle timer is ON: inactive players will automatically lose when time's up. (requested by don kaamaron)\n|inactive|santi_SBA has 60 seconds left.\n|\n|t:|1682202305\n|start\n|switch|p1a: Gyarados|Gyarados, L50, F|100\/100\n|switch|p1b: Amoonguss|Amoonguss, L50, F|100\/100\n|switch|p2a: Rotom|Rotom-Frost, L50|100\/100\n|switch|p2b: Palafin|Palafin, L50, M|100\/100\n|-ability|p1a: Gyarados|Intimidate|boost\n|-unboost|p2a: Rotom|atk|1\n|-unboost|p2b: Palafin|atk|1\n|turn|1\n|inactive|don kaamaron has 30 seconds left.\n|\n|t:|1682202333\n|detailschange|p2b: Palafin|Palafin-Hero, L50, M\n|switch|p2b: Ting-Lu|Ting-Lu, L50|100\/100\n|-ability|p2b: Ting-Lu|Vessel of Ruin\n|move|p1b: Amoonguss|Rage Powder|p1b: Amoonguss\n|-singleturn|p1b: Amoonguss|move: Rage Powder\n|move|p1a: Gyarados|Thunder Wave|p2b: Ting-Lu\n|-immune|p2b: Ting-Lu\n|move|p2a: Rotom|Discharge|p1b: Amoonguss|[spread] p1a,p1b\n|-immune|p2b: Ting-Lu\n|-supereffective|p1a: Gyarados\n|-resisted|p1b: Amoonguss\n|-damage|p1a: Gyarados|31\/100\n|-damage|p1b: Amoonguss|92\/100\n|-enditem|p1a: Gyarados|Sitrus Berry|[eat]\n|-heal|p1a: Gyarados|56\/100|[from] item: Sitrus Berry\n|\n|-heal|p1b: Amoonguss|98\/100|[from] item: Leftovers\n|upkeep\n|turn|2\n|inactive|santi_SBA has 30 seconds left.\n|inactive|don kaamaron has 30 seconds left.\n|inactive|santi_SBA has 20 seconds left.\n|\n|t:|1682202371\n|move|p1a: Gyarados|Protect|p1a: Gyarados\n|-singleturn|p1a: Gyarados|Protect\n|move|p2a: Rotom|Reflect|p2a: Rotom\n|-sidestart|p2: don kaamaron|Reflect\n|move|p2b: Ting-Lu|Fissure|p1b: Amoonguss\n|-damage|p1b: Amoonguss|0 fnt\n|faint|p1b: Amoonguss\n|-ohko\n|\n|upkeep\n|\n|t:|1682202389\n|switch|p1b: Baxcalibur|Baxcalibur, L50, M|100\/100\n|turn|3\n|inactive|santi_SBA has 30 seconds left.\n|inactive|don kaamaron has 30 seconds left.\n|\n|t:|1682202419\n|switch|p2a: Arcanine|Arcanine, L50, F|100\/100\n|-ability|p2a: Arcanine|Intimidate|boost\n|-unboost|p1a: Gyarados|atk|1\n|-unboost|p1b: Baxcalibur|atk|1\n|move|p1b: Baxcalibur|Glaive Rush|p2a: Arcanine\n|-damage|p2a: Arcanine|65\/100\n|-singlemove|p1b: Baxcalibur|Glaive Rush|[silent]\n|move|p1a: Gyarados|Waterfall|p2b: Ting-Lu\n|-supereffective|p2b: Ting-Lu\n|-damage|p2b: Ting-Lu|82\/100\n|move|p2b: Ting-Lu|Fissure|p1b: Baxcalibur\n|-damage|p1b: Baxcalibur|0 fnt\n|faint|p1b: Baxcalibur\n|-ohko\n|\n|upkeep\n|\n|t:|1682202433\n|switch|p1b: Flutter Mane|Flutter Mane, L50|100\/100\n|-enditem|p1b: Flutter Mane|Booster Energy\n|-activate|p1b: Flutter Mane|ability: Protosynthesis|[fromitem]\n|-start|p1b: Flutter Mane|protosynthesisspe\n|turn|4\n|\n|t:|1682202457\n|-terastallize|p1a: Gyarados|Water\n|move|p1b: Flutter Mane|Shadow Ball|p2b: Ting-Lu\n|-resisted|p2b: Ting-Lu\n|-damage|p2b: Ting-Lu|74\/100\n|move|p2a: Arcanine|Will-O-Wisp|p1a: Gyarados\n|-status|p1a: Gyarados|brn\n|move|p1a: Gyarados|Waterfall|p2a: Arcanine\n|-supereffective|p2a: Arcanine\n|-damage|p2a: Arcanine|35\/100\n|move|p2b: Ting-Lu|Heavy Slam|p1b: Flutter Mane\n|-supereffective|p1b: Flutter Mane\n|-damage|p1b: Flutter Mane|0 fnt\n|faint|p1b: Flutter Mane\n|-end|p1b: Flutter Mane|Protosynthesis|[silent]\n|\n|-damage|p1a: Gyarados|50\/100 brn|[from] brn\n|upkeep\n|turn|5\n|inactive|don kaamaron has 30 seconds left.\n|\n|t:|1682202484\n|move|p2a: Arcanine|Extreme Speed|p1a: Gyarados\n|-damage|p1a: Gyarados|21\/100 brn\n|move|p1a: Gyarados|Waterfall|p2a: Arcanine\n|-supereffective|p2a: Arcanine\n|-damage|p2a: Arcanine|5\/100\n|move|p2b: Ting-Lu|Throat Chop|p1a: Gyarados\n|-damage|p1a: Gyarados|0 fnt\n|faint|p1a: Gyarados\n|\n|win|don kaamaron\n|raw|santi_SBA's rating: 1198 → 1171<\/strong> (-27 for losing)\n|raw|don kaamaron's rating: 1174 → 1201<\/strong> (+27 for winning)\n|l|\u2606don kaamaron\n","uploadtime":1682202500,"views":4,"p1id":"santisba","p2id":"donkaamaron","formatid":"gen9vgc2023regulationc","rating":1171,"private":0,"password":""}