{"id":"gen9vgc2023regulationc-1855408859","p1":"Oxenham","p2":"vyxl","format":"[Gen 9] VGC 2023 Regulation C","log":"|j|\u2606Oxenham\n|j|\u2606vyxl\n|t:|1682948572\n|gametype|doubles\n|player|p1|Oxenham|170|1019\n|player|p2|vyxl|2|1104\n|teamsize|p1|6\n|teamsize|p2|6\n|gen|9\n|tier|[Gen 9] VGC 2023 Regulation C\n|rated|\n|rule|Species Clause: Limit one of each Pok\u00e9mon\n|rule|Item Clause: Limit one of each item\n|clearpoke\n|poke|p1|Tauros-Paldea-Blaze, L50, M|\n|poke|p1|Meowscarada, L50, F|\n|poke|p1|Torkoal, L50, M|\n|poke|p1|Garchomp, L50, M|\n|poke|p1|Gastrodon, L50, F|\n|poke|p1|Chien-Pao, L50|\n|poke|p2|Murkrow, L50, F|\n|poke|p2|Ceruledge, L50, F|\n|poke|p2|Flutter Mane, L50|\n|poke|p2|Gyarados, L50, F|\n|poke|p2|Great Tusk, L50|\n|poke|p2|Wo-Chien, L50|\n|teampreview|4\n|\n|t:|1682948593\n|start\n|switch|p1a: Meowscarada|Meowscarada, L50, F|100\/100\n|switch|p1b: Tauros|Tauros-Paldea-Blaze, L50, M|100\/100\n|switch|p2a: Murkrow|Murkrow, L50, F|100\/100\n|switch|p2b: Ceruledge|Ceruledge, L50, F|100\/100\n|turn|1\n|\n|t:|1682948616\n|move|p2b: Ceruledge|Protect|p2b: Ceruledge\n|-singleturn|p2b: Ceruledge|Protect\n|move|p2a: Murkrow|Tailwind|p2a: Murkrow\n|-sidestart|p2: vyxl|move: Tailwind\n|move|p1a: Meowscarada|Flower Trick|p1b: Tauros\n|-start|p1a: Meowscarada|typechange|Grass|[from] ability: Protean\n|-resisted|p1b: Tauros\n|-crit|p1b: Tauros\n|-damage|p1b: Tauros|70\/100\n|-setboost|p1b: Tauros|atk|6|[from] ability: Anger Point\n|move|p1b: Tauros|Flame Charge|p2a: Murkrow\n|-enditem|p2a: Murkrow|Focus Sash\n|-damage|p2a: Murkrow|1\/100\n|-boost|p1b: Tauros|spe|1\n|\n|upkeep\n|turn|2\n|\n|t:|1682948651\n|-terastallize|p2b: Ceruledge|Grass\n|move|p1a: Meowscarada|Protect|p1a: Meowscarada\n|-singleturn|p1a: Meowscarada|Protect\n|move|p2a: Murkrow|Haze|p2a: Murkrow\n|-clearallboost\n|move|p2b: Ceruledge|Bitter Blade|p1a: Meowscarada\n|-activate|p1a: Meowscarada|move: Protect\n|move|p1b: Tauros|Earthquake|p2b: Ceruledge|[spread] p2b\n|-activate|p1a: Meowscarada|move: Protect\n|-immune|p2a: Murkrow\n|-resisted|p2b: Ceruledge\n|-damage|p2b: Ceruledge|87\/100\n|\n|upkeep\n|turn|3\n|\n|t:|1682948677\n|switch|p1b: Chien-Pao|Chien-Pao, L50|100\/100\n|-ability|p1b: Chien-Pao|Sword of Ruin\n|move|p2a: Murkrow|Sunny Day|p2a: Murkrow\n|-weather|SunnyDay\n|move|p2b: Ceruledge|Bitter Blade|p1a: Meowscarada\n|-supereffective|p1a: Meowscarada\n|-enditem|p1a: Meowscarada|Focus Sash\n|-damage|p1a: Meowscarada|1\/100\n|-heal|p2b: Ceruledge|100\/100|[from] drain|[of] p1a: Meowscarada\n|move|p1a: Meowscarada|U-turn|p2b: Ceruledge\n|-supereffective|p2b: Ceruledge\n|-damage|p2b: Ceruledge|21\/100\n|\n|t:|1682948694\n|switch|p1a: Garchomp|Garchomp, L50, M|100\/100|[from] U-turn\n|\n|-weather|SunnyDay|[upkeep]\n|upkeep\n|turn|4\n|\n|t:|1682948717\n|switch|p2a: Wo-Chien|Wo-Chien, L50|100\/100\n|-ability|p2a: Wo-Chien|Tablets of Ruin\n|-terastallize|p1a: Garchomp|Steel\n|move|p2b: Ceruledge|Protect|p2b: Ceruledge\n|-singleturn|p2b: Ceruledge|Protect\n|move|p1b: Chien-Pao|Sucker Punch||[still]\n|-fail|p1b: Chien-Pao\n|move|p1a: Garchomp|Swords Dance|p1a: Garchomp\n|-boost|p1a: Garchomp|atk|2\n|\n|-weather|SunnyDay|[upkeep]\n|-sideend|p2: vyxl|move: Tailwind\n|upkeep\n|turn|5\n|\n|t:|1682948758\n|switch|p2b: Flutter Mane|Flutter Mane, L50|100\/100\n|-activate|p2b: Flutter Mane|ability: Protosynthesis\n|-start|p2b: Flutter Mane|protosynthesisspa\n|move|p1b: Chien-Pao|Sucker Punch||[still]\n|-fail|p1b: Chien-Pao\n|move|p1a: Garchomp|Iron Head|p2a: Wo-Chien\n|-crit|p2a: Wo-Chien\n|-damage|p2a: Wo-Chien|0 fnt\n|faint|p2a: Wo-Chien\n|-damage|p1a: Garchomp|91\/100|[from] item: Life Orb\n|\n|-weather|SunnyDay|[upkeep]\n|upkeep\n|\n|t:|1682948770\n|switch|p2a: Murkrow|Murkrow, L50, F|1\/100\n|turn|6\n|\n|t:|1682948793\n|move|p1b: Chien-Pao|Ice Shard|p2a: Murkrow\n|-supereffective|p2a: Murkrow\n|-damage|p2a: Murkrow|0 fnt\n|faint|p2a: Murkrow\n|move|p2b: Flutter Mane|Dazzling Gleam|p1a: Garchomp|[spread] p1a,p1b\n|-resisted|p1a: Garchomp\n|-supereffective|p1b: Chien-Pao\n|-damage|p1a: Garchomp|56\/100\n|-damage|p1b: Chien-Pao|0 fnt\n|faint|p1b: Chien-Pao\n|-damage|p2b: Flutter Mane|90\/100|[from] item: Life Orb\n|move|p1a: Garchomp|Iron Head|p2b: Flutter Mane\n|-supereffective|p2b: Flutter Mane\n|-crit|p2b: Flutter Mane\n|-damage|p2b: Flutter Mane|0 fnt\n|faint|p2b: Flutter Mane\n|-end|p2b: Flutter Mane|Protosynthesis|[silent]\n|-damage|p1a: Garchomp|46\/100|[from] item: Life Orb\n|\n|-weather|SunnyDay|[upkeep]\n|upkeep\n|\n|t:|1682948822\n|switch|p2b: Ceruledge|Ceruledge, L50, F, tera:Grass|21\/100\n|switch|p1b: Meowscarada|Meowscarada, L50, F|1\/100\n|turn|7\n|\n|t:|1682948833\n|move|p1b: Meowscarada|U-turn|p2b: Ceruledge\n|-start|p1b: Meowscarada|typechange|Bug|[from] ability: Protean\n|-supereffective|p2b: Ceruledge\n|-damage|p2b: Ceruledge|0 fnt\n|faint|p2b: Ceruledge\n|\n|win|Oxenham\n|raw|Oxenham's rating: 1019 → 1065<\/strong> (+46 for winning)\n|raw|vyxl's rating: 1104 → 1073<\/strong> (-31 for losing)\n","uploadtime":1682948840,"views":17,"p1id":"oxenham","p2id":"vyxl","formatid":"gen9vgc2023regulationc","rating":1065,"private":0,"password":""}