{"id":"gen9vgc2023regulationc-1862105949","p1":"sucabaVGC","p2":"Haxxson","format":"[Gen 9] VGC 2023 Regulation C","log":"|j|\u2606sucabaVGC\n|j|\u2606Haxxson\n|t:|1683837565\n|gametype|doubles\n|player|p1|sucabaVGC|wattson|\n|player|p2|Haxxson|colress|\n|teamsize|p1|6\n|teamsize|p2|6\n|gen|9\n|tier|[Gen 9] VGC 2023 Regulation C\n|rule|Species Clause: Limit one of each Pok\u00e9mon\n|rule|Item Clause: Limit one of each item\n|clearpoke\n|poke|p1|Eelektrik, L50, M|\n|poke|p1|Talonflame, L50, M|\n|poke|p1|Slowking, L50, M|\n|poke|p1|Great Tusk, L50|\n|poke|p1|Baxcalibur, L50, F|\n|poke|p1|Copperajah, L50, M|\n|poke|p2|Skuntank, L50, F|\n|poke|p2|Krookodile, L50, M|\n|poke|p2|Jolteon, L50, F|\n|poke|p2|Rabsca, L50, F|\n|poke|p2|Kingambit, L50, M|\n|poke|p2|Annihilape, L50, M|\n|teampreview|4\n|inactive|Battle timer is ON: inactive players will automatically lose when time's up. (requested by Haxxson)\nHaxxson rejected open team sheets.\n|inactiveoff|Battle timer is now OFF.\n|c|\u2606sucabaVGC|g2\n|c|\u2606sucabaVGC|glhf\n|\n|t:|1683838171\n|start\n|switch|p1a: King Candy|Slowking, L50, M|100\/100\n|switch|p1b: Randall|Eelektrik, L50, M|100\/100\n|switch|p2a: Cerberus|Krookodile, L50, M|100\/100\n|switch|p2b: Zagreus|Jolteon, L50, F|100\/100\n|-ability|p2a: Cerberus|Intimidate|boost\n|-fail|p1a: King Candy|unboost|Attack|[from] ability: Oblivious|[of] p1a: King Candy\n|-unboost|p1b: Randall|atk|1\n|turn|1\n|\n|t:|1683838210\n|-terastallize|p1a: King Candy|Fighting\n|move|p2a: Cerberus|Crunch|p1a: King Candy\n|-resisted|p1a: King Candy\n|-damage|p1a: King Candy|84\/100\n|-unboost|p1a: King Candy|def|1\n|move|p2b: Zagreus|Thunderbolt|p1a: King Candy\n|-damage|p1a: King Candy|51\/100\n|move|p1b: Randall|Coil|p1b: Randall\n|-boost|p1b: Randall|atk|1\n|-boost|p1b: Randall|def|1\n|-boost|p1b: Randall|accuracy|1\n|move|p1a: King Candy|Trick Room|p1a: King Candy\n|-fieldstart|move: Trick Room|[of] p1a: King Candy\n|\n|upkeep\n|turn|2\n|\n|t:|1683838243\n|switch|p2a: Persophone|Rabsca, L50, F|100\/100\n|move|p1b: Randall|Coil|p1b: Randall\n|-boost|p1b: Randall|atk|1\n|-boost|p1b: Randall|def|1\n|-boost|p1b: Randall|accuracy|1\n|move|p1a: King Candy|Light Screen|p1a: King Candy\n|-sidestart|p1: sucabaVGC|move: Light Screen\n|move|p2b: Zagreus|Thunderbolt|p1a: King Candy\n|-damage|p1a: King Candy|28\/100\n|\n|upkeep\n|turn|3\n|\n|t:|1683838303\n|switch|p2b: Cerberus|Krookodile, L50, M|100\/100\n|-ability|p2b: Cerberus|Intimidate|boost\n|-fail|p1a: King Candy|unboost|Attack|[from] ability: Oblivious|[of] p1a: King Candy\n|-unboost|p1b: Randall|atk|1\n|move|p1b: Randall|Thunder|p2a: Persophone\n|-damage|p2a: Persophone|54\/100\n|move|p1a: King Candy|Hydro Pump|p2a: Persophone|[miss]\n|-miss|p1a: King Candy|p2a: Persophone\n|move|p2a: Persophone|Calm Mind|p2a: Persophone\n|-boost|p2a: Persophone|spa|1\n|-boost|p2a: Persophone|spd|1\n|\n|upkeep\n|turn|4\n|\n|t:|1683838349\n|switch|p1a: Dumbo|Copperajah, L50, M|100\/100\n|switch|p2b: Zagreus|Jolteon, L50, F|100\/100\n|move|p2a: Persophone|Protect|p2a: Persophone\n|-singleturn|p2a: Persophone|Protect\n|move|p1b: Randall|Acid Spray|p2a: Persophone\n|-activate|p2a: Persophone|move: Protect\n|\n|upkeep\n|turn|5\n|\n|t:|1683838412\n|move|p1a: Dumbo|Rock Slide|p2b: Zagreus|[spread] p2a,p2b\n|-supereffective|p2a: Persophone\n|-damage|p2a: Persophone|10\/100\n|-damage|p2b: Zagreus|44\/100\n|-enditem|p2a: Persophone|Weakness Policy\n|-boost|p2a: Persophone|atk|2|[from] item: Weakness Policy\n|-boost|p2a: Persophone|spa|2|[from] item: Weakness Policy\n|move|p1b: Randall|Acid Spray|p2b: Zagreus\n|-damage|p2b: Zagreus|29\/100\n|-unboost|p2b: Zagreus|spd|2\n|move|p2a: Persophone|Calm Mind|p2a: Persophone\n|-boost|p2a: Persophone|spa|1\n|-boost|p2a: Persophone|spd|1\n|move|p2b: Zagreus|Thunderbolt|p1a: Dumbo\n|-damage|p1a: Dumbo|69\/100\n|\n|-fieldend|move: Trick Room\n|upkeep\n|turn|6\n|\n|t:|1683838444\n|move|p1a: Dumbo|Protect|p1a: Dumbo\n|-singleturn|p1a: Dumbo|Protect\n|move|p2b: Zagreus|Thunderbolt|p1a: Dumbo\n|-activate|p1a: Dumbo|move: Protect\n|move|p2a: Persophone|Stored Power|p1b: Randall\n|-crit|p1b: Randall\n|-damage|p1b: Randall|0 fnt\n|faint|p1b: Randall\n|\n|-sideend|p1: sucabaVGC|move: Light Screen\n|upkeep\n|\n|t:|1683838472\n|switch|p1b: Manny|Great Tusk, L50|100\/100\n|turn|7\n|\n|t:|1683838516\n|move|p2a: Persophone|Protect|p2a: Persophone\n|-singleturn|p2a: Persophone|Protect\n|move|p2b: Zagreus|Thunderbolt|p1a: Dumbo\n|-crit|p1a: Dumbo\n|-damage|p1a: Dumbo|8\/100\n|move|p1b: Manny|Rock Slide|p2a: Persophone|[spread] p2b\n|-activate|p2a: Persophone|move: Protect\n|-damage|p2b: Zagreus|0 fnt\n|faint|p2b: Zagreus\n|move|p1a: Dumbo|Play Rough|p2a: Persophone\n|-activate|p2a: Persophone|move: Protect\n|\n|upkeep\n|\n|t:|1683838538\n|switch|p2b: Cerberus|Krookodile, L50, M|100\/100\n|-ability|p2b: Cerberus|Intimidate|boost\n|-fail|p1a: Dumbo|unboost|[from] item: Clear Amulet|[of] p1a: Dumbo\n|-unboost|p1b: Manny|atk|1\n|turn|8\n|\n|t:|1683838597\n|move|p1a: Dumbo|Protect|p1a: Dumbo\n|-singleturn|p1a: Dumbo|Protect\n|move|p2b: Cerberus|Low Kick|p1a: Dumbo\n|-activate|p1a: Dumbo|move: Protect\n|move|p1b: Manny|Rock Slide|p2a: Persophone|[spread] p2a,p2b\n|-supereffective|p2a: Persophone\n|-resisted|p2b: Cerberus\n|-damage|p2a: Persophone|0 fnt\n|-damage|p2b: Cerberus|87\/100\n|faint|p2a: Persophone\n|\n|upkeep\n|\n|t:|1683838606\n|switch|p2a: Thanatos|Kingambit, L50, M|100\/100\n|turn|9\n|\n|t:|1683838650\n|-end|p1b: Manny|Protosynthesis|[silent]\n|switch|p1b: King Candy|Slowking, L50, M, tera:Fighting|28\/100\n|-terastallize|p2a: Thanatos|Water\n|move|p2b: Cerberus|Low Kick|p1b: King Candy\n|-damage|p1b: King Candy|7\/100\n|move|p2a: Thanatos|Tera Blast|p1b: King Candy\n|-damage|p1b: King Candy|0 fnt\n|faint|p1b: King Candy\n|move|p1a: Dumbo|Superpower|p2a: Thanatos\n|-damage|p2a: Thanatos|67\/100\n|-unboost|p1a: Dumbo|atk|1\n|-unboost|p1a: Dumbo|def|1\n|\n|upkeep\n|\n|t:|1683838661\n|switch|p1b: Manny|Great Tusk, L50|100\/100\n|turn|10\n|\n|t:|1683838714\n|move|p1a: Dumbo|Protect|p1a: Dumbo\n|-singleturn|p1a: Dumbo|Protect\n|move|p2b: Cerberus|Low Kick|p1b: Manny\n|-damage|p1b: Manny|72\/100\n|move|p1b: Manny|Headlong Rush|p2a: Thanatos\n|-damage|p2a: Thanatos|0 fnt\n|-unboost|p1b: Manny|def|1\n|-unboost|p1b: Manny|spd|1\n|faint|p2a: Thanatos\n|\n|upkeep\n|turn|11\n|\n|t:|1683838725\n|move|p2b: Cerberus|Low Kick|p1b: Manny\n|-damage|p1b: Manny|30\/100\n|move|p1b: Manny|Headlong Rush|p2b: Cerberus\n|-damage|p2b: Cerberus|0 fnt\n|-unboost|p1b: Manny|def|1\n|-unboost|p1b: Manny|spd|1\n|faint|p2b: Cerberus\n|\n|win|sucabaVGC\n|c|\u2606sucabaVGC|ggs!\n|c|\u2606Haxxson|GG\n|c|\u2606Haxxson|Great tusk is monster\n|c|\u2606sucabaVGC|that rabsca was sick\n","uploadtime":1683838820,"views":26,"p1id":"sucabavgc","p2id":"haxxson","formatid":"gen9vgc2023regulationc","rating":0,"private":0,"password":""}