{"id":"gen9vgc2023regulationc-1857390648","p1":"GB Seraphix","p2":"Lucivious","format":"[Gen 9] VGC 2023 Regulation C","log":"|j|\u2606GB Seraphix\n|j|\u2606Lucivious\n|t:|1683185297\n|gametype|doubles\n|player|p1|GB Seraphix|rosa|1130\n|player|p2|Lucivious|ruinmaniac|1149\n|teamsize|p1|6\n|teamsize|p2|6\n|gen|9\n|tier|[Gen 9] VGC 2023 Regulation C\n|rated|\n|rule|Species Clause: Limit one of each Pok\u00e9mon\n|rule|Item Clause: Limit one of each item\n|clearpoke\n|poke|p1|Lurantis, L50, F|\n|poke|p1|Hatterene, L50, F|\n|poke|p1|Torkoal, L50, M|\n|poke|p1|Indeedee-F, L50, F|\n|poke|p1|Oranguru, L50, M|\n|poke|p1|Hariyama, L50, M|\n|poke|p2|Klefki, L50, F|\n|poke|p2|Scream Tail, L50|\n|poke|p2|Ting-Lu, L50|\n|poke|p2|Wo-Chien, L50|\n|poke|p2|Hippowdon, L50, F|\n|poke|p2|Garchomp, L50, F|\n|teampreview|4\n|\n|t:|1683185347\n|start\n|switch|p1a: Monke|Oranguru, L50, M|100\/100\n|switch|p1b: Ganryu|Hariyama, L50, M|100\/100\n|switch|p2a: Klefki|Klefki, L50, F|100\/100\n|switch|p2b: Garchomp|Garchomp, L50, F|100\/100\n|turn|1\n|inactive|Battle timer is ON: inactive players will automatically lose when time's up. (requested by Lucivious)\n|\n|t:|1683185384\n|switch|p2b: Hippowdon|Hippowdon, L50, F|100\/100\n|-weather|Sandstorm|[from] ability: Sand Stream|[of] p2b: Hippowdon\n|-terastallize|p1a: Monke|Grass\n|move|p1b: Ganryu|Fake Out|p2a: Klefki\n|-resisted|p2a: Klefki\n|-damage|p2a: Klefki|93\/100\n|cant|p2a: Klefki|flinch\n|move|p1a: Monke|Trick Room|p1a: Monke\n|-fieldstart|move: Trick Room|[of] p1a: Monke\n|\n|-weather|Sandstorm|[upkeep]\n|-damage|p1b: Ganryu|95\/100|[from] Sandstorm\n|-damage|p1a: Monke|94\/100|[from] Sandstorm\n|-status|p1b: Ganryu|brn|[from] item: Flame Orb\n|upkeep\n|turn|2\n|\n|t:|1683185409\n|switch|p1a: Pawikan|Torkoal, L50, M|100\/100\n|-weather|SunnyDay|[from] ability: Drought|[of] p1a: Pawikan\n|move|p2a: Klefki|Thunder Wave|p1a: Pawikan\n|-status|p1a: Pawikan|par\n|move|p1b: Ganryu|Headlong Rush|p2a: Klefki\n|-supereffective|p2a: Klefki\n|-damage|p2a: Klefki|0 fnt\n|-unboost|p1b: Ganryu|def|1\n|-unboost|p1b: Ganryu|spd|1\n|faint|p2a: Klefki\n|move|p2b: Hippowdon|Curse|p2b: Hippowdon\n|-unboost|p2b: Hippowdon|spe|1\n|-boost|p2b: Hippowdon|atk|1\n|-boost|p2b: Hippowdon|def|1\n|\n|-weather|SunnyDay|[upkeep]\n|-damage|p1b: Ganryu|89\/100 brn|[from] brn\n|upkeep\n|inactive|Lucivious has 30 seconds left.\n|\n|t:|1683185435\n|switch|p2a: Garchomp|Garchomp, L50, F|100\/100\n|turn|3\n|\n|t:|1683185451\n|cant|p1a: Pawikan|par\n|move|p2b: Hippowdon|Sand Tomb|p1a: Pawikan\n|-supereffective|p1a: Pawikan\n|-damage|p1a: Pawikan|69\/100 par\n|-activate|p1a: Pawikan|move: Sand Tomb|[of] p2b: Hippowdon\n|move|p1b: Ganryu|Knock Off|p2a: Garchomp\n|-damage|p2a: Garchomp|52\/100\n|-enditem|p2a: Garchomp|Bright Powder|[from] move: Knock Off|[of] p1b: Ganryu\n|move|p2a: Garchomp|Stomping Tantrum|p1a: Pawikan\n|-supereffective|p1a: Pawikan\n|-damage|p1a: Pawikan|3\/100 par\n|\n|-weather|SunnyDay|[upkeep]\n|-damage|p1b: Ganryu|83\/100 brn|[from] brn\n|-damage|p1a: Pawikan|0 fnt|[from] move: Sand Tomb|[partiallytrapped]\n|faint|p1a: Pawikan\n|upkeep\n|inactive|GB Seraphix has 30 seconds left.\n|inactive|GB Seraphix has 20 seconds left.\n|inactive|GB Seraphix has 15 seconds left.\n|inactive|GB Seraphix has 10 seconds left.\n|inactive|GB Seraphix has 5 seconds left.\n|\n|t:|1683185504\n|switch|p1a: Preggy|Indeedee-F, L50, F|100\/100\n|-fieldstart|move: Psychic Terrain|[from] ability: Psychic Surge|[of] p1a: Preggy\n|-enditem|p1a: Preggy|Psychic Seed\n|-boost|p1a: Preggy|spd|1|[from] item: Psychic Seed\n|turn|4\n|\n|t:|1683185528\n|move|p2a: Garchomp|Protect|p2a: Garchomp\n|-singleturn|p2a: Garchomp|Protect\n|move|p2b: Hippowdon|Curse|p2b: Hippowdon\n|-unboost|p2b: Hippowdon|spe|1\n|-boost|p2b: Hippowdon|atk|1\n|-boost|p2b: Hippowdon|def|1\n|move|p1b: Ganryu|Knock Off|p2b: Hippowdon\n|-damage|p2b: Hippowdon|83\/100\n|-enditem|p2b: Hippowdon|Binding Band|[from] move: Knock Off|[of] p1b: Ganryu\n|move|p1a: Preggy|Dazzling Gleam|p2a: Garchomp|[spread] p2b\n|-activate|p2a: Garchomp|move: Protect\n|-damage|p2b: Hippowdon|72\/100\n|\n|-weather|SunnyDay|[upkeep]\n|-damage|p1b: Ganryu|77\/100 brn|[from] brn\n|upkeep\n|turn|5\n|inactive|GB Seraphix has 30 seconds left.\n|inactive|Lucivious has 30 seconds left.\n|\n|t:|1683185560\n|switch|p1a: Monke|Oranguru, L50, M, tera:Grass|94\/100\n|-terastallize|p2a: Garchomp|Water\n|move|p2b: Hippowdon|Sand Tomb|p1b: Ganryu\n|-damage|p1b: Ganryu|25\/100 brn\n|-activate|p1b: Ganryu|move: Sand Tomb|[of] p2b: Hippowdon\n|move|p1b: Ganryu|Close Combat|p2a: Garchomp\n|-damage|p2a: Garchomp|0 fnt\n|-unboost|p1b: Ganryu|def|1\n|-unboost|p1b: Ganryu|spd|1\n|faint|p2a: Garchomp\n|\n|-weather|SunnyDay|[upkeep]\n|-damage|p1b: Ganryu|19\/100 brn|[from] brn\n|-damage|p1b: Ganryu|7\/100 brn|[from] move: Sand Tomb|[partiallytrapped]\n|-fieldend|move: Trick Room\n|upkeep\n|\n|t:|1683185574\n|switch|p2a: Wo-Chien|Wo-Chien, L50|100\/100\n|-ability|p2a: Wo-Chien|Tablets of Ruin\n|turn|6\n|\n|t:|1683185585\n|move|p2a: Wo-Chien|Protect|p2a: Wo-Chien\n|-singleturn|p2a: Wo-Chien|Protect\n|move|p1a: Monke|Instruct|p1b: Ganryu\n|-singleturn|p1b: Ganryu|move: Instruct|[of] p1a: Monke\n|move|p1b: Ganryu|Close Combat|p2a: Wo-Chien\n|-activate|p2a: Wo-Chien|move: Protect\n|move|p1b: Ganryu|Close Combat|p2a: Wo-Chien\n|-activate|p2a: Wo-Chien|move: Protect\n|move|p2b: Hippowdon|Slack Off|p2b: Hippowdon\n|-heal|p2b: Hippowdon|100\/100\n|\n|-weather|none\n|-damage|p1b: Ganryu|1\/100 brn|[from] brn\n|-damage|p1b: Ganryu|0 fnt|[from] move: Sand Tomb|[partiallytrapped]\n|faint|p1b: Ganryu\n|upkeep\n|inactive|GB Seraphix has 30 seconds left.\n|\n|t:|1683185611\n|switch|p1b: Preggy|Indeedee-F, L50, F|100\/100\n|turn|7\n|inactive|GB Seraphix has 30 seconds left.\n|inactive|GB Seraphix has 20 seconds left.\n|l|\u2606GB Seraphix\n|inactive|GB Seraphix disconnected and has a minute to reconnect!\n|player|p1|\n|inactive|GB Seraphix has 15 seconds left.\n|inactive|GB Seraphix has 10 seconds left.\n|inactive|GB Seraphix has 5 seconds left.\n|-message|GB Seraphix lost due to inactivity.\n|\n|win|Lucivious\n|raw|GB Seraphix's rating: 1130 → 1106<\/strong> (-24 for losing)\n|raw|Lucivious's rating: 1149 → 1173<\/strong> (+24 for winning)\n|l|\u2606Lucivious\n|j|\u2606GB Seraphix\n|player|p1|GB Seraphix|rosa\n","uploadtime":1683185803,"views":6,"p1id":"gbseraphix","p2id":"lucivious","formatid":"gen9vgc2023regulationc","rating":1106,"private":0,"password":""}