{"id":"gen9vgc2023regulationc-1848470209","p1":"Polentino","p2":"LeafeonLou12","format":"[Gen 9] VGC 2023 Regulation C","log":"|j|\u2606Polentino\n|j|\u2606LeafeonLou12\n|t:|1682081880\n|gametype|doubles\n|player|p1|Polentino|1|1056\n|player|p2|LeafeonLou12|170|1084\n|teamsize|p1|5\n|teamsize|p2|6\n|gen|9\n|tier|[Gen 9] VGC 2023 Regulation C\n|rated|\n|rule|Species Clause: Limit one of each Pok\u00e9mon\n|rule|Item Clause: Limit one of each item\n|clearpoke\n|poke|p1|Pelipper, L50, F|\n|poke|p1|Iron Jugulis, L50|\n|poke|p1|Scizor, L50, M|\n|poke|p1|Farigiraf, L50, F|\n|poke|p1|Breloom, L50, M|\n|poke|p2|Rotom-Fan, L50|\n|poke|p2|Torkoal, L50, M|\n|poke|p2|Indeedee, L50, M|\n|poke|p2|Drifblim, L50, F|\n|poke|p2|Chi-Yu, L50|\n|poke|p2|Great Tusk, L50|\n|teampreview|4\n|\n|t:|1682081919\n|start\n|switch|p1a: Breloom|Breloom, L50, M|100\/100\n|switch|p1b: Scizor|Scizor, L50, M|100\/100\n|switch|p2a: Drifblim|Drifblim, L50, F|100\/100\n|switch|p2b: Indeedee|Indeedee, L50, M|100\/100\n|-fieldstart|move: Psychic Terrain|[from] ability: Psychic Surge|[of] p2b: Indeedee\n|-enditem|p2a: Drifblim|Psychic Seed\n|-boost|p2a: Drifblim|spd|1|[from] item: Psychic Seed\n|turn|1\n|\n|t:|1682081944\n|switch|p1a: Pelipper|Pelipper, L50, F|100\/100\n|-weather|RainDance|[from] ability: Drizzle|[of] p1a: Pelipper\n|-terastallize|p1b: Scizor|Steel\n|move|p1b: Scizor|Bullet Punch|p2a: Drifblim\n|-hint|Psychic Terrain doesn't affect Pok\u00e9mon immune to Ground.\n|-damage|p2a: Drifblim|21\/100\n|move|p2a: Drifblim|Acrobatics|p1a: Pelipper\n|-damage|p1a: Pelipper|54\/100\n|move|p2b: Indeedee|Dazzling Gleam|p1b: Scizor|[spread] p1a,p1b\n|-resisted|p1b: Scizor\n|-damage|p1a: Pelipper|27\/100\n|-damage|p1b: Scizor|89\/100\n|\n|-weather|RainDance|[upkeep]\n|upkeep\n|turn|2\n|\n|t:|1682081965\n|-terastallize|p2a: Drifblim|Normal\n|move|p1a: Pelipper|Wide Guard|p1a: Pelipper\n|-singleturn|p1a: Pelipper|Wide Guard\n|move|p1b: Scizor|Bullet Punch|p2a: Drifblim\n|-activate|p2a: Drifblim|move: Psychic Terrain\n|move|p2a: Drifblim|Acrobatics|p1a: Pelipper\n|-damage|p1a: Pelipper|0 fnt\n|faint|p1a: Pelipper\n|move|p2b: Indeedee|Dazzling Gleam|p1b: Scizor\n|-activate|p1b: Scizor|move: Wide Guard\n|\n|-weather|RainDance|[upkeep]\n|upkeep\n|\n|t:|1682081975\n|switch|p1a: Iron Jugulis|Iron Jugulis, L50|100\/100\n|-enditem|p1a: Iron Jugulis|Booster Energy\n|-activate|p1a: Iron Jugulis|ability: Quark Drive|[fromitem]\n|-start|p1a: Iron Jugulis|quarkdrivespa\n|turn|3\n|\n|t:|1682081981\n|move|p1b: Scizor|Bullet Punch|p2a: Drifblim\n|-activate|p2a: Drifblim|move: Psychic Terrain\n|move|p2a: Drifblim|Tailwind|p2a: Drifblim\n|-sidestart|p2: LeafeonLou12|move: Tailwind\n|move|p2b: Indeedee|Dazzling Gleam|p1a: Iron Jugulis|[spread] p1a,p1b\n|-supereffective|p1a: Iron Jugulis\n|-resisted|p1b: Scizor\n|-damage|p1a: Iron Jugulis|63\/100\n|-damage|p1b: Scizor|78\/100\n|move|p1a: Iron Jugulis|Hurricane|p2b: Indeedee\n|-damage|p2b: Indeedee|0 fnt\n|faint|p2b: Indeedee\n|\n|-weather|RainDance|[upkeep]\n|upkeep\n|\n|t:|1682081987\n|switch|p2b: Chi-Yu|Chi-Yu, L50|100\/100\n|-ability|p2b: Chi-Yu|Beads of Ruin\n|turn|4\n|\n|t:|1682082018\n|move|p1b: Scizor|Protect|p1b: Scizor\n|-singleturn|p1b: Scizor|Protect\n|move|p2a: Drifblim|Acrobatics|p1a: Iron Jugulis\n|-damage|p1a: Iron Jugulis|18\/100\n|move|p2b: Chi-Yu|Tera Blast|p1a: Iron Jugulis\n|-damage|p1a: Iron Jugulis|0 fnt\n|faint|p1a: Iron Jugulis\n|-end|p1a: Iron Jugulis|Quark Drive|[silent]\n|\n|-weather|RainDance|[upkeep]\n|upkeep\n|\n|t:|1682082026\n|switch|p1a: Breloom|Breloom, L50, M|100\/100\n|turn|5\n|\n|t:|1682082033\n|move|p1a: Breloom|Mach Punch|p2b: Chi-Yu\n|-activate|p2b: Chi-Yu|move: Psychic Terrain\n|move|p1b: Scizor|Bullet Punch|p2a: Drifblim\n|-activate|p2a: Drifblim|move: Psychic Terrain\n|move|p2a: Drifblim|Acrobatics|p1a: Breloom\n|-supereffective|p1a: Breloom\n|-damage|p1a: Breloom|0 fnt\n|faint|p1a: Breloom\n|move|p2b: Chi-Yu|Tera Blast|p1b: Scizor\n|-resisted|p1b: Scizor\n|-damage|p1b: Scizor|54\/100\n|\n|-weather|none\n|-fieldend|move: Psychic Terrain\n|upkeep\n|turn|6\n|-message|Polentino forfeited.\n|\n|win|LeafeonLou12\n|raw|Polentino's rating: 1056 → 1039<\/strong> (-17 for losing)\n|raw|LeafeonLou12's rating: 1084 → 1109<\/strong> (+25 for winning)\n|l|\u2606Polentino\n","uploadtime":1682082044,"views":13,"p1id":"polentino","p2id":"leafeonlou12","formatid":"gen9vgc2023regulationc","rating":1039,"private":0,"password":""}