{"id":"gen9vgc2023regulationc-1845341695","p1":"MasterAlpacaVGC","p2":"Thatishowiroll","format":"[Gen 9] VGC 2023 Regulation C","log":"|j|\u2606MasterAlpacaVGC\n|j|\u2606Thatishowiroll\n|t:|1681718168\n|gametype|doubles\n|player|p1|MasterAlpacaVGC|170|1231\n|player|p2|Thatishowiroll|1|1190\n|teamsize|p1|6\n|teamsize|p2|6\n|gen|9\n|tier|[Gen 9] VGC 2023 Regulation C\n|rated|\n|rule|Species Clause: Limit one of each Pok\u00e9mon\n|rule|Item Clause: Limit one of each item\n|clearpoke\n|poke|p1|Flutter Mane, L50|\n|poke|p1|Kingambit, L50, F|\n|poke|p1|Arcanine, L50, M|\n|poke|p1|Palafin, L50, F|\n|poke|p1|Amoonguss, L50, F|\n|poke|p1|Ting-Lu, L50|\n|poke|p2|Chi-Yu, L50|\n|poke|p2|Sandy Shocks, L50|\n|poke|p2|Flutter Mane, L50|\n|poke|p2|Wo-Chien, L50|\n|poke|p2|Glimmora, L50, M|\n|poke|p2|Gyarados, L50, F|\n|teampreview|4\n|inactive|Battle timer is ON: inactive players will automatically lose when time's up. (requested by MasterAlpacaVGC)\nMasterAlpacaVGC has agreed to open team sheets.\n|\n|t:|1681718233\n|start\n|switch|p1a: Palafin|Palafin, L50, F|100\/100\n|switch|p1b: Amoonguss|Amoonguss, L50, F|100\/100\n|switch|p2a: Sandy Shocks|Sandy Shocks, L50|100\/100\n|switch|p2b: Gyarados|Gyarados, L50, F|100\/100\n|-ability|p2b: Gyarados|Intimidate|boost\n|-unboost|p1a: Palafin|atk|1\n|-unboost|p1b: Amoonguss|atk|1\n|-enditem|p2a: Sandy Shocks|Booster Energy\n|-activate|p2a: Sandy Shocks|ability: Protosynthesis|[fromitem]\n|-start|p2a: Sandy Shocks|protosynthesisspe\n|turn|1\n|\n|t:|1681718253\n|detailschange|p1a: Palafin|Palafin-Hero, L50, F\n|switch|p1a: Arcanine|Arcanine, L50, M|100\/100\n|-ability|p1a: Arcanine|Intimidate|boost\n|-unboost|p2a: Sandy Shocks|atk|1\n|-unboost|p2b: Gyarados|atk|1\n|move|p2a: Sandy Shocks|Protect|p2a: Sandy Shocks\n|-singleturn|p2a: Sandy Shocks|Protect\n|move|p1b: Amoonguss|Protect|p1b: Amoonguss\n|-singleturn|p1b: Amoonguss|Protect\n|move|p2b: Gyarados|Taunt|p1b: Amoonguss\n|-activate|p1b: Amoonguss|move: Protect\n|\n|upkeep\n|turn|2\n|inactive|MasterAlpacaVGC has 30 seconds left.\n|\n|t:|1681718285\n|switch|p1b: Ting-Lu|Ting-Lu, L50|100\/100\n|-ability|p1b: Ting-Lu|Vessel of Ruin\n|-terastallize|p1a: Arcanine|Grass\n|move|p2a: Sandy Shocks|Earth Power|p1a: Arcanine\n|-resisted|p1a: Arcanine\n|-damage|p1a: Arcanine|85\/100\n|move|p1a: Arcanine|Will-O-Wisp|p2b: Gyarados\n|-status|p2b: Gyarados|brn\n|move|p2b: Gyarados|Taunt|p1b: Ting-Lu\n|-start|p1b: Ting-Lu|move: Taunt\n|\n|-damage|p2b: Gyarados|94\/100 brn|[from] brn\n|upkeep\n|turn|3\n|inactive|MasterAlpacaVGC has 30 seconds left.\n|inactive|Thatishowiroll has 30 seconds left.\n|\n|t:|1681718320\n|-terastallize|p2a: Sandy Shocks|Flying\n|move|p2a: Sandy Shocks|Tera Blast|p1a: Arcanine\n|-supereffective|p1a: Arcanine\n|-damage|p1a: Arcanine|19\/100\n|move|p1a: Arcanine|Flare Blitz|p2a: Sandy Shocks\n|-damage|p2a: Sandy Shocks|41\/100\n|-damage|p1a: Arcanine|2\/100|[from] Recoil\n|move|p2b: Gyarados|Thunder Wave|p1a: Arcanine\n|-status|p1a: Arcanine|par\n|move|p1b: Ting-Lu|Stomping Tantrum|p2a: Sandy Shocks\n|-immune|p2a: Sandy Shocks\n|\n|-damage|p2b: Gyarados|88\/100 brn|[from] brn\n|upkeep\n|turn|4\n|inactive|Thatishowiroll has 30 seconds left.\n|\n|t:|1681718351\n|move|p2a: Sandy Shocks|Protect|p2a: Sandy Shocks\n|-singleturn|p2a: Sandy Shocks|Protect\n|move|p1a: Arcanine|Protect|p1a: Arcanine\n|-singleturn|p1a: Arcanine|Protect\n|move|p2b: Gyarados|Waterfall|p1a: Arcanine\n|-activate|p1a: Arcanine|move: Protect\n|move|p1b: Ting-Lu|Rock Slide|p2b: Gyarados|[spread] p2b\n|-activate|p2a: Sandy Shocks|move: Protect\n|-supereffective|p2b: Gyarados\n|-damage|p2b: Gyarados|50\/100 brn\n|\n|-damage|p2b: Gyarados|44\/100 brn|[from] brn\n|-end|p1b: Ting-Lu|move: Taunt\n|upkeep\n|turn|5\n|inactive|Thatishowiroll has 30 seconds left.\n|\n|t:|1681718385\n|switch|p2b: Wo-Chien|Wo-Chien, L50|100\/100\n|-ability|p2b: Wo-Chien|Tablets of Ruin\n|move|p1a: Arcanine|Extreme Speed|p2b: Wo-Chien\n|-damage|p2b: Wo-Chien|83\/100\n|move|p2a: Sandy Shocks|Thunderbolt|p1a: Arcanine\n|-resisted|p1a: Arcanine\n|-damage|p1a: Arcanine|0 fnt\n|faint|p1a: Arcanine\n|move|p1b: Ting-Lu|Rock Slide|p2a: Sandy Shocks|[spread] p2a\n|-miss|p1b: Ting-Lu|p2b: Wo-Chien\n|-supereffective|p2a: Sandy Shocks\n|-damage|p2a: Sandy Shocks|14\/100\n|\n|-heal|p2b: Wo-Chien|90\/100|[from] item: Leftovers\n|upkeep\n|\n|t:|1681718403\n|switch|p1a: Amoonguss|Amoonguss, L50, F|100\/100\n|turn|6\n|\n|t:|1681718422\n|move|p1a: Amoonguss|Protect|p1a: Amoonguss\n|-singleturn|p1a: Amoonguss|Protect\n|move|p2a: Sandy Shocks|Tera Blast|p1a: Amoonguss\n|-activate|p1a: Amoonguss|move: Protect\n|move|p2b: Wo-Chien|Leech Seed|p1b: Ting-Lu\n|-start|p1b: Ting-Lu|move: Leech Seed\n|move|p1b: Ting-Lu|Rock Slide|p2a: Sandy Shocks|[spread] p2a\n|-miss|p1b: Ting-Lu|p2b: Wo-Chien\n|-supereffective|p2a: Sandy Shocks\n|-damage|p2a: Sandy Shocks|0 fnt\n|faint|p2a: Sandy Shocks\n|-end|p2a: Sandy Shocks|Protosynthesis|[silent]\n|\n|-heal|p2b: Wo-Chien|96\/100|[from] item: Leftovers\n|-damage|p1b: Ting-Lu|88\/100|[from] Leech Seed|[of] p2b: Wo-Chien\n|-heal|p2b: Wo-Chien|100\/100|[silent]\n|upkeep\n|\n|t:|1681718434\n|switch|p2a: Chi-Yu|Chi-Yu, L50|100\/100\n|-ability|p2a: Chi-Yu|Beads of Ruin\n|turn|7\n|\n|t:|1681718448\n|switch|p2a: Gyarados|Gyarados, L50, F|44\/100 brn\n|-ability|p2a: Gyarados|Intimidate|boost\n|-unboost|p1a: Amoonguss|atk|1\n|-unboost|p1b: Ting-Lu|atk|1\n|switch|p1b: Palafin|Palafin-Hero, L50, F|100\/100\n|-activate|p1b: Palafin|ability: Zero to Hero\n|move|p2b: Wo-Chien|Leech Seed|p1a: Amoonguss\n|-immune|p1a: Amoonguss\n|move|p1a: Amoonguss|Pollen Puff|p2b: Wo-Chien\n|-supereffective|p2b: Wo-Chien\n|-damage|p2b: Wo-Chien|65\/100\n|\n|-heal|p2b: Wo-Chien|71\/100|[from] item: Leftovers\n|-damage|p2a: Gyarados|38\/100 brn|[from] brn\n|upkeep\n|turn|8\n|inactive|MasterAlpacaVGC has 30 seconds left.\n|inactive|Thatishowiroll has 30 seconds left.\n|inactive|MasterAlpacaVGC has 20 seconds left.\n|inactive|Thatishowiroll has 20 seconds left.\n|inactive|MasterAlpacaVGC has 15 seconds left.\n|inactive|MasterAlpacaVGC has 10 seconds left.\n|inactive|MasterAlpacaVGC has 5 seconds left.\n|\n|t:|1681718499\n|move|p1a: Amoonguss|Rage Powder|p1a: Amoonguss\n|-singleturn|p1a: Amoonguss|move: Rage Powder\n|move|p2a: Gyarados|Thunder Wave|p1b: Palafin|[miss]\n|-miss|p2a: Gyarados|p1b: Palafin\n|move|p1b: Palafin|Wave Crash|p2a: Gyarados\n|-resisted|p2a: Gyarados\n|-damage|p2a: Gyarados|0 fnt\n|faint|p2a: Gyarados\n|-damage|p1b: Palafin|89\/100|[from] Recoil\n|move|p2b: Wo-Chien|Leech Seed|p1b: Palafin\n|-start|p1b: Palafin|move: Leech Seed\n|\n|-heal|p2b: Wo-Chien|78\/100|[from] item: Leftovers\n|-damage|p1b: Palafin|77\/100|[from] Leech Seed|[of] p2b: Wo-Chien\n|-heal|p2b: Wo-Chien|91\/100|[silent]\n|upkeep\n|\n|t:|1681718515\n|switch|p2a: Chi-Yu|Chi-Yu, L50|100\/100\n|-ability|p2a: Chi-Yu|Beads of Ruin\n|turn|9\n|\n|t:|1681718529\n|switch|p1b: Ting-Lu|Ting-Lu, L50|88\/100\n|-ability|p1b: Ting-Lu|Vessel of Ruin\n|move|p2a: Chi-Yu|Overheat|p1a: Amoonguss\n|-supereffective|p1a: Amoonguss\n|-damage|p1a: Amoonguss|0 fnt\n|-unboost|p2a: Chi-Yu|spa|2\n|faint|p1a: Amoonguss\n|move|p2b: Wo-Chien|Substitute|p2b: Wo-Chien\n|-start|p2b: Wo-Chien|Substitute\n|-damage|p2b: Wo-Chien|66\/100\n|\n|-heal|p2b: Wo-Chien|72\/100|[from] item: Leftovers\n|upkeep\n|\n|t:|1681718542\n|switch|p1a: Palafin|Palafin-Hero, L50, F|77\/100\n|turn|10\n|\n|t:|1681718558\n|move|p1a: Palafin|Protect|p1a: Palafin\n|-singleturn|p1a: Palafin|Protect\n|move|p2a: Chi-Yu|Overheat|p1b: Ting-Lu\n|-damage|p1b: Ting-Lu|63\/100\n|-unboost|p2a: Chi-Yu|spa|2\n|move|p2b: Wo-Chien|Leech Seed|p1a: Palafin\n|-activate|p1a: Palafin|move: Protect\n|move|p1b: Ting-Lu|Stomping Tantrum|p2a: Chi-Yu\n|-supereffective|p2a: Chi-Yu\n|-damage|p2a: Chi-Yu|17\/100\n|\n|-heal|p2b: Wo-Chien|78\/100|[from] item: Leftovers\n|upkeep\n|turn|11\n|inactive|MasterAlpacaVGC has 30 seconds left.\n|\n|t:|1681718585\n|move|p1a: Palafin|Jet Punch|p2a: Chi-Yu\n|-supereffective|p2a: Chi-Yu\n|-damage|p2a: Chi-Yu|0 fnt\n|faint|p2a: Chi-Yu\n|move|p2b: Wo-Chien|Leech Seed|p1a: Palafin\n|-start|p1a: Palafin|move: Leech Seed\n|move|p1b: Ting-Lu|Heavy Slam|p2b: Wo-Chien\n|-end|p2b: Wo-Chien|Substitute\n|\n|-heal|p2b: Wo-Chien|84\/100|[from] item: Leftovers\n|-damage|p1a: Palafin|65\/100|[from] Leech Seed|[of] p2b: Wo-Chien\n|-heal|p2b: Wo-Chien|97\/100|[silent]\n|upkeep\n|turn|12\n|\n|t:|1681718599\n|move|p1a: Palafin|Wave Crash|p2b: Wo-Chien\n|-resisted|p2b: Wo-Chien\n|-damage|p2b: Wo-Chien|64\/100\n|-damage|p1a: Palafin|55\/100|[from] Recoil\n|move|p2b: Wo-Chien|Leech Seed|p1b: Ting-Lu\n|-start|p1b: Ting-Lu|move: Leech Seed\n|move|p1b: Ting-Lu|Heavy Slam|p2b: Wo-Chien\n|-damage|p2b: Wo-Chien|40\/100\n|\n|-heal|p2b: Wo-Chien|46\/100|[from] item: Leftovers\n|-damage|p1a: Palafin|43\/100|[from] Leech Seed|[of] p2b: Wo-Chien\n|-heal|p2b: Wo-Chien|59\/100|[silent]\n|-damage|p1b: Ting-Lu|51\/100|[from] Leech Seed|[of] p2b: Wo-Chien\n|-heal|p2b: Wo-Chien|74\/100|[silent]\n|upkeep\n|turn|13\n|\n|t:|1681718617\n|move|p2b: Wo-Chien|Protect|p2b: Wo-Chien\n|-singleturn|p2b: Wo-Chien|Protect\n|move|p1a: Palafin|Wave Crash|p2b: Wo-Chien\n|-activate|p2b: Wo-Chien|move: Protect\n|move|p1b: Ting-Lu|Heavy Slam|p2b: Wo-Chien\n|-activate|p2b: Wo-Chien|move: Protect\n|\n|-heal|p2b: Wo-Chien|81\/100|[from] item: Leftovers\n|-damage|p1a: Palafin|30\/100|[from] Leech Seed|[of] p2b: Wo-Chien\n|-heal|p2b: Wo-Chien|94\/100|[silent]\n|-damage|p1b: Ting-Lu|39\/100|[from] Leech Seed|[of] p2b: Wo-Chien\n|-heal|p2b: Wo-Chien|100\/100|[silent]\n|upkeep\n|turn|14\n|\n|t:|1681718634\n|move|p1a: Palafin|Wave Crash|p2b: Wo-Chien\n|-resisted|p2b: Wo-Chien\n|-damage|p2b: Wo-Chien|72\/100\n|-damage|p1a: Palafin|22\/100|[from] Recoil\n|move|p2b: Wo-Chien|Pollen Puff|p1b: Ting-Lu\n|-supereffective|p1b: Ting-Lu\n|-damage|p1b: Ting-Lu|18\/100\n|-enditem|p1b: Ting-Lu|Weakness Policy\n|-boost|p1b: Ting-Lu|atk|2|[from] item: Weakness Policy\n|-boost|p1b: Ting-Lu|spa|2|[from] item: Weakness Policy\n|move|p1b: Ting-Lu|Heavy Slam|p2b: Wo-Chien\n|-damage|p2b: Wo-Chien|24\/100\n|\n|-heal|p2b: Wo-Chien|31\/100|[from] item: Leftovers\n|-damage|p1a: Palafin|10\/100|[from] Leech Seed|[of] p2b: Wo-Chien\n|-heal|p2b: Wo-Chien|44\/100|[silent]\n|-damage|p1b: Ting-Lu|6\/100|[from] Leech Seed|[of] p2b: Wo-Chien\n|-heal|p2b: Wo-Chien|59\/100|[silent]\n|upkeep\n|turn|15\n|-message|MasterAlpacaVGC forfeited.\n|\n|win|Thatishowiroll\n|raw|MasterAlpacaVGC's rating: 1231 → 1203<\/strong> (-28 for losing)\n|raw|Thatishowiroll's rating: 1190 → 1218<\/strong> (+28 for winning)\n","uploadtime":1681718671,"views":16,"p1id":"masteralpacavgc","p2id":"thatishowiroll","formatid":"gen9vgc2023regulationc","rating":1203,"private":0,"password":""}