{"id":"gen9vgc2023regulationc-1854236688","p1":"bugs.n.kisses","p2":"VyCanisMajoris3","format":"[Gen 9] VGC 2023 Regulation C","log":"|j|\u2606bugs.n.kisses\n|j|\u2606VyCanisMajoris3\n|t:|1682787042\n|gametype|doubles\n|player|p1|bugs.n.kisses|bugcatcher-gen4dp|1050\n|player|p2|VyCanisMajoris3|cyrus|1088\n|teamsize|p1|6\n|teamsize|p2|6\n|gen|9\n|tier|[Gen 9] VGC 2023 Regulation C\n|rated|\n|rule|Species Clause: Limit one of each Pok\u00e9mon\n|rule|Item Clause: Limit one of each item\n|clearpoke\n|poke|p1|Amoonguss, L50, F|\n|poke|p1|Arcanine, L50, F|\n|poke|p1|Iron Hands, L50|\n|poke|p1|Palafin, L50, F|\n|poke|p1|Iron Valiant, L50|\n|poke|p1|Azumarill, L50, F|\n|poke|p2|Dondozo, L50, F|\n|poke|p2|Tatsugiri, L50, F|\n|poke|p2|Arcanine, L50, M|\n|poke|p2|Annihilape, L50, M|\n|poke|p2|Flamigo, L50, F|\n|poke|p2|Flutter Mane, L50|\n|teampreview|4\nVyCanisMajoris3 rejected open team sheets.\n|\n|t:|1682787066\n|start\n|switch|p1a: Azumarill|Azumarill, L50, F|100\/100\n|switch|p1b: Palafin|Palafin, L50, F|100\/100\n|switch|p2a: Flutter Mane|Flutter Mane, L50|100\/100\n|switch|p2b: Tatsugiri|Tatsugiri, L50, F|100\/100\n|-enditem|p2a: Flutter Mane|Booster Energy\n|-activate|p2a: Flutter Mane|ability: Protosynthesis|[fromitem]\n|-start|p2a: Flutter Mane|protosynthesisspe\n|turn|1\n|\n|t:|1682787080\n|move|p2a: Flutter Mane|Protect|p2a: Flutter Mane\n|-singleturn|p2a: Flutter Mane|Protect\n|move|p1b: Palafin|Flip Turn|p2b: Tatsugiri\n|-resisted|p2b: Tatsugiri\n|-damage|p2b: Tatsugiri|92\/100\n|\n|t:|1682787095\n|detailschange|p1b: Palafin|Palafin-Hero, L50, F\n|switch|p1b: Amoonguss|Amoonguss, L50, F|100\/100|[from] Flip Turn\n|move|p2b: Tatsugiri|Substitute|p2b: Tatsugiri\n|-start|p2b: Tatsugiri|Substitute\n|-damage|p2b: Tatsugiri|68\/100\n|move|p1a: Azumarill|Encore|p2a: Flutter Mane\n|-activate|p2a: Flutter Mane|move: Protect\n|\n|-status|p2b: Tatsugiri|tox|[from] item: Toxic Orb\n|upkeep\n|turn|2\n|\n|t:|1682787109\n|move|p1b: Amoonguss|Rage Powder|p1b: Amoonguss\n|-singleturn|p1b: Amoonguss|move: Rage Powder\n|move|p2a: Flutter Mane|Shadow Ball|p1b: Amoonguss\n|-damage|p1b: Amoonguss|62\/100\n|move|p2b: Tatsugiri|Draco Meteor|p1b: Amoonguss\n|-damage|p1b: Amoonguss|21\/100\n|-unboost|p2b: Tatsugiri|spa|2\n|move|p1a: Azumarill|Rain Dance|p1a: Azumarill\n|-weather|RainDance\n|\n|-weather|RainDance|[upkeep]\n|-heal|p1b: Amoonguss|27\/100|[from] item: Leftovers\n|-damage|p2b: Tatsugiri|62\/100 tox|[from] psn\n|upkeep\n|turn|3\n|\n|t:|1682787126\n|move|p2a: Flutter Mane|Shadow Ball|p1b: Amoonguss\n|-damage|p1b: Amoonguss|0 fnt\n|faint|p1b: Amoonguss\n|move|p2b: Tatsugiri|Icy Wind|p1a: Azumarill\n|-resisted|p1a: Azumarill\n|-damage|p1a: Azumarill|97\/100\n|-unboost|p1a: Azumarill|spe|1\n|move|p1a: Azumarill|Misty Terrain|p1a: Azumarill\n|-fieldstart|move: Misty Terrain\n|\n|-weather|RainDance|[upkeep]\n|-damage|p2b: Tatsugiri|51\/100 tox|[from] psn\n|upkeep\n|\n|t:|1682787130\n|switch|p1b: Iron Valiant|Iron Valiant, L50|100\/100\n|turn|4\n|\n|t:|1682787143\n|move|p2b: Tatsugiri|Protect|p2b: Tatsugiri\n|-singleturn|p2b: Tatsugiri|Protect\n|move|p2a: Flutter Mane|Memento|p1b: Iron Valiant\n|-unboost|p1b: Iron Valiant|atk|2\n|-unboost|p1b: Iron Valiant|spa|2\n|faint|p2a: Flutter Mane\n|-end|p2a: Flutter Mane|Protosynthesis|[silent]\n|move|p1b: Iron Valiant|Spirit Break|p2b: Tatsugiri\n|-activate|p2b: Tatsugiri|move: Protect\n|move|p1a: Azumarill|Liquidation|p2b: Tatsugiri\n|-activate|p2b: Tatsugiri|move: Protect\n|\n|-weather|RainDance|[upkeep]\n|-damage|p2b: Tatsugiri|34\/100 tox|[from] psn\n|upkeep\n|\n|t:|1682787156\n|switch|p2a: Dondozo|Dondozo, L50, F|100\/100\n|-activate|p2b: Tatsugiri|ability: Commander|[of] p2a: Dondozo\n|-boost|p2a: Dondozo|atk|2\n|-boost|p2a: Dondozo|spa|2\n|-boost|p2a: Dondozo|spe|2\n|-boost|p2a: Dondozo|def|2\n|-boost|p2a: Dondozo|spd|2\n|turn|5\n|\n|t:|1682787169\n|-terastallize|p1b: Iron Valiant|Grass\n|move|p2a: Dondozo|Protect|p2a: Dondozo\n|-singleturn|p2a: Dondozo|Protect\n|move|p1b: Iron Valiant|Leaf Blade|p2a: Dondozo\n|-activate|p2a: Dondozo|move: Protect\n|move|p1a: Azumarill|Liquidation|p2b: Tatsugiri|[miss]\n|-miss|p1a: Azumarill|p2b: Tatsugiri\n|\n|-weather|RainDance|[upkeep]\n|-damage|p2b: Tatsugiri|11\/100 tox|[from] psn\n|upkeep\n|turn|6\n|\n|t:|1682787182\n|-terastallize|p2a: Dondozo|Grass\n|move|p1b: Iron Valiant|Leaf Blade|p2a: Dondozo\n|-resisted|p2a: Dondozo\n|-damage|p2a: Dondozo|97\/100\n|move|p2a: Dondozo|Liquidation|p1b: Iron Valiant\n|-resisted|p1b: Iron Valiant\n|-damage|p1b: Iron Valiant|16\/100\n|move|p1a: Azumarill|Liquidation|p2b: Tatsugiri|[miss]\n|-miss|p1a: Azumarill|p2b: Tatsugiri\n|\n|-weather|none\n|-heal|p2a: Dondozo|100\/100|[from] item: Leftovers\n|-damage|p2b: Tatsugiri|0 fnt|[from] psn\n|faint|p2b: Tatsugiri\n|upkeep\n|\n|t:|1682787195\n|switch|p2b: Flamigo|Flamigo, L50, F|100\/100\n|-copyboost|p2b: Flamigo|p2a: Dondozo|[from] ability: Costar\n|turn|7\n|\n|t:|1682787230\n|move|p2b: Flamigo|Brave Bird|p1a: Azumarill\n|-damage|p1a: Azumarill|0 fnt\n|faint|p1a: Azumarill\n|-damage|p2b: Flamigo|66\/100|[from] Recoil\n|move|p1b: Iron Valiant|Fire Punch|p2a: Dondozo\n|-supereffective|p2a: Dondozo\n|-damage|p2a: Dondozo|90\/100\n|move|p2a: Dondozo|Earthquake|p1b: Iron Valiant|[spread] p1b\n|-immune|p2b: Flamigo\n|-resisted|p1b: Iron Valiant\n|-damage|p1b: Iron Valiant|0 fnt\n|faint|p1b: Iron Valiant\n|-end|p1b: Iron Valiant|Quark Drive|[silent]\n|\n|-heal|p2a: Dondozo|97\/100|[from] item: Leftovers\n|upkeep\n|\n|t:|1682787234\n|switch|p1a: Palafin|Palafin-Hero, L50, F|100\/100\n|-activate|p1a: Palafin|ability: Zero to Hero\n|turn|8\n|-message|bugs.n.kisses forfeited.\n|\n|win|VyCanisMajoris3\n|raw|bugs.n.kisses's rating: 1050 → 1034<\/strong> (-16 for losing)\n|raw|VyCanisMajoris3's rating: 1088 → 1112<\/strong> (+24 for winning)\n|l|\u2606bugs.n.kisses\n","uploadtime":1682787248,"views":19,"p1id":"bugsnkisses","p2id":"vycanismajoris3","formatid":"gen9vgc2023regulationc","rating":1034,"private":0,"password":""}