{"id":"gen9vgc2023regulationc-1848925149","p1":"Xepher008","p2":"tkinthemiddle","format":"[Gen 9] VGC 2023 Regulation C","log":"|j|\u2606Xepher008\n|j|\u2606tkinthemiddle\n|t:|1682126882\n|gametype|doubles\n|player|p1|Xepher008|2|1176\n|player|p2|tkinthemiddle|pokemonbreederf-gen4|1120\n|teamsize|p1|6\n|teamsize|p2|6\n|gen|9\n|tier|[Gen 9] VGC 2023 Regulation C\n|rated|\n|rule|Species Clause: Limit one of each Pok\u00e9mon\n|rule|Item Clause: Limit one of each item\n|clearpoke\n|poke|p1|Flutter Mane, L50|\n|poke|p1|Gastrodon, L50, F|\n|poke|p1|Chi-Yu, L50|\n|poke|p1|Chien-Pao, L50|\n|poke|p1|Dragonite, L50, F|\n|poke|p1|Amoonguss, L50, F|\n|poke|p2|Tatsugiri, L50, F|\n|poke|p2|Ceruledge, L50, F|\n|poke|p2|Kilowattrel, L50, M|\n|poke|p2|Gholdengo, L50|\n|poke|p2|Roaring Moon, L50|\n|poke|p2|Sandy Shocks, L50|\n|teampreview|4\n|inactive|Battle timer is ON: inactive players will automatically lose when time's up. (requested by Xepher008)\n|\n|t:|1682126927\n|start\n|switch|p1a: Chi-Yu|Chi-Yu, L50|100\/100\n|switch|p1b: Flutter Mane|Flutter Mane, L50|100\/100\n|switch|p2a: Kilowattrel|Kilowattrel, L50, M|100\/100\n|switch|p2b: Gholdengo|Gholdengo, L50|100\/100\n|-ability|p1a: Chi-Yu|Beads of Ruin\n|turn|1\n|\n|t:|1682126946\n|move|p2b: Gholdengo|Protect|p2b: Gholdengo\n|-singleturn|p2b: Gholdengo|Protect\n|move|p1b: Flutter Mane|Dazzling Gleam|p2b: Gholdengo|[spread] p2a\n|-activate|p2b: Gholdengo|move: Protect\n|-enditem|p2a: Kilowattrel|Focus Sash\n|-damage|p2a: Kilowattrel|1\/100\n|move|p2a: Kilowattrel|Tailwind|p2a: Kilowattrel\n|-sidestart|p2: tkinthemiddle|move: Tailwind\n|move|p1a: Chi-Yu|Heat Wave|p2a: Kilowattrel|[spread] p2a\n|-activate|p2b: Gholdengo|move: Protect\n|-damage|p2a: Kilowattrel|0 fnt\n|faint|p2a: Kilowattrel\n|\n|upkeep\n|\n|t:|1682126959\n|switch|p2a: Roaring Moon|Roaring Moon, L50|100\/100\n|-enditem|p2a: Roaring Moon|Booster Energy\n|-activate|p2a: Roaring Moon|ability: Protosynthesis|[fromitem]\n|-start|p2a: Roaring Moon|protosynthesisspe\n|turn|2\n|\n|t:|1682126977\n|switch|p2b: Ceruledge|Ceruledge, L50, F|100\/100\n|-terastallize|p2a: Roaring Moon|Poison\n|move|p2a: Roaring Moon|Tera Blast|p1b: Flutter Mane\n|-damage|p1b: Flutter Mane|16\/100\n|move|p1b: Flutter Mane|Dazzling Gleam|p2b: Ceruledge|[spread] p2a,p2b\n|-resisted|p2a: Roaring Moon\n|-resisted|p2b: Ceruledge\n|-damage|p2a: Roaring Moon|67\/100\n|-damage|p2b: Ceruledge|68\/100\n|move|p1a: Chi-Yu|Heat Wave|p2a: Roaring Moon|[spread] p2a\n|-start|p2b: Ceruledge|ability: Flash Fire\n|-damage|p2a: Roaring Moon|20\/100\n|\n|-heal|p2b: Ceruledge|74\/100|[from] item: Leftovers\n|upkeep\n|turn|3\n|inactive|Xepher008 has 30 seconds left.\n|inactive|Xepher008 has 20 seconds left.\n|inactive|Xepher008 has 15 seconds left.\n|inactive|tkinthemiddle has 30 seconds left.\n|inactive|tkinthemiddle has 20 seconds left.\n|inactive|tkinthemiddle has 15 seconds left.\n|inactive|tkinthemiddle has 10 seconds left.\n|\n|t:|1682127039\n|-end|p1b: Flutter Mane|Protosynthesis|[silent]\n|switch|p1b: Amoonguss|Amoonguss, L50, F|100\/100\n|move|p2b: Ceruledge|Protect|p2b: Ceruledge\n|-singleturn|p2b: Ceruledge|Protect\n|move|p2a: Roaring Moon|Acrobatics|p1a: Chi-Yu\n|-damage|p1a: Chi-Yu|39\/100\n|move|p1a: Chi-Yu|Snarl|p2a: Roaring Moon|[spread] p2a\n|-activate|p2b: Ceruledge|move: Protect\n|-damage|p2a: Roaring Moon|0 fnt\n|faint|p2a: Roaring Moon\n|-end|p2a: Roaring Moon|Protosynthesis|[silent]\n|\n|-heal|p2b: Ceruledge|80\/100|[from] item: Leftovers\n|upkeep\n|\n|t:|1682127044\n|switch|p2a: Gholdengo|Gholdengo, L50|100\/100\n|turn|4\n|inactive|Xepher008 has 30 seconds left.\n|\n|t:|1682127073\n|move|p1b: Amoonguss|Rage Powder|p1b: Amoonguss\n|-singleturn|p1b: Amoonguss|move: Rage Powder\n|move|p2a: Gholdengo|Make It Rain|p1a: Chi-Yu|[spread] p1a,p1b\n|-resisted|p1a: Chi-Yu\n|-damage|p1a: Chi-Yu|0 fnt\n|-damage|p1b: Amoonguss|21\/100\n|-unboost|p2a: Gholdengo|spa|1\n|faint|p1a: Chi-Yu\n|-damage|p2a: Gholdengo|91\/100|[from] item: Life Orb\n|move|p2b: Ceruledge|Bitter Blade|p1b: Amoonguss\n|-supereffective|p1b: Amoonguss\n|-damage|p1b: Amoonguss|0 fnt\n|-heal|p2b: Ceruledge|94\/100|[from] drain|[of] p1b: Amoonguss\n|-damage|p2b: Ceruledge|78\/100|[from] item: Rocky Helmet|[of] p1b: Amoonguss\n|faint|p1b: Amoonguss\n|\n|-heal|p2b: Ceruledge|84\/100|[from] item: Leftovers\n|-sideend|p2: tkinthemiddle|move: Tailwind\n|upkeep\n|\n|t:|1682127094\n|switch|p1a: Flutter Mane|Flutter Mane, L50|16\/100\n|switch|p1b: Gastrodon|Gastrodon, L50, F|100\/100\n|turn|5\n|inactive|tkinthemiddle has 30 seconds left.\n|\n|t:|1682127127\n|move|p2b: Ceruledge|Shadow Sneak|p1a: Flutter Mane\n|-supereffective|p1a: Flutter Mane\n|-damage|p1a: Flutter Mane|0 fnt\n|faint|p1a: Flutter Mane\n|-end|p1a: Flutter Mane|Protosynthesis|[silent]\n|move|p2a: Gholdengo|Dazzling Gleam|p1b: Gastrodon\n|-damage|p1b: Gastrodon|74\/100\n|-damage|p2a: Gholdengo|81\/100|[from] item: Life Orb\n|move|p1b: Gastrodon|Earth Power|p2b: Ceruledge\n|-supereffective|p2b: Ceruledge\n|-damage|p2b: Ceruledge|3\/100\n|\n|-heal|p2b: Ceruledge|9\/100|[from] item: Leftovers\n|upkeep\n|turn|6\n|inactive|Xepher008 has 30 seconds left.\n|\n|t:|1682127152\n|move|p2b: Ceruledge|Protect|p2b: Ceruledge\n|-singleturn|p2b: Ceruledge|Protect\n|move|p2a: Gholdengo|Nasty Plot|p2a: Gholdengo\n|-boost|p2a: Gholdengo|spa|2\n|move|p1b: Gastrodon|Muddy Water|p2b: Ceruledge|[spread] p2a\n|-activate|p2b: Ceruledge|move: Protect\n|-damage|p2a: Gholdengo|45\/100\n|-unboost|p2a: Gholdengo|accuracy|1\n|\n|-heal|p2b: Ceruledge|15\/100|[from] item: Leftovers\n|upkeep\n|turn|7\n|l|\u2606tkinthemiddle\n|inactive|tkinthemiddle disconnected and has a minute to reconnect!\n|player|p2|\n|inactive|tkinthemiddle has 30 seconds left.\n|inactive|tkinthemiddle has 20 seconds left.\n|inactive|tkinthemiddle has 15 seconds left.\n|inactive|tkinthemiddle has 10 seconds left.\n|inactive|tkinthemiddle has 5 seconds left.\n|-message|tkinthemiddle lost due to inactivity.\n|\n|win|Xepher008\n|raw|Xepher008's rating: 1176 → 1197<\/strong> (+21 for winning)\n|raw|tkinthemiddle's rating: 1120 → 1099<\/strong> (-21 for losing)\n","uploadtime":1682127215,"views":5,"p1id":"xepher008","p2id":"tkinthemiddle","formatid":"gen9vgc2023regulationc","rating":1099,"private":0,"password":""}