{"id":"gen9vgc2023regulationc-1861367481","p1":"Sangyforever","p2":"Currymanpuff","format":"[Gen 9] VGC 2023 Regulation C","log":"|j|\u2606Sangyforever\n|j|\u2606Currymanpuff\n|t:|1683750177\n|gametype|doubles\n|player|p1|Sangyforever|169|1312\n|player|p2|Currymanpuff|1|1214\n|teamsize|p1|6\n|teamsize|p2|6\n|gen|9\n|tier|[Gen 9] VGC 2023 Regulation C\n|rated|\n|rule|Species Clause: Limit one of each Pok\u00e9mon\n|rule|Item Clause: Limit one of each item\n|clearpoke\n|poke|p1|Flutter Mane, L50|\n|poke|p1|Amoonguss, L50, F|\n|poke|p1|Iron Moth, L50|\n|poke|p1|Gyarados, L50, M|\n|poke|p1|Iron Hands, L50|\n|poke|p1|Chien-Pao, L50|\n|poke|p2|Iron Thorns, L50|\n|poke|p2|Tyranitar, L50, F|\n|poke|p2|Murkrow, L50, F|\n|poke|p2|Houndstone, L50, M|\n|poke|p2|Amoonguss, L50, M|\n|poke|p2|Gyarados, L50, F|\n|teampreview|4\nCurrymanpuff has agreed to open team sheets.\n|\n|t:|1683750221\n|start\n|switch|p1a: Iron Moth|Iron Moth, L50|100\/100\n|switch|p1b: Iron Hands|Iron Hands, L50|100\/100\n|switch|p2a: Tyranitar|Tyranitar, L50, F|100\/100\n|switch|p2b: Houndstone|Houndstone, L50, M|100\/100\n|-weather|Sandstorm|[from] ability: Sand Stream|[of] p2a: Tyranitar\n|-enditem|p1a: Iron Moth|Booster Energy\n|-activate|p1a: Iron Moth|ability: Quark Drive|[fromitem]\n|-start|p1a: Iron Moth|quarkdrivespe\n|turn|1\n|\n|t:|1683750234\n|move|p1b: Iron Hands|Fake Out|p2a: Tyranitar\n|-resisted|p2a: Tyranitar\n|-damage|p2a: Tyranitar|94\/100\n|move|p2b: Houndstone|Will-O-Wisp|p1b: Iron Hands\n|-status|p1b: Iron Hands|brn\n|move|p1a: Iron Moth|Electric Terrain|p1a: Iron Moth\n|-fieldstart|move: Electric Terrain\n|-activate|p1b: Iron Hands|ability: Quark Drive\n|-start|p1b: Iron Hands|quarkdriveatk\n|cant|p2a: Tyranitar|flinch\n|\n|-weather|Sandstorm|[upkeep]\n|-damage|p1a: Iron Moth|95\/100|[from] Sandstorm\n|-damage|p1b: Iron Hands|94\/100 brn|[from] Sandstorm\n|-damage|p1b: Iron Hands|88\/100 brn|[from] brn\n|upkeep\n|turn|2\n|\n|t:|1683750258\n|-end|p1a: Iron Moth|Quark Drive|[silent]\n|switch|p1a: Amoonguss|Amoonguss, L50, F|100\/100\n|move|p2b: Houndstone|Howl|p2b: Houndstone|[spread] p2a,p2b\n|-boost|p2a: Tyranitar|atk|1\n|-boost|p2b: Houndstone|atk|1\n|move|p2a: Tyranitar|Rock Slide|p1a: Amoonguss|[spread] p1a,p1b\n|-resisted|p1b: Iron Hands\n|-damage|p1a: Amoonguss|64\/100\n|-damage|p1b: Iron Hands|74\/100 brn\n|move|p1b: Iron Hands|Wild Charge|p2a: Tyranitar\n|-damage|p2a: Tyranitar|57\/100\n|-damage|p1b: Iron Hands|68\/100 brn|[from] Recoil\n|\n|-weather|Sandstorm|[upkeep]\n|-damage|p1b: Iron Hands|62\/100 brn|[from] Sandstorm\n|-damage|p1a: Amoonguss|58\/100|[from] Sandstorm\n|-damage|p1b: Iron Hands|56\/100 brn|[from] brn\n|upkeep\n|turn|3\n|\n|t:|1683750278\n|move|p2b: Houndstone|Howl|p2b: Houndstone|[spread] p2a,p2b\n|-boost|p2a: Tyranitar|atk|1\n|-boost|p2b: Houndstone|atk|1\n|move|p2a: Tyranitar|Crunch|p1a: Amoonguss\n|-damage|p1a: Amoonguss|0 fnt\n|faint|p1a: Amoonguss\n|move|p1b: Iron Hands|Drain Punch|p2a: Tyranitar\n|-supereffective|p2a: Tyranitar\n|-damage|p2a: Tyranitar|0 fnt\n|-heal|p1b: Iron Hands|76\/100 brn|[from] drain|[of] p2a: Tyranitar\n|faint|p2a: Tyranitar\n|\n|-weather|Sandstorm|[upkeep]\n|-damage|p1b: Iron Hands|69\/100 brn|[from] Sandstorm\n|-damage|p1b: Iron Hands|63\/100 brn|[from] brn\n|upkeep\n|\n|t:|1683750291\n|switch|p2a: Murkrow|Murkrow, L50, F|100\/100\n|switch|p1a: Flutter Mane|Flutter Mane, L50|100\/100\n|turn|4\n|\n|t:|1683750305\n|move|p1a: Flutter Mane|Protect|p1a: Flutter Mane\n|-singleturn|p1a: Flutter Mane|Protect\n|move|p2a: Murkrow|Tailwind|p2a: Murkrow\n|-sidestart|p2: Currymanpuff|move: Tailwind\n|move|p2b: Houndstone|Last Respects|p1a: Flutter Mane\n|-activate|p1a: Flutter Mane|move: Protect\n|move|p1b: Iron Hands|Wild Charge|p2a: Murkrow\n|-supereffective|p2a: Murkrow\n|-damage|p2a: Murkrow|30\/100\n|-damage|p1b: Iron Hands|52\/100 brn|[from] Recoil\n|\n|-weather|Sandstorm|[upkeep]\n|-damage|p2a: Murkrow|23\/100|[from] Sandstorm\n|-damage|p1a: Flutter Mane|94\/100|[from] Sandstorm\n|-damage|p1b: Iron Hands|46\/100 brn|[from] Sandstorm\n|-damage|p1b: Iron Hands|40\/100 brn|[from] brn\n|upkeep\n|turn|5\n|\n|t:|1683750329\n|-terastallize|p2b: Houndstone|Ghost\n|-terastallize|p1a: Flutter Mane|Fairy\n|move|p2b: Houndstone|Last Respects|p1a: Flutter Mane\n|-damage|p1a: Flutter Mane|0 fnt\n|faint|p1a: Flutter Mane\n|-end|p1a: Flutter Mane|Protosynthesis|[silent]\n|move|p2a: Murkrow|Foul Play|p1b: Iron Hands\n|-resisted|p1b: Iron Hands\n|-damage|p1b: Iron Hands|26\/100 brn\n|move|p1b: Iron Hands|Wild Charge|p2b: Houndstone\n|-damage|p2b: Houndstone|61\/100\n|-damage|p1b: Iron Hands|19\/100 brn|[from] Recoil\n|\n|-weather|none\n|-damage|p1b: Iron Hands|13\/100 brn|[from] brn\n|-fieldend|move: Electric Terrain\n|-end|p1b: Iron Hands|Quark Drive\n|upkeep\n|\n|t:|1683750340\n|switch|p1a: Iron Moth|Iron Moth, L50|95\/100\n|turn|6\n|\n|t:|1683750348\n|move|p2b: Houndstone|Last Respects|p1a: Iron Moth\n|-damage|p1a: Iron Moth|0 fnt\n|faint|p1a: Iron Moth\n|-end|p1a: Iron Moth|Quark Drive|[silent]\n|move|p2a: Murkrow|Foul Play|p1b: Iron Hands\n|-resisted|p1b: Iron Hands\n|-damage|p1b: Iron Hands|0 fnt\n|faint|p1b: Iron Hands\n|-end|p1b: Iron Hands|Quark Drive|[silent]\n|\n|win|Currymanpuff\n|raw|Sangyforever's rating: 1312 → 1287<\/strong> (-25 for losing)\n|raw|Currymanpuff's rating: 1214 → 1246<\/strong> (+32 for winning)\n","uploadtime":1683750355,"views":8,"p1id":"sangyforever","p2id":"currymanpuff","formatid":"gen9vgc2023regulationc","rating":1246,"private":0,"password":""}