{"id":"gen9vgc2023regulationc-1855026290","p1":"lHigure","p2":"VGCTrainerisback","format":"[Gen 9] VGC 2023 Regulation C","log":"|j|\u2606lHigure\n|j|\u2606VGCTrainerisback\n|t:|1682892426\n|gametype|doubles\n|player|p1|lHigure|169|1607\n|player|p2|VGCTrainerisback|101|1728\n|teamsize|p1|6\n|teamsize|p2|6\n|gen|9\n|tier|[Gen 9] VGC 2023 Regulation C\n|rated|\n|rule|Species Clause: Limit one of each Pok\u00e9mon\n|rule|Item Clause: Limit one of each item\n|clearpoke\n|poke|p1|Orthworm, L50, M|\n|poke|p1|Dragonite, L50, M|\n|poke|p1|Ting-Lu, L50|\n|poke|p1|Gyarados, L50, M|\n|poke|p1|Amoonguss, L50, F|\n|poke|p1|Iron Hands, L50|\n|poke|p2|Palafin, L50, F|\n|poke|p2|Amoonguss, L50, F|\n|poke|p2|Flutter Mane, L50|\n|poke|p2|Gothitelle, L50, F|\n|poke|p2|Iron Hands, L50|\n|poke|p2|Chien-Pao, L50|\n|teampreview|4\n|j| McKenzie brunch\nlHigure has agreed to open team sheets.\n|inactive|Battle timer is ON: inactive players will automatically lose when time's up. (requested by VGCTrainerisback)\n|\n|t:|1682892472\n|start\n|switch|p1a: JIM|Orthworm, L50, M|100\/100\n|switch|p1b: InsertTears\u2193|Ting-Lu, L50|100\/100\n|switch|p2a: Flutter Mane|Flutter Mane, L50|100\/100\n|switch|p2b: Palafin|Palafin, L50, F|100\/100\n|-ability|p1b: InsertTears\u2193|Vessel of Ruin\n|turn|1\n|\n|t:|1682892486\n|-terastallize|p2b: Palafin|Water\n|move|p2a: Flutter Mane|Moonblast|p1b: InsertTears\u2193\n|-supereffective|p1b: InsertTears\u2193\n|-damage|p1b: InsertTears\u2193|23\/100\n|-unboost|p1b: InsertTears\u2193|spa|1\n|-damage|p2a: Flutter Mane|91\/100|[from] item: Life Orb\n|move|p2b: Palafin|Wave Crash|p1b: InsertTears\u2193\n|-supereffective|p1b: InsertTears\u2193\n|-damage|p1b: InsertTears\u2193|0 fnt\n|faint|p1b: InsertTears\u2193\n|-damage|p2b: Palafin|92\/100|[from] Recoil\n|move|p1a: JIM|Heavy Slam|p2a: Flutter Mane\n|-supereffective|p2a: Flutter Mane\n|-damage|p2a: Flutter Mane|0 fnt\n|faint|p2a: Flutter Mane\n|-end|p2a: Flutter Mane|Protosynthesis|[silent]\n|\n|upkeep\n|\n|t:|1682892497\n|switch|p2a: Iron Hands|Iron Hands, L50|100\/100\n|switch|p1b: Mr Smith Hans|Iron Hands, L50|100\/100\n|turn|2\n|\n|t:|1682892504\n|detailschange|p2b: Palafin|Palafin-Hero, L50, F, tera:Water\n|switch|p2b: Chien-Pao|Chien-Pao, L50|100\/100\n|-ability|p2b: Chien-Pao|Sword of Ruin\n|move|p1b: Mr Smith Hans|Fake Out|p2b: Chien-Pao\n|-damage|p2b: Chien-Pao|77\/100\n|move|p1a: JIM|Shed Tail|p1a: JIM\n|-start|p1a: JIM|Substitute|[from] move: Shed Tail\n|-damage|p1a: JIM|50\/100\n|-enditem|p1a: JIM|Sitrus Berry|[eat]\n|-heal|p1a: JIM|75\/100|[from] item: Sitrus Berry\n|\n|t:|1682892507\n|switch|p1a: 33|Dragonite, L50, M|100\/100|[from] Shed Tail\n|move|p2a: Iron Hands|Swords Dance|p2a: Iron Hands\n|-boost|p2a: Iron Hands|atk|2\n|\n|upkeep\n|turn|3\n|\n|t:|1682892525\n|move|p2b: Chien-Pao|Protect|p2b: Chien-Pao\n|-singleturn|p2b: Chien-Pao|Protect\n|move|p1a: 33|Dragon Dance|p1a: 33\n|-boost|p1a: 33|atk|1\n|-boost|p1a: 33|spe|1\n|move|p2a: Iron Hands|Drain Punch|p1b: Mr Smith Hans\n|-damage|p1b: Mr Smith Hans|18\/100\n|move|p1b: Mr Smith Hans|Drain Punch|p2b: Chien-Pao\n|-activate|p2b: Chien-Pao|move: Protect\n|\n|upkeep\n|turn|4\n|\n|t:|1682892543\n|-end|p1b: Mr Smith Hans|Quark Drive|[silent]\n|switch|p1b: JIM|Orthworm, L50, M|75\/100\n|move|p1a: 33|Earthquake|p2b: Chien-Pao|[spread] p2a,p2b\n|-heal|p1b: JIM|100\/100|[from] ability: Earth Eater|[of] p1a: 33\n|-supereffective|p2a: Iron Hands\n|-damage|p2a: Iron Hands|30\/100\n|-damage|p2b: Chien-Pao|20\/100\n|move|p2b: Chien-Pao|Ice Spinner|p1a: 33\n|-supereffective|p1a: 33\n|-end|p1a: 33|Substitute\n|move|p2a: Iron Hands|Drain Punch|p1b: JIM\n|-supereffective|p1b: JIM\n|-damage|p1b: JIM|0 fnt\n|-heal|p2a: Iron Hands|64\/100|[from] drain|[of] p1b: JIM\n|faint|p1b: JIM\n|\n|upkeep\n|\n|t:|1682892557\n|switch|p1b: Mr Smith Hans|Iron Hands, L50|18\/100\n|turn|5\n|\n|t:|1682892581\n|-terastallize|p1a: 33|Flying\n|move|p2a: Iron Hands|Protect|p2a: Iron Hands\n|-singleturn|p2a: Iron Hands|Protect\n|move|p1b: Mr Smith Hans|Fake Out|p2a: Iron Hands\n|-activate|p2a: Iron Hands|move: Protect\n|move|p1a: 33|Tera Blast|p2a: Iron Hands\n|-activate|p2a: Iron Hands|move: Protect\n|move|p2b: Chien-Pao|Ice Spinner|p1a: 33\n|-supereffective|p1a: 33\n|-damage|p1a: 33|41\/100\n|\n|upkeep\n|turn|6\n|inactive|lHigure has 30 seconds left.\n|inactive|lHigure has 20 seconds left.\n|\n|t:|1682892617\n|move|p1a: 33|Extreme Speed|p2b: Chien-Pao\n|-damage|p2b: Chien-Pao|0 fnt\n|faint|p2b: Chien-Pao\n|move|p2a: Iron Hands|Wild Charge|p1a: 33\n|-supereffective|p1a: 33\n|-damage|p1a: 33|0 fnt\n|faint|p1a: 33\n|-damage|p2a: Iron Hands|58\/100|[from] Recoil\n|move|p1b: Mr Smith Hans|Bulldoze|p2a: Iron Hands\n|-supereffective|p2a: Iron Hands\n|-damage|p2a: Iron Hands|26\/100\n|-unboost|p2a: Iron Hands|spe|1\n|\n|upkeep\n|\n|t:|1682892619\n|switch|p2b: Palafin|Palafin-Hero, L50, F, tera:Water|92\/100\n|-activate|p2b: Palafin|ability: Zero to Hero\n|turn|7\n|-message|lHigure forfeited.\n|\n|win|VGCTrainerisback\n|raw|lHigure's rating: 1607 → 1594<\/strong> (-13 for losing)\n|raw|VGCTrainerisback's rating: 1728 → 1741<\/strong> (+13 for winning)\n|l|\u2606lHigure\n","uploadtime":1682892637,"views":10,"p1id":"lhigure","p2id":"vgctrainerisback","formatid":"gen9vgc2023regulationc","rating":1594,"private":0,"password":""}