{"id":"gen9vgc2023regulationc-1854499058","p1":"Disobedient_vgc","p2":"SteXe36","format":"[Gen 9] VGC 2023 Regulation C","log":"|j|\u2606Disobedient_vgc\n|j|\u2606SteXe36\n|t:|1682818830\n|gametype|doubles\n|player|p1|Disobedient_vgc|palmer|1203\n|player|p2|SteXe36|ethan|1236\n|teamsize|p1|6\n|teamsize|p2|6\n|gen|9\n|tier|[Gen 9] VGC 2023 Regulation C\n|rated|\n|rule|Species Clause: Limit one of each Pok\u00e9mon\n|rule|Item Clause: Limit one of each item\n|clearpoke\n|poke|p1|Ting-Lu, L50|\n|poke|p1|Abomasnow, L50, M|\n|poke|p1|Flutter Mane, L50|\n|poke|p1|Iron Hands, L50|\n|poke|p1|Bronzong, L50|\n|poke|p1|Arcanine, L50, F|\n|poke|p2|Stonjourner, L50, M|\n|poke|p2|Hatterene, L50, F|\n|poke|p2|Ceruledge, L50, M|\n|poke|p2|Maushold-Four, L50|\n|poke|p2|Kingambit, L50, M|\n|poke|p2|Iron Hands, L50|\n|teampreview|4\n|inactive|Battle timer is ON: inactive players will automatically lose when time's up. (requested by SteXe36)\n|inactive|SteXe36 has 60 seconds left.\n|inactive|SteXe36 has 30 seconds left.\n|\n|t:|1682818896\n|start\n|switch|p1a: Ting-Lu|Ting-Lu, L50|100\/100\n|switch|p1b: Bronzong|Bronzong, L50, shiny|100\/100\n|switch|p2a: Ceruledge|Ceruledge, L50, M|100\/100\n|switch|p2b: Maushold|Maushold-Four, L50|100\/100\n|-ability|p1a: Ting-Lu|Vessel of Ruin\n|turn|1\n|inactive|SteXe36 has 30 seconds left.\n|\n|t:|1682818930\n|-terastallize|p1a: Ting-Lu|Ground\n|move|p2a: Ceruledge|Protect|p2a: Ceruledge\n|-singleturn|p2a: Ceruledge|Protect\n|move|p2b: Maushold|Population Bomb|p1a: Ting-Lu\n|-damage|p1a: Ting-Lu|96\/100\n|-damage|p1a: Ting-Lu|91\/100\n|-crit|p1a: Ting-Lu\n|-damage|p1a: Ting-Lu|84\/100\n|-damage|p1a: Ting-Lu|79\/100\n|-hitcount|p1a: Ting-Lu|4\n|move|p1a: Ting-Lu|Earthquake|p2b: Maushold|[spread] p2b\n|-activate|p2a: Ceruledge|move: Protect\n|-immune|p1b: Bronzong|[from] ability: Levitate\n|-damage|p2b: Maushold|0 fnt\n|faint|p2b: Maushold\n|move|p1b: Bronzong|Trick Room|p1b: Bronzong\n|-fieldstart|move: Trick Room|[of] p1b: Bronzong\n|\n|upkeep\n|inactive|SteXe36 has 30 seconds left.\n|\n|t:|1682818955\n|switch|p2b: Kingambit|Kingambit, L50, M|100\/100\n|turn|2\n|inactive|SteXe36 has 30 seconds left.\n|inactive|SteXe36 has 20 seconds left.\n|inactive|SteXe36 has 15 seconds left.\n|\n|t:|1682818998\n|-terastallize|p2a: Ceruledge|Grass\n|move|p2b: Kingambit|Sucker Punch|p1a: Ting-Lu\n|-damage|p1a: Ting-Lu|56\/100\n|move|p1b: Bronzong|Safeguard|p1b: Bronzong\n|-sidestart|p1: Disobedient_vgc|Safeguard\n|move|p1a: Ting-Lu|Earthquake|p2a: Ceruledge|[spread] p2a,p2b\n|-immune|p1b: Bronzong|[from] ability: Levitate\n|-resisted|p2a: Ceruledge\n|-supereffective|p2b: Kingambit\n|-damage|p2a: Ceruledge|49\/100\n|-damage|p2b: Kingambit|0 fnt\n|faint|p2b: Kingambit\n|move|p2a: Ceruledge|Bitter Blade|p1b: Bronzong\n|-supereffective|p1b: Bronzong\n|-damage|p1b: Bronzong|20\/100\n|-heal|p2a: Ceruledge|96\/100|[from] drain|[of] p1b: Bronzong\n|\n|upkeep\n|\n|t:|1682819017\n|switch|p2b: Iron Hands|Iron Hands, L50|100\/100\n|turn|3\n|\n|t:|1682819025\n|move|p1b: Bronzong|Protect|p1b: Bronzong\n|-singleturn|p1b: Bronzong|Protect\n|move|p2b: Iron Hands|Fake Out|p1a: Ting-Lu\n|-damage|p1a: Ting-Lu|45\/100\n|cant|p1a: Ting-Lu|flinch\n|move|p2a: Ceruledge|Bulk Up|p2a: Ceruledge\n|-boost|p2a: Ceruledge|atk|1\n|-boost|p2a: Ceruledge|def|1\n|\n|upkeep\n|turn|4\n|\n|t:|1682819046\n|switch|p1b: Flutter Mane|Flutter Mane, L50, shiny|100\/100\n|move|p1a: Ting-Lu|Earthquake|p2a: Ceruledge|[spread] p1b,p2a,p2b\n|-resisted|p2a: Ceruledge\n|-supereffective|p2b: Iron Hands\n|-damage|p1b: Flutter Mane|0 fnt\n|-damage|p2a: Ceruledge|62\/100\n|-damage|p2b: Iron Hands|1\/100\n|faint|p1b: Flutter Mane\n|-end|p1b: Flutter Mane|Protosynthesis|[silent]\n|move|p2b: Iron Hands|Drain Punch|p1a: Ting-Lu\n|-damage|p1a: Ting-Lu|19\/100\n|-heal|p2b: Iron Hands|14\/100|[from] drain|[of] p1a: Ting-Lu\n|move|p2a: Ceruledge|Bitter Blade|p1a: Ting-Lu\n|-damage|p1a: Ting-Lu|0 fnt\n|-heal|p2a: Ceruledge|77\/100|[from] drain|[of] p1a: Ting-Lu\n|faint|p1a: Ting-Lu\n|\n|upkeep\n|\n|t:|1682819064\n|switch|p1a: Bronzong|Bronzong, L50, shiny|20\/100\n|switch|p1b: Abomasnow|Abomasnow, L50, M, shiny|100\/100\n|-weather|Snow|[from] ability: Snow Warning|[of] p1b: Abomasnow\n|turn|5\n|\n|t:|1682819085\n|move|p2a: Ceruledge|Shadow Sneak|p1a: Bronzong\n|-supereffective|p1a: Bronzong\n|-damage|p1a: Bronzong|0 fnt\n|faint|p1a: Bronzong\n|move|p2b: Iron Hands|Drain Punch|p1b: Abomasnow\n|-supereffective|p1b: Abomasnow\n|-damage|p1b: Abomasnow|30\/100\n|-heal|p2b: Iron Hands|41\/100|[from] drain|[of] p1b: Abomasnow\n|-enditem|p1b: Abomasnow|Weakness Policy\n|-boost|p1b: Abomasnow|atk|2|[from] item: Weakness Policy\n|-boost|p1b: Abomasnow|spa|2|[from] item: Weakness Policy\n|move|p1b: Abomasnow|Blizzard|p2a: Ceruledge|[spread] p2a,p2b\n|-supereffective|p2a: Ceruledge\n|-damage|p2a: Ceruledge|0 fnt\n|-damage|p2b: Iron Hands|0 fnt\n|faint|p2a: Ceruledge\n|faint|p2b: Iron Hands\n|-end|p2b: Iron Hands|Quark Drive|[silent]\n|\n|win|Disobedient_vgc\n|raw|Disobedient_vgc's rating: 1203 → 1230<\/strong> (+27 for winning)\n|raw|SteXe36's rating: 1236 → 1209<\/strong> (-27 for losing)\n|l|\u2606SteXe36\n","uploadtime":1682820078,"views":19,"p1id":"disobedientvgc","p2id":"stexe36","formatid":"gen9vgc2023regulationc","rating":1209,"private":0,"password":""}