{"id":"gen9vgc2023regulationc-1862401556","p1":"SM0KESgirl","p2":"AllTheBilgamesh","format":"[Gen 9] VGC 2023 Regulation C","log":"|j|\u2606SM0KESgirl\n|j|\u2606AllTheBilgamesh\n|t:|1683880026\n|gametype|doubles\n|player|p1|SM0KESgirl|rosa|1306\n|player|p2|AllTheBilgamesh|n|1349\n|teamsize|p1|6\n|teamsize|p2|6\n|gen|9\n|tier|[Gen 9] VGC 2023 Regulation C\n|rated|\n|rule|Species Clause: Limit one of each Pok\u00e9mon\n|rule|Item Clause: Limit one of each item\n|clearpoke\n|poke|p1|Gholdengo, L50|\n|poke|p1|Murkrow, L50, F|\n|poke|p1|Baxcalibur, L50, M|\n|poke|p1|Annihilape, L50, F|\n|poke|p1|Flutter Mane, L50|\n|poke|p1|Amoonguss, L50, F|\n|poke|p2|Murkrow, L50, F|\n|poke|p2|Amoonguss, L50, F|\n|poke|p2|Flutter Mane, L50|\n|poke|p2|Iron Bundle, L50|\n|poke|p2|Great Tusk, L50|\n|poke|p2|Chi-Yu, L50|\n|teampreview|4\n|inactive|Battle timer is ON: inactive players will automatically lose when time's up. (requested by AllTheBilgamesh)\n|\n|t:|1683880066\n|start\n|switch|p1a: Murkrow|Murkrow, L50, F|100\/100\n|switch|p1b: Baxcalibur|Baxcalibur, L50, M|100\/100\n|switch|p2a: Murkrow|Murkrow, L50, F|100\/100\n|switch|p2b: Great Tusk|Great Tusk, L50|100\/100\n|turn|1\n|inactive|SM0KESgirl has 30 seconds left.\n|\n|t:|1683880092\n|move|p2a: Murkrow|Tailwind|p2a: Murkrow\n|-sidestart|p2: AllTheBilgamesh|move: Tailwind\n|move|p1a: Murkrow|Tailwind|p1a: Murkrow\n|-sidestart|p1: SM0KESgirl|move: Tailwind\n|move|p2b: Great Tusk|Close Combat|p1b: Baxcalibur\n|-supereffective|p1b: Baxcalibur\n|-damage|p1b: Baxcalibur|0 fnt\n|-unboost|p2b: Great Tusk|def|1\n|-unboost|p2b: Great Tusk|spd|1\n|faint|p1b: Baxcalibur\n|\n|upkeep\n|\n|t:|1683880105\n|switch|p1b: Gholdengo|Gholdengo, L50|100\/100\n|turn|2\n|\n|t:|1683880118\n|-terastallize|p1b: Gholdengo|Water\n|move|p1a: Murkrow|Thunder Wave|p2b: Great Tusk\n|-immune|p2b: Great Tusk\n|move|p2a: Murkrow|Sunny Day|p2a: Murkrow\n|-weather|SunnyDay\n|-activate|p2b: Great Tusk|ability: Protosynthesis\n|-start|p2b: Great Tusk|protosynthesisatk\n|move|p2b: Great Tusk|Close Combat|p1a: Murkrow\n|-damage|p1a: Murkrow|18\/100\n|-unboost|p2b: Great Tusk|def|1\n|-unboost|p2b: Great Tusk|spd|1\n|move|p1b: Gholdengo|Make It Rain|p2a: Murkrow|[spread] p2a,p2b\n|-damage|p2a: Murkrow|25\/100\n|-damage|p2b: Great Tusk|0 fnt\n|-unboost|p1b: Gholdengo|spa|1\n|faint|p2b: Great Tusk\n|-end|p2b: Great Tusk|Protosynthesis|[silent]\n|\n|-weather|SunnyDay|[upkeep]\n|upkeep\n|\n|t:|1683880140\n|switch|p2b: Flutter Mane|Flutter Mane, L50|100\/100\n|-activate|p2b: Flutter Mane|ability: Protosynthesis\n|-start|p2b: Flutter Mane|protosynthesisspa\n|turn|3\n|\n|t:|1683880149\n|switch|p2a: Chi-Yu|Chi-Yu, L50|100\/100\n|-ability|p2a: Chi-Yu|Beads of Ruin\n|-terastallize|p2b: Flutter Mane|Fairy\n|move|p1a: Murkrow|Haze|p1a: Murkrow\n|-clearallboost\n|move|p2b: Flutter Mane|Dazzling Gleam|p1a: Murkrow|[spread] p1a,p1b\n|-supereffective|p1a: Murkrow\n|-damage|p1a: Murkrow|0 fnt\n|-damage|p1b: Gholdengo|1\/100\n|faint|p1a: Murkrow\n|move|p1b: Gholdengo|Make It Rain|p2b: Flutter Mane|[spread] p2a,p2b\n|-resisted|p2a: Chi-Yu\n|-supereffective|p2b: Flutter Mane\n|-damage|p2a: Chi-Yu|57\/100\n|-damage|p2b: Flutter Mane|0 fnt\n|-unboost|p1b: Gholdengo|spa|1\n|faint|p2b: Flutter Mane\n|-end|p2b: Flutter Mane|Protosynthesis|[silent]\n|\n|-weather|SunnyDay|[upkeep]\n|upkeep\n|\n|t:|1683880171\n|switch|p2b: Murkrow|Murkrow, L50, F|25\/100\n|switch|p1a: Annihilape|Annihilape, L50, F|100\/100\n|turn|4\n|inactive|AllTheBilgamesh has 30 seconds left.\n|\n|t:|1683880200\n|move|p2a: Chi-Yu|Protect|p2a: Chi-Yu\n|-singleturn|p2a: Chi-Yu|Protect\n|move|p2b: Murkrow|Foul Play|p1b: Gholdengo\n|-damage|p1b: Gholdengo|0 fnt\n|faint|p1b: Gholdengo\n|move|p1a: Annihilape|Bulk Up|p1a: Annihilape\n|-boost|p1a: Annihilape|atk|1\n|-boost|p1a: Annihilape|def|1\n|\n|-weather|SunnyDay|[upkeep]\n|-sideend|p1: SM0KESgirl|move: Tailwind\n|-sideend|p2: AllTheBilgamesh|move: Tailwind\n|upkeep\n|turn|5\n|inactive|SM0KESgirl has 30 seconds left.\n|\n|t:|1683880225\n|move|p2a: Chi-Yu|Heat Wave|p1a: Annihilape\n|-damage|p1a: Annihilape|20\/100\n|-damage|p2a: Chi-Yu|47\/100|[from] item: Life Orb\n|move|p2b: Murkrow|Foul Play|p1a: Annihilape\n|-damage|p1a: Annihilape|0 fnt\n|faint|p1a: Annihilape\n|\n|win|AllTheBilgamesh\n|raw|SM0KESgirl's rating: 1306 → 1288<\/strong> (-18 for losing)\n|raw|AllTheBilgamesh's rating: 1349 → 1367<\/strong> (+18 for winning)\n|c|\u2606AllTheBilgamesh|Gg\n","uploadtime":1683880237,"views":10,"p1id":"sm0kesgirl","p2id":"allthebilgamesh","formatid":"gen9vgc2023regulationc","rating":1288,"private":0,"password":""}