{"id":"gen9vgc2023regulationc-1848826714","p1":"ErebusZX","p2":"Dioxide8","format":"[Gen 9] VGC 2023 Regulation C","log":"|j|\u2606ErebusZX\n|j|\u2606Dioxide8\n|t:|1682114638\n|gametype|doubles\n|player|p1|ErebusZX|101|1591\n|player|p2|Dioxide8|youngster-gen4dp|1709\n|teamsize|p1|6\n|teamsize|p2|6\n|gen|9\n|tier|[Gen 9] VGC 2023 Regulation C\n|rated|\n|rule|Species Clause: Limit one of each Pok\u00e9mon\n|rule|Item Clause: Limit one of each item\n|clearpoke\n|poke|p1|Annihilape, L50, M|\n|poke|p1|Grimmsnarl, L50, M|\n|poke|p1|Chien-Pao, L50|\n|poke|p1|Chi-Yu, L50|\n|poke|p1|Baxcalibur, L50, F|\n|poke|p1|Rotom-Wash, L50|\n|poke|p2|Dragonite, L50, M|\n|poke|p2|Chien-Pao, L50|\n|poke|p2|Chi-Yu, L50|\n|poke|p2|Iron Hands, L50|\n|poke|p2|Flutter Mane, L50|\n|poke|p2|Scizor, L50, M|\n|teampreview|4\n|inactive|Battle timer is ON: inactive players will automatically lose when time's up. (requested by Dioxide8)\n|inactive|ErebusZX has 60 seconds left.\n|inactive|Dioxide8 has 60 seconds left.\n|\n|t:|1682114675\n|start\n|switch|p1a: Annihilape|Annihilape, L50, M|100\/100\n|switch|p1b: Rotom|Rotom-Wash, L50|100\/100\n|switch|p2a: Scizor|Scizor, L50, M, shiny|100\/100\n|switch|p2b: Dragonite|Dragonite, L50, M, shiny|100\/100\n|turn|1\n|inactive|Dioxide8 has 30 seconds left.\n|\n|t:|1682114701\n|-terastallize|p2b: Dragonite|Normal\n|move|p2b: Dragonite|Extreme Speed|p1b: Rotom\n|-damage|p1b: Rotom|40\/100\n|-enditem|p1b: Rotom|Sitrus Berry|[eat]\n|-heal|p1b: Rotom|65\/100|[from] item: Sitrus Berry\n|move|p2a: Scizor|Bullet Punch|p1a: Annihilape\n|-damage|p1a: Annihilape|70\/100\n|move|p1a: Annihilape|Bulk Up|p1a: Annihilape\n|-boost|p1a: Annihilape|atk|1\n|-boost|p1a: Annihilape|def|1\n|move|p1b: Rotom|Will-O-Wisp|p2b: Dragonite\n|-status|p2b: Dragonite|brn\n|\n|-heal|p1a: Annihilape|76\/100|[from] item: Leftovers\n|-damage|p2b: Dragonite|95\/100 brn|[from] brn\n|upkeep\n|turn|2\n|\n|t:|1682114723\n|move|p2b: Dragonite|Extreme Speed|p1b: Rotom\n|-crit|p1b: Rotom\n|-damage|p1b: Rotom|15\/100\n|move|p2a: Scizor|Bullet Punch|p1a: Annihilape\n|-damage|p1a: Annihilape|53\/100\n|move|p1a: Annihilape|Bulk Up|p1a: Annihilape\n|-boost|p1a: Annihilape|atk|1\n|-boost|p1a: Annihilape|def|1\n|move|p1b: Rotom|Will-O-Wisp|p2a: Scizor|[miss]\n|-miss|p1b: Rotom|p2a: Scizor\n|\n|-heal|p1a: Annihilape|59\/100|[from] item: Leftovers\n|-damage|p2b: Dragonite|89\/100 brn|[from] brn\n|upkeep\n|turn|3\n|j| Mewapoptosis\n|\n|t:|1682114749\n|switch|p2b: Flutter Mane|Flutter Mane, L50, shiny|100\/100\n|move|p2a: Scizor|Feint|p1b: Rotom\n|-damage|p1b: Rotom|0 fnt\n|faint|p1b: Rotom\n|move|p1a: Annihilape|Drain Punch|p2b: Flutter Mane\n|-immune|p2b: Flutter Mane\n|\n|-heal|p1a: Annihilape|65\/100|[from] item: Leftovers\n|upkeep\n|\n|t:|1682114757\n|switch|p1b: Chi-Yu|Chi-Yu, L50|100\/100\n|-ability|p1b: Chi-Yu|Beads of Ruin\n|turn|4\n|\n|t:|1682114769\n|-terastallize|p1a: Annihilape|Fire\n|move|p1b: Chi-Yu|Heat Wave|p2a: Scizor|[spread] p2a\n|-miss|p1b: Chi-Yu|p2b: Flutter Mane\n|-supereffective|p2a: Scizor\n|-damage|p2a: Scizor|0 fnt\n|faint|p2a: Scizor\n|move|p2b: Flutter Mane|Shadow Ball|p1a: Annihilape\n|-damage|p1a: Annihilape|11\/100\n|move|p1a: Annihilape|Rage Fist|p2b: Flutter Mane\n|-supereffective|p2b: Flutter Mane\n|-damage|p2b: Flutter Mane|0 fnt\n|faint|p2b: Flutter Mane\n|-end|p2b: Flutter Mane|Protosynthesis|[silent]\n|\n|-heal|p1a: Annihilape|17\/100|[from] item: Leftovers\n|upkeep\n|\n|t:|1682114784\n|switch|p2b: Dragonite|Dragonite, L50, M, shiny, tera:Normal|89\/100 brn\n|switch|p2a: Chien-Pao|Chien-Pao, L50|100\/100\n|-ability|p2a: Chien-Pao|Sword of Ruin\n|turn|5\n|\n|t:|1682114795\n|move|p1a: Annihilape|Protect|p1a: Annihilape\n|-singleturn|p1a: Annihilape|Protect\n|move|p2b: Dragonite|Extreme Speed|p1a: Annihilape\n|-activate|p1a: Annihilape|move: Protect\n|move|p1b: Chi-Yu|Heat Wave|p2b: Dragonite|[spread] p2a,p2b\n|-supereffective|p2a: Chien-Pao\n|-enditem|p2a: Chien-Pao|Focus Sash\n|-damage|p2a: Chien-Pao|1\/100\n|-damage|p2b: Dragonite|36\/100 brn\n|move|p2a: Chien-Pao|Sacred Sword|p1b: Chi-Yu\n|-supereffective|p1b: Chi-Yu\n|-damage|p1b: Chi-Yu|0 fnt\n|faint|p1b: Chi-Yu\n|\n|-heal|p1a: Annihilape|23\/100|[from] item: Leftovers\n|-damage|p2b: Dragonite|30\/100 brn|[from] brn\n|upkeep\n|\n|t:|1682114808\n|switch|p1b: Chien-Pao|Chien-Pao, L50|100\/100\n|-ability|p1b: Chien-Pao|Sword of Ruin\n|turn|6\n|inactive|Dioxide8 has 30 seconds left.\n|inactive|Dioxide8 has 20 seconds left.\n|\n|t:|1682114843\n|move|p2b: Dragonite|Extreme Speed|p1a: Annihilape\n|-damage|p1a: Annihilape|0 fnt\n|faint|p1a: Annihilape\n|move|p1b: Chien-Pao|Sacred Sword|p2a: Chien-Pao\n|-supereffective|p2a: Chien-Pao\n|-damage|p2a: Chien-Pao|0 fnt\n|faint|p2a: Chien-Pao\n|\n|-damage|p2b: Dragonite|25\/100 brn|[from] brn\n|upkeep\n|turn|7\n|\n|t:|1682114852\n|move|p2b: Dragonite|Extreme Speed|p1b: Chien-Pao\n|-damage|p1b: Chien-Pao|54\/100\n|move|p1b: Chien-Pao|Sacred Sword|p2b: Dragonite\n|-supereffective|p2b: Dragonite\n|-damage|p2b: Dragonite|0 fnt\n|faint|p2b: Dragonite\n|\n|win|ErebusZX\n|raw|ErebusZX's rating: 1591 → 1618<\/strong> (+27 for winning)\n|raw|Dioxide8's rating: 1709 → 1682<\/strong> (-27 for losing)\n|l|\u2606Dioxide8\n","uploadtime":1682114866,"views":7,"p1id":"erebuszx","p2id":"dioxide8","formatid":"gen9vgc2023regulationc","rating":1618,"private":0,"password":""}