{"id":"gen9vgc2023regulationc-1849811212","p1":"JiangTang","p2":"MiLaika","format":"[Gen 9] VGC 2023 Regulation C","log":"|j|\u2606JiangTang\n|j|\u2606MiLaika\n|t:|1682255346\n|gametype|doubles\n|player|p1|JiangTang|red|1119\n|player|p2|MiLaika|dancer|1052\n|teamsize|p1|6\n|teamsize|p2|6\n|gen|9\n|tier|[Gen 9] VGC 2023 Regulation C\n|rated|\n|rule|Species Clause: Limit one of each Pok\u00e9mon\n|rule|Item Clause: Limit one of each item\n|clearpoke\n|poke|p1|Lycanroc-Dusk, L50, M|\n|poke|p1|Chien-Pao, L50|\n|poke|p1|Grafaiai, L50, M|\n|poke|p1|Chi-Yu, L50|\n|poke|p1|Flutter Mane, L50|\n|poke|p1|Iron Bundle, L50|\n|poke|p2|Haxorus, L50, F|\n|poke|p2|Murkrow, L50, F|\n|poke|p2|Palafin, L50, M|\n|poke|p2|Kingambit, L50, M|\n|poke|p2|Gardevoir, L50, F|\n|poke|p2|Amoonguss, L50, F|\n|teampreview|4\n|inactive|Battle timer is ON: inactive players will automatically lose when time's up. (requested by MiLaika)\n|inactive|MiLaika has 60 seconds left.\n|\n|t:|1682255400\n|start\n|switch|p1a: Iron Bundle|Iron Bundle, L50, shiny|100\/100\n|switch|p1b: Flutter Mane|Flutter Mane, L50|100\/100\n|switch|p2a: Murkrow|Murkrow, L50, F|100\/100\n|switch|p2b: Haxorus|Haxorus, L50, F, shiny|100\/100\n|-ability|p2b: Haxorus|Mold Breaker\n|-enditem|p1a: Iron Bundle|Booster Energy\n|-activate|p1a: Iron Bundle|ability: Quark Drive|[fromitem]\n|-start|p1a: Iron Bundle|quarkdrivespe\n|turn|1\n|inactive|JiangTang has 30 seconds left.\n|\n|t:|1682255434\n|switch|p2b: Amoonguss|Amoonguss, L50, F|100\/100\n|-terastallize|p1b: Flutter Mane|Fairy\n|move|p2a: Murkrow|Tailwind|p2a: Murkrow\n|-sidestart|p2: MiLaika|move: Tailwind\n|move|p1a: Iron Bundle|Freeze-Dry|p2b: Amoonguss\n|-supereffective|p2b: Amoonguss\n|-damage|p2b: Amoonguss|62\/100\n|move|p1b: Flutter Mane|Dazzling Gleam|p2a: Murkrow|[spread] p2a,p2b\n|-supereffective|p2a: Murkrow\n|-resisted|p2b: Amoonguss\n|-damage|p2a: Murkrow|0 fnt\n|-damage|p2b: Amoonguss|41\/100\n|faint|p2a: Murkrow\n|\n|-heal|p2b: Amoonguss|47\/100|[from] item: Black Sludge\n|upkeep\n|\n|t:|1682255456\n|switch|p2a: Gardevoir|Gardevoir, L50, F|100\/100\n|turn|2\n|\n|t:|1682255472\n|-terastallize|p2a: Gardevoir|Fairy\n|move|p2a: Gardevoir|Dazzling Gleam|p1b: Flutter Mane|[spread] p1a,p1b\n|-damage|p1a: Iron Bundle|26\/100\n|-damage|p1b: Flutter Mane|33\/100\n|move|p1a: Iron Bundle|Electric Terrain|p1a: Iron Bundle\n|-fieldstart|move: Electric Terrain\n|move|p1b: Flutter Mane|Dazzling Gleam|p2b: Amoonguss|[spread] p2a,p2b\n|-resisted|p2b: Amoonguss\n|-damage|p2a: Gardevoir|35\/100\n|-damage|p2b: Amoonguss|24\/100\n|move|p2b: Amoonguss|Giga Drain|p1a: Iron Bundle\n|-supereffective|p1a: Iron Bundle\n|-damage|p1a: Iron Bundle|0 fnt\n|-heal|p2b: Amoonguss|33\/100|[from] drain|[of] p1a: Iron Bundle\n|faint|p1a: Iron Bundle\n|-end|p1a: Iron Bundle|Quark Drive|[silent]\n|\n|-heal|p2b: Amoonguss|39\/100|[from] item: Black Sludge\n|upkeep\n|\n|t:|1682255492\n|switch|p1a: Lycanroc|Lycanroc-Dusk, L50, M|100\/100\n|turn|3\n|\n|t:|1682255507\n|move|p1a: Lycanroc|Accelerock|p2a: Gardevoir\n|-damage|p2a: Gardevoir|0 fnt\n|faint|p2a: Gardevoir\n|-damage|p1a: Lycanroc|91\/100|[from] item: Life Orb\n|move|p1b: Flutter Mane|Dazzling Gleam|p2b: Amoonguss\n|-resisted|p2b: Amoonguss\n|-damage|p2b: Amoonguss|10\/100\n|move|p2b: Amoonguss|Giga Drain|p1a: Lycanroc\n|-supereffective|p1a: Lycanroc\n|-damage|p1a: Lycanroc|24\/100\n|-heal|p2b: Amoonguss|34\/100|[from] drain|[of] p1a: Lycanroc\n|\n|-heal|p2b: Amoonguss|40\/100|[from] item: Black Sludge\n|upkeep\n|\n|t:|1682255519\n|switch|p2a: Haxorus|Haxorus, L50, F, shiny|100\/100\n|-ability|p2a: Haxorus|Mold Breaker\n|turn|4\n|\n|t:|1682255535\n|move|p2a: Haxorus|First Impression|p1b: Flutter Mane\n|-resisted|p1b: Flutter Mane\n|-damage|p1b: Flutter Mane|0 fnt\n|faint|p1b: Flutter Mane\n|-end|p1b: Flutter Mane|Protosynthesis|[silent]\n|-damage|p2a: Haxorus|91\/100|[from] item: Life Orb\n|move|p1a: Lycanroc|Sucker Punch|p2b: Amoonguss\n|-damage|p2b: Amoonguss|0 fnt\n|faint|p2b: Amoonguss\n|-damage|p1a: Lycanroc|15\/100|[from] item: Life Orb\n|\n|-sideend|p2: MiLaika|move: Tailwind\n|upkeep\n|\n|t:|1682255556\n|switch|p1b: Chien-Pao|Chien-Pao, L50|100\/100\n|-ability|p1b: Chien-Pao|Sword of Ruin\n|turn|5\n|inactive|JiangTang has 30 seconds left.\n|inactive|JiangTang has 20 seconds left.\n|\n|t:|1682255594\n|move|p1b: Chien-Pao|Sucker Punch|p2a: Haxorus\n|-damage|p2a: Haxorus|32\/100\n|move|p1a: Lycanroc|Accelerock|p2a: Haxorus\n|-damage|p2a: Haxorus|0 fnt\n|faint|p2a: Haxorus\n|-damage|p1a: Lycanroc|5\/100|[from] item: Life Orb\n|\n|win|JiangTang\n|raw|JiangTang's rating: 1119 → 1139<\/strong> (+20 for winning)\n|raw|MiLaika's rating: 1052 → 1038<\/strong> (-14 for losing)\n","uploadtime":1682255608,"views":14,"p1id":"jiangtang","p2id":"milaika","formatid":"gen9vgc2023regulationc","rating":1038,"private":0,"password":""}