{"id":"gen9vgc2023regulationc-1846831694","p1":"AverageAvenger","p2":"Skoild","format":"[Gen 9] VGC 2023 Regulation C","log":"|j|\u2606AverageAvenger\n|j|\u2606Skoild\n|t:|1681887156\n|gametype|doubles\n|player|p1|AverageAvenger|volkner|1021\n|player|p2|Skoild|psychicf|1032\n|teamsize|p1|6\n|teamsize|p2|6\n|gen|9\n|tier|[Gen 9] VGC 2023 Regulation C\n|rated|\n|rule|Species Clause: Limit one of each Pok\u00e9mon\n|rule|Item Clause: Limit one of each item\n|clearpoke\n|poke|p1|Abomasnow, L50, F|\n|poke|p1|Iron Bundle, L50|\n|poke|p1|Farigiraf, L50, F|\n|poke|p1|Iron Hands, L50|\n|poke|p1|Dragonite, L50, M|\n|poke|p1|Amoonguss, L50, F|\n|poke|p2|Wo-Chien, L50|\n|poke|p2|Scream Tail, L50|\n|poke|p2|Arcanine, L50, M|\n|poke|p2|Garganacl, L50, F|\n|poke|p2|Indeedee-F, L50, F|\n|poke|p2|Great Tusk, L50|\n|teampreview|4\nAverageAvenger has agreed to open team sheets.\n|\n|t:|1681887217\n|start\n|switch|p1a: Dragonite|Dragonite, L50, M|100\/100\n|switch|p1b: Amoonguss|Amoonguss, L50, F|100\/100\n|switch|p2a: Indeedee|Indeedee-F, L50, F|100\/100\n|switch|p2b: Great Tusk|Great Tusk, L50|100\/100\n|-fieldstart|move: Psychic Terrain|[from] ability: Psychic Surge|[of] p2a: Indeedee\n|-enditem|p2a: Indeedee|Psychic Seed\n|-boost|p2a: Indeedee|spd|1|[from] item: Psychic Seed\n|turn|1\n|inactive|Battle timer is ON: inactive players will automatically lose when time's up. (requested by Skoild)\n|\n|t:|1681887270\n|-terastallize|p1a: Dragonite|Flying\n|move|p1b: Amoonguss|Rage Powder|p1b: Amoonguss\n|-singleturn|p1b: Amoonguss|move: Rage Powder\n|move|p2b: Great Tusk|Headlong Rush|p1b: Amoonguss\n|-damage|p1b: Amoonguss|43\/100\n|-unboost|p2b: Great Tusk|def|1\n|-unboost|p2b: Great Tusk|spd|1\n|-enditem|p1b: Amoonguss|Sitrus Berry|[eat]\n|-heal|p1b: Amoonguss|68\/100|[from] item: Sitrus Berry\n|move|p1a: Dragonite|Tera Blast|p2b: Great Tusk\n|-supereffective|p2b: Great Tusk\n|-enditem|p2b: Great Tusk|Focus Sash\n|-damage|p2b: Great Tusk|1\/100\n|move|p2a: Indeedee|Dazzling Gleam|p1a: Dragonite|[spread] p1a,p1b\n|-resisted|p1b: Amoonguss\n|-damage|p1a: Dragonite|96\/100\n|-damage|p1b: Amoonguss|62\/100\n|\n|upkeep\n|turn|2\n|inactive|AverageAvenger has 30 seconds left.\n|inactive|Skoild has 30 seconds left.\n|inactive|AverageAvenger has 20 seconds left.\n|inactive|AverageAvenger has 15 seconds left.\n|inactive|Skoild has 20 seconds left.\n|\n|t:|1681887313\n|move|p2a: Indeedee|Follow Me|p2a: Indeedee\n|-singleturn|p2a: Indeedee|move: Follow Me\n|move|p2b: Great Tusk|Headlong Rush|p1b: Amoonguss\n|-damage|p1b: Amoonguss|3\/100\n|-unboost|p2b: Great Tusk|def|1\n|-unboost|p2b: Great Tusk|spd|1\n|move|p1a: Dragonite|Dragon Claw|p2a: Indeedee\n|-damage|p2a: Indeedee|54\/100\n|move|p1b: Amoonguss|Spore|p2a: Indeedee\n|-status|p2a: Indeedee|slp|[from] move: Spore\n|\n|upkeep\n|turn|3\n|inactive|AverageAvenger has 30 seconds left.\n|inactive|AverageAvenger has 20 seconds left.\n|inactive|AverageAvenger has 15 seconds left.\n|inactive|AverageAvenger has 10 seconds left.\n|\n|t:|1681887363\n|move|p2b: Great Tusk|Protect|p2b: Great Tusk\n|-singleturn|p2b: Great Tusk|Protect\n|move|p1a: Dragonite|Tera Blast|p2b: Great Tusk\n|-activate|p2b: Great Tusk|move: Protect\n|cant|p2a: Indeedee|slp\n|move|p1b: Amoonguss|Pollen Puff|p1a: Dragonite\n|-heal|p1a: Dragonite|100\/100\n|\n|upkeep\n|turn|4\n|inactive|Skoild has 30 seconds left.\n|\n|t:|1681887389\n|cant|p2a: Indeedee|slp\n|move|p2b: Great Tusk|Rock Slide|p1b: Amoonguss|[spread] p1a,p1b\n|-supereffective|p1a: Dragonite\n|-damage|p1a: Dragonite|80\/100\n|-damage|p1b: Amoonguss|0 fnt\n|faint|p1b: Amoonguss\n|cant|p1a: Dragonite|flinch\n|\n|upkeep\n|inactive|AverageAvenger has 30 seconds left.\n|\n|t:|1681887417\n|switch|p1b: Iron Claus!!|Iron Bundle, L50|100\/100\n|-enditem|p1b: Iron Claus!!|Booster Energy\n|-activate|p1b: Iron Claus!!|ability: Quark Drive|[fromitem]\n|-start|p1b: Iron Claus!!|quarkdrivespe\n|turn|5\n|\n|t:|1681887427\n|move|p2b: Great Tusk|Protect|p2b: Great Tusk\n|-singleturn|p2b: Great Tusk|Protect\n|move|p1b: Iron Claus!!|Icy Wind|p2b: Great Tusk|[spread] p2a\n|-activate|p2b: Great Tusk|move: Protect\n|-damage|p2a: Indeedee|40\/100 slp\n|-unboost|p2a: Indeedee|spe|1\n|move|p1a: Dragonite|Tera Blast|p2a: Indeedee\n|-damage|p2a: Indeedee|0 fnt\n|faint|p2a: Indeedee\n|\n|-fieldend|move: Psychic Terrain\n|upkeep\n|\n|t:|1681887449\n|switch|p2a: Garganacl|Garganacl, L50, F, shiny|100\/100\n|turn|6\n|inactive|AverageAvenger has 30 seconds left.\n|\n|t:|1681887483\n|move|p2a: Garganacl|Wide Guard|p2a: Garganacl\n|-singleturn|p2a: Garganacl|Wide Guard\n|move|p1a: Dragonite|Extreme Speed|p2b: Great Tusk\n|-damage|p2b: Great Tusk|0 fnt\n|faint|p2b: Great Tusk\n|-end|p2b: Great Tusk|Protosynthesis|[silent]\n|move|p1b: Iron Claus!!|Hydro Pump|p2a: Garganacl\n|-supereffective|p2a: Garganacl\n|-damage|p2a: Garganacl|27\/100\n|\n|upkeep\n|\n|t:|1681887493\n|switch|p2b: Wo-Chien|Wo-Chien, L50|100\/100\n|-ability|p2b: Wo-Chien|Tablets of Ruin\n|turn|7\n|\n|t:|1681887508\n|-terastallize|p2b: Wo-Chien|Ghost\n|move|p1b: Iron Claus!!|Freeze-Dry|p2b: Wo-Chien\n|-damage|p2b: Wo-Chien|81\/100\n|move|p1a: Dragonite|Low Kick|p2a: Garganacl\n|-supereffective|p2a: Garganacl\n|-damage|p2a: Garganacl|0 fnt\n|faint|p2a: Garganacl\n|move|p2b: Wo-Chien|Leech Seed|p1a: Dragonite\n|-start|p1a: Dragonite|move: Leech Seed\n|\n|-heal|p2b: Wo-Chien|87\/100|[from] item: Leftovers\n|-damage|p1a: Dragonite|68\/100|[from] Leech Seed|[of] p2b: Wo-Chien\n|-heal|p2b: Wo-Chien|99\/100|[silent]\n|upkeep\n|turn|8\n|inactive|AverageAvenger has 30 seconds left.\n|\n|t:|1681887542\n|move|p1b: Iron Claus!!|Hydro Pump|p2b: Wo-Chien|[miss]\n|-miss|p1b: Iron Claus!!|p2b: Wo-Chien\n|move|p1a: Dragonite|Dragon Claw|p2b: Wo-Chien\n|-damage|p2b: Wo-Chien|70\/100\n|move|p2b: Wo-Chien|Leech Seed|p1b: Iron Claus!!|[miss]\n|-miss|p2b: Wo-Chien|p1b: Iron Claus!!\n|\n|-heal|p2b: Wo-Chien|77\/100|[from] item: Leftovers\n|-damage|p1a: Dragonite|56\/100|[from] Leech Seed|[of] p2b: Wo-Chien\n|-heal|p2b: Wo-Chien|89\/100|[silent]\n|upkeep\n|turn|9\n|\n|t:|1681887557\n|-end|p1b: Iron Claus!!|Quark Drive|[silent]\n|switch|p1b: Snowbama|Abomasnow, L50, F|100\/100\n|-weather|Snow|[from] ability: Snow Warning|[of] p1b: Snowbama\n|move|p2b: Wo-Chien|Protect|p2b: Wo-Chien\n|-singleturn|p2b: Wo-Chien|Protect\n|move|p1a: Dragonite|Dragon Claw|p2b: Wo-Chien\n|-activate|p2b: Wo-Chien|move: Protect\n|\n|-weather|Snow|[upkeep]\n|-heal|p2b: Wo-Chien|95\/100|[from] item: Leftovers\n|-damage|p1a: Dragonite|43\/100|[from] Leech Seed|[of] p2b: Wo-Chien\n|-heal|p2b: Wo-Chien|100\/100|[silent]\n|upkeep\n|turn|10\n|\n|t:|1681887575\n|switch|p1a: Iron Claus!!|Iron Bundle, L50|100\/100\n|move|p2b: Wo-Chien|Snarl|p1a: Iron Claus!!|[spread] p1a,p1b\n|-damage|p1a: Iron Claus!!|73\/100\n|-damage|p1b: Snowbama|90\/100\n|-unboost|p1a: Iron Claus!!|spa|1\n|-unboost|p1b: Snowbama|spa|1\n|move|p1b: Snowbama|Blizzard|p2b: Wo-Chien\n|-damage|p2b: Wo-Chien|85\/100\n|\n|-weather|Snow|[upkeep]\n|-heal|p2b: Wo-Chien|91\/100|[from] item: Leftovers\n|upkeep\n|turn|11\n|inactive|Skoild has 30 seconds left.\n|\n|t:|1681887601\n|move|p1a: Iron Claus!!|Freeze-Dry|p2b: Wo-Chien\n|-damage|p2b: Wo-Chien|77\/100\n|move|p2b: Wo-Chien|Pollen Puff|p1b: Snowbama\n|-supereffective|p1b: Snowbama\n|-damage|p1b: Snowbama|58\/100\n|move|p1b: Snowbama|Blizzard|p2b: Wo-Chien\n|-damage|p2b: Wo-Chien|61\/100\n|\n|-weather|Snow|[upkeep]\n|-heal|p2b: Wo-Chien|67\/100|[from] item: Leftovers\n|upkeep\n|turn|12\n|\n|t:|1681887622\n|move|p2b: Wo-Chien|Protect|p2b: Wo-Chien\n|-singleturn|p2b: Wo-Chien|Protect\n|move|p1a: Iron Claus!!|Hydro Pump|p2b: Wo-Chien\n|-activate|p2b: Wo-Chien|move: Protect\n|move|p1b: Snowbama|Aurora Veil|p1b: Snowbama\n|-sidestart|p1: AverageAvenger|move: Aurora Veil\n|\n|-weather|Snow|[upkeep]\n|-heal|p2b: Wo-Chien|73\/100|[from] item: Leftovers\n|upkeep\n|turn|13\n|\n|t:|1681887636\n|move|p1a: Iron Claus!!|Hydro Pump|p2b: Wo-Chien\n|-damage|p2b: Wo-Chien|48\/100\n|move|p2b: Wo-Chien|Leech Seed|p1a: Iron Claus!!\n|-start|p1a: Iron Claus!!|move: Leech Seed\n|move|p1b: Snowbama|Blizzard|p2b: Wo-Chien\n|-damage|p2b: Wo-Chien|32\/100\n|\n|-weather|none\n|-heal|p2b: Wo-Chien|39\/100|[from] item: Leftovers\n|-damage|p1a: Iron Claus!!|61\/100|[from] Leech Seed|[of] p2b: Wo-Chien\n|-heal|p2b: Wo-Chien|47\/100|[silent]\n|upkeep\n|turn|14\n|\n|t:|1681887660\n|switch|p1b: Dragonite|Dragonite, L50, M, tera:Flying|43\/100\n|move|p1a: Iron Claus!!|Freeze-Dry|p2b: Wo-Chien\n|-damage|p2b: Wo-Chien|32\/100\n|move|p2b: Wo-Chien|Snarl|p1a: Iron Claus!!|[spread] p1a,p1b\n|-damage|p1a: Iron Claus!!|41\/100\n|-damage|p1b: Dragonite|37\/100\n|-unboost|p1a: Iron Claus!!|spa|1\n|-unboost|p1b: Dragonite|spa|1\n|\n|-heal|p2b: Wo-Chien|39\/100|[from] item: Leftovers\n|-damage|p1a: Iron Claus!!|29\/100|[from] Leech Seed|[of] p2b: Wo-Chien\n|-heal|p2b: Wo-Chien|47\/100|[silent]\n|upkeep\n|turn|15\n|\n|t:|1681887677\n|-end|p1a: Iron Claus!!|Quark Drive|[silent]\n|switch|p1a: Snowbama|Abomasnow, L50, F|58\/100\n|-weather|Snow|[from] ability: Snow Warning|[of] p1a: Snowbama\n|move|p1b: Dragonite|Dragon Claw|p2b: Wo-Chien\n|-damage|p2b: Wo-Chien|20\/100\n|move|p2b: Wo-Chien|Leech Seed|p1b: Dragonite|[miss]\n|-miss|p2b: Wo-Chien|p1b: Dragonite\n|\n|-weather|Snow|[upkeep]\n|-heal|p2b: Wo-Chien|26\/100|[from] item: Leftovers\n|upkeep\n|turn|16\n|\n|t:|1681887697\n|move|p1b: Dragonite|Dragon Claw|p2b: Wo-Chien\n|-damage|p2b: Wo-Chien|0 fnt\n|faint|p2b: Wo-Chien\n|\n|win|AverageAvenger\n|raw|AverageAvenger's rating: 1021 → 1059<\/strong> (+38 for winning)\n|raw|Skoild's rating: 1032 → 1017<\/strong> (-15 for losing)\n|c|\u2606AverageAvenger|gg\n|l|\u2606Skoild\n","uploadtime":1681887711,"views":10,"p1id":"averageavenger","p2id":"skoild","formatid":"gen9vgc2023regulationc","rating":1017,"private":0,"password":""}