{"id":"gen9vgc2023regulationc-1853258736","p1":"antolin19","p2":"snoozevgc","format":"[Gen 9] VGC 2023 Regulation C","log":"|j|\u2606antolin19\n|j|\u2606snoozevgc\n|t:|1682656274\n|gametype|doubles\n|player|p1|antolin19|1|1402\n|player|p2|snoozevgc|2|1517\n|teamsize|p1|6\n|teamsize|p2|6\n|gen|9\n|tier|[Gen 9] VGC 2023 Regulation C\n|rated|\n|rule|Species Clause: Limit one of each Pok\u00e9mon\n|rule|Item Clause: Limit one of each item\n|clearpoke\n|poke|p1|Iron Bundle, L50|\n|poke|p1|Arcanine, L50, F|\n|poke|p1|Amoonguss, L50, M|\n|poke|p1|Gyarados, L50, M|\n|poke|p1|Flutter Mane, L50|\n|poke|p1|Ting-Lu, L50|\n|poke|p2|Lilligant, L50, F|\n|poke|p2|Torkoal, L50, F|\n|poke|p2|Flutter Mane, L50|\n|poke|p2|Kingambit, L50, F|\n|poke|p2|Dragonite, L50, F|\n|poke|p2|Great Tusk, L50|\n|teampreview|4\n|inactive|Battle timer is ON: inactive players will automatically lose when time's up. (requested by snoozevgc)\n|inactive|antolin19 also wants the timer to be on.\n|\n|t:|1682656292\n|start\n|switch|p1a: Arcanine|Arcanine, L50, F|100\/100\n|switch|p1b: Iron Bundle|Iron Bundle, L50|100\/100\n|switch|p2a: Lilligant|Lilligant, L50, F, shiny|100\/100\n|switch|p2b: Torkoal|Torkoal, L50, F, shiny|100\/100\n|-ability|p1a: Arcanine|Intimidate|boost\n|-unboost|p2a: Lilligant|atk|1\n|-unboost|p2b: Torkoal|atk|1\n|-weather|SunnyDay|[from] ability: Drought|[of] p2b: Torkoal\n|-enditem|p1b: Iron Bundle|Booster Energy\n|-activate|p1b: Iron Bundle|ability: Quark Drive|[fromitem]\n|-start|p1b: Iron Bundle|quarkdrivespe\n|turn|1\n|\n|t:|1682656311\n|move|p1b: Iron Bundle|Protect|p1b: Iron Bundle\n|-singleturn|p1b: Iron Bundle|Protect\n|move|p2a: Lilligant|After You|p2b: Torkoal\n|-activate|p2b: Torkoal|move: After You\n|move|p2b: Torkoal|Eruption|p1a: Arcanine|[spread] p1a\n|-activate|p1b: Iron Bundle|move: Protect\n|-resisted|p1a: Arcanine\n|-damage|p1a: Arcanine|53\/100\n|move|p1a: Arcanine|Flare Blitz|p2a: Lilligant\n|-supereffective|p2a: Lilligant\n|-enditem|p2a: Lilligant|Focus Sash\n|-damage|p2a: Lilligant|1\/100\n|-status|p2a: Lilligant|brn\n|-damage|p1a: Arcanine|26\/100|[from] Recoil\n|\n|-weather|SunnyDay|[upkeep]\n|-damage|p2a: Lilligant|0 fnt|[from] brn\n|faint|p2a: Lilligant\n|upkeep\n|\n|t:|1682656331\n|switch|p2a: Flutter Mane|Flutter Mane, L50, shiny|100\/100\n|-activate|p2a: Flutter Mane|ability: Protosynthesis\n|-start|p2a: Flutter Mane|protosynthesisspa\n|turn|2\n|\n|t:|1682656344\n|move|p1b: Iron Bundle|Icy Wind|p2a: Flutter Mane|[spread] p2a,p2b\n|-resisted|p2b: Torkoal\n|-damage|p2a: Flutter Mane|77\/100\n|-damage|p2b: Torkoal|86\/100\n|-unboost|p2a: Flutter Mane|spe|1\n|-unboost|p2b: Torkoal|spe|1\n|move|p1a: Arcanine|Flare Blitz|p2a: Flutter Mane\n|-damage|p2a: Flutter Mane|0 fnt\n|faint|p2a: Flutter Mane\n|-end|p2a: Flutter Mane|Protosynthesis|[silent]\n|-damage|p1a: Arcanine|8\/100|[from] Recoil\n|-enditem|p1a: Arcanine|Iapapa Berry|[eat]\n|-heal|p1a: Arcanine|41\/100|[from] item: Iapapa Berry\n|move|p2b: Torkoal|Eruption|p1b: Iron Bundle|[spread] p1a,p1b\n|-resisted|p1a: Arcanine\n|-damage|p1a: Arcanine|0 fnt\n|-damage|p1b: Iron Bundle|0 fnt\n|faint|p1a: Arcanine\n|faint|p1b: Iron Bundle\n|-end|p1b: Iron Bundle|Quark Drive|[silent]\n|\n|-weather|SunnyDay|[upkeep]\n|upkeep\n|\n|t:|1682656353\n|switch|p1b: Flutter Mane|Flutter Mane, L50|100\/100\n|switch|p2a: Great Tusk|Great Tusk, L50|100\/100\n|switch|p1a: Ting-Lu|Ting-Lu, L50|100\/100\n|-activate|p2a: Great Tusk|ability: Protosynthesis\n|-start|p2a: Great Tusk|protosynthesisatk\n|-activate|p1b: Flutter Mane|ability: Protosynthesis\n|-start|p1b: Flutter Mane|protosynthesisspe\n|-ability|p1a: Ting-Lu|Vessel of Ruin\n|turn|3\n|\n|t:|1682656366\n|-terastallize|p2a: Great Tusk|Fire\n|move|p1b: Flutter Mane|Protect|p1b: Flutter Mane\n|-singleturn|p1b: Flutter Mane|Protect\n|move|p2b: Torkoal|Protect|p2b: Torkoal\n|-singleturn|p2b: Torkoal|Protect\n|move|p2a: Great Tusk|Headlong Rush|p1b: Flutter Mane\n|-activate|p1b: Flutter Mane|move: Protect\n|move|p1a: Ting-Lu|Earthquake|p2b: Torkoal|[spread] p2a\n|-activate|p1b: Flutter Mane|move: Protect\n|-activate|p2b: Torkoal|move: Protect\n|-supereffective|p2a: Great Tusk\n|-damage|p2a: Great Tusk|44\/100\n|\n|-weather|SunnyDay|[upkeep]\n|upkeep\n|turn|4\n|inactive|antolin19 has 30 seconds left.\n|inactive|antolin19 has 20 seconds left.\n|\n|t:|1682656404\n|-terastallize|p1b: Flutter Mane|Fairy\n|move|p1b: Flutter Mane|Dazzling Gleam|p2b: Torkoal|[spread] p2a,p2b\n|-resisted|p2a: Great Tusk\n|-resisted|p2b: Torkoal\n|-damage|p2a: Great Tusk|21\/100\n|-damage|p2b: Torkoal|65\/100\n|move|p2a: Great Tusk|Headlong Rush|p1b: Flutter Mane\n|-enditem|p1b: Flutter Mane|Focus Sash\n|-damage|p1b: Flutter Mane|1\/100\n|-unboost|p2a: Great Tusk|def|1\n|-unboost|p2a: Great Tusk|spd|1\n|move|p1a: Ting-Lu|Earthquake|p2b: Torkoal|[spread] p1b,p2a,p2b\n|-supereffective|p2a: Great Tusk\n|-supereffective|p2b: Torkoal\n|-damage|p1b: Flutter Mane|0 fnt\n|-damage|p2a: Great Tusk|0 fnt\n|-damage|p2b: Torkoal|7\/100\n|faint|p1b: Flutter Mane\n|-end|p1b: Flutter Mane|Protosynthesis|[silent]\n|faint|p2a: Great Tusk\n|-end|p2a: Great Tusk|Protosynthesis|[silent]\n|move|p2b: Torkoal|Eruption|p1a: Ting-Lu\n|-damage|p1a: Ting-Lu|97\/100\n|\n|-weather|SunnyDay|[upkeep]\n|upkeep\n|turn|5\n|-message|snoozevgc forfeited.\n|\n|win|antolin19\n|raw|antolin19's rating: 1402 → 1428<\/strong> (+26 for winning)\n|raw|snoozevgc's rating: 1517 → 1491<\/strong> (-26 for losing)\n","uploadtime":1682656415,"views":8,"p1id":"antolin19","p2id":"snoozevgc","formatid":"gen9vgc2023regulationc","rating":1428,"private":0,"password":""}