{"id":"gen9vgc2023regulationc-1846954377","p1":"200 routes","p2":"Toku_L","format":"[Gen 9] VGC 2023 Regulation C","log":"|j|\u2606200 routes\n|j|\u2606Toku_L\n|t:|1681905618\n|gametype|doubles\n|player|p1|200 routes|102|1377\n|player|p2|Toku_L|lucas|1395\n|teamsize|p1|6\n|teamsize|p2|6\n|gen|9\n|tier|[Gen 9] VGC 2023 Regulation C\n|rated|\n|rule|Species Clause: Limit one of each Pok\u00e9mon\n|rule|Item Clause: Limit one of each item\n|clearpoke\n|poke|p1|Scizor, L50, M|\n|poke|p1|Iron Bundle, L50|\n|poke|p1|Iron Hands, L50|\n|poke|p1|Baxcalibur, L50, M|\n|poke|p1|Amoonguss, L50, M|\n|poke|p1|Flutter Mane, L50|\n|poke|p2|Tatsugiri-Stretchy, L50, M|\n|poke|p2|Chien-Pao, L50|\n|poke|p2|Dragonite, L50, F|\n|poke|p2|Maushold, L50|\n|poke|p2|Dondozo, L50, M|\n|poke|p2|Glimmora, L50, F|\n|teampreview|4\n|inactive|Battle timer is ON: inactive players will automatically lose when time's up. (requested by 200 routes)\n200 routes has agreed to open team sheets.\n|inactive|200 routes has 60 seconds left.\n|inactive|Toku_L has 60 seconds left.\n|\n|t:|1681905657\n|start\n|switch|p1a: Iron Hands|Iron Hands, L50|100\/100\n|switch|p1b: Flutter Mane|Flutter Mane, L50|100\/100\n|switch|p2a: Glimmora|Glimmora, L50, F|100\/100\n|switch|p2b: Dondozo|Dondozo, L50, M|100\/100\n|turn|1\n|inactive|200 routes has 30 seconds left.\n|inactive|Toku_L has 30 seconds left.\n|inactive|200 routes has 20 seconds left.\n|inactive|Toku_L has 20 seconds left.\n|inactive|200 routes has 15 seconds left.\n|inactive|Toku_L has 15 seconds left.\n|inactive|200 routes has 10 seconds left.\n|inactive|Toku_L has 10 seconds left.\n|inactive|200 routes has 5 seconds left.\n|inactive|Toku_L has 5 seconds left.\n|\n|t:|1681905711\n|move|p2b: Dondozo|Protect|p2b: Dondozo\n|-singleturn|p2b: Dondozo|Protect\n|move|p1a: Iron Hands|Fake Out|p2b: Dondozo\n|-activate|p2b: Dondozo|move: Protect\n|move|p1b: Flutter Mane|Moonblast|p2b: Dondozo\n|-activate|p2b: Dondozo|move: Protect\n|move|p2a: Glimmora|Mortal Spin|p1a: Iron Hands|[spread] p1a,p1b\n|-damage|p1a: Iron Hands|98\/100\n|-damage|p1b: Flutter Mane|93\/100\n|-status|p1a: Iron Hands|psn\n|-status|p1b: Flutter Mane|psn\n|\n|-damage|p1b: Flutter Mane|81\/100 psn|[from] psn\n|-damage|p1a: Iron Hands|86\/100 psn|[from] psn\n|upkeep\n|turn|2\n|inactive|Toku_L has 30 seconds left.\n|inactive|Toku_L has 20 seconds left.\n|inactive|Toku_L has 15 seconds left.\n|inactive|Toku_L has 10 seconds left.\n|inactive|Toku_L has 5 seconds left.\n|\n|t:|1681905765\n|switch|p2b: Maushold|Maushold, L50|100\/100\n|-terastallize|p1b: Flutter Mane|Water\n|move|p1b: Flutter Mane|Moonblast|p2b: Maushold\n|-damage|p2b: Maushold|25\/100\n|move|p2a: Glimmora|Power Gem|p1b: Flutter Mane\n|-damage|p1b: Flutter Mane|42\/100 psn\n|move|p1a: Iron Hands|Wild Charge|p2b: Maushold\n|-damage|p2b: Maushold|0 fnt\n|faint|p2b: Maushold\n|-damage|p1a: Iron Hands|81\/100 psn|[from] Recoil\n|\n|-damage|p1b: Flutter Mane|30\/100 psn|[from] psn\n|-damage|p1a: Iron Hands|69\/100 psn|[from] psn\n|upkeep\n|\n|t:|1681905784\n|switch|p2b: Dondozo|Dondozo, L50, M|100\/100\n|turn|3\n|inactive|200 routes has 30 seconds left.\n|\n|t:|1681905811\n|-end|p1b: Flutter Mane|Protosynthesis|[silent]\n|switch|p1b: Amoonguss|Amoonguss, L50, M|100\/100\n|switch|p2a: Tatsugiri|Tatsugiri-Stretchy, L50, M|100\/100\n|-activate|p2a: Tatsugiri|ability: Commander|[of] p2b: Dondozo\n|-boost|p2b: Dondozo|atk|2\n|-boost|p2b: Dondozo|spa|2\n|-boost|p2b: Dondozo|spe|2\n|-boost|p2b: Dondozo|def|2\n|-boost|p2b: Dondozo|spd|2\n|move|p2b: Dondozo|Earthquake|p1a: Iron Hands|[spread] p1a,p1b\n|-miss|p2b: Dondozo|p2a: Tatsugiri\n|-supereffective|p1a: Iron Hands\n|-damage|p1a: Iron Hands|0 fnt\n|-damage|p1b: Amoonguss|57\/100\n|faint|p1a: Iron Hands\n|-end|p1a: Iron Hands|Quark Drive|[silent]\n|-damage|p2b: Dondozo|91\/100|[from] item: Life Orb\n|\n|upkeep\n|\n|t:|1681905818\n|switch|p1a: Iron Bundle|Iron Bundle, L50|100\/100\n|-enditem|p1a: Iron Bundle|Booster Energy\n|-activate|p1a: Iron Bundle|ability: Quark Drive|[fromitem]\n|-start|p1a: Iron Bundle|quarkdrivespe\n|turn|4\n|\n|t:|1681905840\n|-terastallize|p2b: Dondozo|Ground\n|move|p1b: Amoonguss|Protect|p1b: Amoonguss\n|-singleturn|p1b: Amoonguss|Protect\n|move|p1a: Iron Bundle|Freeze-Dry|p2b: Dondozo\n|-supereffective|p2b: Dondozo\n|-damage|p2b: Dondozo|52\/100\n|move|p2b: Dondozo|Earthquake|p1a: Iron Bundle|[spread] p1a\n|-miss|p2b: Dondozo|p2a: Tatsugiri\n|-activate|p1b: Amoonguss|move: Protect\n|-damage|p1a: Iron Bundle|4\/100\n|-damage|p2b: Dondozo|43\/100|[from] item: Life Orb\n|\n|upkeep\n|turn|5\n|inactive|200 routes has 30 seconds left.\n|j| THUNDERSND77\n|\n|t:|1681905871\n|switch|p1b: Flutter Mane|Flutter Mane, L50, tera:Water|30\/100 psn\n|move|p1a: Iron Bundle|Protect|p1a: Iron Bundle\n|-singleturn|p1a: Iron Bundle|Protect\n|move|p2b: Dondozo|Earthquake|p1a: Iron Bundle|[spread] p1b\n|-miss|p2b: Dondozo|p2a: Tatsugiri\n|-activate|p1a: Iron Bundle|move: Protect\n|-damage|p1b: Flutter Mane|0 fnt\n|faint|p1b: Flutter Mane\n|-end|p1b: Flutter Mane|Protosynthesis|[silent]\n|-damage|p2b: Dondozo|33\/100|[from] item: Life Orb\n|\n|upkeep\n|\n|t:|1681905882\n|switch|p1b: Amoonguss|Amoonguss, L50, M|90\/100\n|turn|6\n|\n|t:|1681905892\n|move|p1a: Iron Bundle|Freeze-Dry|p2b: Dondozo\n|-supereffective|p2b: Dondozo\n|-damage|p2b: Dondozo|0 fnt\n|faint|p2b: Dondozo\n|move|p1b: Amoonguss|Spore|p2a: Tatsugiri\n|-status|p2a: Tatsugiri|slp|[from] move: Spore\n|\n|upkeep\n|\n|t:|1681905899\n|switch|p2b: Glimmora|Glimmora, L50, F|100\/100\n|turn|7\n|j| Sauromon\n|inactive|Toku_L has 30 seconds left.\n|\n|t:|1681905926\n|move|p1a: Iron Bundle|Protect|p1a: Iron Bundle\n|-singleturn|p1a: Iron Bundle|Protect\n|cant|p2a: Tatsugiri|slp\n|move|p2b: Glimmora|Power Gem|p1b: Amoonguss\n|-damage|p1b: Amoonguss|48\/100\n|-enditem|p1b: Amoonguss|Sitrus Berry|[eat]\n|-heal|p1b: Amoonguss|72\/100|[from] item: Sitrus Berry\n|move|p1b: Amoonguss|Spore|p2b: Glimmora\n|-status|p2b: Glimmora|slp|[from] move: Spore\n|\n|upkeep\n|turn|8\n|inactive|Toku_L has 30 seconds left.\n|inactive|Toku_L has 20 seconds left.\n|\n|t:|1681905963\n|move|p1a: Iron Bundle|Freeze-Dry|p2a: Tatsugiri\n|-supereffective|p2a: Tatsugiri\n|-damage|p2a: Tatsugiri|0 fnt\n|faint|p2a: Tatsugiri\n|cant|p2b: Glimmora|slp\n|move|p1b: Amoonguss|Pollen Puff|p1a: Iron Bundle\n|-heal|p1a: Iron Bundle|54\/100\n|\n|upkeep\n|turn|9\n|\n|t:|1681905974\n|move|p1a: Iron Bundle|Hydro Pump|p2b: Glimmora\n|-supereffective|p2b: Glimmora\n|-damage|p2b: Glimmora|24\/100 slp\n|cant|p2b: Glimmora|slp\n|move|p1b: Amoonguss|Pollen Puff|p1a: Iron Bundle\n|-heal|p1a: Iron Bundle|100\/100\n|\n|upkeep\n|turn|10\n|-message|Toku_L forfeited.\n|\n|win|200 routes\n|raw|200 routes's rating: 1377 → 1398<\/strong> (+21 for winning)\n|raw|Toku_L's rating: 1395 → 1374<\/strong> (-21 for losing)\n|l|\u2606Toku_L\n","uploadtime":1681905985,"views":6,"p1id":"200routes","p2id":"tokul","formatid":"gen9vgc2023regulationc","rating":1374,"private":0,"password":""}