{"id":"gen9vgc2023regulationc-1847550422","p1":"pabgh","p2":"elgervax","format":"[Gen 9] VGC 2023 Regulation C","log":"|j|\u2606pabgh\n|j|\u2606elgervax\n|t:|1681971786\n|gametype|doubles\n|player|p1|pabgh|guitarist|1213\n|player|p2|elgervax|1|1233\n|teamsize|p1|6\n|teamsize|p2|6\n|gen|9\n|tier|[Gen 9] VGC 2023 Regulation C\n|rated|\n|rule|Species Clause: Limit one of each Pok\u00e9mon\n|rule|Item Clause: Limit one of each item\n|clearpoke\n|poke|p1|Chi-Yu, L50|\n|poke|p1|Iron Bundle, L50|\n|poke|p1|Dragonite, L50, F|\n|poke|p1|Dondozo, L50, M|\n|poke|p1|Tatsugiri, L50, M|\n|poke|p1|Flutter Mane, L50|\n|poke|p2|Palafin, L50, F|\n|poke|p2|Flutter Mane, L50|\n|poke|p2|Arcanine, L50, M|\n|poke|p2|Amoonguss, L50, F|\n|poke|p2|Ting-Lu, L50|\n|poke|p2|Roaring Moon, L50|\n|teampreview|4\n|inactive|Battle timer is ON: inactive players will automatically lose when time's up. (requested by elgervax)\npabgh has agreed to open team sheets.\n|inactive|elgervax has 60 seconds left.\n|\n|t:|1681971845\n|start\n|switch|p1a: Chi-Yu|Chi-Yu, L50|100\/100\n|switch|p1b: Iron Bundle|Iron Bundle, L50|100\/100\n|switch|p2a: Palafin|Palafin, L50, F|100\/100\n|switch|p2b: Flutter Mane|Flutter Mane, L50|100\/100\n|-ability|p1a: Chi-Yu|Beads of Ruin\n|-enditem|p1b: Iron Bundle|Booster Energy\n|-activate|p1b: Iron Bundle|ability: Quark Drive|[fromitem]\n|-start|p1b: Iron Bundle|quarkdrivespe\n|turn|1\n|inactive|pabgh has 30 seconds left.\n|inactive|elgervax has 30 seconds left.\n|inactive|pabgh has 20 seconds left.\n|inactive|pabgh has 15 seconds left.\n|\n|t:|1681971889\n|detailschange|p2a: Palafin|Palafin-Hero, L50, F\n|switch|p2a: Ting-Lu|Ting-Lu, L50|100\/100\n|-ability|p2a: Ting-Lu|Vessel of Ruin\n|-terastallize|p2b: Flutter Mane|Fairy\n|move|p1b: Iron Bundle|Icy Wind|p2a: Ting-Lu|[spread] p2b\n|-miss|p1b: Iron Bundle|p2a: Ting-Lu\n|-damage|p2b: Flutter Mane|77\/100\n|-unboost|p2b: Flutter Mane|spe|1\n|move|p1a: Chi-Yu|Overheat|p2b: Flutter Mane\n|-damage|p2b: Flutter Mane|0 fnt\n|-unboost|p1a: Chi-Yu|spa|2\n|faint|p2b: Flutter Mane\n|-end|p2b: Flutter Mane|Protosynthesis|[silent]\n|\n|upkeep\n|\n|t:|1681971913\n|switch|p2b: Palafin|Palafin-Hero, L50, F|100\/100\n|-activate|p2b: Palafin|ability: Zero to Hero\n|turn|2\n|l|\u2606elgervax\n|inactive|elgervax disconnected and has a minute to reconnect!\n|player|p2|\n|inactive|elgervax has 30 seconds left.\n|j|\u2606elgervax\n|inactive|elgervax reconnected and has 25 seconds left.\n|player|p2|elgervax|1\n|inactive|elgervax has 20 seconds left.\n|inactive|elgervax has 15 seconds left.\n|inactive|elgervax has 10 seconds left.\n|inactive|elgervax has 5 seconds left.\n|\n|t:|1681971963\n|switch|p1a: Dondozo|Dondozo, L50, M|100\/100\n|move|p2b: Palafin|Jet Punch|p1a: Dondozo\n|-resisted|p1a: Dondozo\n|-damage|p1a: Dondozo|86\/100\n|move|p1b: Iron Bundle|Freeze-Dry|p2b: Palafin\n|-supereffective|p2b: Palafin\n|-damage|p2b: Palafin|44\/100\n|move|p2a: Ting-Lu|Ruination|p1b: Iron Bundle\n|-damage|p1b: Iron Bundle|51\/100\n|\n|-heal|p1a: Dondozo|92\/100|[from] item: Leftovers\n|upkeep\n|turn|3\n|inactive|pabgh has 30 seconds left.\n|inactive|elgervax has 30 seconds left.\n|\n|t:|1681971998\n|move|p2b: Palafin|Protect|p2b: Palafin\n|-singleturn|p2b: Palafin|Protect\n|move|p1b: Iron Bundle|Freeze-Dry|p2b: Palafin\n|-activate|p2b: Palafin|move: Protect\n|move|p1a: Dondozo|Wave Crash|p2a: Ting-Lu\n|-supereffective|p2a: Ting-Lu\n|-damage|p2a: Ting-Lu|48\/100\n|-damage|p1a: Dondozo|72\/100|[from] Recoil\n|move|p2a: Ting-Lu|Sand Tomb|p1b: Iron Bundle\n|-damage|p1b: Iron Bundle|28\/100\n|-activate|p1b: Iron Bundle|move: Sand Tomb|[of] p2a: Ting-Lu\n|\n|-heal|p1a: Dondozo|78\/100|[from] item: Leftovers\n|-damage|p1b: Iron Bundle|16\/100|[from] move: Sand Tomb|[partiallytrapped]\n|upkeep\n|turn|4\n|inactive|elgervax has 30 seconds left.\n|\n|t:|1681972024\n|move|p1b: Iron Bundle|Protect|p1b: Iron Bundle\n|-singleturn|p1b: Iron Bundle|Protect\n|move|p2b: Palafin|Jet Punch|p1b: Iron Bundle\n|-activate|p1b: Iron Bundle|move: Protect\n|move|p1a: Dondozo|Wave Crash|p2a: Ting-Lu\n|-supereffective|p2a: Ting-Lu\n|-damage|p2a: Ting-Lu|0 fnt\n|faint|p2a: Ting-Lu\n|-damage|p1a: Dondozo|60\/100|[from] Recoil\n|\n|-heal|p1a: Dondozo|66\/100|[from] item: Leftovers\n|-end|p1b: Iron Bundle|Sand Tomb|[partiallytrapped]|[silent]\n|upkeep\n|\n|t:|1681972038\n|switch|p2a: Roaring Moon|Roaring Moon, L50|100\/100\n|-enditem|p2a: Roaring Moon|Booster Energy\n|-activate|p2a: Roaring Moon|ability: Protosynthesis|[fromitem]\n|-start|p2a: Roaring Moon|protosynthesisatk\n|turn|5\n|inactive|elgervax has 30 seconds left.\n|inactive|elgervax has 20 seconds left.\n|inactive|elgervax has 15 seconds left.\n|inactive|elgervax has 10 seconds left.\n|inactive|elgervax has 5 seconds left.\n|\n|t:|1681972089\n|move|p1b: Iron Bundle|Icy Wind|p2b: Palafin|[spread] p2a,p2b\n|-supereffective|p2a: Roaring Moon\n|-resisted|p2b: Palafin\n|-damage|p2a: Roaring Moon|59\/100\n|-damage|p2b: Palafin|32\/100\n|-unboost|p2a: Roaring Moon|spe|1\n|-unboost|p2b: Palafin|spe|1\n|move|p2a: Roaring Moon|Throat Chop|p1a: Dondozo\n|-damage|p1a: Dondozo|25\/100\n|-start|p1a: Dondozo|Throat Chop|[silent]\n|move|p2b: Palafin|Haze|p2b: Palafin\n|-clearallboost\n|move|p1a: Dondozo|Earthquake|p2b: Palafin|[spread] p1b,p2a,p2b\n|-damage|p1b: Iron Bundle|0 fnt\n|-damage|p2a: Roaring Moon|32\/100\n|-damage|p2b: Palafin|12\/100\n|faint|p1b: Iron Bundle\n|-end|p1b: Iron Bundle|Quark Drive|[silent]\n|\n|-heal|p1a: Dondozo|31\/100|[from] item: Leftovers\n|upkeep\n|\n|t:|1681972111\n|switch|p1b: Flutter Mane|Flutter Mane, L50|100\/100\n|turn|6\n|\n|t:|1681972130\n|move|p2b: Palafin|Jet Punch|p1b: Flutter Mane\n|-damage|p1b: Flutter Mane|10\/100\n|move|p1b: Flutter Mane|Dazzling Gleam|p2b: Palafin|[spread] p2a,p2b\n|-supereffective|p2a: Roaring Moon\n|-crit|p2b: Palafin\n|-damage|p2a: Roaring Moon|0 fnt\n|-damage|p2b: Palafin|0 fnt\n|faint|p2a: Roaring Moon\n|-end|p2a: Roaring Moon|Protosynthesis|[silent]\n|faint|p2b: Palafin\n|\n|win|pabgh\n|raw|pabgh's rating: 1213 → 1239<\/strong> (+26 for winning)\n|raw|elgervax's rating: 1233 → 1207<\/strong> (-26 for losing)\n|l|\u2606pabgh\n","uploadtime":1681972144,"views":7,"p1id":"pabgh","p2id":"elgervax","formatid":"gen9vgc2023regulationc","rating":1207,"private":0,"password":""}