{"id":"gen9vgc2023regulationc-1846040479","p1":"99jiuli","p2":"x-xJ1x-x","format":"[Gen 9] VGC 2023 Regulation C","log":"|j|\u260699jiuli\n|j|\u2606x-xJ1x-x\n|t:|1681795996\n|gametype|doubles\n|player|p1|99jiuli|169|1074\n|player|p2|x-xJ1x-x|shadowtriad|1001\n|teamsize|p1|6\n|teamsize|p2|6\n|gen|9\n|tier|[Gen 9] VGC 2023 Regulation C\n|rated|\n|rule|Species Clause: Limit one of each Pok\u00e9mon\n|rule|Item Clause: Limit one of each item\n|clearpoke\n|poke|p1|Torkoal, L50, F|\n|poke|p1|Lilligant, L50, F|\n|poke|p1|Dragonite, L50, F|\n|poke|p1|Chien-Pao, L50|\n|poke|p1|Great Tusk, L50|\n|poke|p1|Flutter Mane, L50|\n|poke|p2|Grafaiai, L50, F|\n|poke|p2|Toedscruel, L50, M|\n|poke|p2|Annihilape, L50, F|\n|poke|p2|Arcanine, L50, M|\n|poke|p2|Barraskewda, L50, M|\n|poke|p2|Zoroark, L50, F|\n|teampreview|4\n|inactive|Battle timer is ON: inactive players will automatically lose when time's up. (requested by 99jiuli)\n99jiuli rejected open team sheets.\n|inactive|x-xJ1x-x has 60 seconds left.\n|\n|t:|1681796037\n|start\n|switch|p1a: Torkoal|Torkoal, L50, F|100\/100\n|switch|p1b: Lilligant|Lilligant, L50, F|100\/100\n|switch|p2a: Arcanine|Arcanine, L50, M|100\/100\n|switch|p2b: Toedscruel|Toedscruel, L50, M|100\/100\n|-ability|p2a: Arcanine|Intimidate|boost\n|-unboost|p1a: Torkoal|atk|1\n|-unboost|p1b: Lilligant|atk|1\n|-weather|SunnyDay|[from] ability: Drought|[of] p1a: Torkoal\n|turn|1\n|inactive|x-xJ1x-x has 30 seconds left.\n|inactive|x-xJ1x-x has 20 seconds left.\n|inactive|x-xJ1x-x has 15 seconds left.\n|inactive|x-xJ1x-x has 10 seconds left.\n|inactive|x-xJ1x-x has 5 seconds left.\n|\n|t:|1681796090\n|move|p1b: Lilligant|Sleep Powder|p2a: Arcanine\n|-status|p2a: Arcanine|slp|[from] move: Sleep Powder\n|move|p2b: Toedscruel|Flamethrower|p1b: Lilligant\n|-supereffective|p1b: Lilligant\n|-damage|p1b: Lilligant|0 fnt\n|faint|p1b: Lilligant\n|cant|p2a: Arcanine|slp\n|move|p1a: Torkoal|Eruption|p2a: Arcanine|[spread] p2a,p2b\n|-resisted|p2a: Arcanine\n|-damage|p2a: Arcanine|49\/100 slp\n|-damage|p2b: Toedscruel|0 fnt\n|replace|p2b: Zoroark|Zoroark, L50, F\n|-end|p2b: Zoroark|Illusion\n|faint|p2b: Zoroark\n|\n|-weather|SunnyDay|[upkeep]\n|upkeep\n|inactive|x-xJ1x-x has 30 seconds left.\n|\n|t:|1681796116\n|switch|p2b: Toedscruel|Toedscruel, L50, M|100\/100\n|switch|p1b: Great Tusk|Great Tusk, L50|100\/100\n|-activate|p1b: Great Tusk|ability: Protosynthesis\n|-start|p1b: Great Tusk|protosynthesisatk\n|turn|2\n|\n|t:|1681796140\n|-terastallize|p2b: Toedscruel|Dragon\n|move|p1b: Great Tusk|Close Combat|p2b: Toedscruel\n|-damage|p2b: Toedscruel|0 fnt\n|-unboost|p1b: Great Tusk|def|1\n|-unboost|p1b: Great Tusk|spd|1\n|faint|p2b: Toedscruel\n|-curestatus|p2a: Arcanine|slp|[msg]\n|move|p2a: Arcanine|Play Rough|p1b: Great Tusk\n|-supereffective|p1b: Great Tusk\n|-damage|p1b: Great Tusk|22\/100\n|move|p1a: Torkoal|Heat Wave|p2a: Arcanine\n|-resisted|p2a: Arcanine\n|-damage|p2a: Arcanine|5\/100\n|\n|-weather|SunnyDay|[upkeep]\n|upkeep\n|\n|t:|1681796146\n|switch|p2b: Annihilape|Annihilape, L50, F|100\/100\n|turn|3\n|inactive|x-xJ1x-x has 30 seconds left.\n|inactive|x-xJ1x-x has 20 seconds left.\n|inactive|x-xJ1x-x has 15 seconds left.\n|\n|t:|1681796187\n|move|p1a: Torkoal|Protect|p1a: Torkoal\n|-singleturn|p1a: Torkoal|Protect\n|move|p1b: Great Tusk|Close Combat|p2a: Arcanine\n|-damage|p2a: Arcanine|0 fnt\n|-unboost|p1b: Great Tusk|def|1\n|-unboost|p1b: Great Tusk|spd|1\n|faint|p2a: Arcanine\n|move|p2b: Annihilape|Drain Punch|p1a: Torkoal\n|-activate|p1a: Torkoal|move: Protect\n|\n|-weather|SunnyDay|[upkeep]\n|upkeep\n|turn|4\n|\n|t:|1681796205\n|-end|p1b: Great Tusk|Protosynthesis|[silent]\n|switch|p1b: Flutter Mane|Flutter Mane, L50|100\/100\n|-activate|p1b: Flutter Mane|ability: Protosynthesis\n|-start|p1b: Flutter Mane|protosynthesisspe\n|move|p2b: Annihilape|Drain Punch|p1b: Flutter Mane\n|-immune|p1b: Flutter Mane\n|move|p1a: Torkoal|Heat Wave|p2b: Annihilape\n|-damage|p2b: Annihilape|58\/100\n|\n|-weather|SunnyDay|[upkeep]\n|upkeep\n|turn|5\n|\n|t:|1681796225\n|move|p1b: Flutter Mane|Moonblast|p2b: Annihilape\n|-supereffective|p2b: Annihilape\n|-damage|p2b: Annihilape|0 fnt\n|faint|p2b: Annihilape\n|\n|win|99jiuli\n|raw|99jiuli's rating: 1074 → 1097<\/strong> (+23 for winning)\n|raw|x-xJ1x-x's rating: 1001 → 1000<\/strong> (-1 for losing)\n|l|\u2606x-xJ1x-x\n","uploadtime":1681796232,"views":7,"p1id":"99jiuli","p2id":"xxj1xx","formatid":"gen9vgc2023regulationc","rating":1000,"private":0,"password":""}