{"id":"gen9vgc2023regulationc-1845677352","p1":"MattSir","p2":"jackiepeanuts","format":"[Gen 9] VGC 2023 Regulation C","log":"|j|\u2606MattSir\n|j|\u2606jackiepeanuts\n|t:|1681754773\n|gametype|doubles\n|player|p1|MattSir|barry|1178\n|player|p2|jackiepeanuts|2|1272\n|teamsize|p1|6\n|teamsize|p2|6\n|gen|9\n|tier|[Gen 9] VGC 2023 Regulation C\n|rated|\n|rule|Species Clause: Limit one of each Pok\u00e9mon\n|rule|Item Clause: Limit one of each item\n|clearpoke\n|poke|p1|Slither Wing, L50|\n|poke|p1|Torkoal, L50, F|\n|poke|p1|Scovillain, L50, F|\n|poke|p1|Flutter Mane, L50|\n|poke|p1|Arcanine, L50, M|\n|poke|p1|Murkrow, L50, F|\n|poke|p2|Lokix, L50, F|\n|poke|p2|Arcanine, L50, M|\n|poke|p2|Ting-Lu, L50|\n|poke|p2|Palafin, L50, M|\n|poke|p2|Flutter Mane, L50|\n|poke|p2|Chien-Pao, L50|\n|teampreview|4\n|\n|t:|1681754801\n|start\n|switch|p1a: Slither WIN|Slither Wing, L50|100\/100\n|switch|p1b: Murkrow|Murkrow, L50, F|100\/100\n|switch|p2a: Chien-Pao|Chien-Pao, L50|100\/100\n|switch|p2b: Palafin|Palafin, L50, M|100\/100\n|-ability|p2a: Chien-Pao|Sword of Ruin\n|turn|1\n|\n|t:|1681754849\n|move|p2a: Chien-Pao|Protect|p2a: Chien-Pao\n|-singleturn|p2a: Chien-Pao|Protect\n|move|p1b: Murkrow|Tailwind|p1b: Murkrow\n|-sidestart|p1: MattSir|move: Tailwind\n|move|p1a: Slither WIN|Close Combat|p2a: Chien-Pao\n|-activate|p2a: Chien-Pao|move: Protect\n|move|p2b: Palafin|Close Combat|p1b: Murkrow\n|-crit|p1b: Murkrow\n|-damage|p1b: Murkrow|35\/100\n|-unboost|p2b: Palafin|def|1\n|-unboost|p2b: Palafin|spd|1\n|-enditem|p2b: Palafin|Eject Pack\n|\n|t:|1681754860\n|detailschange|p2b: Palafin|Palafin-Hero, L50, M\n|switch|p2b: Lokix|Lokix, L50, F, shiny|100\/100\n|\n|upkeep\n|turn|2\n|\n|t:|1681754893\n|-terastallize|p2b: Lokix|Bug\n|move|p2b: Lokix|First Impression|p1a: Slither WIN\n|-resisted|p1a: Slither WIN\n|-damage|p1a: Slither WIN|0 fnt\n|faint|p1a: Slither WIN\n|-end|p1a: Slither WIN|Protosynthesis|[silent]\n|-damage|p2b: Lokix|91\/100|[from] item: Life Orb\n|move|p1b: Murkrow|Sunny Day|p1b: Murkrow\n|-weather|SunnyDay\n|move|p2a: Chien-Pao|Ice Spinner|p1b: Murkrow\n|-supereffective|p1b: Murkrow\n|-damage|p1b: Murkrow|0 fnt\n|faint|p1b: Murkrow\n|\n|-weather|SunnyDay|[upkeep]\n|upkeep\n|\n|t:|1681754909\n|switch|p1a: Hannah Montana|Flutter Mane, L50|100\/100\n|switch|p1b: Mr. Whiskers|Scovillain, L50, F|100\/100\n|-activate|p1a: Hannah Montana|ability: Protosynthesis\n|-start|p1a: Hannah Montana|protosynthesisspa\n|turn|3\n|\n|t:|1681754925\n|switch|p2b: Ting-Lu|Ting-Lu, L50|100\/100\n|-ability|p2b: Ting-Lu|Vessel of Ruin\n|move|p2a: Chien-Pao|Protect|p2a: Chien-Pao\n|-singleturn|p2a: Chien-Pao|Protect\n|move|p1b: Mr. Whiskers|Flamethrower|p2b: Ting-Lu\n|-damage|p2b: Ting-Lu|81\/100\n|move|p1a: Hannah Montana|Dazzling Gleam|p2b: Ting-Lu|[spread] p2b\n|-activate|p2a: Chien-Pao|move: Protect\n|-supereffective|p2b: Ting-Lu\n|-damage|p2b: Ting-Lu|44\/100\n|\n|-weather|SunnyDay|[upkeep]\n|upkeep\n|turn|4\n|\n|t:|1681754947\n|move|p2a: Chien-Pao|Sucker Punch|p1a: Hannah Montana\n|-enditem|p1a: Hannah Montana|Focus Sash\n|-damage|p1a: Hannah Montana|1\/100\n|move|p1b: Mr. Whiskers|Flamethrower|p2b: Ting-Lu\n|-damage|p2b: Ting-Lu|25\/100\n|move|p1a: Hannah Montana|Dazzling Gleam|p2b: Ting-Lu|[spread] p2a,p2b\n|-supereffective|p2a: Chien-Pao\n|-supereffective|p2b: Ting-Lu\n|-enditem|p2a: Chien-Pao|Focus Sash\n|-damage|p2a: Chien-Pao|1\/100\n|-damage|p2b: Ting-Lu|0 fnt\n|faint|p2b: Ting-Lu\n|\n|-weather|SunnyDay|[upkeep]\n|-sideend|p1: MattSir|move: Tailwind\n|upkeep\n|\n|t:|1681754951\n|switch|p2b: Lokix|Lokix, L50, F, shiny, tera:Bug|91\/100\n|turn|5\n|\n|t:|1681754965\n|move|p1a: Hannah Montana|Protect|p1a: Hannah Montana\n|-singleturn|p1a: Hannah Montana|Protect\n|move|p2b: Lokix|First Impression|p1b: Mr. Whiskers\n|-damage|p1b: Mr. Whiskers|0 fnt\n|faint|p1b: Mr. Whiskers\n|-damage|p2b: Lokix|81\/100|[from] item: Life Orb\n|move|p2a: Chien-Pao|Sucker Punch||[still]\n|-fail|p2a: Chien-Pao\n|\n|-weather|SunnyDay|[upkeep]\n|upkeep\n|turn|6\n|\n|t:|1681754979\n|move|p2a: Chien-Pao|Sucker Punch|p1a: Hannah Montana\n|-damage|p1a: Hannah Montana|0 fnt\n|faint|p1a: Hannah Montana\n|-end|p1a: Hannah Montana|Protosynthesis|[silent]\n|\n|win|jackiepeanuts\n|raw|MattSir's rating: 1178 → 1160<\/strong> (-18 for losing)\n|raw|jackiepeanuts's rating: 1272 → 1290<\/strong> (+18 for winning)\n","uploadtime":1681754985,"views":14,"p1id":"mattsir","p2id":"jackiepeanuts","formatid":"gen9vgc2023regulationc","rating":1160,"private":0,"password":""}