{"id":"gen9vgc2023regulationc-1848378943","p1":"TonyJazs","p2":"AmIDespressedQuiz","format":"[Gen 9] VGC 2023 Regulation C","log":"|j|\u2606TonyJazs\n|j|\u2606AmIDespressedQuiz\n|t:|1682069481\n|gametype|doubles\n|player|p1|TonyJazs|brawly|1077\n|player|p2|AmIDespressedQuiz|169|1105\n|teamsize|p1|6\n|teamsize|p2|6\n|gen|9\n|tier|[Gen 9] VGC 2023 Regulation C\n|rated|\n|rule|Species Clause: Limit one of each Pok\u00e9mon\n|rule|Item Clause: Limit one of each item\n|clearpoke\n|poke|p1|Dragapult, L50, M|\n|poke|p1|Chien-Pao, L50|\n|poke|p1|Palafin, L50, F|\n|poke|p1|Baxcalibur, L50, M|\n|poke|p1|Talonflame, L50, F|\n|poke|p1|Great Tusk, L50|\n|poke|p2|Garganacl, L50, F|\n|poke|p2|Arcanine, L50, M|\n|poke|p2|Dragonite, L50, M|\n|poke|p2|Flutter Mane, L50|\n|poke|p2|Ting-Lu, L50|\n|poke|p2|Chien-Pao, L50|\n|teampreview|4\n|inactive|Battle timer is ON: inactive players will automatically lose when time's up. (requested by TonyJazs)\n|\n|t:|1682069502\n|start\n|switch|p1a: Palafin|Palafin, L50, F, shiny|100\/100\n|switch|p1b: Talonflame|Talonflame, L50, F, shiny|100\/100\n|switch|p2a: Garganacl|Garganacl, L50, F|100\/100\n|switch|p2b: Arcanine|Arcanine, L50, M, shiny|100\/100\n|-ability|p2b: Arcanine|Intimidate|boost\n|-unboost|p1a: Palafin|atk|1\n|-unboost|p1b: Talonflame|atk|1\n|turn|1\n|inactive|TonyJazs has 30 seconds left.\n|\n|t:|1682069530\n|detailschange|p1a: Palafin|Palafin-Hero, L50, F, shiny\n|switch|p1a: Dragapult|Dragapult, L50, M, shiny|100\/100\n|move|p1b: Talonflame|Tailwind|p1b: Talonflame\n|-sidestart|p1: TonyJazs|move: Tailwind\n|move|p2b: Arcanine|Will-O-Wisp|p1a: Dragapult|[miss]\n|-miss|p2b: Arcanine|p1a: Dragapult\n|move|p2a: Garganacl|Salt Cure|p1b: Talonflame\n|-supereffective|p1b: Talonflame\n|-damage|p1b: Talonflame|12\/100\n|\n|upkeep\n|turn|2\n|inactive|TonyJazs has 30 seconds left.\n|inactive|TonyJazs has 20 seconds left.\n|inactive|TonyJazs has 15 seconds left.\n|inactive|TonyJazs has 10 seconds left.\n|\n|t:|1682069576\n|-terastallize|p1a: Dragapult|Steel\n|move|p1a: Dragapult|Tera Blast|p2a: Garganacl\n|-supereffective|p2a: Garganacl\n|-damage|p2a: Garganacl|19\/100\n|move|p1b: Talonflame|Brave Bird|p2b: Arcanine\n|-damage|p2b: Arcanine|70\/100\n|-damage|p1b: Talonflame|0 fnt|[from] Recoil\n|faint|p1b: Talonflame\n|move|p2b: Arcanine|Will-O-Wisp|p1a: Dragapult\n|-status|p1a: Dragapult|brn\n|move|p2a: Garganacl|Salt Cure|p1a: Dragapult\n|-resisted|p1a: Dragapult\n|-damage|p1a: Dragapult|90\/100 brn\n|-start|p1a: Dragapult|Salt Cure\n|\n|-heal|p2a: Garganacl|25\/100|[from] item: Leftovers\n|-damage|p1a: Dragapult|84\/100 brn|[from] brn\n|-damage|p1a: Dragapult|59\/100 brn|[from] Salt Cure\n|upkeep\n|\n|t:|1682069593\n|switch|p1b: Palafin|Palafin-Hero, L50, F, shiny|100\/100\n|-activate|p1b: Palafin|ability: Zero to Hero\n|turn|3\n|\n|t:|1682069610\n|move|p2a: Garganacl|Protect|p2a: Garganacl\n|-singleturn|p2a: Garganacl|Protect\n|move|p1b: Palafin|Jet Punch|p2b: Arcanine\n|-supereffective|p2b: Arcanine\n|-damage|p2b: Arcanine|0 fnt\n|faint|p2b: Arcanine\n|move|p1a: Dragapult|Tera Blast|p2a: Garganacl\n|-activate|p2a: Garganacl|move: Protect\n|\n|-heal|p2a: Garganacl|31\/100|[from] item: Leftovers\n|-damage|p1a: Dragapult|53\/100 brn|[from] brn\n|-damage|p1a: Dragapult|29\/100 brn|[from] Salt Cure\n|upkeep\n|\n|t:|1682069625\n|switch|p2b: Ting-Lu|Ting-Lu, L50|100\/100\n|-ability|p2b: Ting-Lu|Vessel of Ruin\n|turn|4\n|\n|t:|1682069638\n|-terastallize|p2b: Ting-Lu|Poison\n|move|p2a: Garganacl|Protect||[still]\n|-fail|p2a: Garganacl\n|move|p1a: Dragapult|Tera Blast|p2a: Garganacl\n|-supereffective|p2a: Garganacl\n|-damage|p2a: Garganacl|0 fnt\n|faint|p2a: Garganacl\n|move|p1b: Palafin|Wave Crash|p2b: Ting-Lu\n|-damage|p2b: Ting-Lu|44\/100\n|-damage|p1b: Palafin|72\/100|[from] Recoil\n|move|p2b: Ting-Lu|Fissure|p1b: Palafin|[miss]\n|-miss|p2b: Ting-Lu|p1b: Palafin\n|\n|-damage|p1a: Dragapult|23\/100 brn|[from] brn\n|-damage|p1a: Dragapult|0 fnt|[from] Salt Cure\n|faint|p1a: Dragapult\n|-sideend|p1: TonyJazs|move: Tailwind\n|upkeep\n|\n|t:|1682069654\n|switch|p1a: Chien-Pao|Chien-Pao, L50|100\/100\n|switch|p2a: Flutter Mane|Flutter Mane, L50|100\/100\n|-ability|p1a: Chien-Pao|Sword of Ruin\n|turn|5\n|\n|t:|1682069666\n|move|p1a: Chien-Pao|Sucker Punch|p2a: Flutter Mane\n|-damage|p2a: Flutter Mane|17\/100\n|move|p2a: Flutter Mane|Dazzling Gleam|p1b: Palafin|[spread] p1a,p1b\n|-supereffective|p1a: Chien-Pao\n|-enditem|p1a: Chien-Pao|Focus Sash\n|-damage|p1a: Chien-Pao|1\/100\n|-damage|p1b: Palafin|31\/100\n|move|p1b: Palafin|Wave Crash|p2b: Ting-Lu\n|-damage|p2b: Ting-Lu|0 fnt\n|faint|p2b: Ting-Lu\n|-damage|p1b: Palafin|9\/100|[from] Recoil\n|\n|upkeep\n|turn|6\n|\n|t:|1682069681\n|move|p1a: Chien-Pao|Sucker Punch|p2a: Flutter Mane\n|-damage|p2a: Flutter Mane|0 fnt\n|faint|p2a: Flutter Mane\n|-end|p2a: Flutter Mane|Protosynthesis|[silent]\n|\n|win|TonyJazs\n|raw|TonyJazs's rating: 1077 → 1108<\/strong> (+31 for winning)\n|raw|AmIDespressedQuiz's rating: 1105 → 1078<\/strong> (-27 for losing)\n|l|\u2606AmIDespressedQuiz\n|c|\u2606TonyJazs|gg\n","uploadtime":1682069690,"views":5,"p1id":"tonyjazs","p2id":"amidespressedquiz","formatid":"gen9vgc2023regulationc","rating":1078,"private":0,"password":""}