{"id":"gen9vgc2023regulationc-1863807544","p1":"Spearwinner","p2":"Yeetawheat","format":"[Gen 9] VGC 2023 Regulation C","log":"|j|\u2606Spearwinner\n|j|\u2606Yeetawheat\n|t:|1684080194\n|gametype|doubles\n|player|p1|Spearwinner|2|\n|player|p2|Yeetawheat|2|\n|teamsize|p1|6\n|teamsize|p2|6\n|gen|9\n|tier|[Gen 9] VGC 2023 Regulation C\n|rule|Species Clause: Limit one of each Pok\u00e9mon\n|rule|Item Clause: Limit one of each item\n|clearpoke\n|poke|p1|Grimmsnarl, L50, M|\n|poke|p1|Gholdengo, L50|\n|poke|p1|Amoonguss, L50, F|\n|poke|p1|Hariyama, L50, F|\n|poke|p1|Gyarados, L50, F|\n|poke|p1|Chi-Yu, L50|\n|poke|p2|Scizor, L50, F|\n|poke|p2|Tauros-Paldea-Aqua, L50, M|\n|poke|p2|Rotom-Heat, L50|\n|poke|p2|Flutter Mane, L50|\n|poke|p2|Ting-Lu, L50|\n|poke|p2|Amoonguss, L50, F|\n|teampreview|4\nYeetawheat has agreed to open team sheets.\nSpearwinner has agreed to open team sheets.\n|c|\u2606Spearwinner|g2\n|c|\u2606Yeetawheat|glhf\n|\n|t:|1684080660\n|start\n|switch|p1a: Hariyama|Hariyama, L50, F|100\/100\n|switch|p1b: Grimmsnarl|Grimmsnarl, L50, M|100\/100\n|switch|p2a: Flutter Mane|Flutter Mane, L50|100\/100\n|switch|p2b: Rotom|Rotom-Heat, L50|100\/100\n|-enditem|p2a: Flutter Mane|Booster Energy\n|-activate|p2a: Flutter Mane|ability: Protosynthesis|[fromitem]\n|-start|p2a: Flutter Mane|protosynthesisspe\n|turn|1\n|inactive|Battle timer is ON: inactive players will automatically lose when time's up. (requested by Spearwinner)\n|j| SirSmokeVGC\n|\n|t:|1684080688\n|move|p2a: Flutter Mane|Protect|p2a: Flutter Mane\n|-singleturn|p2a: Flutter Mane|Protect\n|move|p1a: Hariyama|Fake Out|p2b: Rotom\n|-damage|p2b: Rotom|88\/100\n|move|p1b: Grimmsnarl|Light Screen|p1b: Grimmsnarl\n|-sidestart|p1: Spearwinner|move: Light Screen\n|cant|p2b: Rotom|flinch\n|\n|upkeep\n|turn|2\n|inactive|Spearwinner has 30 seconds left.\n|inactive|Yeetawheat has 30 seconds left.\n|\n|t:|1684080721\n|switch|p2b: Tauros|Tauros-Paldea-Aqua, L50, M|100\/100\n|-ability|p2b: Tauros|Intimidate|boost\n|-unboost|p1a: Hariyama|atk|1\n|-unboost|p1b: Grimmsnarl|atk|1\n|-terastallize|p2a: Flutter Mane|Fairy\n|-terastallize|p1a: Hariyama|Poison\n|move|p2a: Flutter Mane|Moonblast|p1b: Grimmsnarl\n|-supereffective|p1b: Grimmsnarl\n|-damage|p1b: Grimmsnarl|20\/100\n|move|p1b: Grimmsnarl|Spirit Break|p2b: Tauros\n|-supereffective|p2b: Tauros\n|-damage|p2b: Tauros|56\/100\n|-unboost|p2b: Tauros|spa|1\n|move|p1a: Hariyama|Heavy Slam|p2a: Flutter Mane\n|-supereffective|p2a: Flutter Mane\n|-damage|p2a: Flutter Mane|8\/100\n|\n|upkeep\n|turn|3\n|inactive|Spearwinner has 30 seconds left.\n|inactive|Yeetawheat has 30 seconds left.\n|inactive|Spearwinner has 20 seconds left.\n|inactive|Yeetawheat has 20 seconds left.\n|inactive|Spearwinner has 15 seconds left.\n|\n|t:|1684080762\n|move|p2b: Tauros|Aqua Jet|p1b: Grimmsnarl\n|-crit|p1b: Grimmsnarl\n|-damage|p1b: Grimmsnarl|0 fnt\n|faint|p1b: Grimmsnarl\n|move|p2a: Flutter Mane|Shadow Ball|p1a: Hariyama\n|-damage|p1a: Hariyama|83\/100\n|-unboost|p1a: Hariyama|spd|1\n|move|p1a: Hariyama|Drain Punch|p2b: Tauros\n|-damage|p2b: Tauros|34\/100\n|-heal|p1a: Hariyama|91\/100|[from] drain|[of] p2b: Tauros\n|\n|upkeep\n|\n|t:|1684080784\n|switch|p1b: Gholdengo|Gholdengo, L50|100\/100\n|turn|4\n|inactive|Spearwinner has 30 seconds left.\n|\n|t:|1684080813\n|move|p2a: Flutter Mane|Protect|p2a: Flutter Mane\n|-singleturn|p2a: Flutter Mane|Protect\n|move|p1b: Gholdengo|Protect|p1b: Gholdengo\n|-singleturn|p1b: Gholdengo|Protect\n|move|p2b: Tauros|Wave Crash|p1a: Hariyama\n|-crit|p1a: Hariyama\n|-damage|p1a: Hariyama|24\/100\n|-damage|p2b: Tauros|3\/100|[from] Recoil\n|move|p1a: Hariyama|Heavy Slam|p2a: Flutter Mane\n|-activate|p2a: Flutter Mane|move: Protect\n|\n|upkeep\n|turn|5\n|inactive|Spearwinner has 30 seconds left.\n|\n|t:|1684080846\n|switch|p1b: Amoonguss|Amoonguss, L50, F|100\/100\n|move|p2a: Flutter Mane|Shadow Ball|p1b: Amoonguss\n|-damage|p1b: Amoonguss|79\/100\n|move|p2b: Tauros|Wave Crash|p1b: Amoonguss\n|-resisted|p1b: Amoonguss\n|-damage|p1b: Amoonguss|55\/100\n|-damage|p2b: Tauros|0 fnt|[from] Recoil\n|faint|p2b: Tauros\n|move|p1a: Hariyama|Heavy Slam|p2a: Flutter Mane\n|-supereffective|p2a: Flutter Mane\n|-damage|p2a: Flutter Mane|0 fnt\n|faint|p2a: Flutter Mane\n|-end|p2a: Flutter Mane|Protosynthesis|[silent]\n|\n|upkeep\n|\n|t:|1684080854\n|switch|p2a: Rotom|Rotom-Heat, L50|88\/100\n|switch|p2b: Ting-Lu|Ting-Lu, L50|100\/100\n|-ability|p2b: Ting-Lu|Vessel of Ruin\n|turn|6\n|\n|t:|1684080876\n|move|p2a: Rotom|Thunderbolt|p1a: Hariyama\n|-damage|p1a: Hariyama|0 fnt\n|faint|p1a: Hariyama\n|move|p2b: Ting-Lu|Taunt|p1b: Amoonguss\n|-start|p1b: Amoonguss|move: Taunt\n|cant|p1b: Amoonguss|move: Taunt|Spore\n|\n|upkeep\n|\n|t:|1684080881\n|switch|p1a: Gholdengo|Gholdengo, L50|100\/100\n|turn|7\n|\n|t:|1684080904\n|move|p2a: Rotom|Overheat|p1b: Amoonguss\n|-supereffective|p1b: Amoonguss\n|-damage|p1b: Amoonguss|7\/100\n|-unboost|p2a: Rotom|spa|2\n|-enditem|p1b: Amoonguss|Sitrus Berry|[eat]\n|-heal|p1b: Amoonguss|31\/100|[from] item: Sitrus Berry\n|move|p1a: Gholdengo|Nasty Plot|p1a: Gholdengo\n|-boost|p1a: Gholdengo|spa|2\n|move|p2b: Ting-Lu|Stomping Tantrum|p1a: Gholdengo\n|-supereffective|p1a: Gholdengo\n|-crit|p1a: Gholdengo\n|-damage|p1a: Gholdengo|0 fnt\n|faint|p1a: Gholdengo\n|move|p1b: Amoonguss|Pollen Puff|p1: Gholdengo|[notarget]\n|-fail|p1b: Amoonguss\n|\n|upkeep\n|turn|8\n|inactive|Spearwinner has 30 seconds left.\n|c|\u2606Spearwinner|dude what a haxed games... gg but u crit me at least 5 times XD gl in the Tourney\n|-message|Spearwinner forfeited.\n|\n|win|Yeetawheat\n|c|\u2606Yeetawheat|gg\n","uploadtime":1684080987,"views":10,"p1id":"spearwinner","p2id":"yeetawheat","formatid":"gen9vgc2023regulationc","rating":0,"private":0,"password":""}