{"id":"gen9vgc2023regulationc-1857241624","p1":"HocusPocusAlakazam","p2":"RavenSage","format":"[Gen 9] VGC 2023 Regulation C","log":"|j|\u2606HocusPocusAlakazam\n|j|\u2606RavenSage\n|t:|1683162347\n|gametype|doubles\n|player|p1|HocusPocusAlakazam|colress|1173\n|player|p2|RavenSage|170|1134\n|teamsize|p1|6\n|teamsize|p2|6\n|gen|9\n|tier|[Gen 9] VGC 2023 Regulation C\n|rated|\n|rule|Species Clause: Limit one of each Pok\u00e9mon\n|rule|Item Clause: Limit one of each item\n|clearpoke\n|poke|p1|Iron Hands, L50|\n|poke|p1|Bronzong, L50|\n|poke|p1|Ting-Lu, L50|\n|poke|p1|Abomasnow, L50, F|\n|poke|p1|Iron Bundle, L50|\n|poke|p1|Chi-Yu, L50|\n|poke|p2|Flutter Mane, L50|\n|poke|p2|Chien-Pao, L50|\n|poke|p2|Amoonguss, L50, M|\n|poke|p2|Talonflame, L50, M|\n|poke|p2|Lurantis, L50, F|\n|poke|p2|Gastrodon-East, L50, F|\n|teampreview|4\nHocusPocusAlakazam has agreed to open team sheets.\n|inactive|Battle timer is ON: inactive players will automatically lose when time's up. (requested by HocusPocusAlakazam)\n|inactive|HocusPocusAlakazam has 60 seconds left.\nRavenSage rejected open team sheets.\n|\n|t:|1683162403\n|start\n|switch|p1a: Bronzong|Bronzong, L50|100\/100\n|switch|p1b: Iron Hands|Iron Hands, L50|100\/100\n|switch|p2a: Flutter Mane|Flutter Mane, L50|100\/100\n|switch|p2b: Talonflame|Talonflame, L50, M|100\/100\n|-enditem|p2a: Flutter Mane|Booster Energy\n|-activate|p2a: Flutter Mane|ability: Protosynthesis|[fromitem]\n|-start|p2a: Flutter Mane|protosynthesisspe\n|turn|1\n|c|\u2606RavenSage|No team sheets\n|c|\u2606HocusPocusAlakazam|kk\n|inactive|RavenSage has 30 seconds left.\n|\n|t:|1683162430\n|-terastallize|p1b: Iron Hands|Fire\n|move|p2a: Flutter Mane|Protect|p2a: Flutter Mane\n|-singleturn|p2a: Flutter Mane|Protect\n|move|p1b: Iron Hands|Fake Out|p2b: Talonflame\n|-damage|p2b: Talonflame|78\/100\n|cant|p2b: Talonflame|flinch\n|move|p1a: Bronzong|Trick Room|p1a: Bronzong\n|-fieldstart|move: Trick Room|[of] p1a: Bronzong\n|\n|upkeep\n|turn|2\n|\n|t:|1683162450\n|-end|p2a: Flutter Mane|Protosynthesis|[silent]\n|switch|p2a: Amoonguss|Amoonguss, L50, M|100\/100\n|move|p1a: Bronzong|Gyro Ball|p2a: Amoonguss\n|-damage|p2a: Amoonguss|88\/100\n|move|p1b: Iron Hands|Thunder Punch|p2b: Talonflame\n|-supereffective|p2b: Talonflame\n|-damage|p2b: Talonflame|0 fnt\n|faint|p2b: Talonflame\n|\n|upkeep\n|\n|t:|1683162461\n|switch|p2b: Chien-Pao|Chien-Pao, L50|100\/100\n|-ability|p2b: Chien-Pao|Sword of Ruin\n|turn|3\n|\n|t:|1683162473\n|move|p2b: Chien-Pao|Protect|p2b: Chien-Pao\n|-singleturn|p2b: Chien-Pao|Protect\n|move|p1a: Bronzong|Body Press|p2b: Chien-Pao\n|-activate|p2b: Chien-Pao|move: Protect\n|move|p1b: Iron Hands|Drain Punch|p2b: Chien-Pao\n|-activate|p2b: Chien-Pao|move: Protect\n|move|p2a: Amoonguss|Spore|p1b: Iron Hands\n|-status|p1b: Iron Hands|slp|[from] move: Spore\n|\n|upkeep\n|turn|4\n|\n|t:|1683162492\n|move|p1a: Bronzong|Gyro Ball|p2b: Chien-Pao\n|-supereffective|p2b: Chien-Pao\n|-enditem|p2b: Chien-Pao|Focus Sash\n|-damage|p2b: Chien-Pao|1\/100\n|cant|p1b: Iron Hands|slp\n|move|p2a: Amoonguss|Spore|p1a: Bronzong\n|-status|p1a: Bronzong|slp|[from] move: Spore\n|move|p2b: Chien-Pao|Throat Chop|p1a: Bronzong\n|-supereffective|p1a: Bronzong\n|-damage|p1a: Bronzong|20\/100 slp\n|-start|p1a: Bronzong|Throat Chop|[silent]\n|\n|-heal|p1a: Bronzong|27\/100 slp|[from] item: Leftovers\n|upkeep\n|turn|5\n|\n|t:|1683162515\n|cant|p1a: Bronzong|slp\n|cant|p1b: Iron Hands|slp\n|move|p2a: Amoonguss|Pollen Puff|p2b: Chien-Pao\n|-heal|p2b: Chien-Pao|51\/100\n|move|p2b: Chien-Pao|Throat Chop|p1a: Bronzong\n|-supereffective|p1a: Bronzong\n|-damage|p1a: Bronzong|0 fnt\n|faint|p1a: Bronzong\n|\n|-fieldend|move: Trick Room\n|upkeep\n|\n|t:|1683162519\n|switch|p1a: Iron Bundle|Iron Bundle, L50|100\/100\n|-enditem|p1a: Iron Bundle|Booster Energy\n|-activate|p1a: Iron Bundle|ability: Quark Drive|[fromitem]\n|-start|p1a: Iron Bundle|quarkdrivespe\n|turn|6\n|\n|t:|1683162543\n|move|p1a: Iron Bundle|Protect|p1a: Iron Bundle\n|-singleturn|p1a: Iron Bundle|Protect\n|move|p2b: Chien-Pao|Protect|p2b: Chien-Pao\n|-singleturn|p2b: Chien-Pao|Protect\n|move|p2a: Amoonguss|Spore|p1a: Iron Bundle\n|-activate|p1a: Iron Bundle|move: Protect\n|-curestatus|p1b: Iron Hands|slp|[msg]\n|move|p1b: Iron Hands|Drain Punch|p2b: Chien-Pao\n|-activate|p2b: Chien-Pao|move: Protect\n|\n|upkeep\n|turn|7\n|inactive|RavenSage has 30 seconds left.\n|\n|t:|1683162572\n|move|p2b: Chien-Pao|Protect|p2b: Chien-Pao\n|-singleturn|p2b: Chien-Pao|Protect\n|move|p1a: Iron Bundle|Icy Wind|p2a: Amoonguss|[spread] p2a\n|-activate|p2b: Chien-Pao|move: Protect\n|-supereffective|p2a: Amoonguss\n|-damage|p2a: Amoonguss|58\/100\n|-unboost|p2a: Amoonguss|spe|1\n|move|p1b: Iron Hands|Drain Punch|p2b: Chien-Pao\n|-activate|p2b: Chien-Pao|move: Protect\n|move|p2a: Amoonguss|Spore|p1b: Iron Hands\n|-status|p1b: Iron Hands|slp|[from] move: Spore\n|\n|upkeep\n|turn|8\n|inactive|RavenSage has 30 seconds left.\n|\n|t:|1683162598\n|move|p1a: Iron Bundle|Protect|p1a: Iron Bundle\n|-singleturn|p1a: Iron Bundle|Protect\n|move|p2b: Chien-Pao|Sacred Sword|p1a: Iron Bundle\n|-activate|p1a: Iron Bundle|move: Protect\n|cant|p1b: Iron Hands|slp\n|move|p2a: Amoonguss|Spore|p1a: Iron Bundle\n|-activate|p1a: Iron Bundle|move: Protect\n|\n|upkeep\n|turn|9\n|inactive|HocusPocusAlakazam has 30 seconds left.\n|\n|t:|1683162628\n|move|p1a: Iron Bundle|Freeze-Dry|p2a: Amoonguss\n|-supereffective|p2a: Amoonguss\n|-damage|p2a: Amoonguss|11\/100\n|-enditem|p2a: Amoonguss|Aguav Berry|[eat]\n|-heal|p2a: Amoonguss|44\/100|[from] item: Aguav Berry\n|move|p2b: Chien-Pao|Sacred Sword|p1a: Iron Bundle\n|-supereffective|p1a: Iron Bundle\n|-damage|p1a: Iron Bundle|0 fnt\n|faint|p1a: Iron Bundle\n|-end|p1a: Iron Bundle|Quark Drive|[silent]\n|-curestatus|p1b: Iron Hands|slp|[msg]\n|move|p1b: Iron Hands|Drain Punch|p2b: Chien-Pao\n|-supereffective|p2b: Chien-Pao\n|-damage|p2b: Chien-Pao|0 fnt\n|faint|p2b: Chien-Pao\n|move|p2a: Amoonguss|Pollen Puff|p2: Chien-Pao|[notarget]\n|-fail|p2a: Amoonguss\n|\n|upkeep\n|\n|t:|1683162647\n|switch|p2b: Flutter Mane|Flutter Mane, L50|100\/100\n|switch|p1a: Ting-Lu|Ting-Lu, L50|100\/100\n|-ability|p1a: Ting-Lu|Vessel of Ruin\n|turn|10\n|\n|t:|1683162658\n|move|p2b: Flutter Mane|Protect|p2b: Flutter Mane\n|-singleturn|p2b: Flutter Mane|Protect\n|move|p1b: Iron Hands|Drain Punch|p2a: Amoonguss\n|-resisted|p2a: Amoonguss\n|-damage|p2a: Amoonguss|18\/100\n|move|p1a: Ting-Lu|Throat Chop|p2a: Amoonguss\n|-damage|p2a: Amoonguss|0 fnt\n|faint|p2a: Amoonguss\n|\n|upkeep\n|turn|11\n|\n|t:|1683162674\n|-terastallize|p2b: Flutter Mane|Fairy\n|move|p2b: Flutter Mane|Dazzling Gleam|p1a: Ting-Lu|[spread] p1a,p1b\n|-supereffective|p1a: Ting-Lu\n|-resisted|p1b: Iron Hands\n|-damage|p1a: Ting-Lu|54\/100\n|-damage|p1b: Iron Hands|93\/100\n|move|p1b: Iron Hands|Thunder Punch|p2b: Flutter Mane\n|-damage|p2b: Flutter Mane|0 fnt\n|faint|p2b: Flutter Mane\n|-end|p2b: Flutter Mane|Protosynthesis|[silent]\n|\n|win|HocusPocusAlakazam\n|raw|HocusPocusAlakazam's rating: 1173 → 1195<\/strong> (+22 for winning)\n|raw|RavenSage's rating: 1134 → 1112<\/strong> (-22 for losing)\n|l|\u2606RavenSage\n","uploadtime":1683162691,"views":11,"p1id":"hocuspocusalakazam","p2id":"ravensage","formatid":"gen9vgc2023regulationc","rating":1112,"private":0,"password":""}