{"id":"gen9vgc2023regulationc-1858833063","p1":"MemePlayer=Bitch","p2":"MadMarquis","format":"[Gen 9] VGC 2023 Regulation C","log":"|j|\u2606MemePlayer=Bitch\n|j|\u2606MadMarquis\n|t:|1683370224\n|gametype|doubles\n|player|p1|MemePlayer=Bitch|norman|1085\n|player|p2|MadMarquis|colress|1175\n|teamsize|p1|6\n|teamsize|p2|6\n|gen|9\n|tier|[Gen 9] VGC 2023 Regulation C\n|rated|\n|rule|Species Clause: Limit one of each Pok\u00e9mon\n|rule|Item Clause: Limit one of each item\n|clearpoke\n|poke|p1|Gyarados, L50, F|\n|poke|p1|Glimmora, L50, M|\n|poke|p1|Flutter Mane, L50|\n|poke|p1|Corviknight, L50, F|\n|poke|p1|Chi-Yu, L50|\n|poke|p1|Iron Hands, L50|\n|poke|p2|Chien-Pao, L50|\n|poke|p2|Dudunsparce-*, L50, F|\n|poke|p2|Murkrow, L50, F|\n|poke|p2|Iron Valiant, L50|\n|poke|p2|Mimikyu, L50, M|\n|poke|p2|Iron Moth, L50|\n|teampreview|4\nMemePlayer=Bitch has agreed to open team sheets.\n|\n|t:|1683370310\n|start\n|switch|p1a: Iron Hands|Iron Hands, L50|100\/100\n|switch|p1b: Flutter Mane|Flutter Mane, L50|100\/100\n|switch|p2a: Murkrow|Murkrow, L50, F|100\/100\n|switch|p2b: Dudunsparce|Dudunsparce, L50, F|100\/100\n|-enditem|p1b: Flutter Mane|Booster Energy\n|-activate|p1b: Flutter Mane|ability: Protosynthesis|[fromitem]\n|-start|p1b: Flutter Mane|protosynthesisspa\n|turn|1\n|\n|t:|1683370371\n|-terastallize|p1b: Flutter Mane|Fairy\n|move|p1a: Iron Hands|Fake Out|p2a: Murkrow\n|-damage|p2a: Murkrow|72\/100\n|move|p2a: Murkrow|Tailwind|p2a: Murkrow\n|-sidestart|p2: MadMarquis|move: Tailwind\n|move|p1b: Flutter Mane|Dazzling Gleam|p2b: Dudunsparce|[spread] p2a,p2b\n|-supereffective|p2a: Murkrow\n|-damage|p2a: Murkrow|0 fnt\n|-damage|p2b: Dudunsparce|68\/100\n|faint|p2a: Murkrow\n|move|p2b: Dudunsparce|Earthquake|p1b: Flutter Mane|[spread] p1a,p1b\n|-supereffective|p1a: Iron Hands\n|-crit|p1a: Iron Hands\n|-damage|p1a: Iron Hands|52\/100\n|-damage|p1b: Flutter Mane|67\/100\n|\n|upkeep\n|\n|t:|1683370386\n|switch|p2a: Chien-Pao|Chien-Pao, L50|100\/100\n|-ability|p2a: Chien-Pao|Sword of Ruin\n|turn|2\n|\n|t:|1683370396\n|-end|p1b: Flutter Mane|Protosynthesis|[silent]\n|switch|p1b: Gyarados|Gyarados, L50, F|100\/100\n|-ability|p1b: Gyarados|Intimidate|boost\n|-unboost|p2a: Chien-Pao|atk|1\n|-unboost|p2b: Dudunsparce|atk|1\n|-terastallize|p2a: Chien-Pao|Ground\n|move|p2a: Chien-Pao|Tera Blast|p1a: Iron Hands\n|-supereffective|p1a: Iron Hands\n|-damage|p1a: Iron Hands|3\/100\n|move|p2b: Dudunsparce|Poison Jab|p1b: Gyarados\n|-damage|p1b: Gyarados|80\/100\n|-status|p1b: Gyarados|psn\n|move|p1a: Iron Hands|Drain Punch|p2a: Chien-Pao\n|-damage|p2a: Chien-Pao|39\/100\n|-heal|p1a: Iron Hands|22\/100|[from] drain|[of] p2a: Chien-Pao\n|\n|-damage|p1b: Gyarados|68\/100 psn|[from] psn\n|upkeep\n|turn|3\n|\n|t:|1683370422\n|move|p2a: Chien-Pao|Tera Blast|p1a: Iron Hands\n|-supereffective|p1a: Iron Hands\n|-damage|p1a: Iron Hands|0 fnt\n|faint|p1a: Iron Hands\n|-end|p1a: Iron Hands|Quark Drive|[silent]\n|move|p2b: Dudunsparce|Rock Slide|p1b: Gyarados\n|-supereffective|p1b: Gyarados\n|-damage|p1b: Gyarados|31\/100 psn\n|cant|p1b: Gyarados|flinch\n|\n|-damage|p1b: Gyarados|19\/100 psn|[from] psn\n|upkeep\n|\n|t:|1683370439\n|switch|p1a: Corviknight|Corviknight, L50, F|100\/100\n|turn|4\n|\n|t:|1683370451\n|move|p1b: Gyarados|Protect|p1b: Gyarados\n|-singleturn|p1b: Gyarados|Protect\n|move|p2a: Chien-Pao|Ice Spinner|p1a: Corviknight\n|-damage|p1a: Corviknight|69\/100\n|move|p2b: Dudunsparce|Rock Slide|p1a: Corviknight|[spread] p1a\n|-activate|p1b: Gyarados|move: Protect\n|-damage|p1a: Corviknight|56\/100\n|cant|p1a: Corviknight|flinch\n|\n|-heal|p1a: Corviknight|62\/100|[from] item: Leftovers\n|-damage|p1b: Gyarados|6\/100 psn|[from] psn\n|-sideend|p2: MadMarquis|move: Tailwind\n|upkeep\n|turn|5\n|inactive|Battle timer is ON: inactive players will automatically lose when time's up. (requested by MadMarquis)\n|inactive|MemePlayer=Bitch has 60 seconds left.\n|inactive|MemePlayer=Bitch has 30 seconds left.\n|inactive|MemePlayer=Bitch has 20 seconds left.\n|inactive|MemePlayer=Bitch has 15 seconds left.\n|inactive|MemePlayer=Bitch has 10 seconds left.\n|inactive|MemePlayer=Bitch has 5 seconds left.\n|\n|t:|1683370611\n|move|p2a: Chien-Pao|Ice Spinner|p1a: Corviknight\n|-damage|p1a: Corviknight|34\/100\n|move|p1b: Gyarados|Thunder Wave|p2b: Dudunsparce\n|-status|p2b: Dudunsparce|par\n|move|p1a: Corviknight|Bulk Up|p1a: Corviknight\n|-boost|p1a: Corviknight|atk|1\n|-boost|p1a: Corviknight|def|1\n|move|p2b: Dudunsparce|Rock Slide|p1b: Gyarados|[spread] p1a,p1b\n|-supereffective|p1b: Gyarados\n|-damage|p1a: Corviknight|25\/100\n|-damage|p1b: Gyarados|0 fnt\n|faint|p1b: Gyarados\n|\n|-heal|p1a: Corviknight|31\/100|[from] item: Leftovers\n|upkeep\n|inactive|MemePlayer=Bitch has 30 seconds left.\n|inactive|MemePlayer=Bitch has 20 seconds left.\n|inactive|MemePlayer=Bitch has 15 seconds left.\n|inactive|MemePlayer=Bitch has 10 seconds left.\n|inactive|MemePlayer=Bitch has 5 seconds left.\n|\n|t:|1683370666\n|switch|p1b: Flutter Mane|Flutter Mane, L50, tera:Fairy|67\/100\n|turn|6\n|inactive|MemePlayer=Bitch has 30 seconds left.\n|inactive|MemePlayer=Bitch has 20 seconds left.\n|inactive|MemePlayer=Bitch has 15 seconds left.\n|inactive|MemePlayer=Bitch has 10 seconds left.\n|inactive|MemePlayer=Bitch has 5 seconds left.\n|\n|t:|1683370721\n|move|p2a: Chien-Pao|Sacred Sword|p1a: Corviknight\n|-damage|p1a: Corviknight|7\/100\n|move|p1b: Flutter Mane|Dazzling Gleam|p2a: Chien-Pao|[spread] p2a,p2b\n|-damage|p2a: Chien-Pao|0 fnt\n|-damage|p2b: Dudunsparce|42\/100 par\n|faint|p2a: Chien-Pao\n|move|p1a: Corviknight|Bulk Up|p1a: Corviknight\n|-boost|p1a: Corviknight|atk|1\n|-boost|p1a: Corviknight|def|1\n|move|p2b: Dudunsparce|Poison Jab|p1b: Flutter Mane\n|-supereffective|p1b: Flutter Mane\n|-damage|p1b: Flutter Mane|18\/100\n|-status|p1b: Flutter Mane|psn\n|\n|-heal|p1a: Corviknight|13\/100|[from] item: Leftovers\n|-damage|p1b: Flutter Mane|6\/100 psn|[from] psn\n|upkeep\n|c|\u2606MemePlayer=Bitch|encounter just f*king meme teams on this platform. Just techs on techs, and i just waste my time, because i must prepare myself for a tournament. Thanks for the Waste Time. Ah and thanks that you've accepted the open team sheets -_-\n|\n|t:|1683370736\n|switch|p2a: Mimikyu|Mimikyu, L50, M, shiny|100\/100\n|turn|7\n|-message|MemePlayer=Bitch forfeited by changing their name.\n|l|memeplayerbitch\n|\n|win|MadMarquis\n|raw|MemePlayer=Bitch's rating: 1068 → 1054<\/strong> (-14 for losing)\n|raw|MadMarquis's rating: 1175 → 1193<\/strong> (+18 for winning)\n","uploadtime":1683370781,"views":13,"p1id":"memeplayerbitch","p2id":"madmarquis","formatid":"gen9vgc2023regulationc","rating":1054,"private":0,"password":""}