{"id":"gen9vgc2023regulationc-1850584839","p1":"stockcarrot","p2":"Wooper187","format":"[Gen 9] VGC 2023 Regulation C","log":"|j|\u2606stockcarrot\n|j|\u203dWooper187\n|t:|1682350724\n|gametype|doubles\n|player|p1|stockcarrot|backersf|1070\n|player|p2|Wooper187|102|1019\n|teamsize|p1|6\n|teamsize|p2|6\n|gen|9\n|tier|[Gen 9] VGC 2023 Regulation C\n|rated|\n|rule|Species Clause: Limit one of each Pok\u00e9mon\n|rule|Item Clause: Limit one of each item\n|clearpoke\n|poke|p1|Ting-Lu, L50|\n|poke|p1|Amoonguss, L50, F|\n|poke|p1|Indeedee-F, L50, F|\n|poke|p1|Armarouge, L50, M|\n|poke|p1|Rotom-Frost, L50|\n|poke|p1|Salamence, L50, F|\n|poke|p2|Ting-Lu, L50|\n|poke|p2|Arcanine, L50, F|\n|poke|p2|Amoonguss, L50, F|\n|poke|p2|Talonflame, L50, F|\n|poke|p2|Iron Bundle, L50|\n|poke|p2|Iron Moth, L50|\n|teampreview|4\n|inactive|Battle timer is ON: inactive players will automatically lose when time's up. (requested by stockcarrot)\nWooper187 has agreed to open team sheets.\n|inactive|Wooper187 has 60 seconds left.\n|\n|t:|1682350782\n|start\n|switch|p1a: Indeedee|Indeedee-F, L50, F|100\/100\n|switch|p1b: Armarouge|Armarouge, L50, M|100\/100\n|switch|p2a: Talonflame|Talonflame, L50, F|100\/100\n|switch|p2b: Iron Moth|Iron Moth, L50|100\/100\n|-fieldstart|move: Psychic Terrain|[from] ability: Psychic Surge|[of] p1a: Indeedee\n|turn|1\n|\n|t:|1682350798\n|move|p1b: Armarouge|Protect|p1b: Armarouge\n|-singleturn|p1b: Armarouge|Protect\n|move|p2a: Talonflame|Tailwind|p2a: Talonflame\n|-sidestart|p2: Wooper187|move: Tailwind\n|move|p2b: Iron Moth|Psychic|p1b: Armarouge\n|-activate|p1b: Armarouge|move: Protect\n|move|p1a: Indeedee|Trick Room|p1a: Indeedee\n|-fieldstart|move: Trick Room|[of] p1a: Indeedee\n|\n|upkeep\n|turn|2\n|\n|t:|1682350811\n|-terastallize|p1b: Armarouge|Psychic\n|move|p1a: Indeedee|Helping Hand|p1b: Armarouge\n|-singleturn|p1b: Armarouge|Helping Hand|[of] p1a: Indeedee\n|move|p2a: Talonflame|Protect|p2a: Talonflame\n|-singleturn|p2a: Talonflame|Protect\n|move|p1b: Armarouge|Expanding Force|p2a: Talonflame|[spread] p2b\n|-activate|p2a: Talonflame|move: Protect\n|-supereffective|p2b: Iron Moth\n|-crit|p2b: Iron Moth\n|-damage|p2b: Iron Moth|0 fnt\n|faint|p2b: Iron Moth\n|-end|p2b: Iron Moth|Quark Drive|[silent]\n|\n|upkeep\n|\n|t:|1682350832\n|switch|p2b: Ting-Lu|Ting-Lu, L50|100\/100\n|-ability|p2b: Ting-Lu|Vessel of Ruin\n|turn|3\n|\n|t:|1682350852\n|move|p2a: Talonflame|Brave Bird|p1b: Armarouge\n|-activate|p1b: Armarouge|move: Psychic Terrain\n|move|p1b: Armarouge|Expanding Force|p2b: Ting-Lu|[spread] p2a\n|-immune|p2b: Ting-Lu\n|-damage|p2a: Talonflame|8\/100\n|move|p1a: Indeedee|Hyper Voice|p2a: Talonflame|[spread] p2a,p2b\n|-damage|p2a: Talonflame|0 fnt\n|-damage|p2b: Ting-Lu|94\/100\n|faint|p2a: Talonflame\n|move|p2b: Ting-Lu|Throat Chop|p1a: Indeedee\n|-supereffective|p1a: Indeedee\n|-damage|p1a: Indeedee|11\/100\n|-start|p1a: Indeedee|Throat Chop|[silent]\n|\n|upkeep\n|\n|t:|1682350861\n|switch|p2a: Amoonguss|Amoonguss, L50, F|100\/100\n|turn|4\n|\n|t:|1682350870\n|move|p2a: Amoonguss|Protect|p2a: Amoonguss\n|-singleturn|p2a: Amoonguss|Protect\n|move|p1a: Indeedee|Protect|p1a: Indeedee\n|-singleturn|p1a: Indeedee|Protect\n|move|p1b: Armarouge|Expanding Force|p2b: Ting-Lu|[spread] \n|-activate|p2a: Amoonguss|move: Protect\n|-immune|p2b: Ting-Lu\n|move|p2b: Ting-Lu|Throat Chop|p1b: Armarouge\n|-supereffective|p1b: Armarouge\n|-damage|p1b: Armarouge|43\/100\n|-start|p1b: Armarouge|Throat Chop|[silent]\n|\n|-end|p1a: Indeedee|Throat Chop|[silent]\n|-sideend|p2: Wooper187|move: Tailwind\n|upkeep\n|turn|5\n|inactive|stockcarrot has 30 seconds left.\n|inactive|stockcarrot has 20 seconds left.\n|inactive|stockcarrot has 15 seconds left.\n|\n|t:|1682350917\n|switch|p1b: Salamence|Salamence, L50, F|100\/100\n|-ability|p1b: Salamence|Intimidate|boost\n|-unboost|p2a: Amoonguss|atk|1\n|-unboost|p2b: Ting-Lu|atk|1\n|move|p2a: Amoonguss|Spore|p1b: Salamence\n|-status|p1b: Salamence|slp|[from] move: Spore\n|move|p2b: Ting-Lu|Throat Chop|p1a: Indeedee\n|-supereffective|p1a: Indeedee\n|-crit|p1a: Indeedee\n|-damage|p1a: Indeedee|0 fnt\n|faint|p1a: Indeedee\n|\n|-fieldend|move: Trick Room\n|-fieldend|move: Psychic Terrain\n|upkeep\n|\n|t:|1682350928\n|switch|p1a: Ting-Lu|Ting-Lu, L50|100\/100\n|-ability|p1a: Ting-Lu|Vessel of Ruin\n|turn|6\n|\n|t:|1682350945\n|switch|p1b: Armarouge|Armarouge, L50, M, tera:Psychic|43\/100\n|move|p2b: Ting-Lu|Ruination|p1a: Ting-Lu\n|-damage|p1a: Ting-Lu|50\/100\n|move|p1a: Ting-Lu|Fissure|p2a: Amoonguss|[miss]\n|-miss|p1a: Ting-Lu|p2a: Amoonguss\n|move|p2a: Amoonguss|Spore|p1a: Ting-Lu\n|-status|p1a: Ting-Lu|slp|[from] move: Spore\n|\n|upkeep\n|turn|7\n|\n|t:|1682350966\n|-terastallize|p2a: Amoonguss|Water\n|move|p1b: Armarouge|Protect|p1b: Armarouge\n|-singleturn|p1b: Armarouge|Protect\n|move|p2b: Ting-Lu|Throat Chop|p1b: Armarouge\n|-activate|p1b: Armarouge|move: Protect\n|cant|p1a: Ting-Lu|slp\n|move|p2a: Amoonguss|Pollen Puff|p1a: Ting-Lu\n|-supereffective|p1a: Ting-Lu\n|-damage|p1a: Ting-Lu|39\/100 slp\n|\n|upkeep\n|turn|8\n|inactive|stockcarrot has 30 seconds left.\n|\n|t:|1682350992\n|move|p2a: Amoonguss|Rage Powder|p2a: Amoonguss\n|-singleturn|p2a: Amoonguss|move: Rage Powder\n|move|p1b: Armarouge|Expanding Force|p2a: Amoonguss\n|-damage|p2a: Amoonguss|62\/100\n|move|p2b: Ting-Lu|Throat Chop|p1b: Armarouge\n|-supereffective|p1b: Armarouge\n|-damage|p1b: Armarouge|3\/100\n|-start|p1b: Armarouge|Throat Chop|[silent]\n|cant|p1a: Ting-Lu|slp\n|\n|-heal|p2a: Amoonguss|68\/100|[from] item: Leftovers\n|upkeep\n|turn|9\n|inactive|Wooper187 has 30 seconds left.\n|\n|t:|1682351018\n|move|p2a: Amoonguss|Protect|p2a: Amoonguss\n|-singleturn|p2a: Amoonguss|Protect\n|move|p1b: Armarouge|Expanding Force|p2a: Amoonguss\n|-activate|p2a: Amoonguss|move: Protect\n|move|p2b: Ting-Lu|Throat Chop|p1b: Armarouge\n|-supereffective|p1b: Armarouge\n|-crit|p1b: Armarouge\n|-damage|p1b: Armarouge|0 fnt\n|faint|p1b: Armarouge\n|-curestatus|p1a: Ting-Lu|slp|[msg]\n|move|p1a: Ting-Lu|Stomping Tantrum|p2a: Amoonguss\n|-activate|p2a: Amoonguss|move: Protect\n|\n|-heal|p2a: Amoonguss|74\/100|[from] item: Leftovers\n|upkeep\n|\n|t:|1682351030\n|switch|p1b: Salamence|Salamence, L50, F|100\/100 slp\n|-ability|p1b: Salamence|Intimidate|boost\n|-unboost|p2a: Amoonguss|atk|1\n|-unboost|p2b: Ting-Lu|atk|1\n|turn|10\n|\n|t:|1682351050\n|cant|p1b: Salamence|slp\n|move|p2b: Ting-Lu|Ruination|p1b: Salamence\n|-damage|p1b: Salamence|50\/100 slp\n|move|p1a: Ting-Lu|Fissure|p2a: Amoonguss|[miss]\n|-miss|p1a: Ting-Lu|p2a: Amoonguss\n|move|p2a: Amoonguss|Spore|p1a: Ting-Lu\n|-status|p1a: Ting-Lu|slp|[from] move: Spore\n|\n|-heal|p1b: Salamence|56\/100 slp|[from] item: Leftovers\n|-heal|p2a: Amoonguss|80\/100|[from] item: Leftovers\n|upkeep\n|turn|11\n|\n|t:|1682351075\n|-curestatus|p1b: Salamence|slp|[msg]\n|move|p1b: Salamence|Draco Meteor|p2b: Ting-Lu\n|-damage|p2b: Ting-Lu|81\/100\n|-unboost|p1b: Salamence|spa|2\n|move|p2b: Ting-Lu|Ruination|p1b: Salamence\n|-damage|p1b: Salamence|29\/100\n|cant|p1a: Ting-Lu|slp\n|move|p2a: Amoonguss|Spore|p1b: Salamence\n|-status|p1b: Salamence|slp|[from] move: Spore\n|\n|-heal|p1b: Salamence|35\/100 slp|[from] item: Leftovers\n|-heal|p2a: Amoonguss|86\/100|[from] item: Leftovers\n|upkeep\n|turn|12\n|\n|t:|1682351094\n|cant|p1b: Salamence|slp\n|move|p2b: Ting-Lu|Ruination|p1a: Ting-Lu\n|-damage|p1a: Ting-Lu|20\/100 slp\n|cant|p1a: Ting-Lu|slp\n|move|p2a: Amoonguss|Spore|p1a: Ting-Lu\n|-fail|p1a: Ting-Lu|slp\n|\n|-heal|p1b: Salamence|41\/100 slp|[from] item: Leftovers\n|-heal|p2a: Amoonguss|92\/100|[from] item: Leftovers\n|upkeep\n|turn|13\n|\n|t:|1682351114\n|-curestatus|p1b: Salamence|slp|[msg]\n|move|p1b: Salamence|Tailwind|p1b: Salamence\n|-sidestart|p1: stockcarrot|move: Tailwind\n|cant|p1a: Ting-Lu|slp\n|move|p2b: Ting-Lu|Throat Chop|p1a: Ting-Lu\n|-resisted|p1a: Ting-Lu\n|-damage|p1a: Ting-Lu|16\/100 slp\n|-start|p1a: Ting-Lu|Throat Chop|[silent]\n|move|p2a: Amoonguss|Spore|p1a: Ting-Lu\n|-fail|p1a: Ting-Lu|slp\n|\n|-heal|p1b: Salamence|47\/100|[from] item: Leftovers\n|-heal|p2a: Amoonguss|98\/100|[from] item: Leftovers\n|upkeep\n|turn|14\n|\n|t:|1682351129\n|move|p1b: Salamence|Protect|p1b: Salamence\n|-singleturn|p1b: Salamence|Protect\n|-curestatus|p1a: Ting-Lu|slp|[msg]\n|move|p1a: Ting-Lu|Fissure|p2b: Ting-Lu|[miss]\n|-miss|p1a: Ting-Lu|p2b: Ting-Lu\n|move|p2b: Ting-Lu|Ruination|p1b: Salamence\n|-activate|p1b: Salamence|move: Protect\n|move|p2a: Amoonguss|Spore|p1b: Salamence\n|-activate|p1b: Salamence|move: Protect\n|\n|-heal|p1b: Salamence|52\/100|[from] item: Leftovers\n|-heal|p2a: Amoonguss|100\/100|[from] item: Leftovers\n|-end|p1a: Ting-Lu|Throat Chop|[silent]\n|upkeep\n|turn|15\n|inactive|stockcarrot has 30 seconds left.\n|\n|t:|1682351155\n|move|p2a: Amoonguss|Protect|p2a: Amoonguss\n|-singleturn|p2a: Amoonguss|Protect\n|move|p1b: Salamence|Draco Meteor|p2a: Amoonguss\n|-activate|p2a: Amoonguss|move: Protect\n|move|p1a: Ting-Lu|Fissure|p2b: Ting-Lu|[miss]\n|-miss|p1a: Ting-Lu|p2b: Ting-Lu\n|move|p2b: Ting-Lu|Ruination|p1b: Salamence\n|-damage|p1b: Salamence|27\/100\n|\n|-heal|p1b: Salamence|33\/100|[from] item: Leftovers\n|upkeep\n|turn|16\n|\n|t:|1682351173\n|move|p1b: Salamence|Protect|p1b: Salamence\n|-singleturn|p1b: Salamence|Protect\n|move|p1a: Ting-Lu|Fissure|p2b: Ting-Lu|[miss]\n|-miss|p1a: Ting-Lu|p2b: Ting-Lu\n|move|p2b: Ting-Lu|Ruination|p1a: Ting-Lu\n|-damage|p1a: Ting-Lu|8\/100\n|move|p2a: Amoonguss|Spore|p1a: Ting-Lu\n|-status|p1a: Ting-Lu|slp|[from] move: Spore\n|\n|-heal|p1b: Salamence|39\/100|[from] item: Leftovers\n|-sideend|p1: stockcarrot|move: Tailwind\n|upkeep\n|turn|17\n|\n|t:|1682351189\n|move|p1b: Salamence|Tailwind|p1b: Salamence\n|-sidestart|p1: stockcarrot|move: Tailwind\n|cant|p1a: Ting-Lu|slp\n|move|p2b: Ting-Lu|Heavy Slam|p1b: Salamence\n|-damage|p1b: Salamence|22\/100\n|move|p2a: Amoonguss|Pollen Puff|p1a: Ting-Lu\n|-supereffective|p1a: Ting-Lu\n|-damage|p1a: Ting-Lu|0 fnt\n|faint|p1a: Ting-Lu\n|\n|-heal|p1b: Salamence|28\/100|[from] item: Leftovers\n|upkeep\n|turn|18\n|-message|stockcarrot forfeited.\n|\n|win|Wooper187\n|raw|stockcarrot's rating: 1070 → 1047<\/strong> (-23 for losing)\n|raw|Wooper187's rating: 1019 → 1062<\/strong> (+43 for winning)\n|l|\u2606stockcarrot\n","uploadtime":1682351203,"views":18,"p1id":"stockcarrot","p2id":"wooper187","formatid":"gen9vgc2023regulationc","rating":1047,"private":0,"password":""}