{"id":"gen9vgc2023regulationc-1851760714","p1":"espectr0l","p2":"amphibia22","format":"[Gen 9] VGC 2023 Regulation C","log":"|j|\u2606espectr0l\n|j|\u2606amphibia22\n|t:|1682479448\n|gametype|doubles\n|player|p1|espectr0l|bruno|1126\n|player|p2|amphibia22|ninjaboy|1076\n|teamsize|p1|6\n|teamsize|p2|6\n|gen|9\n|tier|[Gen 9] VGC 2023 Regulation C\n|rated|\n|rule|Species Clause: Limit one of each Pok\u00e9mon\n|rule|Item Clause: Limit one of each item\n|clearpoke\n|poke|p1|Iron Bundle, L50|\n|poke|p1|Iron Hands, L50|\n|poke|p1|Flutter Mane, L50|\n|poke|p1|Baxcalibur, L50, M|\n|poke|p1|Arcanine, L50, F|\n|poke|p1|Garganacl, L50, F|\n|poke|p2|Flutter Mane, L50|\n|poke|p2|Arcanine, L50, F|\n|poke|p2|Palafin, L50, M|\n|poke|p2|Amoonguss, L50, M|\n|poke|p2|Dragonite, L50, M|\n|poke|p2|Kingambit, L50, F|\n|teampreview|4\n|inactive|Battle timer is ON: inactive players will automatically lose when time's up. (requested by espectr0l)\namphibia22 has agreed to open team sheets.\n|inactive|espectr0l has 60 seconds left.\n|\n|t:|1682479481\n|start\n|switch|p1a: Iron Hands|Iron Hands, L50|100\/100\n|switch|p1b: Iron Bundle|Iron Bundle, L50|100\/100\n|switch|p2a: Flutter Mane|Flutter Mane, L50|100\/100\n|switch|p2b: Palafin|Palafin, L50, M|100\/100\n|-enditem|p1b: Iron Bundle|Booster Energy\n|-activate|p1b: Iron Bundle|ability: Quark Drive|[fromitem]\n|-start|p1b: Iron Bundle|quarkdrivespe\n|turn|1\n|inactive|espectr0l has 30 seconds left.\n|inactive|amphibia22 has 30 seconds left.\n|\n|t:|1682479510\n|detailschange|p2b: Palafin|Palafin-Hero, L50, M\n|switch|p2b: Arcanine|Arcanine, L50, F|100\/100\n|-ability|p2b: Arcanine|Intimidate|boost\n|-unboost|p1a: Iron Hands|atk|1\n|-unboost|p1b: Iron Bundle|atk|1\n|move|p1b: Iron Bundle|Icy Wind|p2b: Arcanine|[spread] p2a,p2b\n|-resisted|p2b: Arcanine\n|-damage|p2a: Flutter Mane|81\/100\n|-damage|p2b: Arcanine|90\/100\n|-unboost|p2a: Flutter Mane|spe|1\n|-unboost|p2b: Arcanine|spe|1\n|move|p2a: Flutter Mane|Moonblast|p1a: Iron Hands\n|-supereffective|p1a: Iron Hands\n|-damage|p1a: Iron Hands|23\/100\n|-unboost|p1a: Iron Hands|spa|1\n|move|p1a: Iron Hands|Thunder Punch|p2a: Flutter Mane\n|-damage|p2a: Flutter Mane|39\/100\n|\n|upkeep\n|turn|2\n|inactive|espectr0l has 30 seconds left.\n|inactive|espectr0l has 20 seconds left.\n|inactive|espectr0l has 15 seconds left.\n|\n|t:|1682479550\n|move|p1b: Iron Bundle|Icy Wind|p2a: Flutter Mane|[spread] p2a,p2b\n|-resisted|p2b: Arcanine\n|-damage|p2a: Flutter Mane|22\/100\n|-damage|p2b: Arcanine|78\/100\n|-unboost|p2a: Flutter Mane|spe|1\n|-unboost|p2b: Arcanine|spe|1\n|move|p2a: Flutter Mane|Moonblast|p1a: Iron Hands\n|-supereffective|p1a: Iron Hands\n|-damage|p1a: Iron Hands|0 fnt\n|faint|p1a: Iron Hands\n|-end|p1a: Iron Hands|Quark Drive|[silent]\n|move|p2b: Arcanine|Flare Blitz|p1b: Iron Bundle\n|-damage|p1b: Iron Bundle|42\/100\n|-damage|p2b: Arcanine|66\/100|[from] Recoil\n|\n|upkeep\n|\n|t:|1682479568\n|switch|p1a: Arcanine|Arcanine, L50, F|100\/100\n|-ability|p1a: Arcanine|Intimidate|boost\n|-unboost|p2a: Flutter Mane|atk|1\n|-unboost|p2b: Arcanine|atk|1\n|turn|3\n|\n|t:|1682479586\n|move|p1b: Iron Bundle|Protect|p1b: Iron Bundle\n|-singleturn|p1b: Iron Bundle|Protect\n|move|p2b: Arcanine|Protect|p2b: Arcanine\n|-singleturn|p2b: Arcanine|Protect\n|move|p1a: Arcanine|Snarl|p2b: Arcanine|[spread] p2a\n|-activate|p2b: Arcanine|move: Protect\n|-damage|p2a: Flutter Mane|15\/100\n|-unboost|p2a: Flutter Mane|spa|1\n|move|p2a: Flutter Mane|Moonblast|p1a: Arcanine\n|-resisted|p1a: Arcanine\n|-damage|p1a: Arcanine|74\/100\n|\n|upkeep\n|turn|4\n|inactive|espectr0l has 30 seconds left.\n|\n|t:|1682479615\n|switch|p2b: Palafin|Palafin-Hero, L50, M|100\/100\n|-activate|p2b: Palafin|ability: Zero to Hero\n|move|p1b: Iron Bundle|Hydro Pump|p2b: Palafin\n|-resisted|p2b: Palafin\n|-damage|p2b: Palafin|73\/100\n|move|p1a: Arcanine|Flare Blitz|p2a: Flutter Mane\n|-damage|p2a: Flutter Mane|0 fnt\n|faint|p2a: Flutter Mane\n|-end|p2a: Flutter Mane|Protosynthesis|[silent]\n|-damage|p1a: Arcanine|70\/100|[from] Recoil\n|\n|upkeep\n|\n|t:|1682479626\n|switch|p2a: Arcanine|Arcanine, L50, F|66\/100\n|-ability|p2a: Arcanine|Intimidate|boost\n|-unboost|p1a: Arcanine|atk|1\n|-unboost|p1b: Iron Bundle|atk|1\n|turn|5\n|\n|t:|1682479645\n|-terastallize|p2a: Arcanine|Water\n|move|p1a: Arcanine|Protect|p1a: Arcanine\n|-singleturn|p1a: Arcanine|Protect\n|move|p2b: Palafin|Protect|p2b: Palafin\n|-singleturn|p2b: Palafin|Protect\n|move|p1b: Iron Bundle|Hydro Pump|p2a: Arcanine\n|-resisted|p2a: Arcanine\n|-damage|p2a: Arcanine|35\/100\n|move|p2a: Arcanine|Howl|p2a: Arcanine|[spread] p2a,p2b\n|-boost|p2a: Arcanine|atk|1\n|-boost|p2b: Palafin|atk|1\n|\n|upkeep\n|turn|6\n|inactive|espectr0l has 30 seconds left.\n|\n|t:|1682479671\n|-terastallize|p1a: Arcanine|Dark\n|move|p2a: Arcanine|Extreme Speed|p1b: Iron Bundle\n|-damage|p1b: Iron Bundle|0 fnt\n|faint|p1b: Iron Bundle\n|-end|p1b: Iron Bundle|Quark Drive|[silent]\n|move|p2b: Palafin|Jet Punch|p1a: Arcanine\n|-damage|p1a: Arcanine|0 fnt\n|faint|p1a: Arcanine\n|\n|upkeep\n|inactive|espectr0l has 30 seconds left.\n|inactive|espectr0l has 20 seconds left.\n|inactive|espectr0l has 15 seconds left.\n|inactive|espectr0l has 10 seconds left.\n|inactive|espectr0l has 5 seconds left.\n|\n|t:|1682479726\n|switch|p1a: Garganacl|Garganacl, L50, F|100\/100\n|turn|7\n|inactive|espectr0l has 30 seconds left.\n|inactive|espectr0l has 20 seconds left.\n|inactive|espectr0l has 15 seconds left.\n|inactive|espectr0l has 10 seconds left.\n|inactive|espectr0l has 5 seconds left.\n|\n|t:|1682479781\n|move|p2b: Palafin|Wave Crash|p1a: Garganacl\n|-supereffective|p1a: Garganacl\n|-damage|p1a: Garganacl|0 fnt\n|faint|p1a: Garganacl\n|-damage|p2b: Palafin|40\/100|[from] Recoil\n|\n|win|amphibia22\n|raw|espectr0l's rating: 1126 → 1097<\/strong> (-29 for losing)\n|raw|amphibia22's rating: 1076 → 1109<\/strong> (+33 for winning)\n","uploadtime":1682480528,"views":12,"p1id":"espectr0l","p2id":"amphibia22","formatid":"gen9vgc2023regulationc","rating":1097,"private":0,"password":""}