{"id":"gen9vgc2023regulationc-1849851535","p1":"zurneus","p2":"FruitJuice148","format":"[Gen 9] VGC 2023 Regulation C","log":"|j|\u2606zurneus\n|j|\u2606FruitJuice148\n|t:|1682260593\n|gametype|doubles\n|player|p1|zurneus|richboy-gen4|\n|player|p2|FruitJuice148|hilbert-wonderlauncher|\n|teamsize|p1|6\n|teamsize|p2|6\n|gen|9\n|tier|[Gen 9] VGC 2023 Regulation C\n|rule|Species Clause: Limit one of each Pok\u00e9mon\n|rule|Item Clause: Limit one of each item\n|clearpoke\n|poke|p1|Flutter Mane, L50|\n|poke|p1|Palafin, L50, M|\n|poke|p1|Amoonguss, L50, M|\n|poke|p1|Kingambit, L50, F|\n|poke|p1|Great Tusk, L50|\n|poke|p1|Chi-Yu, L50|\n|poke|p2|Flutter Mane, L50|\n|poke|p2|Glimmora, L50, M|\n|poke|p2|Wo-Chien, L50|\n|poke|p2|Ting-Lu, L50|\n|poke|p2|Chi-Yu, L50|\n|poke|p2|Gyarados, L50, M|\n|teampreview|4\n|inactive|Battle timer is ON: inactive players will automatically lose when time's up. (requested by FruitJuice148)\nFruitJuice148 has agreed to open team sheets.\nzurneus has agreed to open team sheets.\n|\n|t:|1682260612\n|start\n|switch|p1a: Kingambit|Kingambit, L50, F|100\/100\n|switch|p1b: Great Tusk|Great Tusk, L50|100\/100\n|switch|p2a: Chi-Yu|Chi-Yu, L50|100\/100\n|switch|p2b: Glimmora|Glimmora, L50, M|100\/100\n|-ability|p2a: Chi-Yu|Beads of Ruin\n|turn|1\n|inactive|zurneus has 30 seconds left.\n|inactive|FruitJuice148 has 30 seconds left.\n|\n|t:|1682260647\n|switch|p2a: Wo-Chien|Wo-Chien, L50|100\/100\n|-ability|p2a: Wo-Chien|Tablets of Ruin\n|-terastallize|p1a: Kingambit|Flying\n|move|p1a: Kingambit|Sucker Punch||[still]\n|-fail|p1a: Kingambit\n|move|p1b: Great Tusk|Earthquake|p2a: Wo-Chien|[spread] p2a,p2b\n|-immune|p1a: Kingambit\n|-resisted|p2a: Wo-Chien\n|-supereffective|p2b: Glimmora\n|-damage|p2a: Wo-Chien|91\/100\n|-enditem|p2b: Glimmora|Focus Sash\n|-damage|p2b: Glimmora|1\/100\n|-activate|p2b: Glimmora|ability: Toxic Debris\n|-sidestart|p1: zurneus|move: Toxic Spikes\n|move|p2b: Glimmora|Power Gem|p1a: Kingambit\n|-supereffective|p1a: Kingambit\n|-damage|p1a: Kingambit|46\/100\n|\n|-heal|p2a: Wo-Chien|97\/100|[from] item: Leftovers\n|upkeep\n|turn|2\n|inactive|zurneus has 30 seconds left.\n|inactive|FruitJuice148 has 30 seconds left.\n|\n|t:|1682260678\n|switch|p1a: Moongus|Amoonguss, L50, M|100\/100\n|-sideend|p1: zurneus|move: Toxic Spikes|[of] p1a: Moongus\n|move|p1b: Great Tusk|Earthquake|p2a: Wo-Chien|[spread] p1a,p2a,p2b\n|-resisted|p2a: Wo-Chien\n|-supereffective|p2b: Glimmora\n|-damage|p1a: Moongus|73\/100\n|-damage|p2a: Wo-Chien|85\/100\n|-damage|p2b: Glimmora|0 fnt\n|-activate|p2b: Glimmora|ability: Toxic Debris\n|-sidestart|p1: zurneus|move: Toxic Spikes\n|faint|p2b: Glimmora\n|move|p2a: Wo-Chien|Leech Seed|p1b: Great Tusk\n|-start|p1b: Great Tusk|move: Leech Seed\n|\n|-heal|p2a: Wo-Chien|92\/100|[from] item: Leftovers\n|-damage|p1b: Great Tusk|88\/100|[from] Leech Seed|[of] p2a: Wo-Chien\n|-heal|p2a: Wo-Chien|100\/100|[silent]\n|upkeep\n|\n|t:|1682260698\n|switch|p2b: Chi-Yu|Chi-Yu, L50|100\/100\n|-ability|p2b: Chi-Yu|Beads of Ruin\n|turn|3\n|\n|t:|1682260707\n|-terastallize|p2b: Chi-Yu|Water\n|move|p1a: Moongus|Protect|p1a: Moongus\n|-singleturn|p1a: Moongus|Protect\n|move|p1b: Great Tusk|Earthquake|p2a: Wo-Chien|[spread] p2a,p2b\n|-activate|p1a: Moongus|move: Protect\n|-resisted|p2a: Wo-Chien\n|-damage|p2a: Wo-Chien|90\/100\n|-damage|p2b: Chi-Yu|58\/100\n|move|p2b: Chi-Yu|Heat Wave|p1a: Moongus|[spread] p1b\n|-activate|p1a: Moongus|move: Protect\n|-damage|p1b: Great Tusk|0 fnt\n|faint|p1b: Great Tusk\n|-end|p1b: Great Tusk|Protosynthesis|[silent]\n|move|p2a: Wo-Chien|Foul Play|p1a: Moongus\n|-activate|p1a: Moongus|move: Protect\n|\n|-heal|p2a: Wo-Chien|96\/100|[from] item: Leftovers\n|upkeep\n|\n|t:|1682260729\n|switch|p1b: Kingambit|Kingambit, L50, F, tera:Flying|46\/100\n|turn|4\n|\n|t:|1682260739\n|switch|p2b: Gyarados|Gyarados, L50, M|100\/100\n|-ability|p2b: Gyarados|Intimidate|boost\n|-unboost|p1a: Moongus|atk|1\n|-unboost|p1b: Kingambit|atk|1\n|-ability|p1b: Kingambit|Defiant|boost\n|-boost|p1b: Kingambit|atk|2\n|move|p1b: Kingambit|Sucker Punch||[still]\n|-fail|p1b: Kingambit\n|move|p2a: Wo-Chien|Foul Play|p1b: Kingambit\n|-damage|p1b: Kingambit|0 fnt\n|faint|p1b: Kingambit\n|move|p1a: Moongus|Pollen Puff|p1: Kingambit|[notarget]\n|-fail|p1a: Moongus\n|\n|-heal|p2a: Wo-Chien|100\/100|[from] item: Leftovers\n|upkeep\n|\n|t:|1682260752\n|switch|p1b: Flutter Mane|Flutter Mane, L50|100\/100\n|-status|p1b: Flutter Mane|psn\n|-enditem|p1b: Flutter Mane|Booster Energy\n|-activate|p1b: Flutter Mane|ability: Protosynthesis|[fromitem]\n|-start|p1b: Flutter Mane|protosynthesisspe\n|turn|5\n|inactive|FruitJuice148 has 30 seconds left.\n|\n|t:|1682260777\n|move|p1a: Moongus|Protect|p1a: Moongus\n|-singleturn|p1a: Moongus|Protect\n|move|p1b: Flutter Mane|Moonblast|p2a: Wo-Chien\n|-supereffective|p2a: Wo-Chien\n|-damage|p2a: Wo-Chien|24\/100\n|move|p2b: Gyarados|Taunt|p1a: Moongus\n|-activate|p1a: Moongus|move: Protect\n|move|p2a: Wo-Chien|Leech Seed|p1b: Flutter Mane\n|-start|p1b: Flutter Mane|move: Leech Seed\n|\n|-heal|p2a: Wo-Chien|31\/100|[from] item: Leftovers\n|-damage|p1b: Flutter Mane|88\/100 psn|[from] Leech Seed|[of] p2a: Wo-Chien\n|-heal|p2a: Wo-Chien|40\/100|[silent]\n|-damage|p1b: Flutter Mane|75\/100 psn|[from] psn\n|upkeep\n|turn|6\n|\n|t:|1682260796\n|move|p2a: Wo-Chien|Protect|p2a: Wo-Chien\n|-singleturn|p2a: Wo-Chien|Protect\n|move|p1b: Flutter Mane|Moonblast|p2b: Gyarados\n|-damage|p2b: Gyarados|52\/100\n|-unboost|p2b: Gyarados|spa|1\n|move|p2b: Gyarados|Taunt|p1a: Moongus\n|-start|p1a: Moongus|move: Taunt\n|move|p1a: Moongus|Pollen Puff|p1b: Flutter Mane\n|-heal|p1b: Flutter Mane|100\/100 psn\n|\n|-heal|p2a: Wo-Chien|46\/100|[from] item: Leftovers\n|-damage|p1b: Flutter Mane|88\/100 psn|[from] Leech Seed|[of] p2a: Wo-Chien\n|-heal|p2a: Wo-Chien|56\/100|[silent]\n|-damage|p1b: Flutter Mane|75\/100 psn|[from] psn\n|upkeep\n|turn|7\n|inactive|FruitJuice148 has 30 seconds left.\n|\n|t:|1682260826\n|move|p1b: Flutter Mane|Moonblast|p2a: Wo-Chien\n|-supereffective|p2a: Wo-Chien\n|-damage|p2a: Wo-Chien|0 fnt\n|faint|p2a: Wo-Chien\n|move|p2b: Gyarados|Iron Head|p1b: Flutter Mane\n|-supereffective|p1b: Flutter Mane\n|-crit|p1b: Flutter Mane\n|-damage|p1b: Flutter Mane|0 fnt\n|faint|p1b: Flutter Mane\n|-end|p1b: Flutter Mane|Protosynthesis|[silent]\n|move|p1a: Moongus|Pollen Puff|p1: Flutter Mane|[notarget]\n|-fail|p1a: Moongus\n|\n|upkeep\n|\n|t:|1682260832\n|switch|p2a: Chi-Yu|Chi-Yu, L50, tera:Water|58\/100\n|-ability|p2a: Chi-Yu|Beads of Ruin\n|turn|8\n|\n|t:|1682260839\n|move|p2a: Chi-Yu|Overheat|p1a: Moongus|[miss]\n|-miss|p2a: Chi-Yu|p1a: Moongus\n|move|p2b: Gyarados|Iron Head|p1a: Moongus\n|-damage|p1a: Moongus|45\/100\n|-enditem|p1a: Moongus|Sitrus Berry|[eat]\n|-heal|p1a: Moongus|70\/100|[from] item: Sitrus Berry\n|move|p1a: Moongus|Pollen Puff|p2a: Chi-Yu\n|-damage|p2a: Chi-Yu|39\/100\n|\n|-end|p1a: Moongus|move: Taunt\n|upkeep\n|turn|9\n|\n|t:|1682260863\n|move|p2a: Chi-Yu|Overheat|p1a: Moongus\n|-supereffective|p1a: Moongus\n|-damage|p1a: Moongus|0 fnt\n|-unboost|p2a: Chi-Yu|spa|2\n|faint|p1a: Moongus\n|\n|win|FruitJuice148\n|l|\u2606FruitJuice148\n","uploadtime":1682260871,"views":13,"p1id":"zurneus","p2id":"fruitjuice148","formatid":"gen9vgc2023regulationc","rating":0,"private":0,"password":""}