{"id":"gen9vgc2023regulationc-1856330952","p1":"Arcadisu1","p2":"vrumvrumnatal","format":"[Gen 9] VGC 2023 Regulation C","log":"|j|\u2606Arcadisu1\n|j|\u2606vrumvrumnatal\n|t:|1683051506\n|gametype|doubles\n|player|p1|Arcadisu1|265|1305\n|player|p2|vrumvrumnatal|102|1292\n|teamsize|p1|6\n|teamsize|p2|6\n|gen|9\n|tier|[Gen 9] VGC 2023 Regulation C\n|rated|\n|rule|Species Clause: Limit one of each Pok\u00e9mon\n|rule|Item Clause: Limit one of each item\n|clearpoke\n|poke|p1|Salamence, L50, F|\n|poke|p1|Kingambit, L50, F|\n|poke|p1|Farigiraf, L50, F|\n|poke|p1|Brute Bonnet, L50|\n|poke|p1|Flutter Mane, L50|\n|poke|p1|Torkoal, L50, F|\n|poke|p2|Chien-Pao, L50|\n|poke|p2|Dragonite, L50, M|\n|poke|p2|Kingambit, L50, F|\n|poke|p2|Gyarados, L50, M|\n|poke|p2|Great Tusk, L50|\n|poke|p2|Flutter Mane, L50|\n|teampreview|4\nArcadisu1 has agreed to open team sheets.\n|\n|t:|1683051561\n|start\n|switch|p1a: Kingambit|Kingambit, L50, F|100\/100\n|switch|p1b: Farigiraf|Farigiraf, L50, F|100\/100\n|switch|p2a: Great Tusk|Great Tusk, L50|100\/100\n|switch|p2b: Gyarados|Gyarados, L50, M, shiny|100\/100\n|-ability|p2b: Gyarados|Intimidate|boost\n|-unboost|p1a: Kingambit|atk|1\n|-ability|p1a: Kingambit|Defiant|boost\n|-boost|p1a: Kingambit|atk|2\n|-unboost|p1b: Farigiraf|atk|1\n|turn|1\n|\n|t:|1683051608\n|-terastallize|p1a: Kingambit|Ghost\n|move|p2a: Great Tusk|Earthquake|p1b: Farigiraf|[spread] p1a,p1b\n|-immune|p2b: Gyarados\n|-damage|p1a: Kingambit|66\/100\n|-damage|p1b: Farigiraf|57\/100\n|move|p2b: Gyarados|Taunt|p1b: Farigiraf\n|-start|p1b: Farigiraf|move: Taunt\n|move|p1b: Farigiraf|Psychic|p2a: Great Tusk\n|-supereffective|p2a: Great Tusk\n|-damage|p2a: Great Tusk|0 fnt\n|faint|p2a: Great Tusk\n|-end|p2a: Great Tusk|Protosynthesis|[silent]\n|move|p1a: Kingambit|Kowtow Cleave|p2b: Gyarados\n|-damage|p2b: Gyarados|12\/100\n|-damage|p1a: Kingambit|57\/100|[from] item: Life Orb\n|\n|-heal|p2b: Gyarados|18\/100|[from] item: Leftovers\n|upkeep\n|\n|t:|1683051632\n|switch|p2a: Kingambit|Kingambit, L50, F|100\/100\n|turn|2\n|\n|t:|1683051659\n|switch|p1b: Brute Bonnet|Brute Bonnet, L50|100\/100\n|move|p2b: Gyarados|Protect|p2b: Gyarados\n|-singleturn|p2b: Gyarados|Protect\n|move|p1a: Kingambit|Sucker Punch||[still]\n|-fail|p1a: Kingambit\n|move|p2a: Kingambit|Sucker Punch||[still]\n|-fail|p2a: Kingambit\n|\n|-heal|p2b: Gyarados|24\/100|[from] item: Leftovers\n|upkeep\n|turn|3\n|\n|t:|1683051710\n|move|p1a: Kingambit|Protect|p1a: Kingambit\n|-singleturn|p1a: Kingambit|Protect\n|move|p1b: Brute Bonnet|Spore|p2a: Kingambit\n|-status|p2a: Kingambit|slp|[from] move: Spore\n|move|p2b: Gyarados|Taunt|p1b: Brute Bonnet\n|-start|p1b: Brute Bonnet|move: Taunt\n|cant|p2a: Kingambit|slp\n|\n|-heal|p2b: Gyarados|30\/100|[from] item: Leftovers\n|upkeep\n|turn|4\n|\n|t:|1683051739\n|-end|p1b: Brute Bonnet|Protosynthesis|[silent]\n|switch|p1b: Farigiraf|Farigiraf, L50, F|57\/100\n|move|p2b: Gyarados|Thunder Wave|p1a: Kingambit\n|-status|p1a: Kingambit|par\n|cant|p2a: Kingambit|slp\n|move|p1a: Kingambit|Kowtow Cleave|p2b: Gyarados\n|-damage|p2b: Gyarados|0 fnt\n|faint|p2b: Gyarados\n|-damage|p1a: Kingambit|47\/100 par|[from] item: Life Orb\n|\n|upkeep\n|\n|t:|1683051750\n|switch|p2b: Flutter Mane|Flutter Mane, L50|100\/100\n|-enditem|p2b: Flutter Mane|Booster Energy\n|-activate|p2b: Flutter Mane|ability: Protosynthesis|[fromitem]\n|-start|p2b: Flutter Mane|protosynthesisspa\n|turn|5\n|\n|t:|1683051763\n|-terastallize|p2b: Flutter Mane|Fairy\n|cant|p1a: Kingambit|par\n|move|p2b: Flutter Mane|Dazzling Gleam|p1b: Farigiraf|[spread] p1a,p1b\n|-damage|p1a: Kingambit|0 fnt\n|-damage|p1b: Farigiraf|4\/100\n|-enditem|p1b: Farigiraf|Iapapa Berry|[eat]\n|-heal|p1b: Farigiraf|37\/100|[from] item: Iapapa Berry\n|faint|p1a: Kingambit\n|-curestatus|p2a: Kingambit|slp|[msg]\n|move|p2a: Kingambit|Assurance|p1b: Farigiraf\n|-supereffective|p1b: Farigiraf\n|-damage|p1b: Farigiraf|0 fnt\n|faint|p1b: Farigiraf\n|\n|upkeep\n|\n|t:|1683051773\n|switch|p1b: Torkoal|Torkoal, L50, F|100\/100\n|switch|p1a: Brute Bonnet|Brute Bonnet, L50|100\/100\n|-weather|SunnyDay|[from] ability: Drought|[of] p1b: Torkoal\n|-activate|p1a: Brute Bonnet|ability: Protosynthesis\n|-start|p1a: Brute Bonnet|protosynthesisatk\n|turn|6\n|\n|t:|1683051804\n|move|p1a: Brute Bonnet|Protect|p1a: Brute Bonnet\n|-singleturn|p1a: Brute Bonnet|Protect\n|move|p2b: Flutter Mane|Shadow Ball|p1b: Torkoal\n|-damage|p1b: Torkoal|31\/100\n|move|p2a: Kingambit|Assurance|p1b: Torkoal\n|-damage|p1b: Torkoal|0 fnt\n|faint|p1b: Torkoal\n|\n|-weather|SunnyDay|[upkeep]\n|upkeep\n|turn|7\n|-message|Arcadisu1 forfeited.\n|\n|win|vrumvrumnatal\n|raw|Arcadisu1's rating: 1305 → 1284<\/strong> (-21 for losing)\n|raw|vrumvrumnatal's rating: 1292 → 1318<\/strong> (+26 for winning)\n|l|\u2606Arcadisu1\n","uploadtime":1683051817,"views":19,"p1id":"arcadisu1","p2id":"vrumvrumnatal","formatid":"gen9vgc2023regulationc","rating":1284,"private":0,"password":""}