{"id":"gen9vgc2023regulationc-1858052844","p1":"Auraen","p2":"scoobfgc","format":"[Gen 9] VGC 2023 Regulation C","log":"|j|\u2606Auraen\n|j|\u2606scoobfgc\n|t:|1683267391\n|gametype|doubles\n|player|p1|Auraen|flannery|1152\n|player|p2|scoobfgc|ninjaboy|1088\n|teamsize|p1|6\n|teamsize|p2|6\n|gen|9\n|tier|[Gen 9] VGC 2023 Regulation C\n|rated|\n|rule|Species Clause: Limit one of each Pok\u00e9mon\n|rule|Item Clause: Limit one of each item\n|clearpoke\n|poke|p1|Flutter Mane, L50|\n|poke|p1|Tauros-Paldea-Aqua, L50, M|\n|poke|p1|Tyranitar, L50, M|\n|poke|p1|Glimmora, L50, M|\n|poke|p1|Amoonguss, L50, M|\n|poke|p1|Dragonite, L50, M|\n|poke|p2|Lilligant, L50, F|\n|poke|p2|Torkoal, L50, F|\n|poke|p2|Flutter Mane, L50|\n|poke|p2|Kingambit, L50, F|\n|poke|p2|Dragonite, L50, F|\n|poke|p2|Great Tusk, L50|\n|teampreview|4\n|\n|t:|1683267429\n|start\n|switch|p1a: Dragonite|Dragonite, L50, M|100\/100\n|switch|p1b: Amoonguss|Amoonguss, L50, M|100\/100\n|switch|p2a: Lilligant|Lilligant, L50, F, shiny|100\/100\n|switch|p2b: Torkoal|Torkoal, L50, F, shiny|100\/100\n|-weather|SunnyDay|[from] ability: Drought|[of] p2b: Torkoal\n|turn|1\n|\n|t:|1683267460\n|switch|p1b: Tyranitar|Tyranitar, L50, M|100\/100\n|-weather|Sandstorm|[from] ability: Sand Stream|[of] p1b: Tyranitar\n|move|p2a: Lilligant|After You|p2b: Torkoal\n|-activate|p2b: Torkoal|move: After You\n|move|p2b: Torkoal|Eruption|p1a: Dragonite|[spread] p1a,p1b\n|-resisted|p1a: Dragonite\n|-resisted|p1b: Tyranitar\n|-damage|p1a: Dragonite|88\/100\n|-damage|p1b: Tyranitar|85\/100\n|move|p1a: Dragonite|Thunder Wave|p2a: Lilligant\n|-status|p2a: Lilligant|par\n|\n|-weather|Sandstorm|[upkeep]\n|-damage|p1a: Dragonite|82\/100|[from] Sandstorm\n|-damage|p2a: Lilligant|94\/100 par|[from] Sandstorm\n|-damage|p2b: Torkoal|94\/100|[from] Sandstorm\n|upkeep\n|turn|2\n|\n|t:|1683267484\n|switch|p2b: Great Tusk|Great Tusk, L50, shiny|100\/100\n|move|p1a: Dragonite|Encore|p2a: Lilligant\n|-start|p2a: Lilligant|Encore\n|move|p1b: Tyranitar|Rock Slide|p2b: Great Tusk|[spread] p2a,p2b\n|-resisted|p2b: Great Tusk\n|-crit|p2b: Great Tusk\n|-damage|p2a: Lilligant|47\/100 par\n|-damage|p2b: Great Tusk|92\/100\n|cant|p2a: Lilligant|par\n|\n|-weather|Sandstorm|[upkeep]\n|-damage|p1a: Dragonite|76\/100|[from] Sandstorm\n|-damage|p2a: Lilligant|41\/100 par|[from] Sandstorm\n|upkeep\n|turn|3\n|\n|t:|1683267505\n|switch|p1b: Amoonguss|Amoonguss, L50, M|100\/100\n|switch|p2a: Flutter Mane|Flutter Mane, L50, shiny|100\/100\n|move|p2b: Great Tusk|Rock Slide|p1b: Amoonguss|[spread] p1a,p1b\n|-supereffective|p1a: Dragonite\n|-damage|p1a: Dragonite|39\/100\n|-damage|p1b: Amoonguss|83\/100\n|-enditem|p1a: Dragonite|Sitrus Berry|[eat]\n|-heal|p1a: Dragonite|64\/100|[from] item: Sitrus Berry\n|move|p1a: Dragonite|Iron Head|p2b: Great Tusk\n|-damage|p2b: Great Tusk|74\/100\n|\n|-weather|Sandstorm|[upkeep]\n|-damage|p2a: Flutter Mane|94\/100|[from] Sandstorm\n|-damage|p1a: Dragonite|58\/100|[from] Sandstorm\n|-damage|p1b: Amoonguss|77\/100|[from] Sandstorm\n|-heal|p1b: Amoonguss|83\/100|[from] item: Leftovers\n|upkeep\n|turn|4\n|\n|t:|1683267532\n|switch|p1a: Glimmora|Glimmora, L50, M|100\/100\n|move|p2b: Great Tusk|Rock Slide|p1b: Amoonguss|[spread] \n|-miss|p2b: Great Tusk|p1a: Glimmora\n|-miss|p2b: Great Tusk|p1b: Amoonguss\n|move|p2a: Flutter Mane|Power Gem|p1a: Glimmora\n|-damage|p1a: Glimmora|76\/100\n|move|p1b: Amoonguss|Spore|p2b: Great Tusk\n|-status|p2b: Great Tusk|slp|[from] move: Spore\n|\n|-weather|Sandstorm|[upkeep]\n|-damage|p2a: Flutter Mane|88\/100|[from] Sandstorm\n|-damage|p1b: Amoonguss|77\/100|[from] Sandstorm\n|-heal|p1b: Amoonguss|83\/100|[from] item: Leftovers\n|upkeep\n|turn|5\n|c|\u2606scoobfgc|double miss a 90%\n|c|\u2606scoobfgc|:(\n|\n|t:|1683267574\n|-end|p2a: Flutter Mane|Protosynthesis|[silent]\n|switch|p2a: Torkoal|Torkoal, L50, F, shiny|94\/100\n|-weather|SunnyDay|[from] ability: Drought|[of] p2a: Torkoal\n|-activate|p2b: Great Tusk|ability: Protosynthesis\n|-start|p2b: Great Tusk|protosynthesisatk\n|cant|p2b: Great Tusk|slp\n|move|p1a: Glimmora|Sludge Bomb|p2a: Torkoal\n|-damage|p2a: Torkoal|39\/100\n|move|p1b: Amoonguss|Spore|p2a: Torkoal\n|-status|p2a: Torkoal|slp|[from] move: Spore\n|\n|-weather|SunnyDay|[upkeep]\n|-heal|p1b: Amoonguss|89\/100|[from] item: Leftovers\n|upkeep\n|turn|6\n|\n|t:|1683267592\n|switch|p1a: Dragonite|Dragonite, L50, M|58\/100\n|cant|p2b: Great Tusk|slp\n|move|p1b: Amoonguss|Pollen Puff|p1a: Dragonite\n|-heal|p1a: Dragonite|100\/100\n|cant|p2a: Torkoal|slp\n|\n|-weather|SunnyDay|[upkeep]\n|-heal|p1b: Amoonguss|95\/100|[from] item: Leftovers\n|upkeep\n|turn|7\n|\n|t:|1683267609\n|switch|p1b: Tyranitar|Tyranitar, L50, M|85\/100\n|-weather|Sandstorm|[from] ability: Sand Stream|[of] p1b: Tyranitar\n|-end|p2b: Great Tusk|Protosynthesis\n|cant|p2b: Great Tusk|slp\n|move|p1a: Dragonite|Dragon Claw|p2a: Torkoal\n|-crit|p2a: Torkoal\n|-damage|p2a: Torkoal|0 fnt\n|faint|p2a: Torkoal\n|\n|-weather|Sandstorm|[upkeep]\n|-damage|p1a: Dragonite|94\/100|[from] Sandstorm\n|upkeep\n|\n|t:|1683267623\n|switch|p2a: Flutter Mane|Flutter Mane, L50, shiny|88\/100\n|turn|8\n|\n|t:|1683267632\n|switch|p1a: Amoonguss|Amoonguss, L50, M|100\/100\n|move|p1b: Tyranitar|Protect|p1b: Tyranitar\n|-singleturn|p1b: Tyranitar|Protect\n|-curestatus|p2b: Great Tusk|slp|[msg]\n|move|p2b: Great Tusk|Rock Slide|p1a: Amoonguss|[spread] p1a\n|-activate|p1b: Tyranitar|move: Protect\n|-damage|p1a: Amoonguss|85\/100\n|move|p2a: Flutter Mane|Dazzling Gleam|p1b: Tyranitar|[spread] p1a\n|-activate|p1b: Tyranitar|move: Protect\n|-resisted|p1a: Amoonguss\n|-damage|p1a: Amoonguss|65\/100\n|\n|-weather|Sandstorm|[upkeep]\n|-damage|p2a: Flutter Mane|82\/100|[from] Sandstorm\n|-damage|p1a: Amoonguss|59\/100|[from] Sandstorm\n|-heal|p1a: Amoonguss|65\/100|[from] item: Leftovers\n|upkeep\n|turn|9\n|\n|t:|1683267658\n|-end|p2b: Great Tusk|Protosynthesis|[silent]\n|switch|p2b: Lilligant|Lilligant, L50, F, shiny|41\/100 par\n|switch|p1b: Glimmora|Glimmora, L50, M|76\/100\n|move|p2a: Flutter Mane|Dazzling Gleam|p1a: Amoonguss|[spread] p1a,p1b\n|-resisted|p1a: Amoonguss\n|-resisted|p1b: Glimmora\n|-damage|p1a: Amoonguss|42\/100\n|-damage|p1b: Glimmora|64\/100\n|move|p1a: Amoonguss|Spore|p2b: Lilligant\n|-immune|p2b: Lilligant\n|\n|-weather|Sandstorm|[upkeep]\n|-damage|p2a: Flutter Mane|76\/100|[from] Sandstorm\n|-damage|p2b: Lilligant|35\/100 par|[from] Sandstorm\n|-damage|p1a: Amoonguss|36\/100|[from] Sandstorm\n|-heal|p1a: Amoonguss|42\/100|[from] item: Leftovers\n|upkeep\n|turn|10\n|\n|t:|1683267683\n|move|p2a: Flutter Mane|Dazzling Gleam|p1b: Glimmora|[spread] p1a,p1b\n|-resisted|p1a: Amoonguss\n|-resisted|p1b: Glimmora\n|-damage|p1a: Amoonguss|22\/100\n|-damage|p1b: Glimmora|53\/100\n|move|p1b: Glimmora|Sludge Bomb|p2b: Lilligant\n|-supereffective|p2b: Lilligant\n|-damage|p2b: Lilligant|0 fnt\n|faint|p2b: Lilligant\n|move|p1a: Amoonguss|Pollen Puff|p1b: Glimmora\n|-heal|p1b: Glimmora|100\/100\n|\n|-weather|Sandstorm|[upkeep]\n|-damage|p2a: Flutter Mane|70\/100|[from] Sandstorm\n|-damage|p1a: Amoonguss|16\/100|[from] Sandstorm\n|-heal|p1a: Amoonguss|22\/100|[from] item: Leftovers\n|upkeep\n|\n|t:|1683267697\n|switch|p2b: Great Tusk|Great Tusk, L50, shiny|74\/100\n|turn|11\n|\n|t:|1683267717\n|switch|p1a: Tyranitar|Tyranitar, L50, M|85\/100\n|-terastallize|p1b: Glimmora|Flying\n|move|p2b: Great Tusk|Rock Slide|p1b: Glimmora|[spread] p1a\n|-miss|p2b: Great Tusk|p1b: Glimmora\n|-damage|p1a: Tyranitar|70\/100\n|move|p2a: Flutter Mane|Dazzling Gleam|p1a: Tyranitar|[spread] p1a,p1b\n|-supereffective|p1a: Tyranitar\n|-damage|p1a: Tyranitar|15\/100\n|-damage|p1b: Glimmora|66\/100\n|move|p1b: Glimmora|Sludge Bomb|p2a: Flutter Mane\n|-damage|p2a: Flutter Mane|28\/100\n|\n|-weather|none\n|upkeep\n|turn|12\n|c|\u2606scoobfgc|:(\n|\n|t:|1683267743\n|switch|p1b: Amoonguss|Amoonguss, L50, M|55\/100\n|move|p2b: Great Tusk|Rock Slide|p1b: Amoonguss|[spread] p1a,p1b\n|-damage|p1a: Tyranitar|0 fnt\n|-damage|p1b: Amoonguss|38\/100\n|faint|p1a: Tyranitar\n|move|p2a: Flutter Mane|Dazzling Gleam|p1b: Amoonguss\n|-resisted|p1b: Amoonguss\n|-damage|p1b: Amoonguss|9\/100\n|\n|-heal|p1b: Amoonguss|15\/100|[from] item: Leftovers\n|upkeep\n|\n|t:|1683267754\n|switch|p1a: Dragonite|Dragonite, L50, M|94\/100\n|turn|13\n|\n|t:|1683267765\n|move|p2b: Great Tusk|Rock Slide|p1b: Amoonguss|[spread] p1a,p1b\n|-supereffective|p1a: Dragonite\n|-damage|p1a: Dragonite|60\/100\n|-damage|p1b: Amoonguss|0 fnt\n|faint|p1b: Amoonguss\n|move|p2a: Flutter Mane|Dazzling Gleam|p1a: Dragonite\n|-supereffective|p1a: Dragonite\n|-damage|p1a: Dragonite|0 fnt\n|faint|p1a: Dragonite\n|\n|upkeep\n|-message|Auraen forfeited.\n|\n|win|scoobfgc\n|raw|Auraen's rating: 1152 → 1122<\/strong> (-30 for losing)\n|raw|scoobfgc's rating: 1088 → 1120<\/strong> (+32 for winning)\n|l|\u2606Auraen\n","uploadtime":1683267777,"views":6,"p1id":"auraen","p2id":"scoobfgc","formatid":"gen9vgc2023regulationc","rating":1120,"private":0,"password":""}