{"id":"gen9vgc2023regulationc-1860863109","p1":"Astrostardust","p2":"STICKYUHH123","format":"[Gen 9] VGC 2023 Regulation C","log":"|j|\u2606Astrostardust\n|j|\u2606STICKYUHH123\n|t:|1683687271\n|gametype|doubles\n|player|p1|Astrostardust|volkner|1034\n|player|p2|STICKYUHH123|101|1000\n|teamsize|p1|6\n|teamsize|p2|4\n|gen|9\n|tier|[Gen 9] VGC 2023 Regulation C\n|rated|\n|rule|Species Clause: Limit one of each Pok\u00e9mon\n|rule|Item Clause: Limit one of each item\n|clearpoke\n|poke|p1|Glimmora, L50, F|\n|poke|p1|Tatsugiri, L50, F|\n|poke|p1|Dondozo, L50, M|\n|poke|p1|Brambleghast, L50, M|\n|poke|p1|Flamigo, L50, F|\n|poke|p1|Pawmot, L50, F|\n|poke|p2|Kingambit, L50, M|\n|poke|p2|Lucario, L50, M|\n|poke|p2|Flutter Mane, L50|\n|poke|p2|Dragapult, L50, M|\n|teampreview|4\nSTICKYUHH123 rejected open team sheets.\n|\n|t:|1683687314\n|start\n|switch|p1a: Glimmora|Glimmora, L50, F|100\/100\n|switch|p1b: Flamigo|Flamigo, L50, F|100\/100\n|switch|p2a: Flutter Mane|Flutter Mane, L50|100\/100\n|switch|p2b: Dragapult|Dragapult, L50, M|100\/100\n|-copyboost|p1b: Flamigo|p1a: Glimmora|[from] ability: Costar\n|-item|p1a: Glimmora|Air Balloon\n|-enditem|p2a: Flutter Mane|Booster Energy\n|-activate|p2a: Flutter Mane|ability: Protosynthesis|[fromitem]\n|-start|p2a: Flutter Mane|protosynthesisspa\n|turn|1\n|inactive|Battle timer is ON: inactive players will automatically lose when time's up. (requested by Astrostardust)\n|inactive|Astrostardust has 60 seconds left.\n|\n|t:|1683687349\n|-terastallize|p2b: Dragapult|Dragon\n|move|p1a: Glimmora|Spiky Shield|p1a: Glimmora\n|-singleturn|p1a: Glimmora|move: Protect\n|move|p2b: Dragapult|Draco Meteor|p1a: Glimmora\n|-activate|p1a: Glimmora|move: Protect\n|move|p1b: Flamigo|Tailwind|p1b: Flamigo\n|-sidestart|p1: Astrostardust|move: Tailwind\n|move|p2a: Flutter Mane|Trick Room|p2a: Flutter Mane\n|-fieldstart|move: Trick Room|[of] p2a: Flutter Mane\n|\n|upkeep\n|turn|2\n|inactive|Astrostardust has 30 seconds left.\n|inactive|Astrostardust has 20 seconds left.\n|inactive|Astrostardust has 15 seconds left.\n|\n|t:|1683687389\n|switch|p1b: Dondozo|Dondozo, L50, M|100\/100\n|move|p2b: Dragapult|Helping Hand|p2a: Flutter Mane\n|-singleturn|p2a: Flutter Mane|Helping Hand|[of] p2b: Dragapult\n|move|p2a: Flutter Mane|Dazzling Gleam|p1b: Dondozo|[spread] p1a,p1b\n|-resisted|p1a: Glimmora\n|-damage|p1a: Glimmora|58\/100\n|-damage|p1b: Dondozo|40\/100\n|-enditem|p1a: Glimmora|Air Balloon\n|move|p1a: Glimmora|Sludge Wave|p2a: Flutter Mane|[spread] p1b,p2a,p2b\n|-damage|p1b: Dondozo|10\/100\n|-damage|p2a: Flutter Mane|70\/100\n|-damage|p2b: Dragapult|53\/100\n|\n|-heal|p1b: Dondozo|16\/100|[from] item: Leftovers\n|upkeep\n|turn|3\n|inactive|Astrostardust has 30 seconds left.\n|inactive|Astrostardust has 20 seconds left.\n|\n|t:|1683687424\n|move|p1b: Dondozo|Wave Crash|p2a: Flutter Mane\n|-damage|p2a: Flutter Mane|0 fnt\n|faint|p2a: Flutter Mane\n|-end|p2a: Flutter Mane|Protosynthesis|[silent]\n|-damage|p1b: Dondozo|3\/100|[from] Recoil\n|move|p2b: Dragapult|Draco Meteor|p1a: Glimmora\n|-damage|p1a: Glimmora|0 fnt\n|-unboost|p2b: Dragapult|spa|2\n|faint|p1a: Glimmora\n|\n|-heal|p1b: Dondozo|9\/100|[from] item: Leftovers\n|upkeep\n|inactive|STICKYUHH123 has 30 seconds left.\n|inactive|STICKYUHH123 has 20 seconds left.\n|\n|t:|1683687462\n|switch|p2a: Kingambit|Kingambit, L50, M|100\/100\n|switch|p1a: Tatsugiri|Tatsugiri, L50, F|100\/100\n|-activate|p1a: Tatsugiri|ability: Commander|[of] p1b: Dondozo\n|-boost|p1b: Dondozo|atk|2\n|-boost|p1b: Dondozo|spa|2\n|-boost|p1b: Dondozo|spe|2\n|-boost|p1b: Dondozo|def|2\n|-boost|p1b: Dondozo|spd|2\n|turn|4\n|inactive|STICKYUHH123 has 30 seconds left.\n|inactive|STICKYUHH123 has 20 seconds left.\n|\n|t:|1683687499\n|move|p2a: Kingambit|Sucker Punch|p1b: Dondozo\n|-damage|p1b: Dondozo|0 fnt\n|faint|p1b: Dondozo\n|move|p2b: Dragapult|Draco Meteor|p1a: Tatsugiri|[miss]\n|-miss|p2b: Dragapult|p1a: Tatsugiri\n|\n|-sideend|p1: Astrostardust|move: Tailwind\n|-status|p2a: Kingambit|brn|[from] item: Flame Orb\n|upkeep\n|\n|t:|1683687509\n|switch|p1b: Flamigo|Flamigo, L50, F|100\/100\n|-copyboost|p1b: Flamigo|p1a: Tatsugiri|[from] ability: Costar\n|turn|5\n|inactive|Astrostardust has 30 seconds left.\n|\n|t:|1683687535\n|move|p2a: Kingambit|Sucker Punch|p1b: Flamigo\n|-resisted|p1b: Flamigo\n|-damage|p1b: Flamigo|86\/100\n|move|p1a: Tatsugiri|Icy Wind|p2a: Kingambit|[spread] p2a,p2b\n|-resisted|p2a: Kingambit\n|-supereffective|p2b: Dragapult\n|-crit|p2b: Dragapult\n|-damage|p2a: Kingambit|92\/100 brn\n|-damage|p2b: Dragapult|0 fnt\n|-unboost|p2a: Kingambit|spe|1\n|-ability|p2a: Kingambit|Defiant|boost\n|-boost|p2a: Kingambit|atk|2\n|faint|p2b: Dragapult\n|move|p1b: Flamigo|Close Combat|p2a: Kingambit\n|-supereffective|p2a: Kingambit\n|-damage|p2a: Kingambit|0 fnt\n|-unboost|p1b: Flamigo|def|1\n|-unboost|p1b: Flamigo|spd|1\n|-enditem|p1b: Flamigo|White Herb\n|-clearnegativeboost|p1b: Flamigo|[silent]\n|faint|p2a: Kingambit\n|\n|-fieldend|move: Trick Room\n|upkeep\n|inactive|STICKYUHH123 has 30 seconds left.\n|inactive|STICKYUHH123 has 20 seconds left.\n|inactive|STICKYUHH123 has 15 seconds left.\n|inactive|STICKYUHH123 has 10 seconds left.\n|inactive|STICKYUHH123 has 5 seconds left.\n|\n|t:|1683687590\n|switch|p2a: Lucario|Lucario, L50, M|100\/100\n|turn|6\n|\n|t:|1683687612\n|move|p1b: Flamigo|Close Combat|p2a: Lucario\n|-supereffective|p2a: Lucario\n|-damage|p2a: Lucario|0 fnt\n|-unboost|p1b: Flamigo|def|1\n|-unboost|p1b: Flamigo|spd|1\n|faint|p2a: Lucario\n|\n|win|Astrostardust\n|raw|Astrostardust's rating: 1034 → 1065<\/strong> (+31 for winning)\n|raw|STICKYUHH123's rating: 1000 → 1000<\/strong> (+0 for losing)\n|l|\u2606STICKYUHH123\n|c|\u2606Astrostardust|Gg\n|l|\u2606Astrostardust\n|j|\u2606Astrostardust\n|player|p1|Astrostardust|volkner\n","uploadtime":1683687670,"views":10,"p1id":"astrostardust","p2id":"stickyuhh123","formatid":"gen9vgc2023regulationc","rating":1000,"private":0,"password":""}