{"id":"gen9vgc2023regulationc-1846055219","p1":"TrainerDylan24","p2":"nibblesjibbles","format":"[Gen 9] VGC 2023 Regulation C","log":"|j|\u2606TrainerDylan24\n|j|\u2606nibblesjibbles\n|t:|1681798655\n|gametype|doubles\n|player|p1|TrainerDylan24|swimmerf|1140\n|player|p2|nibblesjibbles|ghetsis-gen5bw|1201\n|teamsize|p1|6\n|teamsize|p2|6\n|gen|9\n|tier|[Gen 9] VGC 2023 Regulation C\n|rated|\n|rule|Species Clause: Limit one of each Pok\u00e9mon\n|rule|Item Clause: Limit one of each item\n|clearpoke\n|poke|p1|Annihilape, L50, F|\n|poke|p1|Armarouge, L50, M|\n|poke|p1|Indeedee-F, L50, F|\n|poke|p1|Bellibolt, L50, F|\n|poke|p1|Dondozo, L50, M|\n|poke|p1|Tatsugiri, L50, M|\n|poke|p2|Tauros-Paldea-Blaze, L50, M|\n|poke|p2|Scream Tail, L50|\n|poke|p2|Gholdengo, L50|\n|poke|p2|Palafin, L50, M|\n|poke|p2|Amoonguss, L50, F|\n|poke|p2|Garchomp, L50, F|\n|teampreview|4\n|inactive|Battle timer is ON: inactive players will automatically lose when time's up. (requested by nibblesjibbles)\n|inactive|nibblesjibbles has 60 seconds left.\n|\n|t:|1681798690\n|start\n|switch|p1a: Bellibolt|Bellibolt, L50, F|100\/100\n|switch|p1b: Annihilape|Annihilape, L50, F|100\/100\n|switch|p2a: Gholdengo|Gholdengo, L50|100\/100\n|switch|p2b: Tauros|Tauros-Paldea-Blaze, L50, M|100\/100\n|-ability|p2b: Tauros|Intimidate|boost\n|-unboost|p1a: Bellibolt|atk|1\n|-unboost|p1b: Annihilape|atk|1\n|-ability|p1b: Annihilape|Defiant|boost\n|-boost|p1b: Annihilape|atk|2\n|-enditem|p2b: Tauros|Mirror Herb\n|-boost|p2b: Tauros|atk|2|[from] item: Mirror Herb\n|turn|1\n|\n|t:|1681798715\n|-terastallize|p1b: Annihilape|Water\n|-terastallize|p2a: Gholdengo|Water\n|move|p1b: Annihilape|Rage Fist|p2a: Gholdengo\n|-damage|p2a: Gholdengo|52\/100\n|-damage|p1b: Annihilape|91\/100|[from] item: Life Orb\n|move|p2b: Tauros|Flare Blitz|p1a: Bellibolt\n|-damage|p1a: Bellibolt|0 fnt\n|-damage|p2b: Tauros|84\/100|[from] item: Rocky Helmet|[of] p1a: Bellibolt\n|faint|p1a: Bellibolt\n|-damage|p2b: Tauros|50\/100|[from] Recoil\n|move|p2a: Gholdengo|Shadow Ball|p1b: Annihilape\n|-crit|p1b: Annihilape\n|-damage|p1b: Annihilape|20\/100\n|\n|upkeep\n|\n|t:|1681798739\n|switch|p1a: Dondozo|Dondozo, L50, M|100\/100\n|turn|2\n|\n|t:|1681798755\n|switch|p2a: Scream Tail|Scream Tail, L50|100\/100\n|-enditem|p2a: Scream Tail|Booster Energy\n|-activate|p2a: Scream Tail|ability: Protosynthesis|[fromitem]\n|-start|p2a: Scream Tail|protosynthesisspe\n|move|p1b: Annihilape|Rage Fist|p2a: Scream Tail\n|-supereffective|p2a: Scream Tail\n|-damage|p2a: Scream Tail|0 fnt\n|faint|p2a: Scream Tail\n|-end|p2a: Scream Tail|Protosynthesis|[silent]\n|-damage|p1b: Annihilape|11\/100|[from] item: Life Orb\n|move|p2b: Tauros|Close Combat|p1a: Dondozo\n|-damage|p1a: Dondozo|58\/100\n|-unboost|p2b: Tauros|def|1\n|-unboost|p2b: Tauros|spd|1\n|move|p1a: Dondozo|Order Up|p2b: Tauros\n|-damage|p2b: Tauros|30\/100\n|\n|-heal|p1a: Dondozo|64\/100|[from] item: Leftovers\n|upkeep\n|\n|t:|1681798774\n|switch|p2a: Garchomp|Garchomp, L50, F|100\/100\n|turn|3\n|\n|t:|1681798785\n|move|p1b: Annihilape|Ice Punch|p2a: Garchomp\n|-supereffective|p2a: Garchomp\n|-damage|p2a: Garchomp|0 fnt\n|-damage|p1b: Annihilape|0 fnt|[from] ability: Rough Skin|[of] p2a: Garchomp\n|faint|p2a: Garchomp\n|faint|p1b: Annihilape\n|move|p2b: Tauros|Flare Blitz|p1a: Dondozo\n|-resisted|p1a: Dondozo\n|-damage|p1a: Dondozo|45\/100\n|-damage|p2b: Tauros|22\/100|[from] Recoil\n|move|p1a: Dondozo|Ice Fang|p2b: Tauros\n|-resisted|p2b: Tauros\n|-damage|p2b: Tauros|12\/100\n|-status|p2b: Tauros|frz\n|\n|-heal|p1a: Dondozo|51\/100|[from] item: Leftovers\n|upkeep\n|\n|t:|1681798793\n|switch|p1b: Tatsugiri|Tatsugiri, L50, M|100\/100\n|switch|p2a: Gholdengo|Gholdengo, L50, tera:Water|52\/100\n|-activate|p1b: Tatsugiri|ability: Commander|[of] p1a: Dondozo\n|-boost|p1a: Dondozo|atk|2\n|-boost|p1a: Dondozo|spa|2\n|-boost|p1a: Dondozo|spe|2\n|-boost|p1a: Dondozo|def|2\n|-boost|p1a: Dondozo|spd|2\n|turn|4\n|\n|t:|1681798816\n|cant|p2b: Tauros|frz\n|move|p1a: Dondozo|Order Up|p2a: Gholdengo\n|-crit|p2a: Gholdengo\n|-damage|p2a: Gholdengo|0 fnt\n|faint|p2a: Gholdengo\n|-boost|p1a: Dondozo|atk|1\n|\n|-heal|p1a: Dondozo|58\/100|[from] item: Leftovers\n|upkeep\n|turn|5\n|\n|t:|1681798826\n|cant|p2b: Tauros|frz\n|move|p1a: Dondozo|Order Up|p2b: Tauros\n|-damage|p2b: Tauros|0 fnt\n|faint|p2b: Tauros\n|\n|win|TrainerDylan24\n|raw|TrainerDylan24's rating: 1140 → 1169<\/strong> (+29 for winning)\n|raw|nibblesjibbles's rating: 1201 → 1172<\/strong> (-29 for losing)\n","uploadtime":1681798842,"views":4,"p1id":"trainerdylan24","p2id":"nibblesjibbles","formatid":"gen9vgc2023regulationc","rating":1169,"private":0,"password":""}