{"id":"gen9vgc2023regulationc-1845212293","p1":"ChrisTheTree256","p2":"Ricardo Randorez","format":"[Gen 9] VGC 2023 Regulation C","log":"|j|\u2606ChrisTheTree256\n|j|\u2606Ricardo Randorez\n|t:|1681697023\n|gametype|doubles\n|player|p1|ChrisTheTree256|ingo|1000\n|player|p2|Ricardo Randorez|265|1099\n|teamsize|p1|6\n|teamsize|p2|6\n|gen|9\n|tier|[Gen 9] VGC 2023 Regulation C\n|rated|\n|rule|Species Clause: Limit one of each Pok\u00e9mon\n|rule|Item Clause: Limit one of each item\n|clearpoke\n|poke|p1|Scovillain, L50, F|\n|poke|p1|Dedenne, L50, M|\n|poke|p1|Glalie, L50, M|\n|poke|p1|Hypno, L50, F|\n|poke|p1|Tropius, L50, M|\n|poke|p1|Luxray, L50, M|\n|poke|p2|Quaquaval, L50, M|\n|poke|p2|Arcanine, L50, F|\n|poke|p2|Dragonite, L50, F|\n|poke|p2|Flutter Mane, L50|\n|poke|p2|Volcarona, L50, M|\n|poke|p2|Chien-Pao, L50|\n|teampreview|4\n|inactive|Battle timer is ON: inactive players will automatically lose when time's up. (requested by Ricardo Randorez)\nRicardo Randorez has agreed to open team sheets.\n|\n|t:|1681697061\n|start\n|switch|p1a: Dedenne|Dedenne, L50, M|100\/100\n|switch|p1b: Tropius|Tropius, L50, M|100\/100\n|switch|p2a: Quaquaval|Quaquaval, L50, M|100\/100\n|switch|p2b: Arcanine|Arcanine, L50, F|100\/100\n|-ability|p2b: Arcanine|Intimidate|boost\n|-unboost|p1a: Dedenne|atk|1\n|-unboost|p1b: Tropius|atk|1\n|turn|1\n|\n|t:|1681697084\n|-terastallize|p2a: Quaquaval|Fire\n|move|p1a: Dedenne|Sunny Day|p1a: Dedenne\n|-weather|SunnyDay\n|move|p1b: Tropius|Tailwind|p1b: Tropius\n|-sidestart|p1: ChrisTheTree256|move: Tailwind\n|move|p2a: Quaquaval|Aqua Step|p1a: Dedenne\n|-damage|p1a: Dedenne|60\/100\n|-boost|p2a: Quaquaval|spe|1\n|move|p2b: Arcanine|Howl|p2b: Arcanine|[spread] p2a,p2b\n|-boost|p2a: Quaquaval|atk|1\n|-boost|p2b: Arcanine|atk|1\n|\n|-weather|SunnyDay|[upkeep]\n|upkeep\n|turn|2\n|\n|t:|1681697104\n|switch|p1b: Luxray|Luxray, L50, M|100\/100\n|-ability|p1b: Luxray|Intimidate|boost\n|-fail|p2a: Quaquaval|unboost|[from] item: Clear Amulet|[of] p2a: Quaquaval\n|-unboost|p2b: Arcanine|atk|1\n|switch|p1a: Scovillain|Scovillain, L50, F|100\/100\n|move|p2b: Arcanine|Extreme Speed|p1a: Scovillain\n|-damage|p1a: Scovillain|56\/100\n|move|p2a: Quaquaval|Brave Bird|p1b: Luxray\n|-resisted|p1b: Luxray\n|-damage|p1b: Luxray|62\/100\n|-damage|p2a: Quaquaval|88\/100|[from] Recoil\n|\n|-weather|SunnyDay|[upkeep]\n|upkeep\n|turn|3\n|inactive|Ricardo Randorez has 30 seconds left.\n|\n|t:|1681697130\n|move|p2b: Arcanine|Extreme Speed|p1b: Luxray\n|-damage|p1b: Luxray|30\/100\n|move|p1b: Luxray|Quick Attack|p2a: Quaquaval\n|-damage|p2a: Quaquaval|72\/100\n|move|p1a: Scovillain|Stomping Tantrum|p2a: Quaquaval\n|-supereffective|p2a: Quaquaval\n|-crit|p2a: Quaquaval\n|-damage|p2a: Quaquaval|0 fnt\n|faint|p2a: Quaquaval\n|\n|-weather|SunnyDay|[upkeep]\n|upkeep\n|\n|t:|1681697144\n|switch|p2a: Dragonite|Dragonite, L50, F|100\/100\n|turn|4\n|\n|t:|1681697166\n|move|p2a: Dragonite|Extreme Speed|p1b: Luxray\n|-damage|p1b: Luxray|0 fnt\n|faint|p1b: Luxray\n|move|p1a: Scovillain|Stomping Tantrum|p2b: Arcanine\n|-supereffective|p2b: Arcanine\n|-damage|p2b: Arcanine|57\/100\n|move|p2b: Arcanine|Howl|p2b: Arcanine|[spread] p2a,p2b\n|-boost|p2a: Dragonite|atk|1\n|-boost|p2b: Arcanine|atk|1\n|\n|-weather|SunnyDay|[upkeep]\n|-sideend|p1: ChrisTheTree256|move: Tailwind\n|upkeep\n|\n|t:|1681697178\n|switch|p1b: Tropius|Tropius, L50, M|100\/100\n|turn|5\n|\n|t:|1681697192\n|-terastallize|p1b: Tropius|Steel\n|move|p2a: Dragonite|Extreme Speed|p1a: Scovillain\n|-damage|p1a: Scovillain|0 fnt\n|faint|p1a: Scovillain\n|move|p2b: Arcanine|Flare Blitz|p1b: Tropius\n|-supereffective|p1b: Tropius\n|-damage|p1b: Tropius|0 fnt\n|faint|p1b: Tropius\n|-damage|p2b: Arcanine|28\/100|[from] Recoil\n|\n|-weather|SunnyDay|[upkeep]\n|upkeep\n|\n|t:|1681697206\n|switch|p1a: Dedenne|Dedenne, L50, M|60\/100\n|turn|6\n|\n|t:|1681697215\n|switch|p2b: Chien-Pao|Chien-Pao, L50|100\/100\n|-ability|p2b: Chien-Pao|Sword of Ruin\n|move|p2a: Dragonite|Extreme Speed|p1a: Dedenne\n|-damage|p1a: Dedenne|0 fnt\n|faint|p1a: Dedenne\n|\n|win|Ricardo Randorez\n|raw|ChrisTheTree256's rating: 1000 → 1000<\/strong> (+0 for losing)\n|raw|Ricardo Randorez's rating: 1099 → 1117<\/strong> (+18 for winning)\n|l|\u2606ChrisTheTree256\n","uploadtime":1681697226,"views":6,"p1id":"christhetree256","p2id":"ricardorandorez","formatid":"gen9vgc2023regulationc","rating":1000,"private":0,"password":""}