{"id":"gen9vgc2023regulationc-1863279147","p1":"ninooshawottvgc","p2":"PokeTrainer00","format":"[Gen 9] VGC 2023 Regulation C","log":"|j|\u2606ninooshawottvgc\n|j|\u2606PokeTrainer00\n|t:|1683997148\n|gametype|doubles\n|player|p1|ninooshawottvgc|101|1000\n|player|p2|PokeTrainer00|102|1017\n|teamsize|p1|6\n|teamsize|p2|6\n|gen|9\n|tier|[Gen 9] VGC 2023 Regulation C\n|rated|\n|rule|Species Clause: Limit one of each Pok\u00e9mon\n|rule|Item Clause: Limit one of each item\n|clearpoke\n|poke|p1|Meowscarada, L50, F|\n|poke|p1|Crocalor, L50, F|\n|poke|p1|Quaquaval, L50, F|\n|poke|p1|Chansey, L50, F|\n|poke|p1|Tauros-Paldea-Aqua, L50, M|\n|poke|p1|Gholdengo, L50|\n|poke|p2|Murkrow, L50, F|\n|poke|p2|Ting-Lu, L50|\n|poke|p2|Gholdengo, L50|\n|poke|p2|Flutter Mane, L50|\n|poke|p2|Garchomp, L50, F|\n|poke|p2|Arcanine, L50, M|\n|teampreview|4\n|\n|t:|1683997171\n|start\n|switch|p1a: Meowscarada|Meowscarada, L50, F|100\/100\n|switch|p1b: Crocalor|Crocalor, L50, F|100\/100\n|switch|p2a: Murkrow|Murkrow, L50, F|100\/100\n|switch|p2b: Ting-Lu|Ting-Lu, L50|100\/100\n|-ability|p2b: Ting-Lu|Vessel of Ruin\n|turn|1\n|\n|t:|1683997189\n|-terastallize|p2b: Ting-Lu|Ground\n|move|p2a: Murkrow|Tailwind|p2a: Murkrow\n|-sidestart|p2: PokeTrainer00|move: Tailwind\n|move|p1a: Meowscarada|Energy Ball|p2b: Ting-Lu\n|-start|p1a: Meowscarada|typechange|Grass|[from] ability: Protean\n|-supereffective|p2b: Ting-Lu\n|-damage|p2b: Ting-Lu|80\/100\n|move|p2b: Ting-Lu|Earthquake|p1a: Meowscarada|[spread] p1a,p1b\n|-immune|p2a: Murkrow\n|-resisted|p1a: Meowscarada\n|-supereffective|p1b: Crocalor\n|-crit|p1b: Crocalor\n|-damage|p1a: Meowscarada|68\/100\n|-damage|p1b: Crocalor|0 fnt\n|faint|p1b: Crocalor\n|\n|upkeep\n|\n|t:|1683997206\n|switch|p1b: Tauros|Tauros-Paldea-Aqua, L50, M|100\/100\n|-ability|p1b: Tauros|Intimidate|boost\n|-unboost|p2a: Murkrow|atk|1\n|-unboost|p2b: Ting-Lu|atk|1\n|turn|2\n|\n|t:|1683997225\n|move|p2a: Murkrow|Foul Play|p1b: Tauros\n|-resisted|p1b: Tauros\n|-damage|p1b: Tauros|84\/100\n|move|p1a: Meowscarada|Dark Pulse|p2a: Murkrow\n|-resisted|p2a: Murkrow\n|-damage|p2a: Murkrow|94\/100\n|move|p2b: Ting-Lu|Rock Slide|p1a: Meowscarada|[spread] p1a,p1b\n|-resisted|p1b: Tauros\n|-damage|p1a: Meowscarada|50\/100\n|-damage|p1b: Tauros|79\/100\n|move|p1b: Tauros|Iron Head|p2b: Ting-Lu\n|-damage|p2b: Ting-Lu|66\/100\n|\n|upkeep\n|turn|3\n|\n|t:|1683997246\n|move|p2a: Murkrow|Haze|p2a: Murkrow\n|-clearallboost\n|move|p1a: Meowscarada|Energy Ball|p2b: Ting-Lu\n|-supereffective|p2b: Ting-Lu\n|-damage|p2b: Ting-Lu|46\/100\n|-unboost|p2b: Ting-Lu|spd|1\n|move|p2b: Ting-Lu|Ruination|p1b: Tauros\n|-damage|p1b: Tauros|40\/100\n|move|p1b: Tauros|Zen Headbutt|p2b: Ting-Lu\n|-damage|p2b: Ting-Lu|32\/100\n|\n|upkeep\n|turn|4\n|\n|t:|1683997271\n|move|p2a: Murkrow|Foul Play|p1a: Meowscarada\n|-damage|p1a: Meowscarada|0 fnt\n|faint|p1a: Meowscarada\n|move|p2b: Ting-Lu|Throat Chop|p1b: Tauros\n|-resisted|p1b: Tauros\n|-damage|p1b: Tauros|24\/100\n|-start|p1b: Tauros|Throat Chop|[silent]\n|move|p1b: Tauros|Zen Headbutt|p2a: Murkrow\n|-immune|p2a: Murkrow\n|\n|-sideend|p2: PokeTrainer00|move: Tailwind\n|upkeep\n|\n|t:|1683997283\n|switch|p1a: Gholdengo|Gholdengo, L50|100\/100\n|turn|5\n|\n|t:|1683997292\n|move|p2a: Murkrow|Tailwind|p2a: Murkrow\n|-sidestart|p2: PokeTrainer00|move: Tailwind\n|move|p2b: Ting-Lu|Earthquake|p1b: Tauros|[spread] p1a,p1b\n|-immune|p2a: Murkrow\n|-supereffective|p1a: Gholdengo\n|-damage|p1a: Gholdengo|9\/100\n|-damage|p1b: Tauros|0 fnt\n|faint|p1b: Tauros\n|move|p1a: Gholdengo|Psychic|p2b: Ting-Lu\n|-damage|p2b: Ting-Lu|14\/100\n|-damage|p1a: Gholdengo|0 fnt|[from] item: Life Orb\n|faint|p1a: Gholdengo\n|\n|win|PokeTrainer00\n|raw|ninooshawottvgc's rating: 1000 → 1000<\/strong> (+0 for losing)\n|raw|PokeTrainer00's rating: 1017 → 1053<\/strong> (+36 for winning)\n|l|\u2606PokeTrainer00\n","uploadtime":1683997308,"views":6,"p1id":"ninooshawottvgc","p2id":"poketrainer00","formatid":"gen9vgc2023regulationc","rating":1000,"private":0,"password":""}