{"id":"gen9vgc2023regulationc-1864148713","p1":"Fliipturn","p2":"Prometheus756","format":"[Gen 9] VGC 2023 Regulation C","log":"|j|\u2606Fliipturn\n|j|\u2606Prometheus756\n|t:|1684125077\n|gametype|doubles\n|player|p1|Fliipturn|lucian|1225\n|player|p2|Prometheus756|pokefan-gen4|1322\n|teamsize|p1|6\n|teamsize|p2|6\n|gen|9\n|tier|[Gen 9] VGC 2023 Regulation C\n|rated|\n|rule|Species Clause: Limit one of each Pok\u00e9mon\n|rule|Item Clause: Limit one of each item\n|clearpoke\n|poke|p1|Baxcalibur, L50, M|\n|poke|p1|Flutter Mane, L50|\n|poke|p1|Arcanine, L50, F|\n|poke|p1|Palafin, L50, F|\n|poke|p1|Amoonguss, L50, F|\n|poke|p1|Iron Hands, L50|\n|poke|p2|Dondozo, L50, M|\n|poke|p2|Tatsugiri, L50, F|\n|poke|p2|Pelipper, L50, F|\n|poke|p2|Drednaw, L50, F|\n|poke|p2|Dragapult, L50, F|\n|poke|p2|Gastrodon, L50, M|\n|teampreview|4\n|inactive|Battle timer is ON: inactive players will automatically lose when time's up. (requested by Fliipturn)\nFliipturn has agreed to open team sheets.\n|inactive|Fliipturn has 60 seconds left.\n|inactive|Prometheus756 has 60 seconds left.\n|\n|t:|1684125113\n|start\n|switch|p1a: Palafin|Palafin, L50, F|100\/100\n|switch|p1b: Iron Hands|Iron Hands, L50|100\/100\n|switch|p2a: Dondozo|Dondozo, L50, M|100\/100\n|switch|p2b: Pelipper|Pelipper, L50, F|100\/100\n|-weather|RainDance|[from] ability: Drizzle|[of] p2b: Pelipper\n|turn|1\n|\n|t:|1684125130\n|detailschange|p1a: Palafin|Palafin-Hero, L50, F\n|switch|p1a: Amoonguss|Amoonguss, L50, F|100\/100\n|move|p1b: Iron Hands|Fake Out|p2b: Pelipper\n|-damage|p2b: Pelipper|84\/100\n|cant|p2b: Pelipper|flinch\n|move|p2a: Dondozo|Surf|p1b: Iron Hands|[spread] p2b,p1a,p1b\n|-resisted|p2b: Pelipper\n|-resisted|p1a: Amoonguss\n|-damage|p2b: Pelipper|51\/100\n|-damage|p1a: Amoonguss|79\/100\n|-damage|p1b: Iron Hands|76\/100\n|-damage|p2a: Dondozo|91\/100|[from] item: Life Orb\n|\n|-weather|RainDance|[upkeep]\n|upkeep\n|turn|2\n|\n|t:|1684125153\n|move|p1a: Amoonguss|Protect|p1a: Amoonguss\n|-singleturn|p1a: Amoonguss|Protect\n|move|p2b: Pelipper|Hurricane|p1a: Amoonguss\n|-activate|p1a: Amoonguss|move: Protect\n|move|p2a: Dondozo|Earthquake|p1a: Amoonguss|[spread] p1b\n|-activate|p1a: Amoonguss|move: Protect\n|-immune|p2b: Pelipper\n|-supereffective|p1b: Iron Hands\n|-damage|p1b: Iron Hands|46\/100\n|-damage|p2a: Dondozo|81\/100|[from] item: Life Orb\n|move|p1b: Iron Hands|Volt Switch|p2b: Pelipper\n|-supereffective|p2b: Pelipper\n|-damage|p2b: Pelipper|0 fnt\n|faint|p2b: Pelipper\n|\n|t:|1684125169\n|-end|p1b: Iron Hands|Quark Drive|[silent]\n|switch|p1b: Baxcalibur|Baxcalibur, L50, M|100\/100|[from] Volt Switch\n|\n|-weather|RainDance|[upkeep]\n|upkeep\n|\n|t:|1684125189\n|switch|p2b: Tatsugiri|Tatsugiri, L50, F|100\/100\n|-activate|p2b: Tatsugiri|ability: Commander|[of] p2a: Dondozo\n|-boost|p2a: Dondozo|atk|2\n|-boost|p2a: Dondozo|spa|2\n|-boost|p2a: Dondozo|spe|2\n|-boost|p2a: Dondozo|def|2\n|-boost|p2a: Dondozo|spd|2\n|turn|3\n|\n|t:|1684125197\n|-terastallize|p2a: Dondozo|Water\n|move|p1b: Baxcalibur|Protect|p1b: Baxcalibur\n|-singleturn|p1b: Baxcalibur|Protect\n|move|p2a: Dondozo|Surf|p1b: Baxcalibur|[spread] p1a\n|-miss|p2a: Dondozo|p2b: Tatsugiri\n|-activate|p1b: Baxcalibur|move: Protect\n|-resisted|p1a: Amoonguss\n|-damage|p1a: Amoonguss|17\/100\n|-enditem|p1a: Amoonguss|Sitrus Berry|[eat]\n|-heal|p1a: Amoonguss|42\/100|[from] item: Sitrus Berry\n|-damage|p2a: Dondozo|71\/100|[from] item: Life Orb\n|move|p1a: Amoonguss|Spore|p2a: Dondozo\n|-status|p2a: Dondozo|slp|[from] move: Spore\n|\n|-weather|RainDance|[upkeep]\n|-status|p2b: Tatsugiri|tox|[from] item: Toxic Orb\n|upkeep\n|turn|4\n|\n|t:|1684125212\n|switch|p1a: Palafin|Palafin-Hero, L50, F|100\/100\n|-activate|p1a: Palafin|ability: Zero to Hero\n|move|p1b: Baxcalibur|Glaive Rush|p2a: Dondozo\n|-damage|p2a: Dondozo|44\/100 slp\n|-singlemove|p1b: Baxcalibur|Glaive Rush|[silent]\n|cant|p2a: Dondozo|slp\n|move|p2a: Dondozo|Sleep Talk|p2a: Dondozo\n|move|p2a: Dondozo|Earthquake|p1a: Palafin|[from]move: Sleep Talk|[spread] p1a,p1b\n|-miss|p2a: Dondozo|p2b: Tatsugiri\n|-damage|p1a: Palafin|65\/100\n|-damage|p1b: Baxcalibur|21\/100\n|-damage|p2a: Dondozo|34\/100 slp|[from] item: Life Orb\n|\n|-weather|RainDance|[upkeep]\n|-damage|p2b: Tatsugiri|95\/100 tox|[from] psn\n|upkeep\n|turn|5\n|\n|t:|1684125229\n|move|p1b: Baxcalibur|Protect|p1b: Baxcalibur\n|-singleturn|p1b: Baxcalibur|Protect\n|cant|p2a: Dondozo|slp\n|move|p1a: Palafin|Haze|p1a: Palafin\n|-clearallboost\n|\n|-weather|RainDance|[upkeep]\n|-damage|p2b: Tatsugiri|84\/100 tox|[from] psn\n|upkeep\n|turn|6\n|\n|t:|1684125244\n|-terastallize|p1a: Palafin|Water\n|move|p1b: Baxcalibur|Glaive Rush|p2b: Tatsugiri|[miss]\n|-miss|p1b: Baxcalibur|p2b: Tatsugiri\n|move|p1a: Palafin|Wave Crash|p2a: Dondozo\n|-resisted|p2a: Dondozo\n|-damage|p2a: Dondozo|0 fnt\n|faint|p2a: Dondozo\n|-damage|p1a: Palafin|53\/100|[from] Recoil\n|\n|-weather|RainDance|[upkeep]\n|-damage|p2b: Tatsugiri|67\/100 tox|[from] psn\n|upkeep\n|\n|t:|1684125253\n|switch|p2a: Gastrodon|Gastrodon, L50, M|100\/100\n|turn|7\n|inactive|Fliipturn has 30 seconds left.\n|\n|t:|1684125278\n|switch|p1a: Amoonguss|Amoonguss, L50, F|75\/100\n|move|p2b: Tatsugiri|Draco Meteor|p1b: Baxcalibur\n|-supereffective|p1b: Baxcalibur\n|-damage|p1b: Baxcalibur|0 fnt\n|-unboost|p2b: Tatsugiri|spa|2\n|faint|p1b: Baxcalibur\n|move|p2a: Gastrodon|Stockpile|p2a: Gastrodon\n|-start|p2a: Gastrodon|stockpile1\n|-boost|p2a: Gastrodon|def|1\n|-boost|p2a: Gastrodon|spd|1\n|\n|-weather|RainDance|[upkeep]\n|-damage|p2b: Tatsugiri|45\/100 tox|[from] psn\n|upkeep\n|\n|t:|1684125287\n|switch|p1b: Iron Hands|Iron Hands, L50|46\/100\n|turn|8\n|\n|t:|1684125305\n|move|p1b: Iron Hands|Fake Out|p2a: Gastrodon\n|-damage|p2a: Gastrodon|90\/100\n|move|p2b: Tatsugiri|Muddy Water|p1b: Iron Hands|[spread] p1a,p1b\n|-resisted|p1a: Amoonguss\n|-damage|p1a: Amoonguss|64\/100\n|-damage|p1b: Iron Hands|33\/100\n|-unboost|p1a: Amoonguss|accuracy|1\n|-unboost|p1b: Iron Hands|accuracy|1\n|cant|p2a: Gastrodon|flinch\n|move|p1a: Amoonguss|Pollen Puff|p1b: Iron Hands\n|-heal|p1b: Iron Hands|83\/100\n|\n|-weather|none\n|-heal|p2a: Gastrodon|96\/100|[from] item: Leftovers\n|-damage|p2b: Tatsugiri|17\/100 tox|[from] psn\n|upkeep\n|turn|9\n|inactive|Prometheus756 has 30 seconds left.\n|\n|t:|1684125334\n|-end|p1b: Iron Hands|Quark Drive|[silent]\n|switch|p1b: Palafin|Palafin-Hero, L50, F, tera:Water|53\/100\n|move|p2b: Tatsugiri|Muddy Water|p1a: Amoonguss|[spread] p1a\n|-miss|p2b: Tatsugiri|p1b: Palafin\n|-resisted|p1a: Amoonguss\n|-damage|p1a: Amoonguss|56\/100\n|move|p2a: Gastrodon|Ice Beam|p1a: Amoonguss\n|-supereffective|p1a: Amoonguss\n|-damage|p1a: Amoonguss|13\/100\n|move|p1a: Amoonguss|Spore|p2a: Gastrodon\n|-status|p2a: Gastrodon|slp|[from] move: Spore\n|\n|-heal|p2a: Gastrodon|100\/100 slp|[from] item: Leftovers\n|-damage|p2b: Tatsugiri|0 fnt|[from] psn\n|faint|p2b: Tatsugiri\n|upkeep\n|turn|10\n|\n|t:|1684125352\n|switch|p1a: Iron Hands|Iron Hands, L50|83\/100\n|move|p1b: Palafin|Haze|p1b: Palafin\n|-clearallboost\n|cant|p2a: Gastrodon|slp\n|\n|upkeep\n|turn|11\n|\n|t:|1684125359\n|switch|p1b: Amoonguss|Amoonguss, L50, F|46\/100\n|move|p1a: Iron Hands|Fake Out|p2a: Gastrodon\n|-damage|p2a: Gastrodon|84\/100 slp\n|cant|p2a: Gastrodon|slp\n|\n|-heal|p2a: Gastrodon|90\/100 slp|[from] item: Leftovers\n|upkeep\n|turn|12\n|\n|t:|1684125368\n|switch|p1b: Palafin|Palafin-Hero, L50, F, tera:Water|53\/100\n|move|p1a: Iron Hands|Drain Punch|p2a: Gastrodon\n|-damage|p2a: Gastrodon|50\/100 slp\n|-heal|p1a: Iron Hands|100\/100|[from] drain|[of] p2a: Gastrodon\n|cant|p2a: Gastrodon|slp\n|\n|-heal|p2a: Gastrodon|56\/100 slp|[from] item: Leftovers\n|upkeep\n|turn|13\n|\n|t:|1684125374\n|switch|p1b: Amoonguss|Amoonguss, L50, F|79\/100\n|move|p1a: Iron Hands|Drain Punch|p2a: Gastrodon\n|-damage|p2a: Gastrodon|11\/100 slp\n|-curestatus|p2a: Gastrodon|slp|[msg]\n|move|p2a: Gastrodon|Ice Beam|p1b: Amoonguss\n|-supereffective|p1b: Amoonguss\n|-damage|p1b: Amoonguss|32\/100\n|-status|p1b: Amoonguss|frz\n|\n|-heal|p2a: Gastrodon|17\/100|[from] item: Leftovers\n|upkeep\n|turn|14\n|\n|t:|1684125383\n|switch|p1b: Palafin|Palafin-Hero, L50, F, tera:Water|53\/100\n|move|p1a: Iron Hands|Drain Punch|p2a: Gastrodon\n|-damage|p2a: Gastrodon|0 fnt\n|faint|p2a: Gastrodon\n|\n|win|Fliipturn\n|raw|Fliipturn's rating: 1225 → 1257<\/strong> (+32 for winning)\n|raw|Prometheus756's rating: 1322 → 1297<\/strong> (-25 for losing)\n|l|\u2606Prometheus756\n","uploadtime":1684125395,"views":5,"p1id":"fliipturn","p2id":"prometheus756","formatid":"gen9vgc2023regulationc","rating":1257,"private":0,"password":""}