{"id":"gen9vgc2023regulationc-1854639236","p1":"Idk544","p2":"STOP VVVLBI","format":"[Gen 9] VGC 2023 Regulation C","log":"|j|\u2606Idk544\n|j|\u2606STOP VVVLBI\n|t:|1682841204\n|gametype|doubles\n|player|p1|Idk544|silver|1322\n|player|p2|STOP VVVLBI|dawn|1330\n|teamsize|p1|6\n|teamsize|p2|6\n|gen|9\n|tier|[Gen 9] VGC 2023 Regulation C\n|rated|\n|rule|Species Clause: Limit one of each Pok\u00e9mon\n|rule|Item Clause: Limit one of each item\n|clearpoke\n|poke|p1|Orthworm, L50, M|\n|poke|p1|Iron Hands, L50|\n|poke|p1|Flutter Mane, L50|\n|poke|p1|Gholdengo, L50|\n|poke|p1|Gyarados, L50, M|\n|poke|p1|Ting-Lu, L50|\n|poke|p2|Arcanine, L50, F|\n|poke|p2|Palafin, L50, F|\n|poke|p2|Baxcalibur, L50, F|\n|poke|p2|Flutter Mane, L50|\n|poke|p2|Amoonguss, L50, F|\n|poke|p2|Ting-Lu, L50|\n|teampreview|4\nIdk544 has agreed to open team sheets.\n|inactive|Battle timer is ON: inactive players will automatically lose when time's up. (requested by STOP VVVLBI)\n|\n|t:|1682841265\n|start\n|switch|p1a: Iron Hands|Iron Hands, L50|100\/100\n|switch|p1b: Orthworm|Orthworm, L50, M|100\/100\n|switch|p2a: Flutter Mane|Flutter Mane, L50|100\/100\n|switch|p2b: Palafin|Palafin, L50, F|100\/100\n|turn|1\n|j| Ahsna\n|inactive|Idk544 has 30 seconds left.\n|inactive|Idk544 has 20 seconds left.\n|\n|t:|1682841302\n|detailschange|p2b: Palafin|Palafin-Hero, L50, F\n|switch|p2b: Amoonguss|Amoonguss, L50, F|100\/100\n|move|p2a: Flutter Mane|Moonblast|p1a: Iron Hands\n|-supereffective|p1a: Iron Hands\n|-damage|p1a: Iron Hands|20\/100\n|move|p1b: Orthworm|Shed Tail|p1b: Orthworm\n|-start|p1b: Orthworm|Substitute|[from] move: Shed Tail\n|-damage|p1b: Orthworm|50\/100\n|-enditem|p1b: Orthworm|Sitrus Berry|[eat]\n|-heal|p1b: Orthworm|75\/100|[from] item: Sitrus Berry\n|\n|t:|1682841320\n|switch|p1b: Gyarados|Gyarados, L50, M|100\/100|[from] Shed Tail\n|-ability|p1b: Gyarados|Intimidate|boost\n|-unboost|p2a: Flutter Mane|atk|1\n|-unboost|p2b: Amoonguss|atk|1\n|move|p1a: Iron Hands|Volt Switch|p2b: Amoonguss\n|-resisted|p2b: Amoonguss\n|-damage|p2b: Amoonguss|95\/100\n|\n|t:|1682841334\n|-end|p1a: Iron Hands|Quark Drive|[silent]\n|switch|p1a: Orthworm|Orthworm, L50, M|75\/100|[from] Volt Switch\n|\n|upkeep\n|turn|2\n|inactive|STOP VVVLBI has 30 seconds left.\n|\n|t:|1682841360\n|-end|p2a: Flutter Mane|Protosynthesis|[silent]\n|switch|p2a: Baxcalibur|Baxcalibur, L50, F|100\/100\n|-terastallize|p1b: Gyarados|Grass\n|move|p1a: Orthworm|Helping Hand|p1b: Gyarados\n|-singleturn|p1b: Gyarados|Helping Hand|[of] p1a: Orthworm\n|move|p1b: Gyarados|Waterfall|p2a: Baxcalibur\n|-resisted|p2a: Baxcalibur\n|-damage|p2a: Baxcalibur|71\/100\n|move|p2b: Amoonguss|Pollen Puff|p1a: Orthworm\n|-resisted|p1a: Orthworm\n|-damage|p1a: Orthworm|67\/100\n|\n|upkeep\n|turn|3\n|inactive|Idk544 has 30 seconds left.\n|inactive|Idk544 has 20 seconds left.\n|inactive|Idk544 has 15 seconds left.\n|l| Ahsna\n|\n|t:|1682841405\n|move|p2b: Amoonguss|Rage Powder|p2b: Amoonguss\n|-singleturn|p2b: Amoonguss|move: Rage Powder\n|move|p1b: Gyarados|Bulldoze|p2b: Amoonguss|[spread] p2a,p2b\n|-heal|p1a: Orthworm|92\/100|[from] ability: Earth Eater|[of] p1b: Gyarados\n|-damage|p2a: Baxcalibur|54\/100\n|-damage|p2b: Amoonguss|84\/100\n|-unboost|p2a: Baxcalibur|spe|1\n|-unboost|p2b: Amoonguss|spe|1\n|move|p2a: Baxcalibur|Icicle Spear|p1b: Gyarados\n|-supereffective|p1b: Gyarados\n|-end|p1b: Gyarados|Substitute\n|-supereffective|p1b: Gyarados\n|-damage|p1b: Gyarados|57\/100\n|-supereffective|p1b: Gyarados\n|-damage|p1b: Gyarados|18\/100\n|-supereffective|p1b: Gyarados\n|-damage|p1b: Gyarados|0 fnt\n|faint|p1b: Gyarados\n|-hitcount|p1: Gyarados|4\n|move|p1a: Orthworm|Shed Tail|p1a: Orthworm\n|-start|p1a: Orthworm|Substitute|[from] move: Shed Tail\n|-damage|p1a: Orthworm|42\/100\n|\n|t:|1682841428\n|switch|p1a: Gholdengo|Gholdengo, L50|100\/100|[from] Shed Tail\n|\n|upkeep\n|\n|t:|1682841437\n|switch|p1b: Iron Hands|Iron Hands, L50|20\/100\n|turn|4\n|\n|t:|1682841455\n|move|p1b: Iron Hands|Fake Out|p2a: Baxcalibur\n|-damage|p2a: Baxcalibur|40\/100\n|cant|p2a: Baxcalibur|flinch\n|move|p1a: Gholdengo|Nasty Plot|p1a: Gholdengo\n|-boost|p1a: Gholdengo|spa|2\n|move|p2b: Amoonguss|Pollen Puff|p2a: Baxcalibur\n|-heal|p2a: Baxcalibur|90\/100\n|\n|upkeep\n|turn|5\n|\n|t:|1682841475\n|-terastallize|p2a: Baxcalibur|Poison\n|move|p2b: Amoonguss|Rage Powder|p2b: Amoonguss\n|-singleturn|p2b: Amoonguss|move: Rage Powder\n|move|p1a: Gholdengo|Make It Rain|p2b: Amoonguss|[spread] p2a,p2b\n|-damage|p2a: Baxcalibur|7\/100\n|-damage|p2b: Amoonguss|0 fnt\n|-unboost|p1a: Gholdengo|spa|1\n|faint|p2b: Amoonguss\n|move|p2a: Baxcalibur|Icicle Spear|p1a: Gholdengo\n|-resisted|p1a: Gholdengo\n|-activate|p1a: Gholdengo|move: Substitute|[damage]\n|-resisted|p1a: Gholdengo\n|-activate|p1a: Gholdengo|move: Substitute|[damage]\n|-resisted|p1a: Gholdengo\n|-activate|p1a: Gholdengo|move: Substitute|[damage]\n|-resisted|p1a: Gholdengo\n|-end|p1a: Gholdengo|Substitute\n|-hitcount|p1a: Gholdengo|4\n|move|p1b: Iron Hands|Drain Punch|p2a: Baxcalibur\n|-resisted|p2a: Baxcalibur\n|-damage|p2a: Baxcalibur|0 fnt\n|-heal|p1b: Iron Hands|23\/100|[from] drain|[of] p2a: Baxcalibur\n|faint|p2a: Baxcalibur\n|\n|upkeep\n|\n|t:|1682841495\n|switch|p2a: Flutter Mane|Flutter Mane, L50|100\/100\n|switch|p2b: Palafin|Palafin-Hero, L50, F|100\/100\n|-activate|p2b: Palafin|ability: Zero to Hero\n|turn|6\n|inactive|Idk544 has 30 seconds left.\n|\n|t:|1682841525\n|-end|p1b: Iron Hands|Quark Drive|[silent]\n|switch|p1b: Orthworm|Orthworm, L50, M|42\/100\n|move|p2b: Palafin|Jet Punch|p1b: Orthworm\n|-damage|p1b: Orthworm|9\/100\n|move|p2a: Flutter Mane|Shadow Ball|p1a: Gholdengo\n|-supereffective|p1a: Gholdengo\n|-damage|p1a: Gholdengo|0 fnt\n|faint|p1a: Gholdengo\n|\n|upkeep\n|inactive|Idk544 has 30 seconds left.\n|c|\u2606STOP VVVLBI|hurry\n|inactive|Idk544 has 20 seconds left.\n|inactive|Idk544 has 15 seconds left.\n|-message|Idk544 forfeited.\n|\n|win|STOP VVVLBI\n|raw|Idk544's rating: 1322 → 1302<\/strong> (-20 for losing)\n|raw|STOP VVVLBI's rating: 1330 → 1350<\/strong> (+20 for winning)\n|l|\u2606STOP VVVLBI\n","uploadtime":1682841574,"views":15,"p1id":"idk544","p2id":"stopvvvlbi","formatid":"gen9vgc2023regulationc","rating":1302,"private":0,"password":""}