{"id":"gen9vgc2023regulationc-1849758276","p1":"Fee Nomene","p2":"Moonz_e","format":"[Gen 9] VGC 2023 Regulation C","log":"|j|\u2606Fee Nomene\n|j|\u2606Moonz_e\n|t:|1682246526\n|gametype|doubles\n|player|p1|Fee Nomene|iris-masters|1130\n|player|p2|Moonz_e|caitlin-masters|1075\n|teamsize|p1|6\n|teamsize|p2|6\n|gen|9\n|tier|[Gen 9] VGC 2023 Regulation C\n|rated|\n|rule|Species Clause: Limit one of each Pok\u00e9mon\n|rule|Item Clause: Limit one of each item\n|clearpoke\n|poke|p1|Arcanine, L50, M|\n|poke|p1|Iron Hands, L50|\n|poke|p1|Gholdengo, L50|\n|poke|p1|Iron Bundle, L50|\n|poke|p1|Roaring Moon, L50|\n|poke|p1|Amoonguss, L50, M|\n|poke|p2|Ting-Lu, L50|\n|poke|p2|Amoonguss, L50, F|\n|poke|p2|Meowscarada, L50, M|\n|poke|p2|Dragonite, L50, F|\n|poke|p2|Arcanine, L50, F|\n|poke|p2|Iron Bundle, L50|\n|teampreview|4\n|inactive|Battle timer is ON: inactive players will automatically lose when time's up. (requested by Fee Nomene)\nFee Nomene rejected open team sheets.\n|c|\u2606Moonz_e|Glhf\n|c|\u2606Fee Nomene|glhf\n|inactive|Moonz_e has 60 seconds left.\n|\n|t:|1682246564\n|start\n|switch|p1a: Iron Hands|Iron Hands, L50|100\/100\n|switch|p1b: Roaring Moon|Roaring Moon, L50|100\/100\n|switch|p2a: Arcanine|Arcanine, L50, F|100\/100\n|switch|p2b: Ting-Lu|Ting-Lu, L50|100\/100\n|-ability|p2a: Arcanine|Intimidate|boost\n|-unboost|p1a: Iron Hands|atk|1\n|-unboost|p1b: Roaring Moon|atk|1\n|-ability|p2b: Ting-Lu|Vessel of Ruin\n|-enditem|p1b: Roaring Moon|Booster Energy\n|-activate|p1b: Roaring Moon|ability: Protosynthesis|[fromitem]\n|-start|p1b: Roaring Moon|protosynthesisspe\n|turn|1\n|inactive|Fee Nomene has 30 seconds left.\n|inactive|Moonz_e has 30 seconds left.\n|\n|t:|1682246591\n|move|p1a: Iron Hands|Fake Out|p2b: Ting-Lu\n|-damage|p2b: Ting-Lu|95\/100\n|move|p1b: Roaring Moon|Tailwind|p1b: Roaring Moon\n|-sidestart|p1: Fee Nomene|move: Tailwind\n|move|p2a: Arcanine|Will-O-Wisp|p1a: Iron Hands\n|-status|p1a: Iron Hands|brn\n|cant|p2b: Ting-Lu|flinch\n|\n|-heal|p2b: Ting-Lu|100\/100|[from] item: Leftovers\n|-damage|p1a: Iron Hands|94\/100 brn|[from] brn\n|upkeep\n|turn|2\n|\n|t:|1682246610\n|move|p1b: Roaring Moon|Protect|p1b: Roaring Moon\n|-singleturn|p1b: Roaring Moon|Protect\n|move|p2a: Arcanine|Protect|p2a: Arcanine\n|-singleturn|p2a: Arcanine|Protect\n|move|p1a: Iron Hands|Volt Switch|p2a: Arcanine\n|-activate|p2a: Arcanine|move: Protect\n|move|p2b: Ting-Lu|Earthquake|p1a: Iron Hands|[spread] p1a\n|-activate|p2a: Arcanine|move: Protect\n|-activate|p1b: Roaring Moon|move: Protect\n|-supereffective|p1a: Iron Hands\n|-damage|p1a: Iron Hands|54\/100 brn\n|\n|-damage|p1a: Iron Hands|48\/100 brn|[from] brn\n|upkeep\n|turn|3\n|inactive|Moonz_e has 30 seconds left.\n|\n|t:|1682246643\n|move|p1b: Roaring Moon|Acrobatics|p2b: Ting-Lu\n|-damage|p2b: Ting-Lu|86\/100\n|move|p2a: Arcanine|Will-O-Wisp|p1b: Roaring Moon|[miss]\n|-miss|p2a: Arcanine|p1b: Roaring Moon\n|move|p1a: Iron Hands|Drain Punch|p2b: Ting-Lu\n|-supereffective|p2b: Ting-Lu\n|-damage|p2b: Ting-Lu|71\/100\n|-heal|p1a: Iron Hands|57\/100 brn|[from] drain|[of] p2b: Ting-Lu\n|move|p2b: Ting-Lu|Body Press|p1b: Roaring Moon\n|-supereffective|p1b: Roaring Moon\n|-damage|p1b: Roaring Moon|43\/100\n|\n|-heal|p2b: Ting-Lu|77\/100|[from] item: Leftovers\n|-damage|p1a: Iron Hands|51\/100 brn|[from] brn\n|upkeep\n|turn|4\n|\n|t:|1682246661\n|move|p1b: Roaring Moon|Protect|p1b: Roaring Moon\n|-singleturn|p1b: Roaring Moon|Protect\n|move|p2a: Arcanine|Protect|p2a: Arcanine\n|-singleturn|p2a: Arcanine|Protect\n|move|p1a: Iron Hands|Volt Switch|p2a: Arcanine\n|-activate|p2a: Arcanine|move: Protect\n|move|p2b: Ting-Lu|Earthquake|p1a: Iron Hands|[spread] p1a\n|-activate|p2a: Arcanine|move: Protect\n|-activate|p1b: Roaring Moon|move: Protect\n|-supereffective|p1a: Iron Hands\n|-damage|p1a: Iron Hands|11\/100 brn\n|\n|-heal|p2b: Ting-Lu|83\/100|[from] item: Leftovers\n|-damage|p1a: Iron Hands|5\/100 brn|[from] brn\n|-sideend|p1: Fee Nomene|move: Tailwind\n|upkeep\n|turn|5\n|\n|t:|1682246684\n|move|p2b: Ting-Lu|Protect|p2b: Ting-Lu\n|-singleturn|p2b: Ting-Lu|Protect\n|move|p1b: Roaring Moon|Tailwind|p1b: Roaring Moon\n|-sidestart|p1: Fee Nomene|move: Tailwind\n|move|p2a: Arcanine|Snarl|p1b: Roaring Moon|[spread] p1a,p1b\n|-resisted|p1a: Iron Hands\n|-resisted|p1b: Roaring Moon\n|-damage|p1a: Iron Hands|4\/100 brn\n|-damage|p1b: Roaring Moon|39\/100\n|-unboost|p1a: Iron Hands|spa|1\n|-unboost|p1b: Roaring Moon|spa|1\n|move|p1a: Iron Hands|Drain Punch|p2b: Ting-Lu\n|-activate|p2b: Ting-Lu|move: Protect\n|\n|-heal|p2b: Ting-Lu|89\/100|[from] item: Leftovers\n|-damage|p1a: Iron Hands|0 fnt|[from] brn\n|faint|p1a: Iron Hands\n|-end|p1a: Iron Hands|Quark Drive|[silent]\n|upkeep\n|\n|t:|1682246693\n|switch|p1a: Iron Bundle|Iron Bundle, L50|100\/100\n|turn|6\n|\n|t:|1682246712\n|-end|p1b: Roaring Moon|Protosynthesis|[silent]\n|switch|p1b: Amoonguss|Amoonguss, L50, M, shiny|100\/100\n|move|p1a: Iron Bundle|Hydro Pump|p2a: Arcanine\n|-supereffective|p2a: Arcanine\n|-damage|p2a: Arcanine|1\/100\n|move|p2a: Arcanine|Snarl|p1b: Amoonguss|[spread] p1a,p1b\n|-damage|p1a: Iron Bundle|86\/100\n|-damage|p1b: Amoonguss|94\/100\n|-unboost|p1a: Iron Bundle|spa|1\n|move|p2b: Ting-Lu|Rock Slide|p1b: Amoonguss|[spread] p1a,p1b\n|-supereffective|p1a: Iron Bundle\n|-damage|p1a: Iron Bundle|53\/100\n|-damage|p1b: Amoonguss|83\/100\n|\n|-heal|p2b: Ting-Lu|95\/100|[from] item: Leftovers\n|upkeep\n|turn|7\n|\n|t:|1682246736\n|switch|p2a: Amoonguss|Amoonguss, L50, F|100\/100\n|move|p2b: Ting-Lu|Protect|p2b: Ting-Lu\n|-singleturn|p2b: Ting-Lu|Protect\n|move|p1b: Amoonguss|Rage Powder|p1b: Amoonguss\n|-singleturn|p1b: Amoonguss|move: Rage Powder\n|move|p1a: Iron Bundle|Hydro Pump|p2b: Ting-Lu\n|-activate|p2b: Ting-Lu|move: Protect\n|\n|-heal|p2b: Ting-Lu|100\/100|[from] item: Leftovers\n|upkeep\n|turn|8\n|\n|t:|1682246756\n|-end|p1a: Iron Bundle|Quark Drive|[silent]\n|switch|p1a: Roaring Moon|Roaring Moon, L50|39\/100\n|move|p2a: Amoonguss|Rage Powder|p2a: Amoonguss\n|-singleturn|p2a: Amoonguss|move: Rage Powder\n|move|p2b: Ting-Lu|Earthquake|p1a: Roaring Moon|[spread] p2a,p1a,p1b\n|-damage|p2a: Amoonguss|75\/100\n|-damage|p1a: Roaring Moon|2\/100\n|-damage|p1b: Amoonguss|61\/100\n|move|p1b: Amoonguss|Spore|p2b: Ting-Lu\n|-status|p2b: Ting-Lu|slp|[from] move: Spore\n|\n|-sideend|p1: Fee Nomene|move: Tailwind\n|upkeep\n|turn|9\n|inactive|Moonz_e has 30 seconds left.\n|\n|t:|1682246781\n|move|p1a: Roaring Moon|Tailwind|p1a: Roaring Moon\n|-sidestart|p1: Fee Nomene|move: Tailwind\n|cant|p2b: Ting-Lu|slp\n|move|p1b: Amoonguss|Pollen Puff|p1a: Roaring Moon\n|-heal|p1a: Roaring Moon|52\/100\n|move|p2a: Amoonguss|Pollen Puff|p2b: Ting-Lu\n|-immune|p2b: Ting-Lu\n|\n|upkeep\n|turn|10\n|\n|t:|1682246802\n|switch|p2a: Arcanine|Arcanine, L50, F|1\/100\n|-ability|p2a: Arcanine|Intimidate|boost\n|-unboost|p1a: Roaring Moon|atk|1\n|-unboost|p1b: Amoonguss|atk|1\n|move|p1a: Roaring Moon|Acrobatics|p2a: Arcanine\n|-damage|p2a: Arcanine|0 fnt\n|faint|p2a: Arcanine\n|cant|p2b: Ting-Lu|slp\n|move|p1b: Amoonguss|Pollen Puff|p2b: Ting-Lu\n|-supereffective|p2b: Ting-Lu\n|-damage|p2b: Ting-Lu|77\/100 slp\n|\n|-heal|p2b: Ting-Lu|83\/100 slp|[from] item: Leftovers\n|upkeep\n|\n|t:|1682246819\n|switch|p2a: Meowscarada|Meowscarada, L50, M|100\/100\n|turn|11\n|\n|t:|1682246836\n|move|p1a: Roaring Moon|Protect|p1a: Roaring Moon\n|-singleturn|p1a: Roaring Moon|Protect\n|move|p2a: Meowscarada|U-turn|p1a: Roaring Moon\n|-start|p2a: Meowscarada|typechange|Bug|[from] ability: Protean\n|-activate|p1a: Roaring Moon|move: Protect\n|cant|p2b: Ting-Lu|slp\n|move|p1b: Amoonguss|Pollen Puff|p2a: Meowscarada\n|-damage|p2a: Meowscarada|79\/100\n|\n|-heal|p2b: Ting-Lu|89\/100 slp|[from] item: Leftovers\n|upkeep\n|turn|12\n|\n|t:|1682246853\n|move|p1a: Roaring Moon|Protect||[still]\n|-fail|p1a: Roaring Moon\n|move|p2a: Meowscarada|U-turn|p1a: Roaring Moon\n|-supereffective|p1a: Roaring Moon\n|-damage|p1a: Roaring Moon|0 fnt\n|faint|p1a: Roaring Moon\n|-end|p1a: Roaring Moon|Protosynthesis|[silent]\n|\n|t:|1682246860\n|switch|p2a: Amoonguss|Amoonguss, L50, F|100\/100|[from] U-turn\n|-curestatus|p2b: Ting-Lu|slp|[msg]\n|move|p2b: Ting-Lu|Earthquake|p1b: Amoonguss|[spread] p2a,p1b\n|-damage|p2a: Amoonguss|75\/100\n|-damage|p1b: Amoonguss|38\/100\n|move|p1b: Amoonguss|Spore|p2b: Ting-Lu\n|-status|p2b: Ting-Lu|slp|[from] move: Spore\n|\n|-heal|p2b: Ting-Lu|95\/100 slp|[from] item: Leftovers\n|-sideend|p1: Fee Nomene|move: Tailwind\n|upkeep\n|\n|t:|1682246868\n|switch|p1a: Iron Bundle|Iron Bundle, L50|53\/100\n|turn|13\n|\n|t:|1682246884\n|move|p2a: Amoonguss|Rage Powder|p2a: Amoonguss\n|-singleturn|p2a: Amoonguss|move: Rage Powder\n|move|p1a: Iron Bundle|Freeze-Dry|p2a: Amoonguss\n|-supereffective|p2a: Amoonguss\n|-damage|p2a: Amoonguss|33\/100\n|cant|p2b: Ting-Lu|slp\n|move|p1b: Amoonguss|Pollen Puff|p1a: Iron Bundle\n|-heal|p1a: Iron Bundle|100\/100\n|\n|-heal|p2b: Ting-Lu|100\/100 slp|[from] item: Leftovers\n|upkeep\n|turn|14\n|\n|t:|1682246900\n|switch|p2a: Meowscarada|Meowscarada, L50, M|79\/100\n|move|p1a: Iron Bundle|Freeze-Dry|p2a: Meowscarada\n|-supereffective|p2a: Meowscarada\n|-damage|p2a: Meowscarada|4\/100\n|cant|p2b: Ting-Lu|slp\n|move|p1b: Amoonguss|Spore|p2b: Ting-Lu\n|-fail|p2b: Ting-Lu|slp\n|\n|upkeep\n|turn|15\n|\n|t:|1682246918\n|move|p1a: Iron Bundle|Protect|p1a: Iron Bundle\n|-singleturn|p1a: Iron Bundle|Protect\n|move|p1b: Amoonguss|Protect|p1b: Amoonguss\n|-singleturn|p1b: Amoonguss|Protect\n|move|p2a: Meowscarada|Flower Trick|p1a: Iron Bundle\n|-start|p2a: Meowscarada|typechange|Grass|[from] ability: Protean\n|-activate|p1a: Iron Bundle|move: Protect\n|-curestatus|p2b: Ting-Lu|slp|[msg]\n|move|p2b: Ting-Lu|Earthquake|p1a: Iron Bundle|[spread] p2a\n|-activate|p1a: Iron Bundle|move: Protect\n|-activate|p1b: Amoonguss|move: Protect\n|-resisted|p2a: Meowscarada\n|-damage|p2a: Meowscarada|0 fnt\n|faint|p2a: Meowscarada\n|\n|upkeep\n|\n|t:|1682246936\n|switch|p2a: Amoonguss|Amoonguss, L50, F|66\/100\n|turn|16\n|\n|t:|1682246955\n|move|p1a: Iron Bundle|Freeze-Dry|p2a: Amoonguss\n|-supereffective|p2a: Amoonguss\n|-damage|p2a: Amoonguss|25\/100\n|-enditem|p2a: Amoonguss|Iapapa Berry|[eat]\n|-heal|p2a: Amoonguss|58\/100|[from] item: Iapapa Berry\n|move|p2b: Ting-Lu|Earthquake|p1b: Amoonguss|[spread] p2a,p1a,p1b\n|-damage|p2a: Amoonguss|33\/100\n|-damage|p1a: Iron Bundle|64\/100\n|-damage|p1b: Amoonguss|15\/100\n|move|p2a: Amoonguss|Spore|p1a: Iron Bundle\n|-status|p1a: Iron Bundle|slp|[from] move: Spore\n|move|p1b: Amoonguss|Spore|p2b: Ting-Lu\n|-status|p2b: Ting-Lu|slp|[from] move: Spore\n|\n|upkeep\n|turn|17\n|\n|t:|1682246980\n|cant|p1a: Iron Bundle|slp\n|cant|p2b: Ting-Lu|slp\n|move|p2a: Amoonguss|Pollen Puff|p1b: Amoonguss\n|-damage|p1b: Amoonguss|2\/100\n|move|p1b: Amoonguss|Pollen Puff|p1a: Iron Bundle\n|-heal|p1a: Iron Bundle|100\/100 slp\n|\n|upkeep\n|turn|18\n|\n|t:|1682246995\n|move|p1b: Amoonguss|Protect|p1b: Amoonguss\n|-singleturn|p1b: Amoonguss|Protect\n|cant|p1a: Iron Bundle|slp\n|-curestatus|p2b: Ting-Lu|slp|[msg]\n|move|p2b: Ting-Lu|Earthquake|p1b: Amoonguss|[spread] p2a,p1a\n|-activate|p1b: Amoonguss|move: Protect\n|-damage|p2a: Amoonguss|5\/100\n|-damage|p1a: Iron Bundle|68\/100 slp\n|move|p2a: Amoonguss|Pollen Puff|p1b: Amoonguss\n|-activate|p1b: Amoonguss|move: Protect\n|\n|upkeep\n|turn|19\n|\n|t:|1682247017\n|cant|p1a: Iron Bundle|slp\n|move|p1b: Amoonguss|Protect|p1b: Amoonguss\n|-singleturn|p1b: Amoonguss|Protect\n|move|p2b: Ting-Lu|Earthquake|p1b: Amoonguss|[spread] p2a,p1a\n|-activate|p1b: Amoonguss|move: Protect\n|-damage|p2a: Amoonguss|0 fnt\n|-damage|p1a: Iron Bundle|36\/100 slp\n|faint|p2a: Amoonguss\n|\n|upkeep\n|turn|20\n|\n|t:|1682247032\n|-curestatus|p1a: Iron Bundle|slp|[msg]\n|move|p1a: Iron Bundle|Hydro Pump|p2b: Ting-Lu\n|-supereffective|p2b: Ting-Lu\n|-damage|p2b: Ting-Lu|34\/100\n|move|p2b: Ting-Lu|Earthquake|p1b: Amoonguss|[spread] p1a,p1b\n|-damage|p1a: Iron Bundle|4\/100\n|-damage|p1b: Amoonguss|0 fnt\n|faint|p1b: Amoonguss\n|\n|-heal|p2b: Ting-Lu|40\/100|[from] item: Leftovers\n|upkeep\n|turn|21\n|\n|t:|1682247053\n|move|p2b: Ting-Lu|Protect|p2b: Ting-Lu\n|-singleturn|p2b: Ting-Lu|Protect\n|move|p1a: Iron Bundle|Hydro Pump|p2b: Ting-Lu\n|-activate|p2b: Ting-Lu|move: Protect\n|\n|-heal|p2b: Ting-Lu|46\/100|[from] item: Leftovers\n|upkeep\n|turn|22\n|inactive|Moonz_e has 30 seconds left.\n|\n|t:|1682247063\n|-terastallize|p2b: Ting-Lu|Fairy\n|move|p1a: Iron Bundle|Hydro Pump|p2b: Ting-Lu\n|-damage|p2b: Ting-Lu|12\/100\n|move|p2b: Ting-Lu|Earthquake|p1a: Iron Bundle\n|-damage|p1a: Iron Bundle|0 fnt\n|faint|p1a: Iron Bundle\n|-end|p1a: Iron Bundle|Quark Drive|[silent]\n|\n|win|Moonz_e\n|inactive|Moonz_e has 30 seconds left this turn.\n|raw|Fee Nomene's rating: 1130 → 1101<\/strong> (-29 for losing)\n|raw|Moonz_e's rating: 1075 → 1108<\/strong> (+33 for winning)\n|c|\u2606Fee Nomene|gg\n|c|\u2606Moonz_e|Gg\n|l|\u2606Fee Nomene\n","uploadtime":1682247411,"views":24,"p1id":"feenomene","p2id":"moonze","formatid":"gen9vgc2023regulationc","rating":1101,"private":0,"password":""}