{"id":"gen9vgc2023regulationc-1847295003","p1":"As-fly-as-sly","p2":"Rainmakerisback","format":"[Gen 9] VGC 2023 Regulation C","log":"|j|\u2606As-fly-as-sly\n|j|\u2606Rainmakerisback\n|t:|1681935629\n|gametype|doubles\n|player|p1|As-fly-as-sly|palmer|1229\n|player|p2|Rainmakerisback|170|1308\n|teamsize|p1|6\n|teamsize|p2|6\n|gen|9\n|tier|[Gen 9] VGC 2023 Regulation C\n|rated|\n|rule|Species Clause: Limit one of each Pok\u00e9mon\n|rule|Item Clause: Limit one of each item\n|clearpoke\n|poke|p1|Palafin, L50, F|\n|poke|p1|Arcanine, L50, F|\n|poke|p1|Amoonguss, L50, F|\n|poke|p1|Ting-Lu, L50|\n|poke|p1|Baxcalibur, L50, F|\n|poke|p1|Flutter Mane, L50|\n|poke|p2|Lilligant, L50, F|\n|poke|p2|Torkoal, L50, F|\n|poke|p2|Flutter Mane, L50|\n|poke|p2|Kingambit, L50, F|\n|poke|p2|Dragonite, L50, F|\n|poke|p2|Great Tusk, L50|\n|teampreview|4\n|c|\u2606Rainmakerisback|Happy 420 brother\n|c|\u2606As-fly-as-sly|still 4\/19 for me\n|inactive|Battle timer is ON: inactive players will automatically lose when time's up. (requested by Rainmakerisback)\n|c|\u2606Rainmakerisback|Give it a sec\n|\n|t:|1681935671\n|start\n|switch|p1a: Flutter Mane|Flutter Mane, L50|100\/100\n|switch|p1b: Baxcalibur|Baxcalibur, L50, F|100\/100\n|switch|p2a: HOT|Kingambit, L50, F, shiny|100\/100\n|switch|p2b: FANCY|Flutter Mane, L50, shiny|100\/100\n|turn|1\n|\n|t:|1681935687\n|switch|p1b: Ting-Lu|Ting-Lu, L50|100\/100\n|-ability|p1b: Ting-Lu|Vessel of Ruin\n|move|p1a: Flutter Mane|Shadow Ball|p2b: FANCY\n|-supereffective|p2b: FANCY\n|-damage|p2b: FANCY|0 fnt\n|faint|p2b: FANCY\n|-end|p2b: FANCY|Protosynthesis|[silent]\n|move|p2a: HOT|Iron Head|p1a: Flutter Mane\n|-supereffective|p1a: Flutter Mane\n|-damage|p1a: Flutter Mane|0 fnt\n|faint|p1a: Flutter Mane\n|-end|p1a: Flutter Mane|Protosynthesis|[silent]\n|\n|upkeep\n|\n|t:|1681935701\n|switch|p1a: Baxcalibur|Baxcalibur, L50, F|100\/100\n|switch|p2b: Trouble|Great Tusk, L50, shiny|100\/100\n|turn|2\n|inactive|Rainmakerisback has 30 seconds left.\n|\n|t:|1681935727\n|switch|p2a: Breakthrough|Torkoal, L50, F, shiny|100\/100\n|-weather|SunnyDay|[from] ability: Drought|[of] p2a: Breakthrough\n|-activate|p2b: Trouble|ability: Protosynthesis\n|-start|p2b: Trouble|protosynthesisatk\n|switch|p1b: Amoonguss|Amoonguss, L50, F|100\/100\n|-terastallize|p2b: Trouble|Steel\n|-terastallize|p1a: Baxcalibur|Poison\n|move|p2b: Trouble|Headlong Rush|p1a: Baxcalibur\n|-supereffective|p1a: Baxcalibur\n|-damage|p1a: Baxcalibur|0 fnt\n|-unboost|p2b: Trouble|def|1\n|-unboost|p2b: Trouble|spd|1\n|faint|p1a: Baxcalibur\n|\n|-weather|SunnyDay|[upkeep]\n|upkeep\n|\n|t:|1681935739\n|switch|p1a: Ting-Lu|Ting-Lu, L50|100\/100\n|-ability|p1a: Ting-Lu|Vessel of Ruin\n|turn|3\n|c|\u2606As-fly-as-sly|gg\n|\n|t:|1681935755\n|-end|p2b: Trouble|Protosynthesis|[silent]\n|switch|p2b: HOT|Kingambit, L50, F, shiny|100\/100\n|move|p2a: Breakthrough|Protect|p2a: Breakthrough\n|-singleturn|p2a: Breakthrough|Protect\n|move|p1b: Amoonguss|Rage Powder|p1b: Amoonguss\n|-singleturn|p1b: Amoonguss|move: Rage Powder\n|move|p1a: Ting-Lu|Stomping Tantrum|p2a: Breakthrough\n|-activate|p2a: Breakthrough|move: Protect\n|\n|-weather|SunnyDay|[upkeep]\n|upkeep\n|turn|4\n|inactive|Rainmakerisback has 30 seconds left.\n|\n|t:|1681935786\n|move|p2b: HOT|Iron Head|p1a: Ting-Lu\n|-damage|p1a: Ting-Lu|71\/100\n|move|p1a: Ting-Lu|Stomping Tantrum|p2a: Breakthrough\n|-supereffective|p2a: Breakthrough\n|-damage|p2a: Breakthrough|49\/100\n|move|p1b: Amoonguss|Spore|p2b: HOT\n|-status|p2b: HOT|slp|[from] move: Spore\n|move|p2a: Breakthrough|Flamethrower|p1b: Amoonguss\n|-supereffective|p1b: Amoonguss\n|-damage|p1b: Amoonguss|16\/100\n|-enditem|p1b: Amoonguss|Sitrus Berry|[eat]\n|-heal|p1b: Amoonguss|41\/100|[from] item: Sitrus Berry\n|\n|-weather|SunnyDay|[upkeep]\n|upkeep\n|turn|5\n|\n|t:|1681935807\n|move|p2a: Breakthrough|Protect|p2a: Breakthrough\n|-singleturn|p2a: Breakthrough|Protect\n|cant|p2b: HOT|slp\n|move|p1a: Ting-Lu|Stomping Tantrum|p2a: Breakthrough\n|-activate|p2a: Breakthrough|move: Protect\n|move|p1b: Amoonguss|Pollen Puff|p1a: Ting-Lu\n|-heal|p1a: Ting-Lu|100\/100\n|\n|-weather|SunnyDay|[upkeep]\n|upkeep\n|turn|6\n|inactive|Rainmakerisback has 30 seconds left.\n|inactive|Rainmakerisback has 20 seconds left.\n|\n|t:|1681935846\n|cant|p2b: HOT|slp\n|move|p1a: Ting-Lu|Stomping Tantrum|p2a: Breakthrough\n|-supereffective|p2a: Breakthrough\n|-damage|p2a: Breakthrough|0 fnt\n|faint|p2a: Breakthrough\n|move|p1b: Amoonguss|Spore|p2b: HOT\n|-fail|p2b: HOT|slp\n|\n|-weather|none\n|upkeep\n|\n|t:|1681935854\n|switch|p2a: Trouble|Great Tusk, L50, shiny, tera:Steel|100\/100\n|turn|7\n|\n|t:|1681935868\n|move|p1b: Amoonguss|Rage Powder|p1b: Amoonguss\n|-singleturn|p1b: Amoonguss|move: Rage Powder\n|move|p2a: Trouble|Close Combat|p1b: Amoonguss\n|-resisted|p1b: Amoonguss\n|-damage|p1b: Amoonguss|16\/100\n|-unboost|p2a: Trouble|def|1\n|-unboost|p2a: Trouble|spd|1\n|cant|p2b: HOT|slp\n|move|p1a: Ting-Lu|Stomping Tantrum|p2a: Trouble\n|-supereffective|p2a: Trouble\n|-damage|p2a: Trouble|24\/100\n|\n|upkeep\n|turn|8\n|\n|t:|1681935885\n|move|p1b: Amoonguss|Rage Powder|p1b: Amoonguss\n|-singleturn|p1b: Amoonguss|move: Rage Powder\n|move|p2a: Trouble|Close Combat|p1b: Amoonguss\n|-resisted|p1b: Amoonguss\n|-damage|p1b: Amoonguss|0 fnt\n|-unboost|p2a: Trouble|def|1\n|-unboost|p2a: Trouble|spd|1\n|faint|p1b: Amoonguss\n|-curestatus|p2b: HOT|slp|[msg]\n|move|p2b: HOT|Kowtow Cleave|p1a: Ting-Lu\n|-resisted|p1a: Ting-Lu\n|-damage|p1a: Ting-Lu|86\/100\n|move|p1a: Ting-Lu|Stomping Tantrum|p2a: Trouble\n|-supereffective|p2a: Trouble\n|-damage|p2a: Trouble|0 fnt\n|faint|p2a: Trouble\n|-end|p2a: Trouble|Protosynthesis|[silent]\n|\n|upkeep\n|turn|9\n|\n|t:|1681935901\n|move|p2b: HOT|Iron Head|p1a: Ting-Lu\n|-damage|p1a: Ting-Lu|56\/100\n|move|p1a: Ting-Lu|Stomping Tantrum|p2b: HOT\n|-supereffective|p2b: HOT\n|-damage|p2b: HOT|51\/100\n|\n|upkeep\n|turn|10\n|\n|t:|1681935908\n|move|p2b: HOT|Iron Head|p1a: Ting-Lu\n|-damage|p1a: Ting-Lu|27\/100\n|move|p1a: Ting-Lu|Stomping Tantrum|p2b: HOT\n|-supereffective|p2b: HOT\n|-damage|p2b: HOT|2\/100\n|\n|upkeep\n|turn|11\n|\n|t:|1681935917\n|move|p2b: HOT|Iron Head|p1a: Ting-Lu\n|-damage|p1a: Ting-Lu|1\/100\n|move|p1a: Ting-Lu|Stomping Tantrum|p2b: HOT\n|-supereffective|p2b: HOT\n|-damage|p2b: HOT|0 fnt\n|faint|p2b: HOT\n|\n|win|As-fly-as-sly\n|raw|As-fly-as-sly's rating: 1229 → 1260<\/strong> (+31 for winning)\n|raw|Rainmakerisback's rating: 1308 → 1284<\/strong> (-24 for losing)\n|c|\u2606As-fly-as-sly|gg\n|c|\u2606Rainmakerisback|Gg!\n|c|\u2606As-fly-as-sly|crazy rolls lol\n|l|\u2606Rainmakerisback\n|l|\u2606As-fly-as-sly\n|j|\u2606As-fly-as-sly\n|player|p1|As-fly-as-sly|palmer\n","uploadtime":1681935957,"views":16,"p1id":"asflyassly","p2id":"rainmakerisback","formatid":"gen9vgc2023regulationc","rating":1260,"private":0,"password":""}