{"id":"gen9vgc2023regulationc-1852067152","p1":"LibraryMushroom","p2":"Keroki","format":"[Gen 9] VGC 2023 Regulation C","log":"|j|\u2606LibraryMushroom\n|j|\u2606Keroki\n|t:|1682521416\n|gametype|doubles\n|player|p1|LibraryMushroom|blue|1097\n|player|p2|Keroki|dawn|1015\n|teamsize|p1|6\n|teamsize|p2|6\n|gen|9\n|tier|[Gen 9] VGC 2023 Regulation C\n|rated|\n|rule|Species Clause: Limit one of each Pok\u00e9mon\n|rule|Item Clause: Limit one of each item\n|clearpoke\n|poke|p1|Scizor, L50, M|\n|poke|p1|Flutter Mane, L50|\n|poke|p1|Chien-Pao, L50|\n|poke|p1|Arcanine, L50, F|\n|poke|p1|Azumarill, L50, F|\n|poke|p1|Amoonguss, L50, M|\n|poke|p2|Abomasnow, L50, F|\n|poke|p2|Baxcalibur, L50, M|\n|poke|p2|Iron Bundle, L50|\n|poke|p2|Gholdengo, L50|\n|poke|p2|Pawmot, L50, M|\n|poke|p2|Arboliva, L50, M|\n|teampreview|4\n|inactive|Battle timer is ON: inactive players will automatically lose when time's up. (requested by Keroki)\n|\n|t:|1682521428\n|start\n|switch|p1a: Ice Weasel|Chien-Pao, L50|100\/100\n|switch|p1b: Scissors|Scizor, L50, M|100\/100\n|switch|p2a: Abomasnow|Abomasnow, L50, F|100\/100\n|switch|p2b: Iron Bundle|Iron Bundle, L50|100\/100\n|-ability|p1a: Ice Weasel|Sword of Ruin\n|-weather|Snow|[from] ability: Snow Warning|[of] p2a: Abomasnow\n|turn|1\n|\n|t:|1682521437\n|-terastallize|p2a: Abomasnow|Water\n|move|p1b: Scissors|Bullet Punch|p2b: Iron Bundle\n|-damage|p2b: Iron Bundle|73\/100\n|move|p1a: Ice Weasel|Sacred Sword|p2b: Iron Bundle\n|-supereffective|p2b: Iron Bundle\n|-damage|p2b: Iron Bundle|19\/100\n|move|p2b: Iron Bundle|Hydro Pump|p1b: Scissors\n|-damage|p1b: Scissors|34\/100\n|move|p2a: Abomasnow|Aurora Veil|p2a: Abomasnow\n|-sidestart|p2: Keroki|move: Aurora Veil\n|\n|-weather|Snow|[upkeep]\n|upkeep\n|turn|2\n|\n|t:|1682521461\n|switch|p2a: Arboliva|Arboliva, L50, M|100\/100\n|move|p1a: Ice Weasel|Sucker Punch|p2b: Iron Bundle\n|-damage|p2b: Iron Bundle|0 fnt\n|faint|p2b: Iron Bundle\n|-end|p2b: Iron Bundle|Quark Drive|[silent]\n|move|p1b: Scissors|U-turn|p2a: Arboliva\n|-supereffective|p2a: Arboliva\n|-damage|p2a: Arboliva|13\/100\n|-fieldstart|move: Grassy Terrain|[from] ability: Seed Sower|[of] p2a: Arboliva\n|-enditem|p2a: Arboliva|Sitrus Berry|[eat]\n|-heal|p2a: Arboliva|37\/100|[from] item: Sitrus Berry\n|\n|t:|1682521468\n|switch|p1b: Jessica|Azumarill, L50, F|100\/100|[from] U-turn\n|\n|-weather|Snow|[upkeep]\n|-heal|p2a: Arboliva|43\/100|[from] Grassy Terrain\n|upkeep\n|\n|t:|1682521472\n|switch|p2b: Pawmot|Pawmot, L50, M|100\/100\n|turn|3\n|\n|t:|1682521490\n|move|p2b: Pawmot|Fake Out|p1a: Ice Weasel\n|-damage|p1a: Ice Weasel|88\/100\n|cant|p1a: Ice Weasel|flinch\n|move|p1b: Jessica|Play Rough|p2b: Pawmot\n|-supereffective|p2b: Pawmot\n|-damage|p2b: Pawmot|0 fnt\n|faint|p2b: Pawmot\n|move|p2a: Arboliva|Leaf Storm|p1a: Ice Weasel\n|-damage|p1a: Ice Weasel|0 fnt\n|-unboost|p2a: Arboliva|spa|2\n|faint|p1a: Ice Weasel\n|\n|-weather|Snow|[upkeep]\n|-heal|p2a: Arboliva|49\/100|[from] Grassy Terrain\n|upkeep\n|\n|t:|1682521500\n|switch|p1a: Scissors|Scizor, L50, M|34\/100\n|switch|p2b: Abomasnow|Abomasnow, L50, F, tera:Water|100\/100\n|turn|4\n|\n|t:|1682521506\n|move|p1a: Scissors|U-turn|p2a: Arboliva\n|-supereffective|p2a: Arboliva\n|-damage|p2a: Arboliva|0 fnt\n|faint|p2a: Arboliva\n|\n|t:|1682521511\n|switch|p1a: Misdreavus v2|Flutter Mane, L50|100\/100|[from] U-turn\n|-enditem|p1a: Misdreavus v2|Booster Energy\n|-activate|p1a: Misdreavus v2|ability: Protosynthesis|[fromitem]\n|-start|p1a: Misdreavus v2|protosynthesisspa\n|move|p2b: Abomasnow|Blizzard|p1a: Misdreavus v2|[spread] p1a,p1b\n|-resisted|p1b: Jessica\n|-damage|p1a: Misdreavus v2|73\/100\n|-damage|p1b: Jessica|89\/100\n|move|p1b: Jessica|Play Rough|p2b: Abomasnow\n|-damage|p2b: Abomasnow|57\/100\n|\n|-weather|Snow|[upkeep]\n|-heal|p1a: Misdreavus v2|79\/100|[from] Grassy Terrain\n|-heal|p2b: Abomasnow|63\/100|[from] Grassy Terrain\n|-heal|p1b: Jessica|95\/100|[from] Grassy Terrain\n|upkeep\n|turn|5\n|\n|t:|1682521520\n|move|p1a: Misdreavus v2|Shadow Ball|p2b: Abomasnow\n|-damage|p2b: Abomasnow|33\/100\n|move|p2b: Abomasnow|Blizzard|p1a: Misdreavus v2|[spread] p1a,p1b\n|-resisted|p1b: Jessica\n|-damage|p1a: Misdreavus v2|48\/100\n|-damage|p1b: Jessica|84\/100\n|move|p1b: Jessica|Play Rough|p2b: Abomasnow|[miss]\n|-miss|p1b: Jessica|p2b: Abomasnow\n|\n|-weather|none\n|-heal|p1a: Misdreavus v2|54\/100|[from] Grassy Terrain\n|-heal|p2b: Abomasnow|39\/100|[from] Grassy Terrain\n|-heal|p1b: Jessica|90\/100|[from] Grassy Terrain\n|-sideend|p2: Keroki|move: Aurora Veil\n|upkeep\n|turn|6\n|-message|Keroki forfeited.\n|\n|win|LibraryMushroom\n|raw|LibraryMushroom's rating: 1097 → 1117<\/strong> (+20 for winning)\n|raw|Keroki's rating: 1015 → 1006<\/strong> (-9 for losing)\n|l|\u2606Keroki\n","uploadtime":1682521528,"views":17,"p1id":"librarymushroom","p2id":"keroki","formatid":"gen9vgc2023regulationc","rating":1006,"private":0,"password":""}