{"id":"gen9vgc2023regulationc-1854848697","p1":"PkmnEspanitaaa","p2":"ClessCL","format":"[Gen 9] VGC 2023 Regulation C","log":"|j|\u2606PkmnEspanitaaa\n|j|\u2606ClessCL\n|t:|1682873038\n|gametype|doubles\n|player|p1|PkmnEspanitaaa|beauty-gen4dp|1457\n|player|p2|ClessCL|lance|1506\n|teamsize|p1|6\n|teamsize|p2|6\n|gen|9\n|tier|[Gen 9] VGC 2023 Regulation C\n|rated|\n|rule|Species Clause: Limit one of each Pok\u00e9mon\n|rule|Item Clause: Limit one of each item\n|clearpoke\n|poke|p1|Palafin, L50, M|\n|poke|p1|Arcanine, L50, M|\n|poke|p1|Kingambit, L50, M|\n|poke|p1|Flutter Mane, L50|\n|poke|p1|Chien-Pao, L50|\n|poke|p1|Amoonguss, L50, M|\n|poke|p2|Gyarados, L50, M|\n|poke|p2|Iron Moth, L50|\n|poke|p2|Tinkaton, L50, F|\n|poke|p2|Ting-Lu, L50|\n|poke|p2|Murkrow, L50, F|\n|poke|p2|Flutter Mane, L50|\n|teampreview|4\n|inactive|Battle timer is ON: inactive players will automatically lose when time's up. (requested by ClessCL)\n|inactive|PkmnEspanitaaa has 60 seconds left.\n|inactive|ClessCL has 60 seconds left.\n|inactive|ClessCL has 30 seconds left.\n|\n|t:|1682873103\n|start\n|switch|p1a: Palafin|Palafin, L50, M, shiny|100\/100\n|switch|p1b: Arcanine|Arcanine, L50, M|100\/100\n|switch|p2a: Tinkaton|Tinkaton, L50, F|100\/100\n|switch|p2b: Iron Moth|Iron Moth, L50|100\/100\n|-ability|p2a: Tinkaton|Mold Breaker\n|-ability|p1b: Arcanine|Intimidate|boost\n|-unboost|p2a: Tinkaton|atk|1\n|-unboost|p2b: Iron Moth|atk|1\n|turn|1\n|\n|t:|1682873115\n|move|p1b: Arcanine|Protect|p1b: Arcanine\n|-singleturn|p1b: Arcanine|Protect\n|move|p1a: Palafin|Protect|p1a: Palafin\n|-singleturn|p1a: Palafin|Protect\n|move|p2a: Tinkaton|Fake Out|p1b: Arcanine\n|-activate|p1b: Arcanine|move: Protect\n|move|p2b: Iron Moth|Sludge Wave|p1b: Arcanine|[spread] \n|-activate|p1a: Palafin|move: Protect\n|-activate|p1b: Arcanine|move: Protect\n|-immune|p2a: Tinkaton\n|\n|upkeep\n|turn|2\n|\n|t:|1682873128\n|-terastallize|p2b: Iron Moth|Grass\n|-terastallize|p1a: Palafin|Water\n|move|p2b: Iron Moth|Sludge Wave|p1a: Palafin|[spread] p1a,p1b\n|-immune|p2a: Tinkaton\n|-damage|p1a: Palafin|38\/100\n|-damage|p1b: Arcanine|48\/100\n|-status|p1a: Palafin|psn\n|-damage|p2b: Iron Moth|91\/100|[from] item: Life Orb\n|move|p2a: Tinkaton|Encore|p1b: Arcanine\n|-start|p1b: Arcanine|Encore\n|move|p1b: Arcanine|Protect||[still]\n|-fail|p1b: Arcanine\n|move|p1a: Palafin|Flip Turn|p2b: Iron Moth\n|-resisted|p2b: Iron Moth\n|-damage|p2b: Iron Moth|61\/100\n|\n|t:|1682873147\n|detailschange|p1a: Palafin|Palafin-Hero, L50, M, shiny, tera:Water\n|switch|p1a: Chien-Pao|Chien-Pao, L50|100\/100|[from] Flip Turn\n|-ability|p1a: Chien-Pao|Sword of Ruin\n|\n|upkeep\n|turn|3\n|\n|t:|1682873160\n|-end|p2b: Iron Moth|Quark Drive|[silent]\n|switch|p2b: Gyarados|Gyarados, L50, M|100\/100\n|-ability|p2b: Gyarados|Intimidate|boost\n|-unboost|p1a: Chien-Pao|atk|1\n|-unboost|p1b: Arcanine|atk|1\n|switch|p1b: Amoonguss|Amoonguss, L50, M|100\/100\n|move|p1a: Chien-Pao|Ice Spinner|p2b: Gyarados\n|-damage|p2b: Gyarados|61\/100\n|move|p2a: Tinkaton|Foul Play|p1a: Chien-Pao\n|-resisted|p1a: Chien-Pao\n|-damage|p1a: Chien-Pao|86\/100\n|\n|upkeep\n|turn|4\n|inactive|ClessCL has 30 seconds left.\n|\n|t:|1682873190\n|switch|p1a: Arcanine|Arcanine, L50, M|48\/100\n|-ability|p1a: Arcanine|Intimidate|boost\n|-unboost|p2a: Tinkaton|atk|1\n|-unboost|p2b: Gyarados|atk|1\n|move|p2b: Gyarados|Protect|p2b: Gyarados\n|-singleturn|p2b: Gyarados|Protect\n|move|p2a: Tinkaton|Gigaton Hammer|p1a: Arcanine\n|-resisted|p1a: Arcanine\n|-damage|p1a: Arcanine|37\/100\n|move|p1b: Amoonguss|Spore|p2b: Gyarados\n|-activate|p2b: Gyarados|move: Protect\n|\n|upkeep\n|turn|5\n|inactive|ClessCL has 30 seconds left.\n|\n|t:|1682873216\n|switch|p2b: Iron Moth|Iron Moth, L50, tera:Grass|61\/100\n|move|p1b: Amoonguss|Rage Powder|p1b: Amoonguss\n|-singleturn|p1b: Amoonguss|move: Rage Powder\n|move|p2a: Tinkaton|Foul Play|p1a: Arcanine\n|-damage|p1a: Arcanine|4\/100\n|move|p1a: Arcanine|Flare Blitz|p2a: Tinkaton\n|-supereffective|p2a: Tinkaton\n|-damage|p2a: Tinkaton|0 fnt\n|faint|p2a: Tinkaton\n|-damage|p1a: Arcanine|0 fnt|[from] Recoil\n|faint|p1a: Arcanine\n|\n|upkeep\n|\n|t:|1682873228\n|switch|p2a: Gyarados|Gyarados, L50, M|61\/100\n|switch|p1a: Chien-Pao|Chien-Pao, L50|86\/100\n|-ability|p1a: Chien-Pao|Sword of Ruin\n|-ability|p2a: Gyarados|Intimidate|boost\n|-unboost|p1a: Chien-Pao|atk|1\n|-unboost|p1b: Amoonguss|atk|1\n|turn|6\n|\n|t:|1682873237\n|move|p2b: Iron Moth|Protect|p2b: Iron Moth\n|-singleturn|p2b: Iron Moth|Protect\n|move|p1a: Chien-Pao|Ice Spinner|p2b: Iron Moth\n|-activate|p2b: Iron Moth|move: Protect\n|move|p2a: Gyarados|Thunder Wave|p1b: Amoonguss\n|-status|p1b: Amoonguss|par\n|cant|p1b: Amoonguss|par\n|\n|upkeep\n|turn|7\n|\n|t:|1682873256\n|cant|p1b: Amoonguss|par\n|move|p1a: Chien-Pao|Ice Spinner|p2b: Iron Moth\n|-supereffective|p2b: Iron Moth\n|-damage|p2b: Iron Moth|0 fnt\n|faint|p2b: Iron Moth\n|-end|p2b: Iron Moth|Quark Drive|[silent]\n|move|p2a: Gyarados|Iron Head|p1a: Chien-Pao\n|-supereffective|p1a: Chien-Pao\n|-damage|p1a: Chien-Pao|11\/100\n|\n|upkeep\n|\n|t:|1682873264\n|switch|p2b: Flutter Mane|Flutter Mane, L50|100\/100\n|turn|8\n|\n|t:|1682873270\n|move|p1a: Chien-Pao|Ice Spinner|p2b: Flutter Mane\n|-damage|p2b: Flutter Mane|27\/100\n|move|p2b: Flutter Mane|Dazzling Gleam|p1b: Amoonguss|[spread] p1a,p1b\n|-supereffective|p1a: Chien-Pao\n|-resisted|p1b: Amoonguss\n|-damage|p1a: Chien-Pao|0 fnt\n|-damage|p1b: Amoonguss|86\/100 par\n|faint|p1a: Chien-Pao\n|move|p2a: Gyarados|Iron Head|p1b: Amoonguss\n|-damage|p1b: Amoonguss|67\/100 par\n|cant|p1b: Amoonguss|flinch\n|\n|upkeep\n|c|\u2606PkmnEspanitaaa|Your luck IS fucking amazing\n|\n|t:|1682873290\n|switch|p1a: Palafin|Palafin-Hero, L50, M, shiny, tera:Water|38\/100 psn\n|-activate|p1a: Palafin|ability: Zero to Hero\n|turn|9\n|\n|t:|1682873302\n|move|p2b: Flutter Mane|Protect|p2b: Flutter Mane\n|-singleturn|p2b: Flutter Mane|Protect\n|move|p1a: Palafin|Jet Punch|p2b: Flutter Mane\n|-activate|p2b: Flutter Mane|move: Protect\n|move|p2a: Gyarados|Iron Head|p1b: Amoonguss\n|-damage|p1b: Amoonguss|47\/100 par\n|-enditem|p1b: Amoonguss|Sitrus Berry|[eat]\n|-heal|p1b: Amoonguss|72\/100 par|[from] item: Sitrus Berry\n|cant|p1b: Amoonguss|par\n|\n|-damage|p1a: Palafin|25\/100 psn|[from] psn\n|upkeep\n|turn|10\n|n|!PkmnEspanitaaa|pkmnespanitaaa\n|inactive|PkmnEspanitaaa has 30 seconds left.\n|l|!PkmnEspanitaaa\n|inactive|PkmnEspanitaaa disconnected and has a minute to reconnect!\n|player|p1|\n|inactive|ClessCL has 30 seconds left.\n|inactive|PkmnEspanitaaa has 20 seconds left.\n|inactive|PkmnEspanitaaa has 15 seconds left.\n|inactive|PkmnEspanitaaa has 10 seconds left.\n|inactive|PkmnEspanitaaa has 5 seconds left.\n|-message|PkmnEspanitaaa lost due to inactivity.\n|\n|win|ClessCL\n|raw|PkmnEspanitaaa's rating: 1433 → 1417<\/strong> (-16 for losing)\n|raw|ClessCL's rating: 1506 → 1522<\/strong> (+16 for winning)\n","uploadtime":1682873319,"views":13,"p1id":"pkmnespanitaaa","p2id":"clesscl","formatid":"gen9vgc2023regulationc","rating":1417,"private":0,"password":""}