{"id":"gen9vgc2023regulationc-1849115757","p1":"rikysama","p2":"BAC BrickWork","format":"[Gen 9] VGC 2023 Regulation C","log":"|j|\u2606rikysama\n|j|\u2606BAC BrickWork\n|t:|1682158292\n|gametype|doubles\n|player|p1|rikysama|lucas|1560\n|player|p2|BAC BrickWork|2|1580\n|teamsize|p1|6\n|teamsize|p2|6\n|gen|9\n|tier|[Gen 9] VGC 2023 Regulation C\n|rated|\n|rule|Species Clause: Limit one of each Pok\u00e9mon\n|rule|Item Clause: Limit one of each item\n|clearpoke\n|poke|p1|Chi-Yu, L50|\n|poke|p1|Iron Hands, L50|\n|poke|p1|Farigiraf, L50, F|\n|poke|p1|Amoonguss, L50, M|\n|poke|p1|Flutter Mane, L50|\n|poke|p1|Gyarados, L50, M|\n|poke|p2|Ting-Lu, L50|\n|poke|p2|Amoonguss, L50, F|\n|poke|p2|Garganacl, L50, M|\n|poke|p2|Arcanine, L50, F|\n|poke|p2|Roaring Moon, L50|\n|poke|p2|Iron Bundle, L50|\n|teampreview|4\nrikysama has agreed to open team sheets.\n|\n|t:|1682158316\n|start\n|switch|p1a: Omega Red|Gyarados, L50, M, shiny|100\/100\n|switch|p1b: Bishop|Iron Hands, L50|100\/100\n|switch|p2a: Roaring Moon|Roaring Moon, L50|100\/100\n|switch|p2b: Ting-Lu|Ting-Lu, L50|100\/100\n|-ability|p1a: Omega Red|Intimidate|boost\n|-unboost|p2a: Roaring Moon|atk|1\n|-unboost|p2b: Ting-Lu|atk|1\n|-ability|p2b: Ting-Lu|Vessel of Ruin\n|-enditem|p2a: Roaring Moon|Booster Energy\n|-activate|p2a: Roaring Moon|ability: Protosynthesis|[fromitem]\n|-start|p2a: Roaring Moon|protosynthesisatk\n|turn|1\n|inactive|Battle timer is ON: inactive players will automatically lose when time's up. (requested by rikysama)\n|\n|t:|1682158337\n|switch|p2b: Arcanine|Arcanine, L50, F|100\/100\n|-ability|p2b: Arcanine|Intimidate|boost\n|-unboost|p1a: Omega Red|atk|1\n|-unboost|p1b: Bishop|atk|1\n|move|p2a: Roaring Moon|Acrobatics|p1a: Omega Red\n|-damage|p1a: Omega Red|66\/100\n|move|p1a: Omega Red|Thunder Wave|p2a: Roaring Moon\n|-status|p2a: Roaring Moon|par\n|move|p1b: Bishop|Swords Dance|p1b: Bishop\n|-boost|p1b: Bishop|atk|2\n|\n|upkeep\n|turn|2\n|inactive|rikysama has 30 seconds left.\n|\n|t:|1682158370\n|-terastallize|p1b: Bishop|Fire\n|move|p2b: Arcanine|Will-O-Wisp|p1b: Bishop\n|-immune|p1b: Bishop\n|move|p1a: Omega Red|Thunder Wave|p2b: Arcanine\n|-status|p2b: Arcanine|par\n|move|p1b: Bishop|Drain Punch|p2a: Roaring Moon\n|-supereffective|p2a: Roaring Moon\n|-damage|p2a: Roaring Moon|0 fnt\n|faint|p2a: Roaring Moon\n|-end|p2a: Roaring Moon|Protosynthesis|[silent]\n|\n|upkeep\n|\n|t:|1682158376\n|switch|p2a: Garganacl|Garganacl, L50, M|100\/100\n|turn|3\n|inactive|rikysama has 30 seconds left.\n|\n|t:|1682158402\n|-terastallize|p2a: Garganacl|Ghost\n|move|p1a: Omega Red|Waterfall|p2b: Arcanine\n|-supereffective|p2b: Arcanine\n|-damage|p2b: Arcanine|54\/100 par\n|move|p1b: Bishop|Drain Punch|p2b: Arcanine\n|-damage|p2b: Arcanine|0 fnt\n|faint|p2b: Arcanine\n|move|p2a: Garganacl|Salt Cure|p1b: Bishop\n|-supereffective|p1b: Bishop\n|-damage|p1b: Bishop|82\/100\n|-start|p1b: Bishop|Salt Cure\n|\n|-damage|p1b: Bishop|70\/100|[from] Salt Cure\n|upkeep\n|\n|t:|1682158408\n|switch|p2b: Ting-Lu|Ting-Lu, L50|100\/100\n|-ability|p2b: Ting-Lu|Vessel of Ruin\n|turn|4\n|inactive|rikysama has 30 seconds left.\n|\n|t:|1682158438\n|switch|p1a: Hazmat|Amoonguss, L50, M|100\/100\n|move|p1b: Bishop|Drain Punch|p2b: Ting-Lu\n|-supereffective|p2b: Ting-Lu\n|-damage|p2b: Ting-Lu|31\/100\n|-heal|p1b: Bishop|100\/100|[from] drain|[of] p2b: Ting-Lu\n|move|p2b: Ting-Lu|Stomping Tantrum|p1b: Bishop\n|-supereffective|p1b: Bishop\n|-damage|p1b: Bishop|55\/100\n|move|p2a: Garganacl|Salt Cure|p1a: Hazmat\n|-damage|p1a: Hazmat|90\/100\n|-start|p1a: Hazmat|Salt Cure\n|\n|-damage|p1b: Bishop|43\/100|[from] Salt Cure\n|-damage|p1a: Hazmat|77\/100|[from] Salt Cure\n|upkeep\n|turn|5\n|\n|t:|1682158456\n|move|p1b: Bishop|Drain Punch|p2b: Ting-Lu\n|-supereffective|p2b: Ting-Lu\n|-damage|p2b: Ting-Lu|0 fnt\n|-heal|p1b: Bishop|60\/100|[from] drain|[of] p2b: Ting-Lu\n|faint|p2b: Ting-Lu\n|move|p1a: Hazmat|Pollen Puff|p1b: Bishop\n|-heal|p1b: Bishop|100\/100\n|move|p2a: Garganacl|Salt Cure|p1b: Bishop\n|-supereffective|p1b: Bishop\n|-damage|p1b: Bishop|82\/100\n|\n|-damage|p1b: Bishop|70\/100|[from] Salt Cure\n|-damage|p1a: Hazmat|65\/100|[from] Salt Cure\n|upkeep\n|turn|6\n|\n|t:|1682158470\n|move|p1b: Bishop|Swords Dance|p1b: Bishop\n|-boost|p1b: Bishop|atk|2\n|move|p1a: Hazmat|Pollen Puff|p1b: Bishop\n|-heal|p1b: Bishop|100\/100\n|move|p2a: Garganacl|Salt Cure|p1b: Bishop\n|-supereffective|p1b: Bishop\n|-damage|p1b: Bishop|80\/100\n|\n|-damage|p1b: Bishop|67\/100|[from] Salt Cure\n|-damage|p1a: Hazmat|53\/100|[from] Salt Cure\n|upkeep\n|turn|7\n|\n|t:|1682158482\n|move|p1b: Bishop|Thunder Punch|p2a: Garganacl\n|-damage|p2a: Garganacl|35\/100\n|move|p1a: Hazmat|Pollen Puff|p1b: Bishop\n|-heal|p1b: Bishop|100\/100\n|move|p2a: Garganacl|Salt Cure|p1b: Bishop\n|-supereffective|p1b: Bishop\n|-damage|p1b: Bishop|83\/100\n|\n|-heal|p2a: Garganacl|41\/100|[from] item: Leftovers\n|-damage|p1b: Bishop|71\/100|[from] Salt Cure\n|-damage|p1a: Hazmat|40\/100|[from] Salt Cure\n|upkeep\n|-enditem|p1a: Hazmat|Sitrus Berry|[eat]\n|-heal|p1a: Hazmat|65\/100|[from] item: Sitrus Berry\n|turn|8\n|-message|BAC BrickWork forfeited.\n|\n|win|rikysama\n|raw|rikysama's rating: 1560 → 1581<\/strong> (+21 for winning)\n|raw|BAC BrickWork's rating: 1580 → 1559<\/strong> (-21 for losing)\n|l|\u2606BAC BrickWork\n","uploadtime":1682158563,"views":9,"p1id":"rikysama","p2id":"bacbrickwork","formatid":"gen9vgc2023regulationc","rating":1559,"private":0,"password":""}