{"id":"gen9vgc2023regulationc-1848569239","p1":"That_Leek","p2":"ColdRame","format":"[Gen 9] VGC 2023 Regulation C","log":"|j|\u2606That_Leek\n|j|\u2606ColdRame\n|t:|1682090818\n|gametype|doubles\n|player|p1|That_Leek|blue-masters|1139\n|player|p2|ColdRame|265|1116\n|teamsize|p1|6\n|teamsize|p2|6\n|gen|9\n|tier|[Gen 9] VGC 2023 Regulation C\n|rated|\n|rule|Species Clause: Limit one of each Pok\u00e9mon\n|rule|Item Clause: Limit one of each item\n|clearpoke\n|poke|p1|Gholdengo, L50|\n|poke|p1|Gyarados, L50, M|\n|poke|p1|Tyranitar, L50, F|\n|poke|p1|Maushold-Four, L50|\n|poke|p1|Annihilape, L50, M|\n|poke|p1|Volcarona, L50, F|\n|poke|p2|Gumshoos, L50, F|\n|poke|p2|Rabsca, L50, F|\n|poke|p2|Kingambit, L50, F|\n|poke|p2|Palafin, L50, F|\n|poke|p2|Flutter Mane, L50|\n|poke|p2|Appletun, L50, F|\n|teampreview|4\nColdRame has agreed to open team sheets.\nThat_Leek has agreed to open team sheets.\n|\n|t:|1682090880\n|start\n|switch|p1a: Maushold|Maushold-Four, L50|100\/100\n|switch|p1b: Annihilape|Annihilape, L50, M|100\/100\n|switch|p2a: Flutter Mane|Flutter Mane, L50|100\/100\n|switch|p2b: Rabsca|Rabsca, L50, F|100\/100\n|-enditem|p2a: Flutter Mane|Booster Energy\n|-activate|p2a: Flutter Mane|ability: Protosynthesis|[fromitem]\n|-start|p2a: Flutter Mane|protosynthesisspa\n|turn|1\n|c|\u2606That_Leek|Cool team\n|\n|t:|1682090924\n|-terastallize|p1b: Annihilape|Fire\n|move|p1a: Maushold|Beat Up|p1b: Annihilape\n|-damage|p1b: Annihilape|99\/100\n|-damage|p1b: Annihilape|96\/100\n|-crit|p1b: Annihilape\n|-damage|p1b: Annihilape|94\/100\n|-damage|p1b: Annihilape|92\/100\n|-hitcount|p1b: Annihilape|4\n|move|p2a: Flutter Mane|Dazzling Gleam|p1b: Annihilape|[spread] p1a,p1b\n|-resisted|p1b: Annihilape\n|-damage|p1a: Maushold|56\/100\n|-damage|p1b: Annihilape|81\/100\n|move|p1b: Annihilape|Rage Fist|p2b: Rabsca\n|-supereffective|p2b: Rabsca\n|-damage|p2b: Rabsca|0 fnt\n|faint|p2b: Rabsca\n|\n|-heal|p1b: Annihilape|87\/100|[from] item: Leftovers\n|upkeep\n|\n|t:|1682090969\n|switch|p2b: Kingambit|Kingambit, L50, F|100\/100\n|-activate|p2b: Kingambit|ability: Supreme Overlord\n|-start|p2b: Kingambit|fallen1|[silent]\n|turn|2\n|\n|t:|1682090994\n|-terastallize|p2b: Kingambit|Flying\n|move|p1a: Maushold|Follow Me|p1a: Maushold\n|-singleturn|p1a: Maushold|move: Follow Me\n|move|p2a: Flutter Mane|Moonblast|p1a: Maushold\n|-damage|p1a: Maushold|0 fnt\n|faint|p1a: Maushold\n|move|p1b: Annihilape|Rage Fist|p2a: Flutter Mane\n|-supereffective|p2a: Flutter Mane\n|-damage|p2a: Flutter Mane|0 fnt\n|faint|p2a: Flutter Mane\n|-end|p2a: Flutter Mane|Protosynthesis|[silent]\n|move|p2b: Kingambit|Guillotine|p1b: Annihilape\n|-damage|p1b: Annihilape|0 fnt\n|faint|p1b: Annihilape\n|-ohko\n|\n|upkeep\n|\n|t:|1682091008\n|switch|p1a: Volcarona|Volcarona, L50, F|100\/100\n|switch|p2a: Appletun|Appletun, L50, F|100\/100\n|switch|p1b: Gholdengo|Gholdengo, L50|100\/100\n|turn|3\n|\n|t:|1682091028\n|move|p1a: Volcarona|Rage Powder|p1a: Volcarona\n|-singleturn|p1a: Volcarona|move: Rage Powder\n|move|p1b: Gholdengo|Nasty Plot|p1b: Gholdengo\n|-boost|p1b: Gholdengo|spa|2\n|move|p2b: Kingambit|Kowtow Cleave|p1a: Volcarona\n|-damage|p1a: Volcarona|34\/100\n|-status|p2b: Kingambit|brn|[from] ability: Flame Body|[of] p1a: Volcarona\n|move|p2a: Appletun|Iron Defense|p2a: Appletun\n|-boost|p2a: Appletun|def|2\n|\n|-damage|p2b: Kingambit|95\/100 brn|[from] brn\n|upkeep\n|turn|4\n|\n|t:|1682091060\n|move|p1a: Volcarona|Fiery Dance|p2a: Appletun\n|-damage|p2a: Appletun|86\/100\n|-boost|p1a: Volcarona|spa|1\n|move|p1b: Gholdengo|Make It Rain|p2a: Appletun|[spread] p2a,p2b\n|-damage|p2a: Appletun|0 fnt\n|-damage|p2b: Kingambit|13\/100 brn\n|-unboost|p1b: Gholdengo|spa|1\n|faint|p2a: Appletun\n|-damage|p1b: Gholdengo|91\/100|[from] item: Life Orb\n|move|p2b: Kingambit|Kowtow Cleave|p1a: Volcarona\n|-damage|p1a: Volcarona|0 fnt\n|faint|p1a: Volcarona\n|\n|-damage|p2b: Kingambit|7\/100 brn|[from] brn\n|upkeep\n|turn|5\n|\n|t:|1682091077\n|move|p1b: Gholdengo|Protect|p1b: Gholdengo\n|-singleturn|p1b: Gholdengo|Protect\n|move|p2b: Kingambit|Sucker Punch||[still]\n|-fail|p2b: Kingambit\n|\n|-damage|p2b: Kingambit|1\/100 brn|[from] brn\n|upkeep\n|turn|6\n|\n|t:|1682091089\n|move|p1b: Gholdengo|Make It Rain|p2b: Kingambit\n|-damage|p2b: Kingambit|0 fnt\n|-unboost|p1b: Gholdengo|spa|1\n|faint|p2b: Kingambit\n|-end|p2b: Kingambit|fallen1|[silent]\n|-damage|p1b: Gholdengo|81\/100|[from] item: Life Orb\n|\n|win|That_Leek\n|raw|That_Leek's rating: 1139 → 1162<\/strong> (+23 for winning)\n|raw|ColdRame's rating: 1116 → 1093<\/strong> (-23 for losing)\n|c|\u2606ColdRame|gg\n|l|\u2606ColdRame\n|c|\u2606That_Leek|Gg\n","uploadtime":1682091107,"views":6,"p1id":"thatleek","p2id":"coldrame","formatid":"gen9vgc2023regulationc","rating":1093,"private":0,"password":""}