{"id":"gen9vgc2023regulationc-1852464554","p1":"juacox300","p2":"mugiwaraLux","format":"[Gen 9] VGC 2023 Regulation C","log":"|j|\u2606juacox300\n|j|\u2606mugiwaraLux\n|t:|1682560935\n|gametype|doubles\n|player|p1|juacox300|unknown|1350\n|player|p2|mugiwaraLux|265|1378\n|teamsize|p1|6\n|teamsize|p2|6\n|gen|9\n|tier|[Gen 9] VGC 2023 Regulation C\n|rated|\n|rule|Species Clause: Limit one of each Pok\u00e9mon\n|rule|Item Clause: Limit one of each item\n|clearpoke\n|poke|p1|Torkoal, L50, M|\n|poke|p1|Meowscarada, L50, F|\n|poke|p1|Iron Bundle, L50|\n|poke|p1|Tauros-Paldea-Aqua, L50, M|\n|poke|p1|Chi-Yu, L50|\n|poke|p1|Flutter Mane, L50|\n|poke|p2|Palafin, L50, M|\n|poke|p2|Amoonguss, L50, M|\n|poke|p2|Flutter Mane, L50|\n|poke|p2|Arcanine, L50, M|\n|poke|p2|Roaring Moon, L50|\n|poke|p2|Chien-Pao, L50|\n|teampreview|4\n|inactive|Battle timer is ON: inactive players will automatically lose when time's up. (requested by mugiwaraLux)\nmugiwaraLux has agreed to open team sheets.\n|inactive|juacox300 has 60 seconds left.\n|inactive|mugiwaraLux has 60 seconds left.\n|\n|t:|1682560972\n|start\n|switch|p1a: Meowscarada|Meowscarada, L50, F|100\/100\n|switch|p1b: Flutter Mane|Flutter Mane, L50|100\/100\n|switch|p2a: Mimi|Flutter Mane, L50|100\/100\n|switch|p2b: Palafin|Palafin, L50, M|100\/100\n|turn|1\n|\n|t:|1682560994\n|detailschange|p2b: Palafin|Palafin-Hero, L50, M\n|switch|p2b: ChiYu|Arcanine, L50, M|100\/100\n|-ability|p2b: ChiYu|Intimidate|boost\n|-unboost|p1a: Meowscarada|atk|1\n|-unboost|p1b: Flutter Mane|atk|1\n|move|p1b: Flutter Mane|Protect|p1b: Flutter Mane\n|-singleturn|p1b: Flutter Mane|Protect\n|move|p1a: Meowscarada|Flower Trick|p2a: Mimi\n|-start|p1a: Meowscarada|typechange|Grass|[from] ability: Protean\n|-crit|p2a: Mimi\n|-damage|p2a: Mimi|2\/100\n|move|p2a: Mimi|Shadow Ball|p1b: Flutter Mane\n|-activate|p1b: Flutter Mane|move: Protect\n|\n|upkeep\n|turn|2\n|\n|t:|1682561010\n|switch|p1a: Iron Bundle|Iron Bundle, L50|100\/100\n|-enditem|p1a: Iron Bundle|Booster Energy\n|-activate|p1a: Iron Bundle|ability: Quark Drive|[fromitem]\n|-start|p1a: Iron Bundle|quarkdrivespe\n|-end|p2a: Mimi|Protosynthesis|[silent]\n|switch|p2a: Palafin|Palafin-Hero, L50, M|100\/100\n|-activate|p2a: Palafin|ability: Zero to Hero\n|move|p1b: Flutter Mane|Dazzling Gleam|p2a: Palafin|[spread] p2a,p2b\n|-resisted|p2b: ChiYu\n|-damage|p2a: Palafin|68\/100\n|-damage|p2b: ChiYu|85\/100\n|move|p2b: ChiYu|Flare Blitz|p1b: Flutter Mane\n|-damage|p1b: Flutter Mane|8\/100\n|-damage|p2b: ChiYu|64\/100|[from] Recoil\n|\n|upkeep\n|turn|3\n|\n|t:|1682561030\n|move|p2a: Palafin|Protect|p2a: Palafin\n|-singleturn|p2a: Palafin|Protect\n|move|p2b: ChiYu|Protect|p2b: ChiYu\n|-singleturn|p2b: ChiYu|Protect\n|move|p1a: Iron Bundle|Freeze-Dry|p2a: Palafin\n|-activate|p2a: Palafin|move: Protect\n|move|p1b: Flutter Mane|Shadow Ball|p2b: ChiYu\n|-activate|p2b: ChiYu|move: Protect\n|\n|upkeep\n|turn|4\n|\n|t:|1682561045\n|move|p1b: Flutter Mane|Protect|p1b: Flutter Mane\n|-singleturn|p1b: Flutter Mane|Protect\n|move|p2b: ChiYu|Extreme Speed|p1a: Iron Bundle\n|-damage|p1a: Iron Bundle|73\/100\n|move|p2a: Palafin|Jet Punch|p1b: Flutter Mane\n|-activate|p1b: Flutter Mane|move: Protect\n|move|p1a: Iron Bundle|Freeze-Dry|p2a: Palafin\n|-supereffective|p2a: Palafin\n|-damage|p2a: Palafin|2\/100\n|\n|upkeep\n|turn|5\n|\n|t:|1682561056\n|-end|p1b: Flutter Mane|Protosynthesis|[silent]\n|switch|p1b: Torkoal|Torkoal, L50, M|100\/100\n|-weather|SunnyDay|[from] ability: Drought|[of] p1b: Torkoal\n|move|p2a: Palafin|Jet Punch|p1b: Torkoal\n|-supereffective|p1b: Torkoal\n|-damage|p1b: Torkoal|69\/100\n|move|p1a: Iron Bundle|Icy Wind|p2b: ChiYu|[spread] p2a,p2b\n|-resisted|p2a: Palafin\n|-resisted|p2b: ChiYu\n|-damage|p2a: Palafin|0 fnt\n|-damage|p2b: ChiYu|56\/100\n|-unboost|p2b: ChiYu|spe|1\n|faint|p2a: Palafin\n|move|p2b: ChiYu|Flare Blitz|p1a: Iron Bundle\n|-damage|p1a: Iron Bundle|0 fnt\n|faint|p1a: Iron Bundle\n|-end|p1a: Iron Bundle|Quark Drive|[silent]\n|-damage|p2b: ChiYu|40\/100|[from] Recoil\n|\n|-weather|SunnyDay|[upkeep]\n|upkeep\n|\n|t:|1682561068\n|switch|p1a: Meowscarada|Meowscarada, L50, F|100\/100\n|switch|p2a: Mimi|Flutter Mane, L50|2\/100\n|-activate|p2a: Mimi|ability: Protosynthesis\n|-start|p2a: Mimi|protosynthesisspe\n|turn|6\n|\n|t:|1682561090\n|-end|p2a: Mimi|Protosynthesis|[silent]\n|switch|p2a: Roaring Moon|Roaring Moon, L50|100\/100\n|-activate|p2a: Roaring Moon|ability: Protosynthesis\n|-start|p2a: Roaring Moon|protosynthesisatk\n|-terastallize|p1a: Meowscarada|Ghost\n|move|p1a: Meowscarada|Knock Off|p2b: ChiYu\n|-damage|p2b: ChiYu|0 fnt\n|-enditem|p2b: ChiYu|Safety Goggles|[from] move: Knock Off|[of] p1a: Meowscarada\n|faint|p2b: ChiYu\n|move|p1b: Torkoal|Heat Wave|p2a: Roaring Moon\n|-resisted|p2a: Roaring Moon\n|-damage|p2a: Roaring Moon|66\/100\n|\n|-weather|SunnyDay|[upkeep]\n|upkeep\n|\n|t:|1682561100\n|switch|p2b: Mimi|Flutter Mane, L50|2\/100\n|-activate|p2b: Mimi|ability: Protosynthesis\n|-start|p2b: Mimi|protosynthesisspe\n|turn|7\n|\n|t:|1682561121\n|move|p2b: Mimi|Shadow Ball|p1a: Meowscarada\n|-supereffective|p1a: Meowscarada\n|-damage|p1a: Meowscarada|0 fnt\n|faint|p1a: Meowscarada\n|move|p2a: Roaring Moon|Dragon Dance|p2a: Roaring Moon\n|-boost|p2a: Roaring Moon|atk|1\n|-boost|p2a: Roaring Moon|spe|1\n|move|p1b: Torkoal|Heat Wave|p2b: Mimi|[spread] p2a\n|-miss|p1b: Torkoal|p2b: Mimi\n|-resisted|p2a: Roaring Moon\n|-damage|p2a: Roaring Moon|43\/100\n|\n|-weather|SunnyDay|[upkeep]\n|upkeep\n|\n|t:|1682561127\n|switch|p1a: Flutter Mane|Flutter Mane, L50|8\/100\n|-activate|p1a: Flutter Mane|ability: Protosynthesis\n|-start|p1a: Flutter Mane|protosynthesisspa\n|turn|8\n|\n|t:|1682561145\n|-terastallize|p2a: Roaring Moon|Flying\n|move|p2b: Mimi|Shadow Ball|p1b: Torkoal\n|-damage|p1b: Torkoal|0 fnt\n|faint|p1b: Torkoal\n|move|p2a: Roaring Moon|Throat Chop|p1a: Flutter Mane\n|-damage|p1a: Flutter Mane|0 fnt\n|faint|p1a: Flutter Mane\n|-end|p1a: Flutter Mane|Protosynthesis|[silent]\n|\n|win|mugiwaraLux\n|raw|juacox300's rating: 1350 → 1332<\/strong> (-18 for losing)\n|raw|mugiwaraLux's rating: 1378 → 1396<\/strong> (+18 for winning)\n","uploadtime":1682561151,"views":9,"p1id":"juacox300","p2id":"mugiwaralux","formatid":"gen9vgc2023regulationc","rating":1332,"private":0,"password":""}