{"id":"gen9vgc2023regulationc-1862045571","p1":"Cosentino","p2":"tagami76","format":"[Gen 9] VGC 2023 Regulation C","log":"|j|\u2606Cosentino\n|j|\u2606tagami76\n|t:|1683831687\n|gametype|doubles\n|player|p1|Cosentino|266|1432\n|player|p2|tagami76|janitor|1512\n|teamsize|p1|6\n|teamsize|p2|6\n|gen|9\n|tier|[Gen 9] VGC 2023 Regulation C\n|rated|\n|rule|Species Clause: Limit one of each Pok\u00e9mon\n|rule|Item Clause: Limit one of each item\n|clearpoke\n|poke|p1|Sableye, L50, M|\n|poke|p1|Ceruledge, L50, F|\n|poke|p1|Flutter Mane, L50|\n|poke|p1|Amoonguss, L50, F|\n|poke|p1|Ting-Lu, L50|\n|poke|p1|Great Tusk, L50|\n|poke|p2|Palafin, L50, M|\n|poke|p2|Ting-Lu, L50|\n|poke|p2|Amoonguss, L50, M|\n|poke|p2|Arcanine, L50, M|\n|poke|p2|Flutter Mane, L50|\n|poke|p2|Dragonite, L50, M|\n|teampreview|4\ntagami76 has agreed to open team sheets.\n|inactive|Battle timer is ON: inactive players will automatically lose when time's up. (requested by Cosentino)\n|\n|t:|1683831737\n|start\n|switch|p1a: Great Tusk|Great Tusk, L50|100\/100\n|switch|p1b: Sableye|Sableye, L50, M|100\/100\n|switch|p2a: Dragonite|Dragonite, L50, M|100\/100\n|switch|p2b: Palafin|Palafin, L50, M|100\/100\n|turn|1\n|inactive|tagami76 has 30 seconds left.\n|inactive|tagami76 has 20 seconds left.\n|\n|t:|1683831776\n|-terastallize|p2a: Dragonite|Flying\n|move|p1b: Sableye|Will-O-Wisp|p2b: Palafin\n|-status|p2b: Palafin|brn\n|move|p1a: Great Tusk|Ice Spinner|p2a: Dragonite\n|-supereffective|p2a: Dragonite\n|-damage|p2a: Dragonite|42\/100\n|move|p2b: Palafin|Taunt|p1b: Sableye\n|-start|p1b: Sableye|move: Taunt\n|-enditem|p1b: Sableye|Mental Herb\n|-end|p1b: Sableye|move: Taunt\n|move|p2a: Dragonite|Tera Blast|p1a: Great Tusk\n|-supereffective|p1a: Great Tusk\n|-damage|p1a: Great Tusk|6\/100\n|\n|-damage|p2b: Palafin|95\/100 brn|[from] brn\n|upkeep\n|turn|2\n|inactive|Cosentino has 30 seconds left.\n|\n|t:|1683831805\n|move|p1a: Great Tusk|Protect|p1a: Great Tusk\n|-singleturn|p1a: Great Tusk|Protect\n|move|p2b: Palafin|Jet Punch|p1a: Great Tusk\n|-activate|p1a: Great Tusk|move: Protect\n|move|p1b: Sableye|Disable|p2a: Dragonite\n|-start|p2a: Dragonite|Disable|Tera Blast\n|cant|p2a: Dragonite|Disable|Tera Blast\n|\n|-damage|p2b: Palafin|89\/100 brn|[from] brn\n|upkeep\n|turn|3\n|\n|t:|1683831821\n|-end|p1a: Great Tusk|Protosynthesis|[silent]\n|switch|p1a: Flutter Mane|Flutter Mane, L50|100\/100\n|-enditem|p1a: Flutter Mane|Booster Energy\n|-activate|p1a: Flutter Mane|ability: Protosynthesis|[fromitem]\n|-start|p1a: Flutter Mane|protosynthesisspe\n|detailschange|p2b: Palafin|Palafin-Hero, L50, M\n|switch|p2b: Ting-Lu|Ting-Lu, L50|100\/100\n|-ability|p2b: Ting-Lu|Vessel of Ruin\n|move|p2a: Dragonite|Extreme Speed|p1a: Flutter Mane\n|-immune|p1a: Flutter Mane\n|move|p1b: Sableye|Disable|p2b: Ting-Lu\n|-hint|Since gen 7, Dark is immune to Prankster moves.\n|-immune|p2b: Ting-Lu\n|\n|upkeep\n|turn|4\n|\n|t:|1683831845\n|move|p1a: Flutter Mane|Moonblast|p2b: Ting-Lu\n|-supereffective|p2b: Ting-Lu\n|-damage|p2b: Ting-Lu|67\/100\n|move|p2a: Dragonite|Tailwind|p2a: Dragonite\n|-sidestart|p2: tagami76|move: Tailwind\n|move|p2b: Ting-Lu|Heavy Slam|p1a: Flutter Mane\n|-supereffective|p1a: Flutter Mane\n|-damage|p1a: Flutter Mane|0 fnt\n|faint|p1a: Flutter Mane\n|-end|p1a: Flutter Mane|Protosynthesis|[silent]\n|move|p1b: Sableye|Foul Play|p2a: Dragonite\n|-damage|p2a: Dragonite|0 fnt\n|faint|p2a: Dragonite\n|\n|upkeep\n|\n|t:|1683831858\n|switch|p1a: Ceruledge|Ceruledge, L50, F|100\/100\n|switch|p2a: Flutter Mane|Flutter Mane, L50|100\/100\n|turn|5\n|\n|t:|1683831883\n|-terastallize|p1a: Ceruledge|Grass\n|move|p2a: Flutter Mane|Shadow Ball|p1a: Ceruledge\n|-damage|p1a: Ceruledge|66\/100\n|-unboost|p1a: Ceruledge|spd|1\n|move|p2b: Ting-Lu|Ruination|p1b: Sableye|[miss]\n|-miss|p2b: Ting-Lu|p1b: Sableye\n|move|p1a: Ceruledge|Bitter Blade|p2a: Flutter Mane\n|-damage|p2a: Flutter Mane|22\/100\n|-heal|p1a: Ceruledge|99\/100|[from] drain|[of] p2a: Flutter Mane\n|move|p1b: Sableye|Foul Play|p2a: Flutter Mane\n|-damage|p2a: Flutter Mane|0 fnt\n|faint|p2a: Flutter Mane\n|-end|p2a: Flutter Mane|Protosynthesis|[silent]\n|\n|-heal|p1a: Ceruledge|100\/100|[from] item: Leftovers\n|upkeep\n|\n|t:|1683831899\n|switch|p2a: Palafin|Palafin-Hero, L50, M|89\/100 brn\n|-activate|p2a: Palafin|ability: Zero to Hero\n|turn|6\n|-message|tagami76 forfeited.\n|\n|win|Cosentino\n|raw|Cosentino's rating: 1432 → 1457<\/strong> (+25 for winning)\n|raw|tagami76's rating: 1512 → 1487<\/strong> (-25 for losing)\n|l|\u2606tagami76\n","uploadtime":1683831908,"views":7,"p1id":"cosentino","p2id":"tagami76","formatid":"gen9vgc2023regulationc","rating":1457,"private":0,"password":""}