{"id":"gen9vgc2023regulationc-1860417881","p1":"hydreigon_chelas","p2":"volacrona","format":"[Gen 9] VGC 2023 Regulation C","log":"|j|\u2606hydreigon_chelas\n|j|\u2606volacrona\n|t:|1683642458\n|gametype|doubles\n|player|p1|hydreigon_chelas|iris-gen5bw2|1290\n|player|p2|volacrona|chili|1225\n|teamsize|p1|6\n|teamsize|p2|6\n|gen|9\n|tier|[Gen 9] VGC 2023 Regulation C\n|rated|\n|rule|Species Clause: Limit one of each Pok\u00e9mon\n|rule|Item Clause: Limit one of each item\n|clearpoke\n|poke|p1|Tyranitar, L50, F|\n|poke|p1|Lycanroc, L50, F|\n|poke|p1|Great Tusk, L50|\n|poke|p1|Chi-Yu, L50|\n|poke|p1|Flutter Mane, L50|\n|poke|p1|Gastrodon-East, L50, M|\n|poke|p2|Maushold-Four, L50|\n|poke|p2|Garganacl, L50, M|\n|poke|p2|Iron Bundle, L50|\n|poke|p2|Annihilape, L50, M|\n|poke|p2|Chi-Yu, L50|\n|poke|p2|Roaring Moon, L50|\n|teampreview|4\n|\n|t:|1683642509\n|start\n|switch|p1a: Chi-Yu|Chi-Yu, L50|100\/100\n|switch|p1b: Flutter Mane|Flutter Mane, L50|100\/100\n|switch|p2a: Maushold|Maushold-Four, L50|100\/100\n|switch|p2b: Annihilape|Annihilape, L50, M|100\/100\n|-ability|p1a: Chi-Yu|Beads of Ruin\n|-enditem|p1b: Flutter Mane|Booster Energy\n|-activate|p1b: Flutter Mane|ability: Protosynthesis|[fromitem]\n|-start|p1b: Flutter Mane|protosynthesisspe\n|turn|1\n|\n|t:|1683642552\n|-terastallize|p1b: Flutter Mane|Fairy\n|-terastallize|p2b: Annihilape|Fire\n|move|p1b: Flutter Mane|Dazzling Gleam|p2a: Maushold|[spread] p2a,p2b\n|-resisted|p2b: Annihilape\n|-damage|p2a: Maushold|34\/100\n|-damage|p2b: Annihilape|82\/100\n|move|p2a: Maushold|Population Bomb|p1a: Chi-Yu\n|-damage|p1a: Chi-Yu|91\/100\n|-damage|p1a: Chi-Yu|81\/100\n|-damage|p1a: Chi-Yu|72\/100\n|-hitcount|p1a: Chi-Yu|3\n|move|p1a: Chi-Yu|Dark Pulse|p2b: Annihilape\n|-damage|p2b: Annihilape|26\/100\n|-damage|p1a: Chi-Yu|62\/100|[from] item: Life Orb\n|move|p2b: Annihilape|Rage Fist|p1b: Flutter Mane\n|-damage|p1b: Flutter Mane|0 fnt\n|faint|p1b: Flutter Mane\n|-end|p1b: Flutter Mane|Protosynthesis|[silent]\n|\n|-heal|p2b: Annihilape|32\/100|[from] item: Leftovers\n|upkeep\n|\n|t:|1683642578\n|switch|p1b: Great Tusk|Great Tusk, L50|100\/100\n|turn|2\n|\n|t:|1683642605\n|move|p2b: Annihilape|Protect|p2b: Annihilape\n|-singleturn|p2b: Annihilape|Protect\n|move|p1b: Great Tusk|Close Combat|p2a: Maushold\n|-supereffective|p2a: Maushold\n|-damage|p2a: Maushold|0 fnt\n|-unboost|p1b: Great Tusk|def|1\n|-unboost|p1b: Great Tusk|spd|1\n|-damage|p1b: Great Tusk|84\/100|[from] item: Rocky Helmet|[of] p2a: Maushold\n|faint|p2a: Maushold\n|move|p1a: Chi-Yu|Dark Pulse|p2b: Annihilape\n|-activate|p2b: Annihilape|move: Protect\n|\n|-heal|p2b: Annihilape|38\/100|[from] item: Leftovers\n|upkeep\n|\n|t:|1683642636\n|switch|p2a: Garganacl|Garganacl, L50, M|100\/100\n|turn|3\n|\n|t:|1683642649\n|switch|p2b: Roaring Moon|Roaring Moon, L50|100\/100\n|-enditem|p2b: Roaring Moon|Booster Energy\n|-activate|p2b: Roaring Moon|ability: Protosynthesis|[fromitem]\n|-start|p2b: Roaring Moon|protosynthesisatk\n|move|p1b: Great Tusk|Close Combat|p2b: Roaring Moon\n|-supereffective|p2b: Roaring Moon\n|-damage|p2b: Roaring Moon|0 fnt\n|-unboost|p1b: Great Tusk|def|1\n|-unboost|p1b: Great Tusk|spd|1\n|faint|p2b: Roaring Moon\n|-end|p2b: Roaring Moon|Protosynthesis|[silent]\n|move|p1a: Chi-Yu|Dark Pulse|p2a: Garganacl\n|-damage|p2a: Garganacl|27\/100\n|-enditem|p2a: Garganacl|Sitrus Berry|[eat]\n|-heal|p2a: Garganacl|51\/100|[from] item: Sitrus Berry\n|-damage|p1a: Chi-Yu|53\/100|[from] item: Life Orb\n|move|p2a: Garganacl|Body Press|p1a: Chi-Yu\n|-supereffective|p1a: Chi-Yu\n|-damage|p1a: Chi-Yu|0 fnt\n|faint|p1a: Chi-Yu\n|\n|upkeep\n|\n|t:|1683642672\n|switch|p2b: Annihilape|Annihilape, L50, M, tera:Fire|38\/100\n|switch|p1a: Gastrodon|Gastrodon-East, L50, M|100\/100\n|turn|4\n|\n|t:|1683642695\n|move|p1b: Great Tusk|Close Combat|p2a: Garganacl\n|-supereffective|p2a: Garganacl\n|-damage|p2a: Garganacl|0 fnt\n|-unboost|p1b: Great Tusk|def|1\n|-unboost|p1b: Great Tusk|spd|1\n|faint|p2a: Garganacl\n|move|p2b: Annihilape|Drain Punch|p1b: Great Tusk\n|-damage|p1b: Great Tusk|8\/100\n|-heal|p2b: Annihilape|72\/100|[from] drain|[of] p1b: Great Tusk\n|move|p1a: Gastrodon|Earth Power|p2b: Annihilape\n|-supereffective|p2b: Annihilape\n|-damage|p2b: Annihilape|11\/100\n|\n|-heal|p2b: Annihilape|17\/100|[from] item: Leftovers\n|upkeep\n|turn|5\n|\n|t:|1683642712\n|move|p1b: Great Tusk|Close Combat|p2b: Annihilape\n|-crit|p2b: Annihilape\n|-damage|p2b: Annihilape|0 fnt\n|-unboost|p1b: Great Tusk|def|1\n|-unboost|p1b: Great Tusk|spd|1\n|faint|p2b: Annihilape\n|\n|win|hydreigon_chelas\n|raw|hydreigon_chelas's rating: 1290 → 1310<\/strong> (+20 for winning)\n|raw|volacrona's rating: 1225 → 1205<\/strong> (-20 for losing)\n|c|\u2606volacrona|gg\n","uploadtime":1683642722,"views":5,"p1id":"hydreigonchelas","p2id":"volacrona","formatid":"gen9vgc2023regulationc","rating":1205,"private":0,"password":""}