{"id":"gen9vgc2023regulationc-1850880633","p1":"CaiaoSonegador","p2":"ScrubShadedPurple","format":"[Gen 9] VGC 2023 Regulation C","log":"|j|\u2606CaiaoSonegador\n|j|\u2606ScrubShadedPurple\n|t:|1682377707\n|gametype|doubles\n|player|p1|CaiaoSonegador|ghetsis|1194\n|player|p2|ScrubShadedPurple|265|1193\n|teamsize|p1|6\n|teamsize|p2|6\n|gen|9\n|tier|[Gen 9] VGC 2023 Regulation C\n|rated|\n|rule|Species Clause: Limit one of each Pok\u00e9mon\n|rule|Item Clause: Limit one of each item\n|clearpoke\n|poke|p1|Talonflame, L50, F|\n|poke|p1|Ceruledge, L50, M|\n|poke|p1|Iron Bundle, L50|\n|poke|p1|Garchomp, L50, M|\n|poke|p1|Amoonguss, L50, F|\n|poke|p1|Sylveon, L50, F|\n|poke|p2|Ceruledge, L50, M|\n|poke|p2|Chien-Pao, L50|\n|poke|p2|Amoonguss, L50, M|\n|poke|p2|Corviknight, L50, F|\n|poke|p2|Flutter Mane, L50|\n|poke|p2|Gyarados, L50, F|\n|teampreview|4\n|inactive|Battle timer is ON: inactive players will automatically lose when time's up. (requested by ScrubShadedPurple)\n|inactive|CaiaoSonegador also wants the timer to be on.\n|inactive|ScrubShadedPurple has 60 seconds left.\n|\n|t:|1682377751\n|start\n|switch|p1a: Amoonguss|Amoonguss, L50, F, shiny|100\/100\n|switch|p1b: Sylveon|Sylveon, L50, F, shiny|100\/100\n|switch|p2a: Corviknight|Corviknight, L50, F|100\/100\n|switch|p2b: Gyarados|Gyarados, L50, F|100\/100\n|-ability|p2b: Gyarados|Intimidate|boost\n|-unboost|p1a: Amoonguss|atk|1\n|-unboost|p1b: Sylveon|atk|1\n|turn|1\n|\n|t:|1682377769\n|move|p1a: Amoonguss|Rage Powder|p1a: Amoonguss\n|-singleturn|p1a: Amoonguss|move: Rage Powder\n|move|p2b: Gyarados|Taunt|p1a: Amoonguss\n|-start|p1a: Amoonguss|move: Taunt\n|-enditem|p1a: Amoonguss|Mental Herb\n|-end|p1a: Amoonguss|move: Taunt\n|move|p2a: Corviknight|Tailwind|p2a: Corviknight\n|-sidestart|p2: ScrubShadedPurple|move: Tailwind\n|move|p1b: Sylveon|Substitute|p1b: Sylveon\n|-start|p1b: Sylveon|Substitute\n|-damage|p1b: Sylveon|76\/100\n|\n|-heal|p1b: Sylveon|82\/100|[from] item: Leftovers\n|upkeep\n|turn|2\n|inactive|CaiaoSonegador has 30 seconds left.\n|inactive|ScrubShadedPurple has 30 seconds left.\n|\n|t:|1682377796\n|move|p1a: Amoonguss|Rage Powder|p1a: Amoonguss\n|-singleturn|p1a: Amoonguss|move: Rage Powder\n|move|p2b: Gyarados|Taunt|p1a: Amoonguss\n|-start|p1a: Amoonguss|move: Taunt\n|move|p2a: Corviknight|Brave Bird|p1b: Sylveon\n|-end|p1b: Sylveon|Substitute\n|-damage|p2a: Corviknight|93\/100|[from] Recoil|[of] p1b: Sylveon\n|move|p1b: Sylveon|Calm Mind|p1b: Sylveon\n|-boost|p1b: Sylveon|spa|1\n|-boost|p1b: Sylveon|spd|1\n|\n|-heal|p1b: Sylveon|88\/100|[from] item: Leftovers\n|upkeep\n|turn|3\n|inactive|CaiaoSonegador has 30 seconds left.\n|inactive|CaiaoSonegador has 20 seconds left.\n|\n|t:|1682377835\n|-terastallize|p1b: Sylveon|Steel\n|move|p2b: Gyarados|Thunder Wave|p1b: Sylveon\n|-status|p1b: Sylveon|par\n|move|p2a: Corviknight|Brave Bird|p1b: Sylveon\n|-resisted|p1b: Sylveon\n|-damage|p1b: Sylveon|65\/100 par\n|-damage|p2a: Corviknight|85\/100|[from] Recoil\n|move|p1a: Amoonguss|Pollen Puff|p1b: Sylveon\n|-heal|p1b: Sylveon|100\/100 par\n|move|p1b: Sylveon|Calm Mind|p1b: Sylveon\n|-boost|p1b: Sylveon|spa|1\n|-boost|p1b: Sylveon|spd|1\n|\n|upkeep\n|turn|4\n|inactive|ScrubShadedPurple has 30 seconds left.\n|\n|t:|1682377862\n|switch|p1a: Talonflame|Talonflame, L50, F, shiny|100\/100\n|move|p1b: Sylveon|Protect|p1b: Sylveon\n|-singleturn|p1b: Sylveon|Protect\n|move|p2b: Gyarados|Taunt|p1b: Sylveon\n|-activate|p1b: Sylveon|move: Protect\n|move|p2a: Corviknight|Body Press|p1b: Sylveon\n|-activate|p1b: Sylveon|move: Protect\n|\n|-sideend|p2: ScrubShadedPurple|move: Tailwind\n|upkeep\n|turn|5\n|inactive|CaiaoSonegador has 30 seconds left.\n|inactive|ScrubShadedPurple has 30 seconds left.\n|\n|t:|1682377896\n|move|p2b: Gyarados|Protect|p2b: Gyarados\n|-singleturn|p2b: Gyarados|Protect\n|move|p1a: Talonflame|Will-O-Wisp|p2b: Gyarados\n|-activate|p2b: Gyarados|move: Protect\n|move|p2a: Corviknight|Tailwind|p2a: Corviknight\n|-sidestart|p2: ScrubShadedPurple|move: Tailwind\n|move|p1b: Sylveon|Hyper Voice|p2a: Corviknight|[spread] p2a\n|-activate|p2b: Gyarados|move: Protect\n|-resisted|p2a: Corviknight\n|-crit|p2a: Corviknight\n|-damage|p2a: Corviknight|36\/100\n|\n|upkeep\n|turn|6\n|\n|t:|1682377918\n|move|p1a: Talonflame|Tailwind|p1a: Talonflame\n|-sidestart|p1: CaiaoSonegador|move: Tailwind\n|move|p2b: Gyarados|Waterfall|p1a: Talonflame\n|-supereffective|p1a: Talonflame\n|-damage|p1a: Talonflame|12\/100\n|move|p2a: Corviknight|Roost|p2a: Corviknight\n|-heal|p2a: Corviknight|86\/100\n|-singleturn|p2a: Corviknight|move: Roost\n|move|p1b: Sylveon|Hyper Voice|p2a: Corviknight|[spread] p2a,p2b\n|-resisted|p2a: Corviknight\n|-damage|p2a: Corviknight|51\/100\n|-damage|p2b: Gyarados|30\/100\n|\n|upkeep\n|turn|7\n|\n|t:|1682377941\n|move|p1b: Sylveon|Protect|p1b: Sylveon\n|-singleturn|p1b: Sylveon|Protect\n|move|p1a: Talonflame|Will-O-Wisp|p2a: Corviknight\n|-status|p2a: Corviknight|brn\n|move|p2b: Gyarados|Waterfall|p1a: Talonflame\n|-supereffective|p1a: Talonflame\n|-damage|p1a: Talonflame|0 fnt\n|faint|p1a: Talonflame\n|move|p2a: Corviknight|Body Press|p1b: Sylveon\n|-activate|p1b: Sylveon|move: Protect\n|\n|-damage|p2a: Corviknight|45\/100 brn|[from] brn\n|upkeep\n|\n|t:|1682377959\n|switch|p1a: Amoonguss|Amoonguss, L50, F, shiny|100\/100\n|turn|8\n|\n|t:|1682377973\n|move|p1a: Amoonguss|Rage Powder|p1a: Amoonguss\n|-singleturn|p1a: Amoonguss|move: Rage Powder\n|move|p2b: Gyarados|Taunt|p1a: Amoonguss\n|-start|p1a: Amoonguss|move: Taunt\n|move|p2a: Corviknight|Body Press|p1b: Sylveon\n|-supereffective|p1b: Sylveon\n|-damage|p1b: Sylveon|79\/100 par\n|move|p1b: Sylveon|Hyper Voice|p2a: Corviknight|[spread] p2a,p2b\n|-resisted|p2a: Corviknight\n|-damage|p2a: Corviknight|11\/100 brn\n|-damage|p2b: Gyarados|0 fnt\n|faint|p2b: Gyarados\n|\n|-heal|p1b: Sylveon|85\/100 par|[from] item: Leftovers\n|-damage|p2a: Corviknight|5\/100 brn|[from] brn\n|-sideend|p2: ScrubShadedPurple|move: Tailwind\n|upkeep\n|\n|t:|1682377991\n|switch|p2b: Ceruledge|Ceruledge, L50, M, shiny|100\/100\n|turn|9\n|inactive|ScrubShadedPurple has 30 seconds left.\n|\n|t:|1682378018\n|switch|p1a: Ceruledge|Ceruledge, L50, M|100\/100\n|-terastallize|p2b: Ceruledge|Grass\n|cant|p1b: Sylveon|par\n|move|p2b: Ceruledge|Bitter Blade|p1b: Sylveon\n|-supereffective|p1b: Sylveon\n|-damage|p1b: Sylveon|0 fnt\n|faint|p1b: Sylveon\n|move|p2a: Corviknight|Tailwind|p2a: Corviknight\n|-sidestart|p2: ScrubShadedPurple|move: Tailwind\n|\n|-damage|p2a: Corviknight|0 fnt|[from] brn\n|faint|p2a: Corviknight\n|-sideend|p1: CaiaoSonegador|move: Tailwind\n|upkeep\n|\n|t:|1682378035\n|switch|p2a: Chien-Pao|Chien-Pao, L50|100\/100\n|switch|p1b: Amoonguss|Amoonguss, L50, F, shiny|100\/100\n|-ability|p2a: Chien-Pao|Sword of Ruin\n|turn|10\n|\n|t:|1682378052\n|move|p1b: Amoonguss|Rage Powder|p1b: Amoonguss\n|-singleturn|p1b: Amoonguss|move: Rage Powder\n|move|p2a: Chien-Pao|Throat Chop|p1b: Amoonguss\n|-damage|p1b: Amoonguss|34\/100\n|-start|p1b: Amoonguss|Throat Chop|[silent]\n|move|p2b: Ceruledge|Bitter Blade|p1b: Amoonguss\n|-supereffective|p1b: Amoonguss\n|-damage|p1b: Amoonguss|0 fnt\n|faint|p1b: Amoonguss\n|move|p1a: Ceruledge|Bulk Up|p1a: Ceruledge\n|-boost|p1a: Ceruledge|atk|1\n|-boost|p1a: Ceruledge|def|1\n|\n|upkeep\n|turn|11\n|\n|t:|1682378072\n|move|p2b: Ceruledge|Shadow Sneak|p1a: Ceruledge\n|-supereffective|p1a: Ceruledge\n|-damage|p1a: Ceruledge|61\/100\n|move|p2a: Chien-Pao|Throat Chop|p1a: Ceruledge\n|-supereffective|p1a: Ceruledge\n|-damage|p1a: Ceruledge|0 fnt\n|faint|p1a: Ceruledge\n|\n|win|ScrubShadedPurple\n|raw|CaiaoSonegador's rating: 1194 → 1169<\/strong> (-25 for losing)\n|raw|ScrubShadedPurple's rating: 1193 → 1218<\/strong> (+25 for winning)\n","uploadtime":1682378083,"views":16,"p1id":"caiaosonegador","p2id":"scrubshadedpurple","formatid":"gen9vgc2023regulationc","rating":1169,"private":0,"password":""}