{"id":"gen9vgc2023regulationc-1855351231","p1":"maliwlp","p2":"ballin on deez","format":"[Gen 9] VGC 2023 Regulation C","log":"|j|\u2606maliwlp\n|j|\u2606ballin on deez\n|t:|1682941580\n|gametype|doubles\n|player|p1|maliwlp|dawn|1229\n|player|p2|ballin on deez|psychic-gen4|1201\n|teamsize|p1|6\n|teamsize|p2|6\n|gen|9\n|tier|[Gen 9] VGC 2023 Regulation C\n|rated|\n|rule|Species Clause: Limit one of each Pok\u00e9mon\n|rule|Item Clause: Limit one of each item\n|clearpoke\n|poke|p1|Palafin, L50, M|\n|poke|p1|Amoonguss, L50, F|\n|poke|p1|Baxcalibur, L50, F|\n|poke|p1|Chi-Yu, L50|\n|poke|p1|Flutter Mane, L50|\n|poke|p1|Arcanine, L50, M|\n|poke|p2|Tinkaton, L50, F|\n|poke|p2|Gyarados, L50, M|\n|poke|p2|Iron Bundle, L50|\n|poke|p2|Great Tusk, L50|\n|poke|p2|Amoonguss, L50, F|\n|poke|p2|Flutter Mane, L50|\n|teampreview|4\n|inactive|Battle timer is ON: inactive players will automatically lose when time's up. (requested by maliwlp)\n|inactive|ballin on deez has 60 seconds left.\n|\n|t:|1682941654\n|start\n|switch|p1a: Chi-Yu|Chi-Yu, L50|100\/100\n|switch|p1b: Baxcalibur|Baxcalibur, L50, F|100\/100\n|switch|p2a: Tinkaton|Tinkaton, L50, F|100\/100\n|switch|p2b: Iron Bundle|Iron Bundle, L50|100\/100\n|-ability|p1a: Chi-Yu|Beads of Ruin\n|-enditem|p2b: Iron Bundle|Booster Energy\n|-activate|p2b: Iron Bundle|ability: Quark Drive|[fromitem]\n|-start|p2b: Iron Bundle|quarkdrivespe\n|turn|1\n|inactive|maliwlp has 30 seconds left.\n|inactive|ballin on deez has 30 seconds left.\n|\n|t:|1682941681\n|switch|p1a: Amoonguss|Amoonguss, L50, F, shiny|100\/100\n|move|p2a: Tinkaton|Feint|p1a: Amoonguss\n|-damage|p1a: Amoonguss|94\/100\n|move|p2b: Iron Bundle|Hydro Pump|p1a: Amoonguss|[miss]\n|-miss|p2b: Iron Bundle|p1a: Amoonguss\n|move|p1b: Baxcalibur|Glaive Rush|p2b: Iron Bundle\n|-damage|p2b: Iron Bundle|10\/100\n|-singlemove|p1b: Baxcalibur|Glaive Rush|[silent]\n|\n|upkeep\n|turn|2\n|\n|t:|1682941703\n|move|p2b: Iron Bundle|Protect|p2b: Iron Bundle\n|-singleturn|p2b: Iron Bundle|Protect\n|move|p1b: Baxcalibur|Protect|p1b: Baxcalibur\n|-singleturn|p1b: Baxcalibur|Protect\n|move|p2a: Tinkaton|Gigaton Hammer|p1b: Baxcalibur\n|-activate|p1b: Baxcalibur|move: Protect\n|move|p1a: Amoonguss|Spore|p2a: Tinkaton\n|-status|p2a: Tinkaton|slp|[from] move: Spore\n|\n|upkeep\n|turn|3\n|\n|t:|1682941724\n|switch|p2a: Gyarados|Gyarados, L50, M|100\/100\n|-ability|p2a: Gyarados|Intimidate|boost\n|-unboost|p1a: Amoonguss|atk|1\n|-unboost|p1b: Baxcalibur|atk|1\n|switch|p1a: Chi-Yu|Chi-Yu, L50|100\/100\n|-ability|p1a: Chi-Yu|Beads of Ruin\n|move|p1b: Baxcalibur|Ice Shard|p2b: Iron Bundle\n|-resisted|p2b: Iron Bundle\n|-damage|p2b: Iron Bundle|6\/100\n|move|p2b: Iron Bundle|Encore|p1b: Baxcalibur\n|-start|p1b: Baxcalibur|Encore\n|\n|upkeep\n|turn|4\n|\n|t:|1682941748\n|-terastallize|p1a: Chi-Yu|Grass\n|move|p1b: Baxcalibur|Ice Shard|p2b: Iron Bundle\n|-resisted|p2b: Iron Bundle\n|-damage|p2b: Iron Bundle|1\/100\n|move|p2b: Iron Bundle|Hydro Pump|p1a: Chi-Yu|[miss]\n|-miss|p2b: Iron Bundle|p1a: Chi-Yu\n|move|p1a: Chi-Yu|Dark Pulse|p2a: Gyarados\n|-damage|p2a: Gyarados|57\/100\n|move|p2a: Gyarados|Waterfall|p1a: Chi-Yu\n|-resisted|p1a: Chi-Yu\n|-damage|p1a: Chi-Yu|74\/100\n|\n|upkeep\n|turn|5\n|\n|t:|1682941770\n|move|p2b: Iron Bundle|Protect|p2b: Iron Bundle\n|-singleturn|p2b: Iron Bundle|Protect\n|move|p1b: Baxcalibur|Ice Shard|p2a: Gyarados\n|-damage|p2a: Gyarados|39\/100\n|move|p1a: Chi-Yu|Heat Wave|p2b: Iron Bundle|[spread] p2a\n|-activate|p2b: Iron Bundle|move: Protect\n|-resisted|p2a: Gyarados\n|-damage|p2a: Gyarados|20\/100\n|move|p2a: Gyarados|Iron Head|p1a: Chi-Yu\n|-damage|p1a: Chi-Yu|40\/100\n|\n|upkeep\n|turn|6\n|\n|t:|1682941791\n|move|p1b: Baxcalibur|Ice Shard|p2b: Iron Bundle\n|-resisted|p2b: Iron Bundle\n|-damage|p2b: Iron Bundle|0 fnt\n|faint|p2b: Iron Bundle\n|-end|p2b: Iron Bundle|Quark Drive|[silent]\n|move|p1a: Chi-Yu|Dark Pulse|p2a: Gyarados\n|-damage|p2a: Gyarados|0 fnt\n|faint|p2a: Gyarados\n|\n|-end|p1b: Baxcalibur|Encore\n|upkeep\n|\n|t:|1682941796\n|switch|p2b: Flutter Mane|Flutter Mane, L50|100\/100\n|switch|p2a: Tinkaton|Tinkaton, L50, F|100\/100 slp\n|turn|7\n|\n|t:|1682941806\n|-terastallize|p2b: Flutter Mane|Steel\n|move|p2b: Flutter Mane|Shadow Ball|p1a: Chi-Yu\n|-damage|p1a: Chi-Yu|10\/100\n|-unboost|p1a: Chi-Yu|spd|1\n|move|p1a: Chi-Yu|Heat Wave|p2b: Flutter Mane|[spread] p2a,p2b\n|-supereffective|p2a: Tinkaton\n|-supereffective|p2b: Flutter Mane\n|-damage|p2a: Tinkaton|41\/100 slp\n|-enditem|p2b: Flutter Mane|Focus Sash\n|-damage|p2b: Flutter Mane|1\/100\n|move|p1b: Baxcalibur|Icicle Spear|p2b: Flutter Mane\n|-resisted|p2b: Flutter Mane\n|-damage|p2b: Flutter Mane|0 fnt\n|faint|p2b: Flutter Mane\n|-end|p2b: Flutter Mane|Protosynthesis|[silent]\n|-hitcount|p2: Flutter Mane|1\n|cant|p2a: Tinkaton|slp\n|\n|upkeep\n|turn|8\n|-message|ballin on deez forfeited.\n|\n|win|maliwlp\n|raw|maliwlp's rating: 1229 → 1252<\/strong> (+23 for winning)\n|raw|ballin on deez's rating: 1201 → 1178<\/strong> (-23 for losing)\n|l|\u2606ballin on deez\n","uploadtime":1682941831,"views":19,"p1id":"maliwlp","p2id":"ballinondeez","formatid":"gen9vgc2023regulationc","rating":1178,"private":0,"password":""}