{"id":"gen9vgc2023regulationc-1850412271","p1":"UltimoRyu","p2":"K_Nishikigoi","format":"[Gen 9] VGC 2023 Regulation C","log":"|j|\u2606UltimoRyu\n|j|\u2606K_Nishikigoi\n|t:|1682333050\n|gametype|doubles\n|player|p1|UltimoRyu|steven|1112\n|player|p2|K_Nishikigoi|101|1110\n|teamsize|p1|6\n|teamsize|p2|6\n|gen|9\n|tier|[Gen 9] VGC 2023 Regulation C\n|rated|\n|rule|Species Clause: Limit one of each Pok\u00e9mon\n|rule|Item Clause: Limit one of each item\n|clearpoke\n|poke|p1|Ting-Lu, L50|\n|poke|p1|Orthworm, L50, F|\n|poke|p1|Garchomp, L50, F|\n|poke|p1|Talonflame, L50, M|\n|poke|p1|Tyranitar, L50, M|\n|poke|p1|Magnezone, L50|\n|poke|p2|Baxcalibur, L50, M|\n|poke|p2|Flutter Mane, L50|\n|poke|p2|Volcarona, L50, F|\n|poke|p2|Gyarados, L50, F|\n|poke|p2|Amoonguss, L50, F|\n|poke|p2|Ting-Lu, L50|\n|teampreview|4\n|inactive|Battle timer is ON: inactive players will automatically lose when time's up. (requested by K_Nishikigoi)\n|inactive|K_Nishikigoi has 60 seconds left.\n|\n|t:|1682333116\n|start\n|switch|p1a: Orthworm|Orthworm, L50, F|100\/100\n|switch|p1b: Magnezone|Magnezone, L50|100\/100\n|switch|p2a: Flutter Mane|Flutter Mane, L50|100\/100\n|switch|p2b: Baxcalibur|Baxcalibur, L50, M|100\/100\n|-enditem|p2a: Flutter Mane|Booster Energy\n|-activate|p2a: Flutter Mane|ability: Protosynthesis|[fromitem]\n|-start|p2a: Flutter Mane|protosynthesisspa\n|turn|1\n|inactive|UltimoRyu has 30 seconds left.\n|inactive|K_Nishikigoi has 30 seconds left.\n|inactive|UltimoRyu has 20 seconds left.\n|inactive|UltimoRyu has 15 seconds left.\n|inactive|UltimoRyu has 10 seconds left.\n|\n|t:|1682333162\n|-end|p2a: Flutter Mane|Protosynthesis|[silent]\n|switch|p2a: Ting-Lu|Ting-Lu, L50|100\/100\n|-ability|p2a: Ting-Lu|Vessel of Ruin\n|move|p2b: Baxcalibur|Protect|p2b: Baxcalibur\n|-singleturn|p2b: Baxcalibur|Protect\n|move|p1a: Orthworm|Heavy Slam|p2a: Ting-Lu\n|-damage|p2a: Ting-Lu|95\/100\n|move|p1b: Magnezone|Flash Cannon|p2b: Baxcalibur\n|-activate|p2b: Baxcalibur|move: Protect\n|\n|upkeep\n|turn|2\n|inactive|K_Nishikigoi has 30 seconds left.\n|inactive|K_Nishikigoi has 20 seconds left.\n|inactive|K_Nishikigoi has 15 seconds left.\n|\n|t:|1682333204\n|-terastallize|p1b: Magnezone|Flying\n|move|p2b: Baxcalibur|Glaive Rush|p1b: Magnezone\n|-damage|p1b: Magnezone|34\/100\n|-singlemove|p2b: Baxcalibur|Glaive Rush|[silent]\n|move|p2a: Ting-Lu|Ruination|p1a: Orthworm\n|-damage|p1a: Orthworm|51\/100\n|move|p1a: Orthworm|Iron Defense|p1a: Orthworm\n|-boost|p1a: Orthworm|def|2\n|move|p1b: Magnezone|Flash Cannon|p2b: Baxcalibur\n|-supereffective|p2b: Baxcalibur\n|-crit|p2b: Baxcalibur\n|-damage|p2b: Baxcalibur|0 fnt\n|faint|p2b: Baxcalibur\n|\n|upkeep\n|inactive|K_Nishikigoi has 30 seconds left.\n|\n|t:|1682333232\n|switch|p2b: Amoonguss|Amoonguss, L50, F|100\/100\n|turn|3\n|\n|t:|1682333247\n|switch|p1b: Tyranitar|Tyranitar, L50, M|100\/100\n|-weather|Sandstorm|[from] ability: Sand Stream|[of] p1b: Tyranitar\n|move|p2a: Ting-Lu|Heavy Slam|p1b: Tyranitar\n|-supereffective|p1b: Tyranitar\n|-damage|p1b: Tyranitar|69\/100\n|move|p1a: Orthworm|Body Press|p2b: Amoonguss\n|-resisted|p2b: Amoonguss\n|-damage|p2b: Amoonguss|78\/100\n|move|p2b: Amoonguss|Spore|p1a: Orthworm\n|-status|p1a: Orthworm|slp|[from] move: Spore\n|\n|-weather|Sandstorm|[upkeep]\n|-damage|p2b: Amoonguss|72\/100|[from] Sandstorm\n|upkeep\n|turn|4\n|inactive|UltimoRyu has 30 seconds left.\n|inactive|K_Nishikigoi has 30 seconds left.\n|inactive|K_Nishikigoi has 20 seconds left.\n|inactive|UltimoRyu has 20 seconds left.\n|inactive|K_Nishikigoi has 15 seconds left.\n|\n|t:|1682333288\n|move|p1b: Tyranitar|Earthquake|p2b: Amoonguss|[spread] p2a,p2b\n|-heal|p1a: Orthworm|76\/100 slp|[from] ability: Earth Eater|[of] p1b: Tyranitar\n|-damage|p2a: Ting-Lu|77\/100\n|-damage|p2b: Amoonguss|34\/100\n|-damage|p1b: Tyranitar|60\/100|[from] item: Life Orb\n|move|p2a: Ting-Lu|Heavy Slam|p1b: Tyranitar\n|-supereffective|p1b: Tyranitar\n|-damage|p1b: Tyranitar|30\/100\n|cant|p1a: Orthworm|slp\n|move|p2b: Amoonguss|Pollen Puff|p1b: Tyranitar\n|-supereffective|p1b: Tyranitar\n|-damage|p1b: Tyranitar|12\/100\n|\n|-weather|Sandstorm|[upkeep]\n|-damage|p2b: Amoonguss|28\/100|[from] Sandstorm\n|upkeep\n|turn|5\n|\n|t:|1682333313\n|move|p1b: Tyranitar|Earthquake|p2b: Amoonguss|[spread] p2a,p2b\n|-heal|p1a: Orthworm|100\/100 slp|[from] ability: Earth Eater|[of] p1b: Tyranitar\n|-damage|p2a: Ting-Lu|61\/100\n|-damage|p2b: Amoonguss|0 fnt\n|faint|p2b: Amoonguss\n|-damage|p1b: Tyranitar|2\/100|[from] item: Life Orb\n|move|p2a: Ting-Lu|Heavy Slam|p1b: Tyranitar\n|-supereffective|p1b: Tyranitar\n|-damage|p1b: Tyranitar|0 fnt\n|faint|p1b: Tyranitar\n|cant|p1a: Orthworm|slp\n|\n|-weather|Sandstorm|[upkeep]\n|upkeep\n|\n|t:|1682333327\n|switch|p1b: Garchomp|Garchomp, L50, F|100\/100\n|switch|p2b: Flutter Mane|Flutter Mane, L50|100\/100\n|turn|6\n|\n|t:|1682333346\n|-terastallize|p2b: Flutter Mane|Fairy\n|move|p1b: Garchomp|Rock Slide|p2b: Flutter Mane|[spread] p2a,p2b\n|-resisted|p2a: Ting-Lu\n|-damage|p2a: Ting-Lu|56\/100\n|-damage|p2b: Flutter Mane|65\/100\n|move|p2b: Flutter Mane|Shadow Ball|p1a: Orthworm\n|-damage|p1a: Orthworm|68\/100 slp\n|cant|p2a: Ting-Lu|flinch\n|cant|p1a: Orthworm|slp\n|\n|-weather|Sandstorm|[upkeep]\n|-damage|p2b: Flutter Mane|59\/100|[from] Sandstorm\n|upkeep\n|turn|7\n|\n|t:|1682333369\n|move|p1b: Garchomp|Rock Slide|p2b: Flutter Mane|[spread] p2a,p2b\n|-resisted|p2a: Ting-Lu\n|-damage|p2a: Ting-Lu|53\/100\n|-damage|p2b: Flutter Mane|22\/100\n|move|p2b: Flutter Mane|Shadow Ball|p1a: Orthworm\n|-damage|p1a: Orthworm|37\/100 slp\n|move|p2a: Ting-Lu|Ruination|p1a: Orthworm\n|-damage|p1a: Orthworm|19\/100 slp\n|-curestatus|p1a: Orthworm|slp|[msg]\n|move|p1a: Orthworm|Body Press|p2a: Ting-Lu\n|-supereffective|p2a: Ting-Lu\n|-damage|p2a: Ting-Lu|10\/100\n|\n|-weather|none\n|upkeep\n|turn|8\n|inactive|UltimoRyu has 30 seconds left.\n|inactive|K_Nishikigoi has 30 seconds left.\n|\n|t:|1682333403\n|move|p1b: Garchomp|Rock Slide|p2a: Ting-Lu|[spread] p2b\n|-miss|p1b: Garchomp|p2a: Ting-Lu\n|-damage|p2b: Flutter Mane|0 fnt\n|faint|p2b: Flutter Mane\n|-end|p2b: Flutter Mane|Protosynthesis|[silent]\n|move|p2a: Ting-Lu|Earthquake|p1a: Orthworm|[spread] p1b\n|-heal|p1a: Orthworm|44\/100|[from] ability: Earth Eater|[of] p2a: Ting-Lu\n|-damage|p1b: Garchomp|76\/100\n|move|p1a: Orthworm|Body Press|p2a: Ting-Lu\n|-supereffective|p2a: Ting-Lu\n|-damage|p2a: Ting-Lu|0 fnt\n|faint|p2a: Ting-Lu\n|\n|win|UltimoRyu\n|raw|UltimoRyu's rating: 1112 → 1137<\/strong> (+25 for winning)\n|raw|K_Nishikigoi's rating: 1110 → 1085<\/strong> (-25 for losing)\n","uploadtime":1682333419,"views":25,"p1id":"ultimoryu","p2id":"knishikigoi","formatid":"gen9vgc2023regulationc","rating":1085,"private":0,"password":""}