{"id":"gen9vgc2023regulationc-1852076330","p1":"jeffman323","p2":"Yassooooo","format":"[Gen 9] VGC 2023 Regulation C","log":"|j|\u2606jeffman323\n|j|\u2606Yassooooo\n|t:|1682522179\n|gametype|doubles\n|player|p1|jeffman323|steven|1563\n|player|p2|Yassooooo|169|1541\n|teamsize|p1|6\n|teamsize|p2|6\n|gen|9\n|tier|[Gen 9] VGC 2023 Regulation C\n|rated|\n|rule|Species Clause: Limit one of each Pok\u00e9mon\n|rule|Item Clause: Limit one of each item\n|clearpoke\n|poke|p1|Hatterene, L50, F|\n|poke|p1|Azumarill, L50, M|\n|poke|p1|Torkoal, L50, M|\n|poke|p1|Kingambit, L50, M|\n|poke|p1|Iron Hands, L50|\n|poke|p1|Stantler, L50, M|\n|poke|p2|Dondozo, L50, M|\n|poke|p2|Tatsugiri-Stretchy, L50, M|\n|poke|p2|Flutter Mane, L50|\n|poke|p2|Flamigo, L50, M|\n|poke|p2|Iron Moth, L50|\n|poke|p2|Raichu, L50, F|\n|teampreview|4\njeffman323 has agreed to open team sheets.\n|j| Withoutexcuse\n|\n|t:|1682522220\n|start\n|switch|p1a: Iron Hands|Iron Hands, L50|100\/100\n|switch|p1b: Hatterene|Hatterene, L50, F|100\/100\n|switch|p2a: Flutter Mane|Flutter Mane, L50|100\/100\n|switch|p2b: Raichu|Raichu, L50, F|100\/100\n|turn|1\n|\n|t:|1682522237\n|move|p1b: Hatterene|Protect|p1b: Hatterene\n|-singleturn|p1b: Hatterene|Protect\n|move|p2b: Raichu|Fake Out|p1b: Hatterene\n|-activate|p1b: Hatterene|move: Protect\n|move|p2a: Flutter Mane|Perish Song|p2a: Flutter Mane\n|-start|p1a: Iron Hands|perish3|[silent]\n|-start|p1b: Hatterene|perish3|[silent]\n|-start|p2a: Flutter Mane|perish3|[silent]\n|-start|p2b: Raichu|perish3|[silent]\n|-fieldactivate|move: Perish Song\n|move|p1a: Iron Hands|Earthquake|p2a: Flutter Mane|[spread] p2a,p2b\n|-activate|p1b: Hatterene|move: Protect\n|-supereffective|p2b: Raichu\n|-damage|p2a: Flutter Mane|33\/100\n|-damage|p2b: Raichu|0 fnt\n|faint|p2b: Raichu\n|\n|-start|p2a: Flutter Mane|perish3\n|-start|p1a: Iron Hands|perish3\n|-start|p1b: Hatterene|perish3\n|upkeep\n|\n|t:|1682522250\n|switch|p2b: Tatsugiri|Tatsugiri-Stretchy, L50, M|100\/100\n|turn|2\n|\n|t:|1682522271\n|-end|p1a: Iron Hands|Quark Drive|[silent]\n|switch|p1a: Torkoal|Torkoal, L50, M|100\/100\n|-weather|SunnyDay|[from] ability: Drought|[of] p1a: Torkoal\n|-activate|p2a: Flutter Mane|ability: Protosynthesis\n|-start|p2a: Flutter Mane|protosynthesisspe\n|-terastallize|p1b: Hatterene|Fire\n|move|p2a: Flutter Mane|Perish Song|p2a: Flutter Mane\n|-start|p1a: Torkoal|perish3|[silent]\n|-start|p2b: Tatsugiri|perish3|[silent]\n|-fieldactivate|move: Perish Song\n|move|p2b: Tatsugiri|Substitute|p2b: Tatsugiri\n|-start|p2b: Tatsugiri|Substitute\n|-damage|p2b: Tatsugiri|76\/100\n|move|p1b: Hatterene|Trick Room|p1b: Hatterene\n|-fieldstart|move: Trick Room|[of] p1b: Hatterene\n|\n|-weather|SunnyDay|[upkeep]\n|-start|p1a: Torkoal|perish3\n|-start|p1b: Hatterene|perish2\n|-start|p2b: Tatsugiri|perish3\n|-start|p2a: Flutter Mane|perish2\n|upkeep\n|turn|3\n|\n|t:|1682522299\n|move|p2b: Tatsugiri|Protect|p2b: Tatsugiri\n|-singleturn|p2b: Tatsugiri|Protect\n|move|p2a: Flutter Mane|Protect|p2a: Flutter Mane\n|-singleturn|p2a: Flutter Mane|Protect\n|move|p1a: Torkoal|Clear Smog|p2a: Flutter Mane\n|-activate|p2a: Flutter Mane|move: Protect\n|move|p1b: Hatterene|Dazzling Gleam|p2a: Flutter Mane|[spread] \n|-activate|p2a: Flutter Mane|move: Protect\n|-activate|p2b: Tatsugiri|move: Protect\n|\n|-weather|SunnyDay|[upkeep]\n|-start|p1a: Torkoal|perish2\n|-start|p1b: Hatterene|perish1\n|-start|p2b: Tatsugiri|perish2\n|-start|p2a: Flutter Mane|perish1\n|upkeep\n|turn|4\n|\n|t:|1682522333\n|move|p1a: Torkoal|Clear Smog|p2a: Flutter Mane\n|-damage|p2a: Flutter Mane|17\/100\n|-clearboost|p2a: Flutter Mane\n|move|p1b: Hatterene|Dazzling Gleam|p2a: Flutter Mane|[spread] p2a,p2b\n|-supereffective|p2b: Tatsugiri\n|-end|p2b: Tatsugiri|Substitute\n|-damage|p2a: Flutter Mane|0 fnt\n|faint|p2a: Flutter Mane\n|-end|p2a: Flutter Mane|Protosynthesis|[silent]\n|move|p2b: Tatsugiri|Substitute|p2b: Tatsugiri\n|-start|p2b: Tatsugiri|Substitute\n|-damage|p2b: Tatsugiri|51\/100\n|\n|-weather|SunnyDay|[upkeep]\n|-start|p1a: Torkoal|perish1\n|-start|p1b: Hatterene|perish0\n|-start|p2b: Tatsugiri|perish1\n|faint|p1b: Hatterene\n|upkeep\n|\n|t:|1682522347\n|switch|p1b: Iron Hands|Iron Hands, L50|100\/100\n|switch|p2a: Dondozo|Dondozo, L50, M, shiny|100\/100\n|-activate|p2b: Tatsugiri|ability: Commander|[of] p2a: Dondozo\n|-boost|p2a: Dondozo|atk|2\n|-boost|p2a: Dondozo|spa|2\n|-boost|p2a: Dondozo|spe|2\n|-boost|p2a: Dondozo|def|2\n|-boost|p2a: Dondozo|spd|2\n|turn|5\n|\n|t:|1682522361\n|switch|p1a: Azumarill|Azumarill, L50, M|100\/100\n|move|p2a: Dondozo|Protect|p2a: Dondozo\n|-singleturn|p2a: Dondozo|Protect\n|move|p1b: Iron Hands|Fake Out|p2a: Dondozo\n|-activate|p2a: Dondozo|move: Protect\n|\n|-weather|SunnyDay|[upkeep]\n|-start|p2b: Tatsugiri|perish0\n|faint|p2b: Tatsugiri\n|upkeep\n|turn|6\n|\n|t:|1682522385\n|-terastallize|p2a: Dondozo|Steel\n|move|p1a: Azumarill|Protect|p1a: Azumarill\n|-singleturn|p1a: Azumarill|Protect\n|move|p1b: Iron Hands|Thunder Punch|p2a: Dondozo\n|-damage|p2a: Dondozo|85\/100\n|move|p2a: Dondozo|Substitute|p2a: Dondozo\n|-start|p2a: Dondozo|Substitute\n|-damage|p2a: Dondozo|60\/100\n|\n|-weather|none\n|-heal|p2a: Dondozo|66\/100|[from] item: Leftovers\n|-fieldend|move: Trick Room\n|upkeep\n|turn|7\n|l| Withoutexcuse\n|j| test9753\n|\n|t:|1682522399\n|move|p2a: Dondozo|Wave Crash|p1b: Iron Hands\n|-damage|p1b: Iron Hands|36\/100\n|-damage|p2a: Dondozo|42\/100|[from] Recoil\n|move|p1a: Azumarill|Liquidation|p2a: Dondozo\n|-activate|p2a: Dondozo|move: Substitute|[damage]\n|move|p1b: Iron Hands|Drain Punch|p2a: Dondozo\n|-supereffective|p2a: Dondozo\n|-end|p2a: Dondozo|Substitute\n|-heal|p1b: Iron Hands|38\/100|[from] drain|[of] p2a: Dondozo\n|\n|-heal|p2a: Dondozo|48\/100|[from] item: Leftovers\n|upkeep\n|turn|8\n|\n|t:|1682522415\n|move|p2a: Dondozo|Protect|p2a: Dondozo\n|-singleturn|p2a: Dondozo|Protect\n|move|p1b: Iron Hands|Drain Punch|p2a: Dondozo\n|-activate|p2a: Dondozo|move: Protect\n|move|p1a: Azumarill|Liquidation|p2a: Dondozo\n|-activate|p2a: Dondozo|move: Protect\n|\n|-heal|p2a: Dondozo|54\/100|[from] item: Leftovers\n|upkeep\n|turn|9\n|\n|t:|1682522426\n|move|p2a: Dondozo|Wave Crash|p1b: Iron Hands\n|-damage|p1b: Iron Hands|0 fnt\n|faint|p1b: Iron Hands\n|-end|p1b: Iron Hands|Quark Drive|[silent]\n|-damage|p2a: Dondozo|40\/100|[from] Recoil\n|move|p1a: Azumarill|Liquidation|p2a: Dondozo\n|-crit|p2a: Dondozo\n|-damage|p2a: Dondozo|0 fnt\n|faint|p2a: Dondozo\n|\n|win|jeffman323\n|raw|jeffman323's rating: 1563 → 1582<\/strong> (+19 for winning)\n|raw|Yassooooo's rating: 1541 → 1522<\/strong> (-19 for losing)\n|l|\u2606Yassooooo\n","uploadtime":1682522433,"views":15,"p1id":"jeffman323","p2id":"yassooooo","formatid":"gen9vgc2023regulationc","rating":1522,"private":0,"password":""}