{"id":"gen9vgc2023regulationc-1851940685","p1":"Digimon best55","p2":"trynderror","format":"[Gen 9] VGC 2023 Regulation C","log":"|j|\u2606Digimon best55\n|j|\u2606trynderror\n|t:|1682508855\n|gametype|doubles\n|player|p1|Digimon best55|265|1433\n|player|p2|trynderror|170|1409\n|teamsize|p1|6\n|teamsize|p2|6\n|gen|9\n|tier|[Gen 9] VGC 2023 Regulation C\n|rated|\n|rule|Species Clause: Limit one of each Pok\u00e9mon\n|rule|Item Clause: Limit one of each item\n|clearpoke\n|poke|p1|Palafin, L50, M|\n|poke|p1|Chien-Pao, L50|\n|poke|p1|Dragapult, L50, M|\n|poke|p1|Amoonguss, L50, M|\n|poke|p1|Arcanine, L50, F|\n|poke|p1|Flutter Mane, L50|\n|poke|p2|Maushold, L50|\n|poke|p2|Annihilape, L50, F|\n|poke|p2|Iron Bundle, L50|\n|poke|p2|Arcanine, L50, F|\n|poke|p2|Gholdengo, L50|\n|poke|p2|Scream Tail, L50|\n|teampreview|4\n|inactive|Battle timer is ON: inactive players will automatically lose when time's up. (requested by trynderror)\n|inactive|Digimon best55 has 60 seconds left.\n|inactive|trynderror has 60 seconds left.\n|\n|t:|1682508898\n|start\n|switch|p1a: Dnite|Dragapult, L50, M|100\/100\n|switch|p1b: Dozo|Palafin, L50, M|100\/100\n|switch|p2a: Gholdengo|Gholdengo, L50|100\/100\n|switch|p2b: Scream Tail|Scream Tail, L50|100\/100\n|-enditem|p2b: Scream Tail|Booster Energy\n|-activate|p2b: Scream Tail|ability: Protosynthesis|[fromitem]\n|-start|p2b: Scream Tail|protosynthesisspe\n|turn|1\n|inactive|Digimon best55 has 30 seconds left.\n|\n|t:|1682508925\n|detailschange|p1b: Dozo|Palafin-Hero, L50, M\n|switch|p1b: ChiYu|Arcanine, L50, F|100\/100\n|-ability|p1b: ChiYu|Intimidate|boost\n|-unboost|p2a: Gholdengo|atk|1\n|-unboost|p2b: Scream Tail|atk|1\n|-terastallize|p1a: Dnite|Steel\n|move|p2b: Scream Tail|Thunder Wave|p1a: Dnite\n|-status|p1a: Dnite|par\n|move|p2a: Gholdengo|Nasty Plot|p2a: Gholdengo\n|-boost|p2a: Gholdengo|spa|2\n|move|p1a: Dnite|Tera Blast|p2b: Scream Tail\n|-supereffective|p2b: Scream Tail\n|-damage|p2b: Scream Tail|19\/100\n|\n|upkeep\n|turn|2\n|inactive|trynderror has 30 seconds left.\n|\n|t:|1682508956\n|-terastallize|p2a: Gholdengo|Water\n|move|p2b: Scream Tail|Thunder Wave|p1b: ChiYu\n|-status|p1b: ChiYu|par\n|move|p2a: Gholdengo|Hex|p1a: Dnite\n|-damage|p1a: Dnite|0 fnt\n|faint|p1a: Dnite\n|cant|p1b: ChiYu|par\n|\n|upkeep\n|\n|t:|1682508967\n|switch|p1a: Dozo|Palafin-Hero, L50, M|100\/100\n|-activate|p1a: Dozo|ability: Zero to Hero\n|turn|3\n|\n|t:|1682508983\n|move|p1b: ChiYu|Extreme Speed|p2b: Scream Tail\n|-damage|p2b: Scream Tail|3\/100\n|move|p2b: Scream Tail|Thunder Wave|p1a: Dozo\n|-status|p1a: Dozo|par\n|move|p2a: Gholdengo|Hex|p1b: ChiYu\n|-damage|p1b: ChiYu|0 fnt\n|faint|p1b: ChiYu\n|move|p1a: Dozo|Wave Crash|p2a: Gholdengo\n|-resisted|p2a: Gholdengo\n|-damage|p2a: Gholdengo|54\/100\n|-damage|p1a: Dozo|86\/100 par|[from] Recoil\n|\n|-heal|p2a: Gholdengo|60\/100|[from] item: Leftovers\n|upkeep\n|\n|t:|1682509002\n|switch|p1b: Bundle|Chien-Pao, L50|100\/100\n|-ability|p1b: Bundle|Sword of Ruin\n|turn|4\n|\n|t:|1682509016\n|cant|p1a: Dozo|par\n|move|p2b: Scream Tail|Thunder Wave|p1b: Bundle\n|-status|p1b: Bundle|par\n|move|p2a: Gholdengo|Hex|p1a: Dozo\n|-damage|p1a: Dozo|0 fnt\n|faint|p1a: Dozo\n|move|p1b: Bundle|Sacred Sword|p2a: Gholdengo\n|-damage|p2a: Gholdengo|22\/100\n|\n|-heal|p2a: Gholdengo|28\/100|[from] item: Leftovers\n|upkeep\n|turn|5\n|-message|Digimon best55 forfeited.\n|\n|win|trynderror\n|raw|Digimon best55's rating: 1433 → 1412<\/strong> (-21 for losing)\n|raw|trynderror's rating: 1409 → 1430<\/strong> (+21 for winning)\n|l|\u2606Digimon best55\n","uploadtime":1682509033,"views":8,"p1id":"digimonbest55","p2id":"trynderror","formatid":"gen9vgc2023regulationc","rating":1412,"private":0,"password":""}