{"id":"gen9vgc2023regulationc-1860955975","p1":"gdsaw532","p2":"Vitalis24","format":"[Gen 9] VGC 2023 Regulation C","log":"|j|\u2606gdsaw532\n|j|\u2606Vitalis24\n|t:|1683702700\n|gametype|doubles\n|player|p1|gdsaw532|169|1598\n|player|p2|Vitalis24|ethan|1465\n|teamsize|p1|6\n|teamsize|p2|6\n|gen|9\n|tier|[Gen 9] VGC 2023 Regulation C\n|rated|\n|rule|Species Clause: Limit one of each Pok\u00e9mon\n|rule|Item Clause: Limit one of each item\n|clearpoke\n|poke|p1|Maushold, L50|\n|poke|p1|Gholdengo, L50|\n|poke|p1|Annihilape, L50, M|\n|poke|p1|Scream Tail, L50|\n|poke|p1|Talonflame, L50, F|\n|poke|p1|Great Tusk, L50|\n|poke|p2|Indeedee-F, L50, F|\n|poke|p2|Flutter Mane, L50|\n|poke|p2|Ting-Lu, L50|\n|poke|p2|Iron Hands, L50|\n|poke|p2|Iron Bundle, L50|\n|poke|p2|Chi-Yu, L50|\n|teampreview|4\ngdsaw532 has agreed to open team sheets.\n|inactive|Battle timer is ON: inactive players will automatically lose when time's up. (requested by gdsaw532)\n|inactive|Vitalis24 has 60 seconds left.\n|\n|t:|1683702787\n|start\n|switch|p1a: Gholdengo|Gholdengo, L50|100\/100\n|switch|p1b: Maushold|Maushold, L50|100\/100\n|switch|p2a: Iron Bundle|Iron Bundle, L50|100\/100\n|switch|p2b: Flutter Mane|Flutter Mane, L50|100\/100\n|-enditem|p2a: Iron Bundle|Booster Energy\n|-activate|p2a: Iron Bundle|ability: Quark Drive|[fromitem]\n|-start|p2a: Iron Bundle|quarkdrivespe\n|turn|1\n|inactive|Vitalis24 has 30 seconds left.\n|inactive|Vitalis24 has 20 seconds left.\n|\n|t:|1683702825\n|move|p2a: Iron Bundle|Hydro Pump|p1a: Gholdengo\n|-damage|p1a: Gholdengo|42\/100\n|move|p2b: Flutter Mane|Moonblast|p1b: Maushold\n|-damage|p1b: Maushold|0 fnt\n|faint|p1b: Maushold\n|move|p1a: Gholdengo|Nasty Plot|p1a: Gholdengo\n|-boost|p1a: Gholdengo|spa|2\n|\n|upkeep\n|\n|t:|1683702830\n|switch|p1b: Talonflame|Talonflame, L50, F|100\/100\n|turn|2\n|inactive|Vitalis24 has 30 seconds left.\n|inactive|Vitalis24 has 20 seconds left.\n|inactive|Vitalis24 has 15 seconds left.\n|\n|t:|1683702870\n|-end|p2b: Flutter Mane|Protosynthesis|[silent]\n|switch|p2b: Indeedee|Indeedee-F, L50, F|100\/100\n|-fieldstart|move: Psychic Terrain|[from] ability: Psychic Surge|[of] p2b: Indeedee\n|-enditem|p2b: Indeedee|Psychic Seed\n|-boost|p2b: Indeedee|spd|1|[from] item: Psychic Seed\n|-terastallize|p1a: Gholdengo|Water\n|move|p1b: Talonflame|Tailwind|p1b: Talonflame\n|-sidestart|p1: gdsaw532|move: Tailwind\n|move|p2a: Iron Bundle|Hydro Pump|p1a: Gholdengo\n|-resisted|p1a: Gholdengo\n|-damage|p1a: Gholdengo|17\/100\n|move|p1a: Gholdengo|Make It Rain|p2a: Iron Bundle|[spread] p2a,p2b\n|-damage|p2a: Iron Bundle|0 fnt\n|-damage|p2b: Indeedee|43\/100\n|-unboost|p1a: Gholdengo|spa|1\n|faint|p2a: Iron Bundle\n|-end|p2a: Iron Bundle|Quark Drive|[silent]\n|\n|upkeep\n|\n|t:|1683702893\n|switch|p2a: Chi-Yu|Chi-Yu, L50|100\/100\n|-ability|p2a: Chi-Yu|Beads of Ruin\n|turn|3\n|\n|t:|1683702904\n|move|p1a: Gholdengo|Protect|p1a: Gholdengo\n|-singleturn|p1a: Gholdengo|Protect\n|move|p2a: Chi-Yu|Protect|p2a: Chi-Yu\n|-singleturn|p2a: Chi-Yu|Protect\n|move|p1b: Talonflame|Taunt|p2b: Indeedee\n|-start|p2b: Indeedee|move: Taunt\n|cant|p2b: Indeedee|move: Taunt|Trick Room\n|\n|upkeep\n|turn|4\n|inactive|gdsaw532 has 30 seconds left.\n|inactive|Vitalis24 has 30 seconds left.\n|\n|t:|1683702934\n|move|p1b: Talonflame|Brave Bird|p2a: Chi-Yu\n|-activate|p2a: Chi-Yu|move: Psychic Terrain\n|move|p1a: Gholdengo|Make It Rain|p2a: Chi-Yu|[spread] p2a,p2b\n|-resisted|p2a: Chi-Yu\n|-damage|p2a: Chi-Yu|63\/100\n|-damage|p2b: Indeedee|0 fnt\n|-unboost|p1a: Gholdengo|spa|1\n|faint|p2b: Indeedee\n|move|p2a: Chi-Yu|Dark Pulse|p1a: Gholdengo\n|-damage|p1a: Gholdengo|0 fnt\n|faint|p1a: Gholdengo\n|\n|upkeep\n|\n|t:|1683702947\n|switch|p1a: Annihilape|Annihilape, L50, M|100\/100\n|switch|p2b: Flutter Mane|Flutter Mane, L50|100\/100\n|turn|5\n|inactive|Vitalis24 has 30 seconds left.\n|\n|t:|1683702979\n|-terastallize|p2b: Flutter Mane|Fairy\n|move|p1b: Talonflame|Will-O-Wisp|p2b: Flutter Mane\n|-status|p2b: Flutter Mane|brn\n|move|p1a: Annihilape|Drain Punch|p2a: Chi-Yu\n|-supereffective|p2a: Chi-Yu\n|-damage|p2a: Chi-Yu|0 fnt\n|faint|p2a: Chi-Yu\n|move|p2b: Flutter Mane|Dazzling Gleam|p1a: Annihilape|[spread] p1a,p1b\n|-supereffective|p1a: Annihilape\n|-resisted|p1b: Talonflame\n|-damage|p1a: Annihilape|0 fnt\n|-damage|p1b: Talonflame|47\/100\n|faint|p1a: Annihilape\n|\n|-damage|p2b: Flutter Mane|94\/100 brn|[from] brn\n|-sideend|p1: gdsaw532|move: Tailwind\n|upkeep\n|turn|6\n|\n|t:|1683702996\n|move|p2b: Flutter Mane|Dazzling Gleam|p1b: Talonflame\n|-resisted|p1b: Talonflame\n|-damage|p1b: Talonflame|0 fnt\n|faint|p1b: Talonflame\n|\n|win|Vitalis24\n|raw|gdsaw532's rating: 1598 → 1571<\/strong> (-27 for losing)\n|raw|Vitalis24's rating: 1465 → 1492<\/strong> (+27 for winning)\n|l|\u2606gdsaw532\n","uploadtime":1683703002,"views":12,"p1id":"gdsaw532","p2id":"vitalis24","formatid":"gen9vgc2023regulationc","rating":1492,"private":0,"password":""}