{"id":"gen9vgc2023regulationc-1856233278","p1":"Wata97","p2":"haburasigosi","format":"[Gen 9] VGC 2023 Regulation C","log":"|j|\u2606Wata97\n|j|\u2606haburasigosi\n|t:|1683043116\n|gametype|doubles\n|player|p1|Wata97|steven|1696\n|player|p2|haburasigosi|265|1738\n|teamsize|p1|6\n|teamsize|p2|6\n|gen|9\n|tier|[Gen 9] VGC 2023 Regulation C\n|rated|\n|rule|Species Clause: Limit one of each Pok\u00e9mon\n|rule|Item Clause: Limit one of each item\n|clearpoke\n|poke|p1|Amoonguss, L50, F|\n|poke|p1|Dragonite, L50, F|\n|poke|p1|Chien-Pao, L50|\n|poke|p1|Gholdengo, L50|\n|poke|p1|Garchomp, L50, M|\n|poke|p1|Azumarill, L50, M|\n|poke|p2|Ting-Lu, L50|\n|poke|p2|Annihilape, L50, M|\n|poke|p2|Corviknight, L50, F|\n|poke|p2|Iron Moth, L50|\n|poke|p2|Grimmsnarl, L50, M|\n|poke|p2|Gholdengo, L50|\n|teampreview|4\n|inactive|Battle timer is ON: inactive players will automatically lose when time's up. (requested by Wata97)\n|inactive|Wata97 has 60 seconds left.\n|inactive|haburasigosi has 60 seconds left.\n|inactive|haburasigosi has 30 seconds left.\n|inactive|haburasigosi has 20 seconds left.\n|\n|t:|1683043195\n|start\n|switch|p1a: Azumarill|Azumarill, L50, M|100\/100\n|switch|p1b: Chien-Pao|Chien-Pao, L50|100\/100\n|switch|p2a: Grimmsnarl|Grimmsnarl, L50, M|100\/100\n|switch|p2b: Corviknight|Corviknight, L50, F|100\/100\n|-ability|p1b: Chien-Pao|Sword of Ruin\n|turn|1\n|j| 478HaveFun\n|\n|t:|1683043214\n|move|p1b: Chien-Pao|Protect|p1b: Chien-Pao\n|-singleturn|p1b: Chien-Pao|Protect\n|move|p2a: Grimmsnarl|Reflect|p2a: Grimmsnarl\n|-sidestart|p2: haburasigosi|Reflect\n|move|p2b: Corviknight|Tailwind|p2b: Corviknight\n|-sidestart|p2: haburasigosi|move: Tailwind\n|move|p1a: Azumarill|Play Rough|p2a: Grimmsnarl\n|-supereffective|p2a: Grimmsnarl\n|-damage|p2a: Grimmsnarl|0 fnt\n|faint|p2a: Grimmsnarl\n|\n|upkeep\n|\n|t:|1683043224\n|switch|p2a: Iron Moth|Iron Moth, L50|100\/100\n|-enditem|p2a: Iron Moth|Booster Energy\n|-activate|p2a: Iron Moth|ability: Quark Drive|[fromitem]\n|-start|p2a: Iron Moth|quarkdrivespa\n|turn|2\n|\n|t:|1683043249\n|-terastallize|p1a: Azumarill|Poison\n|move|p2a: Iron Moth|Protect|p2a: Iron Moth\n|-singleturn|p2a: Iron Moth|Protect\n|move|p1b: Chien-Pao|Ice Spinner|p2a: Iron Moth\n|-activate|p2a: Iron Moth|move: Protect\n|move|p2b: Corviknight|Iron Head|p1b: Chien-Pao\n|-supereffective|p1b: Chien-Pao\n|-damage|p1b: Chien-Pao|10\/100\n|move|p1a: Azumarill|Liquidation|p2a: Iron Moth\n|-activate|p2a: Iron Moth|move: Protect\n|\n|upkeep\n|turn|3\n|\n|t:|1683043270\n|-terastallize|p2a: Iron Moth|Grass\n|move|p1b: Chien-Pao|Sucker Punch|p2a: Iron Moth\n|-crit|p2a: Iron Moth\n|-damage|p2a: Iron Moth|0 fnt\n|faint|p2a: Iron Moth\n|-end|p2a: Iron Moth|Quark Drive|[silent]\n|move|p2b: Corviknight|Iron Head|p1a: Azumarill\n|-damage|p1a: Azumarill|53\/100\n|move|p1a: Azumarill|Liquidation|p2b: Corviknight\n|-damage|p2b: Corviknight|60\/100\n|\n|upkeep\n|j| Della_poke\n|\n|t:|1683043281\n|switch|p2a: Gholdengo|Gholdengo, L50|100\/100\n|turn|4\n|\n|t:|1683043292\n|move|p1b: Chien-Pao|Protect|p1b: Chien-Pao\n|-singleturn|p1b: Chien-Pao|Protect\n|move|p2a: Gholdengo|Nasty Plot|p2a: Gholdengo\n|-boost|p2a: Gholdengo|spa|2\n|move|p2b: Corviknight|Roost|p2b: Corviknight\n|-heal|p2b: Corviknight|100\/100\n|-singleturn|p2b: Corviknight|move: Roost\n|move|p1a: Azumarill|Liquidation|p2a: Gholdengo\n|-damage|p2a: Gholdengo|50\/100\n|\n|-heal|p2a: Gholdengo|56\/100|[from] item: Leftovers\n|-sideend|p2: haburasigosi|move: Tailwind\n|upkeep\n|turn|5\n|\n|t:|1683043316\n|move|p2a: Gholdengo|Protect|p2a: Gholdengo\n|-singleturn|p2a: Gholdengo|Protect\n|move|p1b: Chien-Pao|Ice Spinner|p2a: Gholdengo\n|-activate|p2a: Gholdengo|move: Protect\n|move|p2b: Corviknight|Tailwind|p2b: Corviknight\n|-sidestart|p2: haburasigosi|move: Tailwind\n|move|p1a: Azumarill|Liquidation|p2a: Gholdengo\n|-activate|p2a: Gholdengo|move: Protect\n|\n|-heal|p2a: Gholdengo|63\/100|[from] item: Leftovers\n|upkeep\n|turn|6\n|\n|t:|1683043331\n|move|p1b: Chien-Pao|Protect|p1b: Chien-Pao\n|-singleturn|p1b: Chien-Pao|Protect\n|move|p2a: Gholdengo|Nasty Plot|p2a: Gholdengo\n|-boost|p2a: Gholdengo|spa|2\n|move|p2b: Corviknight|Brave Bird|p1a: Azumarill\n|-damage|p1a: Azumarill|0 fnt\n|faint|p1a: Azumarill\n|-damage|p2b: Corviknight|83\/100|[from] Recoil\n|\n|-heal|p2a: Gholdengo|69\/100|[from] item: Leftovers\n|upkeep\n|\n|t:|1683043343\n|switch|p1a: Garchomp|Garchomp, L50, M|100\/100\n|turn|7\n|\n|t:|1683043365\n|move|p2a: Gholdengo|Protect|p2a: Gholdengo\n|-singleturn|p2a: Gholdengo|Protect\n|move|p1b: Chien-Pao|Sucker Punch||[still]\n|-fail|p1b: Chien-Pao\n|move|p2b: Corviknight|Iron Head|p1b: Chien-Pao\n|-supereffective|p1b: Chien-Pao\n|-damage|p1b: Chien-Pao|0 fnt\n|faint|p1b: Chien-Pao\n|move|p1a: Garchomp|Stomping Tantrum|p2a: Gholdengo\n|-activate|p2a: Gholdengo|move: Protect\n|\n|-heal|p2a: Gholdengo|75\/100|[from] item: Leftovers\n|upkeep\n|\n|t:|1683043367\n|switch|p1b: Gholdengo|Gholdengo, L50|100\/100\n|turn|8\n|inactive|haburasigosi has 30 seconds left.\n|\n|t:|1683043400\n|move|p2a: Gholdengo|Shadow Ball|p1b: Gholdengo\n|-supereffective|p1b: Gholdengo\n|-damage|p1b: Gholdengo|0 fnt\n|faint|p1b: Gholdengo\n|move|p2b: Corviknight|Roost|p2b: Corviknight\n|-heal|p2b: Corviknight|100\/100\n|-singleturn|p2b: Corviknight|move: Roost\n|move|p1a: Garchomp|Stomping Tantrum|p2a: Gholdengo\n|-supereffective|p2a: Gholdengo\n|-damage|p2a: Gholdengo|23\/100\n|\n|-heal|p2a: Gholdengo|30\/100|[from] item: Leftovers\n|-sideend|p2: haburasigosi|Reflect\n|-sideend|p2: haburasigosi|move: Tailwind\n|upkeep\n|turn|9\n|\n|t:|1683043416\n|move|p2a: Gholdengo|Protect|p2a: Gholdengo\n|-singleturn|p2a: Gholdengo|Protect\n|move|p1a: Garchomp|Rock Slide|p2b: Corviknight|[spread] p2b\n|-activate|p2a: Gholdengo|move: Protect\n|-damage|p2b: Corviknight|83\/100\n|move|p2b: Corviknight|Tailwind|p2b: Corviknight\n|-sidestart|p2: haburasigosi|move: Tailwind\n|\n|-heal|p2a: Gholdengo|36\/100|[from] item: Leftovers\n|upkeep\n|turn|10\n|-message|Wata97 forfeited.\n|\n|win|haburasigosi\n|raw|Wata97's rating: 1696 → 1678<\/strong> (-18 for losing)\n|raw|haburasigosi's rating: 1738 → 1756<\/strong> (+18 for winning)\n|l|\u2606Wata97\n|l|\u2606haburasigosi\n|l| Della_poke\n","uploadtime":1683044008,"views":9,"p1id":"wata97","p2id":"haburasigosi","formatid":"gen9vgc2023regulationc","rating":1678,"private":0,"password":""}