{"id":"gen9vgc2023regulationc-1856118793","p1":"InabaRin","p2":"Insertable194","format":"[Gen 9] VGC 2023 Regulation C","log":"|j|\u2606InabaRin\n|j|\u2606Insertable194\n|t:|1683032159\n|gametype|doubles\n|player|p1|InabaRin|lass-gen4dp|1421\n|player|p2|Insertable194|102|1453\n|teamsize|p1|6\n|teamsize|p2|6\n|gen|9\n|tier|[Gen 9] VGC 2023 Regulation C\n|rated|\n|rule|Species Clause: Limit one of each Pok\u00e9mon\n|rule|Item Clause: Limit one of each item\n|clearpoke\n|poke|p1|Murkrow, L50, F|\n|poke|p1|Flutter Mane, L50|\n|poke|p1|Chi-Yu, L50|\n|poke|p1|Iron Bundle, L50|\n|poke|p1|Meowscarada, L50, M|\n|poke|p1|Great Tusk, L50|\n|poke|p2|Iron Bundle, L50|\n|poke|p2|Great Tusk, L50|\n|poke|p2|Chien-Pao, L50|\n|poke|p2|Iron Hands, L50|\n|poke|p2|Arcanine, L50, M|\n|poke|p2|Gholdengo, L50|\n|teampreview|4\n|inactive|Battle timer is ON: inactive players will automatically lose when time's up. (requested by InabaRin)\n|j| Declan Akaiba\nInsertable194 has agreed to open team sheets.\n|l| Declan Akaiba\n|inactive|InabaRin has 60 seconds left.\n|inactive|Insertable194 has 60 seconds left.\n|\n|t:|1683032194\n|start\n|switch|p1a: Murkrow|Murkrow, L50, F|100\/100\n|switch|p1b: Meowscarada|Meowscarada, L50, M|100\/100\n|switch|p2a: Chien-Pao|Chien-Pao, L50|100\/100\n|switch|p2b: Arcanine|Arcanine, L50, M|100\/100\n|-ability|p2a: Chien-Pao|Sword of Ruin\n|-ability|p2b: Arcanine|Intimidate|boost\n|-unboost|p1a: Murkrow|atk|1\n|-unboost|p1b: Meowscarada|atk|1\n|turn|1\n|\n|t:|1683032209\n|-terastallize|p2a: Chien-Pao|Ice\n|move|p2b: Arcanine|Helping Hand|p2a: Chien-Pao\n|-singleturn|p2a: Chien-Pao|Helping Hand|[of] p2b: Arcanine\n|move|p2a: Chien-Pao|Ice Shard|p1a: Murkrow\n|-supereffective|p1a: Murkrow\n|-damage|p1a: Murkrow|2\/100\n|move|p1a: Murkrow|Tailwind|p1a: Murkrow\n|-sidestart|p1: InabaRin|move: Tailwind\n|move|p1b: Meowscarada|U-turn|p2a: Chien-Pao\n|-start|p1b: Meowscarada|typechange|Bug|[from] ability: Protean\n|-damage|p2a: Chien-Pao|55\/100\n|\n|t:|1683032225\n|switch|p1b: Chi-Yu|Chi-Yu, L50|100\/100|[from] U-turn\n|-ability|p1b: Chi-Yu|Beads of Ruin\n|\n|upkeep\n|turn|2\n|\n|t:|1683032244\n|move|p2a: Chien-Pao|Protect|p2a: Chien-Pao\n|-singleturn|p2a: Chien-Pao|Protect\n|move|p2b: Arcanine|Extreme Speed|p1a: Murkrow\n|-damage|p1a: Murkrow|0 fnt\n|faint|p1a: Murkrow\n|move|p1b: Chi-Yu|Heat Wave|p2b: Arcanine|[spread] p2b\n|-activate|p2a: Chien-Pao|move: Protect\n|-resisted|p2b: Arcanine\n|-damage|p2b: Arcanine|69\/100\n|-damage|p1b: Chi-Yu|91\/100|[from] item: Life Orb\n|\n|upkeep\n|\n|t:|1683032257\n|switch|p1a: Flutter Mane|Flutter Mane, L50|100\/100\n|turn|3\n|inactive|Insertable194 has 30 seconds left.\n|inactive|Insertable194 has 20 seconds left.\n|\n|t:|1683032292\n|-terastallize|p1b: Chi-Yu|Ghost\n|move|p2b: Arcanine|Helping Hand|p2a: Chien-Pao\n|-singleturn|p2a: Chien-Pao|Helping Hand|[of] p2b: Arcanine\n|move|p2a: Chien-Pao|Ice Shard|p1a: Flutter Mane\n|-enditem|p1a: Flutter Mane|Focus Sash\n|-damage|p1a: Flutter Mane|1\/100\n|move|p1a: Flutter Mane|Power Gem|p2b: Arcanine\n|-supereffective|p2b: Arcanine\n|-damage|p2b: Arcanine|0 fnt\n|faint|p2b: Arcanine\n|move|p1b: Chi-Yu|Heat Wave|p2a: Chien-Pao\n|-supereffective|p2a: Chien-Pao\n|-damage|p2a: Chien-Pao|0 fnt\n|faint|p2a: Chien-Pao\n|-damage|p1b: Chi-Yu|81\/100|[from] item: Life Orb\n|\n|upkeep\n|\n|t:|1683032302\n|switch|p2a: Iron Bundle|Iron Bundle, L50|100\/100\n|switch|p2b: Great Tusk|Great Tusk, L50|100\/100\n|-enditem|p2a: Iron Bundle|Booster Energy\n|-activate|p2a: Iron Bundle|ability: Quark Drive|[fromitem]\n|-start|p2a: Iron Bundle|quarkdrivespe\n|turn|4\n|\n|t:|1683032317\n|move|p2a: Iron Bundle|Protect|p2a: Iron Bundle\n|-singleturn|p2a: Iron Bundle|Protect\n|move|p1a: Flutter Mane|Dazzling Gleam|p2b: Great Tusk|[spread] p2b\n|-activate|p2a: Iron Bundle|move: Protect\n|-supereffective|p2b: Great Tusk\n|-damage|p2b: Great Tusk|0 fnt\n|faint|p2b: Great Tusk\n|-end|p2b: Great Tusk|Protosynthesis|[silent]\n|move|p1b: Chi-Yu|Heat Wave|p2a: Iron Bundle\n|-activate|p2a: Iron Bundle|move: Protect\n|\n|-sideend|p1: InabaRin|move: Tailwind\n|upkeep\n|turn|5\n|\n|t:|1683032338\n|move|p1b: Chi-Yu|Protect|p1b: Chi-Yu\n|-singleturn|p1b: Chi-Yu|Protect\n|move|p2a: Iron Bundle|Icy Wind|p1b: Chi-Yu|[spread] p1a\n|-activate|p1b: Chi-Yu|move: Protect\n|-damage|p1a: Flutter Mane|0 fnt\n|faint|p1a: Flutter Mane\n|-end|p1a: Flutter Mane|Protosynthesis|[silent]\n|\n|upkeep\n|\n|t:|1683032346\n|switch|p1a: Meowscarada|Meowscarada, L50, M|100\/100\n|turn|6\n|\n|t:|1683032358\n|move|p2a: Iron Bundle|Protect|p2a: Iron Bundle\n|-singleturn|p2a: Iron Bundle|Protect\n|move|p1a: Meowscarada|Flower Trick|p2a: Iron Bundle\n|-start|p1a: Meowscarada|typechange|Grass|[from] ability: Protean\n|-activate|p2a: Iron Bundle|move: Protect\n|move|p1b: Chi-Yu|Dark Pulse|p2a: Iron Bundle\n|-activate|p2a: Iron Bundle|move: Protect\n|\n|upkeep\n|turn|7\n|\n|t:|1683032368\n|move|p2a: Iron Bundle|Freeze-Dry|p1a: Meowscarada\n|-supereffective|p1a: Meowscarada\n|-damage|p1a: Meowscarada|0 fnt\n|faint|p1a: Meowscarada\n|move|p1b: Chi-Yu|Dark Pulse|p2a: Iron Bundle\n|-damage|p2a: Iron Bundle|0 fnt\n|faint|p2a: Iron Bundle\n|-end|p2a: Iron Bundle|Quark Drive|[silent]\n|-damage|p1b: Chi-Yu|71\/100|[from] item: Life Orb\n|\n|win|InabaRin\n|raw|InabaRin's rating: 1421 → 1443<\/strong> (+22 for winning)\n|raw|Insertable194's rating: 1453 → 1431<\/strong> (-22 for losing)\n","uploadtime":1683032374,"views":4,"p1id":"inabarin","p2id":"insertable194","formatid":"gen9vgc2023regulationc","rating":1431,"private":0,"password":""}