{"id":"gen9vgc2023regulationc-1854295377","p1":"XJ09","p2":"rowlet ballz","format":"[Gen 9] VGC 2023 Regulation C","log":"|j|\u2606XJ09\n|j|\u2606rowlet ballz\n|t:|1682793745\n|gametype|doubles\n|player|p1|XJ09|cynthia|1131\n|player|p2|rowlet ballz|265|1033\n|teamsize|p1|6\n|teamsize|p2|6\n|gen|9\n|tier|[Gen 9] VGC 2023 Regulation C\n|rated|\n|rule|Species Clause: Limit one of each Pok\u00e9mon\n|rule|Item Clause: Limit one of each item\n|clearpoke\n|poke|p1|Roaring Moon, L50|\n|poke|p1|Garganacl, L50, M|\n|poke|p1|Ting-Lu, L50|\n|poke|p1|Arcanine, L50, F|\n|poke|p1|Gyarados, L50, F|\n|poke|p1|Annihilape, L50, M|\n|poke|p2|Garchomp, L50, F|\n|poke|p2|Iron Bundle, L50|\n|poke|p2|Gholdengo, L50|\n|poke|p2|Espathra, L50, M|\n|poke|p2|Slaking, L50, F|\n|poke|p2|Amoonguss, L50, F|\n|teampreview|4\n|inactive|Battle timer is ON: inactive players will automatically lose when time's up. (requested by XJ09)\n|\n|t:|1682793782\n|start\n|switch|p1a: Roaring Moon|Roaring Moon, L50|100\/100\n|switch|p1b: Gyarados|Gyarados, L50, F|100\/100\n|switch|p2a: Garchomp|Garchomp, L50, F|100\/100\n|switch|p2b: Espathra|Espathra, L50, M|100\/100\n|-ability|p1b: Gyarados|Intimidate|boost\n|-unboost|p2a: Garchomp|atk|1\n|-unboost|p2b: Espathra|atk|1\n|-enditem|p1a: Roaring Moon|Booster Energy\n|-activate|p1a: Roaring Moon|ability: Protosynthesis|[fromitem]\n|-start|p1a: Roaring Moon|protosynthesisspe\n|turn|1\n|inactive|XJ09 has 30 seconds left.\n|inactive|rowlet ballz has 30 seconds left.\n|inactive|XJ09 has 20 seconds left.\n|inactive|rowlet ballz has 20 seconds left.\n|inactive|rowlet ballz has 15 seconds left.\n|\n|t:|1682793830\n|switch|p2a: Iron Bundle|Iron Bundle, L50|100\/100\n|-enditem|p2a: Iron Bundle|Booster Energy\n|-activate|p2a: Iron Bundle|ability: Quark Drive|[fromitem]\n|-start|p2a: Iron Bundle|quarkdrivespe\n|-terastallize|p2b: Espathra|Steel\n|move|p1a: Roaring Moon|Tailwind|p1a: Roaring Moon\n|-sidestart|p1: XJ09|move: Tailwind\n|move|p1b: Gyarados|Waterfall|p2a: Iron Bundle\n|-resisted|p2a: Iron Bundle\n|-damage|p2a: Iron Bundle|73\/100\n|move|p2b: Espathra|Lumina Crash|p1b: Gyarados\n|-damage|p1b: Gyarados|70\/100\n|-unboost|p1b: Gyarados|spd|2\n|\n|-ability|p2b: Espathra|Speed Boost|boost\n|-boost|p2b: Espathra|spe|1\n|upkeep\n|turn|2\n|inactive|rowlet ballz has 30 seconds left.\n|\n|t:|1682793855\n|-end|p2a: Iron Bundle|Quark Drive|[silent]\n|switch|p2a: Garchomp|Garchomp, L50, F|100\/100\n|move|p1a: Roaring Moon|Snarl|p2b: Espathra|[spread] p2a,p2b\n|-damage|p2a: Garchomp|91\/100\n|-damage|p2b: Espathra|88\/100\n|-unboost|p2a: Garchomp|spa|1\n|-unboost|p2b: Espathra|spa|1\n|move|p1b: Gyarados|Waterfall|p2b: Espathra\n|-damage|p2b: Espathra|29\/100\n|move|p2b: Espathra|Skill Swap|p2a: Garchomp\n|-activate|p2b: Espathra|move: Skill Swap|||[of] p2a: Garchomp\n|\n|upkeep\n|turn|3\n|inactive|rowlet ballz has 30 seconds left.\n|\n|t:|1682793882\n|move|p2b: Espathra|Helping Hand|p2a: Garchomp\n|-singleturn|p2a: Garchomp|Helping Hand|[of] p2b: Espathra\n|move|p1a: Roaring Moon|Breaking Swipe|p2a: Garchomp|[spread] p2a,p2b\n|-supereffective|p2a: Garchomp\n|-resisted|p2b: Espathra\n|-damage|p2a: Garchomp|50\/100\n|-damage|p2b: Espathra|16\/100\n|-unboost|p2a: Garchomp|atk|1\n|-unboost|p2b: Espathra|atk|1\n|-damage|p1a: Roaring Moon|88\/100|[from] ability: Rough Skin|[of] p2b: Espathra\n|move|p1b: Gyarados|Waterfall|p2a: Garchomp\n|-damage|p2a: Garchomp|5\/100\n|-enditem|p2a: Garchomp|Salac Berry|[eat]\n|-boost|p2a: Garchomp|spe|1|[from] item: Salac Berry\n|move|p2a: Garchomp|Rock Slide|p1b: Gyarados|[spread] p1b\n|-miss|p2a: Garchomp|p1a: Roaring Moon\n|-supereffective|p1b: Gyarados\n|-damage|p1b: Gyarados|22\/100\n|\n|-ability|p2a: Garchomp|Speed Boost|boost\n|-boost|p2a: Garchomp|spe|1\n|upkeep\n|turn|4\n|inactive|XJ09 has 30 seconds left.\n|inactive|rowlet ballz has 30 seconds left.\n|inactive|rowlet ballz has 20 seconds left.\n|\n|t:|1682793921\n|move|p2b: Espathra|Helping Hand|p2a: Garchomp\n|-singleturn|p2a: Garchomp|Helping Hand|[of] p2b: Espathra\n|move|p1a: Roaring Moon|Snarl|p2a: Garchomp|[spread] p2a,p2b\n|-damage|p2a: Garchomp|0 fnt\n|-damage|p2b: Espathra|4\/100\n|-unboost|p2b: Espathra|spa|1\n|faint|p2a: Garchomp\n|move|p1b: Gyarados|Waterfall|p2b: Espathra\n|-damage|p2b: Espathra|0 fnt\n|-damage|p1b: Gyarados|10\/100|[from] ability: Rough Skin|[of] p2b: Espathra\n|faint|p2b: Espathra\n|\n|-sideend|p1: XJ09|move: Tailwind\n|upkeep\n|\n|t:|1682793936\n|switch|p2b: Amoonguss|Amoonguss, L50, F|100\/100\n|switch|p2a: Iron Bundle|Iron Bundle, L50|73\/100\n|turn|5\n|\n|t:|1682793956\n|switch|p1b: Annihilape|Annihilape, L50, M|100\/100\n|move|p2b: Amoonguss|Rage Powder|p2b: Amoonguss\n|-singleturn|p2b: Amoonguss|move: Rage Powder\n|move|p1a: Roaring Moon|Snarl|p2a: Iron Bundle|[spread] p2a,p2b\n|-damage|p2a: Iron Bundle|54\/100\n|-damage|p2b: Amoonguss|93\/100\n|-unboost|p2a: Iron Bundle|spa|1\n|-unboost|p2b: Amoonguss|spa|1\n|move|p2a: Iron Bundle|Icy Wind|p1b: Annihilape|[spread] p1a,p1b\n|-supereffective|p1a: Roaring Moon\n|-damage|p1a: Roaring Moon|66\/100\n|-damage|p1b: Annihilape|89\/100\n|-unboost|p1a: Roaring Moon|spe|1\n|-unboost|p1b: Annihilape|spe|1\n|-ability|p1b: Annihilape|Defiant|boost\n|-boost|p1b: Annihilape|atk|2\n|\n|-heal|p2b: Amoonguss|99\/100|[from] item: Leftovers\n|upkeep\n|turn|6\n|inactive|XJ09 has 30 seconds left.\n|\n|t:|1682793989\n|-terastallize|p1b: Annihilape|Grass\n|move|p2b: Amoonguss|Rage Powder|p2b: Amoonguss\n|-singleturn|p2b: Amoonguss|move: Rage Powder\n|move|p2a: Iron Bundle|Hydro Pump|p1b: Annihilape\n|-resisted|p1b: Annihilape\n|-damage|p1b: Annihilape|75\/100\n|move|p1a: Roaring Moon|Tailwind|p1a: Roaring Moon\n|-sidestart|p1: XJ09|move: Tailwind\n|move|p1b: Annihilape|Drain Punch|p2a: Iron Bundle\n|-supereffective|p2a: Iron Bundle\n|-damage|p2a: Iron Bundle|0 fnt\n|-heal|p1b: Annihilape|92\/100|[from] drain|[of] p2a: Iron Bundle\n|faint|p2a: Iron Bundle\n|-end|p2a: Iron Bundle|Quark Drive|[silent]\n|\n|-heal|p2b: Amoonguss|100\/100|[from] item: Leftovers\n|upkeep\n|turn|7\n|-message|rowlet ballz forfeited.\n|\n|win|XJ09\n|raw|XJ09's rating: 1131 → 1149<\/strong> (+18 for winning)\n|raw|rowlet ballz's rating: 1033 → 1022<\/strong> (-11 for losing)\n|l|\u2606rowlet ballz\n","uploadtime":1682794018,"views":23,"p1id":"xj09","p2id":"rowletballz","formatid":"gen9vgc2023regulationc","rating":1022,"private":0,"password":""}