{"id":"gen9vgc2023regulationc-1850587942","p1":"hoeheng","p2":"pls be kind to me","format":"[Gen 9] VGC 2023 Regulation C","log":"|j|\u2606hoeheng\n|j|\u2606pls be kind to me\n|t:|1682350983\n|gametype|doubles\n|player|p1|hoeheng|hilda|1338\n|player|p2|pls be kind to me|flannery|1394\n|teamsize|p1|6\n|teamsize|p2|6\n|gen|9\n|tier|[Gen 9] VGC 2023 Regulation C\n|rated|\n|rule|Species Clause: Limit one of each Pok\u00e9mon\n|rule|Item Clause: Limit one of each item\n|clearpoke\n|poke|p1|Tatsugiri, L50, M|\n|poke|p1|Dondozo, L50, M|\n|poke|p1|Glimmora, L50, F|\n|poke|p1|Chi-Yu, L50|\n|poke|p1|Flutter Mane, L50|\n|poke|p1|Dragapult, L50, F|\n|poke|p2|Chi-Yu, L50|\n|poke|p2|Flutter Mane, L50|\n|poke|p2|Scream Tail, L50|\n|poke|p2|Corviknight, L50, M|\n|poke|p2|Baxcalibur, L50, F|\n|poke|p2|Rotom-Wash, L50|\n|teampreview|4\npls be kind to me has agreed to open team sheets.\n|inactive|Battle timer is ON: inactive players will automatically lose when time's up. (requested by hoeheng)\n|\n|t:|1682351029\n|start\n|switch|p1a: \ub0a0\uce58\uc54c\uc8fc\uba39\ubc25|Flutter Mane, L50|100\/100\n|switch|p1b: \ubd88\uace0\uae30|Chi-Yu, L50|100\/100\n|switch|p2a: Corviknight|Corviknight, L50, M, shiny|100\/100\n|switch|p2b: Baxcalibur|Baxcalibur, L50, F|100\/100\n|-ability|p1b: \ubd88\uace0\uae30|Beads of Ruin\n|-enditem|p1a: \ub0a0\uce58\uc54c\uc8fc\uba39\ubc25|Booster Energy\n|-activate|p1a: \ub0a0\uce58\uc54c\uc8fc\uba39\ubc25|ability: Protosynthesis|[fromitem]\n|-start|p1a: \ub0a0\uce58\uc54c\uc8fc\uba39\ubc25|protosynthesisspe\n|turn|1\n|inactive|pls be kind to me has 30 seconds left.\n|\n|t:|1682351065\n|-terastallize|p2a: Corviknight|Fire\n|move|p2b: Baxcalibur|Protect|p2b: Baxcalibur\n|-singleturn|p2b: Baxcalibur|Protect\n|move|p1a: \ub0a0\uce58\uc54c\uc8fc\uba39\ubc25|Substitute|p1a: \ub0a0\uce58\uc54c\uc8fc\uba39\ubc25\n|-start|p1a: \ub0a0\uce58\uc54c\uc8fc\uba39\ubc25|Substitute\n|-damage|p1a: \ub0a0\uce58\uc54c\uc8fc\uba39\ubc25|76\/100\n|move|p1b: \ubd88\uace0\uae30|Heat Wave|p2a: Corviknight|[spread] p2a\n|-activate|p2b: Baxcalibur|move: Protect\n|-resisted|p2a: Corviknight\n|-damage|p2a: Corviknight|83\/100\n|move|p2a: Corviknight|Tailwind|p2a: Corviknight\n|-sidestart|p2: pls be kind to me|move: Tailwind\n|\n|upkeep\n|turn|2\n|\n|t:|1682351087\n|move|p1a: \ub0a0\uce58\uc54c\uc8fc\uba39\ubc25|Protect|p1a: \ub0a0\uce58\uc54c\uc8fc\uba39\ubc25\n|-singleturn|p1a: \ub0a0\uce58\uc54c\uc8fc\uba39\ubc25|Protect\n|move|p2b: Baxcalibur|Icicle Spear|p1a: \ub0a0\uce58\uc54c\uc8fc\uba39\ubc25\n|-activate|p1a: \ub0a0\uce58\uc54c\uc8fc\uba39\ubc25|move: Protect\n|move|p2a: Corviknight|Brave Bird|p1b: \ubd88\uace0\uae30\n|-crit|p1b: \ubd88\uace0\uae30\n|-damage|p1b: \ubd88\uace0\uae30|0 fnt\n|faint|p1b: \ubd88\uace0\uae30\n|-damage|p2a: Corviknight|62\/100|[from] Recoil\n|\n|upkeep\n|\n|t:|1682351096\n|switch|p1b: \ub3c8\ub0b4\ub194|Dondozo, L50, M, shiny|100\/100\n|turn|3\n|\n|t:|1682351118\n|-end|p1a: \ub0a0\uce58\uc54c\uc8fc\uba39\ubc25|Protosynthesis|[silent]\n|switch|p1a: \ub098\ub450\ucb48\uc789|Tatsugiri, L50, M|100\/100\n|-activate|p1a: \ub098\ub450\ucb48\uc789|ability: Commander|[of] p1b: \ub3c8\ub0b4\ub194\n|-boost|p1b: \ub3c8\ub0b4\ub194|atk|2\n|-boost|p1b: \ub3c8\ub0b4\ub194|spa|2\n|-boost|p1b: \ub3c8\ub0b4\ub194|spe|2\n|-boost|p1b: \ub3c8\ub0b4\ub194|def|2\n|-boost|p1b: \ub3c8\ub0b4\ub194|spd|2\n|switch|p2a: Rotom|Rotom-Wash, L50, shiny|100\/100\n|move|p2b: Baxcalibur|Icicle Spear|p1a: \ub098\ub450\ucb48\uc789|[miss]\n|-miss|p2b: Baxcalibur|p1a: \ub098\ub450\ucb48\uc789\n|move|p1b: \ub3c8\ub0b4\ub194|Earthquake|p2b: Baxcalibur|[spread] p2b\n|-miss|p1b: \ub3c8\ub0b4\ub194|p1a: \ub098\ub450\ucb48\uc789\n|-immune|p2a: Rotom|[from] ability: Levitate\n|-damage|p2b: Baxcalibur|61\/100\n|\n|upkeep\n|turn|4\n|\n|t:|1682351142\n|switch|p2b: Scream Tail|Scream Tail, L50, shiny|100\/100\n|-enditem|p2b: Scream Tail|Booster Energy\n|-activate|p2b: Scream Tail|ability: Protosynthesis|[fromitem]\n|-start|p2b: Scream Tail|protosynthesisspe\n|move|p1b: \ub3c8\ub0b4\ub194|Protect|p1b: \ub3c8\ub0b4\ub194\n|-singleturn|p1b: \ub3c8\ub0b4\ub194|Protect\n|move|p2a: Rotom|Will-O-Wisp|p1b: \ub3c8\ub0b4\ub194\n|-activate|p1b: \ub3c8\ub0b4\ub194|move: Protect\n|\n|-sideend|p2: pls be kind to me|move: Tailwind\n|upkeep\n|turn|5\n|\n|t:|1682351158\n|move|p2b: Scream Tail|Encore|p1b: \ub3c8\ub0b4\ub194\n|-start|p1b: \ub3c8\ub0b4\ub194|Encore\n|move|p1b: \ub3c8\ub0b4\ub194|Protect||[still]\n|-fail|p1b: \ub3c8\ub0b4\ub194\n|move|p2a: Rotom|Will-O-Wisp|p1b: \ub3c8\ub0b4\ub194\n|-status|p1b: \ub3c8\ub0b4\ub194|brn\n|\n|-damage|p1b: \ub3c8\ub0b4\ub194|94\/100 brn|[from] brn\n|upkeep\n|turn|6\n|-message|hoeheng forfeited.\n|\n|win|pls be kind to me\n|raw|hoeheng's rating: 1338 → 1321<\/strong> (-17 for losing)\n|raw|pls be kind to me's rating: 1394 → 1411<\/strong> (+17 for winning)\n|l|\u2606hoeheng\n","uploadtime":1682351168,"views":20,"p1id":"hoeheng","p2id":"plsbekindtome","formatid":"gen9vgc2023regulationc","rating":1321,"private":0,"password":""}