{"id":"gen9vgc2023regulationc-1857277409","p1":"kevintoodlepoot","p2":"Auraen","format":"[Gen 9] VGC 2023 Regulation C","log":"|j|\u2606kevintoodlepoot\n|j|\u2606Auraen\n|t:|1683166836\n|gametype|doubles\n|player|p1|kevintoodlepoot|pokemaniac|1273\n|player|p2|Auraen|flannery|1323\n|teamsize|p1|6\n|teamsize|p2|6\n|gen|9\n|tier|[Gen 9] VGC 2023 Regulation C\n|rated|\n|rule|Species Clause: Limit one of each Pok\u00e9mon\n|rule|Item Clause: Limit one of each item\n|clearpoke\n|poke|p1|Iron Bundle, L50|\n|poke|p1|Chi-Yu, L50|\n|poke|p1|Flutter Mane, L50|\n|poke|p1|Kingambit, L50, F|\n|poke|p1|Great Tusk, L50|\n|poke|p1|Talonflame, L50, F|\n|poke|p2|Kingambit, L50, F|\n|poke|p2|Pelipper, L50, F|\n|poke|p2|Salamence, L50, M|\n|poke|p2|Gothitelle, L50, F|\n|poke|p2|Iron Hands, L50|\n|poke|p2|Magnezone, L50|\n|teampreview|4\n|\n|t:|1683166894\n|start\n|switch|p1a: Chi-Yu|Chi-Yu, L50|100\/100\n|switch|p1b: Flutter Mane|Flutter Mane, L50|100\/100\n|switch|p2a: Gothitelle|Gothitelle, L50, F|100\/100\n|switch|p2b: Magnezone|Magnezone, L50|100\/100\n|-ability|p1a: Chi-Yu|Beads of Ruin\n|turn|1\n|\n|t:|1683166933\n|-terastallize|p2b: Magnezone|Fire\n|move|p1a: Chi-Yu|Protect|p1a: Chi-Yu\n|-singleturn|p1a: Chi-Yu|Protect\n|move|p2a: Gothitelle|Protect|p2a: Gothitelle\n|-singleturn|p2a: Gothitelle|Protect\n|move|p1b: Flutter Mane|Shadow Ball|p2a: Gothitelle\n|-activate|p2a: Gothitelle|move: Protect\n|move|p2b: Magnezone|Flash Cannon|p1b: Flutter Mane\n|-supereffective|p1b: Flutter Mane\n|-damage|p1b: Flutter Mane|0 fnt\n|faint|p1b: Flutter Mane\n|-end|p1b: Flutter Mane|Protosynthesis|[silent]\n|\n|upkeep\n|\n|t:|1683166952\n|switch|p1b: Great Tusk|Great Tusk, L50|100\/100\n|turn|2\n|\n|t:|1683166969\n|switch|p2b: Salamence|Salamence, L50, M|100\/100\n|-ability|p2b: Salamence|Intimidate|boost\n|-unboost|p1a: Chi-Yu|atk|1\n|-unboost|p1b: Great Tusk|atk|1\n|switch|p2a: Kingambit|Kingambit, L50, F|100\/100\n|move|p1b: Great Tusk|Headlong Rush|p2a: Kingambit\n|-supereffective|p2a: Kingambit\n|-damage|p2a: Kingambit|50\/100\n|-unboost|p1b: Great Tusk|def|1\n|-unboost|p1b: Great Tusk|spd|1\n|-enditem|p2a: Kingambit|Weakness Policy\n|-boost|p2a: Kingambit|atk|2|[from] item: Weakness Policy\n|-boost|p2a: Kingambit|spa|2|[from] item: Weakness Policy\n|move|p1a: Chi-Yu|Nasty Plot|p1a: Chi-Yu\n|-boost|p1a: Chi-Yu|spa|2\n|\n|upkeep\n|turn|3\n|\n|t:|1683167000\n|move|p2a: Kingambit|Protect|p2a: Kingambit\n|-singleturn|p2a: Kingambit|Protect\n|move|p1b: Great Tusk|Headlong Rush|p2a: Kingambit\n|-activate|p2a: Kingambit|move: Protect\n|move|p2b: Salamence|Bulldoze|p1b: Great Tusk|[spread] p1a,p1b\n|-activate|p2a: Kingambit|move: Protect\n|-supereffective|p1a: Chi-Yu\n|-crit|p1a: Chi-Yu\n|-damage|p1a: Chi-Yu|60\/100\n|-damage|p1b: Great Tusk|88\/100\n|-unboost|p1a: Chi-Yu|spe|1\n|-unboost|p1b: Great Tusk|spe|1\n|move|p1a: Chi-Yu|Dark Pulse|p2b: Salamence\n|-damage|p2b: Salamence|26\/100\n|\n|-heal|p1a: Chi-Yu|67\/100|[from] item: Leftovers\n|upkeep\n|turn|4\n|\n|t:|1683167028\n|-end|p1b: Great Tusk|Protosynthesis|[silent]\n|switch|p1b: Talonflame|Talonflame, L50, F|100\/100\n|move|p1a: Chi-Yu|Protect|p1a: Chi-Yu\n|-singleturn|p1a: Chi-Yu|Protect\n|move|p2a: Kingambit|Sucker Punch||[still]\n|-fail|p2a: Kingambit\n|move|p2b: Salamence|Draco Meteor|p1b: Talonflame|[miss]\n|-miss|p2b: Salamence|p1b: Talonflame\n|\n|-heal|p1a: Chi-Yu|73\/100|[from] item: Leftovers\n|upkeep\n|turn|5\n|\n|t:|1683167054\n|move|p1b: Talonflame|Tailwind|p1b: Talonflame\n|-sidestart|p1: kevintoodlepoot|move: Tailwind\n|move|p2a: Kingambit|Sucker Punch|p1a: Chi-Yu\n|-resisted|p1a: Chi-Yu\n|-damage|p1a: Chi-Yu|30\/100\n|move|p1a: Chi-Yu|Heat Wave|p2a: Kingambit|[spread] p2b\n|-miss|p1a: Chi-Yu|p2a: Kingambit\n|-resisted|p2b: Salamence\n|-damage|p2b: Salamence|0 fnt\n|faint|p2b: Salamence\n|\n|-heal|p1a: Chi-Yu|36\/100|[from] item: Leftovers\n|upkeep\n|\n|t:|1683167067\n|switch|p2b: Gothitelle|Gothitelle, L50, F|100\/100\n|turn|6\n|\n|t:|1683167087\n|move|p1a: Chi-Yu|Protect|p1a: Chi-Yu\n|-singleturn|p1a: Chi-Yu|Protect\n|move|p2a: Kingambit|Sucker Punch||[still]\n|-fail|p2a: Kingambit\n|move|p1b: Talonflame|Taunt|p2b: Gothitelle\n|-start|p2b: Gothitelle|move: Taunt\n|cant|p2b: Gothitelle|move: Taunt|Trick Room\n|\n|-heal|p1a: Chi-Yu|42\/100|[from] item: Leftovers\n|upkeep\n|turn|7\n|\n|t:|1683167124\n|move|p2a: Kingambit|Sucker Punch||[still]\n|-fail|p2a: Kingambit\n|move|p1b: Talonflame|Will-O-Wisp|p2a: Kingambit\n|-status|p2a: Kingambit|brn\n|move|p1a: Chi-Yu|Nasty Plot|p1a: Chi-Yu\n|-boost|p1a: Chi-Yu|spa|2\n|move|p2b: Gothitelle|Psychic|p1b: Talonflame\n|-damage|p1b: Talonflame|36\/100\n|-unboost|p1b: Talonflame|spd|1\n|\n|-heal|p1a: Chi-Yu|49\/100|[from] item: Leftovers\n|-damage|p2a: Kingambit|44\/100 brn|[from] brn\n|upkeep\n|turn|8\n|\n|t:|1683167154\n|move|p2a: Kingambit|Sucker Punch|p1a: Chi-Yu\n|-resisted|p1a: Chi-Yu\n|-damage|p1a: Chi-Yu|27\/100\n|move|p1b: Talonflame|Will-O-Wisp|p2b: Gothitelle\n|-status|p2b: Gothitelle|brn\n|move|p1a: Chi-Yu|Heat Wave|p2b: Gothitelle|[spread] p2a,p2b\n|-supereffective|p2a: Kingambit\n|-damage|p2a: Kingambit|0 fnt\n|-damage|p2b: Gothitelle|0 fnt\n|faint|p2a: Kingambit\n|faint|p2b: Gothitelle\n|\n|-heal|p1a: Chi-Yu|34\/100|[from] item: Leftovers\n|-sideend|p1: kevintoodlepoot|move: Tailwind\n|upkeep\n|\n|t:|1683167166\n|switch|p2b: Magnezone|Magnezone, L50, tera:Fire|100\/100\n|turn|9\n|-message|Auraen forfeited.\n|\n|win|kevintoodlepoot\n|raw|kevintoodlepoot's rating: 1273 → 1302<\/strong> (+29 for winning)\n|raw|Auraen's rating: 1323 → 1300<\/strong> (-23 for losing)\n|l|\u2606Auraen\n","uploadtime":1683167185,"views":15,"p1id":"kevintoodlepoot","p2id":"auraen","formatid":"gen9vgc2023regulationc","rating":1300,"private":0,"password":""}