{"id":"gen9vgc2023regulationc-1861587294","p1":"foiledfeline","p2":"FBomb09","format":"[Gen 9] VGC 2023 Regulation C","log":"|j|\u2606foiledfeline\n|j|\u2606FBomb09\n|t:|1683777212\n|gametype|doubles\n|player|p1|foiledfeline|steven|1176\n|player|p2|FBomb09|1|1130\n|teamsize|p1|6\n|teamsize|p2|6\n|gen|9\n|tier|[Gen 9] VGC 2023 Regulation C\n|rated|\n|rule|Species Clause: Limit one of each Pok\u00e9mon\n|rule|Item Clause: Limit one of each item\n|clearpoke\n|poke|p1|Chi-Yu, L50|\n|poke|p1|Breloom, L50, F|\n|poke|p1|Gyarados, L50, F|\n|poke|p1|Garchomp, L50, F|\n|poke|p1|Corviknight, L50, M|\n|poke|p1|Flutter Mane, L50|\n|poke|p2|Armarouge, L50, M|\n|poke|p2|Garchomp, L50, M|\n|poke|p2|Eelektrik, L50, F|\n|poke|p2|Indeedee-F, L50, F|\n|poke|p2|Murkrow, L50, M|\n|poke|p2|Chi-Yu, L50|\n|teampreview|4\nfoiledfeline has agreed to open team sheets.\n|inactive|Battle timer is ON: inactive players will automatically lose when time's up. (requested by foiledfeline)\n|inactive|FBomb09 has 60 seconds left.\n|\n|t:|1683777303\n|start\n|switch|p1a: Gyarados|Gyarados, L50, F|100\/100\n|switch|p1b: Flutter Mane|Flutter Mane, L50|100\/100\n|switch|p2a: Eelektrik|Eelektrik, L50, F|100\/100\n|switch|p2b: Garchomp|Garchomp, L50, M|100\/100\n|-ability|p1a: Gyarados|Intimidate|boost\n|-unboost|p2a: Eelektrik|atk|1\n|-fail|p2b: Garchomp|unboost|[from] item: Clear Amulet|[of] p2b: Garchomp\n|-enditem|p1b: Flutter Mane|Booster Energy\n|-activate|p1b: Flutter Mane|ability: Protosynthesis|[fromitem]\n|-start|p1b: Flutter Mane|protosynthesisspe\n|turn|1\n|inactive|foiledfeline has 30 seconds left.\n|inactive|FBomb09 has 30 seconds left.\n|inactive|FBomb09 has 20 seconds left.\n|\n|t:|1683777339\n|-terastallize|p1a: Gyarados|Grass\n|move|p2b: Garchomp|Protect|p2b: Garchomp\n|-singleturn|p2b: Garchomp|Protect\n|move|p1b: Flutter Mane|Shadow Ball|p2b: Garchomp\n|-activate|p2b: Garchomp|move: Protect\n|move|p1a: Gyarados|Waterfall|p2b: Garchomp\n|-activate|p2b: Garchomp|move: Protect\n|move|p2a: Eelektrik|Scary Face|p1b: Flutter Mane\n|-unboost|p1b: Flutter Mane|spe|2\n|\n|upkeep\n|turn|2\n|inactive|FBomb09 has 30 seconds left.\n|inactive|FBomb09 has 20 seconds left.\n|inactive|FBomb09 has 15 seconds left.\n|inactive|FBomb09 has 10 seconds left.\n|inactive|FBomb09 has 5 seconds left.\n|\n|t:|1683777394\n|move|p2b: Garchomp|Earthquake|p1a: Gyarados|[spread] p1a,p1b\n|-immune|p2a: Eelektrik|[from] ability: Levitate\n|-resisted|p1a: Gyarados\n|-damage|p1a: Gyarados|80\/100\n|-damage|p1b: Flutter Mane|22\/100\n|move|p1b: Flutter Mane|Shadow Ball|p2b: Garchomp\n|-damage|p2b: Garchomp|61\/100\n|move|p1a: Gyarados|Taunt|p2a: Eelektrik\n|-start|p2a: Eelektrik|move: Taunt\n|cant|p2a: Eelektrik|move: Taunt|Scary Face\n|\n|upkeep\n|turn|3\n|inactive|foiledfeline has 30 seconds left.\n|\n|t:|1683777425\n|switch|p2b: Indeedee|Indeedee-F, L50, F|100\/100\n|-fieldstart|move: Psychic Terrain|[from] ability: Psychic Surge|[of] p2b: Indeedee\n|-end|p1b: Flutter Mane|Protosynthesis|[silent]\n|switch|p1b: Garchomp|Garchomp, L50, F|100\/100\n|move|p1a: Gyarados|Waterfall|p2b: Indeedee\n|-damage|p2b: Indeedee|52\/100\n|move|p2a: Eelektrik|U-turn|p1a: Gyarados\n|-supereffective|p1a: Gyarados\n|-damage|p1a: Gyarados|60\/100\n|inactive|FBomb09 has 30 seconds left.\n|\n|t:|1683777451\n|switch|p2a: Armarouge|Armarouge, L50, M|100\/100|[from] U-turn\n|\n|upkeep\n|turn|4\n|\n|t:|1683777464\n|-terastallize|p2a: Armarouge|Grass\n|move|p2b: Indeedee|Protect|p2b: Indeedee\n|-singleturn|p2b: Indeedee|Protect\n|move|p1b: Garchomp|Rock Slide|p2b: Indeedee|[spread] p2a\n|-activate|p2b: Indeedee|move: Protect\n|-damage|p2a: Armarouge|80\/100\n|move|p1a: Gyarados|Taunt|p2b: Indeedee\n|-activate|p2b: Indeedee|move: Protect\n|move|p2a: Armarouge|Trick Room|p2a: Armarouge\n|-fieldstart|move: Trick Room|[of] p2a: Armarouge\n|\n|upkeep\n|turn|5\n|inactive|foiledfeline has 30 seconds left.\n|inactive|foiledfeline has 20 seconds left.\n|\n|t:|1683777502\n|move|p1a: Gyarados|Helping Hand|p1b: Garchomp\n|-singleturn|p1b: Garchomp|Helping Hand|[of] p1a: Gyarados\n|move|p2a: Armarouge|Expanding Force|p1b: Garchomp|[spread] p1a,p1b\n|-damage|p1a: Gyarados|3\/100\n|-damage|p1b: Garchomp|20\/100\n|-enditem|p1a: Gyarados|Sitrus Berry|[eat]\n|-heal|p1a: Gyarados|28\/100|[from] item: Sitrus Berry\n|-damage|p2a: Armarouge|70\/100|[from] item: Life Orb\n|move|p2b: Indeedee|Dazzling Gleam|p1b: Garchomp|[spread] p1a,p1b\n|-supereffective|p1b: Garchomp\n|-damage|p1a: Gyarados|18\/100\n|-damage|p1b: Garchomp|0 fnt\n|faint|p1b: Garchomp\n|\n|upkeep\n|\n|t:|1683777520\n|switch|p1b: Chi-Yu|Chi-Yu, L50|100\/100\n|-ability|p1b: Chi-Yu|Beads of Ruin\n|turn|6\n|inactive|foiledfeline has 30 seconds left.\n|inactive|FBomb09 has 30 seconds left.\n|inactive|FBomb09 has 20 seconds left.\n|\n|t:|1683777558\n|move|p1a: Gyarados|Helping Hand|p1b: Chi-Yu\n|-singleturn|p1b: Chi-Yu|Helping Hand|[of] p1a: Gyarados\n|move|p2a: Armarouge|Energy Ball|p1b: Chi-Yu\n|-resisted|p1b: Chi-Yu\n|-damage|p1b: Chi-Yu|64\/100\n|-damage|p2a: Armarouge|60\/100|[from] item: Life Orb\n|move|p2b: Indeedee|Dazzling Gleam|p1a: Gyarados|[spread] p1a,p1b\n|-damage|p1a: Gyarados|6\/100\n|-damage|p1b: Chi-Yu|49\/100\n|move|p1b: Chi-Yu|Dark Pulse|p2a: Armarouge\n|-damage|p2a: Armarouge|0 fnt\n|faint|p2a: Armarouge\n|-damage|p1b: Chi-Yu|40\/100|[from] item: Life Orb\n|\n|upkeep\n|\n|t:|1683777577\n|switch|p2a: Garchomp|Garchomp, L50, M|61\/100\n|turn|7\n|\n|t:|1683777600\n|switch|p2b: Eelektrik|Eelektrik, L50, F|100\/100\n|move|p1a: Gyarados|Helping Hand|p1b: Chi-Yu\n|-singleturn|p1b: Chi-Yu|Helping Hand|[of] p1a: Gyarados\n|move|p2a: Garchomp|Earthquake|p1a: Gyarados|[spread] p1a,p1b\n|-immune|p2b: Eelektrik|[from] ability: Levitate\n|-resisted|p1a: Gyarados\n|-supereffective|p1b: Chi-Yu\n|-damage|p1a: Gyarados|0 fnt\n|-damage|p1b: Chi-Yu|0 fnt\n|faint|p1a: Gyarados\n|faint|p1b: Chi-Yu\n|\n|-fieldend|move: Psychic Terrain\n|upkeep\n|\n|t:|1683777615\n|switch|p1b: Flutter Mane|Flutter Mane, L50|22\/100\n|turn|8\n|\n|t:|1683777627\n|move|p1b: Flutter Mane|Protect|p1b: Flutter Mane\n|-singleturn|p1b: Flutter Mane|Protect\n|move|p2b: Eelektrik|Discharge|p1b: Flutter Mane|[spread] \n|-activate|p1b: Flutter Mane|move: Protect\n|-immune|p2a: Garchomp\n|move|p2a: Garchomp|Earthquake|p1b: Flutter Mane|[spread] \n|-activate|p1b: Flutter Mane|move: Protect\n|-immune|p2b: Eelektrik|[from] ability: Levitate\n|\n|-fieldend|move: Trick Room\n|upkeep\n|turn|9\n|\n|t:|1683777649\n|move|p2a: Garchomp|Protect|p2a: Garchomp\n|-singleturn|p2a: Garchomp|Protect\n|move|p1b: Flutter Mane|Dazzling Gleam|p2b: Eelektrik|[spread] p2b\n|-activate|p2a: Garchomp|move: Protect\n|-damage|p2b: Eelektrik|77\/100\n|move|p2b: Eelektrik|Discharge|p1b: Flutter Mane|[spread] p1b\n|-activate|p2a: Garchomp|move: Protect\n|-damage|p1b: Flutter Mane|7\/100\n|-status|p1b: Flutter Mane|par\n|\n|upkeep\n|turn|10\n|\n|t:|1683777663\n|move|p2a: Garchomp|Earthquake|p1b: Flutter Mane|[spread] p1b\n|-immune|p2b: Eelektrik|[from] ability: Levitate\n|-damage|p1b: Flutter Mane|0 fnt\n|faint|p1b: Flutter Mane\n|-end|p1b: Flutter Mane|Protosynthesis|[silent]\n|\n|win|FBomb09\n|raw|foiledfeline's rating: 1176 → 1148<\/strong> (-28 for losing)\n|raw|FBomb09's rating: 1130 → 1158<\/strong> (+28 for winning)\n|l|\u2606foiledfeline\n","uploadtime":1683777670,"views":21,"p1id":"foiledfeline","p2id":"fbomb09","formatid":"gen9vgc2023regulationc","rating":1148,"private":0,"password":""}