{"id":"gen9vgc2023regulationc-1851511940","p1":"joshdonnie","p2":"nizlan","format":"[Gen 9] VGC 2023 Regulation C","log":"|j|\u2606joshdonnie\n|j|\u2606nizlan\n|t:|1682451357\n|gametype|doubles\n|player|p1|joshdonnie|1|1298\n|player|p2|nizlan|giovanni|1311\n|teamsize|p1|6\n|teamsize|p2|6\n|gen|9\n|tier|[Gen 9] VGC 2023 Regulation C\n|rated|\n|rule|Species Clause: Limit one of each Pok\u00e9mon\n|rule|Item Clause: Limit one of each item\n|clearpoke\n|poke|p1|Garchomp, L50, M|\n|poke|p1|Annihilape, L50, M|\n|poke|p1|Kingambit, L50, M|\n|poke|p1|Chien-Pao, L50|\n|poke|p1|Farigiraf, L50, M|\n|poke|p1|Rotom-Wash, L50|\n|poke|p2|Palafin, L50, F|\n|poke|p2|Ting-Lu, L50|\n|poke|p2|Garganacl, L50, F|\n|poke|p2|Flutter Mane, L50|\n|poke|p2|Arcanine, L50, F|\n|poke|p2|Gothitelle, L50, F|\n|teampreview|4\njoshdonnie has agreed to open team sheets.\n|inactive|Battle timer is ON: inactive players will automatically lose when time's up. (requested by joshdonnie)\n|\n|t:|1682451410\n|start\n|switch|p1a: Oroku Saki|Kingambit, L50, M, shiny|100\/100\n|switch|p1b: Chien-Pao|Chien-Pao, L50|100\/100\n|switch|p2a: Garganacl|Garganacl, L50, F|100\/100\n|switch|p2b: Hero|Palafin, L50, F|100\/100\n|-ability|p1b: Chien-Pao|Sword of Ruin\n|turn|1\n|\n|t:|1682451422\n|-terastallize|p2a: Garganacl|Poison\n|move|p2b: Hero|Protect|p2b: Hero\n|-singleturn|p2b: Hero|Protect\n|move|p1b: Chien-Pao|Sacred Sword|p2a: Garganacl\n|-resisted|p2a: Garganacl\n|-damage|p2a: Garganacl|87\/100\n|move|p1a: Oroku Saki|Iron Head|p2a: Garganacl\n|-crit|p2a: Garganacl\n|-damage|p2a: Garganacl|25\/100\n|cant|p2a: Garganacl|flinch\n|\n|-heal|p2a: Garganacl|31\/100|[from] item: Leftovers\n|upkeep\n|turn|2\n|\n|t:|1682451438\n|move|p2a: Garganacl|Protect|p2a: Garganacl\n|-singleturn|p2a: Garganacl|Protect\n|move|p1b: Chien-Pao|Ice Spinner|p2a: Garganacl\n|-activate|p2a: Garganacl|move: Protect\n|move|p2b: Hero|Close Combat|p1a: Oroku Saki\n|-supereffective|p1a: Oroku Saki\n|-damage|p1a: Oroku Saki|0 fnt\n|-unboost|p2b: Hero|def|1\n|-unboost|p2b: Hero|spd|1\n|faint|p1a: Oroku Saki\n|\n|-heal|p2a: Garganacl|37\/100|[from] item: Leftovers\n|upkeep\n|\n|t:|1682451445\n|switch|p1a: Rotom|Rotom-Wash, L50, shiny|100\/100\n|turn|3\n|\n|t:|1682451456\n|detailschange|p2b: Hero|Palafin-Hero, L50, F\n|switch|p2b: Tank|Arcanine, L50, F, shiny|100\/100\n|-ability|p2b: Tank|Intimidate|boost\n|-unboost|p1a: Rotom|atk|1\n|-unboost|p1b: Chien-Pao|atk|1\n|move|p1b: Chien-Pao|Ice Spinner|p2a: Garganacl\n|-damage|p2a: Garganacl|12\/100\n|move|p1a: Rotom|Thunderbolt|p2b: Tank\n|-damage|p2b: Tank|55\/100\n|move|p2a: Garganacl|Recover|p2a: Garganacl\n|-heal|p2a: Garganacl|63\/100\n|\n|-heal|p2a: Garganacl|69\/100|[from] item: Leftovers\n|upkeep\n|turn|4\n|\n|t:|1682451477\n|move|p1b: Chien-Pao|Protect|p1b: Chien-Pao\n|-singleturn|p1b: Chien-Pao|Protect\n|move|p2b: Tank|Flare Blitz|p1b: Chien-Pao\n|-activate|p1b: Chien-Pao|move: Protect\n|move|p1a: Rotom|Hydro Pump|p2b: Tank\n|-supereffective|p2b: Tank\n|-damage|p2b: Tank|0 fnt\n|faint|p2b: Tank\n|move|p2a: Garganacl|Salt Cure|p1a: Rotom\n|-damage|p1a: Rotom|81\/100\n|-start|p1a: Rotom|Salt Cure\n|\n|-heal|p2a: Garganacl|75\/100|[from] item: Leftovers\n|-damage|p1a: Rotom|56\/100|[from] Salt Cure\n|upkeep\n|\n|t:|1682451495\n|switch|p2b: Flutter Mane|Flutter Mane, L50|100\/100\n|turn|5\n|\n|t:|1682451518\n|move|p1b: Chien-Pao|Sucker Punch|p2b: Flutter Mane\n|-damage|p2b: Flutter Mane|36\/100\n|move|p2b: Flutter Mane|Moonblast|p1b: Chien-Pao\n|-supereffective|p1b: Chien-Pao\n|-enditem|p1b: Chien-Pao|Focus Sash\n|-damage|p1b: Chien-Pao|1\/100\n|move|p1a: Rotom|Hydro Pump|p2b: Flutter Mane\n|-damage|p2b: Flutter Mane|0 fnt\n|faint|p2b: Flutter Mane\n|-end|p2b: Flutter Mane|Protosynthesis|[silent]\n|move|p2a: Garganacl|Salt Cure|p1b: Chien-Pao\n|-supereffective|p1b: Chien-Pao\n|-damage|p1b: Chien-Pao|0 fnt\n|faint|p1b: Chien-Pao\n|\n|-heal|p2a: Garganacl|81\/100|[from] item: Leftovers\n|-damage|p1a: Rotom|31\/100|[from] Salt Cure\n|upkeep\n|-enditem|p1a: Rotom|Sitrus Berry|[eat]\n|-heal|p1a: Rotom|56\/100|[from] item: Sitrus Berry\n|\n|t:|1682451535\n|switch|p1b: Garchomp|Garchomp, L50, M|100\/100\n|switch|p2b: Hero|Palafin-Hero, L50, F|100\/100\n|-activate|p2b: Hero|ability: Zero to Hero\n|turn|6\n|\n|t:|1682451546\n|-terastallize|p1a: Rotom|Electric\n|move|p2a: Garganacl|Protect|p2a: Garganacl\n|-singleturn|p2a: Garganacl|Protect\n|move|p1b: Garchomp|Earthquake|p2a: Garganacl|[spread] p2b\n|-activate|p2a: Garganacl|move: Protect\n|-immune|p1a: Rotom|[from] ability: Levitate\n|-damage|p2b: Hero|63\/100\n|move|p2b: Hero|Wave Crash|p1b: Garchomp\n|-damage|p1b: Garchomp|10\/100\n|-damage|p2b: Hero|51\/100|[from] ability: Rough Skin|[of] p1b: Garchomp\n|-damage|p2b: Hero|23\/100|[from] Recoil\n|move|p1a: Rotom|Thunderbolt|p2b: Hero\n|-supereffective|p2b: Hero\n|-damage|p2b: Hero|0 fnt\n|faint|p2b: Hero\n|\n|-heal|p2a: Garganacl|87\/100|[from] item: Leftovers\n|-damage|p1a: Rotom|44\/100|[from] Salt Cure\n|upkeep\n|turn|7\n|\n|t:|1682451566\n|move|p1b: Garchomp|Earthquake|p2a: Garganacl|[spread] p2a\n|-immune|p1a: Rotom|[from] ability: Levitate\n|-supereffective|p2a: Garganacl\n|-damage|p2a: Garganacl|34\/100\n|move|p1a: Rotom|Thunderbolt|p2a: Garganacl\n|-damage|p2a: Garganacl|0 fnt\n|faint|p2a: Garganacl\n|\n|win|joshdonnie\n|raw|joshdonnie's rating: 1298 → 1324<\/strong> (+26 for winning)\n|raw|nizlan's rating: 1311 → 1290<\/strong> (-21 for losing)\n|c|\u2606joshdonnie|gg\n","uploadtime":1682451576,"views":23,"p1id":"joshdonnie","p2id":"nizlan","formatid":"gen9vgc2023regulationc","rating":1290,"private":0,"password":""}