{"id":"gen9vgc2023regulationc-1859315577","p1":"SaltyTat3rtotz","p2":"PoisonSlime","format":"[Gen 9] VGC 2023 Regulation C","log":"|j|\u2606SaltyTat3rtotz\n|j|\u2606PoisonSlime\n|t:|1683433234\n|gametype|doubles\n|player|p1|SaltyTat3rtotz|101|1030\n|player|p2|PoisonSlime|brycenman|1002\n|teamsize|p1|6\n|teamsize|p2|6\n|gen|9\n|tier|[Gen 9] VGC 2023 Regulation C\n|rated|\n|rule|Species Clause: Limit one of each Pok\u00e9mon\n|rule|Item Clause: Limit one of each item\n|clearpoke\n|poke|p1|Azumarill, L50, M|\n|poke|p1|Breloom, L50, F|\n|poke|p1|Gardevoir, L50, F|\n|poke|p1|Great Tusk, L50|\n|poke|p1|Chien-Pao, L50|\n|poke|p1|Iron Moth, L50|\n|poke|p2|Sableye, L50, M|\n|poke|p2|Gyarados, L50, M|\n|poke|p2|Iron Moth, L50|\n|poke|p2|Revavroom, L50, F|\n|poke|p2|Ceruledge, L50, M|\n|poke|p2|Tinkaton, L50, F|\n|teampreview|4\n|\n|t:|1683433258\n|start\n|switch|p1a: Gardevoir|Gardevoir, L50, F, shiny|100\/100\n|switch|p1b: Great Tusk|Great Tusk, L50|100\/100\n|switch|p2a: Sableye|Sableye, L50, M, shiny|100\/100\n|switch|p2b: Revavroom|Revavroom, L50, F|100\/100\n|turn|1\n|inactive|Battle timer is ON: inactive players will automatically lose when time's up. (requested by SaltyTat3rtotz)\n|\n|t:|1683433276\n|move|p2a: Sableye|Will-O-Wisp|p1b: Great Tusk\n|-status|p1b: Great Tusk|brn\n|move|p2b: Revavroom|Spin Out|p1a: Gardevoir\n|-supereffective|p1a: Gardevoir\n|-damage|p1a: Gardevoir|0 fnt\n|-unboost|p2b: Revavroom|spe|2\n|faint|p1a: Gardevoir\n|move|p1b: Great Tusk|Earthquake|p2a: Sableye|[spread] p2a,p2b\n|-supereffective|p2b: Revavroom\n|-damage|p2a: Sableye|72\/100\n|-damage|p2b: Revavroom|22\/100\n|-enditem|p2a: Sableye|Red Card|[of] p1b: Great Tusk\n|-end|p1b: Great Tusk|Protosynthesis|[silent]\n|drag|p1b: Azumarill|Azumarill, L50, M, shiny|100\/100\n|\n|upkeep\n|\n|t:|1683433293\n|switch|p1a: Great Tusk|Great Tusk, L50|100\/100 brn\n|turn|2\n|\n|t:|1683433303\n|switch|p1b: Iron Moth|Iron Moth, L50|100\/100\n|-enditem|p1b: Iron Moth|Booster Energy\n|-activate|p1b: Iron Moth|ability: Quark Drive|[fromitem]\n|-start|p1b: Iron Moth|quarkdrivespa\n|move|p2a: Sableye|Will-O-Wisp|p1b: Iron Moth\n|-immune|p1b: Iron Moth\n|move|p1a: Great Tusk|Headlong Rush|p2b: Revavroom\n|-supereffective|p2b: Revavroom\n|-damage|p2b: Revavroom|0 fnt\n|-unboost|p1a: Great Tusk|def|1\n|-unboost|p1a: Great Tusk|spd|1\n|faint|p2b: Revavroom\n|\n|-damage|p1a: Great Tusk|95\/100 brn|[from] brn\n|upkeep\n|\n|t:|1683433321\n|switch|p2b: Gyarados|Gyarados, L50, M|100\/100\n|-ability|p2b: Gyarados|Intimidate|boost\n|-unboost|p1a: Great Tusk|atk|1\n|-unboost|p1b: Iron Moth|atk|1\n|turn|3\n|inactive|SaltyTat3rtotz has 30 seconds left.\n|\n|t:|1683433353\n|-end|p1b: Iron Moth|Quark Drive|[silent]\n|switch|p1b: Azumarill|Azumarill, L50, M, shiny|100\/100\n|move|p2a: Sableye|Encore|p1a: Great Tusk\n|-start|p1a: Great Tusk|Encore\n|move|p1a: Great Tusk|Headlong Rush|p2a: Sableye\n|-crit|p2a: Sableye\n|-damage|p2a: Sableye|0 fnt\n|-unboost|p1a: Great Tusk|def|1\n|-unboost|p1a: Great Tusk|spd|1\n|faint|p2a: Sableye\n|move|p2b: Gyarados|Thunder Wave|p1b: Azumarill\n|-status|p1b: Azumarill|par\n|\n|-damage|p1a: Great Tusk|89\/100 brn|[from] brn\n|upkeep\n|\n|t:|1683433367\n|switch|p2a: Tinkaton|Tinkaton, L50, F|100\/100\n|-ability|p2a: Tinkaton|Mold Breaker\n|turn|4\n|\n|t:|1683433386\n|move|p2a: Tinkaton|Gigaton Hammer|p1b: Azumarill\n|-damage|p1b: Azumarill|30\/100 par\n|move|p1a: Great Tusk|Headlong Rush|p2a: Tinkaton\n|-supereffective|p2a: Tinkaton\n|-damage|p2a: Tinkaton|53\/100\n|-unboost|p1a: Great Tusk|def|1\n|-unboost|p1a: Great Tusk|spd|1\n|move|p2b: Gyarados|Waterfall|p1a: Great Tusk\n|-supereffective|p1a: Great Tusk\n|-damage|p1a: Great Tusk|0 fnt\n|faint|p1a: Great Tusk\n|-end|p1a: Great Tusk|Protosynthesis|[silent]\n|move|p1b: Azumarill|Play Rough|p2b: Gyarados\n|-damage|p2b: Gyarados|17\/100\n|-enditem|p2b: Gyarados|Sitrus Berry|[eat]\n|-heal|p2b: Gyarados|42\/100|[from] item: Sitrus Berry\n|-damage|p1b: Azumarill|21\/100 par|[from] item: Life Orb\n|\n|-heal|p2a: Tinkaton|59\/100|[from] item: Leftovers\n|upkeep\n|\n|t:|1683433407\n|switch|p1a: Iron Moth|Iron Moth, L50|100\/100\n|turn|5\n|\n|t:|1683433418\n|-terastallize|p1a: Iron Moth|Grass\n|move|p2a: Tinkaton|Helping Hand|p2b: Gyarados\n|-singleturn|p2b: Gyarados|Helping Hand|[of] p2a: Tinkaton\n|move|p1a: Iron Moth|Acid Spray|p2b: Gyarados\n|-damage|p2b: Gyarados|26\/100\n|-unboost|p2b: Gyarados|spd|2\n|move|p2b: Gyarados|Waterfall|p1a: Iron Moth\n|-resisted|p1a: Iron Moth\n|-damage|p1a: Iron Moth|62\/100\n|cant|p1b: Azumarill|par\n|\n|-heal|p2a: Tinkaton|65\/100|[from] item: Leftovers\n|upkeep\n|turn|6\n|inactive|SaltyTat3rtotz has 30 seconds left.\n|inactive|PoisonSlime has 30 seconds left.\n|inactive|PoisonSlime has 20 seconds left.\n|inactive|PoisonSlime has 15 seconds left.\n|\n|t:|1683433459\n|move|p1a: Iron Moth|Fiery Dance|p2b: Gyarados\n|-resisted|p2b: Gyarados\n|-damage|p2b: Gyarados|0 fnt\n|faint|p2b: Gyarados\n|move|p2a: Tinkaton|Play Rough|p1b: Azumarill\n|-damage|p1b: Azumarill|0 fnt\n|faint|p1b: Azumarill\n|\n|-heal|p2a: Tinkaton|71\/100|[from] item: Leftovers\n|upkeep\n|turn|7\n|inactive|PoisonSlime has 30 seconds left.\n|\n|t:|1683433493\n|-terastallize|p2a: Tinkaton|Steel\n|move|p1a: Iron Moth|Fiery Dance|p2a: Tinkaton\n|-supereffective|p2a: Tinkaton\n|-damage|p2a: Tinkaton|0 fnt\n|-boost|p1a: Iron Moth|spa|1\n|faint|p2a: Tinkaton\n|\n|win|SaltyTat3rtotz\n|raw|SaltyTat3rtotz's rating: 1030 → 1063<\/strong> (+33 for winning)\n|raw|PoisonSlime's rating: 1002 → 1000<\/strong> (-2 for losing)\n","uploadtime":1683433504,"views":15,"p1id":"saltytat3rtotz","p2id":"poisonslime","formatid":"gen9vgc2023regulationc","rating":1000,"private":0,"password":""}