{"id":"gen9vgc2023regulationc-1849478998","p1":"gforcepkmn","p2":"EeveeAddict","format":"[Gen 9] VGC 2023 Regulation C","log":"|j|\u2606gforcepkmn\n|j|\u2606EeveeAddict\n|t:|1682203243\n|gametype|doubles\n|player|p1|gforcepkmn|169|1270\n|player|p2|EeveeAddict|idol|1189\n|teamsize|p1|6\n|teamsize|p2|6\n|gen|9\n|tier|[Gen 9] VGC 2023 Regulation C\n|rated|\n|rule|Species Clause: Limit one of each Pok\u00e9mon\n|rule|Item Clause: Limit one of each item\n|clearpoke\n|poke|p1|Indeedee-F, L50, F|\n|poke|p1|Maushold-Four, L50|\n|poke|p1|Brute Bonnet, L50|\n|poke|p1|Iron Hands, L50|\n|poke|p1|Baxcalibur, L50, M|\n|poke|p1|Flutter Mane, L50|\n|poke|p2|Blissey, L50, F|\n|poke|p2|Abomasnow, L50, F|\n|poke|p2|Arcanine, L50, F|\n|poke|p2|Gyarados, L50, M|\n|poke|p2|Amoonguss, L50, F|\n|poke|p2|Baxcalibur, L50, M|\n|teampreview|4\n|\n|t:|1682203284\n|start\n|switch|p1a: Maushold|Maushold-Four, L50|100\/100\n|switch|p1b: Baxcalibur|Baxcalibur, L50, M|100\/100\n|switch|p2a: Gyarados|Gyarados, L50, M|100\/100\n|switch|p2b: Abomasnow|Abomasnow, L50, F|100\/100\n|-ability|p2a: Gyarados|Intimidate|boost\n|-unboost|p1a: Maushold|atk|1\n|-unboost|p1b: Baxcalibur|atk|1\n|-weather|Snow|[from] ability: Snow Warning|[of] p2b: Abomasnow\n|turn|1\n|\n|t:|1682203305\n|switch|p2a: Blissey|Blissey, L50, F|100\/100\n|move|p1a: Maushold|Taunt|p2a: Blissey\n|-start|p2a: Blissey|move: Taunt\n|move|p1b: Baxcalibur|Swords Dance|p1b: Baxcalibur\n|-boost|p1b: Baxcalibur|atk|2\n|move|p2b: Abomasnow|Aurora Veil|p2b: Abomasnow\n|-sidestart|p2: EeveeAddict|move: Aurora Veil\n|\n|-weather|Snow|[upkeep]\n|upkeep\n|turn|2\n|\n|t:|1682203334\n|switch|p2b: Arcanine|Arcanine, L50, F|100\/100\n|-ability|p2b: Arcanine|Intimidate|boost\n|-unboost|p1a: Maushold|atk|1\n|-unboost|p1b: Baxcalibur|atk|1\n|move|p1a: Maushold|Taunt||[still]\n|-fail|p1a: Maushold\n|move|p1b: Baxcalibur|Swords Dance|p1b: Baxcalibur\n|-boost|p1b: Baxcalibur|atk|2\n|move|p2a: Blissey|Blizzard|p1b: Baxcalibur|[spread] p1a,p1b\n|-damage|p1a: Maushold|82\/100\n|-damage|p1b: Baxcalibur|86\/100\n|-status|p1a: Maushold|frz\n|\n|-weather|Snow|[upkeep]\n|upkeep\n|turn|3\n|\n|t:|1682203365\n|switch|p2b: Gyarados|Gyarados, L50, M|100\/100\n|-ability|p2b: Gyarados|Intimidate|boost\n|-unboost|p1a: Maushold|atk|1\n|-unboost|p1b: Baxcalibur|atk|1\n|-terastallize|p1b: Baxcalibur|Water\n|-terastallize|p2a: Blissey|Ice\n|-curestatus|p1a: Maushold|frz|[msg]\n|move|p1a: Maushold|Protect|p1a: Maushold\n|-singleturn|p1a: Maushold|Protect\n|move|p1b: Baxcalibur|Swords Dance|p1b: Baxcalibur\n|-boost|p1b: Baxcalibur|atk|2\n|move|p2a: Blissey|Blizzard|p1a: Maushold|[spread] p1b\n|-activate|p1a: Maushold|move: Protect\n|-resisted|p1b: Baxcalibur\n|-damage|p1b: Baxcalibur|76\/100\n|\n|-weather|Snow|[upkeep]\n|-end|p2a: Blissey|move: Taunt\n|upkeep\n|turn|4\n|\n|t:|1682203418\n|move|p1a: Maushold|Taunt|p2b: Gyarados\n|-start|p2b: Gyarados|move: Taunt\n|move|p1b: Baxcalibur|Aqua Tail|p2b: Gyarados\n|-resisted|p2b: Gyarados\n|-damage|p2b: Gyarados|50\/100\n|cant|p2b: Gyarados|move: Taunt|Taunt\n|move|p2a: Blissey|Blizzard|p1a: Maushold|[spread] p1a,p1b\n|-resisted|p1b: Baxcalibur\n|-damage|p1a: Maushold|50\/100\n|-damage|p1b: Baxcalibur|66\/100\n|-status|p1b: Baxcalibur|frz\n|\n|-weather|Snow|[upkeep]\n|upkeep\n|turn|5\n|inactive|Battle timer is ON: inactive players will automatically lose when time's up. (requested by EeveeAddict)\n|\n|t:|1682203455\n|switch|p1a: Iron Hands|Iron Hands, L50|100\/100\n|switch|p2b: Arcanine|Arcanine, L50, F|100\/100\n|-ability|p2b: Arcanine|Intimidate|boost\n|-unboost|p1a: Iron Hands|atk|1\n|-unboost|p1b: Baxcalibur|atk|1\n|cant|p1b: Baxcalibur|frz\n|move|p2a: Blissey|Blizzard|p1b: Baxcalibur|[spread] p1a,p1b\n|-resisted|p1b: Baxcalibur\n|-damage|p1a: Iron Hands|84\/100\n|-damage|p1b: Baxcalibur|52\/100 frz\n|\n|-weather|Snow|[upkeep]\n|-sideend|p2: EeveeAddict|move: Aurora Veil\n|upkeep\n|turn|6\n|\n|t:|1682203476\n|switch|p2b: Abomasnow|Abomasnow, L50, F|100\/100\n|cant|p1b: Baxcalibur|frz\n|move|p2a: Blissey|Blizzard|p1b: Baxcalibur|[spread] p1a,p1b\n|-resisted|p1b: Baxcalibur\n|-damage|p1a: Iron Hands|67\/100\n|-damage|p1b: Baxcalibur|38\/100 frz\n|move|p1a: Iron Hands|Close Combat|p2a: Blissey\n|-supereffective|p2a: Blissey\n|-damage|p2a: Blissey|35\/100\n|-unboost|p1a: Iron Hands|def|1\n|-unboost|p1a: Iron Hands|spd|1\n|-enditem|p2a: Blissey|Sitrus Berry|[eat]\n|-heal|p2a: Blissey|59\/100|[from] item: Sitrus Berry\n|\n|-weather|Snow|[upkeep]\n|upkeep\n|turn|7\n|inactive|gforcepkmn has 30 seconds left.\n|\n|t:|1682203510\n|-end|p1a: Iron Hands|Quark Drive|[silent]\n|switch|p1a: Flutter Mane|Flutter Mane, L50|100\/100\n|cant|p1b: Baxcalibur|frz\n|move|p2b: Abomasnow|Aurora Veil|p2b: Abomasnow\n|-sidestart|p2: EeveeAddict|move: Aurora Veil\n|move|p2a: Blissey|Blizzard|p1a: Flutter Mane|[spread] p1a,p1b\n|-resisted|p1b: Baxcalibur\n|-damage|p1a: Flutter Mane|69\/100\n|-damage|p1b: Baxcalibur|24\/100 frz\n|-status|p1a: Flutter Mane|frz\n|\n|-weather|Snow|[upkeep]\n|upkeep\n|turn|8\n|inactive|gforcepkmn has 30 seconds left.\n|\n|t:|1682203537\n|cant|p1a: Flutter Mane|frz\n|-curestatus|p1b: Baxcalibur|frz|[msg]\n|move|p1b: Baxcalibur|Icicle Spear|p2a: Blissey\n|-resisted|p2a: Blissey\n|-crit|p2a: Blissey\n|-damage|p2a: Blissey|45\/100\n|-resisted|p2a: Blissey\n|-damage|p2a: Blissey|38\/100\n|-resisted|p2a: Blissey\n|-damage|p2a: Blissey|32\/100\n|-resisted|p2a: Blissey\n|-damage|p2a: Blissey|26\/100\n|-hitcount|p2a: Blissey|4\n|move|p2b: Abomasnow|Blizzard|p1b: Baxcalibur|[spread] p1a,p1b\n|-resisted|p1b: Baxcalibur\n|-damage|p1a: Flutter Mane|40\/100 frz\n|-damage|p1b: Baxcalibur|12\/100\n|move|p2a: Blissey|Soft-Boiled|p2a: Blissey\n|-heal|p2a: Blissey|76\/100\n|\n|-weather|none\n|upkeep\n|turn|9\n|inactive|gforcepkmn has 30 seconds left.\n|\n|t:|1682203567\n|switch|p1b: Iron Hands|Iron Hands, L50|67\/100\n|switch|p2b: Arcanine|Arcanine, L50, F|100\/100\n|-ability|p2b: Arcanine|Intimidate|boost\n|-unboost|p1a: Flutter Mane|atk|1\n|-unboost|p1b: Iron Hands|atk|1\n|move|p2a: Blissey|Protect|p2a: Blissey\n|-singleturn|p2a: Blissey|Protect\n|cant|p1a: Flutter Mane|frz\n|\n|upkeep\n|turn|10\n|\n|t:|1682203582\n|switch|p2b: Abomasnow|Abomasnow, L50, F|100\/100\n|-weather|Snow|[from] ability: Snow Warning|[of] p2b: Abomasnow\n|move|p1b: Iron Hands|Fake Out|p2b: Abomasnow\n|-damage|p2b: Abomasnow|96\/100\n|cant|p1a: Flutter Mane|frz\n|move|p2a: Blissey|Soft-Boiled|p2a: Blissey\n|-heal|p2a: Blissey|100\/100\n|\n|-weather|Snow|[upkeep]\n|upkeep\n|turn|11\n|inactive|gforcepkmn has 30 seconds left.\n|\n|t:|1682203609\n|-end|p1a: Flutter Mane|Protosynthesis|[silent]\n|switch|p1a: Maushold|Maushold-Four, L50|50\/100\n|move|p2b: Abomasnow|Blizzard|p1b: Iron Hands|[spread] p1a,p1b\n|-damage|p1a: Maushold|24\/100\n|-damage|p1b: Iron Hands|57\/100\n|move|p2a: Blissey|Blizzard|p1a: Maushold|[spread] p1a,p1b\n|-damage|p1a: Maushold|0 fnt\n|-damage|p1b: Iron Hands|46\/100\n|faint|p1a: Maushold\n|move|p1b: Iron Hands|Close Combat|p2b: Abomasnow\n|-supereffective|p2b: Abomasnow\n|-damage|p2b: Abomasnow|54\/100\n|-unboost|p1b: Iron Hands|def|1\n|-unboost|p1b: Iron Hands|spd|1\n|\n|-weather|Snow|[upkeep]\n|-sideend|p2: EeveeAddict|move: Aurora Veil\n|upkeep\n|\n|t:|1682203623\n|switch|p1a: Flutter Mane|Flutter Mane, L50|40\/100 frz\n|turn|12\n|\n|t:|1682203629\n|cant|p1a: Flutter Mane|frz\n|move|p2b: Abomasnow|Blizzard|p1b: Iron Hands|[spread] p1a,p1b\n|-damage|p1a: Flutter Mane|16\/100 frz\n|-damage|p1b: Iron Hands|27\/100\n|move|p2a: Blissey|Blizzard|p1a: Flutter Mane|[spread] p1a,p1b\n|-damage|p1a: Flutter Mane|0 fnt\n|-damage|p1b: Iron Hands|4\/100\n|-status|p1b: Iron Hands|frz\n|faint|p1a: Flutter Mane\n|-end|p1a: Flutter Mane|Protosynthesis|[silent]\n|cant|p1b: Iron Hands|frz\n|\n|-weather|Snow|[upkeep]\n|upkeep\n|-message|gforcepkmn forfeited.\n|\n|win|EeveeAddict\n|raw|gforcepkmn's rating: 1270 → 1239<\/strong> (-31 for losing)\n|raw|EeveeAddict's rating: 1189 → 1220<\/strong> (+31 for winning)\n|l|\u2606gforcepkmn\n","uploadtime":1682204666,"views":7,"p1id":"gforcepkmn","p2id":"eeveeaddict","formatid":"gen9vgc2023regulationc","rating":1220,"private":0,"password":""}