{"id":"gen9vgc2023regulationc-1852671922","p1":"asjggasf","p2":"MudFishen","format":"[Gen 9] VGC 2023 Regulation C","log":"|j|\u2606asjggasf\n|j|\u2606MudFishen\n|t:|1682594394\n|gametype|doubles\n|player|p1|asjggasf|265|1050\n|player|p2|MudFishen|ethan|1096\n|teamsize|p1|6\n|teamsize|p2|6\n|gen|9\n|tier|[Gen 9] VGC 2023 Regulation C\n|rated|\n|rule|Species Clause: Limit one of each Pok\u00e9mon\n|rule|Item Clause: Limit one of each item\n|clearpoke\n|poke|p1|Chien-Pao, L50|\n|poke|p1|Ting-Lu, L50|\n|poke|p1|Dragonite, L50, F|\n|poke|p1|Dondozo, L50, F|\n|poke|p1|Flutter Mane, L50|\n|poke|p1|Amoonguss, L50, F|\n|poke|p2|Talonflame, L50, M|\n|poke|p2|Dragonite, L50, M|\n|poke|p2|Arcanine, L50, M|\n|poke|p2|Great Tusk, L50|\n|poke|p2|Annihilape, L50, M|\n|poke|p2|Chien-Pao, L50|\n|teampreview|4\n|\n|t:|1682594443\n|start\n|switch|p1a: Dondozo|Dondozo, L50, F|100\/100\n|switch|p1b: Flutter Mane|Flutter Mane, L50|100\/100\n|switch|p2a: Annihilape|Annihilape, L50, M|100\/100\n|switch|p2b: Arcanine|Arcanine, L50, M|100\/100\n|-ability|p2b: Arcanine|Intimidate|boost\n|-unboost|p1a: Dondozo|atk|1\n|-unboost|p1b: Flutter Mane|atk|1\n|-enditem|p1b: Flutter Mane|Booster Energy\n|-activate|p1b: Flutter Mane|ability: Protosynthesis|[fromitem]\n|-start|p1b: Flutter Mane|protosynthesisspa\n|turn|1\n|inactive|Battle timer is ON: inactive players will automatically lose when time's up. (requested by asjggasf)\n|\n|t:|1682594469\n|-terastallize|p2a: Annihilape|Fire\n|move|p1b: Flutter Mane|Protect|p1b: Flutter Mane\n|-singleturn|p1b: Flutter Mane|Protect\n|move|p2b: Arcanine|Will-O-Wisp|p1a: Dondozo\n|-immune|p1a: Dondozo|[from] ability: Water Veil\n|move|p2a: Annihilape|Bulk Up|p2a: Annihilape\n|-boost|p2a: Annihilape|atk|1\n|-boost|p2a: Annihilape|def|1\n|move|p1a: Dondozo|Yawn|p2b: Arcanine\n|-start|p2b: Arcanine|move: Yawn|[of] p1a: Dondozo\n|\n|upkeep\n|turn|2\n|inactive|MudFishen has 30 seconds left.\n|\n|t:|1682594494\n|switch|p2b: Chicken-pao|Chien-Pao, L50|100\/100\n|-ability|p2b: Chicken-pao|Sword of Ruin\n|move|p1b: Flutter Mane|Substitute|p1b: Flutter Mane\n|-start|p1b: Flutter Mane|Substitute\n|-damage|p1b: Flutter Mane|76\/100\n|move|p2a: Annihilape|Rage Fist|p1b: Flutter Mane\n|-supereffective|p1b: Flutter Mane\n|-end|p1b: Flutter Mane|Substitute\n|move|p1a: Dondozo|Yawn|p2a: Annihilape\n|-start|p2a: Annihilape|move: Yawn|[of] p1a: Dondozo\n|\n|upkeep\n|turn|3\n|inactive|MudFishen has 30 seconds left.\n|inactive|MudFishen has 20 seconds left.\n|\n|t:|1682594529\n|move|p2b: Chicken-pao|Protect|p2b: Chicken-pao\n|-singleturn|p2b: Chicken-pao|Protect\n|move|p1b: Flutter Mane|Substitute|p1b: Flutter Mane\n|-start|p1b: Flutter Mane|Substitute\n|-damage|p1b: Flutter Mane|52\/100\n|move|p2a: Annihilape|Rage Fist|p1b: Flutter Mane\n|-supereffective|p1b: Flutter Mane\n|-end|p1b: Flutter Mane|Substitute\n|move|p1a: Dondozo|Wave Crash|p2b: Chicken-pao\n|-activate|p2b: Chicken-pao|move: Protect\n|\n|-end|p2a: Annihilape|move: Yawn|[silent]\n|-status|p2a: Annihilape|slp\n|upkeep\n|turn|4\n|inactive|asjggasf has 30 seconds left.\n|\n|t:|1682594557\n|switch|p2b: Arcanine|Arcanine, L50, M|100\/100\n|-ability|p2b: Arcanine|Intimidate|boost\n|-unboost|p1a: Dondozo|atk|1\n|-unboost|p1b: Flutter Mane|atk|1\n|move|p1b: Flutter Mane|Protect|p1b: Flutter Mane\n|-singleturn|p1b: Flutter Mane|Protect\n|cant|p2a: Annihilape|slp\n|move|p1a: Dondozo|Wave Crash|p2a: Annihilape\n|-supereffective|p2a: Annihilape\n|-damage|p2a: Annihilape|69\/100 slp\n|-damage|p1a: Dondozo|91\/100|[from] Recoil\n|\n|-heal|p2a: Annihilape|75\/100 slp|[from] item: Leftovers\n|-heal|p1a: Dondozo|98\/100|[from] item: Leftovers\n|upkeep\n|turn|5\n|\n|t:|1682594579\n|move|p2b: Arcanine|Protect|p2b: Arcanine\n|-singleturn|p2b: Arcanine|Protect\n|move|p1b: Flutter Mane|Shadow Ball|p2a: Annihilape\n|-damage|p2a: Annihilape|21\/100 slp\n|-curestatus|p2a: Annihilape|slp|[msg]\n|move|p2a: Annihilape|Rage Fist|p1a: Dondozo\n|-damage|p1a: Dondozo|26\/100\n|move|p1a: Dondozo|Wave Crash|p2b: Arcanine\n|-activate|p2b: Arcanine|move: Protect\n|\n|-heal|p2a: Annihilape|27\/100|[from] item: Leftovers\n|-heal|p1a: Dondozo|32\/100|[from] item: Leftovers\n|upkeep\n|turn|6\n|\n|t:|1682594603\n|switch|p2b: Dragonite|Dragonite, L50, M, shiny|100\/100\n|move|p2a: Annihilape|Protect|p2a: Annihilape\n|-singleturn|p2a: Annihilape|Protect\n|move|p1b: Flutter Mane|Shadow Ball|p2a: Annihilape\n|-activate|p2a: Annihilape|move: Protect\n|move|p1a: Dondozo|Yawn|p2b: Dragonite\n|-start|p2b: Dragonite|move: Yawn|[of] p1a: Dondozo\n|\n|-heal|p2a: Annihilape|33\/100|[from] item: Leftovers\n|-heal|p1a: Dondozo|38\/100|[from] item: Leftovers\n|upkeep\n|turn|7\n|\n|t:|1682594625\n|switch|p2a: Arcanine|Arcanine, L50, M|100\/100\n|-ability|p2a: Arcanine|Intimidate|boost\n|-unboost|p1a: Dondozo|atk|1\n|-unboost|p1b: Flutter Mane|atk|1\n|move|p1b: Flutter Mane|Shadow Ball|p2a: Arcanine\n|-damage|p2a: Arcanine|44\/100\n|move|p2b: Dragonite|Iron Head|p1b: Flutter Mane\n|-supereffective|p1b: Flutter Mane\n|-damage|p1b: Flutter Mane|0 fnt\n|faint|p1b: Flutter Mane\n|-end|p1b: Flutter Mane|Protosynthesis|[silent]\n|move|p1a: Dondozo|Yawn|p2a: Arcanine\n|-start|p2a: Arcanine|move: Yawn|[of] p1a: Dondozo\n|\n|-heal|p1a: Dondozo|45\/100|[from] item: Leftovers\n|-end|p2b: Dragonite|move: Yawn|[silent]\n|-status|p2b: Dragonite|slp\n|upkeep\n|\n|t:|1682594641\n|switch|p1b: Dragonite|Dragonite, L50, F, shiny|100\/100\n|turn|8\n|\n|t:|1682594653\n|move|p2a: Arcanine|Will-O-Wisp|p1b: Dragonite\n|-status|p1b: Dragonite|brn\n|-enditem|p1b: Dragonite|Lum Berry|[eat]\n|-curestatus|p1b: Dragonite|brn|[msg]\n|move|p1b: Dragonite|Dragon Dance|p1b: Dragonite\n|-boost|p1b: Dragonite|atk|1\n|-boost|p1b: Dragonite|spe|1\n|cant|p2b: Dragonite|slp\n|move|p1a: Dondozo|Wave Crash|p2a: Arcanine\n|-supereffective|p2a: Arcanine\n|-damage|p2a: Arcanine|13\/100\n|-damage|p1a: Dondozo|36\/100|[from] Recoil\n|\n|-heal|p1a: Dondozo|43\/100|[from] item: Leftovers\n|-end|p2a: Arcanine|move: Yawn|[silent]\n|-status|p2a: Arcanine|slp\n|upkeep\n|turn|9\n|inactive|asjggasf has 30 seconds left.\n|\n|t:|1682594678\n|-terastallize|p1b: Dragonite|Flying\n|move|p1b: Dragonite|Tera Blast|p2b: Dragonite\n|-damage|p2b: Dragonite|62\/100 slp\n|cant|p2a: Arcanine|slp\n|cant|p2b: Dragonite|slp\n|move|p1a: Dondozo|Wave Crash|p2a: Arcanine\n|-supereffective|p2a: Arcanine\n|-damage|p2a: Arcanine|0 fnt\n|faint|p2a: Arcanine\n|-damage|p1a: Dondozo|39\/100|[from] Recoil\n|\n|-heal|p1a: Dondozo|45\/100|[from] item: Leftovers\n|upkeep\n|\n|t:|1682594692\n|switch|p2a: Chicken-pao|Chien-Pao, L50|100\/100\n|-ability|p2a: Chicken-pao|Sword of Ruin\n|turn|10\n|\n|t:|1682594703\n|move|p2a: Chicken-pao|Protect|p2a: Chicken-pao\n|-singleturn|p2a: Chicken-pao|Protect\n|move|p1b: Dragonite|Tera Blast|p2b: Dragonite\n|-crit|p2b: Dragonite\n|-damage|p2b: Dragonite|0 fnt\n|faint|p2b: Dragonite\n|move|p1a: Dondozo|Yawn|p2a: Chicken-pao\n|-activate|p2a: Chicken-pao|move: Protect\n|\n|-heal|p1a: Dondozo|52\/100|[from] item: Leftovers\n|upkeep\n|\n|t:|1682594711\n|switch|p2b: Annihilape|Annihilape, L50, M, tera:Fire|33\/100\n|turn|11\n|\n|t:|1682594731\n|move|p2b: Annihilape|Protect|p2b: Annihilape\n|-singleturn|p2b: Annihilape|Protect\n|move|p1b: Dragonite|Tera Blast|p2b: Annihilape\n|-activate|p2b: Annihilape|move: Protect\n|move|p2a: Chicken-pao|Ice Spinner|p1b: Dragonite\n|-supereffective|p1b: Dragonite\n|-crit|p1b: Dragonite\n|-damage|p1b: Dragonite|36\/100\n|move|p1a: Dondozo|Yawn|p2a: Chicken-pao\n|-start|p2a: Chicken-pao|move: Yawn|[of] p1a: Dondozo\n|\n|-heal|p2b: Annihilape|39\/100|[from] item: Leftovers\n|-heal|p1a: Dondozo|58\/100|[from] item: Leftovers\n|upkeep\n|turn|12\n|inactive|asjggasf has 30 seconds left.\n|inactive|MudFishen has 30 seconds left.\n|\n|t:|1682594760\n|move|p1b: Dragonite|Extreme Speed|p2b: Annihilape\n|-damage|p2b: Annihilape|0 fnt\n|faint|p2b: Annihilape\n|move|p2a: Chicken-pao|Ice Spinner|p1b: Dragonite\n|-supereffective|p1b: Dragonite\n|-damage|p1b: Dragonite|0 fnt\n|faint|p1b: Dragonite\n|move|p1a: Dondozo|Earthquake|p2a: Chicken-pao\n|-damage|p2a: Chicken-pao|89\/100\n|\n|-heal|p1a: Dondozo|64\/100|[from] item: Leftovers\n|-end|p2a: Chicken-pao|move: Yawn|[silent]\n|-status|p2a: Chicken-pao|slp\n|upkeep\n|\n|t:|1682594771\n|switch|p1b: Chien-Pao|Chien-Pao, L50|100\/100\n|-ability|p1b: Chien-Pao|Sword of Ruin\n|turn|13\n|\n|t:|1682594784\n|move|p1b: Chien-Pao|Sacred Sword|p2a: Chicken-pao\n|-supereffective|p2a: Chicken-pao\n|-damage|p2a: Chicken-pao|0 fnt\n|faint|p2a: Chicken-pao\n|\n|win|asjggasf\n|raw|asjggasf's rating: 1050 → 1087<\/strong> (+37 for winning)\n|raw|MudFishen's rating: 1096 → 1068<\/strong> (-28 for losing)\n|l|\u2606MudFishen\n","uploadtime":1682594794,"views":13,"p1id":"asjggasf","p2id":"mudfishen","formatid":"gen9vgc2023regulationc","rating":1068,"private":0,"password":""}