{"id":"gen9vgc2023regulationc-1856759762","p1":"GrifoneFolleVGC","p2":"Eb98","format":"[Gen 9] VGC 2023 Regulation C","log":"|j|\u2606GrifoneFolleVGC\n|j|\u2606Eb98\n|t:|1683107055\n|gametype|doubles\n|player|p1|GrifoneFolleVGC|cynthia-gen4|1403\n|player|p2|Eb98|ltsurge|1349\n|teamsize|p1|6\n|teamsize|p2|6\n|gen|9\n|tier|[Gen 9] VGC 2023 Regulation C\n|rated|\n|rule|Species Clause: Limit one of each Pok\u00e9mon\n|rule|Item Clause: Limit one of each item\n|clearpoke\n|poke|p1|Flutter Mane, L50|\n|poke|p1|Garchomp, L50, M|\n|poke|p1|Rotom-Wash, L50|\n|poke|p1|Amoonguss, L50, M|\n|poke|p1|Gyarados, L50, M|\n|poke|p1|Chi-Yu, L50|\n|poke|p2|Gyarados, L50, M|\n|poke|p2|Orthworm, L50, F|\n|poke|p2|Corviknight, L50, M|\n|poke|p2|Ceruledge, L50, M|\n|poke|p2|Ting-Lu, L50|\n|poke|p2|Baxcalibur, L50, F|\n|teampreview|4\n|inactive|Battle timer is ON: inactive players will automatically lose when time's up. (requested by Eb98)\nGrifoneFolleVGC has agreed to open team sheets.\n|inactive|Eb98 has 60 seconds left.\n|inactive|Eb98 has 30 seconds left.\n|\n|t:|1683107121\n|start\n|switch|p1a: Gyarados|Gyarados, L50, M|100\/100\n|switch|p1b: Garchomp|Garchomp, L50, M|100\/100\n|switch|p2a: Corviknight|Corviknight, L50, M|100\/100\n|switch|p2b: Orthworm|Orthworm, L50, F|100\/100\n|-ability|p1a: Gyarados|Intimidate|boost\n|-ability|p2a: Corviknight|Mirror Armor\n|-unboost|p1a: Gyarados|atk|1\n|-unboost|p2b: Orthworm|atk|1\n|turn|1\n|\n|t:|1683107142\n|switch|p1b: Chi-Yu|Chi-Yu, L50|100\/100\n|-ability|p1b: Chi-Yu|Beads of Ruin\n|move|p1a: Gyarados|Taunt|p2b: Orthworm\n|-start|p2b: Orthworm|move: Taunt\n|move|p2b: Orthworm|Body Press|p1a: Gyarados\n|-resisted|p1a: Gyarados\n|-damage|p1a: Gyarados|86\/100\n|move|p2a: Corviknight|Tailwind|p2a: Corviknight\n|-sidestart|p2: Eb98|move: Tailwind\n|\n|upkeep\n|turn|2\n|\n|t:|1683107162\n|switch|p2b: Gyarados|Gyarados, L50, M|100\/100\n|-ability|p2b: Gyarados|Intimidate|boost\n|-unboost|p1a: Gyarados|atk|1\n|-unboost|p1b: Chi-Yu|atk|1\n|move|p1b: Chi-Yu|Protect|p1b: Chi-Yu\n|-singleturn|p1b: Chi-Yu|Protect\n|move|p2a: Corviknight|Brave Bird|p1b: Chi-Yu\n|-activate|p1b: Chi-Yu|move: Protect\n|move|p1a: Gyarados|Thunder Wave|p2a: Corviknight\n|-status|p2a: Corviknight|par\n|\n|upkeep\n|turn|3\n|\n|t:|1683107183\n|switch|p1b: Garchomp|Garchomp, L50, M|100\/100\n|switch|p2a: Orthworm|Orthworm, L50, F|100\/100\n|move|p2b: Gyarados|Waterfall|p1b: Garchomp\n|-damage|p1b: Garchomp|67\/100\n|-damage|p2b: Gyarados|88\/100|[from] ability: Rough Skin|[of] p1b: Garchomp\n|move|p1a: Gyarados|Taunt|p2b: Gyarados\n|-start|p2b: Gyarados|move: Taunt\n|\n|upkeep\n|turn|4\n|inactive|GrifoneFolleVGC has 30 seconds left.\n|\n|t:|1683107210\n|move|p1b: Garchomp|Protect|p1b: Garchomp\n|-singleturn|p1b: Garchomp|Protect\n|move|p2b: Gyarados|Waterfall|p1b: Garchomp\n|-activate|p1b: Garchomp|move: Protect\n|move|p2a: Orthworm|Shed Tail|p2a: Orthworm\n|-start|p2a: Orthworm|Substitute|[from] move: Shed Tail\n|-damage|p2a: Orthworm|50\/100\n|-enditem|p2a: Orthworm|Sitrus Berry|[eat]\n|-heal|p2a: Orthworm|75\/100|[from] item: Sitrus Berry\n|\n|t:|1683107222\n|switch|p2a: Ceruledge|Ceruledge, L50, M|100\/100|[from] Shed Tail\n|move|p1a: Gyarados|Thunder Wave|p2b: Gyarados|[miss]\n|-miss|p1a: Gyarados|p2b: Gyarados\n|\n|-sideend|p2: Eb98|move: Tailwind\n|upkeep\n|turn|5\n|inactive|Eb98 has 30 seconds left.\n|\n|t:|1683107248\n|switch|p2b: Corviknight|Corviknight, L50, M|100\/100 par\n|-terastallize|p2a: Ceruledge|Grass\n|move|p1b: Garchomp|Rock Slide|p2a: Ceruledge|[spread] p2a,p2b\n|-activate|p2a: Ceruledge|move: Substitute|[damage]\n|-damage|p2b: Corviknight|83\/100 par\n|move|p2a: Ceruledge|Bulk Up|p2a: Ceruledge\n|-boost|p2a: Ceruledge|atk|1\n|-boost|p2a: Ceruledge|def|1\n|move|p1a: Gyarados|Thunder Wave|p2b: Corviknight\n|-fail|p2b: Corviknight|par\n|\n|upkeep\n|turn|6\n|\n|t:|1683107272\n|move|p1b: Garchomp|Rock Slide|p2a: Ceruledge|[spread] p2a,p2b\n|-end|p2a: Ceruledge|Substitute\n|-damage|p2b: Corviknight|66\/100 par\n|move|p2a: Ceruledge|Shadow Claw|p1b: Garchomp\n|-damage|p1b: Garchomp|0 fnt\n|-damage|p2a: Ceruledge|88\/100|[from] ability: Rough Skin|[of] p1b: Garchomp\n|faint|p1b: Garchomp\n|-damage|p2a: Ceruledge|79\/100|[from] item: Life Orb\n|move|p1a: Gyarados|Thunder Wave|p2a: Ceruledge|[miss]\n|-miss|p1a: Gyarados|p2a: Ceruledge\n|cant|p2b: Corviknight|flinch\n|\n|upkeep\n|\n|t:|1683107288\n|switch|p1b: Chi-Yu|Chi-Yu, L50|100\/100\n|-ability|p1b: Chi-Yu|Beads of Ruin\n|turn|7\n|\n|t:|1683107297\n|move|p2a: Ceruledge|Protect|p2a: Ceruledge\n|-singleturn|p2a: Ceruledge|Protect\n|move|p1b: Chi-Yu|Dark Pulse|p2a: Ceruledge\n|-activate|p2a: Ceruledge|move: Protect\n|move|p1a: Gyarados|Taunt|p2b: Corviknight\n|-start|p2b: Corviknight|move: Taunt\n|cant|p2b: Corviknight|move: Taunt|Tailwind\n|\n|upkeep\n|turn|8\n|c|\u2606GrifoneFolleVGC|Porcamadonna\n|\n|t:|1683107320\n|switch|p2a: Orthworm|Orthworm, L50, F|75\/100\n|switch|p2b: Gyarados|Gyarados, L50, M|88\/100\n|-ability|p2b: Gyarados|Intimidate|boost\n|-unboost|p1a: Gyarados|atk|1\n|-unboost|p1b: Chi-Yu|atk|1\n|move|p1b: Chi-Yu|Dark Pulse|p2a: Orthworm\n|-damage|p2a: Orthworm|0 fnt\n|faint|p2a: Orthworm\n|move|p1a: Gyarados|Waterfall|p2b: Gyarados\n|-resisted|p2b: Gyarados\n|-damage|p2b: Gyarados|82\/100\n|\n|upkeep\n|inactive|Eb98 has 30 seconds left.\n|inactive|Eb98 has 20 seconds left.\n|inactive|Eb98 has 15 seconds left.\n|\n|t:|1683107364\n|switch|p2a: Corviknight|Corviknight, L50, M|66\/100 par\n|turn|9\n|\n|t:|1683107372\n|move|p1b: Chi-Yu|Protect|p1b: Chi-Yu\n|-singleturn|p1b: Chi-Yu|Protect\n|move|p2b: Gyarados|Taunt|p1a: Gyarados\n|-start|p1a: Gyarados|move: Taunt\n|cant|p1a: Gyarados|move: Taunt|Taunt\n|move|p2a: Corviknight|Tailwind|p2a: Corviknight\n|-sidestart|p2: Eb98|move: Tailwind\n|\n|upkeep\n|turn|10\n|inactive|GrifoneFolleVGC has 30 seconds left.\n|\n|t:|1683107398\n|switch|p1a: Flutter Mane|Flutter Mane, L50|100\/100\n|-enditem|p1a: Flutter Mane|Booster Energy\n|-activate|p1a: Flutter Mane|ability: Protosynthesis|[fromitem]\n|-start|p1a: Flutter Mane|protosynthesisspa\n|move|p2b: Gyarados|Waterfall|p1b: Chi-Yu\n|-supereffective|p1b: Chi-Yu\n|-enditem|p1b: Chi-Yu|Focus Sash\n|-damage|p1b: Chi-Yu|1\/100\n|cant|p1b: Chi-Yu|flinch\n|cant|p2a: Corviknight|par\n|\n|upkeep\n|turn|11\n|\n|t:|1683107414\n|move|p1b: Chi-Yu|Protect|p1b: Chi-Yu\n|-singleturn|p1b: Chi-Yu|Protect\n|move|p2b: Gyarados|Bulldoze|p1a: Flutter Mane|[spread] p1a\n|-activate|p1b: Chi-Yu|move: Protect\n|-immune|p2a: Corviknight\n|-damage|p1a: Flutter Mane|78\/100\n|-unboost|p1a: Flutter Mane|spe|1\n|move|p1a: Flutter Mane|Moonblast|p2b: Gyarados\n|-damage|p2b: Gyarados|13\/100\n|cant|p2a: Corviknight|par\n|\n|upkeep\n|turn|12\n|\n|t:|1683107431\n|switch|p1b: Gyarados|Gyarados, L50, M|86\/100\n|-ability|p1b: Gyarados|Intimidate|boost\n|-ability|p2a: Corviknight|Mirror Armor\n|-unboost|p1b: Gyarados|atk|1\n|-unboost|p2b: Gyarados|atk|1\n|move|p2b: Gyarados|Bulldoze|p1b: Gyarados|[spread] p1a\n|-immune|p2a: Corviknight\n|-immune|p1b: Gyarados\n|-damage|p1a: Flutter Mane|64\/100\n|-unboost|p1a: Flutter Mane|spe|1\n|move|p1a: Flutter Mane|Hex|p2b: Gyarados\n|-damage|p2b: Gyarados|0 fnt\n|faint|p2b: Gyarados\n|cant|p2a: Corviknight|par\n|\n|-sideend|p2: Eb98|move: Tailwind\n|upkeep\n|\n|t:|1683107434\n|switch|p2b: Ceruledge|Ceruledge, L50, M, tera:Grass|79\/100\n|turn|13\n|\n|t:|1683107453\n|move|p2b: Ceruledge|Protect|p2b: Ceruledge\n|-singleturn|p2b: Ceruledge|Protect\n|move|p1a: Flutter Mane|Protect|p1a: Flutter Mane\n|-singleturn|p1a: Flutter Mane|Protect\n|move|p1b: Gyarados|Thunder Wave|p2b: Ceruledge\n|-activate|p2b: Ceruledge|move: Protect\n|cant|p2a: Corviknight|par\n|\n|upkeep\n|turn|14\n|\n|t:|1683107472\n|-end|p1a: Flutter Mane|Protosynthesis|[silent]\n|switch|p1a: Chi-Yu|Chi-Yu, L50|1\/100\n|-ability|p1a: Chi-Yu|Beads of Ruin\n|move|p2b: Ceruledge|Shadow Claw|p1b: Gyarados\n|-damage|p1b: Gyarados|41\/100\n|-damage|p2b: Ceruledge|69\/100|[from] item: Life Orb\n|move|p1b: Gyarados|Thunder Wave|p2b: Ceruledge\n|-status|p2b: Ceruledge|par\n|cant|p2a: Corviknight|par\n|\n|upkeep\n|turn|15\n|\n|t:|1683107493\n|cant|p2b: Ceruledge|par\n|move|p1a: Chi-Yu|Dark Pulse|p2b: Ceruledge\n|-damage|p2b: Ceruledge|17\/100 par\n|move|p1b: Gyarados|Taunt|p2a: Corviknight\n|-start|p2a: Corviknight|move: Taunt\n|move|p2a: Corviknight|Iron Head|p1a: Chi-Yu\n|-resisted|p1a: Chi-Yu\n|-damage|p1a: Chi-Yu|0 fnt\n|faint|p1a: Chi-Yu\n|\n|upkeep\n|\n|t:|1683107503\n|switch|p1a: Flutter Mane|Flutter Mane, L50|64\/100\n|turn|16\n|\n|t:|1683107519\n|cant|p2b: Ceruledge|par\n|move|p1a: Flutter Mane|Hex|p2a: Corviknight\n|-damage|p2a: Corviknight|8\/100 par\n|move|p1b: Gyarados|Waterfall|p2a: Corviknight\n|-damage|p2a: Corviknight|0 fnt\n|faint|p2a: Corviknight\n|\n|upkeep\n|turn|17\n|-message|Eb98 forfeited.\n|\n|win|GrifoneFolleVGC\n|raw|GrifoneFolleVGC's rating: 1403 → 1420<\/strong> (+17 for winning)\n|raw|Eb98's rating: 1349 → 1332<\/strong> (-17 for losing)\n|l|\u2606Eb98\n","uploadtime":1683107562,"views":17,"p1id":"grifonefollevgc","p2id":"eb98","formatid":"gen9vgc2023regulationc","rating":1332,"private":0,"password":""}