{"id":"gen9vgc2023regulationc-1856196009","p1":"Evil Azumarills","p2":"trevenant999","format":"[Gen 9] VGC 2023 Regulation C","log":"|j|\u2606Evil Azumarills\n|j|\u2606trevenant999\n|t:|1683039665\n|gametype|doubles\n|player|p1|Evil Azumarills|morty|1000\n|player|p2|trevenant999|bianca-pwt|1063\n|teamsize|p1|6\n|teamsize|p2|6\n|gen|9\n|tier|[Gen 9] VGC 2023 Regulation C\n|rated|\n|rule|Species Clause: Limit one of each Pok\u00e9mon\n|rule|Item Clause: Limit one of each item\n|clearpoke\n|poke|p1|Pelipper, L50, F|\n|poke|p1|Palafin, L50, F|\n|poke|p1|Iron Jugulis, L50|\n|poke|p1|Amoonguss, L50, F|\n|poke|p1|Gholdengo, L50|\n|poke|p1|Chi-Yu, L50|\n|poke|p2|Amoonguss, L50, M|\n|poke|p2|Farigiraf, L50, M|\n|poke|p2|Indeedee-F, L50, F|\n|poke|p2|Armarouge, L50, F|\n|poke|p2|Ampharos, L50, M|\n|poke|p2|Ting-Lu, L50|\n|teampreview|4\n|c|\u2606trevenant999|glhf\ntrevenant999 rejected open team sheets.\n|inactive|Battle timer is ON: inactive players will automatically lose when time's up. (requested by trevenant999)\n|\n|t:|1683039735\n|start\n|switch|p1a: Chi-Yu|Chi-Yu, L50|100\/100\n|switch|p1b: Iron Jugulis|Iron Jugulis, L50|100\/100\n|switch|p2a: Guy|Farigiraf, L50, M|100\/100\n|switch|p2b: Mooshroom|Amoonguss, L50, M|100\/100\n|-ability|p1a: Chi-Yu|Beads of Ruin\n|-enditem|p1b: Iron Jugulis|Booster Energy\n|-activate|p1b: Iron Jugulis|ability: Quark Drive|[fromitem]\n|-start|p1b: Iron Jugulis|quarkdrivespa\n|turn|1\n|inactive|Evil Azumarills has 30 seconds left.\n|inactive|Evil Azumarills has 20 seconds left.\n|inactive|Evil Azumarills has 15 seconds left.\n|\n|t:|1683039778\n|move|p2b: Mooshroom|Rage Powder|p2b: Mooshroom\n|-singleturn|p2b: Mooshroom|move: Rage Powder\n|move|p1b: Iron Jugulis|Hurricane|p2b: Mooshroom\n|-supereffective|p2b: Mooshroom\n|-damage|p2b: Mooshroom|0 fnt\n|faint|p2b: Mooshroom\n|move|p1a: Chi-Yu|Nasty Plot|p1a: Chi-Yu\n|-boost|p1a: Chi-Yu|spa|2\n|move|p2a: Guy|Trick Room|p2a: Guy\n|-fieldstart|move: Trick Room|[of] p2a: Guy\n|\n|upkeep\n|\n|t:|1683039788\n|switch|p2b: Tuff|Ting-Lu, L50|100\/100\n|-ability|p2b: Tuff|Vessel of Ruin\n|turn|2\n|\n|t:|1683039811\n|-terastallize|p1a: Chi-Yu|Dark\n|move|p2b: Tuff|Fissure|p1a: Chi-Yu|[miss]\n|-miss|p2b: Tuff|p1a: Chi-Yu\n|move|p2a: Guy|Dazzling Gleam|p1b: Iron Jugulis|[spread] p1a,p1b\n|-supereffective|p1a: Chi-Yu\n|-supereffective|p1b: Iron Jugulis\n|-damage|p1a: Chi-Yu|78\/100\n|-damage|p1b: Iron Jugulis|64\/100\n|move|p1a: Chi-Yu|Dark Pulse|p2a: Guy\n|-supereffective|p2a: Guy\n|-damage|p2a: Guy|0 fnt\n|faint|p2a: Guy\n|move|p1b: Iron Jugulis|Dark Pulse|p2b: Tuff\n|-resisted|p2b: Tuff\n|-damage|p2b: Tuff|91\/100\n|\n|upkeep\n|\n|t:|1683039821\n|switch|p2a: Zoro|Ampharos, L50, M|100\/100\n|turn|3\n|\n|t:|1683039836\n|move|p1a: Chi-Yu|Protect|p1a: Chi-Yu\n|-singleturn|p1a: Chi-Yu|Protect\n|move|p1b: Iron Jugulis|Protect|p1b: Iron Jugulis\n|-singleturn|p1b: Iron Jugulis|Protect\n|move|p2b: Tuff|Stomping Tantrum|p1a: Chi-Yu\n|-activate|p1a: Chi-Yu|move: Protect\n|move|p2a: Zoro|Discharge|p1b: Iron Jugulis|[spread] \n|-activate|p1a: Chi-Yu|move: Protect\n|-activate|p1b: Iron Jugulis|move: Protect\n|-immune|p2b: Tuff\n|\n|upkeep\n|turn|4\n|inactive|Evil Azumarills has 30 seconds left.\n|inactive|Evil Azumarills has 20 seconds left.\n|inactive|Evil Azumarills has 15 seconds left.\n|\n|t:|1683039879\n|-end|p1b: Iron Jugulis|Quark Drive|[silent]\n|switch|p1b: Amoonguss|Amoonguss, L50, F|100\/100\n|move|p2b: Tuff|Rock Slide|p1b: Amoonguss|[spread] p1a,p1b\n|-damage|p1a: Chi-Yu|60\/100\n|-damage|p1b: Amoonguss|89\/100\n|move|p2a: Zoro|Discharge|p1a: Chi-Yu|[spread] p1a,p1b\n|-immune|p2b: Tuff\n|-resisted|p1b: Amoonguss\n|-crit|p1b: Amoonguss\n|-damage|p1a: Chi-Yu|24\/100\n|-damage|p1b: Amoonguss|59\/100\n|move|p1a: Chi-Yu|Dark Pulse|p2a: Zoro\n|-damage|p2a: Zoro|0 fnt\n|faint|p2a: Zoro\n|\n|upkeep\n|turn|5\n|\n|t:|1683039903\n|move|p1b: Amoonguss|Protect|p1b: Amoonguss\n|-singleturn|p1b: Amoonguss|Protect\n|move|p1a: Chi-Yu|Protect|p1a: Chi-Yu\n|-singleturn|p1a: Chi-Yu|Protect\n|move|p2b: Tuff|Fissure|p1b: Amoonguss\n|-activate|p1b: Amoonguss|move: Protect\n|\n|-fieldend|move: Trick Room\n|upkeep\n|turn|6\n|\n|t:|1683039918\n|move|p1a: Chi-Yu|Dark Pulse|p2b: Tuff\n|-resisted|p2b: Tuff\n|-damage|p2b: Tuff|72\/100\n|move|p1b: Amoonguss|Spore|p2b: Tuff\n|-status|p2b: Tuff|slp|[from] move: Spore\n|cant|p2b: Tuff|slp\n|\n|upkeep\n|turn|7\n|-message|trevenant999 forfeited.\n|\n|win|Evil Azumarills\n|raw|Evil Azumarills's rating: 1000 → 1047<\/strong> (+47 for winning)\n|raw|trevenant999's rating: 1063 → 1040<\/strong> (-23 for losing)\n|l|\u2606trevenant999\n|c|\u2606Evil Azumarills|gg\n","uploadtime":1683039932,"views":7,"p1id":"evilazumarills","p2id":"trevenant999","formatid":"gen9vgc2023regulationc","rating":1040,"private":0,"password":""}