{"id":"gen9vgc2023regulationc-1860638853","p1":"joshissacksay","p2":"xiaoven","format":"[Gen 9] VGC 2023 Regulation C","log":"|j|\u2606joshissacksay\n|j|\u2606xiaoven\n|t:|1683661496\n|gametype|doubles\n|player|p1|joshissacksay|266|1094\n|player|p2|xiaoven|iono|1150\n|teamsize|p1|6\n|teamsize|p2|6\n|gen|9\n|tier|[Gen 9] VGC 2023 Regulation C\n|rated|\n|rule|Species Clause: Limit one of each Pok\u00e9mon\n|rule|Item Clause: Limit one of each item\n|clearpoke\n|poke|p1|Roaring Moon, L50|\n|poke|p1|Palafin, L50, F|\n|poke|p1|Kingambit, L50, M|\n|poke|p1|Amoonguss, L50, F|\n|poke|p1|Flutter Mane, L50|\n|poke|p1|Arcanine, L50, F|\n|poke|p2|Glimmora, L50, M|\n|poke|p2|Wo-Chien, L50|\n|poke|p2|Baxcalibur, L50, M|\n|poke|p2|Salamence, L50, M|\n|poke|p2|Great Tusk, L50|\n|poke|p2|Flutter Mane, L50|\n|teampreview|4\n|inactive|Battle timer is ON: inactive players will automatically lose when time's up. (requested by joshissacksay)\n|\n|t:|1683661533\n|start\n|switch|p1a: Arcanine|Arcanine, L50, F|100\/100\n|switch|p1b: Palafin|Palafin, L50, F|100\/100\n|switch|p2a: violencia|Flutter Mane, L50, shiny|100\/100\n|switch|p2b: snail gaming|Wo-Chien, L50|100\/100\n|-ability|p1a: Arcanine|Intimidate|boost\n|-unboost|p2a: violencia|atk|1\n|-unboost|p2b: snail gaming|atk|1\n|-ability|p2b: snail gaming|Tablets of Ruin\n|turn|1\n|inactive|joshissacksay has 30 seconds left.\n|\n|t:|1683661559\n|move|p1b: Palafin|Protect|p1b: Palafin\n|-singleturn|p1b: Palafin|Protect\n|move|p2a: violencia|Shadow Ball|p1b: Palafin\n|-activate|p1b: Palafin|move: Protect\n|move|p1a: Arcanine|Snarl|p2a: violencia|[spread] p2a,p2b\n|-resisted|p2b: snail gaming\n|-damage|p2a: violencia|92\/100\n|-damage|p2b: snail gaming|98\/100\n|-unboost|p2a: violencia|spa|1\n|-unboost|p2b: snail gaming|spa|1\n|move|p2b: snail gaming|Leech Seed|p1a: Arcanine\n|-start|p1a: Arcanine|move: Leech Seed\n|\n|-heal|p2b: snail gaming|100\/100|[from] item: Leftovers\n|-damage|p1a: Arcanine|88\/100|[from] Leech Seed|[of] p2b: snail gaming\n|upkeep\n|turn|2\n|\n|t:|1683661577\n|-end|p2a: violencia|Protosynthesis|[silent]\n|switch|p2a: bl\u00e5haj|Baxcalibur, L50, M|100\/100\n|detailschange|p1b: Palafin|Palafin-Hero, L50, F\n|switch|p1b: Amoonguss|Amoonguss, L50, F|100\/100\n|move|p1a: Arcanine|Snarl|p2a: bl\u00e5haj|[spread] p2a,p2b\n|-resisted|p2b: snail gaming\n|-damage|p2a: bl\u00e5haj|91\/100\n|-damage|p2b: snail gaming|98\/100\n|-unboost|p2b: snail gaming|spa|1\n|move|p2b: snail gaming|Leech Seed|p1b: Amoonguss\n|-immune|p1b: Amoonguss\n|\n|-heal|p2b: snail gaming|100\/100|[from] item: Leftovers\n|-damage|p1a: Arcanine|76\/100|[from] Leech Seed|[of] p2b: snail gaming\n|upkeep\n|turn|3\n|inactive|joshissacksay has 30 seconds left.\n|\n|t:|1683661609\n|switch|p1a: Flutter Mane|Flutter Mane, L50|100\/100\n|-enditem|p1a: Flutter Mane|Booster Energy\n|-activate|p1a: Flutter Mane|ability: Protosynthesis|[fromitem]\n|-start|p1a: Flutter Mane|protosynthesisspe\n|move|p2a: bl\u00e5haj|Protect|p2a: bl\u00e5haj\n|-singleturn|p2a: bl\u00e5haj|Protect\n|move|p2b: snail gaming|Ruination|p1b: Amoonguss\n|-damage|p1b: Amoonguss|50\/100\n|-enditem|p1b: Amoonguss|Sitrus Berry|[eat]\n|-heal|p1b: Amoonguss|75\/100|[from] item: Sitrus Berry\n|move|p1b: Amoonguss|Spore|p2a: bl\u00e5haj\n|-activate|p2a: bl\u00e5haj|move: Protect\n|\n|upkeep\n|turn|4\n|\n|t:|1683661634\n|-terastallize|p1a: Flutter Mane|Fairy\n|-terastallize|p2a: bl\u00e5haj|Fire\n|move|p2b: snail gaming|Protect|p2b: snail gaming\n|-singleturn|p2b: snail gaming|Protect\n|move|p1b: Amoonguss|Rage Powder|p1b: Amoonguss\n|-singleturn|p1b: Amoonguss|move: Rage Powder\n|move|p1a: Flutter Mane|Dazzling Gleam|p2b: snail gaming|[spread] p2a\n|-activate|p2b: snail gaming|move: Protect\n|-resisted|p2a: bl\u00e5haj\n|-damage|p2a: bl\u00e5haj|67\/100\n|move|p2a: bl\u00e5haj|Icicle Spear|p1b: Amoonguss\n|-supereffective|p1b: Amoonguss\n|-damage|p1b: Amoonguss|56\/100\n|-supereffective|p1b: Amoonguss\n|-damage|p1b: Amoonguss|37\/100\n|-supereffective|p1b: Amoonguss\n|-damage|p1b: Amoonguss|18\/100\n|-hitcount|p1b: Amoonguss|3\n|\n|upkeep\n|turn|5\n|inactive|joshissacksay has 30 seconds left.\n|\n|t:|1683661666\n|switch|p1b: Arcanine|Arcanine, L50, F|76\/100\n|-ability|p1b: Arcanine|Intimidate|boost\n|-fail|p2a: bl\u00e5haj|unboost|[from] item: Clear Amulet|[of] p2a: bl\u00e5haj\n|-unboost|p2b: snail gaming|atk|1\n|move|p1a: Flutter Mane|Shadow Ball|p2a: bl\u00e5haj\n|-damage|p2a: bl\u00e5haj|23\/100\n|move|p2a: bl\u00e5haj|Icicle Spear|p1a: Flutter Mane\n|-damage|p1a: Flutter Mane|81\/100\n|-damage|p1a: Flutter Mane|60\/100\n|-damage|p1a: Flutter Mane|41\/100\n|-damage|p1a: Flutter Mane|18\/100\n|-hitcount|p1a: Flutter Mane|4\n|move|p2b: snail gaming|Pollen Puff|p2a: bl\u00e5haj\n|-heal|p2a: bl\u00e5haj|73\/100\n|\n|upkeep\n|turn|6\n|inactive|joshissacksay has 30 seconds left.\n|inactive|xiaoven has 30 seconds left.\n|\n|t:|1683661697\n|switch|p1b: Amoonguss|Amoonguss, L50, F|51\/100\n|move|p1a: Flutter Mane|Protect|p1a: Flutter Mane\n|-singleturn|p1a: Flutter Mane|Protect\n|move|p2b: snail gaming|Protect|p2b: snail gaming\n|-singleturn|p2b: snail gaming|Protect\n|move|p2a: bl\u00e5haj|Icicle Spear|p1a: Flutter Mane\n|-activate|p1a: Flutter Mane|move: Protect\n|\n|upkeep\n|turn|7\n|inactive|xiaoven has 30 seconds left.\n|\n|t:|1683661723\n|-end|p1a: Flutter Mane|Protosynthesis|[silent]\n|switch|p1a: Palafin|Palafin-Hero, L50, F|100\/100\n|-activate|p1a: Palafin|ability: Zero to Hero\n|switch|p1b: Arcanine|Arcanine, L50, F|76\/100\n|-ability|p1b: Arcanine|Intimidate|boost\n|-fail|p2a: bl\u00e5haj|unboost|[from] item: Clear Amulet|[of] p2a: bl\u00e5haj\n|-unboost|p2b: snail gaming|atk|1\n|move|p2a: bl\u00e5haj|Icicle Spear|p1a: Palafin\n|-resisted|p1a: Palafin\n|-damage|p1a: Palafin|96\/100\n|-resisted|p1a: Palafin\n|-damage|p1a: Palafin|91\/100\n|-resisted|p1a: Palafin\n|-crit|p1a: Palafin\n|-damage|p1a: Palafin|84\/100\n|-hitcount|p1a: Palafin|3\n|move|p2b: snail gaming|Pollen Puff|p2a: bl\u00e5haj\n|-heal|p2a: bl\u00e5haj|100\/100\n|\n|upkeep\n|turn|8\n|\n|t:|1683661743\n|move|p2a: bl\u00e5haj|Protect|p2a: bl\u00e5haj\n|-singleturn|p2a: bl\u00e5haj|Protect\n|move|p1a: Palafin|Jet Punch|p2a: bl\u00e5haj\n|-activate|p2a: bl\u00e5haj|move: Protect\n|move|p1b: Arcanine|Howl|p1b: Arcanine|[spread] p1a,p1b\n|-boost|p1a: Palafin|atk|1\n|-boost|p1b: Arcanine|atk|1\n|move|p2b: snail gaming|Leech Seed|p1b: Arcanine\n|-start|p1b: Arcanine|move: Leech Seed\n|\n|-damage|p1b: Arcanine|64\/100|[from] Leech Seed|[of] p2b: snail gaming\n|upkeep\n|turn|9\n|\n|t:|1683661762\n|move|p1a: Palafin|Jet Punch|p2a: bl\u00e5haj\n|-supereffective|p2a: bl\u00e5haj\n|-damage|p2a: bl\u00e5haj|5\/100\n|move|p1b: Arcanine|Howl|p1b: Arcanine|[spread] p1a,p1b\n|-boost|p1a: Palafin|atk|1\n|-boost|p1b: Arcanine|atk|1\n|move|p2a: bl\u00e5haj|Glaive Rush|p1a: Palafin\n|-damage|p1a: Palafin|36\/100\n|-singlemove|p2a: bl\u00e5haj|Glaive Rush|[silent]\n|move|p2b: snail gaming|Leech Seed|p1a: Palafin\n|-start|p1a: Palafin|move: Leech Seed\n|\n|-damage|p1b: Arcanine|52\/100|[from] Leech Seed|[of] p2b: snail gaming\n|-damage|p1a: Palafin|24\/100|[from] Leech Seed|[of] p2b: snail gaming\n|upkeep\n|turn|10\n|\n|t:|1683661793\n|switch|p1a: Flutter Mane|Flutter Mane, L50, tera:Fairy|18\/100\n|move|p2a: bl\u00e5haj|Protect|p2a: bl\u00e5haj\n|-singleturn|p2a: bl\u00e5haj|Protect\n|move|p1b: Arcanine|Snarl|p2a: bl\u00e5haj|[spread] p2b\n|-activate|p2a: bl\u00e5haj|move: Protect\n|-resisted|p2b: snail gaming\n|-damage|p2b: snail gaming|98\/100\n|-unboost|p2b: snail gaming|spa|1\n|move|p2b: snail gaming|Ruination|p1b: Arcanine\n|-damage|p1b: Arcanine|26\/100\n|\n|-heal|p2b: snail gaming|100\/100|[from] item: Leftovers\n|-damage|p1b: Arcanine|14\/100|[from] Leech Seed|[of] p2b: snail gaming\n|upkeep\n|turn|11\n|inactive|xiaoven has 30 seconds left.\n|\n|t:|1683661823\n|switch|p1b: Amoonguss|Amoonguss, L50, F|85\/100\n|switch|p2a: >dies|Glimmora, L50, M, shiny|100\/100\n|move|p1a: Flutter Mane|Dazzling Gleam|p2a: >dies|[spread] p2a,p2b\n|-resisted|p2a: >dies\n|-supereffective|p2b: snail gaming\n|-damage|p2a: >dies|77\/100\n|-damage|p2b: snail gaming|44\/100\n|move|p2b: snail gaming|Pollen Puff|p2a: >dies\n|-heal|p2a: >dies|100\/100\n|\n|-heal|p2b: snail gaming|50\/100|[from] item: Leftovers\n|upkeep\n|turn|12\n|\n|t:|1683661841\n|move|p2b: snail gaming|Protect|p2b: snail gaming\n|-singleturn|p2b: snail gaming|Protect\n|move|p1b: Amoonguss|Rage Powder|p1b: Amoonguss\n|-singleturn|p1b: Amoonguss|move: Rage Powder\n|move|p1a: Flutter Mane|Dazzling Gleam|p2a: >dies|[spread] p2a\n|-activate|p2b: snail gaming|move: Protect\n|-resisted|p2a: >dies\n|-damage|p2a: >dies|78\/100\n|move|p2a: >dies|Mortal Spin|p1b: Amoonguss|[spread] p1a,p1b\n|-supereffective|p1a: Flutter Mane\n|-damage|p1a: Flutter Mane|6\/100\n|-damage|p1b: Amoonguss|82\/100\n|-status|p1a: Flutter Mane|psn\n|\n|-heal|p2b: snail gaming|55\/100|[from] item: Leftovers\n|-damage|p1a: Flutter Mane|0 fnt|[from] psn\n|faint|p1a: Flutter Mane\n|-end|p1a: Flutter Mane|Protosynthesis|[silent]\n|upkeep\n|\n|t:|1683661860\n|switch|p1a: Palafin|Palafin-Hero, L50, F|24\/100\n|turn|13\n|\n|t:|1683661869\n|switch|p2b: bl\u00e5haj|Baxcalibur, L50, M, tera:Fire|5\/100\n|move|p2a: >dies|Spiky Shield|p2a: >dies\n|-singleturn|p2a: >dies|move: Protect\n|move|p1a: Palafin|Jet Punch|p2a: >dies\n|-activate|p2a: >dies|move: Protect\n|-damage|p1a: Palafin|12\/100|[from] Spiky Shield|[of] p2a: >dies\n|move|p1b: Amoonguss|Pollen Puff|p1a: Palafin\n|-heal|p1a: Palafin|61\/100\n|\n|upkeep\n|turn|14\n|\n|t:|1683661896\n|move|p1a: Palafin|Jet Punch|p2a: >dies\n|-supereffective|p2a: >dies\n|-damage|p2a: >dies|2\/100\n|-activate|p2a: >dies|ability: Toxic Debris\n|-sidestart|p1: joshissacksay|move: Toxic Spikes\n|move|p2b: bl\u00e5haj|Icicle Spear|p1b: Amoonguss\n|-supereffective|p1b: Amoonguss\n|-damage|p1b: Amoonguss|59\/100\n|-supereffective|p1b: Amoonguss\n|-damage|p1b: Amoonguss|36\/100\n|-supereffective|p1b: Amoonguss\n|-damage|p1b: Amoonguss|14\/100\n|-supereffective|p1b: Amoonguss\n|-damage|p1b: Amoonguss|0 fnt\n|faint|p1b: Amoonguss\n|-hitcount|p1: Amoonguss|4\n|move|p2a: >dies|Energy Ball|p1a: Palafin\n|-supereffective|p1a: Palafin\n|-damage|p1a: Palafin|0 fnt\n|faint|p1a: Palafin\n|\n|upkeep\n|\n|t:|1683661907\n|switch|p1b: Arcanine|Arcanine, L50, F|14\/100\n|-status|p1b: Arcanine|psn\n|-ability|p1b: Arcanine|Intimidate|boost\n|-unboost|p2a: >dies|atk|1\n|-fail|p2b: bl\u00e5haj|unboost|[from] item: Clear Amulet|[of] p2b: bl\u00e5haj\n|turn|15\n|\n|t:|1683661913\n|move|p2b: bl\u00e5haj|Protect|p2b: bl\u00e5haj\n|-singleturn|p2b: bl\u00e5haj|Protect\n|move|p2a: >dies|Spiky Shield|p2a: >dies\n|-singleturn|p2a: >dies|move: Protect\n|move|p1b: Arcanine|Snarl|p2a: >dies|[spread] \n|-activate|p2a: >dies|move: Protect\n|-activate|p2b: bl\u00e5haj|move: Protect\n|\n|-damage|p1b: Arcanine|2\/100 psn|[from] psn\n|upkeep\n|turn|16\n|\n|t:|1683661923\n|move|p1b: Arcanine|Snarl|p2a: >dies|[spread] p2a,p2b\n|-damage|p2a: >dies|0 fnt\n|-damage|p2b: bl\u00e5haj|0 fnt\n|faint|p2a: >dies\n|faint|p2b: bl\u00e5haj\n|\n|-damage|p1b: Arcanine|0 fnt|[from] psn\n|faint|p1b: Arcanine\n|\n|win|xiaoven\n|upkeep\n|raw|joshissacksay's rating: 1094 → 1074<\/strong> (-20 for losing)\n|raw|xiaoven's rating: 1150 → 1171<\/strong> (+21 for winning)\n|l|\u2606joshissacksay\n","uploadtime":1683661943,"views":20,"p1id":"joshissacksay","p2id":"xiaoven","formatid":"gen9vgc2023regulationc","rating":1074,"private":0,"password":""}