{"id":"gen9vgc2023regulationc-1855971865","p1":"Joxhann25","p2":"iNxmu","format":"[Gen 9] VGC 2023 Regulation C","log":"|j|\u2606Joxhann25\n|j|\u2606iNxmu\n|t:|1683009775\n|gametype|doubles\n|player|p1|Joxhann25|youngster-gen4dp|1055\n|player|p2|iNxmu|barry|1021\n|teamsize|p1|6\n|teamsize|p2|6\n|gen|9\n|tier|[Gen 9] VGC 2023 Regulation C\n|rated|\n|rule|Species Clause: Limit one of each Pok\u00e9mon\n|rule|Item Clause: Limit one of each item\n|clearpoke\n|poke|p1|Gholdengo, L50|\n|poke|p1|Dragonite, L50, F|\n|poke|p1|Dondozo, L50, M|\n|poke|p1|Tatsugiri, L50, F|\n|poke|p1|Amoonguss, L50, F|\n|poke|p1|Arcanine, L50, F|\n|poke|p2|Volcarona, L50, F|\n|poke|p2|Tauros-Paldea-Aqua, L50, M|\n|poke|p2|Mimikyu, L50, M|\n|poke|p2|Tyranitar, L50, M|\n|poke|p2|Kilowattrel, L50, M|\n|poke|p2|Baxcalibur, L50, M|\n|teampreview|4\n|\n|t:|1683009795\n|start\n|switch|p1a: Amoonguss|Amoonguss, L50, F|100\/100\n|switch|p1b: Gholdengo|Gholdengo, L50|100\/100\n|switch|p2a: Tyranitar|Tyranitar, L50, M, shiny|100\/100\n|switch|p2b: Kilowattrel|Kilowattrel, L50, M|100\/100\n|-weather|Sandstorm|[from] ability: Sand Stream|[of] p2a: Tyranitar\n|turn|1\n|\n|t:|1683009855\n|move|p2a: Tyranitar|Protect|p2a: Tyranitar\n|-singleturn|p2a: Tyranitar|Protect\n|move|p2b: Kilowattrel|Volt Switch|p1b: Gholdengo\n|-damage|p1b: Gholdengo|70\/100\n|\n|t:|1683009866\n|switch|p2b: Mimikyu|Mimikyu, L50, M, shiny|100\/100|[from] Volt Switch\n|move|p1b: Gholdengo|Nasty Plot|p1b: Gholdengo\n|-boost|p1b: Gholdengo|spa|2\n|move|p1a: Amoonguss|Spore|p2a: Tyranitar\n|-activate|p2a: Tyranitar|move: Protect\n|\n|-weather|Sandstorm|[upkeep]\n|-damage|p2b: Mimikyu|94\/100|[from] Sandstorm\n|-damage|p1a: Amoonguss|95\/100|[from] Sandstorm\n|upkeep\n|turn|2\n|\n|t:|1683009902\n|-terastallize|p1b: Gholdengo|Steel\n|move|p1a: Amoonguss|Protect|p1a: Amoonguss\n|-singleturn|p1a: Amoonguss|Protect\n|move|p2b: Mimikyu|Shadow Sneak|p1b: Gholdengo\n|-damage|p1b: Gholdengo|47\/100\n|move|p1b: Gholdengo|Shadow Ball|p2b: Mimikyu\n|-activate|p2b: Mimikyu|ability: Disguise\n|-damage|p2b: Mimikyu|94\/100\n|detailschange|p2b: Mimikyu|Mimikyu-Busted, L50, M, shiny\n|-damage|p2b: Mimikyu|82\/100|[from] pokemon: Mimikyu-Busted\n|move|p2a: Tyranitar|Dragon Dance|p2a: Tyranitar\n|-boost|p2a: Tyranitar|atk|1\n|-boost|p2a: Tyranitar|spe|1\n|\n|-weather|Sandstorm|[upkeep]\n|-damage|p2b: Mimikyu|76\/100|[from] Sandstorm\n|-damage|p1a: Amoonguss|89\/100|[from] Sandstorm\n|upkeep\n|turn|3\n|\n|t:|1683009927\n|switch|p1b: Dondozo|Dondozo, L50, M|100\/100\n|switch|p1a: Tatsugiri|Tatsugiri, L50, F|100\/100\n|-activate|p1a: Tatsugiri|ability: Commander|[of] p1b: Dondozo\n|-boost|p1b: Dondozo|atk|2\n|-boost|p1b: Dondozo|spa|2\n|-boost|p1b: Dondozo|spe|2\n|-boost|p1b: Dondozo|def|2\n|-boost|p1b: Dondozo|spd|2\n|move|p2b: Mimikyu|Shadow Sneak|p1b: Dondozo\n|-damage|p1b: Dondozo|97\/100\n|move|p2a: Tyranitar|Rock Slide|p1b: Dondozo|[spread] p1b\n|-miss|p2a: Tyranitar|p1a: Tatsugiri\n|-damage|p1b: Dondozo|89\/100\n|\n|-weather|Sandstorm|[upkeep]\n|-damage|p1a: Tatsugiri|95\/100|[from] Sandstorm\n|-damage|p2b: Mimikyu|70\/100|[from] Sandstorm\n|-damage|p1b: Dondozo|83\/100|[from] Sandstorm\n|-heal|p1b: Dondozo|89\/100|[from] item: Leftovers\n|upkeep\n|turn|4\n|\n|t:|1683009992\n|move|p2a: Tyranitar|Protect|p2a: Tyranitar\n|-singleturn|p2a: Tyranitar|Protect\n|move|p2b: Mimikyu|Play Rough|p1b: Dondozo\n|-damage|p1b: Dondozo|81\/100\n|move|p1b: Dondozo|Order Up|p2a: Tyranitar\n|-activate|p2a: Tyranitar|move: Protect\n|\n|-weather|Sandstorm|[upkeep]\n|-damage|p1a: Tatsugiri|89\/100|[from] Sandstorm\n|-damage|p2b: Mimikyu|63\/100|[from] Sandstorm\n|-damage|p1b: Dondozo|74\/100|[from] Sandstorm\n|-heal|p1b: Dondozo|81\/100|[from] item: Leftovers\n|upkeep\n|turn|5\n|\n|t:|1683010049\n|move|p2a: Tyranitar|Rock Slide|p1b: Dondozo|[spread] p1b\n|-miss|p2a: Tyranitar|p1a: Tatsugiri\n|-damage|p1b: Dondozo|73\/100\n|move|p2b: Mimikyu|Play Rough|p1b: Dondozo\n|-damage|p1b: Dondozo|64\/100\n|move|p1b: Dondozo|Earthquake|p2a: Tyranitar|[spread] p2a,p2b\n|-miss|p1b: Dondozo|p1a: Tatsugiri\n|-supereffective|p2a: Tyranitar\n|-damage|p2a: Tyranitar|45\/100\n|-damage|p2b: Mimikyu|14\/100\n|\n|-weather|none\n|-heal|p1b: Dondozo|70\/100|[from] item: Leftovers\n|upkeep\n|turn|6\n|\n|t:|1683010089\n|switch|p2a: Kilowattrel|Kilowattrel, L50, M|100\/100\n|move|p2b: Mimikyu|Destiny Bond|p2b: Mimikyu\n|-singlemove|p2b: Mimikyu|Destiny Bond\n|move|p1b: Dondozo|Order Up|p2b: Mimikyu\n|-immune|p2b: Mimikyu\n|\n|-heal|p1b: Dondozo|76\/100|[from] item: Leftovers\n|upkeep\n|turn|7\n|\n|t:|1683010118\n|move|p2a: Kilowattrel|Thunder Wave|p1b: Dondozo\n|-status|p1b: Dondozo|par\n|move|p2b: Mimikyu|Play Rough|p1b: Dondozo\n|-damage|p1b: Dondozo|67\/100 par\n|move|p1b: Dondozo|Order Up|p2b: Mimikyu\n|-immune|p2b: Mimikyu\n|\n|-heal|p1b: Dondozo|73\/100 par|[from] item: Leftovers\n|upkeep\n|turn|8\n|\n|t:|1683010137\n|move|p2a: Kilowattrel|Volt Switch|p1b: Dondozo\n|-supereffective|p1b: Dondozo\n|-damage|p1b: Dondozo|49\/100 par\n|\n|t:|1683010143\n|switch|p2a: Tyranitar|Tyranitar, L50, M, shiny|45\/100|[from] Volt Switch\n|-weather|Sandstorm|[from] ability: Sand Stream|[of] p2a: Tyranitar\n|move|p2b: Mimikyu|Destiny Bond|p2b: Mimikyu\n|-singlemove|p2b: Mimikyu|Destiny Bond\n|move|p1b: Dondozo|Order Up|p2b: Mimikyu\n|-immune|p2b: Mimikyu\n|\n|-weather|Sandstorm|[upkeep]\n|-damage|p1a: Tatsugiri|84\/100|[from] Sandstorm\n|-damage|p2b: Mimikyu|8\/100|[from] Sandstorm\n|-damage|p1b: Dondozo|43\/100 par|[from] Sandstorm\n|-heal|p1b: Dondozo|49\/100 par|[from] item: Leftovers\n|upkeep\n|turn|9\n|\n|t:|1683010161\n|move|p2a: Tyranitar|Protect|p2a: Tyranitar\n|-singleturn|p2a: Tyranitar|Protect\n|move|p1b: Dondozo|Protect|p1b: Dondozo\n|-singleturn|p1b: Dondozo|Protect\n|move|p2b: Mimikyu|Play Rough|p1b: Dondozo\n|-activate|p1b: Dondozo|move: Protect\n|\n|-weather|Sandstorm|[upkeep]\n|-damage|p1a: Tatsugiri|78\/100|[from] Sandstorm\n|-damage|p2b: Mimikyu|2\/100|[from] Sandstorm\n|-damage|p1b: Dondozo|43\/100 par|[from] Sandstorm\n|-heal|p1b: Dondozo|49\/100 par|[from] item: Leftovers\n|upkeep\n|turn|10\n|\n|t:|1683010188\n|move|p1b: Dondozo|Protect||[still]\n|-fail|p1b: Dondozo\n|move|p2b: Mimikyu|Destiny Bond|p2b: Mimikyu\n|-singlemove|p2b: Mimikyu|Destiny Bond\n|move|p2a: Tyranitar|Dragon Dance|p2a: Tyranitar\n|-boost|p2a: Tyranitar|atk|1\n|-boost|p2a: Tyranitar|spe|1\n|\n|-weather|Sandstorm|[upkeep]\n|-damage|p1a: Tatsugiri|73\/100|[from] Sandstorm\n|-damage|p2b: Mimikyu|0 fnt|[from] Sandstorm\n|-damage|p1b: Dondozo|43\/100 par|[from] Sandstorm\n|faint|p2b: Mimikyu\n|-heal|p1b: Dondozo|49\/100 par|[from] item: Leftovers\n|upkeep\n|\n|t:|1683010207\n|switch|p2b: Baxcalibur|Baxcalibur, L50, M|100\/100\n|turn|11\n|\n|t:|1683010218\n|-terastallize|p2b: Baxcalibur|Electric\n|move|p2a: Tyranitar|Rock Slide|p1b: Dondozo|[spread] \n|-miss|p2a: Tyranitar|p1a: Tatsugiri\n|-miss|p2a: Tyranitar|p1b: Dondozo\n|move|p2b: Baxcalibur|Tera Blast|p1b: Dondozo\n|-supereffective|p1b: Dondozo\n|-damage|p1b: Dondozo|23\/100 par\n|move|p1b: Dondozo|Earthquake|p2a: Tyranitar|[spread] p2a,p2b\n|-miss|p1b: Dondozo|p1a: Tatsugiri\n|-supereffective|p2a: Tyranitar\n|-supereffective|p2b: Baxcalibur\n|-damage|p2a: Tyranitar|0 fnt\n|-damage|p2b: Baxcalibur|37\/100\n|faint|p2a: Tyranitar\n|\n|-weather|Sandstorm|[upkeep]\n|-damage|p1a: Tatsugiri|67\/100|[from] Sandstorm\n|-damage|p2b: Baxcalibur|32\/100|[from] Sandstorm\n|-damage|p1b: Dondozo|17\/100 par|[from] Sandstorm\n|-heal|p1b: Dondozo|23\/100 par|[from] item: Leftovers\n|upkeep\n|\n|t:|1683010232\n|switch|p2a: Kilowattrel|Kilowattrel, L50, M|100\/100\n|turn|12\n|\n|t:|1683010244\n|move|p1b: Dondozo|Protect|p1b: Dondozo\n|-singleturn|p1b: Dondozo|Protect\n|move|p2a: Kilowattrel|Volt Switch|p1b: Dondozo\n|-activate|p1b: Dondozo|move: Protect\n|move|p2b: Baxcalibur|Tera Blast|p1b: Dondozo\n|-activate|p1b: Dondozo|move: Protect\n|\n|-weather|none\n|-heal|p1b: Dondozo|30\/100 par|[from] item: Leftovers\n|upkeep\n|turn|13\n|\n|t:|1683010265\n|move|p2a: Kilowattrel|Volt Switch|p1b: Dondozo\n|-supereffective|p1b: Dondozo\n|-damage|p1b: Dondozo|6\/100 par\n|move|p2b: Baxcalibur|Tera Blast|p1b: Dondozo\n|-supereffective|p1b: Dondozo\n|-damage|p1b: Dondozo|0 fnt\n|faint|p1b: Dondozo\n|\n|upkeep\n|\n|t:|1683010277\n|switch|p1b: Amoonguss|Amoonguss, L50, F|100\/100\n|turn|14\n|\n|t:|1683010331\n|move|p2a: Kilowattrel|Brave Bird|p1b: Amoonguss\n|-supereffective|p1b: Amoonguss\n|-damage|p1b: Amoonguss|30\/100\n|-enditem|p1b: Amoonguss|Sitrus Berry|[eat]\n|-heal|p1b: Amoonguss|55\/100|[from] item: Sitrus Berry\n|-damage|p2a: Kilowattrel|72\/100|[from] Recoil\n|move|p1a: Tatsugiri|Draco Meteor|p2b: Baxcalibur\n|-damage|p2b: Baxcalibur|0 fnt\n|-unboost|p1a: Tatsugiri|spa|2\n|faint|p2b: Baxcalibur\n|move|p1b: Amoonguss|Spore|p2a: Kilowattrel\n|-status|p2a: Kilowattrel|slp|[from] move: Spore\n|\n|upkeep\n|turn|15\n|\n|t:|1683010368\n|switch|p1b: Gholdengo|Gholdengo, L50, tera:Steel|47\/100\n|cant|p2a: Kilowattrel|slp\n|move|p1a: Tatsugiri|Muddy Water|p2a: Kilowattrel\n|-damage|p2a: Kilowattrel|38\/100 slp\n|\n|upkeep\n|turn|16\n|\n|t:|1683010386\n|cant|p2a: Kilowattrel|slp\n|move|p1b: Gholdengo|Shadow Ball|p2a: Kilowattrel\n|-damage|p2a: Kilowattrel|0 fnt\n|faint|p2a: Kilowattrel\n|\n|win|Joxhann25\n|raw|Joxhann25's rating: 1055 → 1084<\/strong> (+29 for winning)\n|raw|iNxmu's rating: 1021 → 1009<\/strong> (-12 for losing)\n|l|\u2606iNxmu\n","uploadtime":1683010401,"views":20,"p1id":"joxhann25","p2id":"inxmu","formatid":"gen9vgc2023regulationc","rating":1009,"private":0,"password":""}