{"id":"gen9vgc2023regulationc-1856495248","p1":"FlockOfDeagles","p2":"big fat titolees","format":"[Gen 9] VGC 2023 Regulation C","log":"|j|\u2606FlockOfDeagles\n|j|\u2606big fat titolees\n|t:|1683067954\n|gametype|doubles\n|player|p1|FlockOfDeagles|chuck|1142\n|player|p2|big fat titolees|bianca|1088\n|teamsize|p1|6\n|teamsize|p2|6\n|gen|9\n|tier|[Gen 9] VGC 2023 Regulation C\n|rated|\n|rule|Species Clause: Limit one of each Pok\u00e9mon\n|rule|Item Clause: Limit one of each item\n|clearpoke\n|poke|p1|Abomasnow, L50, F|\n|poke|p1|Iron Bundle, L50|\n|poke|p1|Chi-Yu, L50|\n|poke|p1|Flutter Mane, L50|\n|poke|p1|Gyarados, L50, M|\n|poke|p1|Garchomp, L50, M|\n|poke|p2|Persian, L50, F|\n|poke|p2|Iron Bundle, L50|\n|poke|p2|Sandy Shocks, L50|\n|poke|p2|Toxicroak, L50, F|\n|poke|p2|Pelipper, L50, M|\n|poke|p2|Stonjourner, L50, M|\n|teampreview|4\n|inactive|Battle timer is ON: inactive players will automatically lose when time's up. (requested by FlockOfDeagles)\n|inactive|FlockOfDeagles has 60 seconds left.\n|inactive|big fat titolees has 60 seconds left.\n|\n|t:|1683067992\n|start\n|switch|p1a: Flutter Mane|Flutter Mane, L50|100\/100\n|switch|p1b: Got In My Eyes|Chi-Yu, L50|100\/100\n|switch|p2a: Persian|Persian, L50, F|100\/100\n|switch|p2b: Sandy Shocks|Sandy Shocks, L50|100\/100\n|-ability|p2a: Persian|Unnerve\n|-ability|p1b: Got In My Eyes|Beads of Ruin\n|-enditem|p2b: Sandy Shocks|Booster Energy\n|-activate|p2b: Sandy Shocks|ability: Protosynthesis|[fromitem]\n|-start|p2b: Sandy Shocks|protosynthesisspe\n|turn|1\n|inactive|FlockOfDeagles has 30 seconds left.\n|inactive|FlockOfDeagles has 20 seconds left.\n|inactive|FlockOfDeagles has 15 seconds left.\n|\n|t:|1683068034\n|move|p2b: Sandy Shocks|Gravity|p2b: Sandy Shocks\n|-fieldstart|move: Gravity\n|move|p1b: Got In My Eyes|Dark Pulse|p2b: Sandy Shocks\n|-damage|p2b: Sandy Shocks|35\/100\n|move|p2a: Persian|Hypnosis|p1b: Got In My Eyes\n|-status|p1b: Got In My Eyes|slp|[from] move: Hypnosis\n|move|p1a: Flutter Mane|Dazzling Gleam|p2b: Sandy Shocks|[spread] p2a,p2b\n|-enditem|p2a: Persian|Focus Sash\n|-damage|p2a: Persian|1\/100\n|-damage|p2b: Sandy Shocks|0 fnt\n|faint|p2b: Sandy Shocks\n|-end|p2b: Sandy Shocks|Protosynthesis|[silent]\n|\n|upkeep\n|\n|t:|1683068046\n|switch|p2b: Iron Bundle|Iron Bundle, L50|100\/100\n|turn|2\n|\n|t:|1683068071\n|switch|p1b: OlBamaSnowden|Abomasnow, L50, F|100\/100\n|-weather|Snow|[from] ability: Snow Warning|[of] p1b: OlBamaSnowden\n|-terastallize|p2b: Iron Bundle|Ice\n|move|p2b: Iron Bundle|Blizzard|p1b: OlBamaSnowden|[spread] p1a,p1b\n|-damage|p1a: Flutter Mane|26\/100\n|-damage|p1b: OlBamaSnowden|9\/100\n|move|p2a: Persian|Hypnosis|p1a: Flutter Mane\n|-status|p1a: Flutter Mane|slp|[from] move: Hypnosis\n|cant|p1a: Flutter Mane|slp\n|\n|-weather|Snow|[upkeep]\n|upkeep\n|turn|3\n|\n|t:|1683068092\n|move|p1b: OlBamaSnowden|Ice Shard|p2a: Persian\n|-damage|p2a: Persian|0 fnt\n|faint|p2a: Persian\n|-damage|p1b: OlBamaSnowden|0 fnt|[from] item: Life Orb\n|faint|p1b: OlBamaSnowden\n|move|p2b: Iron Bundle|Blizzard|p1a: Flutter Mane\n|-damage|p1a: Flutter Mane|0 fnt\n|faint|p1a: Flutter Mane\n|-end|p1a: Flutter Mane|Protosynthesis|[silent]\n|\n|-weather|Snow|[upkeep]\n|upkeep\n|\n|t:|1683068104\n|switch|p2a: Pelipper|Pelipper, L50, M|100\/100\n|switch|p1a: MyBallsCold|Iron Bundle, L50|100\/100\n|switch|p1b: Got In My Eyes|Chi-Yu, L50|100\/100 slp\n|-ability|p1b: Got In My Eyes|Beads of Ruin\n|-weather|RainDance|[from] ability: Drizzle|[of] p2a: Pelipper\n|-enditem|p1a: MyBallsCold|Booster Energy\n|-activate|p1a: MyBallsCold|ability: Quark Drive|[fromitem]\n|-start|p1a: MyBallsCold|quarkdrivespe\n|turn|4\n|inactive|FlockOfDeagles has 30 seconds left.\n|\n|t:|1683068139\n|-terastallize|p1a: MyBallsCold|Ice\n|move|p2a: Pelipper|Wide Guard|p2a: Pelipper\n|-singleturn|p2a: Pelipper|Wide Guard\n|move|p1a: MyBallsCold|Blizzard|p2b: Iron Bundle|[spread] \n|-activate|p2a: Pelipper|move: Wide Guard\n|-activate|p2b: Iron Bundle|move: Wide Guard\n|cant|p1b: Got In My Eyes|slp\n|move|p2b: Iron Bundle|Blizzard|p1b: Got In My Eyes|[spread] p1a,p1b\n|-resisted|p1a: MyBallsCold\n|-resisted|p1b: Got In My Eyes\n|-damage|p1a: MyBallsCold|0 fnt\n|-damage|p1b: Got In My Eyes|57\/100 slp\n|faint|p1a: MyBallsCold\n|-end|p1a: MyBallsCold|Quark Drive|[silent]\n|\n|-weather|RainDance|[upkeep]\n|upkeep\n|turn|5\n|inactive|FlockOfDeagles has 30 seconds left.\n|-message|FlockOfDeagles forfeited.\n|\n|win|big fat titolees\n|raw|FlockOfDeagles's rating: 1142 → 1113<\/strong> (-29 for losing)\n|raw|big fat titolees's rating: 1088 → 1119<\/strong> (+31 for winning)\n","uploadtime":1683068172,"views":10,"p1id":"flockofdeagles","p2id":"bigfattitolees","formatid":"gen9vgc2023regulationc","rating":1113,"private":0,"password":""}