{"id":"gen9vgc2023regulationc-1858638445","p1":"Turnips-suck","p2":"FinalGambitVGC","format":"[Gen 9] VGC 2023 Regulation C","log":"|j|\u2606Turnips-suck\n|j|\u2606FinalGambitVGC\n|t:|1683335747\n|gametype|doubles\n|player|p1|Turnips-suck|elesa|\n|player|p2|FinalGambitVGC|cynthia-masters|\n|teamsize|p1|6\n|teamsize|p2|6\n|gen|9\n|tier|[Gen 9] VGC 2023 Regulation C\n|rule|Species Clause: Limit one of each Pok\u00e9mon\n|rule|Item Clause: Limit one of each item\n|clearpoke\n|poke|p1|Flutter Mane, L50|\n|poke|p1|Ting-Lu, L50|\n|poke|p1|Tauros-Paldea-Blaze, L50, M|\n|poke|p1|Gyarados, L50, M|\n|poke|p1|Pachirisu, L50, M|\n|poke|p1|Rabsca, L50, M|\n|poke|p2|Iron Valiant, L50|\n|poke|p2|Ceruledge, L50, M|\n|poke|p2|Mabosstiff, L50, F|\n|poke|p2|Amoonguss, L50, F|\n|poke|p2|Slither Wing, L50|\n|poke|p2|Misdreavus, L50, M|\n|teampreview|4\n|inactive|Battle timer is ON: inactive players will automatically lose when time's up. (requested by Turnips-suck)\n|inactiveoff|Battle timer is now OFF.\n|c|\u2606Turnips-suck|glhf 2\n|c|\u2606FinalGambitVGC|gl\n|j| GIANT OSHAWOTT\n|\n|t:|1683335828\n|start\n|switch|p1a: Champ|Pachirisu, L50, M|100\/100\n|switch|p1b: Shrimp Fried Rice|Gyarados, L50, M, shiny|100\/100\n|switch|p2a: Iron Valiant|Iron Valiant, L50|100\/100\n|switch|p2b: Mabosstiff|Mabosstiff, L50, F|100\/100\n|-ability|p2b: Mabosstiff|Intimidate|boost\n|-unboost|p1a: Champ|atk|1\n|-unboost|p1b: Shrimp Fried Rice|atk|1\n|-enditem|p2a: Iron Valiant|Booster Energy\n|-activate|p2a: Iron Valiant|ability: Quark Drive|[fromitem]\n|-start|p2a: Iron Valiant|quarkdriveatk\n|turn|1\n|\n|t:|1683335858\n|move|p2a: Iron Valiant|Protect|p2a: Iron Valiant\n|-singleturn|p2a: Iron Valiant|Protect\n|move|p1a: Champ|Follow Me|p1a: Champ\n|-singleturn|p1a: Champ|move: Follow Me\n|move|p1b: Shrimp Fried Rice|Dragon Dance|p1b: Shrimp Fried Rice\n|-boost|p1b: Shrimp Fried Rice|atk|1\n|-boost|p1b: Shrimp Fried Rice|spe|1\n|move|p2b: Mabosstiff|Play Rough|p1a: Champ\n|-crit|p1a: Champ\n|-damage|p1a: Champ|63\/100\n|\n|upkeep\n|turn|2\n|\n|t:|1683335904\n|-terastallize|p1b: Shrimp Fried Rice|Flying\n|move|p1a: Champ|Follow Me|p1a: Champ\n|-singleturn|p1a: Champ|move: Follow Me\n|move|p1b: Shrimp Fried Rice|Tera Blast|p2a: Iron Valiant\n|-supereffective|p2a: Iron Valiant\n|-damage|p2a: Iron Valiant|0 fnt\n|faint|p2a: Iron Valiant\n|-end|p2a: Iron Valiant|Quark Drive|[silent]\n|-ability|p1b: Shrimp Fried Rice|Moxie|boost\n|-boost|p1b: Shrimp Fried Rice|atk|1\n|move|p2b: Mabosstiff|Play Rough|p1a: Champ\n|-damage|p1a: Champ|38\/100\n|-enditem|p1a: Champ|Sitrus Berry|[eat]\n|-heal|p1a: Champ|62\/100|[from] item: Sitrus Berry\n|\n|upkeep\n|\n|t:|1683335917\n|switch|p2a: Slither Wing|Slither Wing, L50|100\/100\n|turn|3\n|\n|t:|1683335933\n|move|p2a: Slither Wing|Protect|p2a: Slither Wing\n|-singleturn|p2a: Slither Wing|Protect\n|move|p1a: Champ|Follow Me|p1a: Champ\n|-singleturn|p1a: Champ|move: Follow Me\n|move|p1b: Shrimp Fried Rice|Waterfall|p2a: Slither Wing\n|-activate|p2a: Slither Wing|move: Protect\n|move|p2b: Mabosstiff|Comeuppance||[still]\n|-fail|p2b: Mabosstiff\n|\n|upkeep\n|turn|4\n|\n|t:|1683335966\n|move|p1a: Champ|Follow Me|p1a: Champ\n|-singleturn|p1a: Champ|move: Follow Me\n|move|p1b: Shrimp Fried Rice|Tera Blast|p2a: Slither Wing\n|-supereffective|p2a: Slither Wing\n|-damage|p2a: Slither Wing|0 fnt\n|faint|p2a: Slither Wing\n|-end|p2a: Slither Wing|Protosynthesis|[silent]\n|-ability|p1b: Shrimp Fried Rice|Moxie|boost\n|-boost|p1b: Shrimp Fried Rice|atk|1\n|move|p2b: Mabosstiff|Comeuppance||[still]\n|-fail|p2b: Mabosstiff\n|\n|upkeep\n|\n|t:|1683335972\n|switch|p2a: Ceruledge|Ceruledge, L50, M|100\/100\n|turn|5\n|\n|t:|1683335984\n|move|p1a: Champ|Follow Me|p1a: Champ\n|-singleturn|p1a: Champ|move: Follow Me\n|move|p1b: Shrimp Fried Rice|Waterfall|p2a: Ceruledge\n|-supereffective|p2a: Ceruledge\n|-damage|p2a: Ceruledge|0 fnt\n|faint|p2a: Ceruledge\n|-ability|p1b: Shrimp Fried Rice|Moxie|boost\n|-boost|p1b: Shrimp Fried Rice|atk|1\n|move|p2b: Mabosstiff|Thunder Fang|p1a: Champ\n|-heal|p1a: Champ|87\/100|[from] ability: Volt Absorb|[of] p2b: Mabosstiff\n|\n|upkeep\n|turn|6\n|\n|t:|1683335991\n|move|p1a: Champ|Helping Hand|p1b: Shrimp Fried Rice\n|-singleturn|p1b: Shrimp Fried Rice|Helping Hand|[of] p1a: Champ\n|move|p1b: Shrimp Fried Rice|Waterfall|p2b: Mabosstiff\n|-damage|p2b: Mabosstiff|0 fnt\n|faint|p2b: Mabosstiff\n|\n|win|Turnips-suck\n|c|\u2606Turnips-suck|gg\n","uploadtime":1683335998,"views":11,"p1id":"turnipssuck","p2id":"finalgambitvgc","formatid":"gen9vgc2023regulationc","rating":0,"private":0,"password":""}