{"id":"gen9vgc2023regulationc-1854845252","p1":"sayf1010","p2":"SGT_Kalimba","format":"[Gen 9] VGC 2023 Regulation C","log":"|j|\u2606sayf1010\n|j|\u2606SGT_Kalimba\n|t:|1682872663\n|gametype|doubles\n|player|p1|sayf1010|266|1404\n|player|p2|SGT_Kalimba|maid|1465\n|teamsize|p1|6\n|teamsize|p2|6\n|gen|9\n|tier|[Gen 9] VGC 2023 Regulation C\n|rated|\n|rule|Species Clause: Limit one of each Pok\u00e9mon\n|rule|Item Clause: Limit one of each item\n|clearpoke\n|poke|p1|Gholdengo, L50|\n|poke|p1|Wo-Chien, L50|\n|poke|p1|Iron Bundle, L50|\n|poke|p1|Glimmora, L50, F|\n|poke|p1|Dondozo, L50, M|\n|poke|p1|Tatsugiri-Droopy, L50, M|\n|poke|p2|Torkoal, L50, F|\n|poke|p2|Indeedee-F, L50, F|\n|poke|p2|Kingambit, L50, M|\n|poke|p2|Armarouge, L50, F|\n|poke|p2|Iron Hands, L50|\n|poke|p2|Houndstone, L50, F|\n|teampreview|4\n|inactive|Battle timer is ON: inactive players will automatically lose when time's up. (requested by SGT_Kalimba)\n|\n|t:|1682872681\n|start\n|switch|p1a: Wo-Chien|Wo-Chien, L50|100\/100\n|switch|p1b: Glimmora|Glimmora, L50, F|100\/100\n|switch|p2a: Indeedee|Indeedee-F, L50, F|100\/100\n|switch|p2b: Armarouge|Armarouge, L50, F|100\/100\n|-fieldstart|move: Psychic Terrain|[from] ability: Psychic Surge|[of] p2a: Indeedee\n|-ability|p1a: Wo-Chien|Tablets of Ruin\n|turn|1\n|\n|t:|1682872690\n|move|p1b: Glimmora|Mortal Spin|p2a: Indeedee|[spread] p2a,p2b\n|-damage|p2a: Indeedee|95\/100\n|-damage|p2b: Armarouge|97\/100\n|-status|p2a: Indeedee|psn\n|-status|p2b: Armarouge|psn\n|move|p2a: Indeedee|Psychic|p1b: Glimmora\n|-supereffective|p1b: Glimmora\n|-damage|p1b: Glimmora|46\/100\n|move|p1a: Wo-Chien|Leech Seed|p2a: Indeedee\n|-start|p2a: Indeedee|move: Leech Seed\n|move|p2b: Armarouge|Trick Room|p2b: Armarouge\n|-fieldstart|move: Trick Room|[of] p2b: Armarouge\n|\n|-damage|p2a: Indeedee|82\/100 psn|[from] Leech Seed|[of] p1a: Wo-Chien\n|-damage|p2b: Armarouge|84\/100 psn|[from] psn\n|-damage|p2a: Indeedee|70\/100 psn|[from] psn\n|upkeep\n|turn|2\n|inactive|sayf1010 has 30 seconds left.\n|\n|t:|1682872725\n|switch|p2a: Torkoal|Torkoal, L50, F|100\/100\n|-weather|SunnyDay|[from] ability: Drought|[of] p2a: Torkoal\n|-terastallize|p1a: Wo-Chien|Poison\n|move|p2b: Armarouge|Armor Cannon|p1a: Wo-Chien\n|-damage|p1a: Wo-Chien|37\/100\n|-unboost|p2b: Armarouge|def|1\n|-unboost|p2b: Armarouge|spd|1\n|move|p1a: Wo-Chien|Pollen Puff|p1b: Glimmora\n|-heal|p1b: Glimmora|95\/100\n|move|p1b: Glimmora|Venoshock|p2b: Armarouge\n|-damage|p2b: Armarouge|0 fnt\n|faint|p2b: Armarouge\n|\n|-weather|SunnyDay|[upkeep]\n|-heal|p1a: Wo-Chien|44\/100|[from] item: Leftovers\n|upkeep\n|\n|t:|1682872731\n|switch|p2b: Indeedee|Indeedee-F, L50, F|70\/100 psn\n|turn|3\n|\n|t:|1682872746\n|move|p1a: Wo-Chien|Protect|p1a: Wo-Chien\n|-singleturn|p1a: Wo-Chien|Protect\n|move|p2a: Torkoal|Eruption|p1b: Glimmora|[spread] p1b\n|-activate|p1a: Wo-Chien|move: Protect\n|-resisted|p1b: Glimmora\n|-damage|p1b: Glimmora|54\/100\n|move|p2b: Indeedee|Psychic|p1b: Glimmora\n|-supereffective|p1b: Glimmora\n|-damage|p1b: Glimmora|0 fnt\n|faint|p1b: Glimmora\n|\n|-weather|SunnyDay|[upkeep]\n|-heal|p1a: Wo-Chien|50\/100|[from] item: Leftovers\n|-damage|p2b: Indeedee|57\/100 psn|[from] psn\n|upkeep\n|\n|t:|1682872755\n|switch|p1b: Dondozo|Dondozo, L50, M, shiny|100\/100\n|turn|4\n|\n|t:|1682872763\n|switch|p1a: Tatsugiri|Tatsugiri-Droopy, L50, M|100\/100\n|-activate|p1a: Tatsugiri|ability: Commander|[of] p1b: Dondozo\n|-boost|p1b: Dondozo|atk|2\n|-boost|p1b: Dondozo|spa|2\n|-boost|p1b: Dondozo|spe|2\n|-boost|p1b: Dondozo|def|2\n|-boost|p1b: Dondozo|spd|2\n|move|p2b: Indeedee|Helping Hand|p2a: Torkoal\n|-singleturn|p2a: Torkoal|Helping Hand|[of] p2b: Indeedee\n|move|p2a: Torkoal|Eruption|p1a: Tatsugiri|[spread] p1b\n|-miss|p2a: Torkoal|p1a: Tatsugiri\n|-resisted|p1b: Dondozo\n|-damage|p1b: Dondozo|62\/100\n|move|p1b: Dondozo|Earthquake|p2b: Indeedee|[spread] p2a,p2b\n|-miss|p1b: Dondozo|p1a: Tatsugiri\n|-supereffective|p2a: Torkoal\n|-damage|p2a: Torkoal|15\/100\n|-damage|p2b: Indeedee|0 fnt\n|faint|p2b: Indeedee\n|-damage|p1b: Dondozo|52\/100|[from] item: Life Orb\n|\n|-weather|SunnyDay|[upkeep]\n|upkeep\n|\n|t:|1682872766\n|switch|p2b: Houndstone|Houndstone, L50, F|100\/100\n|turn|5\n|\n|t:|1682872789\n|-terastallize|p2b: Houndstone|Ghost\n|move|p2a: Torkoal|Eruption|p1b: Dondozo|[spread] p1b\n|-miss|p2a: Torkoal|p1a: Tatsugiri\n|-resisted|p1b: Dondozo\n|-crit|p1b: Dondozo\n|-damage|p1b: Dondozo|41\/100\n|move|p2b: Houndstone|Last Respects|p1b: Dondozo\n|-damage|p1b: Dondozo|0 fnt\n|faint|p1b: Dondozo\n|\n|-weather|SunnyDay|[upkeep]\n|-fieldend|move: Trick Room\n|upkeep\n|\n|t:|1682872798\n|switch|p1b: Wo-Chien|Wo-Chien, L50, tera:Poison|50\/100\n|-ability|p1b: Wo-Chien|Tablets of Ruin\n|turn|6\n|\n|t:|1682872805\n|move|p1a: Tatsugiri|Muddy Water|p2a: Torkoal|[spread] p2a,p2b\n|-supereffective|p2a: Torkoal\n|-damage|p2a: Torkoal|0 fnt\n|-damage|p2b: Houndstone|83\/100\n|faint|p2a: Torkoal\n|move|p1b: Wo-Chien|Leech Seed|p2b: Houndstone\n|-start|p2b: Houndstone|move: Leech Seed\n|move|p2b: Houndstone|Last Respects|p1a: Tatsugiri\n|-damage|p1a: Tatsugiri|0 fnt\n|faint|p1a: Tatsugiri\n|\n|-weather|none\n|-heal|p1b: Wo-Chien|56\/100|[from] item: Leftovers\n|-damage|p2b: Houndstone|71\/100|[from] Leech Seed|[of] p1b: Wo-Chien\n|-heal|p1b: Wo-Chien|68\/100|[silent]\n|upkeep\n|turn|7\n|\n|t:|1682872817\n|move|p1b: Wo-Chien|Protect|p1b: Wo-Chien\n|-singleturn|p1b: Wo-Chien|Protect\n|move|p2b: Houndstone|Last Respects|p1b: Wo-Chien\n|-activate|p1b: Wo-Chien|move: Protect\n|\n|-heal|p1b: Wo-Chien|74\/100|[from] item: Leftovers\n|-damage|p2b: Houndstone|59\/100|[from] Leech Seed|[of] p1b: Wo-Chien\n|-heal|p1b: Wo-Chien|85\/100|[silent]\n|upkeep\n|turn|8\n|\n|t:|1682872821\n|move|p1b: Wo-Chien|Foul Play|p2b: Houndstone\n|-supereffective|p2b: Houndstone\n|-damage|p2b: Houndstone|16\/100\n|move|p2b: Houndstone|Last Respects|p1b: Wo-Chien\n|-damage|p1b: Wo-Chien|0 fnt\n|faint|p1b: Wo-Chien\n|\n|win|SGT_Kalimba\n|raw|sayf1010's rating: 1404 → 1387<\/strong> (-17 for losing)\n|raw|SGT_Kalimba's rating: 1465 → 1482<\/strong> (+17 for winning)\n|c|\u2606SGT_Kalimba|gg\n","uploadtime":1682872856,"views":9,"p1id":"sayf1010","p2id":"sgtkalimba","formatid":"gen9vgc2023regulationc","rating":1387,"private":0,"password":""}