{"id":"gen9vgc2023regulationc-1855251607","p1":"starklar","p2":"ExcelSheet","format":"[Gen 9] VGC 2023 Regulation C","log":"|j|\u2606starklar\n|j|\u2606ExcelSheet\n|t:|1682923164\n|gametype|doubles\n|player|p1|starklar|ethan|1165\n|player|p2|ExcelSheet|hilbert-wonderlauncher|1125\n|teamsize|p1|6\n|teamsize|p2|6\n|gen|9\n|tier|[Gen 9] VGC 2023 Regulation C\n|rated|\n|rule|Species Clause: Limit one of each Pok\u00e9mon\n|rule|Item Clause: Limit one of each item\n|clearpoke\n|poke|p1|Sableye, L50, F|\n|poke|p1|Gholdengo, L50|\n|poke|p1|Gastrodon, L50, M|\n|poke|p1|Talonflame, L50, F|\n|poke|p1|Gallade, L50, M|\n|poke|p1|Garchomp, L50, M|\n|poke|p2|Flutter Mane, L50|\n|poke|p2|Great Tusk, L50|\n|poke|p2|Scizor, L50, F|\n|poke|p2|Corviknight, L50, F|\n|poke|p2|Chi-Yu, L50|\n|poke|p2|Iron Bundle, L50|\n|teampreview|4\n|inactive|Battle timer is ON: inactive players will automatically lose when time's up. (requested by ExcelSheet)\nExcelSheet has agreed to open team sheets.\nstarklar has agreed to open team sheets.\n|inactive|starklar has 60 seconds left.\n|inactive|ExcelSheet has 60 seconds left.\n|j| Rhy420\n|l| Rhy420\n|inactive|ExcelSheet has 30 seconds left.\n|inactive|ExcelSheet has 20 seconds left.\n|\n|t:|1682923237\n|start\n|switch|p1a: Captain|Talonflame, L50, F|100\/100\n|switch|p1b: Apex|Garchomp, L50, M|100\/100\n|switch|p2a: Corviknight|Corviknight, L50, F, shiny|100\/100\n|switch|p2b: Great Tusk|Great Tusk, L50, shiny|100\/100\n|turn|1\n|\n|t:|1682923261\n|move|p1a: Captain|Tailwind|p1a: Captain\n|-sidestart|p1: starklar|move: Tailwind\n|move|p1b: Apex|Earthquake|p2a: Corviknight|[spread] p2b\n|-immune|p1a: Captain\n|-immune|p2a: Corviknight\n|-damage|p2b: Great Tusk|70\/100\n|move|p2b: Great Tusk|Headlong Rush|p1b: Apex\n|-damage|p1b: Apex|36\/100\n|-unboost|p2b: Great Tusk|def|1\n|-unboost|p2b: Great Tusk|spd|1\n|-damage|p2b: Great Tusk|58\/100|[from] ability: Rough Skin|[of] p1b: Apex\n|move|p2a: Corviknight|Tailwind|p2a: Corviknight\n|-sidestart|p2: ExcelSheet|move: Tailwind\n|\n|upkeep\n|turn|2\n|\n|t:|1682923279\n|move|p1b: Apex|Protect|p1b: Apex\n|-singleturn|p1b: Apex|Protect\n|move|p2b: Great Tusk|Protect|p2b: Great Tusk\n|-singleturn|p2b: Great Tusk|Protect\n|move|p1a: Captain|Brave Bird|p2b: Great Tusk\n|-activate|p2b: Great Tusk|move: Protect\n|move|p2a: Corviknight|Brave Bird|p1b: Apex\n|-activate|p1b: Apex|move: Protect\n|\n|upkeep\n|turn|3\n|\n|t:|1682923303\n|-end|p2b: Great Tusk|Protosynthesis|[silent]\n|switch|p2b: Iron Bundle|Iron Bundle, L50, shiny|100\/100\n|-enditem|p2b: Iron Bundle|Booster Energy\n|-activate|p2b: Iron Bundle|ability: Quark Drive|[fromitem]\n|-start|p2b: Iron Bundle|quarkdrivespe\n|move|p1a: Captain|Brave Bird|p2b: Iron Bundle\n|-damage|p2b: Iron Bundle|29\/100\n|-damage|p1a: Captain|80\/100|[from] Recoil\n|move|p1b: Apex|Rock Slide|p2b: Iron Bundle|[spread] p2a,p2b\n|-crit|p2a: Corviknight\n|-supereffective|p2b: Iron Bundle\n|-damage|p2a: Corviknight|83\/100\n|-damage|p2b: Iron Bundle|0 fnt\n|faint|p2b: Iron Bundle\n|-end|p2b: Iron Bundle|Quark Drive|[silent]\n|move|p2a: Corviknight|Brave Bird|p1b: Apex\n|-damage|p1b: Apex|0 fnt\n|-damage|p2a: Corviknight|71\/100|[from] ability: Rough Skin|[of] p1b: Apex\n|faint|p1b: Apex\n|-damage|p2a: Corviknight|61\/100|[from] Recoil\n|\n|upkeep\n|\n|t:|1682923324\n|switch|p2b: Flutter Mane|Flutter Mane, L50, shiny|100\/100\n|switch|p1b: Golden Boy|Gholdengo, L50|100\/100\n|turn|4\n|\n|t:|1682923344\n|move|p2b: Flutter Mane|Protect|p2b: Flutter Mane\n|-singleturn|p2b: Flutter Mane|Protect\n|move|p1a: Captain|Protect|p1a: Captain\n|-singleturn|p1a: Captain|Protect\n|move|p1b: Golden Boy|Protect|p1b: Golden Boy\n|-singleturn|p1b: Golden Boy|Protect\n|move|p2a: Corviknight|Brave Bird|p1a: Captain\n|-activate|p1a: Captain|move: Protect\n|\n|-sideend|p1: starklar|move: Tailwind\n|-sideend|p2: ExcelSheet|move: Tailwind\n|upkeep\n|turn|5\n|\n|t:|1682923364\n|move|p2b: Flutter Mane|Shadow Ball|p1b: Golden Boy\n|-supereffective|p1b: Golden Boy\n|-enditem|p1b: Golden Boy|Focus Sash\n|-damage|p1b: Golden Boy|1\/100\n|-damage|p2b: Flutter Mane|91\/100|[from] item: Life Orb\n|move|p1a: Captain|Tailwind|p1a: Captain\n|-sidestart|p1: starklar|move: Tailwind\n|move|p1b: Golden Boy|Shadow Ball|p2b: Flutter Mane\n|-supereffective|p2b: Flutter Mane\n|-damage|p2b: Flutter Mane|12\/100\n|move|p2a: Corviknight|Brave Bird|p1b: Golden Boy\n|-resisted|p1b: Golden Boy\n|-damage|p1b: Golden Boy|0 fnt\n|faint|p1b: Golden Boy\n|-damage|p2a: Corviknight|60\/100|[from] Recoil\n|\n|upkeep\n|\n|t:|1682923374\n|switch|p1b: Vergil|Gallade, L50, M|100\/100\n|turn|6\n|\n|t:|1682923389\n|move|p2b: Flutter Mane|Protect|p2b: Flutter Mane\n|-singleturn|p2b: Flutter Mane|Protect\n|move|p1a: Captain|Brave Bird|p2b: Flutter Mane\n|-activate|p2b: Flutter Mane|move: Protect\n|move|p1b: Vergil|Sacred Sword|p2a: Corviknight\n|-damage|p2a: Corviknight|9\/100\n|-enditem|p2a: Corviknight|Sitrus Berry|[eat]\n|-heal|p2a: Corviknight|34\/100|[from] item: Sitrus Berry\n|-damage|p1b: Vergil|91\/100|[from] item: Life Orb\n|move|p2a: Corviknight|Tailwind|p2a: Corviknight\n|-sidestart|p2: ExcelSheet|move: Tailwind\n|\n|upkeep\n|turn|7\n|inactive|ExcelSheet has 30 seconds left.\n|inactive|ExcelSheet has 20 seconds left.\n|inactive|ExcelSheet has 15 seconds left.\n|\n|t:|1682923430\n|move|p1b: Vergil|Protect|p1b: Vergil\n|-singleturn|p1b: Vergil|Protect\n|move|p2b: Flutter Mane|Shadow Ball|p1a: Captain\n|-damage|p1a: Captain|0 fnt\n|faint|p1a: Captain\n|-damage|p2b: Flutter Mane|3\/100|[from] item: Life Orb\n|move|p2a: Corviknight|Brave Bird|p1b: Vergil\n|-activate|p1b: Vergil|move: Protect\n|\n|upkeep\n|turn|8\n|\n|t:|1682923447\n|-terastallize|p1b: Vergil|Normal\n|move|p1b: Vergil|Shadow Sneak|p2a: Corviknight\n|-damage|p2a: Corviknight|23\/100\n|-damage|p1b: Vergil|81\/100|[from] item: Life Orb\n|move|p2b: Flutter Mane|Moonblast|p1b: Vergil\n|-damage|p1b: Vergil|12\/100\n|-damage|p2b: Flutter Mane|0 fnt|[from] item: Life Orb\n|faint|p2b: Flutter Mane\n|-end|p2b: Flutter Mane|Protosynthesis|[silent]\n|move|p2a: Corviknight|Brave Bird|p1b: Vergil\n|-damage|p1b: Vergil|0 fnt\n|faint|p1b: Vergil\n|-damage|p2a: Corviknight|20\/100|[from] Recoil\n|\n|win|ExcelSheet\n|raw|starklar's rating: 1165 → 1137<\/strong> (-28 for losing)\n|raw|ExcelSheet's rating: 1125 → 1153<\/strong> (+28 for winning)\n|c|\u2606starklar|GG.\n|l|\u2606starklar\n","uploadtime":1682923462,"views":23,"p1id":"starklar","p2id":"excelsheet","formatid":"gen9vgc2023regulationc","rating":1137,"private":0,"password":""}