{"id":"gen9vgc2023regulationc-1855533660","p1":"genericname3333","p2":"BrianJortVGC","format":"[Gen 9] VGC 2023 Regulation C","log":"|j|\u2606genericname3333\n|j|\u2606BrianJortVGC\n|t:|1682959846\n|gametype|doubles\n|player|p1|genericname3333|whitney|\n|player|p2|BrianJortVGC|fennel|\n|teamsize|p1|6\n|teamsize|p2|6\n|gen|9\n|tier|[Gen 9] VGC 2023 Regulation C\n|rule|Species Clause: Limit one of each Pok\u00e9mon\n|rule|Item Clause: Limit one of each item\n|clearpoke\n|poke|p1|Baxcalibur, L50, M|\n|poke|p1|Ting-Lu, L50|\n|poke|p1|Amoonguss, L50, M|\n|poke|p1|Arcanine, L50, M|\n|poke|p1|Flutter Mane, L50|\n|poke|p1|Palafin, L50, F|\n|poke|p2|Bellibolt, L50, M|\n|poke|p2|Gastrodon-East, L50, F|\n|poke|p2|Iron Treads, L50|\n|poke|p2|Mimikyu, L50, M|\n|poke|p2|Chi-Yu, L50|\n|poke|p2|Dragonite, L50, M|\n|teampreview|4\ngenericname3333 has agreed to open team sheets.\nBrianJortVGC has agreed to open team sheets.\n|\n|t:|1682959937\n|start\n|switch|p1a: Baxcalibur|Baxcalibur, L50, M|100\/100\n|switch|p1b: Amoonguss|Amoonguss, L50, M|100\/100\n|switch|p2a: Pretty Sweet|Mimikyu, L50, M|100\/100\n|switch|p2b: White Ferrari|Iron Treads, L50|100\/100\n|-enditem|p2b: White Ferrari|Booster Energy\n|-activate|p2b: White Ferrari|ability: Quark Drive|[fromitem]\n|-start|p2b: White Ferrari|quarkdrivespe\n|turn|1\n|\n|t:|1682959991\n|move|p1b: Amoonguss|Rage Powder|p1b: Amoonguss\n|-singleturn|p1b: Amoonguss|move: Rage Powder\n|move|p1a: Baxcalibur|Ice Shard|p2a: Pretty Sweet\n|-activate|p2a: Pretty Sweet|ability: Disguise\n|-damage|p2a: Pretty Sweet|100\/100\n|detailschange|p2a: Pretty Sweet|Mimikyu-Busted, L50, M\n|-damage|p2a: Pretty Sweet|88\/100|[from] pokemon: Mimikyu-Busted\n|move|p2b: White Ferrari|Iron Head|p1b: Amoonguss\n|-crit|p1b: Amoonguss\n|-damage|p1b: Amoonguss|53\/100\n|move|p2a: Pretty Sweet|Taunt|p1b: Amoonguss\n|-start|p1b: Amoonguss|move: Taunt\n|\n|upkeep\n|turn|2\n|\n|t:|1682960040\n|switch|p1b: Flutter Mane|Flutter Mane, L50|100\/100\n|-enditem|p1b: Flutter Mane|Booster Energy\n|-activate|p1b: Flutter Mane|ability: Protosynthesis|[fromitem]\n|-start|p1b: Flutter Mane|protosynthesisspa\n|move|p1a: Baxcalibur|Protect|p1a: Baxcalibur\n|-singleturn|p1a: Baxcalibur|Protect\n|move|p2b: White Ferrari|Stomping Tantrum|p1a: Baxcalibur\n|-activate|p1a: Baxcalibur|move: Protect\n|move|p2a: Pretty Sweet|Play Rough|p1a: Baxcalibur\n|-activate|p1a: Baxcalibur|move: Protect\n|\n|upkeep\n|turn|3\n|\n|t:|1682960105\n|switch|p1a: Amoonguss|Amoonguss, L50, M|86\/100\n|move|p1b: Flutter Mane|Protect|p1b: Flutter Mane\n|-singleturn|p1b: Flutter Mane|Protect\n|move|p2b: White Ferrari|Stomping Tantrum|p1a: Amoonguss\n|-damage|p1a: Amoonguss|55\/100\n|move|p2a: Pretty Sweet|Play Rough|p1a: Amoonguss\n|-resisted|p1a: Amoonguss\n|-damage|p1a: Amoonguss|34\/100\n|-enditem|p1a: Amoonguss|Sitrus Berry|[eat]\n|-heal|p1a: Amoonguss|59\/100|[from] item: Sitrus Berry\n|-damage|p2a: Pretty Sweet|79\/100|[from] item: Life Orb\n|\n|upkeep\n|turn|4\n|\n|t:|1682960157\n|-terastallize|p1a: Amoonguss|Water\n|move|p1a: Amoonguss|Rage Powder|p1a: Amoonguss\n|-singleturn|p1a: Amoonguss|move: Rage Powder\n|move|p2a: Pretty Sweet|Shadow Sneak|p1a: Amoonguss\n|-damage|p1a: Amoonguss|41\/100\n|-damage|p2a: Pretty Sweet|69\/100|[from] item: Life Orb\n|move|p2b: White Ferrari|Ice Spinner|p1a: Amoonguss\n|-resisted|p1a: Amoonguss\n|-damage|p1a: Amoonguss|30\/100\n|move|p1b: Flutter Mane|Moonblast|p2a: Pretty Sweet\n|-damage|p2a: Pretty Sweet|0 fnt\n|faint|p2a: Pretty Sweet\n|\n|upkeep\n|\n|t:|1682960164\n|switch|p2a: Nights|Chi-Yu, L50|100\/100\n|-ability|p2a: Nights|Beads of Ruin\n|turn|5\n|\n|t:|1682960189\n|move|p1b: Flutter Mane|Protect|p1b: Flutter Mane\n|-singleturn|p1b: Flutter Mane|Protect\n|move|p1a: Amoonguss|Protect|p1a: Amoonguss\n|-singleturn|p1a: Amoonguss|Protect\n|move|p2b: White Ferrari|Iron Head|p1b: Flutter Mane\n|-activate|p1b: Flutter Mane|move: Protect\n|move|p2a: Nights|Dark Pulse|p1a: Amoonguss\n|-activate|p1a: Amoonguss|move: Protect\n|\n|upkeep\n|turn|6\n|\n|t:|1682960236\n|move|p2b: White Ferrari|Protect|p2b: White Ferrari\n|-singleturn|p2b: White Ferrari|Protect\n|move|p1a: Amoonguss|Rage Powder|p1a: Amoonguss\n|-singleturn|p1a: Amoonguss|move: Rage Powder\n|move|p1b: Flutter Mane|Shadow Ball|p2b: White Ferrari\n|-activate|p2b: White Ferrari|move: Protect\n|move|p2a: Nights|Dark Pulse|p1a: Amoonguss\n|-damage|p1a: Amoonguss|0 fnt\n|faint|p1a: Amoonguss\n|\n|upkeep\n|\n|t:|1682960272\n|switch|p1a: Ting-Lu|Ting-Lu, L50|100\/100\n|-ability|p1a: Ting-Lu|Vessel of Ruin\n|turn|7\n|\n|t:|1682960289\n|switch|p2a: Self Control|Gastrodon-East, L50, F|100\/100\n|-terastallize|p2b: White Ferrari|Water\n|move|p2b: White Ferrari|Iron Head|p1b: Flutter Mane\n|-supereffective|p1b: Flutter Mane\n|-damage|p1b: Flutter Mane|0 fnt\n|faint|p1b: Flutter Mane\n|-end|p1b: Flutter Mane|Protosynthesis|[silent]\n|move|p1a: Ting-Lu|Stomping Tantrum|p2b: White Ferrari\n|-damage|p2b: White Ferrari|66\/100\n|\n|upkeep\n|\n|t:|1682960294\n|switch|p1b: Baxcalibur|Baxcalibur, L50, M|100\/100\n|turn|8\n|\n|t:|1682960330\n|move|p1b: Baxcalibur|Protect|p1b: Baxcalibur\n|-singleturn|p1b: Baxcalibur|Protect\n|move|p2b: White Ferrari|Iron Head|p1b: Baxcalibur\n|-activate|p1b: Baxcalibur|move: Protect\n|move|p2a: Self Control|Yawn|p1a: Ting-Lu\n|-start|p1a: Ting-Lu|move: Yawn|[of] p2a: Self Control\n|move|p1a: Ting-Lu|Stomping Tantrum|p2b: White Ferrari\n|-damage|p2b: White Ferrari|32\/100\n|\n|upkeep\n|turn|9\n|\n|t:|1682960367\n|move|p2b: White Ferrari|Iron Head|p1b: Baxcalibur\n|-supereffective|p1b: Baxcalibur\n|-damage|p1b: Baxcalibur|22\/100\n|move|p1b: Baxcalibur|Glaive Rush|p2a: Self Control\n|-damage|p2a: Self Control|33\/100\n|-singlemove|p1b: Baxcalibur|Glaive Rush|[silent]\n|move|p2a: Self Control|Earth Power|p1b: Baxcalibur\n|-damage|p1b: Baxcalibur|0 fnt\n|faint|p1b: Baxcalibur\n|move|p1a: Ting-Lu|Stomping Tantrum|p2a: Self Control\n|-damage|p2a: Self Control|1\/100\n|\n|-end|p1a: Ting-Lu|move: Yawn|[silent]\n|-status|p1a: Ting-Lu|slp\n|upkeep\n|turn|10\n|c|\u2606BrianJortVGC|Holy clutch\n|c|\u2606BrianJortVGC|Unironically lived on 1HP\n|\n|t:|1682960411\n|move|p2b: White Ferrari|Ice Spinner|p1a: Ting-Lu\n|-supereffective|p1a: Ting-Lu\n|-damage|p1a: Ting-Lu|73\/100 slp\n|move|p2a: Self Control|Recover|p2a: Self Control\n|-heal|p2a: Self Control|51\/100\n|cant|p1a: Ting-Lu|slp\n|\n|upkeep\n|turn|11\n|c|\u2606genericname3333|lol :\/\/ i have rly not been playing very well like at all today haha, ggwp!\n|\n|t:|1682960439\n|move|p2b: White Ferrari|Ice Spinner|p1a: Ting-Lu\n|-supereffective|p1a: Ting-Lu\n|-damage|p1a: Ting-Lu|44\/100 slp\n|move|p2a: Self Control|Recover|p2a: Self Control\n|-heal|p2a: Self Control|100\/100\n|cant|p1a: Ting-Lu|slp\n|\n|upkeep\n|turn|12\n|\n|t:|1682960443\n|move|p2b: White Ferrari|Ice Spinner|p1a: Ting-Lu\n|-supereffective|p1a: Ting-Lu\n|-damage|p1a: Ting-Lu|18\/100 slp\n|move|p2a: Self Control|Muddy Water|p1a: Ting-Lu\n|-supereffective|p1a: Ting-Lu\n|-damage|p1a: Ting-Lu|0 fnt\n|faint|p1a: Ting-Lu\n|\n|win|BrianJortVGC\n|c|\u2606BrianJortVGC|GG\n|l|\u2606genericname3333\n|c|\u2606BrianJortVGC|I think it\u2019s a case of the team having been so popular means that nearly every team has a gameplan for it\n","uploadtime":1682960513,"views":25,"p1id":"genericname3333","p2id":"brianjortvgc","formatid":"gen9vgc2023regulationc","rating":0,"private":0,"password":""}