{"id":"gen9vgc2023regulationc-1849500900","p1":"WoefulGhost","p2":"jchemmy","format":"[Gen 9] VGC 2023 Regulation C","log":"|j|\u2606WoefulGhost\n|j|\u2606jchemmy\n|t:|1682205925\n|gametype|doubles\n|player|p1|WoefulGhost|169|1200\n|player|p2|jchemmy|brock|1268\n|teamsize|p1|6\n|teamsize|p2|6\n|gen|9\n|tier|[Gen 9] VGC 2023 Regulation C\n|rated|\n|rule|Species Clause: Limit one of each Pok\u00e9mon\n|rule|Item Clause: Limit one of each item\n|clearpoke\n|poke|p1|Chien-Pao, L50|\n|poke|p1|Dragonite, L50, F|\n|poke|p1|Scizor, L50, M|\n|poke|p1|Flutter Mane, L50|\n|poke|p1|Palafin, L50, M|\n|poke|p1|Talonflame, L50, F|\n|poke|p2|Arcanine, L50, M|\n|poke|p2|Palafin, L50, F|\n|poke|p2|Flutter Mane, L50|\n|poke|p2|Ting-Lu, L50|\n|poke|p2|Amoonguss, L50, M|\n|poke|p2|Baxcalibur, L50, F|\n|teampreview|4\n|inactive|Battle timer is ON: inactive players will automatically lose when time's up. (requested by jchemmy)\njchemmy has agreed to open team sheets.\n|inactive|WoefulGhost has 60 seconds left.\n|\n|t:|1682205976\n|start\n|switch|p1a: Flutter Mane|Flutter Mane, L50|100\/100\n|switch|p1b: Talonflame|Talonflame, L50, F|100\/100\n|switch|p2a: Palafin|Palafin, L50, F|100\/100\n|switch|p2b: Flutter Mane|Flutter Mane, L50|100\/100\n|-enditem|p1a: Flutter Mane|Booster Energy\n|-activate|p1a: Flutter Mane|ability: Protosynthesis|[fromitem]\n|-start|p1a: Flutter Mane|protosynthesisspe\n|turn|1\n|\n|t:|1682205991\n|detailschange|p2a: Palafin|Palafin-Hero, L50, F\n|switch|p2a: Arcanine|Arcanine, L50, M|100\/100\n|-ability|p2a: Arcanine|Intimidate|boost\n|-unboost|p1a: Flutter Mane|atk|1\n|-unboost|p1b: Talonflame|atk|1\n|-terastallize|p2b: Flutter Mane|Fairy\n|move|p1b: Talonflame|Brave Bird|p2b: Flutter Mane\n|-damage|p2b: Flutter Mane|54\/100\n|-damage|p1b: Talonflame|86\/100|[from] Recoil\n|move|p1a: Flutter Mane|Shadow Ball|p2b: Flutter Mane\n|-damage|p2b: Flutter Mane|10\/100\n|move|p2b: Flutter Mane|Dazzling Gleam|p1b: Talonflame|[spread] p1a,p1b\n|-resisted|p1b: Talonflame\n|-damage|p1a: Flutter Mane|36\/100\n|-damage|p1b: Talonflame|36\/100\n|\n|upkeep\n|turn|2\n|inactive|WoefulGhost has 30 seconds left.\n|inactive|jchemmy has 30 seconds left.\n|inactive|WoefulGhost has 20 seconds left.\n|inactive|WoefulGhost has 15 seconds left.\n|inactive|WoefulGhost has 10 seconds left.\n|\n|t:|1682206037\n|switch|p1b: Scizor|Scizor, L50, M|100\/100\n|-end|p2b: Flutter Mane|Protosynthesis|[silent]\n|switch|p2b: Palafin|Palafin-Hero, L50, F|100\/100\n|-activate|p2b: Palafin|ability: Zero to Hero\n|move|p1a: Flutter Mane|Moonblast|p2b: Palafin\n|-damage|p2b: Palafin|49\/100\n|move|p2a: Arcanine|Flare Blitz|p1a: Flutter Mane\n|-damage|p1a: Flutter Mane|0 fnt\n|faint|p1a: Flutter Mane\n|-end|p1a: Flutter Mane|Protosynthesis|[silent]\n|-damage|p2a: Arcanine|92\/100|[from] Recoil\n|\n|upkeep\n|\n|t:|1682206050\n|switch|p1a: Talonflame|Talonflame, L50, F|36\/100\n|turn|3\n|\n|t:|1682206066\n|-terastallize|p1b: Scizor|Fire\n|move|p1a: Talonflame|Quick Guard|p1a: Talonflame\n|-singleturn|p1a: Talonflame|Quick Guard\n|move|p2b: Palafin|Jet Punch|p1a: Talonflame\n|-activate|p1a: Talonflame|move: Quick Guard\n|move|p2a: Arcanine|Flare Blitz|p1b: Scizor\n|-resisted|p1b: Scizor\n|-damage|p1b: Scizor|75\/100\n|-damage|p2a: Arcanine|85\/100|[from] Recoil\n|move|p1b: Scizor|Swords Dance|p1b: Scizor\n|-boost|p1b: Scizor|atk|2\n|\n|upkeep\n|turn|4\n|\n|t:|1682206088\n|move|p2b: Palafin|Protect|p2b: Palafin\n|-singleturn|p2b: Palafin|Protect\n|move|p1a: Talonflame|Quick Guard|p1a: Talonflame\n|-singleturn|p1a: Talonflame|Quick Guard\n|move|p1b: Scizor|Bullet Punch|p2b: Palafin\n|-activate|p2b: Palafin|move: Protect\n|move|p2a: Arcanine|Flare Blitz|p1a: Talonflame\n|-resisted|p1a: Talonflame\n|-damage|p1a: Talonflame|2\/100\n|-damage|p2a: Arcanine|76\/100|[from] Recoil\n|\n|upkeep\n|turn|5\n|\n|t:|1682206107\n|switch|p2b: Amoonguss|Amoonguss, L50, M|100\/100\n|move|p1a: Talonflame|Quick Guard|p1a: Talonflame\n|-singleturn|p1a: Talonflame|Quick Guard\n|move|p1b: Scizor|Bullet Punch|p2b: Amoonguss\n|-damage|p2b: Amoonguss|47\/100\n|-enditem|p2b: Amoonguss|Sitrus Berry|[eat]\n|-heal|p2b: Amoonguss|72\/100|[from] item: Sitrus Berry\n|move|p2a: Arcanine|Snarl|p1a: Talonflame|[spread] p1a,p1b\n|-damage|p1a: Talonflame|0 fnt\n|-damage|p1b: Scizor|64\/100\n|faint|p1a: Talonflame\n|\n|upkeep\n|\n|t:|1682206115\n|switch|p1a: Dragonite|Dragonite, L50, F|100\/100\n|turn|6\n|\n|t:|1682206140\n|move|p1a: Dragonite|Extreme Speed|p2a: Arcanine\n|-damage|p2a: Arcanine|29\/100\n|move|p1b: Scizor|Bullet Punch|p2b: Amoonguss\n|-damage|p2b: Amoonguss|13\/100\n|move|p2a: Arcanine|Snarl|p1b: Scizor|[spread] p1a,p1b\n|-damage|p1a: Dragonite|93\/100\n|-damage|p1b: Scizor|54\/100\n|-unboost|p1a: Dragonite|spa|1\n|move|p2b: Amoonguss|Spore|p1a: Dragonite\n|-status|p1a: Dragonite|slp|[from] move: Spore\n|\n|upkeep\n|turn|7\n|inactive|jchemmy has 30 seconds left.\n|\n|t:|1682206168\n|switch|p2a: Flutter Mane|Flutter Mane, L50, tera:Fairy|10\/100\n|cant|p1a: Dragonite|slp\n|move|p1b: Scizor|Bullet Punch|p2b: Amoonguss\n|-damage|p2b: Amoonguss|0 fnt\n|faint|p2b: Amoonguss\n|\n|upkeep\n|\n|t:|1682206173\n|switch|p2b: Palafin|Palafin-Hero, L50, F|49\/100\n|turn|8\n|\n|t:|1682206189\n|cant|p1a: Dragonite|slp\n|move|p2b: Palafin|Jet Punch|p1b: Scizor\n|-supereffective|p1b: Scizor\n|-damage|p1b: Scizor|0 fnt\n|faint|p1b: Scizor\n|move|p2a: Flutter Mane|Moonblast|p1a: Dragonite\n|-supereffective|p1a: Dragonite\n|-damage|p1a: Dragonite|0 fnt\n|faint|p1a: Dragonite\n|\n|win|jchemmy\n|raw|WoefulGhost's rating: 1200 → 1180<\/strong> (-20 for losing)\n|raw|jchemmy's rating: 1268 → 1288<\/strong> (+20 for winning)\n|l|\u2606WoefulGhost\n","uploadtime":1682206198,"views":5,"p1id":"woefulghost","p2id":"jchemmy","formatid":"gen9vgc2023regulationc","rating":1180,"private":0,"password":""}