{"id":"gen9vgc2023regulationc-1858283401","p1":"Axel316","p2":"Seymorekun","format":"[Gen 9] VGC 2023 Regulation C","log":"|j|\u2606Axel316\n|j|\u2606Seymorekun\n|t:|1683298347\n|gametype|doubles\n|player|p1|Axel316|169|1155\n|player|p2|Seymorekun|benga|1184\n|teamsize|p1|6\n|teamsize|p2|6\n|gen|9\n|tier|[Gen 9] VGC 2023 Regulation C\n|rated|\n|rule|Species Clause: Limit one of each Pok\u00e9mon\n|rule|Item Clause: Limit one of each item\n|clearpoke\n|poke|p1|Kingambit, L50, F|\n|poke|p1|Ting-Lu, L50|\n|poke|p1|Amoonguss, L50, F|\n|poke|p1|Flutter Mane, L50|\n|poke|p1|Palafin, L50, M|\n|poke|p1|Medicham, L50, F|\n|poke|p2|Chi-Yu, L50|\n|poke|p2|Gyarados, L50, M|\n|poke|p2|Iron Hands, L50|\n|poke|p2|Chien-Pao, L50|\n|poke|p2|Dragonite, L50, F|\n|poke|p2|Flutter Mane, L50|\n|teampreview|4\n|inactive|Battle timer is ON: inactive players will automatically lose when time's up. (requested by Seymorekun)\n|\n|t:|1683298422\n|start\n|switch|p1a: Flutter Mane|Flutter Mane, L50|100\/100\n|switch|p1b: Palafin|Palafin, L50, M|100\/100\n|switch|p2a: Dragonite|Dragonite, L50, F|100\/100\n|switch|p2b: Chien-Pao|Chien-Pao, L50|100\/100\n|-ability|p2b: Chien-Pao|Sword of Ruin\n|turn|1\n|inactive|Axel316 has 30 seconds left.\n|\n|t:|1683298454\n|move|p2a: Dragonite|Protect|p2a: Dragonite\n|-singleturn|p2a: Dragonite|Protect\n|move|p1b: Palafin|Jet Punch|p2a: Dragonite\n|-activate|p2a: Dragonite|move: Protect\n|move|p2b: Chien-Pao|Ice Spinner|p1a: Flutter Mane\n|-enditem|p1a: Flutter Mane|Focus Sash\n|-damage|p1a: Flutter Mane|1\/100\n|move|p1a: Flutter Mane|Moonblast|p2a: Dragonite\n|-activate|p2a: Dragonite|move: Protect\n|\n|upkeep\n|turn|2\n|\n|t:|1683298478\n|switch|p2a: Gyarados|Gyarados, L50, M|100\/100\n|-ability|p2a: Gyarados|Intimidate|boost\n|-unboost|p1a: Flutter Mane|atk|1\n|-unboost|p1b: Palafin|atk|1\n|detailschange|p1b: Palafin|Palafin-Hero, L50, M\n|switch|p1b: Amoonguss|Amoonguss, L50, F|100\/100\n|move|p1a: Flutter Mane|Protect|p1a: Flutter Mane\n|-singleturn|p1a: Flutter Mane|Protect\n|move|p2b: Chien-Pao|Ice Spinner|p1b: Amoonguss\n|-supereffective|p1b: Amoonguss\n|-damage|p1b: Amoonguss|7\/100\n|\n|-heal|p1b: Amoonguss|13\/100|[from] item: Leftovers\n|upkeep\n|turn|3\n|inactive|Seymorekun has 30 seconds left.\n|\n|t:|1683298504\n|switch|p2a: Iron Hands|Iron Hands, L50|100\/100\n|move|p1a: Flutter Mane|Power Gem|p2a: Iron Hands\n|-resisted|p2a: Iron Hands\n|-damage|p2a: Iron Hands|92\/100\n|move|p2b: Chien-Pao|Ice Spinner|p1a: Flutter Mane\n|-damage|p1a: Flutter Mane|0 fnt\n|faint|p1a: Flutter Mane\n|-end|p1a: Flutter Mane|Protosynthesis|[silent]\n|move|p1b: Amoonguss|Spore|p2b: Chien-Pao\n|-status|p2b: Chien-Pao|slp|[from] move: Spore\n|\n|-heal|p1b: Amoonguss|19\/100|[from] item: Leftovers\n|upkeep\n|\n|t:|1683298520\n|switch|p1a: Medicham|Medicham, L50, F|100\/100\n|turn|4\n|\n|t:|1683298532\n|move|p1a: Medicham|Fake Out|p2a: Iron Hands\n|-damage|p2a: Iron Hands|76\/100\n|cant|p2a: Iron Hands|flinch\n|cant|p2b: Chien-Pao|slp\n|move|p1b: Amoonguss|Spore|p2a: Iron Hands\n|-status|p2a: Iron Hands|slp|[from] move: Spore\n|\n|-heal|p1b: Amoonguss|25\/100|[from] item: Leftovers\n|upkeep\n|turn|5\n|\n|t:|1683298552\n|cant|p2b: Chien-Pao|slp\n|move|p1a: Medicham|Zen Headbutt|p2a: Iron Hands\n|-supereffective|p2a: Iron Hands\n|-damage|p2a: Iron Hands|0 fnt\n|faint|p2a: Iron Hands\n|-end|p2a: Iron Hands|Quark Drive|[silent]\n|move|p1b: Amoonguss|Pollen Puff|p2b: Chien-Pao\n|-supereffective|p2b: Chien-Pao\n|-damage|p2b: Chien-Pao|44\/100 slp\n|\n|-heal|p1b: Amoonguss|31\/100|[from] item: Leftovers\n|upkeep\n|\n|t:|1683298562\n|switch|p2a: Dragonite|Dragonite, L50, F|100\/100\n|turn|6\n|\n|t:|1683298581\n|-terastallize|p2a: Dragonite|Normal\n|move|p1b: Amoonguss|Protect|p1b: Amoonguss\n|-singleturn|p1b: Amoonguss|Protect\n|move|p2a: Dragonite|Extreme Speed|p1b: Amoonguss\n|-activate|p1b: Amoonguss|move: Protect\n|-curestatus|p2b: Chien-Pao|slp|[msg]\n|move|p2b: Chien-Pao|Ice Spinner|p1a: Medicham\n|-damage|p1a: Medicham|15\/100\n|move|p1a: Medicham|High Jump Kick|p2b: Chien-Pao\n|-supereffective|p2b: Chien-Pao\n|-damage|p2b: Chien-Pao|0 fnt\n|faint|p2b: Chien-Pao\n|\n|-heal|p1b: Amoonguss|37\/100|[from] item: Leftovers\n|upkeep\n|\n|t:|1683298595\n|switch|p2b: Gyarados|Gyarados, L50, M|100\/100\n|-ability|p2b: Gyarados|Intimidate|boost\n|-unboost|p1a: Medicham|atk|1\n|-unboost|p1b: Amoonguss|atk|1\n|turn|7\n|\n|t:|1683298612\n|switch|p1a: Palafin|Palafin-Hero, L50, M|100\/100\n|-activate|p1a: Palafin|ability: Zero to Hero\n|move|p2a: Dragonite|Extreme Speed|p1b: Amoonguss\n|-damage|p1b: Amoonguss|0 fnt\n|faint|p1b: Amoonguss\n|move|p2b: Gyarados|Waterfall|p1a: Palafin\n|-resisted|p1a: Palafin\n|-damage|p1a: Palafin|82\/100\n|\n|upkeep\n|\n|t:|1683298623\n|switch|p1b: Medicham|Medicham, L50, F|15\/100\n|turn|8\n|\n|t:|1683298630\n|move|p2a: Dragonite|Extreme Speed|p1a: Palafin\n|-damage|p1a: Palafin|22\/100\n|move|p2b: Gyarados|Thunder Wave|p1a: Palafin\n|-status|p1a: Palafin|par\n|move|p1b: Medicham|Zen Headbutt|p2b: Gyarados|[miss]\n|-miss|p1b: Medicham|p2b: Gyarados\n|move|p1a: Palafin|Wave Crash|p2b: Gyarados\n|-resisted|p2b: Gyarados\n|-damage|p2b: Gyarados|36\/100\n|-enditem|p2b: Gyarados|Sitrus Berry|[eat]\n|-heal|p2b: Gyarados|60\/100|[from] item: Sitrus Berry\n|-damage|p1a: Palafin|4\/100 par|[from] Recoil\n|\n|upkeep\n|turn|9\n|\n|t:|1683298647\n|move|p2a: Dragonite|Extreme Speed|p1b: Medicham\n|-damage|p1b: Medicham|0 fnt\n|faint|p1b: Medicham\n|move|p1a: Palafin|Jet Punch|p2a: Dragonite\n|-damage|p2a: Dragonite|72\/100\n|move|p2b: Gyarados|Waterfall|p1a: Palafin\n|-resisted|p1a: Palafin\n|-damage|p1a: Palafin|0 fnt\n|faint|p1a: Palafin\n|\n|win|Seymorekun\n|raw|Axel316's rating: 1155 → 1132<\/strong> (-23 for losing)\n|raw|Seymorekun's rating: 1184 → 1207<\/strong> (+23 for winning)\n","uploadtime":1683298672,"views":10,"p1id":"axel316","p2id":"seymorekun","formatid":"gen9vgc2023regulationc","rating":1132,"private":0,"password":""}