{"id":"gen9vgc2023regulationc-1851685130","p1":"PuniHina","p2":"Braindeadmeta","format":"[Gen 9] VGC 2023 Regulation C","log":"|j|\u2606PuniHina\n|j|\u2606Braindeadmeta\n|t:|1682469731\n|gametype|doubles\n|player|p1|PuniHina|marley|1561\n|player|p2|Braindeadmeta|170|1540\n|teamsize|p1|6\n|teamsize|p2|6\n|gen|9\n|tier|[Gen 9] VGC 2023 Regulation C\n|rated|\n|rule|Species Clause: Limit one of each Pok\u00e9mon\n|rule|Item Clause: Limit one of each item\n|clearpoke\n|poke|p1|Talonflame, L50, M|\n|poke|p1|Great Tusk, L50|\n|poke|p1|Chi-Yu, L50|\n|poke|p1|Flutter Mane, L50|\n|poke|p1|Gyarados, L50, M|\n|poke|p1|Indeedee-F, L50, F|\n|poke|p2|Iron Hands, L50|\n|poke|p2|Oranguru, L50, F|\n|poke|p2|Torkoal, L50, F|\n|poke|p2|Kingambit, L50, M|\n|poke|p2|Sableye, L50, F|\n|poke|p2|Ting-Lu, L50|\n|teampreview|4\n|inactive|Battle timer is ON: inactive players will automatically lose when time's up. (requested by Braindeadmeta)\nBraindeadmeta rejected open team sheets.\n|\n|t:|1682469746\n|start\n|switch|p1a: Chi-Yu|Chi-Yu, L50|100\/100\n|switch|p1b: Indeedee|Indeedee-F, L50, F|100\/100\n|switch|p2a: Sableye|Sableye, L50, F|100\/100\n|switch|p2b: Oranguru|Oranguru, L50, F|100\/100\n|-ability|p1a: Chi-Yu|Beads of Ruin\n|-fieldstart|move: Psychic Terrain|[from] ability: Psychic Surge|[of] p1b: Indeedee\n|-enditem|p1b: Indeedee|Psychic Seed\n|-boost|p1b: Indeedee|spd|1|[from] item: Psychic Seed\n|turn|1\n|\n|t:|1682469761\n|move|p2a: Sableye|Light Screen|p2a: Sableye\n|-sidestart|p2: Braindeadmeta|move: Light Screen\n|move|p1a: Chi-Yu|Heat Wave|p2a: Sableye|[spread] p2a,p2b\n|-damage|p2a: Sableye|44\/100\n|-damage|p2b: Oranguru|57\/100\n|move|p1b: Indeedee|Imprison|p1b: Indeedee\n|-start|p1b: Indeedee|move: Imprison\n|move|p2b: Oranguru|Taunt|p1b: Indeedee\n|-start|p1b: Indeedee|move: Taunt\n|\n|upkeep\n|turn|2\n|\n|t:|1682469786\n|move|p1a: Chi-Yu|Heat Wave|p2a: Sableye|[spread] p2a,p2b\n|-damage|p2a: Sableye|0 fnt\n|-damage|p2b: Oranguru|15\/100\n|faint|p2a: Sableye\n|move|p1b: Indeedee|Psychic|p2b: Oranguru\n|-resisted|p2b: Oranguru\n|-damage|p2b: Oranguru|0 fnt\n|faint|p2b: Oranguru\n|\n|upkeep\n|\n|t:|1682469789\n|switch|p2b: Kingambit|Kingambit, L50, M|100\/100\n|switch|p2a: Torkoal|Torkoal, L50, F, shiny|100\/100\n|-weather|SunnyDay|[from] ability: Drought|[of] p2a: Torkoal\n|turn|3\n|j| dadarvin\n|\n|t:|1682469800\n|-terastallize|p2b: Kingambit|Water\n|move|p1a: Chi-Yu|Heat Wave|p2b: Kingambit|[spread] p2a,p2b\n|-resisted|p2a: Torkoal\n|-resisted|p2b: Kingambit\n|-damage|p2a: Torkoal|47\/100\n|-damage|p2b: Kingambit|65\/100\n|move|p1b: Indeedee|Psychic|p2a: Torkoal\n|-damage|p2a: Torkoal|0 fnt\n|faint|p2a: Torkoal\n|move|p2b: Kingambit|Kowtow Cleave|p1b: Indeedee\n|-supereffective|p1b: Indeedee\n|-damage|p1b: Indeedee|3\/100\n|-damage|p2b: Kingambit|55\/100|[from] item: Life Orb\n|\n|-weather|SunnyDay|[upkeep]\n|upkeep\n|turn|4\n|\n|t:|1682469820\n|move|p1a: Chi-Yu|Heat Wave|p2b: Kingambit|[miss]\n|-miss|p1a: Chi-Yu|p2b: Kingambit\n|move|p1b: Indeedee|Psychic|p2b: Kingambit\n|-damage|p2b: Kingambit|24\/100\n|move|p2b: Kingambit|Kowtow Cleave|p1a: Chi-Yu\n|-resisted|p1a: Chi-Yu\n|-damage|p1a: Chi-Yu|64\/100\n|-damage|p2b: Kingambit|15\/100|[from] item: Life Orb\n|\n|-weather|SunnyDay|[upkeep]\n|-end|p1b: Indeedee|move: Taunt\n|upkeep\n|turn|5\n|-message|Braindeadmeta forfeited.\n|\n|win|PuniHina\n|raw|PuniHina's rating: 1561 → 1580<\/strong> (+19 for winning)\n|raw|Braindeadmeta's rating: 1540 → 1521<\/strong> (-19 for losing)\n|l|\u2606Braindeadmeta\n|l| dadarvin\n","uploadtime":1682470064,"views":9,"p1id":"punihina","p2id":"braindeadmeta","formatid":"gen9vgc2023regulationc","rating":1521,"private":0,"password":""}