{"id":"gen9vgc2023regulationc-1858958297","p1":"TGH_sr","p2":"Parking son","format":"[Gen 9] VGC 2023 Regulation C","log":"|j|\u2606TGH_sr\n|j|\u2606Parking son\n|t:|1683387980\n|gametype|doubles\n|player|p1|TGH_sr|steven|1251\n|player|p2|Parking son|169|1297\n|teamsize|p1|6\n|teamsize|p2|6\n|gen|9\n|tier|[Gen 9] VGC 2023 Regulation C\n|rated|\n|rule|Species Clause: Limit one of each Pok\u00e9mon\n|rule|Item Clause: Limit one of each item\n|clearpoke\n|poke|p1|Talonflame, L50, M|\n|poke|p1|Garchomp, L50, F|\n|poke|p1|Kingambit, L50, F|\n|poke|p1|Iron Bundle, L50|\n|poke|p1|Flutter Mane, L50|\n|poke|p1|Amoonguss, L50, M|\n|poke|p2|Iron Valiant, L50|\n|poke|p2|Annihilape, L50, M|\n|poke|p2|Scream Tail, L50|\n|poke|p2|Garganacl, L50, M|\n|poke|p2|Maushold-Four, L50|\n|poke|p2|Fletchling, L50, F|\n|teampreview|4\nTGH_sr has agreed to open team sheets.\n|\n|t:|1683388051\n|start\n|switch|p1a: Talonflame|Talonflame, L50, M|100\/100\n|switch|p1b: Garchomp|Garchomp, L50, F|100\/100\n|switch|p2a: Annihilape|Annihilape, L50, M|100\/100\n|switch|p2b: Iron Valiant|Iron Valiant, L50|100\/100\n|-enditem|p2b: Iron Valiant|Booster Energy\n|-activate|p2b: Iron Valiant|ability: Quark Drive|[fromitem]\n|-start|p2b: Iron Valiant|quarkdrivespe\n|turn|1\n|inactive|Battle timer is ON: inactive players will automatically lose when time's up. (requested by Parking son)\n|\n|t:|1683388076\n|-terastallize|p1b: Garchomp|Ground\n|move|p2b: Iron Valiant|Protect|p2b: Iron Valiant\n|-singleturn|p2b: Iron Valiant|Protect\n|move|p1a: Talonflame|Brave Bird|p2a: Annihilape\n|-supereffective|p2a: Annihilape\n|-damage|p2a: Annihilape|23\/100\n|-damage|p1a: Talonflame|69\/100|[from] Recoil\n|move|p2a: Annihilape|Final Gambit|p1a: Talonflame\n|-damage|p1a: Talonflame|41\/100\n|faint|p2a: Annihilape\n|move|p1b: Garchomp|Earthquake|p2b: Iron Valiant|[spread] \n|-activate|p2b: Iron Valiant|move: Protect\n|-immune|p1a: Talonflame\n|\n|upkeep\n|\n|t:|1683388094\n|switch|p2a: Scream Tail|Scream Tail, L50|100\/100\n|turn|2\n|inactive|Parking son has 30 seconds left.\n|\n|t:|1683388128\n|move|p2b: Iron Valiant|Destiny Bond|p2b: Iron Valiant\n|-singlemove|p2b: Iron Valiant|Destiny Bond\n|move|p1a: Talonflame|Taunt|p2a: Scream Tail\n|-start|p2a: Scream Tail|move: Taunt\n|-enditem|p2a: Scream Tail|Mental Herb\n|-end|p2a: Scream Tail|move: Taunt\n|move|p1b: Garchomp|Earthquake|p2a: Scream Tail|[spread] p2a,p2b\n|-immune|p1a: Talonflame\n|-damage|p2a: Scream Tail|46\/100\n|-damage|p2b: Iron Valiant|19\/100\n|-damage|p1b: Garchomp|91\/100|[from] item: Life Orb\n|move|p2a: Scream Tail|Dazzling Gleam|p1b: Garchomp|[spread] p1a,p1b\n|-resisted|p1a: Talonflame\n|-damage|p1a: Talonflame|31\/100\n|-damage|p1b: Garchomp|78\/100\n|\n|upkeep\n|turn|3\n|inactive|TGH_sr has 30 seconds left.\n|\n|t:|1683388164\n|move|p2a: Scream Tail|Protect|p2a: Scream Tail\n|-singleturn|p2a: Scream Tail|Protect\n|move|p2b: Iron Valiant|Close Combat|p1a: Talonflame\n|-resisted|p1a: Talonflame\n|-damage|p1a: Talonflame|0 fnt\n|-unboost|p2b: Iron Valiant|def|1\n|-unboost|p2b: Iron Valiant|spd|1\n|-damage|p2b: Iron Valiant|2\/100|[from] item: Rocky Helmet|[of] p1a: Talonflame\n|faint|p1a: Talonflame\n|move|p1b: Garchomp|Earthquake|p2b: Iron Valiant|[spread] p2b\n|-activate|p2a: Scream Tail|move: Protect\n|-damage|p2b: Iron Valiant|0 fnt\n|faint|p2b: Iron Valiant\n|-end|p2b: Iron Valiant|Quark Drive|[silent]\n|-damage|p1b: Garchomp|68\/100|[from] item: Life Orb\n|\n|upkeep\n|\n|t:|1683388181\n|switch|p1a: Kingambit|Kingambit, L50, F|100\/100\n|switch|p2b: Fletchling|Fletchling, L50, F|100\/100\n|turn|4\n|inactive|TGH_sr has 30 seconds left.\n|\n|t:|1683388211\n|move|p1b: Garchomp|Protect|p1b: Garchomp\n|-singleturn|p1b: Garchomp|Protect\n|move|p1a: Kingambit|Protect|p1a: Kingambit\n|-singleturn|p1a: Kingambit|Protect\n|move|p2b: Fletchling|Fly||[still]\n|-prepare|p2b: Fletchling|Fly\n|move|p2a: Scream Tail|Perish Song|p2a: Scream Tail\n|-start|p1a: Kingambit|perish3|[silent]\n|-start|p1b: Garchomp|perish3|[silent]\n|-start|p2a: Scream Tail|perish3|[silent]\n|-miss|p2a: Scream Tail|p2b: Fletchling\n|-fieldactivate|move: Perish Song\n|\n|-start|p1b: Garchomp|perish3\n|-start|p2a: Scream Tail|perish3\n|-start|p1a: Kingambit|perish3\n|-status|p2b: Fletchling|tox|[from] item: Toxic Orb\n|upkeep\n|turn|5\n|inactive|TGH_sr has 30 seconds left.\n|inactive|Parking son has 30 seconds left.\n|\n|t:|1683388238\n|-terastallize|p2a: Scream Tail|Water\n|move|p2b: Fletchling|Fly|p1b: Garchomp|[from]lockedmove\n|-damage|p1b: Garchomp|52\/100\n|-damage|p2b: Fletchling|89\/100 tox|[from] ability: Rough Skin|[of] p1b: Garchomp\n|move|p1b: Garchomp|Iron Head|p2a: Scream Tail\n|-resisted|p2a: Scream Tail\n|-damage|p2a: Scream Tail|30\/100\n|-damage|p1b: Garchomp|43\/100|[from] item: Life Orb\n|move|p2a: Scream Tail|Dazzling Gleam|p1b: Garchomp|[spread] p1a,p1b\n|-damage|p1a: Kingambit|88\/100\n|-damage|p1b: Garchomp|29\/100\n|move|p1a: Kingambit|Kowtow Cleave|p2b: Fletchling\n|-damage|p2b: Fletchling|3\/100 tox\n|\n|-damage|p2b: Fletchling|0 fnt|[from] psn\n|faint|p2b: Fletchling\n|-start|p1b: Garchomp|perish2\n|-start|p2a: Scream Tail|perish2\n|-start|p1a: Kingambit|perish2\n|upkeep\n|turn|6\n|inactive|TGH_sr has 30 seconds left.\n|\n|t:|1683388264\n|move|p1b: Garchomp|Dragon Claw|p2a: Scream Tail\n|-damage|p2a: Scream Tail|0 fnt\n|faint|p2a: Scream Tail\n|-end|p2a: Scream Tail|Protosynthesis|[silent]\n|-damage|p1b: Garchomp|20\/100|[from] item: Life Orb\n|\n|win|TGH_sr\n|raw|TGH_sr's rating: 1251 → 1279<\/strong> (+28 for winning)\n|raw|Parking son's rating: 1297 → 1269<\/strong> (-28 for losing)\n","uploadtime":1683388274,"views":6,"p1id":"tghsr","p2id":"parkingson","formatid":"gen9vgc2023regulationc","rating":1269,"private":0,"password":""}