{"id":"gen9vgc2023regulationc-1863281246","p1":"RadiantBlue4552","p2":"Test4Sum","format":"[Gen 9] VGC 2023 Regulation C","log":"|j|\u2606RadiantBlue4552\n|j|\u2606Test4Sum\n|t:|1683997404\n|gametype|doubles\n|player|p1|RadiantBlue4552|266|1380\n|player|p2|Test4Sum|170|1372\n|teamsize|p1|6\n|teamsize|p2|6\n|gen|9\n|tier|[Gen 9] VGC 2023 Regulation C\n|rated|\n|rule|Species Clause: Limit one of each Pok\u00e9mon\n|rule|Item Clause: Limit one of each item\n|clearpoke\n|poke|p1|Kingambit, L50, M|\n|poke|p1|Hariyama, L50, F|\n|poke|p1|Garchomp, L50, F|\n|poke|p1|Torkoal, L50, F|\n|poke|p1|Brute Bonnet, L50|\n|poke|p1|Oranguru, L50, F|\n|poke|p2|Dragonite, L50, F|\n|poke|p2|Chien-Pao, L50|\n|poke|p2|Arcanine, L50, M|\n|poke|p2|Palafin, L50, M|\n|poke|p2|Ting-Lu, L50|\n|poke|p2|Amoonguss, L50, F|\n|teampreview|4\n|inactive|Battle timer is ON: inactive players will automatically lose when time's up. (requested by RadiantBlue4552)\n|\n|t:|1683997441\n|start\n|switch|p1a: Oranguru|Oranguru, L50, F|100\/100\n|switch|p1b: Hariyama|Hariyama, L50, F|100\/100\n|switch|p2a: Palafin|Palafin, L50, M|100\/100\n|switch|p2b: Amoonguss|Amoonguss, L50, F|100\/100\n|turn|1\n|\n|t:|1683997461\n|detailschange|p2a: Palafin|Palafin-Hero, L50, M\n|switch|p2a: Ting-Lu|Ting-Lu, L50|100\/100\n|-ability|p2a: Ting-Lu|Vessel of Ruin\n|move|p1b: Hariyama|Fake Out|p2b: Amoonguss\n|-damage|p2b: Amoonguss|88\/100\n|cant|p2b: Amoonguss|flinch\n|move|p1a: Oranguru|Trick Room|p1a: Oranguru\n|-fieldstart|move: Trick Room|[of] p1a: Oranguru\n|\n|-status|p1b: Hariyama|brn|[from] item: Flame Orb\n|upkeep\n|turn|2\n|\n|t:|1683997482\n|switch|p1a: Brute Bonnet|Brute Bonnet, L50|100\/100\n|move|p2b: Amoonguss|Rage Powder|p2b: Amoonguss\n|-singleturn|p2b: Amoonguss|move: Rage Powder\n|move|p1b: Hariyama|Close Combat|p2b: Amoonguss\n|-resisted|p2b: Amoonguss\n|-damage|p2b: Amoonguss|50\/100\n|-unboost|p1b: Hariyama|def|1\n|-unboost|p1b: Hariyama|spd|1\n|-enditem|p2b: Amoonguss|Sitrus Berry|[eat]\n|-heal|p2b: Amoonguss|75\/100|[from] item: Sitrus Berry\n|move|p2a: Ting-Lu|Ruination|p1b: Hariyama\n|-damage|p1b: Hariyama|51\/100 brn\n|\n|-damage|p1b: Hariyama|45\/100 brn|[from] brn\n|upkeep\n|turn|3\n|inactive|Test4Sum has 30 seconds left.\n|inactive|RadiantBlue4552 has 30 seconds left.\n|inactive|Test4Sum has 20 seconds left.\n|inactive|Test4Sum has 15 seconds left.\n|inactive|Test4Sum has 10 seconds left.\n|inactive|RadiantBlue4552 has 20 seconds left.\n|inactive|Test4Sum has 5 seconds left.\n|\n|t:|1683997533\n|-terastallize|p2a: Ting-Lu|Fire\n|move|p1b: Hariyama|Close Combat|p2a: Ting-Lu\n|-damage|p2a: Ting-Lu|56\/100\n|-unboost|p1b: Hariyama|def|1\n|-unboost|p1b: Hariyama|spd|1\n|move|p2b: Amoonguss|Pollen Puff|p2a: Ting-Lu\n|-heal|p2a: Ting-Lu|100\/100\n|move|p1a: Brute Bonnet|Spore|p2a: Ting-Lu\n|-status|p2a: Ting-Lu|slp|[from] move: Spore\n|cant|p2a: Ting-Lu|slp\n|\n|-damage|p1b: Hariyama|39\/100 brn|[from] brn\n|upkeep\n|turn|4\n|\n|t:|1683997558\n|switch|p1b: Torkoal|Torkoal, L50, F|100\/100\n|-weather|SunnyDay|[from] ability: Drought|[of] p1b: Torkoal\n|-activate|p1a: Brute Bonnet|ability: Protosynthesis\n|-start|p1a: Brute Bonnet|protosynthesisatk\n|move|p2b: Amoonguss|Pollen Puff|p1b: Torkoal\n|-resisted|p1b: Torkoal\n|-damage|p1b: Torkoal|91\/100\n|move|p1a: Brute Bonnet|Crunch|p2a: Ting-Lu\n|-damage|p2a: Ting-Lu|71\/100 slp\n|cant|p2a: Ting-Lu|slp\n|\n|-weather|SunnyDay|[upkeep]\n|upkeep\n|turn|5\n|\n|t:|1683997578\n|-terastallize|p1b: Torkoal|Fire\n|move|p2b: Amoonguss|Protect|p2b: Amoonguss\n|-singleturn|p2b: Amoonguss|Protect\n|move|p1b: Torkoal|Eruption|p2a: Ting-Lu|[spread] p2a\n|-activate|p2b: Amoonguss|move: Protect\n|-resisted|p2a: Ting-Lu\n|-damage|p2a: Ting-Lu|53\/100 slp\n|move|p1a: Brute Bonnet|Crunch|p2a: Ting-Lu\n|-damage|p2a: Ting-Lu|24\/100 slp\n|cant|p2a: Ting-Lu|slp\n|\n|-weather|SunnyDay|[upkeep]\n|-fieldend|move: Trick Room\n|upkeep\n|turn|6\n|\n|t:|1683997602\n|-curestatus|p2a: Ting-Lu|slp|[msg]\n|move|p2a: Ting-Lu|Fissure|p1a: Brute Bonnet|[miss]\n|-miss|p2a: Ting-Lu|p1a: Brute Bonnet\n|move|p1a: Brute Bonnet|Crunch|p2a: Ting-Lu\n|-damage|p2a: Ting-Lu|0 fnt\n|faint|p2a: Ting-Lu\n|move|p2b: Amoonguss|Spore|p1b: Torkoal\n|-status|p1b: Torkoal|slp|[from] move: Spore\n|cant|p1b: Torkoal|slp\n|\n|-weather|SunnyDay|[upkeep]\n|upkeep\n|inactive|Test4Sum has 30 seconds left.\n|\n|t:|1683997627\n|switch|p2a: Chien-Pao|Chien-Pao, L50|100\/100\n|-ability|p2a: Chien-Pao|Sword of Ruin\n|turn|7\n|inactive|Test4Sum has 30 seconds left.\n|\n|t:|1683997655\n|move|p2a: Chien-Pao|Ice Spinner|p1a: Brute Bonnet\n|-supereffective|p1a: Brute Bonnet\n|-damage|p1a: Brute Bonnet|10\/100\n|move|p1a: Brute Bonnet|Spore|p2a: Chien-Pao\n|-status|p2a: Chien-Pao|slp|[from] move: Spore\n|move|p2b: Amoonguss|Spore|p1b: Torkoal\n|-fail|p1b: Torkoal|slp\n|-curestatus|p1b: Torkoal|slp|[msg]\n|move|p1b: Torkoal|Eruption|p2a: Chien-Pao|[spread] p2a,p2b\n|-supereffective|p2a: Chien-Pao\n|-supereffective|p2b: Amoonguss\n|-crit|p2b: Amoonguss\n|-enditem|p2a: Chien-Pao|Focus Sash\n|-damage|p2a: Chien-Pao|1\/100 slp\n|-damage|p2b: Amoonguss|0 fnt\n|faint|p2b: Amoonguss\n|\n|-weather|SunnyDay|[upkeep]\n|upkeep\n|\n|t:|1683997674\n|switch|p2b: Palafin|Palafin-Hero, L50, M|100\/100\n|-activate|p2b: Palafin|ability: Zero to Hero\n|turn|8\n|\n|t:|1683997698\n|cant|p2a: Chien-Pao|slp\n|move|p2b: Palafin|Wave Crash|p1a: Brute Bonnet\n|-resisted|p1a: Brute Bonnet\n|-damage|p1a: Brute Bonnet|0 fnt\n|faint|p1a: Brute Bonnet\n|-end|p1a: Brute Bonnet|Protosynthesis|[silent]\n|-damage|p2b: Palafin|97\/100|[from] Recoil\n|move|p1b: Torkoal|Eruption|p2a: Chien-Pao|[spread] p2a,p2b\n|-supereffective|p2a: Chien-Pao\n|-resisted|p2b: Palafin\n|-damage|p2a: Chien-Pao|0 fnt\n|-damage|p2b: Palafin|47\/100\n|faint|p2a: Chien-Pao\n|\n|-weather|none\n|upkeep\n|\n|t:|1683997711\n|switch|p1a: Hariyama|Hariyama, L50, F|39\/100 brn\n|turn|9\n|\n|t:|1683997718\n|move|p2b: Palafin|Protect|p2b: Palafin\n|-singleturn|p2b: Palafin|Protect\n|move|p1a: Hariyama|Fake Out|p2b: Palafin\n|-activate|p2b: Palafin|move: Protect\n|move|p1b: Torkoal|Eruption|p2b: Palafin\n|-activate|p2b: Palafin|move: Protect\n|\n|-damage|p1a: Hariyama|33\/100 brn|[from] brn\n|upkeep\n|turn|10\n|\n|t:|1683997733\n|move|p2b: Palafin|Jet Punch|p1a: Hariyama\n|-damage|p1a: Hariyama|0 fnt\n|faint|p1a: Hariyama\n|move|p1b: Torkoal|Overheat|p2b: Palafin\n|-resisted|p2b: Palafin\n|-damage|p2b: Palafin|4\/100\n|-unboost|p1b: Torkoal|spa|2\n|\n|upkeep\n|\n|t:|1683997740\n|switch|p1a: Oranguru|Oranguru, L50, F|100\/100\n|turn|11\n|\n|t:|1683997746\n|move|p2b: Palafin|Jet Punch|p1b: Torkoal\n|-supereffective|p1b: Torkoal\n|-damage|p1b: Torkoal|23\/100\n|move|p1a: Oranguru|Psychic|p2b: Palafin\n|-damage|p2b: Palafin|0 fnt\n|faint|p2b: Palafin\n|\n|win|RadiantBlue4552\n|raw|RadiantBlue4552's rating: 1380 → 1400<\/strong> (+20 for winning)\n|raw|Test4Sum's rating: 1372 → 1352<\/strong> (-20 for losing)\n|l|\u2606Test4Sum\n","uploadtime":1683997753,"views":2,"p1id":"radiantblue4552","p2id":"test4sum","formatid":"gen9vgc2023regulationc","rating":1352,"private":0,"password":""}