{"id":"gen9vgc2023regulationc-1852546189","p1":"fo50","p2":"GiovyX08","format":"[Gen 9] VGC 2023 Regulation C","log":"|j|\u2606fo50\n|j|\u2606GiovyX08\n|t:|1682573587\n|gametype|doubles\n|player|p1|fo50|170|1149\n|player|p2|GiovyX08|n|1251\n|teamsize|p1|6\n|teamsize|p2|6\n|gen|9\n|tier|[Gen 9] VGC 2023 Regulation C\n|rated|\n|rule|Species Clause: Limit one of each Pok\u00e9mon\n|rule|Item Clause: Limit one of each item\n|clearpoke\n|poke|p1|Scovillain, L50, F|\n|poke|p1|Dragonite, L50, F|\n|poke|p1|Tinkaton, L50, F|\n|poke|p1|Garchomp, L50, F|\n|poke|p1|Torkoal, L50, M|\n|poke|p1|Scizor, L50, F|\n|poke|p2|Sableye, L50, F|\n|poke|p2|Great Tusk, L50|\n|poke|p2|Garganacl, L50, M|\n|poke|p2|Flutter Mane, L50|\n|poke|p2|Volcarona, L50, M|\n|poke|p2|Gyarados, L50, M|\n|teampreview|4\nGiovyX08 has agreed to open team sheets.\n|inactive|Battle timer is ON: inactive players will automatically lose when time's up. (requested by fo50)\n|\n|t:|1682573637\n|start\n|switch|p1a: Garchomp|Garchomp, L50, F|100\/100\n|switch|p1b: Scizor|Scizor, L50, F|100\/100\n|switch|p2a: Volcarona|Volcarona, L50, M|100\/100\n|switch|p2b: Gyarados|Gyarados, L50, M|100\/100\n|-ability|p2b: Gyarados|Intimidate|boost\n|-unboost|p1a: Garchomp|atk|1\n|-unboost|p1b: Scizor|atk|1\n|turn|1\n|inactive|fo50 has 30 seconds left.\n|inactive|GiovyX08 has 30 seconds left.\n|\n|t:|1682573671\n|move|p1a: Garchomp|Liquidation|p2a: Volcarona\n|-supereffective|p2a: Volcarona\n|-damage|p2a: Volcarona|58\/100\n|move|p2b: Gyarados|Dragon Dance|p2b: Gyarados\n|-boost|p2b: Gyarados|atk|1\n|-boost|p2b: Gyarados|spe|1\n|move|p2a: Volcarona|Fiery Dance|p1b: Scizor\n|-supereffective|p1b: Scizor\n|-damage|p1b: Scizor|0 fnt\n|faint|p1b: Scizor\n|\n|upkeep\n|\n|t:|1682573687\n|switch|p1b: Tinkaton|Tinkaton, L50, F|100\/100\n|turn|2\n|\n|t:|1682573701\n|move|p1b: Tinkaton|Fake Out|p2a: Volcarona\n|-damage|p2a: Volcarona|50\/100\n|-enditem|p2a: Volcarona|Sitrus Berry|[eat]\n|-heal|p2a: Volcarona|74\/100|[from] item: Sitrus Berry\n|move|p2b: Gyarados|Dragon Dance|p2b: Gyarados\n|-boost|p2b: Gyarados|atk|1\n|-boost|p2b: Gyarados|spe|1\n|move|p1a: Garchomp|Thunder Fang|p2b: Gyarados\n|-supereffective|p2b: Gyarados\n|-damage|p2b: Gyarados|2\/100\n|cant|p2a: Volcarona|flinch\n|\n|upkeep\n|turn|3\n|\n|t:|1682573718\n|move|p1b: Tinkaton|Protect|p1b: Tinkaton\n|-singleturn|p1b: Tinkaton|Protect\n|move|p2b: Gyarados|Waterfall|p1a: Garchomp\n|-damage|p1a: Garchomp|12\/100\n|-damage|p2b: Gyarados|0 fnt|[from] ability: Rough Skin|[of] p1a: Garchomp\n|faint|p2b: Gyarados\n|move|p1a: Garchomp|Thunder Fang|p2a: Volcarona\n|-damage|p2a: Volcarona|56\/100\n|-status|p2a: Volcarona|par\n|move|p2a: Volcarona|Fiery Dance|p1b: Tinkaton\n|-activate|p1b: Tinkaton|move: Protect\n|\n|upkeep\n|\n|t:|1682573735\n|switch|p2b: Garganacl|Garganacl, L50, M|100\/100\n|turn|4\n|\n|t:|1682573749\n|-terastallize|p2b: Garganacl|Flying\n|move|p1a: Garchomp|Liquidation|p2b: Garganacl\n|-crit|p2b: Garganacl\n|-damage|p2b: Garganacl|71\/100\n|-unboost|p2b: Garganacl|def|1\n|move|p1b: Tinkaton|Knock Off|p2a: Volcarona\n|-damage|p2a: Volcarona|43\/100 par\n|move|p2a: Volcarona|Fiery Dance|p1b: Tinkaton\n|-supereffective|p1b: Tinkaton\n|-damage|p1b: Tinkaton|54\/100\n|-boost|p2a: Volcarona|spa|1\n|move|p2b: Garganacl|Salt Cure|p1a: Garchomp\n|-resisted|p1a: Garchomp\n|-damage|p1a: Garchomp|5\/100\n|-start|p1a: Garchomp|Salt Cure\n|\n|-heal|p1b: Tinkaton|60\/100|[from] item: Leftovers\n|-heal|p2b: Garganacl|77\/100|[from] item: Leftovers\n|-damage|p1a: Garchomp|0 fnt|[from] Salt Cure\n|faint|p1a: Garchomp\n|upkeep\n|\n|t:|1682573771\n|switch|p1a: Dragonite|Dragonite, L50, F|100\/100\n|turn|5\n|\n|t:|1682573783\n|move|p1a: Dragonite|Ice Spinner|p2b: Garganacl\n|-supereffective|p2b: Garganacl\n|-damage|p2b: Garganacl|14\/100\n|move|p1b: Tinkaton|Gigaton Hammer|p2b: Garganacl\n|-damage|p2b: Garganacl|0 fnt\n|faint|p2b: Garganacl\n|cant|p2a: Volcarona|par\n|\n|-heal|p1b: Tinkaton|66\/100|[from] item: Leftovers\n|upkeep\n|\n|t:|1682573793\n|switch|p2b: Great Tusk|Great Tusk, L50|100\/100\n|turn|6\n|\n|t:|1682573812\n|move|p1b: Tinkaton|Protect|p1b: Tinkaton\n|-singleturn|p1b: Tinkaton|Protect\n|move|p2b: Great Tusk|Play Rough|p1a: Dragonite\n|-supereffective|p1a: Dragonite\n|-damage|p1a: Dragonite|51\/100\n|-enditem|p1a: Dragonite|Weakness Policy\n|-boost|p1a: Dragonite|atk|2|[from] item: Weakness Policy\n|-boost|p1a: Dragonite|spa|2|[from] item: Weakness Policy\n|move|p1a: Dragonite|Ice Spinner|p2b: Great Tusk\n|-supereffective|p2b: Great Tusk\n|-damage|p2b: Great Tusk|10\/100\n|move|p2a: Volcarona|Fiery Dance|p1b: Tinkaton\n|-activate|p1b: Tinkaton|move: Protect\n|\n|-heal|p1b: Tinkaton|72\/100|[from] item: Leftovers\n|upkeep\n|turn|7\n|inactive|fo50 has 30 seconds left.\n|\n|t:|1682573840\n|-terastallize|p1a: Dragonite|Normal\n|move|p1a: Dragonite|Extreme Speed|p2b: Great Tusk\n|-damage|p2b: Great Tusk|0 fnt\n|faint|p2b: Great Tusk\n|-end|p2b: Great Tusk|Protosynthesis|[silent]\n|move|p1b: Tinkaton|Gigaton Hammer|p2a: Volcarona\n|-resisted|p2a: Volcarona\n|-damage|p2a: Volcarona|20\/100 par\n|move|p2a: Volcarona|Fiery Dance|p1a: Dragonite\n|-damage|p1a: Dragonite|0 fnt\n|faint|p1a: Dragonite\n|\n|-heal|p1b: Tinkaton|79\/100|[from] item: Leftovers\n|upkeep\n|turn|8\n|\n|t:|1682573862\n|move|p1b: Tinkaton|Protect|p1b: Tinkaton\n|-singleturn|p1b: Tinkaton|Protect\n|cant|p2a: Volcarona|par\n|\n|-heal|p1b: Tinkaton|85\/100|[from] item: Leftovers\n|upkeep\n|turn|9\n|\n|t:|1682573870\n|move|p1b: Tinkaton|Gigaton Hammer|p2a: Volcarona\n|-resisted|p2a: Volcarona\n|-damage|p2a: Volcarona|0 fnt\n|faint|p2a: Volcarona\n|\n|win|fo50\n|raw|fo50's rating: 1149 → 1181<\/strong> (+32 for winning)\n|raw|GiovyX08's rating: 1251 → 1219<\/strong> (-32 for losing)\n|l|\u2606GiovyX08\n","uploadtime":1682573880,"views":11,"p1id":"fo50","p2id":"giovyx08","formatid":"gen9vgc2023regulationc","rating":1181,"private":0,"password":""}