{"id":"gen9vgc2023regulationc-1860894369","p1":"NutritiousLemon","p2":"RonJohn","format":"[Gen 9] VGC 2023 Regulation C","log":"|j|\u2606NutritiousLemon\n|j|\u2606RonJohn\n|t:|1683691762\n|gametype|doubles\n|player|p1|NutritiousLemon|170|1282\n|player|p2|RonJohn|169|1245\n|teamsize|p1|6\n|teamsize|p2|6\n|gen|9\n|tier|[Gen 9] VGC 2023 Regulation C\n|rated|\n|rule|Species Clause: Limit one of each Pok\u00e9mon\n|rule|Item Clause: Limit one of each item\n|clearpoke\n|poke|p1|Hawlucha, L50, F|\n|poke|p1|Pincurchin, L50, F|\n|poke|p1|Iron Thorns, L50|\n|poke|p1|Ceruledge, L50, F|\n|poke|p1|Glimmora, L50, F|\n|poke|p1|Sandy Shocks, L50|\n|poke|p2|Flutter Mane, L50|\n|poke|p2|Orthworm, L50, M|\n|poke|p2|Dragonite, L50, F|\n|poke|p2|Amoonguss, L50, F|\n|poke|p2|Gyarados, L50, F|\n|poke|p2|Ting-Lu, L50|\n|teampreview|4\nRonJohn has agreed to open team sheets.\n|c|\u2606RonJohn|glhf\n|inactive|Battle timer is ON: inactive players will automatically lose when time's up. (requested by RonJohn)\n|\n|t:|1683691800\n|start\n|switch|p1a: Pincurchin|Pincurchin, L50, F|100\/100\n|switch|p1b: Glimmora|Glimmora, L50, F|100\/100\n|switch|p2a: Ting-Lu|Ting-Lu, L50|100\/100\n|switch|p2b: Gyarados|Gyarados, L50, F|100\/100\n|-ability|p2b: Gyarados|Intimidate|boost\n|-unboost|p1a: Pincurchin|atk|1\n|-unboost|p1b: Glimmora|atk|1\n|-ability|p2a: Ting-Lu|Vessel of Ruin\n|-fieldstart|move: Electric Terrain|[from] ability: Electric Surge|[of] p1a: Pincurchin\n|turn|1\n|inactive|RonJohn has 30 seconds left.\n|inactive|RonJohn has 20 seconds left.\n|\n|t:|1683691838\n|switch|p2b: Orthworm|Orthworm, L50, M|100\/100\n|move|p1b: Glimmora|Mortal Spin|p2a: Ting-Lu|[spread] p2a\n|-immune|p2b: Orthworm\n|-resisted|p2a: Ting-Lu\n|-damage|p2a: Ting-Lu|99\/100\n|-status|p2a: Ting-Lu|psn\n|move|p2a: Ting-Lu|Earthquake|p1a: Pincurchin|[spread] p1a,p1b\n|-immune|p2b: Orthworm|[from] ability: Earth Eater\n|-supereffective|p1a: Pincurchin\n|-supereffective|p1b: Glimmora\n|-damage|p1a: Pincurchin|18\/100\n|-damage|p1b: Glimmora|0 fnt\n|-activate|p1b: Glimmora|ability: Toxic Debris\n|-sidestart|p2: RonJohn|move: Toxic Spikes\n|faint|p1b: Glimmora\n|move|p1a: Pincurchin|Zing Zap|p2b: Orthworm\n|-damage|p2b: Orthworm|74\/100\n|\n|-heal|p2b: Orthworm|81\/100|[from] item: Leftovers\n|-damage|p2a: Ting-Lu|88\/100 psn|[from] psn\n|upkeep\n|\n|t:|1683691847\n|switch|p1b: Iron Thorns|Iron Thorns, L50|100\/100\n|-activate|p1b: Iron Thorns|ability: Quark Drive\n|-start|p1b: Iron Thorns|quarkdriveatk\n|turn|2\n|inactive|RonJohn has 30 seconds left.\n|\n|t:|1683691876\n|-terastallize|p1b: Iron Thorns|Bug\n|move|p1a: Pincurchin|Sucker Punch||[still]\n|-fail|p1a: Pincurchin\n|move|p1b: Iron Thorns|Pin Missile|p2a: Ting-Lu\n|-supereffective|p2a: Ting-Lu\n|-damage|p2a: Ting-Lu|65\/100 psn\n|-supereffective|p2a: Ting-Lu\n|-damage|p2a: Ting-Lu|42\/100 psn\n|-supereffective|p2a: Ting-Lu\n|-damage|p2a: Ting-Lu|18\/100 psn\n|-supereffective|p2a: Ting-Lu\n|-damage|p2a: Ting-Lu|0 fnt\n|faint|p2a: Ting-Lu\n|-hitcount|p2: Ting-Lu|4\n|move|p2b: Orthworm|Shed Tail|p2b: Orthworm\n|-start|p2b: Orthworm|Substitute|[from] move: Shed Tail\n|-damage|p2b: Orthworm|31\/100\n|\n|t:|1683691894\n|switch|p2b: Dragonite|Dragonite, L50, F|100\/100|[from] Shed Tail\n|\n|upkeep\n|\n|t:|1683691899\n|switch|p2a: Gyarados|Gyarados, L50, F|100\/100\n|-ability|p2a: Gyarados|Intimidate|boost\n|-unboost|p1a: Pincurchin|atk|1\n|-unboost|p1b: Iron Thorns|atk|1\n|turn|3\n|\n|t:|1683691914\n|switch|p2a: Orthworm|Orthworm, L50, M|31\/100\n|move|p1a: Pincurchin|Sucker Punch||[still]\n|-fail|p1a: Pincurchin\n|move|p2b: Dragonite|Dragon Dance|p2b: Dragonite\n|-boost|p2b: Dragonite|atk|1\n|-boost|p2b: Dragonite|spe|1\n|move|p1b: Iron Thorns|Rock Blast|p2b: Dragonite\n|-supereffective|p2b: Dragonite\n|-activate|p2b: Dragonite|move: Substitute|[damage]\n|-supereffective|p2b: Dragonite\n|-end|p2b: Dragonite|Substitute\n|-supereffective|p2b: Dragonite\n|-damage|p2b: Dragonite|86\/100\n|-supereffective|p2b: Dragonite\n|-damage|p2b: Dragonite|56\/100\n|-hitcount|p2b: Dragonite|4\n|\n|-heal|p2a: Orthworm|37\/100|[from] item: Leftovers\n|upkeep\n|turn|4\n|inactive|RonJohn has 30 seconds left.\n|inactive|RonJohn has 20 seconds left.\n|\n|t:|1683691953\n|move|p1a: Pincurchin|Sucker Punch|p2b: Dragonite\n|-damage|p2b: Dragonite|43\/100\n|move|p2b: Dragonite|Earthquake|p1a: Pincurchin|[spread] p1a,p1b\n|-heal|p2a: Orthworm|62\/100|[from] ability: Earth Eater|[of] p2b: Dragonite\n|-supereffective|p1a: Pincurchin\n|-resisted|p1b: Iron Thorns\n|-damage|p1a: Pincurchin|0 fnt\n|-damage|p1b: Iron Thorns|82\/100\n|faint|p1a: Pincurchin\n|move|p1b: Iron Thorns|Rock Blast|p2b: Dragonite\n|-supereffective|p2b: Dragonite\n|-damage|p2b: Dragonite|17\/100\n|-supereffective|p2b: Dragonite\n|-damage|p2b: Dragonite|0 fnt\n|faint|p2b: Dragonite\n|-hitcount|p2: Dragonite|2\n|move|p2a: Orthworm|Heavy Slam|p1b: Iron Thorns\n|-damage|p1b: Iron Thorns|66\/100\n|\n|-heal|p2a: Orthworm|68\/100|[from] item: Leftovers\n|upkeep\n|\n|t:|1683691972\n|switch|p2b: Gyarados|Gyarados, L50, F|100\/100\n|switch|p1a: Hawlucha|Hawlucha, L50, F|100\/100\n|-enditem|p1a: Hawlucha|Electric Seed\n|-boost|p1a: Hawlucha|def|1|[from] item: Electric Seed\n|-ability|p2b: Gyarados|Intimidate|boost\n|-unboost|p1a: Hawlucha|atk|1\n|-unboost|p1b: Iron Thorns|atk|1\n|turn|5\n|inactive|RonJohn has 30 seconds left.\n|inactive|RonJohn has 20 seconds left.\n|inactive|RonJohn has 15 seconds left.\n|inactive|RonJohn has 10 seconds left.\n|\n|t:|1683692019\n|-terastallize|p2b: Gyarados|Water\n|move|p1a: Hawlucha|Close Combat|p2a: Orthworm\n|-supereffective|p2a: Orthworm\n|-damage|p2a: Orthworm|17\/100\n|-unboost|p1a: Hawlucha|def|1\n|-unboost|p1a: Hawlucha|spd|1\n|move|p2b: Gyarados|Waterfall|p1a: Hawlucha\n|-crit|p1a: Hawlucha\n|-damage|p1a: Hawlucha|0 fnt\n|faint|p1a: Hawlucha\n|move|p1b: Iron Thorns|Rock Blast|p2b: Gyarados\n|-damage|p2b: Gyarados|90\/100\n|-damage|p2b: Gyarados|81\/100\n|-damage|p2b: Gyarados|70\/100\n|-damage|p2b: Gyarados|59\/100\n|-hitcount|p2b: Gyarados|4\n|move|p2a: Orthworm|Heavy Slam|p1b: Iron Thorns\n|-damage|p1b: Iron Thorns|49\/100\n|\n|-heal|p2a: Orthworm|23\/100|[from] item: Leftovers\n|upkeep\n|turn|6\n|inactive|RonJohn has 30 seconds left.\n|inactive|RonJohn has 20 seconds left.\n|\n|t:|1683692055\n|move|p2a: Orthworm|Protect|p2a: Orthworm\n|-singleturn|p2a: Orthworm|Protect\n|move|p2b: Gyarados|Thunder Wave|p1b: Iron Thorns\n|-status|p1b: Iron Thorns|par\n|move|p1b: Iron Thorns|Thunder Punch|p2b: Gyarados\n|-supereffective|p2b: Gyarados\n|-damage|p2b: Gyarados|0 fnt\n|faint|p2b: Gyarados\n|\n|-heal|p2a: Orthworm|29\/100|[from] item: Leftovers\n|upkeep\n|turn|7\n|\n|t:|1683692074\n|move|p2a: Orthworm|Heavy Slam|p1b: Iron Thorns\n|-damage|p1b: Iron Thorns|32\/100 par\n|move|p1b: Iron Thorns|Thunder Punch|p2a: Orthworm\n|-damage|p2a: Orthworm|2\/100\n|\n|-heal|p2a: Orthworm|8\/100|[from] item: Leftovers\n|upkeep\n|turn|8\n|\n|t:|1683692086\n|move|p2a: Orthworm|Protect|p2a: Orthworm\n|-singleturn|p2a: Orthworm|Protect\n|move|p1b: Iron Thorns|Thunder Punch|p2a: Orthworm\n|-activate|p2a: Orthworm|move: Protect\n|\n|-heal|p2a: Orthworm|14\/100|[from] item: Leftovers\n|-fieldend|move: Electric Terrain\n|-end|p1b: Iron Thorns|Quark Drive\n|upkeep\n|turn|9\n|\n|t:|1683692100\n|move|p2a: Orthworm|Heavy Slam|p1b: Iron Thorns\n|-damage|p1b: Iron Thorns|16\/100 par\n|move|p1b: Iron Thorns|Thunder Punch|p2a: Orthworm\n|-damage|p2a: Orthworm|0 fnt\n|faint|p2a: Orthworm\n|\n|win|NutritiousLemon\n|raw|NutritiousLemon's rating: 1282 → 1304<\/strong> (+22 for winning)\n|raw|RonJohn's rating: 1245 → 1223<\/strong> (-22 for losing)\n|c|\u2606NutritiousLemon|gg\n|c|\u2606RonJohn|gg\n","uploadtime":1683692112,"views":17,"p1id":"nutritiouslemon","p2id":"ronjohn","formatid":"gen9vgc2023regulationc","rating":1223,"private":0,"password":""}