{"id":"gen9vgc2023regulationc-1864201415","p1":"LuvdiscMeta","p2":"anshar_training","format":"[Gen 9] VGC 2023 Regulation C","log":"|j|\u2606LuvdiscMeta\n|j|\u2606anshar_training\n|t:|1684135541\n|gametype|doubles\n|player|p1|LuvdiscMeta|dawn|1297\n|player|p2|anshar_training|pokemaniac|1322\n|teamsize|p1|6\n|teamsize|p2|6\n|gen|9\n|tier|[Gen 9] VGC 2023 Regulation C\n|rated|\n|rule|Species Clause: Limit one of each Pok\u00e9mon\n|rule|Item Clause: Limit one of each item\n|clearpoke\n|poke|p1|Tyranitar, L50, M|\n|poke|p1|Ting-Lu, L50|\n|poke|p1|Corviknight, L50, M|\n|poke|p1|Amoonguss, L50, F|\n|poke|p1|Iron Bundle, L50|\n|poke|p1|Annihilape, L50, F|\n|poke|p2|Gyarados, L50, M|\n|poke|p2|Flutter Mane, L50|\n|poke|p2|Chi-Yu, L50|\n|poke|p2|Amoonguss, L50, M|\n|poke|p2|Garchomp, L50, M|\n|poke|p2|Kingambit, L50, F|\n|teampreview|4\n|inactive|Battle timer is ON: inactive players will automatically lose when time's up. (requested by anshar_training)\n|inactive|LuvdiscMeta has 60 seconds left.\n|\n|t:|1684135588\n|start\n|switch|p1a: Iron Bundle|Iron Bundle, L50|100\/100\n|switch|p1b: Tyranitar|Tyranitar, L50, M|100\/100\n|switch|p2a: Flutter Mane|Flutter Mane, L50|100\/100\n|switch|p2b: Amoonguss|Amoonguss, L50, M|100\/100\n|-weather|Sandstorm|[from] ability: Sand Stream|[of] p1b: Tyranitar\n|-enditem|p1a: Iron Bundle|Booster Energy\n|-activate|p1a: Iron Bundle|ability: Quark Drive|[fromitem]\n|-start|p1a: Iron Bundle|quarkdrivespe\n|-enditem|p2a: Flutter Mane|Booster Energy\n|-activate|p2a: Flutter Mane|ability: Protosynthesis|[fromitem]\n|-start|p2a: Flutter Mane|protosynthesisspa\n|turn|1\n|inactive|LuvdiscMeta has 30 seconds left.\n|inactive|anshar_training has 30 seconds left.\n|inactive|LuvdiscMeta has 20 seconds left.\n|inactive|anshar_training has 20 seconds left.\n|\n|t:|1684135628\n|move|p2b: Amoonguss|Rage Powder|p2b: Amoonguss\n|-singleturn|p2b: Amoonguss|move: Rage Powder\n|move|p1a: Iron Bundle|Icy Wind|p2a: Flutter Mane|[spread] p2a,p2b\n|-supereffective|p2b: Amoonguss\n|-damage|p2a: Flutter Mane|80\/100\n|-damage|p2b: Amoonguss|65\/100\n|-unboost|p2a: Flutter Mane|spe|1\n|-unboost|p2b: Amoonguss|spe|1\n|move|p2a: Flutter Mane|Dazzling Gleam|p1b: Tyranitar|[spread] p1a,p1b\n|-supereffective|p1b: Tyranitar\n|-damage|p1a: Iron Bundle|25\/100\n|-damage|p1b: Tyranitar|47\/100\n|move|p1b: Tyranitar|Rock Slide|p2b: Amoonguss|[spread] p2a,p2b\n|-crit|p2b: Amoonguss\n|-damage|p2a: Flutter Mane|26\/100\n|-damage|p2b: Amoonguss|29\/100\n|-enditem|p2b: Amoonguss|Sitrus Berry|[eat]\n|-heal|p2b: Amoonguss|53\/100|[from] item: Sitrus Berry\n|\n|-weather|Sandstorm|[upkeep]\n|-damage|p1a: Iron Bundle|19\/100|[from] Sandstorm\n|-damage|p2a: Flutter Mane|20\/100|[from] Sandstorm\n|-damage|p2b: Amoonguss|48\/100|[from] Sandstorm\n|upkeep\n|turn|2\n|inactive|LuvdiscMeta has 30 seconds left.\n|inactive|anshar_training has 30 seconds left.\n|\n|t:|1684135662\n|move|p1b: Tyranitar|Protect|p1b: Tyranitar\n|-singleturn|p1b: Tyranitar|Protect\n|move|p1a: Iron Bundle|Icy Wind|p2a: Flutter Mane|[spread] p2a,p2b\n|-supereffective|p2b: Amoonguss\n|-damage|p2a: Flutter Mane|0 fnt\n|-damage|p2b: Amoonguss|12\/100\n|-unboost|p2b: Amoonguss|spe|1\n|faint|p2a: Flutter Mane\n|-end|p2a: Flutter Mane|Protosynthesis|[silent]\n|move|p2b: Amoonguss|Pollen Puff|p2: Flutter Mane|[notarget]\n|-fail|p2b: Amoonguss\n|\n|-weather|Sandstorm|[upkeep]\n|-damage|p1a: Iron Bundle|13\/100|[from] Sandstorm\n|-damage|p2b: Amoonguss|6\/100|[from] Sandstorm\n|upkeep\n|\n|t:|1684135676\n|switch|p2a: Chi-Yu|Chi-Yu, L50|100\/100\n|-ability|p2a: Chi-Yu|Beads of Ruin\n|turn|3\n|\n|t:|1684135686\n|switch|p2b: Gyarados|Gyarados, L50, M|100\/100\n|-ability|p2b: Gyarados|Intimidate|boost\n|-unboost|p1a: Iron Bundle|atk|1\n|-fail|p1b: Tyranitar|unboost|[from] item: Clear Amulet|[of] p1b: Tyranitar\n|-terastallize|p2a: Chi-Yu|Water\n|move|p1a: Iron Bundle|Icy Wind|p2a: Chi-Yu|[spread] p2a,p2b\n|-resisted|p2a: Chi-Yu\n|-damage|p2a: Chi-Yu|90\/100\n|-damage|p2b: Gyarados|79\/100\n|-unboost|p2a: Chi-Yu|spe|1\n|-unboost|p2b: Gyarados|spe|1\n|move|p1b: Tyranitar|Rock Slide|p2a: Chi-Yu|[spread] p2a,p2b\n|-crit|p2a: Chi-Yu\n|-supereffective|p2b: Gyarados\n|-damage|p2a: Chi-Yu|26\/100\n|-damage|p2b: Gyarados|21\/100\n|-enditem|p2b: Gyarados|Aguav Berry|[eat]\n|-heal|p2b: Gyarados|54\/100|[from] item: Aguav Berry\n|cant|p2a: Chi-Yu|flinch\n|\n|-weather|Sandstorm|[upkeep]\n|-damage|p1a: Iron Bundle|7\/100|[from] Sandstorm\n|-damage|p2b: Gyarados|48\/100|[from] Sandstorm\n|upkeep\n|turn|4\n|inactive|LuvdiscMeta has 30 seconds left.\n|inactive|anshar_training has 30 seconds left.\n|\n|t:|1684135716\n|move|p2a: Chi-Yu|Protect|p2a: Chi-Yu\n|-singleturn|p2a: Chi-Yu|Protect\n|move|p1a: Iron Bundle|Freeze-Dry|p2b: Gyarados\n|-supereffective|p2b: Gyarados\n|-damage|p2b: Gyarados|0 fnt\n|faint|p2b: Gyarados\n|move|p1b: Tyranitar|Rock Slide|p2a: Chi-Yu\n|-activate|p2a: Chi-Yu|move: Protect\n|\n|-weather|Sandstorm|[upkeep]\n|-damage|p1a: Iron Bundle|1\/100|[from] Sandstorm\n|upkeep\n|\n|t:|1684135726\n|switch|p2b: Amoonguss|Amoonguss, L50, M|39\/100\n|turn|5\n|\n|t:|1684135735\n|move|p1a: Iron Bundle|Freeze-Dry|p2b: Amoonguss\n|-supereffective|p2b: Amoonguss\n|-damage|p2b: Amoonguss|0 fnt\n|faint|p2b: Amoonguss\n|move|p1b: Tyranitar|Rock Slide|p2a: Chi-Yu\n|-damage|p2a: Chi-Yu|0 fnt\n|faint|p2a: Chi-Yu\n|\n|win|LuvdiscMeta\n|raw|LuvdiscMeta's rating: 1297 → 1324<\/strong> (+27 for winning)\n|raw|anshar_training's rating: 1322 → 1301<\/strong> (-21 for losing)\n","uploadtime":1684135743,"views":11,"p1id":"luvdiscmeta","p2id":"anshartraining","formatid":"gen9vgc2023regulationc","rating":1301,"private":0,"password":""}