{"id":"gen9vgc2023regulationc-1859373896","p1":"Arcacagne","p2":"enyelvgc","format":"[Gen 9] VGC 2023 Regulation C","log":"|j|\u2606Arcacagne\n|j|\u2606enyelvgc\n|t:|1683450487\n|gametype|doubles\n|player|p1|Arcacagne|2|1125\n|player|p2|enyelvgc|veteran|1193\n|teamsize|p1|6\n|teamsize|p2|6\n|gen|9\n|tier|[Gen 9] VGC 2023 Regulation C\n|rated|\n|rule|Species Clause: Limit one of each Pok\u00e9mon\n|rule|Item Clause: Limit one of each item\n|clearpoke\n|poke|p1|Chi-Yu, L50|\n|poke|p1|Flutter Mane, L50|\n|poke|p1|Amoonguss, L50, F|\n|poke|p1|Palafin, L50, M|\n|poke|p1|Kingambit, L50, F|\n|poke|p1|Arcanine, L50, M|\n|poke|p2|Flutter Mane, L50|\n|poke|p2|Chi-Yu, L50|\n|poke|p2|Great Tusk, L50|\n|poke|p2|Maushold, L50|\n|poke|p2|Armarouge, L50, M|\n|poke|p2|Indeedee-F, L50, F|\n|teampreview|4\n|inactive|Battle timer is ON: inactive players will automatically lose when time's up. (requested by enyelvgc)\n|inactive|Arcacagne has 60 seconds left.\n|inactive|enyelvgc has 60 seconds left.\n|inactive|enyelvgc has 30 seconds left.\n|inactive|enyelvgc has 20 seconds left.\n|inactive|enyelvgc has 15 seconds left.\n|\n|t:|1683450562\n|start\n|switch|p1a: Chi-Yu|Chi-Yu, L50|100\/100\n|switch|p1b: Amoonguss|Amoonguss, L50, F|100\/100\n|switch|p2a: Great Tusk|Great Tusk, L50|100\/100\n|switch|p2b: Maushold|Maushold, L50, shiny|100\/100\n|-ability|p1a: Chi-Yu|Beads of Ruin\n|turn|1\n|inactive|Arcacagne has 30 seconds left.\n|inactive|Arcacagne has 20 seconds left.\n|\n|t:|1683450601\n|move|p1a: Chi-Yu|Protect|p1a: Chi-Yu\n|-singleturn|p1a: Chi-Yu|Protect\n|move|p2a: Great Tusk|Protect|p2a: Great Tusk\n|-singleturn|p2a: Great Tusk|Protect\n|move|p2b: Maushold|Taunt|p1b: Amoonguss\n|-start|p1b: Amoonguss|move: Taunt\n|cant|p1b: Amoonguss|move: Taunt|Spore\n|\n|upkeep\n|turn|2\n|inactive|Arcacagne has 30 seconds left.\n|inactive|enyelvgc has 30 seconds left.\n|inactive|Arcacagne has 20 seconds left.\n|inactive|enyelvgc has 20 seconds left.\n|inactive|enyelvgc has 15 seconds left.\n|inactive|enyelvgc has 10 seconds left.\n|inactive|enyelvgc has 5 seconds left.\n|\n|t:|1683450654\n|switch|p1b: Arcanine|Arcanine, L50, M|100\/100\n|-ability|p1b: Arcanine|Intimidate|boost\n|-fail|p2a: Great Tusk|unboost|[from] item: Clear Amulet|[of] p2a: Great Tusk\n|-unboost|p2b: Maushold|atk|1\n|-terastallize|p1a: Chi-Yu|Water\n|move|p1a: Chi-Yu|Heat Wave|p2b: Maushold|[spread] p2a,p2b\n|-damage|p2a: Great Tusk|49\/100\n|-damage|p2b: Maushold|54\/100\n|-status|p2a: Great Tusk|brn\n|move|p2b: Maushold|Super Fang|p1a: Chi-Yu|[miss]\n|-miss|p2b: Maushold|p1a: Chi-Yu\n|move|p2a: Great Tusk|Headlong Rush|p1a: Chi-Yu\n|-damage|p1a: Chi-Yu|60\/100\n|-unboost|p2a: Great Tusk|def|1\n|-unboost|p2a: Great Tusk|spd|1\n|\n|-damage|p2a: Great Tusk|44\/100 brn|[from] brn\n|upkeep\n|turn|3\n|inactive|enyelvgc has 30 seconds left.\n|inactive|Arcacagne has 30 seconds left.\n|inactive|enyelvgc has 20 seconds left.\n|\n|t:|1683450692\n|-end|p2a: Great Tusk|Protosynthesis|[silent]\n|switch|p2a: Chi-Yu|Chi-Yu, L50|100\/100\n|-ability|p2a: Chi-Yu|Beads of Ruin\n|move|p1b: Arcanine|Extreme Speed|p2b: Maushold\n|-damage|p2b: Maushold|28\/100\n|-enditem|p2b: Maushold|Sitrus Berry|[eat]\n|-heal|p2b: Maushold|53\/100|[from] item: Sitrus Berry\n|move|p1a: Chi-Yu|Heat Wave|p2b: Maushold|[spread] p2a,p2b\n|-resisted|p2a: Chi-Yu\n|-damage|p2a: Chi-Yu|85\/100\n|-damage|p2b: Maushold|4\/100\n|move|p2b: Maushold|Super Fang|p1b: Arcanine\n|-damage|p1b: Arcanine|51\/100\n|\n|upkeep\n|turn|4\n|inactive|enyelvgc has 30 seconds left.\n|inactive|enyelvgc has 20 seconds left.\n|inactive|enyelvgc has 15 seconds left.\n|inactive|enyelvgc has 10 seconds left.\n|inactive|enyelvgc has 5 seconds left.\n|\n|t:|1683450743\n|move|p2b: Maushold|Feint|p1a: Chi-Yu\n|-damage|p1a: Chi-Yu|52\/100\n|move|p1b: Arcanine|Extreme Speed|p2b: Maushold\n|-damage|p2b: Maushold|0 fnt\n|faint|p2b: Maushold\n|move|p2a: Chi-Yu|Dark Pulse|p1a: Chi-Yu\n|-damage|p1a: Chi-Yu|11\/100\n|move|p1a: Chi-Yu|Nasty Plot|p1a: Chi-Yu\n|-boost|p1a: Chi-Yu|spa|2\n|\n|upkeep\n|\n|t:|1683450755\n|switch|p2b: Great Tusk|Great Tusk, L50|44\/100 brn\n|turn|5\n|\n|t:|1683450773\n|move|p1a: Chi-Yu|Protect|p1a: Chi-Yu\n|-singleturn|p1a: Chi-Yu|Protect\n|move|p2a: Chi-Yu|Heat Wave|p1a: Chi-Yu|[spread] p1b\n|-activate|p1a: Chi-Yu|move: Protect\n|-resisted|p1b: Arcanine\n|-damage|p1b: Arcanine|28\/100\n|move|p2b: Great Tusk|Headlong Rush|p1b: Arcanine\n|-supereffective|p1b: Arcanine\n|-damage|p1b: Arcanine|0 fnt\n|-unboost|p2b: Great Tusk|def|1\n|-unboost|p2b: Great Tusk|spd|1\n|faint|p1b: Arcanine\n|\n|-damage|p2b: Great Tusk|38\/100 brn|[from] brn\n|upkeep\n|\n|t:|1683450789\n|switch|p1b: Flutter Mane|Flutter Mane, L50|100\/100\n|-enditem|p1b: Flutter Mane|Booster Energy\n|-activate|p1b: Flutter Mane|ability: Protosynthesis|[fromitem]\n|-start|p1b: Flutter Mane|protosynthesisspa\n|turn|6\n|\n|t:|1683450814\n|-end|p2b: Great Tusk|Protosynthesis|[silent]\n|switch|p2b: Flutter Mane|Flutter Mane, L50|100\/100\n|-enditem|p2b: Flutter Mane|Booster Energy\n|-activate|p2b: Flutter Mane|ability: Protosynthesis|[fromitem]\n|-start|p2b: Flutter Mane|protosynthesisspe\n|move|p1b: Flutter Mane|Moonblast|p2b: Flutter Mane\n|-damage|p2b: Flutter Mane|23\/100\n|move|p2a: Chi-Yu|Heat Wave|p1b: Flutter Mane|[spread] p1b\n|-miss|p2a: Chi-Yu|p1a: Chi-Yu\n|-damage|p1b: Flutter Mane|59\/100\n|-status|p1b: Flutter Mane|brn\n|move|p1a: Chi-Yu|Heat Wave|p2a: Chi-Yu|[spread] p2a\n|-miss|p1a: Chi-Yu|p2b: Flutter Mane\n|-resisted|p2a: Chi-Yu\n|-damage|p2a: Chi-Yu|44\/100\n|\n|-damage|p1b: Flutter Mane|53\/100 brn|[from] brn\n|upkeep\n|turn|7\n|inactive|Arcacagne has 30 seconds left.\n|\n|t:|1683450846\n|move|p1b: Flutter Mane|Protect|p1b: Flutter Mane\n|-singleturn|p1b: Flutter Mane|Protect\n|move|p2b: Flutter Mane|Shadow Ball|p1b: Flutter Mane\n|-activate|p1b: Flutter Mane|move: Protect\n|move|p2a: Chi-Yu|Dark Pulse|p1a: Chi-Yu\n|-damage|p1a: Chi-Yu|0 fnt\n|faint|p1a: Chi-Yu\n|\n|-damage|p1b: Flutter Mane|46\/100 brn|[from] brn\n|upkeep\n|\n|t:|1683450855\n|switch|p1a: Amoonguss|Amoonguss, L50, F|100\/100\n|turn|8\n|\n|t:|1683450873\n|move|p2b: Flutter Mane|Protect|p2b: Flutter Mane\n|-singleturn|p2b: Flutter Mane|Protect\n|move|p1a: Amoonguss|Rage Powder|p1a: Amoonguss\n|-singleturn|p1a: Amoonguss|move: Rage Powder\n|move|p1b: Flutter Mane|Moonblast|p2a: Chi-Yu\n|-damage|p2a: Chi-Yu|0 fnt\n|faint|p2a: Chi-Yu\n|\n|-damage|p1b: Flutter Mane|40\/100 brn|[from] brn\n|upkeep\n|\n|t:|1683450890\n|switch|p2a: Great Tusk|Great Tusk, L50|38\/100 brn\n|turn|9\n|\n|t:|1683450907\n|-terastallize|p2a: Great Tusk|Fire\n|move|p1a: Amoonguss|Rage Powder|p1a: Amoonguss\n|-singleturn|p1a: Amoonguss|move: Rage Powder\n|move|p2b: Flutter Mane|Shadow Ball|p1a: Amoonguss\n|-damage|p1a: Amoonguss|65\/100\n|move|p1b: Flutter Mane|Moonblast|p2a: Great Tusk\n|-resisted|p2a: Great Tusk\n|-damage|p2a: Great Tusk|0 fnt\n|faint|p2a: Great Tusk\n|-end|p2a: Great Tusk|Protosynthesis|[silent]\n|\n|-damage|p1b: Flutter Mane|34\/100 brn|[from] brn\n|upkeep\n|turn|10\n|-message|enyelvgc forfeited.\n|\n|win|Arcacagne\n|raw|Arcacagne's rating: 1125 → 1155<\/strong> (+30 for winning)\n|raw|enyelvgc's rating: 1193 → 1163<\/strong> (-30 for losing)\n|l|\u2606enyelvgc\n||Ladder isn't responding, score probably updated but might not have (Request timeout).\n","uploadtime":1683451106,"views":16,"p1id":"arcacagne","p2id":"enyelvgc","formatid":"gen9vgc2023regulationc","rating":1155,"private":0,"password":""}