{"id":"gen9vgc2023regulationc-1861196418","p1":"D-scNSe","p2":"al24088","format":"[Gen 9] VGC 2023 Regulation C","log":"|j|\u2606D-scNSe\n|j|\u2606al24088\n|t:|1683734964\n|gametype|doubles\n|player|p1|D-scNSe|169|1357\n|player|p2|al24088|pilot|1393\n|teamsize|p1|6\n|teamsize|p2|6\n|gen|9\n|tier|[Gen 9] VGC 2023 Regulation C\n|rated|\n|rule|Species Clause: Limit one of each Pok\u00e9mon\n|rule|Item Clause: Limit one of each item\n|clearpoke\n|poke|p1|Flutter Mane, L50|\n|poke|p1|Ting-Lu, L50|\n|poke|p1|Maushold-Four, L50|\n|poke|p1|Annihilape, L50, M|\n|poke|p1|Iron Bundle, L50|\n|poke|p1|Arcanine, L50, F|\n|poke|p2|Glimmora, L50, M|\n|poke|p2|Maushold, L50|\n|poke|p2|Flutter Mane, L50|\n|poke|p2|Corviknight, L50, F|\n|poke|p2|Chi-Yu, L50|\n|poke|p2|Ting-Lu, L50|\n|teampreview|4\n|\n|t:|1683735004\n|start\n|switch|p1a: Arcanine|Arcanine, L50, F|100\/100\n|switch|p1b: Ting-Lu|Ting-Lu, L50|100\/100\n|switch|p2a: Flutter Mane|Flutter Mane, L50, shiny|100\/100\n|switch|p2b: Chi-Yu|Chi-Yu, L50|100\/100\n|-ability|p2b: Chi-Yu|Beads of Ruin\n|-ability|p1a: Arcanine|Intimidate|boost\n|-unboost|p2a: Flutter Mane|atk|1\n|-unboost|p2b: Chi-Yu|atk|1\n|-ability|p1b: Ting-Lu|Vessel of Ruin\n|turn|1\n|inactive|Battle timer is ON: inactive players will automatically lose when time's up. (requested by D-scNSe)\n|\n|t:|1683735021\n|-terastallize|p1b: Ting-Lu|Poison\n|move|p2b: Chi-Yu|Dark Pulse|p1a: Arcanine\n|-damage|p1a: Arcanine|54\/100\n|move|p2a: Flutter Mane|Moonblast|p1b: Ting-Lu\n|-resisted|p1b: Ting-Lu\n|-damage|p1b: Ting-Lu|81\/100\n|move|p1a: Arcanine|Flare Blitz|p2a: Flutter Mane\n|-damage|p2a: Flutter Mane|6\/100\n|-damage|p1a: Arcanine|32\/100|[from] Recoil\n|-enditem|p1a: Arcanine|Sitrus Berry|[eat]\n|-heal|p1a: Arcanine|57\/100|[from] item: Sitrus Berry\n|move|p1b: Ting-Lu|Stomping Tantrum|p2b: Chi-Yu\n|-supereffective|p2b: Chi-Yu\n|-damage|p2b: Chi-Yu|0 fnt\n|faint|p2b: Chi-Yu\n|\n|upkeep\n|\n|t:|1683735031\n|switch|p2b: Ting-Lu|Ting-Lu, L50|100\/100\n|-ability|p2b: Ting-Lu|Vessel of Ruin\n|turn|2\n|inactive|D-scNSe has 30 seconds left.\n|\n|t:|1683735056\n|-end|p2a: Flutter Mane|Protosynthesis|[silent]\n|switch|p2a: Glimmora|Glimmora, L50, M, shiny|100\/100\n|move|p1a: Arcanine|Will-O-Wisp|p2b: Ting-Lu\n|-status|p2b: Ting-Lu|brn\n|move|p2b: Ting-Lu|Stomping Tantrum|p1a: Arcanine\n|-supereffective|p1a: Arcanine\n|-damage|p1a: Arcanine|27\/100\n|move|p1b: Ting-Lu|Ruination|p2b: Ting-Lu\n|-damage|p2b: Ting-Lu|50\/100 brn\n|\n|-damage|p2b: Ting-Lu|45\/100 brn|[from] brn\n|upkeep\n|turn|3\n|\n|t:|1683735075\n|-terastallize|p2a: Glimmora|Grass\n|move|p1a: Arcanine|Protect|p1a: Arcanine\n|-singleturn|p1a: Arcanine|Protect\n|move|p2a: Glimmora|Power Gem|p1a: Arcanine\n|-activate|p1a: Arcanine|move: Protect\n|move|p2b: Ting-Lu|Stealth Rock|p1b: Ting-Lu\n|-sidestart|p1: D-scNSe|move: Stealth Rock\n|move|p1b: Ting-Lu|Stomping Tantrum|p2a: Glimmora\n|-resisted|p2a: Glimmora\n|-damage|p2a: Glimmora|83\/100\n|-activate|p2a: Glimmora|ability: Toxic Debris\n|-sidestart|p1: D-scNSe|move: Toxic Spikes\n|\n|-damage|p2b: Ting-Lu|39\/100 brn|[from] brn\n|upkeep\n|turn|4\n|\n|t:|1683735100\n|move|p1a: Arcanine|Extreme Speed|p2a: Glimmora\n|-damage|p2a: Glimmora|59\/100\n|-activate|p2a: Glimmora|ability: Toxic Debris\n|-sidestart|p1: D-scNSe|move: Toxic Spikes\n|move|p2a: Glimmora|Earth Power|p1b: Ting-Lu\n|-supereffective|p1b: Ting-Lu\n|-damage|p1b: Ting-Lu|55\/100\n|move|p2b: Ting-Lu|Stomping Tantrum|p1b: Ting-Lu\n|-supereffective|p1b: Ting-Lu\n|-damage|p1b: Ting-Lu|39\/100\n|move|p1b: Ting-Lu|Heavy Slam|p2a: Glimmora\n|-crit|p2a: Glimmora\n|-damage|p2a: Glimmora|6\/100\n|\n|-damage|p2b: Ting-Lu|33\/100 brn|[from] brn\n|upkeep\n|turn|5\n|\n|t:|1683735121\n|move|p1a: Arcanine|Extreme Speed|p2a: Glimmora\n|-damage|p2a: Glimmora|0 fnt\n|faint|p2a: Glimmora\n|move|p2b: Ting-Lu|Stomping Tantrum|p1a: Arcanine\n|-supereffective|p1a: Arcanine\n|-damage|p1a: Arcanine|0 fnt\n|faint|p1a: Arcanine\n|move|p1b: Ting-Lu|Stomping Tantrum|p2b: Ting-Lu\n|-damage|p2b: Ting-Lu|15\/100 brn\n|\n|-damage|p2b: Ting-Lu|9\/100 brn|[from] brn\n|upkeep\n|\n|t:|1683735134\n|switch|p1a: Iron Bundle|Iron Bundle, L50|100\/100\n|switch|p2a: Flutter Mane|Flutter Mane, L50, shiny|6\/100\n|-damage|p1a: Iron Bundle|75\/100|[from] Stealth Rock\n|-status|p1a: Iron Bundle|tox\n|turn|6\n|-message|al24088 forfeited.\n|\n|win|D-scNSe\n|raw|D-scNSe's rating: 1357 → 1379<\/strong> (+22 for winning)\n|raw|al24088's rating: 1393 → 1371<\/strong> (-22 for losing)\n|l|\u2606al24088\n","uploadtime":1683735155,"views":6,"p1id":"dscnse","p2id":"al24088","formatid":"gen9vgc2023regulationc","rating":1371,"private":0,"password":""}