{"id":"gen9vgc2023regulationc-1862084811","p1":"revocolombia","p2":"ShadyTigers","format":"[Gen 9] VGC 2023 Regulation C","log":"|j|\u2606revocolombia\n|j|\u2606ShadyTigers\n|t:|1683835395\n|gametype|doubles\n|player|p1|revocolombia|pokemonranger-gen4|1290\n|player|p2|ShadyTigers|170|1198\n|teamsize|p1|6\n|teamsize|p2|6\n|gen|9\n|tier|[Gen 9] VGC 2023 Regulation C\n|rated|\n|rule|Species Clause: Limit one of each Pok\u00e9mon\n|rule|Item Clause: Limit one of each item\n|clearpoke\n|poke|p1|Flutter Mane, L50|\n|poke|p1|Great Tusk, L50|\n|poke|p1|Dragonite, L50, F|\n|poke|p1|Chien-Pao, L50|\n|poke|p1|Murkrow, L50, M|\n|poke|p1|Sandy Shocks, L50|\n|poke|p2|Roaring Moon, L50|\n|poke|p2|Iron Bundle, L50|\n|poke|p2|Arcanine, L50, F|\n|poke|p2|Amoonguss, L50, F|\n|poke|p2|Tyranitar, L50, F|\n|poke|p2|Palafin, L50, F|\n|teampreview|4\n|\n|t:|1683835425\n|start\n|switch|p1a: Great Tusk|Great Tusk, L50|100\/100\n|switch|p1b: Murkrow|Murkrow, L50, M|100\/100\n|switch|p2a: Arcanine|Arcanine, L50, F|100\/100\n|switch|p2b: Roaring Moon|Roaring Moon, L50|100\/100\n|-ability|p2a: Arcanine|Intimidate|boost\n|-fail|p1a: Great Tusk|unboost|[from] item: Clear Amulet|[of] p1a: Great Tusk\n|-unboost|p1b: Murkrow|atk|1\n|-enditem|p2b: Roaring Moon|Booster Energy\n|-activate|p2b: Roaring Moon|ability: Protosynthesis|[fromitem]\n|-start|p2b: Roaring Moon|protosynthesisspe\n|turn|1\n|inactive|Battle timer is ON: inactive players will automatically lose when time's up. (requested by ShadyTigers)\n|\n|t:|1683835452\n|-terastallize|p2b: Roaring Moon|Flying\n|-terastallize|p1a: Great Tusk|Fire\n|move|p2a: Arcanine|Protect|p2a: Arcanine\n|-singleturn|p2a: Arcanine|Protect\n|move|p1b: Murkrow|Tailwind|p1b: Murkrow\n|-sidestart|p1: revocolombia|move: Tailwind\n|move|p2b: Roaring Moon|Dragon Dance|p2b: Roaring Moon\n|-boost|p2b: Roaring Moon|atk|1\n|-boost|p2b: Roaring Moon|spe|1\n|move|p1a: Great Tusk|Rock Slide|p2a: Arcanine|[spread] p2b\n|-activate|p2a: Arcanine|move: Protect\n|-supereffective|p2b: Roaring Moon\n|-damage|p2b: Roaring Moon|57\/100\n|\n|upkeep\n|turn|2\n|\n|t:|1683835477\n|move|p2b: Roaring Moon|Protect|p2b: Roaring Moon\n|-singleturn|p2b: Roaring Moon|Protect\n|move|p1b: Murkrow|Haze|p1b: Murkrow\n|-clearallboost\n|move|p1a: Great Tusk|Rock Slide|p2a: Arcanine|[spread] p2a\n|-activate|p2b: Roaring Moon|move: Protect\n|-supereffective|p2a: Arcanine\n|-damage|p2a: Arcanine|61\/100\n|move|p2a: Arcanine|Howl|p2a: Arcanine|[spread] p2a,p2b\n|-boost|p2a: Arcanine|atk|1\n|-boost|p2b: Roaring Moon|atk|1\n|\n|upkeep\n|turn|3\n|\n|t:|1683835493\n|switch|p2a: Tyranitar|Tyranitar, L50, F|100\/100\n|-weather|Sandstorm|[from] ability: Sand Stream|[of] p2a: Tyranitar\n|move|p1b: Murkrow|Haze|p1b: Murkrow\n|-clearallboost\n|move|p2b: Roaring Moon|Acrobatics|p1a: Great Tusk\n|-damage|p1a: Great Tusk|65\/100\n|move|p1a: Great Tusk|Rock Slide|p2a: Tyranitar|[spread] p2a,p2b\n|-supereffective|p2b: Roaring Moon\n|-damage|p2a: Tyranitar|85\/100\n|-damage|p2b: Roaring Moon|9\/100\n|\n|-weather|Sandstorm|[upkeep]\n|-damage|p2b: Roaring Moon|3\/100|[from] Sandstorm\n|-damage|p1a: Great Tusk|59\/100|[from] Sandstorm\n|-damage|p1b: Murkrow|95\/100|[from] Sandstorm\n|upkeep\n|turn|4\n|\n|t:|1683835515\n|move|p1b: Murkrow|Sunny Day|p1b: Murkrow\n|-weather|SunnyDay\n|-activate|p1a: Great Tusk|ability: Protosynthesis\n|-start|p1a: Great Tusk|protosynthesisatk\n|move|p2b: Roaring Moon|Throat Chop|p1a: Great Tusk\n|-damage|p1a: Great Tusk|31\/100\n|-start|p1a: Great Tusk|Throat Chop|[silent]\n|move|p1a: Great Tusk|Earthquake|p2a: Tyranitar|[spread] p2a\n|-immune|p1b: Murkrow\n|-immune|p2b: Roaring Moon\n|-supereffective|p2a: Tyranitar\n|-damage|p2a: Tyranitar|0 fnt\n|faint|p2a: Tyranitar\n|\n|-weather|SunnyDay|[upkeep]\n|-sideend|p1: revocolombia|move: Tailwind\n|upkeep\n|\n|t:|1683835523\n|switch|p2a: Iron Bundle|Iron Bundle, L50|100\/100\n|turn|5\n|\n|t:|1683835542\n|move|p2a: Iron Bundle|Protect|p2a: Iron Bundle\n|-singleturn|p2a: Iron Bundle|Protect\n|move|p1b: Murkrow|Tailwind|p1b: Murkrow\n|-sidestart|p1: revocolombia|move: Tailwind\n|move|p2b: Roaring Moon|Acrobatics|p1a: Great Tusk\n|-damage|p1a: Great Tusk|0 fnt\n|faint|p1a: Great Tusk\n|-end|p1a: Great Tusk|Protosynthesis|[silent]\n|\n|-weather|SunnyDay|[upkeep]\n|upkeep\n|\n|t:|1683835554\n|switch|p1a: Flutter Mane|Flutter Mane, L50|100\/100\n|-activate|p1a: Flutter Mane|ability: Protosynthesis\n|-start|p1a: Flutter Mane|protosynthesisspa\n|turn|6\n|\n|t:|1683835568\n|move|p2b: Roaring Moon|Protect|p2b: Roaring Moon\n|-singleturn|p2b: Roaring Moon|Protect\n|move|p1b: Murkrow|Haze|p1b: Murkrow\n|-clearallboost\n|move|p1a: Flutter Mane|Dazzling Gleam|p2b: Roaring Moon|[spread] p2a\n|-activate|p2b: Roaring Moon|move: Protect\n|-crit|p2a: Iron Bundle\n|-enditem|p2a: Iron Bundle|Focus Sash\n|-damage|p2a: Iron Bundle|1\/100\n|move|p2a: Iron Bundle|Icy Wind|p1a: Flutter Mane|[spread] p1a,p1b\n|-supereffective|p1b: Murkrow\n|-damage|p1a: Flutter Mane|81\/100\n|-damage|p1b: Murkrow|55\/100\n|-unboost|p1a: Flutter Mane|spe|1\n|-unboost|p1b: Murkrow|spe|1\n|\n|-weather|SunnyDay|[upkeep]\n|upkeep\n|turn|7\n|-message|ShadyTigers forfeited.\n|\n|win|revocolombia\n|raw|revocolombia's rating: 1290 → 1309<\/strong> (+19 for winning)\n|raw|ShadyTigers's rating: 1198 → 1179<\/strong> (-19 for losing)\n|l|\u2606ShadyTigers\n","uploadtime":1683835589,"views":13,"p1id":"revocolombia","p2id":"shadytigers","formatid":"gen9vgc2023regulationc","rating":1179,"private":0,"password":""}