{"id":"gen9vgc2023regulationc-1850967174","p1":"tukeydukey","p2":"Juan-033","format":"[Gen 9] VGC 2023 Regulation C","log":"|j|\u2606tukeydukey\n|j|\u2606Juan-033\n|t:|1682388038\n|gametype|doubles\n|player|p1|tukeydukey|169|1194\n|player|p2|Juan-033|102|1170\n|teamsize|p1|6\n|teamsize|p2|6\n|gen|9\n|tier|[Gen 9] VGC 2023 Regulation C\n|rated|\n|rule|Species Clause: Limit one of each Pok\u00e9mon\n|rule|Item Clause: Limit one of each item\n|clearpoke\n|poke|p1|Iron Bundle, L50|\n|poke|p1|Talonflame, L50, M|\n|poke|p1|Garchomp, L50, F|\n|poke|p1|Gyarados, L50, M|\n|poke|p1|Amoonguss, L50, M|\n|poke|p1|Ting-Lu, L50|\n|poke|p2|Torkoal, L50, F|\n|poke|p2|Flutter Mane, L50|\n|poke|p2|Chi-Yu, L50|\n|poke|p2|Talonflame, L50, F|\n|poke|p2|Roaring Moon, L50|\n|poke|p2|Chien-Pao, L50|\n|teampreview|4\n|inactive|Battle timer is ON: inactive players will automatically lose when time's up. (requested by tukeydukey)\n|inactive|tukeydukey has 60 seconds left.\n|\n|t:|1682388091\n|start\n|switch|p1a: Talonflame|Talonflame, L50, M|100\/100\n|switch|p1b: Garchomp|Garchomp, L50, F|100\/100\n|switch|p2a: Torkoal|Torkoal, L50, F|100\/100\n|switch|p2b: Flutter Mane|Flutter Mane, L50|100\/100\n|-weather|SunnyDay|[from] ability: Drought|[of] p2a: Torkoal\n|-activate|p2b: Flutter Mane|ability: Protosynthesis\n|-start|p2b: Flutter Mane|protosynthesisspe\n|turn|1\n|\n|t:|1682388108\n|-terastallize|p1b: Garchomp|Fire\n|move|p1a: Talonflame|Tailwind|p1a: Talonflame\n|-sidestart|p1: tukeydukey|move: Tailwind\n|move|p1b: Garchomp|Rock Slide|p2a: Torkoal|[spread] p2a,p2b\n|-supereffective|p2a: Torkoal\n|-damage|p2a: Torkoal|75\/100\n|-damage|p2b: Flutter Mane|57\/100\n|move|p2b: Flutter Mane|Dazzling Gleam|p1a: Talonflame|[spread] p1a,p1b\n|-resisted|p1a: Talonflame\n|-resisted|p1b: Garchomp\n|-damage|p1a: Talonflame|70\/100\n|-damage|p1b: Garchomp|76\/100\n|move|p2a: Torkoal|Eruption|p1b: Garchomp|[spread] p1a,p1b\n|-resisted|p1a: Talonflame\n|-resisted|p1b: Garchomp\n|-damage|p1a: Talonflame|47\/100\n|-damage|p1b: Garchomp|56\/100\n|\n|-weather|SunnyDay|[upkeep]\n|upkeep\n|turn|2\n|\n|t:|1682388129\n|move|p1a: Talonflame|Brave Bird|p1b: Garchomp\n|-damage|p1b: Garchomp|21\/100\n|-damage|p1a: Talonflame|35\/100|[from] ability: Rough Skin|[of] p1b: Garchomp\n|-damage|p1a: Talonflame|23\/100|[from] Recoil\n|move|p1b: Garchomp|Earthquake|p2a: Torkoal|[spread] p2a,p2b\n|-immune|p1a: Talonflame\n|-supereffective|p2a: Torkoal\n|-damage|p2a: Torkoal|27\/100\n|-damage|p2b: Flutter Mane|0 fnt\n|-enditem|p2a: Torkoal|Sitrus Berry|[eat]\n|-heal|p2a: Torkoal|52\/100|[from] item: Sitrus Berry\n|faint|p2b: Flutter Mane\n|-end|p2b: Flutter Mane|Protosynthesis|[silent]\n|move|p2a: Torkoal|Yawn|p1b: Garchomp\n|-start|p1b: Garchomp|move: Yawn|[of] p2a: Torkoal\n|\n|-weather|SunnyDay|[upkeep]\n|upkeep\n|\n|t:|1682388148\n|switch|p2b: Chien-Pao|Chien-Pao, L50|100\/100\n|-ability|p2b: Chien-Pao|Sword of Ruin\n|turn|3\n|\n|t:|1682388159\n|switch|p1b: Gyarados|Gyarados, L50, M|100\/100\n|-ability|p1b: Gyarados|Intimidate|boost\n|-unboost|p2a: Torkoal|atk|1\n|-unboost|p2b: Chien-Pao|atk|1\n|move|p2b: Chien-Pao|Protect|p2b: Chien-Pao\n|-singleturn|p2b: Chien-Pao|Protect\n|move|p2a: Torkoal|Protect|p2a: Torkoal\n|-singleturn|p2a: Torkoal|Protect\n|move|p1a: Talonflame|Will-O-Wisp|p2b: Chien-Pao\n|-activate|p2b: Chien-Pao|move: Protect\n|\n|-weather|SunnyDay|[upkeep]\n|upkeep\n|turn|4\n|\n|t:|1682388174\n|switch|p2a: Roaring Moon|Roaring Moon, L50|100\/100\n|-activate|p2a: Roaring Moon|ability: Protosynthesis\n|-start|p2a: Roaring Moon|protosynthesisatk\n|move|p2b: Chien-Pao|Ice Shard|p1a: Talonflame\n|-damage|p1a: Talonflame|0 fnt\n|faint|p1a: Talonflame\n|move|p1b: Gyarados|Waterfall|p2a: Roaring Moon\n|-resisted|p2a: Roaring Moon\n|-damage|p2a: Roaring Moon|85\/100\n|\n|-weather|SunnyDay|[upkeep]\n|-sideend|p1: tukeydukey|move: Tailwind\n|upkeep\n|\n|t:|1682388183\n|switch|p1a: Ting-Lu|Ting-Lu, L50|100\/100\n|-ability|p1a: Ting-Lu|Vessel of Ruin\n|turn|5\n|\n|t:|1682388192\n|switch|p2b: Torkoal|Torkoal, L50, F|52\/100\n|move|p2a: Roaring Moon|Protect|p2a: Roaring Moon\n|-singleturn|p2a: Roaring Moon|Protect\n|move|p1b: Gyarados|Thunder Wave|p2a: Roaring Moon\n|-activate|p2a: Roaring Moon|move: Protect\n|move|p1a: Ting-Lu|Heavy Slam|p2b: Torkoal\n|-resisted|p2b: Torkoal\n|-damage|p2b: Torkoal|40\/100\n|\n|-weather|none\n|-end|p2a: Roaring Moon|Protosynthesis\n|upkeep\n|-enditem|p2a: Roaring Moon|Booster Energy\n|-activate|p2a: Roaring Moon|ability: Protosynthesis|[fromitem]\n|-start|p2a: Roaring Moon|protosynthesisatk\n|turn|6\n|\n|t:|1682388213\n|switch|p2b: Chien-Pao|Chien-Pao, L50|100\/100\n|-ability|p2b: Chien-Pao|Sword of Ruin\n|move|p2a: Roaring Moon|Dragon Claw|p1b: Gyarados\n|-damage|p1b: Gyarados|22\/100\n|move|p1b: Gyarados|Thunder Wave|p2a: Roaring Moon\n|-status|p2a: Roaring Moon|par\n|move|p1a: Ting-Lu|Earthquake|p2b: Chien-Pao|[spread] p2a,p2b\n|-immune|p1b: Gyarados\n|-damage|p2a: Roaring Moon|18\/100 par\n|-damage|p2b: Chien-Pao|50\/100\n|\n|upkeep\n|turn|7\n|\n|t:|1682388232\n|move|p1b: Gyarados|Protect|p1b: Gyarados\n|-singleturn|p1b: Gyarados|Protect\n|move|p2b: Chien-Pao|Ice Spinner|p1a: Ting-Lu\n|-supereffective|p1a: Ting-Lu\n|-damage|p1a: Ting-Lu|16\/100\n|move|p2a: Roaring Moon|Crunch|p1b: Gyarados\n|-activate|p1b: Gyarados|move: Protect\n|move|p1a: Ting-Lu|Earthquake|p2b: Chien-Pao|[spread] p2a,p2b\n|-activate|p1b: Gyarados|move: Protect\n|-damage|p2a: Roaring Moon|0 fnt\n|-damage|p2b: Chien-Pao|0 fnt\n|faint|p2a: Roaring Moon\n|-end|p2a: Roaring Moon|Protosynthesis|[silent]\n|faint|p2b: Chien-Pao\n|\n|upkeep\n|-message|Juan-033 forfeited.\n|\n|win|tukeydukey\n|raw|tukeydukey's rating: 1194 → 1217<\/strong> (+23 for winning)\n|raw|Juan-033's rating: 1170 → 1147<\/strong> (-23 for losing)\n|l|\u2606Juan-033\n","uploadtime":1682388250,"views":8,"p1id":"tukeydukey","p2id":"juan033","formatid":"gen9vgc2023regulationc","rating":1147,"private":0,"password":""}