{"id":"gen9vgc2023regulationc-1859982728","p1":"TortuguitaconQueso","p2":"Gym Leader Norvie","format":"[Gen 9] VGC 2023 Regulation C","log":"|j|\u2606TortuguitaconQueso\n|j|\u2606Gym Leader Norvie\n|t:|1683581797\n|gametype|doubles\n|player|p1|TortuguitaconQueso|valerie|1122\n|player|p2|Gym Leader Norvie|scientist|1048\n|teamsize|p1|6\n|teamsize|p2|6\n|gen|9\n|tier|[Gen 9] VGC 2023 Regulation C\n|rated|\n|rule|Species Clause: Limit one of each Pok\u00e9mon\n|rule|Item Clause: Limit one of each item\n|clearpoke\n|poke|p1|Flutter Mane, L50|\n|poke|p1|Amoonguss, L50, F|\n|poke|p1|Gyarados, L50, F|\n|poke|p1|Chi-Yu, L50|\n|poke|p1|Ting-Lu, L50|\n|poke|p1|Baxcalibur, L50, F|\n|poke|p2|Revavroom, L50, M|\n|poke|p2|Iron Treads, L50|\n|poke|p2|Scizor, L50, M|\n|poke|p2|Corviknight, L50, M|\n|poke|p2|Forretress, L50, M|\n|poke|p2|Kingambit, L50, M|\n|teampreview|4\n|inactive|Battle timer is ON: inactive players will automatically lose when time's up. (requested by TortuguitaconQueso)\nTortuguitaconQueso rejected open team sheets.\n|inactive|TortuguitaconQueso has 60 seconds left.\n|inactive|Gym Leader Norvie has 60 seconds left.\n|\n|t:|1683581844\n|start\n|switch|p1a: Ting-Lu|Ting-Lu, L50|100\/100\n|switch|p1b: Amoonguss|Amoonguss, L50, F, shiny|100\/100\n|switch|p2a: Kingambit|Kingambit, L50, M|100\/100\n|switch|p2b: Forretress|Forretress, L50, M|100\/100\n|-ability|p1a: Ting-Lu|Vessel of Ruin\n|turn|1\n|inactive|Gym Leader Norvie has 30 seconds left.\n|inactive|Gym Leader Norvie has 20 seconds left.\n|inactive|Gym Leader Norvie has 15 seconds left.\n|inactive|Gym Leader Norvie has 10 seconds left.\n|\n|t:|1683581893\n|move|p1a: Ting-Lu|Stomping Tantrum|p2b: Forretress\n|-crit|p2b: Forretress\n|-damage|p2b: Forretress|74\/100\n|-enditem|p2b: Forretress|Red Card|[of] p1a: Ting-Lu\n|drag|p1a: Mo Heart|Chi-Yu, L50|100\/100\n|-ability|p1a: Mo Heart|Beads of Ruin\n|move|p2a: Kingambit|Low Kick|p1a: Mo Heart\n|-supereffective|p1a: Mo Heart\n|-damage|p1a: Mo Heart|76\/100\n|move|p1b: Amoonguss|Spore|p2a: Kingambit\n|-status|p2a: Kingambit|slp|[from] move: Spore\n|move|p2b: Forretress|Toxic Spikes|p1a: Mo Heart\n|-sidestart|p1: TortuguitaconQueso|move: Toxic Spikes\n|\n|upkeep\n|turn|2\n|inactive|TortuguitaconQueso has 30 seconds left.\n|inactive|Gym Leader Norvie has 30 seconds left.\n|inactive|TortuguitaconQueso has 20 seconds left.\n|inactive|Gym Leader Norvie has 20 seconds left.\n|\n|t:|1683581930\n|-terastallize|p2a: Kingambit|Psychic\n|move|p1a: Mo Heart|Flamethrower|p2a: Kingambit\n|-damage|p2a: Kingambit|61\/100 slp\n|cant|p2a: Kingambit|slp\n|move|p1b: Amoonguss|Spore|p2b: Forretress\n|-status|p2b: Forretress|slp|[from] move: Spore\n|cant|p2b: Forretress|slp\n|\n|upkeep\n|turn|3\n|\n|t:|1683581949\n|switch|p1b: Ting-Lu|Ting-Lu, L50|100\/100\n|-status|p1b: Ting-Lu|psn\n|-ability|p1b: Ting-Lu|Vessel of Ruin\n|move|p1a: Mo Heart|Dark Pulse|p2a: Kingambit\n|-supereffective|p2a: Kingambit\n|-damage|p2a: Kingambit|9\/100 slp\n|cant|p2a: Kingambit|slp\n|cant|p2b: Forretress|slp\n|\n|-damage|p1b: Ting-Lu|88\/100 psn|[from] psn\n|upkeep\n|turn|4\n|inactive|Gym Leader Norvie has 30 seconds left.\n|\n|t:|1683581977\n|switch|p1b: Amoonguss|Amoonguss, L50, F, shiny|100\/100\n|-sideend|p1: TortuguitaconQueso|move: Toxic Spikes|[of] p1b: Amoonguss\n|move|p1a: Mo Heart|Dark Pulse|p2a: Kingambit\n|-supereffective|p2a: Kingambit\n|-damage|p2a: Kingambit|0 fnt\n|faint|p2a: Kingambit\n|-curestatus|p2b: Forretress|slp|[msg]\n|move|p2b: Forretress|Stealth Rock|p1a: Mo Heart\n|-sidestart|p1: TortuguitaconQueso|move: Stealth Rock\n|\n|upkeep\n|\n|t:|1683581982\n|switch|p2a: Iron Treads|Iron Treads, L50, shiny|100\/100\n|-enditem|p2a: Iron Treads|Booster Energy\n|-activate|p2a: Iron Treads|ability: Quark Drive|[fromitem]\n|-start|p2a: Iron Treads|quarkdrivespe\n|turn|5\n|\n|t:|1683582003\n|move|p1b: Amoonguss|Rage Powder|p1b: Amoonguss\n|-singleturn|p1b: Amoonguss|move: Rage Powder\n|move|p2a: Iron Treads|Stone Edge|p1b: Amoonguss\n|-damage|p1b: Amoonguss|76\/100\n|move|p1a: Mo Heart|Flamethrower|p2a: Iron Treads\n|-supereffective|p2a: Iron Treads\n|-damage|p2a: Iron Treads|0 fnt\n|faint|p2a: Iron Treads\n|-end|p2a: Iron Treads|Quark Drive|[silent]\n|move|p2b: Forretress|Spikes|p1a: Mo Heart\n|-sidestart|p1: TortuguitaconQueso|Spikes\n|\n|upkeep\n|\n|t:|1683582018\n|switch|p2a: Scizor|Scizor, L50, M, shiny|100\/100\n|turn|6\n|-message|Gym Leader Norvie forfeited.\n|\n|win|TortuguitaconQueso\n|raw|TortuguitaconQueso's rating: 1122 → 1142<\/strong> (+20 for winning)\n|raw|Gym Leader Norvie's rating: 1048 → 1034<\/strong> (-14 for losing)\n|l|\u2606Gym Leader Norvie\n","uploadtime":1683582029,"views":6,"p1id":"tortuguitaconqueso","p2id":"gymleadernorvie","formatid":"gen9vgc2023regulationc","rating":1034,"private":0,"password":""}