{"id":"gen9vgc2023regulationc-1854154129","p1":"Tayekc","p2":"lax2145","format":"[Gen 9] VGC 2023 Regulation C","log":"|j|\u2606Tayekc\n|j|\u2606lax2145\n|t:|1682777254\n|gametype|doubles\n|player|p1|Tayekc|hilbert|\n|player|p2|lax2145|giovanni|\n|teamsize|p1|6\n|teamsize|p2|6\n|gen|9\n|tier|[Gen 9] VGC 2023 Regulation C\n|rule|Species Clause: Limit one of each Pok\u00e9mon\n|rule|Item Clause: Limit one of each item\n|clearpoke\n|poke|p1|Chien-Pao, L50|\n|poke|p1|Dragonite, L50, M|\n|poke|p1|Scizor, L50, M|\n|poke|p1|Flutter Mane, L50|\n|poke|p1|Chi-Yu, L50|\n|poke|p1|Iron Bundle, L50|\n|poke|p2|Ting-Lu, L50|\n|poke|p2|Flutter Mane, L50|\n|poke|p2|Iron Jugulis, L50|\n|poke|p2|Arcanine, L50, M|\n|poke|p2|Chien-Pao, L50|\n|poke|p2|Annihilape, L50, M|\n|teampreview|4\n|\n|t:|1682777285\n|start\n|switch|p1a: Iron Bundle|Iron Bundle, L50, shiny|100\/100\n|switch|p1b: Chi-Yu|Chi-Yu, L50|100\/100\n|switch|p2a: Ting-Lu|Ting-Lu, L50|100\/100\n|switch|p2b: Chien-Pao|Chien-Pao, L50|100\/100\n|-ability|p1b: Chi-Yu|Beads of Ruin\n|-ability|p2b: Chien-Pao|Sword of Ruin\n|-ability|p2a: Ting-Lu|Vessel of Ruin\n|-enditem|p1a: Iron Bundle|Booster Energy\n|-activate|p1a: Iron Bundle|ability: Quark Drive|[fromitem]\n|-start|p1a: Iron Bundle|quarkdrivespe\n|turn|1\n|\n|t:|1682777314\n|move|p2b: Chien-Pao|Sucker Punch|p1a: Iron Bundle\n|-damage|p1a: Iron Bundle|45\/100\n|move|p1a: Iron Bundle|Icy Wind|p2b: Chien-Pao|[spread] p2a,p2b\n|-supereffective|p2a: Ting-Lu\n|-resisted|p2b: Chien-Pao\n|-damage|p2a: Ting-Lu|80\/100\n|-damage|p2b: Chien-Pao|82\/100\n|-unboost|p2a: Ting-Lu|spe|1\n|-unboost|p2b: Chien-Pao|spe|1\n|move|p1b: Chi-Yu|Heat Wave|p2a: Ting-Lu|[spread] p2a,p2b\n|-supereffective|p2b: Chien-Pao\n|-damage|p2a: Ting-Lu|60\/100\n|-damage|p2b: Chien-Pao|0 fnt\n|faint|p2b: Chien-Pao\n|move|p2a: Ting-Lu|Fissure|p1b: Chi-Yu|[miss]\n|-miss|p2a: Ting-Lu|p1b: Chi-Yu\n|\n|upkeep\n|\n|t:|1682777328\n|switch|p2b: Flutter Mane|Flutter Mane, L50|100\/100\n|turn|2\n|\n|t:|1682777348\n|-terastallize|p2a: Ting-Lu|Dark\n|move|p1a: Iron Bundle|Icy Wind|p2b: Flutter Mane|[spread] p2a,p2b\n|-damage|p2a: Ting-Lu|49\/100\n|-damage|p2b: Flutter Mane|79\/100\n|-unboost|p2a: Ting-Lu|spe|1\n|-unboost|p2b: Flutter Mane|spe|1\n|move|p1b: Chi-Yu|Heat Wave|p2b: Flutter Mane|[spread] p2a,p2b\n|-crit|p2a: Ting-Lu\n|-damage|p2a: Ting-Lu|18\/100\n|-damage|p2b: Flutter Mane|39\/100\n|move|p2b: Flutter Mane|Shadow Ball|p1a: Iron Bundle\n|-damage|p1a: Iron Bundle|0 fnt\n|faint|p1a: Iron Bundle\n|-end|p1a: Iron Bundle|Quark Drive|[silent]\n|move|p2a: Ting-Lu|Stomping Tantrum|p1b: Chi-Yu\n|-supereffective|p1b: Chi-Yu\n|-damage|p1b: Chi-Yu|0 fnt\n|faint|p1b: Chi-Yu\n|\n|upkeep\n|\n|t:|1682777368\n|switch|p1a: Chien-Pao|Chien-Pao, L50|100\/100\n|switch|p1b: Dragonite|Dragonite, L50, M|100\/100\n|-ability|p1a: Chien-Pao|Sword of Ruin\n|turn|3\n|\n|t:|1682777396\n|-end|p2b: Flutter Mane|Protosynthesis|[silent]\n|switch|p2b: Arcanine|Arcanine, L50, M|100\/100\n|-ability|p2b: Arcanine|Intimidate|boost\n|-unboost|p1a: Chien-Pao|atk|1\n|-unboost|p1b: Dragonite|atk|1\n|move|p1b: Dragonite|Extreme Speed|p2a: Ting-Lu\n|-damage|p2a: Ting-Lu|0 fnt\n|faint|p2a: Ting-Lu\n|move|p1a: Chien-Pao|Ice Spinner|p2b: Arcanine\n|-resisted|p2b: Arcanine\n|-damage|p2b: Arcanine|83\/100\n|\n|upkeep\n|\n|t:|1682777410\n|switch|p2a: Flutter Mane|Flutter Mane, L50|39\/100\n|turn|4\n|\n|t:|1682777425\n|-terastallize|p1b: Dragonite|Normal\n|move|p1b: Dragonite|Extreme Speed|p2b: Arcanine\n|-damage|p2b: Arcanine|17\/100\n|-enditem|p2b: Arcanine|Sitrus Berry|[eat]\n|-heal|p2b: Arcanine|42\/100|[from] item: Sitrus Berry\n|move|p1a: Chien-Pao|Sucker Punch|p2a: Flutter Mane\n|-damage|p2a: Flutter Mane|0 fnt\n|faint|p2a: Flutter Mane\n|-end|p2a: Flutter Mane|Protosynthesis|[silent]\n|move|p2b: Arcanine|Will-O-Wisp|p1b: Dragonite\n|-status|p1b: Dragonite|brn\n|\n|-damage|p1b: Dragonite|95\/100 brn|[from] brn\n|upkeep\n|turn|5\n|\n|t:|1682777445\n|move|p1b: Dragonite|Extreme Speed|p2b: Arcanine\n|-damage|p2b: Arcanine|7\/100\n|move|p1a: Chien-Pao|Sacred Sword|p2b: Arcanine\n|-damage|p2b: Arcanine|0 fnt\n|faint|p2b: Arcanine\n|\n|win|Tayekc\n","uploadtime":1682777455,"views":23,"p1id":"tayekc","p2id":"lax2145","formatid":"gen9vgc2023regulationc","rating":0,"private":0,"password":""}