{"id":"gen9vgc2023regulationc-1851235926","p1":"mino97","p2":"LeafeonLou12","format":"[Gen 9] VGC 2023 Regulation C","log":"|j|\u2606mino97\n|j|\u2606LeafeonLou12\n|t:|1682428100\n|gametype|doubles\n|player|p1|mino97|2|1332\n|player|p2|LeafeonLou12|102|1233\n|teamsize|p1|6\n|teamsize|p2|6\n|gen|9\n|tier|[Gen 9] VGC 2023 Regulation C\n|rated|\n|rule|Species Clause: Limit one of each Pok\u00e9mon\n|rule|Item Clause: Limit one of each item\n|clearpoke\n|poke|p1|Wo-Chien, L50|\n|poke|p1|Bellibolt, L50, M|\n|poke|p1|Iron Moth, L50|\n|poke|p1|Iron Bundle, L50|\n|poke|p1|Gyarados, L50, M|\n|poke|p1|Great Tusk, L50|\n|poke|p2|Rotom-Fan, L50|\n|poke|p2|Torkoal, L50, F|\n|poke|p2|Indeedee, L50, M|\n|poke|p2|Drifblim, L50, F|\n|poke|p2|Chi-Yu, L50|\n|poke|p2|Great Tusk, L50|\n|teampreview|4\n|inactive|Battle timer is ON: inactive players will automatically lose when time's up. (requested by LeafeonLou12)\nLeafeonLou12 has agreed to open team sheets.\n|inactive|mino97 has 60 seconds left.\n|\n|t:|1682428170\n|start\n|switch|p1a: Iron Moth|Iron Moth, L50|100\/100\n|switch|p1b: Bellibolt|Bellibolt, L50, M|100\/100\n|switch|p2a: Drifblim|Drifblim, L50, F|100\/100\n|switch|p2b: Indeedee|Indeedee, L50, M|100\/100\n|-fieldstart|move: Psychic Terrain|[from] ability: Psychic Surge|[of] p2b: Indeedee\n|-enditem|p2a: Drifblim|Psychic Seed\n|-boost|p2a: Drifblim|spd|1|[from] item: Psychic Seed\n|turn|1\n|\n|t:|1682428178\n|move|p1a: Iron Moth|Protect|p1a: Iron Moth\n|-singleturn|p1a: Iron Moth|Protect\n|move|p2a: Drifblim|Acrobatics|p1a: Iron Moth\n|-activate|p1a: Iron Moth|move: Protect\n|move|p2b: Indeedee|Psychic|p1a: Iron Moth\n|-activate|p1a: Iron Moth|move: Protect\n|move|p1b: Bellibolt|Parabolic Charge|p2b: Indeedee|[spread] p2a,p2b\n|-activate|p1a: Iron Moth|move: Protect\n|-supereffective|p2a: Drifblim\n|-damage|p2a: Drifblim|60\/100\n|-damage|p2b: Indeedee|69\/100\n|\n|upkeep\n|turn|2\n|\n|t:|1682428197\n|switch|p2b: Great Tusk|Great Tusk, L50|100\/100\n|-end|p1a: Iron Moth|Quark Drive|[silent]\n|switch|p1a: Wo-Chien|Wo-Chien, L50|100\/100\n|-ability|p1a: Wo-Chien|Tablets of Ruin\n|move|p2a: Drifblim|Tailwind|p2a: Drifblim\n|-sidestart|p2: LeafeonLou12|move: Tailwind\n|move|p1b: Bellibolt|Parabolic Charge|p2b: Great Tusk|[spread] p1a,p2a\n|-immune|p2b: Great Tusk\n|-resisted|p1a: Wo-Chien\n|-supereffective|p2a: Drifblim\n|-damage|p1a: Wo-Chien|94\/100\n|-damage|p2a: Drifblim|20\/100\n|\n|-heal|p1a: Wo-Chien|99\/100|[from] item: Leftovers\n|upkeep\n|turn|3\n|\n|t:|1682428211\n|switch|p1b: Gyarados|Gyarados, L50, M|100\/100\n|-ability|p1b: Gyarados|Intimidate|boost\n|-unboost|p2a: Drifblim|atk|1\n|-unboost|p2b: Great Tusk|atk|1\n|move|p2a: Drifblim|Acrobatics|p1a: Wo-Chien\n|-supereffective|p1a: Wo-Chien\n|-damage|p1a: Wo-Chien|62\/100\n|move|p2b: Great Tusk|Earthquake|p1a: Wo-Chien|[spread] p1a\n|-immune|p2a: Drifblim\n|-immune|p1b: Gyarados\n|-resisted|p1a: Wo-Chien\n|-damage|p1a: Wo-Chien|55\/100\n|move|p1a: Wo-Chien|Leech Seed|p2b: Great Tusk|[miss]\n|-miss|p1a: Wo-Chien|p2b: Great Tusk\n|\n|-heal|p1a: Wo-Chien|61\/100|[from] item: Leftovers\n|upkeep\n|turn|4\n|inactive|mino97 has 30 seconds left.\n|\n|t:|1682428245\n|-end|p2b: Great Tusk|Protosynthesis|[silent]\n|switch|p2b: Rotom|Rotom-Fan, L50|100\/100\n|move|p2a: Drifblim|Acrobatics|p1a: Wo-Chien\n|-supereffective|p1a: Wo-Chien\n|-damage|p1a: Wo-Chien|29\/100\n|move|p1b: Gyarados|Waterfall|p2b: Rotom\n|-damage|p2b: Rotom|67\/100\n|move|p1a: Wo-Chien|Leech Seed|p2b: Rotom\n|-start|p2b: Rotom|move: Leech Seed\n|\n|-heal|p1a: Wo-Chien|35\/100|[from] item: Leftovers\n|-damage|p2b: Rotom|55\/100|[from] Leech Seed|[of] p1a: Wo-Chien\n|-heal|p1a: Wo-Chien|45\/100|[silent]\n|upkeep\n|turn|5\n|\n|t:|1682428257\n|switch|p1b: Bellibolt|Bellibolt, L50, M|100\/100\n|move|p1a: Wo-Chien|Protect|p1a: Wo-Chien\n|-singleturn|p1a: Wo-Chien|Protect\n|move|p2a: Drifblim|Acrobatics|p1a: Wo-Chien\n|-activate|p1a: Wo-Chien|move: Protect\n|move|p2b: Rotom|Air Slash|p1a: Wo-Chien\n|-activate|p1a: Wo-Chien|move: Protect\n|\n|-heal|p1a: Wo-Chien|51\/100|[from] item: Leftovers\n|-damage|p2b: Rotom|43\/100|[from] Leech Seed|[of] p1a: Wo-Chien\n|-heal|p1a: Wo-Chien|61\/100|[silent]\n|-sideend|p2: LeafeonLou12|move: Tailwind\n|-fieldend|move: Psychic Terrain\n|upkeep\n|-enditem|p2b: Rotom|Sitrus Berry|[eat]\n|-heal|p2b: Rotom|68\/100|[from] item: Sitrus Berry\n|turn|6\n|inactive|mino97 has 30 seconds left.\n|inactive|mino97 has 20 seconds left.\n|inactive|mino97 has 15 seconds left.\n|\n|t:|1682428298\n|switch|p1a: Gyarados|Gyarados, L50, M|100\/100\n|-ability|p1a: Gyarados|Intimidate|boost\n|-unboost|p2a: Drifblim|atk|1\n|-unboost|p2b: Rotom|atk|1\n|move|p2a: Drifblim|Tailwind|p2a: Drifblim\n|-sidestart|p2: LeafeonLou12|move: Tailwind\n|move|p2b: Rotom|Volt Switch|p1a: Gyarados\n|-supereffective|p1a: Gyarados\n|-damage|p1a: Gyarados|0 fnt\n|faint|p1a: Gyarados\n|\n|t:|1682428307\n|switch|p2b: Great Tusk|Great Tusk, L50|100\/100|[from] Volt Switch\n|move|p1b: Bellibolt|Thunderbolt|p2b: Great Tusk\n|-immune|p2b: Great Tusk\n|\n|upkeep\n|\n|t:|1682428310\n|switch|p1a: Wo-Chien|Wo-Chien, L50|61\/100\n|-ability|p1a: Wo-Chien|Tablets of Ruin\n|turn|7\n|\n|t:|1682428322\n|move|p2a: Drifblim|Haze|p2a: Drifblim\n|-clearallboost\n|move|p2b: Great Tusk|Close Combat|p1a: Wo-Chien\n|-supereffective|p1a: Wo-Chien\n|-damage|p1a: Wo-Chien|0 fnt\n|-unboost|p2b: Great Tusk|def|1\n|-unboost|p2b: Great Tusk|spd|1\n|faint|p1a: Wo-Chien\n|move|p1b: Bellibolt|Parabolic Charge|p2a: Drifblim|[spread] p2a\n|-immune|p2b: Great Tusk\n|-supereffective|p2a: Drifblim\n|-damage|p2a: Drifblim|0 fnt\n|faint|p2a: Drifblim\n|\n|upkeep\n|\n|t:|1682428334\n|switch|p2a: Indeedee|Indeedee, L50, M|69\/100\n|switch|p1a: Iron Moth|Iron Moth, L50|100\/100\n|-fieldstart|move: Psychic Terrain|[from] ability: Psychic Surge|[of] p2a: Indeedee\n|turn|8\n|\n|t:|1682428353\n|-end|p2b: Great Tusk|Protosynthesis|[silent]\n|switch|p2b: Rotom|Rotom-Fan, L50|68\/100\n|-terastallize|p1a: Iron Moth|Grass\n|move|p2a: Indeedee|Trick|p1b: Bellibolt\n|-activate|p2a: Indeedee|move: Trick|[of] p1b: Bellibolt\n|-item|p1b: Bellibolt|Choice Scarf|[from] move: Trick\n|-item|p2a: Indeedee|Assault Vest|[from] move: Trick\n|move|p1a: Iron Moth|Heat Wave|p2a: Indeedee|[spread] p2a,p2b\n|-damage|p2a: Indeedee|22\/100\n|-damage|p2b: Rotom|18\/100\n|-status|p2b: Rotom|brn\n|-damage|p1a: Iron Moth|90\/100|[from] item: Life Orb\n|move|p1b: Bellibolt|Muddy Water|p2b: Rotom|[spread] p2a,p2b\n|-damage|p2a: Indeedee|3\/100\n|-damage|p2b: Rotom|0 fnt\n|faint|p2b: Rotom\n|\n|upkeep\n|\n|t:|1682428368\n|switch|p2b: Great Tusk|Great Tusk, L50|100\/100\n|turn|9\n|\n|t:|1682428381\n|move|p2a: Indeedee|Psychic|p1a: Iron Moth\n|-damage|p1a: Iron Moth|41\/100\n|move|p2b: Great Tusk|Ice Spinner|p1a: Iron Moth\n|-supereffective|p1a: Iron Moth\n|-damage|p1a: Iron Moth|0 fnt\n|-fieldend|move: Psychic Terrain\n|faint|p1a: Iron Moth\n|-end|p1a: Iron Moth|Quark Drive|[silent]\n|move|p1b: Bellibolt|Muddy Water|p2b: Great Tusk|[spread] p2a,p2b\n|-supereffective|p2b: Great Tusk\n|-damage|p2a: Indeedee|0 fnt\n|-damage|p2b: Great Tusk|65\/100\n|faint|p2a: Indeedee\n|\n|-sideend|p2: LeafeonLou12|move: Tailwind\n|upkeep\n|turn|10\n|\n|t:|1682428393\n|move|p2b: Great Tusk|Earthquake|p1b: Bellibolt\n|-supereffective|p1b: Bellibolt\n|-damage|p1b: Bellibolt|4\/100\n|-start|p1b: Bellibolt|Charge|Earthquake|[from] ability: Electromorphosis\n|move|p1b: Bellibolt|Muddy Water|p2b: Great Tusk\n|-supereffective|p2b: Great Tusk\n|-damage|p2b: Great Tusk|19\/100\n|\n|upkeep\n|turn|11\n|\n|t:|1682428404\n|move|p2b: Great Tusk|Close Combat|p1b: Bellibolt\n|-crit|p1b: Bellibolt\n|-damage|p1b: Bellibolt|0 fnt\n|-unboost|p2b: Great Tusk|def|1\n|-unboost|p2b: Great Tusk|spd|1\n|faint|p1b: Bellibolt\n|\n|win|LeafeonLou12\n|raw|mino97's rating: 1314 → 1289<\/strong> (-25 for losing)\n|raw|LeafeonLou12's rating: 1233 → 1264<\/strong> (+31 for winning)\n|l|\u2606mino97\n","uploadtime":1682428410,"views":14,"p1id":"mino97","p2id":"leafeonlou12","formatid":"gen9vgc2023regulationc","rating":1264,"private":0,"password":""}