{"id":"gen9vgc2023regulationc-1849451132","p1":"Aaron Mobile","p2":"Milk A Rush","format":"[Gen 9] VGC 2023 Regulation C","log":"|j|\u2606Aaron Mobile\n|j|\u2606Milk A Rush\n|t:|1682199958\n|gametype|doubles\n|player|p1|Aaron Mobile|102|1231\n|player|p2|Milk A Rush|emma|1286\n|teamsize|p1|6\n|teamsize|p2|6\n|gen|9\n|tier|[Gen 9] VGC 2023 Regulation C\n|rated|\n|rule|Species Clause: Limit one of each Pok\u00e9mon\n|rule|Item Clause: Limit one of each item\n|clearpoke\n|poke|p1|Ting-Lu, L50|\n|poke|p1|Iron Bundle, L50|\n|poke|p1|Arcanine, L50, F|\n|poke|p1|Amoonguss, L50, F|\n|poke|p1|Grafaiai, L50, M|\n|poke|p1|Palafin, L50, F|\n|poke|p2|Gothitelle, L50, M|\n|poke|p2|Flutter Mane, L50|\n|poke|p2|Tyranitar, L50, M|\n|poke|p2|Corviknight, L50, F|\n|poke|p2|Palafin, L50, F|\n|poke|p2|Amoonguss, L50, F|\n|teampreview|4\nAaron Mobile has agreed to open team sheets.\n|inactive|Battle timer is ON: inactive players will automatically lose when time's up. (requested by Milk A Rush)\nMilk A Rush has agreed to open team sheets.\n|\n|t:|1682200014\n|start\n|switch|p1a: Grafaiai|Grafaiai, L50, M|100\/100\n|switch|p1b: Palafin|Palafin, L50, F|100\/100\n|switch|p2a: Corviknight|Corviknight, L50, F|100\/100\n|switch|p2b: Palafin|Palafin, L50, F|100\/100\n|turn|1\n|\n|t:|1682200037\n|detailschange|p2b: Palafin|Palafin-Hero, L50, F\n|switch|p2b: Gothitelle|Gothitelle, L50, M|100\/100\n|detailschange|p1b: Palafin|Palafin-Hero, L50, F\n|switch|p1b: Ting-Lu|Ting-Lu, L50|100\/100\n|-ability|p1b: Ting-Lu|Vessel of Ruin\n|move|p1a: Grafaiai|Switcheroo|p2b: Gothitelle\n|-activate|p1a: Grafaiai|move: Trick|[of] p2b: Gothitelle\n|-item|p2b: Gothitelle|Iron Ball|[from] move: Switcheroo\n|-item|p1a: Grafaiai|Safety Goggles|[from] move: Switcheroo\n|move|p2a: Corviknight|Tailwind|p2a: Corviknight\n|-sidestart|p2: Milk A Rush|move: Tailwind\n|\n|upkeep\n|turn|2\n|inactive|Milk A Rush has 30 seconds left.\n|\n|t:|1682200065\n|move|p2b: Gothitelle|Fake Out|p1b: Ting-Lu\n|-damage|p1b: Ting-Lu|98\/100\n|move|p2a: Corviknight|Bulk Up|p2a: Corviknight\n|-boost|p2a: Corviknight|atk|1\n|-boost|p2a: Corviknight|def|1\n|move|p1a: Grafaiai|Tera Blast|p2b: Gothitelle\n|-damage|p2b: Gothitelle|86\/100\n|cant|p1b: Ting-Lu|flinch\n|\n|-heal|p1b: Ting-Lu|100\/100|[from] item: Leftovers\n|upkeep\n|turn|3\n|inactive|Aaron Mobile has 30 seconds left.\n|inactive|Milk A Rush has 30 seconds left.\n|inactive|Aaron Mobile has 20 seconds left.\n|\n|t:|1682200104\n|move|p1a: Grafaiai|Switcheroo|p2a: Corviknight\n|-activate|p1a: Grafaiai|move: Trick|[of] p2a: Corviknight\n|-item|p2a: Corviknight|Safety Goggles|[from] move: Switcheroo\n|-item|p1a: Grafaiai|Leftovers|[from] move: Switcheroo\n|move|p2a: Corviknight|Bulk Up|p2a: Corviknight\n|-boost|p2a: Corviknight|atk|1\n|-boost|p2a: Corviknight|def|1\n|move|p2b: Gothitelle|Psychic|p1a: Grafaiai\n|-supereffective|p1a: Grafaiai\n|-damage|p1a: Grafaiai|39\/100\n|move|p1b: Ting-Lu|Fissure|p2b: Gothitelle\n|-damage|p2b: Gothitelle|0 fnt\n|faint|p2b: Gothitelle\n|-ohko\n|\n|-heal|p1a: Grafaiai|45\/100|[from] item: Leftovers\n|upkeep\n|\n|t:|1682200128\n|switch|p2b: Palafin|Palafin-Hero, L50, F|100\/100\n|-activate|p2b: Palafin|ability: Zero to Hero\n|turn|4\n|\n|t:|1682200146\n|-terastallize|p1b: Ting-Lu|Grass\n|move|p2b: Palafin|Protect|p2b: Palafin\n|-singleturn|p2b: Palafin|Protect\n|move|p1a: Grafaiai|Parting Shot|p2b: Palafin\n|-activate|p2b: Palafin|move: Protect\n|move|p2a: Corviknight|Bulk Up|p2a: Corviknight\n|-boost|p2a: Corviknight|atk|1\n|-boost|p2a: Corviknight|def|1\n|move|p1b: Ting-Lu|Fissure|p2b: Palafin\n|-activate|p2b: Palafin|move: Protect\n|\n|-heal|p1a: Grafaiai|50\/100|[from] item: Leftovers\n|-sideend|p2: Milk A Rush|move: Tailwind\n|upkeep\n|turn|5\n|\n|t:|1682200166\n|move|p1a: Grafaiai|Switcheroo|p2b: Palafin\n|-activate|p1a: Grafaiai|move: Trick|[of] p2b: Palafin\n|-item|p2b: Palafin|Leftovers|[from] move: Switcheroo\n|-item|p1a: Grafaiai|Mystic Water|[from] move: Switcheroo\n|move|p2b: Palafin|Jet Punch|p1a: Grafaiai\n|-damage|p1a: Grafaiai|0 fnt\n|faint|p1a: Grafaiai\n|move|p2a: Corviknight|Brave Bird|p1b: Ting-Lu\n|-supereffective|p1b: Ting-Lu\n|-damage|p1b: Ting-Lu|0 fnt\n|faint|p1b: Ting-Lu\n|-damage|p2a: Corviknight|59\/100|[from] Recoil\n|\n|upkeep\n|\n|t:|1682200177\n|switch|p1a: Iron Bundle|Iron Bundle, L50|100\/100\n|switch|p1b: Palafin|Palafin-Hero, L50, F|100\/100\n|-activate|p1b: Palafin|ability: Zero to Hero\n|-enditem|p1a: Iron Bundle|Booster Energy\n|-activate|p1a: Iron Bundle|ability: Quark Drive|[fromitem]\n|-start|p1a: Iron Bundle|quarkdrivespe\n|turn|6\n|inactive|Milk A Rush has 30 seconds left.\n|inactive|Milk A Rush has 20 seconds left.\n|\n|t:|1682200215\n|-terastallize|p2b: Palafin|Water\n|move|p1a: Iron Bundle|Protect|p1a: Iron Bundle\n|-singleturn|p1a: Iron Bundle|Protect\n|move|p2b: Palafin|Wave Crash|p1b: Palafin\n|-resisted|p1b: Palafin\n|-damage|p1b: Palafin|56\/100\n|-damage|p2b: Palafin|84\/100|[from] Recoil\n|move|p1b: Palafin|Bulk Up|p1b: Palafin\n|-boost|p1b: Palafin|atk|1\n|-boost|p1b: Palafin|def|1\n|move|p2a: Corviknight|Brave Bird|p1b: Palafin\n|-damage|p1b: Palafin|0 fnt\n|faint|p1b: Palafin\n|-damage|p2a: Corviknight|39\/100|[from] Recoil\n|\n|-heal|p2b: Palafin|90\/100|[from] item: Leftovers\n|upkeep\n|turn|7\n|\n|t:|1682200234\n|move|p1a: Iron Bundle|Freeze-Dry|p2a: Corviknight\n|-damage|p2a: Corviknight|0 fnt\n|faint|p2a: Corviknight\n|move|p2b: Palafin|Wave Crash|p1a: Iron Bundle\n|-resisted|p1a: Iron Bundle\n|-damage|p1a: Iron Bundle|39\/100\n|-damage|p2b: Palafin|76\/100|[from] Recoil\n|\n|-heal|p2b: Palafin|82\/100|[from] item: Leftovers\n|upkeep\n|\n|t:|1682200238\n|switch|p2a: Flutter Mane|Flutter Mane, L50|100\/100\n|turn|8\n|\n|t:|1682200244\n|move|p1a: Iron Bundle|Freeze-Dry|p2b: Palafin\n|-supereffective|p2b: Palafin\n|-damage|p2b: Palafin|8\/100\n|move|p2a: Flutter Mane|Moonblast|p1a: Iron Bundle\n|-damage|p1a: Iron Bundle|0 fnt\n|faint|p1a: Iron Bundle\n|-end|p1a: Iron Bundle|Quark Drive|[silent]\n|\n|win|Milk A Rush\n|raw|Aaron Mobile's rating: 1231 → 1210<\/strong> (-21 for losing)\n|raw|Milk A Rush's rating: 1286 → 1307<\/strong> (+21 for winning)\n|l|\u2606Aaron Mobile\n","uploadtime":1682200255,"views":5,"p1id":"aaronmobile","p2id":"milkarush","formatid":"gen9vgc2023regulationc","rating":1210,"private":0,"password":""}