{"id":"gen9vgc2023regulationc-1861267456","p1":"ElPicaro54","p2":"vhyvc","format":"[Gen 9] VGC 2023 Regulation C","log":"|j|\u2606ElPicaro54\n|j|\u2606vhyvc\n|t:|1683740953\n|gametype|doubles\n|player|p1|ElPicaro54|benga|1000\n|player|p2|vhyvc|266|1000\n|teamsize|p1|6\n|teamsize|p2|6\n|gen|9\n|tier|[Gen 9] VGC 2023 Regulation C\n|rated|\n|rule|Species Clause: Limit one of each Pok\u00e9mon\n|rule|Item Clause: Limit one of each item\n|clearpoke\n|poke|p1|Flutter Mane, L50|\n|poke|p1|Arcanine, L50, M|\n|poke|p1|Palafin, L50, F|\n|poke|p1|Amoonguss, L50, M|\n|poke|p1|Roaring Moon, L50|\n|poke|p1|Ting-Lu, L50|\n|poke|p2|Palafin, L50, M|\n|poke|p2|Chi-Yu, L50|\n|poke|p2|Flutter Mane, L50|\n|poke|p2|Farigiraf, L50, M|\n|poke|p2|Amoonguss, L50, F|\n|poke|p2|Talonflame, L50, M|\n|teampreview|4\n|inactive|Battle timer is ON: inactive players will automatically lose when time's up. (requested by ElPicaro54)\n|inactive|vhyvc has 60 seconds left.\n|\n|t:|1683741003\n|start\n|switch|p1a: Amoonguss|Amoonguss, L50, M, shiny|100\/100\n|switch|p1b: Ting-Lu|Ting-Lu, L50|100\/100\n|switch|p2a: Talonflame|Talonflame, L50, M|100\/100\n|switch|p2b: Farigiraf|Farigiraf, L50, M|100\/100\n|-ability|p1b: Ting-Lu|Vessel of Ruin\n|turn|1\n|inactive|ElPicaro54 has 30 seconds left.\n|\n|t:|1683741033\n|move|p1a: Amoonguss|Protect|p1a: Amoonguss\n|-singleturn|p1a: Amoonguss|Protect\n|move|p2a: Talonflame|Will-O-Wisp|p1b: Ting-Lu\n|-status|p1b: Ting-Lu|brn\n|move|p2b: Farigiraf|Psychic|p1a: Amoonguss\n|-activate|p1a: Amoonguss|move: Protect\n|move|p1b: Ting-Lu|Ruination|p2b: Farigiraf\n|-damage|p2b: Farigiraf|50\/100\n|\n|-damage|p1b: Ting-Lu|95\/100 brn|[from] brn\n|upkeep\n|turn|2\n|inactive|ElPicaro54 has 30 seconds left.\n|inactive|vhyvc has 30 seconds left.\n|\n|t:|1683741066\n|switch|p2b: Flutter Mane|Flutter Mane, L50|100\/100\n|-enditem|p2b: Flutter Mane|Booster Energy\n|-activate|p2b: Flutter Mane|ability: Protosynthesis|[fromitem]\n|-start|p2b: Flutter Mane|protosynthesisspa\n|move|p2a: Talonflame|Will-O-Wisp|p1a: Amoonguss\n|-status|p1a: Amoonguss|brn\n|move|p1b: Ting-Lu|Ruination|p2a: Talonflame\n|-damage|p2a: Talonflame|51\/100\n|move|p1a: Amoonguss|Pollen Puff|p2b: Flutter Mane\n|-resisted|p2b: Flutter Mane\n|-damage|p2b: Flutter Mane|98\/100\n|\n|-damage|p1b: Ting-Lu|89\/100 brn|[from] brn\n|-damage|p1a: Amoonguss|95\/100 brn|[from] brn\n|upkeep\n|turn|3\n|inactive|ElPicaro54 has 30 seconds left.\n|inactive|vhyvc has 30 seconds left.\n|inactive|vhyvc has 20 seconds left.\n|inactive|vhyvc has 15 seconds left.\n|\n|t:|1683741107\n|switch|p1a: Palafin|Palafin, L50, F, shiny|100\/100\n|move|p2a: Talonflame|Taunt|p1a: Palafin\n|-start|p1a: Palafin|move: Taunt\n|move|p2b: Flutter Mane|Moonblast|p1b: Ting-Lu\n|-supereffective|p1b: Ting-Lu\n|-damage|p1b: Ting-Lu|48\/100 brn\n|move|p1b: Ting-Lu|Heavy Slam|p2b: Flutter Mane\n|-supereffective|p2b: Flutter Mane\n|-damage|p2b: Flutter Mane|57\/100\n|\n|-damage|p1b: Ting-Lu|42\/100 brn|[from] brn\n|upkeep\n|turn|4\n|\n|t:|1683741125\n|-end|p2b: Flutter Mane|Protosynthesis|[silent]\n|switch|p2b: Farigiraf|Farigiraf, L50, M|50\/100\n|switch|p1b: Arcanine|Arcanine, L50, M|100\/100\n|-ability|p1b: Arcanine|Intimidate|boost\n|-unboost|p2a: Talonflame|atk|1\n|-unboost|p2b: Farigiraf|atk|1\n|move|p2a: Talonflame|Will-O-Wisp|p1a: Palafin\n|-status|p1a: Palafin|brn\n|move|p1a: Palafin|Wave Crash|p2a: Talonflame\n|-supereffective|p2a: Talonflame\n|-damage|p2a: Talonflame|0 fnt\n|faint|p2a: Talonflame\n|-damage|p1a: Palafin|85\/100 brn|[from] Recoil\n|\n|-damage|p1a: Palafin|79\/100 brn|[from] brn\n|upkeep\n|\n|t:|1683741144\n|switch|p2a: Chi-Yu|Chi-Yu, L50|100\/100\n|-ability|p2a: Chi-Yu|Beads of Ruin\n|turn|5\n|\n|t:|1683741166\n|-terastallize|p2b: Farigiraf|Normal\n|move|p1a: Palafin|Jet Punch||[still]\n|cant|p2b: Farigiraf|ability: Armor Tail|Jet Punch|[of] p1a: Palafin\n|move|p2a: Chi-Yu|Dark Pulse|p1b: Arcanine\n|-crit|p1b: Arcanine\n|-damage|p1b: Arcanine|14\/100\n|cant|p1b: Arcanine|flinch\n|move|p2b: Farigiraf|Hyper Voice|p1b: Arcanine|[spread] p1a,p1b\n|-damage|p1a: Palafin|0 fnt\n|-damage|p1b: Arcanine|0 fnt\n|faint|p1a: Palafin\n|faint|p1b: Arcanine\n|\n|upkeep\n|-message|ElPicaro54 forfeited.\n|\n|win|vhyvc\n|raw|ElPicaro54's rating: 1000 → 1000<\/strong> (+0 for losing)\n|raw|vhyvc's rating: 1000 → 1040<\/strong> (+40 for winning)\n|l|\u2606ElPicaro54\n","uploadtime":1683741204,"views":11,"p1id":"elpicaro54","p2id":"vhyvc","formatid":"gen9vgc2023regulationc","rating":1000,"private":0,"password":""}