{"id":"gen9vgc2023regulationc-1861252782","p1":"I'm Snxwblind","p2":"Easy Money Dude","format":"[Gen 9] VGC 2023 Regulation C","log":"|j|\u2606I'm Snxwblind\n|j|\u2606Easy Money Dude\n|t:|1683739727\n|gametype|doubles\n|player|p1|I'm Snxwblind|lorelei-lgpe|1258\n|player|p2|Easy Money Dude|266|1246\n|teamsize|p1|6\n|teamsize|p2|6\n|gen|9\n|tier|[Gen 9] VGC 2023 Regulation C\n|rated|\n|rule|Species Clause: Limit one of each Pok\u00e9mon\n|rule|Item Clause: Limit one of each item\n|clearpoke\n|poke|p1|Ceruledge, L50, M|\n|poke|p1|Corviknight, L50, M|\n|poke|p1|Arcanine, L50, M|\n|poke|p1|Amoonguss, L50, M|\n|poke|p1|Flutter Mane, L50|\n|poke|p1|Palafin, L50, M|\n|poke|p2|Pelipper, L50, M|\n|poke|p2|Palafin, L50, M|\n|poke|p2|Dondozo, L50, M|\n|poke|p2|Tatsugiri, L50, F|\n|poke|p2|Rotom-Wash, L50|\n|poke|p2|Iron Bundle, L50|\n|teampreview|4\n|inactive|Battle timer is ON: inactive players will automatically lose when time's up. (requested by I'm Snxwblind)\n|\n|t:|1683739767\n|start\n|switch|p1a: Palafin|Palafin, L50, M|100\/100\n|switch|p1b: Amoonguss|Amoonguss, L50, M|100\/100\n|switch|p2a: Rotom|Rotom-Wash, L50, shiny|100\/100\n|switch|p2b: Iron Bundle|Iron Bundle, L50|100\/100\n|-enditem|p2b: Iron Bundle|Booster Energy\n|-activate|p2b: Iron Bundle|ability: Quark Drive|[fromitem]\n|-start|p2b: Iron Bundle|quarkdrivespe\n|turn|1\n|\n|t:|1683739783\n|detailschange|p1a: Palafin|Palafin-Hero, L50, M\n|switch|p1a: Flutter Mane|Flutter Mane, L50|100\/100\n|-terastallize|p2b: Iron Bundle|Grass\n|move|p2b: Iron Bundle|Freeze-Dry|p1a: Flutter Mane\n|-damage|p1a: Flutter Mane|63\/100\n|move|p2a: Rotom|Trick|p1b: Amoonguss\n|-activate|p2a: Rotom|move: Trick|[of] p1b: Amoonguss\n|-item|p1b: Amoonguss|Choice Scarf|[from] move: Trick\n|-item|p2a: Rotom|Sitrus Berry|[from] move: Trick\n|move|p1b: Amoonguss|Spore|p2b: Iron Bundle\n|-immune|p2b: Iron Bundle\n|\n|upkeep\n|turn|2\n|\n|t:|1683739805\n|move|p2b: Iron Bundle|Protect|p2b: Iron Bundle\n|-singleturn|p2b: Iron Bundle|Protect\n|move|p1a: Flutter Mane|Moonblast|p2b: Iron Bundle\n|-activate|p2b: Iron Bundle|move: Protect\n|move|p2a: Rotom|Shadow Ball|p1a: Flutter Mane\n|-supereffective|p1a: Flutter Mane\n|-damage|p1a: Flutter Mane|14\/100\n|-unboost|p1a: Flutter Mane|spd|1\n|move|p1b: Amoonguss|Spore|p2a: Rotom\n|-status|p2a: Rotom|slp|[from] move: Spore\n|\n|upkeep\n|turn|3\n|\n|t:|1683739822\n|move|p2b: Iron Bundle|Freeze-Dry|p1a: Flutter Mane\n|-damage|p1a: Flutter Mane|0 fnt\n|faint|p1a: Flutter Mane\n|-end|p1a: Flutter Mane|Protosynthesis|[silent]\n|cant|p2a: Rotom|slp\n|move|p1b: Amoonguss|Spore|p2a: Rotom\n|-fail|p2a: Rotom|slp\n|\n|upkeep\n|\n|t:|1683739825\n|switch|p1a: Ceruledge|Ceruledge, L50, M|100\/100\n|turn|4\n|\n|t:|1683739842\n|-terastallize|p1a: Ceruledge|Grass\n|move|p2b: Iron Bundle|Protect|p2b: Iron Bundle\n|-singleturn|p2b: Iron Bundle|Protect\n|cant|p2a: Rotom|slp\n|move|p1a: Ceruledge|Bitter Blade|p2b: Iron Bundle\n|-activate|p2b: Iron Bundle|move: Protect\n|move|p1b: Amoonguss|Spore|p2a: Rotom\n|-fail|p2a: Rotom|slp\n|\n|upkeep\n|turn|5\n|\n|t:|1683739866\n|move|p2b: Iron Bundle|Freeze-Dry|p1a: Ceruledge\n|-supereffective|p1a: Ceruledge\n|-damage|p1a: Ceruledge|30\/100\n|cant|p2a: Rotom|slp\n|move|p1a: Ceruledge|Bitter Blade|p2b: Iron Bundle\n|-supereffective|p2b: Iron Bundle\n|-damage|p2b: Iron Bundle|0 fnt\n|-heal|p1a: Ceruledge|66\/100|[from] drain|[of] p2b: Iron Bundle\n|faint|p2b: Iron Bundle\n|-end|p2b: Iron Bundle|Quark Drive|[silent]\n|move|p1b: Amoonguss|Spore|p2a: Rotom\n|-fail|p2a: Rotom|slp\n|\n|upkeep\n|\n|t:|1683739880\n|switch|p2b: Pelipper|Pelipper, L50, M, shiny|100\/100\n|-weather|RainDance|[from] ability: Drizzle|[of] p2b: Pelipper\n|turn|6\n|\n|t:|1683739885\n|switch|p2a: Palafin|Palafin, L50, M, shiny|100\/100\n|move|p1a: Ceruledge|Protect|p1a: Ceruledge\n|-singleturn|p1a: Ceruledge|Protect\n|move|p2b: Pelipper|Hurricane|p1a: Ceruledge\n|-activate|p1a: Ceruledge|move: Protect\n|move|p1b: Amoonguss|Spore|p2b: Pelipper\n|-status|p2b: Pelipper|slp|[from] move: Spore\n|\n|-weather|RainDance|[upkeep]\n|upkeep\n|turn|7\n|\n|t:|1683739895\n|detailschange|p2a: Palafin|Palafin-Hero, L50, M, shiny\n|switch|p2a: Rotom|Rotom-Wash, L50, shiny|100\/100 slp\n|cant|p2b: Pelipper|slp\n|move|p1a: Ceruledge|Bulk Up|p1a: Ceruledge\n|-boost|p1a: Ceruledge|atk|1\n|-boost|p1a: Ceruledge|def|1\n|move|p1b: Amoonguss|Spore|p2a: Rotom\n|-fail|p2a: Rotom|slp\n|\n|-weather|RainDance|[upkeep]\n|upkeep\n|turn|8\n|\n|t:|1683739918\n|switch|p1b: Palafin|Palafin-Hero, L50, M|100\/100\n|-activate|p1b: Palafin|ability: Zero to Hero\n|-curestatus|p2a: Rotom|slp|[msg]\n|move|p2a: Rotom|Thunderbolt|p1b: Palafin\n|-supereffective|p1b: Palafin\n|-damage|p1b: Palafin|21\/100\n|cant|p2b: Pelipper|slp\n|move|p1a: Ceruledge|Bulk Up|p1a: Ceruledge\n|-boost|p1a: Ceruledge|atk|1\n|-boost|p1a: Ceruledge|def|1\n|\n|-weather|RainDance|[upkeep]\n|upkeep\n|turn|9\n|\n|t:|1683739938\n|move|p1b: Palafin|Jet Punch|p2a: Rotom\n|-resisted|p2a: Rotom\n|-damage|p2a: Rotom|53\/100\n|move|p1a: Ceruledge|Shadow Sneak|p2a: Rotom\n|-damage|p2a: Rotom|0 fnt\n|faint|p2a: Rotom\n|-curestatus|p2b: Pelipper|slp|[msg]\n|move|p2b: Pelipper|Hurricane|p1a: Ceruledge\n|-supereffective|p1a: Ceruledge\n|-damage|p1a: Ceruledge|0 fnt\n|faint|p1a: Ceruledge\n|\n|-weather|RainDance|[upkeep]\n|upkeep\n|\n|t:|1683739942\n|switch|p2a: Palafin|Palafin-Hero, L50, M, shiny|100\/100\n|switch|p1a: Amoonguss|Amoonguss, L50, M|100\/100\n|-activate|p2a: Palafin|ability: Zero to Hero\n|turn|10\n|\n|t:|1683739948\n|move|p1a: Amoonguss|Rage Powder|p1a: Amoonguss\n|-singleturn|p1a: Amoonguss|move: Rage Powder\n|move|p1b: Palafin|Wave Crash|p2b: Pelipper\n|-resisted|p2b: Pelipper\n|-damage|p2b: Pelipper|10\/100\n|-damage|p1b: Palafin|0 fnt|[from] Recoil\n|faint|p1b: Palafin\n|move|p2b: Pelipper|Hurricane|p1a: Amoonguss\n|-supereffective|p1a: Amoonguss\n|-damage|p1a: Amoonguss|20\/100\n|move|p2a: Palafin|Wave Crash|p1a: Amoonguss\n|-resisted|p1a: Amoonguss\n|-damage|p1a: Amoonguss|0 fnt\n|faint|p1a: Amoonguss\n|-damage|p2a: Palafin|94\/100|[from] Recoil\n|\n|win|Easy Money Dude\n|raw|I'm Snxwblind's rating: 1258 → 1232<\/strong> (-26 for losing)\n|raw|Easy Money Dude's rating: 1246 → 1272<\/strong> (+26 for winning)\n|l|\u2606I'm Snxwblind\n","uploadtime":1683739962,"views":11,"p1id":"imsnxwblind","p2id":"easymoneydude","formatid":"gen9vgc2023regulationc","rating":1232,"private":0,"password":""}