{"id":"gen9vgc2023regulationc-1852751434","p1":"ITS PAPAW TIME","p2":"pocketchansey","format":"[Gen 9] VGC 2023 Regulation C","log":"|j|\u2606ITS PAPAW TIME\n|j|\u2606pocketchansey\n|t:|1682603117\n|gametype|doubles\n|player|p1|ITS PAPAW TIME|veteran|\n|player|p2|pocketchansey|170|\n|teamsize|p1|6\n|teamsize|p2|6\n|gen|9\n|tier|[Gen 9] VGC 2023 Regulation C\n|rule|Species Clause: Limit one of each Pok\u00e9mon\n|rule|Item Clause: Limit one of each item\n|clearpoke\n|poke|p1|Baxcalibur, L50, M|\n|poke|p1|Palafin, L50, F|\n|poke|p1|Arcanine, L50, M|\n|poke|p1|Flutter Mane, L50|\n|poke|p1|Ting-Lu, L50|\n|poke|p1|Amoonguss, L50, F|\n|poke|p2|Azumarill, L50, F|\n|poke|p2|Arcanine, L50, F|\n|poke|p2|Flutter Mane, L50|\n|poke|p2|Iron Hands, L50|\n|poke|p2|Ting-Lu, L50|\n|poke|p2|Amoonguss, L50, F|\n|teampreview|4\n|c|\u2606pocketchansey|ahora si\n|c|\u2606pocketchansey|justo entro llamada\n|c|\u2606pocketchansey|que toy trabajando HAHAHA\npocketchansey has agreed to open team sheets.\n|c|\u2606ITS PAPAW TIME|yo igual estoy trabajando\n|c|\u2606ITS PAPAW TIME|no me impresionas\nITS PAPAW TIME has agreed to open team sheets.\n|\n|t:|1682603186\n|start\n|switch|p1a: Palafin|Palafin, L50, F|100\/100\n|switch|p1b: Amoonguss|Amoonguss, L50, F|100\/100\n|switch|p2a: Watakoi|Iron Hands, L50, shiny|100\/100\n|switch|p2b: Amanita|Amoonguss, L50, F, shiny|100\/100\n|turn|1\n|\n|t:|1682603207\n|detailschange|p1a: Palafin|Palafin-Hero, L50, F\n|switch|p1a: Arcanine|Arcanine, L50, M|100\/100\n|-ability|p1a: Arcanine|Intimidate|boost\n|-fail|p2a: Watakoi|unboost|[from] item: Clear Amulet|[of] p2a: Watakoi\n|-unboost|p2b: Amanita|atk|1\n|move|p2a: Watakoi|Fake Out|p1b: Amoonguss\n|-damage|p1b: Amoonguss|89\/100\n|cant|p1b: Amoonguss|flinch\n|move|p2b: Amanita|Spore|p1a: Arcanine\n|-activate|p1a: Arcanine|item: Safety Goggles|Spore\n|\n|upkeep\n|turn|2\n|\n|t:|1682603238\n|switch|p1b: Baxcalibur|Baxcalibur, L50, M|100\/100\n|switch|p2b: Goldy|Azumarill, L50, F, shiny|100\/100\n|move|p1a: Arcanine|Will-O-Wisp|p2a: Watakoi\n|-status|p2a: Watakoi|brn\n|move|p2a: Watakoi|Volt Switch|p1a: Arcanine\n|-damage|p1a: Arcanine|83\/100\n|\n|t:|1682603251\n|-end|p2a: Watakoi|Quark Drive|[silent]\n|switch|p2a: Kay|Arcanine, L50, F|100\/100|[from] Volt Switch\n|-ability|p2a: Kay|Intimidate|boost\n|-unboost|p1a: Arcanine|atk|1\n|-fail|p1b: Baxcalibur|unboost|[from] item: Clear Amulet|[of] p1b: Baxcalibur\n|\n|upkeep\n|turn|3\n|\n|t:|1682603273\n|move|p1a: Arcanine|Will-O-Wisp|p2b: Goldy\n|-status|p2b: Goldy|brn\n|move|p2a: Kay|Will-O-Wisp|p1b: Baxcalibur\n|-immune|p1b: Baxcalibur|[from] ability: Thermal Exchange\n|move|p1b: Baxcalibur|Glaive Rush|p2a: Kay\n|-damage|p2a: Kay|22\/100\n|-singlemove|p1b: Baxcalibur|Glaive Rush|[silent]\n|move|p2b: Goldy|Play Rough|p1b: Baxcalibur\n|-supereffective|p1b: Baxcalibur\n|-damage|p1b: Baxcalibur|0 fnt\n|faint|p1b: Baxcalibur\n|\n|-damage|p2b: Goldy|95\/100 brn|[from] brn\n|upkeep\n|\n|t:|1682603284\n|switch|p1b: Palafin|Palafin-Hero, L50, F|100\/100\n|-activate|p1b: Palafin|ability: Zero to Hero\n|turn|4\n|\n|t:|1682603303\n|switch|p1a: Amoonguss|Amoonguss, L50, F|100\/100\n|switch|p2a: Amanita|Amoonguss, L50, F, shiny|100\/100\n|move|p1b: Palafin|Jet Punch|p2a: Amanita\n|-resisted|p2a: Amanita\n|-damage|p2a: Amanita|79\/100\n|move|p2b: Goldy|Aqua Jet|p1a: Amoonguss\n|-resisted|p1a: Amoonguss\n|-damage|p1a: Amoonguss|96\/100\n|\n|-damage|p2b: Goldy|89\/100 brn|[from] brn\n|upkeep\n|turn|5\n|\n|t:|1682603327\n|move|p1b: Palafin|Protect|p1b: Palafin\n|-singleturn|p1b: Palafin|Protect\n|move|p2a: Amanita|Rage Powder|p2a: Amanita\n|-singleturn|p2a: Amanita|move: Rage Powder\n|move|p2b: Goldy|Belly Drum|p2b: Goldy\n|-damage|p2b: Goldy|39\/100 brn\n|-setboost|p2b: Goldy|atk|6|[from] move: Belly Drum\n|-enditem|p2b: Goldy|Sitrus Berry|[eat]\n|-heal|p2b: Goldy|64\/100 brn|[from] item: Sitrus Berry\n|move|p1a: Amoonguss|Leaf Storm|p2b: Goldy\n|-supereffective|p2b: Goldy\n|-damage|p2b: Goldy|0 fnt\n|-unboost|p1a: Amoonguss|spa|2\n|faint|p2b: Goldy\n|\n|upkeep\n|\n|t:|1682603343\n|switch|p2b: Watakoi|Iron Hands, L50, shiny|100\/100 brn\n|turn|6\n|\n|t:|1682603367\n|switch|p1a: Arcanine|Arcanine, L50, M|83\/100\n|-ability|p1a: Arcanine|Intimidate|boost\n|-unboost|p2a: Amanita|atk|1\n|-fail|p2b: Watakoi|unboost|[from] item: Clear Amulet|[of] p2b: Watakoi\n|move|p1b: Palafin|Wave Crash|p2a: Amanita\n|-resisted|p2a: Amanita\n|-damage|p2a: Amanita|33\/100\n|-damage|p1b: Palafin|84\/100|[from] Recoil\n|move|p2b: Watakoi|Wild Charge|p1b: Palafin\n|-supereffective|p1b: Palafin\n|-damage|p1b: Palafin|39\/100\n|-damage|p2b: Watakoi|91\/100 brn|[from] Recoil\n|move|p2a: Amanita|Pollen Puff|p1a: Arcanine\n|-resisted|p1a: Arcanine\n|-damage|p1a: Arcanine|72\/100\n|\n|-damage|p2b: Watakoi|84\/100 brn|[from] brn\n|upkeep\n|turn|7\n|\n|t:|1682603413\n|switch|p1b: Amoonguss|Amoonguss, L50, F|100\/100\n|switch|p2a: Kay|Arcanine, L50, F|22\/100\n|-ability|p2a: Kay|Intimidate|boost\n|-unboost|p1a: Arcanine|atk|1\n|-unboost|p1b: Amoonguss|atk|1\n|move|p1a: Arcanine|Flare Blitz|p2a: Kay\n|-resisted|p2a: Kay\n|-damage|p2a: Kay|7\/100\n|-damage|p1a: Arcanine|67\/100|[from] Recoil\n|move|p2b: Watakoi|Wild Charge|p1b: Amoonguss\n|-resisted|p1b: Amoonguss\n|-damage|p1b: Amoonguss|92\/100\n|-damage|p2b: Watakoi|82\/100 brn|[from] Recoil\n|\n|-damage|p2b: Watakoi|76\/100 brn|[from] brn\n|upkeep\n|turn|8\n|\n|t:|1682603440\n|move|p1a: Arcanine|Extreme Speed|p2a: Kay\n|-damage|p2a: Kay|0 fnt\n|faint|p2a: Kay\n|move|p2b: Watakoi|Wild Charge|p1b: Amoonguss\n|-resisted|p1b: Amoonguss\n|-damage|p1b: Amoonguss|82\/100\n|-damage|p2b: Watakoi|74\/100 brn|[from] Recoil\n|move|p1b: Amoonguss|Pollen Puff|p1a: Arcanine\n|-heal|p1a: Arcanine|100\/100\n|\n|-damage|p2b: Watakoi|68\/100 brn|[from] brn\n|upkeep\n|\n|t:|1682603454\n|switch|p2a: Amanita|Amoonguss, L50, F, shiny|66\/100\n|turn|9\n|\n|t:|1682603503\n|-terastallize|p2a: Amanita|Water\n|move|p1a: Arcanine|Flare Blitz|p2a: Amanita\n|-resisted|p2a: Amanita\n|-damage|p2a: Amanita|52\/100\n|-damage|p1a: Arcanine|95\/100|[from] Recoil\n|move|p2b: Watakoi|Wild Charge|p1a: Arcanine\n|-damage|p1a: Arcanine|70\/100\n|-damage|p2b: Watakoi|63\/100 brn|[from] Recoil\n|move|p1b: Amoonguss|Pollen Puff|p2a: Amanita\n|-damage|p2a: Amanita|39\/100\n|move|p2a: Amanita|Spore|p1a: Arcanine\n|-activate|p1a: Arcanine|item: Safety Goggles|Spore\n|\n|-damage|p2b: Watakoi|57\/100 brn|[from] brn\n|upkeep\n|turn|10\n|\n|t:|1682603528\n|move|p1a: Arcanine|Extreme Speed|p2a: Amanita\n|-damage|p2a: Amanita|25\/100\n|move|p2b: Watakoi|Drain Punch|p1a: Arcanine\n|-damage|p1a: Arcanine|50\/100\n|-heal|p2b: Watakoi|65\/100 brn|[from] drain|[of] p1a: Arcanine\n|move|p1b: Amoonguss|Leaf Storm|p2a: Amanita\n|-supereffective|p2a: Amanita\n|-damage|p2a: Amanita|0 fnt\n|-unboost|p1b: Amoonguss|spa|2\n|faint|p2a: Amanita\n|\n|-damage|p2b: Watakoi|59\/100 brn|[from] brn\n|upkeep\n|turn|11\n|\n|t:|1682603546\n|move|p1a: Arcanine|Flare Blitz|p2b: Watakoi\n|-damage|p2b: Watakoi|36\/100 brn\n|-damage|p1a: Arcanine|40\/100|[from] Recoil\n|move|p2b: Watakoi|Drain Punch|p1a: Arcanine\n|-damage|p1a: Arcanine|20\/100\n|-heal|p2b: Watakoi|44\/100 brn|[from] drain|[of] p1a: Arcanine\n|move|p1b: Amoonguss|Pollen Puff|p1a: Arcanine\n|-heal|p1a: Arcanine|70\/100\n|\n|-damage|p2b: Watakoi|38\/100 brn|[from] brn\n|upkeep\n|turn|12\n|\n|t:|1682603564\n|switch|p1b: Palafin|Palafin-Hero, L50, F|39\/100\n|move|p1a: Arcanine|Flare Blitz|p2b: Watakoi\n|-damage|p2b: Watakoi|20\/100 brn\n|-damage|p1a: Arcanine|62\/100|[from] Recoil\n|move|p2b: Watakoi|Drain Punch|p2: Amanita|[notarget]\n|-fail|p2b: Watakoi\n|\n|-damage|p2b: Watakoi|13\/100 brn|[from] brn\n|upkeep\n|turn|13\n|\n|t:|1682603588\n|-terastallize|p1b: Palafin|Water\n|move|p1a: Arcanine|Extreme Speed|p2b: Watakoi\n|-damage|p2b: Watakoi|4\/100 brn\n|move|p1b: Palafin|Jet Punch|p2b: Watakoi\n|-damage|p2b: Watakoi|0 fnt\n|faint|p2b: Watakoi\n|-end|p2b: Watakoi|Quark Drive|[silent]\n|\n|win|ITS PAPAW TIME\n","uploadtime":1682603598,"views":11,"p1id":"itspapawtime","p2id":"pocketchansey","formatid":"gen9vgc2023regulationc","rating":0,"private":0,"password":""}