{"id":"gen9vgc2023regulationc-1858977169","p1":"XJosbert1406X","p2":"Ryum","format":"[Gen 9] VGC 2023 Regulation C","log":"|j|\u2606XJosbert1406X\n|j|\u2606Ryum\n|t:|1683390157\n|gametype|doubles\n|player|p1|XJosbert1406X|170|1077\n|player|p2|Ryum|1|1152\n|teamsize|p1|6\n|teamsize|p2|6\n|gen|9\n|tier|[Gen 9] VGC 2023 Regulation C\n|rated|\n|rule|Species Clause: Limit one of each Pok\u00e9mon\n|rule|Item Clause: Limit one of each item\n|clearpoke\n|poke|p1|Flutter Mane, L50|\n|poke|p1|Arcanine, L50, F|\n|poke|p1|Grafaiai, L50, M|\n|poke|p1|Brute Bonnet, L50|\n|poke|p1|Corviknight, L50, M|\n|poke|p1|Sandy Shocks, L50|\n|poke|p2|Iron Bundle, L50|\n|poke|p2|Tyranitar, L50, M|\n|poke|p2|Wo-Chien, L50|\n|poke|p2|Glimmora, L50, M|\n|poke|p2|Gyarados, L50, F|\n|poke|p2|Flutter Mane, L50|\n|teampreview|4\nXJosbert1406X has agreed to open team sheets.\nRyum has agreed to open team sheets.\n|inactive|Battle timer is ON: inactive players will automatically lose when time's up. (requested by Ryum)\n|\n|t:|1683390228\n|start\n|switch|p1a: Flutter Mane|Flutter Mane, L50|100\/100\n|switch|p1b: Grafaiai|Grafaiai, L50, M|100\/100\n|switch|p2a: Glimmora|Glimmora, L50, M|100\/100\n|switch|p2b: Iron Bundle|Iron Bundle, L50|100\/100\n|turn|1\n|inactive|XJosbert1406X has 30 seconds left.\n|inactive|Ryum has 30 seconds left.\n|inactive|XJosbert1406X has 20 seconds left.\n|inactive|XJosbert1406X has 15 seconds left.\n|\n|t:|1683390269\n|move|p1b: Grafaiai|Flatter|p2b: Iron Bundle\n|-boost|p2b: Iron Bundle|spa|1\n|-enditem|p1a: Flutter Mane|Mirror Herb\n|-boost|p1a: Flutter Mane|spa|1|[from] item: Mirror Herb\n|-start|p2b: Iron Bundle|confusion\n|-activate|p2b: Iron Bundle|confusion\n|-damage|p2b: Iron Bundle|94\/100|[from] confusion\n|move|p1a: Flutter Mane|Shadow Ball|p2b: Iron Bundle\n|-damage|p2b: Iron Bundle|0 fnt\n|faint|p2b: Iron Bundle\n|-end|p2b: Iron Bundle|Quark Drive|[silent]\n|move|p2a: Glimmora|Sludge Bomb|p1a: Flutter Mane\n|-damage|p1a: Flutter Mane|48\/100\n|\n|upkeep\n|\n|t:|1683390285\n|switch|p2b: Flutter Mane|Flutter Mane, L50|100\/100\n|-enditem|p2b: Flutter Mane|Booster Energy\n|-activate|p2b: Flutter Mane|ability: Protosynthesis|[fromitem]\n|-start|p2b: Flutter Mane|protosynthesisspe\n|turn|2\n|inactive|XJosbert1406X has 30 seconds left.\n|inactive|XJosbert1406X has 20 seconds left.\n|inactive|XJosbert1406X has 15 seconds left.\n|inactive|XJosbert1406X has 10 seconds left.\n|inactive|XJosbert1406X has 5 seconds left.\n|\n|t:|1683390335\n|move|p2b: Flutter Mane|Protect|p2b: Flutter Mane\n|-singleturn|p2b: Flutter Mane|Protect\n|move|p1b: Grafaiai|Parting Shot|p2b: Flutter Mane\n|-activate|p2b: Flutter Mane|move: Protect\n|move|p1a: Flutter Mane|Shadow Ball|p2b: Flutter Mane\n|-activate|p2b: Flutter Mane|move: Protect\n|move|p2a: Glimmora|Sludge Bomb|p1a: Flutter Mane\n|-damage|p1a: Flutter Mane|0 fnt\n|faint|p1a: Flutter Mane\n|-end|p1a: Flutter Mane|Protosynthesis|[silent]\n|\n|upkeep\n|\n|t:|1683390354\n|switch|p1a: Corviknight|Corviknight, L50, M|100\/100\n|turn|3\n|\n|t:|1683390370\n|-end|p2b: Flutter Mane|Protosynthesis|[silent]\n|switch|p2b: Gyarados|Gyarados, L50, F|100\/100\n|-ability|p2b: Gyarados|Intimidate|boost\n|-ability|p1a: Corviknight|Mirror Armor\n|-unboost|p2b: Gyarados|atk|1\n|-unboost|p1b: Grafaiai|atk|1\n|move|p1b: Grafaiai|Parting Shot|p2b: Gyarados\n|-unboost|p2b: Gyarados|atk|1\n|-unboost|p2b: Gyarados|spa|1\n|\n|t:|1683390380\n|switch|p1b: Brute Bonnet|Brute Bonnet, L50|100\/100|[from] Parting Shot\n|move|p2a: Glimmora|Earth Power|p1b: Brute Bonnet\n|-resisted|p1b: Brute Bonnet\n|-damage|p1b: Brute Bonnet|89\/100\n|move|p1a: Corviknight|Iron Head|p2b: Gyarados\n|-resisted|p2b: Gyarados\n|-damage|p2b: Gyarados|87\/100\n|\n|upkeep\n|turn|4\n|inactive|Ryum has 30 seconds left.\n|\n|t:|1683390406\n|move|p1b: Brute Bonnet|Protect|p1b: Brute Bonnet\n|-singleturn|p1b: Brute Bonnet|Protect\n|move|p2b: Gyarados|Taunt|p1a: Corviknight\n|-start|p1a: Corviknight|move: Taunt\n|move|p2a: Glimmora|Sludge Bomb|p1b: Brute Bonnet\n|-activate|p1b: Brute Bonnet|move: Protect\n|cant|p1a: Corviknight|move: Taunt|Iron Defense\n|\n|upkeep\n|turn|5\n|inactive|XJosbert1406X has 30 seconds left.\n|inactive|Ryum has 30 seconds left.\n|\n|t:|1683390436\n|-end|p1b: Brute Bonnet|Protosynthesis|[silent]\n|switch|p1b: Grafaiai|Grafaiai, L50, M|100\/100\n|move|p2b: Gyarados|Thunder Wave|p1b: Grafaiai\n|-status|p1b: Grafaiai|par\n|move|p2a: Glimmora|Sludge Bomb|p1b: Grafaiai\n|-resisted|p1b: Grafaiai\n|-damage|p1b: Grafaiai|77\/100 par\n|move|p1a: Corviknight|Iron Head|p2a: Glimmora\n|-supereffective|p2a: Glimmora\n|-damage|p2a: Glimmora|47\/100\n|-activate|p2a: Glimmora|ability: Toxic Debris\n|-sidestart|p1: XJosbert1406X|move: Toxic Spikes\n|\n|upkeep\n|turn|6\n|inactive|XJosbert1406X has 30 seconds left.\n|\n|t:|1683390466\n|-terastallize|p2a: Glimmora|Water\n|move|p1b: Grafaiai|Parting Shot|p2a: Glimmora\n|-unboost|p2a: Glimmora|atk|1\n|-unboost|p2a: Glimmora|spa|1\n|\n|t:|1683390471\n|switch|p1b: Brute Bonnet|Brute Bonnet, L50|89\/100|[from] Parting Shot\n|-status|p1b: Brute Bonnet|psn\n|move|p2b: Gyarados|Thunder Wave|p1a: Corviknight\n|-status|p1a: Corviknight|par\n|move|p2a: Glimmora|Earth Power|p1b: Brute Bonnet\n|-resisted|p1b: Brute Bonnet\n|-damage|p1b: Brute Bonnet|81\/100 psn\n|move|p1a: Corviknight|Iron Head|p2a: Glimmora\n|-resisted|p2a: Glimmora\n|-damage|p2a: Glimmora|34\/100\n|-activate|p2a: Glimmora|ability: Toxic Debris\n|-sidestart|p1: XJosbert1406X|move: Toxic Spikes\n|\n|-damage|p1b: Brute Bonnet|68\/100 psn|[from] psn\n|-end|p1a: Corviknight|move: Taunt\n|upkeep\n|turn|7\n|inactive|XJosbert1406X has 30 seconds left.\n|inactive|XJosbert1406X has 20 seconds left.\n|inactive|XJosbert1406X has 15 seconds left.\n|inactive|XJosbert1406X has 10 seconds left.\n|inactive|XJosbert1406X has 5 seconds left.\n|\n|t:|1683390525\n|switch|p2a: Flutter Mane|Flutter Mane, L50|100\/100\n|move|p1b: Brute Bonnet|Sucker Punch||[still]\n|-fail|p1b: Brute Bonnet\n|move|p2b: Gyarados|Waterfall|p1a: Corviknight\n|-damage|p1a: Corviknight|91\/100 par\n|move|p1a: Corviknight|Iron Defense|p1a: Corviknight\n|-boost|p1a: Corviknight|def|2\n|\n|-heal|p1a: Corviknight|97\/100 par|[from] item: Leftovers\n|-damage|p1b: Brute Bonnet|56\/100 psn|[from] psn\n|upkeep\n|turn|8\n|inactive|XJosbert1406X has 30 seconds left.\n|\n|t:|1683390559\n|move|p2a: Flutter Mane|Substitute|p2a: Flutter Mane\n|-start|p2a: Flutter Mane|Substitute\n|-damage|p2a: Flutter Mane|76\/100\n|move|p2b: Gyarados|Taunt|p1a: Corviknight\n|-start|p1a: Corviknight|move: Taunt\n|move|p1b: Brute Bonnet|Spore|p2b: Gyarados\n|-status|p2b: Gyarados|slp|[from] move: Spore\n|move|p1a: Corviknight|Iron Head|p2a: Flutter Mane\n|-supereffective|p2a: Flutter Mane\n|-end|p2a: Flutter Mane|Substitute\n|\n|-heal|p1a: Corviknight|100\/100 par|[from] item: Leftovers\n|-damage|p1b: Brute Bonnet|44\/100 psn|[from] psn\n|upkeep\n|turn|9\n|inactive|XJosbert1406X has 30 seconds left.\n|inactive|Ryum has 30 seconds left.\n|\n|t:|1683390590\n|move|p2a: Flutter Mane|Protect|p2a: Flutter Mane\n|-singleturn|p2a: Flutter Mane|Protect\n|cant|p2b: Gyarados|slp\n|move|p1b: Brute Bonnet|Bullet Seed|p2a: Flutter Mane\n|-activate|p2a: Flutter Mane|move: Protect\n|move|p1a: Corviknight|Iron Head|p2a: Flutter Mane\n|-activate|p2a: Flutter Mane|move: Protect\n|\n|-damage|p1b: Brute Bonnet|31\/100 psn|[from] psn\n|upkeep\n|turn|10\n|\n|t:|1683390614\n|move|p2a: Flutter Mane|Substitute|p2a: Flutter Mane\n|-start|p2a: Flutter Mane|Substitute\n|-damage|p2a: Flutter Mane|52\/100\n|cant|p2b: Gyarados|slp\n|move|p1b: Brute Bonnet|Bullet Seed|p2a: Flutter Mane\n|-end|p2a: Flutter Mane|Substitute\n|-damage|p2a: Flutter Mane|24\/100\n|-damage|p2a: Flutter Mane|0 fnt\n|faint|p2a: Flutter Mane\n|-end|p2a: Flutter Mane|Protosynthesis|[silent]\n|-hitcount|p2: Flutter Mane|3\n|move|p1a: Corviknight|Iron Head|p2b: Gyarados\n|-resisted|p2b: Gyarados\n|-damage|p2b: Gyarados|73\/100 slp\n|\n|-damage|p1b: Brute Bonnet|19\/100 psn|[from] psn\n|-end|p1a: Corviknight|move: Taunt\n|upkeep\n|\n|t:|1683390626\n|switch|p2a: Glimmora|Glimmora, L50, M, tera:Water|34\/100\n|turn|11\n|\n|t:|1683390650\n|cant|p2b: Gyarados|slp\n|move|p2a: Glimmora|Power Gem|p1b: Brute Bonnet\n|-damage|p1b: Brute Bonnet|0 fnt\n|faint|p1b: Brute Bonnet\n|-end|p1b: Brute Bonnet|Protosynthesis|[silent]\n|move|p1a: Corviknight|Body Press|p2a: Glimmora\n|-damage|p2a: Glimmora|0 fnt\n|faint|p2a: Glimmora\n|\n|upkeep\n|\n|t:|1683390660\n|switch|p1b: Grafaiai|Grafaiai, L50, M|77\/100 par\n|-sideend|p1: XJosbert1406X|move: Toxic Spikes|[of] p1b: Grafaiai\n|turn|12\n|-message|Ryum forfeited.\n|\n|win|XJosbert1406X\n|raw|XJosbert1406X's rating: 1077 → 1111<\/strong> (+34 for winning)\n|raw|Ryum's rating: 1152 → 1122<\/strong> (-30 for losing)\n|l|\u2606Ryum\n","uploadtime":1683390678,"views":11,"p1id":"xjosbert1406x","p2id":"ryum","formatid":"gen9vgc2023regulationc","rating":1111,"private":0,"password":""}