{"id":"gen9vgc2023regulationc-1863823053","p1":"shiftyyy","p2":"Capitan smoker","format":"[Gen 9] VGC 2023 Regulation C","log":"|j|\u2606shiftyyy\n|j|\u2606Capitan smoker\n|t:|1684082040\n|gametype|doubles\n|player|p1|shiftyyy|clerkf|1324\n|player|p2|Capitan smoker|265|1322\n|teamsize|p1|6\n|teamsize|p2|6\n|gen|9\n|tier|[Gen 9] VGC 2023 Regulation C\n|rated|\n|rule|Species Clause: Limit one of each Pok\u00e9mon\n|rule|Item Clause: Limit one of each item\n|clearpoke\n|poke|p1|Flutter Mane, L50|\n|poke|p1|Garchomp, L50, M|\n|poke|p1|Iron Bundle, L50|\n|poke|p1|Talonflame, L50, M|\n|poke|p1|Gyarados, L50, M|\n|poke|p1|Iron Hands, L50|\n|poke|p2|Braviary, L50, M|\n|poke|p2|Dragonite, L50, F|\n|poke|p2|Palafin, L50, F|\n|poke|p2|Torkoal, L50, M|\n|poke|p2|Lilligant, L50, F|\n|poke|p2|Great Tusk, L50|\n|teampreview|4\n|j| panzihao\n|\n|t:|1684082082\n|start\n|switch|p1a: Garchomp|Garchomp, L50, M|100\/100\n|switch|p1b: Talonflame|Talonflame, L50, M|100\/100\n|switch|p2a: Braviary|Braviary, L50, M|100\/100\n|switch|p2b: Palafin|Palafin, L50, F|100\/100\n|turn|1\n|\n|t:|1684082101\n|move|p1b: Talonflame|Quick Guard|p1b: Talonflame\n|-singleturn|p1b: Talonflame|Quick Guard\n|move|p2b: Palafin|Flip Turn|p1b: Talonflame\n|-supereffective|p1b: Talonflame\n|-damage|p1b: Talonflame|35\/100\n|\n|t:|1684082106\n|detailschange|p2b: Palafin|Palafin-Hero, L50, F\n|switch|p2b: Dragonite|Dragonite, L50, F, shiny|100\/100|[from] Flip Turn\n|move|p1a: Garchomp|Swords Dance|p1a: Garchomp\n|-boost|p1a: Garchomp|atk|2\n|move|p2a: Braviary|Tailwind|p2a: Braviary\n|-sidestart|p2: Capitan smoker|move: Tailwind\n|\n|upkeep\n|turn|2\n|\n|t:|1684082118\n|-terastallize|p2b: Dragonite|Normal\n|move|p1a: Garchomp|Protect|p1a: Garchomp\n|-singleturn|p1a: Garchomp|Protect\n|move|p2b: Dragonite|Extreme Speed|p1b: Talonflame\n|-damage|p1b: Talonflame|0 fnt\n|faint|p1b: Talonflame\n|move|p2a: Braviary|Brave Bird|p1a: Garchomp\n|-activate|p1a: Garchomp|move: Protect\n|\n|upkeep\n|\n|t:|1684082129\n|switch|p1b: Gyarados|Gyarados, L50, M|100\/100\n|-ability|p1b: Gyarados|Intimidate|boost\n|-unboost|p2a: Braviary|atk|1\n|-ability|p2a: Braviary|Defiant|boost\n|-boost|p2a: Braviary|atk|2\n|-unboost|p2b: Dragonite|atk|1\n|turn|3\n|\n|t:|1684082139\n|move|p2b: Dragonite|Extreme Speed|p1b: Gyarados\n|-damage|p1b: Gyarados|61\/100\n|move|p2a: Braviary|Brave Bird|p1b: Gyarados\n|-damage|p1b: Gyarados|0 fnt\n|faint|p1b: Gyarados\n|-damage|p2a: Braviary|77\/100|[from] Recoil\n|move|p1a: Garchomp|Rock Slide|p2b: Dragonite|[spread] p2a,p2b\n|-supereffective|p2a: Braviary\n|-damage|p2a: Braviary|0 fnt\n|-damage|p2b: Dragonite|80\/100\n|faint|p2a: Braviary\n|\n|upkeep\n|\n|t:|1684082151\n|switch|p2a: Palafin|Palafin-Hero, L50, F|100\/100\n|switch|p1b: Iron Bundle|Iron Bundle, L50|100\/100\n|-activate|p2a: Palafin|ability: Zero to Hero\n|-enditem|p1b: Iron Bundle|Booster Energy\n|-activate|p1b: Iron Bundle|ability: Quark Drive|[fromitem]\n|-start|p1b: Iron Bundle|quarkdrivespe\n|turn|4\n|\n|t:|1684082166\n|move|p1b: Iron Bundle|Protect|p1b: Iron Bundle\n|-singleturn|p1b: Iron Bundle|Protect\n|move|p2b: Dragonite|Extreme Speed|p1b: Iron Bundle\n|-activate|p1b: Iron Bundle|move: Protect\n|move|p2a: Palafin|Wave Crash|p1b: Iron Bundle\n|-activate|p1b: Iron Bundle|move: Protect\n|move|p1a: Garchomp|Earthquake|p2b: Dragonite|[spread] p2a,p2b\n|-activate|p1b: Iron Bundle|move: Protect\n|-damage|p2a: Palafin|19\/100\n|-damage|p2b: Dragonite|0 fnt\n|faint|p2b: Dragonite\n|\n|-sideend|p2: Capitan smoker|move: Tailwind\n|upkeep\n|\n|t:|1684082169\n|switch|p2b: Great Tusk|Great Tusk, L50|100\/100\n|turn|5\n|\n|t:|1684082187\n|-terastallize|p1b: Iron Bundle|Flying\n|move|p1b: Iron Bundle|Icy Wind|p2b: Great Tusk|[spread] p2a,p2b\n|-resisted|p2a: Palafin\n|-supereffective|p2b: Great Tusk\n|-damage|p2a: Palafin|6\/100\n|-damage|p2b: Great Tusk|33\/100\n|-unboost|p2a: Palafin|spe|1\n|-unboost|p2b: Great Tusk|spe|1\n|move|p1a: Garchomp|Earthquake|p2b: Great Tusk|[spread] p2a,p2b\n|-immune|p1b: Iron Bundle\n|-crit|p2a: Palafin\n|-damage|p2a: Palafin|0 fnt\n|-damage|p2b: Great Tusk|0 fnt\n|faint|p2a: Palafin\n|faint|p2b: Great Tusk\n|-end|p2b: Great Tusk|Protosynthesis|[silent]\n|\n|win|shiftyyy\n|raw|shiftyyy's rating: 1324 → 1344<\/strong> (+20 for winning)\n|raw|Capitan smoker's rating: 1322 → 1302<\/strong> (-20 for losing)\n","uploadtime":1684082194,"views":16,"p1id":"shiftyyy","p2id":"capitansmoker","formatid":"gen9vgc2023regulationc","rating":1302,"private":0,"password":""}