{"id":"gen9vgc2023regulationc-1849827940","p1":"Valiiiii","p2":"Hex Literal Legend","format":"[Gen 9] VGC 2023 Regulation C","log":"|j|\u2606Valiiiii\n|j|\u2606Hex Literal Legend\n|t:|1682257651\n|gametype|doubles\n|player|p1|Valiiiii|veteran|1132\n|player|p2|Hex Literal Legend|265|1134\n|teamsize|p1|6\n|teamsize|p2|6\n|gen|9\n|tier|[Gen 9] VGC 2023 Regulation C\n|rated|\n|rule|Species Clause: Limit one of each Pok\u00e9mon\n|rule|Item Clause: Limit one of each item\n|clearpoke\n|poke|p1|Dragonite, L50, M|\n|poke|p1|Flutter Mane, L50|\n|poke|p1|Palafin, L50, M|\n|poke|p1|Gyarados, L50, F|\n|poke|p1|Iron Moth, L50|\n|poke|p1|Scizor, L50, F|\n|poke|p2|Flutter Mane, L50|\n|poke|p2|Arcanine, L50, M|\n|poke|p2|Amoonguss, L50, M|\n|poke|p2|Gothitelle, L50, F|\n|poke|p2|Scream Tail, L50|\n|poke|p2|Palafin, L50, F|\n|teampreview|4\nHex Literal Legend rejected open team sheets.\n|\n|t:|1682257681\n|start\n|switch|p1a: Gyarados|Gyarados, L50, F, shiny|100\/100\n|switch|p1b: Wendy|Flutter Mane, L50, shiny|100\/100\n|switch|p2a: Palafin|Palafin, L50, F|100\/100\n|switch|p2b: Gothitelle|Gothitelle, L50, F|100\/100\n|-ability|p1a: Gyarados|Intimidate|boost\n|-unboost|p2a: Palafin|atk|1\n|-unboost|p2b: Gothitelle|atk|1\n|-item|p1a: Gyarados|Safety Goggles|[from] ability: Frisk|[of] p2b: Gothitelle|[identify]\n|-item|p1b: Wendy|Choice Specs|[from] ability: Frisk|[of] p2b: Gothitelle|[identify]\n|turn|1\n|\n|t:|1682257722\n|detailschange|p2a: Palafin|Palafin-Hero, L50, F\n|switch|p2a: Flutter Mane|Flutter Mane, L50|100\/100\n|-terastallize|p1a: Gyarados|Ghost\n|move|p2b: Gothitelle|Fake Out|p1a: Gyarados\n|-immune|p1a: Gyarados\n|move|p1b: Wendy|Power Gem|p2a: Flutter Mane\n|-damage|p2a: Flutter Mane|58\/100\n|move|p1a: Gyarados|Taunt|p2b: Gothitelle\n|-start|p2b: Gothitelle|move: Taunt\n|\n|upkeep\n|turn|2\n|\n|t:|1682257746\n|-end|p1b: Wendy|Protosynthesis|[silent]\n|switch|p1b: Scizor|Scizor, L50, F, shiny|100\/100\n|move|p2a: Flutter Mane|Perish Song|p2a: Flutter Mane\n|-start|p1a: Gyarados|perish3|[silent]\n|-start|p1b: Scizor|perish3|[silent]\n|-start|p2a: Flutter Mane|perish3|[silent]\n|-start|p2b: Gothitelle|perish3|[silent]\n|-fieldactivate|move: Perish Song\n|move|p1a: Gyarados|Thunder Wave|p2a: Flutter Mane\n|-status|p2a: Flutter Mane|par\n|move|p2b: Gothitelle|Psychic|p1b: Scizor\n|-resisted|p1b: Scizor\n|-damage|p1b: Scizor|88\/100\n|-unboost|p1b: Scizor|spd|1\n|\n|-start|p1a: Gyarados|perish3\n|-start|p2a: Flutter Mane|perish3\n|-start|p1b: Scizor|perish3\n|-start|p2b: Gothitelle|perish3\n|upkeep\n|turn|3\n|\n|t:|1682257768\n|switch|p1a: Wendy|Flutter Mane, L50, shiny|100\/100\n|move|p1b: Scizor|Bullet Punch|p2a: Flutter Mane\n|-supereffective|p2a: Flutter Mane\n|-damage|p2a: Flutter Mane|0 fnt\n|faint|p2a: Flutter Mane\n|-end|p2a: Flutter Mane|Protosynthesis|[silent]\n|move|p2b: Gothitelle|Psychic|p1a: Wendy\n|-damage|p1a: Wendy|69\/100\n|\n|-start|p1b: Scizor|perish2\n|-start|p2b: Gothitelle|perish2\n|upkeep\n|\n|t:|1682257776\n|switch|p2a: Palafin|Palafin-Hero, L50, F|100\/100\n|-activate|p2a: Palafin|ability: Zero to Hero\n|turn|4\n|\n|t:|1682257791\n|switch|p2b: Arcanine|Arcanine, L50, M|100\/100\n|-ability|p2b: Arcanine|Intimidate|boost\n|-unboost|p1a: Wendy|atk|1\n|-unboost|p1b: Scizor|atk|1\n|switch|p1b: Gyarados|Gyarados, L50, F, shiny, tera:Ghost|100\/100\n|-ability|p1b: Gyarados|Intimidate|boost\n|-unboost|p2a: Palafin|atk|1\n|-unboost|p2b: Arcanine|atk|1\n|-terastallize|p2a: Palafin|Water\n|move|p2a: Palafin|Jet Punch|p1a: Wendy\n|-damage|p1a: Wendy|3\/100\n|move|p1a: Wendy|Thunderbolt|p2a: Palafin\n|-supereffective|p2a: Palafin\n|-damage|p2a: Palafin|10\/100\n|-status|p2a: Palafin|par\n|\n|upkeep\n|turn|5\n|-message|Hex Literal Legend forfeited.\n|\n|win|Valiiiii\n|raw|Valiiiii's rating: 1132 → 1157<\/strong> (+25 for winning)\n|raw|Hex Literal Legend's rating: 1134 → 1109<\/strong> (-25 for losing)\n|l|\u2606Hex Literal Legend\n","uploadtime":1682257822,"views":14,"p1id":"valiiiii","p2id":"hexliterallegend","formatid":"gen9vgc2023regulationc","rating":1109,"private":0,"password":""}