{"id":"gen9vgc2023regulationc-1851561130","p1":"poke128","p2":"woho","format":"[Gen 9] VGC 2023 Regulation C","log":"|j|\u2606poke128\n|j|\u2606woho\n|t:|1682455834\n|gametype|doubles\n|player|p1|poke128|265|1080\n|player|p2|woho|alder|1069\n|teamsize|p1|6\n|teamsize|p2|6\n|gen|9\n|tier|[Gen 9] VGC 2023 Regulation C\n|rated|\n|rule|Species Clause: Limit one of each Pok\u00e9mon\n|rule|Item Clause: Limit one of each item\n|clearpoke\n|poke|p1|Mudsdale, L50, F|\n|poke|p1|Maushold, L50|\n|poke|p1|Annihilape, L50, F|\n|poke|p1|Chi-Yu, L50|\n|poke|p1|Flutter Mane, L50|\n|poke|p1|Amoonguss, L50, F|\n|poke|p2|Arboliva, L50, M|\n|poke|p2|Iron Hands, L50|\n|poke|p2|Greedent, L50, M|\n|poke|p2|Armarouge, L50, F|\n|poke|p2|Tauros-Paldea-Aqua, L50, M|\n|poke|p2|Gholdengo, L50|\n|teampreview|4\n|\n|t:|1682455861\n|start\n|switch|p1a: Mudsdale|Mudsdale, L50, F|100\/100\n|switch|p1b: Maushold|Maushold, L50|100\/100\n|switch|p2a: Rishiki|Iron Hands, L50|100\/100\n|switch|p2b: Florino|Gholdengo, L50|100\/100\n|turn|1\n|\n|t:|1682455903\n|move|p2a: Rishiki|Fake Out|p1b: Maushold\n|-damage|p1b: Maushold|77\/100\n|move|p2b: Florino|Flash Cannon|p1b: Maushold\n|-damage|p1b: Maushold|17\/100\n|cant|p1b: Maushold|flinch\n|move|p1a: Mudsdale|Body Press|p2a: Rishiki\n|-damage|p2a: Rishiki|84\/100\n|-damage|p1a: Mudsdale|91\/100|[from] item: Life Orb\n|\n|upkeep\n|turn|2\n|\n|t:|1682455930\n|-end|p2a: Rishiki|Quark Drive|[silent]\n|switch|p2a: Luthien|Arboliva, L50, M|100\/100\n|move|p2b: Florino|Flash Cannon|p1b: Maushold\n|-damage|p1b: Maushold|0 fnt\n|faint|p1b: Maushold\n|move|p1a: Mudsdale|Body Press|p2a: Luthien\n|-supereffective|p2a: Luthien\n|-damage|p2a: Luthien|53\/100\n|-fieldstart|move: Grassy Terrain|[from] ability: Seed Sower|[of] p2a: Luthien\n|-enditem|p2a: Luthien|Grassy Seed\n|-boost|p2a: Luthien|def|1|[from] item: Grassy Seed\n|-damage|p1a: Mudsdale|81\/100|[from] item: Life Orb\n|\n|-heal|p2a: Luthien|59\/100|[from] Grassy Terrain\n|-heal|p1a: Mudsdale|87\/100|[from] Grassy Terrain\n|upkeep\n|\n|t:|1682455948\n|switch|p1b: Chi-Yu|Chi-Yu, L50|100\/100\n|-ability|p1b: Chi-Yu|Beads of Ruin\n|turn|3\n|\n|t:|1682455964\n|switch|p2b: Rishiki|Iron Hands, L50|84\/100\n|-terastallize|p2a: Luthien|Water\n|move|p1b: Chi-Yu|Heat Wave|p2b: Rishiki|[spread] p2a,p2b\n|-resisted|p2a: Luthien\n|-damage|p2a: Luthien|43\/100\n|-damage|p2b: Rishiki|53\/100\n|move|p2a: Luthien|Leech Seed|p1a: Mudsdale\n|-start|p1a: Mudsdale|move: Leech Seed\n|move|p1a: Mudsdale|Iron Head|p2b: Rishiki\n|-resisted|p2b: Rishiki\n|-damage|p2b: Rishiki|41\/100\n|-damage|p1a: Mudsdale|77\/100|[from] item: Life Orb\n|\n|-heal|p2b: Rishiki|48\/100|[from] Grassy Terrain\n|-heal|p2a: Luthien|49\/100|[from] Grassy Terrain\n|-heal|p1a: Mudsdale|83\/100|[from] Grassy Terrain\n|-damage|p1a: Mudsdale|71\/100|[from] Leech Seed|[of] p2a: Luthien\n|-heal|p2a: Luthien|62\/100|[silent]\n|upkeep\n|turn|4\n|\n|t:|1682455997\n|move|p1b: Chi-Yu|Heat Wave|p2a: Luthien|[spread] p2a,p2b\n|-resisted|p2a: Luthien\n|-damage|p2a: Luthien|47\/100\n|-damage|p2b: Rishiki|15\/100\n|move|p2b: Rishiki|Drain Punch|p1b: Chi-Yu\n|-supereffective|p1b: Chi-Yu\n|-damage|p1b: Chi-Yu|0 fnt\n|-heal|p2b: Rishiki|40\/100|[from] drain|[of] p1b: Chi-Yu\n|faint|p1b: Chi-Yu\n|move|p2a: Luthien|Pollen Puff|p2b: Rishiki\n|-heal|p2b: Rishiki|90\/100\n|move|p1a: Mudsdale|Body Press|p2a: Luthien\n|-damage|p2a: Luthien|28\/100\n|-damage|p1a: Mudsdale|61\/100|[from] item: Life Orb\n|\n|-heal|p2b: Rishiki|96\/100|[from] Grassy Terrain\n|-heal|p2a: Luthien|34\/100|[from] Grassy Terrain\n|-heal|p1a: Mudsdale|67\/100|[from] Grassy Terrain\n|-damage|p1a: Mudsdale|55\/100|[from] Leech Seed|[of] p2a: Luthien\n|-heal|p2a: Luthien|48\/100|[silent]\n|upkeep\n|\n|t:|1682456018\n|switch|p1b: Flutter Mane|Flutter Mane, L50|100\/100\n|-enditem|p1b: Flutter Mane|Booster Energy\n|-activate|p1b: Flutter Mane|ability: Protosynthesis|[fromitem]\n|-start|p1b: Flutter Mane|protosynthesisspa\n|turn|5\n|\n|t:|1682456037\n|-terastallize|p1b: Flutter Mane|Fairy\n|move|p2a: Luthien|Protect|p2a: Luthien\n|-singleturn|p2a: Luthien|Protect\n|move|p1b: Flutter Mane|Moonblast|p2b: Rishiki\n|-supereffective|p2b: Rishiki\n|-damage|p2b: Rishiki|0 fnt\n|faint|p2b: Rishiki\n|-end|p2b: Rishiki|Quark Drive|[silent]\n|move|p1a: Mudsdale|Iron Head|p2a: Luthien\n|-activate|p2a: Luthien|move: Protect\n|\n|-heal|p2a: Luthien|53\/100|[from] Grassy Terrain\n|-heal|p1a: Mudsdale|61\/100|[from] Grassy Terrain\n|-damage|p1a: Mudsdale|49\/100|[from] Leech Seed|[of] p2a: Luthien\n|-heal|p2a: Luthien|67\/100|[silent]\n|upkeep\n|\n|t:|1682456052\n|switch|p2b: Florino|Gholdengo, L50|100\/100\n|turn|6\n|\n|t:|1682456082\n|move|p1a: Mudsdale|Protect|p1a: Mudsdale\n|-singleturn|p1a: Mudsdale|Protect\n|move|p2b: Florino|Flash Cannon|p1b: Flutter Mane\n|-supereffective|p1b: Flutter Mane\n|-damage|p1b: Flutter Mane|4\/100\n|move|p1b: Flutter Mane|Shadow Ball|p2b: Florino\n|-supereffective|p2b: Florino\n|-damage|p2b: Florino|0 fnt\n|faint|p2b: Florino\n|move|p2a: Luthien|Pollen Puff|p1b: Flutter Mane\n|-resisted|p1b: Flutter Mane\n|-damage|p1b: Flutter Mane|0 fnt\n|faint|p1b: Flutter Mane\n|-end|p1b: Flutter Mane|Protosynthesis|[silent]\n|\n|-heal|p2a: Luthien|73\/100|[from] Grassy Terrain\n|-heal|p1a: Mudsdale|55\/100|[from] Grassy Terrain\n|-damage|p1a: Mudsdale|43\/100|[from] Leech Seed|[of] p2a: Luthien\n|-heal|p2a: Luthien|86\/100|[silent]\n|-fieldend|move: Grassy Terrain\n|upkeep\n|\n|t:|1682456099\n|switch|p2b: Ozzy|Tauros-Paldea-Aqua, L50, M|100\/100\n|-ability|p2b: Ozzy|Intimidate|boost\n|-unboost|p1a: Mudsdale|atk|1\n|turn|7\n|\n|t:|1682456109\n|move|p2b: Ozzy|Raging Bull|p1a: Mudsdale\n|-supereffective|p1a: Mudsdale\n|-damage|p1a: Mudsdale|0 fnt\n|faint|p1a: Mudsdale\n|-damage|p2b: Ozzy|91\/100|[from] item: Life Orb\n|\n|win|woho\n|raw|poke128's rating: 1080 → 1057<\/strong> (-23 for losing)\n|raw|woho's rating: 1069 → 1100<\/strong> (+31 for winning)\n|l|\u2606poke128\n","uploadtime":1682456445,"views":13,"p1id":"poke128","p2id":"woho","formatid":"gen9vgc2023regulationc","rating":1057,"private":0,"password":""}