{"id":"gen9vgc2023regulationc-1860187747","p1":"Masttery","p2":"Duecal1on","format":"[Gen 9] VGC 2023 Regulation C","log":"|j|\u2606Masttery\n|j|\u2606Duecal1on\n|t:|1683606936\n|gametype|doubles\n|player|p1|Masttery|riley|1288\n|player|p2|Duecal1on|volkner|1323\n|teamsize|p1|6\n|teamsize|p2|6\n|gen|9\n|tier|[Gen 9] VGC 2023 Regulation C\n|rated|\n|rule|Species Clause: Limit one of each Pok\u00e9mon\n|rule|Item Clause: Limit one of each item\n|clearpoke\n|poke|p1|Iron Bundle, L50|\n|poke|p1|Wo-Chien, L50|\n|poke|p1|Oranguru, L50, M|\n|poke|p1|Annihilape, L50, M|\n|poke|p1|Ting-Lu, L50|\n|poke|p1|Bellibolt, L50, F|\n|poke|p2|Sableye, L50, F|\n|poke|p2|Toxtricity-Low-Key, L50, M|\n|poke|p2|Oranguru, L50, M|\n|poke|p2|Gardevoir, L50, M|\n|poke|p2|Chi-Yu, L50|\n|poke|p2|Wo-Chien, L50|\n|teampreview|4\n|inactive|Battle timer is ON: inactive players will automatically lose when time's up. (requested by Duecal1on)\n|\n|t:|1683606976\n|start\n|switch|p1a: Ting-Lu|Ting-Lu, L50|100\/100\n|switch|p1b: Oranguru|Oranguru, L50, M|100\/100\n|switch|p2a: Wo-Chien|Wo-Chien, L50|100\/100\n|switch|p2b: Oranguru|Oranguru, L50, M|100\/100\n|-ability|p2a: Wo-Chien|Tablets of Ruin\n|-ability|p1a: Ting-Lu|Vessel of Ruin\n|turn|1\n|\n|t:|1683606998\n|move|p2a: Wo-Chien|Giga Drain|p1a: Ting-Lu\n|-supereffective|p1a: Ting-Lu\n|-damage|p1a: Ting-Lu|57\/100\n|move|p2b: Oranguru|Yawn|p1a: Ting-Lu\n|-start|p1a: Ting-Lu|move: Yawn|[of] p2b: Oranguru\n|move|p1a: Ting-Lu|Body Press|p2a: Wo-Chien\n|-supereffective|p2a: Wo-Chien\n|-damage|p2a: Wo-Chien|55\/100\n|move|p1b: Oranguru|Instruct|p1a: Ting-Lu\n|-singleturn|p1a: Ting-Lu|move: Instruct|[of] p1b: Oranguru\n|move|p1a: Ting-Lu|Body Press|p2a: Wo-Chien\n|-supereffective|p2a: Wo-Chien\n|-crit|p2a: Wo-Chien\n|-damage|p2a: Wo-Chien|0 fnt\n|faint|p2a: Wo-Chien\n|\n|upkeep\n|\n|t:|1683607014\n|switch|p2a: Toxtricity|Toxtricity-Low-Key, L50, M, shiny|100\/100\n|turn|2\n|\n|t:|1683607025\n|switch|p1a: Annihilape|Annihilape, L50, M|100\/100\n|-terastallize|p2a: Toxtricity|Normal\n|move|p2a: Toxtricity|Boomburst|p1a: Annihilape|[spread] p1b\n|-activate|p2b: Oranguru|ability: Telepathy\n|-immune|p1a: Annihilape\n|-damage|p1b: Oranguru|48\/100\n|-enditem|p2a: Toxtricity|Throat Spray\n|-boost|p2a: Toxtricity|spa|1|[from] item: Throat Spray\n|move|p2b: Oranguru|Instruct|p2a: Toxtricity\n|-singleturn|p2a: Toxtricity|move: Instruct|[of] p2b: Oranguru\n|move|p2a: Toxtricity|Boomburst|p1b: Oranguru|[spread] p1b\n|-activate|p2b: Oranguru|ability: Telepathy\n|-immune|p1a: Annihilape\n|-damage|p1b: Oranguru|0 fnt\n|faint|p1b: Oranguru\n|\n|upkeep\n|\n|t:|1683607045\n|switch|p1b: Iron Bundle|Iron Bundle, L50|100\/100\n|-enditem|p1b: Iron Bundle|Booster Energy\n|-activate|p1b: Iron Bundle|ability: Quark Drive|[fromitem]\n|-start|p1b: Iron Bundle|quarkdrivespe\n|turn|3\n|\n|t:|1683607059\n|move|p1b: Iron Bundle|Protect|p1b: Iron Bundle\n|-singleturn|p1b: Iron Bundle|Protect\n|move|p2a: Toxtricity|Protect|p2a: Toxtricity\n|-singleturn|p2a: Toxtricity|Protect\n|move|p1a: Annihilape|Drain Punch|p2a: Toxtricity\n|-activate|p2a: Toxtricity|move: Protect\n|move|p2b: Oranguru|Trick Room|p2b: Oranguru\n|-fieldstart|move: Trick Room|[of] p2b: Oranguru\n|\n|upkeep\n|turn|4\n|inactive|Duecal1on has 30 seconds left.\n|\n|t:|1683607093\n|move|p2b: Oranguru|Foul Play|p1a: Annihilape\n|-damage|p1a: Annihilape|66\/100\n|move|p1a: Annihilape|Bulk Up|p1a: Annihilape\n|-boost|p1a: Annihilape|atk|1\n|-boost|p1a: Annihilape|def|1\n|move|p2a: Toxtricity|Overdrive|p1b: Iron Bundle|[spread] p1a,p1b\n|-supereffective|p1b: Iron Bundle\n|-damage|p1a: Annihilape|13\/100\n|-damage|p1b: Iron Bundle|0 fnt\n|-enditem|p1a: Annihilape|Sitrus Berry|[eat]\n|-heal|p1a: Annihilape|38\/100|[from] item: Sitrus Berry\n|faint|p1b: Iron Bundle\n|-end|p1b: Iron Bundle|Quark Drive|[silent]\n|\n|upkeep\n|\n|t:|1683607103\n|switch|p1b: Ting-Lu|Ting-Lu, L50|57\/100\n|-ability|p1b: Ting-Lu|Vessel of Ruin\n|turn|5\n|\n|t:|1683607127\n|move|p2a: Toxtricity|Protect|p2a: Toxtricity\n|-singleturn|p2a: Toxtricity|Protect\n|move|p1b: Ting-Lu|Body Press|p2a: Toxtricity\n|-activate|p2a: Toxtricity|move: Protect\n|move|p2b: Oranguru|Foul Play|p1a: Annihilape\n|-damage|p1a: Annihilape|8\/100\n|move|p1a: Annihilape|Drain Punch|p2b: Oranguru\n|-damage|p2b: Oranguru|35\/100\n|-heal|p1a: Annihilape|39\/100|[from] drain|[of] p2b: Oranguru\n|\n|upkeep\n|turn|6\n|inactive|Duecal1on has 30 seconds left.\n|\n|t:|1683607152\n|move|p1b: Ting-Lu|Body Press|p2a: Toxtricity\n|-supereffective|p2a: Toxtricity\n|-damage|p2a: Toxtricity|19\/100\n|move|p2b: Oranguru|Yawn|p1b: Ting-Lu\n|-start|p1b: Ting-Lu|move: Yawn|[of] p2b: Oranguru\n|move|p1a: Annihilape|Drain Punch|p2b: Oranguru\n|-damage|p2b: Oranguru|0 fnt\n|-heal|p1a: Annihilape|56\/100|[from] drain|[of] p2b: Oranguru\n|faint|p2b: Oranguru\n|move|p2a: Toxtricity|Overdrive|p1a: Annihilape|[spread] p1a\n|-immune|p1b: Ting-Lu\n|-damage|p1a: Annihilape|21\/100\n|\n|upkeep\n|\n|t:|1683607168\n|switch|p2b: Gardevoir|Gardevoir, L50, M|100\/100\n|turn|7\n|\n|t:|1683607182\n|move|p2a: Toxtricity|Protect|p2a: Toxtricity\n|-singleturn|p2a: Toxtricity|Protect\n|move|p1b: Ting-Lu|Body Press|p2b: Gardevoir\n|-resisted|p2b: Gardevoir\n|-damage|p2b: Gardevoir|85\/100\n|move|p1a: Annihilape|Drain Punch|p2a: Toxtricity\n|-activate|p2a: Toxtricity|move: Protect\n|move|p2b: Gardevoir|Dazzling Gleam|p1b: Ting-Lu|[spread] p1a,p1b\n|-supereffective|p1a: Annihilape\n|-supereffective|p1b: Ting-Lu\n|-damage|p1a: Annihilape|0 fnt\n|-damage|p1b: Ting-Lu|20\/100\n|faint|p1a: Annihilape\n|\n|-end|p1b: Ting-Lu|move: Yawn|[silent]\n|-status|p1b: Ting-Lu|slp\n|-fieldend|move: Trick Room\n|upkeep\n|turn|8\n|-message|Masttery forfeited.\n|\n|win|Duecal1on\n|raw|Masttery's rating: 1288 → 1266<\/strong> (-22 for losing)\n|raw|Duecal1on's rating: 1323 → 1341<\/strong> (+18 for winning)\n|l|\u2606Masttery\n","uploadtime":1683607200,"views":4,"p1id":"masttery","p2id":"duecal1on","formatid":"gen9vgc2023regulationc","rating":1266,"private":0,"password":""}