{"id":"gen9vgc2023regulationc-1847236107","p1":"MistressQueenM","p2":"bsentinel","format":"[Gen 9] VGC 2023 Regulation C","log":"|j|\u203dMistressQueenM\n|j|\u2606bsentinel\n|t:|1681930213\n|gametype|doubles\n|player|p1|MistressQueenM|veteranf|1311\n|player|p2|bsentinel|1|1299\n|teamsize|p1|6\n|teamsize|p2|6\n|gen|9\n|tier|[Gen 9] VGC 2023 Regulation C\n|rated|\n|rule|Species Clause: Limit one of each Pok\u00e9mon\n|rule|Item Clause: Limit one of each item\n|clearpoke\n|poke|p1|Wo-Chien, L50|\n|poke|p1|Torkoal, L50, M|\n|poke|p1|Garganacl, L50, F|\n|poke|p1|Great Tusk, L50|\n|poke|p1|Murkrow, L50, M|\n|poke|p1|Farigiraf, L50, F|\n|poke|p2|Scream Tail, L50|\n|poke|p2|Talonflame, L50, M|\n|poke|p2|Gastrodon, L50, F|\n|poke|p2|Ditto, L50|\n|poke|p2|Dragapult, L50, F|\n|poke|p2|Gyarados, L50, F|\n|teampreview|4\nMistressQueenM rejected open team sheets.\n|inactive|Battle timer is ON: inactive players will automatically lose when time's up. (requested by MistressQueenM)\n|\n|t:|1681930239\n|start\n|switch|p1a: Murkrow|Murkrow, L50, M|100\/100\n|switch|p1b: Farigiraf|Farigiraf, L50, F|100\/100\n|switch|p2a: Scream Tail|Scream Tail, L50|100\/100\n|switch|p2b: Dragapult|Dragapult, L50, F|100\/100\n|-enditem|p2a: Scream Tail|Booster Energy\n|-activate|p2a: Scream Tail|ability: Protosynthesis|[fromitem]\n|-start|p2a: Scream Tail|protosynthesisspe\n|turn|1\n|\n|t:|1681930258\n|move|p1a: Murkrow|Taunt|p2a: Scream Tail\n|-start|p2a: Scream Tail|move: Taunt\n|cant|p2a: Scream Tail|move: Taunt|Howl\n|move|p2b: Dragapult|Dragon Darts|p1b: Farigiraf\n|-damage|p1b: Farigiraf|66\/100\n|-anim|p2b: Dragapult|Dragon Darts|p1a: Murkrow\n|-damage|p1a: Murkrow|58\/100\n|-damage|p2b: Dragapult|91\/100|[from] item: Life Orb\n|move|p1b: Farigiraf|Trick Room|p1b: Farigiraf\n|-fieldstart|move: Trick Room|[of] p1b: Farigiraf\n|\n|upkeep\n|turn|2\n|\n|t:|1681930274\n|-terastallize|p2b: Dragapult|Steel\n|move|p1a: Murkrow|Thunder Wave|p2a: Scream Tail\n|-status|p2a: Scream Tail|par\n|move|p1b: Farigiraf|Foul Play|p2b: Dragapult\n|-damage|p2b: Dragapult|47\/100\n|move|p2a: Scream Tail|Play Rough|p1a: Murkrow|[miss]\n|-miss|p2a: Scream Tail|p1a: Murkrow\n|move|p2b: Dragapult|Dragon Darts|p1a: Murkrow\n|-damage|p1a: Murkrow|13\/100\n|-anim|p2b: Dragapult|Dragon Darts|p1b: Farigiraf\n|-damage|p1b: Farigiraf|33\/100\n|-damage|p2b: Dragapult|38\/100|[from] item: Life Orb\n|\n|upkeep\n|turn|3\n|inactive|bsentinel has 30 seconds left.\n|\n|t:|1681930309\n|move|p1b: Farigiraf|Hyper Voice|p2b: Dragapult|[spread] p2a,p2b\n|-enditem|p1b: Farigiraf|Normal Gem|[from] gem\n|-resisted|p2b: Dragapult\n|-damage|p2a: Scream Tail|76\/100 par\n|-damage|p2b: Dragapult|17\/100\n|move|p1a: Murkrow|Foul Play|p2b: Dragapult\n|-damage|p2b: Dragapult|0 fnt\n|faint|p2b: Dragapult\n|move|p2a: Scream Tail|Play Rough|p1a: Murkrow\n|-supereffective|p1a: Murkrow\n|-damage|p1a: Murkrow|0 fnt\n|faint|p1a: Murkrow\n|\n|-end|p2a: Scream Tail|move: Taunt\n|upkeep\n|\n|t:|1681930318\n|switch|p1a: Torkoal|Torkoal, L50, M, shiny|100\/100\n|switch|p2b: Gastrodon|Gastrodon, L50, F|100\/100\n|-weather|SunnyDay|[from] ability: Drought|[of] p1a: Torkoal\n|turn|4\n|\n|t:|1681930342\n|-terastallize|p1a: Torkoal|Fire\n|move|p2b: Gastrodon|Protect|p2b: Gastrodon\n|-singleturn|p2b: Gastrodon|Protect\n|move|p1a: Torkoal|Eruption|p2b: Gastrodon|[spread] p2a\n|-activate|p2b: Gastrodon|move: Protect\n|-damage|p2a: Scream Tail|0 fnt\n|faint|p2a: Scream Tail\n|-end|p2a: Scream Tail|Protosynthesis|[silent]\n|move|p1b: Farigiraf|Hyper Voice|p2b: Gastrodon\n|-activate|p2b: Gastrodon|move: Protect\n|\n|-weather|SunnyDay|[upkeep]\n|upkeep\n|\n|t:|1681930347\n|switch|p2a: Gyarados|Gyarados, L50, F|100\/100\n|-ability|p2a: Gyarados|Intimidate|boost\n|-unboost|p1a: Torkoal|atk|1\n|-unboost|p1b: Farigiraf|atk|1\n|turn|5\n|\n|t:|1681930359\n|move|p2a: Gyarados|Protect|p2a: Gyarados\n|-singleturn|p2a: Gyarados|Protect\n|move|p1a: Torkoal|Eruption|p2a: Gyarados|[spread] p2b\n|-activate|p2a: Gyarados|move: Protect\n|-resisted|p2b: Gastrodon\n|-crit|p2b: Gastrodon\n|-damage|p2b: Gastrodon|15\/100\n|move|p2b: Gastrodon|Earth Power|p1a: Torkoal\n|-supereffective|p1a: Torkoal\n|-damage|p1a: Torkoal|0 fnt\n|faint|p1a: Torkoal\n|move|p1b: Farigiraf|Foul Play|p2a: Gyarados\n|-activate|p2a: Gyarados|move: Protect\n|\n|-weather|SunnyDay|[upkeep]\n|-fieldend|move: Trick Room\n|upkeep\n|\n|t:|1681930362\n|switch|p1a: Wo-Chien|Wo-Chien, L50|100\/100\n|-ability|p1a: Wo-Chien|Tablets of Ruin\n|turn|6\n|\n|t:|1681930379\n|move|p1b: Farigiraf|Ally Switch|p1b: Farigiraf\n|swap|p1b: Farigiraf|0|[from] move: Ally Switch\n|move|p2a: Gyarados|Thunder Wave|p1a: Farigiraf\n|-status|p1a: Farigiraf|par\n|move|p1b: Wo-Chien|Leech Seed|p2a: Gyarados\n|-start|p2a: Gyarados|move: Leech Seed\n|move|p2b: Gastrodon|Recover|p2b: Gastrodon\n|-heal|p2b: Gastrodon|65\/100\n|\n|-weather|SunnyDay|[upkeep]\n|-damage|p2a: Gyarados|88\/100|[from] Leech Seed|[of] p1b: Wo-Chien\n|upkeep\n|turn|7\n|\n|t:|1681930397\n|move|p2b: Gastrodon|Protect|p2b: Gastrodon\n|-singleturn|p2b: Gastrodon|Protect\n|move|p2a: Gyarados|Thunder Wave|p1b: Wo-Chien\n|-status|p1b: Wo-Chien|par\n|move|p1b: Wo-Chien|Leech Seed|p2b: Gastrodon\n|-activate|p2b: Gastrodon|move: Protect\n|cant|p1a: Farigiraf|par\n|\n|-weather|SunnyDay|[upkeep]\n|-damage|p2a: Gyarados|76\/100|[from] Leech Seed|[of] p1b: Wo-Chien\n|upkeep\n|turn|8\n|inactive|bsentinel has 30 seconds left.\n|\n|t:|1681930423\n|move|p2a: Gyarados|Waterfall|p2b: Gastrodon\n|-activate|p2b: Gastrodon|ability: Storm Drain\n|-ability|p2b: Gastrodon|Storm Drain|boost\n|-boost|p2b: Gastrodon|spa|1\n|move|p2b: Gastrodon|Earth Power|p1a: Farigiraf\n|-damage|p1a: Farigiraf|0 fnt\n|faint|p1a: Farigiraf\n|cant|p1b: Wo-Chien|par\n|\n|-weather|none\n|-damage|p2a: Gyarados|63\/100|[from] Leech Seed|[of] p1b: Wo-Chien\n|upkeep\n|turn|9\n|\n|t:|1681930440\n|move|p2a: Gyarados|Waterfall|p2b: Gastrodon\n|-activate|p2b: Gastrodon|ability: Storm Drain\n|-ability|p2b: Gastrodon|Storm Drain|boost\n|-boost|p2b: Gastrodon|spa|1\n|move|p2b: Gastrodon|Ice Beam|p1b: Wo-Chien\n|-supereffective|p1b: Wo-Chien\n|-damage|p1b: Wo-Chien|42\/100 par\n|-enditem|p1b: Wo-Chien|Sitrus Berry|[eat]\n|-heal|p1b: Wo-Chien|67\/100 par|[from] item: Sitrus Berry\n|move|p1b: Wo-Chien|Giga Drain|p2b: Gastrodon\n|-supereffective|p2b: Gastrodon\n|-damage|p2b: Gastrodon|0 fnt\n|-heal|p1b: Wo-Chien|100\/100 par|[from] drain|[of] p2b: Gastrodon\n|faint|p2b: Gastrodon\n|\n|-damage|p2a: Gyarados|51\/100|[from] Leech Seed|[of] p1b: Wo-Chien\n|upkeep\n|turn|10\n|-message|bsentinel forfeited.\n|\n|win|MistressQueenM\n|raw|MistressQueenM's rating: 1311 → 1330<\/strong> (+19 for winning)\n|raw|bsentinel's rating: 1299 → 1275<\/strong> (-24 for losing)\n|l|\u2606bsentinel\n","uploadtime":1681930514,"views":6,"p1id":"mistressqueenm","p2id":"bsentinel","formatid":"gen9vgc2023regulationc","rating":1275,"private":0,"password":""}