{"id":"gen9vgc2023regulationc-1857912795","p1":"theoneandonlyert","p2":"Steakman5","format":"[Gen 9] VGC 2023 Regulation C","log":"|j|\u2606theoneandonlyert\n|j|\u2606Steakman5\n|t:|1683246507\n|gametype|doubles\n|player|p1|theoneandonlyert|102|1035\n|player|p2|Steakman5|swimmer-gen4|1119\n|teamsize|p1|6\n|teamsize|p2|6\n|gen|9\n|tier|[Gen 9] VGC 2023 Regulation C\n|rated|\n|rule|Species Clause: Limit one of each Pok\u00e9mon\n|rule|Item Clause: Limit one of each item\n|clearpoke\n|poke|p1|Arcanine, L50, M|\n|poke|p1|Palafin, L50, M|\n|poke|p1|Flutter Mane, L50|\n|poke|p1|Ting-Lu, L50|\n|poke|p1|Annihilape, L50, M|\n|poke|p1|Maushold, L50|\n|poke|p2|Flutter Mane, L50|\n|poke|p2|Altaria, L50, M|\n|poke|p2|Amoonguss, L50, M|\n|poke|p2|Dragonite, L50, F|\n|poke|p2|Chien-Pao, L50|\n|poke|p2|Ceruledge, L50, F|\n|teampreview|4\n|inactive|Battle timer is ON: inactive players will automatically lose when time's up. (requested by theoneandonlyert)\n|\n|t:|1683246528\n|start\n|switch|p1a: Maushold|Maushold, L50, shiny|100\/100\n|switch|p1b: Palafin|Palafin, L50, M, shiny|100\/100\n|switch|p2a: Flutter Mane|Flutter Mane, L50|100\/100\n|switch|p2b: Ceruledge|Ceruledge, L50, F|100\/100\n|-enditem|p2a: Flutter Mane|Booster Energy\n|-activate|p2a: Flutter Mane|ability: Protosynthesis|[fromitem]\n|-start|p2a: Flutter Mane|protosynthesisspe\n|turn|1\n|inactive|theoneandonlyert has 30 seconds left.\n|inactive|theoneandonlyert has 20 seconds left.\n|\n|t:|1683246565\n|-terastallize|p1b: Palafin|Water\n|-terastallize|p2b: Ceruledge|Grass\n|move|p2a: Flutter Mane|Thunderbolt|p1b: Palafin\n|-supereffective|p1b: Palafin\n|-damage|p1b: Palafin|16\/100\n|move|p1b: Palafin|Wave Crash|p2b: Ceruledge\n|-resisted|p2b: Ceruledge\n|-damage|p2b: Ceruledge|67\/100\n|-damage|p1b: Palafin|4\/100|[from] Recoil\n|move|p1a: Maushold|Play Rough|p2a: Flutter Mane\n|-damage|p2a: Flutter Mane|51\/100\n|move|p2b: Ceruledge|Bitter Blade|p1a: Maushold\n|-damage|p1a: Maushold|26\/100\n|-heal|p2b: Ceruledge|98\/100|[from] drain|[of] p1a: Maushold\n|\n|-heal|p2b: Ceruledge|100\/100|[from] item: Leftovers\n|upkeep\n|turn|2\n|inactive|theoneandonlyert has 30 seconds left.\n|\n|t:|1683246594\n|detailschange|p1b: Palafin|Palafin-Hero, L50, M, shiny, tera:Water\n|switch|p1b: Arcanine|Arcanine, L50, M, shiny|100\/100\n|-ability|p1b: Arcanine|Intimidate|boost\n|-unboost|p2a: Flutter Mane|atk|1\n|-unboost|p2b: Ceruledge|atk|1\n|move|p2a: Flutter Mane|Dazzling Gleam|p1a: Maushold|[spread] p1a,p1b\n|-resisted|p1b: Arcanine\n|-damage|p1a: Maushold|0 fnt\n|-damage|p1b: Arcanine|82\/100\n|faint|p1a: Maushold\n|move|p2b: Ceruledge|Bulk Up|p2b: Ceruledge\n|-boost|p2b: Ceruledge|atk|1\n|-boost|p2b: Ceruledge|def|1\n|\n|-heal|p1b: Arcanine|88\/100|[from] item: Leftovers\n|upkeep\n|\n|t:|1683246606\n|switch|p1a: Ting-Lu|Ting-Lu, L50|100\/100\n|-ability|p1a: Ting-Lu|Vessel of Ruin\n|turn|3\n|\n|t:|1683246624\n|move|p2a: Flutter Mane|Dazzling Gleam|p1a: Ting-Lu|[spread] p1a,p1b\n|-supereffective|p1a: Ting-Lu\n|-resisted|p1b: Arcanine\n|-damage|p1a: Ting-Lu|82\/100\n|-damage|p1b: Arcanine|74\/100\n|move|p1b: Arcanine|Flare Blitz|p2b: Ceruledge\n|-start|p2b: Ceruledge|ability: Flash Fire\n|move|p2b: Ceruledge|Bitter Blade|p1b: Arcanine\n|-resisted|p1b: Arcanine\n|-damage|p1b: Arcanine|36\/100\n|move|p1a: Ting-Lu|Fissure|p2a: Flutter Mane|[miss]\n|-miss|p1a: Ting-Lu|p2a: Flutter Mane\n|\n|-heal|p1b: Arcanine|42\/100|[from] item: Leftovers\n|upkeep\n|turn|4\n|\n|t:|1683246648\n|move|p2b: Ceruledge|Protect|p2b: Ceruledge\n|-singleturn|p2b: Ceruledge|Protect\n|move|p2a: Flutter Mane|Shadow Ball|p1b: Arcanine\n|-damage|p1b: Arcanine|4\/100\n|move|p1b: Arcanine|Will-O-Wisp|p2b: Ceruledge\n|-activate|p2b: Ceruledge|move: Protect\n|move|p1a: Ting-Lu|Stomping Tantrum|p2a: Flutter Mane\n|-damage|p2a: Flutter Mane|0 fnt\n|faint|p2a: Flutter Mane\n|-end|p2a: Flutter Mane|Protosynthesis|[silent]\n|\n|-heal|p1b: Arcanine|10\/100|[from] item: Leftovers\n|upkeep\n|\n|t:|1683246655\n|switch|p2a: Dragonite|Dragonite, L50, F|100\/100\n|turn|5\n|\n|t:|1683246672\n|move|p1b: Arcanine|Extreme Speed|p2b: Ceruledge\n|-damage|p2b: Ceruledge|84\/100\n|move|p2b: Ceruledge|Shadow Sneak|p1b: Arcanine\n|-damage|p1b: Arcanine|0 fnt\n|faint|p1b: Arcanine\n|move|p2a: Dragonite|Ice Spinner|p1a: Ting-Lu\n|-supereffective|p1a: Ting-Lu\n|-damage|p1a: Ting-Lu|51\/100\n|move|p1a: Ting-Lu|Ruination|p2a: Dragonite\n|-damage|p2a: Dragonite|50\/100\n|\n|-heal|p2b: Ceruledge|90\/100|[from] item: Leftovers\n|upkeep\n|\n|t:|1683246684\n|switch|p1b: Palafin|Palafin-Hero, L50, M, shiny, tera:Water|4\/100\n|-activate|p1b: Palafin|ability: Zero to Hero\n|turn|6\n|\n|t:|1683246695\n|move|p2b: Ceruledge|Protect|p2b: Ceruledge\n|-singleturn|p2b: Ceruledge|Protect\n|move|p2a: Dragonite|Extreme Speed|p1b: Palafin\n|-crit|p1b: Palafin\n|-damage|p1b: Palafin|0 fnt\n|faint|p1b: Palafin\n|move|p1a: Ting-Lu|Ruination|p2b: Ceruledge\n|-activate|p2b: Ceruledge|move: Protect\n|\n|-heal|p2b: Ceruledge|96\/100|[from] item: Leftovers\n|upkeep\n|turn|7\n|-message|theoneandonlyert forfeited.\n|\n|win|Steakman5\n|raw|theoneandonlyert's rating: 1035 → 1023<\/strong> (-12 for losing)\n|raw|Steakman5's rating: 1119 → 1138<\/strong> (+19 for winning)\n|l|\u2606theoneandonlyert\n","uploadtime":1683246708,"views":10,"p1id":"theoneandonlyert","p2id":"steakman5","formatid":"gen9vgc2023regulationc","rating":1023,"private":0,"password":""}