{"id":"gen9vgc2023regulationc-1845167794","p1":"DeathToScarfChiYu","p2":"Clau de Neil","format":"[Gen 9] VGC 2023 Regulation C","log":"|j|\u2606DeathToScarfChiYu\n|j|\u2606Clau de Neil\n|t:|1681691654\n|gametype|doubles\n|player|p1|DeathToScarfChiYu|fennel|1636\n|player|p2|Clau de Neil|bertha|1832\n|teamsize|p1|6\n|teamsize|p2|6\n|gen|9\n|tier|[Gen 9] VGC 2023 Regulation C\n|rated|\n|rule|Species Clause: Limit one of each Pok\u00e9mon\n|rule|Item Clause: Limit one of each item\n|clearpoke\n|poke|p1|Palafin, L50, M|\n|poke|p1|Arcanine, L50, F|\n|poke|p1|Amoonguss, L50, M|\n|poke|p1|Chien-Pao, L50|\n|poke|p1|Flutter Mane, L50|\n|poke|p1|Corviknight, L50, F|\n|poke|p2|Flutter Mane, L50|\n|poke|p2|Palafin, L50, M|\n|poke|p2|Arcanine, L50, F|\n|poke|p2|Corviknight, L50, M|\n|poke|p2|Ting-Lu, L50|\n|poke|p2|Amoonguss, L50, M|\n|teampreview|4\n|j| manwtfisthis\n|inactive|Battle timer is ON: inactive players will automatically lose when time's up. (requested by DeathToScarfChiYu)\n|\n|t:|1681691711\n|start\n|switch|p1a: Palafin|Palafin, L50, M|100\/100\n|switch|p1b: Corviknight|Corviknight, L50, F|100\/100\n|switch|p2a: Palafin|Palafin, L50, M|100\/100\n|switch|p2b: Arcanine|Arcanine, L50, F|100\/100\n|-ability|p2b: Arcanine|Intimidate|boost\n|-unboost|p1a: Palafin|atk|1\n|-ability|p1b: Corviknight|Mirror Armor\n|-unboost|p2b: Arcanine|atk|1\n|turn|1\n|\n|t:|1681691727\n|detailschange|p2a: Palafin|Palafin-Hero, L50, M\n|switch|p2a: Flutter Mane|Flutter Mane, L50|100\/100\n|switch|p1b: Arcanine|Arcanine, L50, F|100\/100\n|-ability|p1b: Arcanine|Intimidate|boost\n|-unboost|p2a: Flutter Mane|atk|1\n|-unboost|p2b: Arcanine|atk|1\n|move|p1a: Palafin|Protect|p1a: Palafin\n|-singleturn|p1a: Palafin|Protect\n|move|p2b: Arcanine|Will-O-Wisp|p1b: Arcanine\n|-immune|p1b: Arcanine\n|\n|upkeep\n|turn|2\n|\n|t:|1681691744\n|detailschange|p1a: Palafin|Palafin-Hero, L50, M\n|switch|p1a: Amoonguss|Amoonguss, L50, M|100\/100\n|switch|p2b: Palafin|Palafin-Hero, L50, M|100\/100\n|-activate|p2b: Palafin|ability: Zero to Hero\n|move|p2a: Flutter Mane|Shadow Ball|p1b: Arcanine\n|-damage|p1b: Arcanine|47\/100\n|move|p1b: Arcanine|Flare Blitz|p2a: Flutter Mane\n|-damage|p2a: Flutter Mane|25\/100\n|-damage|p1b: Arcanine|25\/100|[from] Recoil\n|\n|upkeep\n|turn|3\n|\n|t:|1681691769\n|switch|p1b: Palafin|Palafin-Hero, L50, M|100\/100\n|-activate|p1b: Palafin|ability: Zero to Hero\n|move|p2b: Palafin|Jet Punch|p1b: Palafin\n|-resisted|p1b: Palafin\n|-damage|p1b: Palafin|83\/100\n|move|p2a: Flutter Mane|Shadow Ball|p1a: Amoonguss\n|-damage|p1a: Amoonguss|61\/100\n|-unboost|p1a: Amoonguss|spd|1\n|move|p1a: Amoonguss|Spore|p2b: Palafin\n|-activate|p2b: Palafin|item: Safety Goggles|Spore\n|\n|upkeep\n|turn|4\n|\n|t:|1681691778\n|-end|p2a: Flutter Mane|Protosynthesis|[silent]\n|switch|p2a: Amoonguss|Amoonguss, L50, M|100\/100\n|switch|p2b: Arcanine|Arcanine, L50, F|100\/100\n|-ability|p2b: Arcanine|Intimidate|boost\n|-unboost|p1a: Amoonguss|atk|1\n|-unboost|p1b: Palafin|atk|1\n|switch|p1a: Corviknight|Corviknight, L50, F|100\/100\n|move|p1b: Palafin|Jet Punch|p2a: Amoonguss\n|-resisted|p2a: Amoonguss\n|-damage|p2a: Amoonguss|89\/100\n|\n|upkeep\n|turn|5\n|\n|t:|1681691791\n|switch|p1b: Arcanine|Arcanine, L50, F|25\/100\n|-ability|p1b: Arcanine|Intimidate|boost\n|-unboost|p2a: Amoonguss|atk|1\n|-unboost|p2b: Arcanine|atk|1\n|switch|p2b: Palafin|Palafin-Hero, L50, M|100\/100\n|-terastallize|p1a: Corviknight|Fire\n|move|p2a: Amoonguss|Protect|p2a: Amoonguss\n|-singleturn|p2a: Amoonguss|Protect\n|move|p1a: Corviknight|Tera Blast|p2a: Amoonguss\n|-activate|p2a: Amoonguss|move: Protect\n|\n|upkeep\n|turn|6\n|\n|t:|1681691812\n|switch|p1a: Amoonguss|Amoonguss, L50, M|61\/100\n|move|p2b: Palafin|Jet Punch|p1b: Arcanine\n|-supereffective|p1b: Arcanine\n|-damage|p1b: Arcanine|0 fnt\n|faint|p1b: Arcanine\n|move|p2a: Amoonguss|Spore|p1a: Amoonguss\n|-immune|p1a: Amoonguss\n|\n|upkeep\n|\n|t:|1681691817\n|switch|p1b: Palafin|Palafin-Hero, L50, M|83\/100\n|turn|7\n|\n|t:|1681691834\n|-terastallize|p2b: Palafin|Water\n|move|p1b: Palafin|Protect|p1b: Palafin\n|-singleturn|p1b: Palafin|Protect\n|move|p2b: Palafin|Liquidation|p1a: Amoonguss\n|-resisted|p1a: Amoonguss\n|-damage|p1a: Amoonguss|24\/100\n|-enditem|p1a: Amoonguss|Aguav Berry|[eat]\n|-heal|p1a: Amoonguss|57\/100|[from] item: Aguav Berry\n|move|p1a: Amoonguss|Pollen Puff|p2a: Amoonguss\n|-damage|p2a: Amoonguss|72\/100\n|move|p2a: Amoonguss|Pollen Puff|p2b: Palafin\n|-immune|p2b: Palafin\n|\n|upkeep\n|turn|8\n|-message|DeathToScarfChiYu forfeited.\n|\n|win|Clau de Neil\n|raw|DeathToScarfChiYu's rating: 1636 → 1626<\/strong> (-10 for losing)\n|raw|Clau de Neil's rating: 1832 → 1842<\/strong> (+10 for winning)\n|l|\u2606DeathToScarfChiYu\n","uploadtime":1681691850,"views":18,"p1id":"deathtoscarfchiyu","p2id":"claudeneil","formatid":"gen9vgc2023regulationc","rating":1626,"private":0,"password":""}