{"id":"gen9vgc2023regulationc-1861548176","p1":"Elpan0","p2":"RonJohn","format":"[Gen 9] VGC 2023 Regulation C","log":"|j|\u2606Elpan0\n|j|\u2606RonJohn\n|t:|1683771666\n|gametype|doubles\n|player|p1|Elpan0|1|1253\n|player|p2|RonJohn|266|1141\n|teamsize|p1|6\n|teamsize|p2|6\n|gen|9\n|tier|[Gen 9] VGC 2023 Regulation C\n|rated|\n|rule|Species Clause: Limit one of each Pok\u00e9mon\n|rule|Item Clause: Limit one of each item\n|clearpoke\n|poke|p1|Volcarona, L50, M|\n|poke|p1|Amoonguss, L50, F|\n|poke|p1|Flutter Mane, L50|\n|poke|p1|Baxcalibur, L50, F|\n|poke|p1|Gyarados, L50, M|\n|poke|p1|Ting-Lu, L50|\n|poke|p2|Flutter Mane, L50|\n|poke|p2|Orthworm, L50, F|\n|poke|p2|Dragonite, L50, M|\n|poke|p2|Amoonguss, L50, F|\n|poke|p2|Gyarados, L50, F|\n|poke|p2|Ting-Lu, L50|\n|teampreview|4\nRonJohn has agreed to open team sheets.\n|\n|t:|1683771707\n|start\n|switch|p1a: Gyarados|Gyarados, L50, M|100\/100\n|switch|p1b: Ting-Lu|Ting-Lu, L50|100\/100\n|switch|p2a: Ting-Lu|Ting-Lu, L50|100\/100\n|switch|p2b: Orthworm|Orthworm, L50, F|100\/100\n|-ability|p1a: Gyarados|Intimidate|boost\n|-unboost|p2a: Ting-Lu|atk|1\n|-unboost|p2b: Orthworm|atk|1\n|-ability|p2a: Ting-Lu|Vessel of Ruin\n|-ability|p1b: Ting-Lu|Vessel of Ruin\n|turn|1\n|inactive|Battle timer is ON: inactive players will automatically lose when time's up. (requested by Elpan0)\n|inactive|RonJohn has 60 seconds left.\n|\n|t:|1683771755\n|switch|p1b: Baxcalibur|Baxcalibur, L50, F|100\/100\n|move|p1a: Gyarados|Taunt|p2b: Orthworm\n|-start|p2b: Orthworm|move: Taunt\n|move|p2a: Ting-Lu|Rock Slide|p1a: Gyarados|[spread] p1a,p1b\n|-supereffective|p1a: Gyarados\n|-supereffective|p1b: Baxcalibur\n|-damage|p1a: Gyarados|73\/100\n|-damage|p1b: Baxcalibur|80\/100\n|cant|p2b: Orthworm|move: Taunt|Shed Tail\n|\n|upkeep\n|turn|2\n|\n|t:|1683771777\n|-terastallize|p1b: Baxcalibur|Poison\n|move|p1b: Baxcalibur|Icicle Spear|p2a: Ting-Lu\n|-supereffective|p2a: Ting-Lu\n|-damage|p2a: Ting-Lu|82\/100\n|-supereffective|p2a: Ting-Lu\n|-damage|p2a: Ting-Lu|64\/100\n|-supereffective|p2a: Ting-Lu\n|-damage|p2a: Ting-Lu|44\/100\n|-supereffective|p2a: Ting-Lu\n|-damage|p2a: Ting-Lu|24\/100\n|-hitcount|p2a: Ting-Lu|4\n|move|p1a: Gyarados|Waterfall|p2a: Ting-Lu\n|-supereffective|p2a: Ting-Lu\n|-damage|p2a: Ting-Lu|0 fnt\n|faint|p2a: Ting-Lu\n|move|p2b: Orthworm|Body Press|p1b: Baxcalibur\n|-resisted|p1b: Baxcalibur\n|-damage|p1b: Baxcalibur|69\/100\n|\n|upkeep\n|\n|t:|1683771796\n|switch|p2a: Flutter Mane|Flutter Mane, L50|100\/100\n|turn|3\n|inactive|RonJohn has 30 seconds left.\n|\n|t:|1683771821\n|switch|p1a: Ting-Lu|Ting-Lu, L50|100\/100\n|-ability|p1a: Ting-Lu|Vessel of Ruin\n|switch|p2b: Dragonite|Dragonite, L50, M|100\/100\n|move|p2a: Flutter Mane|Thunderbolt|p1a: Ting-Lu\n|-immune|p1a: Ting-Lu\n|move|p1b: Baxcalibur|Icicle Spear|p2a: Flutter Mane\n|-damage|p2a: Flutter Mane|68\/100\n|-damage|p2a: Flutter Mane|34\/100\n|-damage|p2a: Flutter Mane|0 fnt\n|faint|p2a: Flutter Mane\n|-end|p2a: Flutter Mane|Protosynthesis|[silent]\n|-hitcount|p2: Flutter Mane|3\n|\n|upkeep\n|\n|t:|1683771835\n|switch|p2a: Orthworm|Orthworm, L50, F|100\/100\n|turn|4\n|\n|t:|1683771855\n|move|p2b: Dragonite|Ice Spinner|p1a: Ting-Lu\n|-supereffective|p1a: Ting-Lu\n|-crit|p1a: Ting-Lu\n|-damage|p1a: Ting-Lu|45\/100\n|move|p1b: Baxcalibur|Icicle Spear|p2b: Dragonite\n|-supereffective|p2b: Dragonite\n|-damage|p2b: Dragonite|67\/100\n|-supereffective|p2b: Dragonite\n|-damage|p2b: Dragonite|2\/100\n|-supereffective|p2b: Dragonite\n|-damage|p2b: Dragonite|0 fnt\n|faint|p2b: Dragonite\n|-hitcount|p2: Dragonite|3\n|move|p2a: Orthworm|Heavy Slam|p1b: Baxcalibur\n|-damage|p1b: Baxcalibur|55\/100\n|move|p1a: Ting-Lu|Ruination|p2a: Orthworm\n|-damage|p2a: Orthworm|50\/100\n|-enditem|p2a: Orthworm|Sitrus Berry|[eat]\n|-heal|p2a: Orthworm|75\/100|[from] item: Sitrus Berry\n|\n|upkeep\n|turn|5\n|inactive|Elpan0 has 30 seconds left.\n|\n|t:|1683771885\n|switch|p1a: Gyarados|Gyarados, L50, M|73\/100\n|-ability|p1a: Gyarados|Intimidate|boost\n|-unboost|p2a: Orthworm|atk|1\n|move|p1b: Baxcalibur|Icicle Spear|p2a: Orthworm\n|-resisted|p2a: Orthworm\n|-damage|p2a: Orthworm|70\/100\n|-resisted|p2a: Orthworm\n|-damage|p2a: Orthworm|65\/100\n|-resisted|p2a: Orthworm\n|-damage|p2a: Orthworm|59\/100\n|-resisted|p2a: Orthworm\n|-damage|p2a: Orthworm|53\/100\n|-hitcount|p2a: Orthworm|4\n|move|p2a: Orthworm|Heavy Slam|p1a: Gyarados\n|-resisted|p1a: Gyarados\n|-damage|p1a: Gyarados|67\/100\n|\n|upkeep\n|turn|6\n|inactive|RonJohn has 30 seconds left.\n|\n|t:|1683771917\n|move|p1b: Baxcalibur|Icicle Spear|p2a: Orthworm\n|-resisted|p2a: Orthworm\n|-damage|p2a: Orthworm|48\/100\n|-resisted|p2a: Orthworm\n|-damage|p2a: Orthworm|43\/100\n|-resisted|p2a: Orthworm\n|-damage|p2a: Orthworm|37\/100\n|-resisted|p2a: Orthworm\n|-damage|p2a: Orthworm|32\/100\n|-hitcount|p2a: Orthworm|4\n|move|p1a: Gyarados|Taunt|p2a: Orthworm\n|-start|p2a: Orthworm|move: Taunt\n|move|p2a: Orthworm|Heavy Slam|p1b: Baxcalibur\n|-damage|p1b: Baxcalibur|46\/100\n|\n|upkeep\n|turn|7\n|\n|t:|1683771934\n|move|p1b: Baxcalibur|Icicle Spear|p2a: Orthworm\n|-resisted|p2a: Orthworm\n|-damage|p2a: Orthworm|26\/100\n|-resisted|p2a: Orthworm\n|-damage|p2a: Orthworm|21\/100\n|-resisted|p2a: Orthworm\n|-damage|p2a: Orthworm|15\/100\n|-resisted|p2a: Orthworm\n|-damage|p2a: Orthworm|10\/100\n|-hitcount|p2a: Orthworm|4\n|move|p1a: Gyarados|Waterfall|p2a: Orthworm\n|-damage|p2a: Orthworm|0 fnt\n|faint|p2a: Orthworm\n|\n|win|Elpan0\n|raw|Elpan0's rating: 1253 → 1270<\/strong> (+17 for winning)\n|raw|RonJohn's rating: 1141 → 1124<\/strong> (-17 for losing)\n|l|\u2606Elpan0\n","uploadtime":1683771946,"views":22,"p1id":"elpan0","p2id":"ronjohn","formatid":"gen9vgc2023regulationc","rating":1124,"private":0,"password":""}