{"id":"gen9vgc2023regulationc-1860458815","p1":"heatvw","p2":"WillieDangerously","format":"[Gen 9] VGC 2023 Regulation C","log":"|j|\u2606heatvw\n|j|\u2606WillieDangerously\n|t:|1683646028\n|gametype|doubles\n|player|p1|heatvw|marley|1152\n|player|p2|WillieDangerously|psychic-gen4|1213\n|teamsize|p1|6\n|teamsize|p2|6\n|gen|9\n|tier|[Gen 9] VGC 2023 Regulation C\n|rated|\n|rule|Species Clause: Limit one of each Pok\u00e9mon\n|rule|Item Clause: Limit one of each item\n|clearpoke\n|poke|p1|Rotom-Wash, L50|\n|poke|p1|Ting-Lu, L50|\n|poke|p1|Baxcalibur, L50, F|\n|poke|p1|Arcanine, L50, F|\n|poke|p1|Murkrow, L50, M|\n|poke|p1|Flutter Mane, L50|\n|poke|p2|Gholdengo, L50|\n|poke|p2|Wo-Chien, L50|\n|poke|p2|Iron Bundle, L50|\n|poke|p2|Dragapult, L50, M|\n|poke|p2|Hippowdon, L50, M|\n|poke|p2|Glimmora, L50, F|\n|teampreview|4\n|inactive|Battle timer is ON: inactive players will automatically lose when time's up. (requested by heatvw)\n|inactive|heatvw has 60 seconds left.\n|inactive|WillieDangerously has 60 seconds left.\n|\n|t:|1683646088\n|start\n|switch|p1a: Murkrow|Murkrow, L50, M|100\/100\n|switch|p1b: Flutter Mane|Flutter Mane, L50|100\/100\n|switch|p2a: Hippowdon|Hippowdon, L50, M|100\/100\n|switch|p2b: Glimmora|Glimmora, L50, F|100\/100\n|-weather|Sandstorm|[from] ability: Sand Stream|[of] p2a: Hippowdon\n|-enditem|p1b: Flutter Mane|Booster Energy\n|-activate|p1b: Flutter Mane|ability: Protosynthesis|[fromitem]\n|-start|p1b: Flutter Mane|protosynthesisspe\n|turn|1\n|inactive|heatvw has 30 seconds left.\n|\n|t:|1683646123\n|move|p1b: Flutter Mane|Moonblast|p2a: Hippowdon\n|-damage|p2a: Hippowdon|56\/100\n|move|p2b: Glimmora|Mortal Spin|p1a: Murkrow|[spread] p1a,p1b\n|-crit|p1a: Murkrow\n|-damage|p1a: Murkrow|91\/100\n|-damage|p1b: Flutter Mane|91\/100\n|-status|p1a: Murkrow|psn\n|-status|p1b: Flutter Mane|psn\n|move|p1a: Murkrow|Foul Play|p2a: Hippowdon\n|-damage|p2a: Hippowdon|33\/100\n|move|p2a: Hippowdon|Sand Tomb|p1b: Flutter Mane\n|-damage|p1b: Flutter Mane|59\/100 psn\n|-activate|p1b: Flutter Mane|move: Sand Tomb|[of] p2a: Hippowdon\n|\n|-weather|Sandstorm|[upkeep]\n|-damage|p1b: Flutter Mane|53\/100 psn|[from] Sandstorm\n|-damage|p1a: Murkrow|85\/100 psn|[from] Sandstorm\n|-damage|p1b: Flutter Mane|40\/100 psn|[from] psn\n|-damage|p1a: Murkrow|73\/100 psn|[from] psn\n|-damage|p1b: Flutter Mane|28\/100 psn|[from] move: Sand Tomb|[partiallytrapped]\n|upkeep\n|turn|2\n|inactive|heatvw has 30 seconds left.\n|inactive|WillieDangerously has 30 seconds left.\n|inactive|heatvw has 20 seconds left.\n|\n|t:|1683646161\n|-end|p1b: Flutter Mane|Protosynthesis|[silent]\n|switch|p1b: Arcanine|Arcanine, L50, F|100\/100\n|-ability|p1b: Arcanine|Intimidate|boost\n|-unboost|p2a: Hippowdon|atk|1\n|-unboost|p2b: Glimmora|atk|1\n|move|p2a: Hippowdon|Protect|p2a: Hippowdon\n|-singleturn|p2a: Hippowdon|Protect\n|move|p1a: Murkrow|Rain Dance|p1a: Murkrow\n|-weather|RainDance\n|move|p2b: Glimmora|Power Gem|p1a: Murkrow\n|-supereffective|p1a: Murkrow\n|-damage|p1a: Murkrow|12\/100 psn\n|\n|-weather|RainDance|[upkeep]\n|-damage|p1a: Murkrow|0 fnt|[from] psn\n|faint|p1a: Murkrow\n|upkeep\n|\n|t:|1683646171\n|switch|p1a: Rotom|Rotom-Wash, L50|100\/100\n|turn|3\n|inactive|WillieDangerously has 30 seconds left.\n|\n|t:|1683646203\n|switch|p2b: Iron Bundle|Iron Bundle, L50|100\/100\n|-enditem|p2b: Iron Bundle|Booster Energy\n|-activate|p2b: Iron Bundle|ability: Quark Drive|[fromitem]\n|-start|p2b: Iron Bundle|quarkdrivespe\n|switch|p2a: Dragapult|Dragapult, L50, M|100\/100\n|move|p1b: Arcanine|Extreme Speed|p2a: Dragapult\n|-immune|p2a: Dragapult\n|move|p1a: Rotom|Hydro Pump|p2b: Iron Bundle\n|-resisted|p2b: Iron Bundle\n|-damage|p2b: Iron Bundle|50\/100\n|\n|-weather|RainDance|[upkeep]\n|upkeep\n|turn|4\n|inactive|heatvw has 30 seconds left.\n|inactive|WillieDangerously has 30 seconds left.\n|\n|t:|1683646237\n|move|p2b: Iron Bundle|Protect|p2b: Iron Bundle\n|-singleturn|p2b: Iron Bundle|Protect\n|move|p2a: Dragapult|Dragon Darts|p1b: Arcanine\n|-damage|p1b: Arcanine|66\/100\n|-anim|p2a: Dragapult|Dragon Darts|p1a: Rotom\n|-damage|p1a: Rotom|65\/100\n|-damage|p2a: Dragapult|91\/100|[from] item: Life Orb\n|move|p1b: Arcanine|Flare Blitz|p2b: Iron Bundle\n|-activate|p2b: Iron Bundle|move: Protect\n|move|p1a: Rotom|Will-O-Wisp|p2a: Dragapult\n|-status|p2a: Dragapult|brn\n|\n|-weather|RainDance|[upkeep]\n|-damage|p2a: Dragapult|85\/100 brn|[from] brn\n|upkeep\n|turn|5\n|inactive|heatvw has 30 seconds left.\n|\n|t:|1683646269\n|move|p2b: Iron Bundle|Encore|p1a: Rotom\n|-start|p1a: Rotom|Encore\n|move|p2a: Dragapult|Disable|p1b: Arcanine\n|-start|p1b: Arcanine|Disable|Flare Blitz\n|cant|p1b: Arcanine|Disable|Flare Blitz\n|move|p1a: Rotom|Will-O-Wisp|p2b: Iron Bundle\n|-status|p2b: Iron Bundle|brn\n|\n|-weather|RainDance|[upkeep]\n|-damage|p2b: Iron Bundle|44\/100 brn|[from] brn\n|-damage|p2a: Dragapult|79\/100 brn|[from] brn\n|upkeep\n|turn|6\n|inactive|WillieDangerously has 30 seconds left.\n|\n|t:|1683646297\n|switch|p1a: Flutter Mane|Flutter Mane, L50|28\/100 psn\n|move|p1b: Arcanine|Extreme Speed|p2b: Iron Bundle\n|-damage|p2b: Iron Bundle|17\/100 brn\n|move|p2b: Iron Bundle|Freeze-Dry|p1a: Flutter Mane\n|-damage|p1a: Flutter Mane|0 fnt\n|faint|p1a: Flutter Mane\n|-end|p1a: Flutter Mane|Protosynthesis|[silent]\n|move|p2a: Dragapult|Dragon Darts|p1b: Arcanine\n|-damage|p1b: Arcanine|48\/100\n|-anim|p2a: Dragapult|Dragon Darts|p1b: Arcanine\n|-damage|p1b: Arcanine|30\/100\n|-damage|p2a: Dragapult|69\/100 brn|[from] item: Life Orb\n|\n|-weather|none\n|-damage|p2b: Iron Bundle|11\/100 brn|[from] brn\n|-damage|p2a: Dragapult|63\/100 brn|[from] brn\n|upkeep\n|\n|t:|1683646311\n|switch|p1a: Rotom|Rotom-Wash, L50|65\/100\n|turn|7\n|\n|t:|1683646326\n|-end|p2b: Iron Bundle|Quark Drive|[silent]\n|switch|p2b: Hippowdon|Hippowdon, L50, M|33\/100\n|-weather|Sandstorm|[from] ability: Sand Stream|[of] p2b: Hippowdon\n|move|p2a: Dragapult|Dragon Darts|p1b: Arcanine\n|-damage|p1b: Arcanine|15\/100\n|-anim|p2a: Dragapult|Dragon Darts|p1a: Rotom\n|-damage|p1a: Rotom|48\/100\n|-enditem|p1a: Rotom|Sitrus Berry|[eat]\n|-heal|p1a: Rotom|73\/100|[from] item: Sitrus Berry\n|-damage|p2a: Dragapult|53\/100 brn|[from] item: Life Orb\n|move|p1b: Arcanine|Morning Sun|p1b: Arcanine\n|-heal|p1b: Arcanine|40\/100\n|move|p1a: Rotom|Hydro Pump|p2a: Dragapult\n|-resisted|p2a: Dragapult\n|-damage|p2a: Dragapult|23\/100 brn\n|\n|-weather|Sandstorm|[upkeep]\n|-damage|p2a: Dragapult|17\/100 brn|[from] Sandstorm\n|-damage|p1a: Rotom|67\/100|[from] Sandstorm\n|-damage|p2a: Dragapult|11\/100 brn|[from] brn\n|upkeep\n|turn|8\n|inactive|heatvw has 30 seconds left.\n|inactive|WillieDangerously has 30 seconds left.\n|inactive|heatvw has 20 seconds left.\n|inactive|heatvw has 15 seconds left.\n|\n|t:|1683646371\n|move|p2a: Dragapult|Disable|p1a: Rotom\n|-start|p1a: Rotom|Disable|Hydro Pump\n|move|p1b: Arcanine|Morning Sun|p1b: Arcanine\n|-heal|p1b: Arcanine|64\/100\n|cant|p1a: Rotom|Disable|Hydro Pump\n|move|p2b: Hippowdon|Sand Tomb|p1b: Arcanine\n|-supereffective|p1b: Arcanine\n|-damage|p1b: Arcanine|33\/100\n|-activate|p1b: Arcanine|move: Sand Tomb|[of] p2b: Hippowdon\n|\n|-weather|Sandstorm|[upkeep]\n|-damage|p2a: Dragapult|5\/100 brn|[from] Sandstorm\n|-damage|p1a: Rotom|62\/100|[from] Sandstorm\n|-damage|p2a: Dragapult|0 fnt|[from] brn\n|faint|p2a: Dragapult\n|-damage|p1b: Arcanine|21\/100|[from] move: Sand Tomb|[partiallytrapped]\n|-end|p1b: Arcanine|Disable\n|upkeep\n|\n|t:|1683646390\n|switch|p2a: Iron Bundle|Iron Bundle, L50|11\/100 brn\n|turn|9\n|\n|t:|1683646399\n|move|p1b: Arcanine|Extreme Speed|p2a: Iron Bundle\n|-damage|p2a: Iron Bundle|0 fnt\n|faint|p2a: Iron Bundle\n|-end|p2a: Iron Bundle|Quark Drive|[silent]\n|move|p1a: Rotom|Will-O-Wisp|p2b: Hippowdon\n|-status|p2b: Hippowdon|brn\n|move|p2b: Hippowdon|Yawn|p1a: Rotom\n|-start|p1a: Rotom|move: Yawn|[of] p2b: Hippowdon\n|\n|-weather|Sandstorm|[upkeep]\n|-damage|p1a: Rotom|56\/100|[from] Sandstorm\n|-damage|p2b: Hippowdon|27\/100 brn|[from] brn\n|-damage|p1b: Arcanine|9\/100|[from] move: Sand Tomb|[partiallytrapped]\n|upkeep\n|\n|t:|1683646417\n|switch|p2a: Glimmora|Glimmora, L50, F|100\/100\n|turn|10\n|inactive|heatvw has 30 seconds left.\n|inactive|heatvw has 20 seconds left.\n|inactive|heatvw has 15 seconds left.\n|\n|t:|1683646458\n|-terastallize|p2a: Glimmora|Grass\n|move|p1b: Arcanine|Helping Hand|p1a: Rotom\n|-singleturn|p1a: Rotom|Helping Hand|[of] p1b: Arcanine\n|move|p2b: Hippowdon|Protect|p2b: Hippowdon\n|-singleturn|p2b: Hippowdon|Protect\n|move|p2a: Glimmora|Energy Ball|p1a: Rotom\n|-supereffective|p1a: Rotom\n|-damage|p1a: Rotom|0 fnt\n|faint|p1a: Rotom\n|\n|-weather|Sandstorm|[upkeep]\n|-damage|p2a: Glimmora|95\/100|[from] Sandstorm\n|-damage|p2b: Hippowdon|21\/100 brn|[from] brn\n|-damage|p1b: Arcanine|0 fnt|[from] move: Sand Tomb|[partiallytrapped]\n|faint|p1b: Arcanine\n|\n|win|WillieDangerously\n|upkeep\n|raw|heatvw's rating: 1152 → 1131<\/strong> (-21 for losing)\n|raw|WillieDangerously's rating: 1213 → 1234<\/strong> (+21 for winning)\n|l|\u2606heatvw\n","uploadtime":1683646482,"views":5,"p1id":"heatvw","p2id":"williedangerously","formatid":"gen9vgc2023regulationc","rating":1131,"private":0,"password":""}