{"id":"gen9vgc2023regulationc-1848325146","p1":"21cm","p2":"byricharr","format":"[Gen 9] VGC 2023 Regulation C","log":"|j|\u260621cm\n|j|\u2606byricharr\n|t:|1682060774\n|gametype|doubles\n|player|p1|21cm|102|1354\n|player|p2|byricharr|170|1261\n|teamsize|p1|6\n|teamsize|p2|6\n|gen|9\n|tier|[Gen 9] VGC 2023 Regulation C\n|rated|\n|rule|Species Clause: Limit one of each Pok\u00e9mon\n|rule|Item Clause: Limit one of each item\n|clearpoke\n|poke|p1|Dachsbun, L50, F|\n|poke|p1|Chi-Yu, L50|\n|poke|p1|Torkoal, L50, F|\n|poke|p1|Oranguru, L50, F|\n|poke|p1|Amoonguss, L50, F|\n|poke|p1|Iron Hands, L50|\n|poke|p2|Chi-Yu, L50|\n|poke|p2|Flutter Mane, L50|\n|poke|p2|Iron Hands, L50|\n|poke|p2|Kingambit, L50, F|\n|poke|p2|Gyarados, L50, F|\n|poke|p2|Amoonguss, L50, F|\n|teampreview|4\n|inactive|Battle timer is ON: inactive players will automatically lose when time's up. (requested by 21cm)\n|inactive|byricharr has 60 seconds left.\n|inactive|byricharr has 30 seconds left.\n|inactive|byricharr has 20 seconds left.\n|\n|t:|1682060846\n|start\n|switch|p1a: Dachsbun|Dachsbun, L50, F|100\/100\n|switch|p1b: Chi-Yu|Chi-Yu, L50|100\/100\n|switch|p2a: Iron Hands|Iron Hands, L50|100\/100\n|switch|p2b: Gyarados|Gyarados, L50, F, shiny|100\/100\n|-ability|p1b: Chi-Yu|Beads of Ruin\n|-ability|p2b: Gyarados|Intimidate|boost\n|-unboost|p1a: Dachsbun|atk|1\n|-unboost|p1b: Chi-Yu|atk|1\n|turn|1\n|\n|t:|1682060865\n|-terastallize|p1b: Chi-Yu|Ghost\n|-terastallize|p2a: Iron Hands|Fire\n|move|p1b: Chi-Yu|Lava Plume|p2a: Iron Hands|[spread] p2a,p2b\n|-ability|p1a: Dachsbun|Well-Baked Body|boost\n|-boost|p1a: Dachsbun|def|2\n|-resisted|p2a: Iron Hands\n|-resisted|p2b: Gyarados\n|-damage|p2a: Iron Hands|85\/100\n|-damage|p2b: Gyarados|87\/100\n|-status|p2b: Gyarados|brn\n|move|p1a: Dachsbun|Body Press|p2a: Iron Hands\n|-damage|p2a: Iron Hands|49\/100\n|move|p2b: Gyarados|Waterfall|p1b: Chi-Yu\n|-damage|p1b: Chi-Yu|70\/100\n|move|p2a: Iron Hands|Swords Dance|p2a: Iron Hands\n|-boost|p2a: Iron Hands|atk|2\n|\n|-damage|p2b: Gyarados|81\/100 brn|[from] brn\n|upkeep\n|turn|2\n|inactive|21cm has 30 seconds left.\n|inactive|byricharr has 30 seconds left.\n|inactive|byricharr has 20 seconds left.\n|inactive|byricharr has 15 seconds left.\n|inactive|21cm has 20 seconds left.\n|inactive|byricharr has 10 seconds left.\n|inactive|21cm has 15 seconds left.\n|inactive|byricharr has 5 seconds left.\n|\n|t:|1682060920\n|move|p2a: Iron Hands|Detect|p2a: Iron Hands\n|-singleturn|p2a: Iron Hands|Protect\n|move|p1b: Chi-Yu|Lava Plume|p2b: Gyarados|[spread] p2b\n|-activate|p2a: Iron Hands|move: Protect\n|-ability|p1a: Dachsbun|Well-Baked Body|boost\n|-boost|p1a: Dachsbun|def|2\n|-resisted|p2b: Gyarados\n|-damage|p2b: Gyarados|66\/100 brn\n|move|p1a: Dachsbun|Body Press|p2a: Iron Hands\n|-activate|p2a: Iron Hands|move: Protect\n|move|p2b: Gyarados|Waterfall|p1b: Chi-Yu\n|-damage|p1b: Chi-Yu|45\/100\n|\n|-damage|p2b: Gyarados|60\/100 brn|[from] brn\n|upkeep\n|turn|3\n|inactive|byricharr has 30 seconds left.\n|inactive|byricharr has 20 seconds left.\n|inactive|byricharr has 15 seconds left.\n|inactive|byricharr has 10 seconds left.\n|inactive|byricharr has 5 seconds left.\n|\n|t:|1682060970\n|move|p1b: Chi-Yu|Lava Plume|p2a: Iron Hands|[spread] p2a,p2b\n|-ability|p1a: Dachsbun|Well-Baked Body|boost\n|-boost|p1a: Dachsbun|def|2\n|-resisted|p2a: Iron Hands\n|-resisted|p2b: Gyarados\n|-damage|p2a: Iron Hands|32\/100\n|-damage|p2b: Gyarados|45\/100 brn\n|-enditem|p2b: Gyarados|Sitrus Berry|[eat]\n|-heal|p2b: Gyarados|70\/100 brn|[from] item: Sitrus Berry\n|move|p1a: Dachsbun|Body Press|p2a: Iron Hands\n|-damage|p2a: Iron Hands|0 fnt\n|faint|p2a: Iron Hands\n|-end|p2a: Iron Hands|Quark Drive|[silent]\n|move|p2b: Gyarados|Thunder Wave|p1a: Dachsbun|[miss]\n|-miss|p2b: Gyarados|p1a: Dachsbun\n|\n|-damage|p2b: Gyarados|64\/100 brn|[from] brn\n|upkeep\n|\n|t:|1682060993\n|switch|p2a: Chi-Yu|Chi-Yu, L50|100\/100\n|-ability|p2a: Chi-Yu|Beads of Ruin\n|turn|4\n|\n|t:|1682061011\n|switch|p1b: Maradona|Iron Hands, L50, shiny|100\/100\n|move|p2a: Chi-Yu|Protect|p2a: Chi-Yu\n|-singleturn|p2a: Chi-Yu|Protect\n|move|p1a: Dachsbun|Protect|p1a: Dachsbun\n|-singleturn|p1a: Dachsbun|Protect\n|move|p2b: Gyarados|Waterfall|p1b: Maradona\n|-damage|p1b: Maradona|90\/100\n|\n|-damage|p2b: Gyarados|58\/100 brn|[from] brn\n|upkeep\n|turn|5\n|\n|t:|1682061030\n|switch|p2b: Amoonguss|Amoonguss, L50, F, shiny|100\/100\n|move|p1b: Maradona|Fake Out|p2a: Chi-Yu\n|-damage|p2a: Chi-Yu|78\/100\n|cant|p2a: Chi-Yu|flinch\n|move|p1a: Dachsbun|Substitute|p1a: Dachsbun\n|-start|p1a: Dachsbun|Substitute\n|-damage|p1a: Dachsbun|76\/100\n|\n|-heal|p1a: Dachsbun|82\/100|[from] item: Leftovers\n|upkeep\n|turn|6\n|\n|t:|1682061054\n|move|p2a: Chi-Yu|Dark Pulse|p1a: Dachsbun\n|-resisted|p1a: Dachsbun\n|-end|p1a: Dachsbun|Substitute\n|move|p1a: Dachsbun|Body Press|p2a: Chi-Yu\n|-supereffective|p2a: Chi-Yu\n|-damage|p2a: Chi-Yu|0 fnt\n|faint|p2a: Chi-Yu\n|move|p1b: Maradona|Volt Switch|p2b: Amoonguss\n|-resisted|p2b: Amoonguss\n|-damage|p2b: Amoonguss|95\/100\n|\n|t:|1682061064\n|-end|p1b: Maradona|Quark Drive|[silent]\n|switch|p1b: Amoonguss|Amoonguss, L50, F|100\/100|[from] Volt Switch\n|move|p2b: Amoonguss|Spore|p1b: Amoonguss\n|-immune|p1b: Amoonguss\n|\n|-heal|p1a: Dachsbun|88\/100|[from] item: Leftovers\n|upkeep\n|\n|t:|1682061071\n|switch|p2a: Gyarados|Gyarados, L50, F, shiny|58\/100 brn\n|-ability|p2a: Gyarados|Intimidate|boost\n|-unboost|p1a: Dachsbun|atk|1\n|-unboost|p1b: Amoonguss|atk|1\n|turn|7\n|\n|t:|1682061082\n|move|p1a: Dachsbun|Substitute|p1a: Dachsbun\n|-start|p1a: Dachsbun|Substitute\n|-damage|p1a: Dachsbun|64\/100\n|move|p2a: Gyarados|Icy Wind|p1b: Amoonguss|[spread] p1a,p1b\n|-activate|p1a: Dachsbun|move: Substitute|[damage]\n|-supereffective|p1b: Amoonguss\n|-damage|p1b: Amoonguss|90\/100\n|-unboost|p1b: Amoonguss|spe|1\n|move|p2b: Amoonguss|Clear Smog|p1a: Dachsbun\n|-supereffective|p1a: Dachsbun\n|-end|p1a: Dachsbun|Substitute\n|move|p1b: Amoonguss|Pollen Puff|p2b: Amoonguss\n|-damage|p2b: Amoonguss|81\/100\n|\n|-heal|p1a: Dachsbun|70\/100|[from] item: Leftovers\n|-damage|p2a: Gyarados|52\/100 brn|[from] brn\n|upkeep\n|turn|8\n|\n|t:|1682061105\n|switch|p1b: Maradona|Iron Hands, L50, shiny|90\/100\n|move|p1a: Dachsbun|Protect|p1a: Dachsbun\n|-singleturn|p1a: Dachsbun|Protect\n|move|p2a: Gyarados|Taunt|p1a: Dachsbun\n|-activate|p1a: Dachsbun|move: Protect\n|move|p2b: Amoonguss|Clear Smog|p1a: Dachsbun\n|-activate|p1a: Dachsbun|move: Protect\n|\n|-heal|p1a: Dachsbun|76\/100|[from] item: Leftovers\n|-damage|p2a: Gyarados|46\/100 brn|[from] brn\n|upkeep\n|turn|9\n|\n|t:|1682061121\n|move|p1b: Maradona|Fake Out|p2b: Amoonguss\n|-damage|p2b: Amoonguss|69\/100\n|-damage|p1b: Maradona|73\/100|[from] item: Rocky Helmet|[of] p2b: Amoonguss\n|move|p1a: Dachsbun|Substitute|p1a: Dachsbun\n|-start|p1a: Dachsbun|Substitute\n|-damage|p1a: Dachsbun|51\/100\n|move|p2a: Gyarados|Taunt|p1a: Dachsbun\n|-start|p1a: Dachsbun|move: Taunt\n|cant|p2b: Amoonguss|flinch\n|\n|-heal|p1a: Dachsbun|58\/100|[from] item: Leftovers\n|-damage|p2a: Gyarados|40\/100 brn|[from] brn\n|upkeep\n|turn|10\n|\n|t:|1682061136\n|move|p1a: Dachsbun|Body Press|p2b: Amoonguss\n|-resisted|p2b: Amoonguss\n|-crit|p2b: Amoonguss\n|-damage|p2b: Amoonguss|10\/100\n|-damage|p1a: Dachsbun|41\/100|[from] item: Rocky Helmet|[of] p2b: Amoonguss\n|move|p2a: Gyarados|Waterfall|p1a: Dachsbun\n|-activate|p1a: Dachsbun|move: Substitute|[damage]\n|move|p1b: Maradona|Wild Charge|p2a: Gyarados\n|-supereffective|p2a: Gyarados\n|-damage|p2a: Gyarados|0 fnt\n|faint|p2a: Gyarados\n|-damage|p1b: Maradona|65\/100|[from] Recoil\n|move|p2b: Amoonguss|Clear Smog|p1a: Dachsbun\n|-supereffective|p1a: Dachsbun\n|-end|p1a: Dachsbun|Substitute\n|\n|-heal|p1a: Dachsbun|47\/100|[from] item: Leftovers\n|upkeep\n|turn|11\n|\n|t:|1682061153\n|move|p1a: Dachsbun|Body Press|p2b: Amoonguss\n|-resisted|p2b: Amoonguss\n|-damage|p2b: Amoonguss|0 fnt\n|-damage|p1a: Dachsbun|31\/100|[from] item: Rocky Helmet|[of] p2b: Amoonguss\n|faint|p2b: Amoonguss\n|\n|win|21cm\n|raw|21cm's rating: 1354 → 1369<\/strong> (+15 for winning)\n|raw|byricharr's rating: 1261 → 1243<\/strong> (-18 for losing)\n","uploadtime":1682061156,"views":5,"p1id":"21cm","p2id":"byricharr","formatid":"gen9vgc2023regulationc","rating":1243,"private":0,"password":""}