{"id":"gen9vgc2023regulationc-1861351509","p1":"Yachto","p2":"Determewnation","format":"[Gen 9] VGC 2023 Regulation C","log":"|j|\u2606Yachto\n|j|\u2606Determewnation\n|t:|1683748605\n|gametype|doubles\n|player|p1|Yachto|n|1353\n|player|p2|Determewnation|akari-isekai|1446\n|teamsize|p1|6\n|teamsize|p2|6\n|gen|9\n|tier|[Gen 9] VGC 2023 Regulation C\n|rated|\n|rule|Species Clause: Limit one of each Pok\u00e9mon\n|rule|Item Clause: Limit one of each item\n|clearpoke\n|poke|p1|Torkoal, L50, M|\n|poke|p1|Lilligant, L50, F|\n|poke|p1|Flutter Mane, L50|\n|poke|p1|Chi-Yu, L50|\n|poke|p1|Great Tusk, L50|\n|poke|p1|Dragonite, L50, M|\n|poke|p2|Goodra, L50, F|\n|poke|p2|Murkrow, L50, M|\n|poke|p2|Meowscarada, L50, F|\n|poke|p2|Gholdengo, L50|\n|poke|p2|Indeedee-F, L50, F|\n|poke|p2|Iron Treads, L50|\n|teampreview|4\n|inactive|Battle timer is ON: inactive players will automatically lose when time's up. (requested by Yachto)\n|\n|t:|1683748628\n|start\n|switch|p1a: Torkoal|Torkoal, L50, M|100\/100\n|switch|p1b: Lilligant|Lilligant, L50, F|100\/100\n|switch|p2a: Murkrow|Murkrow, L50, M|100\/100\n|switch|p2b: Goodra|Goodra, L50, F, shiny|100\/100\n|-weather|SunnyDay|[from] ability: Drought|[of] p1a: Torkoal\n|turn|1\n|\n|t:|1683748649\n|-terastallize|p1a: Torkoal|Fire\n|move|p2a: Murkrow|Quash|p1b: Lilligant\n|-activate|p1b: Lilligant|move: Quash\n|move|p2b: Goodra|Flamethrower|p1b: Lilligant\n|-supereffective|p1b: Lilligant\n|-enditem|p1b: Lilligant|Focus Sash\n|-damage|p1b: Lilligant|1\/100\n|move|p1a: Torkoal|Eruption|p2a: Murkrow|[spread] p2a,p2b\n|-resisted|p2b: Goodra\n|-damage|p2a: Murkrow|3\/100\n|-damage|p2b: Goodra|81\/100\n|move|p1b: Lilligant|After You||[still]\n|-fail|p1b: Lilligant\n|\n|-weather|SunnyDay|[upkeep]\n|upkeep\n|turn|2\n|\n|t:|1683748668\n|move|p1b: Lilligant|Protect|p1b: Lilligant\n|-singleturn|p1b: Lilligant|Protect\n|move|p2a: Murkrow|Quash|p1b: Lilligant\n|-activate|p1b: Lilligant|move: Protect\n|move|p2b: Goodra|Draco Meteor|p1a: Torkoal\n|-damage|p1a: Torkoal|46\/100\n|-unboost|p2b: Goodra|spa|2\n|move|p1a: Torkoal|Heat Wave|p2b: Goodra|[spread] p2a,p2b\n|-resisted|p2b: Goodra\n|-damage|p2a: Murkrow|0 fnt\n|-damage|p2b: Goodra|68\/100\n|faint|p2a: Murkrow\n|\n|-weather|SunnyDay|[upkeep]\n|upkeep\n|\n|t:|1683748691\n|switch|p2a: Indeedee|Indeedee-F, L50, F|100\/100\n|-fieldstart|move: Psychic Terrain|[from] ability: Psychic Surge|[of] p2a: Indeedee\n|-enditem|p2a: Indeedee|Psychic Seed\n|-boost|p2a: Indeedee|spd|1|[from] item: Psychic Seed\n|turn|3\n|\n|t:|1683748712\n|move|p2a: Indeedee|Protect|p2a: Indeedee\n|-singleturn|p2a: Indeedee|Protect\n|move|p1b: Lilligant|After You|p1a: Torkoal\n|-activate|p1a: Torkoal|move: After You\n|move|p1a: Torkoal|Heat Wave|p2a: Indeedee|[spread] p2b\n|-activate|p2a: Indeedee|move: Protect\n|-resisted|p2b: Goodra\n|-crit|p2b: Goodra\n|-damage|p2b: Goodra|50\/100\n|move|p2b: Goodra|Flamethrower|p1b: Lilligant\n|-supereffective|p1b: Lilligant\n|-damage|p1b: Lilligant|0 fnt\n|faint|p1b: Lilligant\n|\n|-weather|SunnyDay|[upkeep]\n|upkeep\n|\n|t:|1683748729\n|switch|p1b: Dragonite|Dragonite, L50, M|100\/100\n|turn|4\n|\n|t:|1683748752\n|move|p2a: Indeedee|Psychic|p1a: Torkoal\n|-crit|p1a: Torkoal\n|-damage|p1a: Torkoal|0 fnt\n|faint|p1a: Torkoal\n|move|p2b: Goodra|Draco Meteor|p1b: Dragonite\n|-supereffective|p1b: Dragonite\n|-damage|p1b: Dragonite|73\/100\n|-unboost|p2b: Goodra|spa|2\n|move|p1b: Dragonite|Dragon Claw|p2b: Goodra\n|-supereffective|p2b: Goodra\n|-damage|p2b: Goodra|0 fnt\n|faint|p2b: Goodra\n|\n|-weather|SunnyDay|[upkeep]\n|upkeep\n|\n|t:|1683748766\n|switch|p2b: Iron Treads|Iron Treads, L50|100\/100\n|switch|p1a: Flutter Mane|Flutter Mane, L50|100\/100\n|-activate|p1a: Flutter Mane|ability: Protosynthesis\n|-start|p1a: Flutter Mane|protosynthesisspe\n|turn|5\n|\n|t:|1683748787\n|-terastallize|p2a: Indeedee|Fairy\n|move|p2b: Iron Treads|Protect|p2b: Iron Treads\n|-singleturn|p2b: Iron Treads|Protect\n|move|p1a: Flutter Mane|Shadow Ball|p2b: Iron Treads\n|-activate|p2b: Iron Treads|move: Protect\n|move|p2a: Indeedee|Psychic|p1a: Flutter Mane\n|-damage|p1a: Flutter Mane|62\/100\n|move|p1b: Dragonite|Dragon Claw|p2b: Iron Treads\n|-activate|p2b: Iron Treads|move: Protect\n|\n|-weather|none\n|-end|p1a: Flutter Mane|Protosynthesis\n|upkeep\n|turn|6\n|\n|t:|1683748810\n|move|p1a: Flutter Mane|Shadow Ball|p2b: Iron Treads\n|-damage|p2b: Iron Treads|20\/100\n|move|p2b: Iron Treads|Iron Head|p1a: Flutter Mane\n|-supereffective|p1a: Flutter Mane\n|-damage|p1a: Flutter Mane|0 fnt\n|faint|p1a: Flutter Mane\n|-end|p1a: Flutter Mane|Protosynthesis|[silent]\n|move|p2a: Indeedee|Psychic|p1b: Dragonite\n|-damage|p1b: Dragonite|39\/100\n|-unboost|p1b: Dragonite|spd|1\n|move|p1b: Dragonite|Dragon Claw|p2b: Iron Treads\n|-resisted|p2b: Iron Treads\n|-damage|p2b: Iron Treads|0 fnt\n|faint|p2b: Iron Treads\n|-end|p2b: Iron Treads|Quark Drive|[silent]\n|\n|upkeep\n|turn|7\n|\n|t:|1683748820\n|move|p1b: Dragonite|Protect|p1b: Dragonite\n|-singleturn|p1b: Dragonite|Protect\n|move|p2a: Indeedee|Psychic|p1b: Dragonite\n|-activate|p1b: Dragonite|move: Protect\n|\n|-fieldend|move: Psychic Terrain\n|upkeep\n|turn|8\n|\n|t:|1683748827\n|move|p1b: Dragonite|Extreme Speed|p2a: Indeedee\n|-damage|p2a: Indeedee|71\/100\n|move|p2a: Indeedee|Psychic|p1b: Dragonite\n|-damage|p1b: Dragonite|0 fnt\n|faint|p1b: Dragonite\n|\n|win|Determewnation\n|raw|Yachto's rating: 1353 → 1338<\/strong> (-15 for losing)\n|raw|Determewnation's rating: 1446 → 1461<\/strong> (+15 for winning)\n|l|\u2606Yachto\n","uploadtime":1683748840,"views":15,"p1id":"yachto","p2id":"determewnation","formatid":"gen9vgc2023regulationc","rating":1338,"private":0,"password":""}