{"id":"gen9vgc2023regulationc-1856030653","p1":"luckydan ita","p2":"Trap Jihad","format":"[Gen 9] VGC 2023 Regulation C","log":"|j|\u2606luckydan ita\n|j|\u2606Trap Jihad\n|t:|1683020121\n|gametype|doubles\n|player|p1|luckydan ita|1|1350\n|player|p2|Trap Jihad|striker|1442\n|teamsize|p1|6\n|teamsize|p2|6\n|gen|9\n|tier|[Gen 9] VGC 2023 Regulation C\n|rated|\n|rule|Species Clause: Limit one of each Pok\u00e9mon\n|rule|Item Clause: Limit one of each item\n|clearpoke\n|poke|p1|Orthworm, L50, F|\n|poke|p1|Ting-Lu, L50|\n|poke|p1|Dragonite, L50, M|\n|poke|p1|Chien-Pao, L50|\n|poke|p1|Arcanine, L50, M|\n|poke|p1|Flutter Mane, L50|\n|poke|p2|Iron Bundle, L50|\n|poke|p2|Maushold-Four, L50|\n|poke|p2|Annihilape, L50, M|\n|poke|p2|Chi-Yu, L50|\n|poke|p2|Ting-Lu, L50|\n|poke|p2|Grimmsnarl, L50, M|\n|teampreview|4\n|inactive|Battle timer is ON: inactive players will automatically lose when time's up. (requested by luckydan ita)\n|inactive|luckydan ita has 60 seconds left.\n|\n|t:|1683020160\n|start\n|switch|p1a: Ting-Lu|Ting-Lu, L50|100\/100\n|switch|p1b: Chien-Pao|Chien-Pao, L50|100\/100\n|switch|p2a: Maushold|Maushold-Four, L50, shiny|100\/100\n|switch|p2b: Annihilape|Annihilape, L50, M, shiny|100\/100\n|-ability|p1b: Chien-Pao|Sword of Ruin\n|-ability|p1a: Ting-Lu|Vessel of Ruin\n|turn|1\n|\n|t:|1683020180\n|move|p1b: Chien-Pao|Ice Spinner|p2b: Annihilape\n|-crit|p2b: Annihilape\n|-damage|p2b: Annihilape|47\/100\n|move|p2a: Maushold|Beat Up|p1b: Chien-Pao\n|-resisted|p1b: Chien-Pao\n|-damage|p1b: Chien-Pao|99\/100\n|-resisted|p1b: Chien-Pao\n|-damage|p1b: Chien-Pao|97\/100\n|-resisted|p1b: Chien-Pao\n|-damage|p1b: Chien-Pao|95\/100\n|-resisted|p1b: Chien-Pao\n|-damage|p1b: Chien-Pao|93\/100\n|-hitcount|p1b: Chien-Pao|4\n|move|p2b: Annihilape|Drain Punch|p1b: Chien-Pao\n|-supereffective|p1b: Chien-Pao\n|-damage|p1b: Chien-Pao|0 fnt\n|-heal|p2b: Annihilape|80\/100|[from] drain|[of] p1b: Chien-Pao\n|faint|p1b: Chien-Pao\n|move|p1a: Ting-Lu|Earthquake|p2b: Annihilape|[spread] p2a,p2b\n|-damage|p2a: Maushold|56\/100\n|-damage|p2b: Annihilape|53\/100\n|\n|-heal|p2b: Annihilape|59\/100|[from] item: Leftovers\n|upkeep\n|\n|t:|1683020199\n|switch|p1b: Orthworm|Orthworm, L50, F|100\/100\n|turn|2\n|\n|t:|1683020208\n|move|p2a: Maushold|Taunt|p1b: Orthworm\n|-start|p1b: Orthworm|move: Taunt\n|move|p2b: Annihilape|Bulk Up|p2b: Annihilape\n|-boost|p2b: Annihilape|atk|1\n|-boost|p2b: Annihilape|def|1\n|move|p1a: Ting-Lu|Earthquake|p2b: Annihilape|[spread] p2a,p2b\n|-immune|p1b: Orthworm|[from] ability: Earth Eater\n|-damage|p2a: Maushold|12\/100\n|-damage|p2b: Annihilape|42\/100\n|cant|p1b: Orthworm|move: Taunt|Shed Tail\n|\n|-heal|p2b: Annihilape|48\/100|[from] item: Leftovers\n|upkeep\n|turn|3\n|\n|t:|1683020231\n|move|p2a: Maushold|Taunt||[still]\n|-fail|p2a: Maushold\n|move|p2b: Annihilape|Drain Punch|p1a: Ting-Lu\n|-supereffective|p1a: Ting-Lu\n|-damage|p1a: Ting-Lu|46\/100\n|-heal|p2b: Annihilape|82\/100|[from] drain|[of] p1a: Ting-Lu\n|move|p1a: Ting-Lu|Earthquake|p2b: Annihilape|[spread] p2a,p2b\n|-immune|p1b: Orthworm|[from] ability: Earth Eater\n|-damage|p2a: Maushold|0 fnt\n|-damage|p2b: Annihilape|65\/100\n|faint|p2a: Maushold\n|move|p1b: Orthworm|Heavy Slam|p2b: Annihilape\n|-damage|p2b: Annihilape|40\/100\n|\n|-heal|p2b: Annihilape|46\/100|[from] item: Leftovers\n|upkeep\n|\n|t:|1683020239\n|switch|p2a: Iron Bundle|Iron Bundle, L50, shiny|100\/100\n|turn|4\n|\n|t:|1683020250\n|move|p2a: Iron Bundle|Encore|p1b: Orthworm\n|-start|p1b: Orthworm|Encore\n|move|p2b: Annihilape|Drain Punch|p1a: Ting-Lu\n|-supereffective|p1a: Ting-Lu\n|-damage|p1a: Ting-Lu|0 fnt\n|-heal|p2b: Annihilape|73\/100|[from] drain|[of] p1a: Ting-Lu\n|faint|p1a: Ting-Lu\n|move|p1b: Orthworm|Heavy Slam|p2b: Annihilape\n|-damage|p2b: Annihilape|50\/100\n|\n|-heal|p2b: Annihilape|56\/100|[from] item: Leftovers\n|-end|p1b: Orthworm|move: Taunt\n|upkeep\n|\n|t:|1683020255\n|switch|p1a: Flutter Mane|Flutter Mane, L50|100\/100\n|-enditem|p1a: Flutter Mane|Booster Energy\n|-activate|p1a: Flutter Mane|ability: Protosynthesis|[fromitem]\n|-start|p1a: Flutter Mane|protosynthesisspa\n|turn|5\n|inactive|Trap Jihad has 30 seconds left.\n|inactive|Trap Jihad has 20 seconds left.\n|inactive|Trap Jihad has 15 seconds left.\n|\n|t:|1683020297\n|-terastallize|p1a: Flutter Mane|Fairy\n|move|p2a: Iron Bundle|Icy Wind|p1a: Flutter Mane|[spread] p1a,p1b\n|-crit|p1a: Flutter Mane\n|-resisted|p1b: Orthworm\n|-damage|p1a: Flutter Mane|80\/100\n|-damage|p1b: Orthworm|92\/100\n|-unboost|p1a: Flutter Mane|spe|1\n|-unboost|p1b: Orthworm|spe|1\n|move|p2b: Annihilape|Rage Fist|p1a: Flutter Mane\n|-damage|p1a: Flutter Mane|0 fnt\n|faint|p1a: Flutter Mane\n|-end|p1a: Flutter Mane|Protosynthesis|[silent]\n|move|p1b: Orthworm|Heavy Slam|p2a: Iron Bundle\n|-damage|p2a: Iron Bundle|66\/100\n|\n|-heal|p2b: Annihilape|62\/100|[from] item: Leftovers\n|upkeep\n|turn|6\n|-message|luckydan ita forfeited.\n|\n|win|Trap Jihad\n|raw|luckydan ita's rating: 1350 → 1335<\/strong> (-15 for losing)\n|raw|Trap Jihad's rating: 1442 → 1457<\/strong> (+15 for winning)\n|l|\u2606luckydan ita\n","uploadtime":1683020374,"views":14,"p1id":"luckydanita","p2id":"trapjihad","formatid":"gen9vgc2023regulationc","rating":1335,"private":0,"password":""}