{"id":"gen9vgc2023regulationc-1853362610","p1":"EEP FunkyDafoe","p2":"Gallegoalex2","format":"[Gen 9] VGC 2023 Regulation C","log":"|j|\u2606EEP FunkyDafoe\n|j|\u2606Gallegoalex2\n|t:|1682674567\n|gametype|doubles\n|player|p1|EEP FunkyDafoe|az|1000\n|player|p2|Gallegoalex2|170|1070\n|teamsize|p1|6\n|teamsize|p2|6\n|gen|9\n|tier|[Gen 9] VGC 2023 Regulation C\n|rated|\n|rule|Species Clause: Limit one of each Pok\u00e9mon\n|rule|Item Clause: Limit one of each item\n|clearpoke\n|poke|p1|Garganacl, L50, M|\n|poke|p1|Gholdengo, L50|\n|poke|p1|Murkrow, L50, M|\n|poke|p1|Baxcalibur, L50, F|\n|poke|p1|Quaquaval, L50, M|\n|poke|p1|Arboliva, L50, F|\n|poke|p2|Scizor, L50, M|\n|poke|p2|Amoonguss, L50, M|\n|poke|p2|Gastrodon, L50, F|\n|poke|p2|Arcanine, L50, M|\n|poke|p2|Dragapult, L50, M|\n|poke|p2|Tinkaton, L50, F|\n|teampreview|4\n|inactive|Battle timer is ON: inactive players will automatically lose when time's up. (requested by Gallegoalex2)\n|inactive|EEP FunkyDafoe has 60 seconds left.\n|inactive|Gallegoalex2 has 60 seconds left.\n|\n|t:|1682674622\n|start\n|switch|p1a: Olivia|Arboliva, L50, F, shiny|100\/100\n|switch|p1b: Mr. Strings|Gholdengo, L50|100\/100\n|switch|p2a: Dragapult|Dragapult, L50, M|100\/100\n|switch|p2b: Arcanine|Arcanine, L50, M|100\/100\n|-ability|p2b: Arcanine|Intimidate|boost\n|-unboost|p1a: Olivia|atk|1\n|-unboost|p1b: Mr. Strings|atk|1\n|turn|1\n|inactive|EEP FunkyDafoe has 30 seconds left.\n|inactive|Gallegoalex2 has 30 seconds left.\n|inactive|EEP FunkyDafoe has 20 seconds left.\n|\n|t:|1682674667\n|switch|p1b: Saul T. Boye|Garganacl, L50, M|100\/100\n|move|p2a: Dragapult|Pounce|p1a: Olivia\n|-supereffective|p1a: Olivia\n|-damage|p1a: Olivia|64\/100\n|-unboost|p1a: Olivia|spe|1\n|-fieldstart|move: Grassy Terrain|[from] ability: Seed Sower|[of] p1a: Olivia\n|-enditem|p1a: Olivia|Grassy Seed\n|-boost|p1a: Olivia|def|1|[from] item: Grassy Seed\n|move|p2b: Arcanine|Flare Blitz|p1b: Saul T. Boye\n|-resisted|p1b: Saul T. Boye\n|-damage|p1b: Saul T. Boye|84\/100\n|-damage|p2b: Arcanine|95\/100|[from] Recoil\n|move|p1a: Olivia|Leech Seed|p2a: Dragapult\n|-start|p2a: Dragapult|move: Leech Seed\n|\n|-heal|p2b: Arcanine|100\/100|[from] Grassy Terrain\n|-heal|p1b: Saul T. Boye|90\/100|[from] Grassy Terrain\n|-heal|p1b: Saul T. Boye|96\/100|[from] item: Leftovers\n|-heal|p1a: Olivia|70\/100|[from] Grassy Terrain\n|-damage|p2a: Dragapult|88\/100|[from] Leech Seed|[of] p1a: Olivia\n|-heal|p1a: Olivia|80\/100|[silent]\n|upkeep\n|turn|2\n|inactive|EEP FunkyDafoe has 30 seconds left.\n|inactive|EEP FunkyDafoe has 20 seconds left.\n|\n|t:|1682674705\n|move|p2a: Dragapult|Dragon Darts|p1b: Saul T. Boye\n|-crit|p1b: Saul T. Boye\n|-damage|p1b: Saul T. Boye|70\/100\n|-anim|p2a: Dragapult|Dragon Darts|p1a: Olivia\n|-damage|p1a: Olivia|63\/100\n|move|p2b: Arcanine|Flare Blitz|p1a: Olivia\n|-supereffective|p1a: Olivia\n|-damage|p1a: Olivia|1\/100\n|-damage|p2b: Arcanine|80\/100|[from] Recoil\n|move|p1b: Saul T. Boye|Iron Defense|p1b: Saul T. Boye\n|-boost|p1b: Saul T. Boye|def|2\n|move|p1a: Olivia|Strength Sap|p2b: Arcanine\n|-unboost|p2b: Arcanine|atk|1\n|-heal|p1a: Olivia|75\/100\n|\n|-heal|p2a: Dragapult|94\/100|[from] Grassy Terrain\n|-heal|p2b: Arcanine|86\/100|[from] Grassy Terrain\n|-heal|p1b: Saul T. Boye|75\/100|[from] Grassy Terrain\n|-heal|p1b: Saul T. Boye|81\/100|[from] item: Leftovers\n|-heal|p1a: Olivia|81\/100|[from] Grassy Terrain\n|-damage|p2a: Dragapult|82\/100|[from] Leech Seed|[of] p1a: Olivia\n|-heal|p1a: Olivia|92\/100|[silent]\n|upkeep\n|turn|3\n|inactive|EEP FunkyDafoe has 30 seconds left.\n|\n|t:|1682674737\n|move|p1a: Olivia|Protect|p1a: Olivia\n|-singleturn|p1a: Olivia|Protect\n|move|p2a: Dragapult|Dragon Darts|p1b: Saul T. Boye\n|-damage|p1b: Saul T. Boye|72\/100\n|-anim|p2a: Dragapult|Dragon Darts|p1b: Saul T. Boye\n|-damage|p1b: Saul T. Boye|64\/100\n|move|p2b: Arcanine|Flare Blitz|p1a: Olivia\n|-activate|p1a: Olivia|move: Protect\n|move|p1b: Saul T. Boye|Salt Cure|p2a: Dragapult\n|-damage|p2a: Dragapult|61\/100\n|-start|p2a: Dragapult|Salt Cure\n|\n|-heal|p2a: Dragapult|68\/100|[from] Grassy Terrain\n|-heal|p2b: Arcanine|92\/100|[from] Grassy Terrain\n|-heal|p1b: Saul T. Boye|70\/100|[from] Grassy Terrain\n|-heal|p1b: Saul T. Boye|75\/100|[from] item: Leftovers\n|-heal|p1a: Olivia|98\/100|[from] Grassy Terrain\n|-damage|p2a: Dragapult|55\/100|[from] Leech Seed|[of] p1a: Olivia\n|-heal|p1a: Olivia|100\/100|[silent]\n|-damage|p2a: Dragapult|43\/100|[from] Salt Cure\n|upkeep\n|turn|4\n|inactive|EEP FunkyDafoe has 30 seconds left.\n|inactive|Gallegoalex2 has 30 seconds left.\n|inactive|Gallegoalex2 has 20 seconds left.\n|\n|t:|1682674774\n|switch|p2a: Tinkaton|Tinkaton, L50, F|100\/100\n|-ability|p2a: Tinkaton|Mold Breaker\n|move|p2b: Arcanine|Flare Blitz|p1a: Olivia\n|-supereffective|p1a: Olivia\n|-damage|p1a: Olivia|55\/100\n|-damage|p2b: Arcanine|77\/100|[from] Recoil\n|move|p1b: Saul T. Boye|Iron Defense|p1b: Saul T. Boye\n|-boost|p1b: Saul T. Boye|def|2\n|move|p1a: Olivia|Leech Seed|p2b: Arcanine\n|-start|p2b: Arcanine|move: Leech Seed\n|\n|-heal|p2b: Arcanine|83\/100|[from] Grassy Terrain\n|-heal|p1b: Saul T. Boye|81\/100|[from] Grassy Terrain\n|-heal|p1b: Saul T. Boye|87\/100|[from] item: Leftovers\n|-heal|p1a: Olivia|61\/100|[from] Grassy Terrain\n|-damage|p2b: Arcanine|70\/100|[from] Leech Seed|[of] p1a: Olivia\n|-heal|p1a: Olivia|73\/100|[silent]\n|upkeep\n|turn|5\n|inactive|EEP FunkyDafoe has 30 seconds left.\n|inactive|Gallegoalex2 has 30 seconds left.\n|inactive|Gallegoalex2 has 20 seconds left.\n|inactive|Gallegoalex2 has 15 seconds left.\n|\n|t:|1682674818\n|-terastallize|p2a: Tinkaton|Grass\n|move|p2a: Tinkaton|Thunder Wave|p1b: Saul T. Boye\n|-status|p1b: Saul T. Boye|par\n|move|p2b: Arcanine|Howl|p2b: Arcanine|[spread] p2a,p2b\n|-boost|p2a: Tinkaton|atk|1\n|-boost|p2b: Arcanine|atk|1\n|move|p1a: Olivia|Strength Sap|p2a: Tinkaton\n|-unboost|p2a: Tinkaton|atk|1\n|-heal|p1a: Olivia|100\/100\n|move|p1b: Saul T. Boye|Salt Cure|p2a: Tinkaton\n|-damage|p2a: Tinkaton|85\/100\n|-start|p2a: Tinkaton|Salt Cure\n|\n|-heal|p2a: Tinkaton|92\/100|[from] Grassy Terrain\n|-heal|p2b: Arcanine|76\/100|[from] Grassy Terrain\n|-heal|p1b: Saul T. Boye|93\/100 par|[from] Grassy Terrain\n|-heal|p1b: Saul T. Boye|99\/100 par|[from] item: Leftovers\n|-damage|p2b: Arcanine|64\/100|[from] Leech Seed|[of] p1a: Olivia\n|-damage|p2a: Tinkaton|79\/100|[from] Salt Cure\n|-fieldend|move: Grassy Terrain\n|upkeep\n|turn|6\n|inactive|EEP FunkyDafoe has 30 seconds left.\n|inactive|Gallegoalex2 has 30 seconds left.\n|inactive|Gallegoalex2 has 20 seconds left.\n|\n|t:|1682674858\n|switch|p2a: Dragapult|Dragapult, L50, M|43\/100\n|move|p1a: Olivia|Protect|p1a: Olivia\n|-singleturn|p1a: Olivia|Protect\n|move|p2b: Arcanine|Flare Blitz|p1a: Olivia\n|-activate|p1a: Olivia|move: Protect\n|move|p1b: Saul T. Boye|Body Press|p2b: Arcanine\n|-damage|p2b: Arcanine|0 fnt\n|faint|p2b: Arcanine\n|\n|-heal|p1b: Saul T. Boye|100\/100 par|[from] item: Leftovers\n|upkeep\n|\n|t:|1682674883\n|switch|p2b: Tinkaton|Tinkaton, L50, F, tera:Grass|79\/100\n|-ability|p2b: Tinkaton|Mold Breaker\n|turn|7\n|inactive|EEP FunkyDafoe has 30 seconds left.\n|\n|t:|1682674914\n|move|p2b: Tinkaton|Fake Out|p1b: Saul T. Boye\n|-resisted|p1b: Saul T. Boye\n|-damage|p1b: Saul T. Boye|99\/100 par\n|move|p2a: Dragapult|Pounce|p1a: Olivia\n|-supereffective|p1a: Olivia\n|-damage|p1a: Olivia|76\/100\n|-unboost|p1a: Olivia|spe|1\n|-fieldstart|move: Grassy Terrain|[from] ability: Seed Sower|[of] p1a: Olivia\n|move|p1a: Olivia|Strength Sap|p2b: Tinkaton\n|-unboost|p2b: Tinkaton|atk|1\n|-heal|p1a: Olivia|100\/100\n|cant|p1b: Saul T. Boye|flinch\n|\n|-heal|p2a: Dragapult|49\/100|[from] Grassy Terrain\n|-heal|p2b: Tinkaton|85\/100|[from] Grassy Terrain\n|-heal|p1b: Saul T. Boye|100\/100 par|[from] Grassy Terrain\n|upkeep\n|turn|8\n|\n|t:|1682674938\n|move|p2a: Dragapult|Acrobatics|p1a: Olivia\n|-supereffective|p1a: Olivia\n|-damage|p1a: Olivia|76\/100\n|move|p2b: Tinkaton|Gigaton Hammer|p1b: Saul T. Boye\n|-supereffective|p1b: Saul T. Boye\n|-damage|p1b: Saul T. Boye|85\/100 par\n|move|p1a: Olivia|Strength Sap|p2a: Dragapult\n|-fail|p2a: Dragapult|unboost|[from] ability: Clear Body|[of] p2a: Dragapult\n|-heal|p1a: Olivia|100\/100\n|move|p1b: Saul T. Boye|Salt Cure|p2a: Dragapult\n|-damage|p2a: Dragapult|31\/100\n|-start|p2a: Dragapult|Salt Cure\n|\n|-heal|p2a: Dragapult|37\/100|[from] Grassy Terrain\n|-heal|p2b: Tinkaton|92\/100|[from] Grassy Terrain\n|-heal|p1b: Saul T. Boye|91\/100 par|[from] Grassy Terrain\n|-heal|p1b: Saul T. Boye|97\/100 par|[from] item: Leftovers\n|-damage|p2a: Dragapult|25\/100|[from] Salt Cure\n|upkeep\n|turn|9\n|-message|Gallegoalex2 forfeited.\n|\n|win|EEP FunkyDafoe\n|raw|EEP FunkyDafoe's rating: 1000 → 1048<\/strong> (+48 for winning)\n|raw|Gallegoalex2's rating: 1070 → 1045<\/strong> (-25 for losing)\n|l|\u2606Gallegoalex2\n","uploadtime":1682674959,"views":9,"p1id":"eepfunkydafoe","p2id":"gallegoalex2","formatid":"gen9vgc2023regulationc","rating":1045,"private":0,"password":""}