{"id":"gen9vgc2023regulationc-1853015062","p1":"Piccolo Ruiz","p2":"hit2000gun","format":"[Gen 9] VGC 2023 Regulation C","log":"|j|\u2606Piccolo Ruiz\n|j|\u2606hit2000gun\n|t:|1682625868\n|gametype|doubles\n|player|p1|Piccolo Ruiz|valerie|1478\n|player|p2|hit2000gun|101|1457\n|teamsize|p1|6\n|teamsize|p2|6\n|gen|9\n|tier|[Gen 9] VGC 2023 Regulation C\n|rated|\n|rule|Species Clause: Limit one of each Pok\u00e9mon\n|rule|Item Clause: Limit one of each item\n|clearpoke\n|poke|p1|Flutter Mane, L50|\n|poke|p1|Amoonguss, L50, F|\n|poke|p1|Gyarados, L50, F|\n|poke|p1|Arcanine, L50, F|\n|poke|p1|Ting-Lu, L50|\n|poke|p1|Baxcalibur, L50, F|\n|poke|p2|Ting-Lu, L50|\n|poke|p2|Palafin, L50, M|\n|poke|p2|Arcanine, L50, M|\n|poke|p2|Flutter Mane, L50|\n|poke|p2|Amoonguss, L50, M|\n|poke|p2|Roaring Moon, L50|\n|teampreview|4\n|inactive|Battle timer is ON: inactive players will automatically lose when time's up. (requested by Piccolo Ruiz)\n|inactive|hit2000gun has 60 seconds left.\n|\n|t:|1682625912\n|start\n|switch|p1a: Katya|Baxcalibur, L50, F, shiny|100\/100\n|switch|p1b: Raja|Arcanine, L50, F|100\/100\n|switch|p2a: Flutter Mane|Flutter Mane, L50|100\/100\n|switch|p2b: Roaring Moon|Roaring Moon, L50|100\/100\n|-ability|p1b: Raja|Intimidate|boost\n|-unboost|p2a: Flutter Mane|atk|1\n|-unboost|p2b: Roaring Moon|atk|1\n|-enditem|p2b: Roaring Moon|Booster Energy\n|-activate|p2b: Roaring Moon|ability: Protosynthesis|[fromitem]\n|-start|p2b: Roaring Moon|protosynthesisspe\n|turn|1\n|inactive|Piccolo Ruiz has 30 seconds left.\n|\n|t:|1682625945\n|-end|p2a: Flutter Mane|Protosynthesis|[silent]\n|switch|p2a: Arcanine|Arcanine, L50, M|100\/100\n|-ability|p2a: Arcanine|Intimidate|boost\n|-fail|p1a: Katya|unboost|[from] item: Clear Amulet|[of] p1a: Katya\n|-unboost|p1b: Raja|atk|1\n|move|p2b: Roaring Moon|Breaking Swipe|p1a: Katya|[spread] p1a,p1b\n|-supereffective|p1a: Katya\n|-damage|p1a: Katya|72\/100\n|-damage|p1b: Raja|85\/100\n|-unboost|p1b: Raja|atk|1\n|move|p1b: Raja|Will-O-Wisp|p2b: Roaring Moon|[miss]\n|-miss|p1b: Raja|p2b: Roaring Moon\n|move|p1a: Katya|Icicle Crash|p2a: Arcanine\n|-resisted|p2a: Arcanine\n|-damage|p2a: Arcanine|74\/100\n|\n|upkeep\n|turn|2\n|inactive|hit2000gun has 30 seconds left.\n|\n|t:|1682625978\n|move|p2b: Roaring Moon|Protect|p2b: Roaring Moon\n|-singleturn|p2b: Roaring Moon|Protect\n|move|p1a: Katya|Protect|p1a: Katya\n|-singleturn|p1a: Katya|Protect\n|move|p2a: Arcanine|Will-O-Wisp|p1b: Raja\n|-immune|p1b: Raja\n|move|p1b: Raja|Howl|p1b: Raja|[spread] p1a,p1b\n|-boost|p1a: Katya|atk|1\n|-boost|p1b: Raja|atk|1\n|\n|upkeep\n|turn|3\n|j| 27yearoldboomer\n|\n|t:|1682625995\n|-terastallize|p2b: Roaring Moon|Flying\n|-terastallize|p1a: Katya|Poison\n|move|p2b: Roaring Moon|Acrobatics|p1a: Katya\n|-damage|p1a: Katya|39\/100\n|move|p2a: Arcanine|Flare Blitz|p1a: Katya\n|-damage|p1a: Katya|0 fnt\n|faint|p1a: Katya\n|-damage|p2a: Arcanine|60\/100|[from] Recoil\n|move|p1b: Raja|Howl|p1b: Raja\n|-boost|p1b: Raja|atk|1\n|\n|upkeep\n|\n|t:|1682626010\n|switch|p1a: Sasha Colby|Flutter Mane, L50|100\/100\n|-enditem|p1a: Sasha Colby|Booster Energy\n|-activate|p1a: Sasha Colby|ability: Protosynthesis|[fromitem]\n|-start|p1a: Sasha Colby|protosynthesisspa\n|turn|4\n|\n|t:|1682626022\n|move|p1a: Sasha Colby|Protect|p1a: Sasha Colby\n|-singleturn|p1a: Sasha Colby|Protect\n|move|p2b: Roaring Moon|Tailwind|p2b: Roaring Moon\n|-sidestart|p2: hit2000gun|move: Tailwind\n|move|p2a: Arcanine|Flare Blitz|p1a: Sasha Colby\n|-activate|p1a: Sasha Colby|move: Protect\n|move|p1b: Raja|Flare Blitz|p2a: Arcanine\n|-resisted|p2a: Arcanine\n|-damage|p2a: Arcanine|31\/100\n|-damage|p1b: Raja|75\/100|[from] Recoil\n|\n|upkeep\n|turn|5\n|\n|t:|1682626042\n|-end|p1a: Sasha Colby|Protosynthesis|[silent]\n|switch|p1a: Amoonguss|Amoonguss, L50, F, shiny|100\/100\n|move|p2b: Roaring Moon|Acrobatics|p1a: Amoonguss\n|-supereffective|p1a: Amoonguss\n|-damage|p1a: Amoonguss|43\/100\n|-damage|p2b: Roaring Moon|84\/100|[from] item: Rocky Helmet|[of] p1a: Amoonguss\n|move|p2a: Arcanine|Flare Blitz|p1a: Amoonguss\n|-supereffective|p1a: Amoonguss\n|-damage|p1a: Amoonguss|0 fnt\n|-damage|p2a: Arcanine|15\/100|[from] item: Rocky Helmet|[of] p1a: Amoonguss\n|faint|p1a: Amoonguss\n|-damage|p2a: Arcanine|0 fnt|[from] Recoil\n|faint|p2a: Arcanine\n|move|p1b: Raja|Will-O-Wisp|p2b: Roaring Moon\n|-status|p2b: Roaring Moon|brn\n|\n|-damage|p2b: Roaring Moon|78\/100 brn|[from] brn\n|upkeep\n|\n|t:|1682626053\n|switch|p2a: Flutter Mane|Flutter Mane, L50|100\/100\n|switch|p1a: Sasha Colby|Flutter Mane, L50|100\/100\n|turn|6\n|\n|t:|1682626061\n|move|p1a: Sasha Colby|Protect|p1a: Sasha Colby\n|-singleturn|p1a: Sasha Colby|Protect\n|move|p2b: Roaring Moon|Acrobatics|p1b: Raja\n|-damage|p1b: Raja|56\/100\n|move|p2a: Flutter Mane|Shadow Ball|p1b: Raja\n|-damage|p1b: Raja|0 fnt\n|faint|p1b: Raja\n|\n|-damage|p2b: Roaring Moon|71\/100 brn|[from] brn\n|upkeep\n|turn|7\n|-message|Piccolo Ruiz forfeited.\n|\n|win|hit2000gun\n|raw|Piccolo Ruiz's rating: 1478 → 1457<\/strong> (-21 for losing)\n|raw|hit2000gun's rating: 1457 → 1478<\/strong> (+21 for winning)\n","uploadtime":1682626079,"views":11,"p1id":"piccoloruiz","p2id":"hit2000gun","formatid":"gen9vgc2023regulationc","rating":1457,"private":0,"password":""}