{"id":"gen9vgc2023regulationc-1854435303","p1":"alexbruno","p2":"verce99","format":"[Gen 9] VGC 2023 Regulation C","log":"|j|\u2606alexbruno\n|j|\u2606verce99\n|t:|1682810559\n|gametype|doubles\n|player|p1|alexbruno|101|\n|player|p2|verce99|palmer|\n|teamsize|p1|6\n|teamsize|p2|6\n|gen|9\n|tier|[Gen 9] VGC 2023 Regulation C\n|rule|Species Clause: Limit one of each Pok\u00e9mon\n|rule|Item Clause: Limit one of each item\n|clearpoke\n|poke|p1|Iron Jugulis, L50|\n|poke|p1|Great Tusk, L50|\n|poke|p1|Iron Bundle, L50|\n|poke|p1|Iron Hands, L50|\n|poke|p1|Gholdengo, L50|\n|poke|p1|Gothitelle, L50, M|\n|poke|p2|Baxcalibur, L50, F|\n|poke|p2|Arcanine, L50, M|\n|poke|p2|Ting-Lu, L50|\n|poke|p2|Palafin, L50, M|\n|poke|p2|Flutter Mane, L50|\n|poke|p2|Amoonguss, L50, F|\n|teampreview|4\n|\n|t:|1682810567\n|start\n|switch|p1a: Iron Bundle|Iron Bundle, L50|100\/100\n|switch|p1b: Gholdengo|Gholdengo, L50|100\/100\n|switch|p2a: Palafin|Palafin, L50, M|100\/100\n|switch|p2b: Arcanine|Arcanine, L50, M|100\/100\n|-ability|p2b: Arcanine|Intimidate|boost\n|-unboost|p1a: Iron Bundle|atk|1\n|-unboost|p1b: Gholdengo|atk|1\n|turn|1\n|inactive|Battle timer is ON: inactive players will automatically lose when time's up. (requested by verce99)\n|\n|t:|1682810597\n|switch|p1b: Iron Jugulis|Iron Jugulis, L50|100\/100\n|-enditem|p1b: Iron Jugulis|Booster Energy\n|-activate|p1b: Iron Jugulis|ability: Quark Drive|[fromitem]\n|-start|p1b: Iron Jugulis|quarkdrivespe\n|move|p2a: Palafin|Jet Punch|p1b: Iron Jugulis\n|-damage|p1b: Iron Jugulis|75\/100\n|move|p1a: Iron Bundle|Icy Wind|p2a: Palafin|[spread] p2a,p2b\n|-resisted|p2a: Palafin\n|-crit|p2a: Palafin\n|-resisted|p2b: Arcanine\n|-damage|p2a: Palafin|76\/100\n|-damage|p2b: Arcanine|93\/100\n|-unboost|p2a: Palafin|spe|1\n|-unboost|p2b: Arcanine|spe|1\n|move|p2b: Arcanine|Flare Blitz|p1b: Iron Jugulis\n|-damage|p1b: Iron Jugulis|33\/100\n|-damage|p2b: Arcanine|79\/100|[from] Recoil\n|\n|upkeep\n|turn|2\n|\n|t:|1682810621\n|detailschange|p2a: Palafin|Palafin-Hero, L50, M\n|switch|p2a: Flutter Mane|Flutter Mane, L50|100\/100\n|move|p1b: Iron Jugulis|Snarl|p2a: Flutter Mane|[spread] p2a,p2b\n|-damage|p2a: Flutter Mane|82\/100\n|-damage|p2b: Arcanine|66\/100\n|-unboost|p2a: Flutter Mane|spa|1\n|-unboost|p2b: Arcanine|spa|1\n|move|p1a: Iron Bundle|Encore|p2b: Arcanine\n|-start|p2b: Arcanine|Encore\n|move|p2b: Arcanine|Flare Blitz|p1b: Iron Jugulis\n|-damage|p1b: Iron Jugulis|0 fnt\n|faint|p1b: Iron Jugulis\n|-end|p1b: Iron Jugulis|Quark Drive|[silent]\n|-damage|p2b: Arcanine|55\/100|[from] Recoil\n|\n|upkeep\n|\n|t:|1682810642\n|switch|p1b: Iron Hands|Iron Hands, L50|100\/100\n|turn|3\n|\n|t:|1682810658\n|-end|p2a: Flutter Mane|Protosynthesis|[silent]\n|switch|p2a: Amoonguss|Amoonguss, L50, F|100\/100\n|-terastallize|p2b: Arcanine|Grass\n|-terastallize|p1b: Iron Hands|Grass\n|move|p1a: Iron Bundle|Icy Wind|p2b: Arcanine|[spread] p2a,p2b\n|-supereffective|p2a: Amoonguss\n|-crit|p2a: Amoonguss\n|-supereffective|p2b: Arcanine\n|-damage|p2a: Amoonguss|60\/100\n|-damage|p2b: Arcanine|25\/100\n|-unboost|p2a: Amoonguss|spe|1\n|-unboost|p2b: Arcanine|spe|1\n|-enditem|p2b: Arcanine|Figy Berry|[eat]\n|-heal|p2b: Arcanine|58\/100|[from] item: Figy Berry\n|move|p1b: Iron Hands|Wild Charge|p2a: Amoonguss\n|-resisted|p2a: Amoonguss\n|-damage|p2a: Amoonguss|31\/100\n|-enditem|p2a: Amoonguss|Sitrus Berry|[eat]\n|-heal|p2a: Amoonguss|56\/100|[from] item: Sitrus Berry\n|-damage|p1b: Iron Hands|94\/100|[from] Recoil\n|move|p2b: Arcanine|Flare Blitz|p1a: Iron Bundle\n|-damage|p1a: Iron Bundle|45\/100\n|-damage|p2b: Arcanine|46\/100|[from] Recoil\n|\n|upkeep\n|turn|4\n|inactive|alexbruno has 30 seconds left.\n|inactive|verce99 has 30 seconds left.\n|\n|t:|1682810687\n|switch|p2a: Flutter Mane|Flutter Mane, L50|82\/100\n|move|p1a: Iron Bundle|Icy Wind|p2a: Flutter Mane|[spread] p2a,p2b\n|-supereffective|p2b: Arcanine\n|-damage|p2a: Flutter Mane|60\/100\n|-damage|p2b: Arcanine|15\/100\n|-unboost|p2a: Flutter Mane|spe|1\n|-unboost|p2b: Arcanine|spe|1\n|move|p1b: Iron Hands|Drain Punch|p2a: Flutter Mane\n|-immune|p2a: Flutter Mane\n|move|p2b: Arcanine|Flare Blitz|p1a: Iron Bundle\n|-damage|p1a: Iron Bundle|0 fnt\n|faint|p1a: Iron Bundle\n|-end|p1a: Iron Bundle|Quark Drive|[silent]\n|-damage|p2b: Arcanine|6\/100|[from] Recoil\n|\n|-end|p2b: Arcanine|Encore\n|upkeep\n|\n|t:|1682810701\n|switch|p1a: Gholdengo|Gholdengo, L50|100\/100\n|turn|5\n|inactiveoff|Battle timer is now OFF.\n|\n|t:|1682810743\n|move|p2a: Flutter Mane|Shadow Ball|p1a: Gholdengo\n|-supereffective|p1a: Gholdengo\n|-damage|p1a: Gholdengo|0 fnt\n|faint|p1a: Gholdengo\n|move|p1b: Iron Hands|Wild Charge|p2a: Flutter Mane\n|-damage|p2a: Flutter Mane|0 fnt\n|faint|p2a: Flutter Mane\n|-end|p2a: Flutter Mane|Protosynthesis|[silent]\n|-damage|p1b: Iron Hands|86\/100|[from] Recoil\n|move|p2b: Arcanine|Flare Blitz|p1b: Iron Hands\n|-supereffective|p1b: Iron Hands\n|-damage|p1b: Iron Hands|25\/100\n|-damage|p2b: Arcanine|0 fnt|[from] Recoil\n|faint|p2b: Arcanine\n|\n|upkeep\n|\n|t:|1682810761\n|switch|p2a: Palafin|Palafin-Hero, L50, M|76\/100\n|switch|p2b: Amoonguss|Amoonguss, L50, F|89\/100\n|-activate|p2a: Palafin|ability: Zero to Hero\n|turn|6\n|\n|t:|1682810771\n|move|p2a: Palafin|Jet Punch|p1b: Iron Hands\n|-resisted|p1b: Iron Hands\n|-damage|p1b: Iron Hands|12\/100\n|move|p1b: Iron Hands|Wild Charge|p2a: Palafin\n|-supereffective|p2a: Palafin\n|-crit|p2a: Palafin\n|-damage|p2a: Palafin|0 fnt\n|faint|p2a: Palafin\n|-damage|p1b: Iron Hands|0 fnt|[from] Recoil\n|faint|p1b: Iron Hands\n|-end|p1b: Iron Hands|Quark Drive|[silent]\n|\n|win|verce99\n","uploadtime":1682810795,"views":18,"p1id":"alexbruno","p2id":"verce99","formatid":"gen9vgc2023regulationc","rating":0,"private":0,"password":""}