{"id":"gen9vgc2023regulationc-1845942377","p1":"RaimuBeat","p2":"FullySane","format":"[Gen 9] VGC 2023 Regulation C","log":"|j|\u2606RaimuBeat\n|j|\u2606FullySane\n|t:|1681781963\n|gametype|doubles\n|player|p1|RaimuBeat|caitlin|1026\n|player|p2|FullySane|bruno|1040\n|teamsize|p1|6\n|teamsize|p2|6\n|gen|9\n|tier|[Gen 9] VGC 2023 Regulation C\n|rated|\n|rule|Species Clause: Limit one of each Pok\u00e9mon\n|rule|Item Clause: Limit one of each item\n|clearpoke\n|poke|p1|Dondozo, L50, M|\n|poke|p1|Grimmsnarl, L50, M|\n|poke|p1|Corviknight, L50, M|\n|poke|p1|Tatsugiri-Droopy, L50, F|\n|poke|p1|Annihilape, L50, F|\n|poke|p1|Clodsire, L50, M|\n|poke|p2|Quaquaval, L50, F|\n|poke|p2|Maushold, L50|\n|poke|p2|Chien-Pao, L50|\n|poke|p2|Gholdengo, L50|\n|poke|p2|Rotom-Mow, L50|\n|poke|p2|Iron Hands, L50|\n|teampreview|4\nRaimuBeat has agreed to open team sheets.\nFullySane has agreed to open team sheets.\n|\n|t:|1681781996\n|start\n|switch|p1a: Jack|Grimmsnarl, L50, M|100\/100\n|switch|p1b: Crow|Corviknight, L50, M|100\/100\n|switch|p2a: Iron Hands|Iron Hands, L50|100\/100\n|switch|p2b: Rotom|Rotom-Mow, L50|100\/100\n|-enditem|p2a: Iron Hands|Booster Energy\n|-activate|p2a: Iron Hands|ability: Quark Drive|[fromitem]\n|-start|p2a: Iron Hands|quarkdriveatk\n|turn|1\n|\n|t:|1681782016\n|move|p2a: Iron Hands|Protect|p2a: Iron Hands\n|-singleturn|p2a: Iron Hands|Protect\n|move|p1a: Jack|Fake Out|p2a: Iron Hands\n|-activate|p2a: Iron Hands|move: Protect\n|move|p2b: Rotom|Discharge|p1a: Jack|[spread] p1a,p1b\n|-activate|p2a: Iron Hands|move: Protect\n|-supereffective|p1b: Crow\n|-damage|p1a: Jack|83\/100\n|-damage|p1b: Crow|71\/100\n|-status|p1b: Crow|par\n|cant|p1b: Crow|par\n|\n|upkeep\n|turn|2\n|\n|t:|1681782033\n|move|p1a: Jack|Light Screen|p1a: Jack\n|-sidestart|p1: RaimuBeat|move: Light Screen\n|move|p2b: Rotom|Thunder Wave|p1a: Jack\n|-status|p1a: Jack|par\n|move|p2a: Iron Hands|Thunder Punch|p1b: Crow\n|-supereffective|p1b: Crow\n|-damage|p1b: Crow|0 fnt\n|-damage|p2a: Iron Hands|84\/100|[from] item: Rocky Helmet|[of] p1b: Crow\n|faint|p1b: Crow\n|\n|upkeep\n|\n|t:|1681782044\n|switch|p1b: Leo|Dondozo, L50, M|100\/100\n|turn|3\n|\n|t:|1681782059\n|-terastallize|p1b: Leo|Ghost\n|move|p2b: Rotom|Helping Hand|p2a: Iron Hands\n|-singleturn|p2a: Iron Hands|Helping Hand|[of] p2b: Rotom\n|cant|p1a: Jack|par\n|move|p2a: Iron Hands|Thunder Punch|p1b: Leo\n|-damage|p1b: Leo|43\/100\n|move|p1b: Leo|Earthquake|p2b: Rotom|[spread] p1a,p2a\n|-immune|p2b: Rotom|[from] ability: Levitate\n|-supereffective|p2a: Iron Hands\n|-damage|p1a: Jack|58\/100 par\n|-damage|p2a: Iron Hands|55\/100\n|\n|-heal|p1b: Leo|49\/100|[from] item: Leftovers\n|upkeep\n|turn|4\n|\n|t:|1681782083\n|move|p2a: Iron Hands|Protect|p2a: Iron Hands\n|-singleturn|p2a: Iron Hands|Protect\n|move|p1a: Jack|Reflect|p1a: Jack\n|-sidestart|p1: RaimuBeat|Reflect\n|move|p2b: Rotom|Discharge|p1a: Jack|[spread] p1a,p1b\n|-activate|p2a: Iron Hands|move: Protect\n|-damage|p1a: Jack|46\/100 par\n|-damage|p1b: Leo|34\/100\n|move|p1b: Leo|Order Up|p2a: Iron Hands\n|-activate|p2a: Iron Hands|move: Protect\n|\n|-heal|p1b: Leo|41\/100|[from] item: Leftovers\n|upkeep\n|turn|5\n|\n|t:|1681782107\n|switch|p1a: Luna|Tatsugiri-Droopy, L50, F|100\/100\n|-activate|p1a: Luna|ability: Commander|[of] p1b: Leo\n|-boost|p1b: Leo|atk|2\n|-boost|p1b: Leo|spa|2\n|-boost|p1b: Leo|spe|2\n|-boost|p1b: Leo|def|2\n|-boost|p1b: Leo|spd|2\n|move|p1b: Leo|Earthquake|p2a: Iron Hands|[spread] p2a\n|-miss|p1b: Leo|p1a: Luna\n|-immune|p2b: Rotom|[from] ability: Levitate\n|-supereffective|p2a: Iron Hands\n|-damage|p2a: Iron Hands|0 fnt\n|faint|p2a: Iron Hands\n|-end|p2a: Iron Hands|Quark Drive|[silent]\n|move|p2b: Rotom|Thunder Wave|p1b: Leo\n|-status|p1b: Leo|par\n|\n|-heal|p1b: Leo|47\/100 par|[from] item: Leftovers\n|upkeep\n|\n|t:|1681782124\n|switch|p2a: Maushold|Maushold, L50|100\/100\n|turn|6\n|\n|t:|1681782133\n|move|p2a: Maushold|Protect|p2a: Maushold\n|-singleturn|p2a: Maushold|Protect\n|move|p2b: Rotom|Discharge|p1a: Luna|[spread] p1b\n|-miss|p2b: Rotom|p1a: Luna\n|-activate|p2a: Maushold|move: Protect\n|-damage|p1b: Leo|40\/100 par\n|move|p1b: Leo|Order Up|p2a: Maushold\n|-activate|p2a: Maushold|move: Protect\n|\n|-heal|p1b: Leo|46\/100 par|[from] item: Leftovers\n|upkeep\n|turn|7\n|\n|t:|1681782150\n|-terastallize|p2a: Maushold|Normal\n|move|p2b: Rotom|Helping Hand|p2a: Maushold\n|-singleturn|p2a: Maushold|Helping Hand|[of] p2b: Rotom\n|move|p2a: Maushold|Population Bomb|p1b: Leo\n|-immune|p1b: Leo\n|move|p1b: Leo|Order Up|p2a: Maushold\n|-damage|p2a: Maushold|30\/100\n|-boost|p1b: Leo|def|1\n|\n|-heal|p2a: Maushold|36\/100|[from] item: Leftovers\n|-heal|p1b: Leo|52\/100 par|[from] item: Leftovers\n|upkeep\n|turn|8\n|c|\u2606FullySane|i am so dumb\n|\n|t:|1681782168\n|move|p2a: Maushold|Protect|p2a: Maushold\n|-singleturn|p2a: Maushold|Protect\n|move|p2b: Rotom|Discharge|p1b: Leo|[spread] p1b\n|-miss|p2b: Rotom|p1a: Luna\n|-activate|p2a: Maushold|move: Protect\n|-damage|p1b: Leo|46\/100 par\n|cant|p1b: Leo|par\n|\n|-heal|p2a: Maushold|42\/100|[from] item: Leftovers\n|-heal|p1b: Leo|52\/100 par|[from] item: Leftovers\n|upkeep\n|turn|9\n|\n|t:|1681782188\n|switch|p2b: Quaquaval|Quaquaval, L50, F|100\/100\n|move|p2a: Maushold|Follow Me|p2a: Maushold\n|-singleturn|p2a: Maushold|move: Follow Me\n|move|p1b: Leo|Order Up|p2a: Maushold\n|-damage|p2a: Maushold|0 fnt\n|faint|p2a: Maushold\n|-boost|p1b: Leo|def|1\n|\n|-heal|p1b: Leo|58\/100 par|[from] item: Leftovers\n|-sideend|p1: RaimuBeat|move: Light Screen\n|upkeep\n|c|\u2606RaimuBeat|It's OK, brain farts like that happen all the time\n|\n|t:|1681782198\n|switch|p2a: Rotom|Rotom-Mow, L50|100\/100\n|turn|10\n|c|\u2606FullySane|thanks haha\n|\n|t:|1681782212\n|move|p2a: Rotom|Helping Hand|p2b: Quaquaval\n|-singleturn|p2b: Quaquaval|Helping Hand|[of] p2a: Rotom\n|move|p2b: Quaquaval|Aqua Step|p1b: Leo\n|-damage|p1b: Leo|48\/100 par\n|-boost|p2b: Quaquaval|spe|1\n|cant|p1b: Leo|par\n|\n|-heal|p1b: Leo|54\/100 par|[from] item: Leftovers\n|upkeep\n|turn|11\n|\n|t:|1681782226\n|move|p2b: Quaquaval|Protect|p2b: Quaquaval\n|-singleturn|p2b: Quaquaval|Protect\n|move|p2a: Rotom|Discharge|p1b: Leo|[spread] p1b\n|-miss|p2a: Rotom|p1a: Luna\n|-activate|p2b: Quaquaval|move: Protect\n|-damage|p1b: Leo|44\/100 par\n|cant|p1b: Leo|par\n|\n|-heal|p1b: Leo|51\/100 par|[from] item: Leftovers\n|-sideend|p1: RaimuBeat|Reflect\n|upkeep\n|turn|12\n|\n|t:|1681782238\n|move|p2a: Rotom|Helping Hand|p2b: Quaquaval\n|-singleturn|p2b: Quaquaval|Helping Hand|[of] p2a: Rotom\n|move|p2b: Quaquaval|Aqua Step|p1b: Leo\n|-damage|p1b: Leo|36\/100 par\n|-boost|p2b: Quaquaval|spe|1\n|cant|p1b: Leo|par\n|\n|-heal|p1b: Leo|43\/100 par|[from] item: Leftovers\n|upkeep\n|turn|13\n|\n|t:|1681782254\n|move|p2a: Rotom|Helping Hand|p2b: Quaquaval\n|-singleturn|p2b: Quaquaval|Helping Hand|[of] p2a: Rotom\n|move|p2b: Quaquaval|Aqua Step|p1b: Leo\n|-damage|p1b: Leo|27\/100 par\n|-boost|p2b: Quaquaval|spe|1\n|move|p1b: Leo|Curse|p2b: Quaquaval\n|-start|p2b: Quaquaval|Curse|[of] p1b: Leo\n|-damage|p1b: Leo|0 fnt\n|faint|p1b: Leo\n|\n|-damage|p2b: Quaquaval|76\/100|[from] Curse\n|upkeep\n|\n|t:|1681782266\n|switch|p1b: Jack|Grimmsnarl, L50, M|46\/100 par\n|turn|14\n|\n|t:|1681782273\n|move|p2b: Quaquaval|Protect|p2b: Quaquaval\n|-singleturn|p2b: Quaquaval|Protect\n|move|p1a: Luna|Protect|p1a: Luna\n|-singleturn|p1a: Luna|Protect\n|move|p1b: Jack|Fake Out|p2b: Quaquaval\n|-activate|p2b: Quaquaval|move: Protect\n|move|p2a: Rotom|Discharge|p1b: Jack|[spread] p1b\n|-activate|p2b: Quaquaval|move: Protect\n|-activate|p1a: Luna|move: Protect\n|-damage|p1b: Jack|28\/100 par\n|\n|-damage|p2b: Quaquaval|51\/100|[from] Curse\n|upkeep\n|turn|15\n|c|\u2606FullySane|that curse-tera ghost thing is incredible holy\n|\n|t:|1681782301\n|move|p1b: Jack|Light Screen|p1b: Jack\n|-sidestart|p1: RaimuBeat|move: Light Screen\n|move|p2b: Quaquaval|Aqua Step|p1b: Jack\n|-damage|p1b: Jack|0 fnt\n|-boost|p2b: Quaquaval|spe|1\n|faint|p1b: Jack\n|-ability|p2b: Quaquaval|Moxie|boost\n|-boost|p2b: Quaquaval|atk|1\n|move|p1a: Luna|Icy Wind|p2a: Rotom|[spread] p2a,p2b\n|-supereffective|p2a: Rotom\n|-resisted|p2b: Quaquaval\n|-damage|p2a: Rotom|72\/100\n|-damage|p2b: Quaquaval|41\/100\n|-unboost|p2a: Rotom|spe|1\n|-unboost|p2b: Quaquaval|spe|1\n|move|p2a: Rotom|Thunder Wave|p1a: Luna\n|-status|p1a: Luna|par\n|\n|-damage|p2b: Quaquaval|17\/100|[from] Curse\n|upkeep\n|turn|16\n|\n|t:|1681782322\n|move|p2b: Quaquaval|Aqua Step|p1a: Luna\n|-resisted|p1a: Luna\n|-damage|p1a: Luna|68\/100 par\n|-boost|p2b: Quaquaval|spe|1\n|cant|p1a: Luna|par\n|move|p2a: Rotom|Discharge|p1a: Luna|[spread] p2b,p1a\n|-supereffective|p2b: Quaquaval\n|-damage|p2b: Quaquaval|0 fnt\n|-damage|p1a: Luna|49\/100 par\n|faint|p2b: Quaquaval\n|\n|upkeep\n|turn|17\n|\n|t:|1681782334\n|move|p1a: Luna|Draco Meteor|p2a: Rotom|[miss]\n|-miss|p1a: Luna|p2a: Rotom\n|move|p2a: Rotom|Discharge|p1a: Luna\n|-damage|p1a: Luna|21\/100 par\n|\n|upkeep\n|turn|18\n|c|\u2606RaimuBeat|gg\n|c|\u2606FullySane|gg\n|c|\u2606RaimuBeat|WP\n|\n|t:|1681782347\n|move|p1a: Luna|Draco Meteor|p2a: Rotom\n|-damage|p2a: Rotom|5\/100\n|-unboost|p1a: Luna|spa|2\n|move|p2a: Rotom|Discharge|p1a: Luna\n|-damage|p1a: Luna|0 fnt\n|faint|p1a: Luna\n|\n|win|FullySane\n|raw|RaimuBeat's rating: 1026 → 1013<\/strong> (-13 for losing)\n|raw|FullySane's rating: 1040 → 1073<\/strong> (+33 for winning)\n|l|\u2606FullySane\n","uploadtime":1681782402,"views":5,"p1id":"raimubeat","p2id":"fullysane","formatid":"gen9vgc2023regulationc","rating":1013,"private":0,"password":""}