{"id":"gen9vgc2023regulationc-1848074118","p1":"UltimoRyu","p2":"O_ONICO_O","format":"[Gen 9] VGC 2023 Regulation C","log":"|j|\u2606UltimoRyu\n|j|\u2606O_ONICO_O\n|t:|1682026741\n|gametype|doubles\n|player|p1|UltimoRyu|steven|1147\n|player|p2|O_ONICO_O|266|1173\n|teamsize|p1|6\n|teamsize|p2|6\n|gen|9\n|tier|[Gen 9] VGC 2023 Regulation C\n|rated|\n|rule|Species Clause: Limit one of each Pok\u00e9mon\n|rule|Item Clause: Limit one of each item\n|clearpoke\n|poke|p1|Pelipper, L50, M|\n|poke|p1|Palafin, L50, F|\n|poke|p1|Goodra, L50, M|\n|poke|p1|Gyarados, L50, F|\n|poke|p1|Dondozo, L50, F|\n|poke|p1|Tatsugiri-Stretchy, L50, M|\n|poke|p2|Ceruledge, L50, M|\n|poke|p2|Scream Tail, L50|\n|poke|p2|Amoonguss, L50, F|\n|poke|p2|Gyarados, L50, M|\n|poke|p2|Flutter Mane, L50|\n|poke|p2|Ting-Lu, L50|\n|teampreview|4\n|\n|t:|1682026767\n|start\n|switch|p1a: Pelipper|Pelipper, L50, M|100\/100\n|switch|p1b: Dondozo|Dondozo, L50, F|100\/100\n|switch|p2a: Scream Tail|Scream Tail, L50|100\/100\n|switch|p2b: Ting-Lu|Ting-Lu, L50|100\/100\n|-weather|RainDance|[from] ability: Drizzle|[of] p1a: Pelipper\n|-ability|p2b: Ting-Lu|Vessel of Ruin\n|-enditem|p2a: Scream Tail|Booster Energy\n|-activate|p2a: Scream Tail|ability: Protosynthesis|[fromitem]\n|-start|p2a: Scream Tail|protosynthesisspe\n|turn|1\n|\n|t:|1682026786\n|switch|p1a: Tatsugiri|Tatsugiri-Stretchy, L50, M|100\/100\n|-activate|p1a: Tatsugiri|ability: Commander|[of] p1b: Dondozo\n|-boost|p1b: Dondozo|atk|2\n|-boost|p1b: Dondozo|spa|2\n|-boost|p1b: Dondozo|spe|2\n|-boost|p1b: Dondozo|def|2\n|-boost|p1b: Dondozo|spd|2\n|switch|p2b: Gyarados|Gyarados, L50, M, shiny|100\/100\n|-ability|p2b: Gyarados|Intimidate|boost\n|-unboost|p1a: Tatsugiri|atk|1\n|-unboost|p1b: Dondozo|atk|1\n|-terastallize|p1b: Dondozo|Water\n|move|p2a: Scream Tail|Protect|p2a: Scream Tail\n|-singleturn|p2a: Scream Tail|Protect\n|move|p1b: Dondozo|Liquidation|p2b: Gyarados\n|-resisted|p2b: Gyarados\n|-damage|p2b: Gyarados|36\/100\n|-damage|p1b: Dondozo|91\/100|[from] item: Life Orb\n|\n|-weather|RainDance|[upkeep]\n|upkeep\n|turn|2\n|\n|t:|1682026817\n|move|p2a: Scream Tail|Howl|p2a: Scream Tail|[spread] p2a,p2b\n|-boost|p2a: Scream Tail|atk|1\n|-boost|p2b: Gyarados|atk|1\n|move|p1b: Dondozo|Liquidation|p2a: Scream Tail\n|-damage|p2a: Scream Tail|0 fnt\n|faint|p2a: Scream Tail\n|-end|p2a: Scream Tail|Protosynthesis|[silent]\n|-damage|p1b: Dondozo|81\/100|[from] item: Life Orb\n|move|p2b: Gyarados|Thunder Wave|p1b: Dondozo\n|-status|p1b: Dondozo|par\n|\n|-weather|RainDance|[upkeep]\n|upkeep\n|\n|t:|1682026830\n|switch|p2a: Flutter Mane|Flutter Mane, L50, shiny|100\/100\n|turn|3\n|\n|t:|1682026841\n|-terastallize|p2a: Flutter Mane|Fairy\n|move|p2a: Flutter Mane|Moonblast|p1b: Dondozo\n|-damage|p1b: Dondozo|45\/100 par\n|-damage|p2a: Flutter Mane|90\/100|[from] item: Life Orb\n|move|p2b: Gyarados|Waterfall|p1b: Dondozo\n|-resisted|p1b: Dondozo\n|-damage|p1b: Dondozo|35\/100 par\n|move|p1b: Dondozo|Liquidation|p2b: Gyarados\n|-resisted|p2b: Gyarados\n|-damage|p2b: Gyarados|0 fnt\n|faint|p2b: Gyarados\n|-damage|p1b: Dondozo|26\/100 par|[from] item: Life Orb\n|\n|-weather|RainDance|[upkeep]\n|upkeep\n|\n|t:|1682026857\n|switch|p2b: Ting-Lu|Ting-Lu, L50|100\/100\n|-ability|p2b: Ting-Lu|Vessel of Ruin\n|turn|4\n|\n|t:|1682026876\n|move|p2a: Flutter Mane|Moonblast|p1b: Dondozo\n|-damage|p1b: Dondozo|1\/100 par\n|-unboost|p1b: Dondozo|spa|1\n|-damage|p2a: Flutter Mane|80\/100|[from] item: Life Orb\n|move|p2b: Ting-Lu|Payback|p1a: Tatsugiri|[miss]\n|-miss|p2b: Ting-Lu|p1a: Tatsugiri\n|move|p1b: Dondozo|Rest|p1b: Dondozo\n|-status|p1b: Dondozo|slp|[from] move: Rest\n|-heal|p1b: Dondozo|100\/100 slp|[silent]\n|\n|-weather|RainDance|[upkeep]\n|upkeep\n|turn|5\n|\n|t:|1682026896\n|move|p2a: Flutter Mane|Moonblast|p1b: Dondozo\n|-damage|p1b: Dondozo|74\/100 slp\n|-unboost|p1b: Dondozo|spa|1\n|-damage|p2a: Flutter Mane|70\/100|[from] item: Life Orb\n|cant|p1b: Dondozo|slp\n|move|p1b: Dondozo|Sleep Talk|p1b: Dondozo\n|move|p1b: Dondozo|Order Up|p2b: Ting-Lu|[from]move: Sleep Talk\n|-damage|p2b: Ting-Lu|74\/100\n|-boost|p1b: Dondozo|spe|1\n|-damage|p1b: Dondozo|65\/100 slp|[from] item: Life Orb\n|move|p2b: Ting-Lu|Payback|p1b: Dondozo\n|-damage|p1b: Dondozo|49\/100 slp\n|\n|-weather|none\n|upkeep\n|turn|6\n|\n|t:|1682026925\n|move|p2a: Flutter Mane|Moonblast|p1b: Dondozo\n|-damage|p1b: Dondozo|24\/100 slp\n|-damage|p2a: Flutter Mane|60\/100|[from] item: Life Orb\n|cant|p1b: Dondozo|slp\n|move|p1b: Dondozo|Sleep Talk|p1b: Dondozo\n|move|p1b: Dondozo|Liquidation|p2a: Flutter Mane|[from]move: Sleep Talk\n|-damage|p2a: Flutter Mane|0 fnt\n|faint|p2a: Flutter Mane\n|-end|p2a: Flutter Mane|Protosynthesis|[silent]\n|-damage|p1b: Dondozo|14\/100 slp|[from] item: Life Orb\n|move|p2b: Ting-Lu|Fissure|p1b: Dondozo\n|-damage|p1b: Dondozo|0 fnt\n|faint|p1b: Dondozo\n|-ohko\n|\n|upkeep\n|\n|t:|1682026943\n|switch|p1b: Pelipper|Pelipper, L50, M|100\/100\n|-weather|RainDance|[from] ability: Drizzle|[of] p1b: Pelipper\n|turn|7\n|-message|O_ONICO_O forfeited.\n|\n|win|UltimoRyu\n|raw|UltimoRyu's rating: 1147 → 1174<\/strong> (+27 for winning)\n|raw|O_ONICO_O's rating: 1173 → 1146<\/strong> (-27 for losing)\n|l|\u2606O_ONICO_O\n","uploadtime":1682026950,"views":9,"p1id":"ultimoryu","p2id":"oonicoo","formatid":"gen9vgc2023regulationc","rating":1146,"private":0,"password":""}