{"id":"gen9vgc2023regulationc-1852908081","p1":"ahhazu","p2":"CavaleiroTeutao","format":"[Gen 9] VGC 2023 Regulation C","log":"|j|\u2606ahhazu\n|j|\u2606CavaleiroTeutao\n|t:|1682616375\n|gametype|doubles\n|player|p1|ahhazu|102|1069\n|player|p2|CavaleiroTeutao|bruno|1061\n|teamsize|p1|6\n|teamsize|p2|6\n|gen|9\n|tier|[Gen 9] VGC 2023 Regulation C\n|rated|\n|rule|Species Clause: Limit one of each Pok\u00e9mon\n|rule|Item Clause: Limit one of each item\n|clearpoke\n|poke|p1|Baxcalibur, L50, M|\n|poke|p1|Palafin, L50, F|\n|poke|p1|Arcanine, L50, M|\n|poke|p1|Flutter Mane, L50|\n|poke|p1|Ting-Lu, L50|\n|poke|p1|Amoonguss, L50, F|\n|poke|p2|Vigoroth, L50, F|\n|poke|p2|Bombirdier, L50, F|\n|poke|p2|Arcanine, L50, M|\n|poke|p2|Kingambit, L50, M|\n|poke|p2|Palafin, L50, M|\n|poke|p2|Murkrow, L50, F|\n|teampreview|4\n|inactive|Battle timer is ON: inactive players will automatically lose when time's up. (requested by CavaleiroTeutao)\nahhazu has agreed to open team sheets.\n|inactive|ahhazu has 60 seconds left.\n|inactive|CavaleiroTeutao has 60 seconds left.\n|\n|t:|1682616425\n|start\n|switch|p1a: Palafin|Palafin, L50, F|100\/100\n|switch|p1b: Amoonguss|Amoonguss, L50, F|100\/100\n|switch|p2a: Murkrow|Murkrow, L50, F|100\/100\n|switch|p2b: Palafin|Palafin, L50, M|100\/100\n|turn|1\n|inactive|ahhazu has 30 seconds left.\n|\n|t:|1682616452\n|detailschange|p1a: Palafin|Palafin-Hero, L50, F\n|switch|p1a: Flutter Mane|Flutter Mane, L50|100\/100\n|move|p2b: Palafin|Protect|p2b: Palafin\n|-singleturn|p2b: Palafin|Protect\n|move|p2a: Murkrow|Tailwind|p2a: Murkrow\n|-sidestart|p2: CavaleiroTeutao|move: Tailwind\n|move|p1b: Amoonguss|Spore|p2b: Palafin\n|-activate|p2b: Palafin|move: Protect\n|\n|upkeep\n|turn|2\n|\n|t:|1682616465\n|detailschange|p2b: Palafin|Palafin-Hero, L50, M\n|switch|p2b: Arcanine|Arcanine, L50, M|100\/100\n|-ability|p2b: Arcanine|Intimidate|boost\n|-unboost|p1a: Flutter Mane|atk|1\n|-unboost|p1b: Amoonguss|atk|1\n|move|p2a: Murkrow|Thunder Wave|p1a: Flutter Mane\n|-status|p1a: Flutter Mane|par\n|cant|p1a: Flutter Mane|par\n|move|p1b: Amoonguss|Spore|p2b: Arcanine\n|-activate|p2b: Arcanine|item: Safety Goggles|Spore\n|\n|upkeep\n|turn|3\n|\n|t:|1682616487\n|-end|p1a: Flutter Mane|Protosynthesis|[silent]\n|switch|p1a: Ting-Lu|Ting-Lu, L50|100\/100\n|-ability|p1a: Ting-Lu|Vessel of Ruin\n|switch|p1b: Palafin|Palafin-Hero, L50, F|100\/100\n|-activate|p1b: Palafin|ability: Zero to Hero\n|move|p2b: Arcanine|Flare Blitz|p1b: Palafin\n|-resisted|p1b: Palafin\n|-damage|p1b: Palafin|74\/100\n|-status|p1b: Palafin|brn\n|-damage|p2b: Arcanine|90\/100|[from] Recoil\n|move|p2a: Murkrow|Brave Bird|p1a: Ting-Lu\n|-damage|p1a: Ting-Lu|81\/100\n|-damage|p2a: Murkrow|90\/100|[from] Recoil\n|\n|-damage|p1b: Palafin|69\/100 brn|[from] brn\n|upkeep\n|turn|4\n|inactive|ahhazu has 30 seconds left.\n|inactive|CavaleiroTeutao has 30 seconds left.\n|\n|t:|1682616516\n|switch|p2a: Palafin|Palafin-Hero, L50, M|100\/100\n|-activate|p2a: Palafin|ability: Zero to Hero\n|move|p2b: Arcanine|Howl|p2b: Arcanine|[spread] p2a,p2b\n|-boost|p2a: Palafin|atk|1\n|-boost|p2b: Arcanine|atk|1\n|move|p1b: Palafin|Wave Crash|p2a: Palafin\n|-resisted|p2a: Palafin\n|-damage|p2a: Palafin|75\/100\n|-damage|p1b: Palafin|61\/100 brn|[from] Recoil\n|move|p1a: Ting-Lu|Stomping Tantrum|p2b: Arcanine\n|-supereffective|p2b: Arcanine\n|-damage|p2b: Arcanine|5\/100\n|\n|-damage|p1b: Palafin|56\/100 brn|[from] brn\n|-sideend|p2: CavaleiroTeutao|move: Tailwind\n|upkeep\n|turn|5\n|\n|t:|1682616532\n|switch|p1a: Amoonguss|Amoonguss, L50, F|100\/100\n|move|p1b: Palafin|Protect|p1b: Palafin\n|-singleturn|p1b: Palafin|Protect\n|move|p2a: Palafin|Iron Head|p1a: Amoonguss\n|-damage|p1a: Amoonguss|66\/100\n|move|p2b: Arcanine|Howl|p2b: Arcanine|[spread] p2a,p2b\n|-boost|p2a: Palafin|atk|1\n|-boost|p2b: Arcanine|atk|1\n|\n|-damage|p1b: Palafin|50\/100 brn|[from] brn\n|upkeep\n|turn|6\n|\n|t:|1682616552\n|move|p2a: Palafin|Protect|p2a: Palafin\n|-singleturn|p2a: Palafin|Protect\n|move|p2b: Arcanine|Extreme Speed|p1a: Amoonguss\n|-damage|p1a: Amoonguss|32\/100\n|-enditem|p1a: Amoonguss|Sitrus Berry|[eat]\n|-heal|p1a: Amoonguss|57\/100|[from] item: Sitrus Berry\n|move|p1b: Palafin|Haze|p1b: Palafin\n|-clearallboost\n|move|p1a: Amoonguss|Pollen Puff|p1b: Palafin\n|-heal|p1b: Palafin|99\/100 brn\n|\n|-damage|p1b: Palafin|94\/100 brn|[from] brn\n|upkeep\n|turn|7\n|\n|t:|1682616573\n|switch|p2a: Murkrow|Murkrow, L50, F|90\/100\n|move|p1b: Palafin|Jet Punch|p2b: Arcanine\n|-supereffective|p2b: Arcanine\n|-damage|p2b: Arcanine|0 fnt\n|faint|p2b: Arcanine\n|move|p1a: Amoonguss|Spore|p2a: Murkrow\n|-status|p2a: Murkrow|slp|[from] move: Spore\n|\n|-damage|p1b: Palafin|88\/100 brn|[from] brn\n|upkeep\n|\n|t:|1682616581\n|switch|p2b: Palafin|Palafin-Hero, L50, M|75\/100\n|turn|8\n|\n|t:|1682616595\n|move|p2b: Palafin|Protect|p2b: Palafin\n|-singleturn|p2b: Palafin|Protect\n|move|p1b: Palafin|Jet Punch|p2a: Murkrow\n|-damage|p2a: Murkrow|43\/100 slp\n|cant|p2a: Murkrow|slp\n|move|p1a: Amoonguss|Spore|p2b: Palafin\n|-activate|p2b: Palafin|move: Protect\n|\n|-damage|p1b: Palafin|82\/100 brn|[from] brn\n|upkeep\n|turn|9\n|\n|t:|1682616612\n|move|p1b: Palafin|Jet Punch|p2a: Murkrow\n|-crit|p2a: Murkrow\n|-damage|p2a: Murkrow|0 fnt\n|faint|p2a: Murkrow\n|move|p2b: Palafin|Iron Head|p1a: Amoonguss\n|-damage|p1a: Amoonguss|31\/100\n|move|p1a: Amoonguss|Spore|p2b: Palafin\n|-status|p2b: Palafin|slp|[from] move: Spore\n|\n|-damage|p1b: Palafin|76\/100 brn|[from] brn\n|upkeep\n|\n|t:|1682616619\n|switch|p2a: Kingambit|Kingambit, L50, M|100\/100\n|turn|10\n|\n|t:|1682616635\n|switch|p1a: Flutter Mane|Flutter Mane, L50|100\/100 par\n|move|p2a: Kingambit|Protect|p2a: Kingambit\n|-singleturn|p2a: Kingambit|Protect\n|cant|p2b: Palafin|slp\n|move|p1b: Palafin|Wave Crash|p2b: Palafin\n|-resisted|p2b: Palafin\n|-damage|p2b: Palafin|52\/100 slp\n|-damage|p1b: Palafin|70\/100 brn|[from] Recoil\n|\n|-damage|p1b: Palafin|64\/100 brn|[from] brn\n|upkeep\n|turn|11\n|inactive|ahhazu has 30 seconds left.\n|\n|t:|1682616662\n|-terastallize|p1a: Flutter Mane|Steel\n|move|p2a: Kingambit|Protect||[still]\n|-fail|p2a: Kingambit\n|cant|p2b: Palafin|slp\n|move|p1b: Palafin|Wave Crash|p2b: Palafin\n|-resisted|p2b: Palafin\n|-damage|p2b: Palafin|27\/100 slp\n|-damage|p1b: Palafin|57\/100 brn|[from] Recoil\n|move|p1a: Flutter Mane|Moonblast|p2b: Palafin\n|-damage|p2b: Palafin|0 fnt\n|faint|p2b: Palafin\n|\n|-damage|p1b: Palafin|51\/100 brn|[from] brn\n|upkeep\n|turn|12\n|\n|t:|1682616681\n|switch|p1b: Amoonguss|Amoonguss, L50, F|64\/100\n|move|p1a: Flutter Mane|Moonblast|p2a: Kingambit\n|-damage|p2a: Kingambit|40\/100\n|move|p2a: Kingambit|Kowtow Cleave|p1b: Amoonguss\n|-damage|p1b: Amoonguss|19\/100\n|\n|upkeep\n|turn|13\n|\n|t:|1682616691\n|move|p2a: Kingambit|Protect|p2a: Kingambit\n|-singleturn|p2a: Kingambit|Protect\n|move|p1a: Flutter Mane|Moonblast|p2a: Kingambit\n|-activate|p2a: Kingambit|move: Protect\n|move|p1b: Amoonguss|Spore|p2a: Kingambit\n|-activate|p2a: Kingambit|move: Protect\n|\n|upkeep\n|turn|14\n|\n|t:|1682616701\n|-terastallize|p2a: Kingambit|Fire\n|move|p1a: Flutter Mane|Moonblast|p2a: Kingambit\n|-resisted|p2a: Kingambit\n|-damage|p2a: Kingambit|6\/100\n|move|p2a: Kingambit|Kowtow Cleave|p1b: Amoonguss\n|-damage|p1b: Amoonguss|0 fnt\n|faint|p1b: Amoonguss\n|\n|upkeep\n|\n|t:|1682616708\n|switch|p1b: Palafin|Palafin-Hero, L50, F|51\/100 brn\n|turn|15\n|\n|t:|1682616711\n|move|p1b: Palafin|Jet Punch|p2a: Kingambit\n|-supereffective|p2a: Kingambit\n|-damage|p2a: Kingambit|0 fnt\n|faint|p2a: Kingambit\n|\n|win|ahhazu\n|raw|ahhazu's rating: 1069 → 1098<\/strong> (+29 for winning)\n|raw|CavaleiroTeutao's rating: 1061 → 1042<\/strong> (-19 for losing)\n|l|\u2606CavaleiroTeutao\n","uploadtime":1682616720,"views":6,"p1id":"ahhazu","p2id":"cavaleiroteutao","formatid":"gen9vgc2023regulationc","rating":1042,"private":0,"password":""}