{"id":"gen9vgc2023regulationc-1848273472","p1":"kobietdattengi","p2":"NecasInTrouble","format":"[Gen 9] VGC 2023 Regulation C","log":"|j|\u2606kobietdattengi\n|j|\u2606NecasInTrouble\n|t:|1682051653\n|gametype|doubles\n|player|p1|kobietdattengi|preschooler|1293\n|player|p2|NecasInTrouble|harlequin|1209\n|teamsize|p1|6\n|teamsize|p2|6\n|gen|9\n|tier|[Gen 9] VGC 2023 Regulation C\n|rated|\n|rule|Species Clause: Limit one of each Pok\u00e9mon\n|rule|Item Clause: Limit one of each item\n|clearpoke\n|poke|p1|Torkoal, L50, F|\n|poke|p1|Jumpluff, L50, F|\n|poke|p1|Chien-Pao, L50|\n|poke|p1|Kingambit, L50, M|\n|poke|p1|Great Tusk, L50|\n|poke|p1|Flutter Mane, L50|\n|poke|p2|Palafin, L50, F|\n|poke|p2|Dragapult, L50, M|\n|poke|p2|Chien-Pao, L50|\n|poke|p2|Arcanine, L50, F|\n|poke|p2|Amoonguss, L50, F|\n|poke|p2|Flutter Mane, L50|\n|teampreview|4\n|inactive|Battle timer is ON: inactive players will automatically lose when time's up. (requested by kobietdattengi)\n|\n|t:|1682051710\n|start\n|switch|p1a: Flutter Mane|Flutter Mane, L50|100\/100\n|switch|p1b: Kingambit|Kingambit, L50, M|100\/100\n|switch|p2a: Dragapult|Dragapult, L50, M|100\/100\n|switch|p2b: Palafin|Palafin, L50, F|100\/100\n|turn|1\n|inactive|NecasInTrouble has 30 seconds left.\n|\n|t:|1682051737\n|detailschange|p2b: Palafin|Palafin-Hero, L50, F\n|switch|p2b: Flutter Mane|Flutter Mane, L50|100\/100\n|-enditem|p2b: Flutter Mane|Booster Energy\n|-activate|p2b: Flutter Mane|ability: Protosynthesis|[fromitem]\n|-start|p2b: Flutter Mane|protosynthesisspa\n|-terastallize|p2a: Dragapult|Steel\n|-terastallize|p1a: Flutter Mane|Fairy\n|move|p2a: Dragapult|Tera Blast|p1a: Flutter Mane\n|-supereffective|p1a: Flutter Mane\n|-damage|p1a: Flutter Mane|0 fnt\n|faint|p1a: Flutter Mane\n|-end|p1a: Flutter Mane|Protosynthesis|[silent]\n|move|p1b: Kingambit|Kowtow Cleave|p2a: Dragapult\n|-damage|p2a: Dragapult|36\/100\n|\n|upkeep\n|inactive|kobietdattengi has 30 seconds left.\n|\n|t:|1682051769\n|switch|p1a: Chien-Pao|Chien-Pao, L50|100\/100\n|-ability|p1a: Chien-Pao|Sword of Ruin\n|turn|2\n|j| drewqq\n|c| drewqq|get fucked loser\n|c| drewqq|shitty kobie\n|l| drewqq\n|inactive|NecasInTrouble has 30 seconds left.\n|inactive|NecasInTrouble has 20 seconds left.\n|\n|t:|1682051805\n|switch|p2a: Palafin|Palafin-Hero, L50, F|100\/100\n|-activate|p2a: Palafin|ability: Zero to Hero\n|move|p1a: Chien-Pao|Sucker Punch||[still]\n|-fail|p1a: Chien-Pao\n|move|p1b: Kingambit|Sucker Punch|p2b: Flutter Mane\n|-damage|p2b: Flutter Mane|21\/100\n|move|p2b: Flutter Mane|Dazzling Gleam|p1a: Chien-Pao|[spread] p1a,p1b\n|-supereffective|p1a: Chien-Pao\n|-enditem|p1a: Chien-Pao|Focus Sash\n|-damage|p1a: Chien-Pao|1\/100\n|-damage|p1b: Kingambit|75\/100\n|\n|upkeep\n|turn|3\n|\n|t:|1682051825\n|move|p2b: Flutter Mane|Protect|p2b: Flutter Mane\n|-singleturn|p2b: Flutter Mane|Protect\n|move|p1a: Chien-Pao|Sucker Punch|p2a: Palafin\n|-damage|p2a: Palafin|60\/100\n|move|p2a: Palafin|Jet Punch|p1a: Chien-Pao\n|-damage|p1a: Chien-Pao|0 fnt\n|faint|p1a: Chien-Pao\n|move|p1b: Kingambit|Sucker Punch||[still]\n|-fail|p1b: Kingambit\n|\n|upkeep\n|\n|t:|1682051840\n|switch|p1a: Great Tusk|Great Tusk, L50|100\/100\n|turn|4\n|inactive|NecasInTrouble has 30 seconds left.\n|inactive|NecasInTrouble has 20 seconds left.\n|\n|t:|1682051876\n|move|p2a: Palafin|Jet Punch|p1a: Great Tusk\n|-supereffective|p1a: Great Tusk\n|-damage|p1a: Great Tusk|31\/100\n|move|p1b: Kingambit|Sucker Punch|p2b: Flutter Mane\n|-damage|p2b: Flutter Mane|0 fnt\n|faint|p2b: Flutter Mane\n|-end|p2b: Flutter Mane|Protosynthesis|[silent]\n|move|p1a: Great Tusk|Headlong Rush|p2a: Palafin\n|-damage|p2a: Palafin|7\/100\n|-unboost|p1a: Great Tusk|def|1\n|-unboost|p1a: Great Tusk|spd|1\n|\n|upkeep\n|\n|t:|1682051900\n|switch|p2b: Arcanine|Arcanine, L50, F|100\/100\n|-ability|p2b: Arcanine|Intimidate|boost\n|-unboost|p1a: Great Tusk|atk|1\n|-unboost|p1b: Kingambit|atk|1\n|-ability|p1b: Kingambit|Defiant|boost\n|-boost|p1b: Kingambit|atk|2\n|turn|5\n|\n|t:|1682051919\n|move|p2a: Palafin|Jet Punch|p1a: Great Tusk\n|-supereffective|p1a: Great Tusk\n|-damage|p1a: Great Tusk|0 fnt\n|faint|p1a: Great Tusk\n|-end|p1a: Great Tusk|Protosynthesis|[silent]\n|move|p2b: Arcanine|Flare Blitz|p1b: Kingambit\n|-supereffective|p1b: Kingambit\n|-damage|p1b: Kingambit|2\/100\n|-damage|p2b: Arcanine|75\/100|[from] Recoil\n|move|p1b: Kingambit|Kowtow Cleave|p2a: Palafin\n|-damage|p2a: Palafin|0 fnt\n|faint|p2a: Palafin\n|\n|upkeep\n|\n|t:|1682051927\n|switch|p2a: Dragapult|Dragapult, L50, M, tera:Steel|36\/100\n|turn|6\n|\n|t:|1682051940\n|move|p2b: Arcanine|Extreme Speed|p1b: Kingambit\n|-resisted|p1b: Kingambit\n|-damage|p1b: Kingambit|0 fnt\n|faint|p1b: Kingambit\n|\n|win|NecasInTrouble\n|raw|kobietdattengi's rating: 1293 → 1262<\/strong> (-31 for losing)\n|raw|NecasInTrouble's rating: 1209 → 1240<\/strong> (+31 for winning)\n","uploadtime":1682051776,"views":12,"p1id":"kobietdattengi","p2id":"necasintrouble","formatid":"gen9vgc2023regulationc","rating":1240,"private":0,"password":""}