{"id":"gen9vgc2023regulationc-1845945092","p1":"darlingtonia","p2":"Krys125","format":"[Gen 9] VGC 2023 Regulation C","log":"|j|\u2606darlingtonia\n|j|\u2606Krys125\n|t:|1681782290\n|gametype|doubles\n|player|p1|darlingtonia|proton|1100\n|player|p2|Krys125|265|1000\n|teamsize|p1|6\n|teamsize|p2|6\n|gen|9\n|tier|[Gen 9] VGC 2023 Regulation C\n|rated|\n|rule|Species Clause: Limit one of each Pok\u00e9mon\n|rule|Item Clause: Limit one of each item\n|clearpoke\n|poke|p1|Chi-Yu, L50|\n|poke|p1|Palafin, L50, M|\n|poke|p1|Amoonguss, L50, M|\n|poke|p1|Glimmora, L50, M|\n|poke|p1|Flutter Mane, L50|\n|poke|p1|Dragonite, L50, F|\n|poke|p2|Oricorio-Pom-Pom, L50, F|\n|poke|p2|Grimmsnarl, L50, M|\n|poke|p2|Volcarona, L50, M|\n|poke|p2|Garganacl, L50, M|\n|poke|p2|Baxcalibur, L50, F|\n|poke|p2|Dragonite, L50, F|\n|teampreview|4\nKrys125 rejected open team sheets.\n|\n|t:|1681782318\n|start\n|switch|p1a: Chi-Yu|Chi-Yu, L50|100\/100\n|switch|p1b: Palafin|Palafin, L50, M|100\/100\n|switch|p2a: Grimmsnarl|Grimmsnarl, L50, M|100\/100\n|switch|p2b: Volcarona|Volcarona, L50, M|100\/100\n|-ability|p1a: Chi-Yu|Beads of Ruin\n|turn|1\n|\n|t:|1681782353\n|detailschange|p1b: Palafin|Palafin-Hero, L50, M\n|switch|p1b: Dragonite|Dragonite, L50, F|100\/100\n|-terastallize|p2b: Volcarona|Grass\n|move|p2a: Grimmsnarl|Light Screen|p2a: Grimmsnarl\n|-sidestart|p2: Krys125|move: Light Screen\n|move|p1a: Chi-Yu|Snarl|p2a: Grimmsnarl|[spread] p2a,p2b\n|-resisted|p2a: Grimmsnarl\n|-damage|p2a: Grimmsnarl|96\/100\n|-damage|p2b: Volcarona|79\/100\n|-unboost|p2a: Grimmsnarl|spa|1\n|-unboost|p2b: Volcarona|spa|1\n|move|p2b: Volcarona|Quiver Dance|p2b: Volcarona\n|-boost|p2b: Volcarona|spa|1\n|-boost|p2b: Volcarona|spd|1\n|-boost|p2b: Volcarona|spe|1\n|\n|upkeep\n|turn|2\n|\n|t:|1681782378\n|move|p1b: Dragonite|Extreme Speed|p2b: Volcarona\n|-damage|p2b: Volcarona|10\/100\n|move|p2a: Grimmsnarl|Parting Shot|p1b: Dragonite\n|-unboost|p1b: Dragonite|atk|1\n|-unboost|p1b: Dragonite|spa|1\n|\n|t:|1681782384\n|switch|p2a: Oricorio|Oricorio-Pom-Pom, L50, F|100\/100|[from] Parting Shot\n|move|p2b: Volcarona|Quiver Dance|p2b: Volcarona\n|-boost|p2b: Volcarona|spa|1\n|-boost|p2b: Volcarona|spd|1\n|-boost|p2b: Volcarona|spe|1\n|-activate|p2a: Oricorio|ability: Dancer\n|move|p2a: Oricorio|Quiver Dance|p2a: Oricorio|[from]ability: Dancer\n|-boost|p2a: Oricorio|spa|1\n|-boost|p2a: Oricorio|spd|1\n|-boost|p2a: Oricorio|spe|1\n|move|p1a: Chi-Yu|Overheat|p2b: Volcarona|[miss]\n|-miss|p1a: Chi-Yu|p2b: Volcarona\n|\n|upkeep\n|turn|3\n|\n|t:|1681782400\n|move|p1b: Dragonite|Extreme Speed|p2b: Volcarona\n|-crit|p2b: Volcarona\n|-damage|p2b: Volcarona|0 fnt\n|-status|p1b: Dragonite|brn|[from] ability: Flame Body|[of] p2b: Volcarona\n|faint|p2b: Volcarona\n|move|p2a: Oricorio|Icy Wind|p1b: Dragonite|[spread] p1a,p1b\n|-resisted|p1a: Chi-Yu\n|-supereffective|p1b: Dragonite\n|-damage|p1a: Chi-Yu|94\/100\n|-damage|p1b: Dragonite|7\/100 brn\n|-unboost|p1a: Chi-Yu|spe|1\n|-unboost|p1b: Dragonite|spe|1\n|move|p1a: Chi-Yu|Snarl|p2a: Oricorio\n|-damage|p2a: Oricorio|71\/100\n|-unboost|p2a: Oricorio|spa|1\n|\n|-heal|p2a: Oricorio|77\/100|[from] item: Leftovers\n|-damage|p1b: Dragonite|2\/100 brn|[from] brn\n|upkeep\n|\n|t:|1681782415\n|switch|p2b: Grimmsnarl|Grimmsnarl, L50, M|96\/100\n|turn|4\n|\n|t:|1681782431\n|move|p1b: Dragonite|Extreme Speed|p2a: Oricorio\n|-damage|p2a: Oricorio|55\/100\n|move|p2b: Grimmsnarl|Reflect|p2b: Grimmsnarl\n|-sidestart|p2: Krys125|Reflect\n|move|p2a: Oricorio|Air Slash|p1a: Chi-Yu\n|-damage|p1a: Chi-Yu|66\/100\n|move|p1a: Chi-Yu|Snarl|p2a: Oricorio|[spread] p2a,p2b\n|-resisted|p2b: Grimmsnarl\n|-damage|p2a: Oricorio|32\/100\n|-damage|p2b: Grimmsnarl|92\/100\n|-unboost|p2a: Oricorio|spa|1\n|-unboost|p2b: Grimmsnarl|spa|1\n|\n|-heal|p2a: Oricorio|38\/100|[from] item: Leftovers\n|-damage|p1b: Dragonite|0 fnt|[from] brn\n|faint|p1b: Dragonite\n|upkeep\n|\n|t:|1681782448\n|switch|p1b: Glimmora|Glimmora, L50, M|100\/100\n|turn|5\n|\n|t:|1681782466\n|move|p2a: Oricorio|Protect|p2a: Oricorio\n|-singleturn|p2a: Oricorio|Protect\n|move|p2b: Grimmsnarl|Parting Shot|p1a: Chi-Yu\n|-hint|Since gen 7, Dark is immune to Prankster moves.\n|-immune|p1a: Chi-Yu\n|move|p1b: Glimmora|Sludge Bomb|p2b: Grimmsnarl\n|-supereffective|p2b: Grimmsnarl\n|-damage|p2b: Grimmsnarl|24\/100\n|-status|p2b: Grimmsnarl|psn\n|move|p1a: Chi-Yu|Snarl|p2b: Grimmsnarl|[spread] p2b\n|-activate|p2a: Oricorio|move: Protect\n|-resisted|p2b: Grimmsnarl\n|-damage|p2b: Grimmsnarl|20\/100 psn\n|-unboost|p2b: Grimmsnarl|spa|1\n|\n|-heal|p2a: Oricorio|44\/100|[from] item: Leftovers\n|-damage|p2b: Grimmsnarl|7\/100 psn|[from] psn\n|upkeep\n|turn|6\n|\n|t:|1681782487\n|move|p2b: Grimmsnarl|Parting Shot|p1b: Glimmora\n|-unboost|p1b: Glimmora|atk|1\n|-unboost|p1b: Glimmora|spa|1\n|\n|t:|1681782491\n|switch|p2b: Garganacl|Garganacl, L50, M|100\/100|[from] Parting Shot\n|move|p2a: Oricorio|Icy Wind|p1a: Chi-Yu|[spread] p1a,p1b\n|-resisted|p1a: Chi-Yu\n|-damage|p1a: Chi-Yu|63\/100\n|-damage|p1b: Glimmora|87\/100\n|-unboost|p1a: Chi-Yu|spe|1\n|-unboost|p1b: Glimmora|spe|1\n|move|p1b: Glimmora|Power Gem|p2a: Oricorio\n|-supereffective|p2a: Oricorio\n|-damage|p2a: Oricorio|0 fnt\n|faint|p2a: Oricorio\n|move|p1a: Chi-Yu|Snarl|p2b: Garganacl\n|-damage|p2b: Garganacl|82\/100\n|-unboost|p2b: Garganacl|spa|1\n|\n|upkeep\n|\n|t:|1681782496\n|switch|p2a: Grimmsnarl|Grimmsnarl, L50, M|7\/100 psn\n|turn|7\n|\n|t:|1681782514\n|move|p1b: Glimmora|Earth Power|p2b: Garganacl\n|-supereffective|p2b: Garganacl\n|-damage|p2b: Garganacl|55\/100\n|move|p2a: Grimmsnarl|Spirit Break|p1a: Chi-Yu\n|-damage|p1a: Chi-Yu|15\/100\n|-unboost|p1a: Chi-Yu|spa|1\n|move|p1a: Chi-Yu|Dark Pulse|p2b: Garganacl\n|-damage|p2b: Garganacl|35\/100\n|move|p2b: Garganacl|Body Press|p1b: Glimmora\n|-damage|p1b: Glimmora|56\/100\n|-activate|p1b: Glimmora|ability: Toxic Debris\n|-sidestart|p2: Krys125|move: Toxic Spikes\n|\n|-damage|p2a: Grimmsnarl|0 fnt|[from] psn\n|faint|p2a: Grimmsnarl\n|upkeep\n|turn|8\n|\n|t:|1681782536\n|move|p1b: Glimmora|Earth Power|p2b: Garganacl\n|-supereffective|p2b: Garganacl\n|-damage|p2b: Garganacl|8\/100\n|move|p1a: Chi-Yu|Dark Pulse|p2b: Garganacl\n|-damage|p2b: Garganacl|0 fnt\n|faint|p2b: Garganacl\n|\n|win|darlingtonia\n|raw|darlingtonia's rating: 1100 → 1118<\/strong> (+18 for winning)\n|raw|Krys125's rating: 1000 → 1000<\/strong> (+0 for losing)\n|l|\u2606Krys125\n|c|\u2606darlingtonia|gg\n","uploadtime":1681782546,"views":8,"p1id":"darlingtonia","p2id":"krys125","formatid":"gen9vgc2023regulationc","rating":1000,"private":0,"password":""}