{"id":"gen9vgc2023regulationc-1857063132","p1":"ContessaZia","p2":"Laurentiius","format":"[Gen 9] VGC 2023 Regulation C","log":"|j|\u2606ContessaZia\n|j|\u2606Laurentiius\n|t:|1683142176\n|gametype|doubles\n|player|p1|ContessaZia|acetrainerf-gen4dp|\n|player|p2|Laurentiius|101|\n|teamsize|p1|6\n|teamsize|p2|6\n|gen|9\n|tier|[Gen 9] VGC 2023 Regulation C\n|rule|Species Clause: Limit one of each Pok\u00e9mon\n|rule|Item Clause: Limit one of each item\n|clearpoke\n|poke|p1|Torkoal, L50, M|\n|poke|p1|Jumpluff, L50, M|\n|poke|p1|Walking Wake, L50|\n|poke|p1|Great Tusk, L50|\n|poke|p1|Murkrow, L50, M|\n|poke|p1|Mimikyu, L50, M|\n|poke|p2|Dragonite, L50, M|\n|poke|p2|Pelipper, L50, M|\n|poke|p2|Dondozo, L50, M|\n|poke|p2|Tatsugiri, L50, M|\n|poke|p2|Palafin, L50, F|\n|poke|p2|Kingambit, L50, M|\n|teampreview|4\nLaurentiius has agreed to open team sheets.\nContessaZia has agreed to open team sheets.\n|\n|t:|1683142328\n|start\n|switch|p1a: Great Tusk|Great Tusk, L50|100\/100\n|switch|p1b: Torkoal|Torkoal, L50, M|100\/100\n|switch|p2a: Palafin|Palafin, L50, F|100\/100\n|switch|p2b: Kingambit|Kingambit, L50, M|100\/100\n|-weather|SunnyDay|[from] ability: Drought|[of] p1b: Torkoal\n|-activate|p1a: Great Tusk|ability: Protosynthesis\n|-start|p1a: Great Tusk|protosynthesisatk\n|turn|1\n|\n|t:|1683142371\n|switch|p2b: Pelipper|Pelipper, L50, M|100\/100\n|-weather|RainDance|[from] ability: Drizzle|[of] p2b: Pelipper\n|-end|p1a: Great Tusk|Protosynthesis\n|move|p1a: Great Tusk|Rock Slide|p2a: Palafin|[spread] p2a,p2b\n|-supereffective|p2b: Pelipper\n|-damage|p2a: Palafin|76\/100\n|-damage|p2b: Pelipper|52\/100\n|move|p2a: Palafin|Flip Turn|p1a: Great Tusk\n|-supereffective|p1a: Great Tusk\n|-damage|p1a: Great Tusk|41\/100\n|\n|t:|1683142388\n|detailschange|p2a: Palafin|Palafin-Hero, L50, F\n|switch|p2a: Kingambit|Kingambit, L50, M|100\/100|[from] Flip Turn\n|move|p1b: Torkoal|Overheat|p2a: Kingambit\n|-supereffective|p2a: Kingambit\n|-damage|p2a: Kingambit|76\/100\n|-unboost|p1b: Torkoal|spa|2\n|-enditem|p1b: Torkoal|Eject Pack\n|\n|t:|1683142408\n|switch|p1b: Jumpluff|Jumpluff, L50, M, shiny|100\/100\n|\n|-weather|RainDance|[upkeep]\n|upkeep\n|turn|2\n|\n|t:|1683142434\n|-end|p1a: Great Tusk|Protosynthesis|[silent]\n|switch|p1a: Walking Wake|Walking Wake, L50|100\/100\n|-terastallize|p2a: Kingambit|Flying\n|move|p1b: Jumpluff|Tailwind|p1b: Jumpluff\n|-sidestart|p1: ContessaZia|move: Tailwind\n|move|p2b: Pelipper|Hurricane|p1b: Jumpluff\n|-supereffective|p1b: Jumpluff\n|-damage|p1b: Jumpluff|13\/100\n|move|p2a: Kingambit|Tera Blast|p1a: Walking Wake\n|-damage|p1a: Walking Wake|54\/100\n|\n|-weather|RainDance|[upkeep]\n|upkeep\n|turn|3\n|\n|t:|1683142478\n|move|p1b: Jumpluff|Sleep Powder|p2a: Kingambit\n|-status|p2a: Kingambit|slp|[from] move: Sleep Powder\n|move|p1a: Walking Wake|Hurricane|p2b: Pelipper\n|-damage|p2b: Pelipper|0 fnt\n|faint|p2b: Pelipper\n|cant|p2a: Kingambit|slp\n|\n|-weather|RainDance|[upkeep]\n|upkeep\n|\n|t:|1683142488\n|switch|p2b: Dragonite|Dragonite, L50, M|100\/100\n|turn|4\n|\n|t:|1683142510\n|move|p1b: Jumpluff|Sleep Powder|p2b: Dragonite\n|-status|p2b: Dragonite|slp|[from] move: Sleep Powder\n|move|p1a: Walking Wake|Hurricane|p2b: Dragonite\n|-damage|p2b: Dragonite|84\/100 slp\n|-start|p2b: Dragonite|confusion\n|cant|p2b: Dragonite|slp\n|cant|p2a: Kingambit|slp\n|\n|-weather|RainDance|[upkeep]\n|upkeep\n|turn|5\n|\n|t:|1683142536\n|move|p1b: Jumpluff|Encore|p2a: Kingambit\n|-start|p2a: Kingambit|Encore\n|move|p1a: Walking Wake|Draco Meteor|p2b: Dragonite\n|-supereffective|p2b: Dragonite\n|-damage|p2b: Dragonite|0 fnt\n|-unboost|p1a: Walking Wake|spa|2\n|faint|p2b: Dragonite\n|-curestatus|p2a: Kingambit|slp|[msg]\n|move|p2a: Kingambit|Tera Blast|p1a: Walking Wake\n|-damage|p1a: Walking Wake|4\/100\n|\n|-weather|RainDance|[upkeep]\n|-sideend|p1: ContessaZia|move: Tailwind\n|upkeep\n|\n|t:|1683142549\n|switch|p2b: Palafin|Palafin-Hero, L50, F|76\/100\n|-activate|p2b: Palafin|ability: Zero to Hero\n|turn|6\n|\n|t:|1683142572\n|-end|p1a: Walking Wake|Protosynthesis|[silent]\n|switch|p1a: Torkoal|Torkoal, L50, M|100\/100\n|-weather|SunnyDay|[from] ability: Drought|[of] p1a: Torkoal\n|move|p2b: Palafin|Jet Punch|p1a: Torkoal\n|-supereffective|p1a: Torkoal\n|-damage|p1a: Torkoal|65\/100\n|move|p1b: Jumpluff|Tailwind|p1b: Jumpluff\n|-sidestart|p1: ContessaZia|move: Tailwind\n|move|p2a: Kingambit|Tera Blast|p1b: Jumpluff\n|-supereffective|p1b: Jumpluff\n|-damage|p1b: Jumpluff|0 fnt\n|faint|p1b: Jumpluff\n|\n|-weather|SunnyDay|[upkeep]\n|upkeep\n|\n|t:|1683142589\n|switch|p1b: Great Tusk|Great Tusk, L50|41\/100\n|-activate|p1b: Great Tusk|ability: Protosynthesis\n|-start|p1b: Great Tusk|protosynthesisatk\n|turn|7\n|\n|t:|1683142604\n|-terastallize|p1b: Great Tusk|Grass\n|move|p1b: Great Tusk|Rock Slide|p2b: Palafin|[spread] p2a,p2b\n|-supereffective|p2a: Kingambit\n|-damage|p2a: Kingambit|40\/100\n|-damage|p2b: Palafin|51\/100\n|move|p2b: Palafin|Wave Crash|p1a: Torkoal\n|-supereffective|p1a: Torkoal\n|-damage|p1a: Torkoal|0 fnt\n|faint|p1a: Torkoal\n|-damage|p2b: Palafin|29\/100|[from] Recoil\n|move|p2a: Kingambit|Tera Blast|p1b: Great Tusk\n|-supereffective|p1b: Great Tusk\n|-damage|p1b: Great Tusk|0 fnt\n|faint|p1b: Great Tusk\n|-end|p1b: Great Tusk|Protosynthesis|[silent]\n|\n|-weather|SunnyDay|[upkeep]\n|-end|p2a: Kingambit|Encore\n|upkeep\n|\n|t:|1683142619\n|switch|p1b: Walking Wake|Walking Wake, L50|4\/100\n|-activate|p1b: Walking Wake|ability: Protosynthesis\n|-start|p1b: Walking Wake|protosynthesisspa\n|turn|8\n|\n|t:|1683142629\n|move|p2b: Palafin|Jet Punch|p1b: Walking Wake\n|-resisted|p1b: Walking Wake\n|-damage|p1b: Walking Wake|0 fnt\n|faint|p1b: Walking Wake\n|-end|p1b: Walking Wake|Protosynthesis|[silent]\n|\n|win|Laurentiius\n","uploadtime":1683142638,"views":10,"p1id":"contessazia","p2id":"laurentiius","formatid":"gen9vgc2023regulationc","rating":0,"private":0,"password":""}