{"id":"gen9vgc2023regulationc-1858763410","p1":"Kelenar","p2":"Atrix MJ","format":"[Gen 9] VGC 2023 Regulation C","log":"|j|\u2606Kelenar\n|j|\u2606Atrix MJ\n|t:|1683356147\n|gametype|doubles\n|player|p1|Kelenar|benga|1365\n|player|p2|Atrix MJ|adaman|1441\n|teamsize|p1|6\n|teamsize|p2|6\n|gen|9\n|tier|[Gen 9] VGC 2023 Regulation C\n|rated|\n|rule|Species Clause: Limit one of each Pok\u00e9mon\n|rule|Item Clause: Limit one of each item\n|clearpoke\n|poke|p1|Iron Bundle, L50|\n|poke|p1|Abomasnow, L50, M|\n|poke|p1|Baxcalibur, L50, F|\n|poke|p1|Chi-Yu, L50|\n|poke|p1|Iron Hands, L50|\n|poke|p1|Annihilape, L50, M|\n|poke|p2|Chi-Yu, L50|\n|poke|p2|Amoonguss, L50, M|\n|poke|p2|Azumarill, L50, M|\n|poke|p2|Arcanine, L50, F|\n|poke|p2|Flutter Mane, L50|\n|poke|p2|Gothitelle, L50, M|\n|teampreview|4\nAtrix MJ has agreed to open team sheets.\n|inactive|Battle timer is ON: inactive players will automatically lose when time's up. (requested by Atrix MJ)\n|inactive|Kelenar has 60 seconds left.\n|inactive|Atrix MJ has 60 seconds left.\n|\n|t:|1683356203\n|start\n|switch|p1a: Abomasnow|Abomasnow, L50, M|100\/100\n|switch|p1b: Annihilape|Annihilape, L50, M|100\/100\n|switch|p2a: Flutter Mane|Flutter Mane, L50|100\/100\n|switch|p2b: Chi-Yu|Chi-Yu, L50|100\/100\n|-ability|p2b: Chi-Yu|Beads of Ruin\n|-weather|Snow|[from] ability: Snow Warning|[of] p1a: Abomasnow\n|turn|1\n|inactive|Kelenar has 30 seconds left.\n|\n|t:|1683356231\n|switch|p2b: Gothitelle|Gothitelle, L50, M|100\/100\n|-terastallize|p1a: Abomasnow|Water\n|move|p1b: Annihilape|Protect|p1b: Annihilape\n|-singleturn|p1b: Annihilape|Protect\n|move|p2a: Flutter Mane|Perish Song|p2a: Flutter Mane\n|-start|p1a: Abomasnow|perish3|[silent]\n|-start|p1b: Annihilape|perish3|[silent]\n|-start|p2a: Flutter Mane|perish3|[silent]\n|-start|p2b: Gothitelle|perish3|[silent]\n|-fieldactivate|move: Perish Song\n|move|p1a: Abomasnow|Aurora Veil|p1a: Abomasnow\n|-sidestart|p1: Kelenar|move: Aurora Veil\n|\n|-weather|Snow|[upkeep]\n|-start|p2a: Flutter Mane|perish3\n|-start|p1b: Annihilape|perish3\n|-start|p2b: Gothitelle|perish3\n|-start|p1a: Abomasnow|perish3\n|upkeep\n|turn|2\n|inactive|Kelenar has 30 seconds left.\n|\n|t:|1683356266\n|switch|p1b: Iron Hands|Iron Hands, L50|100\/100\n|move|p2a: Flutter Mane|Protect|p2a: Flutter Mane\n|-singleturn|p2a: Flutter Mane|Protect\n|move|p2b: Gothitelle|Fake Out|p1a: Abomasnow\n|-damage|p1a: Abomasnow|97\/100\n|cant|p1a: Abomasnow|flinch\n|\n|-weather|Snow|[upkeep]\n|-start|p2a: Flutter Mane|perish2\n|-start|p2b: Gothitelle|perish2\n|-start|p1a: Abomasnow|perish2\n|upkeep\n|turn|3\n|inactive|Kelenar has 30 seconds left.\n|inactive|Atrix MJ has 30 seconds left.\n|inactive|Atrix MJ has 20 seconds left.\n|inactive|Atrix MJ has 15 seconds left.\n|inactive|Atrix MJ has 10 seconds left.\n|\n|t:|1683356314\n|move|p2b: Gothitelle|Protect|p2b: Gothitelle\n|-singleturn|p2b: Gothitelle|Protect\n|move|p1b: Iron Hands|Fake Out|p2b: Gothitelle\n|-activate|p2b: Gothitelle|move: Protect\n|move|p2a: Flutter Mane|Perish Song|p2a: Flutter Mane\n|-start|p1b: Iron Hands|perish3|[silent]\n|-fieldactivate|move: Perish Song\n|move|p1a: Abomasnow|Wood Hammer|p2a: Flutter Mane\n|-enditem|p2a: Flutter Mane|Focus Sash\n|-damage|p2a: Flutter Mane|1\/100\n|-damage|p1a: Abomasnow|73\/100|[from] Recoil\n|\n|-weather|Snow|[upkeep]\n|-start|p2a: Flutter Mane|perish1\n|-start|p2b: Gothitelle|perish1\n|-start|p1a: Abomasnow|perish1\n|-start|p1b: Iron Hands|perish3\n|upkeep\n|turn|4\n|inactive|Kelenar has 30 seconds left.\n|inactive|Atrix MJ has 30 seconds left.\n|inactive|Atrix MJ has 20 seconds left.\n|inactive|Atrix MJ has 15 seconds left.\n|\n|t:|1683356359\n|switch|p2b: Chi-Yu|Chi-Yu, L50|100\/100\n|-ability|p2b: Chi-Yu|Beads of Ruin\n|move|p1a: Abomasnow|Ice Shard|p2a: Flutter Mane\n|-damage|p2a: Flutter Mane|0 fnt\n|faint|p2a: Flutter Mane\n|-end|p2a: Flutter Mane|Protosynthesis|[silent]\n|move|p1b: Iron Hands|Wild Charge|p2b: Chi-Yu\n|-damage|p2b: Chi-Yu|43\/100\n|-damage|p1b: Iron Hands|90\/100|[from] Recoil\n|\n|-weather|Snow|[upkeep]\n|-heal|p2b: Chi-Yu|49\/100|[from] item: Leftovers\n|-start|p1a: Abomasnow|perish0\n|-start|p1b: Iron Hands|perish2\n|faint|p1a: Abomasnow\n|upkeep\n|\n|t:|1683356377\n|switch|p2a: Gothitelle|Gothitelle, L50, M|100\/100\n|switch|p1a: Annihilape|Annihilape, L50, M|100\/100\n|turn|5\n|inactive|Atrix MJ has 30 seconds left.\n|\n|t:|1683356406\n|-terastallize|p2b: Chi-Yu|Water\n|move|p2a: Gothitelle|Fake Out|p1b: Iron Hands\n|-damage|p1b: Iron Hands|88\/100\n|move|p2b: Chi-Yu|Nasty Plot|p2b: Chi-Yu\n|-boost|p2b: Chi-Yu|spa|2\n|move|p1a: Annihilape|Drain Punch|p2b: Chi-Yu\n|-damage|p2b: Chi-Yu|12\/100\n|cant|p1b: Iron Hands|flinch\n|\n|-weather|none\n|-heal|p2b: Chi-Yu|18\/100|[from] item: Leftovers\n|-start|p1b: Iron Hands|perish1\n|upkeep\n|turn|6\n|j| chienpaolo chua\n|inactive|Kelenar has 30 seconds left.\n|inactive|Atrix MJ has 30 seconds left.\n|inactive|Kelenar has 20 seconds left.\n|inactive|Atrix MJ has 20 seconds left.\n|inactive|Kelenar has 15 seconds left.\n|inactive|Atrix MJ has 15 seconds left.\n|\n|t:|1683356450\n|move|p2b: Chi-Yu|Dark Pulse|p1a: Annihilape\n|-damage|p1a: Annihilape|44\/100\n|cant|p1a: Annihilape|flinch\n|move|p2a: Gothitelle|Psychic|p1a: Annihilape\n|-supereffective|p1a: Annihilape\n|-damage|p1a: Annihilape|5\/100\n|move|p1b: Iron Hands|Wild Charge|p2a: Gothitelle\n|-damage|p2a: Gothitelle|50\/100\n|-damage|p1b: Iron Hands|78\/100|[from] Recoil\n|\n|-heal|p2b: Chi-Yu|25\/100|[from] item: Leftovers\n|-heal|p1a: Annihilape|11\/100|[from] item: Leftovers\n|-start|p1b: Iron Hands|perish0\n|faint|p1b: Iron Hands\n|-end|p1b: Iron Hands|Quark Drive|[silent]\n|upkeep\n|\n|t:|1683356464\n|switch|p1b: Baxcalibur|Baxcalibur, L50, F|100\/100\n|turn|7\n|\n|t:|1683356488\n|move|p1a: Annihilape|Protect|p1a: Annihilape\n|-singleturn|p1a: Annihilape|Protect\n|move|p1b: Baxcalibur|Ice Shard|p2b: Chi-Yu\n|-resisted|p2b: Chi-Yu\n|-damage|p2b: Chi-Yu|11\/100\n|move|p2b: Chi-Yu|Heat Wave|p1a: Annihilape|[spread] p1b\n|-activate|p1a: Annihilape|move: Protect\n|-damage|p1b: Baxcalibur|44\/100\n|-ability|p1b: Baxcalibur|Thermal Exchange|boost\n|-boost|p1b: Baxcalibur|atk|1\n|move|p2a: Gothitelle|Psychic|p1a: Annihilape\n|-activate|p1a: Annihilape|move: Protect\n|\n|-heal|p2b: Chi-Yu|17\/100|[from] item: Leftovers\n|-heal|p1a: Annihilape|17\/100|[from] item: Leftovers\n|upkeep\n|turn|8\n|inactive|Kelenar has 30 seconds left.\n|inactive|Atrix MJ has 30 seconds left.\n|\n|t:|1683356520\n|move|p2b: Chi-Yu|Protect|p2b: Chi-Yu\n|-singleturn|p2b: Chi-Yu|Protect\n|move|p2a: Gothitelle|Protect|p2a: Gothitelle\n|-singleturn|p2a: Gothitelle|Protect\n|move|p1b: Baxcalibur|Ice Shard|p2b: Chi-Yu\n|-activate|p2b: Chi-Yu|move: Protect\n|move|p1a: Annihilape|Rage Fist|p2a: Gothitelle\n|-activate|p2a: Gothitelle|move: Protect\n|\n|-heal|p2b: Chi-Yu|23\/100|[from] item: Leftovers\n|-heal|p1a: Annihilape|23\/100|[from] item: Leftovers\n|-sideend|p1: Kelenar|move: Aurora Veil\n|upkeep\n|turn|9\n|\n|t:|1683356543\n|move|p1a: Annihilape|Protect|p1a: Annihilape\n|-singleturn|p1a: Annihilape|Protect\n|move|p1b: Baxcalibur|Ice Shard|p2b: Chi-Yu\n|-resisted|p2b: Chi-Yu\n|-damage|p2b: Chi-Yu|5\/100\n|move|p2b: Chi-Yu|Heat Wave|p1b: Baxcalibur|[spread] p1b\n|-activate|p1a: Annihilape|move: Protect\n|-damage|p1b: Baxcalibur|0 fnt\n|faint|p1b: Baxcalibur\n|move|p2a: Gothitelle|Psychic|p1a: Annihilape\n|-activate|p1a: Annihilape|move: Protect\n|\n|-heal|p2b: Chi-Yu|12\/100|[from] item: Leftovers\n|-heal|p1a: Annihilape|29\/100|[from] item: Leftovers\n|upkeep\n|turn|10\n|-message|Kelenar forfeited.\n|\n|win|Atrix MJ\n|raw|Kelenar's rating: 1365 → 1349<\/strong> (-16 for losing)\n|raw|Atrix MJ's rating: 1441 → 1457<\/strong> (+16 for winning)\n|l|\u2606Kelenar\n","uploadtime":1683356559,"views":9,"p1id":"kelenar","p2id":"atrixmj","formatid":"gen9vgc2023regulationc","rating":1349,"private":0,"password":""}