{"id":"gen9vgc2023regulationc-1851078510","p1":"Slicer2407","p2":"Yankasii","format":"[Gen 9] VGC 2023 Regulation C","log":"|j|\u2606Slicer2407\n|j|\u2606Yankasii\n|t:|1682405423\n|gametype|doubles\n|player|p1|Slicer2407|biker-gen4|1052\n|player|p2|Yankasii|skierf|1127\n|teamsize|p1|6\n|teamsize|p2|6\n|gen|9\n|tier|[Gen 9] VGC 2023 Regulation C\n|rated|\n|rule|Species Clause: Limit one of each Pok\u00e9mon\n|rule|Item Clause: Limit one of each item\n|clearpoke\n|poke|p1|Flutter Mane, L50|\n|poke|p1|Oranguru, L50, M|\n|poke|p1|Houndoom, L50, F|\n|poke|p1|Toedscruel, L50, F|\n|poke|p1|Tinkaton, L50, F|\n|poke|p1|Dondozo, L50, F|\n|poke|p2|Ting-Lu, L50|\n|poke|p2|Tyranitar, L50, M|\n|poke|p2|Gastrodon-East, L50, M|\n|poke|p2|Krookodile, L50, M|\n|poke|p2|Maushold, L50|\n|poke|p2|Glimmora, L50, F|\n|teampreview|4\n|\n|t:|1682405450\n|start\n|switch|p1a: Raia|Toedscruel, L50, F|100\/100\n|switch|p1b: Rena|Dondozo, L50, F, shiny|100\/100\n|switch|p2a: Krookodile|Krookodile, L50, M|100\/100\n|switch|p2b: Tyranitar|Tyranitar, L50, M|100\/100\n|-ability|p2a: Krookodile|Intimidate|boost\n|-unboost|p1a: Raia|atk|1\n|-unboost|p1b: Rena|atk|1\n|-weather|Sandstorm|[from] ability: Sand Stream|[of] p2b: Tyranitar\n|turn|1\n|inactive|Battle timer is ON: inactive players will automatically lose when time's up. (requested by Slicer2407)\n|\n|t:|1682405472\n|switch|p2a: Gastrodon|Gastrodon-East, L50, M|100\/100\n|move|p1a: Raia|Dazzling Gleam|p2b: Tyranitar|[spread] p2a,p2b\n|-crit|p2a: Gastrodon\n|-supereffective|p2b: Tyranitar\n|-damage|p2a: Gastrodon|84\/100\n|-damage|p2b: Tyranitar|84\/100\n|move|p2b: Tyranitar|Ice Punch|p1a: Raia\n|-supereffective|p1a: Raia\n|-crit|p1a: Raia\n|-damage|p1a: Raia|0 fnt\n|faint|p1a: Raia\n|move|p1b: Rena|Fissure|p2b: Tyranitar|[miss]\n|-miss|p1b: Rena|p2b: Tyranitar\n|\n|-weather|Sandstorm|[upkeep]\n|-damage|p1b: Rena|94\/100|[from] Sandstorm\n|-heal|p2a: Gastrodon|89\/100|[from] item: Leftovers\n|upkeep\n|\n|t:|1682405486\n|switch|p1a: Itchika|Houndoom, L50, F|100\/100\n|turn|2\n|\n|t:|1682405509\n|-terastallize|p1a: Itchika|Grass\n|move|p1a: Itchika|Tera Blast|p2a: Gastrodon\n|-supereffective|p2a: Gastrodon\n|-damage|p2a: Gastrodon|0 fnt\n|faint|p2a: Gastrodon\n|move|p2b: Tyranitar|Ice Punch|p1b: Rena\n|-resisted|p1b: Rena\n|-damage|p1b: Rena|82\/100\n|move|p1b: Rena|Fissure|p2b: Tyranitar|[miss]\n|-miss|p1b: Rena|p2b: Tyranitar\n|\n|-weather|Sandstorm|[upkeep]\n|-damage|p1a: Itchika|95\/100|[from] Sandstorm\n|-damage|p1b: Rena|76\/100|[from] Sandstorm\n|upkeep\n|\n|t:|1682405524\n|switch|p2a: Ting-Lu|Ting-Lu, L50|100\/100\n|-ability|p2a: Ting-Lu|Vessel of Ruin\n|turn|3\n|\n|t:|1682405542\n|switch|p2b: Krookodile|Krookodile, L50, M|100\/100\n|-ability|p2b: Krookodile|Intimidate|boost\n|-unboost|p1a: Itchika|atk|1\n|-unboost|p1b: Rena|atk|1\n|move|p1a: Itchika|Tera Blast|p2a: Ting-Lu\n|-supereffective|p2a: Ting-Lu\n|-damage|p2a: Ting-Lu|68\/100\n|move|p2a: Ting-Lu|Fissure|p1b: Rena\n|-damage|p1b: Rena|0 fnt\n|faint|p1b: Rena\n|-ohko\n|\n|-weather|Sandstorm|[upkeep]\n|-damage|p1a: Itchika|89\/100|[from] Sandstorm\n|upkeep\n|\n|t:|1682405556\n|switch|p1b: Miku|Flutter Mane, L50|100\/100\n|-enditem|p1b: Miku|Booster Energy\n|-activate|p1b: Miku|ability: Protosynthesis|[fromitem]\n|-start|p1b: Miku|protosynthesisspe\n|turn|4\n|\n|t:|1682405572\n|move|p1b: Miku|Moonblast|p2a: Ting-Lu\n|-supereffective|p2a: Ting-Lu\n|-damage|p2a: Ting-Lu|29\/100\n|-unboost|p2a: Ting-Lu|spa|1\n|move|p2b: Krookodile|Close Combat|p1a: Itchika\n|-damage|p1a: Itchika|17\/100\n|-unboost|p2b: Krookodile|def|1\n|-unboost|p2b: Krookodile|spd|1\n|move|p1a: Itchika|Tera Blast|p2a: Ting-Lu\n|-supereffective|p2a: Ting-Lu\n|-damage|p2a: Ting-Lu|0 fnt\n|faint|p2a: Ting-Lu\n|\n|-weather|Sandstorm|[upkeep]\n|-damage|p1b: Miku|95\/100|[from] Sandstorm\n|-damage|p1a: Itchika|11\/100|[from] Sandstorm\n|upkeep\n|\n|t:|1682405586\n|switch|p2a: Tyranitar|Tyranitar, L50, M|84\/100\n|turn|5\n|\n|t:|1682405600\n|-terastallize|p2a: Tyranitar|Grass\n|move|p1a: Itchika|Protect|p1a: Itchika\n|-singleturn|p1a: Itchika|Protect\n|move|p1b: Miku|Dazzling Gleam|p2a: Tyranitar|[spread] p2a,p2b\n|-supereffective|p2b: Krookodile\n|-damage|p2a: Tyranitar|55\/100\n|-damage|p2b: Krookodile|0 fnt\n|faint|p2b: Krookodile\n|move|p2a: Tyranitar|Crunch|p1b: Miku\n|-damage|p1b: Miku|0 fnt\n|faint|p1b: Miku\n|-end|p1b: Miku|Protosynthesis|[silent]\n|\n|-weather|none\n|upkeep\n|turn|6\n|\n|t:|1682405612\n|move|p1a: Itchika|Heat Wave|p2a: Tyranitar|[miss]\n|-miss|p1a: Itchika|p2a: Tyranitar\n|move|p2a: Tyranitar|Crunch|p1a: Itchika\n|-damage|p1a: Itchika|0 fnt\n|faint|p1a: Itchika\n|\n|win|Yankasii\n|raw|Slicer2407's rating: 1052 → 1038<\/strong> (-14 for losing)\n|raw|Yankasii's rating: 1127 → 1147<\/strong> (+20 for winning)\n|l|\u2606Slicer2407\n","uploadtime":1682405622,"views":9,"p1id":"slicer2407","p2id":"yankasii","formatid":"gen9vgc2023regulationc","rating":1038,"private":0,"password":""}