{"id":"gen9vgc2023regulationc-1856501835","p1":"HappyduckJJ","p2":"Keveloper","format":"[Gen 9] VGC 2023 Regulation C","log":"|j|\u2606HappyduckJJ\n|j|\u2606Keveloper\n|t:|1683068753\n|gametype|doubles\n|player|p1|HappyduckJJ|chase|\n|player|p2|Keveloper|lucas|\n|teamsize|p1|6\n|teamsize|p2|6\n|gen|9\n|tier|[Gen 9] VGC 2023 Regulation C\n|rule|Species Clause: Limit one of each Pok\u00e9mon\n|rule|Item Clause: Limit one of each item\n|clearpoke\n|poke|p1|Glimmora, L50, M|\n|poke|p1|Iron Bundle, L50|\n|poke|p1|Wo-Chien, L50|\n|poke|p1|Arcanine, L50, F|\n|poke|p1|Dondozo, L50, F|\n|poke|p1|Tatsugiri, L50, F|\n|poke|p2|Orthworm, L50, M|\n|poke|p2|Dragonite, L50, M|\n|poke|p2|Ting-Lu, L50|\n|poke|p2|Gyarados, L50, F|\n|poke|p2|Flutter Mane, L50|\n|poke|p2|Chien-Pao, L50|\n|teampreview|4\nHappyduckJJ has agreed to open team sheets.\nKeveloper has agreed to open team sheets.\n|\n|t:|1683068779\n|start\n|switch|p1a: Glimmora|Glimmora, L50, M|100\/100\n|switch|p1b: Dondozo|Dondozo, L50, F|100\/100\n|switch|p2a: Dragonite|Dragonite, L50, M|100\/100\n|switch|p2b: Chien-Pao|Chien-Pao, L50|100\/100\n|-ability|p2b: Chien-Pao|Sword of Ruin\n|turn|1\n|\n|t:|1683068839\n|-terastallize|p1a: Glimmora|Grass\n|move|p1b: Dondozo|Protect|p1b: Dondozo\n|-singleturn|p1b: Dondozo|Protect\n|move|p2b: Chien-Pao|Ice Spinner|p1a: Glimmora\n|-supereffective|p1a: Glimmora\n|-damage|p1a: Glimmora|17\/100\n|-activate|p1a: Glimmora|ability: Toxic Debris\n|-sidestart|p2: Keveloper|move: Toxic Spikes\n|move|p2a: Dragonite|Earthquake|p1b: Dondozo|[spread] p2b,p1a\n|-activate|p1b: Dondozo|move: Protect\n|-resisted|p1a: Glimmora\n|-damage|p2b: Chien-Pao|68\/100\n|-damage|p1a: Glimmora|4\/100\n|-activate|p1a: Glimmora|ability: Toxic Debris\n|-sidestart|p2: Keveloper|move: Toxic Spikes\n|move|p1a: Glimmora|Mortal Spin|p2a: Dragonite|[spread] p2a,p2b\n|-damage|p2a: Dragonite|98\/100\n|-damage|p2b: Chien-Pao|63\/100\n|-status|p2a: Dragonite|psn\n|-enditem|p2a: Dragonite|Lum Berry|[eat]\n|-curestatus|p2a: Dragonite|psn|[msg]\n|-status|p2b: Chien-Pao|psn\n|\n|-damage|p2b: Chien-Pao|50\/100 psn|[from] psn\n|upkeep\n|turn|2\n|\n|t:|1683068899\n|switch|p2b: Orthworm|Orthworm, L50, M|100\/100\n|switch|p1a: Tatsugiri|Tatsugiri, L50, F|100\/100\n|-activate|p1a: Tatsugiri|ability: Commander|[of] p1b: Dondozo\n|-boost|p1b: Dondozo|atk|2\n|-boost|p1b: Dondozo|spa|2\n|-boost|p1b: Dondozo|spe|2\n|-boost|p1b: Dondozo|def|2\n|-boost|p1b: Dondozo|spd|2\n|move|p1b: Dondozo|Order Up|p2a: Dragonite\n|-supereffective|p2a: Dragonite\n|-damage|p2a: Dragonite|0 fnt\n|faint|p2a: Dragonite\n|-boost|p1b: Dondozo|atk|1\n|\n|upkeep\n|\n|t:|1683068916\n|switch|p2a: Chien-Pao|Chien-Pao, L50|50\/100 psn\n|-ability|p2a: Chien-Pao|Sword of Ruin\n|turn|3\n|\n|t:|1683068924\n|move|p2a: Chien-Pao|Haze|p2a: Chien-Pao\n|-clearallboost\n|move|p1b: Dondozo|Order Up|p2a: Chien-Pao\n|-damage|p2a: Chien-Pao|19\/100 psn\n|-boost|p1b: Dondozo|atk|1\n|move|p2b: Orthworm|Iron Defense|p2b: Orthworm\n|-boost|p2b: Orthworm|def|2\n|\n|-damage|p2a: Chien-Pao|7\/100 psn|[from] psn\n|upkeep\n|turn|4\n|\n|t:|1683068962\n|switch|p2a: Flutter Mane|Flutter Mane, L50|100\/100\n|-status|p2a: Flutter Mane|tox\n|move|p1b: Dondozo|Protect|p1b: Dondozo\n|-singleturn|p1b: Dondozo|Protect\n|move|p2b: Orthworm|Body Press|p1b: Dondozo\n|-activate|p1b: Dondozo|move: Protect\n|\n|-damage|p2a: Flutter Mane|94\/100 tox|[from] psn\n|upkeep\n|turn|5\n|\n|t:|1683068975\n|move|p2a: Flutter Mane|Thunderbolt|p1b: Dondozo\n|-supereffective|p1b: Dondozo\n|-damage|p1b: Dondozo|30\/100\n|move|p1b: Dondozo|Earthquake|p2a: Flutter Mane|[spread] p2a\n|-miss|p1b: Dondozo|p1a: Tatsugiri\n|-immune|p2b: Orthworm|[from] ability: Earth Eater\n|-damage|p2a: Flutter Mane|50\/100 tox\n|move|p2b: Orthworm|Body Press|p1b: Dondozo\n|-damage|p1b: Dondozo|8\/100\n|\n|-heal|p1b: Dondozo|14\/100|[from] item: Leftovers\n|-damage|p2a: Flutter Mane|38\/100 tox|[from] psn\n|upkeep\n|turn|6\n|\n|t:|1683069004\n|-end|p2a: Flutter Mane|Protosynthesis|[silent]\n|switch|p2a: Chien-Pao|Chien-Pao, L50|7\/100 psn\n|-ability|p2a: Chien-Pao|Sword of Ruin\n|move|p1b: Dondozo|Protect|p1b: Dondozo\n|-singleturn|p1b: Dondozo|Protect\n|move|p2b: Orthworm|Iron Defense|p2b: Orthworm\n|-boost|p2b: Orthworm|def|2\n|\n|-heal|p1b: Dondozo|20\/100|[from] item: Leftovers\n|-damage|p2a: Chien-Pao|0 fnt|[from] psn\n|faint|p2a: Chien-Pao\n|upkeep\n|\n|t:|1683069013\n|switch|p2a: Flutter Mane|Flutter Mane, L50|38\/100 tox\n|turn|7\n|\n|t:|1683069031\n|move|p1b: Dondozo|Protect||[still]\n|-fail|p1b: Dondozo\n|move|p2a: Flutter Mane|Thunderbolt|p1b: Dondozo\n|-supereffective|p1b: Dondozo\n|-damage|p1b: Dondozo|0 fnt\n|faint|p1b: Dondozo\n|move|p2b: Orthworm|Body Press|p1a: Tatsugiri\n|-damage|p1a: Tatsugiri|0 fnt\n|faint|p1a: Tatsugiri\n|\n|-damage|p2a: Flutter Mane|32\/100 tox|[from] psn\n|upkeep\n|\n|t:|1683069035\n|switch|p1a: Iron Bundle|Iron Bundle, L50|100\/100\n|switch|p1b: Glimmora|Glimmora, L50, M, tera:Grass|4\/100\n|-enditem|p1a: Iron Bundle|Booster Energy\n|-activate|p1a: Iron Bundle|ability: Quark Drive|[fromitem]\n|-start|p1a: Iron Bundle|quarkdrivespe\n|turn|8\n|\n|t:|1683069083\n|move|p1a: Iron Bundle|Protect|p1a: Iron Bundle\n|-singleturn|p1a: Iron Bundle|Protect\n|move|p2a: Flutter Mane|Thunderbolt|p1b: Glimmora\n|-resisted|p1b: Glimmora\n|-damage|p1b: Glimmora|0 fnt\n|faint|p1b: Glimmora\n|move|p2b: Orthworm|Body Press|p1a: Iron Bundle\n|-activate|p1a: Iron Bundle|move: Protect\n|\n|-damage|p2a: Flutter Mane|20\/100 tox|[from] psn\n|upkeep\n|turn|9\n|\n|t:|1683069096\n|move|p1a: Iron Bundle|Protect|p1a: Iron Bundle\n|-singleturn|p1a: Iron Bundle|Protect\n|move|p2a: Flutter Mane|Thunderbolt|p1a: Iron Bundle\n|-activate|p1a: Iron Bundle|move: Protect\n|move|p2b: Orthworm|Body Press|p1a: Iron Bundle\n|-activate|p1a: Iron Bundle|move: Protect\n|\n|-damage|p2a: Flutter Mane|2\/100 tox|[from] psn\n|upkeep\n|turn|10\n|\n|t:|1683069104\n|move|p1a: Iron Bundle|Hydro Pump|p2b: Orthworm\n|-damage|p2b: Orthworm|31\/100\n|-enditem|p2b: Orthworm|Sitrus Berry|[eat]\n|-heal|p2b: Orthworm|56\/100|[from] item: Sitrus Berry\n|move|p2a: Flutter Mane|Thunderbolt|p1a: Iron Bundle\n|-supereffective|p1a: Iron Bundle\n|-damage|p1a: Iron Bundle|0 fnt\n|faint|p1a: Iron Bundle\n|-end|p1a: Iron Bundle|Quark Drive|[silent]\n|\n|win|Keveloper\n","uploadtime":1683069113,"views":10,"p1id":"happyduckjj","p2id":"keveloper","formatid":"gen9vgc2023regulationc","rating":0,"private":0,"password":""}