{"id":"gen9vgc2023regulationc-1850734169","p1":"fairynanbawan","p2":"heelflores","format":"[Gen 9] VGC 2023 Regulation C","log":"|j|\u2606fairynanbawan\n|j|\u2606heelflores\n|t:|1682363075\n|gametype|doubles\n|player|p1|fairynanbawan|skierf|1306\n|player|p2|heelflores|roughneck-gen4|1398\n|teamsize|p1|6\n|teamsize|p2|6\n|gen|9\n|tier|[Gen 9] VGC 2023 Regulation C\n|rated|\n|rule|Species Clause: Limit one of each Pok\u00e9mon\n|rule|Item Clause: Limit one of each item\n|clearpoke\n|poke|p1|Dachsbun, L50, F|\n|poke|p1|Chi-Yu, L50|\n|poke|p1|Flutter Mane, L50|\n|poke|p1|Gyarados, L50, M|\n|poke|p1|Amoonguss, L50, F|\n|poke|p1|Ting-Lu, L50|\n|poke|p2|Orthworm, L50, M|\n|poke|p2|Dragonite, L50, F|\n|poke|p2|Ting-Lu, L50|\n|poke|p2|Gyarados, L50, F|\n|poke|p2|Flutter Mane, L50|\n|poke|p2|Chien-Pao, L50|\n|teampreview|4\n|\n|t:|1682363132\n|start\n|switch|p1a: Dachsbun|Dachsbun, L50, F|100\/100\n|switch|p1b: Chi-Yu|Chi-Yu, L50|100\/100\n|switch|p2a: Gyarados|Gyarados, L50, F|100\/100\n|switch|p2b: Ting-Lu|Ting-Lu, L50|100\/100\n|-ability|p1b: Chi-Yu|Beads of Ruin\n|-ability|p2a: Gyarados|Intimidate|boost\n|-unboost|p1a: Dachsbun|atk|1\n|-unboost|p1b: Chi-Yu|atk|1\n|-ability|p2b: Ting-Lu|Vessel of Ruin\n|turn|1\n|\n|t:|1682363156\n|-terastallize|p1b: Chi-Yu|Ghost\n|move|p1b: Chi-Yu|Lava Plume|p2a: Gyarados|[spread] p2a,p2b\n|-ability|p1a: Dachsbun|Well-Baked Body|boost\n|-boost|p1a: Dachsbun|def|2\n|-resisted|p2a: Gyarados\n|-damage|p2a: Gyarados|87\/100\n|-damage|p2b: Ting-Lu|77\/100\n|move|p2a: Gyarados|Thunder Wave|p1a: Dachsbun\n|-status|p1a: Dachsbun|par\n|move|p2b: Ting-Lu|Earthquake|p1a: Dachsbun|[spread] p1a,p1b\n|-immune|p2a: Gyarados\n|-damage|p1a: Dachsbun|77\/100 par\n|-damage|p1b: Chi-Yu|23\/100\n|cant|p1a: Dachsbun|par\n|\n|upkeep\n|turn|2\n|\n|t:|1682363217\n|move|p1b: Chi-Yu|Lava Plume|p2a: Gyarados|[spread] p2a,p2b\n|-ability|p1a: Dachsbun|Well-Baked Body|boost\n|-boost|p1a: Dachsbun|def|2\n|-resisted|p2a: Gyarados\n|-damage|p2a: Gyarados|74\/100\n|-damage|p2b: Ting-Lu|55\/100\n|-status|p2a: Gyarados|brn\n|-status|p2b: Ting-Lu|brn\n|move|p2a: Gyarados|Thunder Wave|p1b: Chi-Yu\n|-status|p1b: Chi-Yu|par\n|move|p2b: Ting-Lu|Earthquake|p1a: Dachsbun|[spread] p1a,p1b\n|-immune|p2a: Gyarados\n|-damage|p1a: Dachsbun|69\/100 par\n|-damage|p1b: Chi-Yu|0 fnt\n|faint|p1b: Chi-Yu\n|move|p1a: Dachsbun|Body Press|p2b: Ting-Lu\n|-supereffective|p2b: Ting-Lu\n|-damage|p2b: Ting-Lu|0 fnt\n|faint|p2b: Ting-Lu\n|\n|-damage|p2a: Gyarados|68\/100 brn|[from] brn\n|upkeep\n|\n|t:|1682363234\n|switch|p1b: Ting-Lu|Ting-Lu, L50|100\/100\n|switch|p2b: Chien-Pao|Chien-Pao, L50|100\/100\n|-ability|p2b: Chien-Pao|Sword of Ruin\n|-ability|p1b: Ting-Lu|Vessel of Ruin\n|turn|3\n|\n|t:|1682363257\n|move|p2b: Chien-Pao|Haze|p2b: Chien-Pao\n|-clearallboost\n|move|p2a: Gyarados|Waterfall|p1b: Ting-Lu\n|-supereffective|p1b: Ting-Lu\n|-damage|p1b: Ting-Lu|73\/100\n|move|p1b: Ting-Lu|Rock Slide|p2a: Gyarados|[spread] p2a\n|-miss|p1b: Ting-Lu|p2b: Chien-Pao\n|-supereffective|p2a: Gyarados\n|-damage|p2a: Gyarados|18\/100 brn\n|move|p1a: Dachsbun|Body Press|p2a: Gyarados\n|-resisted|p2a: Gyarados\n|-damage|p2a: Gyarados|4\/100 brn\n|\n|-damage|p2a: Gyarados|0 fnt|[from] brn\n|faint|p2a: Gyarados\n|upkeep\n|\n|t:|1682363270\n|switch|p2a: Flutter Mane|Flutter Mane, L50|100\/100\n|turn|4\n|\n|t:|1682363308\n|-terastallize|p2a: Flutter Mane|Fairy\n|move|p2b: Chien-Pao|Ice Spinner|p1a: Dachsbun\n|-damage|p1a: Dachsbun|18\/100 par\n|move|p2a: Flutter Mane|Dazzling Gleam|p1a: Dachsbun|[spread] p1a,p1b\n|-supereffective|p1b: Ting-Lu\n|-damage|p1a: Dachsbun|0 fnt\n|-damage|p1b: Ting-Lu|25\/100\n|faint|p1a: Dachsbun\n|move|p1b: Ting-Lu|Heavy Slam|p2a: Flutter Mane\n|-supereffective|p2a: Flutter Mane\n|-damage|p2a: Flutter Mane|0 fnt\n|faint|p2a: Flutter Mane\n|-end|p2a: Flutter Mane|Protosynthesis|[silent]\n|\n|upkeep\n|\n|t:|1682363319\n|switch|p1a: Gyarados|Gyarados, L50, M|100\/100\n|-ability|p1a: Gyarados|Intimidate|boost\n|-unboost|p2b: Chien-Pao|atk|1\n|turn|5\n|c|\u2606fairynanbawan|just lose already\n|inactive|Battle timer is ON: inactive players will automatically lose when time's up. (requested by fairynanbawan)\n|inactive|heelflores has 60 seconds left.\n|inactive|heelflores has 30 seconds left.\n|inactive|heelflores has 20 seconds left.\n|inactive|heelflores has 15 seconds left.\n|inactive|heelflores has 10 seconds left.\n|inactive|heelflores has 5 seconds left.\n|\n|t:|1682363452\n|move|p2b: Chien-Pao|Ice Spinner|p1a: Gyarados\n|-damage|p1a: Gyarados|60\/100\n|move|p1a: Gyarados|Waterfall|p2b: Chien-Pao\n|-damage|p2b: Chien-Pao|41\/100\n|move|p1b: Ting-Lu|Heavy Slam|p2b: Chien-Pao\n|-supereffective|p2b: Chien-Pao\n|-damage|p2b: Chien-Pao|0 fnt\n|faint|p2b: Chien-Pao\n|\n|win|fairynanbawan\n|raw|fairynanbawan's rating: 1306 → 1331<\/strong> (+25 for winning)\n|raw|heelflores's rating: 1398 → 1373<\/strong> (-25 for losing)\n|c|\u2606fairynanbawan|get shit on scum\n","uploadtime":1682363466,"views":13,"p1id":"fairynanbawan","p2id":"heelflores","formatid":"gen9vgc2023regulationc","rating":1331,"private":0,"password":""}