{"id":"gen9vgc2023regulationc-1849356825","p1":"Lucaldu97","p2":"EeveeAddict","format":"[Gen 9] VGC 2023 Regulation C","log":"|j|\u2606Lucaldu97\n|j|\u2606EeveeAddict\n|t:|1682189469\n|gametype|doubles\n|player|p1|Lucaldu97|170|1130\n|player|p2|EeveeAddict|idol|1125\n|teamsize|p1|6\n|teamsize|p2|6\n|gen|9\n|tier|[Gen 9] VGC 2023 Regulation C\n|rated|\n|rule|Species Clause: Limit one of each Pok\u00e9mon\n|rule|Item Clause: Limit one of each item\n|clearpoke\n|poke|p1|Chi-Yu, L50|\n|poke|p1|Hydreigon, L50, M|\n|poke|p1|Baxcalibur, L50, F|\n|poke|p1|Amoonguss, L50, M|\n|poke|p1|Gyarados, L50, F|\n|poke|p1|Iron Hands, L50|\n|poke|p2|Blissey, L50, F|\n|poke|p2|Abomasnow, L50, F|\n|poke|p2|Arcanine, L50, F|\n|poke|p2|Gyarados, L50, F|\n|poke|p2|Amoonguss, L50, M|\n|poke|p2|Baxcalibur, L50, F|\n|teampreview|4\n|inactive|Battle timer is ON: inactive players will automatically lose when time's up. (requested by EeveeAddict)\n|\n|t:|1682189488\n|start\n|switch|p1a: Baxcalibur|Baxcalibur, L50, F|100\/100\n|switch|p1b: Amoonguss|Amoonguss, L50, M|100\/100\n|switch|p2a: Blissey|Blissey, L50, F|100\/100\n|switch|p2b: Abomasnow|Abomasnow, L50, F|100\/100\n|-weather|Snow|[from] ability: Snow Warning|[of] p2b: Abomasnow\n|turn|1\n|\n|t:|1682189501\n|-terastallize|p2a: Blissey|Ice\n|move|p1a: Baxcalibur|Icicle Crash|p2b: Abomasnow\n|-damage|p2b: Abomasnow|66\/100\n|move|p2b: Abomasnow|Blizzard|p1b: Amoonguss|[spread] p1a,p1b\n|-supereffective|p1b: Amoonguss\n|-damage|p1a: Baxcalibur|76\/100\n|-damage|p1b: Amoonguss|49\/100\n|move|p2a: Blissey|Blizzard|p1a: Baxcalibur|[spread] p1a,p1b\n|-supereffective|p1b: Amoonguss\n|-damage|p1a: Baxcalibur|49\/100\n|-damage|p1b: Amoonguss|0 fnt\n|faint|p1b: Amoonguss\n|\n|-weather|Snow|[upkeep]\n|upkeep\n|\n|t:|1682189514\n|switch|p1b: Iron Hands|Iron Hands, L50|100\/100\n|turn|2\n|\n|t:|1682189523\n|move|p2a: Blissey|Protect|p2a: Blissey\n|-singleturn|p2a: Blissey|Protect\n|move|p1b: Iron Hands|Fake Out|p2b: Abomasnow\n|-damage|p2b: Abomasnow|55\/100\n|move|p1a: Baxcalibur|Glaive Rush|p2a: Blissey\n|-activate|p2a: Blissey|move: Protect\n|cant|p2b: Abomasnow|flinch\n|\n|-weather|Snow|[upkeep]\n|upkeep\n|turn|3\n|\n|t:|1682189537\n|move|p1a: Baxcalibur|Glaive Rush|p2a: Blissey\n|-damage|p2a: Blissey|54\/100\n|-singlemove|p1a: Baxcalibur|Glaive Rush|[silent]\n|move|p2b: Abomasnow|Blizzard|p1a: Baxcalibur|[spread] p1a,p1b\n|-damage|p1a: Baxcalibur|2\/100\n|-damage|p1b: Iron Hands|84\/100\n|move|p2a: Blissey|Blizzard|p1a: Baxcalibur|[spread] p1a,p1b\n|-damage|p1a: Baxcalibur|0 fnt\n|-damage|p1b: Iron Hands|66\/100\n|faint|p1a: Baxcalibur\n|move|p1b: Iron Hands|Drain Punch|p2b: Abomasnow\n|-supereffective|p2b: Abomasnow\n|-damage|p2b: Abomasnow|0 fnt\n|-heal|p1b: Iron Hands|84\/100|[from] drain|[of] p2b: Abomasnow\n|faint|p2b: Abomasnow\n|\n|-weather|Snow|[upkeep]\n|upkeep\n|\n|t:|1682189553\n|switch|p1a: Gyarados|Gyarados, L50, F|100\/100\n|switch|p2b: Gyarados|Gyarados, L50, F|100\/100\n|-ability|p1a: Gyarados|Intimidate|boost\n|-unboost|p2a: Blissey|atk|1\n|-unboost|p2b: Gyarados|atk|1\n|-ability|p2b: Gyarados|Intimidate|boost\n|-unboost|p1a: Gyarados|atk|1\n|-unboost|p1b: Iron Hands|atk|1\n|turn|4\n|\n|t:|1682189568\n|move|p1a: Gyarados|Thunder Wave|p2b: Gyarados\n|-status|p2b: Gyarados|par\n|move|p2a: Blissey|Soft-Boiled|p2a: Blissey\n|-heal|p2a: Blissey|100\/100\n|move|p1b: Iron Hands|Drain Punch|p2a: Blissey\n|-supereffective|p2a: Blissey\n|-damage|p2a: Blissey|60\/100\n|-heal|p1b: Iron Hands|100\/100|[from] drain|[of] p2a: Blissey\n|move|p2b: Gyarados|Blizzard|p1a: Gyarados|[spread] p1a,p1b\n|-damage|p1a: Gyarados|83\/100\n|-damage|p1b: Iron Hands|89\/100\n|-damage|p2b: Gyarados|91\/100 par|[from] item: Life Orb\n|\n|-weather|Snow|[upkeep]\n|upkeep\n|turn|5\n|\n|t:|1682189590\n|move|p1a: Gyarados|Iron Head|p2a: Blissey\n|-supereffective|p2a: Blissey\n|-damage|p2a: Blissey|38\/100\n|-enditem|p2a: Blissey|Sitrus Berry|[eat]\n|-heal|p2a: Blissey|62\/100|[from] item: Sitrus Berry\n|move|p2a: Blissey|Blizzard|p1a: Gyarados|[spread] p1a,p1b\n|-damage|p1a: Gyarados|53\/100\n|-damage|p1b: Iron Hands|71\/100\n|move|p1b: Iron Hands|Drain Punch|p2a: Blissey\n|-supereffective|p2a: Blissey\n|-damage|p2a: Blissey|27\/100\n|-heal|p1b: Iron Hands|94\/100|[from] drain|[of] p2a: Blissey\n|move|p2b: Gyarados|Blizzard|p1a: Gyarados|[spread] p1a,p1b\n|-damage|p1a: Gyarados|34\/100\n|-damage|p1b: Iron Hands|82\/100\n|-damage|p2b: Gyarados|81\/100 par|[from] item: Life Orb\n|\n|-weather|Snow|[upkeep]\n|upkeep\n|turn|6\n|\n|t:|1682189608\n|-terastallize|p1a: Gyarados|Water\n|move|p1a: Gyarados|Taunt|p2a: Blissey\n|-start|p2a: Blissey|move: Taunt\n|move|p2a: Blissey|Blizzard|p1a: Gyarados|[spread] p1a,p1b\n|-resisted|p1a: Gyarados\n|-damage|p1a: Gyarados|18\/100\n|-damage|p1b: Iron Hands|63\/100\n|-status|p1b: Iron Hands|frz\n|cant|p1b: Iron Hands|frz\n|move|p2b: Gyarados|Blizzard|p1a: Gyarados|[spread] p1a,p1b\n|-resisted|p1a: Gyarados\n|-damage|p1a: Gyarados|9\/100\n|-damage|p1b: Iron Hands|53\/100 frz\n|-damage|p2b: Gyarados|71\/100 par|[from] item: Life Orb\n|\n|-weather|Snow|[upkeep]\n|upkeep\n|turn|7\n|\n|t:|1682189626\n|move|p1a: Gyarados|Iron Head|p2a: Blissey\n|-supereffective|p2a: Blissey\n|-damage|p2a: Blissey|4\/100\n|move|p2a: Blissey|Blizzard|p1a: Gyarados|[spread] p1a,p1b\n|-resisted|p1a: Gyarados\n|-damage|p1a: Gyarados|0 fnt\n|-damage|p1b: Iron Hands|35\/100 frz\n|faint|p1a: Gyarados\n|-curestatus|p1b: Iron Hands|frz|[msg]\n|move|p1b: Iron Hands|Wild Charge|p2b: Gyarados\n|-supereffective|p2b: Gyarados\n|-damage|p2b: Gyarados|0 fnt\n|faint|p2b: Gyarados\n|-damage|p1b: Iron Hands|21\/100|[from] Recoil\n|\n|-weather|Snow|[upkeep]\n|upkeep\n|\n|t:|1682189639\n|switch|p2b: Arcanine|Arcanine, L50, F|100\/100\n|-ability|p2b: Arcanine|Intimidate|boost\n|-unboost|p1b: Iron Hands|atk|1\n|turn|8\n|-message|Lucaldu97 forfeited.\n|\n|win|EeveeAddict\n|raw|Lucaldu97's rating: 1130 → 1105<\/strong> (-25 for losing)\n|raw|EeveeAddict's rating: 1125 → 1150<\/strong> (+25 for winning)\n|l|\u2606Lucaldu97\n","uploadtime":1682189665,"views":8,"p1id":"lucaldu97","p2id":"eeveeaddict","formatid":"gen9vgc2023regulationc","rating":1105,"private":0,"password":""}