{"id":"gen9vgc2023regulationc-1861005030","p1":"XJ09","p2":"Inkin","format":"[Gen 9] VGC 2023 Regulation C","log":"|j|\u2606XJ09\n|j|\u2606Inkin\n|t:|1683712661\n|gametype|doubles\n|player|p1|XJ09|cynthia|1325\n|player|p2|Inkin|shadowtriad|1301\n|teamsize|p1|6\n|teamsize|p2|6\n|gen|9\n|tier|[Gen 9] VGC 2023 Regulation C\n|rated|\n|rule|Species Clause: Limit one of each Pok\u00e9mon\n|rule|Item Clause: Limit one of each item\n|clearpoke\n|poke|p1|Garganacl, L50, F|\n|poke|p1|Ting-Lu, L50|\n|poke|p1|Gyarados, L50, M|\n|poke|p1|Annihilape, L50, F|\n|poke|p1|Grimmsnarl, L50, M|\n|poke|p1|Roaring Moon, L50|\n|poke|p2|Ceruledge, L50, F|\n|poke|p2|Dragonite, L50, F|\n|poke|p2|Chien-Pao, L50|\n|poke|p2|Scizor, L50, F|\n|poke|p2|Flutter Mane, L50|\n|poke|p2|Great Tusk, L50|\n|teampreview|4\n|j| AskKetchum680\n|\n|t:|1683712680\n|start\n|switch|p1a: Grimmsnarl|Grimmsnarl, L50, M|100\/100\n|switch|p1b: Roaring Moon|Roaring Moon, L50|100\/100\n|switch|p2a: Scizor|Scizor, L50, F|100\/100\n|switch|p2b: Chien-Pao|Chien-Pao, L50|100\/100\n|-ability|p2b: Chien-Pao|Sword of Ruin\n|-enditem|p1b: Roaring Moon|Booster Energy\n|-activate|p1b: Roaring Moon|ability: Protosynthesis|[fromitem]\n|-start|p1b: Roaring Moon|protosynthesisspe\n|turn|1\n|c| AskKetchum680|hi\n|inactive|Battle timer is ON: inactive players will automatically lose when time's up. (requested by Inkin)\n|\n|t:|1683712710\n|-terastallize|p1b: Roaring Moon|Fairy\n|move|p2a: Scizor|Bullet Punch|p1a: Grimmsnarl\n|-supereffective|p1a: Grimmsnarl\n|-damage|p1a: Grimmsnarl|0 fnt\n|faint|p1a: Grimmsnarl\n|-damage|p2a: Scizor|91\/100|[from] item: Life Orb\n|move|p1b: Roaring Moon|Breaking Swipe|p2a: Scizor|[spread] p2a,p2b\n|-resisted|p2a: Scizor\n|-damage|p2a: Scizor|78\/100\n|-damage|p2b: Chien-Pao|73\/100\n|-unboost|p2a: Scizor|atk|1\n|-unboost|p2b: Chien-Pao|atk|1\n|move|p2b: Chien-Pao|Ice Spinner|p1b: Roaring Moon\n|-damage|p1b: Roaring Moon|72\/100\n|\n|upkeep\n|\n|t:|1683712727\n|switch|p1a: Gyarados|Gyarados, L50, M|100\/100\n|-ability|p1a: Gyarados|Intimidate|boost\n|-unboost|p2a: Scizor|atk|1\n|-unboost|p2b: Chien-Pao|atk|1\n|turn|2\n|\n|t:|1683712747\n|switch|p2b: Dragonite|Dragonite, L50, F|100\/100\n|move|p1b: Roaring Moon|Protect|p1b: Roaring Moon\n|-singleturn|p1b: Roaring Moon|Protect\n|move|p2a: Scizor|Protect|p2a: Scizor\n|-singleturn|p2a: Scizor|Protect\n|move|p1a: Gyarados|Waterfall|p2a: Scizor\n|-activate|p2a: Scizor|move: Protect\n|\n|upkeep\n|turn|3\n|\n|t:|1683712768\n|switch|p1a: Annihilape|Annihilape, L50, F|100\/100\n|switch|p2a: Chien-Pao|Chien-Pao, L50|73\/100\n|-ability|p2a: Chien-Pao|Sword of Ruin\n|-terastallize|p2b: Dragonite|Normal\n|move|p2b: Dragonite|Extreme Speed|p1b: Roaring Moon\n|-damage|p1b: Roaring Moon|0 fnt\n|faint|p1b: Roaring Moon\n|-end|p1b: Roaring Moon|Protosynthesis|[silent]\n|\n|upkeep\n|\n|t:|1683712782\n|switch|p1b: Gyarados|Gyarados, L50, M|100\/100\n|-ability|p1b: Gyarados|Intimidate|boost\n|-unboost|p2a: Chien-Pao|atk|1\n|-fail|p2b: Dragonite|unboost|Attack|[from] ability: Inner Focus|[of] p2b: Dragonite\n|turn|4\n|\n|t:|1683712801\n|move|p2a: Chien-Pao|Protect|p2a: Chien-Pao\n|-singleturn|p2a: Chien-Pao|Protect\n|move|p2b: Dragonite|Extreme Speed|p1b: Gyarados\n|-damage|p1b: Gyarados|0 fnt\n|faint|p1b: Gyarados\n|move|p1a: Annihilape|Bulk Up|p1a: Annihilape\n|-boost|p1a: Annihilape|atk|1\n|-boost|p1a: Annihilape|def|1\n|\n|upkeep\n|turn|5\n|\n|t:|1683712822\n|switch|p2a: Scizor|Scizor, L50, F|78\/100\n|switch|p2b: Flutter Mane|Flutter Mane, L50|100\/100\n|move|p1a: Annihilape|Drain Punch|p2a: Scizor\n|-damage|p2a: Scizor|29\/100\n|\n|upkeep\n|turn|6\n|\n|t:|1683712838\n|move|p2a: Scizor|Protect|p2a: Scizor\n|-singleturn|p2a: Scizor|Protect\n|move|p2b: Flutter Mane|Shadow Ball|p1a: Annihilape\n|-supereffective|p1a: Annihilape\n|-damage|p1a: Annihilape|0 fnt\n|faint|p1a: Annihilape\n|\n|win|Inkin\n|raw|XJ09's rating: 1325 → 1304<\/strong> (-21 for losing)\n|raw|Inkin's rating: 1301 → 1322<\/strong> (+21 for winning)\n|l| AskKetchum680\n|l|\u2606Inkin\n","uploadtime":1683712856,"views":13,"p1id":"xj09","p2id":"inkin","formatid":"gen9vgc2023regulationc","rating":1304,"private":0,"password":""}