{"id":"gen9vgc2023regulationc-1853254866","p1":"Wellington Kobs","p2":"Alexis_student","format":"[Gen 9] VGC 2023 Regulation C","log":"|j|\u2606Wellington Kobs\n|j|\u2606Alexis_student\n|t:|1682655621\n|gametype|doubles\n|player|p1|Wellington Kobs|blue|1116\n|player|p2|Alexis_student|1|1077\n|teamsize|p1|6\n|teamsize|p2|6\n|gen|9\n|tier|[Gen 9] VGC 2023 Regulation C\n|rated|\n|rule|Species Clause: Limit one of each Pok\u00e9mon\n|rule|Item Clause: Limit one of each item\n|clearpoke\n|poke|p1|Iron Hands, L50|\n|poke|p1|Amoonguss, L50, F|\n|poke|p1|Pelipper, L50, F|\n|poke|p1|Palafin, L50, F|\n|poke|p1|Chien-Pao, L50|\n|poke|p1|Dragonite, L50, F|\n|poke|p2|Amoonguss, L50, F|\n|poke|p2|Palafin, L50, F|\n|poke|p2|Arcanine, L50, F|\n|poke|p2|Flutter Mane, L50|\n|poke|p2|Baxcalibur, L50, F|\n|poke|p2|Ting-Lu, L50|\n|teampreview|4\n|inactive|Battle timer is ON: inactive players will automatically lose when time's up. (requested by Alexis_student)\n|\n|t:|1682655659\n|start\n|switch|p1a: El Lluvias|Pelipper, L50, F|100\/100\n|switch|p1b: Flipper|Palafin, L50, F|100\/100\n|switch|p2a: Amoonguss|Amoonguss, L50, F|100\/100\n|switch|p2b: Palafin|Palafin, L50, F|100\/100\n|-weather|RainDance|[from] ability: Drizzle|[of] p1a: El Lluvias\n|turn|1\n|\n|t:|1682655677\n|detailschange|p2b: Palafin|Palafin-Hero, L50, F\n|switch|p2b: Flutter Mane|Flutter Mane, L50|100\/100\n|-terastallize|p2a: Amoonguss|Water\n|move|p1b: Flipper|Protect|p1b: Flipper\n|-singleturn|p1b: Flipper|Protect\n|move|p1a: El Lluvias|Hydro Pump|p2b: Flutter Mane\n|-damage|p2b: Flutter Mane|28\/100\n|move|p2a: Amoonguss|Spore|p1a: El Lluvias\n|-status|p1a: El Lluvias|slp|[from] move: Spore\n|\n|-weather|RainDance|[upkeep]\n|upkeep\n|turn|2\n|inactive|Wellington Kobs has 30 seconds left.\n|\n|t:|1682655705\n|switch|p1a: Luca Proda|Iron Hands, L50|100\/100\n|-terastallize|p1b: Flipper|Water\n|move|p1b: Flipper|Jet Punch|p2b: Flutter Mane\n|-damage|p2b: Flutter Mane|0 fnt\n|faint|p2b: Flutter Mane\n|-end|p2b: Flutter Mane|Protosynthesis|[silent]\n|move|p2a: Amoonguss|Pollen Puff|p2: Flutter Mane|[notarget]\n|-fail|p2a: Amoonguss\n|\n|-weather|RainDance|[upkeep]\n|upkeep\n|\n|t:|1682655718\n|switch|p2b: Arcanine|Arcanine, L50, F|100\/100\n|-ability|p2b: Arcanine|Intimidate|boost\n|-unboost|p1a: Luca Proda|atk|1\n|-unboost|p1b: Flipper|atk|1\n|turn|3\n|\n|t:|1682655737\n|move|p1a: Luca Proda|Fake Out|p2a: Amoonguss\n|-damage|p2a: Amoonguss|92\/100\n|move|p1b: Flipper|Jet Punch|p2b: Arcanine\n|-supereffective|p2b: Arcanine\n|-damage|p2b: Arcanine|27\/100\n|move|p2b: Arcanine|Will-O-Wisp|p1b: Flipper\n|-status|p1b: Flipper|brn\n|cant|p2a: Amoonguss|flinch\n|\n|-weather|RainDance|[upkeep]\n|-damage|p1b: Flipper|95\/100 brn|[from] brn\n|upkeep\n|turn|4\n|\n|t:|1682655756\n|move|p1b: Flipper|Protect|p1b: Flipper\n|-singleturn|p1b: Flipper|Protect\n|move|p2b: Arcanine|Protect|p2b: Arcanine\n|-singleturn|p2b: Arcanine|Protect\n|move|p1a: Luca Proda|Wild Charge|p2a: Amoonguss\n|-supereffective|p2a: Amoonguss\n|-damage|p2a: Amoonguss|37\/100\n|-enditem|p2a: Amoonguss|Sitrus Berry|[eat]\n|-heal|p2a: Amoonguss|62\/100|[from] item: Sitrus Berry\n|-damage|p1a: Luca Proda|88\/100|[from] Recoil\n|move|p2a: Amoonguss|Spore|p1a: Luca Proda\n|-status|p1a: Luca Proda|slp|[from] move: Spore\n|\n|-weather|RainDance|[upkeep]\n|-damage|p1b: Flipper|89\/100 brn|[from] brn\n|upkeep\n|turn|5\n|\n|t:|1682655780\n|switch|p2a: Palafin|Palafin-Hero, L50, F|100\/100\n|-activate|p2a: Palafin|ability: Zero to Hero\n|move|p1b: Flipper|Wave Crash|p2b: Arcanine\n|-supereffective|p2b: Arcanine\n|-damage|p2b: Arcanine|0 fnt\n|faint|p2b: Arcanine\n|-damage|p1b: Flipper|81\/100 brn|[from] Recoil\n|cant|p1a: Luca Proda|slp\n|\n|-weather|none\n|-damage|p1b: Flipper|75\/100 brn|[from] brn\n|upkeep\n|\n|t:|1682655794\n|switch|p2b: Amoonguss|Amoonguss, L50, F, tera:Water|95\/100\n|turn|6\n|\n|t:|1682655807\n|move|p1b: Flipper|Protect|p1b: Flipper\n|-singleturn|p1b: Flipper|Protect\n|move|p2a: Palafin|Wave Crash|p1a: Luca Proda\n|-damage|p1a: Luca Proda|22\/100 slp\n|-damage|p2a: Palafin|74\/100|[from] Recoil\n|cant|p1a: Luca Proda|slp\n|move|p2b: Amoonguss|Pollen Puff|p1a: Luca Proda\n|-resisted|p1a: Luca Proda\n|-damage|p1a: Luca Proda|18\/100 slp\n|\n|-damage|p1b: Flipper|69\/100 brn|[from] brn\n|upkeep\n|turn|7\n|inactive|Wellington Kobs has 30 seconds left.\n|inactive|Wellington Kobs has 20 seconds left.\n|\n|t:|1682655845\n|detailschange|p1b: Flipper|Palafin-Hero, L50, F, tera:Water\n|switch|p1b: El Lluvias|Pelipper, L50, F|100\/100 slp\n|-weather|RainDance|[from] ability: Drizzle|[of] p1b: El Lluvias\n|move|p2a: Palafin|Jet Punch|p1a: Luca Proda\n|-crit|p1a: Luca Proda\n|-damage|p1a: Luca Proda|0 fnt\n|faint|p1a: Luca Proda\n|-end|p1a: Luca Proda|Quark Drive|[silent]\n|move|p2b: Amoonguss|Pollen Puff|p2a: Palafin\n|-heal|p2a: Palafin|100\/100\n|\n|-weather|RainDance|[upkeep]\n|upkeep\n|\n|t:|1682655851\n|switch|p1a: Flipper|Palafin-Hero, L50, F, tera:Water|69\/100 brn\n|-activate|p1a: Flipper|ability: Zero to Hero\n|turn|8\n|\n|t:|1682655870\n|move|p2b: Amoonguss|Rage Powder|p2b: Amoonguss\n|-singleturn|p2b: Amoonguss|move: Rage Powder\n|move|p2a: Palafin|Wave Crash|p1a: Flipper\n|-resisted|p1a: Flipper\n|-damage|p1a: Flipper|7\/100 brn\n|-damage|p2a: Palafin|80\/100|[from] Recoil\n|move|p1a: Flipper|Wave Crash|p2b: Amoonguss\n|-resisted|p2b: Amoonguss\n|-damage|p2b: Amoonguss|59\/100\n|-damage|p1a: Flipper|0 fnt|[from] Recoil\n|faint|p1a: Flipper\n|cant|p1b: El Lluvias|slp\n|\n|-weather|RainDance|[upkeep]\n|upkeep\n|\n|t:|1682655879\n|switch|p1a: Chien-Pao|Chien-Pao, L50|100\/100\n|-ability|p1a: Chien-Pao|Sword of Ruin\n|turn|9\n|inactive|Wellington Kobs has 30 seconds left.\n|\n|t:|1682655905\n|move|p2a: Palafin|Jet Punch|p1a: Chien-Pao\n|-damage|p1a: Chien-Pao|5\/100\n|move|p1a: Chien-Pao|Crunch|p2b: Amoonguss\n|-damage|p2b: Amoonguss|2\/100\n|-damage|p1a: Chien-Pao|0 fnt|[from] item: Life Orb\n|faint|p1a: Chien-Pao\n|cant|p1b: El Lluvias|slp\n|move|p2b: Amoonguss|Pollen Puff|p1b: El Lluvias\n|-resisted|p1b: El Lluvias\n|-damage|p1b: El Lluvias|84\/100 slp\n|\n|-weather|RainDance|[upkeep]\n|upkeep\n|turn|10\n|\n|t:|1682655928\n|move|p2a: Palafin|Wave Crash|p1b: El Lluvias\n|-resisted|p1b: El Lluvias\n|-crit|p1b: El Lluvias\n|-damage|p1b: El Lluvias|0 fnt\n|faint|p1b: El Lluvias\n|-damage|p2a: Palafin|62\/100|[from] Recoil\n|\n|win|Alexis_student\n|raw|Wellington Kobs's rating: 1116 → 1088<\/strong> (-28 for losing)\n|raw|Alexis_student's rating: 1077 → 1109<\/strong> (+32 for winning)\n|l|\u2606Wellington Kobs\n","uploadtime":1682655936,"views":7,"p1id":"wellingtonkobs","p2id":"alexisstudent","formatid":"gen9vgc2023regulationc","rating":1088,"private":0,"password":""}