{"id":"gen9vgc2023regulationc-1852248150","p1":"TerribleVGC","p2":"EpicEra","format":"[Gen 9] VGC 2023 Regulation C","log":"|j|\u2606TerribleVGC\n|j|\u2606EpicEra\n|t:|1682536529\n|gametype|doubles\n|player|p1|TerribleVGC|2|1061\n|player|p2|EpicEra|1|1070\n|teamsize|p1|6\n|teamsize|p2|6\n|gen|9\n|tier|[Gen 9] VGC 2023 Regulation C\n|rated|\n|rule|Species Clause: Limit one of each Pok\u00e9mon\n|rule|Item Clause: Limit one of each item\n|clearpoke\n|poke|p1|Murkrow, L50, F|\n|poke|p1|Chi-Yu, L50|\n|poke|p1|Flutter Mane, L50|\n|poke|p1|Great Tusk, L50|\n|poke|p1|Brute Bonnet, L50|\n|poke|p1|Corviknight, L50, F|\n|poke|p2|Scyther, L50, M|\n|poke|p2|Zoroark, L50, F|\n|poke|p2|Garchomp, L50, F|\n|poke|p2|Hawlucha, L50, M|\n|poke|p2|Blissey, L50, F|\n|poke|p2|Houndoom, L50, M|\n|teampreview|4\n|inactive|Battle timer is ON: inactive players will automatically lose when time's up. (requested by TerribleVGC)\n|\n|t:|1682536578\n|start\n|switch|p1a: Murkrow|Murkrow, L50, F, shiny|100\/100\n|switch|p1b: Corviknight|Corviknight, L50, F|100\/100\n|switch|p2a: Garchomp|Garchomp, L50, F|100\/100\n|switch|p2b: Blissey|Blissey, L50, F|100\/100\n|turn|1\n|\n|t:|1682536602\n|move|p1a: Murkrow|Tailwind|p1a: Murkrow\n|-sidestart|p1: TerribleVGC|move: Tailwind\n|move|p1b: Corviknight|Iron Head|p2b: Blissey\n|-damage|p2b: Blissey|52\/100\n|move|p2a: Garchomp|Swords Dance|p2a: Garchomp\n|-boost|p2a: Garchomp|atk|2\n|cant|p2b: Blissey|flinch\n|\n|-heal|p2b: Blissey|58\/100|[from] item: Leftovers\n|upkeep\n|turn|2\n|c|\u2606EpicEra|......\n|\n|t:|1682536627\n|move|p1a: Murkrow|Sunny Day|p1a: Murkrow\n|-weather|SunnyDay\n|move|p1b: Corviknight|Iron Head|p2a: Garchomp\n|-damage|p2a: Garchomp|50\/100\n|-damage|p1b: Corviknight|88\/100|[from] ability: Rough Skin|[of] p2a: Garchomp\n|-damage|p1b: Corviknight|72\/100|[from] item: Rocky Helmet|[of] p2a: Garchomp\n|move|p2a: Garchomp|Outrage|p1b: Corviknight\n|-resisted|p1b: Corviknight\n|-damage|p1b: Corviknight|13\/100\n|move|p2b: Blissey|Thunder Wave|p1b: Corviknight|[miss]\n|-miss|p2b: Blissey|p1b: Corviknight\n|\n|-weather|SunnyDay|[upkeep]\n|-heal|p2b: Blissey|64\/100|[from] item: Leftovers\n|upkeep\n|turn|3\n|c|\u2606EpicEra|...\n|inactive|EpicEra has 30 seconds left.\n|\n|t:|1682536653\n|move|p1a: Murkrow|Haze|p1a: Murkrow\n|-clearallboost\n|move|p1b: Corviknight|Iron Head|p2a: Garchomp\n|-crit|p2a: Garchomp\n|-damage|p2a: Garchomp|0 fnt\n|-damage|p1b: Corviknight|0 fnt|[from] ability: Rough Skin|[of] p2a: Garchomp\n|faint|p2a: Garchomp\n|faint|p1b: Corviknight\n|move|p2b: Blissey|Thunder Wave|p1a: Murkrow\n|-status|p1a: Murkrow|par\n|\n|-weather|SunnyDay|[upkeep]\n|-heal|p2b: Blissey|70\/100|[from] item: Leftovers\n|upkeep\n|c|\u2606EpicEra|and a crit\n|c|\u2606EpicEra|man my unluck and your luck\n|c|\u2606TerribleVGC|Pokemon\n|\n|t:|1682536678\n|switch|p2a: Scyther|Scyther, L50, M|100\/100\n|switch|p1b: Chi-Yu|Chi-Yu, L50|100\/100\n|-ability|p1b: Chi-Yu|Beads of Ruin\n|turn|4\n|c|\u2606EpicEra|yeah, why i dont actually spend time in comp more than when bored\n|inactive|EpicEra has 30 seconds left.\n|\n|t:|1682536708\n|-terastallize|p2a: Scyther|Flying\n|move|p1b: Chi-Yu|Heat Wave|p2a: Scyther|[spread] p2a,p2b\n|-crit|p2a: Scyther\n|-damage|p2a: Scyther|0 fnt\n|-damage|p2b: Blissey|30\/100\n|faint|p2a: Scyther\n|-damage|p1b: Chi-Yu|90\/100|[from] item: Life Orb\n|move|p1a: Murkrow|Foul Play|p2b: Blissey\n|-damage|p2b: Blissey|26\/100\n|move|p2b: Blissey|Thunder Wave|p1b: Chi-Yu|[miss]\n|-miss|p2b: Blissey|p1b: Chi-Yu\n|\n|-weather|SunnyDay|[upkeep]\n|-heal|p2b: Blissey|32\/100|[from] item: Leftovers\n|-sideend|p1: TerribleVGC|move: Tailwind\n|upkeep\n|c|\u2606EpicEra|crit\n|c|\u2606EpicEra|jeeesus\n|c|\u2606EpicEra|and another miss\n|\n|t:|1682536731\n|switch|p2a: Hawlucha|Hawlucha, L50, M|100\/100\n|-ability|p2a: Hawlucha|Mold Breaker\n|turn|5\n|c|\u2606EpicEra|gg\n|-message|EpicEra forfeited.\n|\n|win|TerribleVGC\n|raw|TerribleVGC's rating: 1061 → 1093<\/strong> (+32 for winning)\n|raw|EpicEra's rating: 1070 → 1049<\/strong> (-21 for losing)\n|l|\u2606EpicEra\n","uploadtime":1682536803,"views":8,"p1id":"terriblevgc","p2id":"epicera","formatid":"gen9vgc2023regulationc","rating":1049,"private":0,"password":""}