{"id":"gen9vgc2023regulationc-1861373668","p1":"cydsdad","p2":"Babbozio","format":"[Gen 9] VGC 2023 Regulation C","log":"|j|\u2606cydsdad\n|j|\u2606Babbozio\n|t:|1683750791\n|gametype|doubles\n|player|p1|cydsdad|101|1082\n|player|p2|Babbozio|brycenman|1100\n|teamsize|p1|6\n|teamsize|p2|6\n|gen|9\n|tier|[Gen 9] VGC 2023 Regulation C\n|rated|\n|rule|Species Clause: Limit one of each Pok\u00e9mon\n|rule|Item Clause: Limit one of each item\n|clearpoke\n|poke|p1|Hydreigon, L50, M|\n|poke|p1|Maushold-Four, L50|\n|poke|p1|Vivillon-Fancy, L50, M|\n|poke|p1|Dragonite, L50, M|\n|poke|p1|Grimmsnarl, L50, M|\n|poke|p1|Iron Hands, L50|\n|poke|p2|Murkrow, L50, M|\n|poke|p2|Kingambit, L50, F|\n|poke|p2|Chien-Pao, L50|\n|poke|p2|Palafin, L50, F|\n|poke|p2|Arcanine, L50, M|\n|poke|p2|Breloom, L50, M|\n|teampreview|4\n|inactive|Battle timer is ON: inactive players will automatically lose when time's up. (requested by Babbozio)\n|inactive|cydsdad has 60 seconds left.\n|inactive|Babbozio has 60 seconds left.\n|inactive|Babbozio has 30 seconds left.\ncydsdad rejected open team sheets.\n|inactive|Babbozio has 20 seconds left.\n|inactive|Babbozio has 15 seconds left.\n|c|\u2606cydsdad|hi friend\n|inactive|Babbozio has 10 seconds left.\n|c|\u2606cydsdad|10 seconds buddy\n|\n|t:|1683750887\n|start\n|switch|p1a: Maushold|Maushold-Four, L50, shiny|100\/100\n|switch|p1b: Iron Hands|Iron Hands, L50, shiny|100\/100\n|switch|p2a: Palafin|Palafin, L50, F, shiny|100\/100\n|switch|p2b: Chien-Pao|Chien-Pao, L50|100\/100\n|-ability|p2b: Chien-Pao|Sword of Ruin\n|turn|1\n|inactive|cydsdad has 30 seconds left.\n|inactive|Babbozio has 30 seconds left.\n|inactive|Babbozio has 20 seconds left.\n|inactive|Babbozio has 15 seconds left.\n|inactive|Babbozio has 10 seconds left.\n|\n|t:|1683750935\n|switch|p2b: Arcanine|Arcanine, L50, M|100\/100\n|-ability|p2b: Arcanine|Intimidate|boost\n|-unboost|p1a: Maushold|atk|1\n|-unboost|p1b: Iron Hands|atk|1\n|move|p1a: Maushold|Follow Me|p1a: Maushold\n|-singleturn|p1a: Maushold|move: Follow Me\n|move|p2a: Palafin|Flip Turn|p1a: Maushold\n|-damage|p1a: Maushold|71\/100\n|\n|t:|1683750952\n|detailschange|p2a: Palafin|Palafin-Hero, L50, F, shiny\n|switch|p2a: Chien-Pao|Chien-Pao, L50|100\/100|[from] Flip Turn\n|-ability|p2a: Chien-Pao|Sword of Ruin\n|move|p1b: Iron Hands|Belly Drum|p1b: Iron Hands\n|-damage|p1b: Iron Hands|51\/100\n|-setboost|p1b: Iron Hands|atk|6|[from] move: Belly Drum\n|\n|upkeep\n|turn|2\n|\n|t:|1683750973\n|move|p1a: Maushold|Follow Me|p1a: Maushold\n|-singleturn|p1a: Maushold|move: Follow Me\n|move|p2a: Chien-Pao|Sacred Sword|p1a: Maushold\n|-supereffective|p1a: Maushold\n|-damage|p1a: Maushold|0 fnt\n|faint|p1a: Maushold\n|move|p2b: Arcanine|Will-O-Wisp|p1b: Iron Hands\n|-status|p1b: Iron Hands|brn\n|move|p1b: Iron Hands|Drain Punch|p2a: Chien-Pao\n|-supereffective|p2a: Chien-Pao\n|-enditem|p2a: Chien-Pao|Focus Sash\n|-damage|p2a: Chien-Pao|1\/100\n|-heal|p1b: Iron Hands|81\/100 brn|[from] drain|[of] p2a: Chien-Pao\n|\n|-damage|p1b: Iron Hands|74\/100 brn|[from] brn\n|upkeep\n|\n|t:|1683750988\n|switch|p1a: Vivillon|Vivillon-Fancy, L50, M, shiny|100\/100\n|turn|3\n|inactive|Babbozio has 30 seconds left.\n|\n|t:|1683751015\n|move|p1a: Vivillon|Protect|p1a: Vivillon\n|-singleturn|p1a: Vivillon|Protect\n|move|p2b: Arcanine|Extreme Speed|p1a: Vivillon\n|-activate|p1a: Vivillon|move: Protect\n|move|p2a: Chien-Pao|Ice Spinner|p1a: Vivillon\n|-activate|p1a: Vivillon|move: Protect\n|move|p1b: Iron Hands|Rock Slide|p2a: Chien-Pao|[spread] p2b\n|-miss|p1b: Iron Hands|p2a: Chien-Pao\n|-supereffective|p2b: Arcanine\n|-damage|p2b: Arcanine|0 fnt\n|faint|p2b: Arcanine\n|\n|-damage|p1b: Iron Hands|68\/100 brn|[from] brn\n|upkeep\n|\n|t:|1683751033\n|switch|p2b: Palafin|Palafin-Hero, L50, F, shiny|100\/100\n|-activate|p2b: Palafin|ability: Zero to Hero\n|turn|4\n|inactive|cydsdad has 30 seconds left.\n|inactive|cydsdad has 20 seconds left.\n|\n|t:|1683751068\n|-terastallize|p1a: Vivillon|Flying\n|move|p2a: Chien-Pao|Ice Spinner|p1b: Iron Hands\n|-damage|p1b: Iron Hands|42\/100 brn\n|-enditem|p1b: Iron Hands|Sitrus Berry|[eat]\n|-heal|p1b: Iron Hands|67\/100 brn|[from] item: Sitrus Berry\n|move|p2b: Palafin|Wave Crash|p1b: Iron Hands\n|-damage|p1b: Iron Hands|13\/100 brn\n|-damage|p2b: Palafin|76\/100|[from] Recoil\n|move|p1a: Vivillon|Energy Ball|p2a: Chien-Pao\n|-damage|p2a: Chien-Pao|0 fnt\n|faint|p2a: Chien-Pao\n|move|p1b: Iron Hands|Thunder Punch|p2b: Palafin\n|-supereffective|p2b: Palafin\n|-damage|p2b: Palafin|0 fnt\n|faint|p2b: Palafin\n|\n|-damage|p1b: Iron Hands|7\/100 brn|[from] brn\n|upkeep\n|\n|t:|1683751090\n|switch|p2b: Kingambit|Kingambit, L50, F|100\/100\n|turn|5\n|\n|t:|1683751108\n|-terastallize|p2b: Kingambit|Dark\n|move|p1a: Vivillon|Rage Powder|p1a: Vivillon\n|-singleturn|p1a: Vivillon|move: Rage Powder\n|move|p2b: Kingambit|Sucker Punch||[still]\n|-fail|p2b: Kingambit\n|move|p1b: Iron Hands|Drain Punch|p2b: Kingambit\n|-supereffective|p2b: Kingambit\n|-damage|p2b: Kingambit|0 fnt\n|-heal|p1b: Iron Hands|46\/100 brn|[from] drain|[of] p2b: Kingambit\n|faint|p2b: Kingambit\n|\n|win|cydsdad\n|raw|cydsdad's rating: 1082 → 1111<\/strong> (+29 for winning)\n|raw|Babbozio's rating: 1100 → 1074<\/strong> (-26 for losing)\n|l|\u2606Babbozio\n","uploadtime":1683751216,"views":8,"p1id":"cydsdad","p2id":"babbozio","formatid":"gen9vgc2023regulationc","rating":1074,"private":0,"password":""}