{"id":"gen9vgc2023regulationc-1851361078","p1":"M.Power6","p2":"icedragonkid105","format":"[Gen 9] VGC 2023 Regulation C","log":"|j|\u2606M.Power6\n|j|\u2606icedragonkid105\n|t:|1682438898\n|gametype|doubles\n|player|p1|M.Power6|ethan|1154\n|player|p2|icedragonkid105|101|1187\n|teamsize|p1|6\n|teamsize|p2|6\n|gen|9\n|tier|[Gen 9] VGC 2023 Regulation C\n|rated|\n|rule|Species Clause: Limit one of each Pok\u00e9mon\n|rule|Item Clause: Limit one of each item\n|clearpoke\n|poke|p1|Weavile, L50, F|\n|poke|p1|Amoonguss, L50, F|\n|poke|p1|Staraptor, L50, M|\n|poke|p1|Gholdengo, L50|\n|poke|p1|Toxtricity, L50, M|\n|poke|p1|Quaquaval, L50, F|\n|poke|p2|Baxcalibur, L50, M|\n|poke|p2|Flutter Mane, L50|\n|poke|p2|Chi-Yu, L50|\n|poke|p2|Gastrodon-East, L50, M|\n|poke|p2|Iron Bundle, L50|\n|poke|p2|Arcanine, L50, F|\n|teampreview|4\n|inactive|Battle timer is ON: inactive players will automatically lose when time's up. (requested by M.Power6)\n|\n|t:|1682438930\n|start\n|switch|p1a: Staraptor|Staraptor, L50, M|100\/100\n|switch|p1b: Toxtricity|Toxtricity, L50, M|100\/100\n|switch|p2a: Rouge|Flutter Mane, L50, shiny|100\/100\n|switch|p2b: Glacius|Baxcalibur, L50, M|100\/100\n|-ability|p1a: Staraptor|Intimidate|boost\n|-unboost|p2a: Rouge|atk|1\n|-fail|p2b: Glacius|unboost|[from] item: Clear Amulet|[of] p2b: Glacius\n|-enditem|p2a: Rouge|Booster Energy\n|-activate|p2a: Rouge|ability: Protosynthesis|[fromitem]\n|-start|p2a: Rouge|protosynthesisspe\n|turn|1\n|inactive|icedragonkid105 has 30 seconds left.\n|\n|t:|1682438961\n|move|p2b: Glacius|Ice Shard|p1a: Staraptor\n|-supereffective|p1a: Staraptor\n|-damage|p1a: Staraptor|29\/100\n|move|p2a: Rouge|Dazzling Gleam|p1a: Staraptor|[spread] p1a,p1b\n|-resisted|p1b: Toxtricity\n|-damage|p1a: Staraptor|0 fnt\n|-damage|p1b: Toxtricity|76\/100\n|faint|p1a: Staraptor\n|move|p1b: Toxtricity|Sludge Bomb|p2b: Glacius\n|-damage|p2b: Glacius|32\/100\n|-status|p2b: Glacius|psn\n|\n|-damage|p2b: Glacius|20\/100 psn|[from] psn\n|upkeep\n|\n|t:|1682438974\n|switch|p1a: Quaquaval|Quaquaval, L50, F|100\/100\n|turn|2\n|\n|t:|1682438983\n|switch|p2b: K-9|Arcanine, L50, F|100\/100\n|-ability|p2b: K-9|Intimidate|boost\n|-unboost|p1a: Quaquaval|atk|1\n|-unboost|p1b: Toxtricity|atk|1\n|-terastallize|p1a: Quaquaval|Flying\n|move|p2a: Rouge|Dazzling Gleam|p1b: Toxtricity|[spread] p1a,p1b\n|-crit|p1a: Quaquaval\n|-resisted|p1b: Toxtricity\n|-damage|p1a: Quaquaval|35\/100\n|-damage|p1b: Toxtricity|52\/100\n|-enditem|p1a: Quaquaval|Sitrus Berry|[eat]\n|-heal|p1a: Quaquaval|60\/100|[from] item: Sitrus Berry\n|move|p1a: Quaquaval|Aqua Step|p2a: Rouge\n|-damage|p2a: Rouge|53\/100\n|-boost|p1a: Quaquaval|spe|1\n|move|p1b: Toxtricity|Sludge Bomb|p2b: K-9\n|-damage|p2b: K-9|16\/100\n|\n|upkeep\n|turn|3\n|inactive|icedragonkid105 has 30 seconds left.\n|\n|t:|1682439010\n|-terastallize|p2a: Rouge|Steel\n|move|p2a: Rouge|Dazzling Gleam|p1a: Quaquaval|[spread] p1a,p1b\n|-resisted|p1b: Toxtricity\n|-damage|p1a: Quaquaval|18\/100\n|-damage|p1b: Toxtricity|27\/100\n|move|p1a: Quaquaval|Acrobatics|p2a: Rouge\n|-resisted|p2a: Rouge\n|-damage|p2a: Rouge|16\/100\n|move|p2b: K-9|Flare Blitz|p1b: Toxtricity\n|-damage|p1b: Toxtricity|0 fnt\n|faint|p1b: Toxtricity\n|-damage|p2b: K-9|8\/100|[from] Recoil\n|\n|upkeep\n|\n|t:|1682439024\n|switch|p1b: Amoonguss|Amoonguss, L50, F|100\/100\n|turn|4\n|\n|t:|1682439036\n|move|p2b: K-9|Extreme Speed|p1a: Quaquaval\n|-damage|p1a: Quaquaval|0 fnt\n|faint|p1a: Quaquaval\n|move|p1b: Amoonguss|Rage Powder|p1b: Amoonguss\n|-singleturn|p1b: Amoonguss|move: Rage Powder\n|move|p2a: Rouge|Mystical Fire|p1b: Amoonguss\n|-supereffective|p1b: Amoonguss\n|-damage|p1b: Amoonguss|46\/100\n|-unboost|p1b: Amoonguss|spa|1\n|\n|upkeep\n|turn|5\n|-message|M.Power6 forfeited.\n|\n|win|icedragonkid105\n|raw|M.Power6's rating: 1154 → 1131<\/strong> (-23 for losing)\n|raw|icedragonkid105's rating: 1187 → 1210<\/strong> (+23 for winning)\n|l|\u2606M.Power6\n","uploadtime":1682439063,"views":11,"p1id":"mpower6","p2id":"icedragonkid105","formatid":"gen9vgc2023regulationc","rating":1131,"private":0,"password":""}