{"id":"gen9vgc2023regulationc-1850592546","p1":"fonzee3000","p2":"saltyground","format":"[Gen 9] VGC 2023 Regulation C","log":"|j|\u2606fonzee3000\n|j|\u2606saltyground\n|t:|1682351363\n|gametype|doubles\n|player|p1|fonzee3000|steven|1245\n|player|p2|saltyground|unknownf|1333\n|teamsize|p1|6\n|teamsize|p2|6\n|gen|9\n|tier|[Gen 9] VGC 2023 Regulation C\n|rated|\n|rule|Species Clause: Limit one of each Pok\u00e9mon\n|rule|Item Clause: Limit one of each item\n|clearpoke\n|poke|p1|Farigiraf, L50, M|\n|poke|p1|Iron Hands, L50|\n|poke|p1|Garchomp, L50, F|\n|poke|p1|Talonflame, L50, M|\n|poke|p1|Flutter Mane, L50|\n|poke|p1|Amoonguss, L50, M|\n|poke|p2|Hatterene, L50, F|\n|poke|p2|Iron Hands, L50|\n|poke|p2|Ting-Lu, L50|\n|poke|p2|Torkoal, L50, F|\n|poke|p2|Farigiraf, L50, M|\n|poke|p2|Brute Bonnet, L50|\n|teampreview|4\n|inactive|Battle timer is ON: inactive players will automatically lose when time's up. (requested by fonzee3000)\n|inactive|fonzee3000 has 60 seconds left.\n|\n|t:|1682351424\n|start\n|switch|p1a: Flutter Mane|Flutter Mane, L50|100\/100\n|switch|p1b: Iron Hands|Iron Hands, L50, shiny|100\/100\n|switch|p2a: Hatterene|Hatterene, L50, F, shiny|100\/100\n|switch|p2b: Ting-Lu|Ting-Lu, L50|100\/100\n|-ability|p2b: Ting-Lu|Vessel of Ruin\n|-enditem|p1a: Flutter Mane|Booster Energy\n|-activate|p1a: Flutter Mane|ability: Protosynthesis|[fromitem]\n|-start|p1a: Flutter Mane|protosynthesisspa\n|turn|1\n|inactive|fonzee3000 has 30 seconds left.\n|\n|t:|1682351451\n|switch|p2a: Fridge Giraffe|Farigiraf, L50, M, shiny|100\/100\n|move|p1a: Flutter Mane|Moonblast|p2b: Ting-Lu\n|-supereffective|p2b: Ting-Lu\n|-damage|p2b: Ting-Lu|48\/100\n|move|p1b: Iron Hands|Heavy Slam|p2a: Fridge Giraffe\n|-damage|p2a: Fridge Giraffe|80\/100\n|move|p2b: Ting-Lu|Heavy Slam|p1a: Flutter Mane\n|-supereffective|p1a: Flutter Mane\n|-damage|p1a: Flutter Mane|0 fnt\n|faint|p1a: Flutter Mane\n|-end|p1a: Flutter Mane|Protosynthesis|[silent]\n|\n|upkeep\n|\n|t:|1682351463\n|switch|p1a: Amoonguss|Amoonguss, L50, M|100\/100\n|turn|2\n|inactive|saltyground has 30 seconds left.\n|\n|t:|1682351496\n|switch|p2a: Hatterene|Hatterene, L50, F, shiny|100\/100\n|-terastallize|p1b: Iron Hands|Grass\n|move|p1b: Iron Hands|Drain Punch|p2b: Ting-Lu\n|-supereffective|p2b: Ting-Lu\n|-damage|p2b: Ting-Lu|0 fnt\n|faint|p2b: Ting-Lu\n|move|p1a: Amoonguss|Spore|p2a: Hatterene\n|move|p2a: Hatterene|Spore|p1a: Amoonguss|[from]ability: Magic Bounce\n|-immune|p1a: Amoonguss\n|\n|upkeep\n|\n|t:|1682351507\n|switch|p2b: Iron Hands|Iron Hands, L50, shiny|100\/100\n|-enditem|p2b: Iron Hands|Booster Energy\n|-activate|p2b: Iron Hands|ability: Quark Drive|[fromitem]\n|-start|p2b: Iron Hands|quarkdriveatk\n|turn|3\n|inactive|fonzee3000 has 30 seconds left.\n|\n|t:|1682351541\n|-terastallize|p2b: Iron Hands|Grass\n|move|p2b: Iron Hands|Fake Out|p1b: Iron Hands\n|-damage|p1b: Iron Hands|85\/100\n|cant|p1b: Iron Hands|flinch\n|move|p1a: Amoonguss|Pollen Puff|p2a: Hatterene\n|-damage|p2a: Hatterene|81\/100\n|move|p2a: Hatterene|Trick Room|p2a: Hatterene\n|-fieldstart|move: Trick Room|[of] p2a: Hatterene\n|\n|upkeep\n|turn|4\n|inactive|saltyground has 30 seconds left.\n|inactive|fonzee3000 has 30 seconds left.\n|inactive|saltyground has 20 seconds left.\n|inactive|saltyground has 15 seconds left.\n|inactive|saltyground has 10 seconds left.\n|\n|t:|1682351589\n|move|p2a: Hatterene|Mystical Fire|p1b: Iron Hands\n|-supereffective|p1b: Iron Hands\n|-damage|p1b: Iron Hands|52\/100\n|-unboost|p1b: Iron Hands|spa|1\n|move|p1a: Amoonguss|Pollen Puff|p1b: Iron Hands\n|-heal|p1b: Iron Hands|100\/100\n|move|p2b: Iron Hands|Close Combat|p1b: Iron Hands\n|-damage|p1b: Iron Hands|36\/100\n|-unboost|p2b: Iron Hands|def|1\n|-unboost|p2b: Iron Hands|spd|1\n|move|p1b: Iron Hands|Heavy Slam|p2a: Hatterene\n|-supereffective|p2a: Hatterene\n|-damage|p2a: Hatterene|0 fnt\n|-damage|p1b: Iron Hands|20\/100|[from] item: Rocky Helmet|[of] p2a: Hatterene\n|faint|p2a: Hatterene\n|\n|upkeep\n|\n|t:|1682351605\n|switch|p2a: Fridge Giraffe|Farigiraf, L50, M, shiny|80\/100\n|turn|5\n|inactive|saltyground has 30 seconds left.\n|inactive|fonzee3000 has 30 seconds left.\n|inactive|fonzee3000 has 20 seconds left.\n|\n|t:|1682351653\n|move|p1a: Amoonguss|Pollen Puff|p1b: Iron Hands\n|-heal|p1b: Iron Hands|70\/100\n|move|p2b: Iron Hands|Close Combat|p1a: Amoonguss\n|-resisted|p1a: Amoonguss\n|-damage|p1a: Amoonguss|63\/100\n|-unboost|p2b: Iron Hands|def|1\n|-unboost|p2b: Iron Hands|spd|1\n|-damage|p2b: Iron Hands|84\/100|[from] item: Rocky Helmet|[of] p1a: Amoonguss\n|move|p2a: Fridge Giraffe|Hyper Voice|p1a: Amoonguss|[spread] p1a,p1b\n|-damage|p1a: Amoonguss|41\/100\n|-damage|p1b: Iron Hands|55\/100\n|move|p1b: Iron Hands|Drain Punch|p2a: Fridge Giraffe\n|-damage|p2a: Fridge Giraffe|39\/100\n|-heal|p1b: Iron Hands|74\/100|[from] drain|[of] p2a: Fridge Giraffe\n|-enditem|p2a: Fridge Giraffe|Sitrus Berry|[eat]\n|-heal|p2a: Fridge Giraffe|64\/100|[from] item: Sitrus Berry\n|\n|upkeep\n|turn|6\n|inactive|fonzee3000 has 30 seconds left.\n|\n|t:|1682351679\n|move|p1a: Amoonguss|Spore|p2a: Fridge Giraffe\n|-status|p2a: Fridge Giraffe|slp|[from] move: Spore\n|move|p2b: Iron Hands|Close Combat|p1b: Iron Hands\n|-damage|p1b: Iron Hands|9\/100\n|-unboost|p2b: Iron Hands|def|1\n|-unboost|p2b: Iron Hands|spd|1\n|cant|p2a: Fridge Giraffe|slp\n|move|p1b: Iron Hands|Drain Punch|p2b: Iron Hands\n|-damage|p2b: Iron Hands|8\/100\n|-heal|p1b: Iron Hands|46\/100|[from] drain|[of] p2b: Iron Hands\n|\n|upkeep\n|turn|7\n|\n|t:|1682351697\n|move|p1a: Amoonguss|Pollen Puff|p2b: Iron Hands\n|-supereffective|p2b: Iron Hands\n|-damage|p2b: Iron Hands|0 fnt\n|faint|p2b: Iron Hands\n|-end|p2b: Iron Hands|Quark Drive|[silent]\n|cant|p2a: Fridge Giraffe|slp\n|move|p1b: Iron Hands|Drain Punch|p2a: Fridge Giraffe\n|-damage|p2a: Fridge Giraffe|24\/100 slp\n|-heal|p1b: Iron Hands|64\/100|[from] drain|[of] p2a: Fridge Giraffe\n|\n|-fieldend|move: Trick Room\n|upkeep\n|turn|8\n|-message|saltyground forfeited.\n|\n|win|fonzee3000\n|raw|fonzee3000's rating: 1245 → 1276<\/strong> (+31 for winning)\n|raw|saltyground's rating: 1333 → 1308<\/strong> (-25 for losing)\n|l|\u2606saltyground\n","uploadtime":1682351712,"views":21,"p1id":"fonzee3000","p2id":"saltyground","formatid":"gen9vgc2023regulationc","rating":1276,"private":0,"password":""}