{"id":"gen9vgc2023regulationc-1853412928","p1":"soso_1410","p2":"haha u rage quit","format":"[Gen 9] VGC 2023 Regulation C","log":"|j|\u2606soso_1410\n|j|\u2606haha u rage quit\n|t:|1682682053\n|gametype|doubles\n|player|p1|soso_1410|pokemonbreeder-gen4|1145\n|player|p2|haha u rage quit|pokemaniac|1241\n|teamsize|p1|6\n|teamsize|p2|6\n|gen|9\n|tier|[Gen 9] VGC 2023 Regulation C\n|rated|\n|rule|Species Clause: Limit one of each Pok\u00e9mon\n|rule|Item Clause: Limit one of each item\n|clearpoke\n|poke|p1|Flutter Mane, L50|\n|poke|p1|Amoonguss, L50, M|\n|poke|p1|Espathra, L50, F|\n|poke|p1|Gholdengo, L50|\n|poke|p1|Hydreigon, L50, M|\n|poke|p1|Scream Tail, L50|\n|poke|p2|Roaring Moon, L50|\n|poke|p2|Hippowdon, L50, M|\n|poke|p2|Tyranitar, L50, M|\n|poke|p2|Great Tusk, L50|\n|poke|p2|Garchomp, L50, M|\n|poke|p2|Lycanroc, L50, M|\n|teampreview|4\n|inactive|Battle timer is ON: inactive players will automatically lose when time's up. (requested by soso_1410)\n|inactive|soso_1410 has 60 seconds left.\n|inactive|haha u rage quit has 60 seconds left.\n|inactive|haha u rage quit has 30 seconds left.\n|\n|t:|1682682120\n|start\n|switch|p1a: Espathra|Espathra, L50, F|100\/100\n|switch|p1b: Scream Tail|Scream Tail, L50|100\/100\n|switch|p2a: Lycanroc|Lycanroc, L50, M|100\/100\n|switch|p2b: Tyranitar|Tyranitar, L50, M|100\/100\n|-weather|Sandstorm|[from] ability: Sand Stream|[of] p2b: Tyranitar\n|turn|1\n|\n|t:|1682682135\n|move|p1a: Espathra|Protect|p1a: Espathra\n|-singleturn|p1a: Espathra|Protect\n|move|p2a: Lycanroc|Rock Slide|p1a: Espathra|[spread] p1b\n|-activate|p1a: Espathra|move: Protect\n|-damage|p1b: Scream Tail|77\/100\n|cant|p1b: Scream Tail|flinch\n|move|p2b: Tyranitar|Heavy Slam|p1b: Scream Tail\n|-supereffective|p1b: Scream Tail\n|-damage|p1b: Scream Tail|10\/100\n|\n|-weather|Sandstorm|[upkeep]\n|-damage|p1b: Scream Tail|5\/100|[from] Sandstorm\n|-damage|p1a: Espathra|95\/100|[from] Sandstorm\n|-ability|p1a: Espathra|Speed Boost|boost\n|-boost|p1a: Espathra|spe|1\n|upkeep\n|turn|2\n|\n|t:|1682682153\n|move|p2a: Lycanroc|Rock Slide|p1b: Scream Tail|[spread] p1a,p1b\n|-crit|p1a: Espathra\n|-crit|p1b: Scream Tail\n|-damage|p1a: Espathra|45\/100\n|-damage|p1b: Scream Tail|0 fnt\n|-enditem|p1a: Espathra|Sitrus Berry|[eat]\n|-heal|p1a: Espathra|70\/100|[from] item: Sitrus Berry\n|faint|p1b: Scream Tail\n|-end|p1b: Scream Tail|Protosynthesis|[silent]\n|move|p1a: Espathra|Lumina Crash|p2a: Lycanroc\n|-damage|p2a: Lycanroc|66\/100\n|-unboost|p2a: Lycanroc|spd|2\n|move|p2b: Tyranitar|Crunch|p1a: Espathra\n|-supereffective|p1a: Espathra\n|-damage|p1a: Espathra|0 fnt\n|faint|p1a: Espathra\n|\n|-weather|Sandstorm|[upkeep]\n|upkeep\n|\n|t:|1682682168\n|switch|p1b: Flutter Mane|Flutter Mane, L50|100\/100\n|switch|p1a: Gholdengo|Gholdengo, L50|100\/100\n|-enditem|p1b: Flutter Mane|Booster Energy\n|-activate|p1b: Flutter Mane|ability: Protosynthesis|[fromitem]\n|-start|p1b: Flutter Mane|protosynthesisspe\n|turn|3\n|\n|t:|1682682184\n|-terastallize|p1b: Flutter Mane|Fairy\n|-terastallize|p2b: Tyranitar|Flying\n|move|p2a: Lycanroc|Endure|p2a: Lycanroc\n|-singleturn|p2a: Lycanroc|move: Endure\n|move|p1b: Flutter Mane|Dazzling Gleam|p2a: Lycanroc|[spread] p2a,p2b\n|-activate|p2a: Lycanroc|move: Endure\n|-damage|p2a: Lycanroc|1\/100\n|-damage|p2b: Tyranitar|71\/100\n|move|p1a: Gholdengo|Flash Cannon|p2b: Tyranitar\n|-damage|p2b: Tyranitar|43\/100\n|move|p2b: Tyranitar|Crunch|p1a: Gholdengo\n|-supereffective|p1a: Gholdengo\n|-damage|p1a: Gholdengo|10\/100\n|\n|-weather|Sandstorm|[upkeep]\n|-damage|p1b: Flutter Mane|94\/100|[from] Sandstorm\n|-damage|p2b: Tyranitar|37\/100|[from] Sandstorm\n|upkeep\n|turn|4\n|inactive|haha u rage quit has 30 seconds left.\n|\n|t:|1682682211\n|move|p2a: Lycanroc|Endeavor|p1b: Flutter Mane\n|-damage|p1b: Flutter Mane|1\/100\n|move|p1b: Flutter Mane|Dazzling Gleam|p2b: Tyranitar|[spread] p2a,p2b\n|-crit|p2a: Lycanroc\n|-damage|p2a: Lycanroc|0 fnt\n|-damage|p2b: Tyranitar|11\/100\n|faint|p2a: Lycanroc\n|move|p1a: Gholdengo|Dazzling Gleam|p2b: Tyranitar\n|-damage|p2b: Tyranitar|0 fnt\n|faint|p2b: Tyranitar\n|\n|-weather|Sandstorm|[upkeep]\n|-damage|p1b: Flutter Mane|0 fnt|[from] Sandstorm\n|faint|p1b: Flutter Mane\n|-end|p1b: Flutter Mane|Protosynthesis|[silent]\n|upkeep\n|\n|t:|1682682218\n|switch|p2a: Roaring Moon|Roaring Moon, L50|100\/100\n|switch|p2b: Great Tusk|Great Tusk, L50, shiny|100\/100\n|-enditem|p2a: Roaring Moon|Booster Energy\n|-activate|p2a: Roaring Moon|ability: Protosynthesis|[fromitem]\n|-start|p2a: Roaring Moon|protosynthesisspe\n|turn|5\n|\n|t:|1682682227\n|move|p2a: Roaring Moon|Tailwind|p2a: Roaring Moon\n|-sidestart|p2: haha u rage quit|move: Tailwind\n|move|p2b: Great Tusk|Headlong Rush|p1a: Gholdengo\n|-supereffective|p1a: Gholdengo\n|-damage|p1a: Gholdengo|0 fnt\n|-unboost|p2b: Great Tusk|def|1\n|-unboost|p2b: Great Tusk|spd|1\n|faint|p1a: Gholdengo\n|\n|win|haha u rage quit\n|raw|soso_1410's rating: 1145 → 1127<\/strong> (-18 for losing)\n|raw|haha u rage quit's rating: 1241 → 1259<\/strong> (+18 for winning)\n|l|\u2606soso_1410\n","uploadtime":1682682242,"views":14,"p1id":"soso1410","p2id":"hahauragequit","formatid":"gen9vgc2023regulationc","rating":1127,"private":0,"password":""}