{"id":"gen9vgc2023regulationc-1851774981","p1":"anshar_training","p2":"Philzkidd","format":"[Gen 9] VGC 2023 Regulation C","log":"|j|\u2606anshar_training\n|j|\u2606Philzkidd\n|t:|1682481602\n|gametype|doubles\n|player|p1|anshar_training|pokemaniac|1179\n|player|p2|Philzkidd|102|1124\n|teamsize|p1|6\n|teamsize|p2|6\n|gen|9\n|tier|[Gen 9] VGC 2023 Regulation C\n|rated|\n|rule|Species Clause: Limit one of each Pok\u00e9mon\n|rule|Item Clause: Limit one of each item\n|clearpoke\n|poke|p1|Dragapult, L50, M|\n|poke|p1|Amoonguss, L50, M|\n|poke|p1|Chien-Pao, L50|\n|poke|p1|Arcanine, L50, M|\n|poke|p1|Flutter Mane, L50|\n|poke|p1|Palafin, L50, M|\n|poke|p2|Chien-Pao, L50|\n|poke|p2|Dragonite, L50, M|\n|poke|p2|Arcanine, L50, M|\n|poke|p2|Flutter Mane, L50|\n|poke|p2|Kingambit, L50, M|\n|poke|p2|Palafin, L50, F|\n|teampreview|4\n|\n|t:|1682481646\n|start\n|switch|p1a: PlusUltra|Palafin, L50, M|100\/100\n|switch|p1b: Maverick|Dragapult, L50, M|100\/100\n|switch|p2a: Flutter Mane|Flutter Mane, L50|100\/100\n|switch|p2b: Palafin|Palafin, L50, F|100\/100\n|turn|1\n|\n|t:|1682481681\n|detailschange|p1a: PlusUltra|Palafin-Hero, L50, M\n|switch|p1a: Elena|Flutter Mane, L50|100\/100\n|-enditem|p1a: Elena|Booster Energy\n|-activate|p1a: Elena|ability: Protosynthesis|[fromitem]\n|-start|p1a: Elena|protosynthesisspe\n|-terastallize|p1b: Maverick|Steel\n|move|p2b: Palafin|Jet Punch|p1b: Maverick\n|-damage|p1b: Maverick|61\/100\n|move|p1b: Maverick|Tera Blast|p2a: Flutter Mane\n|-supereffective|p2a: Flutter Mane\n|-damage|p2a: Flutter Mane|0 fnt\n|faint|p2a: Flutter Mane\n|-end|p2a: Flutter Mane|Protosynthesis|[silent]\n|\n|upkeep\n|\n|t:|1682481694\n|switch|p2a: Arcanine|Arcanine, L50, M|100\/100\n|-ability|p2a: Arcanine|Intimidate|boost\n|-unboost|p1a: Elena|atk|1\n|-fail|p1b: Maverick|unboost|[from] ability: Clear Body|[of] p1b: Maverick\n|turn|2\n|\n|t:|1682481710\n|switch|p1b: PlusUltra|Palafin-Hero, L50, M|100\/100\n|-activate|p1b: PlusUltra|ability: Zero to Hero\n|move|p2b: Palafin|Jet Punch|p1a: Elena\n|-damage|p1a: Elena|44\/100\n|move|p1a: Elena|Dazzling Gleam|p2b: Palafin|[spread] p2a,p2b\n|-resisted|p2a: Arcanine\n|-damage|p2a: Arcanine|83\/100\n|-damage|p2b: Palafin|61\/100\n|move|p2a: Arcanine|Flare Blitz|p1b: PlusUltra\n|-resisted|p1b: PlusUltra\n|-damage|p1b: PlusUltra|75\/100\n|-status|p1b: PlusUltra|brn\n|-damage|p2a: Arcanine|75\/100|[from] Recoil\n|\n|-damage|p1b: PlusUltra|69\/100 brn|[from] brn\n|upkeep\n|turn|3\n|\n|t:|1682481734\n|detailschange|p2b: Palafin|Palafin-Hero, L50, F\n|switch|p2b: Chien-Pao|Chien-Pao, L50|100\/100\n|-ability|p2b: Chien-Pao|Sword of Ruin\n|move|p1a: Elena|Protect|p1a: Elena\n|-singleturn|p1a: Elena|Protect\n|move|p2a: Arcanine|Protect|p2a: Arcanine\n|-singleturn|p2a: Arcanine|Protect\n|move|p1b: PlusUltra|Jet Punch|p2a: Arcanine\n|-activate|p2a: Arcanine|move: Protect\n|\n|-damage|p1b: PlusUltra|63\/100 brn|[from] brn\n|upkeep\n|turn|4\n|\n|t:|1682481766\n|-end|p1a: Elena|Protosynthesis|[silent]\n|switch|p1a: Maverick|Dragapult, L50, M, tera:Steel|61\/100\n|-terastallize|p2a: Arcanine|Flying\n|move|p2b: Chien-Pao|Protect|p2b: Chien-Pao\n|-singleturn|p2b: Chien-Pao|Protect\n|move|p2a: Arcanine|Extreme Speed|p1b: PlusUltra\n|-damage|p1b: PlusUltra|35\/100 brn\n|move|p1b: PlusUltra|Wave Crash|p2a: Arcanine\n|-damage|p2a: Arcanine|13\/100\n|-damage|p1b: PlusUltra|12\/100 brn|[from] Recoil\n|\n|-damage|p1b: PlusUltra|6\/100 brn|[from] brn\n|upkeep\n|turn|5\n|\n|t:|1682481804\n|move|p2a: Arcanine|Protect|p2a: Arcanine\n|-singleturn|p2a: Arcanine|Protect\n|move|p1b: PlusUltra|Jet Punch|p2a: Arcanine\n|-activate|p2a: Arcanine|move: Protect\n|move|p1a: Maverick|Dragon Darts|p2b: Chien-Pao\n|-damage|p2b: Chien-Pao|46\/100\n|-anim|p1a: Maverick|Dragon Darts|p2b: Chien-Pao\n|-damage|p2b: Chien-Pao|0 fnt\n|faint|p2b: Chien-Pao\n|\n|-damage|p1b: PlusUltra|0 fnt|[from] brn\n|faint|p1b: PlusUltra\n|upkeep\n|\n|t:|1682481818\n|switch|p2b: Palafin|Palafin-Hero, L50, F|61\/100\n|switch|p1b: Dogordito|Arcanine, L50, M|100\/100\n|-activate|p2b: Palafin|ability: Zero to Hero\n|-ability|p1b: Dogordito|Intimidate|boost\n|-unboost|p2a: Arcanine|atk|1\n|-unboost|p2b: Palafin|atk|1\n|turn|6\n|\n|t:|1682481843\n|move|p2a: Arcanine|Extreme Speed|p1a: Maverick\n|-resisted|p1a: Maverick\n|-damage|p1a: Maverick|50\/100\n|move|p1b: Dogordito|Extreme Speed|p2b: Palafin\n|-damage|p2b: Palafin|44\/100\n|move|p2b: Palafin|Jet Punch|p1b: Dogordito\n|-supereffective|p1b: Dogordito\n|-damage|p1b: Dogordito|27\/100\n|move|p1a: Maverick|Dragon Darts|p2b: Palafin\n|-damage|p2b: Palafin|11\/100\n|-anim|p1a: Maverick|Dragon Darts|p2a: Arcanine\n|-damage|p2a: Arcanine|0 fnt\n|faint|p2a: Arcanine\n|\n|upkeep\n|turn|7\n|\n|t:|1682481866\n|move|p1b: Dogordito|Extreme Speed|p2b: Palafin\n|-damage|p2b: Palafin|0 fnt\n|faint|p2b: Palafin\n|\n|win|anshar_training\n|raw|anshar_training's rating: 1179 → 1200<\/strong> (+21 for winning)\n|raw|Philzkidd's rating: 1124 → 1103<\/strong> (-21 for losing)\n","uploadtime":1682481874,"views":10,"p1id":"anshartraining","p2id":"philzkidd","formatid":"gen9vgc2023regulationc","rating":1103,"private":0,"password":""}