{"id":"gen9vgc2023regulationc-1859705297","p1":"Placidbee","p2":"SlitherWingVGC","format":"[Gen 9] VGC 2023 Regulation C","log":"|j|\u2606Placidbee\n|j|\u2606SlitherWingVGC\n|t:|1683557668\n|gametype|doubles\n|player|p1|Placidbee|parasollady|1151\n|player|p2|SlitherWingVGC|cheren-gen5bw2|1187\n|teamsize|p1|6\n|teamsize|p2|6\n|gen|9\n|tier|[Gen 9] VGC 2023 Regulation C\n|rated|\n|rule|Species Clause: Limit one of each Pok\u00e9mon\n|rule|Item Clause: Limit one of each item\n|clearpoke\n|poke|p1|Ceruledge, L50, M|\n|poke|p1|Torkoal, L50, F|\n|poke|p1|Kingambit, L50, M|\n|poke|p1|Rotom-Wash, L50|\n|poke|p1|Arboliva, L50, M|\n|poke|p1|Flutter Mane, L50|\n|poke|p2|Slither Wing, L50|\n|poke|p2|Ting-Lu, L50|\n|poke|p2|Scream Tail, L50|\n|poke|p2|Ceruledge, L50, F|\n|poke|p2|Gastrodon-East, L50, F|\n|poke|p2|Baxcalibur, L50, M|\n|teampreview|4\n|\n|t:|1683557706\n|start\n|switch|p1a: Ceruledge|Ceruledge, L50, M|100\/100\n|switch|p1b: Flutter Mane|Flutter Mane, L50|100\/100\n|switch|p2a: Gastrodon|Gastrodon-East, L50, F|100\/100\n|switch|p2b: Ting-Lu|Ting-Lu, L50|100\/100\n|-ability|p2b: Ting-Lu|Vessel of Ruin\n|turn|1\n|\n|t:|1683557725\n|move|p1b: Flutter Mane|Substitute|p1b: Flutter Mane\n|-start|p1b: Flutter Mane|Substitute\n|-damage|p1b: Flutter Mane|76\/100\n|move|p1a: Ceruledge|Brick Break|p2b: Ting-Lu\n|-supereffective|p2b: Ting-Lu\n|-damage|p2b: Ting-Lu|72\/100\n|move|p2b: Ting-Lu|Heavy Slam|p1b: Flutter Mane\n|-supereffective|p1b: Flutter Mane\n|-crit|p1b: Flutter Mane\n|-end|p1b: Flutter Mane|Substitute\n|move|p2a: Gastrodon|Muddy Water|p1a: Ceruledge|[spread] p1a\n|-miss|p2a: Gastrodon|p1b: Flutter Mane\n|-supereffective|p1a: Ceruledge\n|-damage|p1a: Ceruledge|74\/100\n|-unboost|p1a: Ceruledge|accuracy|1\n|\n|-heal|p1b: Flutter Mane|82\/100|[from] item: Leftovers\n|-heal|p2b: Ting-Lu|78\/100|[from] item: Leftovers\n|upkeep\n|turn|2\n|\n|t:|1683557751\n|-end|p1b: Flutter Mane|Protosynthesis|[silent]\n|switch|p1b: Rotom|Rotom-Wash, L50|100\/100\n|switch|p1a: Arboliva|Arboliva, L50, M|100\/100\n|-terastallize|p2b: Ting-Lu|Water\n|move|p2b: Ting-Lu|Heavy Slam|p1b: Rotom\n|-resisted|p1b: Rotom\n|-damage|p1b: Rotom|88\/100\n|move|p2a: Gastrodon|Muddy Water|p1b: Rotom|[spread] p1a,p1b\n|-resisted|p1a: Arboliva\n|-resisted|p1b: Rotom\n|-damage|p1a: Arboliva|94\/100\n|-damage|p1b: Rotom|75\/100\n|\n|-heal|p2b: Ting-Lu|84\/100|[from] item: Leftovers\n|upkeep\n|turn|3\n|\n|t:|1683557771\n|move|p1b: Rotom|Will-O-Wisp|p2b: Ting-Lu\n|-status|p2b: Ting-Lu|brn\n|move|p2b: Ting-Lu|Ruination|p1b: Rotom\n|-damage|p1b: Rotom|38\/100\n|move|p2a: Gastrodon|Ice Beam|p1a: Arboliva\n|-supereffective|p1a: Arboliva\n|-crit|p1a: Arboliva\n|-damage|p1a: Arboliva|56\/100\n|move|p1a: Arboliva|Substitute|p1a: Arboliva\n|-start|p1a: Arboliva|Substitute\n|-damage|p1a: Arboliva|31\/100\n|-enditem|p1a: Arboliva|Sitrus Berry|[eat]\n|-heal|p1a: Arboliva|56\/100|[from] item: Sitrus Berry\n|\n|-heal|p2b: Ting-Lu|90\/100 brn|[from] item: Leftovers\n|-damage|p2b: Ting-Lu|84\/100 brn|[from] brn\n|upkeep\n|turn|4\n|\n|t:|1683557791\n|move|p1b: Rotom|Light Screen|p1b: Rotom\n|-sidestart|p1: Placidbee|move: Light Screen\n|move|p2b: Ting-Lu|Ruination|p1b: Rotom\n|-damage|p1b: Rotom|20\/100\n|move|p2a: Gastrodon|Ice Beam|p1a: Arboliva\n|-supereffective|p1a: Arboliva\n|-crit|p1a: Arboliva\n|-end|p1a: Arboliva|Substitute\n|move|p1a: Arboliva|Leech Seed|p2a: Gastrodon\n|-start|p2a: Gastrodon|move: Leech Seed\n|\n|-heal|p2b: Ting-Lu|90\/100 brn|[from] item: Leftovers\n|-damage|p2a: Gastrodon|88\/100|[from] Leech Seed|[of] p1a: Arboliva\n|-heal|p1a: Arboliva|70\/100|[silent]\n|-damage|p2b: Ting-Lu|84\/100 brn|[from] brn\n|upkeep\n|turn|5\n|\n|t:|1683557812\n|move|p2b: Ting-Lu|Protect|p2b: Ting-Lu\n|-singleturn|p2b: Ting-Lu|Protect\n|move|p1b: Rotom|Reflect|p1b: Rotom\n|-sidestart|p1: Placidbee|Reflect\n|move|p2a: Gastrodon|Ice Beam|p1a: Arboliva\n|-supereffective|p1a: Arboliva\n|-damage|p1a: Arboliva|55\/100\n|move|p1a: Arboliva|Substitute|p1a: Arboliva\n|-start|p1a: Arboliva|Substitute\n|-damage|p1a: Arboliva|30\/100\n|\n|-heal|p2b: Ting-Lu|90\/100 brn|[from] item: Leftovers\n|-damage|p2a: Gastrodon|76\/100|[from] Leech Seed|[of] p1a: Arboliva\n|-heal|p1a: Arboliva|44\/100|[silent]\n|-damage|p2b: Ting-Lu|84\/100 brn|[from] brn\n|-item|p1a: Arboliva|Sitrus Berry|[from] ability: Harvest\n|upkeep\n|-enditem|p1a: Arboliva|Sitrus Berry|[eat]\n|-heal|p1a: Arboliva|69\/100|[from] item: Sitrus Berry\n|turn|6\n|\n|t:|1683557838\n|switch|p2b: Scream Tail|Scream Tail, L50|100\/100\n|-enditem|p2b: Scream Tail|Booster Energy\n|-activate|p2b: Scream Tail|ability: Protosynthesis|[fromitem]\n|-start|p2b: Scream Tail|protosynthesisspe\n|switch|p2a: Ceruledge|Ceruledge, L50, F|100\/100\n|move|p1b: Rotom|Will-O-Wisp|p2a: Ceruledge\n|-start|p2a: Ceruledge|ability: Flash Fire\n|move|p1a: Arboliva|Leech Seed|p2b: Scream Tail|[miss]\n|-miss|p1a: Arboliva|p2b: Scream Tail\n|\n|-item|p1a: Arboliva|Sitrus Berry|[from] ability: Harvest\n|upkeep\n|turn|7\n|\n|t:|1683557855\n|switch|p1b: Ceruledge|Ceruledge, L50, M|74\/100\n|move|p2a: Ceruledge|Shadow Sneak|p1b: Ceruledge\n|-supereffective|p1b: Ceruledge\n|-damage|p1b: Ceruledge|52\/100\n|move|p2b: Scream Tail|Howl|p2b: Scream Tail|[spread] p2a,p2b\n|-boost|p2a: Ceruledge|atk|1\n|-boost|p2b: Scream Tail|atk|1\n|move|p1a: Arboliva|Leech Seed|p2b: Scream Tail\n|-start|p2b: Scream Tail|move: Leech Seed\n|\n|-damage|p2b: Scream Tail|88\/100|[from] Leech Seed|[of] p1a: Arboliva\n|-heal|p1a: Arboliva|84\/100|[silent]\n|upkeep\n|turn|8\n|\n|t:|1683557881\n|move|p2b: Scream Tail|Howl|p2b: Scream Tail|[spread] p2a,p2b\n|-boost|p2a: Ceruledge|atk|1\n|-boost|p2b: Scream Tail|atk|1\n|move|p2a: Ceruledge|Bitter Blade|p1a: Arboliva\n|-supereffective|p1a: Arboliva\n|-end|p1a: Arboliva|Substitute\n|move|p1b: Ceruledge|Bitter Blade|p2b: Scream Tail\n|-damage|p2b: Scream Tail|53\/100\n|-heal|p1b: Ceruledge|74\/100|[from] drain|[of] p2b: Scream Tail\n|move|p1a: Arboliva|Leech Seed|p2a: Ceruledge\n|-start|p2a: Ceruledge|move: Leech Seed\n|\n|-damage|p2b: Scream Tail|41\/100|[from] Leech Seed|[of] p1a: Arboliva\n|-heal|p1a: Arboliva|98\/100|[silent]\n|-damage|p2a: Ceruledge|88\/100|[from] Leech Seed|[of] p1a: Arboliva\n|-heal|p1a: Arboliva|100\/100|[silent]\n|upkeep\n|turn|9\n|\n|t:|1683557906\n|move|p1a: Arboliva|Protect|p1a: Arboliva\n|-singleturn|p1a: Arboliva|Protect\n|move|p1b: Ceruledge|Shadow Sneak|p2b: Scream Tail\n|-supereffective|p2b: Scream Tail\n|-damage|p2b: Scream Tail|9\/100\n|move|p2b: Scream Tail|Disable|p1b: Ceruledge\n|-start|p1b: Ceruledge|Disable|Shadow Sneak\n|move|p2a: Ceruledge|Bitter Blade|p1a: Arboliva\n|-activate|p1a: Arboliva|move: Protect\n|\n|-damage|p2b: Scream Tail|0 fnt|[from] Leech Seed|[of] p1a: Arboliva\n|faint|p2b: Scream Tail\n|-end|p2b: Scream Tail|Protosynthesis|[silent]\n|-damage|p2a: Ceruledge|76\/100|[from] Leech Seed|[of] p1a: Arboliva\n|upkeep\n|\n|t:|1683557919\n|switch|p2b: Gastrodon|Gastrodon-East, L50, F|76\/100\n|turn|10\n|\n|t:|1683557937\n|switch|p1b: Rotom|Rotom-Wash, L50|20\/100\n|-terastallize|p1a: Arboliva|Water\n|move|p2a: Ceruledge|Bitter Blade|p1a: Arboliva\n|-resisted|p1a: Arboliva\n|-damage|p1a: Arboliva|56\/100\n|-heal|p2a: Ceruledge|99\/100|[from] drain|[of] p1a: Arboliva\n|move|p2b: Gastrodon|Earth Power|p1b: Rotom\n|-immune|p1b: Rotom|[from] ability: Levitate\n|move|p1a: Arboliva|Leech Seed|p2b: Gastrodon\n|-start|p2b: Gastrodon|move: Leech Seed\n|\n|-damage|p2a: Ceruledge|87\/100|[from] Leech Seed|[of] p1a: Arboliva\n|-heal|p1a: Arboliva|68\/100|[silent]\n|-damage|p2b: Gastrodon|63\/100|[from] Leech Seed|[of] p1a: Arboliva\n|-heal|p1a: Arboliva|83\/100|[silent]\n|upkeep\n|turn|11\n|\n|t:|1683557962\n|move|p1a: Arboliva|Protect|p1a: Arboliva\n|-singleturn|p1a: Arboliva|Protect\n|move|p2a: Ceruledge|Shadow Sneak|p1b: Rotom\n|-damage|p1b: Rotom|0 fnt\n|faint|p1b: Rotom\n|move|p2b: Gastrodon|Earth Power|p1a: Arboliva\n|-activate|p1a: Arboliva|move: Protect\n|\n|-damage|p2a: Ceruledge|75\/100|[from] Leech Seed|[of] p1a: Arboliva\n|-heal|p1a: Arboliva|95\/100|[silent]\n|-damage|p2b: Gastrodon|51\/100|[from] Leech Seed|[of] p1a: Arboliva\n|-heal|p1a: Arboliva|100\/100|[silent]\n|-sideend|p1: Placidbee|move: Light Screen\n|upkeep\n|\n|t:|1683557976\n|switch|p1b: Ceruledge|Ceruledge, L50, M|74\/100\n|turn|12\n|\n|t:|1683557985\n|move|p2a: Ceruledge|Shadow Sneak|p1b: Ceruledge\n|-supereffective|p1b: Ceruledge\n|-damage|p1b: Ceruledge|27\/100\n|move|p1b: Ceruledge|Shadow Sneak|p2a: Ceruledge\n|-supereffective|p2a: Ceruledge\n|-damage|p2a: Ceruledge|35\/100\n|move|p2b: Gastrodon|Recover|p2b: Gastrodon\n|-heal|p2b: Gastrodon|100\/100\n|move|p1a: Arboliva|Substitute|p1a: Arboliva\n|-start|p1a: Arboliva|Substitute\n|-damage|p1a: Arboliva|75\/100\n|\n|-damage|p2a: Ceruledge|23\/100|[from] Leech Seed|[of] p1a: Arboliva\n|-heal|p1a: Arboliva|87\/100|[silent]\n|-damage|p2b: Gastrodon|88\/100|[from] Leech Seed|[of] p1a: Arboliva\n|-heal|p1a: Arboliva|100\/100|[silent]\n|-sideend|p1: Placidbee|Reflect\n|upkeep\n|turn|13\n|\n|t:|1683558008\n|-end|p2a: Ceruledge|ability: Flash Fire|[silent]\n|switch|p2a: Ting-Lu|Ting-Lu, L50, tera:Water|84\/100 brn\n|-ability|p2a: Ting-Lu|Vessel of Ruin\n|move|p1a: Arboliva|Protect|p1a: Arboliva\n|-singleturn|p1a: Arboliva|Protect\n|move|p1b: Ceruledge|Shadow Sneak|p2a: Ting-Lu\n|-damage|p2a: Ting-Lu|73\/100 brn\n|move|p2b: Gastrodon|Earth Power|p1b: Ceruledge\n|-supereffective|p1b: Ceruledge\n|-damage|p1b: Ceruledge|0 fnt\n|faint|p1b: Ceruledge\n|\n|-heal|p2a: Ting-Lu|79\/100 brn|[from] item: Leftovers\n|-damage|p2b: Gastrodon|76\/100|[from] Leech Seed|[of] p1a: Arboliva\n|-damage|p2a: Ting-Lu|73\/100 brn|[from] brn\n|upkeep\n|\n|t:|1683558024\n|switch|p1b: Flutter Mane|Flutter Mane, L50|82\/100\n|turn|14\n|\n|t:|1683558036\n|move|p1b: Flutter Mane|Moonblast|p2a: Ting-Lu\n|-damage|p2a: Ting-Lu|54\/100 brn\n|move|p2a: Ting-Lu|Heavy Slam|p1b: Flutter Mane\n|-supereffective|p1b: Flutter Mane\n|-damage|p1b: Flutter Mane|19\/100\n|move|p2b: Gastrodon|Earth Power|p1a: Arboliva\n|-activate|p1a: Arboliva|move: Substitute|[damage]\n|move|p1a: Arboliva|Leech Seed|p2a: Ting-Lu\n|-start|p2a: Ting-Lu|move: Leech Seed\n|\n|-heal|p1b: Flutter Mane|25\/100|[from] item: Leftovers\n|-heal|p2a: Ting-Lu|60\/100 brn|[from] item: Leftovers\n|-damage|p2a: Ting-Lu|48\/100 brn|[from] Leech Seed|[of] p1a: Arboliva\n|-damage|p2b: Gastrodon|63\/100|[from] Leech Seed|[of] p1a: Arboliva\n|-damage|p2a: Ting-Lu|42\/100 brn|[from] brn\n|upkeep\n|turn|15\n|\n|t:|1683558060\n|move|p1b: Flutter Mane|Moonblast|p2a: Ting-Lu\n|-damage|p2a: Ting-Lu|23\/100 brn\n|-unboost|p2a: Ting-Lu|spa|1\n|move|p2a: Ting-Lu|Heavy Slam|p1b: Flutter Mane\n|-supereffective|p1b: Flutter Mane\n|-damage|p1b: Flutter Mane|0 fnt\n|faint|p1b: Flutter Mane\n|-end|p1b: Flutter Mane|Protosynthesis|[silent]\n|move|p2b: Gastrodon|Recover|p2b: Gastrodon\n|-heal|p2b: Gastrodon|100\/100\n|move|p1a: Arboliva|Weather Ball|p2a: Ting-Lu\n|-damage|p2a: Ting-Lu|14\/100 brn\n|\n|-heal|p2a: Ting-Lu|20\/100 brn|[from] item: Leftovers\n|-damage|p2a: Ting-Lu|8\/100 brn|[from] Leech Seed|[of] p1a: Arboliva\n|-damage|p2b: Gastrodon|88\/100|[from] Leech Seed|[of] p1a: Arboliva\n|-damage|p2a: Ting-Lu|2\/100 brn|[from] brn\n|upkeep\n|turn|16\n|\n|t:|1683558083\n|switch|p2a: Ceruledge|Ceruledge, L50, F|23\/100\n|move|p1a: Arboliva|Protect|p1a: Arboliva\n|-singleturn|p1a: Arboliva|Protect\n|move|p2b: Gastrodon|Earth Power|p1a: Arboliva\n|-activate|p1a: Arboliva|move: Protect\n|\n|-damage|p2b: Gastrodon|76\/100|[from] Leech Seed|[of] p1a: Arboliva\n|upkeep\n|turn|17\n|\n|t:|1683558100\n|move|p2a: Ceruledge|Bitter Blade|p1a: Arboliva\n|-resisted|p1a: Arboliva\n|-end|p1a: Arboliva|Substitute\n|-heal|p2a: Ceruledge|25\/100|[from] drain|[of] p1a: Arboliva\n|move|p2b: Gastrodon|Earth Power|p1a: Arboliva\n|-damage|p1a: Arboliva|74\/100\n|move|p1a: Arboliva|Leech Seed|p2a: Ceruledge\n|-start|p2a: Ceruledge|move: Leech Seed\n|\n|-damage|p2a: Ceruledge|13\/100|[from] Leech Seed|[of] p1a: Arboliva\n|-heal|p1a: Arboliva|86\/100|[silent]\n|-damage|p2b: Gastrodon|63\/100|[from] Leech Seed|[of] p1a: Arboliva\n|-heal|p1a: Arboliva|100\/100|[silent]\n|upkeep\n|turn|18\n|\n|t:|1683558117\n|switch|p2a: Ting-Lu|Ting-Lu, L50, tera:Water|2\/100 brn\n|-ability|p2a: Ting-Lu|Vessel of Ruin\n|move|p1a: Arboliva|Protect|p1a: Arboliva\n|-singleturn|p1a: Arboliva|Protect\n|move|p2b: Gastrodon|Earth Power|p1a: Arboliva\n|-activate|p1a: Arboliva|move: Protect\n|\n|-heal|p2a: Ting-Lu|8\/100 brn|[from] item: Leftovers\n|-damage|p2b: Gastrodon|51\/100|[from] Leech Seed|[of] p1a: Arboliva\n|-damage|p2a: Ting-Lu|2\/100 brn|[from] brn\n|upkeep\n|turn|19\n|\n|t:|1683558134\n|move|p2a: Ting-Lu|Ruination|p1a: Arboliva\n|-damage|p1a: Arboliva|50\/100\n|-enditem|p1a: Arboliva|Sitrus Berry|[eat]\n|-heal|p1a: Arboliva|75\/100|[from] item: Sitrus Berry\n|move|p2b: Gastrodon|Earth Power|p1a: Arboliva\n|-damage|p1a: Arboliva|59\/100\n|move|p1a: Arboliva|Leech Seed|p2a: Ting-Lu\n|-start|p2a: Ting-Lu|move: Leech Seed\n|\n|-heal|p2a: Ting-Lu|8\/100 brn|[from] item: Leftovers\n|-damage|p2a: Ting-Lu|0 fnt|[from] Leech Seed|[of] p1a: Arboliva\n|-heal|p1a: Arboliva|68\/100|[silent]\n|faint|p2a: Ting-Lu\n|-damage|p2b: Gastrodon|38\/100|[from] Leech Seed|[of] p1a: Arboliva\n|-heal|p1a: Arboliva|82\/100|[silent]\n|-item|p1a: Arboliva|Sitrus Berry|[from] ability: Harvest\n|upkeep\n|\n|t:|1683558149\n|switch|p2a: Ceruledge|Ceruledge, L50, F|13\/100\n|turn|20\n|\n|t:|1683558172\n|move|p2a: Ceruledge|Bitter Blade|p1a: Arboliva\n|-resisted|p1a: Arboliva\n|-damage|p1a: Arboliva|60\/100\n|-heal|p2a: Ceruledge|25\/100|[from] drain|[of] p1a: Arboliva\n|move|p2b: Gastrodon|Earth Power|p1a: Arboliva\n|-crit|p1a: Arboliva\n|-damage|p1a: Arboliva|22\/100\n|-unboost|p1a: Arboliva|spd|1\n|-enditem|p1a: Arboliva|Sitrus Berry|[eat]\n|-heal|p1a: Arboliva|47\/100|[from] item: Sitrus Berry\n|move|p1a: Arboliva|Leech Seed|p2a: Ceruledge\n|-start|p2a: Ceruledge|move: Leech Seed\n|\n|-damage|p2a: Ceruledge|13\/100|[from] Leech Seed|[of] p1a: Arboliva\n|-heal|p1a: Arboliva|59\/100|[silent]\n|-damage|p2b: Gastrodon|26\/100|[from] Leech Seed|[of] p1a: Arboliva\n|-heal|p1a: Arboliva|73\/100|[silent]\n|upkeep\n|turn|21\n|\n|t:|1683558193\n|move|p2a: Ceruledge|Bitter Blade|p1a: Arboliva\n|-resisted|p1a: Arboliva\n|-damage|p1a: Arboliva|50\/100\n|-heal|p2a: Ceruledge|24\/100|[from] drain|[of] p1a: Arboliva\n|move|p2b: Gastrodon|Recover|p2b: Gastrodon\n|-heal|p2b: Gastrodon|76\/100\n|move|p1a: Arboliva|Substitute|p1a: Arboliva\n|-start|p1a: Arboliva|Substitute\n|-damage|p1a: Arboliva|25\/100\n|\n|-damage|p2a: Ceruledge|12\/100|[from] Leech Seed|[of] p1a: Arboliva\n|-heal|p1a: Arboliva|37\/100|[silent]\n|-damage|p2b: Gastrodon|64\/100|[from] Leech Seed|[of] p1a: Arboliva\n|-heal|p1a: Arboliva|52\/100|[silent]\n|upkeep\n|turn|22\n|\n|t:|1683558208\n|move|p1a: Arboliva|Protect|p1a: Arboliva\n|-singleturn|p1a: Arboliva|Protect\n|move|p2a: Ceruledge|Bitter Blade|p1a: Arboliva\n|-activate|p1a: Arboliva|move: Protect\n|move|p2b: Gastrodon|Recover|p2b: Gastrodon\n|-heal|p2b: Gastrodon|100\/100\n|\n|-damage|p2a: Ceruledge|0 fnt|[from] Leech Seed|[of] p1a: Arboliva\n|-heal|p1a: Arboliva|63\/100|[silent]\n|faint|p2a: Ceruledge\n|-damage|p2b: Gastrodon|88\/100|[from] Leech Seed|[of] p1a: Arboliva\n|-heal|p1a: Arboliva|77\/100|[silent]\n|upkeep\n|turn|23\n|\n|t:|1683558222\n|move|p2b: Gastrodon|Earth Power|p1a: Arboliva\n|-end|p1a: Arboliva|Substitute\n|move|p1a: Arboliva|Weather Ball|p2b: Gastrodon\n|-damage|p2b: Gastrodon|67\/100\n|\n|-damage|p2b: Gastrodon|55\/100|[from] Leech Seed|[of] p1a: Arboliva\n|-heal|p1a: Arboliva|91\/100|[silent]\n|-item|p1a: Arboliva|Sitrus Berry|[from] ability: Harvest\n|upkeep\n|turn|24\n|\n|t:|1683558232\n|move|p2b: Gastrodon|Recover|p2b: Gastrodon\n|-heal|p2b: Gastrodon|100\/100\n|move|p1a: Arboliva|Weather Ball|p2b: Gastrodon\n|-damage|p2b: Gastrodon|80\/100\n|\n|-damage|p2b: Gastrodon|67\/100|[from] Leech Seed|[of] p1a: Arboliva\n|-heal|p1a: Arboliva|100\/100|[silent]\n|upkeep\n|turn|25\n|\n|t:|1683558243\n|move|p2b: Gastrodon|Recover|p2b: Gastrodon\n|-heal|p2b: Gastrodon|100\/100\n|move|p1a: Arboliva|Substitute|p1a: Arboliva\n|-start|p1a: Arboliva|Substitute\n|-damage|p1a: Arboliva|75\/100\n|\n|-damage|p2b: Gastrodon|88\/100|[from] Leech Seed|[of] p1a: Arboliva\n|-heal|p1a: Arboliva|90\/100|[silent]\n|upkeep\n|turn|26\n|\n|t:|1683558256\n|move|p2b: Gastrodon|Earth Power|p1a: Arboliva\n|-end|p1a: Arboliva|Substitute\n|move|p1a: Arboliva|Weather Ball|p2b: Gastrodon\n|-damage|p2b: Gastrodon|69\/100\n|\n|-damage|p2b: Gastrodon|57\/100|[from] Leech Seed|[of] p1a: Arboliva\n|-heal|p1a: Arboliva|100\/100|[silent]\n|upkeep\n|turn|27\n|\n|t:|1683558265\n|move|p2b: Gastrodon|Earth Power|p1a: Arboliva\n|-damage|p1a: Arboliva|67\/100\n|-unboost|p1a: Arboliva|spd|1\n|move|p1a: Arboliva|Substitute|p1a: Arboliva\n|-start|p1a: Arboliva|Substitute\n|-damage|p1a: Arboliva|42\/100\n|-enditem|p1a: Arboliva|Sitrus Berry|[eat]\n|-heal|p1a: Arboliva|67\/100|[from] item: Sitrus Berry\n|\n|-damage|p2b: Gastrodon|45\/100|[from] Leech Seed|[of] p1a: Arboliva\n|-heal|p1a: Arboliva|81\/100|[silent]\n|-item|p1a: Arboliva|Sitrus Berry|[from] ability: Harvest\n|upkeep\n|turn|28\n|\n|t:|1683558278\n|move|p2b: Gastrodon|Recover|p2b: Gastrodon\n|-heal|p2b: Gastrodon|95\/100\n|move|p1a: Arboliva|Weather Ball|p2b: Gastrodon\n|-damage|p2b: Gastrodon|74\/100\n|\n|-damage|p2b: Gastrodon|62\/100|[from] Leech Seed|[of] p1a: Arboliva\n|-heal|p1a: Arboliva|96\/100|[silent]\n|upkeep\n|turn|29\n|\n|t:|1683558287\n|move|p1a: Arboliva|Protect|p1a: Arboliva\n|-singleturn|p1a: Arboliva|Protect\n|move|p2b: Gastrodon|Earth Power|p1a: Arboliva\n|-activate|p1a: Arboliva|move: Protect\n|\n|-damage|p2b: Gastrodon|49\/100|[from] Leech Seed|[of] p1a: Arboliva\n|-heal|p1a: Arboliva|100\/100|[silent]\n|upkeep\n|turn|30\n|\n|t:|1683558294\n|move|p2b: Gastrodon|Ice Beam|p1a: Arboliva\n|-resisted|p1a: Arboliva\n|-activate|p1a: Arboliva|move: Substitute|[damage]\n|move|p1a: Arboliva|Substitute|p1a: Arboliva\n|-fail|p1a: Arboliva|move: Substitute\n|\n|-damage|p2b: Gastrodon|37\/100|[from] Leech Seed|[of] p1a: Arboliva\n|upkeep\n|turn|31\n|\n|t:|1683558303\n|move|p2b: Gastrodon|Recover|p2b: Gastrodon\n|-heal|p2b: Gastrodon|87\/100\n|move|p1a: Arboliva|Weather Ball|p2b: Gastrodon\n|-damage|p2b: Gastrodon|66\/100\n|\n|-damage|p2b: Gastrodon|53\/100|[from] Leech Seed|[of] p1a: Arboliva\n|upkeep\n|turn|32\n|\n|t:|1683558313\n|move|p1a: Arboliva|Protect|p1a: Arboliva\n|-singleturn|p1a: Arboliva|Protect\n|move|p2b: Gastrodon|Muddy Water|p1a: Arboliva\n|-activate|p1a: Arboliva|move: Protect\n|\n|-damage|p2b: Gastrodon|41\/100|[from] Leech Seed|[of] p1a: Arboliva\n|upkeep\n|turn|33\n|\n|t:|1683558321\n|move|p2b: Gastrodon|Muddy Water|p1a: Arboliva|[miss]\n|-miss|p2b: Gastrodon|p1a: Arboliva\n|move|p1a: Arboliva|Substitute|p1a: Arboliva\n|-fail|p1a: Arboliva|move: Substitute\n|\n|-damage|p2b: Gastrodon|28\/100|[from] Leech Seed|[of] p1a: Arboliva\n|upkeep\n|turn|34\n|\n|t:|1683558329\n|move|p2b: Gastrodon|Earth Power|p1a: Arboliva\n|-crit|p1a: Arboliva\n|-end|p1a: Arboliva|Substitute\n|move|p1a: Arboliva|Weather Ball|p2b: Gastrodon\n|-damage|p2b: Gastrodon|9\/100\n|\n|-damage|p2b: Gastrodon|0 fnt|[from] Leech Seed|[of] p1a: Arboliva\n|faint|p2b: Gastrodon\n|\n|win|Placidbee\n|upkeep\n|raw|Placidbee's rating: 1151 → 1179<\/strong> (+28 for winning)\n|raw|SlitherWingVGC's rating: 1187 → 1159<\/strong> (-28 for losing)\n|n|!SlitherWingVGC|slitherwingvgc\n","uploadtime":1683558340,"views":12,"p1id":"placidbee","p2id":"slitherwingvgc","formatid":"gen9vgc2023regulationc","rating":1159,"private":0,"password":""}