{"id":"gen9vgc2023regulationc-1847385646","p1":"Stryke Out","p2":"Melihotic","format":"[Gen 9] VGC 2023 Regulation C","log":"|j|\u2606Stryke Out\n|j|\u2606Melihotic\n|t:|1681948945\n|gametype|doubles\n|player|p1|Stryke Out|cynthia-gen4|1141\n|player|p2|Melihotic|265|1043\n|teamsize|p1|6\n|teamsize|p2|6\n|gen|9\n|tier|[Gen 9] VGC 2023 Regulation C\n|rated|\n|rule|Species Clause: Limit one of each Pok\u00e9mon\n|rule|Item Clause: Limit one of each item\n|clearpoke\n|poke|p1|Azumarill, L50, M|\n|poke|p1|Brute Bonnet, L50|\n|poke|p1|Dragapult, L50, M|\n|poke|p1|Heracross, L50, F|\n|poke|p1|Chi-Yu, L50|\n|poke|p1|Corviknight, L50, F|\n|poke|p2|Amoonguss, L50, F|\n|poke|p2|Dragonite, L50, F|\n|poke|p2|Ting-Lu, L50|\n|poke|p2|Dragalge, L50, F|\n|poke|p2|Skeledirge, L50, F|\n|poke|p2|Grimmsnarl, L50, M|\n|teampreview|4\nMelihotic has agreed to open team sheets.\n|inactive|Battle timer is ON: inactive players will automatically lose when time's up. (requested by Melihotic)\n|\n|t:|1681948982\n|start\n|switch|p1a: Corviknight|Corviknight, L50, F|100\/100\n|switch|p1b: Chi-Yu|Chi-Yu, L50|100\/100\n|switch|p2a: Skeledirge|Skeledirge, L50, F|100\/100\n|switch|p2b: Ting-Lu|Ting-Lu, L50|100\/100\n|-ability|p1b: Chi-Yu|Beads of Ruin\n|-ability|p2b: Ting-Lu|Vessel of Ruin\n|turn|1\n|\n|t:|1681949000\n|-terastallize|p1b: Chi-Yu|Water\n|move|p1b: Chi-Yu|Tera Blast|p2a: Skeledirge\n|-supereffective|p2a: Skeledirge\n|-damage|p2a: Skeledirge|1\/100\n|move|p1a: Corviknight|Body Press|p2b: Ting-Lu\n|-supereffective|p2b: Ting-Lu\n|-damage|p2b: Ting-Lu|77\/100\n|-damage|p1a: Corviknight|84\/100|[from] item: Rocky Helmet|[of] p2b: Ting-Lu\n|move|p2a: Skeledirge|Torch Song|p1a: Corviknight\n|-supereffective|p1a: Corviknight\n|-damage|p1a: Corviknight|24\/100\n|-boost|p2a: Skeledirge|spa|1\n|move|p2b: Ting-Lu|Stealth Rock|p1b: Chi-Yu\n|-sidestart|p1: Stryke Out|move: Stealth Rock\n|\n|-heal|p2a: Skeledirge|7\/100|[from] item: Leftovers\n|upkeep\n|turn|2\n|inactive|Melihotic has 30 seconds left.\n|\n|t:|1681949033\n|move|p2a: Skeledirge|Protect|p2a: Skeledirge\n|-singleturn|p2a: Skeledirge|Protect\n|move|p1b: Chi-Yu|Heat Wave|p2a: Skeledirge|[spread] p2b\n|-activate|p2a: Skeledirge|move: Protect\n|-damage|p2b: Ting-Lu|48\/100\n|move|p1a: Corviknight|Roost|p1a: Corviknight\n|-heal|p1a: Corviknight|75\/100\n|-singleturn|p1a: Corviknight|move: Roost\n|move|p2b: Ting-Lu|Stone Edge|p1a: Corviknight\n|-resisted|p1a: Corviknight\n|-damage|p1a: Corviknight|66\/100\n|\n|-heal|p2a: Skeledirge|13\/100|[from] item: Leftovers\n|upkeep\n|turn|3\n|\n|t:|1681949056\n|move|p2a: Skeledirge|Helping Hand|p2b: Ting-Lu\n|-singleturn|p2b: Ting-Lu|Helping Hand|[of] p2a: Skeledirge\n|move|p1b: Chi-Yu|Tera Blast|p2b: Ting-Lu\n|-supereffective|p2b: Ting-Lu\n|-damage|p2b: Ting-Lu|0 fnt\n|faint|p2b: Ting-Lu\n|move|p1a: Corviknight|Tailwind|p1a: Corviknight\n|-sidestart|p1: Stryke Out|move: Tailwind\n|\n|-heal|p2a: Skeledirge|19\/100|[from] item: Leftovers\n|upkeep\n|\n|t:|1681949063\n|switch|p2b: Amoonguss|Amoonguss, L50, F|100\/100\n|turn|4\n|\n|t:|1681949078\n|move|p2b: Amoonguss|Rage Powder|p2b: Amoonguss\n|-singleturn|p2b: Amoonguss|move: Rage Powder\n|move|p1b: Chi-Yu|Heat Wave|p2b: Amoonguss|[spread] p2a,p2b\n|-resisted|p2a: Skeledirge\n|-supereffective|p2b: Amoonguss\n|-damage|p2a: Skeledirge|0 fnt\n|-damage|p2b: Amoonguss|33\/100\n|faint|p2a: Skeledirge\n|move|p1a: Corviknight|Body Press|p2b: Amoonguss\n|-resisted|p2b: Amoonguss\n|-damage|p2b: Amoonguss|18\/100\n|\n|upkeep\n|\n|t:|1681949082\n|switch|p2a: Dragonite|Dragonite, L50, F|100\/100\n|turn|5\n|\n|t:|1681949096\n|-terastallize|p2a: Dragonite|Normal\n|move|p1b: Chi-Yu|Heat Wave|p2a: Dragonite|[spread] p2a,p2b\n|-supereffective|p2b: Amoonguss\n|-damage|p2a: Dragonite|79\/100\n|-damage|p2b: Amoonguss|0 fnt\n|faint|p2b: Amoonguss\n|move|p1a: Corviknight|Bulk Up|p1a: Corviknight\n|-boost|p1a: Corviknight|atk|1\n|-boost|p1a: Corviknight|def|1\n|move|p2a: Dragonite|Dragon Dance|p2a: Dragonite\n|-boost|p2a: Dragonite|atk|1\n|-boost|p2a: Dragonite|spe|1\n|\n|upkeep\n|turn|6\n|\n|t:|1681949109\n|move|p2a: Dragonite|Extreme Speed|p1b: Chi-Yu\n|-enditem|p2a: Dragonite|Normal Gem|[from] gem\n|-enditem|p1b: Chi-Yu|Focus Sash\n|-damage|p1b: Chi-Yu|1\/100\n|move|p1b: Chi-Yu|Tera Blast|p2a: Dragonite\n|-damage|p2a: Dragonite|24\/100\n|move|p1a: Corviknight|Body Press|p2a: Dragonite\n|-supereffective|p2a: Dragonite\n|-damage|p2a: Dragonite|0 fnt\n|faint|p2a: Dragonite\n|\n|win|Stryke Out\n|raw|Stryke Out's rating: 1141 → 1159<\/strong> (+18 for winning)\n|raw|Melihotic's rating: 1043 → 1031<\/strong> (-12 for losing)\n|l|\u2606Melihotic\n","uploadtime":1681949263,"views":3,"p1id":"strykeout","p2id":"melihotic","formatid":"gen9vgc2023regulationc","rating":1031,"private":0,"password":""}