{"id":"gen9vgc2023regulationc-1847482218","p1":"micicibiqueen","p2":"Emberbloom","format":"[Gen 9] VGC 2023 Regulation C","log":"|j|\u2606micicibiqueen\n|j|\u2606Emberbloom\n|t:|1681960641\n|gametype|doubles\n|player|p1|micicibiqueen|hilda-wonderlauncher|1392\n|player|p2|Emberbloom|flannery|1467\n|teamsize|p1|6\n|teamsize|p2|6\n|gen|9\n|tier|[Gen 9] VGC 2023 Regulation C\n|rated|\n|rule|Species Clause: Limit one of each Pok\u00e9mon\n|rule|Item Clause: Limit one of each item\n|clearpoke\n|poke|p1|Flutter Mane, L50|\n|poke|p1|Dondozo, L50, F|\n|poke|p1|Tatsugiri, L50, F|\n|poke|p1|Talonflame, L50, M|\n|poke|p1|Kingambit, L50, F|\n|poke|p1|Indeedee-F, L50, F|\n|poke|p2|Corviknight, L50, M|\n|poke|p2|Tyranitar, L50, F|\n|poke|p2|Garchomp, L50, F|\n|poke|p2|Gyarados, L50, F|\n|poke|p2|Amoonguss, L50, M|\n|poke|p2|Iron Hands, L50|\n|teampreview|4\n|j| Braindeadmeta\nmicicibiqueen has agreed to open team sheets.\n|\n|t:|1681960681\n|start\n|switch|p1a: Kingambit|Kingambit, L50, F|100\/100\n|switch|p1b: Indeedee|Indeedee-F, L50, F|100\/100\n|switch|p2a: Iron Hands|Iron Hands, L50|100\/100\n|switch|p2b: Tyranitar|Tyranitar, L50, F, shiny|100\/100\n|-fieldstart|move: Psychic Terrain|[from] ability: Psychic Surge|[of] p1b: Indeedee\n|-weather|Sandstorm|[from] ability: Sand Stream|[of] p2b: Tyranitar\n|turn|1\n|\n|t:|1681960715\n|-terastallize|p2b: Tyranitar|Flying\n|move|p2a: Iron Hands|Fake Out|p1b: Indeedee\n|-activate|p1b: Indeedee|move: Psychic Terrain\n|move|p1b: Indeedee|Follow Me|p1b: Indeedee\n|-singleturn|p1b: Indeedee|move: Follow Me\n|move|p1a: Kingambit|Iron Head|p2b: Tyranitar\n|-damage|p2b: Tyranitar|55\/100\n|-damage|p1a: Kingambit|91\/100|[from] item: Life Orb\n|move|p2b: Tyranitar|Low Kick|p1b: Indeedee\n|-damage|p1b: Indeedee|79\/100\n|\n|-weather|Sandstorm|[upkeep]\n|-damage|p2b: Tyranitar|49\/100|[from] Sandstorm\n|-damage|p2a: Iron Hands|94\/100|[from] Sandstorm\n|upkeep\n|turn|2\n|l| Braindeadmeta\n|\n|t:|1681960803\n|switch|p2b: Amoonguss|Amoonguss, L50, M|100\/100\n|move|p1b: Indeedee|Follow Me|p1b: Indeedee\n|-singleturn|p1b: Indeedee|move: Follow Me\n|move|p1a: Kingambit|Kowtow Cleave|p2b: Amoonguss\n|-damage|p2b: Amoonguss|51\/100\n|-damage|p1a: Kingambit|74\/100|[from] item: Rocky Helmet|[of] p2b: Amoonguss\n|-damage|p1a: Kingambit|65\/100|[from] item: Life Orb\n|move|p2a: Iron Hands|Wild Charge|p1b: Indeedee\n|-damage|p1b: Indeedee|34\/100\n|-damage|p2a: Iron Hands|86\/100|[from] Recoil\n|\n|-weather|Sandstorm|[upkeep]\n|-damage|p2a: Iron Hands|80\/100|[from] Sandstorm\n|-damage|p2b: Amoonguss|45\/100|[from] Sandstorm\n|upkeep\n|turn|3\n|\n|t:|1681960821\n|move|p1b: Indeedee|Follow Me|p1b: Indeedee\n|-singleturn|p1b: Indeedee|move: Follow Me\n|move|p1a: Kingambit|Kowtow Cleave|p2b: Amoonguss\n|-damage|p2b: Amoonguss|0 fnt\n|-damage|p1a: Kingambit|48\/100|[from] item: Rocky Helmet|[of] p2b: Amoonguss\n|faint|p2b: Amoonguss\n|-damage|p1a: Kingambit|39\/100|[from] item: Life Orb\n|move|p2a: Iron Hands|Wild Charge|p1b: Indeedee\n|-damage|p1b: Indeedee|0 fnt\n|faint|p1b: Indeedee\n|-damage|p2a: Iron Hands|73\/100|[from] Recoil\n|\n|-weather|Sandstorm|[upkeep]\n|-damage|p2a: Iron Hands|67\/100|[from] Sandstorm\n|upkeep\n|\n|t:|1681960832\n|switch|p1b: Dondozo|Dondozo, L50, F|100\/100\n|switch|p2b: Garchomp|Garchomp, L50, F|100\/100\n|turn|4\n|\n|t:|1681960843\n|switch|p1a: Tatsugiri|Tatsugiri, L50, F|100\/100\n|-activate|p1a: Tatsugiri|ability: Commander|[of] p1b: Dondozo\n|-boost|p1b: Dondozo|atk|2\n|-boost|p1b: Dondozo|spa|2\n|-boost|p1b: Dondozo|spe|2\n|-boost|p1b: Dondozo|def|2\n|-boost|p1b: Dondozo|spd|2\n|-end|p2a: Iron Hands|Quark Drive|[silent]\n|switch|p2a: Tyranitar|Tyranitar, L50, F, shiny, tera:Flying|49\/100\n|move|p2b: Garchomp|Earthquake|p1a: Tatsugiri|[spread] p1b\n|-miss|p2b: Garchomp|p1a: Tatsugiri\n|-immune|p2a: Tyranitar\n|-damage|p1b: Dondozo|89\/100\n|move|p1b: Dondozo|Earthquake|p2a: Tyranitar|[spread] p2b\n|-miss|p1b: Dondozo|p1a: Tatsugiri\n|-immune|p2a: Tyranitar\n|-damage|p2b: Garchomp|54\/100\n|\n|-weather|Sandstorm|[upkeep]\n|-damage|p1a: Tatsugiri|95\/100|[from] Sandstorm\n|-damage|p1b: Dondozo|83\/100|[from] Sandstorm\n|-damage|p2a: Tyranitar|43\/100|[from] Sandstorm\n|-heal|p1b: Dondozo|89\/100|[from] item: Leftovers\n|upkeep\n|turn|5\n|\n|t:|1681960863\n|move|p2b: Garchomp|Earthquake|p1b: Dondozo|[spread] p1b\n|-miss|p2b: Garchomp|p1a: Tatsugiri\n|-immune|p2a: Tyranitar\n|-damage|p1b: Dondozo|76\/100\n|move|p1b: Dondozo|Wave Crash|p2b: Garchomp\n|-damage|p2b: Garchomp|0 fnt\n|faint|p2b: Garchomp\n|-damage|p1b: Dondozo|61\/100|[from] Recoil\n|move|p2a: Tyranitar|Low Kick|p1b: Dondozo\n|-damage|p1b: Dondozo|46\/100\n|\n|-weather|none\n|-heal|p1b: Dondozo|52\/100|[from] item: Leftovers\n|-fieldend|move: Psychic Terrain\n|upkeep\n|\n|t:|1681960866\n|switch|p2b: Iron Hands|Iron Hands, L50|67\/100\n|turn|6\n|\n|t:|1681960880\n|move|p2b: Iron Hands|Fake Out|p1b: Dondozo\n|-crit|p1b: Dondozo\n|-damage|p1b: Dondozo|36\/100\n|cant|p1b: Dondozo|flinch\n|move|p2a: Tyranitar|Tera Blast|p1b: Dondozo\n|-damage|p1b: Dondozo|20\/100\n|\n|-heal|p1b: Dondozo|26\/100|[from] item: Leftovers\n|upkeep\n|turn|7\n|\n|t:|1681960894\n|move|p2a: Tyranitar|Protect|p2a: Tyranitar\n|-singleturn|p2a: Tyranitar|Protect\n|move|p1b: Dondozo|Earthquake|p2a: Tyranitar|[spread] p2b\n|-miss|p1b: Dondozo|p1a: Tatsugiri\n|-activate|p2a: Tyranitar|move: Protect\n|-supereffective|p2b: Iron Hands\n|-damage|p2b: Iron Hands|0 fnt\n|faint|p2b: Iron Hands\n|-end|p2b: Iron Hands|Quark Drive|[silent]\n|\n|-heal|p1b: Dondozo|32\/100|[from] item: Leftovers\n|upkeep\n|turn|8\n|\n|t:|1681960902\n|move|p1b: Dondozo|Wave Crash|p2a: Tyranitar\n|-damage|p2a: Tyranitar|0 fnt\n|faint|p2a: Tyranitar\n|-damage|p1b: Dondozo|20\/100|[from] Recoil\n|\n|win|micicibiqueen\n|raw|micicibiqueen's rating: 1392 → 1416<\/strong> (+24 for winning)\n|raw|Emberbloom's rating: 1467 → 1443<\/strong> (-24 for losing)\n","uploadtime":1681960906,"views":10,"p1id":"micicibiqueen","p2id":"emberbloom","formatid":"gen9vgc2023regulationc","rating":1416,"private":0,"password":""}