{"id":"gen9vgc2023regulationc-1848771596","p1":"Zmiana","p2":"Sprye0216","format":"[Gen 9] VGC 2023 Regulation C","log":"|j|\u2606Zmiana\n|j|\u2606Sprye0216\n|t:|1682108779\n|gametype|doubles\n|player|p1|Zmiana|169|1109\n|player|p2|Sprye0216|skyla|1088\n|teamsize|p1|6\n|teamsize|p2|6\n|gen|9\n|tier|[Gen 9] VGC 2023 Regulation C\n|rated|\n|rule|Species Clause: Limit one of each Pok\u00e9mon\n|rule|Item Clause: Limit one of each item\n|clearpoke\n|poke|p1|Gothitelle, L50, M|\n|poke|p1|Scream Tail, L50|\n|poke|p1|Amoonguss, L50, M|\n|poke|p1|Flutter Mane, L50|\n|poke|p1|Palafin, L50, F|\n|poke|p1|Arcanine, L50, M|\n|poke|p2|Amoonguss, L50, F|\n|poke|p2|Gyarados, L50, F|\n|poke|p2|Talonflame, L50, M|\n|poke|p2|Garchomp, L50, M|\n|poke|p2|Flutter Mane, L50|\n|poke|p2|Ting-Lu, L50|\n|teampreview|4\nSprye0216 has agreed to open team sheets.\n|\n|t:|1682108814\n|start\n|switch|p1a: Flutter Mane|Flutter Mane, L50|100\/100\n|switch|p1b: Gothitelle|Gothitelle, L50, M|100\/100\n|switch|p2a: Talonflame|Talonflame, L50, M|100\/100\n|switch|p2b: Gyarados|Gyarados, L50, F|100\/100\n|-ability|p2b: Gyarados|Intimidate|boost\n|-unboost|p1a: Flutter Mane|atk|1\n|-unboost|p1b: Gothitelle|atk|1\n|turn|1\n|\n|t:|1682108841\n|move|p1b: Gothitelle|Fake Out|p2a: Talonflame\n|-damage|p2a: Talonflame|96\/100\n|move|p1a: Flutter Mane|Perish Song|p1a: Flutter Mane\n|-start|p1a: Flutter Mane|perish3|[silent]\n|-start|p1b: Gothitelle|perish3|[silent]\n|-start|p2a: Talonflame|perish3|[silent]\n|-start|p2b: Gyarados|perish3|[silent]\n|-fieldactivate|move: Perish Song\n|cant|p2a: Talonflame|flinch\n|move|p2b: Gyarados|Dragon Dance|p2b: Gyarados\n|-boost|p2b: Gyarados|atk|1\n|-boost|p2b: Gyarados|spe|1\n|\n|-start|p2b: Gyarados|perish3\n|-start|p1a: Flutter Mane|perish3\n|-start|p2a: Talonflame|perish3\n|-start|p1b: Gothitelle|perish3\n|upkeep\n|turn|2\n|\n|t:|1682108870\n|-terastallize|p2b: Gyarados|Flying\n|move|p1a: Flutter Mane|Protect|p1a: Flutter Mane\n|-singleturn|p1a: Flutter Mane|Protect\n|move|p1b: Gothitelle|Protect|p1b: Gothitelle\n|-singleturn|p1b: Gothitelle|Protect\n|move|p2b: Gyarados|Tera Blast|p1a: Flutter Mane\n|-activate|p1a: Flutter Mane|move: Protect\n|move|p2a: Talonflame|Taunt|p1b: Gothitelle\n|-activate|p1b: Gothitelle|move: Protect\n|\n|-start|p2b: Gyarados|perish2\n|-start|p1a: Flutter Mane|perish2\n|-start|p2a: Talonflame|perish2\n|-start|p1b: Gothitelle|perish2\n|upkeep\n|turn|3\n|\n|t:|1682108900\n|move|p2b: Gyarados|Tera Blast|p1a: Flutter Mane\n|-enditem|p1a: Flutter Mane|Focus Sash\n|-damage|p1a: Flutter Mane|1\/100\n|move|p1a: Flutter Mane|Shadow Ball|p2a: Talonflame\n|-damage|p2a: Talonflame|36\/100\n|move|p2a: Talonflame|Taunt|p1b: Gothitelle\n|-start|p1b: Gothitelle|move: Taunt\n|cant|p1b: Gothitelle|move: Taunt|Heal Pulse\n|\n|-start|p2b: Gyarados|perish1\n|-start|p1a: Flutter Mane|perish1\n|-start|p2a: Talonflame|perish1\n|-start|p1b: Gothitelle|perish1\n|upkeep\n|turn|4\n|\n|t:|1682108937\n|switch|p1b: Amoonguss|Amoonguss, L50, M|100\/100\n|move|p1a: Flutter Mane|Protect|p1a: Flutter Mane\n|-singleturn|p1a: Flutter Mane|Protect\n|move|p2b: Gyarados|Waterfall|p1b: Amoonguss\n|-resisted|p1b: Amoonguss\n|-damage|p1b: Amoonguss|72\/100\n|move|p2a: Talonflame|Brave Bird|p1b: Amoonguss\n|-supereffective|p1b: Amoonguss\n|-crit|p1b: Amoonguss\n|-damage|p1b: Amoonguss|0 fnt\n|faint|p1b: Amoonguss\n|-damage|p2a: Talonflame|8\/100|[from] Recoil\n|\n|-start|p2b: Gyarados|perish0\n|-start|p1a: Flutter Mane|perish0\n|-start|p2a: Talonflame|perish0\n|faint|p2b: Gyarados\n|faint|p1a: Flutter Mane\n|-end|p1a: Flutter Mane|Protosynthesis|[silent]\n|faint|p2a: Talonflame\n|upkeep\n|\n|t:|1682108953\n|switch|p1a: Scream Tail|Scream Tail, L50|100\/100\n|switch|p2a: Ting-Lu|Ting-Lu, L50|100\/100\n|switch|p2b: Garchomp|Garchomp, L50, M|100\/100\n|switch|p1b: Gothitelle|Gothitelle, L50, M|100\/100\n|-ability|p2a: Ting-Lu|Vessel of Ruin\n|-enditem|p1a: Scream Tail|Booster Energy\n|-activate|p1a: Scream Tail|ability: Protosynthesis|[fromitem]\n|-start|p1a: Scream Tail|protosynthesisspe\n|turn|5\n|\n|t:|1682108975\n|-terastallize|p1b: Gothitelle|Water\n|move|p2b: Garchomp|Protect|p2b: Garchomp\n|-singleturn|p2b: Garchomp|Protect\n|move|p1b: Gothitelle|Fake Out|p2a: Ting-Lu\n|-damage|p2a: Ting-Lu|97\/100\n|move|p1a: Scream Tail|Play Rough|p2a: Ting-Lu\n|-supereffective|p2a: Ting-Lu\n|-damage|p2a: Ting-Lu|69\/100\n|cant|p2a: Ting-Lu|flinch\n|\n|upkeep\n|turn|6\n|\n|t:|1682108992\n|move|p1a: Scream Tail|Play Rough|p2b: Garchomp\n|-supereffective|p2b: Garchomp\n|-damage|p2b: Garchomp|45\/100\n|-unboost|p2b: Garchomp|atk|1\n|-damage|p1a: Scream Tail|88\/100|[from] ability: Rough Skin|[of] p2b: Garchomp\n|move|p2b: Garchomp|Rock Slide|p1b: Gothitelle|[spread] p1a,p1b\n|-damage|p1a: Scream Tail|74\/100\n|-damage|p1b: Gothitelle|82\/100\n|-damage|p2b: Garchomp|35\/100|[from] item: Life Orb\n|move|p1b: Gothitelle|Psychic|p2b: Garchomp\n|-damage|p2b: Garchomp|10\/100\n|-unboost|p2b: Garchomp|spd|1\n|move|p2a: Ting-Lu|Heavy Slam|p1a: Scream Tail\n|-supereffective|p1a: Scream Tail\n|-damage|p1a: Scream Tail|24\/100\n|\n|upkeep\n|turn|7\n|\n|t:|1682109017\n|move|p1a: Scream Tail|Protect|p1a: Scream Tail\n|-singleturn|p1a: Scream Tail|Protect\n|move|p2b: Garchomp|Protect|p2b: Garchomp\n|-singleturn|p2b: Garchomp|Protect\n|move|p1b: Gothitelle|Heal Pulse|p1a: Scream Tail\n|-activate|p1a: Scream Tail|move: Protect\n|move|p2a: Ting-Lu|Heavy Slam|p1a: Scream Tail\n|-activate|p1a: Scream Tail|move: Protect\n|\n|upkeep\n|turn|8\n|\n|t:|1682109035\n|move|p1a: Scream Tail|Disable|p2a: Ting-Lu\n|-start|p2a: Ting-Lu|Disable|Heavy Slam\n|move|p2b: Garchomp|Rock Slide|p1b: Gothitelle|[spread] p1a\n|-miss|p2b: Garchomp|p1b: Gothitelle\n|-damage|p1a: Scream Tail|10\/100\n|-damage|p2b: Garchomp|0 fnt|[from] item: Life Orb\n|faint|p2b: Garchomp\n|move|p1b: Gothitelle|Psychic|p2a: Ting-Lu\n|-immune|p2a: Ting-Lu\n|cant|p2a: Ting-Lu|Disable|Heavy Slam\n|\n|upkeep\n|turn|9\n|\n|t:|1682109049\n|move|p1a: Scream Tail|Play Rough|p2a: Ting-Lu\n|-supereffective|p2a: Ting-Lu\n|-damage|p2a: Ting-Lu|41\/100\n|move|p1b: Gothitelle|Heal Pulse|p1a: Scream Tail\n|-heal|p1a: Scream Tail|60\/100\n|move|p2a: Ting-Lu|Bulldoze|p1a: Scream Tail|[spread] p1a,p1b\n|-damage|p1a: Scream Tail|46\/100\n|-damage|p1b: Gothitelle|64\/100\n|-unboost|p1a: Scream Tail|spe|1\n|-unboost|p1b: Gothitelle|spe|1\n|\n|upkeep\n|turn|10\n|\n|t:|1682109061\n|move|p1a: Scream Tail|Play Rough|p2a: Ting-Lu\n|-supereffective|p2a: Ting-Lu\n|-damage|p2a: Ting-Lu|12\/100\n|move|p2a: Ting-Lu|Bulldoze|p1a: Scream Tail|[spread] p1a,p1b\n|-crit|p1b: Gothitelle\n|-damage|p1a: Scream Tail|32\/100\n|-damage|p1b: Gothitelle|37\/100\n|-unboost|p1a: Scream Tail|spe|1\n|-unboost|p1b: Gothitelle|spe|1\n|-enditem|p1b: Gothitelle|Sitrus Berry|[eat]\n|-heal|p1b: Gothitelle|62\/100|[from] item: Sitrus Berry\n|move|p1b: Gothitelle|Heal Pulse|p1a: Scream Tail\n|-heal|p1a: Scream Tail|82\/100\n|\n|upkeep\n|turn|11\n|\n|t:|1682109076\n|move|p1a: Scream Tail|Play Rough|p2a: Ting-Lu\n|-supereffective|p2a: Ting-Lu\n|-damage|p2a: Ting-Lu|0 fnt\n|faint|p2a: Ting-Lu\n|\n|win|Zmiana\n|raw|Zmiana's rating: 1109 → 1132<\/strong> (+23 for winning)\n|raw|Sprye0216's rating: 1088 → 1066<\/strong> (-22 for losing)\n","uploadtime":1682109082,"views":7,"p1id":"zmiana","p2id":"sprye0216","formatid":"gen9vgc2023regulationc","rating":1066,"private":0,"password":""}