{"id":"gen9vgc2023regulationc-1846687162","p1":"nagio","p2":"LordSno","format":"[Gen 9] VGC 2023 Regulation C","log":"|j|\u2606nagio\n|j|\u2606LordSno\n|t:|1681865902\n|gametype|doubles\n|player|p1|nagio|hilda-wonderlauncher|1328\n|player|p2|LordSno|steven|1293\n|teamsize|p1|6\n|teamsize|p2|6\n|gen|9\n|tier|[Gen 9] VGC 2023 Regulation C\n|rated|\n|rule|Species Clause: Limit one of each Pok\u00e9mon\n|rule|Item Clause: Limit one of each item\n|clearpoke\n|poke|p1|Chien-Pao, L50|\n|poke|p1|Chi-Yu, L50|\n|poke|p1|Flutter Mane, L50|\n|poke|p1|Dragonite, L50, M|\n|poke|p1|Talonflame, L50, M|\n|poke|p1|Glimmora, L50, M|\n|poke|p2|Chi-Yu, L50|\n|poke|p2|Flutter Mane, L50|\n|poke|p2|Torkoal, L50, M|\n|poke|p2|Jumpluff, L50, M|\n|poke|p2|Great Tusk, L50|\n|poke|p2|Wo-Chien, L50|\n|teampreview|4\n|inactive|Battle timer is ON: inactive players will automatically lose when time's up. (requested by nagio)\n|inactive|nagio has 60 seconds left.\n|inactive|LordSno has 60 seconds left.\n|\n|t:|1681865940\n|start\n|switch|p1a: Talonflame|Talonflame, L50, M|100\/100\n|switch|p1b: Glimmora|Glimmora, L50, M|100\/100\n|switch|p2a: Jumpluff|Jumpluff, L50, M|100\/100\n|switch|p2b: Torkoal|Torkoal, L50, M|100\/100\n|-weather|SunnyDay|[from] ability: Drought|[of] p2b: Torkoal\n|turn|1\n|inactive|LordSno has 30 seconds left.\n|\n|t:|1681865970\n|move|p1a: Talonflame|Tailwind|p1a: Talonflame\n|-sidestart|p1: nagio|move: Tailwind\n|move|p2a: Jumpluff|Tailwind|p2a: Jumpluff\n|-sidestart|p2: LordSno|move: Tailwind\n|move|p1b: Glimmora|Power Gem|p2b: Torkoal\n|-supereffective|p2b: Torkoal\n|-damage|p2b: Torkoal|0 fnt\n|faint|p2b: Torkoal\n|\n|-weather|SunnyDay|[upkeep]\n|upkeep\n|\n|t:|1681865977\n|switch|p2b: Chi-Yu|Chi-Yu, L50|100\/100\n|-ability|p2b: Chi-Yu|Beads of Ruin\n|turn|2\n|\n|t:|1681865988\n|move|p1a: Talonflame|Brave Bird|p2a: Jumpluff\n|-supereffective|p2a: Jumpluff\n|-damage|p2a: Jumpluff|4\/100\n|-damage|p1a: Talonflame|67\/100|[from] Recoil\n|move|p2a: Jumpluff|Leaf Storm|p1b: Glimmora\n|-damage|p1b: Glimmora|70\/100\n|-unboost|p2a: Jumpluff|spa|2\n|move|p2b: Chi-Yu|Heat Wave|p1b: Glimmora|[spread] p1a,p1b\n|-resisted|p1a: Talonflame\n|-resisted|p1b: Glimmora\n|-damage|p1a: Talonflame|5\/100\n|-damage|p1b: Glimmora|27\/100\n|-damage|p2b: Chi-Yu|90\/100|[from] item: Life Orb\n|move|p1b: Glimmora|Power Gem|p2b: Chi-Yu\n|-supereffective|p2b: Chi-Yu\n|-damage|p2b: Chi-Yu|1\/100\n|\n|-weather|SunnyDay|[upkeep]\n|upkeep\n|turn|3\n|inactive|nagio has 30 seconds left.\n|\n|t:|1681866013\n|move|p2a: Jumpluff|Leaf Storm|p1a: Talonflame\n|-resisted|p1a: Talonflame\n|-damage|p1a: Talonflame|0 fnt\n|-unboost|p2a: Jumpluff|spa|2\n|faint|p1a: Talonflame\n|move|p2b: Chi-Yu|Dark Pulse|p1b: Glimmora\n|-damage|p1b: Glimmora|0 fnt\n|faint|p1b: Glimmora\n|-damage|p2b: Chi-Yu|0 fnt|[from] item: Life Orb\n|faint|p2b: Chi-Yu\n|\n|-weather|SunnyDay|[upkeep]\n|upkeep\n|\n|t:|1681866026\n|switch|p1a: Flutter Mane|Flutter Mane, L50|100\/100\n|switch|p2b: Flutter Mane|Flutter Mane, L50|100\/100\n|switch|p1b: Chi-Yu|Chi-Yu, L50|100\/100\n|-ability|p1b: Chi-Yu|Beads of Ruin\n|-activate|p2b: Flutter Mane|ability: Protosynthesis\n|-start|p2b: Flutter Mane|protosynthesisspe\n|-activate|p1a: Flutter Mane|ability: Protosynthesis\n|-start|p1a: Flutter Mane|protosynthesisspa\n|turn|4\n|\n|t:|1681866043\n|-terastallize|p2b: Flutter Mane|Fairy\n|-terastallize|p1a: Flutter Mane|Fairy\n|move|p2a: Jumpluff|Sleep Powder|p1b: Chi-Yu\n|-status|p1b: Chi-Yu|slp|[from] move: Sleep Powder\n|move|p2b: Flutter Mane|Dazzling Gleam|p1a: Flutter Mane|[spread] p1a,p1b\n|-damage|p1a: Flutter Mane|51\/100\n|-damage|p1b: Chi-Yu|47\/100 slp\n|cant|p1b: Chi-Yu|slp\n|move|p1a: Flutter Mane|Dazzling Gleam|p2a: Jumpluff|[spread] p2a,p2b\n|-damage|p2a: Jumpluff|0 fnt\n|-enditem|p2b: Flutter Mane|Focus Sash\n|-damage|p2b: Flutter Mane|1\/100\n|faint|p2a: Jumpluff\n|\n|-weather|SunnyDay|[upkeep]\n|-sideend|p2: LordSno|move: Tailwind\n|-sideend|p1: nagio|move: Tailwind\n|upkeep\n|turn|5\n|\n|t:|1681866061\n|move|p2b: Flutter Mane|Dazzling Gleam|p1a: Flutter Mane|[spread] p1a,p1b\n|-damage|p1a: Flutter Mane|0 fnt\n|-damage|p1b: Chi-Yu|0 fnt\n|faint|p1a: Flutter Mane\n|-end|p1a: Flutter Mane|Protosynthesis|[silent]\n|faint|p1b: Chi-Yu\n|\n|win|LordSno\n|raw|nagio's rating: 1328 → 1306<\/strong> (-22 for losing)\n|raw|LordSno's rating: 1293 → 1321<\/strong> (+28 for winning)\n|l|\u2606nagio\n","uploadtime":1681866161,"views":20,"p1id":"nagio","p2id":"lordsno","formatid":"gen9vgc2023regulationc","rating":1306,"private":0,"password":""}