{"id":"gen9vgc2023regulationc-1857590865","p1":"piccoloruiz","p2":"Silralisk","format":"[Gen 9] VGC 2023 Regulation C","log":"|j|\u2606piccoloruiz\n|j|\u2606Silralisk\n|t:|1683211070\n|gametype|doubles\n|player|p1|piccoloruiz|cyclistf|1478\n|player|p2|Silralisk|2|1411\n|teamsize|p1|6\n|teamsize|p2|6\n|gen|9\n|tier|[Gen 9] VGC 2023 Regulation C\n|rated|\n|rule|Species Clause: Limit one of each Pok\u00e9mon\n|rule|Item Clause: Limit one of each item\n|clearpoke\n|poke|p1|Flutter Mane, L50|\n|poke|p1|Amoonguss, L50, F|\n|poke|p1|Gyarados, L50, F|\n|poke|p1|Chi-Yu, L50|\n|poke|p1|Ting-Lu, L50|\n|poke|p1|Baxcalibur, L50, F|\n|poke|p2|Murkrow, L50, F|\n|poke|p2|Rotom-Wash, L50|\n|poke|p2|Gholdengo, L50|\n|poke|p2|Tyranitar, L50, M|\n|poke|p2|Gyarados, L50, F|\n|poke|p2|Bronzong, L50|\n|teampreview|4\n|inactive|Battle timer is ON: inactive players will automatically lose when time's up. (requested by piccoloruiz)\n|inactive|Silralisk also wants the timer to be on.\n|inactive|piccoloruiz has 60 seconds left.\n|inactive|Silralisk has 60 seconds left.\n|inactive|piccoloruiz has 30 seconds left.\n|inactive|piccoloruiz has 20 seconds left.\n|inactive|piccoloruiz has 15 seconds left.\n|inactive|piccoloruiz has 10 seconds left.\n|\n|t:|1683211153\n|start\n|switch|p1a: Ting-Lu|Ting-Lu, L50|100\/100\n|switch|p1b: Bianca|Gyarados, L50, F, shiny|100\/100\n|switch|p2a: Murkrow|Murkrow, L50, F|100\/100\n|switch|p2b: Tyranitar|Tyranitar, L50, M|100\/100\n|-ability|p1b: Bianca|Intimidate|boost\n|-unboost|p2a: Murkrow|atk|1\n|-unboost|p2b: Tyranitar|atk|1\n|-weather|Sandstorm|[from] ability: Sand Stream|[of] p2b: Tyranitar\n|-ability|p1a: Ting-Lu|Vessel of Ruin\n|turn|1\n|inactive|piccoloruiz has 30 seconds left.\n|inactive|Silralisk has 30 seconds left.\n|inactive|piccoloruiz has 20 seconds left.\n|inactive|piccoloruiz has 15 seconds left.\n|inactive|piccoloruiz has 10 seconds left.\n|inactive|piccoloruiz has 5 seconds left.\n|\n|t:|1683211206\n|switch|p2b: Rotom|Rotom-Wash, L50|100\/100\n|move|p1b: Bianca|Protect|p1b: Bianca\n|-singleturn|p1b: Bianca|Protect\n|move|p2a: Murkrow|Taunt|p1b: Bianca\n|-activate|p1b: Bianca|move: Protect\n|move|p1a: Ting-Lu|Ruination|p2b: Rotom\n|-damage|p2b: Rotom|51\/100\n|\n|-weather|Sandstorm|[upkeep]\n|-damage|p2a: Murkrow|95\/100|[from] Sandstorm\n|-damage|p1b: Bianca|94\/100|[from] Sandstorm\n|-damage|p2b: Rotom|45\/100|[from] Sandstorm\n|-enditem|p2b: Rotom|Sitrus Berry|[eat]\n|-heal|p2b: Rotom|70\/100|[from] item: Sitrus Berry\n|upkeep\n|turn|2\n|inactive|piccoloruiz has 30 seconds left.\n|inactive|Silralisk has 30 seconds left.\n|\n|t:|1683211245\n|switch|p1b: Amoonguss|Amoonguss, L50, F, shiny|100\/100\n|move|p2a: Murkrow|Tailwind|p2a: Murkrow\n|-sidestart|p2: Silralisk|move: Tailwind\n|move|p2b: Rotom|Hydro Pump|p1a: Ting-Lu\n|-supereffective|p1a: Ting-Lu\n|-damage|p1a: Ting-Lu|65\/100\n|move|p1a: Ting-Lu|Ruination|p2b: Rotom\n|-damage|p2b: Rotom|36\/100\n|\n|-weather|Sandstorm|[upkeep]\n|-damage|p2a: Murkrow|89\/100|[from] Sandstorm\n|-damage|p2b: Rotom|30\/100|[from] Sandstorm\n|-damage|p1b: Amoonguss|95\/100|[from] Sandstorm\n|upkeep\n|turn|3\n|inactive|piccoloruiz has 30 seconds left.\n|inactive|piccoloruiz has 20 seconds left.\n|inactive|piccoloruiz has 15 seconds left.\n|inactive|piccoloruiz has 10 seconds left.\n|inactive|piccoloruiz has 5 seconds left.\n|\n|t:|1683211298\n|move|p2a: Murkrow|Taunt|p1b: Amoonguss\n|-start|p1b: Amoonguss|move: Taunt\n|move|p2b: Rotom|Will-O-Wisp|p1a: Ting-Lu\n|-status|p1a: Ting-Lu|brn\n|move|p1a: Ting-Lu|Rock Tomb|p2b: Rotom\n|-damage|p2b: Rotom|22\/100\n|-unboost|p2b: Rotom|spe|1\n|move|p1b: Amoonguss|Pollen Puff|p1a: Ting-Lu\n|-heal|p1a: Ting-Lu|100\/100 brn\n|\n|-weather|Sandstorm|[upkeep]\n|-damage|p2a: Murkrow|83\/100|[from] Sandstorm\n|-damage|p2b: Rotom|16\/100|[from] Sandstorm\n|-damage|p1b: Amoonguss|89\/100|[from] Sandstorm\n|-damage|p1a: Ting-Lu|95\/100 brn|[from] brn\n|upkeep\n|turn|4\n|inactive|piccoloruiz has 30 seconds left.\n|inactive|Silralisk has 30 seconds left.\n|inactive|piccoloruiz has 20 seconds left.\n|inactive|Silralisk has 20 seconds left.\n|inactive|piccoloruiz has 15 seconds left.\n|inactive|Silralisk has 15 seconds left.\n|inactive|piccoloruiz has 10 seconds left.\n|inactive|piccoloruiz has 5 seconds left.\n|\n|t:|1683211351\n|switch|p2b: Tyranitar|Tyranitar, L50, M|100\/100\n|move|p2a: Murkrow|Foul Play|p1b: Amoonguss\n|-damage|p1b: Amoonguss|69\/100\n|move|p1a: Ting-Lu|Ruination|p2a: Murkrow\n|-damage|p2a: Murkrow|42\/100\n|move|p1b: Amoonguss|Pollen Puff|p1a: Ting-Lu\n|-heal|p1a: Ting-Lu|100\/100 brn\n|\n|-weather|Sandstorm|[upkeep]\n|-damage|p2a: Murkrow|36\/100|[from] Sandstorm\n|-damage|p1b: Amoonguss|64\/100|[from] Sandstorm\n|-damage|p1a: Ting-Lu|95\/100 brn|[from] brn\n|upkeep\n|turn|5\n|inactive|piccoloruiz has 30 seconds left.\n|inactive|Silralisk has 30 seconds left.\n|inactive|piccoloruiz has 20 seconds left.\n|\n|t:|1683211390\n|-terastallize|p2b: Tyranitar|Rock\n|move|p2a: Murkrow|Foul Play|p1b: Amoonguss\n|-damage|p1b: Amoonguss|47\/100\n|-enditem|p1b: Amoonguss|Sitrus Berry|[eat]\n|-heal|p1b: Amoonguss|71\/100|[from] item: Sitrus Berry\n|move|p2b: Tyranitar|Rock Slide|p1b: Amoonguss|[spread] p1a,p1b\n|-resisted|p1a: Ting-Lu\n|-damage|p1a: Ting-Lu|85\/100 brn\n|-damage|p1b: Amoonguss|40\/100\n|move|p1a: Ting-Lu|Rock Tomb|p2a: Murkrow\n|-supereffective|p2a: Murkrow\n|-damage|p2a: Murkrow|19\/100\n|-unboost|p2a: Murkrow|spe|1\n|move|p1b: Amoonguss|Pollen Puff|p2a: Murkrow\n|-damage|p2a: Murkrow|4\/100\n|\n|-weather|none\n|-damage|p1a: Ting-Lu|79\/100 brn|[from] brn\n|-end|p1b: Amoonguss|move: Taunt\n|-sideend|p2: Silralisk|move: Tailwind\n|upkeep\n|turn|6\n|inactive|piccoloruiz has 30 seconds left.\n|inactive|Silralisk has 30 seconds left.\n|inactive|Silralisk has 20 seconds left.\n|inactive|Silralisk has 15 seconds left.\n|inactive|Silralisk has 10 seconds left.\n|\n|t:|1683211435\n|move|p1b: Amoonguss|Protect|p1b: Amoonguss\n|-singleturn|p1b: Amoonguss|Protect\n|move|p2a: Murkrow|Tailwind|p2a: Murkrow\n|-sidestart|p2: Silralisk|move: Tailwind\n|move|p2b: Tyranitar|Rock Slide|p1b: Amoonguss|[spread] p1a\n|-activate|p1b: Amoonguss|move: Protect\n|-resisted|p1a: Ting-Lu\n|-damage|p1a: Ting-Lu|68\/100 brn\n|cant|p1a: Ting-Lu|flinch\n|\n|-damage|p1a: Ting-Lu|62\/100 brn|[from] brn\n|upkeep\n|turn|7\n|inactive|piccoloruiz has 30 seconds left.\n|inactive|Silralisk has 30 seconds left.\n|inactive|piccoloruiz has 20 seconds left.\n|inactive|piccoloruiz has 15 seconds left.\n|inactive|piccoloruiz has 10 seconds left.\n|inactive|piccoloruiz has 5 seconds left.\n|\n|t:|1683211486\n|move|p2b: Tyranitar|Rock Slide|p1b: Amoonguss|[spread] p1a,p1b\n|-resisted|p1a: Ting-Lu\n|-damage|p1a: Ting-Lu|51\/100 brn\n|-damage|p1b: Amoonguss|7\/100\n|move|p2a: Murkrow|Foul Play|p1b: Amoonguss\n|-crit|p1b: Amoonguss\n|-damage|p1b: Amoonguss|0 fnt\n|faint|p1b: Amoonguss\n|cant|p1a: Ting-Lu|flinch\n|\n|-damage|p1a: Ting-Lu|45\/100 brn|[from] brn\n|upkeep\n|\n|t:|1683211496\n|switch|p1b: Bianca|Gyarados, L50, F, shiny|94\/100\n|-ability|p1b: Bianca|Intimidate|boost\n|-unboost|p2a: Murkrow|atk|1\n|-unboost|p2b: Tyranitar|atk|1\n|turn|8\n|\n|t:|1683211515\n|move|p2a: Murkrow|Haze|p2a: Murkrow\n|-clearallboost\n|move|p2b: Tyranitar|Rock Slide|p1b: Bianca|[spread] p1a,p1b\n|-resisted|p1a: Ting-Lu\n|-supereffective|p1b: Bianca\n|-damage|p1a: Ting-Lu|35\/100 brn\n|-damage|p1b: Bianca|15\/100\n|-enditem|p1b: Bianca|Aguav Berry|[eat]\n|-heal|p1b: Bianca|47\/100|[from] item: Aguav Berry\n|move|p1b: Bianca|Waterfall|p2a: Murkrow\n|-damage|p2a: Murkrow|0 fnt\n|faint|p2a: Murkrow\n|cant|p1a: Ting-Lu|flinch\n|\n|-damage|p1a: Ting-Lu|29\/100 brn|[from] brn\n|upkeep\n|\n|t:|1683211533\n|switch|p2a: Rotom|Rotom-Wash, L50|16\/100\n|turn|9\n|\n|t:|1683211556\n|move|p1b: Bianca|Protect|p1b: Bianca\n|-singleturn|p1b: Bianca|Protect\n|move|p2a: Rotom|Thunderbolt|p1b: Bianca\n|-activate|p1b: Bianca|move: Protect\n|move|p2b: Tyranitar|Low Kick|p1a: Ting-Lu\n|-supereffective|p1a: Ting-Lu\n|-damage|p1a: Ting-Lu|0 fnt\n|faint|p1a: Ting-Lu\n|\n|-sideend|p2: Silralisk|move: Tailwind\n|upkeep\n|\n|t:|1683211562\n|switch|p1a: Chi-Yu|Chi-Yu, L50|100\/100\n|-ability|p1a: Chi-Yu|Beads of Ruin\n|turn|10\n|\n|t:|1683211584\n|-terastallize|p1a: Chi-Yu|Water\n|move|p2a: Rotom|Protect|p2a: Rotom\n|-singleturn|p2a: Rotom|Protect\n|move|p1a: Chi-Yu|Dark Pulse|p2b: Tyranitar\n|-damage|p2b: Tyranitar|63\/100\n|move|p1b: Bianca|Waterfall|p2b: Tyranitar\n|-supereffective|p2b: Tyranitar\n|-damage|p2b: Tyranitar|10\/100\n|move|p2b: Tyranitar|Rock Slide|p1b: Bianca|[spread] p1a,p1b\n|-supereffective|p1b: Bianca\n|-damage|p1a: Chi-Yu|48\/100\n|-damage|p1b: Bianca|0 fnt\n|faint|p1b: Bianca\n|\n|upkeep\n|turn|11\n|-message|piccoloruiz forfeited.\n|\n|win|Silralisk\n|raw|piccoloruiz's rating: 1478 → 1454<\/strong> (-24 for losing)\n|raw|Silralisk's rating: 1411 → 1435<\/strong> (+24 for winning)\n|l|\u2606Silralisk\n","uploadtime":1683211613,"views":10,"p1id":"piccoloruiz","p2id":"silralisk","formatid":"gen9vgc2023regulationc","rating":1435,"private":0,"password":""}