{"id":"gen9vgc2023regulationc-1862680716","p1":"Arcacagne","p2":"OverOmegafire","format":"[Gen 9] VGC 2023 Regulation C","log":"|j|\u2606Arcacagne\n|j|\u2606OverOmegafire\n|t:|1683911637\n|gametype|doubles\n|player|p1|Arcacagne|169|1250\n|player|p2|OverOmegafire|hilbert-wonderlauncher|1217\n|teamsize|p1|6\n|teamsize|p2|6\n|gen|9\n|tier|[Gen 9] VGC 2023 Regulation C\n|rated|\n|rule|Species Clause: Limit one of each Pok\u00e9mon\n|rule|Item Clause: Limit one of each item\n|clearpoke\n|poke|p1|Ting-Lu, L50|\n|poke|p1|Flutter Mane, L50|\n|poke|p1|Amoonguss, L50, F|\n|poke|p1|Palafin, L50, M|\n|poke|p1|Kingambit, L50, M|\n|poke|p1|Tauros-Paldea-Blaze, L50, M|\n|poke|p2|Azumarill, L50, F|\n|poke|p2|Glaceon, L50, F|\n|poke|p2|Iron Bundle, L50|\n|poke|p2|Gengar, L50, M|\n|poke|p2|Abomasnow, L50, F|\n|poke|p2|Great Tusk, L50|\n|teampreview|4\n|inactive|Battle timer is ON: inactive players will automatically lose when time's up. (requested by OverOmegafire)\n|\n|t:|1683911685\n|start\n|switch|p1a: Kingambit|Kingambit, L50, M|100\/100\n|switch|p1b: Amoonguss|Amoonguss, L50, F|100\/100\n|switch|p2a: Iron Bundle|Iron Bundle, L50|100\/100\n|switch|p2b: Abomasnow|Abomasnow, L50, F|100\/100\n|-weather|Snow|[from] ability: Snow Warning|[of] p2b: Abomasnow\n|-enditem|p2a: Iron Bundle|Booster Energy\n|-activate|p2a: Iron Bundle|ability: Quark Drive|[fromitem]\n|-start|p2a: Iron Bundle|quarkdrivespe\n|turn|1\n|\n|t:|1683911701\n|switch|p1b: Tauros|Tauros-Paldea-Blaze, L50, M|100\/100\n|-ability|p1b: Tauros|Intimidate|boost\n|-unboost|p2a: Iron Bundle|atk|1\n|-unboost|p2b: Abomasnow|atk|1\n|move|p2a: Iron Bundle|Aurora Veil|p2a: Iron Bundle\n|-sidestart|p2: OverOmegafire|move: Aurora Veil\n|move|p2b: Abomasnow|Blizzard|p1a: Kingambit|[spread] p1a,p1b\n|-resisted|p1a: Kingambit\n|-resisted|p1b: Tauros\n|-damage|p1a: Kingambit|82\/100\n|-damage|p1b: Tauros|83\/100\n|move|p1a: Kingambit|Swords Dance|p1a: Kingambit\n|-boost|p1a: Kingambit|atk|2\n|\n|-weather|Snow|[upkeep]\n|upkeep\n|turn|2\n|\n|t:|1683911726\n|-terastallize|p1b: Tauros|Steel\n|-terastallize|p2b: Abomasnow|Water\n|move|p2a: Iron Bundle|Hydro Pump|p1a: Kingambit\n|-damage|p1a: Kingambit|34\/100\n|move|p1b: Tauros|Raging Bull|p2b: Abomasnow\n|-sideend|p2: OverOmegafire|move: Aurora Veil\n|-resisted|p2b: Abomasnow\n|-damage|p2b: Abomasnow|78\/100\n|move|p2b: Abomasnow|Earth Power|p1a: Kingambit\n|-supereffective|p1a: Kingambit\n|-damage|p1a: Kingambit|0 fnt\n|faint|p1a: Kingambit\n|\n|-weather|Snow|[upkeep]\n|upkeep\n|\n|t:|1683911742\n|switch|p1a: Flutter Mane|Flutter Mane, L50|100\/100\n|-enditem|p1a: Flutter Mane|Booster Energy\n|-activate|p1a: Flutter Mane|ability: Protosynthesis|[fromitem]\n|-start|p1a: Flutter Mane|protosynthesisspa\n|turn|3\n|\n|t:|1683911762\n|move|p2a: Iron Bundle|Aurora Veil|p2a: Iron Bundle\n|-sidestart|p2: OverOmegafire|move: Aurora Veil\n|move|p1a: Flutter Mane|Substitute|p1a: Flutter Mane\n|-start|p1a: Flutter Mane|Substitute\n|-damage|p1a: Flutter Mane|76\/100\n|move|p1b: Tauros|Raging Bull|p2a: Iron Bundle\n|-sideend|p2: OverOmegafire|move: Aurora Veil\n|-damage|p2a: Iron Bundle|72\/100\n|move|p2b: Abomasnow|Earth Power|p1b: Tauros\n|-supereffective|p1b: Tauros\n|-damage|p1b: Tauros|34\/100\n|\n|-weather|Snow|[upkeep]\n|upkeep\n|turn|4\n|\n|t:|1683911780\n|move|p2a: Iron Bundle|Icy Wind|p1a: Flutter Mane|[spread] p1a,p1b\n|-activate|p1a: Flutter Mane|move: Substitute|[damage]\n|-resisted|p1b: Tauros\n|-damage|p1b: Tauros|24\/100\n|-unboost|p1b: Tauros|spe|1\n|move|p1a: Flutter Mane|Moonblast|p2a: Iron Bundle\n|-damage|p2a: Iron Bundle|0 fnt\n|faint|p2a: Iron Bundle\n|-end|p2a: Iron Bundle|Quark Drive|[silent]\n|move|p1b: Tauros|Raging Bull|p2b: Abomasnow\n|-resisted|p2b: Abomasnow\n|-damage|p2b: Abomasnow|58\/100\n|move|p2b: Abomasnow|Earth Power|p1b: Tauros\n|-supereffective|p1b: Tauros\n|-damage|p1b: Tauros|0 fnt\n|faint|p1b: Tauros\n|\n|-weather|Snow|[upkeep]\n|upkeep\n|\n|t:|1683911796\n|switch|p2a: Azumarill|Azumarill, L50, F|100\/100\n|switch|p1b: Amoonguss|Amoonguss, L50, F|100\/100\n|turn|5\n|\n|t:|1683911812\n|move|p2a: Azumarill|Aqua Jet|p1a: Flutter Mane\n|-end|p1a: Flutter Mane|Substitute\n|-damage|p2a: Azumarill|91\/100|[from] item: Life Orb\n|move|p1a: Flutter Mane|Moonblast|p2b: Abomasnow\n|-damage|p2b: Abomasnow|0 fnt\n|faint|p2b: Abomasnow\n|move|p1b: Amoonguss|Spore|p2a: Azumarill\n|-status|p2a: Azumarill|slp|[from] move: Spore\n|\n|-weather|Snow|[upkeep]\n|upkeep\n|\n|t:|1683911821\n|switch|p2b: Great Tusk|Great Tusk, L50|100\/100\n|turn|6\n|\n|t:|1683911838\n|move|p1a: Flutter Mane|Protect|p1a: Flutter Mane\n|-singleturn|p1a: Flutter Mane|Protect\n|cant|p2a: Azumarill|slp\n|move|p2b: Great Tusk|Iron Head|p1a: Flutter Mane\n|-activate|p1a: Flutter Mane|move: Protect\n|move|p1b: Amoonguss|Spore|p2b: Great Tusk\n|-status|p2b: Great Tusk|slp|[from] move: Spore\n|\n|-weather|Snow|[upkeep]\n|upkeep\n|turn|7\n|\n|t:|1683911855\n|move|p1a: Flutter Mane|Moonblast|p2b: Great Tusk\n|-supereffective|p2b: Great Tusk\n|-damage|p2b: Great Tusk|1\/100 slp\n|-unboost|p2b: Great Tusk|spa|1\n|cant|p2a: Azumarill|slp\n|cant|p2b: Great Tusk|slp\n|move|p1b: Amoonguss|Pollen Puff|p1a: Flutter Mane\n|-heal|p1a: Flutter Mane|100\/100\n|\n|-weather|Snow|[upkeep]\n|upkeep\n|turn|8\n|\n|t:|1683911875\n|move|p1a: Flutter Mane|Substitute|p1a: Flutter Mane\n|-start|p1a: Flutter Mane|Substitute\n|-damage|p1a: Flutter Mane|76\/100\n|cant|p2a: Azumarill|slp\n|cant|p2b: Great Tusk|slp\n|move|p1b: Amoonguss|Pollen Puff|p2b: Great Tusk\n|-resisted|p2b: Great Tusk\n|-damage|p2b: Great Tusk|0 fnt\n|faint|p2b: Great Tusk\n|-end|p2b: Great Tusk|Protosynthesis|[silent]\n|\n|-weather|none\n|upkeep\n|turn|9\n|-message|OverOmegafire forfeited.\n|\n|win|Arcacagne\n|raw|Arcacagne's rating: 1250 → 1273<\/strong> (+23 for winning)\n|raw|OverOmegafire's rating: 1217 → 1194<\/strong> (-23 for losing)\n|l|\u2606OverOmegafire\n","uploadtime":1683911891,"views":14,"p1id":"arcacagne","p2id":"overomegafire","formatid":"gen9vgc2023regulationc","rating":1194,"private":0,"password":""}