{"id":"gen9vgc2023regulationc-1863513813","p1":"SuperToad916","p2":"JJ22FTW","format":"[Gen 9] VGC 2023 Regulation C","log":"|j|\u2606SuperToad916\n|j|\u2606JJ22FTW\n|t:|1684027767\n|gametype|doubles\n|player|p1|SuperToad916|2|\n|player|p2|JJ22FTW|2|\n|teamsize|p1|6\n|teamsize|p2|6\n|gen|9\n|tier|[Gen 9] VGC 2023 Regulation C\n|rule|Species Clause: Limit one of each Pok\u00e9mon\n|rule|Item Clause: Limit one of each item\n|clearpoke\n|poke|p1|Dragonite, L50, M|\n|poke|p1|Torkoal, L50, F|\n|poke|p1|Sylveon, L50, M|\n|poke|p1|Lilligant, L50, F|\n|poke|p1|Toedscruel, L50, M|\n|poke|p1|Kingambit, L50, F|\n|poke|p2|Abomasnow, L50, M|\n|poke|p2|Garchomp, L50, M|\n|poke|p2|Talonflame, L50, M|\n|poke|p2|Gengar, L50, F|\n|poke|p2|Gardevoir, L50, F|\n|poke|p2|Iron Valiant, L50|\n|teampreview|4\n|j| CluelessGamer18\n|l| CluelessGamer18\n|j| CluelessGamer18\nSuperToad916 rejected open team sheets.\n|\n|t:|1684027833\n|start\n|switch|p1a: Bike|Torkoal, L50, F|100\/100\n|switch|p1b: Mike|Dragonite, L50, M, shiny|100\/100\n|switch|p2a: HungLikeAMoose|Talonflame, L50, M, shiny|100\/100\n|switch|p2b: Obama-Snow|Abomasnow, L50, M|100\/100\n|-weather|Snow|[from] ability: Snow Warning|[of] p2b: Obama-Snow\n|-weather|SunnyDay|[from] ability: Drought|[of] p1a: Bike\n|turn|1\n|\n|t:|1684027871\n|-terastallize|p1b: Mike|Normal\n|move|p1a: Bike|Protect|p1a: Bike\n|-singleturn|p1a: Bike|Protect\n|move|p2a: HungLikeAMoose|Tailwind|p2a: HungLikeAMoose\n|-sidestart|p2: JJ22FTW|move: Tailwind\n|move|p2b: Obama-Snow|Blizzard|p1b: Mike|[spread] p1b\n|-activate|p1a: Bike|move: Protect\n|-damage|p1b: Mike|84\/100\n|move|p1b: Mike|Rock Slide|p2b: Obama-Snow|[spread] p2a,p2b\n|-supereffective|p2a: HungLikeAMoose\n|-crit|p2a: HungLikeAMoose\n|-supereffective|p2b: Obama-Snow\n|-enditem|p2a: HungLikeAMoose|Focus Sash\n|-damage|p2a: HungLikeAMoose|1\/100\n|-damage|p2b: Obama-Snow|49\/100\n|\n|-weather|SunnyDay|[upkeep]\n|upkeep\n|turn|2\n|\n|t:|1684027929\n|move|p1b: Mike|Extreme Speed|p2a: HungLikeAMoose\n|-damage|p2a: HungLikeAMoose|0 fnt\n|faint|p2a: HungLikeAMoose\n|move|p2b: Obama-Snow|Focus Blast|p1b: Mike\n|-supereffective|p1b: Mike\n|-damage|p1b: Mike|23\/100\n|-enditem|p1b: Mike|Weakness Policy\n|-boost|p1b: Mike|atk|2|[from] item: Weakness Policy\n|-boost|p1b: Mike|spa|2|[from] item: Weakness Policy\n|move|p1a: Bike|Eruption|p2b: Obama-Snow\n|-supereffective|p2b: Obama-Snow\n|-damage|p2b: Obama-Snow|0 fnt\n|faint|p2b: Obama-Snow\n|\n|-weather|SunnyDay|[upkeep]\n|upkeep\n|\n|t:|1684027949\n|switch|p2a: Have Mercy...|Gardevoir, L50, F|100\/100\n|switch|p2b: Gaydar|Gengar, L50, F|100\/100\n|-ability|p2a: Have Mercy...|Drought|[from] ability: Trace|[of] p1a: Bike\n|turn|3\n|\n|t:|1684027972\n|move|p1b: Mike|Extreme Speed|p2a: Have Mercy...\n|-damage|p2a: Have Mercy...|0 fnt\n|faint|p2a: Have Mercy...\n|move|p2b: Gaydar|Sludge Bomb|p1a: Bike\n|-damage|p1a: Bike|43\/100\n|move|p1a: Bike|Eruption|p2b: Gaydar\n|-damage|p2b: Gaydar|13\/100\n|\n|-weather|SunnyDay|[upkeep]\n|upkeep\n|turn|4\n|\n|t:|1684028021\n|move|p1a: Bike|Protect|p1a: Bike\n|-singleturn|p1a: Bike|Protect\n|move|p2b: Gaydar|Sludge Bomb|p1b: Mike\n|-damage|p1b: Mike|0 fnt\n|faint|p1b: Mike\n|\n|-weather|SunnyDay|[upkeep]\n|-sideend|p2: JJ22FTW|move: Tailwind\n|upkeep\n|\n|t:|1684028029\n|switch|p1b: Trike|Kingambit, L50, F|100\/100\n|turn|5\n|\n|t:|1684028046\n|move|p1b: Trike|Sucker Punch|p2b: Gaydar\n|-supereffective|p2b: Gaydar\n|-damage|p2b: Gaydar|0 fnt\n|faint|p2b: Gaydar\n|\n|win|SuperToad916\n","uploadtime":1684028059,"views":15,"p1id":"supertoad916","p2id":"jj22ftw","formatid":"gen9vgc2023regulationc","rating":0,"private":0,"password":""}