{"id":"gen9vgc2023regulationc-1858245501","p1":"HelloThisIsME","p2":"Arcacagne","format":"[Gen 9] VGC 2023 Regulation C","log":"|j|\u2606HelloThisIsME\n|j|\u2606Arcacagne\n|t:|1683294863\n|gametype|doubles\n|player|p1|HelloThisIsME|265|1265\n|player|p2|Arcacagne|1|1325\n|teamsize|p1|6\n|teamsize|p2|6\n|gen|9\n|tier|[Gen 9] VGC 2023 Regulation C\n|rated|\n|rule|Species Clause: Limit one of each Pok\u00e9mon\n|rule|Item Clause: Limit one of each item\n|clearpoke\n|poke|p1|Dondozo, L50, M|\n|poke|p1|Tatsugiri-Droopy, L50, F|\n|poke|p1|Pelipper, L50, M|\n|poke|p1|Drednaw, L50, M|\n|poke|p1|Dragonite, L50, M|\n|poke|p1|Chien-Pao, L50|\n|poke|p2|Chi-Yu, L50|\n|poke|p2|Flutter Mane, L50|\n|poke|p2|Amoonguss, L50, F|\n|poke|p2|Palafin, L50, F|\n|poke|p2|Kingambit, L50, F|\n|poke|p2|Arcanine, L50, M|\n|teampreview|4\n|\n|t:|1683294889\n|start\n|switch|p1a: Dondozo|Dondozo, L50, M|100\/100\n|switch|p1b: Pelipper|Pelipper, L50, M|100\/100\n|switch|p2a: Kingambit|Kingambit, L50, F|100\/100\n|switch|p2b: Palafin|Palafin, L50, F|100\/100\n|-weather|RainDance|[from] ability: Drizzle|[of] p1b: Pelipper\n|turn|1\n|\n|t:|1683294920\n|detailschange|p2b: Palafin|Palafin-Hero, L50, F\n|switch|p2b: Amoonguss|Amoonguss, L50, F|100\/100\n|switch|p1b: Tatsugiri|Tatsugiri-Droopy, L50, F, shiny|100\/100\n|-activate|p1b: Tatsugiri|ability: Commander|[of] p1a: Dondozo\n|-boost|p1a: Dondozo|atk|2\n|-boost|p1a: Dondozo|spa|2\n|-boost|p1a: Dondozo|spe|2\n|-boost|p1a: Dondozo|def|2\n|-boost|p1a: Dondozo|spd|2\n|-terastallize|p1a: Dondozo|Water\n|-terastallize|p2a: Kingambit|Water\n|move|p1a: Dondozo|Surf|p2a: Kingambit|[spread] p2a,p2b\n|-miss|p1a: Dondozo|p1b: Tatsugiri\n|-resisted|p2a: Kingambit\n|-resisted|p2b: Amoonguss\n|-damage|p2a: Kingambit|46\/100\n|-damage|p2b: Amoonguss|52\/100\n|-damage|p1a: Dondozo|91\/100|[from] item: Life Orb\n|move|p2a: Kingambit|Swords Dance|p2a: Kingambit\n|-boost|p2a: Kingambit|atk|2\n|\n|-weather|RainDance|[upkeep]\n|upkeep\n|turn|2\n|\n|t:|1683294953\n|move|p2a: Kingambit|Sucker Punch|p1a: Dondozo\n|-damage|p1a: Dondozo|74\/100\n|move|p1a: Dondozo|Surf|p2b: Amoonguss|[spread] p2a,p2b\n|-miss|p1a: Dondozo|p1b: Tatsugiri\n|-resisted|p2a: Kingambit\n|-resisted|p2b: Amoonguss\n|-damage|p2a: Kingambit|0 fnt\n|-damage|p2b: Amoonguss|5\/100\n|-enditem|p2b: Amoonguss|Sitrus Berry|[eat]\n|-heal|p2b: Amoonguss|29\/100|[from] item: Sitrus Berry\n|faint|p2a: Kingambit\n|-damage|p1a: Dondozo|65\/100|[from] item: Life Orb\n|move|p2b: Amoonguss|Spore|p1a: Dondozo\n|-status|p1a: Dondozo|slp|[from] move: Spore\n|\n|-weather|RainDance|[upkeep]\n|upkeep\n|\n|t:|1683294967\n|switch|p2a: Palafin|Palafin-Hero, L50, F|100\/100\n|-activate|p2a: Palafin|ability: Zero to Hero\n|turn|3\n|inactive|Battle timer is ON: inactive players will automatically lose when time's up. (requested by Arcacagne)\n|inactive|HelloThisIsME has 60 seconds left.\n|\n|t:|1683295050\n|switch|p2b: Flutter Mane|Flutter Mane, L50|100\/100\n|-enditem|p2b: Flutter Mane|Booster Energy\n|-activate|p2b: Flutter Mane|ability: Protosynthesis|[fromitem]\n|-start|p2b: Flutter Mane|protosynthesisspa\n|cant|p1a: Dondozo|slp\n|move|p2a: Palafin|Haze|p2a: Palafin\n|-clearallboost\n|\n|-weather|RainDance|[upkeep]\n|upkeep\n|turn|4\n|\n|t:|1683295066\n|switch|p2a: Amoonguss|Amoonguss, L50, F|62\/100\n|move|p2b: Flutter Mane|Substitute|p2b: Flutter Mane\n|-start|p2b: Flutter Mane|Substitute\n|-damage|p2b: Flutter Mane|76\/100\n|cant|p1a: Dondozo|slp\n|move|p1a: Dondozo|Sleep Talk|p1a: Dondozo\n|move|p1a: Dondozo|Wave Crash|p2b: Flutter Mane|[from]move: Sleep Talk\n|-end|p2b: Flutter Mane|Substitute\n|-damage|p1a: Dondozo|59\/100 slp|[from] Recoil|[of] p2b: Flutter Mane\n|-damage|p1a: Dondozo|49\/100 slp|[from] item: Life Orb\n|\n|-weather|RainDance|[upkeep]\n|upkeep\n|turn|5\n|\n|t:|1683295095\n|move|p2b: Flutter Mane|Moonblast|p1a: Dondozo\n|-damage|p1a: Dondozo|0 fnt\n|faint|p1a: Dondozo\n|move|p2a: Amoonguss|Spore|p1b: Tatsugiri\n|-status|p1b: Tatsugiri|slp|[from] move: Spore\n|\n|-weather|RainDance|[upkeep]\n|upkeep\n|\n|t:|1683295105\n|switch|p1a: Drednaw|Drednaw, L50, M|100\/100\n|turn|6\n|\n|t:|1683295115\n|move|p2a: Amoonguss|Rage Powder|p2a: Amoonguss\n|-singleturn|p2a: Amoonguss|move: Rage Powder\n|move|p1a: Drednaw|Rock Slide|p2a: Amoonguss|[spread] p2a,p2b\n|-damage|p2a: Amoonguss|28\/100\n|-damage|p2b: Flutter Mane|18\/100\n|cant|p1b: Tatsugiri|slp\n|move|p2b: Flutter Mane|Moonblast|p1b: Tatsugiri\n|-supereffective|p1b: Tatsugiri\n|-damage|p1b: Tatsugiri|0 fnt\n|faint|p1b: Tatsugiri\n|\n|-weather|RainDance|[upkeep]\n|upkeep\n|inactive|HelloThisIsME has 30 seconds left.\n|inactive|HelloThisIsME has 20 seconds left.\n|inactive|HelloThisIsME has 15 seconds left.\n|inactive|HelloThisIsME has 10 seconds left.\n|inactive|HelloThisIsME has 5 seconds left.\n|\n|t:|1683295168\n|switch|p1b: Pelipper|Pelipper, L50, M|100\/100\n|turn|7\n|\n|t:|1683295181\n|switch|p2a: Palafin|Palafin-Hero, L50, F|100\/100\n|move|p2b: Flutter Mane|Protect|p2b: Flutter Mane\n|-singleturn|p2b: Flutter Mane|Protect\n|move|p1a: Drednaw|Rock Slide|p2b: Flutter Mane|[spread] p2a\n|-activate|p2b: Flutter Mane|move: Protect\n|-damage|p2a: Palafin|56\/100\n|move|p1b: Pelipper|Hurricane|p2a: Palafin\n|-damage|p2a: Palafin|0 fnt\n|faint|p2a: Palafin\n|\n|-weather|RainDance|[upkeep]\n|upkeep\n|\n|t:|1683295195\n|switch|p2a: Amoonguss|Amoonguss, L50, F|61\/100\n|turn|8\n|\n|t:|1683295201\n|move|p2b: Flutter Mane|Protect||[still]\n|-fail|p2b: Flutter Mane\n|move|p1a: Drednaw|Rock Slide|p2a: Amoonguss|[spread] p2a,p2b\n|-damage|p2a: Amoonguss|22\/100\n|-damage|p2b: Flutter Mane|0 fnt\n|faint|p2b: Flutter Mane\n|-end|p2b: Flutter Mane|Protosynthesis|[silent]\n|move|p1b: Pelipper|Hurricane|p2a: Amoonguss\n|-supereffective|p2a: Amoonguss\n|-damage|p2a: Amoonguss|0 fnt\n|faint|p2a: Amoonguss\n|\n|win|HelloThisIsME\n|raw|HelloThisIsME's rating: 1265 → 1294<\/strong> (+29 for winning)\n|raw|Arcacagne's rating: 1325 → 1302<\/strong> (-23 for losing)\n","uploadtime":1683295215,"views":4,"p1id":"hellothisisme","p2id":"arcacagne","formatid":"gen9vgc2023regulationc","rating":1294,"private":0,"password":""}