{"id":"gen9vgc2023regulationc-1860803263","p1":"pokeway96","p2":"DaGreedent+","format":"[Gen 9] VGC 2023 Regulation C","log":"|j|\u2606pokeway96\n|j|\u2606DaGreedent+\n|t:|1683679783\n|gametype|doubles\n|player|p1|pokeway96|leon-masters|\n|player|p2|DaGreedent+|hanbei-conquest|\n|teamsize|p1|6\n|teamsize|p2|6\n|gen|9\n|tier|[Gen 9] VGC 2023 Regulation C\n|rated|Tournament battle\n|rule|Species Clause: Limit one of each Pok\u00e9mon\n|rule|Item Clause: Limit one of each item\n|clearpoke\n|poke|p1|Flutter Mane, L50|\n|poke|p1|Chi-Yu, L50|\n|poke|p1|Gyarados, L50, M|\n|poke|p1|Ting-Lu, L50|\n|poke|p1|Iron Hands, L50|\n|poke|p1|Amoonguss, L50, M|\n|poke|p2|Annihilape, L50, M|\n|poke|p2|Maushold, L50|\n|poke|p2|Chien-Pao, L50|\n|poke|p2|Flutter Mane, L50|\n|poke|p2|Iron Bundle, L50|\n|poke|p2|Dragonite, L50, F|\n|teampreview|4\n|raw| Open Team Sheet for pokeway96<\/summary>Flutter Mane @ Booster Energy Ability: Protosynthesis Level: 50 Tera Type: Fairy - Moonblast - Shadow Ball - Substitute - Protect Chi-Yu @ Safety Goggles Ability: Beads of Ruin Level: 50 Tera Type: Water - Heat Wave - Dark Pulse - Nasty Plot - Protect Gyarados (M) @ Aguav Berry Ability: Intimidate Level: 50 Shiny: Yes Tera Type: Fairy - Waterfall - Thunder Wave - Taunt - Protect Ting-Lu @ Leftovers Ability: Vessel of Ruin Level: 50 Tera Type: Water - Stomping Tantrum - Ruination - Heavy Slam - Protect Iron Hands @ Assault Vest Ability: Quark Drive Level: 50 Tera Type: Grass - Drain Punch - Wild Charge - Volt Switch - Fake Out Amoonguss (M) @ Sitrus Berry Ability: Regenerator Level: 50 Shiny: Yes Tera Type: Water - Pollen Puff - Rage Powder - Spore - Clear Smog <\/details><\/div> Open Team Sheet for DaGreedent+<\/summary>Monke (Annihilape) @ Leftovers Ability: Defiant Level: 50 Tera Type: Water - Drain Punch - Rage Fist - Protect - Bulk Up The 3 Musketeers (Maushold) @ Safety Goggles Ability: Friend Guard Level: 50 Tera Type: Ghost - Follow Me - Beat Up - Encore - Protect Cat Got ma tung (Chien-Pao) @ Focus Sash Ability: Sword of Ruin Level: 50 Tera Type: Ghost - Ice Spinner - Sucker Punch - Protect - Sacred Sword AYOOO (Flutter Mane) @ Choice Specs Ability: Protosynthesis Level: 50 Tera Type: Steel - Power Gem - Moonblast - Shadow Ball - Dazzling Gleam Iron Duck (Iron Bundle) @ Booster Energy Ability: Quark Drive Level: 50 Shiny: Yes Tera Type: Ghost - Icy Wind - Hydro Pump - Freeze-Dry - Protect I Say Hold Up (Dragonite) @ Choice Band Ability: Multiscale Level: 50 Tera Type: Flying - Tera Blast - Extreme Speed - Ice Spinner - Outrage <\/details><\/div>\n|inactive|Battle timer is ON: inactive players will automatically lose when time's up. (requested by DaGreedent+)\n|j| Radio Free C-Side\n|j| altarboy69\n|inactive|pokeway96 has 60 seconds left.\n|inactive|DaGreedent+ has 60 seconds left.\n|j| ale cog\n|j| Molten Tower\n|j| Voidbunny123\n|inactive|DaGreedent+ has 30 seconds left.\n|\n|t:|1683679845\n|start\n|switch|p1a: Amoonguss|Amoonguss, L50, M, shiny|100\/100\n|switch|p1b: Flutter Mane|Flutter Mane, L50|100\/100\n|switch|p2a: Monke|Annihilape, L50, M|100\/100\n|switch|p2b: The 3 Musketeers|Maushold, L50|100\/100\n|-enditem|p1b: Flutter Mane|Booster Energy\n|-activate|p1b: Flutter Mane|ability: Protosynthesis|[fromitem]\n|-start|p1b: Flutter Mane|protosynthesisspa\n|turn|1\n|j|+TheLoanRanger\n|l|+TheLoanRanger\n|\n|t:|1683679860\n|-terastallize|p2a: Monke|Water\n|move|p2b: The 3 Musketeers|Follow Me|p2b: The 3 Musketeers\n|-singleturn|p2b: The 3 Musketeers|move: Follow Me\n|move|p1b: Flutter Mane|Substitute|p1b: Flutter Mane\n|-start|p1b: Flutter Mane|Substitute\n|-damage|p1b: Flutter Mane|76\/100\n|move|p2a: Monke|Rage Fist|p1b: Flutter Mane\n|-supereffective|p1b: Flutter Mane\n|-end|p1b: Flutter Mane|Substitute\n|move|p1a: Amoonguss|Spore|p2b: The 3 Musketeers\n|-activate|p2b: The 3 Musketeers|item: Safety Goggles|Spore\n|\n|upkeep\n|turn|2\n|j| skibidibopyes\n|l| skibidibopyes\n|inactive|DaGreedent+ has 30 seconds left.\n|\n|t:|1683679891\n|move|p1b: Flutter Mane|Substitute|p1b: Flutter Mane\n|-start|p1b: Flutter Mane|Substitute\n|-damage|p1b: Flutter Mane|52\/100\n|move|p2b: The 3 Musketeers|Encore|p1b: Flutter Mane\n|-start|p1b: Flutter Mane|Encore\n|move|p2a: Monke|Bulk Up|p2a: Monke\n|-boost|p2a: Monke|atk|1\n|-boost|p2a: Monke|def|1\n|move|p1a: Amoonguss|Pollen Puff|p1b: Flutter Mane\n|-heal|p1b: Flutter Mane|100\/100\n|\n|upkeep\n|turn|3\n|j|%Borghi\n|\n|t:|1683679908\n|switch|p1a: Iron Hands|Iron Hands, L50|100\/100\n|move|p1b: Flutter Mane|Substitute|p1b: Flutter Mane\n|-fail|p1b: Flutter Mane|move: Substitute\n|move|p2b: The 3 Musketeers|Encore||[still]\n|-fail|p2b: The 3 Musketeers\n|move|p2a: Monke|Rage Fist|p1b: Flutter Mane\n|-supereffective|p1b: Flutter Mane\n|-end|p1b: Flutter Mane|Substitute\n|\n|upkeep\n|turn|4\n|j| Snowstorm brute\n|c| Snowstorm brute|afk moment\n|inactive|pokeway96 has 30 seconds left.\n|\n|t:|1683679939\n|-end|p1a: Iron Hands|Quark Drive|[silent]\n|switch|p1a: Amoonguss|Amoonguss, L50, M, shiny|100\/100\n|move|p2a: Monke|Protect|p2a: Monke\n|-singleturn|p2a: Monke|Protect\n|move|p1b: Flutter Mane|Substitute|p1b: Flutter Mane\n|-start|p1b: Flutter Mane|Substitute\n|-damage|p1b: Flutter Mane|76\/100\n|move|p2b: The 3 Musketeers|Encore||[still]\n|-fail|p2b: The 3 Musketeers\n|\n|upkeep\n|turn|5\n|\n|t:|1683679960\n|switch|p1a: Iron Hands|Iron Hands, L50|100\/100\n|move|p1b: Flutter Mane|Substitute|p1b: Flutter Mane\n|-fail|p1b: Flutter Mane|move: Substitute\n|move|p2b: The 3 Musketeers|Beat Up|p2a: Monke\n|-damage|p2a: Monke|99\/100\n|-damage|p2a: Monke|97\/100\n|-damage|p2a: Monke|96\/100\n|-damage|p2a: Monke|95\/100\n|-hitcount|p2a: Monke|4\n|move|p2a: Monke|Rage Fist|p1a: Iron Hands\n|-damage|p1a: Iron Hands|0 fnt\n|faint|p1a: Iron Hands\n|-end|p1a: Iron Hands|Quark Drive|[silent]\n|\n|-heal|p2a: Monke|100\/100|[from] item: Leftovers\n|-end|p1b: Flutter Mane|Encore\n|upkeep\n|\n|t:|1683679972\n|switch|p1a: Amoonguss|Amoonguss, L50, M, shiny|100\/100\n|turn|6\n|\n|t:|1683679979\n|-terastallize|p1b: Flutter Mane|Fairy\n|move|p2a: Monke|Protect|p2a: Monke\n|-singleturn|p2a: Monke|Protect\n|move|p1b: Flutter Mane|Moonblast|p2b: The 3 Musketeers\n|-damage|p2b: The 3 Musketeers|0 fnt\n|faint|p2b: The 3 Musketeers\n|move|p1a: Amoonguss|Spore|p2a: Monke\n|-activate|p2a: Monke|move: Protect\n|\n|upkeep\n|\n|t:|1683679991\n|switch|p2b: Iron Duck|Iron Bundle, L50, shiny|100\/100\n|-enditem|p2b: Iron Duck|Booster Energy\n|-activate|p2b: Iron Duck|ability: Quark Drive|[fromitem]\n|-start|p2b: Iron Duck|quarkdrivespe\n|turn|7\n|inactive|pokeway96 has 30 seconds left.\n|\n|t:|1683680026\n|move|p2b: Iron Duck|Icy Wind|p1a: Amoonguss|[spread] p1b\n|-miss|p2b: Iron Duck|p1a: Amoonguss\n|-activate|p1b: Flutter Mane|move: Substitute|[damage]\n|move|p1b: Flutter Mane|Moonblast|p2b: Iron Duck\n|-damage|p2b: Iron Duck|0 fnt\n|faint|p2b: Iron Duck\n|-end|p2b: Iron Duck|Quark Drive|[silent]\n|move|p2a: Monke|Rage Fist|p1a: Amoonguss\n|-damage|p1a: Amoonguss|0 fnt\n|faint|p1a: Amoonguss\n|\n|upkeep\n|\n|t:|1683680038\n|switch|p2b: AYOOO|Flutter Mane, L50|100\/100\n|switch|p1a: Gyarados|Gyarados, L50, M, shiny|100\/100\n|-ability|p1a: Gyarados|Intimidate|boost\n|-unboost|p2a: Monke|atk|1\n|-ability|p2a: Monke|Defiant|boost\n|-boost|p2a: Monke|atk|2\n|-unboost|p2b: AYOOO|atk|1\n|turn|8\n|l| ale cog\n|inactive|DaGreedent+ has 30 seconds left.\n|inactive|DaGreedent+ has 20 seconds left.\n|\n|t:|1683680076\n|move|p2b: AYOOO|Dazzling Gleam|p1a: Gyarados|[spread] p1a,p1b\n|-end|p1b: Flutter Mane|Substitute\n|-damage|p1a: Gyarados|61\/100\n|move|p1b: Flutter Mane|Shadow Ball|p2b: AYOOO\n|-supereffective|p2b: AYOOO\n|-damage|p2b: AYOOO|0 fnt\n|faint|p2b: AYOOO\n|-end|p2b: AYOOO|Protosynthesis|[silent]\n|move|p2a: Monke|Rage Fist|p1b: Flutter Mane\n|-damage|p1b: Flutter Mane|0 fnt\n|faint|p1b: Flutter Mane\n|-end|p1b: Flutter Mane|Protosynthesis|[silent]\n|move|p1a: Gyarados|Thunder Wave|p2a: Monke\n|-status|p2a: Monke|par\n|\n|upkeep\n|turn|9\n|j| klatuu\n|\n|t:|1683680089\n|move|p1a: Gyarados|Waterfall|p2a: Monke\n|-resisted|p2a: Monke\n|-damage|p2a: Monke|89\/100 par\n|cant|p2a: Monke|flinch\n|\n|-heal|p2a: Monke|95\/100 par|[from] item: Leftovers\n|upkeep\n|turn|10\n|\n|t:|1683680093\n|move|p1a: Gyarados|Waterfall|p2a: Monke\n|-resisted|p2a: Monke\n|-damage|p2a: Monke|82\/100 par\n|move|p2a: Monke|Rage Fist|p1a: Gyarados\n|-damage|p1a: Gyarados|0 fnt\n|faint|p1a: Gyarados\n|\n|win|DaGreedent+\n|n|\u2606pokeway96|pokeway96\n|n|\u2606DaGreedent+|dagreedent\n|n| Radio Free C-Side|radiofreecside\n|n| altarboy69|altarboy69\n|n| Molten Tower|moltentower\n|n| Voidbunny123|voidbunny123\n|n| Borghi|borghi\n|n| Snowstorm brute|snowstormbrute\n|n| klatuu|klatuu\n","uploadtime":1683680094,"views":17,"p1id":"pokeway96","p2id":"dagreedent","formatid":"gen9vgc2023regulationc","rating":0,"private":0,"password":""}