{"id":"gen9vgc2023regulationc-1864203829","p1":"The actual burner","p2":"QuackwGluack","format":"[Gen 9] VGC 2023 Regulation C","log":"|j|\u2606The actual burner\n|j|\u2606QuackwGluack\n|t:|1684135989\n|gametype|doubles\n|player|p1|The actual burner|silver|1283\n|player|p2|QuackwGluack|2|1328\n|teamsize|p1|6\n|teamsize|p2|6\n|gen|9\n|tier|[Gen 9] VGC 2023 Regulation C\n|rated|\n|rule|Species Clause: Limit one of each Pok\u00e9mon\n|rule|Item Clause: Limit one of each item\n|clearpoke\n|poke|p1|Dragonite, L50, M|\n|poke|p1|Chien-Pao, L50|\n|poke|p1|Bronzong, L50|\n|poke|p1|Ting-Lu, L50|\n|poke|p1|Flutter Mane, L50|\n|poke|p1|Palafin, L50, M|\n|poke|p2|Palafin, L50, F|\n|poke|p2|Iron Hands, L50|\n|poke|p2|Amoonguss, L50, F|\n|poke|p2|Flutter Mane, L50|\n|poke|p2|Rotom-Heat, L50|\n|poke|p2|Ting-Lu, L50|\n|teampreview|4\n|inactive|Battle timer is ON: inactive players will automatically lose when time's up. (requested by QuackwGluack)\nQuackwGluack has agreed to open team sheets.\n|inactive|The actual burner has 60 seconds left.\n|inactive|QuackwGluack has 60 seconds left.\n|\n|t:|1684136035\n|start\n|switch|p1a: Flutter Mane|Flutter Mane, L50|100\/100\n|switch|p1b: Palafin|Palafin, L50, M|100\/100\n|switch|p2a: Flutter Mane|Flutter Mane, L50|100\/100\n|switch|p2b: Iron Hands|Iron Hands, L50|100\/100\n|turn|1\n|\n|t:|1684136054\n|-terastallize|p2a: Flutter Mane|Fairy\n|move|p1b: Palafin|Protect|p1b: Palafin\n|-singleturn|p1b: Palafin|Protect\n|move|p1a: Flutter Mane|Shadow Ball|p2a: Flutter Mane\n|-damage|p2a: Flutter Mane|38\/100\n|move|p2a: Flutter Mane|Dazzling Gleam|p1b: Palafin|[spread] p1a\n|-activate|p1b: Palafin|move: Protect\n|-damage|p1a: Flutter Mane|26\/100\n|move|p2b: Iron Hands|Wild Charge|p1a: Flutter Mane\n|-damage|p1a: Flutter Mane|0 fnt\n|faint|p1a: Flutter Mane\n|-end|p1a: Flutter Mane|Protosynthesis|[silent]\n|-damage|p2b: Iron Hands|97\/100|[from] Recoil\n|\n|upkeep\n|\n|t:|1684136062\n|switch|p1a: Bronzong|Bronzong, L50|100\/100\n|turn|2\n|inactive|QuackwGluack has 30 seconds left.\n|\n|t:|1684136105\n|-terastallize|p1b: Palafin|Water\n|move|p1b: Palafin|Jet Punch|p2a: Flutter Mane\n|-damage|p2a: Flutter Mane|0 fnt\n|faint|p2a: Flutter Mane\n|-end|p2a: Flutter Mane|Protosynthesis|[silent]\n|move|p2b: Iron Hands|Drain Punch|p1a: Bronzong\n|-damage|p1a: Bronzong|61\/100\n|-heal|p2b: Iron Hands|100\/100|[from] drain|[of] p1a: Bronzong\n|move|p1a: Bronzong|Trick Room|p1a: Bronzong\n|-fieldstart|move: Trick Room|[of] p1a: Bronzong\n|\n|upkeep\n|\n|t:|1684136115\n|switch|p2a: Amoonguss|Amoonguss, L50, F|100\/100\n|turn|3\n|\n|t:|1684136123\n|detailschange|p1b: Palafin|Palafin-Hero, L50, M, tera:Water\n|switch|p1b: Ting-Lu|Ting-Lu, L50|100\/100\n|-ability|p1b: Ting-Lu|Vessel of Ruin\n|move|p1a: Bronzong|Safeguard|p1a: Bronzong\n|-sidestart|p1: The actual burner|Safeguard\n|move|p2a: Amoonguss|Spore|p1b: Ting-Lu\n|-activate|p1b: Ting-Lu|move: Safeguard\n|move|p2b: Iron Hands|Drain Punch|p1a: Bronzong\n|-damage|p1a: Bronzong|20\/100\n|\n|upkeep\n|turn|4\n|\n|t:|1684136144\n|move|p1a: Bronzong|Helping Hand|p1b: Ting-Lu\n|-singleturn|p1b: Ting-Lu|Helping Hand|[of] p1a: Bronzong\n|move|p2a: Amoonguss|Pollen Puff|p1b: Ting-Lu\n|-supereffective|p1b: Ting-Lu\n|-damage|p1b: Ting-Lu|77\/100\n|move|p1b: Ting-Lu|Earthquake|p2b: Iron Hands|[spread] p2a,p2b\n|-immune|p1a: Bronzong|[from] ability: Levitate\n|-supereffective|p2b: Iron Hands\n|-crit|p2b: Iron Hands\n|-damage|p2a: Amoonguss|33\/100\n|-damage|p2b: Iron Hands|0 fnt\n|faint|p2b: Iron Hands\n|-end|p2b: Iron Hands|Quark Drive|[silent]\n|\n|upkeep\n|\n|t:|1684136156\n|switch|p2b: Ting-Lu|Ting-Lu, L50|100\/100\n|-ability|p2b: Ting-Lu|Vessel of Ruin\n|turn|5\n|\n|t:|1684136180\n|move|p1a: Bronzong|Helping Hand|p1b: Ting-Lu\n|-singleturn|p1b: Ting-Lu|Helping Hand|[of] p1a: Bronzong\n|move|p2a: Amoonguss|Pollen Puff|p1b: Ting-Lu\n|-supereffective|p1b: Ting-Lu\n|-damage|p1b: Ting-Lu|53\/100\n|move|p2b: Ting-Lu|Throat Chop|p1a: Bronzong\n|-supereffective|p1a: Bronzong\n|-damage|p1a: Bronzong|0 fnt\n|faint|p1a: Bronzong\n|move|p1b: Ting-Lu|Earthquake|p2b: Ting-Lu|[spread] p2a,p2b\n|-damage|p2a: Amoonguss|0 fnt\n|-damage|p2b: Ting-Lu|54\/100\n|faint|p2a: Amoonguss\n|\n|upkeep\n|\n|t:|1684136193\n|switch|p1a: Palafin|Palafin-Hero, L50, M, tera:Water|100\/100\n|-activate|p1a: Palafin|ability: Zero to Hero\n|turn|6\n|\n|t:|1684136197\n|move|p2b: Ting-Lu|Protect|p2b: Ting-Lu\n|-singleturn|p2b: Ting-Lu|Protect\n|move|p1a: Palafin|Protect|p1a: Palafin\n|-singleturn|p1a: Palafin|Protect\n|move|p1b: Ting-Lu|Earthquake|p2b: Ting-Lu|[spread] \n|-activate|p1a: Palafin|move: Protect\n|-activate|p2b: Ting-Lu|move: Protect\n|\n|-fieldend|move: Trick Room\n|upkeep\n|turn|7\n|-message|QuackwGluack forfeited.\n|\n|win|The actual burner\n|raw|The actual burner's rating: 1283 → 1311<\/strong> (+28 for winning)\n|raw|QuackwGluack's rating: 1328 → 1305<\/strong> (-23 for losing)\n|l|\u2606QuackwGluack\n","uploadtime":1684136224,"views":11,"p1id":"theactualburner","p2id":"quackwgluack","formatid":"gen9vgc2023regulationc","rating":1305,"private":0,"password":""}