{"id":"gen9vgc2023regulationc-1863311808","p1":"godtech946","p2":"Fabrong8","format":"[Gen 9] VGC 2023 Regulation C","log":"|j|\u2606godtech946\n|j|\u2606Fabrong8\n|t:|1684001097\n|gametype|doubles\n|player|p1|godtech946|veteran|1079\n|player|p2|Fabrong8|pokemonranger|1083\n|teamsize|p1|6\n|teamsize|p2|6\n|gen|9\n|tier|[Gen 9] VGC 2023 Regulation C\n|rated|\n|rule|Species Clause: Limit one of each Pok\u00e9mon\n|rule|Item Clause: Limit one of each item\n|clearpoke\n|poke|p1|Grimmsnarl, L50, M|\n|poke|p1|Azumarill, L50, M|\n|poke|p1|Dondozo, L50, F|\n|poke|p1|Ting-Lu, L50|\n|poke|p1|Annihilape, L50, F|\n|poke|p1|Dugtrio, L50, M|\n|poke|p2|Squawkabilly, L50, M|\n|poke|p2|Arcanine, L50, F|\n|poke|p2|Krookodile, L50, M|\n|poke|p2|Tauros-Paldea-Blaze, L50, M|\n|poke|p2|Amoonguss, L50, F|\n|poke|p2|Sableye, L50, M|\n|teampreview|4\n|\n|t:|1684001116\n|start\n|switch|p1a: Dugtrio|Dugtrio, L50, M|100\/100\n|switch|p1b: Azumarill|Azumarill, L50, M|100\/100\n|switch|p2a: Tauros|Tauros-Paldea-Blaze, L50, M|100\/100\n|switch|p2b: Sableye|Sableye, L50, M|100\/100\n|-ability|p2a: Tauros|Intimidate|boost\n|-unboost|p1a: Dugtrio|atk|1\n|-unboost|p1b: Azumarill|atk|1\n|turn|1\n|inactive|Battle timer is ON: inactive players will automatically lose when time's up. (requested by Fabrong8)\n|\n|t:|1684001140\n|move|p2b: Sableye|Thunder Wave|p1b: Azumarill\n|-status|p1b: Azumarill|par\n|move|p1a: Dugtrio|Fissure|p2b: Sableye|[miss]\n|-miss|p1a: Dugtrio|p2b: Sableye\n|move|p2a: Tauros|Iron Head|p1b: Azumarill\n|-damage|p1b: Azumarill|66\/100 par\n|move|p1b: Azumarill|Perish Song|p1b: Azumarill\n|-start|p1a: Dugtrio|perish3|[silent]\n|-start|p1b: Azumarill|perish3|[silent]\n|-start|p2a: Tauros|perish3|[silent]\n|-start|p2b: Sableye|perish3|[silent]\n|-fieldactivate|move: Perish Song\n|\n|-start|p1a: Dugtrio|perish3\n|-start|p2a: Tauros|perish3\n|-start|p2b: Sableye|perish3\n|-start|p1b: Azumarill|perish3\n|upkeep\n|turn|2\n|\n|t:|1684001159\n|move|p1b: Azumarill|Protect|p1b: Azumarill\n|-singleturn|p1b: Azumarill|Protect\n|move|p2b: Sableye|Trick|p1a: Dugtrio\n|-activate|p2b: Sableye|move: Trick|[of] p1a: Dugtrio\n|-item|p1a: Dugtrio|Lagging Tail|[from] move: Trick\n|-item|p2b: Sableye|Focus Sash|[from] move: Trick\n|move|p1a: Dugtrio|Fissure|p2a: Tauros\n|-damage|p2a: Tauros|0 fnt\n|faint|p2a: Tauros\n|-ohko\n|\n|-start|p1a: Dugtrio|perish2\n|-start|p2b: Sableye|perish2\n|-start|p1b: Azumarill|perish2\n|upkeep\n|\n|t:|1684001172\n|switch|p2a: Amoonguss|Amoonguss, L50, F|100\/100\n|turn|3\n|\n|t:|1684001196\n|cant|p1b: Azumarill|par\n|move|p2b: Sableye|Trick|p1b: Azumarill\n|-activate|p2b: Sableye|move: Trick|[of] p1b: Azumarill\n|-item|p1b: Azumarill|Focus Sash|[from] move: Trick\n|-item|p2b: Sableye|Sitrus Berry|[from] move: Trick\n|move|p2a: Amoonguss|Spore|p1a: Dugtrio\n|-status|p1a: Dugtrio|slp|[from] move: Spore\n|cant|p1a: Dugtrio|slp\n|\n|-start|p1a: Dugtrio|perish1\n|-start|p2b: Sableye|perish1\n|-start|p1b: Azumarill|perish1\n|upkeep\n|turn|4\n|inactive|Fabrong8 has 30 seconds left.\n|inactive|Fabrong8 has 20 seconds left.\n|\n|t:|1684001232\n|switch|p1a: Ting-Lu|Ting-Lu, L50|100\/100\n|-ability|p1a: Ting-Lu|Vessel of Ruin\n|switch|p1b: Dondozo|Dondozo, L50, F|100\/100\n|move|p2b: Sableye|Icy Wind|p1b: Dondozo|[spread] p1a,p1b\n|-supereffective|p1a: Ting-Lu\n|-resisted|p1b: Dondozo\n|-crit|p1b: Dondozo\n|-damage|p1a: Ting-Lu|94\/100\n|-damage|p1b: Dondozo|99\/100\n|-unboost|p1a: Ting-Lu|spe|1\n|-unboost|p1b: Dondozo|spe|1\n|move|p2a: Amoonguss|Spore|p1b: Dondozo\n|-status|p1b: Dondozo|slp|[from] move: Spore\n|\n|-start|p2b: Sableye|perish0\n|upkeep\n|faint|p2b: Sableye\n|\n|t:|1684001247\n|switch|p2b: Arcanine|Arcanine, L50, F|100\/100\n|-ability|p2b: Arcanine|Intimidate|boost\n|-unboost|p1a: Ting-Lu|atk|1\n|-unboost|p1b: Dondozo|atk|1\n|turn|5\n|\n|t:|1684001262\n|move|p2b: Arcanine|Snarl|p1b: Dondozo|[spread] p1a,p1b\n|-resisted|p1a: Ting-Lu\n|-crit|p1b: Dondozo\n|-damage|p1a: Ting-Lu|93\/100\n|-damage|p1b: Dondozo|94\/100 slp\n|-unboost|p1a: Ting-Lu|spa|1\n|-unboost|p1b: Dondozo|spa|1\n|move|p1a: Ting-Lu|Fissure|p2b: Arcanine\n|-damage|p2b: Arcanine|0 fnt\n|faint|p2b: Arcanine\n|-ohko\n|move|p2a: Amoonguss|Spore|p1a: Ting-Lu\n|-status|p1a: Ting-Lu|slp|[from] move: Spore\n|cant|p1b: Dondozo|slp\n|\n|upkeep\n|turn|6\n|-message|Fabrong8 forfeited.\n|\n|win|godtech946\n|raw|godtech946's rating: 1079 → 1107<\/strong> (+28 for winning)\n|raw|Fabrong8's rating: 1083 → 1060<\/strong> (-23 for losing)\n|l|\u2606Fabrong8\n","uploadtime":1684001283,"views":5,"p1id":"godtech946","p2id":"fabrong8","formatid":"gen9vgc2023regulationc","rating":1060,"private":0,"password":""}