{"id":"gen9vgc2023regulationc-1851143895","p1":"Insertable194","p2":"Yash Nair","format":"[Gen 9] VGC 2023 Regulation C","log":"|j|\u2606Insertable194\n|j|\u2606Yash Nair\n|t:|1682416405\n|gametype|doubles\n|player|p1|Insertable194|169|1479\n|player|p2|Yash Nair|rocketexecutive-gen2|1615\n|teamsize|p1|6\n|teamsize|p2|6\n|gen|9\n|tier|[Gen 9] VGC 2023 Regulation C\n|rated|\n|rule|Species Clause: Limit one of each Pok\u00e9mon\n|rule|Item Clause: Limit one of each item\n|clearpoke\n|poke|p1|Talonflame, L50, F|\n|poke|p1|Dragapult, L50, F|\n|poke|p1|Flutter Mane, L50|\n|poke|p1|Chien-Pao, L50|\n|poke|p1|Farigiraf, L50, F|\n|poke|p1|Chi-Yu, L50|\n|poke|p2|Gastrodon, L50, M|\n|poke|p2|Iron Hands, L50|\n|poke|p2|Flutter Mane, L50|\n|poke|p2|Chi-Yu, L50|\n|poke|p2|Corviknight, L50, F|\n|poke|p2|Baxcalibur, L50, M|\n|teampreview|4\nInsertable194 has agreed to open team sheets.\n|inactive|Battle timer is ON: inactive players will automatically lose when time's up. (requested by Insertable194)\n|inactive|Insertable194 has 60 seconds left.\n|inactive|Yash Nair has 60 seconds left.\n|inactive|Yash Nair has 30 seconds left.\n|inactive|Yash Nair has 20 seconds left.\n|inactive|Yash Nair has 15 seconds left.\n|\n|t:|1682416486\n|start\n|switch|p1a: Talonflame|Talonflame, L50, F|100\/100\n|switch|p1b: Dragapult|Dragapult, L50, F|100\/100\n|switch|p2a: Baxcalibur|Baxcalibur, L50, M|100\/100\n|switch|p2b: Iron Hands|Iron Hands, L50|100\/100\n|turn|1\n|c|\u2606Insertable194|glhf\n|c|\u2606Yash Nair|u2\n|inactive|Yash Nair has 30 seconds left.\n|\n|t:|1682416520\n|-terastallize|p2a: Baxcalibur|Poison\n|move|p1a: Talonflame|Tailwind|p1a: Talonflame\n|-sidestart|p1: Insertable194|move: Tailwind\n|move|p1b: Dragapult|Dragon Darts|p2a: Baxcalibur\n|-damage|p2a: Baxcalibur|69\/100\n|-anim|p1b: Dragapult|Dragon Darts|p2b: Iron Hands\n|-damage|p2b: Iron Hands|77\/100\n|move|p2a: Baxcalibur|Glaive Rush|p1b: Dragapult\n|-supereffective|p1b: Dragapult\n|-damage|p1b: Dragapult|0 fnt\n|-singlemove|p2a: Baxcalibur|Glaive Rush|[silent]\n|faint|p1b: Dragapult\n|move|p2b: Iron Hands|Wild Charge|p1a: Talonflame\n|-supereffective|p1a: Talonflame\n|-damage|p1a: Talonflame|0 fnt\n|faint|p1a: Talonflame\n|-damage|p2b: Iron Hands|63\/100|[from] Recoil\n|\n|upkeep\n|\n|t:|1682416530\n|switch|p1b: Chi-Yu|Chi-Yu, L50|100\/100\n|switch|p1a: Flutter Mane|Flutter Mane, L50|100\/100\n|-ability|p1b: Chi-Yu|Beads of Ruin\n|turn|2\n|inactive|Insertable194 has 30 seconds left.\n|inactive|Yash Nair has 30 seconds left.\n|\n|t:|1682416559\n|-terastallize|p1b: Chi-Yu|Fire\n|move|p2a: Baxcalibur|Protect|p2a: Baxcalibur\n|-singleturn|p2a: Baxcalibur|Protect\n|move|p1a: Flutter Mane|Dazzling Gleam|p2a: Baxcalibur|[spread] p2b\n|-activate|p2a: Baxcalibur|move: Protect\n|-supereffective|p2b: Iron Hands\n|-damage|p2b: Iron Hands|0 fnt\n|faint|p2b: Iron Hands\n|-end|p2b: Iron Hands|Quark Drive|[silent]\n|move|p1b: Chi-Yu|Heat Wave|p2a: Baxcalibur\n|-activate|p2a: Baxcalibur|move: Protect\n|\n|upkeep\n|inactive|Yash Nair has 30 seconds left.\n|\n|t:|1682416589\n|switch|p2b: Corviknight|Corviknight, L50, F, shiny|100\/100\n|turn|3\n|\n|t:|1682416602\n|switch|p2a: Chi-Yu|Chi-Yu, L50|100\/100\n|-ability|p2a: Chi-Yu|Beads of Ruin\n|move|p1a: Flutter Mane|Dazzling Gleam|p2a: Chi-Yu|[spread] p2a,p2b\n|-resisted|p2b: Corviknight\n|-damage|p2a: Chi-Yu|54\/100\n|-damage|p2b: Corviknight|68\/100\n|move|p1b: Chi-Yu|Heat Wave|p2a: Chi-Yu|[spread] p2a,p2b\n|-resisted|p2a: Chi-Yu\n|-supereffective|p2b: Corviknight\n|-damage|p2a: Chi-Yu|23\/100\n|-damage|p2b: Corviknight|0 fnt\n|faint|p2b: Corviknight\n|-damage|p1b: Chi-Yu|90\/100|[from] item: Life Orb\n|\n|upkeep\n|\n|t:|1682416616\n|switch|p2b: Baxcalibur|Baxcalibur, L50, M, tera:Poison|69\/100\n|turn|4\n|\n|t:|1682416637\n|move|p2b: Baxcalibur|Protect|p2b: Baxcalibur\n|-singleturn|p2b: Baxcalibur|Protect\n|move|p1a: Flutter Mane|Dazzling Gleam|p2a: Chi-Yu|[spread] p2a\n|-activate|p2b: Baxcalibur|move: Protect\n|-damage|p2a: Chi-Yu|0 fnt\n|faint|p2a: Chi-Yu\n|move|p1b: Chi-Yu|Heat Wave|p2b: Baxcalibur\n|-activate|p2b: Baxcalibur|move: Protect\n|\n|-sideend|p1: Insertable194|move: Tailwind\n|upkeep\n|turn|5\n|j| Rabbihorn\n|\n|t:|1682416650\n|move|p1a: Flutter Mane|Dazzling Gleam|p2b: Baxcalibur\n|-resisted|p2b: Baxcalibur\n|-damage|p2b: Baxcalibur|32\/100\n|move|p1b: Chi-Yu|Overheat|p2b: Baxcalibur\n|-damage|p2b: Baxcalibur|0 fnt\n|-unboost|p1b: Chi-Yu|spa|2\n|faint|p2b: Baxcalibur\n|-damage|p1b: Chi-Yu|80\/100|[from] item: Life Orb\n|\n|win|Insertable194\n|raw|Insertable194's rating: 1479 → 1506<\/strong> (+27 for winning)\n|raw|Yash Nair's rating: 1615 → 1588<\/strong> (-27 for losing)\n","uploadtime":1682416657,"views":10,"p1id":"insertable194","p2id":"yashnair","formatid":"gen9vgc2023regulationc","rating":1506,"private":0,"password":""}