{"id":"gen9vgc2023regulationc-1860838397","p1":"thedistortionzone","p2":"Harlem Haunters","format":"[Gen 9] VGC 2023 Regulation C","log":"|j|\u2606thedistortionzone\n|j|\u2606Harlem Haunters\n|t:|1683684100\n|gametype|doubles\n|player|p1|thedistortionzone|lucas|\n|player|p2|Harlem Haunters|hilbert|\n|teamsize|p1|6\n|teamsize|p2|6\n|gen|9\n|tier|[Gen 9] VGC 2023 Regulation C\n|rule|Species Clause: Limit one of each Pok\u00e9mon\n|rule|Item Clause: Limit one of each item\n|clearpoke\n|poke|p1|Iron Jugulis, L50|\n|poke|p1|Espeon, L50, F|\n|poke|p1|Iron Treads, L50|\n|poke|p1|Leafeon, L50, F|\n|poke|p1|Basculin-Blue-Striped, L50, F|\n|poke|p1|Lycanroc-Midnight, L50, M|\n|poke|p2|Roaring Moon, L50|\n|poke|p2|Arcanine, L50, M|\n|poke|p2|Misdreavus, L50, M|\n|poke|p2|Copperajah, L50, F|\n|poke|p2|Vaporeon, L50, F|\n|poke|p2|Toedscruel, L50, M|\n|teampreview|4\n|inactive|Battle timer is ON: inactive players will automatically lose when time's up. (requested by thedistortionzone)\n|inactive|thedistortionzone has 60 seconds left.\n|inactive|Harlem Haunters has 60 seconds left.\n|c|\u2606thedistortionzone|g1\\\n|inactiveoff|Battle timer is now OFF.\n|j| kevsmoreno\n|\n|t:|1683684233\n|start\n|switch|p1a: your mom|Iron Jugulis, L50|100\/100\n|switch|p1b: your dad|Iron Treads, L50|100\/100\n|switch|p2a: Misdreavus|Misdreavus, L50, M|100\/100\n|switch|p2b: Toedscruel|Toedscruel, L50, M|100\/100\n|-enditem|p1a: your mom|Booster Energy\n|-activate|p1a: your mom|ability: Quark Drive|[fromitem]\n|-start|p1a: your mom|quarkdrivespe\n|turn|1\n|\n|t:|1683684258\n|move|p2b: Toedscruel|Rage Powder|p2b: Toedscruel\n|-singleturn|p2b: Toedscruel|move: Rage Powder\n|move|p1a: your mom|Dark Pulse|p2b: Toedscruel\n|-damage|p2b: Toedscruel|63\/100\n|move|p1b: your dad|Ice Spinner|p2b: Toedscruel\n|-supereffective|p2b: Toedscruel\n|-damage|p2b: Toedscruel|0 fnt\n|faint|p2b: Toedscruel\n|move|p2a: Misdreavus|Trick Room|p2a: Misdreavus\n|-fieldstart|move: Trick Room|[of] p2a: Misdreavus\n|\n|upkeep\n|\n|t:|1683684274\n|switch|p2b: Copperajah|Copperajah, L50, F|100\/100\n|turn|2\n|\n|t:|1683684311\n|move|p1b: your dad|Protect|p1b: your dad\n|-singleturn|p1b: your dad|Protect\n|move|p1a: your mom|Protect|p1a: your mom\n|-singleturn|p1a: your mom|Protect\n|move|p2b: Copperajah|Play Rough|p1a: your mom\n|-activate|p1a: your mom|move: Protect\n|move|p2a: Misdreavus|Will-O-Wisp|p1b: your dad\n|-activate|p1b: your dad|move: Protect\n|\n|upkeep\n|turn|3\n|\n|t:|1683684369\n|move|p2b: Copperajah|High Horsepower|p1b: your dad\n|-supereffective|p1b: your dad\n|-damage|p1b: your dad|39\/100\n|move|p2a: Misdreavus|Will-O-Wisp|p1b: your dad|[miss]\n|-miss|p2a: Misdreavus|p1b: your dad\n|move|p1b: your dad|Stomping Tantrum|p2b: Copperajah\n|-supereffective|p2b: Copperajah\n|-damage|p2b: Copperajah|26\/100\n|move|p1a: your mom|Dark Pulse|p2b: Copperajah\n|-damage|p2b: Copperajah|0 fnt\n|faint|p2b: Copperajah\n|\n|upkeep\n|\n|t:|1683684379\n|switch|p2b: Roaring Moon|Roaring Moon, L50|100\/100\n|-enditem|p2b: Roaring Moon|Booster Energy\n|-activate|p2b: Roaring Moon|ability: Protosynthesis|[fromitem]\n|-start|p2b: Roaring Moon|protosynthesisatk\n|turn|4\n|\n|t:|1683684408\n|-end|p1b: your dad|Quark Drive|[silent]\n|switch|p1b: your wife|Lycanroc-Midnight, L50, M, shiny|100\/100\n|move|p2b: Roaring Moon|Protect|p2b: Roaring Moon\n|-singleturn|p2b: Roaring Moon|Protect\n|move|p2a: Misdreavus|Will-O-Wisp|p1b: your wife\n|-status|p1b: your wife|brn\n|move|p1a: your mom|Dark Pulse|p2a: Misdreavus\n|-supereffective|p2a: Misdreavus\n|-damage|p2a: Misdreavus|40\/100\n|\n|-damage|p1b: your wife|94\/100 brn|[from] brn\n|upkeep\n|turn|5\n|\n|t:|1683684437\n|move|p1b: your wife|Protect|p1b: your wife\n|-singleturn|p1b: your wife|Protect\n|move|p1a: your mom|Protect|p1a: your mom\n|-singleturn|p1a: your mom|Protect\n|move|p2a: Misdreavus|Icy Wind|p1b: your wife|[spread] \n|-activate|p1a: your mom|move: Protect\n|-activate|p1b: your wife|move: Protect\n|move|p2b: Roaring Moon|Breaking Swipe|p1a: your mom|[spread] \n|-activate|p1a: your mom|move: Protect\n|-activate|p1b: your wife|move: Protect\n|\n|-damage|p1b: your wife|88\/100 brn|[from] brn\n|-fieldend|move: Trick Room\n|upkeep\n|turn|6\n|\n|t:|1683684481\n|move|p1b: your wife|Helping Hand|p1a: your mom\n|-singleturn|p1a: your mom|Helping Hand|[of] p1b: your wife\n|move|p1a: your mom|Air Slash|p2b: Roaring Moon\n|-damage|p2b: Roaring Moon|58\/100\n|cant|p2b: Roaring Moon|flinch\n|move|p2a: Misdreavus|Icy Wind|p1a: your mom|[spread] p1a,p1b\n|-supereffective|p1a: your mom\n|-damage|p1a: your mom|81\/100\n|-damage|p1b: your wife|78\/100 brn\n|-unboost|p1a: your mom|spe|1\n|-unboost|p1b: your wife|spe|1\n|\n|-damage|p1b: your wife|71\/100 brn|[from] brn\n|upkeep\n|turn|7\n|\n|t:|1683684519\n|move|p1a: your mom|Air Slash|p2b: Roaring Moon\n|-damage|p2b: Roaring Moon|29\/100\n|move|p2b: Roaring Moon|Acrobatics|p1a: your mom\n|-damage|p1a: your mom|16\/100\n|move|p1b: your wife|Stone Edge|p2b: Roaring Moon\n|-crit|p2b: Roaring Moon\n|-damage|p2b: Roaring Moon|0 fnt\n|faint|p2b: Roaring Moon\n|-end|p2b: Roaring Moon|Protosynthesis|[silent]\n|move|p2a: Misdreavus|Pain Split|p1b: your wife\n|-sethp|p1b: your wife|53\/100 brn|[from] move: Pain Split|[silent]\n|-sethp|p2a: Misdreavus|61\/100|[from] move: Pain Split\n|\n|-damage|p1b: your wife|46\/100 brn|[from] brn\n|upkeep\n|turn|8\n|\n|t:|1683684533\n|-end|p1a: your mom|Quark Drive|[silent]\n|switch|p1a: your dad|Iron Treads, L50|39\/100\n|switch|p1b: your cat|Leafeon, L50, F|100\/100\n|move|p2a: Misdreavus|Icy Wind|p1a: your dad|[spread] p1a,p1b\n|-supereffective|p1b: your cat\n|-crit|p1b: your cat\n|-damage|p1a: your dad|27\/100\n|-damage|p1b: your cat|59\/100\n|-unboost|p1a: your dad|spe|1\n|\n|upkeep\n|turn|9\n|\n|t:|1683684553\n|move|p1b: your cat|Leaf Blade|p2a: Misdreavus\n|-damage|p2a: Misdreavus|24\/100\n|move|p1a: your dad|Iron Head|p2a: Misdreavus\n|-damage|p2a: Misdreavus|0 fnt\n|faint|p2a: Misdreavus\n|\n|win|thedistortionzone\n|c|\u2606Harlem Haunters|gg\n|c|\u2606thedistortionzone|gg\n|l| kevsmoreno\n","uploadtime":1683684564,"views":23,"p1id":"thedistortionzone","p2id":"harlemhaunters","formatid":"gen9vgc2023regulationc","rating":0,"private":0,"password":""}