{"id":"gen9vgc2023regulationc-1845849003","p1":"BBRAFF","p2":"Haxxson","format":"[Gen 9] VGC 2023 Regulation C","log":"|j|\u2606BBRAFF\n|j|\u2606Haxxson\n|t:|1681771088\n|gametype|doubles\n|player|p1|BBRAFF|cyclist|\n|player|p2|Haxxson|marshal|\n|teamsize|p1|6\n|teamsize|p2|6\n|gen|9\n|tier|[Gen 9] VGC 2023 Regulation C\n|rule|Species Clause: Limit one of each Pok\u00e9mon\n|rule|Item Clause: Limit one of each item\n|clearpoke\n|poke|p1|Gyarados, L50, F|\n|poke|p1|Raichu, L50, M|\n|poke|p1|Iron Valiant, L50|\n|poke|p1|Maushold, L50|\n|poke|p1|Skeledirge, L50, F|\n|poke|p1|Appletun, L50, M|\n|poke|p2|Volcarona, L50, M|\n|poke|p2|Kingambit, L50, M|\n|poke|p2|Rabsca, L50, M|\n|poke|p2|Skuntank, L50, F|\n|poke|p2|Jumpluff, L50, F|\n|poke|p2|Annihilape, L50, F|\n|teampreview|4\n|inactive|Battle timer is ON: inactive players will automatically lose when time's up. (requested by Haxxson)\nHaxxson rejected open team sheets.\n|inactiveoff|Battle timer is now OFF.\n|c|\u2606Haxxson|G2\n|j| j4ce\n|j| omg_its_daddy\n|j| Heaven64\n|j| Samax2599\n|c|\u2606Haxxson|glhf\n|c|\u2606BBRAFF|u2\n|\n|t:|1681771557\n|start\n|switch|p1a: Remy + Fam|Maushold, L50|100\/100\n|switch|p1b: Festus|Skeledirge, L50, F|100\/100\n|switch|p2a: Elvis|Skuntank, L50, F|100\/100\n|switch|p2b: Hamlet's Dad|Annihilape, L50, F|100\/100\n|turn|1\n|\n|t:|1681771594\n|move|p1a: Remy + Fam|Follow Me|p1a: Remy + Fam\n|-singleturn|p1a: Remy + Fam|move: Follow Me\n|move|p2a: Elvis|Crunch|p1a: Remy + Fam\n|-damage|p1a: Remy + Fam|65\/100\n|move|p2b: Hamlet's Dad|Drain Punch|p1a: Remy + Fam\n|-supereffective|p1a: Remy + Fam\n|-enditem|p1a: Remy + Fam|Chople Berry|[eat]\n|-enditem|p1a: Remy + Fam|Chople Berry|[weaken]\n|-damage|p1a: Remy + Fam|33\/100\n|move|p1b: Festus|Torch Song|p2a: Elvis\n|-damage|p2a: Elvis|56\/100\n|-boost|p1b: Festus|spa|1\n|\n|upkeep\n|turn|2\n|c| j4ce|mouse on the louse\n|\n|t:|1681771617\n|move|p1a: Remy + Fam|Follow Me|p1a: Remy + Fam\n|-singleturn|p1a: Remy + Fam|move: Follow Me\n|move|p2a: Elvis|Crunch|p1a: Remy + Fam\n|-damage|p1a: Remy + Fam|0 fnt\n|faint|p1a: Remy + Fam\n|move|p2b: Hamlet's Dad|Stone Edge|p1b: Festus\n|-supereffective|p1b: Festus\n|-crit|p1b: Festus\n|-damage|p1b: Festus|43\/100\n|move|p1b: Festus|Torch Song|p2a: Elvis\n|-damage|p2a: Elvis|0 fnt\n|-boost|p1b: Festus|spa|1\n|faint|p2a: Elvis\n|\n|-heal|p1b: Festus|49\/100|[from] item: Leftovers\n|upkeep\n|j| PurpleStyle\n|\n|t:|1681771633\n|switch|p1a: Alita|Iron Valiant, L50|100\/100\n|switch|p2a: Tokugawa|Kingambit, L50, M|100\/100\n|-activate|p2a: Tokugawa|ability: Supreme Overlord\n|-start|p2a: Tokugawa|fallen1|[silent]\n|turn|3\n|\n|t:|1681771672\n|-terastallize|p1a: Alita|Water\n|-terastallize|p2a: Tokugawa|Poison\n|move|p1a: Alita|Aura Sphere|p2a: Tokugawa\n|-resisted|p2a: Tokugawa\n|-damage|p2a: Tokugawa|87\/100\n|move|p2b: Hamlet's Dad|Rage Fist|p1b: Festus\n|-supereffective|p1b: Festus\n|-damage|p1b: Festus|21\/100\n|move|p1b: Festus|Slack Off|p1b: Festus\n|-heal|p1b: Festus|71\/100\n|move|p2a: Tokugawa|Iron Head|p1a: Alita\n|-resisted|p1a: Alita\n|-damage|p1a: Alita|65\/100\n|\n|-heal|p1b: Festus|77\/100|[from] item: Leftovers\n|upkeep\n|turn|4\n|\n|t:|1681771736\n|move|p2a: Tokugawa|Sucker Punch|p1b: Festus\n|-supereffective|p1b: Festus\n|-damage|p1b: Festus|19\/100\n|move|p1a: Alita|Moonblast|p2b: Hamlet's Dad\n|-supereffective|p2b: Hamlet's Dad\n|-damage|p2b: Hamlet's Dad|20\/100\n|-unboost|p2b: Hamlet's Dad|spa|1\n|-ability|p2b: Hamlet's Dad|Defiant|boost\n|-boost|p2b: Hamlet's Dad|atk|2\n|move|p2b: Hamlet's Dad|Rage Fist|p1b: Festus\n|-supereffective|p1b: Festus\n|-damage|p1b: Festus|0 fnt\n|faint|p1b: Festus\n|\n|-heal|p2b: Hamlet's Dad|26\/100|[from] item: Leftovers\n|upkeep\n|\n|t:|1681771742\n|switch|p1b: Toby|Appletun, L50, M|100\/100\n|turn|5\n|\n|t:|1681771773\n|move|p1a: Alita|Protect|p1a: Alita\n|-singleturn|p1a: Alita|Protect\n|move|p2b: Hamlet's Dad|Protect|p2b: Hamlet's Dad\n|-singleturn|p2b: Hamlet's Dad|Protect\n|move|p2a: Tokugawa|Poison Jab|p1b: Toby\n|-supereffective|p1b: Toby\n|-damage|p1b: Toby|31\/100\n|-activate|p1b: Toby|ability: Ripen\n|-enditem|p1b: Toby|Sitrus Berry|[eat]\n|-heal|p1b: Toby|81\/100|[from] item: Sitrus Berry\n|move|p1b: Toby|Iron Defense|p1b: Toby\n|-boost|p1b: Toby|def|2\n|\n|-heal|p2b: Hamlet's Dad|32\/100|[from] item: Leftovers\n|upkeep\n|turn|6\n|\n|t:|1681771810\n|move|p1a: Alita|Moonblast|p2b: Hamlet's Dad\n|-supereffective|p2b: Hamlet's Dad\n|-damage|p2b: Hamlet's Dad|0 fnt\n|faint|p2b: Hamlet's Dad\n|move|p2a: Tokugawa|Poison Jab|p1b: Toby\n|-supereffective|p1b: Toby\n|-damage|p1b: Toby|42\/100\n|move|p1b: Toby|Leech Seed|p2a: Tokugawa\n|-start|p2a: Tokugawa|move: Leech Seed\n|\n|-damage|p2a: Tokugawa|75\/100|[from] Leech Seed|[of] p1b: Toby\n|-heal|p1b: Toby|53\/100|[silent]\n|upkeep\n|\n|t:|1681771820\n|switch|p2b: Crown Jewel|Rabsca, L50, M|100\/100\n|turn|7\n|\n|t:|1681771832\n|move|p2a: Tokugawa|Sucker Punch|p1a: Alita\n|-damage|p1a: Alita|9\/100\n|move|p1a: Alita|Moonblast|p2b: Crown Jewel\n|-damage|p2b: Crown Jewel|51\/100\n|move|p2b: Crown Jewel|Revival Blessing|p2b: Crown Jewel\n|-enditem|p2b: Crown Jewel|Leppa Berry|[eat]\n|-activate|p2b: Crown Jewel|item: Leppa Berry|Revival Blessing|[consumed]\n|\n|t:|1681771851\n|-heal|p2: Hamlet's Dad|50\/100|[from] move: Revival Blessing\n|move|p1b: Toby|Recover|p1b: Toby\n|-heal|p1b: Toby|100\/100\n|\n|-damage|p2a: Tokugawa|63\/100|[from] Leech Seed|[of] p1b: Toby\n|upkeep\n|turn|8\n|\n|t:|1681771872\n|move|p1a: Alita|Moonblast|p2b: Crown Jewel\n|-crit|p2b: Crown Jewel\n|-damage|p2b: Crown Jewel|0 fnt\n|faint|p2b: Crown Jewel\n|move|p2a: Tokugawa|Poison Jab|p1b: Toby\n|-supereffective|p1b: Toby\n|-damage|p1b: Toby|61\/100\n|move|p1b: Toby|Iron Defense|p1b: Toby\n|-boost|p1b: Toby|def|2\n|\n|-damage|p2a: Tokugawa|51\/100|[from] Leech Seed|[of] p1b: Toby\n|-heal|p1b: Toby|72\/100|[silent]\n|upkeep\n|\n|t:|1681771882\n|switch|p2b: Hamlet's Dad|Annihilape, L50, F|50\/100\n|turn|9\n|\n|t:|1681771898\n|move|p2a: Tokugawa|Sucker Punch|p1a: Alita\n|-damage|p1a: Alita|0 fnt\n|faint|p1a: Alita\n|-end|p1a: Alita|Quark Drive|[silent]\n|move|p2b: Hamlet's Dad|Rage Fist|p1b: Toby\n|-damage|p1b: Toby|56\/100\n|move|p1b: Toby|Iron Defense|p1b: Toby\n|-boost|p1b: Toby|def|2\n|\n|-heal|p2b: Hamlet's Dad|57\/100|[from] item: Leftovers\n|-damage|p2a: Tokugawa|39\/100|[from] Leech Seed|[of] p1b: Toby\n|-heal|p1b: Toby|67\/100|[silent]\n|upkeep\n|turn|10\n|c| j4ce|he has risen\n|\n|t:|1681771911\n|move|p2b: Hamlet's Dad|Protect|p2b: Hamlet's Dad\n|-singleturn|p2b: Hamlet's Dad|Protect\n|move|p2a: Tokugawa|Poison Jab|p1b: Toby\n|-supereffective|p1b: Toby\n|-damage|p1b: Toby|50\/100\n|move|p1b: Toby|Leech Seed|p2b: Hamlet's Dad\n|-activate|p2b: Hamlet's Dad|move: Protect\n|\n|-heal|p2b: Hamlet's Dad|63\/100|[from] item: Leftovers\n|-damage|p2a: Tokugawa|27\/100|[from] Leech Seed|[of] p1b: Toby\n|-heal|p1b: Toby|61\/100|[silent]\n|upkeep\n|turn|11\n|\n|t:|1681771934\n|move|p2b: Hamlet's Dad|Drain Punch|p1b: Toby\n|-damage|p1b: Toby|56\/100\n|-heal|p2b: Hamlet's Dad|66\/100|[from] drain|[of] p1b: Toby\n|move|p2a: Tokugawa|Poison Jab|p1b: Toby\n|-supereffective|p1b: Toby\n|-damage|p1b: Toby|38\/100\n|move|p1b: Toby|Recover|p1b: Toby\n|-heal|p1b: Toby|89\/100\n|\n|-heal|p2b: Hamlet's Dad|72\/100|[from] item: Leftovers\n|-damage|p2a: Tokugawa|15\/100|[from] Leech Seed|[of] p1b: Toby\n|-heal|p1b: Toby|99\/100|[silent]\n|upkeep\n|turn|12\n|\n|t:|1681771948\n|move|p2b: Hamlet's Dad|Protect|p2b: Hamlet's Dad\n|-singleturn|p2b: Hamlet's Dad|Protect\n|move|p2a: Tokugawa|Poison Jab|p1b: Toby\n|-supereffective|p1b: Toby\n|-damage|p1b: Toby|83\/100\n|move|p1b: Toby|Leech Seed|p2b: Hamlet's Dad\n|-activate|p2b: Hamlet's Dad|move: Protect\n|\n|-heal|p2b: Hamlet's Dad|78\/100|[from] item: Leftovers\n|-damage|p2a: Tokugawa|3\/100|[from] Leech Seed|[of] p1b: Toby\n|-heal|p1b: Toby|94\/100|[silent]\n|upkeep\n|turn|13\n|j| jayballester\n|\n|t:|1681771980\n|move|p2b: Hamlet's Dad|Stone Edge|p1b: Toby\n|-crit|p1b: Toby\n|-damage|p1b: Toby|64\/100\n|move|p2a: Tokugawa|Poison Jab|p1b: Toby\n|-supereffective|p1b: Toby\n|-damage|p1b: Toby|46\/100\n|move|p1b: Toby|Recover|p1b: Toby\n|-heal|p1b: Toby|96\/100\n|\n|-heal|p2b: Hamlet's Dad|85\/100|[from] item: Leftovers\n|-damage|p2a: Tokugawa|0 fnt|[from] Leech Seed|[of] p1b: Toby\n|-heal|p1b: Toby|99\/100|[silent]\n|faint|p2a: Tokugawa\n|-end|p2a: Tokugawa|fallen1|[silent]\n|upkeep\n|turn|14\n|c| j4ce|That kingambit has sheer force or somethin\n|c|\u2606BBRAFF|this might take a while\n|\n|t:|1681772005\n|move|p2b: Hamlet's Dad|Protect|p2b: Hamlet's Dad\n|-singleturn|p2b: Hamlet's Dad|Protect\n|move|p1b: Toby|Leech Seed|p2b: Hamlet's Dad\n|-activate|p2b: Hamlet's Dad|move: Protect\n|\n|-heal|p2b: Hamlet's Dad|91\/100|[from] item: Leftovers\n|upkeep\n|turn|15\n|\n|t:|1681772020\n|move|p2b: Hamlet's Dad|Stone Edge|p1b: Toby|[miss]\n|-miss|p2b: Hamlet's Dad|p1b: Toby\n|move|p1b: Toby|Leech Seed|p2b: Hamlet's Dad\n|-start|p2b: Hamlet's Dad|move: Leech Seed\n|\n|-heal|p2b: Hamlet's Dad|97\/100|[from] item: Leftovers\n|-damage|p2b: Hamlet's Dad|85\/100|[from] Leech Seed|[of] p1b: Toby\n|-heal|p1b: Toby|100\/100|[silent]\n|upkeep\n|turn|16\n|c| j4ce|30% chance to poison and 0\/7 proc is crazy\n|\n|t:|1681772032\n|move|p2b: Hamlet's Dad|Stone Edge|p1b: Toby|[miss]\n|-miss|p2b: Hamlet's Dad|p1b: Toby\n|move|p1b: Toby|Body Press|p2b: Hamlet's Dad\n|-immune|p2b: Hamlet's Dad\n|\n|-heal|p2b: Hamlet's Dad|91\/100|[from] item: Leftovers\n|-damage|p2b: Hamlet's Dad|78\/100|[from] Leech Seed|[of] p1b: Toby\n|upkeep\n|turn|17\n|c|\u2606BBRAFF|8% chance of that happening\n|c|\u2606BBRAFF|unfortunate\n|c|\u2606BBRAFF|i think i still win with recover, but depends on when the poison hits if it did\n|\n|t:|1681772079\n|move|p2b: Hamlet's Dad|Stone Edge|p1b: Toby\n|-damage|p1b: Toby|95\/100\n|move|p1b: Toby|Body Press|p2b: Hamlet's Dad\n|-immune|p2b: Hamlet's Dad\n|\n|-heal|p2b: Hamlet's Dad|85\/100|[from] item: Leftovers\n|-damage|p2b: Hamlet's Dad|72\/100|[from] Leech Seed|[of] p1b: Toby\n|-heal|p1b: Toby|100\/100|[silent]\n|upkeep\n|turn|18\n|\n|t:|1681772089\n|move|p2b: Hamlet's Dad|Stone Edge|p1b: Toby\n|-damage|p1b: Toby|95\/100\n|move|p1b: Toby|Body Press|p2b: Hamlet's Dad\n|-immune|p2b: Hamlet's Dad\n|\n|-heal|p2b: Hamlet's Dad|78\/100|[from] item: Leftovers\n|-damage|p2b: Hamlet's Dad|66\/100|[from] Leech Seed|[of] p1b: Toby\n|-heal|p1b: Toby|100\/100|[silent]\n|upkeep\n|turn|19\n|c|\u2606Haxxson|the moonblast crit is the thing that really got me\n|\n|t:|1681772105\n|move|p2b: Hamlet's Dad|Stone Edge|p1b: Toby\n|-crit|p1b: Toby\n|-damage|p1b: Toby|70\/100\n|move|p1b: Toby|Body Press|p2b: Hamlet's Dad\n|-immune|p2b: Hamlet's Dad\n|\n|-heal|p2b: Hamlet's Dad|72\/100|[from] item: Leftovers\n|-damage|p2b: Hamlet's Dad|60\/100|[from] Leech Seed|[of] p1b: Toby\n|-heal|p1b: Toby|82\/100|[silent]\n|upkeep\n|turn|20\n|c|\u2606BBRAFF|it could've been a roll though\n|c|\u2606Haxxson|true\n|c|\u2606BBRAFF|we can calc after\n|\n|t:|1681772132\n|move|p2b: Hamlet's Dad|Stone Edge|p1b: Toby\n|-damage|p1b: Toby|76\/100\n|move|p1b: Toby|Body Press|p2b: Hamlet's Dad\n|-immune|p2b: Hamlet's Dad\n|\n|-heal|p2b: Hamlet's Dad|66\/100|[from] item: Leftovers\n|-damage|p2b: Hamlet's Dad|53\/100|[from] Leech Seed|[of] p1b: Toby\n|-heal|p1b: Toby|88\/100|[silent]\n|upkeep\n|turn|21\n|\n|t:|1681772143\n|move|p2b: Hamlet's Dad|Drain Punch|p1b: Toby\n|-damage|p1b: Toby|82\/100\n|-heal|p2b: Hamlet's Dad|57\/100|[from] drain|[of] p1b: Toby\n|move|p1b: Toby|Body Press|p2b: Hamlet's Dad\n|-immune|p2b: Hamlet's Dad\n|\n|-heal|p2b: Hamlet's Dad|63\/100|[from] item: Leftovers\n|-damage|p2b: Hamlet's Dad|50\/100|[from] Leech Seed|[of] p1b: Toby\n|-heal|p1b: Toby|94\/100|[silent]\n|upkeep\n|turn|22\n|\n|t:|1681772153\n|move|p2b: Hamlet's Dad|Drain Punch|p1b: Toby\n|-damage|p1b: Toby|89\/100\n|-heal|p2b: Hamlet's Dad|53\/100|[from] drain|[of] p1b: Toby\n|move|p1b: Toby|Body Press|p2b: Hamlet's Dad\n|-immune|p2b: Hamlet's Dad\n|\n|-heal|p2b: Hamlet's Dad|60\/100|[from] item: Leftovers\n|-damage|p2b: Hamlet's Dad|47\/100|[from] Leech Seed|[of] p1b: Toby\n|-heal|p1b: Toby|100\/100|[silent]\n|upkeep\n|turn|23\n|\n|t:|1681772164\n|move|p2b: Hamlet's Dad|Drain Punch|p1b: Toby\n|-damage|p1b: Toby|95\/100\n|-heal|p2b: Hamlet's Dad|50\/100|[from] drain|[of] p1b: Toby\n|move|p1b: Toby|Body Press|p2b: Hamlet's Dad\n|-immune|p2b: Hamlet's Dad\n|\n|-heal|p2b: Hamlet's Dad|57\/100|[from] item: Leftovers\n|-damage|p2b: Hamlet's Dad|44\/100|[from] Leech Seed|[of] p1b: Toby\n|-heal|p1b: Toby|100\/100|[silent]\n|upkeep\n|turn|24\n|\n|t:|1681772168\n|move|p2b: Hamlet's Dad|Drain Punch|p1b: Toby\n|-damage|p1b: Toby|94\/100\n|-heal|p2b: Hamlet's Dad|48\/100|[from] drain|[of] p1b: Toby\n|move|p1b: Toby|Body Press|p2b: Hamlet's Dad\n|-immune|p2b: Hamlet's Dad\n|\n|-heal|p2b: Hamlet's Dad|54\/100|[from] item: Leftovers\n|-damage|p2b: Hamlet's Dad|42\/100|[from] Leech Seed|[of] p1b: Toby\n|-heal|p1b: Toby|100\/100|[silent]\n|upkeep\n|turn|25\n|\n|t:|1681772178\n|move|p2b: Hamlet's Dad|Drain Punch|p1b: Toby\n|-damage|p1b: Toby|95\/100\n|-heal|p2b: Hamlet's Dad|45\/100|[from] drain|[of] p1b: Toby\n|move|p1b: Toby|Body Press|p2b: Hamlet's Dad\n|-immune|p2b: Hamlet's Dad\n|\n|-heal|p2b: Hamlet's Dad|51\/100|[from] item: Leftovers\n|-damage|p2b: Hamlet's Dad|39\/100|[from] Leech Seed|[of] p1b: Toby\n|-heal|p1b: Toby|100\/100|[silent]\n|upkeep\n|turn|26\n|\n|t:|1681772188\n|move|p2b: Hamlet's Dad|Drain Punch|p1b: Toby\n|-damage|p1b: Toby|95\/100\n|-heal|p2b: Hamlet's Dad|42\/100|[from] drain|[of] p1b: Toby\n|move|p1b: Toby|Body Press|p2b: Hamlet's Dad\n|-immune|p2b: Hamlet's Dad\n|\n|-heal|p2b: Hamlet's Dad|48\/100|[from] item: Leftovers\n|-damage|p2b: Hamlet's Dad|36\/100|[from] Leech Seed|[of] p1b: Toby\n|-heal|p1b: Toby|100\/100|[silent]\n|upkeep\n|turn|27\n|\n|t:|1681772199\n|move|p2b: Hamlet's Dad|Drain Punch|p1b: Toby\n|-damage|p1b: Toby|95\/100\n|-heal|p2b: Hamlet's Dad|39\/100|[from] drain|[of] p1b: Toby\n|move|p1b: Toby|Body Press|p2b: Hamlet's Dad\n|-immune|p2b: Hamlet's Dad\n|\n|-heal|p2b: Hamlet's Dad|45\/100|[from] item: Leftovers\n|-damage|p2b: Hamlet's Dad|33\/100|[from] Leech Seed|[of] p1b: Toby\n|-heal|p1b: Toby|100\/100|[silent]\n|upkeep\n|turn|28\n|\n|t:|1681772215\n|move|p2b: Hamlet's Dad|Drain Punch|p1b: Toby\n|-damage|p1b: Toby|95\/100\n|-heal|p2b: Hamlet's Dad|36\/100|[from] drain|[of] p1b: Toby\n|move|p1b: Toby|Body Press|p2b: Hamlet's Dad\n|-immune|p2b: Hamlet's Dad\n|\n|-heal|p2b: Hamlet's Dad|42\/100|[from] item: Leftovers\n|-damage|p2b: Hamlet's Dad|30\/100|[from] Leech Seed|[of] p1b: Toby\n|-heal|p1b: Toby|100\/100|[silent]\n|upkeep\n|turn|29\n|\n|t:|1681772226\n|move|p2b: Hamlet's Dad|Drain Punch|p1b: Toby\n|-damage|p1b: Toby|95\/100\n|-heal|p2b: Hamlet's Dad|33\/100|[from] drain|[of] p1b: Toby\n|move|p1b: Toby|Body Press|p2b: Hamlet's Dad\n|-immune|p2b: Hamlet's Dad\n|\n|-heal|p2b: Hamlet's Dad|39\/100|[from] item: Leftovers\n|-damage|p2b: Hamlet's Dad|26\/100|[from] Leech Seed|[of] p1b: Toby\n|-heal|p1b: Toby|100\/100|[silent]\n|upkeep\n|turn|30\n|\n|t:|1681772237\n|move|p2b: Hamlet's Dad|Drain Punch|p1b: Toby\n|-damage|p1b: Toby|95\/100\n|-heal|p2b: Hamlet's Dad|30\/100|[from] drain|[of] p1b: Toby\n|move|p1b: Toby|Body Press|p2b: Hamlet's Dad\n|-immune|p2b: Hamlet's Dad\n|\n|-heal|p2b: Hamlet's Dad|36\/100|[from] item: Leftovers\n|-damage|p2b: Hamlet's Dad|24\/100|[from] Leech Seed|[of] p1b: Toby\n|-heal|p1b: Toby|100\/100|[silent]\n|upkeep\n|turn|31\n|\n|t:|1681772248\n|move|p2b: Hamlet's Dad|Rage Fist|p1b: Toby\n|-damage|p1b: Toby|89\/100\n|move|p1b: Toby|Body Press|p2b: Hamlet's Dad\n|-immune|p2b: Hamlet's Dad\n|\n|-heal|p2b: Hamlet's Dad|30\/100|[from] item: Leftovers\n|-damage|p2b: Hamlet's Dad|17\/100|[from] Leech Seed|[of] p1b: Toby\n|-heal|p1b: Toby|100\/100|[silent]\n|upkeep\n|turn|32\n|\n|t:|1681772257\n|move|p2b: Hamlet's Dad|Rage Fist|p1b: Toby\n|-damage|p1b: Toby|88\/100\n|move|p1b: Toby|Iron Defense|p1b: Toby\n|-boost|p1b: Toby|def|0\n|\n|-heal|p2b: Hamlet's Dad|24\/100|[from] item: Leftovers\n|-damage|p2b: Hamlet's Dad|11\/100|[from] Leech Seed|[of] p1b: Toby\n|-heal|p1b: Toby|99\/100|[silent]\n|upkeep\n|turn|33\n|\n|t:|1681772265\n|move|p2b: Hamlet's Dad|Drain Punch|p1b: Toby\n|-damage|p1b: Toby|94\/100\n|-heal|p2b: Hamlet's Dad|14\/100|[from] drain|[of] p1b: Toby\n|move|p1b: Toby|Iron Defense|p1b: Toby\n|-boost|p1b: Toby|def|0\n|\n|-heal|p2b: Hamlet's Dad|21\/100|[from] item: Leftovers\n|-damage|p2b: Hamlet's Dad|8\/100|[from] Leech Seed|[of] p1b: Toby\n|-heal|p1b: Toby|100\/100|[silent]\n|upkeep\n|turn|34\n|\n|t:|1681772275\n|move|p2b: Hamlet's Dad|Drain Punch|p1b: Toby\n|-damage|p1b: Toby|95\/100\n|-heal|p2b: Hamlet's Dad|11\/100|[from] drain|[of] p1b: Toby\n|move|p1b: Toby|Iron Defense|p1b: Toby\n|-boost|p1b: Toby|def|0\n|\n|-heal|p2b: Hamlet's Dad|17\/100|[from] item: Leftovers\n|-damage|p2b: Hamlet's Dad|5\/100|[from] Leech Seed|[of] p1b: Toby\n|-heal|p1b: Toby|100\/100|[silent]\n|upkeep\n|turn|35\n|\n|t:|1681772285\n|move|p2b: Hamlet's Dad|Drain Punch|p1b: Toby\n|-damage|p1b: Toby|95\/100\n|-heal|p2b: Hamlet's Dad|8\/100|[from] drain|[of] p1b: Toby\n|move|p1b: Toby|Iron Defense|p1b: Toby\n|-boost|p1b: Toby|def|0\n|\n|-heal|p2b: Hamlet's Dad|14\/100|[from] item: Leftovers\n|-damage|p2b: Hamlet's Dad|2\/100|[from] Leech Seed|[of] p1b: Toby\n|-heal|p1b: Toby|100\/100|[silent]\n|upkeep\n|turn|36\n|\n|t:|1681772295\n|move|p2b: Hamlet's Dad|Drain Punch|p1b: Toby\n|-damage|p1b: Toby|95\/100\n|-heal|p2b: Hamlet's Dad|5\/100|[from] drain|[of] p1b: Toby\n|move|p1b: Toby|Iron Defense|p1b: Toby\n|-boost|p1b: Toby|def|0\n|\n|-heal|p2b: Hamlet's Dad|12\/100|[from] item: Leftovers\n|-damage|p2b: Hamlet's Dad|0 fnt|[from] Leech Seed|[of] p1b: Toby\n|-heal|p1b: Toby|100\/100|[silent]\n|faint|p2b: Hamlet's Dad\n|\n|win|BBRAFF\n|upkeep\n|c|\u2606BBRAFF|gg ig lol\n|c|\u2606Haxxson|GGs\n|l| Heaven64\n|l| jayballester\n|l| j4ce\n|l| Samax2599\n|l| omg_its_daddy\n|l| PurpleStyle\n","uploadtime":1681772319,"views":26,"p1id":"bbraff","p2id":"haxxson","formatid":"gen9vgc2023regulationc","rating":0,"private":0,"password":""}