{"id":"gen9vgc2023regulationc-1854445815","p1":"Loren_88","p2":"Whatever0512","format":"[Gen 9] VGC 2023 Regulation C","log":"|j|\u2606Loren_88\n|j|\u2606Whatever0512\n|t:|1682811873\n|gametype|doubles\n|player|p1|Loren_88|red|1276\n|player|p2|Whatever0512|170|1363\n|teamsize|p1|6\n|teamsize|p2|6\n|gen|9\n|tier|[Gen 9] VGC 2023 Regulation C\n|rated|\n|rule|Species Clause: Limit one of each Pok\u00e9mon\n|rule|Item Clause: Limit one of each item\n|clearpoke\n|poke|p1|Ting-Lu, L50|\n|poke|p1|Chi-Yu, L50|\n|poke|p1|Dragapult, L50, M|\n|poke|p1|Grimmsnarl, L50, M|\n|poke|p1|Annihilape, L50, F|\n|poke|p1|Flutter Mane, L50|\n|poke|p2|Talonflame, L50, M|\n|poke|p2|Flutter Mane, L50|\n|poke|p2|Tyranitar, L50, F|\n|poke|p2|Iron Bundle, L50|\n|poke|p2|Gothitelle, L50, M|\n|poke|p2|Great Tusk, L50|\n|teampreview|4\n|inactive|Battle timer is ON: inactive players will automatically lose when time's up. (requested by Loren_88)\n|inactive|Loren_88 has 60 seconds left.\n|\n|t:|1682811913\n|start\n|switch|p1a: Grimmsnarl|Grimmsnarl, L50, M, shiny|100\/100\n|switch|p1b: Dragapult|Dragapult, L50, M, shiny|100\/100\n|switch|p2a: Talonflame|Talonflame, L50, M|100\/100\n|switch|p2b: Great Tusk|Great Tusk, L50|100\/100\n|turn|1\n|inactive|Loren_88 has 30 seconds left.\n|\n|t:|1682811945\n|move|p2b: Great Tusk|Protect|p2b: Great Tusk\n|-singleturn|p2b: Great Tusk|Protect\n|move|p1a: Grimmsnarl|Reflect|p1a: Grimmsnarl\n|-sidestart|p1: Loren_88|Reflect\n|move|p2a: Talonflame|Taunt|p1a: Grimmsnarl\n|-start|p1a: Grimmsnarl|move: Taunt\n|move|p1b: Dragapult|Dragon Dance|p1b: Dragapult\n|-boost|p1b: Dragapult|atk|1\n|-boost|p1b: Dragapult|spe|1\n|\n|upkeep\n|turn|2\n|inactive|Whatever0512 has 30 seconds left.\n|\n|t:|1682811972\n|move|p2a: Talonflame|Tailwind|p2a: Talonflame\n|-sidestart|p2: Whatever0512|move: Tailwind\n|move|p1b: Dragapult|Dragon Darts|p2a: Talonflame\n|-damage|p2a: Talonflame|53\/100\n|-anim|p1b: Dragapult|Dragon Darts|p2b: Great Tusk\n|-damage|p2b: Great Tusk|70\/100\n|move|p2b: Great Tusk|Headlong Rush|p1b: Dragapult\n|-damage|p1b: Dragapult|17\/100\n|-unboost|p2b: Great Tusk|def|1\n|-unboost|p2b: Great Tusk|spd|1\n|-damage|p2b: Great Tusk|61\/100|[from] item: Life Orb\n|move|p1a: Grimmsnarl|Foul Play|p2a: Talonflame\n|-damage|p2a: Talonflame|18\/100\n|\n|upkeep\n|turn|3\n|l|\u2606Loren_88\n|inactive|Loren_88 disconnected and has a minute to reconnect!\n|player|p1|\n|j|\u2606Loren_88\n|inactive|Loren_88 reconnected and has 40 seconds left.\n|player|p1|Loren_88|red\n|inactive|Loren_88 has 30 seconds left.\n|inactive|Whatever0512 has 30 seconds left.\n|inactive|Whatever0512 has 20 seconds left.\n|inactive|Whatever0512 has 15 seconds left.\n|\n|t:|1682812014\n|switch|p2a: Flutter Mane|Flutter Mane, L50|100\/100\n|move|p2b: Great Tusk|Protect|p2b: Great Tusk\n|-singleturn|p2b: Great Tusk|Protect\n|move|p1b: Dragapult|Dragon Darts|p2a: Flutter Mane\n|-immune|p2a: Flutter Mane\n|move|p1a: Grimmsnarl|Foul Play|p2b: Great Tusk\n|-activate|p2b: Great Tusk|move: Protect\n|\n|upkeep\n|turn|4\n|inactive|Loren_88 has 30 seconds left.\n|\n|t:|1682812048\n|-end|p2b: Great Tusk|Protosynthesis|[silent]\n|switch|p2b: Talonflame|Talonflame, L50, M|18\/100\n|move|p2a: Flutter Mane|Dazzling Gleam|p1a: Grimmsnarl|[spread] p1a,p1b\n|-supereffective|p1a: Grimmsnarl\n|-supereffective|p1b: Dragapult\n|-damage|p1a: Grimmsnarl|2\/100\n|-damage|p1b: Dragapult|0 fnt\n|faint|p1b: Dragapult\n|move|p1a: Grimmsnarl|Foul Play|p2a: Flutter Mane\n|-damage|p2a: Flutter Mane|77\/100\n|\n|-end|p1a: Grimmsnarl|move: Taunt\n|upkeep\n|\n|t:|1682812065\n|switch|p1b: Ting-Lu|Ting-Lu, L50|100\/100\n|-ability|p1b: Ting-Lu|Vessel of Ruin\n|turn|5\n|\n|t:|1682812074\n|move|p1a: Grimmsnarl|Light Screen|p1a: Grimmsnarl\n|-sidestart|p1: Loren_88|move: Light Screen\n|move|p2b: Talonflame|Will-O-Wisp|p1b: Ting-Lu\n|-status|p1b: Ting-Lu|brn\n|move|p2a: Flutter Mane|Dazzling Gleam|p1a: Grimmsnarl|[spread] p1a,p1b\n|-supereffective|p1a: Grimmsnarl\n|-supereffective|p1b: Ting-Lu\n|-damage|p1a: Grimmsnarl|0 fnt\n|-damage|p1b: Ting-Lu|75\/100 brn\n|faint|p1a: Grimmsnarl\n|move|p1b: Ting-Lu|Fissure|p2a: Flutter Mane\n|-damage|p2a: Flutter Mane|0 fnt\n|faint|p2a: Flutter Mane\n|-end|p2a: Flutter Mane|Protosynthesis|[silent]\n|-ohko\n|\n|-damage|p1b: Ting-Lu|68\/100 brn|[from] brn\n|-sideend|p2: Whatever0512|move: Tailwind\n|upkeep\n|\n|t:|1682812091\n|switch|p2a: Tyranitar|Tyranitar, L50, F|100\/100\n|switch|p1a: Annihilape|Annihilape, L50, F|100\/100\n|-weather|Sandstorm|[from] ability: Sand Stream|[of] p2a: Tyranitar\n|turn|6\n|inactive|Whatever0512 has 30 seconds left.\n|inactive|Whatever0512 has 20 seconds left.\n|\n|t:|1682812130\n|-terastallize|p1a: Annihilape|Fairy\n|-terastallize|p2a: Tyranitar|Flying\n|move|p2b: Talonflame|Taunt|p1a: Annihilape\n|-start|p1a: Annihilape|move: Taunt\n|move|p1a: Annihilape|Drain Punch|p2a: Tyranitar\n|-resisted|p2a: Tyranitar\n|-damage|p2a: Tyranitar|82\/100\n|move|p2a: Tyranitar|Low Kick|p1b: Ting-Lu\n|-supereffective|p1b: Ting-Lu\n|-damage|p1b: Ting-Lu|45\/100 brn\n|move|p1b: Ting-Lu|Body Press|p2b: Talonflame\n|-resisted|p2b: Talonflame\n|-damage|p2b: Talonflame|10\/100\n|\n|-weather|Sandstorm|[upkeep]\n|-damage|p1a: Annihilape|95\/100|[from] Sandstorm\n|-damage|p2a: Tyranitar|76\/100|[from] Sandstorm\n|-damage|p1b: Ting-Lu|39\/100 brn|[from] brn\n|upkeep\n|turn|7\n|inactive|Loren_88 has 30 seconds left.\n|inactive|Whatever0512 has 30 seconds left.\n|\n|t:|1682812160\n|move|p2b: Talonflame|Will-O-Wisp|p1a: Annihilape\n|-status|p1a: Annihilape|brn\n|move|p1a: Annihilape|Rage Fist|p2a: Tyranitar\n|-damage|p2a: Tyranitar|62\/100\n|move|p2a: Tyranitar|Low Kick|p1b: Ting-Lu\n|-supereffective|p1b: Ting-Lu\n|-damage|p1b: Ting-Lu|13\/100 brn\n|move|p1b: Ting-Lu|Body Press|p2b: Talonflame\n|-resisted|p2b: Talonflame\n|-crit|p2b: Talonflame\n|-damage|p2b: Talonflame|0 fnt\n|faint|p2b: Talonflame\n|\n|-weather|Sandstorm|[upkeep]\n|-damage|p1a: Annihilape|89\/100 brn|[from] Sandstorm\n|-damage|p2a: Tyranitar|57\/100|[from] Sandstorm\n|-damage|p1a: Annihilape|83\/100 brn|[from] brn\n|-damage|p1b: Ting-Lu|7\/100 brn|[from] brn\n|upkeep\n|\n|t:|1682812171\n|switch|p2b: Great Tusk|Great Tusk, L50|61\/100\n|turn|8\n|\n|t:|1682812193\n|move|p2b: Great Tusk|Earthquake|p1b: Ting-Lu|[spread] p1a,p1b\n|-immune|p2a: Tyranitar\n|-damage|p1a: Annihilape|47\/100 brn\n|-damage|p1b: Ting-Lu|0 fnt\n|faint|p1b: Ting-Lu\n|-damage|p2b: Great Tusk|51\/100|[from] item: Life Orb\n|move|p1a: Annihilape|Rage Fist|p2a: Tyranitar\n|-damage|p2a: Tyranitar|30\/100\n|move|p2a: Tyranitar|Heavy Slam|p1a: Annihilape\n|-supereffective|p1a: Annihilape\n|-damage|p1a: Annihilape|10\/100 brn\n|\n|-weather|Sandstorm|[upkeep]\n|-damage|p1a: Annihilape|4\/100 brn|[from] Sandstorm\n|-damage|p2a: Tyranitar|25\/100|[from] Sandstorm\n|-damage|p1a: Annihilape|0 fnt|[from] brn\n|faint|p1a: Annihilape\n|\n|win|Whatever0512\n|upkeep\n|raw|Loren_88's rating: 1276 → 1257<\/strong> (-19 for losing)\n|raw|Whatever0512's rating: 1363 → 1378<\/strong> (+15 for winning)\n|c|\u2606Whatever0512|Gg\n|l|\u2606Loren_88\n","uploadtime":1682812269,"views":20,"p1id":"loren88","p2id":"whatever0512","formatid":"gen9vgc2023regulationc","rating":1257,"private":0,"password":""}