{"id":"gen9vgc2023regulationc-1850267843","p1":"Piccolo Ruiz","p2":"JSkiing","format":"[Gen 9] VGC 2023 Regulation C","log":"|j|\u2606Piccolo Ruiz\n|j|\u2606JSkiing\n|t:|1682308297\n|gametype|doubles\n|player|p1|Piccolo Ruiz|valerie|1363\n|player|p2|JSkiing|1|1340\n|teamsize|p1|6\n|teamsize|p2|6\n|gen|9\n|tier|[Gen 9] VGC 2023 Regulation C\n|rated|\n|rule|Species Clause: Limit one of each Pok\u00e9mon\n|rule|Item Clause: Limit one of each item\n|clearpoke\n|poke|p1|Flutter Mane, L50|\n|poke|p1|Amoonguss, L50, F|\n|poke|p1|Gyarados, L50, F|\n|poke|p1|Arcanine, L50, F|\n|poke|p1|Ting-Lu, L50|\n|poke|p1|Baxcalibur, L50, F|\n|poke|p2|Garganacl, L50, M|\n|poke|p2|Annihilape, L50, F|\n|poke|p2|Arboliva, L50, M|\n|poke|p2|Dragapult, L50, M|\n|poke|p2|Chi-Yu, L50|\n|poke|p2|Great Tusk, L50|\n|teampreview|4\n|inactive|Battle timer is ON: inactive players will automatically lose when time's up. (requested by Piccolo Ruiz)\n|inactive|JSkiing has 60 seconds left.\n|\n|t:|1682308334\n|start\n|switch|p1a: Amoonguss|Amoonguss, L50, F, shiny|100\/100\n|switch|p1b: Bianca|Gyarados, L50, F, shiny|100\/100\n|switch|p2a: Great Tusk|Great Tusk, L50|100\/100\n|switch|p2b: Annihilape|Annihilape, L50, F|100\/100\n|-ability|p1b: Bianca|Intimidate|boost\n|-unboost|p2a: Great Tusk|atk|1\n|-unboost|p2b: Annihilape|atk|1\n|-ability|p2b: Annihilape|Defiant|boost\n|-boost|p2b: Annihilape|atk|2\n|turn|1\n|\n|t:|1682308358\n|move|p2a: Great Tusk|Earthquake|p1b: Bianca|[spread] p2b,p1a\n|-immune|p1b: Bianca\n|-damage|p2b: Annihilape|76\/100\n|-damage|p1a: Amoonguss|80\/100\n|move|p2b: Annihilape|Acrobatics|p1a: Amoonguss\n|-supereffective|p1a: Amoonguss\n|-damage|p1a: Amoonguss|44\/100\n|-damage|p2b: Annihilape|60\/100|[from] item: Rocky Helmet|[of] p1a: Amoonguss\n|move|p1b: Bianca|Waterfall|p2a: Great Tusk\n|-supereffective|p2a: Great Tusk\n|-damage|p2a: Great Tusk|47\/100\n|move|p1a: Amoonguss|Spore|p2b: Annihilape\n|-status|p2b: Annihilape|slp|[from] move: Spore\n|\n|upkeep\n|turn|2\n|\n|t:|1682308378\n|-end|p2a: Great Tusk|Protosynthesis|[silent]\n|switch|p2a: Arboliva|Arboliva, L50, M|100\/100\n|cant|p2b: Annihilape|slp\n|move|p1b: Bianca|Waterfall|p2a: Arboliva\n|-resisted|p2a: Arboliva\n|-damage|p2a: Arboliva|81\/100\n|-fieldstart|move: Grassy Terrain|[from] ability: Seed Sower|[of] p2a: Arboliva\n|move|p1a: Amoonguss|Spore|p2a: Arboliva\n|-immune|p2a: Arboliva\n|\n|-heal|p2b: Annihilape|66\/100 slp|[from] Grassy Terrain\n|-heal|p2a: Arboliva|87\/100|[from] Grassy Terrain\n|-heal|p1a: Amoonguss|50\/100|[from] Grassy Terrain\n|upkeep\n|turn|3\n|\n|t:|1682308392\n|switch|p1a: Sasha Colby|Flutter Mane, L50|100\/100\n|-enditem|p1a: Sasha Colby|Booster Energy\n|-activate|p1a: Sasha Colby|ability: Protosynthesis|[fromitem]\n|-start|p1a: Sasha Colby|protosynthesisspa\n|-curestatus|p2b: Annihilape|slp|[msg]\n|move|p2b: Annihilape|Rage Fist|p1b: Bianca\n|-damage|p1b: Bianca|47\/100\n|-enditem|p1b: Bianca|Sitrus Berry|[eat]\n|-heal|p1b: Bianca|72\/100|[from] item: Sitrus Berry\n|move|p1b: Bianca|Taunt|p2a: Arboliva\n|-start|p2a: Arboliva|move: Taunt\n|move|p2a: Arboliva|Pollen Puff|p2b: Annihilape\n|-heal|p2b: Annihilape|100\/100\n|\n|-heal|p2a: Arboliva|93\/100|[from] Grassy Terrain\n|upkeep\n|turn|4\n|inactive|JSkiing has 30 seconds left.\n|\n|t:|1682308424\n|switch|p1b: Amoonguss|Amoonguss, L50, F, shiny|84\/100\n|-terastallize|p1a: Sasha Colby|Fairy\n|move|p1a: Sasha Colby|Moonblast|p2b: Annihilape\n|-supereffective|p2b: Annihilape\n|-damage|p2b: Annihilape|0 fnt\n|faint|p2b: Annihilape\n|move|p2a: Arboliva|Giga Drain|p1b: Amoonguss\n|-resisted|p1b: Amoonguss\n|-damage|p1b: Amoonguss|74\/100\n|-heal|p2a: Arboliva|99\/100|[from] drain|[of] p1b: Amoonguss\n|\n|-heal|p2a: Arboliva|100\/100|[from] Grassy Terrain\n|-heal|p1b: Amoonguss|79\/100|[from] Grassy Terrain\n|upkeep\n|\n|t:|1682308440\n|switch|p2b: Great Tusk|Great Tusk, L50|47\/100\n|turn|5\n|\n|t:|1682308448\n|move|p1a: Sasha Colby|Protect|p1a: Sasha Colby\n|-singleturn|p1a: Sasha Colby|Protect\n|move|p2b: Great Tusk|Headlong Rush|p1a: Sasha Colby\n|-activate|p1a: Sasha Colby|move: Protect\n|move|p2a: Arboliva|Pollen Puff|p2b: Great Tusk\n|-heal|p2b: Great Tusk|97\/100\n|move|p1b: Amoonguss|Spore|p2b: Great Tusk\n|-status|p2b: Great Tusk|slp|[from] move: Spore\n|\n|-heal|p2b: Great Tusk|100\/100 slp|[from] Grassy Terrain\n|-heal|p1b: Amoonguss|85\/100|[from] Grassy Terrain\n|-end|p2a: Arboliva|move: Taunt\n|upkeep\n|turn|6\n|\n|t:|1682308460\n|cant|p2b: Great Tusk|slp\n|move|p1a: Sasha Colby|Moonblast|p2b: Great Tusk\n|-supereffective|p2b: Great Tusk\n|-damage|p2b: Great Tusk|0 fnt\n|faint|p2b: Great Tusk\n|-end|p2b: Great Tusk|Protosynthesis|[silent]\n|move|p2a: Arboliva|Giga Drain|p1a: Sasha Colby\n|-damage|p1a: Sasha Colby|60\/100\n|move|p1b: Amoonguss|Pollen Puff|p2a: Arboliva\n|-supereffective|p2a: Arboliva\n|-damage|p2a: Arboliva|82\/100\n|\n|-heal|p1a: Sasha Colby|66\/100|[from] Grassy Terrain\n|-heal|p2a: Arboliva|88\/100|[from] Grassy Terrain\n|-heal|p1b: Amoonguss|91\/100|[from] Grassy Terrain\n|-fieldend|move: Grassy Terrain\n|upkeep\n|\n|t:|1682308466\n|switch|p2b: Chi-Yu|Chi-Yu, L50|100\/100\n|-ability|p2b: Chi-Yu|Beads of Ruin\n|turn|7\n|\n|t:|1682308481\n|move|p1a: Sasha Colby|Moonblast|p2b: Chi-Yu\n|-enditem|p2b: Chi-Yu|Focus Sash\n|-damage|p2b: Chi-Yu|1\/100\n|move|p2b: Chi-Yu|Heat Wave|p1b: Amoonguss|[spread] p1b\n|-miss|p2b: Chi-Yu|p1a: Sasha Colby\n|-supereffective|p1b: Amoonguss\n|-damage|p1b: Amoonguss|8\/100\n|move|p2a: Arboliva|Earth Power|p1b: Amoonguss\n|-damage|p1b: Amoonguss|0 fnt\n|faint|p1b: Amoonguss\n|\n|upkeep\n|\n|t:|1682308493\n|switch|p1b: Bianca|Gyarados, L50, F, shiny|72\/100\n|-ability|p1b: Bianca|Intimidate|boost\n|-unboost|p2a: Arboliva|atk|1\n|-unboost|p2b: Chi-Yu|atk|1\n|turn|8\n|\n|t:|1682308510\n|move|p1a: Sasha Colby|Protect|p1a: Sasha Colby\n|-singleturn|p1a: Sasha Colby|Protect\n|move|p2b: Chi-Yu|Protect|p2b: Chi-Yu\n|-singleturn|p2b: Chi-Yu|Protect\n|move|p1b: Bianca|Protect|p1b: Bianca\n|-singleturn|p1b: Bianca|Protect\n|move|p2a: Arboliva|Giga Drain|p1b: Bianca\n|-activate|p1b: Bianca|move: Protect\n|\n|upkeep\n|turn|9\n|\n|t:|1682308527\n|move|p2b: Chi-Yu|Protect||[still]\n|-fail|p2b: Chi-Yu\n|move|p1a: Sasha Colby|Dazzling Gleam|p2b: Chi-Yu|[spread] p2a,p2b\n|-damage|p2a: Arboliva|53\/100\n|-damage|p2b: Chi-Yu|0 fnt\n|-fieldstart|move: Grassy Terrain|[from] ability: Seed Sower|[of] p2a: Arboliva\n|faint|p2b: Chi-Yu\n|move|p1b: Bianca|Thunder Wave|p2a: Arboliva\n|-status|p2a: Arboliva|par\n|move|p2a: Arboliva|Giga Drain|p1b: Bianca\n|-damage|p1b: Bianca|39\/100\n|-heal|p2a: Arboliva|74\/100 par|[from] drain|[of] p1b: Bianca\n|\n|-heal|p1a: Sasha Colby|72\/100|[from] Grassy Terrain\n|-heal|p2a: Arboliva|80\/100 par|[from] Grassy Terrain\n|upkeep\n|turn|10\n|\n|t:|1682308547\n|move|p1b: Bianca|Protect|p1b: Bianca\n|-singleturn|p1b: Bianca|Protect\n|move|p1a: Sasha Colby|Moonblast|p2a: Arboliva\n|-damage|p2a: Arboliva|35\/100 par\n|cant|p2a: Arboliva|par\n|\n|-heal|p1a: Sasha Colby|77\/100|[from] Grassy Terrain\n|-heal|p2a: Arboliva|41\/100 par|[from] Grassy Terrain\n|upkeep\n|turn|11\n|-message|JSkiing forfeited.\n|\n|win|Piccolo Ruiz\n|raw|Piccolo Ruiz's rating: 1343 → 1363<\/strong> (+20 for winning)\n|raw|JSkiing's rating: 1340 → 1320<\/strong> (-20 for losing)\n|l|\u2606JSkiing\n|c|\u2606Piccolo Ruiz|gg\n","uploadtime":1682308560,"views":30,"p1id":"piccoloruiz","p2id":"jskiing","formatid":"gen9vgc2023regulationc","rating":1320,"private":0,"password":""}