{"id":"gen9vgc2023regulationc-1855836876","p1":"tomate palta","p2":"UltimoRyu","format":"[Gen 9] VGC 2023 Regulation C","log":"|j|\u2606tomate palta\n|j|\u2606UltimoRyu\n|t:|1682989995\n|gametype|doubles\n|player|p1|tomate palta|cheren-gen5bw2|1090\n|player|p2|UltimoRyu|crasherwake|1105\n|teamsize|p1|6\n|teamsize|p2|6\n|gen|9\n|tier|[Gen 9] VGC 2023 Regulation C\n|rated|\n|rule|Species Clause: Limit one of each Pok\u00e9mon\n|rule|Item Clause: Limit one of each item\n|clearpoke\n|poke|p1|Coalossal, L50, M|\n|poke|p1|Masquerain, L50, F|\n|poke|p1|Flamigo, L50, F|\n|poke|p1|Pachirisu, L50, F|\n|poke|p1|Meowscarada, L50, F|\n|poke|p1|Palossand, L50, M|\n|poke|p2|Garchomp, L50, M|\n|poke|p2|Rotom-Wash, L50|\n|poke|p2|Iron Bundle, L50|\n|poke|p2|Gyarados, L50, M|\n|poke|p2|Slither Wing, L50|\n|poke|p2|Gardevoir, L50, F|\n|teampreview|4\ntomate palta rejected open team sheets.\n|inactive|Battle timer is ON: inactive players will automatically lose when time's up. (requested by tomate palta)\n|j| Dr.Weoncito\n|inactive|tomate palta has 60 seconds left.\n|inactive|UltimoRyu has 60 seconds left.\n|\n|t:|1682990056\n|start\n|switch|p1a: Palossand|Palossand, L50, M, shiny|100\/100\n|switch|p1b: Masquerain|Masquerain, L50, F|100\/100\n|switch|p2a: Slither Wing|Slither Wing, L50|100\/100\n|switch|p2b: Iron Bundle|Iron Bundle, L50|100\/100\n|-ability|p1b: Masquerain|Intimidate|boost\n|-unboost|p2a: Slither Wing|atk|1\n|-unboost|p2b: Iron Bundle|atk|1\n|turn|1\n|inactive|UltimoRyu has 30 seconds left.\n|\n|t:|1682990084\n|-terastallize|p1a: Palossand|Ghost\n|move|p1b: Masquerain|Aqua Jet|p1a: Palossand\n|-damage|p1a: Palossand|95\/100\n|-ability|p1a: Palossand|Water Compaction|boost\n|-boost|p1a: Palossand|def|2\n|-enditem|p1a: Palossand|Luminous Moss\n|-boost|p1a: Palossand|spd|1|[from] item: Luminous Moss\n|move|p2b: Iron Bundle|Icy Wind|p1b: Masquerain|[spread] p1a,p1b\n|-supereffective|p1b: Masquerain\n|-damage|p1a: Palossand|76\/100\n|-damage|p1b: Masquerain|43\/100\n|-unboost|p1a: Palossand|spe|1\n|-unboost|p1b: Masquerain|spe|1\n|-enditem|p1b: Masquerain|Red Card|[of] p2b: Iron Bundle\n|-end|p2b: Iron Bundle|Quark Drive|[silent]\n|drag|p2b: Gyarados|Gyarados, L50, M|100\/100\n|-ability|p2b: Gyarados|Intimidate|boost\n|-unboost|p1a: Palossand|atk|1\n|-unboost|p1b: Masquerain|atk|1\n|move|p2a: Slither Wing|U-turn|p1b: Masquerain\n|-resisted|p1b: Masquerain\n|-damage|p1b: Masquerain|13\/100\n|\n|t:|1682990097\n|-end|p2a: Slither Wing|Protosynthesis|[silent]\n|switch|p2a: Iron Bundle|Iron Bundle, L50|100\/100|[from] U-turn\n|move|p1a: Palossand|Curse|p2b: Gyarados\n|-start|p2b: Gyarados|Curse|[of] p1a: Palossand\n|-damage|p1a: Palossand|27\/100\n|\n|-damage|p2b: Gyarados|75\/100|[from] Curse\n|upkeep\n|turn|2\n|\n|t:|1682990115\n|switch|p1b: Meowscarada|Meowscarada, L50, F, shiny|100\/100\n|move|p2a: Iron Bundle|Icy Wind|p1b: Meowscarada|[spread] p1a,p1b\n|-supereffective|p1b: Meowscarada\n|-damage|p1a: Palossand|8\/100\n|-damage|p1b: Meowscarada|32\/100\n|-unboost|p1a: Palossand|spe|1\n|-unboost|p1b: Meowscarada|spe|1\n|move|p2b: Gyarados|Dragon Dance|p2b: Gyarados\n|-boost|p2b: Gyarados|atk|1\n|-boost|p2b: Gyarados|spe|1\n|move|p1a: Palossand|Shore Up|p1a: Palossand\n|-heal|p1a: Palossand|58\/100\n|\n|-damage|p2b: Gyarados|50\/100|[from] Curse\n|upkeep\n|-enditem|p2b: Gyarados|Sitrus Berry|[eat]\n|-heal|p2b: Gyarados|75\/100|[from] item: Sitrus Berry\n|turn|3\n|\n|t:|1682990145\n|switch|p1b: Masquerain|Masquerain, L50, F|13\/100\n|-ability|p1b: Masquerain|Intimidate|boost\n|-unboost|p2a: Iron Bundle|atk|1\n|-unboost|p2b: Gyarados|atk|1\n|move|p2a: Iron Bundle|Icy Wind|p1a: Palossand|[spread] p1a,p1b\n|-supereffective|p1b: Masquerain\n|-damage|p1a: Palossand|40\/100\n|-damage|p1b: Masquerain|0 fnt\n|-unboost|p1a: Palossand|spe|1\n|faint|p1b: Masquerain\n|move|p2b: Gyarados|Iron Head|p1a: Palossand\n|-damage|p1a: Palossand|30\/100\n|move|p1a: Palossand|Shore Up|p1a: Palossand\n|-heal|p1a: Palossand|80\/100\n|\n|-damage|p2b: Gyarados|50\/100|[from] Curse\n|upkeep\n|\n|t:|1682990161\n|switch|p1b: Meowscarada|Meowscarada, L50, F, shiny|32\/100\n|turn|4\n|\n|t:|1682990170\n|switch|p2b: Gardevoir|Gardevoir, L50, F|100\/100\n|move|p1b: Meowscarada|Flower Trick|p2a: Iron Bundle\n|-start|p1b: Meowscarada|typechange|Grass|[from] ability: Protean\n|-supereffective|p2a: Iron Bundle\n|-crit|p2a: Iron Bundle\n|-enditem|p2a: Iron Bundle|Focus Sash\n|-damage|p2a: Iron Bundle|1\/100\n|move|p2a: Iron Bundle|Icy Wind|p1a: Palossand|[spread] p1a\n|-miss|p2a: Iron Bundle|p1b: Meowscarada\n|-damage|p1a: Palossand|61\/100\n|-unboost|p1a: Palossand|spe|1\n|move|p1a: Palossand|Curse|p2a: Iron Bundle\n|-start|p2a: Iron Bundle|Curse|[of] p1a: Palossand\n|-damage|p1a: Palossand|11\/100\n|\n|-damage|p2a: Iron Bundle|0 fnt|[from] Curse\n|faint|p2a: Iron Bundle\n|-end|p2a: Iron Bundle|Quark Drive|[silent]\n|upkeep\n|\n|t:|1682990189\n|switch|p2a: Slither Wing|Slither Wing, L50|100\/100\n|turn|5\n|\n|t:|1682990197\n|move|p1b: Meowscarada|Flower Trick|p2b: Gardevoir\n|-crit|p2b: Gardevoir\n|-damage|p2b: Gardevoir|24\/100\n|move|p2a: Slither Wing|U-turn|p1b: Meowscarada\n|-supereffective|p1b: Meowscarada\n|-damage|p1b: Meowscarada|0 fnt\n|faint|p1b: Meowscarada\n|\n|t:|1682990205\n|-end|p2a: Slither Wing|Protosynthesis|[silent]\n|switch|p2a: Gyarados|Gyarados, L50, M|50\/100|[from] U-turn\n|-ability|p2a: Gyarados|Intimidate|boost\n|-unboost|p1a: Palossand|atk|1\n|move|p2b: Gardevoir|Psyshock|p1a: Palossand\n|-damage|p1a: Palossand|0 fnt\n|faint|p1a: Palossand\n|\n|-heal|p2b: Gardevoir|30\/100|[from] item: Leftovers\n|upkeep\n|\n|t:|1682990225\n|switch|p1b: Coalossal|Coalossal, L50, M, shiny|100\/100\n|turn|6\n|\n|t:|1682990237\n|move|p2a: Gyarados|Dragon Dance|p2a: Gyarados\n|-boost|p2a: Gyarados|atk|1\n|-boost|p2a: Gyarados|spe|1\n|move|p2b: Gardevoir|Thunder Wave|p1b: Coalossal\n|-status|p1b: Coalossal|par\n|move|p1b: Coalossal|Power Gem|p2a: Gyarados\n|-supereffective|p2a: Gyarados\n|-damage|p2a: Gyarados|0 fnt\n|faint|p2a: Gyarados\n|\n|-heal|p2b: Gardevoir|36\/100|[from] item: Leftovers\n|upkeep\n|\n|t:|1682990250\n|switch|p2a: Slither Wing|Slither Wing, L50|100\/100\n|turn|7\n|\n|t:|1682990267\n|move|p2a: Slither Wing|Earthquake|p1b: Coalossal|[spread] p1b\n|-activate|p2b: Gardevoir|ability: Telepathy\n|-supereffective|p1b: Coalossal\n|-damage|p1b: Coalossal|0 fnt\n|faint|p1b: Coalossal\n|\n|win|UltimoRyu\n|raw|tomate palta's rating: 1090 → 1068<\/strong> (-22 for losing)\n|raw|UltimoRyu's rating: 1105 → 1129<\/strong> (+24 for winning)\n|c|\u2606UltimoRyu|Gg\n|l| Dr.Weoncito\n|c|\u2606tomate palta|gg\n|l|\u2606tomate palta\n","uploadtime":1682990334,"views":16,"p1id":"tomatepalta","p2id":"ultimoryu","formatid":"gen9vgc2023regulationc","rating":1068,"private":0,"password":""}