{"id":"gen9vgc2023regulationc-1853256814","p1":"fatdaddymac","p2":"Alexis_student","format":"[Gen 9] VGC 2023 Regulation C","log":"|j|\u2606fatdaddymac\n|j|\u2606Alexis_student\n|t:|1682655949\n|gametype|doubles\n|player|p1|fatdaddymac|waiter-gen4|1096\n|player|p2|Alexis_student|1|1109\n|teamsize|p1|6\n|teamsize|p2|6\n|gen|9\n|tier|[Gen 9] VGC 2023 Regulation C\n|rated|\n|rule|Species Clause: Limit one of each Pok\u00e9mon\n|rule|Item Clause: Limit one of each item\n|clearpoke\n|poke|p1|Oricorio-Pom-Pom, L50, F|\n|poke|p1|Volcarona, L50, M|\n|poke|p1|Indeedee-F, L50, F|\n|poke|p1|Iron Hands, L50|\n|poke|p1|Grimmsnarl, L50, M|\n|poke|p1|Sableye, L50, M|\n|poke|p2|Amoonguss, L50, F|\n|poke|p2|Palafin, L50, M|\n|poke|p2|Arcanine, L50, M|\n|poke|p2|Flutter Mane, L50|\n|poke|p2|Baxcalibur, L50, F|\n|poke|p2|Ting-Lu, L50|\n|teampreview|4\n|\n|t:|1682655992\n|start\n|switch|p1a: Grimmsnarl|Grimmsnarl, L50, M, shiny|100\/100\n|switch|p1b: Volcarona|Volcarona, L50, M, shiny|100\/100\n|switch|p2a: Baxcalibur|Baxcalibur, L50, F|100\/100\n|switch|p2b: Arcanine|Arcanine, L50, M|100\/100\n|-ability|p2b: Arcanine|Intimidate|boost\n|-unboost|p1a: Grimmsnarl|atk|1\n|-unboost|p1b: Volcarona|atk|1\n|turn|1\n|\n|t:|1682656015\n|-terastallize|p1b: Volcarona|Fairy\n|-terastallize|p2a: Baxcalibur|Water\n|move|p1a: Grimmsnarl|Reflect|p1a: Grimmsnarl\n|-sidestart|p1: fatdaddymac|Reflect\n|move|p1b: Volcarona|Quiver Dance|p1b: Volcarona\n|-boost|p1b: Volcarona|spa|1\n|-boost|p1b: Volcarona|spd|1\n|-boost|p1b: Volcarona|spe|1\n|move|p2b: Arcanine|Howl|p2b: Arcanine|[spread] p2a,p2b\n|-boost|p2a: Baxcalibur|atk|1\n|-boost|p2b: Arcanine|atk|1\n|move|p2a: Baxcalibur|Glaive Rush|p1b: Volcarona\n|-immune|p1b: Volcarona\n|\n|upkeep\n|turn|2\n|\n|t:|1682656041\n|move|p1a: Grimmsnarl|Taunt|p2b: Arcanine\n|-start|p2b: Arcanine|move: Taunt\n|move|p1b: Volcarona|Giga Drain|p2a: Baxcalibur\n|-supereffective|p2a: Baxcalibur\n|-damage|p2a: Baxcalibur|23\/100\n|cant|p2b: Arcanine|move: Taunt|Howl\n|move|p2a: Baxcalibur|Icicle Crash|p1b: Volcarona\n|-damage|p1b: Volcarona|23\/100\n|-enditem|p1b: Volcarona|Sitrus Berry|[eat]\n|-heal|p1b: Volcarona|48\/100|[from] item: Sitrus Berry\n|\n|upkeep\n|turn|3\n|\n|t:|1682656064\n|move|p2a: Baxcalibur|Ice Shard|p1b: Volcarona\n|-damage|p1b: Volcarona|9\/100\n|move|p1a: Grimmsnarl|Parting Shot|p2a: Baxcalibur\n|-fail|p2a: Baxcalibur|unboost|[from] item: Clear Amulet|[of] p2a: Baxcalibur\n|move|p1b: Volcarona|Giga Drain|p2b: Arcanine\n|-resisted|p2b: Arcanine\n|-damage|p2b: Arcanine|80\/100\n|-heal|p1b: Volcarona|22\/100|[from] drain|[of] p2b: Arcanine\n|move|p2b: Arcanine|Flare Blitz|p1b: Volcarona\n|-damage|p1b: Volcarona|0 fnt\n|faint|p1b: Volcarona\n|-damage|p2b: Arcanine|74\/100|[from] Recoil\n|\n|upkeep\n|\n|t:|1682656080\n|switch|p1b: Oricorio|Oricorio-Pom-Pom, L50, F, shiny|100\/100\n|turn|4\n|\n|t:|1682656097\n|switch|p2b: Amoonguss|Amoonguss, L50, F|100\/100\n|move|p2a: Baxcalibur|Protect|p2a: Baxcalibur\n|-singleturn|p2a: Baxcalibur|Protect\n|move|p1a: Grimmsnarl|Light Screen|p1a: Grimmsnarl\n|-sidestart|p1: fatdaddymac|move: Light Screen\n|move|p1b: Oricorio|Revelation Dance|p2a: Baxcalibur\n|-activate|p2a: Baxcalibur|move: Protect\n|\n|upkeep\n|turn|5\n|\n|t:|1682656113\n|switch|p1b: Indeedee|Indeedee-F, L50, F, shiny|100\/100\n|move|p1a: Grimmsnarl|Taunt|p2b: Amoonguss\n|-start|p2b: Amoonguss|move: Taunt\n|move|p2a: Baxcalibur|Icicle Crash|p1b: Indeedee\n|-damage|p1b: Indeedee|42\/100\n|move|p2b: Amoonguss|Pollen Puff|p2a: Baxcalibur\n|-heal|p2a: Baxcalibur|72\/100\n|\n|-sideend|p1: fatdaddymac|Reflect\n|upkeep\n|turn|6\n|\n|t:|1682656135\n|switch|p2b: Arcanine|Arcanine, L50, M|74\/100\n|-ability|p2b: Arcanine|Intimidate|boost\n|-unboost|p1a: Grimmsnarl|atk|1\n|-unboost|p1b: Indeedee|atk|1\n|move|p1b: Indeedee|Fake Out|p2a: Baxcalibur\n|-damage|p2a: Baxcalibur|67\/100\n|move|p1a: Grimmsnarl|Parting Shot|p2b: Arcanine\n|-unboost|p2b: Arcanine|atk|1\n|-unboost|p2b: Arcanine|spa|1\n|\n|t:|1682656146\n|switch|p1a: Oricorio|Oricorio-Pom-Pom, L50, F, shiny|100\/100|[from] Parting Shot\n|cant|p2a: Baxcalibur|flinch\n|\n|upkeep\n|turn|7\n|\n|t:|1682656155\n|switch|p1b: Grimmsnarl|Grimmsnarl, L50, M, shiny|100\/100\n|move|p1a: Oricorio|Protect|p1a: Oricorio\n|-singleturn|p1a: Oricorio|Protect\n|move|p2b: Arcanine|Howl|p2b: Arcanine|[spread] p2a,p2b\n|-boost|p2a: Baxcalibur|atk|1\n|-boost|p2b: Arcanine|atk|1\n|move|p2a: Baxcalibur|Icicle Crash|p1a: Oricorio\n|-activate|p1a: Oricorio|move: Protect\n|\n|upkeep\n|turn|8\n|\n|t:|1682656181\n|move|p2a: Baxcalibur|Ice Shard|p1a: Oricorio\n|-supereffective|p1a: Oricorio\n|-damage|p1a: Oricorio|0 fnt\n|faint|p1a: Oricorio\n|move|p1b: Grimmsnarl|Reflect|p1b: Grimmsnarl\n|-sidestart|p1: fatdaddymac|Reflect\n|move|p2b: Arcanine|Flare Blitz|p1b: Grimmsnarl\n|-damage|p1b: Grimmsnarl|65\/100\n|-damage|p2b: Arcanine|63\/100|[from] Recoil\n|\n|-sideend|p1: fatdaddymac|move: Light Screen\n|upkeep\n|-message|fatdaddymac forfeited.\n|\n|win|Alexis_student\n|raw|fatdaddymac's rating: 1096 → 1073<\/strong> (-23 for losing)\n|raw|Alexis_student's rating: 1109 → 1133<\/strong> (+24 for winning)\n|player|p1|fatdaddymac|waiter-gen4\n","uploadtime":1682656195,"views":4,"p1id":"fatdaddymac","p2id":"alexisstudent","formatid":"gen9vgc2023regulationc","rating":1073,"private":0,"password":""}