{"id":"gen9vgc2023regulationc-1859937507","p1":"dantnty","p2":"Saber of Shinjuku","format":"[Gen 9] VGC 2023 Regulation C","log":"|j|\u2606dantnty\n|j|\u2606Saber of Shinjuku\n|t:|1683577421\n|gametype|doubles\n|player|p1|dantnty|blue|1143\n|player|p2|Saber of Shinjuku|1|1167\n|teamsize|p1|6\n|teamsize|p2|6\n|gen|9\n|tier|[Gen 9] VGC 2023 Regulation C\n|rated|\n|rule|Species Clause: Limit one of each Pok\u00e9mon\n|rule|Item Clause: Limit one of each item\n|clearpoke\n|poke|p1|Flutter Mane, L50|\n|poke|p1|Grimmsnarl, L50, M|\n|poke|p1|Gyarados, L50, M|\n|poke|p1|Oranguru, L50, M|\n|poke|p1|Orthworm, L50, M|\n|poke|p1|Ting-Lu, L50|\n|poke|p2|Gyarados, L50, M|\n|poke|p2|Maushold-Four, L50|\n|poke|p2|Ting-Lu, L50|\n|poke|p2|Flutter Mane, L50|\n|poke|p2|Chien-Pao, L50|\n|poke|p2|Dragonite, L50, M|\n|teampreview|4\n|\n|t:|1683577437\n|start\n|switch|p1a: Grimmsnarl|Grimmsnarl, L50, M, shiny|100\/100\n|switch|p1b: Orthworm|Orthworm, L50, M, shiny|100\/100\n|switch|p2a: Maushold|Maushold-Four, L50|100\/100\n|switch|p2b: Flutter Mane|Flutter Mane, L50|100\/100\n|-enditem|p2b: Flutter Mane|Booster Energy\n|-activate|p2b: Flutter Mane|ability: Protosynthesis|[fromitem]\n|-start|p2b: Flutter Mane|protosynthesisspe\n|turn|1\n|\n|t:|1683577465\n|move|p1a: Grimmsnarl|Fake Out|p2a: Maushold\n|-damage|p2a: Maushold|89\/100\n|move|p2b: Flutter Mane|Substitute|p2b: Flutter Mane\n|-start|p2b: Flutter Mane|Substitute\n|-damage|p2b: Flutter Mane|76\/100\n|cant|p2a: Maushold|flinch\n|move|p1b: Orthworm|Iron Head|p2b: Flutter Mane\n|-supereffective|p2b: Flutter Mane\n|-end|p2b: Flutter Mane|Substitute\n|\n|upkeep\n|turn|2\n|\n|t:|1683577484\n|move|p2a: Maushold|Follow Me|p2a: Maushold\n|-singleturn|p2a: Maushold|move: Follow Me\n|move|p1a: Grimmsnarl|Thunder Wave|p2a: Maushold\n|-status|p2a: Maushold|par\n|move|p2b: Flutter Mane|Dazzling Gleam|p1a: Grimmsnarl|[spread] p1a,p1b\n|-supereffective|p1a: Grimmsnarl\n|-enditem|p1a: Grimmsnarl|Roseli Berry|[eat]\n|-enditem|p1a: Grimmsnarl|Roseli Berry|[weaken]\n|-resisted|p1b: Orthworm\n|-damage|p1a: Grimmsnarl|70\/100\n|-damage|p1b: Orthworm|84\/100\n|move|p1b: Orthworm|Iron Head|p2a: Maushold\n|-damage|p2a: Maushold|62\/100 par\n|\n|upkeep\n|turn|3\n|\n|t:|1683577511\n|cant|p2a: Maushold|par\n|move|p1a: Grimmsnarl|Parting Shot|p2b: Flutter Mane\n|-unboost|p2b: Flutter Mane|atk|1\n|-unboost|p2b: Flutter Mane|spa|1\n|\n|t:|1683577517\n|switch|p1a: Ting-Lu|Ting-Lu, L50|100\/100|[from] Parting Shot\n|-ability|p1a: Ting-Lu|Vessel of Ruin\n|move|p2b: Flutter Mane|Substitute|p2b: Flutter Mane\n|-start|p2b: Flutter Mane|Substitute\n|-damage|p2b: Flutter Mane|51\/100\n|move|p1b: Orthworm|Shed Tail|p1b: Orthworm\n|-start|p1b: Orthworm|Substitute|[from] move: Shed Tail\n|-damage|p1b: Orthworm|34\/100\n|-enditem|p1b: Orthworm|Sitrus Berry|[eat]\n|-heal|p1b: Orthworm|59\/100|[from] item: Sitrus Berry\n|\n|t:|1683577535\n|switch|p1b: Grimmsnarl|Grimmsnarl, L50, M, shiny|70\/100|[from] Shed Tail\n|\n|upkeep\n|turn|4\n|\n|t:|1683577554\n|-terastallize|p1a: Ting-Lu|Poison\n|move|p2a: Maushold|Helping Hand|p2b: Flutter Mane\n|-singleturn|p2b: Flutter Mane|Helping Hand|[of] p2a: Maushold\n|move|p1b: Grimmsnarl|Fake Out|p2a: Maushold\n|-damage|p2a: Maushold|50\/100 par\n|move|p2b: Flutter Mane|Dazzling Gleam|p1b: Grimmsnarl|[spread] p1a,p1b\n|-supereffective|p1b: Grimmsnarl\n|-end|p1b: Grimmsnarl|Substitute\n|-resisted|p1a: Ting-Lu\n|-damage|p1a: Ting-Lu|93\/100\n|move|p1a: Ting-Lu|Rock Slide|p2b: Flutter Mane|[spread] p2a,p2b\n|-end|p2b: Flutter Mane|Substitute\n|-damage|p2a: Maushold|18\/100 par\n|\n|upkeep\n|turn|5\n|\n|t:|1683577581\n|move|p2a: Maushold|Helping Hand|p2b: Flutter Mane\n|-singleturn|p2b: Flutter Mane|Helping Hand|[of] p2a: Maushold\n|move|p1b: Grimmsnarl|Parting Shot|p2b: Flutter Mane\n|-unboost|p2b: Flutter Mane|atk|1\n|-unboost|p2b: Flutter Mane|spa|1\n|\n|t:|1683577587\n|switch|p1b: Orthworm|Orthworm, L50, M, shiny|59\/100|[from] Parting Shot\n|move|p2b: Flutter Mane|Dazzling Gleam|p1a: Ting-Lu|[spread] p1a,p1b\n|-resisted|p1a: Ting-Lu\n|-resisted|p1b: Orthworm\n|-damage|p1a: Ting-Lu|86\/100\n|-damage|p1b: Orthworm|50\/100\n|move|p1a: Ting-Lu|Rock Slide|p2b: Flutter Mane|[spread] p2a,p2b\n|-damage|p2a: Maushold|0 fnt\n|-damage|p2b: Flutter Mane|2\/100\n|faint|p2a: Maushold\n|\n|upkeep\n|\n|t:|1683577598\n|switch|p2a: Dragonite|Dragonite, L50, M|100\/100\n|turn|6\n|\n|t:|1683577606\n|move|p1b: Orthworm|Helping Hand|p1a: Ting-Lu\n|-singleturn|p1a: Ting-Lu|Helping Hand|[of] p1b: Orthworm\n|move|p2b: Flutter Mane|Mystical Fire|p1b: Orthworm\n|-supereffective|p1b: Orthworm\n|-damage|p1b: Orthworm|26\/100\n|-unboost|p1b: Orthworm|spa|1\n|move|p2a: Dragonite|Dragon Dance|p2a: Dragonite\n|-boost|p2a: Dragonite|atk|1\n|-boost|p2a: Dragonite|spe|1\n|move|p1a: Ting-Lu|Rock Slide|p2a: Dragonite|[spread] p2a,p2b\n|-supereffective|p2a: Dragonite\n|-damage|p2a: Dragonite|56\/100\n|-damage|p2b: Flutter Mane|0 fnt\n|faint|p2b: Flutter Mane\n|-end|p2b: Flutter Mane|Protosynthesis|[silent]\n|\n|upkeep\n|\n|t:|1683577613\n|switch|p2b: Chien-Pao|Chien-Pao, L50|100\/100\n|-ability|p2b: Chien-Pao|Sword of Ruin\n|turn|7\n|\n|t:|1683577626\n|move|p1b: Orthworm|Protect|p1b: Orthworm\n|-singleturn|p1b: Orthworm|Protect\n|move|p2b: Chien-Pao|Brick Break|p1b: Orthworm\n|-activate|p1b: Orthworm|move: Protect\n|move|p2a: Dragonite|Stomping Tantrum|p1a: Ting-Lu\n|-supereffective|p1a: Ting-Lu\n|-damage|p1a: Ting-Lu|17\/100\n|move|p1a: Ting-Lu|Rock Slide|p2a: Dragonite|[spread] p2a,p2b\n|-supereffective|p2a: Dragonite\n|-supereffective|p2b: Chien-Pao\n|-damage|p2a: Dragonite|0 fnt\n|-damage|p2b: Chien-Pao|23\/100\n|faint|p2a: Dragonite\n|\n|upkeep\n|turn|8\n|\n|t:|1683577643\n|move|p2b: Chien-Pao|Brick Break|p1b: Orthworm\n|-supereffective|p1b: Orthworm\n|-damage|p1b: Orthworm|0 fnt\n|faint|p1b: Orthworm\n|move|p1a: Ting-Lu|Rock Slide|p2b: Chien-Pao\n|-supereffective|p2b: Chien-Pao\n|-damage|p2b: Chien-Pao|0 fnt\n|faint|p2b: Chien-Pao\n|\n|win|dantnty\n|raw|dantnty's rating: 1143 → 1170<\/strong> (+27 for winning)\n|raw|Saber of Shinjuku's rating: 1167 → 1140<\/strong> (-27 for losing)\n|l|\u2606Saber of Shinjuku\n","uploadtime":1683577670,"views":10,"p1id":"dantnty","p2id":"saberofshinjuku","formatid":"gen9vgc2023regulationc","rating":1140,"private":0,"password":""}