{"id":"gen9vgc2023regulationc-1848317997","p1":"Dr_McKey","p2":"RedstoneNinja","format":"[Gen 9] VGC 2023 Regulation C","log":"|j|\u2606Dr_McKey\n|j|\u2606RedstoneNinja\n|t:|1682059520\n|gametype|doubles\n|player|p1|Dr_McKey|koga|1138\n|player|p2|RedstoneNinja|emmet-masters|1044\n|teamsize|p1|6\n|teamsize|p2|6\n|gen|9\n|tier|[Gen 9] VGC 2023 Regulation C\n|rated|\n|rule|Species Clause: Limit one of each Pok\u00e9mon\n|rule|Item Clause: Limit one of each item\n|clearpoke\n|poke|p1|Muk, L50, F|\n|poke|p1|Wo-Chien, L50|\n|poke|p1|Volcarona, L50, M|\n|poke|p1|Grimmsnarl, L50, M|\n|poke|p1|Amoonguss, L50, M|\n|poke|p1|Toxapex, L50, F|\n|poke|p2|Tatsugiri, L50, F|\n|poke|p2|Dondozo, L50, F|\n|poke|p2|Flamigo, L50, F|\n|poke|p2|Flutter Mane, L50|\n|poke|p2|Ting-Lu, L50|\n|poke|p2|Sableye, L50, F|\n|teampreview|4\n|\n|t:|1682059572\n|start\n|switch|p1a: Muk|Muk, L50, F, shiny|100\/100\n|switch|p1b: Grimmsnarl|Grimmsnarl, L50, M, shiny|100\/100\n|switch|p2a: Tatsugiri|Tatsugiri, L50, F, shiny|100\/100\n|switch|p2b: Flutter Mane|Flutter Mane, L50|100\/100\n|turn|1\n|\n|t:|1682059592\n|move|p1b: Grimmsnarl|Light Screen|p1b: Grimmsnarl\n|-sidestart|p1: Dr_McKey|move: Light Screen\n|move|p2b: Flutter Mane|Perish Song|p2b: Flutter Mane\n|-start|p1a: Muk|perish3|[silent]\n|-start|p1b: Grimmsnarl|perish3|[silent]\n|-start|p2a: Tatsugiri|perish3|[silent]\n|-start|p2b: Flutter Mane|perish3|[silent]\n|-fieldactivate|move: Perish Song\n|move|p2a: Tatsugiri|Draco Meteor|p1a: Muk\n|-damage|p1a: Muk|50\/100\n|-unboost|p2a: Tatsugiri|spa|2\n|move|p1a: Muk|Minimize|p1a: Muk\n|-boost|p1a: Muk|evasion|2\n|\n|-heal|p1a: Muk|56\/100|[from] item: Leftovers\n|-start|p2b: Flutter Mane|perish3\n|-start|p2a: Tatsugiri|perish3\n|-start|p1b: Grimmsnarl|perish3\n|-start|p1a: Muk|perish3\n|upkeep\n|turn|2\n|\n|t:|1682059641\n|-end|p2b: Flutter Mane|Protosynthesis|[silent]\n|switch|p2b: Dondozo|Dondozo, L50, F, shiny|100\/100\n|-activate|p2a: Tatsugiri|ability: Commander|[of] p2b: Dondozo\n|-boost|p2b: Dondozo|atk|2\n|-boost|p2b: Dondozo|spa|2\n|-boost|p2b: Dondozo|spe|2\n|-boost|p2b: Dondozo|def|2\n|-boost|p2b: Dondozo|spd|2\n|move|p1b: Grimmsnarl|Parting Shot|p2b: Dondozo\n|-fail|p2b: Dondozo|unboost|[from] item: Clear Amulet|[of] p2b: Dondozo\n|move|p1a: Muk|Toxic|p2b: Dondozo\n|-status|p2b: Dondozo|tox\n|\n|-heal|p1a: Muk|62\/100|[from] item: Leftovers\n|-damage|p2b: Dondozo|94\/100 tox|[from] psn\n|-start|p2a: Tatsugiri|perish2\n|-start|p1b: Grimmsnarl|perish2\n|-start|p1a: Muk|perish2\n|upkeep\n|turn|3\n|\n|t:|1682059675\n|move|p1a: Muk|Protect|p1a: Muk\n|-singleturn|p1a: Muk|Protect\n|move|p1b: Grimmsnarl|Reflect|p1b: Grimmsnarl\n|-sidestart|p1: Dr_McKey|Reflect\n|move|p2b: Dondozo|Rock Slide|p1a: Muk|[spread] p1b\n|-activate|p1a: Muk|move: Protect\n|-damage|p1b: Grimmsnarl|80\/100\n|\n|-heal|p1a: Muk|68\/100|[from] item: Leftovers\n|-damage|p2b: Dondozo|82\/100 tox|[from] psn\n|-start|p2a: Tatsugiri|perish1\n|-start|p1b: Grimmsnarl|perish1\n|-start|p1a: Muk|perish1\n|upkeep\n|turn|4\n|\n|t:|1682059694\n|switch|p1b: Toxapex|Toxapex, L50, F, shiny|100\/100\n|switch|p1a: Wo-Chien|Wo-Chien, L50|100\/100\n|-ability|p1a: Wo-Chien|Tablets of Ruin\n|move|p2b: Dondozo|Order Up|p1a: Wo-Chien\n|-damage|p1a: Wo-Chien|81\/100\n|-boost|p2b: Dondozo|atk|1\n|\n|-damage|p2b: Dondozo|63\/100 tox|[from] psn\n|-start|p2a: Tatsugiri|perish0\n|faint|p2a: Tatsugiri\n|upkeep\n|\n|t:|1682059707\n|switch|p2a: Sableye|Sableye, L50, F|100\/100\n|turn|5\n|\n|t:|1682059725\n|move|p2a: Sableye|Taunt|p1a: Wo-Chien\n|-hint|Since gen 7, Dark is immune to Prankster moves.\n|-immune|p1a: Wo-Chien\n|move|p2b: Dondozo|Order Up|p1a: Wo-Chien\n|-damage|p1a: Wo-Chien|58\/100\n|-boost|p2b: Dondozo|atk|1\n|move|p1a: Wo-Chien|Leech Seed|p2b: Dondozo|[miss]\n|-miss|p1a: Wo-Chien|p2b: Dondozo\n|move|p1b: Toxapex|Haze|p1b: Toxapex\n|-clearallboost\n|\n|-damage|p2b: Dondozo|38\/100 tox|[from] psn\n|upkeep\n|turn|6\n|\n|t:|1682059777\n|move|p2a: Sableye|Reflect|p2a: Sableye\n|-sidestart|p2: RedstoneNinja|Reflect\n|move|p1a: Wo-Chien|Giga Drain|p2b: Dondozo\n|-supereffective|p2b: Dondozo\n|-damage|p2b: Dondozo|0 fnt\n|-heal|p1a: Wo-Chien|80\/100|[from] drain|[of] p2b: Dondozo\n|faint|p2b: Dondozo\n|move|p1b: Toxapex|Toxic|p2a: Sableye\n|-status|p2a: Sableye|tox\n|\n|-damage|p2a: Sableye|95\/100 tox|[from] psn\n|upkeep\n|\n|t:|1682059782\n|switch|p2b: Flutter Mane|Flutter Mane, L50|100\/100\n|turn|7\n|\n|t:|1682059799\n|move|p2a: Sableye|Will-O-Wisp|p1a: Wo-Chien\n|-hint|Since gen 7, Dark is immune to Prankster moves.\n|-immune|p1a: Wo-Chien\n|move|p2b: Flutter Mane|Dazzling Gleam|p1b: Toxapex|[spread] p1a,p1b\n|-supereffective|p1a: Wo-Chien\n|-resisted|p1b: Toxapex\n|-damage|p1a: Wo-Chien|49\/100\n|-damage|p1b: Toxapex|92\/100\n|move|p1a: Wo-Chien|Leech Seed|p2b: Flutter Mane\n|-start|p2b: Flutter Mane|move: Leech Seed\n|move|p1b: Toxapex|Toxic|p2b: Flutter Mane\n|-status|p2b: Flutter Mane|tox\n|\n|-damage|p2b: Flutter Mane|88\/100 tox|[from] Leech Seed|[of] p1a: Wo-Chien\n|-heal|p1a: Wo-Chien|57\/100|[silent]\n|-damage|p2b: Flutter Mane|82\/100 tox|[from] psn\n|-damage|p2a: Sableye|83\/100 tox|[from] psn\n|upkeep\n|turn|8\n|\n|t:|1682059856\n|move|p2a: Sableye|Will-O-Wisp|p1b: Toxapex\n|-status|p1b: Toxapex|brn\n|move|p2b: Flutter Mane|Dazzling Gleam|p1a: Wo-Chien|[spread] p1a,p1b\n|-supereffective|p1a: Wo-Chien\n|-resisted|p1b: Toxapex\n|-damage|p1a: Wo-Chien|30\/100\n|-damage|p1b: Toxapex|83\/100 brn\n|move|p1a: Wo-Chien|Leech Seed|p2a: Sableye\n|-start|p2a: Sableye|move: Leech Seed\n|move|p1b: Toxapex|Chilling Water|p2b: Flutter Mane\n|-damage|p2b: Flutter Mane|70\/100 tox\n|-unboost|p2b: Flutter Mane|atk|1\n|\n|-damage|p2b: Flutter Mane|58\/100 tox|[from] Leech Seed|[of] p1a: Wo-Chien\n|-heal|p1a: Wo-Chien|38\/100|[silent]\n|-damage|p2a: Sableye|71\/100 tox|[from] Leech Seed|[of] p1a: Wo-Chien\n|-heal|p1a: Wo-Chien|48\/100|[silent]\n|-damage|p2b: Flutter Mane|46\/100 tox|[from] psn\n|-damage|p2a: Sableye|54\/100 tox|[from] psn\n|-damage|p1b: Toxapex|78\/100 brn|[from] brn\n|-sideend|p1: Dr_McKey|move: Light Screen\n|upkeep\n|turn|9\n|\n|t:|1682059920\n|move|p1a: Wo-Chien|Protect|p1a: Wo-Chien\n|-singleturn|p1a: Wo-Chien|Protect\n|move|p2a: Sableye|Quash|p1b: Toxapex\n|-activate|p1b: Toxapex|move: Quash\n|move|p2b: Flutter Mane|Dazzling Gleam|p1a: Wo-Chien|[spread] p1b\n|-activate|p1a: Wo-Chien|move: Protect\n|-resisted|p1b: Toxapex\n|-damage|p1b: Toxapex|63\/100 brn\n|move|p1b: Toxapex|Chilling Water|p2b: Flutter Mane\n|-damage|p2b: Flutter Mane|34\/100 tox\n|-unboost|p2b: Flutter Mane|atk|1\n|\n|-damage|p2b: Flutter Mane|22\/100 tox|[from] Leech Seed|[of] p1a: Wo-Chien\n|-heal|p1a: Wo-Chien|56\/100|[silent]\n|-damage|p2a: Sableye|42\/100 tox|[from] Leech Seed|[of] p1a: Wo-Chien\n|-heal|p1a: Wo-Chien|66\/100|[silent]\n|-damage|p2b: Flutter Mane|4\/100 tox|[from] psn\n|-damage|p2a: Sableye|19\/100 tox|[from] psn\n|-damage|p1b: Toxapex|57\/100 brn|[from] brn\n|upkeep\n|turn|10\n|\n|t:|1682059945\n|move|p2a: Sableye|Quash|p1b: Toxapex\n|-activate|p1b: Toxapex|move: Quash\n|move|p2b: Flutter Mane|Dazzling Gleam|p1a: Wo-Chien|[spread] p1a,p1b\n|-supereffective|p1a: Wo-Chien\n|-resisted|p1b: Toxapex\n|-damage|p1a: Wo-Chien|18\/100\n|-damage|p1b: Toxapex|44\/100 brn\n|-enditem|p1a: Wo-Chien|Iapapa Berry|[eat]\n|-heal|p1a: Wo-Chien|52\/100|[from] item: Iapapa Berry\n|move|p1a: Wo-Chien|Giga Drain|p2a: Sableye\n|-damage|p2a: Sableye|0 fnt\n|-heal|p1a: Wo-Chien|59\/100|[from] drain|[of] p2a: Sableye\n|faint|p2a: Sableye\n|move|p1b: Toxapex|Recover|p1b: Toxapex\n|-heal|p1b: Toxapex|94\/100 brn\n|\n|-damage|p2b: Flutter Mane|0 fnt|[from] Leech Seed|[of] p1a: Wo-Chien\n|-heal|p1a: Wo-Chien|61\/100|[silent]\n|faint|p2b: Flutter Mane\n|-end|p2b: Flutter Mane|Protosynthesis|[silent]\n|\n|win|Dr_McKey\n|upkeep\n|raw|Dr_McKey's rating: 1138 → 1156<\/strong> (+18 for winning)\n|raw|RedstoneNinja's rating: 1044 → 1032<\/strong> (-12 for losing)\n","uploadtime":1682059970,"views":6,"p1id":"drmckey","p2id":"redstoneninja","formatid":"gen9vgc2023regulationc","rating":1032,"private":0,"password":""}