{"id":"gen9vgc2023regulationc-1860049649","p1":"Sitheris","p2":"LobsterLiveGaming","format":"[Gen 9] VGC 2023 Regulation C","log":"|j|\u2606Sitheris\n|j|\u2606LobsterLiveGaming\n|t:|1683589287\n|gametype|doubles\n|player|p1|Sitheris|266|1091\n|player|p2|LobsterLiveGaming|darach-caitlin|1152\n|teamsize|p1|6\n|teamsize|p2|6\n|gen|9\n|tier|[Gen 9] VGC 2023 Regulation C\n|rated|\n|rule|Species Clause: Limit one of each Pok\u00e9mon\n|rule|Item Clause: Limit one of each item\n|clearpoke\n|poke|p1|Scizor, L50, F|\n|poke|p1|Palafin, L50, F|\n|poke|p1|Arcanine, L50, M|\n|poke|p1|Annihilape, L50, F|\n|poke|p1|Chien-Pao, L50|\n|poke|p1|Maushold-Four, L50|\n|poke|p2|Chi-Yu, L50|\n|poke|p2|Gastrodon-East, L50, F|\n|poke|p2|Pelipper, L50, F|\n|poke|p2|Drednaw, L50, F|\n|poke|p2|Flutter Mane, L50|\n|poke|p2|Amoonguss, L50, F|\n|teampreview|4\n|inactive|Battle timer is ON: inactive players will automatically lose when time's up. (requested by LobsterLiveGaming)\n|inactive|LobsterLiveGaming has 60 seconds left.\n|\n|t:|1683589323\n|start\n|switch|p1a: Palafin|Palafin, L50, F|100\/100\n|switch|p1b: Chien-Pao|Chien-Pao, L50|100\/100\n|switch|p2a: Gastrodon|Gastrodon-East, L50, F|100\/100\n|switch|p2b: Chi-Yu|Chi-Yu, L50|100\/100\n|-ability|p1b: Chien-Pao|Sword of Ruin\n|-ability|p2b: Chi-Yu|Beads of Ruin\n|turn|1\n|\n|t:|1683589345\n|detailschange|p1a: Palafin|Palafin-Hero, L50, F\n|switch|p1a: Arcanine|Arcanine, L50, M|100\/100\n|-ability|p1a: Arcanine|Intimidate|boost\n|-unboost|p2a: Gastrodon|atk|1\n|-unboost|p2b: Chi-Yu|atk|1\n|move|p1b: Chien-Pao|Protect|p1b: Chien-Pao\n|-singleturn|p1b: Chien-Pao|Protect\n|move|p2b: Chi-Yu|Protect|p2b: Chi-Yu\n|-singleturn|p2b: Chi-Yu|Protect\n|move|p2a: Gastrodon|Muddy Water|p1a: Arcanine|[spread] p1a\n|-activate|p1b: Chien-Pao|move: Protect\n|-supereffective|p1a: Arcanine\n|-damage|p1a: Arcanine|20\/100\n|-unboost|p1a: Arcanine|accuracy|1\n|-enditem|p1a: Arcanine|Sitrus Berry|[eat]\n|-heal|p1a: Arcanine|45\/100|[from] item: Sitrus Berry\n|\n|upkeep\n|turn|2\n|inactive|LobsterLiveGaming has 30 seconds left.\n|\n|t:|1683589377\n|switch|p2b: Amoonguss|Amoonguss, L50, F|100\/100\n|move|p1a: Arcanine|Extreme Speed|p2b: Amoonguss\n|-damage|p2b: Amoonguss|76\/100\n|-damage|p1a: Arcanine|29\/100|[from] item: Rocky Helmet|[of] p2b: Amoonguss\n|move|p1b: Chien-Pao|Throat Chop|p2a: Gastrodon\n|-damage|p2a: Gastrodon|57\/100\n|-start|p2a: Gastrodon|Throat Chop|[silent]\n|move|p2a: Gastrodon|Earth Power|p1a: Arcanine\n|-supereffective|p1a: Arcanine\n|-damage|p1a: Arcanine|0 fnt\n|faint|p1a: Arcanine\n|\n|upkeep\n|\n|t:|1683589393\n|switch|p1a: Palafin|Palafin-Hero, L50, F|100\/100\n|-activate|p1a: Palafin|ability: Zero to Hero\n|turn|3\n|\n|t:|1683589398\n|move|p1b: Chien-Pao|Ice Spinner|p2b: Amoonguss\n|-supereffective|p2b: Amoonguss\n|-damage|p2b: Amoonguss|0 fnt\n|-damage|p1b: Chien-Pao|84\/100|[from] item: Rocky Helmet|[of] p2b: Amoonguss\n|faint|p2b: Amoonguss\n|move|p1a: Palafin|Drain Punch|p2a: Gastrodon\n|-damage|p2a: Gastrodon|0 fnt\n|faint|p2a: Gastrodon\n|\n|upkeep\n|\n|t:|1683589403\n|switch|p2a: Flutter Mane|Flutter Mane, L50|100\/100\n|switch|p2b: Chi-Yu|Chi-Yu, L50|100\/100\n|-ability|p2b: Chi-Yu|Beads of Ruin\n|-enditem|p2a: Flutter Mane|Booster Energy\n|-activate|p2a: Flutter Mane|ability: Protosynthesis|[fromitem]\n|-start|p2a: Flutter Mane|protosynthesisspe\n|turn|4\n|\n|t:|1683589420\n|-terastallize|p2b: Chi-Yu|Water\n|move|p2a: Flutter Mane|Thunder|p1a: Palafin|[miss]\n|-miss|p2a: Flutter Mane|p1a: Palafin\n|move|p1b: Chien-Pao|Throat Chop|p2a: Flutter Mane\n|-damage|p2a: Flutter Mane|0 fnt\n|faint|p2a: Flutter Mane\n|-end|p2a: Flutter Mane|Protosynthesis|[silent]\n|move|p2b: Chi-Yu|Heat Wave|p1a: Palafin|[spread] p1a,p1b\n|-resisted|p1a: Palafin\n|-supereffective|p1b: Chien-Pao\n|-damage|p1a: Palafin|67\/100\n|-damage|p1b: Chien-Pao|0 fnt\n|faint|p1b: Chien-Pao\n|-damage|p2b: Chi-Yu|90\/100|[from] item: Life Orb\n|move|p1a: Palafin|Drain Punch|p2b: Chi-Yu\n|-damage|p2b: Chi-Yu|7\/100\n|-heal|p1a: Palafin|93\/100|[from] drain|[of] p2b: Chi-Yu\n|\n|upkeep\n|\n|t:|1683589434\n|switch|p1b: Annihilape|Annihilape, L50, F|100\/100\n|turn|5\n|\n|t:|1683589439\n|move|p1b: Annihilape|Rage Fist|p2b: Chi-Yu\n|-damage|p2b: Chi-Yu|0 fnt\n|faint|p2b: Chi-Yu\n|-damage|p1b: Annihilape|91\/100|[from] item: Life Orb\n|\n|win|Sitheris\n|raw|Sitheris's rating: 1091 → 1122<\/strong> (+31 for winning)\n|raw|LobsterLiveGaming's rating: 1152 → 1123<\/strong> (-29 for losing)\n","uploadtime":1683589447,"views":11,"p1id":"sitheris","p2id":"lobsterlivegaming","formatid":"gen9vgc2023regulationc","rating":1122,"private":0,"password":""}